{"id":"gen9nationaldex-1996004099","p1":"a245873wl","p2":"sgt_kalimba","format":"[Gen 9] National Dex","log":"|html|<div class=\"broadcast-blue\"><strong>[Gen 9] National Dex is currently suspecting Sneasler! For information on how to participate check out the <a href=\"https:\/\/www.smogon.com\/forums\/threads\/sv-national-dex-suspect-8-just-dance.3731534\/\">suspect thread<\/a>.<\/strong><\/div>\n|j|\u2606a245873wl\n|j|\u2606sgt_kalimba\n|t:|1700628027\n|gametype|singles\n|player|p1|a245873wl|dawn|1753\n|player|p2|sgt_kalimba|backersf|1987\n|teamsize|p1|6\n|teamsize|p2|6\n|gen|9\n|tier|[Gen 9] National Dex\n|rated|\n|rule|HP Percentage Mod: HP is shown in percentages\n|rule|Endless Battle Clause: Forcing endless battles is banned\n|rule|OHKO Clause: OHKO moves are banned\n|rule|Evasion Clause: Evasion abilities, items, and moves are banned\n|rule|Evasion Abilities Clause: Evasion abilities are banned\n|rule|Evasion Items Clause: Evasion items are banned\n|rule|Evasion Moves Clause: Evasion moves are banned\n|rule|Species Clause: Limit one of each Pok\u00e9mon\n|rule|Sleep Clause Mod: Limit one foe put to sleep\n|clearpoke\n|poke|p1|Ting-Lu|\n|poke|p1|Tapu Lele|\n|poke|p1|Ogerpon-Cornerstone, F|\n|poke|p1|Aegislash, F|\n|poke|p1|Maushold|\n|poke|p1|Iron Valiant|\n|poke|p2|Tapu Fini|\n|poke|p2|Volcarona, F|\n|poke|p2|Rillaboom, M|\n|poke|p2|Sneasler, F|\n|poke|p2|Tapu Lele|\n|poke|p2|Manaphy|\n|teampreview\n|inactive|Battle timer is ON: inactive players will automatically lose when time's up. (requested by sgt_kalimba)\n|\n|t:|1700628044\n|start\n|switch|p1a: Ogerpon|Ogerpon-Cornerstone, F|100\/100\n|switch|p2a: Volcarona|Volcarona, F|100\/100\n|turn|1\n|\n|t:|1700628059\n|switch|p2a: Rillaboom|Rillaboom, M|100\/100\n|-fieldstart|move: Grassy Terrain|[from] ability: Grassy Surge|[of] p2a: Rillaboom\n|move|p1a: Ogerpon|Swords Dance|p1a: Ogerpon\n|-boost|p1a: Ogerpon|atk|2\n|\n|upkeep\n|turn|2\n|j| zhiyinge\n|inactive|sgt_kalimba has 120 seconds left.\n|\n|t:|1700628106\n|move|p1a: Ogerpon|Knock Off|p2a: Rillaboom\n|-damage|p2a: Rillaboom|14\/100\n|-enditem|p2a: Rillaboom|Choice Band|[from] move: Knock Off|[of] p1a: Ogerpon\n|move|p2a: Rillaboom|U-turn|p1a: Ogerpon\n|-supereffective|p1a: Ogerpon\n|-damage|p1a: Ogerpon|31\/100\n|\n|t:|1700628112\n|switch|p2a: Sneasler|Sneasler, F|100\/100|[from] U-turn\n|-enditem|p2a: Sneasler|Grassy Seed\n|-boost|p2a: Sneasler|def|1|[from] item: Grassy Seed\n|\n|-heal|p1a: Ogerpon|37\/100|[from] Grassy Terrain\n|upkeep\n|turn|3\n|\n|t:|1700628120\n|switch|p1a: Aegislash|Aegislash, F|100\/100\n|move|p2a: Sneasler|Close Combat|p1a: Aegislash\n|-immune|p1a: Aegislash\n|\n|upkeep\n|turn|4\n|\n|t:|1700628128\n|move|p2a: Sneasler|Swords Dance|p2a: Sneasler\n|-boost|p2a: Sneasler|atk|2\n|-formechange|p1a: Aegislash|Aegislash-Blade||[from] ability: Stance Change\n|move|p1a: Aegislash|Shadow Ball|p2a: Sneasler\n|-damage|p2a: Sneasler|40\/100\n|\n|-heal|p2a: Sneasler|46\/100|[from] Grassy Terrain\n|upkeep\n|turn|5\n|\n|t:|1700628139\n|-formechange|p1a: Aegislash|Aegislash||[from] ability: Stance Change\n|move|p1a: Aegislash|King's Shield|p1a: Aegislash\n|-singleturn|p1a: Aegislash|Protect\n|move|p2a: Sneasler|Acrobatics|p1a: Aegislash\n|-activate|p1a: Aegislash|move: Protect\n|-unboost|p2a: Sneasler|atk|1\n|\n|-heal|p2a: Sneasler|52\/100|[from] Grassy Terrain\n|-fieldend|move: Grassy Terrain\n|upkeep\n|turn|6\n|\n|t:|1700628151\n|move|p2a: Sneasler|Acrobatics|p1a: Aegislash\n|-resisted|p1a: Aegislash\n|-damage|p1a: Aegislash|75\/100\n|-formechange|p1a: Aegislash|Aegislash-Blade||[from] ability: Stance Change\n|move|p1a: Aegislash|Shadow Ball|p2a: Sneasler\n|-damage|p2a: Sneasler|0 fnt\n|faint|p2a: Sneasler\n|\n|-heal|p1a: Aegislash|82\/100|[from] item: Leftovers\n|upkeep\n|\n|t:|1700628158\n|switch|p2a: Tapu Fini|Tapu Fini|100\/100\n|-fieldstart|move: Misty Terrain|[from] ability: Misty Surge|[of] p2a: Tapu Fini\n|turn|7\n|\n|t:|1700628173\n|switch|p2a: Manaphy|Manaphy|100\/100\n|move|p1a: Aegislash|Shadow Ball|p2a: Manaphy\n|-damage|p2a: Manaphy|56\/100\n|\n|-heal|p1a: Aegislash|88\/100|[from] item: Leftovers\n|upkeep\n|turn|8\n|\n|t:|1700628182\n|move|p2a: Manaphy|Tail Glow|p2a: Manaphy\n|-boost|p2a: Manaphy|spa|3\n|move|p1a: Aegislash|Shadow Ball|p2a: Manaphy\n|-damage|p2a: Manaphy|8\/100\n|\n|-heal|p1a: Aegislash|94\/100|[from] item: Leftovers\n|upkeep\n|turn|9\n|\n|t:|1700628191\n|move|p1a: Aegislash|Shadow Sneak|p2a: Manaphy\n|-damage|p2a: Manaphy|0 fnt\n|faint|p2a: Manaphy\n|\n|-heal|p1a: Aegislash|99\/100|[from] item: Leftovers\n|upkeep\n|\n|t:|1700628198\n|switch|p2a: Volcarona|Volcarona, F|100\/100\n|turn|10\n|\n|t:|1700628203\n|switch|p1a: Ting-Lu|Ting-Lu|100\/100\n|-ability|p1a: Ting-Lu|Vessel of Ruin\n|move|p2a: Volcarona|Quiver Dance|p2a: Volcarona\n|-boost|p2a: Volcarona|spa|1\n|-boost|p2a: Volcarona|spd|1\n|-boost|p2a: Volcarona|spe|1\n|\n|upkeep\n|turn|11\n|j| busjla\n|\n|t:|1700628214\n|move|p2a: Volcarona|Fiery Dance|p1a: Ting-Lu\n|-damage|p1a: Ting-Lu|77\/100\n|-boost|p2a: Volcarona|spa|1\n|move|p1a: Ting-Lu|Whirlwind|p2a: Volcarona\n|drag|p2a: Rillaboom|Rillaboom, M|14\/100\n|-fieldstart|move: Grassy Terrain|[from] ability: Grassy Surge|[of] p2a: Rillaboom\n|\n|-heal|p2a: Rillaboom|20\/100|[from] Grassy Terrain\n|-heal|p1a: Ting-Lu|83\/100|[from] Grassy Terrain\n|-heal|p1a: Ting-Lu|90\/100|[from] item: Leftovers\n|upkeep\n|turn|12\n|\n|t:|1700628231\n|switch|p1a: Aegislash|Aegislash, F|99\/100\n|move|p2a: Rillaboom|Wood Hammer|p1a: Aegislash\n|-resisted|p1a: Aegislash\n|-crit|p1a: Aegislash\n|-damage|p1a: Aegislash|50\/100\n|-damage|p2a: Rillaboom|5\/100|[from] Recoil\n|\n|-heal|p2a: Rillaboom|11\/100|[from] Grassy Terrain\n|-heal|p1a: Aegislash|56\/100|[from] Grassy Terrain\n|-heal|p1a: Aegislash|62\/100|[from] item: Leftovers\n|upkeep\n|turn|13\n|j| KoKoual\n|\n|t:|1700628244\n|-formechange|p1a: Aegislash|Aegislash-Blade||[from] ability: Stance Change\n|move|p1a: Aegislash|Shadow Sneak|p2a: Rillaboom\n|-damage|p2a: Rillaboom|0 fnt\n|faint|p2a: Rillaboom\n|\n|-heal|p1a: Aegislash|68\/100|[from] Grassy Terrain\n|-heal|p1a: Aegislash|75\/100|[from] item: Leftovers\n|upkeep\n|\n|t:|1700628252\n|switch|p2a: Volcarona|Volcarona, F|100\/100\n|turn|14\n|\n|t:|1700628256\n|switch|p1a: Ting-Lu|Ting-Lu|90\/100\n|-ability|p1a: Ting-Lu|Vessel of Ruin\n|move|p2a: Volcarona|Quiver Dance|p2a: Volcarona\n|-boost|p2a: Volcarona|spa|1\n|-boost|p2a: Volcarona|spd|1\n|-boost|p2a: Volcarona|spe|1\n|\n|-heal|p1a: Ting-Lu|96\/100|[from] Grassy Terrain\n|-heal|p1a: Ting-Lu|100\/100|[from] item: Leftovers\n|upkeep\n|turn|15\n|\n|t:|1700628269\n|move|p2a: Volcarona|Giga Drain|p1a: Ting-Lu\n|-supereffective|p1a: Ting-Lu\n|-damage|p1a: Ting-Lu|64\/100\n|move|p1a: Ting-Lu|Whirlwind|p2a: Volcarona\n|drag|p2a: Tapu Lele|Tapu Lele|100\/100\n|-fieldstart|move: Psychic Terrain|[from] ability: Psychic Surge|[of] p2a: Tapu Lele\n|\n|-heal|p1a: Ting-Lu|70\/100|[from] item: Leftovers\n|upkeep\n|turn|16\n|\n|t:|1700628279\n|move|p2a: Tapu Lele|Moonblast|p1a: Ting-Lu\n|-supereffective|p1a: Ting-Lu\n|-damage|p1a: Ting-Lu|4\/100\n|move|p1a: Ting-Lu|Earthquake|p2a: Tapu Lele\n|-damage|p2a: Tapu Lele|46\/100\n|\n|-heal|p1a: Ting-Lu|10\/100|[from] item: Leftovers\n|upkeep\n|turn|17\n|\n|t:|1700628288\n|move|p2a: Tapu Lele|Moonblast|p1a: Ting-Lu\n|-supereffective|p1a: Ting-Lu\n|-damage|p1a: Ting-Lu|0 fnt\n|faint|p1a: Ting-Lu\n|\n|upkeep\n|\n|t:|1700628295\n|switch|p1a: Ogerpon|Ogerpon-Cornerstone, F|37\/100\n|turn|18\n|\n|t:|1700628299\n|move|p1a: Ogerpon|Ivy Cudgel|p2a: Tapu Lele|[anim] Ivy Cudgel Rock\n|-crit|p2a: Tapu Lele\n|-damage|p2a: Tapu Lele|0 fnt\n|faint|p2a: Tapu Lele\n|\n|upkeep\n|\n|t:|1700628303\n|switch|p2a: Volcarona|Volcarona, F|100\/100\n|turn|19\n|\n|t:|1700628308\n|-terastallize|p2a: Volcarona|Grass\n|move|p1a: Ogerpon|Knock Off|p2a: Volcarona\n|-damage|p2a: Volcarona|65\/100\n|-enditem|p2a: Volcarona|Heavy-Duty Boots|[from] move: Knock Off|[of] p1a: Ogerpon\n|move|p2a: Volcarona|Quiver Dance|p2a: Volcarona\n|-boost|p2a: Volcarona|spa|1\n|-boost|p2a: Volcarona|spd|1\n|-boost|p2a: Volcarona|spe|1\n|\n|-fieldend|move: Psychic Terrain\n|upkeep\n|turn|20\n|\n|t:|1700628321\n|move|p2a: Volcarona|Giga Drain|p1a: Ogerpon\n|-damage|p1a: Ogerpon|0 fnt\n|-heal|p2a: Volcarona|80\/100|[from] drain|[of] p1a: Ogerpon\n|faint|p1a: Ogerpon\n|\n|upkeep\n|\n|t:|1700628329\n|switch|p1a: Iron Valiant|Iron Valiant|100\/100\n|turn|21\n|\n|t:|1700628339\n|move|p1a: Iron Valiant|Close Combat|p2a: Volcarona\n|-damage|p2a: Volcarona|29\/100\n|-unboost|p1a: Iron Valiant|def|1\n|-unboost|p1a: Iron Valiant|spd|1\n|move|p2a: Volcarona|Fiery Dance|p1a: Iron Valiant\n|-damage|p1a: Iron Valiant|0 fnt\n|faint|p1a: Iron Valiant\n|-end|p1a: Iron Valiant|Quark Drive|[silent]\n|\n|upkeep\n|\n|t:|1700628355\n|switch|p1a: Aegislash|Aegislash, F|75\/100\n|turn|22\n|\n|t:|1700628364\n|-terastallize|p1a: Aegislash|Fighting\n|move|p2a: Volcarona|Roost|p2a: Volcarona\n|-heal|p2a: Volcarona|79\/100\n|-formechange|p1a: Aegislash|Aegislash-Blade||[from] ability: Stance Change\n|move|p1a: Aegislash|Close Combat|p2a: Volcarona\n|-damage|p2a: Volcarona|27\/100\n|-unboost|p1a: Aegislash|def|1\n|-unboost|p1a: Aegislash|spd|1\n|\n|-heal|p1a: Aegislash|81\/100|[from] item: Leftovers\n|upkeep\n|turn|23\n|\n|t:|1700628384\n|-formechange|p1a: Aegislash|Aegislash||[from] ability: Stance Change\n|move|p1a: Aegislash|King's Shield|p1a: Aegislash\n|-singleturn|p1a: Aegislash|Protect\n|move|p2a: Volcarona|Roost|p2a: Volcarona\n|-heal|p2a: Volcarona|77\/100\n|\n|-heal|p1a: Aegislash|87\/100|[from] item: Leftovers\n|upkeep\n|turn|24\n|\n|t:|1700628395\n|move|p2a: Volcarona|Giga Drain|p1a: Aegislash\n|-damage|p1a: Aegislash|29\/100\n|-heal|p2a: Volcarona|100\/100|[from] drain|[of] p1a: Aegislash\n|-formechange|p1a: Aegislash|Aegislash-Blade||[from] ability: Stance Change\n|move|p1a: Aegislash|Close Combat|p2a: Volcarona\n|-damage|p2a: Volcarona|54\/100\n|-unboost|p1a: Aegislash|def|1\n|-unboost|p1a: Aegislash|spd|1\n|\n|-heal|p1a: Aegislash|35\/100|[from] item: Leftovers\n|upkeep\n|turn|25\n|\n|t:|1700628407\n|move|p2a: Volcarona|Roost|p2a: Volcarona\n|-heal|p2a: Volcarona|100\/100\n|move|p1a: Aegislash|Close Combat|p2a: Volcarona\n|-damage|p2a: Volcarona|48\/100\n|-unboost|p1a: Aegislash|def|1\n|-unboost|p1a: Aegislash|spd|1\n|\n|-heal|p1a: Aegislash|41\/100|[from] item: Leftovers\n|upkeep\n|turn|26\n|\n|t:|1700628418\n|move|p2a: Volcarona|Roost|p2a: Volcarona\n|-heal|p2a: Volcarona|98\/100\n|move|p1a: Aegislash|Close Combat|p2a: Volcarona\n|-damage|p2a: Volcarona|50\/100\n|-unboost|p1a: Aegislash|def|1\n|-unboost|p1a: Aegislash|spd|1\n|\n|-heal|p1a: Aegislash|47\/100|[from] item: Leftovers\n|upkeep\n|turn|27\n|\n|t:|1700628428\n|move|p2a: Volcarona|Giga Drain|p1a: Aegislash\n|-damage|p1a: Aegislash|0 fnt\n|-heal|p2a: Volcarona|70\/100|[from] drain|[of] p1a: Aegislash\n|faint|p1a: Aegislash\n|\n|upkeep\n|\n|t:|1700628434\n|switch|p1a: Tapu Lele|Tapu Lele|100\/100\n|-fieldstart|move: Psychic Terrain|[from] ability: Psychic Surge|[of] p1a: Tapu Lele\n|turn|28\n|\n|t:|1700628442\n|move|p2a: Volcarona|Giga Drain|p1a: Tapu Lele\n|-damage|p1a: Tapu Lele|46\/100\n|-heal|p2a: Volcarona|91\/100|[from] drain|[of] p1a: Tapu Lele\n|-zpower|p1a: Tapu Lele\n|move|p1a: Tapu Lele|Shattered Psyche|p2a: Volcarona|[zeffect]\n|-damage|p2a: Volcarona|17\/100\n|\n|upkeep\n|turn|29\n|\n|t:|1700628456\n|move|p2a: Volcarona|Fiery Dance|p1a: Tapu Lele\n|-damage|p1a: Tapu Lele|0 fnt\n|faint|p1a: Tapu Lele\n|\n|upkeep\n|\n|t:|1700628462\n|switch|p1a: Maushold|Maushold|100\/100\n|turn|30\n|\n|t:|1700628466\n|move|p2a: Volcarona|Fiery Dance|p1a: Maushold\n|-damage|p1a: Maushold|26\/100\n|-boost|p2a: Volcarona|spa|1\n|move|p1a: Maushold|Tidy Up|p1a: Maushold\n|-boost|p1a: Maushold|atk|1\n|-boost|p1a: Maushold|spe|1\n|\n|upkeep\n|turn|31\n|\n|t:|1700628476\n|move|p1a: Maushold|Population Bomb|p2a: Volcarona\n|-crit|p2a: Volcarona\n|-damage|p2a: Volcarona|0 fnt\n|faint|p2a: Volcarona\n|-hitcount|p2: Volcarona|1\n|\n|upkeep\n|\n|t:|1700628480\n|switch|p2a: Tapu Fini|Tapu Fini|100\/100\n|-fieldstart|move: Misty Terrain|[from] ability: Misty Surge|[of] p2a: Tapu Fini\n|turn|32\n|\n|t:|1700628487\n|move|p1a: Maushold|Population Bomb|p2a: Tapu Fini\n|-damage|p2a: Tapu Fini|88\/100\n|-damage|p2a: Tapu Fini|75\/100\n|-crit|p2a: Tapu Fini\n|-damage|p2a: Tapu Fini|54\/100\n|-damage|p2a: Tapu Fini|41\/100\n|-damage|p2a: Tapu Fini|29\/100\n|-damage|p2a: Tapu Fini|17\/100\n|-damage|p2a: Tapu Fini|6\/100\n|-damage|p2a: Tapu Fini|0 fnt\n|faint|p2a: Tapu Fini\n|-hitcount|p2: Tapu Fini|8\n|\n|win|a245873wl\n|raw|a245873wl's rating: 1729 &rarr; <strong>1762<\/strong><br \/>(+33 for winning)\n|raw|sgt_kalimba's rating: 1987 &rarr; <strong>1954<\/strong><br \/>(-33 for losing)\n|l|\u2606sgt_kalimba\n","uploadtime":1700628502,"views":0,"p1id":"a245873wl","p2id":"sgtkalimba","formatid":"gen9nationaldex","rating":1762,"private":0,"password":""}