{"id":"gen9nationaldex-2000536876","p1":"AdoRich","p2":"Enderffs","format":"[Gen 9] National Dex","log":"|html|<div class=\"broadcast-blue\"><strong>[Gen 9] National Dex is currently suspecting Sneasler! For information on how to participate check out the <a href=\"https:\/\/www.smogon.com\/forums\/threads\/sv-national-dex-suspect-8-just-dance.3731534\/\">suspect thread<\/a>.<\/strong><\/div>\n|j|\u2606AdoRich\n|j|\u2606Enderffs\n|t:|1701203266\n|gametype|singles\n|player|p1|AdoRich|170|1145\n|player|p2|Enderffs|ghetsis|1130\n|teamsize|p1|6\n|teamsize|p2|6\n|gen|9\n|tier|[Gen 9] National Dex\n|rated|\n|rule|HP Percentage Mod: HP is shown in percentages\n|rule|Endless Battle Clause: Forcing endless battles is banned\n|rule|OHKO Clause: OHKO moves are banned\n|rule|Evasion Clause: Evasion abilities, items, and moves are banned\n|rule|Evasion Abilities Clause: Evasion abilities are banned\n|rule|Evasion Items Clause: Evasion items are banned\n|rule|Evasion Moves Clause: Evasion moves are banned\n|rule|Species Clause: Limit one of each Pok\u00e9mon\n|rule|Sleep Clause Mod: Limit one foe put to sleep\n|clearpoke\n|poke|p1|Ninetales-Alola, F|\n|poke|p1|Gyarados, M|\n|poke|p1|Charizard, M|\n|poke|p1|Weavile, M|\n|poke|p1|Garchomp, M|\n|poke|p1|Volcarona, M|\n|poke|p2|Scolipede, M|\n|poke|p2|Staraptor, M|\n|poke|p2|Chandelure, F|\n|poke|p2|Diancie|\n|poke|p2|Hydreigon, F|\n|poke|p2|Aggron, M|\n|teampreview\n|\n|t:|1701203274\n|start\n|switch|p1a: Ninetales|Ninetales-Alola, F|100\/100\n|switch|p2a: Scolipede|Scolipede, M|100\/100\n|-weather|Snow|[from] ability: Snow Warning|[of] p1a: Ninetales\n|turn|1\n|\n|t:|1701203284\n|move|p1a: Ninetales|Calm Mind|p1a: Ninetales\n|-boost|p1a: Ninetales|spa|1\n|-boost|p1a: Ninetales|spd|1\n|move|p2a: Scolipede|Swords Dance|p2a: Scolipede\n|-boost|p2a: Scolipede|atk|2\n|\n|-weather|Snow|[upkeep]\n|-ability|p2a: Scolipede|Speed Boost|boost\n|-boost|p2a: Scolipede|spe|1\n|upkeep\n|turn|2\n|\n|t:|1701203293\n|-terastallize|p2a: Scolipede|Poison\n|move|p2a: Scolipede|Poison Jab|p1a: Ninetales\n|-supereffective|p1a: Ninetales\n|-damage|p1a: Ninetales|0 fnt\n|faint|p1a: Ninetales\n|\n|-weather|Snow|[upkeep]\n|-ability|p2a: Scolipede|Speed Boost|boost\n|-boost|p2a: Scolipede|spe|1\n|upkeep\n|\n|t:|1701203309\n|switch|p1a: Garchomp|Garchomp, M|100\/100\n|turn|3\n|\n|t:|1701203319\n|move|p2a: Scolipede|Megahorn|p1a: Garchomp\n|-damage|p1a: Garchomp|0 fnt\n|-damage|p2a: Scolipede|88\/100|[from] ability: Rough Skin|[of] p1a: Garchomp\n|-damage|p2a: Scolipede|72\/100|[from] item: Rocky Helmet|[of] p1a: Garchomp\n|faint|p1a: Garchomp\n|\n|-weather|Snow|[upkeep]\n|-ability|p2a: Scolipede|Speed Boost|boost\n|-boost|p2a: Scolipede|spe|1\n|upkeep\n|\n|t:|1701203335\n|switch|p1a: Weavile|Weavile, M|100\/100\n|-ability|p1a: Weavile|Pressure\n|turn|4\n|\n|t:|1701203368\n|move|p2a: Scolipede|Megahorn|p1a: Weavile\n|-supereffective|p1a: Weavile\n|-damage|p1a: Weavile|0 fnt\n|faint|p1a: Weavile\n|\n|-weather|Snow|[upkeep]\n|-ability|p2a: Scolipede|Speed Boost|boost\n|-boost|p2a: Scolipede|spe|1\n|upkeep\n|\n|t:|1701203377\n|switch|p1a: Gyarados|Gyarados, M|100\/100\n|turn|5\n|\n|t:|1701203383\n|move|p2a: Scolipede|Poison Jab|p1a: Gyarados\n|-damage|p1a: Gyarados|0 fnt\n|faint|p1a: Gyarados\n|\n|-weather|none\n|-ability|p2a: Scolipede|Speed Boost|boost\n|-boost|p2a: Scolipede|spe|1\n|upkeep\n|\n|t:|1701203391\n|switch|p1a: Charizard|Charizard, M|100\/100\n|turn|6\n|\n|t:|1701203396\n|detailschange|p1a: Charizard|Charizard-Mega-Y, M\n|-mega|p1a: Charizard|Charizard|Charizardite Y\n|-weather|SunnyDay|[from] ability: Drought|[of] p1a: Charizard\n|move|p2a: Scolipede|Poison Jab|p1a: Charizard\n|-damage|p1a: Charizard|0 fnt\n|faint|p1a: Charizard\n|\n|-weather|SunnyDay|[upkeep]\n|-ability|p2a: Scolipede|Speed Boost|boost\n|-boost|p2a: Scolipede|spe|1\n|upkeep\n|\n|t:|1701203406\n|switch|p1a: Volcarona|Volcarona, M|100\/100\n|turn|7\n|\n|t:|1701203412\n|move|p2a: Scolipede|Earthquake|p1a: Volcarona\n|-damage|p1a: Volcarona|0 fnt\n|faint|p1a: Volcarona\n|\n|win|Enderffs\n|raw|AdoRich's rating: 1145 &rarr; <strong>1119<\/strong><br \/>(-26 for losing)\n|raw|Enderffs's rating: 1130 &rarr; <strong>1156<\/strong><br \/>(+26 for winning)\n|c|\u2606Enderffs|ggwp\n|l|\u2606AdoRich\n","uploadtime":1701203422,"views":18,"p1id":"adorich","p2id":"enderffs","formatid":"gen9nationaldex","rating":1119,"private":0,"password":""}