{"id":"gen9nationaldex-1998415703","p1":"ndsnez monikaa","p2":"The power of ROCK","format":"[Gen 9] National Dex","log":"|html|<div class=\"broadcast-blue\"><strong>[Gen 9] National Dex is currently suspecting Sneasler! For information on how to participate check out the <a href=\"https:\/\/www.smogon.com\/forums\/threads\/sv-national-dex-suspect-8-just-dance.3731534\/\">suspect thread<\/a>.<\/strong><\/div>\n|j|\u2606ndsnez monikaa\n|j|\u2606The power of ROCK\n|inactive|Battle timer is ON: inactive players will automatically lose when time's up.\n|t:|1700939817\n|gametype|singles\n|player|p1|ndsnez monikaa|hexmaniac-gen6|\n|player|p2|The power of ROCK|roark|\n|teamsize|p1|6\n|teamsize|p2|6\n|gen|9\n|tier|[Gen 9] National Dex\n|rated|Tournament battle\n|rule|HP Percentage Mod: HP is shown in percentages\n|rule|Endless Battle Clause: Forcing endless battles is banned\n|rule|OHKO Clause: OHKO moves are banned\n|rule|Evasion Clause: Evasion abilities, items, and moves are banned\n|rule|Evasion Abilities Clause: Evasion abilities are banned\n|rule|Evasion Items Clause: Evasion items are banned\n|rule|Evasion Moves Clause: Evasion moves are banned\n|rule|Species Clause: Limit one of each Pok\u00e9mon\n|rule|Sleep Clause Mod: Limit one foe put to sleep\n|clearpoke\n|poke|p1|Gardevoir, F|\n|poke|p1|Garchomp, F|\n|poke|p1|Bisharp, F|\n|poke|p1|Serperior, F|\n|poke|p1|Ribombee, M|\n|poke|p1|Ditto|\n|poke|p2|Tyranitar, F|\n|poke|p2|Garganacl, F|\n|poke|p2|Aggron, M|\n|poke|p2|Glimmora, F|\n|poke|p2|Stakataka|\n|poke|p2|Rampardos, F|\n|teampreview\n|inactive|ndsnez monikaa also wants the timer to be on.\n|j| XXMurdrXX\n|c|\u2606The power of ROCK|Welcome to the ROCK gym\n|c|\u2606ndsnez monikaa|nah wtf\n|c|\u2606ndsnez monikaa|rampardos\n|c|\u2606The power of ROCK|he's a good boi\n|\n|t:|1700939843\n|start\n|switch|p1a: Beellistic|Ribombee, M|100\/100\n|switch|p2a: Garganacl|Garganacl, F|100\/100\n|turn|1\n|j|@hidin\n|\n|t:|1700939848\n|move|p1a: Beellistic|Skill Swap|p2a: Garganacl\n|-activate|p1a: Beellistic|move: Skill Swap|Purifying Salt|Shield Dust|[of] p2a: Garganacl\n|move|p2a: Garganacl|Iron Defense|p2a: Garganacl\n|-boost|p2a: Garganacl|def|2\n|\n|upkeep\n|turn|2\n|c|\u2606ndsnez monikaa|time to use the forbidden art of had\n|j| loch2009\n|c|\u2606ndsnez monikaa|hax\n|\n|t:|1700939878\n|switch|p2a: Tyranitar|Tyranitar, F|100\/100\n|-weather|Sandstorm|[from] ability: Sand Stream|[of] p2a: Tyranitar\n|move|p1a: Beellistic|Stun Spore|p2a: Tyranitar|[miss]\n|-miss|p1a: Beellistic|p2a: Tyranitar\n|\n|-weather|Sandstorm|[upkeep]\n|-damage|p1a: Beellistic|94\/100|[from] Sandstorm\n|upkeep\n|turn|3\n|c| loch2009|rock\n|c|\u2606The power of ROCK|hi\n|c| loch2009|hi\n|inactive|The power of ROCK has 120 seconds left.\n|c|\u2606The power of ROCK|lol\n|\n|t:|1700939898\n|move|p1a: Beellistic|Stun Spore|p2a: Tyranitar|[miss]\n|-miss|p1a: Beellistic|p2a: Tyranitar\n|move|p2a: Tyranitar|Rock Blast|p1a: Beellistic\n|-supereffective|p1a: Beellistic\n|-damage|p1a: Beellistic|49\/100\n|-supereffective|p1a: Beellistic\n|-damage|p1a: Beellistic|9\/100\n|-hitcount|p1a: Beellistic|2\n|\n|-weather|Sandstorm|[upkeep]\n|-damage|p1a: Beellistic|3\/100|[from] Sandstorm\n|upkeep\n|turn|4\n|inactive|The power of ROCK has 120 seconds left.\n|\n|t:|1700939908\n|switch|p2a: Garganacl|Garganacl, F|100\/100\n|move|p1a: Beellistic|Stun Spore|p2a: Garganacl|[miss]\n|-miss|p1a: Beellistic|p2a: Garganacl\n|\n|-weather|Sandstorm|[upkeep]\n|-damage|p1a: Beellistic|0 fnt|[from] Sandstorm\n|faint|p1a: Beellistic\n|upkeep\n|c|\u2606ndsnez monikaa|ok I'm getting haxxed\n|c|\u2606The power of ROCK|seems i have plot armour today\n|\n|t:|1700939918\n|switch|p1a: IXIA|Gardevoir, F|100\/100\n|-ability|p1a: IXIA|Purifying Salt|[from] ability: Trace|[of] p2a: Garganacl\n|turn|5\n|\n|t:|1700939923\n|switch|p2a: Glimmora|Glimmora, F|100\/100\n|detailschange|p1a: IXIA|Gardevoir-Mega, F\n|-mega|p1a: IXIA|Gardevoir|Gardevoirite\n|move|p1a: IXIA|Taunt|p2a: Glimmora\n|-start|p2a: Glimmora|move: Taunt\n|\n|-weather|Sandstorm|[upkeep]\n|-damage|p1a: IXIA|94\/100|[from] Sandstorm\n|upkeep\n|turn|6\n|c|\u2606ndsnez monikaa|that's it\n|\n|t:|1700939932\n|move|p2a: Glimmora|Sludge Wave|p1a: IXIA\n|-supereffective|p1a: IXIA\n|-damage|p1a: IXIA|0 fnt\n|faint|p1a: IXIA\n|\n|-weather|none\n|upkeep\n|c|\u2606ndsnez monikaa|wtf\n|c|\u2606ndsnez monikaa|why is that scarfed\n|\n|t:|1700939946\n|switch|p1a: Hurtcore|Garchomp, F|100\/100\n|turn|7\n|c|\u2606ndsnez monikaa|what are you cooking\n|\n|t:|1700939964\n|switch|p2a: Stakataka|Stakataka|100\/100\n|move|p1a: Hurtcore|Swords Dance|p1a: Hurtcore\n|-boost|p1a: Hurtcore|atk|2\n|\n|upkeep\n|turn|8\n|c|\u2606The power of ROCK|don't scale shot me bro\n|c|\u2606ndsnez monikaa|u gonna Tera flying\n|c|\u2606The power of ROCK|noooooo\n|\n|t:|1700939984\n|move|p1a: Hurtcore|Earthquake|p2a: Stakataka\n|-supereffective|p2a: Stakataka\n|-enditem|p2a: Stakataka|Focus Sash\n|-damage|p2a: Stakataka|1\/100\n|move|p2a: Stakataka|Trick Room|p2a: Stakataka\n|-fieldstart|move: Trick Room|[of] p2a: Stakataka\n|\n|upkeep\n|turn|9\n|c|\u2606The power of ROCK|i would never\n|\n|t:|1700939989\n|move|p2a: Stakataka|Gyro Ball|p1a: Hurtcore\n|-damage|p1a: Hurtcore|20\/100\n|-damage|p2a: Stakataka|0 fnt|[from] ability: Rough Skin|[of] p1a: Hurtcore\n|faint|p2a: Stakataka\n|move|p1a: Hurtcore|Scale Shot|p2: Stakataka|[notarget]\n|-fail|p1a: Hurtcore\n|\n|upkeep\n|\n|t:|1700939994\n|switch|p2a: Rampardos|Rampardos, F|100\/100\n|-ability|p2a: Rampardos|Mold Breaker\n|turn|10\n|c| XXMurdrXX|u ded\n|c|\u2606The power of ROCK|ok you are about to experience unholy damage\n|\n|t:|1700940014\n|-zpower|p2a: Rampardos\n|move|p2a: Rampardos|Continental Crush|p1a: Hurtcore|[zeffect]\n|-resisted|p1a: Hurtcore\n|-damage|p1a: Hurtcore|0 fnt\n|faint|p1a: Hurtcore\n|\n|upkeep\n|c|\u2606ndsnez monikaa|nah, I'd win\n|\n|t:|1700940022\n|switch|p1a: Arimaki|Bisharp, F|100\/100\n|turn|11\n|\n|t:|1700940027\n|move|p2a: Rampardos|Superpower|p1a: Arimaki\n|-supereffective|p1a: Arimaki\n|-damage|p1a: Arimaki|0 fnt\n|-unboost|p2a: Rampardos|atk|1\n|-unboost|p2a: Rampardos|def|1\n|faint|p1a: Arimaki\n|\n|upkeep\n|c|\u2606ndsnez monikaa|ok\n|\n|t:|1700940038\n|switch|p1a: Frank|Serperior, F|100\/100\n|turn|12\n|j| leona misa\n|c|\u2606The power of ROCK|even at -1\n|\n|t:|1700940047\n|move|p2a: Rampardos|Head Smash|p1a: Frank\n|-damage|p1a: Frank|28\/100\n|-damage|p2a: Rampardos|64\/100|[from] Recoil\n|move|p1a: Frank|Leaf Storm|p2a: Rampardos|[miss]\n|-miss|p1a: Frank|p2a: Rampardos\n|\n|-heal|p1a: Frank|35\/100|[from] item: Leftovers\n|-fieldend|move: Trick Room\n|upkeep\n|turn|13\n|\n|t:|1700940056\n|move|p1a: Frank|Leaf Storm|p2a: Rampardos\n|-supereffective|p2a: Rampardos\n|-damage|p2a: Rampardos|0 fnt\n|-boost|p1a: Frank|spa|2\n|faint|p2a: Rampardos\n|\n|-heal|p1a: Frank|41\/100|[from] item: Leftovers\n|upkeep\n|c|\u2606ndsnez monikaa|fantastic\n|\n|t:|1700940058\n|switch|p2a: Glimmora|Glimmora, F|100\/100\n|turn|14\n|\n|t:|1700940064\n|switch|p1a: dingus|Ditto|100\/100\n|-transform|p1a: dingus|p2a: Glimmora|[from] ability: Imposter\n|move|p2a: Glimmora|Sludge Wave|p1a: dingus\n|-resisted|p1a: dingus\n|-damage|p1a: dingus|83\/100\n|\n|upkeep\n|turn|15\n|c|\u2606ndsnez monikaa|death\n|\n|t:|1700940073\n|switch|p2a: Garganacl|Garganacl, F|100\/100\n|move|p1a: dingus|Earth Power|p2a: Garganacl\n|-supereffective|p2a: Garganacl\n|-damage|p2a: Garganacl|63\/100\n|-enditem|p2a: Garganacl|Maranga Berry|[eat]\n|-boost|p2a: Garganacl|spd|1|[from] item: Maranga Berry\n|\n|upkeep\n|turn|16\n|\n|t:|1700940081\n|-terastallize|p2a: Garganacl|Ghost\n|move|p1a: dingus|Earth Power|p2a: Garganacl\n|-damage|p2a: Garganacl|49\/100\n|move|p2a: Garganacl|Iron Defense|p2a: Garganacl\n|-boost|p2a: Garganacl|def|2\n|\n|upkeep\n|turn|17\n|\n|t:|1700940085\n|switch|p1a: Frank|Serperior, F|41\/100\n|move|p2a: Garganacl|Recover|p2a: Garganacl\n|-heal|p2a: Garganacl|99\/100\n|\n|-heal|p1a: Frank|47\/100|[from] item: Leftovers\n|upkeep\n|turn|18\n|c| XXMurdrXX|uno reverse\n|\n|t:|1700940092\n|move|p1a: Frank|Leaf Storm|p2a: Garganacl\n|-damage|p2a: Garganacl|83\/100\n|-boost|p1a: Frank|spa|2\n|move|p2a: Garganacl|Body Press|p1a: Frank\n|-damage|p1a: Frank|0 fnt\n|faint|p1a: Frank\n|\n|upkeep\n|\n|t:|1700940095\n|switch|p1a: dingus|Ditto|83\/100\n|-transform|p1a: dingus|p2a: Garganacl|[from] ability: Imposter\n|-start|p1a: dingus|typechange|Rock|[silent]\n|turn|19\n|c|\u2606ndsnez monikaa|all hax\n|l|@hidin\n|c|\u2606The power of ROCK|yeah i got plot armour today\n|\n|t:|1700940112\n|-terastallize|p1a: dingus|Steel\n|move|p1a: dingus|Salt Cure|p2a: Garganacl\n|-damage|p2a: Garganacl|78\/100\n|-start|p2a: Garganacl|Salt Cure\n|move|p2a: Garganacl|Salt Cure|p1a: dingus\n|-resisted|p1a: dingus\n|-damage|p1a: dingus|80\/100\n|-start|p1a: dingus|Salt Cure\n|\n|-damage|p1a: dingus|55\/100|[from] Salt Cure\n|-damage|p2a: Garganacl|66\/100|[from] Salt Cure\n|upkeep\n|turn|20\n|c|\u2606The power of ROCK|3 stun spore misses in a row\n|\n|t:|1700940121\n|switch|p2a: Glimmora|Glimmora, F|100\/100\n|move|p1a: dingus|Salt Cure|p2a: Glimmora\n|-damage|p2a: Glimmora|85\/100\n|-start|p2a: Glimmora|Salt Cure\n|-activate|p2a: Glimmora|ability: Toxic Debris\n|-sidestart|p1: ndsnez monikaa|move: Toxic Spikes\n|\n|-damage|p2a: Glimmora|72\/100|[from] Salt Cure\n|-damage|p1a: dingus|31\/100|[from] Salt Cure\n|upkeep\n|turn|21\n|\n|t:|1700940127\n|move|p2a: Glimmora|Earth Power|p1a: dingus\n|-supereffective|p1a: dingus\n|-damage|p1a: dingus|0 fnt\n|faint|p1a: dingus\n|\n|win|The power of ROCK\n|n|\u2606ndsnez monikaa|ndsnezmonikaa\n|n|\u2606The power of ROCK|thepowerofrock\n|n| XXMurdrXX|xxmurdrxx\n|n| loch2009|loch2009\n|n| leona misa|leonamisa\n|c|\u2606ndsnez monikaa|haxxed\n|c|\u2606The power of ROCK|yep\n|l|\u2606ndsnez monikaa\n|c|\u2606The power of ROCK|sorry\n","uploadtime":1700940143,"views":5,"p1id":"ndsnezmonikaa","p2id":"thepowerofrock","formatid":"gen9nationaldex","rating":0,"private":0,"password":""}