{"id":"gen9nationaldex-1986971146","p1":"The Rotom Family","p2":"ArrozDoce01","format":"[Gen 9] National Dex","log":"|j|\u203dThe Rotom Family\n|j|\u2606ArrozDoce01\n|t:|1699545522\n|gametype|singles\n|player|p1|The Rotom Family|pokekid|1190\n|player|p2|ArrozDoce01|acetrainer-gen4dp|1130\n|teamsize|p1|6\n|teamsize|p2|6\n|gen|9\n|tier|[Gen 9] National Dex\n|rated|\n|rule|HP Percentage Mod: HP is shown in percentages\n|rule|Endless Battle Clause: Forcing endless battles is banned\n|rule|OHKO Clause: OHKO moves are banned\n|rule|Evasion Clause: Evasion abilities, items, and moves are banned\n|rule|Evasion Abilities Clause: Evasion abilities are banned\n|rule|Evasion Items Clause: Evasion items are banned\n|rule|Evasion Moves Clause: Evasion moves are banned\n|rule|Species Clause: Limit one of each Pok\u00e9mon\n|rule|Sleep Clause Mod: Limit one foe put to sleep\n|clearpoke\n|poke|p1|Infernape, M|\n|poke|p1|Ninetales-Alola, M|\n|poke|p1|Great Tusk|\n|poke|p1|Glimmora, F|\n|poke|p1|Dragonite, M|\n|poke|p1|Scizor, M|\n|poke|p2|Lopunny, M|\n|poke|p2|Weavile, F|\n|poke|p2|Glimmora, M|\n|poke|p2|Toxapex, M|\n|poke|p2|Gliscor, M|\n|poke|p2|Clefable, F|\n|teampreview\n|\n|t:|1699545543\n|start\n|switch|p1a: Ninetales|Ninetales-Alola, M|100\/100\n|switch|p2a: Glimmora|Glimmora, M, shiny|100\/100\n|-weather|Snow|[from] ability: Snow Warning|[of] p1a: Ninetales\n|turn|1\n|\n|t:|1699545562\n|move|p1a: Ninetales|Aurora Veil|p1a: Ninetales\n|-sidestart|p1: The Rotom Family|move: Aurora Veil\n|move|p2a: Glimmora|Stealth Rock|p1a: Ninetales\n|-sidestart|p1: The Rotom Family|move: Stealth Rock\n|\n|-weather|Snow|[upkeep]\n|upkeep\n|turn|2\n|\n|t:|1699545572\n|switch|p1a: Great Tusk|Great Tusk|100\/100\n|move|p2a: Glimmora|Toxic|p1a: Great Tusk\n|-status|p1a: Great Tusk|tox\n|\n|-weather|Snow|[upkeep]\n|-damage|p1a: Great Tusk|94\/100 tox|[from] psn\n|upkeep\n|turn|3\n|\n|t:|1699545579\n|move|p2a: Glimmora|Spiky Shield|p2a: Glimmora\n|-singleturn|p2a: Glimmora|move: Protect\n|move|p1a: Great Tusk|Rapid Spin|p2a: Glimmora\n|-activate|p2a: Glimmora|move: Protect\n|-damage|p1a: Great Tusk|82\/100 tox|[from] Spiky Shield|[of] p2a: Glimmora\n|\n|-weather|Snow|[upkeep]\n|-damage|p1a: Great Tusk|69\/100 tox|[from] psn\n|upkeep\n|turn|4\n|\n|t:|1699545588\n|move|p1a: Great Tusk|Rapid Spin|p2a: Glimmora\n|-resisted|p2a: Glimmora\n|-damage|p2a: Glimmora|91\/100\n|-boost|p1a: Great Tusk|spe|1\n|-activate|p2a: Glimmora|ability: Toxic Debris\n|-sidestart|p1: The Rotom Family|move: Toxic Spikes\n|-sideend|p1: The Rotom Family|Toxic Spikes|[from] move: Rapid Spin|[of] p1a: Great Tusk\n|-sideend|p1: The Rotom Family|Stealth Rock|[from] move: Rapid Spin|[of] p1a: Great Tusk\n|move|p2a: Glimmora|Stealth Rock|p1a: Great Tusk\n|-sidestart|p1: The Rotom Family|move: Stealth Rock\n|\n|-weather|Snow|[upkeep]\n|-damage|p1a: Great Tusk|51\/100 tox|[from] psn\n|upkeep\n|turn|5\n|\n|t:|1699545598\n|move|p2a: Glimmora|Spiky Shield|p2a: Glimmora\n|-singleturn|p2a: Glimmora|move: Protect\n|move|p1a: Great Tusk|Bulk Up|p1a: Great Tusk\n|-boost|p1a: Great Tusk|atk|1\n|-boost|p1a: Great Tusk|def|1\n|\n|-weather|none\n|-damage|p1a: Great Tusk|26\/100 tox|[from] psn\n|-sideend|p1: The Rotom Family|move: Aurora Veil\n|upkeep\n|turn|6\n|\n|t:|1699545609\n|move|p1a: Great Tusk|Rapid Spin|p2a: Glimmora\n|-resisted|p2a: Glimmora\n|-damage|p2a: Glimmora|76\/100\n|-boost|p1a: Great Tusk|spe|1\n|-activate|p2a: Glimmora|ability: Toxic Debris\n|-sidestart|p1: The Rotom Family|move: Toxic Spikes\n|-sideend|p1: The Rotom Family|Toxic Spikes|[from] move: Rapid Spin|[of] p1a: Great Tusk\n|-sideend|p1: The Rotom Family|Stealth Rock|[from] move: Rapid Spin|[of] p1a: Great Tusk\n|move|p2a: Glimmora|Earth Power|p1a: Great Tusk\n|-damage|p1a: Great Tusk|0 fnt\n|faint|p1a: Great Tusk\n|-end|p1a: Great Tusk|Protosynthesis|[silent]\n|\n|upkeep\n|\n|t:|1699545628\n|switch|p1a: Glimmora|Glimmora, F|100\/100\n|turn|7\n|\n|t:|1699545634\n|move|p1a: Glimmora|Flash Cannon|p2a: Glimmora\n|-supereffective|p2a: Glimmora\n|-damage|p2a: Glimmora|16\/100\n|move|p2a: Glimmora|Stealth Rock|p1a: Glimmora\n|-sidestart|p1: The Rotom Family|move: Stealth Rock\n|\n|upkeep\n|turn|8\n|\n|t:|1699545641\n|move|p2a: Glimmora|Spiky Shield|p2a: Glimmora\n|-singleturn|p2a: Glimmora|move: Protect\n|move|p1a: Glimmora|Mortal Spin|p2a: Glimmora\n|-activate|p2a: Glimmora|move: Protect\n|-damage|p1a: Glimmora|88\/100|[from] Spiky Shield|[of] p2a: Glimmora\n|\n|upkeep\n|turn|9\n|\n|t:|1699545647\n|move|p1a: Glimmora|Mortal Spin|p2a: Glimmora\n|-resisted|p2a: Glimmora\n|-damage|p2a: Glimmora|15\/100\n|-activate|p2a: Glimmora|ability: Toxic Debris\n|-sidestart|p1: The Rotom Family|move: Toxic Spikes\n|-sideend|p1: The Rotom Family|Toxic Spikes|[from] move: Mortal Spin|[of] p1a: Glimmora\n|-sideend|p1: The Rotom Family|Stealth Rock|[from] move: Mortal Spin|[of] p1a: Glimmora\n|move|p2a: Glimmora|Earth Power|p1a: Glimmora\n|-supereffective|p1a: Glimmora\n|-damage|p1a: Glimmora|0 fnt\n|faint|p1a: Glimmora\n|\n|upkeep\n|\n|t:|1699545656\n|switch|p1a: Ninetales|Ninetales-Alola, M|100\/100\n|-weather|Snow|[from] ability: Snow Warning|[of] p1a: Ninetales\n|turn|10\n|\n|t:|1699545667\n|move|p1a: Ninetales|Chilling Water|p2a: Glimmora\n|-supereffective|p2a: Glimmora\n|-damage|p2a: Glimmora|0 fnt\n|faint|p2a: Glimmora\n|\n|-weather|Snow|[upkeep]\n|upkeep\n|\n|t:|1699545680\n|switch|p2a: Clefable|Clefable, F, shiny|100\/100\n|turn|11\n|\n|t:|1699545685\n|move|p1a: Ninetales|Aurora Veil|p1a: Ninetales\n|-sidestart|p1: The Rotom Family|move: Aurora Veil\n|move|p2a: Clefable|Calm Mind|p2a: Clefable\n|-boost|p2a: Clefable|spa|1\n|-boost|p2a: Clefable|spd|1\n|\n|-weather|Snow|[upkeep]\n|upkeep\n|turn|12\n|\n|t:|1699545691\n|switch|p1a: Infernape|Infernape, M|100\/100\n|move|p2a: Clefable|Calm Mind|p2a: Clefable\n|-boost|p2a: Clefable|spa|1\n|-boost|p2a: Clefable|spd|1\n|\n|-weather|Snow|[upkeep]\n|upkeep\n|turn|13\n|\n|t:|1699545702\n|-terastallize|p1a: Infernape|Fire\n|move|p1a: Infernape|Focus Energy|p1a: Infernape\n|-start|p1a: Infernape|move: Focus Energy\n|-zpower|p2a: Clefable\n|move|p2a: Clefable|Twinkle Tackle|p1a: Infernape|[zeffect]\n|-resisted|p1a: Infernape\n|-damage|p1a: Infernape|47\/100\n|\n|-weather|Snow|[upkeep]\n|upkeep\n|turn|14\n|\n|t:|1699545713\n|move|p1a: Infernape|Nasty Plot|p1a: Infernape\n|-boost|p1a: Infernape|spa|2\n|move|p2a: Clefable|Psychic|p1a: Infernape\n|-damage|p1a: Infernape|7\/100\n|\n|-weather|none\n|upkeep\n|turn|15\n|\n|t:|1699545719\n|move|p1a: Infernape|Overheat|p2a: Clefable\n|-crit|p2a: Clefable\n|-damage|p2a: Clefable|0 fnt\n|-unboost|p1a: Infernape|spa|2\n|faint|p2a: Clefable\n|\n|-sideend|p1: The Rotom Family|move: Aurora Veil\n|upkeep\n|\n|t:|1699545722\n|switch|p2a: Lopunny|Lopunny, M, shiny|100\/100\n|turn|16\n|\n|t:|1699545726\n|detailschange|p2a: Lopunny|Lopunny-Mega, M, shiny\n|-mega|p2a: Lopunny|Lopunny|Lopunnite\n|move|p2a: Lopunny|Fake Out|p1a: Infernape\n|-damage|p1a: Infernape|0 fnt\n|faint|p1a: Infernape\n|\n|upkeep\n|\n|t:|1699545736\n|switch|p1a: Ninetales|Ninetales-Alola, M|100\/100\n|-weather|Snow|[from] ability: Snow Warning|[of] p1a: Ninetales\n|turn|17\n|\n|t:|1699545741\n|switch|p2a: Toxapex|Toxapex, M, shiny|100\/100\n|move|p1a: Ninetales|Aurora Veil|p1a: Ninetales\n|-sidestart|p1: The Rotom Family|move: Aurora Veil\n|\n|-weather|Snow|[upkeep]\n|upkeep\n|turn|18\n|\n|t:|1699545747\n|move|p1a: Ninetales|Freeze-Dry|p2a: Toxapex\n|-supereffective|p2a: Toxapex\n|-crit|p2a: Toxapex\n|-damage|p2a: Toxapex|30\/100\n|-status|p2a: Toxapex|frz\n|cant|p2a: Toxapex|frz\n|\n|-weather|Snow|[upkeep]\n|-heal|p2a: Toxapex|36\/100 frz|[from] item: Leftovers\n|upkeep\n|turn|19\n|c|\u2606ArrozDoce01|bruh\n|\n|t:|1699545756\n|-curestatus|p2a: Toxapex|frz|[msg]\n|move|p2a: Toxapex|Baneful Bunker|p2a: Toxapex\n|-singleturn|p2a: Toxapex|move: Protect\n|move|p1a: Ninetales|Freeze-Dry|p2a: Toxapex\n|-activate|p2a: Toxapex|move: Protect\n|\n|-weather|Snow|[upkeep]\n|-heal|p2a: Toxapex|42\/100|[from] item: Leftovers\n|upkeep\n|turn|20\n|\n|t:|1699545770\n|move|p1a: Ninetales|Freeze-Dry|p2a: Toxapex\n|-supereffective|p2a: Toxapex\n|-damage|p2a: Toxapex|2\/100\n|move|p2a: Toxapex|Toxic|p1a: Ninetales\n|-status|p1a: Ninetales|tox\n|\n|-weather|Snow|[upkeep]\n|-heal|p2a: Toxapex|8\/100|[from] item: Leftovers\n|-damage|p1a: Ninetales|95\/100 tox|[from] psn\n|upkeep\n|turn|21\n|\n|t:|1699545784\n|move|p2a: Toxapex|Baneful Bunker|p2a: Toxapex\n|-singleturn|p2a: Toxapex|move: Protect\n|move|p1a: Ninetales|Dazzling Gleam|p2a: Toxapex\n|-activate|p2a: Toxapex|move: Protect\n|\n|-weather|none\n|-heal|p2a: Toxapex|14\/100|[from] item: Leftovers\n|-damage|p1a: Ninetales|83\/100 tox|[from] psn\n|-sideend|p1: The Rotom Family|move: Aurora Veil\n|upkeep\n|turn|22\n|\n|t:|1699545793\n|move|p1a: Ninetales|Freeze-Dry|p2a: Toxapex\n|-supereffective|p2a: Toxapex\n|-damage|p2a: Toxapex|0 fnt\n|faint|p2a: Toxapex\n|\n|-damage|p1a: Ninetales|65\/100 tox|[from] psn\n|upkeep\n|\n|t:|1699545796\n|switch|p2a: Weavile|Weavile, F, shiny|100\/100\n|-ability|p2a: Weavile|Pressure\n|turn|23\n|\n|t:|1699545804\n|-terastallize|p2a: Weavile|Ice\n|move|p2a: Weavile|Triple Axel|p1a: Ninetales\n|-resisted|p1a: Ninetales\n|-damage|p1a: Ninetales|49\/100 tox\n|-resisted|p1a: Ninetales\n|-damage|p1a: Ninetales|19\/100 tox\n|-resisted|p1a: Ninetales\n|-damage|p1a: Ninetales|0 fnt\n|faint|p1a: Ninetales\n|-hitcount|p1: Ninetales|3\n|\n|upkeep\n|\n|t:|1699545810\n|switch|p1a: Scizor|Scizor, M|100\/100\n|turn|24\n|\n|t:|1699545816\n|switch|p2a: Gliscor|Gliscor, M, shiny|100\/100\n|detailschange|p1a: Scizor|Scizor-Mega, M\n|-mega|p1a: Scizor|Scizor|Scizorite\n|move|p1a: Scizor|Curse|p1a: Scizor\n|-unboost|p1a: Scizor|spe|1\n|-boost|p1a: Scizor|atk|1\n|-boost|p1a: Scizor|def|1\n|\n|-status|p2a: Gliscor|tox|[from] item: Toxic Orb\n|upkeep\n|turn|25\n|\n|t:|1699545829\n|move|p2a: Gliscor|Rock Slide|p1a: Scizor\n|-damage|p1a: Scizor|92\/100\n|move|p1a: Scizor|Curse|p1a: Scizor\n|-unboost|p1a: Scizor|spe|1\n|-boost|p1a: Scizor|atk|1\n|-boost|p1a: Scizor|def|1\n|\n|upkeep\n|turn|26\n|\n|t:|1699545833\n|move|p2a: Gliscor|Tailwind|p2a: Gliscor\n|-sidestart|p2: ArrozDoce01|move: Tailwind\n|move|p1a: Scizor|Curse|p1a: Scizor\n|-unboost|p1a: Scizor|spe|1\n|-boost|p1a: Scizor|atk|1\n|-boost|p1a: Scizor|def|1\n|\n|upkeep\n|turn|27\n|\n|t:|1699545839\n|switch|p2a: Lopunny|Lopunny-Mega, M, shiny|100\/100\n|move|p1a: Scizor|Curse|p1a: Scizor\n|-unboost|p1a: Scizor|spe|1\n|-boost|p1a: Scizor|atk|1\n|-boost|p1a: Scizor|def|1\n|\n|upkeep\n|turn|28\n|\n|t:|1699545848\n|move|p2a: Lopunny|Fake Out|p1a: Scizor\n|-resisted|p1a: Scizor\n|-damage|p1a: Scizor|89\/100\n|cant|p1a: Scizor|flinch\n|\n|upkeep\n|turn|29\n|\n|t:|1699545852\n|move|p1a: Scizor|Bullet Punch|p2a: Lopunny\n|-damage|p2a: Lopunny|0 fnt\n|faint|p2a: Lopunny\n|\n|-sideend|p2: ArrozDoce01|move: Tailwind\n|upkeep\n|\n|t:|1699545855\n|switch|p2a: Weavile|Weavile, F, shiny, tera:Ice|100\/100\n|-ability|p2a: Weavile|Pressure\n|turn|30\n|\n|t:|1699545860\n|move|p1a: Scizor|Bullet Punch|p2a: Weavile\n|-supereffective|p2a: Weavile\n|-damage|p2a: Weavile|0 fnt\n|faint|p2a: Weavile\n|\n|upkeep\n|\n|t:|1699545862\n|switch|p2a: Gliscor|Gliscor, M, shiny|100\/100 tox\n|turn|31\n|\n|t:|1699545866\n|move|p2a: Gliscor|Protect|p2a: Gliscor\n|-singleturn|p2a: Gliscor|Protect\n|move|p1a: Scizor|Curse|p1a: Scizor\n|-unboost|p1a: Scizor|spe|1\n|-boost|p1a: Scizor|atk|1\n|-boost|p1a: Scizor|def|1\n|\n|upkeep\n|turn|32\n|\n|t:|1699545873\n|move|p2a: Gliscor|Dual Wingbeat|p1a: Scizor\n|-damage|p1a: Scizor|86\/100\n|-damage|p1a: Scizor|82\/100\n|-hitcount|p1a: Scizor|2\n|move|p1a: Scizor|Curse|p1a: Scizor\n|-unboost|p1a: Scizor|spe|1\n|-boost|p1a: Scizor|atk|1\n|-boost|p1a: Scizor|def|1\n|\n|upkeep\n|turn|33\n|\n|t:|1699545880\n|move|p2a: Gliscor|Rock Slide|p1a: Scizor\n|-damage|p1a: Scizor|79\/100\n|move|p1a: Scizor|Roost|p1a: Scizor\n|-heal|p1a: Scizor|100\/100\n|-singleturn|p1a: Scizor|move: Roost\n|\n|upkeep\n|turn|34\n|\n|t:|1699545886\n|move|p1a: Scizor|Bullet Punch|p2a: Gliscor\n|-damage|p2a: Gliscor|0 fnt\n|faint|p2a: Gliscor\n|\n|win|The Rotom Family\n|raw|The Rotom Family's rating: 1190 &rarr; <strong>1211<\/strong><br \/>(+21 for winning)\n|raw|ArrozDoce01's rating: 1130 &rarr; <strong>1109<\/strong><br \/>(-21 for losing)\n|c|\u2606ArrozDoce01|gg\n","uploadtime":1699545896,"views":6,"p1id":"therotomfamily","p2id":"arrozdoce01","formatid":"gen9nationaldex","rating":1109,"private":0,"password":""}