{"id":"gen9nationaldex-1995458917","p1":"shfeha","p2":"Coolranchdorritoss","format":"[Gen 9] National Dex","log":"|html|<div class=\"broadcast-blue\"><strong>[Gen 9] National Dex is currently suspecting Sneasler! For information on how to participate check out the <a href=\"https:\/\/www.smogon.com\/forums\/threads\/sv-national-dex-suspect-8-just-dance.3731534\/\">suspect thread<\/a>.<\/strong><\/div>\n|j|\u2606shfeha\n|j|\u2606Coolranchdorritoss\n|t:|1700573181\n|gametype|singles\n|player|p1|shfeha|cyclist|1133\n|player|p2|Coolranchdorritoss|boarder|1127\n|teamsize|p1|6\n|teamsize|p2|6\n|gen|9\n|tier|[Gen 9] National Dex\n|rated|\n|rule|HP Percentage Mod: HP is shown in percentages\n|rule|Endless Battle Clause: Forcing endless battles is banned\n|rule|OHKO Clause: OHKO moves are banned\n|rule|Evasion Clause: Evasion abilities, items, and moves are banned\n|rule|Evasion Abilities Clause: Evasion abilities are banned\n|rule|Evasion Items Clause: Evasion items are banned\n|rule|Evasion Moves Clause: Evasion moves are banned\n|rule|Species Clause: Limit one of each Pok\u00e9mon\n|rule|Sleep Clause Mod: Limit one foe put to sleep\n|clearpoke\n|poke|p1|Gyarados, M|\n|poke|p1|Venusaur, M|\n|poke|p1|Bisharp, F|\n|poke|p1|Gallade, M|\n|poke|p1|Zapdos|\n|poke|p1|Hatterene, F|\n|poke|p2|Hatterene, F|\n|poke|p2|Dragonite, M|\n|poke|p2|Landorus-Therian, M|\n|poke|p2|Ferrothorn, M|\n|poke|p2|Manectric, M|\n|poke|p2|Tornadus-Therian, M|\n|teampreview\n|inactive|Battle timer is ON: inactive players will automatically lose when time's up. (requested by Coolranchdorritoss)\n|inactive|shfeha also wants the timer to be on.\n|\n|t:|1700573198\n|start\n|switch|p1a: Venusaur|Venusaur, M, shiny|100\/100\n|switch|p2a: Sonic|Manectric, M, shiny|100\/100\n|turn|1\n|\n|t:|1700573212\n|detailschange|p2a: Sonic|Manectric-Mega, M, shiny\n|-mega|p2a: Sonic|Manectric|Manectite\n|-ability|p2a: Sonic|Intimidate|boost\n|-unboost|p1a: Venusaur|atk|1\n|move|p2a: Sonic|Volt Switch|p1a: Venusaur\n|-resisted|p1a: Venusaur\n|-damage|p1a: Venusaur|88\/100\n|\n|t:|1700573221\n|switch|p2a: Landorus|Landorus-Therian, M|100\/100|[from] Volt Switch\n|-ability|p2a: Landorus|Intimidate|boost\n|-unboost|p1a: Venusaur|atk|1\n|move|p1a: Venusaur|Leech Seed|p2a: Landorus\n|-start|p2a: Landorus|move: Leech Seed\n|\n|-heal|p1a: Venusaur|94\/100|[from] item: Leftovers\n|-damage|p2a: Landorus|88\/100|[from] Leech Seed|[of] p1a: Venusaur\n|-heal|p1a: Venusaur|100\/100|[silent]\n|upkeep\n|turn|2\n|\n|t:|1700573227\n|move|p2a: Landorus|U-turn|p1a: Venusaur\n|-damage|p1a: Venusaur|76\/100\n|inactive|Coolranchdorritoss has 120 seconds left.\n|\n|t:|1700573257\n|switch|p2a: Sonic|Manectric-Mega, M, shiny|100\/100|[from] U-turn\n|-ability|p2a: Sonic|Intimidate|boost\n|-unboost|p1a: Venusaur|atk|1\n|move|p1a: Venusaur|Toxic|p2a: Sonic\n|-status|p2a: Sonic|tox\n|\n|-heal|p1a: Venusaur|82\/100|[from] item: Leftovers\n|-damage|p2a: Sonic|94\/100 tox|[from] psn\n|upkeep\n|turn|3\n|\n|t:|1700573266\n|move|p2a: Sonic|Flamethrower|p1a: Venusaur\n|-supereffective|p1a: Venusaur\n|-damage|p1a: Venusaur|36\/100\n|move|p1a: Venusaur|Leech Seed|p2a: Sonic\n|-start|p2a: Sonic|move: Leech Seed\n|\n|-heal|p1a: Venusaur|42\/100|[from] item: Leftovers\n|-damage|p2a: Sonic|82\/100 tox|[from] Leech Seed|[of] p1a: Venusaur\n|-heal|p1a: Venusaur|52\/100|[silent]\n|-damage|p2a: Sonic|70\/100 tox|[from] psn\n|upkeep\n|turn|4\n|\n|t:|1700573272\n|move|p2a: Sonic|Flamethrower|p1a: Venusaur\n|-supereffective|p1a: Venusaur\n|-damage|p1a: Venusaur|4\/100\n|move|p1a: Venusaur|Synthesis|p1a: Venusaur\n|-heal|p1a: Venusaur|54\/100\n|\n|-heal|p1a: Venusaur|60\/100|[from] item: Leftovers\n|-damage|p2a: Sonic|57\/100 tox|[from] Leech Seed|[of] p1a: Venusaur\n|-heal|p1a: Venusaur|70\/100|[silent]\n|-damage|p2a: Sonic|39\/100 tox|[from] psn\n|upkeep\n|turn|5\n|\n|t:|1700573283\n|switch|p2a: Tornadus|Tornadus-Therian, M|100\/100\n|move|p1a: Venusaur|Synthesis|p1a: Venusaur\n|-heal|p1a: Venusaur|100\/100\n|\n|upkeep\n|turn|6\n|\n|t:|1700573289\n|switch|p1a: Zapdos|Zapdos, shiny|100\/100\n|move|p2a: Tornadus|Bleakwind Storm|p1a: Zapdos\n|-resisted|p1a: Zapdos\n|-damage|p1a: Zapdos|80\/100\n|\n|upkeep\n|turn|7\n|\n|t:|1700573302\n|switch|p2a: Landorus|Landorus-Therian, M|88\/100\n|-ability|p2a: Landorus|Intimidate|boost\n|-unboost|p1a: Zapdos|atk|1\n|move|p1a: Zapdos|Volt Switch|p2a: Landorus\n|-immune|p2a: Landorus\n|\n|upkeep\n|turn|8\n|\n|t:|1700573311\n|move|p1a: Zapdos|Hurricane|p2a: Landorus\n|-damage|p2a: Landorus|40\/100\n|move|p2a: Landorus|Toxic|p1a: Zapdos\n|-status|p1a: Zapdos|tox\n|\n|-damage|p1a: Zapdos|73\/100 tox|[from] psn\n|upkeep\n|turn|9\n|\n|t:|1700573337\n|switch|p2a: Pretty princess|Ferrothorn, M, shiny|100\/100\n|move|p1a: Zapdos|Hurricane|p2a: Pretty princess|[miss]\n|-miss|p1a: Zapdos|p2a: Pretty princess\n|\n|-damage|p1a: Zapdos|61\/100 tox|[from] psn\n|upkeep\n|turn|10\n|\n|t:|1700573347\n|switch|p1a: Gallade|Gallade, M, shiny|100\/100\n|move|p2a: Pretty princess|Leech Seed|p1a: Gallade\n|-start|p1a: Gallade|move: Leech Seed\n|\n|-damage|p1a: Gallade|88\/100|[from] Leech Seed|[of] p2a: Pretty princess\n|upkeep\n|turn|11\n|inactive|Coolranchdorritoss has 120 seconds left.\n|\n|t:|1700573369\n|move|p1a: Gallade|Sacred Sword|p2a: Pretty princess\n|-supereffective|p2a: Pretty princess\n|-damage|p2a: Pretty princess|7\/100\n|-damage|p1a: Gallade|76\/100|[from] ability: Iron Barbs|[of] p2a: Pretty princess\n|-damage|p1a: Gallade|59\/100|[from] item: Rocky Helmet|[of] p2a: Pretty princess\n|move|p2a: Pretty princess|Thunder Wave|p1a: Gallade\n|-status|p1a: Gallade|par\n|\n|-damage|p1a: Gallade|47\/100 par|[from] Leech Seed|[of] p2a: Pretty princess\n|-heal|p2a: Pretty princess|19\/100|[silent]\n|upkeep\n|turn|12\n|inactive|Coolranchdorritoss has 120 seconds left.\n|\n|t:|1700573396\n|move|p1a: Gallade|Knock Off|p2a: Pretty princess\n|-damage|p2a: Pretty princess|0 fnt\n|-damage|p1a: Gallade|35\/100 par|[from] ability: Iron Barbs|[of] p2a: Pretty princess\n|-damage|p1a: Gallade|18\/100 par|[from] item: Rocky Helmet|[of] p2a: Pretty princess\n|-enditem|p2a: Pretty princess|Rocky Helmet|[from] move: Knock Off|[of] p1a: Gallade\n|faint|p2a: Pretty princess\n|\n|upkeep\n|\n|t:|1700573404\n|switch|p2a: Sonic|Manectric-Mega, M, shiny|39\/100 tox\n|-ability|p2a: Sonic|Intimidate|boost\n|-unboost|p1a: Gallade|atk|1\n|turn|13\n|\n|t:|1700573411\n|move|p2a: Sonic|Volt Switch|p1a: Gallade\n|-damage|p1a: Gallade|0 fnt\n|faint|p1a: Gallade\n|\n|t:|1700573425\n|switch|p2a: Landorus|Landorus-Therian, M|40\/100|[from] Volt Switch\n|\n|upkeep\n|\n|t:|1700573432\n|switch|p1a: Venusaur|Venusaur, M, shiny|100\/100\n|turn|14\n|inactive|Coolranchdorritoss has 120 seconds left.\n|\n|t:|1700573441\n|move|p2a: Landorus|Stealth Rock|p1a: Venusaur\n|-sidestart|p1: shfeha|move: Stealth Rock\n|move|p1a: Venusaur|Leech Seed|p2a: Landorus\n|-start|p2a: Landorus|move: Leech Seed\n|\n|-damage|p2a: Landorus|28\/100|[from] Leech Seed|[of] p1a: Venusaur\n|upkeep\n|turn|15\n|\n|t:|1700573446\n|move|p2a: Landorus|Earthquake|p1a: Venusaur\n|-damage|p1a: Venusaur|49\/100\n|move|p1a: Venusaur|Toxic|p2a: Landorus\n|-status|p2a: Landorus|tox\n|\n|-heal|p1a: Venusaur|55\/100|[from] item: Leftovers\n|-damage|p2a: Landorus|15\/100 tox|[from] Leech Seed|[of] p1a: Venusaur\n|-heal|p1a: Venusaur|67\/100|[silent]\n|-damage|p2a: Landorus|9\/100 tox|[from] psn\n|upkeep\n|turn|16\n|\n|t:|1700573449\n|move|p2a: Landorus|Earthquake|p1a: Venusaur\n|-damage|p1a: Venusaur|17\/100\n|move|p1a: Venusaur|Synthesis|p1a: Venusaur\n|-heal|p1a: Venusaur|67\/100\n|\n|-heal|p1a: Venusaur|73\/100|[from] item: Leftovers\n|-damage|p2a: Landorus|0 fnt|[from] Leech Seed|[of] p1a: Venusaur\n|-heal|p1a: Venusaur|82\/100|[silent]\n|faint|p2a: Landorus\n|upkeep\n|\n|t:|1700573453\n|switch|p2a: Tornadus|Tornadus-Therian, M|100\/100\n|turn|17\n|\n|t:|1700573469\n|switch|p1a: Zapdos|Zapdos, shiny|61\/100 tox\n|move|p2a: Tornadus|Bleakwind Storm|p1a: Zapdos\n|-resisted|p1a: Zapdos\n|-damage|p1a: Zapdos|38\/100 tox\n|\n|-damage|p1a: Zapdos|31\/100 tox|[from] psn\n|upkeep\n|turn|18\n|\n|t:|1700573487\n|switch|p2a: Hatterene|Hatterene, F, shiny|100\/100\n|move|p1a: Zapdos|Volt Switch|p2a: Hatterene\n|-damage|p2a: Hatterene|64\/100\n|\n|t:|1700573493\n|switch|p1a: Hatterene|Hatterene, F|100\/100|[from] Volt Switch\n|-damage|p1a: Hatterene|88\/100|[from] Stealth Rock\n|\n|-heal|p1a: Hatterene|94\/100|[from] item: Leftovers\n|upkeep\n|turn|19\n|\n|t:|1700573501\n|move|p1a: Hatterene|Calm Mind|p1a: Hatterene\n|-boost|p1a: Hatterene|spa|1\n|-boost|p1a: Hatterene|spd|1\n|move|p2a: Hatterene|Healing Wish|p2a: Hatterene\n|faint|p2a: Hatterene\n|\n|-heal|p1a: Hatterene|99\/100|[from] item: Leftovers\n|upkeep\n|\n|t:|1700573505\n|switch|p2a: Sonic|Manectric-Mega, M, shiny|39\/100 tox\n|-heal|p2a: Sonic|100\/100|[from] move: Healing Wish\n|-ability|p2a: Sonic|Intimidate|boost\n|-unboost|p1a: Hatterene|atk|1\n|turn|20\n|\n|t:|1700573513\n|move|p2a: Sonic|Electro Ball|p1a: Hatterene\n|-damage|p1a: Hatterene|53\/100\n|move|p1a: Hatterene|Calm Mind|p1a: Hatterene\n|-boost|p1a: Hatterene|spa|1\n|-boost|p1a: Hatterene|spd|1\n|\n|-heal|p1a: Hatterene|59\/100|[from] item: Leftovers\n|upkeep\n|turn|21\n|\n|t:|1700573517\n|move|p2a: Sonic|Volt Switch|p1a: Hatterene\n|-damage|p1a: Hatterene|39\/100\n|\n|t:|1700573521\n|switch|p2a: Dragonite|Dragonite, M|100\/100|[from] Volt Switch\n|move|p1a: Hatterene|Draining Kiss|p2a: Dragonite\n|-supereffective|p2a: Dragonite\n|-damage|p2a: Dragonite|55\/100\n|-heal|p1a: Hatterene|74\/100|[from] drain|[of] p2a: Dragonite\n|\n|-heal|p1a: Hatterene|80\/100|[from] item: Leftovers\n|upkeep\n|turn|22\n|\n|t:|1700573527\n|-terastallize|p2a: Dragonite|Steel\n|move|p2a: Dragonite|Dragon Dance|p2a: Dragonite\n|-boost|p2a: Dragonite|atk|1\n|-boost|p2a: Dragonite|spe|1\n|move|p1a: Hatterene|Draining Kiss|p2a: Dragonite\n|-resisted|p2a: Dragonite\n|-damage|p2a: Dragonite|32\/100\n|-heal|p1a: Hatterene|98\/100|[from] drain|[of] p2a: Dragonite\n|\n|-heal|p1a: Hatterene|100\/100|[from] item: Leftovers\n|upkeep\n|turn|23\n|\n|t:|1700573533\n|move|p2a: Dragonite|Roost|p2a: Dragonite\n|-heal|p2a: Dragonite|82\/100\n|move|p1a: Hatterene|Mystical Fire|p2a: Dragonite\n|-supereffective|p2a: Dragonite\n|-damage|p2a: Dragonite|0 fnt\n|faint|p2a: Dragonite\n|\n|upkeep\n|\n|t:|1700573539\n|switch|p2a: Sonic|Manectric-Mega, M, shiny|100\/100\n|-ability|p2a: Sonic|Intimidate|boost\n|-unboost|p1a: Hatterene|atk|1\n|turn|24\n|\n|t:|1700573541\n|move|p2a: Sonic|Electro Ball|p1a: Hatterene\n|-damage|p1a: Hatterene|69\/100\n|move|p1a: Hatterene|Draining Kiss|p2a: Sonic\n|-damage|p2a: Sonic|36\/100\n|-heal|p1a: Hatterene|100\/100|[from] drain|[of] p2a: Sonic\n|\n|upkeep\n|turn|25\n|\n|t:|1700573544\n|move|p2a: Sonic|Electro Ball|p1a: Hatterene\n|-damage|p1a: Hatterene|65\/100\n|move|p1a: Hatterene|Draining Kiss|p2a: Sonic\n|-damage|p2a: Sonic|0 fnt\n|-heal|p1a: Hatterene|89\/100|[from] drain|[of] p2a: Sonic\n|faint|p2a: Sonic\n|\n|-heal|p1a: Hatterene|95\/100|[from] item: Leftovers\n|upkeep\n|\n|t:|1700573548\n|switch|p2a: Tornadus|Tornadus-Therian, M|100\/100\n|turn|26\n|\n|t:|1700573554\n|move|p2a: Tornadus|U-turn|p1a: Hatterene\n|-damage|p1a: Hatterene|81\/100\n|move|p1a: Hatterene|Draining Kiss|p2a: Tornadus\n|-damage|p2a: Tornadus|70\/100\n|-heal|p1a: Hatterene|100\/100|[from] drain|[of] p2a: Tornadus\n|\n|upkeep\n|turn|27\n|\n|t:|1700573557\n|move|p2a: Tornadus|Bleakwind Storm|p1a: Hatterene\n|-damage|p1a: Hatterene|78\/100\n|-unboost|p1a: Hatterene|spe|1\n|move|p1a: Hatterene|Calm Mind|p1a: Hatterene\n|-boost|p1a: Hatterene|spa|1\n|-boost|p1a: Hatterene|spd|1\n|\n|-heal|p1a: Hatterene|84\/100|[from] item: Leftovers\n|upkeep\n|turn|28\n|\n|t:|1700573564\n|move|p2a: Tornadus|Focus Blast|p1a: Hatterene|[miss]\n|-miss|p2a: Tornadus|p1a: Hatterene\n|move|p1a: Hatterene|Calm Mind|p1a: Hatterene\n|-boost|p1a: Hatterene|spa|1\n|-boost|p1a: Hatterene|spd|1\n|\n|-heal|p1a: Hatterene|90\/100|[from] item: Leftovers\n|upkeep\n|turn|29\n|\n|t:|1700573567\n|move|p2a: Tornadus|Focus Blast|p1a: Hatterene\n|-resisted|p1a: Hatterene\n|-damage|p1a: Hatterene|87\/100\n|move|p1a: Hatterene|Calm Mind|p1a: Hatterene\n|-boost|p1a: Hatterene|spa|1\n|-boost|p1a: Hatterene|spd|1\n|\n|-heal|p1a: Hatterene|93\/100|[from] item: Leftovers\n|upkeep\n|turn|30\n|\n|t:|1700573570\n|move|p2a: Tornadus|Focus Blast|p1a: Hatterene\n|-resisted|p1a: Hatterene\n|-damage|p1a: Hatterene|90\/100\n|move|p1a: Hatterene|Calm Mind|p1a: Hatterene\n|-boost|p1a: Hatterene|spa|1\n|-boost|p1a: Hatterene|spd|1\n|\n|-heal|p1a: Hatterene|96\/100|[from] item: Leftovers\n|upkeep\n|turn|31\n|-message|Coolranchdorritoss forfeited.\n|\n|win|shfeha\n|raw|shfeha's rating: 1133 &rarr; <strong>1158<\/strong><br \/>(+25 for winning)\n|raw|Coolranchdorritoss's rating: 1127 &rarr; <strong>1102<\/strong><br \/>(-25 for losing)\n|l|\u2606Coolranchdorritoss\n","uploadtime":1700573582,"views":2,"p1id":"shfeha","p2id":"coolranchdorritoss","formatid":"gen9nationaldex","rating":1102,"private":0,"password":""}