{"id":"gen9nationaldex-1999570705","p1":"ordja","p2":"baigu","format":"[Gen 9] National Dex","log":"|html|<div class=\"broadcast-blue\"><strong>[Gen 9] National Dex is currently suspecting Sneasler! For information on how to participate check out the <a href=\"https:\/\/www.smogon.com\/forums\/threads\/sv-national-dex-suspect-8-just-dance.3731534\/\">suspect thread<\/a>.<\/strong><\/div>\n|j|\u2606ordja\n|j|\u2606baigu\n|t:|1701097235\n|gametype|singles\n|player|p1|ordja|265|1746\n|player|p2|baigu|266|1887\n|teamsize|p1|6\n|teamsize|p2|6\n|gen|9\n|tier|[Gen 9] National Dex\n|rated|\n|rule|HP Percentage Mod: HP is shown in percentages\n|rule|Endless Battle Clause: Forcing endless battles is banned\n|rule|OHKO Clause: OHKO moves are banned\n|rule|Evasion Clause: Evasion abilities, items, and moves are banned\n|rule|Evasion Abilities Clause: Evasion abilities are banned\n|rule|Evasion Items Clause: Evasion items are banned\n|rule|Evasion Moves Clause: Evasion moves are banned\n|rule|Species Clause: Limit one of each Pok\u00e9mon\n|rule|Sleep Clause Mod: Limit one foe put to sleep\n|clearpoke\n|poke|p1|Garchomp, M|\n|poke|p1|Ogerpon-Wellspring, F|\n|poke|p1|Dondozo, M|\n|poke|p1|Charizard, F|\n|poke|p1|Zapdos|\n|poke|p1|Chansey, F|\n|poke|p2|Ursaluna, F|\n|poke|p2|Slowking, M|\n|poke|p2|Corviknight, M|\n|poke|p2|Hoopa-Unbound|\n|poke|p2|Dragonite, M|\n|poke|p2|Tapu Koko|\n|teampreview\n|j| littlecat151\n|inactive|Battle timer is ON: inactive players will automatically lose when time's up. (requested by baigu)\n|\n|t:|1701097265\n|start\n|switch|p1a: Chansey|Chansey, F|100\/100\n|switch|p2a: Tapu Koko|Tapu Koko|100\/100\n|-fieldstart|move: Electric Terrain|[from] ability: Electric Surge|[of] p2a: Tapu Koko\n|turn|1\n|l| littlecat151\n|j| azog08\n|\n|t:|1701097272\n|move|p2a: Tapu Koko|U-turn|p1a: Chansey\n|-damage|p1a: Chansey|90\/100\n|\n|t:|1701097274\n|switch|p2a: \u718a\u5927|Ursaluna, F|100\/100|[from] U-turn\n|move|p1a: Chansey|Toxic|p2a: \u718a\u5927\n|-status|p2a: \u718a\u5927|tox\n|\n|-damage|p2a: \u718a\u5927|94\/100 tox|[from] psn\n|upkeep\n|turn|2\n|\n|t:|1701097283\n|switch|p1a: Zapdos|Zapdos|100\/100\n|-terastallize|p2a: \u718a\u5927|Normal\n|move|p2a: \u718a\u5927|Facade|p1a: Zapdos\n|-damage|p1a: Zapdos|0 fnt\n|faint|p1a: Zapdos\n|\n|-damage|p2a: \u718a\u5927|82\/100 tox|[from] psn\n|upkeep\n|\n|t:|1701097305\n|switch|p1a: Dondozo|Dondozo, M|100\/100\n|turn|3\n|\n|t:|1701097310\n|move|p2a: \u718a\u5927|Facade|p1a: Dondozo\n|-damage|p1a: Dondozo|31\/100\n|move|p1a: Dondozo|Body Press|p2a: \u718a\u5927\n|-supereffective|p2a: \u718a\u5927\n|-damage|p2a: \u718a\u5927|40\/100 tox\n|\n|-heal|p1a: Dondozo|37\/100|[from] item: Leftovers\n|-damage|p2a: \u718a\u5927|21\/100 tox|[from] psn\n|upkeep\n|turn|4\n|\n|t:|1701097322\n|move|p2a: \u718a\u5927|Facade|p1a: Dondozo\n|-damage|p1a: Dondozo|0 fnt\n|faint|p1a: Dondozo\n|\n|-damage|p2a: \u718a\u5927|0 fnt|[from] psn\n|faint|p2a: \u718a\u5927\n|upkeep\n|\n|t:|1701097339\n|switch|p2a: Dragonite|Dragonite, M|100\/100\n|switch|p1a: Chansey|Chansey, F|90\/100\n|turn|5\n|\n|t:|1701097347\n|switch|p2a: Slowking|Slowking, M|100\/100\n|move|p1a: Chansey|Toxic|p2a: Slowking\n|-status|p2a: Slowking|tox\n|\n|-damage|p2a: Slowking|94\/100 tox|[from] psn\n|-fieldend|move: Electric Terrain\n|upkeep\n|turn|6\n|\n|t:|1701097354\n|move|p1a: Chansey|Wish|p1a: Chansey\n|move|p2a: Slowking|Teleport|p2a: Slowking\n|\n|t:|1701097364\n|switch|p2a: Hoopa|Hoopa-Unbound|100\/100|[from] Teleport\n|\n|upkeep\n|turn|7\n|\n|t:|1701097374\n|move|p2a: Hoopa|Nasty Plot|p2a: Hoopa\n|-boost|p2a: Hoopa|spa|2\n|move|p1a: Chansey|Toxic|p2a: Hoopa\n|-status|p2a: Hoopa|tox\n|\n|-heal|p1a: Chansey|100\/100|[from] move: Wish|[wisher] Chansey\n|-damage|p2a: Hoopa|95\/100 tox|[from] psn\n|upkeep\n|turn|8\n|\n|t:|1701097393\n|-zpower|p2a: Hoopa\n|move|p2a: Hoopa|All-Out Pummeling|p1a: Chansey|[zeffect]\n|-supereffective|p1a: Chansey\n|-damage|p1a: Chansey|8\/100\n|move|p1a: Chansey|Wish|p1a: Chansey\n|\n|-damage|p2a: Hoopa|83\/100 tox|[from] psn\n|upkeep\n|turn|9\n|\n|t:|1701097408\n|move|p2a: Hoopa|Psychic|p1a: Chansey\n|-damage|p1a: Chansey|0 fnt\n|faint|p1a: Chansey\n|\n|-damage|p2a: Hoopa|65\/100 tox|[from] psn\n|upkeep\n|\n|t:|1701097417\n|switch|p1a: Ogerpon|Ogerpon-Wellspring, F|100\/100\n|turn|10\n|\n|t:|1701097423\n|move|p1a: Ogerpon|Substitute|p1a: Ogerpon\n|-start|p1a: Ogerpon|Substitute\n|-damage|p1a: Ogerpon|76\/100\n|move|p2a: Hoopa|Psychic|p1a: Ogerpon\n|-crit|p1a: Ogerpon\n|-end|p1a: Ogerpon|Substitute\n|\n|-damage|p2a: Hoopa|41\/100 tox|[from] psn\n|upkeep\n|turn|11\n|\n|t:|1701097430\n|move|p1a: Ogerpon|Substitute|p1a: Ogerpon\n|-start|p1a: Ogerpon|Substitute\n|-damage|p1a: Ogerpon|51\/100\n|move|p2a: Hoopa|Psychic|p1a: Ogerpon\n|-end|p1a: Ogerpon|Substitute\n|\n|-damage|p2a: Hoopa|11\/100 tox|[from] psn\n|upkeep\n|turn|12\n|\n|t:|1701097437\n|move|p1a: Ogerpon|Substitute|p1a: Ogerpon\n|-start|p1a: Ogerpon|Substitute\n|-damage|p1a: Ogerpon|26\/100\n|move|p2a: Hoopa|Psychic|p1a: Ogerpon\n|-end|p1a: Ogerpon|Substitute\n|\n|-damage|p2a: Hoopa|0 fnt|[from] psn\n|faint|p2a: Hoopa\n|upkeep\n|\n|t:|1701097442\n|switch|p2a: Corviknight|Corviknight, M|100\/100\n|-ability|p2a: Corviknight|Pressure\n|turn|13\n|\n|t:|1701097450\n|switch|p1a: Garchomp|Garchomp, M|100\/100\n|move|p2a: Corviknight|U-turn|p1a: Garchomp\n|-damage|p1a: Garchomp|85\/100\n|-damage|p2a: Corviknight|88\/100|[from] ability: Rough Skin|[of] p1a: Garchomp\n|\n|t:|1701097460\n|switch|p2a: Dragonite|Dragonite, M|100\/100|[from] U-turn\n|\n|upkeep\n|turn|14\n|\n|t:|1701097467\n|move|p1a: Garchomp|Outrage|p2a: Dragonite\n|-supereffective|p2a: Dragonite\n|-damage|p2a: Dragonite|36\/100\n|move|p2a: Dragonite|Outrage|p1a: Garchomp\n|-supereffective|p1a: Garchomp\n|-damage|p1a: Garchomp|0 fnt\n|-damage|p2a: Dragonite|23\/100|[from] ability: Rough Skin|[of] p1a: Garchomp\n|faint|p1a: Garchomp\n|\n|upkeep\n|\n|t:|1701097479\n|switch|p1a: Ogerpon|Ogerpon-Wellspring, F|26\/100\n|turn|15\n|\n|t:|1701097483\n|move|p1a: Ogerpon|Ivy Cudgel|p2a: Dragonite|[anim] Ivy Cudgel Water\n|-resisted|p2a: Dragonite\n|-crit|p2a: Dragonite\n|-damage|p2a: Dragonite|0 fnt\n|faint|p2a: Dragonite\n|\n|upkeep\n|\n|t:|1701097486\n|switch|p2a: Tapu Koko|Tapu Koko|100\/100\n|-fieldstart|move: Electric Terrain|[from] ability: Electric Surge|[of] p2a: Tapu Koko\n|turn|16\n|\n|t:|1701097490\n|move|p2a: Tapu Koko|Thunderbolt|p1a: Ogerpon\n|-damage|p1a: Ogerpon|0 fnt\n|faint|p1a: Ogerpon\n|\n|upkeep\n|j| Sonanta\n|\n|t:|1701097494\n|switch|p1a: Charizard|Charizard, F|100\/100\n|turn|17\n|\n|t:|1701097507\n|detailschange|p1a: Charizard|Charizard-Mega-X, F\n|-mega|p1a: Charizard|Charizard|Charizardite X\n|move|p2a: Tapu Koko|Thunderbolt|p1a: Charizard\n|-resisted|p1a: Charizard\n|-damage|p1a: Charizard|51\/100\n|move|p1a: Charizard|Dragon Dance|p1a: Charizard\n|-boost|p1a: Charizard|atk|1\n|-boost|p1a: Charizard|spe|1\n|\n|upkeep\n|turn|18\n|\n|t:|1701097523\n|move|p1a: Charizard|Earthquake|p2a: Tapu Koko\n|-supereffective|p2a: Tapu Koko\n|-damage|p2a: Tapu Koko|0 fnt\n|faint|p2a: Tapu Koko\n|\n|upkeep\n|\n|t:|1701097541\n|switch|p2a: Corviknight|Corviknight, M|88\/100\n|-ability|p2a: Corviknight|Pressure\n|turn|19\n|\n|t:|1701097545\n|move|p1a: Charizard|Dragon Dance|p1a: Charizard\n|-boost|p1a: Charizard|atk|1\n|-boost|p1a: Charizard|spe|1\n|move|p2a: Corviknight|Brave Bird|p1a: Charizard\n|-damage|p1a: Charizard|9\/100\n|-damage|p2a: Corviknight|78\/100|[from] Recoil\n|\n|upkeep\n|turn|20\n|\n|t:|1701097556\n|move|p1a: Charizard|Dragon Claw|p2a: Corviknight\n|-resisted|p2a: Corviknight\n|-damage|p2a: Corviknight|41\/100\n|-damage|p1a: Charizard|0 fnt|[from] item: Rocky Helmet|[of] p2a: Corviknight\n|faint|p1a: Charizard\n|\n|win|baigu\n|raw|ordja's rating: 1746 &rarr; <strong>1734<\/strong><br \/>(-12 for losing)\n|raw|baigu's rating: 1887 &rarr; <strong>1899<\/strong><br \/>(+12 for winning)\n|l|\u2606ordja\n","uploadtime":1701097560,"views":5,"p1id":"ordja","p2id":"baigu","formatid":"gen9nationaldex","rating":1734,"private":0,"password":""}