{"id":"gen9nationaldex-1998762050","p1":"MMQZA10","p2":"lliziqiuu","format":"[Gen 9] National Dex","log":"|html|<div class=\"broadcast-blue\"><strong>[Gen 9] National Dex is currently suspecting Sneasler! For information on how to participate check out the <a href=\"https:\/\/www.smogon.com\/forums\/threads\/sv-national-dex-suspect-8-just-dance.3731534\/\">suspect thread<\/a>.<\/strong><\/div>\n|j|\u2606MMQZA10\n|j|\u2606lliziqiuu\n|t:|1700985474\n|gametype|singles\n|player|p1|MMQZA10|2|1458\n|player|p2|lliziqiuu|cyclist|1520\n|teamsize|p1|6\n|teamsize|p2|6\n|gen|9\n|tier|[Gen 9] National Dex\n|rated|\n|rule|HP Percentage Mod: HP is shown in percentages\n|rule|Endless Battle Clause: Forcing endless battles is banned\n|rule|OHKO Clause: OHKO moves are banned\n|rule|Evasion Clause: Evasion abilities, items, and moves are banned\n|rule|Evasion Abilities Clause: Evasion abilities are banned\n|rule|Evasion Items Clause: Evasion items are banned\n|rule|Evasion Moves Clause: Evasion moves are banned\n|rule|Species Clause: Limit one of each Pok\u00e9mon\n|rule|Sleep Clause Mod: Limit one foe put to sleep\n|clearpoke\n|poke|p1|Hoopa-Unbound|\n|poke|p1|Corviknight, M|\n|poke|p1|Clodsire, F|\n|poke|p1|Serperior, F|\n|poke|p1|Zapdos|\n|poke|p1|Slowking, M|\n|poke|p2|Serperior, F|\n|poke|p2|Landorus-Therian, M|\n|poke|p2|Garganacl, F|\n|poke|p2|Ogerpon-Wellspring, F|\n|poke|p2|Clodsire, F|\n|poke|p2|Tapu Lele|\n|teampreview\n|\n|t:|1700985505\n|start\n|switch|p1a: Zapdos|Zapdos|100\/100\n|switch|p2a: Landorus|Landorus-Therian, M|100\/100\n|-ability|p2a: Landorus|Intimidate|boost\n|-unboost|p1a: Zapdos|atk|1\n|turn|1\n|\n|t:|1700985512\n|move|p2a: Landorus|Stone Edge|p1a: Zapdos|[miss]\n|-miss|p2a: Landorus|p1a: Zapdos\n|move|p1a: Zapdos|Hidden Power|p2a: Landorus\n|-supereffective|p2a: Landorus\n|-damage|p2a: Landorus|6\/100\n|\n|upkeep\n|turn|2\n|\n|t:|1700985519\n|switch|p1a: Corviknight|Corviknight, M|100\/100\n|-ability|p1a: Corviknight|Pressure\n|move|p2a: Landorus|U-turn|p1a: Corviknight\n|-resisted|p1a: Corviknight\n|-damage|p1a: Corviknight|97\/100\n|-damage|p2a: Landorus|0 fnt|[from] item: Rocky Helmet|[of] p1a: Corviknight\n|faint|p2a: Landorus\n|\n|upkeep\n|\n|t:|1700985537\n|switch|p2a: Clodsire|Clodsire, F|100\/100\n|turn|3\n|inactive|Battle timer is ON: inactive players will automatically lose when time's up. (requested by lliziqiuu)\n|\n|t:|1700985565\n|switch|p1a: Hoopa|Hoopa-Unbound|100\/100\n|move|p2a: Clodsire|Stealth Rock|p1a: Hoopa\n|-sidestart|p1: MMQZA10|move: Stealth Rock\n|\n|upkeep\n|turn|4\n|l|\u2606MMQZA10\n|inactive|MMQZA10 disconnected and has a minute to reconnect!\n|player|p1|\n|\n|t:|1700985589\n|-terastallize|p1a: Hoopa|Dark\n|move|p1a: Hoopa|Hyperspace Fury|p2a: Clodsire\n|-damage|p2a: Clodsire|0 fnt\n|-unboost|p1a: Hoopa|def|1\n|faint|p2a: Clodsire\n|\n|upkeep\n|\n|t:|1700985594\n|switch|p2a: Tapu Lele|Tapu Lele|100\/100\n|-fieldstart|move: Psychic Terrain|[from] ability: Psychic Surge|[of] p2a: Tapu Lele\n|turn|5\n|j|\u2606MMQZA10\n|inactive|MMQZA10 reconnected and has 150 seconds left.\n|player|p1|MMQZA10|2\n|\n|t:|1700985602\n|switch|p1a: Slowking|Slowking, M|100\/100\n|move|p2a: Tapu Lele|Moonblast|p1a: Slowking\n|-damage|p1a: Slowking|66\/100\n|-unboost|p1a: Slowking|spa|1\n|\n|upkeep\n|turn|6\n|\n|t:|1700985611\n|move|p2a: Tapu Lele|Moonblast|p1a: Slowking\n|-damage|p1a: Slowking|34\/100\n|move|p1a: Slowking|Thunder Wave|p2a: Tapu Lele\n|-status|p2a: Tapu Lele|par\n|\n|upkeep\n|turn|7\n|\n|t:|1700985617\n|switch|p1a: Clodsire|Clodsire, F|100\/100\n|-damage|p1a: Clodsire|94\/100|[from] Stealth Rock\n|move|p2a: Tapu Lele|Moonblast|p1a: Clodsire\n|-resisted|p1a: Clodsire\n|-damage|p1a: Clodsire|80\/100\n|-unboost|p1a: Clodsire|spa|1\n|\n|-heal|p1a: Clodsire|86\/100|[from] item: Leftovers\n|upkeep\n|turn|8\n|\n|t:|1700985639\n|switch|p2a: Garganacl|Garganacl, F|100\/100\n|switch|p1a: Corviknight|Corviknight, M|97\/100\n|-damage|p1a: Corviknight|84\/100|[from] Stealth Rock\n|-ability|p1a: Corviknight|Pressure\n|\n|upkeep\n|turn|9\n|\n|t:|1700985645\n|move|p1a: Corviknight|U-turn|p2a: Garganacl\n|-damage|p2a: Garganacl|92\/100\n|\n|t:|1700985648\n|switch|p1a: Hoopa|Hoopa-Unbound, tera:Dark|100\/100|[from] U-turn\n|-damage|p1a: Hoopa|88\/100|[from] Stealth Rock\n|move|p2a: Garganacl|Salt Cure|p1a: Hoopa\n|-damage|p1a: Hoopa|66\/100\n|-start|p1a: Hoopa|Salt Cure\n|\n|-heal|p2a: Garganacl|98\/100|[from] item: Leftovers\n|-damage|p1a: Hoopa|54\/100|[from] Salt Cure\n|-fieldend|move: Psychic Terrain\n|upkeep\n|turn|10\n|\n|t:|1700985656\n|move|p1a: Hoopa|Hyperspace Fury|p2a: Garganacl\n|-damage|p2a: Garganacl|11\/100\n|-unboost|p1a: Hoopa|def|1\n|move|p2a: Garganacl|Recover|p2a: Garganacl\n|-heal|p2a: Garganacl|61\/100\n|\n|-heal|p2a: Garganacl|67\/100|[from] item: Leftovers\n|-damage|p1a: Hoopa|42\/100|[from] Salt Cure\n|upkeep\n|turn|11\n|\n|t:|1700985675\n|switch|p2a: Pride|Serperior, F|100\/100\n|move|p1a: Hoopa|Hyperspace Fury|p2a: Pride\n|-damage|p2a: Pride|0 fnt\n|-unboost|p1a: Hoopa|def|1\n|faint|p2a: Pride\n|\n|-damage|p1a: Hoopa|29\/100|[from] Salt Cure\n|upkeep\n|\n|t:|1700985677\n|switch|p2a: Ogerpon|Ogerpon-Wellspring, F|100\/100\n|turn|12\n|\n|t:|1700985681\n|switch|p1a: Corviknight|Corviknight, M|84\/100\n|-damage|p1a: Corviknight|72\/100|[from] Stealth Rock\n|-ability|p1a: Corviknight|Pressure\n|move|p2a: Ogerpon|Swords Dance|p2a: Ogerpon\n|-boost|p2a: Ogerpon|atk|2\n|\n|upkeep\n|turn|13\n|\n|t:|1700985687\n|move|p2a: Ogerpon|Ivy Cudgel|p1a: Corviknight|[anim] Ivy Cudgel Water\n|-damage|p1a: Corviknight|5\/100\n|move|p1a: Corviknight|Roost|p1a: Corviknight\n|-heal|p1a: Corviknight|55\/100\n|-singleturn|p1a: Corviknight|move: Roost\n|\n|upkeep\n|turn|14\n|\n|t:|1700985695\n|switch|p1a: Zapdos|Zapdos|100\/100\n|move|p2a: Ogerpon|Ivy Cudgel|p1a: Zapdos|[anim] Ivy Cudgel Water\n|-damage|p1a: Zapdos|22\/100\n|\n|upkeep\n|turn|15\n|\n|t:|1700985700\n|move|p2a: Ogerpon|Ivy Cudgel|p1a: Zapdos|[anim] Ivy Cudgel Water\n|-damage|p1a: Zapdos|0 fnt\n|faint|p1a: Zapdos\n|\n|upkeep\n|\n|t:|1700985712\n|switch|p1a: Serperior|Serperior, F|100\/100\n|-damage|p1a: Serperior|88\/100|[from] Stealth Rock\n|turn|16\n|\n|t:|1700985723\n|move|p1a: Serperior|Glare|p2a: Ogerpon\n|-status|p2a: Ogerpon|par\n|move|p2a: Ogerpon|Ivy Cudgel|p1a: Serperior|[anim] Ivy Cudgel Water\n|-resisted|p1a: Serperior\n|-damage|p1a: Serperior|17\/100\n|\n|-heal|p1a: Serperior|23\/100|[from] item: Leftovers\n|upkeep\n|turn|17\n|\n|t:|1700985731\n|move|p1a: Serperior|Leaf Storm|p2a: Ogerpon\n|-damage|p2a: Ogerpon|49\/100 par\n|-boost|p1a: Serperior|spa|2\n|move|p2a: Ogerpon|Ivy Cudgel|p1a: Serperior|[anim] Ivy Cudgel Water\n|-resisted|p1a: Serperior\n|-damage|p1a: Serperior|0 fnt\n|faint|p1a: Serperior\n|\n|upkeep\n|\n|t:|1700985737\n|switch|p1a: Hoopa|Hoopa-Unbound, tera:Dark|29\/100\n|-damage|p1a: Hoopa|17\/100|[from] Stealth Rock\n|turn|18\n|\n|t:|1700985744\n|move|p1a: Hoopa|Hyperspace Fury|p2a: Ogerpon\n|-damage|p2a: Ogerpon|0 fnt\n|-unboost|p1a: Hoopa|def|1\n|faint|p2a: Ogerpon\n|\n|upkeep\n|\n|t:|1700985747\n|switch|p2a: Tapu Lele|Tapu Lele|100\/100 par\n|-fieldstart|move: Psychic Terrain|[from] ability: Psychic Surge|[of] p2a: Tapu Lele\n|turn|19\n|\n|t:|1700985752\n|move|p1a: Hoopa|Hyperspace Fury|p2a: Tapu Lele\n|-damage|p2a: Tapu Lele|0 fnt\n|-unboost|p1a: Hoopa|def|1\n|faint|p2a: Tapu Lele\n|\n|upkeep\n|\n|t:|1700985754\n|switch|p2a: Garganacl|Garganacl, F|67\/100\n|turn|20\n|\n|t:|1700985757\n|move|p1a: Hoopa|Hyperspace Fury|p2a: Garganacl\n|-damage|p2a: Garganacl|0 fnt\n|-unboost|p1a: Hoopa|def|1\n|faint|p2a: Garganacl\n|\n|win|MMQZA10\n|raw|MMQZA10's rating: 1458 &rarr; <strong>1482<\/strong><br \/>(+24 for winning)\n|raw|lliziqiuu's rating: 1520 &rarr; <strong>1496<\/strong><br \/>(-24 for losing)\n|l|\u2606lliziqiuu\n","uploadtime":1700985767,"views":4,"p1id":"mmqza10","p2id":"lliziqiuu","formatid":"gen9nationaldex","rating":1482,"private":0,"password":""}