{"id":"gen9nationaldex-1990900033","p1":"yunyunao","p2":"xiezhouqun","format":"[Gen 9] National Dex","log":"|j|\u2606yunyunao\n|j|\u2606xiezhouqun\n|t:|1700012956\n|gametype|singles\n|player|p1|yunyunao|101|1550\n|player|p2|xiezhouqun|fisherman-gen4|1590\n|teamsize|p1|6\n|teamsize|p2|6\n|gen|9\n|tier|[Gen 9] National Dex\n|rated|\n|rule|HP Percentage Mod: HP is shown in percentages\n|rule|Endless Battle Clause: Forcing endless battles is banned\n|rule|OHKO Clause: OHKO moves are banned\n|rule|Evasion Clause: Evasion abilities, items, and moves are banned\n|rule|Evasion Abilities Clause: Evasion abilities are banned\n|rule|Evasion Items Clause: Evasion items are banned\n|rule|Evasion Moves Clause: Evasion moves are banned\n|rule|Species Clause: Limit one of each Pok\u00e9mon\n|rule|Sleep Clause Mod: Limit one foe put to sleep\n|clearpoke\n|poke|p1|Ninetales-Alola, M|\n|poke|p1|Moltres-Galar|\n|poke|p1|Kommo-o, M|\n|poke|p1|Ogerpon-Wellspring, F|\n|poke|p1|Zamazenta-*|\n|poke|p1|Glimmora, M|\n|poke|p2|Serperior, M|\n|poke|p2|Rillaboom, F|\n|poke|p2|Charizard, M|\n|poke|p2|Sneasler, F|\n|poke|p2|Landorus-Therian, M|\n|poke|p2|Aegislash, F|\n|teampreview\n|\n|t:|1700012963\n|start\n|switch|p1a: Ninetales|Ninetales-Alola, M|100\/100\n|switch|p2a: Charizard|Charizard, M|100\/100\n|-weather|Snow|[from] ability: Snow Warning|[of] p1a: Ninetales\n|turn|1\n|\n|t:|1700012972\n|switch|p1a: Kommo-o|Kommo-o, M|100\/100\n|detailschange|p2a: Charizard|Charizard-Mega-Y, M\n|-mega|p2a: Charizard|Charizard|Charizardite Y\n|-weather|SunnyDay|[from] ability: Drought|[of] p2a: Charizard\n|move|p2a: Charizard|Flamethrower|p1a: Kommo-o\n|-resisted|p1a: Kommo-o\n|-damage|p1a: Kommo-o|52\/100\n|\n|-weather|SunnyDay|[upkeep]\n|upkeep\n|turn|2\n|\n|t:|1700012990\n|move|p2a: Charizard|Air Slash|p1a: Kommo-o\n|-supereffective|p1a: Kommo-o\n|-damage|p1a: Kommo-o|0 fnt\n|faint|p1a: Kommo-o\n|\n|-weather|SunnyDay|[upkeep]\n|upkeep\n|\n|t:|1700012997\n|switch|p1a: Ninetales|Ninetales-Alola, M|100\/100\n|-weather|Snow|[from] ability: Snow Warning|[of] p1a: Ninetales\n|turn|3\n|inactive|Battle timer is ON: inactive players will automatically lose when time's up. (requested by yunyunao)\n|\n|t:|1700013014\n|move|p1a: Ninetales|Aurora Veil|p1a: Ninetales\n|-sidestart|p1: yunyunao|move: Aurora Veil\n|move|p2a: Charizard|Flamethrower|p1a: Ninetales\n|-supereffective|p1a: Ninetales\n|-damage|p1a: Ninetales|41\/100\n|\n|-weather|Snow|[upkeep]\n|upkeep\n|turn|4\n|\n|t:|1700013022\n|switch|p1a: Moltres|Moltres-Galar|100\/100\n|switch|p2a: Aegislash|Aegislash, F|100\/100\n|\n|-weather|Snow|[upkeep]\n|upkeep\n|turn|5\n|\n|t:|1700013034\n|switch|p2a: Serperior|Serperior, M|100\/100\n|move|p1a: Moltres|Agility|p1a: Moltres\n|-boost|p1a: Moltres|spe|2\n|\n|-weather|Snow|[upkeep]\n|upkeep\n|turn|6\n|\n|t:|1700013043\n|move|p1a: Moltres|Nasty Plot|p1a: Moltres\n|-boost|p1a: Moltres|spa|2\n|move|p2a: Serperior|Glare|p1a: Moltres\n|-status|p1a: Moltres|par\n|\n|-weather|Snow|[upkeep]\n|upkeep\n|turn|7\n|\n|t:|1700013052\n|move|p2a: Serperior|Substitute|p2a: Serperior\n|-start|p2a: Serperior|Substitute\n|-damage|p2a: Serperior|76\/100\n|move|p1a: Moltres|Agility|p1a: Moltres\n|-boost|p1a: Moltres|spe|2\n|\n|-weather|none\n|-heal|p2a: Serperior|82\/100|[from] item: Leftovers\n|upkeep\n|turn|8\n|\n|t:|1700013062\n|move|p1a: Moltres|Air Slash|p2a: Serperior\n|-supereffective|p2a: Serperior\n|-end|p2a: Serperior|Substitute\n|move|p2a: Serperior|Leech Seed|p1a: Moltres\n|-start|p1a: Moltres|move: Leech Seed\n|\n|-heal|p2a: Serperior|88\/100|[from] item: Leftovers\n|-damage|p1a: Moltres|88\/100 par|[from] Leech Seed|[of] p2a: Serperior\n|-heal|p2a: Serperior|99\/100|[silent]\n|upkeep\n|turn|9\n|\n|t:|1700013074\n|move|p1a: Moltres|Air Slash|p2a: Serperior\n|-supereffective|p2a: Serperior\n|-damage|p2a: Serperior|0 fnt\n|faint|p2a: Serperior\n|\n|upkeep\n|\n|t:|1700013091\n|switch|p2a: Charizard|Charizard-Mega-Y, M|100\/100\n|-weather|SunnyDay|[from] ability: Drought|[of] p2a: Charizard\n|turn|10\n|\n|t:|1700013098\n|move|p1a: Moltres|Fiery Wrath|p2a: Charizard\n|-damage|p2a: Charizard|15\/100\n|cant|p2a: Charizard|flinch\n|\n|-weather|SunnyDay|[upkeep]\n|-damage|p1a: Moltres|76\/100 par|[from] Leech Seed|[of] p2a: Charizard\n|-heal|p2a: Charizard|28\/100|[silent]\n|-sideend|p1: yunyunao|move: Aurora Veil\n|upkeep\n|turn|11\n|\n|t:|1700013108\n|move|p1a: Moltres|Fiery Wrath|p2a: Charizard\n|-damage|p2a: Charizard|0 fnt\n|faint|p2a: Charizard\n|\n|-weather|SunnyDay|[upkeep]\n|upkeep\n|\n|t:|1700013127\n|switch|p2a: Landorus|Landorus-Therian, M|100\/100\n|-ability|p2a: Landorus|Intimidate|boost\n|-unboost|p1a: Moltres|atk|1\n|turn|12\n|\n|t:|1700013135\n|move|p1a: Moltres|Fiery Wrath|p2a: Landorus\n|-damage|p2a: Landorus|0 fnt\n|faint|p2a: Landorus\n|\n|-weather|SunnyDay|[upkeep]\n|upkeep\n|\n|t:|1700013144\n|switch|p2a: Rillaboom|Rillaboom, F|100\/100\n|-fieldstart|move: Grassy Terrain|[from] ability: Grassy Surge|[of] p2a: Rillaboom\n|turn|13\n|\n|t:|1700013155\n|move|p2a: Rillaboom|Grassy Glide|p1a: Moltres\n|-resisted|p1a: Moltres\n|-damage|p1a: Moltres|51\/100 par\n|move|p1a: Moltres|Air Slash|p2a: Rillaboom\n|-supereffective|p2a: Rillaboom\n|-damage|p2a: Rillaboom|0 fnt\n|faint|p2a: Rillaboom\n|\n|-weather|SunnyDay|[upkeep]\n|upkeep\n|\n|t:|1700013166\n|switch|p2a: Sneasler|Sneasler, F|100\/100\n|-enditem|p2a: Sneasler|Grassy Seed\n|-boost|p2a: Sneasler|def|1|[from] item: Grassy Seed\n|turn|14\n|\n|t:|1700013174\n|-terastallize|p2a: Sneasler|Flying\n|move|p2a: Sneasler|Swords Dance|p2a: Sneasler\n|-boost|p2a: Sneasler|atk|2\n|move|p1a: Moltres|Air Slash|p2a: Sneasler\n|-damage|p2a: Sneasler|10\/100\n|\n|-weather|none\n|-damage|p1a: Moltres|38\/100 par|[from] Leech Seed|[of] p2a: Sneasler\n|-heal|p2a: Sneasler|23\/100|[silent]\n|upkeep\n|-enditem|p1a: Moltres|Sitrus Berry|[eat]\n|-heal|p1a: Moltres|63\/100 par|[from] item: Sitrus Berry\n|turn|15\n|\n|t:|1700013193\n|move|p2a: Sneasler|Close Combat|p1a: Moltres\n|-damage|p1a: Moltres|0 fnt\n|-unboost|p2a: Sneasler|def|1\n|-unboost|p2a: Sneasler|spd|1\n|faint|p1a: Moltres\n|\n|upkeep\n|\n|t:|1700013207\n|switch|p1a: Zamazenta|Zamazenta|100\/100\n|-ability|p1a: Zamazenta|Dauntless Shield|boost\n|-boost|p1a: Zamazenta|def|1\n|turn|16\n|\n|t:|1700013214\n|-terastallize|p1a: Zamazenta|Electric\n|move|p2a: Sneasler|Dire Claw|p1a: Zamazenta\n|-damage|p1a: Zamazenta|50\/100\n|-status|p1a: Zamazenta|slp\n|cant|p1a: Zamazenta|slp\n|\n|-heal|p1a: Zamazenta|57\/100 slp|[from] Grassy Terrain\n|-heal|p1a: Zamazenta|63\/100 slp|[from] item: Leftovers\n|upkeep\n|turn|17\n|\n|t:|1700013226\n|move|p2a: Sneasler|Dire Claw|p1a: Zamazenta\n|-damage|p1a: Zamazenta|15\/100 slp\n|-curestatus|p1a: Zamazenta|slp|[msg]\n|move|p1a: Zamazenta|Wild Charge|p2a: Sneasler\n|-supereffective|p2a: Sneasler\n|-damage|p2a: Sneasler|0 fnt\n|faint|p2a: Sneasler\n|-damage|p1a: Zamazenta|9\/100|[from] Recoil\n|\n|-heal|p1a: Zamazenta|16\/100|[from] Grassy Terrain\n|-heal|p1a: Zamazenta|22\/100|[from] item: Leftovers\n|-fieldend|move: Grassy Terrain\n|upkeep\n|\n|t:|1700013240\n|switch|p2a: Aegislash|Aegislash, F|100\/100\n|turn|18\n|\n|t:|1700013247\n|move|p1a: Zamazenta|Wild Charge|p2a: Aegislash\n|-damage|p2a: Aegislash|69\/100\n|-damage|p1a: Zamazenta|14\/100|[from] Recoil\n|move|p2a: Aegislash|Swords Dance|p2a: Aegislash\n|-boost|p2a: Aegislash|atk|2\n|\n|-heal|p1a: Zamazenta|20\/100|[from] item: Leftovers\n|upkeep\n|turn|19\n|\n|t:|1700013256\n|move|p1a: Zamazenta|Wild Charge|p2a: Aegislash\n|-damage|p2a: Aegislash|37\/100\n|-damage|p1a: Zamazenta|13\/100|[from] Recoil\n|move|p2a: Aegislash|Swords Dance|p2a: Aegislash\n|-boost|p2a: Aegislash|atk|2\n|\n|-heal|p1a: Zamazenta|19\/100|[from] item: Leftovers\n|upkeep\n|turn|20\n|\n|t:|1700013266\n|move|p1a: Zamazenta|Wild Charge|p2a: Aegislash\n|-damage|p2a: Aegislash|4\/100\n|-damage|p1a: Zamazenta|12\/100|[from] Recoil\n|move|p2a: Aegislash|Swords Dance|p2a: Aegislash\n|-boost|p2a: Aegislash|atk|2\n|\n|-heal|p1a: Zamazenta|18\/100|[from] item: Leftovers\n|upkeep\n|turn|21\n|\n|t:|1700013276\n|-formechange|p2a: Aegislash|Aegislash-Blade||[from] ability: Stance Change\n|move|p2a: Aegislash|Shadow Sneak|p1a: Zamazenta\n|-damage|p1a: Zamazenta|0 fnt\n|faint|p1a: Zamazenta\n|\n|upkeep\n|\n|t:|1700013283\n|switch|p1a: Glimmora|Glimmora, M|100\/100\n|turn|22\n|\n|t:|1700013287\n|move|p2a: Aegislash|Shadow Sneak|p1a: Glimmora\n|-damage|p1a: Glimmora|0 fnt\n|-activate|p1a: Glimmora|ability: Toxic Debris\n|-sidestart|p2: xiezhouqun|move: Toxic Spikes\n|faint|p1a: Glimmora\n|\n|upkeep\n|\n|t:|1700013293\n|switch|p1a: Ogerpon|Ogerpon-Wellspring, F|100\/100\n|turn|23\n|\n|t:|1700013297\n|move|p2a: Aegislash|Shadow Sneak|p1a: Ogerpon\n|-damage|p1a: Ogerpon|0 fnt\n|faint|p1a: Ogerpon\n|\n|upkeep\n|\n|t:|1700013302\n|switch|p1a: Ninetales|Ninetales-Alola, M|41\/100\n|-weather|Snow|[from] ability: Snow Warning|[of] p1a: Ninetales\n|turn|24\n|\n|t:|1700013307\n|move|p2a: Aegislash|Shadow Sneak|p1a: Ninetales\n|-damage|p1a: Ninetales|0 fnt\n|faint|p1a: Ninetales\n|\n|win|xiezhouqun\n|raw|yunyunao's rating: 1550 &rarr; <strong>1532<\/strong><br \/>(-18 for losing)\n|raw|xiezhouqun's rating: 1590 &rarr; <strong>1608<\/strong><br \/>(+18 for winning)\n|l|\u2606yunyunao\n","uploadtime":1700013331,"views":4,"p1id":"yunyunao","p2id":"xiezhouqun","formatid":"gen9nationaldex","rating":1532,"private":0,"password":""}