{"id":"gen9nationaldex-1991668747","p1":"Solaris2003","p2":"HeirEhm","format":"[Gen 9] National Dex","log":"|j|\u2606Solaris2003\n|j|\u2606HeirEhm\n|t:|1700100558\n|gametype|singles\n|player|p1|Solaris2003|169|\n|player|p2|HeirEhm|cynthia-gen7|\n|teamsize|p1|6\n|teamsize|p2|6\n|gen|9\n|tier|[Gen 9] National Dex\n|rule|HP Percentage Mod: HP is shown in percentages\n|rule|Endless Battle Clause: Forcing endless battles is banned\n|rule|OHKO Clause: OHKO moves are banned\n|rule|Evasion Clause: Evasion abilities, items, and moves are banned\n|rule|Evasion Abilities Clause: Evasion abilities are banned\n|rule|Evasion Items Clause: Evasion items are banned\n|rule|Evasion Moves Clause: Evasion moves are banned\n|rule|Species Clause: Limit one of each Pok\u00e9mon\n|rule|Sleep Clause Mod: Limit one foe put to sleep\n|clearpoke\n|poke|p1|Cinderace, M|\n|poke|p1|Lycanroc-Dusk, M|\n|poke|p1|Noivern, F|\n|poke|p1|Copperajah, M|\n|poke|p1|Leafeon, F|\n|poke|p1|Flaaffy, F|\n|poke|p2|Garganacl, F|\n|poke|p2|Ceruledge, F|\n|poke|p2|Klefki, F|\n|poke|p2|Electrode-Hisui|\n|poke|p2|Chansey, F|\n|poke|p2|Murkrow, M|\n|teampreview\n|j| Jam20Jam\n|\n|t:|1700100583\n|start\n|switch|p1a: Flaaffy|Flaaffy, F|100\/100\n|switch|p2a: Beyblade beyblade|Electrode-Hisui|100\/100\n|turn|1\n|\n|t:|1700100592\n|move|p2a: Beyblade beyblade|Energy Ball|p1a: Flaaffy\n|-damage|p1a: Flaaffy|50\/100\n|move|p1a: Flaaffy|Light Screen|p1a: Flaaffy\n|-sidestart|p1: Solaris2003|move: Light Screen\n|\n|upkeep\n|turn|2\n|\n|t:|1700100597\n|move|p2a: Beyblade beyblade|Energy Ball|p1a: Flaaffy\n|-damage|p1a: Flaaffy|25\/100\n|move|p1a: Flaaffy|Reflect|p1a: Flaaffy\n|-sidestart|p1: Solaris2003|Reflect\n|\n|upkeep\n|turn|3\n|\n|t:|1700100602\n|move|p2a: Beyblade beyblade|Energy Ball|p1a: Flaaffy\n|-damage|p1a: Flaaffy|0 fnt\n|faint|p1a: Flaaffy\n|\n|upkeep\n|\n|t:|1700100618\n|switch|p1a: Cinderace|Cinderace, M|100\/100\n|turn|4\n|\n|t:|1700100636\n|switch|p2a: SWORDSFORHANDS|Ceruledge, F|100\/100\n|move|p1a: Cinderace|Pyro Ball|p2a: SWORDSFORHANDS\n|-resisted|p2a: SWORDSFORHANDS\n|-damage|p2a: SWORDSFORHANDS|60\/100\n|-ability|p2a: SWORDSFORHANDS|Weak Armor|boost\n|-unboost|p2a: SWORDSFORHANDS|def|1\n|-boost|p2a: SWORDSFORHANDS|spe|2\n|\n|upkeep\n|turn|5\n|\n|t:|1700100660\n|move|p1a: Cinderace|Sucker Punch||[still]\n|-fail|p1a: Cinderace\n|move|p2a: SWORDSFORHANDS|Bulk Up|p2a: SWORDSFORHANDS\n|-boost|p2a: SWORDSFORHANDS|atk|1\n|-boost|p2a: SWORDSFORHANDS|def|1\n|\n|-sideend|p1: Solaris2003|move: Light Screen\n|upkeep\n|turn|6\n|\n|t:|1700100683\n|move|p1a: Cinderace|Sucker Punch||[still]\n|-fail|p1a: Cinderace\n|move|p2a: SWORDSFORHANDS|Bulk Up|p2a: SWORDSFORHANDS\n|-boost|p2a: SWORDSFORHANDS|atk|1\n|-boost|p2a: SWORDSFORHANDS|def|1\n|\n|-sideend|p1: Solaris2003|Reflect\n|upkeep\n|turn|7\n|\n|t:|1700100698\n|-terastallize|p2a: SWORDSFORHANDS|Dark\n|move|p2a: SWORDSFORHANDS|Night Slash|p1a: Cinderace\n|-damage|p1a: Cinderace|0 fnt\n|faint|p1a: Cinderace\n|\n|upkeep\n|\n|t:|1700100708\n|switch|p1a: Copperajah|Copperajah, M|100\/100\n|turn|8\n|\n|t:|1700100715\n|move|p2a: SWORDSFORHANDS|Bitter Blade|p1a: Copperajah\n|-supereffective|p1a: Copperajah\n|-damage|p1a: Copperajah|0 fnt\n|-heal|p2a: SWORDSFORHANDS|100\/100|[from] drain|[of] p1a: Copperajah\n|faint|p1a: Copperajah\n|\n|upkeep\n|\n|t:|1700100726\n|switch|p1a: Noivern|Noivern, F|100\/100\n|turn|9\n|\n|t:|1700100743\n|move|p2a: SWORDSFORHANDS|Night Slash|p1a: Noivern\n|-damage|p1a: Noivern|10\/100\n|move|p1a: Noivern|Draco Meteor|p2a: SWORDSFORHANDS\n|-damage|p2a: SWORDSFORHANDS|39\/100\n|-unboost|p1a: Noivern|spa|2\n|\n|upkeep\n|turn|10\n|\n|t:|1700100753\n|move|p2a: SWORDSFORHANDS|Bitter Blade|p1a: Noivern\n|-resisted|p1a: Noivern\n|-damage|p1a: Noivern|0 fnt\n|-heal|p2a: SWORDSFORHANDS|43\/100|[from] drain|[of] p1a: Noivern\n|faint|p1a: Noivern\n|\n|upkeep\n|\n|t:|1700100759\n|switch|p1a: Lycanroc|Lycanroc-Dusk, M|100\/100\n|turn|11\n|\n|t:|1700100772\n|move|p2a: SWORDSFORHANDS|Shadow Sneak|p1a: Lycanroc\n|-damage|p1a: Lycanroc|33\/100\n|move|p1a: Lycanroc|Accelerock|p2a: SWORDSFORHANDS\n|-damage|p2a: SWORDSFORHANDS|5\/100\n|-ability|p2a: SWORDSFORHANDS|Weak Armor|boost\n|-unboost|p2a: SWORDSFORHANDS|def|1\n|-boost|p2a: SWORDSFORHANDS|spe|2\n|\n|upkeep\n|turn|12\n|\n|t:|1700100781\n|move|p2a: SWORDSFORHANDS|Shadow Sneak|p1a: Lycanroc\n|-damage|p1a: Lycanroc|0 fnt\n|faint|p1a: Lycanroc\n|\n|upkeep\n|\n|t:|1700100785\n|switch|p1a: Glockeon Jr|Leafeon, F|100\/100\n|turn|13\n|\n|t:|1700100788\n|move|p2a: SWORDSFORHANDS|Bitter Blade|p1a: Glockeon Jr\n|-supereffective|p1a: Glockeon Jr\n|-damage|p1a: Glockeon Jr|0 fnt\n|-heal|p2a: SWORDSFORHANDS|52\/100|[from] drain|[of] p1a: Glockeon Jr\n|faint|p1a: Glockeon Jr\n|\n|win|HeirEhm\n|l|\u2606Solaris2003\n|l| Jam20Jam\n","uploadtime":1700100808,"views":10,"p1id":"solaris2003","p2id":"heirehm","formatid":"gen9nationaldex","rating":0,"private":0,"password":""}