{"id":"gen9nationaldex-1992169809","p1":"Ikeikef","p2":"Carolno1","format":"[Gen 9] National Dex","log":"|j|\u2606Ikeikef\n|j|\u203dCarolno1\n|t:|1700160793\n|gametype|singles\n|player|p1|Ikeikef|cynthia|1183\n|player|p2|Carolno1|swimmerf|1192\n|teamsize|p1|6\n|teamsize|p2|6\n|gen|9\n|tier|[Gen 9] National Dex\n|rated|\n|rule|HP Percentage Mod: HP is shown in percentages\n|rule|Endless Battle Clause: Forcing endless battles is banned\n|rule|OHKO Clause: OHKO moves are banned\n|rule|Evasion Clause: Evasion abilities, items, and moves are banned\n|rule|Evasion Abilities Clause: Evasion abilities are banned\n|rule|Evasion Items Clause: Evasion items are banned\n|rule|Evasion Moves Clause: Evasion moves are banned\n|rule|Species Clause: Limit one of each Pok\u00e9mon\n|rule|Sleep Clause Mod: Limit one foe put to sleep\n|clearpoke\n|poke|p1|Florges-White, F|\n|poke|p1|Mimikyu, F|\n|poke|p1|Rapidash-Galar, F|\n|poke|p1|Altaria, F|\n|poke|p1|Primarina, F|\n|poke|p1|Togekiss, F|\n|poke|p2|Steelix, F|\n|poke|p2|Pinsir, M|\n|poke|p2|Porygon-Z|\n|poke|p2|Araquanid, F|\n|poke|p2|Electivire, M|\n|poke|p2|Necrozma|\n|teampreview\n|inactive|Battle timer is ON: inactive players will automatically lose when time's up. (requested by Carolno1)\n|\n|t:|1700160808\n|start\n|switch|p1a: Togekiss|Togekiss, F|100\/100\n|switch|p2a: Steelix|Steelix, F, shiny|100\/100\n|turn|1\n|\n|t:|1700160815\n|move|p1a: Togekiss|Flamethrower|p2a: Steelix\n|-supereffective|p2a: Steelix\n|-damage|p2a: Steelix|11\/100\n|move|p2a: Steelix|Stealth Rock|p1a: Togekiss\n|-sidestart|p1: Ikeikef|move: Stealth Rock\n|\n|-heal|p2a: Steelix|17\/100|[from] item: Leftovers\n|upkeep\n|turn|2\n|\n|t:|1700160824\n|move|p1a: Togekiss|Flamethrower|p2a: Steelix\n|-supereffective|p2a: Steelix\n|-damage|p2a: Steelix|0 fnt\n|faint|p2a: Steelix\n|\n|upkeep\n|\n|t:|1700160829\n|switch|p2a: Porygon-Z|Porygon-Z, shiny|100\/100\n|-ability|p2a: Porygon-Z|Download|boost\n|-boost|p2a: Porygon-Z|atk|1\n|turn|3\n|\n|t:|1700160837\n|-terastallize|p1a: Togekiss|Fairy\n|move|p2a: Porygon-Z|Thunderbolt|p1a: Togekiss\n|-damage|p1a: Togekiss|73\/100\n|move|p1a: Togekiss|Dazzling Gleam|p2a: Porygon-Z\n|-damage|p2a: Porygon-Z|20\/100\n|\n|-heal|p1a: Togekiss|79\/100|[from] item: Leftovers\n|upkeep\n|turn|4\n|\n|t:|1700160851\n|switch|p2a: Electivire|Electivire, M|100\/100\n|move|p1a: Togekiss|Dazzling Gleam|p2a: Electivire\n|-damage|p2a: Electivire|62\/100\n|\n|-heal|p1a: Togekiss|85\/100|[from] item: Leftovers\n|upkeep\n|turn|5\n|\n|t:|1700160863\n|switch|p1a: Florges|Florges-White, F|100\/100\n|-damage|p1a: Florges|88\/100|[from] Stealth Rock\n|move|p2a: Electivire|Thunder Punch|p1a: Florges\n|-crit|p1a: Florges\n|-damage|p1a: Florges|13\/100\n|\n|-heal|p1a: Florges|19\/100|[from] item: Leftovers\n|upkeep\n|turn|6\n|\n|t:|1700160873\n|move|p2a: Electivire|Thunder Punch|p1a: Florges\n|-damage|p1a: Florges|0 fnt\n|faint|p1a: Florges\n|\n|upkeep\n|\n|t:|1700160884\n|switch|p1a: Rapidash|Rapidash-Galar, F|100\/100\n|-damage|p1a: Rapidash|88\/100|[from] Stealth Rock\n|turn|7\n|\n|t:|1700160889\n|move|p1a: Rapidash|High Horsepower|p2a: Electivire\n|-supereffective|p2a: Electivire\n|-damage|p2a: Electivire|0 fnt\n|faint|p2a: Electivire\n|\n|upkeep\n|\n|t:|1700160892\n|switch|p2a: Porygon-Z|Porygon-Z, shiny|20\/100\n|-ability|p2a: Porygon-Z|Download|boost\n|-boost|p2a: Porygon-Z|atk|1\n|turn|8\n|\n|t:|1700160898\n|move|p2a: Porygon-Z|Tri Attack|p1a: Rapidash\n|-damage|p1a: Rapidash|27\/100\n|move|p1a: Rapidash|High Horsepower|p2a: Porygon-Z\n|-damage|p2a: Porygon-Z|0 fnt\n|faint|p2a: Porygon-Z\n|\n|upkeep\n|\n|t:|1700160915\n|switch|p2a: Pinsir|Pinsir, M, shiny|100\/100\n|turn|9\n|\n|t:|1700160921\n|switch|p1a: Primarina|Primarina, F|100\/100\n|-damage|p1a: Primarina|88\/100|[from] Stealth Rock\n|move|p2a: Pinsir|Return|p1a: Primarina\n|-damage|p1a: Primarina|46\/100\n|\n|upkeep\n|turn|10\n|\n|t:|1700160930\n|detailschange|p2a: Pinsir|Pinsir-Mega, M, shiny\n|-mega|p2a: Pinsir|Pinsir|Pinsirite\n|move|p2a: Pinsir|Return|p1a: Primarina\n|-damage|p1a: Primarina|0 fnt\n|faint|p1a: Primarina\n|\n|upkeep\n|\n|t:|1700160938\n|switch|p1a: Togekiss|Togekiss, F, tera:Fairy|85\/100\n|-damage|p1a: Togekiss|73\/100|[from] Stealth Rock\n|turn|11\n|\n|t:|1700160964\n|move|p2a: Pinsir|Return|p1a: Togekiss\n|-damage|p1a: Togekiss|4\/100\n|move|p1a: Togekiss|Air Slash|p2a: Pinsir\n|-supereffective|p2a: Pinsir\n|-damage|p2a: Pinsir|0 fnt\n|faint|p2a: Pinsir\n|\n|-heal|p1a: Togekiss|10\/100|[from] item: Leftovers\n|upkeep\n|\n|t:|1700160967\n|switch|p2a: Araquanid|Araquanid, F, shiny|100\/100\n|turn|12\n|\n|t:|1700160984\n|move|p1a: Togekiss|Air Slash|p2a: Araquanid\n|-supereffective|p2a: Araquanid\n|-damage|p2a: Araquanid|43\/100\n|cant|p2a: Araquanid|flinch\n|\n|-heal|p1a: Togekiss|16\/100|[from] item: Leftovers\n|upkeep\n|turn|13\n|\n|t:|1700160999\n|move|p1a: Togekiss|Dazzling Gleam|p2a: Araquanid\n|-damage|p2a: Araquanid|5\/100\n|move|p2a: Araquanid|Liquidation|p1a: Togekiss\n|-damage|p1a: Togekiss|0 fnt\n|faint|p1a: Togekiss\n|\n|upkeep\n|inactive|Ikeikef has 120 seconds left.\n|\n|t:|1700161030\n|switch|p1a: Rapidash|Rapidash-Galar, F|27\/100\n|-damage|p1a: Rapidash|15\/100|[from] Stealth Rock\n|turn|14\n|inactive|Ikeikef has 120 seconds left.\n|\n|t:|1700161039\n|move|p1a: Rapidash|Play Rough|p2a: Araquanid\n|-damage|p2a: Araquanid|0 fnt\n|faint|p2a: Araquanid\n|\n|upkeep\n|\n|t:|1700161041\n|switch|p2a: Necrozma|Necrozma|100\/100\n|turn|15\n|\n|t:|1700161049\n|move|p1a: Rapidash|Play Rough|p2a: Necrozma\n|-damage|p2a: Necrozma|64\/100\n|move|p2a: Necrozma|Photon Geyser|p1a: Rapidash\n|-resisted|p1a: Rapidash\n|-damage|p1a: Rapidash|0 fnt\n|faint|p1a: Rapidash\n|-damage|p2a: Necrozma|54\/100|[from] item: Life Orb\n|\n|upkeep\n|\n|t:|1700161062\n|switch|p1a: Mimikyu|Mimikyu, F|100\/100\n|-damage|p1a: Mimikyu|88\/100|[from] Stealth Rock\n|turn|16\n|\n|t:|1700161072\n|move|p1a: Mimikyu|Swords Dance|p1a: Mimikyu\n|-boost|p1a: Mimikyu|atk|2\n|move|p2a: Necrozma|Morning Sun|p2a: Necrozma\n|-heal|p2a: Necrozma|100\/100\n|\n|upkeep\n|turn|17\n|\n|t:|1700161080\n|-terastallize|p2a: Necrozma|Ground\n|move|p1a: Mimikyu|Swords Dance|p1a: Mimikyu\n|-boost|p1a: Mimikyu|atk|2\n|move|p2a: Necrozma|Earth Power|p1a: Mimikyu\n|-activate|p1a: Mimikyu|ability: Disguise\n|-damage|p1a: Mimikyu|88\/100\n|detailschange|p1a: Mimikyu|Mimikyu-Busted, F\n|-damage|p1a: Mimikyu|76\/100|[from] pokemon: Mimikyu-Busted\n|-damage|p2a: Necrozma|91\/100|[from] item: Life Orb\n|\n|upkeep\n|turn|18\n|\n|t:|1700161094\n|move|p1a: Mimikyu|Play Rough|p2a: Necrozma\n|-damage|p2a: Necrozma|0 fnt\n|faint|p2a: Necrozma\n|-damage|p1a: Mimikyu|66\/100|[from] item: Life Orb\n|\n|win|Ikeikef\n|raw|Ikeikef's rating: 1183 &rarr; <strong>1209<\/strong><br \/>(+26 for winning)\n|raw|Carolno1's rating: 1192 &rarr; <strong>1166<\/strong><br \/>(-26 for losing)\n|l|\u203dCarolno1\n","uploadtime":1700161109,"views":5,"p1id":"ikeikef","p2id":"carolno1","formatid":"gen9nationaldex","rating":1166,"private":0,"password":""}