{"id":"gen9nationaldex-1996383771","p1":"congpizza","p2":"BustedBandit","format":"[Gen 9] National Dex","log":"|html|<div class=\"broadcast-blue\"><strong>[Gen 9] National Dex is currently suspecting Sneasler! For information on how to participate check out the <a href=\"https:\/\/www.smogon.com\/forums\/threads\/sv-national-dex-suspect-8-just-dance.3731534\/\">suspect thread<\/a>.<\/strong><\/div>\n|j|\u2606congpizza\n|j|\u2606BustedBandit\n|t:|1700676861\n|gametype|singles\n|player|p1|congpizza|hilbert|1332\n|player|p2|BustedBandit|265|1239\n|teamsize|p1|6\n|teamsize|p2|6\n|gen|9\n|tier|[Gen 9] National Dex\n|rated|\n|rule|HP Percentage Mod: HP is shown in percentages\n|rule|Endless Battle Clause: Forcing endless battles is banned\n|rule|OHKO Clause: OHKO moves are banned\n|rule|Evasion Clause: Evasion abilities, items, and moves are banned\n|rule|Evasion Abilities Clause: Evasion abilities are banned\n|rule|Evasion Items Clause: Evasion items are banned\n|rule|Evasion Moves Clause: Evasion moves are banned\n|rule|Species Clause: Limit one of each Pok\u00e9mon\n|rule|Sleep Clause Mod: Limit one foe put to sleep\n|clearpoke\n|poke|p1|Pelipper, F|\n|poke|p1|Greninja-*, M|\n|poke|p1|Swampert, M|\n|poke|p1|Ferrothorn, M|\n|poke|p1|Zapdos|\n|poke|p1|Ogerpon-Wellspring, F|\n|poke|p2|Pelipper, F|\n|poke|p2|Rotom-Wash|\n|poke|p2|Ferrothorn, F|\n|poke|p2|Kabutops, F|\n|poke|p2|Gyarados, F|\n|poke|p2|Urshifu-*, F|\n|teampreview\n|inactive|Battle timer is ON: inactive players will automatically lose when time's up. (requested by congpizza)\n|j| User59402\n|\n|t:|1700676868\n|start\n|switch|p1a: \u8349\u94a2|Ferrothorn, M|100\/100\n|switch|p2a: Pelipper|Pelipper, F|100\/100\n|-weather|RainDance|[from] ability: Drizzle|[of] p2a: Pelipper\n|turn|1\n|\n|t:|1700676878\n|switch|p2a: Urshifu|Urshifu-Rapid-Strike, F|100\/100\n|move|p1a: \u8349\u94a2|Stealth Rock|p2a: Urshifu\n|-sidestart|p2: BustedBandit|move: Stealth Rock\n|\n|-weather|RainDance|[upkeep]\n|upkeep\n|turn|2\n|\n|t:|1700676897\n|switch|p2a: Kabutops|Kabutops, F|100\/100\n|-damage|p2a: Kabutops|88\/100|[from] Stealth Rock\n|switch|p1a: \u6253\u96f7\u4f55\u65f6\u80fd\u4e2d|Zapdos|100\/100\n|\n|-weather|RainDance|[upkeep]\n|upkeep\n|turn|3\n|\n|t:|1700676909\n|-terastallize|p1a: \u6253\u96f7\u4f55\u65f6\u80fd\u4e2d|Water\n|move|p2a: Kabutops|Rock Blast|p1a: \u6253\u96f7\u4f55\u65f6\u80fd\u4e2d\n|-damage|p1a: \u6253\u96f7\u4f55\u65f6\u80fd\u4e2d|87\/100\n|-damage|p1a: \u6253\u96f7\u4f55\u65f6\u80fd\u4e2d|74\/100\n|-damage|p1a: \u6253\u96f7\u4f55\u65f6\u80fd\u4e2d|62\/100\n|-damage|p1a: \u6253\u96f7\u4f55\u65f6\u80fd\u4e2d|49\/100\n|-hitcount|p1a: \u6253\u96f7\u4f55\u65f6\u80fd\u4e2d|4\n|move|p1a: \u6253\u96f7\u4f55\u65f6\u80fd\u4e2d|Thunderbolt|p2a: Kabutops\n|-supereffective|p2a: Kabutops\n|-damage|p2a: Kabutops|0 fnt\n|faint|p2a: Kabutops\n|\n|-weather|RainDance|[upkeep]\n|upkeep\n|inactive|BustedBandit has 120 seconds left.\n|\n|t:|1700676938\n|switch|p2a: Rotom|Rotom-Wash|100\/100\n|-damage|p2a: Rotom|88\/100|[from] Stealth Rock\n|turn|4\n|\n|t:|1700676952\n|switch|p1a: \u9a6c\u5676\u5de8\u6cbc\u602a|Swampert, M|100\/100\n|move|p2a: Rotom|Thunderbolt|p1a: \u9a6c\u5676\u5de8\u6cbc\u602a\n|-immune|p1a: \u9a6c\u5676\u5de8\u6cbc\u602a\n|\n|-weather|RainDance|[upkeep]\n|-heal|p2a: Rotom|94\/100|[from] item: Leftovers\n|upkeep\n|turn|5\n|\n|t:|1700676982\n|detailschange|p1a: \u9a6c\u5676\u5de8\u6cbc\u602a|Swampert-Mega, M\n|-mega|p1a: \u9a6c\u5676\u5de8\u6cbc\u602a|Swampert|Swampertite\n|move|p1a: \u9a6c\u5676\u5de8\u6cbc\u602a|Flip Turn|p2a: Rotom\n|-resisted|p2a: Rotom\n|-damage|p2a: Rotom|62\/100\n|\n|t:|1700676988\n|switch|p1a: Ogerpon|Ogerpon-Wellspring, F|100\/100|[from] Flip Turn\n|move|p2a: Rotom|Hydro Pump|p1a: Ogerpon\n|-immune|p1a: Ogerpon|[from] ability: Water Absorb\n|\n|-weather|RainDance|[upkeep]\n|-heal|p2a: Rotom|68\/100|[from] item: Leftovers\n|upkeep\n|turn|6\n|\n|t:|1700676999\n|move|p1a: Ogerpon|Swords Dance|p1a: Ogerpon\n|-boost|p1a: Ogerpon|atk|2\n|move|p2a: Rotom|Pain Split|p1a: Ogerpon\n|-sethp|p1a: Ogerpon|78\/100|[from] move: Pain Split|[silent]\n|-sethp|p2a: Rotom|97\/100|[from] move: Pain Split\n|\n|-weather|RainDance|[upkeep]\n|-heal|p2a: Rotom|100\/100|[from] item: Leftovers\n|upkeep\n|turn|7\n|\n|t:|1700677008\n|move|p1a: Ogerpon|Horn Leech|p2a: Rotom\n|-supereffective|p2a: Rotom\n|-damage|p2a: Rotom|0 fnt\n|-heal|p1a: Ogerpon|100\/100|[from] drain|[of] p2a: Rotom\n|faint|p2a: Rotom\n|\n|-weather|RainDance|[upkeep]\n|upkeep\n|\n|t:|1700677017\n|switch|p2a: Ferrothorn|Ferrothorn, F|100\/100\n|-damage|p2a: Ferrothorn|94\/100|[from] Stealth Rock\n|turn|8\n|\n|t:|1700677026\n|move|p1a: Ogerpon|Swords Dance|p1a: Ogerpon\n|-boost|p1a: Ogerpon|atk|2\n|move|p2a: Ferrothorn|Toxic|p1a: Ogerpon\n|-status|p1a: Ogerpon|tox\n|\n|-weather|none\n|-damage|p1a: Ogerpon|95\/100 tox|[from] psn\n|upkeep\n|turn|9\n|\n|t:|1700677044\n|move|p1a: Ogerpon|Ivy Cudgel|p2a: Ferrothorn|[anim] Ivy Cudgel Water\n|-resisted|p2a: Ferrothorn\n|-damage|p2a: Ferrothorn|36\/100\n|move|p2a: Ferrothorn|Gyro Ball|p1a: Ogerpon\n|-resisted|p1a: Ogerpon\n|-damage|p1a: Ogerpon|63\/100 tox\n|\n|-damage|p1a: Ogerpon|51\/100 tox|[from] psn\n|upkeep\n|turn|10\n|\n|t:|1700677053\n|move|p2a: Ferrothorn|Protect|p2a: Ferrothorn\n|-singleturn|p2a: Ferrothorn|Protect\n|move|p1a: Ogerpon|Ivy Cudgel|p2a: Ferrothorn|[anim] Ivy Cudgel Water\n|-activate|p2a: Ferrothorn|move: Protect\n|\n|-damage|p1a: Ogerpon|33\/100 tox|[from] psn\n|upkeep\n|turn|11\n|\n|t:|1700677061\n|move|p1a: Ogerpon|Ivy Cudgel|p2a: Ferrothorn|[anim] Ivy Cudgel Water\n|-resisted|p2a: Ferrothorn\n|-damage|p2a: Ferrothorn|0 fnt\n|faint|p2a: Ferrothorn\n|\n|-damage|p1a: Ogerpon|9\/100 tox|[from] psn\n|upkeep\n|\n|t:|1700677069\n|switch|p2a: Pelipper|Pelipper, F|100\/100\n|-damage|p2a: Pelipper|76\/100|[from] Stealth Rock\n|-weather|RainDance|[from] ability: Drizzle|[of] p2a: Pelipper\n|turn|12\n|\n|t:|1700677075\n|move|p1a: Ogerpon|Ivy Cudgel|p2a: Pelipper|[anim] Ivy Cudgel Water\n|-resisted|p2a: Pelipper\n|-damage|p2a: Pelipper|0 fnt\n|faint|p2a: Pelipper\n|\n|-weather|RainDance|[upkeep]\n|-damage|p1a: Ogerpon|0 fnt|[from] psn\n|faint|p1a: Ogerpon\n|upkeep\n|\n|t:|1700677087\n|switch|p1a: \u8349\u94a2|Ferrothorn, M|100\/100\n|switch|p2a: Gyarados|Gyarados, F|100\/100\n|-damage|p2a: Gyarados|75\/100|[from] Stealth Rock\n|-ability|p2a: Gyarados|Intimidate|boost\n|-unboost|p1a: \u8349\u94a2|atk|1\n|turn|13\n|\n|t:|1700677100\n|detailschange|p2a: Gyarados|Gyarados-Mega, F\n|-mega|p2a: Gyarados|Gyarados|Gyaradosite\n|-ability|p2a: Gyarados|Mold Breaker\n|move|p2a: Gyarados|Dragon Dance|p2a: Gyarados\n|-boost|p2a: Gyarados|atk|1\n|-boost|p2a: Gyarados|spe|1\n|move|p1a: \u8349\u94a2|Body Press|p2a: Gyarados\n|-supereffective|p2a: Gyarados\n|-damage|p2a: Gyarados|21\/100\n|\n|-weather|RainDance|[upkeep]\n|upkeep\n|turn|14\n|\n|t:|1700677113\n|move|p2a: Gyarados|Earthquake|p1a: \u8349\u94a2\n|-damage|p1a: \u8349\u94a2|55\/100\n|move|p1a: \u8349\u94a2|Body Press|p2a: Gyarados\n|-supereffective|p2a: Gyarados\n|-crit|p2a: Gyarados\n|-damage|p2a: Gyarados|0 fnt\n|faint|p2a: Gyarados\n|\n|-weather|RainDance|[upkeep]\n|upkeep\n|-message|BustedBandit forfeited.\n|\n|win|congpizza\n|raw|congpizza's rating: 1332 &rarr; <strong>1347<\/strong><br \/>(+15 for winning)\n|raw|BustedBandit's rating: 1239 &rarr; <strong>1221<\/strong><br \/>(-18 for losing)\n|l|\u2606BustedBandit\n|l| User59402\n","uploadtime":1700677131,"views":3,"p1id":"congpizza","p2id":"bustedbandit","formatid":"gen9nationaldex","rating":1221,"private":0,"password":""}