{"id":"gen9nationaldex-1989721270","p1":"skrow siht","p2":"spinojoya","format":"[Gen 9] National Dex","log":"|j|\u2606skrow siht\n|j|\u2606spinojoya\n|t:|1699890014\n|gametype|singles\n|player|p1|skrow siht|nate|1461\n|player|p2|spinojoya|266|1667\n|teamsize|p1|6\n|teamsize|p2|6\n|gen|9\n|tier|[Gen 9] National Dex\n|rated|\n|rule|HP Percentage Mod: HP is shown in percentages\n|rule|Endless Battle Clause: Forcing endless battles is banned\n|rule|OHKO Clause: OHKO moves are banned\n|rule|Evasion Clause: Evasion abilities, items, and moves are banned\n|rule|Evasion Abilities Clause: Evasion abilities are banned\n|rule|Evasion Items Clause: Evasion items are banned\n|rule|Evasion Moves Clause: Evasion moves are banned\n|rule|Species Clause: Limit one of each Pok\u00e9mon\n|rule|Sleep Clause Mod: Limit one foe put to sleep\n|clearpoke\n|poke|p1|Rotom-Heat|\n|poke|p1|Great Tusk|\n|poke|p1|Hatterene, F|\n|poke|p1|Hydreigon, F|\n|poke|p1|Scizor, F|\n|poke|p1|Ogerpon-Wellspring, F|\n|poke|p2|Charizard, M|\n|poke|p2|Greninja-*, M|\n|poke|p2|Garchomp, M|\n|poke|p2|Iron Valiant|\n|poke|p2|Tapu Koko|\n|poke|p2|Mew|\n|teampreview\n|inactive|Battle timer is ON: inactive players will automatically lose when time's up. (requested by skrow siht)\n|\n|t:|1699890040\n|start\n|switch|p1a: Scizor|Scizor, F|100\/100\n|switch|p2a: Greninja|Greninja, M|100\/100\n|turn|1\n|\n|t:|1699890044\n|detailschange|p1a: Scizor|Scizor-Mega, F\n|-mega|p1a: Scizor|Scizor|Scizorite\n|move|p2a: Greninja|U-turn|p1a: Scizor\n|-start|p2a: Greninja|typechange|Bug|[from] ability: Protean\n|-resisted|p1a: Scizor\n|-damage|p1a: Scizor|90\/100\n|\n|t:|1699890053\n|switch|p2a: Charizard|Charizard, M|100\/100|[from] U-turn\n|move|p1a: Scizor|U-turn|p2a: Charizard\n|-resisted|p2a: Charizard\n|-damage|p2a: Charizard|89\/100\n|\n|t:|1699890059\n|switch|p1a: Rotom|Rotom-Heat|100\/100|[from] U-turn\n|\n|upkeep\n|turn|2\n|\n|t:|1699890067\n|switch|p2a: Garchomp|Garchomp, M|100\/100\n|move|p1a: Rotom|Thunderbolt|p2a: Garchomp\n|-immune|p2a: Garchomp\n|\n|upkeep\n|turn|3\n|\n|t:|1699890071\n|switch|p1a: Hatterene|Hatterene, F|100\/100\n|move|p2a: Garchomp|Swords Dance|p2a: Garchomp\n|-boost|p2a: Garchomp|atk|2\n|\n|upkeep\n|turn|4\n|\n|t:|1699890080\n|move|p2a: Garchomp|Earthquake|p1a: Hatterene\n|-damage|p1a: Hatterene|12\/100\n|move|p1a: Hatterene|Draining Kiss|p2a: Garchomp\n|-supereffective|p2a: Garchomp\n|-damage|p2a: Garchomp|55\/100\n|-heal|p1a: Hatterene|50\/100|[from] drain|[of] p2a: Garchomp\n|-damage|p1a: Hatterene|38\/100|[from] ability: Rough Skin|[of] p2a: Garchomp\n|\n|-heal|p1a: Hatterene|44\/100|[from] item: Leftovers\n|upkeep\n|turn|5\n|\n|t:|1699890090\n|switch|p1a: Rotom|Rotom-Heat|100\/100\n|move|p2a: Garchomp|Earthquake|p1a: Rotom\n|-immune|p1a: Rotom|[from] ability: Levitate\n|\n|upkeep\n|turn|6\n|\n|t:|1699890092\n|move|p1a: Rotom|Trick|p2a: Garchomp\n|-activate|p1a: Rotom|move: Trick|[of] p2a: Garchomp\n|-item|p2a: Garchomp|Choice Scarf|[from] move: Trick\n|-item|p1a: Rotom|Loaded Dice|[from] move: Trick\n|move|p2a: Garchomp|Scale Shot|p1a: Rotom\n|-damage|p1a: Rotom|66\/100\n|-damage|p1a: Rotom|29\/100\n|-damage|p1a: Rotom|0 fnt\n|faint|p1a: Rotom\n|-hitcount|p1: Rotom|3\n|-unboost|p2a: Garchomp|def|1\n|-boost|p2a: Garchomp|spe|1\n|\n|upkeep\n|\n|t:|1699890095\n|switch|p1a: Hatterene|Hatterene, F|44\/100\n|turn|7\n|\n|t:|1699890099\n|switch|p2a: Charizard|Charizard, M|89\/100\n|move|p1a: Hatterene|Draining Kiss|p2a: Charizard\n|-resisted|p2a: Charizard\n|-damage|p2a: Charizard|74\/100\n|-heal|p1a: Hatterene|54\/100|[from] drain|[of] p2a: Charizard\n|\n|-heal|p1a: Hatterene|60\/100|[from] item: Leftovers\n|upkeep\n|turn|8\n|\n|t:|1699890107\n|switch|p1a: Hydreigon|Hydreigon, F|100\/100\n|detailschange|p2a: Charizard|Charizard-Mega-Y, M\n|-mega|p2a: Charizard|Charizard|Charizardite Y\n|-weather|SunnyDay|[from] ability: Drought|[of] p2a: Charizard\n|move|p2a: Charizard|Air Slash|p1a: Hydreigon\n|-damage|p1a: Hydreigon|69\/100\n|\n|-weather|SunnyDay|[upkeep]\n|-heal|p1a: Hydreigon|76\/100|[from] item: Leftovers\n|upkeep\n|turn|9\n|\n|t:|1699890113\n|switch|p2a: Greninja|Greninja, M|100\/100\n|move|p1a: Hydreigon|Dark Pulse|p2a: Greninja\n|-resisted|p2a: Greninja\n|-damage|p2a: Greninja|74\/100\n|\n|-weather|SunnyDay|[upkeep]\n|-heal|p1a: Hydreigon|82\/100|[from] item: Leftovers\n|upkeep\n|turn|10\n|\n|t:|1699890119\n|move|p2a: Greninja|U-turn|p1a: Hydreigon\n|-start|p2a: Greninja|typechange|Bug|[from] ability: Protean\n|-supereffective|p1a: Hydreigon\n|-damage|p1a: Hydreigon|23\/100\n|\n|t:|1699890128\n|switch|p2a: Tapu Koko|Tapu Koko|100\/100|[from] U-turn\n|-fieldstart|move: Electric Terrain|[from] ability: Electric Surge|[of] p2a: Tapu Koko\n|move|p1a: Hydreigon|Fire Spin|p2a: Tapu Koko|[miss]\n|-miss|p1a: Hydreigon|p2a: Tapu Koko\n|\n|-weather|SunnyDay|[upkeep]\n|-heal|p1a: Hydreigon|29\/100|[from] item: Leftovers\n|upkeep\n|turn|11\n|\n|t:|1699890137\n|switch|p1a: Scizor|Scizor-Mega, F|90\/100\n|move|p2a: Tapu Koko|Dazzling Gleam|p1a: Scizor\n|-resisted|p1a: Scizor\n|-damage|p1a: Scizor|75\/100\n|-damage|p2a: Tapu Koko|91\/100|[from] item: Life Orb\n|\n|-weather|SunnyDay|[upkeep]\n|upkeep\n|turn|12\n|\n|t:|1699890144\n|move|p2a: Tapu Koko|Thunderbolt|p1a: Scizor\n|-damage|p1a: Scizor|27\/100\n|-damage|p2a: Tapu Koko|81\/100|[from] item: Life Orb\n|move|p1a: Scizor|U-turn|p2a: Tapu Koko\n|-resisted|p2a: Tapu Koko\n|-damage|p2a: Tapu Koko|57\/100\n|-message|skrow siht forfeited.\n|\n|win|spinojoya\n|raw|skrow siht's rating: 1461 &rarr; <strong>1452<\/strong><br \/>(-9 for losing)\n|raw|spinojoya's rating: 1667 &rarr; <strong>1676<\/strong><br \/>(+9 for winning)\n|l|\u2606skrow siht\n","uploadtime":1699890156,"views":9,"p1id":"skrowsiht","p2id":"spinojoya","formatid":"gen9nationaldex","rating":1452,"private":0,"password":""}