{"id":"gen9nationaldex-1996669933","p1":"TheZooKid","p2":"Djujao","format":"[Gen 9] National Dex","log":"|html|<div class=\"broadcast-blue\"><strong>[Gen 9] National Dex is currently suspecting Sneasler! For information on how to participate check out the <a href=\"https:\/\/www.smogon.com\/forums\/threads\/sv-national-dex-suspect-8-just-dance.3731534\/\">suspect thread<\/a>.<\/strong><\/div>\n|j|\u2606TheZooKid\n|j|\u2606Djujao\n|t:|1700707583\n|gametype|singles\n|player|p1|TheZooKid|dragontamer|\n|player|p2|Djujao|pilot|\n|teamsize|p1|6\n|teamsize|p2|6\n|gen|9\n|tier|[Gen 9] National Dex\n|rule|HP Percentage Mod: HP is shown in percentages\n|rule|Endless Battle Clause: Forcing endless battles is banned\n|rule|OHKO Clause: OHKO moves are banned\n|rule|Evasion Clause: Evasion abilities, items, and moves are banned\n|rule|Evasion Abilities Clause: Evasion abilities are banned\n|rule|Evasion Items Clause: Evasion items are banned\n|rule|Evasion Moves Clause: Evasion moves are banned\n|rule|Species Clause: Limit one of each Pok\u00e9mon\n|rule|Sleep Clause Mod: Limit one foe put to sleep\n|clearpoke\n|poke|p1|Mamoswine, F|\n|poke|p1|Ninetales-Alola, F|\n|poke|p1|Kyurem|\n|poke|p1|Arctozolt|\n|poke|p1|Cloyster, F|\n|poke|p1|Rotom-Frost|\n|poke|p2|Infernape, M|\n|poke|p2|Torkoal, M|\n|poke|p2|Lucario, F|\n|poke|p2|Garganacl, M|\n|poke|p2|Great Tusk|\n|poke|p2|Toxapex, M|\n|teampreview\n|c|\u2606Djujao|glhf!\n|c|\u2606TheZooKid|glhf\n|\n|t:|1700707620\n|start\n|switch|p1a: Rotom|Rotom-Frost|100\/100\n|switch|p2a: Torkoal|Torkoal, M|100\/100\n|-weather|SunnyDay|[from] ability: Drought|[of] p2a: Torkoal\n|turn|1\n|\n|t:|1700707628\n|move|p1a: Rotom|Volt Switch|p2a: Torkoal\n|-damage|p2a: Torkoal|60\/100\n|\n|t:|1700707643\n|switch|p1a: Kyurem|Kyurem|100\/100|[from] Volt Switch\n|-ability|p1a: Kyurem|Pressure\n|move|p2a: Torkoal|Shell Smash|p2a: Torkoal\n|-unboost|p2a: Torkoal|def|1\n|-unboost|p2a: Torkoal|spd|1\n|-boost|p2a: Torkoal|atk|2\n|-boost|p2a: Torkoal|spa|2\n|-boost|p2a: Torkoal|spe|2\n|-enditem|p2a: Torkoal|Eject Pack\n|\n|t:|1700707653\n|switch|p2a: Lucario|Lucario, F|100\/100\n|\n|-weather|SunnyDay|[upkeep]\n|upkeep\n|turn|2\n|\n|t:|1700707676\n|move|p2a: Lucario|Copycat|p2a: Lucario\n|move|p2a: Lucario|Shell Smash|p2a: Lucario|[from]move: Copycat\n|-unboost|p2a: Lucario|def|1\n|-unboost|p2a: Lucario|spd|1\n|-boost|p2a: Lucario|atk|2\n|-boost|p2a: Lucario|spa|2\n|-boost|p2a: Lucario|spe|2\n|move|p1a: Kyurem|Substitute|p1a: Kyurem\n|-start|p1a: Kyurem|Substitute\n|-damage|p1a: Kyurem|76\/100\n|\n|-weather|SunnyDay|[upkeep]\n|upkeep\n|turn|3\n|\n|t:|1700707688\n|move|p2a: Lucario|Extreme Speed|p1a: Kyurem\n|-end|p1a: Kyurem|Substitute\n|move|p1a: Kyurem|Scale Shot|p2a: Lucario\n|-resisted|p2a: Lucario\n|-damage|p2a: Lucario|83\/100\n|-resisted|p2a: Lucario\n|-damage|p2a: Lucario|65\/100\n|-resisted|p2a: Lucario\n|-damage|p2a: Lucario|48\/100\n|-resisted|p2a: Lucario\n|-damage|p2a: Lucario|30\/100\n|-hitcount|p2a: Lucario|4\n|-unboost|p1a: Kyurem|def|1\n|-boost|p1a: Kyurem|spe|1\n|\n|-weather|SunnyDay|[upkeep]\n|upkeep\n|turn|4\n|\n|t:|1700707708\n|move|p2a: Lucario|Extreme Speed|p1a: Kyurem\n|-damage|p1a: Kyurem|6\/100\n|move|p1a: Kyurem|Scale Shot|p2a: Lucario\n|-resisted|p2a: Lucario\n|-damage|p2a: Lucario|12\/100\n|-resisted|p2a: Lucario\n|-damage|p2a: Lucario|0 fnt\n|faint|p2a: Lucario\n|-hitcount|p2: Lucario|2\n|-unboost|p1a: Kyurem|def|1\n|-boost|p1a: Kyurem|spe|1\n|\n|-weather|SunnyDay|[upkeep]\n|upkeep\n|\n|t:|1700707720\n|switch|p2a: Infernape|Infernape, M|100\/100\n|turn|5\n|\n|t:|1700707726\n|move|p2a: Infernape|Mach Punch|p1a: Kyurem\n|-supereffective|p1a: Kyurem\n|-damage|p1a: Kyurem|0 fnt\n|faint|p1a: Kyurem\n|-damage|p2a: Infernape|91\/100|[from] item: Life Orb\n|\n|-weather|none\n|upkeep\n|\n|t:|1700707740\n|switch|p1a: Ninetales|Ninetales-Alola, F|100\/100\n|-weather|Snow|[from] ability: Snow Warning|[of] p1a: Ninetales\n|turn|6\n|\n|t:|1700707752\n|switch|p1a: Cloyster|Cloyster, F|100\/100\n|switch|p2a: Torkoal|Torkoal, M|60\/100\n|-weather|SunnyDay|[from] ability: Drought|[of] p2a: Torkoal\n|\n|-weather|SunnyDay|[upkeep]\n|upkeep\n|turn|7\n|\n|t:|1700707766\n|-terastallize|p1a: Cloyster|Rock\n|move|p1a: Cloyster|Shell Smash|p1a: Cloyster\n|-unboost|p1a: Cloyster|def|1\n|-unboost|p1a: Cloyster|spd|1\n|-boost|p1a: Cloyster|atk|2\n|-boost|p1a: Cloyster|spa|2\n|-boost|p1a: Cloyster|spe|2\n|-enditem|p1a: Cloyster|White Herb\n|-clearnegativeboost|p1a: Cloyster|[silent]\n|move|p2a: Torkoal|Eruption|p1a: Cloyster\n|-resisted|p1a: Cloyster\n|-damage|p1a: Cloyster|30\/100\n|\n|-weather|SunnyDay|[upkeep]\n|upkeep\n|turn|8\n|\n|t:|1700707782\n|move|p1a: Cloyster|Rock Blast|p2a: Torkoal\n|-supereffective|p2a: Torkoal\n|-damage|p2a: Torkoal|15\/100\n|-supereffective|p2a: Torkoal\n|-damage|p2a: Torkoal|0 fnt\n|faint|p2a: Torkoal\n|-hitcount|p2: Torkoal|2\n|\n|-weather|SunnyDay|[upkeep]\n|upkeep\n|\n|t:|1700707789\n|switch|p2a: Infernape|Infernape, M|91\/100\n|turn|9\n|\n|t:|1700707798\n|move|p2a: Infernape|Mach Punch|p1a: Cloyster\n|-supereffective|p1a: Cloyster\n|-damage|p1a: Cloyster|0 fnt\n|faint|p1a: Cloyster\n|-damage|p2a: Infernape|81\/100|[from] item: Life Orb\n|\n|-weather|SunnyDay|[upkeep]\n|upkeep\n|\n|t:|1700707805\n|switch|p1a: Ninetales|Ninetales-Alola, F|100\/100\n|-weather|Snow|[from] ability: Snow Warning|[of] p1a: Ninetales\n|turn|10\n|\n|t:|1700707847\n|move|p1a: Ninetales|Aurora Veil|p1a: Ninetales\n|-sidestart|p1: TheZooKid|move: Aurora Veil\n|move|p2a: Infernape|Fire Punch|p1a: Ninetales\n|-supereffective|p1a: Ninetales\n|-damage|p1a: Ninetales|59\/100\n|-damage|p2a: Infernape|71\/100|[from] item: Life Orb\n|\n|-weather|Snow|[upkeep]\n|upkeep\n|turn|11\n|\n|t:|1700707860\n|switch|p1a: Mamoswine|Mamoswine, F|100\/100\n|switch|p2a: Garganacl|Garganacl, M|100\/100\n|\n|-weather|Snow|[upkeep]\n|upkeep\n|turn|12\n|\n|t:|1700707869\n|move|p2a: Garganacl|Protect|p2a: Garganacl\n|-singleturn|p2a: Garganacl|Protect\n|move|p1a: Mamoswine|Earthquake|p2a: Garganacl\n|-activate|p2a: Garganacl|move: Protect\n|\n|-weather|Snow|[upkeep]\n|upkeep\n|turn|13\n|\n|t:|1700707876\n|move|p1a: Mamoswine|Earthquake|p2a: Garganacl\n|-supereffective|p2a: Garganacl\n|-damage|p2a: Garganacl|44\/100\n|move|p2a: Garganacl|Salt Cure|p1a: Mamoswine\n|-damage|p1a: Mamoswine|95\/100\n|-start|p1a: Mamoswine|Salt Cure\n|\n|-weather|Snow|[upkeep]\n|-heal|p2a: Garganacl|50\/100|[from] item: Leftovers\n|-damage|p1a: Mamoswine|82\/100|[from] Salt Cure\n|upkeep\n|turn|14\n|\n|t:|1700707885\n|move|p2a: Garganacl|Protect|p2a: Garganacl\n|-singleturn|p2a: Garganacl|Protect\n|move|p1a: Mamoswine|Earthquake|p2a: Garganacl\n|-activate|p2a: Garganacl|move: Protect\n|\n|-weather|none\n|-heal|p2a: Garganacl|56\/100|[from] item: Leftovers\n|-damage|p1a: Mamoswine|70\/100|[from] Salt Cure\n|upkeep\n|turn|15\n|\n|t:|1700707926\n|switch|p1a: Rotom|Rotom-Frost|100\/100\n|move|p2a: Garganacl|Recover|p2a: Garganacl\n|-heal|p2a: Garganacl|100\/100\n|\n|upkeep\n|turn|16\n|\n|t:|1700707938\n|move|p1a: Rotom|Will-O-Wisp|p2a: Garganacl\n|-immune|p2a: Garganacl|[from] ability: Purifying Salt\n|move|p2a: Garganacl|Stealth Rock|p1a: Rotom\n|-sidestart|p1: TheZooKid|move: Stealth Rock\n|\n|upkeep\n|turn|17\n|\n|t:|1700707944\n|move|p1a: Rotom|Defog|p2a: Garganacl\n|-unboost|p2a: Garganacl|evasion|1\n|-sideend|p1: TheZooKid|Stealth Rock|[from] move: Defog|[of] p1a: Rotom\n|move|p2a: Garganacl|Salt Cure|p1a: Rotom\n|-supereffective|p1a: Rotom\n|-damage|p1a: Rotom|81\/100\n|-start|p1a: Rotom|Salt Cure\n|\n|-damage|p1a: Rotom|68\/100|[from] Salt Cure\n|-sideend|p1: TheZooKid|move: Aurora Veil\n|upkeep\n|turn|18\n|\n|t:|1700707954\n|switch|p1a: Ninetales|Ninetales-Alola, F|59\/100\n|-weather|Snow|[from] ability: Snow Warning|[of] p1a: Ninetales\n|move|p2a: Garganacl|Stealth Rock|p1a: Ninetales\n|-sidestart|p1: TheZooKid|move: Stealth Rock\n|\n|-weather|Snow|[upkeep]\n|upkeep\n|turn|19\n|\n|t:|1700707962\n|move|p1a: Ninetales|Encore|p2a: Garganacl\n|-start|p2a: Garganacl|Encore\n|move|p2a: Garganacl|Stealth Rock||[still]\n|-fail|p2a: Garganacl\n|\n|-weather|Snow|[upkeep]\n|upkeep\n|turn|20\n|\n|t:|1700707972\n|switch|p1a: Mamoswine|Mamoswine, F|70\/100\n|-damage|p1a: Mamoswine|57\/100|[from] Stealth Rock\n|switch|p2a: Infernape|Infernape, M|71\/100\n|\n|-weather|Snow|[upkeep]\n|upkeep\n|turn|21\n|\n|t:|1700707980\n|move|p1a: Mamoswine|Earthquake|p2a: Infernape\n|-supereffective|p2a: Infernape\n|-damage|p2a: Infernape|0 fnt\n|faint|p2a: Infernape\n|\n|-weather|Snow|[upkeep]\n|upkeep\n|\n|t:|1700707991\n|switch|p2a: Great Tusk|Great Tusk|100\/100\n|turn|22\n|\n|t:|1700708025\n|switch|p1a: Arctozolt|Arctozolt|100\/100\n|-damage|p1a: Arctozolt|75\/100|[from] Stealth Rock\n|move|p2a: Great Tusk|Close Combat|p1a: Arctozolt\n|-supereffective|p1a: Arctozolt\n|-damage|p1a: Arctozolt|4\/100\n|-unboost|p2a: Great Tusk|def|1\n|-unboost|p2a: Great Tusk|spd|1\n|\n|-weather|none\n|upkeep\n|turn|23\n|\n|t:|1700708040\n|move|p2a: Great Tusk|Knock Off|p1a: Arctozolt\n|-damage|p1a: Arctozolt|0 fnt\n|-enditem|p1a: Arctozolt|Loaded Dice|[from] move: Knock Off|[of] p2a: Great Tusk\n|faint|p1a: Arctozolt\n|\n|upkeep\n|\n|t:|1700708046\n|switch|p1a: Ninetales|Ninetales-Alola, F|59\/100\n|-damage|p1a: Ninetales|34\/100|[from] Stealth Rock\n|-weather|Snow|[from] ability: Snow Warning|[of] p1a: Ninetales\n|turn|24\n|\n|t:|1700708056\n|-end|p2a: Great Tusk|Protosynthesis|[silent]\n|switch|p2a: Toxapex|Toxapex, M|100\/100\n|move|p1a: Ninetales|Blizzard|p2a: Toxapex\n|-resisted|p2a: Toxapex\n|-damage|p2a: Toxapex|90\/100\n|\n|-weather|Snow|[upkeep]\n|-heal|p2a: Toxapex|96\/100|[from] item: Black Sludge\n|upkeep\n|turn|25\n|\n|t:|1700708064\n|move|p1a: Ninetales|Aurora Veil|p1a: Ninetales\n|-sidestart|p1: TheZooKid|move: Aurora Veil\n|move|p2a: Toxapex|Toxic|p1a: Ninetales\n|-status|p1a: Ninetales|tox\n|\n|-weather|Snow|[upkeep]\n|-heal|p2a: Toxapex|100\/100|[from] item: Black Sludge\n|-damage|p1a: Ninetales|29\/100 tox|[from] psn\n|upkeep\n|turn|26\n|\n|t:|1700708072\n|move|p1a: Ninetales|Encore|p2a: Toxapex\n|-start|p2a: Toxapex|Encore\n|move|p2a: Toxapex|Toxic|p1a: Ninetales\n|-fail|p1a: Ninetales|tox\n|\n|-weather|Snow|[upkeep]\n|-damage|p1a: Ninetales|16\/100 tox|[from] psn\n|upkeep\n|turn|27\n|\n|t:|1700708081\n|switch|p1a: Mamoswine|Mamoswine, F|57\/100\n|-damage|p1a: Mamoswine|45\/100|[from] Stealth Rock\n|switch|p2a: Great Tusk|Great Tusk|100\/100\n|\n|-weather|Snow|[upkeep]\n|upkeep\n|turn|28\n|\n|t:|1700708094\n|move|p1a: Mamoswine|Icicle Crash|p2a: Great Tusk\n|-supereffective|p2a: Great Tusk\n|-enditem|p2a: Great Tusk|Yache Berry|[eat]\n|-enditem|p2a: Great Tusk|Yache Berry|[weaken]\n|-damage|p2a: Great Tusk|69\/100\n|move|p2a: Great Tusk|Knock Off|p1a: Mamoswine\n|-damage|p1a: Mamoswine|35\/100\n|-enditem|p1a: Mamoswine|Choice Scarf|[from] move: Knock Off|[of] p2a: Great Tusk\n|\n|-weather|none\n|upkeep\n|turn|29\n|\n|t:|1700708114\n|switch|p1a: Ninetales|Ninetales-Alola, F|16\/100 tox\n|-damage|p1a: Ninetales|0 fnt|[from] Stealth Rock\n|faint|p1a: Ninetales\n|move|p2a: Great Tusk|Close Combat|p1: Ninetales|[notarget]\n|-fail|p2a: Great Tusk\n|\n|upkeep\n|\n|t:|1700708121\n|switch|p1a: Rotom|Rotom-Frost|68\/100\n|turn|30\n|\n|t:|1700708135\n|move|p2a: Great Tusk|Knock Off|p1a: Rotom\n|-damage|p1a: Rotom|49\/100\n|-enditem|p1a: Rotom|Heavy-Duty Boots|[from] move: Knock Off|[of] p2a: Great Tusk\n|move|p1a: Rotom|Will-O-Wisp|p2a: Great Tusk\n|-status|p2a: Great Tusk|brn\n|\n|-damage|p2a: Great Tusk|63\/100 brn|[from] brn\n|upkeep\n|turn|31\n|\n|t:|1700708143\n|move|p2a: Great Tusk|Close Combat|p1a: Rotom\n|-supereffective|p1a: Rotom\n|-damage|p1a: Rotom|17\/100\n|-unboost|p2a: Great Tusk|def|1\n|-unboost|p2a: Great Tusk|spd|1\n|move|p1a: Rotom|Blizzard|p2a: Great Tusk|[miss]\n|-miss|p1a: Rotom|p2a: Great Tusk\n|\n|-damage|p2a: Great Tusk|57\/100 brn|[from] brn\n|upkeep\n|turn|32\n|c|\u2606TheZooKid|bruh\n|\n|t:|1700708153\n|move|p2a: Great Tusk|Close Combat|p1a: Rotom\n|-supereffective|p1a: Rotom\n|-damage|p1a: Rotom|0 fnt\n|-unboost|p2a: Great Tusk|def|1\n|-unboost|p2a: Great Tusk|spd|1\n|faint|p1a: Rotom\n|\n|-damage|p2a: Great Tusk|50\/100 brn|[from] brn\n|-sideend|p1: TheZooKid|move: Aurora Veil\n|upkeep\n|c|\u2606Djujao|unfort\n|\n|t:|1700708158\n|switch|p1a: Mamoswine|Mamoswine, F|35\/100\n|-damage|p1a: Mamoswine|23\/100|[from] Stealth Rock\n|turn|33\n|\n|t:|1700708165\n|move|p2a: Great Tusk|Close Combat|p1a: Mamoswine\n|-supereffective|p1a: Mamoswine\n|-damage|p1a: Mamoswine|0 fnt\n|-unboost|p2a: Great Tusk|def|1\n|-unboost|p2a: Great Tusk|spd|1\n|faint|p1a: Mamoswine\n|\n|win|Djujao\n|c|\u2606TheZooKid|gg\n|c|\u2606Djujao|gg\n|l|\u2606Djujao\n","uploadtime":1700708205,"views":9,"p1id":"thezookid","p2id":"djujao","formatid":"gen9nationaldex","rating":0,"private":0,"password":""}