{"id":"gen9nationaldex-1996091978","p1":"gadgetmcfly","p2":"but the government","format":"[Gen 9] National Dex","log":"|html|<div class=\"broadcast-blue\"><strong>[Gen 9] National Dex is currently suspecting Sneasler! For information on how to participate check out the <a href=\"https:\/\/www.smogon.com\/forums\/threads\/sv-national-dex-suspect-8-just-dance.3731534\/\">suspect thread<\/a>.<\/strong><\/div>\n|j|\u2606gadgetmcfly\n|j|\u2606but the government\n|t:|1700642767\n|gametype|singles\n|player|p1|gadgetmcfly|cynthia|1174\n|player|p2|but the government|waitress-gen4|1172\n|teamsize|p1|6\n|teamsize|p2|6\n|gen|9\n|tier|[Gen 9] National Dex\n|rated|\n|rule|HP Percentage Mod: HP is shown in percentages\n|rule|Endless Battle Clause: Forcing endless battles is banned\n|rule|OHKO Clause: OHKO moves are banned\n|rule|Evasion Clause: Evasion abilities, items, and moves are banned\n|rule|Evasion Abilities Clause: Evasion abilities are banned\n|rule|Evasion Items Clause: Evasion items are banned\n|rule|Evasion Moves Clause: Evasion moves are banned\n|rule|Species Clause: Limit one of each Pok\u00e9mon\n|rule|Sleep Clause Mod: Limit one foe put to sleep\n|clearpoke\n|poke|p1|Meowscarada, F|\n|poke|p1|Urshifu-*, F|\n|poke|p1|Delphox, F|\n|poke|p1|Hatterene, F|\n|poke|p1|Lucario, M|\n|poke|p1|Hydreigon, F|\n|poke|p2|Corviknight, M|\n|poke|p2|Ferrothorn, M|\n|poke|p2|Jellicent, F|\n|poke|p2|Xurkitree|\n|poke|p2|Jynx, F|\n|poke|p2|Marowak-Alola, M|\n|teampreview\n|inactive|Battle timer is ON: inactive players will automatically lose when time's up. (requested by but the government)\n|\n|t:|1700642803\n|start\n|switch|p1a: Urshifu|Urshifu-Rapid-Strike, F|100\/100\n|switch|p2a: Marowak|Marowak-Alola, M|100\/100\n|turn|1\n|\n|t:|1700642809\n|switch|p2a: Ferrothorn|Ferrothorn, M|100\/100\n|-singleturn|p1a: Urshifu|move: Focus Punch\n|move|p1a: Urshifu|Focus Punch|p2a: Ferrothorn\n|-supereffective|p2a: Ferrothorn\n|-damage|p2a: Ferrothorn|0 fnt\n|-damage|p1a: Urshifu|88\/100|[from] ability: Iron Barbs|[of] p2a: Ferrothorn\n|-damage|p1a: Urshifu|72\/100|[from] item: Rocky Helmet|[of] p2a: Ferrothorn\n|faint|p2a: Ferrothorn\n|\n|upkeep\n|l|\u2606but the government\n|inactive|but the government disconnected and has a minute to reconnect!\n|player|p2|\n|j|\u2606but the government\n|inactive|but the government reconnected and has 130 seconds left.\n|player|p2|but the government|waitress-gen4\n|inactive|but the government has 120 seconds left.\n|\n|t:|1700642843\n|switch|p2a: Jelloman|Jellicent, F, shiny|100\/100\n|turn|2\n|\n|t:|1700642868\n|switch|p1a: Hydreigon|Hydreigon, F|100\/100\n|move|p2a: Jelloman|Flash|p1a: Hydreigon\n|-unboost|p1a: Hydreigon|accuracy|1\n|\n|upkeep\n|turn|3\n|inactive|gadgetmcfly has 120 seconds left.\n|\n|t:|1700642889\n|move|p1a: Hydreigon|Draco Meteor|p2a: Jelloman|[miss]\n|-miss|p1a: Hydreigon|p2a: Jelloman\n|move|p2a: Jelloman|Flash|p1a: Hydreigon\n|-unboost|p1a: Hydreigon|accuracy|1\n|\n|upkeep\n|turn|4\n|\n|t:|1700642894\n|move|p1a: Hydreigon|Draco Meteor|p2a: Jelloman|[miss]\n|-miss|p1a: Hydreigon|p2a: Jelloman\n|move|p2a: Jelloman|Water Spout|p1a: Hydreigon\n|-resisted|p1a: Hydreigon\n|-damage|p1a: Hydreigon|76\/100\n|\n|upkeep\n|turn|5\n|\n|t:|1700642903\n|switch|p2a: Jynx|Jynx, F, shiny|100\/100\n|-activate|p2a: Jynx|ability: Forewarn|Draco Meteor|[of] p1a: Hydreigon\n|move|p1a: Hydreigon|Draco Meteor|p2a: Jynx|[miss]\n|-miss|p1a: Hydreigon|p2a: Jynx\n|\n|upkeep\n|turn|6\n|\n|t:|1700642912\n|switch|p1a: Delphox|Delphox, F|100\/100\n|move|p2a: Jynx|Ice Beam|p1a: Delphox\n|-resisted|p1a: Delphox\n|-damage|p1a: Delphox|76\/100\n|\n|upkeep\n|turn|7\n|\n|t:|1700642917\n|switch|p2a: Marowak|Marowak-Alola, M|100\/100\n|move|p1a: Delphox|Nasty Plot|p1a: Delphox\n|-boost|p1a: Delphox|spa|2\n|\n|upkeep\n|turn|8\n|\n|t:|1700642925\n|move|p1a: Delphox|Fire Blast|p2a: Marowak|[miss]\n|-miss|p1a: Delphox|p2a: Marowak\n|move|p2a: Marowak|Bonemerang|p1a: Delphox\n|-supereffective|p1a: Delphox\n|-damage|p1a: Delphox|0 fnt\n|faint|p1a: Delphox\n|-hitcount|p1: Delphox|1\n|\n|upkeep\n|\n|t:|1700642931\n|switch|p1a: Urshifu|Urshifu-Rapid-Strike, F|72\/100\n|turn|9\n|\n|t:|1700642951\n|-singleturn|p1a: Urshifu|move: Focus Punch\n|move|p2a: Marowak|Shadow Bone|p1a: Urshifu\n|-damage|p1a: Urshifu|0 fnt\n|faint|p1a: Urshifu\n|\n|upkeep\n|inactive|gadgetmcfly has 120 seconds left.\n|\n|t:|1700642974\n|switch|p1a: Hydreigon|Hydreigon, F|76\/100\n|turn|10\n|\n|t:|1700642980\n|move|p2a: Marowak|Detect|p2a: Marowak\n|-singleturn|p2a: Marowak|Protect\n|move|p1a: Hydreigon|Draco Meteor|p2a: Marowak\n|-activate|p2a: Marowak|move: Protect\n|\n|upkeep\n|turn|11\n|inactive|gadgetmcfly has 120 seconds left.\n|\n|t:|1700643002\n|switch|p1a: Lucario|Lucario, M|100\/100\n|move|p2a: Marowak|Bonemerang|p1a: Lucario\n|-supereffective|p1a: Lucario\n|-damage|p1a: Lucario|16\/100\n|-supereffective|p1a: Lucario\n|-damage|p1a: Lucario|0 fnt\n|faint|p1a: Lucario\n|-hitcount|p1: Lucario|2\n|\n|upkeep\n|\n|t:|1700643025\n|switch|p1a: Hydreigon|Hydreigon, F|76\/100\n|turn|12\n|\n|t:|1700643029\n|move|p2a: Marowak|Detect|p2a: Marowak\n|-singleturn|p2a: Marowak|Protect\n|move|p1a: Hydreigon|Earth Power|p2a: Marowak\n|-activate|p2a: Marowak|move: Protect\n|\n|upkeep\n|turn|13\n|\n|t:|1700643039\n|switch|p2a: Corviknight|Corviknight, M|100\/100\n|-ability|p2a: Corviknight|Pressure\n|move|p1a: Hydreigon|Earth Power|p2a: Corviknight\n|-immune|p2a: Corviknight\n|\n|upkeep\n|turn|14\n|\n|t:|1700643046\n|switch|p1a: Hatterene|Hatterene, F|100\/100\n|move|p2a: Corviknight|U-turn|p1a: Hatterene\n|-damage|p1a: Hatterene|84\/100\n|\n|t:|1700643057\n|switch|p2a: Zapzap|Xurkitree|100\/100|[from] U-turn\n|\n|upkeep\n|turn|15\n|inactive|gadgetmcfly has 120 seconds left.\n|\n|t:|1700643095\n|-terastallize|p1a: Hatterene|Steel\n|-zpower|p2a: Zapzap\n|move|p2a: Zapzap|Gigavolt Havoc|p1a: Hatterene|[zeffect]\n|-damage|p1a: Hatterene|12\/100\n|move|p1a: Hatterene|Psychic|p2a: Zapzap\n|-damage|p2a: Zapzap|17\/100\n|\n|upkeep\n|turn|16\n|\n|t:|1700643114\n|switch|p1a: Meowscarada|Meowscarada, F|100\/100\n|move|p2a: Zapzap|Signal Beam|p1a: Meowscarada\n|-supereffective|p1a: Meowscarada\n|-damage|p1a: Meowscarada|0 fnt\n|faint|p1a: Meowscarada\n|-ability|p2a: Zapzap|Beast Boost|boost\n|-boost|p2a: Zapzap|spa|1\n|\n|upkeep\n|\n|t:|1700643119\n|switch|p1a: Hydreigon|Hydreigon, F|76\/100\n|turn|17\n|\n|t:|1700643125\n|switch|p2a: Corviknight|Corviknight, M|100\/100\n|-ability|p2a: Corviknight|Pressure\n|move|p1a: Hydreigon|Dark Pulse|p2a: Corviknight\n|-damage|p2a: Corviknight|59\/100\n|\n|upkeep\n|turn|18\n|\n|t:|1700643134\n|-terastallize|p2a: Corviknight|Flying\n|move|p1a: Hydreigon|Dark Pulse|p2a: Corviknight\n|-damage|p2a: Corviknight|21\/100\n|move|p2a: Corviknight|Brave Bird|p1a: Hydreigon\n|-damage|p1a: Hydreigon|20\/100\n|-damage|p2a: Corviknight|5\/100|[from] Recoil\n|\n|upkeep\n|turn|19\n|\n|t:|1700643147\n|move|p1a: Hydreigon|Dark Pulse|p2a: Corviknight\n|-damage|p2a: Corviknight|0 fnt\n|faint|p2a: Corviknight\n|\n|upkeep\n|\n|t:|1700643158\n|switch|p2a: Jynx|Jynx, F, shiny|100\/100\n|-activate|p2a: Jynx|ability: Forewarn|Draco Meteor|[of] p1a: Hydreigon\n|turn|20\n|\n|t:|1700643162\n|move|p2a: Jynx|Fake Out|p1a: Hydreigon\n|-damage|p1a: Hydreigon|13\/100\n|cant|p1a: Hydreigon|flinch\n|\n|upkeep\n|turn|21\n|\n|t:|1700643167\n|switch|p2a: Zapzap|Xurkitree|17\/100\n|move|p1a: Hydreigon|Dark Pulse|p2a: Zapzap\n|-crit|p2a: Zapzap\n|-damage|p2a: Zapzap|0 fnt\n|faint|p2a: Zapzap\n|\n|upkeep\n|\n|t:|1700643172\n|switch|p2a: Jynx|Jynx, F, shiny|100\/100\n|-activate|p2a: Jynx|ability: Forewarn|Draco Meteor|[of] p1a: Hydreigon\n|turn|22\n|\n|t:|1700643181\n|move|p2a: Jynx|Fake Out|p1a: Hydreigon\n|-crit|p1a: Hydreigon\n|-damage|p1a: Hydreigon|3\/100\n|cant|p1a: Hydreigon|flinch\n|\n|upkeep\n|turn|23\n|\n|t:|1700643191\n|switch|p2a: Jelloman|Jellicent, F, shiny|100\/100\n|move|p1a: Hydreigon|Dark Pulse|p2a: Jelloman\n|-supereffective|p2a: Jelloman\n|-damage|p2a: Jelloman|51\/100\n|\n|-heal|p2a: Jelloman|58\/100|[from] item: Leftovers\n|upkeep\n|turn|24\n|\n|t:|1700643196\n|move|p1a: Hydreigon|Dark Pulse|p2a: Jelloman\n|-supereffective|p2a: Jelloman\n|-damage|p2a: Jelloman|6\/100\n|move|p2a: Jelloman|Water Spout|p1a: Hydreigon\n|-resisted|p1a: Hydreigon\n|-damage|p1a: Hydreigon|2\/100\n|\n|-heal|p2a: Jelloman|12\/100|[from] item: Leftovers\n|upkeep\n|turn|25\n|\n|t:|1700643199\n|move|p1a: Hydreigon|Dark Pulse|p2a: Jelloman\n|-supereffective|p2a: Jelloman\n|-damage|p2a: Jelloman|0 fnt\n|faint|p2a: Jelloman\n|\n|upkeep\n|\n|t:|1700643201\n|switch|p2a: Jynx|Jynx, F, shiny|100\/100\n|-activate|p2a: Jynx|ability: Forewarn|Draco Meteor|[of] p1a: Hydreigon\n|turn|26\n|\n|t:|1700643207\n|switch|p1a: Hatterene|Hatterene, F, tera:Steel|12\/100\n|move|p2a: Jynx|Fake Out|p1a: Hatterene\n|-resisted|p1a: Hatterene\n|-damage|p1a: Hatterene|9\/100\n|\n|upkeep\n|turn|27\n|\n|t:|1700643214\n|move|p2a: Jynx|Psychic|p1a: Hatterene\n|-resisted|p1a: Hatterene\n|-damage|p1a: Hatterene|0 fnt\n|faint|p1a: Hatterene\n|\n|upkeep\n|\n|t:|1700643216\n|switch|p1a: Hydreigon|Hydreigon, F|2\/100\n|turn|28\n|\n|t:|1700643222\n|switch|p2a: Marowak|Marowak-Alola, M|100\/100\n|move|p1a: Hydreigon|Dark Pulse|p2a: Marowak\n|-supereffective|p2a: Marowak\n|-damage|p2a: Marowak|0 fnt\n|faint|p2a: Marowak\n|\n|upkeep\n|\n|t:|1700643226\n|switch|p2a: Jynx|Jynx, F, shiny|100\/100\n|-activate|p2a: Jynx|ability: Forewarn|Draco Meteor|[of] p1a: Hydreigon\n|turn|29\n|\n|t:|1700643229\n|move|p2a: Jynx|Fake Out|p1a: Hydreigon\n|-damage|p1a: Hydreigon|0 fnt\n|faint|p1a: Hydreigon\n|\n|win|but the government\n|raw|gadgetmcfly's rating: 1174 &rarr; <strong>1149<\/strong><br \/>(-25 for losing)\n|raw|but the government's rating: 1172 &rarr; <strong>1197<\/strong><br \/>(+25 for winning)\n","uploadtime":1700643236,"views":1,"p1id":"gadgetmcfly","p2id":"butthegovernment","formatid":"gen9nationaldex","rating":1149,"private":0,"password":""}