{"id":"gen9nationaldex-1994350704","p1":"StarChaserV","p2":"Ankoro45","format":"[Gen 9] National Dex","log":"|j|\u2606StarChaserV\n|j|\u2606Ankoro45\n|t:|1700434015\n|gametype|singles\n|player|p1|StarChaserV|tate|1454\n|player|p2|Ankoro45|noland-gen3|1454\n|teamsize|p1|6\n|teamsize|p2|6\n|gen|9\n|tier|[Gen 9] National Dex\n|rated|\n|rule|HP Percentage Mod: HP is shown in percentages\n|rule|Endless Battle Clause: Forcing endless battles is banned\n|rule|OHKO Clause: OHKO moves are banned\n|rule|Evasion Clause: Evasion abilities, items, and moves are banned\n|rule|Evasion Abilities Clause: Evasion abilities are banned\n|rule|Evasion Items Clause: Evasion items are banned\n|rule|Evasion Moves Clause: Evasion moves are banned\n|rule|Species Clause: Limit one of each Pok\u00e9mon\n|rule|Sleep Clause Mod: Limit one foe put to sleep\n|clearpoke\n|poke|p1|Inteleon, F|\n|poke|p1|Dragonite, M|\n|poke|p1|Vivillon-Pokeball, F|\n|poke|p1|Clefable, F|\n|poke|p1|Victini|\n|poke|p1|Jellicent, F|\n|poke|p2|Shiinotic, M|\n|poke|p2|Banette, M|\n|poke|p2|Dragonite, M|\n|poke|p2|Ogerpon-Wellspring, F|\n|poke|p2|Arcanine-Hisui, F|\n|poke|p2|Ting-Lu|\n|teampreview\n|inactive|Battle timer is ON: inactive players will automatically lose when time's up. (requested by StarChaserV)\n|\n|t:|1700434028\n|start\n|switch|p1a: Pok\u00e9ball|Vivillon-Pokeball, F|100\/100\n|switch|p2a: Banette|Banette, M|100\/100\n|turn|1\n|\n|t:|1700434034\n|detailschange|p2a: Banette|Banette-Mega, M\n|-mega|p2a: Banette|Banette|Banettite\n|move|p1a: Pok\u00e9ball|Hurricane|p2a: Banette\n|-damage|p2a: Banette|31\/100\n|-start|p2a: Banette|confusion\n|-activate|p2a: Banette|confusion\n|-damage|p2a: Banette|4\/100|[from] confusion\n|\n|upkeep\n|turn|2\n|\n|t:|1700434041\n|-activate|p2a: Banette|confusion\n|-damage|p2a: Banette|0 fnt|[from] confusion\n|faint|p2a: Banette\n|move|p1a: Pok\u00e9ball|Tera Blast|p2: Banette|[notarget]\n|-fail|p1a: Pok\u00e9ball\n|\n|upkeep\n|\n|t:|1700434051\n|switch|p2a: Arcanine|Arcanine-Hisui, F|100\/100\n|turn|3\n|\n|t:|1700434055\n|move|p2a: Arcanine|Head Smash|p1a: Pok\u00e9ball\n|-supereffective|p1a: Pok\u00e9ball\n|-enditem|p1a: Pok\u00e9ball|Focus Sash\n|-damage|p1a: Pok\u00e9ball|1\/100\n|move|p1a: Pok\u00e9ball|Sleep Powder|p2a: Arcanine\n|-status|p2a: Arcanine|slp|[from] move: Sleep Powder\n|\n|upkeep\n|turn|4\n|\n|t:|1700434060\n|cant|p2a: Arcanine|slp\n|move|p1a: Pok\u00e9ball|Quiver Dance|p1a: Pok\u00e9ball\n|-boost|p1a: Pok\u00e9ball|spa|1\n|-boost|p1a: Pok\u00e9ball|spd|1\n|-boost|p1a: Pok\u00e9ball|spe|1\n|\n|upkeep\n|turn|5\n|\n|t:|1700434065\n|move|p1a: Pok\u00e9ball|Hurricane|p2a: Arcanine|[miss]\n|-miss|p1a: Pok\u00e9ball|p2a: Arcanine\n|cant|p2a: Arcanine|slp\n|\n|upkeep\n|turn|6\n|\n|t:|1700434068\n|move|p1a: Pok\u00e9ball|Hurricane|p2a: Arcanine\n|-resisted|p2a: Arcanine\n|-damage|p2a: Arcanine|62\/100 slp\n|-start|p2a: Arcanine|confusion\n|-curestatus|p2a: Arcanine|slp|[msg]\n|-activate|p2a: Arcanine|confusion\n|-damage|p2a: Arcanine|45\/100|[from] confusion\n|\n|upkeep\n|turn|7\n|\n|t:|1700434076\n|move|p1a: Pok\u00e9ball|Hurricane|p2a: Arcanine\n|-resisted|p2a: Arcanine\n|-damage|p2a: Arcanine|4\/100\n|-activate|p2a: Arcanine|confusion\n|move|p2a: Arcanine|Head Smash|p1a: Pok\u00e9ball\n|-supereffective|p1a: Pok\u00e9ball\n|-damage|p1a: Pok\u00e9ball|0 fnt\n|faint|p1a: Pok\u00e9ball\n|\n|upkeep\n|\n|t:|1700434084\n|switch|p1a: Aqua|Inteleon, F|100\/100\n|turn|8\n|\n|t:|1700434089\n|move|p1a: Aqua|Ice Beam|p2a: Arcanine\n|-resisted|p2a: Arcanine\n|-damage|p2a: Arcanine|0 fnt\n|faint|p2a: Arcanine\n|\n|upkeep\n|\n|t:|1700434092\n|switch|p2a: Ogerpon|Ogerpon-Wellspring, F|100\/100\n|turn|9\n|\n|t:|1700434101\n|switch|p1a: Wing|Dragonite, M|100\/100\n|move|p2a: Ogerpon|Power Whip|p1a: Wing\n|-resisted|p1a: Wing\n|-damage|p1a: Wing|91\/100\n|\n|upkeep\n|turn|10\n|\n|t:|1700434106\n|move|p2a: Ogerpon|Play Rough|p1a: Wing\n|-supereffective|p1a: Wing\n|-damage|p1a: Wing|7\/100\n|-enditem|p1a: Wing|Weakness Policy\n|-boost|p1a: Wing|atk|2|[from] item: Weakness Policy\n|-boost|p1a: Wing|spa|2|[from] item: Weakness Policy\n|move|p1a: Wing|Dragon Dance|p1a: Wing\n|-boost|p1a: Wing|atk|1\n|-boost|p1a: Wing|spe|1\n|\n|upkeep\n|turn|11\n|\n|t:|1700434112\n|switch|p2a: Shiinotic|Shiinotic, M|100\/100\n|-terastallize|p1a: Wing|Normal\n|move|p1a: Wing|Extreme Speed|p2a: Shiinotic\n|-damage|p2a: Shiinotic|0 fnt\n|faint|p2a: Shiinotic\n|\n|upkeep\n|\n|t:|1700434115\n|switch|p2a: Dragonite|Dragonite, M|100\/100\n|turn|12\n|\n|t:|1700434117\n|move|p1a: Wing|Extreme Speed|p2a: Dragonite\n|-damage|p2a: Dragonite|44\/100\n|move|p2a: Dragonite|Extreme Speed|p1a: Wing\n|-crit|p1a: Wing\n|-damage|p1a: Wing|0 fnt\n|faint|p1a: Wing\n|\n|upkeep\n|\n|t:|1700434120\n|switch|p1a: Aqua|Inteleon, F|100\/100\n|turn|13\n|\n|t:|1700434123\n|move|p2a: Dragonite|Extreme Speed|p1a: Aqua\n|-damage|p1a: Aqua|49\/100\n|move|p1a: Aqua|Ice Beam|p2a: Dragonite\n|-supereffective|p2a: Dragonite\n|-damage|p2a: Dragonite|0 fnt\n|faint|p2a: Dragonite\n|\n|upkeep\n|\n|t:|1700434128\n|switch|p2a: Ogerpon|Ogerpon-Wellspring, F|100\/100\n|turn|14\n|\n|t:|1700434130\n|move|p1a: Aqua|Dark Pulse|p2a: Ogerpon\n|-damage|p2a: Ogerpon|68\/100\n|move|p2a: Ogerpon|Swords Dance|p2a: Ogerpon\n|-boost|p2a: Ogerpon|atk|2\n|\n|upkeep\n|turn|15\n|\n|t:|1700434136\n|move|p1a: Aqua|Haze|p1a: Aqua\n|-clearallboost\n|move|p2a: Ogerpon|Power Whip|p1a: Aqua\n|-supereffective|p1a: Aqua\n|-damage|p1a: Aqua|0 fnt\n|faint|p1a: Aqua\n|\n|upkeep\n|\n|t:|1700434141\n|switch|p1a: Jelly|Jellicent, F|100\/100\n|turn|16\n|\n|t:|1700434150\n|switch|p2a: Ting-Lu|Ting-Lu|100\/100\n|-ability|p2a: Ting-Lu|Vessel of Ruin\n|move|p1a: Jelly|Toxic|p2a: Ting-Lu\n|-status|p2a: Ting-Lu|tox\n|\n|-damage|p2a: Ting-Lu|94\/100 tox|[from] psn\n|upkeep\n|turn|17\n|\n|t:|1700434153\n|move|p1a: Jelly|Confuse Ray|p2a: Ting-Lu\n|-start|p2a: Ting-Lu|confusion\n|-activate|p2a: Ting-Lu|confusion\n|move|p2a: Ting-Lu|Ruination|p1a: Jelly\n|-damage|p1a: Jelly|50\/100\n|-start|p2a: Ting-Lu|Disable|Ruination|[from] ability: Cursed Body|[of] p1a: Jelly\n|\n|-heal|p1a: Jelly|57\/100|[from] item: Leftovers\n|-heal|p2a: Ting-Lu|100\/100 tox|[from] item: Leftovers\n|-damage|p2a: Ting-Lu|88\/100 tox|[from] psn\n|upkeep\n|turn|18\n|\n|t:|1700434156\n|move|p1a: Jelly|Protect|p1a: Jelly\n|-singleturn|p1a: Jelly|Protect\n|-activate|p2a: Ting-Lu|confusion\n|-damage|p2a: Ting-Lu|82\/100 tox|[from] confusion\n|\n|-heal|p1a: Jelly|63\/100|[from] item: Leftovers\n|-heal|p2a: Ting-Lu|89\/100 tox|[from] item: Leftovers\n|-damage|p2a: Ting-Lu|70\/100 tox|[from] psn\n|upkeep\n|turn|19\n|\n|t:|1700434162\n|move|p1a: Jelly|Protect||[still]\n|-fail|p1a: Jelly\n|-end|p2a: Ting-Lu|confusion\n|move|p2a: Ting-Lu|Memento|p1a: Jelly\n|-unboost|p1a: Jelly|atk|2\n|-unboost|p1a: Jelly|spa|2\n|faint|p2a: Ting-Lu\n|\n|-heal|p1a: Jelly|69\/100|[from] item: Leftovers\n|upkeep\n|\n|t:|1700434165\n|switch|p2a: Ogerpon|Ogerpon-Wellspring, F|68\/100\n|turn|20\n|\n|t:|1700434170\n|move|p1a: Jelly|Protect|p1a: Jelly\n|-singleturn|p1a: Jelly|Protect\n|move|p2a: Ogerpon|Power Whip|p1a: Jelly\n|-activate|p1a: Jelly|move: Protect\n|\n|-heal|p1a: Jelly|75\/100|[from] item: Leftovers\n|upkeep\n|turn|21\n|\n|t:|1700434172\n|move|p2a: Ogerpon|Power Whip|p1a: Jelly|[miss]\n|-miss|p2a: Ogerpon|p1a: Jelly\n|move|p1a: Jelly|Toxic|p2a: Ogerpon\n|-status|p2a: Ogerpon|tox\n|\n|-heal|p1a: Jelly|81\/100|[from] item: Leftovers\n|-damage|p2a: Ogerpon|62\/100 tox|[from] psn\n|upkeep\n|turn|22\n|\n|t:|1700434175\n|move|p1a: Jelly|Protect|p1a: Jelly\n|-singleturn|p1a: Jelly|Protect\n|move|p2a: Ogerpon|Swords Dance|p2a: Ogerpon\n|-boost|p2a: Ogerpon|atk|2\n|\n|-heal|p1a: Jelly|87\/100|[from] item: Leftovers\n|-damage|p2a: Ogerpon|50\/100 tox|[from] psn\n|upkeep\n|turn|23\n|\n|t:|1700434178\n|move|p2a: Ogerpon|Power Whip|p1a: Jelly\n|-supereffective|p1a: Jelly\n|-damage|p1a: Jelly|0 fnt\n|faint|p1a: Jelly\n|\n|-damage|p2a: Ogerpon|32\/100 tox|[from] psn\n|upkeep\n|\n|t:|1700434181\n|switch|p1a: GODtini|Victini|100\/100\n|turn|24\n|\n|t:|1700434185\n|-terastallize|p2a: Ogerpon|Water\n|detailschange|p2a: Ogerpon|Ogerpon-Wellspring-Tera, F, tera:Water\n|-ability|p2a: Ogerpon|Embody Aspect (Wellspring)|boost\n|-boost|p2a: Ogerpon|spd|1\n|move|p2a: Ogerpon|Ivy Cudgel|p1a: GODtini|[anim] Ivy Cudgel Water\n|-supereffective|p1a: GODtini\n|-damage|p1a: GODtini|0 fnt\n|faint|p1a: GODtini\n|\n|-damage|p2a: Ogerpon|8\/100 tox|[from] psn\n|upkeep\n|\n|t:|1700434189\n|switch|p1a: Clef\u00e9f\u00e9|Clefable, F|100\/100\n|turn|25\n|\n|t:|1700434193\n|move|p2a: Ogerpon|Ivy Cudgel|p1a: Clef\u00e9f\u00e9|[anim] Ivy Cudgel Water\n|-damage|p1a: Clef\u00e9f\u00e9|27\/100\n|move|p1a: Clef\u00e9f\u00e9|Cosmic Power|p1a: Clef\u00e9f\u00e9\n|-boost|p1a: Clef\u00e9f\u00e9|def|1\n|-boost|p1a: Clef\u00e9f\u00e9|spd|1\n|\n|-damage|p2a: Ogerpon|0 fnt|[from] psn\n|faint|p2a: Ogerpon\n|\n|win|StarChaserV\n|upkeep\n|raw|StarChaserV's rating: 1454 &rarr; <strong>1474<\/strong><br \/>(+20 for winning)\n|raw|Ankoro45's rating: 1454 &rarr; <strong>1434<\/strong><br \/>(-20 for losing)\n|l|\u2606Ankoro45\n","uploadtime":1700434199,"views":13,"p1id":"starchaserv","p2id":"ankoro45","formatid":"gen9nationaldex","rating":1434,"private":0,"password":""}