{"id":"gen9nationaldex-1991227289","p1":"PaleSwordsman_666","p2":"Mopdop","format":"[Gen 9] National Dex","log":"|j|\u2606PaleSwordsman_666\n|j|\u2606Mopdop\n|t:|1700059146\n|gametype|singles\n|player|p1|PaleSwordsman_666|cynthia-gen4|\n|player|p2|Mopdop|drayden|\n|teamsize|p1|6\n|teamsize|p2|6\n|gen|9\n|tier|[Gen 9] National Dex\n|rule|HP Percentage Mod: HP is shown in percentages\n|rule|Endless Battle Clause: Forcing endless battles is banned\n|rule|OHKO Clause: OHKO moves are banned\n|rule|Evasion Clause: Evasion abilities, items, and moves are banned\n|rule|Evasion Abilities Clause: Evasion abilities are banned\n|rule|Evasion Items Clause: Evasion items are banned\n|rule|Evasion Moves Clause: Evasion moves are banned\n|rule|Species Clause: Limit one of each Pok\u00e9mon\n|rule|Sleep Clause Mod: Limit one foe put to sleep\n|clearpoke\n|poke|p1|Excadrill, M|\n|poke|p1|Kartana|\n|poke|p1|Volcarona, M|\n|poke|p1|Tapu Koko|\n|poke|p1|Hawlucha, M|\n|poke|p1|Gyarados, F|\n|poke|p2|Charizard, M|\n|poke|p2|Haxorus, M|\n|poke|p2|Inteleon, F|\n|poke|p2|Rillaboom, F|\n|poke|p2|Aegislash, F|\n|poke|p2|Iron Valiant|\n|teampreview\n|inactive|Battle timer is ON: inactive players will automatically lose when time's up. (requested by Mopdop)\n|\n|t:|1700059158\n|start\n|switch|p1a: Tapu Koko|Tapu Koko|100\/100\n|switch|p2a: Charizard|Charizard, M|100\/100\n|-fieldstart|move: Electric Terrain|[from] ability: Electric Surge|[of] p1a: Tapu Koko\n|turn|1\n|\n|t:|1700059181\n|move|p1a: Tapu Koko|Reflect|p1a: Tapu Koko\n|-sidestart|p1: PaleSwordsman_666|Reflect\n|move|p2a: Charizard|Dragon Dance|p2a: Charizard\n|-boost|p2a: Charizard|atk|1\n|-boost|p2a: Charizard|spe|1\n|\n|upkeep\n|turn|2\n|\n|t:|1700059187\n|move|p2a: Charizard|Dragon Dance|p2a: Charizard\n|-boost|p2a: Charizard|atk|1\n|-boost|p2a: Charizard|spe|1\n|move|p1a: Tapu Koko|Taunt|p2a: Charizard\n|-start|p2a: Charizard|move: Taunt\n|\n|upkeep\n|turn|3\n|\n|t:|1700059197\n|move|p2a: Charizard|Earthquake|p1a: Tapu Koko\n|-supereffective|p1a: Tapu Koko\n|-damage|p1a: Tapu Koko|19\/100\n|move|p1a: Tapu Koko|Volt Switch|p2a: Charizard\n|-supereffective|p2a: Charizard\n|-damage|p2a: Charizard|4\/100\n|\n|t:|1700059206\n|switch|p1a: Excadrill|Excadrill, M, shiny|100\/100|[from] Volt Switch\n|-ability|p1a: Excadrill|Mold Breaker\n|\n|upkeep\n|turn|4\n|\n|t:|1700059211\n|detailschange|p2a: Charizard|Charizard-Mega-X, M\n|-mega|p2a: Charizard|Charizard|Charizardite X\n|move|p2a: Charizard|Earthquake|p1a: Excadrill\n|-supereffective|p1a: Excadrill\n|-enditem|p1a: Excadrill|Focus Sash\n|-damage|p1a: Excadrill|1\/100\n|move|p1a: Excadrill|Rapid Spin|p2a: Charizard\n|-damage|p2a: Charizard|0 fnt\n|-boost|p1a: Excadrill|spe|1\n|faint|p2a: Charizard\n|\n|upkeep\n|\n|t:|1700059215\n|switch|p2a: Aegislash|Aegislash, F|100\/100\n|turn|5\n|\n|t:|1700059231\n|switch|p1a: Gyarados|Gyarados, F, shiny|100\/100\n|-ability|p1a: Gyarados|Intimidate|boost\n|-unboost|p2a: Aegislash|atk|1\n|-formechange|p2a: Aegislash|Aegislash-Blade||[from] ability: Stance Change\n|move|p2a: Aegislash|Shadow Sneak|p1a: Gyarados\n|-damage|p1a: Gyarados|91\/100\n|-damage|p2a: Aegislash|91\/100|[from] item: Life Orb\n|\n|-fieldend|move: Electric Terrain\n|upkeep\n|turn|6\n|\n|t:|1700059245\n|detailschange|p1a: Gyarados|Gyarados-Mega, F, shiny\n|-mega|p1a: Gyarados|Gyarados|Gyaradosite\n|-ability|p1a: Gyarados|Mold Breaker\n|move|p1a: Gyarados|Substitute|p1a: Gyarados\n|-start|p1a: Gyarados|Substitute\n|-damage|p1a: Gyarados|66\/100\n|move|p2a: Aegislash|Shadow Ball|p1a: Gyarados\n|-resisted|p1a: Gyarados\n|-activate|p1a: Gyarados|move: Substitute|[damage]\n|-damage|p2a: Aegislash|81\/100|[from] item: Life Orb\n|\n|upkeep\n|turn|7\n|\n|t:|1700059257\n|switch|p2a: Inteleon|Inteleon, F|100\/100\n|move|p1a: Gyarados|Dragon Dance|p1a: Gyarados\n|-boost|p1a: Gyarados|atk|1\n|-boost|p1a: Gyarados|spe|1\n|\n|upkeep\n|turn|8\n|\n|t:|1700059260\n|move|p1a: Gyarados|Dragon Dance|p1a: Gyarados\n|-boost|p1a: Gyarados|atk|1\n|-boost|p1a: Gyarados|spe|1\n|move|p2a: Inteleon|Ice Beam|p1a: Gyarados\n|-resisted|p1a: Gyarados\n|-end|p1a: Gyarados|Substitute\n|\n|-sideend|p1: PaleSwordsman_666|Reflect\n|upkeep\n|turn|9\n|\n|t:|1700059266\n|move|p1a: Gyarados|Crunch|p2a: Inteleon\n|-enditem|p2a: Inteleon|Focus Sash\n|-damage|p2a: Inteleon|1\/100\n|move|p2a: Inteleon|Ice Beam|p1a: Gyarados\n|-resisted|p1a: Gyarados\n|-damage|p1a: Gyarados|55\/100\n|\n|upkeep\n|turn|10\n|\n|t:|1700059272\n|move|p1a: Gyarados|Substitute|p1a: Gyarados\n|-start|p1a: Gyarados|Substitute\n|-damage|p1a: Gyarados|30\/100\n|move|p2a: Inteleon|Snipe Shot|p1a: Gyarados\n|-resisted|p1a: Gyarados\n|-activate|p1a: Gyarados|move: Substitute|[damage]\n|\n|upkeep\n|turn|11\n|\n|t:|1700059278\n|move|p1a: Gyarados|Crunch|p2a: Inteleon\n|-damage|p2a: Inteleon|0 fnt\n|faint|p2a: Inteleon\n|\n|upkeep\n|\n|t:|1700059282\n|switch|p2a: Rillaboom|Rillaboom, F|100\/100\n|-fieldstart|move: Grassy Terrain|[from] ability: Grassy Surge|[of] p2a: Rillaboom\n|turn|12\n|\n|t:|1700059286\n|move|p1a: Gyarados|Crunch|p2a: Rillaboom\n|-damage|p2a: Rillaboom|0 fnt\n|faint|p2a: Rillaboom\n|\n|-heal|p1a: Gyarados|36\/100|[from] Grassy Terrain\n|upkeep\n|\n|t:|1700059292\n|switch|p2a: Haxorus|Haxorus, M|100\/100\n|-ability|p2a: Haxorus|Mold Breaker\n|turn|13\n|\n|t:|1700059303\n|move|p1a: Gyarados|Crunch|p2a: Haxorus\n|-damage|p2a: Haxorus|0 fnt\n|faint|p2a: Haxorus\n|\n|-heal|p1a: Gyarados|42\/100|[from] Grassy Terrain\n|upkeep\n|\n|t:|1700059308\n|switch|p2a: Iron Valiant|Iron Valiant|100\/100\n|-enditem|p2a: Iron Valiant|Booster Energy\n|-activate|p2a: Iron Valiant|ability: Quark Drive|[fromitem]\n|-start|p2a: Iron Valiant|quarkdrivespe\n|turn|14\n|\n|t:|1700059310\n|move|p1a: Gyarados|Waterfall|p2a: Iron Valiant\n|-damage|p2a: Iron Valiant|0 fnt\n|faint|p2a: Iron Valiant\n|-end|p2a: Iron Valiant|Quark Drive|[silent]\n|\n|-heal|p1a: Gyarados|48\/100|[from] Grassy Terrain\n|upkeep\n|-message|Mopdop forfeited.\n|\n|win|PaleSwordsman_666\n|l|\u2606Mopdop\n","uploadtime":1700059321,"views":4,"p1id":"paleswordsman666","p2id":"mopdop","formatid":"gen9nationaldex","rating":0,"private":0,"password":""}