{"id":"gen9nationaldex-1993948501","p1":"dadi02","p2":"heitaok","format":"[Gen 9] National Dex","log":"|j|\u2606dadi02\n|j|\u2606heitaok\n|t:|1700380920\n|gametype|singles\n|player|p1|dadi02|guitarist|1456\n|player|p2|heitaok|gentleman|1481\n|teamsize|p1|6\n|teamsize|p2|6\n|gen|9\n|tier|[Gen 9] National Dex\n|rated|\n|rule|HP Percentage Mod: HP is shown in percentages\n|rule|Endless Battle Clause: Forcing endless battles is banned\n|rule|OHKO Clause: OHKO moves are banned\n|rule|Evasion Clause: Evasion abilities, items, and moves are banned\n|rule|Evasion Abilities Clause: Evasion abilities are banned\n|rule|Evasion Items Clause: Evasion items are banned\n|rule|Evasion Moves Clause: Evasion moves are banned\n|rule|Species Clause: Limit one of each Pok\u00e9mon\n|rule|Sleep Clause Mod: Limit one foe put to sleep\n|clearpoke\n|poke|p1|Tapu Lele|\n|poke|p1|Hawlucha, F|\n|poke|p1|Chansey, F|\n|poke|p1|Cinderace, M|\n|poke|p1|Polteageist-Antique|\n|poke|p1|Armarouge, F|\n|poke|p2|Rotom-Wash|\n|poke|p2|Greninja-*, F|\n|poke|p2|Hoopa-Unbound|\n|poke|p2|Scizor, M|\n|poke|p2|Landorus-Therian, M|\n|poke|p2|Tapu Koko|\n|teampreview\n|inactive|Battle timer is ON: inactive players will automatically lose when time's up. (requested by heitaok)\n|\n|t:|1700380929\n|start\n|switch|p1a: Tapu Lele|Tapu Lele|100\/100\n|switch|p2a: Tapu Koko|Tapu Koko|100\/100\n|-fieldstart|move: Electric Terrain|[from] ability: Electric Surge|[of] p2a: Tapu Koko\n|-fieldstart|move: Psychic Terrain|[from] ability: Psychic Surge|[of] p1a: Tapu Lele\n|turn|1\n|\n|t:|1700380937\n|move|p2a: Tapu Koko|Volt Switch|p1a: Tapu Lele\n|-damage|p1a: Tapu Lele|61\/100\n|\n|t:|1700380941\n|switch|p2a: Scizor|Scizor, M|100\/100|[from] Volt Switch\n|move|p1a: Tapu Lele|Future Sight|p2a: Scizor\n|-start|p1a: Tapu Lele|move: Future Sight\n|\n|upkeep\n|turn|2\n|\n|t:|1700380955\n|switch|p1a: Cinderace|Cinderace, M|100\/100\n|detailschange|p2a: Scizor|Scizor-Mega, M\n|-mega|p2a: Scizor|Scizor|Scizorite\n|move|p2a: Scizor|U-turn|p1a: Cinderace\n|-resisted|p1a: Cinderace\n|-damage|p1a: Cinderace|76\/100\n|\n|t:|1700380960\n|switch|p2a: Landorus|Landorus-Therian, M|100\/100|[from] U-turn\n|-ability|p2a: Landorus|Intimidate|boost\n|-unboost|p1a: Cinderace|atk|1\n|\n|upkeep\n|turn|3\n|\n|t:|1700380967\n|move|p1a: Cinderace|U-turn|p2a: Landorus\n|-start|p1a: Cinderace|typechange|Bug|[from] ability: Libero\n|-resisted|p2a: Landorus\n|-damage|p2a: Landorus|92\/100\n|-damage|p1a: Cinderace|60\/100|[from] item: Rocky Helmet|[of] p2a: Landorus\n|\n|t:|1700380975\n|switch|p1a: Hawlucha|Hawlucha, F, shiny|100\/100|[from] U-turn\n|-enditem|p1a: Hawlucha|Psychic Seed\n|-boost|p1a: Hawlucha|spd|1|[from] item: Psychic Seed\n|move|p2a: Landorus|U-turn|p1a: Hawlucha\n|-resisted|p1a: Hawlucha\n|-damage|p1a: Hawlucha|93\/100\n|\n|t:|1700380979\n|switch|p2a: Scizor|Scizor-Mega, M|100\/100|[from] U-turn\n|\n|-end|p2a: Scizor|move: Future Sight\n|-resisted|p2a: Scizor\n|-damage|p2a: Scizor|71\/100\n|upkeep\n|turn|4\n|\n|t:|1700380994\n|move|p1a: Hawlucha|Swords Dance|p1a: Hawlucha\n|-boost|p1a: Hawlucha|atk|2\n|move|p2a: Scizor|Swords Dance|p2a: Scizor\n|-boost|p2a: Scizor|atk|2\n|\n|upkeep\n|turn|5\n|\n|t:|1700381002\n|move|p1a: Hawlucha|Close Combat|p2a: Scizor\n|-damage|p2a: Scizor|0 fnt\n|-unboost|p1a: Hawlucha|def|1\n|-unboost|p1a: Hawlucha|spd|1\n|faint|p2a: Scizor\n|\n|upkeep\n|\n|t:|1700381007\n|switch|p2a: Landorus|Landorus-Therian, M|92\/100\n|-ability|p2a: Landorus|Intimidate|boost\n|-unboost|p1a: Hawlucha|atk|1\n|turn|6\n|\n|t:|1700381026\n|move|p1a: Hawlucha|Acrobatics|p2a: Landorus\n|-damage|p2a: Landorus|38\/100\n|-damage|p1a: Hawlucha|77\/100|[from] item: Rocky Helmet|[of] p2a: Landorus\n|move|p2a: Landorus|Toxic|p1a: Hawlucha\n|-status|p1a: Hawlucha|tox\n|\n|-damage|p1a: Hawlucha|71\/100 tox|[from] psn\n|upkeep\n|turn|7\n|\n|t:|1700381039\n|move|p1a: Hawlucha|Acrobatics|p2a: Landorus\n|-damage|p2a: Landorus|0 fnt\n|-damage|p1a: Hawlucha|54\/100 tox|[from] item: Rocky Helmet|[of] p2a: Landorus\n|faint|p2a: Landorus\n|\n|-damage|p1a: Hawlucha|42\/100 tox|[from] psn\n|upkeep\n|\n|t:|1700381044\n|switch|p2a: Rotom|Rotom-Wash|100\/100\n|turn|8\n|\n|t:|1700381050\n|move|p1a: Hawlucha|Acrobatics|p2a: Rotom\n|-resisted|p2a: Rotom\n|-damage|p2a: Rotom|73\/100\n|move|p2a: Rotom|Volt Switch|p1a: Hawlucha\n|-supereffective|p1a: Hawlucha\n|-damage|p1a: Hawlucha|0 fnt\n|faint|p1a: Hawlucha\n|\n|t:|1700381053\n|switch|p2a: Tapu Koko|Tapu Koko|100\/100|[from] Volt Switch\n|-fieldstart|move: Electric Terrain|[from] ability: Electric Surge|[of] p2a: Tapu Koko\n|\n|upkeep\n|\n|t:|1700381064\n|switch|p1a: Tapu Lele|Tapu Lele|61\/100\n|-fieldstart|move: Psychic Terrain|[from] ability: Psychic Surge|[of] p1a: Tapu Lele\n|turn|9\n|\n|t:|1700381068\n|move|p2a: Tapu Koko|Thunderbolt|p1a: Tapu Lele\n|-damage|p1a: Tapu Lele|12\/100\n|move|p1a: Tapu Lele|Future Sight|p2a: Tapu Koko\n|-start|p1a: Tapu Lele|move: Future Sight\n|\n|upkeep\n|turn|10\n|\n|t:|1700381078\n|switch|p2a: Hoopa|Hoopa-Unbound|100\/100\n|switch|p1a: Chansey|Chansey, F|100\/100\n|\n|upkeep\n|turn|11\n|\n|t:|1700381083\n|-terastallize|p2a: Hoopa|Dark\n|move|p2a: Hoopa|Hyperspace Fury|p1a: Chansey\n|-damage|p1a: Chansey|19\/100\n|-unboost|p2a: Hoopa|def|1\n|move|p1a: Chansey|Counter|p2a: Hoopa\n|-damage|p2a: Hoopa|0 fnt\n|faint|p2a: Hoopa\n|\n|-hint|Future Sight did not hit because the target is fainted.\n|upkeep\n|inactive|heitaok has 120 seconds left.\n|\n|t:|1700381118\n|switch|p2a: Greninja|Greninja, F|100\/100\n|turn|12\n|\n|t:|1700381127\n|move|p2a: Greninja|Rock Slide|p1a: Chansey\n|-start|p2a: Greninja|typechange|Rock|[from] ability: Protean\n|-damage|p1a: Chansey|0 fnt\n|faint|p1a: Chansey\n|\n|upkeep\n|\n|t:|1700381138\n|switch|p1a: Polteageist|Polteageist-Antique|100\/100\n|turn|13\n|\n|t:|1700381151\n|move|p2a: Greninja|Rock Slide|p1a: Polteageist\n|-damage|p1a: Polteageist|42\/100\n|-ability|p1a: Polteageist|Weak Armor|boost\n|-unboost|p1a: Polteageist|def|1\n|-boost|p1a: Polteageist|spe|2\n|move|p1a: Polteageist|Shell Smash|p1a: Polteageist\n|-unboost|p1a: Polteageist|def|1\n|-unboost|p1a: Polteageist|spd|1\n|-boost|p1a: Polteageist|atk|2\n|-boost|p1a: Polteageist|spa|2\n|-boost|p1a: Polteageist|spe|2\n|\n|upkeep\n|turn|14\n|\n|t:|1700381166\n|move|p1a: Polteageist|Stored Power|p2a: Greninja\n|-damage|p2a: Greninja|0 fnt\n|faint|p2a: Greninja\n|\n|upkeep\n|\n|t:|1700381171\n|switch|p2a: Rotom|Rotom-Wash|73\/100\n|turn|15\n|\n|t:|1700381175\n|move|p1a: Polteageist|Stored Power|p2a: Rotom\n|-damage|p2a: Rotom|0 fnt\n|faint|p2a: Rotom\n|\n|upkeep\n|-message|heitaok forfeited.\n|\n|win|dadi02\n|raw|dadi02's rating: 1456 &rarr; <strong>1478<\/strong><br \/>(+22 for winning)\n|raw|heitaok's rating: 1494 &rarr; <strong>1472<\/strong><br \/>(-22 for losing)\n|l|\u2606heitaok\n","uploadtime":1700381184,"views":22,"p1id":"dadi02","p2id":"heitaok","formatid":"gen9nationaldex","rating":1472,"private":0,"password":""}