{"id":"gen9nationaldex-1996848504","p1":"Amber-acid","p2":"angzilovefansher","format":"[Gen 9] National Dex","log":"|html|<div class=\"broadcast-blue\"><strong>[Gen 9] National Dex is currently suspecting Sneasler! For information on how to participate check out the <a href=\"https:\/\/www.smogon.com\/forums\/threads\/sv-national-dex-suspect-8-just-dance.3731534\/\">suspect thread<\/a>.<\/strong><\/div>\n|j|\u2606Amber-acid\n|j|\u2606angzilovefansher\n|t:|1700734973\n|gametype|singles\n|player|p1|Amber-acid|crasherwake|1427\n|player|p2|angzilovefansher|norman|1306\n|teamsize|p1|6\n|teamsize|p2|6\n|gen|9\n|tier|[Gen 9] National Dex\n|rated|\n|rule|HP Percentage Mod: HP is shown in percentages\n|rule|Endless Battle Clause: Forcing endless battles is banned\n|rule|OHKO Clause: OHKO moves are banned\n|rule|Evasion Clause: Evasion abilities, items, and moves are banned\n|rule|Evasion Abilities Clause: Evasion abilities are banned\n|rule|Evasion Items Clause: Evasion items are banned\n|rule|Evasion Moves Clause: Evasion moves are banned\n|rule|Species Clause: Limit one of each Pok\u00e9mon\n|rule|Sleep Clause Mod: Limit one foe put to sleep\n|clearpoke\n|poke|p1|Pelipper, M|\n|poke|p1|Barraskewda, M|\n|poke|p1|Swampert, M|\n|poke|p1|Kingdra, M|\n|poke|p1|Zapdos|\n|poke|p1|Ferrothorn, F|\n|poke|p2|Ursaluna, M|\n|poke|p2|Porygon2|\n|poke|p2|Exploud, F|\n|poke|p2|Ditto|\n|poke|p2|Audino, F|\n|poke|p2|Cinccino, F|\n|teampreview\n|inactive|Battle timer is ON: inactive players will automatically lose when time's up. (requested by Amber-acid)\n|\n|t:|1700734982\n|start\n|switch|p1a: \u6c57\u6d41\u6d43\u80ccxty|Pelipper, M|100\/100\n|switch|p2a: Exploud|Exploud, F|100\/100\n|-weather|RainDance|[from] ability: Drizzle|[of] p1a: \u6c57\u6d41\u6d43\u80ccxty\n|turn|1\n|c|\u2606Amber-acid|\u7a7a\u95f4\u961f\u5417\n|\n|t:|1700735000\n|move|p2a: Exploud|Boomburst|p1a: \u6c57\u6d41\u6d43\u80ccxty\n|-damage|p1a: \u6c57\u6d41\u6d43\u80ccxty|0 fnt\n|faint|p1a: \u6c57\u6d41\u6d43\u80ccxty\n|\n|-weather|RainDance|[upkeep]\n|upkeep\n|\n|t:|1700735005\n|switch|p1a: \u6602\u523a\u9c7c\u4ed9\ud83c\udf6c\ud83d\udc3a|Barraskewda, M, shiny|100\/100\n|turn|2\n|\n|t:|1700735009\n|switch|p2a: Ditto|Ditto|100\/100\n|-transform|p2a: Ditto|p1a: \u6602\u523a\u9c7c\u4ed9\ud83c\udf6c\ud83d\udc3a|[from] ability: Imposter\n|-terastallize|p1a: \u6602\u523a\u9c7c\u4ed9\ud83c\udf6c\ud83d\udc3a|Water\n|move|p1a: \u6602\u523a\u9c7c\u4ed9\ud83c\udf6c\ud83d\udc3a|Liquidation|p2a: Ditto\n|-resisted|p2a: Ditto\n|-damage|p2a: Ditto|0 fnt\n|faint|p2a: Ditto\n|\n|-weather|RainDance|[upkeep]\n|upkeep\n|\n|t:|1700735012\n|switch|p2a: Porygon2|Porygon2|100\/100\n|-ability|p2a: Porygon2|Swift Swim|[from] ability: Trace|[of] p1a: \u6602\u523a\u9c7c\u4ed9\ud83c\udf6c\ud83d\udc3a\n|turn|3\n|\n|t:|1700735022\n|move|p1a: \u6602\u523a\u9c7c\u4ed9\ud83c\udf6c\ud83d\udc3a|Liquidation|p2a: Porygon2\n|-crit|p2a: Porygon2\n|-damage|p2a: Porygon2|3\/100\n|move|p2a: Porygon2|Trick Room|p2a: Porygon2\n|-fieldstart|move: Trick Room|[of] p2a: Porygon2\n|\n|-weather|RainDance|[upkeep]\n|upkeep\n|turn|4\n|\n|t:|1700735030\n|switch|p1a: \u523a\u523a\u725b\u5b50\u806a\u806a|Ferrothorn, F|100\/100\n|move|p2a: Porygon2|Teleport|p2a: Porygon2\n|\n|t:|1700735034\n|switch|p2a: Ursaluna|Ursaluna, M|100\/100|[from] Teleport\n|\n|-weather|RainDance|[upkeep]\n|-status|p2a: Ursaluna|brn|[from] item: Flame Orb\n|upkeep\n|turn|5\n|\n|t:|1700735043\n|-terastallize|p2a: Ursaluna|Fire\n|move|p1a: \u523a\u523a\u725b\u5b50\u806a\u806a|Leech Seed|p2a: Ursaluna\n|-start|p2a: Ursaluna|move: Leech Seed\n|move|p2a: Ursaluna|Fire Punch|p1a: \u523a\u523a\u725b\u5b50\u806a\u806a\n|-supereffective|p1a: \u523a\u523a\u725b\u5b50\u806a\u806a\n|-damage|p1a: \u523a\u523a\u725b\u5b50\u806a\u806a|12\/100\n|-damage|p2a: Ursaluna|88\/100 brn|[from] ability: Iron Barbs|[of] p1a: \u523a\u523a\u725b\u5b50\u806a\u806a\n|-damage|p2a: Ursaluna|72\/100 brn|[from] item: Rocky Helmet|[of] p1a: \u523a\u523a\u725b\u5b50\u806a\u806a\n|\n|-weather|RainDance|[upkeep]\n|-damage|p2a: Ursaluna|59\/100 brn|[from] Leech Seed|[of] p1a: \u523a\u523a\u725b\u5b50\u806a\u806a\n|-heal|p1a: \u523a\u523a\u725b\u5b50\u806a\u806a|28\/100|[silent]\n|-damage|p2a: Ursaluna|53\/100 brn|[from] brn\n|upkeep\n|turn|6\n|\n|t:|1700735056\n|move|p1a: \u523a\u523a\u725b\u5b50\u806a\u806a|Stealth Rock|p2a: Ursaluna\n|-sidestart|p2: angzilovefansher|move: Stealth Rock\n|move|p2a: Ursaluna|Facade|p1a: \u523a\u523a\u725b\u5b50\u806a\u806a\n|-resisted|p1a: \u523a\u523a\u725b\u5b50\u806a\u806a\n|-crit|p1a: \u523a\u523a\u725b\u5b50\u806a\u806a\n|-damage|p1a: \u523a\u523a\u725b\u5b50\u806a\u806a|0 fnt\n|-damage|p2a: Ursaluna|41\/100 brn|[from] ability: Iron Barbs|[of] p1a: \u523a\u523a\u725b\u5b50\u806a\u806a\n|-damage|p2a: Ursaluna|24\/100 brn|[from] item: Rocky Helmet|[of] p1a: \u523a\u523a\u725b\u5b50\u806a\u806a\n|faint|p1a: \u523a\u523a\u725b\u5b50\u806a\u806a\n|\n|-weather|RainDance|[upkeep]\n|-damage|p2a: Ursaluna|18\/100 brn|[from] brn\n|upkeep\n|\n|t:|1700735069\n|switch|p1a: \u6602\u523a\u9c7c\u4ed9\ud83c\udf6c\ud83d\udc3a|Barraskewda, M, shiny, tera:Water|100\/100\n|turn|7\n|\n|t:|1700735076\n|switch|p2a: Porygon2|Porygon2|3\/100\n|-damage|p2a: Porygon2|0 fnt|[from] Stealth Rock\n|faint|p2a: Porygon2\n|switch|p1a: \u98de\u5347\u7535\u9e1f\ud83d\udc31|Zapdos|100\/100\n|\n|-weather|RainDance|[upkeep]\n|-fieldend|move: Trick Room\n|upkeep\n|\n|t:|1700735084\n|switch|p2a: Audino|Audino, F|100\/100\n|-damage|p2a: Audino|88\/100|[from] Stealth Rock\n|turn|8\n|\n|t:|1700735089\n|detailschange|p2a: Audino|Audino-Mega, F\n|-mega|p2a: Audino|Audino|Audinite\n|move|p1a: \u98de\u5347\u7535\u9e1f\ud83d\udc31|Volt Switch|p2a: Audino\n|-crit|p2a: Audino\n|-damage|p2a: Audino|63\/100\n|\n|t:|1700735094\n|switch|p1a: \u5927\u809a\u809a\ud83d\udd77\ud83d\udc3b|Swampert, M|100\/100|[from] Volt Switch\n|move|p2a: Audino|Trick Room|p2a: Audino\n|-fieldstart|move: Trick Room|[of] p2a: Audino\n|\n|-weather|none\n|upkeep\n|turn|9\n|\n|t:|1700735104\n|detailschange|p1a: \u5927\u809a\u809a\ud83d\udd77\ud83d\udc3b|Swampert-Mega, M\n|-mega|p1a: \u5927\u809a\u809a\ud83d\udd77\ud83d\udc3b|Swampert|Swampertite\n|move|p2a: Audino|Healing Wish|p2a: Audino\n|faint|p2a: Audino\n|move|p1a: \u5927\u809a\u809a\ud83d\udd77\ud83d\udc3b|Liquidation|p2: Audino|[notarget]\n|-fail|p1a: \u5927\u809a\u809a\ud83d\udd77\ud83d\udc3b\n|\n|upkeep\n|\n|t:|1700735106\n|switch|p2a: Exploud|Exploud, F|100\/100\n|-damage|p2a: Exploud|88\/100|[from] Stealth Rock\n|turn|10\n|\n|t:|1700735112\n|move|p2a: Exploud|Boomburst|p1a: \u5927\u809a\u809a\ud83d\udd77\ud83d\udc3b\n|-damage|p1a: \u5927\u809a\u809a\ud83d\udd77\ud83d\udc3b|16\/100\n|move|p1a: \u5927\u809a\u809a\ud83d\udd77\ud83d\udc3b|Liquidation|p2a: Exploud\n|-damage|p2a: Exploud|25\/100\n|-unboost|p2a: Exploud|def|1\n|\n|upkeep\n|turn|11\n|\n|t:|1700735120\n|move|p2a: Exploud|Boomburst|p1a: \u5927\u809a\u809a\ud83d\udd77\ud83d\udc3b\n|-damage|p1a: \u5927\u809a\u809a\ud83d\udd77\ud83d\udc3b|0 fnt\n|faint|p1a: \u5927\u809a\u809a\ud83d\udd77\ud83d\udc3b\n|\n|upkeep\n|\n|t:|1700735125\n|switch|p1a: \u98de\u5347\u7535\u9e1f\ud83d\udc31|Zapdos|100\/100\n|turn|12\n|inactive|angzilovefansher has 120 seconds left.\n|\n|t:|1700735160\n|move|p2a: Exploud|Boomburst|p1a: \u98de\u5347\u7535\u9e1f\ud83d\udc31\n|-damage|p1a: \u98de\u5347\u7535\u9e1f\ud83d\udc31|12\/100\n|move|p1a: \u98de\u5347\u7535\u9e1f\ud83d\udc31|Roost|p1a: \u98de\u5347\u7535\u9e1f\ud83d\udc31\n|-heal|p1a: \u98de\u5347\u7535\u9e1f\ud83d\udc31|62\/100\n|-singleturn|p1a: \u98de\u5347\u7535\u9e1f\ud83d\udc31|move: Roost\n|\n|-fieldend|move: Trick Room\n|upkeep\n|turn|13\n|\n|t:|1700735168\n|move|p1a: \u98de\u5347\u7535\u9e1f\ud83d\udc31|Volt Switch|p2a: Exploud\n|-damage|p2a: Exploud|0 fnt\n|faint|p2a: Exploud\n|\n|t:|1700735172\n|switch|p1a: \u6602\u523a\u9c7c\u4ed9\ud83c\udf6c\ud83d\udc3a|Barraskewda, M, shiny, tera:Water|100\/100|[from] Volt Switch\n|\n|upkeep\n|\n|t:|1700735175\n|switch|p2a: Ursaluna|Ursaluna, M, tera:Fire|18\/100 brn\n|-heal|p2a: Ursaluna|100\/100|[from] move: Healing Wish\n|-damage|p2a: Ursaluna|76\/100|[from] Stealth Rock\n|turn|14\n|\n|t:|1700735181\n|move|p1a: \u6602\u523a\u9c7c\u4ed9\ud83c\udf6c\ud83d\udc3a|Liquidation|p2a: Ursaluna\n|-supereffective|p2a: Ursaluna\n|-damage|p2a: Ursaluna|0 fnt\n|faint|p2a: Ursaluna\n|\n|upkeep\n|\n|t:|1700735187\n|switch|p2a: Cinccino|Cinccino, F|100\/100\n|-damage|p2a: Cinccino|88\/100|[from] Stealth Rock\n|turn|15\n|\n|t:|1700735193\n|move|p1a: \u6602\u523a\u9c7c\u4ed9\ud83c\udf6c\ud83d\udc3a|Liquidation|p2a: Cinccino\n|-damage|p2a: Cinccino|0 fnt\n|faint|p2a: Cinccino\n|\n|win|Amber-acid\n|raw|Amber-acid's rating: 1427 &rarr; <strong>1440<\/strong><br \/>(+13 for winning)\n|raw|angzilovefansher's rating: 1306 &rarr; <strong>1293<\/strong><br \/>(-13 for losing)\n|c|\u2606Amber-acid|ggwp\n","uploadtime":1700735220,"views":8,"p1id":"amberacid","p2id":"angzilovefansher","formatid":"gen9nationaldex","rating":1293,"private":0,"password":""}