{"id":"gen9nationaldex-1998266964","p1":"runeatest","p2":"AvaIWillWinYou","format":"[Gen 9] National Dex","log":"|html|<div class=\"broadcast-blue\"><strong>[Gen 9] National Dex is currently suspecting Sneasler! For information on how to participate check out the <a href=\"https:\/\/www.smogon.com\/forums\/threads\/sv-national-dex-suspect-8-just-dance.3731534\/\">suspect thread<\/a>.<\/strong><\/div>\n|j|\u2606runeatest\n|j|\u2606AvaIWillWinYou\n|t:|1700922268\n|gametype|singles\n|player|p1|runeatest|fisherman-gen4|1180\n|player|p2|AvaIWillWinYou|cynthia|1266\n|teamsize|p1|6\n|teamsize|p2|6\n|gen|9\n|tier|[Gen 9] National Dex\n|rated|\n|rule|HP Percentage Mod: HP is shown in percentages\n|rule|Endless Battle Clause: Forcing endless battles is banned\n|rule|OHKO Clause: OHKO moves are banned\n|rule|Evasion Clause: Evasion abilities, items, and moves are banned\n|rule|Evasion Abilities Clause: Evasion abilities are banned\n|rule|Evasion Items Clause: Evasion items are banned\n|rule|Evasion Moves Clause: Evasion moves are banned\n|rule|Species Clause: Limit one of each Pok\u00e9mon\n|rule|Sleep Clause Mod: Limit one foe put to sleep\n|clearpoke\n|poke|p1|Vaporeon, M|\n|poke|p1|Salamence, M|\n|poke|p1|Hitmontop, M|\n|poke|p1|Electivire, M|\n|poke|p1|Togekiss, M|\n|poke|p1|Houndoom, M|\n|poke|p2|Hydreigon, M|\n|poke|p2|Heracross, M|\n|poke|p2|Corviknight, F|\n|poke|p2|Glimmora, M|\n|poke|p2|Ceruledge, F|\n|poke|p2|Ferrothorn, M|\n|teampreview\n|inactive|Battle timer is ON: inactive players will automatically lose when time's up. (requested by AvaIWillWinYou)\n|inactive|runeatest has 120 seconds left.\n|\n|t:|1700922313\n|start\n|switch|p1a: Salamence|Salamence, M|100\/100\n|switch|p2a: Nihi-LEGO|Glimmora, M|100\/100\n|-ability|p1a: Salamence|Intimidate|boost\n|-unboost|p2a: Nihi-LEGO|atk|1\n|turn|1\n|\n|t:|1700922323\n|move|p1a: Salamence|Hydro Pump|p2a: Nihi-LEGO\n|-supereffective|p2a: Nihi-LEGO\n|-damage|p2a: Nihi-LEGO|0 fnt\n|faint|p2a: Nihi-LEGO\n|\n|upkeep\n|\n|t:|1700922333\n|switch|p2a: GUZZLORDE|Hydreigon, M|100\/100\n|turn|2\n|\n|t:|1700922336\n|switch|p1a: Togekiss|Togekiss, M, shiny|100\/100\n|move|p2a: GUZZLORDE|Draco Meteor|p1a: Togekiss\n|-immune|p1a: Togekiss\n|\n|upkeep\n|turn|3\n|\n|t:|1700922348\n|switch|p2a: CelesSTEALa|Corviknight, F|100\/100\n|-ability|p2a: CelesSTEALa|Pressure\n|move|p1a: Togekiss|Thunder Wave|p2a: CelesSTEALa|[miss]\n|-miss|p1a: Togekiss|p2a: CelesSTEALa\n|\n|upkeep\n|turn|4\n|\n|t:|1700922359\n|switch|p1a: Salamence|Salamence, M|100\/100\n|-ability|p1a: Salamence|Intimidate|boost\n|-unboost|p2a: CelesSTEALa|atk|1\n|move|p2a: CelesSTEALa|Brave Bird|p1a: Salamence\n|-damage|p1a: Salamence|68\/100\n|-damage|p2a: CelesSTEALa|92\/100|[from] Recoil\n|\n|upkeep\n|turn|5\n|\n|t:|1700922367\n|move|p1a: Salamence|Flamethrower|p2a: CelesSTEALa\n|-supereffective|p2a: CelesSTEALa\n|-damage|p2a: CelesSTEALa|8\/100\n|-status|p2a: CelesSTEALa|brn\n|move|p2a: CelesSTEALa|Body Press|p1a: Salamence\n|-resisted|p1a: Salamence\n|-damage|p1a: Salamence|61\/100\n|\n|-damage|p2a: CelesSTEALa|2\/100 brn|[from] brn\n|upkeep\n|turn|6\n|\n|t:|1700922384\n|switch|p1a: Vaporeon|Vaporeon, M|100\/100\n|move|p2a: CelesSTEALa|Roost|p2a: CelesSTEALa\n|-heal|p2a: CelesSTEALa|52\/100 brn\n|-singleturn|p2a: CelesSTEALa|move: Roost\n|\n|-damage|p2a: CelesSTEALa|46\/100 brn|[from] brn\n|upkeep\n|turn|7\n|\n|t:|1700922398\n|switch|p2a: K4RTANA|Ferrothorn, M|100\/100\n|switch|p1a: Salamence|Salamence, M|61\/100\n|-ability|p1a: Salamence|Intimidate|boost\n|-unboost|p2a: K4RTANA|atk|1\n|\n|upkeep\n|turn|8\n|inactive|AvaIWillWinYou has 120 seconds left.\n|\n|t:|1700922430\n|move|p1a: Salamence|Flamethrower|p2a: K4RTANA\n|-supereffective|p2a: K4RTANA\n|-damage|p2a: K4RTANA|0 fnt\n|faint|p2a: K4RTANA\n|\n|upkeep\n|inactive|AvaIWillWinYou has 120 seconds left.\n|\n|t:|1700922436\n|switch|p2a: CelesSTEALa|Corviknight, F|46\/100 brn\n|-ability|p2a: CelesSTEALa|Pressure\n|turn|9\n|\n|t:|1700922440\n|switch|p2a: BL4CEPHALON|Ceruledge, F|100\/100\n|move|p1a: Salamence|Flamethrower|p2a: BL4CEPHALON\n|-start|p2a: BL4CEPHALON|ability: Flash Fire\n|\n|upkeep\n|turn|10\n|\n|t:|1700922448\n|switch|p1a: Houndoom|Houndoom, M|100\/100\n|move|p2a: BL4CEPHALON|Swords Dance|p2a: BL4CEPHALON\n|-boost|p2a: BL4CEPHALON|atk|2\n|\n|upkeep\n|turn|11\n|\n|t:|1700922455\n|move|p1a: Houndoom|Dark Pulse|p2a: BL4CEPHALON\n|-supereffective|p2a: BL4CEPHALON\n|-damage|p2a: BL4CEPHALON|7\/100\n|move|p2a: BL4CEPHALON|Close Combat|p1a: Houndoom\n|-supereffective|p1a: Houndoom\n|-enditem|p1a: Houndoom|Focus Sash\n|-damage|p1a: Houndoom|1\/100\n|-unboost|p2a: BL4CEPHALON|def|1\n|-unboost|p2a: BL4CEPHALON|spd|1\n|\n|upkeep\n|turn|12\n|\n|t:|1700922464\n|move|p2a: BL4CEPHALON|Shadow Sneak|p1a: Houndoom\n|-resisted|p1a: Houndoom\n|-damage|p1a: Houndoom|0 fnt\n|faint|p1a: Houndoom\n|\n|upkeep\n|\n|t:|1700922468\n|switch|p1a: Hitmontop|Hitmontop, M|100\/100\n|turn|13\n|\n|t:|1700922472\n|move|p1a: Hitmontop|Sucker Punch|p2a: BL4CEPHALON\n|-supereffective|p2a: BL4CEPHALON\n|-damage|p2a: BL4CEPHALON|0 fnt\n|faint|p2a: BL4CEPHALON\n|\n|upkeep\n|\n|t:|1700922479\n|switch|p2a: BUZ-SWOLE|Heracross, M|100\/100\n|turn|14\n|\n|t:|1700922483\n|switch|p1a: Salamence|Salamence, M|61\/100\n|-ability|p1a: Salamence|Intimidate|boost\n|-unboost|p2a: BUZ-SWOLE|atk|1\n|move|p2a: BUZ-SWOLE|Swords Dance|p2a: BUZ-SWOLE\n|-boost|p2a: BUZ-SWOLE|atk|2\n|\n|upkeep\n|turn|15\n|\n|t:|1700922492\n|detailschange|p2a: BUZ-SWOLE|Heracross-Mega, M\n|-mega|p2a: BUZ-SWOLE|Heracross|Heracronite\n|move|p1a: Salamence|Air Slash|p2a: BUZ-SWOLE\n|-supereffective|p2a: BUZ-SWOLE\n|-crit|p2a: BUZ-SWOLE\n|-damage|p2a: BUZ-SWOLE|0 fnt\n|faint|p2a: BUZ-SWOLE\n|\n|upkeep\n|-message|AvaIWillWinYou forfeited.\n|\n|win|runeatest\n|raw|runeatest's rating: 1180 &rarr; <strong>1211<\/strong><br \/>(+31 for winning)\n|raw|AvaIWillWinYou's rating: 1266 &rarr; <strong>1235<\/strong><br \/>(-31 for losing)\n|l|\u2606AvaIWillWinYou\n","uploadtime":1700922511,"views":2,"p1id":"runeatest","p2id":"avaiwillwinyou","formatid":"gen9nationaldex","rating":1211,"private":0,"password":""}