{"id":"gen9nationaldex-1987446341","p1":"Fluttershywastaken","p2":"Ichaseclout","format":"[Gen 9] National Dex","log":"|j|\u2606Fluttershywastaken\n|j|\u2606Ichaseclout\n|t:|1699592773\n|gametype|singles\n|player|p1|Fluttershywastaken|wicke|1577\n|player|p2|Ichaseclout|266|1524\n|teamsize|p1|6\n|teamsize|p2|6\n|gen|9\n|tier|[Gen 9] National Dex\n|rated|\n|rule|HP Percentage Mod: HP is shown in percentages\n|rule|Endless Battle Clause: Forcing endless battles is banned\n|rule|OHKO Clause: OHKO moves are banned\n|rule|Evasion Clause: Evasion abilities, items, and moves are banned\n|rule|Evasion Abilities Clause: Evasion abilities are banned\n|rule|Evasion Items Clause: Evasion items are banned\n|rule|Evasion Moves Clause: Evasion moves are banned\n|rule|Species Clause: Limit one of each Pok\u00e9mon\n|rule|Sleep Clause Mod: Limit one foe put to sleep\n|clearpoke\n|poke|p1|Manaphy|\n|poke|p1|Tapu Koko|\n|poke|p1|Sneasler, F|\n|poke|p1|Glimmora, F|\n|poke|p1|Volcarona, F|\n|poke|p1|Kartana|\n|poke|p2|Sneasler, F|\n|poke|p2|Xurkitree|\n|poke|p2|Heatran, M|\n|poke|p2|Landorus-Therian, M|\n|poke|p2|Scizor, F|\n|poke|p2|Rotom-Wash|\n|teampreview\n|\n|t:|1699592784\n|start\n|switch|p1a: Glimmora|Glimmora, F|100\/100\n|switch|p2a: Scizor|Scizor, F|100\/100\n|turn|1\n|\n|t:|1699592792\n|move|p2a: Scizor|Bullet Punch|p1a: Glimmora\n|-supereffective|p1a: Glimmora\n|-damage|p1a: Glimmora|18\/100\n|-activate|p1a: Glimmora|ability: Toxic Debris\n|-sidestart|p2: Ichaseclout|move: Toxic Spikes\n|move|p1a: Glimmora|Stealth Rock|p2a: Scizor\n|-sidestart|p2: Ichaseclout|move: Stealth Rock\n|\n|upkeep\n|turn|2\n|\n|t:|1699592795\n|move|p1a: Glimmora|Power Gem|p2a: Scizor\n|-damage|p2a: Scizor|50\/100\n|move|p2a: Scizor|U-turn|p1a: Glimmora\n|-resisted|p1a: Glimmora\n|-damage|p1a: Glimmora|0 fnt\n|-activate|p1a: Glimmora|ability: Toxic Debris\n|-sidestart|p2: Ichaseclout|move: Toxic Spikes\n|faint|p1a: Glimmora\n|\n|t:|1699592802\n|switch|p2a: Landorus|Landorus-Therian, M|100\/100|[from] U-turn\n|-damage|p2a: Landorus|88\/100|[from] Stealth Rock\n|\n|upkeep\n|\n|t:|1699592811\n|switch|p1a: Manaphy|Manaphy|100\/100\n|turn|3\n|inactive|Battle timer is ON: inactive players will automatically lose when time's up. (requested by Ichaseclout)\n|\n|t:|1699592818\n|move|p1a: Manaphy|Acid Armor|p1a: Manaphy\n|-boost|p1a: Manaphy|def|2\n|move|p2a: Landorus|U-turn|p1a: Manaphy\n|-damage|p1a: Manaphy|93\/100\n|\n|t:|1699592823\n|switch|p2a: Xurkitree|Xurkitree|100\/100|[from] U-turn\n|-status|p2a: Xurkitree|tox\n|-damage|p2a: Xurkitree|88\/100 tox|[from] Stealth Rock\n|\n|-heal|p1a: Manaphy|99\/100|[from] item: Leftovers\n|-damage|p2a: Xurkitree|82\/100 tox|[from] psn\n|upkeep\n|turn|4\n|\n|t:|1699592838\n|-terastallize|p1a: Manaphy|Dragon\n|move|p2a: Xurkitree|Volt Switch|p1a: Manaphy\n|-resisted|p1a: Manaphy\n|-damage|p1a: Manaphy|79\/100\n|\n|t:|1699592854\n|switch|p2a: Heatran|Heatran, M|100\/100|[from] Volt Switch\n|-damage|p2a: Heatran|88\/100|[from] Stealth Rock\n|move|p1a: Manaphy|Take Heart|p1a: Manaphy\n|-boost|p1a: Manaphy|spa|1\n|-boost|p1a: Manaphy|spd|1\n|\n|-heal|p1a: Manaphy|85\/100|[from] item: Leftovers\n|upkeep\n|turn|5\n|\n|t:|1699592861\n|-terastallize|p2a: Heatran|Grass\n|move|p2a: Heatran|Flash Cannon|p1a: Manaphy\n|-damage|p1a: Manaphy|47\/100\n|move|p1a: Manaphy|Take Heart|p1a: Manaphy\n|-boost|p1a: Manaphy|spa|1\n|-boost|p1a: Manaphy|spd|1\n|\n|-heal|p1a: Manaphy|53\/100|[from] item: Leftovers\n|upkeep\n|turn|6\n|\n|t:|1699592868\n|move|p2a: Heatran|Flash Cannon|p1a: Manaphy\n|-damage|p1a: Manaphy|28\/100\n|move|p1a: Manaphy|Take Heart|p1a: Manaphy\n|-boost|p1a: Manaphy|spa|1\n|-boost|p1a: Manaphy|spd|1\n|\n|-heal|p1a: Manaphy|34\/100|[from] item: Leftovers\n|upkeep\n|turn|7\n|\n|t:|1699592871\n|move|p2a: Heatran|Flash Cannon|p1a: Manaphy\n|-damage|p1a: Manaphy|14\/100\n|move|p1a: Manaphy|Stored Power|p2a: Heatran\n|-damage|p2a: Heatran|0 fnt\n|faint|p2a: Heatran\n|\n|-heal|p1a: Manaphy|20\/100|[from] item: Leftovers\n|upkeep\n|\n|t:|1699592883\n|switch|p2a: Xurkitree|Xurkitree|82\/100 tox\n|-damage|p2a: Xurkitree|70\/100 tox|[from] Stealth Rock\n|turn|8\n|\n|t:|1699592888\n|move|p2a: Xurkitree|Dazzling Gleam|p1a: Manaphy\n|-supereffective|p1a: Manaphy\n|-damage|p1a: Manaphy|0 fnt\n|faint|p1a: Manaphy\n|-ability|p2a: Xurkitree|Beast Boost|boost\n|-boost|p2a: Xurkitree|spa|1\n|\n|-damage|p2a: Xurkitree|63\/100 tox|[from] psn\n|upkeep\n|\n|t:|1699592893\n|switch|p1a: Volcarona|Volcarona, F|100\/100\n|turn|9\n|\n|t:|1699592900\n|switch|p2a: Rotom|Rotom-Wash|100\/100\n|-damage|p2a: Rotom|88\/100|[from] Stealth Rock\n|move|p1a: Volcarona|Quiver Dance|p1a: Volcarona\n|-boost|p1a: Volcarona|spa|1\n|-boost|p1a: Volcarona|spd|1\n|-boost|p1a: Volcarona|spe|1\n|\n|-heal|p2a: Rotom|94\/100|[from] item: Leftovers\n|upkeep\n|turn|10\n|\n|t:|1699592906\n|move|p1a: Volcarona|Giga Drain|p2a: Rotom\n|-supereffective|p2a: Rotom\n|-damage|p2a: Rotom|3\/100\n|move|p2a: Rotom|Hydro Pump|p1a: Volcarona\n|-supereffective|p1a: Volcarona\n|-damage|p1a: Volcarona|37\/100\n|\n|-heal|p2a: Rotom|10\/100|[from] item: Leftovers\n|upkeep\n|turn|11\n|\n|t:|1699592913\n|move|p1a: Volcarona|Giga Drain|p2a: Rotom\n|-supereffective|p2a: Rotom\n|-damage|p2a: Rotom|0 fnt\n|-heal|p1a: Volcarona|41\/100|[from] drain|[of] p2a: Rotom\n|faint|p2a: Rotom\n|\n|upkeep\n|\n|t:|1699592918\n|switch|p2a: Sneasler|Sneasler, F|100\/100\n|-sideend|p2: Ichaseclout|move: Toxic Spikes|[of] p2a: Sneasler\n|-damage|p2a: Sneasler|95\/100|[from] Stealth Rock\n|turn|12\n|\n|t:|1699592923\n|move|p1a: Volcarona|Fiery Dance|p2a: Sneasler\n|-damage|p2a: Sneasler|2\/100\n|move|p2a: Sneasler|Gunk Shot|p1a: Volcarona\n|-damage|p1a: Volcarona|0 fnt\n|faint|p1a: Volcarona\n|\n|upkeep\n|\n|t:|1699592931\n|switch|p1a: Kartana|Kartana|100\/100\n|turn|13\n|\n|t:|1699592943\n|switch|p2a: Landorus|Landorus-Therian, M|88\/100\n|-damage|p2a: Landorus|76\/100|[from] Stealth Rock\n|-ability|p2a: Landorus|Intimidate|boost\n|-unboost|p1a: Kartana|atk|1\n|move|p1a: Kartana|Knock Off|p2a: Landorus\n|-damage|p2a: Landorus|55\/100\n|-damage|p1a: Kartana|84\/100|[from] item: Rocky Helmet|[of] p2a: Landorus\n|-enditem|p2a: Landorus|Rocky Helmet|[from] move: Knock Off|[of] p1a: Kartana\n|\n|upkeep\n|turn|14\n|\n|t:|1699592953\n|switch|p1a: Tapu Koko|Tapu Koko|100\/100\n|-fieldstart|move: Electric Terrain|[from] ability: Electric Surge|[of] p1a: Tapu Koko\n|move|p2a: Landorus|Defog|p1a: Tapu Koko\n|-unboost|p1a: Tapu Koko|evasion|1\n|-sideend|p2: Ichaseclout|Stealth Rock|[from] move: Defog|[of] p2a: Landorus\n|-fieldend|move: Electric Terrain\n|\n|upkeep\n|turn|15\n|\n|t:|1699592956\n|switch|p1a: Kartana|Kartana|84\/100\n|move|p2a: Landorus|Earthquake|p1a: Kartana\n|-damage|p1a: Kartana|37\/100\n|\n|upkeep\n|turn|16\n|j| puterrier\n|\n|t:|1699592970\n|switch|p2a: Scizor|Scizor, F|50\/100\n|move|p1a: Kartana|Leaf Blade|p2a: Scizor\n|-resisted|p2a: Scizor\n|-damage|p2a: Scizor|35\/100\n|\n|upkeep\n|turn|17\n|\n|t:|1699592977\n|switch|p1a: Tapu Koko|Tapu Koko|100\/100\n|-fieldstart|move: Electric Terrain|[from] ability: Electric Surge|[of] p1a: Tapu Koko\n|move|p2a: Scizor|Swords Dance|p2a: Scizor\n|-boost|p2a: Scizor|atk|2\n|\n|upkeep\n|turn|18\n|\n|t:|1699592983\n|detailschange|p2a: Scizor|Scizor-Mega, F\n|-mega|p2a: Scizor|Scizor|Scizorite\n|move|p2a: Scizor|Bullet Punch|p1a: Tapu Koko\n|-damage|p1a: Tapu Koko|13\/100\n|move|p1a: Tapu Koko|Reflect|p1a: Tapu Koko\n|-sidestart|p1: Fluttershywastaken|Reflect\n|\n|upkeep\n|turn|19\n|\n|t:|1699592988\n|move|p2a: Scizor|Bullet Punch|p1a: Tapu Koko\n|-damage|p1a: Tapu Koko|0 fnt\n|faint|p1a: Tapu Koko\n|\n|upkeep\n|\n|t:|1699592994\n|switch|p1a: Sneasler|Sneasler, F|100\/100\n|-enditem|p1a: Sneasler|Electric Seed\n|-boost|p1a: Sneasler|def|1|[from] item: Electric Seed\n|turn|20\n|\n|t:|1699592998\n|move|p2a: Scizor|Bullet Punch|p1a: Sneasler\n|-damage|p1a: Sneasler|56\/100\n|move|p1a: Sneasler|Acrobatics|p2a: Scizor\n|-damage|p2a: Scizor|2\/100\n|\n|upkeep\n|turn|21\n|\n|t:|1699593005\n|move|p1a: Sneasler|Acrobatics|p2a: Scizor\n|-damage|p2a: Scizor|0 fnt\n|faint|p2a: Scizor\n|\n|-fieldend|move: Electric Terrain\n|upkeep\n|\n|t:|1699593011\n|switch|p2a: Landorus|Landorus-Therian, M|55\/100\n|-ability|p2a: Landorus|Intimidate|boost\n|-unboost|p1a: Sneasler|atk|1\n|turn|22\n|\n|t:|1699593013\n|move|p1a: Sneasler|Swords Dance|p1a: Sneasler\n|-boost|p1a: Sneasler|atk|2\n|move|p2a: Landorus|Earthquake|p1a: Sneasler\n|-supereffective|p1a: Sneasler\n|-damage|p1a: Sneasler|0 fnt\n|faint|p1a: Sneasler\n|\n|upkeep\n|\n|t:|1699593015\n|switch|p1a: Kartana|Kartana|37\/100\n|turn|23\n|\n|t:|1699593022\n|move|p1a: Kartana|Leaf Blade|p2a: Landorus\n|-damage|p2a: Landorus|13\/100\n|move|p2a: Landorus|Earthquake|p1a: Kartana\n|-damage|p1a: Kartana|12\/100\n|\n|upkeep\n|turn|24\n|\n|t:|1699593029\n|switch|p2a: Sneasler|Sneasler, F|2\/100\n|move|p1a: Kartana|Leaf Blade|p2a: Sneasler\n|-resisted|p2a: Sneasler\n|-damage|p2a: Sneasler|0 fnt\n|faint|p2a: Sneasler\n|-ability|p1a: Kartana|Beast Boost|boost\n|-boost|p1a: Kartana|atk|1\n|\n|upkeep\n|\n|t:|1699593032\n|switch|p2a: Landorus|Landorus-Therian, M|13\/100\n|-ability|p2a: Landorus|Intimidate|boost\n|-unboost|p1a: Kartana|atk|1\n|turn|25\n|\n|t:|1699593035\n|move|p1a: Kartana|Leaf Blade|p2a: Landorus\n|-damage|p2a: Landorus|0 fnt\n|faint|p2a: Landorus\n|-ability|p1a: Kartana|Beast Boost|boost\n|-boost|p1a: Kartana|atk|1\n|\n|-sideend|p1: Fluttershywastaken|Reflect\n|upkeep\n|\n|t:|1699593037\n|switch|p2a: Xurkitree|Xurkitree|63\/100 tox\n|turn|26\n|\n|t:|1699593040\n|move|p1a: Kartana|Leaf Blade|p2a: Xurkitree\n|-damage|p2a: Xurkitree|0 fnt\n|faint|p2a: Xurkitree\n|\n|win|Fluttershywastaken\n|raw|Fluttershywastaken's rating: 1577 &rarr; <strong>1594<\/strong><br \/>(+17 for winning)\n|raw|Ichaseclout's rating: 1524 &rarr; <strong>1507<\/strong><br \/>(-17 for losing)\n|l|\u2606Ichaseclout\n|l| puterrier\n","uploadtime":1699593047,"views":5,"p1id":"fluttershywastaken","p2id":"ichaseclout","formatid":"gen9nationaldex","rating":1507,"private":0,"password":""}