{"id":"gen9nationaldex-1999047924","p1":"vheneko","p2":"Wordedmantis","format":"[Gen 9] National Dex","log":"|html|<div class=\"broadcast-blue\"><strong>[Gen 9] National Dex is currently suspecting Sneasler! For information on how to participate check out the <a href=\"https:\/\/www.smogon.com\/forums\/threads\/sv-national-dex-suspect-8-just-dance.3731534\/\">suspect thread<\/a>.<\/strong><\/div>\n|j|\u2606vheneko\n|j|\u2606Wordedmantis\n|t:|1701027559\n|gametype|singles\n|player|p1|vheneko|depotagent|1291\n|player|p2|Wordedmantis|266|1256\n|teamsize|p1|6\n|teamsize|p2|6\n|gen|9\n|tier|[Gen 9] National Dex\n|rated|\n|rule|HP Percentage Mod: HP is shown in percentages\n|rule|Endless Battle Clause: Forcing endless battles is banned\n|rule|OHKO Clause: OHKO moves are banned\n|rule|Evasion Clause: Evasion abilities, items, and moves are banned\n|rule|Evasion Abilities Clause: Evasion abilities are banned\n|rule|Evasion Items Clause: Evasion items are banned\n|rule|Evasion Moves Clause: Evasion moves are banned\n|rule|Species Clause: Limit one of each Pok\u00e9mon\n|rule|Sleep Clause Mod: Limit one foe put to sleep\n|clearpoke\n|poke|p1|Minior|\n|poke|p1|Cinderace, M|\n|poke|p1|Great Tusk|\n|poke|p1|Pawmot, M|\n|poke|p1|Kyurem|\n|poke|p1|Hatterene, F|\n|poke|p2|Ambipom, M|\n|poke|p2|Espeon, M|\n|poke|p2|Ferrothorn, F|\n|poke|p2|Glimmora, M|\n|poke|p2|Tapu Fini|\n|poke|p2|Pinsir, M|\n|teampreview\n|j| SamFuraxy\n|\n|t:|1701027569\n|start\n|switch|p1a: Great Tusk|Great Tusk|100\/100\n|switch|p2a: Ambipom|Ambipom, M|100\/100\n|turn|1\n|inactive|Battle timer is ON: inactive players will automatically lose when time's up. (requested by Wordedmantis)\n|\n|t:|1701027575\n|move|p2a: Ambipom|Fake Out|p1a: Great Tusk\n|-damage|p1a: Great Tusk|78\/100\n|cant|p1a: Great Tusk|flinch\n|\n|upkeep\n|turn|2\n|\n|t:|1701027581\n|move|p2a: Ambipom|Last Resort|p1a: Great Tusk\n|-damage|p1a: Great Tusk|27\/100\n|move|p1a: Great Tusk|Rapid Spin|p2a: Ambipom\n|-damage|p2a: Ambipom|70\/100\n|-boost|p1a: Great Tusk|spe|1\n|\n|upkeep\n|turn|3\n|\n|t:|1701027588\n|move|p1a: Great Tusk|Knock Off|p2a: Ambipom\n|-damage|p2a: Ambipom|9\/100\n|-enditem|p2a: Ambipom|Silk Scarf|[from] move: Knock Off|[of] p1a: Great Tusk\n|move|p2a: Ambipom|Last Resort|p1a: Great Tusk\n|-damage|p1a: Great Tusk|0 fnt\n|faint|p1a: Great Tusk\n|-end|p1a: Great Tusk|Protosynthesis|[silent]\n|\n|upkeep\n|\n|t:|1701027595\n|switch|p1a: Minior|Minior, shiny|100\/100\n|-formechange|p1a: Minior|Minior-Meteor||[from] ability: Shields Down\n|turn|4\n|\n|t:|1701027602\n|move|p2a: Ambipom|Last Resort|p1a: Minior\n|-resisted|p1a: Minior\n|-damage|p1a: Minior|58\/100\n|move|p1a: Minior|Shell Smash|p1a: Minior\n|-unboost|p1a: Minior|def|1\n|-unboost|p1a: Minior|spd|1\n|-boost|p1a: Minior|atk|2\n|-boost|p1a: Minior|spa|2\n|-boost|p1a: Minior|spe|2\n|-enditem|p1a: Minior|White Herb\n|-clearnegativeboost|p1a: Minior|[silent]\n|\n|upkeep\n|turn|5\n|\n|t:|1701027613\n|move|p1a: Minior|Rock Slide|p2a: Ambipom\n|-damage|p2a: Ambipom|0 fnt\n|faint|p2a: Ambipom\n|\n|upkeep\n|\n|t:|1701027631\n|switch|p2a: Ferrothorn|Ferrothorn, F|100\/100\n|turn|6\n|\n|t:|1701027638\n|-terastallize|p1a: Minior|Water\n|move|p1a: Minior|Acrobatics|p2a: Ferrothorn\n|-damage|p2a: Ferrothorn|44\/100\n|-damage|p1a: Minior|45\/100|[from] ability: Iron Barbs|[of] p2a: Ferrothorn\n|-damage|p1a: Minior|29\/100|[from] item: Rocky Helmet|[of] p2a: Ferrothorn\n|move|p2a: Ferrothorn|Iron Defense|p2a: Ferrothorn\n|-boost|p2a: Ferrothorn|def|2\n|\n|-formechange|p1a: Minior|Minior||[from] ability: Shields Down\n|upkeep\n|turn|7\n|\n|t:|1701027648\n|move|p1a: Minior|Acrobatics|p2a: Ferrothorn\n|-damage|p2a: Ferrothorn|3\/100\n|-damage|p1a: Minior|17\/100|[from] ability: Iron Barbs|[of] p2a: Ferrothorn\n|-damage|p1a: Minior|0 fnt|[from] item: Rocky Helmet|[of] p2a: Ferrothorn\n|faint|p1a: Minior\n|move|p2a: Ferrothorn|Leech Seed|p1: Minior|[notarget]\n|-fail|p2a: Ferrothorn\n|\n|upkeep\n|\n|t:|1701027656\n|switch|p1a: Cinderace|Cinderace, M|100\/100\n|turn|8\n|\n|t:|1701027663\n|move|p1a: Cinderace|Pyro Ball|p2a: Ferrothorn\n|-supereffective|p2a: Ferrothorn\n|-damage|p2a: Ferrothorn|0 fnt\n|faint|p2a: Ferrothorn\n|\n|upkeep\n|\n|t:|1701027668\n|switch|p2a: Espeon|Espeon, M|100\/100\n|turn|9\n|\n|t:|1701027671\n|move|p2a: Espeon|Trick|p1a: Cinderace\n|-activate|p2a: Espeon|move: Trick|[of] p1a: Cinderace\n|-item|p1a: Cinderace|Choice Scarf|[from] move: Trick\n|-item|p2a: Espeon|Heavy-Duty Boots|[from] move: Trick\n|move|p1a: Cinderace|Pyro Ball|p2a: Espeon\n|-damage|p2a: Espeon|0 fnt\n|faint|p2a: Espeon\n|\n|upkeep\n|\n|t:|1701027677\n|switch|p2a: Tapu Fini|Tapu Fini|100\/100\n|-fieldstart|move: Misty Terrain|[from] ability: Misty Surge|[of] p2a: Tapu Fini\n|turn|10\n|\n|t:|1701027681\n|switch|p1a: Hatterene|Hatterene, F|100\/100\n|move|p2a: Tapu Fini|Calm Mind|p2a: Tapu Fini\n|-boost|p2a: Tapu Fini|spa|1\n|-boost|p2a: Tapu Fini|spd|1\n|\n|upkeep\n|turn|11\n|\n|t:|1701027688\n|move|p2a: Tapu Fini|Calm Mind|p2a: Tapu Fini\n|-boost|p2a: Tapu Fini|spa|1\n|-boost|p2a: Tapu Fini|spd|1\n|move|p1a: Hatterene|Nuzzle|p2a: Tapu Fini\n|-supereffective|p2a: Tapu Fini\n|-damage|p2a: Tapu Fini|91\/100\n|\n|-heal|p2a: Tapu Fini|97\/100|[from] item: Leftovers\n|upkeep\n|turn|12\n|\n|t:|1701027697\n|move|p2a: Tapu Fini|Calm Mind|p2a: Tapu Fini\n|-boost|p2a: Tapu Fini|spa|1\n|-boost|p2a: Tapu Fini|spd|1\n|move|p1a: Hatterene|Mystical Fire|p2a: Tapu Fini\n|-resisted|p2a: Tapu Fini\n|-damage|p2a: Tapu Fini|93\/100\n|-unboost|p2a: Tapu Fini|spa|1\n|\n|-heal|p2a: Tapu Fini|99\/100|[from] item: Leftovers\n|upkeep\n|turn|13\n|\n|t:|1701027706\n|move|p2a: Tapu Fini|Calm Mind|p2a: Tapu Fini\n|-boost|p2a: Tapu Fini|spa|1\n|-boost|p2a: Tapu Fini|spd|1\n|move|p1a: Hatterene|Calm Mind|p1a: Hatterene\n|-boost|p1a: Hatterene|spa|1\n|-boost|p1a: Hatterene|spd|1\n|\n|-heal|p2a: Tapu Fini|100\/100|[from] item: Leftovers\n|upkeep\n|turn|14\n|\n|t:|1701027713\n|move|p2a: Tapu Fini|Scald|p1a: Hatterene\n|-damage|p1a: Hatterene|45\/100\n|move|p1a: Hatterene|Mystical Fire|p2a: Tapu Fini\n|-resisted|p2a: Tapu Fini\n|-damage|p2a: Tapu Fini|96\/100\n|-unboost|p2a: Tapu Fini|spa|1\n|\n|-heal|p2a: Tapu Fini|100\/100|[from] item: Leftovers\n|-heal|p1a: Hatterene|51\/100|[from] item: Leftovers\n|-fieldend|Misty Terrain\n|upkeep\n|turn|15\n|\n|t:|1701027723\n|move|p2a: Tapu Fini|Scald|p1a: Hatterene\n|-damage|p1a: Hatterene|7\/100\n|move|p1a: Hatterene|Nuzzle|p2a: Tapu Fini\n|-supereffective|p2a: Tapu Fini\n|-damage|p2a: Tapu Fini|91\/100\n|-status|p2a: Tapu Fini|par\n|\n|-heal|p2a: Tapu Fini|97\/100 par|[from] item: Leftovers\n|-heal|p1a: Hatterene|13\/100|[from] item: Leftovers\n|upkeep\n|turn|16\n|\n|t:|1701027733\n|move|p2a: Tapu Fini|Scald|p1a: Hatterene\n|-damage|p1a: Hatterene|0 fnt\n|faint|p1a: Hatterene\n|\n|-heal|p2a: Tapu Fini|100\/100 par|[from] item: Leftovers\n|upkeep\n|\n|t:|1701027738\n|switch|p1a: Pawmot|Pawmot, M|100\/100\n|turn|17\n|\n|t:|1701027743\n|move|p1a: Pawmot|Fake Out|p2a: Tapu Fini\n|-damage|p2a: Tapu Fini|87\/100 par\n|cant|p2a: Tapu Fini|flinch\n|\n|-heal|p2a: Tapu Fini|93\/100 par|[from] item: Leftovers\n|upkeep\n|turn|18\n|\n|t:|1701027749\n|move|p1a: Pawmot|Double Shock|p2a: Tapu Fini\n|-supereffective|p2a: Tapu Fini\n|-damage|p2a: Tapu Fini|0 fnt\n|-start|p1a: Pawmot|typechange|???\/Fighting|[from] move: Double Shock\n|faint|p2a: Tapu Fini\n|\n|upkeep\n|\n|t:|1701027754\n|switch|p2a: Glimmora|Glimmora, M|100\/100\n|turn|19\n|\n|t:|1701027760\n|move|p1a: Pawmot|Revival Blessing|p1a: Pawmot\n|\n|t:|1701027763\n|-heal|p1: Minior|50\/100|[from] move: Revival Blessing\n|move|p2a: Glimmora|Sludge Wave|p1a: Pawmot\n|-damage|p1a: Pawmot|9\/100\n|\n|upkeep\n|turn|20\n|\n|t:|1701027769\n|move|p1a: Pawmot|Close Combat|p2a: Glimmora\n|-damage|p2a: Glimmora|29\/100\n|-unboost|p1a: Pawmot|def|1\n|-unboost|p1a: Pawmot|spd|1\n|-activate|p2a: Glimmora|ability: Toxic Debris\n|-sidestart|p1: vheneko|move: Toxic Spikes\n|move|p2a: Glimmora|Sludge Wave|p1a: Pawmot\n|-damage|p1a: Pawmot|0 fnt\n|faint|p1a: Pawmot\n|\n|upkeep\n|\n|t:|1701027779\n|switch|p1a: Cinderace|Cinderace, M|100\/100\n|-status|p1a: Cinderace|psn\n|turn|21\n|\n|t:|1701027783\n|move|p1a: Cinderace|Pyro Ball|p2a: Glimmora\n|-resisted|p2a: Glimmora\n|-damage|p2a: Glimmora|0 fnt\n|-activate|p2a: Glimmora|ability: Toxic Debris\n|-sidestart|p1: vheneko|move: Toxic Spikes\n|faint|p2a: Glimmora\n|\n|-damage|p1a: Cinderace|88\/100 psn|[from] psn\n|upkeep\n|\n|t:|1701027785\n|switch|p2a: Pinsir|Pinsir, M|100\/100\n|turn|22\n|\n|t:|1701027793\n|detailschange|p2a: Pinsir|Pinsir-Mega, M\n|-mega|p2a: Pinsir|Pinsir|Pinsirite\n|move|p2a: Pinsir|Quick Attack|p1a: Cinderace\n|-damage|p1a: Cinderace|49\/100 psn\n|move|p1a: Cinderace|Pyro Ball|p2a: Pinsir\n|-supereffective|p2a: Pinsir\n|-damage|p2a: Pinsir|0 fnt\n|faint|p2a: Pinsir\n|\n|win|vheneko\n|raw|vheneko's rating: 1291 &rarr; <strong>1313<\/strong><br \/>(+22 for winning)\n|raw|Wordedmantis's rating: 1256 &rarr; <strong>1234<\/strong><br \/>(-22 for losing)\n|l|\u2606Wordedmantis\n","uploadtime":1701027805,"views":2,"p1id":"vheneko","p2id":"wordedmantis","formatid":"gen9nationaldex","rating":1234,"private":0,"password":""}