{"id":"gen9nationaldex-1997833150","p1":"KingoftheTitans","p2":"Better Fuck Chuck","format":"[Gen 9] National Dex","log":"|html|<div class=\"broadcast-blue\"><strong>[Gen 9] National Dex is currently suspecting Sneasler! For information on how to participate check out the <a href=\"https:\/\/www.smogon.com\/forums\/threads\/sv-national-dex-suspect-8-just-dance.3731534\/\">suspect thread<\/a>.<\/strong><\/div>\n|j|\u2606KingoftheTitans\n|j|\u2606Better Fuck Chuck\n|t:|1700857642\n|gametype|singles\n|player|p1|KingoftheTitans|266|1225\n|player|p2|Better Fuck Chuck|gentleman-gen4dp|1270\n|teamsize|p1|6\n|teamsize|p2|6\n|gen|9\n|tier|[Gen 9] National Dex\n|rated|\n|rule|HP Percentage Mod: HP is shown in percentages\n|rule|Endless Battle Clause: Forcing endless battles is banned\n|rule|OHKO Clause: OHKO moves are banned\n|rule|Evasion Clause: Evasion abilities, items, and moves are banned\n|rule|Evasion Abilities Clause: Evasion abilities are banned\n|rule|Evasion Items Clause: Evasion items are banned\n|rule|Evasion Moves Clause: Evasion moves are banned\n|rule|Species Clause: Limit one of each Pok\u00e9mon\n|rule|Sleep Clause Mod: Limit one foe put to sleep\n|clearpoke\n|poke|p1|Tornadus, M|\n|poke|p1|Buzzwole|\n|poke|p1|Breloom, M|\n|poke|p1|Bronzong|\n|poke|p1|Sceptile, M|\n|poke|p1|Basculegion-F, F|\n|poke|p2|Araquanid, F|\n|poke|p2|Tyranitar, M|\n|poke|p2|Great Tusk|\n|poke|p2|Tangrowth, M|\n|poke|p2|Aggron, F|\n|poke|p2|Dracozolt|\n|teampreview\n|\n|t:|1700857650\n|start\n|switch|p1a: Bronzong|Bronzong|100\/100\n|switch|p2a: Araquanid|Araquanid, F|100\/100\n|turn|1\n|\n|t:|1700857657\n|move|p2a: Araquanid|Hydro Pump|p1a: Bronzong\n|-damage|p1a: Bronzong|35\/100\n|move|p1a: Bronzong|Stealth Rock|p2a: Araquanid\n|-sidestart|p2: Better Fuck Chuck|move: Stealth Rock\n|\n|-heal|p1a: Bronzong|42\/100|[from] item: Leftovers\n|upkeep\n|turn|2\n|\n|t:|1700857664\n|move|p2a: Araquanid|Hydro Pump|p1a: Bronzong\n|-damage|p1a: Bronzong|0 fnt\n|faint|p1a: Bronzong\n|\n|upkeep\n|\n|t:|1700857680\n|switch|p1a: Tornadus|Tornadus, M|100\/100\n|turn|3\n|\n|t:|1700857686\n|switch|p2a: Tyranitar|Tyranitar, M|100\/100\n|-damage|p2a: Tyranitar|88\/100|[from] Stealth Rock\n|-weather|Sandstorm|[from] ability: Sand Stream|[of] p2a: Tyranitar\n|move|p1a: Tornadus|Hurricane|p2a: Tyranitar|[miss]\n|-miss|p1a: Tornadus|p2a: Tyranitar\n|\n|-weather|Sandstorm|[upkeep]\n|-damage|p1a: Tornadus|94\/100|[from] Sandstorm\n|upkeep\n|turn|4\n|\n|t:|1700857697\n|-activate|p1a: Tornadus|move: Pursuit\n|move|p2a: Tyranitar|Pursuit|p1a: Tornadus|[from]Pursuit\n|-damage|p1a: Tornadus|27\/100\n|switch|p1a: Buzzwole|Buzzwole, shiny|100\/100\n|\n|-weather|Sandstorm|[upkeep]\n|-damage|p1a: Buzzwole|94\/100|[from] Sandstorm\n|upkeep\n|turn|5\n|\n|t:|1700857706\n|switch|p2a: Great Tusk|Great Tusk|100\/100\n|-damage|p2a: Great Tusk|97\/100|[from] Stealth Rock\n|-enditem|p2a: Great Tusk|Booster Energy\n|-activate|p2a: Great Tusk|ability: Protosynthesis|[fromitem]\n|-start|p2a: Great Tusk|protosynthesisspe\n|move|p1a: Buzzwole|Close Combat|p2a: Great Tusk\n|-damage|p2a: Great Tusk|61\/100\n|-unboost|p1a: Buzzwole|def|1\n|-unboost|p1a: Buzzwole|spd|1\n|\n|-weather|Sandstorm|[upkeep]\n|-damage|p1a: Buzzwole|88\/100|[from] Sandstorm\n|upkeep\n|turn|6\n|\n|t:|1700857718\n|move|p2a: Great Tusk|Rapid Spin|p1a: Buzzwole\n|-damage|p1a: Buzzwole|77\/100\n|-boost|p2a: Great Tusk|spe|1\n|-damage|p2a: Great Tusk|45\/100|[from] item: Rocky Helmet|[of] p1a: Buzzwole\n|-sideend|p2: Better Fuck Chuck|Stealth Rock|[from] move: Rapid Spin|[of] p2a: Great Tusk\n|move|p1a: Buzzwole|Toxic|p2a: Great Tusk\n|-status|p2a: Great Tusk|tox\n|\n|-weather|Sandstorm|[upkeep]\n|-damage|p1a: Buzzwole|71\/100|[from] Sandstorm\n|-damage|p2a: Great Tusk|38\/100 tox|[from] psn\n|upkeep\n|turn|7\n|\n|t:|1700857728\n|-end|p2a: Great Tusk|Protosynthesis|[silent]\n|switch|p2a: Araquanid|Araquanid, F|100\/100\n|move|p1a: Buzzwole|Ice Punch|p2a: Araquanid\n|-resisted|p2a: Araquanid\n|-damage|p2a: Araquanid|87\/100\n|\n|-weather|none\n|upkeep\n|turn|8\n|\n|t:|1700857735\n|move|p1a: Buzzwole|Toxic|p2a: Araquanid\n|-status|p2a: Araquanid|tox\n|move|p2a: Araquanid|Surf|p1a: Buzzwole\n|-damage|p1a: Buzzwole|0 fnt\n|faint|p1a: Buzzwole\n|\n|-damage|p2a: Araquanid|80\/100 tox|[from] psn\n|upkeep\n|\n|t:|1700857750\n|switch|p1a: Breloom|Breloom, M|100\/100\n|turn|9\n|\n|t:|1700857757\n|switch|p2a: Tangrowth|Tangrowth, M|100\/100\n|move|p1a: Breloom|Rock Tomb|p2a: Tangrowth\n|-damage|p2a: Tangrowth|78\/100\n|-unboost|p2a: Tangrowth|spe|1\n|\n|upkeep\n|turn|10\n|\n|t:|1700857777\n|move|p1a: Breloom|Close Combat|p2a: Tangrowth\n|-damage|p2a: Tangrowth|36\/100\n|-unboost|p1a: Breloom|def|1\n|-unboost|p1a: Breloom|spd|1\n|move|p2a: Tangrowth|Hidden Power|p1a: Breloom\n|-supereffective|p1a: Breloom\n|-damage|p1a: Breloom|11\/100\n|\n|upkeep\n|turn|11\n|\n|t:|1700857790\n|switch|p2a: Great Tusk|Great Tusk|38\/100 tox\n|move|p1a: Breloom|Close Combat|p2a: Great Tusk\n|-damage|p2a: Great Tusk|0 fnt\n|-unboost|p1a: Breloom|def|1\n|-unboost|p1a: Breloom|spd|1\n|faint|p2a: Great Tusk\n|-end|p2a: Great Tusk|Protosynthesis|[silent]\n|\n|upkeep\n|\n|t:|1700857805\n|switch|p2a: Tangrowth|Tangrowth, M|70\/100\n|turn|12\n|\n|t:|1700857808\n|move|p1a: Breloom|Close Combat|p2a: Tangrowth\n|-damage|p2a: Tangrowth|28\/100\n|-unboost|p1a: Breloom|def|1\n|-unboost|p1a: Breloom|spd|1\n|move|p2a: Tangrowth|Giga Drain|p1a: Breloom\n|-resisted|p1a: Breloom\n|-damage|p1a: Breloom|0 fnt\n|-heal|p2a: Tangrowth|32\/100|[from] drain|[of] p1a: Breloom\n|faint|p1a: Breloom\n|\n|upkeep\n|\n|t:|1700857819\n|switch|p1a: Tornadus|Tornadus, M|27\/100\n|turn|13\n|\n|t:|1700857825\n|switch|p2a: Tyranitar|Tyranitar, M|88\/100\n|-weather|Sandstorm|[from] ability: Sand Stream|[of] p2a: Tyranitar\n|move|p1a: Tornadus|Focus Blast|p2a: Tyranitar|[miss]\n|-miss|p1a: Tornadus|p2a: Tyranitar\n|\n|-weather|Sandstorm|[upkeep]\n|-damage|p1a: Tornadus|21\/100|[from] Sandstorm\n|upkeep\n|turn|14\n|\n|t:|1700857838\n|-terastallize|p1a: Tornadus|Fighting\n|move|p1a: Tornadus|Focus Blast|p2a: Tyranitar\n|-supereffective|p2a: Tyranitar\n|-damage|p2a: Tyranitar|1\/100\n|move|p2a: Tyranitar|Pursuit|p1a: Tornadus\n|-resisted|p1a: Tornadus\n|-damage|p1a: Tornadus|3\/100\n|\n|-weather|Sandstorm|[upkeep]\n|-damage|p1a: Tornadus|0 fnt|[from] Sandstorm\n|faint|p1a: Tornadus\n|upkeep\n|\n|t:|1700857847\n|switch|p1a: Basculegion|Basculegion-F, F|100\/100\n|turn|15\n|\n|t:|1700857851\n|move|p1a: Basculegion|Ice Beam|p2a: Tyranitar\n|-damage|p2a: Tyranitar|0 fnt\n|faint|p2a: Tyranitar\n|\n|-weather|Sandstorm|[upkeep]\n|-damage|p1a: Basculegion|94\/100|[from] Sandstorm\n|upkeep\n|\n|t:|1700857856\n|switch|p2a: Dracozolt|Dracozolt|100\/100\n|turn|16\n|\n|t:|1700857860\n|move|p2a: Dracozolt|Bolt Beak|p1a: Basculegion\n|-supereffective|p1a: Basculegion\n|-damage|p1a: Basculegion|0 fnt\n|faint|p1a: Basculegion\n|-damage|p2a: Dracozolt|91\/100|[from] item: Life Orb\n|\n|-weather|Sandstorm|[upkeep]\n|upkeep\n|\n|t:|1700857866\n|switch|p1a: Sceptile|Sceptile, M|100\/100\n|turn|17\n|\n|t:|1700857869\n|detailschange|p1a: Sceptile|Sceptile-Mega, M\n|-mega|p1a: Sceptile|Sceptile|Sceptilite\n|move|p2a: Dracozolt|Draco Meteor|p1a: Sceptile\n|-supereffective|p1a: Sceptile\n|-damage|p1a: Sceptile|0 fnt\n|-unboost|p2a: Dracozolt|spa|2\n|faint|p1a: Sceptile\n|-damage|p2a: Dracozolt|81\/100|[from] item: Life Orb\n|\n|win|Better Fuck Chuck\n|raw|KingoftheTitans's rating: 1225 &rarr; <strong>1203<\/strong><br \/>(-22 for losing)\n|raw|Better Fuck Chuck's rating: 1270 &rarr; <strong>1292<\/strong><br \/>(+22 for winning)\n|l|\u2606Better Fuck Chuck\n|c|\u2606KingoftheTitans|....\n","uploadtime":1700857883,"views":1,"p1id":"kingofthetitans","p2id":"betterfuckchuck","formatid":"gen9nationaldex","rating":1203,"private":0,"password":""}