{"id":"gen9nationaldex-1991043842","p1":"Tokiwakano","p2":"Leaf of Frost","format":"[Gen 9] National Dex","log":"|j|\u2606Tokiwakano\n|j|\u2606Leaf of Frost\n|t:|1700033548\n|gametype|singles\n|player|p1|Tokiwakano|caitlin|1725\n|player|p2|Leaf of Frost|dawn|1683\n|teamsize|p1|6\n|teamsize|p2|6\n|gen|9\n|tier|[Gen 9] National Dex\n|rated|\n|rule|HP Percentage Mod: HP is shown in percentages\n|rule|Endless Battle Clause: Forcing endless battles is banned\n|rule|OHKO Clause: OHKO moves are banned\n|rule|Evasion Clause: Evasion abilities, items, and moves are banned\n|rule|Evasion Abilities Clause: Evasion abilities are banned\n|rule|Evasion Items Clause: Evasion items are banned\n|rule|Evasion Moves Clause: Evasion moves are banned\n|rule|Species Clause: Limit one of each Pok\u00e9mon\n|rule|Sleep Clause Mod: Limit one foe put to sleep\n|clearpoke\n|poke|p1|Tapu Koko|\n|poke|p1|Iron Valiant|\n|poke|p1|Garchomp, M|\n|poke|p1|Ferrothorn, M|\n|poke|p1|Scizor, M|\n|poke|p1|Landorus-Therian, M|\n|poke|p2|Ninetales-Alola, F|\n|poke|p2|Meowscarada, M|\n|poke|p2|Gliscor, M|\n|poke|p2|Tapu Koko|\n|poke|p2|Nihilego|\n|poke|p2|Skeledirge, M|\n|teampreview\n|inactive|Battle timer is ON: inactive players will automatically lose when time's up. (requested by Leaf of Frost)\n|\n|t:|1700033553\n|start\n|switch|p1a: Scizor|Scizor, M|100\/100\n|switch|p2a: \u96ea\u5929\u961f\u957f|Ninetales-Alola, F|100\/100\n|-weather|Snow|[from] ability: Snow Warning|[of] p2a: \u96ea\u5929\u961f\u957f\n|turn|1\n|\n|t:|1700033555\n|detailschange|p1a: Scizor|Scizor-Mega, M\n|-mega|p1a: Scizor|Scizor|Scizorite\n|-terastallize|p2a: \u96ea\u5929\u961f\u957f|Fire\n|move|p2a: \u96ea\u5929\u961f\u957f|Tera Blast|p1a: Scizor|[anim] Tera Blast Fire\n|-supereffective|p1a: Scizor\n|-damage|p1a: Scizor|13\/100\n|move|p1a: Scizor|Knock Off|p2a: \u96ea\u5929\u961f\u957f\n|-damage|p2a: \u96ea\u5929\u961f\u957f|51\/100\n|-enditem|p2a: \u96ea\u5929\u961f\u957f|Light Clay|[from] move: Knock Off|[of] p1a: Scizor\n|\n|-weather|Snow|[upkeep]\n|upkeep\n|turn|2\n|\n|t:|1700033565\n|move|p2a: \u96ea\u5929\u961f\u957f|Aurora Veil|p2a: \u96ea\u5929\u961f\u957f\n|-sidestart|p2: Leaf of Frost|move: Aurora Veil\n|move|p1a: Scizor|U-turn|p2a: \u96ea\u5929\u961f\u957f\n|-resisted|p2a: \u96ea\u5929\u961f\u957f\n|-damage|p2a: \u96ea\u5929\u961f\u957f|37\/100\n|\n|t:|1700033581\n|switch|p1a: Iron Valiant|Iron Valiant|100\/100|[from] U-turn\n|\n|-weather|Snow|[upkeep]\n|upkeep\n|turn|3\n|\n|t:|1700033587\n|move|p1a: Iron Valiant|Moonblast|p2a: \u96ea\u5929\u961f\u957f\n|-resisted|p2a: \u96ea\u5929\u961f\u957f\n|-damage|p2a: \u96ea\u5929\u961f\u957f|16\/100\n|move|p2a: \u96ea\u5929\u961f\u957f|Moonblast|p1a: Iron Valiant\n|-supereffective|p1a: Iron Valiant\n|-damage|p1a: Iron Valiant|0 fnt\n|faint|p1a: Iron Valiant\n|-end|p1a: Iron Valiant|Quark Drive|[silent]\n|\n|-weather|Snow|[upkeep]\n|upkeep\n|\n|t:|1700033593\n|switch|p1a: Tapu Koko|Tapu Koko|100\/100\n|-fieldstart|move: Electric Terrain|[from] ability: Electric Surge|[of] p1a: Tapu Koko\n|turn|4\n|\n|t:|1700033596\n|switch|p2a: \u6bd2\u7597\u5e26\u6765\u5feb\u4e50|Gliscor, M|100\/100\n|move|p1a: Tapu Koko|Volt Switch|p2a: \u6bd2\u7597\u5e26\u6765\u5feb\u4e50\n|-immune|p2a: \u6bd2\u7597\u5e26\u6765\u5feb\u4e50\n|\n|-weather|Snow|[upkeep]\n|-status|p2a: \u6bd2\u7597\u5e26\u6765\u5feb\u4e50|tox|[from] item: Toxic Orb\n|upkeep\n|turn|5\n|\n|t:|1700033602\n|switch|p1a: Ferrothorn|Ferrothorn, M|100\/100\n|move|p2a: \u6bd2\u7597\u5e26\u6765\u5feb\u4e50|Toxic|p1a: Ferrothorn\n|-immune|p1a: Ferrothorn\n|\n|-weather|none\n|upkeep\n|turn|6\n|\n|t:|1700033605\n|move|p2a: \u6bd2\u7597\u5e26\u6765\u5feb\u4e50|U-turn|p1a: Ferrothorn\n|-damage|p1a: Ferrothorn|92\/100\n|-damage|p2a: \u6bd2\u7597\u5e26\u6765\u5feb\u4e50|88\/100 tox|[from] ability: Iron Barbs|[of] p1a: Ferrothorn\n|\n|t:|1700033610\n|switch|p2a: \u6df3\u6734\u5e26\u6765\u5feb\u4e50|Skeledirge, M|100\/100|[from] U-turn\n|move|p1a: Ferrothorn|Stealth Rock|p2a: \u6df3\u6734\u5e26\u6765\u5feb\u4e50\n|-sidestart|p2: Leaf of Frost|move: Stealth Rock\n|\n|-heal|p1a: Ferrothorn|98\/100|[from] item: Leftovers\n|-sideend|p2: Leaf of Frost|move: Aurora Veil\n|upkeep\n|turn|7\n|\n|t:|1700033620\n|switch|p1a: Scizor|Scizor-Mega, M|13\/100\n|move|p2a: \u6df3\u6734\u5e26\u6765\u5feb\u4e50|Torch Song|p1a: Scizor\n|-supereffective|p1a: Scizor\n|-damage|p1a: Scizor|0 fnt\n|-boost|p2a: \u6df3\u6734\u5e26\u6765\u5feb\u4e50|spa|1\n|faint|p1a: Scizor\n|\n|upkeep\n|\n|t:|1700033625\n|switch|p1a: Garchomp|Garchomp, M|100\/100\n|turn|8\n|\n|t:|1700033629\n|move|p2a: \u6df3\u6734\u5e26\u6765\u5feb\u4e50|Protect|p2a: \u6df3\u6734\u5e26\u6765\u5feb\u4e50\n|-singleturn|p2a: \u6df3\u6734\u5e26\u6765\u5feb\u4e50|Protect\n|move|p1a: Garchomp|Earthquake|p2a: \u6df3\u6734\u5e26\u6765\u5feb\u4e50\n|-activate|p2a: \u6df3\u6734\u5e26\u6765\u5feb\u4e50|move: Protect\n|\n|-fieldend|move: Electric Terrain\n|upkeep\n|turn|9\n|\n|t:|1700033632\n|switch|p2a: \u6bd2\u7597\u5e26\u6765\u5feb\u4e50|Gliscor, M|88\/100 tox\n|-damage|p2a: \u6bd2\u7597\u5e26\u6765\u5feb\u4e50|76\/100 tox|[from] Stealth Rock\n|move|p1a: Garchomp|Earthquake|p2a: \u6bd2\u7597\u5e26\u6765\u5feb\u4e50\n|-immune|p2a: \u6bd2\u7597\u5e26\u6765\u5feb\u4e50\n|\n|-heal|p2a: \u6bd2\u7597\u5e26\u6765\u5feb\u4e50|88\/100 tox|[from] ability: Poison Heal\n|upkeep\n|turn|10\n|\n|t:|1700033638\n|move|p1a: Garchomp|Swords Dance|p1a: Garchomp\n|-boost|p1a: Garchomp|atk|2\n|move|p2a: \u6bd2\u7597\u5e26\u6765\u5feb\u4e50|U-turn|p1a: Garchomp\n|-damage|p1a: Garchomp|85\/100\n|-damage|p2a: \u6bd2\u7597\u5e26\u6765\u5feb\u4e50|76\/100 tox|[from] ability: Rough Skin|[of] p1a: Garchomp\n|\n|t:|1700033645\n|switch|p2a: \u963f\u7f57\u62c9|Tapu Koko|100\/100|[from] U-turn\n|-fieldstart|move: Electric Terrain|[from] ability: Electric Surge|[of] p2a: \u963f\u7f57\u62c9\n|\n|upkeep\n|turn|11\n|\n|t:|1700033649\n|switch|p1a: Landorus|Landorus-Therian, M|100\/100\n|-ability|p1a: Landorus|Intimidate|boost\n|-unboost|p2a: \u963f\u7f57\u62c9|atk|1\n|move|p2a: \u963f\u7f57\u62c9|Defog|p1a: Landorus\n|-unboost|p1a: Landorus|evasion|1\n|-sideend|p2: Leaf of Frost|Stealth Rock|[from] move: Defog|[of] p2a: \u963f\u7f57\u62c9\n|-fieldend|move: Electric Terrain\n|\n|upkeep\n|turn|12\n|\n|t:|1700033657\n|move|p2a: \u963f\u7f57\u62c9|Hidden Power|p1a: Landorus\n|-supereffective|p1a: Landorus\n|-damage|p1a: Landorus|42\/100\n|move|p1a: Landorus|U-turn|p2a: \u963f\u7f57\u62c9\n|-resisted|p2a: \u963f\u7f57\u62c9\n|-damage|p2a: \u963f\u7f57\u62c9|86\/100\n|\n|t:|1700033662\n|switch|p1a: Tapu Koko|Tapu Koko|100\/100|[from] U-turn\n|-fieldstart|move: Electric Terrain|[from] ability: Electric Surge|[of] p1a: Tapu Koko\n|\n|upkeep\n|turn|13\n|\n|t:|1700033666\n|move|p1a: Tapu Koko|Volt Switch|p2a: \u963f\u7f57\u62c9\n|-resisted|p2a: \u963f\u7f57\u62c9\n|-damage|p2a: \u963f\u7f57\u62c9|55\/100\n|\n|t:|1700033670\n|switch|p1a: Ferrothorn|Ferrothorn, M|98\/100|[from] Volt Switch\n|move|p2a: \u963f\u7f57\u62c9|Volt Switch|p1a: Ferrothorn\n|-resisted|p1a: Ferrothorn\n|-damage|p1a: Ferrothorn|83\/100\n|\n|t:|1700033677\n|switch|p2a: \u96ea\u5929\u961f\u957f|Ninetales-Alola, F, tera:Fire|16\/100|[from] Volt Switch\n|-weather|Snow|[from] ability: Snow Warning|[of] p2a: \u96ea\u5929\u961f\u957f\n|\n|-weather|Snow|[upkeep]\n|-heal|p1a: Ferrothorn|89\/100|[from] item: Leftovers\n|upkeep\n|turn|14\n|\n|t:|1700033682\n|-terastallize|p1a: Ferrothorn|Ghost\n|move|p2a: \u96ea\u5929\u961f\u957f|Tera Blast|p1a: Ferrothorn|[anim] Tera Blast Fire\n|-damage|p1a: Ferrothorn|63\/100\n|move|p1a: Ferrothorn|Stealth Rock|p2a: \u96ea\u5929\u961f\u957f\n|-sidestart|p2: Leaf of Frost|move: Stealth Rock\n|\n|-weather|Snow|[upkeep]\n|-heal|p1a: Ferrothorn|70\/100|[from] item: Leftovers\n|upkeep\n|turn|15\n|\n|t:|1700033689\n|move|p2a: \u96ea\u5929\u961f\u957f|Aurora Veil|p2a: \u96ea\u5929\u961f\u957f\n|-sidestart|p2: Leaf of Frost|move: Aurora Veil\n|move|p1a: Ferrothorn|Leech Seed|p2a: \u96ea\u5929\u961f\u957f\n|-start|p2a: \u96ea\u5929\u961f\u957f|move: Leech Seed\n|\n|-weather|Snow|[upkeep]\n|-heal|p1a: Ferrothorn|76\/100|[from] item: Leftovers\n|-damage|p2a: \u96ea\u5929\u961f\u957f|4\/100|[from] Leech Seed|[of] p1a: Ferrothorn\n|-heal|p1a: Ferrothorn|86\/100|[silent]\n|upkeep\n|turn|16\n|\n|t:|1700033697\n|move|p2a: \u96ea\u5929\u961f\u957f|Moonblast|p1a: Ferrothorn\n|-damage|p1a: Ferrothorn|55\/100\n|-unboost|p1a: Ferrothorn|spa|1\n|move|p1a: Ferrothorn|Leech Seed|p2a: \u96ea\u5929\u961f\u957f|[miss]\n|-miss|p1a: Ferrothorn|p2a: \u96ea\u5929\u961f\u957f\n|\n|-weather|Snow|[upkeep]\n|-heal|p1a: Ferrothorn|62\/100|[from] item: Leftovers\n|-damage|p2a: \u96ea\u5929\u961f\u957f|0 fnt|[from] Leech Seed|[of] p1a: Ferrothorn\n|-heal|p1a: Ferrothorn|64\/100|[silent]\n|faint|p2a: \u96ea\u5929\u961f\u957f\n|-fieldend|move: Electric Terrain\n|upkeep\n|\n|t:|1700033702\n|switch|p2a: \u732b\u732b|Meowscarada, M|100\/100\n|-damage|p2a: \u732b\u732b|88\/100|[from] Stealth Rock\n|turn|17\n|\n|t:|1700033706\n|switch|p1a: Landorus|Landorus-Therian, M|42\/100\n|-ability|p1a: Landorus|Intimidate|boost\n|-unboost|p2a: \u732b\u732b|atk|1\n|move|p2a: \u732b\u732b|Knock Off|p1a: Landorus\n|-start|p2a: \u732b\u732b|typechange|Dark|[from] ability: Protean\n|-damage|p1a: Landorus|15\/100\n|-enditem|p1a: Landorus|Leftovers|[from] move: Knock Off|[of] p2a: \u732b\u732b\n|\n|-weather|none\n|upkeep\n|turn|18\n|\n|t:|1700033712\n|switch|p1a: Tapu Koko|Tapu Koko|100\/100\n|-fieldstart|move: Electric Terrain|[from] ability: Electric Surge|[of] p1a: Tapu Koko\n|move|p2a: \u732b\u732b|Knock Off|p1a: Tapu Koko\n|-resisted|p1a: Tapu Koko\n|-damage|p1a: Tapu Koko|81\/100\n|-enditem|p1a: Tapu Koko|Heavy-Duty Boots|[from] move: Knock Off|[of] p2a: \u732b\u732b\n|\n|upkeep\n|turn|19\n|\n|t:|1700033718\n|switch|p2a: \u6bd2\u7597\u5e26\u6765\u5feb\u4e50|Gliscor, M|76\/100 tox\n|-damage|p2a: \u6bd2\u7597\u5e26\u6765\u5feb\u4e50|63\/100 tox|[from] Stealth Rock\n|move|p1a: Tapu Koko|Hidden Power|p2a: \u6bd2\u7597\u5e26\u6765\u5feb\u4e50\n|-supereffective|p2a: \u6bd2\u7597\u5e26\u6765\u5feb\u4e50\n|-crit|p2a: \u6bd2\u7597\u5e26\u6765\u5feb\u4e50\n|-damage|p2a: \u6bd2\u7597\u5e26\u6765\u5feb\u4e50|0 fnt\n|faint|p2a: \u6bd2\u7597\u5e26\u6765\u5feb\u4e50\n|\n|-sideend|p2: Leaf of Frost|move: Aurora Veil\n|upkeep\n|\n|t:|1700033724\n|switch|p2a: \u8389\u8389\u827e|Nihilego|100\/100\n|-damage|p2a: \u8389\u8389\u827e|88\/100|[from] Stealth Rock\n|turn|20\n|\n|t:|1700033728\n|move|p1a: Tapu Koko|Volt Switch|p2a: \u8389\u8389\u827e\n|-damage|p2a: \u8389\u8389\u827e|60\/100\n|\n|t:|1700033734\n|switch|p1a: Landorus|Landorus-Therian, M|15\/100|[from] Volt Switch\n|-ability|p1a: Landorus|Intimidate|boost\n|-unboost|p2a: \u8389\u8389\u827e|atk|1\n|move|p2a: \u8389\u8389\u827e|Meteor Beam||[still]\n|-prepare|p2a: \u8389\u8389\u827e|Meteor Beam\n|-boost|p2a: \u8389\u8389\u827e|spa|1\n|-enditem|p2a: \u8389\u8389\u827e|Power Herb\n|-anim|p2a: \u8389\u8389\u827e|Meteor Beam|p1a: Landorus\n|-damage|p1a: Landorus|0 fnt\n|faint|p1a: Landorus\n|-ability|p2a: \u8389\u8389\u827e|Beast Boost|boost\n|-boost|p2a: \u8389\u8389\u827e|spe|1\n|\n|upkeep\n|\n|t:|1700033736\n|switch|p1a: Garchomp|Garchomp, M|85\/100\n|turn|21\n|\n|t:|1700033744\n|move|p2a: \u8389\u8389\u827e|Psyshock|p1a: Garchomp\n|-damage|p1a: Garchomp|45\/100\n|move|p1a: Garchomp|Earthquake|p2a: \u8389\u8389\u827e\n|-supereffective|p2a: \u8389\u8389\u827e\n|-damage|p2a: \u8389\u8389\u827e|0 fnt\n|faint|p2a: \u8389\u8389\u827e\n|\n|upkeep\n|\n|t:|1700033747\n|switch|p2a: \u963f\u7f57\u62c9|Tapu Koko|55\/100\n|turn|22\n|\n|t:|1700033753\n|switch|p1a: Ferrothorn|Ferrothorn, M, tera:Ghost|64\/100\n|move|p2a: \u963f\u7f57\u62c9|Hidden Power|p1a: Ferrothorn\n|-damage|p1a: Ferrothorn|49\/100\n|\n|-heal|p1a: Ferrothorn|56\/100|[from] item: Leftovers\n|-fieldend|move: Electric Terrain\n|upkeep\n|turn|23\n|\n|t:|1700033759\n|move|p2a: \u963f\u7f57\u62c9|Defog|p1a: Ferrothorn\n|-unboost|p1a: Ferrothorn|evasion|1\n|-sideend|p2: Leaf of Frost|Stealth Rock|[from] move: Defog|[of] p2a: \u963f\u7f57\u62c9\n|move|p1a: Ferrothorn|Leech Seed|p2a: \u963f\u7f57\u62c9\n|-start|p2a: \u963f\u7f57\u62c9|move: Leech Seed\n|\n|-heal|p1a: Ferrothorn|62\/100|[from] item: Leftovers\n|-damage|p2a: \u963f\u7f57\u62c9|43\/100|[from] Leech Seed|[of] p1a: Ferrothorn\n|-heal|p1a: Ferrothorn|72\/100|[silent]\n|upkeep\n|turn|24\n|\n|t:|1700033764\n|move|p2a: \u963f\u7f57\u62c9|Volt Switch|p1a: Ferrothorn\n|-damage|p1a: Ferrothorn|45\/100\n|\n|t:|1700033768\n|switch|p2a: \u732b\u732b|Meowscarada, M|88\/100|[from] Volt Switch\n|move|p1a: Ferrothorn|Stealth Rock|p2a: \u732b\u732b\n|-sidestart|p2: Leaf of Frost|move: Stealth Rock\n|\n|-heal|p1a: Ferrothorn|51\/100|[from] item: Leftovers\n|upkeep\n|turn|25\n|\n|t:|1700033775\n|move|p2a: \u732b\u732b|Flower Trick|p1a: Ferrothorn\n|-start|p2a: \u732b\u732b|typechange|Grass|[from] ability: Protean\n|-crit|p1a: Ferrothorn\n|-damage|p1a: Ferrothorn|24\/100\n|move|p1a: Ferrothorn|Gyro Ball|p2a: \u732b\u732b\n|-damage|p2a: \u732b\u732b|8\/100\n|\n|-heal|p1a: Ferrothorn|30\/100|[from] item: Leftovers\n|upkeep\n|turn|26\n|\n|t:|1700033789\n|move|p2a: \u732b\u732b|Flower Trick|p1a: Ferrothorn\n|-crit|p1a: Ferrothorn\n|-damage|p1a: Ferrothorn|2\/100\n|move|p1a: Ferrothorn|Knock Off|p2a: \u732b\u732b\n|-damage|p2a: \u732b\u732b|0 fnt\n|-enditem|p2a: \u732b\u732b|Choice Scarf|[from] move: Knock Off|[of] p1a: Ferrothorn\n|faint|p2a: \u732b\u732b\n|\n|-heal|p1a: Ferrothorn|8\/100|[from] item: Leftovers\n|upkeep\n|\n|t:|1700033792\n|switch|p2a: \u963f\u7f57\u62c9|Tapu Koko|43\/100\n|-fieldstart|move: Electric Terrain|[from] ability: Electric Surge|[of] p2a: \u963f\u7f57\u62c9\n|turn|27\n|\n|t:|1700033795\n|move|p2a: \u963f\u7f57\u62c9|Dazzling Gleam|p1a: Ferrothorn\n|-damage|p1a: Ferrothorn|0 fnt\n|faint|p1a: Ferrothorn\n|\n|upkeep\n|\n|t:|1700033798\n|switch|p1a: Tapu Koko|Tapu Koko|81\/100\n|turn|28\n|\n|t:|1700033801\n|move|p1a: Tapu Koko|Dazzling Gleam|p2a: \u963f\u7f57\u62c9\n|-damage|p2a: \u963f\u7f57\u62c9|0 fnt\n|faint|p2a: \u963f\u7f57\u62c9\n|\n|upkeep\n|\n|t:|1700033803\n|switch|p2a: \u6df3\u6734\u5e26\u6765\u5feb\u4e50|Skeledirge, M|100\/100\n|-damage|p2a: \u6df3\u6734\u5e26\u6765\u5feb\u4e50|76\/100|[from] Stealth Rock\n|turn|29\n|\n|t:|1700033810\n|move|p1a: Tapu Koko|Dazzling Gleam|p2a: \u6df3\u6734\u5e26\u6765\u5feb\u4e50\n|-resisted|p2a: \u6df3\u6734\u5e26\u6765\u5feb\u4e50\n|-damage|p2a: \u6df3\u6734\u5e26\u6765\u5feb\u4e50|62\/100\n|move|p2a: \u6df3\u6734\u5e26\u6765\u5feb\u4e50|Earth Power|p1a: Tapu Koko\n|-supereffective|p1a: Tapu Koko\n|-damage|p1a: Tapu Koko|6\/100\n|\n|-heal|p2a: \u6df3\u6734\u5e26\u6765\u5feb\u4e50|68\/100|[from] item: Leftovers\n|upkeep\n|turn|30\n|\n|t:|1700033816\n|move|p1a: Tapu Koko|Dazzling Gleam|p2a: \u6df3\u6734\u5e26\u6765\u5feb\u4e50\n|-resisted|p2a: \u6df3\u6734\u5e26\u6765\u5feb\u4e50\n|-damage|p2a: \u6df3\u6734\u5e26\u6765\u5feb\u4e50|55\/100\n|move|p2a: \u6df3\u6734\u5e26\u6765\u5feb\u4e50|Slack Off|p2a: \u6df3\u6734\u5e26\u6765\u5feb\u4e50\n|-heal|p2a: \u6df3\u6734\u5e26\u6765\u5feb\u4e50|100\/100\n|\n|upkeep\n|turn|31\n|\n|t:|1700033820\n|move|p1a: Tapu Koko|Dazzling Gleam|p2a: \u6df3\u6734\u5e26\u6765\u5feb\u4e50\n|-resisted|p2a: \u6df3\u6734\u5e26\u6765\u5feb\u4e50\n|-crit|p2a: \u6df3\u6734\u5e26\u6765\u5feb\u4e50\n|-damage|p2a: \u6df3\u6734\u5e26\u6765\u5feb\u4e50|80\/100\n|move|p2a: \u6df3\u6734\u5e26\u6765\u5feb\u4e50|Torch Song|p1a: Tapu Koko\n|-damage|p1a: Tapu Koko|0 fnt\n|-boost|p2a: \u6df3\u6734\u5e26\u6765\u5feb\u4e50|spa|1\n|faint|p1a: Tapu Koko\n|\n|-heal|p2a: \u6df3\u6734\u5e26\u6765\u5feb\u4e50|87\/100|[from] item: Leftovers\n|-fieldend|move: Electric Terrain\n|upkeep\n|\n|t:|1700033823\n|switch|p1a: Garchomp|Garchomp, M|45\/100\n|turn|32\n|\n|t:|1700033825\n|move|p2a: \u6df3\u6734\u5e26\u6765\u5feb\u4e50|Protect|p2a: \u6df3\u6734\u5e26\u6765\u5feb\u4e50\n|-singleturn|p2a: \u6df3\u6734\u5e26\u6765\u5feb\u4e50|Protect\n|move|p1a: Garchomp|Earthquake|p2a: \u6df3\u6734\u5e26\u6765\u5feb\u4e50\n|-activate|p2a: \u6df3\u6734\u5e26\u6765\u5feb\u4e50|move: Protect\n|\n|-heal|p2a: \u6df3\u6734\u5e26\u6765\u5feb\u4e50|93\/100|[from] item: Leftovers\n|upkeep\n|turn|33\n|\n|t:|1700033828\n|move|p1a: Garchomp|Earthquake|p2a: \u6df3\u6734\u5e26\u6765\u5feb\u4e50\n|-supereffective|p2a: \u6df3\u6734\u5e26\u6765\u5feb\u4e50\n|-damage|p2a: \u6df3\u6734\u5e26\u6765\u5feb\u4e50|8\/100\n|move|p2a: \u6df3\u6734\u5e26\u6765\u5feb\u4e50|Earth Power|p1a: Garchomp\n|-damage|p1a: Garchomp|7\/100\n|\n|-heal|p2a: \u6df3\u6734\u5e26\u6765\u5feb\u4e50|14\/100|[from] item: Leftovers\n|upkeep\n|turn|34\n|\n|t:|1700033835\n|move|p2a: \u6df3\u6734\u5e26\u6765\u5feb\u4e50|Protect|p2a: \u6df3\u6734\u5e26\u6765\u5feb\u4e50\n|-singleturn|p2a: \u6df3\u6734\u5e26\u6765\u5feb\u4e50|Protect\n|-zpower|p1a: Garchomp\n|move|p1a: Garchomp|Devastating Drake|p2a: \u6df3\u6734\u5e26\u6765\u5feb\u4e50|[zeffect]\n|-zbroken|p2a: \u6df3\u6734\u5e26\u6765\u5feb\u4e50\n|-damage|p2a: \u6df3\u6734\u5e26\u6765\u5feb\u4e50|0 fnt\n|faint|p2a: \u6df3\u6734\u5e26\u6765\u5feb\u4e50\n|\n|win|Tokiwakano\n|raw|Tokiwakano's rating: 1725 &rarr; <strong>1743<\/strong><br \/>(+18 for winning)\n|raw|Leaf of Frost's rating: 1683 &rarr; <strong>1665<\/strong><br \/>(-18 for losing)\n|l|\u2606Leaf of Frost\n","uploadtime":1700033845,"views":4,"p1id":"tokiwakano","p2id":"leafoffrost","formatid":"gen9nationaldex","rating":1665,"private":0,"password":""}