{"id":"gen9nationaldex-1991035791","p1":"KFRecorder","p2":"Total Cojonasso","format":"[Gen 9] National Dex","log":"|j|\u2606KFRecorder\n|j|\u2606Total Cojonasso\n|t:|1700032058\n|gametype|singles\n|player|p1|KFRecorder|swimmerf|1356\n|player|p2|Total Cojonasso|kieran|1216\n|teamsize|p1|6\n|teamsize|p2|6\n|gen|9\n|tier|[Gen 9] National Dex\n|rated|\n|rule|HP Percentage Mod: HP is shown in percentages\n|rule|Endless Battle Clause: Forcing endless battles is banned\n|rule|OHKO Clause: OHKO moves are banned\n|rule|Evasion Clause: Evasion abilities, items, and moves are banned\n|rule|Evasion Abilities Clause: Evasion abilities are banned\n|rule|Evasion Items Clause: Evasion items are banned\n|rule|Evasion Moves Clause: Evasion moves are banned\n|rule|Species Clause: Limit one of each Pok\u00e9mon\n|rule|Sleep Clause Mod: Limit one foe put to sleep\n|clearpoke\n|poke|p1|Nidoking, M|\n|poke|p1|Blaziken, F|\n|poke|p1|Gliscor, F|\n|poke|p1|Samurott-Hisui, F|\n|poke|p1|Zapdos|\n|poke|p1|Tapu Lele|\n|poke|p2|Dusknoir, M|\n|poke|p2|Cursola, F|\n|poke|p2|Chandelure, F|\n|poke|p2|Runerigus, F|\n|poke|p2|Gengar, M|\n|poke|p2|Mimikyu, F|\n|teampreview\n|inactive|Battle timer is ON: inactive players will automatically lose when time's up. (requested by Total Cojonasso)\n|\n|t:|1700032078\n|start\n|switch|p1a: Gliscor|Gliscor, F|100\/100\n|switch|p2a: Chandelure|Chandelure, F|100\/100\n|turn|1\n|\n|t:|1700032097\n|-terastallize|p2a: Chandelure|Grass\n|move|p2a: Chandelure|Flamethrower|p1a: Gliscor\n|-damage|p1a: Gliscor|56\/100\n|move|p1a: Gliscor|Stealth Rock|p2a: Chandelure\n|-sidestart|p2: Total Cojonasso|move: Stealth Rock\n|\n|-status|p1a: Gliscor|tox|[from] item: Toxic Orb\n|upkeep\n|turn|2\n|\n|t:|1700032106\n|move|p2a: Chandelure|Flamethrower|p1a: Gliscor\n|-crit|p1a: Gliscor\n|-damage|p1a: Gliscor|0 fnt\n|faint|p1a: Gliscor\n|\n|upkeep\n|\n|t:|1700032111\n|switch|p1a: Samurott|Samurott-Hisui, F|100\/100\n|turn|3\n|\n|t:|1700032115\n|switch|p2a: Mimikyu|Mimikyu, F, shiny|100\/100\n|-damage|p2a: Mimikyu|88\/100|[from] Stealth Rock\n|move|p1a: Samurott|X-Scissor|p2a: Mimikyu\n|-activate|p2a: Mimikyu|ability: Disguise\n|-damage|p2a: Mimikyu|88\/100\n|detailschange|p2a: Mimikyu|Mimikyu-Busted, F, shiny\n|-damage|p2a: Mimikyu|76\/100|[from] pokemon: Mimikyu-Busted\n|\n|upkeep\n|turn|4\n|\n|t:|1700032126\n|switch|p1a: Zapdos|Zapdos|100\/100\n|move|p2a: Mimikyu|Play Rough|p1a: Zapdos\n|-damage|p1a: Zapdos|60\/100\n|-damage|p2a: Mimikyu|66\/100|[from] item: Life Orb\n|\n|upkeep\n|turn|5\n|\n|t:|1700032135\n|move|p2a: Mimikyu|Play Rough|p1a: Zapdos\n|-damage|p1a: Zapdos|16\/100\n|-status|p2a: Mimikyu|par|[from] ability: Static|[of] p1a: Zapdos\n|-damage|p2a: Mimikyu|56\/100 par|[from] item: Life Orb\n|move|p1a: Zapdos|Roost|p1a: Zapdos\n|-heal|p1a: Zapdos|67\/100\n|-singleturn|p1a: Zapdos|move: Roost\n|\n|upkeep\n|turn|6\n|\n|t:|1700032144\n|switch|p2a: Dusknoir|Dusknoir, M|100\/100\n|-damage|p2a: Dusknoir|88\/100|[from] Stealth Rock\n|-item|p1a: Zapdos|Heavy-Duty Boots|[from] ability: Frisk|[of] p2a: Dusknoir|[identify]\n|move|p1a: Zapdos|Roost|p1a: Zapdos\n|-heal|p1a: Zapdos|100\/100\n|-singleturn|p1a: Zapdos|move: Roost\n|\n|-heal|p2a: Dusknoir|94\/100|[from] item: Leftovers\n|upkeep\n|turn|7\n|\n|t:|1700032154\n|move|p1a: Zapdos|Volt Switch|p2a: Dusknoir\n|-damage|p2a: Dusknoir|72\/100\n|\n|t:|1700032158\n|switch|p1a: Nidoking|Nidoking, M|100\/100|[from] Volt Switch\n|move|p2a: Dusknoir|Ice Punch|p1a: Nidoking\n|-supereffective|p1a: Nidoking\n|-damage|p1a: Nidoking|48\/100\n|\n|-heal|p2a: Dusknoir|78\/100|[from] item: Leftovers\n|upkeep\n|turn|8\n|\n|t:|1700032168\n|move|p1a: Nidoking|Sludge Wave|p2a: Dusknoir\n|-resisted|p2a: Dusknoir\n|-damage|p2a: Dusknoir|52\/100\n|move|p2a: Dusknoir|Ice Punch|p1a: Nidoking\n|-supereffective|p1a: Nidoking\n|-crit|p1a: Nidoking\n|-damage|p1a: Nidoking|0 fnt\n|faint|p1a: Nidoking\n|\n|-heal|p2a: Dusknoir|58\/100|[from] item: Leftovers\n|upkeep\n|\n|t:|1700032173\n|switch|p1a: Blaziken|Blaziken, F|100\/100\n|turn|9\n|\n|t:|1700032178\n|move|p1a: Blaziken|Protect|p1a: Blaziken\n|-singleturn|p1a: Blaziken|Protect\n|move|p2a: Dusknoir|Pain Split|p1a: Blaziken\n|-activate|p1a: Blaziken|move: Protect\n|\n|-heal|p2a: Dusknoir|64\/100|[from] item: Leftovers\n|-ability|p1a: Blaziken|Speed Boost|boost\n|-boost|p1a: Blaziken|spe|1\n|upkeep\n|turn|10\n|\n|t:|1700032185\n|move|p1a: Blaziken|Swords Dance|p1a: Blaziken\n|-boost|p1a: Blaziken|atk|2\n|move|p2a: Dusknoir|Pain Split|p1a: Blaziken\n|-sethp|p1a: Blaziken|81\/100|[from] move: Pain Split|[silent]\n|-sethp|p2a: Dusknoir|83\/100|[from] move: Pain Split\n|\n|-heal|p2a: Dusknoir|89\/100|[from] item: Leftovers\n|-ability|p1a: Blaziken|Speed Boost|boost\n|-boost|p1a: Blaziken|spe|1\n|upkeep\n|turn|11\n|\n|t:|1700032194\n|move|p1a: Blaziken|Swords Dance|p1a: Blaziken\n|-boost|p1a: Blaziken|atk|2\n|move|p2a: Dusknoir|Poltergeist|p1a: Blaziken\n|-activate|p1a: Blaziken|move: Poltergeist|Firium Z\n|-damage|p1a: Blaziken|20\/100\n|\n|-heal|p2a: Dusknoir|95\/100|[from] item: Leftovers\n|-ability|p1a: Blaziken|Speed Boost|boost\n|-boost|p1a: Blaziken|spe|1\n|upkeep\n|turn|12\n|\n|t:|1700032205\n|-zpower|p1a: Blaziken\n|move|p1a: Blaziken|Inferno Overdrive|p2a: Dusknoir|[zeffect]\n|-damage|p2a: Dusknoir|0 fnt\n|faint|p2a: Dusknoir\n|\n|-ability|p1a: Blaziken|Speed Boost|boost\n|-boost|p1a: Blaziken|spe|1\n|upkeep\n|\n|t:|1700032214\n|switch|p2a: Chandelure|Chandelure, F, tera:Grass|100\/100\n|-damage|p2a: Chandelure|88\/100|[from] Stealth Rock\n|turn|13\n|\n|t:|1700032218\n|move|p1a: Blaziken|Protect|p1a: Blaziken\n|-singleturn|p1a: Blaziken|Protect\n|move|p2a: Chandelure|Shadow Ball|p1a: Blaziken\n|-activate|p1a: Blaziken|move: Protect\n|\n|-ability|p1a: Blaziken|Speed Boost|boost\n|-boost|p1a: Blaziken|spe|1\n|upkeep\n|turn|14\n|\n|t:|1700032230\n|move|p1a: Blaziken|Flare Blitz|p2a: Chandelure\n|-start|p2a: Chandelure|ability: Flash Fire\n|move|p2a: Chandelure|Shadow Ball|p1a: Blaziken\n|-damage|p1a: Blaziken|0 fnt\n|faint|p1a: Blaziken\n|\n|upkeep\n|\n|t:|1700032233\n|switch|p1a: Zapdos|Zapdos|100\/100\n|turn|15\n|\n|t:|1700032240\n|-end|p2a: Chandelure|ability: Flash Fire|[silent]\n|switch|p2a: Cursola|Cursola, F|100\/100\n|-damage|p2a: Cursola|88\/100|[from] Stealth Rock\n|move|p1a: Zapdos|Hurricane|p2a: Cursola\n|-damage|p2a: Cursola|52\/100\n|\n|upkeep\n|turn|16\n|\n|t:|1700032248\n|move|p1a: Zapdos|Volt Switch|p2a: Cursola\n|-damage|p2a: Cursola|26\/100\n|\n|t:|1700032252\n|switch|p1a: Samurott|Samurott-Hisui, F|100\/100|[from] Volt Switch\n|move|p2a: Cursola|Will-O-Wisp|p1a: Samurott\n|-status|p1a: Samurott|brn\n|\n|-damage|p1a: Samurott|94\/100 brn|[from] brn\n|upkeep\n|turn|17\n|\n|t:|1700032259\n|move|p1a: Samurott|Ceaseless Edge|p2a: Cursola\n|-supereffective|p2a: Cursola\n|-damage|p2a: Cursola|0 fnt\n|-ability|p2a: Cursola|Perish Body\n|-sidestart|p2: Total Cojonasso|Spikes\n|faint|p2a: Cursola\n|\n|-damage|p1a: Samurott|88\/100 brn|[from] brn\n|-start|p1a: Samurott|perish3\n|upkeep\n|\n|t:|1700032269\n|switch|p2a: Gengar|Gengar, M|100\/100\n|-damage|p2a: Gengar|88\/100|[from] Stealth Rock\n|-damage|p2a: Gengar|76\/100|[from] Spikes\n|turn|18\n|\n|t:|1700032274\n|move|p1a: Samurott|Ceaseless Edge|p2a: Gengar\n|-supereffective|p2a: Gengar\n|-damage|p2a: Gengar|0 fnt\n|-start|p1a: Samurott|Disable|Ceaseless Edge|[from] ability: Cursed Body|[of] p2a: Gengar\n|-sidestart|p2: Total Cojonasso|Spikes\n|faint|p2a: Gengar\n|\n|-damage|p1a: Samurott|82\/100 brn|[from] brn\n|-start|p1a: Samurott|perish2\n|upkeep\n|\n|t:|1700032284\n|switch|p2a: Runerigus|Runerigus, F|100\/100\n|-damage|p2a: Runerigus|94\/100|[from] Stealth Rock\n|-damage|p2a: Runerigus|78\/100|[from] Spikes\n|turn|19\n|\n|t:|1700032288\n|switch|p1a: Zapdos|Zapdos|100\/100\n|move|p2a: Runerigus|Iron Defense|p2a: Runerigus\n|-boost|p2a: Runerigus|def|2\n|\n|-heal|p2a: Runerigus|84\/100|[from] item: Leftovers\n|upkeep\n|turn|20\n|\n|t:|1700032300\n|switch|p1a: Samurott|Samurott-Hisui, F|82\/100 brn\n|move|p2a: Runerigus|Poltergeist|p1a: Samurott|[miss]\n|-miss|p2a: Runerigus|p1a: Samurott\n|\n|-heal|p2a: Runerigus|90\/100|[from] item: Leftovers\n|-damage|p1a: Samurott|76\/100 brn|[from] brn\n|upkeep\n|turn|21\n|\n|t:|1700032310\n|move|p1a: Samurott|Razor Shell|p2a: Runerigus\n|-supereffective|p2a: Runerigus\n|-damage|p2a: Runerigus|67\/100\n|-activate|p2a: Runerigus|ability: Wandering Spirit|Sharpness|Wandering Spirit|[of] p1a: Samurott\n|move|p2a: Runerigus|Body Press|p1a: Samurott\n|-supereffective|p1a: Samurott\n|-damage|p1a: Samurott|0 fnt\n|-activate|p1a: Samurott|ability: Wandering Spirit|Sharpness|Wandering Spirit|[of] p2a: Runerigus\n|faint|p1a: Samurott\n|\n|-heal|p2a: Runerigus|73\/100|[from] item: Leftovers\n|upkeep\n|\n|t:|1700032320\n|switch|p1a: Tapu Lele|Tapu Lele|100\/100\n|-fieldstart|move: Psychic Terrain|[from] ability: Psychic Surge|[of] p1a: Tapu Lele\n|turn|22\n|\n|t:|1700032330\n|move|p1a: Tapu Lele|Shadow Ball|p2a: Runerigus\n|-supereffective|p2a: Runerigus\n|-damage|p2a: Runerigus|13\/100\n|move|p2a: Runerigus|Poltergeist|p1a: Tapu Lele\n|-activate|p1a: Tapu Lele|move: Poltergeist|Choice Scarf\n|-supereffective|p1a: Tapu Lele\n|-damage|p1a: Tapu Lele|0 fnt\n|faint|p1a: Tapu Lele\n|\n|-heal|p2a: Runerigus|19\/100|[from] item: Leftovers\n|upkeep\n|\n|t:|1700032335\n|switch|p1a: Zapdos|Zapdos|100\/100\n|turn|23\n|\n|t:|1700032341\n|move|p1a: Zapdos|Hurricane|p2a: Runerigus|[miss]\n|-miss|p1a: Zapdos|p2a: Runerigus\n|move|p2a: Runerigus|Poltergeist|p1a: Zapdos\n|-activate|p1a: Zapdos|move: Poltergeist|Heavy-Duty Boots\n|-damage|p1a: Zapdos|68\/100\n|\n|-heal|p2a: Runerigus|25\/100|[from] item: Leftovers\n|upkeep\n|turn|24\n|\n|t:|1700032349\n|move|p1a: Zapdos|Hurricane|p2a: Runerigus\n|-damage|p2a: Runerigus|0 fnt\n|faint|p2a: Runerigus\n|\n|upkeep\n|\n|t:|1700032355\n|switch|p2a: Chandelure|Chandelure, F, tera:Grass|88\/100\n|-damage|p2a: Chandelure|76\/100|[from] Stealth Rock\n|-damage|p2a: Chandelure|60\/100|[from] Spikes\n|turn|25\n|\n|t:|1700032359\n|move|p2a: Chandelure|Overheat|p1a: Zapdos\n|-damage|p1a: Zapdos|0 fnt\n|-unboost|p2a: Chandelure|spa|2\n|faint|p1a: Zapdos\n|\n|win|Total Cojonasso\n|raw|KFRecorder's rating: 1356 &rarr; <strong>1328<\/strong><br \/>(-28 for losing)\n|raw|Total Cojonasso's rating: 1216 &rarr; <strong>1251<\/strong><br \/>(+35 for winning)\n|l|\u2606KFRecorder\n","uploadtime":1700032588,"views":6,"p1id":"kfrecorder","p2id":"totalcojonasso","formatid":"gen9nationaldex","rating":1251,"private":0,"password":""}