{"id":"gen9nationaldex-1987632369","p1":"wzy52013145","p2":"Sirrawrzy","format":"[Gen 9] National Dex","log":"|j|\u2606wzy52013145\n|j|\u2606Sirrawrzy\n|t:|1699621979\n|gametype|singles\n|player|p1|wzy52013145|allister-masters|1698\n|player|p2|Sirrawrzy|emmet|1566\n|teamsize|p1|6\n|teamsize|p2|6\n|gen|9\n|tier|[Gen 9] National Dex\n|rated|\n|rule|HP Percentage Mod: HP is shown in percentages\n|rule|Endless Battle Clause: Forcing endless battles is banned\n|rule|OHKO Clause: OHKO moves are banned\n|rule|Evasion Clause: Evasion abilities, items, and moves are banned\n|rule|Evasion Abilities Clause: Evasion abilities are banned\n|rule|Evasion Items Clause: Evasion items are banned\n|rule|Evasion Moves Clause: Evasion moves are banned\n|rule|Species Clause: Limit one of each Pok\u00e9mon\n|rule|Sleep Clause Mod: Limit one foe put to sleep\n|clearpoke\n|poke|p1|Dragonite, F|\n|poke|p1|Great Tusk|\n|poke|p1|Tapu Koko|\n|poke|p1|Sneasler, M|\n|poke|p1|Mawile, F|\n|poke|p1|Iron Valiant|\n|poke|p2|Ninetales, M|\n|poke|p2|Venusaur, M|\n|poke|p2|Jolteon, F|\n|poke|p2|Blastoise, M|\n|poke|p2|Rhydon, F|\n|poke|p2|Dragonite, M|\n|teampreview\n|inactive|Battle timer is ON: inactive players will automatically lose when time's up. (requested by wzy52013145)\n|\n|t:|1699621993\n|start\n|switch|p1a: Tapu Koko|Tapu Koko, shiny|100\/100\n|switch|p2a: Ninetales|Ninetales, M, shiny|100\/100\n|-weather|SunnyDay|[from] ability: Drought|[of] p2a: Ninetales\n|-fieldstart|move: Electric Terrain|[from] ability: Electric Surge|[of] p1a: Tapu Koko\n|turn|1\n|\n|t:|1699622002\n|move|p2a: Ninetales|Weather Ball|p1a: Tapu Koko\n|-damage|p1a: Tapu Koko|17\/100\n|move|p1a: Tapu Koko|Volt Switch|p2a: Ninetales\n|-damage|p2a: Ninetales|38\/100\n|\n|t:|1699622006\n|switch|p1a: Iron Valiant|Iron Valiant, shiny|100\/100|[from] Volt Switch\n|-activate|p1a: Iron Valiant|ability: Quark Drive\n|-start|p1a: Iron Valiant|quarkdrivespe\n|\n|-weather|SunnyDay|[upkeep]\n|upkeep\n|turn|2\n|\n|t:|1699622013\n|switch|p2a: Rhydon|Rhydon, F, shiny|100\/100\n|move|p1a: Iron Valiant|Psychic|p2a: Rhydon\n|-damage|p2a: Rhydon|71\/100\n|\n|-weather|SunnyDay|[upkeep]\n|upkeep\n|turn|3\n|\n|t:|1699622035\n|-end|p1a: Iron Valiant|Quark Drive|[silent]\n|switch|p1a: Great Tusk|Great Tusk|100\/100\n|-activate|p1a: Great Tusk|ability: Protosynthesis\n|-start|p1a: Great Tusk|protosynthesisatk\n|move|p2a: Rhydon|Stealth Rock|p1a: Great Tusk\n|-sidestart|p1: wzy52013145|move: Stealth Rock\n|\n|-weather|SunnyDay|[upkeep]\n|upkeep\n|turn|4\n|\n|t:|1699622040\n|-terastallize|p2a: Rhydon|Ghost\n|move|p1a: Great Tusk|Rapid Spin|p2a: Rhydon\n|-immune|p2a: Rhydon\n|move|p2a: Rhydon|Earthquake|p1a: Great Tusk\n|-damage|p1a: Great Tusk|70\/100\n|\n|-weather|SunnyDay|[upkeep]\n|-heal|p1a: Great Tusk|76\/100|[from] item: Leftovers\n|upkeep\n|turn|5\n|\n|t:|1699622048\n|move|p1a: Great Tusk|Bulk Up|p1a: Great Tusk\n|-boost|p1a: Great Tusk|atk|1\n|-boost|p1a: Great Tusk|def|1\n|move|p2a: Rhydon|Avalanche|p1a: Great Tusk\n|-supereffective|p1a: Great Tusk\n|-damage|p1a: Great Tusk|59\/100\n|\n|-weather|none\n|-end|p1a: Great Tusk|Protosynthesis\n|-heal|p1a: Great Tusk|65\/100|[from] item: Leftovers\n|-fieldend|move: Electric Terrain\n|upkeep\n|turn|6\n|\n|t:|1699622055\n|move|p1a: Great Tusk|Bulk Up|p1a: Great Tusk\n|-boost|p1a: Great Tusk|atk|1\n|-boost|p1a: Great Tusk|def|1\n|move|p2a: Rhydon|Avalanche|p1a: Great Tusk\n|-supereffective|p1a: Great Tusk\n|-damage|p1a: Great Tusk|52\/100\n|\n|-heal|p1a: Great Tusk|59\/100|[from] item: Leftovers\n|upkeep\n|turn|7\n|\n|t:|1699622059\n|switch|p2a: Blastoise|Blastoise, M, shiny|100\/100\n|move|p1a: Great Tusk|Bulk Up|p1a: Great Tusk\n|-boost|p1a: Great Tusk|atk|1\n|-boost|p1a: Great Tusk|def|1\n|\n|-heal|p1a: Great Tusk|65\/100|[from] item: Leftovers\n|upkeep\n|turn|8\n|\n|t:|1699622063\n|-terastallize|p1a: Great Tusk|Steel\n|move|p1a: Great Tusk|Rapid Spin|p2a: Blastoise\n|-damage|p2a: Blastoise|66\/100\n|-boost|p1a: Great Tusk|spe|1\n|-sideend|p1: wzy52013145|Stealth Rock|[from] move: Rapid Spin|[of] p1a: Great Tusk\n|move|p2a: Blastoise|Dragon Tail|p1a: Great Tusk\n|-resisted|p1a: Great Tusk\n|-crit|p1a: Great Tusk\n|-damage|p1a: Great Tusk|59\/100\n|-end|p1a: Great Tusk|Protosynthesis|[silent]\n|drag|p1a: Tapu Koko|Tapu Koko, shiny|17\/100\n|-fieldstart|move: Electric Terrain|[from] ability: Electric Surge|[of] p1a: Tapu Koko\n|\n|upkeep\n|turn|9\n|\n|t:|1699622073\n|switch|p2a: Rhydon|Rhydon, F, shiny, tera:Ghost|71\/100\n|move|p1a: Tapu Koko|Grass Knot|p2a: Rhydon\n|-damage|p2a: Rhydon|41\/100\n|\n|upkeep\n|turn|10\n|\n|t:|1699622081\n|switch|p1a: Dragonite|Dragonite, F|100\/100\n|move|p2a: Rhydon|Stealth Rock|p1a: Dragonite\n|-sidestart|p1: wzy52013145|move: Stealth Rock\n|\n|upkeep\n|turn|11\n|\n|t:|1699622085\n|move|p1a: Dragonite|Earthquake|p2a: Rhydon\n|-damage|p2a: Rhydon|23\/100\n|move|p2a: Rhydon|Avalanche|p1a: Dragonite\n|-supereffective|p1a: Dragonite\n|-damage|p1a: Dragonite|35\/100\n|\n|upkeep\n|turn|12\n|\n|t:|1699622091\n|switch|p1a: Great Tusk|Great Tusk, tera:Steel|59\/100\n|-damage|p1a: Great Tusk|53\/100|[from] Stealth Rock\n|move|p2a: Rhydon|Avalanche|p1a: Great Tusk\n|-resisted|p1a: Great Tusk\n|-damage|p1a: Great Tusk|46\/100\n|\n|-heal|p1a: Great Tusk|52\/100|[from] item: Leftovers\n|-fieldend|move: Electric Terrain\n|upkeep\n|turn|13\n|\n|t:|1699622097\n|move|p1a: Great Tusk|Headlong Rush|p2a: Rhydon\n|-damage|p2a: Rhydon|0 fnt\n|-unboost|p1a: Great Tusk|def|1\n|-unboost|p1a: Great Tusk|spd|1\n|faint|p2a: Rhydon\n|\n|-heal|p1a: Great Tusk|59\/100|[from] item: Leftovers\n|upkeep\n|\n|t:|1699622118\n|switch|p2a: Ninetales|Ninetales, M, shiny|38\/100\n|-weather|SunnyDay|[from] ability: Drought|[of] p2a: Ninetales\n|-activate|p1a: Great Tusk|ability: Protosynthesis\n|-start|p1a: Great Tusk|protosynthesisatk\n|turn|14\n|\n|t:|1699622122\n|-end|p1a: Great Tusk|Protosynthesis|[silent]\n|switch|p1a: Tapu Koko|Tapu Koko, shiny|17\/100\n|-damage|p1a: Tapu Koko|5\/100|[from] Stealth Rock\n|-fieldstart|move: Electric Terrain|[from] ability: Electric Surge|[of] p1a: Tapu Koko\n|move|p2a: Ninetales|Weather Ball|p1a: Tapu Koko\n|-damage|p1a: Tapu Koko|0 fnt\n|faint|p1a: Tapu Koko\n|\n|-weather|SunnyDay|[upkeep]\n|upkeep\n|\n|t:|1699622126\n|switch|p1a: Iron Valiant|Iron Valiant, shiny|100\/100\n|-damage|p1a: Iron Valiant|94\/100|[from] Stealth Rock\n|-activate|p1a: Iron Valiant|ability: Quark Drive\n|-start|p1a: Iron Valiant|quarkdrivespe\n|turn|15\n|\n|t:|1699622131\n|switch|p2a: Blastoise|Blastoise, M, shiny|66\/100\n|move|p1a: Iron Valiant|Psychic|p2a: Blastoise\n|-damage|p2a: Blastoise|38\/100\n|\n|-weather|SunnyDay|[upkeep]\n|upkeep\n|turn|16\n|\n|t:|1699622135\n|move|p1a: Iron Valiant|Psychic|p2a: Blastoise\n|-damage|p2a: Blastoise|11\/100\n|-unboost|p2a: Blastoise|spd|1\n|move|p2a: Blastoise|Flip Turn|p1a: Iron Valiant\n|-crit|p1a: Iron Valiant\n|-damage|p1a: Iron Valiant|78\/100\n|\n|t:|1699622139\n|switch|p2a: Jolteon|Jolteon, F, shiny|100\/100|[from] Flip Turn\n|\n|-weather|SunnyDay|[upkeep]\n|-status|p2a: Jolteon|brn|[from] item: Flame Orb\n|upkeep\n|turn|17\n|\n|t:|1699622142\n|move|p2a: Jolteon|Volt Switch|p1a: Iron Valiant\n|-damage|p1a: Iron Valiant|4\/100\n|\n|t:|1699622146\n|switch|p2a: Blastoise|Blastoise, M, shiny|11\/100|[from] Volt Switch\n|move|p1a: Iron Valiant|Psychic|p2a: Blastoise\n|-damage|p2a: Blastoise|0 fnt\n|faint|p2a: Blastoise\n|\n|-weather|SunnyDay|[upkeep]\n|upkeep\n|\n|t:|1699622148\n|switch|p2a: Jolteon|Jolteon, F, shiny|100\/100 brn\n|turn|18\n|\n|t:|1699622151\n|-end|p1a: Iron Valiant|Quark Drive|[silent]\n|switch|p1a: Dragonite|Dragonite, F|35\/100\n|move|p2a: Jolteon|Weather Ball|p1a: Dragonite\n|-resisted|p1a: Dragonite\n|-damage|p1a: Dragonite|15\/100\n|\n|-weather|none\n|-damage|p2a: Jolteon|94\/100 brn|[from] brn\n|-fieldend|move: Electric Terrain\n|upkeep\n|turn|19\n|\n|t:|1699622157\n|move|p1a: Dragonite|Extreme Speed|p2a: Jolteon\n|-damage|p2a: Jolteon|35\/100 brn\n|move|p2a: Jolteon|Volt Switch|p1a: Dragonite\n|-damage|p1a: Dragonite|0 fnt\n|faint|p1a: Dragonite\n|\n|t:|1699622162\n|switch|p2a: Ninetales|Ninetales, M, shiny|38\/100|[from] Volt Switch\n|-weather|SunnyDay|[from] ability: Drought|[of] p2a: Ninetales\n|\n|-weather|SunnyDay|[upkeep]\n|upkeep\n|inactive|wzy52013145 has 120 seconds left.\n|inactive|wzy52013145 has 90 seconds left.\n|\n|t:|1699622235\n|switch|p1a: Mawile|Mawile, F|100\/100\n|-damage|p1a: Mawile|95\/100|[from] Stealth Rock\n|-ability|p1a: Mawile|Intimidate|boost\n|-unboost|p2a: Ninetales|atk|1\n|turn|20\n|\n|t:|1699622240\n|switch|p2a: Venusaur|Venusaur, M, shiny|100\/100\n|detailschange|p1a: Mawile|Mawile-Mega, F\n|-mega|p1a: Mawile|Mawile|Mawilite\n|move|p1a: Mawile|Sucker Punch||[still]\n|-fail|p1a: Mawile\n|\n|-weather|SunnyDay|[upkeep]\n|upkeep\n|turn|21\n|\n|t:|1699622247\n|move|p2a: Venusaur|Weather Ball|p1a: Mawile\n|-supereffective|p1a: Mawile\n|-damage|p1a: Mawile|0 fnt\n|faint|p1a: Mawile\n|-damage|p2a: Venusaur|91\/100|[from] item: Life Orb\n|\n|-weather|SunnyDay|[upkeep]\n|upkeep\n|\n|t:|1699622256\n|switch|p1a: Sneasler|Sneasler, M, shiny|100\/100\n|-damage|p1a: Sneasler|94\/100|[from] Stealth Rock\n|turn|22\n|\n|t:|1699622260\n|move|p2a: Venusaur|Weather Ball|p1a: Sneasler\n|-crit|p1a: Sneasler\n|-damage|p1a: Sneasler|0 fnt\n|faint|p1a: Sneasler\n|-damage|p2a: Venusaur|81\/100|[from] item: Life Orb\n|\n|-weather|SunnyDay|[upkeep]\n|upkeep\n|\n|t:|1699622263\n|switch|p1a: Iron Valiant|Iron Valiant, shiny|4\/100\n|-damage|p1a: Iron Valiant|0 fnt|[from] Stealth Rock\n|faint|p1a: Iron Valiant\n|-end|p1a: Iron Valiant|Quark Drive|[silent]\n|-message|wzy52013145 forfeited.\n|\n|win|Sirrawrzy\n|raw|wzy52013145's rating: 1698 &rarr; <strong>1671<\/strong><br \/>(-27 for losing)\n|raw|Sirrawrzy's rating: 1566 &rarr; <strong>1593<\/strong><br \/>(+27 for winning)\n|l|\u2606wzy52013145\n","uploadtime":1699622270,"views":4,"p1id":"wzy52013145","p2id":"sirrawrzy","formatid":"gen9nationaldex","rating":1593,"private":0,"password":""}