{"id":"gen9nationaldex-1988753428","p1":"santos.gov","p2":"Moongostozin","format":"[Gen 9] National Dex","log":"|j|\u2606santos.gov\n|j|\u2606Moongostozin\n|t:|1699758736\n|gametype|singles\n|player|p1|santos.gov|silver|\n|player|p2|Moongostozin|cynthia-gen4|\n|teamsize|p1|6\n|teamsize|p2|6\n|gen|9\n|tier|[Gen 9] National Dex\n|rule|HP Percentage Mod: HP is shown in percentages\n|rule|Endless Battle Clause: Forcing endless battles is banned\n|rule|OHKO Clause: OHKO moves are banned\n|rule|Evasion Clause: Evasion abilities, items, and moves are banned\n|rule|Evasion Abilities Clause: Evasion abilities are banned\n|rule|Evasion Items Clause: Evasion items are banned\n|rule|Evasion Moves Clause: Evasion moves are banned\n|rule|Species Clause: Limit one of each Pok\u00e9mon\n|rule|Sleep Clause Mod: Limit one foe put to sleep\n|clearpoke\n|poke|p1|Aegislash, M|\n|poke|p1|Buzzwole|\n|poke|p1|Urshifu-*, M|\n|poke|p1|Kartana|\n|poke|p1|Tyranitar, M|\n|poke|p1|Gastrodon, M|\n|poke|p2|Golisopod, M|\n|poke|p2|Urshifu-*, M|\n|poke|p2|Heatran, M|\n|poke|p2|Hoopa-Unbound|\n|poke|p2|Zapdos|\n|poke|p2|Gliscor, M|\n|teampreview\n|\n|t:|1699758758\n|start\n|switch|p1a: rex|Tyranitar, M, shiny|100\/100\n|switch|p2a: Ppk de fogo|Heatran, M|100\/100\n|-weather|Sandstorm|[from] ability: Sand Stream|[of] p1a: rex\n|turn|1\n|\n|t:|1699758772\n|detailschange|p1a: rex|Tyranitar-Mega, M, shiny\n|-mega|p1a: rex|Tyranitar|Tyranitarite\n|-terastallize|p2a: Ppk de fogo|Fire\n|move|p2a: Ppk de fogo|Earth Power|p1a: rex\n|-supereffective|p1a: rex\n|-damage|p1a: rex|67\/100\n|move|p1a: rex|Earthquake|p2a: Ppk de fogo\n|-supereffective|p2a: Ppk de fogo\n|-damage|p2a: Ppk de fogo|4\/100\n|\n|-weather|Sandstorm|[upkeep]\n|-damage|p2a: Ppk de fogo|0 fnt|[from] Sandstorm\n|faint|p2a: Ppk de fogo\n|upkeep\n|\n|t:|1699758789\n|switch|p2a: Urso bombado|Urshifu-Rapid-Strike, M|100\/100\n|turn|2\n|\n|t:|1699758795\n|switch|p1a: T\u00e9tano|Aegislash, M, shiny|100\/100\n|move|p2a: Urso bombado|Close Combat|p1a: T\u00e9tano\n|-immune|p1a: T\u00e9tano\n|\n|-weather|Sandstorm|[upkeep]\n|-damage|p2a: Urso bombado|94\/100|[from] Sandstorm\n|upkeep\n|turn|3\n|\n|t:|1699758806\n|switch|p2a: HlTLER|Hoopa-Unbound|100\/100\n|move|p1a: T\u00e9tano|Toxic|p2a: HlTLER|[miss]\n|-miss|p1a: T\u00e9tano|p2a: HlTLER\n|\n|-weather|Sandstorm|[upkeep]\n|-damage|p2a: HlTLER|94\/100|[from] Sandstorm\n|upkeep\n|turn|4\n|\n|t:|1699758814\n|move|p2a: HlTLER|Hyperspace Fury|p1a: T\u00e9tano\n|-supereffective|p1a: T\u00e9tano\n|-damage|p1a: T\u00e9tano|0 fnt\n|-unboost|p2a: HlTLER|def|1\n|faint|p1a: T\u00e9tano\n|\n|-weather|Sandstorm|[upkeep]\n|-damage|p2a: HlTLER|88\/100|[from] Sandstorm\n|upkeep\n|\n|t:|1699758825\n|switch|p1a: gozo|Gastrodon, M, shiny|100\/100\n|turn|5\n|\n|t:|1699758837\n|switch|p2a: Galinha chocada|Zapdos, shiny|100\/100\n|move|p1a: gozo|Toxic|p2a: Galinha chocada\n|-status|p2a: Galinha chocada|tox\n|\n|-weather|none\n|-damage|p2a: Galinha chocada|94\/100 tox|[from] psn\n|upkeep\n|turn|6\n|\n|t:|1699758850\n|move|p1a: gozo|Protect|p1a: gozo\n|-singleturn|p1a: gozo|Protect\n|move|p2a: Galinha chocada|Discharge|p1a: gozo\n|-activate|p1a: gozo|move: Protect\n|\n|-heal|p2a: Galinha chocada|100\/100 tox|[from] item: Leftovers\n|-damage|p2a: Galinha chocada|88\/100 tox|[from] psn\n|upkeep\n|turn|7\n|\n|t:|1699758860\n|move|p2a: Galinha chocada|Discharge|p1a: gozo\n|-immune|p1a: gozo\n|move|p1a: gozo|Substitute|p1a: gozo\n|-start|p1a: gozo|Substitute\n|-damage|p1a: gozo|76\/100\n|\n|-heal|p2a: Galinha chocada|94\/100 tox|[from] item: Leftovers\n|-heal|p1a: gozo|82\/100|[from] item: Leftovers\n|-damage|p2a: Galinha chocada|75\/100 tox|[from] psn\n|upkeep\n|turn|8\n|\n|t:|1699758877\n|switch|p2a: Gliscor|Gliscor, M, shiny|100\/100\n|move|p1a: gozo|Recover|p1a: gozo\n|-heal|p1a: gozo|100\/100\n|\n|-status|p2a: Gliscor|tox|[from] item: Toxic Orb\n|upkeep\n|turn|9\n|\n|t:|1699758892\n|switch|p1a: rex|Tyranitar-Mega, M, shiny|67\/100\n|-weather|Sandstorm|[from] ability: Sand Stream|[of] p1a: rex\n|move|p2a: Gliscor|Swords Dance|p2a: Gliscor\n|-boost|p2a: Gliscor|atk|2\n|\n|-weather|Sandstorm|[upkeep]\n|upkeep\n|turn|10\n|\n|t:|1699758904\n|move|p2a: Gliscor|Earthquake|p1a: rex\n|-supereffective|p1a: rex\n|-damage|p1a: rex|0 fnt\n|faint|p1a: rex\n|\n|-weather|Sandstorm|[upkeep]\n|upkeep\n|\n|t:|1699758930\n|switch|p1a: Mendigo|Urshifu-Rapid-Strike, M|100\/100\n|turn|11\n|\n|t:|1699758941\n|-terastallize|p1a: Mendigo|Fighting\n|move|p1a: Mendigo|Close Combat|p2a: Gliscor\n|-resisted|p2a: Gliscor\n|-damage|p2a: Gliscor|62\/100 tox\n|-unboost|p1a: Mendigo|def|1\n|-unboost|p1a: Mendigo|spd|1\n|move|p2a: Gliscor|Swords Dance|p2a: Gliscor\n|-boost|p2a: Gliscor|atk|2\n|\n|-weather|Sandstorm|[upkeep]\n|-damage|p1a: Mendigo|94\/100|[from] Sandstorm\n|-heal|p2a: Gliscor|74\/100 tox|[from] ability: Poison Heal\n|upkeep\n|turn|12\n|\n|t:|1699758958\n|move|p1a: Mendigo|Close Combat|p2a: Gliscor\n|-resisted|p2a: Gliscor\n|-damage|p2a: Gliscor|31\/100 tox\n|-unboost|p1a: Mendigo|def|1\n|-unboost|p1a: Mendigo|spd|1\n|move|p2a: Gliscor|Facade|p1a: Mendigo\n|-damage|p1a: Mendigo|0 fnt\n|faint|p1a: Mendigo\n|\n|-weather|Sandstorm|[upkeep]\n|-heal|p2a: Gliscor|43\/100 tox|[from] ability: Poison Heal\n|upkeep\n|\n|t:|1699758972\n|switch|p1a: \u00cdndio bombado emo|Buzzwole, shiny|100\/100\n|turn|13\n|\n|t:|1699758981\n|switch|p2a: Galinha chocada|Zapdos, shiny|75\/100 tox\n|move|p1a: \u00cdndio bombado emo|Hammer Arm|p2a: Galinha chocada\n|-resisted|p2a: Galinha chocada\n|-damage|p2a: Galinha chocada|59\/100 tox\n|-unboost|p1a: \u00cdndio bombado emo|spe|1\n|-status|p1a: \u00cdndio bombado emo|par|[from] ability: Static|[of] p2a: Galinha chocada\n|\n|-weather|none\n|-heal|p2a: Galinha chocada|65\/100 tox|[from] item: Leftovers\n|-damage|p2a: Galinha chocada|59\/100 tox|[from] psn\n|upkeep\n|turn|14\n|\n|t:|1699758999\n|move|p2a: Galinha chocada|Brave Bird|p1a: \u00cdndio bombado emo\n|-supereffective|p1a: \u00cdndio bombado emo\n|-damage|p1a: \u00cdndio bombado emo|33\/100 par\n|-damage|p2a: Galinha chocada|35\/100 tox|[from] Recoil\n|move|p1a: \u00cdndio bombado emo|Roost|p1a: \u00cdndio bombado emo\n|-heal|p1a: \u00cdndio bombado emo|83\/100 par\n|-singleturn|p1a: \u00cdndio bombado emo|move: Roost\n|\n|-heal|p2a: Galinha chocada|41\/100 tox|[from] item: Leftovers\n|-heal|p1a: \u00cdndio bombado emo|90\/100 par|[from] item: Leftovers\n|-damage|p2a: Galinha chocada|28\/100 tox|[from] psn\n|upkeep\n|turn|15\n|\n|t:|1699759013\n|move|p2a: Galinha chocada|Roost|p2a: Galinha chocada\n|-heal|p2a: Galinha chocada|78\/100 tox\n|-singleturn|p2a: Galinha chocada|move: Roost\n|move|p1a: \u00cdndio bombado emo|Hammer Arm|p2a: Galinha chocada\n|-damage|p2a: Galinha chocada|45\/100 tox\n|-unboost|p1a: \u00cdndio bombado emo|spe|1\n|\n|-heal|p2a: Galinha chocada|51\/100 tox|[from] item: Leftovers\n|-heal|p1a: \u00cdndio bombado emo|96\/100 par|[from] item: Leftovers\n|-damage|p2a: Galinha chocada|32\/100 tox|[from] psn\n|upkeep\n|turn|16\n|\n|t:|1699759026\n|move|p2a: Galinha chocada|Roost|p2a: Galinha chocada\n|-heal|p2a: Galinha chocada|82\/100 tox\n|-singleturn|p2a: Galinha chocada|move: Roost\n|move|p1a: \u00cdndio bombado emo|Hammer Arm|p2a: Galinha chocada\n|-damage|p2a: Galinha chocada|47\/100 tox\n|-unboost|p1a: \u00cdndio bombado emo|spe|1\n|\n|-heal|p2a: Galinha chocada|53\/100 tox|[from] item: Leftovers\n|-heal|p1a: \u00cdndio bombado emo|100\/100 par|[from] item: Leftovers\n|-damage|p2a: Galinha chocada|28\/100 tox|[from] psn\n|upkeep\n|turn|17\n|\n|t:|1699759050\n|move|p2a: Galinha chocada|Brave Bird|p1a: \u00cdndio bombado emo\n|-supereffective|p1a: \u00cdndio bombado emo\n|-damage|p1a: \u00cdndio bombado emo|33\/100 par\n|-damage|p2a: Galinha chocada|4\/100 tox|[from] Recoil\n|move|p1a: \u00cdndio bombado emo|Hammer Arm|p2a: Galinha chocada\n|-resisted|p2a: Galinha chocada\n|-damage|p2a: Galinha chocada|0 fnt\n|-unboost|p1a: \u00cdndio bombado emo|spe|1\n|faint|p2a: Galinha chocada\n|-ability|p1a: \u00cdndio bombado emo|Beast Boost|boost\n|-boost|p1a: \u00cdndio bombado emo|def|1\n|\n|-heal|p1a: \u00cdndio bombado emo|40\/100 par|[from] item: Leftovers\n|upkeep\n|\n|t:|1699759084\n|switch|p2a: Gliscor|Gliscor, M, shiny|43\/100 tox\n|turn|18\n|\n|t:|1699759092\n|move|p2a: Gliscor|Facade|p1a: \u00cdndio bombado emo\n|-damage|p1a: \u00cdndio bombado emo|27\/100 par\n|move|p1a: \u00cdndio bombado emo|Roost|p1a: \u00cdndio bombado emo\n|-heal|p1a: \u00cdndio bombado emo|77\/100 par\n|-singleturn|p1a: \u00cdndio bombado emo|move: Roost\n|\n|-heal|p1a: \u00cdndio bombado emo|84\/100 par|[from] item: Leftovers\n|-heal|p2a: Gliscor|56\/100 tox|[from] ability: Poison Heal\n|upkeep\n|turn|19\n|\n|t:|1699759108\n|move|p2a: Gliscor|Swords Dance|p2a: Gliscor\n|-boost|p2a: Gliscor|atk|2\n|move|p1a: \u00cdndio bombado emo|Hammer Arm|p2a: Gliscor\n|-resisted|p2a: Gliscor\n|-damage|p2a: Gliscor|33\/100 tox\n|-unboost|p1a: \u00cdndio bombado emo|spe|1\n|\n|-heal|p1a: \u00cdndio bombado emo|90\/100 par|[from] item: Leftovers\n|-heal|p2a: Gliscor|46\/100 tox|[from] ability: Poison Heal\n|upkeep\n|turn|20\n|\n|t:|1699759120\n|move|p2a: Gliscor|Roost|p2a: Gliscor\n|-heal|p2a: Gliscor|96\/100 tox\n|-singleturn|p2a: Gliscor|move: Roost\n|move|p1a: \u00cdndio bombado emo|Hammer Arm|p2a: Gliscor\n|-damage|p2a: Gliscor|54\/100 tox\n|-unboost|p1a: \u00cdndio bombado emo|spe|1\n|\n|-heal|p1a: \u00cdndio bombado emo|96\/100 par|[from] item: Leftovers\n|-heal|p2a: Gliscor|66\/100 tox|[from] ability: Poison Heal\n|upkeep\n|turn|21\n|\n|t:|1699759133\n|move|p2a: Gliscor|Swords Dance|p2a: Gliscor\n|-boost|p2a: Gliscor|atk|2\n|move|p1a: \u00cdndio bombado emo|Hammer Arm|p2a: Gliscor\n|-resisted|p2a: Gliscor\n|-damage|p2a: Gliscor|43\/100 tox\n|\n|-heal|p1a: \u00cdndio bombado emo|100\/100 par|[from] item: Leftovers\n|-heal|p2a: Gliscor|55\/100 tox|[from] ability: Poison Heal\n|upkeep\n|turn|22\n|\n|t:|1699759143\n|move|p2a: Gliscor|Roost|p2a: Gliscor\n|-heal|p2a: Gliscor|100\/100 tox\n|-singleturn|p2a: Gliscor|move: Roost\n|cant|p1a: \u00cdndio bombado emo|par\n|\n|upkeep\n|turn|23\n|\n|t:|1699759153\n|move|p2a: Gliscor|Swords Dance|p2a: Gliscor\n|-boost|p2a: Gliscor|atk|2\n|move|p1a: \u00cdndio bombado emo|Hammer Arm|p2a: Gliscor\n|-resisted|p2a: Gliscor\n|-damage|p2a: Gliscor|76\/100 tox\n|\n|-heal|p2a: Gliscor|89\/100 tox|[from] ability: Poison Heal\n|upkeep\n|turn|24\n|\n|t:|1699759162\n|move|p2a: Gliscor|Earthquake|p1a: \u00cdndio bombado emo\n|-resisted|p1a: \u00cdndio bombado emo\n|-damage|p1a: \u00cdndio bombado emo|72\/100 par\n|cant|p1a: \u00cdndio bombado emo|par\n|\n|-heal|p1a: \u00cdndio bombado emo|78\/100 par|[from] item: Leftovers\n|-heal|p2a: Gliscor|100\/100 tox|[from] ability: Poison Heal\n|upkeep\n|turn|25\n|\n|t:|1699759171\n|move|p2a: Gliscor|Facade|p1a: \u00cdndio bombado emo\n|-damage|p1a: \u00cdndio bombado emo|28\/100 par\n|move|p1a: \u00cdndio bombado emo|Hammer Arm|p2a: Gliscor\n|-resisted|p2a: Gliscor\n|-damage|p2a: Gliscor|79\/100 tox\n|\n|-heal|p1a: \u00cdndio bombado emo|34\/100 par|[from] item: Leftovers\n|-heal|p2a: Gliscor|91\/100 tox|[from] ability: Poison Heal\n|upkeep\n|turn|26\n|\n|t:|1699759182\n|move|p2a: Gliscor|Facade|p1a: \u00cdndio bombado emo\n|-damage|p1a: \u00cdndio bombado emo|0 fnt\n|faint|p1a: \u00cdndio bombado emo\n|\n|-heal|p2a: Gliscor|100\/100 tox|[from] ability: Poison Heal\n|upkeep\n|\n|t:|1699759189\n|switch|p1a: Kartana|Kartana, shiny|100\/100\n|turn|27\n|\n|t:|1699759196\n|move|p1a: Kartana|Leaf Blade|p2a: Gliscor\n|-damage|p2a: Gliscor|42\/100 tox\n|move|p2a: Gliscor|Facade|p1a: Kartana\n|-resisted|p1a: Kartana\n|-damage|p1a: Kartana|12\/100\n|\n|-heal|p2a: Gliscor|54\/100 tox|[from] ability: Poison Heal\n|upkeep\n|turn|28\n|\n|t:|1699759214\n|switch|p2a: HlTLER|Hoopa-Unbound|88\/100\n|move|p1a: Kartana|Leaf Blade|p2a: HlTLER\n|-damage|p2a: HlTLER|0 fnt\n|faint|p2a: HlTLER\n|-ability|p1a: Kartana|Beast Boost|boost\n|-boost|p1a: Kartana|atk|1\n|\n|upkeep\n|\n|t:|1699759228\n|switch|p2a: Capo de fusca|Golisopod, M, shiny|100\/100\n|turn|29\n|\n|t:|1699759234\n|move|p1a: Kartana|Leaf Blade|p2a: Capo de fusca\n|-crit|p2a: Capo de fusca\n|-damage|p2a: Capo de fusca|0 fnt\n|faint|p2a: Capo de fusca\n|-ability|p1a: Kartana|Beast Boost|boost\n|-boost|p1a: Kartana|atk|1\n|\n|upkeep\n|\n|t:|1699759243\n|switch|p2a: Urso bombado|Urshifu-Rapid-Strike, M|94\/100\n|turn|30\n|\n|t:|1699759248\n|move|p1a: Kartana|Leaf Blade|p2a: Urso bombado\n|-supereffective|p2a: Urso bombado\n|-damage|p2a: Urso bombado|0 fnt\n|faint|p2a: Urso bombado\n|-ability|p1a: Kartana|Beast Boost|boost\n|-boost|p1a: Kartana|atk|1\n|\n|upkeep\n|\n|t:|1699759256\n|switch|p2a: Gliscor|Gliscor, M, shiny|54\/100 tox\n|turn|31\n|\n|t:|1699759261\n|move|p1a: Kartana|Leaf Blade|p2a: Gliscor\n|-crit|p2a: Gliscor\n|-damage|p2a: Gliscor|0 fnt\n|faint|p2a: Gliscor\n|\n|win|santos.gov\n|l|\u2606Moongostozin\n","uploadtime":1699759303,"views":5,"p1id":"santosgov","p2id":"moongostozin","formatid":"gen9nationaldex","rating":0,"private":0,"password":""}