{"id":"gen9nationaldex-1993362201","p1":"K. Repola","p2":"daodanguiTest","format":"[Gen 9] National Dex","log":"|j|\u2606K. Repola\n|j|\u2606daodanguiTest\n|t:|1700306132\n|gametype|singles\n|player|p1|K. Repola|gentleman|1392\n|player|p2|daodanguiTest|101|1447\n|teamsize|p1|6\n|teamsize|p2|6\n|gen|9\n|tier|[Gen 9] National Dex\n|rated|\n|rule|HP Percentage Mod: HP is shown in percentages\n|rule|Endless Battle Clause: Forcing endless battles is banned\n|rule|OHKO Clause: OHKO moves are banned\n|rule|Evasion Clause: Evasion abilities, items, and moves are banned\n|rule|Evasion Abilities Clause: Evasion abilities are banned\n|rule|Evasion Items Clause: Evasion items are banned\n|rule|Evasion Moves Clause: Evasion moves are banned\n|rule|Species Clause: Limit one of each Pok\u00e9mon\n|rule|Sleep Clause Mod: Limit one foe put to sleep\n|clearpoke\n|poke|p1|Koffing, F|\n|poke|p1|Corsola-Galar, M|\n|poke|p1|Whimsicott, M|\n|poke|p1|Toxapex, M|\n|poke|p1|Gliscor, M|\n|poke|p1|Blissey, F|\n|poke|p2|Slowking-Galar, M|\n|poke|p2|Urshifu-*, M|\n|poke|p2|Banette, F|\n|poke|p2|Samurott-Hisui, M|\n|poke|p2|Garchomp, M|\n|poke|p2|Tornadus-Therian, M|\n|teampreview\n|j| Trainer890\n|c|\u2606K. Repola|greetings\n|c| Trainer890|Ho\n|\n|t:|1700306153\n|start\n|switch|p1a: Lumu|Whimsicott, M|100\/100\n|switch|p2a: Slowking|Slowking-Galar, M|100\/100\n|turn|1\n|\n|t:|1700306159\n|move|p1a: Lumu|Switcheroo|p2a: Slowking\n|-activate|p1a: Lumu|move: Trick|[of] p2a: Slowking\n|-item|p2a: Slowking|Choice Scarf|[from] move: Switcheroo\n|-item|p1a: Lumu|Assault Vest|[from] move: Switcheroo\n|move|p2a: Slowking|Sludge Wave|p1a: Lumu\n|-supereffective|p1a: Lumu\n|-damage|p1a: Lumu|0 fnt\n|faint|p1a: Lumu\n|\n|upkeep\n|\n|t:|1700306168\n|switch|p1a: Slepe|Gliscor, M|100\/100\n|turn|2\n|\n|t:|1700306176\n|move|p1a: Slepe|Swords Dance|p1a: Slepe\n|-boost|p1a: Slepe|atk|2\n|move|p2a: Slowking|Sludge Wave|p1a: Slepe\n|-resisted|p1a: Slepe\n|-damage|p1a: Slepe|73\/100\n|\n|-status|p1a: Slepe|tox|[from] item: Toxic Orb\n|upkeep\n|turn|3\n|\n|t:|1700306190\n|switch|p2a: Garchomp|Garchomp, M|100\/100\n|move|p1a: Slepe|Dual Wingbeat|p2a: Garchomp\n|-damage|p2a: Garchomp|76\/100\n|-damage|p1a: Slepe|60\/100 tox|[from] ability: Rough Skin|[of] p2a: Garchomp\n|-damage|p2a: Garchomp|52\/100\n|-damage|p1a: Slepe|48\/100 tox|[from] ability: Rough Skin|[of] p2a: Garchomp\n|-hitcount|p2a: Garchomp|2\n|\n|-heal|p1a: Slepe|60\/100 tox|[from] ability: Poison Heal\n|upkeep\n|turn|4\n|\n|t:|1700306202\n|-zpower|p2a: Garchomp\n|move|p2a: Garchomp|Devastating Drake|p1a: Slepe|[zeffect]\n|-damage|p1a: Slepe|6\/100 tox\n|move|p1a: Slepe|Earthquake|p2a: Garchomp\n|-damage|p2a: Garchomp|0 fnt\n|faint|p2a: Garchomp\n|\n|-heal|p1a: Slepe|18\/100 tox|[from] ability: Poison Heal\n|upkeep\n|\n|t:|1700306212\n|switch|p2a: Samurott|Samurott-Hisui, M|100\/100\n|turn|5\n|\n|t:|1700306217\n|switch|p1a: T\u00e4ht\u00f6|Toxapex, M|100\/100\n|move|p2a: Samurott|Aqua Jet|p1a: T\u00e4ht\u00f6\n|-resisted|p1a: T\u00e4ht\u00f6\n|-damage|p1a: T\u00e4ht\u00f6|94\/100\n|-damage|p2a: Samurott|84\/100|[from] item: Rocky Helmet|[of] p1a: T\u00e4ht\u00f6\n|\n|upkeep\n|turn|6\n|\n|t:|1700306229\n|switch|p2a: Slowking|Slowking-Galar, M|100\/100\n|move|p1a: T\u00e4ht\u00f6|Poison Jab|p2a: Slowking\n|-resisted|p2a: Slowking\n|-damage|p2a: Slowking|88\/100\n|\n|upkeep\n|turn|7\n|\n|t:|1700306256\n|move|p2a: Slowking|Future Sight|p1a: T\u00e4ht\u00f6\n|-start|p2a: Slowking|move: Future Sight\n|move|p1a: T\u00e4ht\u00f6|Liquidation|p2a: Slowking\n|-damage|p2a: Slowking|60\/100\n|\n|upkeep\n|turn|8\n|\n|t:|1700306262\n|switch|p2a: Urshifu|Urshifu-Rapid-Strike, M|100\/100\n|move|p1a: T\u00e4ht\u00f6|Liquidation|p2a: Urshifu\n|-resisted|p2a: Urshifu\n|-damage|p2a: Urshifu|88\/100\n|\n|upkeep\n|turn|9\n|\n|t:|1700306278\n|move|p2a: Urshifu|U-turn|p1a: T\u00e4ht\u00f6\n|-resisted|p1a: T\u00e4ht\u00f6\n|-damage|p1a: T\u00e4ht\u00f6|87\/100\n|-damage|p2a: Urshifu|71\/100|[from] item: Rocky Helmet|[of] p1a: T\u00e4ht\u00f6\n|\n|t:|1700306283\n|switch|p2a: Samurott|Samurott-Hisui, M|84\/100|[from] U-turn\n|move|p1a: T\u00e4ht\u00f6|Recover|p1a: T\u00e4ht\u00f6\n|-heal|p1a: T\u00e4ht\u00f6|100\/100\n|\n|-end|p1a: T\u00e4ht\u00f6|move: Future Sight\n|-supereffective|p1a: T\u00e4ht\u00f6\n|-damage|p1a: T\u00e4ht\u00f6|0 fnt\n|faint|p1a: T\u00e4ht\u00f6\n|upkeep\n|\n|t:|1700306298\n|switch|p1a: \u0160\u00f6k\u00f6|Koffing, F, shiny|100\/100\n|-ability|p1a: \u0160\u00f6k\u00f6|Neutralizing Gas\n|turn|10\n|\n|t:|1700306304\n|move|p2a: Samurott|Ceaseless Edge|p1a: \u0160\u00f6k\u00f6\n|-damage|p1a: \u0160\u00f6k\u00f6|76\/100\n|-sidestart|p1: K. Repola|Spikes\n|move|p1a: \u0160\u00f6k\u00f6|Toxic|p2a: Samurott\n|-status|p2a: Samurott|tox\n|\n|-damage|p2a: Samurott|78\/100 tox|[from] psn\n|upkeep\n|turn|11\n|\n|t:|1700306312\n|move|p2a: Samurott|Aqua Cutter|p1a: \u0160\u00f6k\u00f6\n|-damage|p1a: \u0160\u00f6k\u00f6|51\/100\n|move|p1a: \u0160\u00f6k\u00f6|Thunder|p2a: Samurott\n|-supereffective|p2a: Samurott\n|-damage|p2a: Samurott|28\/100 tox\n|\n|-damage|p2a: Samurott|16\/100 tox|[from] psn\n|upkeep\n|turn|12\n|\n|t:|1700306333\n|move|p2a: Samurott|Ceaseless Edge|p1a: \u0160\u00f6k\u00f6\n|-damage|p1a: \u0160\u00f6k\u00f6|28\/100\n|-sidestart|p1: K. Repola|Spikes\n|move|p1a: \u0160\u00f6k\u00f6|Thunder|p2a: Samurott\n|-supereffective|p2a: Samurott\n|-damage|p2a: Samurott|0 fnt\n|faint|p2a: Samurott\n|\n|upkeep\n|\n|t:|1700306350\n|switch|p2a: Tornadus|Tornadus-Therian, M|100\/100\n|turn|13\n|\n|t:|1700306360\n|move|p2a: Tornadus|Bleakwind Storm|p1a: \u0160\u00f6k\u00f6|[miss]\n|-miss|p2a: Tornadus|p1a: \u0160\u00f6k\u00f6\n|move|p1a: \u0160\u00f6k\u00f6|Pain Split|p2a: Tornadus\n|-sethp|p2a: Tornadus|61\/100|[from] move: Pain Split|[silent]\n|-sethp|p1a: \u0160\u00f6k\u00f6|76\/100|[from] move: Pain Split\n|\n|upkeep\n|turn|14\n|\n|t:|1700306367\n|move|p2a: Tornadus|Bleakwind Storm|p1a: \u0160\u00f6k\u00f6\n|-damage|p1a: \u0160\u00f6k\u00f6|10\/100\n|-unboost|p1a: \u0160\u00f6k\u00f6|spe|1\n|-damage|p2a: Tornadus|51\/100|[from] item: Life Orb\n|move|p1a: \u0160\u00f6k\u00f6|Toxic|p2a: Tornadus\n|-status|p2a: Tornadus|tox\n|\n|-damage|p2a: Tornadus|46\/100 tox|[from] psn\n|upkeep\n|turn|15\n|\n|t:|1700306378\n|move|p2a: Tornadus|Bleakwind Storm|p1a: \u0160\u00f6k\u00f6\n|-damage|p1a: \u0160\u00f6k\u00f6|0 fnt\n|faint|p1a: \u0160\u00f6k\u00f6\n|-end|p1a: \u0160\u00f6k\u00f6|ability: Neutralizing Gas\n|-damage|p2a: Tornadus|36\/100 tox|[from] item: Life Orb\n|\n|-damage|p2a: Tornadus|24\/100 tox|[from] psn\n|upkeep\n|\n|t:|1700306389\n|switch|p1a: Emmi|Blissey, F|100\/100\n|-damage|p1a: Emmi|84\/100|[from] Spikes\n|turn|16\n|\n|t:|1700306396\n|switch|p2a: Slowking|Slowking-Galar, M|94\/100\n|move|p1a: Emmi|Teleport|p1a: Emmi\n|l| Trainer890\n|\n|t:|1700306410\n|switch|p1a: Slepe|Gliscor, M|18\/100 tox|[from] Teleport\n|\n|-heal|p1a: Slepe|31\/100 tox|[from] ability: Poison Heal\n|upkeep\n|turn|17\n|j| Trainer890\n|\n|t:|1700306420\n|switch|p2a: Banette|Banette, F|100\/100\n|-item|p1a: Slepe|Toxic Orb|[from] ability: Frisk|[of] p2a: Banette|[identify]\n|move|p1a: Slepe|Defog|p2a: Banette\n|-unboost|p2a: Banette|evasion|1\n|-sideend|p1: K. Repola|Spikes|[from] move: Defog|[of] p1a: Slepe\n|\n|-heal|p1a: Slepe|43\/100 tox|[from] ability: Poison Heal\n|upkeep\n|turn|18\n|\n|t:|1700306448\n|switch|p1a: Emmi|Blissey, F|84\/100\n|detailschange|p2a: Banette|Banette-Mega, F\n|-mega|p2a: Banette|Banette|Banettite\n|move|p2a: Banette|Poltergeist|p1a: Emmi\n|-immune|p1a: Emmi\n|\n|-heal|p1a: Emmi|90\/100|[from] item: Leftovers\n|upkeep\n|turn|19\n|\n|t:|1700306464\n|switch|p2a: Slowking|Slowking-Galar, M|100\/100\n|move|p1a: Emmi|Teleport|p1a: Emmi\n|\n|t:|1700306468\n|switch|p1a: Slepe|Gliscor, M|43\/100 tox|[from] Teleport\n|\n|-heal|p1a: Slepe|56\/100 tox|[from] ability: Poison Heal\n|upkeep\n|turn|20\n|\n|t:|1700306494\n|-terastallize|p2a: Slowking|Fairy\n|move|p1a: Slepe|Swords Dance|p1a: Slepe\n|-boost|p1a: Slepe|atk|2\n|move|p2a: Slowking|Future Sight|p1a: Slepe\n|-start|p2a: Slowking|move: Future Sight\n|\n|-heal|p1a: Slepe|68\/100 tox|[from] ability: Poison Heal\n|upkeep\n|turn|21\n|\n|t:|1700306514\n|switch|p2a: Tornadus|Tornadus-Therian, M|57\/100 tox\n|move|p1a: Slepe|Dual Wingbeat|p2a: Tornadus\n|-damage|p2a: Tornadus|26\/100 tox\n|-damage|p2a: Tornadus|0 fnt\n|faint|p2a: Tornadus\n|-hitcount|p2: Tornadus|2\n|\n|-heal|p1a: Slepe|80\/100 tox|[from] ability: Poison Heal\n|upkeep\n|\n|t:|1700306519\n|switch|p2a: Urshifu|Urshifu-Rapid-Strike, M|71\/100\n|turn|22\n|\n|t:|1700306549\n|switch|p1a: Emmi|Blissey, F|90\/100\n|move|p2a: Urshifu|Surging Strikes|p1a: Emmi\n|-crit|p1a: Emmi\n|-damage|p1a: Emmi|74\/100\n|-crit|p1a: Emmi\n|-damage|p1a: Emmi|59\/100\n|-crit|p1a: Emmi\n|-damage|p1a: Emmi|42\/100\n|-hitcount|p1a: Emmi|3\n|\n|-end|p1a: Emmi|move: Future Sight\n|-damage|p1a: Emmi|21\/100\n|-heal|p1a: Emmi|27\/100|[from] item: Leftovers\n|upkeep\n|turn|23\n|\n|t:|1700306561\n|move|p2a: Urshifu|Surging Strikes|p1a: Emmi\n|-crit|p1a: Emmi\n|-damage|p1a: Emmi|10\/100\n|-crit|p1a: Emmi\n|-damage|p1a: Emmi|0 fnt\n|faint|p1a: Emmi\n|-hitcount|p1: Emmi|2\n|\n|upkeep\n|\n|t:|1700306568\n|switch|p1a: Korkki|Corsola-Galar, M|100\/100\n|turn|24\n|\n|t:|1700306572\n|switch|p2a: Slowking|Slowking-Galar, M, tera:Fairy|100\/100\n|move|p1a: Korkki|Strength Sap|p2a: Slowking\n|-unboost|p2a: Slowking|atk|1\n|\n|upkeep\n|turn|25\n|\n|t:|1700306578\n|move|p2a: Slowking|Future Sight|p1a: Korkki\n|-start|p2a: Slowking|move: Future Sight\n|move|p1a: Korkki|Calm Mind|p1a: Korkki\n|-boost|p1a: Korkki|spa|1\n|-boost|p1a: Korkki|spd|1\n|\n|upkeep\n|turn|26\n|\n|t:|1700306583\n|switch|p2a: Banette|Banette-Mega, F|100\/100\n|move|p1a: Korkki|Calm Mind|p1a: Korkki\n|-boost|p1a: Korkki|spa|1\n|-boost|p1a: Korkki|spd|1\n|\n|upkeep\n|turn|27\n|\n|t:|1700306591\n|move|p2a: Banette|Poltergeist|p1a: Korkki\n|-activate|p1a: Korkki|move: Poltergeist|Eviolite\n|-supereffective|p1a: Korkki\n|-damage|p1a: Korkki|26\/100\n|-start|p2a: Banette|Disable|Poltergeist|[from] ability: Cursed Body|[of] p1a: Korkki\n|move|p1a: Korkki|Strength Sap|p2a: Banette\n|-unboost|p2a: Banette|atk|1\n|-heal|p1a: Korkki|100\/100\n|\n|-end|p1a: Korkki|move: Future Sight\n|-damage|p1a: Korkki|80\/100\n|upkeep\n|turn|28\n|\n|t:|1700306605\n|move|p2a: Banette|Will-O-Wisp|p1a: Korkki\n|-status|p1a: Korkki|brn\n|move|p1a: Korkki|Hex|p2a: Banette\n|-supereffective|p2a: Banette\n|-damage|p2a: Banette|8\/100\n|\n|-damage|p1a: Korkki|74\/100 brn|[from] brn\n|upkeep\n|turn|29\n|\n|t:|1700306613\n|switch|p2a: Slowking|Slowking-Galar, M, tera:Fairy|100\/100\n|move|p1a: Korkki|Calm Mind|p1a: Korkki\n|-boost|p1a: Korkki|spa|1\n|-boost|p1a: Korkki|spd|1\n|\n|-damage|p1a: Korkki|68\/100 brn|[from] brn\n|upkeep\n|turn|30\n|\n|t:|1700306624\n|move|p2a: Slowking|Sludge Wave|p1a: Korkki\n|-resisted|p1a: Korkki\n|-damage|p1a: Korkki|62\/100 brn\n|-start|p2a: Slowking|Disable|Sludge Wave|[from] ability: Cursed Body|[of] p1a: Korkki\n|move|p1a: Korkki|Hex|p2a: Slowking\n|-damage|p2a: Slowking|69\/100\n|\n|-damage|p1a: Korkki|55\/100 brn|[from] brn\n|upkeep\n|turn|31\n|\n|t:|1700306633\n|switch|p2a: Urshifu|Urshifu-Rapid-Strike, M|71\/100\n|move|p1a: Korkki|Strength Sap|p2a: Urshifu\n|-unboost|p2a: Urshifu|atk|1\n|-heal|p1a: Korkki|100\/100 brn\n|\n|-damage|p1a: Korkki|94\/100 brn|[from] brn\n|upkeep\n|turn|32\n|\n|t:|1700306641\n|switch|p2a: Slowking|Slowking-Galar, M, tera:Fairy|100\/100\n|move|p1a: Korkki|Hex|p2a: Slowking\n|-damage|p2a: Slowking|73\/100\n|\n|-damage|p1a: Korkki|88\/100 brn|[from] brn\n|upkeep\n|turn|33\n|\n|t:|1700306651\n|move|p2a: Slowking|Sludge Wave|p1a: Korkki\n|-resisted|p1a: Korkki\n|-damage|p1a: Korkki|82\/100 brn\n|move|p1a: Korkki|Calm Mind|p1a: Korkki\n|-boost|p1a: Korkki|spa|1\n|-boost|p1a: Korkki|spd|1\n|\n|-damage|p1a: Korkki|75\/100 brn|[from] brn\n|upkeep\n|turn|34\n|-message|daodanguiTest forfeited.\n|\n|win|K. Repola\n|raw|K. Repola's rating: 1392 &rarr; <strong>1415<\/strong><br \/>(+23 for winning)\n|raw|daodanguiTest's rating: 1447 &rarr; <strong>1424<\/strong><br \/>(-23 for losing)\n|l|\u2606daodanguiTest\n|c|\u2606K. Repola|gg\n|l| Trainer890\n","uploadtime":1700306671,"views":21,"p1id":"krepola","p2id":"daodanguitest","formatid":"gen9nationaldex","rating":1415,"private":0,"password":""}