{"id":"gen9nationaldex-1993996276","p1":"Foulest","p2":"zzhc","format":"[Gen 9] National Dex","log":"|j|\u2606Foulest\n|j|\u2606zzhc\n|t:|1700390416\n|gametype|singles\n|player|p1|Foulest|169|1305\n|player|p2|zzhc|170|1326\n|teamsize|p1|6\n|teamsize|p2|6\n|gen|9\n|tier|[Gen 9] National Dex\n|rated|\n|rule|HP Percentage Mod: HP is shown in percentages\n|rule|Endless Battle Clause: Forcing endless battles is banned\n|rule|OHKO Clause: OHKO moves are banned\n|rule|Evasion Clause: Evasion abilities, items, and moves are banned\n|rule|Evasion Abilities Clause: Evasion abilities are banned\n|rule|Evasion Items Clause: Evasion items are banned\n|rule|Evasion Moves Clause: Evasion moves are banned\n|rule|Species Clause: Limit one of each Pok\u00e9mon\n|rule|Sleep Clause Mod: Limit one foe put to sleep\n|clearpoke\n|poke|p1|Ferrothorn, M|\n|poke|p1|Volcanion|\n|poke|p1|Excadrill, M|\n|poke|p1|Togekiss, F|\n|poke|p1|Garchomp, M|\n|poke|p1|Rotom-Wash|\n|poke|p2|Landorus-Therian, M|\n|poke|p2|Ogerpon-Wellspring, F|\n|poke|p2|Clodsire, F|\n|poke|p2|Great Tusk|\n|poke|p2|Lopunny, F|\n|poke|p2|Zapdos|\n|teampreview\n|inactive|Battle timer is ON: inactive players will automatically lose when time's up. (requested by Foulest)\n|\n|t:|1700390445\n|start\n|switch|p1a: Ferrothorn|Ferrothorn, M|100\/100\n|switch|p2a: Landorus|Landorus-Therian, M|100\/100\n|-ability|p2a: Landorus|Intimidate|boost\n|-unboost|p1a: Ferrothorn|atk|1\n|turn|1\n|\n|t:|1700390448\n|-zpower|p2a: Landorus\n|move|p2a: Landorus|Supersonic Skystrike|p1a: Ferrothorn|[zeffect]\n|-damage|p1a: Ferrothorn|24\/100\n|move|p1a: Ferrothorn|Stealth Rock|p2a: Landorus\n|-sidestart|p2: zzhc|move: Stealth Rock\n|\n|-heal|p1a: Ferrothorn|30\/100|[from] item: Leftovers\n|upkeep\n|turn|2\n|\n|t:|1700390456\n|move|p1a: Ferrothorn|Protect|p1a: Ferrothorn\n|-singleturn|p1a: Ferrothorn|Protect\n|move|p2a: Landorus|Earthquake|p1a: Ferrothorn\n|-activate|p1a: Ferrothorn|move: Protect\n|\n|-heal|p1a: Ferrothorn|36\/100|[from] item: Leftovers\n|upkeep\n|turn|3\n|\n|t:|1700390464\n|switch|p1a: Rotom|Rotom-Wash|100\/100\n|move|p2a: Landorus|Stealth Rock|p1a: Rotom\n|-sidestart|p1: Foulest|move: Stealth Rock\n|\n|upkeep\n|turn|4\n|\n|t:|1700390468\n|move|p1a: Rotom|Hydro Pump|p2a: Landorus\n|-supereffective|p2a: Landorus\n|-damage|p2a: Landorus|0 fnt\n|faint|p2a: Landorus\n|\n|upkeep\n|\n|t:|1700390476\n|switch|p2a: Ogerpon|Ogerpon-Wellspring, F|100\/100\n|-damage|p2a: Ogerpon|88\/100|[from] Stealth Rock\n|turn|5\n|\n|t:|1700390496\n|switch|p1a: Togekiss|Togekiss, F, shiny|100\/100\n|-damage|p1a: Togekiss|76\/100|[from] Stealth Rock\n|move|p2a: Ogerpon|Swords Dance|p2a: Ogerpon\n|-boost|p2a: Ogerpon|atk|2\n|\n|-heal|p1a: Togekiss|82\/100|[from] item: Leftovers\n|upkeep\n|turn|6\n|\n|t:|1700390505\n|-terastallize|p2a: Ogerpon|Water\n|detailschange|p2a: Ogerpon|Ogerpon-Wellspring-Tera, F, tera:Water\n|-ability|p2a: Ogerpon|Embody Aspect (Wellspring)|boost\n|-boost|p2a: Ogerpon|spd|1\n|move|p2a: Ogerpon|Ivy Cudgel|p1a: Togekiss|[anim] Ivy Cudgel Water\n|-crit|p1a: Togekiss\n|-damage|p1a: Togekiss|0 fnt\n|faint|p1a: Togekiss\n|\n|upkeep\n|\n|t:|1700390512\n|switch|p1a: Volcanion|Volcanion|100\/100\n|-damage|p1a: Volcanion|76\/100|[from] Stealth Rock\n|turn|7\n|\n|t:|1700390517\n|-terastallize|p1a: Volcanion|Fire\n|move|p2a: Ogerpon|Horn Leech|p1a: Volcanion\n|-resisted|p1a: Volcanion\n|-damage|p1a: Volcanion|41\/100\n|-heal|p2a: Ogerpon|100\/100|[from] drain|[of] p1a: Volcanion\n|move|p1a: Volcanion|Earth Power|p2a: Ogerpon\n|-damage|p2a: Ogerpon|75\/100\n|-unboost|p2a: Ogerpon|spd|1\n|\n|upkeep\n|turn|8\n|\n|t:|1700390526\n|move|p2a: Ogerpon|Horn Leech|p1a: Volcanion\n|-resisted|p1a: Volcanion\n|-damage|p1a: Volcanion|3\/100\n|-heal|p2a: Ogerpon|98\/100|[from] drain|[of] p1a: Volcanion\n|move|p1a: Volcanion|Fire Blast|p2a: Ogerpon\n|-resisted|p2a: Ogerpon\n|-damage|p2a: Ogerpon|44\/100\n|\n|upkeep\n|turn|9\n|\n|t:|1700390533\n|move|p2a: Ogerpon|Horn Leech|p1a: Volcanion\n|-resisted|p1a: Volcanion\n|-damage|p1a: Volcanion|0 fnt\n|-heal|p2a: Ogerpon|46\/100|[from] drain|[of] p1a: Volcanion\n|faint|p1a: Volcanion\n|\n|upkeep\n|\n|t:|1700390539\n|switch|p1a: Rotom|Rotom-Wash|100\/100\n|-damage|p1a: Rotom|88\/100|[from] Stealth Rock\n|turn|10\n|\n|t:|1700390544\n|move|p2a: Ogerpon|Horn Leech|p1a: Rotom\n|-supereffective|p1a: Rotom\n|-damage|p1a: Rotom|0 fnt\n|-heal|p2a: Ogerpon|81\/100|[from] drain|[of] p1a: Rotom\n|faint|p1a: Rotom\n|\n|upkeep\n|\n|t:|1700390550\n|switch|p1a: Ferrothorn|Ferrothorn, M|36\/100\n|-damage|p1a: Ferrothorn|30\/100|[from] Stealth Rock\n|turn|11\n|\n|t:|1700390554\n|move|p1a: Ferrothorn|Protect|p1a: Ferrothorn\n|-singleturn|p1a: Ferrothorn|Protect\n|move|p2a: Ogerpon|Swords Dance|p2a: Ogerpon\n|-boost|p2a: Ogerpon|atk|2\n|\n|-heal|p1a: Ferrothorn|36\/100|[from] item: Leftovers\n|upkeep\n|turn|12\n|\n|t:|1700390558\n|move|p2a: Ogerpon|Ivy Cudgel|p1a: Ferrothorn|[anim] Ivy Cudgel Water\n|-resisted|p1a: Ferrothorn\n|-crit|p1a: Ferrothorn\n|-damage|p1a: Ferrothorn|0 fnt\n|faint|p1a: Ferrothorn\n|\n|upkeep\n|\n|t:|1700390560\n|switch|p1a: Excadrill|Excadrill, M|100\/100\n|-ability|p1a: Excadrill|Mold Breaker\n|turn|13\n|\n|t:|1700390565\n|move|p2a: Ogerpon|Ivy Cudgel|p1a: Excadrill|[anim] Ivy Cudgel Water\n|-supereffective|p1a: Excadrill\n|-damage|p1a: Excadrill|0 fnt\n|faint|p1a: Excadrill\n|\n|upkeep\n|\n|t:|1700390567\n|switch|p1a: Garchomp|Garchomp, M|100\/100\n|-damage|p1a: Garchomp|94\/100|[from] Stealth Rock\n|turn|14\n|\n|t:|1700390570\n|move|p2a: Ogerpon|Ivy Cudgel|p1a: Garchomp|[anim] Ivy Cudgel Water\n|-damage|p1a: Garchomp|0 fnt\n|faint|p1a: Garchomp\n|\n|win|zzhc\n|raw|Foulest's rating: 1305 &rarr; <strong>1286<\/strong><br \/>(-19 for losing)\n|raw|zzhc's rating: 1326 &rarr; <strong>1345<\/strong><br \/>(+19 for winning)\n","uploadtime":1700390577,"views":14,"p1id":"foulest","p2id":"zzhc","formatid":"gen9nationaldex","rating":1286,"private":0,"password":""}