{"id":"gen9nationaldex-1991847267","p1":"Zveno1","p2":"starlitbox","format":"[Gen 9] National Dex","log":"|j|\u2606Zveno1\n|j|\u2606starlitbox\n|t:|1700127747\n|gametype|singles\n|player|p1|Zveno1|guzma|1357\n|player|p2|starlitbox|silver|1433\n|teamsize|p1|6\n|teamsize|p2|6\n|gen|9\n|tier|[Gen 9] National Dex\n|rated|\n|rule|HP Percentage Mod: HP is shown in percentages\n|rule|Endless Battle Clause: Forcing endless battles is banned\n|rule|OHKO Clause: OHKO moves are banned\n|rule|Evasion Clause: Evasion abilities, items, and moves are banned\n|rule|Evasion Abilities Clause: Evasion abilities are banned\n|rule|Evasion Items Clause: Evasion items are banned\n|rule|Evasion Moves Clause: Evasion moves are banned\n|rule|Species Clause: Limit one of each Pok\u00e9mon\n|rule|Sleep Clause Mod: Limit one foe put to sleep\n|clearpoke\n|poke|p1|Greninja-*, M|\n|poke|p1|Clodsire, M|\n|poke|p1|Heatran, F|\n|poke|p1|Venusaur, M|\n|poke|p1|Tornadus-Therian, M|\n|poke|p1|Garganacl, M|\n|poke|p2|Landorus-Therian, M|\n|poke|p2|Greninja-*, M|\n|poke|p2|Volcarona, M|\n|poke|p2|Iron Valiant|\n|poke|p2|Ogerpon-Wellspring, F|\n|poke|p2|Tapu Koko|\n|teampreview\n|inactive|Battle timer is ON: inactive players will automatically lose when time's up. (requested by Zveno1)\n|\n|t:|1700127766\n|start\n|switch|p1a: Greninja|Greninja, M, shiny|100\/100\n|switch|p2a: Tapu Koko|Tapu Koko|100\/100\n|-fieldstart|move: Electric Terrain|[from] ability: Electric Surge|[of] p2a: Tapu Koko\n|turn|1\n|\n|t:|1700127773\n|switch|p1a: Clodsire|Clodsire, M, shiny|100\/100\n|move|p2a: Tapu Koko|Dazzling Gleam|p1a: Clodsire\n|-resisted|p1a: Clodsire\n|-damage|p1a: Clodsire|91\/100\n|\n|-heal|p1a: Clodsire|97\/100|[from] item: Leftovers\n|upkeep\n|turn|2\n|\n|t:|1700127788\n|switch|p2a: Landorus|Landorus-Therian, M|100\/100\n|-ability|p2a: Landorus|Intimidate|boost\n|-unboost|p1a: Clodsire|atk|1\n|move|p1a: Clodsire|Toxic|p2a: Landorus\n|-status|p2a: Landorus|tox\n|\n|-heal|p1a: Clodsire|100\/100|[from] item: Leftovers\n|-damage|p2a: Landorus|94\/100 tox|[from] psn\n|upkeep\n|turn|3\n|\n|t:|1700127799\n|switch|p1a: Tornadus|Tornadus-Therian, M, shiny|100\/100\n|move|p2a: Landorus|Knock Off|p1a: Tornadus\n|-damage|p1a: Tornadus|45\/100\n|-enditem|p1a: Tornadus|Heavy-Duty Boots|[from] move: Knock Off|[of] p2a: Landorus\n|\n|-heal|p2a: Landorus|100\/100 tox|[from] item: Leftovers\n|-damage|p2a: Landorus|88\/100 tox|[from] psn\n|upkeep\n|turn|4\n|\n|t:|1700127813\n|move|p1a: Tornadus|U-turn|p2a: Landorus\n|-resisted|p2a: Landorus\n|-damage|p2a: Landorus|82\/100 tox\n|\n|t:|1700127815\n|switch|p1a: Venusaur|Venusaur, M, shiny|100\/100|[from] U-turn\n|move|p2a: Landorus|U-turn|p1a: Venusaur\n|-damage|p1a: Venusaur|67\/100\n|\n|t:|1700127822\n|switch|p2a: Iron Valiant|Iron Valiant|100\/100|[from] U-turn\n|-activate|p2a: Iron Valiant|ability: Quark Drive\n|-start|p2a: Iron Valiant|quarkdrivespe\n|\n|upkeep\n|turn|5\n|\n|t:|1700127835\n|switch|p1a: Greninja|Greninja, M, shiny|100\/100\n|move|p2a: Iron Valiant|Psychic|p1a: Greninja\n|-immune|p1a: Greninja\n|\n|-fieldend|move: Electric Terrain\n|-end|p2a: Iron Valiant|Quark Drive\n|upkeep\n|turn|6\n|\n|t:|1700127851\n|switch|p1a: Clodsire|Clodsire, M, shiny|100\/100\n|-end|p2a: Iron Valiant|Quark Drive|[silent]\n|switch|p2a: Tapu Koko|Tapu Koko|100\/100\n|-fieldstart|move: Electric Terrain|[from] ability: Electric Surge|[of] p2a: Tapu Koko\n|\n|upkeep\n|turn|7\n|\n|t:|1700127864\n|switch|p1a: Greninja|Greninja, M, shiny|100\/100\n|move|p2a: Tapu Koko|Reflect|p2a: Tapu Koko\n|-sidestart|p2: starlitbox|Reflect\n|\n|upkeep\n|turn|8\n|\n|t:|1700127870\n|move|p2a: Tapu Koko|Volt Switch|p1a: Greninja\n|-supereffective|p1a: Greninja\n|-damage|p1a: Greninja|0 fnt\n|faint|p1a: Greninja\n|-message|Zveno1 forfeited.\n|\n|win|starlitbox\n|raw|Zveno1's rating: 1357 &rarr; <strong>1341<\/strong><br \/>(-16 for losing)\n|raw|starlitbox's rating: 1433 &rarr; <strong>1449<\/strong><br \/>(+16 for winning)\n|l|\u2606Zveno1\n","uploadtime":1700127925,"views":9,"p1id":"zveno1","p2id":"starlitbox","formatid":"gen9nationaldex","rating":1341,"private":0,"password":""}