{"id":"gen9nationaldex-1997437247","p1":"Idkwhat237","p2":"Greedy Monarch","format":"[Gen 9] National Dex","log":"|html|<div class=\"broadcast-blue\"><strong>[Gen 9] National Dex is currently suspecting Sneasler! For information on how to participate check out the <a href=\"https:\/\/www.smogon.com\/forums\/threads\/sv-national-dex-suspect-8-just-dance.3731534\/\">suspect thread<\/a>.<\/strong><\/div>\n|j|\u2606Idkwhat237\n|j|\u2606Greedy Monarch\n|t:|1700805049\n|gametype|singles\n|player|p1|Idkwhat237|dawn|1176\n|player|p2|Greedy Monarch|266|1172\n|teamsize|p1|6\n|teamsize|p2|6\n|gen|9\n|tier|[Gen 9] National Dex\n|rated|\n|rule|HP Percentage Mod: HP is shown in percentages\n|rule|Endless Battle Clause: Forcing endless battles is banned\n|rule|OHKO Clause: OHKO moves are banned\n|rule|Evasion Clause: Evasion abilities, items, and moves are banned\n|rule|Evasion Abilities Clause: Evasion abilities are banned\n|rule|Evasion Items Clause: Evasion items are banned\n|rule|Evasion Moves Clause: Evasion moves are banned\n|rule|Species Clause: Limit one of each Pok\u00e9mon\n|rule|Sleep Clause Mod: Limit one foe put to sleep\n|clearpoke\n|poke|p1|Alomomola, F|\n|poke|p1|Pelipper, M|\n|poke|p1|Tornadus, M|\n|poke|p1|Swampert, F|\n|poke|p1|Basculin-Blue-Striped, M|\n|poke|p1|Gorebyss, F|\n|poke|p2|Accelgor, F|\n|poke|p2|Scolipede, M|\n|poke|p2|Scizor, M|\n|poke|p2|Escavalier, M|\n|poke|p2|Buzzwole|\n|poke|p2|Slither Wing|\n|teampreview\n|inactive|Battle timer is ON: inactive players will automatically lose when time's up. (requested by Idkwhat237)\n|\n|t:|1700805066\n|start\n|switch|p1a: Pelipper|Pelipper, M|100\/100\n|switch|p2a: Ace|Accelgor, F|100\/100\n|-weather|RainDance|[from] ability: Drizzle|[of] p1a: Pelipper\n|turn|1\n|\n|t:|1700805087\n|switch|p1a: Gorebyss|Gorebyss, F|100\/100\n|move|p2a: Ace|Endure||[still]\n|-fail|p2a: Ace\n|\n|-weather|RainDance|[upkeep]\n|upkeep\n|turn|2\n|\n|t:|1700805097\n|switch|p2a: Arson|Slither Wing|100\/100\n|move|p1a: Gorebyss|Shell Smash|p1a: Gorebyss\n|-unboost|p1a: Gorebyss|def|1\n|-unboost|p1a: Gorebyss|spd|1\n|-boost|p1a: Gorebyss|atk|2\n|-boost|p1a: Gorebyss|spa|2\n|-boost|p1a: Gorebyss|spe|2\n|\n|-weather|RainDance|[upkeep]\n|upkeep\n|turn|3\n|\n|t:|1700805103\n|move|p1a: Gorebyss|Psychic|p2a: Arson\n|-supereffective|p2a: Arson\n|-crit|p2a: Arson\n|-damage|p2a: Arson|0 fnt\n|faint|p2a: Arson\n|-end|p2a: Arson|Protosynthesis|[silent]\n|-damage|p1a: Gorebyss|91\/100|[from] item: Life Orb\n|\n|-weather|RainDance|[upkeep]\n|upkeep\n|\n|t:|1700805120\n|switch|p2a: Hunter|Escavalier, M|100\/100\n|turn|4\n|\n|t:|1700805123\n|move|p1a: Gorebyss|Surf|p2a: Hunter\n|-crit|p2a: Hunter\n|-damage|p2a: Hunter|0 fnt\n|faint|p2a: Hunter\n|-damage|p1a: Gorebyss|81\/100|[from] item: Life Orb\n|\n|-weather|RainDance|[upkeep]\n|upkeep\n|\n|t:|1700805129\n|switch|p2a: Scorn|Scolipede, M|100\/100\n|turn|5\n|\n|t:|1700805132\n|move|p2a: Scorn|Protect|p2a: Scorn\n|-singleturn|p2a: Scorn|Protect\n|move|p1a: Gorebyss|Psychic|p2a: Scorn\n|-activate|p2a: Scorn|move: Protect\n|\n|-weather|RainDance|[upkeep]\n|-ability|p2a: Scorn|Speed Boost|boost\n|-boost|p2a: Scorn|spe|1\n|upkeep\n|turn|6\n|\n|t:|1700805140\n|move|p1a: Gorebyss|Psychic|p2a: Scorn\n|-supereffective|p2a: Scorn\n|-damage|p2a: Scorn|0 fnt\n|faint|p2a: Scorn\n|-damage|p1a: Gorebyss|71\/100|[from] item: Life Orb\n|\n|-weather|RainDance|[upkeep]\n|upkeep\n|\n|t:|1700805146\n|switch|p2a: Sector|Scizor, M|100\/100\n|turn|7\n|\n|t:|1700805151\n|move|p1a: Gorebyss|Surf|p2a: Sector\n|-crit|p2a: Sector\n|-damage|p2a: Sector|0 fnt\n|faint|p2a: Sector\n|-damage|p1a: Gorebyss|61\/100|[from] item: Life Orb\n|\n|-weather|RainDance|[upkeep]\n|upkeep\n|\n|t:|1700805153\n|switch|p2a: West-Nile|Buzzwole|100\/100\n|turn|8\n|\n|t:|1700805168\n|-terastallize|p2a: West-Nile|Electric\n|move|p1a: Gorebyss|Psychic|p2a: West-Nile\n|-damage|p2a: West-Nile|0 fnt\n|faint|p2a: West-Nile\n|-damage|p1a: Gorebyss|51\/100|[from] item: Life Orb\n|\n|-weather|none\n|upkeep\n|\n|t:|1700805170\n|switch|p2a: Ace|Accelgor, F|100\/100\n|turn|9\n|\n|t:|1700805181\n|move|p1a: Gorebyss|Surf|p2a: Ace\n|-damage|p2a: Ace|0 fnt\n|faint|p2a: Ace\n|-damage|p1a: Gorebyss|41\/100|[from] item: Life Orb\n|\n|win|Idkwhat237\n|raw|Idkwhat237's rating: 1176 &rarr; <strong>1201<\/strong><br \/>(+25 for winning)\n|raw|Greedy Monarch's rating: 1172 &rarr; <strong>1147<\/strong><br \/>(-25 for losing)\n|l|\u2606Greedy Monarch\n","uploadtime":1700805197,"views":4,"p1id":"idkwhat237","p2id":"greedymonarch","formatid":"gen9nationaldex","rating":1147,"private":0,"password":""}