{"id":"gen9nationaldex-1995902161","p1":"LBSD","p2":"sampl_txt","format":"[Gen 9] National Dex","log":"|html|<div class=\"broadcast-blue\"><strong>[Gen 9] National Dex is currently suspecting Sneasler! For information on how to participate check out the <a href=\"https:\/\/www.smogon.com\/forums\/threads\/sv-national-dex-suspect-8-just-dance.3731534\/\">suspect thread<\/a>.<\/strong><\/div>\n|j|\u203dLBSD\n|j|\u2606sampl_txt\n|t:|1700615463\n|gametype|singles\n|player|p1|LBSD|cynthia-gen4|1516\n|player|p2|sampl_txt|fisherman-gen3|1530\n|teamsize|p1|6\n|teamsize|p2|6\n|gen|9\n|tier|[Gen 9] National Dex\n|rated|\n|rule|HP Percentage Mod: HP is shown in percentages\n|rule|Endless Battle Clause: Forcing endless battles is banned\n|rule|OHKO Clause: OHKO moves are banned\n|rule|Evasion Clause: Evasion abilities, items, and moves are banned\n|rule|Evasion Abilities Clause: Evasion abilities are banned\n|rule|Evasion Items Clause: Evasion items are banned\n|rule|Evasion Moves Clause: Evasion moves are banned\n|rule|Species Clause: Limit one of each Pok\u00e9mon\n|rule|Sleep Clause Mod: Limit one foe put to sleep\n|clearpoke\n|poke|p1|Cresselia, F|\n|poke|p1|Crawdaunt, F|\n|poke|p1|Hatterene, F|\n|poke|p1|Armarouge, M|\n|poke|p1|Heracross, M|\n|poke|p1|Slowking-Galar, F|\n|poke|p2|Infernape, M|\n|poke|p2|Tapu Lele|\n|poke|p2|Great Tusk|\n|poke|p2|Ting-Lu|\n|poke|p2|Sneasler, M|\n|poke|p2|Beedrill, M|\n|teampreview\n|inactive|Battle timer is ON: inactive players will automatically lose when time's up. (requested by LBSD)\n|\n|t:|1700615476\n|start\n|switch|p1a: Slowking|Slowking-Galar, F|100\/100\n|switch|p2a: Beedrill|Beedrill, M|100\/100\n|turn|1\n|\n|t:|1700615485\n|detailschange|p2a: Beedrill|Beedrill-Mega, M\n|-mega|p2a: Beedrill|Beedrill|Beedrillite\n|move|p2a: Beedrill|U-turn|p1a: Slowking\n|-damage|p1a: Slowking|63\/100\n|\n|t:|1700615487\n|switch|p2a: Ting-Lu|Ting-Lu|100\/100|[from] U-turn\n|-ability|p2a: Ting-Lu|Vessel of Ruin\n|move|p1a: Slowking|Trick Room|p1a: Slowking\n|-fieldstart|move: Trick Room|[of] p1a: Slowking\n|\n|upkeep\n|turn|2\n|\n|t:|1700615496\n|move|p1a: Slowking|Chilly Reception|p1a: Slowking\n|-weather|Snow\n|\n|t:|1700615504\n|switch|p1a: Heracross|Heracross, M|100\/100|[from] Chilly Reception\n|move|p2a: Ting-Lu|Earthquake|p1a: Heracross\n|-resisted|p1a: Heracross\n|-damage|p1a: Heracross|78\/100\n|\n|-weather|Snow|[upkeep]\n|upkeep\n|turn|3\n|\n|t:|1700615514\n|switch|p2a: Great Tusk|Great Tusk|100\/100\n|detailschange|p1a: Heracross|Heracross-Mega, M\n|-mega|p1a: Heracross|Heracross|Heracronite\n|move|p1a: Heracross|Swords Dance|p1a: Heracross\n|-boost|p1a: Heracross|atk|2\n|\n|-weather|Snow|[upkeep]\n|upkeep\n|turn|4\n|\n|t:|1700615526\n|-end|p2a: Great Tusk|Protosynthesis|[silent]\n|switch|p2a: Infernape|Infernape, M|100\/100\n|move|p1a: Heracross|Close Combat|p2a: Infernape\n|-damage|p2a: Infernape|0 fnt\n|-unboost|p1a: Heracross|def|1\n|-unboost|p1a: Heracross|spd|1\n|faint|p2a: Infernape\n|\n|-weather|Snow|[upkeep]\n|upkeep\n|\n|t:|1700615532\n|switch|p2a: Great Tusk|Great Tusk|100\/100\n|turn|5\n|\n|t:|1700615538\n|move|p1a: Heracross|Close Combat|p2a: Great Tusk\n|-damage|p2a: Great Tusk|15\/100\n|-unboost|p1a: Heracross|def|1\n|-unboost|p1a: Heracross|spd|1\n|move|p2a: Great Tusk|Stealth Rock|p1a: Heracross\n|-sidestart|p1: LBSD|move: Stealth Rock\n|\n|-weather|Snow|[upkeep]\n|-heal|p2a: Great Tusk|21\/100|[from] item: Leftovers\n|-fieldend|move: Trick Room\n|upkeep\n|turn|6\n|\n|t:|1700615557\n|-end|p2a: Great Tusk|Protosynthesis|[silent]\n|switch|p2a: Beedrill|Beedrill-Mega, M|100\/100\n|switch|p1a: Hatterene|Hatterene, F|100\/100\n|-damage|p1a: Hatterene|88\/100|[from] Stealth Rock\n|\n|-weather|none\n|upkeep\n|turn|7\n|\n|t:|1700615571\n|switch|p1a: Slowking|Slowking-Galar, F|96\/100\n|-damage|p1a: Slowking|84\/100|[from] Stealth Rock\n|move|p2a: Beedrill|Poison Jab|p1a: Slowking\n|-resisted|p1a: Slowking\n|-damage|p1a: Slowking|61\/100\n|\n|upkeep\n|turn|8\n|\n|t:|1700615589\n|move|p2a: Beedrill|Knock Off|p1a: Slowking\n|-supereffective|p1a: Slowking\n|-damage|p1a: Slowking|7\/100\n|-enditem|p1a: Slowking|Focus Sash|[from] move: Knock Off|[of] p2a: Beedrill\n|move|p1a: Slowking|Trick Room|p1a: Slowking\n|-fieldstart|move: Trick Room|[of] p1a: Slowking\n|\n|upkeep\n|turn|9\n|\n|t:|1700615596\n|switch|p2a: Ting-Lu|Ting-Lu|100\/100\n|-ability|p2a: Ting-Lu|Vessel of Ruin\n|move|p1a: Slowking|Flamethrower|p2a: Ting-Lu\n|-damage|p2a: Ting-Lu|92\/100\n|-status|p2a: Ting-Lu|brn\n|\n|-heal|p2a: Ting-Lu|98\/100 brn|[from] item: Leftovers\n|-damage|p2a: Ting-Lu|92\/100 brn|[from] brn\n|upkeep\n|turn|10\n|\n|t:|1700615612\n|move|p1a: Slowking|Chilly Reception|p1a: Slowking\n|-weather|Snow\n|\n|t:|1700615623\n|switch|p1a: Crawdaunt|Crawdaunt, F|100\/100|[from] Chilly Reception\n|-damage|p1a: Crawdaunt|88\/100|[from] Stealth Rock\n|move|p2a: Ting-Lu|Spikes|p1a: Crawdaunt\n|-sidestart|p1: LBSD|Spikes\n|\n|-weather|Snow|[upkeep]\n|-heal|p2a: Ting-Lu|98\/100 brn|[from] item: Leftovers\n|-damage|p2a: Ting-Lu|92\/100 brn|[from] brn\n|upkeep\n|turn|11\n|\n|t:|1700615634\n|move|p2a: Ting-Lu|Ruination|p1a: Crawdaunt\n|-damage|p1a: Crawdaunt|44\/100\n|move|p1a: Crawdaunt|Crabhammer|p2a: Ting-Lu\n|-supereffective|p2a: Ting-Lu\n|-damage|p2a: Ting-Lu|0 fnt\n|faint|p2a: Ting-Lu\n|-damage|p1a: Crawdaunt|34\/100|[from] item: Life Orb\n|\n|-weather|Snow|[upkeep]\n|upkeep\n|\n|t:|1700615638\n|switch|p2a: Great Tusk|Great Tusk|21\/100\n|turn|12\n|\n|t:|1700615649\n|-end|p2a: Great Tusk|Protosynthesis|[silent]\n|switch|p2a: Tapu Lele|Tapu Lele|100\/100\n|-fieldstart|move: Psychic Terrain|[from] ability: Psychic Surge|[of] p2a: Tapu Lele\n|move|p1a: Crawdaunt|Crabhammer|p2a: Tapu Lele\n|-damage|p2a: Tapu Lele|0 fnt\n|faint|p2a: Tapu Lele\n|-damage|p1a: Crawdaunt|24\/100|[from] item: Life Orb\n|\n|-weather|Snow|[upkeep]\n|-fieldend|move: Trick Room\n|upkeep\n|\n|t:|1700615650\n|switch|p2a: Beedrill|Beedrill-Mega, M|100\/100\n|turn|13\n|\n|t:|1700615663\n|move|p1a: Crawdaunt|Aqua Jet|p2a: Beedrill\n|-activate|p2a: Beedrill|move: Psychic Terrain\n|move|p2a: Beedrill|Fell Stinger|p1a: Crawdaunt\n|-supereffective|p1a: Crawdaunt\n|-damage|p1a: Crawdaunt|0 fnt\n|faint|p1a: Crawdaunt\n|-boost|p2a: Beedrill|atk|3\n|\n|-weather|Snow|[upkeep]\n|upkeep\n|inactive|LBSD has 120 seconds left.\n|\n|t:|1700615686\n|switch|p1a: Cresselia|Cresselia, F|100\/100\n|-damage|p1a: Cresselia|88\/100|[from] Stealth Rock\n|turn|14\n|\n|t:|1700615696\n|move|p2a: Beedrill|Fell Stinger|p1a: Cresselia\n|-supereffective|p1a: Cresselia\n|-damage|p1a: Cresselia|0 fnt\n|faint|p1a: Cresselia\n|-boost|p2a: Beedrill|atk|3\n|\n|-weather|none\n|upkeep\n|\n|t:|1700615705\n|switch|p1a: Heracross|Heracross-Mega, M|78\/100\n|-damage|p1a: Heracross|66\/100|[from] Stealth Rock\n|-damage|p1a: Heracross|53\/100|[from] Spikes\n|turn|15\n|-message|LBSD forfeited.\n|\n|win|sampl_txt\n|raw|LBSD's rating: 1516 &rarr; <strong>1497<\/strong><br \/>(-19 for losing)\n|raw|sampl_txt's rating: 1530 &rarr; <strong>1549<\/strong><br \/>(+19 for winning)\n|l|\u203dLBSD\n","uploadtime":1700615715,"views":0,"p1id":"lbsd","p2id":"sampltxt","formatid":"gen9nationaldex","rating":1497,"private":0,"password":""}