{"id":"gen9nationaldex-1992680809","p1":"shiyv","p2":"wwaaa","format":"[Gen 9] National Dex","log":"|j|\u2606shiyv\n|j|\u2606wwaaa\n|t:|1700224522\n|gametype|singles\n|player|p1|shiyv|wallace|1644\n|player|p2|wwaaa|lillie-masters|1672\n|teamsize|p1|6\n|teamsize|p2|6\n|gen|9\n|tier|[Gen 9] National Dex\n|rated|\n|rule|HP Percentage Mod: HP is shown in percentages\n|rule|Endless Battle Clause: Forcing endless battles is banned\n|rule|OHKO Clause: OHKO moves are banned\n|rule|Evasion Clause: Evasion abilities, items, and moves are banned\n|rule|Evasion Abilities Clause: Evasion abilities are banned\n|rule|Evasion Items Clause: Evasion items are banned\n|rule|Evasion Moves Clause: Evasion moves are banned\n|rule|Species Clause: Limit one of each Pok\u00e9mon\n|rule|Sleep Clause Mod: Limit one foe put to sleep\n|clearpoke\n|poke|p1|Iron Valiant|\n|poke|p1|Dragonite, M|\n|poke|p1|Tyranitar, F|\n|poke|p1|Moltres|\n|poke|p1|Volcanion|\n|poke|p1|Glimmora, F|\n|poke|p2|Weavile, M|\n|poke|p2|Zamazenta-*|\n|poke|p2|Banette, M|\n|poke|p2|Dragonite, M|\n|poke|p2|Slowking-Galar, M|\n|poke|p2|Ferrothorn, F|\n|teampreview\n|inactive|Battle timer is ON: inactive players will automatically lose when time's up. (requested by shiyv)\n|\n|t:|1700224535\n|start\n|switch|p1a: Moltres|Moltres|100\/100\n|switch|p2a: Ferrothorn|Ferrothorn, F|100\/100\n|turn|1\n|\n|t:|1700224540\n|switch|p2a: Slowking|Slowking-Galar, M|100\/100\n|move|p1a: Moltres|Flamethrower|p2a: Slowking\n|-damage|p2a: Slowking|77\/100\n|\n|upkeep\n|turn|2\n|\n|t:|1700224547\n|move|p1a: Moltres|U-turn|p2a: Slowking\n|-damage|p2a: Slowking|61\/100\n|\n|t:|1700224551\n|switch|p1a: Glimmora|Glimmora, F|100\/100|[from] U-turn\n|move|p2a: Slowking|Future Sight|p1a: Glimmora\n|-start|p2a: Slowking|move: Future Sight\n|\n|upkeep\n|turn|3\n|\n|t:|1700224558\n|move|p1a: Glimmora|Stealth Rock|p2a: Slowking\n|-sidestart|p2: wwaaa|move: Stealth Rock\n|move|p2a: Slowking|Chilly Reception|p2a: Slowking\n|-weather|Snow\n|\n|t:|1700224561\n|switch|p2a: Ferrothorn|Ferrothorn, F|100\/100|[from] Chilly Reception\n|-damage|p2a: Ferrothorn|94\/100|[from] Stealth Rock\n|\n|-weather|Snow|[upkeep]\n|-heal|p2a: Ferrothorn|100\/100|[from] item: Leftovers\n|upkeep\n|turn|4\n|\n|t:|1700224568\n|switch|p1a: Tyranitar|Tyranitar, F|100\/100\n|-weather|Sandstorm|[from] ability: Sand Stream|[of] p1a: Tyranitar\n|move|p2a: Ferrothorn|Leech Seed|p1a: Tyranitar\n|-start|p1a: Tyranitar|move: Leech Seed\n|\n|-weather|Sandstorm|[upkeep]\n|-end|p1a: Tyranitar|move: Future Sight\n|-immune|p1a: Tyranitar\n|-damage|p1a: Tyranitar|88\/100|[from] Leech Seed|[of] p2a: Ferrothorn\n|upkeep\n|turn|5\n|\n|t:|1700224580\n|detailschange|p1a: Tyranitar|Tyranitar-Mega, F\n|-mega|p1a: Tyranitar|Tyranitar|Tyranitarite\n|move|p1a: Tyranitar|Knock Off|p2a: Ferrothorn\n|-damage|p2a: Ferrothorn|55\/100\n|-damage|p1a: Tyranitar|76\/100|[from] ability: Iron Barbs|[of] p2a: Ferrothorn\n|-enditem|p2a: Ferrothorn|Leftovers|[from] move: Knock Off|[of] p1a: Tyranitar\n|move|p2a: Ferrothorn|Stealth Rock|p1a: Tyranitar\n|-sidestart|p1: shiyv|move: Stealth Rock\n|\n|-weather|Sandstorm|[upkeep]\n|-damage|p1a: Tyranitar|63\/100|[from] Leech Seed|[of] p2a: Ferrothorn\n|-heal|p2a: Ferrothorn|68\/100|[silent]\n|upkeep\n|turn|6\n|\n|t:|1700224592\n|switch|p1a: Moltres|Moltres|100\/100\n|move|p2a: Ferrothorn|Gyro Ball|p1a: Moltres\n|-resisted|p1a: Moltres\n|-damage|p1a: Moltres|85\/100\n|\n|-weather|Sandstorm|[upkeep]\n|-damage|p1a: Moltres|79\/100|[from] Sandstorm\n|upkeep\n|turn|7\n|\n|t:|1700224602\n|switch|p2a: Slowking|Slowking-Galar, M|94\/100\n|move|p1a: Moltres|U-turn|p2a: Slowking\n|-damage|p2a: Slowking|80\/100\n|\n|t:|1700224608\n|switch|p1a: Tyranitar|Tyranitar-Mega, F|63\/100|[from] U-turn\n|-damage|p1a: Tyranitar|51\/100|[from] Stealth Rock\n|\n|-weather|Sandstorm|[upkeep]\n|-damage|p2a: Slowking|74\/100|[from] Sandstorm\n|upkeep\n|turn|8\n|\n|t:|1700224616\n|move|p1a: Tyranitar|Pursuit|p2a: Slowking\n|-supereffective|p2a: Slowking\n|-damage|p2a: Slowking|15\/100\n|move|p2a: Slowking|Chilly Reception|p2a: Slowking\n|-weather|Snow\n|\n|t:|1700224629\n|switch|p2a: Dragonite|Dragonite, M|100\/100|[from] Chilly Reception\n|\n|-weather|Snow|[upkeep]\n|upkeep\n|turn|9\n|\n|t:|1700224635\n|move|p2a: Dragonite|Earthquake|p1a: Tyranitar\n|-supereffective|p1a: Tyranitar\n|-damage|p1a: Tyranitar|4\/100\n|move|p1a: Tyranitar|Ice Punch|p2a: Dragonite\n|-supereffective|p2a: Dragonite\n|-damage|p2a: Dragonite|26\/100\n|\n|-weather|Snow|[upkeep]\n|upkeep\n|turn|10\n|\n|t:|1700224641\n|switch|p1a: Moltres|Moltres|79\/100\n|move|p2a: Dragonite|Extreme Speed|p1a: Moltres\n|-damage|p1a: Moltres|55\/100\n|\n|-weather|Snow|[upkeep]\n|upkeep\n|turn|11\n|\n|t:|1700224650\n|move|p2a: Dragonite|Roost|p2a: Dragonite\n|-heal|p2a: Dragonite|76\/100\n|-singleturn|p2a: Dragonite|move: Roost\n|move|p1a: Moltres|Roost|p1a: Moltres\n|-heal|p1a: Moltres|100\/100\n|-singleturn|p1a: Moltres|move: Roost\n|\n|-weather|Snow|[upkeep]\n|upkeep\n|turn|12\n|\n|t:|1700224671\n|switch|p2a: Slowking|Slowking-Galar, M|48\/100\n|move|p1a: Moltres|Defog|p2a: Slowking\n|-unboost|p2a: Slowking|evasion|1\n|-sideend|p2: wwaaa|Stealth Rock|[from] move: Defog|[of] p1a: Moltres\n|-sideend|p1: shiyv|Stealth Rock|[from] move: Defog|[of] p1a: Moltres\n|\n|-weather|none\n|upkeep\n|turn|13\n|\n|t:|1700224680\n|move|p1a: Moltres|U-turn|p2a: Slowking\n|-damage|p2a: Slowking|33\/100\n|\n|t:|1700224683\n|switch|p1a: Glimmora|Glimmora, F|100\/100|[from] U-turn\n|move|p2a: Slowking|Chilly Reception|p2a: Slowking\n|-weather|Snow\n|\n|t:|1700224688\n|switch|p2a: Ferrothorn|Ferrothorn, F|68\/100|[from] Chilly Reception\n|\n|-weather|Snow|[upkeep]\n|upkeep\n|turn|14\n|\n|t:|1700224696\n|switch|p1a: Volcanion|Volcanion|100\/100\n|move|p2a: Ferrothorn|Stealth Rock|p1a: Volcanion\n|-sidestart|p1: shiyv|move: Stealth Rock\n|\n|-weather|Snow|[upkeep]\n|upkeep\n|turn|15\n|\n|t:|1700224706\n|switch|p2a: Dragonite|Dragonite, M|76\/100\n|move|p1a: Volcanion|Steam Eruption|p2a: Dragonite\n|-resisted|p2a: Dragonite\n|-damage|p2a: Dragonite|42\/100\n|\n|-weather|Snow|[upkeep]\n|upkeep\n|turn|16\n|\n|t:|1700224715\n|switch|p1a: Moltres|Moltres|100\/100\n|move|p2a: Dragonite|Earthquake|p1a: Moltres\n|-immune|p1a: Moltres\n|\n|-weather|Snow|[upkeep]\n|upkeep\n|turn|17\n|\n|t:|1700224724\n|switch|p2a: Slowking|Slowking-Galar, M|66\/100\n|move|p1a: Moltres|Defog|p2a: Slowking\n|-unboost|p2a: Slowking|evasion|1\n|-sideend|p1: shiyv|Stealth Rock|[from] move: Defog|[of] p1a: Moltres\n|\n|-weather|none\n|upkeep\n|turn|18\n|\n|t:|1700224727\n|move|p1a: Moltres|U-turn|p2a: Slowking\n|-damage|p2a: Slowking|51\/100\n|\n|t:|1700224732\n|switch|p1a: Tyranitar|Tyranitar-Mega, F|4\/100|[from] U-turn\n|-weather|Sandstorm|[from] ability: Sand Stream|[of] p1a: Tyranitar\n|move|p2a: Slowking|Chilly Reception|p2a: Slowking\n|-weather|Snow\n|\n|t:|1700224746\n|switch|p2a: Weavile|Weavile, M|100\/100|[from] Chilly Reception\n|-ability|p2a: Weavile|Pressure\n|\n|-weather|Snow|[upkeep]\n|upkeep\n|turn|19\n|\n|t:|1700224757\n|move|p2a: Weavile|Knock Off|p1a: Tyranitar\n|-resisted|p1a: Tyranitar\n|-crit|p1a: Tyranitar\n|-damage|p1a: Tyranitar|0 fnt\n|faint|p1a: Tyranitar\n|\n|-weather|Snow|[upkeep]\n|upkeep\n|\n|t:|1700224764\n|switch|p1a: Glimmora|Glimmora, F|100\/100\n|turn|20\n|\n|t:|1700224771\n|move|p2a: Weavile|Knock Off|p1a: Glimmora\n|-damage|p1a: Glimmora|18\/100\n|-activate|p1a: Glimmora|ability: Toxic Debris\n|-sidestart|p2: wwaaa|move: Toxic Spikes\n|-enditem|p1a: Glimmora|Focus Sash|[from] move: Knock Off|[of] p2a: Weavile\n|move|p1a: Glimmora|Power Gem|p2a: Weavile\n|-supereffective|p2a: Weavile\n|-damage|p2a: Weavile|0 fnt\n|faint|p2a: Weavile\n|\n|-weather|Snow|[upkeep]\n|upkeep\n|\n|t:|1700224779\n|switch|p2a: Slowking|Slowking-Galar, M|85\/100\n|-sideend|p2: wwaaa|move: Toxic Spikes|[of] p2a: Slowking\n|turn|21\n|\n|t:|1700224788\n|move|p1a: Glimmora|Stealth Rock|p2a: Slowking\n|-sidestart|p2: wwaaa|move: Stealth Rock\n|move|p2a: Slowking|Toxic Spikes|p1a: Glimmora\n|-sidestart|p1: shiyv|move: Toxic Spikes\n|\n|-weather|Snow|[upkeep]\n|upkeep\n|turn|22\n|\n|t:|1700224799\n|switch|p1a: Moltres|Moltres|100\/100\n|move|p2a: Slowking|Sludge Bomb|p1a: Moltres\n|-damage|p1a: Moltres|65\/100\n|-status|p1a: Moltres|psn\n|\n|-weather|none\n|-damage|p1a: Moltres|53\/100 psn|[from] psn\n|upkeep\n|turn|23\n|\n|t:|1700224808\n|move|p1a: Moltres|U-turn|p2a: Slowking\n|-damage|p2a: Slowking|69\/100\n|\n|t:|1700224811\n|switch|p1a: Glimmora|Glimmora, F|18\/100|[from] U-turn\n|-sideend|p1: shiyv|move: Toxic Spikes|[of] p1a: Glimmora\n|move|p2a: Slowking|Future Sight|p1a: Glimmora\n|-start|p2a: Slowking|move: Future Sight\n|\n|upkeep\n|turn|24\n|\n|t:|1700224814\n|move|p1a: Glimmora|Earth Power|p2a: Slowking\n|-supereffective|p2a: Slowking\n|-damage|p2a: Slowking|32\/100\n|move|p2a: Slowking|Toxic Spikes|p1a: Glimmora\n|-sidestart|p1: shiyv|move: Toxic Spikes\n|\n|upkeep\n|turn|25\n|\n|t:|1700224819\n|switch|p2a: Dragonite|Dragonite, M|42\/100\n|move|p1a: Glimmora|Mortal Spin|p2a: Dragonite\n|-damage|p2a: Dragonite|35\/100\n|-status|p2a: Dragonite|psn\n|-sideend|p1: shiyv|Toxic Spikes|[from] move: Mortal Spin|[of] p1a: Glimmora\n|\n|-end|p1a: Glimmora|move: Future Sight\n|-supereffective|p1a: Glimmora\n|-damage|p1a: Glimmora|0 fnt\n|faint|p1a: Glimmora\n|-damage|p2a: Dragonite|23\/100 psn|[from] psn\n|upkeep\n|\n|t:|1700224824\n|switch|p1a: Dragonite|Dragonite, M|100\/100\n|turn|26\n|\n|t:|1700224834\n|switch|p2a: Banette|Banette, M|100\/100\n|-damage|p2a: Banette|88\/100|[from] Stealth Rock\n|-item|p1a: Dragonite|Choice Band|[from] ability: Frisk|[of] p2a: Banette|[identify]\n|move|p1a: Dragonite|Fire Punch|p2a: Banette\n|-damage|p2a: Banette|12\/100\n|\n|upkeep\n|turn|27\n|\n|t:|1700224842\n|switch|p1a: Moltres|Moltres|53\/100 psn\n|detailschange|p2a: Banette|Banette-Mega, M\n|-mega|p2a: Banette|Banette|Banettite\n|move|p2a: Banette|Destiny Bond|p2a: Banette\n|-singlemove|p2a: Banette|Destiny Bond\n|\n|-damage|p1a: Moltres|41\/100 psn|[from] psn\n|upkeep\n|turn|28\n|\n|t:|1700224847\n|move|p1a: Moltres|Flamethrower|p2a: Banette\n|-damage|p2a: Banette|0 fnt\n|faint|p2a: Banette\n|-activate|p2a: Banette|move: Destiny Bond\n|faint|p1a: Moltres\n|\n|upkeep\n|\n|t:|1700224869\n|switch|p1a: Dragonite|Dragonite, M|100\/100\n|switch|p2a: Dragonite|Dragonite, M|23\/100 psn\n|turn|29\n|inactive|shiyv has 120 seconds left.\n|\n|t:|1700224895\n|move|p2a: Dragonite|Extreme Speed|p1a: Dragonite\n|-damage|p1a: Dragonite|84\/100\n|move|p1a: Dragonite|Fire Punch|p2a: Dragonite\n|-resisted|p2a: Dragonite\n|-damage|p2a: Dragonite|0 fnt\n|faint|p2a: Dragonite\n|\n|upkeep\n|\n|t:|1700224902\n|switch|p2a: Zamazenta|Zamazenta|100\/100\n|-damage|p2a: Zamazenta|94\/100|[from] Stealth Rock\n|-ability|p2a: Zamazenta|Dauntless Shield|boost\n|-boost|p2a: Zamazenta|def|1\n|turn|30\n|\n|t:|1700224906\n|switch|p1a: Iron Valiant|Iron Valiant|100\/100\n|move|p2a: Zamazenta|Iron Defense|p2a: Zamazenta\n|-boost|p2a: Zamazenta|def|2\n|\n|upkeep\n|turn|31\n|\n|t:|1700224912\n|move|p2a: Zamazenta|Heavy Slam|p1a: Iron Valiant\n|-supereffective|p1a: Iron Valiant\n|-crit|p1a: Iron Valiant\n|-damage|p1a: Iron Valiant|0 fnt\n|faint|p1a: Iron Valiant\n|-end|p1a: Iron Valiant|Quark Drive|[silent]\n|\n|upkeep\n|\n|t:|1700224916\n|switch|p1a: Volcanion|Volcanion|100\/100\n|turn|32\n|\n|t:|1700224925\n|move|p2a: Zamazenta|Body Press|p1a: Volcanion\n|-damage|p1a: Volcanion|18\/100\n|move|p1a: Volcanion|Steam Eruption|p2a: Zamazenta\n|-damage|p2a: Zamazenta|39\/100\n|\n|upkeep\n|turn|33\n|\n|t:|1700224930\n|move|p2a: Zamazenta|Body Press|p1a: Volcanion\n|-damage|p1a: Volcanion|0 fnt\n|faint|p1a: Volcanion\n|\n|upkeep\n|\n|t:|1700224933\n|switch|p1a: Dragonite|Dragonite, M|84\/100\n|turn|34\n|\n|t:|1700224943\n|move|p2a: Zamazenta|Iron Defense|p2a: Zamazenta\n|-boost|p2a: Zamazenta|def|2\n|move|p1a: Dragonite|Earthquake|p2a: Zamazenta\n|-damage|p2a: Zamazenta|26\/100\n|\n|upkeep\n|turn|35\n|\n|t:|1700224952\n|move|p2a: Zamazenta|Rest|p2a: Zamazenta\n|-status|p2a: Zamazenta|slp|[from] move: Rest\n|-heal|p2a: Zamazenta|100\/100 slp|[silent]\n|-enditem|p2a: Zamazenta|Chesto Berry|[eat]\n|-curestatus|p2a: Zamazenta|slp|[msg]\n|move|p1a: Dragonite|Earthquake|p2a: Zamazenta\n|-damage|p2a: Zamazenta|88\/100\n|\n|upkeep\n|turn|36\n|-message|shiyv forfeited.\n|\n|win|wwaaa\n|raw|shiyv's rating: 1644 &rarr; <strong>1626<\/strong><br \/>(-18 for losing)\n|raw|wwaaa's rating: 1672 &rarr; <strong>1690<\/strong><br \/>(+18 for winning)\n|l|\u2606shiyv\n","uploadtime":1700224972,"views":6,"p1id":"shiyv","p2id":"wwaaa","formatid":"gen9nationaldex","rating":1626,"private":0,"password":""}