{"id":"gen9nationaldex-1993812263","p1":"kuuuze","p2":"wolfgang Ni","format":"[Gen 9] National Dex","log":"|j|\u2606kuuuze\n|j|\u2606wolfgang Ni\n|t:|1700360314\n|gametype|singles\n|player|p1|kuuuze|cheren-gen5bw2|1032\n|player|p2|wolfgang Ni|biker-gen4|1053\n|teamsize|p1|6\n|teamsize|p2|6\n|gen|9\n|tier|[Gen 9] National Dex\n|rated|\n|rule|HP Percentage Mod: HP is shown in percentages\n|rule|Endless Battle Clause: Forcing endless battles is banned\n|rule|OHKO Clause: OHKO moves are banned\n|rule|Evasion Clause: Evasion abilities, items, and moves are banned\n|rule|Evasion Abilities Clause: Evasion abilities are banned\n|rule|Evasion Items Clause: Evasion items are banned\n|rule|Evasion Moves Clause: Evasion moves are banned\n|rule|Species Clause: Limit one of each Pok\u00e9mon\n|rule|Sleep Clause Mod: Limit one foe put to sleep\n|clearpoke\n|poke|p1|Audino, F|\n|poke|p1|Scolipede, M|\n|poke|p1|Delphox, F|\n|poke|p1|Krookodile, F|\n|poke|p1|Aegislash, M|\n|poke|p1|Ditto|\n|poke|p2|Kingdra, F|\n|poke|p2|Cradily, F|\n|poke|p2|Aegislash, M|\n|poke|p2|Talonflame, F|\n|poke|p2|Gallade, M|\n|poke|p2|Kleavor, M|\n|teampreview\n|\n|t:|1700360330\n|start\n|switch|p1a: Kroko|Krookodile, F|100\/100\n|switch|p2a: Kleavor|Kleavor, M|100\/100\n|-ability|p1a: Kroko|Intimidate|boost\n|-unboost|p2a: Kleavor|atk|1\n|turn|1\n|\n|t:|1700360369\n|move|p2a: Kleavor|Stone Axe|p1a: Kroko\n|-resisted|p1a: Kroko\n|-damage|p1a: Kroko|86\/100\n|-sidestart|p1: kuuuze|move: Stealth Rock\n|move|p1a: Kroko|Earthquake|p2a: Kleavor\n|-damage|p2a: Kleavor|37\/100\n|\n|-heal|p1a: Kroko|92\/100|[from] item: Leftovers\n|upkeep\n|turn|2\n|\n|t:|1700360396\n|switch|p1a: Courtesy Call|Audino, F|100\/100\n|-damage|p1a: Courtesy Call|88\/100|[from] Stealth Rock\n|-zpower|p2a: Kleavor\n|move|p2a: Kleavor|Continental Crush|p1a: Courtesy Call|[zeffect]\n|-damage|p1a: Courtesy Call|56\/100\n|\n|-heal|p1a: Courtesy Call|62\/100|[from] item: Leftovers\n|upkeep\n|turn|3\n|\n|t:|1700360411\n|move|p2a: Kleavor|Psycho Cut|p1a: Courtesy Call\n|-damage|p1a: Courtesy Call|41\/100\n|move|p1a: Courtesy Call|Calm Mind|p1a: Courtesy Call\n|-boost|p1a: Courtesy Call|spa|1\n|-boost|p1a: Courtesy Call|spd|1\n|\n|-heal|p1a: Courtesy Call|48\/100|[from] item: Leftovers\n|upkeep\n|turn|4\n|\n|t:|1700360423\n|move|p2a: Kleavor|U-turn|p1a: Courtesy Call\n|-damage|p1a: Courtesy Call|29\/100\n|\n|t:|1700360430\n|switch|p2a: Gallade|Gallade, M|100\/100|[from] U-turn\n|move|p1a: Courtesy Call|Yawn|p2a: Gallade\n|-start|p2a: Gallade|move: Yawn|[of] p1a: Courtesy Call\n|\n|-heal|p1a: Courtesy Call|35\/100|[from] item: Leftovers\n|upkeep\n|turn|5\n|\n|t:|1700360446\n|detailschange|p2a: Gallade|Gallade-Mega, M\n|-mega|p2a: Gallade|Gallade|Galladite\n|-terastallize|p1a: Courtesy Call|Fairy\n|move|p2a: Gallade|Drain Punch|p1a: Courtesy Call\n|-resisted|p1a: Courtesy Call\n|-damage|p1a: Courtesy Call|16\/100\n|move|p1a: Courtesy Call|Calm Mind|p1a: Courtesy Call\n|-boost|p1a: Courtesy Call|spa|1\n|-boost|p1a: Courtesy Call|spd|1\n|\n|-heal|p1a: Courtesy Call|22\/100|[from] item: Leftovers\n|-end|p2a: Gallade|move: Yawn|[silent]\n|-status|p2a: Gallade|slp\n|upkeep\n|turn|6\n|\n|t:|1700360469\n|cant|p2a: Gallade|slp\n|move|p1a: Courtesy Call|Draining Kiss|p2a: Gallade\n|-supereffective|p2a: Gallade\n|-damage|p2a: Gallade|48\/100 slp\n|-heal|p1a: Courtesy Call|50\/100|[from] drain|[of] p2a: Gallade\n|\n|-heal|p1a: Courtesy Call|56\/100|[from] item: Leftovers\n|upkeep\n|turn|7\n|\n|t:|1700360478\n|switch|p2a: Aegislash|Aegislash, M|100\/100\n|move|p1a: Courtesy Call|Calm Mind|p1a: Courtesy Call\n|-boost|p1a: Courtesy Call|spa|1\n|-boost|p1a: Courtesy Call|spd|1\n|\n|-heal|p1a: Courtesy Call|62\/100|[from] item: Leftovers\n|upkeep\n|turn|8\n|\n|t:|1700360496\n|-formechange|p2a: Aegislash|Aegislash-Blade||[from] ability: Stance Change\n|move|p2a: Aegislash|Flash Cannon|p1a: Courtesy Call\n|-supereffective|p1a: Courtesy Call\n|-damage|p1a: Courtesy Call|43\/100\n|move|p1a: Courtesy Call|Calm Mind|p1a: Courtesy Call\n|-boost|p1a: Courtesy Call|spa|1\n|-boost|p1a: Courtesy Call|spd|1\n|\n|-heal|p1a: Courtesy Call|49\/100|[from] item: Leftovers\n|upkeep\n|turn|9\n|\n|t:|1700360506\n|-formechange|p2a: Aegislash|Aegislash||[from] ability: Stance Change\n|move|p2a: Aegislash|King's Shield|p2a: Aegislash\n|-singleturn|p2a: Aegislash|Protect\n|move|p1a: Courtesy Call|Yawn|p2a: Aegislash\n|-start|p2a: Aegislash|move: Yawn|[of] p1a: Courtesy Call\n|\n|-heal|p1a: Courtesy Call|55\/100|[from] item: Leftovers\n|upkeep\n|turn|10\n|\n|t:|1700360522\n|-terastallize|p2a: Aegislash|Steel\n|-formechange|p2a: Aegislash|Aegislash-Blade||[from] ability: Stance Change\n|move|p2a: Aegislash|Flash Cannon|p1a: Courtesy Call\n|-supereffective|p1a: Courtesy Call\n|-damage|p1a: Courtesy Call|32\/100\n|move|p1a: Courtesy Call|Draining Kiss|p2a: Aegislash\n|-resisted|p2a: Aegislash\n|-damage|p2a: Aegislash|71\/100\n|-heal|p1a: Courtesy Call|49\/100|[from] drain|[of] p2a: Aegislash\n|\n|-heal|p2a: Aegislash|77\/100|[from] item: Leftovers\n|-heal|p1a: Courtesy Call|55\/100|[from] item: Leftovers\n|-end|p2a: Aegislash|move: Yawn|[silent]\n|-message|Sleep Clause Mod activated.\n|-hint|Sleep Clause Mod prevents players from putting more than one of their opponent's Pok\u00e9mon to sleep at a time\n|upkeep\n|turn|11\n|\n|t:|1700360542\n|-formechange|p2a: Aegislash|Aegislash||[from] ability: Stance Change\n|move|p2a: Aegislash|King's Shield|p2a: Aegislash\n|-singleturn|p2a: Aegislash|Protect\n|move|p1a: Courtesy Call|Draining Kiss|p2a: Aegislash\n|-activate|p2a: Aegislash|move: Protect\n|-unboost|p1a: Courtesy Call|atk|1\n|\n|-heal|p2a: Aegislash|83\/100|[from] item: Leftovers\n|-heal|p1a: Courtesy Call|61\/100|[from] item: Leftovers\n|upkeep\n|turn|12\n|\n|t:|1700360554\n|-formechange|p2a: Aegislash|Aegislash-Blade||[from] ability: Stance Change\n|move|p2a: Aegislash|Flash Cannon|p1a: Courtesy Call\n|-supereffective|p1a: Courtesy Call\n|-damage|p1a: Courtesy Call|38\/100\n|move|p1a: Courtesy Call|Draining Kiss|p2a: Aegislash\n|-resisted|p2a: Aegislash\n|-damage|p2a: Aegislash|55\/100\n|-heal|p1a: Courtesy Call|55\/100|[from] drain|[of] p2a: Aegislash\n|\n|-heal|p2a: Aegislash|61\/100|[from] item: Leftovers\n|-heal|p1a: Courtesy Call|61\/100|[from] item: Leftovers\n|upkeep\n|turn|13\n|\n|t:|1700360568\n|switch|p2a: Cradily|Cradily, F|100\/100\n|move|p1a: Courtesy Call|Light Screen|p1a: Courtesy Call\n|-sidestart|p1: kuuuze|move: Light Screen\n|\n|-heal|p1a: Courtesy Call|67\/100|[from] item: Leftovers\n|upkeep\n|turn|14\n|\n|t:|1700360580\n|move|p1a: Courtesy Call|Draining Kiss|p2a: Cradily\n|-damage|p2a: Cradily|70\/100\n|-heal|p1a: Courtesy Call|87\/100|[from] drain|[of] p2a: Cradily\n|move|p2a: Cradily|Toxic|p1a: Courtesy Call|[miss]\n|-miss|p2a: Cradily|p1a: Courtesy Call\n|\n|-heal|p1a: Courtesy Call|93\/100|[from] item: Leftovers\n|upkeep\n|turn|15\n|\n|t:|1700360589\n|move|p1a: Courtesy Call|Draining Kiss|p2a: Cradily\n|-damage|p2a: Cradily|37\/100\n|-heal|p1a: Courtesy Call|100\/100|[from] drain|[of] p2a: Cradily\n|move|p2a: Cradily|Toxic|p1a: Courtesy Call\n|-status|p1a: Courtesy Call|tox\n|\n|-damage|p1a: Courtesy Call|94\/100 tox|[from] psn\n|upkeep\n|turn|16\n|\n|t:|1700360600\n|move|p1a: Courtesy Call|Draining Kiss|p2a: Cradily\n|-damage|p2a: Cradily|6\/100\n|-heal|p1a: Courtesy Call|100\/100 tox|[from] drain|[of] p2a: Cradily\n|move|p2a: Cradily|Leech Seed|p1a: Courtesy Call\n|-start|p1a: Courtesy Call|move: Leech Seed\n|\n|-damage|p1a: Courtesy Call|88\/100 tox|[from] Leech Seed|[of] p2a: Cradily\n|-heal|p2a: Cradily|25\/100|[silent]\n|-damage|p1a: Courtesy Call|76\/100 tox|[from] psn\n|upkeep\n|turn|17\n|\n|t:|1700360612\n|move|p1a: Courtesy Call|Draining Kiss|p2a: Cradily\n|-damage|p2a: Cradily|0 fnt\n|-heal|p1a: Courtesy Call|91\/100 tox|[from] drain|[of] p2a: Cradily\n|faint|p2a: Cradily\n|\n|-heal|p1a: Courtesy Call|97\/100 tox|[from] item: Leftovers\n|-damage|p1a: Courtesy Call|79\/100 tox|[from] psn\n|-sideend|p1: kuuuze|move: Light Screen\n|upkeep\n|\n|t:|1700360630\n|switch|p2a: Talonflame|Talonflame, F|100\/100\n|turn|18\n|\n|t:|1700360639\n|switch|p1a: Kroko|Krookodile, F|92\/100\n|-damage|p1a: Kroko|86\/100|[from] Stealth Rock\n|-ability|p1a: Kroko|Intimidate|boost\n|-unboost|p2a: Talonflame|atk|1\n|move|p2a: Talonflame|Steel Wing|p1a: Kroko\n|-damage|p1a: Kroko|75\/100\n|\n|-heal|p1a: Kroko|81\/100|[from] item: Leftovers\n|upkeep\n|turn|19\n|\n|t:|1700360665\n|move|p2a: Talonflame|U-turn|p1a: Kroko\n|-supereffective|p1a: Kroko\n|-damage|p1a: Kroko|56\/100\n|\n|t:|1700360669\n|switch|p2a: Kleavor|Kleavor, M|37\/100|[from] U-turn\n|move|p1a: Kroko|Knock Off|p2a: Kleavor\n|-damage|p2a: Kleavor|0 fnt\n|faint|p2a: Kleavor\n|\n|-heal|p1a: Kroko|62\/100|[from] item: Leftovers\n|upkeep\n|\n|t:|1700360677\n|switch|p2a: Kingdra|Kingdra, F|100\/100\n|turn|20\n|\n|t:|1700360700\n|switch|p1a: Freelancer|Ditto|100\/100\n|-damage|p1a: Freelancer|88\/100|[from] Stealth Rock\n|-transform|p1a: Freelancer|p2a: Kingdra|[from] ability: Imposter\n|move|p2a: Kingdra|Dragon Dance|p2a: Kingdra\n|-boost|p2a: Kingdra|atk|1\n|-boost|p2a: Kingdra|spe|1\n|\n|upkeep\n|turn|21\n|\n|t:|1700360717\n|switch|p1a: Courtesy Call|Audino, F, tera:Fairy|100\/100 tox\n|-damage|p1a: Courtesy Call|88\/100 tox|[from] Stealth Rock\n|move|p2a: Kingdra|Dragon Dance|p2a: Kingdra\n|-boost|p2a: Kingdra|atk|1\n|-boost|p2a: Kingdra|spe|1\n|\n|-heal|p1a: Courtesy Call|94\/100 tox|[from] item: Leftovers\n|-damage|p1a: Courtesy Call|88\/100 tox|[from] psn\n|upkeep\n|turn|22\n|\n|t:|1700360730\n|move|p2a: Kingdra|Liquidation|p1a: Courtesy Call\n|-damage|p1a: Courtesy Call|18\/100 tox\n|move|p1a: Courtesy Call|Draining Kiss|p2a: Kingdra\n|-supereffective|p2a: Kingdra\n|-damage|p2a: Kingdra|65\/100\n|-heal|p1a: Courtesy Call|38\/100 tox|[from] drain|[of] p2a: Kingdra\n|\n|-heal|p1a: Courtesy Call|44\/100 tox|[from] item: Leftovers\n|-damage|p1a: Courtesy Call|32\/100 tox|[from] psn\n|upkeep\n|turn|23\n|\n|t:|1700360754\n|switch|p1a: Eye Sword|Aegislash, M|100\/100\n|-damage|p1a: Eye Sword|94\/100|[from] Stealth Rock\n|move|p2a: Kingdra|Liquidation|p1a: Eye Sword\n|-damage|p1a: Eye Sword|30\/100\n|\n|upkeep\n|turn|24\n|\n|t:|1700360769\n|move|p1a: Eye Sword|King's Shield|p1a: Eye Sword\n|-singleturn|p1a: Eye Sword|Protect\n|move|p2a: Kingdra|Dragon Dance|p2a: Kingdra\n|-boost|p2a: Kingdra|atk|1\n|-boost|p2a: Kingdra|spe|1\n|\n|upkeep\n|turn|25\n|\n|t:|1700360780\n|move|p1a: Eye Sword|King's Shield|p1a: Eye Sword\n|-singleturn|p1a: Eye Sword|Protect\n|move|p2a: Kingdra|Liquidation|p1a: Eye Sword\n|-activate|p1a: Eye Sword|move: Protect\n|-unboost|p2a: Kingdra|atk|1\n|\n|upkeep\n|turn|26\n|\n|t:|1700360796\n|move|p2a: Kingdra|Liquidation|p1a: Eye Sword\n|-damage|p1a: Eye Sword|0 fnt\n|faint|p1a: Eye Sword\n|\n|upkeep\n|\n|t:|1700360800\n|switch|p1a: Freelancer|Ditto|88\/100\n|-damage|p1a: Freelancer|76\/100|[from] Stealth Rock\n|-transform|p1a: Freelancer|p2a: Kingdra|[from] ability: Imposter\n|turn|27\n|\n|t:|1700360815\n|move|p1a: Freelancer|Breaking Swipe|p2a: Kingdra\n|-supereffective|p2a: Kingdra\n|-damage|p2a: Kingdra|0 fnt\n|faint|p2a: Kingdra\n|\n|upkeep\n|\n|t:|1700360843\n|switch|p2a: Gallade|Gallade-Mega, M|48\/100 slp\n|turn|28\n|\n|t:|1700360849\n|move|p1a: Freelancer|Breaking Swipe|p2a: Gallade\n|-damage|p2a: Gallade|2\/100 slp\n|-unboost|p2a: Gallade|atk|1\n|-curestatus|p2a: Gallade|slp|[msg]\n|move|p2a: Gallade|Drain Punch|p1a: Freelancer\n|-damage|p1a: Freelancer|43\/100\n|-heal|p2a: Gallade|18\/100|[from] drain|[of] p1a: Freelancer\n|\n|upkeep\n|turn|29\n|\n|t:|1700360859\n|move|p1a: Freelancer|Breaking Swipe|p2a: Gallade\n|-damage|p2a: Gallade|0 fnt\n|faint|p2a: Gallade\n|\n|upkeep\n|\n|t:|1700360865\n|switch|p2a: Talonflame|Talonflame, F|100\/100\n|turn|30\n|\n|t:|1700360873\n|move|p2a: Talonflame|Acrobatics|p1a: Freelancer\n|-damage|p1a: Freelancer|0 fnt\n|faint|p1a: Freelancer\n|\n|upkeep\n|\n|t:|1700360890\n|switch|p1a: Courtesy Call|Audino, F, tera:Fairy|65\/100 tox\n|-damage|p1a: Courtesy Call|53\/100 tox|[from] Stealth Rock\n|turn|31\n|\n|t:|1700360896\n|move|p2a: Talonflame|Steel Wing|p1a: Courtesy Call\n|-supereffective|p1a: Courtesy Call\n|-damage|p1a: Courtesy Call|19\/100 tox\n|move|p1a: Courtesy Call|Yawn|p2a: Talonflame\n|-start|p2a: Talonflame|move: Yawn|[of] p1a: Courtesy Call\n|\n|-heal|p1a: Courtesy Call|25\/100 tox|[from] item: Leftovers\n|-damage|p1a: Courtesy Call|19\/100 tox|[from] psn\n|upkeep\n|turn|32\n|\n|t:|1700360905\n|switch|p1a: Kroko|Krookodile, F|62\/100\n|-damage|p1a: Kroko|56\/100|[from] Stealth Rock\n|-ability|p1a: Kroko|Intimidate|boost\n|-unboost|p2a: Talonflame|atk|1\n|move|p2a: Talonflame|Steel Wing|p1a: Kroko|[miss]\n|-miss|p2a: Talonflame|p1a: Kroko\n|\n|-heal|p1a: Kroko|62\/100|[from] item: Leftovers\n|-end|p2a: Talonflame|move: Yawn|[silent]\n|-status|p2a: Talonflame|slp\n|upkeep\n|turn|33\n|\n|t:|1700360930\n|cant|p2a: Talonflame|slp\n|move|p1a: Kroko|Knock Off|p2a: Talonflame\n|-damage|p2a: Talonflame|50\/100 slp\n|\n|-heal|p1a: Kroko|68\/100|[from] item: Leftovers\n|upkeep\n|turn|34\n|\n|t:|1700360942\n|cant|p2a: Talonflame|slp\n|move|p1a: Kroko|Knock Off|p2a: Talonflame\n|-damage|p2a: Talonflame|6\/100 slp\n|\n|-heal|p1a: Kroko|74\/100|[from] item: Leftovers\n|upkeep\n|turn|35\n|\n|t:|1700360953\n|-curestatus|p2a: Talonflame|slp|[msg]\n|move|p2a: Talonflame|Flare Blitz|p1a: Kroko\n|-damage|p1a: Kroko|44\/100\n|-damage|p2a: Talonflame|0 fnt|[from] Recoil\n|faint|p2a: Talonflame\n|move|p1a: Kroko|Knock Off|p2: Talonflame|[notarget]\n|-fail|p1a: Kroko\n|\n|-heal|p1a: Kroko|50\/100|[from] item: Leftovers\n|upkeep\n|\n|t:|1700360962\n|switch|p2a: Aegislash|Aegislash, M, tera:Steel|61\/100\n|turn|36\n|\n|t:|1700360976\n|move|p1a: Kroko|Knock Off|p2a: Aegislash\n|-crit|p2a: Aegislash\n|-damage|p2a: Aegislash|10\/100\n|-enditem|p2a: Aegislash|Leftovers|[from] move: Knock Off|[of] p1a: Kroko\n|-formechange|p2a: Aegislash|Aegislash-Blade||[from] ability: Stance Change\n|move|p2a: Aegislash|Brick Break|p1a: Kroko\n|-supereffective|p1a: Kroko\n|-damage|p1a: Kroko|3\/100\n|\n|-heal|p1a: Kroko|9\/100|[from] item: Leftovers\n|upkeep\n|turn|37\n|\n|t:|1700360985\n|-formechange|p2a: Aegislash|Aegislash||[from] ability: Stance Change\n|move|p2a: Aegislash|King's Shield|p2a: Aegislash\n|-singleturn|p2a: Aegislash|Protect\n|move|p1a: Kroko|Earthquake|p2a: Aegislash\n|-activate|p2a: Aegislash|move: Protect\n|\n|-heal|p1a: Kroko|15\/100|[from] item: Leftovers\n|upkeep\n|turn|38\n|\n|t:|1700360994\n|move|p1a: Kroko|Earthquake|p2a: Aegislash\n|-supereffective|p2a: Aegislash\n|-damage|p2a: Aegislash|0 fnt\n|faint|p2a: Aegislash\n|\n|win|kuuuze\n|raw|kuuuze's rating: 1032 &rarr; <strong>1069<\/strong><br \/>(+37 for winning)\n|raw|wolfgang Ni's rating: 1053 &rarr; <strong>1034<\/strong><br \/>(-19 for losing)\n","uploadtime":1700361001,"views":9,"p1id":"kuuuze","p2id":"wolfgangni","formatid":"gen9nationaldex","rating":1034,"private":0,"password":""}