{"id":"gen9nationaldex-1999523958","p1":"Kiroz-Snow","p2":"AwesomeDabmaste","format":"[Gen 9] National Dex","log":"|html|<div class=\"broadcast-blue\"><strong>[Gen 9] National Dex is currently suspecting Sneasler! For information on how to participate check out the <a href=\"https:\/\/www.smogon.com\/forums\/threads\/sv-national-dex-suspect-8-just-dance.3731534\/\">suspect thread<\/a>.<\/strong><\/div>\n|j|\u2606Kiroz-Snow\n|j|\u2606AwesomeDabmaste\n|t:|1701092347\n|gametype|singles\n|player|p1|Kiroz-Snow|archer|1185\n|player|p2|AwesomeDabmaste|steven|1295\n|teamsize|p1|6\n|teamsize|p2|6\n|gen|9\n|tier|[Gen 9] National Dex\n|rated|\n|rule|HP Percentage Mod: HP is shown in percentages\n|rule|Endless Battle Clause: Forcing endless battles is banned\n|rule|OHKO Clause: OHKO moves are banned\n|rule|Evasion Clause: Evasion abilities, items, and moves are banned\n|rule|Evasion Abilities Clause: Evasion abilities are banned\n|rule|Evasion Items Clause: Evasion items are banned\n|rule|Evasion Moves Clause: Evasion moves are banned\n|rule|Species Clause: Limit one of each Pok\u00e9mon\n|rule|Sleep Clause Mod: Limit one foe put to sleep\n|clearpoke\n|poke|p1|Leavanny, F|\n|poke|p1|Sneasler, M|\n|poke|p1|Lopunny, F|\n|poke|p1|Tapu Lele|\n|poke|p1|Scizor, M|\n|poke|p1|Iron Moth|\n|poke|p2|Rotom-Wash|\n|poke|p2|Volcarona, M|\n|poke|p2|Iron Valiant|\n|poke|p2|Lopunny, F|\n|poke|p2|Tapu Koko|\n|poke|p2|Urshifu-*, F|\n|teampreview\n|\n|t:|1701092350\n|start\n|switch|p1a: Leavanny|Leavanny, F|100\/100\n|switch|p2a: Blindfold|Tapu Koko, shiny|100\/100\n|-fieldstart|move: Electric Terrain|[from] ability: Electric Surge|[of] p2a: Blindfold\n|turn|1\n|\n|t:|1701092358\n|move|p2a: Blindfold|Hidden Power|p1a: Leavanny\n|-supereffective|p1a: Leavanny\n|-damage|p1a: Leavanny|40\/100\n|-damage|p2a: Blindfold|91\/100|[from] item: Life Orb\n|move|p1a: Leavanny|Sticky Web|p2a: Blindfold\n|-sidestart|p2: AwesomeDabmaste|move: Sticky Web\n|\n|upkeep\n|turn|2\n|\n|t:|1701092366\n|switch|p2a: Vending|Rotom-Wash|100\/100\n|move|p1a: Leavanny|Knock Off|p2a: Vending\n|-damage|p2a: Vending|75\/100\n|-enditem|p2a: Vending|Leftovers|[from] move: Knock Off|[of] p1a: Leavanny\n|\n|upkeep\n|turn|3\n|\n|t:|1701092378\n|move|p1a: Leavanny|Leaf Blade|p2a: Vending\n|-supereffective|p2a: Vending\n|-damage|p2a: Vending|7\/100\n|move|p2a: Vending|Thunder Wave|p1a: Leavanny\n|-status|p1a: Leavanny|par\n|\n|upkeep\n|turn|4\n|\n|t:|1701092381\n|move|p2a: Vending|Defog|p1a: Leavanny\n|-unboost|p1a: Leavanny|evasion|1\n|-sideend|p2: AwesomeDabmaste|Sticky Web|[from] move: Defog|[of] p2a: Vending\n|-fieldend|move: Electric Terrain\n|move|p1a: Leavanny|Leaf Blade|p2a: Vending\n|-supereffective|p2a: Vending\n|-damage|p2a: Vending|0 fnt\n|faint|p2a: Vending\n|\n|upkeep\n|\n|t:|1701092389\n|switch|p2a: Blindfold|Tapu Koko, shiny|91\/100\n|-fieldstart|move: Electric Terrain|[from] ability: Electric Surge|[of] p2a: Blindfold\n|turn|5\n|\n|t:|1701092393\n|move|p2a: Blindfold|Hidden Power|p1a: Leavanny\n|-supereffective|p1a: Leavanny\n|-damage|p1a: Leavanny|0 fnt\n|faint|p1a: Leavanny\n|-damage|p2a: Blindfold|81\/100|[from] item: Life Orb\n|\n|upkeep\n|\n|t:|1701092401\n|switch|p1a: Tapu Lele|Tapu Lele, shiny|100\/100\n|-fieldstart|move: Psychic Terrain|[from] ability: Psychic Surge|[of] p1a: Tapu Lele\n|turn|6\n|\n|t:|1701092407\n|switch|p2a: Those Hands|Iron Valiant|100\/100\n|move|p1a: Tapu Lele|Psychic|p2a: Those Hands\n|-supereffective|p2a: Those Hands\n|-damage|p2a: Those Hands|0 fnt\n|faint|p2a: Those Hands\n|-end|p2a: Those Hands|Quark Drive|[silent]\n|\n|upkeep\n|\n|t:|1701092413\n|switch|p2a: Blindfold|Tapu Koko, shiny|81\/100\n|-fieldstart|move: Electric Terrain|[from] ability: Electric Surge|[of] p2a: Blindfold\n|turn|7\n|\n|t:|1701092422\n|switch|p1a: Lopunny|Lopunny, F, shiny|100\/100\n|move|p2a: Blindfold|Thunderbolt|p1a: Lopunny\n|-damage|p1a: Lopunny|17\/100\n|-damage|p2a: Blindfold|71\/100|[from] item: Life Orb\n|\n|upkeep\n|turn|8\n|\n|t:|1701092430\n|move|p2a: Blindfold|Dazzling Gleam|p1a: Lopunny\n|-damage|p1a: Lopunny|0 fnt\n|faint|p1a: Lopunny\n|-damage|p2a: Blindfold|61\/100|[from] item: Life Orb\n|\n|upkeep\n|\n|t:|1701092433\n|switch|p1a: Tapu Lele|Tapu Lele, shiny|100\/100\n|-fieldstart|move: Psychic Terrain|[from] ability: Psychic Surge|[of] p1a: Tapu Lele\n|turn|9\n|\n|t:|1701092439\n|switch|p2a: \"The Eminence\"|Volcarona, M|100\/100\n|move|p1a: Tapu Lele|Psychic|p2a: \"The Eminence\"\n|-damage|p2a: \"The Eminence\"|17\/100\n|\n|-heal|p2a: \"The Eminence\"|23\/100|[from] item: Leftovers\n|upkeep\n|turn|10\n|\n|t:|1701092445\n|move|p1a: Tapu Lele|Psychic|p2a: \"The Eminence\"\n|-damage|p2a: \"The Eminence\"|0 fnt\n|faint|p2a: \"The Eminence\"\n|\n|upkeep\n|\n|t:|1701092461\n|switch|p2a: YOU KNOW DAMN WELL|Lopunny, F, shiny|100\/100\n|turn|11\n|\n|t:|1701092466\n|detailschange|p2a: YOU KNOW DAMN WELL|Lopunny-Mega, F, shiny\n|-mega|p2a: YOU KNOW DAMN WELL|Lopunny|Lopunnite\n|move|p2a: YOU KNOW DAMN WELL|Fake Out|p1a: Tapu Lele\n|-activate|p1a: Tapu Lele|move: Psychic Terrain\n|move|p1a: Tapu Lele|Psychic|p2a: YOU KNOW DAMN WELL\n|-supereffective|p2a: YOU KNOW DAMN WELL\n|-damage|p2a: YOU KNOW DAMN WELL|0 fnt\n|faint|p2a: YOU KNOW DAMN WELL\n|\n|upkeep\n|\n|t:|1701092478\n|switch|p2a: Blindfold|Tapu Koko, shiny|61\/100\n|-fieldstart|move: Electric Terrain|[from] ability: Electric Surge|[of] p2a: Blindfold\n|turn|12\n|\n|t:|1701092487\n|switch|p2a: The Yellow Shadow|Urshifu-Rapid-Strike, F|100\/100\n|-enditem|p2a: The Yellow Shadow|Electric Seed\n|-boost|p2a: The Yellow Shadow|def|1|[from] item: Electric Seed\n|switch|p1a: Scizor|Scizor, M, shiny|100\/100\n|\n|upkeep\n|turn|13\n|\n|t:|1701092500\n|detailschange|p1a: Scizor|Scizor-Mega, M, shiny\n|-mega|p1a: Scizor|Scizor|Scizorite\n|-terastallize|p2a: The Yellow Shadow|Fighting\n|move|p2a: The Yellow Shadow|Swords Dance|p2a: The Yellow Shadow\n|-boost|p2a: The Yellow Shadow|atk|2\n|move|p1a: Scizor|Dual Wingbeat|p2a: The Yellow Shadow\n|-supereffective|p2a: The Yellow Shadow\n|-damage|p2a: The Yellow Shadow|66\/100\n|-supereffective|p2a: The Yellow Shadow\n|-damage|p2a: The Yellow Shadow|30\/100\n|-hitcount|p2a: The Yellow Shadow|2\n|\n|upkeep\n|turn|14\n|\n|t:|1701092510\n|move|p2a: The Yellow Shadow|Acrobatics|p1a: Scizor\n|-damage|p1a: Scizor|26\/100\n|move|p1a: Scizor|Dual Wingbeat|p2a: The Yellow Shadow\n|-supereffective|p2a: The Yellow Shadow\n|-damage|p2a: The Yellow Shadow|0 fnt\n|faint|p2a: The Yellow Shadow\n|-hitcount|p2: The Yellow Shadow|1\n|\n|upkeep\n|\n|t:|1701092513\n|switch|p2a: Blindfold|Tapu Koko, shiny|61\/100\n|turn|15\n|\n|t:|1701092524\n|move|p2a: Blindfold|Roost|p2a: Blindfold\n|-heal|p2a: Blindfold|100\/100\n|-singleturn|p2a: Blindfold|move: Roost\n|move|p1a: Scizor|Dual Wingbeat|p2a: Blindfold\n|-resisted|p2a: Blindfold\n|-damage|p2a: Blindfold|82\/100\n|-resisted|p2a: Blindfold\n|-damage|p2a: Blindfold|66\/100\n|-hitcount|p2a: Blindfold|2\n|\n|upkeep\n|turn|16\n|-message|AwesomeDabmaste forfeited.\n|\n|win|Kiroz-Snow\n|raw|Kiroz-Snow's rating: 1185 &rarr; <strong>1218<\/strong><br \/>(+33 for winning)\n|raw|AwesomeDabmaste's rating: 1295 &rarr; <strong>1262<\/strong><br \/>(-33 for losing)\n|l|\u2606AwesomeDabmaste\n","uploadtime":1701092551,"views":1,"p1id":"kirozsnow","p2id":"awesomedabmaste","formatid":"gen9nationaldex","rating":1218,"private":0,"password":""}