{"id":"gen9nationaldex-1997164237","p1":"epicturt","p2":"RoadPizza","format":"[Gen 9] National Dex","log":"|html|<div class=\"broadcast-blue\"><strong>[Gen 9] National Dex is currently suspecting Sneasler! For information on how to participate check out the <a href=\"https:\/\/www.smogon.com\/forums\/threads\/sv-national-dex-suspect-8-just-dance.3731534\/\">suspect thread<\/a>.<\/strong><\/div>\n|j|\u2606epicturt\n|j|\u2606RoadPizza\n|t:|1700771070\n|gametype|singles\n|player|p1|epicturt|cameraman|1247\n|player|p2|RoadPizza|gambler|1209\n|teamsize|p1|6\n|teamsize|p2|6\n|gen|9\n|tier|[Gen 9] National Dex\n|rated|\n|rule|HP Percentage Mod: HP is shown in percentages\n|rule|Endless Battle Clause: Forcing endless battles is banned\n|rule|OHKO Clause: OHKO moves are banned\n|rule|Evasion Clause: Evasion abilities, items, and moves are banned\n|rule|Evasion Abilities Clause: Evasion abilities are banned\n|rule|Evasion Items Clause: Evasion items are banned\n|rule|Evasion Moves Clause: Evasion moves are banned\n|rule|Species Clause: Limit one of each Pok\u00e9mon\n|rule|Sleep Clause Mod: Limit one foe put to sleep\n|clearpoke\n|poke|p1|Cinccino, F|\n|poke|p1|Charizard, M|\n|poke|p1|Exeggutor, M|\n|poke|p1|Yanmega, M|\n|poke|p1|Incineroar, M|\n|poke|p1|Great Tusk|\n|poke|p2|Serperior, M|\n|poke|p2|Malamar, F|\n|poke|p2|Smeargle, F|\n|poke|p2|Diancie|\n|poke|p2|Aegislash, M|\n|poke|p2|Volcarona, F|\n|teampreview\n|inactive|Battle timer is ON: inactive players will automatically lose when time's up. (requested by RoadPizza)\n|\n|t:|1700771081\n|start\n|switch|p1a: Great Tusk|Great Tusk|100\/100\n|switch|p2a: Smeargle|Smeargle, F|100\/100\n|turn|1\n|\n|t:|1700771088\n|-end|p1a: Great Tusk|Protosynthesis|[silent]\n|switch|p1a: Exeggutor|Exeggutor, M|100\/100\n|move|p2a: Smeargle|Spore|p1a: Exeggutor\n|-immune|p1a: Exeggutor\n|\n|upkeep\n|turn|2\n|\n|t:|1700771093\n|move|p2a: Smeargle|Sticky Web|p1a: Exeggutor\n|-sidestart|p1: epicturt|move: Sticky Web\n|move|p1a: Exeggutor|Substitute|p1a: Exeggutor\n|-start|p1a: Exeggutor|Substitute\n|-damage|p1a: Exeggutor|75\/100\n|\n|upkeep\n|turn|3\n|\n|t:|1700771100\n|move|p2a: Smeargle|Knock Off|p1a: Exeggutor\n|-supereffective|p1a: Exeggutor\n|-activate|p1a: Exeggutor|move: Substitute|[damage]\n|move|p1a: Exeggutor|Calm Mind|p1a: Exeggutor\n|-boost|p1a: Exeggutor|spa|1\n|-boost|p1a: Exeggutor|spd|1\n|\n|upkeep\n|turn|4\n|\n|t:|1700771108\n|move|p2a: Smeargle|Court Change|p2a: Smeargle\n|-swapsideconditions\n|-activate|p2a: Smeargle|move: Court Change\n|move|p1a: Exeggutor|Substitute|p1a: Exeggutor\n|-fail|p1a: Exeggutor|move: Substitute\n|\n|upkeep\n|turn|5\n|\n|t:|1700771115\n|move|p2a: Smeargle|Knock Off|p1a: Exeggutor\n|-supereffective|p1a: Exeggutor\n|-end|p1a: Exeggutor|Substitute\n|move|p1a: Exeggutor|Calm Mind|p1a: Exeggutor\n|-boost|p1a: Exeggutor|spa|1\n|-boost|p1a: Exeggutor|spd|1\n|\n|upkeep\n|turn|6\n|\n|t:|1700771122\n|switch|p2a: Serperior|Serperior, M|100\/100\n|-activate|p2a: Serperior|move: Sticky Web\n|-boost|p2a: Serperior|spe|1\n|move|p1a: Exeggutor|Substitute|p1a: Exeggutor\n|-start|p1a: Exeggutor|Substitute\n|-damage|p1a: Exeggutor|50\/100\n|-enditem|p1a: Exeggutor|Sitrus Berry|[eat]\n|-heal|p1a: Exeggutor|75\/100|[from] item: Sitrus Berry\n|\n|-item|p1a: Exeggutor|Sitrus Berry|[from] ability: Harvest\n|upkeep\n|turn|7\n|\n|t:|1700771133\n|move|p2a: Serperior|Leaf Storm|p1a: Exeggutor\n|-resisted|p1a: Exeggutor\n|-activate|p1a: Exeggutor|move: Substitute|[damage]\n|-boost|p2a: Serperior|spa|2\n|move|p1a: Exeggutor|Psychic|p2a: Serperior\n|-damage|p2a: Serperior|0 fnt\n|faint|p2a: Serperior\n|\n|upkeep\n|\n|t:|1700771148\n|switch|p2a: Aegislash|Aegislash, M, shiny|100\/100\n|-activate|p2a: Aegislash|move: Sticky Web\n|-unboost|p2a: Aegislash|spe|1\n|turn|8\n|\n|t:|1700771152\n|move|p1a: Exeggutor|Psychic|p2a: Aegislash\n|-resisted|p2a: Aegislash\n|-damage|p2a: Aegislash|60\/100\n|-formechange|p2a: Aegislash|Aegislash-Blade||[from] ability: Stance Change\n|move|p2a: Aegislash|Gyro Ball|p1a: Exeggutor\n|-end|p1a: Exeggutor|Substitute\n|\n|-heal|p2a: Aegislash|66\/100|[from] item: Leftovers\n|upkeep\n|turn|9\n|\n|t:|1700771161\n|move|p2a: Aegislash|Shadow Sneak|p1a: Exeggutor\n|-supereffective|p1a: Exeggutor\n|-damage|p1a: Exeggutor|33\/100\n|-enditem|p1a: Exeggutor|Sitrus Berry|[eat]\n|-heal|p1a: Exeggutor|58\/100|[from] item: Sitrus Berry\n|move|p1a: Exeggutor|Giga Drain|p2a: Aegislash\n|-resisted|p2a: Aegislash\n|-damage|p2a: Aegislash|0 fnt\n|-heal|p1a: Exeggutor|85\/100|[from] drain|[of] p2a: Aegislash\n|faint|p2a: Aegislash\n|\n|upkeep\n|\n|t:|1700771168\n|switch|p2a: Malamar|Malamar, F|100\/100\n|-activate|p2a: Malamar|move: Sticky Web\n|-boost|p2a: Malamar|spe|1\n|turn|10\n|\n|t:|1700771181\n|move|p2a: Malamar|Superpower|p1a: Exeggutor\n|-resisted|p1a: Exeggutor\n|-damage|p1a: Exeggutor|69\/100\n|-boost|p2a: Malamar|atk|1\n|-boost|p2a: Malamar|def|1\n|move|p1a: Exeggutor|Giga Drain|p2a: Malamar\n|-damage|p2a: Malamar|0 fnt\n|-heal|p1a: Exeggutor|100\/100|[from] drain|[of] p2a: Malamar\n|faint|p2a: Malamar\n|\n|upkeep\n|-message|RoadPizza forfeited.\n|\n|win|epicturt\n|raw|epicturt's rating: 1247 &rarr; <strong>1269<\/strong><br \/>(+22 for winning)\n|raw|RoadPizza's rating: 1209 &rarr; <strong>1187<\/strong><br \/>(-22 for losing)\n|l|\u2606RoadPizza\n","uploadtime":1700771198,"views":7,"p1id":"epicturt","p2id":"roadpizza","formatid":"gen9nationaldex","rating":1187,"private":0,"password":""}