{"id":"gen9nationaldex-1991506816","p1":"llamakin15","p2":"ansariboss","format":"[Gen 9] National Dex","log":"|j|\u2606llamakin15\n|j|\u2606ansariboss\n|t:|1700083234\n|gametype|singles\n|player|p1|llamakin15|lyra|\n|player|p2|ansariboss|1|\n|teamsize|p1|6\n|teamsize|p2|6\n|gen|9\n|tier|[Gen 9] National Dex\n|rule|HP Percentage Mod: HP is shown in percentages\n|rule|Endless Battle Clause: Forcing endless battles is banned\n|rule|OHKO Clause: OHKO moves are banned\n|rule|Evasion Clause: Evasion abilities, items, and moves are banned\n|rule|Evasion Abilities Clause: Evasion abilities are banned\n|rule|Evasion Items Clause: Evasion items are banned\n|rule|Evasion Moves Clause: Evasion moves are banned\n|rule|Species Clause: Limit one of each Pok\u00e9mon\n|rule|Sleep Clause Mod: Limit one foe put to sleep\n|clearpoke\n|poke|p1|Aegislash, M|\n|poke|p1|Tyranitar, M|\n|poke|p1|Obstagoon, M|\n|poke|p1|Typhlosion, F|\n|poke|p1|Gliscor, M|\n|poke|p1|Iron Moth|\n|poke|p2|Corsola-Galar, M|\n|poke|p2|Sableye, F|\n|poke|p2|Aegislash, M|\n|poke|p2|Jellicent, F|\n|poke|p2|Mimikyu, M|\n|poke|p2|Runerigus, F|\n|teampreview\n|\n|t:|1700083363\n|start\n|switch|p1a: Tyranitar|Tyranitar, M|100\/100\n|switch|p2a: Runerigus|Runerigus, F|100\/100\n|-weather|Sandstorm|[from] ability: Sand Stream|[of] p1a: Tyranitar\n|turn|1\n|\n|t:|1700083387\n|move|p1a: Tyranitar|Stealth Rock|p2a: Runerigus\n|-sidestart|p2: ansariboss|move: Stealth Rock\n|move|p2a: Runerigus|Toxic Spikes|p1a: Tyranitar\n|-sidestart|p1: llamakin15|move: Toxic Spikes\n|\n|-weather|Sandstorm|[upkeep]\n|upkeep\n|turn|2\n|\n|t:|1700083408\n|move|p1a: Tyranitar|Pursuit|p2a: Runerigus\n|-supereffective|p2a: Runerigus\n|-damage|p2a: Runerigus|78\/100\n|-activate|p2a: Runerigus|ability: Wandering Spirit|Sand Stream|Wandering Spirit|[of] p1a: Tyranitar\n|move|p2a: Runerigus|Toxic Spikes|p1a: Tyranitar\n|-sidestart|p1: llamakin15|move: Toxic Spikes\n|\n|-weather|Sandstorm|[upkeep]\n|upkeep\n|turn|3\n|\n|t:|1700083422\n|move|p1a: Tyranitar|Pursuit|p2a: Runerigus\n|-supereffective|p2a: Runerigus\n|-damage|p2a: Runerigus|57\/100\n|move|p2a: Runerigus|Earthquake|p1a: Tyranitar\n|-supereffective|p1a: Tyranitar\n|-damage|p1a: Tyranitar|51\/100\n|\n|-weather|Sandstorm|[upkeep]\n|-heal|p1a: Tyranitar|58\/100|[from] item: Leftovers\n|upkeep\n|turn|4\n|\n|t:|1700083433\n|switch|p1a: Gliscor|Gliscor, M|100\/100\n|move|p2a: Runerigus|Earthquake|p1a: Gliscor\n|-immune|p1a: Gliscor\n|\n|-weather|Sandstorm|[upkeep]\n|-status|p1a: Gliscor|tox|[from] item: Toxic Orb\n|upkeep\n|turn|5\n|\n|t:|1700083463\n|switch|p2a: Jellicent|Jellicent, F, shiny|100\/100\n|-damage|p2a: Jellicent|88\/100|[from] Stealth Rock\n|move|p1a: Gliscor|Knock Off|p2a: Jellicent\n|-supereffective|p2a: Jellicent\n|-damage|p2a: Jellicent|42\/100\n|-enditem|p2a: Jellicent|Leftovers|[from] move: Knock Off|[of] p1a: Gliscor\n|\n|-weather|none\n|upkeep\n|turn|6\n|\n|t:|1700083488\n|move|p1a: Gliscor|Defog|p2a: Jellicent\n|-unboost|p2a: Jellicent|evasion|1\n|-sideend|p2: ansariboss|Stealth Rock|[from] move: Defog|[of] p1a: Gliscor\n|-sideend|p1: llamakin15|Toxic Spikes|[from] move: Defog|[of] p1a: Gliscor\n|move|p2a: Jellicent|Hex|p1a: Gliscor\n|-damage|p1a: Gliscor|53\/100 tox\n|\n|-heal|p1a: Gliscor|65\/100 tox|[from] ability: Poison Heal\n|upkeep\n|turn|7\n|\n|t:|1700083509\n|move|p1a: Gliscor|Knock Off|p2a: Jellicent\n|-supereffective|p2a: Jellicent\n|-damage|p2a: Jellicent|7\/100\n|move|p2a: Jellicent|Hex|p1a: Gliscor\n|-damage|p1a: Gliscor|17\/100 tox\n|\n|-heal|p1a: Gliscor|29\/100 tox|[from] ability: Poison Heal\n|upkeep\n|turn|8\n|\n|t:|1700083524\n|move|p1a: Gliscor|Knock Off|p2a: Jellicent\n|-supereffective|p2a: Jellicent\n|-damage|p2a: Jellicent|0 fnt\n|faint|p2a: Jellicent\n|\n|-heal|p1a: Gliscor|42\/100 tox|[from] ability: Poison Heal\n|upkeep\n|\n|t:|1700083556\n|switch|p2a: Corsola|Corsola-Galar, M, shiny|100\/100\n|turn|9\n|\n|t:|1700083572\n|move|p1a: Gliscor|Roost|p1a: Gliscor\n|-heal|p1a: Gliscor|92\/100 tox\n|-singleturn|p1a: Gliscor|move: Roost\n|move|p2a: Corsola|Night Shade|p1a: Gliscor\n|-damage|p1a: Gliscor|63\/100 tox\n|\n|-heal|p1a: Gliscor|76\/100 tox|[from] ability: Poison Heal\n|upkeep\n|turn|10\n|\n|t:|1700083615\n|switch|p1a: Obstagoon|Obstagoon, M|100\/100\n|move|p2a: Corsola|Strength Sap|p1a: Obstagoon\n|-unboost|p1a: Obstagoon|atk|1\n|\n|-status|p1a: Obstagoon|brn|[from] item: Flame Orb\n|upkeep\n|turn|11\n|\n|t:|1700083643\n|switch|p1a: Typhlosion|Typhlosion, F|100\/100\n|move|p2a: Corsola|Stealth Rock|p1a: Typhlosion\n|-sidestart|p1: llamakin15|move: Stealth Rock\n|\n|upkeep\n|turn|12\n|\n|t:|1700083654\n|switch|p2a: Mimikyu|Mimikyu, M, shiny|100\/100\n|move|p1a: Typhlosion|Eruption|p2a: Mimikyu\n|-activate|p2a: Mimikyu|ability: Disguise\n|-damage|p2a: Mimikyu|100\/100\n|detailschange|p2a: Mimikyu|Mimikyu-Busted, M, shiny\n|-damage|p2a: Mimikyu|88\/100|[from] pokemon: Mimikyu-Busted\n|\n|upkeep\n|turn|13\n|\n|t:|1700083667\n|move|p1a: Typhlosion|Eruption|p2a: Mimikyu\n|-damage|p2a: Mimikyu|0 fnt\n|faint|p2a: Mimikyu\n|\n|upkeep\n|\n|t:|1700083682\n|switch|p2a: Runerigus|Runerigus, F|57\/100\n|turn|14\n|\n|t:|1700083685\n|switch|p1a: Gliscor|Gliscor, M|76\/100 tox\n|-damage|p1a: Gliscor|63\/100 tox|[from] Stealth Rock\n|move|p2a: Runerigus|Earthquake|p1a: Gliscor\n|-immune|p1a: Gliscor\n|\n|-heal|p1a: Gliscor|76\/100 tox|[from] ability: Poison Heal\n|upkeep\n|turn|15\n|\n|t:|1700083698\n|switch|p2a: Sableye|Sableye, F, shiny|100\/100\n|move|p1a: Gliscor|Earthquake|p2a: Sableye\n|-damage|p2a: Sableye|57\/100\n|\n|-heal|p1a: Gliscor|88\/100 tox|[from] ability: Poison Heal\n|upkeep\n|turn|16\n|\n|t:|1700083706\n|detailschange|p2a: Sableye|Sableye-Mega, F, shiny\n|-mega|p2a: Sableye|Sableye|Sablenite\n|move|p1a: Gliscor|Defog|p2a: Sableye\n|move|p2a: Sableye|Defog|p1a: Gliscor|[from]ability: Magic Bounce\n|-unboost|p1a: Gliscor|evasion|1\n|-sideend|p1: llamakin15|Stealth Rock|[from] move: Defog|[of] p2a: Sableye\n|move|p2a: Sableye|Recover|p2a: Sableye\n|-heal|p2a: Sableye|100\/100\n|\n|-heal|p1a: Gliscor|100\/100 tox|[from] ability: Poison Heal\n|upkeep\n|turn|17\n|\n|t:|1700083719\n|switch|p1a: Obstagoon|Obstagoon, M|100\/100 brn\n|move|p2a: Sableye|Knock Off|p1a: Obstagoon\n|-resisted|p1a: Obstagoon\n|-damage|p1a: Obstagoon|85\/100 brn\n|-enditem|p1a: Obstagoon|Flame Orb|[from] move: Knock Off|[of] p2a: Sableye\n|\n|-damage|p1a: Obstagoon|79\/100 brn|[from] brn\n|upkeep\n|turn|18\n|\n|t:|1700083737\n|move|p2a: Sableye|Protect|p2a: Sableye\n|-singleturn|p2a: Sableye|Protect\n|move|p1a: Obstagoon|Knock Off|p2a: Sableye\n|-activate|p2a: Sableye|move: Protect\n|\n|-damage|p1a: Obstagoon|73\/100 brn|[from] brn\n|upkeep\n|turn|19\n|\n|t:|1700083747\n|move|p1a: Obstagoon|Knock Off|p2a: Sableye\n|-damage|p2a: Sableye|67\/100\n|move|p2a: Sableye|Knock Off|p1a: Obstagoon\n|-resisted|p1a: Obstagoon\n|-damage|p1a: Obstagoon|63\/100 brn\n|\n|-damage|p1a: Obstagoon|56\/100 brn|[from] brn\n|upkeep\n|turn|20\n|\n|t:|1700083758\n|move|p1a: Obstagoon|Bulk Up|p1a: Obstagoon\n|-boost|p1a: Obstagoon|atk|1\n|-boost|p1a: Obstagoon|def|1\n|move|p2a: Sableye|Recover|p2a: Sableye\n|-heal|p2a: Sableye|100\/100\n|\n|-damage|p1a: Obstagoon|50\/100 brn|[from] brn\n|upkeep\n|turn|21\n|\n|t:|1700083770\n|move|p1a: Obstagoon|Bulk Up|p1a: Obstagoon\n|-boost|p1a: Obstagoon|atk|1\n|-boost|p1a: Obstagoon|def|1\n|move|p2a: Sableye|Knock Off|p1a: Obstagoon\n|-resisted|p1a: Obstagoon\n|-damage|p1a: Obstagoon|45\/100 brn\n|\n|-damage|p1a: Obstagoon|39\/100 brn|[from] brn\n|upkeep\n|turn|22\n|\n|t:|1700083795\n|move|p2a: Sableye|Protect|p2a: Sableye\n|-singleturn|p2a: Sableye|Protect\n|move|p1a: Obstagoon|Knock Off|p2a: Sableye\n|-activate|p2a: Sableye|move: Protect\n|\n|-damage|p1a: Obstagoon|33\/100 brn|[from] brn\n|upkeep\n|turn|23\n|\n|t:|1700083811\n|switch|p2a: Runerigus|Runerigus, F|57\/100\n|move|p1a: Obstagoon|Knock Off|p2a: Runerigus\n|-supereffective|p2a: Runerigus\n|-damage|p2a: Runerigus|0 fnt\n|-activate|p2a: Runerigus|ability: Wandering Spirit|Guts|Wandering Spirit|[of] p1a: Obstagoon\n|-enditem|p2a: Runerigus|Chesto Berry|[from] move: Knock Off|[of] p1a: Obstagoon\n|faint|p2a: Runerigus\n|\n|-damage|p1a: Obstagoon|27\/100 brn|[from] brn\n|upkeep\n|\n|t:|1700083821\n|switch|p2a: Sableye|Sableye-Mega, F, shiny|100\/100\n|turn|24\n|\n|t:|1700083856\n|switch|p1a: Gliscor|Gliscor, M|100\/100 tox\n|move|p2a: Sableye|Knock Off|p1a: Gliscor\n|-damage|p1a: Gliscor|82\/100 tox\n|-enditem|p1a: Gliscor|Toxic Orb|[from] move: Knock Off|[of] p2a: Sableye\n|\n|-heal|p1a: Gliscor|94\/100 tox|[from] ability: Poison Heal\n|upkeep\n|turn|25\n|c|\u2606ansariboss|that gloscor puts in so much wokr\n|c|\u2606ansariboss|i cant type\n|\n|t:|1700083908\n|switch|p2a: Aegislash|Aegislash, M, shiny|100\/100\n|move|p1a: Gliscor|Knock Off|p2a: Aegislash\n|-supereffective|p2a: Aegislash\n|-damage|p2a: Aegislash|61\/100\n|-enditem|p2a: Aegislash|Spell Tag|[from] move: Knock Off|[of] p1a: Gliscor\n|\n|-heal|p1a: Gliscor|100\/100 tox|[from] ability: Poison Heal\n|upkeep\n|turn|26\n|\n|t:|1700083946\n|switch|p2a: Sableye|Sableye-Mega, F, shiny|100\/100\n|move|p1a: Gliscor|Knock Off|p2a: Sableye\n|-damage|p2a: Sableye|89\/100\n|\n|upkeep\n|turn|27\n|\n|t:|1700083975\n|switch|p1a: Obstagoon|Obstagoon, M|27\/100 brn\n|move|p2a: Sableye|Knock Off|p1a: Obstagoon\n|-resisted|p1a: Obstagoon\n|-damage|p1a: Obstagoon|17\/100 brn\n|\n|-damage|p1a: Obstagoon|11\/100 brn|[from] brn\n|upkeep\n|turn|28\n|\n|t:|1700084005\n|move|p2a: Sableye|Protect|p2a: Sableye\n|-singleturn|p2a: Sableye|Protect\n|move|p1a: Obstagoon|Knock Off|p2a: Sableye\n|-activate|p2a: Sableye|move: Protect\n|\n|-damage|p1a: Obstagoon|4\/100 brn|[from] brn\n|upkeep\n|turn|29\n|\n|t:|1700084033\n|switch|p1a: Gliscor|Gliscor, M|100\/100 tox\n|move|p2a: Sableye|Knock Off|p1a: Gliscor\n|-damage|p1a: Gliscor|89\/100 tox\n|\n|-heal|p1a: Gliscor|100\/100 tox|[from] ability: Poison Heal\n|upkeep\n|turn|30\n|\n|t:|1700084056\n|switch|p2a: Corsola|Corsola-Galar, M, shiny|100\/100\n|move|p1a: Gliscor|Knock Off|p2a: Corsola\n|-supereffective|p2a: Corsola\n|-damage|p2a: Corsola|77\/100\n|-start|p1a: Gliscor|Disable|Knock Off|[from] ability: Cursed Body|[of] p2a: Corsola\n|-enditem|p2a: Corsola|Eviolite|[from] move: Knock Off|[of] p1a: Gliscor\n|\n|upkeep\n|turn|31\n|\n|t:|1700084067\n|switch|p1a: Typhlosion|Typhlosion, F|100\/100\n|move|p2a: Corsola|Strength Sap|p1a: Typhlosion\n|-unboost|p1a: Typhlosion|atk|1\n|-heal|p2a: Corsola|100\/100\n|\n|upkeep\n|turn|32\n|\n|t:|1700084083\n|move|p1a: Typhlosion|Eruption|p2a: Corsola\n|-damage|p2a: Corsola|27\/100\n|move|p2a: Corsola|Night Shade|p1a: Typhlosion\n|-damage|p1a: Typhlosion|67\/100\n|\n|upkeep\n|turn|33\n|\n|t:|1700084090\n|move|p1a: Typhlosion|Eruption|p2a: Corsola\n|-damage|p2a: Corsola|0 fnt\n|faint|p2a: Corsola\n|\n|upkeep\n|\n|t:|1700084095\n|switch|p2a: Aegislash|Aegislash, M, shiny|61\/100\n|turn|34\n|\n|t:|1700084100\n|-formechange|p2a: Aegislash|Aegislash-Blade||[from] ability: Stance Change\n|move|p2a: Aegislash|Shadow Sneak|p1a: Typhlosion\n|-damage|p1a: Typhlosion|30\/100\n|move|p1a: Typhlosion|Eruption|p2a: Aegislash\n|-supereffective|p2a: Aegislash\n|-damage|p2a: Aegislash|0 fnt\n|faint|p2a: Aegislash\n|\n|upkeep\n|\n|t:|1700084107\n|switch|p2a: Sableye|Sableye-Mega, F, shiny|89\/100\n|turn|35\n|\n|t:|1700084111\n|move|p1a: Typhlosion|Eruption|p2a: Sableye\n|-damage|p2a: Sableye|74\/100\n|move|p2a: Sableye|Knock Off|p1a: Typhlosion\n|-damage|p1a: Typhlosion|0 fnt\n|-enditem|p1a: Typhlosion|Choice Scarf|[from] move: Knock Off|[of] p2a: Sableye\n|faint|p1a: Typhlosion\n|\n|upkeep\n|\n|t:|1700084119\n|switch|p1a: Iron Moth|Iron Moth|100\/100\n|turn|36\n|\n|t:|1700084123\n|move|p1a: Iron Moth|Fiery Dance|p2a: Sableye\n|-damage|p2a: Sableye|37\/100\n|-boost|p1a: Iron Moth|spa|1\n|move|p2a: Sableye|Knock Off|p1a: Iron Moth\n|-damage|p1a: Iron Moth|47\/100\n|-enditem|p1a: Iron Moth|Choice Scarf|[from] move: Knock Off|[of] p2a: Sableye\n|\n|upkeep\n|turn|37\n|\n|t:|1700084144\n|move|p1a: Iron Moth|Fiery Dance|p2a: Sableye\n|-damage|p2a: Sableye|0 fnt\n|-boost|p1a: Iron Moth|spa|1\n|faint|p2a: Sableye\n|\n|win|llamakin15\n|c|\u2606llamakin15|ggs  feel free to change up anything for round 3\n","uploadtime":1700084151,"views":20,"p1id":"llamakin15","p2id":"ansariboss","formatid":"gen9nationaldex","rating":0,"private":0,"password":""}