{"id":"gen9nationaldex-1987925838","p1":"Cooolth","p2":"testing a funni3","format":"[Gen 9] National Dex","log":"|j|\u2606Cooolth\n|j|\u2606testing a funni3\n|t:|1699649807\n|gametype|singles\n|player|p1|Cooolth|clown|1470\n|player|p2|testing a funni3|unknownf|1412\n|teamsize|p1|6\n|teamsize|p2|6\n|gen|9\n|tier|[Gen 9] National Dex\n|rated|\n|rule|HP Percentage Mod: HP is shown in percentages\n|rule|Endless Battle Clause: Forcing endless battles is banned\n|rule|OHKO Clause: OHKO moves are banned\n|rule|Evasion Clause: Evasion abilities, items, and moves are banned\n|rule|Evasion Abilities Clause: Evasion abilities are banned\n|rule|Evasion Items Clause: Evasion items are banned\n|rule|Evasion Moves Clause: Evasion moves are banned\n|rule|Species Clause: Limit one of each Pok\u00e9mon\n|rule|Sleep Clause Mod: Limit one foe put to sleep\n|clearpoke\n|poke|p1|Tapu Lele|\n|poke|p1|Zapdos|\n|poke|p1|Ferrothorn, F|\n|poke|p1|Heatran, M|\n|poke|p1|Urshifu-*, F|\n|poke|p1|Ogerpon-Wellspring, F|\n|poke|p2|Hoopa-Unbound|\n|poke|p2|Tapu Bulu|\n|poke|p2|Volcanion|\n|poke|p2|Scizor, M|\n|poke|p2|Umbreon, M|\n|poke|p2|Zapdos|\n|teampreview\n|\n|t:|1699649824\n|start\n|switch|p1a: Zapdos|Zapdos|100\/100\n|switch|p2a: Volcanion|Volcanion|100\/100\n|turn|1\n|\n|t:|1699649839\n|-terastallize|p2a: Volcanion|Ground\n|move|p1a: Zapdos|Volt Switch|p2a: Volcanion\n|-immune|p2a: Volcanion\n|move|p2a: Volcanion|Steam Eruption|p1a: Zapdos\n|-damage|p1a: Zapdos|49\/100\n|\n|upkeep\n|turn|2\n|\n|t:|1699649849\n|switch|p1a: Ogerpon|Ogerpon-Wellspring, F|100\/100\n|move|p2a: Volcanion|Steam Eruption|p1a: Ogerpon\n|-immune|p1a: Ogerpon|[from] ability: Water Absorb\n|\n|upkeep\n|turn|3\n|\n|t:|1699649857\n|move|p1a: Ogerpon|Swords Dance|p1a: Ogerpon\n|-boost|p1a: Ogerpon|atk|2\n|move|p2a: Volcanion|Sludge Bomb|p1a: Ogerpon\n|-supereffective|p1a: Ogerpon\n|-damage|p1a: Ogerpon|23\/100\n|\n|upkeep\n|turn|4\n|\n|t:|1699649863\n|switch|p2a: Zapdos|Zapdos|100\/100\n|move|p1a: Ogerpon|Power Whip|p2a: Zapdos\n|-resisted|p2a: Zapdos\n|-damage|p2a: Zapdos|34\/100\n|-damage|p1a: Ogerpon|7\/100|[from] item: Rocky Helmet|[of] p2a: Zapdos\n|\n|upkeep\n|turn|5\n|\n|t:|1699649875\n|move|p1a: Ogerpon|Play Rough|p2a: Zapdos\n|-damage|p2a: Zapdos|0 fnt\n|-damage|p1a: Ogerpon|0 fnt|[from] item: Rocky Helmet|[of] p2a: Zapdos\n|faint|p2a: Zapdos\n|faint|p1a: Ogerpon\n|\n|upkeep\n|\n|t:|1699649886\n|switch|p1a: Tapu Lele|Tapu Lele|100\/100\n|switch|p2a: Volcanion|Volcanion, tera:Ground|100\/100\n|-fieldstart|move: Psychic Terrain|[from] ability: Psychic Surge|[of] p1a: Tapu Lele\n|turn|6\n|\n|t:|1699649891\n|move|p1a: Tapu Lele|Psyshock|p2a: Volcanion\n|-damage|p2a: Volcanion|54\/100\n|move|p2a: Volcanion|Sludge Bomb|p1a: Tapu Lele\n|-supereffective|p1a: Tapu Lele\n|-damage|p1a: Tapu Lele|24\/100\n|\n|upkeep\n|turn|7\n|\n|t:|1699649902\n|switch|p1a: Ferrothorn|Ferrothorn, F|100\/100\n|switch|p2a: Hoopa|Hoopa-Unbound|100\/100\n|\n|upkeep\n|turn|8\n|\n|t:|1699649913\n|move|p2a: Hoopa|Drain Punch|p1a: Ferrothorn\n|-supereffective|p1a: Ferrothorn\n|-damage|p1a: Ferrothorn|63\/100\n|-damage|p2a: Hoopa|88\/100|[from] ability: Iron Barbs|[of] p1a: Ferrothorn\n|-damage|p2a: Hoopa|72\/100|[from] item: Rocky Helmet|[of] p1a: Ferrothorn\n|move|p1a: Ferrothorn|Spikes|p2a: Hoopa\n|-sidestart|p2: testing a funni3|Spikes\n|\n|upkeep\n|turn|9\n|\n|t:|1699649918\n|move|p2a: Hoopa|Knock Off|p1a: Ferrothorn\n|-damage|p1a: Ferrothorn|25\/100\n|-damage|p2a: Hoopa|59\/100|[from] ability: Iron Barbs|[of] p1a: Ferrothorn\n|-damage|p2a: Hoopa|43\/100|[from] item: Rocky Helmet|[of] p1a: Ferrothorn\n|-enditem|p1a: Ferrothorn|Rocky Helmet|[from] move: Knock Off|[of] p2a: Hoopa\n|move|p1a: Ferrothorn|Knock Off|p2a: Hoopa\n|-damage|p2a: Hoopa|11\/100\n|-enditem|p2a: Hoopa|Assault Vest|[from] move: Knock Off|[of] p1a: Ferrothorn\n|\n|upkeep\n|turn|10\n|\n|t:|1699649924\n|move|p2a: Hoopa|Knock Off|p1a: Ferrothorn\n|-damage|p1a: Ferrothorn|0 fnt\n|-damage|p2a: Hoopa|0 fnt|[from] ability: Iron Barbs|[of] p1a: Ferrothorn\n|faint|p1a: Ferrothorn\n|faint|p2a: Hoopa\n|\n|-fieldend|move: Psychic Terrain\n|upkeep\n|\n|t:|1699649942\n|switch|p2a: Umbreon|Umbreon, M|100\/100\n|switch|p1a: Urshifu|Urshifu-Rapid-Strike, F|100\/100\n|-damage|p2a: Umbreon|88\/100|[from] Spikes\n|turn|11\n|\n|t:|1699649950\n|move|p1a: Urshifu|Swords Dance|p1a: Urshifu\n|-boost|p1a: Urshifu|atk|2\n|move|p2a: Umbreon|Wish|p2a: Umbreon\n|\n|-heal|p2a: Umbreon|94\/100|[from] item: Leftovers\n|upkeep\n|turn|12\n|\n|t:|1699649955\n|switch|p2a: Tapu Bulu|Tapu Bulu|100\/100\n|-damage|p2a: Tapu Bulu|88\/100|[from] Spikes\n|-fieldstart|move: Grassy Terrain|[from] ability: Grassy Surge|[of] p2a: Tapu Bulu\n|move|p1a: Urshifu|Drain Punch|p2a: Tapu Bulu\n|-resisted|p2a: Tapu Bulu\n|-damage|p2a: Tapu Bulu|65\/100\n|\n|-heal|p2a: Tapu Bulu|100\/100|[from] move: Wish|[wisher] Umbreon\n|upkeep\n|turn|13\n|\n|t:|1699649966\n|switch|p1a: Zapdos|Zapdos|49\/100\n|move|p2a: Tapu Bulu|High Horsepower|p1a: Zapdos\n|-immune|p1a: Zapdos\n|\n|upkeep\n|turn|14\n|\n|t:|1699649974\n|switch|p2a: Volcanion|Volcanion, tera:Ground|54\/100\n|-damage|p2a: Volcanion|42\/100|[from] Spikes\n|move|p1a: Zapdos|Roost|p1a: Zapdos\n|-heal|p1a: Zapdos|99\/100\n|-singleturn|p1a: Zapdos|move: Roost\n|\n|-heal|p1a: Zapdos|100\/100|[from] Grassy Terrain\n|-heal|p2a: Volcanion|48\/100|[from] Grassy Terrain\n|upkeep\n|turn|15\n|\n|t:|1699649980\n|move|p1a: Zapdos|Hurricane|p2a: Volcanion|[miss]\n|-miss|p1a: Zapdos|p2a: Volcanion\n|move|p2a: Volcanion|Steam Eruption|p1a: Zapdos\n|-damage|p1a: Zapdos|44\/100\n|\n|-heal|p2a: Volcanion|54\/100|[from] Grassy Terrain\n|upkeep\n|turn|16\n|\n|t:|1699649986\n|move|p1a: Zapdos|Hurricane|p2a: Volcanion|[miss]\n|-miss|p1a: Zapdos|p2a: Volcanion\n|move|p2a: Volcanion|Steam Eruption|p1a: Zapdos\n|-crit|p1a: Zapdos\n|-damage|p1a: Zapdos|0 fnt\n|faint|p1a: Zapdos\n|\n|-heal|p2a: Volcanion|60\/100|[from] Grassy Terrain\n|upkeep\n|\n|t:|1699649989\n|switch|p1a: Tapu Lele|Tapu Lele|24\/100\n|-fieldstart|move: Psychic Terrain|[from] ability: Psychic Surge|[of] p1a: Tapu Lele\n|turn|17\n|\n|t:|1699650000\n|switch|p2a: Scizor|Scizor, M|100\/100\n|-damage|p2a: Scizor|88\/100|[from] Spikes\n|move|p1a: Tapu Lele|Moonblast|p2a: Scizor\n|-resisted|p2a: Scizor\n|-damage|p2a: Scizor|57\/100\n|\n|upkeep\n|turn|18\n|\n|t:|1699650025\n|switch|p1a: Heatran|Heatran, M|100\/100\n|detailschange|p2a: Scizor|Scizor-Mega, M\n|-mega|p2a: Scizor|Scizor|Scizorite\n|move|p2a: Scizor|Defog|p1a: Heatran\n|-unboost|p1a: Heatran|evasion|1\n|-sideend|p2: testing a funni3|Spikes|[from] move: Defog|[of] p2a: Scizor\n|-fieldend|move: Psychic Terrain\n|\n|upkeep\n|turn|19\n|\n|t:|1699650033\n|switch|p2a: Umbreon|Umbreon, M|94\/100\n|move|p1a: Heatran|Magma Storm|p2a: Umbreon\n|-damage|p2a: Umbreon|63\/100\n|-activate|p2a: Umbreon|move: Magma Storm|[of] p1a: Heatran\n|\n|-heal|p2a: Umbreon|69\/100|[from] item: Leftovers\n|-damage|p2a: Umbreon|57\/100|[from] move: Magma Storm|[partiallytrapped]\n|upkeep\n|turn|20\n|\n|t:|1699650039\n|move|p1a: Heatran|Taunt|p2a: Umbreon\n|-start|p2a: Umbreon|move: Taunt\n|cant|p2a: Umbreon|move: Taunt|Wish\n|\n|-heal|p2a: Umbreon|63\/100|[from] item: Leftovers\n|-damage|p2a: Umbreon|50\/100|[from] move: Magma Storm|[partiallytrapped]\n|upkeep\n|turn|21\n|\n|t:|1699650041\n|move|p1a: Heatran|Earth Power|p2a: Umbreon\n|-damage|p2a: Umbreon|33\/100\n|move|p2a: Umbreon|Foul Play|p1a: Heatran\n|-damage|p1a: Heatran|81\/100\n|\n|-heal|p1a: Heatran|87\/100|[from] item: Leftovers\n|-heal|p2a: Umbreon|39\/100|[from] item: Leftovers\n|-damage|p2a: Umbreon|26\/100|[from] move: Magma Storm|[partiallytrapped]\n|upkeep\n|turn|22\n|\n|t:|1699650048\n|move|p1a: Heatran|Stealth Rock|p2a: Umbreon\n|-sidestart|p2: testing a funni3|move: Stealth Rock\n|move|p2a: Umbreon|Foul Play|p1a: Heatran\n|-damage|p1a: Heatran|66\/100\n|\n|-heal|p1a: Heatran|73\/100|[from] item: Leftovers\n|-heal|p2a: Umbreon|32\/100|[from] item: Leftovers\n|-damage|p2a: Umbreon|20\/100|[from] move: Magma Storm|[partiallytrapped]\n|-end|p2a: Umbreon|move: Taunt\n|upkeep\n|turn|23\n|\n|t:|1699650053\n|move|p1a: Heatran|Taunt|p2a: Umbreon\n|-start|p2a: Umbreon|move: Taunt\n|cant|p2a: Umbreon|move: Taunt|Wish\n|\n|-heal|p1a: Heatran|79\/100|[from] item: Leftovers\n|-heal|p2a: Umbreon|26\/100|[from] item: Leftovers\n|-damage|p2a: Umbreon|14\/100|[from] move: Magma Storm|[partiallytrapped]\n|upkeep\n|turn|24\n|\n|t:|1699650055\n|move|p1a: Heatran|Earth Power|p2a: Umbreon\n|-damage|p2a: Umbreon|0 fnt\n|faint|p2a: Umbreon\n|\n|-heal|p1a: Heatran|85\/100|[from] item: Leftovers\n|upkeep\n|\n|t:|1699650058\n|switch|p2a: Volcanion|Volcanion, tera:Ground|60\/100\n|-damage|p2a: Volcanion|54\/100|[from] Stealth Rock\n|turn|25\n|\n|t:|1699650064\n|move|p1a: Heatran|Magma Storm|p2a: Volcanion|[miss]\n|-miss|p1a: Heatran|p2a: Volcanion\n|move|p2a: Volcanion|Steam Eruption|p1a: Heatran\n|-supereffective|p1a: Heatran\n|-damage|p1a: Heatran|0 fnt\n|faint|p1a: Heatran\n|\n|upkeep\n|\n|t:|1699650068\n|switch|p1a: Urshifu|Urshifu-Rapid-Strike, F|100\/100\n|turn|26\n|\n|t:|1699650081\n|switch|p2a: Tapu Bulu|Tapu Bulu|100\/100\n|-damage|p2a: Tapu Bulu|88\/100|[from] Stealth Rock\n|-fieldstart|move: Grassy Terrain|[from] ability: Grassy Surge|[of] p2a: Tapu Bulu\n|move|p1a: Urshifu|Drain Punch|p2a: Tapu Bulu\n|-resisted|p2a: Tapu Bulu\n|-damage|p2a: Tapu Bulu|76\/100\n|\n|-heal|p2a: Tapu Bulu|82\/100|[from] Grassy Terrain\n|upkeep\n|turn|27\n|\n|t:|1699650096\n|move|p1a: Urshifu|Surging Strikes|p2a: Tapu Bulu\n|-resisted|p2a: Tapu Bulu\n|-crit|p2a: Tapu Bulu\n|-damage|p2a: Tapu Bulu|76\/100\n|-resisted|p2a: Tapu Bulu\n|-crit|p2a: Tapu Bulu\n|-damage|p2a: Tapu Bulu|69\/100\n|-resisted|p2a: Tapu Bulu\n|-crit|p2a: Tapu Bulu\n|-damage|p2a: Tapu Bulu|63\/100\n|-hitcount|p2a: Tapu Bulu|3\n|move|p2a: Tapu Bulu|Horn Leech|p1a: Urshifu\n|-supereffective|p1a: Urshifu\n|-damage|p1a: Urshifu|15\/100\n|-heal|p2a: Tapu Bulu|100\/100|[from] drain|[of] p1a: Urshifu\n|\n|-heal|p1a: Urshifu|22\/100|[from] Grassy Terrain\n|upkeep\n|turn|28\n|\n|t:|1699650101\n|move|p1a: Urshifu|Surging Strikes|p2a: Tapu Bulu\n|-resisted|p2a: Tapu Bulu\n|-crit|p2a: Tapu Bulu\n|-damage|p2a: Tapu Bulu|94\/100\n|-resisted|p2a: Tapu Bulu\n|-crit|p2a: Tapu Bulu\n|-damage|p2a: Tapu Bulu|87\/100\n|-resisted|p2a: Tapu Bulu\n|-crit|p2a: Tapu Bulu\n|-damage|p2a: Tapu Bulu|81\/100\n|-hitcount|p2a: Tapu Bulu|3\n|move|p2a: Tapu Bulu|Horn Leech|p1a: Urshifu\n|-supereffective|p1a: Urshifu\n|-damage|p1a: Urshifu|0 fnt\n|-heal|p2a: Tapu Bulu|92\/100|[from] drain|[of] p1a: Urshifu\n|faint|p1a: Urshifu\n|\n|-heal|p2a: Tapu Bulu|98\/100|[from] Grassy Terrain\n|upkeep\n|\n|t:|1699650103\n|switch|p1a: Tapu Lele|Tapu Lele|24\/100\n|-fieldstart|move: Psychic Terrain|[from] ability: Psychic Surge|[of] p1a: Tapu Lele\n|turn|29\n|\n|t:|1699650108\n|-terastallize|p1a: Tapu Lele|Psychic\n|move|p1a: Tapu Lele|Psyshock|p2a: Tapu Bulu\n|-damage|p2a: Tapu Bulu|54\/100\n|move|p2a: Tapu Bulu|Horn Leech|p1a: Tapu Lele\n|-damage|p1a: Tapu Lele|0 fnt\n|-heal|p2a: Tapu Bulu|64\/100|[from] drain|[of] p1a: Tapu Lele\n|faint|p1a: Tapu Lele\n|\n|win|testing a funni3\n|raw|Cooolth's rating: 1470 &rarr; <strong>1447<\/strong><br \/>(-23 for losing)\n|raw|testing a funni3's rating: 1412 &rarr; <strong>1435<\/strong><br \/>(+23 for winning)\n|l|\u2606Cooolth\n","uploadtime":1699650119,"views":24,"p1id":"cooolth","p2id":"testingafunni3","formatid":"gen9nationaldex","rating":1435,"private":0,"password":""}