{"id":"gen9nationaldex-1998897600","p1":"Young_X_Lion","p2":"abigolname","format":"[Gen 9] National Dex","log":"|html|<div class=\"broadcast-blue\"><strong>[Gen 9] National Dex is currently suspecting Sneasler! For information on how to participate check out the <a href=\"https:\/\/www.smogon.com\/forums\/threads\/sv-national-dex-suspect-8-just-dance.3731534\/\">suspect thread<\/a>.<\/strong><\/div>\n|j|\u2606Young_X_Lion\n|j|\u2606abigolname\n|t:|1701010239\n|gametype|singles\n|player|p1|Young_X_Lion|burglar|1402\n|player|p2|abigolname|ingo|1408\n|teamsize|p1|6\n|teamsize|p2|6\n|gen|9\n|tier|[Gen 9] National Dex\n|rated|\n|rule|HP Percentage Mod: HP is shown in percentages\n|rule|Endless Battle Clause: Forcing endless battles is banned\n|rule|OHKO Clause: OHKO moves are banned\n|rule|Evasion Clause: Evasion abilities, items, and moves are banned\n|rule|Evasion Abilities Clause: Evasion abilities are banned\n|rule|Evasion Items Clause: Evasion items are banned\n|rule|Evasion Moves Clause: Evasion moves are banned\n|rule|Species Clause: Limit one of each Pok\u00e9mon\n|rule|Sleep Clause Mod: Limit one foe put to sleep\n|clearpoke\n|poke|p1|Aggron, M|\n|poke|p1|Tapu Fini|\n|poke|p1|Heatran, M|\n|poke|p1|Great Tusk|\n|poke|p1|Dragonite, M|\n|poke|p1|Grimmsnarl, M|\n|poke|p2|Aggron, F|\n|poke|p2|Latios, M|\n|poke|p2|Gardevoir, F|\n|poke|p2|Pelipper, M|\n|poke|p2|Urshifu-*, F|\n|poke|p2|Heatran, F|\n|teampreview\n|\n|t:|1701010257\n|start\n|switch|p1a: Grimm|Grimmsnarl, M|100\/100\n|switch|p2a: Heatran|Heatran, F|100\/100\n|turn|1\n|\n|t:|1701010266\n|move|p1a: Grimm|Light Screen|p1a: Grimm\n|-sidestart|p1: Young_X_Lion|move: Light Screen\n|move|p2a: Heatran|Stealth Rock|p1a: Grimm\n|-sidestart|p1: Young_X_Lion|move: Stealth Rock\n|\n|upkeep\n|turn|2\n|\n|t:|1701010271\n|move|p1a: Grimm|Reflect|p1a: Grimm\n|-sidestart|p1: Young_X_Lion|Reflect\n|move|p2a: Heatran|Magma Storm|p1a: Grimm\n|-damage|p1a: Grimm|83\/100\n|-activate|p1a: Grimm|move: Magma Storm|[of] p2a: Heatran\n|\n|-damage|p1a: Grimm|71\/100|[from] move: Magma Storm|[partiallytrapped]\n|upkeep\n|turn|3\n|\n|t:|1701010279\n|move|p1a: Grimm|Parting Shot|p2a: Heatran\n|-unboost|p2a: Heatran|atk|1\n|-unboost|p2a: Heatran|spa|1\n|\n|t:|1701010295\n|switch|p1a: Icarus|Dragonite, M|100\/100|[from] Parting Shot\n|move|p2a: Heatran|Earth Power|p1a: Icarus\n|-immune|p1a: Icarus\n|\n|upkeep\n|turn|4\n|inactive|Battle timer is ON: inactive players will automatically lose when time's up. (requested by abigolname)\n|\n|t:|1701010301\n|switch|p2a: Aggron|Aggron, F|100\/100\n|move|p1a: Icarus|Dragon Dance|p1a: Icarus\n|-boost|p1a: Icarus|atk|1\n|-boost|p1a: Icarus|spe|1\n|\n|upkeep\n|turn|5\n|\n|t:|1701010313\n|move|p1a: Icarus|Earthquake|p2a: Aggron\n|-supereffective|p2a: Aggron\n|-ability|p2a: Aggron|Sturdy\n|-damage|p2a: Aggron|1\/100\n|move|p2a: Aggron|Metal Burst|p1a: Icarus\n|-damage|p1a: Icarus|0 fnt\n|faint|p1a: Icarus\n|\n|upkeep\n|\n|t:|1701010322\n|switch|p1a: Mechadon|Aggron, M|100\/100\n|-damage|p1a: Mechadon|94\/100|[from] Stealth Rock\n|turn|6\n|-enditem|p2a: Aggron|Custap Berry|[eat]\n|-activate|p2a: Aggron|item: Custap Berry|[consumed]\n|\n|t:|1701010327\n|detailschange|p1a: Mechadon|Aggron-Mega, M\n|-mega|p1a: Mechadon|Aggron|Aggronite\n|move|p2a: Aggron|Endeavor|p1a: Mechadon\n|-damage|p1a: Mechadon|1\/100\n|move|p1a: Mechadon|Rock Polish|p1a: Mechadon\n|-boost|p1a: Mechadon|spe|2\n|\n|upkeep\n|turn|7\n|\n|t:|1701010336\n|move|p1a: Mechadon|Heavy Slam|p2a: Aggron\n|-damage|p2a: Aggron|0 fnt\n|faint|p2a: Aggron\n|\n|upkeep\n|\n|t:|1701010339\n|switch|p2a: Urshifu|Urshifu-Rapid-Strike, F|100\/100\n|turn|8\n|\n|t:|1701010344\n|move|p2a: Urshifu|Aqua Jet|p1a: Mechadon\n|-damage|p1a: Mechadon|0 fnt\n|faint|p1a: Mechadon\n|\n|-sideend|p1: Young_X_Lion|move: Light Screen\n|upkeep\n|\n|t:|1701010349\n|switch|p1a: Aqua Fini|Tapu Fini|100\/100\n|-damage|p1a: Aqua Fini|88\/100|[from] Stealth Rock\n|-fieldstart|move: Misty Terrain|[from] ability: Misty Surge|[of] p1a: Aqua Fini\n|turn|9\n|\n|t:|1701010357\n|switch|p2a: Heatran|Heatran, F|100\/100\n|move|p1a: Aqua Fini|Trick|p2a: Heatran\n|-activate|p1a: Aqua Fini|move: Trick|[of] p2a: Heatran\n|-item|p2a: Heatran|Choice Scarf|[from] move: Trick\n|-item|p1a: Aqua Fini|Leftovers|[from] move: Trick\n|\n|-heal|p1a: Aqua Fini|94\/100|[from] item: Leftovers\n|-sideend|p1: Young_X_Lion|Reflect\n|upkeep\n|turn|10\n|\n|t:|1701010367\n|move|p1a: Aqua Fini|Defog|p2a: Heatran\n|-unboost|p2a: Heatran|evasion|1\n|-sideend|p1: Young_X_Lion|Stealth Rock|[from] move: Defog|[of] p1a: Aqua Fini\n|-fieldend|Misty Terrain\n|move|p2a: Heatran|Magma Storm|p1a: Aqua Fini\n|-resisted|p1a: Aqua Fini\n|-damage|p1a: Aqua Fini|76\/100\n|-activate|p1a: Aqua Fini|move: Magma Storm|[of] p2a: Heatran\n|\n|-heal|p1a: Aqua Fini|82\/100|[from] item: Leftovers\n|-damage|p1a: Aqua Fini|69\/100|[from] move: Magma Storm|[partiallytrapped]\n|upkeep\n|turn|11\n|\n|t:|1701010372\n|move|p1a: Aqua Fini|Hydro Pump|p2a: Heatran\n|-supereffective|p2a: Heatran\n|-damage|p2a: Heatran|57\/100\n|move|p2a: Heatran|Magma Storm|p1a: Aqua Fini\n|-resisted|p1a: Aqua Fini\n|-damage|p1a: Aqua Fini|52\/100\n|\n|-heal|p1a: Aqua Fini|58\/100|[from] item: Leftovers\n|-damage|p1a: Aqua Fini|46\/100|[from] move: Magma Storm|[partiallytrapped]\n|upkeep\n|turn|12\n|\n|t:|1701010382\n|switch|p2a: Latios|Latios, M|100\/100\n|move|p1a: Aqua Fini|Hydro Pump|p2a: Latios\n|-resisted|p2a: Latios\n|-damage|p2a: Latios|81\/100\n|\n|-heal|p1a: Aqua Fini|52\/100|[from] item: Leftovers\n|-end|p1a: Aqua Fini|Magma Storm|[partiallytrapped]|[silent]\n|upkeep\n|turn|13\n|\n|t:|1701010400\n|switch|p1a: Grimm|Grimmsnarl, M|71\/100\n|move|p2a: Latios|Psyshock|p1a: Grimm\n|-immune|p1a: Grimm\n|\n|upkeep\n|turn|14\n|\n|t:|1701010413\n|switch|p2a: Pelipper|Pelipper, M|100\/100\n|-weather|RainDance|[from] ability: Drizzle|[of] p2a: Pelipper\n|move|p1a: Grimm|Light Screen|p1a: Grimm\n|-sidestart|p1: Young_X_Lion|move: Light Screen\n|\n|-weather|RainDance|[upkeep]\n|upkeep\n|turn|15\n|\n|t:|1701010424\n|move|p1a: Grimm|Reflect|p1a: Grimm\n|-sidestart|p1: Young_X_Lion|Reflect\n|move|p2a: Pelipper|Weather Ball|p1a: Grimm\n|-damage|p1a: Grimm|52\/100\n|\n|-weather|RainDance|[upkeep]\n|upkeep\n|turn|16\n|\n|t:|1701010429\n|move|p1a: Grimm|Parting Shot|p2a: Pelipper\n|-unboost|p2a: Pelipper|atk|1\n|-unboost|p2a: Pelipper|spa|1\n|\n|t:|1701010434\n|switch|p1a: Aqua Fini|Tapu Fini|52\/100|[from] Parting Shot\n|-fieldstart|move: Misty Terrain|[from] ability: Misty Surge|[of] p1a: Aqua Fini\n|move|p2a: Pelipper|U-turn|p1a: Aqua Fini\n|-resisted|p1a: Aqua Fini\n|-damage|p1a: Aqua Fini|51\/100\n|\n|t:|1701010446\n|switch|p2a: Latios|Latios, M|81\/100|[from] U-turn\n|\n|-weather|RainDance|[upkeep]\n|-heal|p1a: Aqua Fini|57\/100|[from] item: Leftovers\n|upkeep\n|turn|17\n|\n|t:|1701010453\n|move|p2a: Latios|Psyshock|p1a: Aqua Fini\n|-damage|p1a: Aqua Fini|30\/100\n|move|p1a: Aqua Fini|Moonblast|p2a: Latios\n|-supereffective|p2a: Latios\n|-damage|p2a: Latios|15\/100\n|\n|-weather|RainDance|[upkeep]\n|-heal|p1a: Aqua Fini|36\/100|[from] item: Leftovers\n|upkeep\n|turn|18\n|\n|t:|1701010463\n|switch|p2a: Heatran|Heatran, F|57\/100\n|move|p1a: Aqua Fini|Moonblast|p2a: Heatran\n|-resisted|p2a: Heatran\n|-damage|p2a: Heatran|52\/100\n|\n|-weather|none\n|-heal|p1a: Aqua Fini|43\/100|[from] item: Leftovers\n|upkeep\n|turn|19\n|\n|t:|1701010475\n|move|p1a: Aqua Fini|Hydro Pump|p2a: Heatran|[miss]\n|-miss|p1a: Aqua Fini|p2a: Heatran\n|move|p2a: Heatran|Earth Power|p1a: Aqua Fini\n|-damage|p1a: Aqua Fini|32\/100\n|-unboost|p1a: Aqua Fini|spd|1\n|\n|-heal|p1a: Aqua Fini|38\/100|[from] item: Leftovers\n|upkeep\n|turn|20\n|\n|t:|1701010482\n|move|p1a: Aqua Fini|Hydro Pump|p2a: Heatran|[miss]\n|-miss|p1a: Aqua Fini|p2a: Heatran\n|move|p2a: Heatran|Earth Power|p1a: Aqua Fini\n|-damage|p1a: Aqua Fini|22\/100\n|\n|-heal|p1a: Aqua Fini|29\/100|[from] item: Leftovers\n|-fieldend|Misty Terrain\n|upkeep\n|turn|21\n|\n|t:|1701010485\n|move|p1a: Aqua Fini|Hydro Pump|p2a: Heatran\n|-supereffective|p2a: Heatran\n|-damage|p2a: Heatran|2\/100\n|move|p2a: Heatran|Earth Power|p1a: Aqua Fini\n|-damage|p1a: Aqua Fini|14\/100\n|\n|-heal|p1a: Aqua Fini|20\/100|[from] item: Leftovers\n|-sideend|p1: Young_X_Lion|move: Light Screen\n|upkeep\n|turn|22\n|\n|t:|1701010490\n|switch|p2a: Pelipper|Pelipper, M|100\/100\n|-weather|RainDance|[from] ability: Drizzle|[of] p2a: Pelipper\n|move|p1a: Aqua Fini|Moonblast|p2a: Pelipper\n|-damage|p2a: Pelipper|51\/100\n|\n|-weather|RainDance|[upkeep]\n|-heal|p1a: Aqua Fini|26\/100|[from] item: Leftovers\n|-sideend|p1: Young_X_Lion|Reflect\n|upkeep\n|turn|23\n|\n|t:|1701010496\n|move|p1a: Aqua Fini|Moonblast|p2a: Pelipper\n|-damage|p2a: Pelipper|3\/100\n|move|p2a: Pelipper|U-turn|p1a: Aqua Fini\n|-resisted|p1a: Aqua Fini\n|-damage|p1a: Aqua Fini|22\/100\n|\n|t:|1701010501\n|switch|p2a: Latios|Latios, M|15\/100|[from] U-turn\n|\n|-weather|RainDance|[upkeep]\n|-heal|p1a: Aqua Fini|29\/100|[from] item: Leftovers\n|upkeep\n|turn|24\n|\n|t:|1701010508\n|move|p2a: Latios|Simple Beam|p1a: Aqua Fini\n|-endability|p1a: Aqua Fini|Misty Surge|[from] move: Simple Beam\n|-ability|p1a: Aqua Fini|Simple|[from] move: Simple Beam\n|move|p1a: Aqua Fini|Moonblast|p2a: Latios\n|-supereffective|p2a: Latios\n|-damage|p2a: Latios|0 fnt\n|faint|p2a: Latios\n|\n|-weather|RainDance|[upkeep]\n|-heal|p1a: Aqua Fini|35\/100|[from] item: Leftovers\n|upkeep\n|\n|t:|1701010510\n|switch|p2a: Gardevoir|Gardevoir, F|100\/100\n|-ability|p2a: Gardevoir|Simple|[from] ability: Trace|[of] p1a: Aqua Fini\n|turn|25\n|\n|t:|1701010519\n|switch|p1a: Hephaestus|Heatran, M|100\/100\n|move|p2a: Gardevoir|Calm Mind|p2a: Gardevoir\n|-boost|p2a: Gardevoir|spa|2\n|-boost|p2a: Gardevoir|spd|2\n|\n|-weather|RainDance|[upkeep]\n|upkeep\n|turn|26\n|\n|t:|1701010525\n|move|p2a: Gardevoir|Calm Mind|p2a: Gardevoir\n|-boost|p2a: Gardevoir|spa|2\n|-boost|p2a: Gardevoir|spd|2\n|move|p1a: Hephaestus|Magma Storm|p2a: Gardevoir|[miss]\n|-miss|p1a: Hephaestus|p2a: Gardevoir\n|\n|-weather|none\n|upkeep\n|turn|27\n|\n|t:|1701010533\n|move|p2a: Gardevoir|Calm Mind|p2a: Gardevoir\n|-boost|p2a: Gardevoir|spa|2\n|-boost|p2a: Gardevoir|spd|2\n|move|p1a: Hephaestus|Magma Storm|p2a: Gardevoir\n|-damage|p2a: Gardevoir|89\/100\n|-activate|p2a: Gardevoir|move: Magma Storm|[of] p1a: Hephaestus\n|\n|-damage|p2a: Gardevoir|76\/100|[from] move: Magma Storm|[partiallytrapped]\n|upkeep\n|turn|28\n|\n|t:|1701010548\n|-terastallize|p2a: Gardevoir|Psychic\n|move|p2a: Gardevoir|Stored Power|p1a: Hephaestus\n|-resisted|p1a: Hephaestus\n|-damage|p1a: Hephaestus|0 fnt\n|faint|p1a: Hephaestus\n|\n|-end|p2a: Gardevoir|Magma Storm|[partiallytrapped]|[silent]\n|upkeep\n|\n|t:|1701010554\n|switch|p1a: Grimm|Grimmsnarl, M|52\/100\n|turn|29\n|\n|t:|1701010556\n|move|p1a: Grimm|Light Screen|p1a: Grimm\n|-sidestart|p1: Young_X_Lion|move: Light Screen\n|move|p2a: Gardevoir|Draining Kiss|p1a: Grimm\n|-supereffective|p1a: Grimm\n|-damage|p1a: Grimm|0 fnt\n|-heal|p2a: Gardevoir|100\/100|[from] drain|[of] p1a: Grimm\n|faint|p1a: Grimm\n|\n|upkeep\n|\n|t:|1701010563\n|switch|p1a: Aqua Fini|Tapu Fini|35\/100\n|-fieldstart|move: Misty Terrain|[from] ability: Misty Surge|[of] p1a: Aqua Fini\n|turn|30\n|\n|t:|1701010568\n|move|p1a: Aqua Fini|Trick|p2a: Gardevoir\n|-activate|p1a: Aqua Fini|move: Trick|[of] p2a: Gardevoir\n|-item|p2a: Gardevoir|Leftovers|[from] move: Trick\n|-item|p1a: Aqua Fini|Salac Berry|[from] move: Trick\n|move|p2a: Gardevoir|Draining Kiss|p1a: Aqua Fini\n|-damage|p1a: Aqua Fini|0 fnt\n|faint|p1a: Aqua Fini\n|\n|upkeep\n|\n|t:|1701010574\n|switch|p1a: Tantor|Great Tusk|100\/100\n|turn|31\n|\n|t:|1701010578\n|-terastallize|p1a: Tantor|Ground\n|move|p1a: Tantor|Earthquake|p2a: Gardevoir\n|-damage|p2a: Gardevoir|0 fnt\n|faint|p2a: Gardevoir\n|\n|upkeep\n|\n|t:|1701010584\n|switch|p2a: Pelipper|Pelipper, M|3\/100\n|-weather|RainDance|[from] ability: Drizzle|[of] p2a: Pelipper\n|turn|32\n|\n|t:|1701010587\n|move|p1a: Tantor|Rapid Spin|p2a: Pelipper\n|-damage|p2a: Pelipper|0 fnt\n|-boost|p1a: Tantor|spe|1\n|faint|p2a: Pelipper\n|\n|-weather|RainDance|[upkeep]\n|upkeep\n|\n|t:|1701010595\n|switch|p2a: Heatran|Heatran, F|2\/100\n|turn|33\n|\n|t:|1701010601\n|move|p1a: Tantor|Rapid Spin|p2a: Heatran\n|-resisted|p2a: Heatran\n|-damage|p2a: Heatran|0 fnt\n|-boost|p1a: Tantor|spe|1\n|faint|p2a: Heatran\n|\n|-weather|RainDance|[upkeep]\n|upkeep\n|\n|t:|1701010604\n|switch|p2a: Urshifu|Urshifu-Rapid-Strike, F|100\/100\n|turn|34\n|\n|t:|1701010608\n|move|p1a: Tantor|Earthquake|p2a: Urshifu\n|-damage|p2a: Urshifu|28\/100\n|move|p2a: Urshifu|Surging Strikes|p1a: Tantor\n|-supereffective|p1a: Tantor\n|-crit|p1a: Tantor\n|-damage|p1a: Tantor|57\/100\n|-supereffective|p1a: Tantor\n|-crit|p1a: Tantor\n|-damage|p1a: Tantor|15\/100\n|-supereffective|p1a: Tantor\n|-crit|p1a: Tantor\n|-damage|p1a: Tantor|0 fnt\n|faint|p1a: Tantor\n|-end|p1a: Tantor|Protosynthesis|[silent]\n|-hitcount|p1: Tantor|3\n|\n|win|abigolname\n|raw|Young_X_Lion's rating: 1402 &rarr; <strong>1382<\/strong><br \/>(-20 for losing)\n|raw|abigolname's rating: 1408 &rarr; <strong>1428<\/strong><br \/>(+20 for winning)\n|l|\u2606Young_X_Lion\n","uploadtime":1701010630,"views":1,"p1id":"youngxlion","p2id":"abigolname","formatid":"gen9nationaldex","rating":1382,"private":0,"password":""}