{"id":"gen9nationaldex-1993034734","p1":"Cashdatrox1236","p2":"zsmith45","format":"[Gen 9] National Dex","log":"|j|\u2606Cashdatrox1236\n|j|\u2606zsmith45\n|t:|1700257621\n|gametype|singles\n|player|p1|Cashdatrox1236|riley|1093\n|player|p2|zsmith45|riley|1149\n|teamsize|p1|6\n|teamsize|p2|6\n|gen|9\n|tier|[Gen 9] National Dex\n|rated|\n|rule|HP Percentage Mod: HP is shown in percentages\n|rule|Endless Battle Clause: Forcing endless battles is banned\n|rule|OHKO Clause: OHKO moves are banned\n|rule|Evasion Clause: Evasion abilities, items, and moves are banned\n|rule|Evasion Abilities Clause: Evasion abilities are banned\n|rule|Evasion Items Clause: Evasion items are banned\n|rule|Evasion Moves Clause: Evasion moves are banned\n|rule|Species Clause: Limit one of each Pok\u00e9mon\n|rule|Sleep Clause Mod: Limit one foe put to sleep\n|clearpoke\n|poke|p1|Gliscor, F|\n|poke|p1|Samurott-Hisui, M|\n|poke|p1|Xurkitree|\n|poke|p1|Scizor, M|\n|poke|p1|Blaziken, M|\n|poke|p1|Serperior, M|\n|poke|p2|Mesprit|\n|poke|p2|Pelipper, M|\n|poke|p2|Golisopod, F|\n|poke|p2|Toxapex, F|\n|poke|p2|Rotom-Wash|\n|poke|p2|Alomomola, F|\n|teampreview\n|\n|t:|1700257638\n|start\n|switch|p1a: Xurkitree|Xurkitree|100\/100\n|switch|p2a: Toxapex|Toxapex, F, shiny|100\/100\n|turn|1\n|c|\u2606Cashdatrox1236|Do you like waters types by chance\n|\n|t:|1700257651\n|move|p1a: Xurkitree|Discharge|p2a: Toxapex\n|-supereffective|p2a: Toxapex\n|-damage|p2a: Toxapex|13\/100\n|move|p2a: Toxapex|Toxic|p1a: Xurkitree\n|-status|p1a: Xurkitree|tox\n|\n|-heal|p2a: Toxapex|19\/100|[from] item: Black Sludge\n|-damage|p1a: Xurkitree|94\/100 tox|[from] psn\n|upkeep\n|turn|2\n|inactive|Battle timer is ON: inactive players will automatically lose when time's up. (requested by zsmith45)\n|\n|t:|1700257663\n|move|p1a: Xurkitree|Discharge|p2a: Toxapex\n|-supereffective|p2a: Toxapex\n|-damage|p2a: Toxapex|0 fnt\n|faint|p2a: Toxapex\n|-ability|p1a: Xurkitree|Beast Boost|boost\n|-boost|p1a: Xurkitree|spa|1\n|\n|-damage|p1a: Xurkitree|82\/100 tox|[from] psn\n|upkeep\n|\n|t:|1700257673\n|switch|p2a: Mesprit|Mesprit|100\/100\n|turn|3\n|\n|t:|1700257678\n|move|p2a: Mesprit|Calm Mind|p2a: Mesprit\n|-boost|p2a: Mesprit|spa|1\n|-boost|p2a: Mesprit|spd|1\n|move|p1a: Xurkitree|Signal Beam|p2a: Mesprit\n|-supereffective|p2a: Mesprit\n|-damage|p2a: Mesprit|30\/100\n|-start|p2a: Mesprit|confusion\n|\n|-damage|p1a: Xurkitree|63\/100 tox|[from] psn\n|upkeep\n|turn|4\n|\n|t:|1700257690\n|-activate|p2a: Mesprit|confusion\n|-damage|p2a: Mesprit|21\/100|[from] confusion\n|-enditem|p2a: Mesprit|Salac Berry|[eat]\n|-boost|p2a: Mesprit|spe|1|[from] item: Salac Berry\n|move|p1a: Xurkitree|Signal Beam|p2a: Mesprit\n|-supereffective|p2a: Mesprit\n|-damage|p2a: Mesprit|0 fnt\n|faint|p2a: Mesprit\n|-ability|p1a: Xurkitree|Beast Boost|boost\n|-boost|p1a: Xurkitree|spa|1\n|\n|-damage|p1a: Xurkitree|38\/100 tox|[from] psn\n|upkeep\n|\n|t:|1700257699\n|switch|p2a: Pelipper|Pelipper, M|100\/100\n|-weather|RainDance|[from] ability: Drizzle|[of] p2a: Pelipper\n|turn|5\n|\n|t:|1700257706\n|-terastallize|p2a: Pelipper|Ground\n|move|p1a: Xurkitree|Discharge|p2a: Pelipper\n|-immune|p2a: Pelipper\n|move|p2a: Pelipper|Scald|p1a: Xurkitree\n|-damage|p1a: Xurkitree|8\/100 tox\n|\n|-weather|RainDance|[upkeep]\n|-damage|p1a: Xurkitree|0 fnt|[from] psn\n|faint|p1a: Xurkitree\n|upkeep\n|\n|t:|1700257720\n|switch|p1a: Samurott|Samurott-Hisui, M|100\/100\n|turn|6\n|\n|t:|1700257729\n|-terastallize|p1a: Samurott|Water\n|move|p1a: Samurott|Aqua Cutter|p2a: Pelipper\n|-supereffective|p2a: Pelipper\n|-damage|p2a: Pelipper|0 fnt\n|faint|p2a: Pelipper\n|\n|-weather|RainDance|[upkeep]\n|upkeep\n|\n|t:|1700257735\n|switch|p2a: Rotom|Rotom-Wash|100\/100\n|turn|7\n|\n|t:|1700257740\n|move|p2a: Rotom|Thunder Wave|p1a: Samurott\n|-status|p1a: Samurott|par\n|move|p1a: Samurott|Ceaseless Edge|p2a: Rotom\n|-damage|p2a: Rotom|36\/100\n|-sidestart|p2: zsmith45|Spikes\n|\n|-weather|RainDance|[upkeep]\n|upkeep\n|turn|8\n|\n|t:|1700257749\n|move|p2a: Rotom|Thunderbolt|p1a: Samurott\n|-supereffective|p1a: Samurott\n|-damage|p1a: Samurott|0 fnt\n|faint|p1a: Samurott\n|\n|-weather|RainDance|[upkeep]\n|upkeep\n|\n|t:|1700257757\n|switch|p1a: Serperior|Serperior, M|100\/100\n|turn|9\n|\n|t:|1700257764\n|move|p2a: Rotom|Thunder Wave|p1a: Serperior\n|-status|p1a: Serperior|par\n|cant|p1a: Serperior|par\n|\n|-weather|none\n|upkeep\n|turn|10\n|\n|t:|1700257772\n|move|p2a: Rotom|Shadow Ball|p1a: Serperior\n|-damage|p1a: Serperior|73\/100 par\n|move|p1a: Serperior|Leaf Blade|p2a: Rotom\n|-supereffective|p2a: Rotom\n|-damage|p2a: Rotom|0 fnt\n|faint|p2a: Rotom\n|\n|upkeep\n|\n|t:|1700257780\n|switch|p2a: Golisopod|Golisopod, F|100\/100\n|-damage|p2a: Golisopod|88\/100|[from] Spikes\n|turn|11\n|\n|t:|1700257786\n|move|p2a: Golisopod|First Impression|p1a: Serperior\n|-supereffective|p1a: Serperior\n|-damage|p1a: Serperior|0 fnt\n|faint|p1a: Serperior\n|\n|upkeep\n|\n|t:|1700257792\n|switch|p1a: Gliscor|Gliscor, F|100\/100\n|turn|12\n|\n|t:|1700257799\n|move|p1a: Gliscor|Dual Wingbeat|p2a: Golisopod\n|-supereffective|p2a: Golisopod\n|-damage|p2a: Golisopod|61\/100\n|-supereffective|p2a: Golisopod\n|-damage|p2a: Golisopod|38\/100\n|-hitcount|p2a: Golisopod|2\n|-activate|p2a: Golisopod|ability: Emergency Exit\n|\n|t:|1700257805\n|switch|p2a: Alomomola|Alomomola, F|100\/100\n|-damage|p2a: Alomomola|88\/100|[from] Spikes\n|\n|-heal|p2a: Alomomola|94\/100|[from] item: Leftovers\n|-status|p1a: Gliscor|tox|[from] item: Toxic Orb\n|upkeep\n|turn|13\n|\n|t:|1700257814\n|move|p1a: Gliscor|Dual Wingbeat|p2a: Alomomola\n|-damage|p2a: Alomomola|85\/100\n|-damage|p2a: Alomomola|76\/100\n|-hitcount|p2a: Alomomola|2\n|move|p2a: Alomomola|Flip Turn|p1a: Gliscor\n|-supereffective|p1a: Gliscor\n|-damage|p1a: Gliscor|71\/100 tox\n|\n|t:|1700257822\n|switch|p2a: Golisopod|Golisopod, F|38\/100|[from] Flip Turn\n|-damage|p2a: Golisopod|26\/100|[from] Spikes\n|\n|-heal|p1a: Gliscor|83\/100 tox|[from] ability: Poison Heal\n|upkeep\n|turn|14\n|\n|t:|1700257830\n|move|p1a: Gliscor|Dual Wingbeat|p2a: Golisopod\n|-supereffective|p2a: Golisopod\n|-crit|p2a: Golisopod\n|-damage|p2a: Golisopod|0 fnt\n|faint|p2a: Golisopod\n|-hitcount|p2: Golisopod|1\n|\n|-heal|p1a: Gliscor|96\/100 tox|[from] ability: Poison Heal\n|upkeep\n|\n|t:|1700257833\n|switch|p2a: Alomomola|Alomomola, F|100\/100\n|-damage|p2a: Alomomola|88\/100|[from] Spikes\n|turn|15\n|\n|t:|1700257842\n|move|p1a: Gliscor|Dual Wingbeat|p2a: Alomomola\n|-damage|p2a: Alomomola|79\/100\n|-damage|p2a: Alomomola|70\/100\n|-hitcount|p2a: Alomomola|2\n|move|p2a: Alomomola|Play Rough|p1a: Gliscor\n|-damage|p1a: Gliscor|79\/100 tox\n|\n|-heal|p2a: Alomomola|76\/100|[from] item: Leftovers\n|-heal|p1a: Gliscor|92\/100 tox|[from] ability: Poison Heal\n|upkeep\n|turn|16\n|\n|t:|1700257854\n|move|p1a: Gliscor|Dual Wingbeat|p2a: Alomomola\n|-damage|p2a: Alomomola|66\/100\n|-damage|p2a: Alomomola|57\/100\n|-hitcount|p2a: Alomomola|2\n|move|p2a: Alomomola|Flip Turn|p1a: Gliscor\n|-supereffective|p1a: Gliscor\n|-damage|p1a: Gliscor|63\/100 tox\n|\n|-heal|p2a: Alomomola|63\/100|[from] item: Leftovers\n|-heal|p1a: Gliscor|75\/100 tox|[from] ability: Poison Heal\n|upkeep\n|turn|17\n|\n|t:|1700257867\n|move|p1a: Gliscor|Dual Wingbeat|p2a: Alomomola|[miss]\n|-miss|p1a: Gliscor|p2a: Alomomola\n|move|p2a: Alomomola|Flip Turn|p1a: Gliscor\n|-supereffective|p1a: Gliscor\n|-damage|p1a: Gliscor|42\/100 tox\n|\n|-heal|p2a: Alomomola|69\/100|[from] item: Leftovers\n|-heal|p1a: Gliscor|54\/100 tox|[from] ability: Poison Heal\n|upkeep\n|turn|18\n|\n|t:|1700257877\n|move|p1a: Gliscor|Dual Wingbeat|p2a: Alomomola\n|-damage|p2a: Alomomola|60\/100\n|-damage|p2a: Alomomola|51\/100\n|-hitcount|p2a: Alomomola|2\n|move|p2a: Alomomola|Flip Turn|p1a: Gliscor\n|-supereffective|p1a: Gliscor\n|-damage|p1a: Gliscor|21\/100 tox\n|\n|-heal|p2a: Alomomola|57\/100|[from] item: Leftovers\n|-heal|p1a: Gliscor|34\/100 tox|[from] ability: Poison Heal\n|upkeep\n|turn|19\n|\n|t:|1700257889\n|move|p1a: Gliscor|Dual Wingbeat|p2a: Alomomola\n|-damage|p2a: Alomomola|48\/100\n|-damage|p2a: Alomomola|38\/100\n|-hitcount|p2a: Alomomola|2\n|move|p2a: Alomomola|Flip Turn|p1a: Gliscor\n|-supereffective|p1a: Gliscor\n|-damage|p1a: Gliscor|1\/100 tox\n|\n|-heal|p2a: Alomomola|45\/100|[from] item: Leftovers\n|-heal|p1a: Gliscor|13\/100 tox|[from] ability: Poison Heal\n|upkeep\n|turn|20\n|\n|t:|1700257901\n|move|p1a: Gliscor|Dual Wingbeat|p2a: Alomomola\n|-damage|p2a: Alomomola|35\/100\n|-damage|p2a: Alomomola|26\/100\n|-hitcount|p2a: Alomomola|2\n|move|p2a: Alomomola|Flip Turn|p1a: Gliscor\n|-supereffective|p1a: Gliscor\n|-damage|p1a: Gliscor|0 fnt\n|faint|p1a: Gliscor\n|\n|-heal|p2a: Alomomola|33\/100|[from] item: Leftovers\n|upkeep\n|\n|t:|1700257913\n|switch|p1a: Scizor|Scizor, M|100\/100\n|turn|21\n|\n|t:|1700257924\n|detailschange|p1a: Scizor|Scizor-Mega, M\n|-mega|p1a: Scizor|Scizor|Scizorite\n|move|p1a: Scizor|Aerial Ace|p2a: Alomomola\n|-damage|p2a: Alomomola|14\/100\n|move|p2a: Alomomola|Pain Split|p1a: Scizor\n|-sethp|p1a: Scizor|61\/100|[from] move: Pain Split|[silent]\n|-sethp|p2a: Alomomola|40\/100|[from] move: Pain Split\n|\n|-heal|p2a: Alomomola|46\/100|[from] item: Leftovers\n|upkeep\n|turn|22\n|\n|t:|1700257935\n|move|p1a: Scizor|Aerial Ace|p2a: Alomomola\n|-damage|p2a: Alomomola|28\/100\n|move|p2a: Alomomola|Wish|p2a: Alomomola\n|\n|-heal|p2a: Alomomola|34\/100|[from] item: Leftovers\n|upkeep\n|turn|23\n|\n|t:|1700257943\n|move|p1a: Scizor|Aerial Ace|p2a: Alomomola\n|-damage|p2a: Alomomola|16\/100\n|move|p2a: Alomomola|Flip Turn|p1a: Scizor\n|-damage|p1a: Scizor|50\/100\n|\n|-heal|p2a: Alomomola|66\/100|[from] move: Wish|[wisher] Alomomola\n|-heal|p2a: Alomomola|72\/100|[from] item: Leftovers\n|upkeep\n|turn|24\n|\n|t:|1700257953\n|move|p1a: Scizor|Bug Buzz|p2a: Alomomola\n|-damage|p2a: Alomomola|46\/100\n|move|p2a: Alomomola|Flip Turn|p1a: Scizor\n|-damage|p1a: Scizor|39\/100\n|\n|-heal|p2a: Alomomola|52\/100|[from] item: Leftovers\n|upkeep\n|turn|25\n|\n|t:|1700257963\n|move|p1a: Scizor|Bug Buzz|p2a: Alomomola\n|-damage|p2a: Alomomola|26\/100\n|move|p2a: Alomomola|Wish|p2a: Alomomola\n|\n|-heal|p2a: Alomomola|33\/100|[from] item: Leftovers\n|upkeep\n|turn|26\n|\n|t:|1700257971\n|move|p1a: Scizor|Bug Buzz|p2a: Alomomola\n|-damage|p2a: Alomomola|6\/100\n|move|p2a: Alomomola|Flip Turn|p1a: Scizor\n|-damage|p1a: Scizor|26\/100\n|\n|-heal|p2a: Alomomola|56\/100|[from] move: Wish|[wisher] Alomomola\n|-heal|p2a: Alomomola|62\/100|[from] item: Leftovers\n|upkeep\n|turn|27\n|\n|t:|1700257982\n|move|p1a: Scizor|Bug Buzz|p2a: Alomomola\n|-damage|p2a: Alomomola|38\/100\n|move|p2a: Alomomola|Wish|p2a: Alomomola\n|\n|-heal|p2a: Alomomola|44\/100|[from] item: Leftovers\n|upkeep\n|turn|28\n|\n|t:|1700257989\n|move|p1a: Scizor|Bug Buzz|p2a: Alomomola\n|-damage|p2a: Alomomola|18\/100\n|-unboost|p2a: Alomomola|spd|1\n|move|p2a: Alomomola|Flip Turn|p1a: Scizor\n|-damage|p1a: Scizor|14\/100\n|\n|-heal|p2a: Alomomola|68\/100|[from] move: Wish|[wisher] Alomomola\n|-heal|p2a: Alomomola|74\/100|[from] item: Leftovers\n|upkeep\n|turn|29\n|\n|t:|1700258001\n|move|p1a: Scizor|Bug Buzz|p2a: Alomomola\n|-damage|p2a: Alomomola|33\/100\n|move|p2a: Alomomola|Flip Turn|p1a: Scizor\n|-damage|p1a: Scizor|2\/100\n|\n|-heal|p2a: Alomomola|39\/100|[from] item: Leftovers\n|upkeep\n|turn|30\n|\n|t:|1700258010\n|move|p1a: Scizor|Bug Buzz|p2a: Alomomola\n|-damage|p2a: Alomomola|0 fnt\n|faint|p2a: Alomomola\n|\n|win|Cashdatrox1236\n|raw|Cashdatrox1236's rating: 1093 &rarr; <strong>1123<\/strong><br \/>(+30 for winning)\n|raw|zsmith45's rating: 1149 &rarr; <strong>1120<\/strong><br \/>(-29 for losing)\n|l|\u2606zsmith45\n|c|\u2606Cashdatrox1236|Gg\n","uploadtime":1700258033,"views":15,"p1id":"cashdatrox1236","p2id":"zsmith45","formatid":"gen9nationaldex","rating":1120,"private":0,"password":""}