{"id":"gen9nationaldex-1997833672","p1":"kertay","p2":"Ash Ketchum344","format":"[Gen 9] National Dex","log":"|html|<div class=\"broadcast-blue\"><strong>[Gen 9] National Dex is currently suspecting Sneasler! For information on how to participate check out the <a href=\"https:\/\/www.smogon.com\/forums\/threads\/sv-national-dex-suspect-8-just-dance.3731534\/\">suspect thread<\/a>.<\/strong><\/div>\n|j|\u2606kertay\n|j|\u2606Ash Ketchum344\n|t:|1700857702\n|gametype|singles\n|player|p1|kertay|palmer|1054\n|player|p2|Ash Ketchum344|lucas-gen4pt|1052\n|teamsize|p1|6\n|teamsize|p2|6\n|gen|9\n|tier|[Gen 9] National Dex\n|rated|\n|rule|HP Percentage Mod: HP is shown in percentages\n|rule|Endless Battle Clause: Forcing endless battles is banned\n|rule|OHKO Clause: OHKO moves are banned\n|rule|Evasion Clause: Evasion abilities, items, and moves are banned\n|rule|Evasion Abilities Clause: Evasion abilities are banned\n|rule|Evasion Items Clause: Evasion items are banned\n|rule|Evasion Moves Clause: Evasion moves are banned\n|rule|Species Clause: Limit one of each Pok\u00e9mon\n|rule|Sleep Clause Mod: Limit one foe put to sleep\n|clearpoke\n|poke|p1|Ambipom, F|\n|poke|p1|Enamorus-Therian, F|\n|poke|p1|Sharpedo, M|\n|poke|p1|Rotom-Heat|\n|poke|p1|Volcanion|\n|poke|p1|Torterra, M|\n|poke|p2|Pikachu, F|\n|poke|p2|Dracozolt|\n|poke|p2|Lucario, F|\n|poke|p2|Sirfetch\u2019d, M|\n|poke|p2|Dragonite, M|\n|poke|p2|Gengar, M|\n|teampreview\n|\n|t:|1700857708\n|start\n|switch|p1a: Rotom|Rotom-Heat|100\/100\n|switch|p2a: Pikachu|Pikachu, F|100\/100\n|turn|1\n|\n|t:|1700857714\n|move|p2a: Pikachu|Fake Out|p1a: Rotom\n|-damage|p1a: Rotom|81\/100\n|cant|p1a: Rotom|flinch\n|\n|upkeep\n|turn|2\n|\n|t:|1700857719\n|move|p2a: Pikachu|Extreme Speed|p1a: Rotom\n|-damage|p1a: Rotom|49\/100\n|move|p1a: Rotom|Trick|p2a: Pikachu\n|-activate|p1a: Rotom|move: Trick|[of] p2a: Pikachu\n|-item|p2a: Pikachu|Choice Scarf|[from] move: Trick\n|-item|p1a: Rotom|Light Ball|[from] move: Trick\n|\n|upkeep\n|turn|3\n|\n|t:|1700857728\n|move|p2a: Pikachu|Extreme Speed|p1a: Rotom\n|-damage|p1a: Rotom|30\/100\n|move|p1a: Rotom|Overheat|p2a: Pikachu\n|-damage|p2a: Pikachu|0 fnt\n|-unboost|p1a: Rotom|spa|2\n|faint|p2a: Pikachu\n|\n|upkeep\n|\n|t:|1700857745\n|switch|p2a: Dracozolt|Dracozolt|100\/100\n|turn|4\n|\n|t:|1700857751\n|switch|p1a: Torterra|Torterra, M|100\/100\n|move|p2a: Dracozolt|Bolt Beak|p1a: Torterra\n|-immune|p1a: Torterra\n|\n|upkeep\n|turn|5\n|\n|t:|1700857758\n|switch|p2a: Sirfetch\u2019d|Sirfetch\u2019d, M|100\/100\n|move|p1a: Torterra|Shell Smash|p1a: Torterra\n|-unboost|p1a: Torterra|def|1\n|-unboost|p1a: Torterra|spd|1\n|-boost|p1a: Torterra|atk|2\n|-boost|p1a: Torterra|spa|2\n|-boost|p1a: Torterra|spe|2\n|\n|upkeep\n|turn|6\n|inactive|Battle timer is ON: inactive players will automatically lose when time's up. (requested by Ash Ketchum344)\n|\n|t:|1700857767\n|move|p2a: Sirfetch\u2019d|First Impression|p1a: Torterra\n|-supereffective|p1a: Torterra\n|-damage|p1a: Torterra|0 fnt\n|faint|p1a: Torterra\n|\n|upkeep\n|\n|t:|1700857772\n|switch|p1a: Enamorus|Enamorus-Therian, F|100\/100\n|turn|7\n|\n|t:|1700857779\n|switch|p2a: Gengar|Gengar, M|100\/100\n|move|p1a: Enamorus|Springtide Storm|p2a: Gengar|[miss]\n|-miss|p1a: Enamorus|p2a: Gengar\n|\n|upkeep\n|turn|8\n|\n|t:|1700857786\n|switch|p1a: Volcanion|Volcanion|100\/100\n|move|p2a: Gengar|Shadow Ball|p1a: Volcanion\n|-damage|p1a: Volcanion|55\/100\n|\n|upkeep\n|turn|9\n|\n|t:|1700857795\n|move|p2a: Gengar|Shadow Ball|p1a: Volcanion\n|-damage|p1a: Volcanion|13\/100\n|move|p1a: Volcanion|Earth Power|p2a: Gengar\n|-supereffective|p2a: Gengar\n|-damage|p2a: Gengar|0 fnt\n|-start|p1a: Volcanion|Disable|Earth Power|[from] ability: Cursed Body|[of] p2a: Gengar\n|faint|p2a: Gengar\n|\n|upkeep\n|\n|t:|1700857805\n|switch|p2a: Dracozolt|Dracozolt|100\/100\n|turn|10\n|\n|t:|1700857812\n|move|p2a: Dracozolt|Bolt Beak|p1a: Volcanion\n|-supereffective|p1a: Volcanion\n|-damage|p1a: Volcanion|0 fnt\n|faint|p1a: Volcanion\n|\n|upkeep\n|\n|t:|1700857818\n|switch|p1a: Enamorus|Enamorus-Therian, F|100\/100\n|turn|11\n|\n|t:|1700857827\n|move|p2a: Dracozolt|Bolt Beak|p1a: Enamorus\n|-supereffective|p1a: Enamorus\n|-damage|p1a: Enamorus|0 fnt\n|faint|p1a: Enamorus\n|\n|upkeep\n|\n|t:|1700857833\n|switch|p1a: Ambipom|Ambipom, F|100\/100\n|turn|12\n|\n|t:|1700857836\n|move|p1a: Ambipom|Fake Out|p2a: Dracozolt\n|-damage|p2a: Dracozolt|56\/100\n|-damage|p1a: Ambipom|91\/100|[from] item: Life Orb\n|cant|p2a: Dracozolt|flinch\n|\n|upkeep\n|turn|13\n|\n|t:|1700857842\n|move|p2a: Dracozolt|Bolt Beak|p1a: Ambipom\n|-damage|p1a: Ambipom|0 fnt\n|faint|p1a: Ambipom\n|\n|upkeep\n|\n|t:|1700857850\n|switch|p1a: Rotom|Rotom-Heat|30\/100\n|turn|14\n|\n|t:|1700857855\n|move|p2a: Dracozolt|Bolt Beak|p1a: Rotom\n|-resisted|p1a: Rotom\n|-damage|p1a: Rotom|0 fnt\n|faint|p1a: Rotom\n|\n|upkeep\n|\n|t:|1700857860\n|switch|p1a: Sharpedo|Sharpedo, M|100\/100\n|turn|15\n|\n|t:|1700857865\n|detailschange|p1a: Sharpedo|Sharpedo-Mega, M\n|-mega|p1a: Sharpedo|Sharpedo|Sharpedonite\n|move|p2a: Dracozolt|Bolt Beak|p1a: Sharpedo\n|-supereffective|p1a: Sharpedo\n|-damage|p1a: Sharpedo|0 fnt\n|faint|p1a: Sharpedo\n|\n|win|Ash Ketchum344\n|raw|kertay's rating: 1054 &rarr; <strong>1036<\/strong><br \/>(-18 for losing)\n|raw|Ash Ketchum344's rating: 1052 &rarr; <strong>1084<\/strong><br \/>(+32 for winning)\n|l|\u2606kertay\n","uploadtime":1700857897,"views":1,"p1id":"kertay","p2id":"ashketchum344","formatid":"gen9nationaldex","rating":1036,"private":0,"password":""}