{"id":"gen9nationaldex-1995161111","p1":"PsychicMaster8","p2":"SuperKamiMewtwo","format":"[Gen 9] National Dex","log":"|html|<div class=\"broadcast-blue\"><strong>[Gen 9] National Dex is currently suspecting Sneasler! For information on how to participate check out the <a href=\"https:\/\/www.smogon.com\/forums\/threads\/sv-national-dex-suspect-8-just-dance.3731534\/\">suspect thread<\/a>.<\/strong><\/div>\n|j|\u2606PsychicMaster8\n|j|\u2606SuperKamiMewtwo\n|t:|1700529407\n|gametype|singles\n|player|p1|PsychicMaster8|red|\n|player|p2|SuperKamiMewtwo|leaf-masters|\n|teamsize|p1|6\n|teamsize|p2|6\n|gen|9\n|tier|[Gen 9] National Dex\n|rule|HP Percentage Mod: HP is shown in percentages\n|rule|Endless Battle Clause: Forcing endless battles is banned\n|rule|OHKO Clause: OHKO moves are banned\n|rule|Evasion Clause: Evasion abilities, items, and moves are banned\n|rule|Evasion Abilities Clause: Evasion abilities are banned\n|rule|Evasion Items Clause: Evasion items are banned\n|rule|Evasion Moves Clause: Evasion moves are banned\n|rule|Species Clause: Limit one of each Pok\u00e9mon\n|rule|Sleep Clause Mod: Limit one foe put to sleep\n|clearpoke\n|poke|p1|Rillaboom, F|\n|poke|p1|Zapdos|\n|poke|p1|Tapu Koko|\n|poke|p1|Latias, F|\n|poke|p1|Rotom-Wash|\n|poke|p1|Iron Valiant|\n|poke|p2|Greninja-*, M|\n|poke|p2|Pelipper, F|\n|poke|p2|Ogerpon-Wellspring, F|\n|poke|p2|Gyarados, F|\n|poke|p2|Empoleon, M|\n|poke|p2|Swampert, F|\n|teampreview\n|inactive|Battle timer is ON: inactive players will automatically lose when time's up. (requested by SuperKamiMewtwo)\n|inactiveoff|Battle timer is now OFF.\n|\n|t:|1700529457\n|start\n|switch|p1a: Loco Koko|Tapu Koko, shiny|100\/100\n|switch|p2a: Happy Feet|Empoleon, M|100\/100\n|-fieldstart|move: Electric Terrain|[from] ability: Electric Surge|[of] p1a: Loco Koko\n|turn|1\n|\n|t:|1700529465\n|move|p1a: Loco Koko|Thunderbolt|p2a: Happy Feet\n|-supereffective|p2a: Happy Feet\n|-crit|p2a: Happy Feet\n|-damage|p2a: Happy Feet|0 fnt\n|faint|p2a: Happy Feet\n|\n|upkeep\n|\n|t:|1700529471\n|switch|p2a: MINE MINE MINE|Pelipper, F|100\/100\n|-weather|RainDance|[from] ability: Drizzle|[of] p2a: MINE MINE MINE\n|turn|2\n|\n|t:|1700529475\n|move|p1a: Loco Koko|Thunderbolt|p2a: MINE MINE MINE\n|-supereffective|p2a: MINE MINE MINE\n|-damage|p2a: MINE MINE MINE|0 fnt\n|faint|p2a: MINE MINE MINE\n|\n|-weather|RainDance|[upkeep]\n|upkeep\n|\n|t:|1700529479\n|switch|p2a: Poseidon|Swampert, F|100\/100\n|turn|3\n|\n|t:|1700529482\n|detailschange|p2a: Poseidon|Swampert-Mega, F\n|-mega|p2a: Poseidon|Swampert|Swampertite\n|move|p2a: Poseidon|Earthquake|p1a: Loco Koko\n|-supereffective|p1a: Loco Koko\n|-damage|p1a: Loco Koko|0 fnt\n|faint|p1a: Loco Koko\n|\n|-weather|RainDance|[upkeep]\n|upkeep\n|\n|t:|1700529488\n|switch|p1a: DIE OGERPON|Rillaboom, F, shiny|100\/100\n|-fieldstart|move: Grassy Terrain|[from] ability: Grassy Surge|[of] p1a: DIE OGERPON\n|turn|4\n|\n|t:|1700529493\n|switch|p2a: The Mask|Ogerpon-Wellspring, F|100\/100\n|move|p1a: DIE OGERPON|Drum Beating|p2a: The Mask\n|-damage|p2a: The Mask|25\/100\n|-unboost|p2a: The Mask|spe|1\n|\n|-weather|RainDance|[upkeep]\n|-heal|p2a: The Mask|31\/100|[from] Grassy Terrain\n|upkeep\n|turn|5\n|\n|t:|1700529500\n|switch|p2a: Shenron|Gyarados, F|100\/100\n|move|p1a: DIE OGERPON|Drum Beating|p2a: Shenron\n|-damage|p2a: Shenron|30\/100\n|-unboost|p2a: Shenron|spe|1\n|\n|-weather|RainDance|[upkeep]\n|upkeep\n|turn|6\n|\n|t:|1700529513\n|switch|p1a: Spikey Wings|Zapdos|100\/100\n|-terastallize|p2a: Shenron|Flying\n|move|p2a: Shenron|Tera Blast|p1a: Spikey Wings|[anim] Tera Blast Flying\n|-resisted|p1a: Spikey Wings\n|-damage|p1a: Spikey Wings|67\/100\n|\n|-weather|RainDance|[upkeep]\n|upkeep\n|turn|7\n|\n|t:|1700529522\n|switch|p2a: Poseidon|Swampert-Mega, F|100\/100\n|move|p1a: Spikey Wings|Hurricane|p2a: Poseidon\n|-damage|p2a: Poseidon|46\/100\n|-start|p2a: Poseidon|confusion\n|\n|-weather|RainDance|[upkeep]\n|-heal|p2a: Poseidon|52\/100|[from] Grassy Terrain\n|upkeep\n|turn|8\n|\n|t:|1700529531\n|switch|p2a: The Mask|Ogerpon-Wellspring, F|31\/100\n|move|p1a: Spikey Wings|Hurricane|p2a: The Mask\n|-supereffective|p2a: The Mask\n|-damage|p2a: The Mask|0 fnt\n|faint|p2a: The Mask\n|\n|-weather|RainDance|[upkeep]\n|upkeep\n|\n|t:|1700529537\n|switch|p2a: My Son|Greninja, M|100\/100\n|turn|9\n|\n|t:|1700529540\n|move|p2a: My Son|Ice Beam|p1a: Spikey Wings\n|-supereffective|p1a: Spikey Wings\n|-damage|p1a: Spikey Wings|0 fnt\n|faint|p1a: Spikey Wings\n|-ability|p2a: My Son|Battle Bond|boost\n|-boost|p2a: My Son|atk|1\n|-boost|p2a: My Son|spa|1\n|-boost|p2a: My Son|spe|1\n|-activate|p2a: My Son|ability: Battle Bond\n|-damage|p2a: My Son|91\/100|[from] item: Life Orb\n|\n|-weather|none\n|-heal|p2a: My Son|97\/100|[from] Grassy Terrain\n|upkeep\n|\n|t:|1700529552\n|switch|p1a: ANGRY Gardlade|Iron Valiant, shiny|100\/100\n|turn|10\n|\n|t:|1700529556\n|move|p2a: My Son|Surf|p1a: ANGRY Gardlade\n|-damage|p1a: ANGRY Gardlade|0 fnt\n|faint|p1a: ANGRY Gardlade\n|-end|p1a: ANGRY Gardlade|Quark Drive|[silent]\n|-damage|p2a: My Son|87\/100|[from] item: Life Orb\n|\n|-heal|p2a: My Son|93\/100|[from] Grassy Terrain\n|upkeep\n|\n|t:|1700529569\n|switch|p1a: Angry Wash|Rotom-Wash, shiny|100\/100\n|turn|11\n|\n|t:|1700529580\n|move|p2a: My Son|Surf|p1a: Angry Wash\n|-resisted|p1a: Angry Wash\n|-damage|p1a: Angry Wash|72\/100\n|-damage|p2a: My Son|83\/100|[from] item: Life Orb\n|move|p1a: Angry Wash|Volt Switch|p2a: My Son\n|-supereffective|p2a: My Son\n|-damage|p2a: My Son|5\/100\n|\n|t:|1700529589\n|switch|p1a: Gold Eon Jet|Latias, F, shiny|100\/100|[from] Volt Switch\n|\n|-heal|p2a: My Son|11\/100|[from] Grassy Terrain\n|-fieldend|move: Grassy Terrain\n|upkeep\n|turn|12\n|\n|t:|1700529597\n|switch|p1a: Angry Wash|Rotom-Wash, shiny|72\/100\n|move|p2a: My Son|Ice Beam|p1a: Angry Wash\n|-resisted|p1a: Angry Wash\n|-damage|p1a: Angry Wash|53\/100\n|-damage|p2a: My Son|1\/100|[from] item: Life Orb\n|\n|-heal|p1a: Angry Wash|59\/100|[from] item: Leftovers\n|upkeep\n|turn|13\n|\n|t:|1700529605\n|move|p1a: Angry Wash|Protect|p1a: Angry Wash\n|-singleturn|p1a: Angry Wash|Protect\n|move|p2a: My Son|Ice Beam|p1a: Angry Wash\n|-activate|p1a: Angry Wash|move: Protect\n|\n|-heal|p1a: Angry Wash|66\/100|[from] item: Leftovers\n|upkeep\n|turn|14\n|\n|t:|1700529615\n|move|p2a: My Son|Ice Beam|p1a: Angry Wash\n|-resisted|p1a: Angry Wash\n|-damage|p1a: Angry Wash|46\/100\n|-damage|p2a: My Son|0 fnt|[from] item: Life Orb\n|faint|p2a: My Son\n|move|p1a: Angry Wash|Volt Switch|p2: My Son|[notarget]\n|-fail|p1a: Angry Wash\n|\n|-heal|p1a: Angry Wash|52\/100|[from] item: Leftovers\n|upkeep\n|\n|t:|1700529623\n|switch|p2a: Poseidon|Swampert-Mega, F|52\/100\n|turn|15\n|\n|t:|1700529629\n|-terastallize|p1a: Angry Wash|Grass\n|move|p2a: Poseidon|Liquidation|p1a: Angry Wash\n|-resisted|p1a: Angry Wash\n|-damage|p1a: Angry Wash|23\/100\n|move|p1a: Angry Wash|Tera Blast|p2a: Poseidon|[anim] Tera Blast Grass\n|-supereffective|p2a: Poseidon\n|-damage|p2a: Poseidon|0 fnt\n|faint|p2a: Poseidon\n|\n|-heal|p1a: Angry Wash|29\/100|[from] item: Leftovers\n|upkeep\n|\n|t:|1700529632\n|switch|p2a: Shenron|Gyarados, F, tera:Flying|30\/100\n|turn|16\n|\n|t:|1700529641\n|move|p2a: Shenron|Tera Blast|p1a: Angry Wash|[anim] Tera Blast Flying\n|-supereffective|p1a: Angry Wash\n|-damage|p1a: Angry Wash|0 fnt\n|faint|p1a: Angry Wash\n|-ability|p2a: Shenron|Moxie|boost\n|-boost|p2a: Shenron|atk|1\n|\n|upkeep\n|\n|t:|1700529646\n|switch|p1a: Gold Eon Jet|Latias, F, shiny|100\/100\n|turn|17\n|\n|t:|1700529649\n|detailschange|p1a: Gold Eon Jet|Latias-Mega, F, shiny\n|-mega|p1a: Gold Eon Jet|Latias|Latiasite\n|move|p1a: Gold Eon Jet|Thunderbolt|p2a: Shenron\n|-supereffective|p2a: Shenron\n|-enditem|p2a: Shenron|Wacan Berry|[eat]\n|-enditem|p2a: Shenron|Wacan Berry|[weaken]\n|-damage|p2a: Shenron|1\/100\n|move|p2a: Shenron|Waterfall|p1a: Gold Eon Jet\n|-resisted|p1a: Gold Eon Jet\n|-damage|p1a: Gold Eon Jet|75\/100\n|\n|upkeep\n|turn|18\n|j| Snowflakss\n|c| Snowflakss|ayaya\n|c|\u2606PsychicMaster8|my friend\n|c|\u2606PsychicMaster8|im sorry\n|c|\u2606SuperKamiMewtwo|It's fine\n|c|\u2606SuperKamiMewtwo|I didn't expect to win\n|c| Snowflakss|yummy watersnakedragonlookingpokemon\n|c|\u2606PsychicMaster8|you are one of my closest friends you know\n|c|\u2606SuperKamiMewtwo|Who said we were friends (kidding)\n|c|\u2606PsychicMaster8|lets do this agian sometime and thank you\n|c|\u2606PsychicMaster8|i know\n|\n|t:|1700529714\n|move|p1a: Gold Eon Jet|Thunderbolt|p2a: Shenron\n|-supereffective|p2a: Shenron\n|-damage|p2a: Shenron|0 fnt\n|faint|p2a: Shenron\n|\n|win|PsychicMaster8\n|l|\u2606SuperKamiMewtwo\n|c|\u2606PsychicMaster8|gg\n","uploadtime":1700529725,"views":5,"p1id":"psychicmaster8","p2id":"superkamimewtwo","formatid":"gen9nationaldex","rating":0,"private":0,"password":""}