{"id":"gen9nationaldex-1997391851","p1":"SuperBlackMan64","p2":"Saltator","format":"[Gen 9] National Dex","log":"|html|<div class=\"broadcast-blue\"><strong>[Gen 9] National Dex is currently suspecting Sneasler! For information on how to participate check out the <a href=\"https:\/\/www.smogon.com\/forums\/threads\/sv-national-dex-suspect-8-just-dance.3731534\/\">suspect thread<\/a>.<\/strong><\/div>\n|j|\u2606SuperBlackMan64\n|j|\u2606Saltator\n|t:|1700798157\n|gametype|singles\n|player|p1|SuperBlackMan64|hoopster|1262\n|player|p2|Saltator|ghetsis|1339\n|teamsize|p1|6\n|teamsize|p2|6\n|gen|9\n|tier|[Gen 9] National Dex\n|rated|\n|rule|HP Percentage Mod: HP is shown in percentages\n|rule|Endless Battle Clause: Forcing endless battles is banned\n|rule|OHKO Clause: OHKO moves are banned\n|rule|Evasion Clause: Evasion abilities, items, and moves are banned\n|rule|Evasion Abilities Clause: Evasion abilities are banned\n|rule|Evasion Items Clause: Evasion items are banned\n|rule|Evasion Moves Clause: Evasion moves are banned\n|rule|Species Clause: Limit one of each Pok\u00e9mon\n|rule|Sleep Clause Mod: Limit one foe put to sleep\n|clearpoke\n|poke|p1|Landorus-Therian, M|\n|poke|p1|Sneasler, F|\n|poke|p1|Rillaboom, M|\n|poke|p1|Diancie|\n|poke|p1|Rotom-Wash|\n|poke|p1|Aegislash, M|\n|poke|p2|Salazzle, F|\n|poke|p2|Magnemite, L1|\n|poke|p2|Probopass, L2, F|\n|poke|p2|Mandibuzz, F|\n|poke|p2|Nosepass, L1, M|\n|poke|p2|Tentacruel, F|\n|teampreview\n|\n|t:|1700798180\n|start\n|switch|p1a: Diancie|Diancie|100\/100\n|switch|p2a: Sh\ud83d\udca9tsquid|Tentacruel, F|100\/100\n|turn|1\n|\n|t:|1700798192\n|detailschange|p1a: Diancie|Diancie-Mega\n|-mega|p1a: Diancie|Diancie|Diancite\n|move|p1a: Diancie|Earth Power|p2a: Sh\ud83d\udca9tsquid\n|-supereffective|p2a: Sh\ud83d\udca9tsquid\n|-damage|p2a: Sh\ud83d\udca9tsquid|42\/100\n|move|p2a: Sh\ud83d\udca9tsquid|Scald|p1a: Diancie\n|-supereffective|p1a: Diancie\n|-damage|p1a: Diancie|45\/100\n|\n|-heal|p2a: Sh\ud83d\udca9tsquid|48\/100|[from] item: Leftovers\n|upkeep\n|turn|2\n|\n|t:|1700798197\n|-terastallize|p2a: Sh\ud83d\udca9tsquid|Flying\n|move|p1a: Diancie|Earth Power|p2a: Sh\ud83d\udca9tsquid\n|-immune|p2a: Sh\ud83d\udca9tsquid\n|move|p2a: Sh\ud83d\udca9tsquid|Scald|p1a: Diancie\n|-supereffective|p1a: Diancie\n|-damage|p1a: Diancie|0 fnt\n|faint|p1a: Diancie\n|\n|-heal|p2a: Sh\ud83d\udca9tsquid|54\/100|[from] item: Leftovers\n|upkeep\n|\n|t:|1700798203\n|switch|p1a: Aegislash|Aegislash, M|100\/100\n|turn|3\n|\n|t:|1700798207\n|move|p2a: Sh\ud83d\udca9tsquid|Knock Off|p1a: Aegislash\n|-supereffective|p1a: Aegislash\n|-damage|p1a: Aegislash|78\/100\n|-enditem|p1a: Aegislash|Leftovers|[from] move: Knock Off|[of] p2a: Sh\ud83d\udca9tsquid\n|move|p1a: Aegislash|Substitute|p1a: Aegislash\n|-start|p1a: Aegislash|Substitute\n|-damage|p1a: Aegislash|53\/100\n|\n|-heal|p2a: Sh\ud83d\udca9tsquid|60\/100|[from] item: Leftovers\n|upkeep\n|turn|4\n|\n|t:|1700798217\n|move|p2a: Sh\ud83d\udca9tsquid|Scald|p1a: Aegislash\n|-activate|p1a: Aegislash|move: Substitute|[damage]\n|-formechange|p1a: Aegislash|Aegislash-Blade||[from] ability: Stance Change\n|move|p1a: Aegislash|Shadow Ball|p2a: Sh\ud83d\udca9tsquid\n|-damage|p2a: Sh\ud83d\udca9tsquid|24\/100\n|\n|-heal|p2a: Sh\ud83d\udca9tsquid|30\/100|[from] item: Leftovers\n|upkeep\n|turn|5\n|\n|t:|1700798225\n|move|p2a: Sh\ud83d\udca9tsquid|Scald|p1a: Aegislash\n|-crit|p1a: Aegislash\n|-end|p1a: Aegislash|Substitute\n|move|p1a: Aegislash|Substitute|p1a: Aegislash\n|-start|p1a: Aegislash|Substitute\n|-damage|p1a: Aegislash|28\/100\n|\n|-heal|p2a: Sh\ud83d\udca9tsquid|36\/100|[from] item: Leftovers\n|upkeep\n|turn|6\n|\n|t:|1700798239\n|move|p2a: Sh\ud83d\udca9tsquid|Scald|p1a: Aegislash\n|-end|p1a: Aegislash|Substitute\n|move|p1a: Aegislash|Shadow Ball|p2a: Sh\ud83d\udca9tsquid\n|-damage|p2a: Sh\ud83d\udca9tsquid|0 fnt\n|faint|p2a: Sh\ud83d\udca9tsquid\n|\n|upkeep\n|c|\u2606Saltator|lol\n|\n|t:|1700798244\n|switch|p2a: No Fun Allowed|Salazzle, F|100\/100\n|turn|7\n|\n|t:|1700798251\n|move|p2a: No Fun Allowed|Substitute|p2a: No Fun Allowed\n|-start|p2a: No Fun Allowed|Substitute\n|-damage|p2a: No Fun Allowed|76\/100\n|move|p1a: Aegislash|Shadow Ball|p2a: No Fun Allowed\n|-end|p2a: No Fun Allowed|Substitute\n|\n|-heal|p2a: No Fun Allowed|82\/100|[from] item: Leftovers\n|upkeep\n|turn|8\n|\n|t:|1700798254\n|move|p2a: No Fun Allowed|Flamethrower|p1a: Aegislash\n|-supereffective|p1a: Aegislash\n|-damage|p1a: Aegislash|0 fnt\n|faint|p1a: Aegislash\n|\n|-heal|p2a: No Fun Allowed|88\/100|[from] item: Leftovers\n|upkeep\n|\n|t:|1700798257\n|switch|p1a: Landorus|Landorus-Therian, M|100\/100\n|-ability|p1a: Landorus|Intimidate|boost\n|-unboost|p2a: No Fun Allowed|atk|1\n|turn|9\n|\n|t:|1700798266\n|switch|p2a: Sh\ud83d\udca9tbird|Mandibuzz, F|100\/100\n|move|p1a: Landorus|Taunt|p2a: Sh\ud83d\udca9tbird\n|-start|p2a: Sh\ud83d\udca9tbird|move: Taunt\n|\n|upkeep\n|turn|10\n|\n|t:|1700798269\n|move|p1a: Landorus|Stealth Rock|p2a: Sh\ud83d\udca9tbird\n|-sidestart|p2: Saltator|move: Stealth Rock\n|move|p2a: Sh\ud83d\udca9tbird|Foul Play|p1a: Landorus\n|-damage|p1a: Landorus|39\/100\n|\n|upkeep\n|turn|11\n|\n|t:|1700798272\n|move|p1a: Landorus|Explosion|p2a: Sh\ud83d\udca9tbird\n|-damage|p2a: Sh\ud83d\udca9tbird|46\/100\n|faint|p1a: Landorus\n|move|p2a: Sh\ud83d\udca9tbird|Foul Play|p1: Landorus|[notarget]\n|-fail|p2a: Sh\ud83d\udca9tbird\n|\n|-end|p2a: Sh\ud83d\udca9tbird|move: Taunt\n|upkeep\n|\n|t:|1700798277\n|switch|p1a: Rotom|Rotom-Wash|100\/100\n|turn|12\n|\n|t:|1700798283\n|switch|p2a: Literally Level 1|Magnemite, L1|100\/100\n|-damage|p2a: Literally Level 1|91\/100|[from] Stealth Rock\n|move|p1a: Rotom|Volt Switch|p2a: Literally Level 1\n|-resisted|p2a: Literally Level 1\n|-damage|p2a: Literally Level 1|0 fnt\n|faint|p2a: Literally Level 1\n|\n|t:|1700798287\n|switch|p1a: Rillaboom|Rillaboom, M|100\/100|[from] Volt Switch\n|-fieldstart|move: Grassy Terrain|[from] ability: Grassy Surge|[of] p1a: Rillaboom\n|\n|upkeep\n|\n|t:|1700798289\n|switch|p2a: Sh\ud83d\udca9tbird|Mandibuzz, F|46\/100\n|turn|13\n|\n|t:|1700798303\n|switch|p1a: Sneasler|Sneasler, F|100\/100\n|-enditem|p1a: Sneasler|Grassy Seed\n|-boost|p1a: Sneasler|def|1|[from] item: Grassy Seed\n|move|p2a: Sh\ud83d\udca9tbird|Roost|p2a: Sh\ud83d\udca9tbird\n|-heal|p2a: Sh\ud83d\udca9tbird|96\/100\n|-singleturn|p2a: Sh\ud83d\udca9tbird|move: Roost\n|\n|-heal|p2a: Sh\ud83d\udca9tbird|100\/100|[from] Grassy Terrain\n|upkeep\n|turn|14\n|\n|t:|1700798307\n|-terastallize|p1a: Sneasler|Flying\n|move|p1a: Sneasler|Swords Dance|p1a: Sneasler\n|-boost|p1a: Sneasler|atk|2\n|move|p2a: Sh\ud83d\udca9tbird|Defog|p1a: Sneasler\n|-unboost|p1a: Sneasler|evasion|1\n|-sideend|p2: Saltator|Stealth Rock|[from] move: Defog|[of] p2a: Sh\ud83d\udca9tbird\n|-fieldend|move: Grassy Terrain\n|\n|upkeep\n|turn|15\n|\n|t:|1700798310\n|move|p1a: Sneasler|Acrobatics|p2a: Sh\ud83d\udca9tbird\n|-damage|p2a: Sh\ud83d\udca9tbird|34\/100\n|move|p2a: Sh\ud83d\udca9tbird|Foul Play|p1a: Sneasler\n|-damage|p1a: Sneasler|0 fnt\n|faint|p1a: Sneasler\n|\n|upkeep\n|\n|t:|1700798313\n|switch|p1a: Rotom|Rotom-Wash|100\/100\n|turn|16\n|\n|t:|1700798320\n|switch|p2a: Click the \u274c|Nosepass, L1, M, shiny|100\/100\n|move|p1a: Rotom|Volt Switch|p2a: Click the \u274c\n|-ability|p2a: Click the \u274c|Sturdy\n|-damage|p2a: Click the \u274c|10\/100\n|-enditem|p2a: Click the \u274c|Berry Juice\n|-heal|p2a: Click the \u274c|100\/100|[from] item: Berry Juice\n|\n|t:|1700798323\n|switch|p1a: Rillaboom|Rillaboom, M|100\/100|[from] Volt Switch\n|-fieldstart|move: Grassy Terrain|[from] ability: Grassy Surge|[of] p1a: Rillaboom\n|\n|upkeep\n|turn|17\n|\n|t:|1700798342\n|switch|p1a: Rotom|Rotom-Wash|100\/100\n|move|p2a: Click the \u274c|Toxic|p1a: Rotom\n|-status|p1a: Rotom|tox\n|\n|-damage|p1a: Rotom|94\/100 tox|[from] psn\n|upkeep\n|turn|18\n|\n|t:|1700798347\n|move|p2a: Click the \u274c|Protect|p2a: Click the \u274c\n|-singleturn|p2a: Click the \u274c|Protect\n|move|p1a: Rotom|Hydro Pump|p2a: Click the \u274c\n|-activate|p2a: Click the \u274c|move: Protect\n|\n|-heal|p1a: Rotom|100\/100 tox|[from] item: Leftovers\n|-damage|p1a: Rotom|88\/100 tox|[from] psn\n|upkeep\n|turn|19\n|inactive|Battle timer is ON: inactive players will automatically lose when time's up. (requested by Saltator)\n|\n|t:|1700798350\n|move|p1a: Rotom|Hydro Pump|p2a: Click the \u274c\n|-supereffective|p2a: Click the \u274c\n|-ability|p2a: Click the \u274c|Sturdy\n|-damage|p2a: Click the \u274c|10\/100\n|move|p2a: Click the \u274c|Pain Split|p1a: Rotom\n|-sethp|p1a: Rotom|44\/100 tox|[from] move: Pain Split|[silent]\n|-sethp|p2a: Click the \u274c|100\/100|[from] move: Pain Split\n|\n|-heal|p1a: Rotom|50\/100 tox|[from] item: Leftovers\n|-damage|p1a: Rotom|32\/100 tox|[from] psn\n|upkeep\n|turn|20\n|\n|t:|1700798357\n|switch|p1a: Rillaboom|Rillaboom, M|100\/100\n|move|p2a: Click the \u274c|Pain Split|p1a: Rillaboom\n|-sethp|p1a: Rillaboom|52\/100|[from] move: Pain Split|[silent]\n|-sethp|p2a: Click the \u274c|100\/100|[from] move: Pain Split\n|\n|-heal|p1a: Rillaboom|58\/100|[from] Grassy Terrain\n|-heal|p1a: Rillaboom|64\/100|[from] item: Leftovers\n|-fieldend|move: Grassy Terrain\n|upkeep\n|turn|21\n|\n|t:|1700798366\n|switch|p1a: Rotom|Rotom-Wash|32\/100 tox\n|move|p2a: Click the \u274c|Toxic|p1a: Rotom|[miss]\n|-miss|p2a: Click the \u274c|p1a: Rotom\n|\n|-heal|p1a: Rotom|38\/100 tox|[from] item: Leftovers\n|-damage|p1a: Rotom|32\/100 tox|[from] psn\n|upkeep\n|turn|22\n|\n|t:|1700798368\n|move|p2a: Click the \u274c|Protect|p2a: Click the \u274c\n|-singleturn|p2a: Click the \u274c|Protect\n|move|p1a: Rotom|Thunder Wave|p2a: Click the \u274c\n|-activate|p2a: Click the \u274c|move: Protect\n|\n|-heal|p1a: Rotom|38\/100 tox|[from] item: Leftovers\n|-damage|p1a: Rotom|25\/100 tox|[from] psn\n|upkeep\n|turn|23\n|\n|t:|1700798371\n|move|p2a: Click the \u274c|Magic Coat|p2a: Click the \u274c\n|-singleturn|p2a: Click the \u274c|move: Magic Coat\n|move|p1a: Rotom|Volt Switch|p2a: Click the \u274c\n|-ability|p2a: Click the \u274c|Sturdy\n|-damage|p2a: Click the \u274c|10\/100\n|\n|t:|1700798373\n|switch|p1a: Rillaboom|Rillaboom, M|64\/100|[from] Volt Switch\n|-fieldstart|move: Grassy Terrain|[from] ability: Grassy Surge|[of] p1a: Rillaboom\n|\n|-heal|p1a: Rillaboom|71\/100|[from] Grassy Terrain\n|-heal|p1a: Rillaboom|77\/100|[from] item: Leftovers\n|-heal|p2a: Click the \u274c|19\/100|[from] Grassy Terrain\n|upkeep\n|turn|24\n|\n|t:|1700798380\n|move|p2a: Click the \u274c|Protect|p2a: Click the \u274c\n|-singleturn|p2a: Click the \u274c|Protect\n|move|p1a: Rillaboom|Grassy Glide|p2a: Click the \u274c\n|-activate|p2a: Click the \u274c|move: Protect\n|\n|-heal|p1a: Rillaboom|83\/100|[from] Grassy Terrain\n|-heal|p1a: Rillaboom|89\/100|[from] item: Leftovers\n|-heal|p2a: Click the \u274c|28\/100|[from] Grassy Terrain\n|upkeep\n|turn|25\n|\n|t:|1700798385\n|switch|p2a: Sh\ud83d\udca9tbird|Mandibuzz, F|34\/100\n|move|p1a: Rillaboom|Knock Off|p2a: Sh\ud83d\udca9tbird\n|-resisted|p2a: Sh\ud83d\udca9tbird\n|-damage|p2a: Sh\ud83d\udca9tbird|23\/100\n|-enditem|p2a: Sh\ud83d\udca9tbird|Heavy-Duty Boots|[from] move: Knock Off|[of] p1a: Rillaboom\n|\n|-heal|p1a: Rillaboom|96\/100|[from] Grassy Terrain\n|-heal|p1a: Rillaboom|100\/100|[from] item: Leftovers\n|upkeep\n|turn|26\n|\n|t:|1700798396\n|move|p1a: Rillaboom|Grassy Glide|p2a: Sh\ud83d\udca9tbird\n|-resisted|p2a: Sh\ud83d\udca9tbird\n|-damage|p2a: Sh\ud83d\udca9tbird|12\/100\n|move|p2a: Sh\ud83d\udca9tbird|Roost|p2a: Sh\ud83d\udca9tbird\n|-heal|p2a: Sh\ud83d\udca9tbird|62\/100\n|-singleturn|p2a: Sh\ud83d\udca9tbird|move: Roost\n|\n|-heal|p2a: Sh\ud83d\udca9tbird|68\/100|[from] Grassy Terrain\n|upkeep\n|turn|27\n|-message|SuperBlackMan64 forfeited.\n|\n|win|Saltator\n|raw|SuperBlackMan64's rating: 1262 &rarr; <strong>1244<\/strong><br \/>(-18 for losing)\n|raw|Saltator's rating: 1361 &rarr; <strong>1375<\/strong><br \/>(+14 for winning)\n|l|\u2606SuperBlackMan64\n","uploadtime":1700798403,"views":3,"p1id":"superblackman64","p2id":"saltator","formatid":"gen9nationaldex","rating":1244,"private":0,"password":""}