{"id":"gen9nationaldex-1999279070","p1":"BlackxBullxElite","p2":"SkyWolf1099","format":"[Gen 9] National Dex","log":"|html|<div class=\"broadcast-blue\"><strong>[Gen 9] National Dex is currently suspecting Sneasler! For information on how to participate check out the <a href=\"https:\/\/www.smogon.com\/forums\/threads\/sv-national-dex-suspect-8-just-dance.3731534\/\">suspect thread<\/a>.<\/strong><\/div>\n|j|\u2606BlackxBullxElite\n|j|\u2606SkyWolf1099\n|t:|1701054301\n|gametype|singles\n|player|p1|BlackxBullxElite|ltsurge|1029\n|player|p2|SkyWolf1099|n|1000\n|teamsize|p1|6\n|teamsize|p2|6\n|gen|9\n|tier|[Gen 9] National Dex\n|rated|\n|rule|HP Percentage Mod: HP is shown in percentages\n|rule|Endless Battle Clause: Forcing endless battles is banned\n|rule|OHKO Clause: OHKO moves are banned\n|rule|Evasion Clause: Evasion abilities, items, and moves are banned\n|rule|Evasion Abilities Clause: Evasion abilities are banned\n|rule|Evasion Items Clause: Evasion items are banned\n|rule|Evasion Moves Clause: Evasion moves are banned\n|rule|Species Clause: Limit one of each Pok\u00e9mon\n|rule|Sleep Clause Mod: Limit one foe put to sleep\n|clearpoke\n|poke|p1|Eevee, F|\n|poke|p1|Umbreon, M|\n|poke|p1|Jolteon, F|\n|poke|p1|Espeon, F|\n|poke|p1|Vaporeon, F|\n|poke|p1|Sylveon, F|\n|poke|p2|Wynaut, M|\n|poke|p2|Grafaiai, M|\n|poke|p2|Charizard, F|\n|poke|p2|Ceruledge, M|\n|poke|p2|Klefki, F|\n|poke|p2|Absol, F|\n|teampreview\n|inactive|Battle timer is ON: inactive players will automatically lose when time's up. (requested by SkyWolf1099)\n|\n|t:|1701054316\n|start\n|switch|p1a: Espeon|Espeon, F|100\/100\n|switch|p2a: Grafaiai|Grafaiai, M|100\/100\n|turn|1\n|\n|t:|1701054325\n|move|p2a: Grafaiai|Substitute|p2a: Grafaiai\n|-start|p2a: Grafaiai|Substitute\n|-damage|p2a: Grafaiai|75\/100\n|move|p1a: Espeon|Trick||[still]\n|-fail|p1a: Espeon\n|\n|-heal|p2a: Grafaiai|81\/100|[from] item: Leftovers\n|upkeep\n|turn|2\n|\n|t:|1701054332\n|switch|p1a: Vaporeon|Vaporeon, F, shiny|100\/100\n|move|p2a: Grafaiai|Knock Off|p1a: Vaporeon\n|-damage|p1a: Vaporeon|80\/100\n|-enditem|p1a: Vaporeon|Leftovers|[from] move: Knock Off|[of] p2a: Grafaiai\n|\n|-heal|p2a: Grafaiai|87\/100|[from] item: Leftovers\n|upkeep\n|turn|3\n|\n|t:|1701054344\n|move|p2a: Grafaiai|Knock Off|p1a: Vaporeon\n|-damage|p1a: Vaporeon|65\/100\n|move|p1a: Vaporeon|Scald|p2a: Grafaiai\n|-end|p2a: Grafaiai|Substitute\n|\n|-heal|p2a: Grafaiai|93\/100|[from] item: Leftovers\n|upkeep\n|turn|4\n|\n|t:|1701054353\n|move|p2a: Grafaiai|Parting Shot|p1a: Vaporeon\n|-unboost|p1a: Vaporeon|atk|1\n|-unboost|p1a: Vaporeon|spa|1\n|\n|t:|1701054358\n|switch|p2a: Klefki|Klefki, F|100\/100|[from] Parting Shot\n|move|p1a: Vaporeon|Yawn|p2a: Klefki\n|-start|p2a: Klefki|move: Yawn|[of] p1a: Vaporeon\n|\n|upkeep\n|turn|5\n|\n|t:|1701054370\n|switch|p2a: Absol|Absol, F|100\/100\n|switch|p1a: Eevee|Eevee, F|100\/100\n|\n|upkeep\n|turn|6\n|\n|t:|1701054376\n|detailschange|p2a: Absol|Absol-Mega, F\n|-mega|p2a: Absol|Absol|Absolite\n|move|p2a: Absol|Swords Dance|p2a: Absol\n|-boost|p2a: Absol|atk|2\n|-zpower|p1a: Eevee\n|move|p1a: Eevee|Extreme Evoboost|p1a: Eevee\n|-boost|p1a: Eevee|atk|2\n|-boost|p1a: Eevee|def|2\n|-boost|p1a: Eevee|spa|2\n|-boost|p1a: Eevee|spd|2\n|-boost|p1a: Eevee|spe|2\n|\n|upkeep\n|turn|7\n|\n|t:|1701054390\n|move|p1a: Eevee|Return|p2a: Absol\n|-damage|p2a: Absol|0 fnt\n|faint|p2a: Absol\n|\n|upkeep\n|\n|t:|1701054394\n|switch|p2a: Wynaut|Wynaut, M|100\/100\n|turn|8\n|\n|t:|1701054398\n|move|p1a: Eevee|Stored Power|p2a: Wynaut\n|-resisted|p2a: Wynaut\n|-damage|p2a: Wynaut|48\/100\n|move|p2a: Wynaut|Counter||[still]\n|-fail|p2a: Wynaut\n|\n|upkeep\n|turn|9\n|\n|t:|1701054406\n|move|p1a: Eevee|Stored Power|p2a: Wynaut\n|-resisted|p2a: Wynaut\n|-damage|p2a: Wynaut|0 fnt\n|faint|p2a: Wynaut\n|\n|upkeep\n|\n|t:|1701054409\n|switch|p2a: Grafaiai|Grafaiai, M|93\/100\n|turn|10\n|\n|t:|1701054416\n|-terastallize|p2a: Grafaiai|Dark\n|move|p2a: Grafaiai|Encore|p1a: Eevee\n|-start|p1a: Eevee|Encore\n|move|p1a: Eevee|Stored Power|p2a: Grafaiai\n|-immune|p2a: Grafaiai\n|\n|-heal|p2a: Grafaiai|99\/100|[from] item: Leftovers\n|upkeep\n|turn|11\n|\n|t:|1701054430\n|move|p2a: Grafaiai|Substitute|p2a: Grafaiai\n|-start|p2a: Grafaiai|Substitute\n|-damage|p2a: Grafaiai|74\/100\n|move|p1a: Eevee|Stored Power|p2a: Grafaiai\n|-immune|p2a: Grafaiai\n|\n|-heal|p2a: Grafaiai|80\/100|[from] item: Leftovers\n|upkeep\n|turn|12\n|\n|t:|1701054437\n|move|p1a: Eevee|Stored Power|p2a: Grafaiai\n|-immune|p2a: Grafaiai\n|move|p2a: Grafaiai|Knock Off|p1a: Eevee\n|-damage|p1a: Eevee|68\/100\n|\n|-heal|p2a: Grafaiai|86\/100|[from] item: Leftovers\n|-end|p1a: Eevee|Encore\n|upkeep\n|turn|13\n|\n|t:|1701054446\n|move|p1a: Eevee|Quick Attack|p2a: Grafaiai\n|-end|p2a: Grafaiai|Substitute\n|move|p2a: Grafaiai|Encore|p1a: Eevee\n|-start|p1a: Eevee|Encore\n|\n|-heal|p2a: Grafaiai|92\/100|[from] item: Leftovers\n|upkeep\n|turn|14\n|\n|t:|1701054452\n|switch|p2a: Ceruledge|Ceruledge, M|100\/100\n|move|p1a: Eevee|Quick Attack|p2a: Ceruledge\n|-immune|p2a: Ceruledge\n|\n|upkeep\n|turn|15\n|\n|t:|1701054460\n|move|p1a: Eevee|Quick Attack|p2a: Ceruledge\n|-immune|p2a: Ceruledge\n|move|p2a: Ceruledge|Close Combat|p1a: Eevee\n|-supereffective|p1a: Eevee\n|-damage|p1a: Eevee|0 fnt\n|-unboost|p2a: Ceruledge|def|1\n|-unboost|p2a: Ceruledge|spd|1\n|faint|p1a: Eevee\n|\n|upkeep\n|\n|t:|1701054478\n|switch|p1a: Jolteon|Jolteon, F|100\/100\n|turn|16\n|\n|t:|1701054488\n|switch|p2a: Klefki|Klefki, F|100\/100\n|-terastallize|p1a: Jolteon|Fairy\n|move|p1a: Jolteon|Tera Blast|p2a: Klefki|[anim] Tera Blast Fairy\n|-resisted|p2a: Klefki\n|-damage|p2a: Klefki|79\/100\n|\n|upkeep\n|turn|17\n|\n|t:|1701054498\n|switch|p1a: Sylveon|Sylveon, F, shiny|100\/100\n|move|p2a: Klefki|Swagger|p1a: Sylveon\n|-boost|p1a: Sylveon|atk|2\n|-start|p1a: Sylveon|confusion\n|\n|upkeep\n|turn|18\n|\n|t:|1701054506\n|move|p2a: Klefki|Thunder Wave|p1a: Sylveon\n|-status|p1a: Sylveon|par\n|-activate|p1a: Sylveon|confusion\n|move|p1a: Sylveon|Mystical Fire|p2a: Klefki\n|-supereffective|p2a: Klefki\n|-damage|p2a: Klefki|42\/100\n|-unboost|p2a: Klefki|spa|1\n|\n|upkeep\n|turn|19\n|\n|t:|1701054520\n|switch|p2a: Grafaiai|Grafaiai, M, tera:Dark|92\/100\n|-activate|p1a: Sylveon|confusion\n|cant|p1a: Sylveon|par\n|\n|-heal|p2a: Grafaiai|98\/100|[from] item: Leftovers\n|upkeep\n|turn|20\n|\n|t:|1701054526\n|move|p2a: Grafaiai|Encore|p1a: Sylveon\n|-start|p1a: Sylveon|Encore\n|-end|p1a: Sylveon|confusion\n|move|p1a: Sylveon|Mystical Fire|p2a: Grafaiai\n|-damage|p2a: Grafaiai|68\/100\n|-unboost|p2a: Grafaiai|spa|1\n|\n|-heal|p2a: Grafaiai|74\/100|[from] item: Leftovers\n|upkeep\n|turn|21\n|\n|t:|1701054541\n|switch|p1a: Espeon|Espeon, F|100\/100\n|move|p2a: Grafaiai|Parting Shot|p1a: Espeon\n|move|p1a: Espeon|Parting Shot|p2a: Grafaiai|[from]ability: Magic Bounce\n|-unboost|p2a: Grafaiai|atk|1\n|-unboost|p2a: Grafaiai|spa|1\n|inactive|BlackxBullxElite has 120 seconds left.\n|\n|t:|1701054563\n|switch|p1a: Vaporeon|Vaporeon, F, shiny|65\/100|[from] Parting Shot\n|\n|-heal|p2a: Grafaiai|80\/100|[from] item: Leftovers\n|upkeep\n|turn|22\n|\n|t:|1701054571\n|move|p2a: Grafaiai|Parting Shot|p1a: Vaporeon\n|-unboost|p1a: Vaporeon|atk|1\n|-unboost|p1a: Vaporeon|spa|1\n|\n|t:|1701054580\n|switch|p2a: Klefki|Klefki, F|42\/100|[from] Parting Shot\n|move|p1a: Vaporeon|Yawn|p2a: Klefki\n|-start|p2a: Klefki|move: Yawn|[of] p1a: Vaporeon\n|\n|upkeep\n|turn|23\n|\n|t:|1701054586\n|move|p2a: Klefki|Thunder Wave|p1a: Vaporeon\n|-status|p1a: Vaporeon|par\n|cant|p1a: Vaporeon|par\n|\n|-end|p2a: Klefki|move: Yawn|[silent]\n|-status|p2a: Klefki|slp\n|upkeep\n|turn|24\n|\n|t:|1701054596\n|switch|p1a: Umbreon|Umbreon, M, shiny|100\/100\n|cant|p2a: Klefki|slp\n|\n|upkeep\n|turn|25\n|\n|t:|1701054600\n|-curestatus|p2a: Klefki|slp|[msg]\n|move|p2a: Klefki|Substitute|p2a: Klefki\n|-start|p2a: Klefki|Substitute\n|-damage|p2a: Klefki|17\/100\n|move|p1a: Umbreon|Heal Bell|p1a: Umbreon\n|-activate|p1a: Umbreon|move: Heal Bell\n|-curestatus|p1: Vaporeon|par|[msg]\n|-curestatus|p1: Sylveon|par|[msg]\n|\n|upkeep\n|turn|26\n|\n|t:|1701054612\n|move|p1a: Umbreon|Protect|p1a: Umbreon\n|-singleturn|p1a: Umbreon|Protect\n|move|p2a: Klefki|Foul Play|p1a: Umbreon\n|-activate|p1a: Umbreon|move: Protect\n|\n|upkeep\n|turn|27\n|\n|t:|1701054622\n|switch|p2a: Charizard|Charizard, F|100\/100\n|switch|p1a: Jolteon|Jolteon, F, tera:Fairy|100\/100\n|\n|upkeep\n|turn|28\n|\n|t:|1701054632\n|switch|p2a: Klefki|Klefki, F|17\/100\n|move|p1a: Jolteon|Volt Switch|p2a: Klefki\n|-damage|p2a: Klefki|0 fnt\n|faint|p2a: Klefki\n|\n|t:|1701054652\n|switch|p1a: Espeon|Espeon, F|100\/100|[from] Volt Switch\n|\n|upkeep\n|\n|t:|1701054656\n|switch|p2a: Charizard|Charizard, F|100\/100\n|turn|29\n|\n|t:|1701054663\n|move|p2a: Charizard|Substitute|p2a: Charizard\n|-start|p2a: Charizard|Substitute\n|-damage|p2a: Charizard|76\/100\n|move|p1a: Espeon|Trick||[still]\n|-fail|p1a: Espeon\n|\n|upkeep\n|turn|30\n|\n|t:|1701054671\n|switch|p1a: Sylveon|Sylveon, F, shiny|100\/100\n|move|p2a: Charizard|Belly Drum|p2a: Charizard\n|-damage|p2a: Charizard|26\/100\n|-setboost|p2a: Charizard|atk|6|[from] move: Belly Drum\n|\n|upkeep\n|turn|31\n|\n|t:|1701054697\n|move|p2a: Charizard|Acrobatics|p1a: Sylveon\n|-damage|p1a: Sylveon|3\/100\n|move|p1a: Sylveon|Wish|p1a: Sylveon\n|\n|upkeep\n|turn|32\n|\n|t:|1701054718\n|switch|p1a: Umbreon|Umbreon, M, shiny|100\/100\n|move|p2a: Charizard|Earthquake|p1a: Umbreon\n|-damage|p1a: Umbreon|31\/100\n|\n|-heal|p1a: Umbreon|81\/100|[from] move: Wish|[wisher] Sylveon\n|-heal|p1a: Umbreon|88\/100|[from] item: Leftovers\n|upkeep\n|turn|33\n|\n|t:|1701054729\n|move|p2a: Charizard|Earthquake|p1a: Umbreon\n|-damage|p1a: Umbreon|23\/100\n|move|p1a: Umbreon|Foul Play|p2a: Charizard\n|-end|p2a: Charizard|Substitute\n|\n|-heal|p1a: Umbreon|29\/100|[from] item: Leftovers\n|upkeep\n|turn|34\n|\n|t:|1701054740\n|move|p2a: Charizard|Acrobatics|p1a: Umbreon\n|-damage|p1a: Umbreon|0 fnt\n|faint|p1a: Umbreon\n|\n|upkeep\n|\n|t:|1701054744\n|switch|p1a: Jolteon|Jolteon, F, tera:Fairy|100\/100\n|turn|35\n|\n|t:|1701054756\n|move|p1a: Jolteon|Volt Switch|p2a: Charizard\n|-supereffective|p2a: Charizard\n|-damage|p2a: Charizard|0 fnt\n|faint|p2a: Charizard\n|-message|SkyWolf1099 forfeited.\n|\n|win|BlackxBullxElite\n|raw|BlackxBullxElite's rating: 1029 &rarr; <strong>1062<\/strong><br \/>(+33 for winning)\n|raw|SkyWolf1099's rating: 1000 &rarr; <strong>1000<\/strong><br \/>(+0 for losing)\n|l|\u2606SkyWolf1099\n","uploadtime":1701054767,"views":12,"p1id":"blackxbullxelite","p2id":"skywolf1099","formatid":"gen9nationaldex","rating":1000,"private":0,"password":""}