{"id":"gen9nationaldex-1991841965","p1":"Vincent RPPLF","p2":"Tiammat rpplf","format":"[Gen 9] National Dex","log":"|j|\u2606Vincent RPPLF\n|j|\u2606Tiammat rpplf\n|t:|1700126856\n|gametype|singles\n|player|p1|Vincent RPPLF|266|\n|player|p2|Tiammat rpplf|heroine-conquest|\n|teamsize|p1|6\n|teamsize|p2|6\n|gen|9\n|tier|[Gen 9] National Dex\n|rule|HP Percentage Mod: HP is shown in percentages\n|rule|Endless Battle Clause: Forcing endless battles is banned\n|rule|OHKO Clause: OHKO moves are banned\n|rule|Evasion Clause: Evasion abilities, items, and moves are banned\n|rule|Evasion Abilities Clause: Evasion abilities are banned\n|rule|Evasion Items Clause: Evasion items are banned\n|rule|Evasion Moves Clause: Evasion moves are banned\n|rule|Species Clause: Limit one of each Pok\u00e9mon\n|rule|Sleep Clause Mod: Limit one foe put to sleep\n|clearpoke\n|poke|p1|Rillaboom, M|\n|poke|p1|Landorus-Therian, M|\n|poke|p1|Urshifu-*, F|\n|poke|p1|Camerupt, F|\n|poke|p1|Clodsire, F|\n|poke|p1|Victini|\n|poke|p2|Aegislash, M|\n|poke|p2|Gliscor, F|\n|poke|p2|Chansey, F|\n|poke|p2|Gyarados, F|\n|poke|p2|Volcarona, M|\n|poke|p2|Iron Hands|\n|teampreview\n|\n|t:|1700126884\n|start\n|switch|p1a: Urshifu|Urshifu-Rapid-Strike, F|100\/100\n|switch|p2a: Gliscor|Gliscor, F|100\/100\n|turn|1\n|\n|t:|1700126907\n|switch|p2a: Gyarados|Gyarados, F|100\/100\n|-ability|p2a: Gyarados|Intimidate|boost\n|-unboost|p1a: Urshifu|atk|1\n|move|p1a: Urshifu|Swords Dance|p1a: Urshifu\n|-boost|p1a: Urshifu|atk|2\n|\n|upkeep\n|turn|2\n|\n|t:|1700126920\n|detailschange|p2a: Gyarados|Gyarados-Mega, F\n|-mega|p2a: Gyarados|Gyarados|Gyaradosite\n|-ability|p2a: Gyarados|Mold Breaker\n|-terastallize|p1a: Urshifu|Water\n|move|p1a: Urshifu|Surging Strikes|p2a: Gyarados\n|-resisted|p2a: Gyarados\n|-crit|p2a: Gyarados\n|-damage|p2a: Gyarados|81\/100\n|-resisted|p2a: Gyarados\n|-crit|p2a: Gyarados\n|-damage|p2a: Gyarados|59\/100\n|-resisted|p2a: Gyarados\n|-crit|p2a: Gyarados\n|-damage|p2a: Gyarados|39\/100\n|-hitcount|p2a: Gyarados|3\n|move|p2a: Gyarados|Power Whip|p1a: Urshifu\n|-supereffective|p1a: Urshifu\n|-damage|p1a: Urshifu|8\/100\n|\n|upkeep\n|turn|3\n|\n|t:|1700126941\n|move|p1a: Urshifu|Surging Strikes|p2a: Gyarados\n|-resisted|p2a: Gyarados\n|-crit|p2a: Gyarados\n|-damage|p2a: Gyarados|20\/100\n|-resisted|p2a: Gyarados\n|-crit|p2a: Gyarados\n|-damage|p2a: Gyarados|0 fnt\n|faint|p2a: Gyarados\n|-hitcount|p2: Gyarados|2\n|\n|upkeep\n|\n|t:|1700126949\n|switch|p2a: Aegislash|Aegislash, M|100\/100\n|turn|4\n|\n|t:|1700126955\n|switch|p1a: Camerupt|Camerupt, F|100\/100\n|-formechange|p2a: Aegislash|Aegislash-Blade||[from] ability: Stance Change\n|move|p2a: Aegislash|Shadow Sneak|p1a: Camerupt\n|-damage|p1a: Camerupt|71\/100\n|\n|upkeep\n|turn|5\n|\n|t:|1700126974\n|switch|p2a: Chansey|Chansey, F|100\/100\n|detailschange|p1a: Camerupt|Camerupt-Mega, F\n|-mega|p1a: Camerupt|Camerupt|Cameruptite\n|move|p1a: Camerupt|Fire Blast|p2a: Chansey\n|-damage|p2a: Chansey|77\/100\n|\n|upkeep\n|turn|6\n|\n|t:|1700126989\n|switch|p1a: Landorus|Landorus-Therian, M|100\/100\n|-ability|p1a: Landorus|Intimidate|boost\n|-unboost|p2a: Chansey|atk|1\n|move|p2a: Chansey|Teleport|p2a: Chansey\n|\n|t:|1700127010\n|switch|p2a: Gliscor|Gliscor, F|100\/100|[from] Teleport\n|\n|-status|p2a: Gliscor|tox|[from] item: Toxic Orb\n|upkeep\n|turn|7\n|\n|t:|1700127020\n|move|p2a: Gliscor|Toxic|p1a: Landorus\n|-status|p1a: Landorus|tox\n|move|p1a: Landorus|U-turn|p2a: Gliscor\n|-resisted|p2a: Gliscor\n|-damage|p2a: Gliscor|94\/100 tox\n|\n|t:|1700127023\n|switch|p1a: Urshifu|Urshifu-Rapid-Strike, F, tera:Water|8\/100|[from] U-turn\n|\n|-heal|p2a: Gliscor|100\/100 tox|[from] ability: Poison Heal\n|upkeep\n|turn|8\n|\n|t:|1700127045\n|-terastallize|p2a: Gliscor|Water\n|move|p1a: Urshifu|Surging Strikes|p2a: Gliscor\n|-resisted|p2a: Gliscor\n|-crit|p2a: Gliscor\n|-damage|p2a: Gliscor|91\/100 tox\n|-resisted|p2a: Gliscor\n|-crit|p2a: Gliscor\n|-damage|p2a: Gliscor|82\/100 tox\n|-resisted|p2a: Gliscor\n|-crit|p2a: Gliscor\n|-damage|p2a: Gliscor|73\/100 tox\n|-hitcount|p2a: Gliscor|3\n|move|p2a: Gliscor|Earthquake|p1a: Urshifu\n|-damage|p1a: Urshifu|0 fnt\n|faint|p1a: Urshifu\n|\n|-heal|p2a: Gliscor|85\/100 tox|[from] ability: Poison Heal\n|upkeep\n|\n|t:|1700127048\n|switch|p1a: Rillaboom|Rillaboom, M|100\/100\n|-fieldstart|move: Grassy Terrain|[from] ability: Grassy Surge|[of] p1a: Rillaboom\n|turn|9\n|\n|t:|1700127067\n|switch|p1a: Victini|Victini|100\/100\n|move|p2a: Gliscor|Protect||[still]\n|-fail|p2a: Gliscor\n|\n|-heal|p2a: Gliscor|91\/100 tox|[from] Grassy Terrain\n|-heal|p2a: Gliscor|100\/100 tox|[from] ability: Poison Heal\n|upkeep\n|turn|10\n|\n|t:|1700127078\n|switch|p2a: Chansey|Chansey, F|77\/100\n|-zpower|p1a: Victini\n|move|p1a: Victini|Z-Celebrate|p1a: Victini|[anim]Celebrate\n|-boost|p1a: Victini|atk|1|[zeffect]\n|-boost|p1a: Victini|def|1|[zeffect]\n|-boost|p1a: Victini|spa|1|[zeffect]\n|-boost|p1a: Victini|spd|1|[zeffect]\n|-boost|p1a: Victini|spe|1|[zeffect]\n|-activate|p1a: Victini|move: Celebrate\n|\n|-heal|p2a: Chansey|84\/100|[from] Grassy Terrain\n|upkeep\n|turn|11\n|\n|t:|1700127098\n|move|p1a: Victini|V-create|p2a: Chansey\n|-damage|p2a: Chansey|13\/100\n|-unboost|p1a: Victini|spe|1\n|-unboost|p1a: Victini|def|1\n|-unboost|p1a: Victini|spd|1\n|move|p2a: Chansey|Toxic|p1a: Victini\n|-status|p1a: Victini|tox\n|\n|-heal|p2a: Chansey|19\/100|[from] Grassy Terrain\n|-damage|p1a: Victini|94\/100 tox|[from] psn\n|upkeep\n|turn|12\n|\n|t:|1700127125\n|switch|p2a: Gliscor|Gliscor, F, tera:Water|100\/100 tox\n|move|p1a: Victini|V-create|p2a: Gliscor\n|-resisted|p2a: Gliscor\n|-damage|p2a: Gliscor|67\/100 tox\n|-unboost|p1a: Victini|spe|1\n|-unboost|p1a: Victini|def|1\n|-unboost|p1a: Victini|spd|1\n|\n|-heal|p2a: Gliscor|74\/100 tox|[from] Grassy Terrain\n|-heal|p1a: Victini|100\/100 tox|[from] Grassy Terrain\n|-heal|p2a: Gliscor|86\/100 tox|[from] ability: Poison Heal\n|-damage|p1a: Victini|88\/100 tox|[from] psn\n|upkeep\n|turn|13\n|\n|t:|1700127163\n|move|p2a: Gliscor|U-turn|p1a: Victini\n|-damage|p1a: Victini|66\/100 tox\n|\n|t:|1700127167\n|switch|p2a: Chansey|Chansey, F|19\/100|[from] U-turn\n|move|p1a: Victini|Stored Power|p2a: Chansey\n|-damage|p2a: Chansey|8\/100\n|\n|-heal|p1a: Victini|72\/100 tox|[from] Grassy Terrain\n|-heal|p2a: Chansey|15\/100|[from] Grassy Terrain\n|-damage|p1a: Victini|54\/100 tox|[from] psn\n|-fieldend|move: Grassy Terrain\n|upkeep\n|turn|14\n|\n|t:|1700127183\n|switch|p2a: Gliscor|Gliscor, F, tera:Water|86\/100 tox\n|move|p1a: Victini|V-create|p2a: Gliscor\n|-resisted|p2a: Gliscor\n|-damage|p2a: Gliscor|54\/100 tox\n|-unboost|p1a: Victini|spe|1\n|-unboost|p1a: Victini|def|1\n|-unboost|p1a: Victini|spd|1\n|\n|-heal|p2a: Gliscor|67\/100 tox|[from] ability: Poison Heal\n|-damage|p1a: Victini|29\/100 tox|[from] psn\n|upkeep\n|turn|15\n|\n|t:|1700127195\n|switch|p1a: Landorus|Landorus-Therian, M|100\/100 tox\n|-ability|p1a: Landorus|Intimidate|boost\n|-unboost|p2a: Gliscor|atk|1\n|move|p2a: Gliscor|Protect||[still]\n|-fail|p2a: Gliscor\n|\n|-heal|p2a: Gliscor|79\/100 tox|[from] ability: Poison Heal\n|-damage|p1a: Landorus|94\/100 tox|[from] psn\n|upkeep\n|turn|16\n|\n|t:|1700127224\n|move|p2a: Gliscor|U-turn|p1a: Landorus\n|-resisted|p1a: Landorus\n|-damage|p1a: Landorus|91\/100 tox\n|\n|t:|1700127227\n|switch|p2a: Chansey|Chansey, F|15\/100|[from] U-turn\n|move|p1a: Landorus|Stealth Rock|p2a: Chansey\n|-sidestart|p2: Tiammat rpplf|move: Stealth Rock\n|\n|-heal|p1a: Landorus|97\/100 tox|[from] item: Leftovers\n|-damage|p1a: Landorus|85\/100 tox|[from] psn\n|upkeep\n|turn|17\n|\n|t:|1700127247\n|switch|p2a: Gliscor|Gliscor, F, tera:Water|79\/100 tox\n|-damage|p2a: Gliscor|67\/100 tox|[from] Stealth Rock\n|move|p1a: Landorus|U-turn|p2a: Gliscor\n|-damage|p2a: Gliscor|54\/100 tox\n|\n|t:|1700127256\n|switch|p1a: Rillaboom|Rillaboom, M|100\/100|[from] U-turn\n|-fieldstart|move: Grassy Terrain|[from] ability: Grassy Surge|[of] p1a: Rillaboom\n|\n|-heal|p2a: Gliscor|61\/100 tox|[from] Grassy Terrain\n|-heal|p2a: Gliscor|73\/100 tox|[from] ability: Poison Heal\n|upkeep\n|turn|18\n|\n|t:|1700127271\n|move|p2a: Gliscor|Protect|p2a: Gliscor\n|-singleturn|p2a: Gliscor|Protect\n|move|p1a: Rillaboom|Wood Hammer|p2a: Gliscor\n|-activate|p2a: Gliscor|move: Protect\n|\n|-heal|p2a: Gliscor|79\/100 tox|[from] Grassy Terrain\n|-heal|p2a: Gliscor|92\/100 tox|[from] ability: Poison Heal\n|upkeep\n|turn|19\n|\n|t:|1700127282\n|switch|p1a: Clodsire|Clodsire, F|100\/100\n|switch|p2a: Volcarona|Volcarona, M|100\/100\n|\n|upkeep\n|turn|20\n|\n|t:|1700127297\n|switch|p2a: Aegislash|Aegislash, M|100\/100\n|-damage|p2a: Aegislash|94\/100|[from] Stealth Rock\n|move|p1a: Clodsire|Spikes|p2a: Aegislash\n|-sidestart|p2: Tiammat rpplf|Spikes\n|\n|-heal|p2a: Aegislash|100\/100|[from] Grassy Terrain\n|upkeep\n|turn|21\n|\n|t:|1700127317\n|switch|p2a: Chansey|Chansey, F|15\/100\n|-damage|p2a: Chansey|2\/100|[from] Stealth Rock\n|-damage|p2a: Chansey|0 fnt|[from] Spikes\n|faint|p2a: Chansey\n|move|p1a: Clodsire|High Horsepower|p2: Chansey|[notarget]\n|-fail|p1a: Clodsire\n|\n|-fieldend|move: Grassy Terrain\n|upkeep\n|\n|t:|1700127331\n|switch|p2a: Iron Hands|Iron Hands|100\/100\n|-damage|p2a: Iron Hands|94\/100|[from] Stealth Rock\n|-damage|p2a: Iron Hands|82\/100|[from] Spikes\n|turn|22\n|\n|t:|1700127349\n|move|p2a: Iron Hands|Swords Dance|p2a: Iron Hands\n|-boost|p2a: Iron Hands|atk|2\n|move|p1a: Clodsire|Toxic|p2a: Iron Hands\n|-status|p2a: Iron Hands|tox\n|\n|-damage|p2a: Iron Hands|75\/100 tox|[from] psn\n|upkeep\n|turn|23\n|\n|t:|1700127364\n|switch|p1a: Victini|Victini|29\/100 tox\n|move|p2a: Iron Hands|Drain Punch|p1a: Victini\n|-resisted|p1a: Victini\n|-damage|p1a: Victini|0 fnt\n|-heal|p2a: Iron Hands|85\/100 tox|[from] drain|[of] p1a: Victini\n|faint|p1a: Victini\n|\n|-damage|p2a: Iron Hands|73\/100 tox|[from] psn\n|upkeep\n|\n|t:|1700127379\n|switch|p1a: Landorus|Landorus-Therian, M|85\/100 tox\n|-ability|p1a: Landorus|Intimidate|boost\n|-unboost|p2a: Iron Hands|atk|1\n|turn|24\n|\n|t:|1700127388\n|-end|p2a: Iron Hands|Quark Drive|[silent]\n|switch|p2a: Gliscor|Gliscor, F, tera:Water|92\/100 tox\n|-damage|p2a: Gliscor|79\/100 tox|[from] Stealth Rock\n|-damage|p2a: Gliscor|67\/100 tox|[from] Spikes\n|move|p1a: Landorus|U-turn|p2a: Gliscor\n|-damage|p2a: Gliscor|54\/100 tox\n|\n|t:|1700127391\n|switch|p1a: Rillaboom|Rillaboom, M|100\/100|[from] U-turn\n|-fieldstart|move: Grassy Terrain|[from] ability: Grassy Surge|[of] p1a: Rillaboom\n|\n|-heal|p2a: Gliscor|60\/100 tox|[from] Grassy Terrain\n|-heal|p2a: Gliscor|73\/100 tox|[from] ability: Poison Heal\n|upkeep\n|turn|25\n|\n|t:|1700127404\n|switch|p1a: Camerupt|Camerupt-Mega, F|71\/100\n|move|p2a: Gliscor|Protect||[still]\n|-fail|p2a: Gliscor\n|\n|-heal|p2a: Gliscor|79\/100 tox|[from] Grassy Terrain\n|-heal|p1a: Camerupt|77\/100|[from] Grassy Terrain\n|-heal|p2a: Gliscor|91\/100 tox|[from] ability: Poison Heal\n|upkeep\n|turn|26\n|\n|t:|1700127415\n|move|p2a: Gliscor|Earthquake|p1a: Camerupt\n|-supereffective|p1a: Camerupt\n|-damage|p1a: Camerupt|47\/100\n|move|p1a: Camerupt|Earth Power|p2a: Gliscor\n|-damage|p2a: Gliscor|4\/100 tox\n|\n|-heal|p2a: Gliscor|10\/100 tox|[from] Grassy Terrain\n|-heal|p1a: Camerupt|53\/100|[from] Grassy Terrain\n|-heal|p2a: Gliscor|23\/100 tox|[from] ability: Poison Heal\n|upkeep\n|turn|27\n|\n|t:|1700127427\n|move|p2a: Gliscor|Protect|p2a: Gliscor\n|-singleturn|p2a: Gliscor|Protect\n|move|p1a: Camerupt|Earth Power|p2a: Gliscor\n|-activate|p2a: Gliscor|move: Protect\n|\n|-heal|p2a: Gliscor|29\/100 tox|[from] Grassy Terrain\n|-heal|p1a: Camerupt|59\/100|[from] Grassy Terrain\n|-heal|p2a: Gliscor|41\/100 tox|[from] ability: Poison Heal\n|upkeep\n|turn|28\n|\n|t:|1700127460\n|switch|p2a: Iron Hands|Iron Hands|73\/100 tox\n|-damage|p2a: Iron Hands|66\/100 tox|[from] Stealth Rock\n|-damage|p2a: Iron Hands|54\/100 tox|[from] Spikes\n|move|p1a: Camerupt|Earth Power|p2a: Iron Hands\n|-supereffective|p2a: Iron Hands\n|-damage|p2a: Iron Hands|0 fnt\n|faint|p2a: Iron Hands\n|-end|p2a: Iron Hands|Quark Drive|[silent]\n|\n|-heal|p1a: Camerupt|65\/100|[from] Grassy Terrain\n|-fieldend|move: Grassy Terrain\n|upkeep\n|\n|t:|1700127482\n|switch|p2a: Gliscor|Gliscor, F, tera:Water|41\/100 tox\n|-damage|p2a: Gliscor|29\/100 tox|[from] Stealth Rock\n|-damage|p2a: Gliscor|16\/100 tox|[from] Spikes\n|turn|29\n|\n|t:|1700127490\n|switch|p1a: Landorus|Landorus-Therian, M|85\/100 tox\n|-ability|p1a: Landorus|Intimidate|boost\n|-unboost|p2a: Gliscor|atk|1\n|move|p2a: Gliscor|Protect||[still]\n|-fail|p2a: Gliscor\n|\n|-heal|p1a: Landorus|91\/100 tox|[from] item: Leftovers\n|-heal|p2a: Gliscor|29\/100 tox|[from] ability: Poison Heal\n|-damage|p1a: Landorus|85\/100 tox|[from] psn\n|upkeep\n|turn|30\n|\n|t:|1700127510\n|move|p2a: Gliscor|U-turn|p1a: Landorus\n|-resisted|p1a: Landorus\n|-damage|p1a: Landorus|81\/100 tox\n|\n|t:|1700127513\n|switch|p2a: Volcarona|Volcarona, M|100\/100|[from] U-turn\n|move|p1a: Landorus|U-turn|p2a: Volcarona\n|-resisted|p2a: Volcarona\n|-damage|p2a: Volcarona|86\/100\n|\n|t:|1700127521\n|switch|p1a: Clodsire|Clodsire, F|100\/100|[from] U-turn\n|\n|upkeep\n|turn|31\n|\n|t:|1700127532\n|move|p2a: Volcarona|Fiery Dance|p1a: Clodsire\n|-damage|p1a: Clodsire|80\/100\n|-boost|p2a: Volcarona|spa|1\n|move|p1a: Clodsire|Spikes|p2a: Volcarona\n|-sidestart|p2: Tiammat rpplf|Spikes\n|\n|-heal|p1a: Clodsire|86\/100|[from] item: Leftovers\n|upkeep\n|turn|32\n|\n|t:|1700127544\n|switch|p2a: Gliscor|Gliscor, F, tera:Water|29\/100 tox\n|-damage|p2a: Gliscor|16\/100 tox|[from] Stealth Rock\n|-damage|p2a: Gliscor|0 fnt|[from] Spikes\n|faint|p2a: Gliscor\n|move|p1a: Clodsire|Toxic|p2: Gliscor|[notarget]\n|-fail|p1a: Clodsire\n|\n|-heal|p1a: Clodsire|93\/100|[from] item: Leftovers\n|upkeep\n|\n|t:|1700127557\n|switch|p2a: Aegislash|Aegislash, M|100\/100\n|-damage|p2a: Aegislash|94\/100|[from] Stealth Rock\n|-damage|p2a: Aegislash|78\/100|[from] Spikes\n|turn|33\n|\n|t:|1700127567\n|switch|p1a: Landorus|Landorus-Therian, M|81\/100 tox\n|-ability|p1a: Landorus|Intimidate|boost\n|-unboost|p2a: Aegislash|atk|1\n|move|p2a: Aegislash|King's Shield||[still]\n|-fail|p2a: Aegislash\n|\n|-heal|p1a: Landorus|87\/100 tox|[from] item: Leftovers\n|-heal|p2a: Aegislash|84\/100|[from] item: Leftovers\n|-damage|p1a: Landorus|81\/100 tox|[from] psn\n|upkeep\n|turn|34\n|\n|t:|1700127578\n|move|p1a: Landorus|Earthquake|p2a: Aegislash\n|-supereffective|p2a: Aegislash\n|-crit|p2a: Aegislash\n|-damage|p2a: Aegislash|0 fnt\n|faint|p2a: Aegislash\n|\n|-heal|p1a: Landorus|87\/100 tox|[from] item: Leftovers\n|-damage|p1a: Landorus|75\/100 tox|[from] psn\n|upkeep\n|-message|Tiammat rpplf forfeited.\n|\n|win|Vincent RPPLF\n|l|\u2606Tiammat rpplf\n","uploadtime":1700127704,"views":4,"p1id":"vincentrpplf","p2id":"tiammatrpplf","formatid":"gen9nationaldex","rating":0,"private":0,"password":""}