{"id":"gen9nationaldex-1994772497","p1":"wwaaa","p2":"Exenaphiel","format":"[Gen 9] National Dex","log":"|html|<div class=\"broadcast-blue\"><strong>[Gen 9] National Dex is currently suspecting Sneasler! For information on how to participate check out the <a href=\"https:\/\/www.smogon.com\/forums\/threads\/sv-national-dex-suspect-8-just-dance.3731534\/\">suspect thread<\/a>.<\/strong><\/div>\n|j|\u2606wwaaa\n|j|\u2606Exenaphiel\n|t:|1700491281\n|gametype|singles\n|player|p1|wwaaa|candice|1632\n|player|p2|Exenaphiel|steven|1683\n|teamsize|p1|6\n|teamsize|p2|6\n|gen|9\n|tier|[Gen 9] National Dex\n|rated|\n|rule|HP Percentage Mod: HP is shown in percentages\n|rule|Endless Battle Clause: Forcing endless battles is banned\n|rule|OHKO Clause: OHKO moves are banned\n|rule|Evasion Clause: Evasion abilities, items, and moves are banned\n|rule|Evasion Abilities Clause: Evasion abilities are banned\n|rule|Evasion Items Clause: Evasion items are banned\n|rule|Evasion Moves Clause: Evasion moves are banned\n|rule|Species Clause: Limit one of each Pok\u00e9mon\n|rule|Sleep Clause Mod: Limit one foe put to sleep\n|clearpoke\n|poke|p1|Weavile, F|\n|poke|p1|Zamazenta-*|\n|poke|p1|Banette, F|\n|poke|p1|Dragonite, M|\n|poke|p1|Slowking-Galar, F|\n|poke|p1|Ferrothorn, M|\n|poke|p2|Pelipper, F|\n|poke|p2|Swampert, F|\n|poke|p2|Zapdos|\n|poke|p2|Rillaboom, M|\n|poke|p2|Ferrothorn, M|\n|poke|p2|Greninja-*, M|\n|teampreview\n|inactive|Battle timer is ON: inactive players will automatically lose when time's up. (requested by Exenaphiel)\n|\n|t:|1700491291\n|start\n|switch|p1a: Slowking|Slowking-Galar, F|100\/100\n|switch|p2a: Pelipper|Pelipper, F|100\/100\n|-weather|RainDance|[from] ability: Drizzle|[of] p2a: Pelipper\n|turn|1\n|\n|t:|1700491296\n|move|p2a: Pelipper|U-turn|p1a: Slowking\n|-crit|p1a: Slowking\n|-damage|p1a: Slowking|87\/100\n|\n|t:|1700491300\n|switch|p2a: Ferrothorn|Ferrothorn, M|100\/100|[from] U-turn\n|move|p1a: Slowking|Chilly Reception|p1a: Slowking\n|-weather|Snow\n|\n|t:|1700491317\n|switch|p1a: Ferrothorn|Ferrothorn, M|100\/100|[from] Chilly Reception\n|\n|-weather|Snow|[upkeep]\n|upkeep\n|turn|2\n|\n|t:|1700491321\n|move|p1a: Ferrothorn|Stealth Rock|p2a: Ferrothorn\n|-sidestart|p2: Exenaphiel|move: Stealth Rock\n|move|p2a: Ferrothorn|Spikes|p1a: Ferrothorn\n|-sidestart|p1: wwaaa|Spikes\n|\n|-weather|Snow|[upkeep]\n|upkeep\n|turn|3\n|\n|t:|1700491327\n|switch|p1a: Slowking|Slowking-Galar, F|100\/100\n|move|p2a: Ferrothorn|Spikes|p1a: Slowking\n|-sidestart|p1: wwaaa|Spikes\n|\n|-weather|Snow|[upkeep]\n|upkeep\n|turn|4\n|\n|t:|1700491338\n|switch|p2a: Pelipper|Pelipper, F|100\/100\n|-damage|p2a: Pelipper|75\/100|[from] Stealth Rock\n|-weather|RainDance|[from] ability: Drizzle|[of] p2a: Pelipper\n|move|p1a: Slowking|Toxic Spikes|p2a: Pelipper\n|-sidestart|p2: Exenaphiel|move: Toxic Spikes\n|\n|-weather|RainDance|[upkeep]\n|upkeep\n|turn|5\n|\n|t:|1700491346\n|move|p2a: Pelipper|Scald|p1a: Slowking\n|-damage|p1a: Slowking|78\/100\n|move|p1a: Slowking|Chilly Reception|p1a: Slowking\n|-weather|Snow\n|\n|t:|1700491356\n|switch|p1a: Weavile|Weavile, F|100\/100|[from] Chilly Reception\n|-ability|p1a: Weavile|Pressure\n|\n|-weather|Snow|[upkeep]\n|upkeep\n|turn|6\n|\n|t:|1700491364\n|move|p1a: Weavile|Pursuit|p2a: Pelipper\n|-damage|p2a: Pelipper|59\/100\n|move|p2a: Pelipper|U-turn|p1a: Weavile\n|-supereffective|p1a: Weavile\n|-damage|p1a: Weavile|81\/100\n|\n|t:|1700491371\n|switch|p2a: Ferrothorn|Ferrothorn, M|100\/100|[from] U-turn\n|-damage|p2a: Ferrothorn|94\/100|[from] Stealth Rock\n|\n|-weather|Snow|[upkeep]\n|-heal|p2a: Ferrothorn|100\/100|[from] item: Leftovers\n|upkeep\n|turn|7\n|\n|t:|1700491376\n|switch|p1a: Slowking|Slowking-Galar, F|100\/100\n|move|p2a: Ferrothorn|Body Press|p1a: Slowking\n|-resisted|p1a: Slowking\n|-damage|p1a: Slowking|95\/100\n|\n|-weather|Snow|[upkeep]\n|upkeep\n|turn|8\n|\n|t:|1700491380\n|move|p1a: Slowking|Toxic Spikes|p2a: Ferrothorn\n|-sidestart|p2: Exenaphiel|move: Toxic Spikes\n|move|p2a: Ferrothorn|Spikes|p1a: Slowking\n|-sidestart|p1: wwaaa|Spikes\n|\n|-weather|Snow|[upkeep]\n|upkeep\n|turn|9\n|\n|t:|1700491386\n|move|p1a: Slowking|Future Sight|p2a: Ferrothorn\n|-start|p1a: Slowking|move: Future Sight\n|move|p2a: Ferrothorn|Leech Seed|p1a: Slowking\n|-start|p1a: Slowking|move: Leech Seed\n|\n|-weather|none\n|-damage|p1a: Slowking|82\/100|[from] Leech Seed|[of] p2a: Ferrothorn\n|upkeep\n|turn|10\n|\n|t:|1700491391\n|move|p1a: Slowking|Chilly Reception|p1a: Slowking\n|-weather|Snow\n|\n|t:|1700491405\n|switch|p1a: Dragonite|Dragonite, M|100\/100|[from] Chilly Reception\n|move|p2a: Ferrothorn|Body Press|p1a: Dragonite\n|-resisted|p1a: Dragonite\n|-damage|p1a: Dragonite|94\/100\n|\n|-weather|Snow|[upkeep]\n|upkeep\n|turn|11\n|j| cangyue\n|\n|t:|1700491409\n|move|p1a: Dragonite|Dragon Dance|p1a: Dragonite\n|-boost|p1a: Dragonite|atk|1\n|-boost|p1a: Dragonite|spe|1\n|move|p2a: Ferrothorn|Leech Seed|p1a: Dragonite\n|-start|p1a: Dragonite|move: Leech Seed\n|\n|-weather|Snow|[upkeep]\n|-end|p2a: Ferrothorn|move: Future Sight\n|-resisted|p2a: Ferrothorn\n|-damage|p2a: Ferrothorn|86\/100\n|-heal|p2a: Ferrothorn|92\/100|[from] item: Leftovers\n|-damage|p1a: Dragonite|82\/100|[from] Leech Seed|[of] p2a: Ferrothorn\n|-heal|p2a: Ferrothorn|100\/100|[silent]\n|upkeep\n|turn|12\n|\n|t:|1700491413\n|move|p1a: Dragonite|Dragon Dance|p1a: Dragonite\n|-boost|p1a: Dragonite|atk|1\n|-boost|p1a: Dragonite|spe|1\n|move|p2a: Ferrothorn|Gyro Ball|p1a: Dragonite\n|-damage|p1a: Dragonite|31\/100\n|\n|-weather|Snow|[upkeep]\n|-damage|p1a: Dragonite|19\/100|[from] Leech Seed|[of] p2a: Ferrothorn\n|upkeep\n|turn|13\n|\n|t:|1700491435\n|switch|p2a: Pelipper|Pelipper, F|59\/100\n|-damage|p2a: Pelipper|34\/100|[from] Stealth Rock\n|-weather|RainDance|[from] ability: Drizzle|[of] p2a: Pelipper\n|move|p1a: Dragonite|Earthquake|p2a: Pelipper\n|-immune|p2a: Pelipper\n|\n|-weather|RainDance|[upkeep]\n|-damage|p1a: Dragonite|6\/100|[from] Leech Seed|[of] p2a: Pelipper\n|-heal|p2a: Pelipper|47\/100|[silent]\n|upkeep\n|turn|14\n|\n|t:|1700491443\n|switch|p2a: Ferrothorn|Ferrothorn, M|100\/100\n|-damage|p2a: Ferrothorn|94\/100|[from] Stealth Rock\n|move|p1a: Dragonite|Roost|p1a: Dragonite\n|-heal|p1a: Dragonite|57\/100\n|-singleturn|p1a: Dragonite|move: Roost\n|\n|-weather|RainDance|[upkeep]\n|-heal|p2a: Ferrothorn|100\/100|[from] item: Leftovers\n|-damage|p1a: Dragonite|44\/100|[from] Leech Seed|[of] p2a: Ferrothorn\n|upkeep\n|turn|15\n|\n|t:|1700491447\n|move|p1a: Dragonite|Earthquake|p2a: Ferrothorn\n|-damage|p2a: Ferrothorn|42\/100\n|move|p2a: Ferrothorn|Gyro Ball|p1a: Dragonite\n|-damage|p1a: Dragonite|0 fnt\n|faint|p1a: Dragonite\n|\n|-weather|RainDance|[upkeep]\n|-heal|p2a: Ferrothorn|48\/100|[from] item: Leftovers\n|upkeep\n|\n|t:|1700491460\n|switch|p1a: Banette|Banette, F|100\/100\n|-damage|p1a: Banette|76\/100|[from] Spikes\n|-item|p2a: Ferrothorn|Leftovers|[from] ability: Frisk|[of] p1a: Banette|[identify]\n|turn|16\n|\n|t:|1700491469\n|detailschange|p1a: Banette|Banette-Mega, F\n|-mega|p1a: Banette|Banette|Banettite\n|move|p1a: Banette|Poltergeist|p2a: Ferrothorn\n|-activate|p2a: Ferrothorn|move: Poltergeist|Leftovers\n|-damage|p2a: Ferrothorn|0 fnt\n|faint|p2a: Ferrothorn\n|\n|-weather|RainDance|[upkeep]\n|upkeep\n|\n|t:|1700491478\n|switch|p2a: Swampert|Swampert, F|100\/100\n|-damage|p2a: Swampert|94\/100|[from] Stealth Rock\n|-status|p2a: Swampert|tox\n|turn|17\n|\n|t:|1700491483\n|detailschange|p2a: Swampert|Swampert-Mega, F\n|-mega|p2a: Swampert|Swampert|Swampertite\n|move|p1a: Banette|Destiny Bond|p1a: Banette\n|-singlemove|p1a: Banette|Destiny Bond\n|move|p2a: Swampert|High Horsepower|p1a: Banette\n|-damage|p1a: Banette|0 fnt\n|faint|p1a: Banette\n|-activate|p1a: Banette|move: Destiny Bond\n|faint|p2a: Swampert\n|\n|-weather|RainDance|[upkeep]\n|upkeep\n|\n|t:|1700491497\n|switch|p2a: Zapdos|Zapdos|100\/100\n|switch|p1a: Ferrothorn|Ferrothorn, M|100\/100\n|-damage|p1a: Ferrothorn|75\/100|[from] Spikes\n|turn|18\n|\n|t:|1700491505\n|-terastallize|p2a: Zapdos|Flying\n|move|p2a: Zapdos|Hurricane|p1a: Ferrothorn\n|-damage|p1a: Ferrothorn|23\/100\n|-start|p1a: Ferrothorn|confusion\n|-activate|p1a: Ferrothorn|confusion\n|move|p1a: Ferrothorn|Leech Seed|p2a: Zapdos\n|-start|p2a: Zapdos|move: Leech Seed\n|\n|-weather|RainDance|[upkeep]\n|-heal|p1a: Ferrothorn|29\/100|[from] item: Leftovers\n|-damage|p2a: Zapdos|88\/100|[from] Leech Seed|[of] p1a: Ferrothorn\n|-heal|p1a: Ferrothorn|40\/100|[silent]\n|upkeep\n|turn|19\n|\n|t:|1700491516\n|switch|p1a: Slowking|Slowking-Galar, F|100\/100\n|move|p2a: Zapdos|Hurricane|p1a: Slowking\n|-damage|p1a: Slowking|53\/100\n|\n|-weather|RainDance|[upkeep]\n|-damage|p2a: Zapdos|76\/100|[from] Leech Seed|[of] p1a: Slowking\n|-heal|p1a: Slowking|63\/100|[silent]\n|upkeep\n|turn|20\n|\n|t:|1700491527\n|switch|p2a: Rillaboom|Rillaboom, M|100\/100\n|-damage|p2a: Rillaboom|88\/100|[from] Stealth Rock\n|-status|p2a: Rillaboom|tox\n|-fieldstart|move: Grassy Terrain|[from] ability: Grassy Surge|[of] p2a: Rillaboom\n|move|p1a: Slowking|Sludge Bomb|p2a: Rillaboom\n|-supereffective|p2a: Rillaboom\n|-damage|p2a: Rillaboom|0 fnt\n|faint|p2a: Rillaboom\n|\n|-weather|none\n|-heal|p1a: Slowking|70\/100|[from] Grassy Terrain\n|upkeep\n|\n|t:|1700491539\n|switch|p2a: Pelipper|Pelipper, F|47\/100\n|-damage|p2a: Pelipper|22\/100|[from] Stealth Rock\n|-weather|RainDance|[from] ability: Drizzle|[of] p2a: Pelipper\n|turn|21\n|\n|t:|1700491541\n|move|p2a: Pelipper|Roost|p2a: Pelipper\n|-heal|p2a: Pelipper|72\/100\n|-singleturn|p2a: Pelipper|move: Roost\n|move|p1a: Slowking|Chilly Reception|p1a: Slowking\n|-weather|Snow\n|\n|t:|1700491548\n|switch|p1a: Weavile|Weavile, F|81\/100|[from] Chilly Reception\n|-ability|p1a: Weavile|Pressure\n|\n|-weather|Snow|[upkeep]\n|-heal|p1a: Weavile|87\/100|[from] Grassy Terrain\n|-heal|p2a: Pelipper|78\/100|[from] Grassy Terrain\n|upkeep\n|turn|22\n|\n|t:|1700491555\n|move|p1a: Weavile|Triple Axel|p2a: Pelipper\n|-damage|p2a: Pelipper|70\/100\n|-damage|p2a: Pelipper|54\/100\n|-damage|p2a: Pelipper|32\/100\n|-hitcount|p2a: Pelipper|3\n|move|p2a: Pelipper|Scald|p1a: Weavile\n|-damage|p1a: Weavile|49\/100\n|-status|p1a: Weavile|brn\n|\n|-weather|Snow|[upkeep]\n|-heal|p1a: Weavile|55\/100 brn|[from] Grassy Terrain\n|-damage|p1a: Weavile|49\/100 brn|[from] brn\n|upkeep\n|turn|23\n|\n|t:|1700491568\n|move|p1a: Weavile|Knock Off|p2a: Pelipper\n|-damage|p2a: Pelipper|14\/100\n|-enditem|p2a: Pelipper|Damp Rock|[from] move: Knock Off|[of] p1a: Weavile\n|move|p2a: Pelipper|Roost|p2a: Pelipper\n|-heal|p2a: Pelipper|64\/100\n|-singleturn|p2a: Pelipper|move: Roost\n|\n|-weather|Snow|[upkeep]\n|-heal|p1a: Weavile|55\/100 brn|[from] Grassy Terrain\n|-heal|p2a: Pelipper|71\/100|[from] Grassy Terrain\n|-damage|p1a: Weavile|49\/100 brn|[from] brn\n|upkeep\n|turn|24\n|\n|t:|1700491586\n|switch|p1a: Ferrothorn|Ferrothorn, M|40\/100\n|-damage|p1a: Ferrothorn|15\/100|[from] Spikes\n|move|p2a: Pelipper|Scald|p1a: Ferrothorn\n|-resisted|p1a: Ferrothorn\n|-damage|p1a: Ferrothorn|5\/100\n|-status|p1a: Ferrothorn|brn\n|\n|-weather|Snow|[upkeep]\n|-heal|p1a: Ferrothorn|12\/100 brn|[from] Grassy Terrain\n|-heal|p1a: Ferrothorn|18\/100 brn|[from] item: Leftovers\n|-damage|p1a: Ferrothorn|12\/100 brn|[from] brn\n|-fieldend|move: Grassy Terrain\n|upkeep\n|turn|25\n|\n|t:|1700491590\n|move|p2a: Pelipper|Hurricane|p1a: Ferrothorn\n|-damage|p1a: Ferrothorn|0 fnt\n|faint|p1a: Ferrothorn\n|\n|-weather|none\n|upkeep\n|\n|t:|1700491597\n|switch|p1a: Slowking|Slowking-Galar, F|100\/100\n|turn|26\n|\n|t:|1700491611\n|move|p2a: Pelipper|Scald|p1a: Slowking\n|-damage|p1a: Slowking|86\/100\n|-status|p1a: Slowking|brn\n|move|p1a: Slowking|Sludge Bomb|p2a: Pelipper\n|-damage|p2a: Pelipper|22\/100\n|\n|-damage|p1a: Slowking|80\/100 brn|[from] brn\n|upkeep\n|turn|27\n|\n|t:|1700491631\n|move|p2a: Pelipper|Hurricane|p1a: Slowking\n|-damage|p1a: Slowking|58\/100 brn\n|move|p1a: Slowking|Sludge Bomb|p2a: Pelipper\n|-damage|p2a: Pelipper|0 fnt\n|faint|p2a: Pelipper\n|\n|-damage|p1a: Slowking|52\/100 brn|[from] brn\n|upkeep\n|\n|t:|1700491639\n|switch|p2a: Greninja|Greninja, M|100\/100\n|-damage|p2a: Greninja|88\/100|[from] Stealth Rock\n|-status|p2a: Greninja|tox\n|turn|28\n|\n|t:|1700491656\n|switch|p1a: Zamazenta|Zamazenta|100\/100\n|-damage|p1a: Zamazenta|76\/100|[from] Spikes\n|-ability|p1a: Zamazenta|Dauntless Shield|boost\n|-boost|p1a: Zamazenta|def|1\n|move|p2a: Greninja|Hydro Pump|p1a: Zamazenta\n|-damage|p1a: Zamazenta|27\/100\n|-damage|p2a: Greninja|78\/100 tox|[from] item: Life Orb\n|\n|-damage|p2a: Greninja|72\/100 tox|[from] psn\n|upkeep\n|turn|29\n|\n|t:|1700491674\n|switch|p2a: Zapdos|Zapdos, tera:Flying|76\/100\n|move|p1a: Zamazenta|Body Press|p2a: Zapdos\n|-resisted|p2a: Zapdos\n|-damage|p2a: Zapdos|46\/100\n|\n|upkeep\n|turn|30\n|inactive|wwaaa has 120 seconds left.\n|\n|t:|1700491704\n|move|p1a: Zamazenta|Body Press|p2a: Zapdos\n|-resisted|p2a: Zapdos\n|-damage|p2a: Zapdos|18\/100\n|move|p2a: Zapdos|Roost|p2a: Zapdos\n|-heal|p2a: Zapdos|68\/100\n|-hint|If a Flying Terastallized Pokemon uses Roost, it remains Flying-type.\n|\n|upkeep\n|turn|31\n|\n|t:|1700491712\n|switch|p1a: Weavile|Weavile, F|49\/100 brn\n|-ability|p1a: Weavile|Pressure\n|move|p2a: Zapdos|Roost|p2a: Zapdos\n|-heal|p2a: Zapdos|100\/100\n|-hint|If a Flying Terastallized Pokemon uses Roost, it remains Flying-type.\n|\n|-damage|p1a: Weavile|43\/100 brn|[from] brn\n|upkeep\n|turn|32\n|\n|t:|1700491717\n|move|p1a: Weavile|Triple Axel|p2a: Zapdos\n|-supereffective|p2a: Zapdos\n|-damage|p2a: Zapdos|87\/100\n|-supereffective|p2a: Zapdos\n|-damage|p2a: Zapdos|64\/100\n|-supereffective|p2a: Zapdos\n|-damage|p2a: Zapdos|26\/100\n|-hitcount|p2a: Zapdos|3\n|move|p2a: Zapdos|Hurricane|p1a: Weavile\n|-damage|p1a: Weavile|0 fnt\n|faint|p1a: Weavile\n|\n|upkeep\n|\n|t:|1700491730\n|switch|p1a: Zamazenta|Zamazenta|27\/100\n|-damage|p1a: Zamazenta|2\/100|[from] Spikes\n|turn|33\n|\n|t:|1700491735\n|move|p1a: Zamazenta|Body Press|p2a: Zapdos\n|-resisted|p2a: Zapdos\n|-damage|p2a: Zapdos|5\/100\n|-status|p1a: Zamazenta|par|[from] ability: Static|[of] p2a: Zapdos\n|move|p2a: Zapdos|Weather Ball|p1a: Zamazenta\n|-damage|p1a: Zamazenta|0 fnt\n|faint|p1a: Zamazenta\n|\n|upkeep\n|inactive|wwaaa has 120 seconds left.\n|\n|t:|1700491763\n|switch|p1a: Slowking|Slowking-Galar, F|86\/100 brn\n|turn|34\n|\n|t:|1700491769\n|move|p2a: Zapdos|Roost|p2a: Zapdos\n|-heal|p2a: Zapdos|55\/100\n|-hint|If a Flying Terastallized Pokemon uses Roost, it remains Flying-type.\n|move|p1a: Slowking|Sludge Bomb|p2a: Zapdos\n|-damage|p2a: Zapdos|19\/100\n|\n|-damage|p1a: Slowking|79\/100 brn|[from] brn\n|upkeep\n|turn|35\n|\n|t:|1700491775\n|move|p2a: Zapdos|Roost|p2a: Zapdos\n|-heal|p2a: Zapdos|69\/100\n|-hint|If a Flying Terastallized Pokemon uses Roost, it remains Flying-type.\n|move|p1a: Slowking|Sludge Bomb|p2a: Zapdos\n|-damage|p2a: Zapdos|31\/100\n|-status|p2a: Zapdos|psn\n|\n|-damage|p2a: Zapdos|19\/100 psn|[from] psn\n|-damage|p1a: Slowking|73\/100 brn|[from] brn\n|upkeep\n|turn|36\n|\n|t:|1700491786\n|move|p2a: Zapdos|Roost|p2a: Zapdos\n|-heal|p2a: Zapdos|69\/100 psn\n|-hint|If a Flying Terastallized Pokemon uses Roost, it remains Flying-type.\n|move|p1a: Slowking|Sludge Bomb|p2a: Zapdos\n|-damage|p2a: Zapdos|26\/100 psn\n|\n|-damage|p2a: Zapdos|14\/100 psn|[from] psn\n|-damage|p1a: Slowking|67\/100 brn|[from] brn\n|upkeep\n|turn|37\n|\n|t:|1700491796\n|move|p2a: Zapdos|Roost|p2a: Zapdos\n|-heal|p2a: Zapdos|64\/100 psn\n|-hint|If a Flying Terastallized Pokemon uses Roost, it remains Flying-type.\n|move|p1a: Slowking|Sludge Bomb|p2a: Zapdos\n|-damage|p2a: Zapdos|26\/100 psn\n|\n|-damage|p2a: Zapdos|13\/100 psn|[from] psn\n|-damage|p1a: Slowking|61\/100 brn|[from] brn\n|upkeep\n|turn|38\n|\n|t:|1700491810\n|move|p2a: Zapdos|Roost|p2a: Zapdos\n|-heal|p2a: Zapdos|63\/100 psn\n|-hint|If a Flying Terastallized Pokemon uses Roost, it remains Flying-type.\n|move|p1a: Slowking|Sludge Bomb|p2a: Zapdos\n|-damage|p2a: Zapdos|23\/100 psn\n|\n|-damage|p2a: Zapdos|10\/100 psn|[from] psn\n|-damage|p1a: Slowking|55\/100 brn|[from] brn\n|upkeep\n|turn|39\n|\n|t:|1700491826\n|move|p2a: Zapdos|Roost|p2a: Zapdos\n|-heal|p2a: Zapdos|61\/100 psn\n|-hint|If a Flying Terastallized Pokemon uses Roost, it remains Flying-type.\n|move|p1a: Slowking|Sludge Bomb|p2a: Zapdos\n|-damage|p2a: Zapdos|20\/100 psn\n|\n|-damage|p2a: Zapdos|7\/100 psn|[from] psn\n|-damage|p1a: Slowking|49\/100 brn|[from] brn\n|upkeep\n|turn|40\n|c|\u2606wwaaa|\u4e3a\u4ec0\u4e48\u8981\u62d6\u554a\n|\n|t:|1700491847\n|move|p2a: Zapdos|Hurricane|p1a: Slowking|[miss]\n|-miss|p2a: Zapdos|p1a: Slowking\n|move|p1a: Slowking|Sludge Bomb|p2a: Zapdos\n|-damage|p2a: Zapdos|0 fnt\n|faint|p2a: Zapdos\n|\n|-damage|p1a: Slowking|43\/100 brn|[from] brn\n|upkeep\n|\n|t:|1700491848\n|switch|p2a: Greninja|Greninja, M|72\/100 tox\n|-damage|p2a: Greninja|60\/100 tox|[from] Stealth Rock\n|turn|41\n|\n|t:|1700491852\n|-terastallize|p1a: Slowking|Water\n|move|p2a: Greninja|Dark Pulse|p1a: Slowking\n|-damage|p1a: Slowking|15\/100 brn\n|-damage|p2a: Greninja|50\/100 tox|[from] item: Life Orb\n|cant|p1a: Slowking|flinch\n|\n|-damage|p2a: Greninja|44\/100 tox|[from] psn\n|-damage|p1a: Slowking|9\/100 brn|[from] brn\n|upkeep\n|turn|42\n|\n|t:|1700491860\n|move|p2a: Greninja|Dark Pulse|p1a: Slowking\n|-damage|p1a: Slowking|0 fnt\n|faint|p1a: Slowking\n|-damage|p2a: Greninja|35\/100 tox|[from] item: Life Orb\n|\n|win|Exenaphiel\n|raw|wwaaa's rating: 1632 &rarr; <strong>1615<\/strong><br \/>(-17 for losing)\n|raw|Exenaphiel's rating: 1683 &rarr; <strong>1700<\/strong><br \/>(+17 for winning)\n","uploadtime":1700491869,"views":1,"p1id":"wwaaa","p2id":"exenaphiel","formatid":"gen9nationaldex","rating":1615,"private":0,"password":""}