{"id":"gen9nationaldex-1996617882","p1":"H1420","p2":"Siliciferous_sand","format":"[Gen 9] National Dex","log":"|html|<div class=\"broadcast-blue\"><strong>[Gen 9] National Dex is currently suspecting Sneasler! For information on how to participate check out the <a href=\"https:\/\/www.smogon.com\/forums\/threads\/sv-national-dex-suspect-8-just-dance.3731534\/\">suspect thread<\/a>.<\/strong><\/div>\n|j|\u2606H1420\n|j|\u2606Siliciferous_sand\n|t:|1700701201\n|gametype|singles\n|player|p1|H1420|red|1143\n|player|p2|Siliciferous_sand|unknown|1272\n|teamsize|p1|6\n|teamsize|p2|6\n|gen|9\n|tier|[Gen 9] National Dex\n|rated|\n|rule|HP Percentage Mod: HP is shown in percentages\n|rule|Endless Battle Clause: Forcing endless battles is banned\n|rule|OHKO Clause: OHKO moves are banned\n|rule|Evasion Clause: Evasion abilities, items, and moves are banned\n|rule|Evasion Abilities Clause: Evasion abilities are banned\n|rule|Evasion Items Clause: Evasion items are banned\n|rule|Evasion Moves Clause: Evasion moves are banned\n|rule|Species Clause: Limit one of each Pok\u00e9mon\n|rule|Sleep Clause Mod: Limit one foe put to sleep\n|clearpoke\n|poke|p1|Charizard, F|\n|poke|p1|Ninetales, F|\n|poke|p1|Kommo-o, F|\n|poke|p1|Excadrill, M|\n|poke|p1|Venusaur, F|\n|poke|p1|Cloyster, F|\n|poke|p2|Slowking-Galar, M|\n|poke|p2|Alomomola, F|\n|poke|p2|Rillaboom, M|\n|poke|p2|Sneasler, F|\n|poke|p2|Charizard, F|\n|poke|p2|Starmie|\n|teampreview\n|inactive|Battle timer is ON: inactive players will automatically lose when time's up. (requested by Siliciferous_sand)\n|c|\u2606H1420|gl hf\n|\n|t:|1700701224\n|start\n|switch|p1a: Super Kyurem|Cloyster, F|100\/100\n|switch|p2a: Slowking|Slowking-Galar, M|100\/100\n|turn|1\n|\n|t:|1700701229\n|move|p1a: Super Kyurem|Shell Smash|p1a: Super Kyurem\n|-unboost|p1a: Super Kyurem|def|1\n|-unboost|p1a: Super Kyurem|spd|1\n|-boost|p1a: Super Kyurem|atk|2\n|-boost|p1a: Super Kyurem|spa|2\n|-boost|p1a: Super Kyurem|spe|2\n|move|p2a: Slowking|Thunder Wave|p1a: Super Kyurem\n|-status|p1a: Super Kyurem|par\n|\n|upkeep\n|turn|2\n|\n|t:|1700701242\n|switch|p2a: Alomomola|Alomomola, F|100\/100\n|move|p1a: Super Kyurem|Shell Smash|p1a: Super Kyurem\n|-unboost|p1a: Super Kyurem|def|1\n|-unboost|p1a: Super Kyurem|spd|1\n|-boost|p1a: Super Kyurem|atk|2\n|-boost|p1a: Super Kyurem|spa|2\n|-boost|p1a: Super Kyurem|spe|2\n|\n|upkeep\n|turn|3\n|\n|t:|1700701252\n|move|p1a: Super Kyurem|Rock Blast|p2a: Alomomola\n|-damage|p2a: Alomomola|88\/100\n|-damage|p2a: Alomomola|75\/100\n|-damage|p2a: Alomomola|61\/100\n|-damage|p2a: Alomomola|49\/100\n|-damage|p2a: Alomomola|37\/100\n|-hitcount|p2a: Alomomola|5\n|move|p2a: Alomomola|Scald|p1a: Super Kyurem\n|-resisted|p1a: Super Kyurem\n|-damage|p1a: Super Kyurem|63\/100 par\n|\n|upkeep\n|turn|4\n|\n|t:|1700701268\n|move|p1a: Super Kyurem|Rock Blast|p2a: Alomomola\n|-damage|p2a: Alomomola|24\/100\n|-damage|p2a: Alomomola|10\/100\n|-damage|p2a: Alomomola|0 fnt\n|faint|p2a: Alomomola\n|-hitcount|p2: Alomomola|3\n|\n|upkeep\n|\n|t:|1700701274\n|switch|p2a: Rillaboom|Rillaboom, M|100\/100\n|-fieldstart|move: Grassy Terrain|[from] ability: Grassy Surge|[of] p2a: Rillaboom\n|turn|5\n|\n|t:|1700701291\n|move|p1a: Super Kyurem|Ice Shard|p2a: Rillaboom\n|-supereffective|p2a: Rillaboom\n|-damage|p2a: Rillaboom|0 fnt\n|faint|p2a: Rillaboom\n|\n|-heal|p1a: Super Kyurem|69\/100 par|[from] Grassy Terrain\n|upkeep\n|\n|t:|1700701294\n|switch|p2a: Sneasler|Sneasler, F|100\/100\n|-enditem|p2a: Sneasler|Grassy Seed\n|-boost|p2a: Sneasler|def|1|[from] item: Grassy Seed\n|turn|6\n|\n|t:|1700701306\n|move|p2a: Sneasler|Close Combat|p1a: Super Kyurem\n|-supereffective|p1a: Super Kyurem\n|-damage|p1a: Super Kyurem|0 fnt\n|-unboost|p2a: Sneasler|def|1\n|-unboost|p2a: Sneasler|spd|1\n|faint|p1a: Super Kyurem\n|\n|upkeep\n|\n|t:|1700701319\n|switch|p1a: Ninetales|Ninetales, F|100\/100\n|-weather|SunnyDay|[from] ability: Drought|[of] p1a: Ninetales\n|turn|7\n|\n|t:|1700701327\n|move|p2a: Sneasler|Close Combat|p1a: Ninetales\n|-damage|p1a: Ninetales|2\/100\n|-unboost|p2a: Sneasler|def|1\n|-unboost|p2a: Sneasler|spd|1\n|move|p1a: Ninetales|Memento|p2a: Sneasler\n|-unboost|p2a: Sneasler|atk|2\n|-unboost|p2a: Sneasler|spa|2\n|faint|p1a: Ninetales\n|\n|-weather|SunnyDay|[upkeep]\n|upkeep\n|\n|t:|1700701331\n|switch|p1a: Charizard|Charizard, F|100\/100\n|turn|8\n|\n|t:|1700701338\n|detailschange|p1a: Charizard|Charizard-Mega-X, F\n|-mega|p1a: Charizard|Charizard|Charizardite X\n|move|p2a: Sneasler|Dire Claw|p1a: Charizard\n|-damage|p1a: Charizard|78\/100\n|move|p1a: Charizard|Dragon Dance|p1a: Charizard\n|-boost|p1a: Charizard|atk|1\n|-boost|p1a: Charizard|spe|1\n|\n|-weather|SunnyDay|[upkeep]\n|-heal|p1a: Charizard|84\/100|[from] Grassy Terrain\n|upkeep\n|turn|9\n|\n|t:|1700701347\n|move|p2a: Sneasler|Dire Claw|p1a: Charizard\n|-damage|p1a: Charizard|59\/100\n|-status|p1a: Charizard|par\n|cant|p1a: Charizard|par\n|\n|-weather|SunnyDay|[upkeep]\n|-heal|p1a: Charizard|65\/100 par|[from] Grassy Terrain\n|-fieldend|move: Grassy Terrain\n|upkeep\n|turn|10\n|\n|t:|1700701356\n|move|p2a: Sneasler|Close Combat|p1a: Charizard\n|-damage|p1a: Charizard|27\/100 par\n|-unboost|p2a: Sneasler|def|1\n|-unboost|p2a: Sneasler|spd|1\n|move|p1a: Charizard|Dragon Dance|p1a: Charizard\n|-boost|p1a: Charizard|atk|1\n|-boost|p1a: Charizard|spe|1\n|\n|-weather|SunnyDay|[upkeep]\n|upkeep\n|turn|11\n|\n|t:|1700701362\n|move|p2a: Sneasler|Close Combat|p1a: Charizard\n|-damage|p1a: Charizard|0 fnt\n|-unboost|p2a: Sneasler|def|1\n|-unboost|p2a: Sneasler|spd|1\n|faint|p1a: Charizard\n|\n|-weather|SunnyDay|[upkeep]\n|upkeep\n|\n|t:|1700701366\n|switch|p1a: Venusaur|Venusaur, F|100\/100\n|turn|12\n|\n|t:|1700701370\n|move|p2a: Sneasler|Acrobatics|p1a: Venusaur\n|-supereffective|p1a: Venusaur\n|-damage|p1a: Venusaur|48\/100\n|move|p1a: Venusaur|Growth|p1a: Venusaur\n|-boost|p1a: Venusaur|atk|2\n|-boost|p1a: Venusaur|spa|2\n|\n|-weather|SunnyDay|[upkeep]\n|upkeep\n|turn|13\n|\n|t:|1700701376\n|move|p2a: Sneasler|Acrobatics|p1a: Venusaur\n|-supereffective|p1a: Venusaur\n|-damage|p1a: Venusaur|0 fnt\n|faint|p1a: Venusaur\n|\n|-weather|SunnyDay|[upkeep]\n|upkeep\n|\n|t:|1700701379\n|switch|p1a: Kommo-o|Kommo-o, F|100\/100\n|turn|14\n|\n|t:|1700701390\n|-terastallize|p2a: Sneasler|Flying\n|move|p2a: Sneasler|Acrobatics|p1a: Kommo-o\n|-supereffective|p1a: Kommo-o\n|-damage|p1a: Kommo-o|52\/100\n|-zpower|p1a: Kommo-o\n|move|p1a: Kommo-o|Clangorous Soulblaze|p2a: Sneasler|[zeffect]\n|-damage|p2a: Sneasler|0 fnt\n|faint|p2a: Sneasler\n|-boost|p1a: Kommo-o|atk|1\n|-boost|p1a: Kommo-o|def|1\n|-boost|p1a: Kommo-o|spa|1\n|-boost|p1a: Kommo-o|spd|1\n|-boost|p1a: Kommo-o|spe|1\n|\n|-weather|none\n|upkeep\n|\n|t:|1700701410\n|switch|p2a: Slowking|Slowking-Galar, M|100\/100\n|turn|15\n|\n|t:|1700701418\n|move|p1a: Kommo-o|Dragon Claw|p2a: Slowking\n|-damage|p2a: Slowking|68\/100\n|move|p2a: Slowking|Thunder Wave|p1a: Kommo-o\n|-status|p1a: Kommo-o|par\n|\n|upkeep\n|turn|16\n|c|\u2606H1420|you really like para-hax huh?\n|\n|t:|1700701437\n|move|p1a: Kommo-o|Dragon Claw|p2a: Slowking\n|-damage|p2a: Slowking|34\/100\n|move|p2a: Slowking|Chilly Reception|p2a: Slowking\n|-weather|Snow\n|\n|t:|1700701439\n|switch|p2a: Starmie|Starmie|100\/100|[from] Chilly Reception\n|\n|-weather|Snow|[upkeep]\n|upkeep\n|turn|17\n|\n|t:|1700701445\n|move|p2a: Starmie|Ice Beam|p1a: Kommo-o\n|-supereffective|p1a: Kommo-o\n|-damage|p1a: Kommo-o|17\/100 par\n|cant|p1a: Kommo-o|par\n|\n|-weather|Snow|[upkeep]\n|upkeep\n|turn|18\n|\n|t:|1700701451\n|move|p2a: Starmie|Ice Beam|p1a: Kommo-o\n|-supereffective|p1a: Kommo-o\n|-damage|p1a: Kommo-o|0 fnt\n|faint|p1a: Kommo-o\n|\n|-weather|Snow|[upkeep]\n|upkeep\n|\n|t:|1700701452\n|switch|p1a: Excadrill|Excadrill, M|100\/100\n|-ability|p1a: Excadrill|Mold Breaker\n|turn|19\n|\n|t:|1700701457\n|move|p2a: Starmie|Scald|p1a: Excadrill\n|-supereffective|p1a: Excadrill\n|-damage|p1a: Excadrill|7\/100\n|-status|p1a: Excadrill|brn\n|move|p1a: Excadrill|Rapid Spin|p2a: Starmie\n|-damage|p2a: Starmie|82\/100\n|-boost|p1a: Excadrill|spe|1\n|-damage|p1a: Excadrill|0 fnt|[from] item: Life Orb\n|faint|p1a: Excadrill\n|\n|win|Siliciferous_sand\n|raw|H1420's rating: 1143 &rarr; <strong>1127<\/strong><br \/>(-16 for losing)\n|raw|Siliciferous_sand's rating: 1272 &rarr; <strong>1288<\/strong><br \/>(+16 for winning)\n","uploadtime":1700701480,"views":4,"p1id":"h1420","p2id":"siliciferoussand","formatid":"gen9nationaldex","rating":1127,"private":0,"password":""}