{"id":"gen9nationaldex-1990100916","p1":"Kuzwa","p2":"XxsasoriGX","format":"[Gen 9] National Dex","log":"|j|\u2606Kuzwa\n|j|\u2606XxsasoriGX\n|t:|1699924613\n|gametype|singles\n|player|p1|Kuzwa|parasollady|1249\n|player|p2|XxsasoriGX|blue|1227\n|teamsize|p1|6\n|teamsize|p2|6\n|gen|9\n|tier|[Gen 9] National Dex\n|rated|\n|rule|HP Percentage Mod: HP is shown in percentages\n|rule|Endless Battle Clause: Forcing endless battles is banned\n|rule|OHKO Clause: OHKO moves are banned\n|rule|Evasion Clause: Evasion abilities, items, and moves are banned\n|rule|Evasion Abilities Clause: Evasion abilities are banned\n|rule|Evasion Items Clause: Evasion items are banned\n|rule|Evasion Moves Clause: Evasion moves are banned\n|rule|Species Clause: Limit one of each Pok\u00e9mon\n|rule|Sleep Clause Mod: Limit one foe put to sleep\n|clearpoke\n|poke|p1|Gallade, M|\n|poke|p1|Kartana|\n|poke|p1|Weavile, M|\n|poke|p1|Quaquaval, M|\n|poke|p1|Ogerpon-Wellspring, F|\n|poke|p1|Zeraora|\n|poke|p2|Garchomp, M|\n|poke|p2|Urshifu-*, M|\n|poke|p2|Tyranitar, M|\n|poke|p2|Zapdos|\n|poke|p2|Ceruledge, M|\n|poke|p2|Staraptor, M|\n|teampreview\n|inactive|Battle timer is ON: inactive players will automatically lose when time's up. (requested by XxsasoriGX)\n|\n|t:|1699924622\n|start\n|switch|p1a: Kamoshida|Quaquaval, M|100\/100\n|switch|p2a: Staraptor|Staraptor, M|100\/100\n|turn|1\n|\n|t:|1699924630\n|move|p2a: Staraptor|Swagger|p1a: Kamoshida\n|-boost|p1a: Kamoshida|atk|2\n|-enditem|p2a: Staraptor|Mirror Herb\n|-boost|p2a: Staraptor|atk|2|[from] item: Mirror Herb\n|-start|p1a: Kamoshida|confusion\n|-activate|p1a: Kamoshida|confusion\n|move|p1a: Kamoshida|Aqua Step|p2a: Staraptor\n|-damage|p2a: Staraptor|0 fnt\n|-boost|p1a: Kamoshida|spe|1\n|faint|p2a: Staraptor\n|-ability|p1a: Kamoshida|Moxie|boost\n|-boost|p1a: Kamoshida|atk|1\n|\n|upkeep\n|\n|t:|1699924642\n|switch|p2a: Ceruledge|Ceruledge, M|100\/100\n|turn|2\n|\n|t:|1699924648\n|-activate|p1a: Kamoshida|confusion\n|move|p1a: Kamoshida|Ice Spinner|p2a: Ceruledge\n|-resisted|p2a: Ceruledge\n|-damage|p2a: Ceruledge|50\/100\n|-ability|p2a: Ceruledge|Weak Armor|boost\n|-unboost|p2a: Ceruledge|def|1\n|-boost|p2a: Ceruledge|spe|2\n|move|p2a: Ceruledge|Swords Dance|p2a: Ceruledge\n|-boost|p2a: Ceruledge|atk|2\n|\n|upkeep\n|turn|3\n|\n|t:|1699924663\n|move|p2a: Ceruledge|Shadow Sneak|p1a: Kamoshida\n|-damage|p1a: Kamoshida|50\/100\n|-activate|p1a: Kamoshida|confusion\n|-damage|p1a: Kamoshida|3\/100|[from] confusion\n|\n|upkeep\n|turn|4\n|\n|t:|1699924672\n|move|p2a: Ceruledge|Shadow Sneak|p1a: Kamoshida\n|-damage|p1a: Kamoshida|0 fnt\n|faint|p1a: Kamoshida\n|\n|upkeep\n|\n|t:|1699924677\n|switch|p1a: Junpei Iori|Weavile, M, shiny|100\/100\n|turn|5\n|\n|t:|1699924685\n|move|p2a: Ceruledge|Bitter Blade|p1a: Junpei Iori\n|-supereffective|p1a: Junpei Iori\n|-enditem|p1a: Junpei Iori|Focus Sash\n|-damage|p1a: Junpei Iori|1\/100\n|-heal|p2a: Ceruledge|98\/100|[from] drain|[of] p1a: Junpei Iori\n|-enditem|p2a: Ceruledge|Focus Sash|[silent]|[from] ability: Pickpocket|[of] p2a: Ceruledge\n|-item|p1a: Junpei Iori|Focus Sash|[from] ability: Pickpocket|[of] p2a: Ceruledge\n|move|p1a: Junpei Iori|Throat Chop|p2a: Ceruledge\n|-supereffective|p2a: Ceruledge\n|-damage|p2a: Ceruledge|0 fnt\n|faint|p2a: Ceruledge\n|\n|upkeep\n|\n|t:|1699924694\n|switch|p2a: Tyranitar|Tyranitar, M|100\/100\n|-weather|Sandstorm|[from] ability: Sand Stream|[of] p2a: Tyranitar\n|turn|6\n|\n|t:|1699924701\n|switch|p1a: Makoto Yuki|Kartana, shiny|100\/100\n|detailschange|p2a: Tyranitar|Tyranitar-Mega, M\n|-mega|p2a: Tyranitar|Tyranitar|Tyranitarite\n|move|p2a: Tyranitar|Dragon Dance|p2a: Tyranitar\n|-boost|p2a: Tyranitar|atk|1\n|-boost|p2a: Tyranitar|spe|1\n|\n|-weather|Sandstorm|[upkeep]\n|upkeep\n|turn|7\n|\n|t:|1699924718\n|move|p2a: Tyranitar|Fire Punch|p1a: Makoto Yuki\n|-supereffective|p1a: Makoto Yuki\n|-enditem|p1a: Makoto Yuki|Focus Sash\n|-damage|p1a: Makoto Yuki|1\/100\n|move|p1a: Makoto Yuki|Smart Strike|p2a: Tyranitar\n|-supereffective|p2a: Tyranitar\n|-damage|p2a: Tyranitar|40\/100\n|\n|-weather|Sandstorm|[upkeep]\n|upkeep\n|turn|8\n|\n|t:|1699924726\n|move|p2a: Tyranitar|Fire Punch|p1a: Makoto Yuki\n|-supereffective|p1a: Makoto Yuki\n|-damage|p1a: Makoto Yuki|0 fnt\n|faint|p1a: Makoto Yuki\n|\n|-weather|Sandstorm|[upkeep]\n|upkeep\n|\n|t:|1699924730\n|switch|p1a: Ken Amada|Zeraora|100\/100\n|turn|9\n|\n|t:|1699924737\n|move|p1a: Ken Amada|Drain Punch|p2a: Tyranitar\n|-supereffective|p2a: Tyranitar\n|-damage|p2a: Tyranitar|0 fnt\n|faint|p2a: Tyranitar\n|\n|-weather|Sandstorm|[upkeep]\n|-damage|p1a: Ken Amada|95\/100|[from] Sandstorm\n|upkeep\n|\n|t:|1699924749\n|switch|p2a: Zapdos|Zapdos|100\/100\n|turn|10\n|\n|t:|1699924754\n|switch|p1a: Junpei Iori|Weavile, M, shiny|1\/100\n|move|p2a: Zapdos|Heat Wave|p1a: Junpei Iori\n|-supereffective|p1a: Junpei Iori\n|-crit|p1a: Junpei Iori\n|-damage|p1a: Junpei Iori|0 fnt\n|faint|p1a: Junpei Iori\n|\n|-weather|none\n|upkeep\n|\n|t:|1699924762\n|switch|p1a: Ryoji Mochizuki|Gallade, M, shiny|100\/100\n|turn|11\n|\n|t:|1699924766\n|move|p2a: Zapdos|Thunder Wave|p1a: Ryoji Mochizuki\n|-status|p1a: Ryoji Mochizuki|par\n|cant|p1a: Ryoji Mochizuki|par\n|\n|upkeep\n|turn|12\n|\n|t:|1699924771\n|move|p2a: Zapdos|Heat Wave|p1a: Ryoji Mochizuki\n|-damage|p1a: Ryoji Mochizuki|67\/100 par\n|move|p1a: Ryoji Mochizuki|Psycho Cut|p2a: Zapdos\n|-damage|p2a: Zapdos|33\/100\n|\n|upkeep\n|turn|13\n|\n|t:|1699924780\n|move|p2a: Zapdos|Discharge|p1a: Ryoji Mochizuki\n|-damage|p1a: Ryoji Mochizuki|20\/100 par\n|cant|p1a: Ryoji Mochizuki|par\n|\n|upkeep\n|turn|14\n|\n|t:|1699924790\n|move|p2a: Zapdos|Heat Wave|p1a: Ryoji Mochizuki\n|-damage|p1a: Ryoji Mochizuki|0 fnt\n|faint|p1a: Ryoji Mochizuki\n|\n|upkeep\n|\n|t:|1699924794\n|switch|p1a: Ken Amada|Zeraora|95\/100\n|turn|15\n|\n|t:|1699924798\n|move|p1a: Ken Amada|Fake Out|p2a: Zapdos\n|-damage|p2a: Zapdos|17\/100\n|cant|p2a: Zapdos|flinch\n|\n|upkeep\n|turn|16\n|\n|t:|1699924802\n|move|p1a: Ken Amada|Bulk Up|p1a: Ken Amada\n|-boost|p1a: Ken Amada|atk|1\n|-boost|p1a: Ken Amada|def|1\n|move|p2a: Zapdos|Heat Wave|p1a: Ken Amada\n|-damage|p1a: Ken Amada|56\/100\n|\n|upkeep\n|turn|17\n|\n|t:|1699924812\n|move|p1a: Ken Amada|Drain Punch|p2a: Zapdos\n|-resisted|p2a: Zapdos\n|-damage|p2a: Zapdos|0 fnt\n|-heal|p1a: Ken Amada|65\/100|[from] drain|[of] p2a: Zapdos\n|faint|p2a: Zapdos\n|\n|upkeep\n|\n|t:|1699924828\n|switch|p2a: Urshifu|Urshifu-Rapid-Strike, M|100\/100\n|turn|18\n|\n|t:|1699924833\n|-terastallize|p1a: Ken Amada|Flying\n|move|p1a: Ken Amada|Drain Punch|p2a: Urshifu\n|-crit|p2a: Urshifu\n|-damage|p2a: Urshifu|45\/100\n|-heal|p1a: Ken Amada|95\/100|[from] drain|[of] p2a: Urshifu\n|move|p2a: Urshifu|Surging Strikes|p1a: Ken Amada\n|-crit|p1a: Ken Amada\n|-damage|p1a: Ken Amada|63\/100\n|-crit|p1a: Ken Amada\n|-damage|p1a: Ken Amada|31\/100\n|-crit|p1a: Ken Amada\n|-damage|p1a: Ken Amada|0 fnt\n|faint|p1a: Ken Amada\n|-hitcount|p1: Ken Amada|3\n|\n|upkeep\n|\n|t:|1699924842\n|switch|p1a: Aigis|Ogerpon-Wellspring, F|100\/100\n|turn|19\n|\n|t:|1699924853\n|move|p1a: Aigis|Swords Dance|p1a: Aigis\n|-boost|p1a: Aigis|atk|2\n|move|p2a: Urshifu|Close Combat|p1a: Aigis\n|-damage|p1a: Aigis|13\/100\n|-unboost|p2a: Urshifu|def|1\n|-unboost|p2a: Urshifu|spd|1\n|\n|upkeep\n|turn|20\n|\n|t:|1699924859\n|move|p1a: Aigis|Horn Leech|p2a: Urshifu\n|-supereffective|p2a: Urshifu\n|-damage|p2a: Urshifu|0 fnt\n|-heal|p1a: Aigis|39\/100|[from] drain|[of] p2a: Urshifu\n|faint|p2a: Urshifu\n|\n|upkeep\n|\n|t:|1699924864\n|switch|p2a: Garchomp|Garchomp, M|100\/100\n|turn|21\n|\n|t:|1699924877\n|-terastallize|p2a: Garchomp|Steel\n|move|p1a: Aigis|Ivy Cudgel|p2a: Garchomp\n|-damage|p2a: Garchomp|0 fnt\n|faint|p2a: Garchomp\n|\n|win|Kuzwa\n|raw|Kuzwa's rating: 1249 &rarr; <strong>1272<\/strong><br \/>(+23 for winning)\n|raw|XxsasoriGX's rating: 1227 &rarr; <strong>1204<\/strong><br \/>(-23 for losing)\n","uploadtime":1699924882,"views":10,"p1id":"kuzwa","p2id":"xxsasorigx","formatid":"gen9nationaldex","rating":1204,"private":0,"password":""}