{"id":"gen9nationaldex-2000502405","p1":"one piece slander","p2":"htrrrr","format":"[Gen 9] National Dex","log":"|html|<div class=\"broadcast-blue\"><strong>[Gen 9] National Dex is currently suspecting Sneasler! For information on how to participate check out the <a href=\"https:\/\/www.smogon.com\/forums\/threads\/sv-national-dex-suspect-8-just-dance.3731534\/\">suspect thread<\/a>.<\/strong><\/div>\n|j|\u2606one piece slander\n|j|\u2606htrrrr\n|t:|1701200194\n|gametype|singles\n|player|p1|one piece slander|roxie|1116\n|player|p2|htrrrr|pokemonbreederf|1110\n|teamsize|p1|6\n|teamsize|p2|6\n|gen|9\n|tier|[Gen 9] National Dex\n|rated|\n|rule|HP Percentage Mod: HP is shown in percentages\n|rule|Endless Battle Clause: Forcing endless battles is banned\n|rule|OHKO Clause: OHKO moves are banned\n|rule|Evasion Clause: Evasion abilities, items, and moves are banned\n|rule|Evasion Abilities Clause: Evasion abilities are banned\n|rule|Evasion Items Clause: Evasion items are banned\n|rule|Evasion Moves Clause: Evasion moves are banned\n|rule|Species Clause: Limit one of each Pok\u00e9mon\n|rule|Sleep Clause Mod: Limit one foe put to sleep\n|clearpoke\n|poke|p1|Persian, M|\n|poke|p1|Landorus-Therian, M|\n|poke|p1|Rillaboom, F|\n|poke|p1|Wyrdeer, F|\n|poke|p1|Xurkitree|\n|poke|p1|Iron Valiant|\n|poke|p2|Typhlosion, M|\n|poke|p2|Torterra, M|\n|poke|p2|Tyranitar, F|\n|poke|p2|Torkoal, F|\n|poke|p2|Tentacruel, F|\n|poke|p2|Garchomp, M|\n|teampreview\n|\n|t:|1701200201\n|start\n|switch|p1a: Persian|Persian, M|100\/100\n|switch|p2a: Tyler|Typhlosion, M, shiny|100\/100\n|turn|1\n|\n|t:|1701200210\n|move|p1a: Persian|Switcheroo|p2a: Tyler\n|-activate|p1a: Persian|move: Trick|[of] p2a: Tyler\n|-item|p2a: Tyler|Eject Pack|[from] move: Switcheroo\n|-item|p1a: Persian|Rocky Helmet|[from] move: Switcheroo\n|move|p2a: Tyler|Eruption|p1a: Persian\n|-crit|p1a: Persian\n|-damage|p1a: Persian|0 fnt\n|faint|p1a: Persian\n|\n|upkeep\n|\n|t:|1701200216\n|switch|p1a: Landorus|Landorus-Therian, M|100\/100\n|-ability|p1a: Landorus|Intimidate|boost\n|-unboost|p2a: Tyler|atk|1\n|-enditem|p2a: Tyler|Eject Pack\n|\n|t:|1701200222\n|switch|p2a: Tyler 2|Torterra, M, shiny|100\/100\n|turn|2\n|\n|t:|1701200231\n|move|p1a: Landorus|Knock Off|p2a: Tyler 2\n|-damage|p2a: Tyler 2|77\/100\n|-damage|p1a: Landorus|84\/100|[from] item: Rocky Helmet|[of] p2a: Tyler 2\n|-enditem|p2a: Tyler 2|Rocky Helmet|[from] move: Knock Off|[of] p1a: Landorus\n|move|p2a: Tyler 2|Outrage|p1a: Landorus\n|-damage|p1a: Landorus|48\/100\n|\n|-heal|p1a: Landorus|54\/100|[from] item: Leftovers\n|upkeep\n|turn|3\n|\n|t:|1701200240\n|move|p1a: Landorus|Stealth Rock|p2a: Tyler 2\n|-sidestart|p2: htrrrr|move: Stealth Rock\n|move|p2a: Tyler 2|Outrage|p1a: Landorus|[from]lockedmove\n|-damage|p1a: Landorus|17\/100\n|-start|p2a: Tyler 2|confusion|[fatigue]\n|\n|-heal|p1a: Landorus|23\/100|[from] item: Leftovers\n|upkeep\n|turn|4\n|\n|t:|1701200250\n|move|p1a: Landorus|U-turn|p2a: Tyler 2\n|-supereffective|p2a: Tyler 2\n|-damage|p2a: Tyler 2|47\/100\n|\n|t:|1701200252\n|switch|p1a: Rillaboom|Rillaboom, F|100\/100|[from] U-turn\n|-fieldstart|move: Grassy Terrain|[from] ability: Grassy Surge|[of] p1a: Rillaboom\n|-activate|p2a: Tyler 2|confusion\n|move|p2a: Tyler 2|Outrage|p1a: Rillaboom\n|-damage|p1a: Rillaboom|69\/100\n|\n|-heal|p1a: Rillaboom|76\/100|[from] Grassy Terrain\n|-heal|p2a: Tyler 2|53\/100|[from] Grassy Terrain\n|upkeep\n|turn|5\n|\n|t:|1701200262\n|move|p1a: Rillaboom|U-turn|p2a: Tyler 2\n|-supereffective|p2a: Tyler 2\n|-damage|p2a: Tyler 2|7\/100\n|\n|t:|1701200268\n|switch|p1a: Wyrdeer|Wyrdeer, F|100\/100|[from] U-turn\n|-ability|p1a: Wyrdeer|Intimidate|boost\n|-unboost|p2a: Tyler 2|atk|1\n|-enditem|p1a: Wyrdeer|Grassy Seed\n|-boost|p1a: Wyrdeer|def|1|[from] item: Grassy Seed\n|-activate|p2a: Tyler 2|confusion\n|move|p2a: Tyler 2|Outrage|p1a: Wyrdeer|[from]lockedmove\n|-damage|p1a: Wyrdeer|85\/100\n|\n|-heal|p1a: Wyrdeer|91\/100|[from] Grassy Terrain\n|-heal|p2a: Tyler 2|13\/100|[from] Grassy Terrain\n|upkeep\n|turn|6\n|\n|t:|1701200280\n|move|p1a: Wyrdeer|Agility|p1a: Wyrdeer\n|-boost|p1a: Wyrdeer|spe|2\n|-activate|p2a: Tyler 2|confusion\n|-damage|p2a: Tyler 2|9\/100|[from] confusion\n|\n|-heal|p1a: Wyrdeer|97\/100|[from] Grassy Terrain\n|-heal|p2a: Tyler 2|15\/100|[from] Grassy Terrain\n|upkeep\n|turn|7\n|\n|t:|1701200289\n|move|p1a: Wyrdeer|Calm Mind|p1a: Wyrdeer\n|-boost|p1a: Wyrdeer|spa|1\n|-boost|p1a: Wyrdeer|spd|1\n|-activate|p2a: Tyler 2|confusion\n|move|p2a: Tyler 2|Giga Drain|p1a: Wyrdeer\n|-damage|p1a: Wyrdeer|74\/100\n|-heal|p2a: Tyler 2|26\/100|[from] drain|[of] p1a: Wyrdeer\n|\n|-heal|p1a: Wyrdeer|80\/100|[from] Grassy Terrain\n|-heal|p2a: Tyler 2|32\/100|[from] Grassy Terrain\n|upkeep\n|turn|8\n|\n|t:|1701200300\n|move|p1a: Wyrdeer|Calm Mind|p1a: Wyrdeer\n|-boost|p1a: Wyrdeer|spa|1\n|-boost|p1a: Wyrdeer|spd|1\n|-end|p2a: Tyler 2|confusion\n|move|p2a: Tyler 2|Earthquake|p1a: Wyrdeer\n|-damage|p1a: Wyrdeer|71\/100\n|\n|-heal|p1a: Wyrdeer|77\/100|[from] Grassy Terrain\n|-heal|p2a: Tyler 2|38\/100|[from] Grassy Terrain\n|-fieldend|move: Grassy Terrain\n|upkeep\n|turn|9\n|\n|t:|1701200314\n|move|p1a: Wyrdeer|Agility|p1a: Wyrdeer\n|-boost|p1a: Wyrdeer|spe|2\n|move|p2a: Tyler 2|Heavy Slam|p1a: Wyrdeer\n|-damage|p1a: Wyrdeer|67\/100\n|\n|upkeep\n|turn|10\n|\n|t:|1701200323\n|move|p1a: Wyrdeer|Stored Power|p2a: Tyler 2\n|-damage|p2a: Tyler 2|0 fnt\n|faint|p2a: Tyler 2\n|\n|upkeep\n|\n|t:|1701200327\n|switch|p2a: Tyler|Typhlosion, M, shiny|100\/100\n|-damage|p2a: Tyler|76\/100|[from] Stealth Rock\n|turn|11\n|\n|t:|1701200331\n|move|p1a: Wyrdeer|Stored Power|p2a: Tyler\n|-damage|p2a: Tyler|0 fnt\n|faint|p2a: Tyler\n|\n|upkeep\n|\n|t:|1701200335\n|switch|p2a: Tyler 3|Tyranitar, F, shiny|100\/100\n|-damage|p2a: Tyler 3|88\/100|[from] Stealth Rock\n|-weather|Sandstorm|[from] ability: Sand Stream|[of] p2a: Tyler 3\n|turn|12\n|\n|t:|1701200341\n|-terastallize|p1a: Wyrdeer|Fairy\n|move|p1a: Wyrdeer|Tera Blast|p2a: Tyler 3|[anim] Tera Blast Fairy\n|-supereffective|p2a: Tyler 3\n|-damage|p2a: Tyler 3|30\/100\n|move|p2a: Tyler 3|Knock Off|p1a: Wyrdeer\n|-resisted|p1a: Wyrdeer\n|-damage|p1a: Wyrdeer|55\/100\n|\n|-weather|Sandstorm|[upkeep]\n|-damage|p1a: Wyrdeer|49\/100|[from] Sandstorm\n|upkeep\n|turn|13\n|\n|t:|1701200353\n|move|p1a: Wyrdeer|Tera Blast|p2a: Tyler 3|[anim] Tera Blast Fairy\n|-supereffective|p2a: Tyler 3\n|-damage|p2a: Tyler 3|0 fnt\n|faint|p2a: Tyler 3\n|\n|-weather|Sandstorm|[upkeep]\n|-damage|p1a: Wyrdeer|43\/100|[from] Sandstorm\n|upkeep\n|\n|t:|1701200359\n|switch|p2a: Tyler 4|Torkoal, F, shiny|100\/100\n|-damage|p2a: Tyler 4|76\/100|[from] Stealth Rock\n|turn|14\n|\n|t:|1701200364\n|move|p1a: Wyrdeer|Stored Power|p2a: Tyler 4\n|-damage|p2a: Tyler 4|0 fnt\n|faint|p2a: Tyler 4\n|\n|-weather|Sandstorm|[upkeep]\n|-damage|p1a: Wyrdeer|37\/100|[from] Sandstorm\n|upkeep\n|\n|t:|1701200370\n|switch|p2a: Tyler 5|Tentacruel, F, shiny|100\/100\n|-damage|p2a: Tyler 5|88\/100|[from] Stealth Rock\n|turn|15\n|\n|t:|1701200373\n|move|p1a: Wyrdeer|Stored Power|p2a: Tyler 5\n|-supereffective|p2a: Tyler 5\n|-damage|p2a: Tyler 5|0 fnt\n|faint|p2a: Tyler 5\n|\n|-weather|Sandstorm|[upkeep]\n|-damage|p1a: Wyrdeer|31\/100|[from] Sandstorm\n|upkeep\n|\n|t:|1701200379\n|switch|p2a: Gary|Garchomp, M, shiny|100\/100\n|-damage|p2a: Gary|94\/100|[from] Stealth Rock\n|turn|16\n|c|\u2606one piece slander|Poor gary\n|inactive|Battle timer is ON: inactive players will automatically lose when time's up. (requested by one piece slander)\n|inactive|htrrrr has 120 seconds left.\n|inactive|htrrrr has 90 seconds left.\n|inactive|htrrrr has 60 seconds left.\n|inactive|htrrrr has 30 seconds left.\n|inactive|htrrrr has 20 seconds left.\n|inactive|htrrrr has 15 seconds left.\n|\n|t:|1701200560\n|-terastallize|p2a: Gary|Fairy\n|move|p1a: Wyrdeer|Stored Power|p2a: Gary\n|-damage|p2a: Gary|0 fnt\n|faint|p2a: Gary\n|\n|win|one piece slander\n|raw|one piece slander's rating: 1116 &rarr; <strong>1139<\/strong><br \/>(+23 for winning)\n|raw|htrrrr's rating: 1083 &rarr; <strong>1063<\/strong><br \/>(-20 for losing)\n|l|\u2606htrrrr\n","uploadtime":1701200650,"views":0,"p1id":"onepieceslander","p2id":"htrrrr","formatid":"gen9nationaldex","rating":1063,"private":0,"password":""}