{"id":"gen9nationaldex-1988653010","p1":"help support","p2":"female charizard","format":"[Gen 9] National Dex","log":"|j|\u2606help support\n|j|\u2606female charizard\n|t:|1699746564\n|gametype|singles\n|player|p1|help support|102|1250\n|player|p2|female charizard|170|1240\n|teamsize|p1|6\n|teamsize|p2|6\n|gen|9\n|tier|[Gen 9] National Dex\n|rated|\n|rule|HP Percentage Mod: HP is shown in percentages\n|rule|Endless Battle Clause: Forcing endless battles is banned\n|rule|OHKO Clause: OHKO moves are banned\n|rule|Evasion Clause: Evasion abilities, items, and moves are banned\n|rule|Evasion Abilities Clause: Evasion abilities are banned\n|rule|Evasion Items Clause: Evasion items are banned\n|rule|Evasion Moves Clause: Evasion moves are banned\n|rule|Species Clause: Limit one of each Pok\u00e9mon\n|rule|Sleep Clause Mod: Limit one foe put to sleep\n|clearpoke\n|poke|p1|Abomasnow, M|\n|poke|p1|Chandelure, F|\n|poke|p1|Blissey, F|\n|poke|p1|Landorus-Therian, M|\n|poke|p1|Enamorus, F|\n|poke|p1|Lanturn, F|\n|poke|p2|Kyurem|\n|poke|p2|Abomasnow, F|\n|poke|p2|Breloom, F|\n|poke|p2|Rhyperior, F|\n|poke|p2|Ogerpon-Wellspring, F|\n|poke|p2|Arbok, M|\n|teampreview\n|\n|t:|1699746571\n|start\n|switch|p1a: Enamorus|Enamorus, F, shiny|100\/100\n|switch|p2a: A subtle joke|Abomasnow, F|100\/100\n|-weather|Snow|[from] ability: Snow Warning|[of] p2a: A subtle joke\n|turn|1\n|\n|t:|1699746582\n|switch|p1a: Abomasnow|Abomasnow, M, shiny|100\/100\n|move|p2a: A subtle joke|Aurora Veil|p2a: A subtle joke\n|-sidestart|p2: female charizard|move: Aurora Veil\n|\n|-weather|Snow|[upkeep]\n|upkeep\n|turn|2\n|\n|t:|1699746587\n|move|p2a: A subtle joke|Blizzard|p1a: Abomasnow\n|-damage|p1a: Abomasnow|67\/100\n|move|p1a: Abomasnow|Aurora Veil|p1a: Abomasnow\n|-sidestart|p1: help support|move: Aurora Veil\n|\n|-weather|Snow|[upkeep]\n|upkeep\n|turn|3\n|\n|t:|1699746593\n|switch|p1a: Lanturn|Lanturn, F, shiny|100\/100\n|move|p2a: A subtle joke|Blizzard|p1a: Lanturn\n|-resisted|p1a: Lanturn\n|-damage|p1a: Lanturn|93\/100\n|\n|-weather|Snow|[upkeep]\n|-heal|p1a: Lanturn|99\/100|[from] item: Leftovers\n|upkeep\n|turn|4\n|\n|t:|1699746596\n|move|p1a: Lanturn|Thunder Wave|p2a: A subtle joke\n|-status|p2a: A subtle joke|par\n|cant|p2a: A subtle joke|par\n|\n|-weather|Snow|[upkeep]\n|-heal|p1a: Lanturn|100\/100|[from] item: Leftovers\n|upkeep\n|turn|5\n|\n|t:|1699746600\n|switch|p2a: mods annoy me|Ogerpon-Wellspring, F|100\/100\n|move|p1a: Lanturn|Volt Switch|p2a: mods annoy me\n|-damage|p2a: mods annoy me|89\/100\n|\n|t:|1699746609\n|switch|p1a: Landorus|Landorus-Therian, M, shiny|100\/100|[from] Volt Switch\n|-ability|p1a: Landorus|Intimidate|boost\n|-unboost|p2a: mods annoy me|atk|1\n|\n|-weather|none\n|upkeep\n|turn|6\n|\n|t:|1699746612\n|move|p2a: mods annoy me|Ivy Cudgel|p1a: Landorus\n|-supereffective|p1a: Landorus\n|-damage|p1a: Landorus|71\/100\n|move|p1a: Landorus|Toxic|p2a: mods annoy me\n|-status|p2a: mods annoy me|tox\n|\n|-damage|p2a: mods annoy me|83\/100 tox|[from] psn\n|-sideend|p1: help support|move: Aurora Veil\n|upkeep\n|turn|7\n|\n|t:|1699746621\n|switch|p1a: Abomasnow|Abomasnow, M, shiny|67\/100\n|-weather|Snow|[from] ability: Snow Warning|[of] p1a: Abomasnow\n|move|p2a: mods annoy me|Encore||[still]\n|-fail|p2a: mods annoy me\n|\n|-weather|Snow|[upkeep]\n|-damage|p2a: mods annoy me|71\/100 tox|[from] psn\n|upkeep\n|turn|8\n|\n|t:|1699746627\n|switch|p2a: A subtle joke|Abomasnow, F|100\/100 par\n|move|p1a: Abomasnow|Aurora Veil|p1a: Abomasnow\n|-sidestart|p1: help support|move: Aurora Veil\n|\n|-weather|Snow|[upkeep]\n|-sideend|p2: female charizard|move: Aurora Veil\n|upkeep\n|turn|9\n|\n|t:|1699746633\n|switch|p1a: Chandelure|Chandelure, F, shiny|100\/100\n|cant|p2a: A subtle joke|par\n|\n|-weather|Snow|[upkeep]\n|upkeep\n|turn|10\n|\n|t:|1699746640\n|switch|p2a: mods annoy me|Ogerpon-Wellspring, F|71\/100 tox\n|move|p1a: Chandelure|Shadow Ball|p2a: mods annoy me\n|-damage|p2a: mods annoy me|0 fnt\n|faint|p2a: mods annoy me\n|\n|-weather|Snow|[upkeep]\n|upkeep\n|j| kung fu pokechu\n|\n|t:|1699746647\n|switch|p2a: SOLID SUGGESTER|Rhyperior, F|100\/100\n|turn|11\n|\n|t:|1699746652\n|-terastallize|p1a: Chandelure|Ghost\n|move|p1a: Chandelure|Shadow Ball|p2a: SOLID SUGGESTER\n|-damage|p2a: SOLID SUGGESTER|0 fnt\n|faint|p2a: SOLID SUGGESTER\n|\n|-weather|none\n|upkeep\n|\n|t:|1699746662\n|switch|p2a: pressure friends|Kyurem|100\/100\n|-ability|p2a: pressure friends|Pressure\n|turn|12\n|\n|t:|1699746665\n|move|p2a: pressure friends|Substitute|p2a: pressure friends\n|-start|p2a: pressure friends|Substitute\n|-damage|p2a: pressure friends|76\/100\n|move|p1a: Chandelure|Shadow Ball|p2a: pressure friends\n|-end|p2a: pressure friends|Substitute\n|\n|-heal|p2a: pressure friends|82\/100|[from] item: Leftovers\n|-sideend|p1: help support|move: Aurora Veil\n|upkeep\n|turn|13\n|\n|t:|1699746667\n|move|p2a: pressure friends|Substitute|p2a: pressure friends\n|-start|p2a: pressure friends|Substitute\n|-damage|p2a: pressure friends|57\/100\n|move|p1a: Chandelure|Shadow Ball|p2a: pressure friends\n|-end|p2a: pressure friends|Substitute\n|\n|-heal|p2a: pressure friends|63\/100|[from] item: Leftovers\n|upkeep\n|turn|14\n|\n|t:|1699746670\n|move|p2a: pressure friends|Substitute|p2a: pressure friends\n|-start|p2a: pressure friends|Substitute\n|-damage|p2a: pressure friends|38\/100\n|move|p1a: Chandelure|Shadow Ball|p2a: pressure friends\n|-end|p2a: pressure friends|Substitute\n|\n|-heal|p2a: pressure friends|44\/100|[from] item: Leftovers\n|upkeep\n|turn|15\n|\n|t:|1699746672\n|move|p2a: pressure friends|Protect|p2a: pressure friends\n|-singleturn|p2a: pressure friends|Protect\n|move|p1a: Chandelure|Shadow Ball|p2a: pressure friends\n|-activate|p2a: pressure friends|move: Protect\n|\n|-heal|p2a: pressure friends|50\/100|[from] item: Leftovers\n|upkeep\n|turn|16\n|\n|t:|1699746676\n|move|p2a: pressure friends|Substitute|p2a: pressure friends\n|-start|p2a: pressure friends|Substitute\n|-damage|p2a: pressure friends|25\/100\n|move|p1a: Chandelure|Shadow Ball|p2a: pressure friends\n|-end|p2a: pressure friends|Substitute\n|\n|-heal|p2a: pressure friends|32\/100|[from] item: Leftovers\n|upkeep\n|turn|17\n|\n|t:|1699746679\n|move|p2a: pressure friends|Protect|p2a: pressure friends\n|-singleturn|p2a: pressure friends|Protect\n|move|p1a: Chandelure|Shadow Ball|p2a: pressure friends\n|-activate|p2a: pressure friends|move: Protect\n|\n|-heal|p2a: pressure friends|38\/100|[from] item: Leftovers\n|upkeep\n|turn|18\n|\n|t:|1699746681\n|move|p2a: pressure friends|Roost|p2a: pressure friends\n|-heal|p2a: pressure friends|88\/100\n|-singleturn|p2a: pressure friends|move: Roost\n|move|p1a: Chandelure|Shadow Ball|p2a: pressure friends\n|-damage|p2a: pressure friends|0 fnt\n|faint|p2a: pressure friends\n|\n|upkeep\n|\n|t:|1699746691\n|switch|p2a: at last|Arbok, M|100\/100\n|-ability|p2a: at last|Intimidate|boost\n|-unboost|p1a: Chandelure|atk|1\n|turn|19\n|\n|t:|1699746699\n|switch|p1a: Landorus|Landorus-Therian, M, shiny|71\/100\n|-ability|p1a: Landorus|Intimidate|boost\n|-unboost|p2a: at last|atk|1\n|move|p2a: at last|Scale Shot|p1a: Landorus\n|-damage|p1a: Landorus|68\/100\n|-damage|p1a: Landorus|64\/100\n|-damage|p1a: Landorus|60\/100\n|-damage|p1a: Landorus|56\/100\n|-hitcount|p1a: Landorus|4\n|-unboost|p2a: at last|def|1\n|-boost|p2a: at last|spe|1\n|\n|upkeep\n|turn|20\n|\n|t:|1699746703\n|-terastallize|p2a: at last|Dragon\n|move|p2a: at last|Coil|p2a: at last\n|-boost|p2a: at last|atk|1\n|-boost|p2a: at last|def|1\n|-boost|p2a: at last|accuracy|1\n|move|p1a: Landorus|Earthquake|p2a: at last\n|-damage|p2a: at last|5\/100\n|\n|upkeep\n|turn|21\n|\n|t:|1699746708\n|move|p2a: at last|Scale Shot|p1a: Landorus\n|-damage|p1a: Landorus|48\/100\n|-damage|p1a: Landorus|40\/100\n|-damage|p1a: Landorus|31\/100\n|-damage|p1a: Landorus|22\/100\n|-hitcount|p1a: Landorus|4\n|-unboost|p2a: at last|def|1\n|-boost|p2a: at last|spe|1\n|move|p1a: Landorus|U-turn|p2a: at last\n|-damage|p2a: at last|0 fnt\n|faint|p2a: at last\n|\n|t:|1699746715\n|switch|p1a: Chandelure|Chandelure, F, shiny, tera:Ghost|100\/100|[from] U-turn\n|\n|upkeep\n|\n|t:|1699746723\n|switch|p2a: A subtle joke|Abomasnow, F|100\/100 par\n|-weather|Snow|[from] ability: Snow Warning|[of] p2a: A subtle joke\n|turn|22\n|\n|t:|1699746728\n|move|p1a: Chandelure|Shadow Ball|p2a: A subtle joke\n|-crit|p2a: A subtle joke\n|-damage|p2a: A subtle joke|0 fnt\n|faint|p2a: A subtle joke\n|\n|-weather|Snow|[upkeep]\n|upkeep\n|\n|t:|1699746732\n|switch|p2a: bisexual|Breloom, F|100\/100\n|turn|23\n|\n|t:|1699746734\n|move|p2a: bisexual|Spore|p1a: Chandelure\n|-status|p1a: Chandelure|slp|[from] move: Spore\n|cant|p1a: Chandelure|slp\n|\n|-weather|Snow|[upkeep]\n|upkeep\n|turn|24\n|\n|t:|1699746739\n|switch|p1a: Enamorus|Enamorus, F, shiny|100\/100\n|move|p2a: bisexual|Bullet Seed|p1a: Enamorus\n|-resisted|p1a: Enamorus\n|-damage|p1a: Enamorus|87\/100\n|-resisted|p1a: Enamorus\n|-damage|p1a: Enamorus|72\/100\n|-resisted|p1a: Enamorus\n|-damage|p1a: Enamorus|57\/100\n|-resisted|p1a: Enamorus\n|-damage|p1a: Enamorus|43\/100\n|-hitcount|p1a: Enamorus|4\n|\n|-weather|Snow|[upkeep]\n|-heal|p1a: Enamorus|50\/100|[from] item: Leftovers\n|upkeep\n|turn|25\n|\n|t:|1699746754\n|move|p1a: Enamorus|Superpower|p2a: bisexual\n|-damage|p2a: bisexual|46\/100\n|-boost|p1a: Enamorus|atk|1\n|-boost|p1a: Enamorus|def|1\n|move|p2a: bisexual|Dynamic Punch|p1a: Enamorus|[miss]\n|-miss|p2a: bisexual|p1a: Enamorus\n|-enditem|p2a: bisexual|Blunder Policy\n|-boost|p2a: bisexual|spe|2\n|\n|-weather|Snow|[upkeep]\n|-heal|p1a: Enamorus|56\/100|[from] item: Leftovers\n|upkeep\n|turn|26\n|\n|t:|1699746758\n|move|p2a: bisexual|Spore|p1a: Enamorus\n|-message|Sleep Clause Mod activated.\n|-hint|Sleep Clause Mod prevents players from putting more than one of their opponent's Pok\u00e9mon to sleep at a time\n|move|p1a: Enamorus|Superpower|p2a: bisexual\n|-damage|p2a: bisexual|0 fnt\n|-boost|p1a: Enamorus|atk|1\n|-boost|p1a: Enamorus|def|1\n|faint|p2a: bisexual\n|\n|win|help support\n|raw|help support's rating: 1250 &rarr; <strong>1272<\/strong><br \/>(+22 for winning)\n|raw|female charizard's rating: 1208 &rarr; <strong>1186<\/strong><br \/>(-22 for losing)\n|l|\u2606female charizard\n","uploadtime":1699746764,"views":4,"p1id":"helpsupport","p2id":"femalecharizard","formatid":"gen9nationaldex","rating":1186,"private":0,"password":""}