{"id":"gen9nationaldex-1992645740","p1":"Levelup_yaman","p2":"Qwesdfcvb8","format":"[Gen 9] National Dex","log":"|j|\u2606Levelup_yaman\n|j|\u2606Qwesdfcvb8\n|t:|1700219754\n|gametype|singles\n|player|p1|Levelup_yaman|picnicker|1122\n|player|p2|Qwesdfcvb8|steven|1039\n|teamsize|p1|6\n|teamsize|p2|6\n|gen|9\n|tier|[Gen 9] National Dex\n|rated|\n|rule|HP Percentage Mod: HP is shown in percentages\n|rule|Endless Battle Clause: Forcing endless battles is banned\n|rule|OHKO Clause: OHKO moves are banned\n|rule|Evasion Clause: Evasion abilities, items, and moves are banned\n|rule|Evasion Abilities Clause: Evasion abilities are banned\n|rule|Evasion Items Clause: Evasion items are banned\n|rule|Evasion Moves Clause: Evasion moves are banned\n|rule|Species Clause: Limit one of each Pok\u00e9mon\n|rule|Sleep Clause Mod: Limit one foe put to sleep\n|clearpoke\n|poke|p1|Garchomp, F|\n|poke|p1|Urshifu-*, F|\n|poke|p1|Decidueye, M|\n|poke|p1|Armarouge, F|\n|poke|p1|Scizor, M|\n|poke|p1|Avalugg-Hisui, F|\n|poke|p2|Mienshao, M|\n|poke|p2|Jolteon, F|\n|poke|p2|Coalossal, F|\n|poke|p2|Altaria, M|\n|poke|p2|Primarina, M|\n|poke|p2|Greedent, M|\n|teampreview\n|inactive|Battle timer is ON: inactive players will automatically lose when time's up. (requested by Levelup_yaman)\n|inactive|Levelup_yaman has 120 seconds left.\n|\n|t:|1700219790\n|start\n|switch|p1a: Scizor|Scizor, M|100\/100\n|switch|p2a: Coalossal|Coalossal, F|100\/100\n|turn|1\n|\n|t:|1700219796\n|switch|p1a: Armarouge|Armarouge, F|100\/100\n|move|p2a: Coalossal|Stealth Rock|p1a: Armarouge\n|-sidestart|p1: Levelup_yaman|move: Stealth Rock\n|\n|upkeep\n|turn|2\n|\n|t:|1700219805\n|move|p1a: Armarouge|Energy Ball|p2a: Coalossal\n|-damage|p2a: Coalossal|66\/100\n|-damage|p1a: Armarouge|91\/100|[from] item: Life Orb\n|move|p2a: Coalossal|Power Gem|p1a: Armarouge\n|-supereffective|p1a: Armarouge\n|-damage|p1a: Armarouge|38\/100\n|\n|upkeep\n|turn|3\n|\n|t:|1700219814\n|move|p1a: Armarouge|Aura Sphere|p2a: Coalossal\n|-supereffective|p2a: Coalossal\n|-damage|p2a: Coalossal|3\/100\n|-damage|p1a: Armarouge|28\/100|[from] item: Life Orb\n|move|p2a: Coalossal|Power Gem|p1a: Armarouge\n|-supereffective|p1a: Armarouge\n|-damage|p1a: Armarouge|0 fnt\n|faint|p1a: Armarouge\n|\n|upkeep\n|\n|t:|1700219819\n|switch|p1a: Scizor|Scizor, M|100\/100\n|-damage|p1a: Scizor|88\/100|[from] Stealth Rock\n|turn|4\n|\n|t:|1700219825\n|move|p1a: Scizor|Bullet Punch|p2a: Coalossal\n|-damage|p2a: Coalossal|0 fnt\n|-status|p1a: Scizor|brn|[from] ability: Flame Body|[of] p2a: Coalossal\n|faint|p2a: Coalossal\n|\n|-damage|p1a: Scizor|82\/100 brn|[from] brn\n|upkeep\n|\n|t:|1700219846\n|switch|p2a: Altaria|Altaria, M|100\/100\n|turn|5\n|\n|t:|1700219861\n|move|p2a: Altaria|Dragon Dance|p2a: Altaria\n|-boost|p2a: Altaria|atk|1\n|-boost|p2a: Altaria|spe|1\n|move|p1a: Scizor|Lunge|p2a: Altaria\n|-resisted|p2a: Altaria\n|-damage|p2a: Altaria|86\/100\n|-unboost|p2a: Altaria|atk|1\n|\n|-damage|p1a: Scizor|76\/100 brn|[from] brn\n|upkeep\n|turn|6\n|\n|t:|1700219873\n|move|p2a: Altaria|Dragon Dance|p2a: Altaria\n|-boost|p2a: Altaria|atk|1\n|-boost|p2a: Altaria|spe|1\n|move|p1a: Scizor|Lunge|p2a: Altaria\n|-resisted|p2a: Altaria\n|-damage|p2a: Altaria|72\/100\n|-unboost|p2a: Altaria|atk|1\n|\n|-damage|p1a: Scizor|70\/100 brn|[from] brn\n|upkeep\n|turn|7\n|\n|t:|1700219882\n|move|p2a: Altaria|Dragon Dance|p2a: Altaria\n|-boost|p2a: Altaria|atk|1\n|-boost|p2a: Altaria|spe|1\n|move|p1a: Scizor|Lunge|p2a: Altaria\n|-resisted|p2a: Altaria\n|-damage|p2a: Altaria|57\/100\n|-unboost|p2a: Altaria|atk|1\n|\n|-damage|p1a: Scizor|64\/100 brn|[from] brn\n|upkeep\n|turn|8\n|\n|t:|1700219891\n|move|p2a: Altaria|Dragon Dance|p2a: Altaria\n|-boost|p2a: Altaria|atk|1\n|-boost|p2a: Altaria|spe|1\n|move|p1a: Scizor|Lunge|p2a: Altaria\n|-resisted|p2a: Altaria\n|-damage|p2a: Altaria|42\/100\n|-unboost|p2a: Altaria|atk|1\n|\n|-damage|p1a: Scizor|58\/100 brn|[from] brn\n|upkeep\n|turn|9\n|\n|t:|1700219900\n|move|p2a: Altaria|Dragon Dance|p2a: Altaria\n|-boost|p2a: Altaria|atk|1\n|-boost|p2a: Altaria|spe|1\n|move|p1a: Scizor|Lunge|p2a: Altaria\n|-resisted|p2a: Altaria\n|-damage|p2a: Altaria|29\/100\n|-unboost|p2a: Altaria|atk|1\n|\n|-damage|p1a: Scizor|52\/100 brn|[from] brn\n|upkeep\n|turn|10\n|\n|t:|1700219908\n|move|p2a: Altaria|Roost|p2a: Altaria\n|-heal|p2a: Altaria|80\/100\n|-singleturn|p2a: Altaria|move: Roost\n|move|p1a: Scizor|Lunge|p2a: Altaria\n|-damage|p2a: Altaria|50\/100\n|-unboost|p2a: Altaria|atk|1\n|\n|-damage|p1a: Scizor|45\/100 brn|[from] brn\n|upkeep\n|turn|11\n|\n|t:|1700219917\n|move|p2a: Altaria|Roost|p2a: Altaria\n|-heal|p2a: Altaria|99\/100\n|-singleturn|p2a: Altaria|move: Roost\n|move|p1a: Scizor|Lunge|p2a: Altaria\n|-damage|p2a: Altaria|73\/100\n|-unboost|p2a: Altaria|atk|1\n|\n|-damage|p1a: Scizor|39\/100 brn|[from] brn\n|upkeep\n|turn|12\n|\n|t:|1700219926\n|move|p2a: Altaria|Dragon Dance|p2a: Altaria\n|-boost|p2a: Altaria|atk|1\n|-boost|p2a: Altaria|spe|1\n|move|p1a: Scizor|Lunge|p2a: Altaria\n|-resisted|p2a: Altaria\n|-damage|p2a: Altaria|58\/100\n|-unboost|p2a: Altaria|atk|1\n|\n|-damage|p1a: Scizor|33\/100 brn|[from] brn\n|upkeep\n|turn|13\n|\n|t:|1700219935\n|move|p2a: Altaria|Earthquake|p1a: Scizor\n|-damage|p1a: Scizor|21\/100 brn\n|move|p1a: Scizor|Lunge|p2a: Altaria\n|-resisted|p2a: Altaria\n|-damage|p2a: Altaria|44\/100\n|-unboost|p2a: Altaria|atk|1\n|\n|-damage|p1a: Scizor|15\/100 brn|[from] brn\n|upkeep\n|turn|14\n|\n|t:|1700219948\n|move|p2a: Altaria|Roost|p2a: Altaria\n|-heal|p2a: Altaria|94\/100\n|-singleturn|p2a: Altaria|move: Roost\n|move|p1a: Scizor|Night Slash|p2a: Altaria\n|-crit|p2a: Altaria\n|-damage|p2a: Altaria|71\/100\n|\n|-damage|p1a: Scizor|9\/100 brn|[from] brn\n|upkeep\n|turn|15\n|\n|t:|1700219956\n|move|p2a: Altaria|Roost|p2a: Altaria\n|-heal|p2a: Altaria|100\/100\n|-singleturn|p2a: Altaria|move: Roost\n|move|p1a: Scizor|Lunge|p2a: Altaria\n|-damage|p2a: Altaria|71\/100\n|-unboost|p2a: Altaria|atk|1\n|\n|-damage|p1a: Scizor|3\/100 brn|[from] brn\n|upkeep\n|turn|16\n|\n|t:|1700219965\n|move|p2a: Altaria|Earthquake|p1a: Scizor\n|-damage|p1a: Scizor|0 fnt\n|faint|p1a: Scizor\n|\n|upkeep\n|\n|t:|1700219968\n|switch|p1a: Garchomp|Garchomp, F|100\/100\n|-damage|p1a: Garchomp|94\/100|[from] Stealth Rock\n|turn|17\n|\n|t:|1700219984\n|detailschange|p1a: Garchomp|Garchomp-Mega, F\n|-mega|p1a: Garchomp|Garchomp|Garchompite\n|move|p2a: Altaria|Earthquake|p1a: Garchomp\n|-damage|p1a: Garchomp|88\/100\n|move|p1a: Garchomp|Dragon Claw|p2a: Altaria\n|-supereffective|p2a: Altaria\n|-damage|p2a: Altaria|0 fnt\n|faint|p2a: Altaria\n|\n|upkeep\n|\n|t:|1700219992\n|switch|p2a: Primarina|Primarina, M|100\/100\n|turn|18\n|\n|t:|1700219997\n|switch|p1a: Decidueye|Decidueye, M|100\/100\n|-damage|p1a: Decidueye|88\/100|[from] Stealth Rock\n|move|p2a: Primarina|Ice Beam|p1a: Decidueye\n|-supereffective|p1a: Decidueye\n|-damage|p1a: Decidueye|26\/100\n|\n|upkeep\n|turn|19\n|\n|t:|1700220005\n|-zpower|p1a: Decidueye\n|move|p1a: Decidueye|Sinister Arrow Raid|p2a: Primarina|[zeffect]\n|-crit|p2a: Primarina\n|-damage|p2a: Primarina|0 fnt\n|faint|p2a: Primarina\n|\n|upkeep\n|\n|t:|1700220015\n|switch|p2a: Jolteon|Jolteon, F|100\/100\n|turn|20\n|\n|t:|1700220028\n|move|p2a: Jolteon|Thunderbolt|p1a: Decidueye\n|-resisted|p1a: Decidueye\n|-damage|p1a: Decidueye|5\/100\n|move|p1a: Decidueye|Knock Off|p2a: Jolteon\n|-damage|p2a: Jolteon|35\/100\n|-enditem|p2a: Jolteon|Heavy-Duty Boots|[from] move: Knock Off|[of] p1a: Decidueye\n|\n|upkeep\n|turn|21\n|\n|t:|1700220037\n|move|p2a: Jolteon|Volt Switch|p1a: Decidueye\n|-resisted|p1a: Decidueye\n|-damage|p1a: Decidueye|0 fnt\n|faint|p1a: Decidueye\n|\n|t:|1700220042\n|switch|p2a: Mienshao|Mienshao, M|100\/100|[from] Volt Switch\n|\n|upkeep\n|\n|t:|1700220054\n|switch|p1a: Garchomp|Garchomp-Mega, F|88\/100\n|-damage|p1a: Garchomp|81\/100|[from] Stealth Rock\n|turn|22\n|\n|t:|1700220060\n|move|p2a: Mienshao|Close Combat|p1a: Garchomp\n|-damage|p1a: Garchomp|18\/100\n|-unboost|p2a: Mienshao|def|1\n|-unboost|p2a: Mienshao|spd|1\n|-damage|p2a: Mienshao|91\/100|[from] item: Life Orb\n|move|p1a: Garchomp|Earthquake|p2a: Mienshao\n|-damage|p2a: Mienshao|0 fnt\n|faint|p2a: Mienshao\n|\n|upkeep\n|\n|t:|1700220075\n|switch|p2a: Greedent|Greedent, M|100\/100\n|turn|23\n|\n|t:|1700220080\n|move|p1a: Garchomp|Earthquake|p2a: Greedent\n|-damage|p2a: Greedent|48\/100\n|-enditem|p2a: Greedent|Sitrus Berry|[eat]\n|-heal|p2a: Greedent|73\/100|[from] item: Sitrus Berry\n|-heal|p2a: Greedent|100\/100|[from] ability: Cheek Pouch\n|move|p2a: Greedent|Swords Dance|p2a: Greedent\n|-boost|p2a: Greedent|atk|2\n|\n|upkeep\n|turn|24\n|\n|t:|1700220089\n|move|p1a: Garchomp|Earthquake|p2a: Greedent\n|-damage|p2a: Greedent|54\/100\n|move|p2a: Greedent|Earthquake|p1a: Garchomp\n|-damage|p1a: Garchomp|0 fnt\n|faint|p1a: Garchomp\n|\n|upkeep\n|\n|t:|1700220095\n|switch|p1a: Avalugg|Avalugg-Hisui, F|100\/100\n|-damage|p1a: Avalugg|75\/100|[from] Stealth Rock\n|turn|25\n|\n|t:|1700220100\n|-terastallize|p1a: Avalugg|Ice\n|move|p1a: Avalugg|Body Press|p2a: Greedent\n|-supereffective|p2a: Greedent\n|-damage|p2a: Greedent|6\/100\n|move|p2a: Greedent|Earthquake|p1a: Avalugg\n|-damage|p1a: Avalugg|42\/100\n|\n|upkeep\n|turn|26\n|\n|t:|1700220110\n|move|p1a: Avalugg|Body Press|p2a: Greedent\n|-supereffective|p2a: Greedent\n|-damage|p2a: Greedent|0 fnt\n|faint|p2a: Greedent\n|\n|upkeep\n|\n|t:|1700220119\n|switch|p2a: Jolteon|Jolteon, F|35\/100\n|turn|27\n|\n|t:|1700220126\n|move|p2a: Jolteon|Thunderbolt|p1a: Avalugg\n|-damage|p1a: Avalugg|0 fnt\n|faint|p1a: Avalugg\n|\n|upkeep\n|\n|t:|1700220130\n|switch|p1a: Urshifu|Urshifu-Rapid-Strike, F|100\/100\n|-damage|p1a: Urshifu|94\/100|[from] Stealth Rock\n|turn|28\n|\n|t:|1700220138\n|-terastallize|p2a: Jolteon|Fairy\n|move|p1a: Urshifu|Close Combat|p2a: Jolteon\n|-resisted|p2a: Jolteon\n|-damage|p2a: Jolteon|0 fnt\n|-unboost|p1a: Urshifu|def|1\n|-unboost|p1a: Urshifu|spd|1\n|faint|p2a: Jolteon\n|\n|win|Levelup_yaman\n|raw|Levelup_yaman's rating: 1122 &rarr; <strong>1141<\/strong><br \/>(+19 for winning)\n|raw|Qwesdfcvb8's rating: 1039 &rarr; <strong>1027<\/strong><br \/>(-12 for losing)\n|l|\u2606Qwesdfcvb8\n","uploadtime":1700220148,"views":4,"p1id":"levelupyaman","p2id":"qwesdfcvb8","formatid":"gen9nationaldex","rating":1027,"private":0,"password":""}