{"id":"gen9nationaldex-1996387431","p1":"Belphegor000000","p2":"krenitos","format":"[Gen 9] National Dex","log":"|html|<div class=\"broadcast-blue\"><strong>[Gen 9] National Dex is currently suspecting Sneasler! For information on how to participate check out the <a href=\"https:\/\/www.smogon.com\/forums\/threads\/sv-national-dex-suspect-8-just-dance.3731534\/\">suspect thread<\/a>.<\/strong><\/div>\n|j|\u203dBelphegor000000\n|j|\u2606krenitos\n|t:|1700677207\n|gametype|singles\n|player|p1|Belphegor000000|102|1357\n|player|p2|krenitos|fisherman|1257\n|teamsize|p1|6\n|teamsize|p2|6\n|gen|9\n|tier|[Gen 9] National Dex\n|rated|\n|rule|HP Percentage Mod: HP is shown in percentages\n|rule|Endless Battle Clause: Forcing endless battles is banned\n|rule|OHKO Clause: OHKO moves are banned\n|rule|Evasion Clause: Evasion abilities, items, and moves are banned\n|rule|Evasion Abilities Clause: Evasion abilities are banned\n|rule|Evasion Items Clause: Evasion items are banned\n|rule|Evasion Moves Clause: Evasion moves are banned\n|rule|Species Clause: Limit one of each Pok\u00e9mon\n|rule|Sleep Clause Mod: Limit one foe put to sleep\n|clearpoke\n|poke|p1|Polteageist|\n|poke|p1|Cloyster, M|\n|poke|p1|Blastoise, M|\n|poke|p1|Torterra, F|\n|poke|p1|Great Tusk|\n|poke|p1|Hatterene, F|\n|poke|p2|Swampert, F|\n|poke|p2|Glimmora, F|\n|poke|p2|Goodra-Hisui, F|\n|poke|p2|Mamoswine, F|\n|poke|p2|Ferrothorn, F|\n|poke|p2|Pelipper, F|\n|teampreview\n|inactive|Battle timer is ON: inactive players will automatically lose when time's up. (requested by krenitos)\n|\n|t:|1700677214\n|start\n|switch|p1a: Great Tusk|Great Tusk|100\/100\n|switch|p2a: Glimmora|Glimmora, F|100\/100\n|turn|1\n|\n|t:|1700677223\n|switch|p2a: Pelipper|Pelipper, F|100\/100\n|-weather|RainDance|[from] ability: Drizzle|[of] p2a: Pelipper\n|move|p1a: Great Tusk|Earthquake|p2a: Pelipper\n|-immune|p2a: Pelipper\n|\n|-weather|RainDance|[upkeep]\n|upkeep\n|turn|2\n|\n|t:|1700677235\n|-end|p1a: Great Tusk|Protosynthesis|[silent]\n|switch|p1a: Blastoise|Blastoise, M|100\/100\n|move|p2a: Pelipper|Weather Ball|p1a: Blastoise\n|-resisted|p1a: Blastoise\n|-damage|p1a: Blastoise|69\/100\n|\n|-weather|RainDance|[upkeep]\n|upkeep\n|turn|3\n|\n|t:|1700677242\n|move|p1a: Blastoise|Shell Smash|p1a: Blastoise\n|-unboost|p1a: Blastoise|def|1\n|-unboost|p1a: Blastoise|spd|1\n|-boost|p1a: Blastoise|atk|2\n|-boost|p1a: Blastoise|spa|2\n|-boost|p1a: Blastoise|spe|2\n|move|p2a: Pelipper|Hurricane|p1a: Blastoise\n|-damage|p1a: Blastoise|8\/100\n|\n|-weather|RainDance|[upkeep]\n|upkeep\n|turn|4\n|\n|t:|1700677258\n|move|p1a: Blastoise|Hydro Pump|p2a: Pelipper\n|-resisted|p2a: Pelipper\n|-damage|p2a: Pelipper|0 fnt\n|faint|p2a: Pelipper\n|\n|-weather|RainDance|[upkeep]\n|upkeep\n|\n|t:|1700677263\n|switch|p2a: Mamoswine|Mamoswine, F|100\/100\n|turn|5\n|inactive|Belphegor000000 has 120 seconds left.\n|\n|t:|1700677295\n|move|p2a: Mamoswine|Ice Shard|p1a: Blastoise\n|-resisted|p1a: Blastoise\n|-damage|p1a: Blastoise|0 fnt\n|faint|p1a: Blastoise\n|-damage|p2a: Mamoswine|91\/100|[from] item: Life Orb\n|\n|-weather|RainDance|[upkeep]\n|upkeep\n|inactive|Belphegor000000 has 120 seconds left.\n|\n|t:|1700677310\n|switch|p1a: Cloyster|Cloyster, M|100\/100\n|turn|6\n|\n|t:|1700677337\n|move|p2a: Mamoswine|Stealth Rock|p1a: Cloyster\n|-sidestart|p1: Belphegor000000|move: Stealth Rock\n|move|p1a: Cloyster|Shell Smash|p1a: Cloyster\n|-unboost|p1a: Cloyster|def|1\n|-unboost|p1a: Cloyster|spd|1\n|-boost|p1a: Cloyster|atk|2\n|-boost|p1a: Cloyster|spa|2\n|-boost|p1a: Cloyster|spe|2\n|\n|-weather|RainDance|[upkeep]\n|upkeep\n|turn|7\n|inactive|Belphegor000000 has 120 seconds left.\n|\n|t:|1700677362\n|move|p1a: Cloyster|Shell Smash|p1a: Cloyster\n|-unboost|p1a: Cloyster|def|1\n|-unboost|p1a: Cloyster|spd|1\n|-boost|p1a: Cloyster|atk|2\n|-boost|p1a: Cloyster|spa|2\n|-boost|p1a: Cloyster|spe|2\n|move|p2a: Mamoswine|Earthquake|p1a: Cloyster\n|-enditem|p1a: Cloyster|Focus Sash\n|-damage|p1a: Cloyster|1\/100\n|-damage|p2a: Mamoswine|81\/100|[from] item: Life Orb\n|\n|-weather|RainDance|[upkeep]\n|upkeep\n|turn|8\n|\n|t:|1700677379\n|switch|p1a: Hatterene|Hatterene, F|100\/100\n|-damage|p1a: Hatterene|88\/100|[from] Stealth Rock\n|move|p2a: Mamoswine|Ice Shard|p1a: Hatterene\n|-damage|p1a: Hatterene|56\/100\n|-damage|p2a: Mamoswine|71\/100|[from] item: Life Orb\n|\n|-weather|none\n|-heal|p1a: Hatterene|62\/100|[from] item: Leftovers\n|upkeep\n|turn|9\n|\n|t:|1700677388\n|move|p2a: Mamoswine|Earthquake|p1a: Hatterene\n|-damage|p1a: Hatterene|0 fnt\n|faint|p1a: Hatterene\n|-damage|p2a: Mamoswine|61\/100|[from] item: Life Orb\n|\n|upkeep\n|\n|t:|1700677393\n|switch|p1a: Torterra|Torterra, F|100\/100\n|-damage|p1a: Torterra|94\/100|[from] Stealth Rock\n|turn|10\n|\n|t:|1700677397\n|move|p2a: Mamoswine|Icicle Crash|p1a: Torterra\n|-supereffective|p1a: Torterra\n|-damage|p1a: Torterra|0 fnt\n|faint|p1a: Torterra\n|-damage|p2a: Mamoswine|51\/100|[from] item: Life Orb\n|\n|upkeep\n|-message|Belphegor000000 forfeited.\n|\n|win|krenitos\n|raw|Belphegor000000's rating: 1357 &rarr; <strong>1331<\/strong><br \/>(-26 for losing)\n|raw|krenitos's rating: 1257 &rarr; <strong>1289<\/strong><br \/>(+32 for winning)\n|l|\u203dBelphegor000000\n","uploadtime":1700677405,"views":2,"p1id":"belphegor000000","p2id":"krenitos","formatid":"gen9nationaldex","rating":1289,"private":0,"password":""}