{"id":"gen9nationaldex-1989075460","p1":"Zoru desu","p2":"Mr.Shadowdusk","format":"[Gen 9] National Dex","log":"|j|\u2606Zoru desu\n|j|\u2606Mr.Shadowdusk\n|t:|1699809486\n|gametype|singles\n|player|p1|Zoru desu|roxie|1395\n|player|p2|Mr.Shadowdusk|ghetsis|1297\n|teamsize|p1|6\n|teamsize|p2|6\n|gen|9\n|tier|[Gen 9] National Dex\n|rated|\n|rule|HP Percentage Mod: HP is shown in percentages\n|rule|Endless Battle Clause: Forcing endless battles is banned\n|rule|OHKO Clause: OHKO moves are banned\n|rule|Evasion Clause: Evasion abilities, items, and moves are banned\n|rule|Evasion Abilities Clause: Evasion abilities are banned\n|rule|Evasion Items Clause: Evasion items are banned\n|rule|Evasion Moves Clause: Evasion moves are banned\n|rule|Species Clause: Limit one of each Pok\u00e9mon\n|rule|Sleep Clause Mod: Limit one foe put to sleep\n|clearpoke\n|poke|p1|Charizard, F|\n|poke|p1|Victini|\n|poke|p1|Ninetales-Alola, F|\n|poke|p1|Great Tusk|\n|poke|p1|Slowking, M|\n|poke|p1|Zapdos|\n|poke|p2|Hatterene, F|\n|poke|p2|Zapdos|\n|poke|p2|Goodra-Hisui, M|\n|poke|p2|Hydreigon, M|\n|poke|p2|Lopunny, M|\n|poke|p2|Greninja-*, M|\n|teampreview\n|\n|t:|1699809495\n|start\n|switch|p1a: Victini|Victini|100\/100\n|switch|p2a: Alex|Lopunny, M, shiny|100\/100\n|turn|1\n|\n|t:|1699809499\n|switch|p1a: Zapdos|Zapdos|100\/100\n|detailschange|p2a: Alex|Lopunny-Mega, M, shiny\n|-mega|p2a: Alex|Lopunny|Lopunnite\n|move|p2a: Alex|Fake Out|p1a: Zapdos\n|-damage|p1a: Zapdos|78\/100\n|\n|upkeep\n|turn|2\n|\n|t:|1699809524\n|switch|p2a: Goodra|Goodra-Hisui, M|100\/100\n|move|p1a: Zapdos|Volt Switch|p2a: Goodra\n|-resisted|p2a: Goodra\n|-damage|p2a: Goodra|93\/100\n|inactive|Battle timer is ON: inactive players will automatically lose when time's up. (requested by Mr.Shadowdusk)\n|\n|t:|1699809566\n|switch|p1a: Great Tusk|Great Tusk|100\/100|[from] Volt Switch\n|-enditem|p1a: Great Tusk|Booster Energy\n|-activate|p1a: Great Tusk|ability: Protosynthesis|[fromitem]\n|-start|p1a: Great Tusk|protosynthesisspe\n|\n|upkeep\n|turn|3\n|\n|t:|1699809575\n|switch|p2a: Hatterene|Hatterene, F, shiny|100\/100\n|move|p1a: Great Tusk|Stealth Rock|p2a: Hatterene\n|move|p2a: Hatterene|Stealth Rock|p1a: Great Tusk|[from]ability: Magic Bounce\n|-sidestart|p1: Zoru desu|move: Stealth Rock\n|\n|upkeep\n|turn|4\n|\n|t:|1699809582\n|move|p1a: Great Tusk|Rapid Spin|p2a: Hatterene\n|-damage|p2a: Hatterene|89\/100\n|-boost|p1a: Great Tusk|spe|1\n|-sideend|p1: Zoru desu|Stealth Rock|[from] move: Rapid Spin|[of] p1a: Great Tusk\n|move|p2a: Hatterene|Draining Kiss|p1a: Great Tusk\n|-supereffective|p1a: Great Tusk\n|-damage|p1a: Great Tusk|43\/100\n|-heal|p2a: Hatterene|100\/100|[from] drain|[of] p1a: Great Tusk\n|\n|upkeep\n|turn|5\n|\n|t:|1699809605\n|-end|p1a: Great Tusk|Protosynthesis|[silent]\n|switch|p1a: Slowking|Slowking, M|100\/100\n|move|p2a: Hatterene|Mystical Fire|p1a: Slowking\n|-resisted|p1a: Slowking\n|-damage|p1a: Slowking|91\/100\n|-unboost|p1a: Slowking|spa|1\n|\n|-heal|p1a: Slowking|97\/100|[from] item: Leftovers\n|upkeep\n|turn|6\n|\n|t:|1699809612\n|switch|p2a: Greninja|Greninja, M|100\/100\n|move|p1a: Slowking|Yawn|p2a: Greninja\n|-start|p2a: Greninja|move: Yawn|[of] p1a: Slowking\n|\n|-heal|p1a: Slowking|100\/100|[from] item: Leftovers\n|upkeep\n|turn|7\n|\n|t:|1699809621\n|switch|p2a: Hatterene|Hatterene, F, shiny|100\/100\n|move|p1a: Slowking|Teleport|p1a: Slowking\n|\n|t:|1699809638\n|switch|p1a: Victini|Victini|100\/100|[from] Teleport\n|\n|upkeep\n|turn|8\n|\n|t:|1699809644\n|switch|p2a: Zapdos|Zapdos|100\/100\n|move|p1a: Victini|Final Gambit|p2a: Zapdos\n|-damage|p2a: Zapdos|8\/100\n|faint|p1a: Victini\n|\n|upkeep\n|\n|t:|1699809652\n|switch|p1a: Charizard|Charizard, F|100\/100\n|turn|9\n|\n|t:|1699809661\n|detailschange|p1a: Charizard|Charizard-Mega-Y, F\n|-mega|p1a: Charizard|Charizard|Charizardite Y\n|-weather|SunnyDay|[from] ability: Drought|[of] p1a: Charizard\n|move|p1a: Charizard|Weather Ball|p2a: Zapdos\n|-damage|p2a: Zapdos|0 fnt\n|faint|p2a: Zapdos\n|\n|-weather|SunnyDay|[upkeep]\n|upkeep\n|\n|t:|1699809667\n|switch|p2a: Goodra|Goodra-Hisui, M|93\/100\n|turn|10\n|\n|t:|1699809673\n|switch|p1a: Ninetales|Ninetales-Alola, F|100\/100\n|-weather|Snow|[from] ability: Snow Warning|[of] p1a: Ninetales\n|move|p2a: Goodra|Rock Slide|p1a: Ninetales\n|-supereffective|p1a: Ninetales\n|-damage|p1a: Ninetales|67\/100\n|\n|-weather|Snow|[upkeep]\n|upkeep\n|turn|11\n|\n|t:|1699809684\n|move|p1a: Ninetales|Aurora Veil|p1a: Ninetales\n|-sidestart|p1: Zoru desu|move: Aurora Veil\n|move|p2a: Goodra|Heavy Slam|p1a: Ninetales\n|-supereffective|p1a: Ninetales\n|-damage|p1a: Ninetales|0 fnt\n|faint|p1a: Ninetales\n|\n|-weather|Snow|[upkeep]\n|upkeep\n|\n|t:|1699809695\n|switch|p1a: Charizard|Charizard-Mega-Y, F|100\/100\n|-weather|SunnyDay|[from] ability: Drought|[of] p1a: Charizard\n|turn|12\n|\n|t:|1699809702\n|switch|p1a: Great Tusk|Great Tusk|43\/100\n|-activate|p1a: Great Tusk|ability: Protosynthesis\n|-start|p1a: Great Tusk|protosynthesisspe\n|move|p2a: Goodra|Rock Slide|p1a: Great Tusk|[miss]\n|-miss|p2a: Goodra|p1a: Great Tusk\n|\n|-weather|SunnyDay|[upkeep]\n|upkeep\n|turn|13\n|\n|t:|1699809710\n|switch|p2a: Hatterene|Hatterene, F, shiny|100\/100\n|move|p1a: Great Tusk|Headlong Rush|p2a: Hatterene\n|-damage|p2a: Hatterene|61\/100\n|-unboost|p1a: Great Tusk|def|1\n|-unboost|p1a: Great Tusk|spd|1\n|\n|-weather|SunnyDay|[upkeep]\n|-heal|p2a: Hatterene|67\/100|[from] item: Leftovers\n|upkeep\n|turn|14\n|\n|t:|1699809719\n|-end|p1a: Great Tusk|Protosynthesis|[silent]\n|switch|p1a: Slowking|Slowking, M|100\/100\n|move|p2a: Hatterene|Draining Kiss|p1a: Slowking\n|-damage|p1a: Slowking|92\/100\n|-heal|p2a: Hatterene|74\/100|[from] drain|[of] p1a: Slowking\n|\n|-weather|SunnyDay|[upkeep]\n|-heal|p1a: Slowking|98\/100|[from] item: Leftovers\n|-heal|p2a: Hatterene|80\/100|[from] item: Leftovers\n|upkeep\n|turn|15\n|\n|t:|1699809727\n|move|p1a: Slowking|Future Sight|p2a: Hatterene\n|-start|p1a: Slowking|move: Future Sight\n|move|p2a: Hatterene|Calm Mind|p2a: Hatterene\n|-boost|p2a: Hatterene|spa|1\n|-boost|p2a: Hatterene|spd|1\n|\n|-weather|SunnyDay|[upkeep]\n|-heal|p1a: Slowking|100\/100|[from] item: Leftovers\n|-heal|p2a: Hatterene|86\/100|[from] item: Leftovers\n|upkeep\n|turn|16\n|\n|t:|1699809732\n|move|p2a: Hatterene|Calm Mind|p2a: Hatterene\n|-boost|p2a: Hatterene|spa|1\n|-boost|p2a: Hatterene|spd|1\n|move|p1a: Slowking|Teleport|p1a: Slowking\n|\n|t:|1699809740\n|switch|p1a: Zapdos|Zapdos|78\/100|[from] Teleport\n|\n|-weather|none\n|-heal|p2a: Hatterene|92\/100|[from] item: Leftovers\n|upkeep\n|turn|17\n|\n|t:|1699809748\n|move|p1a: Zapdos|Heat Wave|p2a: Hatterene\n|-damage|p2a: Hatterene|73\/100\n|move|p2a: Hatterene|Draining Kiss|p1a: Zapdos\n|-damage|p1a: Zapdos|55\/100\n|-heal|p2a: Hatterene|93\/100|[from] drain|[of] p1a: Zapdos\n|\n|-end|p2a: Hatterene|move: Future Sight\n|-resisted|p2a: Hatterene\n|-damage|p2a: Hatterene|82\/100\n|-heal|p2a: Hatterene|88\/100|[from] item: Leftovers\n|upkeep\n|turn|18\n|\n|t:|1699809757\n|move|p1a: Zapdos|Volt Switch|p2a: Hatterene\n|-damage|p2a: Hatterene|66\/100\n|\n|t:|1699809762\n|switch|p1a: Charizard|Charizard-Mega-Y, F|100\/100|[from] Volt Switch\n|-weather|SunnyDay|[from] ability: Drought|[of] p1a: Charizard\n|move|p2a: Hatterene|Calm Mind|p2a: Hatterene\n|-boost|p2a: Hatterene|spa|1\n|-boost|p2a: Hatterene|spd|1\n|\n|-weather|SunnyDay|[upkeep]\n|-heal|p2a: Hatterene|72\/100|[from] item: Leftovers\n|-sideend|p1: Zoru desu|move: Aurora Veil\n|upkeep\n|turn|19\n|\n|t:|1699809771\n|-terastallize|p2a: Hatterene|Fire\n|move|p1a: Charizard|Air Slash|p2a: Hatterene\n|-damage|p2a: Hatterene|53\/100\n|move|p2a: Hatterene|Draining Kiss|p1a: Charizard\n|-resisted|p1a: Charizard\n|-damage|p1a: Charizard|70\/100\n|-heal|p2a: Hatterene|74\/100|[from] drain|[of] p1a: Charizard\n|\n|-weather|SunnyDay|[upkeep]\n|-heal|p2a: Hatterene|80\/100|[from] item: Leftovers\n|upkeep\n|turn|20\n|\n|t:|1699809779\n|move|p1a: Charizard|Air Slash|p2a: Hatterene\n|-crit|p2a: Hatterene\n|-damage|p2a: Hatterene|12\/100\n|move|p2a: Hatterene|Draining Kiss|p1a: Charizard\n|-resisted|p1a: Charizard\n|-damage|p1a: Charizard|40\/100\n|-heal|p2a: Hatterene|33\/100|[from] drain|[of] p1a: Charizard\n|\n|-weather|SunnyDay|[upkeep]\n|-heal|p2a: Hatterene|39\/100|[from] item: Leftovers\n|upkeep\n|turn|21\n|\n|t:|1699809784\n|move|p1a: Charizard|Air Slash|p2a: Hatterene\n|-damage|p2a: Hatterene|21\/100\n|move|p2a: Hatterene|Draining Kiss|p1a: Charizard\n|-resisted|p1a: Charizard\n|-damage|p1a: Charizard|11\/100\n|-heal|p2a: Hatterene|41\/100|[from] drain|[of] p1a: Charizard\n|\n|-weather|SunnyDay|[upkeep]\n|-heal|p2a: Hatterene|47\/100|[from] item: Leftovers\n|upkeep\n|turn|22\n|\n|t:|1699809787\n|move|p1a: Charizard|Weather Ball|p2a: Hatterene\n|-resisted|p2a: Hatterene\n|-damage|p2a: Hatterene|28\/100\n|move|p2a: Hatterene|Draining Kiss|p1a: Charizard\n|-resisted|p1a: Charizard\n|-damage|p1a: Charizard|0 fnt\n|-heal|p2a: Hatterene|36\/100|[from] drain|[of] p1a: Charizard\n|faint|p1a: Charizard\n|\n|-weather|none\n|-heal|p2a: Hatterene|42\/100|[from] item: Leftovers\n|upkeep\n|\n|t:|1699809794\n|switch|p1a: Great Tusk|Great Tusk|43\/100\n|turn|23\n|\n|t:|1699809799\n|switch|p2a: Hydreigon|Hydreigon, M|100\/100\n|move|p1a: Great Tusk|Headlong Rush|p2a: Hydreigon\n|-immune|p2a: Hydreigon|[from] ability: Levitate\n|\n|upkeep\n|turn|24\n|\n|t:|1699809816\n|switch|p2a: Hatterene|Hatterene, F, shiny, tera:Fire|42\/100\n|-terastallize|p1a: Great Tusk|Fighting\n|move|p1a: Great Tusk|Brick Break|p2a: Hatterene\n|-damage|p2a: Hatterene|9\/100\n|\n|-heal|p2a: Hatterene|15\/100|[from] item: Leftovers\n|upkeep\n|turn|25\n|\n|t:|1699809826\n|move|p1a: Great Tusk|Brick Break|p2a: Hatterene\n|-damage|p2a: Hatterene|0 fnt\n|faint|p2a: Hatterene\n|\n|upkeep\n|\n|t:|1699809829\n|switch|p2a: Greninja|Greninja, M|100\/100\n|turn|26\n|\n|t:|1699809833\n|-end|p1a: Great Tusk|Protosynthesis|[silent]\n|switch|p1a: Slowking|Slowking, M|100\/100\n|move|p2a: Greninja|Extrasensory|p1a: Slowking\n|-start|p2a: Greninja|typechange|Psychic|[from] ability: Protean\n|-resisted|p1a: Slowking\n|-damage|p1a: Slowking|86\/100\n|\n|-heal|p1a: Slowking|92\/100|[from] item: Leftovers\n|upkeep\n|turn|27\n|\n|t:|1699809843\n|switch|p2a: Hydreigon|Hydreigon, M|100\/100\n|move|p1a: Slowking|Yawn|p2a: Hydreigon\n|-start|p2a: Hydreigon|move: Yawn|[of] p1a: Slowking\n|\n|-heal|p1a: Slowking|98\/100|[from] item: Leftovers\n|upkeep\n|turn|28\n|\n|t:|1699809851\n|switch|p2a: Goodra|Goodra-Hisui, M|93\/100\n|move|p1a: Slowking|Teleport|p1a: Slowking\n|\n|t:|1699809856\n|switch|p1a: Great Tusk|Great Tusk, tera:Fighting|43\/100|[from] Teleport\n|\n|upkeep\n|turn|29\n|\n|t:|1699809863\n|switch|p2a: Hydreigon|Hydreigon, M|100\/100\n|move|p1a: Great Tusk|Headlong Rush|p2a: Hydreigon\n|-immune|p2a: Hydreigon|[from] ability: Levitate\n|\n|upkeep\n|turn|30\n|\n|t:|1699809874\n|move|p2a: Hydreigon|Flamethrower|p1a: Great Tusk\n|-damage|p1a: Great Tusk|6\/100\n|move|p1a: Great Tusk|Brick Break|p2a: Hydreigon\n|-supereffective|p2a: Hydreigon\n|-crit|p2a: Hydreigon\n|-damage|p2a: Hydreigon|0 fnt\n|faint|p2a: Hydreigon\n|\n|upkeep\n|\n|t:|1699809880\n|switch|p2a: Alex|Lopunny-Mega, M, shiny|100\/100\n|turn|31\n|\n|t:|1699809882\n|-end|p1a: Great Tusk|Protosynthesis|[silent]\n|switch|p1a: Zapdos|Zapdos|55\/100\n|move|p2a: Alex|Fake Out|p1a: Zapdos\n|-damage|p1a: Zapdos|33\/100\n|\n|upkeep\n|turn|32\n|\n|t:|1699809890\n|switch|p2a: Goodra|Goodra-Hisui, M|93\/100\n|move|p1a: Zapdos|Heat Wave|p2a: Goodra\n|-crit|p2a: Goodra\n|-damage|p2a: Goodra|75\/100\n|\n|upkeep\n|turn|33\n|\n|t:|1699809893\n|move|p1a: Zapdos|Roost|p1a: Zapdos\n|-heal|p1a: Zapdos|84\/100\n|-singleturn|p1a: Zapdos|move: Roost\n|move|p2a: Goodra|Sludge Wave|p1a: Zapdos\n|-damage|p1a: Zapdos|61\/100\n|\n|upkeep\n|turn|34\n|\n|t:|1699809901\n|move|p1a: Zapdos|Heat Wave|p2a: Goodra\n|-damage|p2a: Goodra|63\/100\n|move|p2a: Goodra|Sludge Wave|p1a: Zapdos\n|-damage|p1a: Zapdos|37\/100\n|\n|upkeep\n|turn|35\n|\n|t:|1699809904\n|move|p1a: Zapdos|Roost|p1a: Zapdos\n|-heal|p1a: Zapdos|87\/100\n|-singleturn|p1a: Zapdos|move: Roost\n|move|p2a: Goodra|Sludge Wave|p1a: Zapdos\n|-damage|p1a: Zapdos|64\/100\n|\n|upkeep\n|turn|36\n|\n|t:|1699809908\n|move|p1a: Zapdos|Heat Wave|p2a: Goodra\n|-damage|p2a: Goodra|50\/100\n|move|p2a: Goodra|Sludge Wave|p1a: Zapdos\n|-damage|p1a: Zapdos|40\/100\n|\n|upkeep\n|turn|37\n|\n|t:|1699809911\n|move|p1a: Zapdos|Roost|p1a: Zapdos\n|-heal|p1a: Zapdos|90\/100\n|-singleturn|p1a: Zapdos|move: Roost\n|move|p2a: Goodra|Sludge Wave|p1a: Zapdos\n|-damage|p1a: Zapdos|68\/100\n|\n|upkeep\n|turn|38\n|\n|t:|1699809914\n|move|p1a: Zapdos|Heat Wave|p2a: Goodra\n|-damage|p2a: Goodra|38\/100\n|move|p2a: Goodra|Sludge Wave|p1a: Zapdos\n|-damage|p1a: Zapdos|47\/100\n|\n|upkeep\n|turn|39\n|\n|t:|1699809916\n|move|p1a: Zapdos|Roost|p1a: Zapdos\n|-heal|p1a: Zapdos|97\/100\n|-singleturn|p1a: Zapdos|move: Roost\n|move|p2a: Goodra|Sludge Wave|p1a: Zapdos\n|-damage|p1a: Zapdos|75\/100\n|\n|upkeep\n|turn|40\n|\n|t:|1699809919\n|move|p1a: Zapdos|Heat Wave|p2a: Goodra\n|-damage|p2a: Goodra|26\/100\n|move|p2a: Goodra|Sludge Wave|p1a: Zapdos\n|-damage|p1a: Zapdos|54\/100\n|\n|upkeep\n|turn|41\n|\n|t:|1699809922\n|move|p1a: Zapdos|Roost|p1a: Zapdos\n|-heal|p1a: Zapdos|100\/100\n|-singleturn|p1a: Zapdos|move: Roost\n|move|p2a: Goodra|Sludge Wave|p1a: Zapdos\n|-damage|p1a: Zapdos|77\/100\n|\n|upkeep\n|turn|42\n|\n|t:|1699809929\n|move|p1a: Zapdos|Heat Wave|p2a: Goodra\n|-damage|p2a: Goodra|15\/100\n|move|p2a: Goodra|Sludge Wave|p1a: Zapdos\n|-damage|p1a: Zapdos|52\/100\n|\n|upkeep\n|turn|43\n|\n|t:|1699809931\n|move|p1a: Zapdos|Roost|p1a: Zapdos\n|-heal|p1a: Zapdos|100\/100\n|-singleturn|p1a: Zapdos|move: Roost\n|move|p2a: Goodra|Sludge Wave|p1a: Zapdos\n|-damage|p1a: Zapdos|78\/100\n|\n|upkeep\n|turn|44\n|\n|t:|1699809934\n|move|p1a: Zapdos|Heat Wave|p2a: Goodra\n|-damage|p2a: Goodra|4\/100\n|move|p2a: Goodra|Sludge Wave|p1a: Zapdos\n|-damage|p1a: Zapdos|56\/100\n|\n|upkeep\n|turn|45\n|\n|t:|1699809937\n|move|p1a: Zapdos|Roost|p1a: Zapdos\n|-heal|p1a: Zapdos|100\/100\n|-singleturn|p1a: Zapdos|move: Roost\n|move|p2a: Goodra|Sludge Wave|p1a: Zapdos\n|-damage|p1a: Zapdos|76\/100\n|-status|p1a: Zapdos|psn\n|\n|-damage|p1a: Zapdos|64\/100 psn|[from] psn\n|upkeep\n|turn|46\n|\n|t:|1699809940\n|move|p1a: Zapdos|Heat Wave|p2a: Goodra\n|-damage|p2a: Goodra|0 fnt\n|faint|p2a: Goodra\n|\n|-damage|p1a: Zapdos|51\/100 psn|[from] psn\n|upkeep\n|\n|t:|1699809957\n|switch|p2a: Greninja|Greninja, M|100\/100\n|turn|47\n|\n|t:|1699809967\n|switch|p1a: Slowking|Slowking, M|100\/100\n|move|p2a: Greninja|Extrasensory|p1a: Slowking\n|-start|p2a: Greninja|typechange|Psychic|[from] ability: Protean\n|-resisted|p1a: Slowking\n|-damage|p1a: Slowking|84\/100\n|\n|-heal|p1a: Slowking|90\/100|[from] item: Leftovers\n|upkeep\n|turn|48\n|\n|t:|1699809974\n|switch|p2a: Alex|Lopunny-Mega, M, shiny|100\/100\n|move|p1a: Slowking|Yawn|p2a: Alex\n|-start|p2a: Alex|move: Yawn|[of] p1a: Slowking\n|\n|-heal|p1a: Slowking|96\/100|[from] item: Leftovers\n|upkeep\n|turn|49\n|\n|t:|1699809982\n|move|p2a: Alex|U-turn|p1a: Slowking\n|-supereffective|p1a: Slowking\n|-damage|p1a: Slowking|62\/100\n|\n|t:|1699809986\n|switch|p2a: Greninja|Greninja, M|100\/100|[from] U-turn\n|move|p1a: Slowking|Teleport|p1a: Slowking\n|\n|t:|1699809991\n|switch|p1a: Zapdos|Zapdos|51\/100 psn|[from] Teleport\n|\n|-damage|p1a: Zapdos|39\/100 psn|[from] psn\n|upkeep\n|turn|50\n|\n|t:|1699809997\n|move|p2a: Greninja|Extrasensory|p1a: Zapdos\n|-start|p2a: Greninja|typechange|Psychic|[from] ability: Protean\n|-damage|p1a: Zapdos|2\/100 psn\n|-enditem|p1a: Zapdos|Salac Berry|[eat]\n|-boost|p1a: Zapdos|spe|1|[from] item: Salac Berry\n|move|p1a: Zapdos|Volt Switch|p2a: Greninja\n|-damage|p2a: Greninja|35\/100\n|\n|t:|1699810002\n|switch|p1a: Slowking|Slowking, M|96\/100|[from] Volt Switch\n|\n|-heal|p1a: Slowking|100\/100|[from] item: Leftovers\n|upkeep\n|turn|51\n|\n|t:|1699810021\n|switch|p2a: Alex|Lopunny-Mega, M, shiny|100\/100\n|move|p1a: Slowking|Future Sight|p2a: Alex\n|-start|p1a: Slowking|move: Future Sight\n|\n|upkeep\n|turn|52\n|\n|t:|1699810027\n|move|p2a: Alex|Fake Out|p1a: Slowking\n|-damage|p1a: Slowking|86\/100\n|cant|p1a: Slowking|flinch\n|\n|-heal|p1a: Slowking|92\/100|[from] item: Leftovers\n|upkeep\n|turn|53\n|\n|t:|1699810034\n|move|p2a: Alex|U-turn|p1a: Slowking\n|-supereffective|p1a: Slowking\n|-damage|p1a: Slowking|53\/100\n|\n|t:|1699810037\n|switch|p2a: Greninja|Greninja, M|35\/100|[from] U-turn\n|move|p1a: Slowking|Yawn|p2a: Greninja\n|-start|p2a: Greninja|move: Yawn|[of] p1a: Slowking\n|\n|-end|p2a: Greninja|move: Future Sight\n|-immune|p2a: Greninja\n|-heal|p1a: Slowking|59\/100|[from] item: Leftovers\n|upkeep\n|turn|54\n|\n|t:|1699810047\n|switch|p2a: Alex|Lopunny-Mega, M, shiny|100\/100\n|move|p1a: Slowking|Future Sight|p2a: Alex\n|-start|p1a: Slowking|move: Future Sight\n|\n|-heal|p1a: Slowking|65\/100|[from] item: Leftovers\n|upkeep\n|turn|55\n|\n|t:|1699810064\n|switch|p1a: Zapdos|Zapdos|2\/100 psn\n|move|p2a: Alex|Fake Out|p1a: Zapdos\n|-damage|p1a: Zapdos|0 fnt\n|faint|p1a: Zapdos\n|\n|upkeep\n|\n|t:|1699810075\n|switch|p1a: Slowking|Slowking, M|99\/100\n|turn|56\n|\n|t:|1699810094\n|move|p2a: Alex|U-turn|p1a: Slowking\n|-supereffective|p1a: Slowking\n|-damage|p1a: Slowking|65\/100\n|\n|t:|1699810097\n|switch|p2a: Greninja|Greninja, M|35\/100|[from] U-turn\n|move|p1a: Slowking|Yawn|p2a: Greninja\n|-start|p2a: Greninja|move: Yawn|[of] p1a: Slowking\n|\n|-end|p2a: Greninja|move: Future Sight\n|-immune|p2a: Greninja\n|-heal|p1a: Slowking|71\/100|[from] item: Leftovers\n|upkeep\n|turn|57\n|inactive|Zoru desu has 120 seconds left.\n|\n|t:|1699810141\n|move|p2a: Greninja|Grass Knot|p1a: Slowking\n|-start|p2a: Greninja|typechange|Grass|[from] ability: Protean\n|-supereffective|p1a: Slowking\n|-damage|p1a: Slowking|13\/100\n|move|p1a: Slowking|Future Sight|p2a: Greninja\n|-start|p1a: Slowking|move: Future Sight\n|\n|-heal|p1a: Slowking|19\/100|[from] item: Leftovers\n|-end|p2a: Greninja|move: Yawn|[silent]\n|-status|p2a: Greninja|slp\n|upkeep\n|turn|58\n|\n|t:|1699810157\n|switch|p2a: Alex|Lopunny-Mega, M, shiny|100\/100\n|move|p1a: Slowking|Slack Off|p1a: Slowking\n|-heal|p1a: Slowking|69\/100\n|\n|-heal|p1a: Slowking|75\/100|[from] item: Leftovers\n|upkeep\n|turn|59\n|inactive|Zoru desu has 90 seconds left.\n|\n|t:|1699810172\n|move|p2a: Alex|Fake Out|p1a: Slowking\n|-damage|p1a: Slowking|59\/100\n|cant|p1a: Slowking|flinch\n|\n|-end|p2a: Alex|move: Future Sight\n|-supereffective|p2a: Alex\n|-damage|p2a: Alex|0 fnt\n|faint|p2a: Alex\n|-heal|p1a: Slowking|65\/100|[from] item: Leftovers\n|upkeep\n|\n|t:|1699810185\n|switch|p2a: Greninja|Greninja, M|35\/100 slp\n|turn|60\n|\n|t:|1699810190\n|cant|p2a: Greninja|slp\n|move|p1a: Slowking|Slack Off|p1a: Slowking\n|-heal|p1a: Slowking|100\/100\n|\n|upkeep\n|turn|61\n|\n|t:|1699810196\n|cant|p2a: Greninja|slp\n|move|p1a: Slowking|Yawn||[still]\n|-fail|p1a: Slowking\n|\n|upkeep\n|turn|62\n|\n|t:|1699810200\n|cant|p2a: Greninja|slp\n|move|p1a: Slowking|Yawn||[still]\n|-fail|p1a: Slowking\n|\n|upkeep\n|turn|63\n|\n|t:|1699810204\n|-curestatus|p2a: Greninja|slp|[msg]\n|move|p2a: Greninja|Grass Knot|p1a: Slowking\n|-start|p2a: Greninja|typechange|Grass|[from] ability: Protean\n|-supereffective|p1a: Slowking\n|-damage|p1a: Slowking|40\/100\n|move|p1a: Slowking|Yawn|p2a: Greninja\n|-start|p2a: Greninja|move: Yawn|[of] p1a: Slowking\n|\n|-heal|p1a: Slowking|46\/100|[from] item: Leftovers\n|upkeep\n|turn|64\n|\n|t:|1699810216\n|move|p2a: Greninja|Grass Knot|p1a: Slowking\n|-supereffective|p1a: Slowking\n|-damage|p1a: Slowking|0 fnt\n|faint|p1a: Slowking\n|\n|-end|p2a: Greninja|move: Yawn|[silent]\n|-status|p2a: Greninja|slp\n|upkeep\n|\n|t:|1699810219\n|switch|p1a: Great Tusk|Great Tusk, tera:Fighting|6\/100\n|turn|65\n|\n|t:|1699810225\n|cant|p2a: Greninja|slp\n|move|p1a: Great Tusk|Brick Break|p2a: Greninja\n|-damage|p2a: Greninja|0 fnt\n|faint|p2a: Greninja\n|\n|win|Zoru desu\n|raw|Zoru desu's rating: 1395 &rarr; <strong>1410<\/strong><br \/>(+15 for winning)\n|raw|Mr.Shadowdusk's rating: 1297 &rarr; <strong>1279<\/strong><br \/>(-18 for losing)\n","uploadtime":1699810232,"views":8,"p1id":"zorudesu","p2id":"mrshadowdusk","formatid":"gen9nationaldex","rating":1279,"private":0,"password":""}