{"id":"gen9nationaldex-1999664209","p1":"captainpuff123","p2":"Siwpy","format":"[Gen 9] National Dex","log":"|html|<div class=\"broadcast-blue\"><strong>[Gen 9] National Dex is currently suspecting Sneasler! For information on how to participate check out the <a href=\"https:\/\/www.smogon.com\/forums\/threads\/sv-national-dex-suspect-8-just-dance.3731534\/\">suspect thread<\/a>.<\/strong><\/div>\n|j|\u2606captainpuff123\n|j|\u2606Siwpy\n|t:|1701105822\n|gametype|singles\n|player|p1|captainpuff123|2|1399\n|player|p2|Siwpy|cynthia|1355\n|teamsize|p1|6\n|teamsize|p2|6\n|gen|9\n|tier|[Gen 9] National Dex\n|rated|\n|rule|HP Percentage Mod: HP is shown in percentages\n|rule|Endless Battle Clause: Forcing endless battles is banned\n|rule|OHKO Clause: OHKO moves are banned\n|rule|Evasion Clause: Evasion abilities, items, and moves are banned\n|rule|Evasion Abilities Clause: Evasion abilities are banned\n|rule|Evasion Items Clause: Evasion items are banned\n|rule|Evasion Moves Clause: Evasion moves are banned\n|rule|Species Clause: Limit one of each Pok\u00e9mon\n|rule|Sleep Clause Mod: Limit one foe put to sleep\n|clearpoke\n|poke|p1|Ferrothorn, M|\n|poke|p1|Urshifu-*, M|\n|poke|p1|Iron Hands|\n|poke|p1|Garchomp, M|\n|poke|p1|Charizard, M|\n|poke|p1|Great Tusk|\n|poke|p2|Mawile, F|\n|poke|p2|Urshifu-*, M|\n|poke|p2|Gliscor, F|\n|poke|p2|Heatran, F|\n|poke|p2|Kommo-o, M|\n|poke|p2|Ninetales-Alola, M|\n|teampreview\n|inactive|Battle timer is ON: inactive players will automatically lose when time's up. (requested by captainpuff123)\n|c|\u2606captainpuff123|Glhf\n|c|\u2606Siwpy|glhf\n|\n|t:|1701105841\n|start\n|switch|p1a: Mr UU|Garchomp, M|100\/100\n|switch|p2a: Ninetales|Ninetales-Alola, M|100\/100\n|-weather|Snow|[from] ability: Snow Warning|[of] p2a: Ninetales\n|turn|1\n|c|\u2606captainpuff123|I feel like I\u2019m going to get the big stalled\n|\n|t:|1701105862\n|move|p2a: Ninetales|Aurora Veil|p2a: Ninetales\n|-sidestart|p2: Siwpy|move: Aurora Veil\n|move|p1a: Mr UU|Earthquake|p2a: Ninetales\n|-damage|p2a: Ninetales|73\/100\n|\n|-weather|Snow|[upkeep]\n|upkeep\n|turn|2\n|\n|t:|1701105876\n|move|p2a: Ninetales|Blizzard|p1a: Mr UU\n|-supereffective|p1a: Mr UU\n|-damage|p1a: Mr UU|0 fnt\n|faint|p1a: Mr UU\n|\n|-weather|Snow|[upkeep]\n|upkeep\n|\n|t:|1701105880\n|switch|p1a: Ragnar|Urshifu-Rapid-Strike, M|100\/100\n|turn|3\n|\n|t:|1701105885\n|-terastallize|p1a: Ragnar|Water\n|move|p2a: Ninetales|Dazzling Gleam|p1a: Ragnar\n|-damage|p1a: Ragnar|53\/100\n|move|p1a: Ragnar|Surging Strikes|p2a: Ninetales\n|-crit|p2a: Ninetales\n|-damage|p2a: Ninetales|32\/100\n|-crit|p2a: Ninetales\n|-damage|p2a: Ninetales|0 fnt\n|faint|p2a: Ninetales\n|-hitcount|p2: Ninetales|2\n|\n|-weather|Snow|[upkeep]\n|upkeep\n|\n|t:|1701105896\n|switch|p2a: Kommo-o|Kommo-o, M|100\/100\n|turn|4\n|\n|t:|1701105913\n|switch|p1a: My baby|Charizard, M, shiny|100\/100\n|-zpower|p2a: Kommo-o\n|move|p2a: Kommo-o|Clangorous Soulblaze|p1a: My baby|[zeffect]\n|-damage|p1a: My baby|7\/100\n|-boost|p2a: Kommo-o|atk|1\n|-boost|p2a: Kommo-o|def|1\n|-boost|p2a: Kommo-o|spa|1\n|-boost|p2a: Kommo-o|spd|1\n|-boost|p2a: Kommo-o|spe|1\n|\n|-weather|Snow|[upkeep]\n|upkeep\n|turn|5\n|\n|t:|1701105927\n|detailschange|p1a: My baby|Charizard-Mega-Y, M, shiny\n|-mega|p1a: My baby|Charizard|Charizardite Y\n|-weather|SunnyDay|[from] ability: Drought|[of] p1a: My baby\n|move|p2a: Kommo-o|Boomburst|p1a: My baby\n|-damage|p1a: My baby|0 fnt\n|faint|p1a: My baby\n|\n|-weather|SunnyDay|[upkeep]\n|upkeep\n|\n|t:|1701105942\n|switch|p1a: Mr homophobia|Ferrothorn, M|100\/100\n|turn|6\n|\n|t:|1701105946\n|move|p2a: Kommo-o|Aura Sphere|p1a: Mr homophobia\n|-supereffective|p1a: Mr homophobia\n|-damage|p1a: Mr homophobia|5\/100\n|move|p1a: Mr homophobia|Leech Seed|p2a: Kommo-o\n|-start|p2a: Kommo-o|move: Leech Seed\n|\n|-weather|SunnyDay|[upkeep]\n|-heal|p1a: Mr homophobia|11\/100|[from] item: Leftovers\n|-damage|p2a: Kommo-o|88\/100|[from] Leech Seed|[of] p1a: Mr homophobia\n|-heal|p1a: Mr homophobia|22\/100|[silent]\n|upkeep\n|turn|7\n|\n|t:|1701105958\n|switch|p1a: Utility belt|Great Tusk|100\/100\n|-activate|p1a: Utility belt|ability: Protosynthesis\n|-start|p1a: Utility belt|protosynthesisatk\n|move|p2a: Kommo-o|Aura Sphere|p1a: Utility belt\n|-damage|p1a: Utility belt|12\/100\n|\n|-weather|SunnyDay|[upkeep]\n|-damage|p2a: Kommo-o|76\/100|[from] Leech Seed|[of] p1a: Utility belt\n|-heal|p1a: Utility belt|22\/100|[silent]\n|upkeep\n|turn|8\n|\n|t:|1701105972\n|move|p2a: Kommo-o|Boomburst|p1a: Utility belt\n|-damage|p1a: Utility belt|0 fnt\n|faint|p1a: Utility belt\n|-end|p1a: Utility belt|Protosynthesis|[silent]\n|\n|-weather|SunnyDay|[upkeep]\n|-sideend|p2: Siwpy|move: Aurora Veil\n|upkeep\n|\n|t:|1701105981\n|switch|p1a: Ragnar|Urshifu-Rapid-Strike, M, tera:Water|53\/100\n|turn|9\n|\n|t:|1701105987\n|move|p2a: Kommo-o|Clanging Scales|p1a: Ragnar\n|-damage|p1a: Ragnar|0 fnt\n|faint|p1a: Ragnar\n|-unboost|p2a: Kommo-o|def|1\n|\n|-weather|none\n|upkeep\n|\n|t:|1701105990\n|switch|p1a: Mr handy|Iron Hands|100\/100\n|-enditem|p1a: Mr handy|Booster Energy\n|-activate|p1a: Mr handy|ability: Quark Drive|[fromitem]\n|-start|p1a: Mr handy|quarkdriveatk\n|turn|10\n|\n|t:|1701105999\n|move|p2a: Kommo-o|Clanging Scales|p1a: Mr handy\n|-damage|p1a: Mr handy|32\/100\n|-unboost|p2a: Kommo-o|def|1\n|move|p1a: Mr handy|Drain Punch|p2a: Kommo-o\n|-damage|p2a: Kommo-o|0 fnt\n|-heal|p1a: Mr handy|53\/100|[from] drain|[of] p2a: Kommo-o\n|faint|p2a: Kommo-o\n|\n|upkeep\n|\n|t:|1701106012\n|switch|p2a: Mawile|Mawile, F|100\/100\n|-ability|p2a: Mawile|Intimidate|boost\n|-unboost|p1a: Mr handy|atk|1\n|turn|11\n|c|\u2606captainpuff123|I should have done that before\n|\n|t:|1701106023\n|detailschange|p2a: Mawile|Mawile-Mega, F\n|-mega|p2a: Mawile|Mawile|Mawilite\n|move|p1a: Mr handy|Earthquake|p2a: Mawile\n|-supereffective|p2a: Mawile\n|-damage|p2a: Mawile|34\/100\n|move|p2a: Mawile|Swords Dance|p2a: Mawile\n|-boost|p2a: Mawile|atk|2\n|\n|upkeep\n|turn|12\n|\n|t:|1701106031\n|-end|p1a: Mr handy|Quark Drive|[silent]\n|switch|p1a: Mr homophobia|Ferrothorn, M|22\/100\n|move|p2a: Mawile|Sucker Punch||[still]\n|-fail|p2a: Mawile\n|\n|-heal|p1a: Mr homophobia|28\/100|[from] item: Leftovers\n|upkeep\n|turn|13\n|\n|t:|1701106040\n|move|p2a: Mawile|Iron Head|p1a: Mr homophobia\n|-resisted|p1a: Mr homophobia\n|-damage|p1a: Mr homophobia|0 fnt\n|-damage|p2a: Mawile|22\/100|[from] ability: Iron Barbs|[of] p1a: Mr homophobia\n|faint|p1a: Mr homophobia\n|\n|upkeep\n|\n|t:|1701106044\n|switch|p1a: Mr handy|Iron Hands|53\/100\n|turn|14\n|\n|t:|1701106050\n|move|p1a: Mr handy|Earthquake|p2a: Mawile\n|-supereffective|p2a: Mawile\n|-crit|p2a: Mawile\n|-damage|p2a: Mawile|0 fnt\n|faint|p2a: Mawile\n|\n|upkeep\n|\n|t:|1701106055\n|switch|p2a: Urshifu|Urshifu-Rapid-Strike, M|100\/100\n|turn|15\n|\n|t:|1701106059\n|-terastallize|p2a: Urshifu|Water\n|move|p2a: Urshifu|Surging Strikes|p1a: Mr handy\n|-crit|p1a: Mr handy\n|-damage|p1a: Mr handy|35\/100\n|-crit|p1a: Mr handy\n|-damage|p1a: Mr handy|16\/100\n|-crit|p1a: Mr handy\n|-damage|p1a: Mr handy|0 fnt\n|faint|p1a: Mr handy\n|-end|p1a: Mr handy|Quark Drive|[silent]\n|-hitcount|p1: Mr handy|3\n|\n|win|Siwpy\n|raw|captainpuff123's rating: 1399 &rarr; <strong>1376<\/strong><br \/>(-23 for losing)\n|raw|Siwpy's rating: 1355 &rarr; <strong>1378<\/strong><br \/>(+23 for winning)\n|c|\u2606captainpuff123|Ggs\n|c|\u2606Siwpy|gg\n|l|\u2606captainpuff123\n","uploadtime":1701106085,"views":2,"p1id":"captainpuff123","p2id":"siwpy","formatid":"gen9nationaldex","rating":1376,"private":0,"password":""}