{"id":"gen9nationaldex-1994117697","p1":"Hantengu","p2":"Chili D Dewd","format":"[Gen 9] National Dex","log":"|j|\u2606Hantengu\n|j|\u2606Chili D Dewd\n|inactive|Battle timer is ON: inactive players will automatically lose when time's up.\n|t:|1700408965\n|gametype|singles\n|player|p1|Hantengu|lucas|\n|player|p2|Chili D Dewd|flint|\n|teamsize|p1|6\n|teamsize|p2|6\n|gen|9\n|tier|[Gen 9] National Dex\n|rated|Tournament battle\n|rule|HP Percentage Mod: HP is shown in percentages\n|rule|Endless Battle Clause: Forcing endless battles is banned\n|rule|OHKO Clause: OHKO moves are banned\n|rule|Evasion Clause: Evasion abilities, items, and moves are banned\n|rule|Evasion Abilities Clause: Evasion abilities are banned\n|rule|Evasion Items Clause: Evasion items are banned\n|rule|Evasion Moves Clause: Evasion moves are banned\n|rule|Species Clause: Limit one of each Pok\u00e9mon\n|rule|Sleep Clause Mod: Limit one foe put to sleep\n|clearpoke\n|poke|p1|Medicham, M|\n|poke|p1|Zamazenta-*|\n|poke|p1|Tapu Koko|\n|poke|p1|Landorus-Therian, M|\n|poke|p1|Heatran, F|\n|poke|p1|Slowking-Galar, F|\n|poke|p2|Scovillain, M|\n|poke|p2|Torkoal, F|\n|poke|p2|Great Tusk|\n|poke|p2|Houndoom, F|\n|poke|p2|Tapu Lele|\n|poke|p2|Rotom-Wash|\n|teampreview\n|inactive|Hantengu also wants the timer to be on.\n|j| Ineros\n|j| Epicgamergod69\n|c|\u2606Chili D Dewd|Glhf\n|\n|t:|1700408976\n|start\n|switch|p1a: Slowking|Slowking-Galar, F|100\/100\n|switch|p2a: Torkoal|Torkoal, F|100\/100\n|-weather|SunnyDay|[from] ability: Drought|[of] p2a: Torkoal\n|turn|1\n|\n|t:|1700408979\n|move|p2a: Torkoal|Stealth Rock|p1a: Slowking\n|-sidestart|p1: Hantengu|move: Stealth Rock\n|move|p1a: Slowking|Sludge Bomb|p2a: Torkoal\n|-damage|p2a: Torkoal|56\/100\n|\n|-weather|SunnyDay|[upkeep]\n|upkeep\n|turn|2\n|\n|t:|1700408983\n|switch|p2a: Rotom|Rotom-Wash|100\/100\n|move|p1a: Slowking|Chilly Reception|p1a: Slowking\n|-weather|Snow\n|\n|t:|1700408988\n|switch|p1a: Medicham|Medicham, M|100\/100|[from] Chilly Reception\n|-damage|p1a: Medicham|94\/100|[from] Stealth Rock\n|\n|-weather|Snow|[upkeep]\n|upkeep\n|turn|3\n|\n|t:|1700408992\n|switch|p2a: Tapu Lele|Tapu Lele|100\/100\n|-fieldstart|move: Psychic Terrain|[from] ability: Psychic Surge|[of] p2a: Tapu Lele\n|detailschange|p1a: Medicham|Medicham-Mega, M\n|-mega|p1a: Medicham|Medicham|Medichamite\n|move|p1a: Medicham|Fake Out|p2a: Tapu Lele\n|-activate|p2a: Tapu Lele|move: Psychic Terrain\n|\n|-weather|Snow|[upkeep]\n|upkeep\n|turn|4\n|\n|t:|1700408995\n|switch|p1a: Slowking|Slowking-Galar, F|100\/100\n|move|p2a: Tapu Lele|Future Sight|p1a: Slowking\n|-start|p2a: Tapu Lele|move: Future Sight\n|\n|-weather|Snow|[upkeep]\n|upkeep\n|turn|5\n|\n|t:|1700408998\n|switch|p2a: Torkoal|Torkoal, F|56\/100\n|-weather|SunnyDay|[from] ability: Drought|[of] p2a: Torkoal\n|move|p1a: Slowking|Future Sight|p2a: Torkoal\n|-start|p1a: Slowking|move: Future Sight\n|\n|-weather|SunnyDay|[upkeep]\n|upkeep\n|turn|6\n|\n|t:|1700409000\n|switch|p2a: Houndoom|Houndoom, F|100\/100\n|move|p1a: Slowking|Chilly Reception|p1a: Slowking\n|-weather|Snow\n|j| Elena Rybakina\n|\n|t:|1700409006\n|switch|p1a: Heatran|Heatran, F|100\/100|[from] Chilly Reception\n|-damage|p1a: Heatran|88\/100|[from] Stealth Rock\n|\n|-weather|Snow|[upkeep]\n|-end|p1a: Heatran|move: Future Sight\n|-resisted|p1a: Heatran\n|-damage|p1a: Heatran|63\/100\n|-heal|p1a: Heatran|69\/100|[from] item: Leftovers\n|upkeep\n|turn|7\n|\n|t:|1700409011\n|switch|p2a: Rotom|Rotom-Wash|100\/100\n|move|p1a: Heatran|Earth Power|p2a: Rotom\n|-immune|p2a: Rotom|[from] ability: Levitate\n|\n|-weather|Snow|[upkeep]\n|-end|p2a: Rotom|move: Future Sight\n|-damage|p2a: Rotom|50\/100\n|-heal|p2a: Rotom|56\/100|[from] item: Leftovers\n|-heal|p1a: Heatran|76\/100|[from] item: Leftovers\n|-fieldend|move: Psychic Terrain\n|upkeep\n|turn|8\n|\n|t:|1700409015\n|move|p2a: Rotom|Hydro Pump|p1a: Heatran\n|-supereffective|p1a: Heatran\n|-damage|p1a: Heatran|23\/100\n|move|p1a: Heatran|Magma Storm|p2a: Rotom|[miss]\n|-miss|p1a: Heatran|p2a: Rotom\n|\n|-weather|Snow|[upkeep]\n|-heal|p2a: Rotom|62\/100|[from] item: Leftovers\n|-heal|p1a: Heatran|29\/100|[from] item: Leftovers\n|upkeep\n|turn|9\n|j| asoespresso\n|\n|t:|1700409019\n|switch|p1a: Slowking|Slowking-Galar, F|100\/100\n|move|p2a: Rotom|Volt Switch|p1a: Slowking\n|-damage|p1a: Slowking|85\/100\n|\n|t:|1700409022\n|switch|p2a: Houndoom|Houndoom, F|100\/100|[from] Volt Switch\n|\n|-weather|Snow|[upkeep]\n|upkeep\n|turn|10\n|\n|t:|1700409032\n|switch|p1a: Zamazenta|Zamazenta|100\/100\n|-ability|p1a: Zamazenta|Dauntless Shield|boost\n|-boost|p1a: Zamazenta|def|1\n|move|p2a: Houndoom|Nasty Plot|p2a: Houndoom\n|-boost|p2a: Houndoom|spa|2\n|\n|-weather|none\n|upkeep\n|turn|11\n|\n|t:|1700409038\n|switch|p2a: Torkoal|Torkoal, F|56\/100\n|-weather|SunnyDay|[from] ability: Drought|[of] p2a: Torkoal\n|move|p1a: Zamazenta|Close Combat|p2a: Torkoal\n|-damage|p2a: Torkoal|24\/100\n|-unboost|p1a: Zamazenta|def|1\n|-unboost|p1a: Zamazenta|spd|1\n|\n|-weather|SunnyDay|[upkeep]\n|upkeep\n|turn|12\n|\n|t:|1700409041\n|switch|p2a: Houndoom|Houndoom, F|100\/100\n|move|p1a: Zamazenta|Close Combat|p2a: Houndoom\n|-supereffective|p2a: Houndoom\n|-damage|p2a: Houndoom|0 fnt\n|-unboost|p1a: Zamazenta|def|1\n|-unboost|p1a: Zamazenta|spd|1\n|faint|p2a: Houndoom\n|\n|-weather|SunnyDay|[upkeep]\n|upkeep\n|\n|t:|1700409043\n|switch|p2a: Scovillain|Scovillain, M|100\/100\n|turn|13\n|\n|t:|1700409050\n|move|p2a: Scovillain|Growth|p2a: Scovillain\n|-boost|p2a: Scovillain|atk|2\n|-boost|p2a: Scovillain|spa|2\n|move|p1a: Zamazenta|Close Combat|p2a: Scovillain\n|-damage|p2a: Scovillain|0 fnt\n|-unboost|p1a: Zamazenta|def|1\n|-unboost|p1a: Zamazenta|spd|1\n|faint|p2a: Scovillain\n|\n|-weather|SunnyDay|[upkeep]\n|upkeep\n|c| Epicgamergod69|...\n|c|\u2606Chili D Dewd|And i risk it\n|c|\u2606Chili D Dewd|Gg\n|\n|t:|1700409063\n|switch|p2a: Tapu Lele|Tapu Lele|100\/100\n|-fieldstart|move: Psychic Terrain|[from] ability: Psychic Surge|[of] p2a: Tapu Lele\n|turn|14\n|\n|t:|1700409065\n|switch|p1a: Slowking|Slowking-Galar, F|100\/100\n|-terastallize|p2a: Tapu Lele|Psychic\n|move|p2a: Tapu Lele|Psyshock|p1a: Slowking\n|-damage|p1a: Slowking|37\/100\n|\n|-weather|SunnyDay|[upkeep]\n|upkeep\n|turn|15\n|\n|t:|1700409070\n|switch|p1a: Heatran|Heatran, F|29\/100\n|-damage|p1a: Heatran|17\/100|[from] Stealth Rock\n|move|p2a: Tapu Lele|Psyshock|p1a: Heatran\n|-resisted|p1a: Heatran\n|-damage|p1a: Heatran|0 fnt\n|faint|p1a: Heatran\n|\n|-weather|SunnyDay|[upkeep]\n|upkeep\n|\n|t:|1700409072\n|switch|p1a: Landorus|Landorus-Therian, M|100\/100\n|-damage|p1a: Landorus|88\/100|[from] Stealth Rock\n|-ability|p1a: Landorus|Intimidate|boost\n|-unboost|p2a: Tapu Lele|atk|1\n|turn|16\n|\n|t:|1700409075\n|switch|p2a: Great Tusk|Great Tusk|100\/100\n|-activate|p2a: Great Tusk|ability: Protosynthesis\n|-start|p2a: Great Tusk|protosynthesisatk\n|move|p1a: Landorus|Knock Off|p2a: Great Tusk\n|-resisted|p2a: Great Tusk\n|-crit|p2a: Great Tusk\n|-damage|p2a: Great Tusk|88\/100\n|\n|-weather|SunnyDay|[upkeep]\n|upkeep\n|turn|17\n|j| ND9T2 tutiop\n|l| ND9T2 tutiop\n|\n|t:|1700409092\n|move|p2a: Great Tusk|Rapid Spin|p1a: Landorus\n|-damage|p1a: Landorus|74\/100\n|-boost|p2a: Great Tusk|spe|1\n|-damage|p2a: Great Tusk|72\/100|[from] item: Rocky Helmet|[of] p1a: Landorus\n|move|p1a: Landorus|Defog|p2a: Great Tusk\n|-unboost|p2a: Great Tusk|evasion|1\n|-sideend|p1: Hantengu|Stealth Rock|[from] move: Defog|[of] p1a: Landorus\n|-fieldend|move: Psychic Terrain\n|\n|-weather|SunnyDay|[upkeep]\n|upkeep\n|turn|18\n|\n|t:|1700409102\n|-terastallize|p1a: Landorus|Water\n|move|p2a: Great Tusk|Ice Spinner|p1a: Landorus\n|-resisted|p1a: Landorus\n|-damage|p1a: Landorus|61\/100\n|-damage|p2a: Great Tusk|55\/100|[from] item: Rocky Helmet|[of] p1a: Landorus\n|move|p1a: Landorus|Earthquake|p2a: Great Tusk\n|-damage|p2a: Great Tusk|22\/100\n|\n|-weather|none\n|-end|p2a: Great Tusk|Protosynthesis\n|upkeep\n|turn|19\n|\n|t:|1700409106\n|move|p2a: Great Tusk|Close Combat|p1a: Landorus\n|-damage|p1a: Landorus|17\/100\n|-unboost|p2a: Great Tusk|def|1\n|-unboost|p2a: Great Tusk|spd|1\n|-damage|p2a: Great Tusk|6\/100|[from] item: Rocky Helmet|[of] p1a: Landorus\n|move|p1a: Landorus|U-turn|p2a: Great Tusk\n|-resisted|p2a: Great Tusk\n|-damage|p2a: Great Tusk|0 fnt\n|faint|p2a: Great Tusk\n|-end|p2a: Great Tusk|Protosynthesis|[silent]\n|\n|t:|1700409108\n|switch|p1a: Slowking|Slowking-Galar, F|70\/100|[from] U-turn\n|\n|upkeep\n|\n|t:|1700409111\n|switch|p2a: Tapu Lele|Tapu Lele, tera:Psychic|100\/100\n|-fieldstart|move: Psychic Terrain|[from] ability: Psychic Surge|[of] p2a: Tapu Lele\n|turn|20\n|\n|t:|1700409113\n|switch|p1a: Landorus|Landorus-Therian, M, tera:Water|17\/100\n|-ability|p1a: Landorus|Intimidate|boost\n|-unboost|p2a: Tapu Lele|atk|1\n|move|p2a: Tapu Lele|Psyshock|p1a: Landorus\n|-damage|p1a: Landorus|0 fnt\n|faint|p1a: Landorus\n|\n|upkeep\n|\n|t:|1700409115\n|switch|p1a: Slowking|Slowking-Galar, F|100\/100\n|turn|21\n|\n|t:|1700409116\n|move|p2a: Tapu Lele|Psyshock|p1a: Slowking\n|-damage|p1a: Slowking|32\/100\n|move|p1a: Slowking|Thunder Wave|p2a: Tapu Lele\n|-status|p2a: Tapu Lele|par\n|\n|upkeep\n|turn|22\n|j| Aziz Le Bledart\n|\n|t:|1700409119\n|cant|p2a: Tapu Lele|par\n|move|p1a: Slowking|Chilly Reception|p1a: Slowking\n|-weather|Snow\n|\n|t:|1700409121\n|switch|p1a: Tapu Koko|Tapu Koko|100\/100|[from] Chilly Reception\n|-fieldstart|move: Electric Terrain|[from] ability: Electric Surge|[of] p1a: Tapu Koko\n|\n|-weather|Snow|[upkeep]\n|upkeep\n|turn|23\n|\n|t:|1700409123\n|move|p1a: Tapu Koko|Thunderbolt|p2a: Tapu Lele\n|-damage|p2a: Tapu Lele|45\/100 par\n|move|p2a: Tapu Lele|Psyshock|p1a: Tapu Koko\n|-damage|p1a: Tapu Koko|27\/100\n|\n|-weather|Snow|[upkeep]\n|upkeep\n|turn|24\n|\n|t:|1700409126\n|move|p1a: Tapu Koko|Thunderbolt|p2a: Tapu Lele\n|-damage|p2a: Tapu Lele|0 fnt\n|faint|p2a: Tapu Lele\n|\n|-weather|Snow|[upkeep]\n|upkeep\n|c|\u2606Chili D Dewd|Now its gg\n|c| Epicgamergod69|Joever\n|c|\u2606Chili D Dewd|I threw that\n|c|\u2606Chili D Dewd|Well played\n|\n|t:|1700409148\n|switch|p2a: Rotom|Rotom-Wash|62\/100\n|turn|25\n|l| Ineros\n|\n|t:|1700409151\n|move|p1a: Tapu Koko|Volt Switch|p2a: Rotom\n|-damage|p2a: Rotom|30\/100\n|\n|t:|1700409152\n|switch|p1a: Slowking|Slowking-Galar, F|66\/100|[from] Volt Switch\n|move|p2a: Rotom|Hydro Pump|p1a: Slowking\n|-damage|p1a: Slowking|42\/100\n|\n|-weather|Snow|[upkeep]\n|-heal|p2a: Rotom|36\/100|[from] item: Leftovers\n|upkeep\n|turn|26\n|l| Epicgamergod69\n|\n|t:|1700409155\n|move|p2a: Rotom|Hydro Pump|p1a: Slowking\n|-damage|p1a: Slowking|19\/100\n|move|p1a: Slowking|Chilly Reception|p1a: Slowking\n|l| Elena Rybakina\n|\n|t:|1700409158\n|switch|p1a: Medicham|Medicham-Mega, M|94\/100|[from] Chilly Reception\n|\n|-weather|none\n|-heal|p2a: Rotom|42\/100|[from] item: Leftovers\n|-fieldend|move: Electric Terrain\n|upkeep\n|turn|27\n|\n|t:|1700409162\n|move|p1a: Medicham|Close Combat|p2a: Rotom\n|-crit|p2a: Rotom\n|-damage|p2a: Rotom|0 fnt\n|-unboost|p1a: Medicham|def|1\n|-unboost|p1a: Medicham|spd|1\n|faint|p2a: Rotom\n|\n|upkeep\n|\n|t:|1700409164\n|switch|p2a: Torkoal|Torkoal, F|24\/100\n|-weather|SunnyDay|[from] ability: Drought|[of] p2a: Torkoal\n|turn|28\n|\n|t:|1700409166\n|move|p1a: Medicham|Close Combat|p2a: Torkoal\n|-damage|p2a: Torkoal|0 fnt\n|-unboost|p1a: Medicham|def|1\n|-unboost|p1a: Medicham|spd|1\n|faint|p2a: Torkoal\n|\n|win|Hantengu\n|n|\u2606Hantengu|hantengu\n|n|\u2606Chili D Dewd|chiliddewd\n|n| asoespresso|asoespresso\n|n| Aziz Le Bledart|azizlebledart\n","uploadtime":1700409167,"views":33,"p1id":"hantengu","p2id":"chiliddewd","formatid":"gen9nationaldex","rating":0,"private":0,"password":""}