{"id":"gen9nationaldex-1990215672","p1":"DeltaTM06","p2":"0spr3y","format":"[Gen 9] National Dex","log":"|j|\u2606DeltaTM06\n|j|\u26060spr3y\n|t:|1699938692\n|gametype|singles\n|player|p1|DeltaTM06|bianca-pwt|\n|player|p2|0spr3y|colress|\n|teamsize|p1|6\n|teamsize|p2|6\n|gen|9\n|tier|[Gen 9] National Dex\n|rule|HP Percentage Mod: HP is shown in percentages\n|rule|Endless Battle Clause: Forcing endless battles is banned\n|rule|OHKO Clause: OHKO moves are banned\n|rule|Evasion Clause: Evasion abilities, items, and moves are banned\n|rule|Evasion Abilities Clause: Evasion abilities are banned\n|rule|Evasion Items Clause: Evasion items are banned\n|rule|Evasion Moves Clause: Evasion moves are banned\n|rule|Species Clause: Limit one of each Pok\u00e9mon\n|rule|Sleep Clause Mod: Limit one foe put to sleep\n|clearpoke\n|poke|p1|Meowscarada, F|\n|poke|p1|Samurott-Hisui, M|\n|poke|p1|Typhlosion-Hisui, F|\n|poke|p1|Rillaboom, M|\n|poke|p1|Empoleon, M|\n|poke|p1|Skeledirge, F|\n|poke|p2|Infernape, F|\n|poke|p2|Meowscarada, F|\n|poke|p2|Blastoise, M|\n|poke|p2|Rillaboom, M|\n|poke|p2|Skeledirge, F|\n|poke|p2|Sceptile, M|\n|teampreview\n|c|\u26060spr3y|glhf\n|c|\u2606DeltaTM06|glhf\n|\n|t:|1699938746\n|start\n|switch|p1a: Morrigan|Meowscarada, F, shiny|100\/100\n|switch|p2a: Meowscarada|Meowscarada, F|100\/100\n|turn|1\n|c|\u26060spr3y|Ngl your team kinda cooking.\n|c|\u2606DeltaTM06|thank you thank you\n|\n|t:|1699938774\n|move|p1a: Morrigan|U-turn|p2a: Meowscarada\n|-start|p1a: Morrigan|typechange|Bug|[from] ability: Protean\n|-supereffective|p2a: Meowscarada\n|-enditem|p2a: Meowscarada|Focus Sash\n|-damage|p2a: Meowscarada|1\/100\n|j| Shashterpiece\n|l| Shashterpiece\n|c|\u2606DeltaTM06|had blastoise but swapped for empoleon just earlier\n|\n|t:|1699938810\n|switch|p1a: Kremling.mp3|Skeledirge, F, shiny|100\/100|[from] U-turn\n|move|p2a: Meowscarada|Toxic Spikes|p1a: Kremling.mp3\n|-start|p2a: Meowscarada|typechange|Poison|[from] ability: Protean\n|-sidestart|p1: DeltaTM06|move: Toxic Spikes\n|\n|upkeep\n|turn|2\n|c|\u26060spr3y|Nice. We have pretty similar teams then.\n|\n|t:|1699938821\n|move|p2a: Meowscarada|Knock Off|p1a: Kremling.mp3\n|-supereffective|p1a: Kremling.mp3\n|-enditem|p1a: Kremling.mp3|Colbur Berry|[eat]\n|-enditem|p1a: Kremling.mp3|Colbur Berry|[weaken]\n|-damage|p1a: Kremling.mp3|81\/100\n|move|p1a: Kremling.mp3|Torch Song|p2a: Meowscarada\n|-damage|p2a: Meowscarada|0 fnt\n|-boost|p1a: Kremling.mp3|spa|1\n|faint|p2a: Meowscarada\n|\n|upkeep\n|\n|t:|1699938830\n|switch|p2a: Blastoise|Blastoise, M|100\/100\n|turn|3\n|\n|t:|1699938838\n|switch|p1a: Mecha Pingu|Empoleon, M|100\/100\n|move|p2a: Blastoise|Scald|p1a: Mecha Pingu\n|-resisted|p1a: Mecha Pingu\n|-damage|p1a: Mecha Pingu|90\/100\n|-status|p1a: Mecha Pingu|brn\n|\n|-damage|p1a: Mecha Pingu|84\/100 brn|[from] brn\n|upkeep\n|turn|4\n|\n|t:|1699938850\n|switch|p2a: Rillaboom|Rillaboom, M|100\/100\n|-fieldstart|move: Grassy Terrain|[from] ability: Grassy Surge|[of] p2a: Rillaboom\n|move|p1a: Mecha Pingu|Yawn|p2a: Rillaboom\n|-start|p2a: Rillaboom|move: Yawn|[of] p1a: Mecha Pingu\n|\n|-heal|p1a: Mecha Pingu|90\/100 brn|[from] Grassy Terrain\n|-damage|p1a: Mecha Pingu|84\/100 brn|[from] brn\n|upkeep\n|turn|5\n|j| Shashterpiece\n|\n|t:|1699938860\n|move|p2a: Rillaboom|U-turn|p1a: Mecha Pingu\n|-resisted|p1a: Mecha Pingu\n|-damage|p1a: Mecha Pingu|71\/100 brn\n|\n|t:|1699938870\n|switch|p2a: Infernape|Infernape, F|100\/100|[from] U-turn\n|move|p1a: Mecha Pingu|Defog|p2a: Infernape\n|-unboost|p2a: Infernape|evasion|1\n|-sideend|p1: DeltaTM06|Toxic Spikes|[from] move: Defog|[of] p1a: Mecha Pingu\n|-fieldend|move: Grassy Terrain\n|\n|-damage|p1a: Mecha Pingu|65\/100 brn|[from] brn\n|upkeep\n|turn|6\n|\n|t:|1699938886\n|switch|p1a: Kremling.mp3|Skeledirge, F, shiny|81\/100\n|move|p2a: Infernape|Earthquake|p1a: Kremling.mp3\n|-supereffective|p1a: Kremling.mp3\n|-damage|p1a: Kremling.mp3|37\/100\n|\n|upkeep\n|turn|7\n|\n|t:|1699938911\n|move|p2a: Infernape|Earthquake|p1a: Kremling.mp3\n|-supereffective|p1a: Kremling.mp3\n|-damage|p1a: Kremling.mp3|0 fnt\n|faint|p1a: Kremling.mp3\n|\n|upkeep\n|\n|t:|1699938917\n|switch|p1a: Morrigan|Meowscarada, F, shiny|100\/100\n|turn|8\n|\n|t:|1699938935\n|move|p1a: Morrigan|Toxic Spikes|p2a: Infernape\n|-start|p1a: Morrigan|typechange|Poison|[from] ability: Protean\n|-sidestart|p2: 0spr3y|move: Toxic Spikes\n|move|p2a: Infernape|Fire Punch|p1a: Morrigan\n|-damage|p1a: Morrigan|34\/100\n|\n|upkeep\n|turn|9\n|\n|t:|1699938948\n|move|p1a: Morrigan|U-turn|p2a: Infernape\n|-resisted|p2a: Infernape\n|-damage|p2a: Infernape|92\/100\n|\n|t:|1699938962\n|switch|p1a: DMC Vergil|Samurott-Hisui, M, shiny|100\/100|[from] U-turn\n|move|p2a: Infernape|Fire Punch|p1a: DMC Vergil\n|-resisted|p1a: DMC Vergil\n|-damage|p1a: DMC Vergil|73\/100\n|\n|upkeep\n|turn|10\n|\n|t:|1699938971\n|move|p1a: DMC Vergil|Flip Turn|p2a: Infernape\n|-supereffective|p2a: Infernape\n|-damage|p2a: Infernape|2\/100\n|\n|t:|1699938975\n|switch|p1a: Mecha Pingu|Empoleon, M|65\/100 brn|[from] Flip Turn\n|move|p2a: Infernape|Drain Punch|p1a: Mecha Pingu\n|-supereffective|p1a: Mecha Pingu\n|-damage|p1a: Mecha Pingu|0 fnt\n|-heal|p2a: Infernape|44\/100|[from] drain|[of] p1a: Mecha Pingu\n|faint|p1a: Mecha Pingu\n|\n|upkeep\n|\n|t:|1699938989\n|switch|p1a: DMC Vergil|Samurott-Hisui, M, shiny|73\/100\n|turn|11\n|\n|t:|1699939009\n|move|p1a: DMC Vergil|Flip Turn|p2a: Infernape\n|-supereffective|p2a: Infernape\n|-damage|p2a: Infernape|0 fnt\n|faint|p2a: Infernape\n|j| Reptilestyle\n|\n|t:|1699939035\n|switch|p1a: Morrigan|Meowscarada, F, shiny|34\/100|[from] Flip Turn\n|\n|upkeep\n|\n|t:|1699939045\n|switch|p2a: Rillaboom|Rillaboom, M|100\/100\n|-status|p2a: Rillaboom|psn\n|-fieldstart|move: Grassy Terrain|[from] ability: Grassy Surge|[of] p2a: Rillaboom\n|turn|12\n|\n|t:|1699939054\n|move|p1a: Morrigan|Knock Off|p2a: Rillaboom\n|-start|p1a: Morrigan|typechange|Dark|[from] ability: Protean\n|-damage|p2a: Rillaboom|54\/100 psn\n|-enditem|p2a: Rillaboom|Leftovers|[from] move: Knock Off|[of] p1a: Morrigan\n|move|p2a: Rillaboom|U-turn|p1a: Morrigan\n|-supereffective|p1a: Morrigan\n|-damage|p1a: Morrigan|0 fnt\n|faint|p1a: Morrigan\n|\n|t:|1699939068\n|switch|p2a: Sceptile|Sceptile, M|100\/100|[from] U-turn\n|-status|p2a: Sceptile|psn\n|-enditem|p2a: Sceptile|Grassy Seed\n|-boost|p2a: Sceptile|def|1|[from] item: Grassy Seed\n|\n|-damage|p2a: Sceptile|88\/100 psn|[from] psn\n|upkeep\n|\n|t:|1699939079\n|switch|p1a: Jungle Beat|Rillaboom, M|100\/100\n|turn|13\n|j| OtherMinfan\n|\n|t:|1699939097\n|move|p1a: Jungle Beat|Fake Out|p2a: Sceptile\n|-damage|p2a: Sceptile|71\/100 psn\n|cant|p2a: Sceptile|flinch\n|\n|-heal|p2a: Sceptile|77\/100 psn|[from] Grassy Terrain\n|-damage|p2a: Sceptile|65\/100 psn|[from] psn\n|upkeep\n|turn|14\n|\n|t:|1699939129\n|move|p1a: Jungle Beat|Grassy Glide|p2a: Sceptile\n|-resisted|p2a: Sceptile\n|-damage|p2a: Sceptile|41\/100 psn\n|move|p2a: Sceptile|Acrobatics|p1a: Jungle Beat\n|-supereffective|p1a: Jungle Beat\n|-damage|p1a: Jungle Beat|37\/100\n|\n|-heal|p2a: Sceptile|47\/100 psn|[from] Grassy Terrain\n|-heal|p1a: Jungle Beat|43\/100|[from] Grassy Terrain\n|-damage|p2a: Sceptile|34\/100 psn|[from] psn\n|upkeep\n|turn|15\n|\n|t:|1699939204\n|switch|p1a: DMC Vergil|Samurott-Hisui, M, shiny|73\/100\n|move|p2a: Sceptile|Acrobatics|p1a: DMC Vergil\n|-damage|p1a: DMC Vergil|35\/100\n|\n|-heal|p2a: Sceptile|40\/100 psn|[from] Grassy Terrain\n|-heal|p1a: DMC Vergil|42\/100|[from] Grassy Terrain\n|-damage|p2a: Sceptile|28\/100 psn|[from] psn\n|upkeep\n|turn|16\n|\n|t:|1699939220\n|move|p2a: Sceptile|Drain Punch|p1a: DMC Vergil\n|-supereffective|p1a: DMC Vergil\n|-damage|p1a: DMC Vergil|0 fnt\n|-heal|p2a: Sceptile|51\/100 psn|[from] drain|[of] p1a: DMC Vergil\n|faint|p1a: DMC Vergil\n|\n|-heal|p2a: Sceptile|57\/100 psn|[from] Grassy Terrain\n|-damage|p2a: Sceptile|45\/100 psn|[from] psn\n|-fieldend|move: Grassy Terrain\n|upkeep\n|\n|t:|1699939228\n|switch|p1a: Patty Trills|Typhlosion-Hisui, F|100\/100\n|turn|17\n|\n|t:|1699939241\n|move|p2a: Sceptile|Acrobatics|p1a: Patty Trills\n|-damage|p1a: Patty Trills|58\/100\n|move|p1a: Patty Trills|Infernal Parade|p2a: Sceptile\n|-damage|p2a: Sceptile|0 fnt\n|faint|p2a: Sceptile\n|\n|upkeep\n|l| Reptilestyle\n|\n|t:|1699939256\n|switch|p2a: Blastoise|Blastoise, M|100\/100\n|-status|p2a: Blastoise|psn\n|turn|18\n|c|\u2606DeltaTM06|this is pretty joever\n|\n|t:|1699939270\n|move|p1a: Patty Trills|Infernal Parade|p2a: Blastoise\n|-damage|p2a: Blastoise|33\/100 psn\n|move|p2a: Blastoise|Scald|p1a: Patty Trills\n|-supereffective|p1a: Patty Trills\n|-damage|p1a: Patty Trills|0 fnt\n|faint|p1a: Patty Trills\n|\n|-damage|p2a: Blastoise|21\/100 psn|[from] psn\n|upkeep\n|\n|t:|1699939280\n|switch|p1a: Jungle Beat|Rillaboom, M|43\/100\n|-fieldstart|move: Grassy Terrain|[from] ability: Grassy Surge|[of] p1a: Jungle Beat\n|turn|19\n|\n|t:|1699939295\n|move|p2a: Blastoise|Ice Beam|p1a: Jungle Beat\n|-supereffective|p1a: Jungle Beat\n|-damage|p1a: Jungle Beat|7\/100\n|move|p1a: Jungle Beat|Knock Off|p2a: Blastoise\n|-damage|p2a: Blastoise|0 fnt\n|-enditem|p2a: Blastoise|Rindo Berry|[from] move: Knock Off|[of] p1a: Jungle Beat\n|faint|p2a: Blastoise\n|\n|-heal|p1a: Jungle Beat|13\/100|[from] Grassy Terrain\n|upkeep\n|\n|t:|1699939303\n|switch|p2a: Rillaboom|Rillaboom, M|54\/100 psn\n|turn|20\n|\n|t:|1699939308\n|move|p2a: Rillaboom|Grassy Glide|p1a: Jungle Beat\n|-resisted|p1a: Jungle Beat\n|-damage|p1a: Jungle Beat|0 fnt\n|faint|p1a: Jungle Beat\n|\n|win|0spr3y\n|c|\u26060spr3y|gg\n|l| OtherMinfan\n|c|\u2606DeltaTM06|didnt think you would outspeed bitch what\n|c|\u2606DeltaTM06|gg\n","uploadtime":1699939327,"views":7,"p1id":"deltatm06","p2id":"0spr3y","formatid":"gen9nationaldex","rating":0,"private":0,"password":""}