{"id":"gen9nationaldex-1994015681","p1":"sruai1","p2":"K. Repola","format":"[Gen 9] National Dex","log":"|j|\u2606sruai1\n|j|\u2606K. Repola\n|t:|1700393996\n|gametype|singles\n|player|p1|sruai1|1|1502\n|player|p2|K. Repola|gentleman|1480\n|teamsize|p1|6\n|teamsize|p2|6\n|gen|9\n|tier|[Gen 9] National Dex\n|rated|\n|rule|HP Percentage Mod: HP is shown in percentages\n|rule|Endless Battle Clause: Forcing endless battles is banned\n|rule|OHKO Clause: OHKO moves are banned\n|rule|Evasion Clause: Evasion abilities, items, and moves are banned\n|rule|Evasion Abilities Clause: Evasion abilities are banned\n|rule|Evasion Items Clause: Evasion items are banned\n|rule|Evasion Moves Clause: Evasion moves are banned\n|rule|Species Clause: Limit one of each Pok\u00e9mon\n|rule|Sleep Clause Mod: Limit one foe put to sleep\n|clearpoke\n|poke|p1|Chansey, F|\n|poke|p1|Audino, F|\n|poke|p1|Blissey, F|\n|poke|p1|Alomomola, F|\n|poke|p1|Clefable, F|\n|poke|p1|Hatterene, F|\n|poke|p2|Koffing, F|\n|poke|p2|Pyukumuku, M|\n|poke|p2|Corsola-Galar, M|\n|poke|p2|Glimmora, F|\n|poke|p2|Gliscor, M|\n|poke|p2|Blissey, F|\n|teampreview\n|c|\u2606K. Repola|greetings\n|c|\u2606sruai1|glhf\n|\n|t:|1700394038\n|start\n|switch|p1a: Hatterene|Hatterene, F, shiny|100\/100\n|switch|p2a: \u0160\u00f6k\u00f6|Koffing, F, shiny|100\/100\n|-ability|p2a: \u0160\u00f6k\u00f6|Neutralizing Gas\n|turn|1\n|\n|t:|1700394052\n|-terastallize|p2a: \u0160\u00f6k\u00f6|Flying\n|-terastallize|p1a: Hatterene|Poison\n|move|p2a: \u0160\u00f6k\u00f6|Toxic|p1a: Hatterene\n|-immune|p1a: Hatterene\n|move|p1a: Hatterene|Calm Mind|p1a: Hatterene\n|-boost|p1a: Hatterene|spa|1\n|-boost|p1a: Hatterene|spd|1\n|\n|upkeep\n|turn|2\n|\n|t:|1700394063\n|-end|p2a: \u0160\u00f6k\u00f6|ability: Neutralizing Gas\n|switch|p2a: Makki|Pyukumuku, M|100\/100\n|move|p1a: Hatterene|Calm Mind|p1a: Hatterene\n|-boost|p1a: Hatterene|spa|1\n|-boost|p1a: Hatterene|spd|1\n|\n|upkeep\n|turn|3\n|\n|t:|1700394077\n|move|p1a: Hatterene|Calm Mind|p1a: Hatterene\n|-boost|p1a: Hatterene|spa|1\n|-boost|p1a: Hatterene|spd|1\n|move|p2a: Makki|Mirror Coat||[still]\n|-fail|p2a: Makki\n|\n|upkeep\n|turn|4\n|\n|t:|1700394086\n|move|p1a: Hatterene|Calm Mind|p1a: Hatterene\n|-boost|p1a: Hatterene|spa|1\n|-boost|p1a: Hatterene|spd|1\n|move|p2a: Makki|Counter||[still]\n|-fail|p2a: Makki\n|\n|upkeep\n|turn|5\n|\n|t:|1700394093\n|move|p1a: Hatterene|Calm Mind|p1a: Hatterene\n|-boost|p1a: Hatterene|spa|1\n|-boost|p1a: Hatterene|spd|1\n|move|p2a: Makki|Mirror Coat||[still]\n|-fail|p2a: Makki\n|\n|upkeep\n|turn|6\n|\n|t:|1700394098\n|move|p1a: Hatterene|Calm Mind|p1a: Hatterene\n|-boost|p1a: Hatterene|spa|1\n|-boost|p1a: Hatterene|spd|1\n|move|p2a: Makki|Counter||[still]\n|-fail|p2a: Makki\n|\n|upkeep\n|turn|7\n|\n|t:|1700394104\n|move|p1a: Hatterene|Calm Mind|p1a: Hatterene\n|-boost|p1a: Hatterene|spa|0\n|-boost|p1a: Hatterene|spd|0\n|move|p2a: Makki|Mirror Coat||[still]\n|-fail|p2a: Makki\n|\n|upkeep\n|turn|8\n|\n|t:|1700394113\n|move|p1a: Hatterene|Mystical Fire|p2a: Makki\n|-resisted|p2a: Makki\n|-damage|p2a: Makki|89\/100\n|-unboost|p2a: Makki|spa|1\n|move|p2a: Makki|Mirror Coat|p1a: Hatterene\n|-damage|p1a: Hatterene|78\/100\n|\n|-heal|p2a: Makki|95\/100|[from] item: Leftovers\n|upkeep\n|turn|9\n|\n|t:|1700394132\n|move|p1a: Hatterene|Draining Kiss|p2a: Makki\n|-damage|p2a: Makki|70\/100\n|-heal|p1a: Hatterene|97\/100|[from] drain|[of] p2a: Makki\n|move|p2a: Makki|Mirror Coat|p1a: Hatterene\n|-damage|p1a: Hatterene|47\/100\n|\n|-heal|p2a: Makki|76\/100|[from] item: Leftovers\n|upkeep\n|turn|10\n|\n|t:|1700394149\n|move|p1a: Hatterene|Stored Power|p2a: Makki\n|-damage|p2a: Makki|0 fnt\n|faint|p2a: Makki\n|\n|upkeep\n|\n|t:|1700394154\n|switch|p2a: Slepe|Gliscor, M|100\/100\n|turn|11\n|inactive|Battle timer is ON: inactive players will automatically lose when time's up. (requested by sruai1)\n|\n|t:|1700394170\n|switch|p1a: Alomomola|Alomomola, F, shiny|100\/100\n|move|p2a: Slepe|Earthquake|p1a: Alomomola\n|-damage|p1a: Alomomola|82\/100\n|\n|-heal|p1a: Alomomola|89\/100|[from] item: Leftovers\n|-status|p2a: Slepe|tox|[from] item: Toxic Orb\n|upkeep\n|turn|12\n|\n|t:|1700394179\n|move|p2a: Slepe|Swords Dance|p2a: Slepe\n|-boost|p2a: Slepe|atk|2\n|move|p1a: Alomomola|Wish|p1a: Alomomola\n|\n|-heal|p1a: Alomomola|95\/100|[from] item: Leftovers\n|upkeep\n|turn|13\n|\n|t:|1700394186\n|move|p2a: Slepe|Earthquake|p1a: Alomomola\n|-damage|p1a: Alomomola|57\/100\n|move|p1a: Alomomola|Flip Turn|p2a: Slepe\n|-supereffective|p2a: Slepe\n|-damage|p2a: Slepe|82\/100 tox\n|\n|t:|1700394191\n|switch|p1a: Clefable|Clefable, F, shiny|100\/100|[from] Flip Turn\n|\n|-heal|p2a: Slepe|94\/100 tox|[from] ability: Poison Heal\n|upkeep\n|turn|14\n|\n|t:|1700394199\n|switch|p2a: \u0160\u00f6k\u00f6|Koffing, F, shiny, tera:Flying|100\/100\n|-ability|p2a: \u0160\u00f6k\u00f6|Neutralizing Gas\n|move|p1a: Clefable|Cosmic Power|p1a: Clefable\n|-boost|p1a: Clefable|def|1\n|-boost|p1a: Clefable|spd|1\n|\n|upkeep\n|turn|15\n|\n|t:|1700394205\n|move|p1a: Clefable|Magic Coat|p1a: Clefable\n|-singleturn|p1a: Clefable|move: Magic Coat\n|move|p2a: \u0160\u00f6k\u00f6|Toxic|p1a: Clefable\n|move|p1a: Clefable|Toxic|p2a: \u0160\u00f6k\u00f6|[from]Magic Coat\n|-status|p2a: \u0160\u00f6k\u00f6|tox\n|\n|-damage|p2a: \u0160\u00f6k\u00f6|95\/100 tox|[from] psn\n|upkeep\n|turn|16\n|\n|t:|1700394214\n|-end|p2a: \u0160\u00f6k\u00f6|ability: Neutralizing Gas\n|switch|p2a: Emmi|Blissey, F|100\/100\n|move|p1a: Clefable|Magic Coat|p1a: Clefable\n|-singleturn|p1a: Clefable|move: Magic Coat\n|\n|upkeep\n|turn|17\n|\n|t:|1700394231\n|switch|p1a: Blissey|Blissey, F, shiny|100\/100\n|move|p2a: Emmi|Aromatherapy|p2a: Emmi\n|-activate|p2a: Emmi|move: Aromatherapy\n|-curestatus|p2: Slepe|tox|[msg]\n|-curestatus|p2: \u0160\u00f6k\u00f6|tox|[msg]\n|\n|upkeep\n|turn|18\n|\n|t:|1700394245\n|move|p1a: Blissey|Stealth Rock|p2a: Emmi\n|-sidestart|p2: K. Repola|move: Stealth Rock\n|move|p2a: Emmi|Seismic Toss|p1a: Blissey\n|-damage|p1a: Blissey|86\/100\n|\n|upkeep\n|turn|19\n|\n|t:|1700394250\n|move|p2a: Emmi|Seismic Toss|p1a: Blissey\n|-damage|p1a: Blissey|72\/100\n|move|p1a: Blissey|Tri Attack|p2a: Emmi\n|-damage|p2a: Emmi|92\/100\n|-status|p2a: Emmi|par\n|\n|-heal|p2a: Emmi|99\/100 par|[from] item: Leftovers\n|upkeep\n|turn|20\n|\n|t:|1700394258\n|move|p1a: Blissey|Seismic Toss|p2a: Emmi\n|-damage|p2a: Emmi|85\/100 par\n|move|p2a: Emmi|Teleport|p2a: Emmi\n|\n|t:|1700394263\n|-curestatus|p2a: Emmi|par|[from] ability: Natural Cure\n|switch|p2a: Slepe|Gliscor, M|94\/100|[from] Teleport\n|-damage|p2a: Slepe|82\/100|[from] Stealth Rock\n|\n|-status|p2a: Slepe|tox|[from] item: Toxic Orb\n|upkeep\n|turn|21\n|\n|t:|1700394272\n|switch|p1a: Alomomola|Alomomola, F, shiny|90\/100\n|move|p2a: Slepe|Earthquake|p1a: Alomomola\n|-damage|p1a: Alomomola|72\/100\n|\n|-heal|p1a: Alomomola|78\/100|[from] item: Leftovers\n|-heal|p2a: Slepe|94\/100 tox|[from] ability: Poison Heal\n|upkeep\n|turn|22\n|\n|t:|1700394281\n|move|p2a: Slepe|Swords Dance|p2a: Slepe\n|-boost|p2a: Slepe|atk|2\n|move|p1a: Alomomola|Scald|p2a: Slepe\n|-supereffective|p2a: Slepe\n|-damage|p2a: Slepe|64\/100 tox\n|\n|-heal|p1a: Alomomola|85\/100|[from] item: Leftovers\n|-heal|p2a: Slepe|76\/100 tox|[from] ability: Poison Heal\n|upkeep\n|turn|23\n|\n|t:|1700394290\n|move|p2a: Slepe|Earthquake|p1a: Alomomola\n|-damage|p1a: Alomomola|51\/100\n|move|p1a: Alomomola|Flip Turn|p2a: Slepe\n|-supereffective|p2a: Slepe\n|-damage|p2a: Slepe|57\/100 tox\n|\n|t:|1700394293\n|switch|p1a: Clefable|Clefable, F, shiny|100\/100|[from] Flip Turn\n|\n|-heal|p2a: Slepe|69\/100 tox|[from] ability: Poison Heal\n|upkeep\n|turn|24\n|\n|t:|1700394300\n|move|p2a: Slepe|Defog|p1a: Clefable\n|-unboost|p1a: Clefable|evasion|1\n|-sideend|p2: K. Repola|Stealth Rock|[from] move: Defog|[of] p2a: Slepe\n|move|p1a: Clefable|Cosmic Power|p1a: Clefable\n|-boost|p1a: Clefable|def|1\n|-boost|p1a: Clefable|spd|1\n|\n|-heal|p2a: Slepe|82\/100 tox|[from] ability: Poison Heal\n|upkeep\n|turn|25\n|\n|t:|1700394310\n|switch|p2a: Kimalle|Glimmora, F|100\/100\n|move|p1a: Clefable|Cosmic Power|p1a: Clefable\n|-boost|p1a: Clefable|def|1\n|-boost|p1a: Clefable|spd|1\n|\n|upkeep\n|turn|26\n|\n|t:|1700394330\n|move|p2a: Kimalle|Sludge Wave|p1a: Clefable\n|-supereffective|p1a: Clefable\n|-damage|p1a: Clefable|45\/100\n|move|p1a: Clefable|Stored Power|p2a: Kimalle\n|-supereffective|p2a: Kimalle\n|-damage|p2a: Kimalle|15\/100\n|\n|-heal|p1a: Clefable|51\/100|[from] item: Leftovers\n|upkeep\n|turn|27\n|\n|t:|1700394344\n|switch|p1a: Blissey|Blissey, F, shiny|72\/100\n|move|p2a: Kimalle|Sludge Wave|p1a: Blissey\n|-damage|p1a: Blissey|51\/100\n|\n|upkeep\n|turn|28\n|\n|t:|1700394351\n|switch|p2a: Korkki|Corsola-Galar, M|100\/100\n|move|p1a: Blissey|Tri Attack|p2a: Korkki\n|-immune|p2a: Korkki\n|\n|upkeep\n|turn|29\n|\n|t:|1700394357\n|move|p1a: Blissey|Wish|p1a: Blissey\n|move|p2a: Korkki|Calm Mind|p2a: Korkki\n|-boost|p2a: Korkki|spa|1\n|-boost|p2a: Korkki|spd|1\n|\n|upkeep\n|turn|30\n|\n|t:|1700394361\n|move|p1a: Blissey|Stealth Rock|p2a: Korkki\n|-sidestart|p2: K. Repola|move: Stealth Rock\n|move|p2a: Korkki|Calm Mind|p2a: Korkki\n|-boost|p2a: Korkki|spa|1\n|-boost|p2a: Korkki|spd|1\n|\n|-heal|p1a: Blissey|100\/100|[from] move: Wish|[wisher] Blissey\n|upkeep\n|turn|31\n|\n|t:|1700394368\n|switch|p1a: Clefable|Clefable, F, shiny|51\/100\n|move|p2a: Korkki|Calm Mind|p2a: Korkki\n|-boost|p2a: Korkki|spa|1\n|-boost|p2a: Korkki|spd|1\n|\n|-heal|p1a: Clefable|57\/100|[from] item: Leftovers\n|upkeep\n|turn|32\n|\n|t:|1700394381\n|switch|p2a: \u0160\u00f6k\u00f6|Koffing, F, shiny, tera:Flying|95\/100\n|-ability|p2a: \u0160\u00f6k\u00f6|Neutralizing Gas\n|-damage|p2a: \u0160\u00f6k\u00f6|70\/100|[from] Stealth Rock\n|move|p1a: Clefable|Draining Kiss|p2a: \u0160\u00f6k\u00f6\n|-damage|p2a: \u0160\u00f6k\u00f6|43\/100\n|-heal|p1a: Clefable|72\/100|[from] drain|[of] p2a: \u0160\u00f6k\u00f6\n|\n|-heal|p1a: Clefable|78\/100|[from] item: Leftovers\n|upkeep\n|turn|33\n|inactive|sruai1 has 120 seconds left.\n|\n|t:|1700394411\n|switch|p1a: Chansey|Chansey, F, shiny|100\/100\n|move|p2a: \u0160\u00f6k\u00f6|Will-O-Wisp|p1a: Chansey\n|-status|p1a: Chansey|brn\n|\n|-damage|p1a: Chansey|94\/100 brn|[from] brn\n|upkeep\n|turn|34\n|\n|t:|1700394420\n|move|p1a: Chansey|Seismic Toss|p2a: \u0160\u00f6k\u00f6\n|-damage|p2a: \u0160\u00f6k\u00f6|8\/100\n|move|p2a: \u0160\u00f6k\u00f6|Pain Split|p1a: Chansey\n|-sethp|p1a: Chansey|49\/100 brn|[from] move: Pain Split|[silent]\n|-sethp|p2a: \u0160\u00f6k\u00f6|100\/100|[from] move: Pain Split\n|\n|-damage|p1a: Chansey|43\/100 brn|[from] brn\n|upkeep\n|turn|35\n|\n|t:|1700394432\n|move|p1a: Chansey|Toxic|p2a: \u0160\u00f6k\u00f6\n|-status|p2a: \u0160\u00f6k\u00f6|tox\n|move|p2a: \u0160\u00f6k\u00f6|Toxic||[still]\n|-fail|p2a: \u0160\u00f6k\u00f6\n|\n|-damage|p2a: \u0160\u00f6k\u00f6|95\/100 tox|[from] psn\n|-damage|p1a: Chansey|37\/100 brn|[from] brn\n|upkeep\n|turn|36\n|\n|t:|1700394444\n|-end|p2a: \u0160\u00f6k\u00f6|ability: Neutralizing Gas\n|switch|p2a: Slepe|Gliscor, M|82\/100 tox\n|-damage|p2a: Slepe|69\/100 tox|[from] Stealth Rock\n|move|p1a: Chansey|Soft-Boiled|p1a: Chansey\n|-heal|p1a: Chansey|87\/100 brn\n|\n|-heal|p2a: Slepe|82\/100 tox|[from] ability: Poison Heal\n|-damage|p1a: Chansey|81\/100 brn|[from] brn\n|upkeep\n|turn|37\n|\n|t:|1700394453\n|-curestatus|p1a: Chansey|brn|[from] ability: Natural Cure\n|switch|p1a: Alomomola|Alomomola, F, shiny|84\/100\n|move|p2a: Slepe|Defog|p1a: Alomomola\n|-unboost|p1a: Alomomola|evasion|1\n|-sideend|p2: K. Repola|Stealth Rock|[from] move: Defog|[of] p2a: Slepe\n|\n|-heal|p1a: Alomomola|90\/100|[from] item: Leftovers\n|-heal|p2a: Slepe|94\/100 tox|[from] ability: Poison Heal\n|upkeep\n|turn|38\n|\n|t:|1700394466\n|switch|p2a: Emmi|Blissey, F|85\/100\n|move|p1a: Alomomola|Scald|p2a: Emmi\n|-damage|p2a: Emmi|79\/100\n|\n|-heal|p1a: Alomomola|96\/100|[from] item: Leftovers\n|-heal|p2a: Emmi|86\/100|[from] item: Leftovers\n|upkeep\n|turn|39\n|\n|t:|1700394474\n|move|p1a: Alomomola|Flip Turn|p2a: Emmi\n|-damage|p2a: Emmi|74\/100\n|\n|t:|1700394483\n|switch|p1a: Blissey|Blissey, F, shiny|100\/100|[from] Flip Turn\n|move|p2a: Emmi|Aromatherapy|p2a: Emmi\n|-activate|p2a: Emmi|move: Aromatherapy\n|-curestatus|p2: Slepe|tox|[msg]\n|-curestatus|p2: \u0160\u00f6k\u00f6|tox|[msg]\n|\n|-heal|p2a: Emmi|80\/100|[from] item: Leftovers\n|upkeep\n|turn|40\n|\n|t:|1700394502\n|move|p1a: Blissey|Tri Attack|p2a: Emmi\n|-damage|p2a: Emmi|72\/100\n|move|p2a: Emmi|Teleport|p2a: Emmi\n|\n|t:|1700394515\n|switch|p2a: \u0160\u00f6k\u00f6|Koffing, F, shiny, tera:Flying|95\/100|[from] Teleport\n|-ability|p2a: \u0160\u00f6k\u00f6|Neutralizing Gas\n|\n|upkeep\n|turn|41\n|\n|t:|1700394530\n|switch|p1a: Chansey|Chansey, F, shiny|81\/100\n|move|p2a: \u0160\u00f6k\u00f6|Will-O-Wisp|p1a: Chansey\n|-status|p1a: Chansey|brn\n|\n|-damage|p1a: Chansey|74\/100 brn|[from] brn\n|upkeep\n|turn|42\n|\n|t:|1700394539\n|-end|p2a: \u0160\u00f6k\u00f6|ability: Neutralizing Gas\n|switch|p2a: Slepe|Gliscor, M|94\/100\n|move|p1a: Chansey|Toxic|p2a: Slepe\n|-status|p2a: Slepe|tox\n|\n|-heal|p2a: Slepe|100\/100 tox|[from] ability: Poison Heal\n|-damage|p1a: Chansey|68\/100 brn|[from] brn\n|upkeep\n|turn|43\n|\n|t:|1700394550\n|-curestatus|p1a: Chansey|brn|[from] ability: Natural Cure\n|switch|p1a: Alomomola|Alomomola, F, shiny|100\/100\n|move|p2a: Slepe|Swords Dance|p2a: Slepe\n|-boost|p2a: Slepe|atk|2\n|\n|upkeep\n|turn|44\n|\n|t:|1700394557\n|move|p2a: Slepe|Earthquake|p1a: Alomomola\n|-damage|p1a: Alomomola|64\/100\n|move|p1a: Alomomola|Flip Turn|p2a: Slepe\n|-supereffective|p2a: Slepe\n|-damage|p2a: Slepe|81\/100 tox\n|\n|t:|1700394561\n|switch|p1a: Clefable|Clefable, F, shiny|78\/100|[from] Flip Turn\n|\n|-heal|p1a: Clefable|84\/100|[from] item: Leftovers\n|-heal|p2a: Slepe|94\/100 tox|[from] ability: Poison Heal\n|upkeep\n|turn|45\n|\n|t:|1700394568\n|move|p2a: Slepe|Earthquake|p1a: Clefable\n|-damage|p1a: Clefable|46\/100\n|move|p1a: Clefable|Cosmic Power|p1a: Clefable\n|-boost|p1a: Clefable|def|1\n|-boost|p1a: Clefable|spd|1\n|\n|-heal|p1a: Clefable|52\/100|[from] item: Leftovers\n|-heal|p2a: Slepe|100\/100 tox|[from] ability: Poison Heal\n|upkeep\n|turn|46\n|\n|t:|1700394577\n|move|p2a: Slepe|Earthquake|p1a: Clefable\n|-damage|p1a: Clefable|25\/100\n|move|p1a: Clefable|Draining Kiss|p2a: Slepe\n|-damage|p2a: Slepe|74\/100 tox\n|-heal|p1a: Clefable|43\/100|[from] drain|[of] p2a: Slepe\n|\n|-heal|p1a: Clefable|49\/100|[from] item: Leftovers\n|-heal|p2a: Slepe|86\/100 tox|[from] ability: Poison Heal\n|upkeep\n|turn|47\n|\n|t:|1700394601\n|move|p2a: Slepe|Earthquake|p1a: Clefable\n|-damage|p1a: Clefable|22\/100\n|move|p1a: Clefable|Cosmic Power|p1a: Clefable\n|-boost|p1a: Clefable|def|1\n|-boost|p1a: Clefable|spd|1\n|\n|-heal|p1a: Clefable|28\/100|[from] item: Leftovers\n|-heal|p2a: Slepe|99\/100 tox|[from] ability: Poison Heal\n|upkeep\n|turn|48\n|\n|t:|1700394609\n|move|p2a: Slepe|Earthquake|p1a: Clefable\n|-damage|p1a: Clefable|7\/100\n|move|p1a: Clefable|Draining Kiss|p2a: Slepe\n|-damage|p2a: Slepe|72\/100 tox\n|-heal|p1a: Clefable|26\/100|[from] drain|[of] p2a: Slepe\n|\n|-heal|p1a: Clefable|32\/100|[from] item: Leftovers\n|-heal|p2a: Slepe|84\/100 tox|[from] ability: Poison Heal\n|upkeep\n|turn|49\n|\n|t:|1700394618\n|move|p2a: Slepe|Earthquake|p1a: Clefable\n|-damage|p1a: Clefable|12\/100\n|move|p1a: Clefable|Draining Kiss|p2a: Slepe\n|-damage|p2a: Slepe|58\/100 tox\n|-heal|p1a: Clefable|30\/100|[from] drain|[of] p2a: Slepe\n|\n|-heal|p1a: Clefable|36\/100|[from] item: Leftovers\n|-heal|p2a: Slepe|70\/100 tox|[from] ability: Poison Heal\n|upkeep\n|turn|50\n|\n|t:|1700394635\n|move|p2a: Slepe|Earthquake|p1a: Clefable\n|-damage|p1a: Clefable|18\/100\n|move|p1a: Clefable|Draining Kiss|p2a: Slepe\n|-damage|p2a: Slepe|44\/100 tox\n|-heal|p1a: Clefable|36\/100|[from] drain|[of] p2a: Slepe\n|\n|-heal|p1a: Clefable|42\/100|[from] item: Leftovers\n|-heal|p2a: Slepe|56\/100 tox|[from] ability: Poison Heal\n|upkeep\n|turn|51\n|\n|t:|1700394644\n|switch|p2a: Emmi|Blissey, F|72\/100\n|move|p1a: Clefable|Draining Kiss|p2a: Emmi\n|-damage|p2a: Emmi|63\/100\n|-heal|p1a: Clefable|54\/100|[from] drain|[of] p2a: Emmi\n|\n|-heal|p1a: Clefable|60\/100|[from] item: Leftovers\n|-heal|p2a: Emmi|69\/100|[from] item: Leftovers\n|upkeep\n|turn|52\n|\n|t:|1700394654\n|move|p1a: Clefable|Draining Kiss|p2a: Emmi\n|-damage|p2a: Emmi|60\/100\n|-heal|p1a: Clefable|71\/100|[from] drain|[of] p2a: Emmi\n|move|p2a: Emmi|Seismic Toss|p1a: Clefable\n|-damage|p1a: Clefable|46\/100\n|\n|-heal|p1a: Clefable|52\/100|[from] item: Leftovers\n|-heal|p2a: Emmi|66\/100|[from] item: Leftovers\n|upkeep\n|turn|53\n|\n|t:|1700394663\n|switch|p1a: Audino|Audino, F, shiny|100\/100\n|move|p2a: Emmi|Seismic Toss|p1a: Audino\n|-damage|p1a: Audino|76\/100\n|\n|-heal|p2a: Emmi|73\/100|[from] item: Leftovers\n|upkeep\n|turn|54\n|\n|t:|1700394670\n|move|p1a: Audino|Wish|p1a: Audino\n|move|p2a: Emmi|Teleport|p2a: Emmi\n|\n|t:|1700394686\n|switch|p2a: Slepe|Gliscor, M|56\/100 tox|[from] Teleport\n|\n|-heal|p2a: Slepe|69\/100 tox|[from] ability: Poison Heal\n|upkeep\n|turn|55\n|\n|t:|1700394700\n|switch|p1a: Clefable|Clefable, F, shiny|52\/100\n|move|p2a: Slepe|Earthquake|p1a: Clefable\n|-damage|p1a: Clefable|13\/100\n|\n|-heal|p1a: Clefable|65\/100|[from] move: Wish|[wisher] Audino\n|-heal|p1a: Clefable|71\/100|[from] item: Leftovers\n|-heal|p2a: Slepe|81\/100 tox|[from] ability: Poison Heal\n|upkeep\n|turn|56\n|\n|t:|1700394715\n|switch|p2a: \u0160\u00f6k\u00f6|Koffing, F, shiny, tera:Flying|95\/100\n|-ability|p2a: \u0160\u00f6k\u00f6|Neutralizing Gas\n|switch|p1a: Alomomola|Alomomola, F, shiny|97\/100\n|\n|-heal|p1a: Alomomola|100\/100|[from] item: Leftovers\n|upkeep\n|turn|57\n|\n|t:|1700394723\n|move|p1a: Alomomola|Flip Turn|p2a: \u0160\u00f6k\u00f6\n|-damage|p2a: \u0160\u00f6k\u00f6|83\/100\n|\n|t:|1700394728\n|switch|p1a: Hatterene|Hatterene, F, shiny, tera:Poison|47\/100|[from] Flip Turn\n|move|p2a: \u0160\u00f6k\u00f6|Toxic|p1a: Hatterene\n|-immune|p1a: Hatterene\n|\n|upkeep\n|turn|58\n|\n|t:|1700394736\n|move|p2a: \u0160\u00f6k\u00f6|Will-O-Wisp|p1a: Hatterene\n|-status|p1a: Hatterene|brn\n|move|p1a: Hatterene|Draining Kiss|p2a: \u0160\u00f6k\u00f6\n|-damage|p2a: \u0160\u00f6k\u00f6|52\/100\n|-heal|p1a: Hatterene|68\/100 brn|[from] drain|[of] p2a: \u0160\u00f6k\u00f6\n|\n|-damage|p1a: Hatterene|62\/100 brn|[from] brn\n|upkeep\n|turn|59\n|\n|t:|1700394748\n|move|p2a: \u0160\u00f6k\u00f6|Pain Split|p1a: Hatterene\n|-sethp|p1a: Hatterene|54\/100 brn|[from] move: Pain Split|[silent]\n|-sethp|p2a: \u0160\u00f6k\u00f6|61\/100|[from] move: Pain Split\n|move|p1a: Hatterene|Calm Mind|p1a: Hatterene\n|-boost|p1a: Hatterene|spa|1\n|-boost|p1a: Hatterene|spd|1\n|\n|-damage|p1a: Hatterene|48\/100 brn|[from] brn\n|upkeep\n|turn|60\n|\n|t:|1700394757\n|-end|p2a: \u0160\u00f6k\u00f6|ability: Neutralizing Gas\n|switch|p2a: Emmi|Blissey, F|73\/100\n|move|p1a: Hatterene|Draining Kiss|p2a: Emmi\n|-damage|p2a: Emmi|57\/100\n|-heal|p1a: Hatterene|75\/100 brn|[from] drain|[of] p2a: Emmi\n|\n|-heal|p2a: Emmi|63\/100|[from] item: Leftovers\n|-damage|p1a: Hatterene|69\/100 brn|[from] brn\n|upkeep\n|turn|61\n|\n|t:|1700394766\n|move|p2a: Emmi|Seismic Toss|p1a: Hatterene\n|-damage|p1a: Hatterene|38\/100 brn\n|move|p1a: Hatterene|Calm Mind|p1a: Hatterene\n|-boost|p1a: Hatterene|spa|1\n|-boost|p1a: Hatterene|spd|1\n|\n|-heal|p2a: Emmi|69\/100|[from] item: Leftovers\n|-damage|p1a: Hatterene|32\/100 brn|[from] brn\n|upkeep\n|turn|62\n|\n|t:|1700394774\n|move|p2a: Emmi|Seismic Toss|p1a: Hatterene\n|-damage|p1a: Hatterene|0 fnt\n|faint|p1a: Hatterene\n|\n|-heal|p2a: Emmi|75\/100|[from] item: Leftovers\n|upkeep\n|\n|t:|1700394788\n|switch|p1a: Chansey|Chansey, F, shiny|68\/100\n|turn|63\n|\n|t:|1700394793\n|move|p1a: Chansey|Soft-Boiled|p1a: Chansey\n|-heal|p1a: Chansey|100\/100\n|move|p2a: Emmi|Teleport|p2a: Emmi\n|\n|t:|1700394796\n|switch|p2a: Slepe|Gliscor, M|81\/100 tox|[from] Teleport\n|\n|-heal|p2a: Slepe|94\/100 tox|[from] ability: Poison Heal\n|upkeep\n|turn|64\n|\n|t:|1700394803\n|switch|p1a: Alomomola|Alomomola, F, shiny|100\/100\n|move|p2a: Slepe|Swords Dance|p2a: Slepe\n|-boost|p2a: Slepe|atk|2\n|\n|-heal|p2a: Slepe|100\/100 tox|[from] ability: Poison Heal\n|upkeep\n|turn|65\n|\n|t:|1700394811\n|move|p2a: Slepe|Earthquake|p1a: Alomomola\n|-damage|p1a: Alomomola|64\/100\n|move|p1a: Alomomola|Wish|p1a: Alomomola\n|\n|-heal|p1a: Alomomola|70\/100|[from] item: Leftovers\n|upkeep\n|turn|66\n|\n|t:|1700394816\n|switch|p1a: Clefable|Clefable, F, shiny|71\/100\n|move|p2a: Slepe|Earthquake|p1a: Clefable\n|-damage|p1a: Clefable|30\/100\n|\n|-heal|p1a: Clefable|98\/100|[from] move: Wish|[wisher] Alomomola\n|-heal|p1a: Clefable|100\/100|[from] item: Leftovers\n|upkeep\n|turn|67\n|\n|t:|1700394832\n|switch|p2a: \u0160\u00f6k\u00f6|Koffing, F, shiny, tera:Flying|61\/100\n|-ability|p2a: \u0160\u00f6k\u00f6|Neutralizing Gas\n|move|p1a: Clefable|Cosmic Power|p1a: Clefable\n|-boost|p1a: Clefable|def|1\n|-boost|p1a: Clefable|spd|1\n|\n|upkeep\n|turn|68\n|\n|t:|1700394861\n|switch|p1a: Blissey|Blissey, F, shiny|100\/100\n|move|p2a: \u0160\u00f6k\u00f6|Will-O-Wisp|p1a: Blissey\n|-status|p1a: Blissey|brn\n|\n|-damage|p1a: Blissey|94\/100 brn|[from] brn\n|upkeep\n|turn|69\n|\n|t:|1700394870\n|move|p1a: Blissey|Tri Attack|p2a: \u0160\u00f6k\u00f6\n|-damage|p2a: \u0160\u00f6k\u00f6|36\/100\n|move|p2a: \u0160\u00f6k\u00f6|Pain Split|p1a: Blissey\n|-sethp|p1a: Blissey|54\/100 brn|[from] move: Pain Split|[silent]\n|-sethp|p2a: \u0160\u00f6k\u00f6|100\/100|[from] move: Pain Split\n|\n|-damage|p1a: Blissey|48\/100 brn|[from] brn\n|upkeep\n|turn|70\n|\n|t:|1700394882\n|move|p1a: Blissey|Tri Attack|p2a: \u0160\u00f6k\u00f6\n|-damage|p2a: \u0160\u00f6k\u00f6|77\/100\n|move|p2a: \u0160\u00f6k\u00f6|Toxic||[still]\n|-fail|p2a: \u0160\u00f6k\u00f6\n|\n|-damage|p1a: Blissey|42\/100 brn|[from] brn\n|upkeep\n|turn|71\n|\n|t:|1700394891\n|move|p1a: Blissey|Tri Attack|p2a: \u0160\u00f6k\u00f6\n|-damage|p2a: \u0160\u00f6k\u00f6|52\/100\n|move|p2a: \u0160\u00f6k\u00f6|Pain Split|p1a: Blissey\n|-sethp|p1a: Blissey|31\/100 brn|[from] move: Pain Split|[silent]\n|-sethp|p2a: \u0160\u00f6k\u00f6|78\/100|[from] move: Pain Split\n|\n|-damage|p1a: Blissey|25\/100 brn|[from] brn\n|upkeep\n|-enditem|p1a: Blissey|Aguav Berry|[eat]\n|-heal|p1a: Blissey|59\/100 brn|[from] item: Aguav Berry\n|turn|72\n|\n|t:|1700394905\n|move|p1a: Blissey|Tri Attack|p2a: \u0160\u00f6k\u00f6\n|-damage|p2a: \u0160\u00f6k\u00f6|53\/100\n|move|p2a: \u0160\u00f6k\u00f6|Pain Split|p1a: Blissey\n|-sethp|p1a: Blissey|40\/100 brn|[from] move: Pain Split|[silent]\n|-sethp|p2a: \u0160\u00f6k\u00f6|99\/100|[from] move: Pain Split\n|\n|-damage|p1a: Blissey|34\/100 brn|[from] brn\n|upkeep\n|turn|73\n|\n|t:|1700394913\n|move|p1a: Blissey|Wish|p1a: Blissey\n|move|p2a: \u0160\u00f6k\u00f6|Toxic||[still]\n|-fail|p2a: \u0160\u00f6k\u00f6\n|\n|-damage|p1a: Blissey|28\/100 brn|[from] brn\n|upkeep\n|turn|74\n|\n|t:|1700394920\n|move|p1a: Blissey|Tri Attack|p2a: \u0160\u00f6k\u00f6\n|-damage|p2a: \u0160\u00f6k\u00f6|74\/100\n|move|p2a: \u0160\u00f6k\u00f6|Toxic||[still]\n|-fail|p2a: \u0160\u00f6k\u00f6\n|\n|-heal|p1a: Blissey|78\/100 brn|[from] move: Wish|[wisher] Blissey\n|-damage|p1a: Blissey|71\/100 brn|[from] brn\n|upkeep\n|turn|75\n|\n|t:|1700394928\n|move|p1a: Blissey|Stealth Rock|p2a: \u0160\u00f6k\u00f6\n|-sidestart|p2: K. Repola|move: Stealth Rock\n|move|p2a: \u0160\u00f6k\u00f6|Toxic||[still]\n|-fail|p2a: \u0160\u00f6k\u00f6\n|\n|-damage|p1a: Blissey|65\/100 brn|[from] brn\n|upkeep\n|turn|76\n|\n|t:|1700394935\n|move|p1a: Blissey|Tri Attack|p2a: \u0160\u00f6k\u00f6\n|-damage|p2a: \u0160\u00f6k\u00f6|48\/100\n|move|p2a: \u0160\u00f6k\u00f6|Pain Split|p1a: Blissey\n|-sethp|p1a: Blissey|42\/100 brn|[from] move: Pain Split|[silent]\n|-sethp|p2a: \u0160\u00f6k\u00f6|100\/100|[from] move: Pain Split\n|\n|-damage|p1a: Blissey|36\/100 brn|[from] brn\n|upkeep\n|turn|77\n|\n|t:|1700394946\n|move|p1a: Blissey|Wish|p1a: Blissey\n|move|p2a: \u0160\u00f6k\u00f6|Will-O-Wisp|p1a: Blissey\n|-fail|p1a: Blissey|brn\n|\n|-damage|p1a: Blissey|30\/100 brn|[from] brn\n|upkeep\n|turn|78\n|\n|t:|1700394953\n|move|p1a: Blissey|Tri Attack|p2a: \u0160\u00f6k\u00f6\n|-damage|p2a: \u0160\u00f6k\u00f6|75\/100\n|-status|p2a: \u0160\u00f6k\u00f6|brn\n|move|p2a: \u0160\u00f6k\u00f6|Will-O-Wisp|p1a: Blissey\n|-fail|p1a: Blissey|brn\n|\n|-heal|p1a: Blissey|80\/100 brn|[from] move: Wish|[wisher] Blissey\n|-damage|p1a: Blissey|74\/100 brn|[from] brn\n|-damage|p2a: \u0160\u00f6k\u00f6|69\/100 brn|[from] brn\n|upkeep\n|turn|79\n|inactive|sruai1 has 120 seconds left.\n|\n|t:|1700394987\n|switch|p1a: Chansey|Chansey, F, shiny|100\/100\n|move|p2a: \u0160\u00f6k\u00f6|Pain Split|p1a: Chansey\n|-sethp|p1a: Chansey|64\/100|[from] move: Pain Split|[silent]\n|-sethp|p2a: \u0160\u00f6k\u00f6|100\/100 brn|[from] move: Pain Split\n|\n|-damage|p2a: \u0160\u00f6k\u00f6|95\/100 brn|[from] brn\n|upkeep\n|turn|80\n|inactive|sruai1 has 120 seconds left.\n|\n|t:|1700394997\n|switch|p1a: Blissey|Blissey, F, shiny|74\/100 brn\n|move|p2a: \u0160\u00f6k\u00f6|Toxic|p1a: Blissey|[miss]\n|-miss|p2a: \u0160\u00f6k\u00f6|p1a: Blissey\n|\n|-damage|p1a: Blissey|68\/100 brn|[from] brn\n|-damage|p2a: \u0160\u00f6k\u00f6|89\/100 brn|[from] brn\n|upkeep\n|turn|81\n|\n|t:|1700395009\n|-end|p2a: \u0160\u00f6k\u00f6|ability: Neutralizing Gas\n|switch|p2a: Korkki|Corsola-Galar, M|100\/100\n|-damage|p2a: Korkki|88\/100|[from] Stealth Rock\n|move|p1a: Blissey|Wish|p1a: Blissey\n|\n|-damage|p1a: Blissey|61\/100 brn|[from] brn\n|upkeep\n|turn|82\n|\n|t:|1700395019\n|switch|p1a: Clefable|Clefable, F, shiny|100\/100\n|move|p2a: Korkki|Calm Mind|p2a: Korkki\n|-boost|p2a: Korkki|spa|1\n|-boost|p2a: Korkki|spd|1\n|\n|upkeep\n|turn|83\n|\n|t:|1700395026\n|move|p1a: Clefable|Cosmic Power|p1a: Clefable\n|-boost|p1a: Clefable|def|1\n|-boost|p1a: Clefable|spd|1\n|move|p2a: Korkki|Strength Sap|p1a: Clefable\n|-unboost|p1a: Clefable|atk|1\n|-heal|p2a: Korkki|100\/100\n|\n|upkeep\n|turn|84\n|\n|t:|1700395036\n|switch|p2a: \u0160\u00f6k\u00f6|Koffing, F, shiny, tera:Flying|89\/100 brn\n|-ability|p2a: \u0160\u00f6k\u00f6|Neutralizing Gas\n|-damage|p2a: \u0160\u00f6k\u00f6|64\/100 brn|[from] Stealth Rock\n|move|p1a: Clefable|Cosmic Power|p1a: Clefable\n|-boost|p1a: Clefable|def|1\n|-boost|p1a: Clefable|spd|1\n|\n|-damage|p2a: \u0160\u00f6k\u00f6|58\/100 brn|[from] brn\n|upkeep\n|turn|85\n|\n|t:|1700395045\n|move|p1a: Clefable|Stored Power|p2a: \u0160\u00f6k\u00f6\n|-damage|p2a: \u0160\u00f6k\u00f6|25\/100 brn\n|move|p2a: \u0160\u00f6k\u00f6|Toxic|p1a: Clefable\n|-status|p1a: Clefable|tox\n|\n|-damage|p1a: Clefable|94\/100 tox|[from] psn\n|-damage|p2a: \u0160\u00f6k\u00f6|19\/100 brn|[from] brn\n|upkeep\n|turn|86\n|\n|t:|1700395054\n|-end|p2a: \u0160\u00f6k\u00f6|ability: Neutralizing Gas\n|switch|p2a: Emmi|Blissey, F|75\/100\n|-damage|p2a: Emmi|63\/100|[from] Stealth Rock\n|move|p1a: Clefable|Stored Power|p2a: Emmi\n|-damage|p2a: Emmi|51\/100\n|\n|-heal|p1a: Clefable|100\/100 tox|[from] item: Leftovers\n|-heal|p2a: Emmi|57\/100|[from] item: Leftovers\n|-damage|p1a: Clefable|88\/100 tox|[from] psn\n|upkeep\n|turn|87\n|\n|t:|1700395079\n|switch|p1a: Alomomola|Alomomola, F, shiny|100\/100\n|move|p2a: Emmi|Seismic Toss|p1a: Alomomola\n|-damage|p1a: Alomomola|82\/100\n|\n|-heal|p1a: Alomomola|88\/100|[from] item: Leftovers\n|-heal|p2a: Emmi|63\/100|[from] item: Leftovers\n|upkeep\n|turn|88\n|\n|t:|1700395099\n|move|p1a: Alomomola|Scald|p2a: Emmi\n|-damage|p2a: Emmi|58\/100\n|move|p2a: Emmi|Teleport|p2a: Emmi\n|\n|t:|1700395103\n|switch|p2a: Slepe|Gliscor, M|100\/100 tox|[from] Teleport\n|-damage|p2a: Slepe|88\/100 tox|[from] Stealth Rock\n|\n|-heal|p1a: Alomomola|94\/100|[from] item: Leftovers\n|-heal|p2a: Slepe|100\/100 tox|[from] ability: Poison Heal\n|upkeep\n|turn|89\n|\n|t:|1700395116\n|move|p2a: Slepe|Defog|p1a: Alomomola\n|-unboost|p1a: Alomomola|evasion|1\n|-sideend|p2: K. Repola|Stealth Rock|[from] move: Defog|[of] p2a: Slepe\n|move|p1a: Alomomola|Wish|p1a: Alomomola\n|\n|-heal|p1a: Alomomola|99\/100|[from] item: Leftovers\n|upkeep\n|turn|90\n|\n|t:|1700395124\n|move|p2a: Slepe|Swords Dance|p2a: Slepe\n|-boost|p2a: Slepe|atk|2\n|move|p1a: Alomomola|Flip Turn|p2a: Slepe\n|-supereffective|p2a: Slepe\n|-damage|p2a: Slepe|83\/100 tox\n|\n|t:|1700395128\n|switch|p1a: Clefable|Clefable, F, shiny|88\/100 tox|[from] Flip Turn\n|\n|-heal|p1a: Clefable|100\/100 tox|[from] move: Wish|[wisher] Alomomola\n|-heal|p2a: Slepe|95\/100 tox|[from] ability: Poison Heal\n|-damage|p1a: Clefable|94\/100 tox|[from] psn\n|upkeep\n|turn|91\n|\n|t:|1700395144\n|switch|p2a: Emmi|Blissey, F|58\/100\n|move|p1a: Clefable|Cosmic Power|p1a: Clefable\n|-boost|p1a: Clefable|def|1\n|-boost|p1a: Clefable|spd|1\n|\n|-heal|p1a: Clefable|100\/100 tox|[from] item: Leftovers\n|-heal|p2a: Emmi|64\/100|[from] item: Leftovers\n|-damage|p1a: Clefable|88\/100 tox|[from] psn\n|upkeep\n|turn|92\n|\n|t:|1700395153\n|switch|p1a: Blissey|Blissey, F, shiny|61\/100 brn\n|move|p2a: Emmi|Seismic Toss|p1a: Blissey\n|-damage|p1a: Blissey|47\/100 brn\n|\n|-heal|p2a: Emmi|70\/100|[from] item: Leftovers\n|-damage|p1a: Blissey|41\/100 brn|[from] brn\n|upkeep\n|turn|93\n|\n|t:|1700395161\n|move|p1a: Blissey|Tri Attack|p2a: Emmi\n|-damage|p2a: Emmi|62\/100\n|-status|p2a: Emmi|par\n|move|p2a: Emmi|Teleport|p2a: Emmi\n|inactive|K. Repola has 120 seconds left.\n|\n|t:|1700395186\n|-curestatus|p2a: Emmi|par|[from] ability: Natural Cure\n|switch|p2a: Korkki|Corsola-Galar, M|100\/100|[from] Teleport\n|\n|-damage|p1a: Blissey|35\/100 brn|[from] brn\n|upkeep\n|turn|94\n|\n|t:|1700395200\n|switch|p2a: Emmi|Blissey, F|62\/100\n|move|p1a: Blissey|Stealth Rock|p2a: Emmi\n|-sidestart|p2: K. Repola|move: Stealth Rock\n|\n|-heal|p2a: Emmi|69\/100|[from] item: Leftovers\n|-damage|p1a: Blissey|29\/100 brn|[from] brn\n|upkeep\n|turn|95\n|\n|t:|1700395207\n|move|p1a: Blissey|Wish|p1a: Blissey\n|move|p2a: Emmi|Teleport|p2a: Emmi\n|\n|t:|1700395210\n|switch|p2a: Slepe|Gliscor, M|95\/100 tox|[from] Teleport\n|-damage|p2a: Slepe|83\/100 tox|[from] Stealth Rock\n|\n|-heal|p2a: Slepe|95\/100 tox|[from] ability: Poison Heal\n|-damage|p1a: Blissey|23\/100 brn|[from] brn\n|upkeep\n|turn|96\n|\n|t:|1700395220\n|switch|p1a: Alomomola|Alomomola, F, shiny|100\/100\n|move|p2a: Slepe|Defog|p1a: Alomomola\n|-unboost|p1a: Alomomola|evasion|1\n|-sideend|p2: K. Repola|Stealth Rock|[from] move: Defog|[of] p2a: Slepe\n|\n|-heal|p2a: Slepe|100\/100 tox|[from] ability: Poison Heal\n|upkeep\n|turn|97\n|\n|t:|1700395233\n|switch|p2a: Emmi|Blissey, F|69\/100\n|move|p1a: Alomomola|Scald|p2a: Emmi\n|-damage|p2a: Emmi|64\/100\n|\n|-heal|p2a: Emmi|70\/100|[from] item: Leftovers\n|upkeep\n|turn|98\n|\n|t:|1700395239\n|move|p1a: Alomomola|Wish|p1a: Alomomola\n|move|p2a: Emmi|Teleport|p2a: Emmi\n|\n|t:|1700395242\n|switch|p2a: \u0160\u00f6k\u00f6|Koffing, F, shiny, tera:Flying|19\/100 brn|[from] Teleport\n|-ability|p2a: \u0160\u00f6k\u00f6|Neutralizing Gas\n|\n|-damage|p2a: \u0160\u00f6k\u00f6|13\/100 brn|[from] brn\n|upkeep\n|turn|99\n|l|\u2606sruai1\n|inactive|sruai1 disconnected and has a minute to reconnect!\n|player|p1|\n|inactive|sruai1 has 30 seconds to reconnect!\n|j|\u2606sruai1\n|inactive|sruai1 reconnected and has 105 seconds left.\n|player|p1|sruai1|1\n|\n|t:|1700395291\n|-end|p2a: \u0160\u00f6k\u00f6|ability: Neutralizing Gas\n|switch|p2a: Emmi|Blissey, F|70\/100\n|move|p1a: Alomomola|Scald|p2a: Emmi\n|-damage|p2a: Emmi|65\/100\n|-status|p2a: Emmi|brn\n|\n|-heal|p2a: Emmi|71\/100 brn|[from] item: Leftovers\n|-damage|p2a: Emmi|65\/100 brn|[from] brn\n|upkeep\n|turn|100\n|\n|t:|1700395301\n|move|p1a: Alomomola|Wish|p1a: Alomomola\n|move|p2a: Emmi|Seismic Toss|p1a: Alomomola\n|-damage|p1a: Alomomola|82\/100\n|\n|-heal|p1a: Alomomola|88\/100|[from] item: Leftovers\n|-heal|p2a: Emmi|71\/100 brn|[from] item: Leftovers\n|-damage|p2a: Emmi|65\/100 brn|[from] brn\n|upkeep\n|turn|101\n|inactive|K. Repola has 90 seconds left.\n|\n|t:|1700395319\n|move|p1a: Alomomola|Flip Turn|p2a: Emmi\n|-damage|p2a: Emmi|53\/100 brn\n|inactive|sruai1 has 90 seconds left.\n|\n|t:|1700395346\n|switch|p1a: Blissey|Blissey, F, shiny|23\/100 brn|[from] Flip Turn\n|move|p2a: Emmi|Teleport|p2a: Emmi\n|\n|t:|1700395351\n|-curestatus|p2a: Emmi|brn|[from] ability: Natural Cure\n|switch|p2a: Slepe|Gliscor, M|100\/100 tox|[from] Teleport\n|\n|-heal|p1a: Blissey|60\/100 brn|[from] move: Wish|[wisher] Alomomola\n|-damage|p1a: Blissey|54\/100 brn|[from] brn\n|upkeep\n|turn|102\n|\n|t:|1700395359\n|switch|p1a: Alomomola|Alomomola, F, shiny|100\/100\n|move|p2a: Slepe|Earthquake|p1a: Alomomola\n|-damage|p1a: Alomomola|82\/100\n|\n|-heal|p1a: Alomomola|89\/100|[from] item: Leftovers\n|upkeep\n|turn|103\n|\n|t:|1700395368\n|switch|p2a: Emmi|Blissey, F|53\/100\n|move|p1a: Alomomola|Wish|p1a: Alomomola\n|\n|-heal|p1a: Alomomola|95\/100|[from] item: Leftovers\n|-heal|p2a: Emmi|59\/100|[from] item: Leftovers\n|upkeep\n|turn|104\n|inactive|K. Repola has 90 seconds left.\n|\n|t:|1700395382\n|switch|p2a: Korkki|Corsola-Galar, M|100\/100\n|move|p1a: Alomomola|Flip Turn|p2a: Korkki\n|-damage|p2a: Korkki|92\/100\n|\n|t:|1700395387\n|switch|p1a: Blissey|Blissey, F, shiny|54\/100 brn|[from] Flip Turn\n|\n|-heal|p1a: Blissey|91\/100 brn|[from] move: Wish|[wisher] Alomomola\n|-damage|p1a: Blissey|85\/100 brn|[from] brn\n|upkeep\n|turn|105\n|inactive|K. Repola has 90 seconds left.\n|\n|t:|1700395402\n|switch|p2a: Slepe|Gliscor, M|100\/100 tox\n|move|p1a: Blissey|Stealth Rock|p2a: Slepe\n|-sidestart|p2: K. Repola|move: Stealth Rock\n|\n|-damage|p1a: Blissey|79\/100 brn|[from] brn\n|upkeep\n|turn|106\n|inactive|K. Repola has 90 seconds left.\n|inactive|sruai1 has 90 seconds left.\n|\n|t:|1700395423\n|switch|p1a: Alomomola|Alomomola, F, shiny|100\/100\n|move|p2a: Slepe|Earthquake|p1a: Alomomola\n|-damage|p1a: Alomomola|82\/100\n|\n|-heal|p1a: Alomomola|89\/100|[from] item: Leftovers\n|upkeep\n|turn|107\n|inactive|sruai1 has 90 seconds left.\n|inactive|K. Repola has 90 seconds left.\n|\n|t:|1700395433\n|move|p2a: Slepe|Defog|p1a: Alomomola\n|-unboost|p1a: Alomomola|evasion|1\n|-sideend|p2: K. Repola|Stealth Rock|[from] move: Defog|[of] p2a: Slepe\n|move|p1a: Alomomola|Scald|p2a: Slepe\n|-supereffective|p2a: Slepe\n|-damage|p2a: Slepe|68\/100 tox\n|\n|-heal|p1a: Alomomola|95\/100|[from] item: Leftovers\n|-heal|p2a: Slepe|80\/100 tox|[from] ability: Poison Heal\n|upkeep\n|turn|108\n|inactive|K. Repola has 90 seconds left.\n|\n|t:|1700395442\n|switch|p2a: Emmi|Blissey, F|59\/100\n|move|p1a: Alomomola|Scald|p2a: Emmi\n|-damage|p2a: Emmi|54\/100\n|\n|-heal|p1a: Alomomola|100\/100|[from] item: Leftovers\n|-heal|p2a: Emmi|60\/100|[from] item: Leftovers\n|upkeep\n|turn|109\n|inactive|K. Repola has 90 seconds left.\n|\n|t:|1700395457\n|move|p1a: Alomomola|Flip Turn|p2a: Emmi\n|-damage|p2a: Emmi|47\/100\n|\n|t:|1700395461\n|switch|p1a: Audino|Audino, F, shiny|100\/100|[from] Flip Turn\n|move|p2a: Emmi|Teleport|p2a: Emmi\n|inactive|K. Repola has 90 seconds left.\n|\n|t:|1700395470\n|switch|p2a: Slepe|Gliscor, M|80\/100 tox|[from] Teleport\n|\n|-heal|p2a: Slepe|93\/100 tox|[from] ability: Poison Heal\n|upkeep\n|turn|110\n|inactive|K. Repola has 90 seconds left.\n|\n|t:|1700395487\n|move|p2a: Slepe|Swords Dance|p2a: Slepe\n|-boost|p2a: Slepe|atk|2\n|move|p1a: Audino|Flamethrower|p2a: Slepe\n|-damage|p2a: Slepe|76\/100 tox\n|\n|-heal|p2a: Slepe|89\/100 tox|[from] ability: Poison Heal\n|upkeep\n|turn|111\n|inactive|K. Repola has 90 seconds left.\n|\n|t:|1700395494\n|switch|p1a: Alomomola|Alomomola, F, shiny|100\/100\n|move|p2a: Slepe|Dual Wingbeat|p1a: Alomomola\n|-damage|p1a: Alomomola|86\/100\n|-damage|p1a: Alomomola|72\/100\n|-hitcount|p1a: Alomomola|2\n|\n|-heal|p1a: Alomomola|78\/100|[from] item: Leftovers\n|-heal|p2a: Slepe|100\/100 tox|[from] ability: Poison Heal\n|upkeep\n|turn|112\n|inactive|K. Repola has 90 seconds left.\n|\n|t:|1700395507\n|move|p2a: Slepe|Swords Dance|p2a: Slepe\n|-boost|p2a: Slepe|atk|2\n|move|p1a: Alomomola|Wish|p1a: Alomomola\n|\n|-heal|p1a: Alomomola|84\/100|[from] item: Leftovers\n|upkeep\n|turn|113\n|inactive|K. Repola has 90 seconds left.\n|\n|t:|1700395512\n|move|p2a: Slepe|Dual Wingbeat|p1a: Alomomola\n|-damage|p1a: Alomomola|62\/100\n|-damage|p1a: Alomomola|39\/100\n|-hitcount|p1a: Alomomola|2\n|move|p1a: Alomomola|Flip Turn|p2a: Slepe\n|-supereffective|p2a: Slepe\n|-damage|p2a: Slepe|80\/100 tox\n|\n|t:|1700395516\n|switch|p1a: Clefable|Clefable, F, shiny|88\/100 tox|[from] Flip Turn\n|\n|-heal|p1a: Clefable|100\/100 tox|[from] move: Wish|[wisher] Alomomola\n|-heal|p2a: Slepe|93\/100 tox|[from] ability: Poison Heal\n|-damage|p1a: Clefable|94\/100 tox|[from] psn\n|upkeep\n|turn|114\n|inactive|K. Repola has 90 seconds left.\n|\n|t:|1700395528\n|move|p2a: Slepe|Dual Wingbeat|p1a: Clefable|[miss]\n|-miss|p2a: Slepe|p1a: Clefable\n|move|p1a: Clefable|Cosmic Power|p1a: Clefable\n|-boost|p1a: Clefable|def|1\n|-boost|p1a: Clefable|spd|1\n|\n|-heal|p1a: Clefable|100\/100 tox|[from] item: Leftovers\n|-heal|p2a: Slepe|100\/100 tox|[from] ability: Poison Heal\n|-damage|p1a: Clefable|88\/100 tox|[from] psn\n|upkeep\n|turn|115\n|inactive|K. Repola has 90 seconds left.\n|\n|t:|1700395537\n|move|p2a: Slepe|Dual Wingbeat|p1a: Clefable\n|-damage|p1a: Clefable|78\/100 tox\n|-damage|p1a: Clefable|67\/100 tox\n|-hitcount|p1a: Clefable|2\n|move|p1a: Clefable|Draining Kiss|p2a: Slepe\n|-damage|p2a: Slepe|70\/100 tox\n|-heal|p1a: Clefable|88\/100 tox|[from] drain|[of] p2a: Slepe\n|\n|-heal|p1a: Clefable|94\/100 tox|[from] item: Leftovers\n|-heal|p2a: Slepe|82\/100 tox|[from] ability: Poison Heal\n|-damage|p1a: Clefable|76\/100 tox|[from] psn\n|upkeep\n|turn|116\n|inactive|K. Repola has 90 seconds left.\n|\n|t:|1700395549\n|switch|p2a: Emmi|Blissey, F|47\/100\n|move|p1a: Clefable|Cosmic Power|p1a: Clefable\n|-boost|p1a: Clefable|def|1\n|-boost|p1a: Clefable|spd|1\n|\n|-heal|p1a: Clefable|82\/100 tox|[from] item: Leftovers\n|-heal|p2a: Emmi|53\/100|[from] item: Leftovers\n|-damage|p1a: Clefable|57\/100 tox|[from] psn\n|upkeep\n|turn|117\n|\n|t:|1700395560\n|switch|p1a: Alomomola|Alomomola, F, shiny|72\/100\n|move|p2a: Emmi|Soft-Boiled|p2a: Emmi\n|-heal|p2a: Emmi|100\/100\n|\n|-heal|p1a: Alomomola|79\/100|[from] item: Leftovers\n|upkeep\n|turn|118\n|\n|t:|1700395575\n|switch|p2a: Korkki|Corsola-Galar, M|92\/100\n|move|p1a: Alomomola|Flip Turn|p2a: Korkki\n|-damage|p2a: Korkki|84\/100\n|-start|p1a: Alomomola|Disable|Flip Turn|[from] ability: Cursed Body|[of] p2a: Korkki\n|\n|t:|1700395581\n|switch|p1a: Blissey|Blissey, F, shiny|79\/100 brn|[from] Flip Turn\n|\n|-damage|p1a: Blissey|73\/100 brn|[from] brn\n|upkeep\n|turn|119\n|\n|t:|1700395590\n|move|p1a: Blissey|Stealth Rock|p2a: Korkki\n|-sidestart|p2: K. Repola|move: Stealth Rock\n|move|p2a: Korkki|Calm Mind|p2a: Korkki\n|-boost|p2a: Korkki|spa|1\n|-boost|p2a: Korkki|spd|1\n|\n|-damage|p1a: Blissey|67\/100 brn|[from] brn\n|upkeep\n|turn|120\n|inactive|sruai1 has 120 seconds left.\n|\n|t:|1700395598\n|move|p1a: Blissey|Wish|p1a: Blissey\n|move|p2a: Korkki|Ice Beam|p1a: Blissey\n|-damage|p1a: Blissey|58\/100 brn\n|\n|-damage|p1a: Blissey|52\/100 brn|[from] brn\n|upkeep\n|turn|121\n|\n|t:|1700395608\n|switch|p1a: Clefable|Clefable, F, shiny|57\/100 tox\n|move|p2a: Korkki|Hex|p1a: Clefable\n|-damage|p1a: Clefable|28\/100 tox\n|\n|-heal|p1a: Clefable|100\/100 tox|[from] move: Wish|[wisher] Blissey\n|-damage|p1a: Clefable|94\/100 tox|[from] psn\n|upkeep\n|turn|122\n|\n|t:|1700395617\n|move|p1a: Clefable|Cosmic Power|p1a: Clefable\n|-boost|p1a: Clefable|def|1\n|-boost|p1a: Clefable|spd|1\n|move|p2a: Korkki|Calm Mind|p2a: Korkki\n|-boost|p2a: Korkki|spa|1\n|-boost|p2a: Korkki|spd|1\n|\n|-heal|p1a: Clefable|100\/100 tox|[from] item: Leftovers\n|-damage|p1a: Clefable|88\/100 tox|[from] psn\n|upkeep\n|turn|123\n|\n|t:|1700395626\n|switch|p2a: Emmi|Blissey, F|100\/100\n|-damage|p2a: Emmi|88\/100|[from] Stealth Rock\n|move|p1a: Clefable|Cosmic Power|p1a: Clefable\n|-boost|p1a: Clefable|def|1\n|-boost|p1a: Clefable|spd|1\n|\n|-heal|p1a: Clefable|94\/100 tox|[from] item: Leftovers\n|-heal|p2a: Emmi|94\/100|[from] item: Leftovers\n|-damage|p1a: Clefable|76\/100 tox|[from] psn\n|upkeep\n|turn|124\n|\n|t:|1700395636\n|switch|p1a: Chansey|Chansey, F, shiny|64\/100\n|move|p2a: Emmi|Seismic Toss|p1a: Chansey\n|-damage|p1a: Chansey|50\/100\n|\n|-heal|p2a: Emmi|99\/100|[from] item: Leftovers\n|upkeep\n|turn|125\n|\n|t:|1700395656\n|switch|p2a: Slepe|Gliscor, M|82\/100 tox\n|-damage|p2a: Slepe|70\/100 tox|[from] Stealth Rock\n|move|p1a: Chansey|Soft-Boiled|p1a: Chansey\n|-heal|p1a: Chansey|99\/100\n|\n|-heal|p2a: Slepe|82\/100 tox|[from] ability: Poison Heal\n|upkeep\n|turn|126\n|inactive|K. Repola has 60 seconds left.\n|\n|t:|1700395672\n|move|p2a: Slepe|Defog|p1a: Chansey\n|-unboost|p1a: Chansey|evasion|1\n|-sideend|p2: K. Repola|Stealth Rock|[from] move: Defog|[of] p2a: Slepe\n|move|p1a: Chansey|Teleport|p1a: Chansey\n|\n|t:|1700395675\n|switch|p1a: Alomomola|Alomomola, F, shiny|100\/100|[from] Teleport\n|\n|-heal|p2a: Slepe|95\/100 tox|[from] ability: Poison Heal\n|upkeep\n|turn|127\n|inactive|K. Repola has 60 seconds left.\n|\n|t:|1700395682\n|move|p2a: Slepe|Swords Dance|p2a: Slepe\n|-boost|p2a: Slepe|atk|2\n|move|p1a: Alomomola|Wish|p1a: Alomomola\n|\n|-heal|p2a: Slepe|100\/100 tox|[from] ability: Poison Heal\n|upkeep\n|turn|128\n|inactive|K. Repola has 60 seconds left.\n|\n|t:|1700395692\n|switch|p1a: Clefable|Clefable, F, shiny|76\/100 tox\n|move|p2a: Slepe|Swords Dance|p2a: Slepe\n|-boost|p2a: Slepe|atk|2\n|\n|-heal|p1a: Clefable|100\/100 tox|[from] move: Wish|[wisher] Alomomola\n|-damage|p1a: Clefable|94\/100 tox|[from] psn\n|upkeep\n|turn|129\n|inactive|K. Repola has 60 seconds left.\n|\n|t:|1700395705\n|switch|p2a: Korkki|Corsola-Galar, M|84\/100\n|move|p1a: Clefable|Cosmic Power|p1a: Clefable\n|-boost|p1a: Clefable|def|1\n|-boost|p1a: Clefable|spd|1\n|\n|-heal|p1a: Clefable|100\/100 tox|[from] item: Leftovers\n|-damage|p1a: Clefable|88\/100 tox|[from] psn\n|upkeep\n|turn|130\n|\n|t:|1700395715\n|switch|p1a: Audino|Audino, F, shiny|100\/100\n|switch|p2a: Emmi|Blissey, F|99\/100\n|\n|-heal|p2a: Emmi|100\/100|[from] item: Leftovers\n|upkeep\n|turn|131\n|\n|t:|1700395729\n|move|p1a: Audino|Toxic|p2a: Emmi\n|-status|p2a: Emmi|tox\n|move|p2a: Emmi|Teleport|p2a: Emmi\n|\n|t:|1700395737\n|-curestatus|p2a: Emmi|tox|[from] ability: Natural Cure\n|switch|p2a: \u0160\u00f6k\u00f6|Koffing, F, shiny, tera:Flying|13\/100 brn|[from] Teleport\n|-ability|p2a: \u0160\u00f6k\u00f6|Neutralizing Gas\n|\n|-damage|p2a: \u0160\u00f6k\u00f6|7\/100 brn|[from] brn\n|upkeep\n|turn|132\n|\n|t:|1700395744\n|move|p1a: Audino|Flamethrower|p2a: \u0160\u00f6k\u00f6\n|-damage|p2a: \u0160\u00f6k\u00f6|0 fnt\n|faint|p2a: \u0160\u00f6k\u00f6\n|-end|p2a: \u0160\u00f6k\u00f6|ability: Neutralizing Gas\n|\n|upkeep\n|\n|t:|1700395749\n|switch|p2a: Emmi|Blissey, F|100\/100\n|turn|133\n|\n|t:|1700395755\n|switch|p2a: Slepe|Gliscor, M|100\/100 tox\n|move|p1a: Audino|Toxic|p2a: Slepe|[miss]\n|-miss|p1a: Audino|p2a: Slepe\n|\n|upkeep\n|turn|134\n|\n|t:|1700395763\n|switch|p2a: Emmi|Blissey, F|100\/100\n|move|p1a: Audino|Dazzling Gleam|p2a: Emmi\n|-damage|p2a: Emmi|96\/100\n|\n|-heal|p2a: Emmi|100\/100|[from] item: Leftovers\n|upkeep\n|turn|135\n|\n|t:|1700395772\n|switch|p2a: Slepe|Gliscor, M|100\/100 tox\n|move|p1a: Audino|Wish|p1a: Audino\n|\n|upkeep\n|turn|136\n|\n|t:|1700395784\n|switch|p2a: Emmi|Blissey, F|100\/100\n|move|p1a: Audino|Dazzling Gleam|p2a: Emmi\n|-damage|p2a: Emmi|96\/100\n|\n|-heal|p2a: Emmi|100\/100|[from] item: Leftovers\n|upkeep\n|turn|137\n|\n|t:|1700395792\n|switch|p1a: Alomomola|Alomomola, F, shiny|100\/100\n|move|p2a: Emmi|Seismic Toss|p1a: Alomomola\n|-damage|p1a: Alomomola|82\/100\n|\n|-heal|p1a: Alomomola|88\/100|[from] item: Leftovers\n|upkeep\n|turn|138\n|\n|t:|1700395807\n|switch|p2a: Korkki|Corsola-Galar, M|84\/100\n|move|p1a: Alomomola|Wish|p1a: Alomomola\n|\n|-heal|p1a: Alomomola|94\/100|[from] item: Leftovers\n|upkeep\n|turn|139\n|\n|t:|1700395815\n|move|p1a: Alomomola|Flip Turn|p2a: Korkki\n|-damage|p2a: Korkki|76\/100\n|-start|p1a: Alomomola|Disable|Flip Turn|[from] ability: Cursed Body|[of] p2a: Korkki\n|\n|t:|1700395818\n|switch|p1a: Blissey|Blissey, F, shiny|52\/100 brn|[from] Flip Turn\n|move|p2a: Korkki|Hex|p1a: Blissey\n|-immune|p1a: Blissey\n|\n|-heal|p1a: Blissey|90\/100 brn|[from] move: Wish|[wisher] Alomomola\n|-damage|p1a: Blissey|84\/100 brn|[from] brn\n|upkeep\n|turn|140\n|\n|t:|1700395828\n|switch|p2a: Emmi|Blissey, F|100\/100\n|move|p1a: Blissey|Stealth Rock|p2a: Emmi\n|-sidestart|p2: K. Repola|move: Stealth Rock\n|\n|-damage|p1a: Blissey|77\/100 brn|[from] brn\n|upkeep\n|turn|141\n|\n|t:|1700395839\n|switch|p2a: Slepe|Gliscor, M|100\/100 tox\n|-damage|p2a: Slepe|88\/100 tox|[from] Stealth Rock\n|move|p1a: Blissey|Tri Attack|p2a: Slepe\n|-damage|p2a: Slepe|62\/100 tox\n|\n|-heal|p2a: Slepe|74\/100 tox|[from] ability: Poison Heal\n|-damage|p1a: Blissey|71\/100 brn|[from] brn\n|upkeep\n|turn|142\n|\n|t:|1700395848\n|switch|p1a: Alomomola|Alomomola, F, shiny|100\/100\n|move|p2a: Slepe|Defog|p1a: Alomomola\n|-unboost|p1a: Alomomola|evasion|1\n|-sideend|p2: K. Repola|Stealth Rock|[from] move: Defog|[of] p2a: Slepe\n|\n|-heal|p2a: Slepe|87\/100 tox|[from] ability: Poison Heal\n|upkeep\n|turn|143\n|inactive|K. Repola has 30 seconds left.\n|\n|t:|1700395862\n|switch|p2a: Korkki|Corsola-Galar, M|76\/100\n|move|p1a: Alomomola|Scald|p2a: Korkki\n|-damage|p2a: Korkki|67\/100\n|\n|upkeep\n|turn|144\n|inactive|K. Repola has 30 seconds left.\n|\n|t:|1700395869\n|move|p1a: Alomomola|Flip Turn|p2a: Korkki\n|-damage|p2a: Korkki|59\/100\n|\n|t:|1700395871\n|switch|p1a: Audino|Audino, F, shiny|100\/100|[from] Flip Turn\n|move|p2a: Korkki|Calm Mind|p2a: Korkki\n|-boost|p2a: Korkki|spa|1\n|-boost|p2a: Korkki|spd|1\n|\n|upkeep\n|turn|145\n|\n|t:|1700395879\n|move|p1a: Audino|Toxic|p2a: Korkki|[miss]\n|-miss|p1a: Audino|p2a: Korkki\n|move|p2a: Korkki|Strength Sap|p1a: Audino\n|-unboost|p1a: Audino|atk|1\n|-heal|p2a: Korkki|93\/100\n|\n|upkeep\n|turn|146\n|\n|t:|1700395886\n|move|p1a: Audino|Toxic|p2a: Korkki\n|-status|p2a: Korkki|tox\n|move|p2a: Korkki|Ice Beam|p1a: Audino\n|-damage|p1a: Audino|80\/100\n|\n|-damage|p2a: Korkki|87\/100 tox|[from] psn\n|upkeep\n|turn|147\n|\n|t:|1700395894\n|switch|p1a: Blissey|Blissey, F, shiny|71\/100 brn\n|move|p2a: Korkki|Ice Beam|p1a: Blissey\n|-damage|p1a: Blissey|63\/100 brn\n|\n|-damage|p2a: Korkki|75\/100 tox|[from] psn\n|-damage|p1a: Blissey|57\/100 brn|[from] brn\n|upkeep\n|turn|148\n|\n|t:|1700395901\n|switch|p2a: Emmi|Blissey, F|100\/100\n|move|p1a: Blissey|Wish|p1a: Blissey\n|\n|-damage|p1a: Blissey|50\/100 brn|[from] brn\n|upkeep\n|turn|149\n|\n|t:|1700395908\n|move|p1a: Blissey|Stealth Rock|p2a: Emmi\n|-sidestart|p2: K. Repola|move: Stealth Rock\n|move|p2a: Emmi|Aromatherapy|p2a: Emmi\n|-activate|p2a: Emmi|move: Aromatherapy\n|-curestatus|p2: Korkki|tox|[msg]\n|-curestatus|p2: Slepe|tox|[msg]\n|\n|-heal|p1a: Blissey|100\/100 brn|[from] move: Wish|[wisher] Blissey\n|-damage|p1a: Blissey|94\/100 brn|[from] brn\n|upkeep\n|turn|150\n|inactive|K. Repola has 30 seconds left.\n|\n|t:|1700395922\n|switch|p2a: Korkki|Corsola-Galar, M|75\/100\n|-damage|p2a: Korkki|63\/100|[from] Stealth Rock\n|move|p1a: Blissey|Tri Attack|p2a: Korkki\n|-immune|p2a: Korkki\n|\n|-damage|p1a: Blissey|88\/100 brn|[from] brn\n|upkeep\n|turn|151\n|inactive|K. Repola has 30 seconds left.\n|\n|t:|1700395935\n|switch|p1a: Chansey|Chansey, F, shiny|99\/100\n|move|p2a: Korkki|Strength Sap|p1a: Chansey\n|-unboost|p1a: Chansey|atk|1\n|-heal|p2a: Korkki|67\/100\n|\n|upkeep\n|turn|152\n|inactive|K. Repola has 30 seconds left.\n|\n|t:|1700395943\n|switch|p2a: Slepe|Gliscor, M|87\/100\n|-damage|p2a: Slepe|74\/100|[from] Stealth Rock\n|move|p1a: Chansey|Toxic|p2a: Slepe\n|-status|p2a: Slepe|tox\n|\n|-heal|p2a: Slepe|87\/100 tox|[from] ability: Poison Heal\n|upkeep\n|turn|153\n|inactive|K. Repola has 30 seconds left.\n|\n|t:|1700395951\n|switch|p1a: Alomomola|Alomomola, F, shiny|100\/100\n|move|p2a: Slepe|Defog|p1a: Alomomola\n|-unboost|p1a: Alomomola|evasion|1\n|-sideend|p2: K. Repola|Stealth Rock|[from] move: Defog|[of] p2a: Slepe\n|\n|-heal|p2a: Slepe|99\/100 tox|[from] ability: Poison Heal\n|upkeep\n|turn|154\n|inactive|K. Repola has 30 seconds left.\n|\n|t:|1700395960\n|switch|p2a: Korkki|Corsola-Galar, M|67\/100\n|move|p1a: Alomomola|Scald|p2a: Korkki\n|-damage|p2a: Korkki|57\/100\n|\n|upkeep\n|turn|155\n|inactive|K. Repola has 30 seconds left.\n|\n|t:|1700395966\n|switch|p1a: Chansey|Chansey, F, shiny|99\/100\n|move|p2a: Korkki|Strength Sap|p1a: Chansey\n|-unboost|p1a: Chansey|atk|1\n|-heal|p2a: Korkki|61\/100\n|\n|upkeep\n|turn|156\n|inactive|K. Repola has 30 seconds left.\n|\n|t:|1700395974\n|switch|p2a: Slepe|Gliscor, M|99\/100 tox\n|move|p1a: Chansey|Seismic Toss|p2a: Slepe\n|-damage|p2a: Slepe|71\/100 tox\n|\n|-heal|p2a: Slepe|83\/100 tox|[from] ability: Poison Heal\n|upkeep\n|turn|157\n|inactive|K. Repola has 30 seconds left.\n|\n|t:|1700395984\n|move|p2a: Slepe|Swords Dance|p2a: Slepe\n|-boost|p2a: Slepe|atk|2\n|move|p1a: Chansey|Seismic Toss|p2a: Slepe\n|-damage|p2a: Slepe|55\/100 tox\n|\n|-heal|p2a: Slepe|67\/100 tox|[from] ability: Poison Heal\n|upkeep\n|turn|158\n|inactive|K. Repola has 30 seconds left.\n|\n|t:|1700395995\n|switch|p1a: Audino|Audino, F, shiny|100\/100\n|move|p2a: Slepe|Dual Wingbeat|p1a: Audino\n|-damage|p1a: Audino|81\/100\n|-damage|p1a: Audino|63\/100\n|-hitcount|p1a: Audino|2\n|\n|-heal|p2a: Slepe|80\/100 tox|[from] ability: Poison Heal\n|upkeep\n|turn|159\n|inactive|K. Repola has 30 seconds left.\n|\n|t:|1700396013\n|switch|p2a: Emmi|Blissey, F|100\/100\n|switch|p1a: Alomomola|Alomomola, F, shiny|100\/100\n|\n|upkeep\n|turn|160\n|inactive|K. Repola has 30 seconds left this turn.\n|inactive|sruai1 has 120 seconds left.\n|\n|t:|1700396026\n|switch|p1a: Chansey|Chansey, F, shiny|99\/100\n|move|p2a: Emmi|Teleport|p2a: Emmi\n|inactive|K. Repola has 30 seconds left this turn.\n|inactive|K. Repola has 20 seconds left.\n|inactive|K. Repola has 15 seconds left.\n|\n|t:|1700396041\n|switch|p2a: Kimalle|Glimmora, F|15\/100|[from] Teleport\n|\n|upkeep\n|turn|161\n|inactive|K. Repola has 20 seconds left this turn.\n|inactive|sruai1 has 120 seconds left.\n|\n|t:|1700396055\n|switch|p2a: Emmi|Blissey, F|100\/100\n|switch|p1a: Alomomola|Alomomola, F, shiny|100\/100\n|\n|upkeep\n|turn|162\n|inactive|K. Repola has 25 seconds left this turn.\n|inactive|sruai1 has 120 seconds left.\n|inactive|K. Repola has 20 seconds left.\n|\n|t:|1700396064\n|switch|p1a: Chansey|Chansey, F, shiny|99\/100\n|switch|p2a: Slepe|Gliscor, M|80\/100 tox\n|\n|-heal|p2a: Slepe|92\/100 tox|[from] ability: Poison Heal\n|upkeep\n|turn|163\n|inactive|K. Repola has 25 seconds left this turn.\n|inactive|K. Repola has 20 seconds left.\n|\n|t:|1700396071\n|switch|p2a: Emmi|Blissey, F|100\/100\n|move|p1a: Chansey|Seismic Toss|p2a: Emmi\n|-damage|p2a: Emmi|86\/100\n|\n|-heal|p2a: Emmi|93\/100|[from] item: Leftovers\n|upkeep\n|turn|164\n|inactive|K. Repola has 25 seconds left this turn.\n|inactive|K. Repola has 20 seconds left.\n|\n|t:|1700396079\n|switch|p2a: Korkki|Corsola-Galar, M|61\/100\n|move|p1a: Chansey|Toxic|p2a: Korkki\n|-status|p2a: Korkki|tox\n|\n|-damage|p2a: Korkki|55\/100 tox|[from] psn\n|upkeep\n|turn|165\n|inactive|K. Repola has 25 seconds left this turn.\n|inactive|K. Repola has 20 seconds left.\n|\n|t:|1700396087\n|switch|p1a: Blissey|Blissey, F, shiny|88\/100 brn\n|switch|p2a: Emmi|Blissey, F|93\/100\n|\n|-heal|p2a: Emmi|99\/100|[from] item: Leftovers\n|-damage|p1a: Blissey|82\/100 brn|[from] brn\n|upkeep\n|turn|166\n|inactive|K. Repola has 25 seconds left this turn.\n|inactive|K. Repola has 20 seconds left.\n|\n|t:|1700396095\n|move|p1a: Blissey|Stealth Rock|p2a: Emmi\n|-sidestart|p2: K. Repola|move: Stealth Rock\n|move|p2a: Emmi|Aromatherapy|p2a: Emmi\n|-activate|p2a: Emmi|move: Aromatherapy\n|-curestatus|p2: Slepe|tox|[msg]\n|-curestatus|p2: Korkki|tox|[msg]\n|\n|-heal|p2a: Emmi|100\/100|[from] item: Leftovers\n|-damage|p1a: Blissey|76\/100 brn|[from] brn\n|upkeep\n|turn|167\n|inactive|K. Repola has 25 seconds left this turn.\n|inactive|K. Repola has 20 seconds left.\n|\n|t:|1700396104\n|switch|p2a: Slepe|Gliscor, M|92\/100\n|-damage|p2a: Slepe|80\/100|[from] Stealth Rock\n|move|p1a: Blissey|Tri Attack|p2a: Slepe\n|-damage|p2a: Slepe|54\/100\n|-status|p2a: Slepe|frz\n|\n|-damage|p1a: Blissey|70\/100 brn|[from] brn\n|upkeep\n|turn|168\n|inactive|K. Repola has 25 seconds left this turn.\n|inactive|K. Repola has 20 seconds left.\n|inactive|K. Repola has 15 seconds left.\n|\n|t:|1700396115\n|switch|p2a: Emmi|Blissey, F|100\/100\n|-damage|p2a: Emmi|88\/100|[from] Stealth Rock\n|move|p1a: Blissey|Tri Attack|p2a: Emmi\n|-damage|p2a: Emmi|79\/100\n|-status|p2a: Emmi|brn\n|\n|-heal|p2a: Emmi|86\/100 brn|[from] item: Leftovers\n|-damage|p2a: Emmi|79\/100 brn|[from] brn\n|-damage|p1a: Blissey|64\/100 brn|[from] brn\n|upkeep\n|turn|169\n|inactive|K. Repola has 20 seconds left this turn.\n|inactive|K. Repola has 15 seconds left.\n|inactive|K. Repola has 10 seconds left.\n|\n|t:|1700396127\n|switch|p1a: Chansey|Chansey, F, shiny|99\/100\n|-curestatus|p2a: Emmi|brn|[from] ability: Natural Cure\n|switch|p2a: Korkki|Corsola-Galar, M|55\/100\n|-damage|p2a: Korkki|42\/100|[from] Stealth Rock\n|\n|upkeep\n|turn|170\n|inactive|K. Repola has 15 seconds left this turn.\n|inactive|K. Repola has 10 seconds left.\n|\n|t:|1700396136\n|switch|p2a: Emmi|Blissey, F|79\/100\n|-damage|p2a: Emmi|67\/100|[from] Stealth Rock\n|move|p1a: Chansey|Toxic|p2a: Emmi\n|-status|p2a: Emmi|tox\n|\n|-heal|p2a: Emmi|73\/100 tox|[from] item: Leftovers\n|-damage|p2a: Emmi|67\/100 tox|[from] psn\n|upkeep\n|turn|171\n|inactive|K. Repola has 10 seconds left this turn.\n|inactive|K. Repola has 5 seconds left.\n|\n|t:|1700396145\n|move|p2a: Emmi|Aromatherapy|p2a: Emmi\n|-activate|p2a: Emmi|move: Aromatherapy\n|-curestatus|p2a: Emmi|tox|[msg]\n|-curestatus|p2: Slepe|frz|[msg]\n|move|p1a: Chansey|Seismic Toss|p2a: Emmi\n|-damage|p2a: Emmi|53\/100\n|\n|-heal|p2a: Emmi|59\/100|[from] item: Leftovers\n|upkeep\n|turn|172\n|inactive|K. Repola has 10 seconds left this turn.\n|inactive|K. Repola has 5 seconds left.\n|-message|K. Repola lost due to inactivity.\n|\n|win|sruai1\n|raw|sruai1's rating: 1502 &rarr; <strong>1521<\/strong><br \/>(+19 for winning)\n|raw|K. Repola's rating: 1480 &rarr; <strong>1461<\/strong><br \/>(-19 for losing)\n","uploadtime":1700396166,"views":12,"p1id":"sruai1","p2id":"krepola","formatid":"gen9nationaldex","rating":1461,"private":0,"password":""}