{"id":"gen9nationaldex-1995008312","p1":"Graeterrr","p2":"NDSNEZ Jogo","format":"[Gen 9] National Dex","log":"|html|<div class=\"broadcast-blue\"><strong>[Gen 9] National Dex is currently suspecting Sneasler! For information on how to participate check out the <a href=\"https:\/\/www.smogon.com\/forums\/threads\/sv-national-dex-suspect-8-just-dance.3731534\/\">suspect thread<\/a>.<\/strong><\/div>\n|j|\u2606Graeterrr\n|j|\u2606NDSNEZ Jogo\n|t:|1700512884\n|gametype|singles\n|player|p1|Graeterrr|crasherwake|1085\n|player|p2|NDSNEZ Jogo|allister|1180\n|teamsize|p1|6\n|teamsize|p2|6\n|gen|9\n|tier|[Gen 9] National Dex\n|rated|\n|rule|HP Percentage Mod: HP is shown in percentages\n|rule|Endless Battle Clause: Forcing endless battles is banned\n|rule|OHKO Clause: OHKO moves are banned\n|rule|Evasion Clause: Evasion abilities, items, and moves are banned\n|rule|Evasion Abilities Clause: Evasion abilities are banned\n|rule|Evasion Items Clause: Evasion items are banned\n|rule|Evasion Moves Clause: Evasion moves are banned\n|rule|Species Clause: Limit one of each Pok\u00e9mon\n|rule|Sleep Clause Mod: Limit one foe put to sleep\n|clearpoke\n|poke|p1|Quaquaval, M|\n|poke|p1|Typhlosion-Hisui, F|\n|poke|p1|Rillaboom, M|\n|poke|p1|Corviknight, F|\n|poke|p1|Nidoking, M|\n|poke|p1|Diancie|\n|poke|p2|Tapu Lele|\n|poke|p2|Sneasler, F|\n|poke|p2|Iron Valiant|\n|poke|p2|Alakazam, F|\n|poke|p2|Dragonite, M|\n|poke|p2|Kartana|\n|teampreview\n|inactive|Battle timer is ON: inactive players will automatically lose when time's up. (requested by Graeterrr)\n|\n|t:|1700512900\n|start\n|switch|p1a: Quaquaval|Quaquaval, M|100\/100\n|switch|p2a: Kartana|Kartana|100\/100\n|turn|1\n|\n|t:|1700512907\n|switch|p1a: Corviknight|Corviknight, F|100\/100\n|move|p2a: Kartana|Leaf Blade|p1a: Corviknight\n|-resisted|p1a: Corviknight\n|-damage|p1a: Corviknight|92\/100\n|\n|upkeep\n|turn|2\n|\n|t:|1700512915\n|switch|p2a: Dragonite|Dragonite, M|100\/100\n|move|p1a: Corviknight|Brave Bird|p2a: Dragonite\n|-damage|p2a: Dragonite|80\/100\n|-damage|p1a: Corviknight|86\/100|[from] Recoil\n|\n|upkeep\n|turn|3\n|\n|t:|1700512919\n|move|p2a: Dragonite|Dragon Dance|p2a: Dragonite\n|-boost|p2a: Dragonite|atk|1\n|-boost|p2a: Dragonite|spe|1\n|move|p1a: Corviknight|Iron Head|p2a: Dragonite\n|-damage|p2a: Dragonite|51\/100\n|\n|upkeep\n|turn|4\n|\n|t:|1700512925\n|move|p2a: Dragonite|Roost|p2a: Dragonite\n|-heal|p2a: Dragonite|100\/100\n|-singleturn|p2a: Dragonite|move: Roost\n|move|p1a: Corviknight|Iron Head|p2a: Dragonite\n|-damage|p2a: Dragonite|87\/100\n|\n|upkeep\n|turn|5\n|\n|t:|1700512930\n|move|p2a: Dragonite|Dragon Dance|p2a: Dragonite\n|-boost|p2a: Dragonite|atk|1\n|-boost|p2a: Dragonite|spe|1\n|move|p1a: Corviknight|Iron Head|p2a: Dragonite\n|-damage|p2a: Dragonite|60\/100\n|\n|upkeep\n|turn|6\n|\n|t:|1700512932\n|move|p2a: Dragonite|Roost|p2a: Dragonite\n|-heal|p2a: Dragonite|100\/100\n|-singleturn|p2a: Dragonite|move: Roost\n|move|p1a: Corviknight|Iron Head|p2a: Dragonite\n|-damage|p2a: Dragonite|87\/100\n|\n|upkeep\n|turn|7\n|\n|t:|1700512940\n|switch|p1a: Nidoking|Nidoking, M|100\/100\n|move|p2a: Dragonite|Dragon Dance|p2a: Dragonite\n|-boost|p2a: Dragonite|atk|1\n|-boost|p2a: Dragonite|spe|1\n|-enditem|p1a: Nidoking|Mirror Herb\n|-boost|p1a: Nidoking|atk|1|[from] item: Mirror Herb\n|-boost|p1a: Nidoking|spe|1|[from] item: Mirror Herb\n|\n|upkeep\n|turn|8\n|\n|t:|1700512948\n|-terastallize|p1a: Nidoking|Poison\n|move|p2a: Dragonite|Earthquake|p1a: Nidoking\n|-supereffective|p1a: Nidoking\n|-damage|p1a: Nidoking|0 fnt\n|faint|p1a: Nidoking\n|\n|upkeep\n|\n|t:|1700512956\n|switch|p1a: Typhlosion|Typhlosion-Hisui, F|100\/100\n|turn|9\n|\n|t:|1700512968\n|move|p2a: Dragonite|Earthquake|p1a: Typhlosion\n|-supereffective|p1a: Typhlosion\n|-damage|p1a: Typhlosion|0 fnt\n|faint|p1a: Typhlosion\n|\n|upkeep\n|\n|t:|1700512973\n|switch|p1a: Rillaboom|Rillaboom, M|100\/100\n|-fieldstart|move: Grassy Terrain|[from] ability: Grassy Surge|[of] p1a: Rillaboom\n|turn|10\n|\n|t:|1700512979\n|-terastallize|p2a: Dragonite|Normal\n|move|p2a: Dragonite|Extreme Speed|p1a: Rillaboom\n|-damage|p1a: Rillaboom|0 fnt\n|faint|p1a: Rillaboom\n|\n|-heal|p2a: Dragonite|93\/100|[from] Grassy Terrain\n|upkeep\n|\n|t:|1700512984\n|switch|p1a: Corviknight|Corviknight, F|86\/100\n|turn|11\n|\n|t:|1700512990\n|move|p2a: Dragonite|Extreme Speed|p1a: Corviknight\n|-resisted|p1a: Corviknight\n|-damage|p1a: Corviknight|53\/100\n|move|p1a: Corviknight|Iron Head|p2a: Dragonite\n|-damage|p2a: Dragonite|66\/100\n|\n|-heal|p2a: Dragonite|72\/100|[from] Grassy Terrain\n|upkeep\n|turn|12\n|\n|t:|1700512994\n|move|p2a: Dragonite|Dragon Dance|p2a: Dragonite\n|-boost|p2a: Dragonite|atk|1\n|-boost|p2a: Dragonite|spe|1\n|move|p1a: Corviknight|Brave Bird|p2a: Dragonite\n|-damage|p2a: Dragonite|34\/100\n|-damage|p1a: Corviknight|43\/100|[from] Recoil\n|\n|-heal|p2a: Dragonite|40\/100|[from] Grassy Terrain\n|upkeep\n|turn|13\n|\n|t:|1700513000\n|move|p2a: Dragonite|Roost|p2a: Dragonite\n|-heal|p2a: Dragonite|91\/100\n|move|p1a: Corviknight|Roost|p1a: Corviknight\n|-heal|p1a: Corviknight|93\/100\n|-singleturn|p1a: Corviknight|move: Roost\n|\n|-heal|p2a: Dragonite|97\/100|[from] Grassy Terrain\n|-heal|p1a: Corviknight|99\/100|[from] Grassy Terrain\n|upkeep\n|turn|14\n|\n|t:|1700513009\n|move|p2a: Dragonite|Dragon Dance|p2a: Dragonite\n|-boost|p2a: Dragonite|atk|1\n|-boost|p2a: Dragonite|spe|1\n|move|p1a: Corviknight|Iron Head|p2a: Dragonite\n|-damage|p2a: Dragonite|71\/100\n|\n|-heal|p2a: Dragonite|78\/100|[from] Grassy Terrain\n|-fieldend|move: Grassy Terrain\n|upkeep\n|turn|15\n|\n|t:|1700513014\n|move|p2a: Dragonite|Dragon Dance|p2a: Dragonite\n|-boost|p2a: Dragonite|atk|1\n|-boost|p2a: Dragonite|spe|1\n|move|p1a: Corviknight|Brave Bird|p2a: Dragonite\n|-damage|p2a: Dragonite|35\/100\n|-damage|p1a: Corviknight|88\/100|[from] Recoil\n|\n|upkeep\n|turn|16\n|\n|t:|1700513019\n|move|p2a: Dragonite|Roost|p2a: Dragonite\n|-heal|p2a: Dragonite|85\/100\n|move|p1a: Corviknight|Brave Bird|p2a: Dragonite\n|-damage|p2a: Dragonite|42\/100\n|-damage|p1a: Corviknight|76\/100|[from] Recoil\n|\n|upkeep\n|turn|17\n|\n|t:|1700513024\n|move|p2a: Dragonite|Roost|p2a: Dragonite\n|-heal|p2a: Dragonite|92\/100\n|move|p1a: Corviknight|Brave Bird|p2a: Dragonite\n|-damage|p2a: Dragonite|52\/100\n|-damage|p1a: Corviknight|65\/100|[from] Recoil\n|\n|upkeep\n|turn|18\n|\n|t:|1700513030\n|move|p2a: Dragonite|Roost|p2a: Dragonite\n|-heal|p2a: Dragonite|100\/100\n|move|p1a: Corviknight|Defog|p2a: Dragonite\n|-unboost|p2a: Dragonite|evasion|1\n|\n|upkeep\n|turn|19\n|\n|t:|1700513036\n|move|p2a: Dragonite|Extreme Speed|p1a: Corviknight\n|-resisted|p1a: Corviknight\n|-crit|p1a: Corviknight\n|-damage|p1a: Corviknight|0 fnt\n|faint|p1a: Corviknight\n|\n|upkeep\n|\n|t:|1700513041\n|switch|p1a: Diancie|Diancie|100\/100\n|turn|20\n|\n|t:|1700513050\n|detailschange|p1a: Diancie|Diancie-Mega\n|-mega|p1a: Diancie|Diancie|Diancite\n|move|p2a: Dragonite|Earthquake|p1a: Diancie\n|-supereffective|p1a: Diancie\n|-damage|p1a: Diancie|0 fnt\n|faint|p1a: Diancie\n|\n|upkeep\n|c|\u2606NDSNEZ Jogo|gg\n|\n|t:|1700513055\n|switch|p1a: Quaquaval|Quaquaval, M|100\/100\n|turn|21\n|\n|t:|1700513062\n|move|p2a: Dragonite|Extreme Speed|p1a: Quaquaval\n|-damage|p1a: Quaquaval|0 fnt\n|faint|p1a: Quaquaval\n|\n|win|NDSNEZ Jogo\n|raw|Graeterrr's rating: 1085 &rarr; <strong>1068<\/strong><br \/>(-17 for losing)\n|raw|NDSNEZ Jogo's rating: 1180 &rarr; <strong>1198<\/strong><br \/>(+18 for winning)\n|l|\u2606Graeterrr\n","uploadtime":1700513069,"views":9,"p1id":"graeterrr","p2id":"ndsnezjogo","formatid":"gen9nationaldex","rating":1068,"private":0,"password":""}