{"id":"gen9nationaldex-1989586051","p1":"CappyPulpy","p2":"zjwv5","format":"[Gen 9] National Dex","log":"|j|\u2606CappyPulpy\n|j|\u2606zjwv5\n|t:|1699875194\n|gametype|singles\n|player|p1|CappyPulpy|170|1429\n|player|p2|zjwv5|red|1499\n|teamsize|p1|6\n|teamsize|p2|6\n|gen|9\n|tier|[Gen 9] National Dex\n|rated|\n|rule|HP Percentage Mod: HP is shown in percentages\n|rule|Endless Battle Clause: Forcing endless battles is banned\n|rule|OHKO Clause: OHKO moves are banned\n|rule|Evasion Clause: Evasion abilities, items, and moves are banned\n|rule|Evasion Abilities Clause: Evasion abilities are banned\n|rule|Evasion Items Clause: Evasion items are banned\n|rule|Evasion Moves Clause: Evasion moves are banned\n|rule|Species Clause: Limit one of each Pok\u00e9mon\n|rule|Sleep Clause Mod: Limit one foe put to sleep\n|clearpoke\n|poke|p1|Tyranitar, M|\n|poke|p1|Alomomola, F|\n|poke|p1|Zamazenta-*|\n|poke|p1|Landorus-Therian, M|\n|poke|p1|Kommo-o, F|\n|poke|p1|Aegislash, M|\n|poke|p2|Zamazenta-*|\n|poke|p2|Arcanine-Hisui, M|\n|poke|p2|Smeargle, F|\n|poke|p2|Houndstone, M|\n|poke|p2|Manectric, M|\n|poke|p2|Okidogi, M|\n|teampreview\n|inactive|Battle timer is ON: inactive players will automatically lose when time's up. (requested by CappyPulpy)\n|\n|t:|1699875220\n|start\n|switch|p1a: Landorus|Landorus-Therian, M|100\/100\n|switch|p2a: Houndstone|Houndstone, M|100\/100\n|-ability|p1a: Landorus|Intimidate|boost\n|-unboost|p2a: Houndstone|atk|1\n|turn|1\n|\n|t:|1699875227\n|move|p1a: Landorus|Earthquake|p2a: Houndstone\n|-damage|p2a: Houndstone|63\/100\n|move|p2a: Houndstone|Will-O-Wisp|p1a: Landorus\n|-status|p1a: Landorus|brn\n|\n|-heal|p2a: Houndstone|69\/100|[from] item: Leftovers\n|-damage|p1a: Landorus|95\/100 brn|[from] brn\n|upkeep\n|turn|2\n|\n|t:|1699875237\n|switch|p1a: Aegislash|Aegislash, M|100\/100\n|move|p2a: Houndstone|Night Shade|p1a: Aegislash\n|-damage|p1a: Aegislash|62\/100\n|\n|-heal|p2a: Houndstone|75\/100|[from] item: Leftovers\n|upkeep\n|turn|3\n|\n|t:|1699875254\n|switch|p2a: Okidogi|Okidogi, M|100\/100\n|-formechange|p1a: Aegislash|Aegislash-Blade||[from] ability: Stance Change\n|move|p1a: Aegislash|Shadow Ball|p2a: Okidogi\n|-damage|p2a: Okidogi|59\/100\n|\n|-heal|p2a: Okidogi|65\/100|[from] item: Black Sludge\n|upkeep\n|turn|4\n|\n|t:|1699875265\n|-formechange|p1a: Aegislash|Aegislash||[from] ability: Stance Change\n|move|p1a: Aegislash|King's Shield|p1a: Aegislash\n|-singleturn|p1a: Aegislash|Protect\n|move|p2a: Okidogi|Bulk Up|p2a: Okidogi\n|-boost|p2a: Okidogi|atk|1\n|-boost|p2a: Okidogi|def|1\n|\n|-heal|p2a: Okidogi|71\/100|[from] item: Black Sludge\n|upkeep\n|turn|5\n|\n|t:|1699875279\n|-formechange|p1a: Aegislash|Aegislash-Blade||[from] ability: Stance Change\n|move|p1a: Aegislash|Shadow Ball|p2a: Okidogi\n|-damage|p2a: Okidogi|27\/100\n|move|p2a: Okidogi|Knock Off|p1a: Aegislash\n|-supereffective|p1a: Aegislash\n|-damage|p1a: Aegislash|0 fnt\n|-enditem|p1a: Aegislash|Spell Tag|[from] move: Knock Off|[of] p2a: Okidogi\n|faint|p1a: Aegislash\n|\n|-heal|p2a: Okidogi|33\/100|[from] item: Black Sludge\n|upkeep\n|\n|t:|1699875292\n|switch|p1a: Kommo-o|Kommo-o, F|100\/100\n|turn|6\n|\n|t:|1699875303\n|move|p1a: Kommo-o|Clangorous Soul|p1a: Kommo-o\n|-boost|p1a: Kommo-o|atk|1\n|-boost|p1a: Kommo-o|def|1\n|-boost|p1a: Kommo-o|spa|1\n|-boost|p1a: Kommo-o|spd|1\n|-boost|p1a: Kommo-o|spe|1\n|-damage|p1a: Kommo-o|68\/100\n|-enditem|p1a: Kommo-o|Throat Spray\n|-boost|p1a: Kommo-o|spa|1|[from] item: Throat Spray\n|move|p2a: Okidogi|Drain Punch|p1a: Kommo-o\n|-damage|p1a: Kommo-o|38\/100\n|-heal|p2a: Okidogi|45\/100|[from] drain|[of] p1a: Kommo-o\n|\n|-heal|p2a: Okidogi|51\/100|[from] item: Black Sludge\n|upkeep\n|turn|7\n|\n|t:|1699875320\n|move|p1a: Kommo-o|Clanging Scales|p2a: Okidogi\n|-damage|p2a: Okidogi|0 fnt\n|faint|p2a: Okidogi\n|-unboost|p1a: Kommo-o|def|1\n|\n|upkeep\n|\n|t:|1699875325\n|switch|p2a: Smeargle|Smeargle, F|100\/100\n|turn|8\n|\n|t:|1699875333\n|-terastallize|p1a: Kommo-o|Normal\n|move|p1a: Kommo-o|Boomburst|p2a: Smeargle\n|-enditem|p2a: Smeargle|Focus Sash\n|-damage|p2a: Smeargle|1\/100\n|move|p2a: Smeargle|Nuzzle|p1a: Kommo-o\n|-damage|p1a: Kommo-o|36\/100\n|-status|p1a: Kommo-o|par\n|\n|upkeep\n|turn|9\n|\n|t:|1699875342\n|move|p2a: Smeargle|Sticky Web|p1a: Kommo-o\n|-sidestart|p1: CappyPulpy|move: Sticky Web\n|cant|p1a: Kommo-o|par\n|\n|upkeep\n|turn|10\n|\n|t:|1699875348\n|move|p2a: Smeargle|Seismic Toss|p1a: Kommo-o\n|-damage|p1a: Kommo-o|2\/100 par\n|move|p1a: Kommo-o|Boomburst|p2a: Smeargle\n|-damage|p2a: Smeargle|0 fnt\n|faint|p2a: Smeargle\n|\n|upkeep\n|\n|t:|1699875356\n|switch|p2a: Manectric|Manectric, M|100\/100\n|turn|11\n|\n|t:|1699875364\n|detailschange|p2a: Manectric|Manectric-Mega, M\n|-mega|p2a: Manectric|Manectric|Manectite\n|-ability|p2a: Manectric|Intimidate|boost\n|-unboost|p1a: Kommo-o|atk|1\n|move|p2a: Manectric|Hidden Power|p1a: Kommo-o\n|-damage|p1a: Kommo-o|0 fnt\n|faint|p1a: Kommo-o\n|\n|upkeep\n|\n|t:|1699875370\n|switch|p1a: Landorus|Landorus-Therian, M|95\/100 brn\n|-ability|p1a: Landorus|Intimidate|boost\n|-unboost|p2a: Manectric|atk|1\n|turn|12\n|\n|t:|1699875376\n|switch|p2a: Houndstone|Houndstone, M|75\/100\n|move|p1a: Landorus|Defog|p2a: Houndstone\n|-unboost|p2a: Houndstone|evasion|1\n|-sideend|p1: CappyPulpy|Sticky Web|[from] move: Defog|[of] p1a: Landorus\n|\n|-heal|p2a: Houndstone|81\/100|[from] item: Leftovers\n|-damage|p1a: Landorus|89\/100 brn|[from] brn\n|upkeep\n|turn|13\n|\n|t:|1699875383\n|switch|p1a: Alomomola|Alomomola, F|100\/100\n|move|p2a: Houndstone|Night Shade|p1a: Alomomola\n|-damage|p1a: Alomomola|82\/100\n|\n|-heal|p2a: Houndstone|87\/100|[from] item: Leftovers\n|-heal|p1a: Alomomola|88\/100|[from] item: Leftovers\n|upkeep\n|turn|14\n|\n|t:|1699875393\n|move|p2a: Houndstone|Will-O-Wisp|p1a: Alomomola\n|-status|p1a: Alomomola|brn\n|move|p1a: Alomomola|Scald|p2a: Houndstone\n|-damage|p2a: Houndstone|72\/100\n|\n|-heal|p2a: Houndstone|78\/100|[from] item: Leftovers\n|-heal|p1a: Alomomola|94\/100 brn|[from] item: Leftovers\n|-damage|p1a: Alomomola|88\/100 brn|[from] brn\n|upkeep\n|turn|15\n|\n|t:|1699875404\n|switch|p2a: Manectric|Manectric-Mega, M|100\/100\n|-ability|p2a: Manectric|Intimidate|boost\n|-unboost|p1a: Alomomola|atk|1\n|move|p1a: Alomomola|Flip Turn|p2a: Manectric\n|-damage|p2a: Manectric|93\/100\n|\n|t:|1699875411\n|switch|p1a: Tyranitar|Tyranitar, M|100\/100|[from] Flip Turn\n|-weather|Sandstorm|[from] ability: Sand Stream|[of] p1a: Tyranitar\n|\n|-weather|Sandstorm|[upkeep]\n|-damage|p2a: Manectric|87\/100|[from] Sandstorm\n|upkeep\n|turn|16\n|\n|t:|1699875418\n|detailschange|p1a: Tyranitar|Tyranitar-Mega, M\n|-mega|p1a: Tyranitar|Tyranitar|Tyranitarite\n|move|p2a: Manectric|Volt Switch|p1a: Tyranitar\n|-damage|p1a: Tyranitar|81\/100\n|\n|t:|1699875423\n|switch|p2a: Zamazenta|Zamazenta|100\/100|[from] Volt Switch\n|-ability|p2a: Zamazenta|Dauntless Shield|boost\n|-boost|p2a: Zamazenta|def|1\n|move|p1a: Tyranitar|Stone Edge|p2a: Zamazenta|[miss]\n|-miss|p1a: Tyranitar|p2a: Zamazenta\n|\n|-weather|Sandstorm|[upkeep]\n|-damage|p2a: Zamazenta|94\/100|[from] Sandstorm\n|-heal|p2a: Zamazenta|100\/100|[from] item: Leftovers\n|upkeep\n|turn|17\n|\n|t:|1699875440\n|move|p2a: Zamazenta|Substitute|p2a: Zamazenta\n|-start|p2a: Zamazenta|Substitute\n|-damage|p2a: Zamazenta|75\/100\n|move|p1a: Tyranitar|Knock Off|p2a: Zamazenta\n|-resisted|p2a: Zamazenta\n|-activate|p2a: Zamazenta|move: Substitute|[damage]\n|\n|-weather|Sandstorm|[upkeep]\n|-damage|p2a: Zamazenta|69\/100|[from] Sandstorm\n|-heal|p2a: Zamazenta|75\/100|[from] item: Leftovers\n|upkeep\n|turn|18\n|-message|CappyPulpy forfeited.\n|\n|win|zjwv5\n|raw|CappyPulpy's rating: 1429 &rarr; <strong>1413<\/strong><br \/>(-16 for losing)\n|raw|zjwv5's rating: 1499 &rarr; <strong>1515<\/strong><br \/>(+16 for winning)\n|l|\u2606CappyPulpy\n","uploadtime":1699875455,"views":7,"p1id":"cappypulpy","p2id":"zjwv5","formatid":"gen9nationaldex","rating":1413,"private":0,"password":""}