{"id":"gen9nationaldex-1997636799","p1":"FlyingSudowoodo","p2":"xpj00","format":"[Gen 9] National Dex","log":"|html|<div class=\"broadcast-blue\"><strong>[Gen 9] National Dex is currently suspecting Sneasler! For information on how to participate check out the <a href=\"https:\/\/www.smogon.com\/forums\/threads\/sv-national-dex-suspect-8-just-dance.3731534\/\">suspect thread<\/a>.<\/strong><\/div>\n|j|\u2606FlyingSudowoodo\n|j|\u2606xpj00\n|t:|1700835936\n|gametype|singles\n|player|p1|FlyingSudowoodo|juan|1173\n|player|p2|xpj00|cress|1137\n|teamsize|p1|6\n|teamsize|p2|6\n|gen|9\n|tier|[Gen 9] National Dex\n|rated|\n|rule|HP Percentage Mod: HP is shown in percentages\n|rule|Endless Battle Clause: Forcing endless battles is banned\n|rule|OHKO Clause: OHKO moves are banned\n|rule|Evasion Clause: Evasion abilities, items, and moves are banned\n|rule|Evasion Abilities Clause: Evasion abilities are banned\n|rule|Evasion Items Clause: Evasion items are banned\n|rule|Evasion Moves Clause: Evasion moves are banned\n|rule|Species Clause: Limit one of each Pok\u00e9mon\n|rule|Sleep Clause Mod: Limit one foe put to sleep\n|clearpoke\n|poke|p1|Rotom-Wash|\n|poke|p1|Heatran, F|\n|poke|p1|Grimmsnarl, M|\n|poke|p1|Garchomp, M|\n|poke|p1|Gliscor, M|\n|poke|p1|Cresselia, F|\n|poke|p2|Dachsbun, F|\n|poke|p2|Perrserker, M|\n|poke|p2|Umbreon, F|\n|poke|p2|Zapdos|\n|poke|p2|Torterra, F|\n|poke|p2|Blastoise, M|\n|teampreview\n|inactive|Battle timer is ON: inactive players will automatically lose when time's up. (requested by xpj00)\n|\n|t:|1700835963\n|start\n|switch|p1a: Grimmsnarl|Grimmsnarl, M|100\/100\n|switch|p2a: Mari Pili|Torterra, F|100\/100\n|turn|1\n|\n|t:|1700835977\n|move|p1a: Grimmsnarl|Taunt|p2a: Mari Pili\n|-start|p2a: Mari Pili|move: Taunt\n|cant|p2a: Mari Pili|move: Taunt|Leech Seed\n|\n|upkeep\n|turn|2\n|\n|t:|1700835982\n|move|p1a: Grimmsnarl|Reflect|p1a: Grimmsnarl\n|-sidestart|p1: FlyingSudowoodo|Reflect\n|move|p2a: Mari Pili|Earthquake|p1a: Grimmsnarl\n|-damage|p1a: Grimmsnarl|72\/100\n|\n|upkeep\n|turn|3\n|\n|t:|1700835988\n|switch|p2a: Pegote|Perrserker, M, shiny|100\/100\n|move|p1a: Grimmsnarl|Spirit Break|p2a: Pegote\n|-resisted|p2a: Pegote\n|-damage|p2a: Pegote|86\/100\n|-unboost|p2a: Pegote|spa|1\n|\n|upkeep\n|turn|4\n|\n|t:|1700835997\n|move|p1a: Grimmsnarl|Parting Shot|p2a: Pegote\n|-unboost|p2a: Pegote|atk|1\n|-unboost|p2a: Pegote|spa|1\n|\n|t:|1700836001\n|switch|p1a: Rotom|Rotom-Wash|100\/100|[from] Parting Shot\n|move|p2a: Pegote|Brick Break|p1a: Rotom\n|-sideend|p1: FlyingSudowoodo|Reflect\n|-damage|p1a: Rotom|73\/100\n|\n|-heal|p1a: Rotom|79\/100|[from] item: Leftovers\n|upkeep\n|turn|5\n|\n|t:|1700836020\n|switch|p2a: Mari Pili|Torterra, F|100\/100\n|move|p1a: Rotom|Will-O-Wisp|p2a: Mari Pili\n|-status|p2a: Mari Pili|brn\n|\n|-heal|p1a: Rotom|85\/100|[from] item: Leftovers\n|-damage|p2a: Mari Pili|94\/100 brn|[from] brn\n|upkeep\n|turn|6\n|\n|t:|1700836038\n|switch|p1a: Garchomp|Garchomp, M|100\/100\n|move|p2a: Mari Pili|Shell Smash|p2a: Mari Pili\n|-unboost|p2a: Mari Pili|def|1\n|-unboost|p2a: Mari Pili|spd|1\n|-boost|p2a: Mari Pili|atk|2\n|-boost|p2a: Mari Pili|spa|2\n|-boost|p2a: Mari Pili|spe|2\n|-enditem|p2a: Mari Pili|White Herb\n|-clearnegativeboost|p2a: Mari Pili|[silent]\n|\n|-damage|p2a: Mari Pili|88\/100 brn|[from] brn\n|upkeep\n|turn|7\n|\n|t:|1700836055\n|move|p1a: Garchomp|Earthquake|p2a: Mari Pili\n|-resisted|p2a: Mari Pili\n|-damage|p2a: Mari Pili|68\/100 brn\n|move|p2a: Mari Pili|Leech Seed|p1a: Garchomp|[miss]\n|-miss|p2a: Mari Pili|p1a: Garchomp\n|\n|-damage|p2a: Mari Pili|62\/100 brn|[from] brn\n|upkeep\n|turn|8\n|\n|t:|1700836064\n|switch|p1a: Grimmsnarl|Grimmsnarl, M|72\/100\n|move|p2a: Mari Pili|Leech Seed|p1a: Grimmsnarl\n|-start|p1a: Grimmsnarl|move: Leech Seed\n|\n|-damage|p1a: Grimmsnarl|59\/100|[from] Leech Seed|[of] p2a: Mari Pili\n|-heal|p2a: Mari Pili|74\/100 brn|[silent]\n|-damage|p2a: Mari Pili|68\/100 brn|[from] brn\n|upkeep\n|turn|9\n|\n|t:|1700836087\n|move|p1a: Grimmsnarl|Taunt|p2a: Mari Pili\n|-start|p2a: Mari Pili|move: Taunt\n|move|p2a: Mari Pili|Seed Bomb|p1a: Grimmsnarl\n|-damage|p1a: Grimmsnarl|12\/100\n|\n|-damage|p1a: Grimmsnarl|0 fnt|[from] Leech Seed|[of] p2a: Mari Pili\n|-heal|p2a: Mari Pili|79\/100 brn|[silent]\n|faint|p1a: Grimmsnarl\n|-damage|p2a: Mari Pili|73\/100 brn|[from] brn\n|upkeep\n|inactive|FlyingSudowoodo has 120 seconds left.\n|\n|t:|1700836101\n|switch|p1a: Heatran|Heatran, F|100\/100\n|turn|10\n|\n|t:|1700836113\n|switch|p1a: Gliscor|Gliscor, M|100\/100\n|move|p2a: Mari Pili|Earthquake|p1a: Gliscor\n|-immune|p1a: Gliscor\n|\n|-damage|p2a: Mari Pili|67\/100 brn|[from] brn\n|-status|p1a: Gliscor|tox|[from] item: Toxic Orb\n|upkeep\n|turn|11\n|\n|t:|1700836124\n|switch|p2a: Blastoise|Blastoise, M, shiny|100\/100\n|move|p1a: Gliscor|Stealth Rock|p2a: Blastoise\n|-sidestart|p2: xpj00|move: Stealth Rock\n|\n|upkeep\n|turn|12\n|\n|t:|1700836130\n|switch|p1a: Rotom|Rotom-Wash|85\/100\n|move|p2a: Blastoise|Rain Dance|p2a: Blastoise\n|-weather|RainDance\n|\n|-weather|RainDance|[upkeep]\n|-heal|p1a: Rotom|91\/100|[from] item: Leftovers\n|upkeep\n|turn|13\n|\n|t:|1700836142\n|move|p1a: Rotom|Volt Switch|p2a: Blastoise\n|-supereffective|p2a: Blastoise\n|-damage|p2a: Blastoise|52\/100\n|\n|t:|1700836147\n|switch|p1a: Garchomp|Garchomp, M|100\/100|[from] Volt Switch\n|move|p2a: Blastoise|Dragon Pulse|p1a: Garchomp\n|-supereffective|p1a: Garchomp\n|-damage|p1a: Garchomp|33\/100\n|-damage|p2a: Blastoise|42\/100|[from] item: Life Orb\n|\n|-weather|RainDance|[upkeep]\n|-heal|p2a: Blastoise|49\/100|[from] ability: Rain Dish\n|upkeep\n|turn|14\n|\n|t:|1700836158\n|move|p1a: Garchomp|Earthquake|p2a: Blastoise\n|-damage|p2a: Blastoise|0 fnt\n|faint|p2a: Blastoise\n|\n|-weather|RainDance|[upkeep]\n|upkeep\n|\n|t:|1700836170\n|switch|p2a: Zapdos|Zapdos|100\/100\n|-damage|p2a: Zapdos|76\/100|[from] Stealth Rock\n|-ability|p2a: Zapdos|Pressure\n|turn|15\n|\n|t:|1700836176\n|switch|p1a: Gliscor|Gliscor, M|100\/100 tox\n|move|p2a: Zapdos|Hurricane|p1a: Gliscor\n|-damage|p1a: Gliscor|35\/100 tox\n|-damage|p2a: Zapdos|66\/100|[from] item: Life Orb\n|\n|-weather|RainDance|[upkeep]\n|-heal|p1a: Gliscor|47\/100 tox|[from] ability: Poison Heal\n|upkeep\n|turn|16\n|\n|t:|1700836189\n|switch|p1a: Rotom|Rotom-Wash|91\/100\n|move|p2a: Zapdos|Hurricane|p1a: Rotom\n|-resisted|p1a: Rotom\n|-damage|p1a: Rotom|60\/100\n|-start|p1a: Rotom|confusion\n|-damage|p2a: Zapdos|56\/100|[from] item: Life Orb\n|\n|-weather|none\n|-heal|p1a: Rotom|66\/100|[from] item: Leftovers\n|upkeep\n|turn|17\n|\n|t:|1700836201\n|move|p2a: Zapdos|Roost|p2a: Zapdos\n|-heal|p2a: Zapdos|100\/100\n|-singleturn|p2a: Zapdos|move: Roost\n|-activate|p1a: Rotom|confusion\n|-damage|p1a: Rotom|60\/100|[from] confusion\n|\n|-heal|p1a: Rotom|66\/100|[from] item: Leftovers\n|upkeep\n|turn|18\n|\n|t:|1700836210\n|switch|p2a: Pegote|Perrserker, M, shiny|86\/100\n|-damage|p2a: Pegote|80\/100|[from] Stealth Rock\n|-activate|p1a: Rotom|confusion\n|move|p1a: Rotom|Hydro Pump|p2a: Pegote\n|-damage|p2a: Pegote|19\/100\n|\n|-heal|p1a: Rotom|72\/100|[from] item: Leftovers\n|upkeep\n|turn|19\n|\n|t:|1700836219\n|-end|p1a: Rotom|confusion\n|move|p1a: Rotom|Volt Switch|p2a: Pegote\n|-damage|p2a: Pegote|0 fnt\n|faint|p2a: Pegote\n|\n|t:|1700836228\n|switch|p1a: Heatran|Heatran, F|100\/100|[from] Volt Switch\n|\n|upkeep\n|\n|t:|1700836241\n|switch|p2a: Xena|Dachsbun, F, shiny|100\/100\n|-damage|p2a: Xena|88\/100|[from] Stealth Rock\n|turn|20\n|\n|t:|1700836251\n|move|p1a: Heatran|Flash Cannon|p2a: Xena\n|-supereffective|p2a: Xena\n|-damage|p2a: Xena|0 fnt\n|faint|p2a: Xena\n|\n|upkeep\n|-message|xpj00 forfeited.\n|\n|win|FlyingSudowoodo\n|raw|FlyingSudowoodo's rating: 1173 &rarr; <strong>1195<\/strong><br \/>(+22 for winning)\n|raw|xpj00's rating: 1137 &rarr; <strong>1115<\/strong><br \/>(-22 for losing)\n|l|\u2606xpj00\n","uploadtime":1700836259,"views":3,"p1id":"flyingsudowoodo","p2id":"xpj00","formatid":"gen9nationaldex","rating":1115,"private":0,"password":""}