{"id":"gen9nationaldex-1987282860","p1":"PunyPluto","p2":"0ther_S1de","format":"[Gen 9] National Dex","log":"|j|\u2606PunyPluto\n|j|\u26060ther_S1de\n|t:|1699572912\n|gametype|singles\n|player|p1|PunyPluto|caitlin|1157\n|player|p2|0ther_S1de|1|1208\n|teamsize|p1|6\n|teamsize|p2|6\n|gen|9\n|tier|[Gen 9] National Dex\n|rated|\n|rule|HP Percentage Mod: HP is shown in percentages\n|rule|Endless Battle Clause: Forcing endless battles is banned\n|rule|OHKO Clause: OHKO moves are banned\n|rule|Evasion Clause: Evasion abilities, items, and moves are banned\n|rule|Evasion Abilities Clause: Evasion abilities are banned\n|rule|Evasion Items Clause: Evasion items are banned\n|rule|Evasion Moves Clause: Evasion moves are banned\n|rule|Species Clause: Limit one of each Pok\u00e9mon\n|rule|Sleep Clause Mod: Limit one foe put to sleep\n|clearpoke\n|poke|p1|Serperior, M|\n|poke|p1|Volcarona, F|\n|poke|p1|Sneasler, M|\n|poke|p1|Greninja-*, M|\n|poke|p1|Diancie|\n|poke|p1|Gliscor, M|\n|poke|p2|Masquerain, M|\n|poke|p2|Galvantula, M|\n|poke|p2|Urshifu-*, M|\n|poke|p2|Medicham, F|\n|poke|p2|Great Tusk|\n|poke|p2|Kartana|\n|teampreview\n|\n|t:|1699572938\n|start\n|switch|p1a: Tengen|Greninja, M|100\/100\n|switch|p2a: Masquerain|Masquerain, M|100\/100\n|-ability|p2a: Masquerain|Intimidate|boost\n|-unboost|p1a: Tengen|atk|1\n|turn|1\n|\n|t:|1699572944\n|move|p1a: Tengen|Ice Beam|p2a: Masquerain\n|-start|p1a: Tengen|typechange|Ice|[from] ability: Protean\n|-supereffective|p2a: Masquerain\n|-enditem|p2a: Masquerain|Focus Sash\n|-damage|p2a: Masquerain|1\/100\n|move|p2a: Masquerain|Sticky Web|p1a: Tengen\n|-sidestart|p1: PunyPluto|move: Sticky Web\n|\n|upkeep\n|turn|2\n|\n|t:|1699572957\n|switch|p2a: Kartana|Kartana|100\/100\n|move|p1a: Tengen|Ice Beam|p2a: Kartana\n|-damage|p2a: Kartana|0 fnt\n|faint|p2a: Kartana\n|\n|upkeep\n|\n|t:|1699572963\n|switch|p2a: Medicham|Medicham, F|100\/100\n|turn|3\n|\n|t:|1699572973\n|switch|p1a: Gyomei|Gliscor, M|100\/100\n|detailschange|p2a: Medicham|Medicham-Mega, F\n|-mega|p2a: Medicham|Medicham|Medichamite\n|move|p2a: Medicham|Fake Out|p1a: Gyomei\n|-damage|p1a: Gyomei|80\/100\n|\n|-status|p1a: Gyomei|tox|[from] item: Toxic Orb\n|upkeep\n|turn|4\n|\n|t:|1699572984\n|move|p2a: Medicham|Ice Punch|p1a: Gyomei\n|-supereffective|p1a: Gyomei\n|-damage|p1a: Gyomei|0 fnt\n|faint|p1a: Gyomei\n|\n|upkeep\n|\n|t:|1699573002\n|switch|p1a: Tengen|Greninja, M|100\/100\n|-activate|p1a: Tengen|move: Sticky Web\n|-unboost|p1a: Tengen|spe|1\n|turn|5\n|\n|t:|1699573012\n|move|p1a: Tengen|U-turn|p2a: Medicham\n|-start|p1a: Tengen|typechange|Bug|[from] ability: Protean\n|-damage|p2a: Medicham|67\/100\n|\n|t:|1699573016\n|switch|p1a: Shinobu|Volcarona, F|100\/100|[from] U-turn\n|move|p2a: Medicham|Close Combat|p1a: Shinobu\n|-resisted|p1a: Shinobu\n|-damage|p1a: Shinobu|23\/100\n|-unboost|p2a: Medicham|def|1\n|-unboost|p2a: Medicham|spd|1\n|\n|upkeep\n|turn|6\n|\n|t:|1699573030\n|move|p2a: Medicham|Zen Headbutt|p1a: Shinobu\n|-damage|p1a: Shinobu|0 fnt\n|faint|p1a: Shinobu\n|\n|upkeep\n|\n|t:|1699573034\n|switch|p1a: Tengen|Greninja, M|100\/100\n|-activate|p1a: Tengen|move: Sticky Web\n|-unboost|p1a: Tengen|spe|1\n|turn|7\n|\n|t:|1699573038\n|move|p1a: Tengen|Water Shuriken|p2a: Medicham\n|-start|p1a: Tengen|typechange|Water|[from] ability: Protean\n|-damage|p2a: Medicham|51\/100\n|-damage|p2a: Medicham|35\/100\n|-hitcount|p2a: Medicham|2\n|move|p2a: Medicham|Close Combat|p1a: Tengen\n|-crit|p1a: Tengen\n|-damage|p1a: Tengen|0 fnt\n|-unboost|p2a: Medicham|def|1\n|-unboost|p2a: Medicham|spd|1\n|faint|p1a: Tengen\n|\n|upkeep\n|\n|t:|1699573049\n|switch|p1a: Mitsuri|Diancie|100\/100\n|-activate|p1a: Mitsuri|move: Sticky Web\n|-fail|p1a: Mitsuri|unboost|[from] ability: Clear Body|[of] p1a: Mitsuri\n|turn|8\n|\n|t:|1699573057\n|detailschange|p1a: Mitsuri|Diancie-Mega\n|-mega|p1a: Mitsuri|Diancie|Diancite\n|move|p1a: Mitsuri|Moonblast|p2a: Medicham\n|-supereffective|p2a: Medicham\n|-damage|p2a: Medicham|0 fnt\n|faint|p2a: Medicham\n|\n|upkeep\n|\n|t:|1699573067\n|switch|p2a: Galvantula|Galvantula, M|100\/100\n|turn|9\n|\n|t:|1699573069\n|move|p1a: Mitsuri|Diamond Storm|p2a: Galvantula\n|-supereffective|p2a: Galvantula\n|-enditem|p2a: Galvantula|Focus Sash\n|-damage|p2a: Galvantula|1\/100\n|-boost|p1a: Mitsuri|def|2\n|move|p2a: Galvantula|Energy Ball|p1a: Mitsuri\n|-supereffective|p1a: Mitsuri\n|-damage|p1a: Mitsuri|28\/100\n|\n|upkeep\n|turn|10\n|\n|t:|1699573080\n|move|p1a: Mitsuri|Earth Power|p2a: Galvantula\n|-damage|p2a: Galvantula|0 fnt\n|faint|p2a: Galvantula\n|\n|upkeep\n|\n|t:|1699573082\n|switch|p2a: Urshifu|Urshifu-Rapid-Strike, M|100\/100\n|turn|11\n|\n|t:|1699573086\n|move|p2a: Urshifu|Aqua Jet|p1a: Mitsuri\n|-supereffective|p1a: Mitsuri\n|-damage|p1a: Mitsuri|0 fnt\n|faint|p1a: Mitsuri\n|\n|upkeep\n|\n|t:|1699573091\n|switch|p1a: Obanai|Serperior, M|100\/100\n|-activate|p1a: Obanai|move: Sticky Web\n|-boost|p1a: Obanai|spe|1\n|turn|12\n|\n|t:|1699573095\n|switch|p2a: Masquerain|Masquerain, M|1\/100\n|-ability|p2a: Masquerain|Intimidate|boost\n|-boost|p1a: Obanai|atk|1\n|move|p1a: Obanai|Leaf Storm|p2a: Masquerain\n|-resisted|p2a: Masquerain\n|-damage|p2a: Masquerain|0 fnt\n|-boost|p1a: Obanai|spa|2\n|faint|p2a: Masquerain\n|\n|upkeep\n|\n|t:|1699573103\n|switch|p2a: Great Tusk|Great Tusk|100\/100\n|turn|13\n|\n|t:|1699573107\n|move|p1a: Obanai|Leaf Storm|p2a: Great Tusk\n|-supereffective|p2a: Great Tusk\n|-damage|p2a: Great Tusk|0 fnt\n|-boost|p1a: Obanai|spa|2\n|faint|p2a: Great Tusk\n|-end|p2a: Great Tusk|Protosynthesis|[silent]\n|\n|upkeep\n|inactive|Battle timer is ON: inactive players will automatically lose when time's up. (requested by PunyPluto)\n|inactive|0ther_S1de has 120 seconds left.\n|inactive|0ther_S1de has 90 seconds left.\n|inactive|0ther_S1de has 60 seconds left.\n|l|\u26060ther_S1de\n|inactive|0ther_S1de disconnected and has a minute to reconnect!\n|player|p2|\n|inactive|0ther_S1de has 30 seconds left.\n|inactive|0ther_S1de has 20 seconds left.\n|inactive|0ther_S1de has 15 seconds left.\n|inactive|0ther_S1de has 10 seconds left.\n|inactive|0ther_S1de has 5 seconds left.\n|-message|0ther_S1de lost due to inactivity.\n|\n|win|PunyPluto\n|raw|PunyPluto's rating: 1157 &rarr; <strong>1187<\/strong><br \/>(+30 for winning)\n|raw|0ther_S1de's rating: 1230 &rarr; <strong>1200<\/strong><br \/>(-30 for losing)\n","uploadtime":1699573295,"views":14,"p1id":"punypluto","p2id":"0thers1de","formatid":"gen9nationaldex","rating":1187,"private":0,"password":""}