{"id":"gen9nationaldex-1994426419","p1":"PulsarNyx","p2":"Dylax","format":"[Gen 9] National Dex","log":"|j|\u2606PulsarNyx\n|j|\u2606Dylax\n|t:|1700442625\n|gametype|singles\n|player|p1|PulsarNyx|eusine|\n|player|p2|Dylax|larry|\n|teamsize|p1|6\n|teamsize|p2|6\n|gen|9\n|tier|[Gen 9] National Dex\n|rule|HP Percentage Mod: HP is shown in percentages\n|rule|Endless Battle Clause: Forcing endless battles is banned\n|rule|OHKO Clause: OHKO moves are banned\n|rule|Evasion Clause: Evasion abilities, items, and moves are banned\n|rule|Evasion Abilities Clause: Evasion abilities are banned\n|rule|Evasion Items Clause: Evasion items are banned\n|rule|Evasion Moves Clause: Evasion moves are banned\n|rule|Species Clause: Limit one of each Pok\u00e9mon\n|rule|Sleep Clause Mod: Limit one foe put to sleep\n|clearpoke\n|poke|p1|Zapdos|\n|poke|p1|Blaziken, M|\n|poke|p1|Empoleon, F|\n|poke|p1|Porygon-Z|\n|poke|p1|Archeops, F|\n|poke|p1|Decidueye, M|\n|poke|p2|Porygon2|\n|poke|p2|Cresselia, F|\n|poke|p2|Skarmory, M|\n|poke|p2|Togekiss, F|\n|poke|p2|Zapdos|\n|poke|p2|Quaquaval, M|\n|teampreview\n|c|\u2606Dylax|gaming\n|j| PlatinumZelda\n|c|\u2606Dylax|good luck\n|\n|t:|1700442751\n|start\n|switch|p1a: Trinitas|Empoleon, F|100\/100\n|switch|p2a: Starscream|Skarmory, M|100\/100\n|turn|1\n|c|\u2606Dylax|Anything can happen in Jersey\n|\n|t:|1700442797\n|move|p2a: Starscream|Stealth Rock|p1a: Trinitas\n|-sidestart|p1: PulsarNyx|move: Stealth Rock\n|move|p1a: Trinitas|Hydro Pump|p2a: Starscream\n|-damage|p2a: Starscream|49\/100\n|\n|upkeep\n|turn|2\n|\n|t:|1700442839\n|switch|p2a: Rosalina|Cresselia, F, shiny|100\/100\n|move|p1a: Trinitas|Hydro Pump|p2a: Rosalina\n|-damage|p2a: Rosalina|72\/100\n|\n|-heal|p2a: Rosalina|78\/100|[from] item: Leftovers\n|upkeep\n|turn|3\n|\n|t:|1700442856\n|move|p2a: Rosalina|Thunderbolt|p1a: Trinitas\n|-supereffective|p1a: Trinitas\n|-damage|p1a: Trinitas|69\/100\n|-status|p1a: Trinitas|par\n|move|p1a: Trinitas|Defog|p2a: Rosalina\n|-unboost|p2a: Rosalina|evasion|1\n|-sideend|p1: PulsarNyx|Stealth Rock|[from] move: Defog|[of] p1a: Trinitas\n|\n|-heal|p2a: Rosalina|84\/100|[from] item: Leftovers\n|-heal|p1a: Trinitas|75\/100 par|[from] item: Leftovers\n|upkeep\n|turn|4\n|\n|t:|1700442868\n|move|p2a: Rosalina|Thunderbolt|p1a: Trinitas\n|-supereffective|p1a: Trinitas\n|-damage|p1a: Trinitas|48\/100 par\n|move|p1a: Trinitas|Stealth Rock|p2a: Rosalina\n|-sidestart|p2: Dylax|move: Stealth Rock\n|\n|-heal|p2a: Rosalina|90\/100|[from] item: Leftovers\n|-heal|p1a: Trinitas|54\/100 par|[from] item: Leftovers\n|upkeep\n|turn|5\n|\n|t:|1700442875\n|move|p2a: Rosalina|Thunderbolt|p1a: Trinitas\n|-supereffective|p1a: Trinitas\n|-damage|p1a: Trinitas|25\/100 par\n|move|p1a: Trinitas|Hydro Pump|p2a: Rosalina\n|-damage|p2a: Rosalina|62\/100\n|\n|-heal|p2a: Rosalina|68\/100|[from] item: Leftovers\n|-heal|p1a: Trinitas|31\/100 par|[from] item: Leftovers\n|upkeep\n|turn|6\n|\n|t:|1700442887\n|switch|p1a: Quilliam|Decidueye, M|100\/100\n|move|p2a: Rosalina|Moonlight|p2a: Rosalina\n|-heal|p2a: Rosalina|100\/100\n|\n|upkeep\n|turn|7\n|\n|t:|1700442908\n|switch|p2a: Starscream|Skarmory, M|49\/100\n|-damage|p2a: Starscream|37\/100|[from] Stealth Rock\n|move|p1a: Quilliam|Swords Dance|p1a: Quilliam\n|-boost|p1a: Quilliam|atk|2\n|\n|upkeep\n|turn|8\n|\n|t:|1700442937\n|move|p1a: Quilliam|Poltergeist|p2a: Starscream\n|-activate|p2a: Starscream|move: Poltergeist|Rocky Helmet\n|-damage|p2a: Starscream|0 fnt\n|faint|p2a: Starscream\n|-damage|p1a: Quilliam|91\/100|[from] item: Life Orb\n|\n|upkeep\n|j| MIA Kitchen\n|\n|t:|1700442948\n|switch|p2a: \"Free Thinkers\"|Zapdos|100\/100\n|turn|9\n|\n|t:|1700442955\n|move|p1a: Quilliam|Shadow Sneak|p2a: \"Free Thinkers\"\n|-damage|p2a: \"Free Thinkers\"|49\/100\n|-damage|p1a: Quilliam|81\/100|[from] item: Life Orb\n|move|p2a: \"Free Thinkers\"|Hurricane|p1a: Quilliam\n|-supereffective|p1a: Quilliam\n|-damage|p1a: Quilliam|0 fnt\n|faint|p1a: Quilliam\n|\n|upkeep\n|\n|t:|1700442962\n|switch|p1a: P-HR|Porygon-Z|100\/100\n|turn|10\n|\n|t:|1700442967\n|move|p2a: \"Free Thinkers\"|Volt Switch|p1a: P-HR\n|-damage|p1a: P-HR|57\/100\n|\n|t:|1700442970\n|switch|p2a: Rosalina|Cresselia, F, shiny|100\/100|[from] Volt Switch\n|-damage|p2a: Rosalina|88\/100|[from] Stealth Rock\n|-zpower|p1a: P-HR\n|move|p1a: P-HR|Z-Conversion|p1a: P-HR|[anim]Conversion\n|-boost|p1a: P-HR|atk|1|[zeffect]\n|-boost|p1a: P-HR|def|1|[zeffect]\n|-boost|p1a: P-HR|spa|1|[zeffect]\n|-boost|p1a: P-HR|spd|1|[zeffect]\n|-boost|p1a: P-HR|spe|1|[zeffect]\n|-start|p1a: P-HR|typechange|Electric\n|\n|-heal|p2a: Rosalina|94\/100|[from] item: Leftovers\n|upkeep\n|turn|11\n|\n|t:|1700442982\n|move|p1a: P-HR|Thunderbolt|p2a: Rosalina\n|-damage|p2a: Rosalina|43\/100\n|move|p2a: Rosalina|Toxic|p1a: P-HR\n|-status|p1a: P-HR|tox\n|\n|-heal|p2a: Rosalina|49\/100|[from] item: Leftovers\n|-damage|p1a: P-HR|51\/100 tox|[from] psn\n|upkeep\n|turn|12\n|j| darkwarrior212\n|\n|t:|1700443003\n|move|p1a: P-HR|Thunderbolt|p2a: Rosalina\n|-damage|p2a: Rosalina|0 fnt\n|faint|p2a: Rosalina\n|\n|-damage|p1a: P-HR|39\/100 tox|[from] psn\n|upkeep\n|\n|t:|1700443014\n|switch|p2a: \"Free Thinkers\"|Zapdos|49\/100\n|turn|13\n|c| MIA Kitchen|oh my god\n|c| MIA Kitchen|its zapdsos\n|c| MIA Kitchen|zapdos\n|\n|t:|1700443070\n|move|p1a: P-HR|Thunderbolt|p2a: \"Free Thinkers\"\n|-damage|p2a: \"Free Thinkers\"|0 fnt\n|faint|p2a: \"Free Thinkers\"\n|\n|-damage|p1a: P-HR|20\/100 tox|[from] psn\n|upkeep\n|\n|t:|1700443080\n|switch|p2a: Ammar|Porygon2|100\/100\n|-damage|p2a: Ammar|88\/100|[from] Stealth Rock\n|-ability|p2a: Ammar|Adaptability|[from] ability: Trace|[of] p1a: P-HR\n|turn|14\n|c| PlatinumZelda|AMMAR!!!!\n|c| darkwarrior212|We love Ammar\n|c| PlatinumZelda|he totally does not hate phr :)\n|\n|t:|1700443103\n|move|p1a: P-HR|Hyper Beam|p2a: Ammar\n|-damage|p2a: Ammar|50\/100\n|-mustrecharge|p1a: P-HR\n|move|p2a: Ammar|Recover|p2a: Ammar\n|-heal|p2a: Ammar|99\/100\n|\n|-damage|p1a: P-HR|0 fnt|[from] psn\n|faint|p1a: P-HR\n|upkeep\n|\n|t:|1700443115\n|switch|p1a: Debbie Downer|Archeops, F|100\/100\n|turn|15\n|c| PlatinumZelda|ammar is a goober\n|c| PlatinumZelda|tripp is being a debbie downer\n|c| PlatinumZelda|boooo throws tomatoes\n|\n|t:|1700443164\n|move|p1a: Debbie Downer|U-turn|p2a: Ammar\n|-crit|p2a: Ammar\n|-damage|p2a: Ammar|61\/100\n|c| PlatinumZelda|bye luvs <3\n|l| PlatinumZelda\n|\n|t:|1700443170\n|switch|p1a: Stormfeather|Zapdos|100\/100|[from] U-turn\n|move|p2a: Ammar|Ice Beam|p1a: Stormfeather\n|-supereffective|p1a: Stormfeather\n|-damage|p1a: Stormfeather|52\/100\n|\n|upkeep\n|turn|16\n|\n|t:|1700443183\n|-terastallize|p1a: Stormfeather|Electric\n|move|p1a: Stormfeather|Discharge|p2a: Ammar\n|-damage|p2a: Ammar|27\/100\n|-status|p2a: Ammar|par\n|cant|p2a: Ammar|par\n|\n|upkeep\n|turn|17\n|c|\u2606Dylax|this is not a phr moment\n|\n|t:|1700443207\n|move|p1a: Stormfeather|Discharge|p2a: Ammar\n|-damage|p2a: Ammar|0 fnt\n|faint|p2a: Ammar\n|\n|upkeep\n|c| MIA Kitchen|tragic\n|\n|t:|1700443215\n|switch|p2a: Berdly|Quaquaval, M|100\/100\n|turn|18\n|\n|t:|1700443255\n|-terastallize|p2a: Berdly|Steel\n|move|p1a: Stormfeather|Discharge|p2a: Berdly\n|-damage|p2a: Berdly|14\/100\n|move|p2a: Berdly|Aqua Step|p1a: Stormfeather\n|-damage|p1a: Stormfeather|11\/100\n|-boost|p2a: Berdly|spe|1\n|\n|upkeep\n|turn|19\n|\n|t:|1700443265\n|move|p2a: Berdly|Aqua Step|p1a: Stormfeather\n|-damage|p1a: Stormfeather|0 fnt\n|-boost|p2a: Berdly|spe|1\n|-status|p2a: Berdly|par|[from] ability: Static|[of] p1a: Stormfeather\n|faint|p1a: Stormfeather\n|-ability|p2a: Berdly|Moxie|boost\n|-boost|p2a: Berdly|atk|1\n|\n|upkeep\n|\n|t:|1700443267\n|switch|p1a: Victoire|Blaziken, M|100\/100\n|turn|20\n|\n|t:|1700443276\n|move|p2a: Berdly|Aqua Step|p1a: Victoire\n|-supereffective|p1a: Victoire\n|-enditem|p1a: Victoire|Focus Sash\n|-damage|p1a: Victoire|1\/100\n|-boost|p2a: Berdly|spe|1\n|move|p1a: Victoire|Fire Punch|p2a: Berdly\n|-supereffective|p2a: Berdly\n|-damage|p2a: Berdly|0 fnt\n|faint|p2a: Berdly\n|\n|-ability|p1a: Victoire|Speed Boost|boost\n|-boost|p1a: Victoire|spe|1\n|upkeep\n|\n|t:|1700443284\n|switch|p2a: Evangelion|Togekiss, F, shiny|100\/100\n|-damage|p2a: Evangelion|76\/100|[from] Stealth Rock\n|turn|21\n|\n|t:|1700443286\n|move|p1a: Victoire|Thunder Punch|p2a: Evangelion\n|-supereffective|p2a: Evangelion\n|-damage|p2a: Evangelion|24\/100\n|move|p2a: Evangelion|Air Slash|p1a: Victoire\n|-supereffective|p1a: Victoire\n|-damage|p1a: Victoire|0 fnt\n|faint|p1a: Victoire\n|\n|-heal|p2a: Evangelion|30\/100|[from] item: Leftovers\n|upkeep\n|\n|t:|1700443298\n|switch|p1a: Debbie Downer|Archeops, F|100\/100\n|turn|22\n|\n|t:|1700443306\n|move|p1a: Debbie Downer|Head Smash|p2a: Evangelion\n|-supereffective|p2a: Evangelion\n|-damage|p2a: Evangelion|0 fnt\n|faint|p2a: Evangelion\n|-damage|p1a: Debbie Downer|82\/100|[from] Recoil\n|\n|win|PulsarNyx\n|c|\u2606PulsarNyx|ggs\n","uploadtime":1700443315,"views":11,"p1id":"pulsarnyx","p2id":"dylax","formatid":"gen9nationaldex","rating":0,"private":0,"password":""}