{"id":"gen9nationaldex-1997236724","p1":"Dinumata","p2":"Jose307505","format":"[Gen 9] National Dex","log":"|html|<div class=\"broadcast-blue\"><strong>[Gen 9] National Dex is currently suspecting Sneasler! For information on how to participate check out the <a href=\"https:\/\/www.smogon.com\/forums\/threads\/sv-national-dex-suspect-8-just-dance.3731534\/\">suspect thread<\/a>.<\/strong><\/div>\n|j|\u2606Dinumata\n|j|\u2606Jose307505\n|t:|1700778855\n|gametype|singles\n|player|p1|Dinumata|red|\n|player|p2|Jose307505|benga|\n|teamsize|p1|6\n|teamsize|p2|6\n|gen|9\n|tier|[Gen 9] National Dex\n|rule|HP Percentage Mod: HP is shown in percentages\n|rule|Endless Battle Clause: Forcing endless battles is banned\n|rule|OHKO Clause: OHKO moves are banned\n|rule|Evasion Clause: Evasion abilities, items, and moves are banned\n|rule|Evasion Abilities Clause: Evasion abilities are banned\n|rule|Evasion Items Clause: Evasion items are banned\n|rule|Evasion Moves Clause: Evasion moves are banned\n|rule|Species Clause: Limit one of each Pok\u00e9mon\n|rule|Sleep Clause Mod: Limit one foe put to sleep\n|clearpoke\n|poke|p1|Lopunny, F|\n|poke|p1|Nihilego|\n|poke|p1|Goodra-Hisui, F|\n|poke|p1|Typhlosion, M|\n|poke|p1|Corviknight, M|\n|poke|p1|Jirachi|\n|poke|p2|Clefable, M|\n|poke|p2|Tapu Koko|\n|poke|p2|Hawlucha, M|\n|poke|p2|Scizor, F|\n|poke|p2|Aegislash, M|\n|poke|p2|Sandy Shocks|\n|teampreview\n|inactive|Battle timer is ON: inactive players will automatically lose when time's up. (requested by Jose307505)\n|\n|t:|1700778896\n|start\n|switch|p1a: Lopunny|Lopunny, F|100\/100\n|switch|p2a: D\u00e9dalo|Scizor, F, shiny|100\/100\n|turn|1\n|\n|t:|1700778913\n|detailschange|p1a: Lopunny|Lopunny-Mega, F\n|-mega|p1a: Lopunny|Lopunny|Lopunnite\n|detailschange|p2a: D\u00e9dalo|Scizor-Mega, F, shiny\n|-mega|p2a: D\u00e9dalo|Scizor|Scizorite\n|move|p1a: Lopunny|Fake Out|p2a: D\u00e9dalo\n|-resisted|p2a: D\u00e9dalo\n|-damage|p2a: D\u00e9dalo|91\/100\n|cant|p2a: D\u00e9dalo|flinch\n|\n|upkeep\n|turn|2\n|\n|t:|1700778921\n|move|p1a: Lopunny|Close Combat|p2a: D\u00e9dalo\n|-damage|p2a: D\u00e9dalo|29\/100\n|-unboost|p1a: Lopunny|def|1\n|-unboost|p1a: Lopunny|spd|1\n|move|p2a: D\u00e9dalo|U-turn|p1a: Lopunny\n|-resisted|p1a: Lopunny\n|-damage|p1a: Lopunny|62\/100\n|\n|t:|1700778945\n|switch|p2a: Jack|Aegislash, M, shiny|100\/100|[from] U-turn\n|\n|upkeep\n|turn|3\n|\n|t:|1700778969\n|switch|p1a: Jirachi|Jirachi, shiny|100\/100\n|move|p2a: Jack|Swords Dance|p2a: Jack\n|-boost|p2a: Jack|atk|2\n|\n|upkeep\n|turn|4\n|inactive|Jose307505 has 270 seconds left.\n|\n|t:|1700778989\n|-zpower|p1a: Jirachi\n|move|p1a: Jirachi|Z-Happy Hour|p1a: Jirachi|[anim]Happy Hour\n|-boost|p1a: Jirachi|atk|1|[zeffect]\n|-boost|p1a: Jirachi|def|1|[zeffect]\n|-boost|p1a: Jirachi|spa|1|[zeffect]\n|-boost|p1a: Jirachi|spd|1|[zeffect]\n|-boost|p1a: Jirachi|spe|1|[zeffect]\n|-formechange|p2a: Jack|Aegislash-Blade||[from] ability: Stance Change\n|move|p2a: Jack|Iron Head|p1a: Jirachi\n|-resisted|p1a: Jirachi\n|-damage|p1a: Jirachi|73\/100\n|\n|upkeep\n|turn|5\n|\n|t:|1700779008\n|-formechange|p2a: Jack|Aegislash||[from] ability: Stance Change\n|move|p2a: Jack|King's Shield|p2a: Jack\n|-singleturn|p2a: Jack|Protect\n|move|p1a: Jirachi|Iron Head|p2a: Jack\n|-activate|p2a: Jack|move: Protect\n|-unboost|p1a: Jirachi|atk|1\n|\n|upkeep\n|turn|6\n|\n|t:|1700779017\n|move|p1a: Jirachi|Iron Head|p2a: Jack\n|-resisted|p2a: Jack\n|-damage|p2a: Jack|90\/100\n|cant|p2a: Jack|flinch\n|\n|upkeep\n|turn|7\n|\n|t:|1700779021\n|move|p1a: Jirachi|Iron Head|p2a: Jack\n|-resisted|p2a: Jack\n|-damage|p2a: Jack|80\/100\n|move|p2a: Jack|Swords Dance|p2a: Jack\n|-boost|p2a: Jack|atk|2\n|\n|upkeep\n|turn|8\n|\n|t:|1700779027\n|move|p1a: Jirachi|Iron Head|p2a: Jack\n|-resisted|p2a: Jack\n|-damage|p2a: Jack|68\/100\n|cant|p2a: Jack|flinch\n|\n|upkeep\n|turn|9\n|\n|t:|1700779032\n|move|p2a: Jack|King's Shield|p2a: Jack\n|-singleturn|p2a: Jack|Protect\n|move|p1a: Jirachi|Iron Head|p2a: Jack\n|-activate|p2a: Jack|move: Protect\n|-unboost|p1a: Jirachi|atk|1\n|\n|upkeep\n|turn|10\n|\n|t:|1700779042\n|move|p1a: Jirachi|Iron Head|p2a: Jack\n|-resisted|p2a: Jack\n|-damage|p2a: Jack|61\/100\n|move|p2a: Jack|Swords Dance|p2a: Jack\n|-boost|p2a: Jack|atk|2\n|\n|upkeep\n|turn|11\n|\n|t:|1700779046\n|-formechange|p2a: Jack|Aegislash-Blade||[from] ability: Stance Change\n|move|p2a: Jack|Shadow Sneak|p1a: Jirachi\n|-supereffective|p1a: Jirachi\n|-damage|p1a: Jirachi|0 fnt\n|faint|p1a: Jirachi\n|\n|upkeep\n|\n|t:|1700779070\n|switch|p1a: Goodra|Goodra-Hisui, F|100\/100\n|turn|12\n|\n|t:|1700779077\n|-formechange|p2a: Jack|Aegislash||[from] ability: Stance Change\n|move|p2a: Jack|King's Shield|p2a: Jack\n|-singleturn|p2a: Jack|Protect\n|move|p1a: Goodra|Flamethrower|p2a: Jack\n|-activate|p2a: Jack|move: Protect\n|\n|upkeep\n|turn|13\n|\n|t:|1700779084\n|move|p1a: Goodra|Flamethrower|p2a: Jack\n|-supereffective|p2a: Jack\n|-damage|p2a: Jack|16\/100\n|-enditem|p2a: Jack|Weakness Policy\n|-boost|p2a: Jack|atk|0\n|-boost|p2a: Jack|spa|2|[from] item: Weakness Policy\n|-formechange|p2a: Jack|Aegislash-Blade||[from] ability: Stance Change\n|move|p2a: Jack|Iron Head|p1a: Goodra\n|-resisted|p1a: Goodra\n|-damage|p1a: Goodra|12\/100\n|-ability|p1a: Goodra|Gooey\n|-unboost|p2a: Jack|spe|1\n|\n|upkeep\n|turn|14\n|\n|t:|1700779095\n|move|p2a: Jack|Shadow Sneak|p1a: Goodra\n|-damage|p1a: Goodra|0 fnt\n|-ability|p1a: Goodra|Gooey\n|-unboost|p2a: Jack|spe|1\n|faint|p1a: Goodra\n|\n|upkeep\n|\n|t:|1700779108\n|switch|p1a: Lopunny|Lopunny-Mega, F|62\/100\n|turn|15\n|\n|t:|1700779113\n|-formechange|p2a: Jack|Aegislash||[from] ability: Stance Change\n|move|p2a: Jack|King's Shield|p2a: Jack\n|-singleturn|p2a: Jack|Protect\n|move|p1a: Lopunny|Play Rough|p2a: Jack\n|-activate|p2a: Jack|move: Protect\n|-unboost|p1a: Lopunny|atk|1\n|\n|upkeep\n|turn|16\n|\n|t:|1700779124\n|switch|p1a: Corviknight|Corviknight, M|100\/100\n|-ability|p1a: Corviknight|Pressure\n|-formechange|p2a: Jack|Aegislash-Blade||[from] ability: Stance Change\n|move|p2a: Jack|Iron Head|p1a: Corviknight\n|-resisted|p1a: Corviknight\n|-damage|p1a: Corviknight|42\/100\n|-damage|p2a: Jack|0 fnt|[from] item: Rocky Helmet|[of] p1a: Corviknight\n|faint|p2a: Jack\n|\n|upkeep\n|\n|t:|1700779129\n|switch|p2a: Zeus|Tapu Koko, shiny|100\/100\n|-fieldstart|move: Electric Terrain|[from] ability: Electric Surge|[of] p2a: Zeus\n|turn|17\n|inactive|Dinumata has 270 seconds left.\n|\n|t:|1700779169\n|move|p2a: Zeus|Thunderbolt|p1a: Corviknight\n|-supereffective|p1a: Corviknight\n|-damage|p1a: Corviknight|0 fnt\n|faint|p1a: Corviknight\n|\n|upkeep\n|\n|t:|1700779178\n|switch|p1a: Nihilego|Nihilego|100\/100\n|turn|18\n|\n|t:|1700779189\n|-terastallize|p1a: Nihilego|Electric\n|move|p2a: Zeus|Thunderbolt|p1a: Nihilego\n|-resisted|p1a: Nihilego\n|-damage|p1a: Nihilego|83\/100\n|move|p1a: Nihilego|Thunderbolt|p2a: Zeus\n|-resisted|p2a: Zeus\n|-damage|p2a: Zeus|58\/100\n|\n|-heal|p2a: Zeus|64\/100|[from] item: Leftovers\n|upkeep\n|turn|19\n|\n|t:|1700779202\n|move|p2a: Zeus|Dazzling Gleam|p1a: Nihilego\n|-damage|p1a: Nihilego|59\/100\n|move|p1a: Nihilego|Clear Smog|p2a: Zeus\n|-supereffective|p2a: Zeus\n|-damage|p2a: Zeus|0 fnt\n|-clearboost|p2a: Zeus\n|faint|p2a: Zeus\n|-ability|p1a: Nihilego|Beast Boost|boost\n|-boost|p1a: Nihilego|spe|1\n|\n|upkeep\n|\n|t:|1700779208\n|switch|p2a: Heracles|Hawlucha, M, shiny|100\/100\n|-enditem|p2a: Heracles|Electric Seed\n|-boost|p2a: Heracles|def|1|[from] item: Electric Seed\n|turn|20\n|inactive|Dinumata has 270 seconds left.\n|\n|t:|1700779215\n|-terastallize|p2a: Heracles|Steel\n|move|p2a: Heracles|Iron Head|p1a: Nihilego\n|-resisted|p1a: Nihilego\n|-damage|p1a: Nihilego|27\/100\n|move|p1a: Nihilego|Thunderbolt|p2a: Heracles\n|-damage|p2a: Heracles|5\/100\n|\n|upkeep\n|turn|21\n|\n|t:|1700779223\n|move|p2a: Heracles|Iron Head|p1a: Nihilego\n|-resisted|p1a: Nihilego\n|-crit|p1a: Nihilego\n|-damage|p1a: Nihilego|0 fnt\n|faint|p1a: Nihilego\n|\n|-fieldend|move: Electric Terrain\n|upkeep\n|\n|t:|1700779225\n|switch|p1a: Lopunny|Lopunny-Mega, F|62\/100\n|turn|22\n|\n|t:|1700779235\n|switch|p2a: Jode Matrimonios|Clefable, M, shiny|100\/100\n|move|p1a: Lopunny|Fake Out|p2a: Jode Matrimonios\n|-damage|p2a: Jode Matrimonios|84\/100\n|\n|-heal|p2a: Jode Matrimonios|90\/100|[from] item: Leftovers\n|upkeep\n|turn|23\n|\n|t:|1700779241\n|move|p1a: Lopunny|U-turn|p2a: Jode Matrimonios\n|-resisted|p2a: Jode Matrimonios\n|-damage|p2a: Jode Matrimonios|81\/100\n|\n|t:|1700779243\n|switch|p1a: Typhlosion|Typhlosion, M|100\/100|[from] U-turn\n|move|p2a: Jode Matrimonios|Cosmic Power|p2a: Jode Matrimonios\n|-boost|p2a: Jode Matrimonios|def|1\n|-boost|p2a: Jode Matrimonios|spd|1\n|\n|-heal|p2a: Jode Matrimonios|87\/100|[from] item: Leftovers\n|upkeep\n|turn|24\n|\n|t:|1700779250\n|move|p1a: Typhlosion|Eruption|p2a: Jode Matrimonios\n|-damage|p2a: Jode Matrimonios|35\/100\n|move|p2a: Jode Matrimonios|Toxic|p1a: Typhlosion\n|-status|p1a: Typhlosion|tox\n|\n|-heal|p2a: Jode Matrimonios|41\/100|[from] item: Leftovers\n|-damage|p1a: Typhlosion|94\/100 tox|[from] psn\n|upkeep\n|turn|25\n|\n|t:|1700779256\n|move|p1a: Typhlosion|Eruption|p2a: Jode Matrimonios\n|-damage|p2a: Jode Matrimonios|0 fnt\n|faint|p2a: Jode Matrimonios\n|\n|-damage|p1a: Typhlosion|82\/100 tox|[from] psn\n|upkeep\n|\n|t:|1700779266\n|switch|p2a: D\u00e9dalo|Scizor-Mega, F, shiny|29\/100\n|turn|26\n|\n|t:|1700779270\n|move|p2a: D\u00e9dalo|Bullet Punch|p1a: Typhlosion\n|-resisted|p1a: Typhlosion\n|-damage|p1a: Typhlosion|57\/100 tox\n|move|p1a: Typhlosion|Eruption|p2a: D\u00e9dalo\n|-supereffective|p2a: D\u00e9dalo\n|-damage|p2a: D\u00e9dalo|0 fnt\n|faint|p2a: D\u00e9dalo\n|\n|-damage|p1a: Typhlosion|39\/100 tox|[from] psn\n|upkeep\n|\n|t:|1700779273\n|switch|p2a: Sandy Shocks|Sandy Shocks, shiny|100\/100\n|turn|27\n|\n|t:|1700779284\n|move|p1a: Typhlosion|Eruption|p2a: Sandy Shocks\n|-damage|p2a: Sandy Shocks|65\/100\n|move|p2a: Sandy Shocks|Volt Switch|p1a: Typhlosion\n|-damage|p1a: Typhlosion|0 fnt\n|faint|p1a: Typhlosion\n|\n|t:|1700779288\n|-end|p2a: Sandy Shocks|Protosynthesis|[silent]\n|switch|p2a: Heracles|Hawlucha, M, shiny, tera:Steel|5\/100|[from] Volt Switch\n|\n|upkeep\n|\n|t:|1700779289\n|switch|p1a: Lopunny|Lopunny-Mega, F|62\/100\n|turn|28\n|\n|t:|1700779296\n|move|p1a: Lopunny|Fake Out|p2a: Heracles\n|-resisted|p2a: Heracles\n|-damage|p2a: Heracles|0 fnt\n|faint|p2a: Heracles\n|\n|upkeep\n|\n|t:|1700779298\n|switch|p2a: Sandy Shocks|Sandy Shocks, shiny|65\/100\n|turn|29\n|c|\u2606Dinumata|ganaste\n|\n|t:|1700779322\n|move|p1a: Lopunny|Play Rough|p2a: Sandy Shocks\n|-damage|p2a: Sandy Shocks|28\/100\n|move|p2a: Sandy Shocks|Thunderbolt|p1a: Lopunny\n|-damage|p1a: Lopunny|0 fnt\n|faint|p1a: Lopunny\n|\n|win|Jose307505\n|c|\u2606Jose307505|VAMO\n","uploadtime":1700779493,"views":6,"p1id":"dinumata","p2id":"jose307505","formatid":"gen9nationaldex","rating":0,"private":0,"password":""}