{"id":"gen9nationaldex-1994276208","p1":"lolo1306","p2":"Rankuroi","format":"[Gen 9] National Dex","log":"|j|\u2606lolo1306\n|j|\u2606Rankuroi\n|t:|1700426130\n|gametype|singles\n|player|p1|lolo1306|marlon|1274\n|player|p2|Rankuroi|erika|1265\n|teamsize|p1|6\n|teamsize|p2|6\n|gen|9\n|tier|[Gen 9] National Dex\n|rated|\n|rule|HP Percentage Mod: HP is shown in percentages\n|rule|Endless Battle Clause: Forcing endless battles is banned\n|rule|OHKO Clause: OHKO moves are banned\n|rule|Evasion Clause: Evasion abilities, items, and moves are banned\n|rule|Evasion Abilities Clause: Evasion abilities are banned\n|rule|Evasion Items Clause: Evasion items are banned\n|rule|Evasion Moves Clause: Evasion moves are banned\n|rule|Species Clause: Limit one of each Pok\u00e9mon\n|rule|Sleep Clause Mod: Limit one foe put to sleep\n|clearpoke\n|poke|p1|Pelipper, M|\n|poke|p1|Manaphy|\n|poke|p1|Greninja-*, M|\n|poke|p1|Ferrothorn, F|\n|poke|p1|Thundurus-Therian, M|\n|poke|p1|Barraskewda, M|\n|poke|p2|Victreebel, M|\n|poke|p2|Torkoal, F|\n|poke|p2|Seaking, M|\n|poke|p2|Octillery, F|\n|poke|p2|Spiritomb, F|\n|poke|p2|Sunflora, M|\n|teampreview\n|inactive|Battle timer is ON: inactive players will automatically lose when time's up. (requested by Rankuroi)\n|\n|t:|1700426148\n|start\n|switch|p1a: Greninja|Greninja, M|100\/100\n|switch|p2a: Octillery|Octillery, F|100\/100\n|turn|1\n|\n|t:|1700426154\n|switch|p1a: Pelipper|Pelipper, M|100\/100\n|-weather|RainDance|[from] ability: Drizzle|[of] p1a: Pelipper\n|move|p2a: Octillery|Sludge Wave|p1a: Pelipper\n|-damage|p1a: Pelipper|60\/100\n|\n|-weather|RainDance|[upkeep]\n|upkeep\n|turn|2\n|c|\u2606lolo1306|W MON\n|\n|t:|1700426169\n|switch|p1a: Manaphy|Manaphy|100\/100\n|move|p2a: Octillery|Surf|p1a: Manaphy\n|-resisted|p1a: Manaphy\n|-damage|p1a: Manaphy|73\/100\n|\n|-weather|RainDance|[upkeep]\n|-heal|p1a: Manaphy|79\/100|[from] item: Leftovers\n|upkeep\n|turn|3\n|\n|t:|1700426178\n|switch|p2a: Sunflora|Sunflora, M, shiny|100\/100\n|-terastallize|p1a: Manaphy|Grass\n|move|p1a: Manaphy|Tail Glow|p1a: Manaphy\n|-boost|p1a: Manaphy|spa|3\n|\n|-weather|RainDance|[upkeep]\n|-heal|p1a: Manaphy|85\/100|[from] item: Leftovers\n|upkeep\n|turn|4\n|\n|t:|1700426190\n|-terastallize|p2a: Sunflora|Fairy\n|move|p1a: Manaphy|Tail Glow|p1a: Manaphy\n|-boost|p1a: Manaphy|spa|3\n|move|p2a: Sunflora|Sludge Bomb|p1a: Manaphy\n|-supereffective|p1a: Manaphy\n|-damage|p1a: Manaphy|36\/100\n|-status|p1a: Manaphy|psn\n|\n|-weather|RainDance|[upkeep]\n|-activate|p1a: Manaphy|ability: Hydration\n|-curestatus|p1a: Manaphy|psn|[msg]\n|-heal|p1a: Manaphy|42\/100|[from] item: Leftovers\n|upkeep\n|turn|5\n|\n|t:|1700426206\n|move|p1a: Manaphy|Surf|p2a: Sunflora\n|-damage|p2a: Sunflora|0 fnt\n|faint|p2a: Sunflora\n|\n|-weather|RainDance|[upkeep]\n|-heal|p1a: Manaphy|48\/100|[from] item: Leftovers\n|upkeep\n|\n|t:|1700426213\n|switch|p2a: Torkoal|Torkoal, F, shiny|100\/100\n|-weather|SunnyDay|[from] ability: Drought|[of] p2a: Torkoal\n|turn|6\n|\n|t:|1700426218\n|switch|p2a: Seaking|Seaking, M|100\/100\n|move|p1a: Manaphy|Surf|p2a: Seaking\n|-resisted|p2a: Seaking\n|-damage|p2a: Seaking|47\/100\n|\n|-weather|SunnyDay|[upkeep]\n|-heal|p1a: Manaphy|55\/100|[from] item: Leftovers\n|upkeep\n|turn|7\n|\n|t:|1700426226\n|move|p1a: Manaphy|Energy Ball|p2a: Seaking\n|-supereffective|p2a: Seaking\n|-damage|p2a: Seaking|0 fnt\n|faint|p2a: Seaking\n|\n|-weather|SunnyDay|[upkeep]\n|-heal|p1a: Manaphy|61\/100|[from] item: Leftovers\n|upkeep\n|\n|t:|1700426234\n|switch|p2a: Victreebel|Victreebel, M, shiny|100\/100\n|turn|8\n|\n|t:|1700426237\n|move|p2a: Victreebel|Sludge Bomb|p1a: Manaphy\n|-supereffective|p1a: Manaphy\n|-damage|p1a: Manaphy|0 fnt\n|faint|p1a: Manaphy\n|\n|-weather|SunnyDay|[upkeep]\n|upkeep\n|\n|t:|1700426242\n|switch|p1a: Pelipper|Pelipper, M|60\/100\n|-weather|RainDance|[from] ability: Drizzle|[of] p1a: Pelipper\n|turn|9\n|\n|t:|1700426247\n|move|p2a: Victreebel|Weather Ball|p1a: Pelipper\n|-resisted|p1a: Pelipper\n|-damage|p1a: Pelipper|29\/100\n|move|p1a: Pelipper|U-turn|p2a: Victreebel\n|-damage|p2a: Victreebel|88\/100\n|\n|t:|1700426251\n|switch|p1a: Thundurus|Thundurus-Therian, M|100\/100|[from] U-turn\n|\n|-weather|RainDance|[upkeep]\n|upkeep\n|turn|10\n|\n|t:|1700426259\n|switch|p2a: Torkoal|Torkoal, F, shiny|100\/100\n|-weather|SunnyDay|[from] ability: Drought|[of] p2a: Torkoal\n|move|p1a: Thundurus|Hidden Power|p2a: Torkoal\n|-resisted|p2a: Torkoal\n|-damage|p2a: Torkoal|87\/100\n|\n|-weather|SunnyDay|[upkeep]\n|upkeep\n|turn|11\n|\n|t:|1700426268\n|switch|p2a: Octillery|Octillery, F|100\/100\n|move|p1a: Thundurus|Thunder|p2a: Octillery\n|-supereffective|p2a: Octillery\n|-damage|p2a: Octillery|0 fnt\n|faint|p2a: Octillery\n|\n|-weather|SunnyDay|[upkeep]\n|upkeep\n|\n|t:|1700426278\n|switch|p2a: Victreebel|Victreebel, M, shiny|88\/100\n|turn|12\n|\n|t:|1700426286\n|switch|p1a: Ferrothorn|Ferrothorn, F|100\/100\n|move|p2a: Victreebel|Giga Drain|p1a: Ferrothorn\n|-resisted|p1a: Ferrothorn\n|-damage|p1a: Ferrothorn|93\/100\n|-heal|p2a: Victreebel|93\/100|[from] drain|[of] p1a: Ferrothorn\n|\n|-weather|SunnyDay|[upkeep]\n|-heal|p1a: Ferrothorn|99\/100|[from] item: Leftovers\n|upkeep\n|turn|13\n|\n|t:|1700426297\n|move|p2a: Victreebel|Weather Ball|p1a: Ferrothorn\n|-supereffective|p1a: Ferrothorn\n|-damage|p1a: Ferrothorn|0 fnt\n|faint|p1a: Ferrothorn\n|\n|-weather|SunnyDay|[upkeep]\n|upkeep\n|\n|t:|1700426301\n|switch|p1a: Greninja|Greninja, M|100\/100\n|turn|14\n|\n|t:|1700426307\n|move|p2a: Victreebel|Giga Drain|p1a: Greninja\n|-supereffective|p1a: Greninja\n|-damage|p1a: Greninja|0 fnt\n|-heal|p2a: Victreebel|100\/100|[from] drain|[of] p1a: Greninja\n|faint|p1a: Greninja\n|\n|-weather|SunnyDay|[upkeep]\n|upkeep\n|\n|t:|1700426318\n|switch|p1a: Pelipper|Pelipper, M|29\/100\n|-weather|RainDance|[from] ability: Drizzle|[of] p1a: Pelipper\n|turn|15\n|\n|t:|1700426322\n|switch|p1a: Thundurus|Thundurus-Therian, M|100\/100\n|move|p2a: Victreebel|Giga Drain|p1a: Thundurus\n|-resisted|p1a: Thundurus\n|-damage|p1a: Thundurus|75\/100\n|\n|-weather|RainDance|[upkeep]\n|upkeep\n|turn|16\n|\n|t:|1700426332\n|switch|p2a: Torkoal|Torkoal, F, shiny|87\/100\n|-weather|SunnyDay|[from] ability: Drought|[of] p2a: Torkoal\n|move|p1a: Thundurus|Thunder|p2a: Torkoal|[miss]\n|-miss|p1a: Thundurus|p2a: Torkoal\n|\n|-weather|SunnyDay|[upkeep]\n|upkeep\n|turn|17\n|\n|t:|1700426341\n|move|p1a: Thundurus|Thunder|p2a: Torkoal\n|-damage|p2a: Torkoal|23\/100\n|move|p2a: Torkoal|Flamethrower|p1a: Thundurus\n|-damage|p1a: Thundurus|9\/100\n|\n|-weather|SunnyDay|[upkeep]\n|upkeep\n|turn|18\n|\n|t:|1700426349\n|switch|p1a: Pelipper|Pelipper, M|29\/100\n|-weather|RainDance|[from] ability: Drizzle|[of] p1a: Pelipper\n|switch|p2a: Spiritomb|Spiritomb, F, shiny|100\/100\n|\n|-weather|RainDance|[upkeep]\n|upkeep\n|turn|19\n|\n|t:|1700426360\n|move|p1a: Pelipper|Roost|p1a: Pelipper\n|-heal|p1a: Pelipper|79\/100\n|-singleturn|p1a: Pelipper|move: Roost\n|move|p2a: Spiritomb|Poltergeist|p1a: Pelipper\n|-activate|p1a: Pelipper|move: Poltergeist|Damp Rock\n|-damage|p1a: Pelipper|42\/100\n|\n|-weather|RainDance|[upkeep]\n|upkeep\n|turn|20\n|\n|t:|1700426372\n|switch|p2a: Torkoal|Torkoal, F, shiny|23\/100\n|-weather|SunnyDay|[from] ability: Drought|[of] p2a: Torkoal\n|move|p1a: Pelipper|Roost|p1a: Pelipper\n|-heal|p1a: Pelipper|92\/100\n|-singleturn|p1a: Pelipper|move: Roost\n|\n|-weather|SunnyDay|[upkeep]\n|upkeep\n|turn|21\n|\n|t:|1700426383\n|switch|p2a: Spiritomb|Spiritomb, F, shiny|100\/100\n|move|p1a: Pelipper|U-turn|p2a: Spiritomb\n|-damage|p2a: Spiritomb|91\/100\n|\n|t:|1700426391\n|switch|p1a: Barraskewda|Barraskewda, M|100\/100|[from] U-turn\n|\n|-weather|SunnyDay|[upkeep]\n|upkeep\n|turn|22\n|\n|t:|1700426396\n|move|p1a: Barraskewda|Flip Turn|p2a: Spiritomb\n|-damage|p2a: Spiritomb|61\/100\n|\n|t:|1700426399\n|switch|p1a: Pelipper|Pelipper, M|92\/100|[from] Flip Turn\n|-weather|RainDance|[from] ability: Drizzle|[of] p1a: Pelipper\n|move|p2a: Spiritomb|Foul Play|p1a: Pelipper\n|-damage|p1a: Pelipper|79\/100\n|\n|-weather|RainDance|[upkeep]\n|upkeep\n|turn|23\n|\n|t:|1700426409\n|move|p1a: Pelipper|U-turn|p2a: Spiritomb\n|-damage|p2a: Spiritomb|52\/100\n|\n|t:|1700426416\n|switch|p1a: Thundurus|Thundurus-Therian, M|9\/100|[from] U-turn\n|move|p2a: Spiritomb|Rock Tomb|p1a: Thundurus\n|-supereffective|p1a: Thundurus\n|-crit|p1a: Thundurus\n|-damage|p1a: Thundurus|0 fnt\n|faint|p1a: Thundurus\n|\n|-weather|RainDance|[upkeep]\n|upkeep\n|\n|t:|1700426422\n|switch|p1a: Barraskewda|Barraskewda, M|100\/100\n|turn|24\n|\n|t:|1700426435\n|move|p2a: Spiritomb|Sucker Punch|p1a: Barraskewda\n|-damage|p1a: Barraskewda|41\/100\n|move|p1a: Barraskewda|Liquidation|p2a: Spiritomb\n|-damage|p2a: Spiritomb|0 fnt\n|faint|p2a: Spiritomb\n|\n|-weather|RainDance|[upkeep]\n|upkeep\n|\n|t:|1700426444\n|switch|p2a: Victreebel|Victreebel, M, shiny|100\/100\n|turn|25\n|\n|t:|1700426459\n|move|p1a: Barraskewda|Liquidation|p2a: Victreebel\n|-resisted|p2a: Victreebel\n|-damage|p2a: Victreebel|9\/100\n|move|p2a: Victreebel|Giga Drain|p1a: Barraskewda\n|-supereffective|p1a: Barraskewda\n|-damage|p1a: Barraskewda|0 fnt\n|-heal|p2a: Victreebel|27\/100|[from] drain|[of] p1a: Barraskewda\n|faint|p1a: Barraskewda\n|\n|-weather|RainDance|[upkeep]\n|upkeep\n|\n|t:|1700426464\n|switch|p1a: Pelipper|Pelipper, M|79\/100\n|turn|26\n|\n|t:|1700426472\n|switch|p2a: Torkoal|Torkoal, F, shiny|23\/100\n|-weather|SunnyDay|[from] ability: Drought|[of] p2a: Torkoal\n|move|p1a: Pelipper|Scald|p2a: Torkoal\n|-supereffective|p2a: Torkoal\n|-damage|p2a: Torkoal|0 fnt\n|faint|p2a: Torkoal\n|\n|-weather|SunnyDay|[upkeep]\n|upkeep\n|\n|t:|1700426482\n|switch|p2a: Victreebel|Victreebel, M, shiny|27\/100\n|turn|27\n|c|\u2606lolo1306|WHO PLAY THIS SHIT\n|c|\u2606lolo1306|F\n|\n|t:|1700426490\n|move|p2a: Victreebel|Giga Drain|p1a: Pelipper\n|-damage|p1a: Pelipper|33\/100\n|-heal|p2a: Victreebel|52\/100|[from] drain|[of] p1a: Pelipper\n|move|p1a: Pelipper|Scald|p2a: Victreebel\n|-resisted|p2a: Victreebel\n|-damage|p2a: Victreebel|41\/100\n|\n|-weather|SunnyDay|[upkeep]\n|upkeep\n|turn|28\n|c|\u2606lolo1306|UGLY MON\n|\n|t:|1700426502\n|move|p2a: Victreebel|Giga Drain|p1a: Pelipper\n|-damage|p1a: Pelipper|0 fnt\n|-heal|p2a: Victreebel|59\/100|[from] drain|[of] p1a: Pelipper\n|faint|p1a: Pelipper\n|\n|win|Rankuroi\n|raw|lolo1306's rating: 1274 &rarr; <strong>1248<\/strong><br \/>(-26 for losing)\n|raw|Rankuroi's rating: 1265 &rarr; <strong>1291<\/strong><br \/>(+26 for winning)\n|c|\u2606Rankuroi|Gg\n|c|\u2606lolo1306|GG\n","uploadtime":1700426529,"views":4,"p1id":"lolo1306","p2id":"rankuroi","formatid":"gen9nationaldex","rating":1248,"private":0,"password":""}