{"id":"gen9nationaldex-1989831391","p1":"MarcusTalks","p2":"LOCKEDaltator","format":"[Gen 9] National Dex","log":"|j|\u2606MarcusTalks\n|j|\u2606LOCKEDaltator\n|t:|1699899389\n|gametype|singles\n|player|p1|MarcusTalks|steven|1152\n|player|p2|LOCKEDaltator|ghetsis|1086\n|teamsize|p1|6\n|teamsize|p2|6\n|gen|9\n|tier|[Gen 9] National Dex\n|rated|\n|rule|HP Percentage Mod: HP is shown in percentages\n|rule|Endless Battle Clause: Forcing endless battles is banned\n|rule|OHKO Clause: OHKO moves are banned\n|rule|Evasion Clause: Evasion abilities, items, and moves are banned\n|rule|Evasion Abilities Clause: Evasion abilities are banned\n|rule|Evasion Items Clause: Evasion items are banned\n|rule|Evasion Moves Clause: Evasion moves are banned\n|rule|Species Clause: Limit one of each Pok\u00e9mon\n|rule|Sleep Clause Mod: Limit one foe put to sleep\n|clearpoke\n|poke|p1|Aegislash, M|\n|poke|p1|Ceruledge, M|\n|poke|p1|Sinistcha-Masterpiece|\n|poke|p1|Cofagrigus, M|\n|poke|p1|Rotom|\n|poke|p1|Lopunny, F|\n|poke|p2|Salazzle, F|\n|poke|p2|Magnemite, L1|\n|poke|p2|Probopass, L2, M|\n|poke|p2|Mandibuzz, F|\n|poke|p2|Nosepass, L1, F|\n|poke|p2|Tentacruel, F|\n|teampreview\n|c|\u2606MarcusTalks|glhf\n|c|\u2606MarcusTalks|what's the theme here?\n|c|\u2606LOCKEDaltator|torture\n|c|\u2606MarcusTalks|ah one of the classics\n|\n|t:|1699899423\n|start\n|switch|p1a: Slap|Lopunny, F, shiny|100\/100\n|switch|p2a: Sh\ud83d\udca9tsquid|Tentacruel, F|100\/100\n|turn|1\n|\n|t:|1699899431\n|switch|p2a: Sh\ud83d\udca9tbird|Mandibuzz, F|100\/100\n|detailschange|p1a: Slap|Lopunny-Mega, F, shiny\n|-mega|p1a: Slap|Lopunny|Lopunnite\n|move|p1a: Slap|Fake Out|p2a: Sh\ud83d\udca9tbird\n|-damage|p2a: Sh\ud83d\udca9tbird|89\/100\n|\n|upkeep\n|turn|2\n|\n|t:|1699899439\n|move|p1a: Slap|Ice Punch|p2a: Sh\ud83d\udca9tbird\n|-supereffective|p2a: Sh\ud83d\udca9tbird\n|-damage|p2a: Sh\ud83d\udca9tbird|57\/100\n|move|p2a: Sh\ud83d\udca9tbird|Toxic|p1a: Slap\n|-status|p1a: Slap|tox\n|\n|-damage|p1a: Slap|95\/100 tox|[from] psn\n|upkeep\n|turn|3\n|\n|t:|1699899446\n|move|p1a: Slap|Ice Punch|p2a: Sh\ud83d\udca9tbird\n|-supereffective|p2a: Sh\ud83d\udca9tbird\n|-damage|p2a: Sh\ud83d\udca9tbird|24\/100\n|move|p2a: Sh\ud83d\udca9tbird|Roost|p2a: Sh\ud83d\udca9tbird\n|-heal|p2a: Sh\ud83d\udca9tbird|74\/100\n|-singleturn|p2a: Sh\ud83d\udca9tbird|move: Roost\n|\n|-damage|p1a: Slap|83\/100 tox|[from] psn\n|upkeep\n|turn|4\n|c|\u2606LOCKEDaltator|!dt triple axel\n|raw|<ul class=\"utilichart\"><li class=\"result\"><span class=\"col movenamecol\"><a href=\"https:\/\/dex.pokemonshowdown.com\/moves\/tripleaxel\">Triple Axel<\/a><\/span> <span class=\"col typecol\"><img src=\"\/\/play.pokemonshowdown.com\/sprites\/types\/Ice.png\" alt=\"Ice\" width=\"32\" height=\"14\"><img src=\"\/\/play.pokemonshowdown.com\/sprites\/categories\/Physical.png\" alt=\"Physical\" width=\"32\" height=\"14\"><\/span> <span class=\"col labelcol\"><em>Power<\/em><br>20<\/span> <span class=\"col widelabelcol\"><em>Accuracy<\/em><br>90%<\/span> <span class=\"col pplabelcol\"><em>PP<\/em><br>16<\/span> <span class=\"col movedesccol\">Hits 3 times. Each hit can miss, but power rises.<\/span> <\/li><li style=\"clear:both\"><\/li><\/ul>\n|raw|<font size=\"1\"><font color=\"#686868\">Priority:<\/font> 0&nbsp;|&ThickSpace;<font color=\"#686868\">Gen:<\/font> 8&nbsp;|&ThickSpace;&#10003; Contact&nbsp;|&ThickSpace;<font color=\"#686868\">Z-Power:<\/font> 120&nbsp;|&ThickSpace;<font color=\"#686868\">Dynamax Power:<\/font> 140&nbsp;|&ThickSpace;<font color=\"#686868\">Target:<\/font> One Adjacent Pok\u00e9mon<\/font>\n\n|c|\u2606LOCKEDaltator|Way better\n|c|\u2606MarcusTalks|not gonna gamble on missing that much\n|\n|t:|1699899475\n|switch|p1a: Curse|Cofagrigus, M|100\/100\n|move|p2a: Sh\ud83d\udca9tbird|Roost|p2a: Sh\ud83d\udca9tbird\n|-heal|p2a: Sh\ud83d\udca9tbird|100\/100\n|-singleturn|p2a: Sh\ud83d\udca9tbird|move: Roost\n|\n|upkeep\n|turn|5\n|\n|t:|1699899485\n|switch|p2a: No Fun Allowed|Salazzle, F|100\/100\n|move|p1a: Curse|Knock Off|p2a: No Fun Allowed\n|-damage|p2a: No Fun Allowed|75\/100\n|-enditem|p2a: No Fun Allowed|Leftovers|[from] move: Knock Off|[of] p1a: Curse\n|\n|upkeep\n|turn|6\n|\n|t:|1699899492\n|move|p2a: No Fun Allowed|Toxic|p1a: Curse\n|-status|p1a: Curse|tox\n|move|p1a: Curse|Substitute|p1a: Curse\n|-start|p1a: Curse|Substitute\n|-damage|p1a: Curse|76\/100 tox\n|\n|-heal|p1a: Curse|82\/100 tox|[from] item: Leftovers\n|-damage|p1a: Curse|76\/100 tox|[from] psn\n|upkeep\n|turn|7\n|\n|t:|1699899497\n|move|p2a: No Fun Allowed|Protect|p2a: No Fun Allowed\n|-singleturn|p2a: No Fun Allowed|Protect\n|move|p1a: Curse|Knock Off|p2a: No Fun Allowed\n|-activate|p2a: No Fun Allowed|move: Protect\n|\n|-heal|p1a: Curse|82\/100 tox|[from] item: Leftovers\n|-damage|p1a: Curse|70\/100 tox|[from] psn\n|upkeep\n|turn|8\n|\n|t:|1699899503\n|switch|p2a: Sh\ud83d\udca9tbird|Mandibuzz, F|100\/100\n|move|p1a: Curse|Toxic Spikes|p2a: Sh\ud83d\udca9tbird\n|-sidestart|p2: LOCKEDaltator|move: Toxic Spikes\n|\n|-heal|p1a: Curse|76\/100 tox|[from] item: Leftovers\n|-damage|p1a: Curse|58\/100 tox|[from] psn\n|upkeep\n|turn|9\n|\n|t:|1699899510\n|move|p2a: Sh\ud83d\udca9tbird|Foul Play|p1a: Curse\n|-supereffective|p1a: Curse\n|-activate|p1a: Curse|move: Substitute|[damage]\n|move|p1a: Curse|Pain Split|p2a: Sh\ud83d\udca9tbird\n|-sethp|p2a: Sh\ud83d\udca9tbird|72\/100|[from] move: Pain Split|[silent]\n|-sethp|p1a: Curse|95\/100 tox|[from] move: Pain Split\n|\n|-heal|p1a: Curse|100\/100 tox|[from] item: Leftovers\n|-damage|p1a: Curse|77\/100 tox|[from] psn\n|upkeep\n|turn|10\n|\n|t:|1699899523\n|move|p2a: Sh\ud83d\udca9tbird|Foul Play|p1a: Curse\n|-supereffective|p1a: Curse\n|-end|p1a: Curse|Substitute\n|move|p1a: Curse|Knock Off|p2a: Sh\ud83d\udca9tbird\n|-resisted|p2a: Sh\ud83d\udca9tbird\n|-damage|p2a: Sh\ud83d\udca9tbird|68\/100\n|-enditem|p2a: Sh\ud83d\udca9tbird|Heavy-Duty Boots|[from] move: Knock Off|[of] p1a: Curse\n|\n|-heal|p1a: Curse|83\/100 tox|[from] item: Leftovers\n|-damage|p1a: Curse|53\/100 tox|[from] psn\n|upkeep\n|turn|11\n|\n|t:|1699899533\n|switch|p1a: Slap|Lopunny-Mega, F, shiny|83\/100 tox\n|move|p2a: Sh\ud83d\udca9tbird|Foul Play|p1a: Slap\n|-resisted|p1a: Slap\n|-damage|p1a: Slap|47\/100 tox\n|\n|-damage|p1a: Slap|41\/100 tox|[from] psn\n|upkeep\n|turn|12\n|\n|t:|1699899542\n|move|p1a: Slap|Fake Out|p2a: Sh\ud83d\udca9tbird\n|-crit|p2a: Sh\ud83d\udca9tbird\n|-damage|p2a: Sh\ud83d\udca9tbird|48\/100\n|cant|p2a: Sh\ud83d\udca9tbird|flinch\n|\n|-damage|p1a: Slap|30\/100 tox|[from] psn\n|upkeep\n|turn|13\n|\n|t:|1699899549\n|move|p1a: Slap|High Jump Kick|p2a: Sh\ud83d\udca9tbird\n|-damage|p2a: Sh\ud83d\udca9tbird|6\/100\n|move|p2a: Sh\ud83d\udca9tbird|Roost|p2a: Sh\ud83d\udca9tbird\n|-heal|p2a: Sh\ud83d\udca9tbird|57\/100\n|-singleturn|p2a: Sh\ud83d\udca9tbird|move: Roost\n|\n|-damage|p1a: Slap|12\/100 tox|[from] psn\n|upkeep\n|turn|14\n|\n|t:|1699899557\n|move|p1a: Slap|High Jump Kick|p2a: Sh\ud83d\udca9tbird\n|-damage|p2a: Sh\ud83d\udca9tbird|17\/100\n|move|p2a: Sh\ud83d\udca9tbird|Roost|p2a: Sh\ud83d\udca9tbird\n|-heal|p2a: Sh\ud83d\udca9tbird|67\/100\n|-singleturn|p2a: Sh\ud83d\udca9tbird|move: Roost\n|\n|-damage|p1a: Slap|0 fnt|[from] psn\n|faint|p1a: Slap\n|upkeep\n|inactive|Battle timer is ON: inactive players will automatically lose when time's up. (requested by LOCKEDaltator)\n|c|\u2606MarcusTalks|kinda stupid landing doesn't make you land on the spikes\n|\n|t:|1699899584\n|switch|p1a: Spite|Ceruledge, M|100\/100\n|turn|15\n|\n|t:|1699899592\n|move|p1a: Spite|Swords Dance|p1a: Spite\n|-boost|p1a: Spite|atk|2\n|move|p2a: Sh\ud83d\udca9tbird|Roost|p2a: Sh\ud83d\udca9tbird\n|-heal|p2a: Sh\ud83d\udca9tbird|100\/100\n|-singleturn|p2a: Sh\ud83d\udca9tbird|move: Roost\n|\n|upkeep\n|turn|16\n|\n|t:|1699899603\n|move|p1a: Spite|Swords Dance|p1a: Spite\n|-boost|p1a: Spite|atk|2\n|move|p2a: Sh\ud83d\udca9tbird|Foul Play|p1a: Spite\n|-supereffective|p1a: Spite\n|-enditem|p1a: Spite|Focus Sash\n|-damage|p1a: Spite|1\/100\n|-ability|p1a: Spite|Weak Armor|boost\n|-unboost|p1a: Spite|def|1\n|-boost|p1a: Spite|spe|2\n|\n|upkeep\n|turn|17\n|\n|t:|1699899625\n|switch|p2a: Click the \u274c|Nosepass, L1, F, shiny|100\/100\n|-status|p2a: Click the \u274c|psn\n|-terastallize|p1a: Spite|Fire\n|move|p1a: Spite|Bitter Blade|p2a: Click the \u274c\n|-resisted|p2a: Click the \u274c\n|-ability|p2a: Click the \u274c|Sturdy\n|-damage|p2a: Click the \u274c|10\/100 psn\n|-heal|p1a: Spite|3\/100|[from] drain|[of] p2a: Click the \u274c\n|-enditem|p2a: Click the \u274c|Berry Juice\n|-heal|p2a: Click the \u274c|100\/100 psn|[from] item: Berry Juice\n|\n|-damage|p2a: Click the \u274c|91\/100 psn|[from] psn\n|upkeep\n|turn|18\n|\n|t:|1699899641\n|move|p1a: Spite|Bitter Blade|p2a: Click the \u274c\n|-resisted|p2a: Click the \u274c\n|-damage|p2a: Click the \u274c|0 fnt\n|-heal|p1a: Spite|4\/100|[from] drain|[of] p2a: Click the \u274c\n|faint|p2a: Click the \u274c\n|\n|upkeep\n|\n|t:|1699899649\n|switch|p2a: Literally Level 1|Magnemite, L1|100\/100\n|turn|19\n|\n|t:|1699899655\n|move|p1a: Spite|Bitter Blade|p2a: Literally Level 1\n|-supereffective|p2a: Literally Level 1\n|-ability|p2a: Literally Level 1|Sturdy\n|-damage|p2a: Literally Level 1|10\/100\n|-heal|p1a: Spite|6\/100|[from] drain|[of] p2a: Literally Level 1\n|-enditem|p2a: Literally Level 1|Berry Juice\n|-heal|p2a: Literally Level 1|100\/100|[from] item: Berry Juice\n|move|p2a: Literally Level 1|Toxic|p1a: Spite\n|-status|p1a: Spite|tox\n|\n|-damage|p1a: Spite|0 fnt|[from] psn\n|faint|p1a: Spite\n|upkeep\n|c|\u2606MarcusTalks|gg\n|\n|t:|1699899667\n|switch|p1a: King|Aegislash, M, shiny|100\/100\n|turn|20\n|\n|t:|1699899674\n|-formechange|p1a: King|Aegislash-Blade||[from] ability: Stance Change\n|move|p1a: King|Pursuit|p2a: Literally Level 1\n|-ability|p2a: Literally Level 1|Sturdy\n|-damage|p2a: Literally Level 1|10\/100\n|move|p2a: Literally Level 1|Recycle|p2a: Literally Level 1\n|-item|p2a: Literally Level 1|Berry Juice|[from] move: Recycle\n|-enditem|p2a: Literally Level 1|Berry Juice\n|-heal|p2a: Literally Level 1|100\/100|[from] item: Berry Juice\n|\n|upkeep\n|turn|21\n|\n|t:|1699899683\n|move|p1a: King|Shadow Ball|p2a: Literally Level 1\n|-ability|p2a: Literally Level 1|Sturdy\n|-damage|p2a: Literally Level 1|10\/100\n|move|p2a: Literally Level 1|Recycle|p2a: Literally Level 1\n|-item|p2a: Literally Level 1|Berry Juice|[from] move: Recycle\n|-enditem|p2a: Literally Level 1|Berry Juice\n|-heal|p2a: Literally Level 1|100\/100|[from] item: Berry Juice\n|\n|upkeep\n|turn|22\n|\n|t:|1699899702\n|switch|p1a: Curse|Cofagrigus, M|53\/100 tox\n|move|p2a: Literally Level 1|Recycle|p2a: Literally Level 1\n|-item|p2a: Literally Level 1|Berry Juice|[from] move: Recycle\n|\n|-heal|p1a: Curse|59\/100 tox|[from] item: Leftovers\n|-damage|p1a: Curse|53\/100 tox|[from] psn\n|upkeep\n|turn|23\n|\n|t:|1699899711\n|move|p2a: Literally Level 1|Protect|p2a: Literally Level 1\n|-singleturn|p2a: Literally Level 1|Protect\n|move|p1a: Curse|Knock Off|p2a: Literally Level 1\n|-activate|p2a: Literally Level 1|move: Protect\n|\n|-heal|p1a: Curse|59\/100 tox|[from] item: Leftovers\n|-damage|p1a: Curse|47\/100 tox|[from] psn\n|upkeep\n|turn|24\n|\n|t:|1699899718\n|switch|p2a: Sh\ud83d\udca9tbird|Mandibuzz, F|100\/100\n|move|p1a: Curse|Knock Off|p2a: Sh\ud83d\udca9tbird\n|-resisted|p2a: Sh\ud83d\udca9tbird\n|-damage|p2a: Sh\ud83d\udca9tbird|98\/100\n|\n|-heal|p1a: Curse|53\/100 tox|[from] item: Leftovers\n|-damage|p1a: Curse|35\/100 tox|[from] psn\n|upkeep\n|turn|25\n|\n|t:|1699899730\n|move|p2a: Sh\ud83d\udca9tbird|Foul Play|p1a: Curse\n|-supereffective|p1a: Curse\n|-damage|p1a: Curse|12\/100 tox\n|-activate|p1a: Curse|ability: Mummy|Overcoat|[of] p2a: Sh\ud83d\udca9tbird\n|move|p1a: Curse|Pain Split|p2a: Sh\ud83d\udca9tbird\n|-sethp|p2a: Sh\ud83d\udca9tbird|53\/100|[from] move: Pain Split|[silent]\n|-sethp|p1a: Curse|71\/100 tox|[from] move: Pain Split\n|\n|-heal|p1a: Curse|77\/100 tox|[from] item: Leftovers\n|-damage|p1a: Curse|53\/100 tox|[from] psn\n|upkeep\n|turn|26\n|\n|t:|1699899744\n|move|p2a: Sh\ud83d\udca9tbird|Roost|p2a: Sh\ud83d\udca9tbird\n|-heal|p2a: Sh\ud83d\udca9tbird|100\/100\n|-singleturn|p2a: Sh\ud83d\udca9tbird|move: Roost\n|move|p1a: Curse|Pain Split|p2a: Sh\ud83d\udca9tbird\n|-sethp|p2a: Sh\ud83d\udca9tbird|70\/100|[from] move: Pain Split|[silent]\n|-sethp|p1a: Curse|93\/100 tox|[from] move: Pain Split\n|\n|-heal|p1a: Curse|99\/100 tox|[from] item: Leftovers\n|-damage|p1a: Curse|69\/100 tox|[from] psn\n|upkeep\n|turn|27\n|\n|t:|1699899755\n|switch|p1a: King|Aegislash, M, shiny|100\/100\n|move|p2a: Sh\ud83d\udca9tbird|Foul Play|p1a: King\n|-supereffective|p1a: King\n|-damage|p1a: King|71\/100\n|\n|-heal|p1a: King|77\/100|[from] item: Leftovers\n|upkeep\n|turn|28\n|\n|t:|1699899772\n|switch|p2a: Sh\ud83d\udca9tsquid|Tentacruel, F|100\/100\n|-sideend|p2: LOCKEDaltator|move: Toxic Spikes|[of] p2a: Sh\ud83d\udca9tsquid\n|-formechange|p1a: King|Aegislash-Blade||[from] ability: Stance Change\n|move|p1a: King|Flash Cannon|p2a: Sh\ud83d\udca9tsquid\n|-resisted|p2a: Sh\ud83d\udca9tsquid\n|-damage|p2a: Sh\ud83d\udca9tsquid|86\/100\n|\n|-heal|p2a: Sh\ud83d\udca9tsquid|92\/100|[from] item: Leftovers\n|-heal|p1a: King|83\/100|[from] item: Leftovers\n|upkeep\n|turn|29\n|\n|t:|1699899782\n|move|p2a: Sh\ud83d\udca9tsquid|Knock Off|p1a: King\n|-supereffective|p1a: King\n|-damage|p1a: King|29\/100\n|-enditem|p1a: King|Leftovers|[from] move: Knock Off|[of] p2a: Sh\ud83d\udca9tsquid\n|move|p1a: King|Shadow Ball|p2a: Sh\ud83d\udca9tsquid\n|-damage|p2a: Sh\ud83d\udca9tsquid|61\/100\n|\n|-heal|p2a: Sh\ud83d\udca9tsquid|68\/100|[from] item: Leftovers\n|upkeep\n|turn|30\n|\n|t:|1699899795\n|move|p2a: Sh\ud83d\udca9tsquid|Scald|p1a: King\n|-damage|p1a: King|0 fnt\n|faint|p1a: King\n|\n|-heal|p2a: Sh\ud83d\udca9tsquid|74\/100|[from] item: Leftovers\n|upkeep\n|\n|t:|1699899802\n|switch|p1a: Whisk|Sinistcha-Masterpiece, shiny|100\/100\n|turn|31\n|\n|t:|1699899810\n|move|p2a: Sh\ud83d\udca9tsquid|Toxic|p1a: Whisk\n|-status|p1a: Whisk|tox\n|move|p1a: Whisk|Giga Drain|p2a: Sh\ud83d\udca9tsquid\n|-damage|p2a: Sh\ud83d\udca9tsquid|41\/100\n|\n|-heal|p2a: Sh\ud83d\udca9tsquid|47\/100|[from] item: Leftovers\n|-damage|p1a: Whisk|94\/100 tox|[from] psn\n|upkeep\n|turn|32\n|\n|t:|1699899825\n|move|p2a: Sh\ud83d\udca9tsquid|Knock Off|p1a: Whisk\n|-supereffective|p1a: Whisk\n|-damage|p1a: Whisk|68\/100 tox\n|-enditem|p1a: Whisk|Leftovers|[from] move: Knock Off|[of] p2a: Sh\ud83d\udca9tsquid\n|move|p1a: Whisk|Tera Blast|p2a: Sh\ud83d\udca9tsquid\n|-damage|p2a: Sh\ud83d\udca9tsquid|22\/100\n|\n|-heal|p2a: Sh\ud83d\udca9tsquid|29\/100|[from] item: Leftovers\n|-damage|p1a: Whisk|56\/100 tox|[from] psn\n|upkeep\n|turn|33\n|\n|t:|1699899835\n|switch|p2a: Literally Level 1|Magnemite, L1|100\/100\n|move|p1a: Whisk|Giga Drain|p2a: Literally Level 1\n|-resisted|p2a: Literally Level 1\n|-ability|p2a: Literally Level 1|Sturdy\n|-damage|p2a: Literally Level 1|10\/100\n|-heal|p1a: Whisk|57\/100 tox|[from] drain|[of] p2a: Literally Level 1\n|-enditem|p2a: Literally Level 1|Berry Juice\n|-heal|p2a: Literally Level 1|100\/100|[from] item: Berry Juice\n|\n|-damage|p1a: Whisk|39\/100 tox|[from] psn\n|upkeep\n|turn|34\n|-message|MarcusTalks forfeited.\n|\n|win|LOCKEDaltator\n|raw|MarcusTalks's rating: 1152 &rarr; <strong>1122<\/strong><br \/>(-30 for losing)\n|raw|LOCKEDaltator's rating: 1086 &rarr; <strong>1118<\/strong><br \/>(+32 for winning)\n|l|\u2606MarcusTalks\n","uploadtime":1699899858,"views":4,"p1id":"marcustalks","p2id":"lockedaltator","formatid":"gen9nationaldex","rating":1118,"private":0,"password":""}