{"id":"gen9nationaldex-1993193245","p1":"Tank Tests","p2":"yuanyangxu","format":"[Gen 9] National Dex","log":"|j|\u2606Tank Tests\n|j|\u2606yuanyangxu\n|t:|1700276259\n|gametype|singles\n|player|p1|Tank Tests|102|1346\n|player|p2|yuanyangxu|ash-kalos|1366\n|teamsize|p1|6\n|teamsize|p2|6\n|gen|9\n|tier|[Gen 9] National Dex\n|rated|\n|rule|HP Percentage Mod: HP is shown in percentages\n|rule|Endless Battle Clause: Forcing endless battles is banned\n|rule|OHKO Clause: OHKO moves are banned\n|rule|Evasion Clause: Evasion abilities, items, and moves are banned\n|rule|Evasion Abilities Clause: Evasion abilities are banned\n|rule|Evasion Items Clause: Evasion items are banned\n|rule|Evasion Moves Clause: Evasion moves are banned\n|rule|Species Clause: Limit one of each Pok\u00e9mon\n|rule|Sleep Clause Mod: Limit one foe put to sleep\n|clearpoke\n|poke|p1|Pawmot, M|\n|poke|p1|Rabsca, F|\n|poke|p1|Banette, F|\n|poke|p1|Victini|\n|poke|p1|Dragonite, M|\n|poke|p1|Forretress, F|\n|poke|p2|Tapu Lele|\n|poke|p2|Hatterene, F|\n|poke|p2|Sneasler, M|\n|poke|p2|Urshifu-*, M|\n|poke|p2|Diancie|\n|poke|p2|Corviknight, M|\n|teampreview\n|\n|t:|1700276269\n|start\n|switch|p1a: Banette|Banette, F|100\/100\n|switch|p2a: Hatterene|Hatterene, F|100\/100\n|turn|1\n|\n|t:|1700276273\n|detailschange|p1a: Banette|Banette-Mega, F\n|-mega|p1a: Banette|Banette|Banettite\n|move|p1a: Banette|Poltergeist|p2a: Hatterene\n|-activate|p2a: Hatterene|move: Poltergeist|Leftovers\n|-supereffective|p2a: Hatterene\n|-damage|p2a: Hatterene|0 fnt\n|faint|p2a: Hatterene\n|\n|upkeep\n|\n|t:|1700276281\n|switch|p2a: Urshifu|Urshifu-Rapid-Strike, M|100\/100\n|turn|2\n|\n|t:|1700276285\n|move|p1a: Banette|Destiny Bond|p1a: Banette\n|-singlemove|p1a: Banette|Destiny Bond\n|move|p2a: Urshifu|Surging Strikes|p1a: Banette\n|-crit|p1a: Banette\n|-damage|p1a: Banette|36\/100\n|-crit|p1a: Banette\n|-damage|p1a: Banette|0 fnt\n|faint|p1a: Banette\n|-activate|p1a: Banette|move: Destiny Bond\n|faint|p2a: Urshifu\n|-hitcount|p1: Banette|2\n|\n|upkeep\n|\n|t:|1700276301\n|switch|p2a: Tapu Lele|Tapu Lele|100\/100\n|switch|p1a: Victini|Victini|100\/100\n|-fieldstart|move: Psychic Terrain|[from] ability: Psychic Surge|[of] p2a: Tapu Lele\n|turn|3\n|\n|t:|1700276307\n|move|p1a: Victini|V-create|p2a: Tapu Lele\n|-damage|p2a: Tapu Lele|0 fnt\n|-unboost|p1a: Victini|spe|1\n|-unboost|p1a: Victini|def|1\n|-unboost|p1a: Victini|spd|1\n|faint|p2a: Tapu Lele\n|\n|upkeep\n|\n|t:|1700276310\n|switch|p2a: Sneasler|Sneasler, M|100\/100\n|-enditem|p2a: Sneasler|Psychic Seed\n|-boost|p2a: Sneasler|spd|1|[from] item: Psychic Seed\n|turn|4\n|\n|t:|1700276315\n|switch|p1a: Forretress|Forretress, F|100\/100\n|-terastallize|p2a: Sneasler|Flying\n|move|p2a: Sneasler|Swords Dance|p2a: Sneasler\n|-boost|p2a: Sneasler|atk|2\n|\n|upkeep\n|turn|5\n|\n|t:|1700276323\n|move|p2a: Sneasler|Close Combat|p1a: Forretress\n|-damage|p1a: Forretress|3\/100\n|-unboost|p2a: Sneasler|def|1\n|-unboost|p2a: Sneasler|spd|1\n|move|p1a: Forretress|Explosion|p2a: Sneasler\n|-damage|p2a: Sneasler|0 fnt\n|faint|p1a: Forretress\n|faint|p2a: Sneasler\n|\n|upkeep\n|\n|t:|1700276330\n|switch|p2a: Diancie|Diancie|100\/100\n|switch|p1a: Victini|Victini|100\/100\n|turn|6\n|-message|yuanyangxu forfeited.\n|\n|win|Tank Tests\n|raw|Tank Tests's rating: 1346 &rarr; <strong>1367<\/strong><br \/>(+21 for winning)\n|raw|yuanyangxu's rating: 1366 &rarr; <strong>1345<\/strong><br \/>(-21 for losing)\n|l|\u2606yuanyangxu\n","uploadtime":1700276344,"views":8,"p1id":"tanktests","p2id":"yuanyangxu","formatid":"gen9nationaldex","rating":1345,"private":0,"password":""}