{"id":"gen9nationaldex-1995246939","p1":"189t","p2":"powerme","format":"[Gen 9] National Dex","log":"|html|<div class=\"broadcast-blue\"><strong>[Gen 9] National Dex is currently suspecting Sneasler! For information on how to participate check out the <a href=\"https:\/\/www.smogon.com\/forums\/threads\/sv-national-dex-suspect-8-just-dance.3731534\/\">suspect thread<\/a>.<\/strong><\/div>\n|j|\u2606189t\n|j|\u2606powerme\n|t:|1700539690\n|gametype|singles\n|player|p1|189t|cynthia|1297\n|player|p2|powerme|101|1385\n|teamsize|p1|6\n|teamsize|p2|6\n|gen|9\n|tier|[Gen 9] National Dex\n|rated|\n|rule|HP Percentage Mod: HP is shown in percentages\n|rule|Endless Battle Clause: Forcing endless battles is banned\n|rule|OHKO Clause: OHKO moves are banned\n|rule|Evasion Clause: Evasion abilities, items, and moves are banned\n|rule|Evasion Abilities Clause: Evasion abilities are banned\n|rule|Evasion Items Clause: Evasion items are banned\n|rule|Evasion Moves Clause: Evasion moves are banned\n|rule|Species Clause: Limit one of each Pok\u00e9mon\n|rule|Sleep Clause Mod: Limit one foe put to sleep\n|clearpoke\n|poke|p1|Urshifu-*, M|\n|poke|p1|Banette, M|\n|poke|p1|Darmanitan, M|\n|poke|p1|Clodsire, F|\n|poke|p1|Ferrothorn, M|\n|poke|p1|Great Tusk|\n|poke|p2|Greninja-*, M|\n|poke|p2|Ogerpon-Wellspring, F|\n|poke|p2|Basculegion, M|\n|poke|p2|Pelipper, M|\n|poke|p2|Scizor, M|\n|poke|p2|Zapdos|\n|teampreview\n|inactive|Battle timer is ON: inactive players will automatically lose when time's up. (requested by 189t)\n|\n|t:|1700539716\n|start\n|switch|p1a: Clodsire|Clodsire, F|100\/100\n|switch|p2a: Pelipper|Pelipper, M|100\/100\n|-weather|RainDance|[from] ability: Drizzle|[of] p2a: Pelipper\n|turn|1\n|\n|t:|1700539725\n|switch|p2a: Scizor|Scizor, M|100\/100\n|move|p1a: Clodsire|Toxic Spikes|p2a: Scizor\n|-sidestart|p2: powerme|move: Toxic Spikes\n|\n|-weather|RainDance|[upkeep]\n|upkeep\n|turn|2\n|\n|t:|1700539733\n|move|p2a: Scizor|U-turn|p1a: Clodsire\n|-resisted|p1a: Clodsire\n|-damage|p1a: Clodsire|79\/100\n|\n|t:|1700539736\n|switch|p2a: Zapdos|Zapdos|100\/100|[from] U-turn\n|move|p1a: Clodsire|Toxic Spikes|p2a: Zapdos\n|-sidestart|p2: powerme|move: Toxic Spikes\n|\n|-weather|RainDance|[upkeep]\n|-heal|p1a: Clodsire|85\/100|[from] item: Leftovers\n|upkeep\n|turn|3\n|\n|t:|1700539748\n|move|p2a: Zapdos|Defog|p1a: Clodsire\n|-unboost|p1a: Clodsire|evasion|1\n|-sideend|p2: powerme|Toxic Spikes|[from] move: Defog|[of] p2a: Zapdos\n|move|p1a: Clodsire|Gunk Shot|p2a: Zapdos\n|-damage|p2a: Zapdos|61\/100\n|\n|-weather|RainDance|[upkeep]\n|-heal|p1a: Clodsire|92\/100|[from] item: Leftovers\n|upkeep\n|turn|4\n|\n|t:|1700539757\n|-terastallize|p2a: Zapdos|Steel\n|move|p2a: Zapdos|Hurricane|p1a: Clodsire\n|-damage|p1a: Clodsire|64\/100\n|move|p1a: Clodsire|Toxic Spikes|p2a: Zapdos\n|-sidestart|p2: powerme|move: Toxic Spikes\n|\n|-weather|RainDance|[upkeep]\n|-heal|p1a: Clodsire|70\/100|[from] item: Leftovers\n|upkeep\n|turn|5\n|\n|t:|1700539766\n|move|p2a: Zapdos|Defog|p1a: Clodsire\n|-unboost|p1a: Clodsire|evasion|1\n|-sideend|p2: powerme|Toxic Spikes|[from] move: Defog|[of] p2a: Zapdos\n|move|p1a: Clodsire|Earthquake|p2a: Zapdos\n|-supereffective|p2a: Zapdos\n|-damage|p2a: Zapdos|1\/100\n|\n|-weather|RainDance|[upkeep]\n|-heal|p1a: Clodsire|76\/100|[from] item: Leftovers\n|upkeep\n|turn|6\n|inactive|powerme has 120 seconds left.\n|\n|t:|1700539803\n|switch|p2a: Ogerpon|Ogerpon-Wellspring, F|100\/100\n|move|p1a: Clodsire|Toxic Spikes|p2a: Ogerpon\n|-sidestart|p2: powerme|move: Toxic Spikes\n|\n|-weather|RainDance|[upkeep]\n|-heal|p1a: Clodsire|82\/100|[from] item: Leftovers\n|upkeep\n|turn|7\n|inactive|powerme has 120 seconds left.\n|\n|t:|1700539819\n|switch|p1a: Ferrothorn|Ferrothorn, M|100\/100\n|move|p2a: Ogerpon|Encore||[still]\n|-fail|p2a: Ogerpon\n|\n|-weather|RainDance|[upkeep]\n|upkeep\n|turn|8\n|inactive|powerme has 120 seconds left.\n|\n|t:|1700539826\n|move|p2a: Ogerpon|Swords Dance|p2a: Ogerpon\n|-boost|p2a: Ogerpon|atk|2\n|move|p1a: Ferrothorn|Stealth Rock|p2a: Ogerpon\n|-sidestart|p2: powerme|move: Stealth Rock\n|\n|-weather|none\n|upkeep\n|turn|9\n|\n|t:|1700539832\n|move|p2a: Ogerpon|Encore|p1a: Ferrothorn\n|-start|p1a: Ferrothorn|Encore\n|move|p1a: Ferrothorn|Stealth Rock||[still]\n|-fail|p1a: Ferrothorn\n|\n|upkeep\n|turn|10\n|\n|t:|1700539841\n|move|p2a: Ogerpon|Swords Dance|p2a: Ogerpon\n|-boost|p2a: Ogerpon|atk|2\n|move|p1a: Ferrothorn|Stealth Rock||[still]\n|-fail|p1a: Ferrothorn\n|\n|upkeep\n|turn|11\n|\n|t:|1700539852\n|switch|p1a: Banette|Banette, M|100\/100\n|move|p2a: Ogerpon|Swords Dance|p2a: Ogerpon\n|-boost|p2a: Ogerpon|atk|2\n|\n|upkeep\n|turn|12\n|\n|t:|1700539859\n|detailschange|p1a: Banette|Banette-Mega, M\n|-mega|p1a: Banette|Banette|Banettite\n|move|p1a: Banette|Destiny Bond|p1a: Banette\n|-singlemove|p1a: Banette|Destiny Bond\n|move|p2a: Ogerpon|Trailblaze|p1a: Banette\n|-damage|p1a: Banette|0 fnt\n|-boost|p2a: Ogerpon|spe|1\n|faint|p1a: Banette\n|-activate|p1a: Banette|move: Destiny Bond\n|faint|p2a: Ogerpon\n|\n|upkeep\n|inactive|powerme has 120 seconds left.\n|inactive|powerme has 90 seconds left.\n|\n|t:|1700539920\n|switch|p2a: Scizor|Scizor, M|100\/100\n|switch|p1a: Clodsire|Clodsire, F|82\/100\n|-damage|p2a: Scizor|88\/100|[from] Stealth Rock\n|turn|13\n|inactive|powerme has 90 seconds left.\n|\n|t:|1700539927\n|move|p2a: Scizor|U-turn|p1a: Clodsire\n|-resisted|p1a: Clodsire\n|-damage|p1a: Clodsire|61\/100\n|\n|t:|1700539931\n|switch|p2a: Zapdos|Zapdos, tera:Steel|1\/100|[from] U-turn\n|move|p1a: Clodsire|Toxic Spikes|p2a: Zapdos\n|-sidestart|p2: powerme|move: Toxic Spikes\n|\n|-heal|p1a: Clodsire|67\/100|[from] item: Leftovers\n|upkeep\n|turn|14\n|\n|t:|1700539945\n|move|p2a: Zapdos|Defog|p1a: Clodsire\n|-unboost|p1a: Clodsire|evasion|1\n|-sideend|p2: powerme|Toxic Spikes|[from] move: Defog|[of] p2a: Zapdos\n|-sideend|p2: powerme|Stealth Rock|[from] move: Defog|[of] p2a: Zapdos\n|move|p1a: Clodsire|Earthquake|p2a: Zapdos\n|-supereffective|p2a: Zapdos\n|-damage|p2a: Zapdos|0 fnt\n|faint|p2a: Zapdos\n|\n|-heal|p1a: Clodsire|74\/100|[from] item: Leftovers\n|upkeep\n|\n|t:|1700539956\n|switch|p2a: Pelipper|Pelipper, M|100\/100\n|-weather|RainDance|[from] ability: Drizzle|[of] p2a: Pelipper\n|turn|15\n|\n|t:|1700539963\n|move|p2a: Pelipper|Ice Beam|p1a: Clodsire\n|-supereffective|p1a: Clodsire\n|-damage|p1a: Clodsire|47\/100\n|move|p1a: Clodsire|Toxic Spikes|p2a: Pelipper\n|-sidestart|p2: powerme|move: Toxic Spikes\n|\n|-weather|RainDance|[upkeep]\n|-heal|p1a: Clodsire|54\/100|[from] item: Leftovers\n|upkeep\n|turn|16\n|\n|t:|1700539971\n|move|p2a: Pelipper|U-turn|p1a: Clodsire\n|-resisted|p1a: Clodsire\n|-damage|p1a: Clodsire|49\/100\n|\n|t:|1700539974\n|switch|p2a: Greninja|Greninja, M|100\/100|[from] U-turn\n|-status|p2a: Greninja|psn\n|move|p1a: Clodsire|Toxic Spikes|p2a: Greninja\n|-sidestart|p2: powerme|move: Toxic Spikes\n|\n|-weather|RainDance|[upkeep]\n|-heal|p1a: Clodsire|55\/100|[from] item: Leftovers\n|-damage|p2a: Greninja|88\/100 psn|[from] psn\n|upkeep\n|turn|17\n|\n|t:|1700539980\n|move|p2a: Greninja|Ice Beam|p1a: Clodsire\n|-supereffective|p1a: Clodsire\n|-damage|p1a: Clodsire|21\/100\n|-damage|p2a: Greninja|78\/100 psn|[from] item: Life Orb\n|move|p1a: Clodsire|Recover|p1a: Clodsire\n|-heal|p1a: Clodsire|71\/100\n|\n|-weather|RainDance|[upkeep]\n|-heal|p1a: Clodsire|77\/100|[from] item: Leftovers\n|-damage|p2a: Greninja|66\/100 psn|[from] psn\n|upkeep\n|turn|18\n|\n|t:|1700539986\n|move|p2a: Greninja|Ice Beam|p1a: Clodsire\n|-supereffective|p1a: Clodsire\n|-damage|p1a: Clodsire|39\/100\n|-damage|p2a: Greninja|56\/100 psn|[from] item: Life Orb\n|move|p1a: Clodsire|Recover|p1a: Clodsire\n|-heal|p1a: Clodsire|89\/100\n|\n|-weather|RainDance|[upkeep]\n|-heal|p1a: Clodsire|95\/100|[from] item: Leftovers\n|-damage|p2a: Greninja|44\/100 psn|[from] psn\n|upkeep\n|turn|19\n|-message|powerme forfeited.\n|\n|win|189t\n|raw|189t's rating: 1297 &rarr; <strong>1328<\/strong><br \/>(+31 for winning)\n|raw|powerme's rating: 1385 &rarr; <strong>1360<\/strong><br \/>(-25 for losing)\n|l|\u2606powerme\n","uploadtime":1700540001,"views":1,"p1id":"189t","p2id":"powerme","formatid":"gen9nationaldex","rating":1328,"private":0,"password":""}