{"id":"gen9nationaldex-1999143567","p1":"ZenDaruma","p2":"IronEyeJoe","format":"[Gen 9] National Dex","log":"|html|<div class=\"broadcast-blue\"><strong>[Gen 9] National Dex is currently suspecting Sneasler! For information on how to participate check out the <a href=\"https:\/\/www.smogon.com\/forums\/threads\/sv-national-dex-suspect-8-just-dance.3731534\/\">suspect thread<\/a>.<\/strong><\/div>\n|j|\u2606ZenDaruma\n|j|\u2606IronEyeJoe\n|t:|1701037903\n|gametype|singles\n|player|p1|ZenDaruma|101|1421\n|player|p2|IronEyeJoe|veteran|1429\n|teamsize|p1|6\n|teamsize|p2|6\n|gen|9\n|tier|[Gen 9] National Dex\n|rated|\n|rule|HP Percentage Mod: HP is shown in percentages\n|rule|Endless Battle Clause: Forcing endless battles is banned\n|rule|OHKO Clause: OHKO moves are banned\n|rule|Evasion Clause: Evasion abilities, items, and moves are banned\n|rule|Evasion Abilities Clause: Evasion abilities are banned\n|rule|Evasion Items Clause: Evasion items are banned\n|rule|Evasion Moves Clause: Evasion moves are banned\n|rule|Species Clause: Limit one of each Pok\u00e9mon\n|rule|Sleep Clause Mod: Limit one foe put to sleep\n|clearpoke\n|poke|p1|Heatran, F|\n|poke|p1|Zapdos|\n|poke|p1|Samurott-Hisui, F|\n|poke|p1|Serperior, F|\n|poke|p1|Tapu Lele|\n|poke|p1|Garganacl, F|\n|poke|p2|Pelipper, F|\n|poke|p2|Politoed, F|\n|poke|p2|Tapu Koko|\n|poke|p2|Scizor, F|\n|poke|p2|Iron Valiant|\n|poke|p2|Barraskewda, M|\n|teampreview\n|inactive|Battle timer is ON: inactive players will automatically lose when time's up. (requested by ZenDaruma)\n|\n|t:|1701037918\n|start\n|switch|p1a: Garganacl|Garganacl, F|100\/100\n|switch|p2a: Scizor|Scizor, F|100\/100\n|turn|1\n|\n|t:|1701037928\n|switch|p1a: Zapdos|Zapdos|100\/100\n|detailschange|p2a: Scizor|Scizor-Mega, F\n|-mega|p2a: Scizor|Scizor|Scizorite\n|move|p2a: Scizor|Swords Dance|p2a: Scizor\n|-boost|p2a: Scizor|atk|2\n|\n|upkeep\n|turn|2\n|\n|t:|1701037940\n|switch|p2a: Tapu Koko|Tapu Koko|100\/100\n|-fieldstart|move: Electric Terrain|[from] ability: Electric Surge|[of] p2a: Tapu Koko\n|move|p1a: Zapdos|Hurricane|p2a: Tapu Koko\n|-resisted|p2a: Tapu Koko\n|-damage|p2a: Tapu Koko|64\/100\n|-start|p2a: Tapu Koko|confusion\n|\n|upkeep\n|turn|3\n|\n|t:|1701037949\n|-activate|p2a: Tapu Koko|confusion\n|move|p2a: Tapu Koko|Volt Switch|p1a: Zapdos\n|-damage|p1a: Zapdos|66\/100\n|\n|t:|1701037953\n|switch|p2a: Politoed|Politoed, F|100\/100|[from] Volt Switch\n|-weather|RainDance|[from] ability: Drizzle|[of] p2a: Politoed\n|move|p1a: Zapdos|Volt Switch|p2a: Politoed\n|-supereffective|p2a: Politoed\n|-damage|p2a: Politoed|48\/100\n|\n|t:|1701037963\n|switch|p1a: Serperior|Serperior, F|100\/100|[from] Volt Switch\n|\n|-weather|RainDance|[upkeep]\n|upkeep\n|turn|4\n|\n|t:|1701037967\n|switch|p2a: Scizor|Scizor-Mega, F|100\/100\n|move|p1a: Serperior|Leaf Storm|p2a: Scizor\n|-resisted|p2a: Scizor\n|-damage|p2a: Scizor|89\/100\n|-boost|p1a: Serperior|spa|2\n|\n|-weather|RainDance|[upkeep]\n|upkeep\n|turn|5\n|\n|t:|1701037975\n|switch|p2a: Tapu Koko|Tapu Koko|64\/100\n|move|p1a: Serperior|Hidden Power|p2a: Tapu Koko\n|-damage|p2a: Tapu Koko|43\/100\n|\n|-weather|RainDance|[upkeep]\n|upkeep\n|turn|6\n|\n|t:|1701037986\n|move|p2a: Tapu Koko|Dazzling Gleam|p1a: Serperior\n|-damage|p1a: Serperior|60\/100\n|move|p1a: Serperior|Glare|p2a: Tapu Koko\n|-immune|p2a: Tapu Koko\n|\n|-weather|RainDance|[upkeep]\n|-heal|p1a: Serperior|66\/100|[from] item: Leftovers\n|-fieldend|move: Electric Terrain\n|upkeep\n|turn|7\n|\n|t:|1701037991\n|move|p2a: Tapu Koko|Dazzling Gleam|p1a: Serperior\n|-damage|p1a: Serperior|29\/100\n|move|p1a: Serperior|Leaf Storm|p2a: Tapu Koko\n|-damage|p2a: Tapu Koko|0 fnt\n|-boost|p1a: Serperior|spa|2\n|faint|p2a: Tapu Koko\n|\n|-weather|RainDance|[upkeep]\n|-heal|p1a: Serperior|35\/100|[from] item: Leftovers\n|upkeep\n|\n|t:|1701037997\n|switch|p2a: Barraskewda|Barraskewda, M|100\/100\n|turn|8\n|\n|t:|1701038013\n|switch|p1a: Zapdos|Zapdos|66\/100\n|-terastallize|p2a: Barraskewda|Water\n|move|p2a: Barraskewda|Flip Turn|p1a: Zapdos\n|-damage|p1a: Zapdos|0 fnt\n|faint|p1a: Zapdos\n|\n|t:|1701038024\n|switch|p2a: Scizor|Scizor-Mega, F|89\/100|[from] Flip Turn\n|\n|-weather|RainDance|[upkeep]\n|upkeep\n|\n|t:|1701038035\n|switch|p1a: Garganacl|Garganacl, F|100\/100\n|turn|9\n|\n|t:|1701038053\n|-terastallize|p1a: Garganacl|Dragon\n|move|p2a: Scizor|Close Combat|p1a: Garganacl\n|-damage|p1a: Garganacl|69\/100\n|-unboost|p2a: Scizor|def|1\n|-unboost|p2a: Scizor|spd|1\n|move|p1a: Garganacl|Salt Cure|p2a: Scizor\n|-crit|p2a: Scizor\n|-damage|p2a: Scizor|66\/100\n|-start|p2a: Scizor|Salt Cure\n|\n|-weather|RainDance|[upkeep]\n|-heal|p1a: Garganacl|75\/100|[from] item: Leftovers\n|-damage|p2a: Scizor|41\/100|[from] Salt Cure\n|upkeep\n|turn|10\n|\n|t:|1701038076\n|move|p2a: Scizor|Swords Dance|p2a: Scizor\n|-boost|p2a: Scizor|atk|2\n|move|p1a: Garganacl|Salt Cure|p2a: Scizor\n|-damage|p2a: Scizor|24\/100\n|\n|-weather|none\n|-heal|p1a: Garganacl|81\/100|[from] item: Leftovers\n|-damage|p2a: Scizor|0 fnt|[from] Salt Cure\n|faint|p2a: Scizor\n|upkeep\n|\n|t:|1701038080\n|switch|p2a: Barraskewda|Barraskewda, M, tera:Water|100\/100\n|turn|11\n|\n|t:|1701038090\n|move|p1a: Garganacl|Protect|p1a: Garganacl\n|-singleturn|p1a: Garganacl|Protect\n|move|p2a: Barraskewda|Flip Turn|p1a: Garganacl\n|-activate|p1a: Garganacl|move: Protect\n|\n|-heal|p1a: Garganacl|88\/100|[from] item: Leftovers\n|upkeep\n|turn|12\n|\n|t:|1701038098\n|move|p2a: Barraskewda|Flip Turn|p1a: Garganacl\n|-resisted|p1a: Garganacl\n|-damage|p1a: Garganacl|64\/100\n|\n|t:|1701038101\n|switch|p2a: Politoed|Politoed, F|48\/100|[from] Flip Turn\n|-weather|RainDance|[from] ability: Drizzle|[of] p2a: Politoed\n|move|p1a: Garganacl|Salt Cure|p2a: Politoed\n|-damage|p2a: Politoed|33\/100\n|-start|p2a: Politoed|Salt Cure\n|\n|-weather|RainDance|[upkeep]\n|-heal|p1a: Garganacl|70\/100|[from] item: Leftovers\n|-damage|p2a: Politoed|8\/100|[from] Salt Cure\n|upkeep\n|turn|13\n|\n|t:|1701038119\n|move|p2a: Politoed|Ice Beam|p1a: Garganacl\n|-supereffective|p1a: Garganacl\n|-damage|p1a: Garganacl|37\/100\n|move|p1a: Garganacl|Recover|p1a: Garganacl\n|-heal|p1a: Garganacl|87\/100\n|\n|-weather|RainDance|[upkeep]\n|-heal|p1a: Garganacl|93\/100|[from] item: Leftovers\n|-damage|p2a: Politoed|0 fnt|[from] Salt Cure\n|faint|p2a: Politoed\n|upkeep\n|\n|t:|1701038125\n|switch|p2a: Iron Valiant|Iron Valiant|100\/100\n|turn|14\n|\n|t:|1701038137\n|move|p1a: Garganacl|Protect|p1a: Garganacl\n|-singleturn|p1a: Garganacl|Protect\n|move|p2a: Iron Valiant|Focus Blast|p1a: Garganacl\n|-activate|p1a: Garganacl|move: Protect\n|\n|-weather|RainDance|[upkeep]\n|-heal|p1a: Garganacl|99\/100|[from] item: Leftovers\n|upkeep\n|turn|15\n|\n|t:|1701038149\n|move|p2a: Iron Valiant|Moonblast|p1a: Garganacl\n|-supereffective|p1a: Garganacl\n|-damage|p1a: Garganacl|37\/100\n|move|p1a: Garganacl|Salt Cure|p2a: Iron Valiant\n|-resisted|p2a: Iron Valiant\n|-damage|p2a: Iron Valiant|92\/100\n|-start|p2a: Iron Valiant|Salt Cure\n|\n|-weather|RainDance|[upkeep]\n|-heal|p1a: Garganacl|43\/100|[from] item: Leftovers\n|-damage|p2a: Iron Valiant|80\/100|[from] Salt Cure\n|upkeep\n|turn|16\n|\n|t:|1701038158\n|move|p1a: Garganacl|Protect|p1a: Garganacl\n|-singleturn|p1a: Garganacl|Protect\n|-zpower|p2a: Iron Valiant\n|move|p2a: Iron Valiant|Twinkle Tackle|p1a: Garganacl|[zeffect]\n|-supereffective|p1a: Garganacl\n|-zbroken|p1a: Garganacl\n|-damage|p1a: Garganacl|14\/100\n|\n|-weather|RainDance|[upkeep]\n|-heal|p1a: Garganacl|20\/100|[from] item: Leftovers\n|-damage|p2a: Iron Valiant|67\/100|[from] Salt Cure\n|upkeep\n|turn|17\n|\n|t:|1701038176\n|move|p2a: Iron Valiant|Focus Blast|p1a: Garganacl\n|-damage|p1a: Garganacl|0 fnt\n|faint|p1a: Garganacl\n|\n|-weather|RainDance|[upkeep]\n|-damage|p2a: Iron Valiant|55\/100|[from] Salt Cure\n|upkeep\n|\n|t:|1701038182\n|switch|p1a: Tapu Lele|Tapu Lele|100\/100\n|-fieldstart|move: Psychic Terrain|[from] ability: Psychic Surge|[of] p1a: Tapu Lele\n|turn|18\n|\n|t:|1701038191\n|move|p1a: Tapu Lele|Psychic|p2a: Iron Valiant\n|-supereffective|p2a: Iron Valiant\n|-damage|p2a: Iron Valiant|0 fnt\n|faint|p2a: Iron Valiant\n|-end|p2a: Iron Valiant|Quark Drive|[silent]\n|\n|-weather|RainDance|[upkeep]\n|upkeep\n|\n|t:|1701038193\n|switch|p2a: Barraskewda|Barraskewda, M, tera:Water|100\/100\n|turn|19\n|\n|t:|1701038199\n|move|p2a: Barraskewda|Liquidation|p1a: Tapu Lele\n|-damage|p1a: Tapu Lele|0 fnt\n|faint|p1a: Tapu Lele\n|\n|-weather|none\n|upkeep\n|\n|t:|1701038204\n|switch|p1a: Serperior|Serperior, F|35\/100\n|turn|20\n|\n|t:|1701038209\n|move|p2a: Barraskewda|Liquidation|p1a: Serperior\n|-resisted|p1a: Serperior\n|-damage|p1a: Serperior|0 fnt\n|faint|p1a: Serperior\n|\n|upkeep\n|\n|t:|1701038213\n|switch|p1a: Samurott|Samurott-Hisui, F|100\/100\n|turn|21\n|inactive|IronEyeJoe has 120 seconds left.\n|inactive|IronEyeJoe has 90 seconds left.\n|\n|t:|1701038285\n|switch|p2a: Pelipper|Pelipper, F|100\/100\n|-weather|RainDance|[from] ability: Drizzle|[of] p2a: Pelipper\n|move|p1a: Samurott|Ceaseless Edge|p2a: Pelipper\n|-damage|p2a: Pelipper|26\/100\n|-sidestart|p2: IronEyeJoe|Spikes\n|\n|-weather|RainDance|[upkeep]\n|upkeep\n|turn|22\n|inactive|IronEyeJoe has 60 seconds left.\n|\n|t:|1701038319\n|move|p1a: Samurott|Ceaseless Edge|p2a: Pelipper\n|-damage|p2a: Pelipper|0 fnt\n|-sidestart|p2: IronEyeJoe|Spikes\n|faint|p2a: Pelipper\n|\n|-weather|RainDance|[upkeep]\n|-fieldend|move: Psychic Terrain\n|upkeep\n|\n|t:|1701038322\n|switch|p2a: Barraskewda|Barraskewda, M, tera:Water|100\/100\n|-damage|p2a: Barraskewda|84\/100|[from] Spikes\n|turn|23\n|\n|t:|1701038328\n|move|p2a: Barraskewda|Liquidation|p1a: Samurott\n|-resisted|p1a: Samurott\n|-damage|p1a: Samurott|7\/100\n|move|p1a: Samurott|Ceaseless Edge|p2a: Barraskewda\n|-damage|p2a: Barraskewda|0 fnt\n|-sidestart|p2: IronEyeJoe|Spikes\n|faint|p2a: Barraskewda\n|\n|win|ZenDaruma\n|raw|ZenDaruma's rating: 1421 &rarr; <strong>1441<\/strong><br \/>(+20 for winning)\n|raw|IronEyeJoe's rating: 1429 &rarr; <strong>1409<\/strong><br \/>(-20 for losing)\n|l|\u2606IronEyeJoe\n","uploadtime":1701038339,"views":2,"p1id":"zendaruma","p2id":"ironeyejoe","formatid":"gen9nationaldex","rating":1409,"private":0,"password":""}