{"id":"gen9nationaldex-1992832012","p1":"dadi02","p2":"josh_bullet","format":"[Gen 9] National Dex","log":"|j|\u2606dadi02\n|j|\u2606josh_bullet\n|t:|1700239273\n|gametype|singles\n|player|p1|dadi02|guitarist|1431\n|player|p2|josh_bullet|n|1330\n|teamsize|p1|6\n|teamsize|p2|6\n|gen|9\n|tier|[Gen 9] National Dex\n|rated|\n|rule|HP Percentage Mod: HP is shown in percentages\n|rule|Endless Battle Clause: Forcing endless battles is banned\n|rule|OHKO Clause: OHKO moves are banned\n|rule|Evasion Clause: Evasion abilities, items, and moves are banned\n|rule|Evasion Abilities Clause: Evasion abilities are banned\n|rule|Evasion Items Clause: Evasion items are banned\n|rule|Evasion Moves Clause: Evasion moves are banned\n|rule|Species Clause: Limit one of each Pok\u00e9mon\n|rule|Sleep Clause Mod: Limit one foe put to sleep\n|clearpoke\n|poke|p1|Tapu Lele|\n|poke|p1|Hawlucha, M|\n|poke|p1|Chansey, F|\n|poke|p1|Cinderace, M|\n|poke|p1|Polteageist-Antique|\n|poke|p1|Armarouge, F|\n|poke|p2|Charizard, M|\n|poke|p2|Weezing-Galar, M|\n|poke|p2|Urshifu-*, M|\n|poke|p2|Aegislash, F|\n|poke|p2|Grimmsnarl, M|\n|poke|p2|Tornadus-Therian, M|\n|teampreview\n|inactive|Battle timer is ON: inactive players will automatically lose when time's up. (requested by josh_bullet)\n|\n|t:|1700239291\n|start\n|switch|p1a: Tapu Lele|Tapu Lele|100\/100\n|switch|p2a: Grimmsnarl|Grimmsnarl, M|100\/100\n|-fieldstart|move: Psychic Terrain|[from] ability: Psychic Surge|[of] p1a: Tapu Lele\n|turn|1\n|\n|t:|1700239298\n|move|p2a: Grimmsnarl|Light Screen|p2a: Grimmsnarl\n|-sidestart|p2: josh_bullet|move: Light Screen\n|move|p1a: Tapu Lele|Future Sight|p2a: Grimmsnarl\n|-start|p1a: Tapu Lele|move: Future Sight\n|\n|upkeep\n|turn|2\n|\n|t:|1700239308\n|switch|p1a: Cinderace|Cinderace, M|100\/100\n|move|p2a: Grimmsnarl|Reflect|p2a: Grimmsnarl\n|-sidestart|p2: josh_bullet|Reflect\n|\n|upkeep\n|turn|3\n|\n|t:|1700239319\n|switch|p2a: Charizard|Charizard, M|100\/100\n|move|p1a: Cinderace|Court Change|p1a: Cinderace\n|-start|p1a: Cinderace|typechange|Normal|[from] ability: Libero\n|-swapsideconditions\n|-activate|p1a: Cinderace|move: Court Change\n|\n|-end|p2a: Charizard|move: Future Sight\n|-crit|p2a: Charizard\n|-damage|p2a: Charizard|0 fnt\n|faint|p2a: Charizard\n|upkeep\n|\n|t:|1700239330\n|switch|p2a: Grimmsnarl|Grimmsnarl, M|100\/100\n|turn|4\n|\n|t:|1700239343\n|switch|p1a: Polteageist|Polteageist-Antique|100\/100\n|move|p2a: Grimmsnarl|Reflect|p2a: Grimmsnarl\n|-sidestart|p2: josh_bullet|Reflect\n|\n|upkeep\n|turn|5\n|\n|t:|1700239357\n|move|p2a: Grimmsnarl|Taunt|p1a: Polteageist\n|-activate|p1a: Polteageist|move: Psychic Terrain\n|move|p1a: Polteageist|Shell Smash|p1a: Polteageist\n|-unboost|p1a: Polteageist|def|1\n|-unboost|p1a: Polteageist|spd|1\n|-boost|p1a: Polteageist|atk|2\n|-boost|p1a: Polteageist|spa|2\n|-boost|p1a: Polteageist|spe|2\n|\n|upkeep\n|turn|6\n|\n|t:|1700239381\n|move|p2a: Grimmsnarl|Light Screen|p2a: Grimmsnarl\n|-sidestart|p2: josh_bullet|move: Light Screen\n|move|p1a: Polteageist|Shadow Ball|p2a: Grimmsnarl\n|-resisted|p2a: Grimmsnarl\n|-damage|p2a: Grimmsnarl|79\/100\n|\n|upkeep\n|turn|7\n|\n|t:|1700239392\n|switch|p2a: Weezing|Weezing-Galar, M|100\/100\n|-ability|p2a: Weezing|Neutralizing Gas\n|move|p1a: Polteageist|Shell Smash|p1a: Polteageist\n|-unboost|p1a: Polteageist|def|1\n|-unboost|p1a: Polteageist|spd|1\n|-boost|p1a: Polteageist|atk|2\n|-boost|p1a: Polteageist|spa|2\n|-boost|p1a: Polteageist|spe|2\n|\n|upkeep\n|turn|8\n|\n|t:|1700239407\n|move|p1a: Polteageist|Stored Power|p2a: Weezing\n|-supereffective|p2a: Weezing\n|-damage|p2a: Weezing|0 fnt\n|faint|p2a: Weezing\n|-end|p2a: Weezing|ability: Neutralizing Gas\n|\n|-sideend|p1: dadi02|move: Light Screen\n|-fieldend|move: Psychic Terrain\n|upkeep\n|\n|t:|1700239414\n|switch|p2a: Urshifu|Urshifu-Rapid-Strike, M|100\/100\n|turn|9\n|\n|t:|1700239420\n|-terastallize|p2a: Urshifu|Water\n|move|p1a: Polteageist|Stored Power|p2a: Urshifu\n|-damage|p2a: Urshifu|0 fnt\n|faint|p2a: Urshifu\n|\n|-sideend|p1: dadi02|Reflect\n|upkeep\n|\n|t:|1700239426\n|switch|p2a: Aegislash|Aegislash, F|100\/100\n|turn|10\n|\n|t:|1700239445\n|move|p1a: Polteageist|Shadow Ball|p2a: Aegislash\n|-supereffective|p2a: Aegislash\n|-crit|p2a: Aegislash\n|-damage|p2a: Aegislash|0 fnt\n|faint|p2a: Aegislash\n|\n|upkeep\n|\n|t:|1700239450\n|switch|p2a: Grimmsnarl|Grimmsnarl, M|79\/100\n|turn|11\n|\n|t:|1700239456\n|move|p2a: Grimmsnarl|Parting Shot|p1a: Polteageist\n|-unboost|p1a: Polteageist|atk|1\n|-unboost|p1a: Polteageist|spa|1\n|\n|t:|1700239460\n|switch|p2a: Tornadus|Tornadus-Therian, M|100\/100|[from] Parting Shot\n|move|p1a: Polteageist|Shadow Ball|p2a: Tornadus\n|-damage|p2a: Tornadus|22\/100\n|\n|-sideend|p2: josh_bullet|Reflect\n|upkeep\n|turn|12\n|\n|t:|1700239468\n|move|p1a: Polteageist|Shadow Ball|p2a: Tornadus\n|-damage|p2a: Tornadus|0 fnt\n|faint|p2a: Tornadus\n|\n|upkeep\n|\n|t:|1700239473\n|switch|p2a: Grimmsnarl|Grimmsnarl, M|79\/100\n|turn|13\n|\n|t:|1700239478\n|move|p2a: Grimmsnarl|Parting Shot|p1a: Polteageist\n|-unboost|p1a: Polteageist|atk|1\n|-unboost|p1a: Polteageist|spa|1\n|move|p1a: Polteageist|Shell Smash|p1a: Polteageist\n|-unboost|p1a: Polteageist|def|1\n|-unboost|p1a: Polteageist|spd|1\n|-boost|p1a: Polteageist|atk|2\n|-boost|p1a: Polteageist|spa|2\n|-boost|p1a: Polteageist|spe|2\n|\n|-sideend|p2: josh_bullet|move: Light Screen\n|upkeep\n|turn|14\n|\n|t:|1700239488\n|-terastallize|p1a: Polteageist|Ghost\n|move|p2a: Grimmsnarl|Parting Shot|p1a: Polteageist\n|-unboost|p1a: Polteageist|atk|1\n|-unboost|p1a: Polteageist|spa|1\n|move|p1a: Polteageist|Shadow Ball|p2a: Grimmsnarl\n|-resisted|p2a: Grimmsnarl\n|-damage|p2a: Grimmsnarl|11\/100\n|\n|upkeep\n|turn|15\n|\n|t:|1700239496\n|move|p2a: Grimmsnarl|Parting Shot|p1a: Polteageist\n|-unboost|p1a: Polteageist|atk|1\n|-unboost|p1a: Polteageist|spa|1\n|move|p1a: Polteageist|Shadow Ball|p2a: Grimmsnarl\n|-resisted|p2a: Grimmsnarl\n|-damage|p2a: Grimmsnarl|0 fnt\n|faint|p2a: Grimmsnarl\n|\n|win|dadi02\n|raw|dadi02's rating: 1431 &rarr; <strong>1445<\/strong><br \/>(+14 for winning)\n|raw|josh_bullet's rating: 1330 &rarr; <strong>1316<\/strong><br \/>(-14 for losing)\n|l|\u2606josh_bullet\n","uploadtime":1700239532,"views":17,"p1id":"dadi02","p2id":"joshbullet","formatid":"gen9nationaldex","rating":1316,"private":0,"password":""}