{"id":"gen9nationaldex-1988281844","p1":"ldsadsadcsf","p2":"bibifff","format":"[Gen 9] National Dex","log":"|j|\u2606ldsadsadcsf\n|j|\u2606bibifff\n|t:|1699701034\n|gametype|singles\n|player|p1|ldsadsadcsf|unknown|1340\n|player|p2|bibifff|brycenman|1407\n|teamsize|p1|6\n|teamsize|p2|6\n|gen|9\n|tier|[Gen 9] National Dex\n|rated|\n|rule|HP Percentage Mod: HP is shown in percentages\n|rule|Endless Battle Clause: Forcing endless battles is banned\n|rule|OHKO Clause: OHKO moves are banned\n|rule|Evasion Clause: Evasion abilities, items, and moves are banned\n|rule|Evasion Abilities Clause: Evasion abilities are banned\n|rule|Evasion Items Clause: Evasion items are banned\n|rule|Evasion Moves Clause: Evasion moves are banned\n|rule|Species Clause: Limit one of each Pok\u00e9mon\n|rule|Sleep Clause Mod: Limit one foe put to sleep\n|clearpoke\n|poke|p1|Great Tusk|\n|poke|p1|Rillaboom, M|\n|poke|p1|Sneasler, F|\n|poke|p1|Zapdos|\n|poke|p1|Ceruledge, F|\n|poke|p1|Kommo-o, F|\n|poke|p2|Aegislash, F|\n|poke|p2|Garchomp, M|\n|poke|p2|Alomomola, M|\n|poke|p2|Manectric, M|\n|poke|p2|Zamazenta-*|\n|poke|p2|Enamorus, F|\n|teampreview\n|inactive|Battle timer is ON: inactive players will automatically lose when time's up. (requested by ldsadsadcsf)\n|\n|t:|1699701044\n|start\n|switch|p1a: \u54ce\u5466\uff0c\u4f60\u5e72\u561b|Zapdos, shiny|100\/100\n|switch|p2a: Garchomp|Garchomp, M, shiny|100\/100\n|turn|1\n|\n|t:|1699701052\n|-zpower|p2a: Garchomp\n|move|p2a: Garchomp|Devastating Drake|p1a: \u54ce\u5466\uff0c\u4f60\u5e72\u561b|[zeffect]\n|-damage|p1a: \u54ce\u5466\uff0c\u4f60\u5e72\u561b|2\/100\n|move|p1a: \u54ce\u5466\uff0c\u4f60\u5e72\u561b|Defog|p2a: Garchomp\n|-unboost|p2a: Garchomp|evasion|1\n|\n|upkeep\n|turn|2\n|\n|t:|1699701070\n|switch|p1a: GF\u8fd8\u621160\u5a01\u529b\u6ed1\u68af\uff01|Rillaboom, M, shiny|100\/100\n|-fieldstart|move: Grassy Terrain|[from] ability: Grassy Surge|[of] p1a: GF\u8fd8\u621160\u5a01\u529b\u6ed1\u68af\uff01\n|move|p2a: Garchomp|Outrage|p1a: GF\u8fd8\u621160\u5a01\u529b\u6ed1\u68af\uff01\n|-damage|p1a: GF\u8fd8\u621160\u5a01\u529b\u6ed1\u68af\uff01|38\/100\n|\n|-heal|p1a: GF\u8fd8\u621160\u5a01\u529b\u6ed1\u68af\uff01|44\/100|[from] Grassy Terrain\n|upkeep\n|turn|3\n|\n|t:|1699701082\n|-terastallize|p1a: GF\u8fd8\u621160\u5a01\u529b\u6ed1\u68af\uff01|Grass\n|move|p1a: GF\u8fd8\u621160\u5a01\u529b\u6ed1\u68af\uff01|Grassy Glide|p2a: Garchomp\n|-crit|p2a: Garchomp\n|-damage|p2a: Garchomp|0 fnt\n|-damage|p1a: GF\u8fd8\u621160\u5a01\u529b\u6ed1\u68af\uff01|32\/100|[from] ability: Rough Skin|[of] p2a: Garchomp\n|faint|p2a: Garchomp\n|\n|-heal|p1a: GF\u8fd8\u621160\u5a01\u529b\u6ed1\u68af\uff01|38\/100|[from] Grassy Terrain\n|upkeep\n|\n|t:|1699701097\n|switch|p2a: Enamorus|Enamorus, F|100\/100\n|turn|4\n|\n|t:|1699701104\n|switch|p1a: \u60f3\u88ab\u6211\u7761\u5417\uff1f|Sneasler, F|100\/100\n|-enditem|p1a: \u60f3\u88ab\u6211\u7761\u5417\uff1f|Grassy Seed\n|-boost|p1a: \u60f3\u88ab\u6211\u7761\u5417\uff1f|def|1|[from] item: Grassy Seed\n|move|p2a: Enamorus|Superpower|p1a: \u60f3\u88ab\u6211\u7761\u5417\uff1f\n|-resisted|p1a: \u60f3\u88ab\u6211\u7761\u5417\uff1f\n|-crit|p1a: \u60f3\u88ab\u6211\u7761\u5417\uff1f\n|-damage|p1a: \u60f3\u88ab\u6211\u7761\u5417\uff1f|55\/100\n|-boost|p2a: Enamorus|atk|1\n|-boost|p2a: Enamorus|def|1\n|\n|-heal|p1a: \u60f3\u88ab\u6211\u7761\u5417\uff1f|61\/100|[from] Grassy Terrain\n|upkeep\n|turn|5\n|\n|t:|1699701121\n|move|p1a: \u60f3\u88ab\u6211\u7761\u5417\uff1f|Dire Claw|p2a: Enamorus\n|-supereffective|p2a: Enamorus\n|-damage|p2a: Enamorus|1\/100\n|move|p2a: Enamorus|Superpower|p1a: \u60f3\u88ab\u6211\u7761\u5417\uff1f\n|-resisted|p1a: \u60f3\u88ab\u6211\u7761\u5417\uff1f\n|-damage|p1a: \u60f3\u88ab\u6211\u7761\u5417\uff1f|27\/100\n|-boost|p2a: Enamorus|atk|1\n|-boost|p2a: Enamorus|def|1\n|\n|-heal|p1a: \u60f3\u88ab\u6211\u7761\u5417\uff1f|33\/100|[from] Grassy Terrain\n|upkeep\n|turn|6\n|\n|t:|1699701133\n|move|p1a: \u60f3\u88ab\u6211\u7761\u5417\uff1f|Dire Claw|p2a: Enamorus\n|-supereffective|p2a: Enamorus\n|-damage|p2a: Enamorus|0 fnt\n|faint|p2a: Enamorus\n|\n|-heal|p1a: \u60f3\u88ab\u6211\u7761\u5417\uff1f|39\/100|[from] Grassy Terrain\n|-fieldend|move: Grassy Terrain\n|upkeep\n|l|\u2606ldsadsadcsf\n|inactive|ldsadsadcsf disconnected and has a minute to reconnect!\n|player|p1|\n|\n|t:|1699701140\n|switch|p2a: Zamazenta|Zamazenta|100\/100\n|-ability|p2a: Zamazenta|Dauntless Shield|boost\n|-boost|p2a: Zamazenta|def|1\n|turn|7\n|inactive|ldsadsadcsf has 30 seconds to reconnect!\n|inactive|ldsadsadcsf has 20 seconds to reconnect!\n|inactive|ldsadsadcsf has 15 seconds to reconnect!\n|inactive|ldsadsadcsf has 10 seconds to reconnect!\n|inactive|ldsadsadcsf has 5 seconds to reconnect!\n|j|\u2606ldsadsadcsf\n|inactive|ldsadsadcsf reconnected and has 95 seconds left.\n|player|p1|ldsadsadcsf|unknown\n|inactive|ldsadsadcsf has 90 seconds left.\n|\n|t:|1699701202\n|move|p1a: \u60f3\u88ab\u6211\u7761\u5417\uff1f|Swords Dance|p1a: \u60f3\u88ab\u6211\u7761\u5417\uff1f\n|-boost|p1a: \u60f3\u88ab\u6211\u7761\u5417\uff1f|atk|2\n|move|p2a: Zamazenta|Body Press|p1a: \u60f3\u88ab\u6211\u7761\u5417\uff1f\n|-resisted|p1a: \u60f3\u88ab\u6211\u7761\u5417\uff1f\n|-damage|p1a: \u60f3\u88ab\u6211\u7761\u5417\uff1f|2\/100\n|\n|upkeep\n|turn|8\n|\n|t:|1699701208\n|move|p1a: \u60f3\u88ab\u6211\u7761\u5417\uff1f|Acrobatics|p2a: Zamazenta\n|-supereffective|p2a: Zamazenta\n|-damage|p2a: Zamazenta|20\/100\n|move|p2a: Zamazenta|Body Press|p1a: \u60f3\u88ab\u6211\u7761\u5417\uff1f\n|-resisted|p1a: \u60f3\u88ab\u6211\u7761\u5417\uff1f\n|-damage|p1a: \u60f3\u88ab\u6211\u7761\u5417\uff1f|0 fnt\n|faint|p1a: \u60f3\u88ab\u6211\u7761\u5417\uff1f\n|\n|-heal|p2a: Zamazenta|27\/100|[from] item: Leftovers\n|upkeep\n|\n|t:|1699701216\n|switch|p1a: \u79d8\u6280 \u4e8c\u5200\u6d41|Ceruledge, F|100\/100\n|turn|9\n|\n|t:|1699701223\n|move|p2a: Zamazenta|Crunch|p1a: \u79d8\u6280 \u4e8c\u5200\u6d41\n|-supereffective|p1a: \u79d8\u6280 \u4e8c\u5200\u6d41\n|-damage|p1a: \u79d8\u6280 \u4e8c\u5200\u6d41|42\/100\n|-ability|p1a: \u79d8\u6280 \u4e8c\u5200\u6d41|Weak Armor|boost\n|-unboost|p1a: \u79d8\u6280 \u4e8c\u5200\u6d41|def|1\n|-boost|p1a: \u79d8\u6280 \u4e8c\u5200\u6d41|spe|2\n|move|p1a: \u79d8\u6280 \u4e8c\u5200\u6d41|Swords Dance|p1a: \u79d8\u6280 \u4e8c\u5200\u6d41\n|-boost|p1a: \u79d8\u6280 \u4e8c\u5200\u6d41|atk|2\n|\n|-heal|p2a: Zamazenta|33\/100|[from] item: Leftovers\n|upkeep\n|turn|10\n|\n|t:|1699701231\n|move|p1a: \u79d8\u6280 \u4e8c\u5200\u6d41|Bitter Blade|p2a: Zamazenta\n|-damage|p2a: Zamazenta|0 fnt\n|-heal|p1a: \u79d8\u6280 \u4e8c\u5200\u6d41|60\/100|[from] drain|[of] p2a: Zamazenta\n|faint|p2a: Zamazenta\n|\n|upkeep\n|\n|t:|1699701241\n|switch|p2a: Aegislash|Aegislash, F|100\/100\n|turn|11\n|\n|t:|1699701265\n|-terastallize|p2a: Aegislash|Water\n|-formechange|p2a: Aegislash|Aegislash-Blade||[from] ability: Stance Change\n|move|p2a: Aegislash|Shadow Sneak|p1a: \u79d8\u6280 \u4e8c\u5200\u6d41\n|-supereffective|p1a: \u79d8\u6280 \u4e8c\u5200\u6d41\n|-damage|p1a: \u79d8\u6280 \u4e8c\u5200\u6d41|0 fnt\n|faint|p1a: \u79d8\u6280 \u4e8c\u5200\u6d41\n|\n|upkeep\n|\n|t:|1699701274\n|switch|p1a: GF\u8fd8\u621160\u5a01\u529b\u6ed1\u68af\uff01|Rillaboom, M, shiny, tera:Grass|38\/100\n|-fieldstart|move: Grassy Terrain|[from] ability: Grassy Surge|[of] p1a: GF\u8fd8\u621160\u5a01\u529b\u6ed1\u68af\uff01\n|turn|12\n|\n|t:|1699701280\n|-formechange|p2a: Aegislash|Aegislash||[from] ability: Stance Change\n|move|p2a: Aegislash|King's Shield|p2a: Aegislash\n|-singleturn|p2a: Aegislash|Protect\n|move|p1a: GF\u8fd8\u621160\u5a01\u529b\u6ed1\u68af\uff01|Grassy Glide|p2a: Aegislash\n|-activate|p2a: Aegislash|move: Protect\n|-unboost|p1a: GF\u8fd8\u621160\u5a01\u529b\u6ed1\u68af\uff01|atk|1\n|\n|-heal|p1a: GF\u8fd8\u621160\u5a01\u529b\u6ed1\u68af\uff01|44\/100|[from] Grassy Terrain\n|upkeep\n|turn|13\n|\n|t:|1699701289\n|switch|p1a: \u54ce\u5466\uff0c\u4f60\u5e72\u561b|Zapdos, shiny|2\/100\n|-formechange|p2a: Aegislash|Aegislash-Blade||[from] ability: Stance Change\n|move|p2a: Aegislash|Shadow Sneak|p1a: \u54ce\u5466\uff0c\u4f60\u5e72\u561b\n|-damage|p1a: \u54ce\u5466\uff0c\u4f60\u5e72\u561b|0 fnt\n|faint|p1a: \u54ce\u5466\uff0c\u4f60\u5e72\u561b\n|\n|upkeep\n|\n|t:|1699701292\n|switch|p1a: GF\u8fd8\u621160\u5a01\u529b\u6ed1\u68af\uff01|Rillaboom, M, shiny, tera:Grass|44\/100\n|turn|14\n|\n|t:|1699701295\n|-formechange|p2a: Aegislash|Aegislash||[from] ability: Stance Change\n|move|p2a: Aegislash|King's Shield|p2a: Aegislash\n|-singleturn|p2a: Aegislash|Protect\n|move|p1a: GF\u8fd8\u621160\u5a01\u529b\u6ed1\u68af\uff01|Grassy Glide|p2a: Aegislash\n|-activate|p2a: Aegislash|move: Protect\n|-unboost|p1a: GF\u8fd8\u621160\u5a01\u529b\u6ed1\u68af\uff01|atk|1\n|\n|-heal|p1a: GF\u8fd8\u621160\u5a01\u529b\u6ed1\u68af\uff01|50\/100|[from] Grassy Terrain\n|upkeep\n|turn|15\n|\n|t:|1699701302\n|move|p1a: GF\u8fd8\u621160\u5a01\u529b\u6ed1\u68af\uff01|Grassy Glide|p2a: Aegislash\n|-supereffective|p2a: Aegislash\n|-damage|p2a: Aegislash|18\/100\n|-formechange|p2a: Aegislash|Aegislash-Blade||[from] ability: Stance Change\n|move|p2a: Aegislash|Shadow Sneak|p1a: GF\u8fd8\u621160\u5a01\u529b\u6ed1\u68af\uff01\n|-damage|p1a: GF\u8fd8\u621160\u5a01\u529b\u6ed1\u68af\uff01|24\/100\n|\n|-heal|p1a: GF\u8fd8\u621160\u5a01\u529b\u6ed1\u68af\uff01|30\/100|[from] Grassy Terrain\n|-heal|p2a: Aegislash|24\/100|[from] Grassy Terrain\n|-heal|p2a: Aegislash|30\/100|[from] item: Leftovers\n|upkeep\n|turn|16\n|\n|t:|1699701319\n|switch|p1a: \u97f3\u6ce2\u9f99|Kommo-o, F, shiny|100\/100\n|move|p2a: Aegislash|Gyro Ball|p1a: \u97f3\u6ce2\u9f99\n|-immune|p1a: \u97f3\u6ce2\u9f99|[from] ability: Bulletproof\n|\n|-heal|p2a: Aegislash|36\/100|[from] Grassy Terrain\n|-heal|p2a: Aegislash|42\/100|[from] item: Leftovers\n|-fieldend|move: Grassy Terrain\n|upkeep\n|turn|17\n|\n|t:|1699701329\n|move|p1a: \u97f3\u6ce2\u9f99|Clangorous Soul|p1a: \u97f3\u6ce2\u9f99\n|-boost|p1a: \u97f3\u6ce2\u9f99|atk|1\n|-boost|p1a: \u97f3\u6ce2\u9f99|def|1\n|-boost|p1a: \u97f3\u6ce2\u9f99|spa|1\n|-boost|p1a: \u97f3\u6ce2\u9f99|spd|1\n|-boost|p1a: \u97f3\u6ce2\u9f99|spe|1\n|-damage|p1a: \u97f3\u6ce2\u9f99|68\/100\n|-enditem|p1a: \u97f3\u6ce2\u9f99|Throat Spray\n|-boost|p1a: \u97f3\u6ce2\u9f99|spa|1|[from] item: Throat Spray\n|move|p2a: Aegislash|Close Combat|p1a: \u97f3\u6ce2\u9f99\n|-damage|p1a: \u97f3\u6ce2\u9f99|38\/100\n|-unboost|p2a: Aegislash|def|1\n|-unboost|p2a: Aegislash|spd|1\n|\n|-heal|p2a: Aegislash|49\/100|[from] item: Leftovers\n|upkeep\n|turn|18\n|\n|t:|1699701349\n|-formechange|p2a: Aegislash|Aegislash||[from] ability: Stance Change\n|move|p2a: Aegislash|King's Shield|p2a: Aegislash\n|-singleturn|p2a: Aegislash|Protect\n|move|p1a: \u97f3\u6ce2\u9f99|Boomburst|p2a: Aegislash\n|-activate|p2a: Aegislash|move: Protect\n|\n|-heal|p2a: Aegislash|55\/100|[from] item: Leftovers\n|upkeep\n|turn|19\n|\n|t:|1699701358\n|-formechange|p2a: Aegislash|Aegislash-Blade||[from] ability: Stance Change\n|move|p2a: Aegislash|Shadow Sneak|p1a: \u97f3\u6ce2\u9f99\n|-damage|p1a: \u97f3\u6ce2\u9f99|22\/100\n|move|p1a: \u97f3\u6ce2\u9f99|Clanging Scales|p2a: Aegislash\n|-damage|p2a: Aegislash|0 fnt\n|faint|p2a: Aegislash\n|-unboost|p1a: \u97f3\u6ce2\u9f99|def|1\n|\n|upkeep\n|\n|t:|1699701372\n|switch|p2a: Manectric|Manectric, M, shiny|100\/100\n|turn|20\n|\n|t:|1699701384\n|detailschange|p2a: Manectric|Manectric-Mega, M, shiny\n|-mega|p2a: Manectric|Manectric|Manectite\n|-ability|p2a: Manectric|Intimidate|boost\n|-unboost|p1a: \u97f3\u6ce2\u9f99|atk|1\n|move|p1a: \u97f3\u6ce2\u9f99|Clanging Scales|p2a: Manectric\n|-damage|p2a: Manectric|0 fnt\n|faint|p2a: Manectric\n|-unboost|p1a: \u97f3\u6ce2\u9f99|def|1\n|\n|upkeep\n|-message|bibifff forfeited.\n|\n|win|ldsadsadcsf\n|raw|ldsadsadcsf's rating: 1340 &rarr; <strong>1364<\/strong><br \/>(+24 for winning)\n|raw|bibifff's rating: 1407 &rarr; <strong>1383<\/strong><br \/>(-24 for losing)\n|l|\u2606bibifff\n","uploadtime":1699701397,"views":5,"p1id":"ldsadsadcsf","p2id":"bibifff","formatid":"gen9nationaldex","rating":1364,"private":0,"password":""}