{"id":"gen9nationaldex-1990396172","p1":"Shugabush","p2":"sudatea","format":"[Gen 9] National Dex","log":"|j|\u2606Shugabush\n|j|\u2606sudatea\n|t:|1699966546\n|gametype|singles\n|player|p1|Shugabush|265|1209\n|player|p2|sudatea|harlequin|1222\n|teamsize|p1|6\n|teamsize|p2|6\n|gen|9\n|tier|[Gen 9] National Dex\n|rated|\n|rule|HP Percentage Mod: HP is shown in percentages\n|rule|Endless Battle Clause: Forcing endless battles is banned\n|rule|OHKO Clause: OHKO moves are banned\n|rule|Evasion Clause: Evasion abilities, items, and moves are banned\n|rule|Evasion Abilities Clause: Evasion abilities are banned\n|rule|Evasion Items Clause: Evasion items are banned\n|rule|Evasion Moves Clause: Evasion moves are banned\n|rule|Species Clause: Limit one of each Pok\u00e9mon\n|rule|Sleep Clause Mod: Limit one foe put to sleep\n|clearpoke\n|poke|p1|Mienshao, F|\n|poke|p1|Cofagrigus, F|\n|poke|p1|Glimmora, F|\n|poke|p1|Slaking, M|\n|poke|p1|Bisharp, M|\n|poke|p1|Meowscarada, M|\n|poke|p2|Venusaur, M|\n|poke|p2|Urshifu-*, M|\n|poke|p2|Pelipper, F|\n|poke|p2|Rillaboom, M|\n|poke|p2|Greninja-*, M|\n|poke|p2|Gliscor, F|\n|teampreview\n|inactive|Battle timer is ON: inactive players will automatically lose when time's up. (requested by sudatea)\n|\n|t:|1699966568\n|start\n|switch|p1a: Meowscarada|Meowscarada, M|100\/100\n|switch|p2a: Venusaur|Venusaur, M|100\/100\n|turn|1\n|\n|t:|1699966574\n|detailschange|p2a: Venusaur|Venusaur-Mega, M\n|-mega|p2a: Venusaur|Venusaur|Venusaurite\n|move|p1a: Meowscarada|Fling|p2a: Venusaur\n|-damage|p2a: Venusaur|89\/100\n|-status|p2a: Venusaur|par\n|-enditem|p1a: Meowscarada|Light Ball|[from] move: Fling\n|move|p2a: Venusaur|Sludge Bomb|p1a: Meowscarada\n|-supereffective|p1a: Meowscarada\n|-damage|p1a: Meowscarada|0 fnt\n|faint|p1a: Meowscarada\n|\n|upkeep\n|\n|t:|1699966583\n|switch|p1a: Glimmora|Glimmora, F|100\/100\n|turn|2\n|\n|t:|1699966589\n|move|p1a: Glimmora|Stealth Rock|p2a: Venusaur\n|-sidestart|p2: sudatea|move: Stealth Rock\n|move|p2a: Venusaur|Earth Power|p1a: Glimmora\n|-supereffective|p1a: Glimmora\n|-enditem|p1a: Glimmora|Focus Sash\n|-damage|p1a: Glimmora|1\/100\n|\n|upkeep\n|turn|3\n|\n|t:|1699966596\n|move|p1a: Glimmora|Power Gem|p2a: Venusaur\n|-damage|p2a: Venusaur|56\/100 par\n|move|p2a: Venusaur|Giga Drain|p1a: Glimmora\n|-damage|p1a: Glimmora|0 fnt\n|-heal|p2a: Venusaur|56\/100 par|[from] drain|[of] p1a: Glimmora\n|faint|p1a: Glimmora\n|\n|upkeep\n|\n|t:|1699966604\n|switch|p1a: Mienshao|Mienshao, F|100\/100\n|turn|4\n|\n|t:|1699966626\n|switch|p2a: Pelipper|Pelipper, F|100\/100\n|-damage|p2a: Pelipper|76\/100|[from] Stealth Rock\n|-weather|RainDance|[from] ability: Drizzle|[of] p2a: Pelipper\n|move|p1a: Mienshao|Fake Out|p2a: Pelipper\n|-damage|p2a: Pelipper|65\/100\n|\n|-weather|RainDance|[upkeep]\n|upkeep\n|turn|5\n|\n|t:|1699966634\n|move|p1a: Mienshao|Close Combat|p2a: Pelipper\n|-resisted|p2a: Pelipper\n|-damage|p2a: Pelipper|41\/100\n|-unboost|p1a: Mienshao|def|1\n|-unboost|p1a: Mienshao|spd|1\n|-enditem|p1a: Mienshao|Eject Pack\n|\n|t:|1699966637\n|switch|p1a: Bisharp|Bisharp, M|100\/100\n|move|p2a: Pelipper|Defog|p1a: Bisharp\n|-unboost|p1a: Bisharp|evasion|1\n|-sideend|p2: sudatea|Stealth Rock|[from] move: Defog|[of] p2a: Pelipper\n|\n|-weather|RainDance|[upkeep]\n|upkeep\n|turn|6\n|\n|t:|1699966654\n|move|p1a: Bisharp|Tera Blast|p2a: Pelipper\n|-damage|p2a: Pelipper|25\/100\n|move|p2a: Pelipper|U-turn|p1a: Bisharp\n|-damage|p1a: Bisharp|95\/100\n|\n|t:|1699966659\n|switch|p2a: Urshifu|Urshifu-Rapid-Strike, M|100\/100|[from] U-turn\n|\n|-weather|RainDance|[upkeep]\n|upkeep\n|turn|7\n|\n|t:|1699966670\n|-terastallize|p2a: Urshifu|Water\n|-terastallize|p1a: Bisharp|Flying\n|move|p2a: Urshifu|Surging Strikes|p1a: Bisharp\n|-crit|p1a: Bisharp\n|-damage|p1a: Bisharp|67\/100\n|-crit|p1a: Bisharp\n|-damage|p1a: Bisharp|40\/100\n|-crit|p1a: Bisharp\n|-damage|p1a: Bisharp|14\/100\n|-hitcount|p1a: Bisharp|3\n|move|p1a: Bisharp|Power-Up Punch|p2a: Urshifu\n|-damage|p2a: Urshifu|88\/100\n|-boost|p1a: Bisharp|atk|1\n|\n|-weather|RainDance|[upkeep]\n|upkeep\n|turn|8\n|\n|t:|1699966683\n|move|p1a: Bisharp|Sucker Punch|p2a: Urshifu\n|-damage|p2a: Urshifu|40\/100\n|move|p2a: Urshifu|Thunder Punch|p1a: Bisharp\n|-supereffective|p1a: Bisharp\n|-damage|p1a: Bisharp|0 fnt\n|faint|p1a: Bisharp\n|\n|-weather|RainDance|[upkeep]\n|upkeep\n|\n|t:|1699966687\n|switch|p1a: Cofagrigus|Cofagrigus, F|100\/100\n|turn|9\n|\n|t:|1699966691\n|move|p2a: Urshifu|Surging Strikes|p1a: Cofagrigus\n|-crit|p1a: Cofagrigus\n|-damage|p1a: Cofagrigus|72\/100\n|-crit|p1a: Cofagrigus\n|-damage|p1a: Cofagrigus|45\/100\n|-crit|p1a: Cofagrigus\n|-damage|p1a: Cofagrigus|21\/100\n|-hitcount|p1a: Cofagrigus|3\n|move|p1a: Cofagrigus|Knock Off|p2a: Urshifu\n|-damage|p2a: Urshifu|27\/100\n|-enditem|p2a: Urshifu|Punching Glove|[from] move: Knock Off|[of] p1a: Cofagrigus\n|\n|-weather|RainDance|[upkeep]\n|upkeep\n|turn|10\n|\n|t:|1699966703\n|move|p2a: Urshifu|Surging Strikes|p1a: Cofagrigus\n|-crit|p1a: Cofagrigus\n|-damage|p1a: Cofagrigus|0 fnt\n|-damage|p2a: Urshifu|11\/100|[from] item: Rocky Helmet|[of] p1a: Cofagrigus\n|-activate|p1a: Cofagrigus|ability: Mummy|Unseen Fist|[of] p2a: Urshifu\n|faint|p1a: Cofagrigus\n|-hitcount|p1: Cofagrigus|1\n|\n|-weather|RainDance|[upkeep]\n|upkeep\n|\n|t:|1699966709\n|switch|p1a: Slaking|Slaking, M|100\/100\n|turn|11\n|\n|t:|1699966712\n|move|p2a: Urshifu|Close Combat|p1a: Slaking\n|-supereffective|p1a: Slaking\n|-damage|p1a: Slaking|20\/100\n|-unboost|p2a: Urshifu|def|1\n|-unboost|p2a: Urshifu|spd|1\n|move|p1a: Slaking|Pursuit|p2a: Urshifu\n|-damage|p2a: Urshifu|0 fnt\n|-activate|p2a: Urshifu|ability: Mummy|Truant|[of] p1a: Slaking\n|faint|p2a: Urshifu\n|\n|-weather|none\n|-heal|p1a: Slaking|26\/100|[from] item: Leftovers\n|upkeep\n|\n|t:|1699966720\n|switch|p2a: Pelipper|Pelipper, F|25\/100\n|-weather|RainDance|[from] ability: Drizzle|[of] p2a: Pelipper\n|turn|12\n|\n|t:|1699966731\n|move|p1a: Slaking|Body Slam|p2a: Pelipper\n|-damage|p2a: Pelipper|0 fnt\n|faint|p2a: Pelipper\n|\n|-weather|RainDance|[upkeep]\n|-heal|p1a: Slaking|32\/100|[from] item: Leftovers\n|upkeep\n|\n|t:|1699966740\n|switch|p2a: Greninja|Greninja, M|100\/100\n|turn|13\n|\n|t:|1699966743\n|move|p2a: Greninja|Hydro Pump|p1a: Slaking\n|-crit|p1a: Slaking\n|-damage|p1a: Slaking|0 fnt\n|faint|p1a: Slaking\n|-ability|p2a: Greninja|Battle Bond|boost\n|-boost|p2a: Greninja|atk|1\n|-boost|p2a: Greninja|spa|1\n|-boost|p2a: Greninja|spe|1\n|-activate|p2a: Greninja|ability: Battle Bond\n|-damage|p2a: Greninja|91\/100|[from] item: Life Orb\n|\n|-weather|RainDance|[upkeep]\n|upkeep\n|\n|t:|1699966746\n|switch|p1a: Mienshao|Mienshao, F|100\/100\n|turn|14\n|\n|t:|1699966750\n|move|p1a: Mienshao|Fake Out|p2a: Greninja\n|-damage|p2a: Greninja|67\/100\n|cant|p2a: Greninja|flinch\n|\n|-weather|RainDance|[upkeep]\n|upkeep\n|turn|15\n|\n|t:|1699966757\n|move|p2a: Greninja|Hydro Pump|p1a: Mienshao\n|-damage|p1a: Mienshao|0 fnt\n|faint|p1a: Mienshao\n|-damage|p2a: Greninja|57\/100|[from] item: Life Orb\n|\n|win|sudatea\n|raw|Shugabush's rating: 1209 &rarr; <strong>1185<\/strong><br \/>(-24 for losing)\n|raw|sudatea's rating: 1222 &rarr; <strong>1246<\/strong><br \/>(+24 for winning)\n|l|\u2606Shugabush\n","uploadtime":1699966763,"views":4,"p1id":"shugabush","p2id":"sudatea","formatid":"gen9nationaldex","rating":1185,"private":0,"password":""}