{"id":"gen9nationaldex-1995114517","p1":"OnlyPyper","p2":"famus123","format":"[Gen 9] National Dex","log":"|html|<div class=\"broadcast-blue\"><strong>[Gen 9] National Dex is currently suspecting Sneasler! For information on how to participate check out the <a href=\"https:\/\/www.smogon.com\/forums\/threads\/sv-national-dex-suspect-8-just-dance.3731534\/\">suspect thread<\/a>.<\/strong><\/div>\n|j|\u2606OnlyPyper\n|j|\u2606famus123\n|t:|1700524148\n|gametype|singles\n|player|p1|OnlyPyper|shauntal|\n|player|p2|famus123|kukui|\n|teamsize|p1|6\n|teamsize|p2|6\n|gen|9\n|tier|[Gen 9] National Dex\n|rule|HP Percentage Mod: HP is shown in percentages\n|rule|Endless Battle Clause: Forcing endless battles is banned\n|rule|OHKO Clause: OHKO moves are banned\n|rule|Evasion Clause: Evasion abilities, items, and moves are banned\n|rule|Evasion Abilities Clause: Evasion abilities are banned\n|rule|Evasion Items Clause: Evasion items are banned\n|rule|Evasion Moves Clause: Evasion moves are banned\n|rule|Species Clause: Limit one of each Pok\u00e9mon\n|rule|Sleep Clause Mod: Limit one foe put to sleep\n|clearpoke\n|poke|p1|Maractus, F|\n|poke|p1|Scolipede, F|\n|poke|p1|Eelektross, M|\n|poke|p1|Mienshao, F|\n|poke|p1|Golurk|\n|poke|p1|Mandibuzz, F|\n|poke|p2|Cinderace, F|\n|poke|p2|Corviknight, F|\n|poke|p2|Slowking-Galar, F|\n|poke|p2|Dragonite, M|\n|poke|p2|Mawile, F|\n|poke|p2|Arctozolt|\n|teampreview\n|c|\u2606OnlyPyper|Me voy a morir\n|c|\u2606OnlyPyper|Suerte\n|c|\u2606famus123|ya agote toda mi suerte de hoy\n|c|\u2606famus123|creo que me ganas\n|c|\u2606famus123|}xD\n|\n|t:|1700524191\n|start\n|switch|p1a: Maisy|Mienshao, F|100\/100\n|switch|p2a: Cinderace|Cinderace, F|100\/100\n|turn|1\n|\n|t:|1700524208\n|switch|p2a: Corviknight|Corviknight, F|100\/100\n|-ability|p2a: Corviknight|Pressure\n|move|p1a: Maisy|U-turn|p2a: Corviknight\n|-resisted|p2a: Corviknight\n|-damage|p2a: Corviknight|97\/100\n|-damage|p1a: Maisy|84\/100|[from] item: Rocky Helmet|[of] p2a: Corviknight\n|\n|t:|1700524219\n|switch|p1a: Runico|Golurk, shiny|100\/100|[from] U-turn\n|\n|upkeep\n|turn|2\n|\n|t:|1700524225\n|move|p2a: Corviknight|U-turn|p1a: Runico\n|-resisted|p1a: Runico\n|-damage|p1a: Runico|93\/100\n|\n|t:|1700524239\n|switch|p2a: Dragonite|Dragonite, M|100\/100|[from] U-turn\n|move|p1a: Runico|Poltergeist|p2a: Dragonite\n|-activate|p2a: Dragonite|move: Poltergeist|Heavy-Duty Boots\n|-damage|p2a: Dragonite|48\/100\n|\n|upkeep\n|turn|3\n|c|\u2606famus123|a la mierda\n|\n|t:|1700524257\n|switch|p2a: Corviknight|Corviknight, F|97\/100\n|-ability|p2a: Corviknight|Pressure\n|switch|p1a: Riper|Mandibuzz, F|100\/100\n|\n|upkeep\n|turn|4\n|\n|t:|1700524275\n|move|p1a: Riper|U-turn|p2a: Corviknight\n|-resisted|p2a: Corviknight\n|-damage|p2a: Corviknight|95\/100\n|-damage|p1a: Riper|84\/100|[from] item: Rocky Helmet|[of] p2a: Corviknight\n|\n|t:|1700524284\n|switch|p1a: Joules|Eelektross, M|100\/100|[from] U-turn\n|move|p2a: Corviknight|U-turn|p1a: Joules\n|-damage|p1a: Joules|87\/100\n|\n|t:|1700524303\n|switch|p2a: Cinderace|Cinderace, F|100\/100|[from] U-turn\n|\n|upkeep\n|turn|5\n|\n|t:|1700524313\n|move|p2a: Cinderace|Swords Dance|p2a: Cinderace\n|-start|p2a: Cinderace|typechange|Normal|[from] ability: Libero\n|-boost|p2a: Cinderace|atk|2\n|move|p1a: Joules|Thunderbolt|p2a: Cinderace\n|-crit|p2a: Cinderace\n|-damage|p2a: Cinderace|24\/100\n|\n|upkeep\n|turn|6\n|\n|t:|1700524326\n|switch|p1a: Maraca|Maractus, F|100\/100\n|-zpower|p2a: Cinderace\n|move|p2a: Cinderace|Breakneck Blitz|p1a: Maraca|[zeffect]\n|-damage|p1a: Maraca|0 fnt\n|faint|p1a: Maraca\n|\n|upkeep\n|\n|t:|1700524335\n|switch|p1a: Maisy|Mienshao, F|100\/100\n|turn|7\n|\n|t:|1700524340\n|switch|p2a: Corviknight|Corviknight, F|95\/100\n|-ability|p2a: Corviknight|Pressure\n|move|p1a: Maisy|U-turn|p2a: Corviknight\n|-resisted|p2a: Corviknight\n|-damage|p2a: Corviknight|91\/100\n|-damage|p1a: Maisy|84\/100|[from] item: Rocky Helmet|[of] p2a: Corviknight\n|\n|t:|1700524351\n|switch|p1a: Runico|Golurk, shiny|93\/100|[from] U-turn\n|\n|upkeep\n|turn|8\n|j| mixco\n|\n|t:|1700524374\n|move|p2a: Corviknight|Brave Bird|p1a: Runico\n|-damage|p1a: Runico|54\/100\n|-damage|p2a: Corviknight|79\/100|[from] Recoil\n|move|p1a: Runico|Poltergeist|p2a: Corviknight\n|-activate|p2a: Corviknight|move: Poltergeist|Rocky Helmet\n|-damage|p2a: Corviknight|20\/100\n|\n|upkeep\n|turn|9\n|\n|t:|1700524389\n|move|p2a: Corviknight|Roost|p2a: Corviknight\n|-heal|p2a: Corviknight|70\/100\n|-singleturn|p2a: Corviknight|move: Roost\n|move|p1a: Runico|Poltergeist|p2a: Corviknight\n|-activate|p2a: Corviknight|move: Poltergeist|Rocky Helmet\n|-damage|p2a: Corviknight|8\/100\n|\n|upkeep\n|turn|10\n|\n|t:|1700524399\n|switch|p1a: Joules|Eelektross, M|87\/100\n|move|p2a: Corviknight|U-turn|p1a: Joules\n|-damage|p1a: Joules|75\/100\n|\n|t:|1700524408\n|switch|p2a: Cinderace|Cinderace, F|24\/100|[from] U-turn\n|\n|upkeep\n|turn|11\n|\n|t:|1700524413\n|move|p2a: Cinderace|Pyro Ball|p1a: Joules\n|-damage|p1a: Joules|21\/100\n|move|p1a: Joules|Thunderbolt|p2a: Cinderace\n|-damage|p2a: Cinderace|0 fnt\n|faint|p2a: Cinderace\n|\n|upkeep\n|\n|t:|1700524455\n|switch|p2a: Dragonite|Dragonite, M|48\/100\n|turn|12\n|\n|t:|1700524464\n|move|p2a: Dragonite|Extreme Speed|p1a: Joules\n|-damage|p1a: Joules|0 fnt\n|faint|p1a: Joules\n|\n|upkeep\n|\n|t:|1700524473\n|switch|p1a: Maisy|Mienshao, F|100\/100\n|turn|13\n|c| mixco|Me voy a robar ese set de cinde(?\n|\n|t:|1700524490\n|move|p2a: Dragonite|Extreme Speed|p1a: Maisy\n|-damage|p1a: Maisy|39\/100\n|move|p1a: Maisy|Ice Spinner|p2a: Dragonite\n|-supereffective|p2a: Dragonite\n|-damage|p2a: Dragonite|0 fnt\n|faint|p2a: Dragonite\n|\n|upkeep\n|\n|t:|1700524496\n|switch|p2a: Corviknight|Corviknight, F|8\/100\n|-ability|p2a: Corviknight|Pressure\n|turn|14\n|\n|t:|1700524501\n|move|p1a: Maisy|Ice Spinner|p2a: Corviknight\n|-damage|p2a: Corviknight|0 fnt\n|-damage|p1a: Maisy|22\/100|[from] item: Rocky Helmet|[of] p2a: Corviknight\n|faint|p2a: Corviknight\n|\n|upkeep\n|\n|t:|1700524504\n|switch|p2a: Mawile|Mawile, F|100\/100\n|-ability|p2a: Mawile|Intimidate|boost\n|-unboost|p1a: Maisy|atk|1\n|turn|15\n|\n|t:|1700524512\n|switch|p1a: Riper|Mandibuzz, F|84\/100\n|detailschange|p2a: Mawile|Mawile-Mega, F\n|-mega|p2a: Mawile|Mawile|Mawilite\n|move|p2a: Mawile|Swords Dance|p2a: Mawile\n|-boost|p2a: Mawile|atk|2\n|\n|upkeep\n|turn|16\n|\n|t:|1700524518\n|move|p1a: Riper|Foul Play|p2a: Mawile\n|-resisted|p2a: Mawile\n|-damage|p2a: Mawile|50\/100\n|move|p2a: Mawile|Play Rough|p1a: Riper\n|-supereffective|p1a: Riper\n|-damage|p1a: Riper|0 fnt\n|faint|p1a: Riper\n|\n|upkeep\n|j| TeamGardevoir123\n|\n|t:|1700524525\n|switch|p1a: Maisy|Mienshao, F|55\/100\n|turn|17\n|\n|t:|1700524531\n|switch|p1a: Runico|Golurk, shiny|54\/100\n|move|p2a: Mawile|Sucker Punch||[still]\n|-fail|p2a: Mawile\n|\n|upkeep\n|turn|18\n|\n|t:|1700524537\n|move|p2a: Mawile|Knock Off|p1a: Runico\n|-supereffective|p1a: Runico\n|-damage|p1a: Runico|0 fnt\n|-enditem|p1a: Runico|Choice Band|[from] move: Knock Off|[of] p2a: Mawile\n|faint|p1a: Runico\n|\n|upkeep\n|\n|t:|1700524543\n|switch|p1a: Maisy|Mienshao, F|88\/100\n|turn|19\n|\n|t:|1700524547\n|move|p2a: Mawile|Sucker Punch|p1a: Maisy\n|-resisted|p1a: Maisy\n|-damage|p1a: Maisy|2\/100\n|move|p1a: Maisy|Close Combat|p2a: Mawile\n|-damage|p2a: Mawile|0 fnt\n|-unboost|p1a: Maisy|def|1\n|-unboost|p1a: Maisy|spd|1\n|faint|p2a: Mawile\n|\n|upkeep\n|\n|t:|1700524551\n|switch|p2a: Slowking|Slowking-Galar, F|100\/100\n|turn|20\n|\n|t:|1700524559\n|switch|p1a: Sidney|Scolipede, F|100\/100\n|move|p2a: Slowking|Chilly Reception|p2a: Slowking\n|-weather|Snow\n|\n|t:|1700524561\n|switch|p2a: Arctozolt|Arctozolt|100\/100|[from] Chilly Reception\n|\n|-weather|Snow|[upkeep]\n|upkeep\n|turn|21\n|\n|t:|1700524572\n|move|p2a: Arctozolt|Bolt Beak|p1a: Sidney\n|-damage|p1a: Sidney|0 fnt\n|faint|p1a: Sidney\n|\n|-weather|Snow|[upkeep]\n|upkeep\n|\n|t:|1700524576\n|switch|p1a: Maisy|Mienshao, F|35\/100\n|turn|22\n|\n|t:|1700524580\n|-terastallize|p1a: Maisy|Fighting\n|move|p1a: Maisy|Close Combat|p2a: Arctozolt\n|-supereffective|p2a: Arctozolt\n|-damage|p2a: Arctozolt|0 fnt\n|-unboost|p1a: Maisy|def|1\n|-unboost|p1a: Maisy|spd|1\n|faint|p2a: Arctozolt\n|\n|-weather|Snow|[upkeep]\n|upkeep\n|\n|t:|1700524584\n|switch|p2a: Slowking|Slowking-Galar, F|100\/100\n|turn|23\n|\n|t:|1700524592\n|move|p1a: Maisy|Close Combat|p2a: Slowking\n|-resisted|p2a: Slowking\n|-damage|p2a: Slowking|81\/100\n|-unboost|p1a: Maisy|def|1\n|-unboost|p1a: Maisy|spd|1\n|move|p2a: Slowking|Sludge Bomb|p1a: Maisy\n|-damage|p1a: Maisy|0 fnt\n|faint|p1a: Maisy\n|\n|win|famus123\n|c|\u2606famus123|gg\n|c|\u2606OnlyPyper|Gg\n","uploadtime":1700524598,"views":16,"p1id":"onlypyper","p2id":"famus123","formatid":"gen9nationaldex","rating":0,"private":0,"password":""}