{"id":"gen9nationaldex-1993758705","p1":"looking 4 horizons","p2":"HEATRANWEARSHERMES","format":"[Gen 9] National Dex","log":"|j|\u2606looking 4 horizons\n|j|\u2606HEATRANWEARSHERMES\n|t:|1700353813\n|gametype|singles\n|player|p1|looking 4 horizons|ingo|1545\n|player|p2|HEATRANWEARSHERMES|1|1541\n|teamsize|p1|6\n|teamsize|p2|6\n|gen|9\n|tier|[Gen 9] National Dex\n|rated|\n|rule|HP Percentage Mod: HP is shown in percentages\n|rule|Endless Battle Clause: Forcing endless battles is banned\n|rule|OHKO Clause: OHKO moves are banned\n|rule|Evasion Clause: Evasion abilities, items, and moves are banned\n|rule|Evasion Abilities Clause: Evasion abilities are banned\n|rule|Evasion Items Clause: Evasion items are banned\n|rule|Evasion Moves Clause: Evasion moves are banned\n|rule|Species Clause: Limit one of each Pok\u00e9mon\n|rule|Sleep Clause Mod: Limit one foe put to sleep\n|clearpoke\n|poke|p1|Sceptile, M|\n|poke|p1|Weavile, F|\n|poke|p1|Moltres|\n|poke|p1|Great Tusk|\n|poke|p1|Slowking-Galar, M|\n|poke|p1|Urshifu-*, M|\n|poke|p2|Dragonite, F|\n|poke|p2|Rotom-Wash|\n|poke|p2|Landorus-Therian, M|\n|poke|p2|Tapu Lele|\n|poke|p2|Meowscarada, F|\n|poke|p2|Slowking-Galar, F|\n|teampreview\n|inactive|Battle timer is ON: inactive players will automatically lose when time's up. (requested by HEATRANWEARSHERMES)\n|c|\u2606HEATRANWEARSHERMES|dude wtf is it with people using moltres today\n|c|\u2606looking 4 horizons|it\n|c|\u2606HEATRANWEARSHERMES|ive played 6 matches and every team has had a moltres\n|c|\u2606looking 4 horizons|it's decent.\n|inactive|looking 4 horizons has 120 seconds left.\n|inactive|HEATRANWEARSHERMES has 120 seconds left.\n|c|\u2606looking 4 horizons|not sure about the rate you've been seeing them at\n|inactive|looking 4 horizons has 90 seconds left.\n|inactive|looking 4 horizons has 60 seconds left.\n|\n|t:|1700353911\n|start\n|switch|p1a: away she'd fly|Moltres|100\/100\n|switch|p2a: Slowking|Slowking-Galar, F|100\/100\n|turn|1\n|\n|t:|1700353921\n|move|p1a: away she'd fly|U-turn|p2a: Slowking\n|-damage|p2a: Slowking|85\/100\n|inactive|looking 4 horizons has 120 seconds left.\n|\n|t:|1700353931\n|switch|p1a: expected the world|Great Tusk|100\/100|[from] U-turn\n|move|p2a: Slowking|Scald|p1a: expected the world\n|-supereffective|p1a: expected the world\n|-damage|p1a: expected the world|40\/100\n|\n|upkeep\n|turn|2\n|\n|t:|1700353940\n|-end|p1a: expected the world|Protosynthesis|[silent]\n|switch|p1a: paradise|Sceptile, M|100\/100\n|move|p2a: Slowking|Scald|p1a: paradise\n|-resisted|p1a: paradise\n|-damage|p1a: paradise|86\/100\n|\n|upkeep\n|turn|3\n|\n|t:|1700353947\n|switch|p2a: Landorus|Landorus-Therian, M|100\/100\n|-ability|p2a: Landorus|Intimidate|boost\n|-unboost|p1a: paradise|atk|1\n|detailschange|p1a: paradise|Sceptile-Mega, M\n|-mega|p1a: paradise|Sceptile|Sceptilite\n|move|p1a: paradise|Dragon Pulse|p2a: Landorus\n|-damage|p2a: Landorus|49\/100\n|\n|upkeep\n|turn|4\n|\n|t:|1700353953\n|move|p1a: paradise|Dragon Pulse|p2a: Landorus\n|-damage|p2a: Landorus|0 fnt\n|faint|p2a: Landorus\n|\n|upkeep\n|\n|t:|1700353960\n|switch|p2a: Tapu Lele|Tapu Lele|100\/100\n|-fieldstart|move: Psychic Terrain|[from] ability: Psychic Surge|[of] p2a: Tapu Lele\n|turn|5\n|\n|t:|1700353976\n|switch|p1a: close her eyes|Slowking-Galar, M|100\/100\n|move|p2a: Tapu Lele|Psychic|p1a: close her eyes\n|-damage|p1a: close her eyes|68\/100\n|\n|upkeep\n|turn|6\n|\n|t:|1700353982\n|switch|p2a: Slowking|Slowking-Galar, F|100\/100\n|move|p1a: close her eyes|Chilly Reception|p1a: close her eyes\n|-weather|Snow\n|\n|t:|1700353988\n|switch|p1a: the stormy night|Weavile, F|100\/100|[from] Chilly Reception\n|-ability|p1a: the stormy night|Pressure\n|\n|-weather|Snow|[upkeep]\n|upkeep\n|turn|7\n|\n|t:|1700353997\n|switch|p2a: Rotom|Rotom-Wash|100\/100\n|move|p1a: the stormy night|Knock Off|p2a: Rotom\n|-damage|p2a: Rotom|35\/100\n|-enditem|p2a: Rotom|Leftovers|[from] move: Knock Off|[of] p1a: the stormy night\n|\n|-weather|Snow|[upkeep]\n|upkeep\n|turn|8\n|\n|t:|1700354015\n|move|p1a: the stormy night|Knock Off|p2a: Rotom\n|-damage|p2a: Rotom|0 fnt\n|faint|p2a: Rotom\n|\n|-weather|Snow|[upkeep]\n|upkeep\n|\n|t:|1700354020\n|switch|p2a: Tapu Lele|Tapu Lele|100\/100\n|turn|9\n|\n|t:|1700354038\n|switch|p1a: expected the world|Great Tusk|40\/100\n|move|p2a: Tapu Lele|Shadow Ball|p1a: expected the world\n|-damage|p1a: expected the world|1\/100\n|\n|-weather|Snow|[upkeep]\n|-fieldend|move: Psychic Terrain\n|upkeep\n|turn|10\n|\n|t:|1700354042\n|move|p2a: Tapu Lele|Shadow Ball|p1a: expected the world\n|-damage|p1a: expected the world|0 fnt\n|faint|p1a: expected the world\n|-end|p1a: expected the world|Protosynthesis|[silent]\n|\n|-weather|none\n|upkeep\n|\n|t:|1700354051\n|switch|p1a: the stormy night|Weavile, F|100\/100\n|-ability|p1a: the stormy night|Pressure\n|turn|11\n|\n|t:|1700354060\n|move|p2a: Tapu Lele|Shadow Ball|p1a: the stormy night\n|-resisted|p1a: the stormy night\n|-damage|p1a: the stormy night|82\/100\n|-unboost|p1a: the stormy night|spd|1\n|move|p1a: the stormy night|Triple Axel|p2a: Tapu Lele|[miss]\n|-miss|p1a: the stormy night|p2a: Tapu Lele\n|\n|upkeep\n|turn|12\n|c|\u2606HEATRANWEARSHERMES|how bulky is that weavile what the fuck\n|c|\u2606HEATRANWEARSHERMES|!dt weavile\n|raw|<div class=\"message\"><ul class=\"utilichart\"><li class=\"result\"><span class=\"col numcol\">UUBL<\/span> <span class=\"col iconcol\"><psicon pokemon=\"weavile\"\/><\/span> <span class=\"col pokemonnamecol\" style=\"white-space:nowrap\"><a href=\"https:\/\/dex.pokemonshowdown.com\/pokemon\/weavile\" target=\"_blank\">Weavile<\/a><\/span> <span class=\"col typecol\"><img src=\"https:\/\/play.pokemonshowdown.com\/sprites\/types\/Dark.png\" alt=\"Dark\" height=\"14\" width=\"32\"><img src=\"https:\/\/play.pokemonshowdown.com\/sprites\/types\/Ice.png\" alt=\"Ice\" height=\"14\" width=\"32\"><\/span> <span style=\"float:left;min-height:26px\"><span class=\"col abilitycol\">Pressure<\/span><span class=\"col abilitycol\"><em>Pickpocket<\/em><\/span><\/span><span style=\"float:left;min-height:26px\"><span class=\"col statcol\"><em>HP<\/em><br \/>70<\/span> <span class=\"col statcol\"><em>Atk<\/em><br \/>120<\/span> <span class=\"col statcol\"><em>Def<\/em><br \/>65<\/span> <span class=\"col statcol\"><em>SpA<\/em><br \/>45<\/span> <span class=\"col statcol\"><em>SpD<\/em><br \/>85<\/span> <span class=\"col statcol\"><em>Spe<\/em><br \/>125<\/span> <span class=\"col bstcol\"><em>BST<br \/>510<\/em><\/span> <\/span><\/li><li style=\"clear:both\"><\/li><\/ul><\/div>\n|raw|<font size=\"1\"><font color=\"#686868\">Dex#:<\/font> 461&nbsp;|&ThickSpace;<font color=\"#686868\">Gen:<\/font> 4&nbsp;|&ThickSpace;<font color=\"#686868\">Height:<\/font> 1.1 m&nbsp;|&ThickSpace;<font color=\"#686868\">Weight:<\/font> 34 kg <em>(60 BP)<\/em>&nbsp;|&ThickSpace;<font color=\"#686868\">Dex Colour:<\/font> Black&nbsp;|&ThickSpace;<font color=\"#686868\">Egg Group(s):<\/font> Field&nbsp;|&ThickSpace;<font color=\"#686868\">Pre-Evolution:<\/font> Sneasel&nbsp;|&ThickSpace;<font color=\"#686868\">Does Not Evolve<\/font><\/font>\n\n|c|\u2606looking 4 horizons|that's a resisted move\n|c|\u2606looking 4 horizons|and weavile isn't too specially frail\n|inactive|HEATRANWEARSHERMES has 120 seconds left.\n|c|\u2606HEATRANWEARSHERMES|damn\n|c|\u2606HEATRANWEARSHERMES|i thought it was frailer\n|c|\u2606looking 4 horizons|it's just 4 special defense\n|\n|t:|1700354112\n|switch|p2a: Slowking|Slowking-Galar, F|100\/100\n|move|p1a: the stormy night|Triple Axel|p2a: Slowking\n|-damage|p2a: Slowking|91\/100\n|-damage|p2a: Slowking|71\/100\n|-damage|p2a: Slowking|45\/100\n|-hitcount|p2a: Slowking|3\n|\n|upkeep\n|turn|13\n|\n|t:|1700354118\n|move|p1a: the stormy night|Knock Off|p2a: Slowking\n|-supereffective|p2a: Slowking\n|-damage|p2a: Slowking|0 fnt\n|-enditem|p2a: Slowking|Assault Vest|[from] move: Knock Off|[of] p1a: the stormy night\n|faint|p2a: Slowking\n|\n|upkeep\n|\n|t:|1700354130\n|switch|p2a: Dragonite|Dragonite, F|100\/100\n|turn|14\n|\n|t:|1700354142\n|switch|p1a: away she'd fly|Moltres|100\/100\n|move|p2a: Dragonite|Dragon Dance|p2a: Dragonite\n|-boost|p2a: Dragonite|atk|1\n|-boost|p2a: Dragonite|spe|1\n|\n|upkeep\n|turn|15\n|\n|t:|1700354148\n|move|p2a: Dragonite|Dragon Dance|p2a: Dragonite\n|-boost|p2a: Dragonite|atk|1\n|-boost|p2a: Dragonite|spe|1\n|move|p1a: away she'd fly|Flamethrower|p2a: Dragonite\n|-resisted|p2a: Dragonite\n|-damage|p2a: Dragonite|94\/100\n|\n|upkeep\n|turn|16\n|\n|t:|1700354150\n|move|p2a: Dragonite|Dragon Dance|p2a: Dragonite\n|-boost|p2a: Dragonite|atk|1\n|-boost|p2a: Dragonite|spe|1\n|move|p1a: away she'd fly|Flamethrower|p2a: Dragonite\n|-resisted|p2a: Dragonite\n|-damage|p2a: Dragonite|78\/100\n|\n|upkeep\n|turn|17\n|\n|t:|1700354152\n|move|p2a: Dragonite|Dragon Dance|p2a: Dragonite\n|-boost|p2a: Dragonite|atk|1\n|-boost|p2a: Dragonite|spe|1\n|move|p1a: away she'd fly|Flamethrower|p2a: Dragonite\n|-resisted|p2a: Dragonite\n|-damage|p2a: Dragonite|64\/100\n|\n|upkeep\n|turn|18\n|\n|t:|1700354154\n|move|p2a: Dragonite|Roost|p2a: Dragonite\n|-heal|p2a: Dragonite|100\/100\n|-singleturn|p2a: Dragonite|move: Roost\n|move|p1a: away she'd fly|Flamethrower|p2a: Dragonite\n|-resisted|p2a: Dragonite\n|-damage|p2a: Dragonite|92\/100\n|-status|p2a: Dragonite|brn\n|\n|-damage|p2a: Dragonite|86\/100 brn|[from] brn\n|upkeep\n|turn|19\n|c|\u2606looking 4 horizons|there we go\n|\n|t:|1700354168\n|-terastallize|p2a: Dragonite|Normal\n|move|p2a: Dragonite|Extreme Speed|p1a: away she'd fly\n|-crit|p1a: away she'd fly\n|-damage|p1a: away she'd fly|11\/100\n|move|p1a: away she'd fly|Hurricane|p2a: Dragonite\n|-damage|p2a: Dragonite|49\/100 brn\n|-start|p2a: Dragonite|confusion\n|\n|-damage|p2a: Dragonite|42\/100 brn|[from] brn\n|upkeep\n|turn|20\n|\n|t:|1700354174\n|-activate|p2a: Dragonite|confusion\n|-damage|p2a: Dragonite|0 fnt|[from] confusion\n|faint|p2a: Dragonite\n|move|p1a: away she'd fly|Roost|p1a: away she'd fly\n|-heal|p1a: away she'd fly|61\/100\n|-singleturn|p1a: away she'd fly|move: Roost\n|\n|upkeep\n|c|\u2606HEATRANWEARSHERMES|absolutely fresh\n|c|\u2606looking 4 horizons|sorry.\n|\n|t:|1700354187\n|switch|p2a: Tapu Lele|Tapu Lele|100\/100\n|-fieldstart|move: Psychic Terrain|[from] ability: Psychic Surge|[of] p2a: Tapu Lele\n|turn|21\n|\n|t:|1700354200\n|switch|p1a: close her eyes|Slowking-Galar, M|100\/100\n|move|p2a: Tapu Lele|Moonblast|p1a: close her eyes\n|-resisted|p1a: close her eyes\n|-damage|p1a: close her eyes|86\/100\n|\n|upkeep\n|turn|22\n|\n|t:|1700354207\n|switch|p2a: Meowscarada|Meowscarada, F|100\/100\n|move|p1a: close her eyes|Chilly Reception|p1a: close her eyes\n|-weather|Snow\n|\n|t:|1700354211\n|switch|p1a: away she'd fly|Moltres|61\/100|[from] Chilly Reception\n|\n|-weather|Snow|[upkeep]\n|upkeep\n|turn|23\n|\n|t:|1700354217\n|move|p2a: Meowscarada|Knock Off|p1a: away she'd fly\n|-start|p2a: Meowscarada|typechange|Dark|[from] ability: Protean\n|-damage|p1a: away she'd fly|8\/100\n|-enditem|p1a: away she'd fly|Heavy-Duty Boots|[from] move: Knock Off|[of] p2a: Meowscarada\n|move|p1a: away she'd fly|Roost|p1a: away she'd fly\n|-heal|p1a: away she'd fly|58\/100\n|-singleturn|p1a: away she'd fly|move: Roost\n|\n|-weather|Snow|[upkeep]\n|upkeep\n|turn|24\n|\n|t:|1700354222\n|move|p2a: Meowscarada|Knock Off|p1a: away she'd fly\n|-damage|p1a: away she'd fly|19\/100\n|-status|p2a: Meowscarada|brn|[from] ability: Flame Body|[of] p1a: away she'd fly\n|move|p1a: away she'd fly|Roost|p1a: away she'd fly\n|-heal|p1a: away she'd fly|69\/100\n|-singleturn|p1a: away she'd fly|move: Roost\n|\n|-weather|Snow|[upkeep]\n|-damage|p2a: Meowscarada|94\/100 brn|[from] brn\n|upkeep\n|turn|25\n|\n|t:|1700354224\n|move|p2a: Meowscarada|Knock Off|p1a: away she'd fly\n|-damage|p1a: away she'd fly|51\/100\n|move|p1a: away she'd fly|Roost|p1a: away she'd fly\n|-heal|p1a: away she'd fly|100\/100\n|-singleturn|p1a: away she'd fly|move: Roost\n|\n|-weather|Snow|[upkeep]\n|-damage|p2a: Meowscarada|88\/100 brn|[from] brn\n|-fieldend|move: Psychic Terrain\n|upkeep\n|turn|26\n|c|\u2606HEATRANWEARSHERMES|thats absolutely\n|c|\u2606HEATRANWEARSHERMES|mystically fresh\n|c|\u2606HEATRANWEARSHERMES|fuck this mon LMAO\n|inactive|HEATRANWEARSHERMES has 120 seconds left.\n|c|\u2606HEATRANWEARSHERMES|do u wanna fuck my gf and have the keys to my house aswell\n|c|\u2606looking 4 horizons|nah mate i'm fine\n|c|\u2606looking 4 horizons|give them to moltres\n|-message|HEATRANWEARSHERMES forfeited.\n|\n|win|looking 4 horizons\n|raw|looking 4 horizons's rating: 1545 &rarr; <strong>1565<\/strong><br \/>(+20 for winning)\n|raw|HEATRANWEARSHERMES's rating: 1541 &rarr; <strong>1521<\/strong><br \/>(-20 for losing)\n|l|\u2606HEATRANWEARSHERMES\n","uploadtime":1700354268,"views":8,"p1id":"looking4horizons","p2id":"heatranwearshermes","formatid":"gen9nationaldex","rating":1521,"private":0,"password":""}