{"id":"gen9nationaldex-2000651893","p1":"Glacier48","p2":"MotherHorse","format":"[Gen 9] National Dex","log":"|html|<div class=\"broadcast-blue\"><strong>[Gen 9] National Dex is currently suspecting Sneasler! For information on how to participate check out the <a href=\"https:\/\/www.smogon.com\/forums\/threads\/sv-national-dex-suspect-8-just-dance.3731534\/\">suspect thread<\/a>.<\/strong><\/div>\n|j|\u2606Glacier48\n|j|\u2606MotherHorse\n|t:|1701214750\n|gametype|singles\n|player|p1|Glacier48|steven-masters4|1480\n|player|p2|MotherHorse|gardenia|1553\n|teamsize|p1|6\n|teamsize|p2|6\n|gen|9\n|tier|[Gen 9] National Dex\n|rated|\n|rule|HP Percentage Mod: HP is shown in percentages\n|rule|Endless Battle Clause: Forcing endless battles is banned\n|rule|OHKO Clause: OHKO moves are banned\n|rule|Evasion Clause: Evasion abilities, items, and moves are banned\n|rule|Evasion Abilities Clause: Evasion abilities are banned\n|rule|Evasion Items Clause: Evasion items are banned\n|rule|Evasion Moves Clause: Evasion moves are banned\n|rule|Species Clause: Limit one of each Pok\u00e9mon\n|rule|Sleep Clause Mod: Limit one foe put to sleep\n|clearpoke\n|poke|p1|Tapu Koko|\n|poke|p1|Sneasler, M|\n|poke|p1|Scizor, M|\n|poke|p1|Landorus-Therian, M|\n|poke|p1|Kommo-o, F|\n|poke|p1|Volcarona, M|\n|poke|p2|Tapu Koko|\n|poke|p2|Iron Valiant|\n|poke|p2|Hawlucha, M|\n|poke|p2|Iron Moth|\n|poke|p2|Landorus-Therian, M|\n|poke|p2|Scizor, F|\n|teampreview\n|\n|t:|1701214756\n|start\n|switch|p1a: Tapu Koko|Tapu Koko, shiny|100\/100\n|switch|p2a: Tapu Koko|Tapu Koko|100\/100\n|-fieldstart|move: Electric Terrain|[from] ability: Electric Surge|[of] p1a: Tapu Koko\n|turn|1\n|\n|t:|1701214793\n|move|p2a: Tapu Koko|U-turn|p1a: Tapu Koko\n|-resisted|p1a: Tapu Koko\n|-damage|p1a: Tapu Koko|91\/100\n|\n|t:|1701214794\n|switch|p2a: Landorus|Landorus-Therian, M|100\/100|[from] U-turn\n|-ability|p2a: Landorus|Intimidate|boost\n|-unboost|p1a: Tapu Koko|atk|1\n|move|p1a: Tapu Koko|Light Screen|p1a: Tapu Koko\n|-sidestart|p1: Glacier48|move: Light Screen\n|\n|upkeep\n|turn|2\n|\n|t:|1701214801\n|switch|p1a: Landorus|Landorus-Therian, M|100\/100\n|-ability|p1a: Landorus|Intimidate|boost\n|-unboost|p2a: Landorus|atk|1\n|move|p2a: Landorus|Stealth Rock|p1a: Landorus\n|-sidestart|p1: Glacier48|move: Stealth Rock\n|\n|upkeep\n|turn|3\n|\n|t:|1701214804\n|move|p1a: Landorus|Stealth Rock|p2a: Landorus\n|-sidestart|p2: MotherHorse|move: Stealth Rock\n|move|p2a: Landorus|Hidden Power|p1a: Landorus\n|-supereffective|p1a: Landorus\n|-damage|p1a: Landorus|69\/100\n|\n|upkeep\n|turn|4\n|\n|t:|1701214815\n|move|p1a: Landorus|Explosion|p2a: Landorus\n|-damage|p2a: Landorus|17\/100\n|faint|p1a: Landorus\n|-enditem|p2a: Landorus|Eject Button\n|\n|t:|1701214830\n|switch|p2a: Scizor|Scizor, F|100\/100\n|-damage|p2a: Scizor|88\/100|[from] Stealth Rock\n|\n|upkeep\n|\n|t:|1701214838\n|switch|p1a: Volcarona|Volcarona, M|100\/100\n|turn|5\n|\n|t:|1701214857\n|switch|p2a: Iron Valiant|Iron Valiant|100\/100\n|-damage|p2a: Iron Valiant|94\/100|[from] Stealth Rock\n|-activate|p2a: Iron Valiant|ability: Quark Drive\n|-start|p2a: Iron Valiant|quarkdrivespe\n|move|p1a: Volcarona|Quiver Dance|p1a: Volcarona\n|-boost|p1a: Volcarona|spa|1\n|-boost|p1a: Volcarona|spd|1\n|-boost|p1a: Volcarona|spe|1\n|\n|-fieldend|move: Electric Terrain\n|-end|p2a: Iron Valiant|Quark Drive\n|upkeep\n|turn|6\n|\n|t:|1701214865\n|move|p1a: Volcarona|Fiery Dance|p2a: Iron Valiant\n|-damage|p2a: Iron Valiant|0 fnt\n|faint|p2a: Iron Valiant\n|-end|p2a: Iron Valiant|Quark Drive|[silent]\n|\n|upkeep\n|\n|t:|1701214869\n|switch|p2a: Tapu Koko|Tapu Koko|100\/100\n|-damage|p2a: Tapu Koko|88\/100|[from] Stealth Rock\n|-fieldstart|move: Electric Terrain|[from] ability: Electric Surge|[of] p2a: Tapu Koko\n|turn|7\n|\n|t:|1701214873\n|move|p1a: Volcarona|Quiver Dance|p1a: Volcarona\n|-boost|p1a: Volcarona|spa|1\n|-boost|p1a: Volcarona|spd|1\n|-boost|p1a: Volcarona|spe|1\n|move|p2a: Tapu Koko|Taunt|p1a: Volcarona\n|-start|p1a: Volcarona|move: Taunt\n|\n|upkeep\n|turn|8\n|\n|t:|1701214879\n|move|p1a: Volcarona|Hidden Power|p2a: Tapu Koko\n|-supereffective|p2a: Tapu Koko\n|-damage|p2a: Tapu Koko|0 fnt\n|faint|p2a: Tapu Koko\n|\n|-sideend|p1: Glacier48|move: Light Screen\n|upkeep\n|\n|t:|1701214882\n|switch|p2a: Hawlucha|Hawlucha, M|100\/100\n|-damage|p2a: Hawlucha|88\/100|[from] Stealth Rock\n|-enditem|p2a: Hawlucha|Electric Seed\n|-boost|p2a: Hawlucha|def|1|[from] item: Electric Seed\n|turn|9\n|\n|t:|1701214888\n|move|p2a: Hawlucha|Acrobatics|p1a: Volcarona\n|-supereffective|p1a: Volcarona\n|-damage|p1a: Volcarona|0 fnt\n|-status|p2a: Hawlucha|brn|[from] ability: Flame Body|[of] p1a: Volcarona\n|faint|p1a: Volcarona\n|\n|-damage|p2a: Hawlucha|82\/100 brn|[from] brn\n|upkeep\n|\n|t:|1701214896\n|switch|p1a: Tapu Koko|Tapu Koko, shiny|91\/100\n|-damage|p1a: Tapu Koko|78\/100|[from] Stealth Rock\n|turn|10\n|\n|t:|1701214901\n|move|p2a: Hawlucha|Acrobatics|p1a: Tapu Koko\n|-resisted|p1a: Tapu Koko\n|-damage|p1a: Tapu Koko|65\/100\n|move|p1a: Tapu Koko|Reflect|p1a: Tapu Koko\n|-sidestart|p1: Glacier48|Reflect\n|\n|-damage|p2a: Hawlucha|76\/100 brn|[from] brn\n|upkeep\n|turn|11\n|\n|t:|1701214905\n|move|p2a: Hawlucha|Taunt|p1a: Tapu Koko\n|-start|p1a: Tapu Koko|move: Taunt\n|cant|p1a: Tapu Koko|move: Taunt|Light Screen\n|\n|-damage|p2a: Hawlucha|69\/100 brn|[from] brn\n|upkeep\n|turn|12\n|\n|t:|1701214911\n|move|p2a: Hawlucha|Acrobatics|p1a: Tapu Koko\n|-resisted|p1a: Tapu Koko\n|-damage|p1a: Tapu Koko|58\/100\n|move|p1a: Tapu Koko|U-turn|p2a: Hawlucha\n|-resisted|p2a: Hawlucha\n|-damage|p2a: Hawlucha|65\/100 brn\n|\n|t:|1701214914\n|switch|p1a: Scizor|Scizor, M|100\/100|[from] U-turn\n|-damage|p1a: Scizor|88\/100|[from] Stealth Rock\n|\n|-damage|p2a: Hawlucha|59\/100 brn|[from] brn\n|upkeep\n|turn|13\n|\n|t:|1701214919\n|detailschange|p1a: Scizor|Scizor-Mega, M\n|-mega|p1a: Scizor|Scizor|Scizorite\n|move|p2a: Hawlucha|Taunt|p1a: Scizor\n|-start|p1a: Scizor|move: Taunt\n|cant|p1a: Scizor|move: Taunt|Swords Dance\n|\n|-damage|p2a: Hawlucha|53\/100 brn|[from] brn\n|upkeep\n|turn|14\n|\n|t:|1701214924\n|move|p1a: Scizor|Bullet Punch|p2a: Hawlucha\n|-damage|p2a: Hawlucha|16\/100 brn\n|move|p2a: Hawlucha|Close Combat|p1a: Scizor\n|-damage|p1a: Scizor|77\/100\n|-unboost|p2a: Hawlucha|def|1\n|-unboost|p2a: Hawlucha|spd|1\n|\n|-damage|p2a: Hawlucha|10\/100 brn|[from] brn\n|-fieldend|move: Electric Terrain\n|upkeep\n|turn|15\n|\n|t:|1701214930\n|move|p1a: Scizor|Bullet Punch|p2a: Hawlucha\n|-damage|p2a: Hawlucha|0 fnt\n|faint|p2a: Hawlucha\n|\n|-end|p1a: Scizor|move: Taunt\n|upkeep\n|\n|t:|1701214935\n|switch|p2a: Landorus|Landorus-Therian, M|17\/100\n|-damage|p2a: Landorus|5\/100|[from] Stealth Rock\n|-ability|p2a: Landorus|Intimidate|boost\n|-unboost|p1a: Scizor|atk|1\n|turn|16\n|\n|t:|1701214938\n|move|p1a: Scizor|Bullet Punch|p2a: Landorus\n|-damage|p2a: Landorus|0 fnt\n|faint|p2a: Landorus\n|\n|upkeep\n|\n|t:|1701214941\n|switch|p2a: Iron Moth|Iron Moth|100\/100\n|turn|17\n|\n|t:|1701214949\n|switch|p1a: Kommo-o|Kommo-o, F|100\/100\n|-damage|p1a: Kommo-o|94\/100|[from] Stealth Rock\n|move|p2a: Iron Moth|Fiery Dance|p1a: Kommo-o\n|-resisted|p1a: Kommo-o\n|-damage|p1a: Kommo-o|70\/100\n|\n|-sideend|p1: Glacier48|Reflect\n|upkeep\n|turn|18\n|\n|t:|1701214955\n|move|p2a: Iron Moth|Sludge Wave|p1a: Kommo-o\n|-damage|p1a: Kommo-o|14\/100\n|-zpower|p1a: Kommo-o\n|move|p1a: Kommo-o|Clangorous Soulblaze|p2a: Iron Moth|[zeffect]\n|-damage|p2a: Iron Moth|28\/100\n|-boost|p1a: Kommo-o|atk|1\n|-boost|p1a: Kommo-o|def|1\n|-boost|p1a: Kommo-o|spa|1\n|-boost|p1a: Kommo-o|spd|1\n|-boost|p1a: Kommo-o|spe|1\n|\n|upkeep\n|turn|19\n|\n|t:|1701214966\n|move|p1a: Kommo-o|Clanging Scales|p2a: Iron Moth\n|-damage|p2a: Iron Moth|0 fnt\n|faint|p2a: Iron Moth\n|-end|p2a: Iron Moth|Quark Drive|[silent]\n|-unboost|p1a: Kommo-o|def|1\n|\n|upkeep\n|\n|t:|1701214969\n|switch|p2a: Scizor|Scizor, F|88\/100\n|-damage|p2a: Scizor|76\/100|[from] Stealth Rock\n|turn|20\n|\n|t:|1701214975\n|detailschange|p2a: Scizor|Scizor-Mega, F\n|-mega|p2a: Scizor|Scizor|Scizorite\n|move|p2a: Scizor|Bullet Punch|p1a: Kommo-o\n|-damage|p1a: Kommo-o|0 fnt\n|faint|p1a: Kommo-o\n|\n|upkeep\n|\n|t:|1701214980\n|switch|p1a: Tapu Koko|Tapu Koko, shiny|58\/100\n|-damage|p1a: Tapu Koko|46\/100|[from] Stealth Rock\n|-fieldstart|move: Electric Terrain|[from] ability: Electric Surge|[of] p1a: Tapu Koko\n|turn|21\n|\n|t:|1701214984\n|move|p2a: Scizor|Bullet Punch|p1a: Tapu Koko\n|-crit|p1a: Tapu Koko\n|-damage|p1a: Tapu Koko|0 fnt\n|faint|p1a: Tapu Koko\n|\n|upkeep\n|\n|t:|1701214985\n|switch|p1a: Sneasler|Sneasler, M|100\/100\n|-damage|p1a: Sneasler|95\/100|[from] Stealth Rock\n|-enditem|p1a: Sneasler|Electric Seed\n|-boost|p1a: Sneasler|def|1|[from] item: Electric Seed\n|turn|22\n|\n|t:|1701214989\n|move|p1a: Sneasler|Close Combat|p2a: Scizor\n|-damage|p2a: Scizor|18\/100\n|-unboost|p1a: Sneasler|def|1\n|-unboost|p1a: Sneasler|spd|1\n|move|p2a: Scizor|Swords Dance|p2a: Scizor\n|-boost|p2a: Scizor|atk|2\n|\n|upkeep\n|turn|23\n|\n|t:|1701214994\n|move|p2a: Scizor|Bullet Punch|p1a: Sneasler\n|-damage|p1a: Sneasler|0 fnt\n|faint|p1a: Sneasler\n|\n|upkeep\n|\n|t:|1701214996\n|switch|p1a: Scizor|Scizor-Mega, M|77\/100\n|-damage|p1a: Scizor|64\/100|[from] Stealth Rock\n|turn|24\n|\n|t:|1701214998\n|move|p1a: Scizor|Bullet Punch|p2a: Scizor\n|-resisted|p2a: Scizor\n|-damage|p2a: Scizor|2\/100\n|move|p2a: Scizor|Close Combat|p1a: Scizor\n|-damage|p1a: Scizor|0 fnt\n|-unboost|p2a: Scizor|def|1\n|-unboost|p2a: Scizor|spd|1\n|faint|p1a: Scizor\n|\n|win|MotherHorse\n|raw|Glacier48's rating: 1480 &rarr; <strong>1464<\/strong><br \/>(-16 for losing)\n|raw|MotherHorse's rating: 1553 &rarr; <strong>1569<\/strong><br \/>(+16 for winning)\n|l|\u2606Glacier48\n","uploadtime":1701215010,"views":0,"p1id":"glacier48","p2id":"motherhorse","formatid":"gen9nationaldex","rating":1464,"private":0,"password":""}