{"id":"gen9nationaldex-1995124710","p1":"Maeby Mitenaut","p2":"Mg146","format":"[Gen 9] National Dex","log":"|html|<div class=\"broadcast-blue\"><strong>[Gen 9] National Dex is currently suspecting Sneasler! For information on how to participate check out the <a href=\"https:\/\/www.smogon.com\/forums\/threads\/sv-national-dex-suspect-8-just-dance.3731534\/\">suspect thread<\/a>.<\/strong><\/div>\n|j|\u2606Maeby Mitenaut\n|j|\u2606Mg146\n|t:|1700525291\n|gametype|singles\n|player|p1|Maeby Mitenaut|dahlia|1192\n|player|p2|Mg146|giovanni|1265\n|teamsize|p1|6\n|teamsize|p2|6\n|gen|9\n|tier|[Gen 9] National Dex\n|rated|\n|rule|HP Percentage Mod: HP is shown in percentages\n|rule|Endless Battle Clause: Forcing endless battles is banned\n|rule|OHKO Clause: OHKO moves are banned\n|rule|Evasion Clause: Evasion abilities, items, and moves are banned\n|rule|Evasion Abilities Clause: Evasion abilities are banned\n|rule|Evasion Items Clause: Evasion items are banned\n|rule|Evasion Moves Clause: Evasion moves are banned\n|rule|Species Clause: Limit one of each Pok\u00e9mon\n|rule|Sleep Clause Mod: Limit one foe put to sleep\n|clearpoke\n|poke|p1|Raichu-Alola, F|\n|poke|p1|Clodsire, M|\n|poke|p1|Tapu Koko|\n|poke|p1|Arctozolt|\n|poke|p1|Iron Hands|\n|poke|p1|Ninetales-Alola, F|\n|poke|p2|Urshifu-*, M|\n|poke|p2|Kyurem|\n|poke|p2|Ceruledge, F|\n|poke|p2|Scizor, M|\n|poke|p2|Ogerpon-Wellspring, F|\n|poke|p2|Moltres|\n|teampreview\n|inactive|Battle timer is ON: inactive players will automatically lose when time's up. (requested by Mg146)\n|\n|t:|1700525318\n|start\n|switch|p1a: 9er|Ninetales-Alola, F, shiny|100\/100\n|switch|p2a: Urshifu|Urshifu-Rapid-Strike, M|100\/100\n|-weather|Snow|[from] ability: Snow Warning|[of] p1a: 9er\n|turn|1\n|\n|t:|1700525325\n|move|p2a: Urshifu|Surging Strikes|p1a: 9er\n|-crit|p1a: 9er\n|-damage|p1a: 9er|78\/100\n|-crit|p1a: 9er\n|-damage|p1a: 9er|51\/100\n|-crit|p1a: 9er\n|-damage|p1a: 9er|27\/100\n|-hitcount|p1a: 9er|3\n|move|p1a: 9er|Aurora Veil|p1a: 9er\n|-sidestart|p1: Maeby Mitenaut|move: Aurora Veil\n|\n|-weather|Snow|[upkeep]\n|upkeep\n|turn|2\n|\n|t:|1700525336\n|switch|p1a: Bluck Buck|Tapu Koko, shiny|100\/100\n|-fieldstart|move: Electric Terrain|[from] ability: Electric Surge|[of] p1a: Bluck Buck\n|move|p2a: Urshifu|Surging Strikes|p1a: Bluck Buck\n|-crit|p1a: Bluck Buck\n|-damage|p1a: Bluck Buck|67\/100\n|-crit|p1a: Bluck Buck\n|-damage|p1a: Bluck Buck|34\/100\n|-crit|p1a: Bluck Buck\n|-damage|p1a: Bluck Buck|0 fnt\n|faint|p1a: Bluck Buck\n|-hitcount|p1: Bluck Buck|3\n|\n|-weather|Snow|[upkeep]\n|upkeep\n|\n|t:|1700525352\n|switch|p1a: Gritty|Arctozolt, shiny|100\/100\n|turn|3\n|\n|t:|1700525357\n|switch|p2a: Moltres|Moltres, shiny|100\/100\n|move|p1a: Gritty|Bolt Beak|p2a: Moltres\n|-supereffective|p2a: Moltres\n|-damage|p2a: Moltres|0 fnt\n|faint|p2a: Moltres\n|\n|-weather|Snow|[upkeep]\n|upkeep\n|\n|t:|1700525362\n|switch|p2a: Ceruledge|Ceruledge, F, shiny|100\/100\n|turn|4\n|c|\u2606Maeby Mitenaut|bring back urshifu, i have beef to settle...\n|\n|t:|1700525385\n|move|p1a: Gritty|Bolt Beak|p2a: Ceruledge\n|-enditem|p2a: Ceruledge|Focus Sash\n|-damage|p2a: Ceruledge|1\/100\n|-ability|p2a: Ceruledge|Weak Armor|boost\n|-unboost|p2a: Ceruledge|def|1\n|-boost|p2a: Ceruledge|spe|2\n|move|p2a: Ceruledge|Swords Dance|p2a: Ceruledge\n|-boost|p2a: Ceruledge|atk|2\n|\n|-weather|Snow|[upkeep]\n|upkeep\n|turn|5\n|\n|t:|1700525402\n|move|p2a: Ceruledge|Poltergeist|p1a: Gritty|[miss]\n|-miss|p2a: Ceruledge|p1a: Gritty\n|move|p1a: Gritty|Blizzard|p2a: Ceruledge\n|-resisted|p2a: Ceruledge\n|-damage|p2a: Ceruledge|0 fnt\n|faint|p2a: Ceruledge\n|\n|-weather|Snow|[upkeep]\n|-sideend|p1: Maeby Mitenaut|move: Aurora Veil\n|upkeep\n|\n|t:|1700525407\n|switch|p2a: Kyurem|Kyurem, shiny|100\/100\n|-ability|p2a: Kyurem|Pressure\n|turn|6\n|inactive|Maeby Mitenaut has 120 seconds left.\n|\n|t:|1700525440\n|move|p1a: Gritty|Blizzard|p2a: Kyurem\n|-damage|p2a: Kyurem|70\/100\n|move|p2a: Kyurem|Earth Power|p1a: Gritty\n|-supereffective|p1a: Gritty\n|-damage|p1a: Gritty|0 fnt\n|faint|p1a: Gritty\n|\n|-weather|Snow|[upkeep]\n|upkeep\n|\n|t:|1700525459\n|switch|p1a: Big Pap\u00ed|Iron Hands|100\/100\n|-activate|p1a: Big Pap\u00ed|ability: Quark Drive\n|-start|p1a: Big Pap\u00ed|quarkdriveatk\n|turn|7\n|\n|t:|1700525467\n|move|p2a: Kyurem|Earth Power|p1a: Big Pap\u00ed\n|-supereffective|p1a: Big Pap\u00ed\n|-damage|p1a: Big Pap\u00ed|40\/100\n|move|p1a: Big Pap\u00ed|Drain Punch|p2a: Kyurem\n|-supereffective|p2a: Kyurem\n|-damage|p2a: Kyurem|0 fnt\n|-heal|p1a: Big Pap\u00ed|67\/100|[from] drain|[of] p2a: Kyurem\n|faint|p2a: Kyurem\n|\n|-weather|Snow|[upkeep]\n|upkeep\n|\n|t:|1700525475\n|switch|p2a: Urshifu|Urshifu-Rapid-Strike, M|100\/100\n|turn|8\n|inactive|Maeby Mitenaut has 120 seconds left.\n|\n|t:|1700525482\n|move|p2a: Urshifu|Surging Strikes|p1a: Big Pap\u00ed\n|-crit|p1a: Big Pap\u00ed\n|-damage|p1a: Big Pap\u00ed|47\/100\n|-crit|p1a: Big Pap\u00ed\n|-damage|p1a: Big Pap\u00ed|28\/100\n|-crit|p1a: Big Pap\u00ed\n|-damage|p1a: Big Pap\u00ed|9\/100\n|-hitcount|p1a: Big Pap\u00ed|3\n|move|p1a: Big Pap\u00ed|Thunder Punch|p2a: Urshifu\n|-supereffective|p2a: Urshifu\n|-damage|p2a: Urshifu|0 fnt\n|faint|p2a: Urshifu\n|\n|-weather|none\n|upkeep\n|-message|Mg146 forfeited.\n|\n|win|Maeby Mitenaut\n|raw|Maeby Mitenaut's rating: 1192 &rarr; <strong>1222<\/strong><br \/>(+30 for winning)\n|raw|Mg146's rating: 1265 &rarr; <strong>1235<\/strong><br \/>(-30 for losing)\n|c|\u2606Maeby Mitenaut|good, thank you\n|l|\u2606Mg146\n|n|!Maeby Mitenaut|maebymitenaut\n","uploadtime":1700525501,"views":10,"p1id":"maebymitenaut","p2id":"mg146","formatid":"gen9nationaldex","rating":1222,"private":0,"password":""}