{"id":"gen9nationaldex-1988798077","p1":"sssss12345","p2":"taoke","format":"[Gen 9] National Dex","log":"|j|\u2606sssss12345\n|j|\u2606taoke\n|t:|1699764649\n|gametype|singles\n|player|p1|sssss12345|lucas|1613\n|player|p2|taoke|cyclist|1727\n|teamsize|p1|6\n|teamsize|p2|6\n|gen|9\n|tier|[Gen 9] National Dex\n|rated|\n|rule|HP Percentage Mod: HP is shown in percentages\n|rule|Endless Battle Clause: Forcing endless battles is banned\n|rule|OHKO Clause: OHKO moves are banned\n|rule|Evasion Clause: Evasion abilities, items, and moves are banned\n|rule|Evasion Abilities Clause: Evasion abilities are banned\n|rule|Evasion Items Clause: Evasion items are banned\n|rule|Evasion Moves Clause: Evasion moves are banned\n|rule|Species Clause: Limit one of each Pok\u00e9mon\n|rule|Sleep Clause Mod: Limit one foe put to sleep\n|clearpoke\n|poke|p1|Nihilego|\n|poke|p1|Landorus-Therian, M|\n|poke|p1|Lopunny, F|\n|poke|p1|Ting-Lu|\n|poke|p1|Moltres|\n|poke|p1|Rillaboom, F|\n|poke|p2|Ting-Lu|\n|poke|p2|Great Tusk|\n|poke|p2|Vaporeon, F|\n|poke|p2|Sylveon, F|\n|poke|p2|Espeon, M|\n|poke|p2|Umbreon, F|\n|teampreview\n|inactive|Battle timer is ON: inactive players will automatically lose when time's up. (requested by sssss12345)\n|\n|t:|1699764660\n|start\n|switch|p1a: Ting-Lu|Ting-Lu|100\/100\n|switch|p2a: Ting-Lu|Ting-Lu|100\/100\n|-ability|p2a: Ting-Lu|Vessel of Ruin\n|-ability|p1a: Ting-Lu|Vessel of Ruin\n|turn|1\n|\n|t:|1699764663\n|move|p1a: Ting-Lu|Stealth Rock|p2a: Ting-Lu\n|-sidestart|p2: taoke|move: Stealth Rock\n|move|p2a: Ting-Lu|Stealth Rock|p1a: Ting-Lu\n|-sidestart|p1: sssss12345|move: Stealth Rock\n|\n|upkeep\n|turn|2\n|\n|t:|1699764667\n|move|p2a: Ting-Lu|Ruination|p1a: Ting-Lu\n|-damage|p1a: Ting-Lu|50\/100\n|move|p1a: Ting-Lu|Ruination|p2a: Ting-Lu\n|-damage|p2a: Ting-Lu|50\/100\n|\n|-heal|p2a: Ting-Lu|57\/100|[from] item: Leftovers\n|-heal|p1a: Ting-Lu|57\/100|[from] item: Leftovers\n|upkeep\n|turn|3\n|\n|t:|1699764674\n|move|p2a: Ting-Lu|Ruination|p1a: Ting-Lu\n|-damage|p1a: Ting-Lu|29\/100\n|move|p1a: Ting-Lu|Ruination|p2a: Ting-Lu\n|-damage|p2a: Ting-Lu|29\/100\n|\n|-heal|p2a: Ting-Lu|35\/100|[from] item: Leftovers\n|-heal|p1a: Ting-Lu|35\/100|[from] item: Leftovers\n|upkeep\n|turn|4\n|\n|t:|1699764679\n|move|p2a: Ting-Lu|Earthquake|p1a: Ting-Lu\n|-damage|p1a: Ting-Lu|14\/100\n|move|p1a: Ting-Lu|Whirlwind|p2a: Ting-Lu\n|drag|p2a: Sylveon|Sylveon, F|100\/100\n|-damage|p2a: Sylveon|88\/100|[from] Stealth Rock\n|\n|-heal|p2a: Sylveon|94\/100|[from] item: Leftovers\n|-heal|p1a: Ting-Lu|20\/100|[from] item: Leftovers\n|upkeep\n|turn|5\n|\n|t:|1699764685\n|move|p2a: Sylveon|Hyper Voice|p1a: Ting-Lu\n|-supereffective|p1a: Ting-Lu\n|-damage|p1a: Ting-Lu|0 fnt\n|faint|p1a: Ting-Lu\n|\n|-heal|p2a: Sylveon|99\/100|[from] item: Leftovers\n|upkeep\n|\n|t:|1699764689\n|switch|p1a: Nihilego|Nihilego|100\/100\n|-damage|p1a: Nihilego|88\/100|[from] Stealth Rock\n|turn|6\n|inactive|taoke has 120 seconds left.\n|\n|t:|1699764723\n|move|p2a: Sylveon|Protect|p2a: Sylveon\n|-singleturn|p2a: Sylveon|Protect\n|move|p1a: Nihilego|Meteor Beam||[still]\n|-prepare|p1a: Nihilego|Meteor Beam\n|-boost|p1a: Nihilego|spa|1\n|-enditem|p1a: Nihilego|Power Herb\n|-anim|p1a: Nihilego|Meteor Beam|p2a: Sylveon\n|-activate|p2a: Sylveon|move: Protect\n|\n|-heal|p2a: Sylveon|100\/100|[from] item: Leftovers\n|upkeep\n|turn|7\n|inactive|taoke has 120 seconds left.\n|\n|t:|1699764735\n|-terastallize|p2a: Sylveon|Fire\n|move|p1a: Nihilego|Meteor Beam||[still]\n|-prepare|p1a: Nihilego|Meteor Beam\n|-boost|p1a: Nihilego|spa|1\n|move|p2a: Sylveon|Mystical Fire|p1a: Nihilego\n|-resisted|p1a: Nihilego\n|-damage|p1a: Nihilego|78\/100\n|-unboost|p1a: Nihilego|spa|1\n|\n|upkeep\n|turn|8\n|inactive|taoke has 120 seconds left.\n|\n|t:|1699764758\n|switch|p2a: Ting-Lu|Ting-Lu|35\/100\n|-damage|p2a: Ting-Lu|29\/100|[from] Stealth Rock\n|-ability|p2a: Ting-Lu|Vessel of Ruin\n|move|p1a: Nihilego|Meteor Beam|p2a: Ting-Lu|[from]lockedmove\n|-resisted|p2a: Ting-Lu\n|-damage|p2a: Ting-Lu|7\/100\n|\n|-heal|p2a: Ting-Lu|14\/100|[from] item: Leftovers\n|upkeep\n|turn|9\n|\n|t:|1699764784\n|move|p1a: Nihilego|Sludge Wave|p2a: Ting-Lu\n|-resisted|p2a: Ting-Lu\n|-damage|p2a: Ting-Lu|0 fnt\n|faint|p2a: Ting-Lu\n|-ability|p1a: Nihilego|Beast Boost|boost\n|-boost|p1a: Nihilego|spe|1\n|\n|upkeep\n|j| BurritoSave\n|\n|t:|1699764793\n|switch|p2a: Vaporeon|Vaporeon, F|100\/100\n|-damage|p2a: Vaporeon|88\/100|[from] Stealth Rock\n|turn|10\n|j| josh_bullet\n|\n|t:|1699764797\n|-terastallize|p1a: Nihilego|Grass\n|move|p1a: Nihilego|Grass Knot|p2a: Vaporeon\n|-supereffective|p2a: Vaporeon\n|-damage|p2a: Vaporeon|23\/100\n|move|p2a: Vaporeon|Haze|p2a: Vaporeon\n|-clearallboost\n|\n|-heal|p2a: Vaporeon|29\/100|[from] item: Leftovers\n|upkeep\n|turn|11\n|\n|t:|1699764811\n|switch|p2a: Umbreon|Umbreon, F|100\/100\n|-damage|p2a: Umbreon|88\/100|[from] Stealth Rock\n|move|p1a: Nihilego|Meteor Beam||[still]\n|-prepare|p1a: Nihilego|Meteor Beam\n|-boost|p1a: Nihilego|spa|1\n|\n|-heal|p2a: Umbreon|94\/100|[from] item: Leftovers\n|upkeep\n|turn|12\n|\n|t:|1699764816\n|move|p1a: Nihilego|Meteor Beam|p2a: Umbreon|[from]lockedmove\n|-damage|p2a: Umbreon|40\/100\n|move|p2a: Umbreon|Toxic|p1a: Nihilego\n|-status|p1a: Nihilego|tox\n|\n|-heal|p2a: Umbreon|46\/100|[from] item: Leftovers\n|-damage|p1a: Nihilego|72\/100 tox|[from] psn\n|upkeep\n|turn|13\n|\n|t:|1699764831\n|move|p1a: Nihilego|Sludge Wave|p2a: Umbreon\n|-damage|p2a: Umbreon|1\/100\n|move|p2a: Umbreon|Moonlight|p2a: Umbreon\n|-heal|p2a: Umbreon|51\/100\n|\n|-heal|p2a: Umbreon|57\/100|[from] item: Leftovers\n|-damage|p1a: Nihilego|60\/100 tox|[from] psn\n|upkeep\n|turn|14\n|\n|t:|1699764837\n|move|p1a: Nihilego|Meteor Beam||[still]\n|-prepare|p1a: Nihilego|Meteor Beam\n|-boost|p1a: Nihilego|spa|1\n|move|p2a: Umbreon|Moonlight|p2a: Umbreon\n|-heal|p2a: Umbreon|100\/100\n|\n|-damage|p1a: Nihilego|41\/100 tox|[from] psn\n|upkeep\n|turn|15\n|inactive|taoke has 120 seconds left.\n|\n|t:|1699764846\n|move|p1a: Nihilego|Meteor Beam|p2a: Umbreon|[from]lockedmove\n|-damage|p2a: Umbreon|26\/100\n|move|p2a: Umbreon|Moonlight|p2a: Umbreon\n|-heal|p2a: Umbreon|76\/100\n|\n|-heal|p2a: Umbreon|82\/100|[from] item: Leftovers\n|-damage|p1a: Nihilego|17\/100 tox|[from] psn\n|upkeep\n|turn|16\n|\n|t:|1699764850\n|move|p1a: Nihilego|Sludge Wave|p2a: Umbreon\n|-damage|p2a: Umbreon|23\/100\n|move|p2a: Umbreon|Moonlight|p2a: Umbreon\n|-heal|p2a: Umbreon|73\/100\n|\n|-heal|p2a: Umbreon|79\/100|[from] item: Leftovers\n|-damage|p1a: Nihilego|0 fnt|[from] psn\n|faint|p1a: Nihilego\n|upkeep\n|\n|t:|1699764854\n|switch|p1a: Lopunny|Lopunny, F|100\/100\n|-damage|p1a: Lopunny|88\/100|[from] Stealth Rock\n|turn|17\n|\n|t:|1699764864\n|switch|p2a: Vaporeon|Vaporeon, F|29\/100\n|-damage|p2a: Vaporeon|17\/100|[from] Stealth Rock\n|detailschange|p1a: Lopunny|Lopunny-Mega, F\n|-mega|p1a: Lopunny|Lopunny|Lopunnite\n|move|p1a: Lopunny|U-turn|p2a: Vaporeon\n|-damage|p2a: Vaporeon|0 fnt\n|faint|p2a: Vaporeon\n|\n|t:|1699764868\n|switch|p1a: Landorus|Landorus-Therian, M|100\/100|[from] U-turn\n|-damage|p1a: Landorus|88\/100|[from] Stealth Rock\n|\n|upkeep\n|\n|t:|1699764873\n|switch|p2a: Great Tusk|Great Tusk|100\/100\n|-damage|p2a: Great Tusk|97\/100|[from] Stealth Rock\n|turn|18\n|\n|t:|1699764877\n|-zpower|p1a: Landorus\n|move|p1a: Landorus|Supersonic Skystrike|p2a: Great Tusk|[zeffect]\n|-supereffective|p2a: Great Tusk\n|-damage|p2a: Great Tusk|0 fnt\n|faint|p2a: Great Tusk\n|-end|p2a: Great Tusk|Protosynthesis|[silent]\n|\n|upkeep\n|\n|t:|1699764885\n|switch|p2a: Umbreon|Umbreon, F|79\/100\n|-damage|p2a: Umbreon|67\/100|[from] Stealth Rock\n|turn|19\n|\n|t:|1699764890\n|move|p1a: Landorus|U-turn|p2a: Umbreon\n|-supereffective|p2a: Umbreon\n|-damage|p2a: Umbreon|36\/100\n|\n|t:|1699764895\n|switch|p1a: Lopunny|Lopunny-Mega, F|88\/100|[from] U-turn\n|-damage|p1a: Lopunny|82\/100|[from] Stealth Rock\n|move|p2a: Umbreon|Moonlight|p2a: Umbreon\n|-heal|p2a: Umbreon|86\/100\n|\n|-heal|p2a: Umbreon|92\/100|[from] item: Leftovers\n|upkeep\n|turn|20\n|\n|t:|1699764903\n|move|p1a: Lopunny|U-turn|p2a: Umbreon\n|-supereffective|p2a: Umbreon\n|-damage|p2a: Umbreon|64\/100\n|\n|t:|1699764906\n|switch|p1a: Moltres|Moltres|100\/100|[from] U-turn\n|move|p2a: Umbreon|Toxic|p1a: Moltres\n|-status|p1a: Moltres|tox\n|\n|-heal|p2a: Umbreon|71\/100|[from] item: Leftovers\n|-damage|p1a: Moltres|94\/100 tox|[from] psn\n|upkeep\n|turn|21\n|\n|t:|1699764917\n|move|p1a: Moltres|Toxic|p2a: Umbreon\n|-status|p2a: Umbreon|tox\n|-activate|p2a: Umbreon|ability: Synchronize\n|-fail|p1a: Moltres|tox\n|move|p2a: Umbreon|Foul Play|p1a: Moltres\n|-damage|p1a: Moltres|76\/100 tox\n|\n|-heal|p2a: Umbreon|77\/100 tox|[from] item: Leftovers\n|-damage|p1a: Moltres|64\/100 tox|[from] psn\n|-damage|p2a: Umbreon|71\/100 tox|[from] psn\n|upkeep\n|turn|22\n|\n|t:|1699764924\n|move|p1a: Moltres|Roost|p1a: Moltres\n|-heal|p1a: Moltres|100\/100 tox\n|-singleturn|p1a: Moltres|move: Roost\n|move|p2a: Umbreon|Heal Bell|p2a: Umbreon\n|-activate|p2a: Umbreon|move: Heal Bell\n|-curestatus|p2a: Umbreon|tox|[msg]\n|\n|-heal|p2a: Umbreon|77\/100|[from] item: Leftovers\n|-damage|p1a: Moltres|82\/100 tox|[from] psn\n|upkeep\n|turn|23\n|\n|t:|1699764930\n|switch|p2a: Espeon|Espeon, M|100\/100\n|-damage|p2a: Espeon|88\/100|[from] Stealth Rock\n|move|p1a: Moltres|Toxic|p2a: Espeon\n|move|p2a: Espeon|Toxic|p1a: Moltres|[from]ability: Magic Bounce\n|-fail|p1a: Moltres|tox\n|\n|-heal|p2a: Espeon|94\/100|[from] item: Leftovers\n|-damage|p1a: Moltres|57\/100 tox|[from] psn\n|upkeep\n|turn|24\n|\n|t:|1699764935\n|move|p2a: Espeon|Calm Mind|p2a: Espeon\n|-boost|p2a: Espeon|spa|1\n|-boost|p2a: Espeon|spd|1\n|move|p1a: Moltres|Mystical Fire|p2a: Espeon\n|-damage|p2a: Espeon|72\/100\n|-unboost|p2a: Espeon|spa|1\n|\n|-heal|p2a: Espeon|79\/100|[from] item: Leftovers\n|-damage|p1a: Moltres|25\/100 tox|[from] psn\n|upkeep\n|turn|25\n|\n|t:|1699764946\n|move|p2a: Espeon|Calm Mind|p2a: Espeon\n|-boost|p2a: Espeon|spa|1\n|-boost|p2a: Espeon|spd|1\n|move|p1a: Moltres|Mystical Fire|p2a: Espeon\n|-crit|p2a: Espeon\n|-damage|p2a: Espeon|22\/100\n|-unboost|p2a: Espeon|spa|1\n|\n|-heal|p2a: Espeon|28\/100|[from] item: Leftovers\n|-damage|p1a: Moltres|0 fnt|[from] psn\n|faint|p1a: Moltres\n|upkeep\n|\n|t:|1699764950\n|switch|p1a: Lopunny|Lopunny-Mega, F|82\/100\n|-damage|p1a: Lopunny|77\/100|[from] Stealth Rock\n|turn|26\n|\n|t:|1699764958\n|move|p1a: Lopunny|U-turn|p2a: Espeon\n|-supereffective|p2a: Espeon\n|-damage|p2a: Espeon|0 fnt\n|faint|p2a: Espeon\n|\n|t:|1699764961\n|switch|p1a: Landorus|Landorus-Therian, M|88\/100|[from] U-turn\n|-damage|p1a: Landorus|76\/100|[from] Stealth Rock\n|\n|upkeep\n|\n|t:|1699764965\n|switch|p2a: Umbreon|Umbreon, F|77\/100\n|-damage|p2a: Umbreon|64\/100|[from] Stealth Rock\n|turn|27\n|\n|t:|1699764976\n|move|p1a: Landorus|U-turn|p2a: Umbreon\n|-supereffective|p2a: Umbreon\n|-damage|p2a: Umbreon|29\/100\n|\n|t:|1699764978\n|switch|p1a: Rillaboom|Rillaboom, F|100\/100|[from] U-turn\n|-damage|p1a: Rillaboom|88\/100|[from] Stealth Rock\n|-fieldstart|move: Grassy Terrain|[from] ability: Grassy Surge|[of] p1a: Rillaboom\n|move|p2a: Umbreon|Moonlight|p2a: Umbreon\n|-heal|p2a: Umbreon|79\/100\n|\n|-heal|p1a: Rillaboom|94\/100|[from] Grassy Terrain\n|-heal|p2a: Umbreon|85\/100|[from] Grassy Terrain\n|-heal|p2a: Umbreon|91\/100|[from] item: Leftovers\n|upkeep\n|turn|28\n|l| BurritoSave\n|\n|t:|1699764986\n|move|p1a: Rillaboom|Knock Off|p2a: Umbreon\n|-resisted|p2a: Umbreon\n|-damage|p2a: Umbreon|77\/100\n|-enditem|p2a: Umbreon|Leftovers|[from] move: Knock Off|[of] p1a: Rillaboom\n|move|p2a: Umbreon|Foul Play|p1a: Rillaboom\n|-damage|p1a: Rillaboom|42\/100\n|\n|-heal|p1a: Rillaboom|48\/100|[from] Grassy Terrain\n|-heal|p2a: Umbreon|83\/100|[from] Grassy Terrain\n|upkeep\n|turn|29\n|\n|t:|1699764990\n|switch|p1a: Landorus|Landorus-Therian, M|76\/100\n|-damage|p1a: Landorus|64\/100|[from] Stealth Rock\n|-ability|p1a: Landorus|Intimidate|boost\n|-unboost|p2a: Umbreon|atk|1\n|move|p2a: Umbreon|Foul Play|p1a: Landorus\n|-damage|p1a: Landorus|0 fnt\n|faint|p1a: Landorus\n|\n|-heal|p2a: Umbreon|89\/100|[from] Grassy Terrain\n|upkeep\n|\n|t:|1699764993\n|switch|p1a: Lopunny|Lopunny-Mega, F|77\/100\n|-damage|p1a: Lopunny|71\/100|[from] Stealth Rock\n|turn|30\n|\n|t:|1699765002\n|move|p1a: Lopunny|Close Combat|p2a: Umbreon\n|-supereffective|p2a: Umbreon\n|-damage|p2a: Umbreon|17\/100\n|-unboost|p1a: Lopunny|def|1\n|-unboost|p1a: Lopunny|spd|1\n|move|p2a: Umbreon|Foul Play|p1a: Lopunny\n|-resisted|p1a: Lopunny\n|-damage|p1a: Lopunny|16\/100\n|\n|-heal|p1a: Lopunny|22\/100|[from] Grassy Terrain\n|-heal|p2a: Umbreon|23\/100|[from] Grassy Terrain\n|upkeep\n|turn|31\n|\n|t:|1699765011\n|move|p1a: Lopunny|U-turn|p2a: Umbreon\n|-supereffective|p2a: Umbreon\n|-damage|p2a: Umbreon|0 fnt\n|faint|p2a: Umbreon\n|\n|t:|1699765013\n|switch|p1a: Rillaboom|Rillaboom, F|48\/100|[from] U-turn\n|-damage|p1a: Rillaboom|36\/100|[from] Stealth Rock\n|\n|-heal|p1a: Rillaboom|42\/100|[from] Grassy Terrain\n|-fieldend|move: Grassy Terrain\n|upkeep\n|\n|t:|1699765018\n|switch|p2a: Sylveon|Sylveon, F, tera:Fire|100\/100\n|-damage|p2a: Sylveon|76\/100|[from] Stealth Rock\n|turn|32\n|\n|t:|1699765027\n|move|p1a: Rillaboom|Knock Off|p2a: Sylveon\n|-damage|p2a: Sylveon|34\/100\n|-enditem|p2a: Sylveon|Leftovers|[from] move: Knock Off|[of] p1a: Rillaboom\n|move|p2a: Sylveon|Wish|p2a: Sylveon\n|\n|upkeep\n|turn|33\n|l|\u2606sssss12345\n|inactive|sssss12345 disconnected and has a minute to reconnect!\n|player|p1|\n|j| BurritoSave\n|j|\u2606sssss12345\n|inactive|sssss12345 reconnected and has 110 seconds left.\n|player|p1|sssss12345|lucas\n|\n|t:|1699765073\n|move|p2a: Sylveon|Protect|p2a: Sylveon\n|-singleturn|p2a: Sylveon|Protect\n|move|p1a: Rillaboom|Knock Off|p2a: Sylveon\n|-activate|p2a: Sylveon|move: Protect\n|\n|-heal|p2a: Sylveon|84\/100|[from] move: Wish|[wisher] Sylveon\n|upkeep\n|turn|34\n|\n|t:|1699765081\n|switch|p1a: Lopunny|Lopunny-Mega, F|22\/100\n|-damage|p1a: Lopunny|16\/100|[from] Stealth Rock\n|move|p2a: Sylveon|Wish|p2a: Sylveon\n|\n|upkeep\n|turn|35\n|\n|t:|1699765089\n|move|p1a: Lopunny|Frustration|p2a: Sylveon\n|-damage|p2a: Sylveon|42\/100\n|move|p2a: Sylveon|Hyper Voice|p1a: Lopunny\n|-supereffective|p1a: Lopunny\n|-damage|p1a: Lopunny|0 fnt\n|faint|p1a: Lopunny\n|\n|-heal|p2a: Sylveon|92\/100|[from] move: Wish|[wisher] Sylveon\n|upkeep\n|\n|t:|1699765093\n|switch|p1a: Rillaboom|Rillaboom, F|42\/100\n|-damage|p1a: Rillaboom|30\/100|[from] Stealth Rock\n|-fieldstart|move: Grassy Terrain|[from] ability: Grassy Surge|[of] p1a: Rillaboom\n|turn|36\n|\n|t:|1699765101\n|move|p1a: Rillaboom|Wood Hammer|p2a: Sylveon\n|-resisted|p2a: Sylveon\n|-damage|p2a: Sylveon|45\/100\n|-damage|p1a: Rillaboom|12\/100|[from] Recoil\n|move|p2a: Sylveon|Hyper Voice|p1a: Rillaboom\n|-damage|p1a: Rillaboom|0 fnt\n|faint|p1a: Rillaboom\n|\n|win|taoke\n|raw|sssss12345's rating: 1613 &rarr; <strong>1599<\/strong><br \/>(-14 for losing)\n|raw|taoke's rating: 1727 &rarr; <strong>1741<\/strong><br \/>(+14 for winning)\n|l|\u2606sssss12345\n|l| BurritoSave\n|l| josh_bullet\n","uploadtime":1699765286,"views":4,"p1id":"sssss12345","p2id":"taoke","formatid":"gen9nationaldex","rating":1599,"private":0,"password":""}