{"id":"gen9nationaldex-1989839717","p1":"Mr.X&Y97","p2":"campos1062","format":"[Gen 9] National Dex","log":"|j|\u2606Mr.X&Y97\n|j|\u2606campos1062\n|t:|1699900068\n|gametype|singles\n|player|p1|Mr.X&Y97|blue|1517\n|player|p2|campos1062|wallace|1595\n|teamsize|p1|6\n|teamsize|p2|6\n|gen|9\n|tier|[Gen 9] National Dex\n|rated|\n|rule|HP Percentage Mod: HP is shown in percentages\n|rule|Endless Battle Clause: Forcing endless battles is banned\n|rule|OHKO Clause: OHKO moves are banned\n|rule|Evasion Clause: Evasion abilities, items, and moves are banned\n|rule|Evasion Abilities Clause: Evasion abilities are banned\n|rule|Evasion Items Clause: Evasion items are banned\n|rule|Evasion Moves Clause: Evasion moves are banned\n|rule|Species Clause: Limit one of each Pok\u00e9mon\n|rule|Sleep Clause Mod: Limit one foe put to sleep\n|clearpoke\n|poke|p1|Zapdos|\n|poke|p1|Volcarona, F|\n|poke|p1|Lopunny, F|\n|poke|p1|Rillaboom, M|\n|poke|p1|Greninja-*, M|\n|poke|p1|Indeedee, M|\n|poke|p2|Swampert, F|\n|poke|p2|Azumarill, F|\n|poke|p2|Rotom-Wash|\n|poke|p2|Pelipper, F|\n|poke|p2|Barraskewda, F|\n|poke|p2|Volcanion|\n|teampreview\n|inactive|Battle timer is ON: inactive players will automatically lose when time's up. (requested by Mr.X&Y97)\n|\n|t:|1699900075\n|start\n|switch|p1a: Indeedee|Indeedee, M|100\/100\n|switch|p2a: Pelipper|Pelipper, F, shiny|100\/100\n|-fieldstart|move: Psychic Terrain|[from] ability: Psychic Surge|[of] p1a: Indeedee\n|-weather|RainDance|[from] ability: Drizzle|[of] p2a: Pelipper\n|turn|1\n|\n|t:|1699900080\n|switch|p2a: Swampert|Swampert, F, shiny|100\/100\n|move|p1a: Indeedee|Expanding Force|p2a: Swampert\n|-damage|p2a: Swampert|24\/100\n|\n|-weather|RainDance|[upkeep]\n|upkeep\n|turn|2\n|\n|t:|1699900104\n|switch|p1a: Zapdos|Zapdos|100\/100\n|detailschange|p2a: Swampert|Swampert-Mega, F, shiny\n|-mega|p2a: Swampert|Swampert|Swampertite\n|move|p2a: Swampert|Earthquake|p1a: Zapdos\n|-immune|p1a: Zapdos\n|\n|-weather|RainDance|[upkeep]\n|upkeep\n|turn|3\n|\n|t:|1699900117\n|move|p2a: Swampert|Ice Punch|p1a: Zapdos\n|-supereffective|p1a: Zapdos\n|-damage|p1a: Zapdos|51\/100\n|move|p1a: Zapdos|U-turn|p2a: Swampert\n|-damage|p2a: Swampert|11\/100\n|c|\u2606campos1062|surely it was a predict\n|\n|t:|1699900125\n|switch|p1a: Lopunny|Lopunny, F|100\/100|[from] U-turn\n|\n|-weather|RainDance|[upkeep]\n|upkeep\n|turn|4\n|\n|t:|1699900130\n|switch|p2a: Rotom|Rotom-Wash, shiny|100\/100\n|detailschange|p1a: Lopunny|Lopunny-Mega, F\n|-mega|p1a: Lopunny|Lopunny|Lopunnite\n|move|p1a: Lopunny|Fake Out|p2a: Rotom\n|-hint|Psychic Terrain doesn't affect Pok\u00e9mon immune to Ground.\n|-damage|p2a: Rotom|83\/100\n|\n|-weather|RainDance|[upkeep]\n|-heal|p2a: Rotom|89\/100|[from] item: Leftovers\n|upkeep\n|turn|5\n|\n|t:|1699900139\n|switch|p1a: Zapdos|Zapdos|51\/100\n|move|p2a: Rotom|Will-O-Wisp|p1a: Zapdos\n|-status|p1a: Zapdos|brn\n|\n|-weather|RainDance|[upkeep]\n|-heal|p2a: Rotom|95\/100|[from] item: Leftovers\n|-damage|p1a: Zapdos|45\/100 brn|[from] brn\n|-fieldend|move: Psychic Terrain\n|upkeep\n|turn|6\n|\n|t:|1699900142\n|move|p1a: Zapdos|Roost|p1a: Zapdos\n|-heal|p1a: Zapdos|96\/100 brn\n|-singleturn|p1a: Zapdos|move: Roost\n|move|p2a: Rotom|Volt Switch|p1a: Zapdos\n|-resisted|p1a: Zapdos\n|-damage|p1a: Zapdos|84\/100 brn\n|\n|t:|1699900148\n|switch|p2a: Barraskewda|Barraskewda, F, shiny|100\/100|[from] Volt Switch\n|\n|-weather|RainDance|[upkeep]\n|-damage|p1a: Zapdos|78\/100 brn|[from] brn\n|upkeep\n|turn|7\n|\n|t:|1699900164\n|-terastallize|p2a: Barraskewda|Water\n|move|p2a: Barraskewda|Flip Turn|p1a: Zapdos\n|-damage|p1a: Zapdos|0 fnt\n|-status|p2a: Barraskewda|par|[from] ability: Static|[of] p1a: Zapdos\n|faint|p1a: Zapdos\n|\n|t:|1699900173\n|switch|p2a: Swampert|Swampert-Mega, F, shiny|11\/100|[from] Flip Turn\n|\n|-weather|RainDance|[upkeep]\n|upkeep\n|\n|t:|1699900179\n|switch|p1a: Greninja|Greninja, M|100\/100\n|turn|8\n|\n|t:|1699900182\n|switch|p2a: Volcanion|Volcanion|100\/100\n|move|p1a: Greninja|Water Shuriken|p2a: Volcanion\n|-immune|p2a: Volcanion|[from] ability: Water Absorb\n|\n|-weather|none\n|upkeep\n|turn|9\n|\n|t:|1699900190\n|switch|p1a: Indeedee|Indeedee, M|100\/100\n|-fieldstart|move: Psychic Terrain|[from] ability: Psychic Surge|[of] p1a: Indeedee\n|move|p2a: Volcanion|Fire Blast|p1a: Indeedee\n|-damage|p1a: Indeedee|10\/100\n|-status|p1a: Indeedee|brn\n|\n|-damage|p1a: Indeedee|4\/100 brn|[from] brn\n|upkeep\n|turn|10\n|inactive|campos1062 has 120 seconds left.\n|\n|t:|1699900225\n|switch|p2a: Barraskewda|Barraskewda, F, shiny, tera:Water|100\/100 par\n|move|p1a: Indeedee|Expanding Force|p2a: Barraskewda\n|-damage|p2a: Barraskewda|0 fnt\n|faint|p2a: Barraskewda\n|\n|-damage|p1a: Indeedee|0 fnt|[from] brn\n|faint|p1a: Indeedee\n|upkeep\n|\n|t:|1699900248\n|switch|p2a: Pelipper|Pelipper, F, shiny|100\/100\n|switch|p1a: Greninja|Greninja, M|100\/100\n|-weather|RainDance|[from] ability: Drizzle|[of] p2a: Pelipper\n|turn|11\n|\n|t:|1699900255\n|switch|p2a: Azumarill|Azumarill, F, shiny|100\/100\n|move|p1a: Greninja|Dark Pulse|p2a: Azumarill\n|-resisted|p2a: Azumarill\n|-damage|p2a: Azumarill|86\/100\n|-damage|p1a: Greninja|91\/100|[from] item: Life Orb\n|\n|-weather|RainDance|[upkeep]\n|upkeep\n|turn|12\n|\n|t:|1699900268\n|move|p1a: Greninja|Surf|p2a: Azumarill\n|-resisted|p2a: Azumarill\n|-damage|p2a: Azumarill|59\/100\n|-damage|p1a: Greninja|81\/100|[from] item: Life Orb\n|move|p2a: Azumarill|Whirlpool|p1a: Greninja\n|-resisted|p1a: Greninja\n|-damage|p1a: Greninja|70\/100\n|-activate|p1a: Greninja|move: Whirlpool|[of] p2a: Azumarill\n|\n|-weather|RainDance|[upkeep]\n|-damage|p1a: Greninja|58\/100|[from] move: Whirlpool|[partiallytrapped]\n|upkeep\n|turn|13\n|\n|t:|1699900274\n|move|p2a: Azumarill|Protect|p2a: Azumarill\n|-singleturn|p2a: Azumarill|Protect\n|move|p1a: Greninja|Surf|p2a: Azumarill\n|-activate|p2a: Azumarill|move: Protect\n|\n|-weather|RainDance|[upkeep]\n|-damage|p1a: Greninja|46\/100|[from] move: Whirlpool|[partiallytrapped]\n|-fieldend|move: Psychic Terrain\n|upkeep\n|turn|14\n|\n|t:|1699900285\n|switch|p2a: Volcanion|Volcanion|100\/100\n|move|p1a: Greninja|Surf|p2a: Volcanion\n|-immune|p2a: Volcanion|[from] ability: Water Absorb\n|\n|-weather|RainDance|[upkeep]\n|-end|p1a: Greninja|Whirlpool|[partiallytrapped]|[silent]\n|upkeep\n|turn|15\n|\n|t:|1699900289\n|move|p1a: Greninja|Dark Pulse|p2a: Volcanion\n|-damage|p2a: Volcanion|69\/100\n|-damage|p1a: Greninja|36\/100|[from] item: Life Orb\n|move|p2a: Volcanion|Steam Eruption|p1a: Greninja\n|-resisted|p1a: Greninja\n|-damage|p1a: Greninja|0 fnt\n|faint|p1a: Greninja\n|\n|-weather|RainDance|[upkeep]\n|upkeep\n|inactive|Mr.X&Y97 has 120 seconds left.\n|\n|t:|1699900321\n|switch|p1a: Rillaboom|Rillaboom, M|100\/100\n|-fieldstart|move: Grassy Terrain|[from] ability: Grassy Surge|[of] p1a: Rillaboom\n|turn|16\n|\n|t:|1699900332\n|move|p1a: Rillaboom|High Horsepower|p2a: Volcanion\n|-supereffective|p2a: Volcanion\n|-damage|p2a: Volcanion|0 fnt\n|faint|p2a: Volcanion\n|\n|-weather|RainDance|[upkeep]\n|upkeep\n|\n|t:|1699900338\n|switch|p2a: Pelipper|Pelipper, F, shiny|100\/100\n|turn|17\n|\n|t:|1699900353\n|switch|p1a: Lopunny|Lopunny-Mega, F|100\/100\n|move|p2a: Pelipper|Hurricane|p1a: Lopunny\n|-supereffective|p1a: Lopunny\n|-damage|p1a: Lopunny|1\/100\n|\n|-weather|RainDance|[upkeep]\n|-heal|p1a: Lopunny|7\/100|[from] Grassy Terrain\n|upkeep\n|turn|18\n|\n|t:|1699900362\n|switch|p2a: Rotom|Rotom-Wash, shiny|95\/100\n|move|p1a: Lopunny|Fake Out|p2a: Rotom\n|-damage|p2a: Rotom|77\/100\n|\n|-weather|none\n|-heal|p1a: Lopunny|13\/100|[from] Grassy Terrain\n|-heal|p2a: Rotom|83\/100|[from] item: Leftovers\n|upkeep\n|turn|19\n|inactive|Mr.X&Y97 has 120 seconds left.\n|\n|t:|1699900399\n|switch|p1a: Volcarona|Volcarona, F|100\/100\n|move|p2a: Rotom|Volt Switch|p1a: Volcarona\n|-damage|p1a: Volcarona|79\/100\n|\n|t:|1699900404\n|switch|p2a: Pelipper|Pelipper, F, shiny|100\/100|[from] Volt Switch\n|-weather|RainDance|[from] ability: Drizzle|[of] p2a: Pelipper\n|\n|-weather|RainDance|[upkeep]\n|-heal|p1a: Volcarona|85\/100|[from] Grassy Terrain\n|upkeep\n|turn|20\n|\n|t:|1699900411\n|move|p1a: Volcarona|Quiver Dance|p1a: Volcarona\n|-boost|p1a: Volcarona|spa|1\n|-boost|p1a: Volcarona|spd|1\n|-boost|p1a: Volcarona|spe|1\n|move|p2a: Pelipper|Hurricane|p1a: Volcarona\n|-supereffective|p1a: Volcarona\n|-damage|p1a: Volcarona|41\/100\n|\n|-weather|RainDance|[upkeep]\n|-heal|p1a: Volcarona|47\/100|[from] Grassy Terrain\n|-fieldend|move: Grassy Terrain\n|upkeep\n|turn|21\n|inactive|Mr.X&Y97 has 120 seconds left.\n|\n|t:|1699900421\n|switch|p2a: Azumarill|Azumarill, F, shiny|59\/100\n|-terastallize|p1a: Volcarona|Grass\n|move|p1a: Volcarona|Giga Drain|p2a: Azumarill\n|-ability|p2a: Azumarill|Sap Sipper|boost\n|-boost|p2a: Azumarill|atk|1\n|\n|-weather|RainDance|[upkeep]\n|upkeep\n|turn|22\n|\n|t:|1699900426\n|move|p1a: Volcarona|Roost|p1a: Volcarona\n|-heal|p1a: Volcarona|97\/100\n|move|p2a: Azumarill|Perish Song|p2a: Azumarill\n|-start|p1a: Volcarona|perish3|[silent]\n|-start|p2a: Azumarill|perish3|[silent]\n|-fieldactivate|move: Perish Song\n|\n|-weather|RainDance|[upkeep]\n|-start|p1a: Volcarona|perish3\n|-start|p2a: Azumarill|perish3\n|upkeep\n|turn|23\n|inactive|Mr.X&Y97 has 120 seconds left.\n|\n|t:|1699900443\n|switch|p1a: Lopunny|Lopunny-Mega, F|13\/100\n|move|p2a: Azumarill|Whirlpool|p1a: Lopunny\n|-damage|p1a: Lopunny|0 fnt\n|faint|p1a: Lopunny\n|\n|-weather|RainDance|[upkeep]\n|-start|p2a: Azumarill|perish2\n|upkeep\n|inactive|Mr.X&Y97 has 120 seconds left.\n|\n|t:|1699900469\n|switch|p1a: Volcarona|Volcarona, F, tera:Grass|97\/100\n|turn|24\n|\n|t:|1699900472\n|move|p1a: Volcarona|Quiver Dance|p1a: Volcarona\n|-boost|p1a: Volcarona|spa|1\n|-boost|p1a: Volcarona|spd|1\n|-boost|p1a: Volcarona|spe|1\n|move|p2a: Azumarill|Perish Song|p2a: Azumarill\n|-start|p1a: Volcarona|perish3|[silent]\n|-fieldactivate|move: Perish Song\n|\n|-weather|RainDance|[upkeep]\n|-start|p1a: Volcarona|perish3\n|-start|p2a: Azumarill|perish1\n|upkeep\n|turn|25\n|\n|t:|1699900480\n|switch|p2a: Swampert|Swampert-Mega, F, shiny|11\/100\n|move|p1a: Volcarona|Giga Drain|p2a: Swampert\n|-supereffective|p2a: Swampert\n|-damage|p2a: Swampert|0 fnt\n|-heal|p1a: Volcarona|100\/100|[from] drain|[of] p2a: Swampert\n|faint|p2a: Swampert\n|\n|-weather|RainDance|[upkeep]\n|-start|p1a: Volcarona|perish2\n|upkeep\n|\n|t:|1699900485\n|switch|p2a: Azumarill|Azumarill, F, shiny|59\/100\n|turn|26\n|inactive|Mr.X&Y97 has 120 seconds left.\n|\n|t:|1699900496\n|switch|p1a: Rillaboom|Rillaboom, M|100\/100\n|-fieldstart|move: Grassy Terrain|[from] ability: Grassy Surge|[of] p1a: Rillaboom\n|move|p2a: Azumarill|Whirlpool|p1a: Rillaboom\n|-resisted|p1a: Rillaboom\n|-damage|p1a: Rillaboom|92\/100\n|-activate|p1a: Rillaboom|move: Whirlpool|[of] p2a: Azumarill\n|\n|-weather|none\n|-heal|p1a: Rillaboom|98\/100|[from] Grassy Terrain\n|-heal|p2a: Azumarill|65\/100|[from] Grassy Terrain\n|-damage|p1a: Rillaboom|86\/100|[from] move: Whirlpool|[partiallytrapped]\n|upkeep\n|turn|27\n|\n|t:|1699900502\n|move|p2a: Azumarill|Protect|p2a: Azumarill\n|-singleturn|p2a: Azumarill|Protect\n|move|p1a: Rillaboom|High Horsepower|p2a: Azumarill\n|-activate|p2a: Azumarill|move: Protect\n|\n|-heal|p1a: Rillaboom|92\/100|[from] Grassy Terrain\n|-heal|p2a: Azumarill|72\/100|[from] Grassy Terrain\n|-damage|p1a: Rillaboom|80\/100|[from] move: Whirlpool|[partiallytrapped]\n|upkeep\n|turn|28\n|\n|t:|1699900506\n|switch|p2a: Pelipper|Pelipper, F, shiny|100\/100\n|-weather|RainDance|[from] ability: Drizzle|[of] p2a: Pelipper\n|move|p1a: Rillaboom|High Horsepower|p2a: Pelipper\n|-immune|p2a: Pelipper\n|\n|-weather|RainDance|[upkeep]\n|-heal|p1a: Rillaboom|86\/100|[from] Grassy Terrain\n|-end|p1a: Rillaboom|Whirlpool|[partiallytrapped]|[silent]\n|upkeep\n|turn|29\n|\n|t:|1699900511\n|switch|p1a: Volcarona|Volcarona, F, tera:Grass|100\/100\n|move|p2a: Pelipper|Hurricane|p1a: Volcarona\n|-supereffective|p1a: Volcarona\n|-damage|p1a: Volcarona|39\/100\n|-start|p1a: Volcarona|confusion\n|-enditem|p1a: Volcarona|Lum Berry|[eat]\n|-end|p1a: Volcarona|confusion\n|\n|-weather|RainDance|[upkeep]\n|-heal|p1a: Volcarona|46\/100|[from] Grassy Terrain\n|upkeep\n|turn|30\n|\n|t:|1699900517\n|move|p1a: Volcarona|Quiver Dance|p1a: Volcarona\n|-boost|p1a: Volcarona|spa|1\n|-boost|p1a: Volcarona|spd|1\n|-boost|p1a: Volcarona|spe|1\n|move|p2a: Pelipper|Hurricane|p1a: Volcarona\n|-supereffective|p1a: Volcarona\n|-damage|p1a: Volcarona|2\/100\n|-start|p1a: Volcarona|confusion\n|\n|-weather|RainDance|[upkeep]\n|-heal|p1a: Volcarona|8\/100|[from] Grassy Terrain\n|-fieldend|move: Grassy Terrain\n|upkeep\n|turn|31\n|\n|t:|1699900524\n|switch|p2a: Azumarill|Azumarill, F, shiny|72\/100\n|-activate|p1a: Volcarona|confusion\n|-damage|p1a: Volcarona|4\/100|[from] confusion\n|\n|-weather|RainDance|[upkeep]\n|upkeep\n|turn|32\n|\n|t:|1699900531\n|-activate|p1a: Volcarona|confusion\n|move|p1a: Volcarona|Roost|p1a: Volcarona\n|-heal|p1a: Volcarona|54\/100\n|move|p2a: Azumarill|Whirlpool|p1a: Volcarona|[miss]\n|-miss|p2a: Azumarill|p1a: Volcarona\n|\n|-weather|RainDance|[upkeep]\n|upkeep\n|turn|33\n|\n|t:|1699900537\n|-end|p1a: Volcarona|confusion\n|move|p1a: Volcarona|Fiery Dance|p2a: Azumarill\n|-resisted|p2a: Azumarill\n|-damage|p2a: Azumarill|62\/100\n|-boost|p1a: Volcarona|spa|1\n|move|p2a: Azumarill|Perish Song|p2a: Azumarill\n|-start|p1a: Volcarona|perish3|[silent]\n|-start|p2a: Azumarill|perish3|[silent]\n|-fieldactivate|move: Perish Song\n|\n|-weather|RainDance|[upkeep]\n|-start|p1a: Volcarona|perish3\n|-start|p2a: Azumarill|perish3\n|upkeep\n|turn|34\n|inactive|Mr.X&Y97 has 120 seconds left.\n|\n|t:|1699900581\n|switch|p1a: Rillaboom|Rillaboom, M|86\/100\n|-fieldstart|move: Grassy Terrain|[from] ability: Grassy Surge|[of] p1a: Rillaboom\n|move|p2a: Azumarill|Whirlpool|p1a: Rillaboom\n|-resisted|p1a: Rillaboom\n|-crit|p1a: Rillaboom\n|-damage|p1a: Rillaboom|73\/100\n|-activate|p1a: Rillaboom|move: Whirlpool|[of] p2a: Azumarill\n|\n|-weather|RainDance|[upkeep]\n|-heal|p1a: Rillaboom|79\/100|[from] Grassy Terrain\n|-heal|p2a: Azumarill|69\/100|[from] Grassy Terrain\n|-damage|p1a: Rillaboom|67\/100|[from] move: Whirlpool|[partiallytrapped]\n|-start|p2a: Azumarill|perish2\n|upkeep\n|turn|35\n|\n|t:|1699900586\n|move|p2a: Azumarill|Protect|p2a: Azumarill\n|-singleturn|p2a: Azumarill|Protect\n|move|p1a: Rillaboom|U-turn|p2a: Azumarill\n|-activate|p2a: Azumarill|move: Protect\n|\n|-weather|none\n|-heal|p1a: Rillaboom|73\/100|[from] Grassy Terrain\n|-heal|p2a: Azumarill|75\/100|[from] Grassy Terrain\n|-damage|p1a: Rillaboom|61\/100|[from] move: Whirlpool|[partiallytrapped]\n|-start|p2a: Azumarill|perish1\n|upkeep\n|turn|36\n|\n|t:|1699900593\n|switch|p2a: Pelipper|Pelipper, F, shiny|100\/100\n|-weather|RainDance|[from] ability: Drizzle|[of] p2a: Pelipper\n|move|p1a: Rillaboom|U-turn|p2a: Pelipper\n|-resisted|p2a: Pelipper\n|-damage|p2a: Pelipper|88\/100\n|\n|t:|1699900595\n|switch|p1a: Volcarona|Volcarona, F, tera:Grass|54\/100|[from] U-turn\n|\n|-weather|RainDance|[upkeep]\n|-heal|p1a: Volcarona|60\/100|[from] Grassy Terrain\n|upkeep\n|turn|37\n|\n|t:|1699900598\n|move|p1a: Volcarona|Giga Drain|p2a: Pelipper\n|-damage|p2a: Pelipper|25\/100\n|-heal|p1a: Volcarona|87\/100|[from] drain|[of] p2a: Pelipper\n|move|p2a: Pelipper|U-turn|p1a: Volcarona\n|-supereffective|p1a: Volcarona\n|-damage|p1a: Volcarona|72\/100\n|\n|t:|1699900601\n|switch|p2a: Azumarill|Azumarill, F, shiny|75\/100|[from] U-turn\n|\n|-weather|RainDance|[upkeep]\n|-heal|p1a: Volcarona|78\/100|[from] Grassy Terrain\n|-heal|p2a: Azumarill|81\/100|[from] Grassy Terrain\n|upkeep\n|turn|38\n|inactive|Mr.X&Y97 has 120 seconds left.\n|c|\u2606campos1062|today pls\n|inactive|Mr.X&Y97 has 90 seconds left.\n|\n|t:|1699900664\n|switch|p1a: Rillaboom|Rillaboom, M|61\/100\n|move|p2a: Azumarill|Whirlpool|p1a: Rillaboom\n|-resisted|p1a: Rillaboom\n|-damage|p1a: Rillaboom|53\/100\n|-activate|p1a: Rillaboom|move: Whirlpool|[of] p2a: Azumarill\n|\n|-weather|RainDance|[upkeep]\n|-heal|p1a: Rillaboom|59\/100|[from] Grassy Terrain\n|-heal|p2a: Azumarill|87\/100|[from] Grassy Terrain\n|-damage|p1a: Rillaboom|47\/100|[from] move: Whirlpool|[partiallytrapped]\n|-fieldend|move: Grassy Terrain\n|upkeep\n|turn|39\n|\n|t:|1699900672\n|move|p2a: Azumarill|Protect|p2a: Azumarill\n|-singleturn|p2a: Azumarill|Protect\n|move|p1a: Rillaboom|U-turn|p2a: Azumarill\n|-activate|p2a: Azumarill|move: Protect\n|\n|-weather|RainDance|[upkeep]\n|-damage|p1a: Rillaboom|35\/100|[from] move: Whirlpool|[partiallytrapped]\n|upkeep\n|turn|40\n|\n|t:|1699900676\n|move|p1a: Rillaboom|U-turn|p2a: Azumarill\n|-resisted|p2a: Azumarill\n|-damage|p2a: Azumarill|69\/100\n|\n|t:|1699900678\n|switch|p1a: Volcarona|Volcarona, F, tera:Grass|78\/100|[from] U-turn\n|move|p2a: Azumarill|Whirlpool|p1a: Volcarona\n|-resisted|p1a: Volcarona\n|-damage|p1a: Volcarona|73\/100\n|-activate|p1a: Volcarona|move: Whirlpool|[of] p2a: Azumarill\n|\n|-weather|RainDance|[upkeep]\n|-damage|p1a: Volcarona|61\/100|[from] move: Whirlpool|[partiallytrapped]\n|upkeep\n|turn|41\n|\n|t:|1699900693\n|move|p1a: Volcarona|Quiver Dance|p1a: Volcarona\n|-boost|p1a: Volcarona|spa|1\n|-boost|p1a: Volcarona|spd|1\n|-boost|p1a: Volcarona|spe|1\n|move|p2a: Azumarill|Perish Song|p2a: Azumarill\n|-start|p1a: Volcarona|perish3|[silent]\n|-start|p2a: Azumarill|perish3|[silent]\n|-fieldactivate|move: Perish Song\n|\n|-weather|RainDance|[upkeep]\n|-damage|p1a: Volcarona|48\/100|[from] move: Whirlpool|[partiallytrapped]\n|-start|p1a: Volcarona|perish3\n|-start|p2a: Azumarill|perish3\n|upkeep\n|turn|42\n|\n|t:|1699900701\n|move|p2a: Azumarill|Protect|p2a: Azumarill\n|-singleturn|p2a: Azumarill|Protect\n|move|p1a: Volcarona|Quiver Dance|p1a: Volcarona\n|-boost|p1a: Volcarona|spa|1\n|-boost|p1a: Volcarona|spd|1\n|-boost|p1a: Volcarona|spe|1\n|\n|-weather|RainDance|[upkeep]\n|-damage|p1a: Volcarona|36\/100|[from] move: Whirlpool|[partiallytrapped]\n|-start|p1a: Volcarona|perish2\n|-start|p2a: Azumarill|perish2\n|upkeep\n|turn|43\n|\n|t:|1699900706\n|move|p1a: Volcarona|Fiery Dance|p2a: Azumarill\n|-resisted|p2a: Azumarill\n|-damage|p2a: Azumarill|57\/100\n|-boost|p1a: Volcarona|spa|1\n|move|p2a: Azumarill|Rest|p2a: Azumarill\n|-status|p2a: Azumarill|slp|[from] move: Rest\n|-heal|p2a: Azumarill|100\/100 slp|[silent]\n|-enditem|p2a: Azumarill|Chesto Berry|[eat]\n|-curestatus|p2a: Azumarill|slp|[msg]\n|\n|-weather|none\n|-damage|p1a: Volcarona|24\/100|[from] move: Whirlpool|[partiallytrapped]\n|-start|p1a: Volcarona|perish1\n|-start|p2a: Azumarill|perish1\n|upkeep\n|turn|44\n|\n|t:|1699900718\n|switch|p2a: Rotom|Rotom-Wash, shiny|83\/100\n|move|p1a: Volcarona|Giga Drain|p2a: Rotom\n|-supereffective|p2a: Rotom\n|-damage|p2a: Rotom|0 fnt\n|-heal|p1a: Volcarona|58\/100|[from] drain|[of] p2a: Rotom\n|faint|p2a: Rotom\n|\n|-end|p1a: Volcarona|Whirlpool|[partiallytrapped]\n|-start|p1a: Volcarona|perish0\n|upkeep\n|faint|p1a: Volcarona\n|\n|t:|1699900722\n|switch|p1a: Rillaboom|Rillaboom, M|35\/100\n|switch|p2a: Azumarill|Azumarill, F, shiny|100\/100\n|-fieldstart|move: Grassy Terrain|[from] ability: Grassy Surge|[of] p1a: Rillaboom\n|turn|45\n|\n|t:|1699900729\n|move|p2a: Azumarill|Protect|p2a: Azumarill\n|-singleturn|p2a: Azumarill|Protect\n|move|p1a: Rillaboom|High Horsepower|p2a: Azumarill\n|-activate|p2a: Azumarill|move: Protect\n|\n|-heal|p1a: Rillaboom|41\/100|[from] Grassy Terrain\n|upkeep\n|turn|46\n|\n|t:|1699900732\n|switch|p2a: Pelipper|Pelipper, F, shiny|25\/100\n|-weather|RainDance|[from] ability: Drizzle|[of] p2a: Pelipper\n|move|p1a: Rillaboom|High Horsepower|p2a: Pelipper\n|-immune|p2a: Pelipper\n|\n|-weather|RainDance|[upkeep]\n|-heal|p1a: Rillaboom|47\/100|[from] Grassy Terrain\n|upkeep\n|turn|47\n|c|\u2606campos1062|gg\n|-message|Mr.X&Y97 forfeited.\n|\n|win|campos1062\n|raw|Mr.X&amp;Y97's rating: 1517 &rarr; <strong>1501<\/strong><br \/>(-16 for losing)\n|raw|campos1062's rating: 1595 &rarr; <strong>1611<\/strong><br \/>(+16 for winning)\n|l|\u2606Mr.X&Y97\n","uploadtime":1699900781,"views":7,"p1id":"mrxy97","p2id":"campos1062","formatid":"gen9nationaldex","rating":1501,"private":0,"password":""}