{"id":"gen9nationaldex-1995206842","p1":"Platypuzzled","p2":"jojomix","format":"[Gen 9] National Dex","log":"|html|<div class=\"broadcast-blue\"><strong>[Gen 9] National Dex is currently suspecting Sneasler! For information on how to participate check out the <a href=\"https:\/\/www.smogon.com\/forums\/threads\/sv-national-dex-suspect-8-just-dance.3731534\/\">suspect thread<\/a>.<\/strong><\/div>\n|j|\u2606Platypuzzled\n|j|\u2606jojomix\n|t:|1700534599\n|gametype|singles\n|player|p1|Platypuzzled|giovanni|1159\n|player|p2|jojomix|dragontamer|1073\n|teamsize|p1|6\n|teamsize|p2|6\n|gen|9\n|tier|[Gen 9] National Dex\n|rated|\n|rule|HP Percentage Mod: HP is shown in percentages\n|rule|Endless Battle Clause: Forcing endless battles is banned\n|rule|OHKO Clause: OHKO moves are banned\n|rule|Evasion Clause: Evasion abilities, items, and moves are banned\n|rule|Evasion Abilities Clause: Evasion abilities are banned\n|rule|Evasion Items Clause: Evasion items are banned\n|rule|Evasion Moves Clause: Evasion moves are banned\n|rule|Species Clause: Limit one of each Pok\u00e9mon\n|rule|Sleep Clause Mod: Limit one foe put to sleep\n|clearpoke\n|poke|p1|Empoleon, F|\n|poke|p1|Zeraora|\n|poke|p1|Pinsir, F|\n|poke|p1|Sirfetch\u2019d, F|\n|poke|p1|Corviknight, M|\n|poke|p1|Nidoking, M|\n|poke|p2|Charizard, F|\n|poke|p2|Deoxys-Defense|\n|poke|p2|Polteageist-Antique|\n|poke|p2|Kommo-o, F|\n|poke|p2|Blissey, F|\n|poke|p2|Sylveon, F|\n|teampreview\n|c|\u2606Platypuzzled|glhf\n|inactive|Battle timer is ON: inactive players will automatically lose when time's up. (requested by jojomix)\n|\n|t:|1700534612\n|start\n|switch|p1a: Zeraora|Zeraora|100\/100\n|switch|p2a: Blissey|Blissey, F|100\/100\n|turn|1\n|c|\u2606jojomix|glhf\n|\n|t:|1700534624\n|move|p1a: Zeraora|Taunt|p2a: Blissey\n|-start|p2a: Blissey|move: Taunt\n|cant|p2a: Blissey|move: Taunt|Light Screen\n|\n|upkeep\n|turn|2\n|\n|t:|1700534630\n|switch|p2a: Dena|Deoxys-Defense|100\/100\n|-ability|p2a: Dena|Pressure\n|move|p1a: Zeraora|Plasma Fists|p2a: Dena\n|-damage|p2a: Dena|63\/100\n|-fieldactivate|move: Ion Deluge\n|-hint|Normal-type moves become Electric-type after using Plasma Fists.\n|\n|-heal|p2a: Dena|70\/100|[from] item: Leftovers\n|upkeep\n|turn|3\n|\n|t:|1700534641\n|move|p1a: Zeraora|Taunt|p2a: Dena\n|-start|p2a: Dena|move: Taunt\n|move|p2a: Dena|Counter||[still]\n|-fail|p2a: Dena\n|\n|-heal|p2a: Dena|76\/100|[from] item: Leftovers\n|upkeep\n|turn|4\n|\n|t:|1700534649\n|move|p1a: Zeraora|Plasma Fists|p2a: Dena\n|-damage|p2a: Dena|36\/100\n|-fieldactivate|move: Ion Deluge\n|-hint|Normal-type moves become Electric-type after using Plasma Fists.\n|move|p2a: Dena|Counter|p1a: Zeraora\n|-damage|p1a: Zeraora|40\/100\n|\n|-heal|p2a: Dena|42\/100|[from] item: Leftovers\n|upkeep\n|turn|5\n|\n|t:|1700534674\n|switch|p1a: Pinsir|Pinsir, F|100\/100\n|switch|p2a: Polteageist|Polteageist-Antique|100\/100\n|\n|upkeep\n|turn|6\n|\n|t:|1700534684\n|detailschange|p1a: Pinsir|Pinsir-Mega, F\n|-mega|p1a: Pinsir|Pinsir|Pinsirite\n|-terastallize|p2a: Polteageist|Dragon\n|move|p1a: Pinsir|Return|p2a: Polteageist\n|-damage|p2a: Polteageist|0 fnt\n|faint|p2a: Polteageist\n|\n|upkeep\n|\n|t:|1700534695\n|switch|p2a: Dena|Deoxys-Defense|42\/100\n|-ability|p2a: Dena|Pressure\n|turn|7\n|\n|t:|1700534706\n|move|p1a: Pinsir|Swords Dance|p1a: Pinsir\n|-boost|p1a: Pinsir|atk|2\n|move|p2a: Dena|Recover|p2a: Dena\n|-heal|p2a: Dena|92\/100\n|\n|-heal|p2a: Dena|98\/100|[from] item: Leftovers\n|upkeep\n|turn|8\n|\n|t:|1700534714\n|move|p1a: Pinsir|Swords Dance|p1a: Pinsir\n|-boost|p1a: Pinsir|atk|2\n|move|p2a: Dena|Taunt|p1a: Pinsir\n|-start|p1a: Pinsir|move: Taunt\n|\n|-heal|p2a: Dena|100\/100|[from] item: Leftovers\n|upkeep\n|turn|9\n|\n|t:|1700534721\n|move|p1a: Pinsir|Return|p2a: Dena\n|-damage|p2a: Dena|0 fnt\n|faint|p2a: Dena\n|\n|upkeep\n|\n|t:|1700534731\n|switch|p2a: Black Raz|Charizard, F, shiny|100\/100\n|turn|10\n|\n|t:|1700534736\n|detailschange|p2a: Black Raz|Charizard-Mega-Y, F, shiny\n|-mega|p2a: Black Raz|Charizard|Charizardite Y\n|-weather|SunnyDay|[from] ability: Drought|[of] p2a: Black Raz\n|move|p1a: Pinsir|Return|p2a: Black Raz\n|-damage|p2a: Black Raz|0 fnt\n|faint|p2a: Black Raz\n|\n|-weather|SunnyDay|[upkeep]\n|upkeep\n|\n|t:|1700534751\n|switch|p2a: Kommo-o|Kommo-o, F|100\/100\n|turn|11\n|\n|t:|1700534755\n|move|p1a: Pinsir|Return|p2a: Kommo-o\n|-supereffective|p2a: Kommo-o\n|-damage|p2a: Kommo-o|0 fnt\n|faint|p2a: Kommo-o\n|\n|-weather|SunnyDay|[upkeep]\n|-end|p1a: Pinsir|move: Taunt\n|upkeep\n|c|\u2606jojomix|gg\n|\n|t:|1700534764\n|switch|p2a: Trans|Sylveon, F, shiny|100\/100\n|turn|12\n|\n|t:|1700534769\n|move|p1a: Pinsir|Return|p2a: Trans\n|-damage|p2a: Trans|0 fnt\n|faint|p2a: Trans\n|\n|-weather|SunnyDay|[upkeep]\n|upkeep\n|c|\u2606Platypuzzled|good names\n|\n|t:|1700534776\n|switch|p2a: Blissey|Blissey, F|100\/100\n|turn|13\n|c|\u2606jojomix|thanks\n|\n|t:|1700534794\n|move|p1a: Pinsir|Close Combat|p2a: Blissey\n|-supereffective|p2a: Blissey\n|-damage|p2a: Blissey|0 fnt\n|-unboost|p1a: Pinsir|def|1\n|-unboost|p1a: Pinsir|spd|1\n|faint|p2a: Blissey\n|\n|win|Platypuzzled\n|raw|Platypuzzled's rating: 1159 &rarr; <strong>1178<\/strong><br \/>(+19 for winning)\n|raw|jojomix's rating: 1073 &rarr; <strong>1057<\/strong><br \/>(-16 for losing)\n|c|\u2606Platypuzzled|gg\n|c|\u2606jojomix|gg\n","uploadtime":1700534803,"views":2,"p1id":"platypuzzled","p2id":"jojomix","formatid":"gen9nationaldex","rating":1057,"private":0,"password":""}