{"id":"gen9nationaldex-1990802830","p1":"TheSlowbroGuy","p2":"Jarl_jake","format":"[Gen 9] National Dex","log":"|j|\u2606TheSlowbroGuy\n|j|\u2606Jarl_jake\n|t:|1700002367\n|gametype|singles\n|player|p1|TheSlowbroGuy|wattson|1368\n|player|p2|Jarl_jake|red|1382\n|teamsize|p1|6\n|teamsize|p2|6\n|gen|9\n|tier|[Gen 9] National Dex\n|rated|\n|rule|HP Percentage Mod: HP is shown in percentages\n|rule|Endless Battle Clause: Forcing endless battles is banned\n|rule|OHKO Clause: OHKO moves are banned\n|rule|Evasion Clause: Evasion abilities, items, and moves are banned\n|rule|Evasion Abilities Clause: Evasion abilities are banned\n|rule|Evasion Items Clause: Evasion items are banned\n|rule|Evasion Moves Clause: Evasion moves are banned\n|rule|Species Clause: Limit one of each Pok\u00e9mon\n|rule|Sleep Clause Mod: Limit one foe put to sleep\n|clearpoke\n|poke|p1|Zoroark-Hisui, M|\n|poke|p1|Incineroar, M|\n|poke|p1|Rillaboom, M|\n|poke|p1|Zeraora|\n|poke|p1|Pangoro, M|\n|poke|p1|Urshifu-*, M|\n|poke|p2|Ninetales-Alola, F|\n|poke|p2|Serperior, F|\n|poke|p2|Salamence, M|\n|poke|p2|Blaziken, M|\n|poke|p2|Blastoise, F|\n|poke|p2|Grimmsnarl, M|\n|teampreview\n|inactive|Battle timer is ON: inactive players will automatically lose when time's up. (requested by TheSlowbroGuy)\n|\n|t:|1700002385\n|start\n|switch|p1a: Furry Bear|Pangoro, M|100\/100\n|switch|p2a: Lady Oscar|Serperior, F, shiny|100\/100\n|turn|1\n|\n|t:|1700002392\n|switch|p1a: Hot Daddy|Incineroar, M|100\/100\n|-ability|p1a: Hot Daddy|Intimidate|boost\n|-boost|p2a: Lady Oscar|atk|1\n|move|p2a: Lady Oscar|Leaf Storm|p1a: Hot Daddy\n|-resisted|p1a: Hot Daddy\n|-damage|p1a: Hot Daddy|80\/100\n|-boost|p2a: Lady Oscar|spa|2\n|-damage|p2a: Lady Oscar|91\/100|[from] item: Life Orb\n|\n|upkeep\n|turn|2\n|\n|t:|1700002421\n|switch|p2a: Fat Girl|Blastoise, F, shiny|100\/100\n|move|p1a: Hot Daddy|U-turn|p2a: Fat Girl\n|-damage|p2a: Fat Girl|83\/100\n|\n|t:|1700002426\n|switch|p1a: Nice Pecs|Rillaboom, M|100\/100|[from] U-turn\n|-fieldstart|move: Grassy Terrain|[from] ability: Grassy Surge|[of] p1a: Nice Pecs\n|\n|-heal|p2a: Fat Girl|89\/100|[from] Grassy Terrain\n|upkeep\n|turn|3\n|inactive|Jarl_jake has 120 seconds left.\n|\n|t:|1700002450\n|move|p2a: Fat Girl|Scald|p1a: Nice Pecs\n|-resisted|p1a: Nice Pecs\n|-damage|p1a: Nice Pecs|80\/100\n|move|p1a: Nice Pecs|High Horsepower|p2a: Fat Girl\n|-damage|p2a: Fat Girl|41\/100\n|-damage|p1a: Nice Pecs|70\/100|[from] item: Life Orb\n|\n|-heal|p2a: Fat Girl|47\/100|[from] Grassy Terrain\n|-heal|p1a: Nice Pecs|76\/100|[from] Grassy Terrain\n|upkeep\n|turn|4\n|inactive|Jarl_jake has 120 seconds left.\n|\n|t:|1700002462\n|switch|p2a: Paarthurnax|Salamence, M, shiny|100\/100\n|move|p1a: Nice Pecs|Grassy Glide|p2a: Paarthurnax\n|-resisted|p2a: Paarthurnax\n|-damage|p2a: Paarthurnax|85\/100\n|-damage|p1a: Nice Pecs|66\/100|[from] item: Life Orb\n|\n|-heal|p1a: Nice Pecs|72\/100|[from] Grassy Terrain\n|upkeep\n|turn|5\n|inactive|Jarl_jake has 120 seconds left.\n|\n|t:|1700002472\n|move|p2a: Paarthurnax|Dual Wingbeat|p1a: Nice Pecs\n|-supereffective|p1a: Nice Pecs\n|-damage|p1a: Nice Pecs|26\/100\n|-supereffective|p1a: Nice Pecs\n|-damage|p1a: Nice Pecs|0 fnt\n|faint|p1a: Nice Pecs\n|-ability|p2a: Paarthurnax|Moxie|boost\n|-boost|p2a: Paarthurnax|atk|1\n|-hitcount|p1: Nice Pecs|2\n|\n|upkeep\n|\n|t:|1700002484\n|switch|p1a: FurSuit|Zeraora|100\/100\n|turn|6\n|inactive|Jarl_jake has 120 seconds left.\n|\n|t:|1700002507\n|switch|p2a: Fat Girl|Blastoise, F, shiny|47\/100\n|-terastallize|p1a: FurSuit|Fairy\n|move|p1a: FurSuit|Tera Blast|p2a: Fat Girl|[anim] Tera Blast Fairy\n|-damage|p2a: Fat Girl|0 fnt\n|faint|p2a: Fat Girl\n|\n|-fieldend|move: Grassy Terrain\n|upkeep\n|\n|t:|1700002520\n|switch|p2a: Lady Oscar|Serperior, F, shiny|91\/100\n|turn|7\n|\n|t:|1700002523\n|switch|p1a: Hot Daddy|Incineroar, M|80\/100\n|-ability|p1a: Hot Daddy|Intimidate|boost\n|-boost|p2a: Lady Oscar|atk|1\n|move|p2a: Lady Oscar|Leaf Storm|p1a: Hot Daddy|[miss]\n|-miss|p2a: Lady Oscar|p1a: Hot Daddy\n|\n|upkeep\n|turn|8\n|inactive|Jarl_jake has 120 seconds left.\n|\n|t:|1700002546\n|move|p2a: Lady Oscar|Leaf Storm|p1a: Hot Daddy\n|-resisted|p1a: Hot Daddy\n|-damage|p1a: Hot Daddy|61\/100\n|-boost|p2a: Lady Oscar|spa|2\n|-damage|p2a: Lady Oscar|81\/100|[from] item: Life Orb\n|move|p1a: Hot Daddy|U-turn|p2a: Lady Oscar\n|-supereffective|p2a: Lady Oscar\n|-damage|p2a: Lady Oscar|39\/100\n|\n|t:|1700002554\n|switch|p1a: Harder|Urshifu-Rapid-Strike, M|100\/100|[from] U-turn\n|\n|upkeep\n|turn|9\n|inactive|Jarl_jake has 120 seconds left.\n|\n|t:|1700002563\n|move|p1a: Harder|Poison Jab|p2a: Lady Oscar\n|-supereffective|p2a: Lady Oscar\n|-damage|p2a: Lady Oscar|0 fnt\n|faint|p2a: Lady Oscar\n|\n|upkeep\n|inactive|Jarl_jake has 120 seconds left.\n|\n|t:|1700002572\n|switch|p2a: Chicharron|Blaziken, M, shiny|100\/100\n|turn|10\n|\n|t:|1700002575\n|move|p1a: Harder|Poison Jab|p2a: Chicharron\n|-damage|p2a: Chicharron|51\/100\n|-status|p2a: Chicharron|psn\n|move|p2a: Chicharron|Swords Dance|p2a: Chicharron\n|-boost|p2a: Chicharron|atk|2\n|\n|-damage|p2a: Chicharron|39\/100 psn|[from] psn\n|-ability|p2a: Chicharron|Speed Boost|boost\n|-boost|p2a: Chicharron|spe|1\n|upkeep\n|turn|11\n|\n|t:|1700002586\n|move|p1a: Harder|Poison Jab|p2a: Chicharron\n|-damage|p2a: Chicharron|0 fnt\n|faint|p2a: Chicharron\n|\n|upkeep\n|\n|t:|1700002592\n|switch|p2a: Paarthurnax|Salamence, M, shiny|85\/100\n|turn|12\n|\n|t:|1700002601\n|-terastallize|p2a: Paarthurnax|Ground\n|move|p1a: Harder|Poison Jab|p2a: Paarthurnax\n|-resisted|p2a: Paarthurnax\n|-damage|p2a: Paarthurnax|66\/100\n|move|p2a: Paarthurnax|Dragon Dance|p2a: Paarthurnax\n|-boost|p2a: Paarthurnax|atk|1\n|-boost|p2a: Paarthurnax|spe|1\n|\n|upkeep\n|turn|13\n|\n|t:|1700002610\n|switch|p1a: Hot Daddy|Incineroar, M|61\/100\n|-ability|p1a: Hot Daddy|Intimidate|boost\n|-unboost|p2a: Paarthurnax|atk|1\n|move|p2a: Paarthurnax|Dragon Dance|p2a: Paarthurnax\n|-boost|p2a: Paarthurnax|atk|1\n|-boost|p2a: Paarthurnax|spe|1\n|\n|upkeep\n|turn|14\n|\n|t:|1700002618\n|move|p1a: Hot Daddy|Fake Out|p2a: Paarthurnax\n|-damage|p2a: Paarthurnax|53\/100\n|cant|p2a: Paarthurnax|flinch\n|\n|upkeep\n|turn|15\n|\n|t:|1700002624\n|move|p2a: Paarthurnax|Earthquake|p1a: Hot Daddy\n|-supereffective|p1a: Hot Daddy\n|-damage|p1a: Hot Daddy|0 fnt\n|faint|p1a: Hot Daddy\n|-ability|p2a: Paarthurnax|Moxie|boost\n|-boost|p2a: Paarthurnax|atk|1\n|\n|upkeep\n|\n|t:|1700002632\n|switch|p1a: Furry Bear|Pangoro, M|100\/100\n|turn|16\n|\n|t:|1700002637\n|move|p1a: Furry Bear|Bullet Punch|p2a: Paarthurnax\n|-damage|p2a: Paarthurnax|21\/100\n|move|p2a: Paarthurnax|Earthquake|p1a: Furry Bear\n|-damage|p1a: Furry Bear|0 fnt\n|faint|p1a: Furry Bear\n|-ability|p2a: Paarthurnax|Moxie|boost\n|-boost|p2a: Paarthurnax|atk|1\n|\n|upkeep\n|-message|TheSlowbroGuy forfeited.\n|\n|win|Jarl_jake\n|raw|TheSlowbroGuy's rating: 1368 &rarr; <strong>1349<\/strong><br \/>(-19 for losing)\n|raw|Jarl_jake's rating: 1382 &rarr; <strong>1401<\/strong><br \/>(+19 for winning)\n|l|\u2606TheSlowbroGuy\n","uploadtime":1700002660,"views":9,"p1id":"theslowbroguy","p2id":"jarljake","formatid":"gen9nationaldex","rating":1349,"private":0,"password":""}