{"id":"gen9nationaldex-1987301188","p1":"evilgoku64","p2":"lrcanassa","format":"[Gen 9] National Dex","log":"|j|\u2606evilgoku64\n|j|\u2606lrcanassa\n|t:|1699574973\n|gametype|singles\n|player|p1|evilgoku64|brock|1241\n|player|p2|lrcanassa|wattson|1171\n|teamsize|p1|6\n|teamsize|p2|6\n|gen|9\n|tier|[Gen 9] National Dex\n|rated|\n|rule|HP Percentage Mod: HP is shown in percentages\n|rule|Endless Battle Clause: Forcing endless battles is banned\n|rule|OHKO Clause: OHKO moves are banned\n|rule|Evasion Clause: Evasion abilities, items, and moves are banned\n|rule|Evasion Abilities Clause: Evasion abilities are banned\n|rule|Evasion Items Clause: Evasion items are banned\n|rule|Evasion Moves Clause: Evasion moves are banned\n|rule|Species Clause: Limit one of each Pok\u00e9mon\n|rule|Sleep Clause Mod: Limit one foe put to sleep\n|clearpoke\n|poke|p1|Medicham, F|\n|poke|p1|Eelektross, F|\n|poke|p1|Dragonite, F|\n|poke|p1|Aegislash, M|\n|poke|p1|Araquanid, F|\n|poke|p1|Venusaur, F|\n|poke|p2|Sneasler, F|\n|poke|p2|Gliscor, M|\n|poke|p2|Manaphy|\n|poke|p2|Breloom, F|\n|poke|p2|Kommo-o, F|\n|poke|p2|Moltres|\n|teampreview\n|inactive|Battle timer is ON: inactive players will automatically lose when time's up. (requested by lrcanassa)\n|inactive|evilgoku64 also wants the timer to be on.\n|\n|t:|1699574982\n|start\n|switch|p1a: Eelektross|Eelektross, F|100\/100\n|switch|p2a: Breloom|Breloom, F|100\/100\n|turn|1\n|\n|t:|1699574988\n|move|p2a: Breloom|Spore|p1a: Eelektross\n|-status|p1a: Eelektross|slp|[from] move: Spore\n|cant|p1a: Eelektross|slp\n|\n|upkeep\n|turn|2\n|\n|t:|1699574997\n|move|p2a: Breloom|Bullet Seed|p1a: Eelektross\n|-damage|p1a: Eelektross|80\/100 slp\n|-damage|p1a: Eelektross|60\/100 slp\n|-damage|p1a: Eelektross|38\/100 slp\n|-hitcount|p1a: Eelektross|3\n|cant|p1a: Eelektross|slp\n|\n|-heal|p1a: Eelektross|44\/100 slp|[from] item: Leftovers\n|upkeep\n|turn|3\n|\n|t:|1699575007\n|switch|p1a: Venusaur|Venusaur, F|100\/100\n|move|p2a: Breloom|Bullet Seed|p1a: Venusaur\n|-resisted|p1a: Venusaur\n|-damage|p1a: Venusaur|95\/100\n|-resisted|p1a: Venusaur\n|-damage|p1a: Venusaur|90\/100\n|-resisted|p1a: Venusaur\n|-damage|p1a: Venusaur|84\/100\n|-resisted|p1a: Venusaur\n|-damage|p1a: Venusaur|79\/100\n|-resisted|p1a: Venusaur\n|-damage|p1a: Venusaur|73\/100\n|-hitcount|p1a: Venusaur|5\n|\n|-heal|p1a: Venusaur|79\/100|[from] item: Black Sludge\n|upkeep\n|turn|4\n|\n|t:|1699575015\n|switch|p2a: Manaphy|Manaphy|100\/100\n|move|p1a: Venusaur|Sludge Bomb|p2a: Manaphy\n|-damage|p2a: Manaphy|56\/100\n|\n|-heal|p1a: Venusaur|85\/100|[from] item: Black Sludge\n|upkeep\n|turn|5\n|\n|t:|1699575024\n|move|p2a: Manaphy|Tail Glow|p2a: Manaphy\n|-boost|p2a: Manaphy|spa|3\n|move|p1a: Venusaur|Giga Drain|p2a: Manaphy\n|-supereffective|p2a: Manaphy\n|-damage|p2a: Manaphy|0 fnt\n|-heal|p1a: Venusaur|100\/100|[from] drain|[of] p2a: Manaphy\n|faint|p2a: Manaphy\n|\n|upkeep\n|\n|t:|1699575039\n|switch|p2a: Moltres|Moltres|100\/100\n|turn|6\n|\n|t:|1699575048\n|switch|p1a: Dragonite|Dragonite, F|100\/100\n|move|p2a: Moltres|Heat Wave|p1a: Dragonite\n|-resisted|p1a: Dragonite\n|-damage|p1a: Dragonite|87\/100\n|\n|upkeep\n|turn|7\n|\n|t:|1699575053\n|move|p2a: Moltres|Ancient Power|p1a: Dragonite\n|-supereffective|p1a: Dragonite\n|-damage|p1a: Dragonite|44\/100\n|-boost|p2a: Moltres|atk|1\n|-boost|p2a: Moltres|def|1\n|-boost|p2a: Moltres|spa|1\n|-boost|p2a: Moltres|spd|1\n|-boost|p2a: Moltres|spe|1\n|-enditem|p1a: Dragonite|Weakness Policy\n|-boost|p1a: Dragonite|atk|2|[from] item: Weakness Policy\n|-boost|p1a: Dragonite|spa|2|[from] item: Weakness Policy\n|move|p1a: Dragonite|Dragon Dance|p1a: Dragonite\n|-boost|p1a: Dragonite|atk|1\n|-boost|p1a: Dragonite|spe|1\n|\n|upkeep\n|turn|8\n|\n|t:|1699575066\n|move|p2a: Moltres|Ancient Power|p1a: Dragonite\n|-supereffective|p1a: Dragonite\n|-damage|p1a: Dragonite|0 fnt\n|faint|p1a: Dragonite\n|\n|upkeep\n|\n|t:|1699575076\n|switch|p1a: Medicham|Medicham, F|100\/100\n|turn|9\n|\n|t:|1699575091\n|detailschange|p1a: Medicham|Medicham-Mega, F\n|-mega|p1a: Medicham|Medicham|Medichamite\n|move|p1a: Medicham|Fake Out|p2a: Moltres\n|-damage|p2a: Moltres|83\/100\n|cant|p2a: Moltres|flinch\n|\n|upkeep\n|turn|10\n|\n|t:|1699575096\n|move|p2a: Moltres|Hurricane|p1a: Medicham\n|-supereffective|p1a: Medicham\n|-damage|p1a: Medicham|0 fnt\n|faint|p1a: Medicham\n|\n|upkeep\n|\n|t:|1699575100\n|switch|p1a: Araquanid|Araquanid, F|100\/100\n|turn|11\n|\n|t:|1699575103\n|move|p2a: Moltres|Hurricane|p1a: Araquanid\n|-supereffective|p1a: Araquanid\n|-damage|p1a: Araquanid|0 fnt\n|faint|p1a: Araquanid\n|\n|upkeep\n|\n|t:|1699575107\n|switch|p1a: Eelektross|Eelektross, F|44\/100 slp\n|turn|12\n|\n|t:|1699575113\n|move|p2a: Moltres|Heat Wave|p1a: Eelektross\n|-damage|p1a: Eelektross|0 fnt\n|faint|p1a: Eelektross\n|\n|upkeep\n|\n|t:|1699575117\n|switch|p1a: Venusaur|Venusaur, F|100\/100\n|turn|13\n|\n|t:|1699575127\n|move|p2a: Moltres|Heat Wave|p1a: Venusaur\n|-supereffective|p1a: Venusaur\n|-damage|p1a: Venusaur|0 fnt\n|faint|p1a: Venusaur\n|\n|upkeep\n|\n|t:|1699575131\n|switch|p1a: Aegislash|Aegislash, M|100\/100\n|turn|14\n|\n|t:|1699575137\n|-formechange|p1a: Aegislash|Aegislash-Blade||[from] ability: Stance Change\n|move|p1a: Aegislash|Shadow Sneak|p2a: Moltres\n|-damage|p2a: Moltres|63\/100\n|move|p2a: Moltres|Heat Wave|p1a: Aegislash\n|-supereffective|p1a: Aegislash\n|-damage|p1a: Aegislash|0 fnt\n|faint|p1a: Aegislash\n|\n|win|lrcanassa\n|raw|evilgoku64's rating: 1241 &rarr; <strong>1211<\/strong><br \/>(-30 for losing)\n|raw|lrcanassa's rating: 1171 &rarr; <strong>1201<\/strong><br \/>(+30 for winning)\n|l|\u2606evilgoku64\n","uploadtime":1699575145,"views":6,"p1id":"evilgoku64","p2id":"lrcanassa","formatid":"gen9nationaldex","rating":1201,"private":0,"password":""}