{"id":"gen9nationaldex-1998517040","p1":"Myrgetabrakke","p2":"beckhazel","format":"[Gen 9] National Dex","log":"|html|<div class=\"broadcast-blue\"><strong>[Gen 9] National Dex is currently suspecting Sneasler! For information on how to participate check out the <a href=\"https:\/\/www.smogon.com\/forums\/threads\/sv-national-dex-suspect-8-just-dance.3731534\/\">suspect thread<\/a>.<\/strong><\/div>\n|j|\u2606Myrgetabrakke\n|j|\u2606beckhazel\n|t:|1700951289\n|gametype|singles\n|player|p1|Myrgetabrakke|cynthia|\n|player|p2|beckhazel|lyra|\n|teamsize|p1|6\n|teamsize|p2|6\n|gen|9\n|tier|[Gen 9] National Dex\n|rule|HP Percentage Mod: HP is shown in percentages\n|rule|Endless Battle Clause: Forcing endless battles is banned\n|rule|OHKO Clause: OHKO moves are banned\n|rule|Evasion Clause: Evasion abilities, items, and moves are banned\n|rule|Evasion Abilities Clause: Evasion abilities are banned\n|rule|Evasion Items Clause: Evasion items are banned\n|rule|Evasion Moves Clause: Evasion moves are banned\n|rule|Species Clause: Limit one of each Pok\u00e9mon\n|rule|Sleep Clause Mod: Limit one foe put to sleep\n|clearpoke\n|poke|p1|Shuckle, F|\n|poke|p1|Tyranitar, F|\n|poke|p1|Cradily, F|\n|poke|p1|Glimmora, F|\n|poke|p1|Arcanine-Hisui, F|\n|poke|p1|Garganacl, F|\n|poke|p2|Indeedee-F, F|\n|poke|p2|Farigiraf, F|\n|poke|p2|Raticate-Alola, F|\n|poke|p2|Cinccino, F|\n|poke|p2|Stoutland, F|\n|poke|p2|Zoroark-Hisui, F|\n|teampreview\n|\n|t:|1700951331\n|start\n|switch|p1a: the noodler|Shuckle, F|100\/100\n|switch|p2a: stan loona|Indeedee-F, F|100\/100\n|-fieldstart|move: Psychic Terrain|[from] ability: Psychic Surge|[of] p2a: stan loona\n|turn|1\n|\n|t:|1700951346\n|move|p2a: stan loona|Expanding Force|p1a: the noodler\n|-damage|p1a: the noodler|66\/100\n|move|p1a: the noodler|Infestation|p2a: stan loona\n|-supereffective|p2a: stan loona\n|-damage|p2a: stan loona|98\/100\n|-activate|p2a: stan loona|move: Infestation|[of] p1a: the noodler\n|\n|-heal|p1a: the noodler|72\/100|[from] item: Leftovers\n|-damage|p2a: stan loona|86\/100|[from] move: Infestation|[partiallytrapped]\n|upkeep\n|turn|2\n|\n|t:|1700951372\n|move|p2a: stan loona|Light Screen|p2a: stan loona\n|-sidestart|p2: beckhazel|move: Light Screen\n|move|p1a: the noodler|Sticky Web|p2a: stan loona\n|-sidestart|p2: beckhazel|move: Sticky Web\n|\n|-heal|p1a: the noodler|78\/100|[from] item: Leftovers\n|-damage|p2a: stan loona|73\/100|[from] move: Infestation|[partiallytrapped]\n|upkeep\n|turn|3\n|\n|t:|1700951378\n|move|p2a: stan loona|Expanding Force|p1a: the noodler\n|-damage|p1a: the noodler|44\/100\n|move|p1a: the noodler|Stealth Rock|p2a: stan loona\n|-sidestart|p2: beckhazel|move: Stealth Rock\n|\n|-heal|p1a: the noodler|50\/100|[from] item: Leftovers\n|-damage|p2a: stan loona|61\/100|[from] move: Infestation|[partiallytrapped]\n|upkeep\n|turn|4\n|\n|t:|1700951399\n|move|p2a: stan loona|Expanding Force|p1a: the noodler\n|-damage|p1a: the noodler|16\/100\n|move|p1a: the noodler|Toxic|p2a: stan loona\n|-status|p2a: stan loona|tox\n|\n|-heal|p1a: the noodler|22\/100|[from] item: Leftovers\n|-damage|p2a: stan loona|55\/100 tox|[from] psn\n|-damage|p2a: stan loona|42\/100 tox|[from] move: Infestation|[partiallytrapped]\n|upkeep\n|turn|5\n|\n|t:|1700951409\n|switch|p1a: soggy meganium|Cradily, F|100\/100\n|move|p2a: stan loona|Aromatherapy|p2a: stan loona\n|-activate|p2a: stan loona|move: Aromatherapy\n|-curestatus|p2a: stan loona|tox|[msg]\n|\n|-end|p2a: stan loona|Infestation|[partiallytrapped]|[silent]\n|upkeep\n|turn|6\n|\n|t:|1700951427\n|switch|p2a: oogi|Farigiraf, F|100\/100\n|-activate|p2a: oogi|move: Sticky Web\n|-unboost|p2a: oogi|spe|1\n|-damage|p2a: oogi|88\/100|[from] Stealth Rock\n|switch|p1a: mr prickles|Tyranitar, F|100\/100\n|-weather|Sandstorm|[from] ability: Sand Stream|[of] p1a: mr prickles\n|\n|-weather|Sandstorm|[upkeep]\n|-damage|p2a: oogi|82\/100|[from] Sandstorm\n|-heal|p2a: oogi|88\/100|[from] item: Leftovers\n|-sideend|p2: beckhazel|move: Light Screen\n|upkeep\n|turn|7\n|\n|t:|1700951451\n|move|p1a: mr prickles|Crunch|p2a: oogi\n|-supereffective|p2a: oogi\n|-damage|p2a: oogi|0 fnt\n|faint|p2a: oogi\n|\n|-weather|Sandstorm|[upkeep]\n|upkeep\n|\n|t:|1700951478\n|switch|p2a: that dawg in em|Stoutland, F|100\/100\n|-activate|p2a: that dawg in em|move: Sticky Web\n|-unboost|p2a: that dawg in em|spe|1\n|-damage|p2a: that dawg in em|88\/100|[from] Stealth Rock\n|turn|8\n|\n|t:|1700951485\n|switch|p1a: BIG GUY|Garganacl, F|100\/100\n|move|p2a: that dawg in em|U-turn|p1a: BIG GUY\n|-damage|p1a: BIG GUY|93\/100\n|-damage|p2a: that dawg in em|72\/100|[from] item: Rocky Helmet|[of] p1a: BIG GUY\n|\n|t:|1700951495\n|switch|p2a: fat ass rat|Raticate-Alola, F|100\/100|[from] U-turn\n|-activate|p2a: fat ass rat|move: Sticky Web\n|-unboost|p2a: fat ass rat|spe|1\n|-damage|p2a: fat ass rat|88\/100|[from] Stealth Rock\n|\n|-weather|Sandstorm|[upkeep]\n|-damage|p2a: fat ass rat|82\/100|[from] Sandstorm\n|-heal|p2a: fat ass rat|88\/100|[from] item: Leftovers\n|-fieldend|move: Psychic Terrain\n|upkeep\n|turn|9\n|\n|t:|1700951505\n|move|p2a: fat ass rat|Knock Off|p1a: BIG GUY\n|-damage|p1a: BIG GUY|75\/100\n|-damage|p2a: fat ass rat|71\/100|[from] item: Rocky Helmet|[of] p1a: BIG GUY\n|-enditem|p1a: BIG GUY|Rocky Helmet|[from] move: Knock Off|[of] p2a: fat ass rat\n|move|p1a: BIG GUY|Body Press|p2a: fat ass rat\n|-supereffective|p2a: fat ass rat\n|-damage|p2a: fat ass rat|0 fnt\n|faint|p2a: fat ass rat\n|\n|-weather|Sandstorm|[upkeep]\n|upkeep\n|\n|t:|1700951534\n|switch|p2a: that dawg in em|Stoutland, F|100\/100\n|-activate|p2a: that dawg in em|move: Sticky Web\n|-unboost|p2a: that dawg in em|spe|1\n|-damage|p2a: that dawg in em|88\/100|[from] Stealth Rock\n|turn|10\n|\n|t:|1700951540\n|move|p1a: BIG GUY|Protect|p1a: BIG GUY\n|-singleturn|p1a: BIG GUY|Protect\n|move|p2a: that dawg in em|Iron Head|p1a: BIG GUY\n|-activate|p1a: BIG GUY|move: Protect\n|\n|-weather|none\n|upkeep\n|turn|11\n|\n|t:|1700951568\n|move|p2a: that dawg in em|Iron Head|p1a: BIG GUY\n|-supereffective|p1a: BIG GUY\n|-damage|p1a: BIG GUY|45\/100\n|-damage|p2a: that dawg in em|78\/100|[from] item: Life Orb\n|move|p1a: BIG GUY|Salt Cure|p2a: that dawg in em\n|-damage|p2a: that dawg in em|61\/100\n|-start|p2a: that dawg in em|Salt Cure\n|\n|-damage|p2a: that dawg in em|48\/100|[from] Salt Cure\n|upkeep\n|turn|12\n|\n|t:|1700951581\n|move|p2a: that dawg in em|Iron Head|p1a: BIG GUY\n|-supereffective|p1a: BIG GUY\n|-damage|p1a: BIG GUY|11\/100\n|-damage|p2a: that dawg in em|38\/100|[from] item: Life Orb\n|cant|p1a: BIG GUY|flinch\n|\n|-damage|p2a: that dawg in em|26\/100|[from] Salt Cure\n|upkeep\n|turn|13\n|\n|t:|1700951590\n|move|p1a: BIG GUY|Protect|p1a: BIG GUY\n|-singleturn|p1a: BIG GUY|Protect\n|move|p2a: that dawg in em|Iron Head|p1a: BIG GUY\n|-activate|p1a: BIG GUY|move: Protect\n|\n|-damage|p2a: that dawg in em|14\/100|[from] Salt Cure\n|upkeep\n|turn|14\n|\n|t:|1700951605\n|switch|p2a: Swiss Army Knife\u2122|Cinccino, F|100\/100\n|-activate|p2a: Swiss Army Knife\u2122|move: Sticky Web\n|-unboost|p2a: Swiss Army Knife\u2122|spe|1\n|-damage|p2a: Swiss Army Knife\u2122|88\/100|[from] Stealth Rock\n|move|p1a: BIG GUY|Protect||[still]\n|-fail|p1a: BIG GUY\n|\n|upkeep\n|turn|15\n|\n|t:|1700951622\n|move|p2a: Swiss Army Knife\u2122|Bullet Seed|p1a: BIG GUY\n|-supereffective|p1a: BIG GUY\n|-damage|p1a: BIG GUY|0 fnt\n|faint|p1a: BIG GUY\n|-hitcount|p1: BIG GUY|1\n|\n|upkeep\n|\n|t:|1700951649\n|switch|p1a: soggy meganium|Cradily, F|100\/100\n|turn|16\n|\n|t:|1700951658\n|move|p2a: Swiss Army Knife\u2122|Bullet Seed|p1a: soggy meganium\n|-damage|p1a: soggy meganium|90\/100\n|-damage|p1a: soggy meganium|81\/100\n|-damage|p1a: soggy meganium|71\/100\n|-damage|p1a: soggy meganium|61\/100\n|-damage|p1a: soggy meganium|51\/100\n|-hitcount|p1a: soggy meganium|5\n|move|p1a: soggy meganium|Leech Seed|p2a: Swiss Army Knife\u2122|[miss]\n|-miss|p1a: soggy meganium|p2a: Swiss Army Knife\u2122\n|\n|-heal|p1a: soggy meganium|57\/100|[from] item: Leftovers\n|upkeep\n|turn|17\n|\n|t:|1700951680\n|move|p2a: Swiss Army Knife\u2122|Bullet Seed|p1a: soggy meganium\n|-damage|p1a: soggy meganium|47\/100\n|-damage|p1a: soggy meganium|38\/100\n|-damage|p1a: soggy meganium|28\/100\n|-damage|p1a: soggy meganium|18\/100\n|-hitcount|p1a: soggy meganium|4\n|move|p1a: soggy meganium|Leech Seed|p2a: Swiss Army Knife\u2122\n|-start|p2a: Swiss Army Knife\u2122|move: Leech Seed\n|\n|-heal|p1a: soggy meganium|24\/100|[from] item: Leftovers\n|-damage|p2a: Swiss Army Knife\u2122|76\/100|[from] Leech Seed|[of] p1a: soggy meganium\n|-heal|p1a: soggy meganium|34\/100|[silent]\n|upkeep\n|turn|18\n|\n|t:|1700951707\n|switch|p1a: the noodler|Shuckle, F|22\/100\n|move|p2a: Swiss Army Knife\u2122|Bullet Seed|p1a: the noodler\n|-damage|p1a: the noodler|16\/100\n|-damage|p1a: the noodler|10\/100\n|-damage|p1a: the noodler|4\/100\n|-damage|p1a: the noodler|0 fnt\n|faint|p1a: the noodler\n|-hitcount|p1: the noodler|4\n|\n|upkeep\n|\n|t:|1700951719\n|switch|p1a: dogtective|Arcanine-Hisui, F|100\/100\n|turn|19\n|\n|t:|1700951742\n|move|p1a: dogtective|Flare Blitz|p2a: Swiss Army Knife\u2122\n|-damage|p2a: Swiss Army Knife\u2122|0 fnt\n|faint|p2a: Swiss Army Knife\u2122\n|\n|upkeep\n|\n|t:|1700951763\n|switch|p2a: that dawg in em|Stoutland, F|14\/100\n|-activate|p2a: that dawg in em|move: Sticky Web\n|-unboost|p2a: that dawg in em|spe|1\n|-damage|p2a: that dawg in em|2\/100|[from] Stealth Rock\n|turn|20\n|\n|t:|1700951773\n|move|p1a: dogtective|Flare Blitz|p2a: that dawg in em\n|-damage|p2a: that dawg in em|0 fnt\n|faint|p2a: that dawg in em\n|\n|upkeep\n|\n|t:|1700951778\n|switch|p2a: stan loona|Indeedee-F, F|42\/100\n|-activate|p2a: stan loona|move: Sticky Web\n|-unboost|p2a: stan loona|spe|1\n|-damage|p2a: stan loona|30\/100|[from] Stealth Rock\n|-fieldstart|move: Psychic Terrain|[from] ability: Psychic Surge|[of] p2a: stan loona\n|turn|21\n|\n|t:|1700951786\n|move|p1a: dogtective|Flare Blitz|p2a: stan loona\n|-damage|p2a: stan loona|0 fnt\n|faint|p2a: stan loona\n|\n|upkeep\n|\n|t:|1700951790\n|switch|p2a: Zoroark|Zoroark-Hisui, F, shiny|72\/100\n|-activate|p2a: Zoroark|move: Sticky Web\n|-unboost|p2a: Zoroark|spe|1\n|-damage|p2a: Zoroark|59\/100|[from] Stealth Rock\n|turn|22\n|\n|t:|1700951802\n|move|p1a: dogtective|Flare Blitz|p2a: Zoroark\n|-damage|p2a: Zoroark|0 fnt\n|faint|p2a: Zoroark\n|\n|win|Myrgetabrakke\n|l|\u2606Myrgetabrakke\n","uploadtime":1700951826,"views":2,"p1id":"myrgetabrakke","p2id":"beckhazel","formatid":"gen9nationaldex","rating":0,"private":0,"password":""}