{"id":"gen9nationaldex-1992104393","p1":"KonpakuYuan","p2":"mtyqjltz5","format":"[Gen 9] National Dex","log":"|j|\u2606KonpakuYuan\n|j|\u2606mtyqjltz5\n|t:|1700155452\n|gametype|singles\n|player|p1|KonpakuYuan|lady|1344\n|player|p2|mtyqjltz5|elesa|1419\n|teamsize|p1|6\n|teamsize|p2|6\n|gen|9\n|tier|[Gen 9] National Dex\n|rated|\n|rule|HP Percentage Mod: HP is shown in percentages\n|rule|Endless Battle Clause: Forcing endless battles is banned\n|rule|OHKO Clause: OHKO moves are banned\n|rule|Evasion Clause: Evasion abilities, items, and moves are banned\n|rule|Evasion Abilities Clause: Evasion abilities are banned\n|rule|Evasion Items Clause: Evasion items are banned\n|rule|Evasion Moves Clause: Evasion moves are banned\n|rule|Species Clause: Limit one of each Pok\u00e9mon\n|rule|Sleep Clause Mod: Limit one foe put to sleep\n|clearpoke\n|poke|p1|Garchomp, M|\n|poke|p1|Iron Valiant|\n|poke|p1|Banette, M|\n|poke|p1|Tapu Koko|\n|poke|p1|Corviknight, M|\n|poke|p1|Iron Moth|\n|poke|p2|Pidgeot, M|\n|poke|p2|Heatran, M|\n|poke|p2|Tapu Bulu|\n|poke|p2|Slowking-Galar, M|\n|poke|p2|Xurkitree|\n|poke|p2|Great Tusk|\n|teampreview\n|inactive|Battle timer is ON: inactive players will automatically lose when time's up. (requested by mtyqjltz5)\n|\n|t:|1700155462\n|start\n|switch|p1a: Garchomp|Garchomp, M|100\/100\n|switch|p2a: Tapu Bulu|Tapu Bulu|100\/100\n|-fieldstart|move: Grassy Terrain|[from] ability: Grassy Surge|[of] p2a: Tapu Bulu\n|turn|1\n|\n|t:|1700155475\n|switch|p1a: Iron Moth|Iron Moth|100\/100\n|move|p2a: Tapu Bulu|Leech Seed|p1a: Iron Moth\n|-start|p1a: Iron Moth|move: Leech Seed\n|\n|-damage|p1a: Iron Moth|88\/100|[from] Leech Seed|[of] p2a: Tapu Bulu\n|upkeep\n|turn|2\n|\n|t:|1700155490\n|switch|p2a: Heatran|Heatran, M|100\/100\n|move|p1a: Iron Moth|Sludge Wave|p2a: Heatran\n|-immune|p2a: Heatran\n|\n|-heal|p1a: Iron Moth|94\/100|[from] Grassy Terrain\n|-damage|p1a: Iron Moth|82\/100|[from] Leech Seed|[of] p2a: Heatran\n|upkeep\n|turn|3\n|\n|t:|1700155503\n|-end|p1a: Iron Moth|Quark Drive|[silent]\n|switch|p1a: Garchomp|Garchomp, M|100\/100\n|move|p2a: Heatran|Earth Power|p1a: Garchomp\n|-damage|p1a: Garchomp|70\/100\n|\n|-heal|p1a: Garchomp|76\/100|[from] Grassy Terrain\n|upkeep\n|turn|4\n|\n|t:|1700155522\n|switch|p2a: Tapu Bulu|Tapu Bulu|100\/100\n|move|p1a: Garchomp|Stealth Rock|p2a: Tapu Bulu\n|-sidestart|p2: mtyqjltz5|move: Stealth Rock\n|\n|-heal|p1a: Garchomp|83\/100|[from] Grassy Terrain\n|upkeep\n|turn|5\n|\n|t:|1700155532\n|switch|p1a: Tapu Koko|Tapu Koko|100\/100\n|-fieldstart|move: Electric Terrain|[from] ability: Electric Surge|[of] p1a: Tapu Koko\n|move|p2a: Tapu Bulu|Stone Edge|p1a: Tapu Koko\n|-damage|p1a: Tapu Koko|60\/100\n|\n|upkeep\n|turn|6\n|\n|t:|1700155542\n|switch|p2a: Heatran|Heatran, M|100\/100\n|-damage|p2a: Heatran|88\/100|[from] Stealth Rock\n|move|p1a: Tapu Koko|U-turn|p2a: Heatran\n|-resisted|p2a: Heatran\n|-damage|p2a: Heatran|85\/100\n|\n|t:|1700155550\n|switch|p1a: Iron Valiant|Iron Valiant|100\/100|[from] U-turn\n|-activate|p1a: Iron Valiant|ability: Quark Drive\n|-start|p1a: Iron Valiant|quarkdrivespe\n|\n|-heal|p2a: Heatran|91\/100|[from] item: Leftovers\n|upkeep\n|turn|7\n|\n|t:|1700155561\n|-terastallize|p2a: Heatran|Grass\n|move|p1a: Iron Valiant|Close Combat|p2a: Heatran\n|-crit|p2a: Heatran\n|-damage|p2a: Heatran|10\/100\n|-unboost|p1a: Iron Valiant|def|1\n|-unboost|p1a: Iron Valiant|spd|1\n|move|p2a: Heatran|Magma Storm|p1a: Iron Valiant\n|-damage|p1a: Iron Valiant|0 fnt\n|faint|p1a: Iron Valiant\n|-end|p1a: Iron Valiant|Quark Drive|[silent]\n|\n|-heal|p2a: Heatran|16\/100|[from] item: Leftovers\n|upkeep\n|\n|t:|1700155573\n|switch|p1a: Iron Moth|Iron Moth|82\/100\n|-activate|p1a: Iron Moth|ability: Quark Drive\n|-start|p1a: Iron Moth|quarkdrivespa\n|turn|8\n|\n|t:|1700155591\n|move|p1a: Iron Moth|Sludge Wave|p2a: Heatran\n|-supereffective|p2a: Heatran\n|-crit|p2a: Heatran\n|-damage|p2a: Heatran|0 fnt\n|faint|p2a: Heatran\n|\n|upkeep\n|\n|t:|1700155605\n|switch|p2a: Slowking|Slowking-Galar, M, shiny|100\/100\n|turn|9\n|\n|t:|1700155611\n|move|p1a: Iron Moth|U-turn|p2a: Slowking\n|-damage|p2a: Slowking|90\/100\n|\n|t:|1700155617\n|-end|p1a: Iron Moth|Quark Drive|[silent]\n|switch|p1a: Banette|Banette, M|100\/100|[from] U-turn\n|-item|p2a: Slowking|Heavy-Duty Boots|[from] ability: Frisk|[of] p1a: Banette|[identify]\n|move|p2a: Slowking|Future Sight|p1a: Banette\n|-start|p2a: Slowking|move: Future Sight\n|\n|upkeep\n|turn|10\n|\n|t:|1700155624\n|switch|p2a: Pidgeot|Pidgeot, M, shiny|100\/100\n|-damage|p2a: Pidgeot|76\/100|[from] Stealth Rock\n|detailschange|p1a: Banette|Banette-Mega, M\n|-mega|p1a: Banette|Banette|Banettite\n|move|p1a: Banette|Poltergeist|p2a: Pidgeot\n|-immune|p2a: Pidgeot\n|\n|upkeep\n|turn|11\n|\n|t:|1700155630\n|detailschange|p2a: Pidgeot|Pidgeot-Mega, M, shiny\n|-mega|p2a: Pidgeot|Pidgeot|Pidgeotite\n|move|p1a: Banette|Destiny Bond|p1a: Banette\n|-singlemove|p1a: Banette|Destiny Bond\n|move|p2a: Pidgeot|Hurricane|p1a: Banette\n|-damage|p1a: Banette|13\/100\n|\n|-end|p1a: Banette|move: Future Sight\n|-damage|p1a: Banette|0 fnt\n|faint|p1a: Banette\n|upkeep\n|\n|t:|1700155641\n|switch|p1a: Tapu Koko|Tapu Koko|60\/100\n|turn|12\n|\n|t:|1700155647\n|switch|p2a: Tapu Bulu|Tapu Bulu|100\/100\n|-damage|p2a: Tapu Bulu|88\/100|[from] Stealth Rock\n|-fieldstart|move: Grassy Terrain|[from] ability: Grassy Surge|[of] p2a: Tapu Bulu\n|move|p1a: Tapu Koko|Grass Knot|p2a: Tapu Bulu\n|-resisted|p2a: Tapu Bulu\n|-damage|p2a: Tapu Bulu|77\/100\n|\n|-heal|p1a: Tapu Koko|66\/100|[from] Grassy Terrain\n|-heal|p2a: Tapu Bulu|83\/100|[from] Grassy Terrain\n|-heal|p2a: Tapu Bulu|89\/100|[from] item: Leftovers\n|upkeep\n|turn|13\n|\n|t:|1700155659\n|move|p1a: Tapu Koko|U-turn|p2a: Tapu Bulu\n|-damage|p2a: Tapu Bulu|79\/100\n|\n|t:|1700155670\n|switch|p1a: Iron Moth|Iron Moth|82\/100|[from] U-turn\n|move|p2a: Tapu Bulu|Leech Seed|p1a: Iron Moth\n|-start|p1a: Iron Moth|move: Leech Seed\n|\n|-heal|p1a: Iron Moth|88\/100|[from] Grassy Terrain\n|-heal|p2a: Tapu Bulu|85\/100|[from] Grassy Terrain\n|-heal|p2a: Tapu Bulu|91\/100|[from] item: Leftovers\n|-damage|p1a: Iron Moth|76\/100|[from] Leech Seed|[of] p2a: Tapu Bulu\n|-heal|p2a: Tapu Bulu|100\/100|[silent]\n|upkeep\n|turn|14\n|\n|t:|1700155678\n|switch|p2a: Slowking|Slowking-Galar, M, shiny|100\/100\n|move|p1a: Iron Moth|Overheat|p2a: Slowking\n|-damage|p2a: Slowking|59\/100\n|-unboost|p1a: Iron Moth|spa|2\n|\n|-heal|p1a: Iron Moth|82\/100|[from] Grassy Terrain\n|-heal|p2a: Slowking|65\/100|[from] Grassy Terrain\n|-damage|p1a: Iron Moth|69\/100|[from] Leech Seed|[of] p2a: Slowking\n|-heal|p2a: Slowking|75\/100|[silent]\n|upkeep\n|turn|15\n|\n|t:|1700155684\n|-end|p1a: Iron Moth|Quark Drive|[silent]\n|switch|p1a: Tapu Koko|Tapu Koko|66\/100\n|-fieldstart|move: Electric Terrain|[from] ability: Electric Surge|[of] p1a: Tapu Koko\n|move|p2a: Slowking|Future Sight|p1a: Tapu Koko\n|-start|p2a: Slowking|move: Future Sight\n|\n|upkeep\n|turn|16\n|\n|t:|1700155695\n|move|p1a: Tapu Koko|Thunderbolt|p2a: Slowking\n|-damage|p2a: Slowking|48\/100\n|move|p2a: Slowking|Chilly Reception|p2a: Slowking\n|-weather|Snow\n|\n|t:|1700155703\n|switch|p2a: Tapu Bulu|Tapu Bulu|100\/100|[from] Chilly Reception\n|-damage|p2a: Tapu Bulu|88\/100|[from] Stealth Rock\n|-fieldstart|move: Grassy Terrain|[from] ability: Grassy Surge|[of] p2a: Tapu Bulu\n|\n|-weather|Snow|[upkeep]\n|-heal|p1a: Tapu Koko|72\/100|[from] Grassy Terrain\n|-heal|p2a: Tapu Bulu|94\/100|[from] Grassy Terrain\n|-heal|p2a: Tapu Bulu|99\/100|[from] item: Leftovers\n|upkeep\n|turn|17\n|\n|t:|1700155709\n|switch|p1a: Corviknight|Corviknight, M|100\/100\n|-ability|p1a: Corviknight|Pressure\n|move|p2a: Tapu Bulu|Leech Seed|p1a: Corviknight\n|-start|p1a: Corviknight|move: Leech Seed\n|\n|-weather|Snow|[upkeep]\n|-end|p1a: Corviknight|move: Future Sight\n|-resisted|p1a: Corviknight\n|-damage|p1a: Corviknight|77\/100\n|-heal|p2a: Tapu Bulu|100\/100|[from] Grassy Terrain\n|-damage|p1a: Corviknight|65\/100|[from] Leech Seed|[of] p2a: Tapu Bulu\n|upkeep\n|turn|18\n|\n|t:|1700155728\n|switch|p2a: Xurkitree|Xurkitree, shiny|100\/100\n|-damage|p2a: Xurkitree|88\/100|[from] Stealth Rock\n|move|p1a: Corviknight|Roost|p1a: Corviknight\n|-heal|p1a: Corviknight|100\/100\n|-singleturn|p1a: Corviknight|move: Roost\n|\n|-weather|Snow|[upkeep]\n|-heal|p2a: Xurkitree|94\/100|[from] Grassy Terrain\n|-damage|p1a: Corviknight|88\/100|[from] Leech Seed|[of] p2a: Xurkitree\n|-heal|p2a: Xurkitree|100\/100|[silent]\n|upkeep\n|turn|19\n|\n|t:|1700155735\n|-terastallize|p1a: Corviknight|Dragon\n|-zpower|p2a: Xurkitree\n|move|p2a: Xurkitree|Z-Hypnosis|p1a: Corviknight|[anim]Hypnosis\n|-boost|p2a: Xurkitree|spe|1|[zeffect]\n|-status|p1a: Corviknight|slp|[from] move: Hypnosis\n|cant|p1a: Corviknight|slp\n|\n|-weather|Snow|[upkeep]\n|-heal|p1a: Corviknight|94\/100 slp|[from] Grassy Terrain\n|-damage|p1a: Corviknight|82\/100 slp|[from] Leech Seed|[of] p2a: Xurkitree\n|upkeep\n|turn|20\n|\n|t:|1700155745\n|move|p2a: Xurkitree|Tail Glow|p2a: Xurkitree\n|-boost|p2a: Xurkitree|spa|3\n|-curestatus|p1a: Corviknight|slp|[msg]\n|move|p1a: Corviknight|U-turn|p2a: Xurkitree\n|-damage|p2a: Xurkitree|79\/100\n|\n|t:|1700155756\n|switch|p1a: Garchomp|Garchomp, M|83\/100|[from] U-turn\n|\n|-weather|none\n|-heal|p2a: Xurkitree|85\/100|[from] Grassy Terrain\n|-heal|p1a: Garchomp|89\/100|[from] Grassy Terrain\n|-fieldend|move: Grassy Terrain\n|upkeep\n|turn|21\n|\n|t:|1700155762\n|move|p2a: Xurkitree|Hidden Power|p1a: Garchomp\n|-supereffective|p1a: Garchomp\n|-damage|p1a: Garchomp|0 fnt\n|faint|p1a: Garchomp\n|-ability|p2a: Xurkitree|Beast Boost|boost\n|-boost|p2a: Xurkitree|spa|1\n|\n|upkeep\n|-message|KonpakuYuan forfeited.\n|\n|win|mtyqjltz5\n|raw|KonpakuYuan's rating: 1344 &rarr; <strong>1328<\/strong><br \/>(-16 for losing)\n|raw|mtyqjltz5's rating: 1419 &rarr; <strong>1435<\/strong><br \/>(+16 for winning)\n|l|\u2606KonpakuYuan\n","uploadtime":1700155778,"views":4,"p1id":"konpakuyuan","p2id":"mtyqjltz5","formatid":"gen9nationaldex","rating":1328,"private":0,"password":""}