{"id":"gen9nationaldex-1987402441","p1":"SpecsGastr0","p2":"wutuobangzhongren","format":"[Gen 9] National Dex","log":"|j|\u2606SpecsGastr0\n|j|\u2606wutuobangzhongren\n|t:|1699586722\n|gametype|singles\n|player|p1|SpecsGastr0|colress|1149\n|player|p2|wutuobangzhongren|caitlin|1125\n|teamsize|p1|6\n|teamsize|p2|6\n|gen|9\n|tier|[Gen 9] National Dex\n|rated|\n|rule|HP Percentage Mod: HP is shown in percentages\n|rule|Endless Battle Clause: Forcing endless battles is banned\n|rule|OHKO Clause: OHKO moves are banned\n|rule|Evasion Clause: Evasion abilities, items, and moves are banned\n|rule|Evasion Abilities Clause: Evasion abilities are banned\n|rule|Evasion Items Clause: Evasion items are banned\n|rule|Evasion Moves Clause: Evasion moves are banned\n|rule|Species Clause: Limit one of each Pok\u00e9mon\n|rule|Sleep Clause Mod: Limit one foe put to sleep\n|clearpoke\n|poke|p1|Bellibolt, F|\n|poke|p1|Slowbro, F|\n|poke|p1|Arcanine-Hisui, M|\n|poke|p1|Swampert, M|\n|poke|p1|Lurantis, F|\n|poke|p1|Drifblim, M|\n|poke|p2|Banette, M|\n|poke|p2|Chandelure, M|\n|poke|p2|Iron Valiant|\n|poke|p2|Ribombee, M|\n|poke|p2|Runerigus, F|\n|poke|p2|Togedemaru, M|\n|teampreview\n|inactive|Battle timer is ON: inactive players will automatically lose when time's up. (requested by wutuobangzhongren)\n|\n|t:|1699586752\n|start\n|switch|p1a: Suwako|Bellibolt, F|100\/100\n|switch|p2a: Ribombee|Ribombee, M|100\/100\n|turn|1\n|\n|t:|1699586759\n|move|p2a: Ribombee|Sticky Web|p1a: Suwako\n|-sidestart|p1: SpecsGastr0|move: Sticky Web\n|move|p1a: Suwako|Thunderbolt|p2a: Ribombee\n|-damage|p2a: Ribombee|48\/100\n|\n|upkeep\n|turn|2\n|\n|t:|1699586768\n|move|p2a: Ribombee|Quiver Dance|p2a: Ribombee\n|-boost|p2a: Ribombee|spa|1\n|-boost|p2a: Ribombee|spd|1\n|-boost|p2a: Ribombee|spe|1\n|move|p1a: Suwako|Volt Switch|p2a: Ribombee\n|-damage|p2a: Ribombee|19\/100\n|\n|t:|1699586776\n|switch|p1a: Lieutenant Garr|Arcanine-Hisui, M|100\/100|[from] Volt Switch\n|-activate|p1a: Lieutenant Garr|move: Sticky Web\n|-unboost|p1a: Lieutenant Garr|spe|1\n|\n|upkeep\n|turn|3\n|\n|t:|1699586787\n|move|p2a: Ribombee|Moonblast|p1a: Lieutenant Garr\n|-resisted|p1a: Lieutenant Garr\n|-damage|p1a: Lieutenant Garr|66\/100\n|move|p1a: Lieutenant Garr|Head Smash|p2a: Ribombee\n|-supereffective|p2a: Ribombee\n|-damage|p2a: Ribombee|0 fnt\n|faint|p2a: Ribombee\n|\n|upkeep\n|\n|t:|1699586795\n|switch|p2a: Runerigus|Runerigus, F|100\/100\n|turn|4\n|\n|t:|1699586805\n|switch|p1a: Hot Pants|Lurantis, F|100\/100\n|-activate|p1a: Hot Pants|move: Sticky Web\n|-boost|p1a: Hot Pants|spe|1\n|move|p2a: Runerigus|Stealth Rock|p1a: Hot Pants\n|-sidestart|p1: SpecsGastr0|move: Stealth Rock\n|\n|upkeep\n|turn|5\n|\n|t:|1699586811\n|move|p1a: Hot Pants|Defog|p2a: Runerigus\n|-unboost|p2a: Runerigus|evasion|1\n|-sideend|p1: SpecsGastr0|Stealth Rock|[from] move: Defog|[of] p1a: Hot Pants\n|-sideend|p1: SpecsGastr0|Sticky Web|[from] move: Defog|[of] p1a: Hot Pants\n|move|p2a: Runerigus|Will-O-Wisp|p1a: Hot Pants|[miss]\n|-miss|p2a: Runerigus|p1a: Hot Pants\n|\n|upkeep\n|turn|6\n|\n|t:|1699586821\n|switch|p1a: Hisoutensoku|Drifblim, M, shiny|100\/100\n|move|p2a: Runerigus|Will-O-Wisp|p1a: Hisoutensoku\n|-status|p1a: Hisoutensoku|brn\n|\n|-damage|p1a: Hisoutensoku|94\/100 brn|[from] brn\n|upkeep\n|turn|7\n|\n|t:|1699586839\n|switch|p2a: Togedemaru|Togedemaru, M|100\/100\n|move|p1a: Hisoutensoku|Shadow Ball|p2a: Togedemaru\n|-damage|p2a: Togedemaru|31\/100\n|\n|-damage|p1a: Hisoutensoku|88\/100 brn|[from] brn\n|upkeep\n|turn|8\n|\n|t:|1699586859\n|switch|p1a: Suwako|Bellibolt, F|100\/100\n|move|p2a: Togedemaru|Nuzzle|p1a: Suwako\n|-resisted|p1a: Suwako\n|-damage|p1a: Suwako|96\/100\n|-start|p1a: Suwako|Charge|Nuzzle|[from] ability: Electromorphosis\n|\n|-heal|p1a: Suwako|100\/100|[from] item: Leftovers\n|upkeep\n|turn|9\n|\n|t:|1699586869\n|move|p2a: Togedemaru|Endeavor|p1a: Suwako\n|-damage|p1a: Suwako|25\/100\n|-start|p1a: Suwako|Charge|Endeavor|[from] ability: Electromorphosis\n|move|p1a: Suwako|Thunderbolt|p2a: Togedemaru\n|-resisted|p2a: Togedemaru\n|-damage|p2a: Togedemaru|0 fnt\n|faint|p2a: Togedemaru\n|-end|p1a: Suwako|Charge|[silent]\n|\n|-heal|p1a: Suwako|31\/100|[from] item: Leftovers\n|upkeep\n|\n|t:|1699586881\n|switch|p2a: Banette|Banette, M|100\/100\n|turn|10\n|\n|t:|1699586904\n|detailschange|p2a: Banette|Banette-Mega, M\n|-mega|p2a: Banette|Banette|Banettite\n|move|p2a: Banette|Poltergeist|p1a: Suwako\n|-activate|p1a: Suwako|move: Poltergeist|Leftovers\n|-damage|p1a: Suwako|0 fnt\n|faint|p1a: Suwako\n|\n|upkeep\n|inactive|SpecsGastr0 has 120 seconds left.\n|\n|t:|1699586932\n|switch|p1a: Lieutenant Garr|Arcanine-Hisui, M|66\/100\n|turn|11\n|\n|t:|1699586939\n|switch|p2a: Runerigus|Runerigus, F|100\/100\n|move|p1a: Lieutenant Garr|Head Smash|p2a: Runerigus|[miss]\n|-miss|p1a: Lieutenant Garr|p2a: Runerigus\n|\n|upkeep\n|turn|12\n|inactive|SpecsGastr0 has 120 seconds left.\n|\n|t:|1699586948\n|switch|p1a: Hot Pants|Lurantis, F|100\/100\n|move|p2a: Runerigus|Earthquake|p1a: Hot Pants\n|-resisted|p1a: Hot Pants\n|-damage|p1a: Hot Pants|83\/100\n|\n|-heal|p1a: Hot Pants|89\/100|[from] item: Leftovers\n|upkeep\n|turn|13\n|\n|t:|1699586959\n|switch|p2a: Chandelure|Chandelure, M|100\/100\n|move|p1a: Hot Pants|Leaf Storm|p2a: Chandelure\n|-resisted|p2a: Chandelure\n|-damage|p2a: Chandelure|72\/100\n|-boost|p1a: Hot Pants|spa|2\n|\n|-heal|p1a: Hot Pants|96\/100|[from] item: Leftovers\n|upkeep\n|turn|14\n|\n|t:|1699586972\n|switch|p1a: Slowsis|Slowbro, F, shiny|100\/100\n|-terastallize|p2a: Chandelure|Ghost\n|move|p2a: Chandelure|Shadow Ball|p1a: Slowsis\n|-supereffective|p1a: Slowsis\n|-damage|p1a: Slowsis|0 fnt\n|faint|p1a: Slowsis\n|\n|upkeep\n|inactive|SpecsGastr0 has 120 seconds left.\n|\n|t:|1699587005\n|switch|p1a: Lieutenant Garr|Arcanine-Hisui, M|66\/100\n|turn|15\n|\n|t:|1699587016\n|switch|p2a: Runerigus|Runerigus, F|100\/100\n|move|p1a: Lieutenant Garr|Head Smash|p2a: Runerigus\n|-resisted|p2a: Runerigus\n|-damage|p2a: Runerigus|70\/100\n|-activate|p2a: Runerigus|ability: Wandering Spirit|Rock Head|Wandering Spirit|[of] p1a: Lieutenant Garr\n|-damage|p1a: Lieutenant Garr|51\/100|[from] Recoil\n|\n|-heal|p2a: Runerigus|76\/100|[from] item: Leftovers\n|upkeep\n|turn|16\n|\n|t:|1699587037\n|switch|p1a: Hisoutensoku|Drifblim, M, shiny|88\/100 brn\n|switch|p2a: Iron Valiant|Iron Valiant|100\/100\n|-enditem|p2a: Iron Valiant|Booster Energy\n|-activate|p2a: Iron Valiant|ability: Quark Drive|[fromitem]\n|-start|p2a: Iron Valiant|quarkdrivespe\n|\n|-damage|p1a: Hisoutensoku|82\/100 brn|[from] brn\n|upkeep\n|turn|17\n|inactive|SpecsGastr0 has 90 seconds left.\n|\n|t:|1699587061\n|switch|p1a: Hot Pants|Lurantis, F|96\/100\n|move|p2a: Iron Valiant|Moonblast|p1a: Hot Pants\n|-damage|p1a: Hot Pants|41\/100\n|\n|-heal|p1a: Hot Pants|47\/100|[from] item: Leftovers\n|upkeep\n|turn|18\n|inactive|SpecsGastr0 has 90 seconds left.\n|\n|t:|1699587072\n|move|p2a: Iron Valiant|Moonblast|p1a: Hot Pants\n|-damage|p1a: Hot Pants|0 fnt\n|faint|p1a: Hot Pants\n|\n|upkeep\n|\n|t:|1699587084\n|switch|p1a: Potemkin|Swampert, M|100\/100\n|turn|19\n|\n|t:|1699587107\n|-end|p2a: Iron Valiant|Quark Drive|[silent]\n|switch|p2a: Runerigus|Runerigus, F|76\/100\n|detailschange|p1a: Potemkin|Swampert-Mega, M\n|-mega|p1a: Potemkin|Swampert|Swampertite\n|move|p1a: Potemkin|Earthquake|p2a: Runerigus\n|-damage|p2a: Runerigus|38\/100\n|\n|-heal|p2a: Runerigus|45\/100|[from] item: Leftovers\n|upkeep\n|turn|20\n|inactive|SpecsGastr0 has 90 seconds left.\n|\n|t:|1699587116\n|move|p1a: Potemkin|Liquidation|p2a: Runerigus\n|-supereffective|p2a: Runerigus\n|-damage|p2a: Runerigus|0 fnt\n|-activate|p2a: Runerigus|ability: Wandering Spirit|Swift Swim|Wandering Spirit|[of] p1a: Potemkin\n|faint|p2a: Runerigus\n|\n|upkeep\n|\n|t:|1699587124\n|switch|p2a: Chandelure|Chandelure, M, tera:Ghost|72\/100\n|turn|21\n|\n|t:|1699587136\n|move|p2a: Chandelure|Energy Ball|p1a: Potemkin\n|-supereffective|p1a: Potemkin\n|-damage|p1a: Potemkin|0 fnt\n|faint|p1a: Potemkin\n|\n|upkeep\n|\n|t:|1699587143\n|switch|p1a: Lieutenant Garr|Arcanine-Hisui, M|51\/100\n|turn|22\n|\n|t:|1699587149\n|switch|p2a: Banette|Banette-Mega, M|100\/100\n|move|p1a: Lieutenant Garr|Flare Blitz|p2a: Banette\n|-damage|p2a: Banette|0 fnt\n|faint|p2a: Banette\n|\n|upkeep\n|\n|t:|1699587152\n|switch|p2a: Iron Valiant|Iron Valiant|100\/100\n|turn|23\n|\n|t:|1699587161\n|move|p2a: Iron Valiant|Destiny Bond|p2a: Iron Valiant\n|-singlemove|p2a: Iron Valiant|Destiny Bond\n|move|p1a: Lieutenant Garr|Flare Blitz|p2a: Iron Valiant\n|-crit|p2a: Iron Valiant\n|-damage|p2a: Iron Valiant|0 fnt\n|faint|p2a: Iron Valiant\n|-activate|p2a: Iron Valiant|move: Destiny Bond\n|-end|p2a: Iron Valiant|Quark Drive|[silent]\n|faint|p1a: Lieutenant Garr\n|\n|upkeep\n|\n|t:|1699587168\n|switch|p2a: Chandelure|Chandelure, M, tera:Ghost|72\/100\n|switch|p1a: Hisoutensoku|Drifblim, M, shiny|82\/100 brn\n|turn|24\n|inactive|SpecsGastr0 has 120 seconds left.\n|\n|t:|1699587175\n|move|p2a: Chandelure|Shadow Ball|p1a: Hisoutensoku\n|-supereffective|p1a: Hisoutensoku\n|-damage|p1a: Hisoutensoku|0 fnt\n|faint|p1a: Hisoutensoku\n|\n|win|wutuobangzhongren\n|raw|SpecsGastr0's rating: 1149 &rarr; <strong>1122<\/strong><br \/>(-27 for losing)\n|raw|wutuobangzhongren's rating: 1125 &rarr; <strong>1152<\/strong><br \/>(+27 for winning)\n|c|\u2606SpecsGastr0|gg\n|l|\u2606wutuobangzhongren\n","uploadtime":1699587183,"views":6,"p1id":"specsgastr0","p2id":"wutuobangzhongren","formatid":"gen9nationaldex","rating":1122,"private":0,"password":""}