{"id":"gen9nationaldex-1997889199","p1":"Gregory Mirabella","p2":"Nonno Sandslash","format":"[Gen 9] National Dex","log":"|html|<div class=\"broadcast-blue\"><strong>[Gen 9] National Dex is currently suspecting Sneasler! For information on how to participate check out the <a href=\"https:\/\/www.smogon.com\/forums\/threads\/sv-national-dex-suspect-8-just-dance.3731534\/\">suspect thread<\/a>.<\/strong><\/div>\n|j|\u2606Gregory Mirabella\n|j|\u2606Nonno Sandslash\n|t:|1700864043\n|gametype|singles\n|player|p1|Gregory Mirabella|lusamine-nihilego|1398\n|player|p2|Nonno Sandslash|wattson|1353\n|teamsize|p1|6\n|teamsize|p2|6\n|gen|9\n|tier|[Gen 9] National Dex\n|rated|\n|rule|HP Percentage Mod: HP is shown in percentages\n|rule|Endless Battle Clause: Forcing endless battles is banned\n|rule|OHKO Clause: OHKO moves are banned\n|rule|Evasion Clause: Evasion abilities, items, and moves are banned\n|rule|Evasion Abilities Clause: Evasion abilities are banned\n|rule|Evasion Items Clause: Evasion items are banned\n|rule|Evasion Moves Clause: Evasion moves are banned\n|rule|Species Clause: Limit one of each Pok\u00e9mon\n|rule|Sleep Clause Mod: Limit one foe put to sleep\n|clearpoke\n|poke|p1|Tyranitar, F|\n|poke|p1|Excadrill, F|\n|poke|p1|Heatran, M|\n|poke|p1|Corviknight, F|\n|poke|p1|Alomomola, F|\n|poke|p1|Aggron, F|\n|poke|p2|Charizard, M|\n|poke|p2|Xatu, F|\n|poke|p2|Galvantula, F|\n|poke|p2|Shaymin|\n|poke|p2|Tentacruel, M|\n|poke|p2|Mamoswine, M|\n|teampreview\n|c|\u2606Gregory Mirabella|glhf\n|inactive|Battle timer is ON: inactive players will automatically lose when time's up. (requested by Nonno Sandslash)\n|\n|t:|1700864056\n|start\n|switch|p1a: Colossus|Tyranitar, F, shiny|100\/100\n|switch|p2a: Shaymin|Shaymin|100\/100\n|-weather|Sandstorm|[from] ability: Sand Stream|[of] p1a: Colossus\n|turn|1\n|c|\u2606Gregory Mirabella|didn't we just battle?\n|\n|t:|1700864068\n|switch|p1a: Cartman|Heatran, M|100\/100\n|move|p2a: Shaymin|Seed Flare|p1a: Cartman\n|-resisted|p1a: Cartman\n|-damage|p1a: Cartman|87\/100\n|-unboost|p1a: Cartman|spd|2\n|\n|-weather|Sandstorm|[upkeep]\n|-damage|p2a: Shaymin|94\/100|[from] Sandstorm\n|-heal|p2a: Shaymin|100\/100|[from] item: Leftovers\n|upkeep\n|turn|2\n|\n|t:|1700864079\n|switch|p2a: Tentacruel|Tentacruel, M|100\/100\n|-item|p2a: Tentacruel|Air Balloon\n|move|p1a: Cartman|Eruption|p2a: Tentacruel\n|-resisted|p2a: Tentacruel\n|-damage|p2a: Tentacruel|70\/100\n|-enditem|p2a: Tentacruel|Air Balloon\n|\n|-weather|Sandstorm|[upkeep]\n|-damage|p2a: Tentacruel|64\/100|[from] Sandstorm\n|upkeep\n|turn|3\n|\n|t:|1700864095\n|switch|p1a: Paths|Alomomola, F, shiny|100\/100\n|-terastallize|p2a: Tentacruel|Water\n|move|p2a: Tentacruel|Scald|p1a: Paths\n|-resisted|p1a: Paths\n|-damage|p1a: Paths|82\/100\n|-status|p1a: Paths|brn\n|\n|-weather|Sandstorm|[upkeep]\n|-damage|p2a: Tentacruel|58\/100|[from] Sandstorm\n|-damage|p1a: Paths|76\/100 brn|[from] Sandstorm\n|-damage|p1a: Paths|70\/100 brn|[from] brn\n|upkeep\n|turn|4\n|\n|t:|1700864108\n|move|p2a: Tentacruel|Rapid Spin|p1a: Paths\n|-damage|p1a: Paths|65\/100 brn\n|-boost|p2a: Tentacruel|spe|1\n|move|p1a: Paths|Flip Turn|p2a: Tentacruel\n|-resisted|p2a: Tentacruel\n|-damage|p2a: Tentacruel|54\/100\n|\n|t:|1700864117\n|switch|p1a: Tybur|Excadrill, F, shiny|100\/100|[from] Flip Turn\n|\n|-weather|Sandstorm|[upkeep]\n|-damage|p2a: Tentacruel|48\/100|[from] Sandstorm\n|upkeep\n|turn|5\n|\n|t:|1700864127\n|move|p1a: Tybur|Earthquake|p2a: Tentacruel\n|-damage|p2a: Tentacruel|0 fnt\n|faint|p2a: Tentacruel\n|\n|-weather|Sandstorm|[upkeep]\n|upkeep\n|\n|t:|1700864134\n|switch|p2a: Shaymin|Shaymin|100\/100\n|turn|6\n|\n|t:|1700864151\n|switch|p1a: Falco|Corviknight, F, shiny|100\/100\n|-ability|p1a: Falco|Pressure\n|move|p2a: Shaymin|Substitute|p2a: Shaymin\n|-start|p2a: Shaymin|Substitute\n|-damage|p2a: Shaymin|76\/100\n|\n|-weather|Sandstorm|[upkeep]\n|-damage|p2a: Shaymin|69\/100|[from] Sandstorm\n|-heal|p2a: Shaymin|76\/100|[from] item: Leftovers\n|upkeep\n|turn|7\n|\n|t:|1700864160\n|move|p2a: Shaymin|Leech Seed|p1a: Falco\n|-start|p1a: Falco|move: Leech Seed\n|move|p1a: Falco|U-turn|p2a: Shaymin\n|-supereffective|p2a: Shaymin\n|-end|p2a: Shaymin|Substitute\n|\n|t:|1700864165\n|switch|p1a: Cartman|Heatran, M|87\/100|[from] U-turn\n|\n|-weather|Sandstorm|[upkeep]\n|-damage|p2a: Shaymin|69\/100|[from] Sandstorm\n|-heal|p2a: Shaymin|76\/100|[from] item: Leftovers\n|upkeep\n|turn|8\n|\n|t:|1700864172\n|switch|p2a: Xatu|Xatu, F|100\/100\n|move|p1a: Cartman|Eruption|p2a: Xatu\n|-damage|p2a: Xatu|21\/100\n|\n|-weather|none\n|upkeep\n|turn|9\n|\n|t:|1700864178\n|move|p2a: Xatu|Protect|p2a: Xatu\n|-singleturn|p2a: Xatu|Protect\n|move|p1a: Cartman|Eruption|p2a: Xatu\n|-activate|p2a: Xatu|move: Protect\n|\n|upkeep\n|turn|10\n|\n|t:|1700864184\n|move|p2a: Xatu|Protect||[still]\n|-fail|p2a: Xatu\n|move|p1a: Cartman|Eruption|p2a: Xatu\n|-damage|p2a: Xatu|0 fnt\n|faint|p2a: Xatu\n|\n|upkeep\n|\n|t:|1700864187\n|switch|p2a: Mamoswine|Mamoswine, M|100\/100\n|turn|11\n|\n|t:|1700864193\n|switch|p1a: Falco|Corviknight, F, shiny|100\/100\n|-ability|p1a: Falco|Pressure\n|move|p2a: Mamoswine|Earthquake|p1a: Falco\n|-immune|p1a: Falco\n|\n|upkeep\n|turn|12\n|\n|t:|1700864200\n|switch|p2a: Galvantula|Galvantula, F, shiny|100\/100\n|move|p1a: Falco|U-turn|p2a: Galvantula\n|-damage|p2a: Galvantula|72\/100\n|\n|t:|1700864215\n|switch|p1a: Cartman|Heatran, M|87\/100|[from] U-turn\n|\n|upkeep\n|turn|13\n|\n|t:|1700864219\n|switch|p2a: Charizard|Charizard, M|100\/100\n|move|p1a: Cartman|Lava Plume|p2a: Charizard\n|-resisted|p2a: Charizard\n|-damage|p2a: Charizard|71\/100\n|\n|upkeep\n|turn|14\n|\n|t:|1700864233\n|move|p1a: Cartman|Lava Plume|p2a: Charizard\n|-resisted|p2a: Charizard\n|-damage|p2a: Charizard|45\/100\n|move|p2a: Charizard|Tailwind|p2a: Charizard\n|-sidestart|p2: Nonno Sandslash|move: Tailwind\n|\n|upkeep\n|turn|15\n|\n|t:|1700864239\n|move|p2a: Charizard|Roost|p2a: Charizard\n|-heal|p2a: Charizard|95\/100\n|-singleturn|p2a: Charizard|move: Roost\n|move|p1a: Cartman|Lava Plume|p2a: Charizard\n|-resisted|p2a: Charizard\n|-damage|p2a: Charizard|68\/100\n|\n|upkeep\n|turn|16\n|\n|t:|1700864247\n|switch|p1a: The Armored|Aggron, F, shiny|100\/100\n|move|p2a: Charizard|Weather Ball|p1a: The Armored\n|-resisted|p1a: The Armored\n|-damage|p1a: The Armored|95\/100\n|\n|upkeep\n|turn|17\n|\n|t:|1700864260\n|switch|p2a: Galvantula|Galvantula, F, shiny|72\/100\n|detailschange|p1a: The Armored|Aggron-Mega, F, shiny\n|-mega|p1a: The Armored|Aggron|Aggronite\n|move|p1a: The Armored|Ice Punch|p2a: Galvantula\n|-damage|p2a: Galvantula|20\/100\n|\n|-sideend|p2: Nonno Sandslash|move: Tailwind\n|upkeep\n|turn|18\n|\n|t:|1700864268\n|move|p2a: Galvantula|Sticky Web|p1a: The Armored\n|-sidestart|p1: Gregory Mirabella|move: Sticky Web\n|move|p1a: The Armored|Ice Punch|p2a: Galvantula\n|-damage|p2a: Galvantula|0 fnt\n|faint|p2a: Galvantula\n|\n|upkeep\n|\n|t:|1700864271\n|switch|p2a: Mamoswine|Mamoswine, M|100\/100\n|turn|19\n|\n|t:|1700864278\n|move|p2a: Mamoswine|Earthquake|p1a: The Armored\n|-supereffective|p1a: The Armored\n|-damage|p1a: The Armored|55\/100\n|move|p1a: The Armored|Body Press|p2a: Mamoswine\n|-supereffective|p2a: Mamoswine\n|-damage|p2a: Mamoswine|14\/100\n|\n|upkeep\n|turn|20\n|-message|Nonno Sandslash forfeited.\n|\n|win|Gregory Mirabella\n|raw|Gregory Mirabella's rating: 1398 &rarr; <strong>1415<\/strong><br \/>(+17 for winning)\n|raw|Nonno Sandslash's rating: 1353 &rarr; <strong>1336<\/strong><br \/>(-17 for losing)\n|l|\u2606Nonno Sandslash\n|c|\u2606Gregory Mirabella|gg\n","uploadtime":1700864288,"views":3,"p1id":"gregorymirabella","p2id":"nonnosandslash","formatid":"gen9nationaldex","rating":1336,"private":0,"password":""}