{"id":"gen9nationaldex-1998920129","p1":"netro1212","p2":"Guest 4393591","format":"[Gen 9] National Dex","log":"|html|<div class=\"broadcast-blue\"><strong>[Gen 9] National Dex is currently suspecting Sneasler! For information on how to participate check out the <a href=\"https:\/\/www.smogon.com\/forums\/threads\/sv-national-dex-suspect-8-just-dance.3731534\/\">suspect thread<\/a>.<\/strong><\/div>\n|j|\u2606netro1212\n|t:|1701013181\n|gametype|singles\n|player|p1|netro1212|1|\n|player|p2|Guest 4393591|alder|\n|teamsize|p1|6\n|teamsize|p2|6\n|gen|9\n|tier|[Gen 9] National Dex\n|rule|HP Percentage Mod: HP is shown in percentages\n|rule|Endless Battle Clause: Forcing endless battles is banned\n|rule|OHKO Clause: OHKO moves are banned\n|rule|Evasion Clause: Evasion abilities, items, and moves are banned\n|rule|Evasion Abilities Clause: Evasion abilities are banned\n|rule|Evasion Items Clause: Evasion items are banned\n|rule|Evasion Moves Clause: Evasion moves are banned\n|rule|Species Clause: Limit one of each Pok\u00e9mon\n|rule|Sleep Clause Mod: Limit one foe put to sleep\n|clearpoke\n|poke|p1|Appletun, M|\n|poke|p1|Kingdra, F|\n|poke|p1|Garchomp, F|\n|poke|p1|Cyclizar, F|\n|poke|p1|Latios, M|\n|poke|p1|Dracozolt|\n|poke|p2|Landorus-Therian, M|\n|poke|p2|Clodsire, M|\n|poke|p2|Excadrill, F|\n|poke|p2|Hippowdon, M|\n|poke|p2|Garchomp, F|\n|poke|p2|Torterra, F|\n|teampreview\n|inactive|Battle timer is ON: inactive players will automatically lose when time's up. (requested by Guest 4393591)\n|\n|t:|1701013203\n|start\n|switch|p1a: Apple Pie|Appletun, M, shiny|100\/100\n|switch|p2a: Behemoth|Landorus-Therian, M, shiny|100\/100\n|-ability|p2a: Behemoth|Intimidate|boost\n|-unboost|p1a: Apple Pie|atk|1\n|turn|1\n|j| Lightning emolga\n|\n|t:|1701013217\n|move|p2a: Behemoth|Knock Off|p1a: Apple Pie\n|-damage|p1a: Apple Pie|56\/100\n|-enditem|p1a: Apple Pie|Leftovers|[from] move: Knock Off|[of] p2a: Behemoth\n|-damage|p2a: Behemoth|91\/100|[from] item: Life Orb\n|move|p1a: Apple Pie|Iron Defense|p1a: Apple Pie\n|-boost|p1a: Apple Pie|def|2\n|\n|upkeep\n|turn|2\n|\n|t:|1701013230\n|move|p2a: Behemoth|U-turn|p1a: Apple Pie\n|-supereffective|p1a: Apple Pie\n|-damage|p1a: Apple Pie|25\/100\n|-damage|p2a: Behemoth|81\/100|[from] item: Life Orb\n|c| Lightning emolga|\u05e1\u05d5\u05d5\u05d9\u05e4?\n|\n|t:|1701013239\n|switch|p2a: Happy Hippo|Hippowdon, M|100\/100|[from] U-turn\n|-weather|Sandstorm|[from] ability: Sand Stream|[of] p2a: Happy Hippo\n|move|p1a: Apple Pie|Substitute|p1a: Apple Pie\n|-fail|p1a: Apple Pie|move: Substitute|[weak]\n|\n|-weather|Sandstorm|[upkeep]\n|-damage|p1a: Apple Pie|18\/100|[from] Sandstorm\n|upkeep\n|turn|3\n|\n|t:|1701013252\n|move|p2a: Happy Hippo|Curse|p2a: Happy Hippo\n|-unboost|p2a: Happy Hippo|spe|1\n|-boost|p2a: Happy Hippo|atk|1\n|-boost|p2a: Happy Hippo|def|1\n|move|p1a: Apple Pie|Leech Seed|p2a: Happy Hippo\n|-start|p2a: Happy Hippo|move: Leech Seed\n|\n|-weather|Sandstorm|[upkeep]\n|-damage|p1a: Apple Pie|12\/100|[from] Sandstorm\n|-damage|p2a: Happy Hippo|88\/100|[from] Leech Seed|[of] p1a: Apple Pie\n|-heal|p1a: Apple Pie|25\/100|[silent]\n|upkeep\n|turn|4\n|\n|t:|1701013270\n|move|p1a: Apple Pie|Iron Defense|p1a: Apple Pie\n|-boost|p1a: Apple Pie|def|2\n|move|p2a: Happy Hippo|Body Press|p1a: Apple Pie\n|-damage|p1a: Apple Pie|13\/100\n|\n|-weather|Sandstorm|[upkeep]\n|-damage|p1a: Apple Pie|7\/100|[from] Sandstorm\n|-damage|p2a: Happy Hippo|76\/100|[from] Leech Seed|[of] p1a: Apple Pie\n|-heal|p1a: Apple Pie|19\/100|[silent]\n|upkeep\n|turn|5\n|\n|t:|1701013287\n|switch|p2a: Moldera|Excadrill, F, shiny|100\/100\n|move|p1a: Apple Pie|Body Press|p2a: Moldera\n|-supereffective|p2a: Moldera\n|-enditem|p2a: Moldera|Focus Sash\n|-damage|p2a: Moldera|1\/100\n|\n|-weather|Sandstorm|[upkeep]\n|-damage|p1a: Apple Pie|13\/100|[from] Sandstorm\n|upkeep\n|turn|6\n|\n|t:|1701013305\n|switch|p1a: Clair|Kingdra, F, shiny|100\/100\n|move|p2a: Moldera|Iron Head|p1a: Clair\n|-resisted|p1a: Clair\n|-damage|p1a: Clair|71\/100\n|\n|-weather|Sandstorm|[upkeep]\n|-damage|p1a: Clair|64\/100|[from] Sandstorm\n|upkeep\n|turn|7\n|\n|t:|1701013317\n|move|p2a: Moldera|Earthquake|p1a: Clair\n|-damage|p1a: Clair|0 fnt\n|faint|p1a: Clair\n|\n|-weather|Sandstorm|[upkeep]\n|upkeep\n|inactive|netro1212 has 270 seconds left.\n|\n|t:|1701013330\n|switch|p1a: Bike|Cyclizar, F|100\/100\n|turn|8\n|inactive|netro1212 has 270 seconds left.\n|\n|t:|1701013343\n|switch|p2a: Pooper 2.0|Clodsire, M, shiny|100\/100\n|move|p1a: Bike|Knock Off|p2a: Pooper 2.0\n|-damage|p2a: Pooper 2.0|73\/100\n|-enditem|p2a: Pooper 2.0|Mental Herb|[from] move: Knock Off|[of] p1a: Bike\n|\n|-weather|Sandstorm|[upkeep]\n|-damage|p1a: Bike|94\/100|[from] Sandstorm\n|upkeep\n|turn|9\n|inactive|netro1212 has 270 seconds left.\n|\n|t:|1701013359\n|-terastallize|p1a: Bike|Dragon\n|move|p1a: Bike|Outrage|p2a: Pooper 2.0\n|-damage|p2a: Pooper 2.0|0 fnt\n|faint|p2a: Pooper 2.0\n|\n|-weather|none\n|upkeep\n|\n|t:|1701013366\n|switch|p2a: Moldera|Excadrill, F, shiny|1\/100\n|turn|10\n|\n|t:|1701013371\n|move|p1a: Bike|Outrage|p2a: Moldera|[from]lockedmove\n|-resisted|p2a: Moldera\n|-damage|p2a: Moldera|0 fnt\n|faint|p2a: Moldera\n|-start|p1a: Bike|confusion|[fatigue]\n|\n|upkeep\n|\n|t:|1701013380\n|switch|p2a: Madara|Garchomp, F|100\/100\n|turn|11\n|l| Lightning emolga\n|\n|t:|1701013389\n|detailschange|p2a: Madara|Garchomp-Mega, F\n|-mega|p2a: Madara|Garchomp|Garchompite\n|-activate|p1a: Bike|confusion\n|move|p1a: Bike|Outrage|p2a: Madara\n|-supereffective|p2a: Madara\n|-damage|p2a: Madara|0 fnt\n|faint|p2a: Madara\n|\n|upkeep\n|\n|t:|1701013398\n|switch|p2a: Broccoli|Torterra, F|100\/100\n|turn|12\n|j| Lightning emolga\n|\n|t:|1701013402\n|-end|p1a: Bike|confusion\n|move|p1a: Bike|Outrage|p2a: Broccoli|[from]lockedmove\n|-damage|p2a: Broccoli|39\/100\n|-start|p1a: Bike|confusion|[fatigue]\n|move|p2a: Broccoli|Shell Smash|p2a: Broccoli\n|-unboost|p2a: Broccoli|def|1\n|-unboost|p2a: Broccoli|spd|1\n|-boost|p2a: Broccoli|atk|2\n|-boost|p2a: Broccoli|spa|2\n|-boost|p2a: Broccoli|spe|2\n|\n|upkeep\n|turn|13\n|\n|t:|1701013415\n|move|p2a: Broccoli|Headlong Rush|p1a: Bike\n|-damage|p1a: Bike|0 fnt\n|-unboost|p2a: Broccoli|def|1\n|-unboost|p2a: Broccoli|spd|1\n|faint|p1a: Bike\n|\n|upkeep\n|\n|t:|1701013426\n|switch|p1a: DinoDragon|Dracozolt, shiny|100\/100\n|turn|14\n|\n|t:|1701013431\n|move|p2a: Broccoli|Headlong Rush|p1a: DinoDragon\n|-supereffective|p1a: DinoDragon\n|-damage|p1a: DinoDragon|0 fnt\n|-unboost|p2a: Broccoli|def|1\n|-unboost|p2a: Broccoli|spd|1\n|faint|p1a: DinoDragon\n|\n|upkeep\n|\n|t:|1701013449\n|switch|p1a: Apple Pie|Appletun, M, shiny|13\/100\n|turn|15\n|\n|t:|1701013458\n|move|p2a: Broccoli|Rock Blast|p1a: Apple Pie\n|-damage|p1a: Apple Pie|0 fnt\n|faint|p1a: Apple Pie\n|-hitcount|p1: Apple Pie|1\n|\n|upkeep\n|\n|t:|1701013468\n|switch|p1a: Madara|Garchomp, F|100\/100\n|turn|16\n|\n|t:|1701013480\n|detailschange|p1a: Madara|Garchomp-Mega, F\n|-mega|p1a: Madara|Garchomp|Garchompite\n|move|p2a: Broccoli|Bullet Seed|p1a: Madara\n|-damage|p1a: Madara|81\/100\n|-damage|p1a: Madara|60\/100\n|-damage|p1a: Madara|39\/100\n|-damage|p1a: Madara|17\/100\n|-damage|p1a: Madara|0 fnt\n|faint|p1a: Madara\n|-hitcount|p1: Madara|5\n|\n|upkeep\n|\n|t:|1701013491\n|switch|p1a: Iris|Latios, M, shiny|100\/100\n|turn|17\n|\n|t:|1701013505\n|move|p2a: Broccoli|Headlong Rush|p1a: Iris\n|-immune|p1a: Iris|[from] ability: Levitate\n|move|p1a: Iris|Calm Mind|p1a: Iris\n|-boost|p1a: Iris|spa|1\n|-boost|p1a: Iris|spd|1\n|\n|upkeep\n|turn|18\n|\n|t:|1701013516\n|move|p2a: Broccoli|Shell Smash|p2a: Broccoli\n|-unboost|p2a: Broccoli|def|1\n|-unboost|p2a: Broccoli|spd|1\n|-boost|p2a: Broccoli|atk|2\n|-boost|p2a: Broccoli|spa|2\n|-boost|p2a: Broccoli|spe|2\n|move|p1a: Iris|Calm Mind|p1a: Iris\n|-boost|p1a: Iris|spa|1\n|-boost|p1a: Iris|spd|1\n|\n|upkeep\n|turn|19\n|\n|t:|1701013526\n|move|p2a: Broccoli|Headlong Rush|p1a: Iris\n|-immune|p1a: Iris|[from] ability: Levitate\n|move|p1a: Iris|Aura Sphere|p2a: Broccoli\n|-damage|p2a: Broccoli|0 fnt\n|faint|p2a: Broccoli\n|\n|upkeep\n|\n|t:|1701013536\n|switch|p2a: Happy Hippo|Hippowdon, M|76\/100\n|-weather|Sandstorm|[from] ability: Sand Stream|[of] p2a: Happy Hippo\n|turn|20\n|\n|t:|1701013541\n|move|p1a: Iris|Psychic|p2a: Happy Hippo\n|-damage|p2a: Happy Hippo|0 fnt\n|faint|p2a: Happy Hippo\n|\n|-weather|Sandstorm|[upkeep]\n|-damage|p1a: Iris|95\/100|[from] Sandstorm\n|upkeep\n|\n|t:|1701013547\n|switch|p2a: Behemoth|Landorus-Therian, M, shiny|81\/100\n|-ability|p2a: Behemoth|Intimidate|boost\n|-unboost|p1a: Iris|atk|1\n|turn|21\n|\n|t:|1701013552\n|move|p1a: Iris|Psychic|p2a: Behemoth\n|-damage|p2a: Behemoth|0 fnt\n|faint|p2a: Behemoth\n|\n|win|netro1212\n|l|\u2606netro1212\n","uploadtime":1701013679,"views":3,"p1id":"netro1212","p2id":"guest4393591","formatid":"gen9nationaldex","rating":0,"private":0,"password":""}