{"id":"gen9nationaldex-1988498501","p1":"Dddiana","p2":"Glass101","format":"[Gen 9] National Dex","log":"|j|\u2606Dddiana\n|j|\u2606Glass101\n|t:|1699729408\n|gametype|singles\n|player|p1|Dddiana|265|1516\n|player|p2|Glass101|169|1502\n|teamsize|p1|6\n|teamsize|p2|6\n|gen|9\n|tier|[Gen 9] National Dex\n|rated|\n|rule|HP Percentage Mod: HP is shown in percentages\n|rule|Endless Battle Clause: Forcing endless battles is banned\n|rule|OHKO Clause: OHKO moves are banned\n|rule|Evasion Clause: Evasion abilities, items, and moves are banned\n|rule|Evasion Abilities Clause: Evasion abilities are banned\n|rule|Evasion Items Clause: Evasion items are banned\n|rule|Evasion Moves Clause: Evasion moves are banned\n|rule|Species Clause: Limit one of each Pok\u00e9mon\n|rule|Sleep Clause Mod: Limit one foe put to sleep\n|clearpoke\n|poke|p1|Alomomola, M|\n|poke|p1|Hoopa-Unbound|\n|poke|p1|Nidoking, M|\n|poke|p1|Lopunny, M|\n|poke|p1|Shuckle, F|\n|poke|p1|Zapdos|\n|poke|p2|Galvantula, M|\n|poke|p2|Ceruledge, M|\n|poke|p2|Toxapex, F|\n|poke|p2|Cresselia, F|\n|poke|p2|Kyurem|\n|poke|p2|Clodsire, M|\n|teampreview\n|inactive|Battle timer is ON: inactive players will automatically lose when time's up. (requested by Dddiana)\n|\n|t:|1699729446\n|start\n|switch|p1a: Lopunny|Lopunny, M|100\/100\n|switch|p2a: Galvantula|Galvantula, M|100\/100\n|turn|1\n|\n|t:|1699729453\n|detailschange|p1a: Lopunny|Lopunny-Mega, M\n|-mega|p1a: Lopunny|Lopunny|Lopunnite\n|move|p1a: Lopunny|U-turn|p2a: Galvantula\n|-damage|p2a: Galvantula|45\/100\n|\n|t:|1699729460\n|switch|p1a: Zapdos|Zapdos|100\/100|[from] U-turn\n|move|p2a: Galvantula|Thunder Wave|p1a: Zapdos\n|-immune|p1a: Zapdos\n|\n|upkeep\n|turn|2\n|\n|t:|1699729467\n|move|p2a: Galvantula|Sticky Web|p1a: Zapdos\n|-sidestart|p1: Dddiana|move: Sticky Web\n|move|p1a: Zapdos|Defog|p2a: Galvantula\n|-unboost|p2a: Galvantula|evasion|1\n|-sideend|p1: Dddiana|Sticky Web|[from] move: Defog|[of] p1a: Zapdos\n|\n|upkeep\n|turn|3\n|\n|t:|1699729472\n|move|p2a: Galvantula|Sticky Web|p1a: Zapdos\n|-sidestart|p1: Dddiana|move: Sticky Web\n|move|p1a: Zapdos|Hurricane|p2a: Galvantula\n|-damage|p2a: Galvantula|0 fnt\n|faint|p2a: Galvantula\n|\n|upkeep\n|\n|t:|1699729474\n|switch|p2a: Kyurem|Kyurem, shiny|100\/100\n|-ability|p2a: Kyurem|Pressure\n|turn|4\n|\n|t:|1699729487\n|switch|p1a: Alomomola|Alomomola, M|100\/100\n|move|p2a: Kyurem|Freeze-Dry|p1a: Alomomola\n|-supereffective|p1a: Alomomola\n|-damage|p1a: Alomomola|0 fnt\n|faint|p1a: Alomomola\n|-damage|p2a: Kyurem|91\/100|[from] item: Life Orb\n|\n|upkeep\n|\n|t:|1699729497\n|switch|p1a: Zapdos|Zapdos|100\/100\n|turn|5\n|\n|t:|1699729499\n|move|p1a: Zapdos|Volt Switch|p2a: Kyurem\n|-resisted|p2a: Kyurem\n|-damage|p2a: Kyurem|78\/100\n|\n|t:|1699729505\n|switch|p1a: Shuckle|Shuckle, F|100\/100|[from] Volt Switch\n|-activate|p1a: Shuckle|move: Sticky Web\n|-unboost|p1a: Shuckle|spe|1\n|move|p2a: Kyurem|Freeze-Dry|p1a: Shuckle\n|-damage|p1a: Shuckle|63\/100\n|-damage|p2a: Kyurem|68\/100|[from] item: Life Orb\n|\n|upkeep\n|turn|6\n|\n|t:|1699729512\n|move|p2a: Kyurem|Substitute|p2a: Kyurem\n|-start|p2a: Kyurem|Substitute\n|-damage|p2a: Kyurem|43\/100\n|move|p1a: Shuckle|Sticky Web|p2a: Kyurem\n|-sidestart|p2: Glass101|move: Sticky Web\n|\n|upkeep\n|turn|7\n|\n|t:|1699729520\n|move|p2a: Kyurem|Earth Power|p1a: Shuckle\n|-damage|p1a: Shuckle|36\/100\n|-unboost|p1a: Shuckle|spd|1\n|-damage|p2a: Kyurem|33\/100|[from] item: Life Orb\n|move|p1a: Shuckle|Knock Off|p2a: Kyurem\n|-activate|p2a: Kyurem|move: Substitute|[damage]\n|\n|upkeep\n|turn|8\n|\n|t:|1699729524\n|switch|p1a: Zapdos|Zapdos|100\/100\n|move|p2a: Kyurem|Roost|p2a: Kyurem\n|-heal|p2a: Kyurem|83\/100\n|-singleturn|p2a: Kyurem|move: Roost\n|\n|upkeep\n|turn|9\n|\n|t:|1699729530\n|move|p1a: Zapdos|Hurricane|p2a: Kyurem\n|-end|p2a: Kyurem|Substitute\n|move|p2a: Kyurem|Freeze-Dry|p1a: Zapdos\n|-supereffective|p1a: Zapdos\n|-damage|p1a: Zapdos|5\/100\n|-damage|p2a: Kyurem|73\/100|[from] item: Life Orb\n|\n|upkeep\n|turn|10\n|\n|t:|1699729537\n|move|p1a: Zapdos|Roost|p1a: Zapdos\n|-heal|p1a: Zapdos|55\/100\n|-singleturn|p1a: Zapdos|move: Roost\n|move|p2a: Kyurem|Freeze-Dry|p1a: Zapdos\n|-damage|p1a: Zapdos|10\/100\n|-damage|p2a: Kyurem|63\/100|[from] item: Life Orb\n|\n|upkeep\n|turn|11\n|\n|t:|1699729548\n|-terastallize|p1a: Zapdos|Steel\n|move|p1a: Zapdos|Roost|p1a: Zapdos\n|-heal|p1a: Zapdos|60\/100\n|move|p2a: Kyurem|Freeze-Dry|p1a: Zapdos\n|-resisted|p1a: Zapdos\n|-damage|p1a: Zapdos|36\/100\n|-damage|p2a: Kyurem|54\/100|[from] item: Life Orb\n|\n|upkeep\n|turn|12\n|\n|t:|1699729553\n|move|p1a: Zapdos|Roost|p1a: Zapdos\n|-heal|p1a: Zapdos|86\/100\n|move|p2a: Kyurem|Roost|p2a: Kyurem\n|-heal|p2a: Kyurem|100\/100\n|-singleturn|p2a: Kyurem|move: Roost\n|\n|upkeep\n|turn|13\n|\n|t:|1699729564\n|move|p1a: Zapdos|Defog|p2a: Kyurem\n|-unboost|p2a: Kyurem|evasion|1\n|-sideend|p2: Glass101|Sticky Web|[from] move: Defog|[of] p1a: Zapdos\n|-sideend|p1: Dddiana|Sticky Web|[from] move: Defog|[of] p1a: Zapdos\n|move|p2a: Kyurem|Substitute|p2a: Kyurem\n|-start|p2a: Kyurem|Substitute\n|-damage|p2a: Kyurem|76\/100\n|\n|upkeep\n|turn|14\n|\n|t:|1699729567\n|move|p1a: Zapdos|Hurricane|p2a: Kyurem\n|-end|p2a: Kyurem|Substitute\n|move|p2a: Kyurem|Earth Power|p1a: Zapdos\n|-supereffective|p1a: Zapdos\n|-damage|p1a: Zapdos|5\/100\n|-damage|p2a: Kyurem|66\/100|[from] item: Life Orb\n|\n|upkeep\n|turn|15\n|\n|t:|1699729573\n|move|p1a: Zapdos|Hurricane|p2a: Kyurem\n|-damage|p2a: Kyurem|26\/100\n|-start|p2a: Kyurem|confusion\n|-activate|p2a: Kyurem|confusion\n|move|p2a: Kyurem|Roost|p2a: Kyurem\n|-heal|p2a: Kyurem|76\/100\n|-singleturn|p2a: Kyurem|move: Roost\n|\n|upkeep\n|turn|16\n|\n|t:|1699729576\n|move|p1a: Zapdos|Hurricane|p2a: Kyurem\n|-damage|p2a: Kyurem|38\/100\n|-activate|p2a: Kyurem|confusion\n|-damage|p2a: Kyurem|31\/100|[from] confusion\n|\n|upkeep\n|turn|17\n|\n|t:|1699729579\n|switch|p2a: Toxapex|Toxapex, F|100\/100\n|move|p1a: Zapdos|Roost|p1a: Zapdos\n|-heal|p1a: Zapdos|55\/100\n|\n|upkeep\n|turn|18\n|\n|t:|1699729589\n|move|p1a: Zapdos|Roost|p1a: Zapdos\n|-heal|p1a: Zapdos|100\/100\n|move|p2a: Toxapex|Scald|p1a: Zapdos\n|-damage|p1a: Zapdos|86\/100\n|\n|upkeep\n|turn|19\n|\n|t:|1699729597\n|switch|p2a: Clodsire|Clodsire, M|100\/100\n|move|p1a: Zapdos|Volt Switch|p2a: Clodsire\n|-immune|p2a: Clodsire\n|\n|upkeep\n|turn|20\n|\n|t:|1699729616\n|switch|p1a: Lopunny|Lopunny-Mega, M|100\/100\n|move|p2a: Clodsire|Earthquake|p1a: Lopunny\n|-damage|p1a: Lopunny|65\/100\n|\n|upkeep\n|turn|21\n|\n|t:|1699729621\n|move|p1a: Lopunny|U-turn|p2a: Clodsire\n|-resisted|p2a: Clodsire\n|-damage|p2a: Clodsire|90\/100\n|\n|t:|1699729625\n|switch|p1a: Hoopa|Hoopa-Unbound|100\/100|[from] U-turn\n|move|p2a: Clodsire|Counter|p1a: Hoopa\n|-damage|p1a: Hoopa|69\/100\n|\n|upkeep\n|turn|22\n|\n|t:|1699729638\n|switch|p2a: Kyurem|Kyurem, shiny|31\/100\n|-ability|p2a: Kyurem|Pressure\n|move|p1a: Hoopa|Hyperspace Fury|p2a: Kyurem\n|-damage|p2a: Kyurem|0 fnt\n|-unboost|p1a: Hoopa|def|1\n|faint|p2a: Kyurem\n|\n|upkeep\n|\n|t:|1699729641\n|switch|p2a: Clodsire|Clodsire, M|90\/100\n|turn|23\n|\n|t:|1699729643\n|move|p1a: Hoopa|Hyperspace Fury|p2a: Clodsire\n|-damage|p2a: Clodsire|16\/100\n|-unboost|p1a: Hoopa|def|1\n|move|p2a: Clodsire|Counter|p1a: Hoopa\n|-damage|p1a: Hoopa|0 fnt\n|faint|p1a: Hoopa\n|\n|upkeep\n|\n|t:|1699729652\n|switch|p1a: Shuckle|Shuckle, F|36\/100\n|turn|24\n|\n|t:|1699729655\n|switch|p2a: Ceruledge|Ceruledge, M|100\/100\n|move|p1a: Shuckle|Sticky Web|p2a: Ceruledge\n|-sidestart|p2: Glass101|move: Sticky Web\n|\n|upkeep\n|turn|25\n|\n|t:|1699729661\n|switch|p1a: Zapdos|Zapdos, tera:Steel|86\/100\n|move|p2a: Ceruledge|Substitute|p2a: Ceruledge\n|-start|p2a: Ceruledge|Substitute\n|-damage|p2a: Ceruledge|76\/100\n|\n|upkeep\n|turn|26\n|\n|t:|1699729666\n|move|p2a: Ceruledge|Bitter Blade|p1a: Zapdos\n|-supereffective|p1a: Zapdos\n|-damage|p1a: Zapdos|9\/100\n|-heal|p2a: Ceruledge|100\/100|[from] drain|[of] p1a: Zapdos\n|move|p1a: Zapdos|Volt Switch|p2a: Ceruledge\n|-end|p2a: Ceruledge|Substitute\n|\n|t:|1699729670\n|switch|p1a: Lopunny|Lopunny-Mega, M|65\/100|[from] Volt Switch\n|\n|upkeep\n|turn|27\n|\n|t:|1699729685\n|switch|p2a: Toxapex|Toxapex, F|100\/100\n|-activate|p2a: Toxapex|move: Sticky Web\n|-unboost|p2a: Toxapex|spe|1\n|move|p1a: Lopunny|Close Combat|p2a: Toxapex\n|-resisted|p2a: Toxapex\n|-damage|p2a: Toxapex|72\/100\n|-unboost|p1a: Lopunny|def|1\n|-unboost|p1a: Lopunny|spd|1\n|-damage|p1a: Lopunny|49\/100|[from] item: Rocky Helmet|[of] p2a: Toxapex\n|\n|upkeep\n|turn|28\n|\n|t:|1699729694\n|switch|p1a: Shuckle|Shuckle, F|36\/100\n|move|p2a: Toxapex|Scald|p1a: Shuckle\n|-supereffective|p1a: Shuckle\n|-damage|p1a: Shuckle|16\/100\n|\n|upkeep\n|turn|29\n|\n|t:|1699729700\n|move|p2a: Toxapex|Scald|p1a: Shuckle\n|-supereffective|p1a: Shuckle\n|-damage|p1a: Shuckle|0 fnt\n|faint|p1a: Shuckle\n|\n|upkeep\n|\n|t:|1699729704\n|switch|p1a: Nidoking|Nidoking, M|100\/100\n|turn|30\n|\n|t:|1699729713\n|switch|p1a: Zapdos|Zapdos, tera:Steel|9\/100\n|switch|p2a: Clodsire|Clodsire, M|16\/100\n|-activate|p2a: Clodsire|move: Sticky Web\n|-unboost|p2a: Clodsire|spe|1\n|\n|upkeep\n|turn|31\n|\n|t:|1699729720\n|move|p1a: Zapdos|Roost|p1a: Zapdos\n|-heal|p1a: Zapdos|59\/100\n|move|p2a: Clodsire|Recover|p2a: Clodsire\n|-heal|p2a: Clodsire|66\/100\n|\n|upkeep\n|turn|32\n|\n|t:|1699729723\n|move|p1a: Zapdos|Roost|p1a: Zapdos\n|-heal|p1a: Zapdos|100\/100\n|move|p2a: Clodsire|Earthquake|p1a: Zapdos\n|-supereffective|p1a: Zapdos\n|-damage|p1a: Zapdos|58\/100\n|\n|upkeep\n|turn|33\n|\n|t:|1699729732\n|move|p1a: Zapdos|Roost|p1a: Zapdos\n|-heal|p1a: Zapdos|100\/100\n|move|p2a: Clodsire|Recover|p2a: Clodsire\n|-heal|p2a: Clodsire|100\/100\n|\n|upkeep\n|turn|34\n|\n|t:|1699729742\n|switch|p1a: Lopunny|Lopunny-Mega, M|49\/100\n|move|p2a: Clodsire|Earthquake|p1a: Lopunny\n|-damage|p1a: Lopunny|11\/100\n|\n|upkeep\n|turn|35\n|\n|t:|1699729746\n|switch|p1a: Nidoking|Nidoking, M|100\/100\n|switch|p2a: Toxapex|Toxapex, F|100\/100\n|-activate|p2a: Toxapex|move: Sticky Web\n|-unboost|p2a: Toxapex|spe|1\n|\n|upkeep\n|turn|36\n|\n|t:|1699729750\n|switch|p2a: Mr Blue sky|Cresselia, F, shiny|100\/100\n|move|p1a: Nidoking|Earth Power|p2a: Mr Blue sky\n|-immune|p2a: Mr Blue sky|[from] ability: Levitate\n|\n|upkeep\n|turn|37\n|\n|t:|1699729760\n|move|p1a: Nidoking|Thunderbolt|p2a: Mr Blue sky\n|-damage|p2a: Mr Blue sky|72\/100\n|move|p2a: Mr Blue sky|Calm Mind|p2a: Mr Blue sky\n|-boost|p2a: Mr Blue sky|spa|1\n|-boost|p2a: Mr Blue sky|spd|1\n|\n|upkeep\n|turn|38\n|\n|t:|1699729765\n|switch|p1a: Lopunny|Lopunny-Mega, M|11\/100\n|move|p2a: Mr Blue sky|Calm Mind|p2a: Mr Blue sky\n|-boost|p2a: Mr Blue sky|spa|1\n|-boost|p2a: Mr Blue sky|spd|1\n|\n|upkeep\n|turn|39\n|\n|t:|1699729767\n|move|p1a: Lopunny|Fake Out|p2a: Mr Blue sky\n|-damage|p2a: Mr Blue sky|61\/100\n|move|p2a: Mr Blue sky|Calm Mind|p2a: Mr Blue sky\n|-boost|p2a: Mr Blue sky|spa|1\n|-boost|p2a: Mr Blue sky|spd|1\n|\n|upkeep\n|turn|40\n|\n|t:|1699729780\n|switch|p1a: Nidoking|Nidoking, M|100\/100\n|-terastallize|p2a: Mr Blue sky|Poison\n|move|p2a: Mr Blue sky|Moonlight|p2a: Mr Blue sky\n|-heal|p2a: Mr Blue sky|100\/100\n|\n|upkeep\n|turn|41\n|-message|Dddiana forfeited.\n|\n|win|Glass101\n|raw|Dddiana's rating: 1516 &rarr; <strong>1494<\/strong><br \/>(-22 for losing)\n|raw|Glass101's rating: 1474 &rarr; <strong>1496<\/strong><br \/>(+22 for winning)\n|l|\u2606Dddiana\n|c|\u2606Glass101|Gg mat\n|j|\u2606Dddiana\n|player|p1|Dddiana|265\n","uploadtime":1699729798,"views":15,"p1id":"dddiana","p2id":"glass101","formatid":"gen9nationaldex","rating":1494,"private":0,"password":""}