{"id":"gen9nationaldex-1997397360","p1":"Logicactiv","p2":"PhunnyGuyLmao","format":"[Gen 9] National Dex","log":"|html|<div class=\"broadcast-blue\"><strong>[Gen 9] National Dex is currently suspecting Sneasler! For information on how to participate check out the <a href=\"https:\/\/www.smogon.com\/forums\/threads\/sv-national-dex-suspect-8-just-dance.3731534\/\">suspect thread<\/a>.<\/strong><\/div>\n|j|\u2606Logicactiv\n|j|\u2606PhunnyGuyLmao\n|t:|1700798912\n|gametype|singles\n|player|p1|Logicactiv|bugsy|\n|player|p2|PhunnyGuyLmao|hilda-wonderlauncher|\n|teamsize|p1|6\n|teamsize|p2|6\n|gen|9\n|tier|[Gen 9] National Dex\n|rule|HP Percentage Mod: HP is shown in percentages\n|rule|Endless Battle Clause: Forcing endless battles is banned\n|rule|OHKO Clause: OHKO moves are banned\n|rule|Evasion Clause: Evasion abilities, items, and moves are banned\n|rule|Evasion Abilities Clause: Evasion abilities are banned\n|rule|Evasion Items Clause: Evasion items are banned\n|rule|Evasion Moves Clause: Evasion moves are banned\n|rule|Species Clause: Limit one of each Pok\u00e9mon\n|rule|Sleep Clause Mod: Limit one foe put to sleep\n|clearpoke\n|poke|p1|Dragonite, M|\n|poke|p1|Diancie|\n|poke|p1|Samurott-Hisui, M|\n|poke|p1|Aegislash, M|\n|poke|p1|Landorus-Therian, M|\n|poke|p1|Rotom-Heat|\n|poke|p2|Glimmora, F|\n|poke|p2|Bronzong|\n|poke|p2|Altaria, F|\n|poke|p2|Volcarona, M|\n|poke|p2|Slowking-Galar, M|\n|poke|p2|Quaquaval, M|\n|teampreview\n|\n|t:|1700798918\n|start\n|switch|p1a: Landorus|Landorus-Therian, M|100\/100\n|switch|p2a: Glimmora|Glimmora, F|100\/100\n|-ability|p1a: Landorus|Intimidate|boost\n|-unboost|p2a: Glimmora|atk|1\n|turn|1\n|\n|t:|1700798931\n|move|p2a: Glimmora|Stealth Rock|p1a: Landorus\n|-sidestart|p1: Logicactiv|move: Stealth Rock\n|move|p1a: Landorus|Knock Off|p2a: Glimmora\n|-damage|p2a: Glimmora|66\/100\n|-activate|p2a: Glimmora|ability: Toxic Debris\n|-sidestart|p1: Logicactiv|move: Toxic Spikes\n|-enditem|p2a: Glimmora|Choice Scarf|[from] move: Knock Off|[of] p1a: Landorus\n|\n|upkeep\n|turn|2\n|\n|t:|1700798943\n|move|p2a: Glimmora|Toxic Spikes|p1a: Landorus\n|-sidestart|p1: Logicactiv|move: Toxic Spikes\n|move|p1a: Landorus|Defog|p2a: Glimmora\n|-unboost|p2a: Glimmora|evasion|1\n|-sideend|p1: Logicactiv|Toxic Spikes|[from] move: Defog|[of] p1a: Landorus\n|-sideend|p1: Logicactiv|Stealth Rock|[from] move: Defog|[of] p1a: Landorus\n|\n|upkeep\n|turn|3\n|\n|t:|1700798963\n|move|p2a: Glimmora|Stealth Rock|p1a: Landorus\n|-sidestart|p1: Logicactiv|move: Stealth Rock\n|move|p1a: Landorus|Earthquake|p2a: Glimmora\n|-supereffective|p2a: Glimmora\n|-damage|p2a: Glimmora|0 fnt\n|-activate|p2a: Glimmora|ability: Toxic Debris\n|-sidestart|p1: Logicactiv|move: Toxic Spikes\n|faint|p2a: Glimmora\n|\n|upkeep\n|\n|t:|1700798975\n|switch|p2a: GDB|Quaquaval, M|100\/100\n|turn|4\n|\n|t:|1700798981\n|move|p2a: GDB|Flip Turn|p1a: Landorus\n|-supereffective|p1a: Landorus\n|-damage|p1a: Landorus|49\/100\n|-damage|p2a: GDB|91\/100|[from] item: Life Orb\n|\n|t:|1700798986\n|switch|p2a: Wololo|Slowking-Galar, M|100\/100|[from] Flip Turn\n|move|p1a: Landorus|Defog|p2a: Wololo\n|-unboost|p2a: Wololo|evasion|1\n|-sideend|p1: Logicactiv|Toxic Spikes|[from] move: Defog|[of] p1a: Landorus\n|-sideend|p1: Logicactiv|Stealth Rock|[from] move: Defog|[of] p1a: Landorus\n|\n|-heal|p1a: Landorus|55\/100|[from] item: Leftovers\n|upkeep\n|turn|5\n|\n|t:|1700799002\n|switch|p2a: Hellbell|Bronzong|100\/100\n|move|p1a: Landorus|U-turn|p2a: Hellbell\n|-damage|p2a: Hellbell|79\/100\n|\n|t:|1700799008\n|switch|p1a: Rotom|Rotom-Heat|100\/100|[from] U-turn\n|\n|-heal|p2a: Hellbell|85\/100|[from] item: Leftovers\n|upkeep\n|turn|6\n|\n|t:|1700799017\n|move|p1a: Rotom|Will-O-Wisp|p2a: Hellbell\n|-status|p2a: Hellbell|brn\n|move|p2a: Hellbell|Light Screen|p2a: Hellbell\n|-sidestart|p2: PhunnyGuyLmao|move: Light Screen\n|\n|-heal|p2a: Hellbell|91\/100 brn|[from] item: Leftovers\n|-damage|p2a: Hellbell|85\/100 brn|[from] brn\n|upkeep\n|turn|7\n|\n|t:|1700799028\n|move|p1a: Rotom|Volt Switch|p2a: Hellbell\n|-damage|p2a: Hellbell|76\/100 brn\n|\n|t:|1700799031\n|switch|p1a: Landorus|Landorus-Therian, M|55\/100|[from] Volt Switch\n|-ability|p1a: Landorus|Intimidate|boost\n|-unboost|p2a: Hellbell|atk|1\n|move|p2a: Hellbell|Reflect|p2a: Hellbell\n|-sidestart|p2: PhunnyGuyLmao|Reflect\n|\n|-heal|p1a: Landorus|61\/100|[from] item: Leftovers\n|-heal|p2a: Hellbell|82\/100 brn|[from] item: Leftovers\n|-damage|p2a: Hellbell|76\/100 brn|[from] brn\n|upkeep\n|turn|8\n|\n|t:|1700799043\n|move|p1a: Landorus|Defog|p2a: Hellbell\n|-unboost|p2a: Hellbell|evasion|1\n|-sideend|p2: PhunnyGuyLmao|Reflect\n|-sideend|p2: PhunnyGuyLmao|move: Light Screen\n|move|p2a: Hellbell|Rest|p2a: Hellbell\n|-status|p2a: Hellbell|slp|[from] move: Rest\n|-heal|p2a: Hellbell|100\/100 slp|[silent]\n|\n|-heal|p1a: Landorus|67\/100|[from] item: Leftovers\n|upkeep\n|turn|9\n|\n|t:|1700799056\n|move|p1a: Landorus|Knock Off|p2a: Hellbell\n|-supereffective|p2a: Hellbell\n|-damage|p2a: Hellbell|44\/100 slp\n|-enditem|p2a: Hellbell|Leftovers|[from] move: Knock Off|[of] p1a: Landorus\n|cant|p2a: Hellbell|slp\n|\n|-heal|p1a: Landorus|73\/100|[from] item: Leftovers\n|upkeep\n|turn|10\n|\n|t:|1700799065\n|move|p1a: Landorus|Knock Off|p2a: Hellbell\n|-supereffective|p2a: Hellbell\n|-damage|p2a: Hellbell|9\/100 slp\n|cant|p2a: Hellbell|slp\n|\n|-heal|p1a: Landorus|79\/100|[from] item: Leftovers\n|upkeep\n|turn|11\n|\n|t:|1700799073\n|move|p1a: Landorus|Knock Off|p2a: Hellbell\n|-supereffective|p2a: Hellbell\n|-crit|p2a: Hellbell\n|-damage|p2a: Hellbell|0 fnt\n|faint|p2a: Hellbell\n|\n|-heal|p1a: Landorus|85\/100|[from] item: Leftovers\n|upkeep\n|\n|t:|1700799080\n|switch|p2a: GDB|Quaquaval, M|91\/100\n|turn|12\n|\n|t:|1700799086\n|move|p2a: GDB|Aqua Step|p1a: Landorus\n|-supereffective|p1a: Landorus\n|-damage|p1a: Landorus|11\/100\n|-boost|p2a: GDB|spe|1\n|-damage|p2a: GDB|81\/100|[from] item: Life Orb\n|move|p1a: Landorus|U-turn|p2a: GDB\n|-resisted|p2a: GDB\n|-damage|p2a: GDB|66\/100\n|\n|t:|1700799109\n|switch|p1a: Aegislash|Aegislash, M|100\/100|[from] U-turn\n|\n|upkeep\n|turn|13\n|\n|t:|1700799119\n|move|p2a: GDB|Flip Turn|p1a: Aegislash\n|-damage|p1a: Aegislash|75\/100\n|-damage|p2a: GDB|56\/100|[from] item: Life Orb\n|\n|t:|1700799125\n|switch|p2a: Sun bug|Volcarona, M|100\/100|[from] Flip Turn\n|move|p1a: Aegislash|Swords Dance|p1a: Aegislash\n|-boost|p1a: Aegislash|atk|2\n|\n|-heal|p1a: Aegislash|81\/100|[from] item: Leftovers\n|upkeep\n|turn|14\n|\n|t:|1700799137\n|move|p2a: Sun bug|Quiver Dance|p2a: Sun bug\n|-boost|p2a: Sun bug|spa|1\n|-boost|p2a: Sun bug|spd|1\n|-boost|p2a: Sun bug|spe|1\n|-formechange|p1a: Aegislash|Aegislash-Blade||[from] ability: Stance Change\n|move|p1a: Aegislash|Shadow Claw|p2a: Sun bug\n|-damage|p2a: Sun bug|0 fnt\n|faint|p2a: Sun bug\n|\n|-heal|p1a: Aegislash|88\/100|[from] item: Leftovers\n|upkeep\n|\n|t:|1700799150\n|switch|p2a: GDB|Quaquaval, M|56\/100\n|turn|15\n|\n|t:|1700799156\n|switch|p2a: Wololo|Slowking-Galar, M|100\/100\n|move|p1a: Aegislash|Shadow Claw|p2a: Wololo\n|-supereffective|p2a: Wololo\n|-damage|p2a: Wololo|0 fnt\n|faint|p2a: Wololo\n|\n|-heal|p1a: Aegislash|94\/100|[from] item: Leftovers\n|upkeep\n|\n|t:|1700799166\n|switch|p2a: GDB|Quaquaval, M|56\/100\n|turn|16\n|\n|t:|1700799173\n|move|p2a: GDB|Aqua Step|p1a: Aegislash\n|-crit|p1a: Aegislash\n|-damage|p1a: Aegislash|0 fnt\n|-boost|p2a: GDB|spe|1\n|faint|p1a: Aegislash\n|-ability|p2a: GDB|Moxie|boost\n|-boost|p2a: GDB|atk|1\n|-damage|p2a: GDB|46\/100|[from] item: Life Orb\n|\n|upkeep\n|\n|t:|1700799183\n|switch|p1a: Gusk|Dragonite, M|100\/100\n|turn|17\n|\n|t:|1700799189\n|move|p2a: GDB|Acrobatics|p1a: Gusk\n|-damage|p1a: Gusk|82\/100\n|-damage|p2a: GDB|36\/100|[from] item: Life Orb\n|move|p1a: Gusk|Dragon Dance|p1a: Gusk\n|-boost|p1a: Gusk|atk|1\n|-boost|p1a: Gusk|spe|1\n|\n|upkeep\n|turn|18\n|\n|t:|1700799202\n|-terastallize|p2a: GDB|Water\n|-terastallize|p1a: Gusk|Normal\n|move|p1a: Gusk|Extreme Speed|p2a: GDB\n|-crit|p2a: GDB\n|-damage|p2a: GDB|0 fnt\n|faint|p2a: GDB\n|\n|upkeep\n|\n|t:|1700799211\n|switch|p2a: Katie|Altaria, F|100\/100\n|turn|19\n|\n|t:|1700799227\n|detailschange|p2a: Katie|Altaria-Mega, F\n|-mega|p2a: Katie|Altaria|Altarianite\n|move|p1a: Gusk|Extreme Speed|p2a: Katie\n|-damage|p2a: Katie|14\/100\n|move|p2a: Katie|Return|p1a: Gusk\n|-damage|p1a: Gusk|9\/100\n|\n|upkeep\n|turn|20\n|\n|t:|1700799238\n|move|p1a: Gusk|Extreme Speed|p2a: Katie\n|-damage|p2a: Katie|0 fnt\n|faint|p2a: Katie\n|\n|win|Logicactiv\n|l|\u2606Logicactiv\n","uploadtime":1700799245,"views":24,"p1id":"logicactiv","p2id":"phunnyguylmao","formatid":"gen9nationaldex","rating":0,"private":0,"password":""}