{"id":"gen9nationaldex-1992925806","p1":"testing a funni3","p2":"SoyuzaBrother","format":"[Gen 9] National Dex","log":"|j|\u2606testing a funni3\n|j|\u2606SoyuzaBrother\n|t:|1700247402\n|gametype|singles\n|player|p1|testing a funni3|unknownf|1457\n|player|p2|SoyuzaBrother|cynthia-masters|1515\n|teamsize|p1|6\n|teamsize|p2|6\n|gen|9\n|tier|[Gen 9] National Dex\n|rated|\n|rule|HP Percentage Mod: HP is shown in percentages\n|rule|Endless Battle Clause: Forcing endless battles is banned\n|rule|OHKO Clause: OHKO moves are banned\n|rule|Evasion Clause: Evasion abilities, items, and moves are banned\n|rule|Evasion Abilities Clause: Evasion abilities are banned\n|rule|Evasion Items Clause: Evasion items are banned\n|rule|Evasion Moves Clause: Evasion moves are banned\n|rule|Species Clause: Limit one of each Pok\u00e9mon\n|rule|Sleep Clause Mod: Limit one foe put to sleep\n|clearpoke\n|poke|p1|Latios, M|\n|poke|p1|Buzzwole|\n|poke|p1|Gliscor, F|\n|poke|p1|Weavile, F|\n|poke|p1|Heatran, M|\n|poke|p1|Ogerpon-Wellspring, F|\n|poke|p2|Ninetales-Alola, M|\n|poke|p2|Glimmora, F|\n|poke|p2|Great Tusk|\n|poke|p2|Charizard, M|\n|poke|p2|Aegislash, F|\n|poke|p2|Kyurem|\n|teampreview\n|inactive|Battle timer is ON: inactive players will automatically lose when time's up. (requested by SoyuzaBrother)\n|\n|t:|1700247408\n|start\n|switch|p1a: Heatran|Heatran, M|100\/100\n|switch|p2a: BaxKyurabur|Kyurem|100\/100\n|-ability|p2a: BaxKyurabur|Pressure\n|turn|1\n|\n|t:|1700247421\n|switch|p2a: Uranium|Glimmora, F|100\/100\n|move|p1a: Heatran|Magma Storm|p2a: Uranium\n|-resisted|p2a: Uranium\n|-damage|p2a: Uranium|76\/100\n|-activate|p2a: Uranium|move: Magma Storm|[of] p1a: Heatran\n|\n|-damage|p2a: Uranium|64\/100|[from] move: Magma Storm|[partiallytrapped]\n|upkeep\n|turn|2\n|\n|t:|1700247428\n|switch|p1a: Gliscor|Gliscor, F|100\/100\n|move|p2a: Uranium|Stealth Rock|p1a: Gliscor\n|-sidestart|p1: testing a funni3|move: Stealth Rock\n|\n|-end|p2a: Uranium|Magma Storm|[partiallytrapped]|[silent]\n|-status|p1a: Gliscor|tox|[from] item: Toxic Orb\n|upkeep\n|turn|3\n|\n|t:|1700247437\n|move|p2a: Uranium|Spikes|p1a: Gliscor\n|-sidestart|p1: testing a funni3|Spikes\n|move|p1a: Gliscor|Earthquake|p2a: Uranium\n|-supereffective|p2a: Uranium\n|-damage|p2a: Uranium|0 fnt\n|-activate|p2a: Uranium|ability: Toxic Debris\n|-sidestart|p1: testing a funni3|move: Toxic Spikes\n|faint|p2a: Uranium\n|\n|upkeep\n|\n|t:|1700247444\n|switch|p2a: Snow Doggy|Ninetales-Alola, M|100\/100\n|-weather|Snow|[from] ability: Snow Warning|[of] p2a: Snow Doggy\n|turn|4\n|\n|t:|1700247451\n|-terastallize|p1a: Gliscor|Fairy\n|move|p2a: Snow Doggy|Freeze-Dry|p1a: Gliscor\n|-damage|p1a: Gliscor|83\/100 tox\n|move|p1a: Gliscor|Defog|p2a: Snow Doggy\n|-unboost|p2a: Snow Doggy|evasion|1\n|-sideend|p1: testing a funni3|Spikes|[from] move: Defog|[of] p1a: Gliscor\n|-sideend|p1: testing a funni3|Toxic Spikes|[from] move: Defog|[of] p1a: Gliscor\n|-sideend|p1: testing a funni3|Stealth Rock|[from] move: Defog|[of] p1a: Gliscor\n|\n|-weather|Snow|[upkeep]\n|-heal|p1a: Gliscor|96\/100 tox|[from] ability: Poison Heal\n|upkeep\n|turn|5\n|\n|t:|1700247457\n|move|p2a: Snow Doggy|Aurora Veil|p2a: Snow Doggy\n|-sidestart|p2: SoyuzaBrother|move: Aurora Veil\n|move|p1a: Gliscor|Toxic|p2a: Snow Doggy\n|-status|p2a: Snow Doggy|tox\n|\n|-weather|Snow|[upkeep]\n|-damage|p2a: Snow Doggy|94\/100 tox|[from] psn\n|-heal|p1a: Gliscor|100\/100 tox|[from] ability: Poison Heal\n|upkeep\n|turn|6\n|\n|t:|1700247469\n|switch|p2a: Huh?|Charizard, M|100\/100\n|switch|p1a: Heatran|Heatran, M|100\/100\n|\n|-weather|Snow|[upkeep]\n|upkeep\n|turn|7\n|\n|t:|1700247479\n|switch|p1a: Latios|Latios, M|100\/100\n|detailschange|p2a: Huh?|Charizard-Mega-Y, M\n|-mega|p2a: Huh?|Charizard|Charizardite Y\n|-weather|SunnyDay|[from] ability: Drought|[of] p2a: Huh?\n|move|p2a: Huh?|Scorching Sands|p1a: Latios\n|-immune|p1a: Latios|[from] ability: Levitate\n|\n|-weather|SunnyDay|[upkeep]\n|upkeep\n|turn|8\n|\n|t:|1700247485\n|detailschange|p1a: Latios|Latios-Mega, M\n|-mega|p1a: Latios|Latios|Latiosite\n|move|p1a: Latios|Mystical Fire|p2a: Huh?\n|-resisted|p2a: Huh?\n|-crit|p2a: Huh?\n|-damage|p2a: Huh?|65\/100\n|-unboost|p2a: Huh?|spa|1\n|move|p2a: Huh?|Air Slash|p1a: Latios\n|-damage|p1a: Latios|68\/100\n|\n|-weather|SunnyDay|[upkeep]\n|upkeep\n|turn|9\n|\n|t:|1700247492\n|move|p1a: Latios|Roost|p1a: Latios\n|-heal|p1a: Latios|100\/100\n|-singleturn|p1a: Latios|move: Roost\n|move|p2a: Huh?|Air Slash|p1a: Latios\n|-crit|p1a: Latios\n|-damage|p1a: Latios|30\/100\n|\n|-weather|SunnyDay|[upkeep]\n|upkeep\n|turn|10\n|\n|t:|1700247499\n|switch|p2a: BaxKyurabur|Kyurem|100\/100\n|-ability|p2a: BaxKyurabur|Pressure\n|move|p1a: Latios|Roost|p1a: Latios\n|-heal|p1a: Latios|81\/100\n|-singleturn|p1a: Latios|move: Roost\n|\n|-weather|SunnyDay|[upkeep]\n|upkeep\n|turn|11\n|\n|t:|1700247511\n|switch|p1a: Weavile|Weavile, F|100\/100\n|-ability|p1a: Weavile|Pressure\n|-terastallize|p2a: BaxKyurabur|Ghost\n|move|p2a: BaxKyurabur|Dragon Dance|p2a: BaxKyurabur\n|-boost|p2a: BaxKyurabur|atk|1\n|-boost|p2a: BaxKyurabur|spe|1\n|\n|-weather|none\n|upkeep\n|turn|12\n|\n|t:|1700247518\n|move|p2a: BaxKyurabur|Dragon Claw|p1a: Weavile\n|-damage|p1a: Weavile|0 fnt\n|faint|p1a: Weavile\n|\n|-sideend|p2: SoyuzaBrother|move: Aurora Veil\n|upkeep\n|\n|t:|1700247526\n|switch|p1a: Buzzwole|Buzzwole|100\/100\n|turn|13\n|\n|t:|1700247529\n|move|p2a: BaxKyurabur|Icicle Spear|p1a: Buzzwole\n|-damage|p1a: Buzzwole|89\/100\n|-damage|p1a: Buzzwole|79\/100\n|-damage|p1a: Buzzwole|69\/100\n|-damage|p1a: Buzzwole|59\/100\n|-damage|p1a: Buzzwole|48\/100\n|-hitcount|p1a: Buzzwole|5\n|move|p1a: Buzzwole|Bulk Up|p1a: Buzzwole\n|-boost|p1a: Buzzwole|atk|1\n|-boost|p1a: Buzzwole|def|1\n|\n|upkeep\n|turn|14\n|\n|t:|1700247538\n|move|p2a: BaxKyurabur|Icicle Spear|p1a: Buzzwole\n|-damage|p1a: Buzzwole|42\/100\n|-damage|p1a: Buzzwole|35\/100\n|-damage|p1a: Buzzwole|28\/100\n|-damage|p1a: Buzzwole|22\/100\n|-damage|p1a: Buzzwole|14\/100\n|-hitcount|p1a: Buzzwole|5\n|move|p1a: Buzzwole|Roost|p1a: Buzzwole\n|-heal|p1a: Buzzwole|65\/100\n|-singleturn|p1a: Buzzwole|move: Roost\n|\n|upkeep\n|turn|15\n|\n|t:|1700247546\n|move|p2a: BaxKyurabur|Icicle Spear|p1a: Buzzwole\n|-damage|p1a: Buzzwole|58\/100\n|-damage|p1a: Buzzwole|51\/100\n|-damage|p1a: Buzzwole|44\/100\n|-crit|p1a: Buzzwole\n|-damage|p1a: Buzzwole|30\/100\n|-damage|p1a: Buzzwole|24\/100\n|-hitcount|p1a: Buzzwole|5\n|move|p1a: Buzzwole|Bulk Up|p1a: Buzzwole\n|-boost|p1a: Buzzwole|atk|1\n|-boost|p1a: Buzzwole|def|1\n|\n|upkeep\n|turn|16\n|\n|t:|1700247554\n|move|p2a: BaxKyurabur|Icicle Spear|p1a: Buzzwole\n|-damage|p1a: Buzzwole|19\/100\n|-damage|p1a: Buzzwole|14\/100\n|-damage|p1a: Buzzwole|8\/100\n|-damage|p1a: Buzzwole|4\/100\n|-hitcount|p1a: Buzzwole|4\n|move|p1a: Buzzwole|Roost|p1a: Buzzwole\n|-heal|p1a: Buzzwole|54\/100\n|-singleturn|p1a: Buzzwole|move: Roost\n|\n|upkeep\n|turn|17\n|\n|t:|1700247565\n|move|p2a: BaxKyurabur|Icicle Spear|p1a: Buzzwole\n|-damage|p1a: Buzzwole|49\/100\n|-damage|p1a: Buzzwole|44\/100\n|-damage|p1a: Buzzwole|39\/100\n|-damage|p1a: Buzzwole|35\/100\n|-damage|p1a: Buzzwole|30\/100\n|-hitcount|p1a: Buzzwole|5\n|move|p1a: Buzzwole|Roost|p1a: Buzzwole\n|-heal|p1a: Buzzwole|80\/100\n|-singleturn|p1a: Buzzwole|move: Roost\n|\n|upkeep\n|turn|18\n|\n|t:|1700247573\n|move|p2a: BaxKyurabur|Dragon Dance|p2a: BaxKyurabur\n|-boost|p2a: BaxKyurabur|atk|1\n|-boost|p2a: BaxKyurabur|spe|1\n|move|p1a: Buzzwole|Bulk Up|p1a: Buzzwole\n|-boost|p1a: Buzzwole|atk|1\n|-boost|p1a: Buzzwole|def|1\n|\n|upkeep\n|turn|19\n|\n|t:|1700247578\n|move|p2a: BaxKyurabur|Icicle Spear|p1a: Buzzwole\n|-damage|p1a: Buzzwole|74\/100\n|-damage|p1a: Buzzwole|69\/100\n|-damage|p1a: Buzzwole|64\/100\n|-damage|p1a: Buzzwole|58\/100\n|-hitcount|p1a: Buzzwole|4\n|move|p1a: Buzzwole|Ice Punch|p2a: BaxKyurabur\n|-damage|p2a: BaxKyurabur|46\/100\n|\n|upkeep\n|turn|20\n|\n|t:|1700247587\n|move|p2a: BaxKyurabur|Icicle Spear|p1a: Buzzwole\n|-damage|p1a: Buzzwole|53\/100\n|-damage|p1a: Buzzwole|48\/100\n|-damage|p1a: Buzzwole|42\/100\n|-crit|p1a: Buzzwole\n|-damage|p1a: Buzzwole|23\/100\n|-damage|p1a: Buzzwole|18\/100\n|-hitcount|p1a: Buzzwole|5\n|move|p1a: Buzzwole|Roost|p1a: Buzzwole\n|-heal|p1a: Buzzwole|68\/100\n|-singleturn|p1a: Buzzwole|move: Roost\n|\n|upkeep\n|turn|21\n|\n|t:|1700247596\n|move|p2a: BaxKyurabur|Icicle Spear|p1a: Buzzwole\n|-damage|p1a: Buzzwole|63\/100\n|-damage|p1a: Buzzwole|57\/100\n|-damage|p1a: Buzzwole|51\/100\n|-damage|p1a: Buzzwole|45\/100\n|-damage|p1a: Buzzwole|40\/100\n|-hitcount|p1a: Buzzwole|5\n|move|p1a: Buzzwole|Ice Punch|p2a: BaxKyurabur\n|-damage|p2a: BaxKyurabur|0 fnt\n|faint|p2a: BaxKyurabur\n|-ability|p1a: Buzzwole|Beast Boost|boost\n|-boost|p1a: Buzzwole|def|1\n|\n|upkeep\n|\n|t:|1700247611\n|switch|p2a: Huh?|Charizard-Mega-Y, M|65\/100\n|-weather|SunnyDay|[from] ability: Drought|[of] p2a: Huh?\n|turn|22\n|\n|t:|1700247622\n|switch|p1a: Latios|Latios-Mega, M|81\/100\n|move|p2a: Huh?|Flamethrower|p1a: Latios\n|-resisted|p1a: Latios\n|-damage|p1a: Latios|39\/100\n|\n|-weather|SunnyDay|[upkeep]\n|upkeep\n|turn|23\n|\n|t:|1700247629\n|move|p1a: Latios|Roost|p1a: Latios\n|-heal|p1a: Latios|89\/100\n|-singleturn|p1a: Latios|move: Roost\n|move|p2a: Huh?|Flamethrower|p1a: Latios\n|-resisted|p1a: Latios\n|-damage|p1a: Latios|43\/100\n|\n|-weather|SunnyDay|[upkeep]\n|upkeep\n|turn|24\n|\n|t:|1700247637\n|move|p1a: Latios|Psychic|p2a: Huh?\n|-damage|p2a: Huh?|6\/100\n|move|p2a: Huh?|Flamethrower|p1a: Latios\n|-resisted|p1a: Latios\n|-damage|p1a: Latios|0 fnt\n|faint|p1a: Latios\n|\n|-weather|SunnyDay|[upkeep]\n|upkeep\n|\n|t:|1700247645\n|switch|p1a: Ogerpon|Ogerpon-Wellspring, F|100\/100\n|turn|25\n|\n|t:|1700247650\n|switch|p2a: Spooky Sword|Aegislash, F|100\/100\n|move|p1a: Ogerpon|Ivy Cudgel|p2a: Spooky Sword|[anim] Ivy Cudgel Water\n|-damage|p2a: Spooky Sword|82\/100\n|\n|-weather|SunnyDay|[upkeep]\n|-heal|p2a: Spooky Sword|88\/100|[from] item: Leftovers\n|upkeep\n|turn|26\n|\n|t:|1700247656\n|switch|p1a: Heatran|Heatran, M|100\/100\n|-formechange|p2a: Spooky Sword|Aegislash-Blade||[from] ability: Stance Change\n|move|p2a: Spooky Sword|Shadow Ball|p1a: Heatran\n|-damage|p1a: Heatran|79\/100\n|\n|-weather|none\n|-heal|p1a: Heatran|85\/100|[from] item: Leftovers\n|-heal|p2a: Spooky Sword|94\/100|[from] item: Leftovers\n|upkeep\n|turn|27\n|\n|t:|1700247665\n|-formechange|p2a: Spooky Sword|Aegislash||[from] ability: Stance Change\n|move|p2a: Spooky Sword|King's Shield|p2a: Spooky Sword\n|-singleturn|p2a: Spooky Sword|Protect\n|move|p1a: Heatran|Stealth Rock|p2a: Spooky Sword\n|-sidestart|p2: SoyuzaBrother|move: Stealth Rock\n|\n|-heal|p1a: Heatran|91\/100|[from] item: Leftovers\n|-heal|p2a: Spooky Sword|99\/100|[from] item: Leftovers\n|upkeep\n|turn|28\n|\n|t:|1700247672\n|move|p1a: Heatran|Magma Storm|p2a: Spooky Sword|[miss]\n|-miss|p1a: Heatran|p2a: Spooky Sword\n|-formechange|p2a: Spooky Sword|Aegislash-Blade||[from] ability: Stance Change\n|move|p2a: Spooky Sword|Shadow Ball|p1a: Heatran\n|-damage|p1a: Heatran|66\/100\n|\n|-heal|p1a: Heatran|72\/100|[from] item: Leftovers\n|-heal|p2a: Spooky Sword|100\/100|[from] item: Leftovers\n|upkeep\n|turn|29\n|\n|t:|1700247680\n|move|p1a: Heatran|Magma Storm|p2a: Spooky Sword\n|-supereffective|p2a: Spooky Sword\n|-damage|p2a: Spooky Sword|0 fnt\n|faint|p2a: Spooky Sword\n|\n|-heal|p1a: Heatran|79\/100|[from] item: Leftovers\n|upkeep\n|\n|t:|1700247684\n|switch|p2a: Manny|Great Tusk|100\/100\n|-damage|p2a: Manny|98\/100|[from] Stealth Rock\n|turn|30\n|\n|t:|1700247691\n|switch|p1a: Buzzwole|Buzzwole|40\/100\n|move|p2a: Manny|Rapid Spin|p1a: Buzzwole\n|-damage|p1a: Buzzwole|32\/100\n|-boost|p2a: Manny|spe|1\n|-sideend|p2: SoyuzaBrother|Stealth Rock|[from] move: Rapid Spin|[of] p2a: Manny\n|\n|-heal|p2a: Manny|100\/100|[from] item: Leftovers\n|upkeep\n|turn|31\n|\n|t:|1700247700\n|-end|p2a: Manny|Protosynthesis|[silent]\n|switch|p2a: Huh?|Charizard-Mega-Y, M|6\/100\n|-weather|SunnyDay|[from] ability: Drought|[of] p2a: Huh?\n|move|p1a: Buzzwole|Roost|p1a: Buzzwole\n|-heal|p1a: Buzzwole|82\/100\n|-singleturn|p1a: Buzzwole|move: Roost\n|\n|-weather|SunnyDay|[upkeep]\n|upkeep\n|turn|32\n|\n|t:|1700247706\n|switch|p1a: Heatran|Heatran, M|79\/100\n|move|p2a: Huh?|Air Slash|p1a: Heatran\n|-resisted|p1a: Heatran\n|-damage|p1a: Heatran|62\/100\n|\n|-weather|SunnyDay|[upkeep]\n|-heal|p1a: Heatran|68\/100|[from] item: Leftovers\n|upkeep\n|turn|33\n|\n|t:|1700247713\n|move|p2a: Huh?|Scorching Sands|p1a: Heatran\n|-supereffective|p1a: Heatran\n|-damage|p1a: Heatran|0 fnt\n|faint|p1a: Heatran\n|\n|-weather|SunnyDay|[upkeep]\n|upkeep\n|\n|t:|1700247718\n|switch|p1a: Ogerpon|Ogerpon-Wellspring, F|100\/100\n|turn|34\n|\n|t:|1700247722\n|switch|p2a: Snow Doggy|Ninetales-Alola, M|94\/100 tox\n|-weather|Snow|[from] ability: Snow Warning|[of] p2a: Snow Doggy\n|move|p1a: Ogerpon|Ivy Cudgel|p2a: Snow Doggy|[anim] Ivy Cudgel Water\n|-damage|p2a: Snow Doggy|45\/100 tox\n|\n|-weather|Snow|[upkeep]\n|-damage|p2a: Snow Doggy|39\/100 tox|[from] psn\n|upkeep\n|turn|35\n|\n|t:|1700247726\n|move|p1a: Ogerpon|Ivy Cudgel|p2a: Snow Doggy|[anim] Ivy Cudgel Water\n|-damage|p2a: Snow Doggy|0 fnt\n|faint|p2a: Snow Doggy\n|\n|-weather|Snow|[upkeep]\n|upkeep\n|\n|t:|1700247730\n|switch|p2a: Huh?|Charizard-Mega-Y, M|6\/100\n|-weather|SunnyDay|[from] ability: Drought|[of] p2a: Huh?\n|turn|36\n|\n|t:|1700247735\n|move|p1a: Ogerpon|Ivy Cudgel|p2a: Huh?|[anim] Ivy Cudgel Water\n|-supereffective|p2a: Huh?\n|-damage|p2a: Huh?|0 fnt\n|faint|p2a: Huh?\n|\n|-weather|SunnyDay|[upkeep]\n|upkeep\n|\n|t:|1700247737\n|switch|p2a: Manny|Great Tusk|100\/100\n|-activate|p2a: Manny|ability: Protosynthesis\n|-start|p2a: Manny|protosynthesisatk\n|turn|37\n|\n|t:|1700247741\n|switch|p1a: Buzzwole|Buzzwole|82\/100\n|move|p2a: Manny|Close Combat|p1a: Buzzwole\n|-resisted|p1a: Buzzwole\n|-damage|p1a: Buzzwole|64\/100\n|-unboost|p2a: Manny|def|1\n|-unboost|p2a: Manny|spd|1\n|\n|-weather|SunnyDay|[upkeep]\n|upkeep\n|turn|38\n|\n|t:|1700247746\n|move|p2a: Manny|Rapid Spin|p1a: Buzzwole\n|-damage|p1a: Buzzwole|54\/100\n|-boost|p2a: Manny|spe|1\n|move|p1a: Buzzwole|Roost|p1a: Buzzwole\n|-heal|p1a: Buzzwole|100\/100\n|-singleturn|p1a: Buzzwole|move: Roost\n|\n|-weather|SunnyDay|[upkeep]\n|upkeep\n|turn|39\n|\n|t:|1700247750\n|move|p2a: Manny|Knock Off|p1a: Buzzwole\n|-resisted|p1a: Buzzwole\n|-damage|p1a: Buzzwole|90\/100\n|-enditem|p1a: Buzzwole|Heavy-Duty Boots|[from] move: Knock Off|[of] p2a: Manny\n|move|p1a: Buzzwole|Ice Punch|p2a: Manny\n|-supereffective|p2a: Manny\n|-damage|p2a: Manny|50\/100\n|\n|-weather|SunnyDay|[upkeep]\n|-heal|p2a: Manny|56\/100|[from] item: Leftovers\n|upkeep\n|turn|40\n|\n|t:|1700247758\n|move|p2a: Manny|Headlong Rush|p1a: Buzzwole\n|-resisted|p1a: Buzzwole\n|-damage|p1a: Buzzwole|70\/100\n|-unboost|p2a: Manny|def|1\n|-unboost|p2a: Manny|spd|1\n|move|p1a: Buzzwole|Bulk Up|p1a: Buzzwole\n|-boost|p1a: Buzzwole|atk|1\n|-boost|p1a: Buzzwole|def|1\n|\n|-weather|none\n|-end|p2a: Manny|Protosynthesis\n|-heal|p2a: Manny|62\/100|[from] item: Leftovers\n|upkeep\n|turn|41\n|-message|SoyuzaBrother forfeited.\n|\n|win|testing a funni3\n|raw|testing a funni3's rating: 1457 &rarr; <strong>1480<\/strong><br \/>(+23 for winning)\n|raw|SoyuzaBrother's rating: 1515 &rarr; <strong>1492<\/strong><br \/>(-23 for losing)\n|l|\u2606SoyuzaBrother\n","uploadtime":1700247766,"views":10,"p1id":"testingafunni3","p2id":"soyuzabrother","formatid":"gen9nationaldex","rating":1480,"private":0,"password":""}