{"id":"gen9nationaldex-1995186836","p1":"NDSNEZ Zoro","p2":"PureCompany","format":"[Gen 9] National Dex","log":"|html|<div class=\"broadcast-blue\"><strong>[Gen 9] National Dex is currently suspecting Sneasler! For information on how to participate check out the <a href=\"https:\/\/www.smogon.com\/forums\/threads\/sv-national-dex-suspect-8-just-dance.3731534\/\">suspect thread<\/a>.<\/strong><\/div>\n|j|\u2606NDSNEZ Zoro\n|j|\u2606PureCompany\n|t:|1700532321\n|gametype|singles\n|player|p1|NDSNEZ Zoro|lusamine-nihilego|1328\n|player|p2|PureCompany|169|1461\n|teamsize|p1|6\n|teamsize|p2|6\n|gen|9\n|tier|[Gen 9] National Dex\n|rated|\n|rule|HP Percentage Mod: HP is shown in percentages\n|rule|Endless Battle Clause: Forcing endless battles is banned\n|rule|OHKO Clause: OHKO moves are banned\n|rule|Evasion Clause: Evasion abilities, items, and moves are banned\n|rule|Evasion Abilities Clause: Evasion abilities are banned\n|rule|Evasion Items Clause: Evasion items are banned\n|rule|Evasion Moves Clause: Evasion moves are banned\n|rule|Species Clause: Limit one of each Pok\u00e9mon\n|rule|Sleep Clause Mod: Limit one foe put to sleep\n|clearpoke\n|poke|p1|Grimmsnarl, M|\n|poke|p1|Iron Hands|\n|poke|p1|Gyarados, M|\n|poke|p1|Cresselia, F|\n|poke|p1|Ursaluna, M|\n|poke|p1|Iron Valiant|\n|poke|p2|Pelipper, M|\n|poke|p2|Tapu Koko|\n|poke|p2|Greninja-*, M|\n|poke|p2|Barraskewda, M|\n|poke|p2|Swampert, F|\n|poke|p2|Rillaboom, M|\n|teampreview\n|\n|t:|1700532369\n|start\n|switch|p1a: SUS TERA DNB VOTER|Grimmsnarl, M, shiny|100\/100\n|switch|p2a: Rillaboom|Rillaboom, M|100\/100\n|-fieldstart|move: Grassy Terrain|[from] ability: Grassy Surge|[of] p2a: Rillaboom\n|turn|1\n|\n|t:|1700532385\n|-terastallize|p2a: Rillaboom|Grass\n|move|p2a: Rillaboom|Grassy Glide|p1a: SUS TERA DNB VOTER\n|-damage|p1a: SUS TERA DNB VOTER|38\/100\n|move|p1a: SUS TERA DNB VOTER|Reflect|p1a: SUS TERA DNB VOTER\n|-sidestart|p1: NDSNEZ Zoro|Reflect\n|\n|-heal|p1a: SUS TERA DNB VOTER|44\/100|[from] Grassy Terrain\n|upkeep\n|turn|2\n|j| 221savage\n|\n|t:|1700532413\n|move|p2a: Rillaboom|Grassy Glide|p1a: SUS TERA DNB VOTER\n|-damage|p1a: SUS TERA DNB VOTER|12\/100\n|move|p1a: SUS TERA DNB VOTER|Light Screen|p1a: SUS TERA DNB VOTER\n|-sidestart|p1: NDSNEZ Zoro|move: Light Screen\n|\n|-heal|p1a: SUS TERA DNB VOTER|18\/100|[from] Grassy Terrain\n|upkeep\n|turn|3\n|\n|t:|1700532421\n|move|p2a: Rillaboom|Grassy Glide|p1a: SUS TERA DNB VOTER\n|-damage|p1a: SUS TERA DNB VOTER|0 fnt\n|faint|p1a: SUS TERA DNB VOTER\n|\n|upkeep\n|\n|t:|1700532428\n|switch|p1a: DJ KHALED|Cresselia, F, shiny|100\/100\n|turn|4\n|c| 221savage|hello mr. voter, it is i !!! the pokemon guru\n|\n|t:|1700532435\n|switch|p2a: Pelipper|Pelipper, M|100\/100\n|-weather|RainDance|[from] ability: Drizzle|[of] p2a: Pelipper\n|-terastallize|p1a: DJ KHALED|Poison\n|move|p1a: DJ KHALED|Calm Mind|p1a: DJ KHALED\n|-boost|p1a: DJ KHALED|spa|1\n|-boost|p1a: DJ KHALED|spd|1\n|\n|-weather|RainDance|[upkeep]\n|upkeep\n|turn|5\n|c| 221savage|i just stopped by to say\n|\n|t:|1700532445\n|move|p1a: DJ KHALED|Calm Mind|p1a: DJ KHALED\n|-boost|p1a: DJ KHALED|spa|1\n|-boost|p1a: DJ KHALED|spd|1\n|move|p2a: Pelipper|U-turn|p1a: DJ KHALED\n|-resisted|p1a: DJ KHALED\n|-damage|p1a: DJ KHALED|99\/100\n|-enditem|p1a: DJ KHALED|Kee Berry|[eat]\n|-boost|p1a: DJ KHALED|def|1|[from] item: Kee Berry\n|c| 221savage|according to my calculations\n|c| 221savage|i would have won regardless of crit\n|c|\u2606NDSNEZ Zoro|how so\n|\n|t:|1700532459\n|switch|p2a: Tapu Koko|Tapu Koko|100\/100|[from] U-turn\n|-fieldstart|move: Electric Terrain|[from] ability: Electric Surge|[of] p2a: Tapu Koko\n|\n|-weather|RainDance|[upkeep]\n|upkeep\n|turn|6\n|c|\u2606NDSNEZ Zoro|calc that one out for me\n|\n|t:|1700532466\n|move|p2a: Tapu Koko|Defog|p1a: DJ KHALED\n|-unboost|p1a: DJ KHALED|evasion|1\n|-sideend|p1: NDSNEZ Zoro|Reflect\n|-sideend|p1: NDSNEZ Zoro|move: Light Screen\n|-fieldend|move: Electric Terrain\n|move|p1a: DJ KHALED|Calm Mind|p1a: DJ KHALED\n|-boost|p1a: DJ KHALED|spa|1\n|-boost|p1a: DJ KHALED|spd|1\n|\n|-weather|RainDance|[upkeep]\n|upkeep\n|turn|7\n|c| 221savage|tsareena wouldve given gyarados a mighty bottom whoopin\n|c| 221savage|thats how\n|c|\u2606NDSNEZ Zoro|was it scarf tsareena?\n|\n|t:|1700532482\n|move|p2a: Tapu Koko|Thunder|p1a: DJ KHALED\n|-damage|p1a: DJ KHALED|88\/100\n|move|p1a: DJ KHALED|Stored Power|p2a: Tapu Koko\n|-damage|p2a: Tapu Koko|0 fnt\n|faint|p2a: Tapu Koko\n|\n|-weather|RainDance|[upkeep]\n|upkeep\n|c| 221savage|nope\n|c|\u2606NDSNEZ Zoro|then u lost\n|\n|t:|1700532493\n|switch|p2a: Barraskewda|Barraskewda, M|100\/100\n|turn|8\n|c| 221savage|but i can assure you tsareena wouldve lived a +1 crunch\n|c|\u2606NDSNEZ Zoro|can't kill iron hands back\n|\n|t:|1700532522\n|move|p2a: Barraskewda|Liquidation|p1a: DJ KHALED\n|-damage|p1a: DJ KHALED|50\/100\n|move|p1a: DJ KHALED|Stored Power|p2a: Barraskewda\n|-damage|p2a: Barraskewda|0 fnt\n|faint|p2a: Barraskewda\n|\n|-weather|RainDance|[upkeep]\n|upkeep\n|\n|t:|1700532532\n|switch|p2a: Swampert|Swampert, F|100\/100\n|turn|9\n|\n|t:|1700532540\n|detailschange|p2a: Swampert|Swampert-Mega, F\n|-mega|p2a: Swampert|Swampert|Swampertite\n|move|p2a: Swampert|Flip Turn|p1a: DJ KHALED\n|-crit|p1a: DJ KHALED\n|-damage|p1a: DJ KHALED|0 fnt\n|faint|p1a: DJ KHALED\n|\n|t:|1700532549\n|switch|p2a: Greninja|Greninja, M|100\/100|[from] Flip Turn\n|\n|-weather|RainDance|[upkeep]\n|upkeep\n|\n|t:|1700532574\n|switch|p1a: GALLADEORADE|Iron Valiant|100\/100\n|-enditem|p1a: GALLADEORADE|Booster Energy\n|-activate|p1a: GALLADEORADE|ability: Quark Drive|[fromitem]\n|-start|p1a: GALLADEORADE|quarkdrivespe\n|turn|10\n|c| 221savage|alright\n|c| 221savage|if that is so\n|c| 221savage|there is only one way to determine the true undisputed champion!\n|\n|t:|1700532592\n|move|p2a: Greninja|Water Shuriken|p1a: GALLADEORADE\n|-damage|p1a: GALLADEORADE|76\/100\n|-damage|p1a: GALLADEORADE|52\/100\n|-damage|p1a: GALLADEORADE|29\/100\n|-damage|p1a: GALLADEORADE|6\/100\n|-damage|p1a: GALLADEORADE|0 fnt\n|faint|p1a: GALLADEORADE\n|-end|p1a: GALLADEORADE|Quark Drive|[silent]\n|-ability|p2a: Greninja|Battle Bond|boost\n|-boost|p2a: Greninja|atk|1\n|-boost|p2a: Greninja|spa|1\n|-boost|p2a: Greninja|spe|1\n|-activate|p2a: Greninja|ability: Battle Bond\n|-hitcount|p1: GALLADEORADE|5\n|-damage|p2a: Greninja|91\/100|[from] item: Life Orb\n|\n|-weather|RainDance|[upkeep]\n|upkeep\n|c| 221savage|i will await your challenge request!\n|c| 221savage|sup purecompany whats poppin g\n|j| Ineros\n|\n|t:|1700532620\n|switch|p1a: HANDREW TATE|Iron Hands|100\/100\n|turn|11\n|c|\u2606PureCompany|Hey\n|c|\u2606PureCompany|Lol\n|c| 221savage|greetings irenos! it is i, the undisputed pokemon champion!\n|c| Ineros|What\n|c|\u2606NDSNEZ Zoro|221savage send ur venmo ill pay you $5 to shut the fuck up\n|c|\u2606PureCompany|I didn't see y'all talking until now\n|c| 221savage|i apologize mr. zoro\n|c|\u2606PureCompany|Lol\n|\n|t:|1700532664\n|move|p2a: Greninja|Hydro Pump|p1a: HANDREW TATE|[miss]\n|-miss|p2a: Greninja|p1a: HANDREW TATE\n|move|p1a: HANDREW TATE|Drain Punch|p2a: Greninja\n|-supereffective|p2a: Greninja\n|-damage|p2a: Greninja|0 fnt\n|faint|p2a: Greninja\n|\n|-weather|none\n|upkeep\n|c| 221savage|if you do not want to rematch me\n|\n|t:|1700532669\n|switch|p2a: Pelipper|Pelipper, M|100\/100\n|-weather|RainDance|[from] ability: Drizzle|[of] p2a: Pelipper\n|turn|12\n|\n|t:|1700532744\n|switch|p2a: Swampert|Swampert-Mega, F|100\/100\n|move|p1a: HANDREW TATE|Swords Dance|p1a: HANDREW TATE\n|-boost|p1a: HANDREW TATE|atk|2\n|\n|-weather|RainDance|[upkeep]\n|upkeep\n|turn|13\n|l| Ineros\n|\n|t:|1700532756\n|move|p2a: Swampert|Earthquake|p1a: HANDREW TATE\n|-supereffective|p1a: HANDREW TATE\n|-damage|p1a: HANDREW TATE|17\/100\n|move|p1a: HANDREW TATE|Drain Punch|p2a: Swampert\n|-damage|p2a: Swampert|17\/100\n|-heal|p1a: HANDREW TATE|51\/100|[from] drain|[of] p2a: Swampert\n|\n|-weather|RainDance|[upkeep]\n|upkeep\n|turn|14\n|j| Ineros\n|\n|t:|1700532767\n|-end|p1a: HANDREW TATE|Quark Drive|[silent]\n|switch|p1a: NO BOZOS|Gyarados, M, shiny|100\/100\n|-ability|p1a: NO BOZOS|Intimidate|boost\n|-unboost|p2a: Swampert|atk|1\n|move|p2a: Swampert|Flip Turn|p1a: NO BOZOS\n|-resisted|p1a: NO BOZOS\n|-damage|p1a: NO BOZOS|75\/100\n|\n|t:|1700532774\n|switch|p2a: Rillaboom|Rillaboom, M, tera:Grass|100\/100|[from] Flip Turn\n|-fieldstart|move: Grassy Terrain|[from] ability: Grassy Surge|[of] p2a: Rillaboom\n|\n|-weather|RainDance|[upkeep]\n|upkeep\n|turn|15\n|\n|t:|1700532781\n|move|p2a: Rillaboom|Grassy Glide|p1a: NO BOZOS\n|-damage|p1a: NO BOZOS|0 fnt\n|faint|p1a: NO BOZOS\n|\n|-weather|RainDance|[upkeep]\n|upkeep\n|\n|t:|1700532788\n|switch|p1a: HANDREW TATE|Iron Hands|51\/100\n|turn|16\n|c|\u2606PureCompany|What a bad game\n|c|\u2606PureCompany|Full RNG\n|c|\u2606NDSNEZ Zoro|yea i wasn't a fan either\n|\n|t:|1700532810\n|move|p2a: Rillaboom|Grassy Glide|p1a: HANDREW TATE\n|-damage|p1a: HANDREW TATE|0 fnt\n|faint|p1a: HANDREW TATE\n|-end|p1a: HANDREW TATE|Quark Drive|[silent]\n|\n|-weather|RainDance|[upkeep]\n|upkeep\n|c|\u2606NDSNEZ Zoro|u won bc of crit on cresselia\n|c| 221savage|yes an awful game indeed\n|c|\u2606NDSNEZ Zoro|i walled ur whole team forever without crits\n|\n|t:|1700532829\n|switch|p1a: YOGI BOPS|Ursaluna, M|100\/100\n|turn|17\n|j| Potatofromsinnoh\n|c|\u2606PureCompany|Still, I get to challenge 221\n|\n|t:|1700532843\n|move|p2a: Rillaboom|Grassy Glide|p1a: YOGI BOPS\n|-supereffective|p1a: YOGI BOPS\n|-damage|p1a: YOGI BOPS|0 fnt\n|faint|p1a: YOGI BOPS\n|\n|win|PureCompany\n|raw|NDSNEZ Zoro's rating: 1328 &rarr; <strong>1315<\/strong><br \/>(-13 for losing)\n|raw|PureCompany's rating: 1461 &rarr; <strong>1474<\/strong><br \/>(+13 for winning)\n|c|\u2606NDSNEZ Zoro|gg anyways ill just make a new alt\n|c| 221savage|its alright purecompany, zoro cried about it to me because i landed one crit on him as well\n|l| Ineros\n|c| 221savage|we are all the same!\n|c|\u2606NDSNEZ Zoro|can you shut up\n|c| 221savage|i apologize\n|l|\u2606NDSNEZ Zoro\n|c| 221savage|who would like to challenge me for the title\n|c| 221savage|of undisputed pokemon champion!\n|l| Potatofromsinnoh\n","uploadtime":1700532647,"views":2,"p1id":"ndsnezzoro","p2id":"purecompany","formatid":"gen9nationaldex","rating":1315,"private":0,"password":""}