{"id":"gen9nationaldex-1989255450","p1":"KlemKorn86!","p2":"Brick_Enjoyer_144","format":"[Gen 9] National Dex","log":"|j|\u2606KlemKorn86!\n|j|\u2606Brick_Enjoyer_144\n|t:|1699828580\n|gametype|singles\n|player|p1|KlemKorn86!|roughneck-gen4|1109\n|player|p2|Brick_Enjoyer_144|shauntal|1122\n|teamsize|p1|6\n|teamsize|p2|6\n|gen|9\n|tier|[Gen 9] National Dex\n|rated|\n|rule|HP Percentage Mod: HP is shown in percentages\n|rule|Endless Battle Clause: Forcing endless battles is banned\n|rule|OHKO Clause: OHKO moves are banned\n|rule|Evasion Clause: Evasion abilities, items, and moves are banned\n|rule|Evasion Abilities Clause: Evasion abilities are banned\n|rule|Evasion Items Clause: Evasion items are banned\n|rule|Evasion Moves Clause: Evasion moves are banned\n|rule|Species Clause: Limit one of each Pok\u00e9mon\n|rule|Sleep Clause Mod: Limit one foe put to sleep\n|clearpoke\n|poke|p1|Sableye, M|\n|poke|p1|Tapu Koko|\n|poke|p1|Blaziken, F|\n|poke|p1|Snorlax, F|\n|poke|p1|Iron Treads|\n|poke|p1|Samurott-Hisui, F|\n|poke|p2|Iron Valiant|\n|poke|p2|Medicham, M|\n|poke|p2|Durant, F|\n|poke|p2|Urshifu-*, M|\n|poke|p2|Hydreigon, F|\n|poke|p2|Maushold|\n|teampreview\n|inactive|Battle timer is ON: inactive players will automatically lose when time's up. (requested by Brick_Enjoyer_144)\n|\n|t:|1699828590\n|start\n|switch|p1a: Sableye|Sableye, M|100\/100\n|switch|p2a: Durant|Durant, F|100\/100\n|turn|1\n|\n|t:|1699828600\n|detailschange|p1a: Sableye|Sableye-Mega, M\n|-mega|p1a: Sableye|Sableye|Sablenite\n|move|p2a: Durant|Hone Claws|p2a: Durant\n|-boost|p2a: Durant|atk|1\n|-boost|p2a: Durant|accuracy|1\n|move|p1a: Sableye|Knock Off|p2a: Durant\n|-damage|p2a: Durant|67\/100\n|-enditem|p2a: Durant|Focus Sash|[from] move: Knock Off|[of] p1a: Sableye\n|\n|upkeep\n|turn|2\n|\n|t:|1699828612\n|move|p2a: Durant|Iron Head|p1a: Sableye\n|-damage|p1a: Sableye|33\/100\n|cant|p1a: Sableye|flinch\n|\n|upkeep\n|turn|3\n|\n|t:|1699828619\n|move|p1a: Sableye|Protect|p1a: Sableye\n|-singleturn|p1a: Sableye|Protect\n|move|p2a: Durant|Iron Head|p1a: Sableye\n|-activate|p1a: Sableye|move: Protect\n|\n|upkeep\n|turn|4\n|\n|t:|1699828627\n|move|p2a: Durant|Iron Head|p1a: Sableye\n|-damage|p1a: Sableye|0 fnt\n|faint|p1a: Sableye\n|\n|upkeep\n|\n|t:|1699828637\n|switch|p1a: Blaziken|Blaziken, F, shiny|100\/100\n|turn|5\n|\n|t:|1699828640\n|move|p1a: Blaziken|Protect|p1a: Blaziken\n|-singleturn|p1a: Blaziken|Protect\n|move|p2a: Durant|Stomping Tantrum|p1a: Blaziken\n|-activate|p1a: Blaziken|move: Protect\n|\n|-ability|p1a: Blaziken|Speed Boost|boost\n|-boost|p1a: Blaziken|spe|1\n|upkeep\n|turn|6\n|\n|t:|1699828650\n|move|p1a: Blaziken|Blaze Kick|p2a: Durant\n|-supereffective|p2a: Durant\n|-damage|p2a: Durant|0 fnt\n|faint|p2a: Durant\n|\n|-ability|p1a: Blaziken|Speed Boost|boost\n|-boost|p1a: Blaziken|spe|1\n|upkeep\n|\n|t:|1699828673\n|switch|p2a: Iron Valiant|Iron Valiant|100\/100\n|turn|7\n|\n|t:|1699828682\n|move|p1a: Blaziken|Protect|p1a: Blaziken\n|-singleturn|p1a: Blaziken|Protect\n|move|p2a: Iron Valiant|Psychic|p1a: Blaziken\n|-activate|p1a: Blaziken|move: Protect\n|\n|-ability|p1a: Blaziken|Speed Boost|boost\n|-boost|p1a: Blaziken|spe|1\n|upkeep\n|turn|8\n|\n|t:|1699828691\n|switch|p1a: Tapu Koko|Tapu Koko|100\/100\n|-fieldstart|move: Electric Terrain|[from] ability: Electric Surge|[of] p1a: Tapu Koko\n|-activate|p2a: Iron Valiant|ability: Quark Drive\n|-start|p2a: Iron Valiant|quarkdrivespe\n|move|p2a: Iron Valiant|Psychic|p1a: Tapu Koko\n|-damage|p1a: Tapu Koko|33\/100\n|\n|upkeep\n|turn|9\n|\n|t:|1699828704\n|switch|p1a: Iron Treads|Iron Treads|100\/100\n|-activate|p1a: Iron Treads|ability: Quark Drive\n|-start|p1a: Iron Treads|quarkdrivespe\n|move|p2a: Iron Valiant|Psychic|p1a: Iron Treads\n|-resisted|p1a: Iron Treads\n|-damage|p1a: Iron Treads|68\/100\n|\n|upkeep\n|turn|10\n|\n|t:|1699828723\n|-end|p2a: Iron Valiant|Quark Drive|[silent]\n|switch|p2a: Urshifu|Urshifu-Rapid-Strike, M|100\/100\n|move|p1a: Iron Treads|Steel Roller|p2a: Urshifu\n|-resisted|p2a: Urshifu\n|-damage|p2a: Urshifu|51\/100\n|-fieldend|move: Electric Terrain\n|-end|p1a: Iron Treads|Quark Drive\n|\n|upkeep\n|turn|11\n|\n|t:|1699828734\n|-end|p1a: Iron Treads|Quark Drive|[silent]\n|switch|p1a: Tapu Koko|Tapu Koko|33\/100\n|-fieldstart|move: Electric Terrain|[from] ability: Electric Surge|[of] p1a: Tapu Koko\n|move|p2a: Urshifu|Surging Strikes|p1a: Tapu Koko\n|-crit|p1a: Tapu Koko\n|-damage|p1a: Tapu Koko|5\/100\n|-crit|p1a: Tapu Koko\n|-damage|p1a: Tapu Koko|0 fnt\n|faint|p1a: Tapu Koko\n|-hitcount|p1: Tapu Koko|2\n|\n|upkeep\n|c|\u2606KlemKorn86!|two crits is crazy\n|inactive|KlemKorn86! has 120 seconds left.\n|\n|t:|1699828755\n|switch|p1a: Iron Treads|Iron Treads|68\/100\n|-activate|p1a: Iron Treads|ability: Quark Drive\n|-start|p1a: Iron Treads|quarkdrivespe\n|turn|12\n|c|\u2606Brick_Enjoyer_144|Surging strikes always crits\n|\n|t:|1699828763\n|move|p1a: Iron Treads|Wild Charge|p2a: Urshifu\n|-supereffective|p2a: Urshifu\n|-damage|p2a: Urshifu|0 fnt\n|faint|p2a: Urshifu\n|-damage|p1a: Iron Treads|55\/100|[from] Recoil\n|\n|upkeep\n|c|\u2606KlemKorn86!|dead ass?\n|c|\u2606KlemKorn86!|thats nuts\n|\n|t:|1699828778\n|switch|p2a: Iron Valiant|Iron Valiant|100\/100\n|-activate|p2a: Iron Valiant|ability: Quark Drive\n|-start|p2a: Iron Valiant|quarkdrivespe\n|turn|13\n|\n|t:|1699828784\n|move|p2a: Iron Valiant|Aura Sphere|p1a: Iron Treads\n|-supereffective|p1a: Iron Treads\n|-damage|p1a: Iron Treads|0 fnt\n|faint|p1a: Iron Treads\n|-end|p1a: Iron Treads|Quark Drive|[silent]\n|\n|upkeep\n|\n|t:|1699828795\n|switch|p1a: Snorlax|Snorlax, F, shiny|100\/100\n|turn|14\n|\n|t:|1699828808\n|move|p2a: Iron Valiant|Aura Sphere|p1a: Snorlax\n|-supereffective|p1a: Snorlax\n|-damage|p1a: Snorlax|45\/100\n|-enditem|p1a: Snorlax|Figy Berry|[eat]\n|-heal|p1a: Snorlax|78\/100|[from] item: Figy Berry\n|move|p1a: Snorlax|Darkest Lariat|p2a: Iron Valiant\n|-resisted|p2a: Iron Valiant\n|-damage|p2a: Iron Valiant|94\/100\n|\n|upkeep\n|turn|15\n|\n|t:|1699828820\n|-terastallize|p1a: Snorlax|Ghost\n|move|p2a: Iron Valiant|Aura Sphere|p1a: Snorlax\n|-immune|p1a: Snorlax\n|move|p1a: Snorlax|Recycle|p1a: Snorlax\n|-item|p1a: Snorlax|Figy Berry|[from] move: Recycle\n|\n|-fieldend|move: Electric Terrain\n|-end|p2a: Iron Valiant|Quark Drive\n|upkeep\n|turn|16\n|\n|t:|1699828831\n|-end|p2a: Iron Valiant|Quark Drive|[silent]\n|switch|p2a: Hydreigon|Hydreigon, F|100\/100\n|move|p1a: Snorlax|Facade|p2a: Hydreigon\n|-damage|p2a: Hydreigon|69\/100\n|\n|upkeep\n|turn|17\n|inactive|KlemKorn86! has 120 seconds left.\n|\n|t:|1699828854\n|switch|p1a: Blaziken|Blaziken, F, shiny|100\/100\n|move|p2a: Hydreigon|Dark Pulse|p1a: Blaziken\n|-resisted|p1a: Blaziken\n|-damage|p1a: Blaziken|55\/100\n|\n|upkeep\n|turn|18\n|\n|t:|1699828870\n|switch|p2a: Iron Valiant|Iron Valiant|94\/100\n|move|p1a: Blaziken|Swords Dance|p1a: Blaziken\n|-boost|p1a: Blaziken|atk|2\n|\n|-ability|p1a: Blaziken|Speed Boost|boost\n|-boost|p1a: Blaziken|spe|1\n|upkeep\n|turn|19\n|\n|t:|1699828882\n|move|p1a: Blaziken|Protect|p1a: Blaziken\n|-singleturn|p1a: Blaziken|Protect\n|move|p2a: Iron Valiant|Psychic|p1a: Blaziken\n|-activate|p1a: Blaziken|move: Protect\n|\n|-ability|p1a: Blaziken|Speed Boost|boost\n|-boost|p1a: Blaziken|spe|1\n|upkeep\n|turn|20\n|\n|t:|1699828900\n|move|p1a: Blaziken|Blaze Kick|p2a: Iron Valiant\n|-damage|p2a: Iron Valiant|0 fnt\n|faint|p2a: Iron Valiant\n|-end|p2a: Iron Valiant|Quark Drive|[silent]\n|\n|-ability|p1a: Blaziken|Speed Boost|boost\n|-boost|p1a: Blaziken|spe|1\n|upkeep\n|\n|t:|1699828908\n|switch|p2a: Hydreigon|Hydreigon, F|69\/100\n|turn|21\n|\n|t:|1699828915\n|move|p1a: Blaziken|Close Combat|p2a: Hydreigon\n|-supereffective|p2a: Hydreigon\n|-damage|p2a: Hydreigon|0 fnt\n|-unboost|p1a: Blaziken|def|1\n|-unboost|p1a: Blaziken|spd|1\n|faint|p2a: Hydreigon\n|\n|-ability|p1a: Blaziken|Speed Boost|boost\n|-boost|p1a: Blaziken|spe|1\n|upkeep\n|\n|t:|1699828924\n|switch|p2a: Medicham|Medicham, M|100\/100\n|turn|22\n|\n|t:|1699828933\n|detailschange|p2a: Medicham|Medicham-Mega, M\n|-mega|p2a: Medicham|Medicham|Medichamite\n|move|p1a: Blaziken|Protect|p1a: Blaziken\n|-singleturn|p1a: Blaziken|Protect\n|move|p2a: Medicham|Zen Headbutt|p1a: Blaziken\n|-activate|p1a: Blaziken|move: Protect\n|\n|-ability|p1a: Blaziken|Speed Boost|boost\n|-boost|p1a: Blaziken|spe|1\n|upkeep\n|turn|23\n|\n|t:|1699828941\n|move|p1a: Blaziken|Blaze Kick|p2a: Medicham\n|-damage|p2a: Medicham|0 fnt\n|faint|p2a: Medicham\n|\n|-ability|p1a: Blaziken|Speed Boost|boost\n|-boost|p1a: Blaziken|spe|1\n|upkeep\n|c|\u2606KlemKorn86!|ggs lol\n|\n|t:|1699828948\n|switch|p2a: Maushold|Maushold|100\/100\n|turn|24\n|\n|t:|1699828953\n|move|p1a: Blaziken|Protect|p1a: Blaziken\n|-singleturn|p1a: Blaziken|Protect\n|move|p2a: Maushold|Aerial Ace|p1a: Blaziken\n|-activate|p1a: Blaziken|move: Protect\n|\n|upkeep\n|turn|25\n|\n|t:|1699828960\n|move|p1a: Blaziken|Blaze Kick|p2a: Maushold\n|-damage|p2a: Maushold|0 fnt\n|faint|p2a: Maushold\n|\n|win|KlemKorn86!\n|raw|KlemKorn86!'s rating: 1109 &rarr; <strong>1135<\/strong><br \/>(+26 for winning)\n|raw|Brick_Enjoyer_144's rating: 1122 &rarr; <strong>1096<\/strong><br \/>(-26 for losing)\n","uploadtime":1699828967,"views":5,"p1id":"klemkorn86","p2id":"brickenjoyer144","formatid":"gen9nationaldex","rating":1096,"private":0,"password":""}