{"id":"gen9nationaldex-1991664624","p1":"Solaris2003","p2":"BriefStar","format":"[Gen 9] National Dex","log":"|j|\u2606Solaris2003\n|j|\u2606BriefStar\n|t:|1700100083\n|gametype|singles\n|player|p1|Solaris2003|169|\n|player|p2|BriefStar|benga|\n|teamsize|p1|6\n|teamsize|p2|6\n|gen|9\n|tier|[Gen 9] National Dex\n|rule|HP Percentage Mod: HP is shown in percentages\n|rule|Endless Battle Clause: Forcing endless battles is banned\n|rule|OHKO Clause: OHKO moves are banned\n|rule|Evasion Clause: Evasion abilities, items, and moves are banned\n|rule|Evasion Abilities Clause: Evasion abilities are banned\n|rule|Evasion Items Clause: Evasion items are banned\n|rule|Evasion Moves Clause: Evasion moves are banned\n|rule|Species Clause: Limit one of each Pok\u00e9mon\n|rule|Sleep Clause Mod: Limit one foe put to sleep\n|clearpoke\n|poke|p1|Cinderace, M|\n|poke|p1|Lycanroc-Dusk, M|\n|poke|p1|Noivern, F|\n|poke|p1|Copperajah, M|\n|poke|p1|Leafeon, F|\n|poke|p1|Flaaffy, M|\n|poke|p2|Torkoal, F|\n|poke|p2|Tinkaton, F|\n|poke|p2|Bellibolt, F|\n|poke|p2|Mismagius, M|\n|poke|p2|Charizard, F|\n|poke|p2|Fraxure, F|\n|teampreview\n|j| PyroGaleZX\n|\n|t:|1700100096\n|start\n|switch|p1a: Noivern|Noivern, F|100\/100\n|switch|p2a: Megaton|Tinkaton, F|100\/100\n|-ability|p2a: Megaton|Mold Breaker\n|turn|1\n|\n|t:|1700100107\n|switch|p1a: Copperajah|Copperajah, M|100\/100\n|move|p2a: Megaton|Knock Off|p1a: Copperajah\n|-damage|p1a: Copperajah|78\/100\n|-enditem|p1a: Copperajah|Leftovers|[from] move: Knock Off|[of] p2a: Megaton\n|\n|upkeep\n|turn|2\n|j| Jam20Jam\n|\n|t:|1700100124\n|switch|p2a: Get in MY BELLY|Bellibolt, F|100\/100\n|move|p1a: Copperajah|Heat Crash|p2a: Get in MY BELLY\n|-damage|p2a: Get in MY BELLY|73\/100\n|-start|p2a: Get in MY BELLY|Charge|Heat Crash|[from] ability: Electromorphosis\n|\n|upkeep\n|turn|3\n|\n|t:|1700100132\n|move|p2a: Get in MY BELLY|Volt Switch|p1a: Copperajah\n|-damage|p1a: Copperajah|29\/100\n|-end|p2a: Get in MY BELLY|Charge|[silent]\n|\n|t:|1700100140\n|switch|p2a: Donny|Torkoal, F|100\/100|[from] Volt Switch\n|-weather|SunnyDay|[from] ability: Drought|[of] p2a: Donny\n|move|p1a: Copperajah|Stone Edge|p2a: Donny\n|-supereffective|p2a: Donny\n|-crit|p2a: Donny\n|-damage|p2a: Donny|30\/100\n|\n|-weather|SunnyDay|[upkeep]\n|upkeep\n|turn|4\n|\n|t:|1700100150\n|move|p1a: Copperajah|Heavy Slam|p2a: Donny\n|-resisted|p2a: Donny\n|-damage|p2a: Donny|12\/100\n|move|p2a: Donny|Stealth Rock|p1a: Copperajah\n|-sidestart|p1: Solaris2003|move: Stealth Rock\n|\n|-weather|SunnyDay|[upkeep]\n|upkeep\n|turn|5\n|\n|t:|1700100157\n|move|p1a: Copperajah|Stone Edge|p2a: Donny\n|-supereffective|p2a: Donny\n|-damage|p2a: Donny|0 fnt\n|faint|p2a: Donny\n|\n|-weather|SunnyDay|[upkeep]\n|upkeep\n|\n|t:|1700100169\n|switch|p2a: Charizard|Charizard, F, shiny|100\/100\n|turn|6\n|\n|t:|1700100178\n|move|p2a: Charizard|Flamethrower|p1a: Copperajah\n|-supereffective|p1a: Copperajah\n|-damage|p1a: Copperajah|0 fnt\n|faint|p1a: Copperajah\n|\n|-weather|SunnyDay|[upkeep]\n|-damage|p2a: Charizard|88\/100|[from] ability: Solar Power|[of] p2a: Charizard\n|upkeep\n|\n|t:|1700100185\n|switch|p1a: Cinderace|Cinderace, M|100\/100\n|turn|7\n|j| HeirEhm\n|\n|t:|1700100188\n|move|p1a: Cinderace|Court Change|p1a: Cinderace\n|-start|p1a: Cinderace|typechange|Normal|[from] ability: Libero\n|-swapsideconditions\n|-activate|p1a: Cinderace|move: Court Change\n|move|p2a: Charizard|Flamethrower|p1a: Cinderace\n|-damage|p1a: Cinderace|0 fnt\n|faint|p1a: Cinderace\n|\n|-weather|SunnyDay|[upkeep]\n|-damage|p2a: Charizard|76\/100|[from] ability: Solar Power|[of] p2a: Charizard\n|upkeep\n|\n|t:|1700100200\n|switch|p1a: Lycanroc|Lycanroc-Dusk, M|100\/100\n|turn|8\n|\n|t:|1700100206\n|-terastallize|p2a: Charizard|Steel\n|move|p1a: Lycanroc|Accelerock|p2a: Charizard\n|-resisted|p2a: Charizard\n|-damage|p2a: Charizard|48\/100\n|move|p2a: Charizard|Flamethrower|p1a: Lycanroc\n|-resisted|p1a: Lycanroc\n|-damage|p1a: Lycanroc|0 fnt\n|faint|p1a: Lycanroc\n|\n|-weather|SunnyDay|[upkeep]\n|-damage|p2a: Charizard|35\/100|[from] ability: Solar Power|[of] p2a: Charizard\n|upkeep\n|\n|t:|1700100216\n|switch|p1a: Noivern|Noivern, F|100\/100\n|turn|9\n|\n|t:|1700100220\n|move|p1a: Noivern|Flamethrower|p2a: Charizard\n|-supereffective|p2a: Charizard\n|-damage|p2a: Charizard|0 fnt\n|faint|p2a: Charizard\n|-damage|p1a: Noivern|91\/100|[from] item: Life Orb\n|\n|-weather|SunnyDay|[upkeep]\n|upkeep\n|\n|t:|1700100229\n|switch|p2a: Hey There|Fraxure, F|100\/100\n|-damage|p2a: Hey There|88\/100|[from] Stealth Rock\n|-ability|p2a: Hey There|Mold Breaker\n|turn|10\n|\n|t:|1700100236\n|switch|p2a: Megaton|Tinkaton, F|100\/100\n|-damage|p2a: Megaton|94\/100|[from] Stealth Rock\n|-ability|p2a: Megaton|Mold Breaker\n|move|p1a: Noivern|Draco Meteor|p2a: Megaton\n|-immune|p2a: Megaton\n|\n|-weather|none\n|upkeep\n|turn|11\n|\n|t:|1700100246\n|switch|p1a: Flaaffy|Flaaffy, M|100\/100\n|move|p2a: Megaton|Play Rough|p1a: Flaaffy\n|-damage|p1a: Flaaffy|49\/100\n|-status|p2a: Megaton|par|[from] ability: Static|[of] p1a: Flaaffy\n|\n|upkeep\n|turn|12\n|\n|t:|1700100259\n|switch|p2a: Hey There|Fraxure, F|88\/100\n|-damage|p2a: Hey There|76\/100|[from] Stealth Rock\n|-ability|p2a: Hey There|Mold Breaker\n|move|p1a: Flaaffy|Sunny Day|p1a: Flaaffy\n|-weather|SunnyDay\n|\n|-weather|SunnyDay|[upkeep]\n|upkeep\n|turn|13\n|\n|t:|1700100268\n|move|p2a: Hey There|Stomping Tantrum|p1a: Flaaffy\n|-supereffective|p1a: Flaaffy\n|-damage|p1a: Flaaffy|0 fnt\n|faint|p1a: Flaaffy\n|\n|-weather|SunnyDay|[upkeep]\n|upkeep\n|\n|t:|1700100273\n|switch|p1a: Glockeon Jr|Leafeon, F|100\/100\n|turn|14\n|\n|t:|1700100277\n|move|p1a: Glockeon Jr|Solar Blade||[still]\n|-prepare|p1a: Glockeon Jr|Solar Blade\n|-anim|p1a: Glockeon Jr|Solar Blade|p2a: Hey There\n|-resisted|p2a: Hey There\n|-damage|p2a: Hey There|31\/100\n|-damage|p1a: Glockeon Jr|91\/100|[from] item: Life Orb\n|move|p2a: Hey There|Outrage|p1a: Glockeon Jr\n|-damage|p1a: Glockeon Jr|32\/100\n|\n|-weather|SunnyDay|[upkeep]\n|upkeep\n|turn|15\n|\n|t:|1700100287\n|move|p1a: Glockeon Jr|Knock Off|p2a: Hey There\n|-damage|p2a: Hey There|0 fnt\n|-enditem|p2a: Hey There|Eviolite|[from] move: Knock Off|[of] p1a: Glockeon Jr\n|faint|p2a: Hey There\n|-damage|p1a: Glockeon Jr|22\/100|[from] item: Life Orb\n|\n|-weather|SunnyDay|[upkeep]\n|upkeep\n|\n|t:|1700100300\n|switch|p2a: Get in MY BELLY|Bellibolt, F|73\/100\n|turn|16\n|\n|t:|1700100323\n|move|p1a: Glockeon Jr|Knock Off|p2a: Get in MY BELLY\n|-damage|p2a: Get in MY BELLY|47\/100\n|-start|p2a: Get in MY BELLY|Charge|Knock Off|[from] ability: Electromorphosis\n|-enditem|p2a: Get in MY BELLY|Heavy-Duty Boots|[from] move: Knock Off|[of] p1a: Glockeon Jr\n|-damage|p1a: Glockeon Jr|12\/100|[from] item: Life Orb\n|move|p2a: Get in MY BELLY|Volt Switch|p1a: Glockeon Jr\n|-resisted|p1a: Glockeon Jr\n|-damage|p1a: Glockeon Jr|0 fnt\n|faint|p1a: Glockeon Jr\n|-end|p2a: Get in MY BELLY|Charge|[silent]\n|\n|t:|1700100333\n|switch|p2a: Megaton|Tinkaton, F|94\/100 par|[from] Volt Switch\n|-damage|p2a: Megaton|88\/100 par|[from] Stealth Rock\n|-ability|p2a: Megaton|Mold Breaker\n|\n|-weather|SunnyDay|[upkeep]\n|upkeep\n|\n|t:|1700100339\n|switch|p1a: Noivern|Noivern, F|91\/100\n|turn|17\n|\n|t:|1700100344\n|-terastallize|p1a: Noivern|Steel\n|move|p1a: Noivern|Flamethrower|p2a: Megaton\n|-supereffective|p2a: Megaton\n|-damage|p2a: Megaton|40\/100 par\n|-damage|p1a: Noivern|81\/100|[from] item: Life Orb\n|move|p2a: Megaton|Ice Hammer|p1a: Noivern\n|-resisted|p1a: Noivern\n|-damage|p1a: Noivern|65\/100\n|-unboost|p2a: Megaton|spe|1\n|\n|-weather|SunnyDay|[upkeep]\n|upkeep\n|turn|18\n|\n|t:|1700100360\n|move|p1a: Noivern|Flamethrower|p2a: Megaton\n|-supereffective|p2a: Megaton\n|-damage|p2a: Megaton|0 fnt\n|faint|p2a: Megaton\n|-damage|p1a: Noivern|55\/100|[from] item: Life Orb\n|\n|-weather|SunnyDay|[upkeep]\n|upkeep\n|\n|t:|1700100367\n|switch|p2a: Get in MY BELLY|Bellibolt, F|47\/100\n|-damage|p2a: Get in MY BELLY|35\/100|[from] Stealth Rock\n|turn|19\n|\n|t:|1700100378\n|move|p1a: Noivern|Draco Meteor|p2a: Get in MY BELLY\n|-crit|p2a: Get in MY BELLY\n|-damage|p2a: Get in MY BELLY|0 fnt\n|-unboost|p1a: Noivern|spa|2\n|faint|p2a: Get in MY BELLY\n|-damage|p1a: Noivern|45\/100|[from] item: Life Orb\n|\n|-weather|none\n|upkeep\n|\n|t:|1700100385\n|switch|p2a: Magic|Mismagius, M|100\/100\n|-damage|p2a: Magic|88\/100|[from] Stealth Rock\n|turn|20\n|\n|t:|1700100392\n|move|p1a: Noivern|Air Slash|p2a: Magic\n|-damage|p2a: Magic|64\/100\n|-damage|p1a: Noivern|35\/100|[from] item: Life Orb\n|move|p2a: Magic|Shadow Ball|p1a: Noivern\n|-damage|p1a: Noivern|0 fnt\n|faint|p1a: Noivern\n|-damage|p2a: Magic|54\/100|[from] item: Life Orb\n|\n|win|BriefStar\n","uploadtime":1700100407,"views":9,"p1id":"solaris2003","p2id":"briefstar","formatid":"gen9nationaldex","rating":0,"private":0,"password":""}