{"id":"gen9nationaldex-1995305521","p1":"bakabamikayak","p2":"NDSNEZFurinaGaming","format":"[Gen 9] National Dex","log":"|html|<div class=\"broadcast-blue\"><strong>[Gen 9] National Dex is currently suspecting Sneasler! For information on how to participate check out the <a href=\"https:\/\/www.smogon.com\/forums\/threads\/sv-national-dex-suspect-8-just-dance.3731534\/\">suspect thread<\/a>.<\/strong><\/div>\n|j|\u2606bakabamikayak\n|j|\u2606NDSNEZFurinaGaming\n|t:|1700550504\n|gametype|singles\n|player|p1|bakabamikayak|clerkf|1341\n|player|p2|NDSNEZFurinaGaming|winona|1239\n|teamsize|p1|6\n|teamsize|p2|6\n|gen|9\n|tier|[Gen 9] National Dex\n|rated|\n|rule|HP Percentage Mod: HP is shown in percentages\n|rule|Endless Battle Clause: Forcing endless battles is banned\n|rule|OHKO Clause: OHKO moves are banned\n|rule|Evasion Clause: Evasion abilities, items, and moves are banned\n|rule|Evasion Abilities Clause: Evasion abilities are banned\n|rule|Evasion Items Clause: Evasion items are banned\n|rule|Evasion Moves Clause: Evasion moves are banned\n|rule|Species Clause: Limit one of each Pok\u00e9mon\n|rule|Sleep Clause Mod: Limit one foe put to sleep\n|clearpoke\n|poke|p1|Florges, F|\n|poke|p1|Diancie|\n|poke|p1|Cloyster, F|\n|poke|p1|Ogerpon-Cornerstone, F|\n|poke|p1|Corviknight, F|\n|poke|p1|Reuniclus, F|\n|poke|p2|Sneasler, M|\n|poke|p2|Tapu Koko|\n|poke|p2|Gyarados, F|\n|poke|p2|Volcarona, M|\n|poke|p2|Tapu Lele|\n|poke|p2|Iron Valiant|\n|teampreview\n|inactive|Battle timer is ON: inactive players will automatically lose when time's up. (requested by bakabamikayak)\n|\n|t:|1700550513\n|start\n|switch|p1a: Diancie|Diancie|100\/100\n|switch|p2a: Tapu Koko|Tapu Koko|100\/100\n|-fieldstart|move: Electric Terrain|[from] ability: Electric Surge|[of] p2a: Tapu Koko\n|turn|1\n|\n|t:|1700550521\n|move|p2a: Tapu Koko|Light Screen|p2a: Tapu Koko\n|-sidestart|p2: NDSNEZFurinaGaming|move: Light Screen\n|move|p1a: Diancie|Rock Polish|p1a: Diancie\n|-boost|p1a: Diancie|spe|2\n|\n|upkeep\n|turn|2\n|\n|t:|1700550530\n|detailschange|p1a: Diancie|Diancie-Mega\n|-mega|p1a: Diancie|Diancie|Diancite\n|move|p1a: Diancie|Diamond Storm|p2a: Tapu Koko\n|-damage|p2a: Tapu Koko|33\/100\n|move|p2a: Tapu Koko|Reflect|p2a: Tapu Koko\n|-sidestart|p2: NDSNEZFurinaGaming|Reflect\n|\n|upkeep\n|turn|3\n|\n|t:|1700550535\n|move|p1a: Diancie|Diamond Storm|p2a: Tapu Koko\n|-damage|p2a: Tapu Koko|1\/100\n|move|p2a: Tapu Koko|U-turn|p1a: Diancie\n|-resisted|p1a: Diancie\n|-damage|p1a: Diancie|89\/100\n|\n|t:|1700550557\n|switch|p2a: Volcarona|Volcarona, M|100\/100|[from] U-turn\n|\n|upkeep\n|turn|4\n|\n|t:|1700550579\n|move|p1a: Diancie|Diamond Storm|p2a: Volcarona\n|-supereffective|p2a: Volcarona\n|-damage|p2a: Volcarona|0 fnt\n|faint|p2a: Volcarona\n|\n|upkeep\n|\n|t:|1700550587\n|switch|p2a: Gyarados|Gyarados, F|100\/100\n|-ability|p2a: Gyarados|Intimidate|boost\n|-unboost|p1a: Diancie|atk|1\n|turn|5\n|\n|t:|1700550594\n|detailschange|p2a: Gyarados|Gyarados-Mega, F\n|-mega|p2a: Gyarados|Gyarados|Gyaradosite\n|-ability|p2a: Gyarados|Mold Breaker\n|move|p1a: Diancie|Protect|p1a: Diancie\n|-singleturn|p1a: Diancie|Protect\n|move|p2a: Gyarados|Waterfall|p1a: Diancie\n|-activate|p1a: Diancie|move: Protect\n|\n|-fieldend|move: Electric Terrain\n|upkeep\n|turn|6\n|\n|t:|1700550607\n|switch|p1a: Corviknight|Corviknight, F|100\/100\n|move|p2a: Gyarados|Dragon Dance|p2a: Gyarados\n|-boost|p2a: Gyarados|atk|1\n|-boost|p2a: Gyarados|spe|1\n|\n|upkeep\n|turn|7\n|\n|t:|1700550614\n|move|p2a: Gyarados|Dragon Dance|p2a: Gyarados\n|-boost|p2a: Gyarados|atk|1\n|-boost|p2a: Gyarados|spe|1\n|move|p1a: Corviknight|Defog|p2a: Gyarados\n|-unboost|p2a: Gyarados|evasion|1\n|-sideend|p2: NDSNEZFurinaGaming|Reflect\n|-sideend|p2: NDSNEZFurinaGaming|move: Light Screen\n|\n|upkeep\n|turn|8\n|\n|t:|1700550621\n|move|p2a: Gyarados|Waterfall|p1a: Corviknight\n|-damage|p1a: Corviknight|43\/100\n|-damage|p2a: Gyarados|84\/100|[from] item: Rocky Helmet|[of] p1a: Corviknight\n|move|p1a: Corviknight|U-turn|p2a: Gyarados\n|-supereffective|p2a: Gyarados\n|-damage|p2a: Gyarados|60\/100\n|\n|t:|1700550625\n|switch|p1a: Ogerpon|Ogerpon-Cornerstone, F|100\/100|[from] U-turn\n|\n|upkeep\n|turn|9\n|\n|t:|1700550631\n|move|p2a: Gyarados|Waterfall|p1a: Ogerpon\n|-damage|p1a: Ogerpon|0 fnt\n|faint|p1a: Ogerpon\n|\n|upkeep\n|c|\u2606NDSNEZFurinaGaming|Mold breaker go brrrrr\n|\n|t:|1700550650\n|switch|p1a: Cloyster|Cloyster, F|100\/100\n|turn|10\n|\n|t:|1700550664\n|move|p2a: Gyarados|Waterfall|p1a: Cloyster\n|-resisted|p1a: Cloyster\n|-damage|p1a: Cloyster|62\/100\n|move|p1a: Cloyster|Shell Smash|p1a: Cloyster\n|-unboost|p1a: Cloyster|def|1\n|-unboost|p1a: Cloyster|spd|1\n|-boost|p1a: Cloyster|atk|2\n|-boost|p1a: Cloyster|spa|2\n|-boost|p1a: Cloyster|spe|2\n|\n|upkeep\n|turn|11\n|\n|t:|1700550676\n|move|p1a: Cloyster|Rock Blast|p2a: Gyarados\n|-damage|p2a: Gyarados|48\/100\n|-damage|p2a: Gyarados|35\/100\n|-hitcount|p2a: Gyarados|2\n|move|p2a: Gyarados|Earthquake|p1a: Cloyster\n|-damage|p1a: Cloyster|0 fnt\n|faint|p1a: Cloyster\n|\n|upkeep\n|-message|bakabamikayak forfeited.\n|\n|win|NDSNEZFurinaGaming\n|raw|bakabamikayak's rating: 1341 &rarr; <strong>1315<\/strong><br \/>(-26 for losing)\n|raw|NDSNEZFurinaGaming's rating: 1239 &rarr; <strong>1271<\/strong><br \/>(+32 for winning)\n|l|\u2606bakabamikayak\n","uploadtime":1700550694,"views":3,"p1id":"bakabamikayak","p2id":"ndsnezfurinagaming","formatid":"gen9nationaldex","rating":1271,"private":0,"password":""}