{"id":"gen9nationaldex-1987910585","p1":"agstvbdgbhs","p2":"Garchompbestpsuedo","format":"[Gen 9] National Dex","log":"|j|\u2606agstvbdgbhs\n|j|\u2606Garchompbestpsuedo\n|t:|1699648295\n|gametype|singles\n|player|p1|agstvbdgbhs|candice|1000\n|player|p2|Garchompbestpsuedo|lyra|1051\n|teamsize|p1|6\n|teamsize|p2|6\n|gen|9\n|tier|[Gen 9] National Dex\n|rated|\n|rule|HP Percentage Mod: HP is shown in percentages\n|rule|Endless Battle Clause: Forcing endless battles is banned\n|rule|OHKO Clause: OHKO moves are banned\n|rule|Evasion Clause: Evasion abilities, items, and moves are banned\n|rule|Evasion Abilities Clause: Evasion abilities are banned\n|rule|Evasion Items Clause: Evasion items are banned\n|rule|Evasion Moves Clause: Evasion moves are banned\n|rule|Species Clause: Limit one of each Pok\u00e9mon\n|rule|Sleep Clause Mod: Limit one foe put to sleep\n|clearpoke\n|poke|p1|Gulpin, M|\n|poke|p1|Swellow, M|\n|poke|p1|Rhydon, M|\n|poke|p1|Slugma, F|\n|poke|p1|Sawk, M|\n|poke|p1|Machoke, M|\n|poke|p2|Flamigo, M|\n|poke|p2|Slither Wing|\n|poke|p2|Tauros-Paldea-Combat, M|\n|poke|p2|Grapploct, F|\n|poke|p2|Hitmontop, M|\n|poke|p2|Passimian, M|\n|teampreview\n|\n|t:|1699648314\n|start\n|switch|p1a: Gulpin|Gulpin, M|100\/100\n|switch|p2a: Passimian|Passimian, M|100\/100\n|turn|1\n|\n|t:|1699648322\n|move|p2a: Passimian|Bulk Up|p2a: Passimian\n|-boost|p2a: Passimian|atk|1\n|-boost|p2a: Passimian|def|1\n|move|p1a: Gulpin|Toxic Spikes|p2a: Passimian\n|-sidestart|p2: Garchompbestpsuedo|move: Toxic Spikes\n|\n|upkeep\n|turn|2\n|\n|t:|1699648329\n|move|p2a: Passimian|Bulk Up|p2a: Passimian\n|-boost|p2a: Passimian|atk|1\n|-boost|p2a: Passimian|def|1\n|move|p1a: Gulpin|Clear Smog|p2a: Passimian\n|-damage|p2a: Passimian|91\/100\n|-clearboost|p2a: Passimian\n|\n|-heal|p2a: Passimian|98\/100|[from] item: Leftovers\n|upkeep\n|turn|3\n|\n|t:|1699648340\n|move|p2a: Passimian|Bulk Up|p2a: Passimian\n|-boost|p2a: Passimian|atk|1\n|-boost|p2a: Passimian|def|1\n|move|p1a: Gulpin|Toxic Spikes|p2a: Passimian\n|-sidestart|p2: Garchompbestpsuedo|move: Toxic Spikes\n|\n|-heal|p2a: Passimian|100\/100|[from] item: Leftovers\n|upkeep\n|turn|4\n|\n|t:|1699648349\n|move|p2a: Passimian|Earthquake|p1a: Gulpin\n|-supereffective|p1a: Gulpin\n|-damage|p1a: Gulpin|0 fnt\n|faint|p1a: Gulpin\n|\n|upkeep\n|\n|t:|1699648353\n|switch|p1a: Swellow|Swellow, M|100\/100\n|turn|5\n|\n|t:|1699648359\n|-terastallize|p2a: Passimian|Steel\n|move|p1a: Swellow|Hurricane|p2a: Passimian\n|-resisted|p2a: Passimian\n|-damage|p2a: Passimian|66\/100\n|move|p2a: Passimian|Close Combat|p1a: Swellow\n|-damage|p1a: Swellow|0 fnt\n|-unboost|p2a: Passimian|def|1\n|-unboost|p2a: Passimian|spd|1\n|faint|p1a: Swellow\n|\n|-heal|p2a: Passimian|72\/100|[from] item: Leftovers\n|upkeep\n|\n|t:|1699648365\n|switch|p1a: Sawk|Sawk, M|100\/100\n|turn|6\n|inactive|Battle timer is ON: inactive players will automatically lose when time's up. (requested by Garchompbestpsuedo)\n|\n|t:|1699648376\n|switch|p2a: Flamigo|Flamigo, M|100\/100\n|move|p1a: Sawk|Endure||[still]\n|-fail|p1a: Sawk\n|\n|upkeep\n|turn|7\n|\n|t:|1699648396\n|switch|p1a: Slugma|Slugma, F, shiny|100\/100\n|move|p2a: Flamigo|Bulk Up|p2a: Flamigo\n|-boost|p2a: Flamigo|atk|1\n|-boost|p2a: Flamigo|def|1\n|\n|upkeep\n|turn|8\n|\n|t:|1699648411\n|move|p2a: Flamigo|Close Combat|p1a: Slugma\n|-enditem|p1a: Slugma|Focus Sash\n|-damage|p1a: Slugma|1\/100\n|-unboost|p2a: Flamigo|def|1\n|-unboost|p2a: Flamigo|spd|1\n|move|p1a: Slugma|Will-O-Wisp|p2a: Flamigo\n|-status|p2a: Flamigo|brn\n|\n|-damage|p2a: Flamigo|94\/100 brn|[from] brn\n|upkeep\n|turn|9\n|\n|t:|1699648422\n|move|p2a: Flamigo|Bulk Up|p2a: Flamigo\n|-boost|p2a: Flamigo|atk|1\n|-boost|p2a: Flamigo|def|1\n|move|p1a: Slugma|Memento|p2a: Flamigo\n|-unboost|p2a: Flamigo|atk|2\n|-unboost|p2a: Flamigo|spa|2\n|faint|p1a: Slugma\n|\n|-heal|p2a: Flamigo|100\/100 brn|[from] item: Leftovers\n|-damage|p2a: Flamigo|94\/100 brn|[from] brn\n|upkeep\n|-message|agstvbdgbhs forfeited.\n|\n|win|Garchompbestpsuedo\n|raw|agstvbdgbhs's rating: 1000 &rarr; <strong>1000<\/strong><br \/>(+0 for losing)\n|raw|Garchompbestpsuedo's rating: 1051 &rarr; <strong>1079<\/strong><br \/>(+28 for winning)\n|l|\u2606agstvbdgbhs\n","uploadtime":1699648437,"views":4,"p1id":"agstvbdgbhs","p2id":"garchompbestpsuedo","formatid":"gen9nationaldex","rating":1000,"private":0,"password":""}