{"id":"gen9nationaldex-1992782070","p1":"grass knot zygarde","p2":"lchx","format":"[Gen 9] National Dex","log":"|j|\u2606grass knot zygarde\n|j|\u203dlchx\n|t:|1700234968\n|gametype|singles\n|player|p1|grass knot zygarde|dawn|1670\n|player|p2|lchx|ghetsis|1737\n|teamsize|p1|6\n|teamsize|p2|6\n|gen|9\n|tier|[Gen 9] National Dex\n|rated|\n|rule|HP Percentage Mod: HP is shown in percentages\n|rule|Endless Battle Clause: Forcing endless battles is banned\n|rule|OHKO Clause: OHKO moves are banned\n|rule|Evasion Clause: Evasion abilities, items, and moves are banned\n|rule|Evasion Abilities Clause: Evasion abilities are banned\n|rule|Evasion Items Clause: Evasion items are banned\n|rule|Evasion Moves Clause: Evasion moves are banned\n|rule|Species Clause: Limit one of each Pok\u00e9mon\n|rule|Sleep Clause Mod: Limit one foe put to sleep\n|clearpoke\n|poke|p1|Tapu Lele|\n|poke|p1|Sneasler, F|\n|poke|p1|Alomomola, F|\n|poke|p1|Gliscor, F|\n|poke|p1|Kartana|\n|poke|p1|Slowking-Galar, M|\n|poke|p2|Rillaboom, F|\n|poke|p2|Iron Treads|\n|poke|p2|Iron Valiant|\n|poke|p2|Ceruledge, F|\n|poke|p2|Sneasler, F|\n|poke|p2|Nihilego|\n|teampreview\n|inactive|Battle timer is ON: inactive players will automatically lose when time's up. (requested by grass knot zygarde)\n|j| iliveinohiorizz\n|\n|t:|1700234986\n|start\n|switch|p1a: u kil gliscor yet?|Kartana, shiny|100\/100\n|switch|p2a: Nihilego|Nihilego|100\/100\n|turn|1\n|c| iliveinohiorizz|nihilego is faster than u\n|\n|t:|1700235006\n|switch|p2a: Iron Treads|Iron Treads, shiny|100\/100\n|-enditem|p2a: Iron Treads|Booster Energy\n|-activate|p2a: Iron Treads|ability: Quark Drive|[fromitem]\n|-start|p2a: Iron Treads|quarkdrivespe\n|-zpower|p1a: u kil gliscor yet?\n|move|p1a: u kil gliscor yet?|Bloom Doom|p2a: Iron Treads|[zeffect]\n|-damage|p2a: Iron Treads|6\/100\n|\n|upkeep\n|turn|2\n|\n|t:|1700235017\n|move|p2a: Iron Treads|Stealth Rock|p1a: u kil gliscor yet?\n|-sidestart|p1: grass knot zygarde|move: Stealth Rock\n|move|p1a: u kil gliscor yet?|Leaf Blade|p2a: Iron Treads\n|-damage|p2a: Iron Treads|0 fnt\n|faint|p2a: Iron Treads\n|-end|p2a: Iron Treads|Quark Drive|[silent]\n|-ability|p1a: u kil gliscor yet?|Beast Boost|boost\n|-boost|p1a: u kil gliscor yet?|atk|1\n|\n|upkeep\n|\n|t:|1700235025\n|switch|p2a: Ceruledge|Ceruledge, F, shiny|100\/100\n|turn|3\n|\n|t:|1700235032\n|switch|p1a: ok|Alomomola, F, shiny|100\/100\n|move|p2a: Ceruledge|Bitter Blade|p1a: ok\n|-resisted|p1a: ok\n|-damage|p1a: ok|87\/100\n|\n|upkeep\n|turn|4\n|\n|t:|1700235041\n|switch|p2a: Nihilego|Nihilego|100\/100\n|move|p1a: ok|Toxic|p2a: Nihilego\n|-immune|p2a: Nihilego\n|\n|upkeep\n|turn|5\n|\n|t:|1700235050\n|switch|p1a: immortal|Gliscor, F, shiny|100\/100\n|-damage|p1a: immortal|88\/100|[from] Stealth Rock\n|move|p2a: Nihilego|Meteor Beam||[still]\n|-prepare|p2a: Nihilego|Meteor Beam\n|-boost|p2a: Nihilego|spa|1\n|-enditem|p2a: Nihilego|Power Herb\n|-anim|p2a: Nihilego|Meteor Beam|p1a: immortal\n|-damage|p1a: immortal|14\/100\n|\n|-status|p1a: immortal|tox|[from] item: Toxic Orb\n|upkeep\n|turn|6\n|\n|t:|1700235061\n|switch|p1a: guy|Slowking-Galar, M, shiny|100\/100\n|-damage|p1a: guy|88\/100|[from] Stealth Rock\n|move|p2a: Nihilego|Power Gem|p1a: guy\n|-damage|p1a: guy|54\/100\n|\n|upkeep\n|turn|7\n|\n|t:|1700235074\n|-terastallize|p1a: guy|Water\n|move|p2a: Nihilego|Power Gem|p1a: guy\n|-damage|p1a: guy|18\/100\n|move|p1a: guy|Thunder Wave|p2a: Nihilego\n|-status|p2a: Nihilego|par\n|\n|upkeep\n|turn|8\n|\n|t:|1700235091\n|switch|p1a: immortal|Gliscor, F, shiny|14\/100 tox\n|-damage|p1a: immortal|1\/100 tox|[from] Stealth Rock\n|move|p2a: Nihilego|Power Gem|p1a: immortal\n|-damage|p1a: immortal|0 fnt\n|faint|p1a: immortal\n|-ability|p2a: Nihilego|Beast Boost|boost\n|-boost|p2a: Nihilego|spe|1\n|\n|upkeep\n|\n|t:|1700235098\n|switch|p1a: permanent scars|Tapu Lele, shiny|100\/100\n|-damage|p1a: permanent scars|88\/100|[from] Stealth Rock\n|-fieldstart|move: Psychic Terrain|[from] ability: Psychic Surge|[of] p1a: permanent scars\n|turn|9\n|\n|t:|1700235110\n|-terastallize|p2a: Nihilego|Flying\n|move|p1a: permanent scars|Psyshock|p2a: Nihilego\n|-damage|p2a: Nihilego|11\/100 par\n|move|p2a: Nihilego|Sludge Wave|p1a: permanent scars\n|-supereffective|p1a: permanent scars\n|-damage|p1a: permanent scars|0 fnt\n|faint|p1a: permanent scars\n|-ability|p2a: Nihilego|Beast Boost|boost\n|-boost|p2a: Nihilego|spe|1\n|\n|upkeep\n|\n|t:|1700235111\n|switch|p1a: flying whales|Sneasler, F, shiny|100\/100\n|-damage|p1a: flying whales|95\/100|[from] Stealth Rock\n|-enditem|p1a: flying whales|Psychic Seed\n|-boost|p1a: flying whales|spd|1|[from] item: Psychic Seed\n|turn|10\n|\n|t:|1700235126\n|move|p1a: flying whales|Acrobatics|p2a: Nihilego\n|-damage|p2a: Nihilego|0 fnt\n|faint|p2a: Nihilego\n|\n|upkeep\n|\n|t:|1700235143\n|switch|p2a: Ceruledge|Ceruledge, F, shiny|100\/100\n|turn|11\n|\n|t:|1700235154\n|move|p1a: flying whales|Acrobatics|p2a: Ceruledge\n|-damage|p2a: Ceruledge|41\/100\n|-ability|p2a: Ceruledge|Weak Armor|boost\n|-unboost|p2a: Ceruledge|def|1\n|-boost|p2a: Ceruledge|spe|2\n|move|p2a: Ceruledge|Bitter Blade|p1a: flying whales\n|-damage|p1a: flying whales|13\/100\n|-heal|p2a: Ceruledge|83\/100|[from] drain|[of] p1a: flying whales\n|\n|upkeep\n|turn|12\n|j| cheese miestro\n|\n|t:|1700235166\n|move|p1a: flying whales|Acrobatics|p2a: Ceruledge\n|-damage|p2a: Ceruledge|0 fnt\n|faint|p2a: Ceruledge\n|\n|upkeep\n|\n|t:|1700235169\n|switch|p2a: Rillaboom|Rillaboom, F, shiny|100\/100\n|-fieldstart|move: Grassy Terrain|[from] ability: Grassy Surge|[of] p2a: Rillaboom\n|turn|13\n|\n|t:|1700235173\n|switch|p1a: u kil gliscor yet?|Kartana, shiny|100\/100\n|-damage|p1a: u kil gliscor yet?|94\/100|[from] Stealth Rock\n|move|p2a: Rillaboom|Grassy Glide|p1a: u kil gliscor yet?\n|-resisted|p1a: u kil gliscor yet?\n|-damage|p1a: u kil gliscor yet?|87\/100\n|\n|-heal|p1a: u kil gliscor yet?|93\/100|[from] Grassy Terrain\n|upkeep\n|turn|14\n|\n|t:|1700235184\n|move|p1a: u kil gliscor yet?|Leaf Blade|p2a: Rillaboom\n|-resisted|p2a: Rillaboom\n|-crit|p2a: Rillaboom\n|-damage|p2a: Rillaboom|57\/100\n|move|p2a: Rillaboom|U-turn|p1a: u kil gliscor yet?\n|-damage|p1a: u kil gliscor yet?|69\/100\n|\n|t:|1700235189\n|switch|p2a: Sneasler|Sneasler, F|100\/100|[from] U-turn\n|-enditem|p2a: Sneasler|Grassy Seed\n|-boost|p2a: Sneasler|def|1|[from] item: Grassy Seed\n|\n|-heal|p1a: u kil gliscor yet?|76\/100|[from] Grassy Terrain\n|upkeep\n|turn|15\n|\n|t:|1700235200\n|switch|p1a: flying whales|Sneasler, F, shiny|13\/100\n|-damage|p1a: flying whales|7\/100|[from] Stealth Rock\n|move|p2a: Sneasler|Close Combat|p1a: flying whales\n|-resisted|p1a: flying whales\n|-damage|p1a: flying whales|0 fnt\n|-unboost|p2a: Sneasler|def|1\n|-unboost|p2a: Sneasler|spd|1\n|faint|p1a: flying whales\n|\n|upkeep\n|\n|t:|1700235208\n|switch|p1a: ok|Alomomola, F, shiny|100\/100\n|turn|16\n|\n|t:|1700235216\n|move|p2a: Sneasler|Swords Dance|p2a: Sneasler\n|-boost|p2a: Sneasler|atk|2\n|move|p1a: ok|Flip Turn|p2a: Sneasler\n|-damage|p2a: Sneasler|72\/100\n|\n|t:|1700235219\n|switch|p1a: guy|Slowking-Galar, M, shiny, tera:Water|52\/100|[from] Flip Turn\n|-damage|p1a: guy|39\/100|[from] Stealth Rock\n|\n|-heal|p2a: Sneasler|78\/100|[from] Grassy Terrain\n|-heal|p1a: guy|45\/100|[from] Grassy Terrain\n|upkeep\n|turn|17\n|\n|t:|1700235227\n|move|p2a: Sneasler|Dire Claw|p1a: guy\n|-damage|p1a: guy|0 fnt\n|faint|p1a: guy\n|\n|-heal|p2a: Sneasler|84\/100|[from] Grassy Terrain\n|upkeep\n|\n|t:|1700235230\n|switch|p1a: ok|Alomomola, F, shiny|100\/100\n|turn|18\n|\n|t:|1700235234\n|move|p2a: Sneasler|Swords Dance|p2a: Sneasler\n|-boost|p2a: Sneasler|atk|2\n|move|p1a: ok|Wish|p1a: ok\n|\n|-heal|p2a: Sneasler|90\/100|[from] Grassy Terrain\n|upkeep\n|turn|19\n|\n|t:|1700235241\n|move|p2a: Sneasler|Swords Dance|p2a: Sneasler\n|-boost|p2a: Sneasler|atk|2\n|move|p1a: ok|Flip Turn|p2a: Sneasler\n|-damage|p2a: Sneasler|61\/100\n|l| iliveinohiorizz\n|\n|t:|1700235246\n|switch|p1a: u kil gliscor yet?|Kartana, shiny|76\/100|[from] Flip Turn\n|-damage|p1a: u kil gliscor yet?|69\/100|[from] Stealth Rock\n|\n|-heal|p1a: u kil gliscor yet?|100\/100|[from] move: Wish|[wisher] ok\n|-heal|p2a: Sneasler|67\/100|[from] Grassy Terrain\n|upkeep\n|turn|20\n|\n|t:|1700235248\n|switch|p1a: ok|Alomomola, F, shiny|100\/100\n|move|p2a: Sneasler|Close Combat|p1a: ok\n|-damage|p1a: ok|0 fnt\n|-unboost|p2a: Sneasler|def|1\n|-unboost|p2a: Sneasler|spd|1\n|faint|p1a: ok\n|\n|-heal|p2a: Sneasler|73\/100|[from] Grassy Terrain\n|-fieldend|move: Grassy Terrain\n|upkeep\n|\n|t:|1700235252\n|switch|p1a: u kil gliscor yet?|Kartana, shiny|100\/100\n|-damage|p1a: u kil gliscor yet?|94\/100|[from] Stealth Rock\n|turn|21\n|\n|t:|1700235254\n|move|p2a: Sneasler|Close Combat|p1a: u kil gliscor yet?\n|-supereffective|p1a: u kil gliscor yet?\n|-damage|p1a: u kil gliscor yet?|0 fnt\n|-unboost|p2a: Sneasler|def|1\n|-unboost|p2a: Sneasler|spd|1\n|faint|p1a: u kil gliscor yet?\n|\n|win|lchx\n|raw|grass knot zygarde's rating: 1670 &rarr; <strong>1654<\/strong><br \/>(-16 for losing)\n|raw|lchx's rating: 1737 &rarr; <strong>1753<\/strong><br \/>(+16 for winning)\n|l|\u203dlchx\n","uploadtime":1700235264,"views":6,"p1id":"grassknotzygarde","p2id":"lchx","formatid":"gen9nationaldex","rating":1654,"private":0,"password":""}