{"id":"gen9nationaldex-1993465086","p1":"KyosukeKamijou","p2":"Lord Spinarak","format":"[Gen 9] National Dex","log":"|j|\u2606KyosukeKamijou\n|j|\u2606Lord Spinarak\n|t:|1700321198\n|gametype|singles\n|player|p1|KyosukeKamijou|ghetsis|1279\n|player|p2|Lord Spinarak|bugsy|1242\n|teamsize|p1|6\n|teamsize|p2|6\n|gen|9\n|tier|[Gen 9] National Dex\n|rated|\n|rule|HP Percentage Mod: HP is shown in percentages\n|rule|Endless Battle Clause: Forcing endless battles is banned\n|rule|OHKO Clause: OHKO moves are banned\n|rule|Evasion Clause: Evasion abilities, items, and moves are banned\n|rule|Evasion Abilities Clause: Evasion abilities are banned\n|rule|Evasion Items Clause: Evasion items are banned\n|rule|Evasion Moves Clause: Evasion moves are banned\n|rule|Species Clause: Limit one of each Pok\u00e9mon\n|rule|Sleep Clause Mod: Limit one foe put to sleep\n|clearpoke\n|poke|p1|Kommo-o, M|\n|poke|p1|Great Tusk|\n|poke|p1|Ogerpon-Cornerstone, F|\n|poke|p1|Charizard, M|\n|poke|p1|Greninja-*, M|\n|poke|p1|Frosmoth, M|\n|poke|p2|Ogerpon-Wellspring, F|\n|poke|p2|Ribombee, F|\n|poke|p2|Great Tusk|\n|poke|p2|Bisharp, F|\n|poke|p2|Greninja-*, M|\n|poke|p2|Gliscor, F|\n|teampreview\n|c|\u2606Lord Spinarak|Glhf!\n|c|\u2606Lord Spinarak|kingambit was banned\n|\n|t:|1700321210\n|start\n|switch|p1a: Ninja Black|Greninja, M, shiny|100\/100\n|switch|p2a: Ribombee|Ribombee, F|100\/100\n|turn|1\n|c|\u2606Lord Spinarak|bisharp time\n|\n|t:|1700321217\n|move|p1a: Ninja Black|Water Shuriken|p2a: Ribombee\n|-start|p1a: Ninja Black|typechange|Water|[from] ability: Protean\n|-damage|p2a: Ribombee|83\/100\n|-damage|p2a: Ribombee|64\/100\n|-hitcount|p2a: Ribombee|2\n|move|p2a: Ribombee|Stun Spore|p1a: Ninja Black|[miss]\n|-miss|p2a: Ribombee|p1a: Ninja Black\n|\n|upkeep\n|turn|2\n|\n|t:|1700321226\n|move|p1a: Ninja Black|Water Shuriken|p2a: Ribombee\n|-damage|p2a: Ribombee|47\/100\n|-damage|p2a: Ribombee|28\/100\n|-hitcount|p2a: Ribombee|2\n|move|p2a: Ribombee|Moonblast|p1a: Ninja Black\n|-damage|p1a: Ninja Black|38\/100\n|\n|upkeep\n|turn|3\n|\n|t:|1700321233\n|move|p1a: Ninja Black|Water Shuriken|p2a: Ribombee\n|-damage|p2a: Ribombee|11\/100\n|-damage|p2a: Ribombee|0 fnt\n|faint|p2a: Ribombee\n|-hitcount|p2: Ribombee|2\n|\n|upkeep\n|\n|t:|1700321236\n|switch|p2a: Ogerpon|Ogerpon-Wellspring, F|100\/100\n|turn|4\n|\n|t:|1700321242\n|switch|p1a: PapillonOhger|Frosmoth, M|100\/100\n|move|p2a: Ogerpon|Seed Bomb|p1a: PapillonOhger\n|-resisted|p1a: PapillonOhger\n|-damage|p1a: PapillonOhger|55\/100\n|\n|upkeep\n|turn|5\n|\n|t:|1700321261\n|-terastallize|p2a: Ogerpon|Water\n|detailschange|p2a: Ogerpon|Ogerpon-Wellspring-Tera, F, tera:Water\n|-ability|p2a: Ogerpon|Embody Aspect (Wellspring)|boost\n|-boost|p2a: Ogerpon|spd|1\n|move|p2a: Ogerpon|Swords Dance|p2a: Ogerpon\n|-boost|p2a: Ogerpon|atk|2\n|move|p1a: PapillonOhger|Bug Buzz|p2a: Ogerpon\n|-damage|p2a: Ogerpon|63\/100\n|\n|upkeep\n|turn|6\n|\n|t:|1700321274\n|-terastallize|p1a: PapillonOhger|Water\n|move|p2a: Ogerpon|Ivy Cudgel|p1a: PapillonOhger|[anim] Ivy Cudgel Water\n|-resisted|p1a: PapillonOhger\n|-damage|p1a: PapillonOhger|0 fnt\n|faint|p1a: PapillonOhger\n|\n|upkeep\n|\n|t:|1700321281\n|switch|p1a: Change Dragon|Charizard, M|100\/100\n|turn|7\n|\n|t:|1700321306\n|detailschange|p1a: Change Dragon|Charizard-Mega-Y, M\n|-mega|p1a: Change Dragon|Charizard|Charizardite Y\n|-weather|SunnyDay|[from] ability: Drought|[of] p1a: Change Dragon\n|move|p2a: Ogerpon|Ivy Cudgel|p1a: Change Dragon|[anim] Ivy Cudgel Water\n|-supereffective|p1a: Change Dragon\n|-damage|p1a: Change Dragon|0 fnt\n|faint|p1a: Change Dragon\n|\n|-weather|SunnyDay|[upkeep]\n|upkeep\n|\n|t:|1700321314\n|switch|p1a: Onisister|Ogerpon-Cornerstone, F|100\/100\n|turn|8\n|\n|t:|1700321319\n|move|p1a: Onisister|Horn Leech|p2a: Ogerpon\n|-supereffective|p2a: Ogerpon\n|-damage|p2a: Ogerpon|0 fnt\n|faint|p2a: Ogerpon\n|\n|-weather|SunnyDay|[upkeep]\n|upkeep\n|\n|t:|1700321324\n|switch|p2a: Greninja|Greninja, M|100\/100\n|turn|9\n|\n|t:|1700321327\n|move|p1a: Onisister|Spiky Shield|p1a: Onisister\n|-singleturn|p1a: Onisister|move: Protect\n|move|p2a: Greninja|Dark Pulse|p1a: Onisister\n|-activate|p1a: Onisister|move: Protect\n|\n|-weather|SunnyDay|[upkeep]\n|upkeep\n|turn|10\n|\n|t:|1700321342\n|move|p2a: Greninja|Dark Pulse|p1a: Onisister\n|-damage|p1a: Onisister|58\/100\n|-damage|p2a: Greninja|91\/100|[from] item: Life Orb\n|move|p1a: Onisister|Horn Leech|p2a: Greninja\n|-supereffective|p2a: Greninja\n|-damage|p2a: Greninja|0 fnt\n|-heal|p1a: Onisister|94\/100|[from] drain|[of] p2a: Greninja\n|faint|p2a: Greninja\n|\n|-weather|SunnyDay|[upkeep]\n|upkeep\n|\n|t:|1700321358\n|switch|p2a: Bisharp|Bisharp, F|100\/100\n|turn|11\n|\n|t:|1700321399\n|move|p1a: Onisister|Spiky Shield|p1a: Onisister\n|-singleturn|p1a: Onisister|move: Protect\n|move|p2a: Bisharp|Swords Dance|p2a: Bisharp\n|-boost|p2a: Bisharp|atk|2\n|\n|-weather|none\n|upkeep\n|turn|12\n|\n|t:|1700321404\n|move|p2a: Bisharp|Sucker Punch||[still]\n|-fail|p2a: Bisharp\n|move|p1a: Onisister|Leech Seed|p2a: Bisharp\n|-start|p2a: Bisharp|move: Leech Seed\n|\n|-damage|p2a: Bisharp|88\/100|[from] Leech Seed|[of] p1a: Onisister\n|-heal|p1a: Onisister|100\/100|[silent]\n|upkeep\n|turn|13\n|\n|t:|1700321411\n|move|p1a: Onisister|Spiky Shield|p1a: Onisister\n|-singleturn|p1a: Onisister|move: Protect\n|move|p2a: Bisharp|Knock Off|p1a: Onisister\n|-activate|p1a: Onisister|move: Protect\n|-damage|p2a: Bisharp|75\/100|[from] Spiky Shield|[of] p1a: Onisister\n|\n|-damage|p2a: Bisharp|63\/100|[from] Leech Seed|[of] p1a: Onisister\n|upkeep\n|turn|14\n|-message|Lord Spinarak forfeited.\n|\n|win|KyosukeKamijou\n|raw|KyosukeKamijou's rating: 1279 &rarr; <strong>1300<\/strong><br \/>(+21 for winning)\n|raw|Lord Spinarak's rating: 1225 &rarr; <strong>1204<\/strong><br \/>(-21 for losing)\n|l|\u2606Lord Spinarak\n","uploadtime":1700321421,"views":7,"p1id":"kyosukekamijou","p2id":"lordspinarak","formatid":"gen9nationaldex","rating":1204,"private":0,"password":""}