{"id":"gen9nationaldex-1997600619","p1":"ido1234567890","p2":"itay80771","format":"[Gen 9] National Dex","log":"|html|<div class=\"broadcast-blue\"><strong>[Gen 9] National Dex is currently suspecting Sneasler! For information on how to participate check out the <a href=\"https:\/\/www.smogon.com\/forums\/threads\/sv-national-dex-suspect-8-just-dance.3731534\/\">suspect thread<\/a>.<\/strong><\/div>\n|j|\u2606ido1234567890\n|j|\u2606itay80771\n|t:|1700831365\n|gametype|singles\n|player|p1|ido1234567890|lucas|\n|player|p2|itay80771|giovanni|\n|teamsize|p1|6\n|teamsize|p2|6\n|gen|9\n|tier|[Gen 9] National Dex\n|rule|HP Percentage Mod: HP is shown in percentages\n|rule|Endless Battle Clause: Forcing endless battles is banned\n|rule|OHKO Clause: OHKO moves are banned\n|rule|Evasion Clause: Evasion abilities, items, and moves are banned\n|rule|Evasion Abilities Clause: Evasion abilities are banned\n|rule|Evasion Items Clause: Evasion items are banned\n|rule|Evasion Moves Clause: Evasion moves are banned\n|rule|Species Clause: Limit one of each Pok\u00e9mon\n|rule|Sleep Clause Mod: Limit one foe put to sleep\n|clearpoke\n|poke|p1|Kommo-o, F|\n|poke|p1|Lilligant-Hisui, F|\n|poke|p1|Infernape, M|\n|poke|p1|Heracross, M|\n|poke|p1|Hawlucha, F|\n|poke|p1|Urshifu-*, M|\n|poke|p2|Landorus-Therian, M|\n|poke|p2|Clodsire, M|\n|poke|p2|Excadrill, F|\n|poke|p2|Hippowdon, M|\n|poke|p2|Garchomp, F|\n|poke|p2|Torterra, M|\n|teampreview\n|inactive|Battle timer is ON: inactive players will automatically lose when time's up. (requested by itay80771)\n|\n|t:|1700831377\n|start\n|switch|p1a: Kommo-o|Kommo-o, F|100\/100\n|switch|p2a: Behemoth|Landorus-Therian, M, shiny|100\/100\n|-ability|p2a: Behemoth|Intimidate|boost\n|-unboost|p1a: Kommo-o|atk|1\n|turn|1\n|\n|t:|1700831390\n|switch|p2a: Pooper 2.0|Clodsire, M, shiny|100\/100\n|-zpower|p1a: Kommo-o\n|move|p1a: Kommo-o|Clangorous Soulblaze|p2a: Pooper 2.0|[zeffect]\n|-damage|p2a: Pooper 2.0|67\/100\n|-boost|p1a: Kommo-o|atk|1\n|-boost|p1a: Kommo-o|def|1\n|-boost|p1a: Kommo-o|spa|1\n|-boost|p1a: Kommo-o|spd|1\n|-boost|p1a: Kommo-o|spe|1\n|\n|upkeep\n|turn|2\n|\n|t:|1700831402\n|move|p1a: Kommo-o|Clangorous Soul|p1a: Kommo-o\n|-boost|p1a: Kommo-o|atk|1\n|-boost|p1a: Kommo-o|def|1\n|-boost|p1a: Kommo-o|spa|1\n|-boost|p1a: Kommo-o|spd|1\n|-boost|p1a: Kommo-o|spe|1\n|-damage|p1a: Kommo-o|68\/100\n|move|p2a: Pooper 2.0|Haze|p2a: Pooper 2.0\n|-clearallboost\n|\n|upkeep\n|turn|3\n|\n|t:|1700831410\n|switch|p1a: Lilligant|Lilligant-Hisui, F|100\/100\n|move|p2a: Pooper 2.0|Toxic|p1a: Lilligant\n|-status|p1a: Lilligant|tox\n|\n|-damage|p1a: Lilligant|94\/100 tox|[from] psn\n|upkeep\n|turn|4\n|j| bidoofol\n|inactive|itay80771 has 270 seconds left.\n|\n|t:|1700831441\n|switch|p2a: Behemoth|Landorus-Therian, M, shiny|100\/100\n|-ability|p2a: Behemoth|Intimidate|boost\n|-unboost|p1a: Lilligant|atk|1\n|move|p1a: Lilligant|Victory Dance|p1a: Lilligant\n|-boost|p1a: Lilligant|atk|1\n|-boost|p1a: Lilligant|def|1\n|-boost|p1a: Lilligant|spe|1\n|\n|-damage|p1a: Lilligant|82\/100 tox|[from] psn\n|upkeep\n|turn|5\n|c| bidoofol|\u05d4\u05d9\u05d9\u05ea\u05d9 \u05e6\u05e8\u05d9\u05da \u05dc\u05d7\u05e4\u05e9 \u05d0\u05ea \u05d4\u05e7\u05d9\u05e9\u05d5\u05d0 \u05d1\u05e2\u05e6\u05de\u05d9\n|inactive|itay80771 has 270 seconds left.\n|\n|t:|1700831470\n|-terastallize|p2a: Behemoth|Steel\n|move|p1a: Lilligant|Ice Spinner|p2a: Behemoth\n|-resisted|p2a: Behemoth\n|-damage|p2a: Behemoth|81\/100\n|move|p2a: Behemoth|Earthquake|p1a: Lilligant\n|-resisted|p1a: Lilligant\n|-damage|p1a: Lilligant|49\/100 tox\n|-damage|p2a: Behemoth|71\/100|[from] item: Life Orb\n|\n|-damage|p1a: Lilligant|30\/100 tox|[from] psn\n|upkeep\n|turn|6\n|\n|t:|1700831480\n|move|p1a: Lilligant|Close Combat|p2a: Behemoth\n|-supereffective|p2a: Behemoth\n|-crit|p2a: Behemoth\n|-damage|p2a: Behemoth|0 fnt\n|-unboost|p1a: Lilligant|def|1\n|-unboost|p1a: Lilligant|spd|1\n|faint|p2a: Behemoth\n|\n|-damage|p1a: Lilligant|6\/100 tox|[from] psn\n|upkeep\n|\n|t:|1700831484\n|switch|p2a: Happy Hippo|Hippowdon, M|100\/100\n|-weather|Sandstorm|[from] ability: Sand Stream|[of] p2a: Happy Hippo\n|turn|7\n|\n|t:|1700831489\n|move|p1a: Lilligant|Leaf Blade|p2a: Happy Hippo\n|-supereffective|p2a: Happy Hippo\n|-damage|p2a: Happy Hippo|19\/100\n|move|p2a: Happy Hippo|Slack Off|p2a: Happy Hippo\n|-heal|p2a: Happy Hippo|69\/100\n|\n|-weather|Sandstorm|[upkeep]\n|-damage|p1a: Lilligant|0 fnt|[from] Sandstorm\n|faint|p1a: Lilligant\n|upkeep\n|\n|t:|1700831497\n|switch|p1a: Urshifu|Urshifu-Rapid-Strike, M|100\/100\n|turn|8\n|\n|t:|1700831503\n|move|p1a: Urshifu|Surging Strikes|p2a: Happy Hippo\n|-supereffective|p2a: Happy Hippo\n|-crit|p2a: Happy Hippo\n|-damage|p2a: Happy Hippo|39\/100\n|-supereffective|p2a: Happy Hippo\n|-crit|p2a: Happy Hippo\n|-damage|p2a: Happy Hippo|8\/100\n|-supereffective|p2a: Happy Hippo\n|-crit|p2a: Happy Hippo\n|-damage|p2a: Happy Hippo|0 fnt\n|faint|p2a: Happy Hippo\n|-hitcount|p2: Happy Hippo|3\n|\n|-weather|Sandstorm|[upkeep]\n|-damage|p1a: Urshifu|94\/100|[from] Sandstorm\n|upkeep\n|\n|t:|1700831508\n|switch|p2a: Broccoli|Torterra, M|100\/100\n|turn|9\n|\n|t:|1700831516\n|-terastallize|p1a: Urshifu|Water\n|move|p1a: Urshifu|Surging Strikes|p2a: Broccoli\n|-damage|p2a: Broccoli|83\/100\n|-damage|p2a: Broccoli|65\/100\n|-damage|p2a: Broccoli|45\/100\n|-hitcount|p2a: Broccoli|3\n|move|p2a: Broccoli|Shell Smash|p2a: Broccoli\n|-unboost|p2a: Broccoli|def|1\n|-unboost|p2a: Broccoli|spd|1\n|-boost|p2a: Broccoli|atk|2\n|-boost|p2a: Broccoli|spa|2\n|-boost|p2a: Broccoli|spe|2\n|\n|-weather|Sandstorm|[upkeep]\n|-damage|p1a: Urshifu|88\/100|[from] Sandstorm\n|upkeep\n|turn|10\n|\n|t:|1700831529\n|move|p2a: Broccoli|Bullet Seed|p1a: Urshifu\n|-supereffective|p1a: Urshifu\n|-damage|p1a: Urshifu|37\/100\n|-supereffective|p1a: Urshifu\n|-damage|p1a: Urshifu|0 fnt\n|faint|p1a: Urshifu\n|-hitcount|p1: Urshifu|2\n|\n|-weather|Sandstorm|[upkeep]\n|upkeep\n|\n|t:|1700831534\n|switch|p1a: Infernape|Infernape, M|100\/100\n|turn|11\n|\n|t:|1700831537\n|move|p1a: Infernape|Fake Out|p2a: Broccoli\n|-damage|p2a: Broccoli|23\/100\n|-damage|p1a: Infernape|91\/100|[from] item: Life Orb\n|cant|p2a: Broccoli|flinch\n|\n|-weather|Sandstorm|[upkeep]\n|-damage|p1a: Infernape|84\/100|[from] Sandstorm\n|upkeep\n|turn|12\n|\n|t:|1700831541\n|move|p2a: Broccoli|Rock Blast|p1a: Infernape\n|-damage|p1a: Infernape|60\/100\n|-damage|p1a: Infernape|33\/100\n|-damage|p1a: Infernape|6\/100\n|-damage|p1a: Infernape|0 fnt\n|faint|p1a: Infernape\n|-hitcount|p1: Infernape|4\n|\n|-weather|Sandstorm|[upkeep]\n|upkeep\n|\n|t:|1700831550\n|switch|p1a: Kommo-o|Kommo-o, F|68\/100\n|turn|13\n|\n|t:|1700831553\n|move|p2a: Broccoli|Headlong Rush|p1a: Kommo-o\n|-damage|p1a: Kommo-o|0 fnt\n|-unboost|p2a: Broccoli|def|1\n|-unboost|p2a: Broccoli|spd|1\n|faint|p1a: Kommo-o\n|\n|-weather|Sandstorm|[upkeep]\n|upkeep\n|\n|t:|1700831556\n|switch|p1a: Hawlucha|Hawlucha, F|100\/100\n|turn|14\n|c| bidoofol|\u05e1\u05d5\u05dc\u05d5\u05d0\u05d9\u05dd \u05e9\u05dc \u05d1\u05e8\u05d5\u05e7\u05dc\u05d9\n|\n|t:|1700831563\n|move|p2a: Broccoli|Rock Blast|p1a: Hawlucha\n|-damage|p1a: Hawlucha|79\/100\n|-damage|p1a: Hawlucha|56\/100\n|-damage|p1a: Hawlucha|34\/100\n|-damage|p1a: Hawlucha|12\/100\n|-hitcount|p1a: Hawlucha|4\n|move|p1a: Hawlucha|Close Combat|p2a: Broccoli\n|-damage|p2a: Broccoli|0 fnt\n|-unboost|p1a: Hawlucha|def|1\n|-unboost|p1a: Hawlucha|spd|1\n|-enditem|p1a: Hawlucha|White Herb\n|-clearnegativeboost|p1a: Hawlucha|[silent]\n|faint|p2a: Broccoli\n|\n|-weather|none\n|upkeep\n|\n|t:|1700831573\n|switch|p2a: Madara|Garchomp, F|100\/100\n|turn|15\n|\n|t:|1700831585\n|detailschange|p2a: Madara|Garchomp-Mega, F\n|-mega|p2a: Madara|Garchomp|Garchompite\n|move|p1a: Hawlucha|Close Combat|p2a: Madara\n|-damage|p2a: Madara|58\/100\n|-unboost|p1a: Hawlucha|def|1\n|-unboost|p1a: Hawlucha|spd|1\n|move|p2a: Madara|Scale Shot|p1a: Hawlucha\n|-damage|p1a: Hawlucha|0 fnt\n|faint|p1a: Hawlucha\n|-hitcount|p1: Hawlucha|1\n|-unboost|p2a: Madara|def|1\n|-boost|p2a: Madara|spe|1\n|\n|upkeep\n|\n|t:|1700831589\n|switch|p1a: Heracross|Heracross, M|100\/100\n|turn|16\n|\n|t:|1700831599\n|detailschange|p1a: Heracross|Heracross-Mega, M\n|-mega|p1a: Heracross|Heracross|Heracronite\n|move|p2a: Madara|Scale Shot|p1a: Heracross|[miss]\n|-miss|p2a: Madara|p1a: Heracross\n|move|p1a: Heracross|Brick Break|p2a: Madara\n|-crit|p2a: Madara\n|-damage|p2a: Madara|0 fnt\n|faint|p2a: Madara\n|\n|upkeep\n|\n|t:|1700831607\n|switch|p2a: Pooper 2.0|Clodsire, M, shiny|67\/100\n|turn|17\n|c|\u2606ido1234567890|\u05d9\u05e9 \u05e1\u05d9\u05db\u05d5\u05d9?\n|\n|t:|1700831613\n|move|p1a: Heracross|Bulk Up|p1a: Heracross\n|-boost|p1a: Heracross|atk|1\n|-boost|p1a: Heracross|def|1\n|move|p2a: Pooper 2.0|Toxic|p1a: Heracross\n|-status|p1a: Heracross|tox\n|\n|-damage|p1a: Heracross|95\/100 tox|[from] psn\n|upkeep\n|turn|18\n|c| bidoofol|\u05d1\u05db\u05dc\u05dc \u05dc\u05d0 \u05e7\u05d0\u05e8\u05d9 \u05e9\u05dc \u05de\u05d6\u05dc \u05dc\u05e2\u05d9\u05d3\u05d5\n|\n|t:|1700831621\n|move|p1a: Heracross|Pin Missile|p2a: Pooper 2.0\n|-resisted|p2a: Pooper 2.0\n|-damage|p2a: Pooper 2.0|58\/100\n|-resisted|p2a: Pooper 2.0\n|-damage|p2a: Pooper 2.0|49\/100\n|-resisted|p2a: Pooper 2.0\n|-damage|p2a: Pooper 2.0|38\/100\n|-resisted|p2a: Pooper 2.0\n|-damage|p2a: Pooper 2.0|29\/100\n|-resisted|p2a: Pooper 2.0\n|-damage|p2a: Pooper 2.0|20\/100\n|-hitcount|p2a: Pooper 2.0|5\n|move|p2a: Pooper 2.0|Haze|p2a: Pooper 2.0\n|-clearallboost\n|\n|-damage|p1a: Heracross|83\/100 tox|[from] psn\n|upkeep\n|turn|19\n|\n|t:|1700831639\n|move|p1a: Heracross|Pin Missile|p2a: Pooper 2.0\n|-resisted|p2a: Pooper 2.0\n|-damage|p2a: Pooper 2.0|11\/100\n|-resisted|p2a: Pooper 2.0\n|-crit|p2a: Pooper 2.0\n|-damage|p2a: Pooper 2.0|0 fnt\n|faint|p2a: Pooper 2.0\n|-hitcount|p2: Pooper 2.0|2\n|\n|-damage|p1a: Heracross|65\/100 tox|[from] psn\n|upkeep\n|\n|t:|1700831643\n|switch|p2a: Moldera|Excadrill, F, shiny|100\/100\n|turn|20\n|\n|t:|1700831647\n|move|p2a: Moldera|Iron Head|p1a: Heracross\n|-damage|p1a: Heracross|28\/100 tox\n|move|p1a: Heracross|Pin Missile|p2a: Moldera\n|-resisted|p2a: Moldera\n|-damage|p2a: Moldera|87\/100\n|-resisted|p2a: Moldera\n|-damage|p2a: Moldera|76\/100\n|-resisted|p2a: Moldera\n|-damage|p2a: Moldera|62\/100\n|-resisted|p2a: Moldera\n|-damage|p2a: Moldera|49\/100\n|-resisted|p2a: Moldera\n|-damage|p2a: Moldera|37\/100\n|-hitcount|p2a: Moldera|5\n|\n|-damage|p1a: Heracross|4\/100 tox|[from] psn\n|upkeep\n|turn|21\n|\n|t:|1700831660\n|move|p2a: Moldera|Iron Head|p1a: Heracross\n|-damage|p1a: Heracross|0 fnt\n|faint|p1a: Heracross\n|\n|win|itay80771\n|l| bidoofol\n|player|p2|itay80771|giovanni\n|j| Lightning emolga\n|l| Lightning emolga\n","uploadtime":1700832489,"views":6,"p1id":"ido1234567890","p2id":"itay80771","formatid":"gen9nationaldex","rating":0,"private":0,"password":""}