{"id":"gen9nationaldex-1992456730","p1":"HanFong","p2":"plasma crusader x","format":"[Gen 9] National Dex","log":"|j|\u2606HanFong\n|j|\u2606plasma crusader x\n|t:|1700189832\n|gametype|singles\n|player|p1|HanFong|1|1443\n|player|p2|plasma crusader x|1|1395\n|teamsize|p1|6\n|teamsize|p2|6\n|gen|9\n|tier|[Gen 9] National Dex\n|rated|\n|rule|HP Percentage Mod: HP is shown in percentages\n|rule|Endless Battle Clause: Forcing endless battles is banned\n|rule|OHKO Clause: OHKO moves are banned\n|rule|Evasion Clause: Evasion abilities, items, and moves are banned\n|rule|Evasion Abilities Clause: Evasion abilities are banned\n|rule|Evasion Items Clause: Evasion items are banned\n|rule|Evasion Moves Clause: Evasion moves are banned\n|rule|Species Clause: Limit one of each Pok\u00e9mon\n|rule|Sleep Clause Mod: Limit one foe put to sleep\n|clearpoke\n|poke|p1|Sneasler, M|\n|poke|p1|Rillaboom, M|\n|poke|p1|Zapdos|\n|poke|p1|Camerupt, M|\n|poke|p1|Aegislash, F|\n|poke|p1|Toxapex, F|\n|poke|p2|Pinsir, F|\n|poke|p2|Galvantula, F|\n|poke|p2|Tapu Fini|\n|poke|p2|Zangoose, F|\n|poke|p2|Kommo-o, F|\n|poke|p2|Grimmsnarl, M|\n|teampreview\n|\n|t:|1700189844\n|start\n|switch|p1a: Camerupt|Camerupt, M|100\/100\n|switch|p2a: Galvantula|Galvantula, F, shiny|100\/100\n|turn|1\n|\n|t:|1700189849\n|move|p2a: Galvantula|Sticky Web|p1a: Camerupt\n|-sidestart|p1: HanFong|move: Sticky Web\n|move|p1a: Camerupt|Stealth Rock|p2a: Galvantula\n|-sidestart|p2: plasma crusader x|move: Stealth Rock\n|\n|upkeep\n|turn|2\n|\n|t:|1700189857\n|switch|p2a: Grimmsnarl|Grimmsnarl, M|100\/100\n|-damage|p2a: Grimmsnarl|88\/100|[from] Stealth Rock\n|detailschange|p1a: Camerupt|Camerupt-Mega, M\n|-mega|p1a: Camerupt|Camerupt|Cameruptite\n|move|p1a: Camerupt|Rock Slide|p2a: Grimmsnarl\n|-damage|p2a: Grimmsnarl|57\/100\n|\n|upkeep\n|turn|3\n|\n|t:|1700189862\n|move|p2a: Grimmsnarl|Light Screen|p2a: Grimmsnarl\n|-sidestart|p2: plasma crusader x|move: Light Screen\n|move|p1a: Camerupt|Fire Blast|p2a: Grimmsnarl\n|-crit|p2a: Grimmsnarl\n|-damage|p2a: Grimmsnarl|0 fnt\n|faint|p2a: Grimmsnarl\n|\n|upkeep\n|\n|t:|1700189869\n|switch|p2a: Kommo-o|Kommo-o, F, shiny|100\/100\n|-damage|p2a: Kommo-o|94\/100|[from] Stealth Rock\n|turn|4\n|\n|t:|1700189878\n|switch|p1a: Aegislash|Aegislash, F|100\/100\n|-activate|p1a: Aegislash|move: Sticky Web\n|-unboost|p1a: Aegislash|spe|1\n|move|p2a: Kommo-o|Stealth Rock|p1a: Aegislash\n|-sidestart|p1: HanFong|move: Stealth Rock\n|\n|-heal|p2a: Kommo-o|100\/100|[from] item: Leftovers\n|upkeep\n|turn|5\n|\n|t:|1700189885\n|switch|p2a: Galvantula|Galvantula, F, shiny|100\/100\n|-damage|p2a: Galvantula|76\/100|[from] Stealth Rock\n|move|p1a: Aegislash|Swords Dance|p1a: Aegislash\n|-boost|p1a: Aegislash|atk|2\n|\n|upkeep\n|turn|6\n|\n|t:|1700189890\n|-formechange|p1a: Aegislash|Aegislash-Blade||[from] ability: Stance Change\n|move|p1a: Aegislash|Shadow Sneak|p2a: Galvantula\n|-damage|p2a: Galvantula|0 fnt\n|faint|p2a: Galvantula\n|\n|upkeep\n|\n|t:|1700189895\n|switch|p2a: Tapu Fini|Tapu Fini|100\/100\n|-damage|p2a: Tapu Fini|88\/100|[from] Stealth Rock\n|-fieldstart|move: Misty Terrain|[from] ability: Misty Surge|[of] p2a: Tapu Fini\n|turn|7\n|\n|t:|1700189902\n|-terastallize|p2a: Tapu Fini|Water\n|move|p2a: Tapu Fini|Iron Defense|p2a: Tapu Fini\n|-boost|p2a: Tapu Fini|def|2\n|move|p1a: Aegislash|Swords Dance|p1a: Aegislash\n|-boost|p1a: Aegislash|atk|2\n|\n|-heal|p2a: Tapu Fini|94\/100|[from] item: Leftovers\n|upkeep\n|turn|8\n|\n|t:|1700189915\n|move|p2a: Tapu Fini|Calm Mind|p2a: Tapu Fini\n|-boost|p2a: Tapu Fini|spa|1\n|-boost|p2a: Tapu Fini|spd|1\n|move|p1a: Aegislash|Swords Dance|p1a: Aegislash\n|-boost|p1a: Aegislash|atk|2\n|\n|-heal|p2a: Tapu Fini|99\/100|[from] item: Leftovers\n|upkeep\n|turn|9\n|\n|t:|1700189918\n|move|p1a: Aegislash|Shadow Sneak|p2a: Tapu Fini\n|-damage|p2a: Tapu Fini|68\/100\n|move|p2a: Tapu Fini|Iron Defense|p2a: Tapu Fini\n|-boost|p2a: Tapu Fini|def|2\n|\n|-heal|p2a: Tapu Fini|74\/100|[from] item: Leftovers\n|upkeep\n|turn|10\n|\n|t:|1700189922\n|move|p1a: Aegislash|Shadow Sneak|p2a: Tapu Fini\n|-damage|p2a: Tapu Fini|53\/100\n|move|p2a: Tapu Fini|Calm Mind|p2a: Tapu Fini\n|-boost|p2a: Tapu Fini|spa|1\n|-boost|p2a: Tapu Fini|spd|1\n|\n|-heal|p2a: Tapu Fini|59\/100|[from] item: Leftovers\n|-sideend|p2: plasma crusader x|move: Light Screen\n|upkeep\n|turn|11\n|\n|t:|1700189925\n|-terastallize|p1a: Aegislash|Fighting\n|move|p2a: Tapu Fini|Iron Defense|p2a: Tapu Fini\n|-boost|p2a: Tapu Fini|def|2\n|move|p1a: Aegislash|Close Combat|p2a: Tapu Fini\n|-damage|p2a: Tapu Fini|7\/100\n|-unboost|p1a: Aegislash|def|1\n|-unboost|p1a: Aegislash|spd|1\n|\n|-heal|p2a: Tapu Fini|13\/100|[from] item: Leftovers\n|-fieldend|Misty Terrain\n|upkeep\n|turn|12\n|\n|t:|1700189930\n|move|p1a: Aegislash|Shadow Sneak|p2a: Tapu Fini\n|-damage|p2a: Tapu Fini|0 fnt\n|faint|p2a: Tapu Fini\n|\n|upkeep\n|\n|t:|1700189935\n|switch|p2a: Pinsir|Pinsir, F, shiny|100\/100\n|-damage|p2a: Pinsir|76\/100|[from] Stealth Rock\n|turn|13\n|\n|t:|1700189938\n|detailschange|p2a: Pinsir|Pinsir-Mega, F, shiny\n|-mega|p2a: Pinsir|Pinsir|Pinsirite\n|move|p2a: Pinsir|Quick Attack|p1a: Aegislash\n|-supereffective|p1a: Aegislash\n|-damage|p1a: Aegislash|0 fnt\n|faint|p1a: Aegislash\n|\n|upkeep\n|\n|t:|1700189942\n|switch|p1a: Zapdos|Zapdos|100\/100\n|turn|14\n|\n|t:|1700189946\n|move|p2a: Pinsir|Return|p1a: Zapdos\n|-resisted|p1a: Zapdos\n|-damage|p1a: Zapdos|70\/100\n|move|p1a: Zapdos|Volt Switch|p2a: Pinsir\n|-supereffective|p2a: Pinsir\n|-damage|p2a: Pinsir|0 fnt\n|faint|p2a: Pinsir\n|\n|t:|1700189955\n|switch|p1a: Sneasler|Sneasler, M|100\/100|[from] Volt Switch\n|-activate|p1a: Sneasler|move: Sticky Web\n|-unboost|p1a: Sneasler|spe|1\n|-damage|p1a: Sneasler|95\/100|[from] Stealth Rock\n|\n|upkeep\n|\n|t:|1700189958\n|switch|p2a: Kommo-o|Kommo-o, F, shiny|100\/100\n|-damage|p2a: Kommo-o|94\/100|[from] Stealth Rock\n|turn|15\n|\n|t:|1700189962\n|move|p1a: Sneasler|Acrobatics|p2a: Kommo-o\n|-supereffective|p2a: Kommo-o\n|-damage|p2a: Kommo-o|64\/100\n|move|p2a: Kommo-o|Clanging Scales|p1a: Sneasler\n|-damage|p1a: Sneasler|29\/100\n|-unboost|p2a: Kommo-o|def|1\n|\n|-heal|p2a: Kommo-o|70\/100|[from] item: Leftovers\n|upkeep\n|turn|16\n|\n|t:|1700189969\n|move|p1a: Sneasler|Close Combat|p2a: Kommo-o\n|-damage|p2a: Kommo-o|0 fnt\n|-unboost|p1a: Sneasler|def|1\n|-unboost|p1a: Sneasler|spd|1\n|faint|p2a: Kommo-o\n|\n|upkeep\n|\n|t:|1700189971\n|switch|p2a: Zangoose|Zangoose, F, shiny|100\/100\n|-damage|p2a: Zangoose|88\/100|[from] Stealth Rock\n|turn|17\n|\n|t:|1700189974\n|move|p2a: Zangoose|Quick Attack|p1a: Sneasler\n|-damage|p1a: Sneasler|0 fnt\n|faint|p1a: Sneasler\n|\n|upkeep\n|\n|t:|1700189979\n|switch|p1a: Rillaboom|Rillaboom, M|100\/100\n|-activate|p1a: Rillaboom|move: Sticky Web\n|-unboost|p1a: Rillaboom|spe|1\n|-damage|p1a: Rillaboom|88\/100|[from] Stealth Rock\n|-fieldstart|move: Grassy Terrain|[from] ability: Grassy Surge|[of] p1a: Rillaboom\n|turn|18\n|\n|t:|1700189983\n|move|p2a: Zangoose|Quick Attack|p1a: Rillaboom\n|-damage|p1a: Rillaboom|71\/100\n|move|p1a: Rillaboom|Wood Hammer|p2a: Zangoose\n|-damage|p2a: Zangoose|0 fnt\n|faint|p2a: Zangoose\n|-damage|p1a: Rillaboom|50\/100|[from] Recoil\n|\n|win|HanFong\n|raw|HanFong's rating: 1443 &rarr; <strong>1460<\/strong><br \/>(+17 for winning)\n|raw|plasma crusader x's rating: 1395 &rarr; <strong>1378<\/strong><br \/>(-17 for losing)\n|l|\u2606plasma crusader x\n","uploadtime":1700189990,"views":11,"p1id":"hanfong","p2id":"plasmacrusaderx","formatid":"gen9nationaldex","rating":1378,"private":0,"password":""}