{"id":"gen9nationaldex-1988460791","p1":"Fealieya","p2":"Margotbollox","format":"[Gen 9] National Dex","log":"|j|\u2606Fealieya\n|j|\u2606Margotbollox\n|t:|1699725362\n|gametype|singles\n|player|p1|Fealieya|1|1119\n|player|p2|Margotbollox|emmet|1111\n|teamsize|p1|6\n|teamsize|p2|6\n|gen|9\n|tier|[Gen 9] National Dex\n|rated|\n|rule|HP Percentage Mod: HP is shown in percentages\n|rule|Endless Battle Clause: Forcing endless battles is banned\n|rule|OHKO Clause: OHKO moves are banned\n|rule|Evasion Clause: Evasion abilities, items, and moves are banned\n|rule|Evasion Abilities Clause: Evasion abilities are banned\n|rule|Evasion Items Clause: Evasion items are banned\n|rule|Evasion Moves Clause: Evasion moves are banned\n|rule|Species Clause: Limit one of each Pok\u00e9mon\n|rule|Sleep Clause Mod: Limit one foe put to sleep\n|clearpoke\n|poke|p1|Banette, M|\n|poke|p1|Zapdos|\n|poke|p1|Nihilego|\n|poke|p1|Kartana|\n|poke|p1|Celesteela|\n|poke|p1|Entei|\n|poke|p2|Aggron, M|\n|poke|p2|Salamence, M|\n|poke|p2|Lapras, F|\n|poke|p2|Hydreigon, F|\n|poke|p2|Archeops, F|\n|poke|p2|Haxorus, F|\n|teampreview\n|\n|t:|1699725366\n|start\n|switch|p1a: Nihilego|Nihilego|100\/100\n|switch|p2a: Aggron|Aggron, M|100\/100\n|turn|1\n|\n|t:|1699725371\n|move|p1a: Nihilego|Stealth Rock|p2a: Aggron\n|-sidestart|p2: Margotbollox|move: Stealth Rock\n|move|p2a: Aggron|Iron Tail|p1a: Nihilego\n|-supereffective|p1a: Nihilego\n|-damage|p1a: Nihilego|0 fnt\n|faint|p1a: Nihilego\n|\n|upkeep\n|\n|t:|1699725378\n|switch|p1a: Entei|Entei|100\/100\n|turn|2\n|\n|t:|1699725386\n|move|p1a: Entei|Curse|p1a: Entei\n|-unboost|p1a: Entei|spe|1\n|-boost|p1a: Entei|atk|1\n|-boost|p1a: Entei|def|1\n|move|p2a: Aggron|Body Press|p1a: Entei\n|-damage|p1a: Entei|79\/100\n|\n|-heal|p1a: Entei|85\/100|[from] item: Leftovers\n|upkeep\n|turn|3\n|\n|t:|1699725393\n|move|p1a: Entei|Curse|p1a: Entei\n|-unboost|p1a: Entei|spe|1\n|-boost|p1a: Entei|atk|1\n|-boost|p1a: Entei|def|1\n|move|p2a: Aggron|Body Press|p1a: Entei\n|-damage|p1a: Entei|71\/100\n|\n|-heal|p1a: Entei|77\/100|[from] item: Leftovers\n|upkeep\n|turn|4\n|\n|t:|1699725400\n|move|p2a: Aggron|Ice Punch|p1a: Entei\n|-resisted|p1a: Entei\n|-damage|p1a: Entei|71\/100\n|move|p1a: Entei|Curse|p1a: Entei\n|-unboost|p1a: Entei|spe|1\n|-boost|p1a: Entei|atk|1\n|-boost|p1a: Entei|def|1\n|\n|-heal|p1a: Entei|78\/100|[from] item: Leftovers\n|upkeep\n|turn|5\n|\n|t:|1699725404\n|move|p2a: Aggron|Body Press|p1a: Entei\n|-damage|p1a: Entei|65\/100\n|move|p1a: Entei|Curse|p1a: Entei\n|-unboost|p1a: Entei|spe|1\n|-boost|p1a: Entei|atk|1\n|-boost|p1a: Entei|def|1\n|\n|-heal|p1a: Entei|71\/100|[from] item: Leftovers\n|upkeep\n|turn|6\n|\n|t:|1699725408\n|move|p2a: Aggron|Thunder Punch|p1a: Entei\n|-damage|p1a: Entei|64\/100\n|move|p1a: Entei|Substitute|p1a: Entei\n|-start|p1a: Entei|Substitute\n|-damage|p1a: Entei|39\/100\n|\n|-heal|p1a: Entei|45\/100|[from] item: Leftovers\n|upkeep\n|turn|7\n|\n|t:|1699725413\n|move|p2a: Aggron|Thunder Punch|p1a: Entei\n|-activate|p1a: Entei|move: Substitute|[damage]\n|move|p1a: Entei|Curse|p1a: Entei\n|-unboost|p1a: Entei|spe|1\n|-boost|p1a: Entei|atk|1\n|-boost|p1a: Entei|def|1\n|\n|-heal|p1a: Entei|51\/100|[from] item: Leftovers\n|upkeep\n|turn|8\n|\n|t:|1699725417\n|move|p2a: Aggron|Thunder Punch|p1a: Entei\n|-activate|p1a: Entei|move: Substitute|[damage]\n|move|p1a: Entei|Curse|p1a: Entei\n|-unboost|p1a: Entei|spe|1\n|-boost|p1a: Entei|atk|1\n|-boost|p1a: Entei|def|1\n|\n|-heal|p1a: Entei|57\/100|[from] item: Leftovers\n|upkeep\n|turn|9\n|\n|t:|1699725425\n|move|p2a: Aggron|Thunder Punch|p1a: Entei\n|-activate|p1a: Entei|move: Substitute|[damage]\n|move|p1a: Entei|Sacred Fire|p2a: Aggron\n|-ability|p2a: Aggron|Sturdy\n|-damage|p2a: Aggron|1\/100\n|\n|-heal|p1a: Entei|64\/100|[from] item: Leftovers\n|upkeep\n|turn|10\n|\n|t:|1699725429\n|move|p1a: Entei|Extreme Speed|p2a: Aggron\n|-resisted|p2a: Aggron\n|-damage|p2a: Aggron|0 fnt\n|faint|p2a: Aggron\n|\n|-heal|p1a: Entei|70\/100|[from] item: Leftovers\n|upkeep\n|\n|t:|1699725433\n|switch|p2a: Salamence|Salamence, M|100\/100\n|-damage|p2a: Salamence|76\/100|[from] Stealth Rock\n|-ability|p2a: Salamence|Intimidate|boost\n|-immune|p1a: Entei\n|turn|11\n|\n|t:|1699725435\n|-terastallize|p1a: Entei|Normal\n|move|p1a: Entei|Extreme Speed|p2a: Salamence\n|-damage|p2a: Salamence|0 fnt\n|faint|p2a: Salamence\n|\n|-heal|p1a: Entei|76\/100|[from] item: Leftovers\n|upkeep\n|\n|t:|1699725444\n|switch|p2a: Hydreigon|Hydreigon, F|100\/100\n|-damage|p2a: Hydreigon|88\/100|[from] Stealth Rock\n|turn|12\n|\n|t:|1699725447\n|move|p1a: Entei|Extreme Speed|p2a: Hydreigon\n|-damage|p2a: Hydreigon|0 fnt\n|faint|p2a: Hydreigon\n|\n|-heal|p1a: Entei|82\/100|[from] item: Leftovers\n|upkeep\n|\n|t:|1699725455\n|switch|p2a: Lapras|Lapras, F|100\/100\n|-damage|p2a: Lapras|76\/100|[from] Stealth Rock\n|turn|13\n|\n|t:|1699725458\n|move|p1a: Entei|Extreme Speed|p2a: Lapras\n|-damage|p2a: Lapras|0 fnt\n|faint|p2a: Lapras\n|\n|-heal|p1a: Entei|88\/100|[from] item: Leftovers\n|upkeep\n|-message|Margotbollox forfeited.\n|\n|win|Fealieya\n|raw|Fealieya's rating: 1119 &rarr; <strong>1143<\/strong><br \/>(+24 for winning)\n|raw|Margotbollox's rating: 1111 &rarr; <strong>1087<\/strong><br \/>(-24 for losing)\n|l|\u2606Margotbollox\n","uploadtime":1699725467,"views":4,"p1id":"fealieya","p2id":"margotbollox","formatid":"gen9nationaldex","rating":1087,"private":0,"password":""}