{"id":"gen9nationaldex-1993424622","p1":"RinVer","p2":"ido1234567890","format":"[Gen 9] National Dex","log":"|j|\u2606RinVer\n|j|\u2606ido1234567890\n|t:|1700316145\n|gametype|singles\n|player|p1|RinVer|102|\n|player|p2|ido1234567890|lucas|\n|teamsize|p1|6\n|teamsize|p2|6\n|gen|9\n|tier|[Gen 9] National Dex\n|rule|HP Percentage Mod: HP is shown in percentages\n|rule|Endless Battle Clause: Forcing endless battles is banned\n|rule|OHKO Clause: OHKO moves are banned\n|rule|Evasion Clause: Evasion abilities, items, and moves are banned\n|rule|Evasion Abilities Clause: Evasion abilities are banned\n|rule|Evasion Items Clause: Evasion items are banned\n|rule|Evasion Moves Clause: Evasion moves are banned\n|rule|Species Clause: Limit one of each Pok\u00e9mon\n|rule|Sleep Clause Mod: Limit one foe put to sleep\n|clearpoke\n|poke|p1|Ogerpon-Wellspring, F|\n|poke|p1|Greninja-*, M|\n|poke|p1|Toxapex, F|\n|poke|p1|Basculegion, M|\n|poke|p1|Pelipper, F|\n|poke|p1|Swampert, M|\n|poke|p2|Sneasler, F|\n|poke|p2|Charizard, M|\n|poke|p2|Greninja-*, M|\n|poke|p2|Excadrill, F|\n|poke|p2|Tapu Koko|\n|poke|p2|Iron Valiant|\n|teampreview\n|inactive|Battle timer is ON: inactive players will automatically lose when time's up. (requested by RinVer)\n|\n|t:|1700316159\n|start\n|switch|p1a: Riku|Toxapex, F|100\/100\n|switch|p2a: \u05e6\u05d0\u05e8\u05d9|Charizard, M|100\/100\n|turn|1\n|\n|t:|1700316169\n|switch|p2a: \u05ea\u05e8\u05e0\u05d2\u05d5\u05dc\u05ea \u05e9\u05d5\u05de\u05e8\u05ea \u05d7\u05e9\u05de\u05dc|Tapu Koko|100\/100\n|-fieldstart|move: Electric Terrain|[from] ability: Electric Surge|[of] p2a: \u05ea\u05e8\u05e0\u05d2\u05d5\u05dc\u05ea \u05e9\u05d5\u05de\u05e8\u05ea \u05d7\u05e9\u05de\u05dc\n|move|p1a: Riku|Toxic|p2a: \u05ea\u05e8\u05e0\u05d2\u05d5\u05dc\u05ea \u05e9\u05d5\u05de\u05e8\u05ea \u05d7\u05e9\u05de\u05dc\n|-status|p2a: \u05ea\u05e8\u05e0\u05d2\u05d5\u05dc\u05ea \u05e9\u05d5\u05de\u05e8\u05ea \u05d7\u05e9\u05de\u05dc|tox\n|\n|-damage|p2a: \u05ea\u05e8\u05e0\u05d2\u05d5\u05dc\u05ea \u05e9\u05d5\u05de\u05e8\u05ea \u05d7\u05e9\u05de\u05dc|94\/100 tox|[from] psn\n|upkeep\n|turn|2\n|\n|t:|1700316182\n|move|p2a: \u05ea\u05e8\u05e0\u05d2\u05d5\u05dc\u05ea \u05e9\u05d5\u05de\u05e8\u05ea \u05d7\u05e9\u05de\u05dc|Reflect|p2a: \u05ea\u05e8\u05e0\u05d2\u05d5\u05dc\u05ea \u05e9\u05d5\u05de\u05e8\u05ea \u05d7\u05e9\u05de\u05dc\n|-sidestart|p2: ido1234567890|Reflect\n|move|p1a: Riku|Scald|p2a: \u05ea\u05e8\u05e0\u05d2\u05d5\u05dc\u05ea \u05e9\u05d5\u05de\u05e8\u05ea \u05d7\u05e9\u05de\u05dc\n|-damage|p2a: \u05ea\u05e8\u05e0\u05d2\u05d5\u05dc\u05ea \u05e9\u05d5\u05de\u05e8\u05ea \u05d7\u05e9\u05de\u05dc|70\/100 tox\n|\n|-damage|p2a: \u05ea\u05e8\u05e0\u05d2\u05d5\u05dc\u05ea \u05e9\u05d5\u05de\u05e8\u05ea \u05d7\u05e9\u05de\u05dc|58\/100 tox|[from] psn\n|upkeep\n|turn|3\n|\n|t:|1700316198\n|switch|p2a: \u05d2\u05d0\u05dc\u05d9\u05d5\u05d0\u05e8 \u05de\u05d2\u05d4 \u05e8\u05d5\u05d1\u05d5\u05d8\u05d9|Iron Valiant|100\/100\n|-activate|p2a: \u05d2\u05d0\u05dc\u05d9\u05d5\u05d0\u05e8 \u05de\u05d2\u05d4 \u05e8\u05d5\u05d1\u05d5\u05d8\u05d9|ability: Quark Drive\n|-start|p2a: \u05d2\u05d0\u05dc\u05d9\u05d5\u05d0\u05e8 \u05de\u05d2\u05d4 \u05e8\u05d5\u05d1\u05d5\u05d8\u05d9|quarkdrivespe\n|move|p1a: Riku|Scald|p2a: \u05d2\u05d0\u05dc\u05d9\u05d5\u05d0\u05e8 \u05de\u05d2\u05d4 \u05e8\u05d5\u05d1\u05d5\u05d8\u05d9\n|-damage|p2a: \u05d2\u05d0\u05dc\u05d9\u05d5\u05d0\u05e8 \u05de\u05d2\u05d4 \u05e8\u05d5\u05d1\u05d5\u05d8\u05d9|68\/100\n|-status|p2a: \u05d2\u05d0\u05dc\u05d9\u05d5\u05d0\u05e8 \u05de\u05d2\u05d4 \u05e8\u05d5\u05d1\u05d5\u05d8\u05d9|brn\n|\n|-damage|p2a: \u05d2\u05d0\u05dc\u05d9\u05d5\u05d0\u05e8 \u05de\u05d2\u05d4 \u05e8\u05d5\u05d1\u05d5\u05d8\u05d9|62\/100 brn|[from] brn\n|upkeep\n|turn|4\n|\n|t:|1700316209\n|-terastallize|p2a: \u05d2\u05d0\u05dc\u05d9\u05d5\u05d0\u05e8 \u05de\u05d2\u05d4 \u05e8\u05d5\u05d1\u05d5\u05d8\u05d9|Electric\n|move|p2a: \u05d2\u05d0\u05dc\u05d9\u05d5\u05d0\u05e8 \u05de\u05d2\u05d4 \u05e8\u05d5\u05d1\u05d5\u05d8\u05d9|Thunderbolt|p1a: Riku\n|-supereffective|p1a: Riku\n|-damage|p1a: Riku|0 fnt\n|faint|p1a: Riku\n|\n|-damage|p2a: \u05d2\u05d0\u05dc\u05d9\u05d5\u05d0\u05e8 \u05de\u05d2\u05d4 \u05e8\u05d5\u05d1\u05d5\u05d8\u05d9|56\/100 brn|[from] brn\n|upkeep\n|\n|t:|1700316225\n|switch|p1a: flappy bird|Pelipper, F|100\/100\n|-weather|RainDance|[from] ability: Drizzle|[of] p1a: flappy bird\n|turn|5\n|\n|t:|1700316236\n|switch|p1a: Kazan|Swampert, M|100\/100\n|move|p2a: \u05d2\u05d0\u05dc\u05d9\u05d5\u05d0\u05e8 \u05de\u05d2\u05d4 \u05e8\u05d5\u05d1\u05d5\u05d8\u05d9|Moonblast|p1a: Kazan\n|-damage|p1a: Kazan|51\/100\n|\n|-weather|RainDance|[upkeep]\n|-damage|p2a: \u05d2\u05d0\u05dc\u05d9\u05d5\u05d0\u05e8 \u05de\u05d2\u05d4 \u05e8\u05d5\u05d1\u05d5\u05d8\u05d9|50\/100 brn|[from] brn\n|upkeep\n|turn|6\n|\n|t:|1700316245\n|-end|p2a: \u05d2\u05d0\u05dc\u05d9\u05d5\u05d0\u05e8 \u05de\u05d2\u05d4 \u05e8\u05d5\u05d1\u05d5\u05d8\u05d9|Quark Drive|[silent]\n|switch|p2a: \u05e6\u05d0\u05e8\u05d9|Charizard, M|100\/100\n|detailschange|p1a: Kazan|Swampert-Mega, M\n|-mega|p1a: Kazan|Swampert|Swampertite\n|move|p1a: Kazan|Waterfall|p2a: \u05e6\u05d0\u05e8\u05d9\n|-supereffective|p2a: \u05e6\u05d0\u05e8\u05d9\n|-damage|p2a: \u05e6\u05d0\u05e8\u05d9|4\/100\n|\n|-weather|RainDance|[upkeep]\n|-sideend|p2: ido1234567890|Reflect\n|upkeep\n|turn|7\n|\n|t:|1700316263\n|detailschange|p2a: \u05e6\u05d0\u05e8\u05d9|Charizard-Mega-Y, M\n|-mega|p2a: \u05e6\u05d0\u05e8\u05d9|Charizard|Charizardite Y\n|-weather|SunnyDay|[from] ability: Drought|[of] p2a: \u05e6\u05d0\u05e8\u05d9\n|move|p2a: \u05e6\u05d0\u05e8\u05d9|Air Slash|p1a: Kazan\n|-damage|p1a: Kazan|8\/100\n|cant|p1a: Kazan|flinch\n|\n|-weather|SunnyDay|[upkeep]\n|upkeep\n|turn|8\n|\n|t:|1700316273\n|switch|p1a: flappy bird|Pelipper, F|100\/100\n|-weather|RainDance|[from] ability: Drizzle|[of] p1a: flappy bird\n|move|p2a: \u05e6\u05d0\u05e8\u05d9|Dragon Pulse|p1a: flappy bird\n|-damage|p1a: flappy bird|52\/100\n|\n|-weather|RainDance|[upkeep]\n|-fieldend|move: Electric Terrain\n|upkeep\n|turn|9\n|\n|t:|1700316290\n|switch|p2a: \u05d0\u05e9 \u05de\u05d9\u05de\u05e0\u05d9\u05e0\u05d2\u05d4|Greninja, M|100\/100\n|switch|p1a: Mr. Fishy 2.0|Basculegion, M|100\/100\n|\n|-weather|RainDance|[upkeep]\n|upkeep\n|turn|10\n|\n|t:|1700316307\n|move|p1a: Mr. Fishy 2.0|Phantom Force||[still]\n|-prepare|p1a: Mr. Fishy 2.0|Phantom Force\n|move|p2a: \u05d0\u05e9 \u05de\u05d9\u05de\u05e0\u05d9\u05e0\u05d2\u05d4|Dark Pulse|p1a: Mr. Fishy 2.0|[miss]\n|-miss|p2a: \u05d0\u05e9 \u05de\u05d9\u05de\u05e0\u05d9\u05e0\u05d2\u05d4|p1a: Mr. Fishy 2.0\n|\n|-weather|RainDance|[upkeep]\n|upkeep\n|turn|11\n|\n|t:|1700316315\n|move|p1a: Mr. Fishy 2.0|Phantom Force|p2a: \u05d0\u05e9 \u05de\u05d9\u05de\u05e0\u05d9\u05e0\u05d2\u05d4|[from]lockedmove\n|-resisted|p2a: \u05d0\u05e9 \u05de\u05d9\u05de\u05e0\u05d9\u05e0\u05d2\u05d4\n|-damage|p2a: \u05d0\u05e9 \u05de\u05d9\u05de\u05e0\u05d9\u05e0\u05d2\u05d4|51\/100\n|move|p2a: \u05d0\u05e9 \u05de\u05d9\u05de\u05e0\u05d9\u05e0\u05d2\u05d4|Dark Pulse|p1a: Mr. Fishy 2.0\n|-supereffective|p1a: Mr. Fishy 2.0\n|-damage|p1a: Mr. Fishy 2.0|17\/100\n|\n|-weather|RainDance|[upkeep]\n|upkeep\n|turn|12\n|\n|t:|1700316331\n|move|p2a: \u05d0\u05e9 \u05de\u05d9\u05de\u05e0\u05d9\u05e0\u05d2\u05d4|Water Shuriken|p1a: Mr. Fishy 2.0\n|-resisted|p1a: Mr. Fishy 2.0\n|-damage|p1a: Mr. Fishy 2.0|11\/100\n|-resisted|p1a: Mr. Fishy 2.0\n|-damage|p1a: Mr. Fishy 2.0|4\/100\n|-resisted|p1a: Mr. Fishy 2.0\n|-crit|p1a: Mr. Fishy 2.0\n|-damage|p1a: Mr. Fishy 2.0|0 fnt\n|faint|p1a: Mr. Fishy 2.0\n|-ability|p2a: \u05d0\u05e9 \u05de\u05d9\u05de\u05e0\u05d9\u05e0\u05d2\u05d4|Battle Bond|boost\n|-boost|p2a: \u05d0\u05e9 \u05de\u05d9\u05de\u05e0\u05d9\u05e0\u05d2\u05d4|atk|1\n|-boost|p2a: \u05d0\u05e9 \u05de\u05d9\u05de\u05e0\u05d9\u05e0\u05d2\u05d4|spa|1\n|-boost|p2a: \u05d0\u05e9 \u05de\u05d9\u05de\u05e0\u05d9\u05e0\u05d2\u05d4|spe|1\n|-activate|p2a: \u05d0\u05e9 \u05de\u05d9\u05de\u05e0\u05d9\u05e0\u05d2\u05d4|ability: Battle Bond\n|-hitcount|p1: Mr. Fishy 2.0|3\n|\n|-weather|RainDance|[upkeep]\n|upkeep\n|inactive|RinVer has 270 seconds left.\n|\n|t:|1700316345\n|switch|p1a: Kazan|Swampert-Mega, M|8\/100\n|turn|13\n|\n|t:|1700316350\n|move|p2a: \u05d0\u05e9 \u05de\u05d9\u05de\u05e0\u05d9\u05e0\u05d2\u05d4|Water Shuriken|p1a: Kazan\n|-damage|p1a: Kazan|0 fnt\n|faint|p1a: Kazan\n|-hitcount|p1: Kazan|1\n|\n|-weather|RainDance|[upkeep]\n|upkeep\n|\n|t:|1700316353\n|switch|p1a: Raizo|Greninja, M|100\/100\n|turn|14\n|\n|t:|1700316361\n|-zpower|p2a: \u05d0\u05e9 \u05de\u05d9\u05de\u05e0\u05d9\u05e0\u05d2\u05d4\n|move|p2a: \u05d0\u05e9 \u05de\u05d9\u05de\u05e0\u05d9\u05e0\u05d2\u05d4|Hydro Vortex|p1a: Raizo|[zeffect]\n|-resisted|p1a: Raizo\n|-damage|p1a: Raizo|0 fnt\n|faint|p1a: Raizo\n|\n|-weather|RainDance|[upkeep]\n|upkeep\n|\n|t:|1700316367\n|switch|p1a: Onion|Ogerpon-Wellspring, F|100\/100\n|turn|15\n|\n|t:|1700316373\n|-terastallize|p1a: Onion|Water\n|detailschange|p1a: Onion|Ogerpon-Wellspring-Tera, F, tera:Water\n|-ability|p1a: Onion|Embody Aspect (Wellspring)|boost\n|-boost|p1a: Onion|spd|1\n|move|p2a: \u05d0\u05e9 \u05de\u05d9\u05de\u05e0\u05d9\u05e0\u05d2\u05d4|Dark Pulse|p1a: Onion\n|-damage|p1a: Onion|56\/100\n|move|p1a: Onion|Power Whip|p2a: \u05d0\u05e9 \u05de\u05d9\u05de\u05e0\u05d9\u05e0\u05d2\u05d4\n|-supereffective|p2a: \u05d0\u05e9 \u05de\u05d9\u05de\u05e0\u05d9\u05e0\u05d2\u05d4\n|-crit|p2a: \u05d0\u05e9 \u05de\u05d9\u05de\u05e0\u05d9\u05e0\u05d2\u05d4\n|-damage|p2a: \u05d0\u05e9 \u05de\u05d9\u05de\u05e0\u05d9\u05e0\u05d2\u05d4|0 fnt\n|faint|p2a: \u05d0\u05e9 \u05de\u05d9\u05de\u05e0\u05d9\u05e0\u05d2\u05d4\n|\n|-weather|none\n|upkeep\n|\n|t:|1700316382\n|switch|p2a: \u05e6\u05d0\u05e8\u05d9|Charizard-Mega-Y, M|4\/100\n|-weather|SunnyDay|[from] ability: Drought|[of] p2a: \u05e6\u05d0\u05e8\u05d9\n|turn|16\n|\n|t:|1700316392\n|move|p1a: Onion|Ivy Cudgel|p2a: \u05e6\u05d0\u05e8\u05d9|[anim] Ivy Cudgel Water\n|-supereffective|p2a: \u05e6\u05d0\u05e8\u05d9\n|-damage|p2a: \u05e6\u05d0\u05e8\u05d9|0 fnt\n|faint|p2a: \u05e6\u05d0\u05e8\u05d9\n|\n|-weather|SunnyDay|[upkeep]\n|upkeep\n|\n|t:|1700316398\n|switch|p2a: \u05ea\u05e8\u05e0\u05d2\u05d5\u05dc\u05ea \u05e9\u05d5\u05de\u05e8\u05ea \u05d7\u05e9\u05de\u05dc|Tapu Koko|58\/100 tox\n|-fieldstart|move: Electric Terrain|[from] ability: Electric Surge|[of] p2a: \u05ea\u05e8\u05e0\u05d2\u05d5\u05dc\u05ea \u05e9\u05d5\u05de\u05e8\u05ea \u05d7\u05e9\u05de\u05dc\n|turn|17\n|\n|t:|1700316405\n|move|p2a: \u05ea\u05e8\u05e0\u05d2\u05d5\u05dc\u05ea \u05e9\u05d5\u05de\u05e8\u05ea \u05d7\u05e9\u05de\u05dc|Reflect|p2a: \u05ea\u05e8\u05e0\u05d2\u05d5\u05dc\u05ea \u05e9\u05d5\u05de\u05e8\u05ea \u05d7\u05e9\u05de\u05dc\n|-sidestart|p2: ido1234567890|Reflect\n|move|p1a: Onion|Ivy Cudgel|p2a: \u05ea\u05e8\u05e0\u05d2\u05d5\u05dc\u05ea \u05e9\u05d5\u05de\u05e8\u05ea \u05d7\u05e9\u05de\u05dc|[anim] Ivy Cudgel Water\n|-damage|p2a: \u05ea\u05e8\u05e0\u05d2\u05d5\u05dc\u05ea \u05e9\u05d5\u05de\u05e8\u05ea \u05d7\u05e9\u05de\u05dc|31\/100 tox\n|\n|-weather|SunnyDay|[upkeep]\n|-damage|p2a: \u05ea\u05e8\u05e0\u05d2\u05d5\u05dc\u05ea \u05e9\u05d5\u05de\u05e8\u05ea \u05d7\u05e9\u05de\u05dc|25\/100 tox|[from] psn\n|upkeep\n|turn|18\n|\n|t:|1700316415\n|switch|p1a: flappy bird|Pelipper, F|52\/100\n|-weather|RainDance|[from] ability: Drizzle|[of] p1a: flappy bird\n|move|p2a: \u05ea\u05e8\u05e0\u05d2\u05d5\u05dc\u05ea \u05e9\u05d5\u05de\u05e8\u05ea \u05d7\u05e9\u05de\u05dc|Thunderbolt|p1a: flappy bird\n|-supereffective|p1a: flappy bird\n|-damage|p1a: flappy bird|0 fnt\n|faint|p1a: flappy bird\n|\n|-weather|RainDance|[upkeep]\n|-damage|p2a: \u05ea\u05e8\u05e0\u05d2\u05d5\u05dc\u05ea \u05e9\u05d5\u05de\u05e8\u05ea \u05d7\u05e9\u05de\u05dc|13\/100 tox|[from] psn\n|upkeep\n|\n|t:|1700316421\n|switch|p1a: Onion|Ogerpon-Wellspring-Tera, F, tera:Water|56\/100\n|-ability|p1a: Onion|Embody Aspect (Wellspring)|boost\n|-boost|p1a: Onion|spd|1\n|turn|19\n|\n|t:|1700316427\n|move|p2a: \u05ea\u05e8\u05e0\u05d2\u05d5\u05dc\u05ea \u05e9\u05d5\u05de\u05e8\u05ea \u05d7\u05e9\u05de\u05dc|Thunderbolt|p1a: Onion\n|-supereffective|p1a: Onion\n|-damage|p1a: Onion|0 fnt\n|faint|p1a: Onion\n|\n|win|ido1234567890\n|l|\u2606RinVer\n","uploadtime":1700316430,"views":15,"p1id":"rinver","p2id":"ido1234567890","formatid":"gen9nationaldex","rating":0,"private":0,"password":""}