{"id":"gen9nationaldex-1991620944","p1":"Stealth 25","p2":"MorthDaMooth","format":"[Gen 9] National Dex","log":"|j|\u2606Stealth 25\n|j|\u2606MorthDaMooth\n|t:|1700095135\n|gametype|singles\n|player|p1|Stealth 25|hilbert|\n|player|p2|MorthDaMooth|170|\n|teamsize|p1|6\n|teamsize|p2|6\n|gen|9\n|tier|[Gen 9] National Dex\n|rule|HP Percentage Mod: HP is shown in percentages\n|rule|Endless Battle Clause: Forcing endless battles is banned\n|rule|OHKO Clause: OHKO moves are banned\n|rule|Evasion Clause: Evasion abilities, items, and moves are banned\n|rule|Evasion Abilities Clause: Evasion abilities are banned\n|rule|Evasion Items Clause: Evasion items are banned\n|rule|Evasion Moves Clause: Evasion moves are banned\n|rule|Species Clause: Limit one of each Pok\u00e9mon\n|rule|Sleep Clause Mod: Limit one foe put to sleep\n|clearpoke\n|poke|p1|Greninja-*, M|\n|poke|p1|Shuckle, M|\n|poke|p1|Charizard, M|\n|poke|p1|Tapu Koko|\n|poke|p1|Iron Valiant|\n|poke|p1|Sceptile, M|\n|poke|p2|Serperior, M|\n|poke|p2|Noivern, M|\n|poke|p2|Tinkaton, F|\n|poke|p2|Slither Wing|\n|poke|p2|Milotic, F|\n|poke|p2|Clodsire, M|\n|teampreview\n|\n|t:|1700095138\n|start\n|switch|p1a: Dark Wing|Charizard, M, shiny|100\/100\n|switch|p2a: Whamma Slam!|Tinkaton, F|100\/100\n|-ability|p2a: Whamma Slam!|Mold Breaker\n|turn|1\n|\n|t:|1700095148\n|move|p2a: Whamma Slam!|Swords Dance|p2a: Whamma Slam!\n|-boost|p2a: Whamma Slam!|atk|2\n|move|p1a: Dark Wing|Dragon Dance|p1a: Dark Wing\n|-boost|p1a: Dark Wing|atk|1\n|-boost|p1a: Dark Wing|spe|1\n|\n|upkeep\n|turn|2\n|\n|t:|1700095156\n|detailschange|p1a: Dark Wing|Charizard-Mega-X, M, shiny\n|-mega|p1a: Dark Wing|Charizard|Charizardite X\n|move|p1a: Dark Wing|Fire Punch|p2a: Whamma Slam!\n|-supereffective|p2a: Whamma Slam!\n|-damage|p2a: Whamma Slam!|0 fnt\n|faint|p2a: Whamma Slam!\n|\n|upkeep\n|\n|t:|1700095164\n|switch|p2a: Marvel|Milotic, F|100\/100\n|turn|3\n|\n|t:|1700095167\n|move|p1a: Dark Wing|Thunder Punch|p2a: Marvel\n|-supereffective|p2a: Marvel\n|-damage|p2a: Marvel|0 fnt\n|faint|p2a: Marvel\n|\n|upkeep\n|\n|t:|1700095178\n|switch|p2a: Reverb|Noivern, M, shiny|100\/100\n|turn|4\n|\n|t:|1700095181\n|-terastallize|p2a: Reverb|Fairy\n|move|p1a: Dark Wing|Fire Punch|p2a: Reverb\n|-damage|p2a: Reverb|0 fnt\n|faint|p2a: Reverb\n|\n|upkeep\n|\n|t:|1700095187\n|switch|p2a: Da Snoove!|Serperior, M|100\/100\n|turn|5\n|\n|t:|1700095190\n|move|p1a: Dark Wing|Fire Punch|p2a: Da Snoove!\n|-supereffective|p2a: Da Snoove!\n|-damage|p2a: Da Snoove!|0 fnt\n|faint|p2a: Da Snoove!\n|\n|upkeep\n|\n|t:|1700095194\n|switch|p2a: The Lad!|Clodsire, M|100\/100\n|turn|6\n|\n|t:|1700095197\n|move|p1a: Dark Wing|Dragon Claw|p2a: The Lad!\n|-damage|p2a: The Lad!|0 fnt\n|faint|p2a: The Lad!\n|\n|upkeep\n|\n|t:|1700095201\n|switch|p2a: Floof Mooth|Slither Wing|100\/100\n|turn|7\n|\n|t:|1700095203\n|move|p2a: Floof Mooth|First Impression|p1a: Dark Wing\n|-resisted|p1a: Dark Wing\n|-damage|p1a: Dark Wing|76\/100\n|move|p1a: Dark Wing|Fire Punch|p2a: Floof Mooth\n|-supereffective|p2a: Floof Mooth\n|-damage|p2a: Floof Mooth|0 fnt\n|faint|p2a: Floof Mooth\n|-end|p2a: Floof Mooth|Protosynthesis|[silent]\n|\n|win|Stealth 25\n","uploadtime":1700095215,"views":4,"p1id":"stealth25","p2id":"morthdamooth","formatid":"gen9nationaldex","rating":0,"private":0,"password":""}