{"id":"gen9nationaldex-1990146003","p1":"kdkddjk","p2":"runeatest","format":"[Gen 9] National Dex","log":"|j|\u2606kdkddjk\n|j|\u2606runeatest\n|t:|1699929576\n|gametype|singles\n|player|p1|kdkddjk|cynthia-gen4|1261\n|player|p2|runeatest|1|1161\n|teamsize|p1|6\n|teamsize|p2|6\n|gen|9\n|tier|[Gen 9] National Dex\n|rated|\n|rule|HP Percentage Mod: HP is shown in percentages\n|rule|Endless Battle Clause: Forcing endless battles is banned\n|rule|OHKO Clause: OHKO moves are banned\n|rule|Evasion Clause: Evasion abilities, items, and moves are banned\n|rule|Evasion Abilities Clause: Evasion abilities are banned\n|rule|Evasion Items Clause: Evasion items are banned\n|rule|Evasion Moves Clause: Evasion moves are banned\n|rule|Species Clause: Limit one of each Pok\u00e9mon\n|rule|Sleep Clause Mod: Limit one foe put to sleep\n|clearpoke\n|poke|p1|Tatsugiri-Droopy, F|\n|poke|p1|Alakazam, M|\n|poke|p1|Lurantis, M|\n|poke|p1|Probopass, F|\n|poke|p1|Escavalier, M|\n|poke|p1|Lunatone|\n|poke|p2|Vaporeon, M|\n|poke|p2|Salamence, M|\n|poke|p2|Hitmontop, M|\n|poke|p2|Electivire, M|\n|poke|p2|Togekiss, M|\n|poke|p2|Houndoom, M|\n|teampreview\n|inactive|Battle timer is ON: inactive players will automatically lose when time's up. (requested by kdkddjk)\n|\n|t:|1699929587\n|start\n|switch|p1a: Lunatone|Lunatone|100\/100\n|switch|p2a: Salamence|Salamence, M|100\/100\n|-ability|p2a: Salamence|Intimidate|boost\n|-unboost|p1a: Lunatone|atk|1\n|turn|1\n|\n|t:|1699929592\n|move|p2a: Salamence|Hydro Pump|p1a: Lunatone\n|-supereffective|p1a: Lunatone\n|-damage|p1a: Lunatone|0 fnt\n|faint|p1a: Lunatone\n|\n|upkeep\n|\n|t:|1699929597\n|switch|p1a: Lurantis|Lurantis, M|100\/100\n|turn|2\n|\n|t:|1699929602\n|switch|p2a: Togekiss|Togekiss, M, shiny|100\/100\n|move|p1a: Lurantis|Knock Off|p2a: Togekiss\n|-resisted|p2a: Togekiss\n|-damage|p2a: Togekiss|87\/100\n|-enditem|p2a: Togekiss|Lum Berry|[from] move: Knock Off|[of] p1a: Lurantis\n|\n|upkeep\n|turn|3\n|\n|t:|1699929608\n|switch|p1a: Probopass|Probopass, F|100\/100\n|move|p2a: Togekiss|Thunder Wave|p1a: Probopass\n|-status|p1a: Probopass|par\n|\n|upkeep\n|turn|4\n|\n|t:|1699929615\n|switch|p2a: Salamence|Salamence, M|100\/100\n|-ability|p2a: Salamence|Intimidate|boost\n|-unboost|p1a: Probopass|atk|1\n|move|p1a: Probopass|Volt Switch|p2a: Salamence\n|-damage|p2a: Salamence|77\/100\n|\n|t:|1699929623\n|switch|p1a: Tatsugiri|Tatsugiri-Droopy, F|100\/100|[from] Volt Switch\n|\n|upkeep\n|turn|5\n|\n|t:|1699929627\n|switch|p1a: Probopass|Probopass, F|100\/100 par\n|move|p2a: Salamence|Draco Meteor|p1a: Probopass\n|-resisted|p1a: Probopass\n|-damage|p1a: Probopass|80\/100 par\n|-unboost|p2a: Salamence|spa|2\n|\n|upkeep\n|turn|6\n|\n|t:|1699929634\n|switch|p2a: Vaporeon|Vaporeon, M|100\/100\n|move|p1a: Probopass|Earth Power|p2a: Vaporeon\n|-damage|p2a: Vaporeon|80\/100\n|\n|-heal|p2a: Vaporeon|86\/100|[from] item: Leftovers\n|upkeep\n|turn|7\n|\n|t:|1699929641\n|move|p2a: Vaporeon|Ice Beam|p1a: Probopass\n|-resisted|p1a: Probopass\n|-damage|p1a: Probopass|72\/100 par\n|move|p1a: Probopass|Volt Switch|p2a: Vaporeon\n|-supereffective|p2a: Vaporeon\n|-damage|p2a: Vaporeon|54\/100\n|\n|t:|1699929648\n|switch|p1a: Tatsugiri|Tatsugiri-Droopy, F|100\/100|[from] Volt Switch\n|\n|-heal|p2a: Vaporeon|60\/100|[from] item: Leftovers\n|upkeep\n|turn|8\n|\n|t:|1699929654\n|move|p1a: Tatsugiri|Nasty Plot|p1a: Tatsugiri\n|-boost|p1a: Tatsugiri|spa|2\n|move|p2a: Vaporeon|Hidden Power|p1a: Tatsugiri\n|-damage|p1a: Tatsugiri|76\/100\n|\n|-heal|p2a: Vaporeon|66\/100|[from] item: Leftovers\n|upkeep\n|turn|9\n|\n|t:|1699929661\n|switch|p2a: Togekiss|Togekiss, M, shiny|87\/100\n|move|p1a: Tatsugiri|Draco Meteor|p2a: Togekiss\n|-immune|p2a: Togekiss\n|\n|upkeep\n|turn|10\n|\n|t:|1699929667\n|move|p1a: Tatsugiri|Surf|p2a: Togekiss\n|-damage|p2a: Togekiss|0 fnt\n|faint|p2a: Togekiss\n|\n|upkeep\n|\n|t:|1699929671\n|switch|p2a: Salamence|Salamence, M|77\/100\n|-ability|p2a: Salamence|Intimidate|boost\n|-unboost|p1a: Tatsugiri|atk|1\n|turn|11\n|\n|t:|1699929675\n|switch|p1a: Probopass|Probopass, F|72\/100 par\n|move|p2a: Salamence|Hydro Pump|p1a: Probopass|[miss]\n|-miss|p2a: Salamence|p1a: Probopass\n|\n|upkeep\n|turn|12\n|\n|t:|1699929680\n|switch|p1a: Tatsugiri|Tatsugiri-Droopy, F|76\/100\n|move|p2a: Salamence|Hydro Pump|p1a: Tatsugiri\n|-ability|p1a: Tatsugiri|Storm Drain|boost\n|-boost|p1a: Tatsugiri|spa|1\n|\n|upkeep\n|turn|13\n|\n|t:|1699929687\n|switch|p2a: Vaporeon|Vaporeon, M|66\/100\n|move|p1a: Tatsugiri|Rapid Spin|p2a: Vaporeon\n|-damage|p2a: Vaporeon|61\/100\n|-boost|p1a: Tatsugiri|spe|1\n|\n|-heal|p2a: Vaporeon|67\/100|[from] item: Leftovers\n|upkeep\n|turn|14\n|\n|t:|1699929696\n|move|p1a: Tatsugiri|Nasty Plot|p1a: Tatsugiri\n|-boost|p1a: Tatsugiri|spa|2\n|move|p2a: Vaporeon|Ice Beam|p1a: Tatsugiri\n|-damage|p1a: Tatsugiri|40\/100\n|\n|-heal|p2a: Vaporeon|73\/100|[from] item: Leftovers\n|upkeep\n|turn|15\n|\n|t:|1699929703\n|move|p1a: Tatsugiri|Draco Meteor|p2a: Vaporeon\n|-damage|p2a: Vaporeon|0 fnt\n|-unboost|p1a: Tatsugiri|spa|2\n|faint|p2a: Vaporeon\n|\n|upkeep\n|\n|t:|1699929709\n|switch|p2a: Hitmontop|Hitmontop, M|100\/100\n|turn|16\n|\n|t:|1699929715\n|switch|p1a: Escavalier|Escavalier, M|100\/100\n|move|p2a: Hitmontop|Fake Out|p1a: Escavalier\n|-resisted|p1a: Escavalier\n|-damage|p1a: Escavalier|92\/100\n|\n|upkeep\n|turn|17\n|\n|t:|1699929720\n|move|p2a: Hitmontop|High Jump Kick|p1a: Escavalier\n|-damage|p1a: Escavalier|34\/100\n|move|p1a: Escavalier|Iron Head|p2a: Hitmontop\n|-damage|p2a: Hitmontop|35\/100\n|\n|upkeep\n|turn|18\n|\n|t:|1699929727\n|move|p2a: Hitmontop|High Jump Kick|p1a: Escavalier\n|-damage|p1a: Escavalier|0 fnt\n|faint|p1a: Escavalier\n|\n|upkeep\n|\n|t:|1699929729\n|switch|p1a: Alakazam|Alakazam, M|100\/100\n|turn|19\n|\n|t:|1699929732\n|move|p2a: Hitmontop|Sucker Punch|p1a: Alakazam\n|-supereffective|p1a: Alakazam\n|-enditem|p1a: Alakazam|Focus Sash\n|-damage|p1a: Alakazam|1\/100\n|move|p1a: Alakazam|Psychic|p2a: Hitmontop\n|-supereffective|p2a: Hitmontop\n|-damage|p2a: Hitmontop|0 fnt\n|faint|p2a: Hitmontop\n|\n|upkeep\n|\n|t:|1699929742\n|switch|p2a: Salamence|Salamence, M|77\/100\n|-ability|p2a: Salamence|Intimidate|boost\n|-unboost|p1a: Alakazam|atk|1\n|turn|20\n|\n|t:|1699929746\n|switch|p1a: Probopass|Probopass, F|72\/100 par\n|move|p2a: Salamence|Draco Meteor|p1a: Probopass\n|-resisted|p1a: Probopass\n|-damage|p1a: Probopass|49\/100 par\n|-unboost|p2a: Salamence|spa|2\n|\n|upkeep\n|turn|21\n|\n|t:|1699929754\n|switch|p2a: Electivire|Electivire, M, shiny|100\/100\n|-item|p2a: Electivire|Air Balloon\n|cant|p1a: Probopass|par\n|\n|upkeep\n|turn|22\n|\n|t:|1699929762\n|switch|p1a: Lurantis|Lurantis, M|100\/100\n|move|p2a: Electivire|Earthquake|p1a: Lurantis\n|-resisted|p1a: Lurantis\n|-damage|p1a: Lurantis|81\/100\n|\n|-heal|p1a: Lurantis|87\/100|[from] item: Leftovers\n|upkeep\n|turn|23\n|\n|t:|1699929770\n|switch|p2a: Salamence|Salamence, M|77\/100\n|-ability|p2a: Salamence|Intimidate|boost\n|-boost|p1a: Lurantis|atk|1\n|move|p1a: Lurantis|Superpower|p2a: Salamence\n|-resisted|p2a: Salamence\n|-damage|p2a: Salamence|50\/100\n|-boost|p1a: Lurantis|atk|1\n|-boost|p1a: Lurantis|def|1\n|\n|-heal|p1a: Lurantis|93\/100|[from] item: Leftovers\n|upkeep\n|turn|24\n|\n|t:|1699929780\n|switch|p1a: Probopass|Probopass, F|49\/100 par\n|move|p2a: Salamence|Flamethrower|p1a: Probopass\n|-damage|p1a: Probopass|27\/100 par\n|\n|upkeep\n|turn|25\n|\n|t:|1699929785\n|move|p2a: Salamence|Flamethrower|p1a: Probopass\n|-damage|p1a: Probopass|5\/100 par\n|move|p1a: Probopass|Power Gem|p2a: Salamence\n|-supereffective|p2a: Salamence\n|-damage|p2a: Salamence|0 fnt\n|faint|p2a: Salamence\n|\n|upkeep\n|\n|t:|1699929793\n|switch|p2a: Houndoom|Houndoom, M|100\/100\n|turn|26\n|\n|t:|1699929796\n|move|p2a: Houndoom|Nasty Plot|p2a: Houndoom\n|-boost|p2a: Houndoom|spa|2\n|cant|p1a: Probopass|par\n|\n|upkeep\n|turn|27\n|\n|t:|1699929801\n|move|p2a: Houndoom|Flamethrower|p1a: Probopass\n|-damage|p1a: Probopass|0 fnt\n|faint|p1a: Probopass\n|\n|upkeep\n|\n|t:|1699929806\n|switch|p1a: Alakazam|Alakazam, M|1\/100\n|turn|28\n|\n|t:|1699929811\n|move|p1a: Alakazam|Focus Blast|p2a: Houndoom\n|-supereffective|p2a: Houndoom\n|-enditem|p2a: Houndoom|Focus Sash\n|-damage|p2a: Houndoom|1\/100\n|move|p2a: Houndoom|Dark Pulse|p1a: Alakazam\n|-supereffective|p1a: Alakazam\n|-crit|p1a: Alakazam\n|-damage|p1a: Alakazam|0 fnt\n|faint|p1a: Alakazam\n|\n|upkeep\n|\n|t:|1699929819\n|switch|p1a: Lurantis|Lurantis, M|93\/100\n|turn|29\n|\n|t:|1699929822\n|-terastallize|p1a: Lurantis|Water\n|move|p2a: Houndoom|Flamethrower|p1a: Lurantis\n|-resisted|p1a: Lurantis\n|-damage|p1a: Lurantis|62\/100\n|move|p1a: Lurantis|Superpower|p2a: Houndoom\n|-supereffective|p2a: Houndoom\n|-damage|p2a: Houndoom|0 fnt\n|-boost|p1a: Lurantis|atk|1\n|-boost|p1a: Lurantis|def|1\n|faint|p2a: Houndoom\n|\n|-heal|p1a: Lurantis|69\/100|[from] item: Leftovers\n|upkeep\n|\n|t:|1699929833\n|switch|p2a: Electivire|Electivire, M, shiny|100\/100\n|-item|p2a: Electivire|Air Balloon\n|turn|30\n|\n|t:|1699929836\n|move|p2a: Electivire|Thunder Punch|p1a: Lurantis\n|-supereffective|p1a: Lurantis\n|-damage|p1a: Lurantis|11\/100\n|move|p1a: Lurantis|Superpower|p2a: Electivire\n|-damage|p2a: Electivire|26\/100\n|-boost|p1a: Lurantis|atk|1\n|-boost|p1a: Lurantis|def|1\n|-enditem|p2a: Electivire|Air Balloon\n|\n|-heal|p1a: Lurantis|17\/100|[from] item: Leftovers\n|upkeep\n|turn|31\n|\n|t:|1699929847\n|move|p2a: Electivire|Thunder Punch|p1a: Lurantis\n|-supereffective|p1a: Lurantis\n|-crit|p1a: Lurantis\n|-damage|p1a: Lurantis|0 fnt\n|faint|p1a: Lurantis\n|\n|upkeep\n|\n|t:|1699929850\n|switch|p1a: Tatsugiri|Tatsugiri-Droopy, F|40\/100\n|turn|32\n|\n|t:|1699929854\n|move|p2a: Electivire|Thunder Punch|p1a: Tatsugiri\n|-damage|p1a: Tatsugiri|0 fnt\n|faint|p1a: Tatsugiri\n|\n|win|runeatest\n|raw|kdkddjk's rating: 1261 &rarr; <strong>1229<\/strong><br \/>(-32 for losing)\n|raw|runeatest's rating: 1161 &rarr; <strong>1193<\/strong><br \/>(+32 for winning)\n|l|\u2606kdkddjk\n","uploadtime":1699929861,"views":5,"p1id":"kdkddjk","p2id":"runeatest","formatid":"gen9nationaldex","rating":1193,"private":0,"password":""}