{"id":"gen9nationaldex-1999157433","p1":"monsterapper","p2":"geleceh","format":"[Gen 9] National Dex","log":"|html|<div class=\"broadcast-blue\"><strong>[Gen 9] National Dex is currently suspecting Sneasler! For information on how to participate check out the <a href=\"https:\/\/www.smogon.com\/forums\/threads\/sv-national-dex-suspect-8-just-dance.3731534\/\">suspect thread<\/a>.<\/strong><\/div>\n|j|\u2606monsterapper\n|j|\u2606geleceh\n|t:|1701039472\n|gametype|singles\n|player|p1|monsterapper|veteran|1372\n|player|p2|geleceh|rocketgrunt|1231\n|teamsize|p1|6\n|teamsize|p2|6\n|gen|9\n|tier|[Gen 9] National Dex\n|rated|\n|rule|HP Percentage Mod: HP is shown in percentages\n|rule|Endless Battle Clause: Forcing endless battles is banned\n|rule|OHKO Clause: OHKO moves are banned\n|rule|Evasion Clause: Evasion abilities, items, and moves are banned\n|rule|Evasion Abilities Clause: Evasion abilities are banned\n|rule|Evasion Items Clause: Evasion items are banned\n|rule|Evasion Moves Clause: Evasion moves are banned\n|rule|Species Clause: Limit one of each Pok\u00e9mon\n|rule|Sleep Clause Mod: Limit one foe put to sleep\n|clearpoke\n|poke|p1|Lopunny, F|\n|poke|p1|Zoroark-Hisui, F|\n|poke|p1|Blissey, F|\n|poke|p1|Ditto|\n|poke|p1|Staraptor, F|\n|poke|p1|Ursaluna, F|\n|poke|p2|Vivillon-Polar, M|\n|poke|p2|Electivire, M|\n|poke|p2|Absol, F|\n|poke|p2|Keldeo-Resolute|\n|poke|p2|Ambipom, M|\n|poke|p2|Cyclizar, M|\n|teampreview\n|inactive|Battle timer is ON: inactive players will automatically lose when time's up. (requested by geleceh)\n|\n|t:|1701039497\n|start\n|switch|p1a: Miruko|Lopunny, F|100\/100\n|switch|p2a: Vivillon|Vivillon-Polar, M|100\/100\n|turn|1\n|\n|t:|1701039507\n|switch|p2a: Electivire|Electivire, M|100\/100\n|detailschange|p1a: Miruko|Lopunny-Mega, F\n|-mega|p1a: Miruko|Lopunny|Lopunnite\n|move|p1a: Miruko|U-turn|p2a: Electivire\n|-damage|p2a: Electivire|62\/100\n|\n|t:|1701039522\n|switch|p1a: Oliver|Ursaluna, F|100\/100|[from] U-turn\n|\n|-status|p1a: Oliver|brn|[from] item: Flame Orb\n|upkeep\n|turn|2\n|\n|t:|1701039535\n|move|p2a: Electivire|Cross Chop|p1a: Oliver|[miss]\n|-miss|p2a: Electivire|p1a: Oliver\n|move|p1a: Oliver|Facade|p2a: Electivire\n|-damage|p2a: Electivire|0 fnt\n|faint|p2a: Electivire\n|\n|-damage|p1a: Oliver|94\/100 brn|[from] brn\n|upkeep\n|\n|t:|1701039542\n|switch|p2a: Keldeo|Keldeo-Resolute|100\/100\n|turn|3\n|\n|t:|1701039547\n|move|p2a: Keldeo|Hydro Pump|p1a: Oliver\n|-supereffective|p1a: Oliver\n|-damage|p1a: Oliver|0 fnt\n|faint|p1a: Oliver\n|\n|upkeep\n|\n|t:|1701039554\n|switch|p1a: Miruko|Lopunny-Mega, F|100\/100\n|turn|4\n|\n|t:|1701039561\n|move|p1a: Miruko|Return|p2a: Keldeo\n|-damage|p2a: Keldeo|31\/100\n|move|p2a: Keldeo|Secret Sword|p1a: Miruko\n|-supereffective|p1a: Miruko\n|-damage|p1a: Miruko|0 fnt\n|faint|p1a: Miruko\n|\n|upkeep\n|\n|t:|1701039569\n|switch|p1a: Tamago|Blissey, F|100\/100\n|turn|5\n|\n|t:|1701039572\n|move|p1a: Tamago|Hyper Voice|p2a: Keldeo\n|-damage|p2a: Keldeo|0 fnt\n|faint|p2a: Keldeo\n|\n|upkeep\n|\n|t:|1701039577\n|switch|p2a: Absol|Absol, F|100\/100\n|-ability|p2a: Absol|Pressure\n|turn|6\n|\n|t:|1701039590\n|detailschange|p2a: Absol|Absol-Mega, F\n|-mega|p2a: Absol|Absol|Absolite\n|-terastallize|p1a: Tamago|Normal\n|move|p2a: Absol|Swords Dance|p2a: Absol\n|-boost|p2a: Absol|atk|2\n|move|p1a: Tamago|Hyper Voice|p2a: Absol\n|-damage|p2a: Absol|0 fnt\n|faint|p2a: Absol\n|\n|upkeep\n|\n|t:|1701039596\n|switch|p2a: Ambipom|Ambipom, M|100\/100\n|turn|7\n|\n|t:|1701039601\n|move|p2a: Ambipom|Fake Out|p1a: Tamago\n|-damage|p1a: Tamago|32\/100\n|replace|p1a: E621|Zoroark-Hisui, F\n|-end|p1a: E621|Illusion\n|cant|p1a: E621|flinch\n|\n|upkeep\n|turn|8\n|\n|t:|1701039606\n|move|p2a: Ambipom|Power-Up Punch|p1a: E621\n|-supereffective|p1a: E621\n|-crit|p1a: E621\n|-damage|p1a: E621|0 fnt\n|-boost|p2a: Ambipom|atk|1\n|faint|p1a: E621\n|\n|upkeep\n|\n|t:|1701039618\n|switch|p1a: Shang Tsung|Ditto|100\/100\n|-transform|p1a: Shang Tsung|p2a: Ambipom|[from] ability: Imposter\n|turn|9\n|\n|t:|1701039634\n|move|p1a: Shang Tsung|Double Hit|p2a: Ambipom\n|-damage|p2a: Ambipom|41\/100\n|-damage|p2a: Ambipom|0 fnt\n|faint|p2a: Ambipom\n|-hitcount|p2: Ambipom|2\n|\n|upkeep\n|\n|t:|1701039638\n|switch|p2a: Cyclizar|Cyclizar, M|100\/100\n|turn|10\n|\n|t:|1701039642\n|move|p1a: Shang Tsung|Double Hit|p2a: Cyclizar\n|-damage|p2a: Cyclizar|42\/100\n|-damage|p2a: Cyclizar|0 fnt\n|faint|p2a: Cyclizar\n|-hitcount|p2: Cyclizar|2\n|\n|upkeep\n|\n|t:|1701039644\n|switch|p2a: Vivillon|Vivillon-Polar, M|100\/100\n|turn|11\n|\n|t:|1701039649\n|move|p1a: Shang Tsung|Double Hit|p2a: Vivillon\n|-damage|p2a: Vivillon|37\/100\n|-damage|p2a: Vivillon|0 fnt\n|faint|p2a: Vivillon\n|-hitcount|p2: Vivillon|2\n|\n|win|monsterapper\n|raw|monsterapper's rating: 1372 &rarr; <strong>1384<\/strong><br \/>(+12 for winning)\n|raw|geleceh's rating: 1231 &rarr; <strong>1216<\/strong><br \/>(-15 for losing)\n","uploadtime":1701039656,"views":2,"p1id":"monsterapper","p2id":"geleceh","formatid":"gen9nationaldex","rating":1216,"private":0,"password":""}