{"id":"gen9nationaldex-1997596892","p1":"321g","p2":"QIxhQI","format":"[Gen 9] National Dex","log":"|html|<div class=\"broadcast-blue\"><strong>[Gen 9] National Dex is currently suspecting Sneasler! For information on how to participate check out the <a href=\"https:\/\/www.smogon.com\/forums\/threads\/sv-national-dex-suspect-8-just-dance.3731534\/\">suspect thread<\/a>.<\/strong><\/div>\n|j|\u2606321g\n|j|\u2606QIxhQI\n|t:|1700830863\n|gametype|singles\n|player|p1|321g|266|1478\n|player|p2|QIxhQI|170|1609\n|teamsize|p1|6\n|teamsize|p2|6\n|gen|9\n|tier|[Gen 9] National Dex\n|rated|\n|rule|HP Percentage Mod: HP is shown in percentages\n|rule|Endless Battle Clause: Forcing endless battles is banned\n|rule|OHKO Clause: OHKO moves are banned\n|rule|Evasion Clause: Evasion abilities, items, and moves are banned\n|rule|Evasion Abilities Clause: Evasion abilities are banned\n|rule|Evasion Items Clause: Evasion items are banned\n|rule|Evasion Moves Clause: Evasion moves are banned\n|rule|Species Clause: Limit one of each Pok\u00e9mon\n|rule|Sleep Clause Mod: Limit one foe put to sleep\n|clearpoke\n|poke|p1|Lanturn, M|\n|poke|p1|Kommo-o, F|\n|poke|p1|Buzzwole|\n|poke|p1|Glimmora, M|\n|poke|p1|Gengar, F|\n|poke|p1|Gyarados, M|\n|poke|p2|Ninetales-Alola, F|\n|poke|p2|Blaziken, M|\n|poke|p2|Gyarados, F|\n|poke|p2|Salamence, M|\n|poke|p2|Celesteela|\n|poke|p2|Iron Treads|\n|teampreview\n|inactive|Battle timer is ON: inactive players will automatically lose when time's up. (requested by 321g)\n|inactive|QIxhQI also wants the timer to be on.\n|\n|t:|1700830879\n|start\n|switch|p1a: Gyarados|Gyarados, M|100\/100\n|switch|p2a: Iron Treads|Iron Treads|100\/100\n|-ability|p1a: Gyarados|Intimidate|boost\n|-unboost|p2a: Iron Treads|atk|1\n|turn|1\n|\n|t:|1700830886\n|move|p2a: Iron Treads|Stealth Rock|p1a: Gyarados\n|-sidestart|p1: 321g|move: Stealth Rock\n|move|p1a: Gyarados|Dragon Dance|p1a: Gyarados\n|-boost|p1a: Gyarados|atk|1\n|-boost|p1a: Gyarados|spe|1\n|\n|upkeep\n|turn|2\n|\n|t:|1700830893\n|move|p1a: Gyarados|Dragon Dance|p1a: Gyarados\n|-boost|p1a: Gyarados|atk|1\n|-boost|p1a: Gyarados|spe|1\n|move|p2a: Iron Treads|Rapid Spin|p1a: Gyarados\n|-damage|p1a: Gyarados|88\/100\n|-boost|p2a: Iron Treads|spe|1\n|\n|upkeep\n|turn|3\n|\n|t:|1700830900\n|move|p1a: Gyarados|Waterfall|p2a: Iron Treads\n|-supereffective|p2a: Iron Treads\n|-enditem|p2a: Iron Treads|Focus Sash\n|-damage|p2a: Iron Treads|1\/100\n|move|p2a: Iron Treads|Rapid Spin|p1a: Gyarados\n|-damage|p1a: Gyarados|74\/100\n|-boost|p2a: Iron Treads|spe|1\n|\n|upkeep\n|turn|4\n|\n|t:|1700830910\n|move|p2a: Iron Treads|Endeavor|p1a: Gyarados\n|-damage|p1a: Gyarados|1\/100\n|move|p1a: Gyarados|Waterfall|p2a: Iron Treads\n|-supereffective|p2a: Iron Treads\n|-damage|p2a: Iron Treads|0 fnt\n|faint|p2a: Iron Treads\n|-end|p2a: Iron Treads|Quark Drive|[silent]\n|\n|upkeep\n|\n|t:|1700830916\n|switch|p2a: Ninetales|Ninetales-Alola, F|100\/100\n|-weather|Snow|[from] ability: Snow Warning|[of] p2a: Ninetales\n|turn|5\n|\n|t:|1700830920\n|move|p1a: Gyarados|Waterfall|p2a: Ninetales\n|-damage|p2a: Ninetales|26\/100\n|move|p2a: Ninetales|Freeze-Dry|p1a: Gyarados\n|-supereffective|p1a: Gyarados\n|-damage|p1a: Gyarados|0 fnt\n|faint|p1a: Gyarados\n|\n|-weather|Snow|[upkeep]\n|upkeep\n|\n|t:|1700830930\n|switch|p1a: Gengar|Gengar, F|100\/100\n|-damage|p1a: Gengar|88\/100|[from] Stealth Rock\n|-item|p1a: Gengar|Air Balloon\n|turn|6\n|\n|t:|1700830940\n|switch|p2a: Celesteela|Celesteela, shiny|100\/100\n|move|p1a: Gengar|Sludge Wave|p2a: Celesteela\n|-immune|p2a: Celesteela\n|\n|-weather|Snow|[upkeep]\n|upkeep\n|turn|7\n|\n|t:|1700830947\n|move|p1a: Gengar|Destiny Bond|p1a: Gengar\n|-singlemove|p1a: Gengar|Destiny Bond\n|move|p2a: Celesteela|Autotomize|p2a: Celesteela\n|-boost|p2a: Celesteela|spe|2\n|-start|p2a: Celesteela|Autotomize\n|\n|-weather|Snow|[upkeep]\n|upkeep\n|turn|8\n|\n|t:|1700830954\n|move|p2a: Celesteela|Air Slash|p1a: Gengar\n|-damage|p1a: Gengar|24\/100\n|-enditem|p1a: Gengar|Air Balloon\n|cant|p1a: Gengar|flinch\n|\n|-weather|Snow|[upkeep]\n|upkeep\n|turn|9\n|-message|321g forfeited.\n|\n|win|QIxhQI\n|raw|321g's rating: 1478 &rarr; <strong>1465<\/strong><br \/>(-13 for losing)\n|raw|QIxhQI's rating: 1609 &rarr; <strong>1622<\/strong><br \/>(+13 for winning)\n|l|\u2606321g\n","uploadtime":1700830972,"views":1,"p1id":"321g","p2id":"qixhqi","formatid":"gen9nationaldex","rating":1465,"private":0,"password":""}