{"id":"gen9nationaldex-1995524145","p1":"kingcow_thegoat","p2":"Jeery112","format":"[Gen 9] National Dex","log":"|html|<div class=\"broadcast-blue\"><strong>[Gen 9] National Dex is currently suspecting Sneasler! For information on how to participate check out the <a href=\"https:\/\/www.smogon.com\/forums\/threads\/sv-national-dex-suspect-8-just-dance.3731534\/\">suspect thread<\/a>.<\/strong><\/div>\n|j|\u2606kingcow_thegoat\n|j|\u2606Jeery112\n|t:|1700579707\n|gametype|singles\n|player|p1|kingcow_thegoat|1|\n|player|p2|Jeery112|n|\n|teamsize|p1|6\n|teamsize|p2|6\n|gen|9\n|tier|[Gen 9] National Dex\n|rule|HP Percentage Mod: HP is shown in percentages\n|rule|Endless Battle Clause: Forcing endless battles is banned\n|rule|OHKO Clause: OHKO moves are banned\n|rule|Evasion Clause: Evasion abilities, items, and moves are banned\n|rule|Evasion Abilities Clause: Evasion abilities are banned\n|rule|Evasion Items Clause: Evasion items are banned\n|rule|Evasion Moves Clause: Evasion moves are banned\n|rule|Species Clause: Limit one of each Pok\u00e9mon\n|rule|Sleep Clause Mod: Limit one foe put to sleep\n|clearpoke\n|poke|p1|Tapu Bulu|\n|poke|p1|Sneasler, F|\n|poke|p1|Milotic, F|\n|poke|p1|Ninetales-Alola, F|\n|poke|p1|Toxapex, F|\n|poke|p1|Lopunny, M|\n|poke|p2|Hydreigon, M|\n|poke|p2|Samurott-Hisui, F|\n|poke|p2|Weavile, M|\n|poke|p2|Tyranitar, F|\n|poke|p2|Krookodile, F|\n|poke|p2|Sableye, M|\n|teampreview\n|c|\u2606Jeery112|Gl hf :)\n|\n|t:|1700579717\n|start\n|switch|p1a: Tapu Bulu|Tapu Bulu|100\/100\n|switch|p2a: Sableye|Sableye, M|100\/100\n|-fieldstart|move: Grassy Terrain|[from] ability: Grassy Surge|[of] p1a: Tapu Bulu\n|turn|1\n|c|\u2606kingcow_thegoat|you too\n|\n|t:|1700579729\n|switch|p1a: Milotic|Milotic, F|100\/100\n|detailschange|p2a: Sableye|Sableye-Mega, M\n|-mega|p2a: Sableye|Sableye|Sablenite\n|move|p2a: Sableye|Will-O-Wisp|p1a: Milotic\n|-status|p1a: Milotic|brn\n|\n|-damage|p1a: Milotic|94\/100 brn|[from] brn\n|upkeep\n|turn|2\n|\n|t:|1700579737\n|move|p1a: Milotic|Toxic|p2a: Sableye\n|move|p2a: Sableye|Toxic||[from]ability: Magic Bounce|[still]\n|-fail|p2a: Sableye\n|move|p2a: Sableye|Knock Off|p1a: Milotic\n|-damage|p1a: Milotic|76\/100 brn\n|-enditem|p1a: Milotic|Flame Orb|[from] move: Knock Off|[of] p2a: Sableye\n|\n|-heal|p1a: Milotic|82\/100 brn|[from] Grassy Terrain\n|-damage|p1a: Milotic|76\/100 brn|[from] brn\n|upkeep\n|turn|3\n|\n|t:|1700579748\n|move|p1a: Milotic|Coil|p1a: Milotic\n|-boost|p1a: Milotic|atk|1\n|-boost|p1a: Milotic|def|1\n|-boost|p1a: Milotic|accuracy|1\n|move|p2a: Sableye|Knock Off|p1a: Milotic\n|-damage|p1a: Milotic|67\/100 brn\n|\n|-heal|p1a: Milotic|73\/100 brn|[from] Grassy Terrain\n|-damage|p1a: Milotic|67\/100 brn|[from] brn\n|upkeep\n|turn|4\n|\n|t:|1700579753\n|switch|p2a: Samurott|Samurott-Hisui, F|100\/100\n|move|p1a: Milotic|Coil|p1a: Milotic\n|-boost|p1a: Milotic|atk|1\n|-boost|p1a: Milotic|def|1\n|-boost|p1a: Milotic|accuracy|1\n|\n|-heal|p1a: Milotic|73\/100 brn|[from] Grassy Terrain\n|-damage|p1a: Milotic|67\/100 brn|[from] brn\n|upkeep\n|turn|5\n|c|\u2606kingcow_thegoat|I have reasons\n|\n|t:|1700579757\n|move|p2a: Samurott|Ceaseless Edge|p1a: Milotic\n|-damage|p1a: Milotic|52\/100 brn\n|-sidestart|p1: kingcow_thegoat|Spikes\n|move|p1a: Milotic|Recover|p1a: Milotic\n|-heal|p1a: Milotic|100\/100 brn\n|\n|-damage|p1a: Milotic|94\/100 brn|[from] brn\n|-fieldend|move: Grassy Terrain\n|upkeep\n|turn|6\n|\n|t:|1700579763\n|move|p2a: Samurott|Ceaseless Edge|p1a: Milotic\n|-damage|p1a: Milotic|80\/100 brn\n|-sidestart|p1: kingcow_thegoat|Spikes\n|move|p1a: Milotic|Coil|p1a: Milotic\n|-boost|p1a: Milotic|atk|1\n|-boost|p1a: Milotic|def|1\n|-boost|p1a: Milotic|accuracy|1\n|\n|-damage|p1a: Milotic|74\/100 brn|[from] brn\n|upkeep\n|turn|7\n|\n|t:|1700579767\n|move|p2a: Samurott|Ceaseless Edge|p1a: Milotic\n|-damage|p1a: Milotic|62\/100 brn\n|-sidestart|p1: kingcow_thegoat|Spikes\n|move|p1a: Milotic|Coil|p1a: Milotic\n|-boost|p1a: Milotic|atk|1\n|-boost|p1a: Milotic|def|1\n|-boost|p1a: Milotic|accuracy|1\n|\n|-damage|p1a: Milotic|56\/100 brn|[from] brn\n|upkeep\n|turn|8\n|\n|t:|1700579773\n|switch|p2a: Sableye|Sableye-Mega, M|100\/100\n|move|p1a: Milotic|Coil|p1a: Milotic\n|-boost|p1a: Milotic|atk|1\n|-boost|p1a: Milotic|def|1\n|-boost|p1a: Milotic|accuracy|1\n|\n|-damage|p1a: Milotic|49\/100 brn|[from] brn\n|upkeep\n|turn|9\n|\n|t:|1700579778\n|move|p1a: Milotic|Recover|p1a: Milotic\n|-heal|p1a: Milotic|99\/100 brn\n|move|p2a: Sableye|Knock Off|p1a: Milotic\n|-damage|p1a: Milotic|96\/100 brn\n|\n|-damage|p1a: Milotic|90\/100 brn|[from] brn\n|upkeep\n|turn|10\n|\n|t:|1700579784\n|switch|p2a: Hydreigon|Hydreigon, M|100\/100\n|move|p1a: Milotic|Scald|p2a: Hydreigon\n|-resisted|p2a: Hydreigon\n|-damage|p2a: Hydreigon|81\/100\n|\n|-damage|p1a: Milotic|83\/100 brn|[from] brn\n|upkeep\n|turn|11\n|\n|t:|1700579790\n|move|p2a: Hydreigon|Draco Meteor|p1a: Milotic\n|-damage|p1a: Milotic|11\/100 brn\n|-unboost|p2a: Hydreigon|spa|2\n|move|p1a: Milotic|Toxic|p2a: Hydreigon\n|-status|p2a: Hydreigon|tox\n|\n|-damage|p2a: Hydreigon|75\/100 tox|[from] psn\n|-damage|p1a: Milotic|5\/100 brn|[from] brn\n|upkeep\n|turn|12\n|\n|t:|1700579793\n|move|p2a: Hydreigon|Draco Meteor|p1a: Milotic\n|-crit|p1a: Milotic\n|-damage|p1a: Milotic|0 fnt\n|-unboost|p2a: Hydreigon|spa|2\n|faint|p1a: Milotic\n|\n|-damage|p2a: Hydreigon|63\/100 tox|[from] psn\n|upkeep\n|\n|t:|1700579797\n|switch|p1a: Tapu Bulu|Tapu Bulu|100\/100\n|-damage|p1a: Tapu Bulu|76\/100|[from] Spikes\n|-fieldstart|move: Grassy Terrain|[from] ability: Grassy Surge|[of] p1a: Tapu Bulu\n|turn|13\n|\n|t:|1700579804\n|switch|p2a: Sableye|Sableye-Mega, M|100\/100\n|move|p1a: Tapu Bulu|Close Combat|p2a: Sableye\n|-immune|p2a: Sableye\n|\n|-heal|p1a: Tapu Bulu|82\/100|[from] Grassy Terrain\n|upkeep\n|turn|14\n|\n|t:|1700579807\n|switch|p1a: Ninetales|Ninetales-Alola, F|100\/100\n|-damage|p1a: Ninetales|76\/100|[from] Spikes\n|-weather|Snow|[from] ability: Snow Warning|[of] p1a: Ninetales\n|move|p2a: Sableye|Knock Off|p1a: Ninetales\n|-resisted|p1a: Ninetales\n|-damage|p1a: Ninetales|62\/100\n|-enditem|p1a: Ninetales|Icy Rock|[from] move: Knock Off|[of] p2a: Sableye\n|\n|-weather|Snow|[upkeep]\n|-heal|p1a: Ninetales|68\/100|[from] Grassy Terrain\n|upkeep\n|turn|15\n|\n|t:|1700579813\n|switch|p2a: Tyranitar|Tyranitar, F|100\/100\n|-weather|Sandstorm|[from] ability: Sand Stream|[of] p2a: Tyranitar\n|move|p1a: Ninetales|Moonblast|p2a: Tyranitar\n|-supereffective|p2a: Tyranitar\n|-damage|p2a: Tyranitar|56\/100\n|-unboost|p2a: Tyranitar|spa|1\n|\n|-weather|Sandstorm|[upkeep]\n|-damage|p1a: Ninetales|62\/100|[from] Sandstorm\n|-heal|p1a: Ninetales|68\/100|[from] Grassy Terrain\n|-heal|p2a: Tyranitar|62\/100|[from] Grassy Terrain\n|upkeep\n|turn|16\n|\n|t:|1700579818\n|move|p1a: Ninetales|Moonblast|p2a: Tyranitar\n|-supereffective|p2a: Tyranitar\n|-damage|p2a: Tyranitar|18\/100\n|-unboost|p2a: Tyranitar|spa|1\n|move|p2a: Tyranitar|Heavy Slam|p1a: Ninetales\n|-supereffective|p1a: Ninetales\n|-damage|p1a: Ninetales|0 fnt\n|faint|p1a: Ninetales\n|\n|-weather|Sandstorm|[upkeep]\n|-heal|p2a: Tyranitar|24\/100|[from] Grassy Terrain\n|upkeep\n|\n|t:|1700579821\n|switch|p1a: Sneasler|Sneasler, F|100\/100\n|-damage|p1a: Sneasler|76\/100|[from] Spikes\n|-enditem|p1a: Sneasler|Grassy Seed\n|-boost|p1a: Sneasler|def|1|[from] item: Grassy Seed\n|turn|17\n|\n|t:|1700579829\n|move|p1a: Sneasler|Close Combat|p2a: Tyranitar\n|-supereffective|p2a: Tyranitar\n|-crit|p2a: Tyranitar\n|-damage|p2a: Tyranitar|0 fnt\n|-unboost|p1a: Sneasler|def|1\n|-unboost|p1a: Sneasler|spd|1\n|faint|p2a: Tyranitar\n|\n|-weather|Sandstorm|[upkeep]\n|-damage|p1a: Sneasler|70\/100|[from] Sandstorm\n|-heal|p1a: Sneasler|76\/100|[from] Grassy Terrain\n|-fieldend|move: Grassy Terrain\n|upkeep\n|\n|t:|1700579835\n|switch|p2a: Krookodile|Krookodile, F, shiny|100\/100\n|turn|18\n|\n|t:|1700579839\n|move|p1a: Sneasler|Close Combat|p2a: Krookodile\n|-supereffective|p2a: Krookodile\n|-damage|p2a: Krookodile|0 fnt\n|-unboost|p1a: Sneasler|def|1\n|-unboost|p1a: Sneasler|spd|1\n|faint|p2a: Krookodile\n|\n|-weather|Sandstorm|[upkeep]\n|-damage|p1a: Sneasler|70\/100|[from] Sandstorm\n|upkeep\n|\n|t:|1700579844\n|switch|p2a: Samurott|Samurott-Hisui, F|100\/100\n|turn|19\n|\n|t:|1700579849\n|move|p1a: Sneasler|Close Combat|p2a: Samurott\n|-supereffective|p2a: Samurott\n|-damage|p2a: Samurott|0 fnt\n|-unboost|p1a: Sneasler|def|1\n|-unboost|p1a: Sneasler|spd|1\n|faint|p2a: Samurott\n|\n|-weather|none\n|upkeep\n|\n|t:|1700579852\n|switch|p2a: Weavile|Weavile, M|100\/100\n|-ability|p2a: Weavile|Pressure\n|turn|20\n|\n|t:|1700579855\n|move|p2a: Weavile|Fake Out|p1a: Sneasler\n|-damage|p1a: Sneasler|23\/100\n|cant|p1a: Sneasler|flinch\n|\n|upkeep\n|turn|21\n|\n|t:|1700579857\n|move|p2a: Weavile|Ice Shard|p1a: Sneasler\n|-damage|p1a: Sneasler|0 fnt\n|faint|p1a: Sneasler\n|\n|upkeep\n|\n|t:|1700579866\n|switch|p1a: Lopunny|Lopunny, M|100\/100\n|-damage|p1a: Lopunny|76\/100|[from] Spikes\n|turn|22\n|\n|t:|1700579868\n|switch|p2a: Sableye|Sableye-Mega, M|100\/100\n|detailschange|p1a: Lopunny|Lopunny-Mega, M\n|-mega|p1a: Lopunny|Lopunny|Lopunnite\n|move|p1a: Lopunny|Fake Out|p2a: Sableye\n|-damage|p2a: Sableye|84\/100\n|\n|upkeep\n|turn|23\n|\n|t:|1700579871\n|move|p1a: Lopunny|Close Combat|p2a: Sableye\n|-supereffective|p2a: Sableye\n|-damage|p2a: Sableye|0 fnt\n|-unboost|p1a: Lopunny|def|1\n|-unboost|p1a: Lopunny|spd|1\n|faint|p2a: Sableye\n|\n|upkeep\n|\n|t:|1700579875\n|switch|p2a: Hydreigon|Hydreigon, M|63\/100 tox\n|turn|24\n|\n|t:|1700579877\n|move|p1a: Lopunny|Close Combat|p2a: Hydreigon\n|-supereffective|p2a: Hydreigon\n|-damage|p2a: Hydreigon|0 fnt\n|-unboost|p1a: Lopunny|def|1\n|-unboost|p1a: Lopunny|spd|1\n|faint|p2a: Hydreigon\n|\n|upkeep\n|\n|t:|1700579879\n|switch|p2a: Weavile|Weavile, M|100\/100\n|-ability|p2a: Weavile|Pressure\n|turn|25\n|\n|t:|1700579882\n|switch|p1a: Toxapex|Toxapex, F|100\/100\n|-damage|p1a: Toxapex|75\/100|[from] Spikes\n|move|p2a: Weavile|Fake Out|p1a: Toxapex\n|-damage|p1a: Toxapex|68\/100\n|\n|-heal|p1a: Toxapex|74\/100|[from] item: Leftovers\n|upkeep\n|turn|26\n|\n|t:|1700579884\n|move|p2a: Weavile|Knock Off|p1a: Toxapex\n|-damage|p1a: Toxapex|47\/100\n|-enditem|p1a: Toxapex|Leftovers|[from] move: Knock Off|[of] p2a: Weavile\n|move|p1a: Toxapex|Toxic|p2a: Weavile\n|-status|p2a: Weavile|tox\n|\n|-damage|p2a: Weavile|94\/100 tox|[from] psn\n|upkeep\n|turn|27\n|\n|t:|1700579887\n|move|p1a: Toxapex|Baneful Bunker|p1a: Toxapex\n|-singleturn|p1a: Toxapex|move: Protect\n|move|p2a: Weavile|Knock Off|p1a: Toxapex\n|-activate|p1a: Toxapex|move: Protect\n|\n|-damage|p2a: Weavile|82\/100 tox|[from] psn\n|upkeep\n|turn|28\n|\n|t:|1700579889\n|move|p2a: Weavile|Knock Off|p1a: Toxapex\n|-damage|p1a: Toxapex|29\/100\n|move|p1a: Toxapex|Recover|p1a: Toxapex\n|-heal|p1a: Toxapex|79\/100\n|\n|-damage|p2a: Weavile|64\/100 tox|[from] psn\n|upkeep\n|turn|29\n|\n|t:|1700579892\n|move|p2a: Weavile|Triple Axel|p1a: Toxapex\n|-resisted|p1a: Toxapex\n|-damage|p1a: Toxapex|76\/100\n|-resisted|p1a: Toxapex\n|-damage|p1a: Toxapex|70\/100\n|-resisted|p1a: Toxapex\n|-damage|p1a: Toxapex|61\/100\n|-hitcount|p1a: Toxapex|3\n|move|p1a: Toxapex|Scald|p2a: Weavile\n|-damage|p2a: Weavile|40\/100 tox\n|\n|-damage|p2a: Weavile|16\/100 tox|[from] psn\n|upkeep\n|turn|30\n|\n|t:|1700579895\n|move|p1a: Toxapex|Baneful Bunker|p1a: Toxapex\n|-singleturn|p1a: Toxapex|move: Protect\n|move|p2a: Weavile|Knock Off|p1a: Toxapex\n|-activate|p1a: Toxapex|move: Protect\n|\n|-damage|p2a: Weavile|0 fnt|[from] psn\n|faint|p2a: Weavile\n|\n|win|kingcow_thegoat\n|upkeep\n|c|\u2606Jeery112|Gg\n|c|\u2606kingcow_thegoat|gg\n|c|\u2606Jeery112|I like ur team btw :>\n|c|\u2606kingcow_thegoat|thx\n|c|\u2606kingcow_thegoat|I didn't get to use my Milotic strat ;(\n|c|\u2606kingcow_thegoat|:(\n|c|\u2606Jeery112|Yeah sorry XD\n","uploadtime":1700579924,"views":12,"p1id":"kingcowthegoat","p2id":"jeery112","formatid":"gen9nationaldex","rating":0,"private":0,"password":""}