{"id":"gen9nationaldex-1990333355","p1":"LVGLO","p2":"zhuandayoudou","format":"[Gen 9] National Dex","log":"|j|\u2606LVGLO\n|j|\u2606zhuandayoudou\n|t:|1699958218\n|gametype|singles\n|player|p1|LVGLO|2|1580\n|player|p2|zhuandayoudou|170|1550\n|teamsize|p1|6\n|teamsize|p2|6\n|gen|9\n|tier|[Gen 9] National Dex\n|rated|\n|rule|HP Percentage Mod: HP is shown in percentages\n|rule|Endless Battle Clause: Forcing endless battles is banned\n|rule|OHKO Clause: OHKO moves are banned\n|rule|Evasion Clause: Evasion abilities, items, and moves are banned\n|rule|Evasion Abilities Clause: Evasion abilities are banned\n|rule|Evasion Items Clause: Evasion items are banned\n|rule|Evasion Moves Clause: Evasion moves are banned\n|rule|Species Clause: Limit one of each Pok\u00e9mon\n|rule|Sleep Clause Mod: Limit one foe put to sleep\n|clearpoke\n|poke|p1|Mew|\n|poke|p1|Victini|\n|poke|p1|Xatu, F|\n|poke|p1|Togekiss, M|\n|poke|p1|Tapu Fini|\n|poke|p1|Grimmsnarl, M|\n|poke|p2|Banette, M|\n|poke|p2|Alomomola, F|\n|poke|p2|Landorus-Therian, M|\n|poke|p2|Heatran, M|\n|poke|p2|Swellow, M|\n|poke|p2|Urshifu-*, M|\n|teampreview\n|inactive|Battle timer is ON: inactive players will automatically lose when time's up. (requested by zhuandayoudou)\n|\n|t:|1699958230\n|start\n|switch|p1a: Victini|Victini|100\/100\n|switch|p2a: Urshifu|Urshifu-Rapid-Strike, M|100\/100\n|turn|1\n|\n|t:|1699958245\n|switch|p2a: Landorus|Landorus-Therian, M|100\/100\n|-ability|p2a: Landorus|Intimidate|boost\n|-unboost|p1a: Victini|atk|1\n|move|p1a: Victini|Final Gambit|p2a: Landorus\n|-damage|p2a: Landorus|0 fnt\n|faint|p1a: Victini\n|faint|p2a: Landorus\n|\n|upkeep\n|\n|t:|1699958256\n|switch|p1a: Togekiss|Togekiss, M|100\/100\n|switch|p2a: Swellow|Swellow, M|100\/100\n|turn|2\n|\n|t:|1699958261\n|-terastallize|p2a: Swellow|Normal\n|move|p1a: Togekiss|Thunder Wave|p2a: Swellow|[miss]\n|-miss|p1a: Togekiss|p2a: Swellow\n|move|p2a: Swellow|Boomburst|p1a: Togekiss\n|-damage|p1a: Togekiss|1\/100\n|\n|upkeep\n|turn|3\n|\n|t:|1699958272\n|switch|p2a: Alomomola|Alomomola, F, shiny|100\/100\n|move|p1a: Togekiss|Thunder Wave|p2a: Alomomola\n|-status|p2a: Alomomola|par\n|\n|upkeep\n|turn|4\n|\n|t:|1699958276\n|switch|p1a: Xatu|Xatu, F|100\/100\n|move|p2a: Alomomola|Flip Turn|p1a: Xatu\n|-damage|p1a: Xatu|81\/100\n|\n|t:|1699958281\n|switch|p2a: Swellow|Swellow, M, tera:Normal|100\/100|[from] Flip Turn\n|\n|upkeep\n|turn|5\n|\n|t:|1699958289\n|move|p2a: Swellow|Boomburst|p1a: Xatu\n|-damage|p1a: Xatu|0 fnt\n|faint|p1a: Xatu\n|\n|upkeep\n|\n|t:|1699958292\n|switch|p1a: Grimmsnarl|Grimmsnarl, M|100\/100\n|turn|6\n|\n|t:|1699958300\n|switch|p2a: Heatran|Heatran, M|100\/100\n|move|p1a: Grimmsnarl|Parting Shot|p2a: Heatran\n|-unboost|p2a: Heatran|atk|1\n|-unboost|p2a: Heatran|spa|1\n|\n|t:|1699958304\n|switch|p1a: Tapu Fini|Tapu Fini|100\/100|[from] Parting Shot\n|-fieldstart|move: Misty Terrain|[from] ability: Misty Surge|[of] p1a: Tapu Fini\n|\n|upkeep\n|turn|7\n|\n|t:|1699958308\n|switch|p2a: Alomomola|Alomomola, F, shiny|100\/100 par\n|move|p1a: Tapu Fini|Calm Mind|p1a: Tapu Fini\n|-boost|p1a: Tapu Fini|spa|1\n|-boost|p1a: Tapu Fini|spd|1\n|\n|upkeep\n|turn|8\n|\n|t:|1699958311\n|move|p1a: Tapu Fini|Iron Defense|p1a: Tapu Fini\n|-boost|p1a: Tapu Fini|def|2\n|move|p2a: Alomomola|Flip Turn|p1a: Tapu Fini\n|-resisted|p1a: Tapu Fini\n|-damage|p1a: Tapu Fini|98\/100\n|\n|t:|1699958314\n|switch|p2a: Banette|Banette, M|100\/100|[from] Flip Turn\n|-item|p1a: Tapu Fini|Leftovers|[from] ability: Frisk|[of] p2a: Banette|[identify]\n|\n|-heal|p1a: Tapu Fini|100\/100|[from] item: Leftovers\n|upkeep\n|turn|9\n|\n|t:|1699958317\n|detailschange|p2a: Banette|Banette-Mega, M\n|-mega|p2a: Banette|Banette|Banettite\n|move|p2a: Banette|Encore|p1a: Tapu Fini\n|-start|p1a: Tapu Fini|Encore\n|move|p1a: Tapu Fini|Iron Defense|p1a: Tapu Fini\n|-boost|p1a: Tapu Fini|def|2\n|\n|upkeep\n|turn|10\n|\n|t:|1699958322\n|switch|p1a: Grimmsnarl|Grimmsnarl, M|100\/100\n|move|p2a: Banette|Infestation|p1a: Grimmsnarl\n|-damage|p1a: Grimmsnarl|96\/100\n|-activate|p1a: Grimmsnarl|move: Infestation|[of] p2a: Banette\n|\n|-damage|p1a: Grimmsnarl|84\/100|[from] move: Infestation|[partiallytrapped]\n|-fieldend|Misty Terrain\n|upkeep\n|turn|11\n|\n|t:|1699958329\n|switch|p2a: Alomomola|Alomomola, F, shiny|100\/100 par\n|move|p1a: Grimmsnarl|Reflect|p1a: Grimmsnarl\n|-sidestart|p1: LVGLO|Reflect\n|\n|-end|p1a: Grimmsnarl|Infestation|[partiallytrapped]|[silent]\n|upkeep\n|turn|12\n|\n|t:|1699958332\n|move|p1a: Grimmsnarl|Light Screen|p1a: Grimmsnarl\n|-sidestart|p1: LVGLO|move: Light Screen\n|cant|p2a: Alomomola|par\n|\n|upkeep\n|turn|13\n|\n|t:|1699958339\n|move|p1a: Grimmsnarl|Parting Shot|p2a: Alomomola\n|-unboost|p2a: Alomomola|atk|1\n|-unboost|p2a: Alomomola|spa|1\n|\n|t:|1699958343\n|switch|p1a: Tapu Fini|Tapu Fini|100\/100|[from] Parting Shot\n|-fieldstart|move: Misty Terrain|[from] ability: Misty Surge|[of] p1a: Tapu Fini\n|move|p2a: Alomomola|Toxic|p1a: Tapu Fini\n|-activate|p1a: Tapu Fini|move: Misty Terrain\n|\n|upkeep\n|turn|14\n|\n|t:|1699958352\n|move|p1a: Tapu Fini|Draining Kiss|p2a: Alomomola\n|-damage|p2a: Alomomola|76\/100 par\n|move|p2a: Alomomola|Flip Turn|p1a: Tapu Fini\n|-resisted|p1a: Tapu Fini\n|-damage|p1a: Tapu Fini|98\/100\n|\n|t:|1699958370\n|switch|p2a: Banette|Banette-Mega, M|100\/100|[from] Flip Turn\n|\n|-heal|p1a: Tapu Fini|100\/100|[from] item: Leftovers\n|upkeep\n|turn|15\n|\n|t:|1699958393\n|move|p2a: Banette|Destiny Bond|p2a: Banette\n|-singlemove|p2a: Banette|Destiny Bond\n|move|p1a: Tapu Fini|Draining Kiss|p2a: Banette\n|-damage|p2a: Banette|76\/100\n|\n|upkeep\n|turn|16\n|\n|t:|1699958397\n|move|p2a: Banette|Poltergeist|p1a: Tapu Fini\n|-activate|p1a: Tapu Fini|move: Poltergeist|Leftovers\n|-damage|p1a: Tapu Fini|71\/100\n|move|p1a: Tapu Fini|Draining Kiss|p2a: Banette\n|-damage|p2a: Banette|50\/100\n|-heal|p1a: Tapu Fini|88\/100|[from] drain|[of] p2a: Banette\n|\n|-heal|p1a: Tapu Fini|94\/100|[from] item: Leftovers\n|upkeep\n|turn|17\n|\n|t:|1699958412\n|move|p2a: Banette|Infestation|p1a: Tapu Fini\n|-resisted|p1a: Tapu Fini\n|-crit|p1a: Tapu Fini\n|-damage|p1a: Tapu Fini|91\/100\n|-activate|p1a: Tapu Fini|move: Infestation|[of] p2a: Banette\n|move|p1a: Tapu Fini|Draining Kiss|p2a: Banette\n|-damage|p2a: Banette|24\/100\n|-heal|p1a: Tapu Fini|100\/100|[from] drain|[of] p2a: Banette\n|\n|-damage|p1a: Tapu Fini|88\/100|[from] move: Infestation|[partiallytrapped]\n|-fieldend|Misty Terrain\n|upkeep\n|turn|18\n|\n|t:|1699958418\n|move|p2a: Banette|Destiny Bond|p2a: Banette\n|-singlemove|p2a: Banette|Destiny Bond\n|move|p1a: Tapu Fini|Calm Mind|p1a: Tapu Fini\n|-boost|p1a: Tapu Fini|spa|1\n|-boost|p1a: Tapu Fini|spd|1\n|\n|-heal|p1a: Tapu Fini|94\/100|[from] item: Leftovers\n|-damage|p1a: Tapu Fini|82\/100|[from] move: Infestation|[partiallytrapped]\n|-sideend|p1: LVGLO|Reflect\n|upkeep\n|turn|19\n|\n|t:|1699958421\n|move|p2a: Banette|Encore|p1a: Tapu Fini\n|-start|p1a: Tapu Fini|Encore\n|move|p1a: Tapu Fini|Calm Mind|p1a: Tapu Fini\n|-boost|p1a: Tapu Fini|spa|1\n|-boost|p1a: Tapu Fini|spd|1\n|\n|-heal|p1a: Tapu Fini|88\/100|[from] item: Leftovers\n|-damage|p1a: Tapu Fini|75\/100|[from] move: Infestation|[partiallytrapped]\n|-sideend|p1: LVGLO|move: Light Screen\n|upkeep\n|turn|20\n|\n|t:|1699958426\n|move|p2a: Banette|Poltergeist|p1a: Tapu Fini\n|-activate|p1a: Tapu Fini|move: Poltergeist|Leftovers\n|-damage|p1a: Tapu Fini|22\/100\n|move|p1a: Tapu Fini|Calm Mind|p1a: Tapu Fini\n|-boost|p1a: Tapu Fini|spa|1\n|-boost|p1a: Tapu Fini|spd|1\n|\n|-heal|p1a: Tapu Fini|28\/100|[from] item: Leftovers\n|-damage|p1a: Tapu Fini|15\/100|[from] move: Infestation|[partiallytrapped]\n|upkeep\n|turn|21\n|\n|t:|1699958429\n|move|p2a: Banette|Poltergeist|p1a: Tapu Fini\n|-activate|p1a: Tapu Fini|move: Poltergeist|Leftovers\n|-damage|p1a: Tapu Fini|0 fnt\n|faint|p1a: Tapu Fini\n|\n|upkeep\n|\n|t:|1699958433\n|switch|p1a: Grimmsnarl|Grimmsnarl, M|84\/100\n|turn|22\n|\n|t:|1699958441\n|switch|p2a: Alomomola|Alomomola, F, shiny|100\/100 par\n|move|p1a: Grimmsnarl|Superpower|p2a: Alomomola\n|-damage|p2a: Alomomola|83\/100 par\n|-unboost|p1a: Grimmsnarl|atk|1\n|-unboost|p1a: Grimmsnarl|def|1\n|\n|upkeep\n|turn|23\n|l|\u2606LVGLO\n|inactive|LVGLO disconnected and has a minute to reconnect!\n|player|p1|\n|j|\u2606LVGLO\n|inactive|LVGLO reconnected and has 130 seconds left.\n|player|p1|LVGLO|2\n|-message|LVGLO forfeited.\n|\n|win|zhuandayoudou\n|raw|LVGLO's rating: 1580 &rarr; <strong>1558<\/strong><br \/>(-22 for losing)\n|raw|zhuandayoudou's rating: 1550 &rarr; <strong>1572<\/strong><br \/>(+22 for winning)\n|l|\u2606LVGLO\n","uploadtime":1699958472,"views":7,"p1id":"lvglo","p2id":"zhuandayoudou","formatid":"gen9nationaldex","rating":1558,"private":0,"password":""}