{"id":"gen9nationaldex-1991000493","p1":"saigomm","p2":"DGP PLAYER","format":"[Gen 9] National Dex","log":"|j|\u2606saigomm\n|j|\u2606DGP PLAYER\n|t:|1700025824\n|gametype|singles\n|player|p1|saigomm|erika-masters|1377\n|player|p2|DGP PLAYER|hilda-wonderlauncher|1482\n|teamsize|p1|6\n|teamsize|p2|6\n|gen|9\n|tier|[Gen 9] National Dex\n|rated|\n|rule|HP Percentage Mod: HP is shown in percentages\n|rule|Endless Battle Clause: Forcing endless battles is banned\n|rule|OHKO Clause: OHKO moves are banned\n|rule|Evasion Clause: Evasion abilities, items, and moves are banned\n|rule|Evasion Abilities Clause: Evasion abilities are banned\n|rule|Evasion Items Clause: Evasion items are banned\n|rule|Evasion Moves Clause: Evasion moves are banned\n|rule|Species Clause: Limit one of each Pok\u00e9mon\n|rule|Sleep Clause Mod: Limit one foe put to sleep\n|clearpoke\n|poke|p1|Pawmot, M|\n|poke|p1|Banette, F|\n|poke|p1|Rabsca, F|\n|poke|p1|Hatterene, F|\n|poke|p1|Nidoking, M|\n|poke|p1|Crawdaunt, M|\n|poke|p2|Blaziken, F|\n|poke|p2|Banette, M|\n|poke|p2|Ogerpon-Wellspring, F|\n|poke|p2|Landorus-Therian, M|\n|poke|p2|Iron Valiant|\n|poke|p2|Rotom-Wash|\n|teampreview\n|inactive|Battle timer is ON: inactive players will automatically lose when time's up. (requested by saigomm)\n|inactive|DGP PLAYER also wants the timer to be on.\n|\n|t:|1700025842\n|start\n|switch|p1a: \u6253\u6211\u8bd5\u8bd5\uff1f|Banette, F|100\/100\n|switch|p2a: \u8bc5\u5c06\u519b|Banette, M|100\/100\n|-item|p1a: \u6253\u6211\u8bd5\u8bd5\uff1f|Banettite|[from] ability: Frisk|[of] p2a: \u8bc5\u5c06\u519b|[identify]\n|-item|p2a: \u8bc5\u5c06\u519b|Banettite|[from] ability: Frisk|[of] p1a: \u6253\u6211\u8bd5\u8bd5\uff1f|[identify]\n|turn|1\n|\n|t:|1700025847\n|switch|p2a: \u56f4\u5dfe\u571f\u732b|Landorus-Therian, M|100\/100\n|-ability|p2a: \u56f4\u5dfe\u571f\u732b|Intimidate|boost\n|-unboost|p1a: \u6253\u6211\u8bd5\u8bd5\uff1f|atk|1\n|detailschange|p1a: \u6253\u6211\u8bd5\u8bd5\uff1f|Banette-Mega, F\n|-mega|p1a: \u6253\u6211\u8bd5\u8bd5\uff1f|Banette|Banettite\n|move|p1a: \u6253\u6211\u8bd5\u8bd5\uff1f|Poltergeist|p2a: \u56f4\u5dfe\u571f\u732b\n|-activate|p2a: \u56f4\u5dfe\u571f\u732b|move: Poltergeist|Rocky Helmet\n|-damage|p2a: \u56f4\u5dfe\u571f\u732b|63\/100\n|\n|upkeep\n|turn|2\n|\n|t:|1700025858\n|switch|p1a: \u5e03\u59d0|Hatterene, F|100\/100\n|move|p2a: \u56f4\u5dfe\u571f\u732b|U-turn|p1a: \u5e03\u59d0\n|-damage|p1a: \u5e03\u59d0|76\/100\n|\n|t:|1700025867\n|switch|p2a: \u8bc5\u5c06\u519b|Banette, M|100\/100|[from] U-turn\n|-item|p1a: \u5e03\u59d0|Focus Sash|[from] ability: Frisk|[of] p2a: \u8bc5\u5c06\u519b|[identify]\n|\n|upkeep\n|turn|3\n|\n|t:|1700025889\n|switch|p1a: \u5c0f\u9f99\u867e|Crawdaunt, M|100\/100\n|detailschange|p2a: \u8bc5\u5c06\u519b|Banette-Mega, M\n|-mega|p2a: \u8bc5\u5c06\u519b|Banette|Banettite\n|move|p2a: \u8bc5\u5c06\u519b|Poltergeist|p1a: \u5c0f\u9f99\u867e|[miss]\n|-miss|p2a: \u8bc5\u5c06\u519b|p1a: \u5c0f\u9f99\u867e\n|\n|upkeep\n|turn|4\n|\n|t:|1700025893\n|switch|p2a: \u56f4\u5dfe\u571f\u732b|Landorus-Therian, M|63\/100\n|-ability|p2a: \u56f4\u5dfe\u571f\u732b|Intimidate|boost\n|-unboost|p1a: \u5c0f\u9f99\u867e|atk|1\n|move|p1a: \u5c0f\u9f99\u867e|Knock Off|p2a: \u56f4\u5dfe\u571f\u732b\n|-damage|p2a: \u56f4\u5dfe\u571f\u732b|23\/100\n|-damage|p1a: \u5c0f\u9f99\u867e|84\/100|[from] item: Rocky Helmet|[of] p2a: \u56f4\u5dfe\u571f\u732b\n|-enditem|p2a: \u56f4\u5dfe\u571f\u732b|Rocky Helmet|[from] move: Knock Off|[of] p1a: \u5c0f\u9f99\u867e\n|-damage|p1a: \u5c0f\u9f99\u867e|74\/100|[from] item: Life Orb\n|\n|upkeep\n|turn|5\n|\n|t:|1700025897\n|move|p1a: \u5c0f\u9f99\u867e|Aqua Jet|p2a: \u56f4\u5dfe\u571f\u732b\n|-supereffective|p2a: \u56f4\u5dfe\u571f\u732b\n|-damage|p2a: \u56f4\u5dfe\u571f\u732b|0 fnt\n|faint|p2a: \u56f4\u5dfe\u571f\u732b\n|-damage|p1a: \u5c0f\u9f99\u867e|64\/100|[from] item: Life Orb\n|\n|upkeep\n|\n|t:|1700025903\n|switch|p2a: \u692a\u692a|Ogerpon-Wellspring, F|100\/100\n|turn|6\n|\n|t:|1700025907\n|switch|p1a: \u6253\u6211\u8bd5\u8bd5\uff1f|Banette-Mega, F|100\/100\n|move|p2a: \u692a\u692a|Horn Leech|p1a: \u6253\u6211\u8bd5\u8bd5\uff1f\n|-damage|p1a: \u6253\u6211\u8bd5\u8bd5\uff1f|41\/100\n|\n|upkeep\n|turn|7\n|\n|t:|1700025915\n|switch|p2a: \u706b\u7130\u5764|Blaziken, F|100\/100\n|move|p1a: \u6253\u6211\u8bd5\u8bd5\uff1f|Destiny Bond|p1a: \u6253\u6211\u8bd5\u8bd5\uff1f\n|-singlemove|p1a: \u6253\u6211\u8bd5\u8bd5\uff1f|Destiny Bond\n|\n|upkeep\n|turn|8\n|\n|t:|1700025920\n|move|p2a: \u706b\u7130\u5764|Swords Dance|p2a: \u706b\u7130\u5764\n|-boost|p2a: \u706b\u7130\u5764|atk|2\n|move|p1a: \u6253\u6211\u8bd5\u8bd5\uff1f|Poltergeist|p2a: \u706b\u7130\u5764\n|-activate|p2a: \u706b\u7130\u5764|move: Poltergeist|Firium Z\n|-crit|p2a: \u706b\u7130\u5764\n|-damage|p2a: \u706b\u7130\u5764|0 fnt\n|faint|p2a: \u706b\u7130\u5764\n|\n|upkeep\n|c|\u2606DGP PLAYER|\u3002\u3002\u3002\n|c|\u2606DGP PLAYER|\u8fd9ct\n|\n|t:|1700025938\n|switch|p2a: \u6d17\u8863\u673a|Rotom-Wash|100\/100\n|turn|9\n|\n|t:|1700025942\n|move|p1a: \u6253\u6211\u8bd5\u8bd5\uff1f|Destiny Bond|p1a: \u6253\u6211\u8bd5\u8bd5\uff1f\n|-singlemove|p1a: \u6253\u6211\u8bd5\u8bd5\uff1f|Destiny Bond\n|move|p2a: \u6d17\u8863\u673a|Thunder Wave|p1a: \u6253\u6211\u8bd5\u8bd5\uff1f\n|-status|p1a: \u6253\u6211\u8bd5\u8bd5\uff1f|par\n|\n|upkeep\n|turn|10\n|\n|t:|1700025972\n|switch|p2a: \u94c1\u5973\u4ec6|Iron Valiant|100\/100\n|-enditem|p2a: \u94c1\u5973\u4ec6|Booster Energy\n|-activate|p2a: \u94c1\u5973\u4ec6|ability: Quark Drive|[fromitem]\n|-start|p2a: \u94c1\u5973\u4ec6|quarkdrivespe\n|move|p1a: \u6253\u6211\u8bd5\u8bd5\uff1f|Poltergeist||[still]\n|-fail|p1a: \u6253\u6211\u8bd5\u8bd5\uff1f\n|\n|upkeep\n|turn|11\n|c|\u2606saigomm|\u4e0dct\u4f60\u4e5f\u6253\u4e0d\u8fc7\n|\n|t:|1700025980\n|move|p1a: \u6253\u6211\u8bd5\u8bd5\uff1f|Destiny Bond|p1a: \u6253\u6211\u8bd5\u8bd5\uff1f\n|-singlemove|p1a: \u6253\u6211\u8bd5\u8bd5\uff1f|Destiny Bond\n|move|p2a: \u94c1\u5973\u4ec6|Calm Mind|p2a: \u94c1\u5973\u4ec6\n|-boost|p2a: \u94c1\u5973\u4ec6|spa|1\n|-boost|p2a: \u94c1\u5973\u4ec6|spd|1\n|\n|upkeep\n|turn|12\n|\n|t:|1700025985\n|move|p1a: \u6253\u6211\u8bd5\u8bd5\uff1f|Encore|p2a: \u94c1\u5973\u4ec6\n|-start|p2a: \u94c1\u5973\u4ec6|Encore\n|move|p2a: \u94c1\u5973\u4ec6|Calm Mind|p2a: \u94c1\u5973\u4ec6\n|-boost|p2a: \u94c1\u5973\u4ec6|spa|1\n|-boost|p2a: \u94c1\u5973\u4ec6|spd|1\n|\n|upkeep\n|turn|13\n|\n|t:|1700025992\n|switch|p1a: \u5e03\u59d0|Hatterene, F|76\/100\n|move|p2a: \u94c1\u5973\u4ec6|Calm Mind|p2a: \u94c1\u5973\u4ec6\n|-boost|p2a: \u94c1\u5973\u4ec6|spa|1\n|-boost|p2a: \u94c1\u5973\u4ec6|spd|1\n|\n|upkeep\n|turn|14\n|\n|t:|1700025997\n|move|p2a: \u94c1\u5973\u4ec6|Calm Mind|p2a: \u94c1\u5973\u4ec6\n|-boost|p2a: \u94c1\u5973\u4ec6|spa|1\n|-boost|p2a: \u94c1\u5973\u4ec6|spd|1\n|move|p1a: \u5e03\u59d0|Trick Room|p1a: \u5e03\u59d0\n|-fieldstart|move: Trick Room|[of] p1a: \u5e03\u59d0\n|\n|-end|p2a: \u94c1\u5973\u4ec6|Encore\n|upkeep\n|turn|15\n|\n|t:|1700026000\n|move|p1a: \u5e03\u59d0|Healing Wish|p1a: \u5e03\u59d0\n|faint|p1a: \u5e03\u59d0\n|move|p2a: \u94c1\u5973\u4ec6|Calm Mind|p2a: \u94c1\u5973\u4ec6\n|-boost|p2a: \u94c1\u5973\u4ec6|spa|1\n|-boost|p2a: \u94c1\u5973\u4ec6|spd|1\n|\n|upkeep\n|\n|t:|1700026005\n|switch|p1a: \u5c0f\u9f99\u867e|Crawdaunt, M|64\/100\n|-heal|p1a: \u5c0f\u9f99\u867e|100\/100|[from] move: Healing Wish\n|turn|16\n|\n|t:|1700026010\n|move|p1a: \u5c0f\u9f99\u867e|Crabhammer|p2a: \u94c1\u5973\u4ec6\n|-damage|p2a: \u94c1\u5973\u4ec6|0 fnt\n|faint|p2a: \u94c1\u5973\u4ec6\n|-end|p2a: \u94c1\u5973\u4ec6|Quark Drive|[silent]\n|-damage|p1a: \u5c0f\u9f99\u867e|90\/100|[from] item: Life Orb\n|\n|upkeep\n|\n|t:|1700026016\n|switch|p2a: \u692a\u692a|Ogerpon-Wellspring, F|100\/100\n|turn|17\n|c|\u2606saigomm|\u8fd9\u5c31\u662f\u8bc5\u5492\u5a03\u5a03\n|\n|t:|1700026021\n|move|p1a: \u5c0f\u9f99\u867e|Knock Off|p2a: \u692a\u692a\n|-damage|p2a: \u692a\u692a|15\/100\n|-damage|p1a: \u5c0f\u9f99\u867e|80\/100|[from] item: Life Orb\n|move|p2a: \u692a\u692a|Horn Leech|p1a: \u5c0f\u9f99\u867e\n|-supereffective|p1a: \u5c0f\u9f99\u867e\n|-damage|p1a: \u5c0f\u9f99\u867e|0 fnt\n|-heal|p2a: \u692a\u692a|59\/100|[from] drain|[of] p1a: \u5c0f\u9f99\u867e\n|faint|p1a: \u5c0f\u9f99\u867e\n|\n|upkeep\n|\n|t:|1700026027\n|switch|p1a: \u7267\u5e08|Pawmot, M|100\/100\n|turn|18\n|c|\u2606DGP PLAYER|\u524d\u9762\u90a3\u4e2act\u592a\u74e6\u4e86\n|c|\u2606saigomm|\u4f60\u5251\u821e\u6211\u518d\u6765\u4e00\u6b21\u597d\u4e86\n|c|\u2606DGP PLAYER|\u6211\u706bz\u7684\n|inactive|DGP PLAYER has 120 seconds left.\n|c|\u2606saigomm|\u53ef\u662f\u4f60\u6ca1\u51fa\u624b\u6743\n|c|\u2606DGP PLAYER|\u6211\u672c\u6765\u60f3\u8ba9\u4f60\u518d\u6765\u4e00\u6b21\u7136\u540ez\u6740\u4f60\u7684\n|\n|t:|1700026071\n|move|p1a: \u7267\u5e08|Double Shock|p2a: \u692a\u692a\n|-damage|p2a: \u692a\u692a|0 fnt\n|-start|p1a: \u7267\u5e08|typechange|???\/Fighting|[from] move: Double Shock\n|faint|p2a: \u692a\u692a\n|\n|-fieldend|move: Trick Room\n|upkeep\n|c|\u2606saigomm|z\u6280\u80fd\u4e0d\u5403\u518d\u6765\u4e00\u6b21\u5417\n|c|\u2606DGP PLAYER|\u4e0d\u5403\u7684\n|c|\u2606DGP PLAYER|\u6211\u5b88\u4f4f\u7136\u540e\u706bz\u7136\u540e\u5b88\u4f4f\n|\n|t:|1700026090\n|switch|p2a: \u8bc5\u5c06\u519b|Banette-Mega, M|100\/100\n|turn|19\n|c|\u2606saigomm|\u518d\u6765\u4e00\u6b21\u5b88\u4f4f\u4e0d\u5c31\u597d\u4e86\n|\n|t:|1700026106\n|move|p1a: \u7267\u5e08|Double Shock||[still]\n|-fail|p1a: \u7267\u5e08|move: Double Shock\n|move|p2a: \u8bc5\u5c06\u519b|Poltergeist|p1a: \u7267\u5e08\n|-activate|p1a: \u7267\u5e08|move: Poltergeist|Focus Sash\n|-enditem|p1a: \u7267\u5e08|Focus Sash\n|-damage|p1a: \u7267\u5e08|1\/100\n|\n|upkeep\n|turn|20\n|c|\u2606saigomm|\u50bb\u4e86\n|c|\u2606saigomm|\u804a\u5929\u53bb\u4e86\n|c|\u2606saigomm|\u5fd8\u8bb0\u6ca1\u949b\u6676\n|c|\u2606DGP PLAYER|\u8fd9\u6837\u6211\u5b88\u4f4f\u4e5f\u80fd\u518d\u62d6\u4e00\u56de\u5408\uff0c\u4e3b\u8981\u662f\u60f3\u5148\u6740\u8bc5\u5492\u5a03\u5a03\n|\n|t:|1700026129\n|move|p1a: \u7267\u5e08|Revival Blessing|p1a: \u7267\u5e08\n|c|\u2606DGP PLAYER|\u6ca1\u4e8b\uff0c\u8fd9\u628a\u6211\u5e94\u8be5\u662f\u5bc4\u4e86\n|c|\u2606saigomm|\u6700\u591a\u4e00\u6362\u4e00\uff08\n|inactive|saigomm has 120 seconds left.\n|\n|t:|1700026149\n|-heal|p1: \u5c0f\u9f99\u867e|50\/100|[from] move: Revival Blessing\n|move|p2a: \u8bc5\u5c06\u519b|Infestation|p1a: \u7267\u5e08\n|-resisted|p1a: \u7267\u5e08\n|-damage|p1a: \u7267\u5e08|0 fnt\n|faint|p1a: \u7267\u5e08\n|\n|upkeep\n|c|\u2606DGP PLAYER|\u6323\u624e\u4e00\u4e0b\n|\n|t:|1700026156\n|switch|p1a: \u6253\u624b|Nidoking, M|100\/100\n|turn|21\n|\n|t:|1700026160\n|move|p1a: \u6253\u624b|Earth Power|p2a: \u8bc5\u5c06\u519b\n|-damage|p2a: \u8bc5\u5c06\u519b|28\/100\n|move|p2a: \u8bc5\u5c06\u519b|Poltergeist|p1a: \u6253\u624b\n|-activate|p1a: \u6253\u624b|move: Poltergeist|Life Orb\n|-damage|p1a: \u6253\u624b|4\/100\n|\n|upkeep\n|turn|22\n|c|\u2606saigomm|hhh\n|\n|t:|1700026166\n|switch|p2a: \u6d17\u8863\u673a|Rotom-Wash|100\/100\n|move|p1a: \u6253\u624b|Ice Beam|p2a: \u6d17\u8863\u673a\n|-resisted|p2a: \u6d17\u8863\u673a\n|-damage|p2a: \u6d17\u8863\u673a|85\/100\n|\n|-heal|p2a: \u6d17\u8863\u673a|91\/100|[from] item: Leftovers\n|upkeep\n|turn|23\n|c|\u2606DGP PLAYER|\u5c3c\u591a\u738b\u529b\u5ea6\u597d\u9ad8\n|\n|t:|1700026180\n|move|p1a: \u6253\u624b|Thunderbolt|p2a: \u6d17\u8863\u673a\n|-damage|p2a: \u6d17\u8863\u673a|58\/100\n|move|p2a: \u6d17\u8863\u673a|Hydro Pump|p1a: \u6253\u624b\n|-supereffective|p1a: \u6253\u624b\n|-damage|p1a: \u6253\u624b|0 fnt\n|faint|p1a: \u6253\u624b\n|\n|-heal|p2a: \u6d17\u8863\u673a|64\/100|[from] item: Leftovers\n|upkeep\n|c|\u2606saigomm|\u55ef\u554a\n|c|\u2606saigomm|\u5f3a\u884c\n|\n|t:|1700026189\n|switch|p1a: \u533b\u751f|Rabsca, F|100\/100\n|turn|24\n|\n|t:|1700026191\n|move|p2a: \u6d17\u8863\u673a|Thunder Wave|p1a: \u533b\u751f\n|-status|p1a: \u533b\u751f|par\n|-activate|p1a: \u533b\u751f|ability: Synchronize\n|-immune|p2a: \u6d17\u8863\u673a\n|cant|p1a: \u533b\u751f|par\n|\n|-heal|p2a: \u6d17\u8863\u673a|69\/100|[from] item: Leftovers\n|upkeep\n|turn|25\n|\n|t:|1700026198\n|move|p2a: \u6d17\u8863\u673a|Volt Switch|p1a: \u533b\u751f\n|-damage|p1a: \u533b\u751f|77\/100 par\n|\n|t:|1700026200\n|switch|p2a: \u8bc5\u5c06\u519b|Banette-Mega, M|28\/100|[from] Volt Switch\n|move|p1a: \u533b\u751f|Revival Blessing|p1a: \u533b\u751f\n|\n|t:|1700026207\n|-heal|p1: \u6253\u624b|50\/100|[from] move: Revival Blessing\n|\n|upkeep\n|turn|26\n|c|\u2606DGP PLAYER|\u4f60\u8fd9\u590d\u6d3b\u961f\u86ee\u6709\u610f\u601d\u7684\n|c|\u2606saigomm|\u54c8\u54c8\u54c8\u54c8\n|\n|t:|1700026218\n|move|p2a: \u8bc5\u5c06\u519b|Poltergeist|p1a: \u533b\u751f\n|-activate|p1a: \u533b\u751f|move: Poltergeist|Darkinium Z\n|-supereffective|p1a: \u533b\u751f\n|-crit|p1a: \u533b\u751f\n|-damage|p1a: \u533b\u751f|0 fnt\n|faint|p1a: \u533b\u751f\n|\n|upkeep\n|\n|t:|1700026224\n|switch|p1a: \u5c0f\u9f99\u867e|Crawdaunt, M|50\/100\n|turn|27\n|\n|t:|1700026233\n|move|p1a: \u5c0f\u9f99\u867e|Aqua Jet|p2a: \u8bc5\u5c06\u519b\n|-damage|p2a: \u8bc5\u5c06\u519b|0 fnt\n|faint|p2a: \u8bc5\u5c06\u519b\n|-damage|p1a: \u5c0f\u9f99\u867e|40\/100|[from] item: Life Orb\n|\n|upkeep\n|c|\u2606saigomm|\u521a\u7ec4\u7684\n|\n|t:|1700026236\n|switch|p2a: \u6d17\u8863\u673a|Rotom-Wash|69\/100\n|turn|28\n|\n|t:|1700026241\n|switch|p1a: \u6253\u624b|Nidoking, M|50\/100\n|move|p2a: \u6d17\u8863\u673a|Thunder Wave|p1a: \u6253\u624b\n|-immune|p1a: \u6253\u624b\n|\n|-heal|p2a: \u6d17\u8863\u673a|75\/100|[from] item: Leftovers\n|upkeep\n|turn|29\n|\n|t:|1700026246\n|move|p1a: \u6253\u624b|Earth Power|p2a: \u6d17\u8863\u673a\n|-immune|p2a: \u6d17\u8863\u673a|[from] ability: Levitate\n|move|p2a: \u6d17\u8863\u673a|Hydro Pump|p1a: \u6253\u624b\n|-supereffective|p1a: \u6253\u624b\n|-crit|p1a: \u6253\u624b\n|-damage|p1a: \u6253\u624b|0 fnt\n|faint|p1a: \u6253\u624b\n|\n|-heal|p2a: \u6d17\u8863\u673a|81\/100|[from] item: Leftovers\n|upkeep\n|c|\u2606saigomm|\u70b9\u9519\n|c|\u2606saigomm|\u624b\u6ed1\u4e86\n|c|\u2606saigomm|\u65e0\u8bed\n|\n|t:|1700026260\n|switch|p1a: \u6253\u6211\u8bd5\u8bd5\uff1f|Banette-Mega, F|41\/100 par\n|turn|30\n|c|\u2606DGP PLAYER|\u4f60\u76f4\u63a5\u540c\u547d\u6211\u5c31\u8d62\u4e86\n|\n|t:|1700026270\n|cant|p1a: \u6253\u6211\u8bd5\u8bd5\uff1f|par\n|move|p2a: \u6d17\u8863\u673a|Thunder Wave|p1a: \u6253\u6211\u8bd5\u8bd5\uff1f|[miss]\n|-miss|p2a: \u6d17\u8863\u673a|p1a: \u6253\u6211\u8bd5\u8bd5\uff1f\n|\n|-heal|p2a: \u6d17\u8863\u673a|87\/100|[from] item: Leftovers\n|upkeep\n|turn|31\n|c|\u2606DGP PLAYER|\u8349\n|\n|t:|1700026283\n|move|p1a: \u6253\u6211\u8bd5\u8bd5\uff1f|Encore|p2a: \u6d17\u8863\u673a\n|-start|p2a: \u6d17\u8863\u673a|Encore\n|move|p2a: \u6d17\u8863\u673a|Thunder Wave|p1a: \u6253\u6211\u8bd5\u8bd5\uff1f\n|-fail|p1a: \u6253\u6211\u8bd5\u8bd5\uff1f|par\n|\n|-heal|p2a: \u6d17\u8863\u673a|93\/100|[from] item: Leftovers\n|upkeep\n|turn|32\n|\n|t:|1700026288\n|move|p2a: \u6d17\u8863\u673a|Thunder Wave|p1a: \u6253\u6211\u8bd5\u8bd5\uff1f\n|-fail|p1a: \u6253\u6211\u8bd5\u8bd5\uff1f|par\n|move|p1a: \u6253\u6211\u8bd5\u8bd5\uff1f|Poltergeist|p2a: \u6d17\u8863\u673a\n|-activate|p2a: \u6d17\u8863\u673a|move: Poltergeist|Leftovers\n|-damage|p2a: \u6d17\u8863\u673a|13\/100\n|\n|-heal|p2a: \u6d17\u8863\u673a|19\/100|[from] item: Leftovers\n|upkeep\n|turn|33\n|c|\u2606saigomm|\u54c8\u54c8\u54c8\u54c8\n|\n|t:|1700026295\n|move|p2a: \u6d17\u8863\u673a|Thunder Wave|p1a: \u6253\u6211\u8bd5\u8bd5\uff1f\n|-fail|p1a: \u6253\u6211\u8bd5\u8bd5\uff1f|par\n|move|p1a: \u6253\u6211\u8bd5\u8bd5\uff1f|Knock Off|p2a: \u6d17\u8863\u673a\n|-damage|p2a: \u6d17\u8863\u673a|0 fnt\n|-enditem|p2a: \u6d17\u8863\u673a|Leftovers|[from] move: Knock Off|[of] p1a: \u6253\u6211\u8bd5\u8bd5\uff1f\n|faint|p2a: \u6d17\u8863\u673a\n|\n|win|saigomm\n|raw|saigomm's rating: 1377 &rarr; <strong>1403<\/strong><br \/>(+26 for winning)\n|raw|DGP PLAYER's rating: 1482 &rarr; <strong>1456<\/strong><br \/>(-26 for losing)\n","uploadtime":1700026063,"views":4,"p1id":"saigomm","p2id":"dgpplayer","formatid":"gen9nationaldex","rating":1403,"private":0,"password":""}