{"id":"gen9nationaldex-1989059753","p1":"AbattaMondialBeton","p2":"Seidou1","format":"[Gen 9] National Dex","log":"|j|\u2606AbattaMondialBeton\n|j|\u2606Seidou1\n|t:|1699807720\n|gametype|singles\n|player|p1|AbattaMondialBeton|lady-gen4|1762\n|player|p2|Seidou1|265|1847\n|teamsize|p1|6\n|teamsize|p2|6\n|gen|9\n|tier|[Gen 9] National Dex\n|rated|\n|rule|HP Percentage Mod: HP is shown in percentages\n|rule|Endless Battle Clause: Forcing endless battles is banned\n|rule|OHKO Clause: OHKO moves are banned\n|rule|Evasion Clause: Evasion abilities, items, and moves are banned\n|rule|Evasion Abilities Clause: Evasion abilities are banned\n|rule|Evasion Items Clause: Evasion items are banned\n|rule|Evasion Moves Clause: Evasion moves are banned\n|rule|Species Clause: Limit one of each Pok\u00e9mon\n|rule|Sleep Clause Mod: Limit one foe put to sleep\n|clearpoke\n|poke|p1|Venusaur, F|\n|poke|p1|Greninja-*, M|\n|poke|p1|Corviknight, M|\n|poke|p1|Diggersby, F|\n|poke|p1|Garchomp, F|\n|poke|p1|Dondozo, F|\n|poke|p2|Clefable, F|\n|poke|p2|Slowking-Galar, M|\n|poke|p2|Gliscor, M|\n|poke|p2|Alomomola, F|\n|poke|p2|Skeledirge, F|\n|poke|p2|Maushold-Four|\n|teampreview\n|inactive|Battle timer is ON: inactive players will automatically lose when time's up. (requested by AbattaMondialBeton)\n|\n|t:|1699807775\n|start\n|switch|p1a: Greninja|Greninja, M|100\/100\n|switch|p2a: Alomomola|Alomomola, F|100\/100\n|turn|1\n|\n|t:|1699807784\n|-terastallize|p1a: Greninja|Water\n|move|p1a: Greninja|Surf|p2a: Alomomola\n|-resisted|p2a: Alomomola\n|-damage|p2a: Alomomola|77\/100\n|move|p2a: Alomomola|Knock Off|p1a: Greninja\n|-damage|p1a: Greninja|69\/100\n|-enditem|p1a: Greninja|Choice Specs|[from] move: Knock Off|[of] p2a: Alomomola\n|\n|upkeep\n|turn|2\n|\n|t:|1699807794\n|move|p1a: Greninja|Dark Pulse|p2a: Alomomola\n|-damage|p2a: Alomomola|57\/100\n|move|p2a: Alomomola|Mirror Coat|p1a: Greninja\n|-damage|p1a: Greninja|4\/100\n|\n|upkeep\n|turn|3\n|\n|t:|1699807802\n|move|p1a: Greninja|Dark Pulse|p2a: Alomomola\n|-damage|p2a: Alomomola|34\/100\n|cant|p2a: Alomomola|flinch\n|\n|upkeep\n|turn|4\n|inactive|Seidou1 has 120 seconds left.\n|\n|t:|1699807842\n|move|p1a: Greninja|Dark Pulse|p2a: Alomomola\n|-damage|p2a: Alomomola|14\/100\n|move|p2a: Alomomola|Flip Turn|p1a: Greninja\n|-resisted|p1a: Greninja\n|-crit|p1a: Greninja\n|-damage|p1a: Greninja|0 fnt\n|faint|p1a: Greninja\n|\n|t:|1699807846\n|switch|p2a: Gliscor|Gliscor, M|100\/100|[from] Flip Turn\n|\n|-status|p2a: Gliscor|tox|[from] item: Toxic Orb\n|upkeep\n|\n|t:|1699807856\n|switch|p1a: Diggersby|Diggersby, F, shiny|100\/100\n|turn|5\n|j| BurritoSave\n|inactive|Seidou1 has 120 seconds left.\n|\n|t:|1699807886\n|move|p2a: Gliscor|Protect|p2a: Gliscor\n|-singleturn|p2a: Gliscor|Protect\n|move|p1a: Diggersby|Frustration|p2a: Gliscor\n|-activate|p2a: Gliscor|move: Protect\n|\n|upkeep\n|turn|6\n|\n|t:|1699807896\n|switch|p1a: Garchomp|Garchomp, F, shiny|100\/100\n|move|p2a: Gliscor|Spikes|p1a: Garchomp\n|-sidestart|p1: AbattaMondialBeton|Spikes\n|\n|upkeep\n|turn|7\n|\n|t:|1699807919\n|move|p1a: Garchomp|Stealth Rock|p2a: Gliscor\n|-sidestart|p2: Seidou1|move: Stealth Rock\n|move|p2a: Gliscor|Toxic|p1a: Garchomp\n|-status|p1a: Garchomp|tox\n|\n|-damage|p1a: Garchomp|94\/100 tox|[from] psn\n|upkeep\n|turn|8\n|\n|t:|1699807930\n|switch|p1a: Venusaur|Venusaur, F|100\/100\n|-damage|p1a: Venusaur|88\/100|[from] Spikes\n|move|p2a: Gliscor|Spikes|p1a: Venusaur\n|-sidestart|p1: AbattaMondialBeton|Spikes\n|\n|upkeep\n|turn|9\n|inactive|Seidou1 has 90 seconds left.\n|\n|t:|1699807982\n|detailschange|p1a: Venusaur|Venusaur-Mega, F\n|-mega|p1a: Venusaur|Venusaur|Venusaurite\n|move|p2a: Gliscor|Protect|p2a: Gliscor\n|-singleturn|p2a: Gliscor|Protect\n|move|p1a: Venusaur|Leech Seed|p2a: Gliscor\n|-activate|p2a: Gliscor|move: Protect\n|\n|upkeep\n|turn|10\n|\n|t:|1699807994\n|switch|p2a: Slowking|Slowking-Galar, M|100\/100\n|-damage|p2a: Slowking|88\/100|[from] Stealth Rock\n|move|p1a: Venusaur|Leech Seed|p2a: Slowking\n|-start|p2a: Slowking|move: Leech Seed\n|\n|-damage|p2a: Slowking|76\/100|[from] Leech Seed|[of] p1a: Venusaur\n|-heal|p1a: Venusaur|100\/100|[silent]\n|upkeep\n|turn|11\n|\n|t:|1699808008\n|switch|p2a: Gliscor|Gliscor, M|100\/100 tox\n|-damage|p2a: Gliscor|88\/100 tox|[from] Stealth Rock\n|move|p1a: Venusaur|Earth Power|p2a: Gliscor\n|-immune|p2a: Gliscor\n|\n|-heal|p2a: Gliscor|100\/100 tox|[from] ability: Poison Heal\n|upkeep\n|turn|12\n|\n|t:|1699808022\n|move|p2a: Gliscor|Spikes|p1a: Venusaur\n|-sidestart|p1: AbattaMondialBeton|Spikes\n|move|p1a: Venusaur|Leech Seed|p2a: Gliscor\n|-start|p2a: Gliscor|move: Leech Seed\n|\n|-damage|p2a: Gliscor|88\/100 tox|[from] Leech Seed|[of] p1a: Venusaur\n|-heal|p2a: Gliscor|100\/100 tox|[from] ability: Poison Heal\n|upkeep\n|turn|13\n|\n|t:|1699808031\n|move|p2a: Gliscor|Spikes||[still]\n|-fail|p2a: Gliscor\n|move|p1a: Venusaur|Leech Seed||[still]\n|-fail|p1a: Venusaur\n|\n|-damage|p2a: Gliscor|88\/100 tox|[from] Leech Seed|[of] p1a: Venusaur\n|-heal|p2a: Gliscor|100\/100 tox|[from] ability: Poison Heal\n|upkeep\n|turn|14\n|\n|t:|1699808040\n|switch|p2a: Slowking|Slowking-Galar, M|100\/100\n|-damage|p2a: Slowking|88\/100|[from] Stealth Rock\n|move|p1a: Venusaur|Giga Drain|p2a: Slowking\n|-resisted|p2a: Slowking\n|-damage|p2a: Slowking|80\/100\n|\n|upkeep\n|turn|15\n|inactive|Seidou1 has 90 seconds left.\n|inactive|Seidou1 has 60 seconds left.\n|\n|t:|1699808091\n|switch|p1a: Corviknight|Corviknight, M|100\/100\n|-ability|p1a: Corviknight|Pressure\n|move|p2a: Slowking|Sludge Bomb|p1a: Corviknight\n|-immune|p1a: Corviknight\n|\n|upkeep\n|turn|16\n|\n|t:|1699808100\n|move|p1a: Corviknight|Defog|p2a: Slowking\n|-unboost|p2a: Slowking|evasion|1\n|-sideend|p2: Seidou1|Stealth Rock|[from] move: Defog|[of] p1a: Corviknight\n|-sideend|p1: AbattaMondialBeton|Spikes|[from] move: Defog|[of] p1a: Corviknight\n|move|p2a: Slowking|Fire Blast|p1a: Corviknight|[miss]\n|-miss|p2a: Slowking|p1a: Corviknight\n|\n|upkeep\n|turn|17\n|\n|t:|1699808109\n|move|p1a: Corviknight|U-turn|p2a: Slowking\n|-damage|p2a: Slowking|64\/100\n|\n|t:|1699808112\n|switch|p1a: Diggersby|Diggersby, F, shiny|100\/100|[from] U-turn\n|move|p2a: Slowking|Ice Beam|p1a: Diggersby\n|-supereffective|p1a: Diggersby\n|-damage|p1a: Diggersby|17\/100\n|\n|upkeep\n|turn|18\n|\n|t:|1699808120\n|switch|p2a: Gliscor|Gliscor, M|100\/100 tox\n|move|p1a: Diggersby|Frustration|p2a: Gliscor\n|-damage|p2a: Gliscor|24\/100 tox\n|\n|-heal|p2a: Gliscor|36\/100 tox|[from] ability: Poison Heal\n|upkeep\n|turn|19\n|\n|t:|1699808132\n|move|p2a: Gliscor|Protect|p2a: Gliscor\n|-singleturn|p2a: Gliscor|Protect\n|move|p1a: Diggersby|Frustration|p2a: Gliscor\n|-activate|p2a: Gliscor|move: Protect\n|\n|-heal|p2a: Gliscor|49\/100 tox|[from] ability: Poison Heal\n|upkeep\n|turn|20\n|inactive|Seidou1 has 90 seconds left.\n|\n|t:|1699808161\n|-terastallize|p2a: Gliscor|Ghost\n|move|p1a: Diggersby|Frustration|p2a: Gliscor\n|-immune|p2a: Gliscor\n|move|p2a: Gliscor|Earthquake|p1a: Diggersby\n|-damage|p1a: Diggersby|0 fnt\n|faint|p1a: Diggersby\n|\n|-heal|p2a: Gliscor|61\/100 tox|[from] ability: Poison Heal\n|upkeep\n|\n|t:|1699808175\n|switch|p1a: Garchomp|Garchomp, F, shiny|94\/100 tox\n|turn|21\n|\n|t:|1699808182\n|move|p2a: Gliscor|Protect|p2a: Gliscor\n|-singleturn|p2a: Gliscor|Protect\n|move|p1a: Garchomp|Earthquake|p2a: Gliscor\n|-activate|p2a: Gliscor|move: Protect\n|\n|-damage|p1a: Garchomp|88\/100 tox|[from] psn\n|-heal|p2a: Gliscor|74\/100 tox|[from] ability: Poison Heal\n|upkeep\n|turn|22\n|\n|t:|1699808191\n|move|p1a: Garchomp|Earthquake|p2a: Gliscor\n|-damage|p2a: Gliscor|36\/100 tox\n|move|p2a: Gliscor|Earthquake|p1a: Garchomp\n|-damage|p1a: Garchomp|57\/100 tox\n|\n|-damage|p1a: Garchomp|45\/100 tox|[from] psn\n|-heal|p2a: Gliscor|48\/100 tox|[from] ability: Poison Heal\n|upkeep\n|turn|23\n|inactive|Seidou1 has 90 seconds left.\n|inactive|Seidou1 has 60 seconds left.\n|\n|t:|1699808237\n|switch|p1a: Dondozo|Dondozo, F|100\/100\n|move|p2a: Gliscor|Protect||[still]\n|-fail|p2a: Gliscor\n|\n|-heal|p2a: Gliscor|61\/100 tox|[from] ability: Poison Heal\n|upkeep\n|turn|24\n|\n|t:|1699808253\n|move|p2a: Gliscor|Spikes|p1a: Dondozo\n|-sidestart|p1: AbattaMondialBeton|Spikes\n|move|p1a: Dondozo|Curse|p1a: Dondozo\n|-unboost|p1a: Dondozo|spe|1\n|-boost|p1a: Dondozo|atk|1\n|-boost|p1a: Dondozo|def|1\n|\n|-heal|p2a: Gliscor|73\/100 tox|[from] ability: Poison Heal\n|upkeep\n|turn|25\n|inactive|Seidou1 has 60 seconds left.\n|j| M1keyyy\n|inactive|Seidou1 has 30 seconds left.\n|\n|t:|1699808306\n|move|p2a: Gliscor|Spikes|p1a: Dondozo\n|-sidestart|p1: AbattaMondialBeton|Spikes\n|move|p1a: Dondozo|Curse|p1a: Dondozo\n|-unboost|p1a: Dondozo|spe|1\n|-boost|p1a: Dondozo|atk|1\n|-boost|p1a: Dondozo|def|1\n|\n|-heal|p2a: Gliscor|85\/100 tox|[from] ability: Poison Heal\n|upkeep\n|turn|26\n|j| YJLF2\n|\n|t:|1699808325\n|switch|p2a: Alomomola|Alomomola, F|47\/100\n|move|p1a: Dondozo|Curse|p1a: Dondozo\n|-unboost|p1a: Dondozo|spe|1\n|-boost|p1a: Dondozo|atk|1\n|-boost|p1a: Dondozo|def|1\n|\n|upkeep\n|turn|27\n|\n|t:|1699808343\n|move|p2a: Alomomola|Flip Turn|p1a: Dondozo\n|-resisted|p1a: Dondozo\n|-damage|p1a: Dondozo|99\/100\n|\n|t:|1699808349\n|switch|p2a: Skeledirge|Skeledirge, F|100\/100|[from] Flip Turn\n|move|p1a: Dondozo|Wave Crash|p2a: Skeledirge\n|-supereffective|p2a: Skeledirge\n|-damage|p2a: Skeledirge|39\/100\n|-damage|p1a: Dondozo|82\/100|[from] Recoil\n|\n|-heal|p1a: Dondozo|88\/100|[from] item: Leftovers\n|upkeep\n|turn|28\n|\n|t:|1699808365\n|move|p2a: Skeledirge|Slack Off|p2a: Skeledirge\n|-heal|p2a: Skeledirge|89\/100\n|move|p1a: Dondozo|Wave Crash|p2a: Skeledirge\n|-supereffective|p2a: Skeledirge\n|-damage|p2a: Skeledirge|32\/100\n|-damage|p1a: Dondozo|73\/100|[from] Recoil\n|\n|-heal|p1a: Dondozo|79\/100|[from] item: Leftovers\n|upkeep\n|turn|29\n|inactive|Seidou1 has 30 seconds left.\n|inactive|Seidou1 has 20 seconds left.\n|inactive|Seidou1 has 15 seconds left.\n|\n|t:|1699808409\n|move|p2a: Skeledirge|Will-O-Wisp|p1a: Dondozo\n|-status|p1a: Dondozo|brn\n|move|p1a: Dondozo|Wave Crash|p2a: Skeledirge\n|-supereffective|p2a: Skeledirge\n|-damage|p2a: Skeledirge|5\/100\n|-damage|p1a: Dondozo|72\/100 brn|[from] Recoil\n|\n|-heal|p1a: Dondozo|78\/100 brn|[from] item: Leftovers\n|-damage|p1a: Dondozo|72\/100 brn|[from] brn\n|upkeep\n|turn|30\n|inactive|Seidou1 has 25 seconds left this turn.\n|\n|t:|1699808421\n|switch|p2a: Maushold|Maushold-Four|100\/100\n|move|p1a: Dondozo|Rest|p1a: Dondozo\n|-status|p1a: Dondozo|slp|[from] move: Rest\n|-heal|p1a: Dondozo|100\/100 slp|[silent]\n|\n|upkeep\n|turn|31\n|j| Test20418\n|inactive|Seidou1 has 30 seconds left.\n|\n|t:|1699808432\n|switch|p2a: Clefable|Clefable, F|100\/100\n|cant|p1a: Dondozo|slp\n|move|p1a: Dondozo|Sleep Talk|p1a: Dondozo\n|move|p1a: Dondozo|Wave Crash|p2a: Clefable|[from]move: Sleep Talk\n|-crit|p2a: Clefable\n|-damage|p2a: Clefable|0 fnt\n|faint|p2a: Clefable\n|-damage|p1a: Dondozo|75\/100 slp|[from] Recoil\n|\n|-heal|p1a: Dondozo|81\/100 slp|[from] item: Leftovers\n|upkeep\n|inactive|Seidou1 has 30 seconds left this turn.\n|\n|t:|1699808438\n|switch|p2a: Slowking|Slowking-Galar, M|97\/100\n|turn|32\n|\n|t:|1699808450\n|move|p2a: Slowking|Sludge Bomb|p1a: Dondozo\n|-damage|p1a: Dondozo|50\/100 slp\n|cant|p1a: Dondozo|slp\n|move|p1a: Dondozo|Sleep Talk|p1a: Dondozo\n|move|p1a: Dondozo|Rest||[from]move: Sleep Talk|[still]\n|-fail|p1a: Dondozo\n|\n|-heal|p1a: Dondozo|57\/100 slp|[from] item: Leftovers\n|upkeep\n|turn|33\n|\n|t:|1699808463\n|move|p2a: Slowking|Sludge Bomb|p1a: Dondozo\n|-damage|p1a: Dondozo|24\/100 slp\n|-curestatus|p1a: Dondozo|slp|[msg]\n|move|p1a: Dondozo|Rest|p1a: Dondozo\n|-status|p1a: Dondozo|slp|[from] move: Rest\n|-heal|p1a: Dondozo|100\/100 slp|[silent]\n|\n|upkeep\n|turn|34\n|\n|t:|1699808477\n|move|p2a: Slowking|Sludge Bomb|p1a: Dondozo\n|-damage|p1a: Dondozo|69\/100 slp\n|cant|p1a: Dondozo|slp\n|move|p1a: Dondozo|Sleep Talk|p1a: Dondozo\n|move|p1a: Dondozo|Curse|p1a: Dondozo|[from]move: Sleep Talk\n|-unboost|p1a: Dondozo|spe|1\n|-boost|p1a: Dondozo|atk|1\n|-boost|p1a: Dondozo|def|1\n|\n|-heal|p1a: Dondozo|75\/100 slp|[from] item: Leftovers\n|upkeep\n|turn|35\n|\n|t:|1699808494\n|move|p2a: Slowking|Sludge Bomb|p1a: Dondozo\n|-damage|p1a: Dondozo|46\/100 slp\n|cant|p1a: Dondozo|slp\n|move|p1a: Dondozo|Sleep Talk|p1a: Dondozo\n|move|p1a: Dondozo|Rest||[from]move: Sleep Talk|[still]\n|-fail|p1a: Dondozo\n|\n|-heal|p1a: Dondozo|52\/100 slp|[from] item: Leftovers\n|upkeep\n|turn|36\n|\n|t:|1699808506\n|move|p2a: Slowking|Sludge Bomb|p1a: Dondozo\n|-damage|p1a: Dondozo|18\/100 slp\n|-curestatus|p1a: Dondozo|slp|[msg]\n|move|p1a: Dondozo|Rest|p1a: Dondozo\n|-status|p1a: Dondozo|slp|[from] move: Rest\n|-heal|p1a: Dondozo|100\/100 slp|[silent]\n|\n|upkeep\n|turn|37\n|\n|t:|1699808526\n|switch|p2a: Maushold|Maushold-Four|100\/100\n|cant|p1a: Dondozo|slp\n|move|p1a: Dondozo|Sleep Talk|p1a: Dondozo\n|move|p1a: Dondozo|Rest||[from]move: Sleep Talk|[still]\n|-fail|p1a: Dondozo\n|\n|upkeep\n|turn|38\n|\n|t:|1699808535\n|move|p2a: Maushold|Encore||[still]\n|-fail|p2a: Maushold\n|cant|p1a: Dondozo|slp\n|move|p1a: Dondozo|Sleep Talk|p1a: Dondozo\n|move|p1a: Dondozo|Rest||[from]move: Sleep Talk|[still]\n|-fail|p1a: Dondozo\n|\n|upkeep\n|turn|39\n|\n|t:|1699808545\n|switch|p2a: Alomomola|Alomomola, F|81\/100\n|-curestatus|p1a: Dondozo|slp|[msg]\n|move|p1a: Dondozo|Wave Crash|p2a: Alomomola\n|-resisted|p2a: Alomomola\n|-damage|p2a: Alomomola|42\/100\n|-damage|p1a: Dondozo|89\/100|[from] Recoil\n|\n|-heal|p1a: Dondozo|95\/100|[from] item: Leftovers\n|upkeep\n|turn|40\n|inactive|Seidou1 has 60 seconds left.\n|\n|t:|1699808564\n|move|p2a: Alomomola|Scald|p1a: Dondozo\n|-resisted|p1a: Dondozo\n|-damage|p1a: Dondozo|90\/100\n|move|p1a: Dondozo|Wave Crash|p2a: Alomomola\n|-resisted|p2a: Alomomola\n|-damage|p2a: Alomomola|1\/100\n|-damage|p1a: Dondozo|77\/100|[from] Recoil\n|\n|-heal|p1a: Dondozo|83\/100|[from] item: Leftovers\n|upkeep\n|turn|41\n|\n|t:|1699808574\n|move|p2a: Alomomola|Knock Off|p1a: Dondozo\n|-damage|p1a: Dondozo|80\/100\n|-enditem|p1a: Dondozo|Leftovers|[from] move: Knock Off|[of] p2a: Alomomola\n|move|p1a: Dondozo|Wave Crash|p2a: Alomomola\n|-resisted|p2a: Alomomola\n|-damage|p2a: Alomomola|0 fnt\n|faint|p2a: Alomomola\n|-damage|p1a: Dondozo|80\/100|[from] Recoil\n|\n|upkeep\n|inactive|Seidou1 has 60 seconds left.\n|l| Test20418\n|inactive|Seidou1 has 30 seconds left.\n|inactive|Seidou1 has 20 seconds left.\n|inactive|Seidou1 has 15 seconds left.\n|inactive|Seidou1 has 10 seconds left.\n|inactive|Seidou1 has 5 seconds left.\n|-message|Seidou1 lost due to inactivity.\n|\n|win|AbattaMondialBeton\n|raw|AbattaMondialBeton's rating: 1762 &rarr; <strong>1787<\/strong><br \/>(+25 for winning)\n|raw|Seidou1's rating: 1847 &rarr; <strong>1822<\/strong><br \/>(-25 for losing)\n|l| YJLF2\n|l|\u2606Seidou1\n","uploadtime":1699808670,"views":15,"p1id":"abattamondialbeton","p2id":"seidou1","formatid":"gen9nationaldex","rating":1787,"private":0,"password":""}