{"id":"gen9nationaldex-1993808259","p1":"Snakeman24","p2":"Shay ObsidianEW","format":"[Gen 9] National Dex","log":"|j|\u2606Snakeman24\n|j|\u2606Shay ObsidianEW\n|t:|1700359811\n|gametype|singles\n|player|p1|Snakeman24|steven|1542\n|player|p2|Shay ObsidianEW|n|1666\n|teamsize|p1|6\n|teamsize|p2|6\n|gen|9\n|tier|[Gen 9] National Dex\n|rated|\n|rule|HP Percentage Mod: HP is shown in percentages\n|rule|Endless Battle Clause: Forcing endless battles is banned\n|rule|OHKO Clause: OHKO moves are banned\n|rule|Evasion Clause: Evasion abilities, items, and moves are banned\n|rule|Evasion Abilities Clause: Evasion abilities are banned\n|rule|Evasion Items Clause: Evasion items are banned\n|rule|Evasion Moves Clause: Evasion moves are banned\n|rule|Species Clause: Limit one of each Pok\u00e9mon\n|rule|Sleep Clause Mod: Limit one foe put to sleep\n|clearpoke\n|poke|p1|Pinsir, F|\n|poke|p1|Chansey, F|\n|poke|p1|Skarmory, F|\n|poke|p1|Hoopa-Unbound|\n|poke|p1|Greninja-*, F|\n|poke|p1|Dondozo, F|\n|poke|p2|Skeledirge, F|\n|poke|p2|Clodsire, F|\n|poke|p2|Corviknight, F|\n|poke|p2|Meowscarada, F|\n|poke|p2|Urshifu-*, F|\n|poke|p2|Gardevoir, F|\n|teampreview\n|inactive|Battle timer is ON: inactive players will automatically lose when time's up. (requested by Shay ObsidianEW)\n|inactive|Shay ObsidianEW has 120 seconds left.\n|\n|t:|1700359860\n|start\n|switch|p1a: Greninja|Greninja, F|100\/100\n|switch|p2a: Meowscarada|Meowscarada, F|100\/100\n|turn|1\n|\n|t:|1700359869\n|switch|p2a: Corviknight|Corviknight, F|100\/100\n|-ability|p2a: Corviknight|Pressure\n|move|p1a: Greninja|U-turn|p2a: Corviknight\n|-start|p1a: Greninja|typechange|Bug|[from] ability: Protean\n|-resisted|p2a: Corviknight\n|-damage|p2a: Corviknight|97\/100\n|-damage|p1a: Greninja|84\/100|[from] item: Rocky Helmet|[of] p2a: Corviknight\n|\n|t:|1700359886\n|switch|p1a: Dondozo|Dondozo, F|100\/100|[from] U-turn\n|\n|upkeep\n|turn|2\n|\n|t:|1700359893\n|move|p2a: Corviknight|U-turn|p1a: Dondozo\n|-damage|p1a: Dondozo|93\/100\n|\n|t:|1700359898\n|switch|p2a: Clodsire|Clodsire, F|100\/100|[from] U-turn\n|move|p1a: Dondozo|Curse|p1a: Dondozo\n|-unboost|p1a: Dondozo|spe|1\n|-boost|p1a: Dondozo|atk|1\n|-boost|p1a: Dondozo|def|1\n|\n|-heal|p1a: Dondozo|99\/100|[from] item: Leftovers\n|upkeep\n|turn|3\n|\n|t:|1700359919\n|switch|p1a: Skarmory|Skarmory, F|100\/100\n|move|p2a: Clodsire|Stealth Rock|p1a: Skarmory\n|-sidestart|p1: Snakeman24|move: Stealth Rock\n|\n|upkeep\n|turn|4\n|\n|t:|1700359926\n|switch|p2a: Skeledirge|Skeledirge, F|100\/100\n|move|p1a: Skarmory|Defog|p2a: Skeledirge\n|-unboost|p2a: Skeledirge|evasion|1\n|-sideend|p1: Snakeman24|Stealth Rock|[from] move: Defog|[of] p1a: Skarmory\n|\n|upkeep\n|turn|5\n|\n|t:|1700359944\n|switch|p2a: Urshifu|Urshifu-Rapid-Strike, F|100\/100\n|move|p1a: Skarmory|Stealth Rock|p2a: Urshifu\n|-sidestart|p2: Shay ObsidianEW|move: Stealth Rock\n|\n|upkeep\n|turn|6\n|\n|t:|1700359952\n|switch|p2a: Corviknight|Corviknight, F|97\/100\n|-damage|p2a: Corviknight|84\/100|[from] Stealth Rock\n|-ability|p2a: Corviknight|Pressure\n|move|p1a: Skarmory|Whirlwind|p2a: Corviknight\n|drag|p2a: Gardevoir|Gardevoir, F|100\/100\n|-damage|p2a: Gardevoir|88\/100|[from] Stealth Rock\n|-ability|p2a: Gardevoir|Sturdy|[from] ability: Trace|[of] p1a: Skarmory\n|\n|upkeep\n|turn|7\n|\n|t:|1700359966\n|detailschange|p2a: Gardevoir|Gardevoir-Mega, F\n|-mega|p2a: Gardevoir|Gardevoir|Gardevoirite\n|move|p2a: Gardevoir|Mystical Fire|p1a: Skarmory\n|-supereffective|p1a: Skarmory\n|-damage|p1a: Skarmory|18\/100\n|-unboost|p1a: Skarmory|spa|1\n|move|p1a: Skarmory|Whirlwind|p2a: Gardevoir\n|drag|p2a: Meowscarada|Meowscarada, F|100\/100\n|-damage|p2a: Meowscarada|88\/100|[from] Stealth Rock\n|\n|upkeep\n|turn|8\n|\n|t:|1700359980\n|move|p2a: Meowscarada|Knock Off|p1a: Skarmory\n|-start|p2a: Meowscarada|typechange|Dark|[from] ability: Protean\n|-damage|p1a: Skarmory|0 fnt\n|-damage|p2a: Meowscarada|72\/100|[from] item: Rocky Helmet|[of] p1a: Skarmory\n|-enditem|p1a: Skarmory|Rocky Helmet|[from] move: Knock Off|[of] p2a: Meowscarada\n|faint|p1a: Skarmory\n|\n|upkeep\n|\n|t:|1700359992\n|switch|p1a: Greninja|Greninja, F|84\/100\n|turn|9\n|\n|t:|1700360009\n|switch|p2a: Corviknight|Corviknight, F|84\/100\n|-damage|p2a: Corviknight|72\/100|[from] Stealth Rock\n|-ability|p2a: Corviknight|Pressure\n|move|p1a: Greninja|U-turn|p2a: Corviknight\n|-start|p1a: Greninja|typechange|Bug|[from] ability: Protean\n|-resisted|p2a: Corviknight\n|-damage|p2a: Corviknight|68\/100\n|-damage|p1a: Greninja|68\/100|[from] item: Rocky Helmet|[of] p2a: Corviknight\n|inactive|Snakeman24 has 120 seconds left.\n|\n|t:|1700360023\n|switch|p1a: Hoopa|Hoopa-Unbound|100\/100|[from] U-turn\n|\n|upkeep\n|turn|10\n|\n|t:|1700360030\n|switch|p2a: Urshifu|Urshifu-Rapid-Strike, F|100\/100\n|-damage|p2a: Urshifu|94\/100|[from] Stealth Rock\n|-terastallize|p1a: Hoopa|Dark\n|move|p1a: Hoopa|Hyperspace Fury|p2a: Urshifu\n|-resisted|p2a: Urshifu\n|-damage|p2a: Urshifu|36\/100\n|-unboost|p1a: Hoopa|def|1\n|\n|upkeep\n|turn|11\n|\n|t:|1700360041\n|switch|p1a: Dondozo|Dondozo, F|99\/100\n|move|p2a: Urshifu|U-turn|p1a: Dondozo\n|-damage|p1a: Dondozo|88\/100\n|\n|t:|1700360043\n|switch|p2a: Corviknight|Corviknight, F|68\/100|[from] U-turn\n|-damage|p2a: Corviknight|56\/100|[from] Stealth Rock\n|-ability|p2a: Corviknight|Pressure\n|\n|-heal|p1a: Dondozo|94\/100|[from] item: Leftovers\n|upkeep\n|turn|12\n|inactive|Snakeman24 has 120 seconds left.\n|\n|t:|1700360070\n|move|p2a: Corviknight|Roost|p2a: Corviknight\n|-heal|p2a: Corviknight|100\/100\n|-singleturn|p2a: Corviknight|move: Roost\n|move|p1a: Dondozo|Wave Crash|p2a: Corviknight\n|-damage|p2a: Corviknight|73\/100\n|-damage|p1a: Dondozo|77\/100|[from] item: Rocky Helmet|[of] p2a: Corviknight\n|-damage|p1a: Dondozo|70\/100|[from] Recoil\n|\n|-heal|p1a: Dondozo|76\/100|[from] item: Leftovers\n|upkeep\n|turn|13\n|inactive|Snakeman24 has 120 seconds left.\n|\n|t:|1700360086\n|move|p2a: Corviknight|Defog|p1a: Dondozo\n|-unboost|p1a: Dondozo|evasion|1\n|-sideend|p2: Shay ObsidianEW|Stealth Rock|[from] move: Defog|[of] p2a: Corviknight\n|move|p1a: Dondozo|Curse|p1a: Dondozo\n|-unboost|p1a: Dondozo|spe|1\n|-boost|p1a: Dondozo|atk|1\n|-boost|p1a: Dondozo|def|1\n|\n|-heal|p1a: Dondozo|83\/100|[from] item: Leftovers\n|upkeep\n|turn|14\n|\n|t:|1700360096\n|switch|p2a: Clodsire|Clodsire, F|100\/100\n|move|p1a: Dondozo|Wave Crash|p2a: Clodsire\n|-immune|p2a: Clodsire|[from] ability: Water Absorb\n|\n|-heal|p1a: Dondozo|89\/100|[from] item: Leftovers\n|upkeep\n|turn|15\n|inactive|Snakeman24 has 120 seconds left.\n|\n|t:|1700360109\n|move|p2a: Clodsire|Toxic|p1a: Dondozo\n|-status|p1a: Dondozo|tox\n|move|p1a: Dondozo|Curse|p1a: Dondozo\n|-unboost|p1a: Dondozo|spe|1\n|-boost|p1a: Dondozo|atk|1\n|-boost|p1a: Dondozo|def|1\n|\n|-heal|p1a: Dondozo|95\/100 tox|[from] item: Leftovers\n|-damage|p1a: Dondozo|89\/100 tox|[from] psn\n|upkeep\n|turn|16\n|inactive|Snakeman24 has 120 seconds left.\n|\n|t:|1700360125\n|switch|p2a: Meowscarada|Meowscarada, F|72\/100\n|move|p1a: Dondozo|Body Press|p2a: Meowscarada\n|-supereffective|p2a: Meowscarada\n|-damage|p2a: Meowscarada|0 fnt\n|faint|p2a: Meowscarada\n|\n|-heal|p1a: Dondozo|95\/100 tox|[from] item: Leftovers\n|-damage|p1a: Dondozo|83\/100 tox|[from] psn\n|upkeep\n|\n|t:|1700360131\n|switch|p2a: Gardevoir|Gardevoir-Mega, F|88\/100\n|turn|17\n|inactive|Snakeman24 has 120 seconds left.\n|\n|t:|1700360143\n|switch|p1a: Chansey|Chansey, F|100\/100\n|move|p2a: Gardevoir|Hyper Voice|p1a: Chansey\n|-damage|p1a: Chansey|81\/100\n|\n|upkeep\n|turn|18\n|inactive|Snakeman24 has 120 seconds left.\n|\n|t:|1700360154\n|switch|p2a: Corviknight|Corviknight, F|73\/100\n|-ability|p2a: Corviknight|Pressure\n|move|p1a: Chansey|Teleport|p1a: Chansey\n|\n|t:|1700360160\n|switch|p1a: Hoopa|Hoopa-Unbound, tera:Dark|100\/100|[from] Teleport\n|\n|upkeep\n|turn|19\n|inactive|Snakeman24 has 120 seconds left.\n|\n|t:|1700360165\n|move|p1a: Hoopa|Hyperspace Fury|p2a: Corviknight\n|-damage|p2a: Corviknight|0 fnt\n|-unboost|p1a: Hoopa|def|1\n|faint|p2a: Corviknight\n|\n|upkeep\n|\n|t:|1700360168\n|switch|p2a: Urshifu|Urshifu-Rapid-Strike, F|36\/100\n|turn|20\n|\n|t:|1700360176\n|switch|p1a: Dondozo|Dondozo, F|83\/100 tox\n|move|p2a: Urshifu|Close Combat|p1a: Dondozo\n|-damage|p1a: Dondozo|54\/100 tox\n|-unboost|p2a: Urshifu|def|1\n|-unboost|p2a: Urshifu|spd|1\n|\n|-heal|p1a: Dondozo|60\/100 tox|[from] item: Leftovers\n|-damage|p1a: Dondozo|54\/100 tox|[from] psn\n|upkeep\n|turn|21\n|\n|t:|1700360187\n|switch|p2a: Gardevoir|Gardevoir-Mega, F|88\/100\n|move|p1a: Dondozo|Rest|p1a: Dondozo\n|-status|p1a: Dondozo|slp|[from] move: Rest\n|-heal|p1a: Dondozo|100\/100 slp|[silent]\n|\n|upkeep\n|turn|22\n|-message|Shay ObsidianEW forfeited.\n|\n|win|Snakeman24\n|raw|Snakeman24's rating: 1542 &rarr; <strong>1569<\/strong><br \/>(+27 for winning)\n|raw|Shay ObsidianEW's rating: 1666 &rarr; <strong>1639<\/strong><br \/>(-27 for losing)\n|l|\u2606Shay ObsidianEW\n","uploadtime":1700360202,"views":18,"p1id":"snakeman24","p2id":"shayobsidianew","formatid":"gen9nationaldex","rating":1569,"private":0,"password":""}