{"id":"gen9nationaldex-1999080444","p1":"MunchingPatato","p2":"tobiasnl","format":"[Gen 9] National Dex","log":"|html|<div class=\"broadcast-blue\"><strong>[Gen 9] National Dex is currently suspecting Sneasler! For information on how to participate check out the <a href=\"https:\/\/www.smogon.com\/forums\/threads\/sv-national-dex-suspect-8-just-dance.3731534\/\">suspect thread<\/a>.<\/strong><\/div>\n|j|\u2606MunchingPatato\n|j|\u2606tobiasnl\n|t:|1701031061\n|gametype|singles\n|player|p1|MunchingPatato|preschooler|\n|player|p2|tobiasnl|2|\n|teamsize|p1|6\n|teamsize|p2|6\n|gen|9\n|tier|[Gen 9] National Dex\n|rule|HP Percentage Mod: HP is shown in percentages\n|rule|Endless Battle Clause: Forcing endless battles is banned\n|rule|OHKO Clause: OHKO moves are banned\n|rule|Evasion Clause: Evasion abilities, items, and moves are banned\n|rule|Evasion Abilities Clause: Evasion abilities are banned\n|rule|Evasion Items Clause: Evasion items are banned\n|rule|Evasion Moves Clause: Evasion moves are banned\n|rule|Species Clause: Limit one of each Pok\u00e9mon\n|rule|Sleep Clause Mod: Limit one foe put to sleep\n|clearpoke\n|poke|p1|Pelipper, M|\n|poke|p1|Barraskewda, M|\n|poke|p1|Floatzel, F|\n|poke|p1|Zapdos|\n|poke|p1|Clodsire, F|\n|poke|p1|Corviknight, M|\n|poke|p2|Hawlucha, M|\n|poke|p2|Great Tusk|\n|poke|p2|Lilligant-Hisui, F|\n|poke|p2|Sneasler, M|\n|poke|p2|Iron Valiant|\n|poke|p2|Gallade, M|\n|teampreview\n|\n|t:|1701031069\n|start\n|switch|p1a: Pelipper|Pelipper, M|100\/100\n|switch|p2a: Hawlucha|Hawlucha, M, shiny|100\/100\n|-weather|RainDance|[from] ability: Drizzle|[of] p1a: Pelipper\n|turn|1\n|\n|t:|1701031077\n|move|p2a: Hawlucha|Bulk Up|p2a: Hawlucha\n|-boost|p2a: Hawlucha|atk|1\n|-boost|p2a: Hawlucha|def|1\n|move|p1a: Pelipper|U-turn|p2a: Hawlucha\n|-resisted|p2a: Hawlucha\n|-damage|p2a: Hawlucha|98\/100\n|\n|t:|1701031095\n|switch|p1a: Barraskewda|Barraskewda, M|100\/100|[from] U-turn\n|\n|-weather|RainDance|[upkeep]\n|upkeep\n|turn|2\n|\n|t:|1701031101\n|move|p2a: Hawlucha|Endure|p2a: Hawlucha\n|-singleturn|p2a: Hawlucha|move: Endure\n|move|p1a: Barraskewda|Psychic Fangs|p2a: Hawlucha\n|-supereffective|p2a: Hawlucha\n|-damage|p2a: Hawlucha|4\/100\n|-enditem|p2a: Hawlucha|Salac Berry|[eat]\n|-boost|p2a: Hawlucha|spe|1|[from] item: Salac Berry\n|\n|-weather|RainDance|[upkeep]\n|upkeep\n|turn|3\n|\n|t:|1701031115\n|move|p2a: Hawlucha|Reversal|p1a: Barraskewda\n|-crit|p1a: Barraskewda\n|-damage|p1a: Barraskewda|0 fnt\n|faint|p1a: Barraskewda\n|\n|-weather|RainDance|[upkeep]\n|upkeep\n|\n|t:|1701031120\n|switch|p1a: Floatzel|Floatzel, F|100\/100\n|turn|4\n|\n|t:|1701031123\n|move|p1a: Floatzel|Aqua Jet|p2a: Hawlucha\n|-damage|p2a: Hawlucha|0 fnt\n|faint|p2a: Hawlucha\n|\n|-weather|RainDance|[upkeep]\n|upkeep\n|\n|t:|1701031131\n|switch|p2a: Lilligant|Lilligant-Hisui, F, shiny|100\/100\n|turn|5\n|\n|t:|1701031137\n|switch|p1a: Clodsire|Clodsire, F|100\/100\n|move|p2a: Lilligant|Solar Blade||[still]\n|-prepare|p2a: Lilligant|Solar Blade\n|\n|-weather|none\n|upkeep\n|turn|6\n|\n|t:|1701031143\n|move|p2a: Lilligant|Solar Blade|p1a: Clodsire|[from]lockedmove\n|-damage|p1a: Clodsire|30\/100\n|move|p1a: Clodsire|Toxic|p2a: Lilligant\n|-status|p2a: Lilligant|tox\n|\n|-heal|p1a: Clodsire|36\/100|[from] item: Leftovers\n|-damage|p2a: Lilligant|94\/100 tox|[from] psn\n|upkeep\n|turn|7\n|\n|t:|1701031160\n|move|p2a: Lilligant|Victory Dance|p2a: Lilligant\n|-boost|p2a: Lilligant|atk|1\n|-boost|p2a: Lilligant|def|1\n|-boost|p2a: Lilligant|spe|1\n|move|p1a: Clodsire|Stealth Rock|p2a: Lilligant\n|-sidestart|p2: tobiasnl|move: Stealth Rock\n|\n|-heal|p2a: Lilligant|100\/100 tox|[from] item: Leftovers\n|-heal|p1a: Clodsire|42\/100|[from] item: Leftovers\n|-damage|p2a: Lilligant|88\/100 tox|[from] psn\n|upkeep\n|turn|8\n|\n|t:|1701031170\n|move|p2a: Lilligant|Victory Dance|p2a: Lilligant\n|-boost|p2a: Lilligant|atk|1\n|-boost|p2a: Lilligant|def|1\n|-boost|p2a: Lilligant|spe|1\n|move|p1a: Clodsire|Recover|p1a: Clodsire\n|-heal|p1a: Clodsire|93\/100\n|\n|-heal|p2a: Lilligant|94\/100 tox|[from] item: Leftovers\n|-heal|p1a: Clodsire|99\/100|[from] item: Leftovers\n|-damage|p2a: Lilligant|76\/100 tox|[from] psn\n|upkeep\n|turn|9\n|\n|t:|1701031181\n|move|p2a: Lilligant|Ice Spinner|p1a: Clodsire\n|-supereffective|p1a: Clodsire\n|-damage|p1a: Clodsire|37\/100\n|move|p1a: Clodsire|Earthquake|p2a: Lilligant\n|-resisted|p2a: Lilligant\n|-damage|p2a: Lilligant|55\/100 tox\n|\n|-heal|p2a: Lilligant|61\/100 tox|[from] item: Leftovers\n|-heal|p1a: Clodsire|43\/100|[from] item: Leftovers\n|-damage|p2a: Lilligant|37\/100 tox|[from] psn\n|upkeep\n|turn|10\n|\n|t:|1701031197\n|move|p2a: Lilligant|Ice Spinner|p1a: Clodsire\n|-supereffective|p1a: Clodsire\n|-damage|p1a: Clodsire|0 fnt\n|faint|p1a: Clodsire\n|\n|-heal|p2a: Lilligant|43\/100 tox|[from] item: Leftovers\n|-damage|p2a: Lilligant|13\/100 tox|[from] psn\n|upkeep\n|\n|t:|1701031204\n|switch|p1a: Corviknight|Corviknight, M|100\/100\n|-ability|p1a: Corviknight|Pressure\n|turn|11\n|\n|t:|1701031210\n|move|p2a: Lilligant|Ice Spinner|p1a: Corviknight\n|-damage|p1a: Corviknight|67\/100\n|-damage|p2a: Lilligant|0 fnt|[from] item: Rocky Helmet|[of] p1a: Corviknight\n|faint|p2a: Lilligant\n|move|p1a: Corviknight|U-turn|p2: Lilligant|[notarget]\n|-fail|p1a: Corviknight\n|\n|upkeep\n|\n|t:|1701031217\n|switch|p2a: Great Tusk|Great Tusk, shiny|100\/100\n|turn|12\n|\n|t:|1701031220\n|move|p2a: Great Tusk|Rapid Spin|p1a: Corviknight\n|-resisted|p1a: Corviknight\n|-damage|p1a: Corviknight|63\/100\n|-boost|p2a: Great Tusk|spe|1\n|-damage|p2a: Great Tusk|84\/100|[from] item: Rocky Helmet|[of] p1a: Corviknight\n|-sideend|p2: tobiasnl|Stealth Rock|[from] move: Rapid Spin|[of] p2a: Great Tusk\n|move|p1a: Corviknight|U-turn|p2a: Great Tusk\n|-resisted|p2a: Great Tusk\n|-damage|p2a: Great Tusk|80\/100\n|\n|t:|1701031228\n|switch|p1a: Pelipper|Pelipper, M|100\/100|[from] U-turn\n|-weather|RainDance|[from] ability: Drizzle|[of] p1a: Pelipper\n|\n|-weather|RainDance|[upkeep]\n|upkeep\n|turn|13\n|\n|t:|1701031233\n|move|p2a: Great Tusk|Stealth Rock|p1a: Pelipper\n|-sidestart|p1: MunchingPatato|move: Stealth Rock\n|move|p1a: Pelipper|Scald|p2a: Great Tusk\n|-supereffective|p2a: Great Tusk\n|-damage|p2a: Great Tusk|0 fnt\n|faint|p2a: Great Tusk\n|-end|p2a: Great Tusk|Protosynthesis|[silent]\n|\n|-weather|RainDance|[upkeep]\n|upkeep\n|\n|t:|1701031250\n|switch|p2a: Iron Valiant|Iron Valiant, shiny|100\/100\n|turn|14\n|\n|t:|1701031261\n|move|p2a: Iron Valiant|Moonblast|p1a: Pelipper\n|-damage|p1a: Pelipper|8\/100\n|-unboost|p1a: Pelipper|spa|1\n|move|p1a: Pelipper|U-turn|p2a: Iron Valiant\n|-resisted|p2a: Iron Valiant\n|-damage|p2a: Iron Valiant|98\/100\n|\n|t:|1701031270\n|switch|p1a: Floatzel|Floatzel, F|100\/100|[from] U-turn\n|-damage|p1a: Floatzel|88\/100|[from] Stealth Rock\n|\n|-weather|RainDance|[upkeep]\n|upkeep\n|turn|15\n|\n|t:|1701031275\n|move|p1a: Floatzel|Wave Crash|p2a: Iron Valiant\n|-damage|p2a: Iron Valiant|0 fnt\n|faint|p2a: Iron Valiant\n|-end|p2a: Iron Valiant|Quark Drive|[silent]\n|-damage|p1a: Floatzel|58\/100|[from] Recoil\n|\n|-weather|RainDance|[upkeep]\n|upkeep\n|\n|t:|1701031284\n|switch|p2a: Gallade|Gallade, M, shiny|100\/100\n|turn|16\n|\n|t:|1701031287\n|move|p1a: Floatzel|Wave Crash|p2a: Gallade\n|-crit|p2a: Gallade\n|-damage|p2a: Gallade|0 fnt\n|faint|p2a: Gallade\n|-damage|p1a: Floatzel|29\/100|[from] Recoil\n|\n|-weather|none\n|upkeep\n|\n|t:|1701031293\n|switch|p2a: Sneasler|Sneasler, M, shiny|100\/100\n|turn|17\n|c|\u2606tobiasnl|damn this shit op\n|c|\u2606MunchingPatato|i run some sleeper builds XD\n|\n|t:|1701031317\n|switch|p1a: Pelipper|Pelipper, M|8\/100\n|-damage|p1a: Pelipper|0 fnt|[from] Stealth Rock\n|faint|p1a: Pelipper\n|move|p2a: Sneasler|Rock Slide|p1: Pelipper|[notarget]\n|-fail|p2a: Sneasler\n|\n|upkeep\n|\n|t:|1701031323\n|switch|p1a: Corviknight|Corviknight, M|63\/100\n|-damage|p1a: Corviknight|51\/100|[from] Stealth Rock\n|-ability|p1a: Corviknight|Pressure\n|turn|18\n|\n|t:|1701031332\n|move|p2a: Sneasler|Rock Slide|p1a: Corviknight\n|-damage|p1a: Corviknight|34\/100\n|move|p1a: Corviknight|Brave Bird|p2a: Sneasler\n|-supereffective|p2a: Sneasler\n|-damage|p2a: Sneasler|0 fnt\n|faint|p2a: Sneasler\n|-damage|p1a: Corviknight|9\/100|[from] Recoil\n|\n|win|MunchingPatato\n|c|\u2606tobiasnl|gg\n|c|\u2606MunchingPatato|gg\n","uploadtime":1701031344,"views":22,"p1id":"munchingpatato","p2id":"tobiasnl","formatid":"gen9nationaldex","rating":0,"private":0,"password":""}