{"id":"gen9nationaldex-1996382580","p1":"mmm6","p2":"batmanga","format":"[Gen 9] National Dex","log":"|html|<div class=\"broadcast-blue\"><strong>[Gen 9] National Dex is currently suspecting Sneasler! For information on how to participate check out the <a href=\"https:\/\/www.smogon.com\/forums\/threads\/sv-national-dex-suspect-8-just-dance.3731534\/\">suspect thread<\/a>.<\/strong><\/div>\n|j|\u2606mmm6\n|j|\u2606batmanga\n|t:|1700676743\n|gametype|singles\n|player|p1|mmm6|ghetsis|1525\n|player|p2|batmanga|riley|1558\n|teamsize|p1|6\n|teamsize|p2|6\n|gen|9\n|tier|[Gen 9] National Dex\n|rated|\n|rule|HP Percentage Mod: HP is shown in percentages\n|rule|Endless Battle Clause: Forcing endless battles is banned\n|rule|OHKO Clause: OHKO moves are banned\n|rule|Evasion Clause: Evasion abilities, items, and moves are banned\n|rule|Evasion Abilities Clause: Evasion abilities are banned\n|rule|Evasion Items Clause: Evasion items are banned\n|rule|Evasion Moves Clause: Evasion moves are banned\n|rule|Species Clause: Limit one of each Pok\u00e9mon\n|rule|Sleep Clause Mod: Limit one foe put to sleep\n|clearpoke\n|poke|p1|Tapu Koko|\n|poke|p1|Mimikyu, M|\n|poke|p1|Skarmory, M|\n|poke|p1|Sneasler, M|\n|poke|p1|Greninja-*, M|\n|poke|p1|Zamazenta-*|\n|poke|p2|Slowking, F|\n|poke|p2|Zamazenta-*|\n|poke|p2|Raticate, M|\n|poke|p2|Skeledirge, M|\n|poke|p2|Arctozolt|\n|poke|p2|Abomasnow, M|\n|teampreview\n|\n|t:|1700676752\n|start\n|switch|p1a: HerEx|Greninja, M|100\/100\n|switch|p2a: Ryomen Sukuna.|Skeledirge, M|100\/100\n|turn|1\n|\n|t:|1700676757\n|switch|p2a: Willump.|Abomasnow, M, shiny|100\/100\n|-weather|Snow|[from] ability: Snow Warning|[of] p2a: Willump.\n|move|p1a: HerEx|Toxic Spikes|p2a: Willump.\n|-start|p1a: HerEx|typechange|Poison|[from] ability: Protean\n|-sidestart|p2: batmanga|move: Toxic Spikes\n|\n|-weather|Snow|[upkeep]\n|upkeep\n|turn|2\n|\n|t:|1700676765\n|detailschange|p2a: Willump.|Abomasnow-Mega, M, shiny\n|-mega|p2a: Willump.|Abomasnow|Abomasite\n|move|p1a: HerEx|Spikes|p2a: Willump.\n|-sidestart|p2: batmanga|Spikes\n|move|p2a: Willump.|Earthquake|p1a: HerEx\n|-supereffective|p1a: HerEx\n|-damage|p1a: HerEx|22\/100\n|\n|-weather|Snow|[upkeep]\n|upkeep\n|turn|3\n|\n|t:|1700676775\n|move|p1a: HerEx|Spikes|p2a: Willump.\n|-sidestart|p2: batmanga|Spikes\n|move|p2a: Willump.|Giga Drain|p1a: HerEx\n|-resisted|p1a: HerEx\n|-crit|p1a: HerEx\n|-damage|p1a: HerEx|0 fnt\n|faint|p1a: HerEx\n|\n|-weather|Snow|[upkeep]\n|upkeep\n|\n|t:|1700676779\n|switch|p1a: HerLastEx|Skarmory, M|100\/100\n|turn|4\n|\n|t:|1700676782\n|move|p1a: HerLastEx|Stealth Rock|p2a: Willump.\n|-sidestart|p2: batmanga|move: Stealth Rock\n|move|p2a: Willump.|Blizzard|p1a: HerLastEx\n|-damage|p1a: HerLastEx|34\/100\n|-enditem|p1a: HerLastEx|Red Card|[of] p2a: Willump.\n|drag|p2a: Blueberry.|Arctozolt|100\/100\n|\n|-weather|Snow|[upkeep]\n|upkeep\n|turn|5\n|\n|t:|1700676790\n|move|p2a: Blueberry.|Blizzard|p1a: HerLastEx\n|-damage|p1a: HerLastEx|0 fnt\n|faint|p1a: HerLastEx\n|\n|-weather|none\n|upkeep\n|\n|t:|1700676801\n|switch|p1a: HerFWB|Mimikyu, M|100\/100\n|turn|6\n|\n|t:|1700676814\n|switch|p2a: Ryomen Sukuna.|Skeledirge, M|100\/100\n|move|p1a: HerFWB|Shadow Claw|p2a: Ryomen Sukuna.\n|-supereffective|p2a: Ryomen Sukuna.\n|-damage|p2a: Ryomen Sukuna.|65\/100\n|\n|upkeep\n|turn|7\n|\n|t:|1700676821\n|-terastallize|p2a: Ryomen Sukuna.|Water\n|move|p1a: HerFWB|Taunt|p2a: Ryomen Sukuna.\n|-start|p2a: Ryomen Sukuna.|move: Taunt\n|cant|p2a: Ryomen Sukuna.|move: Taunt|Will-O-Wisp\n|\n|upkeep\n|turn|8\n|\n|t:|1700676833\n|switch|p1a: HerDad|Tapu Koko|100\/100\n|-fieldstart|move: Electric Terrain|[from] ability: Electric Surge|[of] p1a: HerDad\n|move|p2a: Ryomen Sukuna.|Torch Song|p1a: HerDad\n|-damage|p1a: HerDad|52\/100\n|-boost|p2a: Ryomen Sukuna.|spa|1\n|\n|upkeep\n|turn|9\n|\n|t:|1700676841\n|switch|p2a: Willump.|Abomasnow-Mega, M, shiny|100\/100\n|-status|p2a: Willump.|psn\n|-damage|p2a: Willump.|84\/100 psn|[from] Spikes\n|-damage|p2a: Willump.|59\/100 psn|[from] Stealth Rock\n|-weather|Snow|[from] ability: Snow Warning|[of] p2a: Willump.\n|move|p1a: HerDad|Volt Switch|p2a: Willump.\n|-resisted|p2a: Willump.\n|-damage|p2a: Willump.|43\/100 psn\n|\n|t:|1700676864\n|switch|p1a: Zamazenta|Zamazenta|100\/100|[from] Volt Switch\n|-ability|p1a: Zamazenta|Dauntless Shield|boost\n|-boost|p1a: Zamazenta|def|1\n|\n|-weather|Snow|[upkeep]\n|-damage|p2a: Willump.|31\/100 psn|[from] psn\n|upkeep\n|turn|10\n|\n|t:|1700676868\n|move|p1a: Zamazenta|Heavy Slam|p2a: Willump.\n|-supereffective|p2a: Willump.\n|-crit|p2a: Willump.\n|-damage|p2a: Willump.|13\/100 psn\n|move|p2a: Willump.|Blizzard|p1a: Zamazenta\n|-damage|p1a: Zamazenta|69\/100\n|-status|p1a: Zamazenta|frz\n|\n|-weather|Snow|[upkeep]\n|-damage|p2a: Willump.|0 fnt|[from] psn\n|faint|p2a: Willump.\n|upkeep\n|\n|t:|1700676874\n|switch|p2a: Blueberry.|Arctozolt|100\/100\n|turn|11\n|\n|t:|1700676877\n|move|p2a: Blueberry.|Substitute|p2a: Blueberry.\n|-start|p2a: Blueberry.|Substitute\n|-damage|p2a: Blueberry.|76\/100\n|cant|p1a: Zamazenta|frz\n|\n|-weather|Snow|[upkeep]\n|upkeep\n|turn|12\n|\n|t:|1700676882\n|move|p2a: Blueberry.|Bolt Beak|p1a: Zamazenta\n|-damage|p1a: Zamazenta|2\/100 frz\n|cant|p1a: Zamazenta|frz\n|\n|-weather|Snow|[upkeep]\n|-fieldend|move: Electric Terrain\n|upkeep\n|turn|13\n|\n|t:|1700676888\n|move|p2a: Blueberry.|Bolt Beak|p1a: Zamazenta\n|-damage|p1a: Zamazenta|0 fnt\n|faint|p1a: Zamazenta\n|\n|-weather|none\n|upkeep\n|\n|t:|1700676892\n|switch|p1a: HerFWB|Mimikyu, M|100\/100\n|turn|14\n|\n|t:|1700676899\n|move|p1a: HerFWB|Shadow Claw|p2a: Blueberry.\n|-end|p2a: Blueberry.|Substitute\n|move|p2a: Blueberry.|Bolt Beak|p1a: HerFWB\n|-activate|p1a: HerFWB|ability: Disguise\n|-damage|p1a: HerFWB|100\/100\n|detailschange|p1a: HerFWB|Mimikyu-Busted, M\n|-damage|p1a: HerFWB|88\/100|[from] pokemon: Mimikyu-Busted\n|-enditem|p1a: HerFWB|Red Card|[of] p2a: Blueberry.\n|drag|p2a: RATKING.|Raticate, M, shiny|100\/100\n|-status|p2a: RATKING.|psn\n|-damage|p2a: RATKING.|84\/100 psn|[from] Spikes\n|-damage|p2a: RATKING.|72\/100 psn|[from] Stealth Rock\n|\n|-damage|p2a: RATKING.|59\/100 psn|[from] psn\n|upkeep\n|turn|15\n|\n|t:|1700676914\n|move|p2a: RATKING.|Facade|p1a: HerFWB\n|-immune|p1a: HerFWB\n|move|p1a: HerFWB|Shadow Claw|p2a: RATKING.\n|-immune|p2a: RATKING.\n|\n|-damage|p2a: RATKING.|47\/100 psn|[from] psn\n|upkeep\n|turn|16\n|\n|t:|1700676924\n|move|p2a: RATKING.|Stomping Tantrum|p1a: HerFWB\n|-damage|p1a: HerFWB|0 fnt\n|faint|p1a: HerFWB\n|\n|-damage|p2a: RATKING.|35\/100 psn|[from] psn\n|upkeep\n|\n|t:|1700676928\n|switch|p1a: HerDad|Tapu Koko|52\/100\n|-fieldstart|move: Electric Terrain|[from] ability: Electric Surge|[of] p1a: HerDad\n|turn|17\n|\n|t:|1700676935\n|move|p2a: RATKING.|Sucker Punch|p1a: HerDad\n|-resisted|p1a: HerDad\n|-damage|p1a: HerDad|32\/100\n|move|p1a: HerDad|Thunderbolt|p2a: RATKING.\n|-damage|p2a: RATKING.|0 fnt\n|faint|p2a: RATKING.\n|\n|upkeep\n|\n|t:|1700676947\n|switch|p2a: Pearl.|Slowking, F|100\/100\n|-status|p2a: Pearl.|psn\n|-damage|p2a: Pearl.|84\/100 psn|[from] Spikes\n|-damage|p2a: Pearl.|72\/100 psn|[from] Stealth Rock\n|turn|18\n|\n|t:|1700676954\n|move|p1a: HerDad|Thunderbolt|p2a: Pearl.\n|-supereffective|p2a: Pearl.\n|-damage|p2a: Pearl.|11\/100 psn\n|move|p2a: Pearl.|Chilly Reception|p2a: Pearl.\n|-weather|Snow\n|\n|t:|1700676969\n|switch|p2a: Blueberry.|Arctozolt|76\/100|[from] Chilly Reception\n|\n|-weather|Snow|[upkeep]\n|upkeep\n|turn|19\n|\n|t:|1700676975\n|move|p2a: Blueberry.|Substitute|p2a: Blueberry.\n|-start|p2a: Blueberry.|Substitute\n|-damage|p2a: Blueberry.|51\/100\n|-zpower|p1a: HerDad\n|move|p1a: HerDad|Twinkle Tackle|p2a: Blueberry.|[zeffect]\n|-end|p2a: Blueberry.|Substitute\n|\n|-weather|Snow|[upkeep]\n|upkeep\n|turn|20\n|\n|t:|1700676985\n|move|p2a: Blueberry.|Substitute|p2a: Blueberry.\n|-start|p2a: Blueberry.|Substitute\n|-damage|p2a: Blueberry.|26\/100\n|move|p1a: HerDad|Dazzling Gleam|p2a: Blueberry.\n|-end|p2a: Blueberry.|Substitute\n|\n|-weather|Snow|[upkeep]\n|upkeep\n|turn|21\n|\n|t:|1700676993\n|switch|p1a: HerBrother|Sneasler, M|100\/100\n|-enditem|p1a: HerBrother|Electric Seed\n|-boost|p1a: HerBrother|def|1|[from] item: Electric Seed\n|move|p2a: Blueberry.|Substitute|p2a: Blueberry.\n|-start|p2a: Blueberry.|Substitute\n|-damage|p2a: Blueberry.|1\/100\n|\n|-weather|Snow|[upkeep]\n|-fieldend|move: Electric Terrain\n|upkeep\n|turn|22\n|\n|t:|1700676999\n|move|p1a: HerBrother|Dire Claw|p2a: Blueberry.\n|-end|p2a: Blueberry.|Substitute\n|move|p2a: Blueberry.|Bolt Beak|p1a: HerBrother\n|-damage|p1a: HerBrother|64\/100\n|\n|-weather|Snow|[upkeep]\n|upkeep\n|turn|23\n|\n|t:|1700677009\n|move|p1a: HerBrother|Dire Claw|p2a: Blueberry.\n|-damage|p2a: Blueberry.|0 fnt\n|faint|p2a: Blueberry.\n|\n|-weather|Snow|[upkeep]\n|upkeep\n|\n|t:|1700677013\n|switch|p2a: Vallar.|Zamazenta|100\/100\n|-status|p2a: Vallar.|psn\n|-damage|p2a: Vallar.|84\/100 psn|[from] Spikes\n|-damage|p2a: Vallar.|78\/100 psn|[from] Stealth Rock\n|-ability|p2a: Vallar.|Dauntless Shield|boost\n|-boost|p2a: Vallar.|def|1\n|turn|24\n|\n|t:|1700677016\n|move|p1a: HerBrother|Swords Dance|p1a: HerBrother\n|-boost|p1a: HerBrother|atk|2\n|move|p2a: Vallar.|Close Combat|p1a: HerBrother\n|-resisted|p1a: HerBrother\n|-damage|p1a: HerBrother|22\/100\n|-unboost|p2a: Vallar.|def|1\n|-unboost|p2a: Vallar.|spd|1\n|\n|-weather|Snow|[upkeep]\n|-damage|p2a: Vallar.|65\/100 psn|[from] psn\n|upkeep\n|turn|25\n|\n|t:|1700677024\n|switch|p2a: Pearl.|Slowking, F|44\/100 psn\n|-damage|p2a: Pearl.|27\/100 psn|[from] Spikes\n|-damage|p2a: Pearl.|15\/100 psn|[from] Stealth Rock\n|-terastallize|p1a: HerBrother|Flying\n|move|p1a: HerBrother|Acrobatics|p2a: Pearl.\n|-damage|p2a: Pearl.|0 fnt\n|faint|p2a: Pearl.\n|\n|-weather|none\n|upkeep\n|\n|t:|1700677026\n|switch|p2a: Ryomen Sukuna.|Skeledirge, M, tera:Water|65\/100\n|turn|26\n|\n|t:|1700677029\n|move|p1a: HerBrother|Acrobatics|p2a: Ryomen Sukuna.\n|-damage|p2a: Ryomen Sukuna.|27\/100\n|move|p2a: Ryomen Sukuna.|Slack Off|p2a: Ryomen Sukuna.\n|-heal|p2a: Ryomen Sukuna.|77\/100\n|\n|upkeep\n|turn|27\n|\n|t:|1700677033\n|switch|p1a: HerDad|Tapu Koko|32\/100\n|-fieldstart|move: Electric Terrain|[from] ability: Electric Surge|[of] p1a: HerDad\n|move|p2a: Ryomen Sukuna.|Will-O-Wisp|p1a: HerDad\n|-status|p1a: HerDad|brn\n|\n|-damage|p1a: HerDad|26\/100 brn|[from] brn\n|upkeep\n|turn|28\n|\n|t:|1700677077\n|move|p1a: HerDad|Thunderbolt|p2a: Ryomen Sukuna.\n|-supereffective|p2a: Ryomen Sukuna.\n|-damage|p2a: Ryomen Sukuna.|0 fnt\n|faint|p2a: Ryomen Sukuna.\n|\n|-damage|p1a: HerDad|20\/100 brn|[from] brn\n|upkeep\n|\n|t:|1700677079\n|switch|p2a: Vallar.|Zamazenta|65\/100 psn\n|-damage|p2a: Vallar.|49\/100 psn|[from] Spikes\n|-damage|p2a: Vallar.|43\/100 psn|[from] Stealth Rock\n|turn|29\n|\n|t:|1700677098\n|move|p2a: Vallar.|Ice Fang|p1a: HerDad\n|-damage|p1a: HerDad|0 fnt\n|faint|p1a: HerDad\n|\n|-damage|p2a: Vallar.|30\/100 psn|[from] psn\n|upkeep\n|\n|t:|1700677103\n|switch|p1a: HerBrother|Sneasler, M, tera:Flying|22\/100\n|turn|30\n|\n|t:|1700677105\n|move|p2a: Vallar.|Ice Fang|p1a: HerBrother\n|-supereffective|p1a: HerBrother\n|-damage|p1a: HerBrother|0 fnt\n|faint|p1a: HerBrother\n|\n|win|batmanga\n|raw|mmm6's rating: 1525 &rarr; <strong>1507<\/strong><br \/>(-18 for losing)\n|raw|batmanga's rating: 1558 &rarr; <strong>1576<\/strong><br \/>(+18 for winning)\n|l|\u2606mmm6\n","uploadtime":1700677265,"views":2,"p1id":"mmm6","p2id":"batmanga","formatid":"gen9nationaldex","rating":1507,"private":0,"password":""}