{"id":"gen9nationaldex-1997229900","p1":"Momentai24","p2":"jkljlkh","format":"[Gen 9] National Dex","log":"|html|<div class=\"broadcast-blue\"><strong>[Gen 9] National Dex is currently suspecting Sneasler! For information on how to participate check out the <a href=\"https:\/\/www.smogon.com\/forums\/threads\/sv-national-dex-suspect-8-just-dance.3731534\/\">suspect thread<\/a>.<\/strong><\/div>\n|j|\u2606Momentai24\n|j|\u2606jkljlkh\n|t:|1700778076\n|gametype|singles\n|player|p1|Momentai24|iono|1564\n|player|p2|jkljlkh|170|1883\n|teamsize|p1|6\n|teamsize|p2|6\n|gen|9\n|tier|[Gen 9] National Dex\n|rated|\n|rule|HP Percentage Mod: HP is shown in percentages\n|rule|Endless Battle Clause: Forcing endless battles is banned\n|rule|OHKO Clause: OHKO moves are banned\n|rule|Evasion Clause: Evasion abilities, items, and moves are banned\n|rule|Evasion Abilities Clause: Evasion abilities are banned\n|rule|Evasion Items Clause: Evasion items are banned\n|rule|Evasion Moves Clause: Evasion moves are banned\n|rule|Species Clause: Limit one of each Pok\u00e9mon\n|rule|Sleep Clause Mod: Limit one foe put to sleep\n|clearpoke\n|poke|p1|Garganacl, M|\n|poke|p1|Lopunny, F|\n|poke|p1|Hydreigon, M|\n|poke|p1|Victini|\n|poke|p1|Tapu Fini|\n|poke|p1|Iron Treads|\n|poke|p2|Toxapex, F|\n|poke|p2|Dondozo, M|\n|poke|p2|Gliscor, M|\n|poke|p2|Blissey, F|\n|poke|p2|Corviknight, F|\n|poke|p2|Tyranitar, M|\n|teampreview\n|\n|t:|1700778106\n|start\n|switch|p1a: Lopunny|Lopunny, F|100\/100\n|switch|p2a: Gliscor|Gliscor, M|100\/100\n|turn|1\n|\n|t:|1700778114\n|detailschange|p1a: Lopunny|Lopunny-Mega, F\n|-mega|p1a: Lopunny|Lopunny|Lopunnite\n|move|p2a: Gliscor|Protect|p2a: Gliscor\n|-singleturn|p2a: Gliscor|Protect\n|move|p1a: Lopunny|Fake Out|p2a: Gliscor\n|-activate|p2a: Gliscor|move: Protect\n|\n|-status|p2a: Gliscor|tox|[from] item: Toxic Orb\n|upkeep\n|turn|2\n|inactive|Battle timer is ON: inactive players will automatically lose when time's up. (requested by jkljlkh)\n|\n|t:|1700778121\n|switch|p2a: Toxapex|Toxapex, F|100\/100\n|move|p1a: Lopunny|Return|p2a: Toxapex\n|-damage|p2a: Toxapex|63\/100\n|\n|upkeep\n|turn|3\n|\n|t:|1700778125\n|move|p1a: Lopunny|U-turn|p2a: Toxapex\n|-resisted|p2a: Toxapex\n|-damage|p2a: Toxapex|55\/100\n|\n|t:|1700778127\n|switch|p1a: Tapu Fini|Tapu Fini, shiny|100\/100|[from] U-turn\n|-fieldstart|move: Misty Terrain|[from] ability: Misty Surge|[of] p1a: Tapu Fini\n|move|p2a: Toxapex|Toxic|p1a: Tapu Fini\n|-activate|p1a: Tapu Fini|move: Misty Terrain\n|\n|upkeep\n|turn|4\n|\n|t:|1700778130\n|move|p1a: Tapu Fini|Trick|p2a: Toxapex\n|-activate|p1a: Tapu Fini|move: Trick|[of] p2a: Toxapex\n|-item|p2a: Toxapex|Choice Scarf|[from] move: Trick\n|-item|p1a: Tapu Fini|Heavy-Duty Boots|[from] move: Trick\n|move|p2a: Toxapex|Knock Off|p1a: Tapu Fini\n|-resisted|p1a: Tapu Fini\n|-damage|p1a: Tapu Fini|92\/100\n|-enditem|p1a: Tapu Fini|Heavy-Duty Boots|[from] move: Knock Off|[of] p2a: Toxapex\n|\n|upkeep\n|turn|5\n|\n|t:|1700778139\n|switch|p2a: Gliscor|Gliscor, M|100\/100 tox\n|move|p1a: Tapu Fini|Trick|p2a: Gliscor\n|-activate|p1a: Tapu Fini|move: Trick|[of] p2a: Gliscor\n|-enditem|p2a: Gliscor|Toxic Orb|[silent]|[from] move: Trick\n|-item|p1a: Tapu Fini|Toxic Orb|[from] move: Trick\n|\n|upkeep\n|turn|6\n|\n|t:|1700778149\n|switch|p1a: Hydreigon|Hydreigon, M|100\/100\n|switch|p2a: Toxapex|Toxapex, F|89\/100\n|\n|upkeep\n|turn|7\n|\n|t:|1700778156\n|switch|p1a: Tapu Fini|Tapu Fini, shiny|92\/100\n|move|p2a: Toxapex|Toxic|p1a: Tapu Fini\n|-activate|p1a: Tapu Fini|move: Misty Terrain\n|\n|-fieldend|Misty Terrain\n|-status|p1a: Tapu Fini|tox|[from] item: Toxic Orb\n|upkeep\n|turn|8\n|\n|t:|1700778167\n|switch|p1a: Iron Treads|Iron Treads|100\/100\n|move|p2a: Toxapex|Toxic|p1a: Iron Treads\n|-immune|p1a: Iron Treads\n|\n|upkeep\n|turn|9\n|\n|t:|1700778171\n|switch|p2a: Gliscor|Gliscor, M|100\/100 tox\n|move|p1a: Iron Treads|Knock Off|p2a: Gliscor\n|-damage|p2a: Gliscor|91\/100 tox\n|\n|-heal|p2a: Gliscor|100\/100 tox|[from] ability: Poison Heal\n|upkeep\n|turn|10\n|\n|t:|1700778175\n|-end|p1a: Iron Treads|Quark Drive|[silent]\n|switch|p1a: Hydreigon|Hydreigon, M|100\/100\n|move|p2a: Gliscor|Earthquake|p1a: Hydreigon\n|-immune|p1a: Hydreigon|[from] ability: Levitate\n|\n|upkeep\n|turn|11\n|\n|t:|1700778178\n|switch|p2a: Tyranitar|Tyranitar, M|100\/100\n|-weather|Sandstorm|[from] ability: Sand Stream|[of] p2a: Tyranitar\n|move|p1a: Hydreigon|Nasty Plot|p1a: Hydreigon\n|-boost|p1a: Hydreigon|spa|2\n|\n|-weather|Sandstorm|[upkeep]\n|-damage|p1a: Hydreigon|94\/100|[from] Sandstorm\n|upkeep\n|turn|12\n|\n|t:|1700778181\n|detailschange|p2a: Tyranitar|Tyranitar-Mega, M\n|-mega|p2a: Tyranitar|Tyranitar|Tyranitarite\n|move|p1a: Hydreigon|Earth Power|p2a: Tyranitar\n|-supereffective|p2a: Tyranitar\n|-damage|p2a: Tyranitar|34\/100\n|-damage|p1a: Hydreigon|84\/100|[from] item: Life Orb\n|move|p2a: Tyranitar|Ice Punch|p1a: Hydreigon\n|-supereffective|p1a: Hydreigon\n|-damage|p1a: Hydreigon|21\/100\n|\n|-weather|Sandstorm|[upkeep]\n|-damage|p1a: Hydreigon|15\/100|[from] Sandstorm\n|upkeep\n|turn|13\n|\n|t:|1700778189\n|switch|p2a: Blissey|Blissey, F|100\/100\n|move|p1a: Hydreigon|Earth Power|p2a: Blissey\n|-damage|p2a: Blissey|76\/100\n|-damage|p1a: Hydreigon|5\/100|[from] item: Life Orb\n|\n|-weather|Sandstorm|[upkeep]\n|-damage|p1a: Hydreigon|0 fnt|[from] Sandstorm\n|-damage|p2a: Blissey|70\/100|[from] Sandstorm\n|faint|p1a: Hydreigon\n|upkeep\n|\n|t:|1700778196\n|switch|p1a: Lopunny|Lopunny-Mega, F|100\/100\n|turn|14\n|\n|t:|1700778199\n|switch|p2a: Toxapex|Toxapex, F|100\/100\n|move|p1a: Lopunny|U-turn|p2a: Toxapex\n|-resisted|p2a: Toxapex\n|-damage|p2a: Toxapex|93\/100\n|\n|t:|1700778203\n|switch|p1a: Garganacl|Garganacl, M|100\/100|[from] U-turn\n|\n|-weather|Sandstorm|[upkeep]\n|-damage|p2a: Toxapex|87\/100|[from] Sandstorm\n|upkeep\n|turn|15\n|\n|t:|1700778206\n|move|p2a: Toxapex|Knock Off|p1a: Garganacl\n|-damage|p1a: Garganacl|90\/100\n|-enditem|p1a: Garganacl|Leftovers|[from] move: Knock Off|[of] p2a: Toxapex\n|move|p1a: Garganacl|Salt Cure|p2a: Toxapex\n|-damage|p2a: Toxapex|78\/100\n|-start|p2a: Toxapex|Salt Cure\n|\n|-weather|none\n|-damage|p2a: Toxapex|54\/100|[from] Salt Cure\n|upkeep\n|turn|16\n|\n|t:|1700778211\n|switch|p2a: Corviknight|Corviknight, F|100\/100\n|-ability|p2a: Corviknight|Pressure\n|move|p1a: Garganacl|Iron Defense|p1a: Garganacl\n|-boost|p1a: Garganacl|def|2\n|\n|upkeep\n|turn|17\n|\n|t:|1700778214\n|move|p2a: Corviknight|Protect|p2a: Corviknight\n|-singleturn|p2a: Corviknight|Protect\n|move|p1a: Garganacl|Salt Cure|p2a: Corviknight\n|-activate|p2a: Corviknight|move: Protect\n|\n|upkeep\n|turn|18\n|\n|t:|1700778217\n|move|p2a: Corviknight|Iron Head|p1a: Garganacl\n|-supereffective|p1a: Garganacl\n|-damage|p1a: Garganacl|74\/100\n|move|p1a: Garganacl|Salt Cure|p2a: Corviknight\n|-damage|p2a: Corviknight|89\/100\n|-start|p2a: Corviknight|Salt Cure\n|\n|-heal|p2a: Corviknight|95\/100|[from] item: Leftovers\n|-damage|p2a: Corviknight|70\/100|[from] Salt Cure\n|upkeep\n|turn|19\n|\n|t:|1700778221\n|switch|p2a: Gliscor|Gliscor, M|100\/100 tox\n|move|p1a: Garganacl|Iron Defense|p1a: Garganacl\n|-boost|p1a: Garganacl|def|2\n|\n|upkeep\n|turn|20\n|\n|t:|1700778225\n|move|p2a: Gliscor|Spikes|p1a: Garganacl\n|-sidestart|p1: Momentai24|Spikes\n|move|p1a: Garganacl|Salt Cure|p2a: Gliscor\n|-damage|p2a: Gliscor|93\/100 tox\n|-start|p2a: Gliscor|Salt Cure\n|\n|-heal|p2a: Gliscor|100\/100 tox|[from] ability: Poison Heal\n|-damage|p2a: Gliscor|88\/100 tox|[from] Salt Cure\n|upkeep\n|turn|21\n|\n|t:|1700778228\n|switch|p2a: Toxapex|Toxapex, F|87\/100\n|move|p1a: Garganacl|Iron Defense|p1a: Garganacl\n|-boost|p1a: Garganacl|def|2\n|\n|upkeep\n|turn|22\n|\n|t:|1700778233\n|move|p2a: Toxapex|Baneful Bunker|p2a: Toxapex\n|-singleturn|p2a: Toxapex|move: Protect\n|move|p1a: Garganacl|Body Press|p2a: Toxapex\n|-activate|p2a: Toxapex|move: Protect\n|\n|upkeep\n|turn|23\n|\n|t:|1700778238\n|switch|p2a: Gliscor|Gliscor, M|88\/100 tox\n|move|p1a: Garganacl|Body Press|p2a: Gliscor\n|-resisted|p2a: Gliscor\n|-damage|p2a: Gliscor|61\/100 tox\n|\n|-heal|p2a: Gliscor|74\/100 tox|[from] ability: Poison Heal\n|upkeep\n|turn|24\n|\n|t:|1700778240\n|move|p2a: Gliscor|Protect|p2a: Gliscor\n|-singleturn|p2a: Gliscor|Protect\n|move|p1a: Garganacl|Salt Cure|p2a: Gliscor\n|-activate|p2a: Gliscor|move: Protect\n|\n|-heal|p2a: Gliscor|86\/100 tox|[from] ability: Poison Heal\n|upkeep\n|turn|25\n|\n|t:|1700778244\n|move|p2a: Gliscor|Earthquake|p1a: Garganacl\n|-supereffective|p1a: Garganacl\n|-damage|p1a: Garganacl|64\/100\n|move|p1a: Garganacl|Salt Cure|p2a: Gliscor\n|-damage|p2a: Gliscor|77\/100 tox\n|-start|p2a: Gliscor|Salt Cure\n|\n|-heal|p2a: Gliscor|89\/100 tox|[from] ability: Poison Heal\n|-damage|p2a: Gliscor|77\/100 tox|[from] Salt Cure\n|upkeep\n|turn|26\n|\n|t:|1700778248\n|switch|p2a: Toxapex|Toxapex, F|100\/100\n|move|p1a: Garganacl|Body Press|p2a: Toxapex\n|-resisted|p2a: Toxapex\n|-damage|p2a: Toxapex|73\/100\n|\n|upkeep\n|turn|27\n|\n|t:|1700778252\n|move|p2a: Toxapex|Baneful Bunker|p2a: Toxapex\n|-singleturn|p2a: Toxapex|move: Protect\n|move|p1a: Garganacl|Iron Defense|p1a: Garganacl\n|-boost|p1a: Garganacl|def|0\n|\n|upkeep\n|turn|28\n|\n|t:|1700778255\n|switch|p2a: Gliscor|Gliscor, M|77\/100 tox\n|move|p1a: Garganacl|Salt Cure|p2a: Gliscor\n|-damage|p2a: Gliscor|67\/100 tox\n|-start|p2a: Gliscor|Salt Cure\n|\n|-heal|p2a: Gliscor|80\/100 tox|[from] ability: Poison Heal\n|-damage|p2a: Gliscor|67\/100 tox|[from] Salt Cure\n|upkeep\n|turn|29\n|\n|t:|1700778257\n|switch|p2a: Toxapex|Toxapex, F|100\/100\n|move|p1a: Garganacl|Body Press|p2a: Toxapex\n|-resisted|p2a: Toxapex\n|-damage|p2a: Toxapex|70\/100\n|\n|upkeep\n|turn|30\n|\n|t:|1700778260\n|switch|p2a: Gliscor|Gliscor, M|67\/100 tox\n|move|p1a: Garganacl|Iron Defense|p1a: Garganacl\n|-boost|p1a: Garganacl|def|0\n|\n|-heal|p2a: Gliscor|80\/100 tox|[from] ability: Poison Heal\n|upkeep\n|turn|31\n|\n|t:|1700778264\n|move|p2a: Gliscor|Protect|p2a: Gliscor\n|-singleturn|p2a: Gliscor|Protect\n|move|p1a: Garganacl|Body Press|p2a: Gliscor\n|-activate|p2a: Gliscor|move: Protect\n|\n|-heal|p2a: Gliscor|92\/100 tox|[from] ability: Poison Heal\n|upkeep\n|turn|32\n|\n|t:|1700778266\n|move|p2a: Gliscor|Spikes|p1a: Garganacl\n|-sidestart|p1: Momentai24|Spikes\n|move|p1a: Garganacl|Salt Cure|p2a: Gliscor\n|-damage|p2a: Gliscor|83\/100 tox\n|-start|p2a: Gliscor|Salt Cure\n|\n|-heal|p2a: Gliscor|95\/100 tox|[from] ability: Poison Heal\n|-damage|p2a: Gliscor|83\/100 tox|[from] Salt Cure\n|upkeep\n|turn|33\n|\n|t:|1700778268\n|switch|p2a: Toxapex|Toxapex, F|100\/100\n|move|p1a: Garganacl|Salt Cure|p2a: Toxapex\n|-damage|p2a: Toxapex|92\/100\n|-start|p2a: Toxapex|Salt Cure\n|\n|-damage|p2a: Toxapex|67\/100|[from] Salt Cure\n|upkeep\n|turn|34\n|\n|t:|1700778272\n|switch|p2a: Gliscor|Gliscor, M|83\/100 tox\n|switch|p1a: Iron Treads|Iron Treads|100\/100\n|-damage|p1a: Iron Treads|84\/100|[from] Spikes\n|\n|-heal|p2a: Gliscor|95\/100 tox|[from] ability: Poison Heal\n|upkeep\n|turn|35\n|\n|t:|1700778276\n|move|p1a: Iron Treads|Rapid Spin|p2a: Gliscor\n|-damage|p2a: Gliscor|87\/100 tox\n|-boost|p1a: Iron Treads|spe|1\n|-sideend|p1: Momentai24|Spikes|[from] move: Rapid Spin|[of] p1a: Iron Treads\n|move|p2a: Gliscor|Earthquake|p1a: Iron Treads\n|-supereffective|p1a: Iron Treads\n|-damage|p1a: Iron Treads|33\/100\n|\n|-heal|p2a: Gliscor|99\/100 tox|[from] ability: Poison Heal\n|upkeep\n|turn|36\n|\n|t:|1700778280\n|-end|p1a: Iron Treads|Quark Drive|[silent]\n|switch|p1a: Tapu Fini|Tapu Fini, shiny|92\/100 tox\n|-fieldstart|move: Misty Terrain|[from] ability: Misty Surge|[of] p1a: Tapu Fini\n|move|p2a: Gliscor|Spikes|p1a: Tapu Fini\n|-sidestart|p1: Momentai24|Spikes\n|\n|-damage|p1a: Tapu Fini|86\/100 tox|[from] psn\n|-heal|p2a: Gliscor|100\/100 tox|[from] ability: Poison Heal\n|upkeep\n|turn|37\n|\n|t:|1700778284\n|switch|p2a: Toxapex|Toxapex, F|99\/100\n|move|p1a: Tapu Fini|Trick|p2a: Toxapex\n|-activate|p1a: Tapu Fini|move: Trick|[of] p2a: Toxapex\n|-item|p2a: Toxapex|Toxic Orb|[from] move: Trick\n|-item|p1a: Tapu Fini|Choice Scarf|[from] move: Trick\n|\n|-damage|p1a: Tapu Fini|74\/100 tox|[from] psn\n|upkeep\n|turn|38\n|\n|t:|1700778288\n|move|p2a: Toxapex|Baneful Bunker|p2a: Toxapex\n|-singleturn|p2a: Toxapex|move: Protect\n|move|p1a: Tapu Fini|Trick|p2a: Toxapex\n|-activate|p2a: Toxapex|move: Protect\n|\n|-damage|p1a: Tapu Fini|56\/100 tox|[from] psn\n|upkeep\n|turn|39\n|\n|t:|1700778290\n|switch|p2a: Tyranitar|Tyranitar-Mega, M|34\/100\n|-weather|Sandstorm|[from] ability: Sand Stream|[of] p2a: Tyranitar\n|move|p1a: Tapu Fini|Trick||[still]\n|-fail|p1a: Tapu Fini\n|\n|-weather|Sandstorm|[upkeep]\n|-damage|p1a: Tapu Fini|50\/100 tox|[from] Sandstorm\n|-damage|p1a: Tapu Fini|26\/100 tox|[from] psn\n|upkeep\n|turn|40\n|-message|Momentai24 forfeited.\n|\n|win|jkljlkh\n|raw|Momentai24's rating: 1564 &rarr; <strong>1559<\/strong><br \/>(-5 for losing)\n|raw|jkljlkh's rating: 1883 &rarr; <strong>1888<\/strong><br \/>(+5 for winning)\n|l|\u2606Momentai24\n|l|\u2606jkljlkh\n|j|\u2606jkljlkh\n|player|p2|jkljlkh|170\n","uploadtime":1700778341,"views":13,"p1id":"momentai24","p2id":"jkljlkh","formatid":"gen9nationaldex","rating":1559,"private":0,"password":""}