{"id":"gen9nationaldex-1997749018","p1":"Martu2863","p2":"AjoFC","format":"[Gen 9] National Dex","log":"|html|<div class=\"broadcast-blue\"><strong>[Gen 9] National Dex is currently suspecting Sneasler! For information on how to participate check out the <a href=\"https:\/\/www.smogon.com\/forums\/threads\/sv-national-dex-suspect-8-just-dance.3731534\/\">suspect thread<\/a>.<\/strong><\/div>\n|j|\u2606Martu2863\n|j|\u2606AjoFC\n|t:|1700848558\n|gametype|singles\n|player|p1|Martu2863|cynthia-gen4|\n|player|p2|AjoFC|juggler|\n|teamsize|p1|6\n|teamsize|p2|6\n|gen|9\n|tier|[Gen 9] National Dex\n|rule|HP Percentage Mod: HP is shown in percentages\n|rule|Endless Battle Clause: Forcing endless battles is banned\n|rule|OHKO Clause: OHKO moves are banned\n|rule|Evasion Clause: Evasion abilities, items, and moves are banned\n|rule|Evasion Abilities Clause: Evasion abilities are banned\n|rule|Evasion Items Clause: Evasion items are banned\n|rule|Evasion Moves Clause: Evasion moves are banned\n|rule|Species Clause: Limit one of each Pok\u00e9mon\n|rule|Sleep Clause Mod: Limit one foe put to sleep\n|clearpoke\n|poke|p1|Krookodile, F|\n|poke|p1|Moltres|\n|poke|p1|Tapu Fini|\n|poke|p1|Rillaboom, M|\n|poke|p1|Kartana|\n|poke|p1|Manectric, F|\n|poke|p2|Maushold-Four|\n|poke|p2|Lopunny, F|\n|poke|p2|Ditto|\n|poke|p2|Porygon-Z|\n|poke|p2|Zoroark-Hisui, M|\n|poke|p2|Dondozo, F|\n|teampreview\n|inactive|Battle timer is ON: inactive players will automatically lose when time's up. (requested by AjoFC)\n|c|\u2606Martu2863|Suerte\n|\n|t:|1700848586\n|start\n|switch|p1a: Zen|Manectric, F|100\/100\n|switch|p2a: Spamton|Porygon-Z|100\/100\n|turn|1\n|\n|t:|1700848597\n|detailschange|p1a: Zen|Manectric-Mega, F\n|-mega|p1a: Zen|Manectric|Manectite\n|-ability|p1a: Zen|Intimidate|boost\n|-unboost|p2a: Spamton|atk|1\n|move|p1a: Zen|Thunderbolt|p2a: Spamton\n|-damage|p2a: Spamton|35\/100\n|-zpower|p2a: Spamton\n|move|p2a: Spamton|Z-Conversion|p2a: Spamton|[anim]Conversion\n|-boost|p2a: Spamton|atk|1|[zeffect]\n|-boost|p2a: Spamton|def|1|[zeffect]\n|-boost|p2a: Spamton|spa|1|[zeffect]\n|-boost|p2a: Spamton|spd|1|[zeffect]\n|-boost|p2a: Spamton|spe|1|[zeffect]\n|-start|p2a: Spamton|typechange|Electric\n|\n|upkeep\n|turn|2\n|\n|t:|1700848613\n|move|p2a: Spamton|Recover|p2a: Spamton\n|-heal|p2a: Spamton|85\/100\n|move|p1a: Zen|Volt Switch|p2a: Spamton\n|-resisted|p2a: Spamton\n|-damage|p2a: Spamton|68\/100\n|\n|t:|1700848622\n|switch|p1a: Gavial|Krookodile, F|100\/100|[from] Volt Switch\n|-ability|p1a: Gavial|Intimidate|boost\n|-unboost|p2a: Spamton|atk|1\n|\n|upkeep\n|turn|3\n|\n|t:|1700848629\n|-terastallize|p1a: Gavial|Fighting\n|move|p1a: Gavial|Earthquake|p2a: Spamton\n|-supereffective|p2a: Spamton\n|-damage|p2a: Spamton|0 fnt\n|faint|p2a: Spamton\n|\n|upkeep\n|\n|t:|1700848653\n|switch|p2a: OwO|Lopunny, F|100\/100\n|turn|4\n|\n|t:|1700848657\n|switch|p1a: Fenix|Moltres|100\/100\n|detailschange|p2a: OwO|Lopunny-Mega, F\n|-mega|p2a: OwO|Lopunny|Lopunnite\n|move|p2a: OwO|Fake Out|p1a: Fenix\n|-damage|p1a: Fenix|85\/100\n|-status|p2a: OwO|brn|[from] ability: Flame Body|[of] p1a: Fenix\n|\n|-damage|p2a: OwO|95\/100 brn|[from] brn\n|upkeep\n|turn|5\n|c|\u2606AjoFC|Suerte igualmente\n|inactive|AjoFC has 270 seconds left.\n|\n|t:|1700848688\n|move|p2a: OwO|Ice Punch|p1a: Fenix\n|-damage|p1a: Fenix|76\/100\n|move|p1a: Fenix|Flamethrower|p2a: OwO\n|-damage|p2a: OwO|50\/100 brn\n|\n|-damage|p2a: OwO|44\/100 brn|[from] brn\n|upkeep\n|turn|6\n|\n|t:|1700848701\n|move|p2a: OwO|Close Combat|p1a: Fenix\n|-resisted|p1a: Fenix\n|-damage|p1a: Fenix|66\/100\n|-unboost|p2a: OwO|def|1\n|-unboost|p2a: OwO|spd|1\n|move|p1a: Fenix|Flamethrower|p2a: OwO\n|-damage|p2a: OwO|0 fnt\n|faint|p2a: OwO\n|\n|upkeep\n|\n|t:|1700848710\n|switch|p2a: Harvest|Maushold-Four|100\/100\n|turn|7\n|inactive|AjoFC has 270 seconds left.\n|\n|t:|1700848729\n|move|p2a: Harvest|Shadow Ball|p1a: Fenix\n|-damage|p1a: Fenix|25\/100\n|-unboost|p1a: Fenix|spd|1\n|move|p1a: Fenix|Will-O-Wisp|p2a: Harvest\n|-status|p2a: Harvest|brn\n|\n|-damage|p2a: Harvest|95\/100 brn|[from] brn\n|upkeep\n|turn|8\n|inactive|AjoFC has 270 seconds left.\n|\n|t:|1700848741\n|switch|p1a: Kanaloa|Tapu Fini|100\/100\n|-fieldstart|move: Misty Terrain|[from] ability: Misty Surge|[of] p1a: Kanaloa\n|move|p2a: Harvest|Shadow Ball|p1a: Kanaloa\n|-damage|p1a: Kanaloa|75\/100\n|\n|-heal|p1a: Kanaloa|81\/100|[from] item: Leftovers\n|-damage|p2a: Harvest|89\/100 brn|[from] brn\n|upkeep\n|turn|9\n|inactive|AjoFC has 270 seconds left.\n|\n|t:|1700848755\n|move|p2a: Harvest|Nasty Plot|p2a: Harvest\n|-boost|p2a: Harvest|spa|2\n|move|p1a: Kanaloa|Calm Mind|p1a: Kanaloa\n|-boost|p1a: Kanaloa|spa|1\n|-boost|p1a: Kanaloa|spd|1\n|\n|-heal|p1a: Kanaloa|87\/100|[from] item: Leftovers\n|-damage|p2a: Harvest|83\/100 brn|[from] brn\n|upkeep\n|turn|10\n|j| Danwine\n|inactive|AjoFC has 270 seconds left.\n|\n|t:|1700848774\n|move|p2a: Harvest|Shadow Ball|p1a: Kanaloa\n|-damage|p1a: Kanaloa|54\/100\n|move|p1a: Kanaloa|Draining Kiss|p2a: Harvest\n|-damage|p2a: Harvest|30\/100 brn\n|-heal|p1a: Kanaloa|82\/100|[from] drain|[of] p2a: Harvest\n|replace|p2a: MONDONGO|Zoroark-Hisui, M\n|-end|p2a: MONDONGO|Illusion\n|\n|-heal|p1a: Kanaloa|89\/100|[from] item: Leftovers\n|-damage|p2a: MONDONGO|24\/100 brn|[from] brn\n|upkeep\n|turn|11\n|inactive|AjoFC has 270 seconds left.\n|\n|t:|1700848786\n|move|p2a: MONDONGO|Shadow Ball|p1a: Kanaloa\n|-damage|p1a: Kanaloa|58\/100\n|move|p1a: Kanaloa|Draining Kiss|p2a: MONDONGO\n|-damage|p2a: MONDONGO|0 fnt\n|-heal|p1a: Kanaloa|71\/100|[from] drain|[of] p2a: MONDONGO\n|faint|p2a: MONDONGO\n|\n|-heal|p1a: Kanaloa|77\/100|[from] item: Leftovers\n|upkeep\n|\n|t:|1700848797\n|switch|p2a: Hola|Dondozo, F|100\/100\n|turn|12\n|\n|t:|1700848809\n|switch|p1a: Zen|Manectric-Mega, F|100\/100\n|-ability|p1a: Zen|Intimidate|boost\n|-unboost|p2a: Hola|atk|1\n|switch|p2a: Harvest|Maushold-Four|100\/100\n|\n|-fieldend|Misty Terrain\n|upkeep\n|turn|13\n|\n|t:|1700848827\n|move|p1a: Zen|Volt Switch|p2a: Harvest\n|-damage|p2a: Harvest|41\/100\n|\n|t:|1700848834\n|switch|p1a: Tarzan|Rillaboom, M|100\/100|[from] Volt Switch\n|-fieldstart|move: Grassy Terrain|[from] ability: Grassy Surge|[of] p1a: Tarzan\n|move|p2a: Harvest|Population Bomb|p1a: Tarzan\n|-damage|p1a: Tarzan|88\/100\n|-damage|p1a: Tarzan|75\/100\n|-crit|p1a: Tarzan\n|-damage|p1a: Tarzan|57\/100\n|-damage|p1a: Tarzan|44\/100\n|-crit|p1a: Tarzan\n|-damage|p1a: Tarzan|24\/100\n|-damage|p1a: Tarzan|12\/100\n|-damage|p1a: Tarzan|0 fnt\n|faint|p1a: Tarzan\n|-hitcount|p1: Tarzan|7\n|\n|-heal|p2a: Harvest|48\/100|[from] Grassy Terrain\n|upkeep\n|\n|t:|1700848845\n|switch|p1a: Kami|Kartana|100\/100\n|turn|14\n|inactive|AjoFC has 270 seconds left.\n|\n|t:|1700848874\n|switch|p2a: Hola|Dondozo, F|100\/100\n|move|p1a: Kami|Sacred Sword|p2a: Hola\n|-damage|p2a: Hola|75\/100\n|\n|-heal|p2a: Hola|82\/100|[from] Grassy Terrain\n|-heal|p2a: Hola|88\/100|[from] item: Leftovers\n|upkeep\n|turn|15\n|\n|t:|1700848885\n|move|p1a: Kami|Leaf Blade|p2a: Hola\n|-supereffective|p2a: Hola\n|-damage|p2a: Hola|0 fnt\n|faint|p2a: Hola\n|-ability|p1a: Kami|Beast Boost|boost\n|-boost|p1a: Kami|atk|1\n|\n|upkeep\n|\n|t:|1700848892\n|switch|p2a: Harvest|Maushold-Four|48\/100\n|turn|16\n|\n|t:|1700848899\n|switch|p1a: Zen|Manectric-Mega, F|100\/100\n|-ability|p1a: Zen|Intimidate|boost\n|-unboost|p2a: Harvest|atk|1\n|move|p2a: Harvest|Population Bomb|p1a: Zen\n|-damage|p1a: Zen|89\/100\n|-damage|p1a: Zen|78\/100\n|-damage|p1a: Zen|66\/100\n|-damage|p1a: Zen|54\/100\n|-damage|p1a: Zen|44\/100\n|-damage|p1a: Zen|34\/100\n|-damage|p1a: Zen|22\/100\n|-damage|p1a: Zen|11\/100\n|-damage|p1a: Zen|0 fnt\n|faint|p1a: Zen\n|-hitcount|p1: Zen|9\n|\n|-heal|p2a: Harvest|54\/100|[from] Grassy Terrain\n|upkeep\n|\n|t:|1700848906\n|switch|p1a: Gavial|Krookodile, F, tera:Fighting|100\/100\n|-ability|p1a: Gavial|Intimidate|boost\n|-unboost|p2a: Harvest|atk|1\n|turn|17\n|inactive|AjoFC has 270 seconds left.\n|\n|t:|1700848934\n|switch|p1a: Fenix|Moltres|25\/100\n|switch|p2a: SOY TU XD|Ditto|100\/100\n|-transform|p2a: SOY TU XD|p1a: Fenix|[from] ability: Imposter\n|\n|-fieldend|move: Grassy Terrain\n|upkeep\n|turn|18\n|\n|t:|1700848953\n|move|p1a: Fenix|Roost|p1a: Fenix\n|-heal|p1a: Fenix|75\/100\n|-singleturn|p1a: Fenix|move: Roost\n|move|p2a: SOY TU XD|Toxic|p1a: Fenix|[miss]\n|-miss|p2a: SOY TU XD|p1a: Fenix\n|\n|upkeep\n|turn|19\n|\n|t:|1700848960\n|switch|p1a: Kanaloa|Tapu Fini|77\/100\n|-fieldstart|move: Misty Terrain|[from] ability: Misty Surge|[of] p1a: Kanaloa\n|move|p2a: SOY TU XD|Toxic|p1a: Kanaloa\n|-activate|p1a: Kanaloa|move: Misty Terrain\n|\n|-heal|p1a: Kanaloa|83\/100|[from] item: Leftovers\n|upkeep\n|turn|20\n|inactive|AjoFC has 240 seconds left.\n|\n|t:|1700848993\n|switch|p2a: Harvest|Maushold-Four|54\/100\n|move|p1a: Kanaloa|Surf|p2a: Harvest\n|-damage|p2a: Harvest|6\/100\n|\n|-heal|p1a: Kanaloa|89\/100|[from] item: Leftovers\n|upkeep\n|turn|21\n|\n|t:|1700849007\n|move|p2a: Harvest|Population Bomb|p1a: Kanaloa|[miss]\n|-miss|p2a: Harvest|p1a: Kanaloa\n|move|p1a: Kanaloa|Draining Kiss|p2a: Harvest\n|-damage|p2a: Harvest|0 fnt\n|-heal|p1a: Kanaloa|93\/100|[from] drain|[of] p2a: Harvest\n|faint|p2a: Harvest\n|\n|-heal|p1a: Kanaloa|99\/100|[from] item: Leftovers\n|upkeep\n|c|\u2606AjoFC|Fallo un ataque de 1% de fallar \u2620\ufe0f\n|inactive|AjoFC has 210 seconds left.\n|\n|t:|1700849034\n|switch|p2a: SOY TU XD|Ditto|100\/100\n|-transform|p2a: SOY TU XD|p1a: Kanaloa|[from] ability: Imposter\n|turn|22\n|\n|t:|1700849043\n|move|p2a: SOY TU XD|Calm Mind|p2a: SOY TU XD\n|-boost|p2a: SOY TU XD|spa|1\n|-boost|p2a: SOY TU XD|spd|1\n|move|p1a: Kanaloa|Nature's Madness|p2a: SOY TU XD\n|-damage|p2a: SOY TU XD|50\/100\n|\n|-heal|p1a: Kanaloa|100\/100|[from] item: Leftovers\n|upkeep\n|turn|23\n|\n|t:|1700849055\n|switch|p1a: Fenix|Moltres|75\/100\n|move|p2a: SOY TU XD|Nature's Madness|p1a: Fenix\n|-damage|p1a: Fenix|38\/100\n|\n|-fieldend|Misty Terrain\n|upkeep\n|turn|24\n|\n|t:|1700849063\n|move|p1a: Fenix|Toxic|p2a: SOY TU XD\n|-status|p2a: SOY TU XD|tox\n|move|p2a: SOY TU XD|Surf|p1a: Fenix\n|-supereffective|p1a: Fenix\n|-damage|p1a: Fenix|0 fnt\n|faint|p1a: Fenix\n|\n|-damage|p2a: SOY TU XD|44\/100 tox|[from] psn\n|upkeep\n|\n|t:|1700849067\n|switch|p1a: Kanaloa|Tapu Fini|100\/100\n|-fieldstart|move: Misty Terrain|[from] ability: Misty Surge|[of] p1a: Kanaloa\n|turn|25\n|\n|t:|1700849076\n|move|p1a: Kanaloa|Nature's Madness|p2a: SOY TU XD\n|-damage|p2a: SOY TU XD|22\/100 tox\n|move|p2a: SOY TU XD|Nature's Madness|p1a: Kanaloa|[miss]\n|-miss|p2a: SOY TU XD|p1a: Kanaloa\n|\n|-damage|p2a: SOY TU XD|10\/100 tox|[from] psn\n|upkeep\n|turn|26\n|c|\u2606Martu2863|Gg\n|\n|t:|1700849089\n|move|p2a: SOY TU XD|Draining Kiss|p1a: Kanaloa\n|-damage|p1a: Kanaloa|86\/100\n|-heal|p2a: SOY TU XD|23\/100 tox|[from] drain|[of] p1a: Kanaloa\n|move|p1a: Kanaloa|Nature's Madness|p2a: SOY TU XD\n|-damage|p2a: SOY TU XD|12\/100 tox\n|\n|-heal|p1a: Kanaloa|92\/100|[from] item: Leftovers\n|-damage|p2a: SOY TU XD|0 fnt|[from] psn\n|faint|p2a: SOY TU XD\n|\n|win|Martu2863\n|upkeep\n|c|\u2606AjoFC|GG\n","uploadtime":1700849099,"views":1,"p1id":"martu2863","p2id":"ajofc","formatid":"gen9nationaldex","rating":0,"private":0,"password":""}