{"id":"gen9nationaldex-1987460225","p1":"TheQuobGobbler","p2":"Elscorchie","format":"[Gen 9] National Dex","log":"|j|\u2606TheQuobGobbler\n|j|\u2606Elscorchie\n|t:|1699595044\n|gametype|singles\n|player|p1|TheQuobGobbler|ghetsis|1151\n|player|p2|Elscorchie|lucas|1112\n|teamsize|p1|6\n|teamsize|p2|6\n|gen|9\n|tier|[Gen 9] National Dex\n|rated|\n|rule|HP Percentage Mod: HP is shown in percentages\n|rule|Endless Battle Clause: Forcing endless battles is banned\n|rule|OHKO Clause: OHKO moves are banned\n|rule|Evasion Clause: Evasion abilities, items, and moves are banned\n|rule|Evasion Abilities Clause: Evasion abilities are banned\n|rule|Evasion Items Clause: Evasion items are banned\n|rule|Evasion Moves Clause: Evasion moves are banned\n|rule|Species Clause: Limit one of each Pok\u00e9mon\n|rule|Sleep Clause Mod: Limit one foe put to sleep\n|clearpoke\n|poke|p1|Salazzle, F|\n|poke|p1|Magnemite, L1|\n|poke|p1|Probopass, L2, M|\n|poke|p1|Mandibuzz, F|\n|poke|p1|Nosepass, L1, F|\n|poke|p1|Tentacruel, M|\n|poke|p2|Volcarona, M|\n|poke|p2|Ceruledge, F|\n|poke|p2|Talonflame, M|\n|poke|p2|Infernape, F|\n|poke|p2|Incineroar, F|\n|poke|p2|Charizard, F|\n|teampreview\n|\n|t:|1699595074\n|start\n|switch|p1a: Click the \u274c|Nosepass, L1, F, shiny|100\/100\n|switch|p2a: Volcarona|Volcarona, M|100\/100\n|turn|1\n|inactive|Battle timer is ON: inactive players will automatically lose when time's up. (requested by Elscorchie)\n|\n|t:|1699595091\n|move|p2a: Volcarona|Giga Drain|p1a: Click the \u274c\n|-supereffective|p1a: Click the \u274c\n|-ability|p1a: Click the \u274c|Sturdy\n|-damage|p1a: Click the \u274c|10\/100\n|-enditem|p1a: Click the \u274c|Berry Juice\n|-heal|p1a: Click the \u274c|100\/100|[from] item: Berry Juice\n|move|p1a: Click the \u274c|Toxic|p2a: Volcarona\n|-status|p2a: Volcarona|tox\n|\n|-damage|p2a: Volcarona|94\/100 tox|[from] psn\n|upkeep\n|turn|2\n|\n|t:|1699595114\n|move|p2a: Volcarona|Giga Drain|p1a: Click the \u274c\n|-supereffective|p1a: Click the \u274c\n|-ability|p1a: Click the \u274c|Sturdy\n|-damage|p1a: Click the \u274c|10\/100\n|-heal|p2a: Volcarona|96\/100 tox|[from] drain|[of] p1a: Click the \u274c\n|move|p1a: Click the \u274c|Pain Split|p2a: Volcarona\n|-sethp|p2a: Volcarona|48\/100 tox|[from] move: Pain Split|[silent]\n|-sethp|p1a: Click the \u274c|100\/100|[from] move: Pain Split\n|\n|-damage|p2a: Volcarona|36\/100 tox|[from] psn\n|upkeep\n|turn|3\n|\n|t:|1699595119\n|move|p2a: Volcarona|Giga Drain|p1a: Click the \u274c\n|-supereffective|p1a: Click the \u274c\n|-ability|p1a: Click the \u274c|Sturdy\n|-damage|p1a: Click the \u274c|10\/100\n|-heal|p2a: Volcarona|38\/100 tox|[from] drain|[of] p1a: Click the \u274c\n|move|p1a: Click the \u274c|Pain Split|p2a: Volcarona\n|-sethp|p2a: Volcarona|19\/100 tox|[from] move: Pain Split|[silent]\n|-sethp|p1a: Click the \u274c|100\/100|[from] move: Pain Split\n|\n|-damage|p2a: Volcarona|1\/100 tox|[from] psn\n|upkeep\n|turn|4\n|\n|t:|1699595131\n|move|p1a: Click the \u274c|Protect|p1a: Click the \u274c\n|-singleturn|p1a: Click the \u274c|Protect\n|move|p2a: Volcarona|Fiery Dance|p1a: Click the \u274c\n|-activate|p1a: Click the \u274c|move: Protect\n|\n|-damage|p2a: Volcarona|0 fnt|[from] psn\n|faint|p2a: Volcarona\n|upkeep\n|\n|t:|1699595140\n|switch|p2a: Talonflame|Talonflame, M|100\/100\n|turn|5\n|\n|t:|1699595149\n|switch|p1a: No Fun Allowed|Salazzle, F|100\/100\n|move|p2a: Talonflame|Dual Wingbeat|p1a: No Fun Allowed\n|-damage|p1a: No Fun Allowed|67\/100\n|-damage|p1a: No Fun Allowed|34\/100\n|-hitcount|p1a: No Fun Allowed|2\n|\n|-heal|p1a: No Fun Allowed|40\/100|[from] item: Leftovers\n|upkeep\n|turn|6\n|\n|t:|1699595158\n|switch|p2a: Infernape|Infernape, F|100\/100\n|move|p1a: No Fun Allowed|Protect||[still]\n|-fail|p1a: No Fun Allowed\n|\n|-heal|p1a: No Fun Allowed|46\/100|[from] item: Leftovers\n|upkeep\n|turn|7\n|\n|t:|1699595162\n|move|p1a: No Fun Allowed|Protect|p1a: No Fun Allowed\n|-singleturn|p1a: No Fun Allowed|Protect\n|move|p2a: Infernape|Calm Mind|p2a: Infernape\n|-boost|p2a: Infernape|spa|1\n|-boost|p2a: Infernape|spd|1\n|\n|-heal|p1a: No Fun Allowed|52\/100|[from] item: Leftovers\n|upkeep\n|turn|8\n|\n|t:|1699595170\n|move|p1a: No Fun Allowed|Substitute|p1a: No Fun Allowed\n|-start|p1a: No Fun Allowed|Substitute\n|-damage|p1a: No Fun Allowed|28\/100\n|-zpower|p2a: Infernape\n|move|p2a: Infernape|Inferno Overdrive|p1a: No Fun Allowed|[zeffect]\n|-resisted|p1a: No Fun Allowed\n|-end|p1a: No Fun Allowed|Substitute\n|\n|-heal|p1a: No Fun Allowed|34\/100|[from] item: Leftovers\n|upkeep\n|turn|9\n|\n|t:|1699595174\n|move|p1a: No Fun Allowed|Protect|p1a: No Fun Allowed\n|-singleturn|p1a: No Fun Allowed|Protect\n|move|p2a: Infernape|Fire Blast|p1a: No Fun Allowed\n|-activate|p1a: No Fun Allowed|move: Protect\n|\n|-heal|p1a: No Fun Allowed|40\/100|[from] item: Leftovers\n|upkeep\n|turn|10\n|\n|t:|1699595178\n|switch|p1a: Sh\ud83d\udca9tsquid|Tentacruel, M|100\/100\n|move|p2a: Infernape|Fire Blast|p1a: Sh\ud83d\udca9tsquid|[miss]\n|-miss|p2a: Infernape|p1a: Sh\ud83d\udca9tsquid\n|\n|upkeep\n|turn|11\n|\n|t:|1699595188\n|switch|p2a: Charizard|Charizard, F|100\/100\n|move|p1a: Sh\ud83d\udca9tsquid|Toxic|p2a: Charizard\n|-status|p2a: Charizard|tox\n|\n|-damage|p2a: Charizard|94\/100 tox|[from] psn\n|upkeep\n|turn|12\n|\n|t:|1699595197\n|switch|p1a: Literally Level 1|Magnemite, L1|100\/100\n|detailschange|p2a: Charizard|Charizard-Mega-X, F\n|-mega|p2a: Charizard|Charizard|Charizardite X\n|move|p2a: Charizard|Dragon Dance|p2a: Charizard\n|-boost|p2a: Charizard|atk|1\n|-boost|p2a: Charizard|spe|1\n|\n|-damage|p2a: Charizard|82\/100 tox|[from] psn\n|upkeep\n|turn|13\n|inactive|Elscorchie has 120 seconds left.\n|c|\u2606TheQuobGobbler|gg\n|\n|t:|1699595244\n|switch|p2a: Incineroar|Incineroar, F|100\/100\n|-ability|p2a: Incineroar|Intimidate|boost\n|-unboost|p1a: Literally Level 1|atk|1\n|move|p1a: Literally Level 1|Protect||[still]\n|-fail|p1a: Literally Level 1\n|\n|upkeep\n|turn|14\n|\n|t:|1699595260\n|move|p1a: Literally Level 1|Protect|p1a: Literally Level 1\n|-singleturn|p1a: Literally Level 1|Protect\n|move|p2a: Incineroar|Will-O-Wisp|p1a: Literally Level 1\n|-activate|p1a: Literally Level 1|move: Protect\n|\n|upkeep\n|turn|15\n|\n|t:|1699595264\n|switch|p1a: No Fun Allowed|Salazzle, F|40\/100\n|move|p2a: Incineroar|Will-O-Wisp|p1a: No Fun Allowed\n|-immune|p1a: No Fun Allowed\n|\n|-heal|p1a: No Fun Allowed|46\/100|[from] item: Leftovers\n|upkeep\n|turn|16\n|\n|t:|1699595269\n|move|p1a: No Fun Allowed|Protect|p1a: No Fun Allowed\n|-singleturn|p1a: No Fun Allowed|Protect\n|move|p2a: Incineroar|Darkest Lariat|p1a: No Fun Allowed\n|-activate|p1a: No Fun Allowed|move: Protect\n|\n|-heal|p1a: No Fun Allowed|52\/100|[from] item: Leftovers\n|upkeep\n|turn|17\n|\n|t:|1699595280\n|switch|p1a: Sh\ud83d\udca9tbird|Mandibuzz, F|100\/100\n|move|p2a: Incineroar|Darkest Lariat|p1a: Sh\ud83d\udca9tbird\n|-resisted|p1a: Sh\ud83d\udca9tbird\n|-damage|p1a: Sh\ud83d\udca9tbird|88\/100\n|\n|upkeep\n|turn|18\n|\n|t:|1699595288\n|move|p1a: Sh\ud83d\udca9tbird|Toxic|p2a: Incineroar\n|-status|p2a: Incineroar|tox\n|move|p2a: Incineroar|Parting Shot|p1a: Sh\ud83d\udca9tbird\n|-unboost|p1a: Sh\ud83d\udca9tbird|atk|1\n|-unboost|p1a: Sh\ud83d\udca9tbird|spa|1\n|\n|t:|1699595310\n|switch|p2a: Charizard|Charizard-Mega-X, F|82\/100 tox|[from] Parting Shot\n|\n|-damage|p2a: Charizard|76\/100 tox|[from] psn\n|upkeep\n|turn|19\n|\n|t:|1699595315\n|move|p2a: Charizard|Dragon Claw|p1a: Sh\ud83d\udca9tbird\n|-damage|p1a: Sh\ud83d\udca9tbird|60\/100\n|move|p1a: Sh\ud83d\udca9tbird|Foul Play|p2a: Charizard\n|-damage|p2a: Charizard|25\/100 tox\n|\n|-damage|p2a: Charizard|13\/100 tox|[from] psn\n|upkeep\n|turn|20\n|\n|t:|1699595333\n|move|p2a: Charizard|Flare Blitz|p1a: Sh\ud83d\udca9tbird\n|-damage|p1a: Sh\ud83d\udca9tbird|18\/100\n|-damage|p2a: Charizard|0 fnt|[from] Recoil\n|faint|p2a: Charizard\n|move|p1a: Sh\ud83d\udca9tbird|Roost|p1a: Sh\ud83d\udca9tbird\n|-heal|p1a: Sh\ud83d\udca9tbird|68\/100\n|-singleturn|p1a: Sh\ud83d\udca9tbird|move: Roost\n|\n|upkeep\n|\n|t:|1699595338\n|switch|p2a: Ceruledge|Ceruledge, F|100\/100\n|turn|21\n|\n|t:|1699595347\n|-terastallize|p2a: Ceruledge|Fire\n|move|p2a: Ceruledge|Bitter Blade|p1a: Sh\ud83d\udca9tbird\n|-damage|p1a: Sh\ud83d\udca9tbird|28\/100\n|move|p1a: Sh\ud83d\udca9tbird|Foul Play|p2a: Ceruledge\n|-damage|p2a: Ceruledge|32\/100\n|-ability|p2a: Ceruledge|Weak Armor|boost\n|-unboost|p2a: Ceruledge|def|1\n|-boost|p2a: Ceruledge|spe|2\n|\n|upkeep\n|turn|22\n|\n|t:|1699595357\n|switch|p1a: Literally Level 1|Magnemite, L1|100\/100\n|move|p2a: Ceruledge|Bitter Blade|p1a: Literally Level 1\n|-supereffective|p1a: Literally Level 1\n|-ability|p1a: Literally Level 1|Sturdy\n|-damage|p1a: Literally Level 1|10\/100\n|-heal|p2a: Ceruledge|34\/100|[from] drain|[of] p1a: Literally Level 1\n|-enditem|p1a: Literally Level 1|Berry Juice\n|-heal|p1a: Literally Level 1|100\/100|[from] item: Berry Juice\n|\n|upkeep\n|turn|23\n|\n|t:|1699595375\n|switch|p2a: Incineroar|Incineroar, F|100\/100 tox\n|-ability|p2a: Incineroar|Intimidate|boost\n|-unboost|p1a: Literally Level 1|atk|1\n|move|p1a: Literally Level 1|Recycle|p1a: Literally Level 1\n|-item|p1a: Literally Level 1|Berry Juice|[from] move: Recycle\n|\n|-damage|p2a: Incineroar|94\/100 tox|[from] psn\n|upkeep\n|turn|24\n|\n|t:|1699595379\n|move|p1a: Literally Level 1|Protect|p1a: Literally Level 1\n|-singleturn|p1a: Literally Level 1|Protect\n|move|p2a: Incineroar|Will-O-Wisp|p1a: Literally Level 1\n|-activate|p1a: Literally Level 1|move: Protect\n|\n|-damage|p2a: Incineroar|82\/100 tox|[from] psn\n|upkeep\n|turn|25\n|\n|t:|1699595383\n|switch|p1a: Sh\ud83d\udca9tbird|Mandibuzz, F|28\/100\n|move|p2a: Incineroar|Will-O-Wisp|p1a: Sh\ud83d\udca9tbird\n|-status|p1a: Sh\ud83d\udca9tbird|brn\n|\n|-damage|p2a: Incineroar|64\/100 tox|[from] psn\n|-damage|p1a: Sh\ud83d\udca9tbird|22\/100 brn|[from] brn\n|upkeep\n|turn|26\n|\n|t:|1699595392\n|move|p1a: Sh\ud83d\udca9tbird|Roost|p1a: Sh\ud83d\udca9tbird\n|-heal|p1a: Sh\ud83d\udca9tbird|72\/100 brn\n|-singleturn|p1a: Sh\ud83d\udca9tbird|move: Roost\n|move|p2a: Incineroar|Flare Blitz|p1a: Sh\ud83d\udca9tbird\n|-damage|p1a: Sh\ud83d\udca9tbird|35\/100 brn\n|-damage|p2a: Incineroar|49\/100 tox|[from] Recoil\n|\n|-damage|p2a: Incineroar|25\/100 tox|[from] psn\n|-damage|p1a: Sh\ud83d\udca9tbird|29\/100 brn|[from] brn\n|upkeep\n|turn|27\n|\n|t:|1699595414\n|move|p1a: Sh\ud83d\udca9tbird|Roost|p1a: Sh\ud83d\udca9tbird\n|-heal|p1a: Sh\ud83d\udca9tbird|79\/100 brn\n|-singleturn|p1a: Sh\ud83d\udca9tbird|move: Roost\n|move|p2a: Incineroar|Flare Blitz|p1a: Sh\ud83d\udca9tbird\n|-damage|p1a: Sh\ud83d\udca9tbird|43\/100 brn\n|-damage|p2a: Incineroar|10\/100 tox|[from] Recoil\n|\n|-damage|p2a: Incineroar|0 fnt|[from] psn\n|faint|p2a: Incineroar\n|-damage|p1a: Sh\ud83d\udca9tbird|37\/100 brn|[from] brn\n|upkeep\n|\n|t:|1699595426\n|switch|p2a: Ceruledge|Ceruledge, F, tera:Fire|34\/100\n|turn|28\n|\n|t:|1699595430\n|switch|p1a: Literally Level 1|Magnemite, L1|100\/100\n|move|p2a: Ceruledge|Bitter Blade|p1a: Literally Level 1\n|-supereffective|p1a: Literally Level 1\n|-ability|p1a: Literally Level 1|Sturdy\n|-damage|p1a: Literally Level 1|10\/100\n|-heal|p2a: Ceruledge|36\/100|[from] drain|[of] p1a: Literally Level 1\n|-enditem|p1a: Literally Level 1|Berry Juice\n|-heal|p1a: Literally Level 1|100\/100|[from] item: Berry Juice\n|\n|upkeep\n|turn|29\n|\n|t:|1699595435\n|switch|p2a: Infernape|Infernape, F|100\/100\n|move|p1a: Literally Level 1|Recycle|p1a: Literally Level 1\n|-item|p1a: Literally Level 1|Berry Juice|[from] move: Recycle\n|\n|upkeep\n|turn|30\n|\n|t:|1699595447\n|switch|p2a: Talonflame|Talonflame, M|100\/100\n|move|p1a: Literally Level 1|Toxic|p2a: Talonflame|[miss]\n|-miss|p1a: Literally Level 1|p2a: Talonflame\n|\n|upkeep\n|turn|31\n|\n|t:|1699595450\n|move|p2a: Talonflame|Dual Wingbeat|p1a: Literally Level 1\n|-resisted|p1a: Literally Level 1\n|-ability|p1a: Literally Level 1|Sturdy\n|-damage|p1a: Literally Level 1|10\/100\n|-enditem|p1a: Literally Level 1|Berry Juice\n|-heal|p1a: Literally Level 1|100\/100|[from] item: Berry Juice\n|-resisted|p1a: Literally Level 1\n|-ability|p1a: Literally Level 1|Sturdy\n|-damage|p1a: Literally Level 1|10\/100\n|-hitcount|p1a: Literally Level 1|2\n|move|p1a: Literally Level 1|Toxic|p2a: Talonflame\n|-status|p2a: Talonflame|tox\n|\n|-damage|p2a: Talonflame|94\/100 tox|[from] psn\n|upkeep\n|turn|32\n|\n|t:|1699595457\n|move|p1a: Literally Level 1|Protect|p1a: Literally Level 1\n|-singleturn|p1a: Literally Level 1|Protect\n|move|p2a: Talonflame|Flare Blitz|p1a: Literally Level 1\n|-activate|p1a: Literally Level 1|move: Protect\n|\n|-damage|p2a: Talonflame|82\/100 tox|[from] psn\n|upkeep\n|turn|33\n|\n|t:|1699595470\n|move|p1a: Literally Level 1|Protect||[still]\n|-fail|p1a: Literally Level 1\n|move|p2a: Talonflame|Flare Blitz|p1a: Literally Level 1\n|-supereffective|p1a: Literally Level 1\n|-damage|p1a: Literally Level 1|0 fnt\n|faint|p1a: Literally Level 1\n|-damage|p2a: Talonflame|82\/100 tox|[from] Recoil\n|\n|-damage|p2a: Talonflame|64\/100 tox|[from] psn\n|upkeep\n|\n|t:|1699595474\n|switch|p1a: Sh\ud83d\udca9tbird|Mandibuzz, F|37\/100 brn\n|turn|34\n|\n|t:|1699595485\n|switch|p2a: Infernape|Infernape, F|100\/100\n|move|p1a: Sh\ud83d\udca9tbird|Roost|p1a: Sh\ud83d\udca9tbird\n|-heal|p1a: Sh\ud83d\udca9tbird|87\/100 brn\n|-singleturn|p1a: Sh\ud83d\udca9tbird|move: Roost\n|\n|-damage|p1a: Sh\ud83d\udca9tbird|81\/100 brn|[from] brn\n|upkeep\n|turn|35\n|\n|t:|1699595490\n|move|p2a: Infernape|Calm Mind|p2a: Infernape\n|-boost|p2a: Infernape|spa|1\n|-boost|p2a: Infernape|spd|1\n|move|p1a: Sh\ud83d\udca9tbird|Toxic|p2a: Infernape\n|-status|p2a: Infernape|tox\n|\n|-damage|p2a: Infernape|94\/100 tox|[from] psn\n|-damage|p1a: Sh\ud83d\udca9tbird|74\/100 brn|[from] brn\n|upkeep\n|turn|36\n|\n|t:|1699595496\n|move|p2a: Infernape|Fire Blast|p1a: Sh\ud83d\udca9tbird\n|-damage|p1a: Sh\ud83d\udca9tbird|24\/100 brn\n|move|p1a: Sh\ud83d\udca9tbird|Roost|p1a: Sh\ud83d\udca9tbird\n|-heal|p1a: Sh\ud83d\udca9tbird|74\/100 brn\n|-singleturn|p1a: Sh\ud83d\udca9tbird|move: Roost\n|\n|-damage|p2a: Infernape|82\/100 tox|[from] psn\n|-damage|p1a: Sh\ud83d\udca9tbird|68\/100 brn|[from] brn\n|upkeep\n|turn|37\n|\n|t:|1699595504\n|switch|p1a: Click the \u274c|Nosepass, L1, F, shiny|100\/100\n|move|p2a: Infernape|Calm Mind|p2a: Infernape\n|-boost|p2a: Infernape|spa|1\n|-boost|p2a: Infernape|spd|1\n|\n|-damage|p2a: Infernape|63\/100 tox|[from] psn\n|upkeep\n|turn|38\n|\n|t:|1699595513\n|move|p2a: Infernape|Vacuum Wave|p1a: Click the \u274c\n|-supereffective|p1a: Click the \u274c\n|-ability|p1a: Click the \u274c|Sturdy\n|-damage|p1a: Click the \u274c|10\/100\n|move|p1a: Click the \u274c|Pain Split|p2a: Infernape\n|-sethp|p2a: Infernape|32\/100 tox|[from] move: Pain Split|[silent]\n|-sethp|p1a: Click the \u274c|100\/100|[from] move: Pain Split\n|\n|-damage|p2a: Infernape|7\/100 tox|[from] psn\n|upkeep\n|turn|39\n|\n|t:|1699595521\n|move|p2a: Infernape|Fire Blast|p1a: Click the \u274c\n|-resisted|p1a: Click the \u274c\n|-ability|p1a: Click the \u274c|Sturdy\n|-damage|p1a: Click the \u274c|10\/100\n|move|p1a: Click the \u274c|Pain Split|p2a: Infernape\n|-sethp|p2a: Infernape|4\/100 tox|[from] move: Pain Split|[silent]\n|-sethp|p1a: Click the \u274c|100\/100|[from] move: Pain Split\n|\n|-damage|p2a: Infernape|0 fnt|[from] psn\n|faint|p2a: Infernape\n|upkeep\n|\n|t:|1699595530\n|switch|p2a: Talonflame|Talonflame, M|64\/100 tox\n|turn|40\n|\n|t:|1699595535\n|move|p1a: Click the \u274c|Protect|p1a: Click the \u274c\n|-singleturn|p1a: Click the \u274c|Protect\n|move|p2a: Talonflame|Dual Wingbeat|p1a: Click the \u274c\n|-activate|p1a: Click the \u274c|move: Protect\n|\n|-damage|p2a: Talonflame|58\/100 tox|[from] psn\n|upkeep\n|turn|41\n|\n|t:|1699595541\n|switch|p1a: Sh\ud83d\udca9tbird|Mandibuzz, F|68\/100 brn\n|move|p2a: Talonflame|Dual Wingbeat|p1a: Sh\ud83d\udca9tbird\n|-damage|p1a: Sh\ud83d\udca9tbird|59\/100 brn\n|-damage|p1a: Sh\ud83d\udca9tbird|49\/100 brn\n|-hitcount|p1a: Sh\ud83d\udca9tbird|2\n|\n|-damage|p2a: Talonflame|46\/100 tox|[from] psn\n|-damage|p1a: Sh\ud83d\udca9tbird|43\/100 brn|[from] brn\n|upkeep\n|turn|42\n|-message|Elscorchie forfeited.\n|\n|win|TheQuobGobbler\n|raw|TheQuobGobbler's rating: 1174 &rarr; <strong>1195<\/strong><br \/>(+21 for winning)\n|raw|Elscorchie's rating: 1112 &rarr; <strong>1091<\/strong><br \/>(-21 for losing)\n|l|\u2606Elscorchie\n","uploadtime":1699595549,"views":5,"p1id":"thequobgobbler","p2id":"elscorchie","formatid":"gen9nationaldex","rating":1091,"private":0,"password":""}