{"id":"gen9nationaldex-1988364042","p1":"southeast sirius","p2":"cocakk","format":"[Gen 9] National Dex","log":"|j|\u2606southeast sirius\n|j|\u2606cocakk\n|t:|1699714281\n|gametype|singles\n|player|p1|southeast sirius|swimmerf-gen6|1620\n|player|p2|cocakk|2|1679\n|teamsize|p1|6\n|teamsize|p2|6\n|gen|9\n|tier|[Gen 9] National Dex\n|rated|\n|rule|HP Percentage Mod: HP is shown in percentages\n|rule|Endless Battle Clause: Forcing endless battles is banned\n|rule|OHKO Clause: OHKO moves are banned\n|rule|Evasion Clause: Evasion abilities, items, and moves are banned\n|rule|Evasion Abilities Clause: Evasion abilities are banned\n|rule|Evasion Items Clause: Evasion items are banned\n|rule|Evasion Moves Clause: Evasion moves are banned\n|rule|Species Clause: Limit one of each Pok\u00e9mon\n|rule|Sleep Clause Mod: Limit one foe put to sleep\n|clearpoke\n|poke|p1|Lopunny, F|\n|poke|p1|Gliscor, F|\n|poke|p1|Cresselia, F|\n|poke|p1|Clefable, M|\n|poke|p1|Garganacl, M|\n|poke|p1|Toxapex, F|\n|poke|p2|Iron Treads|\n|poke|p2|Pinsir, F|\n|poke|p2|Tapu Koko|\n|poke|p2|Sneasler, M|\n|poke|p2|Magnezone|\n|poke|p2|Staraptor, F|\n|teampreview\n|inactive|Battle timer is ON: inactive players will automatically lose when time's up. (requested by cocakk)\n|c|\u2606southeast sirius|\u7528\u6211\u7684\u961f\n|c|\u2606southeast sirius|\u725b\u903c\n|c|\u2606cocakk|\u5443\u5443\n|c|\u2606cocakk|\u4f60\u8fd9\u4e2a\u4e0d\u662f\u88ab\u4e71\u521b\n|\n|t:|1699714315\n|start\n|switch|p1a: Lopunny|Lopunny, F|100\/100\n|switch|p2a: Iron Treads|Iron Treads|100\/100\n|-item|p2a: Iron Treads|Air Balloon\n|turn|1\n|c|\u2606cocakk|\u4f60\u8fd9\u4e2a\u4e0d\u662f\u88ab\u4e71\u521b\n|c|\u2606southeast sirius|\u662f\u8fd9\u6837\u7684\n|c|\u2606southeast sirius|\u4f46\u662f\u8fd8\u662f\u6253\u4e00\u4e0b\n|\n|t:|1699714348\n|detailschange|p1a: Lopunny|Lopunny-Mega, F\n|-mega|p1a: Lopunny|Lopunny|Lopunnite\n|move|p1a: Lopunny|Close Combat|p2a: Iron Treads\n|-supereffective|p2a: Iron Treads\n|-damage|p2a: Iron Treads|0 fnt\n|-unboost|p1a: Lopunny|def|1\n|-unboost|p1a: Lopunny|spd|1\n|-enditem|p2a: Iron Treads|Air Balloon\n|faint|p2a: Iron Treads\n|-end|p2a: Iron Treads|Quark Drive|[silent]\n|\n|upkeep\n|c|\u2606southeast sirius|lol\n|\n|t:|1699714352\n|switch|p2a: Tapu Koko|Tapu Koko|100\/100\n|-fieldstart|move: Electric Terrain|[from] ability: Electric Surge|[of] p2a: Tapu Koko\n|turn|2\n|\n|t:|1699714372\n|move|p2a: Tapu Koko|Hidden Power|p1a: Lopunny\n|-damage|p1a: Lopunny|69\/100\n|move|p1a: Lopunny|Frustration|p2a: Tapu Koko\n|-damage|p2a: Tapu Koko|26\/100\n|\n|upkeep\n|turn|3\n|c|\u2606southeast sirius|\u8fd9\u628a\u76f4\u63a5\u5192\u8fdb\n|\n|t:|1699714382\n|switch|p2a: Sneasler|Sneasler, M|100\/100\n|-enditem|p2a: Sneasler|Electric Seed\n|-boost|p2a: Sneasler|def|1|[from] item: Electric Seed\n|move|p1a: Lopunny|Quick Attack|p2a: Sneasler\n|-damage|p2a: Sneasler|77\/100\n|\n|upkeep\n|turn|4\n|\n|t:|1699714390\n|switch|p1a: Toxapex|Toxapex, F|100\/100\n|move|p2a: Sneasler|Swords Dance|p2a: Sneasler\n|-boost|p2a: Sneasler|atk|2\n|\n|upkeep\n|turn|5\n|\n|t:|1699714394\n|move|p2a: Sneasler|Acrobatics|p1a: Toxapex\n|-damage|p1a: Toxapex|54\/100\n|-damage|p2a: Sneasler|60\/100|[from] item: Rocky Helmet|[of] p1a: Toxapex\n|move|p1a: Toxapex|Haze|p1a: Toxapex\n|-clearallboost\n|\n|upkeep\n|turn|6\n|\n|t:|1699714400\n|move|p2a: Sneasler|Swords Dance|p2a: Sneasler\n|-boost|p2a: Sneasler|atk|2\n|move|p1a: Toxapex|Recover|p1a: Toxapex\n|-heal|p1a: Toxapex|100\/100\n|\n|-fieldend|move: Electric Terrain\n|upkeep\n|turn|7\n|\n|t:|1699714405\n|move|p2a: Sneasler|Dire Claw|p1a: Toxapex\n|-resisted|p1a: Toxapex\n|-damage|p1a: Toxapex|78\/100\n|-status|p1a: Toxapex|par\n|-damage|p2a: Sneasler|43\/100|[from] item: Rocky Helmet|[of] p1a: Toxapex\n|move|p1a: Toxapex|Haze|p1a: Toxapex\n|-clearallboost\n|\n|upkeep\n|turn|8\n|c|\u2606southeast sirius|\u516d\n|\n|t:|1699714415\n|move|p2a: Sneasler|Swords Dance|p2a: Sneasler\n|-boost|p2a: Sneasler|atk|2\n|cant|p1a: Toxapex|par\n|\n|upkeep\n|turn|9\n|c|\u2606southeast sirius|\u516d\n|c|\u2606cocakk|\u975e\u5e38\u597d\u5bf9\u5c40 \u8fd9\u4f7f\u6211\u8d85\u574f\u661f\u9ebb\u75f9\n|\n|t:|1699714428\n|move|p2a: Sneasler|Acrobatics|p1a: Toxapex\n|-damage|p1a: Toxapex|28\/100 par\n|-damage|p2a: Sneasler|27\/100|[from] item: Rocky Helmet|[of] p1a: Toxapex\n|move|p1a: Toxapex|Scald|p2a: Sneasler\n|-damage|p2a: Sneasler|3\/100\n|\n|upkeep\n|turn|10\n|\n|t:|1699714433\n|move|p2a: Sneasler|Acrobatics|p1a: Toxapex\n|-damage|p1a: Toxapex|0 fnt\n|-damage|p2a: Sneasler|0 fnt|[from] item: Rocky Helmet|[of] p1a: Toxapex\n|faint|p1a: Toxapex\n|faint|p2a: Sneasler\n|\n|upkeep\n|\n|t:|1699714445\n|switch|p2a: Magnezone|Magnezone|100\/100\n|switch|p1a: Lopunny|Lopunny-Mega, F|69\/100\n|turn|11\n|\n|t:|1699714451\n|move|p1a: Lopunny|Fake Out|p2a: Magnezone\n|-resisted|p2a: Magnezone\n|-damage|p2a: Magnezone|89\/100\n|cant|p2a: Magnezone|flinch\n|\n|upkeep\n|turn|12\n|\n|t:|1699714459\n|switch|p1a: Gliscor|Gliscor, F|100\/100\n|switch|p2a: Pinsir|Pinsir, F|100\/100\n|\n|-status|p1a: Gliscor|tox|[from] item: Toxic Orb\n|upkeep\n|turn|13\n|\n|t:|1699714464\n|detailschange|p2a: Pinsir|Pinsir-Mega, F\n|-mega|p2a: Pinsir|Pinsir|Pinsirite\n|move|p2a: Pinsir|Swords Dance|p2a: Pinsir\n|-boost|p2a: Pinsir|atk|2\n|move|p1a: Gliscor|Toxic|p2a: Pinsir\n|-status|p2a: Pinsir|tox\n|\n|-damage|p2a: Pinsir|95\/100 tox|[from] psn\n|upkeep\n|turn|14\n|\n|t:|1699714475\n|move|p2a: Pinsir|Frustration|p1a: Gliscor\n|-damage|p1a: Gliscor|0 fnt\n|faint|p1a: Gliscor\n|\n|-damage|p2a: Pinsir|83\/100 tox|[from] psn\n|upkeep\n|\n|t:|1699714488\n|switch|p1a: Clefable|Clefable, M|100\/100\n|turn|15\n|\n|t:|1699714494\n|switch|p2a: Magnezone|Magnezone|89\/100\n|move|p1a: Clefable|Soft-Boiled||[still]\n|-fail|p1a: Clefable|heal\n|\n|upkeep\n|turn|16\n|\n|t:|1699714501\n|switch|p1a: Cresselia|Cresselia, F|100\/100\n|move|p2a: Magnezone|Steel Beam|p1a: Cresselia\n|-damage|p1a: Cresselia|54\/100\n|-damage|p2a: Magnezone|39\/100|[from] steelbeam\n|\n|upkeep\n|turn|17\n|\n|t:|1699714504\n|move|p2a: Magnezone|Steel Beam|p1a: Cresselia\n|-damage|p1a: Cresselia|5\/100\n|-damage|p2a: Magnezone|0 fnt|[from] steelbeam\n|faint|p2a: Magnezone\n|move|p1a: Cresselia|Moonlight|p1a: Cresselia\n|-heal|p1a: Cresselia|55\/100\n|\n|upkeep\n|\n|t:|1699714508\n|switch|p2a: Staraptor|Staraptor, F|100\/100\n|turn|18\n|\n|t:|1699714513\n|-terastallize|p2a: Staraptor|Normal\n|move|p2a: Staraptor|Double-Edge|p1a: Cresselia\n|-damage|p1a: Cresselia|0 fnt\n|faint|p1a: Cresselia\n|-damage|p2a: Staraptor|75\/100|[from] Recoil\n|\n|upkeep\n|c|\u2606southeast sirius|\u76f4\u63a5\u521b\uff1f\n|c|\u2606southeast sirius|\u90a3\u522b\u602a\u6211\u4e0d\u5ba2\u6c14\n|\n|t:|1699714529\n|switch|p1a: Garganacl|Garganacl, M|100\/100\n|turn|19\n|\n|t:|1699714545\n|move|p2a: Staraptor|Double-Edge|p1a: Garganacl\n|-resisted|p1a: Garganacl\n|-damage|p1a: Garganacl|56\/100\n|-damage|p2a: Staraptor|56\/100|[from] Recoil\n|move|p1a: Garganacl|Iron Defense|p1a: Garganacl\n|-boost|p1a: Garganacl|def|2\n|\n|-heal|p1a: Garganacl|62\/100|[from] item: Leftovers\n|upkeep\n|turn|20\n|\n|t:|1699714550\n|switch|p2a: Tapu Koko|Tapu Koko|26\/100\n|-fieldstart|move: Electric Terrain|[from] ability: Electric Surge|[of] p2a: Tapu Koko\n|move|p1a: Garganacl|Recover|p1a: Garganacl\n|-heal|p1a: Garganacl|100\/100\n|\n|upkeep\n|turn|21\n|\n|t:|1699714561\n|move|p2a: Tapu Koko|Thunderbolt|p1a: Garganacl\n|-damage|p1a: Garganacl|70\/100\n|move|p1a: Garganacl|Iron Defense|p1a: Garganacl\n|-boost|p1a: Garganacl|def|2\n|\n|-heal|p1a: Garganacl|76\/100|[from] item: Leftovers\n|upkeep\n|turn|22\n|-message|cocakk forfeited.\n|\n|win|southeast sirius\n|raw|southeast sirius's rating: 1620 &rarr; <strong>1643<\/strong><br \/>(+23 for winning)\n|raw|cocakk's rating: 1679 &rarr; <strong>1656<\/strong><br \/>(-23 for losing)\n|c|\u2606cocakk|\u4e0d\u8be5\u521b\u7684\n|c|\u2606southeast sirius|\u975e\u5e38\u597d\u76d0 \u4f7f\u6211\u7684\u98de\u7206\u7834\u65cb\u8f6c\n|c|\u2606southeast sirius|\u94c1\u58c1\u76d0\u6700\u5389\u5bb3\u7684\u4e00\u96c6\n","uploadtime":1699714629,"views":4,"p1id":"southeastsirius","p2id":"cocakk","formatid":"gen9nationaldex","rating":1643,"private":0,"password":""}