{"id":"gen9nationaldex-1997096722","p1":"dannybew","p2":"TrashbutHuman","format":"[Gen 9] National Dex","log":"|html|<div class=\"broadcast-blue\"><strong>[Gen 9] National Dex is currently suspecting Sneasler! For information on how to participate check out the <a href=\"https:\/\/www.smogon.com\/forums\/threads\/sv-national-dex-suspect-8-just-dance.3731534\/\">suspect thread<\/a>.<\/strong><\/div>\n|j|\u2606dannybew\n|j|\u2606TrashbutHuman\n|t:|1700764160\n|gametype|singles\n|player|p1|dannybew|ingo|1260\n|player|p2|TrashbutHuman|hugh|1317\n|teamsize|p1|6\n|teamsize|p2|6\n|gen|9\n|tier|[Gen 9] National Dex\n|rated|\n|rule|HP Percentage Mod: HP is shown in percentages\n|rule|Endless Battle Clause: Forcing endless battles is banned\n|rule|OHKO Clause: OHKO moves are banned\n|rule|Evasion Clause: Evasion abilities, items, and moves are banned\n|rule|Evasion Abilities Clause: Evasion abilities are banned\n|rule|Evasion Items Clause: Evasion items are banned\n|rule|Evasion Moves Clause: Evasion moves are banned\n|rule|Species Clause: Limit one of each Pok\u00e9mon\n|rule|Sleep Clause Mod: Limit one foe put to sleep\n|clearpoke\n|poke|p1|Iron Moth|\n|poke|p1|Hydreigon, M|\n|poke|p1|Clefable, M|\n|poke|p1|Alomomola, F|\n|poke|p1|Scizor, F|\n|poke|p1|Great Tusk|\n|poke|p2|Kartana|\n|poke|p2|Tyranitar, F|\n|poke|p2|Garchomp, F|\n|poke|p2|Dracozolt|\n|poke|p2|Aegislash, M|\n|poke|p2|Ogerpon-Cornerstone, F|\n|teampreview\n|inactive|Battle timer is ON: inactive players will automatically lose when time's up. (requested by TrashbutHuman)\n|\n|t:|1700764179\n|start\n|switch|p1a: Great Tusk|Great Tusk|100\/100\n|switch|p2a: Tyranitar|Tyranitar, F|100\/100\n|-weather|Sandstorm|[from] ability: Sand Stream|[of] p2a: Tyranitar\n|turn|1\n|\n|t:|1700764189\n|switch|p2a: Garchomp|Garchomp, F|100\/100\n|move|p1a: Great Tusk|Earthquake|p2a: Garchomp\n|-damage|p2a: Garchomp|39\/100\n|\n|-weather|Sandstorm|[upkeep]\n|upkeep\n|turn|2\n|\n|t:|1700764200\n|-end|p1a: Great Tusk|Protosynthesis|[silent]\n|switch|p1a: Alomomola|Alomomola, F|100\/100\n|detailschange|p2a: Garchomp|Garchomp-Mega, F\n|-mega|p2a: Garchomp|Garchomp|Garchompite\n|move|p2a: Garchomp|Earthquake|p1a: Alomomola\n|-damage|p1a: Alomomola|59\/100\n|\n|-weather|Sandstorm|[upkeep]\n|-damage|p1a: Alomomola|53\/100|[from] Sandstorm\n|upkeep\n|turn|3\n|\n|t:|1700764206\n|switch|p2a: Kartana|Kartana|100\/100\n|move|p1a: Alomomola|Flip Turn|p2a: Kartana\n|-resisted|p2a: Kartana\n|-damage|p2a: Kartana|92\/100\n|\n|t:|1700764210\n|switch|p1a: Iron Moth|Iron Moth|100\/100|[from] Flip Turn\n|\n|-weather|Sandstorm|[upkeep]\n|-damage|p1a: Iron Moth|95\/100|[from] Sandstorm\n|upkeep\n|turn|4\n|\n|t:|1700764224\n|switch|p2a: Dracozolt|Dracozolt|100\/100\n|move|p1a: Iron Moth|Energy Ball|p2a: Dracozolt\n|-resisted|p2a: Dracozolt\n|-damage|p2a: Dracozolt|67\/100\n|\n|-weather|Sandstorm|[upkeep]\n|-damage|p1a: Iron Moth|89\/100|[from] Sandstorm\n|upkeep\n|turn|5\n|\n|t:|1700764232\n|-end|p1a: Iron Moth|Quark Drive|[silent]\n|switch|p1a: Great Tusk|Great Tusk|100\/100\n|move|p2a: Dracozolt|Bolt Beak|p1a: Great Tusk\n|-immune|p1a: Great Tusk\n|\n|-weather|Sandstorm|[upkeep]\n|upkeep\n|turn|6\n|inactive|TrashbutHuman has 120 seconds left.\n|\n|t:|1700764270\n|switch|p2a: Kartana|Kartana|92\/100\n|move|p1a: Great Tusk|Earthquake|p2a: Kartana\n|-damage|p2a: Kartana|27\/100\n|\n|-weather|Sandstorm|[upkeep]\n|upkeep\n|turn|7\n|inactive|TrashbutHuman has 120 seconds left.\n|inactive|dannybew has 120 seconds left.\n|\n|t:|1700764304\n|-end|p1a: Great Tusk|Protosynthesis|[silent]\n|switch|p1a: Clefable|Clefable, M|100\/100\n|move|p2a: Kartana|Leaf Blade|p1a: Clefable\n|-damage|p1a: Clefable|49\/100\n|\n|-weather|Sandstorm|[upkeep]\n|-heal|p1a: Clefable|55\/100|[from] item: Leftovers\n|upkeep\n|turn|8\n|inactive|dannybew has 120 seconds left.\n|\n|t:|1700764322\n|switch|p1a: Scizor|Scizor, F|100\/100\n|move|p2a: Kartana|Leaf Blade|p1a: Scizor\n|-resisted|p1a: Scizor\n|-damage|p1a: Scizor|90\/100\n|\n|-weather|none\n|upkeep\n|turn|9\n|\n|t:|1700764334\n|switch|p2a: Tyranitar|Tyranitar, F|100\/100\n|-weather|Sandstorm|[from] ability: Sand Stream|[of] p2a: Tyranitar\n|detailschange|p1a: Scizor|Scizor-Mega, F\n|-mega|p1a: Scizor|Scizor|Scizorite\n|move|p1a: Scizor|Knock Off|p2a: Tyranitar\n|-resisted|p2a: Tyranitar\n|-damage|p2a: Tyranitar|87\/100\n|-enditem|p2a: Tyranitar|Smooth Rock|[from] move: Knock Off|[of] p1a: Scizor\n|\n|-weather|Sandstorm|[upkeep]\n|upkeep\n|turn|10\n|\n|t:|1700764346\n|switch|p1a: Alomomola|Alomomola, F|86\/100\n|switch|p2a: Kartana|Kartana|27\/100\n|\n|-weather|Sandstorm|[upkeep]\n|-damage|p1a: Alomomola|80\/100|[from] Sandstorm\n|upkeep\n|turn|11\n|\n|t:|1700764355\n|switch|p1a: Scizor|Scizor-Mega, F|90\/100\n|move|p2a: Kartana|Leaf Blade|p1a: Scizor\n|-resisted|p1a: Scizor\n|-damage|p1a: Scizor|81\/100\n|\n|-weather|Sandstorm|[upkeep]\n|upkeep\n|turn|12\n|\n|t:|1700764360\n|move|p2a: Kartana|Leaf Blade|p1a: Scizor\n|-resisted|p1a: Scizor\n|-damage|p1a: Scizor|73\/100\n|move|p1a: Scizor|U-turn|p2a: Kartana\n|-damage|p2a: Kartana|0 fnt\n|faint|p2a: Kartana\n|\n|t:|1700764366\n|switch|p1a: Great Tusk|Great Tusk|100\/100|[from] U-turn\n|\n|-weather|Sandstorm|[upkeep]\n|upkeep\n|\n|t:|1700764372\n|switch|p2a: Ogerpon|Ogerpon-Cornerstone, F|100\/100\n|turn|13\n|\n|t:|1700764380\n|move|p2a: Ogerpon|Leech Seed|p1a: Great Tusk\n|-start|p1a: Great Tusk|move: Leech Seed\n|move|p1a: Great Tusk|Earthquake|p2a: Ogerpon\n|-damage|p2a: Ogerpon|40\/100\n|\n|-weather|Sandstorm|[upkeep]\n|-damage|p1a: Great Tusk|88\/100|[from] Leech Seed|[of] p2a: Ogerpon\n|-heal|p2a: Ogerpon|54\/100|[silent]\n|upkeep\n|turn|14\n|\n|t:|1700764388\n|-end|p1a: Great Tusk|Protosynthesis|[silent]\n|switch|p1a: Clefable|Clefable, M|55\/100\n|move|p2a: Ogerpon|Knock Off|p1a: Clefable\n|-resisted|p1a: Clefable\n|-damage|p1a: Clefable|40\/100\n|-enditem|p1a: Clefable|Leftovers|[from] move: Knock Off|[of] p2a: Ogerpon\n|\n|-weather|Sandstorm|[upkeep]\n|upkeep\n|turn|15\n|\n|t:|1700764392\n|move|p2a: Ogerpon|Ivy Cudgel|p1a: Clefable|[anim] Ivy Cudgel Rock\n|-damage|p1a: Clefable|1\/100\n|move|p1a: Clefable|Moonlight|p1a: Clefable\n|-heal|p1a: Clefable|26\/100\n|\n|-weather|Sandstorm|[upkeep]\n|upkeep\n|turn|16\n|\n|t:|1700764401\n|switch|p1a: Great Tusk|Great Tusk|88\/100\n|move|p2a: Ogerpon|Ivy Cudgel|p1a: Great Tusk|[anim] Ivy Cudgel Rock\n|-resisted|p1a: Great Tusk\n|-damage|p1a: Great Tusk|81\/100\n|\n|-weather|none\n|upkeep\n|turn|17\n|\n|t:|1700764405\n|move|p2a: Ogerpon|Spiky Shield|p2a: Ogerpon\n|-singleturn|p2a: Ogerpon|move: Protect\n|move|p1a: Great Tusk|Close Combat|p2a: Ogerpon\n|-activate|p2a: Ogerpon|move: Protect\n|-damage|p1a: Great Tusk|68\/100|[from] Spiky Shield|[of] p2a: Ogerpon\n|\n|upkeep\n|turn|18\n|\n|t:|1700764412\n|switch|p2a: Aegislash|Aegislash, M, shiny|100\/100\n|move|p1a: Great Tusk|Earthquake|p2a: Aegislash\n|-supereffective|p2a: Aegislash\n|-damage|p2a: Aegislash|0 fnt\n|faint|p2a: Aegislash\n|\n|upkeep\n|\n|t:|1700764417\n|switch|p2a: Tyranitar|Tyranitar, F|87\/100\n|-weather|Sandstorm|[from] ability: Sand Stream|[of] p2a: Tyranitar\n|turn|19\n|\n|t:|1700764424\n|-terastallize|p2a: Tyranitar|Ghost\n|move|p1a: Great Tusk|Close Combat|p2a: Tyranitar\n|-immune|p2a: Tyranitar\n|move|p2a: Tyranitar|Stealth Rock|p1a: Great Tusk\n|-sidestart|p1: dannybew|move: Stealth Rock\n|\n|-weather|Sandstorm|[upkeep]\n|-damage|p2a: Tyranitar|81\/100|[from] Sandstorm\n|upkeep\n|turn|20\n|\n|t:|1700764432\n|-end|p1a: Great Tusk|Protosynthesis|[silent]\n|switch|p1a: Alomomola|Alomomola, F|100\/100\n|-damage|p1a: Alomomola|88\/100|[from] Stealth Rock\n|move|p2a: Tyranitar|Stone Edge|p1a: Alomomola\n|-damage|p1a: Alomomola|55\/100\n|\n|-weather|Sandstorm|[upkeep]\n|-damage|p2a: Tyranitar|75\/100|[from] Sandstorm\n|-damage|p1a: Alomomola|49\/100|[from] Sandstorm\n|upkeep\n|turn|21\n|\n|t:|1700764436\n|move|p2a: Tyranitar|Crunch|p1a: Alomomola\n|-damage|p1a: Alomomola|26\/100\n|-damage|p2a: Tyranitar|58\/100|[from] item: Rocky Helmet|[of] p1a: Alomomola\n|move|p1a: Alomomola|Flip Turn|p2a: Tyranitar\n|-damage|p2a: Tyranitar|44\/100\n|\n|t:|1700764442\n|switch|p1a: Hydreigon|Hydreigon, M|100\/100|[from] Flip Turn\n|-damage|p1a: Hydreigon|88\/100|[from] Stealth Rock\n|\n|-weather|Sandstorm|[upkeep]\n|-damage|p1a: Hydreigon|82\/100|[from] Sandstorm\n|-damage|p2a: Tyranitar|38\/100|[from] Sandstorm\n|upkeep\n|turn|22\n|\n|t:|1700764448\n|switch|p2a: Ogerpon|Ogerpon-Cornerstone, F|54\/100\n|move|p1a: Hydreigon|Dark Pulse|p2a: Ogerpon\n|-damage|p2a: Ogerpon|28\/100\n|\n|-weather|Sandstorm|[upkeep]\n|-damage|p1a: Hydreigon|76\/100|[from] Sandstorm\n|upkeep\n|turn|23\n|\n|t:|1700764457\n|switch|p1a: Alomomola|Alomomola, F|59\/100\n|-damage|p1a: Alomomola|47\/100|[from] Stealth Rock\n|move|p2a: Ogerpon|Ivy Cudgel|p1a: Alomomola|[anim] Ivy Cudgel Rock\n|-damage|p1a: Alomomola|23\/100\n|\n|-weather|none\n|upkeep\n|turn|24\n|\n|t:|1700764464\n|switch|p1a: Scizor|Scizor-Mega, F|73\/100\n|-damage|p1a: Scizor|60\/100|[from] Stealth Rock\n|move|p2a: Ogerpon|Spiky Shield||[still]\n|-fail|p2a: Ogerpon\n|\n|upkeep\n|turn|25\n|\n|t:|1700764468\n|move|p2a: Ogerpon|Leech Seed|p1a: Scizor|[miss]\n|-miss|p2a: Ogerpon|p1a: Scizor\n|move|p1a: Scizor|Knock Off|p2a: Ogerpon\n|-damage|p2a: Ogerpon|4\/100\n|\n|upkeep\n|turn|26\n|\n|t:|1700764471\n|move|p2a: Ogerpon|Spiky Shield|p2a: Ogerpon\n|-singleturn|p2a: Ogerpon|move: Protect\n|move|p1a: Scizor|U-turn|p2a: Ogerpon\n|-activate|p2a: Ogerpon|move: Protect\n|-damage|p1a: Scizor|48\/100|[from] Spiky Shield|[of] p2a: Ogerpon\n|\n|upkeep\n|turn|27\n|\n|t:|1700764476\n|switch|p2a: Tyranitar|Tyranitar, F, tera:Ghost|38\/100\n|-weather|Sandstorm|[from] ability: Sand Stream|[of] p2a: Tyranitar\n|move|p1a: Scizor|Roost|p1a: Scizor\n|-heal|p1a: Scizor|98\/100\n|-singleturn|p1a: Scizor|move: Roost\n|\n|-weather|Sandstorm|[upkeep]\n|-damage|p2a: Tyranitar|32\/100|[from] Sandstorm\n|upkeep\n|turn|28\n|\n|t:|1700764481\n|-activate|p1a: Scizor|move: Pursuit\n|move|p2a: Tyranitar|Pursuit|p1a: Scizor|[from]Pursuit\n|-damage|p1a: Scizor|73\/100\n|switch|p1a: Alomomola|Alomomola, F|56\/100\n|-damage|p1a: Alomomola|44\/100|[from] Stealth Rock\n|\n|-weather|Sandstorm|[upkeep]\n|-damage|p2a: Tyranitar|26\/100|[from] Sandstorm\n|-damage|p1a: Alomomola|38\/100|[from] Sandstorm\n|upkeep\n|turn|29\n|\n|t:|1700764488\n|move|p2a: Tyranitar|Stone Edge|p1a: Alomomola\n|-damage|p1a: Alomomola|5\/100\n|move|p1a: Alomomola|Flip Turn|p2a: Tyranitar\n|-damage|p2a: Tyranitar|11\/100\n|\n|t:|1700764493\n|switch|p1a: Scizor|Scizor-Mega, F|73\/100|[from] Flip Turn\n|-damage|p1a: Scizor|60\/100|[from] Stealth Rock\n|\n|-weather|Sandstorm|[upkeep]\n|-damage|p2a: Tyranitar|5\/100|[from] Sandstorm\n|upkeep\n|turn|30\n|\n|t:|1700764496\n|move|p1a: Scizor|Bullet Punch|p2a: Tyranitar\n|-damage|p2a: Tyranitar|0 fnt\n|faint|p2a: Tyranitar\n|\n|-weather|Sandstorm|[upkeep]\n|upkeep\n|\n|t:|1700764498\n|switch|p2a: Garchomp|Garchomp-Mega, F|39\/100\n|turn|31\n|\n|t:|1700764506\n|switch|p1a: Alomomola|Alomomola, F|38\/100\n|-damage|p1a: Alomomola|26\/100|[from] Stealth Rock\n|move|p2a: Garchomp|Earthquake|p1a: Alomomola\n|-damage|p1a: Alomomola|0 fnt\n|faint|p1a: Alomomola\n|\n|-weather|none\n|upkeep\n|\n|t:|1700764512\n|switch|p1a: Hydreigon|Hydreigon, M|76\/100\n|-damage|p1a: Hydreigon|64\/100|[from] Stealth Rock\n|turn|32\n|\n|t:|1700764521\n|move|p1a: Hydreigon|Draco Meteor|p2a: Garchomp\n|-supereffective|p2a: Garchomp\n|-damage|p2a: Garchomp|0 fnt\n|-unboost|p1a: Hydreigon|spa|2\n|faint|p2a: Garchomp\n|\n|upkeep\n|\n|t:|1700764529\n|switch|p2a: Dracozolt|Dracozolt|67\/100\n|turn|33\n|\n|t:|1700764534\n|switch|p1a: Great Tusk|Great Tusk|68\/100\n|-damage|p1a: Great Tusk|65\/100|[from] Stealth Rock\n|move|p2a: Dracozolt|Dragon Claw|p1a: Great Tusk\n|-damage|p1a: Great Tusk|31\/100\n|\n|upkeep\n|turn|34\n|\n|t:|1700764545\n|move|p2a: Dracozolt|Dragon Claw|p1a: Great Tusk\n|-damage|p1a: Great Tusk|1\/100\n|move|p1a: Great Tusk|Earthquake|p2a: Dracozolt\n|-supereffective|p2a: Dracozolt\n|-damage|p2a: Dracozolt|0 fnt\n|faint|p2a: Dracozolt\n|\n|upkeep\n|-message|TrashbutHuman forfeited.\n|\n|win|dannybew\n|raw|dannybew's rating: 1260 &rarr; <strong>1289<\/strong><br \/>(+29 for winning)\n|raw|TrashbutHuman's rating: 1317 &rarr; <strong>1294<\/strong><br \/>(-23 for losing)\n|l|\u2606TrashbutHuman\n","uploadtime":1700764557,"views":4,"p1id":"dannybew","p2id":"trashbuthuman","formatid":"gen9nationaldex","rating":1289,"private":0,"password":""}