{"id":"gen9nationaldex-1993164164","p1":"disenchanted2914","p2":"danyukeainie","format":"[Gen 9] National Dex","log":"|j|\u2606disenchanted2914\n|j|\u2606danyukeainie\n|t:|1700272577\n|gametype|singles\n|player|p1|disenchanted2914|alec-anime|1349\n|player|p2|danyukeainie|caitlin|1538\n|teamsize|p1|6\n|teamsize|p2|6\n|gen|9\n|tier|[Gen 9] National Dex\n|rated|\n|rule|HP Percentage Mod: HP is shown in percentages\n|rule|Endless Battle Clause: Forcing endless battles is banned\n|rule|OHKO Clause: OHKO moves are banned\n|rule|Evasion Clause: Evasion abilities, items, and moves are banned\n|rule|Evasion Abilities Clause: Evasion abilities are banned\n|rule|Evasion Items Clause: Evasion items are banned\n|rule|Evasion Moves Clause: Evasion moves are banned\n|rule|Species Clause: Limit one of each Pok\u00e9mon\n|rule|Sleep Clause Mod: Limit one foe put to sleep\n|clearpoke\n|poke|p1|Dusknoir, M|\n|poke|p1|Ceruledge, F|\n|poke|p1|Sableye, M|\n|poke|p1|Aegislash, F|\n|poke|p1|Mimikyu, M|\n|poke|p1|Brambleghast, M|\n|poke|p2|Banette, F|\n|poke|p2|Glimmora, M|\n|poke|p2|Dragonite, F|\n|poke|p2|Iron Valiant|\n|poke|p2|Garganacl, M|\n|poke|p2|Rillaboom, F|\n|teampreview\n|inactive|Battle timer is ON: inactive players will automatically lose when time's up. (requested by danyukeainie)\n|\n|t:|1700272589\n|start\n|switch|p1a: Aegislash|Aegislash, F|100\/100\n|switch|p2a: Glimmora|Glimmora, M|100\/100\n|turn|1\n|\n|t:|1700272602\n|move|p2a: Glimmora|Earth Power|p1a: Aegislash\n|-supereffective|p1a: Aegislash\n|-damage|p1a: Aegislash|54\/100\n|-formechange|p1a: Aegislash|Aegislash-Blade||[from] ability: Stance Change\n|move|p1a: Aegislash|Flash Cannon|p2a: Glimmora\n|-supereffective|p2a: Glimmora\n|-enditem|p2a: Glimmora|Focus Sash\n|-damage|p2a: Glimmora|1\/100\n|\n|-heal|p1a: Aegislash|60\/100|[from] item: Leftovers\n|upkeep\n|turn|2\n|\n|t:|1700272608\n|move|p1a: Aegislash|Shadow Sneak|p2a: Glimmora\n|-damage|p2a: Glimmora|0 fnt\n|-activate|p2a: Glimmora|ability: Toxic Debris\n|-sidestart|p1: disenchanted2914|move: Toxic Spikes\n|faint|p2a: Glimmora\n|\n|-heal|p1a: Aegislash|66\/100|[from] item: Leftovers\n|upkeep\n|\n|t:|1700272621\n|switch|p2a: Dragonite|Dragonite, F|100\/100\n|turn|3\n|\n|t:|1700272625\n|switch|p1a: Brambleghast|Brambleghast, M|100\/100\n|move|p2a: Dragonite|Curse|p2a: Dragonite\n|-unboost|p2a: Dragonite|spe|1\n|-boost|p2a: Dragonite|atk|1\n|-boost|p2a: Dragonite|def|1\n|\n|upkeep\n|turn|4\n|\n|t:|1700272634\n|move|p1a: Brambleghast|Rapid Spin|p2a: Dragonite\n|-damage|p2a: Dragonite|96\/100\n|-boost|p1a: Brambleghast|spe|1\n|-sideend|p1: disenchanted2914|Toxic Spikes|[from] move: Rapid Spin|[of] p1a: Brambleghast\n|move|p2a: Dragonite|Earthquake|p1a: Brambleghast\n|-resisted|p1a: Brambleghast\n|-damage|p1a: Brambleghast|44\/100\n|\n|upkeep\n|turn|5\n|\n|t:|1700272639\n|move|p1a: Brambleghast|Strength Sap|p2a: Dragonite\n|-unboost|p2a: Dragonite|atk|1\n|-heal|p1a: Brambleghast|100\/100\n|move|p2a: Dragonite|Earthquake|p1a: Brambleghast\n|-resisted|p1a: Brambleghast\n|-damage|p1a: Brambleghast|67\/100\n|\n|upkeep\n|turn|6\n|\n|t:|1700272654\n|switch|p2a: Iron Valiant|Iron Valiant|100\/100\n|-enditem|p2a: Iron Valiant|Booster Energy\n|-activate|p2a: Iron Valiant|ability: Quark Drive|[fromitem]\n|-start|p2a: Iron Valiant|quarkdrivespe\n|move|p1a: Brambleghast|Poltergeist||[still]\n|-fail|p1a: Brambleghast\n|\n|upkeep\n|turn|7\n|\n|t:|1700272668\n|switch|p1a: Aegislash|Aegislash, F|66\/100\n|move|p2a: Iron Valiant|Calm Mind|p2a: Iron Valiant\n|-boost|p2a: Iron Valiant|spa|1\n|-boost|p2a: Iron Valiant|spd|1\n|\n|-heal|p1a: Aegislash|72\/100|[from] item: Leftovers\n|upkeep\n|turn|8\n|\n|t:|1700272678\n|-terastallize|p2a: Iron Valiant|Steel\n|move|p2a: Iron Valiant|Thunderbolt|p1a: Aegislash\n|-damage|p1a: Aegislash|35\/100\n|-formechange|p1a: Aegislash|Aegislash-Blade||[from] ability: Stance Change\n|move|p1a: Aegislash|Flash Cannon|p2a: Iron Valiant\n|-resisted|p2a: Iron Valiant\n|-damage|p2a: Iron Valiant|72\/100\n|\n|-heal|p1a: Aegislash|41\/100|[from] item: Leftovers\n|upkeep\n|turn|9\n|\n|t:|1700272685\n|-formechange|p1a: Aegislash|Aegislash||[from] ability: Stance Change\n|move|p1a: Aegislash|King's Shield|p1a: Aegislash\n|-singleturn|p1a: Aegislash|Protect\n|move|p2a: Iron Valiant|Thunderbolt|p1a: Aegislash\n|-activate|p1a: Aegislash|move: Protect\n|\n|-heal|p1a: Aegislash|47\/100|[from] item: Leftovers\n|upkeep\n|turn|10\n|\n|t:|1700272692\n|move|p2a: Iron Valiant|Thunderbolt|p1a: Aegislash\n|-damage|p1a: Aegislash|13\/100\n|-formechange|p1a: Aegislash|Aegislash-Blade||[from] ability: Stance Change\n|move|p1a: Aegislash|Shadow Ball|p2a: Iron Valiant\n|-damage|p2a: Iron Valiant|11\/100\n|\n|-heal|p1a: Aegislash|19\/100|[from] item: Leftovers\n|upkeep\n|turn|11\n|\n|t:|1700272704\n|move|p1a: Aegislash|Shadow Sneak|p2a: Iron Valiant\n|-damage|p2a: Iron Valiant|0 fnt\n|faint|p2a: Iron Valiant\n|-end|p2a: Iron Valiant|Quark Drive|[silent]\n|\n|-heal|p1a: Aegislash|25\/100|[from] item: Leftovers\n|upkeep\n|\n|t:|1700272708\n|switch|p2a: Banette|Banette, F|100\/100\n|turn|12\n|\n|t:|1700272714\n|detailschange|p2a: Banette|Banette-Mega, F\n|-mega|p2a: Banette|Banette|Banettite\n|-formechange|p1a: Aegislash|Aegislash||[from] ability: Stance Change\n|move|p1a: Aegislash|King's Shield|p1a: Aegislash\n|-singleturn|p1a: Aegislash|Protect\n|move|p2a: Banette|Taunt|p1a: Aegislash\n|-start|p1a: Aegislash|move: Taunt\n|\n|-heal|p1a: Aegislash|31\/100|[from] item: Leftovers\n|upkeep\n|turn|13\n|\n|t:|1700272723\n|move|p2a: Banette|Poltergeist|p1a: Aegislash|[miss]\n|-miss|p2a: Banette|p1a: Aegislash\n|-formechange|p1a: Aegislash|Aegislash-Blade||[from] ability: Stance Change\n|move|p1a: Aegislash|Shadow Ball|p2a: Banette\n|-supereffective|p2a: Banette\n|-damage|p2a: Banette|0 fnt\n|faint|p2a: Banette\n|\n|-heal|p1a: Aegislash|38\/100|[from] item: Leftovers\n|upkeep\n|-message|danyukeainie forfeited.\n|\n|win|disenchanted2914\n|raw|disenchanted2914's rating: 1349 &rarr; <strong>1379<\/strong><br \/>(+30 for winning)\n|raw|danyukeainie's rating: 1538 &rarr; <strong>1508<\/strong><br \/>(-30 for losing)\n|l|\u2606danyukeainie\n","uploadtime":1700272759,"views":9,"p1id":"disenchanted2914","p2id":"danyukeainie","formatid":"gen9nationaldex","rating":1379,"private":0,"password":""}