{"id":"gen9nationaldex-1994710416","p1":"wwaaa","p2":"baigu2","format":"[Gen 9] National Dex","log":"|html|<div class=\"broadcast-blue\"><strong>[Gen 9] National Dex is currently suspecting Sneasler! For information on how to participate check out the <a href=\"https:\/\/www.smogon.com\/forums\/threads\/sv-national-dex-suspect-8-just-dance.3731534\/\">suspect thread<\/a>.<\/strong><\/div>\n|j|\u2606wwaaa\n|j|\u2606baigu2\n|t:|1700484259\n|gametype|singles\n|player|p1|wwaaa|candice|1621\n|player|p2|baigu2|101|1772\n|teamsize|p1|6\n|teamsize|p2|6\n|gen|9\n|tier|[Gen 9] National Dex\n|rated|\n|rule|HP Percentage Mod: HP is shown in percentages\n|rule|Endless Battle Clause: Forcing endless battles is banned\n|rule|OHKO Clause: OHKO moves are banned\n|rule|Evasion Clause: Evasion abilities, items, and moves are banned\n|rule|Evasion Abilities Clause: Evasion abilities are banned\n|rule|Evasion Items Clause: Evasion items are banned\n|rule|Evasion Moves Clause: Evasion moves are banned\n|rule|Species Clause: Limit one of each Pok\u00e9mon\n|rule|Sleep Clause Mod: Limit one foe put to sleep\n|clearpoke\n|poke|p1|Weavile, F|\n|poke|p1|Zamazenta-*|\n|poke|p1|Banette, M|\n|poke|p1|Dragonite, M|\n|poke|p1|Slowking-Galar, M|\n|poke|p1|Ferrothorn, M|\n|poke|p2|Ursaluna, M|\n|poke|p2|Dragonite, M|\n|poke|p2|Slowking, M|\n|poke|p2|Tapu Koko|\n|poke|p2|Hoopa-Unbound|\n|poke|p2|Great Tusk|\n|teampreview\n|j| aaaapeng\n|\n|t:|1700484272\n|start\n|switch|p1a: Banette|Banette, M|100\/100\n|switch|p2a: Tapu Koko|Tapu Koko|100\/100\n|-fieldstart|move: Electric Terrain|[from] ability: Electric Surge|[of] p2a: Tapu Koko\n|-item|p2a: Tapu Koko|Choice Specs|[from] ability: Frisk|[of] p1a: Banette|[identify]\n|turn|1\n|\n|t:|1700484290\n|detailschange|p1a: Banette|Banette-Mega, M\n|-mega|p1a: Banette|Banette|Banettite\n|move|p1a: Banette|Destiny Bond|p1a: Banette\n|-singlemove|p1a: Banette|Destiny Bond\n|move|p2a: Tapu Koko|Volt Switch|p1a: Banette\n|-damage|p1a: Banette|29\/100\n|\n|t:|1700484293\n|switch|p2a: Great Tusk|Great Tusk|100\/100|[from] Volt Switch\n|\n|upkeep\n|turn|2\n|\n|t:|1700484300\n|move|p1a: Banette|Poltergeist|p2a: Great Tusk\n|-activate|p2a: Great Tusk|move: Poltergeist|Heavy-Duty Boots\n|-damage|p2a: Great Tusk|52\/100\n|move|p2a: Great Tusk|Stealth Rock|p1a: Banette\n|-sidestart|p1: wwaaa|move: Stealth Rock\n|\n|upkeep\n|turn|3\n|\n|t:|1700484308\n|move|p1a: Banette|Encore|p2a: Great Tusk\n|-start|p2a: Great Tusk|Encore\n|move|p2a: Great Tusk|Stealth Rock||[still]\n|-fail|p2a: Great Tusk\n|\n|upkeep\n|turn|4\n|\n|t:|1700484326\n|switch|p1a: Zamazenta|Zamazenta|100\/100\n|-damage|p1a: Zamazenta|94\/100|[from] Stealth Rock\n|-ability|p1a: Zamazenta|Dauntless Shield|boost\n|-boost|p1a: Zamazenta|def|1\n|-end|p2a: Great Tusk|Protosynthesis|[silent]\n|switch|p2a: Ursaluna|Ursaluna, M|100\/100\n|\n|-status|p2a: Ursaluna|brn|[from] item: Flame Orb\n|upkeep\n|turn|5\n|\n|t:|1700484345\n|switch|p2a: Tapu Koko|Tapu Koko|100\/100\n|move|p1a: Zamazenta|Body Press|p2a: Tapu Koko\n|-resisted|p2a: Tapu Koko\n|-damage|p2a: Tapu Koko|64\/100\n|\n|-fieldend|move: Electric Terrain\n|upkeep\n|turn|6\n|\n|t:|1700484350\n|move|p1a: Zamazenta|Heavy Slam|p2a: Tapu Koko\n|-damage|p2a: Tapu Koko|21\/100\n|move|p2a: Tapu Koko|Volt Switch|p1a: Zamazenta\n|-damage|p1a: Zamazenta|57\/100\n|\n|t:|1700484360\n|switch|p2a: Slowking|Slowking, M|100\/100|[from] Volt Switch\n|\n|upkeep\n|turn|7\n|\n|t:|1700484365\n|switch|p1a: Weavile|Weavile, F|100\/100\n|-ability|p1a: Weavile|Pressure\n|move|p2a: Slowking|Scald|p1a: Weavile\n|-damage|p1a: Weavile|65\/100\n|\n|upkeep\n|turn|8\n|\n|t:|1700484386\n|-terastallize|p2a: Slowking|Water\n|move|p1a: Weavile|Knock Off|p2a: Slowking\n|-damage|p2a: Slowking|54\/100\n|-enditem|p2a: Slowking|Heavy-Duty Boots|[from] move: Knock Off|[of] p1a: Weavile\n|move|p2a: Slowking|Scald|p1a: Weavile\n|-damage|p1a: Weavile|12\/100\n|\n|upkeep\n|turn|9\n|\n|t:|1700484404\n|switch|p1a: Ferrothorn|Ferrothorn, M|100\/100\n|-damage|p1a: Ferrothorn|94\/100|[from] Stealth Rock\n|move|p2a: Slowking|Slack Off|p2a: Slowking\n|-heal|p2a: Slowking|100\/100\n|\n|-heal|p1a: Ferrothorn|100\/100|[from] item: Leftovers\n|upkeep\n|turn|10\n|\n|t:|1700484409\n|move|p1a: Ferrothorn|Stealth Rock|p2a: Slowking\n|-sidestart|p2: baigu2|move: Stealth Rock\n|move|p2a: Slowking|Teleport|p2a: Slowking\n|\n|t:|1700484412\n|switch|p2a: Ursaluna|Ursaluna, M|100\/100 brn|[from] Teleport\n|-damage|p2a: Ursaluna|94\/100 brn|[from] Stealth Rock\n|\n|-damage|p2a: Ursaluna|88\/100 brn|[from] brn\n|upkeep\n|turn|11\n|\n|t:|1700484418\n|move|p2a: Ursaluna|Fire Punch|p1a: Ferrothorn\n|-supereffective|p1a: Ferrothorn\n|-damage|p1a: Ferrothorn|0 fnt\n|-damage|p2a: Ursaluna|75\/100 brn|[from] ability: Iron Barbs|[of] p1a: Ferrothorn\n|faint|p1a: Ferrothorn\n|\n|-damage|p2a: Ursaluna|69\/100 brn|[from] brn\n|upkeep\n|inactive|Battle timer is ON: inactive players will automatically lose when time's up. (requested by baigu2)\n|\n|t:|1700484444\n|switch|p1a: Zamazenta|Zamazenta|57\/100\n|-damage|p1a: Zamazenta|50\/100|[from] Stealth Rock\n|turn|12\n|\n|t:|1700484472\n|switch|p2a: Slowking|Slowking, M, tera:Water|100\/100\n|-damage|p2a: Slowking|88\/100|[from] Stealth Rock\n|move|p1a: Zamazenta|Iron Defense|p1a: Zamazenta\n|-boost|p1a: Zamazenta|def|2\n|\n|upkeep\n|turn|13\n|\n|t:|1700484477\n|move|p1a: Zamazenta|Body Press|p2a: Slowking\n|-damage|p2a: Slowking|13\/100\n|move|p2a: Slowking|Scald|p1a: Zamazenta\n|-damage|p1a: Zamazenta|21\/100\n|\n|upkeep\n|turn|14\n|\n|t:|1700484490\n|switch|p2a: Dragonite|Dragonite, M|100\/100\n|-damage|p2a: Dragonite|76\/100|[from] Stealth Rock\n|move|p1a: Zamazenta|Body Press|p2a: Dragonite\n|-resisted|p2a: Dragonite\n|-damage|p2a: Dragonite|46\/100\n|\n|upkeep\n|turn|15\n|\n|t:|1700484508\n|move|p2a: Dragonite|Extreme Speed|p1a: Zamazenta\n|-damage|p1a: Zamazenta|2\/100\n|move|p1a: Zamazenta|Rest|p1a: Zamazenta\n|-status|p1a: Zamazenta|slp|[from] move: Rest\n|-heal|p1a: Zamazenta|100\/100 slp|[silent]\n|-enditem|p1a: Zamazenta|Chesto Berry|[eat]\n|-curestatus|p1a: Zamazenta|slp|[msg]\n|\n|upkeep\n|turn|16\n|-message|baigu2 forfeited.\n|\n|win|wwaaa\n|raw|wwaaa's rating: 1621 &rarr; <strong>1649<\/strong><br \/>(+28 for winning)\n|raw|baigu2's rating: 1772 &rarr; <strong>1744<\/strong><br \/>(-28 for losing)\n|l|\u2606baigu2\n","uploadtime":1700484533,"views":1,"p1id":"wwaaa","p2id":"baigu2","formatid":"gen9nationaldex","rating":1649,"private":0,"password":""}