{"id":"gen9nationaldex-1989245906","p1":"Ralsei Hatty","p2":"Raand","format":"[Gen 9] National Dex","log":"|j|\u2606Ralsei Hatty\n|j|\u2606Raand\n|t:|1699827552\n|gametype|singles\n|player|p1|Ralsei Hatty|kieran|1239\n|player|p2|Raand|plasmagrunt|1181\n|teamsize|p1|6\n|teamsize|p2|6\n|gen|9\n|tier|[Gen 9] National Dex\n|rated|\n|rule|HP Percentage Mod: HP is shown in percentages\n|rule|Endless Battle Clause: Forcing endless battles is banned\n|rule|OHKO Clause: OHKO moves are banned\n|rule|Evasion Clause: Evasion abilities, items, and moves are banned\n|rule|Evasion Abilities Clause: Evasion abilities are banned\n|rule|Evasion Items Clause: Evasion items are banned\n|rule|Evasion Moves Clause: Evasion moves are banned\n|rule|Species Clause: Limit one of each Pok\u00e9mon\n|rule|Sleep Clause Mod: Limit one foe put to sleep\n|clearpoke\n|poke|p1|Golisopod, F|\n|poke|p1|Lopunny, M|\n|poke|p1|Haxorus, F|\n|poke|p1|Tapu Lele|\n|poke|p1|Dragonite, F|\n|poke|p1|Sneasler, F|\n|poke|p2|Sneasler, F|\n|poke|p2|Golisopod, M|\n|poke|p2|Noivern, M|\n|poke|p2|Corviknight, F|\n|poke|p2|Umbreon, F|\n|poke|p2|Absol, F|\n|teampreview\n|\n|t:|1699827560\n|start\n|switch|p1a: Lopu|Lopunny, M, shiny|100\/100\n|switch|p2a: Nagant|Sneasler, F|100\/100\n|turn|1\n|\n|t:|1699827574\n|detailschange|p1a: Lopu|Lopunny-Mega, M, shiny\n|-mega|p1a: Lopu|Lopunny|Lopunnite\n|move|p1a: Lopu|Fake Out|p2a: Nagant\n|-damage|p2a: Nagant|61\/100\n|cant|p2a: Nagant|flinch\n|\n|upkeep\n|turn|2\n|\n|t:|1699827617\n|switch|p1a: Nao Pod|Golisopod, F|100\/100\n|move|p2a: Nagant|Close Combat|p1a: Nao Pod\n|-resisted|p1a: Nao Pod\n|-damage|p1a: Nao Pod|76\/100\n|-unboost|p2a: Nagant|def|1\n|-unboost|p2a: Nagant|spd|1\n|-enditem|p2a: Nagant|White Herb\n|-clearnegativeboost|p2a: Nagant|[silent]\n|\n|upkeep\n|turn|3\n|\n|t:|1699827626\n|move|p1a: Nao Pod|First Impression|p2a: Nagant\n|-resisted|p2a: Nagant\n|-damage|p2a: Nagant|41\/100\n|move|p2a: Nagant|Dire Claw|p1a: Nao Pod\n|-damage|p1a: Nao Pod|42\/100\n|-activate|p1a: Nao Pod|ability: Emergency Exit\n|\n|t:|1699827645\n|switch|p1a: Lopu|Lopunny-Mega, M, shiny|100\/100\n|\n|upkeep\n|turn|4\n|\n|t:|1699827658\n|move|p2a: Nagant|Fake Out||[still]\n|-hint|Fake Out only works on your first turn out.\n|-fail|p2a: Nagant\n|move|p1a: Lopu|Fake Out|p2a: Nagant\n|-damage|p2a: Nagant|0 fnt\n|faint|p2a: Nagant\n|\n|upkeep\n|\n|t:|1699827668\n|switch|p2a: Grach|Corviknight, F|100\/100\n|turn|5\n|\n|t:|1699827672\n|move|p1a: Lopu|U-turn|p2a: Grach\n|-resisted|p2a: Grach\n|-damage|p2a: Grach|95\/100\n|\n|t:|1699827681\n|switch|p1a: Lagon|Dragonite, F|100\/100|[from] U-turn\n|move|p2a: Grach|Bulk Up|p2a: Grach\n|-boost|p2a: Grach|atk|1\n|-boost|p2a: Grach|def|1\n|\n|-heal|p2a: Grach|100\/100|[from] item: Leftovers\n|upkeep\n|turn|6\n|\n|t:|1699827691\n|move|p1a: Lagon|Outrage|p2a: Grach\n|-resisted|p2a: Grach\n|-damage|p2a: Grach|73\/100\n|move|p2a: Grach|Bulk Up|p2a: Grach\n|-boost|p2a: Grach|atk|1\n|-boost|p2a: Grach|def|1\n|\n|-heal|p2a: Grach|79\/100|[from] item: Leftovers\n|upkeep\n|turn|7\n|\n|t:|1699827699\n|move|p1a: Lagon|Outrage|p2a: Grach|[from]lockedmove\n|-resisted|p2a: Grach\n|-damage|p2a: Grach|60\/100\n|move|p2a: Grach|Bulk Up|p2a: Grach\n|-boost|p2a: Grach|atk|1\n|-boost|p2a: Grach|def|1\n|\n|-heal|p2a: Grach|66\/100|[from] item: Leftovers\n|upkeep\n|turn|8\n|\n|t:|1699827709\n|move|p1a: Lagon|Outrage|p2a: Grach|[from]lockedmove\n|-resisted|p2a: Grach\n|-damage|p2a: Grach|50\/100\n|-start|p1a: Lagon|confusion|[fatigue]\n|move|p2a: Grach|Roost|p2a: Grach\n|-heal|p2a: Grach|99\/100\n|-singleturn|p2a: Grach|move: Roost\n|\n|-heal|p2a: Grach|100\/100|[from] item: Leftovers\n|upkeep\n|turn|9\n|\n|t:|1699827718\n|-activate|p1a: Lagon|confusion\n|move|p1a: Lagon|Outrage|p2a: Grach\n|-resisted|p2a: Grach\n|-damage|p2a: Grach|83\/100\n|move|p2a: Grach|Bulk Up|p2a: Grach\n|-boost|p2a: Grach|atk|1\n|-boost|p2a: Grach|def|1\n|\n|-heal|p2a: Grach|89\/100|[from] item: Leftovers\n|upkeep\n|turn|10\n|\n|t:|1699827730\n|-activate|p1a: Lagon|confusion\n|move|p1a: Lagon|Outrage|p2a: Grach|[from]lockedmove\n|-resisted|p2a: Grach\n|-damage|p2a: Grach|75\/100\n|move|p2a: Grach|Brave Bird|p1a: Lagon\n|-damage|p1a: Lagon|44\/100\n|-damage|p2a: Grach|60\/100|[from] Recoil\n|\n|-heal|p2a: Grach|66\/100|[from] item: Leftovers\n|upkeep\n|turn|11\n|\n|t:|1699827750\n|-end|p1a: Lagon|confusion\n|move|p1a: Lagon|Outrage|p2a: Grach\n|-resisted|p2a: Grach\n|-damage|p2a: Grach|53\/100\n|move|p2a: Grach|Roost|p2a: Grach\n|-heal|p2a: Grach|100\/100\n|-singleturn|p2a: Grach|move: Roost\n|\n|upkeep\n|turn|12\n|\n|t:|1699827763\n|move|p1a: Lagon|Outrage|p2a: Grach|[from]lockedmove\n|-resisted|p2a: Grach\n|-damage|p2a: Grach|87\/100\n|move|p2a: Grach|Brave Bird|p1a: Lagon\n|-damage|p1a: Lagon|0 fnt\n|faint|p1a: Lagon\n|-damage|p2a: Grach|75\/100|[from] Recoil\n|\n|-heal|p2a: Grach|81\/100|[from] item: Leftovers\n|upkeep\n|\n|t:|1699827765\n|switch|p1a: Nao Pod|Golisopod, F|42\/100\n|turn|13\n|\n|t:|1699827777\n|move|p2a: Grach|Brave Bird|p1a: Nao Pod\n|-supereffective|p1a: Nao Pod\n|-damage|p1a: Nao Pod|0 fnt\n|faint|p1a: Nao Pod\n|-damage|p2a: Grach|70\/100|[from] Recoil\n|\n|-heal|p2a: Grach|77\/100|[from] item: Leftovers\n|upkeep\n|\n|t:|1699827787\n|switch|p1a: TapuLe|Tapu Lele, shiny|100\/100\n|-fieldstart|move: Psychic Terrain|[from] ability: Psychic Surge|[of] p1a: TapuLe\n|turn|14\n|\n|t:|1699827792\n|move|p1a: TapuLe|Thunderbolt|p2a: Grach\n|-supereffective|p2a: Grach\n|-damage|p2a: Grach|30\/100\n|move|p2a: Grach|Brave Bird|p1a: TapuLe\n|-crit|p1a: TapuLe\n|-damage|p1a: TapuLe|0 fnt\n|faint|p1a: TapuLe\n|-damage|p2a: Grach|6\/100|[from] Recoil\n|\n|-heal|p2a: Grach|13\/100|[from] item: Leftovers\n|upkeep\n|-message|Ralsei Hatty forfeited.\n|\n|win|Raand\n|raw|Ralsei Hatty's rating: 1239 &rarr; <strong>1210<\/strong><br \/>(-29 for losing)\n|raw|Raand's rating: 1181 &rarr; <strong>1210<\/strong><br \/>(+29 for winning)\n|l|\u2606Ralsei Hatty\n","uploadtime":1699827842,"views":14,"p1id":"ralseihatty","p2id":"raand","formatid":"gen9nationaldex","rating":1210,"private":0,"password":""}