{"id":"gen9nationaldex-1998212599","p1":"Lycoreca","p2":"Robinsintherain","format":"[Gen 9] National Dex","log":"|html|<div class=\"broadcast-blue\"><strong>[Gen 9] National Dex is currently suspecting Sneasler! For information on how to participate check out the <a href=\"https:\/\/www.smogon.com\/forums\/threads\/sv-national-dex-suspect-8-just-dance.3731534\/\">suspect thread<\/a>.<\/strong><\/div>\n|j|\u2606Lycoreca\n|j|\u2606Robinsintherain\n|t:|1700913651\n|gametype|singles\n|player|p1|Lycoreca|cheren-gen5bw2|1142\n|player|p2|Robinsintherain|blackbelt|1015\n|teamsize|p1|6\n|teamsize|p2|6\n|gen|9\n|tier|[Gen 9] National Dex\n|rated|\n|rule|HP Percentage Mod: HP is shown in percentages\n|rule|Endless Battle Clause: Forcing endless battles is banned\n|rule|OHKO Clause: OHKO moves are banned\n|rule|Evasion Clause: Evasion abilities, items, and moves are banned\n|rule|Evasion Abilities Clause: Evasion abilities are banned\n|rule|Evasion Items Clause: Evasion items are banned\n|rule|Evasion Moves Clause: Evasion moves are banned\n|rule|Species Clause: Limit one of each Pok\u00e9mon\n|rule|Sleep Clause Mod: Limit one foe put to sleep\n|clearpoke\n|poke|p1|Haxorus, M|\n|poke|p1|Urshifu-*, M|\n|poke|p1|Ceruledge, F|\n|poke|p1|Scizor, F|\n|poke|p1|Gliscor, F|\n|poke|p1|Iron Moth|\n|poke|p2|Magnezone|\n|poke|p2|Durant, F|\n|poke|p2|Golem-Alola, F|\n|poke|p2|Ninetales-Alola, F|\n|poke|p2|Aurorus, M|\n|poke|p2|Silvally-*|\n|teampreview\n|inactive|Battle timer is ON: inactive players will automatically lose when time's up. (requested by Lycoreca)\n|\n|t:|1700913658\n|start\n|switch|p1a: Haxorus|Haxorus, M|100\/100\n|switch|p2a: Ninetales|Ninetales-Alola, F|100\/100\n|-weather|Snow|[from] ability: Snow Warning|[of] p2a: Ninetales\n|-ability|p1a: Haxorus|Mold Breaker\n|turn|1\n|\n|t:|1700913668\n|move|p1a: Haxorus|Dragon Dance|p1a: Haxorus\n|-boost|p1a: Haxorus|atk|1\n|-boost|p1a: Haxorus|spe|1\n|move|p2a: Ninetales|Roar|p1a: Haxorus\n|drag|p1a: Urshifu|Urshifu-Rapid-Strike, M|100\/100\n|\n|-weather|Snow|[upkeep]\n|upkeep\n|turn|2\n|\n|t:|1700913679\n|move|p1a: Urshifu|Poison Jab|p2a: Ninetales\n|-supereffective|p2a: Ninetales\n|-damage|p2a: Ninetales|58\/100\n|move|p2a: Ninetales|Roar|p1a: Urshifu\n|drag|p1a: Ceruledge|Ceruledge, F|100\/100\n|\n|-weather|Snow|[upkeep]\n|upkeep\n|turn|3\n|\n|t:|1700913690\n|move|p1a: Ceruledge|Bitter Blade|p2a: Ninetales\n|-supereffective|p2a: Ninetales\n|-damage|p2a: Ninetales|0 fnt\n|faint|p2a: Ninetales\n|\n|-weather|Snow|[upkeep]\n|upkeep\n|\n|t:|1700913695\n|switch|p2a: Golem|Golem-Alola, F|100\/100\n|turn|4\n|\n|t:|1700913699\n|move|p1a: Ceruledge|Swords Dance|p1a: Ceruledge\n|-boost|p1a: Ceruledge|atk|2\n|move|p2a: Golem|Roar|p1a: Ceruledge\n|drag|p1a: Gliscor|Gliscor, F|100\/100\n|\n|-weather|Snow|[upkeep]\n|-status|p1a: Gliscor|tox|[from] item: Toxic Orb\n|upkeep\n|turn|5\n|\n|t:|1700913711\n|switch|p2a: Silvally|Silvally|100\/100\n|move|p1a: Gliscor|Stealth Rock|p2a: Silvally\n|-sidestart|p2: Robinsintherain|move: Stealth Rock\n|\n|-weather|none\n|upkeep\n|turn|6\n|\n|t:|1700913718\n|move|p2a: Silvally|Defog|p1a: Gliscor\n|-unboost|p1a: Gliscor|evasion|1\n|-sideend|p2: Robinsintherain|Stealth Rock|[from] move: Defog|[of] p2a: Silvally\n|move|p1a: Gliscor|Toxic Spikes|p2a: Silvally\n|-sidestart|p2: Robinsintherain|move: Toxic Spikes\n|\n|upkeep\n|turn|7\n|\n|t:|1700913726\n|move|p2a: Silvally|Defog|p1a: Gliscor\n|-unboost|p1a: Gliscor|evasion|1\n|-sideend|p2: Robinsintherain|Toxic Spikes|[from] move: Defog|[of] p2a: Silvally\n|move|p1a: Gliscor|Facade|p2a: Silvally\n|-damage|p2a: Silvally|60\/100\n|\n|upkeep\n|turn|8\n|\n|t:|1700913735\n|move|p2a: Silvally|Defog|p1a: Gliscor\n|-unboost|p1a: Gliscor|evasion|1\n|move|p1a: Gliscor|Facade|p2a: Silvally\n|-damage|p2a: Silvally|16\/100\n|\n|upkeep\n|turn|9\n|\n|t:|1700913743\n|move|p2a: Silvally|Defog|p1a: Gliscor\n|-unboost|p1a: Gliscor|evasion|1\n|move|p1a: Gliscor|Facade|p2a: Silvally\n|-damage|p2a: Silvally|0 fnt\n|faint|p2a: Silvally\n|\n|upkeep\n|\n|t:|1700913745\n|switch|p2a: Aurorus|Aurorus, M|100\/100\n|-weather|Snow|[from] ability: Snow Warning|[of] p2a: Aurorus\n|turn|10\n|\n|t:|1700913758\n|move|p1a: Gliscor|Stealth Rock|p2a: Aurorus\n|-sidestart|p2: Robinsintherain|move: Stealth Rock\n|move|p2a: Aurorus|Aurora Veil|p2a: Aurorus\n|-sidestart|p2: Robinsintherain|move: Aurora Veil\n|\n|-weather|Snow|[upkeep]\n|upkeep\n|turn|11\n|\n|t:|1700913764\n|switch|p2a: Golem|Golem-Alola, F|100\/100\n|-damage|p2a: Golem|88\/100|[from] Stealth Rock\n|move|p1a: Gliscor|Toxic Spikes|p2a: Golem\n|-sidestart|p2: Robinsintherain|move: Toxic Spikes\n|\n|-weather|Snow|[upkeep]\n|upkeep\n|turn|12\n|\n|t:|1700913772\n|-terastallize|p2a: Golem|Rock\n|move|p1a: Gliscor|Toxic Spikes|p2a: Golem\n|-sidestart|p2: Robinsintherain|move: Toxic Spikes\n|move|p2a: Golem|Roar|p1a: Gliscor\n|drag|p1a: Ceruledge|Ceruledge, F|100\/100\n|\n|-weather|Snow|[upkeep]\n|upkeep\n|turn|13\n|\n|t:|1700913782\n|move|p1a: Ceruledge|Swords Dance|p1a: Ceruledge\n|-boost|p1a: Ceruledge|atk|2\n|move|p2a: Golem|Roar|p1a: Ceruledge\n|drag|p1a: Urshifu|Urshifu-Rapid-Strike, M|100\/100\n|\n|-weather|Snow|[upkeep]\n|upkeep\n|turn|14\n|\n|t:|1700913790\n|move|p1a: Urshifu|Surging Strikes|p2a: Golem\n|-supereffective|p2a: Golem\n|-crit|p2a: Golem\n|-damage|p2a: Golem|63\/100\n|-supereffective|p2a: Golem\n|-crit|p2a: Golem\n|-damage|p2a: Golem|37\/100\n|-supereffective|p2a: Golem\n|-crit|p2a: Golem\n|-damage|p2a: Golem|9\/100\n|-hitcount|p2a: Golem|3\n|move|p2a: Golem|Roar|p1a: Urshifu\n|drag|p1a: Ceruledge|Ceruledge, F|100\/100\n|\n|-weather|none\n|upkeep\n|turn|15\n|\n|t:|1700913806\n|move|p1a: Ceruledge|Shadow Sneak|p2a: Golem\n|-damage|p2a: Golem|4\/100\n|move|p2a: Golem|Roar|p1a: Ceruledge\n|drag|p1a: Scizor|Scizor, F|100\/100\n|\n|upkeep\n|turn|16\n|\n|t:|1700913814\n|detailschange|p1a: Scizor|Scizor-Mega, F\n|-mega|p1a: Scizor|Scizor|Scizorite\n|move|p1a: Scizor|Bullet Punch|p2a: Golem\n|-supereffective|p2a: Golem\n|-damage|p2a: Golem|0 fnt\n|faint|p2a: Golem\n|\n|upkeep\n|\n|t:|1700913819\n|switch|p2a: Durant|Durant, F|100\/100\n|-damage|p2a: Durant|88\/100|[from] Stealth Rock\n|turn|17\n|\n|t:|1700913826\n|move|p2a: Durant|Entrainment|p1a: Scizor\n|-endability|p1a: Scizor|Technician|[from] move: Entrainment\n|-ability|p1a: Scizor|Truant|[from] move: Entrainment\n|move|p1a: Scizor|Swords Dance|p1a: Scizor\n|-boost|p1a: Scizor|atk|2\n|\n|-sideend|p2: Robinsintherain|move: Aurora Veil\n|upkeep\n|turn|18\n|\n|t:|1700913836\n|cant|p1a: Scizor|ability: Truant\n|cant|p2a: Durant|ability: Truant\n|\n|upkeep\n|turn|19\n|\n|t:|1700913842\n|move|p1a: Scizor|Bullet Punch|p2a: Durant\n|-resisted|p2a: Durant\n|-damage|p2a: Durant|63\/100\n|-enditem|p2a: Durant|Eject Button\n|\n|t:|1700913844\n|switch|p2a: Magnezone|Magnezone|100\/100\n|-damage|p2a: Magnezone|94\/100|[from] Stealth Rock\n|\n|upkeep\n|turn|20\n|\n|t:|1700913858\n|cant|p1a: Scizor|ability: Truant\n|move|p2a: Magnezone|Substitute|p2a: Magnezone\n|-start|p2a: Magnezone|Substitute\n|-damage|p2a: Magnezone|69\/100\n|\n|upkeep\n|turn|21\n|\n|t:|1700913867\n|move|p2a: Magnezone|Protect|p2a: Magnezone\n|-singleturn|p2a: Magnezone|Protect\n|move|p1a: Scizor|Swords Dance|p1a: Scizor\n|-boost|p1a: Scizor|atk|2\n|\n|upkeep\n|turn|22\n|\n|t:|1700913876\n|cant|p1a: Scizor|ability: Truant\n|move|p2a: Magnezone|Substitute|p2a: Magnezone\n|-fail|p2a: Magnezone|move: Substitute\n|\n|upkeep\n|turn|23\n|\n|t:|1700913882\n|move|p2a: Magnezone|Protect|p2a: Magnezone\n|-singleturn|p2a: Magnezone|Protect\n|move|p1a: Scizor|Swords Dance|p1a: Scizor\n|-boost|p1a: Scizor|atk|2\n|\n|upkeep\n|turn|24\n|\n|t:|1700913889\n|cant|p1a: Scizor|ability: Truant\n|move|p2a: Magnezone|Substitute|p2a: Magnezone\n|-fail|p2a: Magnezone|move: Substitute\n|\n|upkeep\n|turn|25\n|\n|t:|1700913895\n|move|p2a: Magnezone|Protect|p2a: Magnezone\n|-singleturn|p2a: Magnezone|Protect\n|move|p1a: Scizor|Bug Bite|p2a: Magnezone\n|-activate|p2a: Magnezone|move: Protect\n|\n|upkeep\n|turn|26\n|\n|t:|1700913901\n|cant|p1a: Scizor|ability: Truant\n|move|p2a: Magnezone|Substitute|p2a: Magnezone\n|-fail|p2a: Magnezone|move: Substitute\n|\n|upkeep\n|turn|27\n|\n|t:|1700913907\n|move|p2a: Magnezone|Protect|p2a: Magnezone\n|-singleturn|p2a: Magnezone|Protect\n|move|p1a: Scizor|Bug Bite|p2a: Magnezone\n|-activate|p2a: Magnezone|move: Protect\n|\n|upkeep\n|turn|28\n|\n|t:|1700913914\n|cant|p1a: Scizor|ability: Truant\n|move|p2a: Magnezone|Substitute|p2a: Magnezone\n|-fail|p2a: Magnezone|move: Substitute\n|\n|upkeep\n|turn|29\n|c|\u2606Lycoreca|I see\n|\n|t:|1700913928\n|move|p2a: Magnezone|Protect|p2a: Magnezone\n|-singleturn|p2a: Magnezone|Protect\n|move|p1a: Scizor|Bug Bite|p2a: Magnezone\n|-activate|p2a: Magnezone|move: Protect\n|\n|upkeep\n|turn|30\n|c|\u2606Robinsintherain|lets keep going\n|c|\u2606Robinsintherain|till my pp runs out\n|\n|t:|1700913937\n|cant|p1a: Scizor|ability: Truant\n|move|p2a: Magnezone|Substitute|p2a: Magnezone\n|-fail|p2a: Magnezone|move: Substitute\n|\n|upkeep\n|turn|31\n|\n|t:|1700913942\n|move|p2a: Magnezone|Protect|p2a: Magnezone\n|-singleturn|p2a: Magnezone|Protect\n|move|p1a: Scizor|Bug Bite|p2a: Magnezone\n|-activate|p2a: Magnezone|move: Protect\n|\n|upkeep\n|turn|32\n|\n|t:|1700913949\n|cant|p1a: Scizor|ability: Truant\n|move|p2a: Magnezone|Substitute|p2a: Magnezone\n|-fail|p2a: Magnezone|move: Substitute\n|\n|upkeep\n|turn|33\n|\n|t:|1700913955\n|move|p2a: Magnezone|Protect|p2a: Magnezone\n|-singleturn|p2a: Magnezone|Protect\n|move|p1a: Scizor|Aerial Ace|p2a: Magnezone\n|-activate|p2a: Magnezone|move: Protect\n|\n|upkeep\n|turn|34\n|\n|t:|1700913962\n|cant|p1a: Scizor|ability: Truant\n|move|p2a: Magnezone|Substitute|p2a: Magnezone\n|-fail|p2a: Magnezone|move: Substitute\n|\n|upkeep\n|turn|35\n|c|\u2606Lycoreca|What bros planning\n|\n|t:|1700913972\n|move|p2a: Magnezone|Protect|p2a: Magnezone\n|-singleturn|p2a: Magnezone|Protect\n|move|p1a: Scizor|Aerial Ace|p2a: Magnezone\n|-activate|p2a: Magnezone|move: Protect\n|\n|upkeep\n|turn|36\n|c|\u2606Robinsintherain|its a countdown\n|\n|t:|1700913979\n|cant|p1a: Scizor|ability: Truant\n|move|p2a: Magnezone|Substitute|p2a: Magnezone\n|-fail|p2a: Magnezone|move: Substitute\n|\n|upkeep\n|turn|37\n|\n|t:|1700913988\n|move|p2a: Magnezone|Protect|p2a: Magnezone\n|-singleturn|p2a: Magnezone|Protect\n|move|p1a: Scizor|Aerial Ace|p2a: Magnezone\n|-activate|p2a: Magnezone|move: Protect\n|\n|upkeep\n|turn|38\n|\n|t:|1700913995\n|move|p2a: Magnezone|Protect||[still]\n|-fail|p2a: Magnezone\n|cant|p1a: Scizor|ability: Truant\n|\n|upkeep\n|turn|39\n|\n|t:|1700914001\n|move|p2a: Magnezone|Protect|p2a: Magnezone\n|-singleturn|p2a: Magnezone|Protect\n|move|p1a: Scizor|Bug Bite|p2a: Magnezone\n|-activate|p2a: Magnezone|move: Protect\n|\n|upkeep\n|turn|40\n|inactiveoff|Battle timer is now OFF.\n|\n|t:|1700914007\n|cant|p1a: Scizor|ability: Truant\n|move|p2a: Magnezone|Substitute|p2a: Magnezone\n|-fail|p2a: Magnezone|move: Substitute\n|\n|upkeep\n|turn|41\n|\n|t:|1700914013\n|move|p2a: Magnezone|Protect|p2a: Magnezone\n|-singleturn|p2a: Magnezone|Protect\n|move|p1a: Scizor|Aerial Ace|p2a: Magnezone\n|-activate|p2a: Magnezone|move: Protect\n|\n|upkeep\n|turn|42\n|\n|t:|1700914019\n|cant|p1a: Scizor|ability: Truant\n|move|p2a: Magnezone|Substitute|p2a: Magnezone\n|-fail|p2a: Magnezone|move: Substitute\n|\n|upkeep\n|turn|43\n|\n|t:|1700914026\n|move|p2a: Magnezone|Protect|p2a: Magnezone\n|-singleturn|p2a: Magnezone|Protect\n|move|p1a: Scizor|Aerial Ace|p2a: Magnezone\n|-activate|p2a: Magnezone|move: Protect\n|\n|upkeep\n|turn|44\n|\n|t:|1700914033\n|cant|p1a: Scizor|ability: Truant\n|move|p2a: Magnezone|Substitute|p2a: Magnezone\n|-fail|p2a: Magnezone|move: Substitute\n|\n|upkeep\n|turn|45\n|\n|t:|1700914039\n|move|p2a: Magnezone|Protect|p2a: Magnezone\n|-singleturn|p2a: Magnezone|Protect\n|move|p1a: Scizor|Aerial Ace|p2a: Magnezone\n|-activate|p2a: Magnezone|move: Protect\n|\n|upkeep\n|turn|46\n|\n|t:|1700914045\n|cant|p1a: Scizor|ability: Truant\n|move|p2a: Magnezone|Substitute|p2a: Magnezone\n|-fail|p2a: Magnezone|move: Substitute\n|\n|upkeep\n|turn|47\n|\n|t:|1700914052\n|move|p2a: Magnezone|Protect|p2a: Magnezone\n|-singleturn|p2a: Magnezone|Protect\n|move|p1a: Scizor|Aerial Ace|p2a: Magnezone\n|-activate|p2a: Magnezone|move: Protect\n|\n|upkeep\n|turn|48\n|\n|t:|1700914059\n|cant|p1a: Scizor|ability: Truant\n|move|p2a: Magnezone|Substitute|p2a: Magnezone\n|-fail|p2a: Magnezone|move: Substitute\n|\n|upkeep\n|turn|49\n|\n|t:|1700914066\n|move|p2a: Magnezone|Protect|p2a: Magnezone\n|-singleturn|p2a: Magnezone|Protect\n|-enditem|p2a: Magnezone|Leppa Berry|[eat]\n|-activate|p2a: Magnezone|item: Leppa Berry|Protect|[consumed]\n|move|p1a: Scizor|Aerial Ace|p2a: Magnezone\n|-activate|p2a: Magnezone|move: Protect\n|\n|upkeep\n|turn|50\n|c|\u2606Lycoreca|Hmm\n|\n|t:|1700914082\n|cant|p1a: Scizor|ability: Truant\n|move|p2a: Magnezone|Recycle|p2a: Magnezone\n|-item|p2a: Magnezone|Leppa Berry|[from] move: Recycle\n|\n|upkeep\n|turn|51\n|\n|t:|1700914090\n|move|p2a: Magnezone|Protect|p2a: Magnezone\n|-singleturn|p2a: Magnezone|Protect\n|move|p1a: Scizor|Aerial Ace|p2a: Magnezone\n|-activate|p2a: Magnezone|move: Protect\n|\n|upkeep\n|turn|52\n|inactive|Battle timer is ON: inactive players will automatically lose when time's up. (requested by Lycoreca)\n|\n|t:|1700914100\n|cant|p1a: Scizor|ability: Truant\n|move|p2a: Magnezone|Substitute|p2a: Magnezone\n|-fail|p2a: Magnezone|move: Substitute\n|\n|upkeep\n|turn|53\n|\n|t:|1700914107\n|move|p2a: Magnezone|Protect|p2a: Magnezone\n|-singleturn|p2a: Magnezone|Protect\n|move|p1a: Scizor|Aerial Ace|p2a: Magnezone\n|-activate|p2a: Magnezone|move: Protect\n|\n|upkeep\n|turn|54\n|\n|t:|1700914114\n|cant|p1a: Scizor|ability: Truant\n|move|p2a: Magnezone|Substitute|p2a: Magnezone\n|-fail|p2a: Magnezone|move: Substitute\n|-enditem|p2a: Magnezone|Leppa Berry|[eat]\n|-activate|p2a: Magnezone|item: Leppa Berry|Substitute|[consumed]\n|\n|upkeep\n|turn|55\n|\n|t:|1700914121\n|move|p2a: Magnezone|Protect|p2a: Magnezone\n|-singleturn|p2a: Magnezone|Protect\n|move|p1a: Scizor|Aerial Ace|p2a: Magnezone\n|-activate|p2a: Magnezone|move: Protect\n|\n|upkeep\n|turn|56\n|\n|t:|1700914128\n|cant|p1a: Scizor|ability: Truant\n|move|p2a: Magnezone|Recycle|p2a: Magnezone\n|-item|p2a: Magnezone|Leppa Berry|[from] move: Recycle\n|\n|upkeep\n|turn|57\n|c|\u2606Robinsintherain|technically this goes untill your guy runs out of moves and struggles to death\n|\n|t:|1700914140\n|move|p2a: Magnezone|Protect|p2a: Magnezone\n|-singleturn|p2a: Magnezone|Protect\n|move|p1a: Scizor|Aerial Ace|p2a: Magnezone\n|-activate|p2a: Magnezone|move: Protect\n|\n|upkeep\n|turn|58\n|\n|t:|1700914148\n|cant|p1a: Scizor|ability: Truant\n|move|p2a: Magnezone|Substitute|p2a: Magnezone\n|-fail|p2a: Magnezone|move: Substitute\n|\n|upkeep\n|turn|59\n|\n|t:|1700914158\n|move|p2a: Magnezone|Protect|p2a: Magnezone\n|-singleturn|p2a: Magnezone|Protect\n|move|p1a: Scizor|Aerial Ace|p2a: Magnezone\n|-activate|p2a: Magnezone|move: Protect\n|\n|upkeep\n|turn|60\n|c|\u2606Lycoreca|Wow\n|\n|t:|1700914166\n|cant|p1a: Scizor|ability: Truant\n|move|p2a: Magnezone|Substitute|p2a: Magnezone\n|-fail|p2a: Magnezone|move: Substitute\n|\n|upkeep\n|turn|61\n|\n|t:|1700914172\n|move|p2a: Magnezone|Protect|p2a: Magnezone\n|-singleturn|p2a: Magnezone|Protect\n|move|p1a: Scizor|Aerial Ace|p2a: Magnezone\n|-activate|p2a: Magnezone|move: Protect\n|\n|upkeep\n|turn|62\n|c|\u2606Lycoreca|You have that patience?\n|\n|t:|1700914184\n|cant|p1a: Scizor|ability: Truant\n|move|p2a: Magnezone|Substitute|p2a: Magnezone\n|-fail|p2a: Magnezone|move: Substitute\n|\n|upkeep\n|turn|63\n|c|\u2606Robinsintherain|do you?\n|\n|t:|1700914191\n|move|p2a: Magnezone|Protect|p2a: Magnezone\n|-singleturn|p2a: Magnezone|Protect\n|move|p1a: Scizor|Aerial Ace|p2a: Magnezone\n|-activate|p2a: Magnezone|move: Protect\n|\n|upkeep\n|turn|64\n|\n|t:|1700914197\n|cant|p1a: Scizor|ability: Truant\n|move|p2a: Magnezone|Substitute|p2a: Magnezone\n|-fail|p2a: Magnezone|move: Substitute\n|\n|upkeep\n|turn|65\n|\n|t:|1700914205\n|move|p2a: Magnezone|Protect|p2a: Magnezone\n|-singleturn|p2a: Magnezone|Protect\n|move|p1a: Scizor|Aerial Ace|p2a: Magnezone\n|-activate|p2a: Magnezone|move: Protect\n|\n|upkeep\n|turn|66\n|\n|t:|1700914211\n|cant|p1a: Scizor|ability: Truant\n|move|p2a: Magnezone|Substitute|p2a: Magnezone\n|-fail|p2a: Magnezone|move: Substitute\n|\n|upkeep\n|turn|67\n|\n|t:|1700914217\n|move|p2a: Magnezone|Protect|p2a: Magnezone\n|-singleturn|p2a: Magnezone|Protect\n|move|p1a: Scizor|Aerial Ace|p2a: Magnezone\n|-activate|p2a: Magnezone|move: Protect\n|\n|upkeep\n|turn|68\n|\n|t:|1700914223\n|cant|p1a: Scizor|ability: Truant\n|move|p2a: Magnezone|Substitute|p2a: Magnezone\n|-fail|p2a: Magnezone|move: Substitute\n|\n|upkeep\n|turn|69\n|\n|t:|1700914229\n|move|p2a: Magnezone|Protect|p2a: Magnezone\n|-singleturn|p2a: Magnezone|Protect\n|-enditem|p2a: Magnezone|Leppa Berry|[eat]\n|-activate|p2a: Magnezone|item: Leppa Berry|Protect|[consumed]\n|move|p1a: Scizor|Aerial Ace|p2a: Magnezone\n|-activate|p2a: Magnezone|move: Protect\n|\n|upkeep\n|turn|70\n|inactiveoff|Battle timer is now OFF.\n|c|\u2606Lycoreca|Urshifu have unseen fist\n|c|\u2606Lycoreca|You still want to go on\n|c|\u2606Robinsintherain|it only works because you are steel type\n|inactive|Battle timer is ON: inactive players will automatically lose when time's up. (requested by Lycoreca)\n|\n|t:|1700914281\n|cant|p1a: Scizor|ability: Truant\n|move|p2a: Magnezone|Recycle|p2a: Magnezone\n|-item|p2a: Magnezone|Leppa Berry|[from] move: Recycle\n|\n|upkeep\n|turn|71\n|\n|t:|1700914287\n|move|p2a: Magnezone|Protect|p2a: Magnezone\n|-singleturn|p2a: Magnezone|Protect\n|move|p1a: Scizor|Bug Bite|p2a: Magnezone\n|-activate|p2a: Magnezone|move: Protect\n|\n|upkeep\n|turn|72\n|\n|t:|1700914294\n|cant|p1a: Scizor|ability: Truant\n|move|p2a: Magnezone|Substitute|p2a: Magnezone\n|-fail|p2a: Magnezone|move: Substitute\n|\n|upkeep\n|turn|73\n|\n|t:|1700914300\n|move|p2a: Magnezone|Protect|p2a: Magnezone\n|-singleturn|p2a: Magnezone|Protect\n|move|p1a: Scizor|Bug Bite|p2a: Magnezone\n|-activate|p2a: Magnezone|move: Protect\n|\n|upkeep\n|turn|74\n|\n|t:|1700914312\n|cant|p1a: Scizor|ability: Truant\n|move|p2a: Magnezone|Substitute|p2a: Magnezone\n|-fail|p2a: Magnezone|move: Substitute\n|\n|upkeep\n|turn|75\n|\n|t:|1700914319\n|move|p2a: Magnezone|Protect|p2a: Magnezone\n|-singleturn|p2a: Magnezone|Protect\n|move|p1a: Scizor|Aerial Ace|p2a: Magnezone\n|-activate|p2a: Magnezone|move: Protect\n|\n|upkeep\n|turn|76\n|\n|t:|1700914325\n|cant|p1a: Scizor|ability: Truant\n|move|p2a: Magnezone|Substitute|p2a: Magnezone\n|-fail|p2a: Magnezone|move: Substitute\n|\n|upkeep\n|turn|77\n|\n|t:|1700914335\n|move|p2a: Magnezone|Protect|p2a: Magnezone\n|-singleturn|p2a: Magnezone|Protect\n|move|p1a: Scizor|Aerial Ace|p2a: Magnezone\n|-activate|p2a: Magnezone|move: Protect\n|\n|upkeep\n|turn|78\n|\n|t:|1700914343\n|cant|p1a: Scizor|ability: Truant\n|move|p2a: Magnezone|Substitute|p2a: Magnezone\n|-fail|p2a: Magnezone|move: Substitute\n|-enditem|p2a: Magnezone|Leppa Berry|[eat]\n|-activate|p2a: Magnezone|item: Leppa Berry|Substitute|[consumed]\n|\n|upkeep\n|turn|79\n|\n|t:|1700914350\n|move|p2a: Magnezone|Protect|p2a: Magnezone\n|-singleturn|p2a: Magnezone|Protect\n|move|p1a: Scizor|Swords Dance|p1a: Scizor\n|-boost|p1a: Scizor|atk|0\n|\n|upkeep\n|turn|80\n|\n|t:|1700914361\n|cant|p1a: Scizor|ability: Truant\n|move|p2a: Magnezone|Recycle|p2a: Magnezone\n|-item|p2a: Magnezone|Leppa Berry|[from] move: Recycle\n|\n|upkeep\n|turn|81\n|\n|t:|1700914371\n|move|p2a: Magnezone|Protect|p2a: Magnezone\n|-singleturn|p2a: Magnezone|Protect\n|move|p1a: Scizor|Swords Dance|p1a: Scizor\n|-boost|p1a: Scizor|atk|0\n|\n|upkeep\n|turn|82\n|\n|t:|1700914391\n|cant|p1a: Scizor|ability: Truant\n|move|p2a: Magnezone|Substitute|p2a: Magnezone\n|-fail|p2a: Magnezone|move: Substitute\n|\n|upkeep\n|turn|83\n|c|\u2606Lycoreca|Blud we makin world record with this one \ud83d\ude2d\n|inactiveoff|Battle timer is now OFF.\n|inactive|Battle timer is ON: inactive players will automatically lose when time's up. (requested by Robinsintherain)\n|inactiveoff|Battle timer is now OFF.\n|\n|t:|1700914425\n|move|p2a: Magnezone|Protect|p2a: Magnezone\n|-singleturn|p2a: Magnezone|Protect\n|move|p1a: Scizor|Aerial Ace|p2a: Magnezone\n|-activate|p2a: Magnezone|move: Protect\n|\n|upkeep\n|turn|84\n|\n|t:|1700914442\n|cant|p1a: Scizor|ability: Truant\n|move|p2a: Magnezone|Substitute|p2a: Magnezone\n|-fail|p2a: Magnezone|move: Substitute\n|\n|upkeep\n|turn|85\n|inactive|Battle timer is ON: inactive players will automatically lose when time's up. (requested by Lycoreca)\n|\n|t:|1700914448\n|move|p2a: Magnezone|Protect|p2a: Magnezone\n|-singleturn|p2a: Magnezone|Protect\n|move|p1a: Scizor|Swords Dance|p1a: Scizor\n|-boost|p1a: Scizor|atk|0\n|\n|upkeep\n|turn|86\n|\n|t:|1700914457\n|cant|p1a: Scizor|ability: Truant\n|move|p2a: Magnezone|Substitute|p2a: Magnezone\n|-fail|p2a: Magnezone|move: Substitute\n|\n|upkeep\n|turn|87\n|\n|t:|1700914464\n|move|p2a: Magnezone|Protect|p2a: Magnezone\n|-singleturn|p2a: Magnezone|Protect\n|move|p1a: Scizor|Aerial Ace|p2a: Magnezone\n|-activate|p2a: Magnezone|move: Protect\n|\n|upkeep\n|turn|88\n|\n|t:|1700914470\n|cant|p1a: Scizor|ability: Truant\n|move|p2a: Magnezone|Substitute|p2a: Magnezone\n|-fail|p2a: Magnezone|move: Substitute\n|\n|upkeep\n|turn|89\n|\n|t:|1700914477\n|move|p2a: Magnezone|Protect|p2a: Magnezone\n|-singleturn|p2a: Magnezone|Protect\n|-enditem|p2a: Magnezone|Leppa Berry|[eat]\n|-activate|p2a: Magnezone|item: Leppa Berry|Protect|[consumed]\n|move|p1a: Scizor|Aerial Ace|p2a: Magnezone\n|-activate|p2a: Magnezone|move: Protect\n|\n|upkeep\n|turn|90\n|\n|t:|1700914486\n|cant|p1a: Scizor|ability: Truant\n|move|p2a: Magnezone|Recycle|p2a: Magnezone\n|-item|p2a: Magnezone|Leppa Berry|[from] move: Recycle\n|\n|upkeep\n|turn|91\n|inactive|Robinsintherain has 120 seconds left.\n|\n|t:|1700914521\n|move|p2a: Magnezone|Protect|p2a: Magnezone\n|-singleturn|p2a: Magnezone|Protect\n|move|p1a: Scizor|Bullet Punch|p2a: Magnezone\n|-activate|p2a: Magnezone|move: Protect\n|\n|upkeep\n|turn|92\n|c|\u2606Lycoreca|Still keep up lmao\n|\n|t:|1700914528\n|cant|p1a: Scizor|ability: Truant\n|move|p2a: Magnezone|Substitute|p2a: Magnezone\n|-fail|p2a: Magnezone|move: Substitute\n|\n|upkeep\n|turn|93\n|\n|t:|1700914535\n|move|p2a: Magnezone|Protect|p2a: Magnezone\n|-singleturn|p2a: Magnezone|Protect\n|move|p1a: Scizor|Aerial Ace|p2a: Magnezone\n|-activate|p2a: Magnezone|move: Protect\n|\n|upkeep\n|turn|94\n|\n|t:|1700914542\n|cant|p1a: Scizor|ability: Truant\n|move|p2a: Magnezone|Substitute|p2a: Magnezone\n|-fail|p2a: Magnezone|move: Substitute\n|\n|upkeep\n|turn|95\n|\n|t:|1700914547\n|move|p2a: Magnezone|Protect|p2a: Magnezone\n|-singleturn|p2a: Magnezone|Protect\n|move|p1a: Scizor|Aerial Ace|p2a: Magnezone\n|-activate|p2a: Magnezone|move: Protect\n|\n|upkeep\n|turn|96\n|\n|t:|1700914554\n|cant|p1a: Scizor|ability: Truant\n|move|p2a: Magnezone|Substitute|p2a: Magnezone\n|-fail|p2a: Magnezone|move: Substitute\n|\n|upkeep\n|turn|97\n|\n|t:|1700914559\n|move|p2a: Magnezone|Protect|p2a: Magnezone\n|-singleturn|p2a: Magnezone|Protect\n|move|p1a: Scizor|Swords Dance|p1a: Scizor\n|-boost|p1a: Scizor|atk|0\n|\n|upkeep\n|turn|98\n|\n|t:|1700914568\n|cant|p1a: Scizor|ability: Truant\n|move|p2a: Magnezone|Substitute|p2a: Magnezone\n|-fail|p2a: Magnezone|move: Substitute\n|\n|upkeep\n|turn|99\n|\n|t:|1700914574\n|move|p2a: Magnezone|Protect|p2a: Magnezone\n|-singleturn|p2a: Magnezone|Protect\n|move|p1a: Scizor|Swords Dance|p1a: Scizor\n|-boost|p1a: Scizor|atk|0\n|\n|upkeep\n|turn|100\n|\n|t:|1700914583\n|cant|p1a: Scizor|ability: Truant\n|move|p2a: Magnezone|Substitute|p2a: Magnezone\n|-fail|p2a: Magnezone|move: Substitute\n|\n|upkeep\n|-message|Robinsintherain's team started with the rudimentary means to perform restorative berry-cycling and thus loses.\n|\n|win|Lycoreca\n|raw|Lycoreca's rating: 1142 &rarr; <strong>1158<\/strong><br \/>(+16 for winning)\n|raw|Robinsintherain's rating: 1015 &rarr; <strong>1007<\/strong><br \/>(-8 for losing)\n|c|\u2606Robinsintherain|ggs\n|c|\u2606Lycoreca|Fuh\n|c|\u2606Lycoreca|You done waste my time lol\n|c|\u2606Lycoreca|gg\n|c|\u2606Robinsintherain|yes\n|c|\u2606Lycoreca|I will try it some time\n","uploadtime":1700914633,"views":3,"p1id":"lycoreca","p2id":"robinsintherain","formatid":"gen9nationaldex","rating":1007,"private":0,"password":""}