{"id":"gen9nationaldex-1998536156","p1":"agrade","p2":"iityphlosion","format":"[Gen 9] National Dex","log":"|html|<div class=\"broadcast-blue\"><strong>[Gen 9] National Dex is currently suspecting Sneasler! For information on how to participate check out the <a href=\"https:\/\/www.smogon.com\/forums\/threads\/sv-national-dex-suspect-8-just-dance.3731534\/\">suspect thread<\/a>.<\/strong><\/div>\n|j|\u2606agrade\n|j|\u2606iityphlosion\n|t:|1700953520\n|gametype|singles\n|player|p1|agrade|kukui-stand|1215\n|player|p2|iityphlosion|cyrus|1175\n|teamsize|p1|6\n|teamsize|p2|6\n|gen|9\n|tier|[Gen 9] National Dex\n|rated|\n|rule|HP Percentage Mod: HP is shown in percentages\n|rule|Endless Battle Clause: Forcing endless battles is banned\n|rule|OHKO Clause: OHKO moves are banned\n|rule|Evasion Clause: Evasion abilities, items, and moves are banned\n|rule|Evasion Abilities Clause: Evasion abilities are banned\n|rule|Evasion Items Clause: Evasion items are banned\n|rule|Evasion Moves Clause: Evasion moves are banned\n|rule|Species Clause: Limit one of each Pok\u00e9mon\n|rule|Sleep Clause Mod: Limit one foe put to sleep\n|clearpoke\n|poke|p1|Salamence, F|\n|poke|p1|Tapu Lele|\n|poke|p1|Pelipper, M|\n|poke|p1|Ferrothorn, F|\n|poke|p1|Basculegion, M|\n|poke|p1|Overqwil, F|\n|poke|p2|Ribombee, F|\n|poke|p2|Blaziken, M|\n|poke|p2|Gyarados, M|\n|poke|p2|Cofagrigus, M|\n|poke|p2|Urshifu-*, M|\n|poke|p2|Goodra, M|\n|teampreview\n|inactive|Battle timer is ON: inactive players will automatically lose when time's up. (requested by iityphlosion)\n|\n|t:|1700953542\n|start\n|switch|p1a: Basculegion|Basculegion, M|100\/100\n|switch|p2a: Urshifu|Urshifu-Rapid-Strike, M|100\/100\n|turn|1\n|\n|t:|1700953552\n|move|p2a: Urshifu|Thunder Punch|p1a: Basculegion\n|-supereffective|p1a: Basculegion\n|-damage|p1a: Basculegion|13\/100\n|move|p1a: Basculegion|Flip Turn|p2a: Urshifu\n|-resisted|p2a: Urshifu\n|-damage|p2a: Urshifu|79\/100\n|\n|t:|1700953559\n|switch|p1a: Salamence|Salamence, F|100\/100|[from] Flip Turn\n|-ability|p1a: Salamence|Intimidate|boost\n|-unboost|p2a: Urshifu|atk|1\n|\n|upkeep\n|turn|2\n|\n|t:|1700953566\n|move|p1a: Salamence|Hurricane|p2a: Urshifu|[miss]\n|-miss|p1a: Salamence|p2a: Urshifu\n|move|p2a: Urshifu|Ice Spinner|p1a: Salamence\n|-supereffective|p1a: Salamence\n|-damage|p1a: Salamence|0 fnt\n|faint|p1a: Salamence\n|\n|upkeep\n|\n|t:|1700953585\n|switch|p1a: Pelipper|Pelipper, M|100\/100\n|-weather|RainDance|[from] ability: Drizzle|[of] p1a: Pelipper\n|turn|3\n|\n|t:|1700953592\n|switch|p1a: Ferrothorn|Ferrothorn, F|100\/100\n|move|p2a: Urshifu|Thunder Punch|p1a: Ferrothorn\n|-resisted|p1a: Ferrothorn\n|-damage|p1a: Ferrothorn|94\/100\n|-damage|p2a: Urshifu|67\/100|[from] ability: Iron Barbs|[of] p1a: Ferrothorn\n|-enditem|p1a: Ferrothorn|Eject Button\n|\n|t:|1700953607\n|switch|p1a: Tapu Lele|Tapu Lele|100\/100\n|-fieldstart|move: Psychic Terrain|[from] ability: Psychic Surge|[of] p1a: Tapu Lele\n|\n|-weather|RainDance|[upkeep]\n|upkeep\n|turn|4\n|\n|t:|1700953615\n|switch|p2a: Goodra|Goodra, M, shiny|100\/100\n|move|p1a: Tapu Lele|Psychic|p2a: Goodra\n|-damage|p2a: Goodra|78\/100\n|-unboost|p2a: Goodra|spd|1\n|\n|-weather|RainDance|[upkeep]\n|upkeep\n|turn|5\n|\n|t:|1700953622\n|switch|p1a: Overqwil|Overqwil, F|100\/100\n|-terastallize|p2a: Goodra|Water\n|move|p2a: Goodra|Aqua Tail|p1a: Overqwil\n|-damage|p1a: Overqwil|36\/100\n|\n|-weather|RainDance|[upkeep]\n|upkeep\n|turn|6\n|\n|t:|1700953635\n|switch|p1a: Ferrothorn|Ferrothorn, F|94\/100\n|move|p2a: Goodra|Earthquake|p1a: Ferrothorn\n|-damage|p1a: Ferrothorn|76\/100\n|\n|-weather|RainDance|[upkeep]\n|upkeep\n|turn|7\n|\n|t:|1700953641\n|move|p2a: Goodra|Fire Punch|p1a: Ferrothorn\n|-supereffective|p1a: Ferrothorn\n|-damage|p1a: Ferrothorn|45\/100\n|-damage|p2a: Goodra|66\/100|[from] ability: Iron Barbs|[of] p1a: Ferrothorn\n|move|p1a: Ferrothorn|Power Whip|p2a: Goodra\n|-ability|p2a: Goodra|Sap Sipper|boost\n|-boost|p2a: Goodra|atk|1\n|\n|-weather|RainDance|[upkeep]\n|-fieldend|move: Psychic Terrain\n|upkeep\n|turn|8\n|\n|t:|1700953652\n|move|p2a: Goodra|Fire Punch|p1a: Ferrothorn\n|-supereffective|p1a: Ferrothorn\n|-damage|p1a: Ferrothorn|4\/100\n|-status|p1a: Ferrothorn|brn\n|-damage|p2a: Goodra|53\/100|[from] ability: Iron Barbs|[of] p1a: Ferrothorn\n|move|p1a: Ferrothorn|Knock Off|p2a: Goodra\n|-damage|p2a: Goodra|38\/100\n|-enditem|p2a: Goodra|Assault Vest|[from] move: Knock Off|[of] p1a: Ferrothorn\n|\n|-weather|RainDance|[upkeep]\n|-damage|p1a: Ferrothorn|0 fnt|[from] brn\n|faint|p1a: Ferrothorn\n|upkeep\n|\n|t:|1700953667\n|switch|p1a: Tapu Lele|Tapu Lele|100\/100\n|-fieldstart|move: Psychic Terrain|[from] ability: Psychic Surge|[of] p1a: Tapu Lele\n|turn|9\n|\n|t:|1700953672\n|-terastallize|p1a: Tapu Lele|Psychic\n|move|p1a: Tapu Lele|Psychic|p2a: Goodra\n|-damage|p2a: Goodra|0 fnt\n|faint|p2a: Goodra\n|\n|-weather|RainDance|[upkeep]\n|upkeep\n|\n|t:|1700953679\n|switch|p2a: Henry|Gyarados, M, shiny|100\/100\n|turn|10\n|\n|t:|1700953703\n|switch|p1a: Overqwil|Overqwil, F|36\/100\n|detailschange|p2a: Henry|Gyarados-Mega, M, shiny\n|-mega|p2a: Henry|Gyarados|Gyaradosite\n|-ability|p2a: Henry|Mold Breaker\n|move|p2a: Henry|Crunch|p1a: Overqwil\n|-resisted|p1a: Overqwil\n|-damage|p1a: Overqwil|5\/100\n|\n|-weather|none\n|upkeep\n|turn|11\n|\n|t:|1700953714\n|move|p1a: Overqwil|Taunt|p2a: Henry\n|-start|p2a: Henry|move: Taunt\n|cant|p2a: Henry|move: Taunt|Dragon Dance\n|\n|upkeep\n|turn|12\n|\n|t:|1700953721\n|move|p1a: Overqwil|Poison Jab|p2a: Henry\n|-damage|p2a: Henry|62\/100\n|move|p2a: Henry|Waterfall|p1a: Overqwil\n|-damage|p1a: Overqwil|0 fnt\n|faint|p1a: Overqwil\n|\n|upkeep\n|\n|t:|1700953727\n|switch|p1a: Pelipper|Pelipper, M|100\/100\n|-weather|RainDance|[from] ability: Drizzle|[of] p1a: Pelipper\n|turn|13\n|\n|t:|1700953751\n|move|p2a: Henry|Crunch|p1a: Pelipper\n|-crit|p1a: Pelipper\n|-damage|p1a: Pelipper|44\/100\n|move|p1a: Pelipper|U-turn|p2a: Henry\n|-supereffective|p2a: Henry\n|-damage|p2a: Henry|46\/100\n|\n|t:|1700953767\n|switch|p1a: Tapu Lele|Tapu Lele, tera:Psychic|100\/100|[from] U-turn\n|\n|-weather|RainDance|[upkeep]\n|-end|p2a: Henry|move: Taunt\n|-fieldend|move: Psychic Terrain\n|upkeep\n|turn|14\n|\n|t:|1700953772\n|move|p1a: Tapu Lele|Moonblast|p2a: Henry\n|-supereffective|p2a: Henry\n|-damage|p2a: Henry|0 fnt\n|faint|p2a: Henry\n|\n|-weather|RainDance|[upkeep]\n|upkeep\n|\n|t:|1700953776\n|switch|p2a: Urshifu|Urshifu-Rapid-Strike, M|67\/100\n|turn|15\n|\n|t:|1700953792\n|move|p1a: Tapu Lele|Moonblast|p2a: Urshifu\n|-supereffective|p2a: Urshifu\n|-damage|p2a: Urshifu|0 fnt\n|faint|p2a: Urshifu\n|\n|-weather|RainDance|[upkeep]\n|upkeep\n|\n|t:|1700953796\n|switch|p2a: Ribombee|Ribombee, F, shiny|100\/100\n|turn|16\n|\n|t:|1700953800\n|switch|p1a: Pelipper|Pelipper, M|44\/100\n|move|p2a: Ribombee|Bug Buzz|p1a: Pelipper\n|-resisted|p1a: Pelipper\n|-damage|p1a: Pelipper|15\/100\n|\n|-weather|RainDance|[upkeep]\n|upkeep\n|turn|17\n|\n|t:|1700953810\n|move|p2a: Ribombee|Moonblast|p1a: Pelipper\n|-damage|p1a: Pelipper|0 fnt\n|faint|p1a: Pelipper\n|\n|-weather|RainDance|[upkeep]\n|upkeep\n|\n|t:|1700953818\n|switch|p1a: Basculegion|Basculegion, M|13\/100\n|turn|18\n|\n|t:|1700953825\n|move|p1a: Basculegion|Liquidation|p2a: Ribombee\n|-enditem|p2a: Ribombee|Focus Sash\n|-damage|p2a: Ribombee|1\/100\n|move|p2a: Ribombee|Moonblast|p1a: Basculegion\n|-damage|p1a: Basculegion|0 fnt\n|faint|p1a: Basculegion\n|\n|-weather|RainDance|[upkeep]\n|upkeep\n|\n|t:|1700953830\n|switch|p1a: Tapu Lele|Tapu Lele, tera:Psychic|100\/100\n|-fieldstart|move: Psychic Terrain|[from] ability: Psychic Surge|[of] p1a: Tapu Lele\n|turn|19\n|\n|t:|1700953836\n|move|p1a: Tapu Lele|Psychic|p2a: Ribombee\n|-damage|p2a: Ribombee|0 fnt\n|faint|p2a: Ribombee\n|\n|-weather|RainDance|[upkeep]\n|upkeep\n|\n|t:|1700953843\n|switch|p2a: Cofagrigus|Cofagrigus, M, shiny|100\/100\n|turn|20\n|\n|t:|1700953846\n|move|p1a: Tapu Lele|Psychic|p2a: Cofagrigus\n|-damage|p2a: Cofagrigus|21\/100\n|move|p2a: Cofagrigus|Curse|p1a: Tapu Lele\n|-start|p1a: Tapu Lele|Curse|[of] p2a: Cofagrigus\n|-damage|p2a: Cofagrigus|0 fnt\n|faint|p2a: Cofagrigus\n|\n|-weather|none\n|-damage|p1a: Tapu Lele|76\/100|[from] Curse\n|upkeep\n|\n|t:|1700953849\n|switch|p2a: Blaziken|Blaziken, M, shiny|100\/100\n|turn|21\n|\n|t:|1700953852\n|move|p2a: Blaziken|Protect|p2a: Blaziken\n|-singleturn|p2a: Blaziken|Protect\n|move|p1a: Tapu Lele|Psychic|p2a: Blaziken\n|-activate|p2a: Blaziken|move: Protect\n|\n|-damage|p1a: Tapu Lele|51\/100|[from] Curse\n|-ability|p2a: Blaziken|Speed Boost|boost\n|-boost|p2a: Blaziken|spe|1\n|upkeep\n|turn|22\n|inactive|iityphlosion has 120 seconds left.\n|\n|t:|1700953892\n|move|p1a: Tapu Lele|Psychic|p2a: Blaziken\n|-supereffective|p2a: Blaziken\n|-enditem|p2a: Blaziken|Focus Sash\n|-damage|p2a: Blaziken|1\/100\n|move|p2a: Blaziken|Earthquake|p1a: Tapu Lele\n|-damage|p1a: Tapu Lele|1\/100\n|\n|-damage|p1a: Tapu Lele|0 fnt|[from] Curse\n|faint|p1a: Tapu Lele\n|\n|win|iityphlosion\n|upkeep\n|raw|agrade's rating: 1237 &rarr; <strong>1208<\/strong><br \/>(-29 for losing)\n|raw|iityphlosion's rating: 1175 &rarr; <strong>1204<\/strong><br \/>(+29 for winning)\n","uploadtime":1700953899,"views":2,"p1id":"agrade","p2id":"iityphlosion","formatid":"gen9nationaldex","rating":1204,"private":0,"password":""}