{"id":"gen9nationaldex-2000106973","p1":"spirefire","p2":"jfbofdbid","format":"[Gen 9] National Dex","log":"|html|<div class=\"broadcast-blue\"><strong>[Gen 9] National Dex is currently suspecting Sneasler! For information on how to participate check out the <a href=\"https:\/\/www.smogon.com\/forums\/threads\/sv-national-dex-suspect-8-just-dance.3731534\/\">suspect thread<\/a>.<\/strong><\/div>\n|j|\u2606spirefire\n|j|\u2606jfbofdbid\n|t:|1701156066\n|gametype|singles\n|player|p1|spirefire|misty|1668\n|player|p2|jfbofdbid|cynthia|1720\n|teamsize|p1|6\n|teamsize|p2|6\n|gen|9\n|tier|[Gen 9] National Dex\n|rated|\n|rule|HP Percentage Mod: HP is shown in percentages\n|rule|Endless Battle Clause: Forcing endless battles is banned\n|rule|OHKO Clause: OHKO moves are banned\n|rule|Evasion Clause: Evasion abilities, items, and moves are banned\n|rule|Evasion Abilities Clause: Evasion abilities are banned\n|rule|Evasion Items Clause: Evasion items are banned\n|rule|Evasion Moves Clause: Evasion moves are banned\n|rule|Species Clause: Limit one of each Pok\u00e9mon\n|rule|Sleep Clause Mod: Limit one foe put to sleep\n|clearpoke\n|poke|p1|Gyarados, F|\n|poke|p1|Ceruledge, M|\n|poke|p1|Glimmora, M|\n|poke|p1|Kartana|\n|poke|p1|Mew|\n|poke|p1|Iron Valiant|\n|poke|p2|Banette, M|\n|poke|p2|Pawmot, F|\n|poke|p2|Hoopa-Unbound|\n|poke|p2|Tapu Lele|\n|poke|p2|Landorus-Therian, M|\n|poke|p2|Magnezone|\n|teampreview\n|inactive|Battle timer is ON: inactive players will automatically lose when time's up. (requested by spirefire)\n|\n|t:|1701156092\n|start\n|switch|p1a: Glimmora|Glimmora, M, shiny|100\/100\n|switch|p2a: Tapu Lele|Tapu Lele, shiny|100\/100\n|-fieldstart|move: Psychic Terrain|[from] ability: Psychic Surge|[of] p2a: Tapu Lele\n|turn|1\n|\n|t:|1701156117\n|-terastallize|p2a: Tapu Lele|Steel\n|move|p1a: Glimmora|Stealth Rock|p2a: Tapu Lele\n|-sidestart|p2: jfbofdbid|move: Stealth Rock\n|move|p2a: Tapu Lele|Calm Mind|p2a: Tapu Lele\n|-boost|p2a: Tapu Lele|spa|1\n|-boost|p2a: Tapu Lele|spd|1\n|\n|upkeep\n|turn|2\n|\n|t:|1701156124\n|move|p1a: Glimmora|Earth Power|p2a: Tapu Lele\n|-supereffective|p2a: Tapu Lele\n|-damage|p2a: Tapu Lele|64\/100\n|move|p2a: Tapu Lele|Iron Defense|p2a: Tapu Lele\n|-boost|p2a: Tapu Lele|def|2\n|\n|-heal|p2a: Tapu Lele|71\/100|[from] item: Leftovers\n|upkeep\n|turn|3\n|\n|t:|1701156131\n|switch|p1a: Cast-Off|Ceruledge, M, shiny|100\/100\n|move|p2a: Tapu Lele|Calm Mind|p2a: Tapu Lele\n|-boost|p2a: Tapu Lele|spa|1\n|-boost|p2a: Tapu Lele|spd|1\n|\n|-heal|p2a: Tapu Lele|77\/100|[from] item: Leftovers\n|upkeep\n|turn|4\n|\n|t:|1701156139\n|move|p1a: Cast-Off|Swords Dance|p1a: Cast-Off\n|-boost|p1a: Cast-Off|atk|2\n|move|p2a: Tapu Lele|Draining Kiss|p1a: Cast-Off\n|-resisted|p1a: Cast-Off\n|-damage|p1a: Cast-Off|77\/100\n|-heal|p2a: Tapu Lele|92\/100|[from] drain|[of] p1a: Cast-Off\n|\n|-heal|p2a: Tapu Lele|98\/100|[from] item: Leftovers\n|upkeep\n|turn|5\n|\n|t:|1701156143\n|move|p1a: Cast-Off|Bitter Blade|p2a: Tapu Lele\n|-supereffective|p2a: Tapu Lele\n|-damage|p2a: Tapu Lele|16\/100\n|-heal|p1a: Cast-Off|100\/100|[from] drain|[of] p2a: Tapu Lele\n|move|p2a: Tapu Lele|Stored Power|p1a: Cast-Off\n|-damage|p1a: Cast-Off|0 fnt\n|faint|p1a: Cast-Off\n|\n|-heal|p2a: Tapu Lele|22\/100|[from] item: Leftovers\n|-fieldend|move: Psychic Terrain\n|upkeep\n|\n|t:|1701156151\n|switch|p1a: Iron Valiant|Iron Valiant|100\/100\n|-enditem|p1a: Iron Valiant|Booster Energy\n|-activate|p1a: Iron Valiant|ability: Quark Drive|[fromitem]\n|-start|p1a: Iron Valiant|quarkdrivespe\n|turn|6\n|\n|t:|1701156155\n|move|p1a: Iron Valiant|Close Combat|p2a: Tapu Lele\n|-supereffective|p2a: Tapu Lele\n|-damage|p2a: Tapu Lele|0 fnt\n|-unboost|p1a: Iron Valiant|def|1\n|-unboost|p1a: Iron Valiant|spd|1\n|faint|p2a: Tapu Lele\n|\n|upkeep\n|\n|t:|1701156161\n|switch|p2a: Landorus|Landorus-Therian, M, shiny|100\/100\n|-damage|p2a: Landorus|88\/100|[from] Stealth Rock\n|-ability|p2a: Landorus|Intimidate|boost\n|-unboost|p1a: Iron Valiant|atk|1\n|turn|7\n|\n|t:|1701156165\n|move|p1a: Iron Valiant|Destiny Bond|p1a: Iron Valiant\n|-singlemove|p1a: Iron Valiant|Destiny Bond\n|move|p2a: Landorus|Defog|p1a: Iron Valiant\n|-unboost|p1a: Iron Valiant|evasion|1\n|-sideend|p2: jfbofdbid|Stealth Rock|[from] move: Defog|[of] p2a: Landorus\n|\n|upkeep\n|turn|8\n|\n|t:|1701156172\n|move|p1a: Iron Valiant|Moonblast|p2a: Landorus\n|-damage|p2a: Landorus|30\/100\n|move|p2a: Landorus|Stealth Rock|p1a: Iron Valiant\n|-sidestart|p1: spirefire|move: Stealth Rock\n|\n|upkeep\n|turn|9\n|\n|t:|1701156179\n|switch|p2a: Pawmot|Pawmot, F|100\/100\n|move|p1a: Iron Valiant|Moonblast|p2a: Pawmot\n|-supereffective|p2a: Pawmot\n|-damage|p2a: Pawmot|0 fnt\n|faint|p2a: Pawmot\n|\n|upkeep\n|\n|t:|1701156183\n|switch|p2a: Banette|Banette, M|100\/100\n|turn|10\n|-message|jfbofdbid forfeited.\n|\n|win|spirefire\n|raw|spirefire's rating: 1668 &rarr; <strong>1691<\/strong><br \/>(+23 for winning)\n|raw|jfbofdbid's rating: 1720 &rarr; <strong>1697<\/strong><br \/>(-23 for losing)\n|l|\u2606jfbofdbid\n","uploadtime":1701156194,"views":6,"p1id":"spirefire","p2id":"jfbofdbid","formatid":"gen9nationaldex","rating":1691,"private":0,"password":""}