{"id":"gen9nationaldex-1994598406","p1":"NDSNEZ qianqian","p2":"MONTIEL JAEGER","format":"[Gen 9] National Dex","log":"|html|<div class=\"broadcast-blue\"><strong>[Gen 9] National Dex is currently suspecting Sneasler! For information on how to participate check out the <a href=\"https:\/\/www.smogon.com\/forums\/threads\/sv-national-dex-suspect-8-just-dance.3731534\/\">suspect thread<\/a>.<\/strong><\/div>\n|j|\u2606NDSNEZ qianqian\n|j|\u2606MONTIEL JAEGER\n|t:|1700466898\n|gametype|singles\n|player|p1|NDSNEZ qianqian|acerola|1097\n|player|p2|MONTIEL JAEGER|guzma|1158\n|teamsize|p1|6\n|teamsize|p2|6\n|gen|9\n|tier|[Gen 9] National Dex\n|rated|\n|rule|HP Percentage Mod: HP is shown in percentages\n|rule|Endless Battle Clause: Forcing endless battles is banned\n|rule|OHKO Clause: OHKO moves are banned\n|rule|Evasion Clause: Evasion abilities, items, and moves are banned\n|rule|Evasion Abilities Clause: Evasion abilities are banned\n|rule|Evasion Items Clause: Evasion items are banned\n|rule|Evasion Moves Clause: Evasion moves are banned\n|rule|Species Clause: Limit one of each Pok\u00e9mon\n|rule|Sleep Clause Mod: Limit one foe put to sleep\n|clearpoke\n|poke|p1|Tapu Lele|\n|poke|p1|Moltres|\n|poke|p1|Urshifu-*, M|\n|poke|p1|Banette, F|\n|poke|p1|Kommo-o, F|\n|poke|p1|Landorus-Therian, M|\n|poke|p2|Heatran, M|\n|poke|p2|Jellicent, F|\n|poke|p2|Great Tusk|\n|poke|p2|Scizor, F|\n|poke|p2|Gliscor, M|\n|poke|p2|Ninetales-Alola, F|\n|teampreview\n|inactive|Battle timer is ON: inactive players will automatically lose when time's up. (requested by NDSNEZ qianqian)\n|inactive|NDSNEZ qianqian has 120 seconds left.\n|\n|t:|1700466934\n|start\n|switch|p1a: Tapu Lele|Tapu Lele|100\/100\n|switch|p2a: Ninetales|Ninetales-Alola, F, shiny|100\/100\n|-weather|Snow|[from] ability: Snow Warning|[of] p2a: Ninetales\n|-fieldstart|move: Psychic Terrain|[from] ability: Psychic Surge|[of] p1a: Tapu Lele\n|turn|1\n|\n|t:|1700466946\n|move|p2a: Ninetales|Aurora Veil|p2a: Ninetales\n|-sidestart|p2: MONTIEL JAEGER|move: Aurora Veil\n|move|p1a: Tapu Lele|Psychic|p2a: Ninetales\n|-damage|p2a: Ninetales|57\/100\n|\n|-weather|Snow|[upkeep]\n|upkeep\n|turn|2\n|\n|t:|1700466954\n|move|p2a: Ninetales|Blizzard|p1a: Tapu Lele\n|-damage|p1a: Tapu Lele|56\/100\n|move|p1a: Tapu Lele|Psychic|p2a: Ninetales\n|-damage|p2a: Ninetales|13\/100\n|\n|-weather|Snow|[upkeep]\n|upkeep\n|turn|3\n|\n|t:|1700466962\n|move|p2a: Ninetales|Blizzard|p1a: Tapu Lele\n|-damage|p1a: Tapu Lele|13\/100\n|move|p1a: Tapu Lele|Psychic|p2a: Ninetales\n|-damage|p2a: Ninetales|0 fnt\n|faint|p2a: Ninetales\n|\n|-weather|Snow|[upkeep]\n|upkeep\n|\n|t:|1700466971\n|switch|p2a: Scizor|Scizor, F|100\/100\n|turn|4\n|\n|t:|1700466991\n|detailschange|p2a: Scizor|Scizor-Mega, F\n|-mega|p2a: Scizor|Scizor|Scizorite\n|move|p1a: Tapu Lele|Psychic|p2a: Scizor\n|-resisted|p2a: Scizor\n|-damage|p2a: Scizor|82\/100\n|move|p2a: Scizor|Swords Dance|p2a: Scizor\n|-boost|p2a: Scizor|atk|2\n|\n|-weather|Snow|[upkeep]\n|upkeep\n|turn|5\n|\n|t:|1700467001\n|switch|p1a: Moltres|Moltres|100\/100\n|move|p2a: Scizor|Aerial Ace|p1a: Moltres\n|-damage|p1a: Moltres|46\/100\n|\n|-weather|none\n|-fieldend|move: Psychic Terrain\n|upkeep\n|turn|6\n|\n|t:|1700467010\n|-terastallize|p1a: Moltres|Steel\n|move|p1a: Moltres|Flamethrower|p2a: Scizor\n|-supereffective|p2a: Scizor\n|-damage|p2a: Scizor|7\/100\n|move|p2a: Scizor|Aerial Ace|p1a: Moltres\n|-resisted|p1a: Moltres\n|-damage|p1a: Moltres|19\/100\n|\n|upkeep\n|turn|7\n|\n|t:|1700467020\n|switch|p2a: Heatran|Heatran, M|100\/100\n|move|p1a: Moltres|Roost|p1a: Moltres\n|-heal|p1a: Moltres|69\/100\n|\n|upkeep\n|turn|8\n|\n|t:|1700467032\n|switch|p1a: Tapu Lele|Tapu Lele|13\/100\n|-fieldstart|move: Psychic Terrain|[from] ability: Psychic Surge|[of] p1a: Tapu Lele\n|move|p2a: Heatran|Stealth Rock|p1a: Tapu Lele\n|-sidestart|p1: NDSNEZ qianqian|move: Stealth Rock\n|\n|-sideend|p2: MONTIEL JAEGER|move: Aurora Veil\n|upkeep\n|turn|9\n|\n|t:|1700467040\n|move|p1a: Tapu Lele|Focus Blast|p2a: Heatran\n|-supereffective|p2a: Heatran\n|-damage|p2a: Heatran|47\/100\n|move|p2a: Heatran|Magma Storm|p1a: Tapu Lele|[miss]\n|-miss|p2a: Heatran|p1a: Tapu Lele\n|\n|-heal|p2a: Heatran|53\/100|[from] item: Leftovers\n|upkeep\n|turn|10\n|\n|t:|1700467050\n|move|p2a: Heatran|Protect|p2a: Heatran\n|-singleturn|p2a: Heatran|Protect\n|move|p1a: Tapu Lele|Focus Blast|p2a: Heatran\n|-activate|p2a: Heatran|move: Protect\n|\n|-heal|p2a: Heatran|60\/100|[from] item: Leftovers\n|upkeep\n|turn|11\n|\n|t:|1700467071\n|move|p1a: Tapu Lele|Focus Blast|p2a: Heatran\n|-supereffective|p2a: Heatran\n|-damage|p2a: Heatran|9\/100\n|move|p2a: Heatran|Magma Storm|p1a: Tapu Lele|[miss]\n|-miss|p2a: Heatran|p1a: Tapu Lele\n|\n|-heal|p2a: Heatran|16\/100|[from] item: Leftovers\n|upkeep\n|turn|12\n|\n|t:|1700467082\n|switch|p2a: Scizor|Scizor-Mega, F|7\/100\n|move|p1a: Tapu Lele|Psychic|p2a: Scizor\n|-resisted|p2a: Scizor\n|-damage|p2a: Scizor|0 fnt\n|faint|p2a: Scizor\n|\n|-fieldend|move: Psychic Terrain\n|upkeep\n|inactive|MONTIEL JAEGER has 120 seconds left.\n|\n|t:|1700467113\n|switch|p2a: Heatran|Heatran, M|16\/100\n|turn|13\n|\n|t:|1700467118\n|move|p1a: Tapu Lele|Focus Blast|p2a: Heatran|[miss]\n|-miss|p1a: Tapu Lele|p2a: Heatran\n|move|p2a: Heatran|Magma Storm|p1a: Tapu Lele|[miss]\n|-miss|p2a: Heatran|p1a: Tapu Lele\n|\n|-heal|p2a: Heatran|22\/100|[from] item: Leftovers\n|upkeep\n|turn|14\n|\n|t:|1700467127\n|move|p2a: Heatran|Protect|p2a: Heatran\n|-singleturn|p2a: Heatran|Protect\n|move|p1a: Tapu Lele|Focus Blast|p2a: Heatran\n|-activate|p2a: Heatran|move: Protect\n|\n|-heal|p2a: Heatran|28\/100|[from] item: Leftovers\n|upkeep\n|turn|15\n|inactive|MONTIEL JAEGER has 120 seconds left.\n|\n|t:|1700467155\n|move|p1a: Tapu Lele|Focus Blast|p2a: Heatran|[miss]\n|-miss|p1a: Tapu Lele|p2a: Heatran\n|move|p2a: Heatran|Will-O-Wisp|p1a: Tapu Lele\n|-status|p1a: Tapu Lele|brn\n|\n|-heal|p2a: Heatran|34\/100|[from] item: Leftovers\n|-damage|p1a: Tapu Lele|7\/100 brn|[from] brn\n|upkeep\n|turn|16\n|\n|t:|1700467166\n|move|p2a: Heatran|Protect|p2a: Heatran\n|-singleturn|p2a: Heatran|Protect\n|move|p1a: Tapu Lele|Focus Blast|p2a: Heatran\n|-activate|p2a: Heatran|move: Protect\n|\n|-heal|p2a: Heatran|40\/100|[from] item: Leftovers\n|-damage|p1a: Tapu Lele|1\/100 brn|[from] brn\n|upkeep\n|turn|17\n|\n|t:|1700467176\n|switch|p2a: Gliscor|Gliscor, M|100\/100\n|move|p1a: Tapu Lele|Psychic|p2a: Gliscor\n|-damage|p2a: Gliscor|24\/100\n|\n|-damage|p1a: Tapu Lele|0 fnt|[from] brn\n|faint|p1a: Tapu Lele\n|-status|p2a: Gliscor|tox|[from] item: Toxic Orb\n|upkeep\n|\n|t:|1700467187\n|switch|p1a: Kommo-o|Kommo-o, F|100\/100\n|-damage|p1a: Kommo-o|94\/100|[from] Stealth Rock\n|turn|18\n|inactive|MONTIEL JAEGER has 120 seconds left.\n|\n|t:|1700467214\n|move|p2a: Gliscor|Taunt|p1a: Kommo-o\n|-start|p1a: Kommo-o|move: Taunt\n|-zpower|p1a: Kommo-o\n|move|p1a: Kommo-o|Clangorous Soulblaze|p2a: Gliscor|[zeffect]\n|-damage|p2a: Gliscor|0 fnt\n|faint|p2a: Gliscor\n|-boost|p1a: Kommo-o|atk|1\n|-boost|p1a: Kommo-o|def|1\n|-boost|p1a: Kommo-o|spa|1\n|-boost|p1a: Kommo-o|spd|1\n|-boost|p1a: Kommo-o|spe|1\n|\n|upkeep\n|\n|t:|1700467229\n|switch|p2a: Heatran|Heatran, M|40\/100\n|turn|19\n|\n|t:|1700467233\n|move|p2a: Heatran|Protect|p2a: Heatran\n|-singleturn|p2a: Heatran|Protect\n|move|p1a: Kommo-o|Close Combat|p2a: Heatran\n|-activate|p2a: Heatran|move: Protect\n|\n|-heal|p2a: Heatran|47\/100|[from] item: Leftovers\n|upkeep\n|turn|20\n|inactive|MONTIEL JAEGER has 90 seconds left.\n|\n|t:|1700467270\n|switch|p2a: Jellicent|Jellicent, F|100\/100\n|move|p1a: Kommo-o|Clanging Scales|p2a: Jellicent\n|-damage|p2a: Jellicent|56\/100\n|-unboost|p1a: Kommo-o|def|1\n|\n|-end|p1a: Kommo-o|move: Taunt\n|upkeep\n|turn|21\n|\n|t:|1700467281\n|move|p1a: Kommo-o|Clanging Scales|p2a: Jellicent\n|-damage|p2a: Jellicent|12\/100\n|-unboost|p1a: Kommo-o|def|1\n|move|p2a: Jellicent|Ice Beam|p1a: Kommo-o\n|-supereffective|p1a: Kommo-o\n|-damage|p1a: Kommo-o|55\/100\n|\n|upkeep\n|turn|22\n|\n|t:|1700467292\n|move|p1a: Kommo-o|Clanging Scales|p2a: Jellicent\n|-damage|p2a: Jellicent|0 fnt\n|faint|p2a: Jellicent\n|-unboost|p1a: Kommo-o|def|1\n|\n|upkeep\n|\n|t:|1700467312\n|switch|p2a: Great Tusk|Great Tusk|100\/100\n|-enditem|p2a: Great Tusk|Booster Energy\n|-activate|p2a: Great Tusk|ability: Protosynthesis|[fromitem]\n|-start|p2a: Great Tusk|protosynthesisatk\n|turn|23\n|\n|t:|1700467320\n|-terastallize|p2a: Great Tusk|Ground\n|move|p1a: Kommo-o|Clanging Scales|p2a: Great Tusk\n|-damage|p2a: Great Tusk|0 fnt\n|faint|p2a: Great Tusk\n|-end|p2a: Great Tusk|Protosynthesis|[silent]\n|-unboost|p1a: Kommo-o|def|1\n|\n|upkeep\n|\n|t:|1700467326\n|switch|p2a: Heatran|Heatran, M|47\/100\n|turn|24\n|\n|t:|1700467330\n|move|p1a: Kommo-o|Close Combat|p2a: Heatran\n|-supereffective|p2a: Heatran\n|-damage|p2a: Heatran|0 fnt\n|-unboost|p1a: Kommo-o|def|1\n|-unboost|p1a: Kommo-o|spd|1\n|faint|p2a: Heatran\n|\n|win|NDSNEZ qianqian\n|raw|NDSNEZ qianqian's rating: 1097 &rarr; <strong>1127<\/strong><br \/>(+30 for winning)\n|raw|MONTIEL JAEGER's rating: 1158 &rarr; <strong>1129<\/strong><br \/>(-29 for losing)\n|l|\u2606MONTIEL JAEGER\n","uploadtime":1700467339,"views":12,"p1id":"ndsnezqianqian","p2id":"montieljaeger","formatid":"gen9nationaldex","rating":1127,"private":0,"password":""}