{"id":"gen9nationaldex-1999912272","p1":"SamChu10","p2":"starlitbox","format":"[Gen 9] National Dex","log":"|html|<div class=\"broadcast-blue\"><strong>[Gen 9] National Dex is currently suspecting Sneasler! For information on how to participate check out the <a href=\"https:\/\/www.smogon.com\/forums\/threads\/sv-national-dex-suspect-8-just-dance.3731534\/\">suspect thread<\/a>.<\/strong><\/div>\n|j|\u2606SamChu10\n|j|\u2606starlitbox\n|t:|1701129252\n|gametype|singles\n|player|p1|SamChu10|blue|1246\n|player|p2|starlitbox|silver|1278\n|teamsize|p1|6\n|teamsize|p2|6\n|gen|9\n|tier|[Gen 9] National Dex\n|rated|\n|rule|HP Percentage Mod: HP is shown in percentages\n|rule|Endless Battle Clause: Forcing endless battles is banned\n|rule|OHKO Clause: OHKO moves are banned\n|rule|Evasion Clause: Evasion abilities, items, and moves are banned\n|rule|Evasion Abilities Clause: Evasion abilities are banned\n|rule|Evasion Items Clause: Evasion items are banned\n|rule|Evasion Moves Clause: Evasion moves are banned\n|rule|Species Clause: Limit one of each Pok\u00e9mon\n|rule|Sleep Clause Mod: Limit one foe put to sleep\n|clearpoke\n|poke|p1|Lopunny, M|\n|poke|p1|Kommo-o, M|\n|poke|p1|Toxtricity, M|\n|poke|p1|Thundurus-Therian, M|\n|poke|p1|Wugtrio, M|\n|poke|p1|Araquanid, M|\n|poke|p2|Landorus-Therian, M|\n|poke|p2|Greninja-*, M|\n|poke|p2|Volcarona, F|\n|poke|p2|Iron Valiant|\n|poke|p2|Ogerpon-Wellspring, F|\n|poke|p2|Tapu Koko|\n|teampreview\n|\n|t:|1701129260\n|start\n|switch|p1a: Lopunny|Lopunny, M|100\/100\n|switch|p2a: Landorus|Landorus-Therian, M|100\/100\n|-ability|p2a: Landorus|Intimidate|boost\n|-unboost|p1a: Lopunny|atk|1\n|turn|1\n|\n|t:|1701129272\n|switch|p1a: Thundurus|Thundurus-Therian, M|100\/100\n|move|p2a: Landorus|U-turn|p1a: Thundurus\n|-resisted|p1a: Thundurus\n|-crit|p1a: Thundurus\n|-damage|p1a: Thundurus|64\/100\n|\n|t:|1701129289\n|switch|p2a: Ogerpon|Ogerpon-Wellspring, F|100\/100|[from] U-turn\n|\n|upkeep\n|turn|2\n|\n|t:|1701129303\n|move|p1a: Thundurus|Hidden Power|p2a: Ogerpon\n|-supereffective|p2a: Ogerpon\n|-damage|p2a: Ogerpon|26\/100\n|move|p2a: Ogerpon|Ivy Cudgel|p1a: Thundurus|[anim] Ivy Cudgel Water\n|-damage|p1a: Thundurus|0 fnt\n|faint|p1a: Thundurus\n|\n|upkeep\n|\n|t:|1701129315\n|switch|p1a: Kommo-o|Kommo-o, M|100\/100\n|turn|3\n|\n|t:|1701129320\n|move|p2a: Ogerpon|Ivy Cudgel|p1a: Kommo-o|[anim] Ivy Cudgel Water\n|-resisted|p1a: Kommo-o\n|-damage|p1a: Kommo-o|73\/100\n|move|p1a: Kommo-o|Clangorous Soul|p1a: Kommo-o\n|-boost|p1a: Kommo-o|atk|1\n|-boost|p1a: Kommo-o|def|1\n|-boost|p1a: Kommo-o|spa|1\n|-boost|p1a: Kommo-o|spd|1\n|-boost|p1a: Kommo-o|spe|1\n|-damage|p1a: Kommo-o|40\/100\n|-enditem|p1a: Kommo-o|Throat Spray\n|-boost|p1a: Kommo-o|spa|1|[from] item: Throat Spray\n|\n|upkeep\n|turn|4\n|\n|t:|1701129332\n|move|p1a: Kommo-o|Boomburst|p2a: Ogerpon\n|-damage|p2a: Ogerpon|0 fnt\n|faint|p2a: Ogerpon\n|\n|upkeep\n|\n|t:|1701129338\n|switch|p2a: Tapu Koko|Tapu Koko|100\/100\n|-fieldstart|move: Electric Terrain|[from] ability: Electric Surge|[of] p2a: Tapu Koko\n|turn|5\n|\n|t:|1701129344\n|move|p1a: Kommo-o|Boomburst|p2a: Tapu Koko\n|-damage|p2a: Tapu Koko|0 fnt\n|faint|p2a: Tapu Koko\n|\n|upkeep\n|\n|t:|1701129347\n|switch|p2a: Iron Valiant|Iron Valiant|100\/100\n|-activate|p2a: Iron Valiant|ability: Quark Drive\n|-start|p2a: Iron Valiant|quarkdrivespe\n|turn|6\n|\n|t:|1701129355\n|-terastallize|p2a: Iron Valiant|Fairy\n|move|p2a: Iron Valiant|Moonblast|p1a: Kommo-o\n|-supereffective|p1a: Kommo-o\n|-damage|p1a: Kommo-o|0 fnt\n|faint|p1a: Kommo-o\n|\n|upkeep\n|\n|t:|1701129370\n|switch|p1a: Lopunny|Lopunny, M|100\/100\n|turn|7\n|\n|t:|1701129373\n|detailschange|p1a: Lopunny|Lopunny-Mega, M\n|-mega|p1a: Lopunny|Lopunny|Lopunnite\n|move|p1a: Lopunny|Fake Out|p2a: Iron Valiant\n|-damage|p2a: Iron Valiant|73\/100\n|cant|p2a: Iron Valiant|flinch\n|\n|upkeep\n|turn|8\n|\n|t:|1701129383\n|move|p2a: Iron Valiant|Moonblast|p1a: Lopunny\n|-supereffective|p1a: Lopunny\n|-damage|p1a: Lopunny|0 fnt\n|faint|p1a: Lopunny\n|\n|upkeep\n|\n|t:|1701129391\n|switch|p1a: Araquanid|Araquanid, M|100\/100\n|turn|9\n|\n|t:|1701129394\n|move|p2a: Iron Valiant|Moonblast|p1a: Araquanid\n|-damage|p1a: Araquanid|29\/100\n|-unboost|p1a: Araquanid|spa|1\n|move|p1a: Araquanid|Sticky Web|p2a: Iron Valiant\n|-sidestart|p2: starlitbox|move: Sticky Web\n|\n|-heal|p1a: Araquanid|35\/100|[from] item: Leftovers\n|-fieldend|move: Electric Terrain\n|-end|p2a: Iron Valiant|Quark Drive\n|upkeep\n|turn|10\n|\n|t:|1701129406\n|move|p2a: Iron Valiant|Moonblast|p1a: Araquanid\n|-damage|p1a: Araquanid|0 fnt\n|faint|p1a: Araquanid\n|\n|upkeep\n|\n|t:|1701129409\n|switch|p1a: Toxtricity|Toxtricity, M|100\/100\n|turn|11\n|\n|t:|1701129423\n|move|p2a: Iron Valiant|Moonblast|p1a: Toxtricity\n|-resisted|p1a: Toxtricity\n|-damage|p1a: Toxtricity|31\/100\n|move|p1a: Toxtricity|Shift Gear|p1a: Toxtricity\n|-boost|p1a: Toxtricity|spe|2\n|-boost|p1a: Toxtricity|atk|1\n|\n|upkeep\n|turn|12\n|\n|t:|1701129431\n|move|p1a: Toxtricity|Boomburst|p2a: Iron Valiant\n|-damage|p2a: Iron Valiant|0 fnt\n|faint|p2a: Iron Valiant\n|-end|p2a: Iron Valiant|Quark Drive|[silent]\n|\n|upkeep\n|\n|t:|1701129436\n|switch|p2a: Landorus|Landorus-Therian, M|100\/100\n|-ability|p2a: Landorus|Intimidate|boost\n|-unboost|p1a: Toxtricity|atk|1\n|turn|13\n|\n|t:|1701129443\n|move|p1a: Toxtricity|Boomburst|p2a: Landorus\n|-damage|p2a: Landorus|35\/100\n|move|p2a: Landorus|Earthquake|p1a: Toxtricity\n|-supereffective|p1a: Toxtricity\n|-damage|p1a: Toxtricity|0 fnt\n|faint|p1a: Toxtricity\n|\n|-heal|p2a: Landorus|41\/100|[from] item: Leftovers\n|upkeep\n|\n|t:|1701129449\n|switch|p1a: Wugtrio|Wugtrio, M|100\/100\n|turn|14\n|\n|t:|1701129457\n|move|p1a: Wugtrio|Triple Dive|p2a: Landorus\n|-supereffective|p2a: Landorus\n|-damage|p2a: Landorus|2\/100\n|-supereffective|p2a: Landorus\n|-damage|p2a: Landorus|0 fnt\n|faint|p2a: Landorus\n|-hitcount|p2: Landorus|2\n|\n|upkeep\n|\n|t:|1701129470\n|switch|p2a: Greninja|Greninja, M|100\/100\n|-activate|p2a: Greninja|move: Sticky Web\n|-unboost|p2a: Greninja|spe|1\n|turn|15\n|\n|t:|1701129475\n|-terastallize|p1a: Wugtrio|Water\n|move|p1a: Wugtrio|Triple Dive|p2a: Greninja\n|-resisted|p2a: Greninja\n|-damage|p2a: Greninja|79\/100\n|-resisted|p2a: Greninja\n|-damage|p2a: Greninja|59\/100\n|-resisted|p2a: Greninja\n|-damage|p2a: Greninja|36\/100\n|-hitcount|p2a: Greninja|3\n|move|p2a: Greninja|Dark Pulse|p1a: Wugtrio\n|-crit|p1a: Wugtrio\n|-damage|p1a: Wugtrio|0 fnt\n|faint|p1a: Wugtrio\n|\n|win|starlitbox\n|raw|SamChu10's rating: 1246 &rarr; <strong>1223<\/strong><br \/>(-23 for losing)\n|raw|starlitbox's rating: 1278 &rarr; <strong>1301<\/strong><br \/>(+23 for winning)\n|l|\u2606SamChu10\n","uploadtime":1701129490,"views":2,"p1id":"samchu10","p2id":"starlitbox","formatid":"gen9nationaldex","rating":1223,"private":0,"password":""}