{"id":"gen9nationaldex-1987086288","p1":"cavocavo","p2":"abcslayer","format":"[Gen 9] National Dex","log":"|j|\u2606cavocavo\n|j|\u2606abcslayer\n|t:|1699554931\n|gametype|singles\n|player|p1|cavocavo|bugcatcher-gen4dp|1334\n|player|p2|abcslayer|cynthia-gen4|1454\n|teamsize|p1|6\n|teamsize|p2|6\n|gen|9\n|tier|[Gen 9] National Dex\n|rated|\n|rule|HP Percentage Mod: HP is shown in percentages\n|rule|Endless Battle Clause: Forcing endless battles is banned\n|rule|OHKO Clause: OHKO moves are banned\n|rule|Evasion Clause: Evasion abilities, items, and moves are banned\n|rule|Evasion Abilities Clause: Evasion abilities are banned\n|rule|Evasion Items Clause: Evasion items are banned\n|rule|Evasion Moves Clause: Evasion moves are banned\n|rule|Species Clause: Limit one of each Pok\u00e9mon\n|rule|Sleep Clause Mod: Limit one foe put to sleep\n|clearpoke\n|poke|p1|Porygon-Z|\n|poke|p1|Galvantula, F|\n|poke|p1|Kartana|\n|poke|p1|Alakazam, M|\n|poke|p1|Beedrill, M|\n|poke|p1|Pyukumuku, M|\n|poke|p2|Greninja-*, M|\n|poke|p2|Chansey, F|\n|poke|p2|Charizard, F|\n|poke|p2|Ferrothorn, F|\n|poke|p2|Garchomp, M|\n|poke|p2|Corviknight, M|\n|teampreview\n|\n|t:|1699554947\n|start\n|switch|p1a: Galvantula|Galvantula, F, shiny|100\/100\n|switch|p2a: Flying Lizard|Charizard, F|100\/100\n|turn|1\n|inactive|Battle timer is ON: inactive players will automatically lose when time's up. (requested by abcslayer)\n|\n|t:|1699554955\n|detailschange|p2a: Flying Lizard|Charizard-Mega-Y, F\n|-mega|p2a: Flying Lizard|Charizard|Charizardite Y\n|-weather|SunnyDay|[from] ability: Drought|[of] p2a: Flying Lizard\n|move|p1a: Galvantula|Thunder Wave|p2a: Flying Lizard\n|-status|p2a: Flying Lizard|par\n|cant|p2a: Flying Lizard|par\n|\n|-weather|SunnyDay|[upkeep]\n|upkeep\n|turn|2\n|\n|t:|1699554963\n|move|p1a: Galvantula|Sticky Web|p2a: Flying Lizard\n|-sidestart|p2: abcslayer|move: Sticky Web\n|move|p2a: Flying Lizard|Fire Blast|p1a: Galvantula\n|-supereffective|p1a: Galvantula\n|-enditem|p1a: Galvantula|Focus Sash\n|-damage|p1a: Galvantula|1\/100\n|-status|p1a: Galvantula|brn\n|\n|-weather|SunnyDay|[upkeep]\n|-damage|p1a: Galvantula|0 fnt|[from] brn\n|faint|p1a: Galvantula\n|upkeep\n|\n|t:|1699554971\n|switch|p1a: Porygon-Z|Porygon-Z|100\/100\n|turn|3\n|\n|t:|1699554975\n|switch|p2a: Jim Carrey|Chansey, F|100\/100\n|-activate|p2a: Jim Carrey|move: Sticky Web\n|-unboost|p2a: Jim Carrey|spe|1\n|move|p1a: Porygon-Z|Tri Attack|p2a: Jim Carrey\n|-crit|p2a: Jim Carrey\n|-damage|p2a: Jim Carrey|64\/100\n|\n|-weather|SunnyDay|[upkeep]\n|upkeep\n|turn|4\n|\n|t:|1699554987\n|switch|p1a: Alakazam|Alakazam, M|100\/100\n|move|p2a: Jim Carrey|Soft-Boiled|p2a: Jim Carrey\n|-heal|p2a: Jim Carrey|100\/100\n|\n|-weather|SunnyDay|[upkeep]\n|upkeep\n|turn|5\n|\n|t:|1699554991\n|move|p1a: Alakazam|Psychic|p2a: Jim Carrey\n|-damage|p2a: Jim Carrey|80\/100\n|move|p2a: Jim Carrey|Aromatherapy|p2a: Jim Carrey\n|-activate|p2a: Jim Carrey|move: Aromatherapy\n|-curestatus|p2: Flying Lizard|par|[msg]\n|\n|-weather|none\n|upkeep\n|turn|6\n|\n|t:|1699554997\n|move|p1a: Alakazam|Focus Blast|p2a: Jim Carrey\n|-supereffective|p2a: Jim Carrey\n|-damage|p2a: Jim Carrey|47\/100\n|move|p2a: Jim Carrey|Toxic|p1a: Alakazam|[miss]\n|-miss|p2a: Jim Carrey|p1a: Alakazam\n|\n|upkeep\n|turn|7\n|\n|t:|1699555003\n|move|p1a: Alakazam|Focus Blast|p2a: Jim Carrey\n|-supereffective|p2a: Jim Carrey\n|-crit|p2a: Jim Carrey\n|-damage|p2a: Jim Carrey|0 fnt\n|faint|p2a: Jim Carrey\n|\n|upkeep\n|\n|t:|1699555017\n|switch|p2a: Flying Lizard|Charizard-Mega-Y, F|100\/100\n|-weather|SunnyDay|[from] ability: Drought|[of] p2a: Flying Lizard\n|turn|8\n|\n|t:|1699555024\n|-terastallize|p1a: Alakazam|Psychic\n|move|p1a: Alakazam|Psychic|p2a: Flying Lizard\n|-damage|p2a: Flying Lizard|19\/100\n|move|p2a: Flying Lizard|Fire Blast|p1a: Alakazam\n|-damage|p1a: Alakazam|0 fnt\n|faint|p1a: Alakazam\n|\n|-weather|SunnyDay|[upkeep]\n|upkeep\n|\n|t:|1699555033\n|switch|p1a: Kartana|Kartana|100\/100\n|turn|9\n|\n|t:|1699555039\n|switch|p2a: batman|Corviknight, M|100\/100\n|move|p1a: Kartana|Knock Off|p2a: batman\n|-damage|p2a: batman|69\/100\n|-enditem|p2a: batman|Leftovers|[from] move: Knock Off|[of] p1a: Kartana\n|\n|-weather|SunnyDay|[upkeep]\n|upkeep\n|turn|10\n|\n|t:|1699555046\n|switch|p1a: Porygon-Z|Porygon-Z|100\/100\n|move|p2a: batman|Body Press|p1a: Porygon-Z\n|-supereffective|p1a: Porygon-Z\n|-damage|p1a: Porygon-Z|43\/100\n|\n|-weather|SunnyDay|[upkeep]\n|upkeep\n|turn|11\n|\n|t:|1699555050\n|move|p1a: Porygon-Z|Thunderbolt|p2a: batman\n|-supereffective|p2a: batman\n|-damage|p2a: batman|0 fnt\n|faint|p2a: batman\n|\n|-weather|SunnyDay|[upkeep]\n|upkeep\n|\n|t:|1699555053\n|switch|p2a: Fort Henry|Ferrothorn, F|100\/100\n|-activate|p2a: Fort Henry|move: Sticky Web\n|-unboost|p2a: Fort Henry|spe|1\n|turn|12\n|\n|t:|1699555059\n|switch|p1a: Pyukumuku|Pyukumuku, M, shiny|100\/100\n|move|p2a: Fort Henry|Stealth Rock|p1a: Pyukumuku\n|-sidestart|p1: cavocavo|move: Stealth Rock\n|\n|-weather|none\n|upkeep\n|turn|13\n|\n|t:|1699555062\n|move|p1a: Pyukumuku|Soak|p2a: Fort Henry\n|-start|p2a: Fort Henry|typechange|Water\n|move|p2a: Fort Henry|Leech Seed|p1a: Pyukumuku|[miss]\n|-miss|p2a: Fort Henry|p1a: Pyukumuku\n|\n|upkeep\n|turn|14\n|\n|t:|1699555067\n|move|p1a: Pyukumuku|Toxic|p2a: Fort Henry|[miss]\n|-miss|p1a: Pyukumuku|p2a: Fort Henry\n|move|p2a: Fort Henry|Leech Seed|p1a: Pyukumuku\n|-start|p1a: Pyukumuku|move: Leech Seed\n|\n|-damage|p1a: Pyukumuku|88\/100|[from] Leech Seed|[of] p2a: Fort Henry\n|upkeep\n|turn|15\n|\n|t:|1699555078\n|switch|p2a: Sasuke|Greninja, M|100\/100\n|-activate|p2a: Sasuke|move: Sticky Web\n|-unboost|p2a: Sasuke|spe|1\n|move|p1a: Pyukumuku|Toxic|p2a: Sasuke\n|-status|p2a: Sasuke|tox\n|\n|-heal|p1a: Pyukumuku|94\/100|[from] item: Leftovers\n|-damage|p1a: Pyukumuku|82\/100|[from] Leech Seed|[of] p2a: Sasuke\n|-damage|p2a: Sasuke|95\/100 tox|[from] psn\n|upkeep\n|turn|16\n|\n|t:|1699555094\n|move|p2a: Sasuke|Dark Pulse|p1a: Pyukumuku\n|-start|p2a: Sasuke|typechange|Dark|[from] ability: Protean\n|-damage|p1a: Pyukumuku|37\/100\n|move|p1a: Pyukumuku|Light Screen|p1a: Pyukumuku\n|-sidestart|p1: cavocavo|move: Light Screen\n|\n|-heal|p1a: Pyukumuku|43\/100|[from] item: Leftovers\n|-damage|p1a: Pyukumuku|31\/100|[from] Leech Seed|[of] p2a: Sasuke\n|-heal|p2a: Sasuke|100\/100 tox|[silent]\n|-damage|p2a: Sasuke|89\/100 tox|[from] psn\n|upkeep\n|turn|17\n|\n|t:|1699555102\n|move|p2a: Sasuke|Dark Pulse|p1a: Pyukumuku\n|-damage|p1a: Pyukumuku|9\/100\n|move|p1a: Pyukumuku|Recover|p1a: Pyukumuku\n|-heal|p1a: Pyukumuku|59\/100\n|\n|-heal|p1a: Pyukumuku|65\/100|[from] item: Leftovers\n|-damage|p1a: Pyukumuku|53\/100|[from] Leech Seed|[of] p2a: Sasuke\n|-heal|p2a: Sasuke|100\/100 tox|[silent]\n|-damage|p2a: Sasuke|83\/100 tox|[from] psn\n|upkeep\n|turn|18\n|\n|t:|1699555112\n|switch|p2a: Fort Henry|Ferrothorn, F|100\/100\n|-activate|p2a: Fort Henry|move: Sticky Web\n|-unboost|p2a: Fort Henry|spe|1\n|move|p1a: Pyukumuku|Recover|p1a: Pyukumuku\n|-heal|p1a: Pyukumuku|100\/100\n|\n|-damage|p1a: Pyukumuku|88\/100|[from] Leech Seed|[of] p2a: Fort Henry\n|upkeep\n|turn|19\n|inactive|cavocavo has 120 seconds left.\n|\n|t:|1699555151\n|move|p1a: Pyukumuku|Soak|p2a: Fort Henry\n|-start|p2a: Fort Henry|typechange|Water\n|move|p2a: Fort Henry|Gyro Ball|p1a: Pyukumuku\n|-resisted|p1a: Pyukumuku\n|-damage|p1a: Pyukumuku|84\/100\n|\n|-heal|p1a: Pyukumuku|90\/100|[from] item: Leftovers\n|-damage|p1a: Pyukumuku|78\/100|[from] Leech Seed|[of] p2a: Fort Henry\n|upkeep\n|turn|20\n|\n|t:|1699555164\n|switch|p2a: Sasuke|Greninja, M|83\/100 tox\n|-activate|p2a: Sasuke|move: Sticky Web\n|-unboost|p2a: Sasuke|spe|1\n|move|p1a: Pyukumuku|Toxic|p2a: Sasuke\n|-fail|p2a: Sasuke|tox\n|\n|-heal|p1a: Pyukumuku|84\/100|[from] item: Leftovers\n|-damage|p1a: Pyukumuku|72\/100|[from] Leech Seed|[of] p2a: Sasuke\n|-heal|p2a: Sasuke|96\/100 tox|[silent]\n|-damage|p2a: Sasuke|90\/100 tox|[from] psn\n|-sideend|p1: cavocavo|move: Light Screen\n|upkeep\n|turn|21\n|\n|t:|1699555177\n|switch|p2a: Flying Lizard|Charizard-Mega-Y, F|19\/100\n|-weather|SunnyDay|[from] ability: Drought|[of] p2a: Flying Lizard\n|move|p1a: Pyukumuku|Recover|p1a: Pyukumuku\n|-heal|p1a: Pyukumuku|100\/100\n|\n|-weather|SunnyDay|[upkeep]\n|-damage|p1a: Pyukumuku|88\/100|[from] Leech Seed|[of] p2a: Flying Lizard\n|-heal|p2a: Flying Lizard|32\/100|[silent]\n|upkeep\n|turn|22\n|\n|t:|1699555184\n|move|p2a: Flying Lizard|Solar Beam||[still]\n|-prepare|p2a: Flying Lizard|Solar Beam\n|-anim|p2a: Flying Lizard|Solar Beam|p1a: Pyukumuku\n|-supereffective|p1a: Pyukumuku\n|-damage|p1a: Pyukumuku|6\/100\n|move|p1a: Pyukumuku|Light Screen|p1a: Pyukumuku\n|-sidestart|p1: cavocavo|move: Light Screen\n|\n|-weather|SunnyDay|[upkeep]\n|-heal|p1a: Pyukumuku|12\/100|[from] item: Leftovers\n|-damage|p1a: Pyukumuku|0 fnt|[from] Leech Seed|[of] p2a: Flying Lizard\n|-heal|p2a: Flying Lizard|44\/100|[silent]\n|faint|p1a: Pyukumuku\n|upkeep\n|\n|t:|1699555194\n|switch|p1a: Porygon-Z|Porygon-Z|43\/100\n|-damage|p1a: Porygon-Z|31\/100|[from] Stealth Rock\n|turn|23\n|\n|t:|1699555201\n|switch|p2a: Fort Henry|Ferrothorn, F|100\/100\n|-activate|p2a: Fort Henry|move: Sticky Web\n|-unboost|p2a: Fort Henry|spe|1\n|move|p1a: Porygon-Z|Tri Attack|p2a: Fort Henry\n|-resisted|p2a: Fort Henry\n|-damage|p2a: Fort Henry|72\/100\n|\n|-weather|SunnyDay|[upkeep]\n|-heal|p2a: Fort Henry|78\/100|[from] item: Leftovers\n|upkeep\n|turn|24\n|\n|t:|1699555213\n|switch|p2a: Shark|Garchomp, M|100\/100\n|-activate|p2a: Shark|move: Sticky Web\n|-unboost|p2a: Shark|spe|1\n|move|p1a: Porygon-Z|Tri Attack|p2a: Shark\n|-damage|p2a: Shark|9\/100\n|\n|-weather|SunnyDay|[upkeep]\n|upkeep\n|turn|25\n|\n|t:|1699555223\n|move|p1a: Porygon-Z|Tri Attack|p2a: Shark\n|-damage|p2a: Shark|0 fnt\n|faint|p2a: Shark\n|\n|-weather|none\n|upkeep\n|\n|t:|1699555230\n|switch|p2a: Fort Henry|Ferrothorn, F|78\/100\n|-activate|p2a: Fort Henry|move: Sticky Web\n|-unboost|p2a: Fort Henry|spe|1\n|turn|26\n|\n|t:|1699555233\n|move|p1a: Porygon-Z|Tri Attack|p2a: Fort Henry\n|-resisted|p2a: Fort Henry\n|-damage|p2a: Fort Henry|48\/100\n|move|p2a: Fort Henry|Leech Seed|p1a: Porygon-Z|[miss]\n|-miss|p2a: Fort Henry|p1a: Porygon-Z\n|\n|-heal|p2a: Fort Henry|54\/100|[from] item: Leftovers\n|-sideend|p1: cavocavo|move: Light Screen\n|upkeep\n|turn|27\n|\n|t:|1699555243\n|move|p2a: Fort Henry|Protect|p2a: Fort Henry\n|-singleturn|p2a: Fort Henry|Protect\n|move|p1a: Porygon-Z|Tri Attack|p2a: Fort Henry\n|-activate|p2a: Fort Henry|move: Protect\n|\n|-heal|p2a: Fort Henry|60\/100|[from] item: Leftovers\n|upkeep\n|turn|28\n|\n|t:|1699555248\n|move|p1a: Porygon-Z|Tri Attack|p2a: Fort Henry\n|-resisted|p2a: Fort Henry\n|-damage|p2a: Fort Henry|34\/100\n|-status|p2a: Fort Henry|frz\n|cant|p2a: Fort Henry|frz\n|\n|-heal|p2a: Fort Henry|40\/100 frz|[from] item: Leftovers\n|upkeep\n|turn|29\n|c|\u2606abcslayer|BRO\n|\n|t:|1699555266\n|move|p1a: Porygon-Z|Tri Attack|p2a: Fort Henry\n|-resisted|p2a: Fort Henry\n|-damage|p2a: Fort Henry|9\/100 frz\n|cant|p2a: Fort Henry|frz\n|\n|-heal|p2a: Fort Henry|16\/100 frz|[from] item: Leftovers\n|upkeep\n|turn|30\n|\n|t:|1699555269\n|move|p1a: Porygon-Z|Tri Attack|p2a: Fort Henry\n|-resisted|p2a: Fort Henry\n|-damage|p2a: Fort Henry|0 fnt\n|faint|p2a: Fort Henry\n|\n|upkeep\n|c|\u2606cavocavo|bad luck\n|\n|t:|1699555276\n|switch|p2a: Sasuke|Greninja, M|90\/100 tox\n|-activate|p2a: Sasuke|move: Sticky Web\n|-unboost|p2a: Sasuke|spe|1\n|turn|31\n|\n|t:|1699555280\n|move|p1a: Porygon-Z|Tri Attack|p2a: Sasuke\n|-damage|p2a: Sasuke|0 fnt\n|faint|p2a: Sasuke\n|\n|upkeep\n|\n|t:|1699555283\n|switch|p2a: Flying Lizard|Charizard-Mega-Y, F|44\/100\n|-weather|SunnyDay|[from] ability: Drought|[of] p2a: Flying Lizard\n|turn|32\n|\n|t:|1699555287\n|move|p1a: Porygon-Z|Tri Attack|p2a: Flying Lizard\n|-damage|p2a: Flying Lizard|0 fnt\n|faint|p2a: Flying Lizard\n|\n|win|cavocavo\n|raw|cavocavo's rating: 1334 &rarr; <strong>1361<\/strong><br \/>(+27 for winning)\n|raw|abcslayer's rating: 1454 &rarr; <strong>1427<\/strong><br \/>(-27 for losing)\n|l|\u2606abcslayer\n","uploadtime":1699555307,"views":10,"p1id":"cavocavo","p2id":"abcslayer","formatid":"gen9nationaldex","rating":1361,"private":0,"password":""}