{"id":"gen9nationaldex-1998639986","p1":"Dumbgimmic.png","p2":"GlaDosDOs","format":"[Gen 9] National Dex","log":"|html|<div class=\"broadcast-blue\"><strong>[Gen 9] National Dex is currently suspecting Sneasler! For information on how to participate check out the <a href=\"https:\/\/www.smogon.com\/forums\/threads\/sv-national-dex-suspect-8-just-dance.3731534\/\">suspect thread<\/a>.<\/strong><\/div>\n|j|\u2606Dumbgimmic.png\n|j|\u2606GlaDosDOs\n|t:|1700966324\n|gametype|singles\n|player|p1|Dumbgimmic.png|lady-gen4|1000\n|player|p2|GlaDosDOs|cheren-gen5bw2|1000\n|teamsize|p1|6\n|teamsize|p2|6\n|gen|9\n|tier|[Gen 9] National Dex\n|rated|\n|rule|HP Percentage Mod: HP is shown in percentages\n|rule|Endless Battle Clause: Forcing endless battles is banned\n|rule|OHKO Clause: OHKO moves are banned\n|rule|Evasion Clause: Evasion abilities, items, and moves are banned\n|rule|Evasion Abilities Clause: Evasion abilities are banned\n|rule|Evasion Items Clause: Evasion items are banned\n|rule|Evasion Moves Clause: Evasion moves are banned\n|rule|Species Clause: Limit one of each Pok\u00e9mon\n|rule|Sleep Clause Mod: Limit one foe put to sleep\n|clearpoke\n|poke|p1|Tauros-Paldea-Combat, M|\n|poke|p1|Gallade, M|\n|poke|p1|Ogerpon-Cornerstone, F|\n|poke|p1|Ting-Lu|\n|poke|p1|Tapu Bulu|\n|poke|p1|Ursaluna, F|\n|poke|p2|Audino, F|\n|poke|p2|Scolipede, M|\n|poke|p2|Delphox, F|\n|poke|p2|Krookodile, M|\n|poke|p2|Aegislash, M|\n|poke|p2|Ditto|\n|teampreview\n|\n|t:|1700966332\n|start\n|switch|p1a: Gallade|Gallade, M|100\/100\n|switch|p2a: Lemonade|Delphox, F|100\/100\n|turn|1\n|\n|t:|1700966349\n|switch|p1a: Ting-Lu|Ting-Lu|100\/100\n|-ability|p1a: Ting-Lu|Vessel of Ruin\n|move|p2a: Lemonade|Trick|p1a: Ting-Lu\n|-activate|p2a: Lemonade|move: Trick|[of] p1a: Ting-Lu\n|-item|p1a: Ting-Lu|Choice Scarf|[from] move: Trick\n|-item|p2a: Lemonade|Leftovers|[from] move: Trick\n|\n|upkeep\n|turn|2\n|\n|t:|1700966372\n|move|p2a: Lemonade|Skill Swap|p1a: Ting-Lu\n|-activate|p2a: Lemonade|move: Skill Swap|Vessel of Ruin|Blaze|[of] p1a: Ting-Lu\n|-ability|p2a: Lemonade|Vessel of Ruin\n|move|p1a: Ting-Lu|Payback|p2a: Lemonade\n|-supereffective|p2a: Lemonade\n|-damage|p2a: Lemonade|0 fnt\n|faint|p2a: Lemonade\n|\n|upkeep\n|\n|t:|1700966397\n|switch|p2a: Acid Chloride|Scolipede, M|100\/100\n|turn|3\n|\n|t:|1700966404\n|switch|p1a: Ursaluna|Ursaluna, F|100\/100\n|move|p2a: Acid Chloride|Swords Dance|p2a: Acid Chloride\n|-boost|p2a: Acid Chloride|atk|2\n|\n|-ability|p2a: Acid Chloride|Speed Boost|boost\n|-boost|p2a: Acid Chloride|spe|1\n|-status|p1a: Ursaluna|brn|[from] item: Flame Orb\n|upkeep\n|turn|4\n|\n|t:|1700966415\n|move|p2a: Acid Chloride|Rock Slide|p1a: Ursaluna\n|-resisted|p1a: Ursaluna\n|-damage|p1a: Ursaluna|85\/100 brn\n|cant|p1a: Ursaluna|flinch\n|\n|-damage|p1a: Ursaluna|79\/100 brn|[from] brn\n|-ability|p2a: Acid Chloride|Speed Boost|boost\n|-boost|p2a: Acid Chloride|spe|1\n|upkeep\n|turn|5\n|\n|t:|1700966425\n|move|p2a: Acid Chloride|Earthquake|p1a: Ursaluna\n|-damage|p1a: Ursaluna|36\/100 brn\n|move|p1a: Ursaluna|Headlong Rush|p2a: Acid Chloride\n|-enditem|p2a: Acid Chloride|Focus Sash\n|-damage|p2a: Acid Chloride|1\/100\n|-unboost|p1a: Ursaluna|def|1\n|-unboost|p1a: Ursaluna|spd|1\n|\n|-damage|p1a: Ursaluna|30\/100 brn|[from] brn\n|-ability|p2a: Acid Chloride|Speed Boost|boost\n|-boost|p2a: Acid Chloride|spe|1\n|upkeep\n|turn|6\n|\n|t:|1700966439\n|move|p2a: Acid Chloride|Earthquake|p1a: Ursaluna\n|-damage|p1a: Ursaluna|0 fnt\n|faint|p1a: Ursaluna\n|\n|-ability|p2a: Acid Chloride|Speed Boost|boost\n|-boost|p2a: Acid Chloride|spe|1\n|upkeep\n|\n|t:|1700966445\n|switch|p1a: Tauros|Tauros-Paldea-Combat, M|100\/100\n|turn|7\n|\n|t:|1700966456\n|move|p1a: Tauros|Endure|p1a: Tauros\n|-singleturn|p1a: Tauros|move: Endure\n|move|p2a: Acid Chloride|Poison Jab|p1a: Tauros\n|-damage|p1a: Tauros|26\/100\n|\n|-ability|p2a: Acid Chloride|Speed Boost|boost\n|-boost|p2a: Acid Chloride|spe|1\n|upkeep\n|turn|8\n|\n|t:|1700966468\n|move|p2a: Acid Chloride|Poison Jab|p1a: Tauros\n|-damage|p1a: Tauros|0 fnt\n|faint|p1a: Tauros\n|\n|-ability|p2a: Acid Chloride|Speed Boost|boost\n|-boost|p2a: Acid Chloride|spe|1\n|upkeep\n|\n|t:|1700966483\n|switch|p1a: Ting-Lu|Ting-Lu|100\/100\n|-ability|p1a: Ting-Lu|Vessel of Ruin\n|turn|9\n|-message|Dumbgimmic.png forfeited.\n|\n|win|GlaDosDOs\n|raw|Dumbgimmic.png's rating: 1000 &rarr; <strong>1000<\/strong><br \/>(+0 for losing)\n|raw|GlaDosDOs's rating: 1000 &rarr; <strong>1040<\/strong><br \/>(+40 for winning)\n|l|\u2606Dumbgimmic.png\n","uploadtime":1700966492,"views":1,"p1id":"dumbgimmicpng","p2id":"gladosdos","formatid":"gen9nationaldex","rating":1000,"private":0,"password":""}