{"id":"gen9nationaldex-1996287750","p1":"nepherae","p2":"Psvishal","format":"[Gen 9] National Dex","log":"|html|<div class=\"broadcast-blue\"><strong>[Gen 9] National Dex is currently suspecting Sneasler! For information on how to participate check out the <a href=\"https:\/\/www.smogon.com\/forums\/threads\/sv-national-dex-suspect-8-just-dance.3731534\/\">suspect thread<\/a>.<\/strong><\/div>\n|j|\u2606nepherae\n|j|\u2606Psvishal\n|t:|1700667757\n|gametype|singles\n|player|p1|nepherae|2|\n|player|p2|Psvishal|2|\n|teamsize|p1|6\n|teamsize|p2|6\n|gen|9\n|tier|[Gen 9] National Dex\n|rule|HP Percentage Mod: HP is shown in percentages\n|rule|Endless Battle Clause: Forcing endless battles is banned\n|rule|OHKO Clause: OHKO moves are banned\n|rule|Evasion Clause: Evasion abilities, items, and moves are banned\n|rule|Evasion Abilities Clause: Evasion abilities are banned\n|rule|Evasion Items Clause: Evasion items are banned\n|rule|Evasion Moves Clause: Evasion moves are banned\n|rule|Species Clause: Limit one of each Pok\u00e9mon\n|rule|Sleep Clause Mod: Limit one foe put to sleep\n|clearpoke\n|poke|p1|Dondozo, M|\n|poke|p1|Blissey, F|\n|poke|p1|Celesteela|\n|poke|p1|Ting-Lu|\n|poke|p1|Gliscor, F|\n|poke|p1|Alomomola, M|\n|poke|p2|Gengar, F|\n|poke|p2|Skeledirge, F|\n|poke|p2|Zoroark-Hisui, F|\n|poke|p2|Sableye, M|\n|poke|p2|Golurk|\n|poke|p2|Polteageist-Antique|\n|teampreview\n|inactive|Battle timer is ON: inactive players will automatically lose when time's up. (requested by nepherae)\n|inactive|Psvishal has 270 seconds left.\n|j| DracoShivam\n|c| DracoShivam|Ight I'm out\n|c| DracoShivam|Been a good run boys\n|c|\u2606nepherae|see ya bud\n|inactive|Psvishal has 240 seconds left.\n|\n|t:|1700667825\n|start\n|switch|p1a: Ting-Lu|Ting-Lu|100\/100\n|switch|p2a: Polteageist|Polteageist-Antique|100\/100\n|-ability|p1a: Ting-Lu|Vessel of Ruin\n|turn|1\n|\n|t:|1700667848\n|move|p2a: Polteageist|Shell Smash|p2a: Polteageist\n|-unboost|p2a: Polteageist|def|1\n|-unboost|p2a: Polteageist|spd|1\n|-boost|p2a: Polteageist|atk|2\n|-boost|p2a: Polteageist|spa|2\n|-boost|p2a: Polteageist|spe|2\n|move|p1a: Ting-Lu|Whirlwind|p2a: Polteageist\n|drag|p2a: Golurk|Golurk|100\/100\n|\n|upkeep\n|turn|2\n|\n|t:|1700667864\n|move|p2a: Golurk|Trick|p1a: Ting-Lu\n|-activate|p2a: Golurk|move: Trick|[of] p1a: Ting-Lu\n|-item|p1a: Ting-Lu|Assault Vest|[from] move: Trick\n|-item|p2a: Golurk|Heavy-Duty Boots|[from] move: Trick\n|move|p1a: Ting-Lu|Spikes|p2a: Golurk\n|-sidestart|p2: Psvishal|Spikes\n|\n|upkeep\n|turn|3\n|\n|t:|1700667876\n|switch|p1a: Alomomola|Alomomola, M|100\/100\n|move|p2a: Golurk|Magic Coat|p2a: Golurk\n|-singleturn|p2a: Golurk|move: Magic Coat\n|\n|upkeep\n|turn|4\n|j| Najirs\n|inactive|Psvishal has 270 seconds left.\n|\n|t:|1700667896\n|move|p1a: Alomomola|Wish|p1a: Alomomola\n|move|p2a: Golurk|Curse|p1a: Alomomola\n|-start|p1a: Alomomola|Curse|[of] p2a: Golurk\n|-damage|p2a: Golurk|50\/100\n|\n|-damage|p1a: Alomomola|76\/100|[from] Curse\n|upkeep\n|turn|5\n|j| plasma_fistem\n|c| Najirs|Motherfucking hell\n|\n|t:|1700667906\n|move|p1a: Alomomola|Flip Turn|p2a: Golurk\n|-supereffective|p2a: Golurk\n|-damage|p2a: Golurk|17\/100\n|\n|t:|1700667909\n|switch|p1a: Gliscor|Gliscor, F|100\/100|[from] Flip Turn\n|move|p2a: Golurk|Stealth Rock|p1a: Gliscor\n|-sidestart|p1: nepherae|move: Stealth Rock\n|\n|-status|p1a: Gliscor|tox|[from] item: Toxic Orb\n|upkeep\n|turn|6\n|c| plasma_fistem|What is he cooking\n|inactive|Psvishal has 270 seconds left.\n|\n|t:|1700667936\n|move|p2a: Golurk|Magic Coat|p2a: Golurk\n|-singleturn|p2a: Golurk|move: Magic Coat\n|move|p1a: Gliscor|Knock Off|p2a: Golurk\n|-supereffective|p2a: Golurk\n|-damage|p2a: Golurk|0 fnt\n|-enditem|p2a: Golurk|Heavy-Duty Boots|[from] move: Knock Off|[of] p1a: Gliscor\n|faint|p2a: Golurk\n|\n|upkeep\n|c| Najirs|Lmfao\n|c| Najirs|That curse\n|\n|t:|1700667957\n|switch|p2a: Sableye|Sableye, M|100\/100\n|-damage|p2a: Sableye|88\/100|[from] Spikes\n|turn|7\n|inactive|Psvishal has 240 seconds left.\n|c|\u2606Psvishal|i thogut curse works even after you switch out\n|c|\u2606Psvishal|why is curse on ghost so usesless\n|c|\u2606nepherae|yeah why not\n|c|\u2606nepherae|lmao\n|\n|t:|1700668000\n|move|p2a: Sableye|Bitter Malice|p1a: Gliscor\n|-damage|p1a: Gliscor|30\/100 tox\n|-unboost|p1a: Gliscor|atk|1\n|move|p1a: Gliscor|Earthquake|p2a: Sableye\n|-damage|p2a: Sableye|44\/100\n|replace|p2a: Zoroark|Zoroark-Hisui, F\n|-end|p2a: Zoroark|Illusion\n|\n|-heal|p1a: Gliscor|43\/100 tox|[from] ability: Poison Heal\n|upkeep\n|turn|8\n|\n|t:|1700668013\n|switch|p1a: Ting-Lu|Ting-Lu|100\/100\n|-damage|p1a: Ting-Lu|94\/100|[from] Stealth Rock\n|-ability|p1a: Ting-Lu|Vessel of Ruin\n|move|p2a: Zoroark|Bitter Malice|p1a: Ting-Lu\n|-resisted|p1a: Ting-Lu\n|-damage|p1a: Ting-Lu|86\/100\n|-unboost|p1a: Ting-Lu|atk|1\n|\n|upkeep\n|turn|9\n|c| plasma_fistem|best way to use curse on ghost types is to terastallize\n|\n|t:|1700668031\n|switch|p2a: Polteageist|Polteageist-Antique|100\/100\n|-damage|p2a: Polteageist|88\/100|[from] Spikes\n|move|p1a: Ting-Lu|Earthquake|p2a: Polteageist\n|-damage|p2a: Polteageist|43\/100\n|-ability|p2a: Polteageist|Weak Armor|boost\n|-unboost|p2a: Polteageist|def|1\n|-boost|p2a: Polteageist|spe|2\n|\n|upkeep\n|turn|10\n|inactive|Psvishal has 210 seconds left.\n|c| Najirs|Lol\n|\n|t:|1700668068\n|switch|p2a: Sableye|Sableye, M|100\/100\n|-damage|p2a: Sableye|88\/100|[from] Spikes\n|move|p1a: Ting-Lu|Earthquake|p2a: Sableye\n|-damage|p2a: Sableye|64\/100\n|\n|upkeep\n|turn|11\n|\n|t:|1700668080\n|switch|p1a: Alomomola|Alomomola, M|100\/100\n|detailschange|p2a: Sableye|Sableye-Mega, M\n|-mega|p2a: Sableye|Sableye|Sablenite\n|move|p2a: Sableye|Recover|p2a: Sableye\n|-heal|p2a: Sableye|100\/100\n|\n|upkeep\n|turn|12\n|\n|t:|1700668092\n|move|p1a: Alomomola|Wish|p1a: Alomomola\n|move|p2a: Sableye|Knock Off|p1a: Alomomola\n|-damage|p1a: Alomomola|85\/100\n|-enditem|p1a: Alomomola|Heavy-Duty Boots|[from] move: Knock Off|[of] p2a: Sableye\n|\n|upkeep\n|turn|13\n|inactive|Psvishal has 180 seconds left.\n|\n|t:|1700668115\n|switch|p2a: Polteageist|Polteageist-Antique|44\/100\n|-damage|p2a: Polteageist|31\/100|[from] Spikes\n|move|p1a: Alomomola|Flip Turn|p2a: Polteageist\n|-damage|p2a: Polteageist|0 fnt\n|replace|p2a: Zoroark|Zoroark-Hisui, F\n|-end|p2a: Zoroark|Illusion\n|faint|p2a: Zoroark\n|\n|t:|1700668119\n|switch|p1a: Gliscor|Gliscor, F|43\/100 tox|[from] Flip Turn\n|-damage|p1a: Gliscor|30\/100 tox|[from] Stealth Rock\n|\n|-heal|p1a: Gliscor|100\/100 tox|[from] move: Wish|[wisher] Alomomola\n|upkeep\n|c| plasma_fistem|breh\n|c|\u2606Psvishal|fuck\n|c|\u2606Psvishal|misinput\n|inactive|Psvishal has 180 seconds left.\n|\n|t:|1700668143\n|switch|p2a: Gengar|Gengar, F|100\/100\n|-damage|p2a: Gengar|88\/100|[from] Spikes\n|turn|14\n|\n|t:|1700668157\n|switch|p1a: Ting-Lu|Ting-Lu|86\/100\n|-damage|p1a: Ting-Lu|80\/100|[from] Stealth Rock\n|-ability|p1a: Ting-Lu|Vessel of Ruin\n|-terastallize|p2a: Gengar|Flying\n|move|p2a: Gengar|Shadow Ball|p1a: Ting-Lu\n|-resisted|p1a: Ting-Lu\n|-damage|p1a: Ting-Lu|71\/100\n|-unboost|p1a: Ting-Lu|spd|1\n|\n|upkeep\n|turn|15\n|\n|t:|1700668169\n|switch|p1a: Blissey|Blissey, F|100\/100\n|move|p2a: Gengar|Shadow Ball|p1a: Blissey\n|-immune|p1a: Blissey\n|\n|upkeep\n|turn|16\n|c| plasma_fistem|hes cooking\n|\n|t:|1700668186\n|switch|p2a: Skeledirge|Skeledirge, F|100\/100\n|-damage|p2a: Skeledirge|88\/100|[from] Spikes\n|move|p1a: Blissey|Seismic Toss|p2a: Skeledirge\n|-immune|p2a: Skeledirge\n|\n|-heal|p2a: Skeledirge|94\/100|[from] item: Leftovers\n|upkeep\n|turn|17\n|\n|t:|1700668199\n|switch|p1a: Alomomola|Alomomola, M|100\/100\n|-damage|p1a: Alomomola|88\/100|[from] Stealth Rock\n|move|p2a: Skeledirge|Will-O-Wisp|p1a: Alomomola\n|-status|p1a: Alomomola|brn\n|\n|-heal|p2a: Skeledirge|99\/100|[from] item: Leftovers\n|-damage|p1a: Alomomola|82\/100 brn|[from] brn\n|upkeep\n|turn|18\n|\n|t:|1700668212\n|switch|p2a: Sableye|Sableye-Mega, M|100\/100\n|-damage|p2a: Sableye|88\/100|[from] Spikes\n|move|p1a: Alomomola|Toxic|p2a: Sableye\n|move|p2a: Sableye|Toxic||[from]ability: Magic Bounce|[still]\n|-fail|p2a: Sableye\n|\n|-damage|p1a: Alomomola|76\/100 brn|[from] brn\n|upkeep\n|turn|19\n|c| Najirs|Nice\n|\n|t:|1700668229\n|move|p1a: Alomomola|Wish|p1a: Alomomola\n|move|p2a: Sableye|Drain Punch|p1a: Alomomola\n|-damage|p1a: Alomomola|67\/100 brn\n|-heal|p2a: Sableye|96\/100|[from] drain|[of] p1a: Alomomola\n|\n|-damage|p1a: Alomomola|61\/100 brn|[from] brn\n|upkeep\n|turn|20\n|c| plasma_fistem|man this wouldve been so cool if u hadnt will-o-wisped\n|c|\u2606Psvishal|tanky fuck\n|c| plasma_fistem|lmfao what\n|c|\u2606nepherae|i would not have toxiced\n|c|\u2606nepherae|if i was not burned\n|inactive|Psvishal has 150 seconds left.\n|c| plasma_fistem|fairs\n|\n|t:|1700668256\n|switch|p2a: Polteageist|Polteageist-Antique|43\/100\n|-damage|p2a: Polteageist|31\/100|[from] Spikes\n|move|p1a: Alomomola|Flip Turn|p2a: Polteageist\n|-damage|p2a: Polteageist|16\/100\n|-ability|p2a: Polteageist|Weak Armor|boost\n|-unboost|p2a: Polteageist|def|1\n|-boost|p2a: Polteageist|spe|2\n|\n|t:|1700668260\n|switch|p1a: Ting-Lu|Ting-Lu|71\/100|[from] Flip Turn\n|-damage|p1a: Ting-Lu|64\/100|[from] Stealth Rock\n|-ability|p1a: Ting-Lu|Vessel of Ruin\n|\n|-heal|p1a: Ting-Lu|100\/100|[from] move: Wish|[wisher] Alomomola\n|upkeep\n|turn|21\n|inactive|Psvishal has 150 seconds left.\n|j| etherlords\n|\n|t:|1700668286\n|switch|p2a: Gengar|Gengar, F, tera:Flying|88\/100\n|move|p1a: Ting-Lu|Earthquake|p2a: Gengar\n|-immune|p2a: Gengar\n|\n|upkeep\n|turn|22\n|\n|t:|1700668306\n|switch|p1a: Blissey|Blissey, F|100\/100\n|move|p2a: Gengar|Sludge Wave|p1a: Blissey\n|-damage|p1a: Blissey|77\/100\n|\n|upkeep\n|turn|23\n|\n|t:|1700668312\n|move|p2a: Gengar|Sludge Wave|p1a: Blissey\n|-damage|p1a: Blissey|56\/100\n|move|p1a: Blissey|Calm Mind|p1a: Blissey\n|-boost|p1a: Blissey|spa|1\n|-boost|p1a: Blissey|spd|1\n|\n|upkeep\n|turn|24\n|c| Najirs|Vishal discovers why Alomomola jumped from ru to ou after dlc\n|c|\u2606Psvishal|jeez it did?\n|\n|t:|1700668329\n|switch|p2a: Skeledirge|Skeledirge, F|99\/100\n|-damage|p2a: Skeledirge|88\/100|[from] Spikes\n|move|p1a: Blissey|Soft-Boiled|p1a: Blissey\n|-heal|p1a: Blissey|100\/100\n|\n|-heal|p2a: Skeledirge|94\/100|[from] item: Leftovers\n|upkeep\n|turn|25\n|inactive|Psvishal has 120 seconds left.\n|\n|t:|1700668351\n|switch|p1a: Dondozo|Dondozo, M|100\/100\n|move|p2a: Skeledirge|Torch Song|p1a: Dondozo\n|-resisted|p1a: Dondozo\n|-damage|p1a: Dondozo|86\/100\n|-boost|p2a: Skeledirge|spa|1\n|\n|-heal|p2a: Skeledirge|99\/100|[from] item: Leftovers\n|upkeep\n|turn|26\n|inactive|Psvishal has 120 seconds left.\n|c|\u2606nepherae|dozo 2\n|c|\u2606nepherae|back with a vengeance\n|\n|t:|1700668369\n|switch|p2a: Sableye|Sableye-Mega, M|96\/100\n|-damage|p2a: Sableye|84\/100|[from] Spikes\n|move|p1a: Dondozo|Liquidation|p2a: Sableye\n|-damage|p2a: Sableye|62\/100\n|\n|upkeep\n|turn|27\n|inactive|Psvishal has 120 seconds left.\n|\n|t:|1700668379\n|switch|p1a: Ting-Lu|Ting-Lu|100\/100\n|-damage|p1a: Ting-Lu|94\/100|[from] Stealth Rock\n|-ability|p1a: Ting-Lu|Vessel of Ruin\n|move|p2a: Sableye|Knock Off|p1a: Ting-Lu\n|-resisted|p1a: Ting-Lu\n|-damage|p1a: Ting-Lu|87\/100\n|-enditem|p1a: Ting-Lu|Assault Vest|[from] move: Knock Off|[of] p2a: Sableye\n|\n|upkeep\n|turn|28\n|c|\u2606Psvishal|fuck me\n|c|\u2606nepherae|i'm free from my shackles\n|inactive|Psvishal has 120 seconds left.\n|c| Najirs|F\n|c|\u2606Psvishal|How did I fall for that\n|\n|t:|1700668399\n|move|p2a: Sableye|Drain Punch|p1a: Ting-Lu\n|-supereffective|p1a: Ting-Lu\n|-damage|p1a: Ting-Lu|71\/100\n|-heal|p2a: Sableye|76\/100|[from] drain|[of] p1a: Ting-Lu\n|move|p1a: Ting-Lu|Whirlwind|p2a: Sableye\n|move|p2a: Sableye|Whirlwind|p1a: Ting-Lu|[from]ability: Magic Bounce\n|drag|p1a: Blissey|Blissey, F|100\/100\n|\n|upkeep\n|turn|29\n|c|\u2606nepherae|k bye\n|c|\u2606Psvishal|No u\n|c| plasma_fistem|boots spam wth\n|\n|t:|1700668420\n|move|p1a: Blissey|Calm Mind|p1a: Blissey\n|-boost|p1a: Blissey|spa|1\n|-boost|p1a: Blissey|spd|1\n|move|p2a: Sableye|Knock Off|p1a: Blissey\n|-damage|p1a: Blissey|72\/100\n|-enditem|p1a: Blissey|Heavy-Duty Boots|[from] move: Knock Off|[of] p2a: Sableye\n|\n|upkeep\n|turn|30\n|c| Najirs|Bye is bye\n|c| Najirs|Lmfao\n|c| Najirs|Boots spam\n|\n|t:|1700668433\n|switch|p1a: Dondozo|Dondozo, M|86\/100\n|move|p2a: Sableye|Drain Punch|p1a: Dondozo\n|-damage|p1a: Dondozo|79\/100\n|-heal|p2a: Sableye|82\/100|[from] drain|[of] p1a: Dondozo\n|\n|upkeep\n|turn|31\n|\n|t:|1700668451\n|switch|p1a: Gliscor|Gliscor, F|100\/100 tox\n|-damage|p1a: Gliscor|88\/100 tox|[from] Stealth Rock\n|move|p2a: Sableye|Knock Off|p1a: Gliscor\n|-damage|p1a: Gliscor|69\/100 tox\n|-enditem|p1a: Gliscor|Toxic Orb|[from] move: Knock Off|[of] p2a: Sableye\n|\n|-heal|p1a: Gliscor|81\/100 tox|[from] ability: Poison Heal\n|upkeep\n|turn|32\n|\n|t:|1700668467\n|switch|p2a: Gengar|Gengar, F, tera:Flying|88\/100\n|move|p1a: Gliscor|Swords Dance|p1a: Gliscor\n|-boost|p1a: Gliscor|atk|2\n|\n|-heal|p1a: Gliscor|93\/100 tox|[from] ability: Poison Heal\n|upkeep\n|turn|33\n|\n|t:|1700668478\n|move|p2a: Gengar|Clear Smog|p1a: Gliscor\n|-resisted|p1a: Gliscor\n|-crit|p1a: Gliscor\n|-damage|p1a: Gliscor|60\/100 tox\n|-clearboost|p1a: Gliscor\n|move|p1a: Gliscor|Knock Off|p2a: Gengar\n|-damage|p2a: Gengar|44\/100\n|-enditem|p2a: Gengar|Choice Specs|[from] move: Knock Off|[of] p1a: Gliscor\n|\n|-heal|p1a: Gliscor|73\/100 tox|[from] ability: Poison Heal\n|upkeep\n|turn|34\n|\n|t:|1700668489\n|switch|p2a: Sableye|Sableye-Mega, M|82\/100\n|-damage|p2a: Sableye|69\/100|[from] Spikes\n|move|p1a: Gliscor|Roost|p1a: Gliscor\n|-heal|p1a: Gliscor|100\/100 tox\n|-singleturn|p1a: Gliscor|move: Roost\n|\n|upkeep\n|turn|35\n|inactive|Psvishal has 90 seconds left.\n|\n|t:|1700668515\n|switch|p2a: Polteageist|Polteageist-Antique|16\/100\n|-damage|p2a: Polteageist|4\/100|[from] Spikes\n|move|p1a: Gliscor|Swords Dance|p1a: Gliscor\n|-boost|p1a: Gliscor|atk|2\n|\n|upkeep\n|turn|36\n|c|\u2606Psvishal|gg\n|\n|t:|1700668532\n|move|p1a: Gliscor|Knock Off|p2a: Polteageist\n|-supereffective|p2a: Polteageist\n|-damage|p2a: Polteageist|0 fnt\n|-enditem|p2a: Polteageist|Focus Sash|[from] move: Knock Off|[of] p1a: Gliscor\n|faint|p2a: Polteageist\n|\n|upkeep\n|\n|t:|1700668541\n|switch|p2a: Gengar|Gengar, F, tera:Flying|44\/100\n|turn|37\n|\n|t:|1700668547\n|move|p2a: Gengar|Shadow Ball|p1a: Gliscor\n|-damage|p1a: Gliscor|49\/100 tox\n|move|p1a: Gliscor|Knock Off|p2a: Gengar\n|-damage|p2a: Gengar|0 fnt\n|faint|p2a: Gengar\n|\n|-heal|p1a: Gliscor|61\/100 tox|[from] ability: Poison Heal\n|upkeep\n|\n|t:|1700668564\n|switch|p2a: Sableye|Sableye-Mega, M|69\/100\n|-damage|p2a: Sableye|57\/100|[from] Spikes\n|turn|38\n|c| Najirs|Why\n|c|\u2606Psvishal|what?\n|c|\u2606nepherae|where\n|inactive|Psvishal has 60 seconds left.\n|\n|t:|1700668590\n|move|p1a: Gliscor|Earthquake|p2a: Sableye\n|-damage|p2a: Sableye|11\/100\n|move|p2a: Sableye|Drain Punch|p1a: Gliscor\n|-resisted|p1a: Gliscor\n|-damage|p1a: Gliscor|56\/100 tox\n|-heal|p2a: Sableye|14\/100|[from] drain|[of] p1a: Gliscor\n|\n|-heal|p1a: Gliscor|69\/100 tox|[from] ability: Poison Heal\n|upkeep\n|turn|39\n|c| plasma_fistem|who\n|inactive|Psvishal has 60 seconds left.\n|\n|t:|1700668601\n|move|p1a: Gliscor|Knock Off|p2a: Sableye\n|-damage|p2a: Sableye|0 fnt\n|faint|p2a: Sableye\n|\n|-heal|p1a: Gliscor|81\/100 tox|[from] ability: Poison Heal\n|upkeep\n|\n|t:|1700668606\n|switch|p2a: Skeledirge|Skeledirge, F|99\/100\n|-damage|p2a: Skeledirge|88\/100|[from] Spikes\n|turn|40\n|inactive|Psvishal has 60 seconds left.\n|\n|t:|1700668612\n|move|p1a: Gliscor|Earthquake|p2a: Skeledirge\n|-supereffective|p2a: Skeledirge\n|-damage|p2a: Skeledirge|29\/100\n|move|p2a: Skeledirge|Hex|p1a: Gliscor\n|-damage|p1a: Gliscor|22\/100 tox\n|\n|-heal|p2a: Skeledirge|35\/100|[from] item: Leftovers\n|-heal|p1a: Gliscor|35\/100 tox|[from] ability: Poison Heal\n|upkeep\n|turn|41\n|c|\u2606nepherae|gg\n|\n|t:|1700668621\n|move|p1a: Gliscor|Earthquake|p2a: Skeledirge\n|-supereffective|p2a: Skeledirge\n|-damage|p2a: Skeledirge|0 fnt\n|faint|p2a: Skeledirge\n|\n|win|nepherae\n|c|\u2606Psvishal|gg\n|l|\u2606nepherae\n|c| plasma_fistem|wp\n|l| Najirs\n|l|\u2606Psvishal\n|j|\u2606Psvishal\n|player|p2|Psvishal|2\n","uploadtime":1700668837,"views":1,"p1id":"nepherae","p2id":"psvishal","formatid":"gen9nationaldex","rating":0,"private":0,"password":""}