{"id":"gen9nationaldex-1993363069","p1":"Relic Continent","p2":"steals many wives","format":"[Gen 9] National Dex","log":"|j|\u2606Relic Continent\n|j|\u2606steals many wives\n|t:|1700306285\n|gametype|singles\n|player|p1|Relic Continent|palmer|1099\n|player|p2|steals many wives|waitress|1119\n|teamsize|p1|6\n|teamsize|p2|6\n|gen|9\n|tier|[Gen 9] National Dex\n|rated|\n|rule|HP Percentage Mod: HP is shown in percentages\n|rule|Endless Battle Clause: Forcing endless battles is banned\n|rule|OHKO Clause: OHKO moves are banned\n|rule|Evasion Clause: Evasion abilities, items, and moves are banned\n|rule|Evasion Abilities Clause: Evasion abilities are banned\n|rule|Evasion Items Clause: Evasion items are banned\n|rule|Evasion Moves Clause: Evasion moves are banned\n|rule|Species Clause: Limit one of each Pok\u00e9mon\n|rule|Sleep Clause Mod: Limit one foe put to sleep\n|clearpoke\n|poke|p1|Ursaluna, M|\n|poke|p1|Porygon-Z|\n|poke|p1|Dragonite, M|\n|poke|p1|Chansey, F|\n|poke|p1|Swellow, F|\n|poke|p1|Cinccino, F|\n|poke|p2|Aggron, M|\n|poke|p2|Ferrothorn, M|\n|poke|p2|Goodra-Hisui, F|\n|poke|p2|Celesteela|\n|poke|p2|Heatran, M|\n|poke|p2|Excadrill, M|\n|teampreview\n|inactive|Battle timer is ON: inactive players will automatically lose when time's up. (requested by steals many wives)\n|inactive|Relic Continent has 120 seconds left.\n|inactive|Relic Continent has 90 seconds left.\n|inactive|Relic Continent has 60 seconds left.\n|inactive|Relic Continent has 30 seconds left.\n|\n|t:|1700306430\n|start\n|switch|p1a: Swellow|Swellow, F|100\/100\n|switch|p2a: Lego|Ferrothorn, M|100\/100\n|turn|1\n|\n|t:|1700306435\n|move|p1a: Swellow|Heat Wave|p2a: Lego\n|-supereffective|p2a: Lego\n|-damage|p2a: Lego|27\/100\n|move|p2a: Lego|Stealth Rock|p1a: Swellow\n|-sidestart|p1: Relic Continent|move: Stealth Rock\n|\n|upkeep\n|turn|2\n|\n|t:|1700306441\n|switch|p2a: Slag Heap|Heatran, M|100\/100\n|move|p1a: Swellow|Heat Wave|p2a: Slag Heap\n|-start|p2a: Slag Heap|ability: Flash Fire\n|\n|upkeep\n|turn|3\n|\n|t:|1700306446\n|move|p1a: Swellow|Boomburst|p2a: Slag Heap\n|-resisted|p2a: Slag Heap\n|-damage|p2a: Slag Heap|76\/100\n|-enditem|p1a: Swellow|Throat Spray\n|-boost|p1a: Swellow|spa|1|[from] item: Throat Spray\n|move|p2a: Slag Heap|Eruption|p1a: Swellow\n|-damage|p1a: Swellow|0 fnt\n|faint|p1a: Swellow\n|\n|upkeep\n|\n|t:|1700306454\n|switch|p1a: Ursaluna|Ursaluna, M|100\/100\n|-damage|p1a: Ursaluna|94\/100|[from] Stealth Rock\n|turn|4\n|\n|t:|1700306458\n|move|p2a: Slag Heap|Eruption|p1a: Ursaluna\n|-damage|p1a: Ursaluna|13\/100\n|move|p1a: Ursaluna|Earthquake|p2a: Slag Heap\n|-supereffective|p2a: Slag Heap\n|-damage|p2a: Slag Heap|0 fnt\n|faint|p2a: Slag Heap\n|\n|-status|p1a: Ursaluna|brn|[from] item: Flame Orb\n|upkeep\n|c|\u2606steals many wives|noooo\n|\n|t:|1700306469\n|switch|p2a: Lego|Ferrothorn, M|27\/100\n|turn|5\n|\n|t:|1700306472\n|switch|p2a: Team Rocket|Celesteela|100\/100\n|move|p1a: Ursaluna|Close Combat|p2a: Team Rocket\n|-damage|p2a: Team Rocket|45\/100\n|-unboost|p1a: Ursaluna|def|1\n|-unboost|p1a: Ursaluna|spd|1\n|\n|-heal|p2a: Team Rocket|51\/100|[from] item: Leftovers\n|-damage|p1a: Ursaluna|7\/100 brn|[from] brn\n|upkeep\n|turn|6\n|\n|t:|1700306482\n|move|p2a: Team Rocket|Protect|p2a: Team Rocket\n|-singleturn|p2a: Team Rocket|Protect\n|move|p1a: Ursaluna|Protect||[still]\n|-fail|p1a: Ursaluna\n|\n|-heal|p2a: Team Rocket|57\/100|[from] item: Leftovers\n|-damage|p1a: Ursaluna|0 fnt|[from] brn\n|faint|p1a: Ursaluna\n|upkeep\n|\n|t:|1700306490\n|switch|p1a: Porygon-Z|Porygon-Z|100\/100\n|-damage|p1a: Porygon-Z|88\/100|[from] Stealth Rock\n|turn|7\n|\n|t:|1700306495\n|move|p1a: Porygon-Z|Hyper Beam|p2a: Team Rocket\n|-resisted|p2a: Team Rocket\n|-damage|p2a: Team Rocket|18\/100\n|-mustrecharge|p1a: Porygon-Z\n|move|p2a: Team Rocket|Leech Seed|p1a: Porygon-Z\n|-start|p1a: Porygon-Z|move: Leech Seed\n|\n|-heal|p2a: Team Rocket|24\/100|[from] item: Leftovers\n|-damage|p1a: Porygon-Z|76\/100|[from] Leech Seed|[of] p2a: Team Rocket\n|-heal|p2a: Team Rocket|34\/100|[silent]\n|upkeep\n|turn|8\n|\n|t:|1700306502\n|cant|p1a: Porygon-Z|recharge\n|move|p2a: Team Rocket|Fly||[still]\n|-prepare|p2a: Team Rocket|Fly\n|\n|-heal|p2a: Team Rocket|41\/100|[from] item: Leftovers\n|-damage|p1a: Porygon-Z|64\/100|[from] Leech Seed|[of] p2a: Team Rocket\n|-heal|p2a: Team Rocket|50\/100|[silent]\n|upkeep\n|turn|9\n|\n|t:|1700306515\n|switch|p1a: Dragonite|Dragonite, M|100\/100\n|-damage|p1a: Dragonite|76\/100|[from] Stealth Rock\n|move|p2a: Team Rocket|Fly|p1a: Dragonite|[from]lockedmove\n|-damage|p1a: Dragonite|47\/100\n|\n|-heal|p2a: Team Rocket|57\/100|[from] item: Leftovers\n|upkeep\n|turn|10\n|\n|t:|1700306526\n|move|p1a: Dragonite|Curse|p1a: Dragonite\n|-unboost|p1a: Dragonite|spe|1\n|-boost|p1a: Dragonite|atk|1\n|-boost|p1a: Dragonite|def|1\n|move|p2a: Team Rocket|Leech Seed|p1a: Dragonite\n|-start|p1a: Dragonite|move: Leech Seed\n|\n|-heal|p2a: Team Rocket|63\/100|[from] item: Leftovers\n|-damage|p1a: Dragonite|35\/100|[from] Leech Seed|[of] p2a: Team Rocket\n|-heal|p2a: Team Rocket|75\/100|[silent]\n|upkeep\n|turn|11\n|\n|t:|1700306535\n|move|p2a: Team Rocket|Fly||[still]\n|-prepare|p2a: Team Rocket|Fly\n|move|p1a: Dragonite|Roost|p1a: Dragonite\n|-heal|p1a: Dragonite|85\/100\n|-singleturn|p1a: Dragonite|move: Roost\n|\n|-heal|p2a: Team Rocket|82\/100|[from] item: Leftovers\n|-damage|p1a: Dragonite|73\/100|[from] Leech Seed|[of] p2a: Team Rocket\n|-heal|p2a: Team Rocket|94\/100|[silent]\n|upkeep\n|turn|12\n|\n|t:|1700306544\n|switch|p1a: Chansey|Chansey, F|100\/100\n|-damage|p1a: Chansey|88\/100|[from] Stealth Rock\n|move|p2a: Team Rocket|Fly|p1a: Chansey|[from]lockedmove\n|-damage|p1a: Chansey|68\/100\n|\n|-heal|p2a: Team Rocket|100\/100|[from] item: Leftovers\n|upkeep\n|turn|13\n|\n|t:|1700306552\n|move|p2a: Team Rocket|Leech Seed|p1a: Chansey\n|-start|p1a: Chansey|move: Leech Seed\n|move|p1a: Chansey|Thunder Wave|p2a: Team Rocket\n|-status|p2a: Team Rocket|par\n|\n|-damage|p1a: Chansey|56\/100|[from] Leech Seed|[of] p2a: Team Rocket\n|upkeep\n|turn|14\n|\n|t:|1700306558\n|switch|p1a: Porygon-Z|Porygon-Z|64\/100\n|-damage|p1a: Porygon-Z|52\/100|[from] Stealth Rock\n|move|p2a: Team Rocket|Iron Head|p1a: Porygon-Z\n|-damage|p1a: Porygon-Z|7\/100\n|\n|upkeep\n|turn|15\n|\n|t:|1700306566\n|move|p1a: Porygon-Z|Thunderbolt|p2a: Team Rocket\n|-supereffective|p2a: Team Rocket\n|-damage|p2a: Team Rocket|48\/100 par\n|move|p2a: Team Rocket|Leech Seed|p1a: Porygon-Z\n|-start|p1a: Porygon-Z|move: Leech Seed\n|\n|-heal|p2a: Team Rocket|55\/100 par|[from] item: Leftovers\n|-damage|p1a: Porygon-Z|0 fnt|[from] Leech Seed|[of] p2a: Team Rocket\n|-heal|p2a: Team Rocket|60\/100 par|[silent]\n|faint|p1a: Porygon-Z\n|upkeep\n|\n|t:|1700306571\n|switch|p1a: Cinccino|Cinccino, F|100\/100\n|-damage|p1a: Cinccino|88\/100|[from] Stealth Rock\n|turn|16\n|\n|t:|1700306577\n|switch|p2a: Lego|Ferrothorn, M|27\/100\n|move|p1a: Cinccino|Triple Axel|p2a: Lego\n|-damage|p2a: Lego|21\/100\n|-damage|p1a: Cinccino|76\/100|[from] ability: Iron Barbs|[of] p2a: Lego\n|-damage|p1a: Cinccino|59\/100|[from] item: Rocky Helmet|[of] p2a: Lego\n|-damage|p2a: Lego|10\/100\n|-damage|p1a: Cinccino|47\/100|[from] ability: Iron Barbs|[of] p2a: Lego\n|-damage|p1a: Cinccino|30\/100|[from] item: Rocky Helmet|[of] p2a: Lego\n|-damage|p2a: Lego|0 fnt\n|-damage|p1a: Cinccino|18\/100|[from] ability: Iron Barbs|[of] p2a: Lego\n|-damage|p1a: Cinccino|2\/100|[from] item: Rocky Helmet|[of] p2a: Lego\n|faint|p2a: Lego\n|-hitcount|p2: Lego|3\n|\n|upkeep\n|c|\u2606steals many wives|Thats funny every time\n|\n|t:|1700306598\n|switch|p2a: Slime Shady|Goodra-Hisui, F|100\/100\n|turn|17\n|\n|t:|1700306601\n|move|p1a: Cinccino|Triple Axel|p2a: Slime Shady\n|-damage|p2a: Slime Shady|93\/100\n|-damage|p1a: Cinccino|0 fnt|[from] item: Rocky Helmet|[of] p2a: Slime Shady\n|-ability|p2a: Slime Shady|Gooey\n|faint|p1a: Cinccino\n|-hitcount|p2a: Slime Shady|1\n|move|p2a: Slime Shady|Substitute|p2a: Slime Shady\n|-start|p2a: Slime Shady|Substitute\n|-damage|p2a: Slime Shady|68\/100\n|\n|upkeep\n|\n|t:|1700306609\n|switch|p1a: Dragonite|Dragonite, M|73\/100\n|-damage|p1a: Dragonite|48\/100|[from] Stealth Rock\n|turn|18\n|\n|t:|1700306614\n|-terastallize|p1a: Dragonite|Normal\n|move|p1a: Dragonite|Roost|p1a: Dragonite\n|-heal|p1a: Dragonite|98\/100\n|move|p2a: Slime Shady|Dragon Pulse|p1a: Dragonite\n|-damage|p1a: Dragonite|72\/100\n|\n|upkeep\n|turn|19\n|\n|t:|1700306622\n|move|p1a: Dragonite|Roost|p1a: Dragonite\n|-heal|p1a: Dragonite|100\/100\n|move|p2a: Slime Shady|Dragon Pulse|p1a: Dragonite\n|-damage|p1a: Dragonite|87\/100\n|\n|upkeep\n|turn|20\n|\n|t:|1700306628\n|move|p1a: Dragonite|Curse|p1a: Dragonite\n|-unboost|p1a: Dragonite|spe|1\n|-boost|p1a: Dragonite|atk|1\n|-boost|p1a: Dragonite|def|1\n|move|p2a: Slime Shady|Dragon Pulse|p1a: Dragonite\n|-damage|p1a: Dragonite|59\/100\n|\n|upkeep\n|turn|21\n|\n|t:|1700306636\n|move|p2a: Slime Shady|Dragon Pulse|p1a: Dragonite\n|-damage|p1a: Dragonite|32\/100\n|move|p1a: Dragonite|Roost|p1a: Dragonite\n|-heal|p1a: Dragonite|82\/100\n|\n|upkeep\n|turn|22\n|\n|t:|1700306642\n|move|p2a: Slime Shady|Flash Cannon|p1a: Dragonite\n|-damage|p1a: Dragonite|56\/100\n|move|p1a: Dragonite|Curse|p1a: Dragonite\n|-unboost|p1a: Dragonite|spe|1\n|-boost|p1a: Dragonite|atk|1\n|-boost|p1a: Dragonite|def|1\n|\n|upkeep\n|turn|23\n|\n|t:|1700306653\n|move|p2a: Slime Shady|Flash Cannon|p1a: Dragonite\n|-damage|p1a: Dragonite|30\/100\n|move|p1a: Dragonite|Curse|p1a: Dragonite\n|-unboost|p1a: Dragonite|spe|1\n|-boost|p1a: Dragonite|atk|1\n|-boost|p1a: Dragonite|def|1\n|\n|upkeep\n|turn|24\n|\n|t:|1700306660\n|move|p2a: Slime Shady|Dragon Pulse|p1a: Dragonite\n|-damage|p1a: Dragonite|3\/100\n|move|p1a: Dragonite|Roost|p1a: Dragonite\n|-heal|p1a: Dragonite|53\/100\n|\n|upkeep\n|turn|25\n|\n|t:|1700306666\n|move|p2a: Slime Shady|Flash Cannon|p1a: Dragonite\n|-damage|p1a: Dragonite|26\/100\n|move|p1a: Dragonite|Roost|p1a: Dragonite\n|-heal|p1a: Dragonite|76\/100\n|\n|upkeep\n|turn|26\n|\n|t:|1700306673\n|move|p2a: Slime Shady|Dragon Pulse|p1a: Dragonite\n|-damage|p1a: Dragonite|47\/100\n|move|p1a: Dragonite|Curse|p1a: Dragonite\n|-unboost|p1a: Dragonite|spe|1\n|-boost|p1a: Dragonite|atk|1\n|-boost|p1a: Dragonite|def|1\n|\n|upkeep\n|turn|27\n|\n|t:|1700306681\n|move|p2a: Slime Shady|Flash Cannon|p1a: Dragonite\n|-damage|p1a: Dragonite|19\/100\n|move|p1a: Dragonite|Roost|p1a: Dragonite\n|-heal|p1a: Dragonite|69\/100\n|\n|upkeep\n|turn|28\n|\n|t:|1700306687\n|move|p1a: Dragonite|Extreme Speed|p2a: Slime Shady\n|-resisted|p2a: Slime Shady\n|-end|p2a: Slime Shady|Substitute\n|move|p2a: Slime Shady|Flash Cannon|p1a: Dragonite\n|-damage|p1a: Dragonite|45\/100\n|\n|upkeep\n|turn|29\n|\n|t:|1700306693\n|move|p1a: Dragonite|Extreme Speed|p2a: Slime Shady\n|-resisted|p2a: Slime Shady\n|-damage|p2a: Slime Shady|13\/100\n|-damage|p1a: Dragonite|28\/100|[from] item: Rocky Helmet|[of] p2a: Slime Shady\n|-ability|p2a: Slime Shady|Gooey\n|-unboost|p1a: Dragonite|spe|1\n|move|p2a: Slime Shady|Flash Cannon|p1a: Dragonite\n|-damage|p1a: Dragonite|3\/100\n|\n|upkeep\n|turn|30\n|\n|t:|1700306702\n|move|p1a: Dragonite|Extreme Speed|p2a: Slime Shady\n|-resisted|p2a: Slime Shady\n|-damage|p2a: Slime Shady|0 fnt\n|-damage|p1a: Dragonite|0 fnt|[from] item: Rocky Helmet|[of] p2a: Slime Shady\n|-ability|p2a: Slime Shady|Gooey\n|faint|p2a: Slime Shady\n|faint|p1a: Dragonite\n|\n|upkeep\n|\n|t:|1700306712\n|switch|p1a: Chansey|Chansey, F|56\/100\n|switch|p2a: Team Rocket|Celesteela|60\/100 par\n|-damage|p1a: Chansey|43\/100|[from] Stealth Rock\n|turn|31\n|\n|t:|1700306717\n|move|p1a: Chansey|Seismic Toss|p2a: Team Rocket\n|-damage|p2a: Team Rocket|34\/100 par\n|move|p2a: Team Rocket|Leech Seed|p1a: Chansey\n|-start|p1a: Chansey|move: Leech Seed\n|\n|-heal|p2a: Team Rocket|40\/100 par|[from] item: Leftovers\n|-damage|p1a: Chansey|31\/100|[from] Leech Seed|[of] p2a: Team Rocket\n|-heal|p2a: Team Rocket|63\/100 par|[silent]\n|upkeep\n|turn|32\n|\n|t:|1700306725\n|move|p1a: Chansey|Seismic Toss|p2a: Team Rocket\n|-damage|p2a: Team Rocket|37\/100 par\n|cant|p2a: Team Rocket|par\n|\n|-heal|p2a: Team Rocket|43\/100 par|[from] item: Leftovers\n|-damage|p1a: Chansey|18\/100|[from] Leech Seed|[of] p2a: Team Rocket\n|-heal|p2a: Team Rocket|66\/100 par|[silent]\n|upkeep\n|turn|33\n|c|\u2606Relic Continent|welp, GG\n|c|\u2606steals many wives|yes\n|\n|t:|1700306733\n|move|p1a: Chansey|Seismic Toss|p2a: Team Rocket\n|-damage|p2a: Team Rocket|40\/100 par\n|move|p2a: Team Rocket|Iron Head|p1a: Chansey\n|-damage|p1a: Chansey|0 fnt\n|faint|p1a: Chansey\n|\n|win|steals many wives\n|raw|Relic Continent's rating: 1099 &rarr; <strong>1076<\/strong><br \/>(-23 for losing)\n|raw|steals many wives's rating: 1119 &rarr; <strong>1143<\/strong><br \/>(+24 for winning)\n|l|\u2606Relic Continent\n","uploadtime":1700306745,"views":7,"p1id":"reliccontinent","p2id":"stealsmanywives","formatid":"gen9nationaldex","rating":1076,"private":0,"password":""}