{"id":"gen9nationaldex-1989115318","p1":"haroon02","p2":"Shuichi420","format":"[Gen 9] National Dex","log":"|j|\u2606haroon02\n|j|\u2606Shuichi420\n|t:|1699813862\n|gametype|singles\n|player|p1|haroon02|170|1405\n|player|p2|Shuichi420|101|1425\n|teamsize|p1|6\n|teamsize|p2|6\n|gen|9\n|tier|[Gen 9] National Dex\n|rated|\n|rule|HP Percentage Mod: HP is shown in percentages\n|rule|Endless Battle Clause: Forcing endless battles is banned\n|rule|OHKO Clause: OHKO moves are banned\n|rule|Evasion Clause: Evasion abilities, items, and moves are banned\n|rule|Evasion Abilities Clause: Evasion abilities are banned\n|rule|Evasion Items Clause: Evasion items are banned\n|rule|Evasion Moves Clause: Evasion moves are banned\n|rule|Species Clause: Limit one of each Pok\u00e9mon\n|rule|Sleep Clause Mod: Limit one foe put to sleep\n|clearpoke\n|poke|p1|Volcarona, M|\n|poke|p1|Grimmsnarl, M|\n|poke|p1|Lopunny, F|\n|poke|p1|Glimmora, F|\n|poke|p1|Samurott-Hisui, M|\n|poke|p1|Iron Valiant|\n|poke|p2|Greninja-*, M|\n|poke|p2|Iron Valiant|\n|poke|p2|Sneasler, F|\n|poke|p2|Tapu Koko|\n|poke|p2|Scizor, F|\n|poke|p2|Landorus-Therian, M|\n|teampreview\n|\n|t:|1699813875\n|start\n|switch|p1a: Glimmora|Glimmora, F|100\/100\n|switch|p2a: Landorus|Landorus-Therian, M|100\/100\n|-ability|p2a: Landorus|Intimidate|boost\n|-unboost|p1a: Glimmora|atk|1\n|turn|1\n|\n|t:|1699813900\n|move|p2a: Landorus|Stealth Rock|p1a: Glimmora\n|-sidestart|p1: haroon02|move: Stealth Rock\n|move|p1a: Glimmora|Power Gem|p2a: Landorus\n|-damage|p2a: Landorus|49\/100\n|\n|upkeep\n|turn|2\n|inactive|Battle timer is ON: inactive players will automatically lose when time's up. (requested by Shuichi420)\n|\n|t:|1699813919\n|move|p2a: Landorus|Earthquake|p1a: Glimmora\n|-supereffective|p1a: Glimmora\n|-enditem|p1a: Glimmora|Focus Sash\n|-damage|p1a: Glimmora|1\/100\n|-activate|p1a: Glimmora|ability: Toxic Debris\n|-sidestart|p2: Shuichi420|move: Toxic Spikes\n|move|p1a: Glimmora|Mortal Spin|p2a: Landorus\n|-resisted|p2a: Landorus\n|-damage|p2a: Landorus|47\/100\n|-status|p2a: Landorus|psn\n|-sideend|p1: haroon02|Stealth Rock|[from] move: Mortal Spin|[of] p1a: Glimmora\n|\n|-damage|p2a: Landorus|34\/100 psn|[from] psn\n|upkeep\n|turn|3\n|inactive|haroon02 has 120 seconds left.\n|\n|t:|1699813967\n|move|p2a: Landorus|Stealth Rock|p1a: Glimmora\n|-sidestart|p1: haroon02|move: Stealth Rock\n|move|p1a: Glimmora|Power Gem|p2a: Landorus\n|-damage|p2a: Landorus|0 fnt\n|faint|p2a: Landorus\n|\n|upkeep\n|inactive|Shuichi420 has 120 seconds left.\n|\n|t:|1699814000\n|switch|p2a: Greninja|Greninja, M|100\/100\n|-status|p2a: Greninja|psn\n|turn|4\n|\n|t:|1699814009\n|switch|p1a: Grimmsnarl|Grimmsnarl, M|100\/100\n|-damage|p1a: Grimmsnarl|88\/100|[from] Stealth Rock\n|move|p2a: Greninja|Swords Dance|p2a: Greninja\n|-boost|p2a: Greninja|atk|2\n|\n|-damage|p2a: Greninja|88\/100 psn|[from] psn\n|upkeep\n|turn|5\n|\n|t:|1699814015\n|move|p1a: Grimmsnarl|Reflect|p1a: Grimmsnarl\n|-sidestart|p1: haroon02|Reflect\n|move|p2a: Greninja|Gunk Shot|p1a: Grimmsnarl\n|-supereffective|p1a: Grimmsnarl\n|-damage|p1a: Grimmsnarl|5\/100\n|\n|-damage|p2a: Greninja|76\/100 psn|[from] psn\n|upkeep\n|turn|6\n|\n|t:|1699814022\n|move|p2a: Greninja|Liquidation|p1a: Grimmsnarl\n|-damage|p1a: Grimmsnarl|0 fnt\n|faint|p1a: Grimmsnarl\n|-ability|p2a: Greninja|Battle Bond|boost\n|-boost|p2a: Greninja|atk|1\n|-boost|p2a: Greninja|spa|1\n|-boost|p2a: Greninja|spe|1\n|-activate|p2a: Greninja|ability: Battle Bond\n|\n|-damage|p2a: Greninja|64\/100 psn|[from] psn\n|upkeep\n|inactive|haroon02 has 120 seconds left.\n|\n|t:|1699814037\n|switch|p1a: Iron Valiant|Iron Valiant|100\/100\n|-damage|p1a: Iron Valiant|94\/100|[from] Stealth Rock\n|-enditem|p1a: Iron Valiant|Booster Energy\n|-activate|p1a: Iron Valiant|ability: Quark Drive|[fromitem]\n|-start|p1a: Iron Valiant|quarkdrivespe\n|turn|7\n|\n|t:|1699814044\n|-terastallize|p1a: Iron Valiant|Fairy\n|move|p2a: Greninja|Gunk Shot|p1a: Iron Valiant\n|-supereffective|p1a: Iron Valiant\n|-damage|p1a: Iron Valiant|0 fnt\n|faint|p1a: Iron Valiant\n|-end|p1a: Iron Valiant|Quark Drive|[silent]\n|\n|-damage|p2a: Greninja|51\/100 psn|[from] psn\n|upkeep\n|l|\u2606haroon02\n|inactive|haroon02 disconnected and has a minute to reconnect!\n|player|p1|\n|inactive|haroon02 has 30 seconds to reconnect!\n|inactive|haroon02 has 20 seconds to reconnect!\n|inactive|haroon02 has 15 seconds to reconnect!\n|inactive|haroon02 has 10 seconds to reconnect!\n|inactive|haroon02 has 5 seconds to reconnect!\n|-message|haroon02 lost due to inactivity.\n|\n|win|Shuichi420\n|raw|haroon02's rating: 1405 &rarr; <strong>1386<\/strong><br \/>(-19 for losing)\n|raw|Shuichi420's rating: 1425 &rarr; <strong>1444<\/strong><br \/>(+19 for winning)\n","uploadtime":1699814303,"views":21,"p1id":"haroon02","p2id":"shuichi420","formatid":"gen9nationaldex","rating":1386,"private":0,"password":""}