{"id":"gen9nationaldex-1988294806","p1":"CigarSmokerForever","p2":"Hi I Am Red Dead 2","format":"[Gen 9] National Dex","log":"|j|\u2606CigarSmokerForever\n|j|\u2606Hi I Am Red Dead 2\n|t:|1699703509\n|gametype|singles\n|player|p1|CigarSmokerForever|red|1322\n|player|p2|Hi I Am Red Dead 2|red|1386\n|teamsize|p1|6\n|teamsize|p2|6\n|gen|9\n|tier|[Gen 9] National Dex\n|rated|\n|rule|HP Percentage Mod: HP is shown in percentages\n|rule|Endless Battle Clause: Forcing endless battles is banned\n|rule|OHKO Clause: OHKO moves are banned\n|rule|Evasion Clause: Evasion abilities, items, and moves are banned\n|rule|Evasion Abilities Clause: Evasion abilities are banned\n|rule|Evasion Items Clause: Evasion items are banned\n|rule|Evasion Moves Clause: Evasion moves are banned\n|rule|Species Clause: Limit one of each Pok\u00e9mon\n|rule|Sleep Clause Mod: Limit one foe put to sleep\n|clearpoke\n|poke|p1|Beedrill, F|\n|poke|p1|Chansey, F|\n|poke|p1|Tapu Lele|\n|poke|p1|Dragonite, M|\n|poke|p1|Shuckle, F|\n|poke|p1|Heatran, M|\n|poke|p2|Aggron, M|\n|poke|p2|Blissey, F|\n|poke|p2|Clefable, M|\n|poke|p2|Buzzwole|\n|poke|p2|Zapdos|\n|poke|p2|Greninja-*, F|\n|teampreview\n|inactive|Battle timer is ON: inactive players will automatically lose when time's up. (requested by CigarSmokerForever)\n|\n|t:|1699703520\n|start\n|switch|p1a: Shuckle|Shuckle, F|100\/100\n|switch|p2a: Aggron|Aggron, M|100\/100\n|turn|1\n|\n|t:|1699703527\n|detailschange|p2a: Aggron|Aggron-Mega, M\n|-mega|p2a: Aggron|Aggron|Aggronite\n|move|p2a: Aggron|Heavy Slam|p1a: Shuckle\n|-supereffective|p1a: Shuckle\n|-crit|p1a: Shuckle\n|-ability|p1a: Shuckle|Sturdy\n|-damage|p1a: Shuckle|1\/100\n|move|p1a: Shuckle|Encore|p2a: Aggron\n|-start|p2a: Aggron|Encore\n|\n|upkeep\n|turn|2\n|\n|t:|1699703538\n|switch|p1a: Heatran|Heatran, M|100\/100\n|-item|p1a: Heatran|Air Balloon\n|move|p2a: Aggron|Heavy Slam|p1a: Heatran\n|-resisted|p1a: Heatran\n|-damage|p1a: Heatran|96\/100\n|-enditem|p1a: Heatran|Air Balloon\n|\n|upkeep\n|turn|3\n|\n|t:|1699703556\n|switch|p2a: Greninja|Greninja, F|100\/100\n|move|p1a: Heatran|Magma Storm|p2a: Greninja|[miss]\n|-miss|p1a: Heatran|p2a: Greninja\n|\n|upkeep\n|turn|4\n|\n|t:|1699703580\n|switch|p1a: Shuckle|Shuckle, F|1\/100\n|move|p2a: Greninja|Gunk Shot|p1a: Shuckle|[miss]\n|-start|p2a: Greninja|typechange|Poison|[from] ability: Protean\n|-miss|p2a: Greninja|p1a: Shuckle\n|\n|upkeep\n|turn|5\n|\n|t:|1699703590\n|move|p2a: Greninja|Ice Beam|p1a: Shuckle\n|-damage|p1a: Shuckle|0 fnt\n|faint|p1a: Shuckle\n|\n|upkeep\n|\n|t:|1699703597\n|switch|p1a: Dragonite|Dragonite, M|100\/100\n|turn|6\n|\n|t:|1699703608\n|switch|p2a: Buzzwole|Buzzwole|100\/100\n|move|p1a: Dragonite|Dragon Dance|p1a: Dragonite\n|-boost|p1a: Dragonite|atk|1\n|-boost|p1a: Dragonite|spe|1\n|\n|upkeep\n|turn|7\n|\n|t:|1699703616\n|-terastallize|p1a: Dragonite|Dragon\n|move|p1a: Dragonite|Dragon Claw|p2a: Buzzwole\n|-damage|p2a: Buzzwole|56\/100\n|move|p2a: Buzzwole|Toxic|p1a: Dragonite\n|-status|p1a: Dragonite|tox\n|\n|-damage|p1a: Dragonite|94\/100 tox|[from] psn\n|upkeep\n|turn|8\n|\n|t:|1699703627\n|move|p1a: Dragonite|Dragon Claw|p2a: Buzzwole\n|-damage|p2a: Buzzwole|9\/100\n|move|p2a: Buzzwole|Roost|p2a: Buzzwole\n|-heal|p2a: Buzzwole|59\/100\n|-singleturn|p2a: Buzzwole|move: Roost\n|\n|-damage|p1a: Dragonite|82\/100 tox|[from] psn\n|upkeep\n|turn|9\n|\n|t:|1699703636\n|move|p1a: Dragonite|Dragon Dance|p1a: Dragonite\n|-boost|p1a: Dragonite|atk|1\n|-boost|p1a: Dragonite|spe|1\n|move|p2a: Buzzwole|Roost|p2a: Buzzwole\n|-heal|p2a: Buzzwole|100\/100\n|-singleturn|p2a: Buzzwole|move: Roost\n|\n|-damage|p1a: Dragonite|63\/100 tox|[from] psn\n|upkeep\n|turn|10\n|\n|t:|1699703646\n|switch|p2a: Clefable|Clefable, M|100\/100\n|move|p1a: Dragonite|Dragon Claw|p2a: Clefable\n|-immune|p2a: Clefable\n|\n|-damage|p1a: Dragonite|39\/100 tox|[from] psn\n|upkeep\n|turn|11\n|\n|t:|1699703655\n|move|p1a: Dragonite|Earthquake|p2a: Clefable\n|-damage|p2a: Clefable|71\/100\n|move|p2a: Clefable|Wish|p2a: Clefable\n|\n|-heal|p2a: Clefable|77\/100|[from] item: Leftovers\n|-damage|p1a: Dragonite|8\/100 tox|[from] psn\n|upkeep\n|turn|12\n|\n|t:|1699703664\n|move|p1a: Dragonite|Fire Punch|p2a: Clefable\n|-damage|p2a: Clefable|56\/100\n|move|p2a: Clefable|Moonblast|p1a: Dragonite\n|-supereffective|p1a: Dragonite\n|-damage|p1a: Dragonite|0 fnt\n|faint|p1a: Dragonite\n|\n|-heal|p2a: Clefable|100\/100|[from] move: Wish|[wisher] Clefable\n|upkeep\n|\n|t:|1699703677\n|switch|p1a: Beedrill|Beedrill, F|100\/100\n|turn|13\n|\n|t:|1699703682\n|switch|p2a: Zapdos|Zapdos|100\/100\n|detailschange|p1a: Beedrill|Beedrill-Mega, F\n|-mega|p1a: Beedrill|Beedrill|Beedrillite\n|move|p1a: Beedrill|Poison Jab|p2a: Zapdos\n|-damage|p2a: Zapdos|60\/100\n|-status|p2a: Zapdos|psn\n|\n|-damage|p2a: Zapdos|47\/100 psn|[from] psn\n|upkeep\n|turn|14\n|\n|t:|1699703698\n|switch|p1a: Chansey|Chansey, F|100\/100\n|move|p2a: Zapdos|Roost|p2a: Zapdos\n|-heal|p2a: Zapdos|97\/100 psn\n|-singleturn|p2a: Zapdos|move: Roost\n|\n|-damage|p2a: Zapdos|85\/100 psn|[from] psn\n|upkeep\n|turn|15\n|\n|t:|1699703708\n|switch|p2a: Blissey|Blissey, F|100\/100\n|move|p1a: Chansey|Seismic Toss|p2a: Blissey\n|-damage|p2a: Blissey|86\/100\n|\n|-heal|p2a: Blissey|93\/100|[from] item: Leftovers\n|upkeep\n|turn|16\n|\n|t:|1699703717\n|move|p2a: Blissey|Heal Bell|p2a: Blissey\n|-activate|p2a: Blissey|move: Heal Bell\n|-curestatus|p2: Zapdos|psn|[msg]\n|move|p1a: Chansey|Thunder Wave|p2a: Blissey\n|-status|p2a: Blissey|par\n|\n|-heal|p2a: Blissey|99\/100 par|[from] item: Leftovers\n|upkeep\n|turn|17\n|\n|t:|1699703727\n|switch|p1a: Beedrill|Beedrill-Mega, F|100\/100\n|move|p2a: Blissey|Stealth Rock|p1a: Beedrill\n|-sidestart|p1: CigarSmokerForever|move: Stealth Rock\n|\n|-heal|p2a: Blissey|100\/100 par|[from] item: Leftovers\n|upkeep\n|turn|18\n|\n|t:|1699703735\n|-curestatus|p2a: Blissey|par|[from] ability: Natural Cure\n|switch|p2a: Aggron|Aggron-Mega, M|100\/100\n|move|p1a: Beedrill|Fell Stinger|p2a: Aggron\n|-resisted|p2a: Aggron\n|-damage|p2a: Aggron|91\/100\n|\n|upkeep\n|turn|19\n|\n|t:|1699703747\n|move|p1a: Beedrill|Drill Run|p2a: Aggron\n|-supereffective|p2a: Aggron\n|-damage|p2a: Aggron|68\/100\n|move|p2a: Aggron|Earthquake|p1a: Beedrill\n|-damage|p1a: Beedrill|0 fnt\n|faint|p1a: Beedrill\n|\n|upkeep\n|\n|t:|1699703751\n|switch|p1a: Heatran|Heatran, M|96\/100\n|-damage|p1a: Heatran|83\/100|[from] Stealth Rock\n|turn|20\n|\n|t:|1699703762\n|switch|p2a: Greninja|Greninja, F|100\/100\n|move|p1a: Heatran|Magma Storm|p2a: Greninja\n|-resisted|p2a: Greninja\n|-damage|p2a: Greninja|55\/100\n|-activate|p2a: Greninja|move: Magma Storm|[of] p1a: Heatran\n|\n|-damage|p2a: Greninja|43\/100|[from] move: Magma Storm|[partiallytrapped]\n|upkeep\n|turn|21\n|\n|t:|1699703772\n|switch|p1a: Chansey|Chansey, F|100\/100\n|-damage|p1a: Chansey|88\/100|[from] Stealth Rock\n|-zpower|p2a: Greninja\n|move|p2a: Greninja|Tectonic Rage|p1a: Chansey|[zeffect]\n|-start|p2a: Greninja|typechange|Ground|[from] ability: Protean\n|-damage|p1a: Chansey|47\/100\n|\n|-end|p2a: Greninja|Magma Storm|[partiallytrapped]|[silent]\n|upkeep\n|turn|22\n|\n|t:|1699703788\n|move|p2a: Greninja|Dig||[still]\n|-prepare|p2a: Greninja|Dig\n|move|p1a: Chansey|Soft-Boiled|p1a: Chansey\n|-heal|p1a: Chansey|98\/100\n|\n|upkeep\n|turn|23\n|\n|t:|1699703794\n|move|p2a: Greninja|Dig|p1a: Chansey|[from]lockedmove\n|-crit|p1a: Chansey\n|-damage|p1a: Chansey|66\/100\n|move|p1a: Chansey|Seismic Toss|p2a: Greninja\n|-damage|p2a: Greninja|8\/100\n|\n|upkeep\n|turn|24\n|\n|t:|1699703806\n|switch|p2a: Blissey|Blissey, F|100\/100\n|move|p1a: Chansey|Soft-Boiled|p1a: Chansey\n|-heal|p1a: Chansey|100\/100\n|\n|upkeep\n|turn|25\n|\n|t:|1699703833\n|move|p2a: Blissey|Wish|p2a: Blissey\n|move|p1a: Chansey|Seismic Toss|p2a: Blissey\n|-damage|p2a: Blissey|86\/100\n|\n|-heal|p2a: Blissey|93\/100|[from] item: Leftovers\n|upkeep\n|turn|26\n|\n|t:|1699703861\n|-terastallize|p2a: Blissey|Ghost\n|move|p2a: Blissey|Stealth Rock||[still]\n|-fail|p2a: Blissey\n|move|p1a: Chansey|Seismic Toss|p2a: Blissey\n|-immune|p2a: Blissey\n|\n|-heal|p2a: Blissey|100\/100|[from] move: Wish|[wisher] Blissey\n|upkeep\n|turn|27\n|\n|t:|1699703875\n|move|p2a: Blissey|Wish|p2a: Blissey\n|move|p1a: Chansey|Thunder Wave|p2a: Blissey|[miss]\n|-miss|p1a: Chansey|p2a: Blissey\n|\n|upkeep\n|turn|28\n|\n|t:|1699703885\n|switch|p2a: Aggron|Aggron-Mega, M|68\/100\n|move|p1a: Chansey|Thunder Wave|p2a: Aggron\n|-status|p2a: Aggron|par\n|\n|-heal|p2a: Aggron|100\/100 par|[from] move: Wish|[wisher] Blissey\n|upkeep\n|turn|29\n|\n|t:|1699703895\n|switch|p2a: Blissey|Blissey, F, tera:Ghost|100\/100\n|move|p1a: Chansey|Seismic Toss|p2a: Blissey\n|-immune|p2a: Blissey\n|\n|upkeep\n|turn|30\n|\n|t:|1699703903\n|move|p2a: Blissey|Heal Bell|p2a: Blissey\n|-activate|p2a: Blissey|move: Heal Bell\n|-curestatus|p2: Aggron|par|[msg]\n|move|p1a: Chansey|Thunder Wave|p2a: Blissey\n|-status|p2a: Blissey|par\n|\n|upkeep\n|turn|31\n|\n|t:|1699703910\n|switch|p1a: Tapu Lele|Tapu Lele|100\/100\n|-damage|p1a: Tapu Lele|88\/100|[from] Stealth Rock\n|-fieldstart|move: Psychic Terrain|[from] ability: Psychic Surge|[of] p1a: Tapu Lele\n|move|p2a: Blissey|Wish|p2a: Blissey\n|\n|-heal|p1a: Tapu Lele|94\/100|[from] item: Leftovers\n|upkeep\n|turn|32\n|\n|t:|1699703922\n|-curestatus|p2a: Blissey|par|[from] ability: Natural Cure\n|switch|p2a: Greninja|Greninja, F|8\/100\n|move|p1a: Tapu Lele|Iron Defense|p1a: Tapu Lele\n|-boost|p1a: Tapu Lele|def|2\n|\n|-heal|p2a: Greninja|100\/100|[from] move: Wish|[wisher] Blissey\n|-heal|p1a: Tapu Lele|99\/100|[from] item: Leftovers\n|upkeep\n|turn|33\n|\n|t:|1699703946\n|switch|p2a: Clefable|Clefable, M|100\/100\n|move|p1a: Tapu Lele|Calm Mind|p1a: Tapu Lele\n|-boost|p1a: Tapu Lele|spa|1\n|-boost|p1a: Tapu Lele|spd|1\n|\n|-heal|p1a: Tapu Lele|100\/100|[from] item: Leftovers\n|upkeep\n|turn|34\n|\n|t:|1699703955\n|move|p1a: Tapu Lele|Psychic|p2a: Clefable\n|-damage|p2a: Clefable|40\/100\n|move|p2a: Clefable|Toxic|p1a: Tapu Lele\n|-status|p1a: Tapu Lele|tox\n|\n|-heal|p2a: Clefable|46\/100|[from] item: Leftovers\n|-damage|p1a: Tapu Lele|94\/100 tox|[from] psn\n|upkeep\n|turn|35\n|\n|t:|1699703967\n|move|p2a: Clefable|Protect|p2a: Clefable\n|-singleturn|p2a: Clefable|Protect\n|move|p1a: Tapu Lele|Psychic|p2a: Clefable\n|-activate|p2a: Clefable|move: Protect\n|\n|-heal|p1a: Tapu Lele|100\/100 tox|[from] item: Leftovers\n|-heal|p2a: Clefable|52\/100|[from] item: Leftovers\n|-damage|p1a: Tapu Lele|88\/100 tox|[from] psn\n|-fieldend|move: Psychic Terrain\n|upkeep\n|turn|36\n|c|\u2606CigarSmokerForever|stall core teams..\n|\n|t:|1699703977\n|move|p1a: Tapu Lele|Psychic|p2a: Clefable\n|-damage|p2a: Clefable|2\/100\n|move|p2a: Clefable|Wish|p2a: Clefable\n|\n|-heal|p1a: Tapu Lele|94\/100 tox|[from] item: Leftovers\n|-heal|p2a: Clefable|8\/100|[from] item: Leftovers\n|-damage|p1a: Tapu Lele|76\/100 tox|[from] psn\n|upkeep\n|turn|37\n|c|\u2606CigarSmokerForever|absolutely digusting\n|c|\u2606CigarSmokerForever|AND A LOW ROLL\n|c|\u2606CigarSmokerForever|LOVELYY\n|-message|CigarSmokerForever forfeited.\n|\n|win|Hi I Am Red Dead 2\n|raw|CigarSmokerForever's rating: 1322 &rarr; <strong>1306<\/strong><br \/>(-16 for losing)\n|raw|Hi I Am Red Dead 2's rating: 1386 &rarr; <strong>1402<\/strong><br \/>(+16 for winning)\n|l|\u2606CigarSmokerForever\n","uploadtime":1699704010,"views":28,"p1id":"cigarsmokerforever","p2id":"hiiamreddead2","formatid":"gen9nationaldex","rating":1306,"private":0,"password":""}