{"id":"gen9nationaldex-1997628117","p1":"DreamFreedom","p2":"Ysaysa","format":"[Gen 9] National Dex","log":"|html|<div class=\"broadcast-blue\"><strong>[Gen 9] National Dex is currently suspecting Sneasler! For information on how to participate check out the <a href=\"https:\/\/www.smogon.com\/forums\/threads\/sv-national-dex-suspect-8-just-dance.3731534\/\">suspect thread<\/a>.<\/strong><\/div>\n|j|\u2606DreamFreedom\n|j|\u2606Ysaysa\n|t:|1700834892\n|gametype|singles\n|player|p1|DreamFreedom|bianca|1512\n|player|p2|Ysaysa|gardenia|1430\n|teamsize|p1|6\n|teamsize|p2|6\n|gen|9\n|tier|[Gen 9] National Dex\n|rated|\n|rule|HP Percentage Mod: HP is shown in percentages\n|rule|Endless Battle Clause: Forcing endless battles is banned\n|rule|OHKO Clause: OHKO moves are banned\n|rule|Evasion Clause: Evasion abilities, items, and moves are banned\n|rule|Evasion Abilities Clause: Evasion abilities are banned\n|rule|Evasion Items Clause: Evasion items are banned\n|rule|Evasion Moves Clause: Evasion moves are banned\n|rule|Species Clause: Limit one of each Pok\u00e9mon\n|rule|Sleep Clause Mod: Limit one foe put to sleep\n|clearpoke\n|poke|p1|Tapu Koko|\n|poke|p1|Manectric, F|\n|poke|p1|Gliscor, M|\n|poke|p1|Alomomola, M|\n|poke|p1|Ogerpon-Cornerstone, F|\n|poke|p1|Samurott-Hisui, F|\n|poke|p2|Pelipper, M|\n|poke|p2|Mawile, F|\n|poke|p2|Excadrill, M|\n|poke|p2|Zeraora|\n|poke|p2|Sneasler, M|\n|poke|p2|Tapu Fini|\n|teampreview\n|inactive|Battle timer is ON: inactive players will automatically lose when time's up. (requested by Ysaysa)\n|\n|t:|1700834911\n|start\n|switch|p1a: Ogerpon|Ogerpon-Cornerstone, F|100\/100\n|switch|p2a: Excadrill|Excadrill, M|100\/100\n|-ability|p2a: Excadrill|Mold Breaker\n|turn|1\n|\n|t:|1700834928\n|move|p1a: Ogerpon|Power Whip|p2a: Excadrill|[miss]\n|-miss|p1a: Ogerpon|p2a: Excadrill\n|move|p2a: Excadrill|Stealth Rock|p1a: Ogerpon\n|-sidestart|p1: DreamFreedom|move: Stealth Rock\n|\n|upkeep\n|turn|2\n|\n|t:|1700834934\n|move|p1a: Ogerpon|U-turn|p2a: Excadrill\n|-resisted|p2a: Excadrill\n|-damage|p2a: Excadrill|81\/100\n|\n|t:|1700834937\n|switch|p1a: Gliscor|Gliscor, M|100\/100|[from] U-turn\n|-damage|p1a: Gliscor|88\/100|[from] Stealth Rock\n|move|p2a: Excadrill|Rapid Spin|p1a: Gliscor\n|-damage|p1a: Gliscor|73\/100\n|-boost|p2a: Excadrill|spe|1\n|\n|-status|p1a: Gliscor|tox|[from] item: Toxic Orb\n|upkeep\n|turn|3\n|\n|t:|1700834947\n|switch|p2a: Tapu Fini|Tapu Fini|100\/100\n|-fieldstart|move: Misty Terrain|[from] ability: Misty Surge|[of] p2a: Tapu Fini\n|move|p1a: Gliscor|Defog|p2a: Tapu Fini\n|-unboost|p2a: Tapu Fini|evasion|1\n|-sideend|p1: DreamFreedom|Stealth Rock|[from] move: Defog|[of] p1a: Gliscor\n|-fieldend|Misty Terrain\n|\n|-heal|p1a: Gliscor|86\/100 tox|[from] ability: Poison Heal\n|upkeep\n|turn|4\n|\n|t:|1700834973\n|switch|p2a: Excadrill|Excadrill, M|81\/100\n|-ability|p2a: Excadrill|Mold Breaker\n|move|p1a: Gliscor|Knock Off|p2a: Excadrill\n|-damage|p2a: Excadrill|49\/100\n|-enditem|p2a: Excadrill|Focus Sash|[from] move: Knock Off|[of] p1a: Gliscor\n|\n|-heal|p1a: Gliscor|98\/100 tox|[from] ability: Poison Heal\n|upkeep\n|turn|5\n|\n|t:|1700834984\n|switch|p2a: Tapu Fini|Tapu Fini|100\/100\n|-fieldstart|move: Misty Terrain|[from] ability: Misty Surge|[of] p2a: Tapu Fini\n|move|p1a: Gliscor|Earthquake|p2a: Tapu Fini\n|-damage|p2a: Tapu Fini|68\/100\n|\n|-heal|p2a: Tapu Fini|74\/100|[from] item: Leftovers\n|-heal|p1a: Gliscor|100\/100 tox|[from] ability: Poison Heal\n|upkeep\n|turn|6\n|\n|t:|1700834990\n|move|p1a: Gliscor|Earthquake|p2a: Tapu Fini\n|-damage|p2a: Tapu Fini|45\/100\n|move|p2a: Tapu Fini|Ice Beam|p1a: Gliscor\n|-supereffective|p1a: Gliscor\n|-damage|p1a: Gliscor|19\/100 tox\n|\n|-heal|p2a: Tapu Fini|51\/100|[from] item: Leftovers\n|-heal|p1a: Gliscor|31\/100 tox|[from] ability: Poison Heal\n|upkeep\n|turn|7\n|\n|t:|1700834997\n|move|p1a: Gliscor|Earthquake|p2a: Tapu Fini\n|-damage|p2a: Tapu Fini|23\/100\n|move|p2a: Tapu Fini|Scald|p1a: Gliscor\n|-supereffective|p1a: Gliscor\n|-damage|p1a: Gliscor|0 fnt\n|faint|p1a: Gliscor\n|\n|-heal|p2a: Tapu Fini|29\/100|[from] item: Leftovers\n|upkeep\n|\n|t:|1700834999\n|switch|p1a: Tapu Koko|Tapu Koko|100\/100\n|-fieldstart|move: Electric Terrain|[from] ability: Electric Surge|[of] p1a: Tapu Koko\n|turn|8\n|\n|t:|1700835007\n|switch|p2a: Excadrill|Excadrill, M|49\/100\n|-ability|p2a: Excadrill|Mold Breaker\n|move|p1a: Tapu Koko|Dazzling Gleam|p2a: Excadrill\n|-resisted|p2a: Excadrill\n|-damage|p2a: Excadrill|25\/100\n|\n|upkeep\n|turn|9\n|\n|t:|1700835012\n|move|p1a: Tapu Koko|U-turn|p2a: Excadrill\n|-resisted|p2a: Excadrill\n|-damage|p2a: Excadrill|13\/100\n|\n|t:|1700835015\n|switch|p1a: Samurott|Samurott-Hisui, F|100\/100|[from] U-turn\n|move|p2a: Excadrill|Stealth Rock|p1a: Samurott\n|-sidestart|p1: DreamFreedom|move: Stealth Rock\n|\n|upkeep\n|turn|10\n|\n|t:|1700835025\n|move|p2a: Excadrill|Rapid Spin|p1a: Samurott\n|-damage|p1a: Samurott|77\/100\n|-boost|p2a: Excadrill|spe|1\n|move|p1a: Samurott|Ceaseless Edge|p2a: Excadrill\n|-damage|p2a: Excadrill|0 fnt\n|-sidestart|p2: Ysaysa|Spikes\n|faint|p2a: Excadrill\n|\n|upkeep\n|\n|t:|1700835044\n|switch|p2a: Zeraora|Zeraora|100\/100\n|-damage|p2a: Zeraora|88\/100|[from] Spikes\n|turn|11\n|\n|t:|1700835049\n|move|p1a: Samurott|Sucker Punch||[still]\n|-fail|p1a: Samurott\n|move|p2a: Zeraora|Bulk Up|p2a: Zeraora\n|-boost|p2a: Zeraora|atk|1\n|-boost|p2a: Zeraora|def|1\n|\n|upkeep\n|turn|12\n|\n|t:|1700835058\n|move|p2a: Zeraora|Bulk Up|p2a: Zeraora\n|-boost|p2a: Zeraora|atk|1\n|-boost|p2a: Zeraora|def|1\n|move|p1a: Samurott|Flip Turn|p2a: Zeraora\n|-crit|p2a: Zeraora\n|-damage|p2a: Zeraora|46\/100\n|\n|t:|1700835064\n|switch|p1a: Alomomola|Alomomola, M|100\/100|[from] Flip Turn\n|-damage|p1a: Alomomola|88\/100|[from] Stealth Rock\n|\n|-heal|p1a: Alomomola|94\/100|[from] item: Leftovers\n|-fieldend|move: Electric Terrain\n|upkeep\n|turn|13\n|\n|t:|1700835069\n|switch|p1a: Manectric|Manectric, F|100\/100\n|-damage|p1a: Manectric|88\/100|[from] Stealth Rock\n|move|p2a: Zeraora|Plasma Fists|p1a: Manectric\n|-ability|p1a: Manectric|Lightning Rod|boost\n|-boost|p1a: Manectric|spa|1\n|\n|upkeep\n|turn|14\n|\n|t:|1700835076\n|detailschange|p1a: Manectric|Manectric-Mega, F\n|-mega|p1a: Manectric|Manectric|Manectite\n|-ability|p1a: Manectric|Intimidate|boost\n|-unboost|p2a: Zeraora|atk|1\n|-terastallize|p2a: Zeraora|Fighting\n|move|p1a: Manectric|Flamethrower|p2a: Zeraora\n|-damage|p2a: Zeraora|0 fnt\n|faint|p2a: Zeraora\n|\n|upkeep\n|-message|Ysaysa forfeited.\n|\n|win|DreamFreedom\n|raw|DreamFreedom's rating: 1512 &rarr; <strong>1527<\/strong><br \/>(+15 for winning)\n|raw|Ysaysa's rating: 1430 &rarr; <strong>1415<\/strong><br \/>(-15 for losing)\n|l|\u2606Ysaysa\n","uploadtime":1700835094,"views":3,"p1id":"dreamfreedom","p2id":"ysaysa","formatid":"gen9nationaldex","rating":1415,"private":0,"password":""}