{"id":"gen9nationaldex-1999216309","p1":"Garry97","p2":"The Brocha","format":"[Gen 9] National Dex","log":"|html|<div class=\"broadcast-blue\"><strong>[Gen 9] National Dex is currently suspecting Sneasler! For information on how to participate check out the <a href=\"https:\/\/www.smogon.com\/forums\/threads\/sv-national-dex-suspect-8-just-dance.3731534\/\">suspect thread<\/a>.<\/strong><\/div>\n|j|\u2606Garry97\n|j|\u2606The Brocha\n|t:|1701046569\n|gametype|singles\n|player|p1|Garry97|eri|1526\n|player|p2|The Brocha|ninjaboy|1466\n|teamsize|p1|6\n|teamsize|p2|6\n|gen|9\n|tier|[Gen 9] National Dex\n|rated|\n|rule|HP Percentage Mod: HP is shown in percentages\n|rule|Endless Battle Clause: Forcing endless battles is banned\n|rule|OHKO Clause: OHKO moves are banned\n|rule|Evasion Clause: Evasion abilities, items, and moves are banned\n|rule|Evasion Abilities Clause: Evasion abilities are banned\n|rule|Evasion Items Clause: Evasion items are banned\n|rule|Evasion Moves Clause: Evasion moves are banned\n|rule|Species Clause: Limit one of each Pok\u00e9mon\n|rule|Sleep Clause Mod: Limit one foe put to sleep\n|clearpoke\n|poke|p1|Lucario, M|\n|poke|p1|Blaziken, M|\n|poke|p1|Aggron, M|\n|poke|p1|Gardevoir, F|\n|poke|p1|Milotic, F|\n|poke|p1|Salamence, M|\n|poke|p2|Rillaboom, F|\n|poke|p2|Aegislash, M|\n|poke|p2|Alomomola, M|\n|poke|p2|Hawlucha, M|\n|poke|p2|Nidoking, M|\n|poke|p2|Kleavor, F|\n|teampreview\n|inactive|Battle timer is ON: inactive players will automatically lose when time's up. (requested by Garry97)\n|\n|t:|1701046580\n|start\n|switch|p1a: Reinhardt|Aggron, M|100\/100\n|switch|p2a: Nidoking|Nidoking, M, shiny|100\/100\n|turn|1\n|\n|t:|1701046594\n|switch|p1a: Ogopogo|Milotic, F|100\/100\n|move|p2a: Nidoking|Earth Power|p1a: Ogopogo\n|-damage|p1a: Ogopogo|69\/100\n|\n|-heal|p1a: Ogopogo|76\/100|[from] item: Leftovers\n|upkeep\n|turn|2\n|\n|t:|1701046603\n|switch|p2a: Alomomola|Alomomola, M|100\/100\n|move|p1a: Ogopogo|Surf|p2a: Alomomola\n|-resisted|p2a: Alomomola\n|-damage|p2a: Alomomola|82\/100\n|-enditem|p2a: Alomomola|Eject Button\n|\n|t:|1701046609\n|switch|p2a: Rillaboom|Rillaboom, F|100\/100\n|-fieldstart|move: Grassy Terrain|[from] ability: Grassy Surge|[of] p2a: Rillaboom\n|\n|-heal|p1a: Ogopogo|82\/100|[from] Grassy Terrain\n|-heal|p1a: Ogopogo|88\/100|[from] item: Leftovers\n|upkeep\n|turn|3\n|\n|t:|1701046618\n|switch|p1a: Dracule Mihawk|Salamence, M|100\/100\n|-ability|p1a: Dracule Mihawk|Intimidate|boost\n|-unboost|p2a: Rillaboom|atk|1\n|move|p2a: Rillaboom|U-turn|p1a: Dracule Mihawk\n|-resisted|p1a: Dracule Mihawk\n|-damage|p1a: Dracule Mihawk|84\/100\n|\n|t:|1701046632\n|switch|p2a: Kleavor|Kleavor, F|100\/100|[from] U-turn\n|\n|upkeep\n|turn|4\n|\n|t:|1701046638\n|switch|p1a: Reinhardt|Aggron, M|100\/100\n|move|p2a: Kleavor|Stone Axe|p1a: Reinhardt\n|-resisted|p1a: Reinhardt\n|-damage|p1a: Reinhardt|89\/100\n|-sidestart|p1: Garry97|move: Stealth Rock\n|\n|-heal|p1a: Reinhardt|95\/100|[from] Grassy Terrain\n|upkeep\n|turn|5\n|\n|t:|1701046648\n|switch|p2a: Nidoking|Nidoking, M, shiny|100\/100\n|detailschange|p1a: Reinhardt|Aggron-Mega, M\n|-mega|p1a: Reinhardt|Aggron|Aggronite\n|move|p1a: Reinhardt|Stealth Rock|p2a: Nidoking\n|-sidestart|p2: The Brocha|move: Stealth Rock\n|\n|-heal|p1a: Reinhardt|100\/100|[from] Grassy Terrain\n|upkeep\n|turn|6\n|\n|t:|1701046659\n|switch|p1a: Ogopogo|Milotic, F|88\/100\n|-damage|p1a: Ogopogo|75\/100|[from] Stealth Rock\n|move|p2a: Nidoking|Flamethrower|p1a: Ogopogo\n|-resisted|p1a: Ogopogo\n|-damage|p1a: Ogopogo|65\/100\n|\n|-heal|p1a: Ogopogo|71\/100|[from] Grassy Terrain\n|-heal|p1a: Ogopogo|77\/100|[from] item: Leftovers\n|-fieldend|move: Grassy Terrain\n|upkeep\n|turn|7\n|\n|t:|1701046671\n|move|p2a: Nidoking|Ice Beam|p1a: Ogopogo\n|-resisted|p1a: Ogopogo\n|-damage|p1a: Ogopogo|66\/100\n|move|p1a: Ogopogo|Toxic|p2a: Nidoking\n|-immune|p2a: Nidoking\n|\n|-heal|p1a: Ogopogo|72\/100|[from] item: Leftovers\n|upkeep\n|turn|8\n|\n|t:|1701046680\n|move|p2a: Nidoking|Earth Power|p1a: Ogopogo\n|-damage|p1a: Ogopogo|41\/100\n|move|p1a: Ogopogo|Surf|p2a: Nidoking\n|-supereffective|p2a: Nidoking\n|-damage|p2a: Nidoking|13\/100\n|\n|-heal|p1a: Ogopogo|47\/100|[from] item: Leftovers\n|upkeep\n|turn|9\n|\n|t:|1701046689\n|-terastallize|p2a: Nidoking|Ground\n|move|p2a: Nidoking|Earth Power|p1a: Ogopogo\n|-damage|p1a: Ogopogo|3\/100\n|move|p1a: Ogopogo|Recover|p1a: Ogopogo\n|-heal|p1a: Ogopogo|53\/100\n|\n|-heal|p1a: Ogopogo|59\/100|[from] item: Leftovers\n|upkeep\n|turn|10\n|\n|t:|1701046700\n|switch|p2a: Alomomola|Alomomola, M|100\/100\n|-damage|p2a: Alomomola|88\/100|[from] Stealth Rock\n|switch|p1a: Dracule Mihawk|Salamence, M|84\/100\n|-ability|p1a: Dracule Mihawk|Intimidate|boost\n|-unboost|p2a: Alomomola|atk|1\n|\n|upkeep\n|turn|11\n|\n|t:|1701046708\n|move|p1a: Dracule Mihawk|Dragon Pulse|p2a: Alomomola\n|-damage|p2a: Alomomola|34\/100\n|move|p2a: Alomomola|Toxic|p1a: Dracule Mihawk\n|-status|p1a: Dracule Mihawk|tox\n|\n|-damage|p1a: Dracule Mihawk|78\/100 tox|[from] psn\n|upkeep\n|turn|12\n|\n|t:|1701046717\n|switch|p2a: Aegislash|Aegislash, M, shiny|100\/100\n|-damage|p2a: Aegislash|94\/100|[from] Stealth Rock\n|move|p1a: Dracule Mihawk|Flamethrower|p2a: Aegislash\n|-supereffective|p2a: Aegislash\n|-damage|p2a: Aegislash|45\/100\n|-status|p2a: Aegislash|brn\n|\n|-heal|p2a: Aegislash|51\/100 brn|[from] item: Leftovers\n|-damage|p1a: Dracule Mihawk|66\/100 tox|[from] psn\n|-damage|p2a: Aegislash|45\/100 brn|[from] brn\n|upkeep\n|turn|13\n|\n|t:|1701046734\n|switch|p1a: Pollo Hermano|Blaziken, M|100\/100\n|-damage|p1a: Pollo Hermano|88\/100|[from] Stealth Rock\n|move|p2a: Aegislash|King's Shield||[still]\n|-fail|p2a: Aegislash\n|\n|-heal|p2a: Aegislash|51\/100 brn|[from] item: Leftovers\n|-damage|p2a: Aegislash|45\/100 brn|[from] brn\n|upkeep\n|turn|14\n|\n|t:|1701046744\n|move|p1a: Pollo Hermano|Stone Edge|p2a: Aegislash\n|-resisted|p2a: Aegislash\n|-damage|p2a: Aegislash|27\/100 brn\n|-damage|p1a: Pollo Hermano|78\/100|[from] item: Life Orb\n|move|p2a: Aegislash|Toxic|p1a: Pollo Hermano\n|-status|p1a: Pollo Hermano|tox\n|\n|-heal|p2a: Aegislash|33\/100 brn|[from] item: Leftovers\n|-damage|p1a: Pollo Hermano|72\/100 tox|[from] psn\n|-damage|p2a: Aegislash|27\/100 brn|[from] brn\n|-ability|p1a: Pollo Hermano|Speed Boost|boost\n|-boost|p1a: Pollo Hermano|spe|1\n|upkeep\n|turn|15\n|\n|t:|1701046759\n|switch|p1a: Dracule Mihawk|Salamence, M|66\/100 tox\n|-ability|p1a: Dracule Mihawk|Intimidate|boost\n|-unboost|p2a: Aegislash|atk|1\n|switch|p2a: Alomomola|Alomomola, M|67\/100\n|-damage|p2a: Alomomola|55\/100|[from] Stealth Rock\n|\n|-damage|p1a: Dracule Mihawk|60\/100 tox|[from] psn\n|upkeep\n|turn|16\n|\n|t:|1701046770\n|switch|p2a: Aegislash|Aegislash, M, shiny|27\/100 brn\n|-damage|p2a: Aegislash|21\/100 brn|[from] Stealth Rock\n|move|p1a: Dracule Mihawk|Dragon Pulse|p2a: Aegislash\n|-resisted|p2a: Aegislash\n|-damage|p2a: Aegislash|5\/100 brn\n|\n|-heal|p2a: Aegislash|11\/100 brn|[from] item: Leftovers\n|-damage|p1a: Dracule Mihawk|48\/100 tox|[from] psn\n|-damage|p2a: Aegislash|5\/100 brn|[from] brn\n|upkeep\n|turn|17\n|inactive|Garry97 has 120 seconds left.\n|\n|t:|1701046801\n|switch|p1a: Ogopogo|Milotic, F|59\/100\n|-damage|p1a: Ogopogo|47\/100|[from] Stealth Rock\n|-formechange|p2a: Aegislash|Aegislash-Blade||[from] ability: Stance Change\n|move|p2a: Aegislash|Shadow Ball|p1a: Ogopogo\n|-damage|p1a: Ogopogo|20\/100\n|-unboost|p1a: Ogopogo|spd|1\n|-ability|p1a: Ogopogo|Competitive|boost\n|-boost|p1a: Ogopogo|spa|2\n|\n|-heal|p1a: Ogopogo|26\/100|[from] item: Leftovers\n|-heal|p2a: Aegislash|11\/100 brn|[from] item: Leftovers\n|-damage|p2a: Aegislash|5\/100 brn|[from] brn\n|upkeep\n|turn|18\n|inactive|Garry97 has 120 seconds left.\n|\n|t:|1701046816\n|move|p1a: Ogopogo|Recover|p1a: Ogopogo\n|-heal|p1a: Ogopogo|76\/100\n|move|p2a: Aegislash|Toxic|p1a: Ogopogo\n|-status|p1a: Ogopogo|tox\n|\n|-heal|p1a: Ogopogo|82\/100 tox|[from] item: Leftovers\n|-heal|p2a: Aegislash|11\/100 brn|[from] item: Leftovers\n|-damage|p1a: Ogopogo|76\/100 tox|[from] psn\n|-damage|p2a: Aegislash|5\/100 brn|[from] brn\n|upkeep\n|turn|19\n|inactive|Garry97 has 120 seconds left.\n|\n|t:|1701046827\n|-formechange|p2a: Aegislash|Aegislash||[from] ability: Stance Change\n|move|p2a: Aegislash|King's Shield|p2a: Aegislash\n|-singleturn|p2a: Aegislash|Protect\n|move|p1a: Ogopogo|Surf|p2a: Aegislash\n|-activate|p2a: Aegislash|move: Protect\n|\n|-heal|p1a: Ogopogo|82\/100 tox|[from] item: Leftovers\n|-heal|p2a: Aegislash|11\/100 brn|[from] item: Leftovers\n|-damage|p1a: Ogopogo|70\/100 tox|[from] psn\n|-damage|p2a: Aegislash|5\/100 brn|[from] brn\n|upkeep\n|turn|20\n|inactive|Garry97 has 120 seconds left.\n|\n|t:|1701046840\n|move|p1a: Ogopogo|Surf|p2a: Aegislash\n|-damage|p2a: Aegislash|0 fnt\n|faint|p2a: Aegislash\n|\n|-heal|p1a: Ogopogo|76\/100 tox|[from] item: Leftovers\n|-damage|p1a: Ogopogo|58\/100 tox|[from] psn\n|upkeep\n|inactive|The Brocha has 120 seconds left.\n|inactive|The Brocha has 90 seconds left.\n|\n|t:|1701046917\n|switch|p2a: Kleavor|Kleavor, F|100\/100\n|-damage|p2a: Kleavor|76\/100|[from] Stealth Rock\n|turn|21\n|\n|t:|1701046924\n|switch|p1a: Reinhardt|Aggron-Mega, M|100\/100\n|-damage|p1a: Reinhardt|94\/100|[from] Stealth Rock\n|move|p2a: Kleavor|X-Scissor|p1a: Reinhardt\n|-resisted|p1a: Reinhardt\n|-damage|p1a: Reinhardt|83\/100\n|\n|upkeep\n|turn|22\n|\n|t:|1701046938\n|move|p2a: Kleavor|X-Scissor|p1a: Reinhardt\n|-resisted|p1a: Reinhardt\n|-damage|p1a: Reinhardt|70\/100\n|move|p1a: Reinhardt|Body Press|p2a: Kleavor\n|-damage|p2a: Kleavor|13\/100\n|\n|upkeep\n|turn|23\n|\n|t:|1701046946\n|switch|p2a: Alomomola|Alomomola, M|88\/100\n|-damage|p2a: Alomomola|76\/100|[from] Stealth Rock\n|move|p1a: Reinhardt|Heavy Slam|p2a: Alomomola\n|-resisted|p2a: Alomomola\n|-damage|p2a: Alomomola|61\/100\n|\n|upkeep\n|turn|24\n|\n|t:|1701046960\n|switch|p1a: Lord Beerus|Lucario, M|100\/100\n|-damage|p1a: Lord Beerus|98\/100|[from] Stealth Rock\n|move|p2a: Alomomola|Healing Wish|p2a: Alomomola\n|faint|p2a: Alomomola\n|\n|upkeep\n|\n|t:|1701046967\n|switch|p2a: Nidoking|Nidoking, M, shiny, tera:Ground|13\/100\n|-heal|p2a: Nidoking|100\/100|[from] move: Healing Wish\n|-damage|p2a: Nidoking|95\/100|[from] Stealth Rock\n|turn|25\n|\n|t:|1701046976\n|switch|p1a: Dracule Mihawk|Salamence, M|48\/100 tox\n|-ability|p1a: Dracule Mihawk|Intimidate|boost\n|-unboost|p2a: Nidoking|atk|1\n|move|p2a: Nidoking|Earth Power|p1a: Dracule Mihawk\n|-immune|p1a: Dracule Mihawk\n|\n|-damage|p1a: Dracule Mihawk|42\/100 tox|[from] psn\n|upkeep\n|turn|26\n|inactive|The Brocha has 90 seconds left.\n|\n|t:|1701047018\n|switch|p2a: Rillaboom|Rillaboom, F|100\/100\n|-damage|p2a: Rillaboom|88\/100|[from] Stealth Rock\n|-fieldstart|move: Grassy Terrain|[from] ability: Grassy Surge|[of] p2a: Rillaboom\n|move|p1a: Dracule Mihawk|Hydro Pump|p2a: Rillaboom\n|-resisted|p2a: Rillaboom\n|-damage|p2a: Rillaboom|65\/100\n|\n|-heal|p2a: Rillaboom|71\/100|[from] Grassy Terrain\n|-damage|p1a: Dracule Mihawk|30\/100 tox|[from] psn\n|upkeep\n|turn|27\n|\n|t:|1701047031\n|switch|p2a: Kleavor|Kleavor, F|13\/100\n|-damage|p2a: Kleavor|0 fnt|[from] Stealth Rock\n|faint|p2a: Kleavor\n|move|p1a: Dracule Mihawk|Flamethrower|p2: Kleavor|[notarget]\n|-fail|p1a: Dracule Mihawk\n|\n|-damage|p1a: Dracule Mihawk|12\/100 tox|[from] psn\n|upkeep\n|inactive|The Brocha has 60 seconds left.\n|\n|t:|1701047067\n|switch|p2a: Nidoking|Nidoking, M, shiny, tera:Ground|95\/100\n|-damage|p2a: Nidoking|89\/100|[from] Stealth Rock\n|turn|28\n|\n|t:|1701047076\n|move|p1a: Dracule Mihawk|Hydro Pump|p2a: Nidoking|[miss]\n|-miss|p1a: Dracule Mihawk|p2a: Nidoking\n|move|p2a: Nidoking|Sludge Wave|p1a: Dracule Mihawk\n|-damage|p1a: Dracule Mihawk|0 fnt\n|faint|p1a: Dracule Mihawk\n|\n|-heal|p2a: Nidoking|95\/100|[from] Grassy Terrain\n|upkeep\n|\n|t:|1701047097\n|switch|p1a: Pollo Hermano|Blaziken, M|72\/100 tox\n|-damage|p1a: Pollo Hermano|60\/100 tox|[from] Stealth Rock\n|turn|29\n|inactive|The Brocha has 60 seconds left.\n|\n|t:|1701047106\n|move|p1a: Pollo Hermano|Protect|p1a: Pollo Hermano\n|-singleturn|p1a: Pollo Hermano|Protect\n|move|p2a: Nidoking|Earth Power|p1a: Pollo Hermano\n|-activate|p1a: Pollo Hermano|move: Protect\n|\n|-heal|p2a: Nidoking|100\/100|[from] Grassy Terrain\n|-heal|p1a: Pollo Hermano|66\/100 tox|[from] Grassy Terrain\n|-damage|p1a: Pollo Hermano|60\/100 tox|[from] psn\n|-ability|p1a: Pollo Hermano|Speed Boost|boost\n|-boost|p1a: Pollo Hermano|spe|1\n|upkeep\n|turn|30\n|\n|t:|1701047119\n|move|p1a: Pollo Hermano|Close Combat|p2a: Nidoking\n|-damage|p2a: Nidoking|0 fnt\n|-unboost|p1a: Pollo Hermano|def|1\n|-unboost|p1a: Pollo Hermano|spd|1\n|faint|p2a: Nidoking\n|-damage|p1a: Pollo Hermano|50\/100 tox|[from] item: Life Orb\n|\n|-heal|p1a: Pollo Hermano|56\/100 tox|[from] Grassy Terrain\n|-damage|p1a: Pollo Hermano|44\/100 tox|[from] psn\n|-fieldend|move: Grassy Terrain\n|-ability|p1a: Pollo Hermano|Speed Boost|boost\n|-boost|p1a: Pollo Hermano|spe|1\n|upkeep\n|\n|t:|1701047123\n|switch|p2a: Rillaboom|Rillaboom, F|71\/100\n|-damage|p2a: Rillaboom|59\/100|[from] Stealth Rock\n|-fieldstart|move: Grassy Terrain|[from] ability: Grassy Surge|[of] p2a: Rillaboom\n|turn|31\n|\n|t:|1701047141\n|move|p2a: Rillaboom|Grassy Glide|p1a: Pollo Hermano\n|-resisted|p1a: Pollo Hermano\n|-damage|p1a: Pollo Hermano|0 fnt\n|faint|p1a: Pollo Hermano\n|\n|-heal|p2a: Rillaboom|65\/100|[from] Grassy Terrain\n|upkeep\n|\n|t:|1701047154\n|switch|p1a: Reinhardt|Aggron-Mega, M|70\/100\n|-damage|p1a: Reinhardt|64\/100|[from] Stealth Rock\n|turn|32\n|\n|t:|1701047158\n|move|p2a: Rillaboom|Grassy Glide|p1a: Reinhardt\n|-resisted|p1a: Reinhardt\n|-damage|p1a: Reinhardt|53\/100\n|move|p1a: Reinhardt|Avalanche|p2a: Rillaboom\n|-supereffective|p2a: Rillaboom\n|-damage|p2a: Rillaboom|0 fnt\n|faint|p2a: Rillaboom\n|\n|-heal|p1a: Reinhardt|59\/100|[from] Grassy Terrain\n|upkeep\n|\n|t:|1701047162\n|switch|p2a: Hawlucha|Hawlucha, M|100\/100\n|-damage|p2a: Hawlucha|88\/100|[from] Stealth Rock\n|-enditem|p2a: Hawlucha|Grassy Seed\n|-boost|p2a: Hawlucha|def|1|[from] item: Grassy Seed\n|turn|33\n|\n|t:|1701047174\n|move|p2a: Hawlucha|Swords Dance|p2a: Hawlucha\n|-boost|p2a: Hawlucha|atk|2\n|move|p1a: Reinhardt|Heavy Slam|p2a: Hawlucha\n|-damage|p2a: Hawlucha|37\/100\n|\n|-heal|p1a: Reinhardt|65\/100|[from] Grassy Terrain\n|upkeep\n|turn|34\n|\n|t:|1701047183\n|move|p2a: Hawlucha|Close Combat|p1a: Reinhardt\n|-supereffective|p1a: Reinhardt\n|-damage|p1a: Reinhardt|7\/100\n|-unboost|p2a: Hawlucha|def|1\n|-unboost|p2a: Hawlucha|spd|1\n|move|p1a: Reinhardt|Avalanche|p2a: Hawlucha\n|-supereffective|p2a: Hawlucha\n|-damage|p2a: Hawlucha|0 fnt\n|faint|p2a: Hawlucha\n|\n|win|Garry97\n|raw|Garry97's rating: 1526 &rarr; <strong>1543<\/strong><br \/>(+17 for winning)\n|raw|The Brocha's rating: 1466 &rarr; <strong>1449<\/strong><br \/>(-17 for losing)\n|c|\u2606Garry97|gg\n","uploadtime":1701047198,"views":33,"p1id":"garry97","p2id":"thebrocha","formatid":"gen9nationaldex","rating":1449,"private":0,"password":""}