{"id":"gen9nationaldex-1995650927","p1":"Hautogetgood","p2":"Lapidot69","format":"[Gen 9] National Dex","log":"|html|<div class=\"broadcast-blue\"><strong>[Gen 9] National Dex is currently suspecting Sneasler! For information on how to participate check out the <a href=\"https:\/\/www.smogon.com\/forums\/threads\/sv-national-dex-suspect-8-just-dance.3731534\/\">suspect thread<\/a>.<\/strong><\/div>\n|j|\u2606Hautogetgood\n|j|\u2606Lapidot69\n|t:|1700590839\n|gametype|singles\n|player|p1|Hautogetgood|hau|1055\n|player|p2|Lapidot69|cynthia-masters|1120\n|teamsize|p1|6\n|teamsize|p2|6\n|gen|9\n|tier|[Gen 9] National Dex\n|rated|\n|rule|HP Percentage Mod: HP is shown in percentages\n|rule|Endless Battle Clause: Forcing endless battles is banned\n|rule|OHKO Clause: OHKO moves are banned\n|rule|Evasion Clause: Evasion abilities, items, and moves are banned\n|rule|Evasion Abilities Clause: Evasion abilities are banned\n|rule|Evasion Items Clause: Evasion items are banned\n|rule|Evasion Moves Clause: Evasion moves are banned\n|rule|Species Clause: Limit one of each Pok\u00e9mon\n|rule|Sleep Clause Mod: Limit one foe put to sleep\n|clearpoke\n|poke|p1|Magnemite, L1|\n|poke|p1|Pineco, L1, M|\n|poke|p1|Cottonee, L1, M|\n|poke|p1|Taillow, L1, M|\n|poke|p1|Aron, L1, F|\n|poke|p1|Eevee, F|\n|poke|p2|Primarina, F|\n|poke|p2|Kommo-o, F|\n|poke|p2|Skeledirge, F|\n|poke|p2|Swellow, F|\n|poke|p2|Gardevoir, F|\n|poke|p2|Mudsdale, F|\n|teampreview\n|inactive|Battle timer is ON: inactive players will automatically lose when time's up. (requested by Hautogetgood)\n|j| Dark Umbreon 08\n|\n|t:|1700590846\n|start\n|switch|p1a: Pineco|Pineco, L1, M|100\/100\n|switch|p2a: Swellow|Swellow, F, shiny|100\/100\n|turn|1\n|l| Dark Umbreon 08\n|\n|t:|1700590853\n|move|p2a: Swellow|Fly||[still]\n|-prepare|p2a: Swellow|Fly\n|move|p1a: Pineco|Toxic|p2a: Swellow|[miss]\n|-miss|p1a: Pineco|p2a: Swellow\n|\n|-status|p2a: Swellow|brn|[from] item: Flame Orb\n|upkeep\n|turn|2\n|\n|t:|1700590860\n|move|p1a: Pineco|Protect|p1a: Pineco\n|-singleturn|p1a: Pineco|Protect\n|move|p2a: Swellow|Fly|p1a: Pineco|[from]lockedmove\n|-activate|p1a: Pineco|move: Protect\n|\n|-damage|p2a: Swellow|94\/100 brn|[from] brn\n|upkeep\n|turn|3\n|\n|t:|1700590867\n|move|p2a: Swellow|Focus Energy|p2a: Swellow\n|-start|p2a: Swellow|move: Focus Energy\n|move|p1a: Pineco|Toxic Spikes|p2a: Swellow\n|-sidestart|p2: Lapidot69|move: Toxic Spikes\n|\n|-damage|p2a: Swellow|88\/100 brn|[from] brn\n|upkeep\n|turn|4\n|\n|t:|1700590877\n|move|p1a: Pineco|Protect|p1a: Pineco\n|-singleturn|p1a: Pineco|Protect\n|move|p2a: Swellow|Facade|p1a: Pineco\n|-activate|p1a: Pineco|move: Protect\n|\n|-damage|p2a: Swellow|82\/100 brn|[from] brn\n|upkeep\n|turn|5\n|\n|t:|1700590884\n|move|p2a: Swellow|Facade|p1a: Pineco\n|-crit|p1a: Pineco\n|-ability|p1a: Pineco|Sturdy\n|-damage|p1a: Pineco|9\/100\n|-enditem|p1a: Pineco|Berry Juice\n|-heal|p1a: Pineco|100\/100|[from] item: Berry Juice\n|move|p1a: Pineco|Toxic Spikes|p2a: Swellow\n|-sidestart|p2: Lapidot69|move: Toxic Spikes\n|\n|-damage|p2a: Swellow|76\/100 brn|[from] brn\n|upkeep\n|turn|6\n|\n|t:|1700590894\n|move|p1a: Pineco|Protect|p1a: Pineco\n|-singleturn|p1a: Pineco|Protect\n|move|p2a: Swellow|Facade|p1a: Pineco\n|-activate|p1a: Pineco|move: Protect\n|\n|-damage|p2a: Swellow|70\/100 brn|[from] brn\n|upkeep\n|turn|7\n|\n|t:|1700590908\n|move|p1a: Pineco|Protect||[still]\n|-fail|p1a: Pineco\n|move|p2a: Swellow|Facade|p1a: Pineco\n|-ability|p1a: Pineco|Sturdy\n|-damage|p1a: Pineco|9\/100\n|\n|-damage|p2a: Swellow|64\/100 brn|[from] brn\n|upkeep\n|turn|8\n|\n|t:|1700590917\n|move|p1a: Pineco|Protect|p1a: Pineco\n|-singleturn|p1a: Pineco|Protect\n|move|p2a: Swellow|Facade|p1a: Pineco\n|-activate|p1a: Pineco|move: Protect\n|\n|-damage|p2a: Swellow|58\/100 brn|[from] brn\n|upkeep\n|turn|9\n|\n|t:|1700590926\n|move|p1a: Pineco|Protect|p1a: Pineco\n|-singleturn|p1a: Pineco|Protect\n|move|p2a: Swellow|Facade|p1a: Pineco\n|-activate|p1a: Pineco|move: Protect\n|\n|-damage|p2a: Swellow|52\/100 brn|[from] brn\n|upkeep\n|turn|10\n|\n|t:|1700590933\n|move|p1a: Pineco|Protect||[still]\n|-fail|p1a: Pineco\n|move|p2a: Swellow|Facade|p1a: Pineco\n|-damage|p1a: Pineco|0 fnt\n|faint|p1a: Pineco\n|\n|-damage|p2a: Swellow|46\/100 brn|[from] brn\n|upkeep\n|\n|t:|1700590938\n|switch|p1a: Aron|Aron, L1, F|100\/100\n|turn|11\n|\n|t:|1700590945\n|move|p2a: Swellow|Facade|p1a: Aron\n|-resisted|p1a: Aron\n|-ability|p1a: Aron|Sturdy\n|-damage|p1a: Aron|9\/100\n|move|p1a: Aron|Endeavor|p2a: Swellow\n|-damage|p2a: Swellow|1\/100 brn\n|-heal|p1a: Aron|100\/100|[from] item: Shell Bell|[of] p2a: Swellow\n|\n|-damage|p2a: Swellow|0 fnt|[from] brn\n|faint|p2a: Swellow\n|upkeep\n|\n|t:|1700590964\n|switch|p2a: Ghost Rider|Skeledirge, F, shiny|100\/100\n|-status|p2a: Ghost Rider|tox\n|turn|12\n|\n|t:|1700590974\n|move|p2a: Ghost Rider|Torch Song|p1a: Aron\n|-ability|p1a: Aron|Sturdy\n|-damage|p1a: Aron|9\/100\n|-boost|p2a: Ghost Rider|spa|1\n|move|p1a: Aron|Endeavor|p2a: Ghost Rider\n|-immune|p2a: Ghost Rider\n|\n|-damage|p2a: Ghost Rider|94\/100 tox|[from] psn\n|upkeep\n|turn|13\n|\n|t:|1700590984\n|move|p2a: Ghost Rider|Torch Song|p1a: Aron\n|-damage|p1a: Aron|0 fnt\n|-boost|p2a: Ghost Rider|spa|1\n|faint|p1a: Aron\n|\n|-heal|p2a: Ghost Rider|100\/100 tox|[from] item: Leftovers\n|-damage|p2a: Ghost Rider|88\/100 tox|[from] psn\n|upkeep\n|\n|t:|1700590998\n|switch|p1a: Magnemite|Magnemite, L1|100\/100\n|turn|14\n|\n|t:|1700591003\n|move|p1a: Magnemite|Protect|p1a: Magnemite\n|-singleturn|p1a: Magnemite|Protect\n|move|p2a: Ghost Rider|Torch Song|p1a: Magnemite\n|-activate|p1a: Magnemite|move: Protect\n|\n|-heal|p2a: Ghost Rider|94\/100 tox|[from] item: Leftovers\n|-damage|p2a: Ghost Rider|76\/100 tox|[from] psn\n|upkeep\n|turn|15\n|\n|t:|1700591011\n|move|p2a: Ghost Rider|Torch Song|p1a: Magnemite\n|-supereffective|p1a: Magnemite\n|-ability|p1a: Magnemite|Sturdy\n|-damage|p1a: Magnemite|10\/100\n|-boost|p2a: Ghost Rider|spa|1\n|-enditem|p1a: Magnemite|Berry Juice\n|-heal|p1a: Magnemite|100\/100|[from] item: Berry Juice\n|move|p1a: Magnemite|Recycle|p1a: Magnemite\n|-item|p1a: Magnemite|Berry Juice|[from] move: Recycle\n|\n|-heal|p2a: Ghost Rider|82\/100 tox|[from] item: Leftovers\n|-damage|p2a: Ghost Rider|58\/100 tox|[from] psn\n|upkeep\n|turn|16\n|inactive|Hautogetgood has 120 seconds left.\n|\n|t:|1700591062\n|move|p1a: Magnemite|Protect|p1a: Magnemite\n|-singleturn|p1a: Magnemite|Protect\n|move|p2a: Ghost Rider|Torch Song|p1a: Magnemite\n|-activate|p1a: Magnemite|move: Protect\n|\n|-heal|p2a: Ghost Rider|64\/100 tox|[from] item: Leftovers\n|-damage|p2a: Ghost Rider|34\/100 tox|[from] psn\n|upkeep\n|turn|17\n|\n|t:|1700591072\n|move|p2a: Ghost Rider|Torch Song|p1a: Magnemite\n|-supereffective|p1a: Magnemite\n|-ability|p1a: Magnemite|Sturdy\n|-damage|p1a: Magnemite|10\/100\n|-boost|p2a: Ghost Rider|spa|1\n|-enditem|p1a: Magnemite|Berry Juice\n|-heal|p1a: Magnemite|100\/100|[from] item: Berry Juice\n|move|p1a: Magnemite|Recycle|p1a: Magnemite\n|-item|p1a: Magnemite|Berry Juice|[from] move: Recycle\n|\n|-heal|p2a: Ghost Rider|40\/100 tox|[from] item: Leftovers\n|-damage|p2a: Ghost Rider|3\/100 tox|[from] psn\n|upkeep\n|turn|18\n|l|\u2606Hautogetgood\n|inactive|Hautogetgood disconnected and has a minute to reconnect!\n|player|p1|\n|inactive|Hautogetgood has 30 seconds to reconnect!\n|inactive|Hautogetgood has 20 seconds to reconnect!\n|j|\u2606Hautogetgood\n|inactive|Hautogetgood reconnected and has 55 seconds left.\n|player|p1|Hautogetgood|hau\n|\n|t:|1700591144\n|move|p1a: Magnemite|Protect|p1a: Magnemite\n|-singleturn|p1a: Magnemite|Protect\n|move|p2a: Ghost Rider|Torch Song|p1a: Magnemite\n|-activate|p1a: Magnemite|move: Protect\n|\n|-heal|p2a: Ghost Rider|9\/100 tox|[from] item: Leftovers\n|-damage|p2a: Ghost Rider|0 fnt|[from] psn\n|faint|p2a: Ghost Rider\n|upkeep\n|\n|t:|1700591153\n|switch|p2a: Larry|Mudsdale, F, shiny|100\/100\n|-status|p2a: Larry|tox\n|turn|19\n|inactive|Hautogetgood has 60 seconds left.\n|\n|t:|1700591171\n|move|p2a: Larry|Earthquake|p1a: Magnemite\n|-supereffective|p1a: Magnemite\n|-ability|p1a: Magnemite|Sturdy\n|-damage|p1a: Magnemite|10\/100\n|-enditem|p1a: Magnemite|Berry Juice\n|-heal|p1a: Magnemite|100\/100|[from] item: Berry Juice\n|move|p1a: Magnemite|Recycle|p1a: Magnemite\n|-item|p1a: Magnemite|Berry Juice|[from] move: Recycle\n|\n|-damage|p2a: Larry|94\/100 tox|[from] psn\n|upkeep\n|turn|20\n|\n|t:|1700591184\n|move|p2a: Larry|Rest|p2a: Larry\n|-status|p2a: Larry|slp|[from] move: Rest\n|-heal|p2a: Larry|100\/100 slp|[silent]\n|move|p1a: Magnemite|Recycle||[still]\n|-fail|p1a: Magnemite\n|\n|upkeep\n|turn|21\n|\n|t:|1700591193\n|move|p1a: Magnemite|Protect|p1a: Magnemite\n|-singleturn|p1a: Magnemite|Protect\n|cant|p2a: Larry|slp\n|move|p2a: Larry|Sleep Talk|p2a: Larry\n|move|p2a: Larry|Rock Slide|p1a: Magnemite|[from]move: Sleep Talk\n|-activate|p1a: Magnemite|move: Protect\n|\n|upkeep\n|turn|22\n|\n|t:|1700591200\n|switch|p1a: Cottonee|Cottonee, L1, M|100\/100\n|cant|p2a: Larry|slp\n|move|p2a: Larry|Sleep Talk|p2a: Larry\n|move|p2a: Larry|Rock Slide|p1a: Cottonee|[from]move: Sleep Talk\n|-enditem|p1a: Cottonee|Focus Sash\n|-damage|p1a: Cottonee|9\/100\n|\n|upkeep\n|turn|23\n|\n|t:|1700591211\n|move|p1a: Cottonee|Leech Seed|p2a: Larry\n|-start|p2a: Larry|move: Leech Seed\n|-curestatus|p2a: Larry|slp|[msg]\n|move|p2a: Larry|Rock Slide|p1a: Cottonee\n|-damage|p1a: Cottonee|0 fnt\n|faint|p1a: Cottonee\n|\n|upkeep\n|\n|t:|1700591217\n|switch|p1a: Taillow|Taillow, L1, M|100\/100\n|turn|24\n|\n|t:|1700591221\n|move|p2a: Larry|Rock Slide|p1a: Taillow\n|-supereffective|p1a: Taillow\n|-enditem|p1a: Taillow|Focus Sash\n|-damage|p1a: Taillow|9\/100\n|cant|p1a: Taillow|flinch\n|\n|-damage|p2a: Larry|88\/100|[from] Leech Seed|[of] p1a: Taillow\n|-heal|p1a: Taillow|100\/100|[silent]\n|upkeep\n|turn|25\n|inactive|Hautogetgood has 90 seconds left.\n|\n|t:|1700591229\n|move|p2a: Larry|Rock Slide|p1a: Taillow\n|-supereffective|p1a: Taillow\n|-damage|p1a: Taillow|0 fnt\n|faint|p1a: Taillow\n|\n|upkeep\n|\n|t:|1700591232\n|switch|p1a: Magnemite|Magnemite, L1|100\/100\n|turn|26\n|\n|t:|1700591236\n|move|p1a: Magnemite|Protect|p1a: Magnemite\n|-singleturn|p1a: Magnemite|Protect\n|move|p2a: Larry|Earthquake|p1a: Magnemite\n|-activate|p1a: Magnemite|move: Protect\n|\n|-damage|p2a: Larry|76\/100|[from] Leech Seed|[of] p1a: Magnemite\n|upkeep\n|turn|27\n|\n|t:|1700591254\n|switch|p2a: Gardevoir|Gardevoir, F, shiny|100\/100\n|-status|p2a: Gardevoir|tox\n|-ability|p2a: Gardevoir|Sturdy|[from] ability: Trace|[of] p1a: Magnemite\n|move|p1a: Magnemite|Recycle||[still]\n|-fail|p1a: Magnemite\n|\n|-damage|p2a: Gardevoir|94\/100 tox|[from] psn\n|upkeep\n|turn|28\n|\n|t:|1700591269\n|detailschange|p2a: Gardevoir|Gardevoir-Mega, F, shiny\n|-mega|p2a: Gardevoir|Gardevoir|Gardevoirite\n|move|p1a: Magnemite|Protect|p1a: Magnemite\n|-singleturn|p1a: Magnemite|Protect\n|move|p2a: Gardevoir|Psyshock|p1a: Magnemite\n|-activate|p1a: Magnemite|move: Protect\n|\n|-damage|p2a: Gardevoir|82\/100 tox|[from] psn\n|upkeep\n|turn|29\n|\n|t:|1700591291\n|move|p1a: Magnemite|Protect||[still]\n|-fail|p1a: Magnemite\n|move|p2a: Gardevoir|Psyshock|p1a: Magnemite\n|-resisted|p1a: Magnemite\n|-ability|p1a: Magnemite|Sturdy\n|-damage|p1a: Magnemite|10\/100\n|-enditem|p1a: Magnemite|Berry Juice\n|-heal|p1a: Magnemite|100\/100|[from] item: Berry Juice\n|\n|-damage|p2a: Gardevoir|64\/100 tox|[from] psn\n|upkeep\n|turn|30\n|\n|t:|1700591305\n|move|p1a: Magnemite|Protect|p1a: Magnemite\n|-singleturn|p1a: Magnemite|Protect\n|move|p2a: Gardevoir|Shadow Ball|p1a: Magnemite\n|-activate|p1a: Magnemite|move: Protect\n|\n|-damage|p2a: Gardevoir|39\/100 tox|[from] psn\n|upkeep\n|turn|31\n|\n|t:|1700591316\n|move|p2a: Gardevoir|Shadow Ball|p1a: Magnemite\n|-ability|p1a: Magnemite|Sturdy\n|-damage|p1a: Magnemite|10\/100\n|move|p1a: Magnemite|Recycle|p1a: Magnemite\n|-item|p1a: Magnemite|Berry Juice|[from] move: Recycle\n|-enditem|p1a: Magnemite|Berry Juice\n|-heal|p1a: Magnemite|100\/100|[from] item: Berry Juice\n|\n|-damage|p2a: Gardevoir|8\/100 tox|[from] psn\n|upkeep\n|turn|32\n|\n|t:|1700591329\n|switch|p2a: Larry|Mudsdale, F, shiny|76\/100\n|-status|p2a: Larry|tox\n|move|p1a: Magnemite|Protect||[still]\n|-fail|p1a: Magnemite\n|\n|-damage|p2a: Larry|70\/100 tox|[from] psn\n|upkeep\n|turn|33\n|inactive|Hautogetgood has 120 seconds left.\n|\n|t:|1700591346\n|move|p2a: Larry|Rest|p2a: Larry\n|-status|p2a: Larry|slp|[from] move: Rest\n|-heal|p2a: Larry|100\/100 slp|[silent]\n|move|p1a: Magnemite|Recycle|p1a: Magnemite\n|-item|p1a: Magnemite|Berry Juice|[from] move: Recycle\n|\n|upkeep\n|turn|34\n|\n|t:|1700591355\n|switch|p1a: Eevee|Eevee, F|100\/100\n|cant|p2a: Larry|slp\n|move|p2a: Larry|Sleep Talk|p2a: Larry\n|move|p2a: Larry|Rock Slide|p1a: Eevee|[from]move: Sleep Talk\n|-damage|p1a: Eevee|66\/100\n|\n|upkeep\n|turn|35\n|inactive|Hautogetgood has 120 seconds left.\n|\n|t:|1700591367\n|move|p1a: Eevee|Yawn||[still]\n|-fail|p1a: Eevee\n|cant|p2a: Larry|slp\n|move|p2a: Larry|Sleep Talk|p2a: Larry\n|move|p2a: Larry|Rock Slide|p1a: Eevee|[from]move: Sleep Talk\n|-damage|p1a: Eevee|31\/100\n|\n|upkeep\n|turn|36\n|\n|t:|1700591375\n|-zpower|p1a: Eevee\n|move|p1a: Eevee|Extreme Evoboost|p1a: Eevee\n|-boost|p1a: Eevee|atk|2\n|-boost|p1a: Eevee|def|2\n|-boost|p1a: Eevee|spa|2\n|-boost|p1a: Eevee|spd|2\n|-boost|p1a: Eevee|spe|2\n|-curestatus|p2a: Larry|slp|[msg]\n|move|p2a: Larry|Earthquake|p1a: Eevee\n|-damage|p1a: Eevee|0 fnt\n|faint|p1a: Eevee\n|\n|upkeep\n|\n|t:|1700591378\n|switch|p1a: Magnemite|Magnemite, L1|100\/100\n|turn|37\n|-message|Hautogetgood forfeited.\n|\n|win|Lapidot69\n|raw|Hautogetgood's rating: 1055 &rarr; <strong>1040<\/strong><br \/>(-15 for losing)\n|raw|Lapidot69's rating: 1120 &rarr; <strong>1140<\/strong><br \/>(+20 for winning)\n|l|\u2606Hautogetgood\n","uploadtime":1700591408,"views":3,"p1id":"hautogetgood","p2id":"lapidot69","formatid":"gen9nationaldex","rating":1040,"private":0,"password":""}