{"id":"gen9nationaldex-1998307903","p1":"canigetagulp","p2":"tararau","format":"[Gen 9] National Dex","log":"|html|<div class=\"broadcast-blue\"><strong>[Gen 9] National Dex is currently suspecting Sneasler! For information on how to participate check out the <a href=\"https:\/\/www.smogon.com\/forums\/threads\/sv-national-dex-suspect-8-just-dance.3731534\/\">suspect thread<\/a>.<\/strong><\/div>\n|j|\u2606canigetagulp\n|j|\u2606tararau\n|t:|1700927555\n|gametype|singles\n|player|p1|canigetagulp|dawn|1048\n|player|p2|tararau|will|1000\n|teamsize|p1|6\n|teamsize|p2|6\n|gen|9\n|tier|[Gen 9] National Dex\n|rated|\n|rule|HP Percentage Mod: HP is shown in percentages\n|rule|Endless Battle Clause: Forcing endless battles is banned\n|rule|OHKO Clause: OHKO moves are banned\n|rule|Evasion Clause: Evasion abilities, items, and moves are banned\n|rule|Evasion Abilities Clause: Evasion abilities are banned\n|rule|Evasion Items Clause: Evasion items are banned\n|rule|Evasion Moves Clause: Evasion moves are banned\n|rule|Species Clause: Limit one of each Pok\u00e9mon\n|rule|Sleep Clause Mod: Limit one foe put to sleep\n|clearpoke\n|poke|p1|Electrode-Hisui|\n|poke|p1|Duraludon, M|\n|poke|p1|Fezandipiti, M|\n|poke|p1|Solrock|\n|poke|p1|Samurott-Hisui, M|\n|poke|p1|Gastrodon, F|\n|poke|p2|Celebi|\n|poke|p2|Haxorus, M|\n|poke|p2|Audino, F|\n|poke|p2|Rotom-Fan|\n|poke|p2|Milotic, F|\n|poke|p2|Yanmega, M|\n|teampreview\n|\n|t:|1700927575\n|start\n|switch|p1a: Samurott|Samurott-Hisui, M|100\/100\n|switch|p2a: Audino|Audino, F, shiny|100\/100\n|turn|1\n|\n|t:|1700927584\n|move|p1a: Samurott|Ceaseless Edge|p2a: Audino\n|-damage|p2a: Audino|59\/100\n|-sidestart|p2: tararau|Spikes\n|move|p2a: Audino|Swagger|p1a: Samurott\n|-boost|p1a: Samurott|atk|2\n|-start|p1a: Samurott|confusion\n|\n|-heal|p2a: Audino|65\/100|[from] item: Leftovers\n|upkeep\n|turn|2\n|\n|t:|1700927595\n|-activate|p1a: Samurott|confusion\n|move|p1a: Samurott|Ceaseless Edge|p2a: Audino|[miss]\n|-miss|p1a: Samurott|p2a: Audino\n|move|p2a: Audino|Yawn|p1a: Samurott\n|-start|p1a: Samurott|move: Yawn|[of] p2a: Audino\n|\n|-heal|p2a: Audino|71\/100|[from] item: Leftovers\n|upkeep\n|turn|3\n|\n|t:|1700927603\n|-end|p1a: Samurott|confusion\n|move|p1a: Samurott|Ceaseless Edge|p2a: Audino\n|-damage|p2a: Audino|0 fnt\n|-sidestart|p2: tararau|Spikes\n|faint|p2a: Audino\n|\n|-end|p1a: Samurott|move: Yawn|[silent]\n|-status|p1a: Samurott|slp\n|upkeep\n|\n|t:|1700927616\n|switch|p2a: Celebi|Celebi, shiny|100\/100\n|-damage|p2a: Celebi|84\/100|[from] Spikes\n|turn|4\n|\n|t:|1700927621\n|cant|p1a: Samurott|slp\n|move|p2a: Celebi|Calm Mind|p2a: Celebi\n|-boost|p2a: Celebi|spa|1\n|-boost|p2a: Celebi|spd|1\n|\n|-heal|p2a: Celebi|90\/100|[from] item: Leftovers\n|upkeep\n|turn|5\n|\n|t:|1700927629\n|-curestatus|p1a: Samurott|slp|[msg]\n|move|p1a: Samurott|Ceaseless Edge|p2a: Celebi\n|-supereffective|p2a: Celebi\n|-damage|p2a: Celebi|0 fnt\n|-sidestart|p2: tararau|Spikes\n|faint|p2a: Celebi\n|\n|upkeep\n|c|\u2606canigetagulp|What have you done sister \ud83d\udc80\n|\n|t:|1700927637\n|switch|p2a: Haxorus|Haxorus, M, shiny|100\/100\n|-damage|p2a: Haxorus|76\/100|[from] Spikes\n|-ability|p2a: Haxorus|Mold Breaker\n|turn|6\n|\n|t:|1700927646\n|move|p1a: Samurott|Ceaseless Edge|p2a: Haxorus|[miss]\n|-miss|p1a: Samurott|p2a: Haxorus\n|move|p2a: Haxorus|Brick Break|p1a: Samurott\n|-supereffective|p1a: Samurott\n|-damage|p1a: Samurott|10\/100\n|\n|upkeep\n|turn|7\n|\n|t:|1700927653\n|move|p1a: Samurott|Ceaseless Edge|p2a: Haxorus\n|-damage|p2a: Haxorus|0 fnt\n|faint|p2a: Haxorus\n|\n|upkeep\n|\n|t:|1700927663\n|switch|p2a: Milotic|Milotic, F, shiny|100\/100\n|-damage|p2a: Milotic|76\/100|[from] Spikes\n|turn|8\n|\n|t:|1700927668\n|move|p1a: Samurott|Ceaseless Edge|p2a: Milotic\n|-damage|p2a: Milotic|0 fnt\n|-start|p1a: Samurott|Attract|[from] ability: Cute Charm|[of] p2a: Milotic\n|faint|p2a: Milotic\n|-end|p1a: Samurott|Attract|[silent]\n|\n|upkeep\n|\n|t:|1700927676\n|switch|p2a: Yanmega|Yanmega, M, shiny|100\/100\n|turn|9\n|\n|t:|1700927681\n|move|p1a: Samurott|Ceaseless Edge|p2a: Yanmega\n|-crit|p2a: Yanmega\n|-enditem|p2a: Yanmega|Focus Sash\n|-damage|p2a: Yanmega|1\/100\n|move|p2a: Yanmega|Substitute|p2a: Yanmega\n|-fail|p2a: Yanmega|move: Substitute|[weak]\n|\n|-ability|p2a: Yanmega|Speed Boost|boost\n|-boost|p2a: Yanmega|spe|1\n|upkeep\n|turn|10\n|\n|t:|1700927693\n|move|p1a: Samurott|Ceaseless Edge|p2a: Yanmega\n|-damage|p2a: Yanmega|0 fnt\n|faint|p2a: Yanmega\n|\n|upkeep\n|\n|t:|1700927698\n|switch|p2a: Rotom|Rotom-Fan, shiny|100\/100\n|turn|11\n|\n|t:|1700927703\n|move|p1a: Samurott|Ceaseless Edge|p2a: Rotom|[miss]\n|-miss|p1a: Samurott|p2a: Rotom\n|-zpower|p2a: Rotom\n|move|p2a: Rotom|Supersonic Skystrike|p1a: Samurott|[zeffect]\n|-damage|p1a: Samurott|0 fnt\n|faint|p1a: Samurott\n|\n|upkeep\n|\n|t:|1700927713\n|switch|p1a: Solrock|Solrock|100\/100\n|turn|12\n|\n|t:|1700927721\n|move|p2a: Rotom|Light Screen|p2a: Rotom\n|-sidestart|p2: tararau|move: Light Screen\n|move|p1a: Solrock|Iron Defense|p1a: Solrock\n|-boost|p1a: Solrock|def|2\n|\n|upkeep\n|turn|13\n|\n|t:|1700927726\n|move|p2a: Rotom|Nasty Plot|p2a: Rotom\n|-boost|p2a: Rotom|spa|2\n|move|p1a: Solrock|Swords Dance|p1a: Solrock\n|-boost|p1a: Solrock|atk|2\n|\n|upkeep\n|turn|14\n|\n|t:|1700927733\n|move|p2a: Rotom|Hidden Power|p1a: Solrock\n|-damage|p1a: Solrock|56\/100\n|move|p1a: Solrock|Stone Edge|p2a: Rotom\n|-supereffective|p2a: Rotom\n|-damage|p2a: Rotom|0 fnt\n|faint|p2a: Rotom\n|\n|win|canigetagulp\n|raw|canigetagulp's rating: 1048 &rarr; <strong>1076<\/strong><br \/>(+28 for winning)\n|raw|tararau's rating: 1000 &rarr; <strong>1000<\/strong><br \/>(+0 for losing)\n|l|\u2606tararau\n|c|\u2606canigetagulp|Gg\n","uploadtime":1700927747,"views":0,"p1id":"canigetagulp","p2id":"tararau","formatid":"gen9nationaldex","rating":1000,"private":0,"password":""}