{"id":"gen9nationaldex-1993757266","p1":"brevie nicks","p2":"carutothehocarge","format":"[Gen 9] National Dex","log":"|j|\u2606brevie nicks\n|j|\u2606carutothehocarge\n|t:|1700353641\n|gametype|singles\n|player|p1|brevie nicks|baker|\n|player|p2|carutothehocarge|ghetsis-gen5bw|\n|teamsize|p1|6\n|teamsize|p2|6\n|gen|9\n|tier|[Gen 9] National Dex\n|rule|HP Percentage Mod: HP is shown in percentages\n|rule|Endless Battle Clause: Forcing endless battles is banned\n|rule|OHKO Clause: OHKO moves are banned\n|rule|Evasion Clause: Evasion abilities, items, and moves are banned\n|rule|Evasion Abilities Clause: Evasion abilities are banned\n|rule|Evasion Items Clause: Evasion items are banned\n|rule|Evasion Moves Clause: Evasion moves are banned\n|rule|Species Clause: Limit one of each Pok\u00e9mon\n|rule|Sleep Clause Mod: Limit one foe put to sleep\n|clearpoke\n|poke|p1|Arboliva, F|\n|poke|p1|Gengar, M|\n|poke|p1|Toxapex, M|\n|poke|p1|Hatterene, F|\n|poke|p1|Vanilluxe, M|\n|poke|p1|Sandslash-Alola, F|\n|poke|p2|Hippowdon, M|\n|poke|p2|Lycanroc, M|\n|poke|p2|Steelix, M|\n|poke|p2|Mr. Rime, M|\n|poke|p2|Victini|\n|poke|p2|Gliscor, M|\n|teampreview\n|j| Porkedcar\n|j| j.silverflame\n|\n|t:|1700353703\n|start\n|switch|p1a: Chip|Toxapex, M|100\/100\n|switch|p2a: Sande|Hippowdon, M|100\/100\n|-weather|Sandstorm|[from] ability: Sand Stream|[of] p2a: Sande\n|turn|1\n|c|\u2606carutothehocarge|!dt magic bounce\n|raw|<ul class=\"utilichart\"><li class=\"result\"><span class=\"col namecol\"><a href=\"https:\/\/dex.pokemonshowdown.com\/abilities\/magicbounce\">Magic Bounce<\/a><\/span> <span class=\"col abilitydesccol\">This Pokemon blocks certain Status moves and bounces them back to the user.<\/span> <\/li><li style=\"clear:both\"><\/li><\/ul>\n|raw|<font size=\"1\"><font color=\"#686868\">Gen:<\/font> 5&nbsp;|&ThickSpace;&#10003; Ignored by Mold Breaker<\/font>\n\n|\n|t:|1700353770\n|switch|p1a: Vibes Only|Vanilluxe, M|100\/100\n|-weather|Snow|[from] ability: Snow Warning|[of] p1a: Vibes Only\n|move|p2a: Sande|Heavy Slam|p1a: Vibes Only\n|-supereffective|p1a: Vibes Only\n|-damage|p1a: Vibes Only|51\/100\n|\n|-weather|Snow|[upkeep]\n|upkeep\n|turn|2\n|\n|t:|1700353797\n|switch|p2a: M'Lady|Mr. Rime, M|100\/100\n|move|p1a: Vibes Only|Blizzard|p2a: M'Lady\n|-resisted|p2a: M'Lady\n|-damage|p2a: M'Lady|78\/100\n|\n|-weather|Snow|[upkeep]\n|upkeep\n|turn|3\n|\n|t:|1700353812\n|switch|p1a: Uno Reverse|Hatterene, F|100\/100\n|move|p2a: M'Lady|Light Screen|p2a: M'Lady\n|-sidestart|p2: carutothehocarge|move: Light Screen\n|\n|-weather|Snow|[upkeep]\n|upkeep\n|turn|4\n|\n|t:|1700353820\n|switch|p2a: IT'S HIM|Steelix, M|100\/100\n|move|p1a: Uno Reverse|Calm Mind|p1a: Uno Reverse\n|-boost|p1a: Uno Reverse|spa|1\n|-boost|p1a: Uno Reverse|spd|1\n|\n|-weather|Snow|[upkeep]\n|upkeep\n|turn|5\n|\n|t:|1700353828\n|detailschange|p2a: IT'S HIM|Steelix-Mega, M\n|-mega|p2a: IT'S HIM|Steelix|Steelixite\n|move|p1a: Uno Reverse|Mystical Fire|p2a: IT'S HIM\n|-supereffective|p2a: IT'S HIM\n|-damage|p2a: IT'S HIM|66\/100\n|-unboost|p2a: IT'S HIM|spa|1\n|move|p2a: IT'S HIM|Heavy Slam|p1a: Uno Reverse\n|-supereffective|p1a: Uno Reverse\n|-enditem|p1a: Uno Reverse|Focus Sash\n|-damage|p1a: Uno Reverse|1\/100\n|\n|-weather|none\n|upkeep\n|turn|6\n|c| Porkedcar|IT'S HIM\n|\n|t:|1700353843\n|move|p1a: Uno Reverse|Draining Kiss|p2a: IT'S HIM\n|-resisted|p2a: IT'S HIM\n|-damage|p2a: IT'S HIM|58\/100\n|-heal|p1a: Uno Reverse|8\/100|[from] drain|[of] p2a: IT'S HIM\n|move|p2a: IT'S HIM|Heavy Slam|p1a: Uno Reverse\n|-supereffective|p1a: Uno Reverse\n|-damage|p1a: Uno Reverse|0 fnt\n|faint|p1a: Uno Reverse\n|\n|upkeep\n|\n|t:|1700353857\n|switch|p1a: Vibes Only|Vanilluxe, M|51\/100\n|-weather|Snow|[from] ability: Snow Warning|[of] p1a: Vibes Only\n|turn|7\n|\n|t:|1700353873\n|move|p1a: Vibes Only|Aurora Veil|p1a: Vibes Only\n|-sidestart|p1: brevie nicks|move: Aurora Veil\n|move|p2a: IT'S HIM|Heavy Slam|p1a: Vibes Only\n|-supereffective|p1a: Vibes Only\n|-damage|p1a: Vibes Only|16\/100\n|\n|-weather|Snow|[upkeep]\n|-sideend|p2: carutothehocarge|move: Light Screen\n|upkeep\n|turn|8\n|\n|t:|1700353880\n|switch|p2a: M'Lady|Mr. Rime, M|78\/100\n|-activate|p2a: M'Lady|ability: Screen Cleaner\n|-sideend|p1: brevie nicks|move: Aurora Veil\n|move|p1a: Vibes Only|Blizzard|p2a: M'Lady\n|-resisted|p2a: M'Lady\n|-damage|p2a: M'Lady|57\/100\n|\n|-weather|Snow|[upkeep]\n|upkeep\n|turn|9\n|\n|t:|1700353892\n|switch|p1a: Hugh Jackman|Sandslash-Alola, F|100\/100\n|move|p2a: M'Lady|Psychic|p1a: Hugh Jackman\n|-resisted|p1a: Hugh Jackman\n|-crit|p1a: Hugh Jackman\n|-damage|p1a: Hugh Jackman|67\/100\n|\n|-weather|Snow|[upkeep]\n|upkeep\n|turn|10\n|\n|t:|1700353920\n|move|p1a: Hugh Jackman|Knock Off|p2a: M'Lady\n|-supereffective|p2a: M'Lady\n|-damage|p2a: M'Lady|1\/100\n|-enditem|p2a: M'Lady|Heavy-Duty Boots|[from] move: Knock Off|[of] p1a: Hugh Jackman\n|move|p2a: M'Lady|Focus Blast|p1a: Hugh Jackman\n|-supereffective|p1a: Hugh Jackman\n|-damage|p1a: Hugh Jackman|0 fnt\n|faint|p1a: Hugh Jackman\n|\n|-weather|Snow|[upkeep]\n|upkeep\n|\n|t:|1700353935\n|switch|p1a: Chip|Toxapex, M|100\/100\n|turn|11\n|\n|t:|1700353942\n|move|p2a: M'Lady|Psychic|p1a: Chip\n|-supereffective|p1a: Chip\n|-damage|p1a: Chip|45\/100\n|move|p1a: Chip|Toxic Spikes|p2a: M'Lady\n|-sidestart|p2: carutothehocarge|move: Toxic Spikes\n|\n|-weather|none\n|-heal|p1a: Chip|51\/100|[from] item: Black Sludge\n|upkeep\n|turn|12\n|\n|t:|1700353948\n|move|p2a: M'Lady|Psychic|p1a: Chip\n|-supereffective|p1a: Chip\n|-damage|p1a: Chip|0 fnt\n|faint|p1a: Chip\n|\n|upkeep\n|\n|t:|1700353951\n|switch|p1a: Pickle|Arboliva, F, shiny|100\/100\n|turn|13\n|\n|t:|1700353957\n|move|p2a: M'Lady|Freeze-Dry|p1a: Pickle\n|-supereffective|p1a: Pickle\n|-damage|p1a: Pickle|68\/100\n|-fieldstart|move: Grassy Terrain|[from] ability: Seed Sower|[of] p1a: Pickle\n|move|p1a: Pickle|Earth Power|p2a: M'Lady\n|-damage|p2a: M'Lady|0 fnt\n|faint|p2a: M'Lady\n|\n|-heal|p1a: Pickle|74\/100|[from] Grassy Terrain\n|-heal|p1a: Pickle|80\/100|[from] item: Leftovers\n|upkeep\n|\n|t:|1700353990\n|switch|p2a: Vik|Victini|100\/100\n|-status|p2a: Vik|psn\n|turn|14\n|\n|t:|1700353998\n|move|p2a: Vik|V-create|p1a: Pickle\n|-supereffective|p1a: Pickle\n|-damage|p1a: Pickle|0 fnt\n|-unboost|p2a: Vik|spe|1\n|-unboost|p2a: Vik|def|1\n|-unboost|p2a: Vik|spd|1\n|faint|p1a: Pickle\n|-damage|p2a: Vik|91\/100 psn|[from] item: Life Orb\n|\n|-heal|p2a: Vik|97\/100 psn|[from] Grassy Terrain\n|-damage|p2a: Vik|84\/100 psn|[from] psn\n|upkeep\n|\n|t:|1700354000\n|switch|p1a: The Boi|Gengar, M|100\/100\n|turn|15\n|\n|t:|1700354030\n|switch|p2a: Sande|Hippowdon, M|100\/100\n|-status|p2a: Sande|psn\n|-weather|Sandstorm|[from] ability: Sand Stream|[of] p2a: Sande\n|move|p1a: The Boi|Shadow Ball|p2a: Sande\n|-damage|p2a: Sande|52\/100 psn\n|\n|-weather|Sandstorm|[upkeep]\n|-damage|p1a: The Boi|94\/100|[from] Sandstorm\n|-heal|p1a: The Boi|100\/100|[from] Grassy Terrain\n|-heal|p2a: Sande|58\/100 psn|[from] Grassy Terrain\n|-heal|p2a: Sande|64\/100 psn|[from] item: Leftovers\n|-damage|p2a: Sande|52\/100 psn|[from] psn\n|upkeep\n|turn|16\n|\n|t:|1700354047\n|switch|p1a: Vibes Only|Vanilluxe, M|16\/100\n|-weather|Snow|[from] ability: Snow Warning|[of] p1a: Vibes Only\n|move|p2a: Sande|Heavy Slam|p1a: Vibes Only\n|-supereffective|p1a: Vibes Only\n|-damage|p1a: Vibes Only|0 fnt\n|faint|p1a: Vibes Only\n|\n|-weather|Snow|[upkeep]\n|-heal|p2a: Sande|58\/100 psn|[from] Grassy Terrain\n|-heal|p2a: Sande|64\/100 psn|[from] item: Leftovers\n|-damage|p2a: Sande|52\/100 psn|[from] psn\n|upkeep\n|\n|t:|1700354050\n|switch|p1a: The Boi|Gengar, M|100\/100\n|turn|17\n|\n|t:|1700354065\n|move|p1a: The Boi|Hidden Power|p2a: Sande\n|-supereffective|p2a: Sande\n|-damage|p2a: Sande|9\/100 psn\n|move|p2a: Sande|Heavy Slam|p1a: The Boi\n|-damage|p1a: The Boi|42\/100\n|\n|-weather|Snow|[upkeep]\n|-heal|p1a: The Boi|48\/100|[from] Grassy Terrain\n|-heal|p2a: Sande|15\/100 psn|[from] Grassy Terrain\n|-heal|p2a: Sande|21\/100 psn|[from] item: Leftovers\n|-damage|p2a: Sande|9\/100 psn|[from] psn\n|-fieldend|move: Grassy Terrain\n|upkeep\n|turn|18\n|\n|t:|1700354076\n|move|p1a: The Boi|Hidden Power|p2a: Sande\n|-supereffective|p2a: Sande\n|-damage|p2a: Sande|0 fnt\n|faint|p2a: Sande\n|\n|-weather|Snow|[upkeep]\n|upkeep\n|\n|t:|1700354098\n|switch|p2a: Goodest Boi|Lycanroc, M|100\/100\n|-status|p2a: Goodest Boi|psn\n|turn|19\n|\n|t:|1700354113\n|move|p2a: Goodest Boi|Iron Head|p1a: The Boi\n|-damage|p1a: The Boi|0 fnt\n|faint|p1a: The Boi\n|-damage|p2a: Goodest Boi|91\/100 psn|[from] item: Life Orb\n|\n|win|carutothehocarge\n|l| j.silverflame\n|l|\u2606brevie nicks\n","uploadtime":1700354123,"views":26,"p1id":"brevienicks","p2id":"carutothehocarge","formatid":"gen9nationaldex","rating":0,"private":0,"password":""}