{"id":"gen9nationaldex-1987839495","p1":"shinydiglettiguess","p2":"thagreatbuffalo","format":"[Gen 9] National Dex","log":"|j|\u2606shinydiglettiguess\n|j|\u2606thagreatbuffalo\n|t:|1699641605\n|gametype|singles\n|player|p1|shinydiglettiguess|102|1492\n|player|p2|thagreatbuffalo|diantha-masters2|1495\n|teamsize|p1|6\n|teamsize|p2|6\n|gen|9\n|tier|[Gen 9] National Dex\n|rated|\n|rule|HP Percentage Mod: HP is shown in percentages\n|rule|Endless Battle Clause: Forcing endless battles is banned\n|rule|OHKO Clause: OHKO moves are banned\n|rule|Evasion Clause: Evasion abilities, items, and moves are banned\n|rule|Evasion Abilities Clause: Evasion abilities are banned\n|rule|Evasion Items Clause: Evasion items are banned\n|rule|Evasion Moves Clause: Evasion moves are banned\n|rule|Species Clause: Limit one of each Pok\u00e9mon\n|rule|Sleep Clause Mod: Limit one foe put to sleep\n|clearpoke\n|poke|p1|Togekiss, M|\n|poke|p1|Zygarde-10%|\n|poke|p1|Alakazam, M|\n|poke|p1|Druddigon, M|\n|poke|p1|Lopunny, F|\n|poke|p1|Thundurus, M|\n|poke|p2|Okidogi, M|\n|poke|p2|Urshifu-*, M|\n|poke|p2|Tapu Bulu|\n|poke|p2|Sneasler, F|\n|poke|p2|Pidgeot, F|\n|poke|p2|Dondozo, F|\n|teampreview\n|inactive|Battle timer is ON: inactive players will automatically lose when time's up. (requested by shinydiglettiguess)\n|\n|t:|1699641614\n|start\n|switch|p1a: Druddigon|Druddigon, M|100\/100\n|switch|p2a: Envy|Okidogi, M|100\/100\n|turn|1\n|\n|t:|1699641625\n|move|p2a: Envy|Ice Punch|p1a: Druddigon\n|-supereffective|p1a: Druddigon\n|-damage|p1a: Druddigon|37\/100\n|-damage|p2a: Envy|88\/100|[from] ability: Rough Skin|[of] p1a: Druddigon\n|-damage|p2a: Envy|72\/100|[from] item: Rocky Helmet|[of] p1a: Druddigon\n|move|p1a: Druddigon|Stealth Rock|p2a: Envy\n|-sidestart|p2: thagreatbuffalo|move: Stealth Rock\n|\n|upkeep\n|turn|2\n|\n|t:|1699641632\n|move|p2a: Envy|Ice Punch|p1a: Druddigon\n|-supereffective|p1a: Druddigon\n|-damage|p1a: Druddigon|0 fnt\n|-damage|p2a: Envy|59\/100|[from] ability: Rough Skin|[of] p1a: Druddigon\n|-damage|p2a: Envy|43\/100|[from] item: Rocky Helmet|[of] p1a: Druddigon\n|faint|p1a: Druddigon\n|\n|upkeep\n|\n|t:|1699641636\n|switch|p1a: Lopunny|Lopunny, F|100\/100\n|turn|3\n|\n|t:|1699641638\n|detailschange|p1a: Lopunny|Lopunny-Mega, F\n|-mega|p1a: Lopunny|Lopunny|Lopunnite\n|move|p1a: Lopunny|Fake Out|p2a: Envy\n|-damage|p2a: Envy|25\/100\n|cant|p2a: Envy|flinch\n|\n|upkeep\n|turn|4\n|\n|t:|1699641643\n|move|p1a: Lopunny|Triple Axel|p2a: Envy\n|-damage|p2a: Envy|19\/100\n|-damage|p2a: Envy|7\/100\n|-damage|p2a: Envy|0 fnt\n|faint|p2a: Envy\n|-hitcount|p2: Envy|3\n|\n|upkeep\n|\n|t:|1699641654\n|switch|p2a: Wrath|Urshifu-Rapid-Strike, M|100\/100\n|-damage|p2a: Wrath|94\/100|[from] Stealth Rock\n|turn|5\n|\n|t:|1699641658\n|-terastallize|p2a: Wrath|Water\n|move|p1a: Lopunny|Thunder Wave|p2a: Wrath\n|-status|p2a: Wrath|par\n|cant|p2a: Wrath|par\n|\n|upkeep\n|turn|6\n|\n|t:|1699641662\n|move|p1a: Lopunny|High Jump Kick|p2a: Wrath\n|-damage|p2a: Wrath|29\/100 par\n|cant|p2a: Wrath|par\n|\n|upkeep\n|turn|7\n|\n|t:|1699641667\n|move|p1a: Lopunny|High Jump Kick|p2a: Wrath\n|-damage|p2a: Wrath|0 fnt\n|faint|p2a: Wrath\n|\n|upkeep\n|c|\u2606thagreatbuffalo|tragic\n|\n|t:|1699641674\n|switch|p2a: Gluttony|Dondozo, F|100\/100\n|-damage|p2a: Gluttony|88\/100|[from] Stealth Rock\n|turn|8\n|\n|t:|1699641678\n|move|p1a: Lopunny|Thunder Wave|p2a: Gluttony\n|-status|p2a: Gluttony|par\n|move|p2a: Gluttony|Zen Headbutt|p1a: Lopunny\n|-supereffective|p1a: Lopunny\n|-damage|p1a: Lopunny|31\/100\n|\n|upkeep\n|turn|9\n|\n|t:|1699641681\n|move|p1a: Lopunny|High Jump Kick|p2a: Gluttony\n|-damage|p2a: Gluttony|47\/100 par\n|move|p2a: Gluttony|Zen Headbutt|p1a: Lopunny\n|-supereffective|p1a: Lopunny\n|-damage|p1a: Lopunny|0 fnt\n|faint|p1a: Lopunny\n|\n|upkeep\n|\n|t:|1699641686\n|switch|p1a: Thundurus|Thundurus, M|100\/100\n|turn|10\n|\n|t:|1699641695\n|move|p1a: Thundurus|Thunder|p2a: Gluttony\n|-supereffective|p2a: Gluttony\n|-damage|p2a: Gluttony|0 fnt\n|faint|p2a: Gluttony\n|\n|upkeep\n|\n|t:|1699641699\n|switch|p2a: Pidgeot|Pidgeot, F|100\/100\n|-damage|p2a: Pidgeot|76\/100|[from] Stealth Rock\n|turn|11\n|\n|t:|1699641703\n|detailschange|p2a: Pidgeot|Pidgeot-Mega, F\n|-mega|p2a: Pidgeot|Pidgeot|Pidgeotite\n|move|p1a: Thundurus|Thunder Wave|p2a: Pidgeot\n|-status|p2a: Pidgeot|par\n|move|p2a: Pidgeot|Hurricane|p1a: Thundurus\n|-resisted|p1a: Thundurus\n|-damage|p1a: Thundurus|58\/100\n|-start|p1a: Thundurus|confusion\n|\n|upkeep\n|turn|12\n|\n|t:|1699641712\n|-activate|p1a: Thundurus|confusion\n|move|p1a: Thundurus|Thunder|p2a: Pidgeot\n|-supereffective|p2a: Pidgeot\n|-damage|p2a: Pidgeot|0 fnt\n|faint|p2a: Pidgeot\n|\n|upkeep\n|\n|t:|1699641721\n|switch|p2a: Pride|Tapu Bulu, shiny|100\/100\n|-fieldstart|move: Grassy Terrain|[from] ability: Grassy Surge|[of] p2a: Pride\n|turn|13\n|\n|t:|1699641723\n|-activate|p1a: Thundurus|confusion\n|move|p1a: Thundurus|Thunder Wave|p2a: Pride\n|-status|p2a: Pride|par\n|move|p2a: Pride|Stone Edge|p1a: Thundurus\n|-supereffective|p1a: Thundurus\n|-damage|p1a: Thundurus|0 fnt\n|faint|p1a: Thundurus\n|\n|upkeep\n|\n|t:|1699641728\n|switch|p1a: Togekiss|Togekiss, M|100\/100\n|turn|14\n|\n|t:|1699641733\n|move|p1a: Togekiss|Air Slash|p2a: Pride\n|-supereffective|p2a: Pride\n|-crit|p2a: Pride\n|-damage|p2a: Pride|0 fnt\n|faint|p2a: Pride\n|\n|upkeep\n|\n|t:|1699641735\n|switch|p2a: Greed|Sneasler, F, shiny|100\/100\n|-damage|p2a: Greed|95\/100|[from] Stealth Rock\n|-enditem|p2a: Greed|Grassy Seed\n|-boost|p2a: Greed|def|1|[from] item: Grassy Seed\n|turn|15\n|\n|t:|1699641741\n|move|p2a: Greed|Swords Dance|p2a: Greed\n|-boost|p2a: Greed|atk|2\n|move|p1a: Togekiss|Thunder Wave|p2a: Greed\n|-status|p2a: Greed|par\n|\n|-heal|p2a: Greed|100\/100 par|[from] Grassy Terrain\n|upkeep\n|turn|16\n|c|\u2606shinydiglettiguess|hehe\n|c|\u2606shinydiglettiguess|twave\n|\n|t:|1699641750\n|move|p2a: Greed|Dire Claw|p1a: Togekiss\n|-supereffective|p1a: Togekiss\n|-damage|p1a: Togekiss|0 fnt\n|faint|p1a: Togekiss\n|\n|upkeep\n|\n|t:|1699641757\n|switch|p1a: Alakazam|Alakazam, M|100\/100\n|turn|17\n|c|\u2606thagreatbuffalo|your luck this match is truly amazing XD\n|\n|t:|1699641774\n|move|p1a: Alakazam|Psychic|p2a: Greed\n|-supereffective|p2a: Greed\n|-damage|p2a: Greed|0 fnt\n|faint|p2a: Greed\n|\n|win|shinydiglettiguess\n|raw|shinydiglettiguess's rating: 1492 &rarr; <strong>1512<\/strong><br \/>(+20 for winning)\n|raw|thagreatbuffalo's rating: 1495 &rarr; <strong>1475<\/strong><br \/>(-20 for losing)\n|c|\u2606shinydiglettiguess|nah\n|l|\u2606thagreatbuffalo\n|c|\u2606shinydiglettiguess|i just have twave on every mon\n|l|\u2606shinydiglettiguess\n|j|\u2606thagreatbuffalo\n|player|p2|thagreatbuffalo|diantha-masters2\n","uploadtime":1699641803,"views":5,"p1id":"shinydiglettiguess","p2id":"thagreatbuffalo","formatid":"gen9nationaldex","rating":1475,"private":0,"password":""}