{"id":"gen9nationaldex-1991839599","p1":"Aegido03","p2":"KarmaNightraide","format":"[Gen 9] National Dex","log":"|j|\u2606Aegido03\n|j|\u2606KarmaNightraide\n|t:|1700126456\n|gametype|singles\n|player|p1|Aegido03|clerk|1214\n|player|p2|KarmaNightraide|unknown|1102\n|teamsize|p1|6\n|teamsize|p2|6\n|gen|9\n|tier|[Gen 9] National Dex\n|rated|\n|rule|HP Percentage Mod: HP is shown in percentages\n|rule|Endless Battle Clause: Forcing endless battles is banned\n|rule|OHKO Clause: OHKO moves are banned\n|rule|Evasion Clause: Evasion abilities, items, and moves are banned\n|rule|Evasion Abilities Clause: Evasion abilities are banned\n|rule|Evasion Items Clause: Evasion items are banned\n|rule|Evasion Moves Clause: Evasion moves are banned\n|rule|Species Clause: Limit one of each Pok\u00e9mon\n|rule|Sleep Clause Mod: Limit one foe put to sleep\n|clearpoke\n|poke|p1|Dragonite, F|\n|poke|p1|Banette, M|\n|poke|p1|Lurantis, F|\n|poke|p1|Ditto|\n|poke|p1|Clefable, M|\n|poke|p1|Persian, F|\n|poke|p2|Ceruledge, F|\n|poke|p2|Basculegion-F, F|\n|poke|p2|Mimikyu, M|\n|poke|p2|Banette, F|\n|poke|p2|Polteageist-Antique|\n|poke|p2|Dhelmise|\n|teampreview\n|inactive|Battle timer is ON: inactive players will automatically lose when time's up. (requested by KarmaNightraide)\n|\n|t:|1700126470\n|start\n|switch|p1a: Cleo|Persian, F|100\/100\n|switch|p2a: Go to sleep...|Banette, F|100\/100\n|turn|1\n|inactive|KarmaNightraide has 120 seconds left.\n|\n|t:|1700126512\n|detailschange|p2a: Go to sleep...|Banette-Mega, F\n|-mega|p2a: Go to sleep...|Banette|Banettite\n|move|p2a: Go to sleep...|Taunt|p1a: Cleo\n|-start|p1a: Cleo|move: Taunt\n|move|p1a: Cleo|Assurance|p2a: Go to sleep...\n|-supereffective|p2a: Go to sleep...\n|-damage|p2a: Go to sleep...|8\/100\n|-damage|p1a: Cleo|91\/100|[from] item: Life Orb\n|\n|upkeep\n|turn|2\n|\n|t:|1700126532\n|switch|p1a: Ver\u00f3nica|Lurantis, F|100\/100\n|move|p2a: Go to sleep...|Destiny Bond|p2a: Go to sleep...\n|-singlemove|p2a: Go to sleep...|Destiny Bond\n|\n|upkeep\n|turn|3\n|\n|t:|1700126546\n|move|p2a: Go to sleep...|Gunk Shot|p1a: Ver\u00f3nica\n|-supereffective|p1a: Ver\u00f3nica\n|-damage|p1a: Ver\u00f3nica|0 fnt\n|faint|p1a: Ver\u00f3nica\n|\n|upkeep\n|\n|t:|1700126557\n|switch|p1a: Antonio|Clefable, M|100\/100\n|turn|4\n|inactive|KarmaNightraide has 120 seconds left.\n|\n|t:|1700126565\n|-terastallize|p1a: Antonio|Fire\n|move|p2a: Go to sleep...|Destiny Bond|p2a: Go to sleep...\n|-singlemove|p2a: Go to sleep...|Destiny Bond\n|move|p1a: Antonio|Calm Mind|p1a: Antonio\n|-boost|p1a: Antonio|spa|1\n|-boost|p1a: Antonio|spd|1\n|\n|upkeep\n|turn|5\n|inactive|KarmaNightraide has 120 seconds left.\n|\n|t:|1700126577\n|move|p2a: Go to sleep...|Gunk Shot|p1a: Antonio\n|-damage|p1a: Antonio|57\/100\n|-status|p1a: Antonio|psn\n|move|p1a: Antonio|Calm Mind|p1a: Antonio\n|-boost|p1a: Antonio|spa|1\n|-boost|p1a: Antonio|spd|1\n|\n|-damage|p1a: Antonio|45\/100 psn|[from] psn\n|upkeep\n|turn|6\n|inactive|KarmaNightraide has 120 seconds left.\n|\n|t:|1700126587\n|move|p2a: Go to sleep...|Destiny Bond|p2a: Go to sleep...\n|-singlemove|p2a: Go to sleep...|Destiny Bond\n|move|p1a: Antonio|Soft-Boiled|p1a: Antonio\n|-heal|p1a: Antonio|95\/100 psn\n|\n|-damage|p1a: Antonio|82\/100 psn|[from] psn\n|upkeep\n|turn|7\n|\n|t:|1700126595\n|move|p2a: Go to sleep...|Gunk Shot|p1a: Antonio\n|-damage|p1a: Antonio|38\/100 psn\n|move|p1a: Antonio|Moonblast|p2a: Go to sleep...\n|-damage|p2a: Go to sleep...|0 fnt\n|faint|p2a: Go to sleep...\n|\n|-damage|p1a: Antonio|25\/100 psn|[from] psn\n|upkeep\n|inactive|KarmaNightraide has 120 seconds left.\n|\n|t:|1700126633\n|switch|p2a: Lady Fish|Basculegion-F, F|100\/100\n|turn|8\n|\n|t:|1700126644\n|move|p2a: Lady Fish|Hydro Pump|p1a: Antonio\n|-supereffective|p1a: Antonio\n|-crit|p1a: Antonio\n|-damage|p1a: Antonio|0 fnt\n|faint|p1a: Antonio\n|\n|upkeep\n|\n|t:|1700126651\n|switch|p1a: Cleo|Persian, F|91\/100\n|turn|9\n|\n|t:|1700126658\n|-terastallize|p2a: Lady Fish|Dark\n|move|p1a: Cleo|Assurance|p2a: Lady Fish\n|-resisted|p2a: Lady Fish\n|-damage|p2a: Lady Fish|84\/100\n|-damage|p1a: Cleo|81\/100|[from] item: Life Orb\n|move|p2a: Lady Fish|Rain Dance|p2a: Lady Fish\n|-weather|RainDance\n|\n|-weather|RainDance|[upkeep]\n|upkeep\n|turn|10\n|\n|t:|1700126670\n|move|p2a: Lady Fish|Hydro Pump|p1a: Cleo\n|-damage|p1a: Cleo|0 fnt\n|faint|p1a: Cleo\n|\n|-weather|RainDance|[upkeep]\n|upkeep\n|\n|t:|1700126677\n|switch|p1a: Dragonite|Dragonite, F|100\/100\n|turn|11\n|\n|t:|1700126686\n|move|p2a: Lady Fish|Ice Beam|p1a: Dragonite\n|-supereffective|p1a: Dragonite\n|-damage|p1a: Dragonite|42\/100\n|move|p1a: Dragonite|Dragon Dance|p1a: Dragonite\n|-boost|p1a: Dragonite|atk|1\n|-boost|p1a: Dragonite|spe|1\n|\n|-weather|RainDance|[upkeep]\n|upkeep\n|turn|12\n|inactive|KarmaNightraide has 120 seconds left.\n|\n|t:|1700126694\n|move|p1a: Dragonite|Extreme Speed|p2a: Lady Fish\n|-damage|p2a: Lady Fish|26\/100\n|move|p2a: Lady Fish|Ice Beam|p1a: Dragonite\n|-supereffective|p1a: Dragonite\n|-damage|p1a: Dragonite|0 fnt\n|faint|p1a: Dragonite\n|\n|-weather|RainDance|[upkeep]\n|upkeep\n|\n|t:|1700126699\n|switch|p1a: Mine|Ditto|100\/100\n|-transform|p1a: Mine|p2a: Lady Fish|[from] ability: Imposter\n|-start|p1a: Mine|typechange|Water\/Ghost|[silent]\n|turn|13\n|\n|t:|1700126713\n|move|p1a: Mine|Hydro Pump|p2a: Lady Fish\n|-damage|p2a: Lady Fish|0 fnt\n|faint|p2a: Lady Fish\n|\n|-weather|none\n|upkeep\n|\n|t:|1700126721\n|switch|p2a: Avast ye shitters|Dhelmise|100\/100\n|turn|14\n|\n|t:|1700126725\n|switch|p1a: Nabo|Banette, M|100\/100\n|-item|p2a: Avast ye shitters|Darkinium Z|[from] ability: Frisk|[of] p1a: Nabo|[identify]\n|-zpower|p2a: Avast ye shitters\n|move|p2a: Avast ye shitters|Z-Switcheroo||[anim]Switcheroo|[still]\n|-boost|p2a: Avast ye shitters|spe|2|[zeffect]\n|-fail|p2a: Avast ye shitters\n|\n|upkeep\n|turn|15\n|inactive|KarmaNightraide has 120 seconds left.\n|\n|t:|1700126752\n|detailschange|p1a: Nabo|Banette-Mega, M\n|-mega|p1a: Nabo|Banette|Banettite\n|move|p2a: Avast ye shitters|Anchor Shot|p1a: Nabo\n|-damage|p1a: Nabo|37\/100\n|move|p1a: Nabo|Gunk Shot|p2a: Avast ye shitters\n|-damage|p2a: Avast ye shitters|40\/100\n|\n|upkeep\n|turn|16\n|inactive|KarmaNightraide has 120 seconds left.\n|\n|t:|1700126767\n|move|p2a: Avast ye shitters|Earthquake|p1a: Nabo\n|-crit|p1a: Nabo\n|-damage|p1a: Nabo|0 fnt\n|faint|p1a: Nabo\n|\n|upkeep\n|\n|t:|1700126782\n|switch|p1a: Mine|Ditto|100\/100\n|-transform|p1a: Mine|p2a: Avast ye shitters|[from] ability: Imposter\n|turn|17\n|-message|Aegido03 forfeited.\n|\n|win|KarmaNightraide\n|raw|Aegido03's rating: 1214 &rarr; <strong>1181<\/strong><br \/>(-33 for losing)\n|raw|KarmaNightraide's rating: 1102 &rarr; <strong>1135<\/strong><br \/>(+33 for winning)\n|l|\u2606Aegido03\n","uploadtime":1700126986,"views":5,"p1id":"aegido03","p2id":"karmanightraide","formatid":"gen9nationaldex","rating":1135,"private":0,"password":""}