{"id":"gen9nationaldex-1990844093","p1":"plague070","p2":"drifting dance","format":"[Gen 9] National Dex","log":"|j|\u2606plague070\n|j|\u2606drifting dance\n|t:|1700006747\n|gametype|singles\n|player|p1|plague070|allister|1379\n|player|p2|drifting dance|raihan|1322\n|teamsize|p1|6\n|teamsize|p2|6\n|gen|9\n|tier|[Gen 9] National Dex\n|rated|\n|rule|HP Percentage Mod: HP is shown in percentages\n|rule|Endless Battle Clause: Forcing endless battles is banned\n|rule|OHKO Clause: OHKO moves are banned\n|rule|Evasion Clause: Evasion abilities, items, and moves are banned\n|rule|Evasion Abilities Clause: Evasion abilities are banned\n|rule|Evasion Items Clause: Evasion items are banned\n|rule|Evasion Moves Clause: Evasion moves are banned\n|rule|Species Clause: Limit one of each Pok\u00e9mon\n|rule|Sleep Clause Mod: Limit one foe put to sleep\n|clearpoke\n|poke|p1|Blacephalon|\n|poke|p1|Tapu Lele|\n|poke|p1|Manaphy|\n|poke|p1|Alakazam, F|\n|poke|p1|Sneasler, F|\n|poke|p1|Tornadus-Therian, M|\n|poke|p2|Tapu Koko|\n|poke|p2|Iron Valiant|\n|poke|p2|Sneasler, F|\n|poke|p2|Iron Moth|\n|poke|p2|Greninja-*, M|\n|poke|p2|Scizor, M|\n|teampreview\n|\n|t:|1700006767\n|start\n|switch|p1a: Sneasler|Sneasler, F|100\/100\n|switch|p2a: Way2Ev1L|Scizor, M, shiny|100\/100\n|turn|1\n|\n|t:|1700006780\n|detailschange|p2a: Way2Ev1L|Scizor-Mega, M, shiny\n|-mega|p2a: Way2Ev1L|Scizor|Scizorite\n|move|p1a: Sneasler|Close Combat|p2a: Way2Ev1L\n|-damage|p2a: Way2Ev1L|42\/100\n|-unboost|p1a: Sneasler|def|1\n|-unboost|p1a: Sneasler|spd|1\n|move|p2a: Way2Ev1L|Swords Dance|p2a: Way2Ev1L\n|-boost|p2a: Way2Ev1L|atk|2\n|\n|upkeep\n|turn|2\n|\n|t:|1700006796\n|switch|p1a: Tapu Lele|Tapu Lele|100\/100\n|-fieldstart|move: Psychic Terrain|[from] ability: Psychic Surge|[of] p1a: Tapu Lele\n|move|p2a: Way2Ev1L|Bullet Punch|p1a: Tapu Lele\n|-activate|p1a: Tapu Lele|move: Psychic Terrain\n|\n|upkeep\n|turn|3\n|c|\u2606drifting dance|no wayyyy i forgot psysurge does that\n|\n|t:|1700006820\n|move|p1a: Tapu Lele|Psychic|p2a: Way2Ev1L\n|-resisted|p2a: Way2Ev1L\n|-damage|p2a: Way2Ev1L|8\/100\n|move|p2a: Way2Ev1L|Trailblaze|p1a: Tapu Lele\n|-damage|p1a: Tapu Lele|8\/100\n|-boost|p2a: Way2Ev1L|spe|1\n|\n|upkeep\n|turn|4\n|c|\u2606plague070|oh god damn\n|c|\u2606drifting dance|that was a really smart move man good job\n|\n|t:|1700006829\n|move|p1a: Tapu Lele|Psychic|p2a: Way2Ev1L\n|-resisted|p2a: Way2Ev1L\n|-damage|p2a: Way2Ev1L|0 fnt\n|faint|p2a: Way2Ev1L\n|\n|upkeep\n|c|\u2606plague070|i thought thatd kill\n|c|\u2606plague070|thx\n|\n|t:|1700006837\n|switch|p2a: poli-ninja|Greninja, M|100\/100\n|turn|5\n|c|\u2606drifting dance|np\n|\n|t:|1700006845\n|switch|p1a: Sneasler|Sneasler, F|100\/100\n|-enditem|p1a: Sneasler|Psychic Seed\n|-boost|p1a: Sneasler|spd|1|[from] item: Psychic Seed\n|move|p2a: poli-ninja|U-turn|p1a: Sneasler\n|-start|p2a: poli-ninja|typechange|Bug|[from] ability: Protean\n|-resisted|p1a: Sneasler\n|-damage|p1a: Sneasler|92\/100\n|\n|t:|1700006853\n|switch|p2a: goobstar|Iron Moth, shiny|100\/100|[from] U-turn\n|-enditem|p2a: goobstar|Booster Energy\n|-activate|p2a: goobstar|ability: Quark Drive|[fromitem]\n|-start|p2a: goobstar|quarkdrivespa\n|\n|upkeep\n|turn|6\n|\n|t:|1700006866\n|-terastallize|p1a: Sneasler|Flying\n|move|p1a: Sneasler|Acrobatics|p2a: goobstar\n|-damage|p2a: goobstar|0 fnt\n|faint|p2a: goobstar\n|-end|p2a: goobstar|Quark Drive|[silent]\n|\n|-fieldend|move: Psychic Terrain\n|upkeep\n|\n|t:|1700006888\n|switch|p2a: sentry|Iron Valiant, shiny|100\/100\n|turn|7\n|\n|t:|1700006896\n|-terastallize|p2a: sentry|Electric\n|move|p1a: Sneasler|Close Combat|p2a: sentry\n|-damage|p2a: sentry|12\/100\n|-unboost|p1a: Sneasler|def|1\n|-unboost|p1a: Sneasler|spd|1\n|move|p2a: sentry|Thunderbolt|p1a: Sneasler\n|-supereffective|p1a: Sneasler\n|-damage|p1a: Sneasler|0 fnt\n|faint|p1a: Sneasler\n|-damage|p2a: sentry|3\/100|[from] item: Life Orb\n|\n|upkeep\n|\n|t:|1700006910\n|switch|p1a: Blacephalon|Blacephalon|100\/100\n|turn|8\n|\n|t:|1700006914\n|move|p1a: Blacephalon|Shadow Ball|p2a: sentry\n|-crit|p2a: sentry\n|-damage|p2a: sentry|0 fnt\n|faint|p2a: sentry\n|-end|p2a: sentry|Quark Drive|[silent]\n|-ability|p1a: Blacephalon|Beast Boost|boost\n|-boost|p1a: Blacephalon|spa|1\n|\n|upkeep\n|\n|t:|1700006916\n|switch|p2a: valcon|Tapu Koko, shiny|100\/100\n|-fieldstart|move: Electric Terrain|[from] ability: Electric Surge|[of] p2a: valcon\n|turn|9\n|\n|t:|1700006920\n|move|p1a: Blacephalon|Shadow Ball|p2a: valcon\n|-damage|p2a: valcon|0 fnt\n|faint|p2a: valcon\n|-ability|p1a: Blacephalon|Beast Boost|boost\n|-boost|p1a: Blacephalon|spa|1\n|\n|upkeep\n|\n|t:|1700006923\n|switch|p2a: poli-ninja|Greninja, M|100\/100\n|turn|10\n|\n|t:|1700006939\n|switch|p1a: Tornadus|Tornadus-Therian, M|100\/100\n|move|p2a: poli-ninja|Dark Pulse|p1a: Tornadus\n|-start|p2a: poli-ninja|typechange|Dark|[from] ability: Protean\n|-damage|p1a: Tornadus|66\/100\n|\n|upkeep\n|turn|11\n|\n|t:|1700006946\n|move|p2a: poli-ninja|Dark Pulse|p1a: Tornadus\n|-damage|p1a: Tornadus|31\/100\n|move|p1a: Tornadus|U-turn|p2a: poli-ninja\n|-supereffective|p2a: poli-ninja\n|-damage|p2a: poli-ninja|53\/100\n|\n|t:|1700006950\n|switch|p1a: Tapu Lele|Tapu Lele|8\/100|[from] U-turn\n|-fieldstart|move: Psychic Terrain|[from] ability: Psychic Surge|[of] p1a: Tapu Lele\n|\n|upkeep\n|turn|12\n|\n|t:|1700006955\n|move|p2a: poli-ninja|Dark Pulse|p1a: Tapu Lele\n|-damage|p1a: Tapu Lele|0 fnt\n|faint|p1a: Tapu Lele\n|\n|upkeep\n|\n|t:|1700006966\n|switch|p1a: Tornadus|Tornadus-Therian, M|64\/100\n|turn|13\n|\n|t:|1700006973\n|move|p2a: poli-ninja|Dark Pulse|p1a: Tornadus\n|-damage|p1a: Tornadus|28\/100\n|move|p1a: Tornadus|U-turn|p2a: poli-ninja\n|-supereffective|p2a: poli-ninja\n|-damage|p2a: poli-ninja|5\/100\n|\n|t:|1700006977\n|switch|p1a: Manaphy|Manaphy|100\/100|[from] U-turn\n|\n|upkeep\n|turn|14\n|\n|t:|1700006979\n|move|p2a: poli-ninja|Dark Pulse|p1a: Manaphy\n|-damage|p1a: Manaphy|73\/100\n|cant|p1a: Manaphy|flinch\n|\n|-heal|p1a: Manaphy|79\/100|[from] item: Leftovers\n|upkeep\n|turn|15\n|\n|t:|1700006983\n|move|p2a: poli-ninja|Dark Pulse|p1a: Manaphy\n|-damage|p1a: Manaphy|50\/100\n|move|p1a: Manaphy|Take Heart|p1a: Manaphy\n|-boost|p1a: Manaphy|spa|1\n|-boost|p1a: Manaphy|spd|1\n|\n|-heal|p1a: Manaphy|56\/100|[from] item: Leftovers\n|-fieldend|move: Psychic Terrain\n|upkeep\n|turn|16\n|\n|t:|1700006986\n|move|p2a: poli-ninja|Dark Pulse|p1a: Manaphy\n|-damage|p1a: Manaphy|36\/100\n|cant|p1a: Manaphy|flinch\n|\n|-heal|p1a: Manaphy|42\/100|[from] item: Leftovers\n|upkeep\n|turn|17\n|c|\u2606drifting dance|ggs\n|-message|drifting dance forfeited.\n|\n|win|plague070\n|raw|plague070's rating: 1379 &rarr; <strong>1396<\/strong><br \/>(+17 for winning)\n|raw|drifting dance's rating: 1322 &rarr; <strong>1305<\/strong><br \/>(-17 for losing)\n|l|\u2606drifting dance\n|c|\u2606plague070|gg\n|l|\u2606plague070\n|j|\u2606plague070\n|player|p1|plague070|allister\n","uploadtime":1700007003,"views":5,"p1id":"plague070","p2id":"driftingdance","formatid":"gen9nationaldex","rating":1305,"private":0,"password":""}