{"id":"gen9nationaldex-1993429161","p1":"Mareoo","p2":"shfeha","format":"[Gen 9] National Dex","log":"|j|\u2606Mareoo\n|j|\u2606shfeha\n|t:|1700316752\n|gametype|singles\n|player|p1|Mareoo|gambler|1096\n|player|p2|shfeha|cyclist|1048\n|teamsize|p1|6\n|teamsize|p2|6\n|gen|9\n|tier|[Gen 9] National Dex\n|rated|\n|rule|HP Percentage Mod: HP is shown in percentages\n|rule|Endless Battle Clause: Forcing endless battles is banned\n|rule|OHKO Clause: OHKO moves are banned\n|rule|Evasion Clause: Evasion abilities, items, and moves are banned\n|rule|Evasion Abilities Clause: Evasion abilities are banned\n|rule|Evasion Items Clause: Evasion items are banned\n|rule|Evasion Moves Clause: Evasion moves are banned\n|rule|Species Clause: Limit one of each Pok\u00e9mon\n|rule|Sleep Clause Mod: Limit one foe put to sleep\n|clearpoke\n|poke|p1|Muk, F|\n|poke|p1|Cloyster, M|\n|poke|p1|Rhydon, F|\n|poke|p1|Kangaskhan, F|\n|poke|p1|Mr. Mime, F|\n|poke|p1|Scyther, M|\n|poke|p2|Greninja-*, M|\n|poke|p2|Scizor, F|\n|poke|p2|Skeledirge, M|\n|poke|p2|Ting-Lu|\n|poke|p2|Corviknight, M|\n|poke|p2|Clodsire, M|\n|teampreview\n|inactive|Battle timer is ON: inactive players will automatically lose when time's up. (requested by shfeha)\n|\n|t:|1700316759\n|start\n|switch|p1a: Rhydon|Rhydon, F|100\/100\n|switch|p2a: Clodsire|Clodsire, M, shiny|100\/100\n|turn|1\n|\n|t:|1700316769\n|move|p1a: Rhydon|Stealth Rock|p2a: Clodsire\n|-sidestart|p2: shfeha|move: Stealth Rock\n|move|p2a: Clodsire|Stealth Rock|p1a: Rhydon\n|-sidestart|p1: Mareoo|move: Stealth Rock\n|\n|upkeep\n|turn|2\n|\n|t:|1700316787\n|move|p1a: Rhydon|Earthquake|p2a: Clodsire\n|-supereffective|p2a: Clodsire\n|-damage|p2a: Clodsire|0 fnt\n|faint|p2a: Clodsire\n|\n|upkeep\n|\n|t:|1700316796\n|switch|p2a: Greninja|Greninja, M|100\/100\n|-damage|p2a: Greninja|88\/100|[from] Stealth Rock\n|turn|3\n|\n|t:|1700316808\n|switch|p1a: Muk|Muk, F|100\/100\n|-damage|p1a: Muk|88\/100|[from] Stealth Rock\n|move|p2a: Greninja|Hydro Pump|p1a: Muk\n|-damage|p1a: Muk|39\/100\n|-damage|p2a: Greninja|78\/100|[from] item: Life Orb\n|\n|upkeep\n|turn|4\n|\n|t:|1700316819\n|move|p2a: Greninja|Hydro Pump|p1a: Muk\n|-damage|p1a: Muk|0 fnt\n|faint|p1a: Muk\n|-ability|p2a: Greninja|Battle Bond|boost\n|-boost|p2a: Greninja|atk|1\n|-boost|p2a: Greninja|spa|1\n|-boost|p2a: Greninja|spe|1\n|-activate|p2a: Greninja|ability: Battle Bond\n|-damage|p2a: Greninja|69\/100|[from] item: Life Orb\n|\n|upkeep\n|\n|t:|1700316834\n|switch|p1a: Kangaskhan|Kangaskhan, F|100\/100\n|-damage|p1a: Kangaskhan|88\/100|[from] Stealth Rock\n|turn|5\n|\n|t:|1700316842\n|move|p2a: Greninja|Hydro Pump|p1a: Kangaskhan|[miss]\n|-miss|p2a: Greninja|p1a: Kangaskhan\n|move|p1a: Kangaskhan|Circle Throw|p2a: Greninja\n|-supereffective|p2a: Greninja\n|-damage|p2a: Greninja|17\/100\n|drag|p2a: Ting-Lu|Ting-Lu|100\/100\n|-damage|p2a: Ting-Lu|94\/100|[from] Stealth Rock\n|-ability|p2a: Ting-Lu|Vessel of Ruin\n|\n|-heal|p1a: Kangaskhan|94\/100|[from] item: Leftovers\n|-heal|p2a: Ting-Lu|100\/100|[from] item: Leftovers\n|upkeep\n|turn|6\n|\n|t:|1700316851\n|move|p1a: Kangaskhan|Curse|p1a: Kangaskhan\n|-unboost|p1a: Kangaskhan|spe|1\n|-boost|p1a: Kangaskhan|atk|1\n|-boost|p1a: Kangaskhan|def|1\n|move|p2a: Ting-Lu|Body Press|p1a: Kangaskhan\n|-supereffective|p1a: Kangaskhan\n|-crit|p1a: Kangaskhan\n|-damage|p1a: Kangaskhan|0 fnt\n|faint|p1a: Kangaskhan\n|\n|upkeep\n|\n|t:|1700316864\n|switch|p1a: Cloyster|Cloyster, M|100\/100\n|-damage|p1a: Cloyster|76\/100|[from] Stealth Rock\n|turn|7\n|\n|t:|1700316873\n|move|p1a: Cloyster|Shell Smash|p1a: Cloyster\n|-unboost|p1a: Cloyster|def|1\n|-unboost|p1a: Cloyster|spd|1\n|-boost|p1a: Cloyster|atk|2\n|-boost|p1a: Cloyster|spa|2\n|-boost|p1a: Cloyster|spe|2\n|-enditem|p1a: Cloyster|White Herb\n|-clearnegativeboost|p1a: Cloyster|[silent]\n|move|p2a: Ting-Lu|Whirlwind|p1a: Cloyster\n|drag|p1a: Scyther|Scyther, M|100\/100\n|\n|upkeep\n|turn|8\n|\n|t:|1700316884\n|move|p1a: Scyther|Bug Bite|p2a: Ting-Lu\n|-supereffective|p2a: Ting-Lu\n|-damage|p2a: Ting-Lu|65\/100\n|move|p2a: Ting-Lu|Whirlwind|p1a: Scyther\n|drag|p1a: Rhydon|Rhydon, F|100\/100\n|-damage|p1a: Rhydon|94\/100|[from] Stealth Rock\n|\n|-heal|p2a: Ting-Lu|71\/100|[from] item: Leftovers\n|upkeep\n|turn|9\n|\n|t:|1700316889\n|move|p1a: Rhydon|Megahorn|p2a: Ting-Lu\n|-supereffective|p2a: Ting-Lu\n|-damage|p2a: Ting-Lu|30\/100\n|move|p2a: Ting-Lu|Body Press|p1a: Rhydon\n|-supereffective|p1a: Rhydon\n|-damage|p1a: Rhydon|65\/100\n|\n|-heal|p2a: Ting-Lu|37\/100|[from] item: Leftovers\n|upkeep\n|turn|10\n|\n|t:|1700316901\n|switch|p2a: Corviknight|Corviknight, M, shiny|100\/100\n|-damage|p2a: Corviknight|88\/100|[from] Stealth Rock\n|move|p1a: Rhydon|Megahorn|p2a: Corviknight|[miss]\n|-miss|p1a: Rhydon|p2a: Corviknight\n|\n|upkeep\n|turn|11\n|\n|t:|1700316907\n|switch|p1a: Mr. Mime|Mr. Mime, F|100\/100\n|-damage|p1a: Mr. Mime|88\/100|[from] Stealth Rock\n|move|p2a: Corviknight|Iron Defense|p2a: Corviknight\n|-boost|p2a: Corviknight|def|2\n|\n|upkeep\n|turn|12\n|\n|t:|1700316915\n|move|p1a: Mr. Mime|Reflect|p1a: Mr. Mime\n|-sidestart|p1: Mareoo|Reflect\n|move|p2a: Corviknight|Brave Bird|p1a: Mr. Mime\n|-damage|p1a: Mr. Mime|51\/100\n|-damage|p2a: Corviknight|81\/100|[from] Recoil\n|\n|upkeep\n|turn|13\n|\n|t:|1700316930\n|switch|p2a: Skeledirge|Skeledirge, M, shiny|100\/100\n|-damage|p2a: Skeledirge|75\/100|[from] Stealth Rock\n|move|p1a: Mr. Mime|Psychic|p2a: Skeledirge\n|-damage|p2a: Skeledirge|34\/100\n|\n|-heal|p2a: Skeledirge|41\/100|[from] item: Leftovers\n|upkeep\n|turn|14\n|\n|t:|1700316945\n|move|p1a: Mr. Mime|Light Screen|p1a: Mr. Mime\n|-sidestart|p1: Mareoo|move: Light Screen\n|move|p2a: Skeledirge|Torch Song|p1a: Mr. Mime\n|-immune|p1a: Mr. Mime|[from] ability: Soundproof\n|\n|-heal|p2a: Skeledirge|47\/100|[from] item: Leftovers\n|upkeep\n|turn|15\n|\n|t:|1700316952\n|move|p1a: Mr. Mime|Psychic|p2a: Skeledirge\n|-damage|p2a: Skeledirge|4\/100\n|move|p2a: Skeledirge|Shadow Ball|p1a: Mr. Mime\n|-supereffective|p1a: Mr. Mime\n|-damage|p1a: Mr. Mime|13\/100\n|\n|-heal|p2a: Skeledirge|10\/100|[from] item: Leftovers\n|upkeep\n|turn|16\n|\n|t:|1700316982\n|switch|p2a: Ting-Lu|Ting-Lu|37\/100\n|-damage|p2a: Ting-Lu|30\/100|[from] Stealth Rock\n|-ability|p2a: Ting-Lu|Vessel of Ruin\n|move|p1a: Mr. Mime|Psychic|p2a: Ting-Lu\n|-immune|p2a: Ting-Lu\n|\n|-heal|p2a: Ting-Lu|37\/100|[from] item: Leftovers\n|upkeep\n|turn|17\n|\n|t:|1700316990\n|move|p1a: Mr. Mime|Dazzling Gleam|p2a: Ting-Lu\n|-supereffective|p2a: Ting-Lu\n|-damage|p2a: Ting-Lu|0 fnt\n|faint|p2a: Ting-Lu\n|\n|upkeep\n|\n|t:|1700316995\n|switch|p2a: Greninja|Greninja, M|17\/100\n|-damage|p2a: Greninja|4\/100|[from] Stealth Rock\n|turn|18\n|\n|t:|1700317009\n|move|p2a: Greninja|Water Shuriken|p1a: Mr. Mime\n|-damage|p1a: Mr. Mime|8\/100\n|-damage|p1a: Mr. Mime|1\/100\n|-crit|p1a: Mr. Mime\n|-damage|p1a: Mr. Mime|0 fnt\n|faint|p1a: Mr. Mime\n|-hitcount|p1: Mr. Mime|3\n|-damage|p2a: Greninja|0 fnt|[from] item: Life Orb\n|faint|p2a: Greninja\n|\n|upkeep\n|\n|t:|1700317026\n|switch|p2a: Skeledirge|Skeledirge, M, shiny|10\/100\n|switch|p1a: Scyther|Scyther, M|100\/100\n|-damage|p2a: Skeledirge|0 fnt|[from] Stealth Rock\n|faint|p2a: Skeledirge\n|\n|t:|1700317031\n|switch|p2a: Scizor|Scizor, F|100\/100\n|-damage|p2a: Scizor|88\/100|[from] Stealth Rock\n|turn|19\n|inactive|Mareoo has 120 seconds left.\n|\n|t:|1700317068\n|detailschange|p2a: Scizor|Scizor-Mega, F\n|-mega|p2a: Scizor|Scizor|Scizorite\n|move|p1a: Scyther|Swords Dance|p1a: Scyther\n|-boost|p1a: Scyther|atk|2\n|move|p2a: Scizor|Swords Dance|p2a: Scizor\n|-boost|p2a: Scizor|atk|2\n|\n|-sideend|p1: Mareoo|Reflect\n|upkeep\n|turn|20\n|inactive|Mareoo has 120 seconds left.\n|\n|t:|1700317082\n|move|p2a: Scizor|Bullet Punch|p1a: Scyther\n|-damage|p1a: Scyther|0 fnt\n|faint|p1a: Scyther\n|\n|upkeep\n|\n|t:|1700317086\n|switch|p1a: Rhydon|Rhydon, F|65\/100\n|-damage|p1a: Rhydon|58\/100|[from] Stealth Rock\n|turn|21\n|\n|t:|1700317107\n|move|p2a: Scizor|Swords Dance|p2a: Scizor\n|-boost|p2a: Scizor|atk|2\n|move|p1a: Rhydon|Earthquake|p2a: Scizor\n|-damage|p2a: Scizor|44\/100\n|\n|-sideend|p1: Mareoo|move: Light Screen\n|upkeep\n|turn|22\n|\n|t:|1700317119\n|move|p2a: Scizor|Bullet Punch|p1a: Rhydon\n|-supereffective|p1a: Rhydon\n|-crit|p1a: Rhydon\n|-damage|p1a: Rhydon|0 fnt\n|faint|p1a: Rhydon\n|\n|upkeep\n|\n|t:|1700317121\n|switch|p1a: Cloyster|Cloyster, M|76\/100\n|-damage|p1a: Cloyster|51\/100|[from] Stealth Rock\n|turn|23\n|\n|t:|1700317143\n|-terastallize|p1a: Cloyster|Electric\n|move|p2a: Scizor|Bullet Punch|p1a: Cloyster\n|-resisted|p1a: Cloyster\n|-damage|p1a: Cloyster|2\/100\n|move|p1a: Cloyster|Chilling Water|p2a: Scizor\n|-damage|p2a: Scizor|23\/100\n|-unboost|p2a: Scizor|atk|1\n|\n|upkeep\n|turn|24\n|\n|t:|1700317157\n|move|p2a: Scizor|Bullet Punch|p1a: Cloyster\n|-resisted|p1a: Cloyster\n|-damage|p1a: Cloyster|0 fnt\n|faint|p1a: Cloyster\n|\n|win|shfeha\n|raw|Mareoo's rating: 1096 &rarr; <strong>1068<\/strong><br \/>(-28 for losing)\n|raw|shfeha's rating: 1048 &rarr; <strong>1085<\/strong><br \/>(+37 for winning)\n|l|\u2606Mareoo\n","uploadtime":1700317161,"views":11,"p1id":"mareoo","p2id":"shfeha","formatid":"gen9nationaldex","rating":1068,"private":0,"password":""}