{"id":"gen9nationaldex-1989204680","p1":"silphcosquirtles","p2":"DriftAwayCamira","format":"[Gen 9] National Dex","log":"|j|\u2606silphcosquirtles\n|j|\u2606DriftAwayCamira\n|t:|1699823173\n|gametype|singles\n|player|p1|silphcosquirtles|byron|\n|player|p2|DriftAwayCamira|blue|\n|teamsize|p1|6\n|teamsize|p2|6\n|gen|9\n|tier|[Gen 9] National Dex\n|rule|HP Percentage Mod: HP is shown in percentages\n|rule|Endless Battle Clause: Forcing endless battles is banned\n|rule|OHKO Clause: OHKO moves are banned\n|rule|Evasion Clause: Evasion abilities, items, and moves are banned\n|rule|Evasion Abilities Clause: Evasion abilities are banned\n|rule|Evasion Items Clause: Evasion items are banned\n|rule|Evasion Moves Clause: Evasion moves are banned\n|rule|Species Clause: Limit one of each Pok\u00e9mon\n|rule|Sleep Clause Mod: Limit one foe put to sleep\n|clearpoke\n|poke|p1|Slowbro-Galar, M|\n|poke|p1|Zoroark-Hisui, M|\n|poke|p1|Duraludon, M|\n|poke|p1|Grimmsnarl, M|\n|poke|p1|Dracozolt|\n|poke|p1|Archeops, M|\n|poke|p2|Clodsire, M|\n|poke|p2|Kingler, M|\n|poke|p2|Minior|\n|poke|p2|Skeledirge, F|\n|poke|p2|Orthworm, M|\n|poke|p2|Slither Wing|\n|teampreview\n|\n|t:|1699823188\n|start\n|switch|p1a: Danger Noodle|Archeops, M, shiny|100\/100\n|switch|p2a: Goo Lord|Clodsire, M, shiny|100\/100\n|turn|1\n|\n|t:|1699823206\n|move|p1a: Danger Noodle|Focus Blast|p2a: Goo Lord\n|-resisted|p2a: Goo Lord\n|-damage|p2a: Goo Lord|89\/100\n|move|p2a: Goo Lord|Toxic Spikes|p1a: Danger Noodle\n|-sidestart|p1: silphcosquirtles|move: Toxic Spikes\n|\n|-heal|p2a: Goo Lord|95\/100|[from] item: Leftovers\n|upkeep\n|turn|2\n|\n|t:|1699823225\n|switch|p1a: Zappo|Dracozolt, shiny|100\/100\n|-status|p1a: Zappo|psn\n|move|p2a: Goo Lord|Toxic Spikes|p1a: Zappo\n|-sidestart|p1: silphcosquirtles|move: Toxic Spikes\n|\n|-heal|p2a: Goo Lord|100\/100|[from] item: Leftovers\n|-damage|p1a: Zappo|88\/100 psn|[from] psn\n|upkeep\n|turn|3\n|\n|t:|1699823240\n|move|p1a: Zappo|Earthquake|p2a: Goo Lord\n|-supereffective|p2a: Goo Lord\n|-damage|p2a: Goo Lord|18\/100\n|-damage|p1a: Zappo|78\/100 psn|[from] item: Life Orb\n|move|p2a: Goo Lord|Substitute|p2a: Goo Lord\n|-fail|p2a: Goo Lord|move: Substitute|[weak]\n|\n|-heal|p2a: Goo Lord|24\/100|[from] item: Leftovers\n|-damage|p1a: Zappo|66\/100 psn|[from] psn\n|upkeep\n|turn|4\n|\n|t:|1699823256\n|move|p1a: Zappo|Bolt Beak|p2a: Goo Lord\n|-immune|p2a: Goo Lord\n|move|p2a: Goo Lord|Earthquake|p1a: Zappo\n|-supereffective|p1a: Zappo\n|-damage|p1a: Zappo|4\/100 psn\n|\n|-heal|p2a: Goo Lord|30\/100|[from] item: Leftovers\n|-damage|p1a: Zappo|0 fnt|[from] psn\n|faint|p1a: Zappo\n|upkeep\n|\n|t:|1699823271\n|switch|p1a: Danger Noodle|Archeops, M, shiny|100\/100\n|turn|5\n|\n|t:|1699823293\n|switch|p2a: Snippers|Kingler, M|100\/100\n|move|p1a: Danger Noodle|Earth Power|p2a: Snippers\n|-damage|p2a: Snippers|57\/100\n|-unboost|p2a: Snippers|spd|1\n|\n|upkeep\n|turn|6\n|c|\u2606silphcosquirtles|SNIPPERS\n|\n|t:|1699823311\n|move|p1a: Danger Noodle|Air Slash|p2a: Snippers\n|-damage|p2a: Snippers|0 fnt\n|faint|p2a: Snippers\n|\n|upkeep\n|\n|t:|1699823324\n|switch|p2a: Squishy|Minior|100\/100\n|-formechange|p2a: Squishy|Minior-Meteor||[from] ability: Shields Down\n|turn|7\n|\n|t:|1699823349\n|switch|p1a: Cheesedestroyer|Duraludon, M, shiny|100\/100\n|move|p2a: Squishy|Gyro Ball|p1a: Cheesedestroyer\n|-resisted|p1a: Cheesedestroyer\n|-damage|p1a: Cheesedestroyer|93\/100\n|\n|upkeep\n|turn|8\n|\n|t:|1699823364\n|move|p1a: Cheesedestroyer|Flash Cannon|p2a: Squishy\n|-supereffective|p2a: Squishy\n|-damage|p2a: Squishy|37\/100\n|move|p2a: Squishy|Dazzling Gleam|p1a: Cheesedestroyer\n|-damage|p1a: Cheesedestroyer|67\/100\n|\n|-formechange|p2a: Squishy|Minior||[from] ability: Shields Down\n|upkeep\n|turn|9\n|\n|t:|1699823382\n|move|p1a: Cheesedestroyer|Flash Cannon|p2a: Squishy\n|-supereffective|p2a: Squishy\n|-damage|p2a: Squishy|0 fnt\n|faint|p2a: Squishy\n|\n|upkeep\n|\n|t:|1699823388\n|switch|p2a: Snapper|Skeledirge, F|100\/100\n|-item|p2a: Snapper|Air Balloon\n|turn|10\n|\n|t:|1699823422\n|move|p1a: Cheesedestroyer|Flash Cannon|p2a: Snapper\n|-resisted|p2a: Snapper\n|-damage|p2a: Snapper|83\/100\n|-enditem|p2a: Snapper|Air Balloon\n|move|p2a: Snapper|Torch Song|p1a: Cheesedestroyer\n|-damage|p1a: Cheesedestroyer|10\/100\n|-boost|p2a: Snapper|spa|1\n|\n|upkeep\n|turn|11\n|\n|t:|1699823436\n|move|p1a: Cheesedestroyer|Draco Meteor|p2a: Snapper\n|-damage|p2a: Snapper|28\/100\n|-unboost|p1a: Cheesedestroyer|spa|2\n|move|p2a: Snapper|Torch Song|p1a: Cheesedestroyer\n|-damage|p1a: Cheesedestroyer|0 fnt\n|-boost|p2a: Snapper|spa|1\n|faint|p1a: Cheesedestroyer\n|\n|upkeep\n|\n|t:|1699823445\n|switch|p1a: Danger Noodle|Archeops, M, shiny|100\/100\n|turn|12\n|\n|t:|1699823451\n|-terastallize|p1a: Danger Noodle|Rock\n|move|p1a: Danger Noodle|Meteor Beam||[still]\n|-prepare|p1a: Danger Noodle|Meteor Beam\n|-boost|p1a: Danger Noodle|spa|1\n|-enditem|p1a: Danger Noodle|Power Herb\n|-anim|p1a: Danger Noodle|Meteor Beam|p2a: Snapper\n|-supereffective|p2a: Snapper\n|-damage|p2a: Snapper|0 fnt\n|faint|p2a: Snapper\n|\n|upkeep\n|\n|t:|1699823466\n|switch|p2a: Silly Little Guy|Slither Wing|100\/100\n|turn|13\n|\n|t:|1699823473\n|move|p1a: Danger Noodle|Meteor Beam||[still]\n|-prepare|p1a: Danger Noodle|Meteor Beam\n|-boost|p1a: Danger Noodle|spa|1\n|move|p2a: Silly Little Guy|Close Combat|p1a: Danger Noodle\n|-supereffective|p1a: Danger Noodle\n|-damage|p1a: Danger Noodle|0 fnt\n|-unboost|p2a: Silly Little Guy|def|1\n|-unboost|p2a: Silly Little Guy|spd|1\n|faint|p1a: Danger Noodle\n|\n|upkeep\n|\n|t:|1699823497\n|switch|p1a: MegaBro|Slowbro-Galar, M, shiny|100\/100\n|turn|14\n|\n|t:|1699823510\n|move|p1a: MegaBro|Focus Blast|p2a: Silly Little Guy\n|-resisted|p2a: Silly Little Guy\n|-damage|p2a: Silly Little Guy|67\/100\n|move|p2a: Silly Little Guy|U-turn|p1a: MegaBro\n|-resisted|p1a: MegaBro\n|-damage|p1a: MegaBro|57\/100\n|replace|p1a: It was me DIO!|Zoroark-Hisui, M, shiny\n|-end|p1a: It was me DIO!|Illusion\n|\n|t:|1699823530\n|-end|p2a: Silly Little Guy|Protosynthesis|[silent]\n|switch|p2a: Rock 'Em Sock Em'|Orthworm, M|100\/100|[from] U-turn\n|\n|upkeep\n|turn|15\n|\n|t:|1699823541\n|move|p1a: It was me DIO!|Hyper Voice|p2a: Rock 'Em Sock Em'\n|-resisted|p2a: Rock 'Em Sock Em'\n|-damage|p2a: Rock 'Em Sock Em'|64\/100\n|move|p2a: Rock 'Em Sock Em'|Heavy Slam|p1a: It was me DIO!\n|-damage|p1a: It was me DIO!|0 fnt\n|faint|p1a: It was me DIO!\n|\n|upkeep\n|\n|t:|1699823553\n|switch|p1a: MegaBro|Slowbro-Galar, M, shiny|100\/100\n|-sideend|p1: silphcosquirtles|move: Toxic Spikes|[of] p1a: MegaBro\n|turn|16\n|\n|t:|1699823562\n|move|p2a: Rock 'Em Sock Em'|Iron Head|p1a: MegaBro\n|-damage|p1a: MegaBro|86\/100\n|move|p1a: MegaBro|Flamethrower|p2a: Rock 'Em Sock Em'\n|-supereffective|p2a: Rock 'Em Sock Em'\n|-damage|p2a: Rock 'Em Sock Em'|0 fnt\n|faint|p2a: Rock 'Em Sock Em'\n|\n|upkeep\n|\n|t:|1699823572\n|switch|p2a: Goo Lord|Clodsire, M, shiny|30\/100\n|turn|17\n|\n|t:|1699823579\n|move|p1a: MegaBro|Flamethrower|p2a: Goo Lord\n|-damage|p2a: Goo Lord|19\/100\n|move|p2a: Goo Lord|Earthquake|p1a: MegaBro\n|-supereffective|p1a: MegaBro\n|-damage|p1a: MegaBro|54\/100\n|\n|-heal|p2a: Goo Lord|25\/100|[from] item: Leftovers\n|upkeep\n|turn|18\n|\n|t:|1699823592\n|move|p1a: MegaBro|Slack Off|p1a: MegaBro\n|-heal|p1a: MegaBro|100\/100\n|move|p2a: Goo Lord|Earthquake|p1a: MegaBro\n|-supereffective|p1a: MegaBro\n|-damage|p1a: MegaBro|68\/100\n|\n|-heal|p2a: Goo Lord|31\/100|[from] item: Leftovers\n|upkeep\n|turn|19\n|\n|t:|1699823604\n|move|p1a: MegaBro|Calm Mind|p1a: MegaBro\n|-boost|p1a: MegaBro|spa|1\n|-boost|p1a: MegaBro|spd|1\n|move|p2a: Goo Lord|Earthquake|p1a: MegaBro\n|-supereffective|p1a: MegaBro\n|-damage|p1a: MegaBro|34\/100\n|\n|-heal|p2a: Goo Lord|37\/100|[from] item: Leftovers\n|upkeep\n|turn|20\n|\n|t:|1699823613\n|move|p1a: MegaBro|Slack Off|p1a: MegaBro\n|-heal|p1a: MegaBro|84\/100\n|move|p2a: Goo Lord|Earthquake|p1a: MegaBro\n|-supereffective|p1a: MegaBro\n|-damage|p1a: MegaBro|47\/100\n|\n|-heal|p2a: Goo Lord|44\/100|[from] item: Leftovers\n|upkeep\n|turn|21\n|\n|t:|1699823622\n|move|p1a: MegaBro|Slack Off|p1a: MegaBro\n|-heal|p1a: MegaBro|97\/100\n|move|p2a: Goo Lord|Earthquake|p1a: MegaBro\n|-supereffective|p1a: MegaBro\n|-damage|p1a: MegaBro|65\/100\n|\n|-heal|p2a: Goo Lord|50\/100|[from] item: Leftovers\n|upkeep\n|turn|22\n|\n|t:|1699823632\n|move|p1a: MegaBro|Sludge Bomb|p2a: Goo Lord\n|-resisted|p2a: Goo Lord\n|-damage|p2a: Goo Lord|44\/100\n|move|p2a: Goo Lord|Earthquake|p1a: MegaBro\n|-supereffective|p1a: MegaBro\n|-damage|p1a: MegaBro|28\/100\n|\n|-heal|p2a: Goo Lord|50\/100|[from] item: Leftovers\n|upkeep\n|turn|23\n|\n|t:|1699823641\n|move|p1a: MegaBro|Slack Off|p1a: MegaBro\n|-heal|p1a: MegaBro|78\/100\n|move|p2a: Goo Lord|Earthquake|p1a: MegaBro\n|-supereffective|p1a: MegaBro\n|-damage|p1a: MegaBro|44\/100\n|\n|-heal|p2a: Goo Lord|56\/100|[from] item: Leftovers\n|upkeep\n|turn|24\n|\n|t:|1699823653\n|move|p1a: MegaBro|Slack Off|p1a: MegaBro\n|-heal|p1a: MegaBro|94\/100\n|move|p2a: Goo Lord|Earthquake|p1a: MegaBro\n|-supereffective|p1a: MegaBro\n|-damage|p1a: MegaBro|56\/100\n|\n|-heal|p2a: Goo Lord|63\/100|[from] item: Leftovers\n|upkeep\n|turn|25\n|\n|t:|1699823663\n|move|p1a: MegaBro|Flamethrower|p2a: Goo Lord\n|-damage|p2a: Goo Lord|46\/100\n|move|p2a: Goo Lord|Earthquake|p1a: MegaBro\n|-supereffective|p1a: MegaBro\n|-damage|p1a: MegaBro|17\/100\n|\n|-heal|p2a: Goo Lord|52\/100|[from] item: Leftovers\n|upkeep\n|turn|26\n|\n|t:|1699823673\n|move|p1a: MegaBro|Slack Off|p1a: MegaBro\n|-heal|p1a: MegaBro|67\/100\n|move|p2a: Goo Lord|Earthquake|p1a: MegaBro\n|-supereffective|p1a: MegaBro\n|-damage|p1a: MegaBro|33\/100\n|\n|-heal|p2a: Goo Lord|58\/100|[from] item: Leftovers\n|upkeep\n|turn|27\n|c|\u2606DriftAwayCamira|STOP USING SLACKOFF\n|\n|t:|1699823688\n|move|p1a: MegaBro|Slack Off|p1a: MegaBro\n|-heal|p1a: MegaBro|83\/100\n|move|p2a: Goo Lord|Earthquake|p1a: MegaBro\n|-supereffective|p1a: MegaBro\n|-crit|p1a: MegaBro\n|-damage|p1a: MegaBro|34\/100\n|\n|-heal|p2a: Goo Lord|65\/100|[from] item: Leftovers\n|upkeep\n|turn|28\n|c|\u2606silphcosquirtles|i am banking on slack off having more pp than earthquake lololol\n|\n|t:|1699823702\n|move|p1a: MegaBro|Slack Off|p1a: MegaBro\n|-heal|p1a: MegaBro|84\/100\n|move|p2a: Goo Lord|Earthquake|p1a: MegaBro\n|-supereffective|p1a: MegaBro\n|-damage|p1a: MegaBro|48\/100\n|\n|-heal|p2a: Goo Lord|71\/100|[from] item: Leftovers\n|upkeep\n|turn|29\n|\n|t:|1699823716\n|move|p1a: MegaBro|Flamethrower|p2a: Goo Lord\n|-damage|p2a: Goo Lord|53\/100\n|move|p2a: Goo Lord|Earthquake|p1a: MegaBro\n|-supereffective|p1a: MegaBro\n|-damage|p1a: MegaBro|14\/100\n|\n|-heal|p2a: Goo Lord|60\/100|[from] item: Leftovers\n|upkeep\n|turn|30\n|c|\u2606silphcosquirtles|spoilers: i dont think it does\n|\n|t:|1699823730\n|move|p1a: MegaBro|Flamethrower|p2a: Goo Lord\n|-damage|p2a: Goo Lord|42\/100\n|move|p2a: Goo Lord|Earthquake|p1a: MegaBro\n|-supereffective|p1a: MegaBro\n|-damage|p1a: MegaBro|0 fnt\n|faint|p1a: MegaBro\n|\n|-heal|p2a: Goo Lord|48\/100|[from] item: Leftovers\n|upkeep\n|\n|t:|1699823738\n|switch|p1a: Yojimbo|Grimmsnarl, M, shiny|100\/100\n|turn|31\n|\n|t:|1699823742\n|move|p1a: Yojimbo|Reflect|p1a: Yojimbo\n|-sidestart|p1: silphcosquirtles|Reflect\n|move|p2a: Goo Lord|Toxic|p1a: Yojimbo\n|-status|p1a: Yojimbo|tox\n|\n|-heal|p2a: Goo Lord|54\/100|[from] item: Leftovers\n|-damage|p1a: Yojimbo|94\/100 tox|[from] psn\n|upkeep\n|turn|32\n|\n|t:|1699823750\n|move|p1a: Yojimbo|Play Rough|p2a: Goo Lord\n|-resisted|p2a: Goo Lord\n|-damage|p2a: Goo Lord|35\/100\n|-unboost|p2a: Goo Lord|atk|1\n|move|p2a: Goo Lord|Earthquake|p1a: Yojimbo\n|-damage|p1a: Yojimbo|83\/100 tox\n|\n|-heal|p2a: Goo Lord|41\/100|[from] item: Leftovers\n|-damage|p1a: Yojimbo|71\/100 tox|[from] psn\n|upkeep\n|turn|33\n|\n|t:|1699823765\n|switch|p2a: Silly Little Guy|Slither Wing|67\/100\n|move|p1a: Yojimbo|Parting Shot|p2a: Silly Little Guy\n|-unboost|p2a: Silly Little Guy|atk|1\n|-unboost|p2a: Silly Little Guy|spa|1\n|\n|-damage|p1a: Yojimbo|52\/100 tox|[from] psn\n|upkeep\n|turn|34\n|\n|t:|1699823781\n|move|p2a: Silly Little Guy|Close Combat|p1a: Yojimbo\n|-damage|p1a: Yojimbo|21\/100 tox\n|-unboost|p2a: Silly Little Guy|def|1\n|-unboost|p2a: Silly Little Guy|spd|1\n|move|p1a: Yojimbo|Play Rough|p2a: Silly Little Guy\n|-supereffective|p2a: Silly Little Guy\n|-damage|p2a: Silly Little Guy|0 fnt\n|faint|p2a: Silly Little Guy\n|-end|p2a: Silly Little Guy|Protosynthesis|[silent]\n|\n|-damage|p1a: Yojimbo|0 fnt|[from] psn\n|faint|p1a: Yojimbo\n|\n|win|DriftAwayCamira\n|upkeep\n|c|\u2606DriftAwayCamira|gg\n|c|\u2606silphcosquirtles|good game!\n|c|\u2606DriftAwayCamira|thank god you died to poison, i was out of attacking moves on clodsire\n","uploadtime":1699823860,"views":64,"p1id":"silphcosquirtles","p2id":"driftawaycamira","formatid":"gen9nationaldex","rating":0,"private":0,"password":""}