{"id":"gen9nationaldex-1988357951","p1":"Andolic 47","p2":"Poke_Gamer_Devil","format":"[Gen 9] National Dex","log":"|j|\u2606Andolic 47\n|j|\u2606Poke_Gamer_Devil\n|t:|1699713491\n|gametype|singles\n|player|p1|Andolic 47|acetrainer|\n|player|p2|Poke_Gamer_Devil|hilbert|\n|teamsize|p1|6\n|teamsize|p2|6\n|gen|9\n|tier|[Gen 9] National Dex\n|rule|HP Percentage Mod: HP is shown in percentages\n|rule|Endless Battle Clause: Forcing endless battles is banned\n|rule|OHKO Clause: OHKO moves are banned\n|rule|Evasion Clause: Evasion abilities, items, and moves are banned\n|rule|Evasion Abilities Clause: Evasion abilities are banned\n|rule|Evasion Items Clause: Evasion items are banned\n|rule|Evasion Moves Clause: Evasion moves are banned\n|rule|Species Clause: Limit one of each Pok\u00e9mon\n|rule|Sleep Clause Mod: Limit one foe put to sleep\n|clearpoke\n|poke|p1|Iron Leaves|\n|poke|p1|Tapu Koko|\n|poke|p1|Aegislash, M|\n|poke|p1|Hawlucha, M|\n|poke|p1|Greninja-*, M|\n|poke|p1|Cyclizar, M|\n|poke|p2|Salamence, M|\n|poke|p2|Grimmsnarl, M|\n|poke|p2|Skeledirge, M|\n|poke|p2|Diancie|\n|poke|p2|Xurkitree|\n|poke|p2|Jirachi|\n|teampreview\n|inactive|Battle timer is ON: inactive players will automatically lose when time's up. (requested by Poke_Gamer_Devil)\n|\n|t:|1699713515\n|start\n|switch|p1a: Aegislash|Aegislash, M|100\/100\n|switch|p2a: Diancie|Diancie|100\/100\n|turn|1\n|\n|t:|1699713525\n|switch|p2a: Skeledirge|Skeledirge, M|100\/100\n|-formechange|p1a: Aegislash|Aegislash-Blade||[from] ability: Stance Change\n|move|p1a: Aegislash|Iron Head|p2a: Skeledirge\n|-resisted|p2a: Skeledirge\n|-damage|p2a: Skeledirge|82\/100\n|\n|-heal|p2a: Skeledirge|88\/100|[from] item: Leftovers\n|upkeep\n|turn|2\n|\n|t:|1699713545\n|switch|p1a: Cyclizar|Cyclizar, M|100\/100\n|move|p2a: Skeledirge|Torch Song|p1a: Cyclizar\n|-resisted|p1a: Cyclizar\n|-damage|p1a: Cyclizar|71\/100\n|-boost|p2a: Skeledirge|spa|1\n|\n|-heal|p2a: Skeledirge|94\/100|[from] item: Leftovers\n|upkeep\n|turn|3\n|\n|t:|1699713556\n|move|p1a: Cyclizar|Knock Off|p2a: Skeledirge\n|-supereffective|p2a: Skeledirge\n|-crit|p2a: Skeledirge\n|-damage|p2a: Skeledirge|10\/100\n|-enditem|p2a: Skeledirge|Leftovers|[from] move: Knock Off|[of] p1a: Cyclizar\n|move|p2a: Skeledirge|Torch Song|p1a: Cyclizar\n|-resisted|p1a: Cyclizar\n|-damage|p1a: Cyclizar|26\/100\n|-boost|p2a: Skeledirge|spa|1\n|\n|upkeep\n|turn|4\n|\n|t:|1699713567\n|move|p1a: Cyclizar|Knock Off|p2a: Skeledirge\n|-supereffective|p2a: Skeledirge\n|-damage|p2a: Skeledirge|0 fnt\n|faint|p2a: Skeledirge\n|\n|upkeep\n|\n|t:|1699713572\n|switch|p2a: Diancie|Diancie|100\/100\n|turn|5\n|\n|t:|1699713588\n|switch|p1a: Aegislash|Aegislash, M|100\/100\n|detailschange|p2a: Diancie|Diancie-Mega\n|-mega|p2a: Diancie|Diancie|Diancite\n|move|p2a: Diancie|Earth Power|p1a: Aegislash\n|-supereffective|p1a: Aegislash\n|-damage|p1a: Aegislash|37\/100\n|\n|upkeep\n|turn|6\n|\n|t:|1699713609\n|switch|p1a: Cyclizar|Cyclizar, M|26\/100\n|move|p2a: Diancie|Earth Power|p1a: Cyclizar\n|-damage|p1a: Cyclizar|0 fnt\n|faint|p1a: Cyclizar\n|\n|upkeep\n|\n|t:|1699713618\n|switch|p1a: Greninja|Greninja, M|100\/100\n|turn|7\n|\n|t:|1699713630\n|switch|p2a: Salamence|Salamence, M|100\/100\n|move|p1a: Greninja|Scald|p2a: Salamence\n|-resisted|p2a: Salamence\n|-damage|p2a: Salamence|77\/100\n|\n|upkeep\n|turn|8\n|\n|t:|1699713639\n|-terastallize|p2a: Salamence|Steel\n|move|p1a: Greninja|Ice Beam|p2a: Salamence\n|-resisted|p2a: Salamence\n|-damage|p2a: Salamence|60\/100\n|move|p2a: Salamence|Dragon Dance|p2a: Salamence\n|-boost|p2a: Salamence|atk|1\n|-boost|p2a: Salamence|spe|1\n|\n|upkeep\n|turn|9\n|\n|t:|1699713651\n|-terastallize|p1a: Greninja|Fire\n|move|p2a: Salamence|Brick Break|p1a: Greninja\n|-damage|p1a: Greninja|37\/100\n|move|p1a: Greninja|Tera Blast|p2a: Salamence|[anim] Tera Blast Fire\n|-supereffective|p2a: Salamence\n|-damage|p2a: Salamence|0 fnt\n|faint|p2a: Salamence\n|-ability|p1a: Greninja|Battle Bond|boost\n|-boost|p1a: Greninja|atk|1\n|-boost|p1a: Greninja|spa|1\n|-boost|p1a: Greninja|spe|1\n|-activate|p1a: Greninja|ability: Battle Bond\n|\n|upkeep\n|\n|t:|1699713660\n|switch|p2a: Grimmsnarl|Grimmsnarl, M|100\/100\n|turn|10\n|\n|t:|1699713670\n|move|p2a: Grimmsnarl|Light Screen|p2a: Grimmsnarl\n|-sidestart|p2: Poke_Gamer_Devil|move: Light Screen\n|move|p1a: Greninja|Tera Blast|p2a: Grimmsnarl|[anim] Tera Blast Fire\n|-damage|p2a: Grimmsnarl|75\/100\n|\n|upkeep\n|turn|11\n|\n|t:|1699713687\n|move|p2a: Grimmsnarl|Scary Face|p1a: Greninja\n|-unboost|p1a: Greninja|spe|2\n|move|p1a: Greninja|Scald|p2a: Grimmsnarl\n|-damage|p2a: Grimmsnarl|47\/100\n|\n|upkeep\n|turn|12\n|\n|t:|1699713700\n|switch|p2a: Xurkitree|Xurkitree|100\/100\n|move|p1a: Greninja|Scald|p2a: Xurkitree\n|-damage|p2a: Xurkitree|62\/100\n|\n|upkeep\n|turn|13\n|\n|t:|1699713708\n|switch|p1a: Tapu Koko|Tapu Koko|100\/100\n|-fieldstart|move: Electric Terrain|[from] ability: Electric Surge|[of] p1a: Tapu Koko\n|-zpower|p2a: Xurkitree\n|move|p2a: Xurkitree|Z-Hypnosis|p1a: Tapu Koko|[anim]Hypnosis\n|-boost|p2a: Xurkitree|spe|1|[zeffect]\n|-activate|p1a: Tapu Koko|move: Electric Terrain\n|\n|upkeep\n|turn|14\n|\n|t:|1699713722\n|move|p2a: Xurkitree|Discharge|p1a: Tapu Koko\n|-resisted|p1a: Tapu Koko\n|-damage|p1a: Tapu Koko|42\/100\n|move|p1a: Tapu Koko|Acrobatics|p2a: Xurkitree\n|-resisted|p2a: Xurkitree\n|-damage|p2a: Xurkitree|51\/100\n|\n|upkeep\n|turn|15\n|\n|t:|1699713743\n|move|p2a: Xurkitree|Discharge|p1a: Tapu Koko\n|-resisted|p1a: Tapu Koko\n|-damage|p1a: Tapu Koko|0 fnt\n|faint|p1a: Tapu Koko\n|-ability|p2a: Xurkitree|Beast Boost|boost\n|-boost|p2a: Xurkitree|spa|1\n|\n|upkeep\n|j| Blazzeon\n|\n|t:|1699713753\n|switch|p1a: Iron Leaves|Iron Leaves|100\/100\n|-activate|p1a: Iron Leaves|ability: Quark Drive\n|-start|p1a: Iron Leaves|quarkdriveatk\n|turn|16\n|\n|t:|1699713762\n|move|p2a: Xurkitree|Discharge|p1a: Iron Leaves\n|-resisted|p1a: Iron Leaves\n|-damage|p1a: Iron Leaves|47\/100\n|-status|p1a: Iron Leaves|par\n|move|p1a: Iron Leaves|Psyblade|p2a: Xurkitree\n|-damage|p2a: Xurkitree|0 fnt\n|faint|p2a: Xurkitree\n|\n|upkeep\n|\n|t:|1699713780\n|switch|p2a: Jirachi|Jirachi|100\/100\n|turn|17\n|\n|t:|1699713793\n|move|p2a: Jirachi|Cosmic Power|p2a: Jirachi\n|-boost|p2a: Jirachi|def|1\n|-boost|p2a: Jirachi|spd|1\n|cant|p1a: Iron Leaves|par\n|\n|-sideend|p2: Poke_Gamer_Devil|move: Light Screen\n|upkeep\n|turn|18\n|\n|t:|1699713802\n|move|p2a: Jirachi|Stored Power|p1a: Iron Leaves\n|-resisted|p1a: Iron Leaves\n|-damage|p1a: Iron Leaves|34\/100 par\n|move|p1a: Iron Leaves|Sacred Sword|p2a: Jirachi\n|-damage|p2a: Jirachi|59\/100\n|\n|upkeep\n|turn|19\n|\n|t:|1699713813\n|move|p2a: Jirachi|Cosmic Power|p2a: Jirachi\n|-boost|p2a: Jirachi|def|1\n|-boost|p2a: Jirachi|spd|1\n|move|p1a: Iron Leaves|Sacred Sword|p2a: Jirachi\n|-damage|p2a: Jirachi|15\/100\n|\n|upkeep\n|turn|20\n|\n|t:|1699713821\n|-end|p1a: Iron Leaves|Quark Drive|[silent]\n|switch|p1a: Hawlucha|Hawlucha, M|100\/100\n|-enditem|p1a: Hawlucha|Electric Seed\n|-boost|p1a: Hawlucha|def|1|[from] item: Electric Seed\n|move|p2a: Jirachi|Stored Power|p1a: Hawlucha\n|-supereffective|p1a: Hawlucha\n|-damage|p1a: Hawlucha|0 fnt\n|faint|p1a: Hawlucha\n|\n|-fieldend|move: Electric Terrain\n|upkeep\n|c| Blazzeon|Kyu kia\n|c| Blazzeon|Yeh\n|\n|t:|1699713833\n|switch|p1a: Greninja|Greninja, M, tera:Fire|37\/100\n|turn|21\n|\n|t:|1699713837\n|move|p1a: Greninja|Tera Blast|p2a: Jirachi|[anim] Tera Blast Fire\n|-supereffective|p2a: Jirachi\n|-damage|p2a: Jirachi|0 fnt\n|faint|p2a: Jirachi\n|\n|upkeep\n|\n|t:|1699713845\n|switch|p2a: Grimmsnarl|Grimmsnarl, M|47\/100\n|turn|22\n|\n|t:|1699713850\n|move|p2a: Grimmsnarl|Light Screen|p2a: Grimmsnarl\n|-sidestart|p2: Poke_Gamer_Devil|move: Light Screen\n|move|p1a: Greninja|Tera Blast|p2a: Grimmsnarl|[anim] Tera Blast Fire\n|-damage|p2a: Grimmsnarl|31\/100\n|\n|upkeep\n|turn|23\n|\n|t:|1699713856\n|move|p2a: Grimmsnarl|Scary Face|p1a: Greninja\n|-unboost|p1a: Greninja|spe|2\n|move|p1a: Greninja|Scald|p2a: Grimmsnarl\n|-damage|p2a: Grimmsnarl|13\/100\n|\n|upkeep\n|turn|24\n|\n|t:|1699713864\n|switch|p1a: Iron Leaves|Iron Leaves|34\/100 par\n|-enditem|p1a: Iron Leaves|Booster Energy\n|-activate|p1a: Iron Leaves|ability: Quark Drive|[fromitem]\n|-start|p1a: Iron Leaves|quarkdriveatk\n|switch|p2a: Diancie|Diancie-Mega|100\/100\n|\n|upkeep\n|turn|25\n|\n|t:|1699713874\n|move|p2a: Diancie|Moonblast|p1a: Iron Leaves\n|-damage|p1a: Iron Leaves|0 fnt\n|faint|p1a: Iron Leaves\n|-end|p1a: Iron Leaves|Quark Drive|[silent]\n|\n|upkeep\n|c| Blazzeon|Hag mat\n|c|\u2606Poke_Gamer_Devil|Calm and easy\n|\n|t:|1699713902\n|switch|p1a: Aegislash|Aegislash, M|37\/100\n|turn|26\n|\n|t:|1699713908\n|move|p2a: Diancie|Earth Power|p1a: Aegislash\n|-supereffective|p1a: Aegislash\n|-damage|p1a: Aegislash|0 fnt\n|faint|p1a: Aegislash\n|\n|upkeep\n|\n|t:|1699713913\n|switch|p1a: Greninja|Greninja, M, tera:Fire|37\/100\n|turn|27\n|\n|t:|1699713917\n|move|p1a: Greninja|Scald|p2a: Diancie\n|-supereffective|p2a: Diancie\n|-damage|p2a: Diancie|54\/100\n|-status|p2a: Diancie|brn\n|move|p2a: Diancie|Earth Power|p1a: Greninja\n|-supereffective|p1a: Greninja\n|-damage|p1a: Greninja|0 fnt\n|faint|p1a: Greninja\n|\n|win|Poke_Gamer_Devil\n|l|\u2606Andolic 47\n|l| Blazzeon\n","uploadtime":1699715333,"views":17,"p1id":"andolic47","p2id":"pokegamerdevil","formatid":"gen9nationaldex","rating":0,"private":0,"password":""}