{"id":"gen9nationaldex-1989142183","p1":"Red Vs Showdown","p2":"Chino\u25d5\u203f\u203f\u25d5TTT","format":"[Gen 9] National Dex","log":"|j|\u2606Red Vs Showdown\n|j|\u2606Chino\u25d5\u203f\u203f\u25d5TTT\n|t:|1699816725\n|gametype|singles\n|player|p1|Red Vs Showdown|red-gen2|1862\n|player|p2|Chino\u25d5\u203f\u203f\u25d5TTT|wulfric|1898\n|teamsize|p1|6\n|teamsize|p2|6\n|gen|9\n|tier|[Gen 9] National Dex\n|rated|\n|rule|HP Percentage Mod: HP is shown in percentages\n|rule|Endless Battle Clause: Forcing endless battles is banned\n|rule|OHKO Clause: OHKO moves are banned\n|rule|Evasion Clause: Evasion abilities, items, and moves are banned\n|rule|Evasion Abilities Clause: Evasion abilities are banned\n|rule|Evasion Items Clause: Evasion items are banned\n|rule|Evasion Moves Clause: Evasion moves are banned\n|rule|Species Clause: Limit one of each Pok\u00e9mon\n|rule|Sleep Clause Mod: Limit one foe put to sleep\n|clearpoke\n|poke|p1|Pikachu, F|\n|poke|p1|Charizard, M|\n|poke|p1|Blastoise, M|\n|poke|p1|Venusaur, F|\n|poke|p1|Snorlax, M|\n|poke|p1|Espeon, F|\n|poke|p2|Clodsire, M|\n|poke|p2|Tyranitar, F|\n|poke|p2|Mawile, F|\n|poke|p2|Alomomola, M|\n|poke|p2|Skeledirge, M|\n|poke|p2|Weezing-Galar, M|\n|teampreview\n|c|\u2606Red Vs Showdown|...\n|c|\u2606Chino\u25d5\u203f\u203f\u25d5TTT|bro getting this high with a gen 1 team is amazing\n|c|\u2606Chino\u25d5\u203f\u203f\u25d5TTT|congratzs\n|c|\u2606Chino\u25d5\u203f\u203f\u25d5TTT|:)\n|\n|t:|1699816767\n|start\n|switch|p1a: Charizard|Charizard, M|100\/100\n|switch|p2a: I'm Smarter|Alomomola, M|100\/100\n|turn|1\n|\n|t:|1699816774\n|detailschange|p1a: Charizard|Charizard-Mega-Y, M\n|-mega|p1a: Charizard|Charizard|Charizardite Y\n|-weather|SunnyDay|[from] ability: Drought|[of] p1a: Charizard\n|move|p2a: I'm Smarter|Protect|p2a: I'm Smarter\n|-singleturn|p2a: I'm Smarter|Protect\n|move|p1a: Charizard|Fire Blast|p2a: I'm Smarter\n|-activate|p2a: I'm Smarter|move: Protect\n|\n|-weather|SunnyDay|[upkeep]\n|upkeep\n|turn|2\n|\n|t:|1699816782\n|switch|p2a: THE REST OF U|Tyranitar, F|100\/100\n|-weather|Sandstorm|[from] ability: Sand Stream|[of] p2a: THE REST OF U\n|move|p1a: Charizard|Focus Blast|p2a: THE REST OF U\n|-supereffective|p2a: THE REST OF U\n|-damage|p2a: THE REST OF U|28\/100\n|\n|-weather|Sandstorm|[upkeep]\n|-damage|p1a: Charizard|94\/100|[from] Sandstorm\n|upkeep\n|turn|3\n|\n|t:|1699816789\n|move|p1a: Charizard|Focus Blast|p2a: THE REST OF U\n|-supereffective|p2a: THE REST OF U\n|-damage|p2a: THE REST OF U|0 fnt\n|faint|p2a: THE REST OF U\n|\n|-weather|Sandstorm|[upkeep]\n|-damage|p1a: Charizard|88\/100|[from] Sandstorm\n|upkeep\n|\n|t:|1699816799\n|switch|p2a: I'm Smarter|Alomomola, M|100\/100\n|turn|4\n|\n|t:|1699816801\n|switch|p1a: Blastoise|Blastoise, M|100\/100\n|move|p2a: I'm Smarter|Toxic|p1a: Blastoise\n|-status|p1a: Blastoise|tox\n|\n|-weather|Sandstorm|[upkeep]\n|-damage|p1a: Blastoise|94\/100 tox|[from] Sandstorm\n|-damage|p2a: I'm Smarter|94\/100|[from] Sandstorm\n|-heal|p1a: Blastoise|100\/100 tox|[from] item: Leftovers\n|-damage|p1a: Blastoise|94\/100 tox|[from] psn\n|upkeep\n|turn|5\n|\n|t:|1699816804\n|move|p1a: Blastoise|Flip Turn|p2a: I'm Smarter\n|-resisted|p2a: I'm Smarter\n|-damage|p2a: I'm Smarter|90\/100\n|\n|t:|1699816806\n|switch|p1a: Charizard|Charizard-Mega-Y, M|88\/100|[from] Flip Turn\n|-weather|SunnyDay|[from] ability: Drought|[of] p1a: Charizard\n|move|p2a: I'm Smarter|Wish|p2a: I'm Smarter\n|\n|-weather|SunnyDay|[upkeep]\n|upkeep\n|turn|6\n|\n|t:|1699816826\n|switch|p1a: Blastoise|Blastoise, M|94\/100 tox\n|-terastallize|p2a: I'm Smarter|Dragon\n|move|p2a: I'm Smarter|Toxic|p1a: Blastoise\n|-fail|p1a: Blastoise|tox\n|\n|-weather|SunnyDay|[upkeep]\n|-heal|p2a: I'm Smarter|100\/100|[from] move: Wish|[wisher] I'm Smarter\n|-heal|p1a: Blastoise|100\/100 tox|[from] item: Leftovers\n|-damage|p1a: Blastoise|94\/100 tox|[from] psn\n|upkeep\n|turn|7\n|\n|t:|1699816832\n|move|p2a: I'm Smarter|Protect|p2a: I'm Smarter\n|-singleturn|p2a: I'm Smarter|Protect\n|move|p1a: Blastoise|Flip Turn|p2a: I'm Smarter\n|-activate|p2a: I'm Smarter|move: Protect\n|\n|-weather|SunnyDay|[upkeep]\n|-heal|p1a: Blastoise|100\/100 tox|[from] item: Leftovers\n|-damage|p1a: Blastoise|88\/100 tox|[from] psn\n|upkeep\n|turn|8\n|\n|t:|1699816840\n|move|p1a: Blastoise|Ice Beam|p2a: I'm Smarter\n|-supereffective|p2a: I'm Smarter\n|-crit|p2a: I'm Smarter\n|-damage|p2a: I'm Smarter|36\/100\n|move|p2a: I'm Smarter|Wish|p2a: I'm Smarter\n|\n|-weather|SunnyDay|[upkeep]\n|-heal|p1a: Blastoise|94\/100 tox|[from] item: Leftovers\n|-damage|p1a: Blastoise|76\/100 tox|[from] psn\n|upkeep\n|turn|9\n|\n|t:|1699816849\n|switch|p1a: Espeon|Espeon, F|100\/100\n|move|p2a: I'm Smarter|Protect||[still]\n|-fail|p2a: I'm Smarter\n|\n|-weather|none\n|-heal|p2a: I'm Smarter|86\/100|[from] move: Wish|[wisher] I'm Smarter\n|upkeep\n|turn|10\n|\n|t:|1699816855\n|move|p2a: I'm Smarter|Protect|p2a: I'm Smarter\n|-singleturn|p2a: I'm Smarter|Protect\n|move|p1a: Espeon|Trick|p2a: I'm Smarter\n|-activate|p2a: I'm Smarter|move: Protect\n|\n|upkeep\n|turn|11\n|\n|t:|1699816860\n|switch|p1a: Charizard|Charizard-Mega-Y, M|88\/100\n|-weather|SunnyDay|[from] ability: Drought|[of] p1a: Charizard\n|switch|p2a: I'm Stronger|Mawile, F|100\/100\n|-ability|p2a: I'm Stronger|Intimidate|boost\n|-unboost|p1a: Charizard|atk|1\n|\n|-weather|SunnyDay|[upkeep]\n|upkeep\n|turn|12\n|\n|t:|1699816865\n|switch|p2a: I'm Smarter|Alomomola, M, tera:Dragon|100\/100\n|move|p1a: Charizard|Fire Blast|p2a: I'm Smarter|[miss]\n|-miss|p1a: Charizard|p2a: I'm Smarter\n|\n|-weather|SunnyDay|[upkeep]\n|upkeep\n|turn|13\n|\n|t:|1699816870\n|switch|p1a: Venusaur|Venusaur, F|100\/100\n|move|p2a: I'm Smarter|Flip Turn|p1a: Venusaur\n|-resisted|p1a: Venusaur\n|-damage|p1a: Venusaur|96\/100\n|\n|t:|1699816875\n|switch|p2a: Im BETTER!!!|Skeledirge, M|100\/100|[from] Flip Turn\n|\n|-weather|SunnyDay|[upkeep]\n|upkeep\n|turn|14\n|\n|t:|1699816882\n|switch|p1a: Snorlax|Snorlax, M|100\/100\n|move|p2a: Im BETTER!!!|Shadow Ball|p1a: Snorlax\n|-immune|p1a: Snorlax\n|\n|-weather|SunnyDay|[upkeep]\n|upkeep\n|turn|15\n|\n|t:|1699816885\n|switch|p1a: Espeon|Espeon, F|100\/100\n|move|p2a: Im BETTER!!!|Will-O-Wisp|p1a: Espeon\n|move|p1a: Espeon|Will-O-Wisp|p2a: Im BETTER!!!|[from]ability: Magic Bounce\n|-immune|p2a: Im BETTER!!!\n|\n|-weather|none\n|upkeep\n|turn|16\n|\n|t:|1699816893\n|switch|p1a: Charizard|Charizard-Mega-Y, M|88\/100\n|-weather|SunnyDay|[from] ability: Drought|[of] p1a: Charizard\n|move|p2a: Im BETTER!!!|Shadow Ball|p1a: Charizard\n|-damage|p1a: Charizard|60\/100\n|-unboost|p1a: Charizard|spd|1\n|\n|-weather|SunnyDay|[upkeep]\n|upkeep\n|turn|17\n|\n|t:|1699816902\n|switch|p1a: Espeon|Espeon, F|100\/100\n|move|p2a: Im BETTER!!!|Shadow Ball|p1a: Espeon\n|-supereffective|p1a: Espeon\n|-damage|p1a: Espeon|19\/100\n|-unboost|p1a: Espeon|spd|1\n|\n|-weather|SunnyDay|[upkeep]\n|upkeep\n|turn|18\n|\n|t:|1699816905\n|switch|p2a: I'm Stronger|Mawile, F|100\/100\n|-ability|p2a: I'm Stronger|Intimidate|boost\n|-unboost|p1a: Espeon|atk|1\n|move|p1a: Espeon|Weather Ball|p2a: I'm Stronger\n|-supereffective|p2a: I'm Stronger\n|-damage|p2a: I'm Stronger|0 fnt\n|faint|p2a: I'm Stronger\n|\n|-weather|SunnyDay|[upkeep]\n|upkeep\n|\n|t:|1699816914\n|switch|p2a: I'm Smarter|Alomomola, M, tera:Dragon|100\/100\n|turn|19\n|\n|t:|1699816917\n|switch|p1a: Blastoise|Blastoise, M|76\/100 tox\n|move|p2a: I'm Smarter|Wish|p2a: I'm Smarter\n|\n|-weather|SunnyDay|[upkeep]\n|-heal|p1a: Blastoise|82\/100 tox|[from] item: Leftovers\n|-damage|p1a: Blastoise|76\/100 tox|[from] psn\n|upkeep\n|turn|20\n|\n|t:|1699816922\n|move|p1a: Blastoise|Ice Beam|p2a: I'm Smarter\n|-supereffective|p2a: I'm Smarter\n|-damage|p2a: I'm Smarter|55\/100\n|move|p2a: I'm Smarter|Flip Turn|p1a: Blastoise\n|-resisted|p1a: Blastoise\n|-damage|p1a: Blastoise|73\/100 tox\n|\n|t:|1699816925\n|switch|p2a: Im BETTER!!!|Skeledirge, M|100\/100|[from] Flip Turn\n|\n|-weather|none\n|-heal|p1a: Blastoise|80\/100 tox|[from] item: Leftovers\n|-damage|p1a: Blastoise|67\/100 tox|[from] psn\n|upkeep\n|turn|21\n|\n|t:|1699816928\n|switch|p2a: I'm Smarter|Alomomola, M, tera:Dragon|88\/100\n|move|p1a: Blastoise|Flip Turn|p2a: I'm Smarter\n|-resisted|p2a: I'm Smarter\n|-damage|p2a: I'm Smarter|84\/100\n|j| Aptham\n|\n|t:|1699816945\n|switch|p1a: Charizard|Charizard-Mega-Y, M|60\/100|[from] Flip Turn\n|-weather|SunnyDay|[from] ability: Drought|[of] p1a: Charizard\n|\n|-weather|SunnyDay|[upkeep]\n|upkeep\n|turn|22\n|\n|t:|1699816954\n|move|p2a: I'm Smarter|Protect|p2a: I'm Smarter\n|-singleturn|p2a: I'm Smarter|Protect\n|move|p1a: Charizard|Roost|p1a: Charizard\n|-heal|p1a: Charizard|100\/100\n|-singleturn|p1a: Charizard|move: Roost\n|\n|-weather|SunnyDay|[upkeep]\n|upkeep\n|turn|23\n|\n|t:|1699816958\n|switch|p1a: Venusaur|Venusaur, F|96\/100\n|move|p2a: I'm Smarter|Wish|p2a: I'm Smarter\n|\n|-weather|SunnyDay|[upkeep]\n|upkeep\n|turn|24\n|\n|t:|1699816962\n|switch|p2a: Im BETTER!!!|Skeledirge, M|100\/100\n|move|p1a: Venusaur|Sludge Bomb|p2a: Im BETTER!!!\n|-resisted|p2a: Im BETTER!!!\n|-damage|p2a: Im BETTER!!!|80\/100\n|-status|p2a: Im BETTER!!!|psn\n|\n|-weather|SunnyDay|[upkeep]\n|-heal|p2a: Im BETTER!!!|100\/100 psn|[from] move: Wish|[wisher] I'm Smarter\n|-damage|p2a: Im BETTER!!!|88\/100 psn|[from] psn\n|upkeep\n|turn|25\n|\n|t:|1699816967\n|switch|p1a: Blastoise|Blastoise, M|67\/100 tox\n|move|p2a: Im BETTER!!!|Torch Song|p1a: Blastoise\n|-resisted|p1a: Blastoise\n|-damage|p1a: Blastoise|48\/100 tox\n|-boost|p2a: Im BETTER!!!|spa|1\n|\n|-weather|none\n|-heal|p1a: Blastoise|54\/100 tox|[from] item: Leftovers\n|-damage|p1a: Blastoise|48\/100 tox|[from] psn\n|-damage|p2a: Im BETTER!!!|76\/100 psn|[from] psn\n|upkeep\n|turn|26\n|\n|t:|1699816971\n|move|p1a: Blastoise|Flip Turn|p2a: Im BETTER!!!\n|-supereffective|p2a: Im BETTER!!!\n|-damage|p2a: Im BETTER!!!|53\/100 psn\n|\n|t:|1699816975\n|switch|p1a: Snorlax|Snorlax, M|100\/100|[from] Flip Turn\n|move|p2a: Im BETTER!!!|Shadow Ball|p1a: Snorlax\n|-immune|p1a: Snorlax\n|\n|-damage|p2a: Im BETTER!!!|41\/100 psn|[from] psn\n|upkeep\n|turn|27\n|\n|t:|1699816978\n|move|p2a: Im BETTER!!!|Slack Off|p2a: Im BETTER!!!\n|-heal|p2a: Im BETTER!!!|91\/100 psn\n|move|p1a: Snorlax|Pursuit|p2a: Im BETTER!!!\n|-supereffective|p2a: Im BETTER!!!\n|-damage|p2a: Im BETTER!!!|66\/100 psn\n|\n|-damage|p2a: Im BETTER!!!|54\/100 psn|[from] psn\n|upkeep\n|turn|28\n|j| M1keyyy\n|\n|t:|1699816985\n|switch|p1a: Espeon|Espeon, F|19\/100\n|move|p2a: Im BETTER!!!|Shadow Ball|p1a: Espeon\n|-supereffective|p1a: Espeon\n|-damage|p1a: Espeon|0 fnt\n|faint|p1a: Espeon\n|\n|-damage|p2a: Im BETTER!!!|41\/100 psn|[from] psn\n|upkeep\n|\n|t:|1699816990\n|switch|p1a: Pikachu|Pikachu, F|100\/100\n|turn|29\n|c| M1keyyy|jazz for my soul\n|\n|t:|1699816998\n|switch|p2a: I'm Smarter|Alomomola, M, tera:Dragon|100\/100\n|-terastallize|p1a: Pikachu|Normal\n|move|p1a: Pikachu|Extreme Speed|p2a: I'm Smarter\n|-damage|p2a: I'm Smarter|71\/100\n|\n|upkeep\n|turn|30\n|\n|t:|1699817005\n|move|p1a: Pikachu|Hidden Power|p2a: I'm Smarter\n|-supereffective|p2a: I'm Smarter\n|-damage|p2a: I'm Smarter|33\/100\n|move|p2a: I'm Smarter|Wish|p2a: I'm Smarter\n|\n|upkeep\n|turn|31\n|\n|t:|1699817010\n|switch|p1a: Venusaur|Venusaur, F|96\/100\n|move|p2a: I'm Smarter|Protect||[still]\n|-fail|p2a: I'm Smarter\n|\n|-heal|p2a: I'm Smarter|83\/100|[from] move: Wish|[wisher] I'm Smarter\n|upkeep\n|turn|32\n|\n|t:|1699817020\n|move|p2a: I'm Smarter|Protect|p2a: I'm Smarter\n|-singleturn|p2a: I'm Smarter|Protect\n|move|p1a: Venusaur|Sludge Bomb|p2a: I'm Smarter\n|-activate|p2a: I'm Smarter|move: Protect\n|\n|upkeep\n|turn|33\n|\n|t:|1699817025\n|switch|p2a: IM NOT JUST LIKE|Clodsire, M|100\/100\n|move|p1a: Venusaur|Sludge Bomb|p2a: IM NOT JUST LIKE\n|-resisted|p2a: IM NOT JUST LIKE\n|-damage|p2a: IM NOT JUST LIKE|96\/100\n|\n|upkeep\n|turn|34\n|\n|t:|1699817029\n|switch|p1a: Blastoise|Blastoise, M|48\/100 tox\n|move|p2a: IM NOT JUST LIKE|Stealth Rock|p1a: Blastoise\n|-sidestart|p1: Red Vs Showdown|move: Stealth Rock\n|\n|-heal|p1a: Blastoise|54\/100 tox|[from] item: Leftovers\n|-damage|p1a: Blastoise|48\/100 tox|[from] psn\n|upkeep\n|turn|35\n|\n|t:|1699817032\n|switch|p2a: I'm Smarter|Alomomola, M, tera:Dragon|100\/100\n|move|p1a: Blastoise|Rapid Spin|p2a: I'm Smarter\n|-damage|p2a: I'm Smarter|95\/100\n|-boost|p1a: Blastoise|spe|1\n|-sideend|p1: Red Vs Showdown|Stealth Rock|[from] move: Rapid Spin|[of] p1a: Blastoise\n|\n|-heal|p1a: Blastoise|54\/100 tox|[from] item: Leftovers\n|-damage|p1a: Blastoise|42\/100 tox|[from] psn\n|upkeep\n|turn|36\n|j| Nomer16\n|\n|t:|1699817038\n|move|p1a: Blastoise|Flip Turn|p2a: I'm Smarter\n|-resisted|p2a: I'm Smarter\n|-damage|p2a: I'm Smarter|90\/100\n|\n|t:|1699817039\n|switch|p1a: Charizard|Charizard-Mega-Y, M|100\/100|[from] Flip Turn\n|-weather|SunnyDay|[from] ability: Drought|[of] p1a: Charizard\n|move|p2a: I'm Smarter|Wish|p2a: I'm Smarter\n|\n|-weather|SunnyDay|[upkeep]\n|upkeep\n|turn|37\n|\n|t:|1699817047\n|move|p1a: Charizard|Air Slash|p2a: I'm Smarter\n|-damage|p2a: I'm Smarter|37\/100\n|cant|p2a: I'm Smarter|flinch\n|\n|-weather|SunnyDay|[upkeep]\n|-heal|p2a: I'm Smarter|87\/100|[from] move: Wish|[wisher] I'm Smarter\n|upkeep\n|turn|38\n|\n|t:|1699817054\n|move|p2a: I'm Smarter|Protect|p2a: I'm Smarter\n|-singleturn|p2a: I'm Smarter|Protect\n|move|p1a: Charizard|Air Slash|p2a: I'm Smarter\n|-activate|p2a: I'm Smarter|move: Protect\n|\n|-weather|SunnyDay|[upkeep]\n|upkeep\n|turn|39\n|\n|t:|1699817058\n|move|p1a: Charizard|Air Slash|p2a: I'm Smarter\n|-damage|p2a: I'm Smarter|35\/100\n|move|p2a: I'm Smarter|Wish|p2a: I'm Smarter\n|\n|-weather|SunnyDay|[upkeep]\n|upkeep\n|turn|40\n|\n|t:|1699817062\n|move|p2a: I'm Smarter|Protect|p2a: I'm Smarter\n|-singleturn|p2a: I'm Smarter|Protect\n|move|p1a: Charizard|Air Slash|p2a: I'm Smarter\n|-activate|p2a: I'm Smarter|move: Protect\n|\n|-weather|none\n|-heal|p2a: I'm Smarter|85\/100|[from] move: Wish|[wisher] I'm Smarter\n|upkeep\n|turn|41\n|\n|t:|1699817067\n|move|p1a: Charizard|Air Slash|p2a: I'm Smarter\n|-damage|p2a: I'm Smarter|30\/100\n|cant|p2a: I'm Smarter|flinch\n|\n|upkeep\n|turn|42\n|\n|t:|1699817070\n|switch|p2a: IM NOT JUST LIKE|Clodsire, M|96\/100\n|move|p1a: Charizard|Air Slash|p2a: IM NOT JUST LIKE\n|-damage|p2a: IM NOT JUST LIKE|72\/100\n|\n|upkeep\n|turn|43\n|\n|t:|1699817076\n|switch|p1a: Blastoise|Blastoise, M|42\/100 tox\n|switch|p2a: I'm Smarter|Alomomola, M, tera:Dragon|63\/100\n|\n|-heal|p1a: Blastoise|48\/100 tox|[from] item: Leftovers\n|-damage|p1a: Blastoise|42\/100 tox|[from] psn\n|upkeep\n|turn|44\n|\n|t:|1699817079\n|move|p1a: Blastoise|Ice Beam|p2a: I'm Smarter\n|-supereffective|p2a: I'm Smarter\n|-damage|p2a: I'm Smarter|21\/100\n|move|p2a: I'm Smarter|Wish|p2a: I'm Smarter\n|\n|-heal|p1a: Blastoise|48\/100 tox|[from] item: Leftovers\n|-damage|p1a: Blastoise|36\/100 tox|[from] psn\n|upkeep\n|turn|45\n|\n|t:|1699817089\n|switch|p1a: Charizard|Charizard-Mega-Y, M|100\/100\n|-weather|SunnyDay|[from] ability: Drought|[of] p1a: Charizard\n|move|p2a: I'm Smarter|Protect||[still]\n|-fail|p2a: I'm Smarter\n|\n|-weather|SunnyDay|[upkeep]\n|-heal|p2a: I'm Smarter|71\/100|[from] move: Wish|[wisher] I'm Smarter\n|upkeep\n|turn|46\n|\n|t:|1699817093\n|move|p2a: I'm Smarter|Protect|p2a: I'm Smarter\n|-singleturn|p2a: I'm Smarter|Protect\n|move|p1a: Charizard|Air Slash|p2a: I'm Smarter\n|-activate|p2a: I'm Smarter|move: Protect\n|\n|-weather|SunnyDay|[upkeep]\n|upkeep\n|turn|47\n|\n|t:|1699817096\n|move|p1a: Charizard|Air Slash|p2a: I'm Smarter\n|-damage|p2a: I'm Smarter|20\/100\n|cant|p2a: I'm Smarter|flinch\n|\n|-weather|SunnyDay|[upkeep]\n|upkeep\n|turn|48\n|\n|t:|1699817100\n|move|p2a: I'm Smarter|Protect|p2a: I'm Smarter\n|-singleturn|p2a: I'm Smarter|Protect\n|move|p1a: Charizard|Fire Blast|p2a: I'm Smarter\n|-activate|p2a: I'm Smarter|move: Protect\n|\n|-weather|SunnyDay|[upkeep]\n|upkeep\n|turn|49\n|\n|t:|1699817108\n|switch|p2a: I AM BETTER!!!!!|Weezing-Galar, M|100\/100\n|move|p1a: Charizard|Fire Blast|p2a: I AM BETTER!!!!!|[miss]\n|-miss|p1a: Charizard|p2a: I AM BETTER!!!!!\n|\n|-weather|none\n|upkeep\n|turn|50\n|\n|t:|1699817115\n|switch|p2a: IM NOT JUST LIKE|Clodsire, M|72\/100\n|move|p1a: Charizard|Fire Blast|p2a: IM NOT JUST LIKE|[miss]\n|-miss|p1a: Charizard|p2a: IM NOT JUST LIKE\n|\n|upkeep\n|turn|51\n|c|\u2606Chino\u25d5\u203f\u203f\u25d5TTT|sorry\n|\n|t:|1699817127\n|switch|p1a: Blastoise|Blastoise, M|36\/100 tox\n|move|p2a: IM NOT JUST LIKE|Earthquake|p1a: Blastoise\n|-damage|p1a: Blastoise|17\/100 tox\n|\n|-heal|p1a: Blastoise|23\/100 tox|[from] item: Leftovers\n|-damage|p1a: Blastoise|17\/100 tox|[from] psn\n|upkeep\n|turn|52\n|\n|t:|1699817130\n|move|p1a: Blastoise|Flip Turn|p2a: IM NOT JUST LIKE\n|-supereffective|p2a: IM NOT JUST LIKE\n|-damage|p2a: IM NOT JUST LIKE|17\/100\n|c| M1keyyy|Chino\n|\n|t:|1699817133\n|switch|p1a: Charizard|Charizard-Mega-Y, M|100\/100|[from] Flip Turn\n|-weather|SunnyDay|[from] ability: Drought|[of] p1a: Charizard\n|move|p2a: IM NOT JUST LIKE|Recover|p2a: IM NOT JUST LIKE\n|-heal|p2a: IM NOT JUST LIKE|67\/100\n|\n|-weather|SunnyDay|[upkeep]\n|upkeep\n|turn|53\n|\n|t:|1699817136\n|move|p1a: Charizard|Fire Blast|p2a: IM NOT JUST LIKE|[miss]\n|-miss|p1a: Charizard|p2a: IM NOT JUST LIKE\n|move|p2a: IM NOT JUST LIKE|Recover|p2a: IM NOT JUST LIKE\n|-heal|p2a: IM NOT JUST LIKE|100\/100\n|\n|-weather|SunnyDay|[upkeep]\n|upkeep\n|turn|54\n|c|\u2606Chino\u25d5\u203f\u203f\u25d5TTT|hi\n|c| M1keyyy|can i use your team?\n|c|\u2606Chino\u25d5\u203f\u203f\u25d5TTT|sure\n|c|\u2606Chino\u25d5\u203f\u203f\u25d5TTT|ill give after the game\n|inactive|Battle timer is ON: inactive players will automatically lose when time's up. (requested by Red Vs Showdown)\n|c|\u2606Chino\u25d5\u203f\u203f\u25d5TTT|ima loose this one those\n|c| M1keyyy|Ok, thanks and good luck\n|c|\u2606Chino\u25d5\u203f\u203f\u25d5TTT|red is destroying me\n|\n|t:|1699817173\n|move|p1a: Charizard|Fire Blast|p2a: IM NOT JUST LIKE\n|-damage|p2a: IM NOT JUST LIKE|45\/100\n|move|p2a: IM NOT JUST LIKE|Recover|p2a: IM NOT JUST LIKE\n|-heal|p2a: IM NOT JUST LIKE|95\/100\n|\n|-weather|SunnyDay|[upkeep]\n|upkeep\n|turn|55\n|\n|t:|1699817177\n|switch|p1a: Snorlax|Snorlax, M|100\/100\n|move|p2a: IM NOT JUST LIKE|Recover|p2a: IM NOT JUST LIKE\n|-heal|p2a: IM NOT JUST LIKE|100\/100\n|\n|-weather|SunnyDay|[upkeep]\n|upkeep\n|turn|56\n|\n|t:|1699817180\n|switch|p2a: I AM BETTER!!!!!|Weezing-Galar, M|100\/100\n|move|p1a: Snorlax|Return|p2a: I AM BETTER!!!!!\n|-damage|p2a: I AM BETTER!!!!!|47\/100\n|\n|-weather|none\n|-heal|p2a: I AM BETTER!!!!!|53\/100|[from] item: Black Sludge\n|upkeep\n|turn|57\n|\n|t:|1699817187\n|switch|p1a: Charizard|Charizard-Mega-Y, M|100\/100\n|-weather|SunnyDay|[from] ability: Drought|[of] p1a: Charizard\n|move|p2a: I AM BETTER!!!!!|Pain Split|p1a: Charizard\n|-sethp|p1a: Charizard|80\/100|[from] move: Pain Split|[silent]\n|-sethp|p2a: I AM BETTER!!!!!|71\/100|[from] move: Pain Split\n|\n|-weather|SunnyDay|[upkeep]\n|-heal|p2a: I AM BETTER!!!!!|77\/100|[from] item: Black Sludge\n|upkeep\n|turn|58\n|\n|t:|1699817195\n|switch|p2a: IM NOT JUST LIKE|Clodsire, M|100\/100\n|move|p1a: Charizard|Air Slash|p2a: IM NOT JUST LIKE\n|-damage|p2a: IM NOT JUST LIKE|75\/100\n|\n|-weather|SunnyDay|[upkeep]\n|upkeep\n|turn|59\n|\n|t:|1699817200\n|switch|p1a: Snorlax|Snorlax, M|100\/100\n|move|p2a: IM NOT JUST LIKE|Recover|p2a: IM NOT JUST LIKE\n|-heal|p2a: IM NOT JUST LIKE|100\/100\n|\n|-weather|SunnyDay|[upkeep]\n|upkeep\n|turn|60\n|\n|t:|1699817214\n|move|p1a: Snorlax|Return|p2a: IM NOT JUST LIKE\n|-damage|p2a: IM NOT JUST LIKE|14\/100\n|move|p2a: IM NOT JUST LIKE|Stealth Rock|p1a: Snorlax\n|-sidestart|p1: Red Vs Showdown|move: Stealth Rock\n|\n|-weather|SunnyDay|[upkeep]\n|upkeep\n|turn|61\n|\n|t:|1699817222\n|switch|p2a: Im BETTER!!!|Skeledirge, M|41\/100 psn\n|move|p1a: Snorlax|Return|p2a: Im BETTER!!!\n|-immune|p2a: Im BETTER!!!\n|\n|-weather|none\n|-damage|p2a: Im BETTER!!!|29\/100 psn|[from] psn\n|upkeep\n|turn|62\n|\n|t:|1699817232\n|switch|p1a: Charizard|Charizard-Mega-Y, M|80\/100\n|-damage|p1a: Charizard|30\/100|[from] Stealth Rock\n|-weather|SunnyDay|[from] ability: Drought|[of] p1a: Charizard\n|move|p2a: Im BETTER!!!|Slack Off|p2a: Im BETTER!!!\n|-heal|p2a: Im BETTER!!!|79\/100 psn\n|\n|-weather|SunnyDay|[upkeep]\n|-damage|p2a: Im BETTER!!!|67\/100 psn|[from] psn\n|upkeep\n|turn|63\n|\n|t:|1699817243\n|switch|p2a: I'm Smarter|Alomomola, M, tera:Dragon|53\/100\n|move|p1a: Charizard|Roost|p1a: Charizard\n|-heal|p1a: Charizard|80\/100\n|-singleturn|p1a: Charizard|move: Roost\n|\n|-weather|SunnyDay|[upkeep]\n|upkeep\n|turn|64\n|\n|t:|1699817248\n|switch|p2a: I AM BETTER!!!!!|Weezing-Galar, M|77\/100\n|move|p1a: Charizard|Air Slash|p2a: I AM BETTER!!!!!\n|-damage|p2a: I AM BETTER!!!!!|20\/100\n|\n|-weather|SunnyDay|[upkeep]\n|-heal|p2a: I AM BETTER!!!!!|26\/100|[from] item: Black Sludge\n|upkeep\n|turn|65\n|\n|t:|1699817269\n|move|p1a: Charizard|Air Slash|p2a: I AM BETTER!!!!!\n|-damage|p2a: I AM BETTER!!!!!|0 fnt\n|faint|p2a: I AM BETTER!!!!!\n|\n|-weather|SunnyDay|[upkeep]\n|upkeep\n|\n|t:|1699817272\n|switch|p2a: I'm Smarter|Alomomola, M, tera:Dragon|86\/100\n|turn|66\n|\n|t:|1699817284\n|move|p1a: Charizard|Air Slash|p2a: I'm Smarter\n|-damage|p2a: I'm Smarter|30\/100\n|cant|p2a: I'm Smarter|flinch\n|\n|-weather|none\n|upkeep\n|turn|67\n|\n|t:|1699817289\n|switch|p2a: IM NOT JUST LIKE|Clodsire, M|14\/100\n|move|p1a: Charizard|Air Slash|p2a: IM NOT JUST LIKE\n|-damage|p2a: IM NOT JUST LIKE|0 fnt\n|faint|p2a: IM NOT JUST LIKE\n|\n|upkeep\n|\n|t:|1699817294\n|switch|p2a: I'm Smarter|Alomomola, M, tera:Dragon|64\/100\n|turn|68\n|\n|t:|1699817296\n|move|p1a: Charizard|Air Slash|p2a: I'm Smarter\n|-damage|p2a: I'm Smarter|6\/100\n|move|p2a: I'm Smarter|Wish|p2a: I'm Smarter\n|\n|upkeep\n|turn|69\n|c|\u2606Chino\u25d5\u203f\u203f\u25d5TTT|ggs\n|c|\u2606Chino\u25d5\u203f\u203f\u25d5TTT|wp\n|c|\u2606Red Vs Showdown|...\n|c|\u2606Chino\u25d5\u203f\u203f\u25d5TTT|!showteam\n|c| Chino\u25d5\u203f\u203f\u25d5TTT|\/raw <div class=\"infobox\"><details><summary>View team<\/summary>IM NOT JUST LIKE (Clodsire) (M) @ Heavy-Duty Boots  <br \/>Ability: Unaware  <br \/>Tera Type: Water  <br \/>EVs: 252 HP &#x2f; 252 SpD &#x2f; 4 Spe  <br \/>Careful Nature  <br \/>- Stealth Rock  <br \/>- Earthquake  <br \/>- Poison Jab  <br \/>- Recover  <br \/><br \/>THE REST OF U (Tyranitar) (F) @ Assault Vest  <br \/>Ability: Sand Stream  <br \/>Tera Type: Dark  <br \/>EVs: 252 HP &#x2f; 252 Atk &#x2f; 4 SpD  <br \/>Adamant Nature  <br \/>- Knock Off  <br \/>- Earthquake  <br \/>- Rock Blast  <br \/>- Pursuit  <br \/><br \/>I&apos;m Stronger (Mawile) (F) @ Mawilite  <br \/>Ability: Intimidate  <br \/>Tera Type: Steel  <br \/>EVs: 124 HP &#x2f; 252 Atk &#x2f; 132 Spe  <br \/>Adamant Nature  <br \/>- Play Rough  <br \/>- Thunder Punch  <br \/>- Knock Off  <br \/>- Fire Fang  <br \/><br \/>I&apos;m Smarter (Alomomola) (M) @ Heavy-Duty Boots  <br \/>Ability: Regenerator  <br \/>Tera Type: Dragon  <br \/>EVs: 252 HP &#x2f; 252 Def &#x2f; 4 SpD  <br \/>Relaxed Nature  <br \/>IVs: 0 Spe  <br \/>- Flip Turn  <br \/>- Wish  <br \/>- Protect  <br \/>- Toxic  <br \/><br \/>Im BETTER!!! (Skeledirge) (M) @ Heavy-Duty Boots  <br \/>Ability: Unaware  <br \/>Tera Type: Dragon  <br \/>EVs: 248 HP &#x2f; 252 Def &#x2f; 8 SpD  <br \/>Bold Nature  <br \/>IVs: 0 Atk  <br \/>- Torch Song  <br \/>- Shadow Ball  <br \/>- Will-O-Wisp  <br \/>- Slack Off  <br \/><br \/>I AM BETTER!!!!! (Weezing-Galar) (M) @ Black Sludge  <br \/>Ability: Levitate  <br \/>Tera Type: Steel  <br \/>EVs: 252 HP &#x2f; 252 Def &#x2f; 4 SpD  <br \/>Bold Nature  <br \/>IVs: 0 Atk  <br \/>- Strange Steam  <br \/>- Pain Split  <br \/>- Will-O-Wisp  <br \/>- Defog  <br \/><br \/><\/details><\/div>\n|c|\u2606Chino\u25d5\u203f\u203f\u25d5TTT|gg\n|-message|Chino\u25d5\u203f\u203f\u25d5TTT forfeited.\n|\n|win|Red Vs Showdown\n|raw|Red Vs Showdown's rating: 1862 &rarr; <strong>1884<\/strong><br \/>(+22 for winning)\n|raw|Chino\u25d5\u203f\u203f\u25d5TTT's rating: 1898 &rarr; <strong>1876<\/strong><br \/>(-22 for losing)\n|l|\u2606Chino\u25d5\u203f\u203f\u25d5TTT\n|l| Nomer16\n","uploadtime":1699817900,"views":16,"p1id":"redvsshowdown","p2id":"chinottt","formatid":"gen9nationaldex","rating":1876,"private":0,"password":""}