{"id":"gen9nationaldex-1986994559","p1":"XJohnson","p2":"pokXD","format":"[Gen 9] National Dex","log":"|j|\u2606XJohnson\n|j|\u2606pokXD\n|t:|1699547475\n|gametype|singles\n|player|p1|XJohnson|zinnia|\n|player|p2|pokXD|cynthia-gen7|\n|teamsize|p1|6\n|teamsize|p2|6\n|gen|9\n|tier|[Gen 9] National Dex\n|rule|HP Percentage Mod: HP is shown in percentages\n|rule|Endless Battle Clause: Forcing endless battles is banned\n|rule|OHKO Clause: OHKO moves are banned\n|rule|Evasion Clause: Evasion abilities, items, and moves are banned\n|rule|Evasion Abilities Clause: Evasion abilities are banned\n|rule|Evasion Items Clause: Evasion items are banned\n|rule|Evasion Moves Clause: Evasion moves are banned\n|rule|Species Clause: Limit one of each Pok\u00e9mon\n|rule|Sleep Clause Mod: Limit one foe put to sleep\n|clearpoke\n|poke|p1|Moltres|\n|poke|p1|Golisopod, M|\n|poke|p1|Sneasler, F|\n|poke|p1|Blacephalon|\n|poke|p1|Rotom-Mow|\n|poke|p1|Aggron, M|\n|poke|p2|Yanmega, F|\n|poke|p2|Torterra, F|\n|poke|p2|Rotom-Wash|\n|poke|p2|Gliscor, F|\n|poke|p2|Slowking-Galar, F|\n|poke|p2|Garchomp, F|\n|teampreview\n|\n|t:|1699547487\n|start\n|switch|p1a: Aggron|Aggron, M|100\/100\n|switch|p2a: Rotom|Rotom-Wash|100\/100\n|turn|1\n|\n|t:|1699547493\n|detailschange|p1a: Aggron|Aggron-Mega, M\n|-mega|p1a: Aggron|Aggron|Aggronite\n|move|p2a: Rotom|Light Screen|p2a: Rotom\n|-sidestart|p2: pokXD|move: Light Screen\n|move|p1a: Aggron|Stealth Rock|p2a: Rotom\n|-sidestart|p2: pokXD|move: Stealth Rock\n|\n|upkeep\n|turn|2\n|\n|t:|1699547503\n|move|p2a: Rotom|Reflect|p2a: Rotom\n|-sidestart|p2: pokXD|Reflect\n|move|p1a: Aggron|Heavy Slam|p2a: Rotom\n|-resisted|p2a: Rotom\n|-crit|p2a: Rotom\n|-damage|p2a: Rotom|78\/100\n|\n|upkeep\n|turn|3\n|\n|t:|1699547512\n|move|p2a: Rotom|Will-O-Wisp|p1a: Aggron\n|-status|p1a: Aggron|brn\n|move|p1a: Aggron|Roar|p2a: Rotom\n|drag|p2a: Gliscor|Gliscor, F|100\/100\n|-damage|p2a: Gliscor|88\/100|[from] Stealth Rock\n|\n|-damage|p1a: Aggron|94\/100 brn|[from] brn\n|-status|p2a: Gliscor|tox|[from] item: Toxic Orb\n|upkeep\n|turn|4\n|\n|t:|1699547528\n|switch|p1a: Moltres|Moltres|100\/100\n|-ability|p1a: Moltres|Pressure\n|move|p2a: Gliscor|Earthquake|p1a: Moltres\n|-immune|p1a: Moltres\n|\n|-heal|p2a: Gliscor|100\/100 tox|[from] ability: Poison Heal\n|upkeep\n|turn|5\n|\n|t:|1699547541\n|switch|p2a: Garchomp|Garchomp, F|100\/100\n|-damage|p2a: Garchomp|94\/100|[from] Stealth Rock\n|move|p1a: Moltres|Mystical Fire|p2a: Garchomp\n|-resisted|p2a: Garchomp\n|-damage|p2a: Garchomp|85\/100\n|-unboost|p2a: Garchomp|spa|1\n|\n|upkeep\n|turn|6\n|\n|t:|1699547551\n|move|p1a: Moltres|Defog|p2a: Garchomp\n|-unboost|p2a: Garchomp|evasion|1\n|-sideend|p2: pokXD|Reflect\n|-sideend|p2: pokXD|move: Light Screen\n|-sideend|p2: pokXD|Stealth Rock|[from] move: Defog|[of] p1a: Moltres\n|move|p2a: Garchomp|Swords Dance|p2a: Garchomp\n|-boost|p2a: Garchomp|atk|2\n|\n|upkeep\n|turn|7\n|\n|t:|1699547564\n|switch|p1a: Aggron|Aggron-Mega, M|94\/100 brn\n|move|p2a: Garchomp|Scale Shot|p1a: Aggron\n|-resisted|p1a: Aggron\n|-damage|p1a: Aggron|87\/100 brn\n|-resisted|p1a: Aggron\n|-damage|p1a: Aggron|81\/100 brn\n|-resisted|p1a: Aggron\n|-damage|p1a: Aggron|74\/100 brn\n|-resisted|p1a: Aggron\n|-damage|p1a: Aggron|66\/100 brn\n|-resisted|p1a: Aggron\n|-damage|p1a: Aggron|60\/100 brn\n|-hitcount|p1a: Aggron|5\n|-unboost|p2a: Garchomp|def|1\n|-boost|p2a: Garchomp|spe|1\n|\n|-damage|p1a: Aggron|54\/100 brn|[from] brn\n|upkeep\n|turn|8\n|\n|t:|1699547582\n|move|p2a: Garchomp|Fire Fang|p1a: Aggron\n|-supereffective|p1a: Aggron\n|-damage|p1a: Aggron|17\/100 brn\n|cant|p1a: Aggron|flinch\n|\n|-damage|p1a: Aggron|11\/100 brn|[from] brn\n|upkeep\n|turn|9\n|\n|t:|1699547593\n|switch|p1a: Moltres|Moltres|100\/100\n|-ability|p1a: Moltres|Pressure\n|move|p2a: Garchomp|Scale Shot|p1a: Moltres|[miss]\n|-miss|p2a: Garchomp|p1a: Moltres\n|\n|upkeep\n|turn|10\n|\n|t:|1699547601\n|move|p2a: Garchomp|Scale Shot|p1a: Moltres\n|-damage|p1a: Moltres|74\/100\n|-damage|p1a: Moltres|44\/100\n|-crit|p1a: Moltres\n|-damage|p1a: Moltres|2\/100\n|-damage|p1a: Moltres|0 fnt\n|faint|p1a: Moltres\n|-hitcount|p1: Moltres|4\n|-unboost|p2a: Garchomp|def|1\n|-boost|p2a: Garchomp|spe|1\n|\n|upkeep\n|\n|t:|1699547608\n|switch|p1a: Golisopod|Golisopod, M|100\/100\n|turn|11\n|\n|t:|1699547617\n|move|p1a: Golisopod|First Impression|p2a: Garchomp\n|-damage|p2a: Garchomp|0 fnt\n|-damage|p1a: Golisopod|88\/100|[from] ability: Rough Skin|[of] p2a: Garchomp\n|faint|p2a: Garchomp\n|\n|upkeep\n|\n|t:|1699547630\n|switch|p2a: Rotom|Rotom-Wash|78\/100\n|turn|12\n|\n|t:|1699547636\n|switch|p1a: Blacephalon|Blacephalon|100\/100\n|move|p2a: Rotom|Reflect|p2a: Rotom\n|-sidestart|p2: pokXD|Reflect\n|\n|upkeep\n|turn|13\n|\n|t:|1699547642\n|move|p1a: Blacephalon|Substitute|p1a: Blacephalon\n|-start|p1a: Blacephalon|Substitute\n|-damage|p1a: Blacephalon|76\/100\n|move|p2a: Rotom|Light Screen|p2a: Rotom\n|-sidestart|p2: pokXD|move: Light Screen\n|\n|-heal|p1a: Blacephalon|82\/100|[from] item: Leftovers\n|upkeep\n|turn|14\n|\n|t:|1699547650\n|move|p1a: Blacephalon|Shadow Ball|p2a: Rotom\n|-damage|p2a: Rotom|60\/100\n|move|p2a: Rotom|Volt Switch|p1a: Blacephalon\n|-end|p1a: Blacephalon|Substitute\n|\n|t:|1699547663\n|switch|p2a: Gliscor|Gliscor, F|100\/100 tox|[from] Volt Switch\n|\n|-heal|p1a: Blacephalon|88\/100|[from] item: Leftovers\n|upkeep\n|turn|15\n|\n|t:|1699547669\n|switch|p1a: Rotom|Rotom-Mow|100\/100\n|move|p2a: Gliscor|Earthquake|p1a: Rotom\n|-immune|p1a: Rotom|[from] ability: Levitate\n|\n|upkeep\n|turn|16\n|\n|t:|1699547678\n|move|p1a: Rotom|Defog|p2a: Gliscor\n|-unboost|p2a: Gliscor|evasion|1\n|-sideend|p2: pokXD|Reflect\n|-sideend|p2: pokXD|move: Light Screen\n|move|p2a: Gliscor|Fire Fang|p1a: Rotom\n|-supereffective|p1a: Rotom\n|-damage|p1a: Rotom|73\/100\n|\n|upkeep\n|turn|17\n|\n|t:|1699547688\n|move|p1a: Rotom|Leaf Storm|p2a: Gliscor\n|-damage|p2a: Gliscor|34\/100 tox\n|-unboost|p1a: Rotom|spa|2\n|-enditem|p1a: Rotom|Eject Pack\n|\n|t:|1699547691\n|switch|p1a: Golisopod|Golisopod, M|88\/100\n|move|p2a: Gliscor|Fire Fang|p1a: Golisopod\n|-damage|p1a: Golisopod|78\/100\n|\n|-heal|p2a: Gliscor|46\/100 tox|[from] ability: Poison Heal\n|upkeep\n|turn|18\n|\n|t:|1699547712\n|switch|p2a: Rotom|Rotom-Wash|60\/100\n|move|p1a: Golisopod|Iron Head|p2a: Rotom\n|-resisted|p2a: Rotom\n|-damage|p2a: Rotom|48\/100\n|\n|upkeep\n|turn|19\n|\n|t:|1699547721\n|switch|p1a: Rotom|Rotom-Mow|73\/100\n|move|p2a: Rotom|Reflect|p2a: Rotom\n|-sidestart|p2: pokXD|Reflect\n|\n|upkeep\n|turn|20\n|\n|t:|1699547726\n|move|p1a: Rotom|Leaf Storm|p2a: Rotom\n|-supereffective|p2a: Rotom\n|-damage|p2a: Rotom|0 fnt\n|-unboost|p1a: Rotom|spa|2\n|faint|p2a: Rotom\n|\n|upkeep\n|\n|t:|1699547735\n|switch|p2a: Yanmega|Yanmega, F|100\/100\n|turn|21\n|\n|t:|1699547741\n|move|p2a: Yanmega|Bug Buzz|p1a: Rotom\n|-supereffective|p1a: Rotom\n|-damage|p1a: Rotom|0 fnt\n|faint|p1a: Rotom\n|-enditem|p2a: Yanmega|Throat Spray\n|-boost|p2a: Yanmega|spa|1|[from] item: Throat Spray\n|\n|-ability|p2a: Yanmega|Speed Boost|boost\n|-boost|p2a: Yanmega|spe|1\n|upkeep\n|\n|t:|1699547749\n|switch|p1a: Sneasler|Sneasler, F|100\/100\n|turn|22\n|\n|t:|1699547755\n|move|p1a: Sneasler|Endure|p1a: Sneasler\n|-singleturn|p1a: Sneasler|move: Endure\n|move|p2a: Yanmega|Air Slash|p1a: Sneasler\n|-supereffective|p1a: Sneasler\n|-activate|p1a: Sneasler|move: Endure\n|-damage|p1a: Sneasler|1\/100\n|-enditem|p1a: Sneasler|Liechi Berry|[eat]\n|-boost|p1a: Sneasler|atk|1|[from] item: Liechi Berry\n|\n|-ability|p2a: Yanmega|Speed Boost|boost\n|-boost|p2a: Yanmega|spe|1\n|upkeep\n|turn|23\n|\n|t:|1699547766\n|move|p1a: Sneasler|Dire Claw|p2a: Yanmega\n|-damage|p2a: Yanmega|60\/100\n|-status|p2a: Yanmega|slp\n|cant|p2a: Yanmega|slp\n|\n|-ability|p2a: Yanmega|Speed Boost|boost\n|-boost|p2a: Yanmega|spe|1\n|upkeep\n|turn|24\n|\n|t:|1699547775\n|-curestatus|p2a: Yanmega|slp|[msg]\n|move|p2a: Yanmega|Air Slash|p1a: Sneasler|[miss]\n|-miss|p2a: Yanmega|p1a: Sneasler\n|move|p1a: Sneasler|Fire Punch|p2a: Yanmega\n|-supereffective|p2a: Yanmega\n|-damage|p2a: Yanmega|2\/100\n|\n|-ability|p2a: Yanmega|Speed Boost|boost\n|-boost|p2a: Yanmega|spe|1\n|upkeep\n|turn|25\n|\n|t:|1699547786\n|switch|p1a: Aggron|Aggron-Mega, M|11\/100 brn\n|move|p2a: Yanmega|Bug Buzz|p1a: Aggron\n|-resisted|p1a: Aggron\n|-damage|p1a: Aggron|0 fnt\n|faint|p1a: Aggron\n|\n|-ability|p2a: Yanmega|Speed Boost|boost\n|-boost|p2a: Yanmega|spe|1\n|upkeep\n|\n|t:|1699547788\n|switch|p1a: Golisopod|Golisopod, M|78\/100\n|turn|26\n|\n|t:|1699547798\n|move|p2a: Yanmega|Protect|p2a: Yanmega\n|-singleturn|p2a: Yanmega|Protect\n|move|p1a: Golisopod|Sucker Punch||[still]\n|-fail|p1a: Golisopod\n|\n|-sideend|p2: pokXD|Reflect\n|-ability|p2a: Yanmega|Speed Boost|boost\n|-boost|p2a: Yanmega|spe|1\n|upkeep\n|turn|27\n|\n|t:|1699547806\n|move|p1a: Golisopod|Sucker Punch|p2a: Yanmega\n|-damage|p2a: Yanmega|0 fnt\n|faint|p2a: Yanmega\n|\n|upkeep\n|\n|t:|1699547818\n|switch|p2a: Torterra|Torterra, F|100\/100\n|turn|28\n|\n|t:|1699547821\n|switch|p1a: Sneasler|Sneasler, F|1\/100\n|move|p2a: Torterra|Shell Smash|p2a: Torterra\n|-unboost|p2a: Torterra|def|1\n|-unboost|p2a: Torterra|spd|1\n|-boost|p2a: Torterra|atk|2\n|-boost|p2a: Torterra|spa|2\n|-boost|p2a: Torterra|spe|2\n|-enditem|p2a: Torterra|White Herb\n|-clearnegativeboost|p2a: Torterra|[silent]\n|\n|upkeep\n|turn|29\n|\n|t:|1699547833\n|move|p2a: Torterra|Giga Drain|p1a: Sneasler\n|-resisted|p1a: Sneasler\n|-damage|p1a: Sneasler|0 fnt\n|faint|p1a: Sneasler\n|\n|upkeep\n|\n|t:|1699547838\n|switch|p1a: Golisopod|Golisopod, M|78\/100\n|turn|30\n|\n|t:|1699547844\n|-terastallize|p1a: Golisopod|Bug\n|move|p1a: Golisopod|First Impression|p2a: Torterra\n|-supereffective|p2a: Torterra\n|-damage|p2a: Torterra|0 fnt\n|faint|p2a: Torterra\n|\n|upkeep\n|\n|t:|1699547854\n|switch|p2a: Gliscor|Gliscor, F|46\/100 tox\n|turn|31\n|\n|t:|1699547861\n|switch|p1a: Blacephalon|Blacephalon|88\/100\n|move|p2a: Gliscor|Protect||[still]\n|-fail|p2a: Gliscor\n|\n|-heal|p1a: Blacephalon|94\/100|[from] item: Leftovers\n|-heal|p2a: Gliscor|58\/100 tox|[from] ability: Poison Heal\n|upkeep\n|turn|32\n|\n|t:|1699547870\n|move|p1a: Blacephalon|Flamethrower|p2a: Gliscor\n|-damage|p2a: Gliscor|0 fnt\n|faint|p2a: Gliscor\n|-ability|p1a: Blacephalon|Beast Boost|boost\n|-boost|p1a: Blacephalon|spa|1\n|\n|-heal|p1a: Blacephalon|99\/100|[from] item: Leftovers\n|upkeep\n|\n|t:|1699547878\n|switch|p2a: Slowking|Slowking-Galar, F|100\/100\n|turn|33\n|\n|t:|1699547884\n|-terastallize|p2a: Slowking|Poison\n|move|p1a: Blacephalon|Substitute|p1a: Blacephalon\n|-start|p1a: Blacephalon|Substitute\n|-damage|p1a: Blacephalon|75\/100\n|move|p2a: Slowking|Sludge Bomb|p1a: Blacephalon\n|-resisted|p1a: Blacephalon\n|-end|p1a: Blacephalon|Substitute\n|\n|-heal|p1a: Blacephalon|81\/100|[from] item: Leftovers\n|upkeep\n|turn|34\n|\n|t:|1699547895\n|move|p1a: Blacephalon|Flamethrower|p2a: Slowking\n|-damage|p2a: Slowking|48\/100\n|move|p2a: Slowking|Psyshock|p1a: Blacephalon\n|-damage|p1a: Blacephalon|11\/100\n|\n|-heal|p1a: Blacephalon|17\/100|[from] item: Leftovers\n|-heal|p2a: Slowking|54\/100|[from] item: Leftovers\n|upkeep\n|turn|35\n|\n|t:|1699547904\n|move|p2a: Slowking|Protect|p2a: Slowking\n|-singleturn|p2a: Slowking|Protect\n|move|p1a: Blacephalon|Pain Split|p2a: Slowking\n|-activate|p2a: Slowking|move: Protect\n|\n|-heal|p1a: Blacephalon|23\/100|[from] item: Leftovers\n|-heal|p2a: Slowking|60\/100|[from] item: Leftovers\n|upkeep\n|turn|36\n|\n|t:|1699547913\n|move|p1a: Blacephalon|Flamethrower|p2a: Slowking\n|-damage|p2a: Slowking|11\/100\n|move|p2a: Slowking|Psyshock|p1a: Blacephalon\n|-damage|p1a: Blacephalon|0 fnt\n|faint|p1a: Blacephalon\n|\n|-heal|p2a: Slowking|17\/100|[from] item: Leftovers\n|upkeep\n|\n|t:|1699547915\n|switch|p1a: Golisopod|Golisopod, M, tera:Bug|78\/100\n|turn|37\n|\n|t:|1699547925\n|move|p2a: Slowking|Protect|p2a: Slowking\n|-singleturn|p2a: Slowking|Protect\n|move|p1a: Golisopod|Leech Life|p2a: Slowking\n|-activate|p2a: Slowking|move: Protect\n|\n|-heal|p2a: Slowking|23\/100|[from] item: Leftovers\n|upkeep\n|turn|38\n|\n|t:|1699547935\n|move|p2a: Slowking|Protect||[still]\n|-fail|p2a: Slowking\n|move|p1a: Golisopod|Leech Life|p2a: Slowking\n|-resisted|p2a: Slowking\n|-damage|p2a: Slowking|0 fnt\n|-heal|p1a: Golisopod|90\/100|[from] drain|[of] p2a: Slowking\n|faint|p2a: Slowking\n|\n|win|XJohnson\n","uploadtime":1699547945,"views":16,"p1id":"xjohnson","p2id":"pokxd","formatid":"gen9nationaldex","rating":0,"private":0,"password":""}