{"id":"gen9nationaldex-1992414951","p1":"Kira Ignis","p2":"Kuzwa","format":"[Gen 9] National Dex","log":"|j|\u2606Kira Ignis\n|j|\u2606Kuzwa\n|t:|1700184859\n|gametype|singles\n|player|p1|Kira Ignis|janine|1318\n|player|p2|Kuzwa|swimmer-gen7|1287\n|teamsize|p1|6\n|teamsize|p2|6\n|gen|9\n|tier|[Gen 9] National Dex\n|rated|\n|rule|HP Percentage Mod: HP is shown in percentages\n|rule|Endless Battle Clause: Forcing endless battles is banned\n|rule|OHKO Clause: OHKO moves are banned\n|rule|Evasion Clause: Evasion abilities, items, and moves are banned\n|rule|Evasion Abilities Clause: Evasion abilities are banned\n|rule|Evasion Items Clause: Evasion items are banned\n|rule|Evasion Moves Clause: Evasion moves are banned\n|rule|Species Clause: Limit one of each Pok\u00e9mon\n|rule|Sleep Clause Mod: Limit one foe put to sleep\n|clearpoke\n|poke|p1|Iron Valiant|\n|poke|p1|Tapu Koko|\n|poke|p1|Sneasler, F|\n|poke|p1|Iron Treads|\n|poke|p1|Urshifu-*, M|\n|poke|p1|Pinsir, M|\n|poke|p2|Kartana|\n|poke|p2|Weavile, M|\n|poke|p2|Ogerpon-Wellspring, F|\n|poke|p2|Zeraora|\n|poke|p2|Glimmora, M|\n|poke|p2|Blaziken, M|\n|teampreview\n|inactive|Battle timer is ON: inactive players will automatically lose when time's up. (requested by Kira Ignis)\n|\n|t:|1700184866\n|start\n|switch|p1a: Tapu Koko|Tapu Koko|100\/100\n|switch|p2a: thing|Glimmora, M|100\/100\n|-fieldstart|move: Electric Terrain|[from] ability: Electric Surge|[of] p1a: Tapu Koko\n|-item|p2a: thing|Air Balloon\n|turn|1\n|\n|t:|1700184869\n|move|p1a: Tapu Koko|Thunderbolt|p2a: thing\n|-damage|p2a: thing|0 fnt\n|-enditem|p2a: thing|Air Balloon\n|faint|p2a: thing\n|\n|upkeep\n|\n|t:|1700184881\n|switch|p2a: Junpei Iori|Weavile, M, shiny|100\/100\n|turn|2\n|\n|t:|1700184889\n|move|p1a: Tapu Koko|Thunderbolt|p2a: Junpei Iori\n|-enditem|p2a: Junpei Iori|Focus Sash\n|-damage|p2a: Junpei Iori|1\/100\n|move|p2a: Junpei Iori|Ice Spinner|p1a: Tapu Koko\n|-damage|p1a: Tapu Koko|44\/100\n|-fieldend|move: Electric Terrain\n|\n|upkeep\n|turn|3\n|\n|t:|1700184892\n|move|p1a: Tapu Koko|Thunderbolt|p2a: Junpei Iori\n|-damage|p2a: Junpei Iori|0 fnt\n|faint|p2a: Junpei Iori\n|\n|upkeep\n|\n|t:|1700184899\n|switch|p2a: Ken Amada|Zeraora|100\/100\n|turn|4\n|\n|t:|1700184904\n|switch|p1a: Iron Treads|Iron Treads|100\/100\n|move|p2a: Ken Amada|Plasma Fists|p1a: Iron Treads\n|-immune|p1a: Iron Treads\n|\n|upkeep\n|turn|5\n|\n|t:|1700184909\n|switch|p2a: Aigis|Ogerpon-Wellspring, F|100\/100\n|move|p1a: Iron Treads|Stealth Rock|p2a: Aigis\n|-sidestart|p2: Kuzwa|move: Stealth Rock\n|\n|upkeep\n|turn|6\n|\n|t:|1700184917\n|move|p2a: Aigis|Ivy Cudgel|p1a: Iron Treads|[anim] Ivy Cudgel Water\n|-supereffective|p1a: Iron Treads\n|-damage|p1a: Iron Treads|0 fnt\n|faint|p1a: Iron Treads\n|-end|p1a: Iron Treads|Quark Drive|[silent]\n|\n|upkeep\n|\n|t:|1700184920\n|switch|p1a: Pinsir|Pinsir, M|100\/100\n|turn|7\n|\n|t:|1700184926\n|detailschange|p1a: Pinsir|Pinsir-Mega, M\n|-mega|p1a: Pinsir|Pinsir|Pinsirite\n|-terastallize|p2a: Aigis|Water\n|detailschange|p2a: Aigis|Ogerpon-Wellspring-Tera, F, tera:Water\n|-ability|p2a: Aigis|Embody Aspect (Wellspring)|boost\n|-boost|p2a: Aigis|spd|1\n|move|p1a: Pinsir|Quick Attack|p2a: Aigis\n|-damage|p2a: Aigis|65\/100\n|move|p2a: Aigis|Ivy Cudgel|p1a: Pinsir|[anim] Ivy Cudgel Water\n|-damage|p1a: Pinsir|13\/100\n|\n|upkeep\n|turn|8\n|\n|t:|1700184937\n|move|p1a: Pinsir|Quick Attack|p2a: Aigis\n|-damage|p2a: Aigis|29\/100\n|move|p2a: Aigis|Ivy Cudgel|p1a: Pinsir|[anim] Ivy Cudgel Water\n|-crit|p1a: Pinsir\n|-damage|p1a: Pinsir|0 fnt\n|faint|p1a: Pinsir\n|\n|upkeep\n|\n|t:|1700184941\n|switch|p1a: Tapu Koko|Tapu Koko|44\/100\n|-fieldstart|move: Electric Terrain|[from] ability: Electric Surge|[of] p1a: Tapu Koko\n|turn|9\n|\n|t:|1700184947\n|switch|p2a: Ken Amada|Zeraora|100\/100\n|-damage|p2a: Ken Amada|88\/100|[from] Stealth Rock\n|move|p1a: Tapu Koko|Volt Switch|p2a: Ken Amada\n|-heal|p2a: Ken Amada|100\/100|[from] ability: Volt Absorb|[of] p1a: Tapu Koko\n|\n|upkeep\n|turn|10\n|\n|t:|1700184955\n|switch|p1a: Urshifu|Urshifu-Rapid-Strike, M|100\/100\n|move|p2a: Ken Amada|Plasma Fists|p1a: Urshifu\n|-supereffective|p1a: Urshifu\n|-damage|p1a: Urshifu|0 fnt\n|-fieldactivate|move: Ion Deluge\n|-hint|Normal-type moves become Electric-type after using Plasma Fists.\n|faint|p1a: Urshifu\n|\n|upkeep\n|\n|t:|1700184965\n|switch|p1a: Sneasler|Sneasler, F|100\/100\n|-enditem|p1a: Sneasler|Electric Seed\n|-boost|p1a: Sneasler|def|1|[from] item: Electric Seed\n|turn|11\n|\n|t:|1700184981\n|move|p1a: Sneasler|Swords Dance|p1a: Sneasler\n|-boost|p1a: Sneasler|atk|2\n|move|p2a: Ken Amada|Plasma Fists|p1a: Sneasler\n|-damage|p1a: Sneasler|35\/100\n|-fieldactivate|move: Ion Deluge\n|-hint|Normal-type moves become Electric-type after using Plasma Fists.\n|\n|upkeep\n|turn|12\n|\n|t:|1700184985\n|move|p1a: Sneasler|Dire Claw|p2a: Ken Amada\n|-enditem|p2a: Ken Amada|Focus Sash\n|-damage|p2a: Ken Amada|1\/100\n|move|p2a: Ken Amada|Plasma Fists|p1a: Sneasler\n|-damage|p1a: Sneasler|0 fnt\n|-fieldactivate|move: Ion Deluge\n|-hint|Normal-type moves become Electric-type after using Plasma Fists.\n|faint|p1a: Sneasler\n|\n|upkeep\n|\n|t:|1700184990\n|switch|p1a: Iron Valiant|Iron Valiant|100\/100\n|-activate|p1a: Iron Valiant|ability: Quark Drive\n|-start|p1a: Iron Valiant|quarkdrivespe\n|turn|13\n|\n|t:|1700184994\n|move|p1a: Iron Valiant|Psyshock|p2a: Ken Amada\n|-crit|p2a: Ken Amada\n|-damage|p2a: Ken Amada|0 fnt\n|faint|p2a: Ken Amada\n|-damage|p1a: Iron Valiant|91\/100|[from] item: Life Orb\n|\n|-fieldend|move: Electric Terrain\n|-end|p1a: Iron Valiant|Quark Drive\n|upkeep\n|\n|t:|1700184998\n|switch|p2a: Makoto Yuki|Kartana, shiny|100\/100\n|-damage|p2a: Makoto Yuki|94\/100|[from] Stealth Rock\n|turn|14\n|\n|t:|1700185000\n|-end|p1a: Iron Valiant|Quark Drive|[silent]\n|switch|p1a: Tapu Koko|Tapu Koko|44\/100\n|-fieldstart|move: Electric Terrain|[from] ability: Electric Surge|[of] p1a: Tapu Koko\n|move|p2a: Makoto Yuki|Smart Strike|p1a: Tapu Koko\n|-damage|p1a: Tapu Koko|0 fnt\n|faint|p1a: Tapu Koko\n|-ability|p2a: Makoto Yuki|Beast Boost|boost\n|-boost|p2a: Makoto Yuki|atk|1\n|\n|upkeep\n|\n|t:|1700185002\n|switch|p1a: Iron Valiant|Iron Valiant|91\/100\n|-activate|p1a: Iron Valiant|ability: Quark Drive\n|-start|p1a: Iron Valiant|quarkdrivespe\n|turn|15\n|\n|t:|1700185005\n|-terastallize|p1a: Iron Valiant|Electric\n|move|p1a: Iron Valiant|Focus Blast|p2a: Makoto Yuki|[miss]\n|-miss|p1a: Iron Valiant|p2a: Makoto Yuki\n|move|p2a: Makoto Yuki|Smart Strike|p1a: Iron Valiant\n|-resisted|p1a: Iron Valiant\n|-damage|p1a: Iron Valiant|42\/100\n|\n|upkeep\n|turn|16\n|\n|t:|1700185010\n|move|p1a: Iron Valiant|Focus Blast|p2a: Makoto Yuki|[miss]\n|-miss|p1a: Iron Valiant|p2a: Makoto Yuki\n|move|p2a: Makoto Yuki|Leaf Blade|p1a: Iron Valiant\n|-damage|p1a: Iron Valiant|0 fnt\n|faint|p1a: Iron Valiant\n|-end|p1a: Iron Valiant|Quark Drive|[silent]\n|\n|win|Kuzwa\n|raw|Kira Ignis's rating: 1345 &rarr; <strong>1322<\/strong><br \/>(-23 for losing)\n|raw|Kuzwa's rating: 1287 &rarr; <strong>1316<\/strong><br \/>(+29 for winning)\n|l|\u2606Kira Ignis\n","uploadtime":1700185015,"views":4,"p1id":"kiraignis","p2id":"kuzwa","formatid":"gen9nationaldex","rating":1316,"private":0,"password":""}