{"id":"gen9nationaldex-1999710878","p1":"mmm6","p2":"The Np sweep","format":"[Gen 9] National Dex","log":"|html|<div class=\"broadcast-blue\"><strong>[Gen 9] National Dex is currently suspecting Sneasler! For information on how to participate check out the <a href=\"https:\/\/www.smogon.com\/forums\/threads\/sv-national-dex-suspect-8-just-dance.3731534\/\">suspect thread<\/a>.<\/strong><\/div>\n|j|\u2606mmm6\n|j|\u203dThe Np sweep\n|t:|1701109922\n|gametype|singles\n|player|p1|mmm6|ghetsis|1734\n|player|p2|The Np sweep|hilbert|1863\n|teamsize|p1|6\n|teamsize|p2|6\n|gen|9\n|tier|[Gen 9] National Dex\n|rated|\n|rule|HP Percentage Mod: HP is shown in percentages\n|rule|Endless Battle Clause: Forcing endless battles is banned\n|rule|OHKO Clause: OHKO moves are banned\n|rule|Evasion Clause: Evasion abilities, items, and moves are banned\n|rule|Evasion Abilities Clause: Evasion abilities are banned\n|rule|Evasion Items Clause: Evasion items are banned\n|rule|Evasion Moves Clause: Evasion moves are banned\n|rule|Species Clause: Limit one of each Pok\u00e9mon\n|rule|Sleep Clause Mod: Limit one foe put to sleep\n|clearpoke\n|poke|p1|Tapu Koko|\n|poke|p1|Mimikyu, M|\n|poke|p1|Skarmory, M|\n|poke|p1|Sneasler, M|\n|poke|p1|Greninja-*, M|\n|poke|p1|Blaziken, F|\n|poke|p2|Ferrothorn, M|\n|poke|p2|Tapu Lele|\n|poke|p2|Iron Valiant|\n|poke|p2|Aegislash, F|\n|poke|p2|Kyurem|\n|poke|p2|Great Tusk|\n|teampreview\n|\n|t:|1701109930\n|start\n|switch|p1a: HerEx|Greninja, M|100\/100\n|switch|p2a: Aegislash|Aegislash, F, shiny|100\/100\n|turn|1\n|\n|t:|1701109939\n|move|p1a: HerEx|Toxic Spikes|p2a: Aegislash\n|-start|p1a: HerEx|typechange|Poison|[from] ability: Protean\n|-sidestart|p2: The Np sweep|move: Toxic Spikes\n|-formechange|p2a: Aegislash|Aegislash-Blade||[from] ability: Stance Change\n|move|p2a: Aegislash|Close Combat|p1a: HerEx\n|-resisted|p1a: HerEx\n|-crit|p1a: HerEx\n|-damage|p1a: HerEx|60\/100\n|-unboost|p2a: Aegislash|def|1\n|-unboost|p2a: Aegislash|spd|1\n|\n|upkeep\n|turn|2\n|\n|t:|1701109946\n|switch|p2a: Ferrothorn|Ferrothorn, M|100\/100\n|move|p1a: HerEx|Surf|p2a: Ferrothorn\n|-resisted|p2a: Ferrothorn\n|-damage|p2a: Ferrothorn|93\/100\n|\n|-heal|p2a: Ferrothorn|99\/100|[from] item: Leftovers\n|upkeep\n|turn|3\n|\n|t:|1701109952\n|move|p1a: HerEx|Taunt|p2a: Ferrothorn\n|-start|p2a: Ferrothorn|move: Taunt\n|move|p2a: Ferrothorn|Gyro Ball|p1a: HerEx\n|-damage|p1a: HerEx|0 fnt\n|faint|p1a: HerEx\n|\n|-heal|p2a: Ferrothorn|100\/100|[from] item: Leftovers\n|upkeep\n|\n|t:|1701109955\n|switch|p1a: HerLastEx|Skarmory, M|100\/100\n|turn|4\n|\n|t:|1701109962\n|switch|p2a: Aegislash|Aegislash, F, shiny|100\/100\n|move|p1a: HerLastEx|Stealth Rock|p2a: Aegislash\n|-sidestart|p2: The Np sweep|move: Stealth Rock\n|\n|upkeep\n|turn|5\n|\n|t:|1701109965\n|move|p1a: HerLastEx|Spikes|p2a: Aegislash\n|-sidestart|p2: The Np sweep|Spikes\n|-formechange|p2a: Aegislash|Aegislash-Blade||[from] ability: Stance Change\n|move|p2a: Aegislash|Shadow Ball|p1a: HerLastEx\n|-damage|p1a: HerLastEx|42\/100\n|-enditem|p1a: HerLastEx|Red Card|[of] p2a: Aegislash\n|drag|p2a: Ferrothorn|Ferrothorn, M|100\/100\n|-damage|p2a: Ferrothorn|94\/100|[from] Stealth Rock\n|-damage|p2a: Ferrothorn|82\/100|[from] Spikes\n|\n|-heal|p2a: Ferrothorn|88\/100|[from] item: Leftovers\n|upkeep\n|turn|6\n|\n|t:|1701109974\n|move|p1a: HerLastEx|Taunt|p2a: Ferrothorn\n|-start|p2a: Ferrothorn|move: Taunt\n|cant|p2a: Ferrothorn|move: Taunt|Spikes\n|\n|-heal|p2a: Ferrothorn|94\/100|[from] item: Leftovers\n|upkeep\n|turn|7\n|\n|t:|1701109978\n|switch|p2a: Aegislash|Aegislash, F, shiny|100\/100\n|-damage|p2a: Aegislash|94\/100|[from] Stealth Rock\n|-damage|p2a: Aegislash|82\/100|[from] Spikes\n|move|p1a: HerLastEx|Spikes|p2a: Aegislash\n|-sidestart|p2: The Np sweep|Spikes\n|\n|upkeep\n|turn|8\n|\n|t:|1701109981\n|move|p1a: HerLastEx|Spikes|p2a: Aegislash\n|-sidestart|p2: The Np sweep|Spikes\n|-formechange|p2a: Aegislash|Aegislash-Blade||[from] ability: Stance Change\n|move|p2a: Aegislash|Shadow Ball|p1a: HerLastEx\n|-damage|p1a: HerLastEx|0 fnt\n|faint|p1a: HerLastEx\n|\n|upkeep\n|\n|t:|1701109991\n|switch|p1a: HerDad|Tapu Koko|100\/100\n|-fieldstart|move: Electric Terrain|[from] ability: Electric Surge|[of] p1a: HerDad\n|turn|9\n|\n|t:|1701110004\n|-formechange|p2a: Aegislash|Aegislash||[from] ability: Stance Change\n|move|p2a: Aegislash|King's Shield|p2a: Aegislash\n|-singleturn|p2a: Aegislash|Protect\n|move|p1a: HerDad|Thunderbolt|p2a: Aegislash\n|-activate|p2a: Aegislash|move: Protect\n|\n|upkeep\n|turn|10\n|\n|t:|1701110008\n|move|p1a: HerDad|Volt Switch|p2a: Aegislash\n|-damage|p2a: Aegislash|48\/100\n|\n|t:|1701110012\n|switch|p1a: HerFWB|Mimikyu, M|100\/100|[from] Volt Switch\n|-zpower|p2a: Aegislash\n|-formechange|p2a: Aegislash|Aegislash-Blade||[from] ability: Stance Change\n|move|p2a: Aegislash|Never-Ending Nightmare|p1a: HerFWB|[zeffect]\n|-activate|p1a: HerFWB|ability: Disguise\n|-damage|p1a: HerFWB|100\/100\n|detailschange|p1a: HerFWB|Mimikyu-Busted, M\n|-damage|p1a: HerFWB|88\/100|[from] pokemon: Mimikyu-Busted\n|-enditem|p1a: HerFWB|Red Card|[of] p2a: Aegislash\n|drag|p2a: Tapu Lele|Tapu Lele, shiny|100\/100\n|-status|p2a: Tapu Lele|psn\n|-damage|p2a: Tapu Lele|88\/100 psn|[from] Stealth Rock\n|-damage|p2a: Tapu Lele|63\/100 psn|[from] Spikes\n|-fieldstart|move: Psychic Terrain|[from] ability: Psychic Surge|[of] p2a: Tapu Lele\n|\n|-damage|p2a: Tapu Lele|51\/100 psn|[from] psn\n|upkeep\n|turn|11\n|\n|t:|1701110032\n|-terastallize|p2a: Tapu Lele|Psychic\n|move|p2a: Tapu Lele|Psychic|p1a: HerFWB\n|-damage|p1a: HerFWB|0 fnt\n|faint|p1a: HerFWB\n|\n|-damage|p2a: Tapu Lele|38\/100 psn|[from] psn\n|upkeep\n|\n|t:|1701110036\n|switch|p1a: HerDad|Tapu Koko|100\/100\n|-fieldstart|move: Electric Terrain|[from] ability: Electric Surge|[of] p1a: HerDad\n|turn|12\n|\n|t:|1701110045\n|switch|p2a: Great Tusk|Great Tusk|100\/100\n|-status|p2a: Great Tusk|psn\n|-damage|p2a: Great Tusk|98\/100 psn|[from] Stealth Rock\n|-damage|p2a: Great Tusk|73\/100 psn|[from] Spikes\n|move|p1a: HerDad|Dazzling Gleam|p2a: Great Tusk\n|-supereffective|p2a: Great Tusk\n|-damage|p2a: Great Tusk|0 fnt\n|faint|p2a: Great Tusk\n|-end|p2a: Great Tusk|Protosynthesis|[silent]\n|\n|upkeep\n|\n|t:|1701110052\n|switch|p2a: Aegislash|Aegislash, F, shiny|48\/100\n|-damage|p2a: Aegislash|42\/100|[from] Stealth Rock\n|-damage|p2a: Aegislash|17\/100|[from] Spikes\n|turn|13\n|\n|t:|1701110059\n|move|p1a: HerDad|Thunderbolt|p2a: Aegislash\n|-damage|p2a: Aegislash|0 fnt\n|faint|p2a: Aegislash\n|\n|upkeep\n|\n|t:|1701110063\n|switch|p2a: Iron Valiant|Iron Valiant|100\/100\n|-status|p2a: Iron Valiant|psn\n|-damage|p2a: Iron Valiant|94\/100 psn|[from] Stealth Rock\n|-damage|p2a: Iron Valiant|69\/100 psn|[from] Spikes\n|-activate|p2a: Iron Valiant|ability: Quark Drive\n|-start|p2a: Iron Valiant|quarkdrivespe\n|turn|14\n|\n|t:|1701110072\n|move|p2a: Iron Valiant|Moonblast|p1a: HerDad\n|-damage|p1a: HerDad|20\/100\n|-damage|p2a: Iron Valiant|60\/100 psn|[from] item: Life Orb\n|move|p1a: HerDad|Volt Switch|p2a: Iron Valiant\n|-damage|p2a: Iron Valiant|0 fnt\n|faint|p2a: Iron Valiant\n|-end|p2a: Iron Valiant|Quark Drive|[silent]\n|\n|t:|1701110080\n|switch|p1a: HerBrother|Sneasler, M|100\/100|[from] Volt Switch\n|-enditem|p1a: HerBrother|Electric Seed\n|-boost|p1a: HerBrother|def|1|[from] item: Electric Seed\n|\n|upkeep\n|\n|t:|1701110084\n|switch|p2a: Ferrothorn|Ferrothorn, M|94\/100\n|-damage|p2a: Ferrothorn|88\/100|[from] Stealth Rock\n|-damage|p2a: Ferrothorn|63\/100|[from] Spikes\n|turn|15\n|\n|t:|1701110089\n|move|p1a: HerBrother|Swords Dance|p1a: HerBrother\n|-boost|p1a: HerBrother|atk|2\n|move|p2a: Ferrothorn|Leech Seed|p1a: HerBrother\n|-start|p1a: HerBrother|move: Leech Seed\n|\n|-heal|p2a: Ferrothorn|69\/100|[from] item: Leftovers\n|-damage|p1a: HerBrother|88\/100|[from] Leech Seed|[of] p2a: Ferrothorn\n|-heal|p2a: Ferrothorn|80\/100|[silent]\n|upkeep\n|turn|16\n|\n|t:|1701110125\n|move|p2a: Ferrothorn|Protect|p2a: Ferrothorn\n|-singleturn|p2a: Ferrothorn|Protect\n|move|p1a: HerBrother|Close Combat|p2a: Ferrothorn\n|-activate|p2a: Ferrothorn|move: Protect\n|\n|-heal|p2a: Ferrothorn|86\/100|[from] item: Leftovers\n|-damage|p1a: HerBrother|76\/100|[from] Leech Seed|[of] p2a: Ferrothorn\n|-heal|p2a: Ferrothorn|97\/100|[silent]\n|-fieldend|move: Electric Terrain\n|upkeep\n|turn|17\n|\n|t:|1701110128\n|move|p1a: HerBrother|Close Combat|p2a: Ferrothorn\n|-supereffective|p2a: Ferrothorn\n|-damage|p2a: Ferrothorn|0 fnt\n|-unboost|p1a: HerBrother|def|1\n|-unboost|p1a: HerBrother|spd|1\n|-damage|p1a: HerBrother|64\/100|[from] ability: Iron Barbs|[of] p2a: Ferrothorn\n|faint|p2a: Ferrothorn\n|\n|upkeep\n|\n|t:|1701110130\n|switch|p2a: Kyurem|Kyurem, shiny|100\/100\n|-status|p2a: Kyurem|psn\n|-damage|p2a: Kyurem|76\/100 psn|[from] Stealth Rock\n|-damage|p2a: Kyurem|51\/100 psn|[from] Spikes\n|-ability|p2a: Kyurem|Pressure\n|turn|18\n|\n|t:|1701110143\n|-terastallize|p1a: HerBrother|Flying\n|move|p1a: HerBrother|Acrobatics|p2a: Kyurem\n|-damage|p2a: Kyurem|0 fnt\n|faint|p2a: Kyurem\n|\n|upkeep\n|inactive|Battle timer is ON: inactive players will automatically lose when time's up. (requested by mmm6)\n|\n|t:|1701110165\n|switch|p2a: Tapu Lele|Tapu Lele, shiny, tera:Psychic|38\/100 psn\n|-damage|p2a: Tapu Lele|26\/100 psn|[from] Stealth Rock\n|-damage|p2a: Tapu Lele|1\/100 psn|[from] Spikes\n|-fieldstart|move: Psychic Terrain|[from] ability: Psychic Surge|[of] p2a: Tapu Lele\n|turn|19\n|\n|t:|1701110177\n|move|p1a: HerBrother|Close Combat|p2a: Tapu Lele\n|-resisted|p2a: Tapu Lele\n|-damage|p2a: Tapu Lele|0 fnt\n|-unboost|p1a: HerBrother|def|1\n|-unboost|p1a: HerBrother|spd|1\n|faint|p2a: Tapu Lele\n|\n|win|mmm6\n|raw|mmm6's rating: 1734 &rarr; <strong>1760<\/strong><br \/>(+26 for winning)\n|raw|The Np sweep's rating: 1845 &rarr; <strong>1819<\/strong><br \/>(-26 for losing)\n|l|\u203dThe Np sweep\n","uploadtime":1701110195,"views":1,"p1id":"mmm6","p2id":"thenpsweep","formatid":"gen9nationaldex","rating":1760,"private":0,"password":""}