{"id":"gen9nationaldex-1994412806","p1":"Osgar","p2":"yanami-go","format":"[Gen 9] National Dex","log":"|j|\u2606Osgar\n|j|\u2606yanami-go\n|t:|1700441069\n|gametype|singles\n|player|p1|Osgar|giovanni|1616\n|player|p2|yanami-go|dawn-masters3|1633\n|teamsize|p1|6\n|teamsize|p2|6\n|gen|9\n|tier|[Gen 9] National Dex\n|rated|\n|rule|HP Percentage Mod: HP is shown in percentages\n|rule|Endless Battle Clause: Forcing endless battles is banned\n|rule|OHKO Clause: OHKO moves are banned\n|rule|Evasion Clause: Evasion abilities, items, and moves are banned\n|rule|Evasion Abilities Clause: Evasion abilities are banned\n|rule|Evasion Items Clause: Evasion items are banned\n|rule|Evasion Moves Clause: Evasion moves are banned\n|rule|Species Clause: Limit one of each Pok\u00e9mon\n|rule|Sleep Clause Mod: Limit one foe put to sleep\n|clearpoke\n|poke|p1|Torkoal, F|\n|poke|p1|Great Tusk|\n|poke|p1|Ting-Lu|\n|poke|p1|Lilligant-Hisui, F|\n|poke|p1|Charizard, F|\n|poke|p1|Tapu Lele|\n|poke|p2|Tapu Koko|\n|poke|p2|Ditto|\n|poke|p2|Great Tusk|\n|poke|p2|Heatran, F|\n|poke|p2|Dragonite, M|\n|poke|p2|Sinistcha-Masterpiece|\n|teampreview\n|\n|t:|1700441090\n|start\n|switch|p1a: Great Tusk|Great Tusk|100\/100\n|switch|p2a: Great Tusk|Great Tusk|100\/100\n|turn|1\n|inactive|Battle timer is ON: inactive players will automatically lose when time's up. (requested by yanami-go)\n|\n|t:|1700441096\n|-end|p1a: Great Tusk|Protosynthesis|[silent]\n|switch|p1a: Charizard|Charizard, F|100\/100\n|-end|p2a: Great Tusk|Protosynthesis|[silent]\n|switch|p2a: Sinistcha|Sinistcha-Masterpiece|100\/100\n|\n|upkeep\n|turn|2\n|\n|t:|1700441103\n|switch|p2a: Heatran|Heatran, F|100\/100\n|detailschange|p1a: Charizard|Charizard-Mega-Y, F\n|-mega|p1a: Charizard|Charizard|Charizardite Y\n|-weather|SunnyDay|[from] ability: Drought|[of] p1a: Charizard\n|move|p1a: Charizard|Air Slash|p2a: Heatran\n|-resisted|p2a: Heatran\n|-damage|p2a: Heatran|86\/100\n|\n|-weather|SunnyDay|[upkeep]\n|-heal|p2a: Heatran|92\/100|[from] item: Leftovers\n|upkeep\n|turn|3\n|\n|t:|1700441106\n|move|p1a: Charizard|Scorching Sands|p2a: Heatran\n|-supereffective|p2a: Heatran\n|-damage|p2a: Heatran|24\/100\n|move|p2a: Heatran|Magma Storm|p1a: Charizard\n|-resisted|p1a: Charizard\n|-damage|p1a: Charizard|69\/100\n|-activate|p1a: Charizard|move: Magma Storm|[of] p2a: Heatran\n|\n|-weather|SunnyDay|[upkeep]\n|-heal|p2a: Heatran|30\/100|[from] item: Leftovers\n|-damage|p1a: Charizard|56\/100|[from] move: Magma Storm|[partiallytrapped]\n|upkeep\n|turn|4\n|\n|t:|1700441116\n|move|p1a: Charizard|Scorching Sands|p2a: Heatran\n|-supereffective|p2a: Heatran\n|-damage|p2a: Heatran|0 fnt\n|faint|p2a: Heatran\n|\n|-weather|SunnyDay|[upkeep]\n|-end|p1a: Charizard|Magma Storm|[partiallytrapped]|[silent]\n|upkeep\n|\n|t:|1700441120\n|switch|p2a: Tapu Koko|Tapu Koko|100\/100\n|-fieldstart|move: Electric Terrain|[from] ability: Electric Surge|[of] p2a: Tapu Koko\n|turn|5\n|\n|t:|1700441125\n|switch|p1a: Ting-Lu|Ting-Lu|100\/100\n|-ability|p1a: Ting-Lu|Vessel of Ruin\n|move|p2a: Tapu Koko|Thunderbolt|p1a: Ting-Lu\n|-immune|p1a: Ting-Lu\n|\n|-weather|SunnyDay|[upkeep]\n|upkeep\n|turn|6\n|\n|t:|1700441134\n|switch|p2a: Great Tusk|Great Tusk|100\/100\n|-activate|p2a: Great Tusk|ability: Protosynthesis\n|-start|p2a: Great Tusk|protosynthesisdef\n|move|p1a: Ting-Lu|Spikes|p2a: Great Tusk\n|-sidestart|p2: yanami-go|Spikes\n|\n|-weather|none\n|-end|p2a: Great Tusk|Protosynthesis\n|upkeep\n|turn|7\n|\n|t:|1700441138\n|switch|p1a: Charizard|Charizard-Mega-Y, F|56\/100\n|-weather|SunnyDay|[from] ability: Drought|[of] p1a: Charizard\n|-activate|p2a: Great Tusk|ability: Protosynthesis\n|-start|p2a: Great Tusk|protosynthesisdef\n|move|p2a: Great Tusk|Rapid Spin|p1a: Charizard\n|-damage|p1a: Charizard|31\/100\n|-boost|p2a: Great Tusk|spe|1\n|-sideend|p2: yanami-go|Spikes|[from] move: Rapid Spin|[of] p2a: Great Tusk\n|\n|-weather|SunnyDay|[upkeep]\n|upkeep\n|turn|8\n|\n|t:|1700441144\n|move|p2a: Great Tusk|Ice Spinner|p1a: Charizard\n|-damage|p1a: Charizard|0 fnt\n|-fieldend|move: Electric Terrain\n|faint|p1a: Charizard\n|\n|-weather|SunnyDay|[upkeep]\n|upkeep\n|\n|t:|1700441147\n|switch|p1a: Tapu Lele|Tapu Lele|100\/100\n|-fieldstart|move: Psychic Terrain|[from] ability: Psychic Surge|[of] p1a: Tapu Lele\n|turn|9\n|\n|t:|1700441162\n|-end|p2a: Great Tusk|Protosynthesis|[silent]\n|switch|p2a: Tapu Koko|Tapu Koko|100\/100\n|-fieldstart|move: Electric Terrain|[from] ability: Electric Surge|[of] p2a: Tapu Koko\n|move|p1a: Tapu Lele|Moonblast|p2a: Tapu Koko\n|-damage|p2a: Tapu Koko|19\/100\n|-unboost|p2a: Tapu Koko|spa|1\n|\n|-weather|SunnyDay|[upkeep]\n|upkeep\n|turn|10\n|\n|t:|1700441173\n|-zpower|p2a: Tapu Koko\n|move|p2a: Tapu Koko|Gigavolt Havoc|p1a: Tapu Lele|[zeffect]\n|-damage|p1a: Tapu Lele|30\/100\n|move|p1a: Tapu Lele|Moonblast|p2a: Tapu Koko\n|-damage|p2a: Tapu Koko|0 fnt\n|faint|p2a: Tapu Koko\n|\n|-weather|SunnyDay|[upkeep]\n|upkeep\n|\n|t:|1700441181\n|switch|p2a: Ditto|Ditto|100\/100\n|-transform|p2a: Ditto|p1a: Tapu Lele|[from] ability: Imposter\n|-fieldstart|move: Psychic Terrain|[from] ability: Psychic Surge|[of] p2a: Ditto\n|turn|11\n|\n|t:|1700441189\n|switch|p1a: Ting-Lu|Ting-Lu|100\/100\n|-ability|p1a: Ting-Lu|Vessel of Ruin\n|move|p2a: Ditto|Moonblast|p1a: Ting-Lu\n|-supereffective|p1a: Ting-Lu\n|-damage|p1a: Ting-Lu|62\/100\n|\n|-weather|none\n|-heal|p1a: Ting-Lu|68\/100|[from] item: Leftovers\n|upkeep\n|turn|12\n|\n|t:|1700441194\n|move|p2a: Ditto|Moonblast|p1a: Ting-Lu\n|-supereffective|p1a: Ting-Lu\n|-damage|p1a: Ting-Lu|26\/100\n|move|p1a: Ting-Lu|Spikes|p2a: Ditto\n|-sidestart|p2: yanami-go|Spikes\n|\n|-heal|p1a: Ting-Lu|32\/100|[from] item: Leftovers\n|upkeep\n|turn|13\n|\n|t:|1700441197\n|-terastallize|p1a: Ting-Lu|Poison\n|move|p2a: Ditto|Moonblast|p1a: Ting-Lu\n|-resisted|p1a: Ting-Lu\n|-damage|p1a: Ting-Lu|22\/100\n|move|p1a: Ting-Lu|Earthquake|p2a: Ditto\n|-damage|p2a: Ditto|41\/100\n|\n|-heal|p1a: Ting-Lu|29\/100|[from] item: Leftovers\n|upkeep\n|turn|14\n|\n|t:|1700441201\n|switch|p2a: Great Tusk|Great Tusk|100\/100\n|-damage|p2a: Great Tusk|88\/100|[from] Spikes\n|move|p1a: Ting-Lu|Earthquake|p2a: Great Tusk\n|-damage|p2a: Great Tusk|64\/100\n|\n|-heal|p2a: Great Tusk|71\/100|[from] item: Leftovers\n|-heal|p1a: Ting-Lu|35\/100|[from] item: Leftovers\n|upkeep\n|turn|15\n|\n|t:|1700441209\n|move|p2a: Great Tusk|Rapid Spin|p1a: Ting-Lu\n|-damage|p1a: Ting-Lu|24\/100\n|-boost|p2a: Great Tusk|spe|1\n|-sideend|p2: yanami-go|Spikes|[from] move: Rapid Spin|[of] p2a: Great Tusk\n|move|p1a: Ting-Lu|Whirlwind|p2a: Great Tusk\n|-end|p2a: Great Tusk|Protosynthesis|[silent]\n|drag|p2a: Ditto|Ditto|41\/100\n|-transform|p2a: Ditto|p1a: Ting-Lu|[from] ability: Imposter\n|-ability|p2a: Ditto|Vessel of Ruin\n|\n|-heal|p1a: Ting-Lu|31\/100|[from] item: Leftovers\n|-fieldend|move: Psychic Terrain\n|upkeep\n|-start|p2a: Ditto|typechange|Dark\/Ground|[silent]\n|turn|16\n|\n|t:|1700441213\n|move|p2a: Ditto|Earthquake|p1a: Ting-Lu\n|-supereffective|p1a: Ting-Lu\n|-damage|p1a: Ting-Lu|0 fnt\n|faint|p1a: Ting-Lu\n|\n|upkeep\n|\n|t:|1700441216\n|switch|p1a: Lilligant|Lilligant-Hisui, F|100\/100\n|turn|17\n|\n|t:|1700441221\n|switch|p2a: Sinistcha|Sinistcha-Masterpiece|100\/100\n|move|p1a: Lilligant|Ice Spinner|p2a: Sinistcha\n|-supereffective|p2a: Sinistcha\n|-damage|p2a: Sinistcha|52\/100\n|-damage|p1a: Lilligant|91\/100|[from] item: Life Orb\n|\n|-heal|p2a: Sinistcha|58\/100|[from] item: Leftovers\n|upkeep\n|turn|18\n|\n|t:|1700441227\n|switch|p1a: Torkoal|Torkoal, F|100\/100\n|-weather|SunnyDay|[from] ability: Drought|[of] p1a: Torkoal\n|move|p2a: Sinistcha|Strength Sap|p1a: Torkoal\n|-unboost|p1a: Torkoal|atk|1\n|-heal|p2a: Sinistcha|100\/100\n|\n|-weather|SunnyDay|[upkeep]\n|upkeep\n|turn|19\n|\n|t:|1700441230\n|move|p2a: Sinistcha|Calm Mind|p2a: Sinistcha\n|-boost|p2a: Sinistcha|spa|1\n|-boost|p2a: Sinistcha|spd|1\n|move|p1a: Torkoal|Yawn|p2a: Sinistcha\n|-start|p2a: Sinistcha|move: Yawn|[of] p1a: Torkoal\n|\n|-weather|SunnyDay|[upkeep]\n|upkeep\n|turn|20\n|\n|t:|1700441238\n|switch|p2a: Great Tusk|Great Tusk|71\/100\n|-activate|p2a: Great Tusk|ability: Protosynthesis\n|-start|p2a: Great Tusk|protosynthesisdef\n|move|p1a: Torkoal|Flamethrower|p2a: Great Tusk\n|-damage|p2a: Great Tusk|11\/100\n|\n|-weather|SunnyDay|[upkeep]\n|-heal|p2a: Great Tusk|17\/100|[from] item: Leftovers\n|upkeep\n|turn|21\n|\n|t:|1700441243\n|move|p2a: Great Tusk|Earthquake|p1a: Torkoal\n|-supereffective|p1a: Torkoal\n|-damage|p1a: Torkoal|45\/100\n|move|p1a: Torkoal|Flamethrower|p2a: Great Tusk\n|-damage|p2a: Great Tusk|0 fnt\n|faint|p2a: Great Tusk\n|-end|p2a: Great Tusk|Protosynthesis|[silent]\n|\n|-weather|SunnyDay|[upkeep]\n|upkeep\n|\n|t:|1700441255\n|switch|p2a: Dragonite|Dragonite, M|100\/100\n|turn|22\n|\n|t:|1700441258\n|move|p2a: Dragonite|Earthquake|p1a: Torkoal\n|-supereffective|p1a: Torkoal\n|-damage|p1a: Torkoal|0 fnt\n|faint|p1a: Torkoal\n|\n|-weather|SunnyDay|[upkeep]\n|upkeep\n|\n|t:|1700441260\n|switch|p1a: Tapu Lele|Tapu Lele|30\/100\n|-fieldstart|move: Psychic Terrain|[from] ability: Psychic Surge|[of] p1a: Tapu Lele\n|turn|23\n|\n|t:|1700441268\n|-terastallize|p2a: Dragonite|Normal\n|move|p1a: Tapu Lele|Moonblast|p2a: Dragonite\n|-damage|p2a: Dragonite|80\/100\n|move|p2a: Dragonite|Earthquake|p1a: Tapu Lele\n|-damage|p1a: Tapu Lele|0 fnt\n|faint|p1a: Tapu Lele\n|\n|-weather|SunnyDay|[upkeep]\n|upkeep\n|\n|t:|1700441271\n|switch|p1a: Great Tusk|Great Tusk|100\/100\n|-activate|p1a: Great Tusk|ability: Protosynthesis\n|-start|p1a: Great Tusk|protosynthesisatk\n|turn|24\n|\n|t:|1700441276\n|-end|p1a: Great Tusk|Protosynthesis|[silent]\n|switch|p1a: Lilligant|Lilligant-Hisui, F|91\/100\n|switch|p2a: Sinistcha|Sinistcha-Masterpiece|100\/100\n|\n|-weather|SunnyDay|[upkeep]\n|upkeep\n|turn|25\n|\n|t:|1700441281\n|move|p1a: Lilligant|Ice Spinner|p2a: Sinistcha\n|-supereffective|p2a: Sinistcha\n|-damage|p2a: Sinistcha|55\/100\n|-fieldend|move: Psychic Terrain\n|-damage|p1a: Lilligant|81\/100|[from] item: Life Orb\n|move|p2a: Sinistcha|Strength Sap|p1a: Lilligant\n|-unboost|p1a: Lilligant|atk|1\n|-heal|p2a: Sinistcha|100\/100\n|\n|-weather|none\n|upkeep\n|turn|26\n|\n|t:|1700441284\n|switch|p1a: Great Tusk|Great Tusk|100\/100\n|move|p2a: Sinistcha|Calm Mind|p2a: Sinistcha\n|-boost|p2a: Sinistcha|spa|1\n|-boost|p2a: Sinistcha|spd|1\n|\n|upkeep\n|turn|27\n|\n|t:|1700441288\n|move|p1a: Great Tusk|Knock Off|p2a: Sinistcha\n|-supereffective|p2a: Sinistcha\n|-damage|p2a: Sinistcha|55\/100\n|-enditem|p2a: Sinistcha|Leftovers|[from] move: Knock Off|[of] p1a: Great Tusk\n|move|p2a: Sinistcha|Strength Sap|p1a: Great Tusk\n|-unboost|p1a: Great Tusk|atk|1\n|-heal|p2a: Sinistcha|100\/100\n|\n|upkeep\n|turn|28\n|\n|t:|1700441293\n|-end|p1a: Great Tusk|Protosynthesis|[silent]\n|switch|p1a: Lilligant|Lilligant-Hisui, F|81\/100\n|move|p2a: Sinistcha|Calm Mind|p2a: Sinistcha\n|-boost|p2a: Sinistcha|spa|1\n|-boost|p2a: Sinistcha|spd|1\n|\n|upkeep\n|turn|29\n|\n|t:|1700441296\n|move|p1a: Lilligant|Ice Spinner|p2a: Sinistcha\n|-supereffective|p2a: Sinistcha\n|-damage|p2a: Sinistcha|52\/100\n|-damage|p1a: Lilligant|71\/100|[from] item: Life Orb\n|move|p2a: Sinistcha|Strength Sap|p1a: Lilligant\n|-unboost|p1a: Lilligant|atk|1\n|-heal|p2a: Sinistcha|100\/100\n|\n|upkeep\n|turn|30\n|\n|t:|1700441299\n|move|p1a: Lilligant|Ice Spinner|p2a: Sinistcha\n|-supereffective|p2a: Sinistcha\n|-damage|p2a: Sinistcha|69\/100\n|-damage|p1a: Lilligant|61\/100|[from] item: Life Orb\n|move|p2a: Sinistcha|Shadow Ball|p1a: Lilligant\n|-damage|p1a: Lilligant|0 fnt\n|faint|p1a: Lilligant\n|\n|upkeep\n|\n|t:|1700441301\n|switch|p1a: Great Tusk|Great Tusk|100\/100\n|turn|31\n|\n|t:|1700441303\n|move|p1a: Great Tusk|Ice Spinner|p2a: Sinistcha\n|-supereffective|p2a: Sinistcha\n|-damage|p2a: Sinistcha|27\/100\n|move|p2a: Sinistcha|Strength Sap|p1a: Great Tusk\n|-unboost|p1a: Great Tusk|atk|1\n|-heal|p2a: Sinistcha|100\/100\n|\n|upkeep\n|turn|32\n|\n|t:|1700441305\n|move|p1a: Great Tusk|Ice Spinner|p2a: Sinistcha\n|-supereffective|p2a: Sinistcha\n|-damage|p2a: Sinistcha|74\/100\n|move|p2a: Sinistcha|Matcha Gotcha|p1a: Great Tusk\n|-supereffective|p1a: Great Tusk\n|-damage|p1a: Great Tusk|0 fnt\n|-heal|p2a: Sinistcha|100\/100|[from] drain|[of] p1a: Great Tusk\n|faint|p1a: Great Tusk\n|-end|p1a: Great Tusk|Protosynthesis|[silent]\n|\n|win|yanami-go\n|raw|Osgar's rating: 1616 &rarr; <strong>1597<\/strong><br \/>(-19 for losing)\n|raw|yanami-go's rating: 1633 &rarr; <strong>1652<\/strong><br \/>(+19 for winning)\n|l|\u2606Osgar\n","uploadtime":1700441451,"views":10,"p1id":"osgar","p2id":"yanamigo","formatid":"gen9nationaldex","rating":1597,"private":0,"password":""}