{"id":"gen9nationaldex-1988122142","p1":"TeamGardevoir123","p2":"isma_PE","format":"[Gen 9] National Dex","log":"|j|\u2606TeamGardevoir123\n|j|\u2606isma_PE\n|t:|1699672282\n|gametype|singles\n|player|p1|TeamGardevoir123|rosa-masters2|\n|player|p2|isma_PE|hilbert-wonderlauncher|\n|teamsize|p1|6\n|teamsize|p2|6\n|gen|9\n|tier|[Gen 9] National Dex\n|rule|HP Percentage Mod: HP is shown in percentages\n|rule|Endless Battle Clause: Forcing endless battles is banned\n|rule|OHKO Clause: OHKO moves are banned\n|rule|Evasion Clause: Evasion abilities, items, and moves are banned\n|rule|Evasion Abilities Clause: Evasion abilities are banned\n|rule|Evasion Items Clause: Evasion items are banned\n|rule|Evasion Moves Clause: Evasion moves are banned\n|rule|Species Clause: Limit one of each Pok\u00e9mon\n|rule|Sleep Clause Mod: Limit one foe put to sleep\n|clearpoke\n|poke|p1|Amoonguss, M|\n|poke|p1|Absol, F|\n|poke|p1|Hatterene, F|\n|poke|p1|Grimmsnarl, M|\n|poke|p1|Delphox, F|\n|poke|p1|Moltres-Galar|\n|poke|p2|Meowscarada, F|\n|poke|p2|Moltres-Galar|\n|poke|p2|Brute Bonnet|\n|poke|p2|Grimmsnarl, M|\n|poke|p2|Necrozma|\n|poke|p2|Houndstone, F|\n|teampreview\n|c|\u2606isma_PE|Un rato que pondr\u00e9 mi m\u00fasica XD\n|l|\u2606isma_PE\n|player|p2|\n|c|\u2606TeamGardevoir123|A bueno\n|j|\u2606isma_PE\n|player|p2|isma_PE|hilbert-wonderlauncher\n|c|\u2606TeamGardevoir123|Como ponerse hacks en Pokemon Showdown buscar *\n|\n|t:|1699672458\n|start\n|switch|p1a: Grimmsnarl|Grimmsnarl, M|100\/100\n|switch|p2a: Houndstone|Houndstone, F|100\/100\n|turn|1\n|\n|t:|1699672466\n|move|p1a: Grimmsnarl|Reflect|p1a: Grimmsnarl\n|-sidestart|p1: TeamGardevoir123|Reflect\n|move|p2a: Houndstone|Poltergeist|p1a: Grimmsnarl|[miss]\n|-miss|p2a: Houndstone|p1a: Grimmsnarl\n|\n|upkeep\n|turn|2\n|\n|t:|1699672486\n|switch|p2a: Meowscarada|Meowscarada, F|100\/100\n|move|p1a: Grimmsnarl|Spirit Break|p2a: Meowscarada\n|-supereffective|p2a: Meowscarada\n|-damage|p2a: Meowscarada|7\/100\n|-unboost|p2a: Meowscarada|spa|1\n|\n|upkeep\n|turn|3\n|\n|t:|1699672498\n|switch|p1a: Amoonguss|Amoonguss, M|100\/100\n|move|p2a: Meowscarada|Play Rough|p1a: Amoonguss\n|-start|p2a: Meowscarada|typechange|Fairy|[from] ability: Protean\n|-resisted|p1a: Amoonguss\n|-damage|p1a: Amoonguss|84\/100\n|-damage|p2a: Meowscarada|0 fnt|[from] item: Rocky Helmet|[of] p1a: Amoonguss\n|faint|p2a: Meowscarada\n|\n|upkeep\n|\n|t:|1699672517\n|switch|p2a: Grimmsnarl|Grimmsnarl, M|100\/100\n|turn|4\n|\n|t:|1699672532\n|switch|p1a: Grimmsnarl|Grimmsnarl, M|100\/100\n|move|p2a: Grimmsnarl|Light Screen|p2a: Grimmsnarl\n|-sidestart|p2: isma_PE|move: Light Screen\n|\n|upkeep\n|turn|5\n|\n|t:|1699672548\n|switch|p2a: Houndstone|Houndstone, F|100\/100\n|move|p1a: Grimmsnarl|Spirit Break|p2a: Houndstone\n|-damage|p2a: Houndstone|90\/100\n|-unboost|p2a: Houndstone|spa|1\n|\n|-heal|p2a: Houndstone|96\/100|[from] item: Leftovers\n|upkeep\n|turn|6\n|\n|t:|1699672560\n|move|p1a: Grimmsnarl|Parting Shot|p2a: Houndstone\n|-unboost|p2a: Houndstone|atk|1\n|-unboost|p2a: Houndstone|spa|1\n|\n|t:|1699672566\n|switch|p1a: Amoonguss|Amoonguss, M|100\/100|[from] Parting Shot\n|move|p2a: Houndstone|Will-O-Wisp|p1a: Amoonguss\n|-status|p1a: Amoonguss|brn\n|\n|-heal|p2a: Houndstone|100\/100|[from] item: Leftovers\n|-damage|p1a: Amoonguss|94\/100 brn|[from] brn\n|upkeep\n|turn|7\n|\n|t:|1699672586\n|switch|p2a: Moltres|Moltres-Galar|100\/100\n|move|p1a: Amoonguss|Toxic|p2a: Moltres\n|-status|p2a: Moltres|tox\n|\n|-damage|p2a: Moltres|94\/100 tox|[from] psn\n|-damage|p1a: Amoonguss|88\/100 brn|[from] brn\n|upkeep\n|turn|8\n|\n|t:|1699672612\n|switch|p1a: Moltres|Moltres-Galar, shiny|100\/100\n|move|p2a: Moltres|Agility|p2a: Moltres\n|-boost|p2a: Moltres|spe|2\n|\n|-damage|p2a: Moltres|82\/100 tox|[from] psn\n|-sideend|p1: TeamGardevoir123|Reflect\n|upkeep\n|turn|9\n|\n|t:|1699672624\n|move|p2a: Moltres|Fiery Wrath|p1a: Moltres\n|-resisted|p1a: Moltres\n|-damage|p1a: Moltres|84\/100\n|move|p1a: Moltres|Hurricane|p2a: Moltres\n|-damage|p2a: Moltres|60\/100 tox\n|\n|-damage|p2a: Moltres|42\/100 tox|[from] psn\n|upkeep\n|turn|10\n|\n|t:|1699672637\n|move|p2a: Moltres|Rest|p2a: Moltres\n|-status|p2a: Moltres|slp|[from] move: Rest\n|-heal|p2a: Moltres|100\/100 slp|[silent]\n|-enditem|p2a: Moltres|Chesto Berry|[eat]\n|-curestatus|p2a: Moltres|slp|[msg]\n|move|p1a: Moltres|Tailwind|p1a: Moltres\n|-sidestart|p1: TeamGardevoir123|move: Tailwind\n|\n|upkeep\n|turn|11\n|\n|t:|1699672649\n|move|p2a: Moltres|Fiery Wrath|p1a: Moltres\n|-resisted|p1a: Moltres\n|-damage|p1a: Moltres|70\/100\n|move|p1a: Moltres|Hurricane|p2a: Moltres\n|-damage|p2a: Moltres|78\/100\n|-start|p2a: Moltres|confusion\n|\n|-sideend|p2: isma_PE|move: Light Screen\n|upkeep\n|turn|12\n|\n|t:|1699672660\n|-activate|p2a: Moltres|confusion\n|move|p2a: Moltres|Substitute|p2a: Moltres\n|-start|p2a: Moltres|Substitute\n|-damage|p2a: Moltres|53\/100\n|move|p1a: Moltres|Hurricane|p2a: Moltres|[miss]\n|-miss|p1a: Moltres|p2a: Moltres\n|\n|upkeep\n|turn|13\n|\n|t:|1699672670\n|-activate|p2a: Moltres|confusion\n|-damage|p2a: Moltres|46\/100|[from] confusion\n|move|p1a: Moltres|Hurricane|p2a: Moltres\n|-end|p2a: Moltres|Substitute\n|\n|-sideend|p1: TeamGardevoir123|move: Tailwind\n|upkeep\n|turn|14\n|\n|t:|1699672680\n|-activate|p2a: Moltres|confusion\n|move|p2a: Moltres|Fiery Wrath|p1a: Moltres\n|-resisted|p1a: Moltres\n|-damage|p1a: Moltres|53\/100\n|cant|p1a: Moltres|flinch\n|\n|upkeep\n|turn|15\n|\n|t:|1699672708\n|-activate|p2a: Moltres|confusion\n|move|p2a: Moltres|Fiery Wrath|p1a: Moltres\n|-resisted|p1a: Moltres\n|-damage|p1a: Moltres|38\/100\n|-ability|p1a: Moltres|Berserk|boost\n|-boost|p1a: Moltres|spa|1\n|move|p1a: Moltres|Hurricane|p2a: Moltres\n|-damage|p2a: Moltres|0 fnt\n|faint|p2a: Moltres\n|\n|upkeep\n|\n|t:|1699672721\n|switch|p2a: Brute Bonnet|Brute Bonnet|100\/100\n|turn|16\n|\n|t:|1699672728\n|switch|p1a: Amoonguss|Amoonguss, M|100\/100 brn\n|-terastallize|p2a: Brute Bonnet|Dark\n|move|p2a: Brute Bonnet|Sucker Punch||[still]\n|-fail|p2a: Brute Bonnet\n|\n|-damage|p1a: Amoonguss|94\/100 brn|[from] brn\n|upkeep\n|turn|17\n|l|\u2606isma_PE\n|player|p2|\n|j|\u2606isma_PE\n|player|p2|isma_PE|hilbert-wonderlauncher\n|\n|t:|1699672812\n|-end|p2a: Brute Bonnet|Protosynthesis|[silent]\n|switch|p2a: Grimmsnarl|Grimmsnarl, M|100\/100\n|move|p1a: Amoonguss|Toxic|p2a: Grimmsnarl\n|-status|p2a: Grimmsnarl|tox\n|\n|-damage|p2a: Grimmsnarl|94\/100 tox|[from] psn\n|-damage|p1a: Amoonguss|88\/100 brn|[from] brn\n|upkeep\n|turn|18\n|\n|t:|1699672833\n|switch|p1a: Grimmsnarl|Grimmsnarl, M|100\/100\n|move|p2a: Grimmsnarl|Light Screen|p2a: Grimmsnarl\n|-sidestart|p2: isma_PE|move: Light Screen\n|\n|-damage|p2a: Grimmsnarl|82\/100 tox|[from] psn\n|upkeep\n|turn|19\n|\n|t:|1699672845\n|switch|p2a: Houndstone|Houndstone, F|100\/100\n|move|p1a: Grimmsnarl|Reflect|p1a: Grimmsnarl\n|-sidestart|p1: TeamGardevoir123|Reflect\n|\n|upkeep\n|turn|20\n|\n|t:|1699672856\n|switch|p1a: MBFF|Hatterene, F|100\/100\n|move|p2a: Houndstone|Will-O-Wisp|p1a: MBFF\n|move|p1a: MBFF|Will-O-Wisp|p2a: Houndstone|[from]ability: Magic Bounce\n|-status|p2a: Houndstone|brn\n|\n|-damage|p2a: Houndstone|94\/100 brn|[from] brn\n|upkeep\n|turn|21\n|\n|t:|1699672871\n|move|p2a: Houndstone|Poltergeist|p1a: MBFF\n|-activate|p1a: MBFF|move: Poltergeist|Leftovers\n|-supereffective|p1a: MBFF\n|-damage|p1a: MBFF|86\/100\n|move|p1a: MBFF|Calm Mind|p1a: MBFF\n|-boost|p1a: MBFF|spa|1\n|-boost|p1a: MBFF|spd|1\n|\n|-heal|p2a: Houndstone|100\/100 brn|[from] item: Leftovers\n|-heal|p1a: MBFF|92\/100|[from] item: Leftovers\n|-damage|p2a: Houndstone|94\/100 brn|[from] brn\n|upkeep\n|turn|22\n|\n|t:|1699672886\n|move|p2a: Houndstone|Poltergeist|p1a: MBFF\n|-activate|p1a: MBFF|move: Poltergeist|Leftovers\n|-supereffective|p1a: MBFF\n|-damage|p1a: MBFF|77\/100\n|move|p1a: MBFF|Calm Mind|p1a: MBFF\n|-boost|p1a: MBFF|spa|1\n|-boost|p1a: MBFF|spd|1\n|\n|-heal|p2a: Houndstone|100\/100 brn|[from] item: Leftovers\n|-heal|p1a: MBFF|83\/100|[from] item: Leftovers\n|-damage|p2a: Houndstone|94\/100 brn|[from] brn\n|upkeep\n|turn|23\n|\n|t:|1699672900\n|move|p2a: Houndstone|Poltergeist|p1a: MBFF\n|-activate|p1a: MBFF|move: Poltergeist|Leftovers\n|-supereffective|p1a: MBFF\n|-damage|p1a: MBFF|68\/100\n|move|p1a: MBFF|Draining Kiss|p2a: Houndstone\n|-damage|p2a: Houndstone|82\/100 brn\n|-heal|p1a: MBFF|78\/100|[from] drain|[of] p2a: Houndstone\n|\n|-heal|p2a: Houndstone|88\/100 brn|[from] item: Leftovers\n|-heal|p1a: MBFF|84\/100|[from] item: Leftovers\n|-damage|p2a: Houndstone|82\/100 brn|[from] brn\n|upkeep\n|turn|24\n|\n|t:|1699672915\n|switch|p2a: Necrozma|Necrozma|100\/100\n|move|p1a: MBFF|Calm Mind|p1a: MBFF\n|-boost|p1a: MBFF|spa|1\n|-boost|p1a: MBFF|spd|1\n|\n|-heal|p1a: MBFF|90\/100|[from] item: Leftovers\n|upkeep\n|turn|25\n|\n|t:|1699672929\n|move|p2a: Necrozma|Substitute|p2a: Necrozma\n|-start|p2a: Necrozma|Substitute\n|-damage|p2a: Necrozma|75\/100\n|move|p1a: MBFF|Draining Kiss|p2a: Necrozma\n|-end|p2a: Necrozma|Substitute\n|-heal|p1a: MBFF|100\/100|[from] drain|[of] p2a: Necrozma\n|\n|-sideend|p2: isma_PE|move: Light Screen\n|upkeep\n|turn|26\n|\n|t:|1699672942\n|move|p2a: Necrozma|Dragon Dance|p2a: Necrozma\n|-boost|p2a: Necrozma|atk|1\n|-boost|p2a: Necrozma|spe|1\n|move|p1a: MBFF|Draining Kiss|p2a: Necrozma\n|-damage|p2a: Necrozma|8\/100\n|\n|-sideend|p1: TeamGardevoir123|Reflect\n|upkeep\n|turn|27\n|\n|t:|1699672951\n|move|p2a: Necrozma|Earthquake|p1a: MBFF\n|-damage|p1a: MBFF|57\/100\n|move|p1a: MBFF|Draining Kiss|p2a: Necrozma\n|-damage|p2a: Necrozma|0 fnt\n|-heal|p1a: MBFF|63\/100|[from] drain|[of] p2a: Necrozma\n|faint|p2a: Necrozma\n|\n|-heal|p1a: MBFF|69\/100|[from] item: Leftovers\n|upkeep\n|\n|t:|1699672985\n|switch|p2a: Grimmsnarl|Grimmsnarl, M|82\/100 tox\n|turn|28\n|\n|t:|1699672993\n|move|p2a: Grimmsnarl|Light Screen|p2a: Grimmsnarl\n|-sidestart|p2: isma_PE|move: Light Screen\n|move|p1a: MBFF|Draining Kiss|p2a: Grimmsnarl\n|-supereffective|p2a: Grimmsnarl\n|-damage|p2a: Grimmsnarl|43\/100 tox\n|-heal|p1a: MBFF|100\/100|[from] drain|[of] p2a: Grimmsnarl\n|\n|-damage|p2a: Grimmsnarl|37\/100 tox|[from] psn\n|upkeep\n|turn|29\n|\n|t:|1699673003\n|switch|p2a: Houndstone|Houndstone, F|82\/100 brn\n|move|p1a: MBFF|Calm Mind|p1a: MBFF\n|-boost|p1a: MBFF|spa|1\n|-boost|p1a: MBFF|spd|1\n|\n|-heal|p2a: Houndstone|88\/100 brn|[from] item: Leftovers\n|-damage|p2a: Houndstone|82\/100 brn|[from] brn\n|upkeep\n|turn|30\n|\n|t:|1699673017\n|move|p2a: Houndstone|Poltergeist|p1a: MBFF\n|-activate|p1a: MBFF|move: Poltergeist|Leftovers\n|-supereffective|p1a: MBFF\n|-damage|p1a: MBFF|70\/100\n|move|p1a: MBFF|Psyshock|p2a: Houndstone\n|-damage|p2a: Houndstone|42\/100 brn\n|\n|-heal|p2a: Houndstone|48\/100 brn|[from] item: Leftovers\n|-heal|p1a: MBFF|76\/100|[from] item: Leftovers\n|-damage|p2a: Houndstone|42\/100 brn|[from] brn\n|upkeep\n|turn|31\n|\n|t:|1699673031\n|move|p2a: Houndstone|Poltergeist|p1a: MBFF\n|-activate|p1a: MBFF|move: Poltergeist|Leftovers\n|-supereffective|p1a: MBFF\n|-damage|p1a: MBFF|44\/100\n|move|p1a: MBFF|Draining Kiss|p2a: Houndstone\n|-damage|p2a: Houndstone|25\/100 brn\n|-heal|p1a: MBFF|58\/100|[from] drain|[of] p2a: Houndstone\n|\n|-heal|p2a: Houndstone|31\/100 brn|[from] item: Leftovers\n|-heal|p1a: MBFF|64\/100|[from] item: Leftovers\n|-damage|p2a: Houndstone|25\/100 brn|[from] brn\n|upkeep\n|turn|32\n|\n|t:|1699673069\n|move|p2a: Houndstone|Poltergeist|p1a: MBFF\n|-activate|p1a: MBFF|move: Poltergeist|Leftovers\n|-supereffective|p1a: MBFF\n|-damage|p1a: MBFF|36\/100\n|move|p1a: MBFF|Psyshock|p2a: Houndstone\n|-damage|p2a: Houndstone|0 fnt\n|faint|p2a: Houndstone\n|\n|-heal|p1a: MBFF|42\/100|[from] item: Leftovers\n|upkeep\n|\n|t:|1699673079\n|switch|p2a: Brute Bonnet|Brute Bonnet, tera:Dark|100\/100\n|turn|33\n|\n|t:|1699673085\n|switch|p1a: Amoonguss|Amoonguss, M|100\/100 brn\n|move|p2a: Brute Bonnet|Sucker Punch||[still]\n|-fail|p2a: Brute Bonnet\n|\n|-damage|p1a: Amoonguss|94\/100 brn|[from] brn\n|upkeep\n|turn|34\n|\n|t:|1699673110\n|-end|p2a: Brute Bonnet|Protosynthesis|[silent]\n|switch|p2a: Grimmsnarl|Grimmsnarl, M|37\/100 tox\n|move|p1a: Amoonguss|Spore||[still]\n|-fail|p1a: Amoonguss\n|\n|-damage|p2a: Grimmsnarl|31\/100 tox|[from] psn\n|-damage|p1a: Amoonguss|88\/100 brn|[from] brn\n|upkeep\n|turn|35\n|\n|t:|1699673122\n|move|p2a: Grimmsnarl|Parting Shot|p1a: Amoonguss\n|-unboost|p1a: Amoonguss|atk|1\n|-unboost|p1a: Amoonguss|spa|1\n|\n|t:|1699673128\n|switch|p2a: Brute Bonnet|Brute Bonnet, tera:Dark|100\/100|[from] Parting Shot\n|move|p1a: Amoonguss|Sludge Bomb|p2a: Brute Bonnet\n|-damage|p2a: Brute Bonnet|93\/100\n|\n|-damage|p1a: Amoonguss|82\/100 brn|[from] brn\n|-sideend|p2: isma_PE|move: Light Screen\n|upkeep\n|turn|36\n|\n|t:|1699673207\n|move|p2a: Brute Bonnet|Sucker Punch||[still]\n|-fail|p2a: Brute Bonnet\n|move|p1a: Amoonguss|Toxic|p2a: Brute Bonnet\n|-status|p2a: Brute Bonnet|tox\n|\n|-damage|p2a: Brute Bonnet|87\/100 tox|[from] psn\n|-damage|p1a: Amoonguss|75\/100 brn|[from] brn\n|upkeep\n|turn|37\n|\n|t:|1699673222\n|move|p2a: Brute Bonnet|Seed Bomb|p1a: Amoonguss\n|-resisted|p1a: Amoonguss\n|-damage|p1a: Amoonguss|63\/100 brn\n|move|p1a: Amoonguss|Sludge Bomb|p2a: Brute Bonnet\n|-damage|p2a: Brute Bonnet|72\/100 tox\n|\n|-damage|p2a: Brute Bonnet|60\/100 tox|[from] psn\n|-damage|p1a: Amoonguss|57\/100 brn|[from] brn\n|upkeep\n|turn|38\n|\n|t:|1699673234\n|move|p2a: Brute Bonnet|Sucker Punch|p1a: Amoonguss\n|-damage|p1a: Amoonguss|0 fnt\n|-damage|p2a: Brute Bonnet|43\/100 tox|[from] item: Rocky Helmet|[of] p1a: Amoonguss\n|faint|p1a: Amoonguss\n|\n|-damage|p2a: Brute Bonnet|25\/100 tox|[from] psn\n|upkeep\n|\n|t:|1699673243\n|switch|p1a: Grimmsnarl|Grimmsnarl, M|100\/100\n|turn|39\n|\n|t:|1699673267\n|move|p1a: Grimmsnarl|Reflect|p1a: Grimmsnarl\n|-sidestart|p1: TeamGardevoir123|Reflect\n|move|p2a: Brute Bonnet|Sucker Punch||[still]\n|-fail|p2a: Brute Bonnet\n|\n|-damage|p2a: Brute Bonnet|0 fnt|[from] psn\n|faint|p2a: Brute Bonnet\n|-end|p2a: Brute Bonnet|Protosynthesis|[silent]\n|upkeep\n|\n|t:|1699673272\n|switch|p2a: Grimmsnarl|Grimmsnarl, M|31\/100 tox\n|turn|40\n|\n|t:|1699673278\n|move|p2a: Grimmsnarl|Thunder Wave|p1a: Grimmsnarl\n|-hint|Since gen 7, Dark is immune to Prankster moves.\n|-immune|p1a: Grimmsnarl\n|move|p1a: Grimmsnarl|Spirit Break|p2a: Grimmsnarl\n|-supereffective|p2a: Grimmsnarl\n|-damage|p2a: Grimmsnarl|0 fnt\n|faint|p2a: Grimmsnarl\n|\n|win|TeamGardevoir123\n","uploadtime":1699673291,"views":6,"p1id":"teamgardevoir123","p2id":"ismape","formatid":"gen9nationaldex","rating":0,"private":0,"password":""}