{"id":"gen9nationaldex-1992729265","p1":"Handaki","p2":"ryan_farhan","format":"[Gen 9] National Dex","log":"|j|\u2606Handaki\n|j|\u2606ryan_farhan\n|t:|1700229895\n|gametype|singles\n|player|p1|Handaki|palmer|1197\n|player|p2|ryan_farhan|170|1125\n|teamsize|p1|6\n|teamsize|p2|6\n|gen|9\n|tier|[Gen 9] National Dex\n|rated|\n|rule|HP Percentage Mod: HP is shown in percentages\n|rule|Endless Battle Clause: Forcing endless battles is banned\n|rule|OHKO Clause: OHKO moves are banned\n|rule|Evasion Clause: Evasion abilities, items, and moves are banned\n|rule|Evasion Abilities Clause: Evasion abilities are banned\n|rule|Evasion Items Clause: Evasion items are banned\n|rule|Evasion Moves Clause: Evasion moves are banned\n|rule|Species Clause: Limit one of each Pok\u00e9mon\n|rule|Sleep Clause Mod: Limit one foe put to sleep\n|clearpoke\n|poke|p1|Charizard, M|\n|poke|p1|Venusaur, M|\n|poke|p1|Torkoal, M|\n|poke|p1|Kartana|\n|poke|p1|Ceruledge, M|\n|poke|p1|Slither Wing|\n|poke|p2|Gyarados, M|\n|poke|p2|Wartortle, F|\n|poke|p2|Politoed, M|\n|poke|p2|Lapras, M|\n|poke|p2|Starmie|\n|poke|p2|Kingdra, M|\n|teampreview\n|inactive|Battle timer is ON: inactive players will automatically lose when time's up. (requested by ryan_farhan)\n|\n|t:|1700229908\n|start\n|switch|p1a: Charizard|Charizard, M, shiny|100\/100\n|switch|p2a: Lapras|Lapras, M|100\/100\n|turn|1\n|\n|t:|1700229917\n|detailschange|p1a: Charizard|Charizard-Mega-Y, M, shiny\n|-mega|p1a: Charizard|Charizard|Charizardite Y\n|-weather|SunnyDay|[from] ability: Drought|[of] p1a: Charizard\n|move|p2a: Lapras|Protect|p2a: Lapras\n|-singleturn|p2a: Lapras|Protect\n|move|p1a: Charizard|Solar Beam||[still]\n|-prepare|p1a: Charizard|Solar Beam\n|-anim|p1a: Charizard|Solar Beam|p2a: Lapras\n|-activate|p2a: Lapras|move: Protect\n|\n|-weather|SunnyDay|[upkeep]\n|upkeep\n|turn|2\n|\n|t:|1700229928\n|switch|p2a: Politoed|Politoed, M|100\/100\n|-weather|RainDance|[from] ability: Drizzle|[of] p2a: Politoed\n|move|p1a: Charizard|Solar Beam||[still]\n|-prepare|p1a: Charizard|Solar Beam\n|\n|-weather|RainDance|[upkeep]\n|upkeep\n|turn|3\n|\n|t:|1700229948\n|move|p1a: Charizard|Solar Beam|p2a: Politoed|[from]lockedmove\n|-supereffective|p2a: Politoed\n|-crit|p2a: Politoed\n|-damage|p2a: Politoed|39\/100\n|move|p2a: Politoed|Weather Ball|p1a: Charizard\n|-supereffective|p1a: Charizard\n|-damage|p1a: Charizard|0 fnt\n|faint|p1a: Charizard\n|\n|-weather|RainDance|[upkeep]\n|upkeep\n|\n|t:|1700229956\n|switch|p1a: Torkoal|Torkoal, M|100\/100\n|-weather|SunnyDay|[from] ability: Drought|[of] p1a: Torkoal\n|turn|4\n|\n|t:|1700229964\n|move|p2a: Politoed|Earth Power|p1a: Torkoal\n|-supereffective|p1a: Torkoal\n|-damage|p1a: Torkoal|24\/100\n|move|p1a: Torkoal|Stealth Rock|p2a: Politoed\n|-sidestart|p2: ryan_farhan|move: Stealth Rock\n|\n|-weather|SunnyDay|[upkeep]\n|upkeep\n|turn|5\n|\n|t:|1700229975\n|switch|p1a: Venusaur|Venusaur, M|100\/100\n|move|p2a: Politoed|Weather Ball|p1a: Venusaur\n|-supereffective|p1a: Venusaur\n|-crit|p1a: Venusaur\n|-damage|p1a: Venusaur|0 fnt\n|faint|p1a: Venusaur\n|\n|-weather|SunnyDay|[upkeep]\n|upkeep\n|-message|Handaki forfeited.\n|\n|win|ryan_farhan\n|raw|Handaki's rating: 1197 &rarr; <strong>1167<\/strong><br \/>(-30 for losing)\n|raw|ryan_farhan's rating: 1125 &rarr; <strong>1155<\/strong><br \/>(+30 for winning)\n|l|\u2606Handaki\n","uploadtime":1700229990,"views":9,"p1id":"handaki","p2id":"ryanfarhan","formatid":"gen9nationaldex","rating":1155,"private":0,"password":""}