{"id":"gen9nationaldex-1993297237","p1":"Jam20Jam","p2":"lunchbox5536","format":"[Gen 9] National Dex","log":"|j|\u2606Jam20Jam\n|j|\u2606lunchbox5536\n|t:|1700292784\n|gametype|singles\n|player|p1|Jam20Jam|carmine|\n|player|p2|lunchbox5536|ghetsis|\n|teamsize|p1|6\n|teamsize|p2|6\n|gen|9\n|tier|[Gen 9] National Dex\n|rule|HP Percentage Mod: HP is shown in percentages\n|rule|Endless Battle Clause: Forcing endless battles is banned\n|rule|OHKO Clause: OHKO moves are banned\n|rule|Evasion Clause: Evasion abilities, items, and moves are banned\n|rule|Evasion Abilities Clause: Evasion abilities are banned\n|rule|Evasion Items Clause: Evasion items are banned\n|rule|Evasion Moves Clause: Evasion moves are banned\n|rule|Species Clause: Limit one of each Pok\u00e9mon\n|rule|Sleep Clause Mod: Limit one foe put to sleep\n|clearpoke\n|poke|p1|Skeledirge, M|\n|poke|p1|Grimer-Alola, M|\n|poke|p1|Coalossal, F|\n|poke|p1|Veluza, M|\n|poke|p1|Cetitan, M|\n|poke|p1|Great Tusk|\n|poke|p2|Lilligant-Hisui, F|\n|poke|p2|Zoroark-Hisui, F|\n|poke|p2|Grimmsnarl, M|\n|poke|p2|Sableye, F|\n|poke|p2|Klawf, M|\n|poke|p2|Shelgon, F|\n|teampreview\n|\n|t:|1700292800\n|start\n|switch|p1a: SpanishInquisition|Coalossal, F|100\/100\n|switch|p2a: AAAAAAAAAAAA|Klawf, M|100\/100\n|turn|1\n|\n|t:|1700292819\n|move|p2a: AAAAAAAAAAAA|Stealth Rock|p1a: SpanishInquisition\n|-sidestart|p1: Jam20Jam|move: Stealth Rock\n|move|p1a: SpanishInquisition|Earthquake|p2a: AAAAAAAAAAAA\n|-supereffective|p2a: AAAAAAAAAAAA\n|-damage|p2a: AAAAAAAAAAAA|49\/100\n|\n|upkeep\n|turn|2\n|\n|t:|1700292849\n|switch|p2a: Sableye|Sableye, F|100\/100\n|move|p1a: SpanishInquisition|Earthquake|p2a: Sableye\n|-damage|p2a: Sableye|64\/100\n|\n|-heal|p2a: Sableye|70\/100|[from] item: Leftovers\n|upkeep\n|turn|3\n|\n|t:|1700292858\n|move|p2a: Sableye|Knock Off|p1a: SpanishInquisition\n|-damage|p1a: SpanishInquisition|81\/100\n|-status|p2a: Sableye|brn|[from] ability: Flame Body|[of] p1a: SpanishInquisition\n|-enditem|p1a: SpanishInquisition|Assault Vest|[from] move: Knock Off|[of] p2a: Sableye\n|move|p1a: SpanishInquisition|Heat Crash|p2a: Sableye\n|-damage|p2a: Sableye|0 fnt\n|faint|p2a: Sableye\n|\n|upkeep\n|\n|t:|1700292866\n|switch|p2a: Krampus|Grimmsnarl, M|100\/100\n|turn|4\n|\n|t:|1700292879\n|move|p2a: Krampus|Superpower|p1a: SpanishInquisition\n|-supereffective|p1a: SpanishInquisition\n|-damage|p1a: SpanishInquisition|23\/100\n|-unboost|p2a: Krampus|atk|1\n|-unboost|p2a: Krampus|def|1\n|move|p1a: SpanishInquisition|Earthquake|p2a: Krampus\n|-damage|p2a: Krampus|50\/100\n|\n|upkeep\n|turn|5\n|\n|t:|1700292892\n|move|p2a: Krampus|Superpower|p1a: SpanishInquisition\n|-supereffective|p1a: SpanishInquisition\n|-damage|p1a: SpanishInquisition|0 fnt\n|-unboost|p2a: Krampus|atk|1\n|-unboost|p2a: Krampus|def|1\n|faint|p1a: SpanishInquisition\n|\n|upkeep\n|\n|t:|1700292898\n|switch|p1a: Great Tusk|Great Tusk|100\/100\n|-damage|p1a: Great Tusk|98\/100|[from] Stealth Rock\n|-enditem|p1a: Great Tusk|Booster Energy\n|-activate|p1a: Great Tusk|ability: Protosynthesis|[fromitem]\n|-start|p1a: Great Tusk|protosynthesisatk\n|turn|6\n|\n|t:|1700292914\n|move|p2a: Krampus|Power Swap|p1a: Great Tusk\n|-swapboost|p2a: Krampus|p1a: Great Tusk|atk, spa|[from] move: Power Swap\n|move|p1a: Great Tusk|Megahorn|p2a: Krampus\n|-damage|p2a: Krampus|0 fnt\n|faint|p2a: Krampus\n|\n|upkeep\n|\n|t:|1700292930\n|switch|p2a: Lilligant|Lilligant-Hisui, F, shiny|100\/100\n|turn|7\n|\n|t:|1700292941\n|-end|p1a: Great Tusk|Protosynthesis|[silent]\n|switch|p1a: Skeledirge|Skeledirge, M|100\/100\n|-damage|p1a: Skeledirge|75\/100|[from] Stealth Rock\n|move|p2a: Lilligant|Leaf Blade|p1a: Skeledirge\n|-resisted|p1a: Skeledirge\n|-damage|p1a: Skeledirge|36\/100\n|\n|-heal|p1a: Skeledirge|42\/100|[from] item: Leftovers\n|upkeep\n|turn|8\n|\n|t:|1700292965\n|switch|p2a: AAAAAAAAAAAA|Klawf, M|82\/100\n|move|p1a: Skeledirge|Slack Off|p1a: Skeledirge\n|-heal|p1a: Skeledirge|92\/100\n|\n|-heal|p1a: Skeledirge|98\/100|[from] item: Leftovers\n|upkeep\n|turn|9\n|\n|t:|1700292977\n|move|p2a: AAAAAAAAAAAA|Rock Slide|p1a: Skeledirge\n|-supereffective|p1a: Skeledirge\n|-damage|p1a: Skeledirge|35\/100\n|move|p1a: Skeledirge|Will-O-Wisp|p2a: AAAAAAAAAAAA\n|-status|p2a: AAAAAAAAAAAA|brn\n|\n|-heal|p1a: Skeledirge|41\/100|[from] item: Leftovers\n|-damage|p2a: AAAAAAAAAAAA|76\/100 brn|[from] brn\n|upkeep\n|turn|10\n|\n|t:|1700292992\n|switch|p2a: Lilligant|Lilligant-Hisui, F, shiny|100\/100\n|switch|p1a: Great Tusk|Great Tusk|98\/100\n|-damage|p1a: Great Tusk|95\/100|[from] Stealth Rock\n|\n|upkeep\n|turn|11\n|\n|t:|1700293021\n|-end|p1a: Great Tusk|Protosynthesis|[silent]\n|switch|p1a: Skeledirge|Skeledirge, M|41\/100\n|-damage|p1a: Skeledirge|16\/100|[from] Stealth Rock\n|move|p2a: Lilligant|Shadow Ball|p1a: Skeledirge\n|-supereffective|p1a: Skeledirge\n|-damage|p1a: Skeledirge|0 fnt\n|faint|p1a: Skeledirge\n|\n|upkeep\n|\n|t:|1700293028\n|switch|p1a: Grimer|Grimer-Alola, M|100\/100\n|-damage|p1a: Grimer|88\/100|[from] Stealth Rock\n|turn|12\n|\n|t:|1700293036\n|switch|p2a: AAAAAAAAAAAA|Klawf, M|100\/100 brn\n|move|p1a: Grimer|Knock Off|p2a: AAAAAAAAAAAA\n|-damage|p2a: AAAAAAAAAAAA|78\/100 brn\n|-enditem|p2a: AAAAAAAAAAAA|Heavy-Duty Boots|[from] move: Knock Off|[of] p1a: Grimer\n|\n|-damage|p2a: AAAAAAAAAAAA|72\/100 brn|[from] brn\n|upkeep\n|turn|13\n|\n|t:|1700293049\n|switch|p1a: Veluza|Veluza, M|100\/100\n|-damage|p1a: Veluza|88\/100|[from] Stealth Rock\n|-ability|p1a: Veluza|Mold Breaker\n|move|p2a: AAAAAAAAAAAA|High Horsepower|p1a: Veluza|[miss]\n|-miss|p2a: AAAAAAAAAAAA|p1a: Veluza\n|\n|-damage|p2a: AAAAAAAAAAAA|66\/100 brn|[from] brn\n|upkeep\n|turn|14\n|\n|t:|1700293059\n|move|p1a: Veluza|Snowscape|p1a: Veluza\n|-weather|Snow\n|move|p2a: AAAAAAAAAAAA|Knock Off|p1a: Veluza\n|-supereffective|p1a: Veluza\n|-damage|p1a: Veluza|42\/100\n|-enditem|p1a: Veluza|Icy Rock|[from] move: Knock Off|[of] p2a: AAAAAAAAAAAA\n|\n|-weather|Snow|[upkeep]\n|-damage|p2a: AAAAAAAAAAAA|59\/100 brn|[from] brn\n|upkeep\n|turn|15\n|\n|t:|1700293069\n|move|p1a: Veluza|Flip Turn|p2a: AAAAAAAAAAAA\n|-supereffective|p2a: AAAAAAAAAAAA\n|-damage|p2a: AAAAAAAAAAAA|26\/100 brn\n|\n|t:|1700293079\n|switch|p1a: I BELIVE|Cetitan, M|100\/100|[from] Flip Turn\n|-damage|p1a: I BELIVE|76\/100|[from] Stealth Rock\n|move|p2a: AAAAAAAAAAAA|Knock Off|p1a: I BELIVE\n|-damage|p1a: I BELIVE|66\/100\n|-enditem|p1a: I BELIVE|Sitrus Berry|[from] move: Knock Off|[of] p2a: AAAAAAAAAAAA\n|\n|-weather|Snow|[upkeep]\n|-damage|p2a: AAAAAAAAAAAA|20\/100 brn|[from] brn\n|upkeep\n|turn|16\n|\n|t:|1700293090\n|move|p1a: I BELIVE|Icicle Crash|p2a: AAAAAAAAAAAA\n|-damage|p2a: AAAAAAAAAAAA|0 fnt\n|faint|p2a: AAAAAAAAAAAA\n|\n|-weather|Snow|[upkeep]\n|upkeep\n|\n|t:|1700293110\n|switch|p2a: Lilligant|Lilligant-Hisui, F, shiny|100\/100\n|turn|17\n|\n|t:|1700293121\n|move|p2a: Lilligant|Flamethrower|p1a: I BELIVE\n|-supereffective|p1a: I BELIVE\n|-damage|p1a: I BELIVE|4\/100\n|move|p1a: I BELIVE|Icicle Crash|p2a: Lilligant\n|-damage|p2a: Lilligant|19\/100\n|replace|p2a: Oh Hi There|Zoroark-Hisui, F, shiny\n|-end|p2a: Oh Hi There|Illusion\n|\n|-weather|Snow|[upkeep]\n|upkeep\n|turn|18\n|\n|t:|1700293168\n|move|p1a: I BELIVE|Ice Shard|p2a: Oh Hi There\n|-damage|p2a: Oh Hi There|0 fnt\n|faint|p2a: Oh Hi There\n|\n|-weather|Snow|[upkeep]\n|upkeep\n|\n|t:|1700293184\n|switch|p2a: Hello and Goodbye|Shelgon, F|100\/100\n|turn|19\n|\n|t:|1700293188\n|move|p2a: Hello and Goodbye|Protect|p2a: Hello and Goodbye\n|-singleturn|p2a: Hello and Goodbye|Protect\n|move|p1a: I BELIVE|Icicle Crash|p2a: Hello and Goodbye\n|-activate|p2a: Hello and Goodbye|move: Protect\n|\n|-weather|Snow|[upkeep]\n|upkeep\n|turn|20\n|\n|t:|1700293197\n|move|p2a: Hello and Goodbye|Protect|p2a: Hello and Goodbye\n|-singleturn|p2a: Hello and Goodbye|Protect\n|move|p1a: I BELIVE|Icicle Crash|p2a: Hello and Goodbye\n|-activate|p2a: Hello and Goodbye|move: Protect\n|\n|-weather|Snow|[upkeep]\n|upkeep\n|turn|21\n|\n|t:|1700293205\n|move|p2a: Hello and Goodbye|Protect||[still]\n|-fail|p2a: Hello and Goodbye\n|move|p1a: I BELIVE|Icicle Crash|p2a: Hello and Goodbye\n|-supereffective|p2a: Hello and Goodbye\n|-damage|p2a: Hello and Goodbye|57\/100\n|\n|-weather|none\n|upkeep\n|turn|22\n|\n|t:|1700293216\n|move|p1a: I BELIVE|Ice Shard|p2a: Hello and Goodbye\n|-supereffective|p2a: Hello and Goodbye\n|-damage|p2a: Hello and Goodbye|37\/100\n|move|p2a: Hello and Goodbye|Wish|p2a: Hello and Goodbye\n|\n|upkeep\n|turn|23\n|\n|t:|1700293223\n|move|p1a: I BELIVE|Icicle Crash|p2a: Hello and Goodbye\n|-supereffective|p2a: Hello and Goodbye\n|-damage|p2a: Hello and Goodbye|0 fnt\n|faint|p2a: Hello and Goodbye\n|\n|upkeep\n|\n|t:|1700293233\n|switch|p2a: Lilligant|Lilligant-Hisui, F, shiny|100\/100\n|turn|24\n|\n|t:|1700293258\n|move|p1a: I BELIVE|Ice Shard|p2a: Lilligant\n|-supereffective|p2a: Lilligant\n|-damage|p2a: Lilligant|38\/100\n|move|p2a: Lilligant|Leaf Blade|p1a: I BELIVE\n|-damage|p1a: I BELIVE|0 fnt\n|faint|p1a: I BELIVE\n|\n|upkeep\n|\n|t:|1700293265\n|switch|p1a: Grimer|Grimer-Alola, M|88\/100\n|-damage|p1a: Grimer|76\/100|[from] Stealth Rock\n|turn|25\n|\n|t:|1700293273\n|move|p2a: Lilligant|Leaf Blade|p1a: Grimer\n|-resisted|p1a: Grimer\n|-damage|p1a: Grimer|24\/100\n|move|p1a: Grimer|Disable|p2a: Lilligant\n|-start|p2a: Lilligant|Disable|Leaf Blade\n|\n|upkeep\n|turn|26\n|\n|t:|1700293282\n|-activate|p2a: Lilligant|move: Struggle\n|move|p2a: Lilligant|Struggle|p1a: Grimer\n|-damage|p1a: Grimer|0 fnt\n|faint|p1a: Grimer\n|-damage|p2a: Lilligant|13\/100|[from] recoil\n|\n|upkeep\n|\n|t:|1700293288\n|switch|p1a: Great Tusk|Great Tusk|95\/100\n|-damage|p1a: Great Tusk|92\/100|[from] Stealth Rock\n|turn|27\n|\n|t:|1700293294\n|-activate|p2a: Lilligant|move: Struggle\n|move|p2a: Lilligant|Struggle|p1a: Great Tusk\n|-damage|p1a: Great Tusk|69\/100\n|-damage|p2a: Lilligant|0 fnt|[from] recoil\n|faint|p2a: Lilligant\n|\n|win|Jam20Jam\n","uploadtime":1700293302,"views":7,"p1id":"jam20jam","p2id":"lunchbox5536","formatid":"gen9nationaldex","rating":0,"private":0,"password":""}