{"id":"gen9nationaldex-1996001473","p1":"Idkwhat237","p2":"SpecsGastr0","format":"[Gen 9] National Dex","log":"|html|<div class=\"broadcast-blue\"><strong>[Gen 9] National Dex is currently suspecting Sneasler! For information on how to participate check out the <a href=\"https:\/\/www.smogon.com\/forums\/threads\/sv-national-dex-suspect-8-just-dance.3731534\/\">suspect thread<\/a>.<\/strong><\/div>\n|j|\u2606Idkwhat237\n|j|\u2606SpecsGastr0\n|t:|1700627659\n|gametype|singles\n|player|p1|Idkwhat237|dawn|1130\n|player|p2|SpecsGastr0|colress|1183\n|teamsize|p1|6\n|teamsize|p2|6\n|gen|9\n|tier|[Gen 9] National Dex\n|rated|\n|rule|HP Percentage Mod: HP is shown in percentages\n|rule|Endless Battle Clause: Forcing endless battles is banned\n|rule|OHKO Clause: OHKO moves are banned\n|rule|Evasion Clause: Evasion abilities, items, and moves are banned\n|rule|Evasion Abilities Clause: Evasion abilities are banned\n|rule|Evasion Items Clause: Evasion items are banned\n|rule|Evasion Moves Clause: Evasion moves are banned\n|rule|Species Clause: Limit one of each Pok\u00e9mon\n|rule|Sleep Clause Mod: Limit one foe put to sleep\n|clearpoke\n|poke|p1|Alomomola, M|\n|poke|p1|Celesteela|\n|poke|p1|Cloyster, M|\n|poke|p1|Ursaluna, F|\n|poke|p1|Latias, F|\n|poke|p1|Mawile, F|\n|poke|p2|Urshifu-*, M|\n|poke|p2|Kartana|\n|poke|p2|Landorus-Therian, M|\n|poke|p2|Blacephalon|\n|poke|p2|Glalie, F|\n|poke|p2|Mr. Rime, M|\n|teampreview\n|inactive|Battle timer is ON: inactive players will automatically lose when time's up. (requested by Idkwhat237)\n|inactive|SpecsGastr0 has 120 seconds left.\n|\n|t:|1700627696\n|start\n|switch|p1a: Celesteela|Celesteela|100\/100\n|switch|p2a: The Last Wish|Landorus-Therian, M|100\/100\n|-ability|p2a: The Last Wish|Intimidate|boost\n|-unboost|p1a: Celesteela|atk|1\n|turn|1\n|\n|t:|1700627718\n|move|p2a: The Last Wish|Knock Off|p1a: Celesteela\n|-damage|p1a: Celesteela|65\/100\n|-enditem|p1a: Celesteela|Power Herb|[from] move: Knock Off|[of] p2a: The Last Wish\n|move|p1a: Celesteela|Autotomize|p1a: Celesteela\n|-boost|p1a: Celesteela|spe|2\n|-start|p1a: Celesteela|Autotomize\n|\n|upkeep\n|turn|2\n|inactive|SpecsGastr0 has 120 seconds left.\n|\n|t:|1700627756\n|move|p1a: Celesteela|Air Slash|p2a: The Last Wish\n|-damage|p2a: The Last Wish|56\/100\n|cant|p2a: The Last Wish|flinch\n|\n|upkeep\n|turn|3\n|inactive|SpecsGastr0 has 120 seconds left.\n|\n|t:|1700627766\n|move|p1a: Celesteela|Air Slash|p2a: The Last Wish\n|-damage|p2a: The Last Wish|12\/100\n|move|p2a: The Last Wish|U-turn|p1a: Celesteela\n|-resisted|p1a: Celesteela\n|-crit|p1a: Celesteela\n|-damage|p1a: Celesteela|54\/100\n|\n|t:|1700627795\n|switch|p2a: Blaise|Blacephalon|100\/100|[from] U-turn\n|\n|upkeep\n|turn|4\n|\n|t:|1700627801\n|move|p2a: Blaise|Flamethrower|p1a: Celesteela\n|-supereffective|p1a: Celesteela\n|-damage|p1a: Celesteela|0 fnt\n|faint|p1a: Celesteela\n|-ability|p2a: Blaise|Beast Boost|boost\n|-boost|p2a: Blaise|spa|1\n|\n|upkeep\n|\n|t:|1700627810\n|switch|p1a: Latias|Latias, F|100\/100\n|turn|5\n|\n|t:|1700627816\n|switch|p2a: The Last Wish|Landorus-Therian, M|12\/100\n|-ability|p2a: The Last Wish|Intimidate|boost\n|-unboost|p1a: Latias|atk|1\n|detailschange|p1a: Latias|Latias-Mega, F\n|-mega|p1a: Latias|Latias|Latiasite\n|move|p1a: Latias|Substitute|p1a: Latias\n|-start|p1a: Latias|Substitute\n|-damage|p1a: Latias|76\/100\n|\n|upkeep\n|turn|6\n|inactive|SpecsGastr0 has 120 seconds left.\n|\n|t:|1700627826\n|move|p1a: Latias|Dragon Pulse|p2a: The Last Wish\n|-damage|p2a: The Last Wish|0 fnt\n|faint|p2a: The Last Wish\n|\n|upkeep\n|inactive|SpecsGastr0 has 120 seconds left.\n|\n|t:|1700627837\n|switch|p2a: JUST WANNA DANCE|Mr. Rime, M|100\/100\n|turn|7\n|\n|t:|1700627841\n|move|p1a: Latias|Calm Mind|p1a: Latias\n|-boost|p1a: Latias|spa|1\n|-boost|p1a: Latias|spd|1\n|move|p2a: JUST WANNA DANCE|Freeze-Dry|p1a: Latias\n|-supereffective|p1a: Latias\n|-end|p1a: Latias|Substitute\n|\n|upkeep\n|turn|8\n|\n|t:|1700627848\n|move|p1a: Latias|Shadow Ball|p2a: JUST WANNA DANCE\n|-supereffective|p2a: JUST WANNA DANCE\n|-damage|p2a: JUST WANNA DANCE|13\/100\n|move|p2a: JUST WANNA DANCE|Freeze-Dry|p1a: Latias\n|-supereffective|p1a: Latias\n|-damage|p1a: Latias|38\/100\n|\n|upkeep\n|turn|9\n|\n|t:|1700627854\n|move|p1a: Latias|Shadow Ball|p2a: JUST WANNA DANCE\n|-supereffective|p2a: JUST WANNA DANCE\n|-damage|p2a: JUST WANNA DANCE|0 fnt\n|faint|p2a: JUST WANNA DANCE\n|\n|upkeep\n|inactive|SpecsGastr0 has 120 seconds left.\n|\n|t:|1700627883\n|switch|p2a: COLD SNAP|Glalie, F|100\/100\n|turn|10\n|\n|t:|1700627891\n|detailschange|p2a: COLD SNAP|Glalie-Mega, F\n|-mega|p2a: COLD SNAP|Glalie|Glalitite\n|move|p1a: Latias|Dragon Pulse|p2a: COLD SNAP\n|-damage|p2a: COLD SNAP|2\/100\n|move|p2a: COLD SNAP|Return|p1a: Latias\n|-supereffective|p1a: Latias\n|-damage|p1a: Latias|0 fnt\n|faint|p1a: Latias\n|\n|upkeep\n|\n|t:|1700627910\n|switch|p1a: Cloyster|Cloyster, M|100\/100\n|turn|11\n|\n|t:|1700627928\n|move|p2a: COLD SNAP|Earthquake|p1a: Cloyster\n|-damage|p1a: Cloyster|74\/100\n|move|p1a: Cloyster|Shell Smash|p1a: Cloyster\n|-unboost|p1a: Cloyster|def|1\n|-unboost|p1a: Cloyster|spd|1\n|-boost|p1a: Cloyster|atk|2\n|-boost|p1a: Cloyster|spa|2\n|-boost|p1a: Cloyster|spe|2\n|\n|upkeep\n|turn|12\n|\n|t:|1700627941\n|move|p1a: Cloyster|Icicle Spear|p2a: COLD SNAP\n|-resisted|p2a: COLD SNAP\n|-damage|p2a: COLD SNAP|0 fnt\n|faint|p2a: COLD SNAP\n|-hitcount|p2: COLD SNAP|1\n|\n|upkeep\n|inactive|SpecsGastr0 has 120 seconds left.\n|inactive|SpecsGastr0 has 90 seconds left.\n|\n|t:|1700627986\n|switch|p2a: Blaise|Blacephalon|100\/100\n|turn|13\n|\n|t:|1700627991\n|move|p1a: Cloyster|Rock Blast|p2a: Blaise\n|-supereffective|p2a: Blaise\n|-damage|p2a: Blaise|36\/100\n|-supereffective|p2a: Blaise\n|-damage|p2a: Blaise|0 fnt\n|faint|p2a: Blaise\n|-hitcount|p2: Blaise|2\n|\n|upkeep\n|inactive|SpecsGastr0 has 90 seconds left.\n|\n|t:|1700628007\n|switch|p2a: Sweetfish River|Urshifu-Rapid-Strike, M|100\/100\n|turn|14\n|\n|t:|1700628016\n|move|p1a: Cloyster|Drill Run|p2a: Sweetfish River\n|-damage|p2a: Sweetfish River|52\/100\n|move|p2a: Sweetfish River|Surging Strikes|p1a: Cloyster\n|-resisted|p1a: Cloyster\n|-damage|p1a: Cloyster|62\/100\n|-resisted|p1a: Cloyster\n|-damage|p1a: Cloyster|50\/100\n|-resisted|p1a: Cloyster\n|-damage|p1a: Cloyster|38\/100\n|-hitcount|p1a: Cloyster|3\n|\n|upkeep\n|turn|15\n|\n|t:|1700628032\n|move|p1a: Cloyster|Icicle Spear|p2a: Sweetfish River\n|-resisted|p2a: Sweetfish River\n|-damage|p2a: Sweetfish River|42\/100\n|-resisted|p2a: Sweetfish River\n|-damage|p2a: Sweetfish River|31\/100\n|-resisted|p2a: Sweetfish River\n|-damage|p2a: Sweetfish River|21\/100\n|-hitcount|p2a: Sweetfish River|3\n|move|p2a: Sweetfish River|Surging Strikes|p1a: Cloyster\n|-resisted|p1a: Cloyster\n|-damage|p1a: Cloyster|26\/100\n|-resisted|p1a: Cloyster\n|-damage|p1a: Cloyster|13\/100\n|-resisted|p1a: Cloyster\n|-damage|p1a: Cloyster|0 fnt\n|faint|p1a: Cloyster\n|-hitcount|p1: Cloyster|3\n|\n|upkeep\n|\n|t:|1700628049\n|switch|p1a: Mawile|Mawile, F|100\/100\n|-ability|p1a: Mawile|Intimidate|boost\n|-unboost|p2a: Sweetfish River|atk|1\n|turn|16\n|\n|t:|1700628057\n|move|p2a: Sweetfish River|Surging Strikes|p1a: Mawile\n|-crit|p1a: Mawile\n|-damage|p1a: Mawile|62\/100\n|-crit|p1a: Mawile\n|-damage|p1a: Mawile|21\/100\n|-crit|p1a: Mawile\n|-damage|p1a: Mawile|0 fnt\n|faint|p1a: Mawile\n|-hitcount|p1: Mawile|3\n|\n|upkeep\n|\n|t:|1700628061\n|switch|p1a: Alomomola|Alomomola, M|100\/100\n|turn|17\n|\n|t:|1700628069\n|switch|p2a: Origarmy Killer|Kartana|100\/100\n|move|p1a: Alomomola|Scald|p2a: Origarmy Killer\n|-resisted|p2a: Origarmy Killer\n|-damage|p2a: Origarmy Killer|81\/100\n|-status|p2a: Origarmy Killer|brn\n|\n|-damage|p2a: Origarmy Killer|75\/100 brn|[from] brn\n|upkeep\n|turn|18\n|inactive|SpecsGastr0 has 120 seconds left.\n|\n|t:|1700628079\n|move|p2a: Origarmy Killer|Leaf Blade|p1a: Alomomola\n|-supereffective|p1a: Alomomola\n|-damage|p1a: Alomomola|46\/100\n|move|p1a: Alomomola|Wish|p1a: Alomomola\n|\n|-heal|p1a: Alomomola|53\/100|[from] item: Leftovers\n|-damage|p2a: Origarmy Killer|68\/100 brn|[from] brn\n|upkeep\n|turn|19\n|inactive|SpecsGastr0 has 120 seconds left.\n|\n|t:|1700628088\n|move|p1a: Alomomola|Protect|p1a: Alomomola\n|-singleturn|p1a: Alomomola|Protect\n|move|p2a: Origarmy Killer|Leaf Blade|p1a: Alomomola\n|-activate|p1a: Alomomola|move: Protect\n|\n|-heal|p1a: Alomomola|100\/100|[from] move: Wish|[wisher] Alomomola\n|-damage|p2a: Origarmy Killer|62\/100 brn|[from] brn\n|upkeep\n|turn|20\n|inactive|SpecsGastr0 has 120 seconds left.\n|\n|t:|1700628099\n|move|p2a: Origarmy Killer|Knock Off|p1a: Alomomola\n|-damage|p1a: Alomomola|86\/100\n|-enditem|p1a: Alomomola|Leftovers|[from] move: Knock Off|[of] p2a: Origarmy Killer\n|move|p1a: Alomomola|Wish|p1a: Alomomola\n|\n|-damage|p2a: Origarmy Killer|56\/100 brn|[from] brn\n|upkeep\n|turn|21\n|\n|t:|1700628106\n|switch|p2a: Sweetfish River|Urshifu-Rapid-Strike, M|21\/100\n|switch|p1a: Ursaluna|Ursaluna, F|100\/100\n|\n|-status|p1a: Ursaluna|brn|[from] item: Flame Orb\n|upkeep\n|turn|22\n|\n|t:|1700628119\n|switch|p1a: Alomomola|Alomomola, M|100\/100\n|move|p2a: Sweetfish River|Surging Strikes|p1a: Alomomola\n|-resisted|p1a: Alomomola\n|-crit|p1a: Alomomola\n|-damage|p1a: Alomomola|91\/100\n|-resisted|p1a: Alomomola\n|-crit|p1a: Alomomola\n|-damage|p1a: Alomomola|80\/100\n|-resisted|p1a: Alomomola\n|-crit|p1a: Alomomola\n|-damage|p1a: Alomomola|70\/100\n|-hitcount|p1a: Alomomola|3\n|\n|upkeep\n|turn|23\n|\n|t:|1700628132\n|switch|p2a: Origarmy Killer|Kartana|56\/100 brn\n|move|p1a: Alomomola|Protect||[still]\n|-fail|p1a: Alomomola\n|\n|-damage|p2a: Origarmy Killer|50\/100 brn|[from] brn\n|upkeep\n|turn|24\n|\n|t:|1700628143\n|-terastallize|p2a: Origarmy Killer|Grass\n|move|p1a: Alomomola|Protect|p1a: Alomomola\n|-singleturn|p1a: Alomomola|Protect\n|move|p2a: Origarmy Killer|Leaf Blade|p1a: Alomomola\n|-activate|p1a: Alomomola|move: Protect\n|\n|-damage|p2a: Origarmy Killer|44\/100 brn|[from] brn\n|upkeep\n|turn|25\n|\n|t:|1700628154\n|move|p2a: Origarmy Killer|Leaf Blade|p1a: Alomomola\n|-supereffective|p1a: Alomomola\n|-damage|p1a: Alomomola|0 fnt\n|faint|p1a: Alomomola\n|-ability|p2a: Origarmy Killer|Beast Boost|boost\n|-boost|p2a: Origarmy Killer|atk|1\n|\n|-damage|p2a: Origarmy Killer|38\/100 brn|[from] brn\n|upkeep\n|\n|t:|1700628157\n|switch|p1a: Ursaluna|Ursaluna, F|100\/100 brn\n|turn|26\n|\n|t:|1700628164\n|move|p2a: Origarmy Killer|Leaf Blade|p1a: Ursaluna\n|-supereffective|p1a: Ursaluna\n|-crit|p1a: Ursaluna\n|-damage|p1a: Ursaluna|0 fnt\n|faint|p1a: Ursaluna\n|\n|win|SpecsGastr0\n|raw|Idkwhat237's rating: 1130 &rarr; <strong>1109<\/strong><br \/>(-21 for losing)\n|raw|SpecsGastr0's rating: 1183 &rarr; <strong>1204<\/strong><br \/>(+21 for winning)\n|l|\u2606Idkwhat237\n","uploadtime":1700628174,"views":11,"p1id":"idkwhat237","p2id":"specsgastr0","formatid":"gen9nationaldex","rating":1109,"private":0,"password":""}