{"id":"gen9nationaldex-1995400219","p1":"Lukexz","p2":"Bear233","format":"[Gen 9] National Dex","log":"|html|<div class=\"broadcast-blue\"><strong>[Gen 9] National Dex is currently suspecting Sneasler! For information on how to participate check out the <a href=\"https:\/\/www.smogon.com\/forums\/threads\/sv-national-dex-suspect-8-just-dance.3731534\/\">suspect thread<\/a>.<\/strong><\/div>\n|j|\u2606Lukexz\n|j|\u2606Bear233\n|t:|1700565763\n|gametype|singles\n|player|p1|Lukexz|2|1399\n|player|p2|Bear233|caitlin|1288\n|teamsize|p1|6\n|teamsize|p2|6\n|gen|9\n|tier|[Gen 9] National Dex\n|rated|\n|rule|HP Percentage Mod: HP is shown in percentages\n|rule|Endless Battle Clause: Forcing endless battles is banned\n|rule|OHKO Clause: OHKO moves are banned\n|rule|Evasion Clause: Evasion abilities, items, and moves are banned\n|rule|Evasion Abilities Clause: Evasion abilities are banned\n|rule|Evasion Items Clause: Evasion items are banned\n|rule|Evasion Moves Clause: Evasion moves are banned\n|rule|Species Clause: Limit one of each Pok\u00e9mon\n|rule|Sleep Clause Mod: Limit one foe put to sleep\n|clearpoke\n|poke|p1|Medicham, M|\n|poke|p1|Ferrothorn, M|\n|poke|p1|Zapdos|\n|poke|p1|Volcarona, F|\n|poke|p1|Weavile, F|\n|poke|p1|Garchomp, F|\n|poke|p2|Banette, F|\n|poke|p2|Slowking-Galar, M|\n|poke|p2|Kyurem|\n|poke|p2|Heatran, F|\n|poke|p2|Great Tusk|\n|poke|p2|Dondozo, F|\n|teampreview\n|inactive|Battle timer is ON: inactive players will automatically lose when time's up. (requested by Bear233)\n|\n|t:|1700565769\n|start\n|switch|p1a: Weavile|Weavile, F|100\/100\n|switch|p2a: Kyurem|Kyurem|100\/100\n|-ability|p1a: Weavile|Pressure\n|-ability|p2a: Kyurem|Pressure\n|turn|1\n|\n|t:|1700565778\n|move|p1a: Weavile|Knock Off|p2a: Kyurem\n|-damage|p2a: Kyurem|68\/100\n|move|p2a: Kyurem|Draco Meteor|p1a: Weavile\n|-damage|p1a: Weavile|11\/100\n|-unboost|p2a: Kyurem|spa|2\n|\n|upkeep\n|turn|2\n|\n|t:|1700565788\n|switch|p1a: Volcarona|Volcarona, F|100\/100\n|move|p2a: Kyurem|Roost|p2a: Kyurem\n|-heal|p2a: Kyurem|100\/100\n|-singleturn|p2a: Kyurem|move: Roost\n|\n|upkeep\n|turn|3\n|\n|t:|1700565793\n|switch|p2a: Heatran|Heatran, F|100\/100\n|move|p1a: Volcarona|Quiver Dance|p1a: Volcarona\n|-boost|p1a: Volcarona|spa|1\n|-boost|p1a: Volcarona|spd|1\n|-boost|p1a: Volcarona|spe|1\n|\n|upkeep\n|turn|4\n|\n|t:|1700565801\n|move|p1a: Volcarona|Bug Buzz|p2a: Heatran\n|-resisted|p2a: Heatran\n|-damage|p2a: Heatran|90\/100\n|move|p2a: Heatran|Magma Storm|p1a: Volcarona\n|-damage|p1a: Volcarona|61\/100\n|-activate|p1a: Volcarona|move: Magma Storm|[of] p2a: Heatran\n|\n|-damage|p1a: Volcarona|48\/100|[from] move: Magma Storm|[partiallytrapped]\n|upkeep\n|turn|5\n|\n|t:|1700565807\n|move|p1a: Volcarona|Giga Drain|p2a: Heatran\n|-resisted|p2a: Heatran\n|-damage|p2a: Heatran|83\/100\n|-heal|p1a: Volcarona|53\/100|[from] drain|[of] p2a: Heatran\n|move|p2a: Heatran|Earth Power|p1a: Volcarona\n|-damage|p1a: Volcarona|29\/100\n|\n|-damage|p1a: Volcarona|17\/100|[from] move: Magma Storm|[partiallytrapped]\n|upkeep\n|turn|6\n|\n|t:|1700565816\n|move|p1a: Volcarona|Bug Buzz|p2a: Heatran\n|-resisted|p2a: Heatran\n|-damage|p2a: Heatran|72\/100\n|move|p2a: Heatran|Earth Power|p1a: Volcarona\n|-damage|p1a: Volcarona|0 fnt\n|faint|p1a: Volcarona\n|\n|upkeep\n|\n|t:|1700565822\n|switch|p1a: Medicham|Medicham, M|100\/100\n|turn|7\n|\n|t:|1700565826\n|switch|p2a: Banette|Banette, F|100\/100\n|detailschange|p1a: Medicham|Medicham-Mega, M\n|-mega|p1a: Medicham|Medicham|Medichamite\n|move|p1a: Medicham|Fake Out|p2a: Banette\n|-immune|p2a: Banette\n|\n|upkeep\n|turn|8\n|\n|t:|1700565832\n|detailschange|p2a: Banette|Banette-Mega, F\n|-mega|p2a: Banette|Banette|Banettite\n|move|p1a: Medicham|Zen Headbutt|p2a: Banette\n|-damage|p2a: Banette|0 fnt\n|faint|p2a: Banette\n|\n|upkeep\n|\n|t:|1700565838\n|switch|p2a: Dondozo|Dondozo, F|100\/100\n|turn|9\n|\n|t:|1700565844\n|switch|p2a: Heatran|Heatran, F|72\/100\n|move|p1a: Medicham|Zen Headbutt|p2a: Heatran\n|-resisted|p2a: Heatran\n|-damage|p2a: Heatran|42\/100\n|\n|upkeep\n|turn|10\n|\n|t:|1700565850\n|switch|p2a: Dondozo|Dondozo, F|100\/100\n|move|p1a: Medicham|Close Combat|p2a: Dondozo\n|-crit|p2a: Dondozo\n|-damage|p2a: Dondozo|1\/100\n|-unboost|p1a: Medicham|def|1\n|-unboost|p1a: Medicham|spd|1\n|\n|-heal|p2a: Dondozo|7\/100|[from] item: Leftovers\n|upkeep\n|turn|11\n|\n|t:|1700565857\n|move|p1a: Medicham|Zen Headbutt|p2a: Dondozo\n|-damage|p2a: Dondozo|0 fnt\n|faint|p2a: Dondozo\n|\n|upkeep\n|\n|t:|1700565859\n|switch|p2a: Kyurem|Kyurem|100\/100\n|-ability|p2a: Kyurem|Pressure\n|turn|12\n|\n|t:|1700565871\n|switch|p1a: Ferrothorn|Ferrothorn, M|100\/100\n|-zpower|p2a: Kyurem\n|move|p2a: Kyurem|Devastating Drake|p1a: Ferrothorn|[zeffect]\n|-resisted|p1a: Ferrothorn\n|-damage|p1a: Ferrothorn|59\/100\n|\n|-heal|p1a: Ferrothorn|66\/100|[from] item: Leftovers\n|upkeep\n|turn|13\n|\n|t:|1700565878\n|switch|p2a: Slowking|Slowking-Galar, M|100\/100\n|move|p1a: Ferrothorn|Gyro Ball|p2a: Slowking\n|-damage|p2a: Slowking|81\/100\n|\n|-heal|p2a: Slowking|87\/100|[from] item: Leftovers\n|-heal|p1a: Ferrothorn|72\/100|[from] item: Leftovers\n|upkeep\n|turn|14\n|\n|t:|1700565883\n|move|p1a: Ferrothorn|Protect|p1a: Ferrothorn\n|-singleturn|p1a: Ferrothorn|Protect\n|move|p2a: Slowking|Fire Blast|p1a: Ferrothorn\n|-activate|p1a: Ferrothorn|move: Protect\n|\n|-heal|p2a: Slowking|93\/100|[from] item: Leftovers\n|-heal|p1a: Ferrothorn|78\/100|[from] item: Leftovers\n|upkeep\n|turn|15\n|\n|t:|1700565905\n|-terastallize|p1a: Ferrothorn|Ghost\n|move|p2a: Slowking|Future Sight|p1a: Ferrothorn\n|-start|p2a: Slowking|move: Future Sight\n|move|p1a: Ferrothorn|Stealth Rock|p2a: Slowking\n|-sidestart|p2: Bear233|move: Stealth Rock\n|\n|-heal|p2a: Slowking|99\/100|[from] item: Leftovers\n|-heal|p1a: Ferrothorn|84\/100|[from] item: Leftovers\n|upkeep\n|turn|16\n|\n|t:|1700565912\n|move|p2a: Slowking|Sludge Bomb|p1a: Ferrothorn\n|-resisted|p1a: Ferrothorn\n|-damage|p1a: Ferrothorn|67\/100\n|-status|p1a: Ferrothorn|psn\n|move|p1a: Ferrothorn|Gyro Ball|p2a: Slowking\n|-damage|p2a: Slowking|76\/100\n|\n|-heal|p2a: Slowking|82\/100|[from] item: Leftovers\n|-heal|p1a: Ferrothorn|74\/100 psn|[from] item: Leftovers\n|-damage|p1a: Ferrothorn|61\/100 psn|[from] psn\n|upkeep\n|turn|17\n|\n|t:|1700565923\n|switch|p1a: Zapdos|Zapdos|100\/100\n|move|p2a: Slowking|Chilly Reception|p2a: Slowking\n|-weather|Snow\n|\n|t:|1700565931\n|switch|p2a: Kyurem|Kyurem|100\/100|[from] Chilly Reception\n|-damage|p2a: Kyurem|76\/100|[from] Stealth Rock\n|-ability|p2a: Kyurem|Pressure\n|\n|-weather|Snow|[upkeep]\n|-end|p1a: Zapdos|move: Future Sight\n|-damage|p1a: Zapdos|50\/100\n|upkeep\n|turn|18\n|\n|t:|1700565940\n|move|p2a: Kyurem|Blizzard|p1a: Zapdos\n|-supereffective|p1a: Zapdos\n|-damage|p1a: Zapdos|0 fnt\n|faint|p1a: Zapdos\n|\n|-weather|Snow|[upkeep]\n|upkeep\n|\n|t:|1700565943\n|switch|p1a: Medicham|Medicham-Mega, M|100\/100\n|turn|19\n|\n|t:|1700565947\n|move|p1a: Medicham|Close Combat|p2a: Kyurem\n|-supereffective|p2a: Kyurem\n|-damage|p2a: Kyurem|0 fnt\n|-unboost|p1a: Medicham|def|1\n|-unboost|p1a: Medicham|spd|1\n|faint|p2a: Kyurem\n|\n|-weather|Snow|[upkeep]\n|upkeep\n|\n|t:|1700565951\n|switch|p2a: Great Tusk|Great Tusk|100\/100\n|turn|20\n|\n|t:|1700565958\n|switch|p1a: Ferrothorn|Ferrothorn, M, tera:Ghost|61\/100 psn\n|-terastallize|p2a: Great Tusk|Water\n|move|p2a: Great Tusk|Rapid Spin|p1a: Ferrothorn\n|-immune|p1a: Ferrothorn\n|\n|-weather|Snow|[upkeep]\n|-heal|p1a: Ferrothorn|67\/100 psn|[from] item: Leftovers\n|-damage|p1a: Ferrothorn|55\/100 psn|[from] psn\n|upkeep\n|turn|21\n|\n|t:|1700565964\n|move|p2a: Great Tusk|Knock Off|p1a: Ferrothorn\n|-supereffective|p1a: Ferrothorn\n|-damage|p1a: Ferrothorn|17\/100 psn\n|-damage|p2a: Great Tusk|88\/100|[from] ability: Iron Barbs|[of] p1a: Ferrothorn\n|-enditem|p1a: Ferrothorn|Leftovers|[from] move: Knock Off|[of] p2a: Great Tusk\n|move|p1a: Ferrothorn|Toxic|p2a: Great Tusk\n|-status|p2a: Great Tusk|tox\n|\n|-weather|none\n|-damage|p2a: Great Tusk|82\/100 tox|[from] psn\n|-damage|p1a: Ferrothorn|5\/100 psn|[from] psn\n|upkeep\n|turn|22\n|\n|t:|1700565971\n|move|p1a: Ferrothorn|Protect|p1a: Ferrothorn\n|-singleturn|p1a: Ferrothorn|Protect\n|move|p2a: Great Tusk|Ice Spinner|p1a: Ferrothorn\n|-activate|p1a: Ferrothorn|move: Protect\n|\n|-damage|p2a: Great Tusk|70\/100 tox|[from] psn\n|-damage|p1a: Ferrothorn|0 fnt|[from] psn\n|faint|p1a: Ferrothorn\n|upkeep\n|\n|t:|1700565979\n|switch|p1a: Medicham|Medicham-Mega, M|100\/100\n|turn|23\n|\n|t:|1700565982\n|move|p1a: Medicham|Fake Out|p2a: Great Tusk\n|-damage|p2a: Great Tusk|54\/100 tox\n|cant|p2a: Great Tusk|flinch\n|\n|-damage|p2a: Great Tusk|36\/100 tox|[from] psn\n|upkeep\n|turn|24\n|\n|t:|1700565989\n|move|p1a: Medicham|Zen Headbutt|p2a: Great Tusk\n|-damage|p2a: Great Tusk|0 fnt\n|faint|p2a: Great Tusk\n|-end|p2a: Great Tusk|Protosynthesis|[silent]\n|\n|upkeep\n|-message|Bear233 forfeited.\n|\n|win|Lukexz\n|raw|Lukexz's rating: 1399 &rarr; <strong>1413<\/strong><br \/>(+14 for winning)\n|raw|Bear233's rating: 1288 &rarr; <strong>1271<\/strong><br \/>(-17 for losing)\n|l|\u2606Bear233\n|j|\u2606Bear233\n|player|p2|Bear233|caitlin\n","uploadtime":1700565998,"views":9,"p1id":"lukexz","p2id":"bear233","formatid":"gen9nationaldex","rating":1271,"private":0,"password":""}