{"id":"gen9nationaldex-1995724763","p1":"SpookySlime","p2":"Vdd linda","format":"[Gen 9] National Dex","log":"|html|<div class=\"broadcast-blue\"><strong>[Gen 9] National Dex is currently suspecting Sneasler! For information on how to participate check out the <a href=\"https:\/\/www.smogon.com\/forums\/threads\/sv-national-dex-suspect-8-just-dance.3731534\/\">suspect thread<\/a>.<\/strong><\/div>\n|j|\u2606SpookySlime\n|j|\u2606Vdd linda\n|t:|1700597314\n|gametype|singles\n|player|p1|SpookySlime|roxie|1081\n|player|p2|Vdd linda|riley|1092\n|teamsize|p1|6\n|teamsize|p2|6\n|gen|9\n|tier|[Gen 9] National Dex\n|rated|\n|rule|HP Percentage Mod: HP is shown in percentages\n|rule|Endless Battle Clause: Forcing endless battles is banned\n|rule|OHKO Clause: OHKO moves are banned\n|rule|Evasion Clause: Evasion abilities, items, and moves are banned\n|rule|Evasion Abilities Clause: Evasion abilities are banned\n|rule|Evasion Items Clause: Evasion items are banned\n|rule|Evasion Moves Clause: Evasion moves are banned\n|rule|Species Clause: Limit one of each Pok\u00e9mon\n|rule|Sleep Clause Mod: Limit one foe put to sleep\n|clearpoke\n|poke|p1|Mawile, F|\n|poke|p1|Scream Tail|\n|poke|p1|Goodra-Hisui, F|\n|poke|p1|Zoroark-Hisui, F|\n|poke|p1|Great Tusk|\n|poke|p1|Zamazenta-*|\n|poke|p2|Kilowattrel, M|\n|poke|p2|Pelipper, F|\n|poke|p2|Sneasler, F|\n|poke|p2|Ferrothorn, F|\n|poke|p2|Rillaboom, F|\n|poke|p2|Goodra-Hisui, M|\n|teampreview\n|inactive|Battle timer is ON: inactive players will automatically lose when time's up. (requested by SpookySlime)\n|\n|t:|1700597326\n|start\n|switch|p1a: Great Tusk|Great Tusk|100\/100\n|switch|p2a: Pelipper|Pelipper, F|100\/100\n|-weather|RainDance|[from] ability: Drizzle|[of] p2a: Pelipper\n|turn|1\n|\n|t:|1700597335\n|move|p1a: Great Tusk|Hyper Voice|p2a: Pelipper\n|-damage|p2a: Pelipper|40\/100\n|move|p2a: Pelipper|U-turn|p1a: Great Tusk\n|-resisted|p1a: Great Tusk\n|-damage|p1a: Great Tusk|90\/100\n|replace|p1a: Zoroark|Zoroark-Hisui, F, shiny\n|-end|p1a: Zoroark|Illusion\n|\n|t:|1700597345\n|switch|p2a: Kilowattrel|Kilowattrel, M|100\/100|[from] U-turn\n|\n|-weather|RainDance|[upkeep]\n|upkeep\n|turn|2\n|\n|t:|1700597351\n|switch|p1a: Great Tusk|Great Tusk|100\/100\n|move|p2a: Kilowattrel|Hurricane|p1a: Great Tusk\n|-supereffective|p1a: Great Tusk\n|-damage|p1a: Great Tusk|22\/100\n|\n|-weather|RainDance|[upkeep]\n|-heal|p1a: Great Tusk|29\/100|[from] item: Leftovers\n|upkeep\n|turn|3\n|\n|t:|1700597361\n|move|p2a: Kilowattrel|Hurricane|p1a: Great Tusk\n|-supereffective|p1a: Great Tusk\n|-damage|p1a: Great Tusk|0 fnt\n|faint|p1a: Great Tusk\n|-end|p1a: Great Tusk|Protosynthesis|[silent]\n|\n|-weather|RainDance|[upkeep]\n|upkeep\n|\n|t:|1700597365\n|switch|p1a: Goodra|Goodra-Hisui, F, shiny|100\/100\n|turn|4\n|\n|t:|1700597372\n|move|p2a: Kilowattrel|U-turn|p1a: Goodra\n|-resisted|p1a: Goodra\n|-damage|p1a: Goodra|96\/100\n|\n|t:|1700597381\n|switch|p2a: Goodra|Goodra-Hisui, M|100\/100|[from] U-turn\n|move|p1a: Goodra|Draco Meteor|p2a: Goodra\n|-damage|p2a: Goodra|68\/100\n|-unboost|p1a: Goodra|spa|2\n|\n|-weather|RainDance|[upkeep]\n|-heal|p2a: Goodra|74\/100|[from] item: Leftovers\n|upkeep\n|turn|5\n|\n|t:|1700597405\n|move|p1a: Goodra|Earthquake|p2a: Goodra\n|-supereffective|p2a: Goodra\n|-damage|p2a: Goodra|20\/100\n|move|p2a: Goodra|Earthquake|p1a: Goodra\n|-supereffective|p1a: Goodra\n|-damage|p1a: Goodra|49\/100\n|\n|-weather|none\n|-heal|p2a: Goodra|26\/100|[from] item: Leftovers\n|upkeep\n|turn|6\n|\n|t:|1700597421\n|move|p2a: Goodra|Earthquake|p1a: Goodra\n|-supereffective|p1a: Goodra\n|-damage|p1a: Goodra|8\/100\n|move|p1a: Goodra|Earthquake|p2a: Goodra\n|-supereffective|p2a: Goodra\n|-damage|p2a: Goodra|0 fnt\n|faint|p2a: Goodra\n|\n|upkeep\n|\n|t:|1700597431\n|switch|p2a: Rillaboom|Rillaboom, F|100\/100\n|-fieldstart|move: Grassy Terrain|[from] ability: Grassy Surge|[of] p2a: Rillaboom\n|turn|7\n|\n|t:|1700597437\n|move|p2a: Rillaboom|Drum Beating|p1a: Goodra\n|-ability|p1a: Goodra|Sap Sipper|boost\n|-boost|p1a: Goodra|atk|1\n|move|p1a: Goodra|Ice Beam|p2a: Rillaboom\n|-supereffective|p2a: Rillaboom\n|-damage|p2a: Rillaboom|67\/100\n|\n|-heal|p2a: Rillaboom|73\/100|[from] Grassy Terrain\n|-heal|p1a: Goodra|14\/100|[from] Grassy Terrain\n|upkeep\n|turn|8\n|\n|t:|1700597448\n|switch|p2a: Pelipper|Pelipper, F|40\/100\n|-weather|RainDance|[from] ability: Drizzle|[of] p2a: Pelipper\n|move|p1a: Goodra|Iron Head|p2a: Pelipper\n|-resisted|p2a: Pelipper\n|-damage|p2a: Pelipper|19\/100\n|\n|-weather|RainDance|[upkeep]\n|-heal|p2a: Pelipper|25\/100|[from] item: Leftovers\n|-heal|p1a: Goodra|20\/100|[from] Grassy Terrain\n|upkeep\n|turn|9\n|\n|t:|1700597459\n|move|p2a: Pelipper|Knock Off|p1a: Goodra\n|-damage|p1a: Goodra|7\/100\n|-enditem|p1a: Goodra|Assault Vest|[from] move: Knock Off|[of] p2a: Pelipper\n|move|p1a: Goodra|Iron Head|p2a: Pelipper\n|-resisted|p2a: Pelipper\n|-damage|p2a: Pelipper|4\/100\n|\n|-weather|RainDance|[upkeep]\n|-heal|p2a: Pelipper|10\/100|[from] item: Leftovers\n|-heal|p1a: Goodra|13\/100|[from] Grassy Terrain\n|upkeep\n|turn|10\n|\n|t:|1700597470\n|move|p2a: Pelipper|U-turn|p1a: Goodra\n|-resisted|p1a: Goodra\n|-damage|p1a: Goodra|9\/100\n|\n|t:|1700597477\n|switch|p2a: Rillaboom|Rillaboom, F|73\/100|[from] U-turn\n|move|p1a: Goodra|Earthquake|p2a: Rillaboom\n|-resisted|p2a: Rillaboom\n|-damage|p2a: Rillaboom|62\/100\n|\n|-weather|RainDance|[upkeep]\n|-heal|p2a: Rillaboom|68\/100|[from] Grassy Terrain\n|-heal|p1a: Goodra|15\/100|[from] Grassy Terrain\n|upkeep\n|turn|11\n|\n|t:|1700597494\n|move|p2a: Rillaboom|Drain Punch|p1a: Goodra\n|-supereffective|p1a: Goodra\n|-damage|p1a: Goodra|0 fnt\n|-heal|p2a: Rillaboom|76\/100|[from] drain|[of] p1a: Goodra\n|faint|p1a: Goodra\n|\n|-weather|RainDance|[upkeep]\n|-heal|p2a: Rillaboom|82\/100|[from] Grassy Terrain\n|-fieldend|move: Grassy Terrain\n|upkeep\n|\n|t:|1700597500\n|switch|p1a: Mawile|Mawile, F, shiny|90\/100\n|turn|12\n|\n|t:|1700597516\n|switch|p2a: Pelipper|Pelipper, F|10\/100\n|move|p1a: Mawile|Flamethrower|p2a: Pelipper\n|-resisted|p2a: Pelipper\n|-damage|p2a: Pelipper|0 fnt\n|faint|p2a: Pelipper\n|\n|-weather|none\n|upkeep\n|inactive|Vdd linda has 120 seconds left.\n|\n|t:|1700597538\n|switch|p2a: Kilowattrel|Kilowattrel, M|100\/100\n|turn|13\n|\n|t:|1700597547\n|move|p2a: Kilowattrel|Hurricane|p1a: Mawile\n|-damage|p1a: Mawile|0 fnt\n|replace|p1a: Zoroark|Zoroark-Hisui, F, shiny\n|-end|p1a: Zoroark|Illusion\n|faint|p1a: Zoroark\n|\n|upkeep\n|\n|t:|1700597555\n|switch|p1a: Mawile|Mawile, F, shiny|100\/100\n|-ability|p1a: Mawile|Intimidate|boost\n|-unboost|p2a: Kilowattrel|atk|1\n|turn|14\n|\n|t:|1700597561\n|detailschange|p1a: Mawile|Mawile-Mega, F, shiny\n|-mega|p1a: Mawile|Mawile|Mawilite\n|move|p2a: Kilowattrel|Hurricane|p1a: Mawile|[miss]\n|-miss|p2a: Kilowattrel|p1a: Mawile\n|move|p1a: Mawile|Substitute|p1a: Mawile\n|-start|p1a: Mawile|Substitute\n|-damage|p1a: Mawile|76\/100\n|\n|upkeep\n|turn|15\n|\n|t:|1700597570\n|move|p2a: Kilowattrel|Thunderbolt|p1a: Mawile\n|-crit|p1a: Mawile\n|-end|p1a: Mawile|Substitute\n|move|p1a: Mawile|Play Rough|p2a: Kilowattrel\n|-damage|p2a: Kilowattrel|0 fnt\n|faint|p2a: Kilowattrel\n|\n|upkeep\n|\n|t:|1700597591\n|switch|p2a: Rillaboom|Rillaboom, F|82\/100\n|-fieldstart|move: Grassy Terrain|[from] ability: Grassy Surge|[of] p2a: Rillaboom\n|turn|16\n|\n|t:|1700597603\n|switch|p1a: Zamazenta|Zamazenta, shiny|100\/100\n|-ability|p1a: Zamazenta|Dauntless Shield|boost\n|-boost|p1a: Zamazenta|def|1\n|move|p2a: Rillaboom|Drum Beating|p1a: Zamazenta\n|-crit|p1a: Zamazenta\n|-damage|p1a: Zamazenta|49\/100\n|-unboost|p1a: Zamazenta|spe|1\n|\n|-heal|p2a: Rillaboom|88\/100|[from] Grassy Terrain\n|-heal|p1a: Zamazenta|55\/100|[from] Grassy Terrain\n|-heal|p1a: Zamazenta|62\/100|[from] item: Leftovers\n|upkeep\n|turn|17\n|\n|t:|1700597617\n|-terastallize|p2a: Rillaboom|Grass\n|move|p2a: Rillaboom|Drum Beating|p1a: Zamazenta\n|-crit|p1a: Zamazenta\n|-damage|p1a: Zamazenta|0 fnt\n|faint|p1a: Zamazenta\n|\n|-heal|p2a: Rillaboom|94\/100|[from] Grassy Terrain\n|upkeep\n|\n|t:|1700597624\n|switch|p1a: Scream Tail|Scream Tail|100\/100\n|turn|18\n|\n|t:|1700597631\n|switch|p2a: Ferrothorn|Ferrothorn, F|100\/100\n|-terastallize|p1a: Scream Tail|Steel\n|move|p1a: Scream Tail|Psyshock|p2a: Ferrothorn\n|-resisted|p2a: Ferrothorn\n|-damage|p2a: Ferrothorn|89\/100\n|\n|-heal|p2a: Ferrothorn|95\/100|[from] Grassy Terrain\n|upkeep\n|turn|19\n|\n|t:|1700597642\n|-end|p1a: Scream Tail|Protosynthesis|[silent]\n|switch|p1a: Mawile|Mawile-Mega, F, shiny|76\/100\n|move|p2a: Ferrothorn|Leech Seed|p1a: Mawile\n|-start|p1a: Mawile|move: Leech Seed\n|\n|-heal|p1a: Mawile|82\/100|[from] Grassy Terrain\n|-heal|p2a: Ferrothorn|100\/100|[from] Grassy Terrain\n|-damage|p1a: Mawile|69\/100|[from] Leech Seed|[of] p2a: Ferrothorn\n|upkeep\n|turn|20\n|\n|t:|1700597659\n|switch|p1a: Scream Tail|Scream Tail, tera:Steel|100\/100\n|move|p2a: Ferrothorn|Substitute|p2a: Ferrothorn\n|-start|p2a: Ferrothorn|Substitute\n|-damage|p2a: Ferrothorn|76\/100\n|\n|-heal|p2a: Ferrothorn|82\/100|[from] Grassy Terrain\n|-fieldend|move: Grassy Terrain\n|upkeep\n|turn|21\n|\n|t:|1700597667\n|move|p1a: Scream Tail|Perish Song|p1a: Scream Tail\n|-start|p1a: Scream Tail|perish3|[silent]\n|-start|p2a: Ferrothorn|perish3|[silent]\n|-fieldactivate|move: Perish Song\n|move|p2a: Ferrothorn|Leech Seed|p1a: Scream Tail\n|-start|p1a: Scream Tail|move: Leech Seed\n|\n|-damage|p1a: Scream Tail|88\/100|[from] Leech Seed|[of] p2a: Ferrothorn\n|-heal|p2a: Ferrothorn|95\/100|[silent]\n|-start|p1a: Scream Tail|perish3\n|-start|p2a: Ferrothorn|perish3\n|upkeep\n|turn|22\n|\n|t:|1700597678\n|-end|p1a: Scream Tail|Protosynthesis|[silent]\n|switch|p1a: Mawile|Mawile-Mega, F, shiny|69\/100\n|move|p2a: Ferrothorn|Gyro Ball|p1a: Mawile\n|-damage|p1a: Mawile|25\/100\n|\n|-start|p2a: Ferrothorn|perish2\n|upkeep\n|turn|23\n|\n|t:|1700597688\n|move|p1a: Mawile|Substitute|p1a: Mawile\n|-fail|p1a: Mawile|move: Substitute|[weak]\n|move|p2a: Ferrothorn|Gyro Ball|p1a: Mawile\n|-damage|p1a: Mawile|0 fnt\n|faint|p1a: Mawile\n|\n|-start|p2a: Ferrothorn|perish1\n|upkeep\n|\n|t:|1700597696\n|switch|p1a: Scream Tail|Scream Tail, tera:Steel|88\/100\n|turn|24\n|\n|t:|1700597700\n|move|p1a: Scream Tail|Psyshock|p2a: Ferrothorn\n|-resisted|p2a: Ferrothorn\n|-activate|p2a: Ferrothorn|move: Substitute|[damage]\n|move|p2a: Ferrothorn|Leech Seed|p1a: Scream Tail\n|-start|p1a: Scream Tail|move: Leech Seed\n|\n|-damage|p1a: Scream Tail|76\/100|[from] Leech Seed|[of] p2a: Ferrothorn\n|-heal|p2a: Ferrothorn|100\/100|[silent]\n|-start|p2a: Ferrothorn|perish0\n|upkeep\n|faint|p2a: Ferrothorn\n|\n|t:|1700597711\n|switch|p2a: Sneasler|Sneasler, F|100\/100\n|turn|25\n|\n|t:|1700597716\n|move|p2a: Sneasler|Close Combat|p1a: Scream Tail\n|-supereffective|p1a: Scream Tail\n|-damage|p1a: Scream Tail|0 fnt\n|-unboost|p2a: Sneasler|def|1\n|-unboost|p2a: Sneasler|spd|1\n|faint|p1a: Scream Tail\n|-end|p1a: Scream Tail|Protosynthesis|[silent]\n|\n|win|Vdd linda\n|raw|SpookySlime's rating: 1081 &rarr; <strong>1060<\/strong><br \/>(-21 for losing)\n|raw|Vdd linda's rating: 1092 &rarr; <strong>1117<\/strong><br \/>(+25 for winning)\n|l|\u2606SpookySlime\n","uploadtime":1700597729,"views":9,"p1id":"spookyslime","p2id":"vddlinda","formatid":"gen9nationaldex","rating":1060,"private":0,"password":""}