{"id":"gen9nationaldex-1993804122","p1":"NotTheBestReally22","p2":"RivalTeams","format":"[Gen 9] National Dex","log":"|j|\u203dNotTheBestReally22\n|j|\u2606RivalTeams\n|t:|1700359282\n|gametype|singles\n|player|p1|NotTheBestReally22|madame|1000\n|player|p2|RivalTeams|266|1091\n|teamsize|p1|6\n|teamsize|p2|6\n|gen|9\n|tier|[Gen 9] National Dex\n|rated|\n|rule|HP Percentage Mod: HP is shown in percentages\n|rule|Endless Battle Clause: Forcing endless battles is banned\n|rule|OHKO Clause: OHKO moves are banned\n|rule|Evasion Clause: Evasion abilities, items, and moves are banned\n|rule|Evasion Abilities Clause: Evasion abilities are banned\n|rule|Evasion Items Clause: Evasion items are banned\n|rule|Evasion Moves Clause: Evasion moves are banned\n|rule|Species Clause: Limit one of each Pok\u00e9mon\n|rule|Sleep Clause Mod: Limit one foe put to sleep\n|clearpoke\n|poke|p1|Nidoking, M|\n|poke|p1|Haxorus, M|\n|poke|p1|Urshifu-*, M|\n|poke|p1|Cloyster, F|\n|poke|p1|Xurkitree|\n|poke|p1|Ninetales, M|\n|poke|p2|Whimsicott, F|\n|poke|p2|Torkoal, M|\n|poke|p2|Scream Tail|\n|poke|p2|Lilligant-Hisui, F|\n|poke|p2|Charizard, M|\n|poke|p2|Gastrodon, F|\n|teampreview\n|\n|t:|1700359295\n|start\n|switch|p1a: Ninetales|Ninetales, M|100\/100\n|switch|p2a: Whimsicott|Whimsicott, F, shiny|100\/100\n|-weather|SunnyDay|[from] ability: Drought|[of] p1a: Ninetales\n|turn|1\n|\n|t:|1700359308\n|switch|p2a: Scream Tail|Scream Tail|100\/100\n|-activate|p2a: Scream Tail|ability: Protosynthesis\n|-start|p2a: Scream Tail|protosynthesisspe\n|move|p1a: Ninetales|Overheat|p2a: Scream Tail\n|-damage|p2a: Scream Tail|34\/100\n|-unboost|p1a: Ninetales|spa|2\n|\n|-weather|SunnyDay|[upkeep]\n|-heal|p2a: Scream Tail|40\/100|[from] item: Leftovers\n|upkeep\n|turn|2\n|\n|t:|1700359316\n|move|p2a: Scream Tail|Wish|p2a: Scream Tail\n|move|p1a: Ninetales|Overheat|p2a: Scream Tail\n|-damage|p2a: Scream Tail|7\/100\n|-unboost|p1a: Ninetales|spa|2\n|\n|-weather|SunnyDay|[upkeep]\n|-heal|p2a: Scream Tail|13\/100|[from] item: Leftovers\n|upkeep\n|turn|3\n|\n|t:|1700359326\n|move|p2a: Scream Tail|Disable|p1a: Ninetales\n|-start|p1a: Ninetales|Disable|Overheat\n|cant|p1a: Ninetales|Disable|Overheat\n|\n|-weather|SunnyDay|[upkeep]\n|-heal|p2a: Scream Tail|63\/100|[from] move: Wish|[wisher] Scream Tail\n|-heal|p2a: Scream Tail|69\/100|[from] item: Leftovers\n|upkeep\n|turn|4\n|\n|t:|1700359338\n|move|p2a: Scream Tail|Wish|p2a: Scream Tail\n|move|p1a: Ninetales|Calm Mind|p1a: Ninetales\n|-boost|p1a: Ninetales|spa|1\n|-boost|p1a: Ninetales|spd|1\n|\n|-weather|SunnyDay|[upkeep]\n|-heal|p2a: Scream Tail|76\/100|[from] item: Leftovers\n|upkeep\n|turn|5\n|\n|t:|1700359367\n|move|p2a: Scream Tail|Encore|p1a: Ninetales\n|-start|p1a: Ninetales|Encore\n|move|p1a: Ninetales|Calm Mind|p1a: Ninetales\n|-boost|p1a: Ninetales|spa|1\n|-boost|p1a: Ninetales|spd|1\n|\n|-weather|none\n|-end|p2a: Scream Tail|Protosynthesis\n|-heal|p2a: Scream Tail|100\/100|[from] move: Wish|[wisher] Scream Tail\n|upkeep\n|turn|6\n|\n|t:|1700359374\n|move|p2a: Scream Tail|Psychic Fangs|p1a: Ninetales\n|-damage|p1a: Ninetales|71\/100\n|move|p1a: Ninetales|Calm Mind|p1a: Ninetales\n|-boost|p1a: Ninetales|spa|1\n|-boost|p1a: Ninetales|spd|1\n|\n|-end|p1a: Ninetales|Disable\n|upkeep\n|turn|7\n|\n|t:|1700359382\n|move|p2a: Scream Tail|Psychic Fangs|p1a: Ninetales\n|-damage|p1a: Ninetales|37\/100\n|move|p1a: Ninetales|Calm Mind|p1a: Ninetales\n|-boost|p1a: Ninetales|spa|1\n|-boost|p1a: Ninetales|spd|1\n|\n|-end|p1a: Ninetales|Encore\n|upkeep\n|turn|8\n|\n|t:|1700359389\n|move|p2a: Scream Tail|Encore|p1a: Ninetales\n|-start|p1a: Ninetales|Encore\n|move|p1a: Ninetales|Calm Mind|p1a: Ninetales\n|-boost|p1a: Ninetales|spa|1\n|-boost|p1a: Ninetales|spd|1\n|\n|upkeep\n|turn|9\n|\n|t:|1700359402\n|move|p2a: Scream Tail|Psychic Fangs|p1a: Ninetales\n|-damage|p1a: Ninetales|7\/100\n|move|p1a: Ninetales|Calm Mind|p1a: Ninetales\n|-boost|p1a: Ninetales|spa|1\n|-boost|p1a: Ninetales|spd|1\n|\n|upkeep\n|turn|10\n|\n|t:|1700359408\n|move|p2a: Scream Tail|Psychic Fangs|p1a: Ninetales\n|-damage|p1a: Ninetales|0 fnt\n|faint|p1a: Ninetales\n|\n|upkeep\n|\n|t:|1700359425\n|switch|p1a: Cloyster|Cloyster, F|100\/100\n|turn|11\n|\n|t:|1700359447\n|-end|p2a: Scream Tail|Protosynthesis|[silent]\n|switch|p2a: Whimsicott|Whimsicott, F, shiny|100\/100\n|move|p1a: Cloyster|Shell Smash|p1a: Cloyster\n|-unboost|p1a: Cloyster|def|1\n|-unboost|p1a: Cloyster|spd|1\n|-boost|p1a: Cloyster|atk|2\n|-boost|p1a: Cloyster|spa|2\n|-boost|p1a: Cloyster|spe|2\n|\n|upkeep\n|turn|12\n|\n|t:|1700359453\n|move|p2a: Whimsicott|Tailwind|p2a: Whimsicott\n|-sidestart|p2: RivalTeams|move: Tailwind\n|move|p1a: Cloyster|Pin Missile|p2a: Whimsicott\n|-damage|p2a: Whimsicott|88\/100\n|-damage|p2a: Whimsicott|74\/100\n|-damage|p2a: Whimsicott|60\/100\n|-damage|p2a: Whimsicott|48\/100\n|-damage|p2a: Whimsicott|35\/100\n|-hitcount|p2a: Whimsicott|5\n|-enditem|p2a: Whimsicott|Eject Button\n|\n|t:|1700359481\n|switch|p2a: Gastrodon|Gastrodon, F, shiny|100\/100\n|\n|upkeep\n|turn|13\n|\n|t:|1700359496\n|move|p1a: Cloyster|Icicle Spear|p2a: Gastrodon\n|-damage|p2a: Gastrodon|73\/100\n|-damage|p2a: Gastrodon|46\/100\n|-damage|p2a: Gastrodon|21\/100\n|-damage|p2a: Gastrodon|0 fnt\n|faint|p2a: Gastrodon\n|-hitcount|p2: Gastrodon|4\n|\n|upkeep\n|\n|t:|1700359521\n|switch|p2a: Torkoal|Torkoal, M|100\/100\n|-weather|SunnyDay|[from] ability: Drought|[of] p2a: Torkoal\n|turn|14\n|\n|t:|1700359526\n|move|p1a: Cloyster|Rock Blast|p2a: Torkoal\n|-supereffective|p2a: Torkoal\n|-damage|p2a: Torkoal|81\/100\n|-supereffective|p2a: Torkoal\n|-damage|p2a: Torkoal|62\/100\n|-supereffective|p2a: Torkoal\n|-damage|p2a: Torkoal|44\/100\n|-supereffective|p2a: Torkoal\n|-damage|p2a: Torkoal|28\/100\n|-supereffective|p2a: Torkoal\n|-damage|p2a: Torkoal|10\/100\n|-hitcount|p2a: Torkoal|5\n|move|p2a: Torkoal|Lava Plume|p1a: Cloyster\n|-enditem|p1a: Cloyster|Focus Sash\n|-damage|p1a: Cloyster|1\/100\n|\n|-weather|SunnyDay|[upkeep]\n|upkeep\n|turn|15\n|\n|t:|1700359537\n|move|p1a: Cloyster|Icicle Spear|p2a: Torkoal\n|-resisted|p2a: Torkoal\n|-crit|p2a: Torkoal\n|-damage|p2a: Torkoal|1\/100\n|-resisted|p2a: Torkoal\n|-damage|p2a: Torkoal|0 fnt\n|faint|p2a: Torkoal\n|-hitcount|p2: Torkoal|2\n|\n|-weather|SunnyDay|[upkeep]\n|-sideend|p2: RivalTeams|move: Tailwind\n|upkeep\n|\n|t:|1700359541\n|switch|p2a: Whimsicott|Whimsicott, F, shiny|35\/100\n|turn|16\n|\n|t:|1700359546\n|move|p2a: Whimsicott|Tailwind|p2a: Whimsicott\n|-sidestart|p2: RivalTeams|move: Tailwind\n|move|p1a: Cloyster|Icicle Spear|p2a: Whimsicott\n|-supereffective|p2a: Whimsicott\n|-damage|p2a: Whimsicott|0 fnt\n|faint|p2a: Whimsicott\n|-hitcount|p2: Whimsicott|1\n|\n|-weather|SunnyDay|[upkeep]\n|upkeep\n|\n|t:|1700359550\n|switch|p2a: Scream Tail|Scream Tail|100\/100\n|-activate|p2a: Scream Tail|ability: Protosynthesis\n|-start|p2a: Scream Tail|protosynthesisspe\n|turn|17\n|\n|t:|1700359556\n|move|p2a: Scream Tail|Psychic Fangs|p1a: Cloyster\n|-damage|p1a: Cloyster|0 fnt\n|faint|p1a: Cloyster\n|\n|-weather|SunnyDay|[upkeep]\n|upkeep\n|\n|t:|1700359560\n|switch|p1a: Xurkitree|Xurkitree|100\/100\n|turn|18\n|\n|t:|1700359570\n|-terastallize|p1a: Xurkitree|Electric\n|move|p2a: Scream Tail|Wish|p2a: Scream Tail\n|move|p1a: Xurkitree|Thunderbolt|p2a: Scream Tail\n|-damage|p2a: Scream Tail|43\/100\n|\n|-weather|SunnyDay|[upkeep]\n|-heal|p2a: Scream Tail|49\/100|[from] item: Leftovers\n|upkeep\n|turn|19\n|\n|t:|1700359580\n|move|p2a: Scream Tail|Disable|p1a: Xurkitree\n|-start|p1a: Xurkitree|Disable|Thunderbolt\n|cant|p1a: Xurkitree|Disable|Thunderbolt\n|\n|-weather|SunnyDay|[upkeep]\n|-heal|p2a: Scream Tail|99\/100|[from] move: Wish|[wisher] Scream Tail\n|-heal|p2a: Scream Tail|100\/100|[from] item: Leftovers\n|-sideend|p2: RivalTeams|move: Tailwind\n|upkeep\n|turn|20\n|\n|t:|1700359589\n|switch|p1a: Nidoking|Nidoking, M|100\/100\n|move|p2a: Scream Tail|Wish|p2a: Scream Tail\n|\n|-weather|SunnyDay|[upkeep]\n|upkeep\n|turn|21\n|\n|t:|1700359599\n|-end|p2a: Scream Tail|Protosynthesis|[silent]\n|switch|p2a: Charizard|Charizard, M|100\/100\n|move|p1a: Nidoking|Flamethrower|p2a: Charizard\n|-resisted|p2a: Charizard\n|-damage|p2a: Charizard|63\/100\n|\n|-weather|none\n|-heal|p2a: Charizard|100\/100|[from] move: Wish|[wisher] Scream Tail\n|upkeep\n|turn|22\n|\n|t:|1700359613\n|detailschange|p2a: Charizard|Charizard-Mega-Y, M\n|-mega|p2a: Charizard|Charizard|Charizardite Y\n|-weather|SunnyDay|[from] ability: Drought|[of] p2a: Charizard\n|move|p2a: Charizard|Weather Ball|p1a: Nidoking\n|-damage|p1a: Nidoking|0 fnt\n|faint|p1a: Nidoking\n|\n|-weather|SunnyDay|[upkeep]\n|upkeep\n|\n|t:|1700359621\n|switch|p1a: Xurkitree|Xurkitree, tera:Electric|100\/100\n|turn|23\n|\n|t:|1700359635\n|switch|p2a: Scream Tail|Scream Tail|100\/100\n|-activate|p2a: Scream Tail|ability: Protosynthesis\n|-start|p2a: Scream Tail|protosynthesisspe\n|move|p1a: Xurkitree|Thunderbolt|p2a: Scream Tail\n|-damage|p2a: Scream Tail|50\/100\n|\n|-weather|SunnyDay|[upkeep]\n|-heal|p2a: Scream Tail|56\/100|[from] item: Leftovers\n|upkeep\n|turn|24\n|\n|t:|1700359648\n|move|p2a: Scream Tail|Disable|p1a: Xurkitree\n|-start|p1a: Xurkitree|Disable|Thunderbolt\n|cant|p1a: Xurkitree|Disable|Thunderbolt\n|\n|-weather|SunnyDay|[upkeep]\n|-heal|p2a: Scream Tail|62\/100|[from] item: Leftovers\n|upkeep\n|turn|25\n|\n|t:|1700359657\n|switch|p1a: Urshifu|Urshifu-Rapid-Strike, M|100\/100\n|move|p2a: Scream Tail|Wish|p2a: Scream Tail\n|\n|-weather|SunnyDay|[upkeep]\n|-heal|p2a: Scream Tail|68\/100|[from] item: Leftovers\n|upkeep\n|turn|26\n|\n|t:|1700359667\n|move|p2a: Scream Tail|Psychic Fangs|p1a: Urshifu\n|-supereffective|p1a: Urshifu\n|-damage|p1a: Urshifu|62\/100\n|move|p1a: Urshifu|U-turn|p2a: Scream Tail\n|-damage|p2a: Scream Tail|48\/100\n|\n|t:|1700359675\n|switch|p1a: Xurkitree|Xurkitree, tera:Electric|100\/100|[from] U-turn\n|\n|-weather|none\n|-end|p2a: Scream Tail|Protosynthesis\n|-heal|p2a: Scream Tail|98\/100|[from] move: Wish|[wisher] Scream Tail\n|-heal|p2a: Scream Tail|100\/100|[from] item: Leftovers\n|upkeep\n|turn|27\n|\n|t:|1700359685\n|move|p1a: Xurkitree|Volt Switch|p2a: Scream Tail\n|-damage|p2a: Scream Tail|55\/100\n|\n|t:|1700359688\n|switch|p1a: Urshifu|Urshifu-Rapid-Strike, M|62\/100|[from] Volt Switch\n|move|p2a: Scream Tail|Disable||[still]\n|-fail|p2a: Scream Tail\n|\n|-heal|p2a: Scream Tail|61\/100|[from] item: Leftovers\n|upkeep\n|turn|28\n|\n|t:|1700359696\n|-end|p2a: Scream Tail|Protosynthesis|[silent]\n|switch|p2a: Charizard|Charizard-Mega-Y, M|100\/100\n|-weather|SunnyDay|[from] ability: Drought|[of] p2a: Charizard\n|move|p1a: Urshifu|U-turn|p2a: Charizard\n|-resisted|p2a: Charizard\n|-damage|p2a: Charizard|91\/100\n|\n|t:|1700359702\n|switch|p1a: Xurkitree|Xurkitree, tera:Electric|100\/100|[from] U-turn\n|\n|-weather|SunnyDay|[upkeep]\n|upkeep\n|turn|29\n|\n|t:|1700359713\n|move|p1a: Xurkitree|Thunderbolt|p2a: Charizard\n|-supereffective|p2a: Charizard\n|-damage|p2a: Charizard|0 fnt\n|faint|p2a: Charizard\n|-ability|p1a: Xurkitree|Beast Boost|boost\n|-boost|p1a: Xurkitree|spa|1\n|\n|-weather|SunnyDay|[upkeep]\n|upkeep\n|\n|t:|1700359716\n|switch|p2a: Lilligant|Lilligant-Hisui, F|100\/100\n|turn|30\n|\n|t:|1700359721\n|-terastallize|p2a: Lilligant|Grass\n|move|p2a: Lilligant|Victory Dance|p2a: Lilligant\n|-boost|p2a: Lilligant|atk|1\n|-boost|p2a: Lilligant|def|1\n|-boost|p2a: Lilligant|spe|1\n|move|p1a: Xurkitree|Thunderbolt|p2a: Lilligant\n|-resisted|p2a: Lilligant\n|-damage|p2a: Lilligant|13\/100\n|\n|-weather|SunnyDay|[upkeep]\n|upkeep\n|turn|31\n|\n|t:|1700359736\n|move|p2a: Lilligant|Solar Blade||[still]\n|-prepare|p2a: Lilligant|Solar Blade\n|-anim|p2a: Lilligant|Solar Blade|p1a: Xurkitree\n|-damage|p1a: Xurkitree|0 fnt\n|faint|p1a: Xurkitree\n|\n|-weather|SunnyDay|[upkeep]\n|upkeep\n|\n|t:|1700359740\n|switch|p1a: Haxorus|Haxorus, M|100\/100\n|-ability|p1a: Haxorus|Mold Breaker\n|turn|32\n|\n|t:|1700359744\n|move|p2a: Lilligant|Ice Spinner|p1a: Haxorus\n|-supereffective|p1a: Haxorus\n|-enditem|p1a: Haxorus|Focus Sash\n|-damage|p1a: Haxorus|1\/100\n|move|p1a: Haxorus|Iron Head|p2a: Lilligant\n|-damage|p2a: Lilligant|0 fnt\n|faint|p2a: Lilligant\n|\n|-weather|none\n|upkeep\n|\n|t:|1700359748\n|switch|p2a: Scream Tail|Scream Tail|61\/100\n|turn|33\n|\n|t:|1700359756\n|move|p2a: Scream Tail|Psychic Fangs|p1a: Haxorus\n|-damage|p1a: Haxorus|0 fnt\n|faint|p1a: Haxorus\n|\n|-heal|p2a: Scream Tail|67\/100|[from] item: Leftovers\n|upkeep\n|\n|t:|1700359759\n|switch|p1a: Urshifu|Urshifu-Rapid-Strike, M|62\/100\n|turn|34\n|\n|t:|1700359762\n|move|p2a: Scream Tail|Psychic Fangs|p1a: Urshifu\n|-supereffective|p1a: Urshifu\n|-damage|p1a: Urshifu|16\/100\n|move|p1a: Urshifu|Surging Strikes|p2a: Scream Tail\n|-crit|p2a: Scream Tail\n|-damage|p2a: Scream Tail|51\/100\n|-crit|p2a: Scream Tail\n|-damage|p2a: Scream Tail|34\/100\n|-crit|p2a: Scream Tail\n|-damage|p2a: Scream Tail|18\/100\n|-hitcount|p2a: Scream Tail|3\n|\n|-heal|p2a: Scream Tail|25\/100|[from] item: Leftovers\n|upkeep\n|turn|35\n|-message|NotTheBestReally22 forfeited.\n|\n|win|RivalTeams\n|raw|NotTheBestReally22's rating: 1000 &rarr; <strong>1000<\/strong><br \/>(+0 for losing)\n|raw|RivalTeams's rating: 1091 &rarr; <strong>1111<\/strong><br \/>(+20 for winning)\n|l|\u203dNotTheBestReally22\n","uploadtime":1700359798,"views":7,"p1id":"notthebestreally22","p2id":"rivalteams","formatid":"gen9nationaldex","rating":1000,"private":0,"password":""}