{"id":"gen9nationaldex-1997138137","p1":"Lgbeet","p2":"fazevolzer","format":"[Gen 9] National Dex","log":"|html|<div class=\"broadcast-blue\"><strong>[Gen 9] National Dex is currently suspecting Sneasler! For information on how to participate check out the <a href=\"https:\/\/www.smogon.com\/forums\/threads\/sv-national-dex-suspect-8-just-dance.3731534\/\">suspect thread<\/a>.<\/strong><\/div>\n|j|\u2606Lgbeet\n|j|\u2606fazevolzer\n|t:|1700768355\n|gametype|singles\n|player|p1|Lgbeet|pokefanf|1105\n|player|p2|fazevolzer|swimmerf-gen4dp|1144\n|teamsize|p1|6\n|teamsize|p2|6\n|gen|9\n|tier|[Gen 9] National Dex\n|rated|\n|rule|HP Percentage Mod: HP is shown in percentages\n|rule|Endless Battle Clause: Forcing endless battles is banned\n|rule|OHKO Clause: OHKO moves are banned\n|rule|Evasion Clause: Evasion abilities, items, and moves are banned\n|rule|Evasion Abilities Clause: Evasion abilities are banned\n|rule|Evasion Items Clause: Evasion items are banned\n|rule|Evasion Moves Clause: Evasion moves are banned\n|rule|Species Clause: Limit one of each Pok\u00e9mon\n|rule|Sleep Clause Mod: Limit one foe put to sleep\n|clearpoke\n|poke|p1|Nidoking, M|\n|poke|p1|Tyranitar, M|\n|poke|p1|Hippowdon, F|\n|poke|p1|Aerodactyl, F|\n|poke|p1|Jirachi|\n|poke|p1|Dracozolt|\n|poke|p2|Goodra-Hisui, F|\n|poke|p2|Cloyster, M|\n|poke|p2|Murkrow, M|\n|poke|p2|Indeedee, M|\n|poke|p2|Togekiss, M|\n|poke|p2|Cobalion|\n|teampreview\n|\n|t:|1700768396\n|start\n|switch|p1a: Dracozolt|Dracozolt|100\/100\n|switch|p2a: Cloyster|Cloyster, M, shiny|100\/100\n|turn|1\n|\n|t:|1700768414\n|-terastallize|p1a: Dracozolt|Electric\n|move|p1a: Dracozolt|Bolt Beak|p2a: Cloyster\n|-supereffective|p2a: Cloyster\n|-crit|p2a: Cloyster\n|-enditem|p2a: Cloyster|Focus Sash\n|-damage|p2a: Cloyster|1\/100\n|move|p2a: Cloyster|Shell Smash|p2a: Cloyster\n|-unboost|p2a: Cloyster|def|1\n|-unboost|p2a: Cloyster|spd|1\n|-boost|p2a: Cloyster|atk|2\n|-boost|p2a: Cloyster|spa|2\n|-boost|p2a: Cloyster|spe|2\n|\n|upkeep\n|turn|2\n|\n|t:|1700768426\n|switch|p1a: Tyranitar|Tyranitar, M|100\/100\n|-weather|Sandstorm|[from] ability: Sand Stream|[of] p1a: Tyranitar\n|move|p2a: Cloyster|Icicle Spear|p1a: Tyranitar\n|-damage|p1a: Tyranitar|83\/100\n|-damage|p1a: Tyranitar|67\/100\n|-damage|p1a: Tyranitar|50\/100\n|-damage|p1a: Tyranitar|34\/100\n|-damage|p1a: Tyranitar|17\/100\n|-hitcount|p1a: Tyranitar|5\n|\n|-weather|Sandstorm|[upkeep]\n|-damage|p2a: Cloyster|0 fnt|[from] Sandstorm\n|faint|p2a: Cloyster\n|upkeep\n|\n|t:|1700768449\n|switch|p2a: Cobalion|Cobalion|100\/100\n|turn|3\n|\n|t:|1700768455\n|switch|p1a: Jirachi|Jirachi|100\/100\n|move|p2a: Cobalion|Iron Head|p1a: Jirachi\n|-resisted|p1a: Jirachi\n|-damage|p1a: Jirachi|86\/100\n|\n|-weather|Sandstorm|[upkeep]\n|-heal|p1a: Jirachi|93\/100|[from] item: Leftovers\n|upkeep\n|turn|4\n|\n|t:|1700768474\n|switch|p2a: Goodra|Goodra-Hisui, F, shiny|100\/100\n|move|p1a: Jirachi|Wish|p1a: Jirachi\n|\n|-weather|Sandstorm|[upkeep]\n|-heal|p1a: Jirachi|99\/100|[from] item: Leftovers\n|upkeep\n|turn|5\n|\n|t:|1700768483\n|move|p1a: Jirachi|U-turn|p2a: Goodra\n|-resisted|p2a: Goodra\n|-damage|p2a: Goodra|93\/100\n|\n|t:|1700768487\n|switch|p1a: Hippowdon|Hippowdon, F|100\/100|[from] U-turn\n|move|p2a: Goodra|Fire Blast|p1a: Hippowdon\n|-damage|p1a: Hippowdon|62\/100\n|\n|-weather|Sandstorm|[upkeep]\n|-heal|p1a: Hippowdon|100\/100|[from] move: Wish|[wisher] Jirachi\n|upkeep\n|turn|6\n|\n|t:|1700768504\n|switch|p2a: Murkrow|Murkrow, M, shiny|100\/100\n|move|p1a: Hippowdon|Stockpile|p1a: Hippowdon\n|-start|p1a: Hippowdon|stockpile1\n|-boost|p1a: Hippowdon|def|1\n|-boost|p1a: Hippowdon|spd|1\n|\n|-weather|Sandstorm|[upkeep]\n|-damage|p2a: Murkrow|94\/100|[from] Sandstorm\n|upkeep\n|turn|7\n|\n|t:|1700768513\n|move|p2a: Murkrow|Tailwind|p2a: Murkrow\n|-sidestart|p2: fazevolzer|move: Tailwind\n|move|p1a: Hippowdon|Stockpile|p1a: Hippowdon\n|-start|p1a: Hippowdon|stockpile2\n|-boost|p1a: Hippowdon|def|1\n|-boost|p1a: Hippowdon|spd|1\n|\n|-weather|Sandstorm|[upkeep]\n|-damage|p2a: Murkrow|88\/100|[from] Sandstorm\n|upkeep\n|turn|8\n|\n|t:|1700768569\n|move|p2a: Murkrow|Haze|p2a: Murkrow\n|-clearallboost\n|move|p1a: Hippowdon|Body Press|p2a: Murkrow\n|-damage|p2a: Murkrow|55\/100\n|\n|-weather|Sandstorm|[upkeep]\n|-damage|p2a: Murkrow|49\/100|[from] Sandstorm\n|upkeep\n|turn|9\n|c|\u2606Lgbeet|Oi\n|c|\u2606Lgbeet|:p stinky\n|\n|t:|1700768597\n|switch|p2a: Togekiss|Togekiss, M, shiny|100\/100\n|move|p1a: Hippowdon|Body Press|p2a: Togekiss\n|-resisted|p2a: Togekiss\n|-damage|p2a: Togekiss|94\/100\n|\n|-weather|none\n|upkeep\n|turn|10\n|\n|t:|1700768603\n|switch|p1a: Tyranitar|Tyranitar, M|17\/100\n|-weather|Sandstorm|[from] ability: Sand Stream|[of] p1a: Tyranitar\n|move|p2a: Togekiss|Air Slash|p1a: Tyranitar\n|-resisted|p1a: Tyranitar\n|-damage|p1a: Tyranitar|4\/100\n|\n|-weather|Sandstorm|[upkeep]\n|-damage|p2a: Togekiss|88\/100|[from] Sandstorm\n|-sideend|p2: fazevolzer|move: Tailwind\n|upkeep\n|turn|11\n|\n|t:|1700768619\n|move|p2a: Togekiss|Air Slash|p1a: Tyranitar\n|-resisted|p1a: Tyranitar\n|-damage|p1a: Tyranitar|0 fnt\n|faint|p1a: Tyranitar\n|\n|-weather|Sandstorm|[upkeep]\n|-damage|p2a: Togekiss|82\/100|[from] Sandstorm\n|upkeep\n|\n|t:|1700768622\n|switch|p1a: Dracozolt|Dracozolt, tera:Electric|100\/100\n|turn|12\n|c|\u2606Lgbeet|Earfqake\n|\n|t:|1700768653\n|move|p1a: Dracozolt|Bolt Beak|p2a: Togekiss\n|-supereffective|p2a: Togekiss\n|-damage|p2a: Togekiss|0 fnt\n|faint|p2a: Togekiss\n|\n|-weather|Sandstorm|[upkeep]\n|upkeep\n|\n|t:|1700768660\n|switch|p2a: Goodra|Goodra-Hisui, F, shiny|93\/100\n|turn|13\n|\n|t:|1700768666\n|switch|p1a: Jirachi|Jirachi|99\/100\n|move|p2a: Goodra|Draco Meteor|p1a: Jirachi\n|-resisted|p1a: Jirachi\n|-damage|p1a: Jirachi|78\/100\n|-unboost|p2a: Goodra|spa|2\n|\n|-weather|Sandstorm|[upkeep]\n|-heal|p1a: Jirachi|84\/100|[from] item: Leftovers\n|upkeep\n|turn|14\n|\n|t:|1700768683\n|switch|p2a: Murkrow|Murkrow, M, shiny|49\/100\n|move|p1a: Jirachi|Wish|p1a: Jirachi\n|\n|-weather|Sandstorm|[upkeep]\n|-damage|p2a: Murkrow|43\/100|[from] Sandstorm\n|-heal|p1a: Jirachi|91\/100|[from] item: Leftovers\n|upkeep\n|turn|15\n|\n|t:|1700768694\n|move|p2a: Murkrow|Tailwind|p2a: Murkrow\n|-sidestart|p2: fazevolzer|move: Tailwind\n|move|p1a: Jirachi|U-turn|p2a: Murkrow\n|-damage|p2a: Murkrow|26\/100\n|\n|t:|1700768700\n|switch|p1a: Aerodactyl|Aerodactyl, F|100\/100|[from] U-turn\n|-ability|p1a: Aerodactyl|Unnerve\n|\n|-weather|Sandstorm|[upkeep]\n|-damage|p2a: Murkrow|20\/100|[from] Sandstorm\n|upkeep\n|turn|16\n|\n|t:|1700768712\n|detailschange|p1a: Aerodactyl|Aerodactyl-Mega, F\n|-mega|p1a: Aerodactyl|Aerodactyl|Aerodactylite\n|move|p1a: Aerodactyl|Rock Slide|p2a: Murkrow\n|-supereffective|p2a: Murkrow\n|-crit|p2a: Murkrow\n|-damage|p2a: Murkrow|0 fnt\n|faint|p2a: Murkrow\n|\n|-weather|Sandstorm|[upkeep]\n|upkeep\n|\n|t:|1700768722\n|switch|p2a: Goodra|Goodra-Hisui, F, shiny|93\/100\n|turn|17\n|\n|t:|1700768726\n|move|p1a: Aerodactyl|Tailwind|p1a: Aerodactyl\n|-sidestart|p1: Lgbeet|move: Tailwind\n|move|p2a: Goodra|Flash Cannon|p1a: Aerodactyl\n|-supereffective|p1a: Aerodactyl\n|-damage|p1a: Aerodactyl|36\/100\n|\n|-weather|none\n|upkeep\n|turn|18\n|\n|t:|1700768739\n|switch|p1a: Jirachi|Jirachi|91\/100\n|move|p2a: Goodra|Flash Cannon|p1a: Jirachi\n|-resisted|p1a: Jirachi\n|-damage|p1a: Jirachi|78\/100\n|\n|-heal|p1a: Jirachi|84\/100|[from] item: Leftovers\n|-sideend|p2: fazevolzer|move: Tailwind\n|upkeep\n|turn|19\n|\n|t:|1700768745\n|move|p1a: Jirachi|Protect|p1a: Jirachi\n|-singleturn|p1a: Jirachi|Protect\n|move|p2a: Goodra|Fire Blast|p1a: Jirachi\n|-activate|p1a: Jirachi|move: Protect\n|\n|-heal|p1a: Jirachi|90\/100|[from] item: Leftovers\n|upkeep\n|turn|20\n|\n|t:|1700768748\n|move|p1a: Jirachi|Wish|p1a: Jirachi\n|move|p2a: Goodra|Fire Blast|p1a: Jirachi|[miss]\n|-miss|p2a: Goodra|p1a: Jirachi\n|\n|-heal|p1a: Jirachi|97\/100|[from] item: Leftovers\n|-sideend|p1: Lgbeet|move: Tailwind\n|upkeep\n|turn|21\n|\n|t:|1700768756\n|move|p1a: Jirachi|U-turn|p2a: Goodra\n|-resisted|p2a: Goodra\n|-damage|p2a: Goodra|86\/100\n|\n|t:|1700768760\n|switch|p1a: Aerodactyl|Aerodactyl-Mega, F|36\/100|[from] U-turn\n|move|p2a: Goodra|Fire Blast|p1a: Aerodactyl\n|-resisted|p1a: Aerodactyl\n|-damage|p1a: Aerodactyl|12\/100\n|\n|-heal|p1a: Aerodactyl|80\/100|[from] move: Wish|[wisher] Jirachi\n|upkeep\n|turn|22\n|\n|t:|1700768774\n|switch|p1a: Hippowdon|Hippowdon, F|100\/100\n|-weather|Sandstorm|[from] ability: Sand Stream|[of] p1a: Hippowdon\n|move|p2a: Goodra|Flash Cannon|p1a: Hippowdon\n|-damage|p1a: Hippowdon|59\/100\n|\n|-weather|Sandstorm|[upkeep]\n|-heal|p1a: Hippowdon|65\/100|[from] item: Leftovers\n|upkeep\n|turn|23\n|\n|t:|1700768785\n|switch|p2a: Indeedee|Indeedee, M, shiny|100\/100\n|-fieldstart|move: Psychic Terrain|[from] ability: Psychic Surge|[of] p2a: Indeedee\n|move|p1a: Hippowdon|Stockpile|p1a: Hippowdon\n|-start|p1a: Hippowdon|stockpile1\n|-boost|p1a: Hippowdon|def|1\n|-boost|p1a: Hippowdon|spd|1\n|\n|-weather|Sandstorm|[upkeep]\n|-damage|p2a: Indeedee|94\/100|[from] Sandstorm\n|-heal|p1a: Hippowdon|71\/100|[from] item: Leftovers\n|upkeep\n|turn|24\n|\n|t:|1700768793\n|move|p2a: Indeedee|Trick|p1a: Hippowdon\n|-activate|p2a: Indeedee|move: Trick|[of] p1a: Hippowdon\n|-item|p1a: Hippowdon|Choice Specs|[from] move: Trick\n|-item|p2a: Indeedee|Leftovers|[from] move: Trick\n|move|p1a: Hippowdon|Body Press|p2a: Indeedee\n|-damage|p2a: Indeedee|4\/100\n|\n|-weather|Sandstorm|[upkeep]\n|-damage|p2a: Indeedee|0 fnt|[from] Sandstorm\n|faint|p2a: Indeedee\n|upkeep\n|\n|t:|1700768805\n|switch|p2a: Goodra|Goodra-Hisui, F, shiny|86\/100\n|turn|25\n|\n|t:|1700768809\n|move|p2a: Goodra|Draco Meteor|p1a: Hippowdon|[miss]\n|-miss|p2a: Goodra|p1a: Hippowdon\n|move|p1a: Hippowdon|Body Press|p2a: Goodra\n|-supereffective|p2a: Goodra\n|-damage|p2a: Goodra|0 fnt\n|faint|p2a: Goodra\n|\n|-weather|Sandstorm|[upkeep]\n|upkeep\n|\n|t:|1700768812\n|switch|p2a: Cobalion|Cobalion|100\/100\n|turn|26\n|\n|t:|1700768815\n|move|p2a: Cobalion|Close Combat|p1a: Hippowdon\n|-damage|p1a: Hippowdon|56\/100\n|-unboost|p2a: Cobalion|def|1\n|-unboost|p2a: Cobalion|spd|1\n|move|p1a: Hippowdon|Body Press|p2a: Cobalion\n|-supereffective|p2a: Cobalion\n|-damage|p2a: Cobalion|0 fnt\n|-damage|p1a: Hippowdon|39\/100|[from] item: Rocky Helmet|[of] p2a: Cobalion\n|faint|p2a: Cobalion\n|\n|win|Lgbeet\n|raw|Lgbeet's rating: 1105 &rarr; <strong>1133<\/strong><br \/>(+28 for winning)\n|raw|fazevolzer's rating: 1144 &rarr; <strong>1116<\/strong><br \/>(-28 for losing)\n|l|\u2606fazevolzer\n|c|\u2606Lgbeet|Gg\n|c|\u2606Lgbeet|Lmao\n","uploadtime":1700768838,"views":7,"p1id":"lgbeet","p2id":"fazevolzer","formatid":"gen9nationaldex","rating":1116,"private":0,"password":""}