{"id":"gen9nationaldex-1995203187","p1":"Sirrawrz","p2":"suckybugcatcher","format":"[Gen 9] National Dex","log":"|html|<div class=\"broadcast-blue\"><strong>[Gen 9] National Dex is currently suspecting Sneasler! For information on how to participate check out the <a href=\"https:\/\/www.smogon.com\/forums\/threads\/sv-national-dex-suspect-8-just-dance.3731534\/\">suspect thread<\/a>.<\/strong><\/div>\n|j|\u2606Sirrawrz\n|j|\u2606suckybugcatcher\n|t:|1700534179\n|gametype|singles\n|player|p1|Sirrawrz|emmet|1520\n|player|p2|suckybugcatcher|bugcatcher-gen4dp|1652\n|teamsize|p1|6\n|teamsize|p2|6\n|gen|9\n|tier|[Gen 9] National Dex\n|rated|\n|rule|HP Percentage Mod: HP is shown in percentages\n|rule|Endless Battle Clause: Forcing endless battles is banned\n|rule|OHKO Clause: OHKO moves are banned\n|rule|Evasion Clause: Evasion abilities, items, and moves are banned\n|rule|Evasion Abilities Clause: Evasion abilities are banned\n|rule|Evasion Items Clause: Evasion items are banned\n|rule|Evasion Moves Clause: Evasion moves are banned\n|rule|Species Clause: Limit one of each Pok\u00e9mon\n|rule|Sleep Clause Mod: Limit one foe put to sleep\n|clearpoke\n|poke|p1|Ninetales, M|\n|poke|p1|Venusaur, M|\n|poke|p1|Jolteon, M|\n|poke|p1|Blastoise, F|\n|poke|p1|Rhydon, F|\n|poke|p1|Scyther, M|\n|poke|p2|Scizor, M|\n|poke|p2|Volcarona, F|\n|poke|p2|Galvantula, F|\n|poke|p2|Vivillon-Garden, M|\n|poke|p2|Araquanid, F|\n|poke|p2|Forretress, M|\n|teampreview\n|c|\u2606Sirrawrz|WHO LET ALL THE BUGS IN HERE\n|\n|t:|1700534194\n|start\n|switch|p1a: Scyther|Scyther, M, shiny|100\/100\n|switch|p2a: Mustardseed|Galvantula, F|100\/100\n|turn|1\n|c|\u2606suckybugcatcher|who let the bugs out, who who who who\n|\n|t:|1700534199\n|switch|p1a: Jolteon|Jolteon, M, shiny|100\/100\n|move|p2a: Mustardseed|Sticky Web|p1a: Jolteon\n|-sidestart|p1: Sirrawrz|move: Sticky Web\n|\n|-status|p1a: Jolteon|brn|[from] item: Flame Orb\n|upkeep\n|turn|2\n|c|\u2606Sirrawrz|Suckybugcatcher!\n|\n|t:|1700534206\n|move|p1a: Jolteon|Copycat|p1a: Jolteon\n|move|p1a: Jolteon|Sticky Web|p2a: Mustardseed|[from]move: Copycat\n|-sidestart|p2: suckybugcatcher|move: Sticky Web\n|move|p2a: Mustardseed|Bug Buzz|p1a: Jolteon\n|-damage|p1a: Jolteon|52\/100 brn\n|\n|-damage|p1a: Jolteon|46\/100 brn|[from] brn\n|upkeep\n|turn|3\n|\n|t:|1700534209\n|move|p1a: Jolteon|Volt Switch|p2a: Mustardseed\n|-resisted|p2a: Mustardseed\n|-damage|p2a: Mustardseed|71\/100\n|\n|t:|1700534213\n|switch|p1a: Rhydon|Rhydon, F, shiny|100\/100|[from] Volt Switch\n|-activate|p1a: Rhydon|move: Sticky Web\n|-unboost|p1a: Rhydon|spe|1\n|move|p2a: Mustardseed|Bug Buzz|p1a: Rhydon\n|-damage|p1a: Rhydon|72\/100\n|-unboost|p1a: Rhydon|spd|1\n|\n|upkeep\n|turn|4\n|\n|t:|1700534217\n|move|p2a: Mustardseed|Hidden Power|p1a: Rhydon\n|-supereffective|p1a: Rhydon\n|-damage|p1a: Rhydon|35\/100\n|move|p1a: Rhydon|Stealth Rock|p2a: Mustardseed\n|-sidestart|p2: suckybugcatcher|move: Stealth Rock\n|\n|upkeep\n|turn|5\n|\n|t:|1700534220\n|switch|p1a: Blastoise|Blastoise, F, shiny|100\/100\n|-activate|p1a: Blastoise|move: Sticky Web\n|-unboost|p1a: Blastoise|spe|1\n|move|p2a: Mustardseed|Hidden Power|p1a: Blastoise\n|-resisted|p1a: Blastoise\n|-damage|p1a: Blastoise|95\/100\n|\n|upkeep\n|turn|6\n|\n|t:|1700534222\n|move|p2a: Mustardseed|Thunder|p1a: Blastoise\n|-supereffective|p1a: Blastoise\n|-damage|p1a: Blastoise|41\/100\n|move|p1a: Blastoise|Rapid Spin|p2a: Mustardseed\n|-damage|p2a: Mustardseed|51\/100\n|-boost|p1a: Blastoise|spe|1\n|-sideend|p1: Sirrawrz|Sticky Web|[from] move: Rapid Spin|[of] p1a: Blastoise\n|\n|upkeep\n|turn|7\n|\n|t:|1700534225\n|switch|p1a: Rhydon|Rhydon, F, shiny|35\/100\n|move|p2a: Mustardseed|Thunder|p1a: Rhydon\n|-ability|p1a: Rhydon|Lightning Rod|boost\n|-boost|p1a: Rhydon|spa|1\n|\n|upkeep\n|turn|8\n|\n|t:|1700534227\n|move|p2a: Mustardseed|Sticky Web|p1a: Rhydon\n|-sidestart|p1: Sirrawrz|move: Sticky Web\n|move|p1a: Rhydon|Earthquake|p2a: Mustardseed\n|-damage|p2a: Mustardseed|0 fnt\n|faint|p2a: Mustardseed\n|\n|upkeep\n|\n|t:|1700534229\n|switch|p2a: Peaseblossom|Forretress, M|100\/100\n|-activate|p2a: Peaseblossom|move: Sticky Web\n|-unboost|p2a: Peaseblossom|spe|1\n|-damage|p2a: Peaseblossom|88\/100|[from] Stealth Rock\n|turn|9\n|\n|t:|1700534233\n|switch|p1a: Blastoise|Blastoise, F, shiny|41\/100\n|-activate|p1a: Blastoise|move: Sticky Web\n|-unboost|p1a: Blastoise|spe|1\n|move|p2a: Peaseblossom|Rapid Spin|p1a: Blastoise\n|-damage|p1a: Blastoise|35\/100\n|-boost|p2a: Peaseblossom|spe|1\n|-sideend|p2: suckybugcatcher|Stealth Rock|[from] move: Rapid Spin|[of] p2a: Peaseblossom\n|-sideend|p2: suckybugcatcher|Sticky Web|[from] move: Rapid Spin|[of] p2a: Peaseblossom\n|\n|-heal|p2a: Peaseblossom|94\/100|[from] item: Leftovers\n|upkeep\n|turn|10\n|\n|t:|1700534236\n|move|p2a: Peaseblossom|Toxic|p1a: Blastoise\n|-status|p1a: Blastoise|tox\n|move|p1a: Blastoise|Rapid Spin|p2a: Peaseblossom\n|-resisted|p2a: Peaseblossom\n|-damage|p2a: Peaseblossom|92\/100\n|-boost|p1a: Blastoise|spe|1\n|-sideend|p1: Sirrawrz|Sticky Web|[from] move: Rapid Spin|[of] p1a: Blastoise\n|\n|-heal|p2a: Peaseblossom|98\/100|[from] item: Leftovers\n|-damage|p1a: Blastoise|29\/100 tox|[from] psn\n|upkeep\n|turn|11\n|\n|t:|1700534238\n|move|p1a: Blastoise|Flip Turn|p2a: Peaseblossom\n|-damage|p2a: Peaseblossom|88\/100\n|\n|t:|1700534240\n|switch|p1a: Ninetales|Ninetales, M, shiny|100\/100|[from] Flip Turn\n|-weather|SunnyDay|[from] ability: Drought|[of] p1a: Ninetales\n|move|p2a: Peaseblossom|Stealth Rock|p1a: Ninetales\n|-sidestart|p1: Sirrawrz|move: Stealth Rock\n|\n|-weather|SunnyDay|[upkeep]\n|-heal|p2a: Peaseblossom|95\/100|[from] item: Leftovers\n|upkeep\n|turn|12\n|\n|t:|1700534245\n|switch|p1a: Blastoise|Blastoise, F, shiny|29\/100 tox\n|-damage|p1a: Blastoise|16\/100 tox|[from] Stealth Rock\n|switch|p2a: Cobweb|Araquanid, F|100\/100\n|\n|-weather|SunnyDay|[upkeep]\n|-damage|p1a: Blastoise|10\/100 tox|[from] psn\n|upkeep\n|turn|13\n|\n|t:|1700534247\n|switch|p2a: Peaseblossom|Forretress, M|95\/100\n|move|p1a: Blastoise|Rapid Spin|p2a: Peaseblossom\n|-resisted|p2a: Peaseblossom\n|-damage|p2a: Peaseblossom|92\/100\n|-boost|p1a: Blastoise|spe|1\n|-sideend|p1: Sirrawrz|Stealth Rock|[from] move: Rapid Spin|[of] p1a: Blastoise\n|\n|-weather|SunnyDay|[upkeep]\n|-heal|p2a: Peaseblossom|98\/100|[from] item: Leftovers\n|-damage|p1a: Blastoise|0 fnt|[from] psn\n|faint|p1a: Blastoise\n|upkeep\n|\n|t:|1700534250\n|switch|p1a: Jolteon|Jolteon, M, shiny|46\/100 brn\n|turn|14\n|\n|t:|1700534255\n|move|p1a: Jolteon|Weather Ball|p2a: Peaseblossom\n|-supereffective|p2a: Peaseblossom\n|-damage|p2a: Peaseblossom|0 fnt\n|faint|p2a: Peaseblossom\n|\n|-weather|SunnyDay|[upkeep]\n|-damage|p1a: Jolteon|39\/100 brn|[from] brn\n|upkeep\n|\n|t:|1700534261\n|switch|p2a: Puck|Vivillon-Garden, M|100\/100\n|turn|15\n|\n|t:|1700534266\n|move|p1a: Jolteon|Volt Switch|p2a: Puck\n|-supereffective|p2a: Puck\n|-enditem|p2a: Puck|Focus Sash\n|-damage|p2a: Puck|1\/100\n|\n|t:|1700534269\n|switch|p1a: Scyther|Scyther, M, shiny|100\/100|[from] Volt Switch\n|move|p2a: Puck|Quiver Dance|p2a: Puck\n|-boost|p2a: Puck|spa|1\n|-boost|p2a: Puck|spd|1\n|-boost|p2a: Puck|spe|1\n|\n|-weather|none\n|upkeep\n|turn|16\n|\n|t:|1700534271\n|move|p1a: Scyther|Quick Attack|p2a: Puck\n|-damage|p2a: Puck|0 fnt\n|faint|p2a: Puck\n|\n|upkeep\n|\n|t:|1700534275\n|switch|p2a: Oberon|Scizor, M|100\/100\n|turn|17\n|\n|t:|1700534278\n|switch|p1a: Ninetales|Ninetales, M, shiny|100\/100\n|-weather|SunnyDay|[from] ability: Drought|[of] p1a: Ninetales\n|detailschange|p2a: Oberon|Scizor-Mega, M\n|-mega|p2a: Oberon|Scizor|Scizorite\n|move|p2a: Oberon|Swords Dance|p2a: Oberon\n|-boost|p2a: Oberon|atk|2\n|\n|-weather|SunnyDay|[upkeep]\n|upkeep\n|turn|18\n|\n|t:|1700534282\n|switch|p2a: Cobweb|Araquanid, F|100\/100\n|move|p1a: Ninetales|Weather Ball|p2a: Cobweb\n|-crit|p2a: Cobweb\n|-damage|p2a: Cobweb|74\/100\n|\n|-weather|SunnyDay|[upkeep]\n|-heal|p2a: Cobweb|80\/100|[from] item: Leftovers\n|upkeep\n|turn|19\n|\n|t:|1700534284\n|switch|p1a: Scyther|Scyther, M, shiny|100\/100\n|move|p2a: Cobweb|Toxic|p1a: Scyther\n|-status|p1a: Scyther|tox\n|\n|-weather|SunnyDay|[upkeep]\n|-heal|p2a: Cobweb|86\/100|[from] item: Leftovers\n|-damage|p1a: Scyther|94\/100 tox|[from] psn\n|upkeep\n|turn|20\n|\n|t:|1700534287\n|switch|p2a: Oberon|Scizor-Mega, M|100\/100\n|move|p1a: Scyther|Dual Wingbeat|p2a: Oberon\n|-damage|p2a: Oberon|70\/100\n|-damage|p2a: Oberon|40\/100\n|-hitcount|p2a: Oberon|2\n|\n|-weather|SunnyDay|[upkeep]\n|-damage|p1a: Scyther|82\/100 tox|[from] psn\n|upkeep\n|turn|21\n|\n|t:|1700534298\n|switch|p1a: Rhydon|Rhydon, F, shiny|35\/100\n|move|p2a: Oberon|Bullet Punch|p1a: Rhydon\n|-supereffective|p1a: Rhydon\n|-damage|p1a: Rhydon|1\/100\n|\n|-weather|none\n|upkeep\n|turn|22\n|\n|t:|1700534301\n|move|p2a: Oberon|Bullet Punch|p1a: Rhydon\n|-supereffective|p1a: Rhydon\n|-damage|p1a: Rhydon|0 fnt\n|faint|p1a: Rhydon\n|\n|upkeep\n|\n|t:|1700534304\n|switch|p1a: Ninetales|Ninetales, M, shiny|100\/100\n|-weather|SunnyDay|[from] ability: Drought|[of] p1a: Ninetales\n|turn|23\n|\n|t:|1700534309\n|switch|p1a: Venusaur|Venusaur, M, shiny|100\/100\n|switch|p2a: Cobweb|Araquanid, F|86\/100\n|\n|-weather|SunnyDay|[upkeep]\n|-heal|p2a: Cobweb|92\/100|[from] item: Leftovers\n|upkeep\n|turn|24\n|\n|t:|1700534312\n|move|p1a: Venusaur|Giga Drain|p2a: Cobweb\n|-damage|p2a: Cobweb|65\/100\n|-damage|p1a: Venusaur|91\/100|[from] item: Life Orb\n|move|p2a: Cobweb|Spider Web|p1a: Venusaur\n|-activate|p1a: Venusaur|trapped\n|\n|-weather|SunnyDay|[upkeep]\n|-heal|p2a: Cobweb|71\/100|[from] item: Leftovers\n|upkeep\n|turn|25\n|\n|t:|1700534314\n|move|p1a: Venusaur|Sludge Bomb|p2a: Cobweb\n|-damage|p2a: Cobweb|39\/100\n|-status|p2a: Cobweb|psn\n|-damage|p1a: Venusaur|81\/100|[from] item: Life Orb\n|move|p2a: Cobweb|Soak|p1a: Venusaur\n|-start|p1a: Venusaur|typechange|Water\n|\n|-weather|SunnyDay|[upkeep]\n|-heal|p2a: Cobweb|45\/100 psn|[from] item: Leftovers\n|-damage|p2a: Cobweb|33\/100 psn|[from] psn\n|upkeep\n|turn|26\n|\n|t:|1700534318\n|move|p1a: Venusaur|Giga Drain|p2a: Cobweb\n|-damage|p2a: Cobweb|14\/100 psn\n|-heal|p1a: Venusaur|92\/100|[from] drain|[of] p2a: Cobweb\n|-damage|p1a: Venusaur|82\/100|[from] item: Life Orb\n|move|p2a: Cobweb|Rest|p2a: Cobweb\n|-status|p2a: Cobweb|slp|[from] move: Rest\n|-heal|p2a: Cobweb|100\/100 slp|[silent]\n|\n|-weather|SunnyDay|[upkeep]\n|upkeep\n|turn|27\n|\n|t:|1700534322\n|move|p1a: Venusaur|Sludge Bomb|p2a: Cobweb\n|-damage|p2a: Cobweb|78\/100 slp\n|-damage|p1a: Venusaur|72\/100|[from] item: Life Orb\n|cant|p2a: Cobweb|slp\n|\n|-weather|none\n|-heal|p2a: Cobweb|84\/100 slp|[from] item: Leftovers\n|upkeep\n|turn|28\n|\n|t:|1700534324\n|move|p1a: Venusaur|Earth Power|p2a: Cobweb\n|-resisted|p2a: Cobweb\n|-damage|p2a: Cobweb|72\/100 slp\n|-damage|p1a: Venusaur|62\/100|[from] item: Life Orb\n|cant|p2a: Cobweb|slp\n|\n|-heal|p2a: Cobweb|78\/100 slp|[from] item: Leftovers\n|upkeep\n|turn|29\n|\n|t:|1700534327\n|move|p1a: Venusaur|Earth Power|p2a: Cobweb\n|-resisted|p2a: Cobweb\n|-damage|p2a: Cobweb|67\/100 slp\n|-unboost|p2a: Cobweb|spd|1\n|-damage|p1a: Venusaur|52\/100|[from] item: Life Orb\n|-curestatus|p2a: Cobweb|slp|[msg]\n|move|p2a: Cobweb|Toxic|p1a: Venusaur\n|-status|p1a: Venusaur|tox\n|\n|-heal|p2a: Cobweb|73\/100|[from] item: Leftovers\n|-damage|p1a: Venusaur|46\/100 tox|[from] psn\n|upkeep\n|turn|30\n|\n|t:|1700534331\n|switch|p2a: Oberon|Scizor-Mega, M|40\/100\n|move|p1a: Venusaur|Earth Power|p2a: Oberon\n|-damage|p2a: Oberon|1\/100\n|-damage|p1a: Venusaur|36\/100 tox|[from] item: Life Orb\n|\n|-damage|p1a: Venusaur|24\/100 tox|[from] psn\n|upkeep\n|turn|31\n|\n|t:|1700534343\n|switch|p1a: Ninetales|Ninetales, M, shiny|100\/100\n|-weather|SunnyDay|[from] ability: Drought|[of] p1a: Ninetales\n|switch|p2a: Cobweb|Araquanid, F|73\/100\n|\n|-weather|SunnyDay|[upkeep]\n|-heal|p2a: Cobweb|79\/100|[from] item: Leftovers\n|upkeep\n|turn|32\n|c|\u2606Sirrawrz|!data spider web\n|raw|<ul class=\"utilichart\"><li class=\"result\"><span class=\"col movenamecol\"><a href=\"https:\/\/dex.pokemonshowdown.com\/moves\/spiderweb\">Spider Web<\/a><\/span> <span class=\"col typecol\"><img src=\"\/\/play.pokemonshowdown.com\/sprites\/types\/Bug.png\" alt=\"Bug\" width=\"32\" height=\"14\"><img src=\"\/\/play.pokemonshowdown.com\/sprites\/categories\/Status.png\" alt=\"Status\" width=\"32\" height=\"14\"><\/span> <span class=\"col widelabelcol\"><em>Accuracy<\/em><br>\u2014<\/span> <span class=\"col pplabelcol\"><em>PP<\/em><br>16<\/span> <span class=\"col movedesccol\">Prevents the target from switching out.<\/span> <\/li><li style=\"clear:both\"><\/li><\/ul>\n\n|inactive|Battle timer is ON: inactive players will automatically lose when time's up. (requested by suckybugcatcher)\n|\n|t:|1700534367\n|move|p1a: Ninetales|Healing Wish|p1a: Ninetales\n|faint|p1a: Ninetales\n|move|p2a: Cobweb|Spider Web|p1: Ninetales|[notarget]\n|-fail|p2a: Cobweb\n|\n|-weather|SunnyDay|[upkeep]\n|-heal|p2a: Cobweb|85\/100|[from] item: Leftovers\n|upkeep\n|\n|t:|1700534369\n|switch|p1a: Scyther|Scyther, M, shiny|82\/100 tox\n|-heal|p1a: Scyther|100\/100|[from] move: Healing Wish\n|turn|33\n|\n|t:|1700534373\n|move|p1a: Scyther|Dual Wingbeat|p2a: Cobweb\n|-supereffective|p2a: Cobweb\n|-damage|p2a: Cobweb|0 fnt\n|faint|p2a: Cobweb\n|-hitcount|p2: Cobweb|1\n|\n|-weather|SunnyDay|[upkeep]\n|upkeep\n|\n|t:|1700534376\n|switch|p2a: Titania|Volcarona, F|100\/100\n|turn|34\n|\n|t:|1700534379\n|-terastallize|p2a: Titania|Steel\n|move|p1a: Scyther|Dual Wingbeat|p2a: Titania\n|-resisted|p2a: Titania\n|-damage|p2a: Titania|67\/100\n|-resisted|p2a: Titania\n|-damage|p2a: Titania|33\/100\n|-hitcount|p2a: Titania|2\n|move|p2a: Titania|Quiver Dance|p2a: Titania\n|-boost|p2a: Titania|spa|1\n|-boost|p2a: Titania|spd|1\n|-boost|p2a: Titania|spe|1\n|\n|-weather|SunnyDay|[upkeep]\n|upkeep\n|turn|35\n|\n|t:|1700534389\n|switch|p1a: Venusaur|Venusaur, M, shiny|24\/100 tox\n|move|p2a: Titania|Fiery Dance|p1a: Venusaur\n|-supereffective|p1a: Venusaur\n|-damage|p1a: Venusaur|0 fnt\n|faint|p1a: Venusaur\n|\n|-weather|none\n|upkeep\n|\n|t:|1700534392\n|switch|p1a: Jolteon|Jolteon, M, shiny|39\/100 brn\n|turn|36\n|\n|t:|1700534396\n|move|p1a: Jolteon|Copycat|p1a: Jolteon\n|move|p1a: Jolteon|Fiery Dance|p2a: Titania|[from]move: Copycat\n|-supereffective|p2a: Titania\n|-damage|p2a: Titania|0 fnt\n|faint|p2a: Titania\n|\n|-damage|p1a: Jolteon|33\/100 brn|[from] brn\n|upkeep\n|c|\u2606suckybugcatcher|ugggh\n|c|\u2606suckybugcatcher|gg\n|c|\u2606Sirrawrz|gg\n|c|\u2606Sirrawrz|lol\n|c|\u2606suckybugcatcher|cool team\n|-message|suckybugcatcher forfeited.\n|\n|win|Sirrawrz\n|raw|Sirrawrz's rating: 1520 &rarr; <strong>1547<\/strong><br \/>(+27 for winning)\n|raw|suckybugcatcher's rating: 1652 &rarr; <strong>1625<\/strong><br \/>(-27 for losing)\n|l|\u2606suckybugcatcher\n","uploadtime":1700534425,"views":1,"p1id":"sirrawrz","p2id":"suckybugcatcher","formatid":"gen9nationaldex","rating":1547,"private":0,"password":""}