{"id":"gen9nationaldex-1989119726","p1":"ShriveledMonkey","p2":"Acocado_374","format":"[Gen 9] National Dex","log":"|j|\u2606ShriveledMonkey\n|j|\u2606Acocado_374\n|t:|1699814348\n|gametype|singles\n|player|p1|ShriveledMonkey|169|1107\n|player|p2|Acocado_374|2|1035\n|teamsize|p1|6\n|teamsize|p2|6\n|gen|9\n|tier|[Gen 9] National Dex\n|rated|\n|rule|HP Percentage Mod: HP is shown in percentages\n|rule|Endless Battle Clause: Forcing endless battles is banned\n|rule|OHKO Clause: OHKO moves are banned\n|rule|Evasion Clause: Evasion abilities, items, and moves are banned\n|rule|Evasion Abilities Clause: Evasion abilities are banned\n|rule|Evasion Items Clause: Evasion items are banned\n|rule|Evasion Moves Clause: Evasion moves are banned\n|rule|Species Clause: Limit one of each Pok\u00e9mon\n|rule|Sleep Clause Mod: Limit one foe put to sleep\n|clearpoke\n|poke|p1|Stoutland, F|\n|poke|p1|Pikachu-Hoenn, M|\n|poke|p1|Amoonguss, F|\n|poke|p1|Vileplume, M|\n|poke|p1|Clodsire, F|\n|poke|p1|Ninjask, M|\n|poke|p2|Pidgeot, F|\n|poke|p2|Flygon, M|\n|poke|p2|Pangoro, M|\n|poke|p2|Chandelure, F|\n|poke|p2|Gogoat, F|\n|poke|p2|Clawitzer, M|\n|teampreview\n|inactive|Battle timer is ON: inactive players will automatically lose when time's up. (requested by Acocado_374)\n|\n|t:|1699814353\n|start\n|switch|p1a: Vileplume|Vileplume, M|100\/100\n|switch|p2a: Clawitzer|Clawitzer, M|100\/100\n|turn|1\n|\n|t:|1699814370\n|switch|p2a: Gogoat|Gogoat, F|100\/100\n|move|p1a: Vileplume|Corrosive Gas|p2a: Gogoat\n|-enditem|p2a: Gogoat|Leftovers|[from] move: Corrosive Gas|[of] p1a: Vileplume\n|\n|upkeep\n|turn|2\n|\n|t:|1699814391\n|move|p2a: Gogoat|Leaf Blade|p1a: Vileplume\n|-resisted|p1a: Vileplume\n|-damage|p1a: Vileplume|91\/100\n|move|p1a: Vileplume|Strength Sap|p2a: Gogoat\n|-ability|p2a: Gogoat|Sap Sipper|boost\n|-boost|p2a: Gogoat|atk|1\n|\n|-heal|p1a: Vileplume|98\/100|[from] item: Black Sludge\n|upkeep\n|turn|3\n|c|\u2606ShriveledMonkey|oof\n|\n|t:|1699814401\n|move|p2a: Gogoat|Leaf Blade|p1a: Vileplume\n|-resisted|p1a: Vileplume\n|-crit|p1a: Vileplume\n|-damage|p1a: Vileplume|79\/100\n|move|p1a: Vileplume|Sludge Bomb|p2a: Gogoat\n|-supereffective|p2a: Gogoat\n|-damage|p2a: Gogoat|35\/100\n|\n|-heal|p1a: Vileplume|86\/100|[from] item: Black Sludge\n|upkeep\n|turn|4\n|\n|t:|1699814412\n|move|p2a: Gogoat|Leaf Blade|p1a: Vileplume\n|-resisted|p1a: Vileplume\n|-crit|p1a: Vileplume\n|-damage|p1a: Vileplume|68\/100\n|move|p1a: Vileplume|Sludge Bomb|p2a: Gogoat\n|-supereffective|p2a: Gogoat\n|-damage|p2a: Gogoat|0 fnt\n|faint|p2a: Gogoat\n|\n|-heal|p1a: Vileplume|74\/100|[from] item: Black Sludge\n|upkeep\n|inactive|Acocado_374 has 120 seconds left.\n|\n|t:|1699814432\n|switch|p2a: Chandelure|Chandelure, F, shiny|100\/100\n|turn|5\n|inactive|Acocado_374 has 120 seconds left.\n|\n|t:|1699814448\n|move|p2a: Chandelure|Psychic|p1a: Vileplume\n|-supereffective|p1a: Vileplume\n|-damage|p1a: Vileplume|0 fnt\n|faint|p1a: Vileplume\n|-damage|p2a: Chandelure|91\/100|[from] item: Life Orb\n|\n|upkeep\n|\n|t:|1699814455\n|switch|p1a: Clodsire|Clodsire, F|100\/100\n|turn|6\n|inactive|Acocado_374 has 120 seconds left.\n|\n|t:|1699814470\n|-terastallize|p2a: Chandelure|Normal\n|move|p2a: Chandelure|Psychic|p1a: Clodsire\n|-supereffective|p1a: Clodsire\n|-damage|p1a: Clodsire|52\/100\n|-damage|p2a: Chandelure|81\/100|[from] item: Life Orb\n|move|p1a: Clodsire|Toxic|p2a: Chandelure\n|-status|p2a: Chandelure|tox\n|\n|-heal|p1a: Clodsire|58\/100|[from] item: Leftovers\n|-damage|p2a: Chandelure|74\/100 tox|[from] psn\n|upkeep\n|turn|7\n|\n|t:|1699814480\n|move|p2a: Chandelure|Psychic|p1a: Clodsire\n|-supereffective|p1a: Clodsire\n|-damage|p1a: Clodsire|10\/100\n|-damage|p2a: Chandelure|65\/100 tox|[from] item: Life Orb\n|move|p1a: Clodsire|Recover|p1a: Clodsire\n|-heal|p1a: Clodsire|60\/100\n|\n|-heal|p1a: Clodsire|66\/100|[from] item: Leftovers\n|-damage|p2a: Chandelure|52\/100 tox|[from] psn\n|upkeep\n|turn|8\n|\n|t:|1699814494\n|move|p2a: Chandelure|Psychic|p1a: Clodsire\n|-supereffective|p1a: Clodsire\n|-damage|p1a: Clodsire|13\/100\n|-damage|p2a: Chandelure|42\/100 tox|[from] item: Life Orb\n|move|p1a: Clodsire|Recover|p1a: Clodsire\n|-heal|p1a: Clodsire|63\/100\n|\n|-heal|p1a: Clodsire|69\/100|[from] item: Leftovers\n|-damage|p2a: Chandelure|24\/100 tox|[from] psn\n|upkeep\n|turn|9\n|\n|t:|1699814503\n|move|p2a: Chandelure|Psychic|p1a: Clodsire\n|-supereffective|p1a: Clodsire\n|-damage|p1a: Clodsire|17\/100\n|-damage|p2a: Chandelure|14\/100 tox|[from] item: Life Orb\n|move|p1a: Clodsire|Recover|p1a: Clodsire\n|-heal|p1a: Clodsire|67\/100\n|\n|-heal|p1a: Clodsire|74\/100|[from] item: Leftovers\n|-damage|p2a: Chandelure|0 fnt|[from] psn\n|faint|p2a: Chandelure\n|upkeep\n|\n|t:|1699814511\n|switch|p2a: Clawitzer|Clawitzer, M|100\/100\n|turn|10\n|\n|t:|1699814524\n|-terastallize|p1a: Clodsire|Steel\n|move|p2a: Clawitzer|Dragon Pulse|p1a: Clodsire\n|-resisted|p1a: Clodsire\n|-damage|p1a: Clodsire|61\/100\n|move|p1a: Clodsire|Toxic|p2a: Clawitzer\n|-status|p2a: Clawitzer|tox\n|\n|-heal|p1a: Clodsire|68\/100|[from] item: Leftovers\n|-damage|p2a: Clawitzer|94\/100 tox|[from] psn\n|upkeep\n|turn|11\n|\n|t:|1699814534\n|switch|p2a: Pangoro|Pangoro, M|100\/100\n|move|p1a: Clodsire|Spikes|p2a: Pangoro\n|-sidestart|p2: Acocado_374|Spikes\n|\n|-heal|p1a: Clodsire|74\/100|[from] item: Leftovers\n|upkeep\n|turn|12\n|\n|t:|1699814540\n|move|p2a: Pangoro|Sky Uppercut|p1a: Clodsire\n|-supereffective|p1a: Clodsire\n|-damage|p1a: Clodsire|0 fnt\n|faint|p1a: Clodsire\n|\n|upkeep\n|\n|t:|1699814544\n|switch|p1a: Ninjask|Ninjask, M|100\/100\n|turn|13\n|\n|t:|1699814552\n|move|p1a: Ninjask|Swords Dance|p1a: Ninjask\n|-boost|p1a: Ninjask|atk|2\n|move|p2a: Pangoro|Darkest Lariat|p1a: Ninjask\n|-damage|p1a: Ninjask|11\/100\n|\n|-ability|p1a: Ninjask|Speed Boost|boost\n|-boost|p1a: Ninjask|spe|1\n|upkeep\n|turn|14\n|\n|t:|1699814560\n|move|p1a: Ninjask|Protect|p1a: Ninjask\n|-singleturn|p1a: Ninjask|Protect\n|move|p2a: Pangoro|Darkest Lariat|p1a: Ninjask\n|-activate|p1a: Ninjask|move: Protect\n|\n|-ability|p1a: Ninjask|Speed Boost|boost\n|-boost|p1a: Ninjask|spe|1\n|upkeep\n|turn|15\n|\n|t:|1699814567\n|move|p1a: Ninjask|Acrobatics|p2a: Pangoro\n|-supereffective|p2a: Pangoro\n|-crit|p2a: Pangoro\n|-damage|p2a: Pangoro|0 fnt\n|faint|p2a: Pangoro\n|\n|-ability|p1a: Ninjask|Speed Boost|boost\n|-boost|p1a: Ninjask|spe|1\n|upkeep\n|\n|t:|1699814575\n|switch|p2a: Clawitzer|Clawitzer, M|94\/100 tox\n|-damage|p2a: Clawitzer|82\/100 tox|[from] Spikes\n|turn|16\n|\n|t:|1699814581\n|move|p1a: Ninjask|Acrobatics|p2a: Clawitzer\n|-damage|p2a: Clawitzer|0 fnt\n|faint|p2a: Clawitzer\n|\n|-ability|p1a: Ninjask|Speed Boost|boost\n|-boost|p1a: Ninjask|spe|1\n|upkeep\n|\n|t:|1699814584\n|switch|p2a: Flygon|Flygon, M|100\/100\n|turn|17\n|\n|t:|1699814594\n|move|p1a: Ninjask|Acrobatics|p2a: Flygon\n|-damage|p2a: Flygon|0 fnt\n|faint|p2a: Flygon\n|\n|-ability|p1a: Ninjask|Speed Boost|boost\n|-boost|p1a: Ninjask|spe|1\n|upkeep\n|\n|t:|1699814597\n|switch|p2a: Pidgeot|Pidgeot, F|100\/100\n|turn|18\n|\n|t:|1699814602\n|detailschange|p2a: Pidgeot|Pidgeot-Mega, F\n|-mega|p2a: Pidgeot|Pidgeot|Pidgeotite\n|move|p1a: Ninjask|Acrobatics|p2a: Pidgeot\n|-damage|p2a: Pidgeot|0 fnt\n|faint|p2a: Pidgeot\n|\n|win|ShriveledMonkey\n|raw|ShriveledMonkey's rating: 1107 &rarr; <strong>1127<\/strong><br \/>(+20 for winning)\n|raw|Acocado_374's rating: 1035 &rarr; <strong>1023<\/strong><br \/>(-12 for losing)\n|l|\u2606Acocado_374\n","uploadtime":1699814609,"views":13,"p1id":"shriveledmonkey","p2id":"acocado374","formatid":"gen9nationaldex","rating":1023,"private":0,"password":""}