{"id":"gen9nationaldex-1988268637","p1":"BaiyiS","p2":"baokemeng123456","format":"[Gen 9] National Dex","log":"|j|\u2606BaiyiS\n|j|\u2606baokemeng123456\n|t:|1699698412\n|gametype|singles\n|player|p1|BaiyiS|cynthia|1418\n|player|p2|baokemeng123456|steven|1456\n|teamsize|p1|6\n|teamsize|p2|6\n|gen|9\n|tier|[Gen 9] National Dex\n|rated|\n|rule|HP Percentage Mod: HP is shown in percentages\n|rule|Endless Battle Clause: Forcing endless battles is banned\n|rule|OHKO Clause: OHKO moves are banned\n|rule|Evasion Clause: Evasion abilities, items, and moves are banned\n|rule|Evasion Abilities Clause: Evasion abilities are banned\n|rule|Evasion Items Clause: Evasion items are banned\n|rule|Evasion Moves Clause: Evasion moves are banned\n|rule|Species Clause: Limit one of each Pok\u00e9mon\n|rule|Sleep Clause Mod: Limit one foe put to sleep\n|clearpoke\n|poke|p1|Hoopa-Unbound|\n|poke|p1|Tapu Koko|\n|poke|p1|Urshifu-*, M|\n|poke|p1|Iron Valiant|\n|poke|p1|Moltres|\n|poke|p1|Medicham, M|\n|poke|p2|Dragonite, M|\n|poke|p2|Garganacl, F|\n|poke|p2|Moltres|\n|poke|p2|Venusaur, F|\n|poke|p2|Urshifu-*, F|\n|poke|p2|Zamazenta-*|\n|teampreview\n|inactive|Battle timer is ON: inactive players will automatically lose when time's up. (requested by baokemeng123456)\n|inactive|BaiyiS also wants the timer to be on.\n|\n|t:|1699698421\n|start\n|switch|p1a: Tapu Koko|Tapu Koko|100\/100\n|switch|p2a: Urshifu|Urshifu-Rapid-Strike, F|100\/100\n|-fieldstart|move: Electric Terrain|[from] ability: Electric Surge|[of] p1a: Tapu Koko\n|turn|1\n|\n|t:|1699698428\n|switch|p1a: Urshifu|Urshifu-Rapid-Strike, M|100\/100\n|-terastallize|p2a: Urshifu|Water\n|move|p2a: Urshifu|Surging Strikes|p1a: Urshifu\n|-resisted|p1a: Urshifu\n|-crit|p1a: Urshifu\n|-damage|p1a: Urshifu|88\/100\n|-resisted|p1a: Urshifu\n|-crit|p1a: Urshifu\n|-damage|p1a: Urshifu|76\/100\n|-resisted|p1a: Urshifu\n|-crit|p1a: Urshifu\n|-damage|p1a: Urshifu|61\/100\n|-hitcount|p1a: Urshifu|3\n|\n|upkeep\n|turn|2\n|\n|t:|1699698445\n|switch|p2a: Venusaur|Venusaur, F|100\/100\n|switch|p1a: Medicham|Medicham, M|100\/100\n|\n|upkeep\n|turn|3\n|\n|t:|1699698463\n|switch|p2a: \u7c89\u6bdb|Zamazenta, shiny|100\/100\n|-ability|p2a: \u7c89\u6bdb|Dauntless Shield|boost\n|-boost|p2a: \u7c89\u6bdb|def|1\n|detailschange|p1a: Medicham|Medicham-Mega, M\n|-mega|p1a: Medicham|Medicham|Medichamite\n|move|p1a: Medicham|Psycho Cut|p2a: \u7c89\u6bdb\n|-supereffective|p2a: \u7c89\u6bdb\n|-damage|p2a: \u7c89\u6bdb|44\/100\n|\n|-heal|p2a: \u7c89\u6bdb|50\/100|[from] item: Leftovers\n|upkeep\n|turn|4\n|\n|t:|1699698471\n|move|p2a: \u7c89\u6bdb|Body Press|p1a: Medicham\n|-resisted|p1a: Medicham\n|-damage|p1a: Medicham|57\/100\n|move|p1a: Medicham|Psycho Cut|p2a: \u7c89\u6bdb\n|-supereffective|p2a: \u7c89\u6bdb\n|-damage|p2a: \u7c89\u6bdb|0 fnt\n|faint|p2a: \u7c89\u6bdb\n|\n|upkeep\n|\n|t:|1699698476\n|switch|p2a: Urshifu|Urshifu-Rapid-Strike, F, tera:Water|100\/100\n|turn|5\n|\n|t:|1699698483\n|switch|p1a: Tapu Koko|Tapu Koko|100\/100\n|move|p2a: Urshifu|Surging Strikes|p1a: Tapu Koko\n|-crit|p1a: Tapu Koko\n|-damage|p1a: Tapu Koko|64\/100\n|-crit|p1a: Tapu Koko\n|-damage|p1a: Tapu Koko|29\/100\n|-crit|p1a: Tapu Koko\n|-damage|p1a: Tapu Koko|0 fnt\n|faint|p1a: Tapu Koko\n|-hitcount|p1: Tapu Koko|3\n|\n|-fieldend|move: Electric Terrain\n|upkeep\n|\n|t:|1699698484\n|switch|p1a: Moltres|Moltres|100\/100\n|turn|6\n|\n|t:|1699698486\n|-terastallize|p1a: Moltres|Water\n|move|p2a: Urshifu|Surging Strikes|p1a: Moltres\n|-resisted|p1a: Moltres\n|-crit|p1a: Moltres\n|-damage|p1a: Moltres|92\/100\n|-resisted|p1a: Moltres\n|-crit|p1a: Moltres\n|-damage|p1a: Moltres|82\/100\n|-status|p2a: Urshifu|brn|[from] ability: Flame Body|[of] p1a: Moltres\n|-resisted|p1a: Moltres\n|-crit|p1a: Moltres\n|-damage|p1a: Moltres|77\/100\n|-hitcount|p1a: Moltres|3\n|move|p1a: Moltres|U-turn|p2a: Urshifu\n|-crit|p2a: Urshifu\n|-damage|p2a: Urshifu|79\/100 brn\n|\n|t:|1699698495\n|switch|p1a: Urshifu|Urshifu-Rapid-Strike, M|61\/100|[from] U-turn\n|\n|-damage|p2a: Urshifu|73\/100 brn|[from] brn\n|upkeep\n|turn|7\n|\n|t:|1699698511\n|switch|p2a: Venusaur|Venusaur, F|100\/100\n|move|p1a: Urshifu|Close Combat|p2a: Venusaur\n|-resisted|p2a: Venusaur\n|-damage|p2a: Venusaur|74\/100\n|-unboost|p1a: Urshifu|def|1\n|-unboost|p1a: Urshifu|spd|1\n|\n|upkeep\n|turn|8\n|\n|t:|1699698519\n|switch|p1a: Hoopa|Hoopa-Unbound|100\/100\n|detailschange|p2a: Venusaur|Venusaur-Mega, F\n|-mega|p2a: Venusaur|Venusaur|Venusaurite\n|move|p2a: Venusaur|Giga Drain|p1a: Hoopa\n|-damage|p1a: Hoopa|72\/100\n|-heal|p2a: Venusaur|86\/100|[from] drain|[of] p1a: Hoopa\n|\n|upkeep\n|turn|9\n|\n|t:|1699698531\n|switch|p2a: \u4f60\u6709\u6211\u7eff\u5417|Dragonite, M, shiny|100\/100\n|move|p1a: Hoopa|Hyperspace Fury|p2a: \u4f60\u6709\u6211\u7eff\u5417\n|-damage|p2a: \u4f60\u6709\u6211\u7eff\u5417|60\/100\n|-unboost|p1a: Hoopa|def|1\n|\n|upkeep\n|turn|10\n|\n|t:|1699698549\n|move|p2a: \u4f60\u6709\u6211\u7eff\u5417|Extreme Speed|p1a: Hoopa\n|-damage|p1a: Hoopa|0 fnt\n|faint|p1a: Hoopa\n|\n|upkeep\n|\n|t:|1699698553\n|switch|p1a: Iron Valiant|Iron Valiant|100\/100\n|-enditem|p1a: Iron Valiant|Booster Energy\n|-activate|p1a: Iron Valiant|ability: Quark Drive|[fromitem]\n|-start|p1a: Iron Valiant|quarkdrivespe\n|turn|11\n|\n|t:|1699698565\n|-end|p1a: Iron Valiant|Quark Drive|[silent]\n|switch|p1a: Medicham|Medicham-Mega, M|57\/100\n|switch|p2a: Venusaur|Venusaur-Mega, F|86\/100\n|\n|upkeep\n|turn|12\n|\n|t:|1699698576\n|switch|p2a: \u6211\u53ea\u662f\u53ea\u5bb6\u96c0|Moltres, shiny|100\/100\n|move|p1a: Medicham|Psycho Cut|p2a: \u6211\u53ea\u662f\u53ea\u5bb6\u96c0\n|-crit|p2a: \u6211\u53ea\u662f\u53ea\u5bb6\u96c0\n|-damage|p2a: \u6211\u53ea\u662f\u53ea\u5bb6\u96c0|18\/100\n|\n|upkeep\n|turn|13\n|\n|t:|1699698585\n|move|p1a: Medicham|Psycho Cut|p2a: \u6211\u53ea\u662f\u53ea\u5bb6\u96c0\n|-damage|p2a: \u6211\u53ea\u662f\u53ea\u5bb6\u96c0|0 fnt\n|faint|p2a: \u6211\u53ea\u662f\u53ea\u5bb6\u96c0\n|\n|upkeep\n|\n|t:|1699698587\n|switch|p2a: \u4f60\u6709\u6211\u7eff\u5417|Dragonite, M, shiny|60\/100\n|turn|14\n|\n|t:|1699698592\n|switch|p1a: Moltres|Moltres, tera:Water|77\/100\n|move|p2a: \u4f60\u6709\u6211\u7eff\u5417|Extreme Speed|p1a: Moltres\n|-damage|p1a: Moltres|57\/100\n|-status|p2a: \u4f60\u6709\u6211\u7eff\u5417|brn|[from] ability: Flame Body|[of] p1a: Moltres\n|\n|-damage|p2a: \u4f60\u6709\u6211\u7eff\u5417|54\/100 brn|[from] brn\n|upkeep\n|turn|15\n|\n|t:|1699698598\n|move|p1a: Moltres|U-turn|p2a: \u4f60\u6709\u6211\u7eff\u5417\n|-resisted|p2a: \u4f60\u6709\u6211\u7eff\u5417\n|-damage|p2a: \u4f60\u6709\u6211\u7eff\u5417|47\/100 brn\n|\n|t:|1699698603\n|switch|p1a: Iron Valiant|Iron Valiant|100\/100|[from] U-turn\n|move|p2a: \u4f60\u6709\u6211\u7eff\u5417|Curse|p2a: \u4f60\u6709\u6211\u7eff\u5417\n|-unboost|p2a: \u4f60\u6709\u6211\u7eff\u5417|spe|1\n|-boost|p2a: \u4f60\u6709\u6211\u7eff\u5417|atk|1\n|-boost|p2a: \u4f60\u6709\u6211\u7eff\u5417|def|1\n|\n|-damage|p2a: \u4f60\u6709\u6211\u7eff\u5417|41\/100 brn|[from] brn\n|upkeep\n|turn|16\n|\n|t:|1699698608\n|move|p2a: \u4f60\u6709\u6211\u7eff\u5417|Extreme Speed|p1a: Iron Valiant\n|-damage|p1a: Iron Valiant|69\/100\n|move|p1a: Iron Valiant|Moonblast|p2a: \u4f60\u6709\u6211\u7eff\u5417\n|-supereffective|p2a: \u4f60\u6709\u6211\u7eff\u5417\n|-damage|p2a: \u4f60\u6709\u6211\u7eff\u5417|0 fnt\n|faint|p2a: \u4f60\u6709\u6211\u7eff\u5417\n|\n|upkeep\n|\n|t:|1699698612\n|switch|p2a: Venusaur|Venusaur-Mega, F|86\/100\n|turn|17\n|\n|t:|1699698626\n|-end|p1a: Iron Valiant|Quark Drive|[silent]\n|switch|p1a: Urshifu|Urshifu-Rapid-Strike, M|61\/100\n|move|p2a: Venusaur|Giga Drain|p1a: Urshifu\n|-supereffective|p1a: Urshifu\n|-damage|p1a: Urshifu|0 fnt\n|-heal|p2a: Venusaur|100\/100|[from] drain|[of] p1a: Urshifu\n|faint|p1a: Urshifu\n|\n|upkeep\n|\n|t:|1699698628\n|switch|p1a: Medicham|Medicham-Mega, M|57\/100\n|turn|18\n|\n|t:|1699698632\n|switch|p2a: \u7ed9\u4f60\u814c\u5165\u5473|Garganacl, F|100\/100\n|move|p1a: Medicham|Psycho Cut|p2a: \u7ed9\u4f60\u814c\u5165\u5473\n|-crit|p2a: \u7ed9\u4f60\u814c\u5165\u5473\n|-damage|p2a: \u7ed9\u4f60\u814c\u5165\u5473|40\/100\n|\n|-heal|p2a: \u7ed9\u4f60\u814c\u5165\u5473|46\/100|[from] item: Leftovers\n|upkeep\n|turn|19\n|\n|t:|1699698638\n|move|p2a: \u7ed9\u4f60\u814c\u5165\u5473|Protect|p2a: \u7ed9\u4f60\u814c\u5165\u5473\n|-singleturn|p2a: \u7ed9\u4f60\u814c\u5165\u5473|Protect\n|move|p1a: Medicham|Psycho Cut|p2a: \u7ed9\u4f60\u814c\u5165\u5473\n|-activate|p2a: \u7ed9\u4f60\u814c\u5165\u5473|move: Protect\n|\n|-heal|p2a: \u7ed9\u4f60\u814c\u5165\u5473|52\/100|[from] item: Leftovers\n|upkeep\n|turn|20\n|\n|t:|1699698644\n|move|p1a: Medicham|Close Combat|p2a: \u7ed9\u4f60\u814c\u5165\u5473\n|-supereffective|p2a: \u7ed9\u4f60\u814c\u5165\u5473\n|-damage|p2a: \u7ed9\u4f60\u814c\u5165\u5473|0 fnt\n|-unboost|p1a: Medicham|def|1\n|-unboost|p1a: Medicham|spd|1\n|faint|p2a: \u7ed9\u4f60\u814c\u5165\u5473\n|\n|upkeep\n|\n|t:|1699698648\n|switch|p2a: Urshifu|Urshifu-Rapid-Strike, F, tera:Water|73\/100 brn\n|turn|21\n|\n|t:|1699698650\n|switch|p1a: Moltres|Moltres, tera:Water|57\/100\n|move|p2a: Urshifu|Surging Strikes|p1a: Moltres\n|-resisted|p1a: Moltres\n|-crit|p1a: Moltres\n|-damage|p1a: Moltres|52\/100\n|-resisted|p1a: Moltres\n|-crit|p1a: Moltres\n|-damage|p1a: Moltres|48\/100\n|-resisted|p1a: Moltres\n|-crit|p1a: Moltres\n|-damage|p1a: Moltres|43\/100\n|-hitcount|p1a: Moltres|3\n|\n|-damage|p2a: Urshifu|67\/100 brn|[from] brn\n|upkeep\n|turn|22\n|\n|t:|1699698653\n|switch|p2a: Venusaur|Venusaur-Mega, F|100\/100\n|move|p1a: Moltres|Roost|p1a: Moltres\n|-heal|p1a: Moltres|93\/100\n|\n|upkeep\n|turn|23\n|\n|t:|1699698660\n|move|p1a: Moltres|U-turn|p2a: Venusaur\n|-damage|p2a: Venusaur|91\/100\n|\n|t:|1699698662\n|switch|p1a: Iron Valiant|Iron Valiant|69\/100|[from] U-turn\n|move|p2a: Venusaur|Giga Drain|p1a: Iron Valiant\n|-damage|p1a: Iron Valiant|8\/100\n|-heal|p2a: Venusaur|100\/100|[from] drain|[of] p1a: Iron Valiant\n|\n|upkeep\n|turn|24\n|\n|t:|1699698668\n|move|p1a: Iron Valiant|Close Combat|p2a: Venusaur\n|-resisted|p2a: Venusaur\n|-damage|p2a: Venusaur|85\/100\n|-unboost|p1a: Iron Valiant|def|1\n|-unboost|p1a: Iron Valiant|spd|1\n|move|p2a: Venusaur|Giga Drain|p1a: Iron Valiant\n|-damage|p1a: Iron Valiant|0 fnt\n|-heal|p2a: Venusaur|88\/100|[from] drain|[of] p1a: Iron Valiant\n|faint|p1a: Iron Valiant\n|-end|p1a: Iron Valiant|Quark Drive|[silent]\n|\n|upkeep\n|\n|t:|1699698671\n|switch|p1a: Medicham|Medicham-Mega, M|57\/100\n|turn|25\n|\n|t:|1699698676\n|switch|p2a: Urshifu|Urshifu-Rapid-Strike, F, tera:Water|67\/100 brn\n|move|p1a: Medicham|Psycho Cut|p2a: Urshifu\n|-crit|p2a: Urshifu\n|-damage|p2a: Urshifu|0 fnt\n|faint|p2a: Urshifu\n|\n|upkeep\n|\n|t:|1699698677\n|switch|p2a: Venusaur|Venusaur-Mega, F|88\/100\n|turn|26\n|\n|t:|1699698680\n|move|p1a: Medicham|Psycho Cut|p2a: Venusaur\n|-supereffective|p2a: Venusaur\n|-damage|p2a: Venusaur|17\/100\n|move|p2a: Venusaur|Sludge Bomb|p1a: Medicham\n|-damage|p1a: Medicham|2\/100\n|\n|upkeep\n|turn|27\n|\n|t:|1699698682\n|move|p1a: Medicham|Psycho Cut|p2a: Venusaur\n|-supereffective|p2a: Venusaur\n|-damage|p2a: Venusaur|0 fnt\n|faint|p2a: Venusaur\n|\n|win|BaiyiS\n|raw|BaiyiS's rating: 1418 &rarr; <strong>1440<\/strong><br \/>(+22 for winning)\n|raw|baokemeng123456's rating: 1456 &rarr; <strong>1434<\/strong><br \/>(-22 for losing)\n|l|\u2606baokemeng123456\n","uploadtime":1699698891,"views":13,"p1id":"baiyis","p2id":"baokemeng123456","formatid":"gen9nationaldex","rating":1434,"private":0,"password":""}