{"id":"gen9nationaldex-1988910131","p1":"Chonky_Fox","p2":"Fealieya","format":"[Gen 9] National Dex","log":"|j|\u2606Chonky_Fox\n|j|\u2606Fealieya\n|t:|1699785998\n|gametype|singles\n|player|p1|Chonky_Fox|gentleman-gen4|1088\n|player|p2|Fealieya|102|1195\n|teamsize|p1|6\n|teamsize|p2|6\n|gen|9\n|tier|[Gen 9] National Dex\n|rated|\n|rule|HP Percentage Mod: HP is shown in percentages\n|rule|Endless Battle Clause: Forcing endless battles is banned\n|rule|OHKO Clause: OHKO moves are banned\n|rule|Evasion Clause: Evasion abilities, items, and moves are banned\n|rule|Evasion Abilities Clause: Evasion abilities are banned\n|rule|Evasion Items Clause: Evasion items are banned\n|rule|Evasion Moves Clause: Evasion moves are banned\n|rule|Species Clause: Limit one of each Pok\u00e9mon\n|rule|Sleep Clause Mod: Limit one foe put to sleep\n|clearpoke\n|poke|p1|Lanturn, M|\n|poke|p1|Drampa, M|\n|poke|p1|Cursola, M|\n|poke|p1|Whimsicott, F|\n|poke|p1|Cramorant, M|\n|poke|p1|Blacephalon|\n|poke|p2|Banette, F|\n|poke|p2|Zapdos|\n|poke|p2|Nihilego|\n|poke|p2|Kartana|\n|poke|p2|Celesteela|\n|poke|p2|Entei|\n|teampreview\n|\n|t:|1699786003\n|start\n|switch|p1a: Bulb|Lanturn, M|100\/100\n|switch|p2a: Nihilego|Nihilego|100\/100\n|turn|1\n|inactive|Battle timer is ON: inactive players will automatically lose when time's up. (requested by Fealieya)\n|\n|t:|1699786016\n|move|p2a: Nihilego|Stealth Rock|p1a: Bulb\n|-sidestart|p1: Chonky_Fox|move: Stealth Rock\n|move|p1a: Bulb|Scald|p2a: Nihilego\n|-supereffective|p2a: Nihilego\n|-damage|p2a: Nihilego|61\/100\n|-status|p2a: Nihilego|brn\n|\n|-heal|p2a: Nihilego|67\/100 brn|[from] item: Leftovers\n|-damage|p2a: Nihilego|61\/100 brn|[from] brn\n|upkeep\n|turn|2\n|\n|t:|1699786030\n|move|p2a: Nihilego|Sludge Wave|p1a: Bulb\n|-damage|p1a: Bulb|54\/100\n|move|p1a: Bulb|Scald|p2a: Nihilego\n|-supereffective|p2a: Nihilego\n|-damage|p2a: Nihilego|20\/100 brn\n|\n|-heal|p2a: Nihilego|27\/100 brn|[from] item: Leftovers\n|-heal|p1a: Bulb|60\/100|[from] item: Leftovers\n|-damage|p2a: Nihilego|20\/100 brn|[from] brn\n|upkeep\n|turn|3\n|\n|t:|1699786045\n|switch|p2a: Entei|Entei|100\/100\n|move|p1a: Bulb|Volt Switch|p2a: Entei\n|-damage|p2a: Entei|78\/100\n|\n|t:|1699786050\n|switch|p1a: Dip Dip|Cramorant, M|100\/100|[from] Volt Switch\n|-damage|p1a: Dip Dip|76\/100|[from] Stealth Rock\n|\n|-heal|p2a: Entei|84\/100|[from] item: Leftovers\n|upkeep\n|turn|4\n|\n|t:|1699786058\n|move|p1a: Dip Dip|Surf|p2a: Entei\n|-formechange|p1a: Dip Dip|Cramorant-Gulping|\n|-supereffective|p2a: Entei\n|-damage|p2a: Entei|40\/100\n|move|p2a: Entei|Curse|p2a: Entei\n|-unboost|p2a: Entei|spe|1\n|-boost|p2a: Entei|atk|1\n|-boost|p2a: Entei|def|1\n|\n|-heal|p2a: Entei|46\/100|[from] item: Leftovers\n|upkeep\n|turn|5\n|\n|t:|1699786069\n|-terastallize|p2a: Entei|Normal\n|move|p1a: Dip Dip|Surf|p2a: Entei\n|-damage|p2a: Entei|22\/100\n|move|p2a: Entei|Curse|p2a: Entei\n|-unboost|p2a: Entei|spe|1\n|-boost|p2a: Entei|atk|1\n|-boost|p2a: Entei|def|1\n|\n|-heal|p2a: Entei|28\/100|[from] item: Leftovers\n|upkeep\n|turn|6\n|\n|t:|1699786083\n|move|p2a: Entei|Extreme Speed|p1a: Dip Dip\n|-crit|p1a: Dip Dip\n|-damage|p1a: Dip Dip|0 fnt\n|-damage|p2a: Entei|12\/100|[from] item: Rocky Helmet|[of] p1a: Dip Dip\n|-damage|p2a: Entei|0 fnt|[from] ability: Gulp Missile|[of] p1a: Dip Dip\n|-formechange|p1a: Dip Dip|Cramorant|\n|faint|p1a: Dip Dip\n|faint|p2a: Entei\n|\n|upkeep\n|\n|t:|1699786095\n|switch|p1a: Bulb|Lanturn, M|60\/100\n|switch|p2a: Celesteela|Celesteela|100\/100\n|-damage|p1a: Bulb|48\/100|[from] Stealth Rock\n|turn|7\n|\n|t:|1699786107\n|move|p1a: Bulb|Volt Switch|p2a: Celesteela\n|-supereffective|p2a: Celesteela\n|-damage|p2a: Celesteela|54\/100\n|\n|t:|1699786129\n|switch|p1a: Blacephalon|Blacephalon|100\/100|[from] Volt Switch\n|-damage|p1a: Blacephalon|76\/100|[from] Stealth Rock\n|move|p2a: Celesteela|Autotomize|p2a: Celesteela\n|-boost|p2a: Celesteela|spe|2\n|-start|p2a: Celesteela|Autotomize\n|\n|upkeep\n|turn|8\n|\n|t:|1699786139\n|move|p1a: Blacephalon|Mind Blown|p2a: Celesteela\n|-supereffective|p2a: Celesteela\n|-damage|p2a: Celesteela|0 fnt\n|-damage|p1a: Blacephalon|26\/100|[from] mindblown\n|faint|p2a: Celesteela\n|-ability|p1a: Blacephalon|Beast Boost|boost\n|-boost|p1a: Blacephalon|spa|1\n|\n|upkeep\n|\n|t:|1699786144\n|switch|p2a: Banette|Banette, F|100\/100\n|-item|p1a: Blacephalon|Choice Scarf|[from] ability: Frisk|[of] p2a: Banette|[identify]\n|turn|9\n|\n|t:|1699786168\n|detailschange|p2a: Banette|Banette-Mega, F\n|-mega|p2a: Banette|Banette|Banettite\n|move|p2a: Banette|Sucker Punch|p1a: Blacephalon\n|-supereffective|p1a: Blacephalon\n|-damage|p1a: Blacephalon|0 fnt\n|faint|p1a: Blacephalon\n|\n|upkeep\n|inactive|Chonky_Fox has 120 seconds left.\n|\n|t:|1699786182\n|switch|p1a: Smooth Talker|Whimsicott, F|100\/100\n|-damage|p1a: Smooth Talker|88\/100|[from] Stealth Rock\n|turn|10\n|inactive|Chonky_Fox has 120 seconds left.\n|\n|t:|1699786204\n|switch|p2a: Kartana|Kartana|100\/100\n|move|p1a: Smooth Talker|Encore||[still]\n|-fail|p1a: Smooth Talker\n|\n|-heal|p1a: Smooth Talker|94\/100|[from] item: Leftovers\n|upkeep\n|turn|11\n|\n|t:|1699786216\n|switch|p1a: Littleface|Cursola, M|100\/100\n|-damage|p1a: Littleface|88\/100|[from] Stealth Rock\n|move|p2a: Kartana|Smart Strike|p1a: Littleface\n|-damage|p1a: Littleface|0 fnt\n|-damage|p2a: Kartana|84\/100|[from] item: Rocky Helmet|[of] p1a: Littleface\n|-ability|p1a: Littleface|Perish Body\n|faint|p1a: Littleface\n|-ability|p2a: Kartana|Beast Boost|boost\n|-boost|p2a: Kartana|atk|1\n|\n|-start|p2a: Kartana|perish3\n|upkeep\n|-message|Chonky_Fox forfeited.\n|\n|win|Fealieya\n|raw|Chonky_Fox's rating: 1088 &rarr; <strong>1072<\/strong><br \/>(-16 for losing)\n|raw|Fealieya's rating: 1195 &rarr; <strong>1213<\/strong><br \/>(+18 for winning)\n|l|\u2606Chonky_Fox\n","uploadtime":1699786234,"views":4,"p1id":"chonkyfox","p2id":"fealieya","formatid":"gen9nationaldex","rating":1072,"private":0,"password":""}