{"id":"gen9nationaldex-1992184904","p1":"emilipdh","p2":"IceE4member","format":"[Gen 9] National Dex","log":"|j|\u2606emilipdh\n|j|\u2606IceE4member\n|t:|1700162023\n|gametype|singles\n|player|p1|emilipdh|larry|1260\n|player|p2|IceE4member|265|1221\n|teamsize|p1|6\n|teamsize|p2|6\n|gen|9\n|tier|[Gen 9] National Dex\n|rated|\n|rule|HP Percentage Mod: HP is shown in percentages\n|rule|Endless Battle Clause: Forcing endless battles is banned\n|rule|OHKO Clause: OHKO moves are banned\n|rule|Evasion Clause: Evasion abilities, items, and moves are banned\n|rule|Evasion Abilities Clause: Evasion abilities are banned\n|rule|Evasion Items Clause: Evasion items are banned\n|rule|Evasion Moves Clause: Evasion moves are banned\n|rule|Species Clause: Limit one of each Pok\u00e9mon\n|rule|Sleep Clause Mod: Limit one foe put to sleep\n|clearpoke\n|poke|p1|Gliscor, M|\n|poke|p1|Alomomola, F|\n|poke|p1|Slowking-Galar, F|\n|poke|p1|Corviknight, M|\n|poke|p1|Beartic, F|\n|poke|p1|Iron Valiant|\n|poke|p2|Cloyster, M|\n|poke|p2|Ninetales-Alola, M|\n|poke|p2|Arctovish|\n|poke|p2|Weavile, F|\n|poke|p2|Mamoswine, M|\n|poke|p2|Abomasnow, F|\n|teampreview\n|inactive|Battle timer is ON: inactive players will automatically lose when time's up. (requested by emilipdh)\n|inactive|emilipdh has 120 seconds left.\n|c|\u2606IceE4member|What type of people insta turn on timer\n|c|\u2606IceE4member|thats dumb\n|c|\u2606emilipdh|me\n|\n|t:|1700162065\n|start\n|switch|p1a: Yogui|Beartic, F, shiny|100\/100\n|switch|p2a: Ninetales|Ninetales-Alola, M|100\/100\n|-weather|Snow|[from] ability: Snow Warning|[of] p2a: Ninetales\n|turn|1\n|l|\u2606IceE4member\n|inactive|IceE4member disconnected and has a minute to reconnect!\n|player|p2|\n|\n|t:|1700162081\n|move|p1a: Yogui|Close Combat|p2a: Ninetales\n|-damage|p2a: Ninetales|29\/100\n|-unboost|p1a: Yogui|def|1\n|-unboost|p1a: Yogui|spd|1\n|move|p2a: Ninetales|Moonblast|p1a: Yogui\n|-damage|p1a: Yogui|29\/100\n|\n|-weather|Snow|[upkeep]\n|upkeep\n|turn|2\n|j|\u2606IceE4member\n|inactive|IceE4member reconnected and has 150 seconds left.\n|player|p2|IceE4member|265\n|c|\u2606IceE4member|Alr bro I see you don\u2019t have fun\n|\n|t:|1700162094\n|move|p1a: Yogui|Close Combat|p2a: Ninetales\n|-crit|p2a: Ninetales\n|-damage|p2a: Ninetales|0 fnt\n|-unboost|p1a: Yogui|def|1\n|-unboost|p1a: Yogui|spd|1\n|faint|p2a: Ninetales\n|\n|-weather|Snow|[upkeep]\n|upkeep\n|\n|t:|1700162097\n|switch|p2a: Arctovish|Arctovish|100\/100\n|turn|3\n|c|\u2606emilipdh|wdym\n|\n|t:|1700162114\n|switch|p1a: Sushi|Alomomola, F|100\/100\n|move|p2a: Arctovish|Fishious Rend|p1a: Sushi\n|-resisted|p1a: Sushi\n|-damage|p1a: Sushi|76\/100\n|-damage|p2a: Arctovish|91\/100|[from] item: Life Orb\n|\n|-weather|Snow|[upkeep]\n|upkeep\n|turn|4\n|inactive|emilipdh has 120 seconds left.\n|\n|t:|1700162147\n|switch|p2a: Weavile|Weavile, F|100\/100\n|-ability|p2a: Weavile|Pressure\n|move|p1a: Sushi|Toxic|p2a: Weavile|[miss]\n|-miss|p1a: Sushi|p2a: Weavile\n|\n|-weather|Snow|[upkeep]\n|upkeep\n|turn|5\n|inactive|emilipdh has 120 seconds left.\n|\n|t:|1700162157\n|switch|p1a: Magestic|Corviknight, M, shiny|100\/100\n|-ability|p1a: Magestic|Pressure\n|move|p2a: Weavile|Knock Off|p1a: Magestic\n|-damage|p1a: Magestic|62\/100\n|-damage|p2a: Weavile|84\/100|[from] item: Rocky Helmet|[of] p1a: Magestic\n|-enditem|p1a: Magestic|Rocky Helmet|[from] move: Knock Off|[of] p2a: Weavile\n|-damage|p2a: Weavile|74\/100|[from] item: Life Orb\n|\n|-weather|none\n|upkeep\n|turn|6\n|inactive|emilipdh has 120 seconds left.\n|\n|t:|1700162184\n|switch|p2a: Mamoswine|Mamoswine, M|100\/100\n|move|p1a: Magestic|U-turn|p2a: Mamoswine\n|-damage|p2a: Mamoswine|83\/100\n|inactive|emilipdh has 90 seconds left.\n|\n|t:|1700162207\n|switch|p1a: Robin|Iron Valiant|100\/100|[from] U-turn\n|-enditem|p1a: Robin|Booster Energy\n|-activate|p1a: Robin|ability: Quark Drive|[fromitem]\n|-start|p1a: Robin|quarkdrivespe\n|\n|upkeep\n|turn|7\n|inactive|emilipdh has 90 seconds left.\n|inactive|IceE4member has 120 seconds left.\n|\n|t:|1700162231\n|-terastallize|p2a: Mamoswine|Ground\n|move|p1a: Robin|Close Combat|p2a: Mamoswine\n|-damage|p2a: Mamoswine|11\/100\n|-unboost|p1a: Robin|def|1\n|-unboost|p1a: Robin|spd|1\n|move|p2a: Mamoswine|Earthquake|p1a: Robin\n|-damage|p1a: Robin|0 fnt\n|faint|p1a: Robin\n|-end|p1a: Robin|Quark Drive|[silent]\n|-damage|p2a: Mamoswine|1\/100|[from] item: Life Orb\n|\n|upkeep\n|\n|t:|1700162251\n|switch|p1a: Sushi|Alomomola, F|100\/100\n|turn|8\n|inactive|IceE4member has 120 seconds left.\n|\n|t:|1700162279\n|move|p2a: Mamoswine|Earthquake|p1a: Sushi\n|-damage|p1a: Sushi|52\/100\n|-damage|p2a: Mamoswine|0 fnt|[from] item: Life Orb\n|faint|p2a: Mamoswine\n|move|p1a: Sushi|Wish|p1a: Sushi\n|\n|upkeep\n|\n|t:|1700162292\n|switch|p2a: Abomasnow|Abomasnow, F|100\/100\n|-weather|Snow|[from] ability: Snow Warning|[of] p2a: Abomasnow\n|turn|9\n|\n|t:|1700162311\n|switch|p1a: Magestic|Corviknight, M, shiny|62\/100\n|-ability|p1a: Magestic|Pressure\n|switch|p2a: Arctovish|Arctovish|91\/100\n|\n|-weather|Snow|[upkeep]\n|-heal|p1a: Magestic|100\/100|[from] move: Wish|[wisher] Sushi\n|upkeep\n|turn|10\n|\n|t:|1700162320\n|switch|p2a: Abomasnow|Abomasnow, F|100\/100\n|move|p1a: Magestic|Brave Bird|p2a: Abomasnow\n|-supereffective|p2a: Abomasnow\n|-damage|p2a: Abomasnow|49\/100\n|-damage|p1a: Magestic|84\/100|[from] Recoil\n|\n|-weather|Snow|[upkeep]\n|upkeep\n|turn|11\n|\n|t:|1700162326\n|detailschange|p2a: Abomasnow|Abomasnow-Mega, F\n|-mega|p2a: Abomasnow|Abomasnow|Abomasite\n|move|p1a: Magestic|Brave Bird|p2a: Abomasnow\n|-supereffective|p2a: Abomasnow\n|-damage|p2a: Abomasnow|7\/100\n|-damage|p1a: Magestic|71\/100|[from] Recoil\n|move|p2a: Abomasnow|Blizzard|p1a: Magestic\n|-damage|p1a: Magestic|10\/100\n|\n|-weather|Snow|[upkeep]\n|upkeep\n|turn|12\n|inactive|emilipdh has 90 seconds left.\n|\n|t:|1700162338\n|switch|p2a: Weavile|Weavile, F|74\/100\n|-ability|p2a: Weavile|Pressure\n|move|p1a: Magestic|U-turn|p2a: Weavile\n|-supereffective|p2a: Weavile\n|-damage|p2a: Weavile|43\/100\n|inactive|emilipdh has 90 seconds left.\n|\n|t:|1700162353\n|switch|p1a: Yogui|Beartic, F, shiny|29\/100|[from] U-turn\n|\n|-weather|Snow|[upkeep]\n|upkeep\n|turn|13\n|inactive|emilipdh has 90 seconds left.\n|\n|t:|1700162366\n|move|p2a: Weavile|Ice Shard|p1a: Yogui\n|-resisted|p1a: Yogui\n|-damage|p1a: Yogui|19\/100\n|-damage|p2a: Weavile|33\/100|[from] item: Life Orb\n|move|p1a: Yogui|Close Combat|p2a: Weavile\n|-supereffective|p2a: Weavile\n|-damage|p2a: Weavile|0 fnt\n|-unboost|p1a: Yogui|def|1\n|-unboost|p1a: Yogui|spd|1\n|faint|p2a: Weavile\n|\n|-weather|none\n|upkeep\n|\n|t:|1700162388\n|switch|p2a: Arctovish|Arctovish|91\/100\n|turn|14\n|inactive|emilipdh has 90 seconds left.\n|\n|t:|1700162412\n|switch|p1a: Sushi|Alomomola, F|86\/100\n|move|p2a: Arctovish|Crunch|p1a: Sushi\n|-damage|p1a: Sushi|71\/100\n|-damage|p2a: Arctovish|81\/100|[from] item: Life Orb\n|\n|upkeep\n|turn|15\n|\n|t:|1700162425\n|switch|p2a: Abomasnow|Abomasnow-Mega, F|7\/100\n|-weather|Snow|[from] ability: Snow Warning|[of] p2a: Abomasnow\n|move|p1a: Sushi|Toxic|p2a: Abomasnow\n|-status|p2a: Abomasnow|tox\n|\n|-weather|Snow|[upkeep]\n|-damage|p2a: Abomasnow|0 fnt|[from] psn\n|faint|p2a: Abomasnow\n|upkeep\n|\n|t:|1700162433\n|switch|p2a: Cloyster|Cloyster, M, shiny|100\/100\n|turn|16\n|inactive|emilipdh has 90 seconds left.\n|\n|t:|1700162441\n|move|p2a: Cloyster|Shell Smash|p2a: Cloyster\n|-unboost|p2a: Cloyster|def|1\n|-unboost|p2a: Cloyster|spd|1\n|-boost|p2a: Cloyster|atk|2\n|-boost|p2a: Cloyster|spa|2\n|-boost|p2a: Cloyster|spe|2\n|move|p1a: Sushi|Wish|p1a: Sushi\n|\n|-weather|Snow|[upkeep]\n|upkeep\n|turn|17\n|\n|t:|1700162446\n|move|p2a: Cloyster|Shell Smash|p2a: Cloyster\n|-unboost|p2a: Cloyster|def|1\n|-unboost|p2a: Cloyster|spd|1\n|-boost|p2a: Cloyster|atk|2\n|-boost|p2a: Cloyster|spa|2\n|-boost|p2a: Cloyster|spe|2\n|move|p1a: Sushi|Toxic|p2a: Cloyster\n|-status|p2a: Cloyster|tox\n|\n|-weather|Snow|[upkeep]\n|-heal|p1a: Sushi|100\/100|[from] move: Wish|[wisher] Sushi\n|-damage|p2a: Cloyster|94\/100 tox|[from] psn\n|upkeep\n|turn|18\n|\n|t:|1700162455\n|move|p2a: Cloyster|Rock Blast|p1a: Sushi\n|-damage|p1a: Sushi|90\/100\n|-damage|p1a: Sushi|79\/100\n|-damage|p1a: Sushi|66\/100\n|-damage|p1a: Sushi|55\/100\n|-damage|p1a: Sushi|44\/100\n|-hitcount|p1a: Sushi|5\n|move|p1a: Sushi|Wish|p1a: Sushi\n|\n|-weather|Snow|[upkeep]\n|-damage|p2a: Cloyster|82\/100 tox|[from] psn\n|upkeep\n|turn|19\n|\n|t:|1700162473\n|move|p1a: Sushi|Protect|p1a: Sushi\n|-singleturn|p1a: Sushi|Protect\n|move|p2a: Cloyster|Shell Smash|p2a: Cloyster\n|-unboost|p2a: Cloyster|def|1\n|-unboost|p2a: Cloyster|spd|1\n|-boost|p2a: Cloyster|atk|2\n|-boost|p2a: Cloyster|spa|2\n|-boost|p2a: Cloyster|spe|2\n|\n|-weather|none\n|-heal|p1a: Sushi|94\/100|[from] move: Wish|[wisher] Sushi\n|-damage|p2a: Cloyster|63\/100 tox|[from] psn\n|upkeep\n|turn|20\n|\n|t:|1700162480\n|move|p2a: Cloyster|Rock Blast|p1a: Sushi\n|-damage|p1a: Sushi|80\/100\n|-damage|p1a: Sushi|64\/100\n|-damage|p1a: Sushi|50\/100\n|-damage|p1a: Sushi|36\/100\n|-damage|p1a: Sushi|21\/100\n|-hitcount|p1a: Sushi|5\n|move|p1a: Sushi|Wish|p1a: Sushi\n|\n|-damage|p2a: Cloyster|39\/100 tox|[from] psn\n|upkeep\n|turn|21\n|\n|t:|1700162485\n|move|p1a: Sushi|Protect|p1a: Sushi\n|-singleturn|p1a: Sushi|Protect\n|move|p2a: Cloyster|Rock Blast|p1a: Sushi\n|-activate|p1a: Sushi|move: Protect\n|\n|-heal|p1a: Sushi|71\/100|[from] move: Wish|[wisher] Sushi\n|-damage|p2a: Cloyster|8\/100 tox|[from] psn\n|upkeep\n|turn|22\n|\n|t:|1700162488\n|switch|p1a: Magestic|Corviknight, M, shiny|10\/100\n|-ability|p1a: Magestic|Pressure\n|move|p2a: Cloyster|Rock Blast|p1a: Magestic\n|-damage|p1a: Magestic|0 fnt\n|faint|p1a: Magestic\n|-hitcount|p1: Magestic|1\n|\n|-damage|p2a: Cloyster|0 fnt|[from] psn\n|faint|p2a: Cloyster\n|upkeep\n|c|\u2606emilipdh|gg\n|c|\u2606IceE4member|This is what I meant\n|-message|IceE4member forfeited.\n|\n|win|emilipdh\n|raw|emilipdh's rating: 1260 &rarr; <strong>1282<\/strong><br \/>(+22 for winning)\n|raw|IceE4member's rating: 1221 &rarr; <strong>1199<\/strong><br \/>(-22 for losing)\n|l|\u2606IceE4member\n","uploadtime":1700162515,"views":15,"p1id":"emilipdh","p2id":"icee4member","formatid":"gen9nationaldex","rating":1199,"private":0,"password":""}