{"id":"gen9nationaldex-1994808824","p1":"Leifthrasir","p2":"wiibass","format":"[Gen 9] National Dex","log":"|html|<div class=\"broadcast-blue\"><strong>[Gen 9] National Dex is currently suspecting Sneasler! For information on how to participate check out the <a href=\"https:\/\/www.smogon.com\/forums\/threads\/sv-national-dex-suspect-8-just-dance.3731534\/\">suspect thread<\/a>.<\/strong><\/div>\n|j|\u2606Leifthrasir\n|j|\u2606wiibass\n|t:|1700494786\n|gametype|singles\n|player|p1|Leifthrasir|lady-gen4|1384\n|player|p2|wiibass|rancher|1421\n|teamsize|p1|6\n|teamsize|p2|6\n|gen|9\n|tier|[Gen 9] National Dex\n|rated|\n|rule|HP Percentage Mod: HP is shown in percentages\n|rule|Endless Battle Clause: Forcing endless battles is banned\n|rule|OHKO Clause: OHKO moves are banned\n|rule|Evasion Clause: Evasion abilities, items, and moves are banned\n|rule|Evasion Abilities Clause: Evasion abilities are banned\n|rule|Evasion Items Clause: Evasion items are banned\n|rule|Evasion Moves Clause: Evasion moves are banned\n|rule|Species Clause: Limit one of each Pok\u00e9mon\n|rule|Sleep Clause Mod: Limit one foe put to sleep\n|clearpoke\n|poke|p1|Tapu Lele|\n|poke|p1|Armarouge, F|\n|poke|p1|Polteageist-Antique|\n|poke|p1|Ogerpon-Wellspring, F|\n|poke|p1|Moltres|\n|poke|p1|Sneasler, F|\n|poke|p2|Indeedee-F, F|\n|poke|p2|Sneasler, M|\n|poke|p2|Cinderace, F|\n|poke|p2|Armarouge, F|\n|poke|p2|Kommo-o, M|\n|poke|p2|Eiscue, M|\n|teampreview\n|inactive|Battle timer is ON: inactive players will automatically lose when time's up. (requested by Leifthrasir)\n|\n|t:|1700494805\n|start\n|switch|p1a: \u5251\u821e\u8d77\u8349|Ogerpon-Wellspring, F|100\/100\n|switch|p2a: Indeed|Indeedee-F, F|100\/100\n|-fieldstart|move: Psychic Terrain|[from] ability: Psychic Surge|[of] p2a: Indeed\n|turn|1\n|\n|t:|1700494814\n|switch|p2a: Kirbo-o|Kommo-o, M|100\/100\n|-terastallize|p1a: \u5251\u821e\u8d77\u8349|Water\n|detailschange|p1a: \u5251\u821e\u8d77\u8349|Ogerpon-Wellspring-Tera, F, tera:Water\n|-ability|p1a: \u5251\u821e\u8d77\u8349|Embody Aspect (Wellspring)|boost\n|-boost|p1a: \u5251\u821e\u8d77\u8349|spd|1\n|move|p1a: \u5251\u821e\u8d77\u8349|Ivy Cudgel|p2a: Kirbo-o|[anim] Ivy Cudgel Water\n|-resisted|p2a: Kirbo-o\n|-damage|p2a: Kirbo-o|68\/100\n|\n|upkeep\n|turn|2\n|\n|t:|1700494818\n|switch|p1a: \u773c\u955c\u5a18|Tapu Lele|100\/100\n|move|p2a: Kirbo-o|Dragon Dance|p2a: Kirbo-o\n|-boost|p2a: Kirbo-o|atk|1\n|-boost|p2a: Kirbo-o|spe|1\n|\n|upkeep\n|turn|3\n|\n|t:|1700494824\n|move|p2a: Kirbo-o|Iron Head|p1a: \u773c\u955c\u5a18\n|-supereffective|p1a: \u773c\u955c\u5a18\n|-damage|p1a: \u773c\u955c\u5a18|0 fnt\n|faint|p1a: \u773c\u955c\u5a18\n|\n|upkeep\n|\n|t:|1700494837\n|switch|p1a: \u58f6\u5e1d|Polteageist-Antique|100\/100\n|turn|4\n|\n|t:|1700494839\n|move|p2a: Kirbo-o|Fire Punch|p1a: \u58f6\u5e1d\n|-damage|p1a: \u58f6\u5e1d|40\/100\n|-ability|p1a: \u58f6\u5e1d|Weak Armor|boost\n|-unboost|p1a: \u58f6\u5e1d|def|1\n|-boost|p1a: \u58f6\u5e1d|spe|2\n|move|p1a: \u58f6\u5e1d|Shell Smash|p1a: \u58f6\u5e1d\n|-unboost|p1a: \u58f6\u5e1d|def|1\n|-unboost|p1a: \u58f6\u5e1d|spd|1\n|-boost|p1a: \u58f6\u5e1d|atk|2\n|-boost|p1a: \u58f6\u5e1d|spa|2\n|-boost|p1a: \u58f6\u5e1d|spe|2\n|\n|upkeep\n|turn|5\n|\n|t:|1700494844\n|move|p1a: \u58f6\u5e1d|Stored Power|p2a: Kirbo-o\n|-supereffective|p2a: Kirbo-o\n|-damage|p2a: Kirbo-o|0 fnt\n|faint|p2a: Kirbo-o\n|\n|upkeep\n|\n|t:|1700494853\n|switch|p2a: Rockman|Armarouge, F|100\/100\n|turn|6\n|\n|t:|1700494863\n|move|p1a: \u58f6\u5e1d|Shadow Ball|p2a: Rockman\n|-supereffective|p2a: Rockman\n|-enditem|p2a: Rockman|Focus Sash\n|-damage|p2a: Rockman|1\/100\n|-unboost|p2a: Rockman|spd|1\n|move|p2a: Rockman|Expanding Force|p1a: \u58f6\u5e1d\n|-damage|p1a: \u58f6\u5e1d|0 fnt\n|faint|p1a: \u58f6\u5e1d\n|\n|upkeep\n|\n|t:|1700494876\n|switch|p1a: \u5251\u821e\u8d77\u8349|Ogerpon-Wellspring-Tera, F, tera:Water|100\/100\n|-ability|p1a: \u5251\u821e\u8d77\u8349|Embody Aspect (Wellspring)|boost\n|-boost|p1a: \u5251\u821e\u8d77\u8349|spd|1\n|turn|7\n|\n|t:|1700494885\n|move|p1a: \u5251\u821e\u8d77\u8349|Ivy Cudgel|p2a: Rockman|[anim] Ivy Cudgel Water\n|-supereffective|p2a: Rockman\n|-damage|p2a: Rockman|0 fnt\n|faint|p2a: Rockman\n|\n|upkeep\n|\n|t:|1700494890\n|switch|p2a: Bob|Eiscue, M|100\/100\n|turn|8\n|\n|t:|1700494906\n|switch|p1a: XY\u6389\u5e27\u72c2\u9b54|Moltres|100\/100\n|move|p2a: Bob|Substitute|p2a: Bob\n|-start|p2a: Bob|Substitute\n|-damage|p2a: Bob|76\/100\n|\n|-fieldend|move: Psychic Terrain\n|upkeep\n|turn|9\n|\n|t:|1700494912\n|move|p1a: XY\u6389\u5e27\u72c2\u9b54|Flamethrower|p2a: Bob\n|-supereffective|p2a: Bob\n|-end|p2a: Bob|Substitute\n|move|p2a: Bob|Substitute|p2a: Bob\n|-start|p2a: Bob|Substitute\n|-damage|p2a: Bob|51\/100\n|\n|upkeep\n|turn|10\n|\n|t:|1700494926\n|move|p1a: XY\u6389\u5e27\u72c2\u9b54|Flamethrower|p2a: Bob\n|-supereffective|p2a: Bob\n|-end|p2a: Bob|Substitute\n|move|p2a: Bob|Belly Drum|p2a: Bob\n|-damage|p2a: Bob|1\/100\n|-setboost|p2a: Bob|atk|6|[from] move: Belly Drum\n|-enditem|p2a: Bob|Salac Berry|[eat]\n|-boost|p2a: Bob|spe|1|[from] item: Salac Berry\n|\n|upkeep\n|turn|11\n|\n|t:|1700494935\n|-terastallize|p2a: Bob|Ghost\n|move|p2a: Bob|Tera Blast|p1a: XY\u6389\u5e27\u72c2\u9b54|[anim] Tera Blast Ghost\n|-damage|p1a: XY\u6389\u5e27\u72c2\u9b54|3\/100\n|move|p1a: XY\u6389\u5e27\u72c2\u9b54|Flamethrower|p2a: Bob\n|-damage|p2a: Bob|0 fnt\n|faint|p2a: Bob\n|\n|upkeep\n|\n|t:|1700494943\n|switch|p2a: Ronaldinho Soccer|Cinderace, F|100\/100\n|turn|12\n|\n|t:|1700494954\n|move|p2a: Ronaldinho Soccer|U-turn|p1a: XY\u6389\u5e27\u72c2\u9b54\n|-start|p2a: Ronaldinho Soccer|typechange|Bug|[from] ability: Libero\n|-resisted|p1a: XY\u6389\u5e27\u72c2\u9b54\n|-damage|p1a: XY\u6389\u5e27\u72c2\u9b54|0 fnt\n|faint|p1a: XY\u6389\u5e27\u72c2\u9b54\n|\n|t:|1700494960\n|switch|p2a: Indeed|Indeedee-F, F|100\/100|[from] U-turn\n|-fieldstart|move: Psychic Terrain|[from] ability: Psychic Surge|[of] p2a: Indeed\n|\n|upkeep\n|\n|t:|1700494965\n|switch|p1a: \u5251\u821e\u8d77\u8349|Ogerpon-Wellspring-Tera, F, tera:Water|100\/100\n|-ability|p1a: \u5251\u821e\u8d77\u8349|Embody Aspect (Wellspring)|boost\n|-boost|p1a: \u5251\u821e\u8d77\u8349|spd|1\n|turn|13\n|l|\u2606wiibass\n|inactive|wiibass disconnected and has a minute to reconnect!\n|player|p2|\n|inactive|wiibass has 30 seconds to reconnect!\n|inactive|wiibass has 20 seconds to reconnect!\n|inactive|wiibass has 15 seconds to reconnect!\n|inactive|wiibass has 10 seconds to reconnect!\n|inactive|wiibass has 5 seconds to reconnect!\n|-message|wiibass lost due to inactivity.\n|\n|win|Leifthrasir\n|raw|Leifthrasir's rating: 1384 &rarr; <strong>1406<\/strong><br \/>(+22 for winning)\n|raw|wiibass's rating: 1421 &rarr; <strong>1399<\/strong><br \/>(-22 for losing)\n","uploadtime":1700495035,"views":1,"p1id":"leifthrasir","p2id":"wiibass","formatid":"gen9nationaldex","rating":1399,"private":0,"password":""}