{"id":"gen9nationaldex-1993310760","p1":"tujidajiangjun","p2":"vinhfancharizard","format":"[Gen 9] National Dex","log":"|j|\u203dtujidajiangjun\n|j|\u2606vinhfancharizard\n|t:|1700295597\n|gametype|singles\n|player|p1|tujidajiangjun|265|1207\n|player|p2|vinhfancharizard|n|1146\n|teamsize|p1|6\n|teamsize|p2|6\n|gen|9\n|tier|[Gen 9] National Dex\n|rated|\n|rule|HP Percentage Mod: HP is shown in percentages\n|rule|Endless Battle Clause: Forcing endless battles is banned\n|rule|OHKO Clause: OHKO moves are banned\n|rule|Evasion Clause: Evasion abilities, items, and moves are banned\n|rule|Evasion Abilities Clause: Evasion abilities are banned\n|rule|Evasion Items Clause: Evasion items are banned\n|rule|Evasion Moves Clause: Evasion moves are banned\n|rule|Species Clause: Limit one of each Pok\u00e9mon\n|rule|Sleep Clause Mod: Limit one foe put to sleep\n|clearpoke\n|poke|p1|Hoopa-Unbound|\n|poke|p1|Aegislash, M|\n|poke|p1|Talonflame, M|\n|poke|p1|Tapu Bulu|\n|poke|p1|Zapdos|\n|poke|p1|Great Tusk|\n|poke|p2|Volcarona, M|\n|poke|p2|Blacephalon|\n|poke|p2|Zeraora|\n|poke|p2|Torkoal, M|\n|poke|p2|Iron Moth|\n|poke|p2|Charizard, F|\n|teampreview\n|\n|t:|1700295609\n|start\n|switch|p1a: Zapdos|Zapdos|100\/100\n|switch|p2a: Zeraora|Zeraora|100\/100\n|-item|p2a: Zeraora|Air Balloon\n|turn|1\n|\n|t:|1700295618\n|switch|p1a: Great Tusk|Great Tusk|100\/100\n|move|p2a: Zeraora|Plasma Fists|p1a: Great Tusk\n|-immune|p1a: Great Tusk\n|\n|upkeep\n|turn|2\n|\n|t:|1700295626\n|move|p2a: Zeraora|Bulk Up|p2a: Zeraora\n|-boost|p2a: Zeraora|atk|1\n|-boost|p2a: Zeraora|def|1\n|move|p1a: Great Tusk|Rapid Spin|p2a: Zeraora\n|-damage|p2a: Zeraora|83\/100\n|-boost|p1a: Great Tusk|spe|1\n|-enditem|p2a: Zeraora|Air Balloon\n|\n|upkeep\n|turn|3\n|\n|t:|1700295634\n|move|p1a: Great Tusk|Headlong Rush|p2a: Zeraora\n|-supereffective|p2a: Zeraora\n|-damage|p2a: Zeraora|0 fnt\n|-unboost|p1a: Great Tusk|def|1\n|-unboost|p1a: Great Tusk|spd|1\n|faint|p2a: Zeraora\n|\n|upkeep\n|\n|t:|1700295655\n|switch|p2a: Blacephalon|Blacephalon|100\/100\n|turn|4\n|\n|t:|1700295659\n|-terastallize|p2a: Blacephalon|Fire\n|move|p1a: Great Tusk|Headlong Rush|p2a: Blacephalon\n|-supereffective|p2a: Blacephalon\n|-enditem|p2a: Blacephalon|Focus Sash\n|-damage|p2a: Blacephalon|1\/100\n|-unboost|p1a: Great Tusk|def|1\n|-unboost|p1a: Great Tusk|spd|1\n|move|p2a: Blacephalon|Flame Charge|p1a: Great Tusk\n|-damage|p1a: Great Tusk|59\/100\n|-boost|p2a: Blacephalon|spe|1\n|\n|upkeep\n|turn|5\n|\n|t:|1700295680\n|move|p2a: Blacephalon|Flamethrower|p1a: Great Tusk\n|-damage|p1a: Great Tusk|0 fnt\n|faint|p1a: Great Tusk\n|-end|p1a: Great Tusk|Protosynthesis|[silent]\n|-ability|p2a: Blacephalon|Beast Boost|boost\n|-boost|p2a: Blacephalon|spa|1\n|\n|upkeep\n|\n|t:|1700295685\n|switch|p1a: Talonflame|Talonflame, M|100\/100\n|turn|6\n|inactive|Battle timer is ON: inactive players will automatically lose when time's up. (requested by vinhfancharizard)\n|\n|t:|1700295715\n|move|p1a: Talonflame|Brave Bird|p2a: Blacephalon\n|-damage|p2a: Blacephalon|0 fnt\n|faint|p2a: Blacephalon\n|-damage|p1a: Talonflame|99\/100|[from] Recoil\n|\n|upkeep\n|\n|t:|1700295730\n|switch|p2a: Charizard|Charizard, F|100\/100\n|turn|7\n|\n|t:|1700295737\n|detailschange|p2a: Charizard|Charizard-Mega-X, F\n|-mega|p2a: Charizard|Charizard|Charizardite X\n|-zpower|p1a: Talonflame\n|move|p1a: Talonflame|Supersonic Skystrike|p2a: Charizard|[zeffect]\n|-damage|p2a: Charizard|40\/100\n|move|p2a: Charizard|Dragon Claw|p1a: Talonflame\n|-damage|p1a: Talonflame|24\/100\n|\n|upkeep\n|turn|8\n|\n|t:|1700295749\n|move|p1a: Talonflame|Hurricane|p2a: Charizard\n|-damage|p2a: Charizard|0 fnt\n|faint|p2a: Charizard\n|\n|upkeep\n|\n|t:|1700295763\n|switch|p2a: Volcarona|Volcarona, M|100\/100\n|turn|9\n|\n|t:|1700295771\n|move|p1a: Talonflame|Brave Bird|p2a: Volcarona\n|-supereffective|p2a: Volcarona\n|-enditem|p2a: Volcarona|Focus Sash\n|-damage|p2a: Volcarona|1\/100\n|-damage|p1a: Talonflame|0 fnt|[from] Recoil\n|faint|p1a: Talonflame\n|move|p2a: Volcarona|Quiver Dance|p2a: Volcarona\n|-boost|p2a: Volcarona|spa|1\n|-boost|p2a: Volcarona|spd|1\n|-boost|p2a: Volcarona|spe|1\n|\n|upkeep\n|\n|t:|1700295786\n|switch|p1a: Zapdos|Zapdos|100\/100\n|turn|10\n|\n|t:|1700295790\n|-terastallize|p1a: Zapdos|Water\n|move|p2a: Volcarona|Fiery Dance|p1a: Zapdos\n|-resisted|p1a: Zapdos\n|-damage|p1a: Zapdos|64\/100\n|move|p1a: Zapdos|Volt Switch|p2a: Volcarona\n|-damage|p2a: Volcarona|0 fnt\n|faint|p2a: Volcarona\n|\n|t:|1700295798\n|switch|p1a: Hoopa|Hoopa-Unbound|100\/100|[from] Volt Switch\n|\n|upkeep\n|\n|t:|1700295806\n|switch|p2a: Torkoal|Torkoal, M|100\/100\n|-weather|SunnyDay|[from] ability: Drought|[of] p2a: Torkoal\n|turn|11\n|\n|t:|1700295812\n|move|p1a: Hoopa|Hyperspace Fury|p2a: Torkoal\n|-damage|p2a: Torkoal|46\/100\n|-unboost|p1a: Hoopa|def|1\n|move|p2a: Torkoal|Flamethrower|p1a: Hoopa\n|-damage|p1a: Hoopa|61\/100\n|\n|-weather|SunnyDay|[upkeep]\n|upkeep\n|turn|12\n|\n|t:|1700295820\n|move|p1a: Hoopa|Hyperspace Fury|p2a: Torkoal\n|-damage|p2a: Torkoal|0 fnt\n|-unboost|p1a: Hoopa|def|1\n|faint|p2a: Torkoal\n|\n|-weather|SunnyDay|[upkeep]\n|upkeep\n|\n|t:|1700295822\n|switch|p2a: Iron Moth|Iron Moth|100\/100\n|-enditem|p2a: Iron Moth|Booster Energy\n|-activate|p2a: Iron Moth|ability: Quark Drive|[fromitem]\n|-start|p2a: Iron Moth|quarkdrivespa\n|turn|13\n|\n|t:|1700295825\n|move|p2a: Iron Moth|Agility|p2a: Iron Moth\n|-boost|p2a: Iron Moth|spe|2\n|move|p1a: Hoopa|Hyperspace Fury|p2a: Iron Moth\n|-damage|p2a: Iron Moth|0 fnt\n|-unboost|p1a: Hoopa|def|1\n|faint|p2a: Iron Moth\n|-end|p2a: Iron Moth|Quark Drive|[silent]\n|\n|win|tujidajiangjun\n|raw|tujidajiangjun's rating: 1207 &rarr; <strong>1228<\/strong><br \/>(+21 for winning)\n|raw|vinhfancharizard's rating: 1146 &rarr; <strong>1125<\/strong><br \/>(-21 for losing)\n","uploadtime":1700295834,"views":7,"p1id":"tujidajiangjun","p2id":"vinhfancharizard","formatid":"gen9nationaldex","rating":1125,"private":0,"password":""}