{"id":"gen9nationaldex-1994611238","p1":"Jeyley","p2":"Rankuroi","format":"[Gen 9] National Dex","log":"|html|<div class=\"broadcast-blue\"><strong>[Gen 9] National Dex is currently suspecting Sneasler! For information on how to participate check out the <a href=\"https:\/\/www.smogon.com\/forums\/threads\/sv-national-dex-suspect-8-just-dance.3731534\/\">suspect thread<\/a>.<\/strong><\/div>\n|j|\u2606Jeyley\n|j|\u2606Rankuroi\n|t:|1700469087\n|gametype|singles\n|player|p1|Jeyley|silver|1306\n|player|p2|Rankuroi|erika|1269\n|teamsize|p1|6\n|teamsize|p2|6\n|gen|9\n|tier|[Gen 9] National Dex\n|rated|\n|rule|HP Percentage Mod: HP is shown in percentages\n|rule|Endless Battle Clause: Forcing endless battles is banned\n|rule|OHKO Clause: OHKO moves are banned\n|rule|Evasion Clause: Evasion abilities, items, and moves are banned\n|rule|Evasion Abilities Clause: Evasion abilities are banned\n|rule|Evasion Items Clause: Evasion items are banned\n|rule|Evasion Moves Clause: Evasion moves are banned\n|rule|Species Clause: Limit one of each Pok\u00e9mon\n|rule|Sleep Clause Mod: Limit one foe put to sleep\n|clearpoke\n|poke|p1|Venusaur, M|\n|poke|p1|Gyarados, M|\n|poke|p1|Heracross, M|\n|poke|p1|Flygon, M|\n|poke|p1|Bisharp, M|\n|poke|p1|Talonflame, M|\n|poke|p2|Victreebel, M|\n|poke|p2|Torkoal, M|\n|poke|p2|Seaking, M|\n|poke|p2|Octillery, F|\n|poke|p2|Spiritomb, F|\n|poke|p2|Sunflora, M|\n|teampreview\n|inactive|Battle timer is ON: inactive players will automatically lose when time's up. (requested by Rankuroi)\n|\n|t:|1700469089\n|start\n|switch|p1a: Hercules|Heracross, M|100\/100\n|switch|p2a: Octillery|Octillery, F|100\/100\n|turn|1\n|\n|t:|1700469095\n|move|p1a: Hercules|Lunge|p2a: Octillery\n|-damage|p2a: Octillery|55\/100\n|-unboost|p2a: Octillery|atk|1\n|move|p2a: Octillery|Flamethrower|p1a: Hercules\n|-supereffective|p1a: Hercules\n|-damage|p1a: Hercules|37\/100\n|\n|-status|p1a: Hercules|brn|[from] item: Flame Orb\n|upkeep\n|turn|2\n|\n|t:|1700469106\n|move|p1a: Hercules|Lunge|p2a: Octillery\n|-damage|p2a: Octillery|0 fnt\n|faint|p2a: Octillery\n|\n|-damage|p1a: Hercules|31\/100 brn|[from] brn\n|upkeep\n|\n|t:|1700469115\n|switch|p2a: Sunflora|Sunflora, M, shiny|100\/100\n|turn|3\n|\n|t:|1700469119\n|-terastallize|p2a: Sunflora|Fairy\n|move|p1a: Hercules|Lunge|p2a: Sunflora\n|-resisted|p2a: Sunflora\n|-damage|p2a: Sunflora|60\/100\n|-unboost|p2a: Sunflora|atk|1\n|move|p2a: Sunflora|Giga Drain|p1a: Hercules\n|-resisted|p1a: Hercules\n|-damage|p1a: Hercules|10\/100 brn\n|-heal|p2a: Sunflora|71\/100|[from] drain|[of] p1a: Hercules\n|\n|-damage|p1a: Hercules|4\/100 brn|[from] brn\n|upkeep\n|turn|4\n|\n|t:|1700469135\n|move|p1a: Hercules|Earthquake|p2a: Sunflora\n|-damage|p2a: Sunflora|3\/100\n|move|p2a: Sunflora|Dazzling Gleam|p1a: Hercules\n|-supereffective|p1a: Hercules\n|-damage|p1a: Hercules|0 fnt\n|faint|p1a: Hercules\n|\n|upkeep\n|\n|t:|1700469144\n|switch|p1a: Leviatan|Gyarados, M, shiny|100\/100\n|turn|5\n|\n|t:|1700469147\n|move|p1a: Leviatan|Dragon Dance|p1a: Leviatan\n|-boost|p1a: Leviatan|atk|1\n|-boost|p1a: Leviatan|spe|1\n|move|p2a: Sunflora|Giga Drain|p1a: Leviatan\n|-damage|p1a: Leviatan|64\/100\n|-heal|p2a: Sunflora|24\/100|[from] drain|[of] p1a: Leviatan\n|\n|-heal|p1a: Leviatan|70\/100|[from] item: Leftovers\n|upkeep\n|turn|6\n|\n|t:|1700469157\n|move|p1a: Leviatan|Waterfall|p2a: Sunflora\n|-damage|p2a: Sunflora|0 fnt\n|faint|p2a: Sunflora\n|-ability|p1a: Leviatan|Moxie|boost\n|-boost|p1a: Leviatan|atk|1\n|\n|-heal|p1a: Leviatan|76\/100|[from] item: Leftovers\n|upkeep\n|\n|t:|1700469165\n|switch|p2a: Spiritomb|Spiritomb, F, shiny|100\/100\n|turn|7\n|\n|t:|1700469168\n|move|p1a: Leviatan|Waterfall|p2a: Spiritomb\n|-damage|p2a: Spiritomb|10\/100\n|move|p2a: Spiritomb|Foul Play|p1a: Leviatan\n|-damage|p1a: Leviatan|0 fnt\n|faint|p1a: Leviatan\n|\n|upkeep\n|\n|t:|1700469176\n|switch|p1a: Flash|Bisharp, M|100\/100\n|turn|8\n|\n|t:|1700469179\n|switch|p2a: Torkoal|Torkoal, M, shiny|100\/100\n|-weather|SunnyDay|[from] ability: Drought|[of] p2a: Torkoal\n|move|p1a: Flash|Iron Head|p2a: Torkoal\n|-resisted|p2a: Torkoal\n|-damage|p2a: Torkoal|84\/100\n|\n|-weather|SunnyDay|[upkeep]\n|upkeep\n|turn|9\n|\n|t:|1700469188\n|move|p1a: Flash|Swords Dance|p1a: Flash\n|-boost|p1a: Flash|atk|2\n|move|p2a: Torkoal|Flamethrower|p1a: Flash\n|-supereffective|p1a: Flash\n|-enditem|p1a: Flash|Focus Sash\n|-damage|p1a: Flash|1\/100\n|\n|-weather|SunnyDay|[upkeep]\n|upkeep\n|turn|10\n|\n|t:|1700469200\n|switch|p2a: Seaking|Seaking, M|100\/100\n|move|p1a: Flash|Sucker Punch||[still]\n|-fail|p1a: Flash\n|\n|-weather|SunnyDay|[upkeep]\n|upkeep\n|turn|11\n|\n|t:|1700469207\n|move|p1a: Flash|Sucker Punch|p2a: Seaking\n|-damage|p2a: Seaking|14\/100\n|move|p2a: Seaking|Quick Attack|p1a: Flash\n|-resisted|p1a: Flash\n|-damage|p1a: Flash|0 fnt\n|faint|p1a: Flash\n|-damage|p2a: Seaking|4\/100|[from] item: Life Orb\n|\n|-weather|SunnyDay|[upkeep]\n|upkeep\n|\n|t:|1700469217\n|switch|p1a: Saur|Venusaur, M|100\/100\n|turn|12\n|\n|t:|1700469221\n|move|p2a: Seaking|Quick Attack|p1a: Saur\n|-damage|p1a: Saur|79\/100\n|-damage|p2a: Seaking|0 fnt|[from] item: Life Orb\n|faint|p2a: Seaking\n|move|p1a: Saur|Giga Drain|p2: Seaking|[notarget]\n|-fail|p1a: Saur\n|\n|-weather|SunnyDay|[upkeep]\n|upkeep\n|\n|t:|1700469229\n|switch|p2a: Victreebel|Victreebel, M, shiny|100\/100\n|turn|13\n|\n|t:|1700469233\n|switch|p1a: Fenix|Talonflame, M, shiny|100\/100\n|move|p2a: Victreebel|Weather Ball|p1a: Fenix\n|-resisted|p1a: Fenix\n|-damage|p1a: Fenix|60\/100\n|\n|-weather|SunnyDay|[upkeep]\n|upkeep\n|turn|14\n|\n|t:|1700469241\n|move|p2a: Victreebel|Sludge Bomb|p1a: Fenix\n|-damage|p1a: Fenix|0 fnt\n|faint|p1a: Fenix\n|\n|-weather|SunnyDay|[upkeep]\n|upkeep\n|\n|t:|1700469248\n|switch|p1a: Dragonfly|Flygon, M, shiny|100\/100\n|turn|15\n|\n|t:|1700469253\n|switch|p2a: Spiritomb|Spiritomb, F, shiny|10\/100\n|move|p1a: Dragonfly|Dragon Dance|p1a: Dragonfly\n|-boost|p1a: Dragonfly|atk|1\n|-boost|p1a: Dragonfly|spe|1\n|\n|-weather|none\n|upkeep\n|turn|16\n|\n|t:|1700469262\n|move|p2a: Spiritomb|Sucker Punch|p1a: Dragonfly\n|-damage|p1a: Dragonfly|56\/100\n|move|p1a: Dragonfly|Earthquake|p2a: Spiritomb\n|-damage|p2a: Spiritomb|0 fnt\n|faint|p2a: Spiritomb\n|\n|-heal|p1a: Dragonfly|62\/100|[from] item: Leftovers\n|upkeep\n|\n|t:|1700469271\n|switch|p2a: Torkoal|Torkoal, M, shiny|84\/100\n|-weather|SunnyDay|[from] ability: Drought|[of] p2a: Torkoal\n|turn|17\n|\n|t:|1700469285\n|move|p1a: Dragonfly|Dragon Dance|p1a: Dragonfly\n|-boost|p1a: Dragonfly|atk|1\n|-boost|p1a: Dragonfly|spe|1\n|move|p2a: Torkoal|Explosion|p1a: Dragonfly\n|-damage|p1a: Dragonfly|0 fnt\n|faint|p2a: Torkoal\n|faint|p1a: Dragonfly\n|\n|-weather|SunnyDay|[upkeep]\n|upkeep\n|\n|t:|1700469296\n|switch|p1a: Saur|Venusaur, M|79\/100\n|switch|p2a: Victreebel|Victreebel, M, shiny|100\/100\n|turn|18\n|\n|t:|1700469301\n|detailschange|p1a: Saur|Venusaur-Mega, M\n|-mega|p1a: Saur|Venusaur|Venusaurite\n|move|p2a: Victreebel|Weather Ball|p1a: Saur\n|-supereffective|p1a: Saur\n|-damage|p1a: Saur|33\/100\n|move|p1a: Saur|Sludge Bomb|p2a: Victreebel\n|-damage|p2a: Victreebel|26\/100\n|\n|-weather|SunnyDay|[upkeep]\n|upkeep\n|turn|19\n|\n|t:|1700469317\n|move|p2a: Victreebel|Weather Ball|p1a: Saur\n|-supereffective|p1a: Saur\n|-damage|p1a: Saur|0 fnt\n|faint|p1a: Saur\n|\n|win|Rankuroi\n|raw|Jeyley's rating: 1306 &rarr; <strong>1284<\/strong><br \/>(-22 for losing)\n|raw|Rankuroi's rating: 1269 &rarr; <strong>1297<\/strong><br \/>(+28 for winning)\n|l|\u2606Jeyley\n","uploadtime":1700469328,"views":4,"p1id":"jeyley","p2id":"rankuroi","formatid":"gen9nationaldex","rating":1284,"private":0,"password":""}