{"id":"gen9nationaldex-1988452709","p1":"Fealieya","p2":"homey chrisp","format":"[Gen 9] National Dex","log":"|j|\u2606Fealieya\n|j|\u203dhomey chrisp\n|t:|1699724504\n|gametype|singles\n|player|p1|Fealieya|1|1088\n|player|p2|homey chrisp|169|1000\n|teamsize|p1|6\n|teamsize|p2|6\n|gen|9\n|tier|[Gen 9] National Dex\n|rated|\n|rule|HP Percentage Mod: HP is shown in percentages\n|rule|Endless Battle Clause: Forcing endless battles is banned\n|rule|OHKO Clause: OHKO moves are banned\n|rule|Evasion Clause: Evasion abilities, items, and moves are banned\n|rule|Evasion Abilities Clause: Evasion abilities are banned\n|rule|Evasion Items Clause: Evasion items are banned\n|rule|Evasion Moves Clause: Evasion moves are banned\n|rule|Species Clause: Limit one of each Pok\u00e9mon\n|rule|Sleep Clause Mod: Limit one foe put to sleep\n|clearpoke\n|poke|p1|Banette, M|\n|poke|p1|Zapdos|\n|poke|p1|Nihilego|\n|poke|p1|Kartana|\n|poke|p1|Celesteela|\n|poke|p1|Entei|\n|poke|p2|Jirachi|\n|poke|p2|Meloetta|\n|poke|p2|Togekiss, M|\n|poke|p2|Sawsbuck, F|\n|poke|p2|Dudunsparce-*, M|\n|poke|p2|Chansey, F|\n|teampreview\n|inactive|Battle timer is ON: inactive players will automatically lose when time's up. (requested by homey chrisp)\n|\n|t:|1699724515\n|start\n|switch|p1a: Nihilego|Nihilego|100\/100\n|switch|p2a: Dudunsparce|Dudunsparce, M|100\/100\n|turn|1\n|\n|t:|1699724518\n|move|p1a: Nihilego|Stealth Rock|p2a: Dudunsparce\n|-sidestart|p2: homey chrisp|move: Stealth Rock\n|move|p2a: Dudunsparce|Yawn|p1a: Nihilego\n|-start|p1a: Nihilego|move: Yawn|[of] p2a: Dudunsparce\n|\n|upkeep\n|turn|2\n|\n|t:|1699724524\n|move|p1a: Nihilego|Toxic Spikes|p2a: Dudunsparce\n|-sidestart|p2: homey chrisp|move: Toxic Spikes\n|move|p2a: Dudunsparce|Stealth Rock|p1a: Nihilego\n|-sidestart|p1: Fealieya|move: Stealth Rock\n|\n|-end|p1a: Nihilego|move: Yawn|[silent]\n|-status|p1a: Nihilego|slp\n|upkeep\n|turn|3\n|\n|t:|1699724529\n|cant|p1a: Nihilego|slp\n|move|p2a: Dudunsparce|Ancient Power|p1a: Nihilego\n|-damage|p1a: Nihilego|89\/100 slp\n|\n|-heal|p1a: Nihilego|95\/100 slp|[from] item: Leftovers\n|upkeep\n|turn|4\n|\n|t:|1699724533\n|cant|p1a: Nihilego|slp\n|move|p2a: Dudunsparce|Ancient Power|p1a: Nihilego\n|-damage|p1a: Nihilego|85\/100 slp\n|\n|-heal|p1a: Nihilego|91\/100 slp|[from] item: Leftovers\n|upkeep\n|turn|5\n|\n|t:|1699724537\n|cant|p1a: Nihilego|slp\n|move|p2a: Dudunsparce|Yawn||[still]\n|-fail|p2a: Dudunsparce\n|\n|-heal|p1a: Nihilego|97\/100 slp|[from] item: Leftovers\n|upkeep\n|turn|6\n|\n|t:|1699724544\n|-curestatus|p1a: Nihilego|slp|[msg]\n|move|p1a: Nihilego|Sludge Wave|p2a: Dudunsparce\n|-damage|p2a: Dudunsparce|50\/100\n|move|p2a: Dudunsparce|Ancient Power|p1a: Nihilego\n|-damage|p1a: Nihilego|86\/100\n|-boost|p2a: Dudunsparce|atk|1\n|-boost|p2a: Dudunsparce|def|1\n|-boost|p2a: Dudunsparce|spa|1\n|-boost|p2a: Dudunsparce|spd|1\n|-boost|p2a: Dudunsparce|spe|1\n|\n|-heal|p1a: Nihilego|92\/100|[from] item: Leftovers\n|-heal|p2a: Dudunsparce|56\/100|[from] item: Leftovers\n|upkeep\n|turn|7\n|\n|t:|1699724553\n|move|p1a: Nihilego|Sludge Wave|p2a: Dudunsparce\n|-damage|p2a: Dudunsparce|25\/100\n|-status|p2a: Dudunsparce|psn\n|move|p2a: Dudunsparce|Yawn|p1a: Nihilego\n|-start|p1a: Nihilego|move: Yawn|[of] p2a: Dudunsparce\n|\n|-heal|p1a: Nihilego|99\/100|[from] item: Leftovers\n|-heal|p2a: Dudunsparce|31\/100 psn|[from] item: Leftovers\n|-damage|p2a: Dudunsparce|19\/100 psn|[from] psn\n|upkeep\n|turn|8\n|\n|t:|1699724558\n|move|p1a: Nihilego|Sludge Wave|p2a: Dudunsparce\n|-damage|p2a: Dudunsparce|0 fnt\n|faint|p2a: Dudunsparce\n|-ability|p1a: Nihilego|Beast Boost|boost\n|-boost|p1a: Nihilego|spa|1\n|\n|-heal|p1a: Nihilego|100\/100|[from] item: Leftovers\n|-end|p1a: Nihilego|move: Yawn|[silent]\n|-status|p1a: Nihilego|slp\n|upkeep\n|\n|t:|1699724568\n|switch|p2a: Jirachi|Jirachi|100\/100\n|-damage|p2a: Jirachi|94\/100|[from] Stealth Rock\n|turn|9\n|\n|t:|1699724582\n|move|p2a: Jirachi|Ancient Power|p1a: Nihilego\n|-damage|p1a: Nihilego|89\/100 slp\n|cant|p1a: Nihilego|slp\n|\n|-heal|p2a: Jirachi|100\/100|[from] item: Leftovers\n|-heal|p1a: Nihilego|95\/100 slp|[from] item: Leftovers\n|upkeep\n|turn|10\n|\n|t:|1699724585\n|move|p2a: Jirachi|Ancient Power|p1a: Nihilego\n|-damage|p1a: Nihilego|83\/100 slp\n|cant|p1a: Nihilego|slp\n|\n|-heal|p1a: Nihilego|90\/100 slp|[from] item: Leftovers\n|upkeep\n|turn|11\n|\n|t:|1699724587\n|move|p2a: Jirachi|Iron Head|p1a: Nihilego\n|-supereffective|p1a: Nihilego\n|-damage|p1a: Nihilego|0 fnt\n|faint|p1a: Nihilego\n|\n|upkeep\n|\n|t:|1699724598\n|switch|p1a: Entei|Entei|100\/100\n|-damage|p1a: Entei|75\/100|[from] Stealth Rock\n|turn|12\n|\n|t:|1699724617\n|move|p2a: Jirachi|Iron Head|p1a: Entei\n|-resisted|p1a: Entei\n|-crit|p1a: Entei\n|-damage|p1a: Entei|54\/100\n|move|p1a: Entei|Substitute|p1a: Entei\n|-start|p1a: Entei|Substitute\n|-damage|p1a: Entei|29\/100\n|\n|-heal|p1a: Entei|35\/100|[from] item: Leftovers\n|upkeep\n|turn|13\n|\n|t:|1699724625\n|move|p2a: Jirachi|Ancient Power|p1a: Entei\n|-supereffective|p1a: Entei\n|-end|p1a: Entei|Substitute\n|move|p1a: Entei|Sacred Fire|p2a: Jirachi\n|-supereffective|p2a: Jirachi\n|-damage|p2a: Jirachi|0 fnt\n|faint|p2a: Jirachi\n|\n|-heal|p1a: Entei|42\/100|[from] item: Leftovers\n|upkeep\n|\n|t:|1699724628\n|switch|p2a: Togekiss|Togekiss, M|100\/100\n|-damage|p2a: Togekiss|76\/100|[from] Stealth Rock\n|turn|14\n|\n|t:|1699724634\n|move|p2a: Togekiss|Air Slash|p1a: Entei\n|-damage|p1a: Entei|11\/100\n|move|p1a: Entei|Substitute|p1a: Entei\n|-fail|p1a: Entei|move: Substitute|[weak]\n|\n|-heal|p1a: Entei|17\/100|[from] item: Leftovers\n|upkeep\n|turn|15\n|\n|t:|1699724640\n|move|p1a: Entei|Extreme Speed|p2a: Togekiss\n|-damage|p2a: Togekiss|48\/100\n|move|p2a: Togekiss|Air Slash|p1a: Entei\n|-damage|p1a: Entei|0 fnt\n|faint|p1a: Entei\n|\n|upkeep\n|\n|t:|1699724647\n|switch|p1a: Celesteela|Celesteela|100\/100\n|-damage|p1a: Celesteela|88\/100|[from] Stealth Rock\n|turn|16\n|\n|t:|1699724655\n|move|p2a: Togekiss|Air Slash|p1a: Celesteela\n|-resisted|p1a: Celesteela\n|-damage|p1a: Celesteela|75\/100\n|move|p1a: Celesteela|Meteor Beam||[still]\n|-prepare|p1a: Celesteela|Meteor Beam\n|-boost|p1a: Celesteela|spa|1\n|-enditem|p1a: Celesteela|Power Herb\n|-anim|p1a: Celesteela|Meteor Beam|p2a: Togekiss\n|-supereffective|p2a: Togekiss\n|-damage|p2a: Togekiss|0 fnt\n|faint|p2a: Togekiss\n|-ability|p1a: Celesteela|Beast Boost|boost\n|-boost|p1a: Celesteela|spa|1\n|\n|upkeep\n|\n|t:|1699724670\n|switch|p2a: Chansey|Chansey, F|100\/100\n|-damage|p2a: Chansey|88\/100|[from] Stealth Rock\n|-status|p2a: Chansey|psn\n|turn|17\n|\n|t:|1699724678\n|move|p1a: Celesteela|Air Slash|p2a: Chansey\n|-damage|p2a: Chansey|64\/100 psn\n|move|p2a: Chansey|Body Slam|p1a: Celesteela\n|-resisted|p1a: Celesteela\n|-damage|p1a: Celesteela|72\/100\n|-status|p1a: Celesteela|par\n|\n|-damage|p2a: Chansey|52\/100 psn|[from] psn\n|upkeep\n|turn|18\n|\n|t:|1699724684\n|move|p2a: Chansey|Seismic Toss|p1a: Celesteela\n|-damage|p1a: Celesteela|42\/100 par\n|move|p1a: Celesteela|Air Slash|p2a: Chansey\n|-damage|p2a: Chansey|31\/100 psn\n|\n|-damage|p2a: Chansey|18\/100 psn|[from] psn\n|upkeep\n|turn|19\n|\n|t:|1699724689\n|move|p2a: Chansey|Soft-Boiled|p2a: Chansey\n|-heal|p2a: Chansey|68\/100 psn\n|move|p1a: Celesteela|Air Slash|p2a: Chansey\n|-damage|p2a: Chansey|47\/100 psn\n|\n|-damage|p2a: Chansey|34\/100 psn|[from] psn\n|upkeep\n|turn|20\n|\n|t:|1699724692\n|move|p2a: Chansey|Soft-Boiled|p2a: Chansey\n|-heal|p2a: Chansey|85\/100 psn\n|move|p1a: Celesteela|Air Slash|p2a: Chansey\n|-damage|p2a: Chansey|62\/100 psn\n|\n|-damage|p2a: Chansey|49\/100 psn|[from] psn\n|upkeep\n|turn|21\n|\n|t:|1699724694\n|move|p2a: Chansey|Soft-Boiled|p2a: Chansey\n|-heal|p2a: Chansey|99\/100 psn\n|cant|p1a: Celesteela|par\n|\n|-damage|p2a: Chansey|87\/100 psn|[from] psn\n|upkeep\n|turn|22\n|\n|t:|1699724697\n|move|p2a: Chansey|Seismic Toss|p1a: Celesteela\n|-damage|p1a: Celesteela|12\/100 par\n|move|p1a: Celesteela|Air Slash|p2a: Chansey\n|-damage|p2a: Chansey|63\/100 psn\n|\n|-damage|p2a: Chansey|51\/100 psn|[from] psn\n|upkeep\n|turn|23\n|\n|t:|1699724699\n|move|p2a: Chansey|Seismic Toss|p1a: Celesteela\n|-damage|p1a: Celesteela|0 fnt\n|faint|p1a: Celesteela\n|\n|-damage|p2a: Chansey|38\/100 psn|[from] psn\n|upkeep\n|\n|t:|1699724705\n|switch|p1a: Banette|Banette, M|100\/100\n|-damage|p1a: Banette|88\/100|[from] Stealth Rock\n|-item|p2a: Chansey|Eviolite|[from] ability: Frisk|[of] p1a: Banette|[identify]\n|turn|24\n|\n|t:|1699724707\n|detailschange|p1a: Banette|Banette-Mega, M\n|-mega|p1a: Banette|Banette|Banettite\n|move|p1a: Banette|Swords Dance|p1a: Banette\n|-boost|p1a: Banette|atk|2\n|move|p2a: Chansey|Soft-Boiled|p2a: Chansey\n|-heal|p2a: Chansey|89\/100 psn\n|\n|-damage|p2a: Chansey|76\/100 psn|[from] psn\n|upkeep\n|turn|25\n|\n|t:|1699724715\n|move|p1a: Banette|Sucker Punch||[still]\n|-fail|p1a: Banette\n|move|p2a: Chansey|Toxic|p1a: Banette\n|-status|p1a: Banette|tox\n|\n|-damage|p1a: Banette|82\/100 tox|[from] psn\n|-damage|p2a: Chansey|64\/100 psn|[from] psn\n|upkeep\n|turn|26\n|\n|t:|1699724722\n|switch|p2a: Sawsbuck|Sawsbuck, F|100\/100\n|-damage|p2a: Sawsbuck|88\/100|[from] Stealth Rock\n|-status|p2a: Sawsbuck|psn\n|move|p1a: Banette|Swords Dance|p1a: Banette\n|-boost|p1a: Banette|atk|2\n|\n|-damage|p2a: Sawsbuck|76\/100 psn|[from] psn\n|-damage|p1a: Banette|70\/100 tox|[from] psn\n|upkeep\n|turn|27\n|\n|t:|1699724729\n|move|p1a: Banette|Sucker Punch|p2a: Sawsbuck\n|-damage|p2a: Sawsbuck|0 fnt\n|faint|p2a: Sawsbuck\n|\n|-damage|p1a: Banette|53\/100 tox|[from] psn\n|upkeep\n|\n|t:|1699724731\n|switch|p2a: Meloetta|Meloetta|100\/100\n|-damage|p2a: Meloetta|88\/100|[from] Stealth Rock\n|-status|p2a: Meloetta|psn\n|turn|28\n|\n|t:|1699724738\n|switch|p2a: Chansey|Chansey, F|64\/100 psn\n|-damage|p2a: Chansey|51\/100 psn|[from] Stealth Rock\n|move|p1a: Banette|Sucker Punch||[still]\n|-fail|p1a: Banette\n|\n|-damage|p1a: Banette|29\/100 tox|[from] psn\n|-damage|p2a: Chansey|39\/100 psn|[from] psn\n|upkeep\n|turn|29\n|\n|t:|1699724749\n|switch|p1a: Kartana|Kartana|100\/100\n|-damage|p1a: Kartana|94\/100|[from] Stealth Rock\n|move|p2a: Chansey|Soft-Boiled|p2a: Chansey\n|-heal|p2a: Chansey|89\/100 psn\n|\n|-damage|p2a: Chansey|77\/100 psn|[from] psn\n|upkeep\n|turn|30\n|\n|t:|1699724758\n|move|p1a: Kartana|Swords Dance|p1a: Kartana\n|-boost|p1a: Kartana|atk|2\n|move|p2a: Chansey|Body Slam|p1a: Kartana\n|-resisted|p1a: Kartana\n|-damage|p1a: Kartana|91\/100\n|-status|p1a: Kartana|par\n|\n|-damage|p2a: Chansey|64\/100 psn|[from] psn\n|upkeep\n|turn|31\n|\n|t:|1699724763\n|move|p1a: Kartana|Sacred Sword|p2a: Chansey\n|-supereffective|p2a: Chansey\n|-damage|p2a: Chansey|0 fnt\n|faint|p2a: Chansey\n|-ability|p1a: Kartana|Beast Boost|boost\n|-boost|p1a: Kartana|atk|1\n|\n|upkeep\n|\n|t:|1699724765\n|switch|p2a: Meloetta|Meloetta|88\/100 psn\n|-damage|p2a: Meloetta|76\/100 psn|[from] Stealth Rock\n|turn|32\n|\n|t:|1699724779\n|-terastallize|p2a: Meloetta|Fairy\n|move|p2a: Meloetta|Shadow Ball|p1a: Kartana\n|-damage|p1a: Kartana|0 fnt\n|faint|p1a: Kartana\n|-damage|p2a: Meloetta|66\/100 psn|[from] item: Life Orb\n|\n|-damage|p2a: Meloetta|54\/100 psn|[from] psn\n|upkeep\n|\n|t:|1699724786\n|switch|p1a: Banette|Banette-Mega, M|29\/100 tox\n|-damage|p1a: Banette|16\/100 tox|[from] Stealth Rock\n|turn|33\n|\n|t:|1699724794\n|move|p1a: Banette|Destiny Bond|p1a: Banette\n|-singlemove|p1a: Banette|Destiny Bond\n|move|p2a: Meloetta|Shadow Ball|p1a: Banette\n|-supereffective|p1a: Banette\n|-damage|p1a: Banette|0 fnt\n|faint|p1a: Banette\n|-activate|p1a: Banette|move: Destiny Bond\n|faint|p2a: Meloetta\n|\n|win|Fealieya\n|raw|Fealieya's rating: 1088 &rarr; <strong>1108<\/strong><br \/>(+20 for winning)\n|raw|homey chrisp's rating: 1000 &rarr; <strong>1000<\/strong><br \/>(+0 for losing)\n|l|\u203dhomey chrisp\n","uploadtime":1699724800,"views":5,"p1id":"fealieya","p2id":"homeychrisp","formatid":"gen9nationaldex","rating":1000,"private":0,"password":""}