{"id":"gen9nationaldex-1999955318","p1":"PsychicMaster8","p2":"awesomesamuel","format":"[Gen 9] National Dex","log":"|html|<div class=\"broadcast-blue\"><strong>[Gen 9] National Dex is currently suspecting Sneasler! For information on how to participate check out the <a href=\"https:\/\/www.smogon.com\/forums\/threads\/sv-national-dex-suspect-8-just-dance.3731534\/\">suspect thread<\/a>.<\/strong><\/div>\n|j|\u2606PsychicMaster8\n|j|\u2606awesomesamuel\n|t:|1701134244\n|gametype|singles\n|player|p1|PsychicMaster8|red|\n|player|p2|awesomesamuel|bugcatcher-gen4dp|\n|teamsize|p1|6\n|teamsize|p2|6\n|gen|9\n|tier|[Gen 9] National Dex\n|rule|HP Percentage Mod: HP is shown in percentages\n|rule|Endless Battle Clause: Forcing endless battles is banned\n|rule|OHKO Clause: OHKO moves are banned\n|rule|Evasion Clause: Evasion abilities, items, and moves are banned\n|rule|Evasion Abilities Clause: Evasion abilities are banned\n|rule|Evasion Items Clause: Evasion items are banned\n|rule|Evasion Moves Clause: Evasion moves are banned\n|rule|Species Clause: Limit one of each Pok\u00e9mon\n|rule|Sleep Clause Mod: Limit one foe put to sleep\n|clearpoke\n|poke|p1|Ferrothorn, M|\n|poke|p1|Heatran, F|\n|poke|p1|Landorus-Therian, M|\n|poke|p1|Latias, F|\n|poke|p1|Marowak-Alola, M|\n|poke|p1|Iron Valiant|\n|poke|p2|Volcarona, F|\n|poke|p2|Iron Moth|\n|poke|p2|Slither Wing|\n|poke|p2|Scizor, F|\n|poke|p2|Volbeat, M|\n|poke|p2|Araquanid, F|\n|teampreview\n|\n|t:|1701134256\n|start\n|switch|p1a: Volcano Thing|Heatran, F, shiny|100\/100\n|switch|p2a: The rising sun|Slither Wing|100\/100\n|turn|1\n|\n|t:|1701134286\n|switch|p1a: Flying Quad|Landorus-Therian, M, shiny|100\/100\n|-ability|p1a: Flying Quad|Intimidate|boost\n|-unboost|p2a: The rising sun|atk|1\n|move|p2a: The rising sun|Close Combat|p1a: Flying Quad\n|-resisted|p1a: Flying Quad\n|-damage|p1a: Flying Quad|86\/100\n|-unboost|p2a: The rising sun|def|1\n|-unboost|p2a: The rising sun|spd|1\n|-damage|p2a: The rising sun|84\/100|[from] item: Rocky Helmet|[of] p1a: Flying Quad\n|\n|upkeep\n|turn|2\n|\n|t:|1701134299\n|-end|p2a: The rising sun|Protosynthesis|[silent]\n|switch|p2a: Mandjet|Volbeat, M|100\/100\n|move|p1a: Flying Quad|Earthquake|p2a: Mandjet\n|-resisted|p2a: Mandjet\n|-damage|p2a: Mandjet|68\/100\n|\n|upkeep\n|turn|3\n|\n|t:|1701134325\n|move|p2a: Mandjet|Encore|p1a: Flying Quad\n|-start|p1a: Flying Quad|Encore\n|move|p1a: Flying Quad|Earthquake|p2a: Mandjet\n|-resisted|p2a: Mandjet\n|-damage|p2a: Mandjet|36\/100\n|\n|upkeep\n|turn|4\n|\n|t:|1701134330\n|move|p2a: Mandjet|Sunny Day|p2a: Mandjet\n|-weather|SunnyDay\n|move|p1a: Flying Quad|Earthquake|p2a: Mandjet\n|-resisted|p2a: Mandjet\n|-damage|p2a: Mandjet|4\/100\n|\n|-weather|SunnyDay|[upkeep]\n|upkeep\n|turn|5\n|\n|t:|1701134336\n|move|p1a: Flying Quad|Earthquake|p2a: Mandjet\n|-resisted|p2a: Mandjet\n|-damage|p2a: Mandjet|0 fnt\n|faint|p2a: Mandjet\n|\n|-weather|SunnyDay|[upkeep]\n|-end|p1a: Flying Quad|Encore\n|upkeep\n|\n|t:|1701134340\n|switch|p2a: Winged Drgon of Ra|Volcarona, F, shiny|100\/100\n|turn|6\n|\n|t:|1701134344\n|move|p2a: Winged Drgon of Ra|Quiver Dance|p2a: Winged Drgon of Ra\n|-boost|p2a: Winged Drgon of Ra|spa|1\n|-boost|p2a: Winged Drgon of Ra|spd|1\n|-boost|p2a: Winged Drgon of Ra|spe|1\n|move|p1a: Flying Quad|Earthquake|p2a: Winged Drgon of Ra\n|-damage|p2a: Winged Drgon of Ra|21\/100\n|\n|-weather|SunnyDay|[upkeep]\n|upkeep\n|turn|7\n|\n|t:|1701134413\n|move|p2a: Winged Drgon of Ra|Fire Blast|p1a: Flying Quad\n|-damage|p1a: Flying Quad|0 fnt\n|faint|p1a: Flying Quad\n|\n|-weather|SunnyDay|[upkeep]\n|upkeep\n|\n|t:|1701134418\n|switch|p1a: Volcano Thing|Heatran, F, shiny|100\/100\n|turn|8\n|\n|t:|1701134443\n|move|p2a: Winged Drgon of Ra|Bug Buzz|p1a: Volcano Thing\n|-resisted|p1a: Volcano Thing\n|-damage|p1a: Volcano Thing|83\/100\n|-unboost|p1a: Volcano Thing|spd|1\n|move|p1a: Volcano Thing|Magma Storm|p2a: Winged Drgon of Ra\n|-damage|p2a: Winged Drgon of Ra|0 fnt\n|faint|p2a: Winged Drgon of Ra\n|\n|-weather|SunnyDay|[upkeep]\n|-heal|p1a: Volcano Thing|89\/100|[from] item: Leftovers\n|upkeep\n|\n|t:|1701134448\n|switch|p2a: The rising sun|Slither Wing|84\/100\n|-activate|p2a: The rising sun|ability: Protosynthesis\n|-start|p2a: The rising sun|protosynthesisatk\n|turn|9\n|\n|t:|1701134457\n|switch|p1a: New and improved|Marowak-Alola, M, shiny|100\/100\n|move|p2a: The rising sun|High Horsepower|p1a: New and improved\n|-supereffective|p1a: New and improved\n|-damage|p1a: New and improved|0 fnt\n|faint|p1a: New and improved\n|\n|-weather|SunnyDay|[upkeep]\n|upkeep\n|\n|t:|1701134469\n|switch|p1a: gold Eon Jet|Latias, F, shiny|100\/100\n|turn|10\n|\n|t:|1701134475\n|-end|p2a: The rising sun|Protosynthesis|[silent]\n|switch|p2a: Eclipse|Araquanid, F, shiny|100\/100\n|detailschange|p1a: gold Eon Jet|Latias-Mega, F, shiny\n|-mega|p1a: gold Eon Jet|Latias|Latiasite\n|move|p1a: gold Eon Jet|Psychic|p2a: Eclipse\n|-damage|p2a: Eclipse|73\/100\n|\n|-weather|SunnyDay|[upkeep]\n|upkeep\n|turn|11\n|\n|t:|1701134485\n|move|p1a: gold Eon Jet|Calm Mind|p1a: gold Eon Jet\n|-boost|p1a: gold Eon Jet|spa|1\n|-boost|p1a: gold Eon Jet|spd|1\n|move|p2a: Eclipse|Sticky Web|p1a: gold Eon Jet\n|-sidestart|p1: PsychicMaster8|move: Sticky Web\n|\n|-weather|none\n|upkeep\n|turn|12\n|\n|t:|1701134490\n|move|p1a: gold Eon Jet|Calm Mind|p1a: gold Eon Jet\n|-boost|p1a: gold Eon Jet|spa|1\n|-boost|p1a: gold Eon Jet|spd|1\n|move|p2a: Eclipse|Leech Life|p1a: gold Eon Jet\n|-supereffective|p1a: gold Eon Jet\n|-damage|p1a: gold Eon Jet|69\/100\n|-heal|p2a: Eclipse|90\/100|[from] drain|[of] p1a: gold Eon Jet\n|\n|upkeep\n|turn|13\n|\n|t:|1701134502\n|move|p1a: gold Eon Jet|Calm Mind|p1a: gold Eon Jet\n|-boost|p1a: gold Eon Jet|spa|1\n|-boost|p1a: gold Eon Jet|spd|1\n|move|p2a: Eclipse|Leech Life|p1a: gold Eon Jet\n|-supereffective|p1a: gold Eon Jet\n|-damage|p1a: gold Eon Jet|35\/100\n|-heal|p2a: Eclipse|100\/100|[from] drain|[of] p1a: gold Eon Jet\n|\n|upkeep\n|turn|14\n|\n|t:|1701134509\n|move|p1a: gold Eon Jet|Roost|p1a: gold Eon Jet\n|-heal|p1a: gold Eon Jet|86\/100\n|-singleturn|p1a: gold Eon Jet|move: Roost\n|move|p2a: Eclipse|Leech Life|p1a: gold Eon Jet\n|-supereffective|p1a: gold Eon Jet\n|-damage|p1a: gold Eon Jet|53\/100\n|\n|upkeep\n|turn|15\n|\n|t:|1701134515\n|move|p1a: gold Eon Jet|Psychic|p2a: Eclipse\n|-damage|p2a: Eclipse|33\/100\n|move|p2a: Eclipse|Toxic|p1a: gold Eon Jet\n|-status|p1a: gold Eon Jet|tox\n|\n|-damage|p1a: gold Eon Jet|47\/100 tox|[from] psn\n|upkeep\n|turn|16\n|\n|t:|1701134521\n|move|p1a: gold Eon Jet|Psychic|p2a: Eclipse\n|-damage|p2a: Eclipse|0 fnt\n|faint|p2a: Eclipse\n|\n|-damage|p1a: gold Eon Jet|34\/100 tox|[from] psn\n|upkeep\n|\n|t:|1701134526\n|switch|p2a: The rising sun|Slither Wing|84\/100\n|turn|17\n|\n|t:|1701134529\n|move|p2a: The rising sun|Leech Life|p1a: gold Eon Jet\n|-supereffective|p1a: gold Eon Jet\n|-damage|p1a: gold Eon Jet|0 fnt\n|-heal|p2a: The rising sun|100\/100|[from] drain|[of] p1a: gold Eon Jet\n|faint|p1a: gold Eon Jet\n|\n|upkeep\n|\n|t:|1701134534\n|switch|p1a: Gardlade|Iron Valiant, shiny|100\/100\n|-activate|p1a: Gardlade|move: Sticky Web\n|-unboost|p1a: Gardlade|spe|1\n|-enditem|p1a: Gardlade|Booster Energy\n|-activate|p1a: Gardlade|ability: Quark Drive|[fromitem]\n|-start|p1a: Gardlade|quarkdrivespa\n|turn|18\n|\n|t:|1701134542\n|-end|p2a: The rising sun|Protosynthesis|[silent]\n|switch|p2a: Sphere form|Scizor, F|100\/100\n|move|p1a: Gardlade|Moonblast|p2a: Sphere form\n|-resisted|p2a: Sphere form\n|-damage|p2a: Sphere form|67\/100\n|\n|upkeep\n|turn|19\n|\n|t:|1701134553\n|-end|p1a: Gardlade|Quark Drive|[silent]\n|switch|p1a: Volcano Thing|Heatran, F, shiny|89\/100\n|-activate|p1a: Volcano Thing|move: Sticky Web\n|-unboost|p1a: Volcano Thing|spe|1\n|detailschange|p2a: Sphere form|Scizor-Mega, F\n|-mega|p2a: Sphere form|Scizor|Scizorite\n|move|p2a: Sphere form|Bullet Punch|p1a: Volcano Thing\n|-resisted|p1a: Volcano Thing\n|-damage|p1a: Volcano Thing|82\/100\n|\n|-heal|p1a: Volcano Thing|88\/100|[from] item: Leftovers\n|upkeep\n|turn|20\n|\n|t:|1701134563\n|move|p2a: Sphere form|Bullet Punch|p1a: Volcano Thing\n|-resisted|p1a: Volcano Thing\n|-damage|p1a: Volcano Thing|81\/100\n|move|p1a: Volcano Thing|Magma Storm|p2a: Sphere form\n|-supereffective|p2a: Sphere form\n|-damage|p2a: Sphere form|0 fnt\n|faint|p2a: Sphere form\n|\n|-heal|p1a: Volcano Thing|87\/100|[from] item: Leftovers\n|upkeep\n|\n|t:|1701134564\n|switch|p2a: The rising sun|Slither Wing|100\/100\n|turn|21\n|\n|t:|1701134582\n|switch|p1a: Thorny|Ferrothorn, M, shiny|100\/100\n|-activate|p1a: Thorny|move: Sticky Web\n|-unboost|p1a: Thorny|spe|1\n|-terastallize|p2a: The rising sun|Fighting\n|move|p2a: The rising sun|Close Combat|p1a: Thorny\n|-supereffective|p1a: Thorny\n|-damage|p1a: Thorny|0 fnt\n|-unboost|p2a: The rising sun|def|1\n|-unboost|p2a: The rising sun|spd|1\n|-damage|p2a: The rising sun|88\/100|[from] ability: Iron Barbs|[of] p1a: Thorny\n|faint|p1a: Thorny\n|\n|upkeep\n|\n|t:|1701134593\n|switch|p1a: Gardlade|Iron Valiant, shiny|100\/100\n|-activate|p1a: Gardlade|move: Sticky Web\n|-unboost|p1a: Gardlade|spe|1\n|turn|22\n|\n|t:|1701134613\n|-end|p2a: The rising sun|Protosynthesis|[silent]\n|switch|p2a: The setting sun|Iron Moth|100\/100\n|-enditem|p2a: The setting sun|Booster Energy\n|-activate|p2a: The setting sun|ability: Quark Drive|[fromitem]\n|-start|p2a: The setting sun|quarkdrivespe\n|move|p1a: Gardlade|Psychic|p2a: The setting sun\n|-supereffective|p2a: The setting sun\n|-damage|p2a: The setting sun|53\/100\n|\n|upkeep\n|turn|23\n|\n|t:|1701134621\n|-end|p1a: Gardlade|Quark Drive|[silent]\n|switch|p1a: Volcano Thing|Heatran, F, shiny|87\/100\n|-activate|p1a: Volcano Thing|move: Sticky Web\n|-unboost|p1a: Volcano Thing|spe|1\n|move|p2a: The setting sun|Discharge|p1a: Volcano Thing\n|-crit|p1a: Volcano Thing\n|-damage|p1a: Volcano Thing|49\/100\n|-status|p1a: Volcano Thing|par\n|\n|-heal|p1a: Volcano Thing|56\/100 par|[from] item: Leftovers\n|upkeep\n|turn|24\n|\n|t:|1701134630\n|move|p2a: The setting sun|Discharge|p1a: Volcano Thing\n|-damage|p1a: Volcano Thing|27\/100 par\n|move|p1a: Volcano Thing|Magma Storm|p2a: The setting sun\n|-resisted|p2a: The setting sun\n|-damage|p2a: The setting sun|27\/100\n|-activate|p2a: The setting sun|move: Magma Storm|[of] p1a: Volcano Thing\n|\n|-heal|p1a: Volcano Thing|33\/100 par|[from] item: Leftovers\n|-damage|p2a: The setting sun|15\/100|[from] move: Magma Storm|[partiallytrapped]\n|upkeep\n|turn|25\n|\n|t:|1701134640\n|move|p2a: The setting sun|Discharge|p1a: Volcano Thing\n|-damage|p1a: Volcano Thing|7\/100 par\n|move|p1a: Volcano Thing|Earth Power|p2a: The setting sun\n|-supereffective|p2a: The setting sun\n|-damage|p2a: The setting sun|0 fnt\n|faint|p2a: The setting sun\n|-end|p2a: The setting sun|Quark Drive|[silent]\n|\n|-heal|p1a: Volcano Thing|13\/100 par|[from] item: Leftovers\n|upkeep\n|\n|t:|1701134641\n|switch|p2a: The rising sun|Slither Wing, tera:Fighting|88\/100\n|turn|26\n|\n|t:|1701134651\n|move|p2a: The rising sun|Close Combat|p1a: Volcano Thing\n|-supereffective|p1a: Volcano Thing\n|-damage|p1a: Volcano Thing|0 fnt\n|-unboost|p2a: The rising sun|def|1\n|-unboost|p2a: The rising sun|spd|1\n|faint|p1a: Volcano Thing\n|\n|upkeep\n|\n|t:|1701134657\n|switch|p1a: Gardlade|Iron Valiant, shiny|100\/100\n|-activate|p1a: Gardlade|move: Sticky Web\n|-unboost|p1a: Gardlade|spe|1\n|turn|27\n|\n|t:|1701134663\n|move|p2a: The rising sun|Close Combat|p1a: Gardlade\n|-resisted|p1a: Gardlade\n|-damage|p1a: Gardlade|50\/100\n|-unboost|p2a: The rising sun|def|1\n|-unboost|p2a: The rising sun|spd|1\n|move|p1a: Gardlade|Moonblast|p2a: The rising sun\n|-supereffective|p2a: The rising sun\n|-damage|p2a: The rising sun|0 fnt\n|faint|p2a: The rising sun\n|-end|p2a: The rising sun|Protosynthesis|[silent]\n|\n|win|PsychicMaster8\n|c|\u2606awesomesamuel|gg!\n|c|\u2606PsychicMaster8|gg\n|l|\u2606awesomesamuel\n","uploadtime":1701134698,"views":3,"p1id":"psychicmaster8","p2id":"awesomesamuel","formatid":"gen9nationaldex","rating":0,"private":0,"password":""}