{"id":"gen9nationaldex-1995075160","p1":"Amshell","p2":"johim","format":"[Gen 9] National Dex","log":"|html|<div class=\"broadcast-blue\"><strong>[Gen 9] National Dex is currently suspecting Sneasler! For information on how to participate check out the <a href=\"https:\/\/www.smogon.com\/forums\/threads\/sv-national-dex-suspect-8-just-dance.3731534\/\">suspect thread<\/a>.<\/strong><\/div>\n|j|\u2606Amshell\n|j|\u2606johim\n|t:|1700519823\n|gametype|singles\n|player|p1|Amshell|ethan|1083\n|player|p2|johim|riley|1204\n|teamsize|p1|6\n|teamsize|p2|6\n|gen|9\n|tier|[Gen 9] National Dex\n|rated|\n|rule|HP Percentage Mod: HP is shown in percentages\n|rule|Endless Battle Clause: Forcing endless battles is banned\n|rule|OHKO Clause: OHKO moves are banned\n|rule|Evasion Clause: Evasion abilities, items, and moves are banned\n|rule|Evasion Abilities Clause: Evasion abilities are banned\n|rule|Evasion Items Clause: Evasion items are banned\n|rule|Evasion Moves Clause: Evasion moves are banned\n|rule|Species Clause: Limit one of each Pok\u00e9mon\n|rule|Sleep Clause Mod: Limit one foe put to sleep\n|clearpoke\n|poke|p1|Decidueye, M|\n|poke|p1|Ribombee, M|\n|poke|p1|Oricorio, F|\n|poke|p1|Raichu-Alola, M|\n|poke|p1|Lycanroc-Midnight, M|\n|poke|p1|Salazzle, F|\n|poke|p2|Charizard, M|\n|poke|p2|Rhydon, M|\n|poke|p2|Cloyster, M|\n|poke|p2|Crobat, M|\n|poke|p2|Magneton|\n|poke|p2|Hitmonlee, M|\n|teampreview\n|inactive|Battle timer is ON: inactive players will automatically lose when time's up. (requested by Amshell)\n|\n|t:|1700519834\n|start\n|switch|p1a: Ribombee|Ribombee, M|100\/100\n|switch|p2a: Hitmonlee|Hitmonlee, M|100\/100\n|turn|1\n|\n|t:|1700519842\n|move|p1a: Ribombee|Sticky Web|p2a: Hitmonlee\n|-sidestart|p2: johim|move: Sticky Web\n|move|p2a: Hitmonlee|Rapid Spin|p1a: Ribombee\n|-damage|p1a: Ribombee|67\/100\n|-boost|p2a: Hitmonlee|spe|1\n|-sideend|p2: johim|Sticky Web|[from] move: Rapid Spin|[of] p2a: Hitmonlee\n|\n|upkeep\n|turn|2\n|\n|t:|1700519850\n|move|p2a: Hitmonlee|Stone Edge|p1a: Ribombee\n|-supereffective|p1a: Ribombee\n|-damage|p1a: Ribombee|0 fnt\n|faint|p1a: Ribombee\n|\n|upkeep\n|\n|t:|1700519856\n|switch|p1a: Raichu|Raichu-Alola, M|100\/100\n|turn|3\n|\n|t:|1700519874\n|move|p2a: Hitmonlee|Rapid Spin|p1a: Raichu\n|-damage|p1a: Raichu|62\/100\n|-boost|p2a: Hitmonlee|spe|1\n|move|p1a: Raichu|Psychic|p2a: Hitmonlee\n|-supereffective|p2a: Hitmonlee\n|-damage|p2a: Hitmonlee|5\/100\n|\n|-heal|p1a: Raichu|68\/100|[from] item: Leftovers\n|upkeep\n|turn|4\n|\n|t:|1700519886\n|switch|p1a: Salazzle|Salazzle, F|100\/100\n|move|p2a: Hitmonlee|Stone Edge|p1a: Salazzle|[miss]\n|-miss|p2a: Hitmonlee|p1a: Salazzle\n|\n|upkeep\n|turn|5\n|\n|t:|1700519895\n|move|p1a: Salazzle|Fake Out|p2a: Hitmonlee\n|-damage|p2a: Hitmonlee|0 fnt\n|faint|p2a: Hitmonlee\n|\n|upkeep\n|\n|t:|1700519902\n|switch|p2a: Charizard|Charizard, M|100\/100\n|turn|6\n|\n|t:|1700519909\n|detailschange|p2a: Charizard|Charizard-Mega-Y, M\n|-mega|p2a: Charizard|Charizard|Charizardite Y\n|-weather|SunnyDay|[from] ability: Drought|[of] p2a: Charizard\n|move|p1a: Salazzle|Toxic|p2a: Charizard\n|-status|p2a: Charizard|tox\n|move|p2a: Charizard|Scorching Sands|p1a: Salazzle\n|-supereffective|p1a: Salazzle\n|-damage|p1a: Salazzle|0 fnt\n|faint|p1a: Salazzle\n|\n|-weather|SunnyDay|[upkeep]\n|-damage|p2a: Charizard|94\/100 tox|[from] psn\n|upkeep\n|\n|t:|1700519924\n|switch|p1a: Oricorio|Oricorio, F|100\/100\n|turn|7\n|\n|t:|1700519929\n|move|p2a: Charizard|Ancient Power|p1a: Oricorio\n|-supereffective|p1a: Oricorio\n|-damage|p1a: Oricorio|0 fnt\n|faint|p1a: Oricorio\n|\n|-weather|SunnyDay|[upkeep]\n|-damage|p2a: Charizard|82\/100 tox|[from] psn\n|upkeep\n|\n|t:|1700519941\n|switch|p1a: Raichu|Raichu-Alola, M|68\/100\n|turn|8\n|\n|t:|1700519947\n|move|p2a: Charizard|Fire Blast|p1a: Raichu\n|-damage|p1a: Raichu|0 fnt\n|faint|p1a: Raichu\n|\n|-weather|SunnyDay|[upkeep]\n|-damage|p2a: Charizard|64\/100 tox|[from] psn\n|upkeep\n|\n|t:|1700519956\n|switch|p1a: Decidueye|Decidueye, M|100\/100\n|turn|9\n|\n|t:|1700519962\n|move|p2a: Charizard|Fire Blast|p1a: Decidueye\n|-supereffective|p1a: Decidueye\n|-damage|p1a: Decidueye|0 fnt\n|faint|p1a: Decidueye\n|\n|-weather|SunnyDay|[upkeep]\n|-damage|p2a: Charizard|40\/100 tox|[from] psn\n|upkeep\n|\n|t:|1700519973\n|switch|p1a: Lycanroc|Lycanroc-Midnight, M|100\/100\n|turn|10\n|\n|t:|1700519978\n|move|p2a: Charizard|Solar Beam||[still]\n|-prepare|p2a: Charizard|Solar Beam\n|-anim|p2a: Charizard|Solar Beam|p1a: Lycanroc\n|-supereffective|p1a: Lycanroc\n|-damage|p1a: Lycanroc|0 fnt\n|faint|p1a: Lycanroc\n|\n|win|johim\n|raw|Amshell's rating: 1083 &rarr; <strong>1068<\/strong><br \/>(-15 for losing)\n|raw|johim's rating: 1204 &rarr; <strong>1221<\/strong><br \/>(+17 for winning)\n|l|\u2606Amshell\n","uploadtime":1700519990,"views":1,"p1id":"amshell","p2id":"johim","formatid":"gen9nationaldex","rating":1068,"private":0,"password":""}