{"id":"gen9nationaldex-1993810768","p1":"Who Needs Victini","p2":"bxlngsm","format":"[Gen 9] National Dex","log":"|j|\u2606Who Needs Victini\n|j|\u2606bxlngsm\n|t:|1700360125\n|gametype|singles\n|player|p1|Who Needs Victini|265|1442\n|player|p2|bxlngsm|169|1484\n|teamsize|p1|6\n|teamsize|p2|6\n|gen|9\n|tier|[Gen 9] National Dex\n|rated|\n|rule|HP Percentage Mod: HP is shown in percentages\n|rule|Endless Battle Clause: Forcing endless battles is banned\n|rule|OHKO Clause: OHKO moves are banned\n|rule|Evasion Clause: Evasion abilities, items, and moves are banned\n|rule|Evasion Abilities Clause: Evasion abilities are banned\n|rule|Evasion Items Clause: Evasion items are banned\n|rule|Evasion Moves Clause: Evasion moves are banned\n|rule|Species Clause: Limit one of each Pok\u00e9mon\n|rule|Sleep Clause Mod: Limit one foe put to sleep\n|clearpoke\n|poke|p1|Darmanitan, M|\n|poke|p1|Alomomola, M|\n|poke|p1|Zapdos|\n|poke|p1|Slowking-Galar, F|\n|poke|p1|Diancie|\n|poke|p1|Kartana|\n|poke|p2|Banette, F|\n|poke|p2|Samurott-Hisui, M|\n|poke|p2|Indeedee, M|\n|poke|p2|Grafaiai, F|\n|poke|p2|Quaquaval, M|\n|poke|p2|Tinkaton, F|\n|teampreview\n|\n|t:|1700360143\n|start\n|switch|p1a: Diancie|Diancie|100\/100\n|switch|p2a: Tinkaton|Tinkaton, F|100\/100\n|-ability|p2a: Tinkaton|Mold Breaker\n|turn|1\n|\n|t:|1700360155\n|switch|p1a: Zapdos|Zapdos|100\/100\n|move|p2a: Tinkaton|Gigaton Hammer|p1a: Zapdos\n|-resisted|p1a: Zapdos\n|-damage|p1a: Zapdos|85\/100\n|\n|upkeep\n|turn|2\n|\n|t:|1700360167\n|move|p1a: Zapdos|Volt Switch|p2a: Tinkaton\n|-damage|p2a: Tinkaton|74\/100\n|\n|t:|1700360171\n|switch|p1a: Alomomola|Alomomola, M|100\/100|[from] Volt Switch\n|move|p2a: Tinkaton|Knock Off|p1a: Alomomola\n|-damage|p1a: Alomomola|89\/100\n|-enditem|p1a: Alomomola|Heavy-Duty Boots|[from] move: Knock Off|[of] p2a: Tinkaton\n|\n|-heal|p2a: Tinkaton|81\/100|[from] item: Leftovers\n|upkeep\n|turn|3\n|\n|t:|1700360183\n|move|p2a: Tinkaton|Thunder Wave|p1a: Alomomola\n|-status|p1a: Alomomola|par\n|move|p1a: Alomomola|Flip Turn|p2a: Tinkaton\n|-damage|p2a: Tinkaton|67\/100\n|\n|t:|1700360191\n|switch|p1a: Darmanitan|Darmanitan, M|100\/100|[from] Flip Turn\n|\n|-heal|p2a: Tinkaton|73\/100|[from] item: Leftovers\n|upkeep\n|turn|4\n|\n|t:|1700360200\n|switch|p2a: Quaquaval|Quaquaval, M|100\/100\n|move|p1a: Darmanitan|Flare Blitz|p2a: Quaquaval\n|-resisted|p2a: Quaquaval\n|-damage|p2a: Quaquaval|18\/100\n|-damage|p1a: Darmanitan|76\/100|[from] Recoil\n|\n|upkeep\n|turn|5\n|\n|t:|1700360215\n|switch|p1a: Alomomola|Alomomola, M|100\/100 par\n|move|p2a: Quaquaval|Aqua Step|p1a: Alomomola\n|-resisted|p1a: Alomomola\n|-damage|p1a: Alomomola|87\/100 par\n|-boost|p2a: Quaquaval|spe|1\n|\n|upkeep\n|turn|6\n|\n|t:|1700360226\n|move|p2a: Quaquaval|Close Combat|p1a: Alomomola\n|-damage|p1a: Alomomola|49\/100 par\n|-unboost|p2a: Quaquaval|def|1\n|-unboost|p2a: Quaquaval|spd|1\n|move|p1a: Alomomola|Flip Turn|p2a: Quaquaval\n|-resisted|p2a: Quaquaval\n|-crit|p2a: Quaquaval\n|-damage|p2a: Quaquaval|0 fnt\n|faint|p2a: Quaquaval\n|inactive|Battle timer is ON: inactive players will automatically lose when time's up. (requested by bxlngsm)\n|\n|t:|1700360238\n|switch|p1a: Diancie|Diancie|100\/100|[from] Flip Turn\n|\n|upkeep\n|\n|t:|1700360259\n|switch|p2a: Tinkaton|Tinkaton, F|73\/100\n|-ability|p2a: Tinkaton|Mold Breaker\n|turn|7\n|\n|t:|1700360282\n|switch|p2a: Samurott|Samurott-Hisui, M|100\/100\n|switch|p1a: Alomomola|Alomomola, M|82\/100 par\n|\n|upkeep\n|turn|8\n|\n|t:|1700360289\n|move|p2a: Samurott|Ceaseless Edge|p1a: Alomomola\n|-damage|p1a: Alomomola|55\/100 par\n|-sidestart|p1: Who Needs Victini|Spikes\n|cant|p1a: Alomomola|par\n|\n|upkeep\n|turn|9\n|\n|t:|1700360296\n|move|p2a: Samurott|Ceaseless Edge|p1a: Alomomola\n|-damage|p1a: Alomomola|27\/100 par\n|-sidestart|p1: Who Needs Victini|Spikes\n|cant|p1a: Alomomola|par\n|\n|upkeep\n|turn|10\n|\n|t:|1700360309\n|switch|p1a: Diancie|Diancie|100\/100\n|-damage|p1a: Diancie|84\/100|[from] Spikes\n|move|p2a: Samurott|Ceaseless Edge|p1a: Diancie\n|-resisted|p1a: Diancie\n|-damage|p1a: Diancie|63\/100\n|-sidestart|p1: Who Needs Victini|Spikes\n|\n|upkeep\n|turn|11\n|\n|t:|1700360332\n|detailschange|p1a: Diancie|Diancie-Mega\n|-mega|p1a: Diancie|Diancie|Diancite\n|move|p1a: Diancie|Moonblast|p2a: Samurott\n|-supereffective|p2a: Samurott\n|-enditem|p2a: Samurott|Focus Sash\n|-damage|p2a: Samurott|1\/100\n|move|p2a: Samurott|Razor Shell|p1a: Diancie\n|-supereffective|p1a: Diancie\n|-damage|p1a: Diancie|0 fnt\n|faint|p1a: Diancie\n|\n|upkeep\n|\n|t:|1700360340\n|switch|p1a: Zapdos|Zapdos|85\/100\n|turn|12\n|\n|t:|1700360348\n|move|p2a: Samurott|Razor Shell|p1a: Zapdos\n|-crit|p1a: Zapdos\n|-damage|p1a: Zapdos|26\/100\n|move|p1a: Zapdos|Roost|p1a: Zapdos\n|-heal|p1a: Zapdos|76\/100\n|-singleturn|p1a: Zapdos|move: Roost\n|\n|upkeep\n|turn|13\n|\n|t:|1700360352\n|move|p2a: Samurott|Encore|p1a: Zapdos\n|-start|p1a: Zapdos|Encore\n|move|p1a: Zapdos|Roost|p1a: Zapdos\n|-heal|p1a: Zapdos|100\/100\n|-singleturn|p1a: Zapdos|move: Roost\n|\n|upkeep\n|turn|14\n|\n|t:|1700360364\n|switch|p2a: Indeedee|Indeedee, M|100\/100\n|-fieldstart|move: Psychic Terrain|[from] ability: Psychic Surge|[of] p2a: Indeedee\n|move|p1a: Zapdos|Roost||[still]\n|-fail|p1a: Zapdos|heal\n|\n|upkeep\n|turn|15\n|\n|t:|1700360367\n|switch|p1a: Slowking|Slowking-Galar, F|100\/100\n|move|p2a: Indeedee|Expanding Force|p1a: Slowking\n|-damage|p1a: Slowking|46\/100\n|-damage|p2a: Indeedee|90\/100|[from] item: Life Orb\n|\n|upkeep\n|turn|16\n|\n|t:|1700360385\n|switch|p1a: Alomomola|Alomomola, M|60\/100 par\n|-damage|p1a: Alomomola|35\/100 par|[from] Spikes\n|move|p2a: Indeedee|Expanding Force|p1a: Alomomola\n|-damage|p1a: Alomomola|0 fnt\n|faint|p1a: Alomomola\n|-damage|p2a: Indeedee|80\/100|[from] item: Life Orb\n|\n|upkeep\n|\n|t:|1700360390\n|switch|p1a: Kartana|Kartana|100\/100\n|-damage|p1a: Kartana|76\/100|[from] Spikes\n|turn|17\n|\n|t:|1700360402\n|switch|p2a: Tinkaton|Tinkaton, F|73\/100\n|-ability|p2a: Tinkaton|Mold Breaker\n|-terastallize|p1a: Kartana|Grass\n|move|p1a: Kartana|Leaf Blade|p2a: Tinkaton\n|-resisted|p2a: Tinkaton\n|-damage|p2a: Tinkaton|37\/100\n|\n|-heal|p2a: Tinkaton|43\/100|[from] item: Leftovers\n|upkeep\n|turn|18\n|\n|t:|1700360413\n|switch|p1a: Zapdos|Zapdos|100\/100\n|move|p2a: Tinkaton|Thunder Wave|p1a: Zapdos\n|-immune|p1a: Zapdos\n|\n|-heal|p2a: Tinkaton|49\/100|[from] item: Leftovers\n|-fieldend|move: Psychic Terrain\n|upkeep\n|turn|19\n|\n|t:|1700360422\n|switch|p2a: Samurott|Samurott-Hisui, M|1\/100\n|move|p1a: Zapdos|Defog|p2a: Samurott\n|-unboost|p2a: Samurott|evasion|1\n|-sideend|p1: Who Needs Victini|Spikes|[from] move: Defog|[of] p1a: Zapdos\n|\n|upkeep\n|turn|20\n|\n|t:|1700360430\n|move|p2a: Samurott|Ceaseless Edge|p1a: Zapdos\n|-damage|p1a: Zapdos|66\/100\n|-status|p2a: Samurott|par|[from] ability: Static|[of] p1a: Zapdos\n|-sidestart|p1: Who Needs Victini|Spikes\n|move|p1a: Zapdos|Volt Switch|p2a: Samurott\n|-supereffective|p2a: Samurott\n|-damage|p2a: Samurott|0 fnt\n|faint|p2a: Samurott\n|\n|t:|1700360442\n|switch|p1a: Darmanitan|Darmanitan, M|76\/100|[from] Volt Switch\n|-damage|p1a: Darmanitan|63\/100|[from] Spikes\n|\n|upkeep\n|\n|t:|1700360450\n|switch|p2a: Grafaiai|Grafaiai, F|100\/100\n|turn|21\n|\n|t:|1700360453\n|move|p2a: Grafaiai|Gunk Shot|p1a: Darmanitan\n|-damage|p1a: Darmanitan|0 fnt\n|faint|p1a: Darmanitan\n|\n|upkeep\n|\n|t:|1700360459\n|switch|p1a: Zapdos|Zapdos|66\/100\n|turn|22\n|\n|t:|1700360465\n|move|p2a: Grafaiai|Gunk Shot|p1a: Zapdos\n|-damage|p1a: Zapdos|25\/100\n|move|p1a: Zapdos|Defog|p2a: Grafaiai\n|-unboost|p2a: Grafaiai|evasion|1\n|-sideend|p1: Who Needs Victini|Spikes|[from] move: Defog|[of] p1a: Zapdos\n|\n|upkeep\n|turn|23\n|\n|t:|1700360469\n|switch|p1a: Kartana|Kartana, tera:Grass|76\/100\n|move|p2a: Grafaiai|Gunk Shot|p1a: Kartana\n|-supereffective|p1a: Kartana\n|-damage|p1a: Kartana|0 fnt\n|faint|p1a: Kartana\n|\n|upkeep\n|-message|Who Needs Victini forfeited.\n|\n|win|bxlngsm\n|raw|Who Needs Victini's rating: 1442 &rarr; <strong>1424<\/strong><br \/>(-18 for losing)\n|raw|bxlngsm's rating: 1484 &rarr; <strong>1502<\/strong><br \/>(+18 for winning)\n|l|\u2606Who Needs Victini\n","uploadtime":1700360550,"views":12,"p1id":"whoneedsvictini","p2id":"bxlngsm","formatid":"gen9nationaldex","rating":1424,"private":0,"password":""}