{"id":"gen9nationaldex-1988309490","p1":"CheezeyMemes","p2":"abandony","format":"[Gen 9] National Dex","log":"|j|\u2606CheezeyMemes\n|j|\u203dabandony\n|t:|1699706157\n|gametype|singles\n|player|p1|CheezeyMemes|fantina|1475\n|player|p2|abandony|caitlin|1465\n|teamsize|p1|6\n|teamsize|p2|6\n|gen|9\n|tier|[Gen 9] National Dex\n|rated|\n|rule|HP Percentage Mod: HP is shown in percentages\n|rule|Endless Battle Clause: Forcing endless battles is banned\n|rule|OHKO Clause: OHKO moves are banned\n|rule|Evasion Clause: Evasion abilities, items, and moves are banned\n|rule|Evasion Abilities Clause: Evasion abilities are banned\n|rule|Evasion Items Clause: Evasion items are banned\n|rule|Evasion Moves Clause: Evasion moves are banned\n|rule|Species Clause: Limit one of each Pok\u00e9mon\n|rule|Sleep Clause Mod: Limit one foe put to sleep\n|clearpoke\n|poke|p1|Dondozo, M|\n|poke|p1|Clodsire, F|\n|poke|p1|Hatterene, F|\n|poke|p1|Corviknight, M|\n|poke|p1|Blissey, F|\n|poke|p1|Pyukumuku, M|\n|poke|p2|Tapu Lele|\n|poke|p2|Zamazenta-*|\n|poke|p2|Sneasler, F|\n|poke|p2|Moltres|\n|poke|p2|Ogerpon-Wellspring, F|\n|poke|p2|Ting-Lu|\n|teampreview\n|inactive|Battle timer is ON: inactive players will automatically lose when time's up. (requested by CheezeyMemes)\n|\n|t:|1699706175\n|start\n|switch|p1a: Dondozo|Dondozo, M|100\/100\n|switch|p2a: Tapu Lele|Tapu Lele|100\/100\n|-fieldstart|move: Psychic Terrain|[from] ability: Psychic Surge|[of] p2a: Tapu Lele\n|turn|1\n|\n|t:|1699706187\n|switch|p1a: Blissey|Blissey, F|100\/100\n|move|p2a: Tapu Lele|Psychic|p1a: Blissey\n|-damage|p1a: Blissey|74\/100\n|\n|-heal|p1a: Blissey|80\/100|[from] item: Leftovers\n|upkeep\n|turn|2\n|inactive|abandony has 120 seconds left.\n|\n|t:|1699706235\n|switch|p2a: Moltres|Moltres|100\/100\n|move|p1a: Blissey|Thunder Wave|p2a: Moltres\n|-status|p2a: Moltres|par\n|\n|-heal|p1a: Blissey|86\/100|[from] item: Leftovers\n|upkeep\n|turn|3\n|inactive|abandony has 120 seconds left.\n|\n|t:|1699706247\n|switch|p2a: Ogerpon|Ogerpon-Wellspring, F|100\/100\n|move|p1a: Blissey|Seismic Toss|p2a: Ogerpon\n|-damage|p2a: Ogerpon|67\/100\n|\n|-heal|p1a: Blissey|92\/100|[from] item: Leftovers\n|upkeep\n|turn|4\n|\n|t:|1699706252\n|switch|p1a: Corviknight|Corviknight, M|100\/100\n|move|p2a: Ogerpon|Taunt|p1a: Corviknight\n|-start|p1a: Corviknight|move: Taunt\n|\n|upkeep\n|turn|5\n|\n|t:|1699706257\n|switch|p1a: Dondozo|Dondozo, M|100\/100\n|-terastallize|p2a: Ogerpon|Water\n|detailschange|p2a: Ogerpon|Ogerpon-Wellspring-Tera, F, tera:Water\n|-ability|p2a: Ogerpon|Embody Aspect (Wellspring)|boost\n|-boost|p2a: Ogerpon|spd|1\n|move|p2a: Ogerpon|Ivy Cudgel|p1a: Dondozo\n|-resisted|p1a: Dondozo\n|-damage|p1a: Dondozo|80\/100\n|\n|-fieldend|move: Psychic Terrain\n|upkeep\n|turn|6\n|\n|t:|1699706267\n|switch|p1a: Hatterene|Hatterene, F|100\/100\n|move|p2a: Ogerpon|Taunt|p1a: Hatterene\n|move|p1a: Hatterene|Taunt|p2a: Ogerpon|[from]ability: Magic Bounce\n|-start|p2a: Ogerpon|move: Taunt\n|\n|upkeep\n|turn|7\n|\n|t:|1699706271\n|move|p2a: Ogerpon|U-turn|p1a: Hatterene\n|-damage|p1a: Hatterene|78\/100\n|\n|t:|1699706275\n|switch|p2a: Ting-Lu|Ting-Lu|100\/100|[from] U-turn\n|-ability|p2a: Ting-Lu|Vessel of Ruin\n|move|p1a: Hatterene|Draining Kiss|p2a: Ting-Lu\n|-supereffective|p2a: Ting-Lu\n|-crit|p2a: Ting-Lu\n|-damage|p2a: Ting-Lu|72\/100\n|-heal|p1a: Hatterene|100\/100|[from] drain|[of] p2a: Ting-Lu\n|\n|-heal|p2a: Ting-Lu|78\/100|[from] item: Leftovers\n|upkeep\n|turn|8\n|\n|t:|1699706283\n|move|p2a: Ting-Lu|Ruination|p1a: Hatterene\n|-damage|p1a: Hatterene|50\/100\n|move|p1a: Hatterene|Calm Mind|p1a: Hatterene\n|-boost|p1a: Hatterene|spa|1\n|-boost|p1a: Hatterene|spd|1\n|\n|-heal|p2a: Ting-Lu|85\/100|[from] item: Leftovers\n|-heal|p1a: Hatterene|56\/100|[from] item: Leftovers\n|upkeep\n|turn|9\n|\n|t:|1699706298\n|switch|p2a: Ogerpon|Ogerpon-Wellspring-Tera, F, tera:Water|67\/100\n|-ability|p2a: Ogerpon|Embody Aspect (Wellspring)|boost\n|-boost|p2a: Ogerpon|spd|1\n|move|p1a: Hatterene|Draining Kiss|p2a: Ogerpon\n|-damage|p2a: Ogerpon|40\/100\n|-heal|p1a: Hatterene|76\/100|[from] drain|[of] p2a: Ogerpon\n|\n|-heal|p1a: Hatterene|82\/100|[from] item: Leftovers\n|upkeep\n|turn|10\n|\n|t:|1699706306\n|move|p2a: Ogerpon|Ivy Cudgel|p1a: Hatterene\n|-damage|p1a: Hatterene|13\/100\n|move|p1a: Hatterene|Psyshock|p2a: Ogerpon\n|-damage|p2a: Ogerpon|0 fnt\n|faint|p2a: Ogerpon\n|\n|-heal|p1a: Hatterene|19\/100|[from] item: Leftovers\n|upkeep\n|\n|t:|1699706312\n|switch|p2a: Sneasler|Sneasler, F|100\/100\n|turn|11\n|\n|t:|1699706316\n|switch|p1a: Clodsire|Clodsire, F|100\/100\n|move|p2a: Sneasler|Dire Claw|p1a: Clodsire\n|-resisted|p1a: Clodsire\n|-damage|p1a: Clodsire|92\/100\n|\n|-heal|p1a: Clodsire|98\/100|[from] item: Leftovers\n|upkeep\n|turn|12\n|\n|t:|1699706321\n|switch|p2a: Tapu Lele|Tapu Lele|100\/100\n|-fieldstart|move: Psychic Terrain|[from] ability: Psychic Surge|[of] p2a: Tapu Lele\n|move|p1a: Clodsire|Stealth Rock|p2a: Tapu Lele\n|-sidestart|p2: abandony|move: Stealth Rock\n|\n|-heal|p1a: Clodsire|100\/100|[from] item: Leftovers\n|upkeep\n|turn|13\n|\n|t:|1699706329\n|switch|p1a: Blissey|Blissey, F|92\/100\n|move|p2a: Tapu Lele|Psychic|p1a: Blissey\n|-crit|p1a: Blissey\n|-damage|p1a: Blissey|53\/100\n|\n|-heal|p1a: Blissey|60\/100|[from] item: Leftovers\n|upkeep\n|turn|14\n|\n|t:|1699706336\n|switch|p2a: Moltres|Moltres|100\/100 par\n|move|p1a: Blissey|Soft-Boiled|p1a: Blissey\n|-heal|p1a: Blissey|100\/100\n|\n|upkeep\n|turn|15\n|\n|t:|1699706339\n|move|p1a: Blissey|Seismic Toss|p2a: Moltres\n|-damage|p2a: Moltres|74\/100 par\n|cant|p2a: Moltres|par\n|\n|upkeep\n|turn|16\n|\n|t:|1699706343\n|move|p1a: Blissey|Seismic Toss|p2a: Moltres\n|-damage|p2a: Moltres|48\/100 par\n|move|p2a: Moltres|Defog|p1a: Blissey\n|-unboost|p1a: Blissey|evasion|1\n|-sideend|p2: abandony|Stealth Rock|[from] move: Defog|[of] p2a: Moltres\n|-fieldend|move: Psychic Terrain\n|\n|upkeep\n|turn|17\n|\n|t:|1699706358\n|switch|p1a: Clodsire|Clodsire, F|100\/100\n|move|p2a: Moltres|Roost|p2a: Moltres\n|-heal|p2a: Moltres|98\/100 par\n|-singleturn|p2a: Moltres|move: Roost\n|\n|upkeep\n|turn|18\n|\n|t:|1699706364\n|switch|p2a: Tapu Lele|Tapu Lele|100\/100\n|-fieldstart|move: Psychic Terrain|[from] ability: Psychic Surge|[of] p2a: Tapu Lele\n|move|p1a: Clodsire|Stealth Rock|p2a: Tapu Lele\n|-sidestart|p2: abandony|move: Stealth Rock\n|\n|upkeep\n|turn|19\n|\n|t:|1699706367\n|switch|p1a: Blissey|Blissey, F|100\/100\n|move|p2a: Tapu Lele|Focus Blast|p1a: Blissey\n|-supereffective|p1a: Blissey\n|-damage|p1a: Blissey|65\/100\n|\n|-heal|p1a: Blissey|71\/100|[from] item: Leftovers\n|upkeep\n|turn|20\n|\n|t:|1699706373\n|switch|p2a: Moltres|Moltres|98\/100 par\n|move|p1a: Blissey|Soft-Boiled|p1a: Blissey\n|-heal|p1a: Blissey|100\/100\n|\n|upkeep\n|turn|21\n|\n|t:|1699706377\n|move|p1a: Blissey|Seismic Toss|p2a: Moltres\n|-damage|p2a: Moltres|72\/100 par\n|move|p2a: Moltres|U-turn|p1a: Blissey\n|-damage|p1a: Blissey|85\/100\n|\n|t:|1699706382\n|switch|p2a: Zamazenta|Zamazenta|100\/100|[from] U-turn\n|-damage|p2a: Zamazenta|94\/100|[from] Stealth Rock\n|-ability|p2a: Zamazenta|Dauntless Shield|boost\n|-boost|p2a: Zamazenta|def|1\n|\n|-heal|p1a: Blissey|91\/100|[from] item: Leftovers\n|upkeep\n|turn|22\n|\n|t:|1699706387\n|switch|p1a: Dondozo|Dondozo, M|80\/100\n|move|p2a: Zamazenta|Substitute|p2a: Zamazenta\n|-start|p2a: Zamazenta|Substitute\n|-damage|p2a: Zamazenta|70\/100\n|\n|-fieldend|move: Psychic Terrain\n|upkeep\n|turn|23\n|\n|t:|1699706403\n|-zpower|p2a: Zamazenta\n|move|p2a: Zamazenta|Continental Crush|p1a: Dondozo|[zeffect]\n|-damage|p1a: Dondozo|48\/100\n|move|p1a: Dondozo|Curse|p1a: Dondozo\n|-unboost|p1a: Dondozo|spe|1\n|-boost|p1a: Dondozo|atk|1\n|-boost|p1a: Dondozo|def|1\n|\n|upkeep\n|turn|24\n|\n|t:|1699706412\n|switch|p2a: Tapu Lele|Tapu Lele|100\/100\n|-damage|p2a: Tapu Lele|88\/100|[from] Stealth Rock\n|-fieldstart|move: Psychic Terrain|[from] ability: Psychic Surge|[of] p2a: Tapu Lele\n|move|p1a: Dondozo|Liquidation|p2a: Tapu Lele\n|-damage|p2a: Tapu Lele|21\/100\n|\n|upkeep\n|turn|25\n|\n|t:|1699706417\n|switch|p1a: Blissey|Blissey, F|91\/100\n|move|p2a: Tapu Lele|Psychic|p1a: Blissey\n|-damage|p1a: Blissey|62\/100\n|-unboost|p1a: Blissey|spd|1\n|\n|-heal|p1a: Blissey|68\/100|[from] item: Leftovers\n|upkeep\n|turn|26\n|\n|t:|1699706420\n|move|p2a: Tapu Lele|Psychic|p1a: Blissey\n|-damage|p1a: Blissey|28\/100\n|move|p1a: Blissey|Seismic Toss|p2a: Tapu Lele\n|-damage|p2a: Tapu Lele|0 fnt\n|faint|p2a: Tapu Lele\n|\n|-heal|p1a: Blissey|34\/100|[from] item: Leftovers\n|upkeep\n|\n|t:|1699706423\n|switch|p2a: Sneasler|Sneasler, F|100\/100\n|-damage|p2a: Sneasler|94\/100|[from] Stealth Rock\n|-enditem|p2a: Sneasler|Psychic Seed\n|-boost|p2a: Sneasler|spd|1|[from] item: Psychic Seed\n|turn|27\n|\n|t:|1699706427\n|switch|p1a: Dondozo|Dondozo, M|48\/100\n|move|p2a: Sneasler|Close Combat|p1a: Dondozo\n|-damage|p1a: Dondozo|22\/100\n|-unboost|p2a: Sneasler|def|1\n|-unboost|p2a: Sneasler|spd|1\n|\n|upkeep\n|turn|28\n|\n|t:|1699706430\n|move|p2a: Sneasler|Close Combat|p1a: Dondozo\n|-damage|p1a: Dondozo|0 fnt\n|-unboost|p2a: Sneasler|def|1\n|-unboost|p2a: Sneasler|spd|1\n|faint|p1a: Dondozo\n|\n|-fieldend|move: Psychic Terrain\n|upkeep\n|\n|t:|1699706432\n|switch|p1a: Clodsire|Clodsire, F|100\/100\n|turn|29\n|\n|t:|1699706437\n|switch|p2a: Ting-Lu|Ting-Lu|85\/100\n|-damage|p2a: Ting-Lu|78\/100|[from] Stealth Rock\n|-ability|p2a: Ting-Lu|Vessel of Ruin\n|move|p1a: Clodsire|Earthquake|p2a: Ting-Lu\n|-damage|p2a: Ting-Lu|63\/100\n|\n|-heal|p2a: Ting-Lu|69\/100|[from] item: Leftovers\n|upkeep\n|turn|30\n|\n|t:|1699706440\n|switch|p1a: Hatterene|Hatterene, F|19\/100\n|move|p2a: Ting-Lu|Earthquake|p1a: Hatterene\n|-damage|p1a: Hatterene|0 fnt\n|faint|p1a: Hatterene\n|\n|-heal|p2a: Ting-Lu|76\/100|[from] item: Leftovers\n|upkeep\n|\n|t:|1699706444\n|switch|p1a: Pyukumuku|Pyukumuku, M|100\/100\n|turn|31\n|\n|t:|1699706448\n|move|p2a: Ting-Lu|Ruination|p1a: Pyukumuku\n|-damage|p1a: Pyukumuku|50\/100\n|move|p1a: Pyukumuku|Soak|p2a: Ting-Lu\n|-start|p2a: Ting-Lu|typechange|Water\n|\n|-heal|p2a: Ting-Lu|82\/100|[from] item: Leftovers\n|-heal|p1a: Pyukumuku|57\/100|[from] item: Leftovers\n|upkeep\n|turn|32\n|\n|t:|1699706452\n|switch|p2a: Moltres|Moltres|72\/100 par\n|move|p1a: Pyukumuku|Recover|p1a: Pyukumuku\n|-heal|p1a: Pyukumuku|100\/100\n|\n|upkeep\n|turn|33\n|\n|t:|1699706457\n|switch|p1a: Clodsire|Clodsire, F|100\/100\n|cant|p2a: Moltres|par\n|\n|upkeep\n|turn|34\n|\n|t:|1699706465\n|switch|p1a: Blissey|Blissey, F|34\/100\n|move|p2a: Moltres|Defog|p1a: Blissey\n|-unboost|p1a: Blissey|evasion|1\n|-sideend|p2: abandony|Stealth Rock|[from] move: Defog|[of] p2a: Moltres\n|\n|-heal|p1a: Blissey|40\/100|[from] item: Leftovers\n|upkeep\n|turn|35\n|\n|t:|1699706469\n|move|p1a: Blissey|Soft-Boiled|p1a: Blissey\n|-heal|p1a: Blissey|90\/100\n|move|p2a: Moltres|U-turn|p1a: Blissey\n|-damage|p1a: Blissey|73\/100\n|\n|t:|1699706471\n|switch|p2a: Sneasler|Sneasler, F|94\/100|[from] U-turn\n|\n|-heal|p1a: Blissey|79\/100|[from] item: Leftovers\n|upkeep\n|turn|36\n|\n|t:|1699706478\n|switch|p1a: Clodsire|Clodsire, F|100\/100\n|move|p2a: Sneasler|Swords Dance|p2a: Sneasler\n|-boost|p2a: Sneasler|atk|2\n|\n|upkeep\n|turn|37\n|\n|t:|1699706482\n|move|p2a: Sneasler|Close Combat|p1a: Clodsire\n|-resisted|p1a: Clodsire\n|-damage|p1a: Clodsire|73\/100\n|-unboost|p2a: Sneasler|def|1\n|-unboost|p2a: Sneasler|spd|1\n|move|p1a: Clodsire|Stealth Rock|p2a: Sneasler\n|-sidestart|p2: abandony|move: Stealth Rock\n|\n|-heal|p1a: Clodsire|79\/100|[from] item: Leftovers\n|upkeep\n|turn|38\n|\n|t:|1699706487\n|switch|p2a: Ting-Lu|Ting-Lu|82\/100\n|-damage|p2a: Ting-Lu|76\/100|[from] Stealth Rock\n|-ability|p2a: Ting-Lu|Vessel of Ruin\n|move|p1a: Clodsire|Earthquake|p2a: Ting-Lu\n|-damage|p2a: Ting-Lu|60\/100\n|\n|-heal|p2a: Ting-Lu|66\/100|[from] item: Leftovers\n|-heal|p1a: Clodsire|86\/100|[from] item: Leftovers\n|upkeep\n|turn|39\n|\n|t:|1699706491\n|switch|p1a: Corviknight|Corviknight, M|100\/100\n|move|p2a: Ting-Lu|Stealth Rock|p1a: Corviknight\n|-sidestart|p1: CheezeyMemes|move: Stealth Rock\n|\n|-heal|p2a: Ting-Lu|73\/100|[from] item: Leftovers\n|upkeep\n|turn|40\n|inactive|abandony has 120 seconds left.\n|\n|t:|1699706529\n|move|p1a: Corviknight|Defog|p2a: Ting-Lu\n|-unboost|p2a: Ting-Lu|evasion|1\n|-sideend|p2: abandony|Stealth Rock|[from] move: Defog|[of] p1a: Corviknight\n|-sideend|p1: CheezeyMemes|Stealth Rock|[from] move: Defog|[of] p1a: Corviknight\n|move|p2a: Ting-Lu|Ruination|p1a: Corviknight\n|-damage|p1a: Corviknight|51\/100\n|\n|-heal|p2a: Ting-Lu|79\/100|[from] item: Leftovers\n|upkeep\n|turn|41\n|inactive|abandony has 120 seconds left.\n|\n|t:|1699706547\n|move|p1a: Corviknight|Body Press|p2a: Ting-Lu\n|-supereffective|p2a: Ting-Lu\n|-damage|p2a: Ting-Lu|54\/100\n|move|p2a: Ting-Lu|Ruination|p1a: Corviknight\n|-damage|p1a: Corviknight|26\/100\n|\n|-heal|p2a: Ting-Lu|60\/100|[from] item: Leftovers\n|upkeep\n|turn|42\n|\n|t:|1699706554\n|move|p1a: Corviknight|Roost|p1a: Corviknight\n|-heal|p1a: Corviknight|76\/100\n|-singleturn|p1a: Corviknight|move: Roost\n|move|p2a: Ting-Lu|Ruination|p1a: Corviknight\n|-damage|p1a: Corviknight|38\/100\n|\n|-heal|p2a: Ting-Lu|66\/100|[from] item: Leftovers\n|upkeep\n|turn|43\n|inactive|abandony has 120 seconds left.\n|\n|t:|1699706561\n|move|p1a: Corviknight|Roost|p1a: Corviknight\n|-heal|p1a: Corviknight|88\/100\n|-singleturn|p1a: Corviknight|move: Roost\n|move|p2a: Ting-Lu|Ruination|p1a: Corviknight\n|-damage|p1a: Corviknight|44\/100\n|\n|-heal|p2a: Ting-Lu|72\/100|[from] item: Leftovers\n|upkeep\n|turn|44\n|\n|t:|1699706567\n|switch|p2a: Sneasler|Sneasler, F|94\/100\n|move|p1a: Corviknight|Iron Defense|p1a: Corviknight\n|-boost|p1a: Corviknight|def|2\n|\n|upkeep\n|turn|45\n|\n|t:|1699706570\n|switch|p2a: Moltres|Moltres|72\/100 par\n|move|p1a: Corviknight|Roost|p1a: Corviknight\n|-heal|p1a: Corviknight|94\/100\n|-singleturn|p1a: Corviknight|move: Roost\n|\n|upkeep\n|turn|46\n|\n|t:|1699706575\n|switch|p1a: Blissey|Blissey, F|79\/100\n|move|p2a: Moltres|Burn Up|p1a: Blissey\n|-damage|p1a: Blissey|64\/100\n|-start|p2a: Moltres|typechange|???\/Flying|[from] move: Burn Up\n|\n|-heal|p1a: Blissey|70\/100|[from] item: Leftovers\n|upkeep\n|turn|47\n|\n|t:|1699706582\n|switch|p1a: Clodsire|Clodsire, F|86\/100\n|move|p2a: Moltres|U-turn|p1a: Clodsire\n|-resisted|p1a: Clodsire\n|-damage|p1a: Clodsire|76\/100\n|\n|t:|1699706610\n|switch|p2a: Ting-Lu|Ting-Lu|72\/100|[from] U-turn\n|-ability|p2a: Ting-Lu|Vessel of Ruin\n|\n|-heal|p2a: Ting-Lu|79\/100|[from] item: Leftovers\n|-heal|p1a: Clodsire|82\/100|[from] item: Leftovers\n|upkeep\n|turn|48\n|\n|t:|1699706617\n|switch|p1a: Corviknight|Corviknight, M|94\/100\n|move|p2a: Ting-Lu|Ruination|p1a: Corviknight\n|-damage|p1a: Corviknight|48\/100\n|\n|-heal|p2a: Ting-Lu|85\/100|[from] item: Leftovers\n|upkeep\n|turn|49\n|\n|t:|1699706625\n|move|p1a: Corviknight|Iron Defense|p1a: Corviknight\n|-boost|p1a: Corviknight|def|2\n|move|p2a: Ting-Lu|Ruination|p1a: Corviknight|[miss]\n|-miss|p2a: Ting-Lu|p1a: Corviknight\n|\n|-heal|p2a: Ting-Lu|91\/100|[from] item: Leftovers\n|upkeep\n|turn|50\n|\n|t:|1699706628\n|switch|p2a: Moltres|Moltres|72\/100 par\n|move|p1a: Corviknight|Body Press|p2a: Moltres\n|-resisted|p2a: Moltres\n|-damage|p2a: Moltres|55\/100 par\n|-status|p1a: Corviknight|brn|[from] ability: Flame Body|[of] p2a: Moltres\n|\n|-damage|p1a: Corviknight|42\/100 brn|[from] brn\n|upkeep\n|turn|51\n|\n|t:|1699706635\n|switch|p1a: Clodsire|Clodsire, F|82\/100\n|move|p2a: Moltres|U-turn|p1a: Clodsire\n|-resisted|p1a: Clodsire\n|-damage|p1a: Clodsire|73\/100\n|\n|t:|1699706639\n|switch|p2a: Ting-Lu|Ting-Lu|91\/100|[from] U-turn\n|-ability|p2a: Ting-Lu|Vessel of Ruin\n|\n|-heal|p2a: Ting-Lu|97\/100|[from] item: Leftovers\n|-heal|p1a: Clodsire|79\/100|[from] item: Leftovers\n|upkeep\n|turn|52\n|\n|t:|1699706646\n|switch|p1a: Pyukumuku|Pyukumuku, M|100\/100\n|move|p2a: Ting-Lu|Earthquake|p1a: Pyukumuku\n|-damage|p1a: Pyukumuku|75\/100\n|\n|-heal|p2a: Ting-Lu|100\/100|[from] item: Leftovers\n|-heal|p1a: Pyukumuku|81\/100|[from] item: Leftovers\n|upkeep\n|turn|53\n|\n|t:|1699706650\n|move|p2a: Ting-Lu|Ruination|p1a: Pyukumuku\n|-damage|p1a: Pyukumuku|41\/100\n|move|p1a: Pyukumuku|Toxic|p2a: Ting-Lu\n|-status|p2a: Ting-Lu|tox\n|\n|-heal|p1a: Pyukumuku|47\/100|[from] item: Leftovers\n|-damage|p2a: Ting-Lu|94\/100 tox|[from] psn\n|upkeep\n|turn|54\n|\n|t:|1699706653\n|switch|p2a: Moltres|Moltres|55\/100 par\n|move|p1a: Pyukumuku|Recover|p1a: Pyukumuku\n|-heal|p1a: Pyukumuku|97\/100\n|\n|-heal|p1a: Pyukumuku|100\/100|[from] item: Leftovers\n|upkeep\n|turn|55\n|\n|t:|1699706657\n|cant|p2a: Moltres|par\n|move|p1a: Pyukumuku|Soak|p2a: Moltres\n|-start|p2a: Moltres|typechange|Water\n|\n|upkeep\n|turn|56\n|\n|t:|1699706661\n|cant|p2a: Moltres|par\n|move|p1a: Pyukumuku|Taunt|p2a: Moltres\n|-start|p2a: Moltres|move: Taunt\n|\n|upkeep\n|turn|57\n|\n|t:|1699706665\n|switch|p2a: Ting-Lu|Ting-Lu|94\/100 tox\n|-ability|p2a: Ting-Lu|Vessel of Ruin\n|switch|p1a: Clodsire|Clodsire, F|79\/100\n|\n|-heal|p2a: Ting-Lu|100\/100 tox|[from] item: Leftovers\n|-heal|p1a: Clodsire|85\/100|[from] item: Leftovers\n|-damage|p2a: Ting-Lu|94\/100 tox|[from] psn\n|upkeep\n|turn|58\n|\n|t:|1699706672\n|switch|p1a: Corviknight|Corviknight, M|42\/100 brn\n|move|p2a: Ting-Lu|Ruination|p1a: Corviknight\n|-damage|p1a: Corviknight|21\/100 brn\n|\n|-heal|p2a: Ting-Lu|100\/100 tox|[from] item: Leftovers\n|-damage|p2a: Ting-Lu|88\/100 tox|[from] psn\n|-damage|p1a: Corviknight|15\/100 brn|[from] brn\n|upkeep\n|turn|59\n|\n|t:|1699706683\n|switch|p2a: Moltres|Moltres|55\/100 par\n|move|p1a: Corviknight|Roost|p1a: Corviknight\n|-heal|p1a: Corviknight|65\/100 brn\n|-singleturn|p1a: Corviknight|move: Roost\n|\n|-damage|p1a: Corviknight|59\/100 brn|[from] brn\n|upkeep\n|turn|60\n|\n|t:|1699706687\n|switch|p1a: Pyukumuku|Pyukumuku, M|100\/100\n|move|p2a: Moltres|Roost|p2a: Moltres\n|-heal|p2a: Moltres|100\/100 par\n|-singleturn|p2a: Moltres|move: Roost\n|\n|upkeep\n|turn|61\n|\n|t:|1699706691\n|move|p2a: Moltres|U-turn|p1a: Pyukumuku\n|-damage|p1a: Pyukumuku|88\/100\n|\n|t:|1699706692\n|switch|p2a: Ting-Lu|Ting-Lu|88\/100 tox|[from] U-turn\n|-ability|p2a: Ting-Lu|Vessel of Ruin\n|move|p1a: Pyukumuku|Soak|p2a: Ting-Lu\n|-start|p2a: Ting-Lu|typechange|Water\n|\n|-heal|p2a: Ting-Lu|94\/100 tox|[from] item: Leftovers\n|-heal|p1a: Pyukumuku|94\/100|[from] item: Leftovers\n|-damage|p2a: Ting-Lu|88\/100 tox|[from] psn\n|upkeep\n|turn|62\n|\n|t:|1699706704\n|switch|p1a: Clodsire|Clodsire, F|85\/100\n|move|p2a: Ting-Lu|Ruination|p1a: Clodsire\n|-damage|p1a: Clodsire|43\/100\n|\n|-heal|p2a: Ting-Lu|94\/100 tox|[from] item: Leftovers\n|-heal|p1a: Clodsire|49\/100|[from] item: Leftovers\n|-damage|p2a: Ting-Lu|82\/100 tox|[from] psn\n|upkeep\n|turn|63\n|\n|t:|1699706715\n|move|p2a: Ting-Lu|Earthquake|p1a: Clodsire\n|-supereffective|p1a: Clodsire\n|-damage|p1a: Clodsire|0 fnt\n|faint|p1a: Clodsire\n|\n|-heal|p2a: Ting-Lu|88\/100 tox|[from] item: Leftovers\n|-damage|p2a: Ting-Lu|69\/100 tox|[from] psn\n|upkeep\n|-message|CheezeyMemes forfeited.\n|\n|win|abandony\n|raw|CheezeyMemes's rating: 1475 &rarr; <strong>1454<\/strong><br \/>(-21 for losing)\n|raw|abandony's rating: 1465 &rarr; <strong>1486<\/strong><br \/>(+21 for winning)\n|l|\u2606CheezeyMemes\n|l|\u203dabandony\n|j|\u203dabandony\n|player|p2|abandony|caitlin\n|n|\u203dabandony|abandony\n|l|\u203dabandony\n|player|p2|\n|j|\u203dabandony\n|player|p2|abandony|caitlin\n|n|\u203dabandony|abandony\n|l|\u203dabandony\n|player|p2|\n|j|\u203dabandony\n|player|p2|abandony|caitlin\n|n|\u203dabandony|abandony\n","uploadtime":1699706974,"views":16,"p1id":"cheezeymemes","p2id":"abandony","formatid":"gen9nationaldex","rating":1454,"private":0,"password":""}