{"id":"gen9nationaldex-1989886967","p1":"Gustavindograu","p2":"gg nobb 123","format":"[Gen 9] National Dex","log":"|j|\u2606Gustavindograu\n|j|\u2606gg nobb 123\n|t:|1699903983\n|gametype|singles\n|player|p1|Gustavindograu|giovanni|\n|player|p2|gg nobb 123|169|\n|teamsize|p1|6\n|teamsize|p2|6\n|gen|9\n|tier|[Gen 9] National Dex\n|rule|HP Percentage Mod: HP is shown in percentages\n|rule|Endless Battle Clause: Forcing endless battles is banned\n|rule|OHKO Clause: OHKO moves are banned\n|rule|Evasion Clause: Evasion abilities, items, and moves are banned\n|rule|Evasion Abilities Clause: Evasion abilities are banned\n|rule|Evasion Items Clause: Evasion items are banned\n|rule|Evasion Moves Clause: Evasion moves are banned\n|rule|Species Clause: Limit one of each Pok\u00e9mon\n|rule|Sleep Clause Mod: Limit one foe put to sleep\n|clearpoke\n|poke|p1|Basculegion-F, F|\n|poke|p1|Pelipper, M|\n|poke|p1|Clodsire, F|\n|poke|p1|Floatzel, M|\n|poke|p1|Iron Treads|\n|poke|p1|Tornadus-Therian, M|\n|poke|p2|Tyranitar, F|\n|poke|p2|Latias, F|\n|poke|p2|Clefable, F|\n|poke|p2|Excadrill, F|\n|poke|p2|Skarmory, F|\n|poke|p2|Toxapex, F|\n|teampreview\n|j| Dark Umbreon 08\n|l| Dark Umbreon 08\n|\n|t:|1699903991\n|start\n|switch|p1a: Pelipper|Pelipper, M|100\/100\n|switch|p2a: Tyranitar|Tyranitar, F|100\/100\n|-weather|Sandstorm|[from] ability: Sand Stream|[of] p2a: Tyranitar\n|-weather|RainDance|[from] ability: Drizzle|[of] p1a: Pelipper\n|turn|1\n|\n|t:|1699904000\n|move|p2a: Tyranitar|Stone Edge|p1a: Pelipper\n|-supereffective|p1a: Pelipper\n|-damage|p1a: Pelipper|0 fnt\n|faint|p1a: Pelipper\n|\n|-weather|RainDance|[upkeep]\n|upkeep\n|\n|t:|1699904004\n|switch|p1a: Tornadus|Tornadus-Therian, M|100\/100\n|turn|2\n|\n|t:|1699904008\n|move|p1a: Tornadus|Focus Blast|p2a: Tyranitar|[miss]\n|-miss|p1a: Tornadus|p2a: Tyranitar\n|move|p2a: Tyranitar|Stone Edge|p1a: Tornadus\n|-supereffective|p1a: Tornadus\n|-damage|p1a: Tornadus|0 fnt\n|faint|p1a: Tornadus\n|\n|-weather|RainDance|[upkeep]\n|upkeep\n|\n|t:|1699904013\n|switch|p1a: Floatzel|Floatzel, M|100\/100\n|turn|3\n|c|\u2606gg nobb 123|kapa kapa kapa\n|\n|t:|1699904018\n|move|p1a: Floatzel|Liquidation|p2a: Tyranitar\n|-supereffective|p2a: Tyranitar\n|-damage|p2a: Tyranitar|0 fnt\n|faint|p2a: Tyranitar\n|\n|-weather|RainDance|[upkeep]\n|upkeep\n|\n|t:|1699904029\n|switch|p2a: Toxapex|Toxapex, F|100\/100\n|turn|4\n|\n|t:|1699904039\n|move|p1a: Floatzel|Liquidation|p2a: Toxapex\n|-resisted|p2a: Toxapex\n|-damage|p2a: Toxapex|64\/100\n|move|p2a: Toxapex|Knock Off|p1a: Floatzel\n|-damage|p1a: Floatzel|72\/100\n|-enditem|p1a: Floatzel|Choice Band|[from] move: Knock Off|[of] p2a: Toxapex\n|\n|-weather|RainDance|[upkeep]\n|upkeep\n|turn|5\n|\n|t:|1699904047\n|switch|p1a: somebody else|Clodsire, F|100\/100\n|move|p2a: Toxapex|Knock Off|p1a: somebody else\n|-damage|p1a: somebody else|83\/100\n|-enditem|p1a: somebody else|Heavy-Duty Boots|[from] move: Knock Off|[of] p2a: Toxapex\n|\n|-weather|RainDance|[upkeep]\n|upkeep\n|turn|6\n|\n|t:|1699904055\n|move|p2a: Toxapex|Haze|p2a: Toxapex\n|-clearallboost\n|move|p1a: somebody else|Earthquake|p2a: Toxapex\n|-supereffective|p2a: Toxapex\n|-damage|p2a: Toxapex|22\/100\n|\n|-weather|RainDance|[upkeep]\n|upkeep\n|turn|7\n|\n|t:|1699904058\n|move|p2a: Toxapex|Recover|p2a: Toxapex\n|-heal|p2a: Toxapex|72\/100\n|move|p1a: somebody else|Earthquake|p2a: Toxapex\n|-supereffective|p2a: Toxapex\n|-damage|p2a: Toxapex|32\/100\n|\n|-weather|RainDance|[upkeep]\n|upkeep\n|turn|8\n|\n|t:|1699904061\n|switch|p2a: Latias|Latias, F|100\/100\n|move|p1a: somebody else|Earthquake|p2a: Latias\n|-immune|p2a: Latias|[from] ability: Levitate\n|\n|-weather|none\n|upkeep\n|turn|9\n|\n|t:|1699904066\n|detailschange|p2a: Latias|Latias-Mega, F\n|-mega|p2a: Latias|Latias|Latiasite\n|move|p2a: Latias|Psyshock|p1a: somebody else\n|-supereffective|p1a: somebody else\n|-damage|p1a: somebody else|0 fnt\n|faint|p1a: somebody else\n|\n|upkeep\n|\n|t:|1699904073\n|switch|p1a: Iron Treads|Iron Treads|100\/100\n|turn|10\n|\n|t:|1699904083\n|move|p2a: Latias|Calm Mind|p2a: Latias\n|-boost|p2a: Latias|spa|1\n|-boost|p2a: Latias|spd|1\n|move|p1a: Iron Treads|Knock Off|p2a: Latias\n|-supereffective|p2a: Latias\n|-damage|p2a: Latias|76\/100\n|\n|upkeep\n|turn|11\n|\n|t:|1699904092\n|move|p2a: Latias|Ice Beam|p1a: Iron Treads\n|-damage|p1a: Iron Treads|67\/100\n|-enditem|p1a: Iron Treads|Eject Button\n|\n|t:|1699904095\n|-end|p1a: Iron Treads|Quark Drive|[silent]\n|switch|p1a: Basculegion|Basculegion-F, F|100\/100\n|\n|upkeep\n|turn|12\n|\n|t:|1699904099\n|move|p2a: Latias|Psyshock|p1a: Basculegion\n|-damage|p1a: Basculegion|28\/100\n|move|p1a: Basculegion|Ice Beam|p2a: Latias\n|-supereffective|p2a: Latias\n|-damage|p2a: Latias|40\/100\n|\n|upkeep\n|turn|13\n|c|\u2606gg nobb 123|cade a chuva?\n|\n|t:|1699904111\n|switch|p1a: Iron Treads|Iron Treads|67\/100\n|move|p2a: Latias|Psyshock|p1a: Iron Treads\n|-resisted|p1a: Iron Treads\n|-damage|p1a: Iron Treads|47\/100\n|\n|upkeep\n|turn|14\n|\n|t:|1699904115\n|move|p2a: Latias|Ice Beam|p1a: Iron Treads\n|-damage|p1a: Iron Treads|14\/100\n|move|p1a: Iron Treads|Knock Off|p2a: Latias\n|-supereffective|p2a: Latias\n|-damage|p2a: Latias|13\/100\n|\n|upkeep\n|turn|15\n|\n|t:|1699904121\n|move|p2a: Latias|Psyshock|p1a: Iron Treads\n|-resisted|p1a: Iron Treads\n|-damage|p1a: Iron Treads|0 fnt\n|faint|p1a: Iron Treads\n|-end|p1a: Iron Treads|Quark Drive|[silent]\n|\n|upkeep\n|\n|t:|1699904125\n|switch|p1a: Floatzel|Floatzel, M|72\/100\n|turn|16\n|\n|t:|1699904129\n|move|p1a: Floatzel|Aqua Jet|p2a: Latias\n|-resisted|p2a: Latias\n|-damage|p2a: Latias|5\/100\n|move|p2a: Latias|Psyshock|p1a: Floatzel\n|-damage|p1a: Floatzel|0 fnt\n|faint|p1a: Floatzel\n|\n|upkeep\n|\n|t:|1699904133\n|switch|p1a: Basculegion|Basculegion-F, F|28\/100\n|turn|17\n|c|\u2606gg nobb 123|cade que eu n\u00e7ao vejo\n|c|\u2606Gustavindograu|Voc\u00ea\n|\n|t:|1699904141\n|move|p2a: Latias|Psyshock|p1a: Basculegion\n|-damage|p1a: Basculegion|0 fnt\n|faint|p1a: Basculegion\n|\n|win|gg nobb 123\n|c|\u2606Gustavindograu|nunca teve amigos\n|c|\u2606Gustavindograu|nunca teve amigos\n|c|\u2606gg nobb 123|bellingham[\n|c|\u2606Gustavindograu|nunca teve amigos\n|c|\u2606gg nobb 123|bellingol\n|c|\u2606Gustavindograu|nunca teve amigos\n|c|\u2606Gustavindograu|voc\u00ea\n|c|\u2606gg nobb 123|\u00e9 ele\n|c|\u2606Gustavindograu|nunca\n|c|\u2606Gustavindograu|teve\n|c|\u2606gg nobb 123|o iluminado\n|c|\u2606Gustavindograu|Amigooooooooooooos\n|c|\u2606gg nobb 123|do bellingham\n|l|\u2606Gustavindograu\n","uploadtime":1699904173,"views":4,"p1id":"gustavindograu","p2id":"ggnobb123","formatid":"gen9nationaldex","rating":0,"private":0,"password":""}