{"id":"gen9nationaldex-1988707301","p1":"TheSlowbroGuy","p2":"Fallout 3 Enjoyer","format":"[Gen 9] National Dex","log":"|j|\u2606TheSlowbroGuy\n|j|\u2606Fallout 3 Enjoyer\n|t:|1699753115\n|gametype|singles\n|player|p1|TheSlowbroGuy|wattson|1154\n|player|p2|Fallout 3 Enjoyer|caitlin|1166\n|teamsize|p1|6\n|teamsize|p2|6\n|gen|9\n|tier|[Gen 9] National Dex\n|rated|\n|rule|HP Percentage Mod: HP is shown in percentages\n|rule|Endless Battle Clause: Forcing endless battles is banned\n|rule|OHKO Clause: OHKO moves are banned\n|rule|Evasion Clause: Evasion abilities, items, and moves are banned\n|rule|Evasion Abilities Clause: Evasion abilities are banned\n|rule|Evasion Items Clause: Evasion items are banned\n|rule|Evasion Moves Clause: Evasion moves are banned\n|rule|Species Clause: Limit one of each Pok\u00e9mon\n|rule|Sleep Clause Mod: Limit one foe put to sleep\n|clearpoke\n|poke|p1|Zoroark-Hisui, M|\n|poke|p1|Incineroar, F|\n|poke|p1|Rillaboom, F|\n|poke|p1|Zeraora|\n|poke|p1|Pangoro, M|\n|poke|p1|Urshifu-*, M|\n|poke|p2|Clodsire, F|\n|poke|p2|Bellibolt, F|\n|poke|p2|Poliwrath, M|\n|poke|p2|Politoed, F|\n|poke|p2|Swampert, M|\n|poke|p2|Toxicroak, M|\n|teampreview\n|inactive|Battle timer is ON: inactive players will automatically lose when time's up. (requested by Fallout 3 Enjoyer)\n|inactive|TheSlowbroGuy also wants the timer to be on.\n|\n|t:|1699753133\n|start\n|switch|p1a: Nice Pecs|Rillaboom, F|100\/100\n|switch|p2a: Rain Frog|Politoed, F, shiny|100\/100\n|-fieldstart|move: Grassy Terrain|[from] ability: Grassy Surge|[of] p1a: Nice Pecs\n|-weather|RainDance|[from] ability: Drizzle|[of] p2a: Rain Frog\n|turn|1\n|\n|t:|1699753144\n|switch|p2a: Dart Frog|Toxicroak, M|100\/100\n|move|p1a: Nice Pecs|Wood Hammer|p2a: Dart Frog\n|-resisted|p2a: Dart Frog\n|-damage|p2a: Dart Frog|7\/100\n|-damage|p1a: Nice Pecs|77\/100|[from] Recoil\n|-damage|p1a: Nice Pecs|67\/100|[from] item: Life Orb\n|\n|-weather|RainDance|[upkeep]\n|-heal|p2a: Dart Frog|20\/100|[from] ability: Dry Skin\n|-heal|p2a: Dart Frog|26\/100|[from] Grassy Terrain\n|-heal|p1a: Nice Pecs|74\/100|[from] Grassy Terrain\n|upkeep\n|turn|2\n|\n|t:|1699753151\n|move|p2a: Dart Frog|Fake Out|p1a: Nice Pecs\n|-damage|p1a: Nice Pecs|61\/100\n|cant|p1a: Nice Pecs|flinch\n|\n|-weather|RainDance|[upkeep]\n|-heal|p2a: Dart Frog|38\/100|[from] ability: Dry Skin\n|-heal|p2a: Dart Frog|44\/100|[from] Grassy Terrain\n|-heal|p1a: Nice Pecs|67\/100|[from] Grassy Terrain\n|upkeep\n|turn|3\n|\n|t:|1699753155\n|switch|p1a: Hot Daddy|Incineroar, F|100\/100\n|-ability|p1a: Hot Daddy|Intimidate|boost\n|-unboost|p2a: Dart Frog|atk|1\n|move|p2a: Dart Frog|Poison Jab|p1a: Hot Daddy\n|-damage|p1a: Hot Daddy|82\/100\n|\n|-weather|RainDance|[upkeep]\n|-heal|p2a: Dart Frog|57\/100|[from] ability: Dry Skin\n|-heal|p2a: Dart Frog|63\/100|[from] Grassy Terrain\n|-heal|p1a: Hot Daddy|88\/100|[from] Grassy Terrain\n|upkeep\n|turn|4\n|\n|t:|1699753161\n|move|p1a: Hot Daddy|Fake Out|p2a: Dart Frog\n|-damage|p2a: Dart Frog|47\/100\n|cant|p2a: Dart Frog|flinch\n|\n|-weather|RainDance|[upkeep]\n|-heal|p2a: Dart Frog|60\/100|[from] ability: Dry Skin\n|-heal|p2a: Dart Frog|66\/100|[from] Grassy Terrain\n|-heal|p1a: Hot Daddy|94\/100|[from] Grassy Terrain\n|upkeep\n|turn|5\n|\n|t:|1699753165\n|move|p2a: Dart Frog|Brick Break|p1a: Hot Daddy\n|-supereffective|p1a: Hot Daddy\n|-damage|p1a: Hot Daddy|61\/100\n|move|p1a: Hot Daddy|Flare Blitz|p2a: Dart Frog\n|-damage|p2a: Dart Frog|18\/100\n|-damage|p1a: Hot Daddy|48\/100|[from] Recoil\n|\n|-weather|RainDance|[upkeep]\n|-heal|p2a: Dart Frog|30\/100|[from] ability: Dry Skin\n|-heal|p2a: Dart Frog|36\/100|[from] Grassy Terrain\n|-heal|p1a: Hot Daddy|54\/100|[from] Grassy Terrain\n|-fieldend|move: Grassy Terrain\n|upkeep\n|turn|6\n|\n|t:|1699753174\n|switch|p2a: Roid Frog|Swampert, M|100\/100\n|move|p1a: Hot Daddy|Knock Off|p2a: Roid Frog\n|-damage|p2a: Roid Frog|73\/100\n|\n|-weather|RainDance|[upkeep]\n|upkeep\n|turn|7\n|\n|t:|1699753180\n|switch|p1a: Nice Pecs|Rillaboom, F|67\/100\n|-fieldstart|move: Grassy Terrain|[from] ability: Grassy Surge|[of] p1a: Nice Pecs\n|detailschange|p2a: Roid Frog|Swampert-Mega, M\n|-mega|p2a: Roid Frog|Swampert|Swampertite\n|move|p2a: Roid Frog|Flip Turn|p1a: Nice Pecs\n|-resisted|p1a: Nice Pecs\n|-damage|p1a: Nice Pecs|39\/100\n|\n|t:|1699753184\n|switch|p2a: Dart Frog|Toxicroak, M|36\/100|[from] Flip Turn\n|\n|-weather|RainDance|[upkeep]\n|-heal|p2a: Dart Frog|49\/100|[from] ability: Dry Skin\n|-heal|p2a: Dart Frog|55\/100|[from] Grassy Terrain\n|-heal|p1a: Nice Pecs|46\/100|[from] Grassy Terrain\n|upkeep\n|turn|8\n|\n|t:|1699753190\n|switch|p1a: Hot Daddy|Incineroar, F|54\/100\n|-ability|p1a: Hot Daddy|Intimidate|boost\n|-unboost|p2a: Dart Frog|atk|1\n|move|p2a: Dart Frog|Fake Out|p1a: Hot Daddy\n|-damage|p1a: Hot Daddy|48\/100\n|\n|-weather|none\n|-heal|p2a: Dart Frog|61\/100|[from] Grassy Terrain\n|-heal|p1a: Hot Daddy|55\/100|[from] Grassy Terrain\n|upkeep\n|turn|9\n|\n|t:|1699753196\n|move|p2a: Dart Frog|Brick Break|p1a: Hot Daddy\n|-supereffective|p1a: Hot Daddy\n|-damage|p1a: Hot Daddy|23\/100\n|move|p1a: Hot Daddy|U-turn|p2a: Dart Frog\n|-resisted|p2a: Dart Frog\n|-damage|p2a: Dart Frog|54\/100\n|\n|t:|1699753203\n|switch|p1a: Furry Bear|Pangoro, M|100\/100|[from] U-turn\n|\n|-heal|p2a: Dart Frog|60\/100|[from] Grassy Terrain\n|upkeep\n|turn|10\n|\n|t:|1699753208\n|switch|p2a: Rain Frog|Politoed, F, shiny|100\/100\n|-weather|RainDance|[from] ability: Drizzle|[of] p2a: Rain Frog\n|move|p1a: Furry Bear|Nasty Plot|p1a: Furry Bear\n|-boost|p1a: Furry Bear|spa|2\n|\n|-weather|RainDance|[upkeep]\n|upkeep\n|turn|11\n|\n|t:|1699753214\n|move|p1a: Furry Bear|Shadow Ball|p2a: Rain Frog\n|-crit|p2a: Rain Frog\n|-damage|p2a: Rain Frog|22\/100\n|move|p2a: Rain Frog|Scald|p1a: Furry Bear\n|-damage|p1a: Furry Bear|15\/100\n|replace|p1a: Edgy Boi|Zoroark-Hisui, M, shiny\n|-end|p1a: Edgy Boi|Illusion\n|\n|-weather|RainDance|[upkeep]\n|-heal|p1a: Edgy Boi|21\/100|[from] Grassy Terrain\n|-heal|p2a: Rain Frog|28\/100|[from] Grassy Terrain\n|-fieldend|move: Grassy Terrain\n|upkeep\n|turn|12\n|\n|t:|1699753227\n|move|p1a: Edgy Boi|Shadow Ball|p2a: Rain Frog\n|-damage|p2a: Rain Frog|0 fnt\n|faint|p2a: Rain Frog\n|\n|-weather|RainDance|[upkeep]\n|upkeep\n|\n|t:|1699753232\n|switch|p2a: Roid Frog|Swampert-Mega, M|73\/100\n|turn|13\n|\n|t:|1699753238\n|switch|p1a: Hot Daddy|Incineroar, F|23\/100\n|-ability|p1a: Hot Daddy|Intimidate|boost\n|-unboost|p2a: Roid Frog|atk|1\n|move|p2a: Roid Frog|Ice Punch|p1a: Hot Daddy\n|-resisted|p1a: Hot Daddy\n|-crit|p1a: Hot Daddy\n|-damage|p1a: Hot Daddy|6\/100\n|\n|-weather|RainDance|[upkeep]\n|upkeep\n|turn|14\n|\n|t:|1699753243\n|move|p1a: Hot Daddy|Fake Out|p2a: Roid Frog\n|-damage|p2a: Roid Frog|63\/100\n|cant|p2a: Roid Frog|flinch\n|\n|-weather|RainDance|[upkeep]\n|upkeep\n|turn|15\n|\n|t:|1699753248\n|switch|p1a: Nice Pecs|Rillaboom, F|46\/100\n|-fieldstart|move: Grassy Terrain|[from] ability: Grassy Surge|[of] p1a: Nice Pecs\n|move|p2a: Roid Frog|Ice Punch|p1a: Nice Pecs\n|-supereffective|p1a: Nice Pecs\n|-damage|p1a: Nice Pecs|9\/100\n|\n|-weather|RainDance|[upkeep]\n|-heal|p2a: Roid Frog|69\/100|[from] Grassy Terrain\n|-heal|p1a: Nice Pecs|15\/100|[from] Grassy Terrain\n|upkeep\n|turn|16\n|\n|t:|1699753257\n|move|p2a: Roid Frog|Ice Punch|p1a: Nice Pecs\n|-supereffective|p1a: Nice Pecs\n|-damage|p1a: Nice Pecs|0 fnt\n|faint|p1a: Nice Pecs\n|\n|-weather|RainDance|[upkeep]\n|-heal|p2a: Roid Frog|76\/100|[from] Grassy Terrain\n|upkeep\n|\n|t:|1699753261\n|switch|p1a: FurSuit|Zeraora|100\/100\n|-item|p1a: FurSuit|Air Balloon\n|turn|17\n|\n|t:|1699753270\n|switch|p1a: Furry Bear|Pangoro, M|21\/100\n|move|p2a: Roid Frog|Liquidation|p1a: Furry Bear\n|-damage|p1a: Furry Bear|0 fnt\n|replace|p1a: Edgy Boi|Zoroark-Hisui, M, shiny\n|-end|p1a: Edgy Boi|Illusion\n|faint|p1a: Edgy Boi\n|\n|-weather|none\n|-heal|p2a: Roid Frog|82\/100|[from] Grassy Terrain\n|upkeep\n|\n|t:|1699753273\n|switch|p1a: FurSuit|Zeraora|100\/100\n|-item|p1a: FurSuit|Air Balloon\n|turn|18\n|\n|t:|1699753277\n|move|p1a: FurSuit|Grass Knot|p2a: Roid Frog\n|-supereffective|p2a: Roid Frog\n|-damage|p2a: Roid Frog|0 fnt\n|faint|p2a: Roid Frog\n|\n|upkeep\n|\n|t:|1699753280\n|switch|p2a: Dart Frog|Toxicroak, M|60\/100\n|turn|19\n|\n|t:|1699753284\n|switch|p1a: Hot Daddy|Incineroar, F|6\/100\n|-ability|p1a: Hot Daddy|Intimidate|boost\n|-unboost|p2a: Dart Frog|atk|1\n|move|p2a: Dart Frog|Fake Out|p1a: Hot Daddy\n|-damage|p1a: Hot Daddy|0 fnt\n|faint|p1a: Hot Daddy\n|\n|-heal|p2a: Dart Frog|66\/100|[from] Grassy Terrain\n|-fieldend|move: Grassy Terrain\n|upkeep\n|\n|t:|1699753291\n|switch|p1a: Harder|Urshifu-Rapid-Strike, M|100\/100\n|turn|20\n|\n|t:|1699753296\n|switch|p2a: Chunky Frog|Clodsire, F|100\/100\n|move|p1a: Harder|Ice Spinner|p2a: Chunky Frog\n|-supereffective|p2a: Chunky Frog\n|-damage|p2a: Chunky Frog|56\/100\n|\n|-heal|p2a: Chunky Frog|62\/100|[from] item: Black Sludge\n|upkeep\n|turn|21\n|\n|t:|1699753306\n|-terastallize|p2a: Chunky Frog|Poison\n|move|p1a: Harder|Ice Spinner|p2a: Chunky Frog\n|-damage|p2a: Chunky Frog|41\/100\n|move|p2a: Chunky Frog|Gunk Shot|p1a: Harder\n|-damage|p1a: Harder|59\/100\n|\n|-heal|p2a: Chunky Frog|47\/100|[from] item: Black Sludge\n|upkeep\n|turn|22\n|\n|t:|1699753316\n|switch|p1a: Furry Bear|Pangoro, M|100\/100\n|move|p2a: Chunky Frog|Gunk Shot|p1a: Furry Bear\n|-damage|p1a: Furry Bear|46\/100\n|-status|p1a: Furry Bear|psn\n|\n|-heal|p2a: Chunky Frog|53\/100|[from] item: Black Sludge\n|-damage|p1a: Furry Bear|33\/100 psn|[from] psn\n|upkeep\n|turn|23\n|\n|t:|1699753322\n|move|p1a: Furry Bear|Knock Off|p2a: Chunky Frog\n|-damage|p2a: Chunky Frog|0 fnt\n|-enditem|p2a: Chunky Frog|Black Sludge|[from] move: Knock Off|[of] p1a: Furry Bear\n|faint|p2a: Chunky Frog\n|\n|-damage|p1a: Furry Bear|21\/100 psn|[from] psn\n|upkeep\n|\n|t:|1699753325\n|switch|p2a: Dart Frog|Toxicroak, M|66\/100\n|turn|24\n|\n|t:|1699753328\n|move|p2a: Dart Frog|Fake Out|p1a: Furry Bear\n|-damage|p1a: Furry Bear|5\/100 psn\n|cant|p1a: Furry Bear|flinch\n|\n|-damage|p1a: Furry Bear|0 fnt|[from] psn\n|faint|p1a: Furry Bear\n|upkeep\n|\n|t:|1699753334\n|switch|p1a: FurSuit|Zeraora|100\/100\n|-item|p1a: FurSuit|Air Balloon\n|turn|25\n|\n|t:|1699753340\n|move|p1a: FurSuit|Thunderbolt|p2a: Dart Frog\n|-damage|p2a: Dart Frog|5\/100\n|move|p2a: Dart Frog|Poison Jab|p1a: FurSuit\n|-damage|p1a: FurSuit|45\/100\n|-status|p1a: FurSuit|psn\n|-enditem|p1a: FurSuit|Air Balloon\n|\n|-damage|p1a: FurSuit|33\/100 psn|[from] psn\n|upkeep\n|turn|26\n|\n|t:|1699753346\n|move|p1a: FurSuit|Thunderbolt|p2a: Dart Frog\n|-crit|p2a: Dart Frog\n|-damage|p2a: Dart Frog|0 fnt\n|faint|p2a: Dart Frog\n|\n|-damage|p1a: FurSuit|21\/100 psn|[from] psn\n|upkeep\n|\n|t:|1699753348\n|switch|p2a: Charge Frog|Bellibolt, F|100\/100\n|turn|27\n|\n|t:|1699753353\n|move|p1a: FurSuit|Grass Knot|p2a: Charge Frog\n|-damage|p2a: Charge Frog|72\/100\n|-start|p2a: Charge Frog|Charge|Grass Knot|[from] ability: Electromorphosis\n|move|p2a: Charge Frog|Charge Beam|p1a: FurSuit\n|-heal|p1a: FurSuit|46\/100 psn|[from] ability: Volt Absorb|[of] p2a: Charge Frog\n|-end|p2a: Charge Frog|Charge|[silent]\n|\n|-heal|p2a: Charge Frog|78\/100|[from] item: Leftovers\n|-damage|p1a: FurSuit|33\/100 psn|[from] psn\n|upkeep\n|turn|28\n|\n|t:|1699753362\n|switch|p1a: Harder|Urshifu-Rapid-Strike, M|59\/100\n|move|p2a: Charge Frog|Muddy Water|p1a: Harder\n|-resisted|p1a: Harder\n|-damage|p1a: Harder|44\/100\n|\n|-heal|p2a: Charge Frog|85\/100|[from] item: Leftovers\n|upkeep\n|turn|29\n|c|\u2606Fallout 3 Enjoyer|i forgot about volt absorb lmao\n|\n|t:|1699753371\n|move|p1a: Harder|Surging Strikes|p2a: Charge Frog\n|-crit|p2a: Charge Frog\n|-damage|p2a: Charge Frog|70\/100\n|-start|p2a: Charge Frog|Charge|Surging Strikes|[from] ability: Electromorphosis\n|-crit|p2a: Charge Frog\n|-damage|p2a: Charge Frog|57\/100\n|-start|p2a: Charge Frog|Charge|Surging Strikes|[from] ability: Electromorphosis\n|-crit|p2a: Charge Frog\n|-damage|p2a: Charge Frog|44\/100\n|-start|p2a: Charge Frog|Charge|Surging Strikes|[from] ability: Electromorphosis\n|-hitcount|p2a: Charge Frog|3\n|move|p2a: Charge Frog|Parabolic Charge|p1a: Harder\n|-supereffective|p1a: Harder\n|-damage|p1a: Harder|0 fnt\n|-heal|p2a: Charge Frog|61\/100|[from] drain|[of] p1a: Harder\n|faint|p1a: Harder\n|-end|p2a: Charge Frog|Charge|[silent]\n|\n|-heal|p2a: Charge Frog|68\/100|[from] item: Leftovers\n|upkeep\n|\n|t:|1699753382\n|switch|p1a: FurSuit|Zeraora|33\/100 psn\n|turn|30\n|\n|t:|1699753389\n|-terastallize|p1a: FurSuit|Grass\n|move|p1a: FurSuit|Calm Mind|p1a: FurSuit\n|-boost|p1a: FurSuit|spa|1\n|-boost|p1a: FurSuit|spd|1\n|move|p2a: Charge Frog|Muddy Water|p1a: FurSuit|[miss]\n|-miss|p2a: Charge Frog|p1a: FurSuit\n|\n|-heal|p2a: Charge Frog|74\/100|[from] item: Leftovers\n|-damage|p1a: FurSuit|21\/100 psn|[from] psn\n|upkeep\n|turn|31\n|\n|t:|1699753393\n|move|p1a: FurSuit|Grass Knot|p2a: Charge Frog\n|-damage|p2a: Charge Frog|8\/100\n|-start|p2a: Charge Frog|Charge|Grass Knot|[from] ability: Electromorphosis\n|move|p2a: Charge Frog|Muddy Water|p1a: FurSuit\n|-resisted|p1a: FurSuit\n|-damage|p1a: FurSuit|12\/100 psn\n|\n|-heal|p2a: Charge Frog|14\/100|[from] item: Leftovers\n|-damage|p1a: FurSuit|0 fnt|[from] psn\n|faint|p1a: FurSuit\n|\n|win|Fallout 3 Enjoyer\n|upkeep\n|raw|TheSlowbroGuy's rating: 1154 &rarr; <strong>1130<\/strong><br \/>(-24 for losing)\n|raw|Fallout 3 Enjoyer's rating: 1166 &rarr; <strong>1190<\/strong><br \/>(+24 for winning)\n|l|\u2606TheSlowbroGuy\n|c|\u2606Fallout 3 Enjoyer|gg\n","uploadtime":1699753405,"views":10,"p1id":"theslowbroguy","p2id":"fallout3enjoyer","formatid":"gen9nationaldex","rating":1130,"private":0,"password":""}