{"id":"gen9nationaldex-1997939741","p1":"Pokeinny","p2":"sdfwsefesfdf","format":"[Gen 9] National Dex","log":"|html|<div class=\"broadcast-blue\"><strong>[Gen 9] National Dex is currently suspecting Sneasler! For information on how to participate check out the <a href=\"https:\/\/www.smogon.com\/forums\/threads\/sv-national-dex-suspect-8-just-dance.3731534\/\">suspect thread<\/a>.<\/strong><\/div>\n|j|\u2606Pokeinny\n|j|\u2606sdfwsefesfdf\n|t:|1700869881\n|gametype|singles\n|player|p1|Pokeinny|hilda|1108\n|player|p2|sdfwsefesfdf|1|1072\n|teamsize|p1|6\n|teamsize|p2|6\n|gen|9\n|tier|[Gen 9] National Dex\n|rated|\n|rule|HP Percentage Mod: HP is shown in percentages\n|rule|Endless Battle Clause: Forcing endless battles is banned\n|rule|OHKO Clause: OHKO moves are banned\n|rule|Evasion Clause: Evasion abilities, items, and moves are banned\n|rule|Evasion Abilities Clause: Evasion abilities are banned\n|rule|Evasion Items Clause: Evasion items are banned\n|rule|Evasion Moves Clause: Evasion moves are banned\n|rule|Species Clause: Limit one of each Pok\u00e9mon\n|rule|Sleep Clause Mod: Limit one foe put to sleep\n|clearpoke\n|poke|p1|Lokix, M|\n|poke|p1|Clodsire, F|\n|poke|p1|Garganacl, M|\n|poke|p1|Azumarill, F|\n|poke|p1|Great Tusk|\n|poke|p1|Charizard, M|\n|poke|p2|Smeargle, M|\n|poke|p2|Greninja-*, M|\n|poke|p2|Landorus-Therian, M|\n|poke|p2|Zapdos-Galar|\n|poke|p2|Aegislash, M|\n|poke|p2|Charizard, F|\n|teampreview\n|\n|t:|1700869900\n|start\n|switch|p1a: Garganacl|Garganacl, M|100\/100\n|switch|p2a: Smeargle|Smeargle, M|100\/100\n|turn|1\n|\n|t:|1700869910\n|move|p2a: Smeargle|Taunt|p1a: Garganacl\n|-start|p1a: Garganacl|move: Taunt\n|cant|p1a: Garganacl|move: Taunt|Stealth Rock\n|\n|upkeep\n|turn|2\n|\n|t:|1700869917\n|switch|p1a: Clodsire|Clodsire, F|100\/100\n|move|p2a: Smeargle|Sticky Web|p1a: Clodsire\n|-sidestart|p1: Pokeinny|move: Sticky Web\n|\n|upkeep\n|turn|3\n|\n|t:|1700869930\n|move|p2a: Smeargle|Taunt|p1a: Clodsire\n|-start|p1a: Clodsire|move: Taunt\n|move|p1a: Clodsire|Gunk Shot|p2a: Smeargle|[miss]\n|-miss|p1a: Clodsire|p2a: Smeargle\n|\n|upkeep\n|turn|4\n|\n|t:|1700869937\n|switch|p2a: Landorus|Landorus-Therian, M|100\/100\n|-ability|p2a: Landorus|Intimidate|boost\n|-unboost|p1a: Clodsire|atk|1\n|move|p1a: Clodsire|Gunk Shot|p2a: Landorus\n|-resisted|p2a: Landorus\n|-damage|p2a: Landorus|90\/100\n|\n|-heal|p2a: Landorus|96\/100|[from] item: Leftovers\n|upkeep\n|turn|5\n|\n|t:|1700869955\n|switch|p1a: Great Tusk|Great Tusk|100\/100\n|-activate|p1a: Great Tusk|move: Sticky Web\n|-unboost|p1a: Great Tusk|spe|1\n|-enditem|p1a: Great Tusk|Booster Energy\n|-activate|p1a: Great Tusk|ability: Protosynthesis|[fromitem]\n|-start|p1a: Great Tusk|protosynthesisatk\n|move|p2a: Landorus|Stealth Rock|p1a: Great Tusk\n|-sidestart|p1: Pokeinny|move: Stealth Rock\n|\n|-heal|p2a: Landorus|100\/100|[from] item: Leftovers\n|upkeep\n|turn|6\n|\n|t:|1700869965\n|move|p2a: Landorus|Toxic|p1a: Great Tusk\n|-status|p1a: Great Tusk|tox\n|move|p1a: Great Tusk|Rapid Spin|p2a: Landorus\n|-damage|p2a: Landorus|80\/100\n|-boost|p1a: Great Tusk|spe|1\n|-sideend|p1: Pokeinny|Stealth Rock|[from] move: Rapid Spin|[of] p1a: Great Tusk\n|-sideend|p1: Pokeinny|Sticky Web|[from] move: Rapid Spin|[of] p1a: Great Tusk\n|\n|-heal|p2a: Landorus|86\/100|[from] item: Leftovers\n|-damage|p1a: Great Tusk|94\/100 tox|[from] psn\n|upkeep\n|turn|7\n|\n|t:|1700869980\n|move|p1a: Great Tusk|Ice Spinner|p2a: Landorus\n|-supereffective|p2a: Landorus\n|-damage|p2a: Landorus|0 fnt\n|faint|p2a: Landorus\n|\n|-damage|p1a: Great Tusk|82\/100 tox|[from] psn\n|upkeep\n|\n|t:|1700869995\n|switch|p2a: Charizard|Charizard, F|100\/100\n|turn|8\n|\n|t:|1700870005\n|-end|p1a: Great Tusk|Protosynthesis|[silent]\n|switch|p1a: Garganacl|Garganacl, M|100\/100\n|detailschange|p2a: Charizard|Charizard-Mega-Y, F\n|-mega|p2a: Charizard|Charizard|Charizardite Y\n|-weather|SunnyDay|[from] ability: Drought|[of] p2a: Charizard\n|move|p2a: Charizard|Air Slash|p1a: Garganacl\n|-resisted|p1a: Garganacl\n|-damage|p1a: Garganacl|76\/100\n|\n|-weather|SunnyDay|[upkeep]\n|upkeep\n|turn|9\n|\n|t:|1700870015\n|move|p2a: Charizard|Solar Beam||[still]\n|-prepare|p2a: Charizard|Solar Beam\n|-anim|p2a: Charizard|Solar Beam|p1a: Garganacl\n|-supereffective|p1a: Garganacl\n|-damage|p1a: Garganacl|0 fnt\n|faint|p1a: Garganacl\n|\n|-weather|SunnyDay|[upkeep]\n|upkeep\n|\n|t:|1700870039\n|switch|p1a: Clodsire|Clodsire, F|100\/100\n|turn|10\n|\n|t:|1700870048\n|switch|p2a: Zapdos|Zapdos-Galar|100\/100\n|move|p1a: Clodsire|Toxic Spikes|p2a: Zapdos\n|-sidestart|p2: sdfwsefesfdf|move: Toxic Spikes\n|\n|-weather|SunnyDay|[upkeep]\n|upkeep\n|turn|11\n|\n|t:|1700870053\n|move|p2a: Zapdos|Bulk Up|p2a: Zapdos\n|-boost|p2a: Zapdos|atk|1\n|-boost|p2a: Zapdos|def|1\n|move|p1a: Clodsire|Toxic Spikes|p2a: Zapdos\n|-sidestart|p2: sdfwsefesfdf|move: Toxic Spikes\n|\n|-weather|SunnyDay|[upkeep]\n|upkeep\n|turn|12\n|\n|t:|1700870062\n|move|p2a: Zapdos|Bulk Up|p2a: Zapdos\n|-boost|p2a: Zapdos|atk|1\n|-boost|p2a: Zapdos|def|1\n|move|p1a: Clodsire|Haze|p1a: Clodsire\n|-clearallboost\n|\n|-weather|none\n|upkeep\n|turn|13\n|\n|t:|1700870071\n|move|p2a: Zapdos|Bulk Up|p2a: Zapdos\n|-boost|p2a: Zapdos|atk|1\n|-boost|p2a: Zapdos|def|1\n|move|p1a: Clodsire|Gunk Shot|p2a: Zapdos\n|-damage|p2a: Zapdos|73\/100\n|\n|-heal|p2a: Zapdos|80\/100|[from] item: Leftovers\n|upkeep\n|turn|14\n|\n|t:|1700870078\n|move|p2a: Zapdos|Brave Bird|p1a: Clodsire\n|-damage|p1a: Clodsire|0 fnt\n|faint|p1a: Clodsire\n|-damage|p2a: Zapdos|32\/100|[from] Recoil\n|\n|-heal|p2a: Zapdos|38\/100|[from] item: Leftovers\n|upkeep\n|\n|t:|1700870087\n|switch|p1a: Great Tusk|Great Tusk|82\/100 tox\n|turn|15\n|\n|t:|1700870098\n|move|p1a: Great Tusk|Ice Spinner|p2a: Zapdos\n|-supereffective|p2a: Zapdos\n|-damage|p2a: Zapdos|0 fnt\n|faint|p2a: Zapdos\n|\n|-damage|p1a: Great Tusk|76\/100 tox|[from] psn\n|upkeep\n|\n|t:|1700870111\n|switch|p2a: Smeargle|Smeargle, M|100\/100\n|-status|p2a: Smeargle|tox\n|turn|16\n|\n|t:|1700870115\n|move|p1a: Great Tusk|Close Combat|p2a: Smeargle\n|-supereffective|p2a: Smeargle\n|-enditem|p2a: Smeargle|Focus Sash\n|-damage|p2a: Smeargle|1\/100 tox\n|-unboost|p1a: Great Tusk|def|1\n|-unboost|p1a: Great Tusk|spd|1\n|move|p2a: Smeargle|Sticky Web|p1a: Great Tusk\n|-sidestart|p1: Pokeinny|move: Sticky Web\n|\n|-damage|p1a: Great Tusk|63\/100 tox|[from] psn\n|-damage|p2a: Smeargle|0 fnt|[from] psn\n|faint|p2a: Smeargle\n|upkeep\n|\n|t:|1700870119\n|switch|p2a: Greninja|Greninja, M|100\/100\n|-status|p2a: Greninja|tox\n|turn|17\n|\n|t:|1700870128\n|move|p2a: Greninja|Hydro Pump|p1a: Great Tusk\n|-supereffective|p1a: Great Tusk\n|-damage|p1a: Great Tusk|0 fnt\n|faint|p1a: Great Tusk\n|-end|p1a: Great Tusk|Protosynthesis|[silent]\n|-ability|p2a: Greninja|Battle Bond|boost\n|-boost|p2a: Greninja|atk|1\n|-boost|p2a: Greninja|spa|1\n|-boost|p2a: Greninja|spe|1\n|-activate|p2a: Greninja|ability: Battle Bond\n|-damage|p2a: Greninja|91\/100 tox|[from] item: Life Orb\n|\n|-damage|p2a: Greninja|85\/100 tox|[from] psn\n|upkeep\n|inactive|Battle timer is ON: inactive players will automatically lose when time's up. (requested by sdfwsefesfdf)\n|\n|t:|1700870146\n|switch|p1a: Azumarill|Azumarill, F|100\/100\n|turn|18\n|\n|t:|1700870155\n|move|p2a: Greninja|Hydro Pump|p1a: Azumarill\n|-resisted|p1a: Azumarill\n|-damage|p1a: Azumarill|52\/100\n|-damage|p2a: Greninja|75\/100 tox|[from] item: Life Orb\n|move|p1a: Azumarill|Play Rough|p2a: Greninja\n|-supereffective|p2a: Greninja\n|-damage|p2a: Greninja|0 fnt\n|faint|p2a: Greninja\n|\n|upkeep\n|\n|t:|1700870164\n|switch|p2a: Charizard|Charizard-Mega-Y, F|100\/100\n|-weather|SunnyDay|[from] ability: Drought|[of] p2a: Charizard\n|turn|19\n|\n|t:|1700870173\n|move|p2a: Charizard|Air Slash|p1a: Azumarill\n|-damage|p1a: Azumarill|0 fnt\n|faint|p1a: Azumarill\n|\n|-weather|SunnyDay|[upkeep]\n|upkeep\n|\n|t:|1700870179\n|switch|p1a: Charizard|Charizard, M|100\/100\n|turn|20\n|\n|t:|1700870187\n|detailschange|p1a: Charizard|Charizard-Mega-Y, M\n|-mega|p1a: Charizard|Charizard|Charizardite Y\n|move|p2a: Charizard|Air Slash|p1a: Charizard\n|-damage|p1a: Charizard|53\/100\n|move|p1a: Charizard|Dragon Tail|p2a: Charizard\n|-damage|p2a: Charizard|80\/100\n|drag|p2a: Aegislash|Aegislash, M|100\/100\n|\n|-weather|SunnyDay|[upkeep]\n|upkeep\n|turn|21\n|\n|t:|1700870204\n|-formechange|p2a: Aegislash|Aegislash-Blade||[from] ability: Stance Change\n|move|p2a: Aegislash|Shadow Sneak|p1a: Charizard\n|-damage|p1a: Charizard|4\/100\n|move|p1a: Charizard|Weather Ball|p2a: Aegislash\n|-supereffective|p2a: Aegislash\n|-damage|p2a: Aegislash|0 fnt\n|faint|p2a: Aegislash\n|\n|-weather|SunnyDay|[upkeep]\n|upkeep\n|\n|t:|1700870207\n|switch|p2a: Charizard|Charizard-Mega-Y, F|80\/100\n|turn|22\n|\n|t:|1700870216\n|move|p1a: Charizard|Air Slash|p2a: Charizard\n|-damage|p2a: Charizard|34\/100\n|move|p2a: Charizard|Flamethrower|p1a: Charizard\n|-resisted|p1a: Charizard\n|-damage|p1a: Charizard|0 fnt\n|faint|p1a: Charizard\n|\n|-weather|SunnyDay|[upkeep]\n|upkeep\n|\n|t:|1700870224\n|switch|p1a: Lokix|Lokix, M|100\/100\n|-activate|p1a: Lokix|move: Sticky Web\n|-unboost|p1a: Lokix|spe|1\n|turn|23\n|\n|t:|1700870230\n|-terastallize|p1a: Lokix|Flying\n|move|p1a: Lokix|Sucker Punch|p2a: Charizard\n|-damage|p2a: Charizard|0 fnt\n|faint|p2a: Charizard\n|\n|win|Pokeinny\n|raw|Pokeinny's rating: 1108 &rarr; <strong>1130<\/strong><br \/>(+22 for winning)\n|raw|sdfwsefesfdf's rating: 1072 &rarr; <strong>1053<\/strong><br \/>(-19 for losing)\n|l|\u2606sdfwsefesfdf\n|c|\u2606Pokeinny|gg\n","uploadtime":1700870240,"views":3,"p1id":"pokeinny","p2id":"sdfwsefesfdf","formatid":"gen9nationaldex","rating":1053,"private":0,"password":""}