{"id":"gen9nationaldex-1993133769","p1":"tbor2002","p2":"lunchbox5536","format":"[Gen 9] National Dex","log":"|j|\u2606tbor2002\n|j|\u2606lunchbox5536\n|t:|1700268751\n|gametype|singles\n|player|p1|tbor2002|wattson|\n|player|p2|lunchbox5536|ghetsis|\n|teamsize|p1|6\n|teamsize|p2|6\n|gen|9\n|tier|[Gen 9] National Dex\n|rule|HP Percentage Mod: HP is shown in percentages\n|rule|Endless Battle Clause: Forcing endless battles is banned\n|rule|OHKO Clause: OHKO moves are banned\n|rule|Evasion Clause: Evasion abilities, items, and moves are banned\n|rule|Evasion Abilities Clause: Evasion abilities are banned\n|rule|Evasion Items Clause: Evasion items are banned\n|rule|Evasion Moves Clause: Evasion moves are banned\n|rule|Species Clause: Limit one of each Pok\u00e9mon\n|rule|Sleep Clause Mod: Limit one foe put to sleep\n|clearpoke\n|poke|p1|Zamazenta-*|\n|poke|p1|Muk-Alola, F|\n|poke|p1|Jolteon, F|\n|poke|p1|Eelektross, M|\n|poke|p1|Crabominable, F|\n|poke|p1|Glimmet, F|\n|poke|p2|Lilligant-Hisui, F|\n|poke|p2|Zoroark-Hisui, F|\n|poke|p2|Grimmsnarl, M|\n|poke|p2|Sableye, F|\n|poke|p2|Klawf, F|\n|poke|p2|Shelgon, M|\n|teampreview\n|\n|t:|1700268774\n|start\n|switch|p1a: Crabominable|Crabominable, F|100\/100\n|switch|p2a: Hello and Goodbye|Shelgon, M|100\/100\n|turn|1\n|j| BriefStar\n|\n|t:|1700268800\n|-terastallize|p1a: Crabominable|Fairy\n|move|p2a: Hello and Goodbye|Toxic|p1a: Crabominable\n|-status|p1a: Crabominable|tox\n|move|p1a: Crabominable|Ice Hammer|p2a: Hello and Goodbye\n|-supereffective|p2a: Hello and Goodbye\n|-damage|p2a: Hello and Goodbye|37\/100\n|-unboost|p1a: Crabominable|spe|1\n|\n|-damage|p1a: Crabominable|94\/100 tox|[from] psn\n|upkeep\n|turn|2\n|\n|t:|1700268812\n|switch|p1a: Muk|Muk-Alola, F|100\/100\n|move|p2a: Hello and Goodbye|Sunny Day|p2a: Hello and Goodbye\n|-weather|SunnyDay\n|\n|-weather|SunnyDay|[upkeep]\n|upkeep\n|turn|3\n|\n|t:|1700268821\n|switch|p1a: Jolteon|Jolteon, F|100\/100\n|move|p2a: Hello and Goodbye|Wish|p2a: Hello and Goodbye\n|\n|-weather|SunnyDay|[upkeep]\n|upkeep\n|turn|4\n|\n|t:|1700268831\n|move|p1a: Jolteon|Rain Dance|p1a: Jolteon\n|-weather|RainDance\n|move|p2a: Hello and Goodbye|Toxic|p1a: Jolteon\n|-status|p1a: Jolteon|tox\n|\n|-weather|RainDance|[upkeep]\n|-heal|p2a: Hello and Goodbye|87\/100|[from] move: Wish|[wisher] Hello and Goodbye\n|-damage|p1a: Jolteon|95\/100 tox|[from] psn\n|upkeep\n|turn|5\n|\n|t:|1700268843\n|switch|p1a: Crabominable|Crabominable, F, tera:Fairy|94\/100 tox\n|move|p2a: Hello and Goodbye|Sunny Day|p2a: Hello and Goodbye\n|-weather|SunnyDay\n|\n|-weather|SunnyDay|[upkeep]\n|-damage|p1a: Crabominable|88\/100 tox|[from] psn\n|upkeep\n|turn|6\n|\n|t:|1700268858\n|move|p2a: Hello and Goodbye|Crunch|p1a: Crabominable\n|-resisted|p1a: Crabominable\n|-damage|p1a: Crabominable|79\/100 tox\n|move|p1a: Crabominable|Ice Hammer|p2a: Hello and Goodbye\n|-supereffective|p2a: Hello and Goodbye\n|-damage|p2a: Hello and Goodbye|15\/100\n|-unboost|p1a: Crabominable|spe|1\n|\n|-weather|SunnyDay|[upkeep]\n|-damage|p1a: Crabominable|67\/100 tox|[from] psn\n|upkeep\n|turn|7\n|\n|t:|1700268871\n|move|p2a: Hello and Goodbye|Wish|p2a: Hello and Goodbye\n|move|p1a: Crabominable|Ice Hammer|p2a: Hello and Goodbye\n|-supereffective|p2a: Hello and Goodbye\n|-damage|p2a: Hello and Goodbye|0 fnt\n|-unboost|p1a: Crabominable|spe|1\n|faint|p2a: Hello and Goodbye\n|\n|-weather|SunnyDay|[upkeep]\n|-damage|p1a: Crabominable|49\/100 tox|[from] psn\n|upkeep\n|\n|t:|1700268879\n|switch|p2a: Lilligant|Lilligant-Hisui, F, shiny|100\/100\n|turn|8\n|\n|t:|1700268908\n|switch|p1a: Glimmet|Glimmet, F|100\/100\n|-terastallize|p2a: Lilligant|Fighting\n|move|p2a: Lilligant|Swords Dance|p2a: Lilligant\n|-boost|p2a: Lilligant|atk|2\n|\n|-weather|SunnyDay|[upkeep]\n|upkeep\n|turn|9\n|\n|t:|1700268919\n|move|p2a: Lilligant|Solar Blade||[still]\n|-prepare|p2a: Lilligant|Solar Blade\n|-anim|p2a: Lilligant|Solar Blade|p1a: Glimmet\n|-enditem|p1a: Glimmet|Focus Sash\n|-damage|p1a: Glimmet|1\/100\n|-activate|p1a: Glimmet|ability: Toxic Debris\n|-sidestart|p2: lunchbox5536|move: Toxic Spikes\n|-damage|p2a: Lilligant|91\/100|[from] item: Life Orb\n|move|p1a: Glimmet|Power Gem|p2a: Lilligant\n|-resisted|p2a: Lilligant\n|-damage|p2a: Lilligant|62\/100\n|\n|-weather|none\n|upkeep\n|turn|10\n|\n|t:|1700268935\n|move|p2a: Lilligant|Ice Spinner|p1a: Glimmet\n|-damage|p1a: Glimmet|0 fnt\n|-activate|p1a: Glimmet|ability: Toxic Debris\n|-sidestart|p2: lunchbox5536|move: Toxic Spikes\n|faint|p1a: Glimmet\n|-damage|p2a: Lilligant|52\/100|[from] item: Life Orb\n|\n|upkeep\n|\n|t:|1700268957\n|switch|p1a: Eelektross|Eelektross, M|100\/100\n|turn|11\n|\n|t:|1700268969\n|move|p2a: Lilligant|Close Combat|p1a: Eelektross\n|-damage|p1a: Eelektross|0 fnt\n|-unboost|p2a: Lilligant|def|1\n|-unboost|p2a: Lilligant|spd|1\n|faint|p1a: Eelektross\n|-damage|p2a: Lilligant|42\/100|[from] item: Life Orb\n|\n|upkeep\n|\n|t:|1700268978\n|switch|p1a: Jolteon|Jolteon, F|95\/100 tox\n|turn|12\n|\n|t:|1700268985\n|move|p1a: Jolteon|Thunderbolt|p2a: Lilligant\n|-damage|p2a: Lilligant|0 fnt\n|faint|p2a: Lilligant\n|\n|-damage|p1a: Jolteon|89\/100 tox|[from] psn\n|upkeep\n|\n|t:|1700269003\n|switch|p2a: Sableye|Sableye, F|100\/100\n|-status|p2a: Sableye|tox\n|turn|13\n|\n|t:|1700269012\n|switch|p1a: Muk|Muk-Alola, F|100\/100\n|move|p2a: Sableye|Shadow Ball|p1a: Muk\n|-resisted|p1a: Muk\n|-damage|p1a: Muk|83\/100\n|\n|-damage|p2a: Sableye|95\/100 tox|[from] psn\n|upkeep\n|turn|14\n|\n|t:|1700269021\n|switch|p2a: AAAAAAAAAAAA|Klawf, F|100\/100\n|-status|p2a: AAAAAAAAAAAA|tox\n|move|p1a: Muk|Knock Off|p2a: AAAAAAAAAAAA\n|-crit|p2a: AAAAAAAAAAAA\n|-damage|p2a: AAAAAAAAAAAA|40\/100 tox\n|-enditem|p2a: AAAAAAAAAAAA|Leftovers|[from] move: Knock Off|[of] p1a: Muk\n|\n|-damage|p2a: AAAAAAAAAAAA|34\/100 tox|[from] psn\n|upkeep\n|turn|15\n|\n|t:|1700269040\n|move|p2a: AAAAAAAAAAAA|High Horsepower|p1a: Muk\n|-supereffective|p1a: Muk\n|-damage|p1a: Muk|21\/100\n|move|p1a: Muk|Brick Break|p2a: AAAAAAAAAAAA\n|-supereffective|p2a: AAAAAAAAAAAA\n|-damage|p2a: AAAAAAAAAAAA|0 fnt\n|faint|p2a: AAAAAAAAAAAA\n|\n|upkeep\n|\n|t:|1700269053\n|switch|p2a: Sableye|Sableye, F|95\/100 tox\n|turn|16\n|\n|t:|1700269062\n|move|p2a: Sableye|Flamethrower|p1a: Muk\n|-damage|p1a: Muk|0 fnt\n|faint|p1a: Muk\n|\n|-damage|p2a: Sableye|89\/100 tox|[from] psn\n|upkeep\n|\n|t:|1700269077\n|switch|p1a: Zamazenta|Zamazenta, shiny|100\/100\n|-ability|p1a: Zamazenta|Dauntless Shield|boost\n|-boost|p1a: Zamazenta|def|1\n|turn|17\n|\n|t:|1700269088\n|move|p1a: Zamazenta|Substitute|p1a: Zamazenta\n|-start|p1a: Zamazenta|Substitute\n|-damage|p1a: Zamazenta|75\/100\n|move|p2a: Sableye|Flamethrower|p1a: Zamazenta\n|-end|p1a: Zamazenta|Substitute\n|\n|-heal|p1a: Zamazenta|82\/100|[from] item: Leftovers\n|-damage|p2a: Sableye|77\/100 tox|[from] psn\n|upkeep\n|turn|18\n|\n|t:|1700269097\n|switch|p2a: Sableye|Sableye, F|100\/100\n|-status|p2a: Sableye|tox\n|move|p1a: Zamazenta|Crunch|p2a: Sableye\n|-damage|p2a: Sableye|68\/100 tox\n|\n|-heal|p1a: Zamazenta|88\/100|[from] item: Leftovers\n|-damage|p2a: Sableye|62\/100 tox|[from] psn\n|upkeep\n|turn|19\n|\n|t:|1700269114\n|switch|p1a: Crabominable|Crabominable, F, tera:Fairy|49\/100 tox\n|move|p2a: Sableye|Encore||[still]\n|-fail|p2a: Sableye\n|\n|-damage|p2a: Sableye|50\/100 tox|[from] psn\n|-damage|p1a: Crabominable|43\/100 tox|[from] psn\n|upkeep\n|turn|20\n|\n|t:|1700269128\n|move|p2a: Sableye|Recover|p2a: Sableye\n|-heal|p2a: Sableye|99\/100 tox\n|move|p1a: Crabominable|Thunder Punch|p2a: Sableye\n|-damage|p2a: Sableye|49\/100 tox\n|\n|-damage|p2a: Sableye|31\/100 tox|[from] psn\n|-damage|p1a: Crabominable|31\/100 tox|[from] psn\n|upkeep\n|turn|21\n|\n|t:|1700269138\n|move|p2a: Sableye|Recover|p2a: Sableye\n|-heal|p2a: Sableye|81\/100 tox\n|move|p1a: Crabominable|Ice Hammer|p2a: Sableye\n|-damage|p2a: Sableye|0 fnt\n|-unboost|p1a: Crabominable|spe|1\n|faint|p2a: Sableye\n|\n|-damage|p1a: Crabominable|13\/100 tox|[from] psn\n|upkeep\n|\n|t:|1700269158\n|switch|p2a: Krampus|Grimmsnarl, M|100\/100\n|-status|p2a: Krampus|tox\n|turn|22\n|\n|t:|1700269172\n|move|p2a: Krampus|Play Rough|p1a: Crabominable\n|-damage|p1a: Crabominable|0 fnt\n|faint|p1a: Crabominable\n|\n|-damage|p2a: Krampus|94\/100 tox|[from] psn\n|upkeep\n|\n|t:|1700269179\n|switch|p1a: Jolteon|Jolteon, F|89\/100 tox\n|turn|23\n|\n|t:|1700269183\n|move|p1a: Jolteon|Thunderbolt|p2a: Krampus\n|-damage|p2a: Krampus|52\/100 tox\n|move|p2a: Krampus|Play Rough|p1a: Jolteon\n|-damage|p1a: Jolteon|3\/100 tox\n|-unboost|p1a: Jolteon|atk|1\n|\n|-damage|p1a: Jolteon|0 fnt|[from] psn\n|faint|p1a: Jolteon\n|-damage|p2a: Krampus|39\/100 tox|[from] psn\n|upkeep\n|\n|t:|1700269193\n|switch|p1a: Zamazenta|Zamazenta, shiny|88\/100\n|turn|24\n|\n|t:|1700269213\n|move|p1a: Zamazenta|Body Press|p2a: Krampus\n|-crit|p2a: Krampus\n|-damage|p2a: Krampus|0 fnt\n|faint|p2a: Krampus\n|\n|-heal|p1a: Zamazenta|94\/100|[from] item: Leftovers\n|upkeep\n|\n|t:|1700269218\n|switch|p2a: Oh Hi There|Zoroark-Hisui, F, shiny|77\/100 tox\n|turn|25\n|\n|t:|1700269224\n|move|p1a: Zamazenta|Crunch|p2a: Oh Hi There\n|-supereffective|p2a: Oh Hi There\n|-damage|p2a: Oh Hi There|0 fnt\n|faint|p2a: Oh Hi There\n|\n|win|tbor2002\n","uploadtime":1700269230,"views":6,"p1id":"tbor2002","p2id":"lunchbox5536","formatid":"gen9nationaldex","rating":0,"private":0,"password":""}