{"id":"gen9nationaldex-1991941107","p1":"ItsaMeLuigiHere","p2":"HaveFunwithbattle","format":"[Gen 9] National Dex","log":"|j|\u2606ItsaMeLuigiHere\n|j|\u2606HaveFunwithbattle\n|t:|1700140719\n|gametype|singles\n|player|p1|ItsaMeLuigiHere|brycenman|1216\n|player|p2|HaveFunwithbattle|workerice|1258\n|teamsize|p1|6\n|teamsize|p2|6\n|gen|9\n|tier|[Gen 9] National Dex\n|rated|\n|rule|HP Percentage Mod: HP is shown in percentages\n|rule|Endless Battle Clause: Forcing endless battles is banned\n|rule|OHKO Clause: OHKO moves are banned\n|rule|Evasion Clause: Evasion abilities, items, and moves are banned\n|rule|Evasion Abilities Clause: Evasion abilities are banned\n|rule|Evasion Items Clause: Evasion items are banned\n|rule|Evasion Moves Clause: Evasion moves are banned\n|rule|Species Clause: Limit one of each Pok\u00e9mon\n|rule|Sleep Clause Mod: Limit one foe put to sleep\n|clearpoke\n|poke|p1|Donphan, M|\n|poke|p1|Samurott-Hisui, F|\n|poke|p1|Venusaur, M|\n|poke|p1|Iron Valiant|\n|poke|p1|Clefable, F|\n|poke|p1|Sneasler, M|\n|poke|p2|Gardevoir, M|\n|poke|p2|Galvantula, M|\n|poke|p2|Ogerpon-Wellspring, F|\n|poke|p2|Slowking-Galar, F|\n|poke|p2|Umbreon, F|\n|poke|p2|Kartana|\n|teampreview\n|inactive|Battle timer is ON: inactive players will automatically lose when time's up. (requested by HaveFunwithbattle)\n|\n|t:|1700140726\n|start\n|switch|p1a: The Core|Donphan, M, shiny|100\/100\n|switch|p2a: Galvantula|Galvantula, M, shiny|100\/100\n|turn|1\n|\n|t:|1700140732\n|move|p2a: Galvantula|Bug Buzz|p1a: The Core\n|-damage|p1a: The Core|53\/100\n|move|p1a: The Core|Rapid Spin|p2a: Galvantula\n|-damage|p2a: Galvantula|69\/100\n|-boost|p1a: The Core|spe|1\n|\n|upkeep\n|turn|2\n|\n|t:|1700140738\n|switch|p2a: Umbreon|Umbreon, F, shiny|100\/100\n|move|p1a: The Core|Earthquake|p2a: Umbreon\n|-damage|p2a: Umbreon|61\/100\n|\n|-heal|p2a: Umbreon|67\/100|[from] item: Leftovers\n|upkeep\n|turn|3\n|\n|t:|1700140743\n|move|p1a: The Core|Knock Off|p2a: Umbreon\n|-resisted|p2a: Umbreon\n|-damage|p2a: Umbreon|53\/100\n|-enditem|p2a: Umbreon|Leftovers|[from] move: Knock Off|[of] p1a: The Core\n|move|p2a: Umbreon|Wish|p2a: Umbreon\n|\n|upkeep\n|turn|4\n|\n|t:|1700140751\n|switch|p1a: Hakuro|Samurott-Hisui, F|100\/100\n|move|p2a: Umbreon|Foul Play|p1a: Hakuro\n|-resisted|p1a: Hakuro\n|-damage|p1a: Hakuro|72\/100\n|\n|-heal|p2a: Umbreon|100\/100|[from] move: Wish|[wisher] Umbreon\n|upkeep\n|turn|5\n|\n|t:|1700140756\n|move|p1a: Hakuro|Flip Turn|p2a: Umbreon\n|-damage|p2a: Umbreon|79\/100\n|\n|t:|1700140760\n|switch|p1a: Lunaris|Clefable, F|100\/100|[from] Flip Turn\n|move|p2a: Umbreon|Toxic|p1a: Lunaris\n|-status|p1a: Lunaris|tox\n|\n|upkeep\n|turn|6\n|\n|t:|1700140768\n|move|p2a: Umbreon|Protect|p2a: Umbreon\n|-singleturn|p2a: Umbreon|Protect\n|move|p1a: Lunaris|Trick|p2a: Umbreon\n|-activate|p2a: Umbreon|move: Protect\n|\n|upkeep\n|turn|7\n|\n|t:|1700140775\n|switch|p2a: Galvantula|Galvantula, M, shiny|69\/100\n|move|p1a: Lunaris|Moonblast|p2a: Galvantula\n|-damage|p2a: Galvantula|13\/100\n|\n|upkeep\n|turn|8\n|\n|t:|1700140781\n|move|p2a: Galvantula|Sticky Web|p1a: Lunaris\n|-sidestart|p1: ItsaMeLuigiHere|move: Sticky Web\n|move|p1a: Lunaris|Flamethrower|p2a: Galvantula\n|-supereffective|p2a: Galvantula\n|-damage|p2a: Galvantula|0 fnt\n|faint|p2a: Galvantula\n|\n|upkeep\n|\n|t:|1700140788\n|switch|p2a: Ogerpon|Ogerpon-Wellspring, F|100\/100\n|turn|9\n|\n|t:|1700140791\n|move|p2a: Ogerpon|Swords Dance|p2a: Ogerpon\n|-boost|p2a: Ogerpon|atk|2\n|move|p1a: Lunaris|Moonblast|p2a: Ogerpon\n|-damage|p2a: Ogerpon|67\/100\n|\n|upkeep\n|turn|10\n|\n|t:|1700140799\n|-terastallize|p2a: Ogerpon|Water\n|detailschange|p2a: Ogerpon|Ogerpon-Wellspring-Tera, F, tera:Water\n|-ability|p2a: Ogerpon|Embody Aspect (Wellspring)|boost\n|-boost|p2a: Ogerpon|spd|1\n|move|p2a: Ogerpon|Ivy Cudgel|p1a: Lunaris|[anim] Ivy Cudgel Water\n|-damage|p1a: Lunaris|0 fnt\n|faint|p1a: Lunaris\n|\n|upkeep\n|\n|t:|1700140808\n|switch|p1a: Jumanji|Venusaur, M|100\/100\n|-activate|p1a: Jumanji|move: Sticky Web\n|-unboost|p1a: Jumanji|spe|1\n|turn|11\n|\n|t:|1700140813\n|detailschange|p1a: Jumanji|Venusaur-Mega, M\n|-mega|p1a: Jumanji|Venusaur|Venusaurite\n|move|p2a: Ogerpon|Ivy Cudgel|p1a: Jumanji|[anim] Ivy Cudgel Water\n|-resisted|p1a: Jumanji\n|-damage|p1a: Jumanji|54\/100\n|move|p1a: Jumanji|Leech Seed|p2a: Ogerpon\n|-start|p2a: Ogerpon|move: Leech Seed\n|\n|-damage|p2a: Ogerpon|54\/100|[from] Leech Seed|[of] p1a: Jumanji\n|-heal|p1a: Jumanji|64\/100|[silent]\n|upkeep\n|turn|12\n|\n|t:|1700140825\n|switch|p2a: Umbreon|Umbreon, F, shiny|79\/100\n|move|p1a: Jumanji|Giga Drain|p2a: Umbreon\n|-damage|p2a: Umbreon|61\/100\n|-heal|p1a: Jumanji|73\/100|[from] drain|[of] p2a: Umbreon\n|\n|upkeep\n|turn|13\n|\n|t:|1700140828\n|move|p2a: Umbreon|Wish|p2a: Umbreon\n|move|p1a: Jumanji|Leech Seed|p2a: Umbreon\n|-start|p2a: Umbreon|move: Leech Seed\n|\n|-damage|p2a: Umbreon|49\/100|[from] Leech Seed|[of] p1a: Jumanji\n|-heal|p1a: Jumanji|87\/100|[silent]\n|upkeep\n|turn|14\n|\n|t:|1700140833\n|move|p2a: Umbreon|Foul Play|p1a: Jumanji\n|-damage|p1a: Jumanji|72\/100\n|move|p1a: Jumanji|Sludge Bomb|p2a: Umbreon\n|-damage|p2a: Umbreon|29\/100\n|\n|-heal|p2a: Umbreon|79\/100|[from] move: Wish|[wisher] Umbreon\n|-damage|p2a: Umbreon|66\/100|[from] Leech Seed|[of] p1a: Jumanji\n|-heal|p1a: Jumanji|86\/100|[silent]\n|upkeep\n|turn|15\n|\n|t:|1700140840\n|move|p2a: Umbreon|Wish|p2a: Umbreon\n|move|p1a: Jumanji|Sludge Bomb|p2a: Umbreon\n|-damage|p2a: Umbreon|47\/100\n|\n|-damage|p2a: Umbreon|35\/100|[from] Leech Seed|[of] p1a: Jumanji\n|-heal|p1a: Jumanji|99\/100|[silent]\n|upkeep\n|turn|16\n|\n|t:|1700140845\n|switch|p2a: Ogerpon|Ogerpon-Wellspring-Tera, F, tera:Water|54\/100\n|-ability|p2a: Ogerpon|Embody Aspect (Wellspring)|boost\n|-boost|p2a: Ogerpon|spd|1\n|move|p1a: Jumanji|Earth Power|p2a: Ogerpon\n|-damage|p2a: Ogerpon|33\/100\n|\n|-heal|p2a: Ogerpon|99\/100|[from] move: Wish|[wisher] Umbreon\n|upkeep\n|turn|17\n|\n|t:|1700140849\n|switch|p2a: Slowking|Slowking-Galar, F, shiny|100\/100\n|move|p1a: Jumanji|Leech Seed|p2a: Slowking\n|-start|p2a: Slowking|move: Leech Seed\n|\n|-damage|p2a: Slowking|88\/100|[from] Leech Seed|[of] p1a: Jumanji\n|-heal|p1a: Jumanji|100\/100|[silent]\n|upkeep\n|turn|18\n|\n|t:|1700140852\n|move|p1a: Jumanji|Earth Power|p2a: Slowking\n|-supereffective|p2a: Slowking\n|-damage|p2a: Slowking|46\/100\n|move|p2a: Slowking|Future Sight|p1a: Jumanji\n|-start|p2a: Slowking|move: Future Sight\n|\n|-damage|p2a: Slowking|33\/100|[from] Leech Seed|[of] p1a: Jumanji\n|upkeep\n|turn|19\n|\n|t:|1700140858\n|switch|p2a: Kartana|Kartana, shiny|100\/100\n|move|p1a: Jumanji|Earth Power|p2a: Kartana\n|-damage|p2a: Kartana|25\/100\n|\n|upkeep\n|turn|20\n|\n|t:|1700140866\n|move|p2a: Kartana|Smart Strike|p1a: Jumanji\n|-damage|p1a: Jumanji|73\/100\n|move|p1a: Jumanji|Earth Power|p2a: Kartana\n|-damage|p2a: Kartana|0 fnt\n|faint|p2a: Kartana\n|\n|-end|p1a: Jumanji|move: Future Sight\n|-supereffective|p1a: Jumanji\n|-damage|p1a: Jumanji|5\/100\n|upkeep\n|\n|t:|1700140871\n|switch|p2a: Ogerpon|Ogerpon-Wellspring-Tera, F, tera:Water|99\/100\n|-ability|p2a: Ogerpon|Embody Aspect (Wellspring)|boost\n|-boost|p2a: Ogerpon|spd|1\n|turn|21\n|\n|t:|1700140878\n|move|p2a: Ogerpon|Ivy Cudgel|p1a: Jumanji|[anim] Ivy Cudgel Water\n|-resisted|p1a: Jumanji\n|-damage|p1a: Jumanji|0 fnt\n|faint|p1a: Jumanji\n|\n|upkeep\n|\n|t:|1700140894\n|switch|p1a: Gender|Iron Valiant|100\/100\n|-activate|p1a: Gender|move: Sticky Web\n|-unboost|p1a: Gender|spe|1\n|-enditem|p1a: Gender|Booster Energy\n|-activate|p1a: Gender|ability: Quark Drive|[fromitem]\n|-start|p1a: Gender|quarkdrivespa\n|turn|22\n|\n|t:|1700140910\n|-terastallize|p1a: Gender|Electric\n|move|p2a: Ogerpon|Play Rough|p1a: Gender\n|-damage|p1a: Gender|57\/100\n|move|p1a: Gender|Thunderbolt|p2a: Ogerpon\n|-supereffective|p2a: Ogerpon\n|-damage|p2a: Ogerpon|10\/100\n|\n|upkeep\n|turn|23\n|\n|t:|1700140919\n|switch|p2a: Umbreon|Umbreon, F, shiny|35\/100\n|move|p1a: Gender|Thunderbolt|p2a: Umbreon\n|-damage|p2a: Umbreon|4\/100\n|-status|p2a: Umbreon|par\n|\n|upkeep\n|turn|24\n|\n|t:|1700140927\n|move|p1a: Gender|Moonblast|p2a: Umbreon\n|-supereffective|p2a: Umbreon\n|-damage|p2a: Umbreon|0 fnt\n|faint|p2a: Umbreon\n|\n|upkeep\n|\n|t:|1700140930\n|switch|p2a: Gardevoir|Gardevoir, M, shiny|100\/100\n|turn|25\n|\n|t:|1700140937\n|detailschange|p2a: Gardevoir|Gardevoir-Mega, M, shiny\n|-mega|p2a: Gardevoir|Gardevoir|Gardevoirite\n|move|p2a: Gardevoir|Hyper Voice|p1a: Gender\n|-damage|p1a: Gender|0 fnt\n|faint|p1a: Gender\n|-end|p1a: Gender|Quark Drive|[silent]\n|\n|upkeep\n|\n|t:|1700140944\n|switch|p1a: Krueger|Sneasler, M|100\/100\n|-activate|p1a: Krueger|move: Sticky Web\n|-unboost|p1a: Krueger|spe|1\n|turn|26\n|\n|t:|1700140946\n|move|p2a: Gardevoir|Hyper Beam|p1a: Krueger\n|-damage|p1a: Krueger|0 fnt\n|-mustrecharge|p2a: Gardevoir\n|faint|p1a: Krueger\n|\n|upkeep\n|\n|t:|1700140949\n|switch|p1a: The Core|Donphan, M, shiny|53\/100\n|turn|27\n|\n|t:|1700140953\n|cant|p2a: Gardevoir|recharge\n|move|p1a: The Core|Rapid Spin|p2a: Gardevoir\n|-damage|p2a: Gardevoir|71\/100\n|-boost|p1a: The Core|spe|1\n|-sideend|p1: ItsaMeLuigiHere|Sticky Web|[from] move: Rapid Spin|[of] p1a: The Core\n|\n|upkeep\n|turn|28\n|\n|t:|1700140957\n|move|p2a: Gardevoir|Hyper Voice|p1a: The Core\n|-damage|p1a: The Core|0 fnt\n|faint|p1a: The Core\n|\n|upkeep\n|\n|t:|1700140959\n|switch|p1a: Hakuro|Samurott-Hisui, F|72\/100\n|turn|29\n|\n|t:|1700140963\n|move|p1a: Hakuro|Ceaseless Edge|p2a: Gardevoir\n|-damage|p2a: Gardevoir|0 fnt\n|-sidestart|p2: HaveFunwithbattle|Spikes\n|faint|p2a: Gardevoir\n|\n|upkeep\n|\n|t:|1700140967\n|switch|p2a: Slowking|Slowking-Galar, F, shiny|67\/100\n|turn|30\n|\n|t:|1700140969\n|move|p1a: Hakuro|Ceaseless Edge|p2a: Slowking\n|-supereffective|p2a: Slowking\n|-damage|p2a: Slowking|3\/100\n|-sidestart|p2: HaveFunwithbattle|Spikes\n|move|p2a: Slowking|Slack Off|p2a: Slowking\n|-heal|p2a: Slowking|53\/100\n|\n|upkeep\n|turn|31\n|\n|t:|1700140972\n|move|p1a: Hakuro|Ceaseless Edge|p2a: Slowking\n|-supereffective|p2a: Slowking\n|-damage|p2a: Slowking|0 fnt\n|-sidestart|p2: HaveFunwithbattle|Spikes\n|faint|p2a: Slowking\n|\n|upkeep\n|\n|t:|1700140974\n|switch|p2a: Ogerpon|Ogerpon-Wellspring-Tera, F, tera:Water|10\/100\n|-damage|p2a: Ogerpon|0 fnt|[from] Spikes\n|faint|p2a: Ogerpon\n|\n|win|ItsaMeLuigiHere\n|raw|ItsaMeLuigiHere's rating: 1216 &rarr; <strong>1244<\/strong><br \/>(+28 for winning)\n|raw|HaveFunwithbattle's rating: 1258 &rarr; <strong>1230<\/strong><br \/>(-28 for losing)\n|c|\u2606ItsaMeLuigiHere|GG\n","uploadtime":1700140980,"views":5,"p1id":"itsameluigihere","p2id":"havefunwithbattle","formatid":"gen9nationaldex","rating":1230,"private":0,"password":""}