{"id":"gen9nationaldex-1995236609","p1":"Sirrawrz","p2":"heitaok","format":"[Gen 9] National Dex","log":"|html|<div class=\"broadcast-blue\"><strong>[Gen 9] National Dex is currently suspecting Sneasler! For information on how to participate check out the <a href=\"https:\/\/www.smogon.com\/forums\/threads\/sv-national-dex-suspect-8-just-dance.3731534\/\">suspect thread<\/a>.<\/strong><\/div>\n|j|\u2606Sirrawrz\n|j|\u2606heitaok\n|t:|1700538274\n|gametype|singles\n|player|p1|Sirrawrz|emmet|1528\n|player|p2|heitaok|gentleman|1522\n|teamsize|p1|6\n|teamsize|p2|6\n|gen|9\n|tier|[Gen 9] National Dex\n|rated|\n|rule|HP Percentage Mod: HP is shown in percentages\n|rule|Endless Battle Clause: Forcing endless battles is banned\n|rule|OHKO Clause: OHKO moves are banned\n|rule|Evasion Clause: Evasion abilities, items, and moves are banned\n|rule|Evasion Abilities Clause: Evasion abilities are banned\n|rule|Evasion Items Clause: Evasion items are banned\n|rule|Evasion Moves Clause: Evasion moves are banned\n|rule|Species Clause: Limit one of each Pok\u00e9mon\n|rule|Sleep Clause Mod: Limit one foe put to sleep\n|clearpoke\n|poke|p1|Ninetales, M|\n|poke|p1|Venusaur, M|\n|poke|p1|Jolteon, F|\n|poke|p1|Blastoise, M|\n|poke|p1|Rhydon, M|\n|poke|p1|Scyther, F|\n|poke|p2|Rotom-Wash|\n|poke|p2|Greninja-*, M|\n|poke|p2|Hoopa-Unbound|\n|poke|p2|Scizor, M|\n|poke|p2|Landorus-Therian, M|\n|poke|p2|Tapu Koko|\n|teampreview\n|inactive|Battle timer is ON: inactive players will automatically lose when time's up. (requested by heitaok)\n|\n|t:|1700538288\n|start\n|switch|p1a: Ninetales|Ninetales, M, shiny|100\/100\n|switch|p2a: Tapu Koko|Tapu Koko|100\/100\n|-weather|SunnyDay|[from] ability: Drought|[of] p1a: Ninetales\n|-fieldstart|move: Electric Terrain|[from] ability: Electric Surge|[of] p2a: Tapu Koko\n|turn|1\n|\n|t:|1700538300\n|move|p1a: Ninetales|Weather Ball|p2a: Tapu Koko\n|-damage|p2a: Tapu Koko|8\/100\n|move|p2a: Tapu Koko|Thunderbolt|p1a: Ninetales\n|-damage|p1a: Ninetales|20\/100\n|-status|p1a: Ninetales|par\n|\n|-weather|SunnyDay|[upkeep]\n|upkeep\n|turn|2\n|\n|t:|1700538308\n|switch|p1a: Jolteon|Jolteon, F, shiny|100\/100\n|move|p2a: Tapu Koko|Thunderbolt|p1a: Jolteon\n|-resisted|p1a: Jolteon\n|-damage|p1a: Jolteon|53\/100\n|\n|-weather|SunnyDay|[upkeep]\n|-status|p1a: Jolteon|brn|[from] item: Flame Orb\n|upkeep\n|turn|3\n|\n|t:|1700538319\n|switch|p2a: Landorus|Landorus-Therian, M|100\/100\n|-ability|p2a: Landorus|Intimidate|boost\n|-unboost|p1a: Jolteon|atk|1\n|move|p1a: Jolteon|Copycat|p1a: Jolteon\n|move|p1a: Jolteon|Thunderbolt|p2a: Landorus|[from]move: Copycat\n|-immune|p2a: Landorus\n|\n|-weather|SunnyDay|[upkeep]\n|-damage|p1a: Jolteon|47\/100 brn|[from] brn\n|upkeep\n|turn|4\n|\n|t:|1700538321\n|-terastallize|p1a: Jolteon|Ice\n|move|p1a: Jolteon|Tera Blast|p2a: Landorus|[anim] Tera Blast Ice\n|-supereffective|p2a: Landorus\n|-damage|p2a: Landorus|0 fnt\n|faint|p2a: Landorus\n|\n|-weather|SunnyDay|[upkeep]\n|-damage|p1a: Jolteon|41\/100 brn|[from] brn\n|upkeep\n|\n|t:|1700538325\n|switch|p2a: Scizor|Scizor, M|100\/100\n|turn|5\n|\n|t:|1700538329\n|switch|p1a: Blastoise|Blastoise, M, shiny|100\/100\n|detailschange|p2a: Scizor|Scizor-Mega, M\n|-mega|p2a: Scizor|Scizor|Scizorite\n|move|p2a: Scizor|U-turn|p1a: Blastoise\n|-damage|p1a: Blastoise|76\/100\n|\n|t:|1700538334\n|switch|p2a: Hoopa|Hoopa-Unbound|100\/100|[from] U-turn\n|\n|-weather|none\n|-fieldend|move: Electric Terrain\n|upkeep\n|turn|6\n|\n|t:|1700538337\n|-terastallize|p2a: Hoopa|Dark\n|move|p2a: Hoopa|Hyperspace Fury|p1a: Blastoise\n|-damage|p1a: Blastoise|0 fnt\n|-unboost|p2a: Hoopa|def|1\n|faint|p1a: Blastoise\n|\n|upkeep\n|\n|t:|1700538342\n|switch|p1a: Rhydon|Rhydon, M, shiny|100\/100\n|turn|7\n|\n|t:|1700538348\n|move|p2a: Hoopa|Hyperspace Fury|p1a: Rhydon\n|-damage|p1a: Rhydon|36\/100\n|-unboost|p2a: Hoopa|def|1\n|move|p1a: Rhydon|Earthquake|p2a: Hoopa\n|-damage|p2a: Hoopa|0 fnt\n|faint|p2a: Hoopa\n|\n|upkeep\n|\n|t:|1700538353\n|switch|p2a: Greninja|Greninja, M|100\/100\n|turn|8\n|\n|t:|1700538358\n|switch|p1a: Venusaur|Venusaur, M, shiny|100\/100\n|move|p2a: Greninja|Ice Beam|p1a: Venusaur\n|-start|p2a: Greninja|typechange|Ice|[from] ability: Protean\n|-supereffective|p1a: Venusaur\n|-damage|p1a: Venusaur|23\/100\n|\n|upkeep\n|turn|9\n|\n|t:|1700538367\n|switch|p1a: Ninetales|Ninetales, M, shiny|20\/100 par\n|-weather|SunnyDay|[from] ability: Drought|[of] p1a: Ninetales\n|move|p2a: Greninja|Ice Beam|p1a: Ninetales\n|-resisted|p1a: Ninetales\n|-damage|p1a: Ninetales|2\/100 par\n|\n|-weather|SunnyDay|[upkeep]\n|upkeep\n|turn|10\n|\n|t:|1700538375\n|switch|p1a: Jolteon|Jolteon, F, shiny, tera:Ice|41\/100 brn\n|move|p2a: Greninja|Ice Beam|p1a: Jolteon\n|-resisted|p1a: Jolteon\n|-damage|p1a: Jolteon|20\/100 brn\n|\n|-weather|SunnyDay|[upkeep]\n|-damage|p1a: Jolteon|13\/100 brn|[from] brn\n|upkeep\n|turn|11\n|\n|t:|1700538380\n|move|p1a: Jolteon|Weather Ball|p2a: Greninja\n|-supereffective|p2a: Greninja\n|-damage|p2a: Greninja|0 fnt\n|faint|p2a: Greninja\n|\n|-weather|SunnyDay|[upkeep]\n|-damage|p1a: Jolteon|7\/100 brn|[from] brn\n|upkeep\n|-message|heitaok forfeited.\n|\n|win|Sirrawrz\n|raw|Sirrawrz's rating: 1528 &rarr; <strong>1548<\/strong><br \/>(+20 for winning)\n|raw|heitaok's rating: 1522 &rarr; <strong>1502<\/strong><br \/>(-20 for losing)\n|l|\u2606heitaok\n","uploadtime":1700538772,"views":1,"p1id":"sirrawrz","p2id":"heitaok","formatid":"gen9nationaldex","rating":1502,"private":0,"password":""}