{"id":"gen9nationaldex-2000680570","p1":"AllMightSMH","p2":"huevo_pipipi","format":"[Gen 9] National Dex","log":"|html|<div class=\"broadcast-blue\"><strong>[Gen 9] National Dex is currently suspecting Sneasler! For information on how to participate check out the <a href=\"https:\/\/www.smogon.com\/forums\/threads\/sv-national-dex-suspect-8-just-dance.3731534\/\">suspect thread<\/a>.<\/strong><\/div>\n|j|\u2606AllMightSMH\n|j|\u2606huevo_pipipi\n|t:|1701218064\n|gametype|singles\n|player|p1|AllMightSMH|170|1129\n|player|p2|huevo_pipipi|akari|1050\n|teamsize|p1|6\n|teamsize|p2|6\n|gen|9\n|tier|[Gen 9] National Dex\n|rated|\n|rule|HP Percentage Mod: HP is shown in percentages\n|rule|Endless Battle Clause: Forcing endless battles is banned\n|rule|OHKO Clause: OHKO moves are banned\n|rule|Evasion Clause: Evasion abilities, items, and moves are banned\n|rule|Evasion Abilities Clause: Evasion abilities are banned\n|rule|Evasion Items Clause: Evasion items are banned\n|rule|Evasion Moves Clause: Evasion moves are banned\n|rule|Species Clause: Limit one of each Pok\u00e9mon\n|rule|Sleep Clause Mod: Limit one foe put to sleep\n|clearpoke\n|poke|p1|Infernape, M|\n|poke|p1|Beedrill, M|\n|poke|p1|Sneasler, F|\n|poke|p1|Porygon-Z|\n|poke|p1|Greninja-*, M|\n|poke|p1|Iron Valiant|\n|poke|p2|Xatu, F|\n|poke|p2|Grimmsnarl, M|\n|poke|p2|Skeledirge, M|\n|poke|p2|Great Tusk|\n|poke|p2|Florges, F|\n|poke|p2|Ogerpon-Wellspring, F|\n|teampreview\n|\n|t:|1701218095\n|start\n|switch|p1a: Beedrill|Beedrill, M|100\/100\n|switch|p2a: General Tablos|Grimmsnarl, M, shiny|100\/100\n|turn|1\n|\n|t:|1701218102\n|move|p2a: General Tablos|Reflect|p2a: General Tablos\n|-sidestart|p2: huevo_pipipi|Reflect\n|move|p1a: Beedrill|Poison Jab|p2a: General Tablos\n|-supereffective|p2a: General Tablos\n|-damage|p2a: General Tablos|63\/100\n|\n|upkeep\n|turn|2\n|\n|t:|1701218122\n|detailschange|p1a: Beedrill|Beedrill-Mega, M\n|-mega|p1a: Beedrill|Beedrill|Beedrillite\n|move|p2a: General Tablos|Light Screen|p2a: General Tablos\n|-sidestart|p2: huevo_pipipi|move: Light Screen\n|move|p1a: Beedrill|Brick Break|p2a: General Tablos\n|-sideend|p2: huevo_pipipi|Reflect\n|-sideend|p2: huevo_pipipi|move: Light Screen\n|-damage|p2a: General Tablos|28\/100\n|\n|upkeep\n|turn|3\n|\n|t:|1701218132\n|switch|p2a: Great Tusk|Great Tusk|100\/100\n|move|p1a: Beedrill|Fell Stinger|p2a: Great Tusk\n|-resisted|p2a: Great Tusk\n|-damage|p2a: Great Tusk|92\/100\n|\n|-heal|p2a: Great Tusk|98\/100|[from] item: Leftovers\n|upkeep\n|turn|4\n|\n|t:|1701218141\n|switch|p1a: Sneasler|Sneasler, F, shiny|100\/100\n|move|p2a: Great Tusk|Rapid Spin|p1a: Sneasler\n|-damage|p1a: Sneasler|76\/100\n|-boost|p2a: Great Tusk|spe|1\n|\n|-heal|p2a: Great Tusk|100\/100|[from] item: Leftovers\n|upkeep\n|turn|5\n|c|\u2606AllMightSMH|o7\n|c|\u2606AllMightSMH|oh\n|c|\u2606AllMightSMH|now o7\n|\n|t:|1701218153\n|move|p1a: Sneasler|Close Combat|p2a: Great Tusk\n|-damage|p2a: Great Tusk|71\/100\n|-unboost|p1a: Sneasler|def|1\n|-unboost|p1a: Sneasler|spd|1\n|-enditem|p1a: Sneasler|White Herb\n|-clearnegativeboost|p1a: Sneasler|[silent]\n|move|p2a: Great Tusk|Bulk Up|p2a: Great Tusk\n|-boost|p2a: Great Tusk|atk|1\n|-boost|p2a: Great Tusk|def|1\n|\n|-heal|p2a: Great Tusk|77\/100|[from] item: Leftovers\n|upkeep\n|turn|6\n|\n|t:|1701218164\n|move|p1a: Sneasler|Dire Claw|p2a: Great Tusk\n|-resisted|p2a: Great Tusk\n|-damage|p2a: Great Tusk|70\/100\n|move|p2a: Great Tusk|Rapid Spin|p1a: Sneasler\n|-damage|p1a: Sneasler|42\/100\n|-boost|p2a: Great Tusk|spe|1\n|\n|-heal|p2a: Great Tusk|76\/100|[from] item: Leftovers\n|upkeep\n|turn|7\n|\n|t:|1701218175\n|move|p1a: Sneasler|Dire Claw|p2a: Great Tusk\n|-resisted|p2a: Great Tusk\n|-damage|p2a: Great Tusk|70\/100\n|move|p2a: Great Tusk|Earthquake|p1a: Sneasler\n|-supereffective|p1a: Sneasler\n|-damage|p1a: Sneasler|0 fnt\n|faint|p1a: Sneasler\n|\n|-heal|p2a: Great Tusk|76\/100|[from] item: Leftovers\n|upkeep\n|\n|t:|1701218181\n|switch|p1a: Beedrill|Beedrill-Mega, M|100\/100\n|turn|8\n|\n|t:|1701218191\n|move|p1a: Beedrill|Poison Jab|p2a: Great Tusk\n|-resisted|p2a: Great Tusk\n|-damage|p2a: Great Tusk|65\/100\n|-status|p2a: Great Tusk|psn\n|move|p2a: Great Tusk|Earthquake|p1a: Beedrill\n|-damage|p1a: Beedrill|0 fnt\n|faint|p1a: Beedrill\n|\n|-heal|p2a: Great Tusk|71\/100 psn|[from] item: Leftovers\n|-damage|p2a: Great Tusk|59\/100 psn|[from] psn\n|upkeep\n|\n|t:|1701218204\n|switch|p1a: Sukana|Iron Valiant, shiny|100\/100\n|-enditem|p1a: Sukana|Booster Energy\n|-activate|p1a: Sukana|ability: Quark Drive|[fromitem]\n|-start|p1a: Sukana|quarkdrivespe\n|turn|9\n|\n|t:|1701218208\n|move|p1a: Sukana|Spirit Break|p2a: Great Tusk\n|-supereffective|p2a: Great Tusk\n|-crit|p2a: Great Tusk\n|-damage|p2a: Great Tusk|8\/100 psn\n|-unboost|p2a: Great Tusk|spa|1\n|move|p2a: Great Tusk|Earthquake|p1a: Sukana\n|-damage|p1a: Sukana|21\/100\n|\n|-heal|p2a: Great Tusk|14\/100 psn|[from] item: Leftovers\n|-damage|p2a: Great Tusk|1\/100 psn|[from] psn\n|upkeep\n|turn|10\n|\n|t:|1701218222\n|move|p1a: Sukana|Shadow Sneak|p2a: Great Tusk\n|-damage|p2a: Great Tusk|0 fnt\n|faint|p2a: Great Tusk\n|-end|p2a: Great Tusk|Protosynthesis|[silent]\n|\n|upkeep\n|\n|t:|1701218228\n|switch|p2a: General Tablos|Grimmsnarl, M, shiny|28\/100\n|turn|11\n|\n|t:|1701218234\n|move|p2a: General Tablos|Light Screen|p2a: General Tablos\n|-sidestart|p2: huevo_pipipi|move: Light Screen\n|move|p1a: Sukana|Swords Dance|p1a: Sukana\n|-boost|p1a: Sukana|atk|2\n|\n|upkeep\n|turn|12\n|\n|t:|1701218242\n|move|p2a: General Tablos|Reflect|p2a: General Tablos\n|-sidestart|p2: huevo_pipipi|Reflect\n|move|p1a: Sukana|Drain Punch|p2a: General Tablos\n|-damage|p2a: General Tablos|0 fnt\n|-heal|p1a: Sukana|40\/100|[from] drain|[of] p2a: General Tablos\n|faint|p2a: General Tablos\n|\n|upkeep\n|\n|t:|1701218247\n|switch|p2a: Coco|Skeledirge, M|100\/100\n|turn|13\n|\n|t:|1701218253\n|move|p1a: Sukana|Shadow Sneak|p2a: Coco\n|-supereffective|p2a: Coco\n|-damage|p2a: Coco|92\/100\n|-damage|p1a: Sukana|23\/100|[from] item: Rocky Helmet|[of] p2a: Coco\n|move|p2a: Coco|Torch Song|p1a: Sukana\n|-damage|p1a: Sukana|0 fnt\n|-boost|p2a: Coco|spa|1\n|faint|p1a: Sukana\n|-end|p1a: Sukana|Quark Drive|[silent]\n|\n|upkeep\n|\n|t:|1701218269\n|switch|p1a: Toji|Greninja, M|100\/100\n|turn|14\n|\n|t:|1701218276\n|switch|p2a: Florges|Florges, F|100\/100\n|move|p1a: Toji|Scald|p2a: Florges\n|-damage|p2a: Florges|86\/100\n|-damage|p1a: Toji|91\/100|[from] item: Life Orb\n|\n|-heal|p2a: Florges|92\/100|[from] item: Leftovers\n|upkeep\n|turn|15\n|\n|t:|1701218284\n|move|p1a: Toji|Toxic Spikes|p2a: Florges\n|-sidestart|p2: huevo_pipipi|move: Toxic Spikes\n|move|p2a: Florges|Toxic|p1a: Toji\n|-status|p1a: Toji|tox\n|\n|-heal|p2a: Florges|98\/100|[from] item: Leftovers\n|-damage|p1a: Toji|85\/100 tox|[from] psn\n|upkeep\n|turn|16\n|\n|t:|1701218291\n|switch|p2a: Xatu|Xatu, F|100\/100\n|move|p1a: Toji|Toxic Spikes|p2a: Xatu\n|move|p2a: Xatu|Toxic Spikes|p1a: Toji|[from]ability: Magic Bounce\n|-sidestart|p1: AllMightSMH|move: Toxic Spikes\n|\n|-damage|p1a: Toji|73\/100 tox|[from] psn\n|upkeep\n|turn|17\n|\n|t:|1701218298\n|-terastallize|p2a: Xatu|Fairy\n|move|p1a: Toji|Ice Beam|p2a: Xatu\n|-damage|p2a: Xatu|78\/100\n|-status|p2a: Xatu|frz\n|-damage|p1a: Toji|63\/100 tox|[from] item: Life Orb\n|cant|p2a: Xatu|frz\n|\n|-damage|p1a: Toji|45\/100 tox|[from] psn\n|upkeep\n|turn|18\n|\n|t:|1701218307\n|move|p1a: Toji|Scald|p2a: Xatu\n|-damage|p2a: Xatu|48\/100 frz\n|-curestatus|p2a: Xatu|frz|[msg]\n|-damage|p1a: Toji|35\/100 tox|[from] item: Life Orb\n|move|p2a: Xatu|Calm Mind|p2a: Xatu\n|-boost|p2a: Xatu|spa|1\n|-boost|p2a: Xatu|spd|1\n|\n|-damage|p1a: Toji|11\/100 tox|[from] psn\n|-sideend|p2: huevo_pipipi|move: Light Screen\n|upkeep\n|turn|19\n|\n|t:|1701218317\n|move|p1a: Toji|Scald|p2a: Xatu\n|-damage|p2a: Xatu|7\/100\n|-damage|p1a: Toji|2\/100 tox|[from] item: Life Orb\n|move|p2a: Xatu|Roost|p2a: Xatu\n|-heal|p2a: Xatu|57\/100\n|\n|-damage|p1a: Toji|0 fnt|[from] psn\n|faint|p1a: Toji\n|-sideend|p2: huevo_pipipi|Reflect\n|upkeep\n|\n|t:|1701218329\n|switch|p1a: Yuji|Infernape, M, shiny|100\/100\n|-status|p1a: Yuji|psn\n|turn|20\n|\n|t:|1701218333\n|move|p1a: Yuji|Thunder Punch|p2a: Xatu\n|-crit|p2a: Xatu\n|-damage|p2a: Xatu|13\/100\n|-enditem|p2a: Xatu|Kee Berry|[eat]\n|-boost|p2a: Xatu|def|1|[from] item: Kee Berry\n|move|p2a: Xatu|Roost|p2a: Xatu\n|-heal|p2a: Xatu|63\/100\n|\n|-damage|p1a: Yuji|88\/100 psn|[from] psn\n|upkeep\n|turn|21\n|\n|t:|1701218340\n|move|p1a: Yuji|Flame Charge|p2a: Xatu\n|-damage|p2a: Xatu|49\/100\n|-boost|p1a: Yuji|spe|1\n|move|p2a: Xatu|Roost|p2a: Xatu\n|-heal|p2a: Xatu|99\/100\n|\n|-damage|p1a: Yuji|76\/100 psn|[from] psn\n|upkeep\n|turn|22\n|\n|t:|1701218348\n|move|p1a: Yuji|Power-Up Punch|p2a: Xatu\n|-resisted|p2a: Xatu\n|-damage|p2a: Xatu|91\/100\n|-boost|p1a: Yuji|atk|1\n|move|p2a: Xatu|Calm Mind|p2a: Xatu\n|-boost|p2a: Xatu|spa|1\n|-boost|p2a: Xatu|spd|1\n|\n|-damage|p1a: Yuji|64\/100 psn|[from] psn\n|upkeep\n|turn|23\n|\n|t:|1701218355\n|move|p1a: Yuji|Thunder Punch|p2a: Xatu\n|-damage|p2a: Xatu|65\/100\n|move|p2a: Xatu|Stored Power|p1a: Yuji\n|-supereffective|p1a: Yuji\n|-damage|p1a: Yuji|0 fnt\n|faint|p1a: Yuji\n|\n|upkeep\n|\n|t:|1701218360\n|switch|p1a: Nah id win- gojo|Porygon-Z, shiny|100\/100\n|-status|p1a: Nah id win- gojo|psn\n|turn|24\n|\n|t:|1701218366\n|-zpower|p1a: Nah id win- gojo\n|move|p1a: Nah id win- gojo|Z-Conversion|p1a: Nah id win- gojo|[anim]Conversion\n|-boost|p1a: Nah id win- gojo|atk|1|[zeffect]\n|-boost|p1a: Nah id win- gojo|def|1|[zeffect]\n|-boost|p1a: Nah id win- gojo|spa|1|[zeffect]\n|-boost|p1a: Nah id win- gojo|spd|1|[zeffect]\n|-boost|p1a: Nah id win- gojo|spe|1|[zeffect]\n|-start|p1a: Nah id win- gojo|typechange|Ghost\n|move|p2a: Xatu|Stored Power|p1a: Nah id win- gojo\n|-damage|p1a: Nah id win- gojo|22\/100 psn\n|\n|-damage|p1a: Nah id win- gojo|10\/100 psn|[from] psn\n|upkeep\n|turn|25\n|-message|AllMightSMH forfeited.\n|\n|win|huevo_pipipi\n|raw|AllMightSMH's rating: 1129 &rarr; <strong>1098<\/strong><br \/>(-31 for losing)\n|raw|huevo_pipipi's rating: 1050 &rarr; <strong>1090<\/strong><br \/>(+40 for winning)\n|l|\u2606AllMightSMH\n","uploadtime":1701218389,"views":1,"p1id":"allmightsmh","p2id":"huevopipipi","formatid":"gen9nationaldex","rating":1090,"private":0,"password":""}