{"id":"gen9nationaldex-1993296997","p1":"yuri dinamite","p2":"IceBerryCoffee","format":"[Gen 9] National Dex","log":"|j|\u2606yuri dinamite\n|j|\u2606IceBerryCoffee\n|t:|1700292738\n|gametype|singles\n|player|p1|yuri dinamite|swimmer-gen4|1351\n|player|p2|IceBerryCoffee|170|1304\n|teamsize|p1|6\n|teamsize|p2|6\n|gen|9\n|tier|[Gen 9] National Dex\n|rated|\n|rule|HP Percentage Mod: HP is shown in percentages\n|rule|Endless Battle Clause: Forcing endless battles is banned\n|rule|OHKO Clause: OHKO moves are banned\n|rule|Evasion Clause: Evasion abilities, items, and moves are banned\n|rule|Evasion Abilities Clause: Evasion abilities are banned\n|rule|Evasion Items Clause: Evasion items are banned\n|rule|Evasion Moves Clause: Evasion moves are banned\n|rule|Species Clause: Limit one of each Pok\u00e9mon\n|rule|Sleep Clause Mod: Limit one foe put to sleep\n|clearpoke\n|poke|p1|Alakazam, M|\n|poke|p1|Crawdaunt, F|\n|poke|p1|Tapu Lele|\n|poke|p1|Weavile, M|\n|poke|p1|Rillaboom, F|\n|poke|p1|Kartana|\n|poke|p2|Torkoal, M|\n|poke|p2|Buzzwole|\n|poke|p2|Chandelure, M|\n|poke|p2|Samurott-Hisui, M|\n|poke|p2|Kartana|\n|poke|p2|Blacephalon|\n|teampreview\n|inactive|Battle timer is ON: inactive players will automatically lose when time's up. (requested by IceBerryCoffee)\n|\n|t:|1700292766\n|start\n|switch|p1a: Rillaboom|Rillaboom, F|100\/100\n|switch|p2a: Torkoal|Torkoal, M|100\/100\n|-fieldstart|move: Grassy Terrain|[from] ability: Grassy Surge|[of] p1a: Rillaboom\n|-weather|SunnyDay|[from] ability: Drought|[of] p2a: Torkoal\n|turn|1\n|\n|t:|1700292774\n|move|p1a: Rillaboom|U-turn|p2a: Torkoal\n|-resisted|p2a: Torkoal\n|-damage|p2a: Torkoal|86\/100\n|\n|t:|1700292794\n|switch|p1a: Tapu Lele|Tapu Lele|100\/100|[from] U-turn\n|-fieldstart|move: Psychic Terrain|[from] ability: Psychic Surge|[of] p1a: Tapu Lele\n|move|p2a: Torkoal|Shell Smash|p2a: Torkoal\n|-unboost|p2a: Torkoal|def|1\n|-unboost|p2a: Torkoal|spd|1\n|-boost|p2a: Torkoal|atk|2\n|-boost|p2a: Torkoal|spa|2\n|-boost|p2a: Torkoal|spe|2\n|-enditem|p2a: Torkoal|Eject Pack\n|\n|t:|1700292806\n|switch|p2a: Samurott|Samurott-Hisui, M|100\/100\n|\n|-weather|SunnyDay|[upkeep]\n|upkeep\n|turn|2\n|\n|t:|1700292826\n|-terastallize|p2a: Samurott|Water\n|move|p1a: Tapu Lele|Moonblast|p2a: Samurott\n|-damage|p2a: Samurott|12\/100\n|move|p2a: Samurott|Ceaseless Edge|p1a: Tapu Lele\n|-damage|p1a: Tapu Lele|18\/100\n|-sidestart|p1: yuri dinamite|Spikes\n|-damage|p2a: Samurott|2\/100|[from] item: Life Orb\n|\n|-weather|SunnyDay|[upkeep]\n|upkeep\n|turn|3\n|\n|t:|1700292836\n|move|p1a: Tapu Lele|Moonblast|p2a: Samurott\n|-damage|p2a: Samurott|0 fnt\n|faint|p2a: Samurott\n|\n|-weather|SunnyDay|[upkeep]\n|upkeep\n|inactive|IceBerryCoffee has 120 seconds left.\n|\n|t:|1700292857\n|switch|p2a: Blacephalon|Blacephalon|100\/100\n|turn|4\n|\n|t:|1700292887\n|move|p2a: Blacephalon|Flamethrower|p1a: Tapu Lele\n|-damage|p1a: Tapu Lele|0 fnt\n|faint|p1a: Tapu Lele\n|-ability|p2a: Blacephalon|Beast Boost|boost\n|-boost|p2a: Blacephalon|spa|1\n|\n|-weather|SunnyDay|[upkeep]\n|upkeep\n|\n|t:|1700292893\n|switch|p1a: Alakazam|Alakazam, M|100\/100\n|turn|5\n|\n|t:|1700292898\n|move|p2a: Blacephalon|Flamethrower|p1a: Alakazam\n|-enditem|p1a: Alakazam|Focus Sash\n|-damage|p1a: Alakazam|1\/100\n|move|p1a: Alakazam|Shadow Ball|p2a: Blacephalon\n|-supereffective|p2a: Blacephalon\n|-damage|p2a: Blacephalon|11\/100\n|\n|-weather|none\n|-fieldend|move: Psychic Terrain\n|upkeep\n|turn|6\n|inactive|yuri dinamite has 120 seconds left.\n|\n|t:|1700292929\n|move|p2a: Blacephalon|Flamethrower|p1a: Alakazam\n|-damage|p1a: Alakazam|0 fnt\n|faint|p1a: Alakazam\n|-ability|p2a: Blacephalon|Beast Boost|boost\n|-boost|p2a: Blacephalon|spa|1\n|\n|upkeep\n|\n|t:|1700292945\n|switch|p1a: Crawdaunt|Crawdaunt, F|100\/100\n|-damage|p1a: Crawdaunt|88\/100|[from] Spikes\n|turn|7\n|\n|t:|1700292948\n|move|p1a: Crawdaunt|Aqua Jet|p2a: Blacephalon\n|-supereffective|p2a: Blacephalon\n|-damage|p2a: Blacephalon|0 fnt\n|faint|p2a: Blacephalon\n|\n|upkeep\n|\n|t:|1700292961\n|switch|p2a: Torkoal|Torkoal, M|86\/100\n|-weather|SunnyDay|[from] ability: Drought|[of] p2a: Torkoal\n|turn|8\n|inactive|yuri dinamite has 120 seconds left.\n|\n|t:|1700292983\n|switch|p1a: Kartana|Kartana|100\/100\n|-damage|p1a: Kartana|88\/100|[from] Spikes\n|move|p2a: Torkoal|Shell Smash|p2a: Torkoal\n|-unboost|p2a: Torkoal|def|1\n|-unboost|p2a: Torkoal|spd|1\n|-boost|p2a: Torkoal|atk|2\n|-boost|p2a: Torkoal|spa|2\n|-boost|p2a: Torkoal|spe|2\n|\n|-weather|SunnyDay|[upkeep]\n|upkeep\n|turn|9\n|\n|t:|1700292998\n|move|p1a: Kartana|Sacred Sword|p2a: Torkoal\n|-damage|p2a: Torkoal|44\/100\n|move|p2a: Torkoal|Explosion|p1a: Kartana\n|-resisted|p1a: Kartana\n|-damage|p1a: Kartana|40\/100\n|faint|p2a: Torkoal\n|\n|-weather|SunnyDay|[upkeep]\n|upkeep\n|\n|t:|1700293012\n|switch|p2a: Chandelure|Chandelure, M|100\/100\n|turn|10\n|inactive|yuri dinamite has 120 seconds left.\n|\n|t:|1700293035\n|switch|p1a: Crawdaunt|Crawdaunt, F|88\/100\n|-damage|p1a: Crawdaunt|76\/100|[from] Spikes\n|move|p2a: Chandelure|Flamethrower|p1a: Crawdaunt\n|-resisted|p1a: Crawdaunt\n|-damage|p1a: Crawdaunt|0 fnt\n|faint|p1a: Crawdaunt\n|\n|-weather|SunnyDay|[upkeep]\n|upkeep\n|\n|t:|1700293047\n|switch|p1a: Weavile|Weavile, M|100\/100\n|-damage|p1a: Weavile|88\/100|[from] Spikes\n|-ability|p1a: Weavile|Pressure\n|turn|11\n|\n|t:|1700293052\n|move|p1a: Weavile|Knock Off|p2a: Chandelure\n|-supereffective|p2a: Chandelure\n|-damage|p2a: Chandelure|0 fnt\n|-enditem|p2a: Chandelure|Choice Specs|[from] move: Knock Off|[of] p1a: Weavile\n|faint|p2a: Chandelure\n|\n|-weather|SunnyDay|[upkeep]\n|upkeep\n|\n|t:|1700293063\n|switch|p2a: Kartana|Kartana|100\/100\n|turn|12\n|inactive|yuri dinamite has 120 seconds left.\n|\n|t:|1700293075\n|move|p2a: Kartana|Sacred Sword|p1a: Weavile\n|-supereffective|p1a: Weavile\n|-damage|p1a: Weavile|0 fnt\n|faint|p1a: Weavile\n|-ability|p2a: Kartana|Beast Boost|boost\n|-boost|p2a: Kartana|atk|1\n|\n|-weather|none\n|upkeep\n|\n|t:|1700293080\n|switch|p1a: Rillaboom|Rillaboom, F|100\/100\n|-damage|p1a: Rillaboom|88\/100|[from] Spikes\n|-fieldstart|move: Grassy Terrain|[from] ability: Grassy Surge|[of] p1a: Rillaboom\n|turn|13\n|\n|t:|1700293086\n|move|p2a: Kartana|Sacred Sword|p1a: Rillaboom\n|-damage|p1a: Rillaboom|25\/100\n|move|p1a: Rillaboom|U-turn|p2a: Kartana\n|-damage|p2a: Kartana|60\/100\n|\n|t:|1700293089\n|switch|p1a: Kartana|Kartana|40\/100|[from] U-turn\n|-damage|p1a: Kartana|28\/100|[from] Spikes\n|\n|-heal|p2a: Kartana|66\/100|[from] Grassy Terrain\n|-heal|p1a: Kartana|34\/100|[from] Grassy Terrain\n|upkeep\n|turn|14\n|\n|t:|1700293097\n|move|p2a: Kartana|Sacred Sword|p1a: Kartana\n|-supereffective|p1a: Kartana\n|-damage|p1a: Kartana|0 fnt\n|faint|p1a: Kartana\n|-ability|p2a: Kartana|Beast Boost|boost\n|-boost|p2a: Kartana|atk|1\n|\n|-heal|p2a: Kartana|72\/100|[from] Grassy Terrain\n|upkeep\n|\n|t:|1700293099\n|switch|p1a: Rillaboom|Rillaboom, F|25\/100\n|-damage|p1a: Rillaboom|13\/100|[from] Spikes\n|turn|15\n|\n|t:|1700293107\n|move|p2a: Kartana|Sacred Sword|p1a: Rillaboom\n|-crit|p1a: Rillaboom\n|-damage|p1a: Rillaboom|0 fnt\n|faint|p1a: Rillaboom\n|\n|win|IceBerryCoffee\n|raw|yuri dinamite's rating: 1351 &rarr; <strong>1328<\/strong><br \/>(-23 for losing)\n|raw|IceBerryCoffee's rating: 1304 &rarr; <strong>1327<\/strong><br \/>(+23 for winning)\n|l|\u2606yuri dinamite\n","uploadtime":1700293113,"views":6,"p1id":"yuridinamite","p2id":"iceberrycoffee","formatid":"gen9nationaldex","rating":1327,"private":0,"password":""}