{"id":"gen9nationaldex-1991428160","p1":"PAMTHEBOSHY","p2":"YorguisMorguis","format":"[Gen 9] National Dex","log":"|j|\u2606PAMTHEBOSHY\n|j|\u2606YorguisMorguis\n|t:|1700076282\n|gametype|singles\n|player|p1|PAMTHEBOSHY|lance|\n|player|p2|YorguisMorguis|170|\n|teamsize|p1|6\n|teamsize|p2|6\n|gen|9\n|tier|[Gen 9] National Dex\n|rule|HP Percentage Mod: HP is shown in percentages\n|rule|Endless Battle Clause: Forcing endless battles is banned\n|rule|OHKO Clause: OHKO moves are banned\n|rule|Evasion Clause: Evasion abilities, items, and moves are banned\n|rule|Evasion Abilities Clause: Evasion abilities are banned\n|rule|Evasion Items Clause: Evasion items are banned\n|rule|Evasion Moves Clause: Evasion moves are banned\n|rule|Species Clause: Limit one of each Pok\u00e9mon\n|rule|Sleep Clause Mod: Limit one foe put to sleep\n|clearpoke\n|poke|p1|Cramorant, M|\n|poke|p1|Altaria, F|\n|poke|p1|Zoroark-Hisui, M|\n|poke|p1|Iron Valiant|\n|poke|p1|Tapu Koko|\n|poke|p1|Bisharp, F|\n|poke|p2|Aggron, M|\n|poke|p2|Reuniclus, F|\n|poke|p2|Jolteon, F|\n|poke|p2|Mantine, F|\n|poke|p2|Malamar, M|\n|poke|p2|Clodsire, F|\n|teampreview\n|j| Guillarco28\n|\n|t:|1700076306\n|start\n|switch|p1a: PAAAACO|Cramorant, M, shiny|100\/100\n|switch|p2a: Quien?|Clodsire, F|100\/100\n|turn|1\n|\n|t:|1700076314\n|move|p1a: PAAAACO|Surf|p2a: Quien?\n|-immune|p2a: Quien?|[from] ability: Water Absorb\n|move|p2a: Quien?|Yawn|p1a: PAAAACO\n|-start|p1a: PAAAACO|move: Yawn|[of] p2a: Quien?\n|\n|upkeep\n|turn|2\n|\n|t:|1700076323\n|switch|p1a: Mosqueperro|Iron Valiant, shiny|100\/100\n|move|p2a: Quien?|Stealth Rock|p1a: Mosqueperro\n|-sidestart|p1: PAMTHEBOSHY|move: Stealth Rock\n|\n|upkeep\n|turn|3\n|\n|t:|1700076343\n|move|p1a: Mosqueperro|Drain Punch|p2a: Quien?\n|-resisted|p2a: Quien?\n|-damage|p2a: Quien?|80\/100\n|move|p2a: Quien?|Yawn|p1a: Mosqueperro\n|-start|p1a: Mosqueperro|move: Yawn|[of] p2a: Quien?\n|\n|upkeep\n|turn|4\n|\n|t:|1700076355\n|-end|p1a: Mosqueperro|Quark Drive|[silent]\n|switch|p1a: Kingambit.|Bisharp, F|100\/100\n|-damage|p1a: Kingambit.|95\/100|[from] Stealth Rock\n|move|p2a: Quien?|Rain Dance|p2a: Quien?\n|-weather|RainDance\n|\n|-weather|RainDance|[upkeep]\n|upkeep\n|turn|5\n|\n|t:|1700076371\n|switch|p2a: Green Peace|Aggron, M|100\/100\n|move|p1a: Kingambit.|Iron Head|p2a: Green Peace\n|-damage|p2a: Green Peace|74\/100\n|\n|-weather|RainDance|[upkeep]\n|upkeep\n|turn|6\n|\n|t:|1700076384\n|switch|p1a: Mosqueperro|Iron Valiant, shiny|100\/100\n|-damage|p1a: Mosqueperro|94\/100|[from] Stealth Rock\n|detailschange|p2a: Green Peace|Aggron-Mega, M\n|-mega|p2a: Green Peace|Aggron|Aggronite\n|move|p2a: Green Peace|Body Press|p1a: Mosqueperro\n|-resisted|p1a: Mosqueperro\n|-damage|p1a: Mosqueperro|67\/100\n|\n|-weather|RainDance|[upkeep]\n|-heal|p1a: Mosqueperro|73\/100|[from] item: Leftovers\n|upkeep\n|turn|7\n|\n|t:|1700076397\n|move|p1a: Mosqueperro|Drain Punch|p2a: Green Peace\n|-supereffective|p2a: Green Peace\n|-damage|p2a: Green Peace|47\/100\n|-heal|p1a: Mosqueperro|88\/100|[from] drain|[of] p2a: Green Peace\n|move|p2a: Green Peace|Iron Head|p1a: Mosqueperro\n|-supereffective|p1a: Mosqueperro\n|-damage|p1a: Mosqueperro|0 fnt\n|faint|p1a: Mosqueperro\n|-end|p1a: Mosqueperro|Quark Drive|[silent]\n|\n|-weather|RainDance|[upkeep]\n|upkeep\n|\n|t:|1700076412\n|switch|p1a: Kingambit.|Bisharp, F|95\/100\n|-damage|p1a: Kingambit.|89\/100|[from] Stealth Rock\n|turn|8\n|\n|t:|1700076426\n|move|p1a: Kingambit.|Brick Break|p2a: Green Peace\n|-supereffective|p2a: Green Peace\n|-damage|p2a: Green Peace|27\/100\n|move|p2a: Green Peace|Body Press|p1a: Kingambit.\n|-supereffective|p1a: Kingambit.\n|-damage|p1a: Kingambit.|0 fnt\n|faint|p1a: Kingambit.\n|\n|-weather|RainDance|[upkeep]\n|upkeep\n|\n|t:|1700076454\n|switch|p1a: PAAAACO|Cramorant, M, shiny|100\/100\n|-damage|p1a: PAAAACO|76\/100|[from] Stealth Rock\n|turn|9\n|\n|t:|1700076477\n|switch|p2a: Quien?|Clodsire, F|80\/100\n|move|p1a: PAAAACO|Surf|p2a: Quien?\n|-heal|p2a: Quien?|100\/100|[from] ability: Water Absorb|[of] p1a: PAAAACO\n|\n|-weather|RainDance|[upkeep]\n|-heal|p1a: PAAAACO|82\/100|[from] item: Leftovers\n|upkeep\n|turn|10\n|\n|t:|1700076491\n|move|p1a: PAAAACO|Ice Beam|p2a: Quien?\n|-supereffective|p2a: Quien?\n|-crit|p2a: Quien?\n|-damage|p2a: Quien?|71\/100\n|move|p2a: Quien?|Yawn|p1a: PAAAACO\n|-start|p1a: PAAAACO|move: Yawn|[of] p2a: Quien?\n|\n|-weather|RainDance|[upkeep]\n|-heal|p1a: PAAAACO|88\/100|[from] item: Leftovers\n|upkeep\n|turn|11\n|\n|t:|1700076505\n|switch|p1a: Chidori|Tapu Koko, shiny|100\/100\n|-damage|p1a: Chidori|88\/100|[from] Stealth Rock\n|move|p2a: Quien?|Gunk Shot|p1a: Chidori\n|-resisted|p1a: Chidori\n|-damage|p1a: Chidori|52\/100\n|replace|p1a: D\u00fcnedain|Zoroark-Hisui, M, shiny\n|-end|p1a: D\u00fcnedain|Illusion\n|\n|-weather|none\n|upkeep\n|turn|12\n|\n|t:|1700076532\n|move|p1a: D\u00fcnedain|Poltergeist|p2a: Quien?\n|-activate|p2a: Quien?|move: Poltergeist|Damp Rock\n|-damage|p2a: Quien?|27\/100\n|move|p2a: Quien?|Rain Dance|p2a: Quien?\n|-weather|RainDance\n|\n|-weather|RainDance|[upkeep]\n|upkeep\n|turn|13\n|\n|t:|1700076552\n|switch|p2a: Manto rayo|Mantine, F|100\/100\n|move|p1a: D\u00fcnedain|Poltergeist|p2a: Manto rayo\n|-activate|p2a: Manto rayo|move: Poltergeist|Leftovers\n|-damage|p2a: Manto rayo|50\/100\n|\n|-weather|RainDance|[upkeep]\n|-heal|p2a: Manto rayo|56\/100|[from] item: Leftovers\n|upkeep\n|turn|14\n|\n|t:|1700076568\n|-terastallize|p2a: Manto rayo|Normal\n|move|p1a: D\u00fcnedain|U-turn|p2a: Manto rayo\n|-damage|p2a: Manto rayo|35\/100\n|\n|t:|1700076575\n|switch|p1a: Chidori|Tapu Koko, shiny|100\/100|[from] U-turn\n|-fieldstart|move: Electric Terrain|[from] ability: Electric Surge|[of] p1a: Chidori\n|move|p2a: Manto rayo|Confuse Ray|p1a: Chidori\n|-start|p1a: Chidori|confusion\n|\n|-weather|RainDance|[upkeep]\n|-heal|p2a: Manto rayo|41\/100|[from] item: Leftovers\n|upkeep\n|turn|15\n|\n|t:|1700076589\n|-activate|p1a: Chidori|confusion\n|move|p1a: Chidori|Volt Switch|p2a: Manto rayo\n|-damage|p2a: Manto rayo|20\/100\n|\n|t:|1700076593\n|switch|p1a: PAAAACO|Cramorant, M, shiny|88\/100|[from] Volt Switch\n|-damage|p1a: PAAAACO|63\/100|[from] Stealth Rock\n|move|p2a: Manto rayo|Tailwind|p2a: Manto rayo\n|-sidestart|p2: YorguisMorguis|move: Tailwind\n|\n|-weather|RainDance|[upkeep]\n|-heal|p2a: Manto rayo|26\/100|[from] item: Leftovers\n|-heal|p1a: PAAAACO|69\/100|[from] item: Leftovers\n|upkeep\n|turn|16\n|\n|t:|1700076614\n|move|p2a: Manto rayo|Air Slash|p1a: PAAAACO\n|-damage|p1a: PAAAACO|41\/100\n|move|p1a: PAAAACO|Steel Wing|p2a: Manto rayo\n|-damage|p2a: Manto rayo|7\/100\n|\n|-weather|RainDance|[upkeep]\n|-heal|p2a: Manto rayo|13\/100|[from] item: Leftovers\n|-heal|p1a: PAAAACO|47\/100|[from] item: Leftovers\n|upkeep\n|turn|17\n|\n|t:|1700076629\n|move|p2a: Manto rayo|Air Slash|p1a: PAAAACO\n|-damage|p1a: PAAAACO|20\/100\n|move|p1a: PAAAACO|Surf|p2a: Manto rayo\n|-heal|p2a: Manto rayo|38\/100|[from] ability: Water Absorb|[of] p1a: PAAAACO\n|\n|-weather|RainDance|[upkeep]\n|-heal|p2a: Manto rayo|44\/100|[from] item: Leftovers\n|-heal|p1a: PAAAACO|26\/100|[from] item: Leftovers\n|upkeep\n|turn|18\n|\n|t:|1700076659\n|switch|p1a: Chidori|Tapu Koko, shiny|100\/100\n|move|p2a: Manto rayo|Air Slash|p1a: Chidori\n|-resisted|p1a: Chidori\n|-damage|p1a: Chidori|83\/100\n|\n|-weather|RainDance|[upkeep]\n|-heal|p2a: Manto rayo|50\/100|[from] item: Leftovers\n|-sideend|p2: YorguisMorguis|move: Tailwind\n|-fieldend|move: Electric Terrain\n|upkeep\n|turn|19\n|\n|t:|1700076669\n|move|p1a: Chidori|Dazzling Gleam|p2a: Manto rayo\n|-damage|p2a: Manto rayo|31\/100\n|move|p2a: Manto rayo|Confuse Ray|p1a: Chidori\n|-start|p1a: Chidori|confusion\n|\n|-weather|none\n|-heal|p2a: Manto rayo|37\/100|[from] item: Leftovers\n|upkeep\n|turn|20\n|\n|t:|1700076690\n|switch|p1a: Chidori|Tapu Koko, shiny|52\/100\n|-damage|p1a: Chidori|40\/100|[from] Stealth Rock\n|move|p2a: Manto rayo|Tailwind|p2a: Manto rayo\n|-sidestart|p2: YorguisMorguis|move: Tailwind\n|\n|-heal|p2a: Manto rayo|44\/100|[from] item: Leftovers\n|upkeep\n|turn|21\n|\n|t:|1700076700\n|move|p2a: Manto rayo|Confuse Ray|p1a: Chidori\n|-start|p1a: Chidori|confusion\n|-activate|p1a: Chidori|confusion\n|move|p1a: Chidori|Poltergeist|p2a: Manto rayo\n|-immune|p2a: Manto rayo\n|\n|-heal|p2a: Manto rayo|50\/100|[from] item: Leftovers\n|upkeep\n|turn|22\n|\n|t:|1700076712\n|move|p2a: Manto rayo|Air Slash|p1a: Chidori\n|-damage|p1a: Chidori|0 fnt\n|replace|p1a: D\u00fcnedain|Zoroark-Hisui, M, shiny\n|-end|p1a: D\u00fcnedain|Illusion\n|faint|p1a: D\u00fcnedain\n|\n|-heal|p2a: Manto rayo|56\/100|[from] item: Leftovers\n|upkeep\n|\n|t:|1700076724\n|switch|p1a: Mabel|Altaria, F, shiny|100\/100\n|-damage|p1a: Mabel|76\/100|[from] Stealth Rock\n|turn|23\n|\n|t:|1700076736\n|detailschange|p1a: Mabel|Altaria-Mega, F, shiny\n|-mega|p1a: Mabel|Altaria|Altarianite\n|move|p2a: Manto rayo|Air Slash|p1a: Mabel\n|-damage|p1a: Mabel|52\/100\n|move|p1a: Mabel|Dragon Pulse|p2a: Manto rayo\n|-damage|p2a: Manto rayo|33\/100\n|\n|-heal|p2a: Manto rayo|39\/100|[from] item: Leftovers\n|-sideend|p2: YorguisMorguis|move: Tailwind\n|upkeep\n|turn|24\n|\n|t:|1700076747\n|move|p1a: Mabel|Dragon Dance|p1a: Mabel\n|-boost|p1a: Mabel|atk|1\n|-boost|p1a: Mabel|spe|1\n|move|p2a: Manto rayo|Air Slash|p1a: Mabel\n|-damage|p1a: Mabel|26\/100\n|\n|-heal|p2a: Manto rayo|45\/100|[from] item: Leftovers\n|upkeep\n|turn|25\n|\n|t:|1700076756\n|move|p1a: Mabel|Hurricane|p2a: Manto rayo|[miss]\n|-miss|p1a: Mabel|p2a: Manto rayo\n|move|p2a: Manto rayo|Air Slash|p1a: Mabel\n|-damage|p1a: Mabel|2\/100\n|\n|-heal|p2a: Manto rayo|51\/100|[from] item: Leftovers\n|upkeep\n|turn|26\n|\n|t:|1700076765\n|move|p1a: Mabel|Hurricane|p2a: Manto rayo\n|-damage|p2a: Manto rayo|30\/100\n|move|p2a: Manto rayo|Air Slash|p1a: Mabel\n|-damage|p1a: Mabel|0 fnt\n|faint|p1a: Mabel\n|\n|-heal|p2a: Manto rayo|36\/100|[from] item: Leftovers\n|upkeep\n|\n|t:|1700076775\n|switch|p1a: Chidori|Tapu Koko, shiny|83\/100\n|-fieldstart|move: Electric Terrain|[from] ability: Electric Surge|[of] p1a: Chidori\n|turn|27\n|\n|t:|1700076797\n|move|p1a: Chidori|Discharge|p2a: Manto rayo\n|-damage|p2a: Manto rayo|9\/100\n|move|p2a: Manto rayo|Confuse Ray|p1a: Chidori\n|-start|p1a: Chidori|confusion\n|\n|-heal|p2a: Manto rayo|15\/100|[from] item: Leftovers\n|upkeep\n|turn|28\n|\n|t:|1700076807\n|-activate|p1a: Chidori|confusion\n|move|p1a: Chidori|Volt Switch|p2a: Manto rayo\n|-damage|p2a: Manto rayo|0 fnt\n|faint|p2a: Manto rayo\n|\n|t:|1700076812\n|switch|p1a: PAAAACO|Cramorant, M, shiny|26\/100|[from] Volt Switch\n|-damage|p1a: PAAAACO|1\/100|[from] Stealth Rock\n|\n|-heal|p1a: PAAAACO|7\/100|[from] item: Leftovers\n|upkeep\n|\n|t:|1700076818\n|switch|p2a: Perrito piloto|Jolteon, F|100\/100\n|-item|p2a: Perrito piloto|Air Balloon\n|turn|29\n|\n|t:|1700076827\n|move|p2a: Perrito piloto|Thunder|p1a: PAAAACO\n|-supereffective|p1a: PAAAACO\n|-damage|p1a: PAAAACO|0 fnt\n|faint|p1a: PAAAACO\n|\n|upkeep\n|\n|t:|1700076832\n|switch|p1a: Chidori|Tapu Koko, shiny|83\/100\n|turn|30\n|\n|t:|1700076840\n|move|p2a: Perrito piloto|Thunder|p1a: Chidori|[miss]\n|-miss|p2a: Perrito piloto|p1a: Chidori\n|move|p1a: Chidori|Dazzling Gleam|p2a: Perrito piloto\n|-damage|p2a: Perrito piloto|54\/100\n|-enditem|p2a: Perrito piloto|Air Balloon\n|\n|upkeep\n|turn|31\n|\n|t:|1700076849\n|move|p1a: Chidori|Dazzling Gleam|p2a: Perrito piloto\n|-damage|p2a: Perrito piloto|12\/100\n|move|p2a: Perrito piloto|Thunder|p1a: Chidori\n|-resisted|p1a: Chidori\n|-damage|p1a: Chidori|34\/100\n|\n|-fieldend|move: Electric Terrain\n|upkeep\n|turn|32\n|\n|t:|1700076859\n|move|p2a: Perrito piloto|Thunder|p1a: Chidori\n|-resisted|p1a: Chidori\n|-damage|p1a: Chidori|0 fnt\n|faint|p1a: Chidori\n|\n|win|YorguisMorguis\n|l|\u2606PAMTHEBOSHY\n|c|\u2606YorguisMorguis|gg\n","uploadtime":1700076911,"views":12,"p1id":"pamtheboshy","p2id":"yorguismorguis","formatid":"gen9nationaldex","rating":0,"private":0,"password":""}