{"id":"gen9nationaldex-1988306110","p1":"DJRRRR","p2":"exonergb","format":"[Gen 9] National Dex","log":"|j|\u2606DJRRRR\n|j|\u2606exonergb\n|t:|1699705578\n|gametype|singles\n|player|p1|DJRRRR|170|1249\n|player|p2|exonergb|265|1208\n|teamsize|p1|6\n|teamsize|p2|6\n|gen|9\n|tier|[Gen 9] National Dex\n|rated|\n|rule|HP Percentage Mod: HP is shown in percentages\n|rule|Endless Battle Clause: Forcing endless battles is banned\n|rule|OHKO Clause: OHKO moves are banned\n|rule|Evasion Clause: Evasion abilities, items, and moves are banned\n|rule|Evasion Abilities Clause: Evasion abilities are banned\n|rule|Evasion Items Clause: Evasion items are banned\n|rule|Evasion Moves Clause: Evasion moves are banned\n|rule|Species Clause: Limit one of each Pok\u00e9mon\n|rule|Sleep Clause Mod: Limit one foe put to sleep\n|clearpoke\n|poke|p1|Tapu Koko|\n|poke|p1|Iron Valiant|\n|poke|p1|Dragonite, M|\n|poke|p1|Ursaluna, F|\n|poke|p1|Diancie|\n|poke|p1|Rillaboom, M|\n|poke|p2|Gliscor, M|\n|poke|p2|Jolteon, M|\n|poke|p2|Charizard, F|\n|poke|p2|Staraptor, F|\n|poke|p2|Ditto|\n|poke|p2|Toxapex, F|\n|teampreview\n|\n|t:|1699705591\n|start\n|switch|p1a: Diancie|Diancie|100\/100\n|switch|p2a: Staraptor|Staraptor, F|100\/100\n|turn|1\n|inactive|Battle timer is ON: inactive players will automatically lose when time's up. (requested by DJRRRR)\n|\n|t:|1699705608\n|detailschange|p1a: Diancie|Diancie-Mega\n|-mega|p1a: Diancie|Diancie|Diancite\n|move|p2a: Staraptor|U-turn|p1a: Diancie\n|-resisted|p1a: Diancie\n|-damage|p1a: Diancie|86\/100\n|\n|t:|1699705615\n|switch|p2a: Ditto|Ditto|100\/100|[from] U-turn\n|-transform|p2a: Ditto|p1a: Diancie|[from] ability: Imposter\n|move|p1a: Diancie|Diamond Storm|p2a: Ditto\n|-damage|p2a: Ditto|46\/100\n|\n|upkeep\n|turn|2\n|\n|t:|1699705626\n|move|p1a: Diancie|Protect|p1a: Diancie\n|-singleturn|p1a: Diancie|Protect\n|move|p2a: Ditto|Earth Power|p1a: Diancie\n|-activate|p1a: Diancie|move: Protect\n|\n|upkeep\n|turn|3\n|\n|t:|1699705640\n|switch|p2a: Jolteon|Jolteon, M|100\/100\n|switch|p1a: Ursaluna|Ursaluna, F|100\/100\n|\n|-status|p1a: Ursaluna|brn|[from] item: Flame Orb\n|upkeep\n|turn|4\n|\n|t:|1699705649\n|move|p2a: Jolteon|Hidden Power|p1a: Ursaluna\n|-supereffective|p1a: Ursaluna\n|-damage|p1a: Ursaluna|41\/100 brn\n|move|p1a: Ursaluna|Facade|p2a: Jolteon\n|-damage|p2a: Jolteon|0 fnt\n|faint|p2a: Jolteon\n|\n|-damage|p1a: Ursaluna|34\/100 brn|[from] brn\n|upkeep\n|\n|t:|1699705665\n|switch|p2a: Gliscor|Gliscor, M|100\/100\n|turn|5\n|\n|t:|1699705675\n|move|p2a: Gliscor|Earthquake|p1a: Ursaluna\n|-damage|p1a: Ursaluna|12\/100 brn\n|move|p1a: Ursaluna|Facade|p2a: Gliscor\n|-damage|p2a: Gliscor|26\/100\n|\n|-damage|p1a: Ursaluna|5\/100 brn|[from] brn\n|-status|p2a: Gliscor|tox|[from] item: Toxic Orb\n|upkeep\n|turn|6\n|\n|t:|1699705691\n|switch|p1a: Rillaboom|Rillaboom, M|100\/100\n|-fieldstart|move: Grassy Terrain|[from] ability: Grassy Surge|[of] p1a: Rillaboom\n|move|p2a: Gliscor|U-turn|p1a: Rillaboom\n|-supereffective|p1a: Rillaboom\n|-damage|p1a: Rillaboom|68\/100\n|\n|t:|1699705700\n|switch|p2a: Staraptor|Staraptor, F|100\/100|[from] U-turn\n|\n|-heal|p1a: Rillaboom|74\/100|[from] Grassy Terrain\n|upkeep\n|turn|7\n|\n|t:|1699705713\n|switch|p1a: Diancie|Diancie-Mega|86\/100\n|move|p2a: Staraptor|Brave Bird|p1a: Diancie\n|-resisted|p1a: Diancie\n|-damage|p1a: Diancie|39\/100\n|-damage|p2a: Staraptor|88\/100|[from] Recoil\n|\n|-heal|p1a: Diancie|45\/100|[from] Grassy Terrain\n|upkeep\n|turn|8\n|\n|t:|1699705726\n|move|p1a: Diancie|Protect|p1a: Diancie\n|-singleturn|p1a: Diancie|Protect\n|move|p2a: Staraptor|Brave Bird|p1a: Diancie\n|-activate|p1a: Diancie|move: Protect\n|\n|-heal|p1a: Diancie|52\/100|[from] Grassy Terrain\n|upkeep\n|turn|9\n|\n|t:|1699705742\n|switch|p2a: Toxapex|Toxapex, F|100\/100\n|move|p1a: Diancie|Diamond Storm|p2a: Toxapex\n|-damage|p2a: Toxapex|63\/100\n|\n|-heal|p1a: Diancie|58\/100|[from] Grassy Terrain\n|-heal|p2a: Toxapex|69\/100|[from] Grassy Terrain\n|-heal|p2a: Toxapex|75\/100|[from] item: Black Sludge\n|upkeep\n|turn|10\n|\n|t:|1699705756\n|switch|p1a: Tapu Koko|Tapu Koko|100\/100\n|-fieldstart|move: Electric Terrain|[from] ability: Electric Surge|[of] p1a: Tapu Koko\n|move|p2a: Toxapex|Baneful Bunker||[still]\n|-fail|p2a: Toxapex\n|\n|-heal|p2a: Toxapex|82\/100|[from] item: Black Sludge\n|upkeep\n|turn|11\n|\n|t:|1699705769\n|switch|p2a: Gliscor|Gliscor, M|26\/100 tox\n|move|p1a: Tapu Koko|Volt Switch|p2a: Gliscor\n|-immune|p2a: Gliscor\n|\n|-heal|p2a: Gliscor|39\/100 tox|[from] ability: Poison Heal\n|upkeep\n|turn|12\n|\n|t:|1699705785\n|switch|p1a: Diancie|Diancie-Mega|58\/100\n|move|p2a: Gliscor|U-turn|p1a: Diancie\n|-resisted|p1a: Diancie\n|-damage|p1a: Diancie|49\/100\n|\n|t:|1699705801\n|switch|p2a: Staraptor|Staraptor, F|88\/100|[from] U-turn\n|\n|upkeep\n|turn|13\n|\n|t:|1699705815\n|move|p1a: Diancie|Protect|p1a: Diancie\n|-singleturn|p1a: Diancie|Protect\n|move|p2a: Staraptor|U-turn|p1a: Diancie\n|-activate|p1a: Diancie|move: Protect\n|\n|upkeep\n|turn|14\n|\n|t:|1699705822\n|move|p2a: Staraptor|U-turn|p1a: Diancie\n|-resisted|p1a: Diancie\n|-damage|p1a: Diancie|34\/100\n|\n|t:|1699705830\n|switch|p2a: Toxapex|Toxapex, F|100\/100|[from] U-turn\n|move|p1a: Diancie|Moonblast|p2a: Toxapex\n|-resisted|p2a: Toxapex\n|-damage|p2a: Toxapex|79\/100\n|-unboost|p2a: Toxapex|spa|1\n|\n|-heal|p2a: Toxapex|85\/100|[from] item: Black Sludge\n|-fieldend|move: Electric Terrain\n|upkeep\n|turn|15\n|\n|t:|1699705845\n|switch|p1a: Tapu Koko|Tapu Koko|100\/100\n|-fieldstart|move: Electric Terrain|[from] ability: Electric Surge|[of] p1a: Tapu Koko\n|move|p2a: Toxapex|Scald|p1a: Tapu Koko\n|-damage|p1a: Tapu Koko|83\/100\n|\n|-heal|p2a: Toxapex|91\/100|[from] item: Black Sludge\n|upkeep\n|turn|16\n|\n|t:|1699705855\n|move|p2a: Toxapex|Baneful Bunker|p2a: Toxapex\n|-singleturn|p2a: Toxapex|move: Protect\n|move|p1a: Tapu Koko|Volt Switch|p2a: Toxapex\n|-activate|p2a: Toxapex|move: Protect\n|\n|-heal|p2a: Toxapex|98\/100|[from] item: Black Sludge\n|upkeep\n|turn|17\n|\n|t:|1699705864\n|switch|p1a: Iron Valiant|Iron Valiant|100\/100\n|-activate|p1a: Iron Valiant|ability: Quark Drive\n|-start|p1a: Iron Valiant|quarkdrivespe\n|move|p2a: Toxapex|Scald|p1a: Iron Valiant\n|-damage|p1a: Iron Valiant|82\/100\n|\n|-heal|p2a: Toxapex|100\/100|[from] item: Black Sludge\n|upkeep\n|turn|18\n|\n|t:|1699705879\n|move|p1a: Iron Valiant|Swords Dance|p1a: Iron Valiant\n|-boost|p1a: Iron Valiant|atk|2\n|move|p2a: Toxapex|Scald|p1a: Iron Valiant\n|-damage|p1a: Iron Valiant|63\/100\n|\n|upkeep\n|turn|19\n|\n|t:|1699705891\n|move|p1a: Iron Valiant|Close Combat|p2a: Toxapex\n|-resisted|p2a: Toxapex\n|-crit|p2a: Toxapex\n|-damage|p2a: Toxapex|15\/100\n|-unboost|p1a: Iron Valiant|def|1\n|-unboost|p1a: Iron Valiant|spd|1\n|-damage|p1a: Iron Valiant|53\/100|[from] item: Life Orb\n|move|p2a: Toxapex|Haze|p2a: Toxapex\n|-clearallboost\n|\n|-heal|p2a: Toxapex|21\/100|[from] item: Black Sludge\n|-fieldend|move: Electric Terrain\n|-end|p1a: Iron Valiant|Quark Drive\n|upkeep\n|turn|20\n|\n|t:|1699705905\n|move|p2a: Toxapex|Baneful Bunker|p2a: Toxapex\n|-singleturn|p2a: Toxapex|move: Protect\n|move|p1a: Iron Valiant|Swords Dance|p1a: Iron Valiant\n|-boost|p1a: Iron Valiant|atk|2\n|\n|-heal|p2a: Toxapex|27\/100|[from] item: Black Sludge\n|upkeep\n|turn|21\n|\n|t:|1699705918\n|move|p1a: Iron Valiant|Spirit Break|p2a: Toxapex\n|-resisted|p2a: Toxapex\n|-damage|p2a: Toxapex|0 fnt\n|faint|p2a: Toxapex\n|-damage|p1a: Iron Valiant|44\/100|[from] item: Life Orb\n|\n|upkeep\n|\n|t:|1699705925\n|switch|p2a: Ditto|Ditto|46\/100\n|-transform|p2a: Ditto|p1a: Iron Valiant|[from] ability: Imposter\n|turn|22\n|\n|t:|1699705946\n|-end|p1a: Iron Valiant|Quark Drive|[silent]\n|switch|p1a: Ursaluna|Ursaluna, F|5\/100 brn\n|move|p2a: Ditto|Spirit Break|p1a: Ursaluna\n|-crit|p1a: Ursaluna\n|-damage|p1a: Ursaluna|0 fnt\n|faint|p1a: Ursaluna\n|\n|upkeep\n|\n|t:|1699705957\n|switch|p1a: Rillaboom|Rillaboom, M|74\/100\n|-fieldstart|move: Grassy Terrain|[from] ability: Grassy Surge|[of] p1a: Rillaboom\n|turn|23\n|\n|t:|1699705968\n|move|p1a: Rillaboom|Grassy Glide|p2a: Ditto\n|-crit|p2a: Ditto\n|-damage|p2a: Ditto|0 fnt\n|faint|p2a: Ditto\n|-end|p2a: Ditto|Quark Drive|[silent]\n|\n|-heal|p1a: Rillaboom|80\/100|[from] Grassy Terrain\n|upkeep\n|\n|t:|1699705979\n|switch|p2a: Staraptor|Staraptor, F|88\/100\n|turn|24\n|\n|t:|1699705995\n|move|p1a: Rillaboom|Grassy Glide|p2a: Staraptor\n|-resisted|p2a: Staraptor\n|-damage|p2a: Staraptor|47\/100\n|move|p2a: Staraptor|Double-Edge|p1a: Rillaboom\n|-damage|p1a: Rillaboom|1\/100\n|-damage|p2a: Staraptor|19\/100|[from] Recoil\n|\n|-heal|p1a: Rillaboom|7\/100|[from] Grassy Terrain\n|upkeep\n|turn|25\n|\n|t:|1699706012\n|switch|p2a: Charizard|Charizard, F|100\/100\n|switch|p1a: Diancie|Diancie-Mega|34\/100\n|\n|-heal|p1a: Diancie|40\/100|[from] Grassy Terrain\n|upkeep\n|turn|26\n|\n|t:|1699706031\n|detailschange|p2a: Charizard|Charizard-Mega-Y, F\n|-mega|p2a: Charizard|Charizard|Charizardite Y\n|-weather|SunnyDay|[from] ability: Drought|[of] p2a: Charizard\n|move|p1a: Diancie|Diamond Storm|p2a: Charizard\n|-supereffective|p2a: Charizard\n|-damage|p2a: Charizard|0 fnt\n|faint|p2a: Charizard\n|\n|-weather|SunnyDay|[upkeep]\n|-heal|p1a: Diancie|46\/100|[from] Grassy Terrain\n|upkeep\n|-message|exonergb forfeited.\n|\n|win|DJRRRR\n|raw|DJRRRR's rating: 1249 &rarr; <strong>1271<\/strong><br \/>(+22 for winning)\n|raw|exonergb's rating: 1208 &rarr; <strong>1186<\/strong><br \/>(-22 for losing)\n|l|\u2606exonergb\n","uploadtime":1699706048,"views":6,"p1id":"djrrrr","p2id":"exonergb","formatid":"gen9nationaldex","rating":1186,"private":0,"password":""}