{"id":"gen9nationaldex-1989111519","p1":"Poopoo2","p2":"Shrkattack","format":"[Gen 9] National Dex","log":"|j|\u2606Poopoo2\n|j|\u2606Shrkattack\n|t:|1699813439\n|gametype|singles\n|player|p1|Poopoo2|unknown|1500\n|player|p2|Shrkattack|169|1607\n|teamsize|p1|6\n|teamsize|p2|6\n|gen|9\n|tier|[Gen 9] National Dex\n|rated|\n|rule|HP Percentage Mod: HP is shown in percentages\n|rule|Endless Battle Clause: Forcing endless battles is banned\n|rule|OHKO Clause: OHKO moves are banned\n|rule|Evasion Clause: Evasion abilities, items, and moves are banned\n|rule|Evasion Abilities Clause: Evasion abilities are banned\n|rule|Evasion Items Clause: Evasion items are banned\n|rule|Evasion Moves Clause: Evasion moves are banned\n|rule|Species Clause: Limit one of each Pok\u00e9mon\n|rule|Sleep Clause Mod: Limit one foe put to sleep\n|clearpoke\n|poke|p1|Meganium, F|\n|poke|p1|Ledian, M|\n|poke|p1|Ampharos, F|\n|poke|p1|Azumarill, F|\n|poke|p1|Jynx, F|\n|poke|p1|Porygon2|\n|poke|p2|Zapdos|\n|poke|p2|Jirachi|\n|poke|p2|Tangrowth, M|\n|poke|p2|Toxapex, M|\n|poke|p2|Clefable, M|\n|poke|p2|Chansey, F|\n|teampreview\n|\n|t:|1699813472\n|start\n|switch|p1a: Ledian|Ledian, M|100\/100\n|switch|p2a: Zapdos|Zapdos|100\/100\n|-ability|p2a: Zapdos|Pressure\n|turn|1\n|inactive|Battle timer is ON: inactive players will automatically lose when time's up. (requested by Poopoo2)\n|inactive|Shrkattack has 120 seconds left.\n|\n|t:|1699813516\n|move|p1a: Ledian|Light Screen|p1a: Ledian\n|-sidestart|p1: Poopoo2|move: Light Screen\n|move|p2a: Zapdos|Toxic|p1a: Ledian\n|-status|p1a: Ledian|tox\n|\n|-damage|p1a: Ledian|94\/100 tox|[from] psn\n|upkeep\n|turn|2\n|\n|t:|1699813525\n|move|p1a: Ledian|Knock Off|p2a: Zapdos\n|-damage|p2a: Zapdos|91\/100\n|-enditem|p2a: Zapdos|Heavy-Duty Boots|[from] move: Knock Off|[of] p1a: Ledian\n|move|p2a: Zapdos|Volt Switch|p1a: Ledian\n|-supereffective|p1a: Ledian\n|-damage|p1a: Ledian|64\/100 tox\n|\n|t:|1699813539\n|switch|p2a: Jirachi|Jirachi|100\/100|[from] Volt Switch\n|\n|-damage|p1a: Ledian|52\/100 tox|[from] psn\n|upkeep\n|turn|3\n|\n|t:|1699813548\n|move|p2a: Jirachi|Protect|p2a: Jirachi\n|-singleturn|p2a: Jirachi|Protect\n|move|p1a: Ledian|Knock Off|p2a: Jirachi\n|-activate|p2a: Jirachi|move: Protect\n|\n|-damage|p1a: Ledian|34\/100 tox|[from] psn\n|upkeep\n|turn|4\n|\n|t:|1699813558\n|switch|p2a: Zapdos|Zapdos|91\/100\n|-ability|p2a: Zapdos|Pressure\n|move|p1a: Ledian|Knock Off|p2a: Zapdos\n|-damage|p2a: Zapdos|84\/100\n|\n|-damage|p1a: Ledian|10\/100 tox|[from] psn\n|upkeep\n|turn|5\n|\n|t:|1699813570\n|move|p1a: Ledian|Reflect|p1a: Ledian\n|-sidestart|p1: Poopoo2|Reflect\n|move|p2a: Zapdos|Volt Switch|p1a: Ledian\n|-supereffective|p1a: Ledian\n|-damage|p1a: Ledian|0 fnt\n|faint|p1a: Ledian\n|\n|t:|1699813579\n|switch|p2a: Tangrowth|Tangrowth, M|100\/100|[from] Volt Switch\n|\n|upkeep\n|\n|t:|1699813589\n|switch|p1a: Ampharos|Ampharos, F|100\/100\n|turn|6\n|\n|t:|1699813594\n|detailschange|p1a: Ampharos|Ampharos-Mega, F\n|-mega|p1a: Ampharos|Ampharos|Ampharosite\n|-ability|p1a: Ampharos|Mold Breaker\n|move|p1a: Ampharos|Dragon Pulse|p2a: Tangrowth\n|-damage|p2a: Tangrowth|18\/100\n|move|p2a: Tangrowth|Leech Seed|p1a: Ampharos\n|-start|p1a: Ampharos|move: Leech Seed\n|\n|-damage|p1a: Ampharos|88\/100|[from] Leech Seed|[of] p2a: Tangrowth\n|-heal|p2a: Tangrowth|28\/100|[silent]\n|upkeep\n|turn|7\n|\n|t:|1699813607\n|switch|p1a: Jynx|Jynx, F|100\/100\n|switch|p2a: Chansey|Chansey, F|100\/100\n|\n|upkeep\n|turn|8\n|inactive|Shrkattack has 120 seconds left.\n|\n|t:|1699813652\n|move|p1a: Jynx|Trick|p2a: Chansey\n|-activate|p1a: Jynx|move: Trick|[of] p2a: Chansey\n|-item|p2a: Chansey|Choice Scarf|[from] move: Trick\n|-item|p1a: Jynx|Eviolite|[from] move: Trick\n|move|p2a: Chansey|Seismic Toss|p1a: Jynx\n|-damage|p1a: Jynx|64\/100\n|\n|-sideend|p1: Poopoo2|move: Light Screen\n|upkeep\n|turn|9\n|\n|t:|1699813661\n|switch|p1a: Meganium|Meganium, F|100\/100\n|move|p2a: Chansey|Seismic Toss|p1a: Meganium\n|-damage|p1a: Meganium|73\/100\n|\n|-heal|p1a: Meganium|79\/100|[from] item: Leftovers\n|upkeep\n|turn|10\n|\n|t:|1699813670\n|switch|p2a: Toxapex|Toxapex, M|100\/100\n|move|p1a: Meganium|Leech Seed|p2a: Toxapex|[miss]\n|-miss|p1a: Meganium|p2a: Toxapex\n|\n|-heal|p1a: Meganium|85\/100|[from] item: Leftovers\n|upkeep\n|turn|11\n|inactive|Shrkattack has 120 seconds left.\n|\n|t:|1699813679\n|move|p1a: Meganium|Leech Seed|p2a: Toxapex\n|-start|p2a: Toxapex|move: Leech Seed\n|move|p2a: Toxapex|Toxic|p1a: Meganium\n|-status|p1a: Meganium|tox\n|\n|-heal|p1a: Meganium|91\/100 tox|[from] item: Leftovers\n|-damage|p2a: Toxapex|88\/100|[from] Leech Seed|[of] p1a: Meganium\n|-heal|p1a: Meganium|100\/100 tox|[silent]\n|-damage|p1a: Meganium|94\/100 tox|[from] psn\n|upkeep\n|turn|12\n|inactive|Shrkattack has 120 seconds left.\n|\n|t:|1699813691\n|switch|p2a: Tangrowth|Tangrowth, M|62\/100\n|move|p1a: Meganium|Aromatherapy|p1a: Meganium\n|-activate|p1a: Meganium|move: Aromatherapy\n|-curestatus|p1a: Meganium|tox|[msg]\n|\n|-heal|p1a: Meganium|100\/100|[from] item: Leftovers\n|-sideend|p1: Poopoo2|Reflect\n|upkeep\n|turn|13\n|inactive|Shrkattack has 120 seconds left.\n|\n|t:|1699813701\n|switch|p1a: Ampharos|Ampharos-Mega, F|88\/100\n|-ability|p1a: Ampharos|Mold Breaker\n|move|p2a: Tangrowth|Knock Off|p1a: Ampharos\n|-damage|p1a: Ampharos|73\/100\n|\n|upkeep\n|turn|14\n|\n|t:|1699813710\n|switch|p2a: Chansey|Chansey, F|100\/100\n|move|p1a: Ampharos|Dragon Pulse|p2a: Chansey\n|-crit|p2a: Chansey\n|-damage|p2a: Chansey|58\/100\n|\n|upkeep\n|turn|15\n|\n|t:|1699813719\n|move|p2a: Chansey|Wish|p2a: Chansey\n|move|p1a: Ampharos|Dragon Pulse|p2a: Chansey\n|-damage|p2a: Chansey|33\/100\n|\n|upkeep\n|turn|16\n|\n|t:|1699813726\n|move|p2a: Chansey|Wish||[still]\n|-fail|p2a: Chansey\n|move|p1a: Ampharos|Discharge|p2a: Chansey\n|-damage|p2a: Chansey|6\/100\n|\n|-heal|p2a: Chansey|56\/100|[from] move: Wish|[wisher] Chansey\n|upkeep\n|turn|17\n|\n|t:|1699813736\n|move|p2a: Chansey|Wish|p2a: Chansey\n|move|p1a: Ampharos|Focus Blast|p2a: Chansey\n|-supereffective|p2a: Chansey\n|-damage|p2a: Chansey|1\/100\n|\n|upkeep\n|turn|18\n|\n|t:|1699813746\n|switch|p2a: Zapdos|Zapdos|84\/100\n|-ability|p2a: Zapdos|Pressure\n|move|p1a: Ampharos|Discharge|p2a: Zapdos\n|-damage|p2a: Zapdos|43\/100\n|\n|-heal|p2a: Zapdos|100\/100|[from] move: Wish|[wisher] Chansey\n|upkeep\n|turn|19\n|\n|t:|1699813761\n|move|p2a: Zapdos|Toxic|p1a: Ampharos\n|-status|p1a: Ampharos|tox\n|move|p1a: Ampharos|Dragon Pulse|p2a: Zapdos\n|-damage|p2a: Zapdos|59\/100\n|\n|-damage|p1a: Ampharos|67\/100 tox|[from] psn\n|upkeep\n|turn|20\n|\n|t:|1699813771\n|switch|p1a: Meganium|Meganium, F|100\/100\n|move|p2a: Zapdos|Roost|p2a: Zapdos\n|-heal|p2a: Zapdos|100\/100\n|-singleturn|p2a: Zapdos|move: Roost\n|\n|upkeep\n|turn|21\n|\n|t:|1699813781\n|switch|p2a: Toxapex|Toxapex, M|100\/100\n|move|p1a: Meganium|Leech Seed|p2a: Toxapex\n|-start|p2a: Toxapex|move: Leech Seed\n|\n|-damage|p2a: Toxapex|88\/100|[from] Leech Seed|[of] p1a: Meganium\n|upkeep\n|turn|22\n|\n|t:|1699813789\n|switch|p2a: Zapdos|Zapdos|100\/100\n|-ability|p2a: Zapdos|Pressure\n|move|p1a: Meganium|Giga Drain|p2a: Zapdos\n|-resisted|p2a: Zapdos\n|-damage|p2a: Zapdos|92\/100\n|\n|upkeep\n|turn|23\n|\n|t:|1699813798\n|switch|p2a: Toxapex|Toxapex, M|100\/100\n|move|p1a: Meganium|Leech Seed|p2a: Toxapex\n|-start|p2a: Toxapex|move: Leech Seed\n|\n|-damage|p2a: Toxapex|88\/100|[from] Leech Seed|[of] p1a: Meganium\n|upkeep\n|turn|24\n|\n|t:|1699813806\n|switch|p2a: Zapdos|Zapdos|92\/100\n|-ability|p2a: Zapdos|Pressure\n|move|p1a: Meganium|Aromatherapy|p1a: Meganium\n|-activate|p1a: Meganium|move: Aromatherapy\n|-curestatus|p1: Ampharos|tox|[msg]\n|\n|upkeep\n|turn|25\n|\n|t:|1699813816\n|move|p2a: Zapdos|Toxic|p1a: Meganium\n|-status|p1a: Meganium|tox\n|move|p1a: Meganium|Leech Seed|p2a: Zapdos\n|-start|p2a: Zapdos|move: Leech Seed\n|\n|-damage|p2a: Zapdos|80\/100|[from] Leech Seed|[of] p1a: Meganium\n|-damage|p1a: Meganium|94\/100 tox|[from] psn\n|upkeep\n|turn|26\n|\n|t:|1699813825\n|switch|p2a: Toxapex|Toxapex, M|100\/100\n|move|p1a: Meganium|Aromatherapy|p1a: Meganium\n|-activate|p1a: Meganium|move: Aromatherapy\n|-curestatus|p1a: Meganium|tox|[msg]\n|\n|-heal|p1a: Meganium|100\/100|[from] item: Leftovers\n|upkeep\n|turn|27\n|\n|t:|1699813836\n|move|p1a: Meganium|Leech Seed|p2a: Toxapex\n|-start|p2a: Toxapex|move: Leech Seed\n|move|p2a: Toxapex|Toxic|p1a: Meganium\n|-status|p1a: Meganium|tox\n|\n|-damage|p2a: Toxapex|88\/100|[from] Leech Seed|[of] p1a: Meganium\n|-damage|p1a: Meganium|94\/100 tox|[from] psn\n|upkeep\n|turn|28\n|\n|t:|1699813845\n|switch|p1a: Jynx|Jynx, F|64\/100\n|switch|p2a: Zapdos|Zapdos|80\/100\n|-ability|p2a: Zapdos|Pressure\n|\n|upkeep\n|turn|29\n|\n|t:|1699813853\n|switch|p2a: Chansey|Chansey, F|1\/100\n|move|p1a: Jynx|Ice Beam|p2a: Chansey\n|-damage|p2a: Chansey|0 fnt\n|faint|p2a: Chansey\n|\n|upkeep\n|\n|t:|1699813862\n|switch|p2a: Toxapex|Toxapex, M|100\/100\n|turn|30\n|\n|t:|1699813867\n|move|p1a: Jynx|Psychic|p2a: Toxapex\n|-supereffective|p2a: Toxapex\n|-damage|p2a: Toxapex|25\/100\n|move|p2a: Toxapex|Toxic|p1a: Jynx\n|-status|p1a: Jynx|tox\n|\n|-heal|p2a: Toxapex|31\/100|[from] item: Black Sludge\n|-damage|p1a: Jynx|58\/100 tox|[from] psn\n|upkeep\n|turn|31\n|\n|t:|1699813886\n|switch|p1a: Meganium|Meganium, F|94\/100 tox\n|switch|p2a: Jirachi|Jirachi|100\/100\n|\n|-heal|p1a: Meganium|100\/100 tox|[from] item: Leftovers\n|-damage|p1a: Meganium|94\/100 tox|[from] psn\n|upkeep\n|turn|32\n|\n|t:|1699813897\n|move|p2a: Jirachi|Iron Head|p1a: Meganium\n|-damage|p1a: Meganium|67\/100 tox\n|move|p1a: Meganium|Aromatherapy|p1a: Meganium\n|-activate|p1a: Meganium|move: Aromatherapy\n|-curestatus|p1a: Meganium|tox|[msg]\n|-curestatus|p1: Jynx|tox|[msg]\n|\n|-heal|p1a: Meganium|73\/100|[from] item: Leftovers\n|upkeep\n|turn|33\n|\n|t:|1699813908\n|switch|p1a: Ampharos|Ampharos-Mega, F|67\/100\n|-ability|p1a: Ampharos|Mold Breaker\n|move|p2a: Jirachi|Protect||[still]\n|-fail|p2a: Jirachi\n|\n|upkeep\n|turn|34\n|\n|t:|1699813916\n|move|p2a: Jirachi|Wish|p2a: Jirachi\n|move|p1a: Ampharos|Discharge|p2a: Jirachi\n|-damage|p2a: Jirachi|68\/100\n|\n|-heal|p2a: Jirachi|74\/100|[from] item: Leftovers\n|upkeep\n|turn|35\n|\n|t:|1699813928\n|switch|p1a: Jynx|Jynx, F|58\/100\n|move|p2a: Jirachi|Iron Head|p1a: Jynx\n|-supereffective|p1a: Jynx\n|-damage|p1a: Jynx|0 fnt\n|faint|p1a: Jynx\n|\n|-heal|p2a: Jirachi|100\/100|[from] move: Wish|[wisher] Jirachi\n|upkeep\n|\n|t:|1699813935\n|switch|p1a: Porygon2|Porygon2|100\/100\n|-ability|p1a: Porygon2|Serene Grace|[from] ability: Trace|[of] p2a: Jirachi\n|turn|36\n|\n|t:|1699813947\n|switch|p2a: Clefable|Clefable, M|100\/100\n|move|p1a: Porygon2|Discharge|p2a: Clefable\n|-damage|p2a: Clefable|85\/100\n|\n|-heal|p2a: Clefable|91\/100|[from] item: Leftovers\n|upkeep\n|turn|37\n|\n|t:|1699813959\n|move|p1a: Porygon2|Discharge|p2a: Clefable\n|-damage|p2a: Clefable|75\/100\n|move|p2a: Clefable|Cosmic Power|p2a: Clefable\n|-boost|p2a: Clefable|def|1\n|-boost|p2a: Clefable|spd|1\n|\n|-heal|p2a: Clefable|81\/100|[from] item: Leftovers\n|upkeep\n|turn|38\n|\n|t:|1699813969\n|move|p2a: Clefable|Cosmic Power|p2a: Clefable\n|-boost|p2a: Clefable|def|1\n|-boost|p2a: Clefable|spd|1\n|move|p1a: Porygon2|Discharge|p2a: Clefable\n|-damage|p2a: Clefable|73\/100\n|-status|p2a: Clefable|par\n|\n|-heal|p2a: Clefable|79\/100 par|[from] item: Leftovers\n|upkeep\n|turn|39\n|\n|t:|1699813979\n|move|p2a: Clefable|Cosmic Power|p2a: Clefable\n|-boost|p2a: Clefable|def|1\n|-boost|p2a: Clefable|spd|1\n|move|p1a: Porygon2|Teleport|p1a: Porygon2\n|\n|t:|1699813982\n|switch|p1a: Meganium|Meganium, F|73\/100|[from] Teleport\n|\n|-heal|p1a: Meganium|79\/100|[from] item: Leftovers\n|-heal|p2a: Clefable|85\/100 par|[from] item: Leftovers\n|upkeep\n|turn|40\n|\n|t:|1699813993\n|move|p1a: Meganium|Leech Seed|p2a: Clefable\n|-start|p2a: Clefable|move: Leech Seed\n|move|p2a: Clefable|Cosmic Power|p2a: Clefable\n|-boost|p2a: Clefable|def|1\n|-boost|p2a: Clefable|spd|1\n|\n|-heal|p1a: Meganium|85\/100|[from] item: Leftovers\n|-heal|p2a: Clefable|91\/100 par|[from] item: Leftovers\n|-damage|p2a: Clefable|79\/100 par|[from] Leech Seed|[of] p1a: Meganium\n|-heal|p1a: Meganium|99\/100|[silent]\n|upkeep\n|turn|41\n|\n|t:|1699814005\n|switch|p1a: Porygon2|Porygon2|100\/100\n|-ability|p1a: Porygon2|Unaware|[from] ability: Trace|[of] p2a: Clefable\n|move|p2a: Clefable|Cosmic Power|p2a: Clefable\n|-boost|p2a: Clefable|def|1\n|-boost|p2a: Clefable|spd|1\n|\n|-heal|p2a: Clefable|85\/100 par|[from] item: Leftovers\n|-damage|p2a: Clefable|72\/100 par|[from] Leech Seed|[of] p1a: Porygon2\n|upkeep\n|turn|42\n|\n|t:|1699814018\n|move|p1a: Porygon2|Ice Beam|p2a: Clefable\n|-damage|p2a: Clefable|55\/100 par\n|cant|p2a: Clefable|par\n|\n|-heal|p2a: Clefable|61\/100 par|[from] item: Leftovers\n|-damage|p2a: Clefable|48\/100 par|[from] Leech Seed|[of] p1a: Porygon2\n|upkeep\n|turn|43\n|\n|t:|1699814028\n|cant|p2a: Clefable|par\n|move|p1a: Porygon2|Teleport|p1a: Porygon2\n|\n|t:|1699814031\n|switch|p1a: Ampharos|Ampharos-Mega, F|67\/100|[from] Teleport\n|-ability|p1a: Ampharos|Mold Breaker\n|\n|-heal|p2a: Clefable|54\/100 par|[from] item: Leftovers\n|-damage|p2a: Clefable|42\/100 par|[from] Leech Seed|[of] p1a: Ampharos\n|-heal|p1a: Ampharos|82\/100|[silent]\n|upkeep\n|turn|44\n|\n|t:|1699814041\n|switch|p1a: Porygon2|Porygon2|100\/100\n|-ability|p1a: Porygon2|Unaware|[from] ability: Trace|[of] p2a: Clefable\n|move|p2a: Clefable|Rest|p2a: Clefable\n|-status|p2a: Clefable|slp|[from] move: Rest\n|-heal|p2a: Clefable|100\/100 slp|[silent]\n|\n|-damage|p2a: Clefable|88\/100 slp|[from] Leech Seed|[of] p1a: Porygon2\n|upkeep\n|turn|45\n|\n|t:|1699814053\n|cant|p2a: Clefable|slp\n|move|p1a: Porygon2|Ice Beam|p2a: Clefable\n|-crit|p2a: Clefable\n|-damage|p2a: Clefable|59\/100 slp\n|\n|-heal|p2a: Clefable|65\/100 slp|[from] item: Leftovers\n|-damage|p2a: Clefable|52\/100 slp|[from] Leech Seed|[of] p1a: Porygon2\n|upkeep\n|turn|46\n|\n|t:|1699814063\n|cant|p2a: Clefable|slp\n|move|p1a: Porygon2|Ice Beam|p2a: Clefable\n|-damage|p2a: Clefable|33\/100 slp\n|\n|-heal|p2a: Clefable|39\/100 slp|[from] item: Leftovers\n|-damage|p2a: Clefable|26\/100 slp|[from] Leech Seed|[of] p1a: Porygon2\n|upkeep\n|turn|47\n|\n|t:|1699814074\n|-curestatus|p2a: Clefable|slp|[msg]\n|move|p2a: Clefable|Rest|p2a: Clefable\n|-status|p2a: Clefable|slp|[from] move: Rest\n|-heal|p2a: Clefable|100\/100 slp|[silent]\n|move|p1a: Porygon2|Ice Beam|p2a: Clefable\n|-damage|p2a: Clefable|82\/100 slp\n|\n|-heal|p2a: Clefable|88\/100 slp|[from] item: Leftovers\n|-damage|p2a: Clefable|76\/100 slp|[from] Leech Seed|[of] p1a: Porygon2\n|upkeep\n|turn|48\n|\n|t:|1699814090\n|cant|p2a: Clefable|slp\n|move|p1a: Porygon2|Ice Beam|p2a: Clefable\n|-damage|p2a: Clefable|58\/100 slp\n|\n|-heal|p2a: Clefable|64\/100 slp|[from] item: Leftovers\n|-damage|p2a: Clefable|52\/100 slp|[from] Leech Seed|[of] p1a: Porygon2\n|upkeep\n|turn|49\n|\n|t:|1699814101\n|cant|p2a: Clefable|slp\n|move|p1a: Porygon2|Discharge|p2a: Clefable\n|-damage|p2a: Clefable|35\/100 slp\n|\n|-heal|p2a: Clefable|41\/100 slp|[from] item: Leftovers\n|-damage|p2a: Clefable|29\/100 slp|[from] Leech Seed|[of] p1a: Porygon2\n|upkeep\n|turn|50\n|\n|t:|1699814115\n|move|p1a: Porygon2|Discharge|p2a: Clefable\n|-damage|p2a: Clefable|11\/100 slp\n|-curestatus|p2a: Clefable|slp|[msg]\n|move|p2a: Clefable|Rest|p2a: Clefable\n|-status|p2a: Clefable|slp|[from] move: Rest\n|-heal|p2a: Clefable|100\/100 slp|[silent]\n|\n|-damage|p2a: Clefable|88\/100 slp|[from] Leech Seed|[of] p1a: Porygon2\n|upkeep\n|turn|51\n|\n|t:|1699814128\n|switch|p2a: Zapdos|Zapdos|80\/100\n|-ability|p2a: Zapdos|Pressure\n|move|p1a: Porygon2|Discharge|p2a: Zapdos\n|-damage|p2a: Zapdos|68\/100\n|\n|upkeep\n|turn|52\n|\n|t:|1699814137\n|move|p2a: Zapdos|Toxic|p1a: Porygon2\n|-status|p1a: Porygon2|tox\n|move|p1a: Porygon2|Ice Beam|p2a: Zapdos\n|-supereffective|p2a: Zapdos\n|-damage|p2a: Zapdos|41\/100\n|\n|-damage|p1a: Porygon2|94\/100 tox|[from] psn\n|upkeep\n|turn|53\n|\n|t:|1699814147\n|switch|p1a: Meganium|Meganium, F|99\/100\n|move|p2a: Zapdos|Roost|p2a: Zapdos\n|-heal|p2a: Zapdos|91\/100\n|-singleturn|p2a: Zapdos|move: Roost\n|\n|-heal|p1a: Meganium|100\/100|[from] item: Leftovers\n|upkeep\n|turn|54\n|\n|t:|1699814158\n|switch|p2a: Tangrowth|Tangrowth, M|95\/100\n|move|p1a: Meganium|Leech Seed|p2a: Tangrowth\n|-immune|p2a: Tangrowth\n|\n|upkeep\n|turn|55\n|\n|t:|1699814167\n|move|p1a: Meganium|Aromatherapy|p1a: Meganium\n|-activate|p1a: Meganium|move: Aromatherapy\n|-curestatus|p1: Porygon2|tox|[msg]\n|move|p2a: Tangrowth|Knock Off|p1a: Meganium\n|-damage|p1a: Meganium|78\/100\n|-enditem|p1a: Meganium|Leftovers|[from] move: Knock Off|[of] p2a: Tangrowth\n|\n|upkeep\n|turn|56\n|\n|t:|1699814177\n|switch|p1a: Ampharos|Ampharos-Mega, F|82\/100\n|-ability|p1a: Ampharos|Mold Breaker\n|move|p2a: Tangrowth|Leech Seed|p1a: Ampharos\n|-start|p1a: Ampharos|move: Leech Seed\n|\n|-damage|p1a: Ampharos|69\/100|[from] Leech Seed|[of] p2a: Tangrowth\n|-heal|p2a: Tangrowth|100\/100|[silent]\n|upkeep\n|turn|57\n|\n|t:|1699814189\n|switch|p1a: Meganium|Meganium, F|78\/100\n|move|p2a: Tangrowth|Protect||[still]\n|-fail|p2a: Tangrowth\n|\n|upkeep\n|turn|58\n|\n|t:|1699814197\n|move|p1a: Meganium|Giga Drain|p2a: Tangrowth\n|-resisted|p2a: Tangrowth\n|-damage|p2a: Tangrowth|86\/100\n|-heal|p1a: Meganium|86\/100|[from] drain|[of] p2a: Tangrowth\n|move|p2a: Tangrowth|Leech Seed|p1a: Meganium\n|-immune|p1a: Meganium\n|\n|upkeep\n|turn|59\n|\n|t:|1699814206\n|switch|p2a: Zapdos|Zapdos|91\/100\n|-ability|p2a: Zapdos|Pressure\n|move|p1a: Meganium|Leech Seed|p2a: Zapdos\n|-start|p2a: Zapdos|move: Leech Seed\n|\n|-damage|p2a: Zapdos|79\/100|[from] Leech Seed|[of] p1a: Meganium\n|-heal|p1a: Meganium|99\/100|[silent]\n|upkeep\n|turn|60\n|\n|t:|1699814217\n|switch|p1a: Ampharos|Ampharos-Mega, F|69\/100\n|-ability|p1a: Ampharos|Mold Breaker\n|move|p2a: Zapdos|Volt Switch|p1a: Ampharos\n|-resisted|p1a: Ampharos\n|-damage|p1a: Ampharos|62\/100\n|\n|t:|1699814226\n|switch|p2a: Jirachi|Jirachi|100\/100|[from] Volt Switch\n|\n|upkeep\n|turn|61\n|\n|t:|1699814231\n|move|p2a: Jirachi|Wish|p2a: Jirachi\n|move|p1a: Ampharos|Discharge|p2a: Jirachi\n|-damage|p2a: Jirachi|66\/100\n|\n|-heal|p2a: Jirachi|72\/100|[from] item: Leftovers\n|upkeep\n|turn|62\n|\n|t:|1699814240\n|move|p2a: Jirachi|Iron Head|p1a: Ampharos\n|-resisted|p1a: Ampharos\n|-damage|p1a: Ampharos|49\/100\n|cant|p1a: Ampharos|flinch\n|\n|-heal|p2a: Jirachi|100\/100|[from] move: Wish|[wisher] Jirachi\n|upkeep\n|turn|63\n|\n|t:|1699814250\n|move|p2a: Jirachi|Iron Head|p1a: Ampharos\n|-resisted|p1a: Ampharos\n|-damage|p1a: Ampharos|35\/100\n|cant|p1a: Ampharos|flinch\n|\n|upkeep\n|turn|64\n|\n|t:|1699814257\n|switch|p1a: Meganium|Meganium, F|99\/100\n|move|p2a: Jirachi|Iron Head|p1a: Meganium\n|-damage|p1a: Meganium|74\/100\n|\n|upkeep\n|turn|65\n|\n|t:|1699814269\n|switch|p2a: Tangrowth|Tangrowth, M|100\/100\n|move|p1a: Meganium|Leech Seed|p2a: Tangrowth\n|-immune|p2a: Tangrowth\n|\n|upkeep\n|turn|66\n|\n|t:|1699814277\n|move|p1a: Meganium|Giga Drain|p2a: Tangrowth\n|-resisted|p2a: Tangrowth\n|-damage|p2a: Tangrowth|84\/100\n|-heal|p1a: Meganium|83\/100|[from] drain|[of] p2a: Tangrowth\n|move|p2a: Tangrowth|Knock Off|p1a: Meganium\n|-damage|p1a: Meganium|69\/100\n|\n|upkeep\n|turn|67\n|\n|t:|1699814287\n|switch|p2a: Zapdos|Zapdos|79\/100\n|-ability|p2a: Zapdos|Pressure\n|move|p1a: Meganium|Leech Seed|p2a: Zapdos\n|-start|p2a: Zapdos|move: Leech Seed\n|\n|-damage|p2a: Zapdos|67\/100|[from] Leech Seed|[of] p1a: Meganium\n|-heal|p1a: Meganium|82\/100|[silent]\n|upkeep\n|turn|68\n|\n|t:|1699814297\n|switch|p1a: Ampharos|Ampharos-Mega, F|35\/100\n|-ability|p1a: Ampharos|Mold Breaker\n|move|p2a: Zapdos|Volt Switch|p1a: Ampharos\n|-resisted|p1a: Ampharos\n|-damage|p1a: Ampharos|29\/100\n|\n|t:|1699814305\n|switch|p2a: Jirachi|Jirachi|100\/100|[from] Volt Switch\n|\n|upkeep\n|turn|69\n|\n|t:|1699814311\n|switch|p1a: Porygon2|Porygon2|94\/100\n|-ability|p1a: Porygon2|Serene Grace|[from] ability: Trace|[of] p2a: Jirachi\n|move|p2a: Jirachi|Iron Head|p1a: Porygon2\n|-damage|p1a: Porygon2|80\/100\n|\n|upkeep\n|turn|70\n|\n|t:|1699814320\n|move|p2a: Jirachi|Wish|p2a: Jirachi\n|move|p1a: Porygon2|Discharge|p2a: Jirachi\n|-damage|p2a: Jirachi|89\/100\n|-status|p2a: Jirachi|par\n|\n|-heal|p2a: Jirachi|95\/100 par|[from] item: Leftovers\n|upkeep\n|turn|71\n|\n|t:|1699814330\n|switch|p2a: Zapdos|Zapdos|67\/100\n|-ability|p2a: Zapdos|Pressure\n|move|p1a: Porygon2|Teleport|p1a: Porygon2\n|\n|t:|1699814335\n|switch|p1a: Meganium|Meganium, F|82\/100|[from] Teleport\n|\n|-heal|p2a: Zapdos|100\/100|[from] move: Wish|[wisher] Jirachi\n|upkeep\n|turn|72\n|\n|t:|1699814344\n|move|p2a: Zapdos|Toxic|p1a: Meganium\n|-status|p1a: Meganium|tox\n|move|p1a: Meganium|Leech Seed|p2a: Zapdos|[miss]\n|-miss|p1a: Meganium|p2a: Zapdos\n|\n|-damage|p1a: Meganium|76\/100 tox|[from] psn\n|upkeep\n|turn|73\n|\n|t:|1699814354\n|move|p2a: Zapdos|Volt Switch|p1a: Meganium\n|-resisted|p1a: Meganium\n|-damage|p1a: Meganium|66\/100 tox\n|j| Rr44e4\n|\n|t:|1699814360\n|switch|p2a: Toxapex|Toxapex, M|65\/100|[from] Volt Switch\n|move|p1a: Meganium|Aromatherapy|p1a: Meganium\n|-activate|p1a: Meganium|move: Aromatherapy\n|-curestatus|p1a: Meganium|tox|[msg]\n|\n|-heal|p2a: Toxapex|70\/100|[from] item: Black Sludge\n|upkeep\n|turn|74\n|l| Rr44e4\n|\n|t:|1699814371\n|switch|p1a: Ampharos|Ampharos-Mega, F|29\/100\n|-ability|p1a: Ampharos|Mold Breaker\n|move|p2a: Toxapex|Toxic|p1a: Ampharos\n|-status|p1a: Ampharos|tox\n|\n|-heal|p2a: Toxapex|76\/100|[from] item: Black Sludge\n|-damage|p1a: Ampharos|22\/100 tox|[from] psn\n|upkeep\n|turn|75\n|\n|t:|1699814385\n|switch|p2a: Jirachi|Jirachi|95\/100 par\n|move|p1a: Ampharos|Discharge|p2a: Jirachi\n|-damage|p2a: Jirachi|59\/100 par\n|\n|-heal|p2a: Jirachi|65\/100 par|[from] item: Leftovers\n|-damage|p1a: Ampharos|10\/100 tox|[from] psn\n|upkeep\n|turn|76\n|\n|t:|1699814395\n|move|p2a: Jirachi|Protect|p2a: Jirachi\n|-singleturn|p2a: Jirachi|Protect\n|move|p1a: Ampharos|Discharge|p2a: Jirachi\n|-activate|p2a: Jirachi|move: Protect\n|\n|-heal|p2a: Jirachi|71\/100 par|[from] item: Leftovers\n|-damage|p1a: Ampharos|0 fnt|[from] psn\n|faint|p1a: Ampharos\n|upkeep\n|\n|t:|1699814397\n|switch|p1a: Azumarill|Azumarill, F|100\/100\n|turn|77\n|\n|t:|1699814412\n|switch|p2a: Toxapex|Toxapex, M|100\/100\n|move|p1a: Azumarill|Belly Drum|p1a: Azumarill\n|-damage|p1a: Azumarill|50\/100\n|-setboost|p1a: Azumarill|atk|6|[from] move: Belly Drum\n|-enditem|p1a: Azumarill|Sitrus Berry|[eat]\n|-heal|p1a: Azumarill|75\/100|[from] item: Sitrus Berry\n|\n|upkeep\n|turn|78\n|\n|t:|1699814427\n|-terastallize|p1a: Azumarill|Water\n|move|p1a: Azumarill|Liquidation|p2a: Toxapex\n|-resisted|p2a: Toxapex\n|-damage|p2a: Toxapex|8\/100\n|move|p2a: Toxapex|Haze|p2a: Toxapex\n|-clearallboost\n|\n|-heal|p2a: Toxapex|14\/100|[from] item: Black Sludge\n|upkeep\n|turn|79\n|\n|t:|1699814439\n|switch|p2a: Tangrowth|Tangrowth, M|100\/100\n|move|p1a: Azumarill|Belly Drum|p1a: Azumarill\n|-damage|p1a: Azumarill|25\/100\n|-setboost|p1a: Azumarill|atk|6|[from] move: Belly Drum\n|\n|upkeep\n|turn|80\n|\n|t:|1699814449\n|move|p1a: Azumarill|Play Rough|p2a: Tangrowth\n|-damage|p2a: Tangrowth|0 fnt\n|-damage|p1a: Azumarill|9\/100|[from] item: Rocky Helmet|[of] p2a: Tangrowth\n|faint|p2a: Tangrowth\n|\n|upkeep\n|\n|t:|1699814468\n|switch|p2a: Zapdos|Zapdos|100\/100\n|-ability|p2a: Zapdos|Pressure\n|turn|81\n|\n|t:|1699814473\n|move|p1a: Azumarill|Aqua Jet|p2a: Zapdos\n|-damage|p2a: Zapdos|0 fnt\n|faint|p2a: Zapdos\n|\n|upkeep\n|\n|t:|1699814481\n|switch|p2a: Clefable|Clefable, M|88\/100 slp\n|turn|82\n|\n|t:|1699814487\n|move|p1a: Azumarill|Liquidation|p2a: Clefable\n|-damage|p2a: Clefable|35\/100 slp\n|cant|p2a: Clefable|slp\n|\n|-heal|p2a: Clefable|41\/100 slp|[from] item: Leftovers\n|upkeep\n|turn|83\n|\n|t:|1699814497\n|switch|p2a: Toxapex|Toxapex, M|47\/100\n|move|p1a: Azumarill|Liquidation|p2a: Toxapex\n|-resisted|p2a: Toxapex\n|-damage|p2a: Toxapex|0 fnt\n|faint|p2a: Toxapex\n|\n|upkeep\n|-message|Shrkattack forfeited.\n|\n|win|Poopoo2\n|raw|Poopoo2's rating: 1500 &rarr; <strong>1526<\/strong><br \/>(+26 for winning)\n|raw|Shrkattack's rating: 1607 &rarr; <strong>1581<\/strong><br \/>(-26 for losing)\n|l|\u2606Shrkattack\n","uploadtime":1699814509,"views":7,"p1id":"poopoo2","p2id":"shrkattack","formatid":"gen9nationaldex","rating":1526,"private":0,"password":""}