{"id":"gen9nationaldex-1990020491","p1":"Applejuicebruh","p2":"bored chungus","format":"[Gen 9] National Dex","log":"|j|\u203dApplejuicebruh\n|j|\u2606bored chungus\n|t:|1699916094\n|gametype|singles\n|player|p1|Applejuicebruh|crasherwake|1085\n|player|p2|bored chungus|cheren-gen5bw2|1131\n|teamsize|p1|6\n|teamsize|p2|6\n|gen|9\n|tier|[Gen 9] National Dex\n|rated|\n|rule|HP Percentage Mod: HP is shown in percentages\n|rule|Endless Battle Clause: Forcing endless battles is banned\n|rule|OHKO Clause: OHKO moves are banned\n|rule|Evasion Clause: Evasion abilities, items, and moves are banned\n|rule|Evasion Abilities Clause: Evasion abilities are banned\n|rule|Evasion Items Clause: Evasion items are banned\n|rule|Evasion Moves Clause: Evasion moves are banned\n|rule|Species Clause: Limit one of each Pok\u00e9mon\n|rule|Sleep Clause Mod: Limit one foe put to sleep\n|clearpoke\n|poke|p1|Beedrill, M|\n|poke|p1|Victini|\n|poke|p1|Togekiss, M|\n|poke|p1|Hawlucha, M|\n|poke|p1|Feraligatr, M|\n|poke|p1|Blastoise, M|\n|poke|p2|Clefable, F|\n|poke|p2|Blissey, F|\n|poke|p2|Magnezone|\n|poke|p2|Kyurem|\n|poke|p2|Garchomp, M|\n|poke|p2|Serperior, F|\n|teampreview\n|\n|t:|1699916104\n|start\n|switch|p1a: Hawlucha|Hawlucha, M, shiny|100\/100\n|switch|p2a: Your Mom|Blissey, F|100\/100\n|turn|1\n|\n|t:|1699916110\n|switch|p2a: Chunky Monkey|Clefable, F|100\/100\n|move|p1a: Hawlucha|Swagger|p2a: Chunky Monkey\n|-boost|p2a: Chunky Monkey|atk|2\n|-enditem|p1a: Hawlucha|Mirror Herb\n|-boost|p1a: Hawlucha|atk|2|[from] item: Mirror Herb\n|-start|p2a: Chunky Monkey|confusion\n|\n|upkeep\n|turn|2\n|\n|t:|1699916121\n|-terastallize|p1a: Hawlucha|Fighting\n|move|p1a: Hawlucha|Poison Jab|p2a: Chunky Monkey\n|-supereffective|p2a: Chunky Monkey\n|-damage|p2a: Chunky Monkey|48\/100\n|-enditem|p2a: Chunky Monkey|Red Card|[of] p1a: Hawlucha\n|drag|p1a: Beedrill|Beedrill, M, shiny|100\/100\n|-activate|p2a: Chunky Monkey|confusion\n|move|p2a: Chunky Monkey|Thunder Wave|p1a: Beedrill|[miss]\n|-miss|p2a: Chunky Monkey|p1a: Beedrill\n|\n|upkeep\n|turn|3\n|\n|t:|1699916134\n|detailschange|p1a: Beedrill|Beedrill-Mega, M, shiny\n|-mega|p1a: Beedrill|Beedrill|Beedrillite\n|move|p1a: Beedrill|Fell Stinger|p2a: Chunky Monkey\n|-resisted|p2a: Chunky Monkey\n|-damage|p2a: Chunky Monkey|24\/100\n|-activate|p2a: Chunky Monkey|confusion\n|-damage|p2a: Chunky Monkey|12\/100|[from] confusion\n|\n|upkeep\n|turn|4\n|\n|t:|1699916142\n|switch|p2a: Atlas|Garchomp, M|100\/100\n|move|p1a: Beedrill|Fell Stinger|p2a: Atlas\n|-damage|p2a: Atlas|55\/100\n|-damage|p1a: Beedrill|88\/100|[from] ability: Rough Skin|[of] p2a: Atlas\n|\n|upkeep\n|turn|5\n|\n|t:|1699916154\n|detailschange|p2a: Atlas|Garchomp-Mega, M\n|-mega|p2a: Atlas|Garchomp|Garchompite\n|move|p1a: Beedrill|Drill Run|p2a: Atlas\n|-damage|p2a: Atlas|23\/100\n|move|p2a: Atlas|Dragon Tail|p1a: Beedrill\n|-damage|p1a: Beedrill|0 fnt\n|faint|p1a: Beedrill\n|\n|upkeep\n|\n|t:|1699916167\n|switch|p1a: Togekiss|Togekiss, M|100\/100\n|turn|6\n|\n|t:|1699916172\n|move|p2a: Atlas|Liquidation|p1a: Togekiss\n|-damage|p1a: Togekiss|64\/100\n|move|p1a: Togekiss|Ancient Power|p2a: Atlas\n|-resisted|p2a: Atlas\n|-damage|p2a: Atlas|15\/100\n|\n|upkeep\n|turn|7\n|\n|t:|1699916179\n|move|p2a: Atlas|Liquidation|p1a: Togekiss\n|-damage|p1a: Togekiss|29\/100\n|move|p1a: Togekiss|Draining Kiss|p2a: Atlas\n|-supereffective|p2a: Atlas\n|-damage|p2a: Atlas|0 fnt\n|-heal|p1a: Togekiss|41\/100|[from] drain|[of] p2a: Atlas\n|faint|p2a: Atlas\n|\n|upkeep\n|\n|t:|1699916187\n|switch|p2a: $wagnezone|Magnezone|100\/100\n|turn|8\n|\n|t:|1699916191\n|move|p1a: Togekiss|Ancient Power|p2a: $wagnezone\n|-resisted|p2a: $wagnezone\n|-damage|p2a: $wagnezone|93\/100\n|move|p2a: $wagnezone|Flash Cannon|p1a: Togekiss\n|-supereffective|p1a: Togekiss\n|-damage|p1a: Togekiss|0 fnt\n|faint|p1a: Togekiss\n|\n|upkeep\n|\n|t:|1699916195\n|switch|p1a: Hawlucha|Hawlucha, M, shiny, tera:Fighting|100\/100\n|turn|9\n|\n|t:|1699916201\n|-terastallize|p2a: $wagnezone|Electric\n|move|p1a: Hawlucha|Swagger|p2a: $wagnezone\n|-boost|p2a: $wagnezone|atk|2\n|-start|p2a: $wagnezone|confusion\n|-activate|p2a: $wagnezone|confusion\n|-damage|p2a: $wagnezone|82\/100|[from] confusion\n|\n|upkeep\n|turn|10\n|\n|t:|1699916217\n|move|p1a: Hawlucha|Drain Punch|p2a: $wagnezone\n|-damage|p2a: $wagnezone|40\/100\n|-activate|p2a: $wagnezone|confusion\n|move|p2a: $wagnezone|Gyro Ball|p1a: Hawlucha\n|-damage|p1a: Hawlucha|25\/100\n|\n|upkeep\n|turn|11\n|\n|t:|1699916224\n|switch|p2a: Chunky Monkey|Clefable, F|12\/100\n|move|p1a: Hawlucha|Acrobatics|p2a: Chunky Monkey\n|-damage|p2a: Chunky Monkey|0 fnt\n|faint|p2a: Chunky Monkey\n|\n|upkeep\n|\n|t:|1699916233\n|switch|p2a: $wagnezone|Magnezone, tera:Electric|40\/100\n|turn|12\n|\n|t:|1699916236\n|move|p1a: Hawlucha|Drain Punch|p2a: $wagnezone\n|-damage|p2a: $wagnezone|4\/100\n|-heal|p1a: Hawlucha|45\/100|[from] drain|[of] p2a: $wagnezone\n|move|p2a: $wagnezone|Gyro Ball|p1a: Hawlucha\n|-damage|p1a: Hawlucha|12\/100\n|\n|upkeep\n|turn|13\n|\n|t:|1699916243\n|move|p1a: Hawlucha|Drain Punch|p2a: $wagnezone\n|-damage|p2a: $wagnezone|0 fnt\n|-heal|p1a: Hawlucha|14\/100|[from] drain|[of] p2a: $wagnezone\n|faint|p2a: $wagnezone\n|\n|upkeep\n|\n|t:|1699916252\n|switch|p2a: ANGERY|Kyurem|100\/100\n|-ability|p2a: ANGERY|Pressure\n|turn|14\n|\n|t:|1699916257\n|move|p1a: Hawlucha|Drain Punch|p2a: ANGERY\n|-supereffective|p2a: ANGERY\n|-damage|p2a: ANGERY|23\/100\n|-heal|p1a: Hawlucha|73\/100|[from] drain|[of] p2a: ANGERY\n|move|p2a: ANGERY|Dragon Tail|p1a: Hawlucha\n|-damage|p1a: Hawlucha|38\/100\n|drag|p1a: Victini|Victini|100\/100\n|\n|upkeep\n|turn|15\n|\n|t:|1699916265\n|-zpower|p1a: Victini\n|move|p1a: Victini|Z-Celebrate|p1a: Victini|[anim]Celebrate\n|-boost|p1a: Victini|atk|1|[zeffect]\n|-boost|p1a: Victini|def|1|[zeffect]\n|-boost|p1a: Victini|spa|1|[zeffect]\n|-boost|p1a: Victini|spd|1|[zeffect]\n|-boost|p1a: Victini|spe|1|[zeffect]\n|-activate|p1a: Victini|move: Celebrate\n|move|p2a: ANGERY|Toxic|p1a: Victini\n|-status|p1a: Victini|tox\n|\n|-damage|p1a: Victini|94\/100 tox|[from] psn\n|upkeep\n|turn|16\n|\n|t:|1699916275\n|move|p2a: ANGERY|Protect|p2a: ANGERY\n|-singleturn|p2a: ANGERY|Protect\n|move|p1a: Victini|Flamethrower|p2a: ANGERY\n|-activate|p2a: ANGERY|move: Protect\n|\n|-damage|p1a: Victini|82\/100 tox|[from] psn\n|upkeep\n|turn|17\n|\n|t:|1699916282\n|move|p1a: Victini|Expanding Force|p2a: ANGERY\n|-damage|p2a: ANGERY|0 fnt\n|faint|p2a: ANGERY\n|\n|-damage|p1a: Victini|64\/100 tox|[from] psn\n|upkeep\n|\n|t:|1699916286\n|switch|p2a: danger noodle|Serperior, F|100\/100\n|turn|18\n|\n|t:|1699916290\n|move|p1a: Victini|Flamethrower|p2a: danger noodle\n|-supereffective|p2a: danger noodle\n|-damage|p2a: danger noodle|0 fnt\n|faint|p2a: danger noodle\n|\n|-damage|p1a: Victini|39\/100 tox|[from] psn\n|upkeep\n|-message|bored chungus forfeited.\n|\n|win|Applejuicebruh\n|raw|Applejuicebruh's rating: 1085 &rarr; <strong>1116<\/strong><br \/>(+31 for winning)\n|raw|bored chungus's rating: 1131 &rarr; <strong>1103<\/strong><br \/>(-28 for losing)\n|l|\u2606bored chungus\n","uploadtime":1699916299,"views":8,"p1id":"applejuicebruh","p2id":"boredchungus","formatid":"gen9nationaldex","rating":1103,"private":0,"password":""}