{"id":"gen9nationaldex-1990854318","p1":"Kuzwa","p2":"yrgmali","format":"[Gen 9] National Dex","log":"|j|\u2606Kuzwa\n|j|\u2606yrgmali\n|t:|1700007883\n|gametype|singles\n|player|p1|Kuzwa|parasollady|1293\n|player|p2|yrgmali|dancer|1334\n|teamsize|p1|6\n|teamsize|p2|6\n|gen|9\n|tier|[Gen 9] National Dex\n|rated|\n|rule|HP Percentage Mod: HP is shown in percentages\n|rule|Endless Battle Clause: Forcing endless battles is banned\n|rule|OHKO Clause: OHKO moves are banned\n|rule|Evasion Clause: Evasion abilities, items, and moves are banned\n|rule|Evasion Abilities Clause: Evasion abilities are banned\n|rule|Evasion Items Clause: Evasion items are banned\n|rule|Evasion Moves Clause: Evasion moves are banned\n|rule|Species Clause: Limit one of each Pok\u00e9mon\n|rule|Sleep Clause Mod: Limit one foe put to sleep\n|clearpoke\n|poke|p1|Gallade, M|\n|poke|p1|Kartana|\n|poke|p1|Weavile, M|\n|poke|p1|Ogerpon-Wellspring, F|\n|poke|p1|Zeraora|\n|poke|p1|Glimmora, M|\n|poke|p2|Indeedee-F, F|\n|poke|p2|Armarouge, F|\n|poke|p2|Polteageist-Antique|\n|poke|p2|Hatterene, F|\n|poke|p2|Volcarona, M|\n|poke|p2|Great Tusk|\n|teampreview\n|\n|t:|1700007893\n|start\n|switch|p1a: thing|Glimmora, M|100\/100\n|switch|p2a: Armarouge|Armarouge, F|100\/100\n|-item|p1a: thing|Air Balloon\n|turn|1\n|\n|t:|1700007898\n|move|p1a: thing|Power Gem|p2a: Armarouge\n|-supereffective|p2a: Armarouge\n|-damage|p2a: Armarouge|5\/100\n|move|p2a: Armarouge|Expanding Force|p1a: thing\n|-supereffective|p1a: thing\n|-damage|p1a: thing|0 fnt\n|-enditem|p1a: thing|Air Balloon\n|faint|p1a: thing\n|\n|upkeep\n|\n|t:|1700007906\n|switch|p1a: Makoto Yuki|Kartana, shiny|100\/100\n|turn|2\n|\n|t:|1700007909\n|move|p1a: Makoto Yuki|Smart Strike|p2a: Armarouge\n|-resisted|p2a: Armarouge\n|-damage|p2a: Armarouge|0 fnt\n|faint|p2a: Armarouge\n|-ability|p1a: Makoto Yuki|Beast Boost|boost\n|-boost|p1a: Makoto Yuki|atk|1\n|\n|upkeep\n|\n|t:|1700007913\n|switch|p2a: Volcarona|Volcarona, M|100\/100\n|turn|3\n|\n|t:|1700007916\n|move|p1a: Makoto Yuki|Smart Strike|p2a: Volcarona\n|-resisted|p2a: Volcarona\n|-damage|p2a: Volcarona|41\/100\n|move|p2a: Volcarona|Quiver Dance|p2a: Volcarona\n|-boost|p2a: Volcarona|spa|1\n|-boost|p2a: Volcarona|spd|1\n|-boost|p2a: Volcarona|spe|1\n|\n|upkeep\n|turn|4\n|\n|t:|1700007919\n|move|p2a: Volcarona|Fiery Dance|p1a: Makoto Yuki\n|-supereffective|p1a: Makoto Yuki\n|-enditem|p1a: Makoto Yuki|Focus Sash\n|-damage|p1a: Makoto Yuki|1\/100\n|move|p1a: Makoto Yuki|Smart Strike|p2a: Volcarona\n|-resisted|p2a: Volcarona\n|-damage|p2a: Volcarona|0 fnt\n|faint|p2a: Volcarona\n|-ability|p1a: Makoto Yuki|Beast Boost|boost\n|-boost|p1a: Makoto Yuki|atk|1\n|\n|upkeep\n|\n|t:|1700007925\n|switch|p2a: Great Tusk|Great Tusk|100\/100\n|turn|5\n|\n|t:|1700007928\n|move|p1a: Makoto Yuki|Leaf Blade|p2a: Great Tusk\n|-supereffective|p2a: Great Tusk\n|-crit|p2a: Great Tusk\n|-damage|p2a: Great Tusk|0 fnt\n|faint|p2a: Great Tusk\n|-end|p2a: Great Tusk|Protosynthesis|[silent]\n|-ability|p1a: Makoto Yuki|Beast Boost|boost\n|-boost|p1a: Makoto Yuki|atk|1\n|\n|upkeep\n|\n|t:|1700007932\n|switch|p2a: Hatterene|Hatterene, F|100\/100\n|turn|6\n|\n|t:|1700007935\n|move|p1a: Makoto Yuki|Smart Strike|p2a: Hatterene\n|-supereffective|p2a: Hatterene\n|-damage|p2a: Hatterene|0 fnt\n|faint|p2a: Hatterene\n|-ability|p1a: Makoto Yuki|Beast Boost|boost\n|-boost|p1a: Makoto Yuki|atk|1\n|\n|upkeep\n|\n|t:|1700007939\n|switch|p2a: Indeedee|Indeedee-F, F|100\/100\n|-fieldstart|move: Psychic Terrain|[from] ability: Psychic Surge|[of] p2a: Indeedee\n|turn|7\n|\n|t:|1700007941\n|move|p1a: Makoto Yuki|Smart Strike|p2a: Indeedee\n|-damage|p2a: Indeedee|0 fnt\n|faint|p2a: Indeedee\n|-ability|p1a: Makoto Yuki|Beast Boost|boost\n|-boost|p1a: Makoto Yuki|atk|1\n|\n|upkeep\n|\n|t:|1700007943\n|switch|p2a: Polteageist|Polteageist-Antique|100\/100\n|turn|8\n|\n|t:|1700007945\n|move|p1a: Makoto Yuki|Smart Strike|p2a: Polteageist\n|-enditem|p2a: Polteageist|Focus Sash\n|-damage|p2a: Polteageist|1\/100\n|-ability|p2a: Polteageist|Weak Armor|boost\n|-unboost|p2a: Polteageist|def|1\n|-boost|p2a: Polteageist|spe|2\n|move|p2a: Polteageist|Shell Smash|p2a: Polteageist\n|-unboost|p2a: Polteageist|def|1\n|-unboost|p2a: Polteageist|spd|1\n|-boost|p2a: Polteageist|atk|2\n|-boost|p2a: Polteageist|spa|2\n|-boost|p2a: Polteageist|spe|2\n|\n|upkeep\n|turn|9\n|\n|t:|1700007949\n|move|p2a: Polteageist|Stored Power|p1a: Makoto Yuki\n|-resisted|p1a: Makoto Yuki\n|-damage|p1a: Makoto Yuki|0 fnt\n|faint|p1a: Makoto Yuki\n|\n|upkeep\n|\n|t:|1700007953\n|switch|p1a: Junpei Iori|Weavile, M, shiny|100\/100\n|turn|10\n|\n|t:|1700007956\n|-terastallize|p2a: Polteageist|Fighting\n|move|p2a: Polteageist|Tera Blast|p1a: Junpei Iori|[anim] Tera Blast Fighting\n|-supereffective|p1a: Junpei Iori\n|-enditem|p1a: Junpei Iori|Focus Sash\n|-damage|p1a: Junpei Iori|1\/100\n|move|p1a: Junpei Iori|Ice Spinner|p2a: Polteageist\n|-crit|p2a: Polteageist\n|-damage|p2a: Polteageist|0 fnt\n|-fieldend|move: Psychic Terrain\n|faint|p2a: Polteageist\n|\n|win|Kuzwa\n|raw|Kuzwa's rating: 1293 &rarr; <strong>1321<\/strong><br \/>(+28 for winning)\n|raw|yrgmali's rating: 1334 &rarr; <strong>1312<\/strong><br \/>(-22 for losing)\n|l|\u2606yrgmali\n","uploadtime":1700007963,"views":4,"p1id":"kuzwa","p2id":"yrgmali","formatid":"gen9nationaldex","rating":1312,"private":0,"password":""}