{"id":"gen9nationaldex-1996699872","p1":"E.P mega pro","p2":"Player 723456","format":"[Gen 9] National Dex","log":"|html|<div class=\"broadcast-blue\"><strong>[Gen 9] National Dex is currently suspecting Sneasler! For information on how to participate check out the <a href=\"https:\/\/www.smogon.com\/forums\/threads\/sv-national-dex-suspect-8-just-dance.3731534\/\">suspect thread<\/a>.<\/strong><\/div>\n|j|\u2606E.P mega pro\n|j|\u2606Player 723456\n|t:|1700711414\n|gametype|singles\n|player|p1|E.P mega pro|wallace|1074\n|player|p2|Player 723456|lucas|1110\n|teamsize|p1|6\n|teamsize|p2|6\n|gen|9\n|tier|[Gen 9] National Dex\n|rated|\n|rule|HP Percentage Mod: HP is shown in percentages\n|rule|Endless Battle Clause: Forcing endless battles is banned\n|rule|OHKO Clause: OHKO moves are banned\n|rule|Evasion Clause: Evasion abilities, items, and moves are banned\n|rule|Evasion Abilities Clause: Evasion abilities are banned\n|rule|Evasion Items Clause: Evasion items are banned\n|rule|Evasion Moves Clause: Evasion moves are banned\n|rule|Species Clause: Limit one of each Pok\u00e9mon\n|rule|Sleep Clause Mod: Limit one foe put to sleep\n|clearpoke\n|poke|p1|Cottonee, L1, M|\n|poke|p1|Bidoof, M|\n|poke|p1|Abra, M|\n|poke|p1|Nosepass, L1, M|\n|poke|p1|Corsola-Galar, M|\n|poke|p1|Rattata, L1, M|\n|poke|p2|Dracozolt|\n|poke|p2|Talonflame, M|\n|poke|p2|Serperior, F|\n|poke|p2|Excadrill, F|\n|poke|p2|Basculegion, M|\n|poke|p2|Toucannon, F|\n|teampreview\n|\n|t:|1700711439\n|start\n|switch|p1a: Cottonee|Cottonee, L1, M|100\/100\n|switch|p2a: Toucannon|Toucannon, F|100\/100\n|turn|1\n|\n|t:|1700711448\n|move|p1a: Cottonee|Leech Seed|p2a: Toucannon\n|-start|p2a: Toucannon|move: Leech Seed\n|move|p2a: Toucannon|Rock Blast|p1a: Cottonee\n|-enditem|p1a: Cottonee|Focus Sash\n|-damage|p1a: Cottonee|9\/100\n|-damage|p1a: Cottonee|0 fnt\n|faint|p1a: Cottonee\n|-hitcount|p1: Cottonee|2\n|\n|upkeep\n|\n|t:|1700711455\n|switch|p1a: Corsola|Corsola-Galar, M|100\/100\n|turn|2\n|\n|t:|1700711466\n|move|p2a: Toucannon|Bullet Seed|p1a: Corsola\n|-damage|p1a: Corsola|94\/100\n|-damage|p1a: Corsola|87\/100\n|-damage|p1a: Corsola|80\/100\n|-damage|p1a: Corsola|74\/100\n|-start|p2a: Toucannon|Disable|Bullet Seed|[from] ability: Cursed Body|[of] p1a: Corsola\n|-damage|p1a: Corsola|67\/100\n|-hitcount|p1a: Corsola|5\n|move|p1a: Corsola|Will-O-Wisp|p2a: Toucannon\n|-status|p2a: Toucannon|brn\n|\n|-damage|p2a: Toucannon|88\/100 brn|[from] Leech Seed|[of] p1a: Corsola\n|-heal|p1a: Corsola|81\/100|[silent]\n|-damage|p2a: Toucannon|82\/100 brn|[from] brn\n|upkeep\n|turn|3\n|\n|t:|1700711488\n|switch|p2a: Serperior|Serperior, F|100\/100\n|move|p1a: Corsola|Night Shade|p2a: Serperior\n|-damage|p2a: Serperior|72\/100\n|\n|upkeep\n|turn|4\n|\n|t:|1700711495\n|move|p2a: Serperior|Glare|p1a: Corsola\n|-status|p1a: Corsola|par\n|move|p1a: Corsola|Night Shade|p2a: Serperior\n|-damage|p2a: Serperior|44\/100\n|\n|upkeep\n|turn|5\n|\n|t:|1700711501\n|move|p2a: Serperior|Leaf Storm|p1a: Corsola|[miss]\n|-miss|p2a: Serperior|p1a: Corsola\n|move|p1a: Corsola|Haze|p1a: Corsola\n|-clearallboost\n|\n|upkeep\n|turn|6\n|\n|t:|1700711509\n|move|p2a: Serperior|Leaf Storm|p1a: Corsola\n|-crit|p1a: Corsola\n|-damage|p1a: Corsola|55\/100 par\n|-boost|p2a: Serperior|spa|2\n|-start|p2a: Serperior|Disable|Leaf Storm|[from] ability: Cursed Body|[of] p1a: Corsola\n|move|p1a: Corsola|Haze|p1a: Corsola\n|-clearallboost\n|\n|upkeep\n|turn|7\n|\n|t:|1700711521\n|move|p2a: Serperior|Leech Seed|p1a: Corsola\n|-start|p1a: Corsola|move: Leech Seed\n|move|p1a: Corsola|Strength Sap|p2a: Serperior\n|-boost|p2a: Serperior|atk|1\n|-heal|p1a: Corsola|98\/100 par\n|\n|-damage|p1a: Corsola|85\/100 par|[from] Leech Seed|[of] p2a: Serperior\n|-heal|p2a: Serperior|59\/100|[silent]\n|upkeep\n|turn|8\n|\n|t:|1700711531\n|move|p2a: Serperior|Hidden Power|p1a: Corsola\n|-damage|p1a: Corsola|80\/100 par\n|cant|p1a: Corsola|par\n|\n|-damage|p1a: Corsola|67\/100 par|[from] Leech Seed|[of] p2a: Serperior\n|-heal|p2a: Serperior|73\/100|[silent]\n|upkeep\n|turn|9\n|\n|t:|1700711539\n|move|p2a: Serperior|Hidden Power|p1a: Corsola\n|-damage|p1a: Corsola|61\/100 par\n|move|p1a: Corsola|Night Shade|p2a: Serperior\n|-damage|p2a: Serperior|45\/100\n|\n|-damage|p1a: Corsola|49\/100 par|[from] Leech Seed|[of] p2a: Serperior\n|-heal|p2a: Serperior|60\/100|[silent]\n|-end|p2a: Serperior|Disable\n|upkeep\n|turn|10\n|c|\u2606E.P mega pro|Hey guys for a prank\n|\n|t:|1700711553\n|move|p2a: Serperior|Leaf Storm|p1a: Corsola|[miss]\n|-miss|p2a: Serperior|p1a: Corsola\n|move|p1a: Corsola|Strength Sap|p2a: Serperior\n|-boost|p2a: Serperior|atk|1\n|-heal|p1a: Corsola|100\/100 par\n|\n|-damage|p1a: Corsola|88\/100 par|[from] Leech Seed|[of] p2a: Serperior\n|-heal|p2a: Serperior|75\/100|[silent]\n|upkeep\n|turn|11\n|c|\u2606Player 723456|Why\n|c|\u2606E.P mega pro|Only bfdi fans are gonna understand\n|c|\u2606E.P mega pro|\ud83d\uddff\ud83d\udc4c\n|\n|t:|1700711591\n|move|p2a: Serperior|Leaf Storm|p1a: Corsola\n|-damage|p1a: Corsola|70\/100 par\n|-boost|p2a: Serperior|spa|2\n|-start|p2a: Serperior|Disable|Leaf Storm|[from] ability: Cursed Body|[of] p1a: Corsola\n|cant|p1a: Corsola|par\n|\n|-damage|p1a: Corsola|58\/100 par|[from] Leech Seed|[of] p2a: Serperior\n|-heal|p2a: Serperior|89\/100|[silent]\n|upkeep\n|turn|12\n|\n|t:|1700711602\n|move|p2a: Serperior|Hidden Power|p1a: Corsola\n|-damage|p1a: Corsola|46\/100 par\n|move|p1a: Corsola|Haze|p1a: Corsola\n|-clearallboost\n|\n|-damage|p1a: Corsola|34\/100 par|[from] Leech Seed|[of] p2a: Serperior\n|-heal|p2a: Serperior|100\/100|[silent]\n|upkeep\n|turn|13\n|\n|t:|1700711609\n|move|p2a: Serperior|Hidden Power|p1a: Corsola\n|-damage|p1a: Corsola|28\/100 par\n|cant|p1a: Corsola|par\n|\n|-damage|p1a: Corsola|16\/100 par|[from] Leech Seed|[of] p2a: Serperior\n|upkeep\n|turn|14\n|\n|t:|1700711616\n|move|p2a: Serperior|Hidden Power|p1a: Corsola\n|-damage|p1a: Corsola|9\/100 par\n|move|p1a: Corsola|Strength Sap|p2a: Serperior\n|-boost|p2a: Serperior|atk|1\n|-heal|p1a: Corsola|52\/100 par\n|\n|-damage|p1a: Corsola|40\/100 par|[from] Leech Seed|[of] p2a: Serperior\n|-end|p2a: Serperior|Disable\n|upkeep\n|turn|15\n|\n|t:|1700711628\n|move|p2a: Serperior|Hidden Power|p1a: Corsola\n|-damage|p1a: Corsola|34\/100 par\n|move|p1a: Corsola|Strength Sap|p2a: Serperior\n|-boost|p2a: Serperior|atk|1\n|-heal|p1a: Corsola|99\/100 par\n|\n|-damage|p1a: Corsola|86\/100 par|[from] Leech Seed|[of] p2a: Serperior\n|upkeep\n|turn|16\n|\n|t:|1700711637\n|move|p2a: Serperior|Hidden Power|p1a: Corsola\n|-damage|p1a: Corsola|80\/100 par\n|cant|p1a: Corsola|par\n|\n|-damage|p1a: Corsola|68\/100 par|[from] Leech Seed|[of] p2a: Serperior\n|upkeep\n|turn|17\n|\n|t:|1700711646\n|move|p2a: Serperior|Leaf Storm|p1a: Corsola\n|-damage|p1a: Corsola|50\/100 par\n|-boost|p2a: Serperior|spa|2\n|move|p1a: Corsola|Will-O-Wisp|p2a: Serperior\n|-status|p2a: Serperior|brn\n|\n|-damage|p1a: Corsola|38\/100 par|[from] Leech Seed|[of] p2a: Serperior\n|-damage|p2a: Serperior|94\/100 brn|[from] brn\n|upkeep\n|turn|18\n|\n|t:|1700711665\n|move|p2a: Serperior|Hidden Power|p1a: Corsola\n|-damage|p1a: Corsola|27\/100 par\n|-start|p2a: Serperior|Disable|Hidden Power|[from] ability: Cursed Body|[of] p1a: Corsola\n|move|p1a: Corsola|Haze|p1a: Corsola\n|-clearallboost\n|\n|-damage|p1a: Corsola|15\/100 par|[from] Leech Seed|[of] p2a: Serperior\n|-heal|p2a: Serperior|100\/100 brn|[silent]\n|-damage|p2a: Serperior|94\/100 brn|[from] brn\n|upkeep\n|turn|19\n|\n|t:|1700711677\n|move|p2a: Serperior|Leaf Storm|p1a: Corsola\n|-damage|p1a: Corsola|0 fnt\n|-boost|p2a: Serperior|spa|2\n|faint|p1a: Corsola\n|\n|-damage|p2a: Serperior|88\/100 brn|[from] brn\n|upkeep\n|c|\u2606E.P mega pro|You finally made it\n|\n|t:|1700711705\n|switch|p1a: Abra|Abra, M|100\/100\n|turn|20\n|\n|t:|1700711713\n|move|p2a: Serperior|Glare|p1a: Abra\n|-status|p1a: Abra|par\n|move|p1a: Abra|Psyshock|p2a: Serperior\n|-damage|p2a: Serperior|49\/100 brn\n|\n|-damage|p2a: Serperior|43\/100 brn|[from] brn\n|upkeep\n|turn|21\n|\n|t:|1700711724\n|move|p2a: Serperior|Leech Seed|p1a: Abra\n|-start|p1a: Abra|move: Leech Seed\n|move|p1a: Abra|Psyshock|p2a: Serperior\n|-damage|p2a: Serperior|8\/100 brn\n|\n|-damage|p2a: Serperior|2\/100 brn|[from] brn\n|-end|p2a: Serperior|Disable\n|upkeep\n|turn|22\n|\n|t:|1700711739\n|move|p2a: Serperior|Leaf Storm|p1a: Abra\n|-enditem|p1a: Abra|Focus Sash\n|-damage|p1a: Abra|1\/100 par\n|-boost|p2a: Serperior|spa|2\n|move|p1a: Abra|Psyshock|p2a: Serperior\n|-damage|p2a: Serperior|0 fnt\n|faint|p2a: Serperior\n|\n|upkeep\n|\n|t:|1700711752\n|switch|p2a: Talonflame|Talonflame, M|100\/100\n|turn|23\n|\n|t:|1700711758\n|move|p2a: Talonflame|Air Slash|p1a: Abra\n|-damage|p1a: Abra|0 fnt\n|faint|p1a: Abra\n|\n|upkeep\n|\n|t:|1700711762\n|switch|p1a: Pkmn im bored!|Rattata, L1, M|100\/100\n|turn|24\n|\n|t:|1700711766\n|move|p2a: Talonflame|Air Slash|p1a: Pkmn im bored!\n|-enditem|p1a: Pkmn im bored!|Focus Sash\n|-damage|p1a: Pkmn im bored!|9\/100\n|cant|p1a: Pkmn im bored!|flinch\n|\n|upkeep\n|turn|25\n|\n|t:|1700711773\n|move|p2a: Talonflame|Air Slash|p1a: Pkmn im bored!\n|-crit|p1a: Pkmn im bored!\n|-damage|p1a: Pkmn im bored!|0 fnt\n|faint|p1a: Pkmn im bored!\n|\n|upkeep\n|\n|t:|1700711775\n|switch|p1a: Nosepass|Nosepass, L1, M|100\/100\n|turn|26\n|\n|t:|1700711779\n|move|p2a: Talonflame|Air Slash|p1a: Nosepass\n|-resisted|p1a: Nosepass\n|-ability|p1a: Nosepass|Sturdy\n|-damage|p1a: Nosepass|10\/100\n|move|p1a: Nosepass|Pain Split|p2a: Talonflame\n|-sethp|p2a: Talonflame|51\/100|[from] move: Pain Split|[silent]\n|-sethp|p1a: Nosepass|100\/100|[from] move: Pain Split\n|\n|upkeep\n|turn|27\n|\n|t:|1700711789\n|move|p2a: Talonflame|Air Slash|p1a: Nosepass\n|-resisted|p1a: Nosepass\n|-ability|p1a: Nosepass|Sturdy\n|-damage|p1a: Nosepass|10\/100\n|move|p1a: Nosepass|Pain Split|p2a: Talonflame\n|-sethp|p2a: Talonflame|26\/100|[from] move: Pain Split|[silent]\n|-sethp|p1a: Nosepass|100\/100|[from] move: Pain Split\n|\n|upkeep\n|turn|28\n|\n|t:|1700711797\n|move|p2a: Talonflame|Air Slash|p1a: Nosepass\n|-resisted|p1a: Nosepass\n|-ability|p1a: Nosepass|Sturdy\n|-damage|p1a: Nosepass|10\/100\n|move|p1a: Nosepass|Pain Split|p2a: Talonflame\n|-sethp|p2a: Talonflame|13\/100|[from] move: Pain Split|[silent]\n|-sethp|p1a: Nosepass|100\/100|[from] move: Pain Split\n|\n|upkeep\n|turn|29\n|\n|t:|1700711808\n|move|p2a: Talonflame|Air Slash|p1a: Nosepass\n|-resisted|p1a: Nosepass\n|-ability|p1a: Nosepass|Sturdy\n|-damage|p1a: Nosepass|10\/100\n|cant|p1a: Nosepass|flinch\n|\n|upkeep\n|turn|30\n|\n|t:|1700711814\n|move|p2a: Talonflame|Air Slash|p1a: Nosepass\n|-resisted|p1a: Nosepass\n|-damage|p1a: Nosepass|0 fnt\n|faint|p1a: Nosepass\n|\n|upkeep\n|\n|t:|1700711818\n|switch|p1a: Bidoof|Bidoof, M|100\/100\n|turn|31\n|\n|t:|1700711822\n|move|p2a: Talonflame|Air Slash|p1a: Bidoof\n|-damage|p1a: Bidoof|59\/100\n|cant|p1a: Bidoof|flinch\n|\n|upkeep\n|turn|32\n|\n|t:|1700711827\n|move|p2a: Talonflame|Air Slash|p1a: Bidoof\n|-damage|p1a: Bidoof|20\/100\n|move|p1a: Bidoof|Swords Dance|p1a: Bidoof\n|-boost|p1a: Bidoof|atk|4\n|\n|upkeep\n|turn|33\n|\n|t:|1700711832\n|move|p1a: Bidoof|Quick Attack|p2a: Talonflame\n|-damage|p2a: Talonflame|0 fnt\n|faint|p2a: Talonflame\n|\n|upkeep\n|\n|t:|1700711837\n|switch|p2a: Toucannon|Toucannon, F|82\/100 brn\n|turn|34\n|\n|t:|1700711840\n|-terastallize|p1a: Bidoof|Normal\n|move|p1a: Bidoof|Quick Attack|p2a: Toucannon\n|-damage|p2a: Toucannon|26\/100 brn\n|move|p2a: Toucannon|Rock Blast|p1a: Bidoof\n|-damage|p1a: Bidoof|13\/100\n|-damage|p1a: Bidoof|6\/100\n|-damage|p1a: Bidoof|0 fnt\n|faint|p1a: Bidoof\n|-hitcount|p1: Bidoof|3\n|\n|win|Player 723456\n|raw|E.P mega pro's rating: 1074 &rarr; <strong>1055<\/strong><br \/>(-19 for losing)\n|raw|Player 723456's rating: 1110 &rarr; <strong>1132<\/strong><br \/>(+22 for winning)\n|l|\u2606E.P mega pro\n","uploadtime":1700711852,"views":17,"p1id":"epmegapro","p2id":"player723456","formatid":"gen9nationaldex","rating":1055,"private":0,"password":""}