{"id":"gen9nationaldex-1996690000","p1":"Jayfrizz","p2":"RealDoctorBox","format":"[Gen 9] National Dex","log":"|html|<div class=\"broadcast-blue\"><strong>[Gen 9] National Dex is currently suspecting Sneasler! For information on how to participate check out the <a href=\"https:\/\/www.smogon.com\/forums\/threads\/sv-national-dex-suspect-8-just-dance.3731534\/\">suspect thread<\/a>.<\/strong><\/div>\n|j|\u2606Jayfrizz\n|j|\u2606RealDoctorBox\n|t:|1700710125\n|gametype|singles\n|player|p1|Jayfrizz|265|1117\n|player|p2|RealDoctorBox|265|1054\n|teamsize|p1|6\n|teamsize|p2|6\n|gen|9\n|tier|[Gen 9] National Dex\n|rated|\n|rule|HP Percentage Mod: HP is shown in percentages\n|rule|Endless Battle Clause: Forcing endless battles is banned\n|rule|OHKO Clause: OHKO moves are banned\n|rule|Evasion Clause: Evasion abilities, items, and moves are banned\n|rule|Evasion Abilities Clause: Evasion abilities are banned\n|rule|Evasion Items Clause: Evasion items are banned\n|rule|Evasion Moves Clause: Evasion moves are banned\n|rule|Species Clause: Limit one of each Pok\u00e9mon\n|rule|Sleep Clause Mod: Limit one foe put to sleep\n|clearpoke\n|poke|p1|Sylveon, F|\n|poke|p1|Blacephalon|\n|poke|p1|Jellicent, M|\n|poke|p1|Dragonite, M|\n|poke|p1|Skarmory, F|\n|poke|p1|Meowscarada, F|\n|poke|p2|Blaziken, F|\n|poke|p2|Garchomp, M|\n|poke|p2|Stakataka|\n|poke|p2|Hoopa-Unbound|\n|poke|p2|Mimikyu, M|\n|poke|p2|Gliscor, F|\n|teampreview\n|\n|t:|1700710135\n|start\n|switch|p1a: Meowscarada|Meowscarada, F|100\/100\n|switch|p2a: Stakataka|Stakataka|100\/100\n|turn|1\n|\n|t:|1700710144\n|move|p1a: Meowscarada|Brick Break|p2a: Stakataka\n|-start|p1a: Meowscarada|typechange|Fighting|[from] ability: Protean\n|-supereffective|p2a: Stakataka\n|-damage|p2a: Stakataka|0 fnt\n|faint|p2a: Stakataka\n|\n|upkeep\n|\n|t:|1700710164\n|switch|p2a: Hoopa|Hoopa-Unbound|100\/100\n|turn|2\n|\n|t:|1700710169\n|switch|p1a: Sylveon|Sylveon, F|100\/100\n|move|p2a: Hoopa|Psychic|p1a: Sylveon\n|-damage|p1a: Sylveon|62\/100\n|\n|-heal|p1a: Sylveon|68\/100|[from] item: Leftovers\n|upkeep\n|turn|3\n|\n|t:|1700710180\n|move|p1a: Sylveon|Protect|p1a: Sylveon\n|-singleturn|p1a: Sylveon|Protect\n|move|p2a: Hoopa|Nasty Plot|p2a: Hoopa\n|-boost|p2a: Hoopa|spa|2\n|\n|-heal|p1a: Sylveon|74\/100|[from] item: Leftovers\n|upkeep\n|turn|4\n|\n|t:|1700710188\n|move|p2a: Hoopa|Psychic|p1a: Sylveon\n|-damage|p1a: Sylveon|0 fnt\n|faint|p1a: Sylveon\n|\n|upkeep\n|\n|t:|1700710201\n|switch|p1a: Meowscarada|Meowscarada, F|100\/100\n|turn|5\n|\n|t:|1700710217\n|move|p1a: Meowscarada|U-turn|p2a: Hoopa\n|-start|p1a: Meowscarada|typechange|Bug|[from] ability: Protean\n|-supereffective|p2a: Hoopa\n|-damage|p2a: Hoopa|0 fnt\n|faint|p2a: Hoopa\n|\n|t:|1700710222\n|switch|p1a: Blacephalon|Blacephalon|100\/100|[from] U-turn\n|\n|upkeep\n|\n|t:|1700710229\n|switch|p2a: Blaziken|Blaziken, F, shiny|100\/100\n|turn|6\n|\n|t:|1700710235\n|move|p1a: Blacephalon|Shadow Ball|p2a: Blaziken\n|-enditem|p2a: Blaziken|Focus Sash\n|-damage|p2a: Blaziken|1\/100\n|move|p2a: Blaziken|Swords Dance|p2a: Blaziken\n|-boost|p2a: Blaziken|atk|2\n|\n|-ability|p2a: Blaziken|Speed Boost|boost\n|-boost|p2a: Blaziken|spe|1\n|upkeep\n|turn|7\n|\n|t:|1700710245\n|move|p2a: Blaziken|Reversal|p1a: Blacephalon\n|-immune|p1a: Blacephalon\n|move|p1a: Blacephalon|Shadow Ball|p2a: Blaziken\n|-damage|p2a: Blaziken|0 fnt\n|faint|p2a: Blaziken\n|-ability|p1a: Blacephalon|Beast Boost|boost\n|-boost|p1a: Blacephalon|spa|1\n|\n|upkeep\n|c|\u2606RealDoctorBox|que\n|\n|t:|1700710257\n|switch|p2a: Mimikyu|Mimikyu, M, shiny|100\/100\n|turn|8\n|c|\u2606Jayfrizz|im a ghost, reversal is fighting and wont work on me\n|c|\u2606RealDoctorBox|ill turn that little fucker into a ghost allright\n|\n|t:|1700710281\n|switch|p1a: Skarmory|Skarmory, F|100\/100\n|move|p2a: Mimikyu|Swords Dance|p2a: Mimikyu\n|-boost|p2a: Mimikyu|atk|2\n|\n|upkeep\n|turn|9\n|\n|t:|1700710292\n|move|p2a: Mimikyu|Swords Dance|p2a: Mimikyu\n|-boost|p2a: Mimikyu|atk|2\n|move|p1a: Skarmory|Drill Peck|p2a: Mimikyu\n|-activate|p2a: Mimikyu|ability: Disguise\n|-damage|p2a: Mimikyu|100\/100\n|detailschange|p2a: Mimikyu|Mimikyu-Busted, M, shiny\n|-damage|p2a: Mimikyu|88\/100|[from] pokemon: Mimikyu-Busted\n|\n|upkeep\n|turn|10\n|c|\u2606Jayfrizz|lol ok\n|\n|t:|1700710314\n|-zpower|p2a: Mimikyu\n|move|p2a: Mimikyu|Never-Ending Nightmare|p1a: Skarmory|[zeffect]\n|-ability|p1a: Skarmory|Sturdy\n|-damage|p1a: Skarmory|1\/100\n|move|p1a: Skarmory|Drill Peck|p2a: Mimikyu\n|-damage|p2a: Mimikyu|47\/100\n|\n|upkeep\n|turn|11\n|\n|t:|1700710329\n|move|p2a: Mimikyu|Swords Dance|p2a: Mimikyu\n|-boost|p2a: Mimikyu|atk|2\n|move|p1a: Skarmory|Drill Peck|p2a: Mimikyu\n|-damage|p2a: Mimikyu|12\/100\n|\n|upkeep\n|turn|12\n|\n|t:|1700710336\n|move|p2a: Mimikyu|Shadow Sneak|p1a: Skarmory\n|-damage|p1a: Skarmory|0 fnt\n|-damage|p2a: Mimikyu|0 fnt|[from] item: Rocky Helmet|[of] p1a: Skarmory\n|faint|p1a: Skarmory\n|faint|p2a: Mimikyu\n|\n|upkeep\n|\n|t:|1700710344\n|switch|p2a: Gliscor|Gliscor, F|100\/100\n|switch|p1a: Dragonite|Dragonite, M|100\/100\n|turn|13\n|\n|t:|1700710356\n|move|p2a: Gliscor|Swords Dance|p2a: Gliscor\n|-boost|p2a: Gliscor|atk|2\n|move|p1a: Dragonite|Ice Beam|p2a: Gliscor\n|-supereffective|p2a: Gliscor\n|-damage|p2a: Gliscor|0 fnt\n|faint|p2a: Gliscor\n|\n|upkeep\n|\n|t:|1700710363\n|switch|p2a: Garchomp|Garchomp, M, shiny|100\/100\n|turn|14\n|\n|t:|1700710372\n|detailschange|p2a: Garchomp|Garchomp-Mega, M, shiny\n|-mega|p2a: Garchomp|Garchomp|Garchompite\n|move|p2a: Garchomp|Stone Edge|p1a: Dragonite\n|-supereffective|p1a: Dragonite\n|-damage|p1a: Dragonite|63\/100\n|-enditem|p1a: Dragonite|Weakness Policy\n|-boost|p1a: Dragonite|atk|2|[from] item: Weakness Policy\n|-boost|p1a: Dragonite|spa|2|[from] item: Weakness Policy\n|move|p1a: Dragonite|Ice Beam|p2a: Garchomp\n|-supereffective|p2a: Garchomp\n|-damage|p2a: Garchomp|0 fnt\n|faint|p2a: Garchomp\n|\n|win|Jayfrizz\n|raw|Jayfrizz's rating: 1117 &rarr; <strong>1138<\/strong><br \/>(+21 for winning)\n|raw|RealDoctorBox's rating: 1054 &rarr; <strong>1039<\/strong><br \/>(-15 for losing)\n","uploadtime":1700710281,"views":8,"p1id":"jayfrizz","p2id":"realdoctorbox","formatid":"gen9nationaldex","rating":1039,"private":0,"password":""}