{"id":"gen9nationaldex-1996714633","p1":"SpecsGastr0","p2":"wssbzzx","format":"[Gen 9] National Dex","log":"|html|<div class=\"broadcast-blue\"><strong>[Gen 9] National Dex is currently suspecting Sneasler! For information on how to participate check out the <a href=\"https:\/\/www.smogon.com\/forums\/threads\/sv-national-dex-suspect-8-just-dance.3731534\/\">suspect thread<\/a>.<\/strong><\/div>\n|j|\u2606SpecsGastr0\n|j|\u2606wssbzzx\n|t:|1700713446\n|gametype|singles\n|player|p1|SpecsGastr0|colress|1239\n|player|p2|wssbzzx|dragontamer|1313\n|teamsize|p1|6\n|teamsize|p2|6\n|gen|9\n|tier|[Gen 9] National Dex\n|rated|\n|rule|HP Percentage Mod: HP is shown in percentages\n|rule|Endless Battle Clause: Forcing endless battles is banned\n|rule|OHKO Clause: OHKO moves are banned\n|rule|Evasion Clause: Evasion abilities, items, and moves are banned\n|rule|Evasion Abilities Clause: Evasion abilities are banned\n|rule|Evasion Items Clause: Evasion items are banned\n|rule|Evasion Moves Clause: Evasion moves are banned\n|rule|Species Clause: Limit one of each Pok\u00e9mon\n|rule|Sleep Clause Mod: Limit one foe put to sleep\n|clearpoke\n|poke|p1|Eldegoss, F|\n|poke|p1|Gallade, M|\n|poke|p1|Crobat, M|\n|poke|p1|Escavalier, M|\n|poke|p1|Ribombee, F|\n|poke|p1|Eelektross, M|\n|poke|p2|Greninja-*, M|\n|poke|p2|Pelipper, M|\n|poke|p2|Swampert, F|\n|poke|p2|Zapdos|\n|poke|p2|Goodra-Hisui, F|\n|poke|p2|Sneasler, F|\n|teampreview\n|inactive|Battle timer is ON: inactive players will automatically lose when time's up. (requested by wssbzzx)\n|\n|t:|1700713485\n|start\n|switch|p1a: Rengeteki|Ribombee, F|100\/100\n|switch|p2a: Pelipper|Pelipper, M|100\/100\n|-weather|RainDance|[from] ability: Drizzle|[of] p2a: Pelipper\n|turn|1\n|\n|t:|1700713503\n|move|p1a: Rengeteki|Sticky Web|p2a: Pelipper\n|-sidestart|p2: wssbzzx|move: Sticky Web\n|move|p2a: Pelipper|Hurricane|p1a: Rengeteki\n|-supereffective|p1a: Rengeteki\n|-enditem|p1a: Rengeteki|Focus Sash\n|-damage|p1a: Rengeteki|1\/100\n|\n|-weather|RainDance|[upkeep]\n|upkeep\n|turn|2\n|\n|t:|1700713512\n|switch|p1a: Reely Cool|Eelektross, M|100\/100\n|move|p2a: Pelipper|Hurricane|p1a: Reely Cool\n|-resisted|p1a: Reely Cool\n|-damage|p1a: Reely Cool|74\/100\n|-start|p1a: Reely Cool|confusion\n|\n|-weather|RainDance|[upkeep]\n|-heal|p1a: Reely Cool|80\/100|[from] item: Leftovers\n|upkeep\n|turn|3\n|\n|t:|1700713522\n|move|p2a: Pelipper|Defog|p1a: Reely Cool\n|-unboost|p1a: Reely Cool|evasion|1\n|-sideend|p2: wssbzzx|Sticky Web|[from] move: Defog|[of] p2a: Pelipper\n|-activate|p1a: Reely Cool|confusion\n|move|p1a: Reely Cool|Coil|p1a: Reely Cool\n|-boost|p1a: Reely Cool|atk|1\n|-boost|p1a: Reely Cool|def|1\n|-boost|p1a: Reely Cool|accuracy|1\n|\n|-weather|RainDance|[upkeep]\n|-heal|p1a: Reely Cool|86\/100|[from] item: Leftovers\n|upkeep\n|turn|4\n|\n|t:|1700713537\n|switch|p2a: Goodra|Goodra-Hisui, F|100\/100\n|-activate|p1a: Reely Cool|confusion\n|move|p1a: Reely Cool|Coil|p1a: Reely Cool\n|-boost|p1a: Reely Cool|atk|1\n|-boost|p1a: Reely Cool|def|1\n|-boost|p1a: Reely Cool|accuracy|1\n|\n|-weather|RainDance|[upkeep]\n|-heal|p1a: Reely Cool|92\/100|[from] item: Leftovers\n|upkeep\n|turn|5\n|\n|t:|1700713549\n|move|p2a: Goodra|Acid Armor|p2a: Goodra\n|-boost|p2a: Goodra|def|2\n|-activate|p1a: Reely Cool|confusion\n|move|p1a: Reely Cool|Drain Punch|p2a: Goodra\n|-supereffective|p2a: Goodra\n|-damage|p2a: Goodra|60\/100\n|-heal|p1a: Reely Cool|100\/100|[from] drain|[of] p2a: Goodra\n|-ability|p2a: Goodra|Gooey\n|-unboost|p1a: Reely Cool|spe|1\n|\n|-weather|RainDance|[upkeep]\n|-heal|p2a: Goodra|66\/100|[from] item: Leftovers\n|upkeep\n|turn|6\n|\n|t:|1700713562\n|-terastallize|p2a: Goodra|Flying\n|move|p2a: Goodra|Acid Armor|p2a: Goodra\n|-boost|p2a: Goodra|def|2\n|-activate|p1a: Reely Cool|confusion\n|move|p1a: Reely Cool|Drain Punch|p2a: Goodra\n|-resisted|p2a: Goodra\n|-damage|p2a: Goodra|59\/100\n|-ability|p2a: Goodra|Gooey\n|-unboost|p1a: Reely Cool|spe|1\n|\n|-weather|RainDance|[upkeep]\n|-heal|p2a: Goodra|65\/100|[from] item: Leftovers\n|upkeep\n|turn|7\n|\n|t:|1700713572\n|move|p2a: Goodra|Body Press|p1a: Reely Cool\n|-damage|p1a: Reely Cool|58\/100\n|-end|p1a: Reely Cool|confusion\n|move|p1a: Reely Cool|Wild Charge|p2a: Goodra\n|-supereffective|p2a: Goodra\n|-damage|p2a: Goodra|16\/100\n|-ability|p2a: Goodra|Gooey\n|-unboost|p1a: Reely Cool|spe|1\n|-damage|p1a: Reely Cool|47\/100|[from] Recoil\n|\n|-weather|RainDance|[upkeep]\n|-heal|p2a: Goodra|22\/100|[from] item: Leftovers\n|-heal|p1a: Reely Cool|53\/100|[from] item: Leftovers\n|upkeep\n|turn|8\n|\n|t:|1700713588\n|move|p2a: Goodra|Body Press|p1a: Reely Cool\n|-damage|p1a: Reely Cool|8\/100\n|move|p1a: Reely Cool|Wild Charge|p2a: Goodra\n|-supereffective|p2a: Goodra\n|-damage|p2a: Goodra|0 fnt\n|-ability|p2a: Goodra|Gooey\n|-unboost|p1a: Reely Cool|spe|1\n|faint|p2a: Goodra\n|-damage|p1a: Reely Cool|3\/100|[from] Recoil\n|\n|-weather|none\n|-heal|p1a: Reely Cool|10\/100|[from] item: Leftovers\n|upkeep\n|\n|t:|1700713598\n|switch|p2a: Sneasler|Sneasler, F|100\/100\n|turn|9\n|\n|t:|1700713603\n|move|p2a: Sneasler|Hone Claws|p2a: Sneasler\n|-boost|p2a: Sneasler|atk|1\n|-boost|p2a: Sneasler|accuracy|1\n|move|p1a: Reely Cool|Wild Charge|p2a: Sneasler\n|-enditem|p2a: Sneasler|Focus Sash\n|-damage|p2a: Sneasler|1\/100\n|-damage|p1a: Reely Cool|0 fnt|[from] Recoil\n|faint|p1a: Reely Cool\n|\n|upkeep\n|\n|t:|1700713625\n|switch|p1a: Lancelot|Escavalier, M|100\/100\n|turn|10\n|\n|t:|1700713633\n|move|p2a: Sneasler|Reversal|p1a: Lancelot\n|-damage|p1a: Lancelot|0 fnt\n|faint|p1a: Lancelot\n|\n|upkeep\n|\n|t:|1700713645\n|switch|p1a: Kinkel|Crobat, M|100\/100\n|turn|11\n|\n|t:|1700713652\n|move|p2a: Sneasler|Reversal|p1a: Kinkel\n|-resisted|p1a: Kinkel\n|-damage|p1a: Kinkel|47\/100\n|move|p1a: Kinkel|U-turn|p2a: Sneasler\n|-resisted|p2a: Sneasler\n|-damage|p2a: Sneasler|0 fnt\n|faint|p2a: Sneasler\n|\n|t:|1700713664\n|switch|p1a: 1 Point|Eldegoss, F|100\/100|[from] U-turn\n|\n|upkeep\n|\n|t:|1700713672\n|switch|p2a: Pelipper|Pelipper, M|100\/100\n|-weather|RainDance|[from] ability: Drizzle|[of] p2a: Pelipper\n|turn|12\n|\n|t:|1700713680\n|move|p2a: Pelipper|Hurricane|p1a: 1 Point\n|-supereffective|p1a: 1 Point\n|-damage|p1a: 1 Point|38\/100\n|move|p1a: 1 Point|Sleep Powder|p2a: Pelipper|[miss]\n|-miss|p1a: 1 Point|p2a: Pelipper\n|\n|-weather|RainDance|[upkeep]\n|upkeep\n|turn|13\n|\n|t:|1700713690\n|switch|p1a: Rengeteki|Ribombee, F|1\/100\n|move|p2a: Pelipper|Hurricane|p1a: Rengeteki\n|-supereffective|p1a: Rengeteki\n|-damage|p1a: Rengeteki|0 fnt\n|faint|p1a: Rengeteki\n|\n|-weather|RainDance|[upkeep]\n|upkeep\n|\n|t:|1700713699\n|switch|p1a: Kinkel|Crobat, M|47\/100\n|turn|14\n|\n|t:|1700713708\n|switch|p2a: Zapdos|Zapdos|100\/100\n|move|p1a: Kinkel|Brave Bird|p2a: Zapdos\n|-resisted|p2a: Zapdos\n|-damage|p2a: Zapdos|60\/100\n|-damage|p1a: Kinkel|30\/100|[from] item: Rocky Helmet|[of] p2a: Zapdos\n|-damage|p1a: Kinkel|17\/100|[from] Recoil\n|\n|-weather|RainDance|[upkeep]\n|upkeep\n|turn|15\n|\n|t:|1700713720\n|move|p1a: Kinkel|Poison Fang|p2a: Zapdos\n|-damage|p2a: Zapdos|30\/100\n|-status|p2a: Zapdos|tox\n|-damage|p1a: Kinkel|0 fnt|[from] item: Rocky Helmet|[of] p2a: Zapdos\n|faint|p1a: Kinkel\n|move|p2a: Zapdos|Hurricane|p1: Kinkel|[notarget]\n|-fail|p2a: Zapdos\n|\n|-weather|RainDance|[upkeep]\n|-damage|p2a: Zapdos|24\/100 tox|[from] psn\n|upkeep\n|\n|t:|1700713732\n|switch|p1a: Wally|Gallade, M|100\/100\n|turn|16\n|\n|t:|1700713744\n|detailschange|p1a: Wally|Gallade-Mega, M\n|-mega|p1a: Wally|Gallade|Galladite\n|move|p1a: Wally|Aqua Cutter|p2a: Zapdos\n|-damage|p2a: Zapdos|0 fnt\n|faint|p2a: Zapdos\n|\n|-weather|RainDance|[upkeep]\n|upkeep\n|\n|t:|1700713768\n|switch|p2a: Greninja|Greninja, M|100\/100\n|turn|17\n|\n|t:|1700713777\n|switch|p1a: 1 Point|Eldegoss, F|71\/100\n|move|p2a: Greninja|Water Shuriken|p1a: 1 Point\n|-resisted|p1a: 1 Point\n|-damage|p1a: 1 Point|64\/100\n|-resisted|p1a: 1 Point\n|-damage|p1a: 1 Point|58\/100\n|-resisted|p1a: 1 Point\n|-damage|p1a: 1 Point|52\/100\n|-resisted|p1a: 1 Point\n|-damage|p1a: 1 Point|46\/100\n|-resisted|p1a: 1 Point\n|-damage|p1a: 1 Point|39\/100\n|-hitcount|p1a: 1 Point|5\n|\n|-weather|RainDance|[upkeep]\n|upkeep\n|turn|18\n|\n|t:|1700713790\n|switch|p2a: Pelipper|Pelipper, M|100\/100\n|move|p1a: 1 Point|Sleep Powder|p2a: Pelipper|[miss]\n|-miss|p1a: 1 Point|p2a: Pelipper\n|\n|-weather|RainDance|[upkeep]\n|upkeep\n|turn|19\n|\n|t:|1700713797\n|move|p2a: Pelipper|Hurricane|p1a: 1 Point\n|-supereffective|p1a: 1 Point\n|-damage|p1a: 1 Point|0 fnt\n|faint|p1a: 1 Point\n|\n|-weather|none\n|upkeep\n|\n|t:|1700713803\n|switch|p1a: Wally|Gallade-Mega, M|100\/100\n|turn|20\n|\n|t:|1700713810\n|move|p1a: Wally|Power-Up Punch|p2a: Pelipper\n|-resisted|p2a: Pelipper\n|-damage|p2a: Pelipper|85\/100\n|-boost|p1a: Wally|atk|1\n|move|p2a: Pelipper|Hurricane|p1a: Wally\n|-supereffective|p1a: Wally\n|-damage|p1a: Wally|0 fnt\n|faint|p1a: Wally\n|\n|win|wssbzzx\n|raw|SpecsGastr0's rating: 1239 &rarr; <strong>1219<\/strong><br \/>(-20 for losing)\n|raw|wssbzzx's rating: 1313 &rarr; <strong>1329<\/strong><br \/>(+16 for winning)\n|l|\u2606wssbzzx\n","uploadtime":1700713847,"views":4,"p1id":"specsgastr0","p2id":"wssbzzx","formatid":"gen9nationaldex","rating":1219,"private":0,"password":""}