{"id":"gen9nationaldex-1990418215","p1":"JWZ456","p2":"grass knot zygarde","format":"[Gen 9] National Dex","log":"|j|\u203dJWZ456\n|j|\u2606grass knot zygarde\n|t:|1699968946\n|gametype|singles\n|player|p1|JWZ456|266|1636\n|player|p2|grass knot zygarde|dawn|1683\n|teamsize|p1|6\n|teamsize|p2|6\n|gen|9\n|tier|[Gen 9] National Dex\n|rated|\n|rule|HP Percentage Mod: HP is shown in percentages\n|rule|Endless Battle Clause: Forcing endless battles is banned\n|rule|OHKO Clause: OHKO moves are banned\n|rule|Evasion Clause: Evasion abilities, items, and moves are banned\n|rule|Evasion Abilities Clause: Evasion abilities are banned\n|rule|Evasion Items Clause: Evasion items are banned\n|rule|Evasion Moves Clause: Evasion moves are banned\n|rule|Species Clause: Limit one of each Pok\u00e9mon\n|rule|Sleep Clause Mod: Limit one foe put to sleep\n|clearpoke\n|poke|p1|Alomomola, F|\n|poke|p1|Breloom, M|\n|poke|p1|Aegislash, M|\n|poke|p1|Rotom-Heat|\n|poke|p1|Enamorus, F|\n|poke|p1|Tyranitar, M|\n|poke|p2|Tapu Lele|\n|poke|p2|Urshifu-*, F|\n|poke|p2|Zapdos|\n|poke|p2|Ting-Lu|\n|poke|p2|Ferrothorn, M|\n|poke|p2|Heatran, F|\n|teampreview\n|inactive|Battle timer is ON: inactive players will automatically lose when time's up. (requested by grass knot zygarde)\n|\n|t:|1699968968\n|start\n|switch|p1a: Rotom|Rotom-Heat|100\/100\n|switch|p2a: .frog|Heatran, F, shiny|100\/100\n|turn|1\n|\n|t:|1699968975\n|move|p1a: Rotom|Volt Switch|p2a: .frog\n|-damage|p2a: .frog|86\/100\n|\n|t:|1699968985\n|switch|p1a: Tyranitar|Tyranitar, M|100\/100|[from] Volt Switch\n|-weather|Sandstorm|[from] ability: Sand Stream|[of] p1a: Tyranitar\n|move|p2a: .frog|Toxic|p1a: Tyranitar\n|-status|p1a: Tyranitar|tox\n|\n|-weather|Sandstorm|[upkeep]\n|-heal|p2a: .frog|92\/100|[from] item: Leftovers\n|-damage|p1a: Tyranitar|94\/100 tox|[from] psn\n|upkeep\n|turn|2\n|\n|t:|1699968996\n|switch|p2a: end eternal|Ferrothorn, M, shiny|100\/100\n|detailschange|p1a: Tyranitar|Tyranitar-Mega, M\n|-mega|p1a: Tyranitar|Tyranitar|Tyranitarite\n|move|p1a: Tyranitar|Knock Off|p2a: end eternal\n|-damage|p2a: end eternal|62\/100\n|-damage|p1a: Tyranitar|82\/100 tox|[from] ability: Iron Barbs|[of] p2a: end eternal\n|-enditem|p2a: end eternal|Leftovers|[from] move: Knock Off|[of] p1a: Tyranitar\n|\n|-weather|Sandstorm|[upkeep]\n|-damage|p1a: Tyranitar|70\/100 tox|[from] psn\n|upkeep\n|turn|3\n|\n|t:|1699969005\n|switch|p1a: Rotom|Rotom-Heat|100\/100\n|move|p2a: end eternal|Stealth Rock|p1a: Rotom\n|-sidestart|p1: JWZ456|move: Stealth Rock\n|\n|-weather|Sandstorm|[upkeep]\n|-damage|p1a: Rotom|95\/100|[from] Sandstorm\n|upkeep\n|turn|4\n|\n|t:|1699969014\n|switch|p2a: .frog|Heatran, F, shiny|92\/100\n|move|p1a: Rotom|Defog|p2a: .frog\n|-unboost|p2a: .frog|evasion|1\n|-sideend|p1: JWZ456|Stealth Rock|[from] move: Defog|[of] p1a: Rotom\n|\n|-weather|Sandstorm|[upkeep]\n|-damage|p1a: Rotom|89\/100|[from] Sandstorm\n|-heal|p2a: .frog|98\/100|[from] item: Leftovers\n|upkeep\n|turn|5\n|\n|t:|1699969019\n|move|p1a: Rotom|Volt Switch|p2a: .frog\n|-damage|p2a: .frog|84\/100\n|\n|t:|1699969024\n|switch|p1a: Tyranitar|Tyranitar-Mega, M|70\/100 tox|[from] Volt Switch\n|move|p2a: .frog|Magma Storm|p1a: Tyranitar\n|-resisted|p1a: Tyranitar\n|-damage|p1a: Tyranitar|60\/100 tox\n|-activate|p1a: Tyranitar|move: Magma Storm|[of] p2a: .frog\n|\n|-weather|none\n|-heal|p2a: .frog|90\/100|[from] item: Leftovers\n|-damage|p1a: Tyranitar|54\/100 tox|[from] psn\n|-damage|p1a: Tyranitar|42\/100 tox|[from] move: Magma Storm|[partiallytrapped]\n|upkeep\n|turn|6\n|\n|t:|1699969042\n|switch|p2a: end eternal|Ferrothorn, M, shiny|62\/100\n|move|p1a: Tyranitar|Stealth Rock|p2a: end eternal\n|-sidestart|p2: grass knot zygarde|move: Stealth Rock\n|\n|-damage|p1a: Tyranitar|29\/100 tox|[from] psn\n|-end|p1a: Tyranitar|Magma Storm|[partiallytrapped]|[silent]\n|upkeep\n|turn|7\n|\n|t:|1699969053\n|switch|p1a: Alomomola|Alomomola, F, shiny|100\/100\n|move|p2a: end eternal|Knock Off|p1a: Alomomola\n|-damage|p1a: Alomomola|90\/100\n|-damage|p2a: end eternal|45\/100|[from] item: Rocky Helmet|[of] p1a: Alomomola\n|-enditem|p1a: Alomomola|Rocky Helmet|[from] move: Knock Off|[of] p2a: end eternal\n|\n|upkeep\n|turn|8\n|\n|t:|1699969059\n|move|p1a: Alomomola|Wish|p1a: Alomomola\n|move|p2a: end eternal|Stealth Rock|p1a: Alomomola\n|-sidestart|p1: JWZ456|move: Stealth Rock\n|\n|upkeep\n|turn|9\n|\n|t:|1699969064\n|move|p1a: Alomomola|Flip Turn|p2a: end eternal\n|-resisted|p2a: end eternal\n|-damage|p2a: end eternal|40\/100\n|-damage|p1a: Alomomola|78\/100|[from] ability: Iron Barbs|[of] p2a: end eternal\n|\n|t:|1699969069\n|switch|p1a: Tyranitar|Tyranitar-Mega, M|29\/100 tox|[from] Flip Turn\n|-damage|p1a: Tyranitar|17\/100 tox|[from] Stealth Rock\n|-weather|Sandstorm|[from] ability: Sand Stream|[of] p1a: Tyranitar\n|move|p2a: end eternal|Power Whip|p1a: Tyranitar|[miss]\n|-miss|p2a: end eternal|p1a: Tyranitar\n|\n|-weather|Sandstorm|[upkeep]\n|-heal|p1a: Tyranitar|83\/100 tox|[from] move: Wish|[wisher] Alomomola\n|-damage|p1a: Tyranitar|77\/100 tox|[from] psn\n|upkeep\n|turn|10\n|\n|t:|1699969099\n|switch|p1a: Rotom|Rotom-Heat|89\/100\n|move|p2a: end eternal|Leech Seed|p1a: Rotom\n|-start|p1a: Rotom|move: Leech Seed\n|\n|-weather|Sandstorm|[upkeep]\n|-damage|p1a: Rotom|83\/100|[from] Sandstorm\n|-damage|p1a: Rotom|70\/100|[from] Leech Seed|[of] p2a: end eternal\n|-heal|p2a: end eternal|51\/100|[silent]\n|upkeep\n|turn|11\n|\n|t:|1699969110\n|switch|p1a: Enamorus|Enamorus, F|100\/100\n|-damage|p1a: Enamorus|76\/100|[from] Stealth Rock\n|switch|p2a: .frog|Heatran, F, shiny|90\/100\n|-damage|p2a: .frog|78\/100|[from] Stealth Rock\n|\n|-weather|Sandstorm|[upkeep]\n|-damage|p1a: Enamorus|69\/100|[from] Sandstorm\n|-heal|p2a: .frog|84\/100|[from] item: Leftovers\n|upkeep\n|turn|12\n|\n|t:|1699969116\n|switch|p2a: my liver|Zapdos, shiny|100\/100\n|move|p1a: Enamorus|Earth Power|p2a: my liver\n|-immune|p2a: my liver\n|\n|-weather|Sandstorm|[upkeep]\n|-damage|p1a: Enamorus|63\/100|[from] Sandstorm\n|-damage|p2a: my liver|94\/100|[from] Sandstorm\n|upkeep\n|turn|13\n|\n|t:|1699969122\n|switch|p1a: Rotom|Rotom-Heat|70\/100\n|move|p2a: my liver|Volt Switch|p1a: Rotom\n|-resisted|p1a: Rotom\n|-damage|p1a: Rotom|59\/100\n|\n|t:|1699969144\n|switch|p2a: high tide|Urshifu-Rapid-Strike, F|100\/100|[from] Volt Switch\n|-damage|p2a: high tide|94\/100|[from] Stealth Rock\n|\n|-weather|none\n|upkeep\n|turn|14\n|\n|t:|1699969154\n|switch|p1a: Alomomola|Alomomola, F, shiny|100\/100\n|-damage|p1a: Alomomola|88\/100|[from] Stealth Rock\n|move|p2a: high tide|Close Combat|p1a: Alomomola\n|-damage|p1a: Alomomola|53\/100\n|-unboost|p2a: high tide|def|1\n|-unboost|p2a: high tide|spd|1\n|\n|upkeep\n|turn|15\n|\n|t:|1699969166\n|move|p2a: high tide|Taunt|p1a: Alomomola\n|-start|p1a: Alomomola|move: Taunt\n|cant|p1a: Alomomola|move: Taunt|Toxic\n|\n|upkeep\n|turn|16\n|\n|t:|1699969170\n|move|p2a: high tide|Close Combat|p1a: Alomomola\n|-damage|p1a: Alomomola|21\/100\n|-unboost|p2a: high tide|def|1\n|-unboost|p2a: high tide|spd|1\n|move|p1a: Alomomola|Flip Turn|p2a: high tide\n|-resisted|p2a: high tide\n|-damage|p2a: high tide|77\/100\n|\n|t:|1699969185\n|switch|p1a: Enamorus|Enamorus, F|63\/100|[from] Flip Turn\n|-damage|p1a: Enamorus|38\/100|[from] Stealth Rock\n|\n|upkeep\n|turn|17\n|\n|t:|1699969196\n|switch|p2a: the shadows|Ting-Lu|100\/100\n|-damage|p2a: the shadows|94\/100|[from] Stealth Rock\n|-ability|p2a: the shadows|Vessel of Ruin\n|move|p1a: Enamorus|Moonblast|p2a: the shadows\n|-supereffective|p2a: the shadows\n|-damage|p2a: the shadows|29\/100\n|\n|-heal|p2a: the shadows|35\/100|[from] item: Leftovers\n|upkeep\n|turn|18\n|\n|t:|1699969209\n|move|p1a: Enamorus|Moonblast|p2a: the shadows\n|-supereffective|p2a: the shadows\n|-damage|p2a: the shadows|0 fnt\n|faint|p2a: the shadows\n|\n|upkeep\n|\n|t:|1699969220\n|switch|p2a: omnipotent|Tapu Lele, shiny|100\/100\n|-damage|p2a: omnipotent|88\/100|[from] Stealth Rock\n|-fieldstart|move: Psychic Terrain|[from] ability: Psychic Surge|[of] p2a: omnipotent\n|turn|19\n|\n|t:|1699969226\n|switch|p1a: Aegislash|Aegislash, M|100\/100\n|-damage|p1a: Aegislash|94\/100|[from] Stealth Rock\n|move|p2a: omnipotent|Psychic|p1a: Aegislash\n|-resisted|p1a: Aegislash\n|-damage|p1a: Aegislash|78\/100\n|\n|-heal|p1a: Aegislash|84\/100|[from] item: Leftovers\n|upkeep\n|turn|20\n|\n|t:|1699969238\n|switch|p2a: end eternal|Ferrothorn, M, shiny|51\/100\n|-damage|p2a: end eternal|45\/100|[from] Stealth Rock\n|move|p1a: Aegislash|Substitute|p1a: Aegislash\n|-start|p1a: Aegislash|Substitute\n|-damage|p1a: Aegislash|59\/100\n|\n|-heal|p1a: Aegislash|65\/100|[from] item: Leftovers\n|upkeep\n|turn|21\n|\n|t:|1699969242\n|-formechange|p1a: Aegislash|Aegislash-Blade||[from] ability: Stance Change\n|move|p1a: Aegislash|Shadow Ball|p2a: end eternal\n|-damage|p2a: end eternal|17\/100\n|move|p2a: end eternal|Knock Off|p1a: Aegislash\n|-supereffective|p1a: Aegislash\n|-end|p1a: Aegislash|Substitute\n|\n|-heal|p1a: Aegislash|71\/100|[from] item: Leftovers\n|upkeep\n|turn|22\n|\n|t:|1699969257\n|move|p1a: Aegislash|Shadow Ball|p2a: end eternal\n|-damage|p2a: end eternal|0 fnt\n|faint|p2a: end eternal\n|\n|-heal|p1a: Aegislash|78\/100|[from] item: Leftovers\n|upkeep\n|\n|t:|1699969263\n|switch|p2a: high tide|Urshifu-Rapid-Strike, F|77\/100\n|-damage|p2a: high tide|71\/100|[from] Stealth Rock\n|turn|23\n|\n|t:|1699969272\n|switch|p1a: Alomomola|Alomomola, F, shiny|54\/100\n|-damage|p1a: Alomomola|42\/100|[from] Stealth Rock\n|move|p2a: high tide|Surging Strikes|p1a: Alomomola\n|-resisted|p1a: Alomomola\n|-crit|p1a: Alomomola\n|-damage|p1a: Alomomola|37\/100\n|-resisted|p1a: Alomomola\n|-crit|p1a: Alomomola\n|-damage|p1a: Alomomola|32\/100\n|-resisted|p1a: Alomomola\n|-crit|p1a: Alomomola\n|-damage|p1a: Alomomola|26\/100\n|-hitcount|p1a: Alomomola|3\n|\n|-fieldend|move: Psychic Terrain\n|upkeep\n|turn|24\n|\n|t:|1699969283\n|move|p2a: high tide|Close Combat|p1a: Alomomola\n|-damage|p1a: Alomomola|0 fnt\n|-unboost|p2a: high tide|def|1\n|-unboost|p2a: high tide|spd|1\n|faint|p1a: Alomomola\n|\n|upkeep\n|\n|t:|1699969289\n|switch|p1a: Enamorus|Enamorus, F|38\/100\n|-damage|p1a: Enamorus|13\/100|[from] Stealth Rock\n|turn|25\n|\n|t:|1699969299\n|switch|p2a: my liver|Zapdos, shiny|94\/100\n|move|p1a: Enamorus|Moonblast|p2a: my liver\n|-damage|p2a: my liver|21\/100\n|\n|upkeep\n|turn|26\n|\n|t:|1699969306\n|switch|p2a: .frog|Heatran, F, shiny|84\/100\n|-damage|p2a: .frog|71\/100|[from] Stealth Rock\n|move|p1a: Enamorus|Moonblast|p2a: .frog\n|-resisted|p2a: .frog\n|-damage|p2a: .frog|60\/100\n|\n|-heal|p2a: .frog|66\/100|[from] item: Leftovers\n|upkeep\n|turn|27\n|\n|t:|1699969317\n|move|p1a: Enamorus|Moonblast|p2a: .frog\n|-resisted|p2a: .frog\n|-damage|p2a: .frog|55\/100\n|-unboost|p2a: .frog|spa|1\n|move|p2a: .frog|Magma Storm|p1a: Enamorus|[miss]\n|-miss|p2a: .frog|p1a: Enamorus\n|\n|-heal|p2a: .frog|61\/100|[from] item: Leftovers\n|upkeep\n|turn|28\n|\n|t:|1699969322\n|move|p1a: Enamorus|Moonblast|p2a: .frog\n|-resisted|p2a: .frog\n|-damage|p2a: .frog|49\/100\n|move|p2a: .frog|Magma Storm|p1a: Enamorus|[miss]\n|-miss|p2a: .frog|p1a: Enamorus\n|\n|-heal|p2a: .frog|55\/100|[from] item: Leftovers\n|upkeep\n|turn|29\n|\n|t:|1699969327\n|move|p1a: Enamorus|Moonblast|p2a: .frog\n|-resisted|p2a: .frog\n|-damage|p2a: .frog|44\/100\n|move|p2a: .frog|Magma Storm|p1a: Enamorus\n|-damage|p1a: Enamorus|0 fnt\n|faint|p1a: Enamorus\n|\n|-heal|p2a: .frog|50\/100|[from] item: Leftovers\n|upkeep\n|\n|t:|1699969344\n|switch|p1a: Breloom|Breloom, M|100\/100\n|-damage|p1a: Breloom|94\/100|[from] Stealth Rock\n|turn|30\n|\n|t:|1699969351\n|move|p1a: Breloom|Bullet Seed|p2a: .frog\n|-resisted|p2a: .frog\n|-damage|p2a: .frog|46\/100\n|-resisted|p2a: .frog\n|-damage|p2a: .frog|41\/100\n|-resisted|p2a: .frog\n|-damage|p2a: .frog|37\/100\n|-hitcount|p2a: .frog|3\n|move|p2a: .frog|Magma Storm|p1a: Breloom\n|-supereffective|p1a: Breloom\n|-damage|p1a: Breloom|0 fnt\n|faint|p1a: Breloom\n|\n|-heal|p2a: .frog|43\/100|[from] item: Leftovers\n|upkeep\n|\n|t:|1699969355\n|switch|p1a: Tyranitar|Tyranitar-Mega, M|77\/100 tox\n|-damage|p1a: Tyranitar|64\/100 tox|[from] Stealth Rock\n|-weather|Sandstorm|[from] ability: Sand Stream|[of] p1a: Tyranitar\n|turn|31\n|\n|t:|1699969366\n|switch|p2a: my liver|Zapdos, shiny|21\/100\n|move|p1a: Tyranitar|Knock Off|p2a: my liver\n|-damage|p2a: my liver|0 fnt\n|-enditem|p2a: my liver|Heavy-Duty Boots|[from] move: Knock Off|[of] p1a: Tyranitar\n|faint|p2a: my liver\n|\n|-weather|Sandstorm|[upkeep]\n|-damage|p1a: Tyranitar|58\/100 tox|[from] psn\n|upkeep\n|\n|t:|1699969369\n|switch|p2a: high tide|Urshifu-Rapid-Strike, F|71\/100\n|-damage|p2a: high tide|65\/100|[from] Stealth Rock\n|turn|32\n|\n|t:|1699969375\n|move|p2a: high tide|Surging Strikes|p1a: Tyranitar\n|-supereffective|p1a: Tyranitar\n|-crit|p1a: Tyranitar\n|-damage|p1a: Tyranitar|32\/100 tox\n|-supereffective|p1a: Tyranitar\n|-crit|p1a: Tyranitar\n|-damage|p1a: Tyranitar|10\/100 tox\n|-supereffective|p1a: Tyranitar\n|-crit|p1a: Tyranitar\n|-damage|p1a: Tyranitar|0 fnt\n|faint|p1a: Tyranitar\n|-hitcount|p1: Tyranitar|3\n|\n|-weather|Sandstorm|[upkeep]\n|-damage|p2a: high tide|59\/100|[from] Sandstorm\n|upkeep\n|\n|t:|1699969380\n|switch|p1a: Aegislash|Aegislash, M|78\/100\n|-damage|p1a: Aegislash|71\/100|[from] Stealth Rock\n|turn|33\n|inactive|grass knot zygarde has 120 seconds left.\n|\n|t:|1699969418\n|-terastallize|p2a: high tide|Water\n|move|p2a: high tide|Surging Strikes|p1a: Aegislash\n|-crit|p1a: Aegislash\n|-damage|p1a: Aegislash|52\/100\n|-crit|p1a: Aegislash\n|-damage|p1a: Aegislash|30\/100\n|-crit|p1a: Aegislash\n|-damage|p1a: Aegislash|10\/100\n|-hitcount|p1a: Aegislash|3\n|-formechange|p1a: Aegislash|Aegislash-Blade||[from] ability: Stance Change\n|move|p1a: Aegislash|Shadow Ball|p2a: high tide\n|-damage|p2a: high tide|3\/100\n|\n|-weather|Sandstorm|[upkeep]\n|-damage|p2a: high tide|0 fnt|[from] Sandstorm\n|faint|p2a: high tide\n|-heal|p1a: Aegislash|16\/100|[from] item: Leftovers\n|upkeep\n|inactive|grass knot zygarde has 90 seconds left.\n|\n|t:|1699969450\n|switch|p2a: .frog|Heatran, F, shiny|43\/100\n|-damage|p2a: .frog|31\/100|[from] Stealth Rock\n|turn|34\n|\n|t:|1699969459\n|-formechange|p1a: Aegislash|Aegislash||[from] ability: Stance Change\n|move|p1a: Aegislash|King's Shield|p1a: Aegislash\n|-singleturn|p1a: Aegislash|Protect\n|move|p2a: .frog|Earth Power|p1a: Aegislash\n|-activate|p1a: Aegislash|move: Protect\n|\n|-weather|Sandstorm|[upkeep]\n|-heal|p2a: .frog|37\/100|[from] item: Leftovers\n|-heal|p1a: Aegislash|22\/100|[from] item: Leftovers\n|upkeep\n|turn|35\n|\n|t:|1699969462\n|switch|p1a: Rotom|Rotom-Heat|59\/100\n|move|p2a: .frog|Earth Power|p1a: Rotom\n|-immune|p1a: Rotom|[from] ability: Levitate\n|\n|-weather|none\n|-heal|p2a: .frog|43\/100|[from] item: Leftovers\n|upkeep\n|turn|36\n|\n|t:|1699969492\n|move|p1a: Rotom|Defog|p2a: .frog\n|-unboost|p2a: .frog|evasion|1\n|-sideend|p2: grass knot zygarde|Stealth Rock|[from] move: Defog|[of] p1a: Rotom\n|-sideend|p1: JWZ456|Stealth Rock|[from] move: Defog|[of] p1a: Rotom\n|move|p2a: .frog|Magma Storm|p1a: Rotom\n|-resisted|p1a: Rotom\n|-damage|p1a: Rotom|42\/100\n|-activate|p1a: Rotom|move: Magma Storm|[of] p2a: .frog\n|\n|-heal|p2a: .frog|49\/100|[from] item: Leftovers\n|-damage|p1a: Rotom|30\/100|[from] move: Magma Storm|[partiallytrapped]\n|upkeep\n|turn|37\n|\n|t:|1699969499\n|switch|p2a: omnipotent|Tapu Lele, shiny|88\/100\n|-fieldstart|move: Psychic Terrain|[from] ability: Psychic Surge|[of] p2a: omnipotent\n|move|p1a: Rotom|Pain Split|p2a: omnipotent\n|-sethp|p2a: omnipotent|60\/100|[from] move: Pain Split|[silent]\n|-sethp|p1a: Rotom|56\/100|[from] move: Pain Split\n|\n|-end|p1a: Rotom|Magma Storm|[partiallytrapped]|[silent]\n|upkeep\n|turn|38\n|\n|t:|1699969505\n|move|p2a: omnipotent|Psychic|p1a: Rotom\n|-crit|p1a: Rotom\n|-damage|p1a: Rotom|0 fnt\n|faint|p1a: Rotom\n|\n|upkeep\n|\n|t:|1699969508\n|switch|p1a: Aegislash|Aegislash, M|22\/100\n|turn|39\n|\n|t:|1699969522\n|move|p2a: omnipotent|Psychic|p1a: Aegislash\n|-resisted|p1a: Aegislash\n|-damage|p1a: Aegislash|5\/100\n|-formechange|p1a: Aegislash|Aegislash-Blade||[from] ability: Stance Change\n|move|p1a: Aegislash|Shadow Ball|p2a: omnipotent\n|-supereffective|p2a: omnipotent\n|-damage|p2a: omnipotent|0 fnt\n|faint|p2a: omnipotent\n|\n|-heal|p1a: Aegislash|11\/100|[from] item: Leftovers\n|upkeep\n|\n|t:|1699969528\n|switch|p2a: .frog|Heatran, F, shiny|49\/100\n|turn|40\n|\n|t:|1699969531\n|-formechange|p1a: Aegislash|Aegislash||[from] ability: Stance Change\n|move|p1a: Aegislash|King's Shield|p1a: Aegislash\n|-singleturn|p1a: Aegislash|Protect\n|move|p2a: .frog|Earth Power|p1a: Aegislash\n|-activate|p1a: Aegislash|move: Protect\n|\n|-heal|p2a: .frog|55\/100|[from] item: Leftovers\n|-heal|p1a: Aegislash|17\/100|[from] item: Leftovers\n|upkeep\n|turn|41\n|\n|t:|1699969544\n|move|p2a: .frog|Earth Power|p1a: Aegislash\n|-supereffective|p1a: Aegislash\n|-damage|p1a: Aegislash|0 fnt\n|faint|p1a: Aegislash\n|\n|win|grass knot zygarde\n|raw|JWZ456's rating: 1636 &rarr; <strong>1619<\/strong><br \/>(-17 for losing)\n|raw|grass knot zygarde's rating: 1683 &rarr; <strong>1700<\/strong><br \/>(+17 for winning)\n|l|\u203dJWZ456\n","uploadtime":1699969560,"views":4,"p1id":"jwz456","p2id":"grassknotzygarde","formatid":"gen9nationaldex","rating":1619,"private":0,"password":""}