{"id":"gen9nationaldex-1987358823","p1":"PyroGaleZX","p2":"Jam20Jam","format":"[Gen 9] National Dex","log":"|j|\u2606PyroGaleZX\n|j|\u2606Jam20Jam\n|t:|1699581499\n|gametype|singles\n|player|p1|PyroGaleZX|grusha|\n|player|p2|Jam20Jam|carmine|\n|teamsize|p1|6\n|teamsize|p2|6\n|gen|9\n|tier|[Gen 9] National Dex\n|rule|HP Percentage Mod: HP is shown in percentages\n|rule|Endless Battle Clause: Forcing endless battles is banned\n|rule|OHKO Clause: OHKO moves are banned\n|rule|Evasion Clause: Evasion abilities, items, and moves are banned\n|rule|Evasion Abilities Clause: Evasion abilities are banned\n|rule|Evasion Items Clause: Evasion items are banned\n|rule|Evasion Moves Clause: Evasion moves are banned\n|rule|Species Clause: Limit one of each Pok\u00e9mon\n|rule|Sleep Clause Mod: Limit one foe put to sleep\n|clearpoke\n|poke|p1|Samurott-Hisui, F|\n|poke|p1|Enamorus-Therian, F|\n|poke|p1|Arcanine, M|\n|poke|p1|Umbreon, F|\n|poke|p1|Spiritomb, F|\n|poke|p1|Pawmo, F|\n|poke|p2|Amoonguss, M|\n|poke|p2|Skeledirge, M|\n|poke|p2|Cetitan, F|\n|poke|p2|Grimer-Alola, M|\n|poke|p2|Coalossal, F|\n|poke|p2|Veluza, M|\n|teampreview\n|\n|t:|1699581523\n|start\n|switch|p1a: Samurott|Samurott-Hisui, F|100\/100\n|switch|p2a: Veluza|Veluza, M|100\/100\n|-ability|p2a: Veluza|Mold Breaker\n|turn|1\n|\n|t:|1699581539\n|move|p1a: Samurott|Ceaseless Edge|p2a: Veluza\n|-supereffective|p2a: Veluza\n|-damage|p2a: Veluza|0 fnt\n|-sidestart|p2: Jam20Jam|Spikes\n|faint|p2a: Veluza\n|\n|upkeep\n|\n|t:|1699581551\n|switch|p2a: Amoonguss|Amoonguss, M|100\/100\n|-damage|p2a: Amoonguss|88\/100|[from] Spikes\n|turn|2\n|\n|t:|1699581571\n|switch|p1a: Enamorus|Enamorus-Therian, F|100\/100\n|move|p2a: Amoonguss|Toxic|p1a: Enamorus\n|-status|p1a: Enamorus|tox\n|\n|-heal|p2a: Amoonguss|94\/100|[from] item: Leftovers\n|-damage|p1a: Enamorus|95\/100 tox|[from] psn\n|upkeep\n|turn|3\n|\n|t:|1699581619\n|move|p1a: Enamorus|Calm Mind|p1a: Enamorus\n|-boost|p1a: Enamorus|spa|1\n|-boost|p1a: Enamorus|spd|1\n|move|p2a: Amoonguss|Sludge Bomb|p1a: Enamorus\n|-supereffective|p1a: Enamorus\n|-damage|p1a: Enamorus|60\/100 tox\n|\n|-heal|p2a: Amoonguss|99\/100|[from] item: Leftovers\n|-damage|p1a: Enamorus|48\/100 tox|[from] psn\n|upkeep\n|turn|4\n|j| lunchbox5536\n|l| lunchbox5536\n|\n|t:|1699581726\n|move|p1a: Enamorus|Earth Power|p2a: Amoonguss\n|-damage|p2a: Amoonguss|66\/100\n|move|p2a: Amoonguss|Sludge Bomb|p1a: Enamorus\n|-supereffective|p1a: Enamorus\n|-damage|p1a: Enamorus|14\/100 tox\n|\n|-heal|p2a: Amoonguss|72\/100|[from] item: Leftovers\n|-damage|p1a: Enamorus|0 fnt|[from] psn\n|faint|p1a: Enamorus\n|upkeep\n|\n|t:|1699581738\n|switch|p1a: Arcanine|Arcanine, M|100\/100\n|-ability|p1a: Arcanine|Intimidate|boost\n|-unboost|p2a: Amoonguss|atk|1\n|turn|5\n|\n|t:|1699581750\n|switch|p2a: Coalossal|Coalossal, F|100\/100\n|-damage|p2a: Coalossal|88\/100|[from] Spikes\n|move|p1a: Arcanine|Roar|p2a: Coalossal\n|drag|p2a: Grimer|Grimer-Alola, M|100\/100\n|-damage|p2a: Grimer|88\/100|[from] Spikes\n|\n|upkeep\n|turn|6\n|\n|t:|1699581808\n|move|p1a: Arcanine|Will-O-Wisp|p2a: Grimer\n|-status|p2a: Grimer|brn\n|move|p2a: Grimer|Knock Off|p1a: Arcanine\n|-damage|p1a: Arcanine|87\/100\n|-enditem|p1a: Arcanine|Heavy-Duty Boots|[from] move: Knock Off|[of] p2a: Grimer\n|\n|-damage|p2a: Grimer|82\/100 brn|[from] brn\n|upkeep\n|turn|7\n|\n|t:|1699581841\n|switch|p1a: Spiritomb|Spiritomb, F, shiny|100\/100\n|switch|p2a: Skeledirge|Skeledirge, M|100\/100\n|-damage|p2a: Skeledirge|88\/100|[from] Spikes\n|\n|upkeep\n|turn|8\n|\n|t:|1699581858\n|-terastallize|p2a: Skeledirge|Fire\n|move|p2a: Skeledirge|Torch Song|p1a: Spiritomb\n|-damage|p1a: Spiritomb|48\/100\n|-boost|p2a: Skeledirge|spa|1\n|move|p1a: Spiritomb|Calm Mind|p1a: Spiritomb\n|-boost|p1a: Spiritomb|spa|1\n|-boost|p1a: Spiritomb|spd|1\n|\n|upkeep\n|turn|9\n|\n|t:|1699581873\n|move|p2a: Skeledirge|Torch Song|p1a: Spiritomb\n|-damage|p1a: Spiritomb|0 fnt\n|-boost|p2a: Skeledirge|spa|1\n|faint|p1a: Spiritomb\n|\n|upkeep\n|\n|t:|1699581876\n|switch|p1a: Samurott|Samurott-Hisui, F|100\/100\n|turn|10\n|\n|t:|1699581900\n|switch|p2a: Amoonguss|Amoonguss, M|100\/100\n|-damage|p2a: Amoonguss|88\/100|[from] Spikes\n|move|p1a: Samurott|Razor Shell|p2a: Amoonguss\n|-resisted|p2a: Amoonguss\n|-damage|p2a: Amoonguss|46\/100\n|\n|-heal|p2a: Amoonguss|52\/100|[from] item: Leftovers\n|upkeep\n|turn|11\n|\n|t:|1699581983\n|switch|p1a: Pawmo|Pawmo, F|100\/100\n|move|p2a: Amoonguss|Toxic|p1a: Pawmo\n|-status|p1a: Pawmo|tox\n|\n|-heal|p2a: Amoonguss|59\/100|[from] item: Leftovers\n|-damage|p1a: Pawmo|94\/100 tox|[from] psn\n|upkeep\n|turn|12\n|\n|t:|1699582016\n|switch|p2a: Coalossal|Coalossal, F|88\/100\n|-damage|p2a: Coalossal|76\/100|[from] Spikes\n|move|p1a: Pawmo|Volt Switch|p2a: Coalossal\n|-damage|p2a: Coalossal|65\/100\n|\n|t:|1699582048\n|-curestatus|p1a: Pawmo|tox|[from] ability: Natural Cure\n|switch|p1a: Samurott|Samurott-Hisui, F|100\/100|[from] Volt Switch\n|\n|upkeep\n|turn|13\n|j| lunchbox5536\n|\n|t:|1699582093\n|switch|p2a: Amoonguss|Amoonguss, M|92\/100\n|-damage|p2a: Amoonguss|79\/100|[from] Spikes\n|move|p1a: Samurott|Razor Shell|p2a: Amoonguss\n|-resisted|p2a: Amoonguss\n|-damage|p2a: Amoonguss|36\/100\n|-unboost|p2a: Amoonguss|def|1\n|\n|-heal|p2a: Amoonguss|42\/100|[from] item: Leftovers\n|upkeep\n|turn|14\n|\n|t:|1699582110\n|switch|p2a: Grimer|Grimer-Alola, M|82\/100 brn\n|-damage|p2a: Grimer|70\/100 brn|[from] Spikes\n|move|p1a: Samurott|Razor Shell|p2a: Grimer\n|-damage|p2a: Grimer|0 fnt\n|faint|p2a: Grimer\n|\n|upkeep\n|\n|t:|1699582117\n|switch|p2a: Cetitan|Cetitan, F|100\/100\n|-damage|p2a: Cetitan|88\/100|[from] Spikes\n|turn|15\n|\n|t:|1699582125\n|move|p1a: Samurott|Razor Shell|p2a: Cetitan\n|-damage|p2a: Cetitan|16\/100\n|-enditem|p2a: Cetitan|Sitrus Berry|[eat]\n|-heal|p2a: Cetitan|41\/100|[from] item: Sitrus Berry\n|move|p2a: Cetitan|Belly Drum||[still]\n|-fail|p2a: Cetitan\n|\n|upkeep\n|turn|16\n|\n|t:|1699582160\n|switch|p2a: Amoonguss|Amoonguss, M|75\/100\n|-damage|p2a: Amoonguss|63\/100|[from] Spikes\n|move|p1a: Samurott|Razor Shell|p2a: Amoonguss\n|-resisted|p2a: Amoonguss\n|-damage|p2a: Amoonguss|23\/100\n|-unboost|p2a: Amoonguss|def|1\n|\n|-heal|p2a: Amoonguss|30\/100|[from] item: Leftovers\n|upkeep\n|turn|17\n|\n|t:|1699582176\n|move|p1a: Samurott|Razor Shell|p2a: Amoonguss\n|-resisted|p2a: Amoonguss\n|-damage|p2a: Amoonguss|0 fnt\n|faint|p2a: Amoonguss\n|\n|upkeep\n|\n|t:|1699582184\n|switch|p2a: Cetitan|Cetitan, F|41\/100\n|-damage|p2a: Cetitan|29\/100|[from] Spikes\n|turn|18\n|\n|t:|1699582238\n|move|p1a: Samurott|Razor Shell|p2a: Cetitan\n|-damage|p2a: Cetitan|0 fnt\n|faint|p2a: Cetitan\n|\n|upkeep\n|\n|t:|1699582251\n|switch|p2a: Coalossal|Coalossal, F|65\/100\n|-damage|p2a: Coalossal|53\/100|[from] Spikes\n|turn|19\n|\n|t:|1699582260\n|move|p1a: Samurott|Razor Shell|p2a: Coalossal\n|-supereffective|p2a: Coalossal\n|-damage|p2a: Coalossal|0 fnt\n|faint|p2a: Coalossal\n|\n|upkeep\n|\n|t:|1699582265\n|switch|p2a: Skeledirge|Skeledirge, M, tera:Fire|88\/100\n|-damage|p2a: Skeledirge|76\/100|[from] Spikes\n|turn|20\n|\n|t:|1699582271\n|move|p1a: Samurott|Razor Shell|p2a: Skeledirge\n|-supereffective|p2a: Skeledirge\n|-damage|p2a: Skeledirge|0 fnt\n|faint|p2a: Skeledirge\n|\n|win|PyroGaleZX\n|l|\u2606Jam20Jam\n","uploadtime":1699582279,"views":4,"p1id":"pyrogalezx","p2id":"jam20jam","formatid":"gen9nationaldex","rating":0,"private":0,"password":""}