{"id":"gen9nationaldex-1995723018","p1":"bugmonobestmono","p2":"YaBoiCrim","format":"[Gen 9] National Dex","log":"|html|<div class=\"broadcast-blue\"><strong>[Gen 9] National Dex is currently suspecting Sneasler! For information on how to participate check out the <a href=\"https:\/\/www.smogon.com\/forums\/threads\/sv-national-dex-suspect-8-just-dance.3731534\/\">suspect thread<\/a>.<\/strong><\/div>\n|j|\u2606bugmonobestmono\n|j|\u2606YaBoiCrim\n|t:|1700597150\n|gametype|singles\n|player|p1|bugmonobestmono|bugcatcher-gen4dp|\n|player|p2|YaBoiCrim|riley|\n|teamsize|p1|6\n|teamsize|p2|6\n|gen|9\n|tier|[Gen 9] National Dex\n|rule|HP Percentage Mod: HP is shown in percentages\n|rule|Endless Battle Clause: Forcing endless battles is banned\n|rule|OHKO Clause: OHKO moves are banned\n|rule|Evasion Clause: Evasion abilities, items, and moves are banned\n|rule|Evasion Abilities Clause: Evasion abilities are banned\n|rule|Evasion Items Clause: Evasion items are banned\n|rule|Evasion Moves Clause: Evasion moves are banned\n|rule|Species Clause: Limit one of each Pok\u00e9mon\n|rule|Sleep Clause Mod: Limit one foe put to sleep\n|clearpoke\n|poke|p1|Buzzwole|\n|poke|p1|Lokix, M|\n|poke|p1|Ribombee, F|\n|poke|p1|Heracross, F|\n|poke|p1|Scizor, M|\n|poke|p1|Shuckle, F|\n|poke|p2|Oricorio-Sensu, F|\n|poke|p2|Mimikyu, M|\n|poke|p2|Aegislash, M|\n|poke|p2|Skeledirge, M|\n|poke|p2|Sableye, M|\n|poke|p2|Ceruledge, M|\n|teampreview\n|inactive|Battle timer is ON: inactive players will automatically lose when time's up. (requested by bugmonobestmono)\n|inactiveoff|Battle timer is now OFF.\n|c|\u2606bugmonobestmono|glhf\n|c|\u2606YaBoiCrim|u 2\n|c|\u2606YaBoiCrim|we got to wait for a few min\n|j| AdvilPills\n|c|\u2606bugmonobestmono|aight\n|j| I like bug alots\n|c|\u2606YaBoiCrim|1 more person\n|c|\u2606YaBoiCrim|pllsss\n|j| Plush Candy\n|j| Skye32\n|\n|t:|1700597315\n|start\n|switch|p1a: Ribombee|Ribombee, F|100\/100\n|switch|p2a: Sableye|Sableye, M, shiny|100\/100\n|turn|1\n|\n|t:|1700597324\n|detailschange|p2a: Sableye|Sableye-Mega, M, shiny\n|-mega|p2a: Sableye|Sableye|Sablenite\n|move|p1a: Ribombee|Moonblast|p2a: Sableye\n|-supereffective|p2a: Sableye\n|-damage|p2a: Sableye|53\/100\n|move|p2a: Sableye|Knock Off|p1a: Ribombee\n|-resisted|p1a: Ribombee\n|-damage|p1a: Ribombee|78\/100\n|-enditem|p1a: Ribombee|Light Clay|[from] move: Knock Off|[of] p2a: Sableye\n|\n|upkeep\n|turn|2\n|\n|t:|1700597333\n|switch|p2a: Skeledirge|Skeledirge, M|100\/100\n|move|p1a: Ribombee|Reflect|p1a: Ribombee\n|-sidestart|p1: bugmonobestmono|Reflect\n|\n|upkeep\n|turn|3\n|\n|t:|1700597344\n|move|p1a: Ribombee|Light Screen|p1a: Ribombee\n|-sidestart|p1: bugmonobestmono|move: Light Screen\n|move|p2a: Skeledirge|Torch Song|p1a: Ribombee\n|-supereffective|p1a: Ribombee\n|-damage|p1a: Ribombee|43\/100\n|-boost|p2a: Skeledirge|spa|1\n|\n|upkeep\n|turn|4\n|\n|t:|1700597349\n|move|p1a: Ribombee|Stun Spore|p2a: Skeledirge\n|-status|p2a: Skeledirge|par\n|move|p2a: Skeledirge|Torch Song|p1a: Ribombee\n|-supereffective|p1a: Ribombee\n|-damage|p1a: Ribombee|0 fnt\n|-boost|p2a: Skeledirge|spa|1\n|faint|p1a: Ribombee\n|\n|upkeep\n|\n|t:|1700597354\n|switch|p1a: Heracross|Heracross, F|100\/100\n|turn|5\n|\n|t:|1700597358\n|detailschange|p1a: Heracross|Heracross-Mega, F\n|-mega|p1a: Heracross|Heracross|Heracronite\n|move|p1a: Heracross|Knock Off|p2a: Skeledirge\n|-supereffective|p2a: Skeledirge\n|-damage|p2a: Skeledirge|24\/100 par\n|-enditem|p2a: Skeledirge|Heavy-Duty Boots|[from] move: Knock Off|[of] p1a: Heracross\n|move|p2a: Skeledirge|Torch Song|p1a: Heracross\n|-supereffective|p1a: Heracross\n|-damage|p1a: Heracross|44\/100\n|-boost|p2a: Skeledirge|spa|1\n|\n|upkeep\n|turn|6\n|c| Plush Candy|I knew 4 out 6 of the mons were gonna be used\n|\n|t:|1700597364\n|move|p1a: Heracross|Earthquake|p2a: Skeledirge\n|-supereffective|p2a: Skeledirge\n|-damage|p2a: Skeledirge|0 fnt\n|faint|p2a: Skeledirge\n|\n|-sideend|p1: bugmonobestmono|Reflect\n|upkeep\n|\n|t:|1700597368\n|switch|p2a: Oricorio|Oricorio-Sensu, F, shiny|100\/100\n|turn|7\n|\n|t:|1700597383\n|move|p2a: Oricorio|Air Slash|p1a: Heracross\n|-supereffective|p1a: Heracross\n|-damage|p1a: Heracross|0 fnt\n|faint|p1a: Heracross\n|\n|-sideend|p1: bugmonobestmono|move: Light Screen\n|upkeep\n|\n|t:|1700597387\n|switch|p1a: Lokix|Lokix, M|100\/100\n|turn|8\n|\n|t:|1700597399\n|move|p1a: Lokix|Sucker Punch|p2a: Oricorio\n|-supereffective|p2a: Oricorio\n|-enditem|p2a: Oricorio|Focus Sash\n|-damage|p2a: Oricorio|1\/100\n|-damage|p1a: Lokix|91\/100|[from] item: Life Orb\n|move|p2a: Oricorio|Air Slash|p1a: Lokix\n|-supereffective|p1a: Lokix\n|-damage|p1a: Lokix|0 fnt\n|faint|p1a: Lokix\n|\n|upkeep\n|\n|t:|1700597405\n|switch|p1a: Scizor|Scizor, M|100\/100\n|turn|9\n|\n|t:|1700597412\n|move|p1a: Scizor|Bullet Punch|p2a: Oricorio\n|-damage|p2a: Oricorio|0 fnt\n|faint|p2a: Oricorio\n|\n|upkeep\n|\n|t:|1700597416\n|switch|p2a: Ceruledge|Ceruledge, M|100\/100\n|turn|10\n|\n|t:|1700597422\n|switch|p1a: Shuckle|Shuckle, F|100\/100\n|move|p2a: Ceruledge|Bitter Blade|p1a: Shuckle\n|-damage|p1a: Shuckle|75\/100\n|\n|upkeep\n|turn|11\n|\n|t:|1700597425\n|switch|p2a: Sableye|Sableye-Mega, M, shiny|53\/100\n|move|p1a: Shuckle|Power Split|p2a: Sableye\n|-activate|p1a: Shuckle|move: Power Split|[of] p2a: Sableye\n|\n|upkeep\n|turn|12\n|\n|t:|1700597432\n|switch|p1a: Scizor|Scizor, M|100\/100\n|move|p2a: Sableye|Recover|p2a: Sableye\n|-heal|p2a: Sableye|100\/100\n|\n|upkeep\n|turn|13\n|\n|t:|1700597435\n|move|p1a: Scizor|U-turn|p2a: Sableye\n|-damage|p2a: Sableye|43\/100\n|\n|t:|1700597438\n|switch|p1a: Buzzwole|Buzzwole|100\/100|[from] U-turn\n|move|p2a: Sableye|Will-O-Wisp|p1a: Buzzwole\n|-status|p1a: Buzzwole|brn\n|\n|-damage|p1a: Buzzwole|94\/100 brn|[from] brn\n|upkeep\n|turn|14\n|\n|t:|1700597442\n|move|p1a: Buzzwole|Substitute|p1a: Buzzwole\n|-start|p1a: Buzzwole|Substitute\n|-damage|p1a: Buzzwole|70\/100 brn\n|move|p2a: Sableye|Recover|p2a: Sableye\n|-heal|p2a: Sableye|93\/100\n|\n|-damage|p1a: Buzzwole|64\/100 brn|[from] brn\n|upkeep\n|turn|15\n|\n|t:|1700597445\n|move|p1a: Buzzwole|Bulk Up|p1a: Buzzwole\n|-boost|p1a: Buzzwole|atk|1\n|-boost|p1a: Buzzwole|def|1\n|move|p2a: Sableye|Knock Off|p1a: Buzzwole\n|-resisted|p1a: Buzzwole\n|-activate|p1a: Buzzwole|move: Substitute|[damage]\n|\n|-damage|p1a: Buzzwole|57\/100 brn|[from] brn\n|upkeep\n|turn|16\n|\n|t:|1700597461\n|switch|p2a: Ceruledge|Ceruledge, M|100\/100\n|move|p1a: Buzzwole|Bulk Up|p1a: Buzzwole\n|-boost|p1a: Buzzwole|atk|1\n|-boost|p1a: Buzzwole|def|1\n|\n|-damage|p1a: Buzzwole|51\/100 brn|[from] brn\n|upkeep\n|turn|17\n|\n|t:|1700597466\n|-terastallize|p1a: Buzzwole|Dark\n|move|p2a: Ceruledge|Bitter Blade|p1a: Buzzwole\n|-activate|p1a: Buzzwole|move: Substitute|[damage]\n|move|p1a: Buzzwole|Roost|p1a: Buzzwole\n|-heal|p1a: Buzzwole|100\/100 brn\n|\n|-damage|p1a: Buzzwole|94\/100 brn|[from] brn\n|upkeep\n|turn|18\n|\n|t:|1700597471\n|move|p2a: Ceruledge|Bitter Blade|p1a: Buzzwole\n|-end|p1a: Buzzwole|Substitute\n|move|p1a: Buzzwole|Substitute|p1a: Buzzwole\n|-start|p1a: Buzzwole|Substitute\n|-damage|p1a: Buzzwole|70\/100 brn\n|\n|-damage|p1a: Buzzwole|64\/100 brn|[from] brn\n|upkeep\n|turn|19\n|\n|t:|1700597475\n|move|p2a: Ceruledge|Bitter Blade|p1a: Buzzwole\n|-activate|p1a: Buzzwole|move: Substitute|[damage]\n|move|p1a: Buzzwole|Bulk Up|p1a: Buzzwole\n|-boost|p1a: Buzzwole|atk|1\n|-boost|p1a: Buzzwole|def|1\n|\n|-damage|p1a: Buzzwole|57\/100 brn|[from] brn\n|upkeep\n|turn|20\n|\n|t:|1700597478\n|move|p2a: Ceruledge|Bitter Blade|p1a: Buzzwole\n|-end|p1a: Buzzwole|Substitute\n|move|p1a: Buzzwole|Substitute|p1a: Buzzwole\n|-start|p1a: Buzzwole|Substitute\n|-damage|p1a: Buzzwole|33\/100 brn\n|\n|-damage|p1a: Buzzwole|27\/100 brn|[from] brn\n|upkeep\n|turn|21\n|\n|t:|1700597482\n|move|p2a: Ceruledge|Bitter Blade|p1a: Buzzwole\n|-activate|p1a: Buzzwole|move: Substitute|[damage]\n|move|p1a: Buzzwole|Roost|p1a: Buzzwole\n|-heal|p1a: Buzzwole|77\/100 brn\n|\n|-damage|p1a: Buzzwole|71\/100 brn|[from] brn\n|upkeep\n|turn|22\n|\n|t:|1700597485\n|move|p2a: Ceruledge|Bitter Blade|p1a: Buzzwole\n|-end|p1a: Buzzwole|Substitute\n|move|p1a: Buzzwole|Substitute|p1a: Buzzwole\n|-start|p1a: Buzzwole|Substitute\n|-damage|p1a: Buzzwole|46\/100 brn\n|\n|-damage|p1a: Buzzwole|40\/100 brn|[from] brn\n|upkeep\n|turn|23\n|\n|t:|1700597487\n|move|p2a: Ceruledge|Bitter Blade|p1a: Buzzwole\n|-activate|p1a: Buzzwole|move: Substitute|[damage]\n|move|p1a: Buzzwole|Roost|p1a: Buzzwole\n|-heal|p1a: Buzzwole|90\/100 brn\n|\n|-damage|p1a: Buzzwole|84\/100 brn|[from] brn\n|upkeep\n|turn|24\n|\n|t:|1700597490\n|move|p2a: Ceruledge|Bitter Blade|p1a: Buzzwole\n|-activate|p1a: Buzzwole|move: Substitute|[damage]\n|move|p1a: Buzzwole|Substitute|p1a: Buzzwole\n|-fail|p1a: Buzzwole|move: Substitute\n|\n|-damage|p1a: Buzzwole|78\/100 brn|[from] brn\n|upkeep\n|turn|25\n|\n|t:|1700597493\n|move|p2a: Ceruledge|Bitter Blade|p1a: Buzzwole\n|-end|p1a: Buzzwole|Substitute\n|move|p1a: Buzzwole|Substitute|p1a: Buzzwole\n|-start|p1a: Buzzwole|Substitute\n|-damage|p1a: Buzzwole|53\/100 brn\n|\n|-damage|p1a: Buzzwole|47\/100 brn|[from] brn\n|upkeep\n|turn|26\n|\n|t:|1700597495\n|move|p2a: Ceruledge|Bitter Blade|p1a: Buzzwole\n|-activate|p1a: Buzzwole|move: Substitute|[damage]\n|move|p1a: Buzzwole|Bulk Up|p1a: Buzzwole\n|-boost|p1a: Buzzwole|atk|1\n|-boost|p1a: Buzzwole|def|1\n|\n|-damage|p1a: Buzzwole|41\/100 brn|[from] brn\n|upkeep\n|turn|27\n|\n|t:|1700597497\n|move|p2a: Ceruledge|Bitter Blade|p1a: Buzzwole\n|-activate|p1a: Buzzwole|move: Substitute|[damage]\n|move|p1a: Buzzwole|Roost|p1a: Buzzwole\n|-heal|p1a: Buzzwole|91\/100 brn\n|\n|-damage|p1a: Buzzwole|85\/100 brn|[from] brn\n|upkeep\n|turn|28\n|\n|t:|1700597499\n|move|p2a: Ceruledge|Bitter Blade|p1a: Buzzwole\n|-end|p1a: Buzzwole|Substitute\n|move|p1a: Buzzwole|Substitute|p1a: Buzzwole\n|-start|p1a: Buzzwole|Substitute\n|-damage|p1a: Buzzwole|60\/100 brn\n|\n|-damage|p1a: Buzzwole|54\/100 brn|[from] brn\n|upkeep\n|turn|29\n|\n|t:|1700597502\n|move|p2a: Ceruledge|Bitter Blade|p1a: Buzzwole\n|-activate|p1a: Buzzwole|move: Substitute|[damage]\n|move|p1a: Buzzwole|Bulk Up|p1a: Buzzwole\n|-boost|p1a: Buzzwole|atk|1\n|-boost|p1a: Buzzwole|def|1\n|\n|-damage|p1a: Buzzwole|48\/100 brn|[from] brn\n|upkeep\n|turn|30\n|\n|t:|1700597504\n|move|p2a: Ceruledge|Bitter Blade|p1a: Buzzwole\n|-activate|p1a: Buzzwole|move: Substitute|[damage]\n|move|p1a: Buzzwole|Roost|p1a: Buzzwole\n|-heal|p1a: Buzzwole|98\/100 brn\n|\n|-damage|p1a: Buzzwole|92\/100 brn|[from] brn\n|upkeep\n|turn|31\n|\n|t:|1700597507\n|move|p2a: Ceruledge|Bitter Blade|p1a: Buzzwole\n|-end|p1a: Buzzwole|Substitute\n|move|p1a: Buzzwole|Substitute|p1a: Buzzwole\n|-start|p1a: Buzzwole|Substitute\n|-damage|p1a: Buzzwole|67\/100 brn\n|\n|-damage|p1a: Buzzwole|61\/100 brn|[from] brn\n|upkeep\n|turn|32\n|\n|t:|1700597511\n|move|p2a: Ceruledge|Poltergeist|p1a: Buzzwole\n|-activate|p1a: Buzzwole|move: Poltergeist|Black Glasses\n|-resisted|p1a: Buzzwole\n|-crit|p1a: Buzzwole\n|-end|p1a: Buzzwole|Substitute\n|move|p1a: Buzzwole|Bulk Up|p1a: Buzzwole\n|-boost|p1a: Buzzwole|atk|1\n|-boost|p1a: Buzzwole|def|1\n|\n|-damage|p1a: Buzzwole|55\/100 brn|[from] brn\n|upkeep\n|turn|33\n|j| ScootDDuck\n|\n|t:|1700597521\n|move|p2a: Ceruledge|Poltergeist|p1a: Buzzwole\n|-activate|p1a: Buzzwole|move: Poltergeist|Black Glasses\n|-resisted|p1a: Buzzwole\n|-damage|p1a: Buzzwole|50\/100 brn\n|move|p1a: Buzzwole|Roost|p1a: Buzzwole\n|-heal|p1a: Buzzwole|99\/100 brn\n|\n|-damage|p1a: Buzzwole|94\/100 brn|[from] brn\n|upkeep\n|turn|34\n|j| Dmaster955\n|\n|t:|1700597526\n|move|p2a: Ceruledge|Swords Dance|p2a: Ceruledge\n|-boost|p2a: Ceruledge|atk|2\n|move|p1a: Buzzwole|Substitute|p1a: Buzzwole\n|-start|p1a: Buzzwole|Substitute\n|-damage|p1a: Buzzwole|69\/100 brn\n|\n|-damage|p1a: Buzzwole|63\/100 brn|[from] brn\n|upkeep\n|turn|35\n|\n|t:|1700597529\n|move|p2a: Ceruledge|Swords Dance|p2a: Ceruledge\n|-boost|p2a: Ceruledge|atk|2\n|move|p1a: Buzzwole|Darkest Lariat|p2a: Ceruledge\n|-supereffective|p2a: Ceruledge\n|-enditem|p2a: Ceruledge|Focus Sash\n|-damage|p2a: Ceruledge|1\/100\n|-ability|p2a: Ceruledge|Weak Armor|boost\n|-unboost|p2a: Ceruledge|def|1\n|-boost|p2a: Ceruledge|spe|2\n|\n|-damage|p1a: Buzzwole|57\/100 brn|[from] brn\n|upkeep\n|turn|36\n|\n|t:|1700597532\n|move|p2a: Ceruledge|Poltergeist|p1a: Buzzwole\n|-activate|p1a: Buzzwole|move: Poltergeist|Black Glasses\n|-resisted|p1a: Buzzwole\n|-activate|p1a: Buzzwole|move: Substitute|[damage]\n|move|p1a: Buzzwole|Darkest Lariat|p2a: Ceruledge\n|-supereffective|p2a: Ceruledge\n|-damage|p2a: Ceruledge|0 fnt\n|faint|p2a: Ceruledge\n|\n|-damage|p1a: Buzzwole|51\/100 brn|[from] brn\n|upkeep\n|\n|t:|1700597536\n|switch|p2a: Aegislash|Aegislash, M, shiny|100\/100\n|turn|37\n|\n|t:|1700597539\n|move|p1a: Buzzwole|Roost|p1a: Buzzwole\n|-heal|p1a: Buzzwole|100\/100 brn\n|-formechange|p2a: Aegislash|Aegislash-Blade||[from] ability: Stance Change\n|move|p2a: Aegislash|Shadow Ball|p1a: Buzzwole\n|-resisted|p1a: Buzzwole\n|-end|p1a: Buzzwole|Substitute\n|\n|-damage|p1a: Buzzwole|94\/100 brn|[from] brn\n|upkeep\n|turn|38\n|\n|t:|1700597542\n|-formechange|p2a: Aegislash|Aegislash||[from] ability: Stance Change\n|move|p2a: Aegislash|King's Shield|p2a: Aegislash\n|-singleturn|p2a: Aegislash|Protect\n|move|p1a: Buzzwole|Darkest Lariat|p2a: Aegislash\n|-activate|p2a: Aegislash|move: Protect\n|-unboost|p1a: Buzzwole|atk|1\n|\n|-damage|p1a: Buzzwole|88\/100 brn|[from] brn\n|upkeep\n|turn|39\n|\n|t:|1700597549\n|move|p1a: Buzzwole|Darkest Lariat|p2a: Aegislash\n|-supereffective|p2a: Aegislash\n|-damage|p2a: Aegislash|0 fnt\n|faint|p2a: Aegislash\n|-ability|p1a: Buzzwole|Beast Boost|boost\n|-boost|p1a: Buzzwole|atk|1\n|\n|-damage|p1a: Buzzwole|82\/100 brn|[from] brn\n|upkeep\n|\n|t:|1700597553\n|switch|p2a: Mimikyu|Mimikyu, M|100\/100\n|turn|40\n|\n|t:|1700597557\n|move|p2a: Mimikyu|Play Rough|p1a: Buzzwole\n|-supereffective|p1a: Buzzwole\n|-damage|p1a: Buzzwole|71\/100 brn\n|move|p1a: Buzzwole|Substitute|p1a: Buzzwole\n|-start|p1a: Buzzwole|Substitute\n|-damage|p1a: Buzzwole|46\/100 brn\n|\n|-damage|p1a: Buzzwole|40\/100 brn|[from] brn\n|upkeep\n|turn|41\n|\n|t:|1700597570\n|move|p2a: Mimikyu|Play Rough|p1a: Buzzwole\n|-supereffective|p1a: Buzzwole\n|-activate|p1a: Buzzwole|move: Substitute|[damage]\n|move|p1a: Buzzwole|Roost|p1a: Buzzwole\n|-heal|p1a: Buzzwole|90\/100 brn\n|\n|-damage|p1a: Buzzwole|84\/100 brn|[from] brn\n|upkeep\n|turn|42\n|c| Plush Candy|Oof\n|\n|t:|1700597574\n|move|p2a: Mimikyu|Play Rough|p1a: Buzzwole\n|-supereffective|p1a: Buzzwole\n|-crit|p1a: Buzzwole\n|-end|p1a: Buzzwole|Substitute\n|move|p1a: Buzzwole|Darkest Lariat|p2a: Mimikyu\n|-activate|p2a: Mimikyu|ability: Disguise\n|-damage|p2a: Mimikyu|100\/100\n|detailschange|p2a: Mimikyu|Mimikyu-Busted, M\n|-damage|p2a: Mimikyu|88\/100|[from] pokemon: Mimikyu-Busted\n|\n|-damage|p1a: Buzzwole|78\/100 brn|[from] brn\n|upkeep\n|turn|43\n|\n|t:|1700597591\n|move|p2a: Mimikyu|Play Rough|p1a: Buzzwole\n|-supereffective|p1a: Buzzwole\n|-damage|p1a: Buzzwole|66\/100 brn\n|move|p1a: Buzzwole|Darkest Lariat|p2a: Mimikyu\n|-damage|p2a: Mimikyu|0 fnt\n|faint|p2a: Mimikyu\n|\n|-damage|p1a: Buzzwole|60\/100 brn|[from] brn\n|upkeep\n|\n|t:|1700597594\n|switch|p2a: Sableye|Sableye-Mega, M, shiny|93\/100\n|turn|44\n|c|\u2606bugmonobestmono|gg\n|\n|t:|1700597601\n|move|p1a: Buzzwole|Substitute|p1a: Buzzwole\n|-start|p1a: Buzzwole|Substitute\n|-damage|p1a: Buzzwole|35\/100 brn\n|move|p2a: Sableye|Recover|p2a: Sableye\n|-heal|p2a: Sableye|100\/100\n|\n|-damage|p1a: Buzzwole|29\/100 brn|[from] brn\n|upkeep\n|turn|45\n|\n|t:|1700597605\n|move|p2a: Sableye|Protect|p2a: Sableye\n|-singleturn|p2a: Sableye|Protect\n|move|p1a: Buzzwole|Darkest Lariat|p2a: Sableye\n|-activate|p2a: Sableye|move: Protect\n|\n|-damage|p1a: Buzzwole|23\/100 brn|[from] brn\n|upkeep\n|turn|46\n|\n|t:|1700597612\n|move|p1a: Buzzwole|Darkest Lariat|p2a: Sableye\n|-damage|p2a: Sableye|0 fnt\n|faint|p2a: Sableye\n|\n|win|bugmonobestmono\n|c|\u2606YaBoiCrim|gg\n|c|\u2606bugmonobestmono|gg\n|c|\u2606YaBoiCrim|i lost my win con\n|c|\u2606bugmonobestmono|ceru?\n|c|\u2606YaBoiCrim|ceru would have won that\n|c|\u2606bugmonobestmono|or skele?\n|c|\u2606bugmonobestmono|ah\n|c|\u2606bugmonobestmono|yeah\n|c|\u2606YaBoiCrim|if i had switched into ceru first\n|c| Plush Candy|Did you not run the Vinca Special?\n|l| Dmaster955\n|c|\u2606YaBoiCrim|nah pluno bro\n|c|\u2606YaBoiCrim|u buggin\n|c|\u2606YaBoiCrim|no pun intended\n|c| AdvilPills|vinca?\n|c| Plush Candy|You underestimate the Vinca Special\n","uploadtime":1700597631,"views":16,"p1id":"bugmonobestmono","p2id":"yaboicrim","formatid":"gen9nationaldex","rating":0,"private":0,"password":""}