{"id":"gen9nationaldex-1988600861","p1":"cowboy magpie","p2":"mxtfrog","format":"[Gen 9] National Dex","log":"|j|\u2606cowboy magpie\n|j|\u2606mxtfrog\n|t:|1699740634\n|gametype|singles\n|player|p1|cowboy magpie|eusine|1204\n|player|p2|mxtfrog|preschooler|1304\n|teamsize|p1|6\n|teamsize|p2|6\n|gen|9\n|tier|[Gen 9] National Dex\n|rated|\n|rule|HP Percentage Mod: HP is shown in percentages\n|rule|Endless Battle Clause: Forcing endless battles is banned\n|rule|OHKO Clause: OHKO moves are banned\n|rule|Evasion Clause: Evasion abilities, items, and moves are banned\n|rule|Evasion Abilities Clause: Evasion abilities are banned\n|rule|Evasion Items Clause: Evasion items are banned\n|rule|Evasion Moves Clause: Evasion moves are banned\n|rule|Species Clause: Limit one of each Pok\u00e9mon\n|rule|Sleep Clause Mod: Limit one foe put to sleep\n|clearpoke\n|poke|p1|Murkrow, F|\n|poke|p1|Salazzle, F|\n|poke|p1|Lucario, M|\n|poke|p1|Sneasler, F|\n|poke|p1|Armarouge, M|\n|poke|p1|Garchomp, M|\n|poke|p2|Toucannon, F|\n|poke|p2|Dragonite, F|\n|poke|p2|Toxapex, F|\n|poke|p2|Greninja-*, M|\n|poke|p2|Great Tusk|\n|poke|p2|Mawile, M|\n|teampreview\n|inactive|Battle timer is ON: inactive players will automatically lose when time's up. (requested by cowboy magpie)\n|\n|t:|1699740660\n|start\n|switch|p1a: Sneasler|Sneasler, F|100\/100\n|switch|p2a: Great Tusk|Great Tusk|100\/100\n|turn|1\n|\n|t:|1699740666\n|switch|p1a: Salazzle|Salazzle, F|100\/100\n|-item|p1a: Salazzle|Air Balloon\n|move|p2a: Great Tusk|Stealth Rock|p1a: Salazzle\n|-sidestart|p1: cowboy magpie|move: Stealth Rock\n|\n|upkeep\n|turn|2\n|\n|t:|1699740671\n|move|p1a: Salazzle|Encore|p2a: Great Tusk\n|-start|p2a: Great Tusk|Encore\n|move|p2a: Great Tusk|Stealth Rock||[still]\n|-fail|p2a: Great Tusk\n|\n|upkeep\n|turn|3\n|\n|t:|1699740677\n|-end|p2a: Great Tusk|Protosynthesis|[silent]\n|switch|p2a: Glandur|Toucannon, F|100\/100\n|move|p1a: Salazzle|Toxic|p2a: Glandur\n|-status|p2a: Glandur|tox\n|\n|-damage|p2a: Glandur|95\/100 tox|[from] psn\n|upkeep\n|turn|4\n|\n|t:|1699740681\n|move|p1a: Salazzle|Sludge Bomb|p2a: Glandur\n|-damage|p2a: Glandur|36\/100 tox\n|move|p2a: Glandur|Rock Blast|p1a: Salazzle\n|-supereffective|p1a: Salazzle\n|-damage|p1a: Salazzle|69\/100\n|-enditem|p1a: Salazzle|Air Balloon\n|-supereffective|p1a: Salazzle\n|-damage|p1a: Salazzle|37\/100\n|-supereffective|p1a: Salazzle\n|-damage|p1a: Salazzle|6\/100\n|-supereffective|p1a: Salazzle\n|-damage|p1a: Salazzle|0 fnt\n|faint|p1a: Salazzle\n|-hitcount|p1: Salazzle|4\n|\n|-damage|p2a: Glandur|24\/100 tox|[from] psn\n|upkeep\n|\n|t:|1699740695\n|switch|p1a: Garchomp|Garchomp, M|100\/100\n|-damage|p1a: Garchomp|94\/100|[from] Stealth Rock\n|turn|5\n|\n|t:|1699740713\n|switch|p2a: Great Tusk|Great Tusk|100\/100\n|move|p1a: Garchomp|Swords Dance|p1a: Garchomp\n|-boost|p1a: Garchomp|atk|2\n|\n|upkeep\n|turn|6\n|\n|t:|1699740719\n|move|p1a: Garchomp|Earthquake|p2a: Great Tusk\n|-damage|p2a: Great Tusk|24\/100\n|move|p2a: Great Tusk|Close Combat|p1a: Garchomp\n|-damage|p1a: Garchomp|28\/100\n|-unboost|p2a: Great Tusk|def|1\n|-unboost|p2a: Great Tusk|spd|1\n|-damage|p2a: Great Tusk|12\/100|[from] ability: Rough Skin|[of] p1a: Garchomp\n|-damage|p2a: Great Tusk|0 fnt|[from] item: Rocky Helmet|[of] p1a: Garchomp\n|faint|p2a: Great Tusk\n|-end|p2a: Great Tusk|Protosynthesis|[silent]\n|\n|upkeep\n|\n|t:|1699740728\n|switch|p2a: Glandur|Toucannon, F|24\/100 tox\n|turn|7\n|\n|t:|1699740731\n|move|p2a: Glandur|Bullet Seed|p1a: Garchomp\n|-damage|p1a: Garchomp|20\/100\n|-damage|p1a: Garchomp|11\/100\n|-damage|p1a: Garchomp|4\/100\n|-damage|p1a: Garchomp|0 fnt\n|faint|p1a: Garchomp\n|-hitcount|p1: Garchomp|4\n|\n|-damage|p2a: Glandur|18\/100 tox|[from] psn\n|upkeep\n|\n|t:|1699740736\n|switch|p1a: Sneasler|Sneasler, F|100\/100\n|-damage|p1a: Sneasler|95\/100|[from] Stealth Rock\n|turn|8\n|\n|t:|1699740746\n|switch|p2a: Mawile|Mawile, M|100\/100\n|-ability|p2a: Mawile|Intimidate|boost\n|-unboost|p1a: Sneasler|atk|1\n|-enditem|p1a: Sneasler|White Herb\n|-clearnegativeboost|p1a: Sneasler|[silent]\n|move|p1a: Sneasler|Close Combat|p2a: Mawile\n|-damage|p2a: Mawile|0 fnt\n|-unboost|p1a: Sneasler|def|1\n|-unboost|p1a: Sneasler|spd|1\n|faint|p2a: Mawile\n|\n|upkeep\n|\n|t:|1699740755\n|switch|p2a: Greninja|Greninja, M|100\/100\n|turn|9\n|\n|t:|1699740770\n|move|p1a: Sneasler|Close Combat|p2a: Greninja\n|-supereffective|p2a: Greninja\n|-damage|p2a: Greninja|0 fnt\n|-unboost|p1a: Sneasler|def|1\n|-unboost|p1a: Sneasler|spd|1\n|faint|p2a: Greninja\n|\n|upkeep\n|\n|t:|1699740775\n|switch|p2a: Dragonite|Dragonite, F|100\/100\n|turn|10\n|\n|t:|1699740779\n|move|p2a: Dragonite|Extreme Speed|p1a: Sneasler\n|-damage|p1a: Sneasler|0 fnt\n|faint|p1a: Sneasler\n|\n|upkeep\n|\n|t:|1699740784\n|switch|p1a: Murkrow|Murkrow, F|100\/100\n|-damage|p1a: Murkrow|75\/100|[from] Stealth Rock\n|turn|11\n|\n|t:|1699740789\n|switch|p2a: Toxapex|Toxapex, F|100\/100\n|move|p1a: Murkrow|Thunder Wave|p2a: Toxapex\n|-status|p2a: Toxapex|par\n|\n|upkeep\n|turn|12\n|\n|t:|1699740795\n|switch|p1a: Armarouge|Armarouge, M|100\/100\n|-damage|p1a: Armarouge|76\/100|[from] Stealth Rock\n|move|p2a: Toxapex|Toxic|p1a: Armarouge\n|-status|p1a: Armarouge|tox\n|\n|-damage|p1a: Armarouge|70\/100 tox|[from] psn\n|upkeep\n|turn|13\n|\n|t:|1699740803\n|switch|p2a: Glandur|Toucannon, F|18\/100 tox\n|move|p1a: Armarouge|Shadow Ball|p2a: Glandur\n|-immune|p2a: Glandur\n|\n|-damage|p2a: Glandur|12\/100 tox|[from] psn\n|-damage|p1a: Armarouge|57\/100 tox|[from] psn\n|upkeep\n|turn|14\n|\n|t:|1699740813\n|move|p2a: Glandur|Brave Bird|p1a: Armarouge\n|-damage|p1a: Armarouge|0 fnt\n|faint|p1a: Armarouge\n|-damage|p2a: Glandur|0 fnt|[from] Recoil\n|faint|p2a: Glandur\n|\n|upkeep\n|\n|t:|1699740821\n|switch|p1a: Lucario|Lucario, M|100\/100\n|switch|p2a: Toxapex|Toxapex, F|100\/100 par\n|-damage|p1a: Lucario|98\/100|[from] Stealth Rock\n|turn|15\n|\n|t:|1699740826\n|move|p1a: Lucario|Swords Dance|p1a: Lucario\n|-boost|p1a: Lucario|atk|2\n|move|p2a: Toxapex|Scald|p1a: Lucario\n|-damage|p1a: Lucario|72\/100\n|\n|upkeep\n|turn|16\n|\n|t:|1699740832\n|move|p1a: Lucario|High Jump Kick|p2a: Toxapex\n|-resisted|p2a: Toxapex\n|-damage|p2a: Toxapex|45\/100 par\n|-damage|p1a: Lucario|62\/100|[from] item: Life Orb\n|move|p2a: Toxapex|Haze|p2a: Toxapex\n|-clearallboost\n|\n|upkeep\n|turn|17\n|\n|t:|1699740839\n|move|p1a: Lucario|Swords Dance|p1a: Lucario\n|-boost|p1a: Lucario|atk|2\n|move|p2a: Toxapex|Recover|p2a: Toxapex\n|-heal|p2a: Toxapex|95\/100 par\n|\n|upkeep\n|turn|18\n|\n|t:|1699740845\n|move|p1a: Lucario|Swords Dance|p1a: Lucario\n|-boost|p1a: Lucario|atk|2\n|move|p2a: Toxapex|Scald|p1a: Lucario\n|-damage|p1a: Lucario|33\/100\n|\n|upkeep\n|turn|19\n|\n|t:|1699740856\n|-terastallize|p1a: Lucario|Normal\n|move|p1a: Lucario|Extreme Speed|p2a: Toxapex\n|-damage|p2a: Toxapex|0 fnt\n|faint|p2a: Toxapex\n|-damage|p1a: Lucario|23\/100|[from] item: Life Orb\n|\n|upkeep\n|\n|t:|1699740861\n|switch|p2a: Dragonite|Dragonite, F|100\/100\n|turn|20\n|\n|t:|1699740864\n|move|p1a: Lucario|Extreme Speed|p2a: Dragonite\n|-damage|p2a: Dragonite|16\/100\n|-damage|p1a: Lucario|13\/100|[from] item: Life Orb\n|move|p2a: Dragonite|Extreme Speed|p1a: Lucario\n|-damage|p1a: Lucario|0 fnt\n|faint|p1a: Lucario\n|\n|upkeep\n|\n|t:|1699740867\n|switch|p1a: Murkrow|Murkrow, F|75\/100\n|-damage|p1a: Murkrow|50\/100|[from] Stealth Rock\n|turn|21\n|\n|t:|1699740874\n|-terastallize|p2a: Dragonite|Normal\n|move|p2a: Dragonite|Extreme Speed|p1a: Murkrow\n|-damage|p1a: Murkrow|0 fnt\n|faint|p1a: Murkrow\n|\n|win|mxtfrog\n|raw|cowboy magpie's rating: 1204 &rarr; <strong>1186<\/strong><br \/>(-18 for losing)\n|raw|mxtfrog's rating: 1304 &rarr; <strong>1318<\/strong><br \/>(+14 for winning)\n|l|\u2606cowboy magpie\n","uploadtime":1699740881,"views":4,"p1id":"cowboymagpie","p2id":"mxtfrog","formatid":"gen9nationaldex","rating":1186,"private":0,"password":""}