{"id":"gen9nationaldex-1991715109","p1":"v587","p2":"LVGLO","format":"[Gen 9] National Dex","log":"|j|\u2606v587\n|j|\u2606LVGLO\n|t:|1700106073\n|gametype|singles\n|player|p1|v587|dawn|1491\n|player|p2|LVGLO|266|1556\n|teamsize|p1|6\n|teamsize|p2|6\n|gen|9\n|tier|[Gen 9] National Dex\n|rated|\n|rule|HP Percentage Mod: HP is shown in percentages\n|rule|Endless Battle Clause: Forcing endless battles is banned\n|rule|OHKO Clause: OHKO moves are banned\n|rule|Evasion Clause: Evasion abilities, items, and moves are banned\n|rule|Evasion Abilities Clause: Evasion abilities are banned\n|rule|Evasion Items Clause: Evasion items are banned\n|rule|Evasion Moves Clause: Evasion moves are banned\n|rule|Species Clause: Limit one of each Pok\u00e9mon\n|rule|Sleep Clause Mod: Limit one foe put to sleep\n|clearpoke\n|poke|p1|Swellow, F|\n|poke|p1|Lopunny, M|\n|poke|p1|Zoroark-Hisui, F|\n|poke|p1|Komala, F|\n|poke|p1|Grafaiai, M|\n|poke|p1|Miltank, F|\n|poke|p2|Mew|\n|poke|p2|Victini|\n|poke|p2|Xatu, F|\n|poke|p2|Togekiss, F|\n|poke|p2|Tapu Fini|\n|poke|p2|Grimmsnarl, M|\n|teampreview\n|inactive|Battle timer is ON: inactive players will automatically lose when time's up. (requested by v587)\n|\n|t:|1700106097\n|start\n|switch|p1a: Lopunny|Lopunny, M|100\/100\n|switch|p2a: Victini|Victini|100\/100\n|turn|1\n|\n|t:|1700106100\n|detailschange|p1a: Lopunny|Lopunny-Mega, M\n|-mega|p1a: Lopunny|Lopunny|Lopunnite\n|move|p1a: Lopunny|Fake Out|p2a: Victini\n|-damage|p2a: Victini|83\/100\n|cant|p2a: Victini|flinch\n|\n|upkeep\n|turn|2\n|\n|t:|1700106113\n|move|p2a: Victini|Thunder Wave|p1a: Lopunny\n|-status|p1a: Lopunny|par\n|cant|p1a: Lopunny|par\n|\n|upkeep\n|turn|3\n|\n|t:|1700106121\n|switch|p2a: Grimmsnarl|Grimmsnarl, M|100\/100\n|move|p1a: Lopunny|Frustration|p2a: Grimmsnarl\n|-damage|p2a: Grimmsnarl|55\/100\n|\n|upkeep\n|turn|4\n|\n|t:|1700106132\n|switch|p1a: Grafaiai|Grafaiai, M|100\/100\n|move|p2a: Grimmsnarl|Reflect|p2a: Grimmsnarl\n|-sidestart|p2: LVGLO|Reflect\n|\n|upkeep\n|turn|5\n|\n|t:|1700106140\n|move|p2a: Grimmsnarl|Light Screen|p2a: Grimmsnarl\n|-sidestart|p2: LVGLO|move: Light Screen\n|move|p1a: Grafaiai|Super Fang|p2a: Grimmsnarl|[miss]\n|-miss|p1a: Grafaiai|p2a: Grimmsnarl\n|\n|upkeep\n|turn|6\n|\n|t:|1700106157\n|move|p2a: Grimmsnarl|Parting Shot|p1a: Grafaiai\n|-unboost|p1a: Grafaiai|atk|1\n|-unboost|p1a: Grafaiai|spa|1\n|\n|t:|1700106163\n|switch|p2a: Xatu|Xatu, F|100\/100|[from] Parting Shot\n|move|p1a: Grafaiai|Super Fang|p2a: Xatu\n|-damage|p2a: Xatu|50\/100\n|\n|upkeep\n|turn|7\n|\n|t:|1700106179\n|move|p1a: Grafaiai|Switcheroo|p2a: Xatu\n|-activate|p1a: Grafaiai|move: Trick|[of] p2a: Xatu\n|-item|p2a: Xatu|Black Sludge|[from] move: Switcheroo\n|-item|p1a: Grafaiai|Mirror Herb|[from] move: Switcheroo\n|move|p2a: Xatu|Cosmic Power|p2a: Xatu\n|-boost|p2a: Xatu|def|1\n|-boost|p2a: Xatu|spd|1\n|-enditem|p1a: Grafaiai|Mirror Herb\n|-boost|p1a: Grafaiai|def|1|[from] item: Mirror Herb\n|-boost|p1a: Grafaiai|spd|1|[from] item: Mirror Herb\n|\n|-damage|p2a: Xatu|38\/100|[from] item: Black Sludge\n|upkeep\n|turn|8\n|\n|t:|1700106190\n|move|p1a: Grafaiai|Parting Shot|p2a: Xatu\n|move|p2a: Xatu|Parting Shot|p1a: Grafaiai|[from]ability: Magic Bounce\n|-unboost|p1a: Grafaiai|atk|1\n|-unboost|p1a: Grafaiai|spa|1\n|l|\u2606LVGLO\n|inactive|LVGLO disconnected and has a minute to reconnect!\n|player|p2|\n|inactive|LVGLO has 30 seconds to reconnect!\n|j|\u2606LVGLO\n|inactive|LVGLO reconnected and has 95 seconds left.\n|player|p2|LVGLO|266\n|l|\u2606LVGLO\n|inactive|LVGLO disconnected and has a minute to reconnect!\n|player|p2|\n|j|\u2606LVGLO\n|inactive|LVGLO reconnected and has 95 seconds left.\n|player|p2|LVGLO|266\n|inactive|LVGLO has 90 seconds left.\n|\n|t:|1700106248\n|switch|p2a: Grimmsnarl|Grimmsnarl, M|55\/100|[from] Parting Shot\n|\n|upkeep\n|turn|9\n|\n|t:|1700106256\n|move|p2a: Grimmsnarl|Parting Shot|p1a: Grafaiai\n|-unboost|p1a: Grafaiai|atk|1\n|-unboost|p1a: Grafaiai|spa|1\n|\n|t:|1700106267\n|switch|p2a: Victini|Victini|83\/100|[from] Parting Shot\n|move|p1a: Grafaiai|Super Fang|p2a: Victini\n|-damage|p2a: Victini|42\/100\n|\n|upkeep\n|turn|10\n|\n|t:|1700106279\n|move|p1a: Grafaiai|Parting Shot|p2a: Victini\n|-unboost|p2a: Victini|atk|1\n|-unboost|p2a: Victini|spa|1\n|\n|t:|1700106282\n|switch|p1a: Miltank|Miltank, F|100\/100|[from] Parting Shot\n|move|p2a: Victini|Thunder Wave|p1a: Miltank\n|-status|p1a: Miltank|par\n|\n|upkeep\n|turn|11\n|\n|t:|1700106296\n|switch|p2a: Tapu Fini|Tapu Fini|100\/100\n|-fieldstart|move: Misty Terrain|[from] ability: Misty Surge|[of] p2a: Tapu Fini\n|switch|p1a: Grafaiai|Grafaiai, M|100\/100\n|\n|-sideend|p2: LVGLO|Reflect\n|upkeep\n|turn|12\n|\n|t:|1700106304\n|move|p1a: Grafaiai|Switcheroo|p2a: Tapu Fini\n|-activate|p1a: Grafaiai|move: Trick|[of] p2a: Tapu Fini\n|-enditem|p2a: Tapu Fini|Leftovers|[silent]|[from] move: Switcheroo\n|-item|p1a: Grafaiai|Leftovers|[from] move: Switcheroo\n|move|p2a: Tapu Fini|Iron Defense|p2a: Tapu Fini\n|-boost|p2a: Tapu Fini|def|2\n|\n|-sideend|p2: LVGLO|move: Light Screen\n|upkeep\n|turn|13\n|\n|t:|1700106312\n|move|p1a: Grafaiai|Encore|p2a: Tapu Fini\n|-start|p2a: Tapu Fini|Encore\n|move|p2a: Tapu Fini|Iron Defense|p2a: Tapu Fini\n|-boost|p2a: Tapu Fini|def|2\n|\n|upkeep\n|turn|14\n|\n|t:|1700106316\n|switch|p2a: Togekiss|Togekiss, F|100\/100\n|move|p1a: Grafaiai|Parting Shot|p2a: Togekiss\n|-unboost|p2a: Togekiss|atk|1\n|-unboost|p2a: Togekiss|spa|1\n|\n|t:|1700106323\n|switch|p1a: Komala|Komala, F|100\/100|[from] Parting Shot\n|-ability|p1a: Komala|Comatose\n|\n|upkeep\n|turn|15\n|\n|t:|1700106327\n|move|p2a: Togekiss|Air Slash|p1a: Komala\n|-damage|p1a: Komala|87\/100\n|move|p1a: Komala|Body Slam|p2a: Togekiss\n|-damage|p2a: Togekiss|59\/100\n|-status|p2a: Togekiss|par\n|\n|-fieldend|Misty Terrain\n|upkeep\n|turn|16\n|\n|t:|1700106337\n|cant|p2a: Togekiss|par\n|move|p1a: Komala|Knock Off|p2a: Togekiss\n|-resisted|p2a: Togekiss\n|-damage|p2a: Togekiss|44\/100 par\n|-enditem|p2a: Togekiss|Choice Scarf|[from] move: Knock Off|[of] p1a: Komala\n|\n|upkeep\n|turn|17\n|\n|t:|1700106344\n|move|p1a: Komala|Body Slam|p2a: Togekiss\n|-damage|p2a: Togekiss|0 fnt\n|faint|p2a: Togekiss\n|\n|upkeep\n|\n|t:|1700106349\n|switch|p2a: Victini|Victini|42\/100\n|turn|18\n|\n|t:|1700106354\n|switch|p1a: Miltank|Miltank, F|100\/100 par\n|move|p2a: Victini|V-create|p1a: Miltank\n|-damage|p1a: Miltank|62\/100 par\n|-unboost|p2a: Victini|spe|1\n|-unboost|p2a: Victini|def|1\n|-unboost|p2a: Victini|spd|1\n|\n|-heal|p1a: Miltank|68\/100 par|[from] item: Leftovers\n|upkeep\n|turn|19\n|\n|t:|1700106365\n|switch|p2a: Tapu Fini|Tapu Fini|100\/100\n|-fieldstart|move: Misty Terrain|[from] ability: Misty Surge|[of] p2a: Tapu Fini\n|move|p1a: Miltank|Milk Drink|p1a: Miltank\n|-heal|p1a: Miltank|100\/100 par\n|\n|upkeep\n|turn|20\n|\n|t:|1700106381\n|switch|p1a: Grafaiai|Grafaiai, M|100\/100\n|move|p2a: Tapu Fini|Stored Power|p1a: Grafaiai\n|-supereffective|p1a: Grafaiai\n|-damage|p1a: Grafaiai|90\/100\n|\n|-heal|p1a: Grafaiai|96\/100|[from] item: Leftovers\n|upkeep\n|turn|21\n|\n|t:|1700106389\n|switch|p2a: Mew|Mew|100\/100\n|move|p1a: Grafaiai|Super Fang|p2a: Mew\n|-damage|p2a: Mew|50\/100\n|\n|-heal|p1a: Grafaiai|100\/100|[from] item: Leftovers\n|-heal|p2a: Mew|57\/100|[from] item: Leftovers\n|upkeep\n|turn|22\n|\n|t:|1700106401\n|move|p1a: Grafaiai|Parting Shot|p2a: Mew\n|-unboost|p2a: Mew|atk|1\n|-unboost|p2a: Mew|spa|1\n|\n|t:|1700106408\n|switch|p1a: Miltank|Miltank, F|100\/100|[from] Parting Shot\n|move|p2a: Mew|Roost|p2a: Mew\n|-heal|p2a: Mew|100\/100\n|-singleturn|p2a: Mew|move: Roost\n|\n|upkeep\n|turn|23\n|\n|t:|1700106419\n|replace|p1a: Zoroark|Zoroark-Hisui, F\n|-end|p1a: Zoroark|Illusion\n|-zpower|p1a: Zoroark\n|move|p1a: Zoroark|Z-Happy Hour|p1a: Zoroark|[anim]Happy Hour\n|-boost|p1a: Zoroark|atk|1|[zeffect]\n|-boost|p1a: Zoroark|def|1|[zeffect]\n|-boost|p1a: Zoroark|spa|1|[zeffect]\n|-boost|p1a: Zoroark|spd|1|[zeffect]\n|-boost|p1a: Zoroark|spe|1|[zeffect]\n|move|p2a: Mew|Imprison|p2a: Mew\n|-start|p2a: Mew|move: Imprison\n|\n|-fieldend|Misty Terrain\n|upkeep\n|turn|24\n|\n|t:|1700106432\n|-terastallize|p2a: Mew|Normal\n|move|p1a: Zoroark|Shadow Ball|p2a: Mew\n|-immune|p2a: Mew\n|move|p2a: Mew|Transform|p1a: Zoroark\n|-transform|p2a: Mew|p1a: Zoroark\n|\n|upkeep\n|turn|25\n|\n|t:|1700106442\n|-activate|p1a: Zoroark|move: Struggle\n|move|p1a: Zoroark|Struggle|p2a: Mew\n|-damage|p2a: Mew|90\/100\n|-damage|p1a: Zoroark|75\/100|[from] recoil\n|move|p2a: Mew|Dark Pulse|p1a: Zoroark\n|-supereffective|p1a: Zoroark\n|-damage|p1a: Zoroark|0 fnt\n|faint|p1a: Zoroark\n|\n|-heal|p2a: Mew|96\/100|[from] item: Leftovers\n|upkeep\n|\n|t:|1700106455\n|switch|p1a: Grafaiai|Grafaiai, M|100\/100\n|turn|26\n|\n|t:|1700106470\n|-terastallize|p1a: Grafaiai|Dark\n|move|p1a: Grafaiai|Encore|p2a: Mew\n|-start|p2a: Mew|Encore\n|move|p2a: Mew|Dark Pulse|p1a: Grafaiai\n|-resisted|p1a: Grafaiai\n|-damage|p1a: Grafaiai|82\/100\n|\n|-heal|p2a: Mew|100\/100|[from] item: Leftovers\n|-heal|p1a: Grafaiai|88\/100|[from] item: Leftovers\n|upkeep\n|turn|27\n|\n|t:|1700106480\n|move|p2a: Mew|Dark Pulse|p1a: Grafaiai\n|-resisted|p1a: Grafaiai\n|-damage|p1a: Grafaiai|69\/100\n|move|p1a: Grafaiai|Super Fang|p2a: Mew\n|-damage|p2a: Mew|50\/100\n|\n|-heal|p2a: Mew|57\/100|[from] item: Leftovers\n|-heal|p1a: Grafaiai|75\/100|[from] item: Leftovers\n|upkeep\n|turn|28\n|\n|t:|1700106483\n|move|p1a: Grafaiai|Parting Shot|p2a: Mew\n|-unboost|p2a: Mew|atk|1\n|-unboost|p2a: Mew|spa|1\n|\n|t:|1700106488\n|switch|p1a: Komala|Komala, F|87\/100|[from] Parting Shot\n|-ability|p1a: Komala|Comatose\n|move|p2a: Mew|Dark Pulse|p1a: Komala\n|-damage|p1a: Komala|72\/100\n|\n|-heal|p2a: Mew|63\/100|[from] item: Leftovers\n|-end|p2a: Mew|Encore\n|upkeep\n|turn|29\n|\n|t:|1700106494\n|move|p2a: Mew|Hyper Voice|p1a: Komala\n|-damage|p1a: Komala|35\/100\n|move|p1a: Komala|Body Slam|p2a: Mew\n|-damage|p2a: Mew|34\/100\n|\n|-heal|p2a: Mew|40\/100|[from] item: Leftovers\n|upkeep\n|turn|30\n|\n|t:|1700106503\n|move|p2a: Mew|Hyper Voice|p1a: Komala\n|-damage|p1a: Komala|0 fnt\n|faint|p1a: Komala\n|\n|-heal|p2a: Mew|46\/100|[from] item: Leftovers\n|upkeep\n|\n|t:|1700106521\n|switch|p1a: Grafaiai|Grafaiai, M, tera:Dark|75\/100\n|turn|31\n|\n|t:|1700106527\n|move|p2a: Mew|Hyper Voice|p1a: Grafaiai\n|-damage|p1a: Grafaiai|22\/100\n|move|p1a: Grafaiai|Super Fang|p2a: Mew\n|-damage|p2a: Mew|23\/100\n|\n|-heal|p2a: Mew|29\/100|[from] item: Leftovers\n|-heal|p1a: Grafaiai|28\/100|[from] item: Leftovers\n|upkeep\n|turn|32\n|\n|t:|1700106537\n|move|p1a: Grafaiai|Parting Shot|p2a: Mew\n|-unboost|p2a: Mew|atk|1\n|-unboost|p2a: Mew|spa|1\n|\n|t:|1700106540\n|switch|p1a: Miltank|Miltank, F|100\/100 par|[from] Parting Shot\n|move|p2a: Mew|Hyper Voice|p1a: Miltank\n|-damage|p1a: Miltank|56\/100 par\n|\n|-heal|p2a: Mew|36\/100|[from] item: Leftovers\n|-heal|p1a: Miltank|62\/100 par|[from] item: Leftovers\n|upkeep\n|turn|33\n|\n|t:|1700106546\n|switch|p2a: Tapu Fini|Tapu Fini|100\/100\n|-fieldstart|move: Misty Terrain|[from] ability: Misty Surge|[of] p2a: Tapu Fini\n|cant|p1a: Miltank|par\n|\n|-heal|p1a: Miltank|68\/100 par|[from] item: Leftovers\n|upkeep\n|turn|34\n|\n|t:|1700106551\n|switch|p2a: Victini|Victini|42\/100\n|switch|p1a: Grafaiai|Grafaiai, M, tera:Dark|28\/100\n|\n|-heal|p1a: Grafaiai|34\/100|[from] item: Leftovers\n|upkeep\n|turn|35\n|\n|t:|1700106560\n|move|p1a: Grafaiai|Parting Shot|p2a: Victini\n|-unboost|p2a: Victini|atk|1\n|-unboost|p2a: Victini|spa|1\n|\n|t:|1700106562\n|switch|p1a: Miltank|Miltank, F|68\/100 par|[from] Parting Shot\n|move|p2a: Victini|V-create|p1a: Miltank\n|-damage|p1a: Miltank|43\/100 par\n|-unboost|p2a: Victini|spe|1\n|-unboost|p2a: Victini|def|1\n|-unboost|p2a: Victini|spd|1\n|\n|-heal|p1a: Miltank|49\/100 par|[from] item: Leftovers\n|upkeep\n|turn|36\n|\n|t:|1700106571\n|switch|p2a: Xatu|Xatu, F|38\/100\n|move|p1a: Miltank|Milk Drink|p1a: Miltank\n|-heal|p1a: Miltank|99\/100 par\n|\n|-damage|p2a: Xatu|26\/100|[from] item: Black Sludge\n|-heal|p1a: Miltank|100\/100 par|[from] item: Leftovers\n|upkeep\n|turn|37\n|\n|t:|1700106576\n|switch|p1a: Grafaiai|Grafaiai, M, tera:Dark|34\/100\n|move|p2a: Xatu|Roost|p2a: Xatu\n|-heal|p2a: Xatu|76\/100\n|-singleturn|p2a: Xatu|move: Roost\n|\n|-heal|p1a: Grafaiai|40\/100|[from] item: Leftovers\n|-damage|p2a: Xatu|64\/100|[from] item: Black Sludge\n|-fieldend|Misty Terrain\n|upkeep\n|turn|38\n|\n|t:|1700106586\n|move|p1a: Grafaiai|Super Fang|p2a: Xatu\n|-damage|p2a: Xatu|32\/100\n|move|p2a: Xatu|Night Shade|p1a: Grafaiai\n|-damage|p1a: Grafaiai|10\/100\n|\n|-heal|p1a: Grafaiai|16\/100|[from] item: Leftovers\n|-damage|p2a: Xatu|20\/100|[from] item: Black Sludge\n|upkeep\n|turn|39\n|\n|t:|1700106598\n|move|p1a: Grafaiai|Parting Shot|p2a: Xatu\n|move|p2a: Xatu|Parting Shot|p1a: Grafaiai|[from]ability: Magic Bounce\n|-unboost|p1a: Grafaiai|atk|1\n|-unboost|p1a: Grafaiai|spa|1\n|\n|t:|1700106604\n|switch|p2a: Victini|Victini|42\/100|[from] Parting Shot\n|\n|-heal|p1a: Grafaiai|22\/100|[from] item: Leftovers\n|upkeep\n|turn|40\n|\n|t:|1700106610\n|move|p1a: Grafaiai|Parting Shot|p2a: Victini\n|-unboost|p2a: Victini|atk|1\n|-unboost|p2a: Victini|spa|1\n|\n|t:|1700106613\n|switch|p1a: Miltank|Miltank, F|100\/100 par|[from] Parting Shot\n|move|p2a: Victini|V-create|p1a: Miltank\n|-damage|p1a: Miltank|74\/100 par\n|-unboost|p2a: Victini|spe|1\n|-unboost|p2a: Victini|def|1\n|-unboost|p2a: Victini|spd|1\n|\n|-heal|p1a: Miltank|80\/100 par|[from] item: Leftovers\n|upkeep\n|turn|41\n|\n|t:|1700106625\n|switch|p2a: Tapu Fini|Tapu Fini|100\/100\n|-fieldstart|move: Misty Terrain|[from] ability: Misty Surge|[of] p2a: Tapu Fini\n|switch|p1a: Swellow|Swellow, F|100\/100\n|\n|upkeep\n|turn|42\n|\n|t:|1700106631\n|move|p1a: Swellow|Boomburst|p2a: Tapu Fini\n|-damage|p2a: Tapu Fini|43\/100\n|move|p2a: Tapu Fini|Calm Mind|p2a: Tapu Fini\n|-boost|p2a: Tapu Fini|spa|1\n|-boost|p2a: Tapu Fini|spd|1\n|\n|upkeep\n|turn|43\n|\n|t:|1700106634\n|move|p1a: Swellow|Boomburst|p2a: Tapu Fini\n|-damage|p2a: Tapu Fini|5\/100\n|move|p2a: Tapu Fini|Draining Kiss|p1a: Swellow\n|-damage|p1a: Swellow|38\/100\n|-heal|p2a: Tapu Fini|40\/100|[from] drain|[of] p1a: Swellow\n|\n|upkeep\n|turn|44\n|\n|t:|1700106644\n|move|p1a: Swellow|Boomburst|p2a: Tapu Fini\n|-damage|p2a: Tapu Fini|0 fnt\n|faint|p2a: Tapu Fini\n|\n|upkeep\n|\n|t:|1700106648\n|switch|p2a: Victini|Victini|42\/100\n|turn|45\n|\n|t:|1700106653\n|switch|p1a: Miltank|Miltank, F|80\/100 par\n|move|p2a: Victini|V-create|p1a: Miltank\n|-damage|p1a: Miltank|46\/100 par\n|-unboost|p2a: Victini|spe|1\n|-unboost|p2a: Victini|def|1\n|-unboost|p2a: Victini|spd|1\n|\n|-heal|p1a: Miltank|52\/100 par|[from] item: Leftovers\n|-fieldend|Misty Terrain\n|upkeep\n|turn|46\n|\n|t:|1700106661\n|switch|p2a: Xatu|Xatu, F|20\/100\n|move|p1a: Miltank|Milk Drink|p1a: Miltank\n|-heal|p1a: Miltank|100\/100 par\n|\n|-damage|p2a: Xatu|8\/100|[from] item: Black Sludge\n|upkeep\n|turn|47\n|\n|t:|1700106669\n|switch|p1a: Swellow|Swellow, F|38\/100\n|move|p2a: Xatu|Roost|p2a: Xatu\n|-heal|p2a: Xatu|58\/100\n|-singleturn|p2a: Xatu|move: Roost\n|\n|-damage|p2a: Xatu|45\/100|[from] item: Black Sludge\n|upkeep\n|turn|48\n|\n|t:|1700106674\n|move|p1a: Swellow|Boomburst|p2a: Xatu\n|-damage|p2a: Xatu|0 fnt\n|faint|p2a: Xatu\n|\n|upkeep\n|\n|t:|1700106677\n|switch|p2a: Victini|Victini|42\/100\n|turn|49\n|\n|t:|1700106681\n|switch|p1a: Miltank|Miltank, F|100\/100 par\n|move|p2a: Victini|Final Gambit|p1a: Miltank\n|-damage|p1a: Miltank|58\/100 par\n|faint|p2a: Victini\n|\n|-heal|p1a: Miltank|64\/100 par|[from] item: Leftovers\n|upkeep\n|\n|t:|1700106684\n|switch|p2a: Mew|Mew, tera:Normal|36\/100\n|turn|50\n|\n|t:|1700106695\n|move|p2a: Mew|Roost|p2a: Mew\n|-heal|p2a: Mew|86\/100\n|cant|p1a: Miltank|par\n|\n|-heal|p2a: Mew|92\/100|[from] item: Leftovers\n|-heal|p1a: Miltank|71\/100 par|[from] item: Leftovers\n|upkeep\n|turn|51\n|\n|t:|1700106699\n|move|p2a: Mew|Transform|p1a: Miltank\n|-transform|p2a: Mew|p1a: Miltank\n|move|p1a: Miltank|Toxic|p2a: Mew\n|-status|p2a: Mew|tox\n|\n|-heal|p2a: Mew|98\/100 tox|[from] item: Leftovers\n|-heal|p1a: Miltank|77\/100 par|[from] item: Leftovers\n|-damage|p2a: Mew|92\/100 tox|[from] psn\n|upkeep\n|turn|52\n|\n|t:|1700106714\n|switch|p1a: Grafaiai|Grafaiai, M, tera:Dark|22\/100\n|move|p2a: Mew|Body Press|p1a: Grafaiai\n|-supereffective|p1a: Grafaiai\n|-damage|p1a: Grafaiai|0 fnt\n|faint|p1a: Grafaiai\n|\n|-heal|p2a: Mew|98\/100 tox|[from] item: Leftovers\n|-damage|p2a: Mew|86\/100 tox|[from] psn\n|upkeep\n|\n|t:|1700106726\n|switch|p1a: Lopunny|Lopunny-Mega, M|100\/100 par\n|turn|53\n|\n|t:|1700106735\n|switch|p2a: Grimmsnarl|Grimmsnarl, M|55\/100\n|cant|p1a: Lopunny|par\n|\n|upkeep\n|turn|54\n|\n|t:|1700106744\n|switch|p1a: Miltank|Miltank, F|77\/100 par\n|move|p2a: Grimmsnarl|Reflect|p2a: Grimmsnarl\n|-sidestart|p2: LVGLO|Reflect\n|\n|-heal|p1a: Miltank|83\/100 par|[from] item: Leftovers\n|upkeep\n|turn|55\n|\n|t:|1700106754\n|move|p2a: Grimmsnarl|Superpower|p1a: Miltank\n|-supereffective|p1a: Miltank\n|-damage|p1a: Miltank|40\/100 par\n|-unboost|p2a: Grimmsnarl|atk|1\n|-unboost|p2a: Grimmsnarl|def|1\n|cant|p1a: Miltank|par\n|\n|-heal|p1a: Miltank|46\/100 par|[from] item: Leftovers\n|upkeep\n|turn|56\n|\n|t:|1700106761\n|move|p2a: Grimmsnarl|Parting Shot|p1a: Miltank\n|-unboost|p1a: Miltank|atk|1\n|-unboost|p1a: Miltank|spa|1\n|\n|t:|1700106765\n|switch|p2a: Mew|Mew, tera:Normal|86\/100 tox|[from] Parting Shot\n|move|p1a: Miltank|Milk Drink|p1a: Miltank\n|-heal|p1a: Miltank|96\/100 par\n|\n|-heal|p2a: Mew|92\/100 tox|[from] item: Leftovers\n|-heal|p1a: Miltank|100\/100 par|[from] item: Leftovers\n|-damage|p2a: Mew|86\/100 tox|[from] psn\n|upkeep\n|turn|57\n|\n|t:|1700106772\n|move|p2a: Mew|Imprison|p2a: Mew\n|-start|p2a: Mew|move: Imprison\n|move|p1a: Miltank|Body Press|p2a: Mew\n|-supereffective|p2a: Mew\n|-damage|p2a: Mew|63\/100 tox\n|\n|-heal|p2a: Mew|69\/100 tox|[from] item: Leftovers\n|-damage|p2a: Mew|56\/100 tox|[from] psn\n|upkeep\n|turn|58\n|\n|t:|1700106783\n|move|p2a: Mew|Transform|p1a: Miltank\n|-transform|p2a: Mew|p1a: Miltank\n|cant|p1a: Miltank|move: Imprison|Body Press\n|\n|-heal|p2a: Mew|63\/100 tox|[from] item: Leftovers\n|-damage|p2a: Mew|44\/100 tox|[from] psn\n|upkeep\n|turn|59\n|\n|t:|1700106796\n|switch|p1a: Lopunny|Lopunny-Mega, M|100\/100 par\n|move|p2a: Mew|Body Press|p1a: Lopunny\n|-supereffective|p1a: Lopunny\n|-damage|p1a: Lopunny|36\/100 par\n|\n|-heal|p2a: Mew|50\/100 tox|[from] item: Leftovers\n|-damage|p2a: Mew|25\/100 tox|[from] psn\n|upkeep\n|turn|60\n|\n|t:|1700106805\n|move|p1a: Lopunny|Fake Out|p2a: Mew\n|-damage|p2a: Mew|19\/100 tox\n|cant|p2a: Mew|flinch\n|\n|-heal|p2a: Mew|25\/100 tox|[from] item: Leftovers\n|-damage|p2a: Mew|0 fnt|[from] psn\n|faint|p2a: Mew\n|upkeep\n|\n|t:|1700106808\n|switch|p2a: Grimmsnarl|Grimmsnarl, M|55\/100\n|turn|61\n|\n|t:|1700106813\n|move|p1a: Lopunny|Frustration|p2a: Grimmsnarl\n|-crit|p2a: Grimmsnarl\n|-damage|p2a: Grimmsnarl|0 fnt\n|faint|p2a: Grimmsnarl\n|\n|win|v587\n|raw|v587's rating: 1491 &rarr; <strong>1515<\/strong><br \/>(+24 for winning)\n|raw|LVGLO's rating: 1556 &rarr; <strong>1532<\/strong><br \/>(-24 for losing)\n|c|\u2606LVGLO|Gg\n|c|\u2606LVGLO|Wp\n","uploadtime":1700106830,"views":7,"p1id":"v587","p2id":"lvglo","formatid":"gen9nationaldex","rating":1515,"private":0,"password":""}