{"id":"gen9nationaldex-1995965363","p1":"taowang","p2":"Crocodileisgood","format":"[Gen 9] National Dex","log":"|html|<div class=\"broadcast-blue\"><strong>[Gen 9] National Dex is currently suspecting Sneasler! For information on how to participate check out the <a href=\"https:\/\/www.smogon.com\/forums\/threads\/sv-national-dex-suspect-8-just-dance.3731534\/\">suspect thread<\/a>.<\/strong><\/div>\n|j|\u2606taowang\n|j|\u2606Crocodileisgood\n|t:|1700622918\n|gametype|singles\n|player|p1|taowang|169|1472\n|player|p2|Crocodileisgood|102|1389\n|teamsize|p1|6\n|teamsize|p2|6\n|gen|9\n|tier|[Gen 9] National Dex\n|rated|\n|rule|HP Percentage Mod: HP is shown in percentages\n|rule|Endless Battle Clause: Forcing endless battles is banned\n|rule|OHKO Clause: OHKO moves are banned\n|rule|Evasion Clause: Evasion abilities, items, and moves are banned\n|rule|Evasion Abilities Clause: Evasion abilities are banned\n|rule|Evasion Items Clause: Evasion items are banned\n|rule|Evasion Moves Clause: Evasion moves are banned\n|rule|Species Clause: Limit one of each Pok\u00e9mon\n|rule|Sleep Clause Mod: Limit one foe put to sleep\n|clearpoke\n|poke|p1|Toxapex, M|\n|poke|p1|Dondozo, F|\n|poke|p1|Garganacl, M|\n|poke|p1|Sableye, F|\n|poke|p1|Clodsire, F|\n|poke|p1|Gliscor, F|\n|poke|p2|Darmanitan, M|\n|poke|p2|Ogerpon-Wellspring, F|\n|poke|p2|Scizor, F|\n|poke|p2|Alomomola, F|\n|poke|p2|Gastrodon, F|\n|poke|p2|Goodra-Hisui, F|\n|teampreview\n|inactive|Battle timer is ON: inactive players will automatically lose when time's up. (requested by Crocodileisgood)\n|\n|t:|1700622926\n|start\n|switch|p1a: Sableye|Sableye, F|100\/100\n|switch|p2a: Ogerpon|Ogerpon-Wellspring, F|100\/100\n|turn|1\n|\n|t:|1700622933\n|detailschange|p1a: Sableye|Sableye-Mega, F\n|-mega|p1a: Sableye|Sableye|Sablenite\n|move|p2a: Ogerpon|U-turn|p1a: Sableye\n|-crit|p1a: Sableye\n|-damage|p1a: Sableye|71\/100\n|\n|t:|1700622938\n|switch|p2a: Goodra|Goodra-Hisui, F|100\/100|[from] U-turn\n|move|p1a: Sableye|Will-O-Wisp|p2a: Goodra\n|-status|p2a: Goodra|brn\n|\n|-damage|p2a: Goodra|94\/100 brn|[from] brn\n|upkeep\n|turn|2\n|\n|t:|1700622946\n|move|p1a: Sableye|Protect|p1a: Sableye\n|-singleturn|p1a: Sableye|Protect\n|move|p2a: Goodra|Acid Spray|p1a: Sableye\n|-activate|p1a: Sableye|move: Protect\n|\n|-damage|p2a: Goodra|88\/100 brn|[from] brn\n|upkeep\n|turn|3\n|\n|t:|1700622970\n|switch|p1a: Toxapex|Toxapex, M|100\/100\n|move|p2a: Goodra|Acid Spray|p1a: Toxapex\n|-resisted|p1a: Toxapex\n|-damage|p1a: Toxapex|97\/100\n|-unboost|p1a: Toxapex|spd|2\n|\n|-damage|p2a: Goodra|82\/100 brn|[from] brn\n|upkeep\n|turn|4\n|\n|t:|1700622978\n|move|p2a: Goodra|Acid Spray|p1a: Toxapex\n|-resisted|p1a: Toxapex\n|-damage|p1a: Toxapex|91\/100\n|-unboost|p1a: Toxapex|spd|2\n|move|p1a: Toxapex|Haze|p1a: Toxapex\n|-clearallboost\n|\n|-damage|p2a: Goodra|76\/100 brn|[from] brn\n|upkeep\n|turn|5\n|\n|t:|1700622985\n|move|p2a: Goodra|Acid Spray|p1a: Toxapex\n|-resisted|p1a: Toxapex\n|-damage|p1a: Toxapex|88\/100\n|-unboost|p1a: Toxapex|spd|2\n|move|p1a: Toxapex|Scald|p2a: Goodra\n|-resisted|p2a: Goodra\n|-damage|p2a: Goodra|72\/100 brn\n|\n|-damage|p2a: Goodra|66\/100 brn|[from] brn\n|upkeep\n|turn|6\n|\n|t:|1700622995\n|move|p2a: Goodra|Flash Cannon|p1a: Toxapex\n|-resisted|p1a: Toxapex\n|-damage|p1a: Toxapex|70\/100\n|move|p1a: Toxapex|Haze|p1a: Toxapex\n|-clearallboost\n|\n|-damage|p2a: Goodra|60\/100 brn|[from] brn\n|upkeep\n|turn|7\n|\n|t:|1700623000\n|move|p2a: Goodra|Acid Spray|p1a: Toxapex\n|-resisted|p1a: Toxapex\n|-damage|p1a: Toxapex|67\/100\n|-unboost|p1a: Toxapex|spd|2\n|move|p1a: Toxapex|Scald|p2a: Goodra\n|-resisted|p2a: Goodra\n|-damage|p2a: Goodra|56\/100 brn\n|\n|-damage|p2a: Goodra|50\/100 brn|[from] brn\n|upkeep\n|turn|8\n|\n|t:|1700623005\n|switch|p2a: Alomomola|Alomomola, F|100\/100\n|move|p1a: Toxapex|Haze|p1a: Toxapex\n|-clearallboost\n|\n|upkeep\n|turn|9\n|\n|t:|1700623009\n|-terastallize|p2a: Alomomola|Steel\n|move|p2a: Alomomola|Wish|p2a: Alomomola\n|move|p1a: Toxapex|Toxic|p2a: Alomomola\n|-immune|p2a: Alomomola\n|\n|upkeep\n|turn|10\n|\n|t:|1700623016\n|move|p2a: Alomomola|Flip Turn|p1a: Toxapex\n|-resisted|p1a: Toxapex\n|-damage|p1a: Toxapex|61\/100\n|\n|t:|1700623019\n|switch|p2a: Goodra|Goodra-Hisui, F|50\/100 brn|[from] Flip Turn\n|move|p1a: Toxapex|Recover|p1a: Toxapex\n|-heal|p1a: Toxapex|100\/100\n|\n|-heal|p2a: Goodra|100\/100 brn|[from] move: Wish|[wisher] Alomomola\n|-damage|p2a: Goodra|94\/100 brn|[from] brn\n|upkeep\n|turn|11\n|\n|t:|1700623046\n|move|p2a: Goodra|Acid Spray|p1a: Toxapex\n|-resisted|p1a: Toxapex\n|-damage|p1a: Toxapex|97\/100\n|-unboost|p1a: Toxapex|spd|2\n|move|p1a: Toxapex|Scald|p2a: Goodra\n|-resisted|p2a: Goodra\n|-damage|p2a: Goodra|90\/100 brn\n|\n|-damage|p2a: Goodra|84\/100 brn|[from] brn\n|upkeep\n|turn|12\n|\n|t:|1700623060\n|switch|p1a: Gliscor|Gliscor, F|100\/100\n|move|p2a: Goodra|Flash Cannon|p1a: Gliscor\n|-damage|p1a: Gliscor|61\/100\n|\n|-damage|p2a: Goodra|78\/100 brn|[from] brn\n|-status|p1a: Gliscor|tox|[from] item: Toxic Orb\n|upkeep\n|turn|13\n|\n|t:|1700623066\n|switch|p2a: Scizor|Scizor, F|100\/100\n|move|p1a: Gliscor|Roost|p1a: Gliscor\n|-heal|p1a: Gliscor|100\/100 tox\n|-singleturn|p1a: Gliscor|move: Roost\n|\n|upkeep\n|turn|14\n|\n|t:|1700623071\n|switch|p1a: Dondozo|Dondozo, F|100\/100\n|detailschange|p2a: Scizor|Scizor-Mega, F\n|-mega|p2a: Scizor|Scizor|Scizorite\n|move|p2a: Scizor|Bullet Punch|p1a: Dondozo\n|-resisted|p1a: Dondozo\n|-damage|p1a: Dondozo|92\/100\n|\n|-heal|p1a: Dondozo|98\/100|[from] item: Leftovers\n|upkeep\n|turn|15\n|\n|t:|1700623077\n|move|p2a: Scizor|U-turn|p1a: Dondozo\n|-damage|p1a: Dondozo|79\/100\n|\n|t:|1700623080\n|switch|p2a: Gastrodon|Gastrodon, F|100\/100|[from] U-turn\n|move|p1a: Dondozo|Curse|p1a: Dondozo\n|-unboost|p1a: Dondozo|spe|1\n|-boost|p1a: Dondozo|atk|1\n|-boost|p1a: Dondozo|def|1\n|\n|-heal|p1a: Dondozo|85\/100|[from] item: Leftovers\n|upkeep\n|turn|16\n|\n|t:|1700623093\n|switch|p1a: Toxapex|Toxapex, M|100\/100\n|move|p2a: Gastrodon|Stealth Rock|p1a: Toxapex\n|-sidestart|p1: taowang|move: Stealth Rock\n|\n|upkeep\n|turn|17\n|\n|t:|1700623108\n|switch|p2a: Goodra|Goodra-Hisui, F|78\/100 brn\n|move|p1a: Toxapex|Toxic||[still]\n|-fail|p1a: Toxapex\n|\n|-damage|p2a: Goodra|72\/100 brn|[from] brn\n|upkeep\n|turn|18\n|\n|t:|1700623117\n|switch|p1a: Gliscor|Gliscor, F|100\/100 tox\n|-damage|p1a: Gliscor|88\/100 tox|[from] Stealth Rock\n|move|p2a: Goodra|Acid Spray|p1a: Gliscor\n|-resisted|p1a: Gliscor\n|-damage|p1a: Gliscor|82\/100 tox\n|-unboost|p1a: Gliscor|spd|2\n|\n|-heal|p1a: Gliscor|94\/100 tox|[from] ability: Poison Heal\n|-damage|p2a: Goodra|66\/100 brn|[from] brn\n|upkeep\n|turn|19\n|\n|t:|1700623121\n|move|p1a: Gliscor|Defog|p2a: Goodra\n|-unboost|p2a: Goodra|evasion|1\n|-sideend|p1: taowang|Stealth Rock|[from] move: Defog|[of] p1a: Gliscor\n|move|p2a: Goodra|Flash Cannon|p1a: Gliscor\n|-damage|p1a: Gliscor|13\/100 tox\n|\n|-heal|p1a: Gliscor|25\/100 tox|[from] ability: Poison Heal\n|-damage|p2a: Goodra|60\/100 brn|[from] brn\n|upkeep\n|turn|20\n|\n|t:|1700623134\n|switch|p1a: Toxapex|Toxapex, M|100\/100\n|switch|p2a: Scizor|Scizor-Mega, F|100\/100\n|\n|upkeep\n|turn|21\n|\n|t:|1700623142\n|move|p2a: Scizor|U-turn|p1a: Toxapex\n|-resisted|p1a: Toxapex\n|-crit|p1a: Toxapex\n|-damage|p1a: Toxapex|78\/100\n|\n|t:|1700623148\n|switch|p2a: Alomomola|Alomomola, F, tera:Steel|100\/100|[from] U-turn\n|move|p1a: Toxapex|Scald|p2a: Alomomola\n|-damage|p2a: Alomomola|79\/100\n|\n|upkeep\n|turn|22\n|\n|t:|1700623157\n|switch|p1a: Gliscor|Gliscor, F|25\/100 tox\n|move|p2a: Alomomola|Wish|p2a: Alomomola\n|\n|-heal|p1a: Gliscor|38\/100 tox|[from] ability: Poison Heal\n|upkeep\n|turn|23\n|\n|t:|1700623165\n|move|p1a: Gliscor|Roost|p1a: Gliscor\n|-heal|p1a: Gliscor|88\/100 tox\n|-singleturn|p1a: Gliscor|move: Roost\n|move|p2a: Alomomola|Flip Turn|p1a: Gliscor\n|-supereffective|p1a: Gliscor\n|-damage|p1a: Gliscor|68\/100 tox\n|\n|t:|1700623167\n|switch|p2a: Goodra|Goodra-Hisui, F|60\/100 brn|[from] Flip Turn\n|\n|-heal|p2a: Goodra|100\/100 brn|[from] move: Wish|[wisher] Alomomola\n|-heal|p1a: Gliscor|80\/100 tox|[from] ability: Poison Heal\n|-damage|p2a: Goodra|94\/100 brn|[from] brn\n|upkeep\n|turn|24\n|\n|t:|1700623172\n|switch|p2a: Scizor|Scizor-Mega, F|100\/100\n|move|p1a: Gliscor|Earthquake|p2a: Scizor\n|-damage|p2a: Scizor|79\/100\n|\n|-heal|p1a: Gliscor|93\/100 tox|[from] ability: Poison Heal\n|upkeep\n|turn|25\n|\n|t:|1700623179\n|switch|p1a: Dondozo|Dondozo, F|85\/100\n|move|p2a: Scizor|U-turn|p1a: Dondozo\n|-damage|p1a: Dondozo|69\/100\n|\n|t:|1700623185\n|switch|p2a: Gastrodon|Gastrodon, F|100\/100|[from] U-turn\n|\n|-heal|p1a: Dondozo|75\/100|[from] item: Leftovers\n|upkeep\n|turn|26\n|\n|t:|1700623197\n|switch|p1a: Sableye|Sableye-Mega, F|71\/100\n|move|p2a: Gastrodon|Scald|p1a: Sableye\n|-damage|p1a: Sableye|45\/100\n|-status|p1a: Sableye|brn\n|\n|-damage|p1a: Sableye|39\/100 brn|[from] brn\n|upkeep\n|turn|27\n|\n|t:|1700623203\n|move|p2a: Gastrodon|Scald|p1a: Sableye\n|-damage|p1a: Sableye|13\/100 brn\n|move|p1a: Sableye|Recover|p1a: Sableye\n|-heal|p1a: Sableye|63\/100 brn\n|\n|-damage|p1a: Sableye|57\/100 brn|[from] brn\n|upkeep\n|turn|28\n|\n|t:|1700623207\n|switch|p2a: Ogerpon|Ogerpon-Wellspring, F|100\/100\n|move|p1a: Sableye|Recover|p1a: Sableye\n|-heal|p1a: Sableye|100\/100 brn\n|\n|-damage|p1a: Sableye|94\/100 brn|[from] brn\n|upkeep\n|turn|29\n|\n|t:|1700623212\n|switch|p1a: Toxapex|Toxapex, M|100\/100\n|move|p2a: Ogerpon|U-turn|p1a: Toxapex\n|-resisted|p1a: Toxapex\n|-damage|p1a: Toxapex|89\/100\n|\n|t:|1700623215\n|switch|p2a: NUKEEEEE|Darmanitan, M|100\/100|[from] U-turn\n|\n|upkeep\n|turn|30\n|\n|t:|1700623228\n|switch|p1a: Gliscor|Gliscor, F|93\/100 tox\n|move|p2a: NUKEEEEE|Earthquake|p1a: Gliscor\n|-immune|p1a: Gliscor\n|\n|-heal|p1a: Gliscor|100\/100 tox|[from] ability: Poison Heal\n|upkeep\n|turn|31\n|\n|t:|1700623239\n|switch|p2a: Scizor|Scizor-Mega, F|79\/100\n|switch|p1a: Garganacl|Garganacl, M|100\/100\n|\n|upkeep\n|turn|32\n|\n|t:|1700623250\n|move|p2a: Scizor|Bullet Punch|p1a: Garganacl\n|-supereffective|p1a: Garganacl\n|-damage|p1a: Garganacl|57\/100\n|move|p1a: Garganacl|Stealth Rock|p2a: Scizor\n|-sidestart|p2: Crocodileisgood|move: Stealth Rock\n|\n|-heal|p1a: Garganacl|63\/100|[from] item: Leftovers\n|upkeep\n|turn|33\n|\n|t:|1700623254\n|switch|p1a: Dondozo|Dondozo, F|75\/100\n|move|p2a: Scizor|Bullet Punch|p1a: Dondozo\n|-resisted|p1a: Dondozo\n|-damage|p1a: Dondozo|66\/100\n|\n|-heal|p1a: Dondozo|73\/100|[from] item: Leftovers\n|upkeep\n|turn|34\n|\n|t:|1700623264\n|move|p2a: Scizor|U-turn|p1a: Dondozo\n|-damage|p1a: Dondozo|56\/100\n|\n|t:|1700623267\n|switch|p2a: Ogerpon|Ogerpon-Wellspring, F|100\/100|[from] U-turn\n|-damage|p2a: Ogerpon|88\/100|[from] Stealth Rock\n|move|p1a: Dondozo|Liquidation|p2a: Ogerpon\n|-heal|p2a: Ogerpon|100\/100|[from] ability: Water Absorb|[of] p1a: Dondozo\n|\n|-heal|p1a: Dondozo|62\/100|[from] item: Leftovers\n|upkeep\n|turn|35\n|c|\u2606Crocodileisgood|oh yea\n|\n|t:|1700623287\n|switch|p1a: Toxapex|Toxapex, M|100\/100\n|move|p2a: Ogerpon|Swords Dance|p2a: Ogerpon\n|-boost|p2a: Ogerpon|atk|2\n|\n|upkeep\n|turn|36\n|\n|t:|1700623295\n|move|p2a: Ogerpon|Horn Leech|p1a: Toxapex\n|-damage|p1a: Toxapex|33\/100\n|move|p1a: Toxapex|Toxic|p2a: Ogerpon\n|-status|p2a: Ogerpon|tox\n|\n|-damage|p2a: Ogerpon|95\/100 tox|[from] psn\n|upkeep\n|turn|37\n|\n|t:|1700623309\n|move|p2a: Ogerpon|Horn Leech|p1a: Toxapex\n|-damage|p1a: Toxapex|0 fnt\n|-heal|p2a: Ogerpon|100\/100 tox|[from] drain|[of] p1a: Toxapex\n|faint|p1a: Toxapex\n|\n|-damage|p2a: Ogerpon|89\/100 tox|[from] psn\n|upkeep\n|\n|t:|1700623321\n|switch|p1a: Dondozo|Dondozo, F|62\/100\n|turn|38\n|\n|t:|1700623325\n|-terastallize|p1a: Dondozo|Dragon\n|move|p2a: Ogerpon|Horn Leech|p1a: Dondozo\n|-resisted|p1a: Dondozo\n|-damage|p1a: Dondozo|52\/100\n|-heal|p2a: Ogerpon|97\/100 tox|[from] drain|[of] p1a: Dondozo\n|move|p1a: Dondozo|Curse|p1a: Dondozo\n|-unboost|p1a: Dondozo|spe|1\n|-boost|p1a: Dondozo|atk|1\n|-boost|p1a: Dondozo|def|1\n|\n|-heal|p1a: Dondozo|59\/100|[from] item: Leftovers\n|-damage|p2a: Ogerpon|79\/100 tox|[from] psn\n|upkeep\n|turn|39\n|\n|t:|1700623338\n|move|p2a: Ogerpon|U-turn|p1a: Dondozo\n|-crit|p1a: Dondozo\n|-damage|p1a: Dondozo|41\/100\n|\n|t:|1700623341\n|switch|p2a: Gastrodon|Gastrodon, F|100\/100|[from] U-turn\n|-damage|p2a: Gastrodon|94\/100|[from] Stealth Rock\n|move|p1a: Dondozo|Curse|p1a: Dondozo\n|-unboost|p1a: Dondozo|spe|1\n|-boost|p1a: Dondozo|atk|1\n|-boost|p1a: Dondozo|def|1\n|\n|-heal|p2a: Gastrodon|100\/100|[from] item: Leftovers\n|-heal|p1a: Dondozo|47\/100|[from] item: Leftovers\n|upkeep\n|turn|40\n|\n|t:|1700623354\n|switch|p1a: Sableye|Sableye-Mega, F|94\/100 brn\n|move|p2a: Gastrodon|Toxic|p1a: Sableye\n|move|p1a: Sableye|Toxic|p2a: Gastrodon|[from]ability: Magic Bounce|[miss]\n|-miss|p1a: Sableye|p2a: Gastrodon\n|\n|-damage|p1a: Sableye|88\/100 brn|[from] brn\n|upkeep\n|turn|41\n|\n|t:|1700623368\n|switch|p2a: Alomomola|Alomomola, F, tera:Steel|100\/100\n|move|p1a: Sableye|Knock Off|p2a: Alomomola\n|-damage|p2a: Alomomola|92\/100\n|-enditem|p2a: Alomomola|Heavy-Duty Boots|[from] move: Knock Off|[of] p1a: Sableye\n|\n|-damage|p1a: Sableye|82\/100 brn|[from] brn\n|upkeep\n|turn|42\n|\n|t:|1700623379\n|move|p2a: Alomomola|Flip Turn|p1a: Sableye\n|-damage|p1a: Sableye|71\/100 brn\n|\n|t:|1700623382\n|switch|p2a: Scizor|Scizor-Mega, F|79\/100|[from] Flip Turn\n|-damage|p2a: Scizor|67\/100|[from] Stealth Rock\n|move|p1a: Sableye|Knock Off|p2a: Scizor\n|-damage|p2a: Scizor|60\/100\n|\n|-damage|p1a: Sableye|64\/100 brn|[from] brn\n|upkeep\n|turn|43\n|\n|t:|1700623390\n|switch|p1a: Dondozo|Dondozo, F, tera:Dragon|47\/100\n|move|p2a: Scizor|U-turn|p1a: Dondozo\n|-damage|p1a: Dondozo|29\/100\n|\n|t:|1700623397\n|switch|p2a: Ogerpon|Ogerpon-Wellspring, F|79\/100 tox|[from] U-turn\n|-damage|p2a: Ogerpon|66\/100 tox|[from] Stealth Rock\n|\n|-heal|p1a: Dondozo|36\/100|[from] item: Leftovers\n|-damage|p2a: Ogerpon|60\/100 tox|[from] psn\n|upkeep\n|turn|44\n|\n|t:|1700623400\n|move|p2a: Ogerpon|U-turn|p1a: Dondozo\n|-damage|p1a: Dondozo|24\/100\n|\n|t:|1700623403\n|switch|p2a: Gastrodon|Gastrodon, F|100\/100|[from] U-turn\n|-damage|p2a: Gastrodon|94\/100|[from] Stealth Rock\n|move|p1a: Dondozo|Rest|p1a: Dondozo\n|-status|p1a: Dondozo|slp|[from] move: Rest\n|-heal|p1a: Dondozo|100\/100 slp|[silent]\n|\n|-heal|p2a: Gastrodon|100\/100|[from] item: Leftovers\n|upkeep\n|turn|45\n|\n|t:|1700623413\n|switch|p1a: Clodsire|Clodsire, F|100\/100\n|move|p2a: Gastrodon|Stealth Rock|p1a: Clodsire\n|-sidestart|p1: taowang|move: Stealth Rock\n|\n|upkeep\n|turn|46\n|\n|t:|1700623427\n|switch|p2a: Scizor|Scizor-Mega, F|60\/100\n|-damage|p2a: Scizor|48\/100|[from] Stealth Rock\n|move|p1a: Clodsire|Spikes|p2a: Scizor\n|-sidestart|p2: Crocodileisgood|Spikes\n|\n|upkeep\n|turn|47\n|\n|t:|1700623432\n|switch|p1a: Dondozo|Dondozo, F, tera:Dragon|100\/100 slp\n|-damage|p1a: Dondozo|88\/100 slp|[from] Stealth Rock\n|move|p2a: Scizor|Roost|p2a: Scizor\n|-heal|p2a: Scizor|98\/100\n|-singleturn|p2a: Scizor|move: Roost\n|\n|-heal|p1a: Dondozo|94\/100 slp|[from] item: Leftovers\n|upkeep\n|turn|48\n|\n|t:|1700623442\n|move|p2a: Scizor|U-turn|p1a: Dondozo\n|-crit|p1a: Dondozo\n|-damage|p1a: Dondozo|68\/100 slp\n|\n|t:|1700623449\n|switch|p2a: Goodra|Goodra-Hisui, F|94\/100 brn|[from] U-turn\n|cant|p1a: Dondozo|slp\n|move|p1a: Dondozo|Sleep Talk|p1a: Dondozo\n|move|p1a: Dondozo|Rest||[from]move: Sleep Talk|[still]\n|-fail|p1a: Dondozo\n|\n|-heal|p1a: Dondozo|74\/100 slp|[from] item: Leftovers\n|-damage|p2a: Goodra|88\/100 brn|[from] brn\n|upkeep\n|turn|49\n|\n|t:|1700623457\n|switch|p1a: Sableye|Sableye-Mega, F|64\/100 brn\n|-damage|p1a: Sableye|52\/100 brn|[from] Stealth Rock\n|move|p2a: Goodra|Acid Spray|p1a: Sableye\n|-resisted|p1a: Sableye\n|-damage|p1a: Sableye|46\/100 brn\n|-unboost|p1a: Sableye|spd|2\n|\n|-damage|p2a: Goodra|82\/100 brn|[from] brn\n|-damage|p1a: Sableye|40\/100 brn|[from] brn\n|upkeep\n|turn|50\n|\n|t:|1700623462\n|move|p2a: Goodra|Flash Cannon|p1a: Sableye\n|-damage|p1a: Sableye|0 fnt\n|faint|p1a: Sableye\n|\n|-damage|p2a: Goodra|76\/100 brn|[from] brn\n|upkeep\n|\n|t:|1700623467\n|switch|p1a: Gliscor|Gliscor, F|100\/100 tox\n|-damage|p1a: Gliscor|88\/100 tox|[from] Stealth Rock\n|turn|51\n|\n|t:|1700623474\n|switch|p2a: Scizor|Scizor-Mega, F|98\/100\n|-damage|p2a: Scizor|85\/100|[from] Stealth Rock\n|-damage|p2a: Scizor|73\/100|[from] Spikes\n|move|p1a: Gliscor|Earthquake|p2a: Scizor\n|-damage|p2a: Scizor|48\/100\n|\n|-heal|p1a: Gliscor|100\/100 tox|[from] ability: Poison Heal\n|upkeep\n|turn|52\n|\n|t:|1700623481\n|move|p1a: Gliscor|Earthquake|p2a: Scizor\n|-damage|p2a: Scizor|25\/100\n|move|p2a: Scizor|Roost|p2a: Scizor\n|-heal|p2a: Scizor|75\/100\n|-singleturn|p2a: Scizor|move: Roost\n|\n|upkeep\n|turn|53\n|\n|t:|1700623488\n|switch|p1a: Dondozo|Dondozo, F, tera:Dragon|74\/100 slp\n|-damage|p1a: Dondozo|61\/100 slp|[from] Stealth Rock\n|move|p2a: Scizor|Defog|p1a: Dondozo\n|-unboost|p1a: Dondozo|evasion|1\n|-sideend|p1: taowang|Stealth Rock|[from] move: Defog|[of] p2a: Scizor\n|-sideend|p2: Crocodileisgood|Spikes|[from] move: Defog|[of] p2a: Scizor\n|-sideend|p2: Crocodileisgood|Stealth Rock|[from] move: Defog|[of] p2a: Scizor\n|\n|-heal|p1a: Dondozo|68\/100 slp|[from] item: Leftovers\n|upkeep\n|turn|54\n|c|\u2606Crocodileisgood|lol\n|-message|taowang forfeited.\n|\n|win|Crocodileisgood\n|raw|taowang's rating: 1472 &rarr; <strong>1447<\/strong><br \/>(-25 for losing)\n|raw|Crocodileisgood's rating: 1389 &rarr; <strong>1414<\/strong><br \/>(+25 for winning)\n|l|\u2606taowang\n|c|\u2606Crocodileisgood|LOL\n","uploadtime":1700623509,"views":1,"p1id":"taowang","p2id":"crocodileisgood","formatid":"gen9nationaldex","rating":1414,"private":0,"password":""}