{"id":"gen9nationaldex-1991730239","p1":"terrysalt","p2":"Tyr Alexander","format":"[Gen 9] National Dex","log":"|j|\u2606terrysalt\n|j|\u2606Tyr Alexander\n|t:|1700108024\n|gametype|singles\n|player|p1|terrysalt|170|\n|player|p2|Tyr Alexander|101|\n|teamsize|p1|6\n|teamsize|p2|6\n|gen|9\n|tier|[Gen 9] National Dex\n|rule|HP Percentage Mod: HP is shown in percentages\n|rule|Endless Battle Clause: Forcing endless battles is banned\n|rule|OHKO Clause: OHKO moves are banned\n|rule|Evasion Clause: Evasion abilities, items, and moves are banned\n|rule|Evasion Abilities Clause: Evasion abilities are banned\n|rule|Evasion Items Clause: Evasion items are banned\n|rule|Evasion Moves Clause: Evasion moves are banned\n|rule|Species Clause: Limit one of each Pok\u00e9mon\n|rule|Sleep Clause Mod: Limit one foe put to sleep\n|clearpoke\n|poke|p1|Rhydon, M|\n|poke|p1|Sylveon, F|\n|poke|p1|Decidueye, F|\n|poke|p1|Toxicroak, M|\n|poke|p1|Togedemaru, M|\n|poke|p1|Dondozo, M|\n|poke|p2|Slowking-Galar, F|\n|poke|p2|Tapu Bulu|\n|poke|p2|Seismitoad, M|\n|poke|p2|Zapdos-Galar|\n|poke|p2|Aggron, M|\n|poke|p2|Volcarona, M|\n|teampreview\n|\n|t:|1700108076\n|start\n|switch|p1a: Togedemaru|Togedemaru, M|100\/100\n|switch|p2a: Aggron|Aggron, M|100\/100\n|turn|1\n|\n|t:|1700108090\n|move|p1a: Togedemaru|U-turn|p2a: Aggron\n|-resisted|p2a: Aggron\n|-damage|p2a: Aggron|95\/100\n|\n|t:|1700108093\n|switch|p1a: Dondozo|Dondozo, M|100\/100|[from] U-turn\n|move|p2a: Aggron|Heavy Slam|p1a: Dondozo\n|-resisted|p1a: Dondozo\n|-damage|p1a: Dondozo|97\/100\n|\n|-heal|p1a: Dondozo|100\/100|[from] item: Leftovers\n|upkeep\n|turn|2\n|\n|t:|1700108133\n|switch|p2a: Slowking|Slowking-Galar, F|100\/100\n|move|p1a: Dondozo|Liquidation|p2a: Slowking\n|-damage|p2a: Slowking|80\/100\n|-unboost|p2a: Slowking|def|1\n|\n|-heal|p2a: Slowking|86\/100|[from] item: Black Sludge\n|upkeep\n|turn|3\n|l|\u2606Tyr Alexander\n|player|p2|\n|j|\u2606Tyr Alexander\n|player|p2|Tyr Alexander|101\n|\n|t:|1700108149\n|move|p2a: Slowking|Trick|p1a: Dondozo\n|-activate|p2a: Slowking|move: Trick|[of] p1a: Dondozo\n|-item|p1a: Dondozo|Black Sludge|[from] move: Trick\n|-item|p2a: Slowking|Leftovers|[from] move: Trick\n|move|p1a: Dondozo|Liquidation|p2a: Slowking\n|-damage|p2a: Slowking|64\/100\n|\n|-heal|p2a: Slowking|70\/100|[from] item: Leftovers\n|-damage|p1a: Dondozo|88\/100|[from] item: Black Sludge\n|upkeep\n|turn|4\n|\n|t:|1700108172\n|move|p2a: Slowking|Nasty Plot|p2a: Slowking\n|-boost|p2a: Slowking|spa|2\n|move|p1a: Dondozo|Liquidation|p2a: Slowking\n|-damage|p2a: Slowking|48\/100\n|-unboost|p2a: Slowking|def|1\n|\n|-heal|p2a: Slowking|54\/100|[from] item: Leftovers\n|-damage|p1a: Dondozo|75\/100|[from] item: Black Sludge\n|upkeep\n|turn|5\n|\n|t:|1700108184\n|switch|p2a: Zapdos|Zapdos-Galar|100\/100\n|move|p1a: Dondozo|Liquidation|p2a: Zapdos\n|-damage|p2a: Zapdos|67\/100\n|-unboost|p2a: Zapdos|def|1\n|-ability|p2a: Zapdos|Defiant|boost\n|-boost|p2a: Zapdos|atk|2\n|\n|-damage|p1a: Dondozo|63\/100|[from] item: Black Sludge\n|upkeep\n|turn|6\n|\n|t:|1700108205\n|move|p2a: Zapdos|Brave Bird|p1a: Dondozo\n|-damage|p1a: Dondozo|37\/100\n|-damage|p2a: Zapdos|54\/100|[from] Recoil\n|move|p1a: Dondozo|Liquidation|p2a: Zapdos\n|-damage|p2a: Zapdos|21\/100\n|\n|-damage|p1a: Dondozo|24\/100|[from] item: Black Sludge\n|upkeep\n|turn|7\n|\n|t:|1700108252\n|switch|p1a: Rhydon|Rhydon, M|100\/100\n|move|p2a: Zapdos|Brave Bird|p1a: Rhydon\n|-resisted|p1a: Rhydon\n|-damage|p1a: Rhydon|65\/100\n|-damage|p2a: Zapdos|8\/100|[from] Recoil\n|\n|upkeep\n|turn|8\n|\n|t:|1700108263\n|switch|p2a: Slowking|Slowking-Galar, F|88\/100\n|move|p1a: Rhydon|Stealth Rock|p2a: Slowking\n|-sidestart|p2: Tyr Alexander|move: Stealth Rock\n|\n|-heal|p2a: Slowking|94\/100|[from] item: Leftovers\n|upkeep\n|turn|9\n|\n|t:|1700108276\n|move|p1a: Rhydon|Earthquake|p2a: Slowking\n|-supereffective|p2a: Slowking\n|-damage|p2a: Slowking|5\/100\n|move|p2a: Slowking|Scald|p1a: Rhydon\n|-supereffective|p1a: Rhydon\n|-damage|p1a: Rhydon|0 fnt\n|faint|p1a: Rhydon\n|\n|-heal|p2a: Slowking|11\/100|[from] item: Leftovers\n|upkeep\n|\n|t:|1700108287\n|switch|p1a: Dondozo|Dondozo, M|24\/100\n|turn|10\n|\n|t:|1700108308\n|switch|p2a: Seismitoad|Seismitoad, M|100\/100\n|-damage|p2a: Seismitoad|94\/100|[from] Stealth Rock\n|move|p1a: Dondozo|Rest|p1a: Dondozo\n|-status|p1a: Dondozo|slp|[from] move: Rest\n|-heal|p1a: Dondozo|100\/100 slp|[silent]\n|\n|-heal|p2a: Seismitoad|100\/100|[from] item: Leftovers\n|-damage|p1a: Dondozo|88\/100 slp|[from] item: Black Sludge\n|upkeep\n|turn|11\n|\n|t:|1700108320\n|move|p2a: Seismitoad|Toxic||[still]\n|-fail|p2a: Seismitoad\n|cant|p1a: Dondozo|slp\n|move|p1a: Dondozo|Sleep Talk|p1a: Dondozo\n|move|p1a: Dondozo|Rest||[from]move: Sleep Talk|[still]\n|-fail|p1a: Dondozo\n|\n|-damage|p1a: Dondozo|75\/100 slp|[from] item: Black Sludge\n|upkeep\n|turn|12\n|\n|t:|1700108337\n|move|p2a: Seismitoad|Earth Power|p1a: Dondozo\n|-damage|p1a: Dondozo|50\/100 slp\n|cant|p1a: Dondozo|slp\n|move|p1a: Dondozo|Sleep Talk|p1a: Dondozo\n|move|p1a: Dondozo|Curse|p1a: Dondozo|[from]move: Sleep Talk\n|-unboost|p1a: Dondozo|spe|1\n|-boost|p1a: Dondozo|atk|1\n|-boost|p1a: Dondozo|def|1\n|\n|-damage|p1a: Dondozo|38\/100 slp|[from] item: Black Sludge\n|upkeep\n|turn|13\n|\n|t:|1700108348\n|move|p2a: Seismitoad|Earth Power|p1a: Dondozo\n|-damage|p1a: Dondozo|10\/100 slp\n|-curestatus|p1a: Dondozo|slp|[msg]\n|move|p1a: Dondozo|Rest|p1a: Dondozo\n|-status|p1a: Dondozo|slp|[from] move: Rest\n|-heal|p1a: Dondozo|100\/100 slp|[silent]\n|\n|-damage|p1a: Dondozo|88\/100 slp|[from] item: Black Sludge\n|upkeep\n|turn|14\n|c|\u2606Tyr Alexander|motherfucking sleeptalk\n|\n|t:|1700108370\n|move|p2a: Seismitoad|Earth Power|p1a: Dondozo\n|-damage|p1a: Dondozo|62\/100 slp\n|cant|p1a: Dondozo|slp\n|move|p1a: Dondozo|Sleep Talk|p1a: Dondozo\n|move|p1a: Dondozo|Rest||[from]move: Sleep Talk|[still]\n|-fail|p1a: Dondozo\n|\n|-damage|p1a: Dondozo|49\/100 slp|[from] item: Black Sludge\n|upkeep\n|turn|15\n|\n|t:|1700108382\n|move|p2a: Seismitoad|Earth Power|p1a: Dondozo\n|-damage|p1a: Dondozo|22\/100 slp\n|-unboost|p1a: Dondozo|spd|1\n|cant|p1a: Dondozo|slp\n|move|p1a: Dondozo|Sleep Talk|p1a: Dondozo\n|move|p1a: Dondozo|Liquidation|p2a: Seismitoad|[from]move: Sleep Talk\n|-immune|p2a: Seismitoad|[from] ability: Water Absorb\n|\n|-damage|p1a: Dondozo|10\/100 slp|[from] item: Black Sludge\n|upkeep\n|turn|16\n|c|\u2606terrysalt|Doesn't seem to be helping me much. :P\n|\n|t:|1700108394\n|move|p2a: Seismitoad|Earth Power|p1a: Dondozo\n|-damage|p1a: Dondozo|0 fnt\n|faint|p1a: Dondozo\n|\n|upkeep\n|\n|t:|1700108400\n|switch|p1a: Decidueye|Decidueye, F|100\/100\n|turn|17\n|\n|t:|1700108405\n|move|p1a: Decidueye|Leaf Blade|p2a: Seismitoad\n|-supereffective|p2a: Seismitoad\n|-damage|p2a: Seismitoad|0 fnt\n|faint|p2a: Seismitoad\n|\n|upkeep\n|\n|t:|1700108412\n|switch|p2a: Volcarona|Volcarona, M|100\/100\n|turn|18\n|\n|t:|1700108425\n|switch|p1a: Sylveon|Sylveon, F|100\/100\n|move|p2a: Volcarona|Mystical Fire|p1a: Sylveon\n|-damage|p1a: Sylveon|83\/100\n|-unboost|p1a: Sylveon|spa|1\n|\n|-heal|p1a: Sylveon|90\/100|[from] item: Leftovers\n|upkeep\n|turn|19\n|\n|t:|1700108439\n|move|p2a: Volcarona|Defog|p1a: Sylveon\n|-unboost|p1a: Sylveon|evasion|1\n|-sideend|p2: Tyr Alexander|Stealth Rock|[from] move: Defog|[of] p2a: Volcarona\n|move|p1a: Sylveon|Hyper Voice|p2a: Volcarona\n|-resisted|p2a: Volcarona\n|-damage|p2a: Volcarona|88\/100\n|\n|-heal|p1a: Sylveon|96\/100|[from] item: Leftovers\n|upkeep\n|turn|20\n|\n|t:|1700108452\n|move|p2a: Volcarona|U-turn|p1a: Sylveon\n|-resisted|p1a: Sylveon\n|-damage|p1a: Sylveon|87\/100\n|\n|t:|1700108457\n|switch|p2a: Aggron|Aggron, M|95\/100|[from] U-turn\n|move|p1a: Sylveon|Calm Mind|p1a: Sylveon\n|-boost|p1a: Sylveon|spa|1\n|-boost|p1a: Sylveon|spd|1\n|\n|-heal|p1a: Sylveon|93\/100|[from] item: Leftovers\n|upkeep\n|turn|21\n|\n|t:|1700108478\n|switch|p1a: Toxicroak|Toxicroak, M|100\/100\n|detailschange|p2a: Aggron|Aggron-Mega, M\n|-mega|p2a: Aggron|Aggron|Aggronite\n|move|p2a: Aggron|Heavy Slam|p1a: Toxicroak\n|-damage|p1a: Toxicroak|9\/100\n|\n|-heal|p1a: Toxicroak|15\/100|[from] item: Leftovers\n|upkeep\n|turn|22\n|\n|t:|1700108488\n|move|p1a: Toxicroak|Close Combat|p2a: Aggron\n|-supereffective|p2a: Aggron\n|-damage|p2a: Aggron|59\/100\n|-unboost|p1a: Toxicroak|def|1\n|-unboost|p1a: Toxicroak|spd|1\n|move|p2a: Aggron|Heavy Slam|p1a: Toxicroak\n|-damage|p1a: Toxicroak|0 fnt\n|faint|p1a: Toxicroak\n|\n|upkeep\n|c|\u2606terrysalt|I am playing terribly today.\n|\n|t:|1700108499\n|switch|p1a: Decidueye|Decidueye, F|100\/100\n|turn|23\n|\n|t:|1700108513\n|move|p1a: Decidueye|Leaf Blade|p2a: Aggron\n|-resisted|p2a: Aggron\n|-damage|p2a: Aggron|45\/100\n|move|p2a: Aggron|Heavy Slam|p1a: Decidueye\n|-damage|p1a: Decidueye|13\/100\n|\n|upkeep\n|turn|24\n|\n|t:|1700108522\n|move|p1a: Decidueye|Leaf Blade|p2a: Aggron\n|-resisted|p2a: Aggron\n|-damage|p2a: Aggron|31\/100\n|move|p2a: Aggron|Iron Defense|p2a: Aggron\n|-boost|p2a: Aggron|def|2\n|\n|upkeep\n|turn|25\n|c|\u2606terrysalt|I'll have to fix this team.\n|\n|t:|1700108533\n|move|p1a: Decidueye|Leaf Blade|p2a: Aggron\n|-resisted|p2a: Aggron\n|-damage|p2a: Aggron|24\/100\n|move|p2a: Aggron|Heavy Slam|p1a: Decidueye\n|-damage|p1a: Decidueye|0 fnt\n|faint|p1a: Decidueye\n|\n|upkeep\n|\n|t:|1700108541\n|switch|p1a: Togedemaru|Togedemaru, M|100\/100\n|turn|26\n|\n|t:|1700108546\n|move|p1a: Togedemaru|Zing Zap|p2a: Aggron\n|-damage|p2a: Aggron|17\/100\n|move|p2a: Aggron|Heavy Slam|p1a: Togedemaru\n|-resisted|p1a: Togedemaru\n|-damage|p1a: Togedemaru|74\/100\n|\n|upkeep\n|turn|27\n|\n|t:|1700108555\n|move|p1a: Togedemaru|Zing Zap|p2a: Aggron\n|-damage|p2a: Aggron|9\/100\n|move|p2a: Aggron|Body Press|p1a: Togedemaru\n|-supereffective|p1a: Togedemaru\n|-damage|p1a: Togedemaru|0 fnt\n|faint|p1a: Togedemaru\n|\n|upkeep\n|\n|t:|1700108562\n|switch|p1a: Sylveon|Sylveon, F|93\/100\n|turn|28\n|\n|t:|1700108567\n|move|p2a: Aggron|Body Press|p1a: Sylveon\n|-resisted|p1a: Sylveon\n|-damage|p1a: Sylveon|38\/100\n|move|p1a: Sylveon|Hyper Voice|p2a: Aggron\n|-resisted|p2a: Aggron\n|-damage|p2a: Aggron|0 fnt\n|faint|p2a: Aggron\n|\n|-heal|p1a: Sylveon|44\/100|[from] item: Leftovers\n|upkeep\n|\n|t:|1700108576\n|switch|p2a: Slowking|Slowking-Galar, F|45\/100\n|turn|29\n|\n|t:|1700108586\n|move|p1a: Sylveon|Wish|p1a: Sylveon\n|move|p2a: Slowking|Slack Off|p2a: Slowking\n|-heal|p2a: Slowking|95\/100\n|\n|-heal|p1a: Sylveon|50\/100|[from] item: Leftovers\n|-heal|p2a: Slowking|100\/100|[from] item: Leftovers\n|upkeep\n|turn|30\n|\n|t:|1700108596\n|move|p1a: Sylveon|Hyper Voice|p2a: Slowking\n|-resisted|p2a: Slowking\n|-crit|p2a: Slowking\n|-damage|p2a: Slowking|77\/100\n|move|p2a: Slowking|Nasty Plot|p2a: Slowking\n|-boost|p2a: Slowking|spa|2\n|\n|-heal|p1a: Sylveon|100\/100|[from] move: Wish|[wisher] Sylveon\n|-heal|p2a: Slowking|83\/100|[from] item: Leftovers\n|upkeep\n|turn|31\n|c|\u2606terrysalt|Yeah, I'm playing like an idiot with a bit of a spaz today.\n|\n|t:|1700108609\n|move|p1a: Sylveon|Hyper Voice|p2a: Slowking\n|-resisted|p2a: Slowking\n|-damage|p2a: Slowking|67\/100\n|move|p2a: Slowking|Scald|p1a: Sylveon\n|-damage|p1a: Sylveon|80\/100\n|\n|-heal|p1a: Sylveon|86\/100|[from] item: Leftovers\n|-heal|p2a: Slowking|73\/100|[from] item: Leftovers\n|upkeep\n|turn|32\n|\n|t:|1700108620\n|switch|p2a: Tapu Bulu|Tapu Bulu, shiny|100\/100\n|-fieldstart|move: Grassy Terrain|[from] ability: Grassy Surge|[of] p2a: Tapu Bulu\n|move|p1a: Sylveon|Hyper Voice|p2a: Tapu Bulu\n|-damage|p2a: Tapu Bulu|50\/100\n|\n|-heal|p2a: Tapu Bulu|56\/100|[from] Grassy Terrain\n|-heal|p1a: Sylveon|92\/100|[from] Grassy Terrain\n|-heal|p1a: Sylveon|98\/100|[from] item: Leftovers\n|upkeep\n|turn|33\n|\n|t:|1700108637\n|-terastallize|p2a: Tapu Bulu|Grass\n|move|p2a: Tapu Bulu|Horn Leech|p1a: Sylveon\n|-damage|p1a: Sylveon|10\/100\n|-heal|p2a: Tapu Bulu|100\/100|[from] drain|[of] p1a: Sylveon\n|move|p1a: Sylveon|Hyper Voice|p2a: Tapu Bulu\n|-crit|p2a: Tapu Bulu\n|-damage|p2a: Tapu Bulu|19\/100\n|\n|-heal|p2a: Tapu Bulu|25\/100|[from] Grassy Terrain\n|-heal|p1a: Sylveon|16\/100|[from] Grassy Terrain\n|-heal|p1a: Sylveon|22\/100|[from] item: Leftovers\n|upkeep\n|turn|34\n|\n|t:|1700108651\n|move|p2a: Tapu Bulu|Horn Leech|p1a: Sylveon\n|-damage|p1a: Sylveon|0 fnt\n|-heal|p2a: Tapu Bulu|41\/100|[from] drain|[of] p1a: Sylveon\n|faint|p1a: Sylveon\n|\n|win|Tyr Alexander\n|c|\u2606Tyr Alexander|gg\n|c|\u2606terrysalt|gg\n|l|\u2606Tyr Alexander\n","uploadtime":1700108664,"views":6,"p1id":"terrysalt","p2id":"tyralexander","formatid":"gen9nationaldex","rating":0,"private":0,"password":""}