{"id":"gen9nationaldex-1993422063","p1":"zhangyou","p2":"chillimillio","format":"[Gen 9] National Dex","log":"|j|\u2606zhangyou\n|j|\u2606chillimillio\n|t:|1700315803\n|gametype|singles\n|player|p1|zhangyou|swimmerf|1405\n|player|p2|chillimillio|266|1322\n|teamsize|p1|6\n|teamsize|p2|6\n|gen|9\n|tier|[Gen 9] National Dex\n|rated|\n|rule|HP Percentage Mod: HP is shown in percentages\n|rule|Endless Battle Clause: Forcing endless battles is banned\n|rule|OHKO Clause: OHKO moves are banned\n|rule|Evasion Clause: Evasion abilities, items, and moves are banned\n|rule|Evasion Abilities Clause: Evasion abilities are banned\n|rule|Evasion Items Clause: Evasion items are banned\n|rule|Evasion Moves Clause: Evasion moves are banned\n|rule|Species Clause: Limit one of each Pok\u00e9mon\n|rule|Sleep Clause Mod: Limit one foe put to sleep\n|clearpoke\n|poke|p1|Tapu Koko|\n|poke|p1|Scizor, M|\n|poke|p1|Iron Moth|\n|poke|p1|Ursaluna, F|\n|poke|p1|Toxapex, M|\n|poke|p1|Hydreigon, M|\n|poke|p2|Raichu-Alola, F|\n|poke|p2|Tapu Koko|\n|poke|p2|Sneasler, M|\n|poke|p2|Clodsire, F|\n|poke|p2|Landorus-Therian, M|\n|poke|p2|Dragonite, F|\n|teampreview\n|\n|t:|1700315813\n|start\n|switch|p1a: Hydreigon|Hydreigon, M|100\/100\n|switch|p2a: Clodsire|Clodsire, F|100\/100\n|turn|1\n|inactive|Battle timer is ON: inactive players will automatically lose when time's up. (requested by zhangyou)\n|\n|t:|1700315825\n|move|p1a: Hydreigon|Taunt|p2a: Clodsire\n|-start|p2a: Clodsire|move: Taunt\n|cant|p2a: Clodsire|move: Taunt|Stealth Rock\n|\n|upkeep\n|turn|2\n|\n|t:|1700315842\n|switch|p2a: Tapu Koko|Tapu Koko|100\/100\n|-fieldstart|move: Electric Terrain|[from] ability: Electric Surge|[of] p2a: Tapu Koko\n|move|p1a: Hydreigon|Stealth Rock|p2a: Tapu Koko\n|-sidestart|p2: chillimillio|move: Stealth Rock\n|\n|upkeep\n|turn|3\n|\n|t:|1700315860\n|-terastallize|p1a: Hydreigon|Poison\n|move|p2a: Tapu Koko|Toxic|p1a: Hydreigon\n|-immune|p1a: Hydreigon\n|move|p1a: Hydreigon|Earth Power|p2a: Tapu Koko\n|-supereffective|p2a: Tapu Koko\n|-damage|p2a: Tapu Koko|15\/100\n|\n|upkeep\n|turn|4\n|\n|t:|1700315872\n|switch|p2a: Landorus|Landorus-Therian, M|100\/100\n|-damage|p2a: Landorus|88\/100|[from] Stealth Rock\n|-ability|p2a: Landorus|Intimidate|boost\n|-unboost|p1a: Hydreigon|atk|1\n|move|p1a: Hydreigon|Dark Pulse|p2a: Landorus\n|-damage|p2a: Landorus|42\/100\n|\n|upkeep\n|turn|5\n|\n|t:|1700315889\n|move|p2a: Landorus|Stone Edge|p1a: Hydreigon\n|-damage|p1a: Hydreigon|63\/100\n|move|p1a: Hydreigon|Dark Pulse|p2a: Landorus\n|-crit|p2a: Landorus\n|-damage|p2a: Landorus|0 fnt\n|faint|p2a: Landorus\n|\n|-heal|p1a: Hydreigon|69\/100|[from] item: Leftovers\n|upkeep\n|inactive|chillimillio has 120 seconds left.\n|\n|t:|1700315905\n|switch|p2a: Raichu|Raichu-Alola, F|100\/100\n|-damage|p2a: Raichu|88\/100|[from] Stealth Rock\n|turn|6\n|\n|t:|1700315922\n|switch|p1a: Scizor|Scizor, M|100\/100\n|move|p2a: Raichu|Rising Voltage|p1a: Scizor\n|-hint|Rising Voltage's BP doubled on grounded target.\n|-damage|p1a: Scizor|0 fnt\n|faint|p1a: Scizor\n|-damage|p2a: Raichu|78\/100|[from] item: Life Orb\n|\n|upkeep\n|\n|t:|1700315932\n|switch|p1a: Ursaluna|Ursaluna, F|100\/100\n|turn|7\n|\n|t:|1700315940\n|move|p2a: Raichu|Focus Blast|p1a: Ursaluna\n|-supereffective|p1a: Ursaluna\n|-damage|p1a: Ursaluna|0 fnt\n|faint|p1a: Ursaluna\n|-damage|p2a: Raichu|68\/100|[from] item: Life Orb\n|\n|upkeep\n|\n|t:|1700315959\n|switch|p1a: Tapu Koko|Tapu Koko|100\/100\n|turn|8\n|\n|t:|1700315978\n|-terastallize|p2a: Raichu|Psychic\n|move|p2a: Raichu|Psychic|p1a: Tapu Koko\n|-damage|p1a: Tapu Koko|0 fnt\n|faint|p1a: Tapu Koko\n|-damage|p2a: Raichu|59\/100|[from] item: Life Orb\n|\n|upkeep\n|inactive|zhangyou has 120 seconds left.\n|\n|t:|1700316002\n|switch|p1a: Hydreigon|Hydreigon, M, tera:Poison|69\/100\n|turn|9\n|inactive|zhangyou has 120 seconds left.\n|\n|t:|1700316008\n|move|p2a: Raichu|Psychic|p1a: Hydreigon\n|-supereffective|p1a: Hydreigon\n|-damage|p1a: Hydreigon|0 fnt\n|faint|p1a: Hydreigon\n|-damage|p2a: Raichu|49\/100|[from] item: Life Orb\n|\n|-fieldend|move: Electric Terrain\n|upkeep\n|inactive|zhangyou has 120 seconds left.\n|\n|t:|1700316014\n|switch|p1a: Iron Moth|Iron Moth|100\/100\n|turn|10\n|\n|t:|1700316023\n|switch|p2a: Clodsire|Clodsire, F|100\/100\n|-damage|p2a: Clodsire|94\/100|[from] Stealth Rock\n|move|p1a: Iron Moth|Fiery Dance|p2a: Clodsire\n|-damage|p2a: Clodsire|74\/100\n|\n|-heal|p2a: Clodsire|80\/100|[from] item: Black Sludge\n|upkeep\n|turn|11\n|\n|t:|1700316035\n|move|p1a: Iron Moth|Energy Ball|p2a: Clodsire\n|-damage|p2a: Clodsire|62\/100\n|move|p2a: Clodsire|Earthquake|p1a: Iron Moth\n|-supereffective|p1a: Iron Moth\n|-damage|p1a: Iron Moth|0 fnt\n|faint|p1a: Iron Moth\n|-end|p1a: Iron Moth|Quark Drive|[silent]\n|\n|-heal|p2a: Clodsire|69\/100|[from] item: Black Sludge\n|upkeep\n|\n|t:|1700316041\n|switch|p1a: Toxapex|Toxapex, M|100\/100\n|turn|12\n|l|\u2606zhangyou\n|inactive|zhangyou disconnected and has a minute to reconnect!\n|player|p1|\n|inactive|zhangyou has 30 seconds to reconnect!\n|inactive|zhangyou has 20 seconds to reconnect!\n|inactive|zhangyou has 15 seconds to reconnect!\n|inactive|zhangyou has 10 seconds to reconnect!\n|inactive|zhangyou has 5 seconds to reconnect!\n|-message|zhangyou lost due to inactivity.\n|\n|win|chillimillio\n|raw|zhangyou's rating: 1405 &rarr; <strong>1380<\/strong><br \/>(-25 for losing)\n|raw|chillimillio's rating: 1322 &rarr; <strong>1347<\/strong><br \/>(+25 for winning)\n","uploadtime":1700316134,"views":6,"p1id":"zhangyou","p2id":"chillimillio","formatid":"gen9nationaldex","rating":1347,"private":0,"password":""}