{"id":"gen9nationaldex-1994345800","p1":"Vintagenoob","p2":"Elibungo23","format":"[Gen 9] National Dex","log":"|j|\u2606Vintagenoob\n|j|\u2606Elibungo23\n|t:|1700433483\n|gametype|singles\n|player|p1|Vintagenoob|169|1068\n|player|p2|Elibungo23|camper|1049\n|teamsize|p1|6\n|teamsize|p2|6\n|gen|9\n|tier|[Gen 9] National Dex\n|rated|\n|rule|HP Percentage Mod: HP is shown in percentages\n|rule|Endless Battle Clause: Forcing endless battles is banned\n|rule|OHKO Clause: OHKO moves are banned\n|rule|Evasion Clause: Evasion abilities, items, and moves are banned\n|rule|Evasion Abilities Clause: Evasion abilities are banned\n|rule|Evasion Items Clause: Evasion items are banned\n|rule|Evasion Moves Clause: Evasion moves are banned\n|rule|Species Clause: Limit one of each Pok\u00e9mon\n|rule|Sleep Clause Mod: Limit one foe put to sleep\n|clearpoke\n|poke|p1|Jirachi|\n|poke|p1|Pelipper, M|\n|poke|p1|Kingdra, M|\n|poke|p1|Scizor, M|\n|poke|p1|Urshifu-*, F|\n|poke|p1|Omastar, F|\n|poke|p2|Samurott-Hisui, F|\n|poke|p2|Landorus-Therian, M|\n|poke|p2|Hoopa-Unbound|\n|poke|p2|Banette, F|\n|poke|p2|Rillaboom, M|\n|poke|p2|Greninja-*, M|\n|teampreview\n|inactive|Battle timer is ON: inactive players will automatically lose when time's up. (requested by Elibungo23)\n|\n|t:|1700433492\n|start\n|switch|p1a: Pelipper|Pelipper, M|100\/100\n|switch|p2a: Greninja|Greninja, M|100\/100\n|-weather|RainDance|[from] ability: Drizzle|[of] p1a: Pelipper\n|turn|1\n|\n|t:|1700433502\n|move|p2a: Greninja|Dark Pulse|p1a: Pelipper\n|-damage|p1a: Pelipper|3\/100\n|move|p1a: Pelipper|Hurricane|p2a: Greninja\n|-damage|p2a: Greninja|20\/100\n|\n|-weather|RainDance|[upkeep]\n|-heal|p1a: Pelipper|9\/100|[from] item: Leftovers\n|upkeep\n|turn|2\n|\n|t:|1700433515\n|move|p2a: Greninja|Dark Pulse|p1a: Pelipper\n|-damage|p1a: Pelipper|0 fnt\n|faint|p1a: Pelipper\n|-ability|p2a: Greninja|Battle Bond|boost\n|-boost|p2a: Greninja|atk|1\n|-boost|p2a: Greninja|spa|1\n|-boost|p2a: Greninja|spe|1\n|-activate|p2a: Greninja|ability: Battle Bond\n|\n|-weather|RainDance|[upkeep]\n|upkeep\n|\n|t:|1700433523\n|switch|p1a: Jirachi|Jirachi|100\/100\n|turn|3\n|\n|t:|1700433532\n|-terastallize|p1a: Jirachi|Steel\n|move|p2a: Greninja|Dark Pulse|p1a: Jirachi\n|-damage|p1a: Jirachi|30\/100\n|move|p1a: Jirachi|Thunder|p2a: Greninja\n|-supereffective|p2a: Greninja\n|-damage|p2a: Greninja|0 fnt\n|faint|p2a: Greninja\n|\n|-weather|RainDance|[upkeep]\n|-heal|p1a: Jirachi|37\/100|[from] item: Leftovers\n|upkeep\n|\n|t:|1700433543\n|switch|p2a: Landorus|Landorus-Therian, M|100\/100\n|-ability|p2a: Landorus|Intimidate|boost\n|-unboost|p1a: Jirachi|atk|1\n|turn|4\n|\n|t:|1700433560\n|move|p2a: Landorus|Earthquake|p1a: Jirachi\n|-supereffective|p1a: Jirachi\n|-damage|p1a: Jirachi|0 fnt\n|faint|p1a: Jirachi\n|\n|-weather|RainDance|[upkeep]\n|upkeep\n|\n|t:|1700433568\n|switch|p1a: Urshifu|Urshifu-Rapid-Strike, F|100\/100\n|turn|5\n|\n|t:|1700433583\n|move|p2a: Landorus|Psychic|p1a: Urshifu\n|-supereffective|p1a: Urshifu\n|-crit|p1a: Urshifu\n|-damage|p1a: Urshifu|5\/100\n|move|p1a: Urshifu|Surging Strikes|p2a: Landorus\n|-supereffective|p2a: Landorus\n|-crit|p2a: Landorus\n|-damage|p2a: Landorus|35\/100\n|-supereffective|p2a: Landorus\n|-crit|p2a: Landorus\n|-damage|p2a: Landorus|0 fnt\n|faint|p2a: Landorus\n|-hitcount|p2: Landorus|2\n|\n|-weather|none\n|upkeep\n|\n|t:|1700433593\n|switch|p2a: monke|Rillaboom, M, shiny|100\/100\n|-fieldstart|move: Grassy Terrain|[from] ability: Grassy Surge|[of] p2a: monke\n|turn|6\n|\n|t:|1700433603\n|move|p2a: monke|Grassy Glide|p1a: Urshifu\n|-supereffective|p1a: Urshifu\n|-damage|p1a: Urshifu|0 fnt\n|faint|p1a: Urshifu\n|-damage|p2a: monke|91\/100|[from] item: Life Orb\n|\n|-heal|p2a: monke|97\/100|[from] Grassy Terrain\n|upkeep\n|\n|t:|1700433617\n|switch|p1a: Scizor|Scizor, M|100\/100\n|turn|7\n|\n|t:|1700433624\n|switch|p2a: Banette|Banette, F|100\/100\n|detailschange|p1a: Scizor|Scizor-Mega, M\n|-mega|p1a: Scizor|Scizor|Scizorite\n|move|p1a: Scizor|Swords Dance|p1a: Scizor\n|-boost|p1a: Scizor|atk|2\n|\n|upkeep\n|turn|8\n|\n|t:|1700433634\n|detailschange|p2a: Banette|Banette-Mega, F\n|-mega|p2a: Banette|Banette|Banettite\n|move|p1a: Scizor|Bullet Punch|p2a: Banette\n|-damage|p2a: Banette|22\/100\n|move|p2a: Banette|Cotton Guard|p2a: Banette\n|-boost|p2a: Banette|def|3\n|\n|-heal|p2a: Banette|28\/100|[from] Grassy Terrain\n|upkeep\n|turn|9\n|\n|t:|1700433642\n|move|p1a: Scizor|Bullet Punch|p2a: Banette\n|-damage|p2a: Banette|0 fnt\n|faint|p2a: Banette\n|\n|upkeep\n|\n|t:|1700433647\n|switch|p2a: Samurott|Samurott-Hisui, F, shiny|100\/100\n|turn|10\n|\n|t:|1700433651\n|-terastallize|p2a: Samurott|Water\n|move|p1a: Scizor|Bullet Punch|p2a: Samurott\n|-resisted|p2a: Samurott\n|-damage|p2a: Samurott|65\/100\n|move|p2a: Samurott|Aqua Cutter|p1a: Scizor\n|-damage|p1a: Scizor|42\/100\n|\n|-heal|p2a: Samurott|72\/100|[from] Grassy Terrain\n|-heal|p1a: Scizor|48\/100|[from] Grassy Terrain\n|-fieldend|move: Grassy Terrain\n|upkeep\n|turn|11\n|\n|t:|1700433661\n|move|p2a: Samurott|Aqua Cutter|p1a: Scizor\n|-damage|p1a: Scizor|0 fnt\n|faint|p1a: Scizor\n|\n|upkeep\n|\n|t:|1700433670\n|switch|p1a: Kingdra|Kingdra, M|100\/100\n|turn|12\n|\n|t:|1700433674\n|switch|p2a: Hoopa|Hoopa-Unbound|100\/100\n|move|p1a: Kingdra|Hurricane|p2a: Hoopa\n|-damage|p2a: Hoopa|53\/100\n|\n|upkeep\n|turn|13\n|\n|t:|1700433681\n|move|p2a: Hoopa|Drain Punch|p1a: Kingdra\n|-damage|p1a: Kingdra|65\/100\n|-heal|p2a: Hoopa|70\/100|[from] drain|[of] p1a: Kingdra\n|-item|p2a: Hoopa|Choice Specs|[from] ability: Magician|[of] p1a: Kingdra\n|move|p1a: Kingdra|Hurricane|p2a: Hoopa\n|-damage|p2a: Hoopa|40\/100\n|\n|upkeep\n|turn|14\n|\n|t:|1700433699\n|move|p2a: Hoopa|Hyperspace Fury|p1a: Kingdra\n|-damage|p1a: Kingdra|0 fnt\n|-unboost|p2a: Hoopa|def|1\n|faint|p1a: Kingdra\n|\n|upkeep\n|\n|t:|1700433704\n|switch|p1a: Omastar|Omastar, F|100\/100\n|turn|15\n|\n|t:|1700433711\n|move|p2a: Hoopa|Hyperspace Fury|p1a: Omastar\n|-damage|p1a: Omastar|44\/100\n|-unboost|p2a: Hoopa|def|1\n|move|p1a: Omastar|Earth Power|p2a: Hoopa\n|-damage|p2a: Hoopa|14\/100\n|\n|-heal|p1a: Omastar|50\/100|[from] item: Leftovers\n|upkeep\n|turn|16\n|\n|t:|1700433719\n|move|p2a: Hoopa|Hyperspace Fury|p1a: Omastar\n|-damage|p1a: Omastar|0 fnt\n|-unboost|p2a: Hoopa|def|1\n|faint|p1a: Omastar\n|\n|win|Elibungo23\n|raw|Vintagenoob's rating: 1068 &rarr; <strong>1047<\/strong><br \/>(-21 for losing)\n|raw|Elibungo23's rating: 1049 &rarr; <strong>1083<\/strong><br \/>(+34 for winning)\n|l|\u2606Vintagenoob\n","uploadtime":1700433732,"views":6,"p1id":"vintagenoob","p2id":"elibungo23","formatid":"gen9nationaldex","rating":1047,"private":0,"password":""}