{"id":"gen9nationaldex-1997506683","p1":"surfing cramorant","p2":"knife12138","format":"[Gen 9] National Dex","log":"|html|<div class=\"broadcast-blue\"><strong>[Gen 9] National Dex is currently suspecting Sneasler! For information on how to participate check out the <a href=\"https:\/\/www.smogon.com\/forums\/threads\/sv-national-dex-suspect-8-just-dance.3731534\/\">suspect thread<\/a>.<\/strong><\/div>\n|j|\u2606surfing cramorant\n|j|\u2606knife12138\n|t:|1700817147\n|gametype|singles\n|player|p1|surfing cramorant|caitlin|1340\n|player|p2|knife12138|rocketgrunt|1316\n|teamsize|p1|6\n|teamsize|p2|6\n|gen|9\n|tier|[Gen 9] National Dex\n|rated|\n|rule|HP Percentage Mod: HP is shown in percentages\n|rule|Endless Battle Clause: Forcing endless battles is banned\n|rule|OHKO Clause: OHKO moves are banned\n|rule|Evasion Clause: Evasion abilities, items, and moves are banned\n|rule|Evasion Abilities Clause: Evasion abilities are banned\n|rule|Evasion Items Clause: Evasion items are banned\n|rule|Evasion Moves Clause: Evasion moves are banned\n|rule|Species Clause: Limit one of each Pok\u00e9mon\n|rule|Sleep Clause Mod: Limit one foe put to sleep\n|clearpoke\n|poke|p1|Victini|\n|poke|p1|Glimmora, M|\n|poke|p1|Slowking-Galar, M|\n|poke|p1|Gliscor, M|\n|poke|p1|Dondozo, M|\n|poke|p1|Sableye, F|\n|poke|p2|Lokix, M|\n|poke|p2|Lucario, M|\n|poke|p2|Decidueye-Hisui, M|\n|poke|p2|Hydreigon, F|\n|poke|p2|Aegislash, F|\n|poke|p2|Aggron, M|\n|teampreview\n|\n|t:|1700817184\n|start\n|switch|p1a: Gliscor|Gliscor, M|100\/100\n|switch|p2a: \u738b\u56fd\u306e\u9ed1\u5251|Aegislash, F, shiny|100\/100\n|turn|1\n|\n|t:|1700817189\n|move|p1a: Gliscor|Spikes|p2a: \u738b\u56fd\u306e\u9ed1\u5251\n|-sidestart|p2: knife12138|Spikes\n|-zpower|p2a: \u738b\u56fd\u306e\u9ed1\u5251\n|-formechange|p2a: \u738b\u56fd\u306e\u9ed1\u5251|Aegislash-Blade||[from] ability: Stance Change\n|move|p2a: \u738b\u56fd\u306e\u9ed1\u5251|Never-Ending Nightmare|p1a: Gliscor|[zeffect]\n|-damage|p1a: Gliscor|23\/100\n|\n|-status|p1a: Gliscor|tox|[from] item: Toxic Orb\n|upkeep\n|turn|2\n|inactive|Battle timer is ON: inactive players will automatically lose when time's up. (requested by knife12138)\n|\n|t:|1700817201\n|move|p1a: Gliscor|Protect|p1a: Gliscor\n|-singleturn|p1a: Gliscor|Protect\n|move|p2a: \u738b\u56fd\u306e\u9ed1\u5251|Shadow Ball|p1a: Gliscor\n|-activate|p1a: Gliscor|move: Protect\n|\n|-heal|p1a: Gliscor|35\/100 tox|[from] ability: Poison Heal\n|upkeep\n|turn|3\n|\n|t:|1700817215\n|switch|p1a: Sableye|Sableye, F|100\/100\n|switch|p2a: \u90aa\u6076\u5de8\u9f99|Hydreigon, F|100\/100\n|\n|upkeep\n|turn|4\n|\n|t:|1700817226\n|detailschange|p1a: Sableye|Sableye-Mega, F\n|-mega|p1a: Sableye|Sableye|Sablenite\n|move|p2a: \u90aa\u6076\u5de8\u9f99|Dark Pulse|p1a: Sableye\n|-damage|p1a: Sableye|57\/100\n|cant|p1a: Sableye|flinch\n|\n|upkeep\n|turn|5\n|\n|t:|1700817232\n|move|p2a: \u90aa\u6076\u5de8\u9f99|Dark Pulse|p1a: Sableye\n|-damage|p1a: Sableye|16\/100\n|cant|p1a: Sableye|flinch\n|\n|upkeep\n|turn|6\n|c|\u2606knife12138|b\n|\n|t:|1700817244\n|switch|p1a: Gliscor|Gliscor, M|35\/100 tox\n|move|p2a: \u90aa\u6076\u5de8\u9f99|Dark Pulse|p1a: Gliscor\n|-damage|p1a: Gliscor|0 fnt\n|faint|p1a: Gliscor\n|\n|upkeep\n|\n|t:|1700817249\n|switch|p1a: Victini|Victini|100\/100\n|turn|7\n|\n|t:|1700817257\n|move|p2a: \u90aa\u6076\u5de8\u9f99|Dark Pulse|p1a: Victini\n|-supereffective|p1a: Victini\n|-damage|p1a: Victini|4\/100\n|move|p1a: Victini|U-turn|p2a: \u90aa\u6076\u5de8\u9f99\n|-supereffective|p2a: \u90aa\u6076\u5de8\u9f99\n|-damage|p2a: \u90aa\u6076\u5de8\u9f99|64\/100\n|\n|t:|1700817279\n|switch|p1a: Glimmora|Glimmora, M|100\/100|[from] U-turn\n|\n|upkeep\n|turn|8\n|\n|t:|1700817282\n|move|p2a: \u90aa\u6076\u5de8\u9f99|Dark Pulse|p1a: Glimmora\n|-damage|p1a: Glimmora|38\/100\n|cant|p1a: Glimmora|flinch\n|\n|upkeep\n|turn|9\n|\n|t:|1700817304\n|move|p2a: \u90aa\u6076\u5de8\u9f99|Dark Pulse|p1a: Glimmora\n|-damage|p1a: Glimmora|0 fnt\n|faint|p1a: Glimmora\n|\n|upkeep\n|\n|t:|1700817306\n|switch|p1a: Slowking|Slowking-Galar, M|100\/100\n|turn|10\n|\n|t:|1700817308\n|move|p2a: \u90aa\u6076\u5de8\u9f99|Dark Pulse|p1a: Slowking\n|-supereffective|p1a: Slowking\n|-damage|p1a: Slowking|44\/100\n|move|p1a: Slowking|Chilly Reception|p1a: Slowking\n|-weather|Snow\n|\n|t:|1700817310\n|switch|p1a: Dondozo|Dondozo, M|100\/100|[from] Chilly Reception\n|\n|-weather|Snow|[upkeep]\n|upkeep\n|turn|11\n|\n|t:|1700817328\n|switch|p2a: \u738b\u56fd\u306e\u9ed1\u5251|Aegislash, F, shiny|100\/100\n|-damage|p2a: \u738b\u56fd\u306e\u9ed1\u5251|88\/100|[from] Spikes\n|move|p1a: Dondozo|Liquidation|p2a: \u738b\u56fd\u306e\u9ed1\u5251\n|-damage|p2a: \u738b\u56fd\u306e\u9ed1\u5251|64\/100\n|\n|-weather|Snow|[upkeep]\n|upkeep\n|turn|12\n|\n|t:|1700817339\n|switch|p1a: Sableye|Sableye-Mega, F|16\/100\n|-formechange|p2a: \u738b\u56fd\u306e\u9ed1\u5251|Aegislash-Blade||[from] ability: Stance Change\n|move|p2a: \u738b\u56fd\u306e\u9ed1\u5251|Shadow Ball|p1a: Sableye\n|-damage|p1a: Sableye|0 fnt\n|faint|p1a: Sableye\n|\n|-weather|Snow|[upkeep]\n|upkeep\n|\n|t:|1700817341\n|switch|p1a: Victini|Victini|4\/100\n|turn|13\n|\n|t:|1700817345\n|-formechange|p2a: \u738b\u56fd\u306e\u9ed1\u5251|Aegislash||[from] ability: Stance Change\n|move|p2a: \u738b\u56fd\u306e\u9ed1\u5251|King's Shield|p2a: \u738b\u56fd\u306e\u9ed1\u5251\n|-singleturn|p2a: \u738b\u56fd\u306e\u9ed1\u5251|Protect\n|move|p1a: Victini|Blue Flare|p2a: \u738b\u56fd\u306e\u9ed1\u5251\n|-activate|p2a: \u738b\u56fd\u306e\u9ed1\u5251|move: Protect\n|\n|-weather|Snow|[upkeep]\n|upkeep\n|turn|14\n|\n|t:|1700817359\n|move|p1a: Victini|Blue Flare|p2a: \u738b\u56fd\u306e\u9ed1\u5251\n|-supereffective|p2a: \u738b\u56fd\u306e\u9ed1\u5251\n|-damage|p2a: \u738b\u56fd\u306e\u9ed1\u5251|0 fnt\n|faint|p2a: \u738b\u56fd\u306e\u9ed1\u5251\n|\n|-weather|none\n|upkeep\n|\n|t:|1700817365\n|switch|p2a: \u90aa\u6076\u5de8\u9f99|Hydreigon, F|64\/100\n|turn|15\n|\n|t:|1700817367\n|move|p2a: \u90aa\u6076\u5de8\u9f99|Dark Pulse|p1a: Victini\n|-supereffective|p1a: Victini\n|-damage|p1a: Victini|0 fnt\n|faint|p1a: Victini\n|\n|upkeep\n|\n|t:|1700817368\n|switch|p1a: Dondozo|Dondozo, M|100\/100\n|turn|16\n|\n|t:|1700817371\n|move|p2a: \u90aa\u6076\u5de8\u9f99|Dark Pulse|p1a: Dondozo\n|-crit|p1a: Dondozo\n|-damage|p1a: Dondozo|56\/100\n|move|p1a: Dondozo|Liquidation|p2a: \u90aa\u6076\u5de8\u9f99\n|-resisted|p2a: \u90aa\u6076\u5de8\u9f99\n|-damage|p2a: \u90aa\u6076\u5de8\u9f99|46\/100\n|\n|-heal|p1a: Dondozo|63\/100|[from] item: Leftovers\n|upkeep\n|turn|17\n|\n|t:|1700817376\n|move|p2a: \u90aa\u6076\u5de8\u9f99|Dark Pulse|p1a: Dondozo\n|-damage|p1a: Dondozo|35\/100\n|move|p1a: Dondozo|Liquidation|p2a: \u90aa\u6076\u5de8\u9f99\n|-resisted|p2a: \u90aa\u6076\u5de8\u9f99\n|-damage|p2a: \u90aa\u6076\u5de8\u9f99|29\/100\n|-unboost|p2a: \u90aa\u6076\u5de8\u9f99|def|1\n|\n|-heal|p1a: Dondozo|41\/100|[from] item: Leftovers\n|upkeep\n|turn|18\n|\n|t:|1700817378\n|move|p2a: \u90aa\u6076\u5de8\u9f99|Dark Pulse|p1a: Dondozo\n|-damage|p1a: Dondozo|14\/100\n|move|p1a: Dondozo|Rest|p1a: Dondozo\n|-status|p1a: Dondozo|slp|[from] move: Rest\n|-heal|p1a: Dondozo|100\/100 slp|[silent]\n|\n|upkeep\n|turn|19\n|\n|t:|1700817382\n|move|p2a: \u90aa\u6076\u5de8\u9f99|Dark Pulse|p1a: Dondozo\n|-damage|p1a: Dondozo|73\/100 slp\n|cant|p1a: Dondozo|slp\n|move|p1a: Dondozo|Sleep Talk|p1a: Dondozo\n|move|p1a: Dondozo|Rest||[from]move: Sleep Talk|[still]\n|-fail|p1a: Dondozo\n|\n|-heal|p1a: Dondozo|79\/100 slp|[from] item: Leftovers\n|upkeep\n|turn|20\n|inactive|surfing cramorant has 120 seconds left.\n|\n|t:|1700817438\n|move|p2a: \u90aa\u6076\u5de8\u9f99|Dark Pulse|p1a: Dondozo\n|-damage|p1a: Dondozo|52\/100 slp\n|cant|p1a: Dondozo|slp\n|cant|p1a: Dondozo|flinch\n|\n|-heal|p1a: Dondozo|58\/100 slp|[from] item: Leftovers\n|upkeep\n|turn|21\n|\n|t:|1700817456\n|move|p2a: \u90aa\u6076\u5de8\u9f99|Dark Pulse|p1a: Dondozo\n|-damage|p1a: Dondozo|32\/100 slp\n|-curestatus|p1a: Dondozo|slp|[msg]\n|cant|p1a: Dondozo|flinch\n|\n|-heal|p1a: Dondozo|38\/100|[from] item: Leftovers\n|upkeep\n|turn|22\n|\n|t:|1700817461\n|move|p2a: \u90aa\u6076\u5de8\u9f99|Dark Pulse|p1a: Dondozo\n|-damage|p1a: Dondozo|9\/100\n|move|p1a: Dondozo|Liquidation|p2a: \u90aa\u6076\u5de8\u9f99\n|-resisted|p2a: \u90aa\u6076\u5de8\u9f99\n|-damage|p2a: \u90aa\u6076\u5de8\u9f99|10\/100\n|\n|-heal|p1a: Dondozo|15\/100|[from] item: Leftovers\n|upkeep\n|turn|23\n|\n|t:|1700817465\n|move|p2a: \u90aa\u6076\u5de8\u9f99|Dark Pulse|p1a: Dondozo\n|-damage|p1a: Dondozo|0 fnt\n|faint|p1a: Dondozo\n|\n|upkeep\n|\n|t:|1700817467\n|switch|p1a: Slowking|Slowking-Galar, M|77\/100\n|turn|24\n|\n|t:|1700817469\n|move|p2a: \u90aa\u6076\u5de8\u9f99|Dark Pulse|p1a: Slowking\n|-supereffective|p1a: Slowking\n|-damage|p1a: Slowking|30\/100\n|cant|p1a: Slowking|flinch\n|\n|upkeep\n|turn|25\n|-message|surfing cramorant forfeited.\n|\n|win|knife12138\n|raw|surfing cramorant's rating: 1354 &rarr; <strong>1332<\/strong><br \/>(-22 for losing)\n|raw|knife12138's rating: 1316 &rarr; <strong>1338<\/strong><br \/>(+22 for winning)\n|l|\u2606surfing cramorant\n","uploadtime":1700817474,"views":3,"p1id":"surfingcramorant","p2id":"knife12138","formatid":"gen9nationaldex","rating":1332,"private":0,"password":""}