{"id":"gen9nationaldex-1999089966","p1":"Joemiga","p2":"Young_X_Lion","format":"[Gen 9] National Dex","log":"|html|<div class=\"broadcast-blue\"><strong>[Gen 9] National Dex is currently suspecting Sneasler! For information on how to participate check out the <a href=\"https:\/\/www.smogon.com\/forums\/threads\/sv-national-dex-suspect-8-just-dance.3731534\/\">suspect thread<\/a>.<\/strong><\/div>\n|j|\u2606Joemiga\n|j|\u2606Young_X_Lion\n|t:|1701032054\n|gametype|singles\n|player|p1|Joemiga|n|1380\n|player|p2|Young_X_Lion|burglar|1429\n|teamsize|p1|6\n|teamsize|p2|6\n|gen|9\n|tier|[Gen 9] National Dex\n|rated|\n|rule|HP Percentage Mod: HP is shown in percentages\n|rule|Endless Battle Clause: Forcing endless battles is banned\n|rule|OHKO Clause: OHKO moves are banned\n|rule|Evasion Clause: Evasion abilities, items, and moves are banned\n|rule|Evasion Abilities Clause: Evasion abilities are banned\n|rule|Evasion Items Clause: Evasion items are banned\n|rule|Evasion Moves Clause: Evasion moves are banned\n|rule|Species Clause: Limit one of each Pok\u00e9mon\n|rule|Sleep Clause Mod: Limit one foe put to sleep\n|clearpoke\n|poke|p1|Iron Hands|\n|poke|p1|Garchomp, M|\n|poke|p1|Iron Valiant|\n|poke|p1|Tapu Koko|\n|poke|p1|Sneasler, M|\n|poke|p1|Greninja-*, M|\n|poke|p2|Steelix, M|\n|poke|p2|Heatran, M|\n|poke|p2|Tyranitar, M|\n|poke|p2|Rillaboom, M|\n|poke|p2|Rotom-Wash|\n|poke|p2|Sneasler, F|\n|teampreview\n|\n|t:|1701032078\n|start\n|switch|p1a: Tapu Koko|Tapu Koko|100\/100\n|switch|p2a: Metro Boomin|Rillaboom, M|100\/100\n|-fieldstart|move: Electric Terrain|[from] ability: Electric Surge|[of] p1a: Tapu Koko\n|-fieldstart|move: Grassy Terrain|[from] ability: Grassy Surge|[of] p2a: Metro Boomin\n|turn|1\n|inactive|Battle timer is ON: inactive players will automatically lose when time's up. (requested by Joemiga)\n|\n|t:|1701032088\n|move|p1a: Tapu Koko|U-turn|p2a: Metro Boomin\n|-supereffective|p2a: Metro Boomin\n|-damage|p2a: Metro Boomin|64\/100\n|\n|t:|1701032093\n|switch|p1a: Garchomp|Garchomp, M|100\/100|[from] U-turn\n|move|p2a: Metro Boomin|Wood Hammer|p1a: Garchomp\n|-damage|p1a: Garchomp|11\/100\n|-damage|p2a: Metro Boomin|52\/100|[from] ability: Rough Skin|[of] p1a: Garchomp\n|-damage|p2a: Metro Boomin|35\/100|[from] item: Rocky Helmet|[of] p1a: Garchomp\n|-damage|p2a: Metro Boomin|0 fnt|[from] Recoil\n|faint|p2a: Metro Boomin\n|\n|-heal|p1a: Garchomp|17\/100|[from] Grassy Terrain\n|upkeep\n|\n|t:|1701032112\n|switch|p2a: Metallica|Steelix, M|100\/100\n|turn|2\n|\n|t:|1701032125\n|detailschange|p2a: Metallica|Steelix-Mega, M\n|-mega|p2a: Metallica|Steelix|Steelixite\n|move|p1a: Garchomp|Earthquake|p2a: Metallica\n|-supereffective|p2a: Metallica\n|-damage|p2a: Metallica|81\/100\n|move|p2a: Metallica|Rock Polish|p2a: Metallica\n|-boost|p2a: Metallica|spe|2\n|\n|-heal|p2a: Metallica|87\/100|[from] Grassy Terrain\n|-heal|p1a: Garchomp|23\/100|[from] Grassy Terrain\n|upkeep\n|turn|3\n|\n|t:|1701032133\n|move|p2a: Metallica|Rock Polish|p2a: Metallica\n|-boost|p2a: Metallica|spe|2\n|move|p1a: Garchomp|Roar|p2a: Metallica\n|drag|p2a: Aoki|Sneasler, F|100\/100\n|-enditem|p2a: Aoki|Grassy Seed\n|-boost|p2a: Aoki|def|1|[from] item: Grassy Seed\n|\n|-heal|p1a: Garchomp|30\/100|[from] Grassy Terrain\n|upkeep\n|turn|4\n|\n|t:|1701032142\n|move|p2a: Aoki|Close Combat|p1a: Garchomp\n|-damage|p1a: Garchomp|0 fnt\n|-unboost|p2a: Aoki|def|1\n|-unboost|p2a: Aoki|spd|1\n|-damage|p2a: Aoki|88\/100|[from] ability: Rough Skin|[of] p1a: Garchomp\n|-damage|p2a: Aoki|71\/100|[from] item: Rocky Helmet|[of] p1a: Garchomp\n|faint|p1a: Garchomp\n|\n|-heal|p2a: Aoki|78\/100|[from] Grassy Terrain\n|upkeep\n|\n|t:|1701032166\n|switch|p1a: Iron Valiant|Iron Valiant|100\/100\n|-enditem|p1a: Iron Valiant|Booster Energy\n|-activate|p1a: Iron Valiant|ability: Quark Drive|[fromitem]\n|-start|p1a: Iron Valiant|quarkdrivespe\n|turn|5\n|inactive|Joemiga has 120 seconds left.\n|\n|t:|1701032205\n|-terastallize|p1a: Iron Valiant|Steel\n|move|p2a: Aoki|Dire Claw|p1a: Iron Valiant\n|-immune|p1a: Iron Valiant\n|move|p1a: Iron Valiant|Moonblast|p2a: Aoki\n|-crit|p2a: Aoki\n|-damage|p2a: Aoki|0 fnt\n|faint|p2a: Aoki\n|\n|-fieldend|move: Grassy Terrain\n|upkeep\n|\n|t:|1701032212\n|switch|p2a: Ragnarok|Tyranitar, M|100\/100\n|-weather|Sandstorm|[from] ability: Sand Stream|[of] p2a: Ragnarok\n|turn|6\n|inactive|Joemiga has 120 seconds left.\n|\n|t:|1701032220\n|-end|p1a: Iron Valiant|Quark Drive|[silent]\n|switch|p1a: Tapu Koko|Tapu Koko|100\/100\n|-fieldstart|move: Electric Terrain|[from] ability: Electric Surge|[of] p1a: Tapu Koko\n|move|p2a: Ragnarok|Dragon Tail|p1a: Tapu Koko\n|-immune|p1a: Tapu Koko\n|\n|-weather|Sandstorm|[upkeep]\n|-damage|p1a: Tapu Koko|94\/100|[from] Sandstorm\n|upkeep\n|turn|7\n|-message|Young_X_Lion forfeited.\n|\n|win|Joemiga\n|raw|Joemiga's rating: 1380 &rarr; <strong>1403<\/strong><br \/>(+23 for winning)\n|raw|Young_X_Lion's rating: 1429 &rarr; <strong>1406<\/strong><br \/>(-23 for losing)\n|l|\u2606Young_X_Lion\n","uploadtime":1701032229,"views":11,"p1id":"joemiga","p2id":"youngxlion","formatid":"gen9nationaldex","rating":1403,"private":0,"password":""}