{"id":"gen9nationaldex-1998217579","p1":"sdsslsy","p2":"wqdong","format":"[Gen 9] National Dex","log":"|html|<div class=\"broadcast-blue\"><strong>[Gen 9] National Dex is currently suspecting Sneasler! For information on how to participate check out the <a href=\"https:\/\/www.smogon.com\/forums\/threads\/sv-national-dex-suspect-8-just-dance.3731534\/\">suspect thread<\/a>.<\/strong><\/div>\n|j|\u2606sdsslsy\n|j|\u2606wqdong\n|t:|1700914528\n|gametype|singles\n|player|p1|sdsslsy|1|1576\n|player|p2|wqdong|rosa|1720\n|teamsize|p1|6\n|teamsize|p2|6\n|gen|9\n|tier|[Gen 9] National Dex\n|rated|\n|rule|HP Percentage Mod: HP is shown in percentages\n|rule|Endless Battle Clause: Forcing endless battles is banned\n|rule|OHKO Clause: OHKO moves are banned\n|rule|Evasion Clause: Evasion abilities, items, and moves are banned\n|rule|Evasion Abilities Clause: Evasion abilities are banned\n|rule|Evasion Items Clause: Evasion items are banned\n|rule|Evasion Moves Clause: Evasion moves are banned\n|rule|Species Clause: Limit one of each Pok\u00e9mon\n|rule|Sleep Clause Mod: Limit one foe put to sleep\n|clearpoke\n|poke|p1|Zeraora|\n|poke|p1|Great Tusk|\n|poke|p1|Aegislash, F|\n|poke|p1|Venusaur, F|\n|poke|p1|Ribombee, F|\n|poke|p1|Manaphy|\n|poke|p2|Alomomola, F|\n|poke|p2|Ogerpon-Wellspring, F|\n|poke|p2|Tapu Lele|\n|poke|p2|Bisharp, F|\n|poke|p2|Landorus-Therian, M|\n|poke|p2|Arcanine, M|\n|teampreview\n|inactive|Battle timer is ON: inactive players will automatically lose when time's up. (requested by sdsslsy)\n|\n|t:|1700914551\n|start\n|switch|p1a: Manaphy|Manaphy|100\/100\n|switch|p2a: Landorus|Landorus-Therian, M|100\/100\n|-ability|p2a: Landorus|Intimidate|boost\n|-unboost|p1a: Manaphy|atk|1\n|turn|1\n|\n|t:|1700914558\n|move|p2a: Landorus|U-turn|p1a: Manaphy\n|-damage|p1a: Manaphy|76\/100\n|\n|t:|1700914561\n|switch|p2a: Ogerpon|Ogerpon-Wellspring, F|100\/100|[from] U-turn\n|move|p1a: Manaphy|Tail Glow|p1a: Manaphy\n|-boost|p1a: Manaphy|spa|3\n|\n|-heal|p1a: Manaphy|82\/100|[from] item: Leftovers\n|upkeep\n|turn|2\n|\n|t:|1700914569\n|switch|p1a: Venusaur|Venusaur, F|100\/100\n|move|p2a: Ogerpon|Horn Leech|p1a: Venusaur\n|-resisted|p1a: Venusaur\n|-damage|p1a: Venusaur|91\/100\n|\n|upkeep\n|turn|3\n|\n|t:|1700914588\n|switch|p2a: Bisharp|Bisharp, F|100\/100\n|detailschange|p1a: Venusaur|Venusaur-Mega, F\n|-mega|p1a: Venusaur|Venusaur|Venusaurite\n|move|p1a: Venusaur|Giga Drain|p2a: Bisharp\n|-resisted|p2a: Bisharp\n|-damage|p2a: Bisharp|85\/100\n|-heal|p1a: Venusaur|98\/100|[from] drain|[of] p2a: Bisharp\n|\n|upkeep\n|turn|4\n|\n|t:|1700914599\n|switch|p2a: Alomomola|Alomomola, F|100\/100\n|move|p1a: Venusaur|Earth Power|p2a: Alomomola\n|-damage|p2a: Alomomola|80\/100\n|-unboost|p2a: Alomomola|spd|1\n|\n|upkeep\n|turn|5\n|\n|t:|1700914608\n|switch|p2a: Tapu Lele|Tapu Lele|100\/100\n|-fieldstart|move: Psychic Terrain|[from] ability: Psychic Surge|[of] p2a: Tapu Lele\n|move|p1a: Venusaur|Giga Drain|p2a: Tapu Lele\n|-damage|p2a: Tapu Lele|67\/100\n|-heal|p1a: Venusaur|100\/100|[from] drain|[of] p2a: Tapu Lele\n|\n|upkeep\n|turn|6\n|\n|t:|1700914618\n|switch|p2a: Arcanine|Arcanine, M|100\/100\n|-ability|p2a: Arcanine|Intimidate|boost\n|-unboost|p1a: Venusaur|atk|1\n|switch|p1a: Aegislash|Aegislash, F|100\/100\n|-item|p1a: Aegislash|Air Balloon\n|\n|upkeep\n|turn|7\n|\n|t:|1700914627\n|move|p1a: Aegislash|King's Shield|p1a: Aegislash\n|-singleturn|p1a: Aegislash|Protect\n|move|p2a: Arcanine|Will-O-Wisp|p1a: Aegislash\n|-status|p1a: Aegislash|brn\n|\n|-damage|p1a: Aegislash|94\/100 brn|[from] brn\n|upkeep\n|turn|8\n|\n|t:|1700914640\n|switch|p2a: Alomomola|Alomomola, F|100\/100\n|move|p1a: Aegislash|Toxic|p2a: Alomomola\n|-status|p2a: Alomomola|tox\n|\n|-damage|p2a: Alomomola|94\/100 tox|[from] psn\n|-damage|p1a: Aegislash|88\/100 brn|[from] brn\n|upkeep\n|turn|9\n|\n|t:|1700914648\n|move|p1a: Aegislash|King's Shield|p1a: Aegislash\n|-singleturn|p1a: Aegislash|Protect\n|move|p2a: Alomomola|Wish|p2a: Alomomola\n|\n|-damage|p2a: Alomomola|82\/100 tox|[from] psn\n|-damage|p1a: Aegislash|82\/100 brn|[from] brn\n|-fieldend|move: Psychic Terrain\n|upkeep\n|turn|10\n|\n|t:|1700914663\n|switch|p1a: Venusaur|Venusaur-Mega, F|100\/100\n|move|p2a: Alomomola|Flip Turn|p1a: Venusaur\n|-resisted|p1a: Venusaur\n|-damage|p1a: Venusaur|96\/100\n|\n|t:|1700914669\n|switch|p2a: Tapu Lele|Tapu Lele|67\/100|[from] Flip Turn\n|-fieldstart|move: Psychic Terrain|[from] ability: Psychic Surge|[of] p2a: Tapu Lele\n|\n|-heal|p2a: Tapu Lele|100\/100|[from] move: Wish|[wisher] Alomomola\n|upkeep\n|turn|11\n|\n|t:|1700914684\n|switch|p1a: Aegislash|Aegislash, F|82\/100 brn\n|-item|p1a: Aegislash|Air Balloon\n|move|p2a: Tapu Lele|Psychic|p1a: Aegislash\n|-resisted|p1a: Aegislash\n|-damage|p1a: Aegislash|47\/100 brn\n|-enditem|p1a: Aegislash|Air Balloon\n|\n|-damage|p1a: Aegislash|40\/100 brn|[from] brn\n|upkeep\n|turn|12\n|\n|t:|1700914694\n|switch|p2a: Alomomola|Alomomola, F|100\/100 tox\n|-formechange|p1a: Aegislash|Aegislash-Blade||[from] ability: Stance Change\n|move|p1a: Aegislash|Shadow Ball|p2a: Alomomola\n|-damage|p2a: Alomomola|56\/100 tox\n|\n|-damage|p2a: Alomomola|50\/100 tox|[from] psn\n|-damage|p1a: Aegislash|34\/100 brn|[from] brn\n|upkeep\n|turn|13\n|\n|t:|1700914704\n|move|p2a: Alomomola|Flip Turn|p1a: Aegislash\n|-damage|p1a: Aegislash|4\/100 brn\n|\n|t:|1700914710\n|switch|p2a: Bisharp|Bisharp, F|85\/100|[from] Flip Turn\n|move|p1a: Aegislash|Shadow Ball|p2a: Bisharp\n|-resisted|p2a: Bisharp\n|-damage|p2a: Bisharp|62\/100\n|\n|-damage|p1a: Aegislash|0 fnt|[from] brn\n|faint|p1a: Aegislash\n|upkeep\n|\n|t:|1700914720\n|switch|p1a: Ribombee|Ribombee, F|100\/100\n|turn|14\n|\n|t:|1700914725\n|move|p1a: Ribombee|Sticky Web|p2a: Bisharp\n|-sidestart|p2: wqdong|move: Sticky Web\n|move|p2a: Bisharp|Iron Head|p1a: Ribombee\n|-supereffective|p1a: Ribombee\n|-enditem|p1a: Ribombee|Focus Sash\n|-damage|p1a: Ribombee|1\/100\n|\n|-fieldend|move: Psychic Terrain\n|upkeep\n|turn|15\n|\n|t:|1700914735\n|switch|p2a: Alomomola|Alomomola, F|83\/100 tox\n|-activate|p2a: Alomomola|move: Sticky Web\n|-unboost|p2a: Alomomola|spe|1\n|move|p1a: Ribombee|U-turn|p2a: Alomomola\n|-damage|p2a: Alomomola|75\/100 tox\n|-damage|p1a: Ribombee|0 fnt|[from] item: Rocky Helmet|[of] p2a: Alomomola\n|faint|p1a: Ribombee\n|\n|-damage|p2a: Alomomola|69\/100 tox|[from] psn\n|upkeep\n|\n|t:|1700914738\n|switch|p1a: Great Tusk|Great Tusk|100\/100\n|turn|16\n|\n|t:|1700914748\n|-terastallize|p1a: Great Tusk|Steel\n|move|p1a: Great Tusk|Bulk Up|p1a: Great Tusk\n|-boost|p1a: Great Tusk|atk|1\n|-boost|p1a: Great Tusk|def|1\n|move|p2a: Alomomola|Toxic|p1a: Great Tusk\n|-immune|p1a: Great Tusk\n|\n|-damage|p2a: Alomomola|56\/100 tox|[from] psn\n|upkeep\n|turn|17\n|\n|t:|1700914759\n|move|p1a: Great Tusk|Rapid Spin|p2a: Alomomola\n|-damage|p2a: Alomomola|42\/100 tox\n|-boost|p1a: Great Tusk|spe|1\n|-damage|p1a: Great Tusk|84\/100|[from] item: Rocky Helmet|[of] p2a: Alomomola\n|move|p2a: Alomomola|Flip Turn|p1a: Great Tusk\n|-damage|p1a: Great Tusk|78\/100\n|\n|t:|1700914767\n|switch|p2a: Landorus|Landorus-Therian, M|100\/100|[from] Flip Turn\n|-ability|p2a: Landorus|Intimidate|boost\n|-unboost|p1a: Great Tusk|atk|1\n|\n|-heal|p1a: Great Tusk|85\/100|[from] item: Leftovers\n|upkeep\n|turn|18\n|\n|t:|1700914775\n|move|p2a: Landorus|Earthquake|p1a: Great Tusk\n|-supereffective|p1a: Great Tusk\n|-damage|p1a: Great Tusk|45\/100\n|move|p1a: Great Tusk|Ice Spinner|p2a: Landorus\n|-supereffective|p2a: Landorus\n|-damage|p2a: Landorus|0 fnt\n|faint|p2a: Landorus\n|\n|-heal|p1a: Great Tusk|52\/100|[from] item: Leftovers\n|upkeep\n|\n|t:|1700914793\n|switch|p2a: Tapu Lele|Tapu Lele|100\/100\n|-activate|p2a: Tapu Lele|move: Sticky Web\n|-unboost|p2a: Tapu Lele|spe|1\n|-fieldstart|move: Psychic Terrain|[from] ability: Psychic Surge|[of] p2a: Tapu Lele\n|turn|19\n|\n|t:|1700914801\n|switch|p2a: Arcanine|Arcanine, M|100\/100\n|-ability|p2a: Arcanine|Intimidate|boost\n|-unboost|p1a: Great Tusk|atk|1\n|move|p1a: Great Tusk|Headlong Rush|p2a: Arcanine\n|-supereffective|p2a: Arcanine\n|-damage|p2a: Arcanine|52\/100\n|-unboost|p1a: Great Tusk|def|1\n|-unboost|p1a: Great Tusk|spd|1\n|\n|-heal|p1a: Great Tusk|58\/100|[from] item: Leftovers\n|upkeep\n|turn|20\n|\n|t:|1700914812\n|-end|p1a: Great Tusk|Protosynthesis|[silent]\n|switch|p1a: Manaphy|Manaphy|82\/100\n|move|p2a: Arcanine|Flare Blitz|p1a: Manaphy\n|-resisted|p1a: Manaphy\n|-damage|p1a: Manaphy|59\/100\n|-damage|p2a: Arcanine|45\/100|[from] Recoil\n|\n|-heal|p1a: Manaphy|65\/100|[from] item: Leftovers\n|upkeep\n|turn|21\n|\n|t:|1700914829\n|switch|p2a: Ogerpon|Ogerpon-Wellspring, F|100\/100\n|-activate|p2a: Ogerpon|move: Sticky Web\n|-unboost|p2a: Ogerpon|spe|1\n|move|p1a: Manaphy|Tail Glow|p1a: Manaphy\n|-boost|p1a: Manaphy|spa|3\n|\n|-heal|p1a: Manaphy|71\/100|[from] item: Leftovers\n|upkeep\n|turn|22\n|\n|t:|1700914844\n|-terastallize|p2a: Ogerpon|Water\n|detailschange|p2a: Ogerpon|Ogerpon-Wellspring-Tera, F, tera:Water\n|-ability|p2a: Ogerpon|Embody Aspect (Wellspring)|boost\n|-boost|p2a: Ogerpon|spd|1\n|move|p1a: Manaphy|Ice Beam|p2a: Ogerpon\n|-resisted|p2a: Ogerpon\n|-damage|p2a: Ogerpon|73\/100\n|move|p2a: Ogerpon|Horn Leech|p1a: Manaphy\n|-supereffective|p1a: Manaphy\n|-damage|p1a: Manaphy|0 fnt\n|-heal|p2a: Ogerpon|100\/100|[from] drain|[of] p1a: Manaphy\n|faint|p1a: Manaphy\n|\n|upkeep\n|\n|t:|1700914849\n|switch|p1a: Zeraora|Zeraora|100\/100\n|turn|23\n|\n|t:|1700914863\n|switch|p2a: Arcanine|Arcanine, M|45\/100\n|-ability|p2a: Arcanine|Intimidate|boost\n|-unboost|p1a: Zeraora|atk|1\n|move|p1a: Zeraora|Plasma Fists|p2a: Arcanine\n|-damage|p2a: Arcanine|11\/100\n|-fieldactivate|move: Ion Deluge\n|-hint|Normal-type moves become Electric-type after using Plasma Fists.\n|\n|-fieldend|move: Psychic Terrain\n|upkeep\n|turn|24\n|\n|t:|1700914886\n|move|p1a: Zeraora|Plasma Fists|p2a: Arcanine\n|-damage|p2a: Arcanine|0 fnt\n|-fieldactivate|move: Ion Deluge\n|-hint|Normal-type moves become Electric-type after using Plasma Fists.\n|faint|p2a: Arcanine\n|\n|upkeep\n|inactive|wqdong has 120 seconds left.\n|\n|t:|1700914902\n|switch|p2a: Tapu Lele|Tapu Lele|100\/100\n|-activate|p2a: Tapu Lele|move: Sticky Web\n|-unboost|p2a: Tapu Lele|spe|1\n|-fieldstart|move: Psychic Terrain|[from] ability: Psychic Surge|[of] p2a: Tapu Lele\n|turn|25\n|inactive|wqdong has 120 seconds left.\n|\n|t:|1700914911\n|switch|p1a: Great Tusk|Great Tusk, tera:Steel|58\/100\n|move|p2a: Tapu Lele|Psychic|p1a: Great Tusk\n|-resisted|p1a: Great Tusk\n|-damage|p1a: Great Tusk|0 fnt\n|faint|p1a: Great Tusk\n|-end|p1a: Great Tusk|Protosynthesis|[silent]\n|\n|upkeep\n|\n|t:|1700914913\n|switch|p1a: Zeraora|Zeraora|100\/100\n|turn|26\n|\n|t:|1700914923\n|move|p1a: Zeraora|Plasma Fists|p2a: Tapu Lele\n|-damage|p2a: Tapu Lele|0 fnt\n|-fieldactivate|move: Ion Deluge\n|-hint|Normal-type moves become Electric-type after using Plasma Fists.\n|faint|p2a: Tapu Lele\n|\n|upkeep\n|\n|t:|1700914931\n|switch|p2a: Bisharp|Bisharp, F|62\/100\n|-activate|p2a: Bisharp|move: Sticky Web\n|-unboost|p2a: Bisharp|spe|1\n|-ability|p2a: Bisharp|Defiant|boost\n|-boost|p2a: Bisharp|atk|2\n|turn|27\n|\n|t:|1700914937\n|switch|p2a: Alomomola|Alomomola, F|75\/100 tox\n|-activate|p2a: Alomomola|move: Sticky Web\n|-unboost|p2a: Alomomola|spe|1\n|move|p1a: Zeraora|Plasma Fists|p2a: Alomomola\n|-supereffective|p2a: Alomomola\n|-damage|p2a: Alomomola|0 fnt\n|-fieldactivate|move: Ion Deluge\n|-hint|Normal-type moves become Electric-type after using Plasma Fists.\n|-damage|p1a: Zeraora|84\/100|[from] item: Rocky Helmet|[of] p2a: Alomomola\n|faint|p2a: Alomomola\n|\n|upkeep\n|\n|t:|1700914949\n|switch|p2a: Bisharp|Bisharp, F|62\/100\n|-activate|p2a: Bisharp|move: Sticky Web\n|-unboost|p2a: Bisharp|spe|1\n|-ability|p2a: Bisharp|Defiant|boost\n|-boost|p2a: Bisharp|atk|2\n|turn|28\n|\n|t:|1700914956\n|move|p1a: Zeraora|Plasma Fists|p2a: Bisharp\n|-damage|p2a: Bisharp|10\/100\n|-fieldactivate|move: Ion Deluge\n|-hint|Normal-type moves become Electric-type after using Plasma Fists.\n|move|p2a: Bisharp|Knock Off|p1a: Zeraora\n|-damage|p1a: Zeraora|0 fnt\n|-enditem|p1a: Zeraora|Choice Band|[from] move: Knock Off|[of] p2a: Bisharp\n|faint|p1a: Zeraora\n|\n|upkeep\n|\n|t:|1700914959\n|switch|p1a: Venusaur|Venusaur-Mega, F|96\/100\n|turn|29\n|\n|t:|1700914969\n|move|p2a: Bisharp|Sucker Punch|p1a: Venusaur\n|-activate|p1a: Venusaur|move: Psychic Terrain\n|move|p1a: Venusaur|Earth Power|p2a: Bisharp\n|-supereffective|p2a: Bisharp\n|-damage|p2a: Bisharp|0 fnt\n|faint|p2a: Bisharp\n|\n|-fieldend|move: Psychic Terrain\n|upkeep\n|\n|t:|1700914975\n|switch|p2a: Ogerpon|Ogerpon-Wellspring-Tera, F, tera:Water|100\/100\n|-activate|p2a: Ogerpon|move: Sticky Web\n|-unboost|p2a: Ogerpon|spe|1\n|-ability|p2a: Ogerpon|Embody Aspect (Wellspring)|boost\n|-boost|p2a: Ogerpon|spd|1\n|turn|30\n|\n|t:|1700914983\n|move|p2a: Ogerpon|Swords Dance|p2a: Ogerpon\n|-boost|p2a: Ogerpon|atk|2\n|move|p1a: Venusaur|Giga Drain|p2a: Ogerpon\n|-supereffective|p2a: Ogerpon\n|-damage|p2a: Ogerpon|51\/100\n|-heal|p1a: Venusaur|100\/100|[from] drain|[of] p2a: Ogerpon\n|\n|upkeep\n|turn|31\n|\n|t:|1700914994\n|move|p2a: Ogerpon|Ivy Cudgel|p1a: Venusaur|[anim] Ivy Cudgel Water\n|-resisted|p1a: Venusaur\n|-damage|p1a: Venusaur|54\/100\n|move|p1a: Venusaur|Giga Drain|p2a: Ogerpon\n|-supereffective|p2a: Ogerpon\n|-damage|p2a: Ogerpon|4\/100\n|-heal|p1a: Venusaur|74\/100|[from] drain|[of] p2a: Ogerpon\n|\n|upkeep\n|turn|32\n|\n|t:|1700915002\n|move|p2a: Ogerpon|Ivy Cudgel|p1a: Venusaur|[anim] Ivy Cudgel Water\n|-resisted|p1a: Venusaur\n|-damage|p1a: Venusaur|26\/100\n|move|p1a: Venusaur|Giga Drain|p2a: Ogerpon\n|-supereffective|p2a: Ogerpon\n|-damage|p2a: Ogerpon|0 fnt\n|-heal|p1a: Venusaur|28\/100|[from] drain|[of] p2a: Ogerpon\n|faint|p2a: Ogerpon\n|\n|win|sdsslsy\n|raw|sdsslsy's rating: 1576 &rarr; <strong>1604<\/strong><br \/>(+28 for winning)\n|raw|wqdong's rating: 1720 &rarr; <strong>1692<\/strong><br \/>(-28 for losing)\n|l|\u2606wqdong\n","uploadtime":1700915009,"views":9,"p1id":"sdsslsy","p2id":"wqdong","formatid":"gen9nationaldex","rating":1604,"private":0,"password":""}