{"id":"gen9nationaldex-1989093164","p1":"TheBosses27","p2":"Herghhh","format":"[Gen 9] National Dex","log":"|j|\u2606TheBosses27\n|j|\u2606Herghhh\n|t:|1699811391\n|gametype|singles\n|player|p1|TheBosses27|bruno|1173\n|player|p2|Herghhh|bugcatcher-gen4dp|1229\n|teamsize|p1|6\n|teamsize|p2|6\n|gen|9\n|tier|[Gen 9] National Dex\n|rated|\n|rule|HP Percentage Mod: HP is shown in percentages\n|rule|Endless Battle Clause: Forcing endless battles is banned\n|rule|OHKO Clause: OHKO moves are banned\n|rule|Evasion Clause: Evasion abilities, items, and moves are banned\n|rule|Evasion Abilities Clause: Evasion abilities are banned\n|rule|Evasion Items Clause: Evasion items are banned\n|rule|Evasion Moves Clause: Evasion moves are banned\n|rule|Species Clause: Limit one of each Pok\u00e9mon\n|rule|Sleep Clause Mod: Limit one foe put to sleep\n|clearpoke\n|poke|p1|Lopunny, F|\n|poke|p1|Ferrothorn, M|\n|poke|p1|Rotom-Wash|\n|poke|p1|Samurott-Hisui, M|\n|poke|p1|Bisharp, M|\n|poke|p1|Ditto|\n|poke|p2|Arcanine, M|\n|poke|p2|Serperior, F|\n|poke|p2|Garchomp, M|\n|poke|p2|Cloyster, M|\n|poke|p2|Ferrothorn, F|\n|poke|p2|Azumarill, F|\n|teampreview\n|inactive|Battle timer is ON: inactive players will automatically lose when time's up. (requested by TheBosses27)\n|\n|t:|1699811398\n|start\n|switch|p1a: Ferrothorn|Ferrothorn, M|100\/100\n|switch|p2a: Cloyster|Cloyster, M|100\/100\n|turn|1\n|\n|t:|1699811402\n|move|p2a: Cloyster|Shell Smash|p2a: Cloyster\n|-unboost|p2a: Cloyster|def|1\n|-unboost|p2a: Cloyster|spd|1\n|-boost|p2a: Cloyster|atk|2\n|-boost|p2a: Cloyster|spa|2\n|-boost|p2a: Cloyster|spe|2\n|move|p1a: Ferrothorn|Knock Off|p2a: Cloyster\n|-damage|p2a: Cloyster|73\/100\n|-enditem|p2a: Cloyster|Razor Claw|[from] move: Knock Off|[of] p1a: Ferrothorn\n|\n|upkeep\n|turn|2\n|\n|t:|1699811416\n|-terastallize|p2a: Cloyster|Ghost\n|move|p2a: Cloyster|Icicle Spear|p1a: Ferrothorn\n|-damage|p1a: Ferrothorn|87\/100\n|-damage|p1a: Ferrothorn|73\/100\n|-damage|p1a: Ferrothorn|58\/100\n|-damage|p1a: Ferrothorn|46\/100\n|-damage|p1a: Ferrothorn|33\/100\n|-hitcount|p1a: Ferrothorn|5\n|move|p1a: Ferrothorn|Spikes|p2a: Cloyster\n|-sidestart|p2: Herghhh|Spikes\n|\n|upkeep\n|turn|3\n|\n|t:|1699811425\n|move|p2a: Cloyster|Icicle Spear|p1a: Ferrothorn\n|-damage|p1a: Ferrothorn|18\/100\n|-damage|p1a: Ferrothorn|5\/100\n|-damage|p1a: Ferrothorn|0 fnt\n|faint|p1a: Ferrothorn\n|-hitcount|p1: Ferrothorn|3\n|\n|upkeep\n|\n|t:|1699811429\n|switch|p1a: Ditto|Ditto|100\/100\n|-transform|p1a: Ditto|p2a: Cloyster|[from] ability: Imposter\n|-start|p1a: Ditto|typechange|Water\/Ice|[silent]\n|turn|4\n|\n|t:|1699811457\n|move|p1a: Ditto|Icicle Spear|p2a: Cloyster\n|-damage|p2a: Cloyster|42\/100\n|-damage|p2a: Cloyster|11\/100\n|-damage|p2a: Cloyster|0 fnt\n|faint|p2a: Cloyster\n|-hitcount|p2: Cloyster|3\n|\n|upkeep\n|\n|t:|1699811464\n|switch|p2a: Arcanine|Arcanine, M|100\/100\n|-damage|p2a: Arcanine|88\/100|[from] Spikes\n|turn|5\n|\n|t:|1699811470\n|move|p2a: Arcanine|Extreme Speed|p1a: Ditto\n|-damage|p1a: Ditto|60\/100\n|move|p1a: Ditto|Icicle Spear|p2a: Arcanine\n|-resisted|p2a: Arcanine\n|-damage|p2a: Arcanine|73\/100\n|-resisted|p2a: Arcanine\n|-damage|p2a: Arcanine|58\/100\n|-resisted|p2a: Arcanine\n|-damage|p2a: Arcanine|43\/100\n|-resisted|p2a: Arcanine\n|-damage|p2a: Arcanine|27\/100\n|-resisted|p2a: Arcanine\n|-damage|p2a: Arcanine|13\/100\n|-hitcount|p2a: Arcanine|5\n|\n|upkeep\n|turn|6\n|\n|t:|1699811481\n|move|p2a: Arcanine|Extreme Speed|p1a: Ditto\n|-damage|p1a: Ditto|25\/100\n|move|p1a: Ditto|Icicle Spear|p2a: Arcanine\n|-resisted|p2a: Arcanine\n|-damage|p2a: Arcanine|0 fnt\n|faint|p2a: Arcanine\n|-hitcount|p2: Arcanine|1\n|\n|upkeep\n|\n|t:|1699811487\n|switch|p2a: Ferrothorn|Ferrothorn, F|100\/100\n|-damage|p2a: Ferrothorn|88\/100|[from] Spikes\n|turn|7\n|\n|t:|1699811491\n|move|p1a: Ditto|Icicle Spear|p2a: Ferrothorn\n|-damage|p2a: Ferrothorn|70\/100\n|-damage|p2a: Ferrothorn|53\/100\n|-damage|p2a: Ferrothorn|33\/100\n|-damage|p2a: Ferrothorn|14\/100\n|-damage|p2a: Ferrothorn|0 fnt\n|faint|p2a: Ferrothorn\n|-hitcount|p2: Ferrothorn|5\n|\n|upkeep\n|\n|t:|1699811501\n|switch|p2a: Azumarill|Azumarill, F|100\/100\n|-damage|p2a: Azumarill|88\/100|[from] Spikes\n|turn|8\n|\n|t:|1699811504\n|move|p1a: Ditto|Icicle Spear|p2a: Azumarill\n|-resisted|p2a: Azumarill\n|-damage|p2a: Azumarill|75\/100\n|-resisted|p2a: Azumarill\n|-damage|p2a: Azumarill|65\/100\n|-resisted|p2a: Azumarill\n|-damage|p2a: Azumarill|53\/100\n|-resisted|p2a: Azumarill\n|-damage|p2a: Azumarill|42\/100\n|-resisted|p2a: Azumarill\n|-damage|p2a: Azumarill|30\/100\n|-hitcount|p2a: Azumarill|5\n|move|p2a: Azumarill|Play Rough|p1a: Ditto\n|-damage|p1a: Ditto|0 fnt\n|faint|p1a: Ditto\n|\n|upkeep\n|\n|t:|1699811516\n|switch|p1a: Lopunny|Lopunny, F|100\/100\n|turn|9\n|\n|t:|1699811524\n|detailschange|p1a: Lopunny|Lopunny-Mega, F\n|-mega|p1a: Lopunny|Lopunny|Lopunnite\n|move|p1a: Lopunny|Fake Out|p2a: Azumarill\n|-damage|p2a: Azumarill|7\/100\n|cant|p2a: Azumarill|flinch\n|\n|upkeep\n|turn|10\n|\n|t:|1699811530\n|move|p2a: Azumarill|Aqua Jet|p1a: Lopunny\n|-damage|p1a: Lopunny|64\/100\n|move|p1a: Lopunny|U-turn|p2a: Azumarill\n|-resisted|p2a: Azumarill\n|-damage|p2a: Azumarill|0 fnt\n|faint|p2a: Azumarill\n|\n|t:|1699811533\n|switch|p1a: Rotom|Rotom-Wash|100\/100|[from] U-turn\n|\n|upkeep\n|\n|t:|1699811539\n|switch|p2a: Serperior|Serperior, F|100\/100\n|-damage|p2a: Serperior|88\/100|[from] Spikes\n|turn|11\n|\n|t:|1699811545\n|move|p2a: Serperior|Leaf Storm|p1a: Rotom\n|-supereffective|p1a: Rotom\n|-damage|p1a: Rotom|21\/100\n|-boost|p2a: Serperior|spa|2\n|move|p1a: Rotom|Thunderbolt|p2a: Serperior\n|-resisted|p2a: Serperior\n|-damage|p2a: Serperior|68\/100\n|\n|-heal|p2a: Serperior|74\/100|[from] item: Leftovers\n|-heal|p1a: Rotom|27\/100|[from] item: Leftovers\n|upkeep\n|turn|12\n|\n|t:|1699811550\n|move|p2a: Serperior|Leaf Storm|p1a: Rotom\n|-supereffective|p1a: Rotom\n|-damage|p1a: Rotom|0 fnt\n|-boost|p2a: Serperior|spa|2\n|faint|p1a: Rotom\n|\n|-heal|p2a: Serperior|81\/100|[from] item: Leftovers\n|upkeep\n|\n|t:|1699811553\n|switch|p1a: Bisharp|Bisharp, M|100\/100\n|turn|13\n|\n|t:|1699811559\n|move|p2a: Serperior|Leaf Storm|p1a: Bisharp\n|-resisted|p1a: Bisharp\n|-damage|p1a: Bisharp|56\/100\n|-boost|p2a: Serperior|spa|2\n|move|p1a: Bisharp|Swords Dance|p1a: Bisharp\n|-boost|p1a: Bisharp|atk|2\n|\n|-heal|p2a: Serperior|87\/100|[from] item: Leftovers\n|upkeep\n|turn|14\n|\n|t:|1699811564\n|move|p1a: Bisharp|Sucker Punch|p2a: Serperior\n|-damage|p2a: Serperior|17\/100\n|move|p2a: Serperior|Leaf Storm|p1a: Bisharp|[miss]\n|-miss|p2a: Serperior|p1a: Bisharp\n|\n|-heal|p2a: Serperior|23\/100|[from] item: Leftovers\n|upkeep\n|turn|15\n|\n|t:|1699811571\n|move|p1a: Bisharp|Sucker Punch||[still]\n|-fail|p1a: Bisharp\n|move|p2a: Serperior|Synthesis|p2a: Serperior\n|-heal|p2a: Serperior|73\/100\n|\n|-heal|p2a: Serperior|79\/100|[from] item: Leftovers\n|upkeep\n|turn|16\n|\n|t:|1699811578\n|move|p1a: Bisharp|Sucker Punch|p2a: Serperior\n|-damage|p2a: Serperior|14\/100\n|move|p2a: Serperior|Leaf Storm|p1a: Bisharp\n|-resisted|p1a: Bisharp\n|-damage|p1a: Bisharp|1\/100\n|\n|-heal|p2a: Serperior|20\/100|[from] item: Leftovers\n|upkeep\n|turn|17\n|\n|t:|1699811585\n|move|p2a: Serperior|Synthesis|p2a: Serperior\n|-heal|p2a: Serperior|70\/100\n|move|p1a: Bisharp|Iron Head|p2a: Serperior\n|-crit|p2a: Serperior\n|-damage|p2a: Serperior|0 fnt\n|faint|p2a: Serperior\n|\n|upkeep\n|\n|t:|1699811587\n|switch|p2a: Garchomp|Garchomp, M|100\/100\n|-damage|p2a: Garchomp|88\/100|[from] Spikes\n|turn|18\n|\n|t:|1699811591\n|move|p2a: Garchomp|Swords Dance|p2a: Garchomp\n|-boost|p2a: Garchomp|atk|2\n|move|p1a: Bisharp|Psycho Cut|p2a: Garchomp\n|-damage|p2a: Garchomp|47\/100\n|\n|upkeep\n|turn|19\n|\n|t:|1699811595\n|move|p1a: Bisharp|Sucker Punch|p2a: Garchomp\n|-damage|p2a: Garchomp|0 fnt\n|-damage|p1a: Bisharp|0 fnt|[from] ability: Rough Skin|[of] p2a: Garchomp\n|faint|p2a: Garchomp\n|faint|p1a: Bisharp\n|\n|win|TheBosses27\n|raw|TheBosses27's rating: 1173 &rarr; <strong>1202<\/strong><br \/>(+29 for winning)\n|raw|Herghhh's rating: 1229 &rarr; <strong>1200<\/strong><br \/>(-29 for losing)\n|l|\u2606Herghhh\n","uploadtime":1699811610,"views":4,"p1id":"thebosses27","p2id":"herghhh","formatid":"gen9nationaldex","rating":1200,"private":0,"password":""}