{"id":"gen9nationaldex-1997060735","p1":"AlastorTheOverlord","p2":"eteleks","format":"[Gen 9] National Dex","log":"|html|<div class=\"broadcast-blue\"><strong>[Gen 9] National Dex is currently suspecting Sneasler! For information on how to participate check out the <a href=\"https:\/\/www.smogon.com\/forums\/threads\/sv-national-dex-suspect-8-just-dance.3731534\/\">suspect thread<\/a>.<\/strong><\/div>\n|j|\u2606AlastorTheOverlord\n|j|\u2606eteleks\n|t:|1700760546\n|gametype|singles\n|player|p1|AlastorTheOverlord|n|1178\n|player|p2|eteleks|veteran|1213\n|teamsize|p1|6\n|teamsize|p2|6\n|gen|9\n|tier|[Gen 9] National Dex\n|rated|\n|rule|HP Percentage Mod: HP is shown in percentages\n|rule|Endless Battle Clause: Forcing endless battles is banned\n|rule|OHKO Clause: OHKO moves are banned\n|rule|Evasion Clause: Evasion abilities, items, and moves are banned\n|rule|Evasion Abilities Clause: Evasion abilities are banned\n|rule|Evasion Items Clause: Evasion items are banned\n|rule|Evasion Moves Clause: Evasion moves are banned\n|rule|Species Clause: Limit one of each Pok\u00e9mon\n|rule|Sleep Clause Mod: Limit one foe put to sleep\n|clearpoke\n|poke|p1|Greninja-*, M|\n|poke|p1|Garchomp, M|\n|poke|p1|Chandelure, M|\n|poke|p1|Azumarill, M|\n|poke|p1|Aegislash, F|\n|poke|p1|Talonflame, F|\n|poke|p2|Charizard, M|\n|poke|p2|Lilligant-Hisui, F|\n|poke|p2|Tyranitar, M|\n|poke|p2|Skarmory, F|\n|poke|p2|Milotic, F|\n|poke|p2|Gliscor, F|\n|teampreview\n|inactive|Battle timer is ON: inactive players will automatically lose when time's up. (requested by AlastorTheOverlord)\n|\n|t:|1700760554\n|start\n|switch|p1a: Talonflame|Talonflame, F|100\/100\n|switch|p2a: Charizard|Charizard, M|100\/100\n|turn|1\n|\n|t:|1700760564\n|detailschange|p2a: Charizard|Charizard-Mega-Y, M\n|-mega|p2a: Charizard|Charizard|Charizardite Y\n|-weather|SunnyDay|[from] ability: Drought|[of] p2a: Charizard\n|move|p1a: Talonflame|Brave Bird|p2a: Charizard\n|-damage|p2a: Charizard|34\/100\n|-damage|p1a: Talonflame|79\/100|[from] Recoil\n|move|p2a: Charizard|Flamethrower|p1a: Talonflame\n|-resisted|p1a: Talonflame\n|-damage|p1a: Talonflame|20\/100\n|\n|-weather|SunnyDay|[upkeep]\n|upkeep\n|turn|2\n|\n|t:|1700760575\n|move|p1a: Talonflame|Brave Bird|p2a: Charizard\n|-damage|p2a: Charizard|0 fnt\n|faint|p2a: Charizard\n|-damage|p1a: Talonflame|9\/100|[from] Recoil\n|\n|-weather|SunnyDay|[upkeep]\n|upkeep\n|\n|t:|1700760582\n|switch|p2a: Lilligant|Lilligant-Hisui, F|100\/100\n|turn|3\n|\n|t:|1700760591\n|switch|p1a: Chandelure|Chandelure, M|100\/100\n|move|p2a: Lilligant|Ice Spinner|p1a: Chandelure\n|-resisted|p1a: Chandelure\n|-damage|p1a: Chandelure|77\/100\n|-damage|p2a: Lilligant|91\/100|[from] item: Life Orb\n|\n|-weather|SunnyDay|[upkeep]\n|upkeep\n|turn|4\n|\n|t:|1700760600\n|-terastallize|p2a: Lilligant|Fire\n|move|p2a: Lilligant|Swords Dance|p2a: Lilligant\n|-boost|p2a: Lilligant|atk|2\n|move|p1a: Chandelure|Flamethrower|p2a: Lilligant\n|-resisted|p2a: Lilligant\n|-damage|p2a: Lilligant|36\/100\n|\n|-weather|SunnyDay|[upkeep]\n|upkeep\n|turn|5\n|\n|t:|1700760612\n|move|p2a: Lilligant|Solar Blade||[still]\n|-prepare|p2a: Lilligant|Solar Blade\n|-anim|p2a: Lilligant|Solar Blade|p1a: Chandelure\n|-resisted|p1a: Chandelure\n|-damage|p1a: Chandelure|0 fnt\n|faint|p1a: Chandelure\n|-damage|p2a: Lilligant|26\/100|[from] item: Life Orb\n|\n|-weather|none\n|upkeep\n|\n|t:|1700760625\n|switch|p1a: Talonflame|Talonflame, F|9\/100\n|turn|6\n|\n|t:|1700760633\n|switch|p2a: Skarmory|Skarmory, F|100\/100\n|move|p1a: Talonflame|Brave Bird|p2a: Skarmory\n|-resisted|p2a: Skarmory\n|-damage|p2a: Skarmory|86\/100\n|-damage|p1a: Talonflame|0 fnt|[from] item: Rocky Helmet|[of] p2a: Skarmory\n|faint|p1a: Talonflame\n|\n|upkeep\n|\n|t:|1700760645\n|switch|p1a: Greninja|Greninja, M|100\/100\n|turn|7\n|\n|t:|1700760668\n|switch|p2a: Lilligant|Lilligant-Hisui, F, tera:Fire|26\/100\n|move|p1a: Greninja|Dark Pulse|p2a: Lilligant\n|-start|p1a: Greninja|typechange|Dark|[from] ability: Protean\n|-damage|p2a: Lilligant|0 fnt\n|faint|p2a: Lilligant\n|-damage|p1a: Greninja|91\/100|[from] item: Life Orb\n|\n|upkeep\n|\n|t:|1700760680\n|switch|p2a: Skarmory|Skarmory, F|86\/100\n|turn|8\n|\n|t:|1700760688\n|move|p1a: Greninja|Dark Pulse|p2a: Skarmory\n|-damage|p2a: Skarmory|24\/100\n|-damage|p1a: Greninja|81\/100|[from] item: Life Orb\n|move|p2a: Skarmory|Iron Defense|p2a: Skarmory\n|-boost|p2a: Skarmory|def|2\n|\n|upkeep\n|turn|9\n|\n|t:|1700760694\n|switch|p2a: Tyranitar|Tyranitar, M|100\/100\n|-weather|Sandstorm|[from] ability: Sand Stream|[of] p2a: Tyranitar\n|move|p1a: Greninja|Dark Pulse|p2a: Tyranitar\n|-resisted|p2a: Tyranitar\n|-damage|p2a: Tyranitar|84\/100\n|-damage|p1a: Greninja|71\/100|[from] item: Life Orb\n|\n|-weather|Sandstorm|[upkeep]\n|-damage|p1a: Greninja|65\/100|[from] Sandstorm\n|upkeep\n|turn|10\n|\n|t:|1700760704\n|move|p1a: Greninja|Grass Knot|p2a: Tyranitar\n|-supereffective|p2a: Tyranitar\n|-damage|p2a: Tyranitar|20\/100\n|-damage|p1a: Greninja|55\/100|[from] item: Life Orb\n|move|p2a: Tyranitar|Knock Off|p1a: Greninja\n|-resisted|p1a: Greninja\n|-damage|p1a: Greninja|0 fnt\n|-enditem|p1a: Greninja|Life Orb|[from] move: Knock Off|[of] p2a: Tyranitar\n|faint|p1a: Greninja\n|\n|-weather|Sandstorm|[upkeep]\n|upkeep\n|\n|t:|1700760712\n|switch|p1a: Azumarill|Azumarill, M|100\/100\n|turn|11\n|\n|t:|1700760716\n|move|p1a: Azumarill|Aqua Jet|p2a: Tyranitar\n|-supereffective|p2a: Tyranitar\n|-damage|p2a: Tyranitar|0 fnt\n|faint|p2a: Tyranitar\n|\n|-weather|Sandstorm|[upkeep]\n|-damage|p1a: Azumarill|94\/100|[from] Sandstorm\n|upkeep\n|\n|t:|1700760719\n|switch|p2a: Gliscor|Gliscor, F|100\/100\n|turn|12\n|\n|t:|1700760723\n|move|p2a: Gliscor|Toxic|p1a: Azumarill\n|-status|p1a: Azumarill|tox\n|move|p1a: Azumarill|Belly Drum|p1a: Azumarill\n|-damage|p1a: Azumarill|45\/100 tox\n|-setboost|p1a: Azumarill|atk|6|[from] move: Belly Drum\n|-enditem|p1a: Azumarill|Sitrus Berry|[eat]\n|-heal|p1a: Azumarill|70\/100 tox|[from] item: Sitrus Berry\n|\n|-weather|Sandstorm|[upkeep]\n|-damage|p1a: Azumarill|63\/100 tox|[from] Sandstorm\n|-damage|p1a: Azumarill|57\/100 tox|[from] psn\n|-status|p2a: Gliscor|tox|[from] item: Toxic Orb\n|upkeep\n|turn|13\n|\n|t:|1700760736\n|switch|p2a: Milotic|Milotic, F|100\/100\n|-terastallize|p1a: Azumarill|Water\n|move|p1a: Azumarill|Aqua Jet|p2a: Milotic\n|-resisted|p2a: Milotic\n|-damage|p2a: Milotic|27\/100\n|\n|-weather|none\n|-damage|p1a: Azumarill|45\/100 tox|[from] psn\n|upkeep\n|turn|14\n|\n|t:|1700760749\n|move|p1a: Azumarill|Aqua Jet|p2a: Milotic\n|-resisted|p2a: Milotic\n|-damage|p2a: Milotic|0 fnt\n|faint|p2a: Milotic\n|\n|-damage|p1a: Azumarill|27\/100 tox|[from] psn\n|upkeep\n|\n|t:|1700760752\n|switch|p2a: Skarmory|Skarmory, F|24\/100\n|turn|15\n|\n|t:|1700760756\n|move|p1a: Azumarill|Aqua Jet|p2a: Skarmory\n|-damage|p2a: Skarmory|0 fnt\n|-damage|p1a: Azumarill|11\/100 tox|[from] item: Rocky Helmet|[of] p2a: Skarmory\n|faint|p2a: Skarmory\n|\n|-damage|p1a: Azumarill|0 fnt|[from] psn\n|faint|p1a: Azumarill\n|upkeep\n|\n|t:|1700760764\n|switch|p2a: Gliscor|Gliscor, F|100\/100 tox\n|switch|p1a: Garchomp|Garchomp, M|100\/100\n|turn|16\n|\n|t:|1700760772\n|detailschange|p1a: Garchomp|Garchomp-Mega, M\n|-mega|p1a: Garchomp|Garchomp|Garchompite\n|move|p1a: Garchomp|Swords Dance|p1a: Garchomp\n|-boost|p1a: Garchomp|atk|2\n|move|p2a: Gliscor|Earthquake|p1a: Garchomp\n|-damage|p1a: Garchomp|73\/100\n|\n|upkeep\n|turn|17\n|\n|t:|1700760778\n|move|p1a: Garchomp|Swords Dance|p1a: Garchomp\n|-boost|p1a: Garchomp|atk|2\n|move|p2a: Gliscor|Toxic|p1a: Garchomp\n|-status|p1a: Garchomp|tox\n|\n|-damage|p1a: Garchomp|66\/100 tox|[from] psn\n|upkeep\n|turn|18\n|\n|t:|1700760785\n|move|p1a: Garchomp|Scale Shot|p2a: Gliscor\n|-damage|p2a: Gliscor|63\/100 tox\n|-damage|p2a: Gliscor|22\/100 tox\n|-crit|p2a: Gliscor\n|-damage|p2a: Gliscor|0 fnt\n|faint|p2a: Gliscor\n|-hitcount|p2: Gliscor|3\n|\n|win|AlastorTheOverlord\n|raw|AlastorTheOverlord's rating: 1178 &rarr; <strong>1206<\/strong><br \/>(+28 for winning)\n|raw|eteleks's rating: 1213 &rarr; <strong>1185<\/strong><br \/>(-28 for losing)\n|l|\u2606eteleks\n","uploadtime":1700760795,"views":12,"p1id":"alastortheoverlord","p2id":"eteleks","formatid":"gen9nationaldex","rating":1185,"private":0,"password":""}