{"id":"gen9nationaldex-1987491731","p1":"TKODATRUTH","p2":"zjwv5","format":"[Gen 9] National Dex","log":"|j|\u2606TKODATRUTH\n|j|\u2606zjwv5\n|t:|1699600722\n|gametype|singles\n|player|p1|TKODATRUTH|unknown|1595\n|player|p2|zjwv5|red|1472\n|teamsize|p1|6\n|teamsize|p2|6\n|gen|9\n|tier|[Gen 9] National Dex\n|rated|\n|rule|HP Percentage Mod: HP is shown in percentages\n|rule|Endless Battle Clause: Forcing endless battles is banned\n|rule|OHKO Clause: OHKO moves are banned\n|rule|Evasion Clause: Evasion abilities, items, and moves are banned\n|rule|Evasion Abilities Clause: Evasion abilities are banned\n|rule|Evasion Items Clause: Evasion items are banned\n|rule|Evasion Moves Clause: Evasion moves are banned\n|rule|Species Clause: Limit one of each Pok\u00e9mon\n|rule|Sleep Clause Mod: Limit one foe put to sleep\n|clearpoke\n|poke|p1|Charizard, M|\n|poke|p1|Mew|\n|poke|p1|Greninja-*, M|\n|poke|p1|Zamazenta-*|\n|poke|p1|Rillaboom, M|\n|poke|p1|Ninetales-Alola, M|\n|poke|p2|Cloyster, F|\n|poke|p2|Ninetales-Alola, F|\n|poke|p2|Avalugg, F|\n|poke|p2|Mamoswine, M|\n|poke|p2|Kyurem|\n|poke|p2|Abomasnow, M|\n|teampreview\n|inactive|Battle timer is ON: inactive players will automatically lose when time's up. (requested by zjwv5)\n|c|\u2606TKODATRUTH|nice ice\n|\n|t:|1699600744\n|start\n|switch|p1a: Optimus|Greninja, M|100\/100\n|switch|p2a: Mamoswine|Mamoswine, M|100\/100\n|turn|1\n|\n|t:|1699600758\n|move|p1a: Optimus|Toxic Spikes|p2a: Mamoswine\n|-sidestart|p2: zjwv5|move: Toxic Spikes\n|move|p2a: Mamoswine|Earthquake|p1a: Optimus\n|-damage|p1a: Optimus|16\/100\n|\n|upkeep\n|turn|2\n|\n|t:|1699600767\n|switch|p1a: Kong|Rillaboom, M, shiny|100\/100\n|-fieldstart|move: Grassy Terrain|[from] ability: Grassy Surge|[of] p1a: Kong\n|move|p2a: Mamoswine|Stealth Rock|p1a: Kong\n|-sidestart|p1: TKODATRUTH|move: Stealth Rock\n|\n|upkeep\n|turn|3\n|\n|t:|1699600777\n|switch|p2a: Avalugg|Avalugg, F|100\/100\n|move|p1a: Kong|Grassy Glide|p2a: Avalugg\n|-damage|p2a: Avalugg|75\/100\n|\n|-heal|p2a: Avalugg|81\/100|[from] Grassy Terrain\n|upkeep\n|turn|4\n|\n|t:|1699600794\n|switch|p1a: Silverbolt|Ninetales-Alola, M, shiny|100\/100\n|-damage|p1a: Silverbolt|76\/100|[from] Stealth Rock\n|-weather|Snow|[from] ability: Snow Warning|[of] p1a: Silverbolt\n|move|p2a: Avalugg|Rapid Spin|p1a: Silverbolt\n|-damage|p1a: Silverbolt|64\/100\n|-boost|p2a: Avalugg|spe|1\n|-sideend|p2: zjwv5|Toxic Spikes|[from] move: Rapid Spin|[of] p2a: Avalugg\n|\n|-weather|Snow|[upkeep]\n|-heal|p1a: Silverbolt|70\/100|[from] Grassy Terrain\n|-heal|p2a: Avalugg|88\/100|[from] Grassy Terrain\n|upkeep\n|turn|5\n|\n|t:|1699600818\n|move|p1a: Silverbolt|Aurora Veil|p1a: Silverbolt\n|-sidestart|p1: TKODATRUTH|move: Aurora Veil\n|move|p2a: Avalugg|Body Press|p1a: Silverbolt\n|-damage|p1a: Silverbolt|54\/100\n|\n|-weather|Snow|[upkeep]\n|-heal|p1a: Silverbolt|60\/100|[from] Grassy Terrain\n|-heal|p2a: Avalugg|94\/100|[from] Grassy Terrain\n|upkeep\n|turn|6\n|inactive|TKODATRUTH has 120 seconds left.\n|\n|t:|1699600845\n|switch|p1a: Paws|Mew, shiny|100\/100\n|-damage|p1a: Paws|88\/100|[from] Stealth Rock\n|switch|p2a: Abomasnow|Abomasnow, M|100\/100\n|\n|-weather|Snow|[upkeep]\n|-heal|p1a: Paws|94\/100|[from] Grassy Terrain\n|-fieldend|move: Grassy Terrain\n|upkeep\n|turn|7\n|inactive|TKODATRUTH has 120 seconds left.\n|\n|t:|1699600856\n|detailschange|p2a: Abomasnow|Abomasnow-Mega, M\n|-mega|p2a: Abomasnow|Abomasnow|Abomasite\n|move|p1a: Paws|Cosmic Power|p1a: Paws\n|-boost|p1a: Paws|def|1\n|-boost|p1a: Paws|spd|1\n|move|p2a: Abomasnow|Aurora Veil|p2a: Abomasnow\n|-sidestart|p2: zjwv5|move: Aurora Veil\n|\n|-weather|Snow|[upkeep]\n|upkeep\n|turn|8\n|inactive|TKODATRUTH has 120 seconds left.\n|\n|t:|1699600866\n|switch|p2a: Ninetales|Ninetales-Alola, F|100\/100\n|move|p1a: Paws|Nasty Plot|p1a: Paws\n|-boost|p1a: Paws|spa|2\n|\n|-weather|none\n|upkeep\n|turn|9\n|\n|t:|1699600876\n|move|p2a: Ninetales|Encore|p1a: Paws\n|-start|p1a: Paws|Encore\n|move|p1a: Paws|Nasty Plot|p1a: Paws\n|-boost|p1a: Paws|spa|2\n|\n|upkeep\n|turn|10\n|inactive|TKODATRUTH has 120 seconds left.\n|\n|t:|1699600899\n|move|p2a: Ninetales|Moonblast|p1a: Paws\n|-damage|p1a: Paws|86\/100\n|move|p1a: Paws|Nasty Plot|p1a: Paws\n|-boost|p1a: Paws|spa|2\n|\n|upkeep\n|turn|11\n|inactive|TKODATRUTH has 120 seconds left.\n|\n|t:|1699600907\n|move|p2a: Ninetales|Freeze-Dry|p1a: Paws\n|-damage|p1a: Paws|81\/100\n|move|p1a: Paws|Nasty Plot|p1a: Paws\n|-boost|p1a: Paws|spa|0\n|\n|-end|p1a: Paws|Encore\n|-sideend|p2: zjwv5|move: Aurora Veil\n|upkeep\n|turn|12\n|inactive|TKODATRUTH has 120 seconds left.\n|\n|t:|1699600935\n|switch|p1a: Maximus|Zamazenta, shiny|100\/100\n|-damage|p1a: Maximus|94\/100|[from] Stealth Rock\n|-ability|p1a: Maximus|Dauntless Shield|boost\n|-boost|p1a: Maximus|def|1\n|move|p2a: Ninetales|Encore||[still]\n|-fail|p2a: Ninetales\n|\n|-heal|p1a: Maximus|100\/100|[from] item: Leftovers\n|-sideend|p1: TKODATRUTH|move: Aurora Veil\n|upkeep\n|turn|13\n|\n|t:|1699600949\n|switch|p2a: Abomasnow|Abomasnow-Mega, M|100\/100\n|-weather|Snow|[from] ability: Snow Warning|[of] p2a: Abomasnow\n|move|p1a: Maximus|Heavy Slam|p2a: Abomasnow\n|-supereffective|p2a: Abomasnow\n|-damage|p2a: Abomasnow|88\/100\n|\n|-weather|Snow|[upkeep]\n|upkeep\n|turn|14\n|\n|t:|1699600973\n|-terastallize|p1a: Maximus|Steel\n|move|p1a: Maximus|Substitute|p1a: Maximus\n|-start|p1a: Maximus|Substitute\n|-damage|p1a: Maximus|76\/100\n|move|p2a: Abomasnow|Aurora Veil|p2a: Abomasnow\n|-sidestart|p2: zjwv5|move: Aurora Veil\n|\n|-weather|Snow|[upkeep]\n|-heal|p1a: Maximus|82\/100|[from] item: Leftovers\n|upkeep\n|turn|15\n|\n|t:|1699600990\n|switch|p2a: Avalugg|Avalugg, F|94\/100\n|move|p1a: Maximus|Iron Defense|p1a: Maximus\n|-boost|p1a: Maximus|def|2\n|\n|-weather|Snow|[upkeep]\n|-heal|p1a: Maximus|88\/100|[from] item: Leftovers\n|upkeep\n|turn|16\n|\n|t:|1699601000\n|-terastallize|p2a: Avalugg|Fighting\n|move|p1a: Maximus|Iron Defense|p1a: Maximus\n|-boost|p1a: Maximus|def|2\n|move|p2a: Avalugg|Iron Defense|p2a: Avalugg\n|-boost|p2a: Avalugg|def|2\n|\n|-weather|Snow|[upkeep]\n|-heal|p1a: Maximus|94\/100|[from] item: Leftovers\n|upkeep\n|turn|17\n|\n|t:|1699601014\n|move|p1a: Maximus|Body Press|p2a: Avalugg\n|-damage|p2a: Avalugg|82\/100\n|move|p2a: Avalugg|Iron Defense|p2a: Avalugg\n|-boost|p2a: Avalugg|def|2\n|\n|-weather|none\n|-heal|p1a: Maximus|100\/100|[from] item: Leftovers\n|upkeep\n|turn|18\n|j| ddddddabai\n|\n|t:|1699601024\n|switch|p1a: Silverbolt|Ninetales-Alola, M, shiny|60\/100\n|-damage|p1a: Silverbolt|35\/100|[from] Stealth Rock\n|-weather|Snow|[from] ability: Snow Warning|[of] p1a: Silverbolt\n|move|p2a: Avalugg|Body Press|p1a: Silverbolt\n|-damage|p1a: Silverbolt|0 fnt\n|faint|p1a: Silverbolt\n|\n|-weather|Snow|[upkeep]\n|-sideend|p2: zjwv5|move: Aurora Veil\n|upkeep\n|\n|t:|1699601041\n|switch|p1a: Optimus|Greninja, M|16\/100\n|-damage|p1a: Optimus|4\/100|[from] Stealth Rock\n|turn|19\n|\n|t:|1699601054\n|move|p1a: Optimus|Toxic Spikes|p2a: Avalugg\n|-sidestart|p2: zjwv5|move: Toxic Spikes\n|move|p2a: Avalugg|Rapid Spin|p1a: Optimus\n|-damage|p1a: Optimus|0 fnt\n|-boost|p2a: Avalugg|spe|1\n|-sideend|p2: zjwv5|Toxic Spikes|[from] move: Rapid Spin|[of] p2a: Avalugg\n|faint|p1a: Optimus\n|\n|-weather|Snow|[upkeep]\n|upkeep\n|\n|t:|1699601067\n|switch|p1a: Paws|Mew, shiny|81\/100\n|-damage|p1a: Paws|68\/100|[from] Stealth Rock\n|turn|20\n|\n|t:|1699601076\n|switch|p2a: Ninetales|Ninetales-Alola, F|100\/100\n|move|p1a: Paws|Cosmic Power|p1a: Paws\n|-boost|p1a: Paws|def|1\n|-boost|p1a: Paws|spd|1\n|\n|-weather|Snow|[upkeep]\n|upkeep\n|turn|21\n|\n|t:|1699601088\n|switch|p1a: Kong|Rillaboom, M, shiny|100\/100\n|-damage|p1a: Kong|88\/100|[from] Stealth Rock\n|-fieldstart|move: Grassy Terrain|[from] ability: Grassy Surge|[of] p1a: Kong\n|move|p2a: Ninetales|Aurora Veil|p2a: Ninetales\n|-sidestart|p2: zjwv5|move: Aurora Veil\n|\n|-weather|Snow|[upkeep]\n|-heal|p1a: Kong|94\/100|[from] Grassy Terrain\n|upkeep\n|turn|22\n|\n|t:|1699601102\n|move|p2a: Ninetales|Freeze-Dry|p1a: Kong\n|-supereffective|p1a: Kong\n|-damage|p1a: Kong|51\/100\n|move|p1a: Kong|Leech Seed|p2a: Ninetales\n|-start|p2a: Ninetales|move: Leech Seed\n|\n|-weather|none\n|-heal|p1a: Kong|57\/100|[from] Grassy Terrain\n|-damage|p2a: Ninetales|88\/100|[from] Leech Seed|[of] p1a: Kong\n|-heal|p1a: Kong|68\/100|[silent]\n|upkeep\n|turn|23\n|\n|t:|1699601117\n|switch|p2a: Avalugg|Avalugg, F, tera:Fighting|82\/100\n|switch|p1a: Paws|Mew, shiny|68\/100\n|-damage|p1a: Paws|56\/100|[from] Stealth Rock\n|\n|-heal|p1a: Paws|62\/100|[from] Grassy Terrain\n|-heal|p2a: Avalugg|89\/100|[from] Grassy Terrain\n|upkeep\n|turn|24\n|inactive|TKODATRUTH has 90 seconds left.\n|\n|t:|1699601133\n|switch|p2a: Ninetales|Ninetales-Alola, F|88\/100\n|-weather|Snow|[from] ability: Snow Warning|[of] p2a: Ninetales\n|move|p1a: Paws|Cosmic Power|p1a: Paws\n|-boost|p1a: Paws|def|1\n|-boost|p1a: Paws|spd|1\n|\n|-weather|Snow|[upkeep]\n|-heal|p2a: Ninetales|94\/100|[from] Grassy Terrain\n|-heal|p1a: Paws|68\/100|[from] Grassy Terrain\n|upkeep\n|turn|25\n|inactive|TKODATRUTH has 90 seconds left.\n|\n|t:|1699601150\n|move|p2a: Ninetales|Encore|p1a: Paws\n|-start|p1a: Paws|Encore\n|move|p1a: Paws|Cosmic Power|p1a: Paws\n|-boost|p1a: Paws|def|1\n|-boost|p1a: Paws|spd|1\n|\n|-weather|Snow|[upkeep]\n|-heal|p2a: Ninetales|99\/100|[from] Grassy Terrain\n|-heal|p1a: Paws|74\/100|[from] Grassy Terrain\n|-fieldend|move: Grassy Terrain\n|upkeep\n|turn|26\n|inactive|TKODATRUTH has 90 seconds left.\n|\n|t:|1699601173\n|move|p2a: Ninetales|Freeze-Dry|p1a: Paws\n|-damage|p1a: Paws|66\/100\n|move|p1a: Paws|Cosmic Power|p1a: Paws\n|-boost|p1a: Paws|def|1\n|-boost|p1a: Paws|spd|1\n|\n|-weather|Snow|[upkeep]\n|upkeep\n|turn|27\n|\n|t:|1699601181\n|move|p2a: Ninetales|Freeze-Dry|p1a: Paws\n|-damage|p1a: Paws|59\/100\n|move|p1a: Paws|Cosmic Power|p1a: Paws\n|-boost|p1a: Paws|def|1\n|-boost|p1a: Paws|spd|1\n|\n|-weather|Snow|[upkeep]\n|-end|p1a: Paws|Encore\n|upkeep\n|turn|28\n|\n|t:|1699601195\n|move|p2a: Ninetales|Encore|p1a: Paws\n|-start|p1a: Paws|Encore\n|move|p1a: Paws|Cosmic Power|p1a: Paws\n|-boost|p1a: Paws|def|1\n|-boost|p1a: Paws|spd|1\n|\n|-weather|none\n|-sideend|p2: zjwv5|move: Aurora Veil\n|upkeep\n|turn|29\n|\n|t:|1699601204\n|move|p2a: Ninetales|Freeze-Dry|p1a: Paws\n|-damage|p1a: Paws|54\/100\n|move|p1a: Paws|Cosmic Power|p1a: Paws\n|-boost|p1a: Paws|def|1\n|-boost|p1a: Paws|spd|1\n|\n|upkeep\n|turn|30\n|inactive|TKODATRUTH has 90 seconds left.\n|\n|t:|1699601212\n|move|p2a: Ninetales|Freeze-Dry|p1a: Paws\n|-damage|p1a: Paws|49\/100\n|move|p1a: Paws|Cosmic Power|p1a: Paws\n|-boost|p1a: Paws|def|0\n|-boost|p1a: Paws|spd|0\n|\n|-end|p1a: Paws|Encore\n|upkeep\n|turn|31\n|inactive|TKODATRUTH has 90 seconds left.\n|\n|t:|1699601226\n|move|p2a: Ninetales|Encore|p1a: Paws\n|-start|p1a: Paws|Encore\n|move|p1a: Paws|Cosmic Power|p1a: Paws\n|-boost|p1a: Paws|def|0\n|-boost|p1a: Paws|spd|0\n|\n|upkeep\n|turn|32\n|\n|t:|1699601233\n|move|p2a: Ninetales|Moonblast|p1a: Paws\n|-damage|p1a: Paws|44\/100\n|move|p1a: Paws|Cosmic Power|p1a: Paws\n|-boost|p1a: Paws|def|0\n|-boost|p1a: Paws|spd|0\n|\n|upkeep\n|turn|33\n|\n|t:|1699601240\n|move|p2a: Ninetales|Moonblast|p1a: Paws\n|-damage|p1a: Paws|39\/100\n|move|p1a: Paws|Cosmic Power|p1a: Paws\n|-boost|p1a: Paws|def|0\n|-boost|p1a: Paws|spd|0\n|\n|-end|p1a: Paws|Encore\n|upkeep\n|turn|34\n|\n|t:|1699601249\n|move|p2a: Ninetales|Encore|p1a: Paws\n|-start|p1a: Paws|Encore\n|move|p1a: Paws|Cosmic Power|p1a: Paws\n|-boost|p1a: Paws|def|0\n|-boost|p1a: Paws|spd|0\n|\n|upkeep\n|turn|35\n|\n|t:|1699601256\n|switch|p2a: Kyurem|Kyurem|100\/100\n|-ability|p2a: Kyurem|Pressure\n|move|p1a: Paws|Cosmic Power|p1a: Paws\n|-boost|p1a: Paws|def|0\n|-boost|p1a: Paws|spd|0\n|\n|upkeep\n|turn|36\n|\n|t:|1699601265\n|move|p1a: Paws|Cosmic Power|p1a: Paws\n|-boost|p1a: Paws|def|0\n|-boost|p1a: Paws|spd|0\n|move|p2a: Kyurem|Dragon Tail|p1a: Paws\n|-damage|p1a: Paws|33\/100\n|drag|p1a: Maximus|Zamazenta, shiny, tera:Steel|100\/100\n|-damage|p1a: Maximus|94\/100|[from] Stealth Rock\n|\n|-heal|p1a: Maximus|100\/100|[from] item: Leftovers\n|upkeep\n|turn|37\n|inactive|TKODATRUTH has 120 seconds left.\n|\n|t:|1699601290\n|switch|p1a: Kong|Rillaboom, M, shiny|68\/100\n|-damage|p1a: Kong|55\/100|[from] Stealth Rock\n|-fieldstart|move: Grassy Terrain|[from] ability: Grassy Surge|[of] p1a: Kong\n|switch|p2a: Abomasnow|Abomasnow-Mega, M|88\/100\n|-weather|Snow|[from] ability: Snow Warning|[of] p2a: Abomasnow\n|\n|-weather|Snow|[upkeep]\n|-heal|p1a: Kong|61\/100|[from] Grassy Terrain\n|-heal|p2a: Abomasnow|94\/100|[from] Grassy Terrain\n|upkeep\n|turn|38\n|\n|t:|1699601304\n|move|p1a: Kong|U-turn|p2a: Abomasnow\n|-supereffective|p2a: Abomasnow\n|-damage|p2a: Abomasnow|51\/100\n|\n|t:|1699601308\n|switch|p1a: Maximus|Zamazenta, shiny, tera:Steel|100\/100|[from] U-turn\n|-damage|p1a: Maximus|94\/100|[from] Stealth Rock\n|move|p2a: Abomasnow|Aurora Veil|p2a: Abomasnow\n|-sidestart|p2: zjwv5|move: Aurora Veil\n|\n|-weather|Snow|[upkeep]\n|-heal|p1a: Maximus|100\/100|[from] Grassy Terrain\n|-heal|p2a: Abomasnow|57\/100|[from] Grassy Terrain\n|upkeep\n|turn|39\n|\n|t:|1699601326\n|switch|p1a: Jetfire|Charizard, M, shiny|100\/100\n|-damage|p1a: Jetfire|51\/100|[from] Stealth Rock\n|switch|p2a: Cloyster|Cloyster, F|100\/100\n|\n|-weather|Snow|[upkeep]\n|upkeep\n|turn|40\n|\n|t:|1699601344\n|detailschange|p1a: Jetfire|Charizard-Mega-X, M, shiny\n|-mega|p1a: Jetfire|Charizard|Charizardite X\n|move|p1a: Jetfire|Thunder Punch|p2a: Cloyster\n|-supereffective|p2a: Cloyster\n|-damage|p2a: Cloyster|79\/100\n|move|p2a: Cloyster|Shell Smash|p2a: Cloyster\n|-unboost|p2a: Cloyster|def|1\n|-unboost|p2a: Cloyster|spd|1\n|-boost|p2a: Cloyster|atk|2\n|-boost|p2a: Cloyster|spa|2\n|-boost|p2a: Cloyster|spe|2\n|-enditem|p2a: Cloyster|White Herb\n|-clearnegativeboost|p2a: Cloyster|[silent]\n|\n|-weather|Snow|[upkeep]\n|-heal|p2a: Cloyster|85\/100|[from] Grassy Terrain\n|-heal|p1a: Jetfire|57\/100|[from] Grassy Terrain\n|upkeep\n|turn|41\n|inactive|TKODATRUTH has 90 seconds left.\n|\n|t:|1699601362\n|move|p2a: Cloyster|Icicle Spear|p1a: Jetfire\n|-damage|p1a: Jetfire|31\/100\n|-damage|p1a: Jetfire|8\/100\n|-damage|p1a: Jetfire|0 fnt\n|faint|p1a: Jetfire\n|-hitcount|p1: Jetfire|3\n|\n|-weather|none\n|-heal|p2a: Cloyster|91\/100|[from] Grassy Terrain\n|-fieldend|move: Grassy Terrain\n|upkeep\n|inactive|TKODATRUTH has 90 seconds left.\n|\n|t:|1699601370\n|switch|p1a: Maximus|Zamazenta, shiny, tera:Steel|100\/100\n|-damage|p1a: Maximus|94\/100|[from] Stealth Rock\n|turn|42\n|\n|t:|1699601376\n|move|p2a: Cloyster|Liquidation|p1a: Maximus\n|-damage|p1a: Maximus|33\/100\n|move|p1a: Maximus|Iron Defense|p1a: Maximus\n|-boost|p1a: Maximus|def|2\n|\n|-heal|p1a: Maximus|39\/100|[from] item: Leftovers\n|-sideend|p2: zjwv5|move: Aurora Veil\n|upkeep\n|turn|43\n|\n|t:|1699601385\n|move|p2a: Cloyster|Liquidation|p1a: Maximus\n|-damage|p1a: Maximus|9\/100\n|move|p1a: Maximus|Body Press|p2a: Cloyster\n|-supereffective|p2a: Cloyster\n|-damage|p2a: Cloyster|0 fnt\n|faint|p2a: Cloyster\n|\n|-heal|p1a: Maximus|15\/100|[from] item: Leftovers\n|upkeep\n|\n|t:|1699601397\n|switch|p2a: Mamoswine|Mamoswine, M|100\/100\n|turn|44\n|\n|t:|1699601402\n|move|p1a: Maximus|Body Press|p2a: Mamoswine\n|-supereffective|p2a: Mamoswine\n|-enditem|p2a: Mamoswine|Focus Sash\n|-damage|p2a: Mamoswine|1\/100\n|move|p2a: Mamoswine|Earthquake|p1a: Maximus\n|-supereffective|p1a: Maximus\n|-damage|p1a: Maximus|0 fnt\n|faint|p1a: Maximus\n|\n|upkeep\n|\n|t:|1699601422\n|switch|p1a: Kong|Rillaboom, M, shiny|61\/100\n|-damage|p1a: Kong|49\/100|[from] Stealth Rock\n|-fieldstart|move: Grassy Terrain|[from] ability: Grassy Surge|[of] p1a: Kong\n|turn|45\n|\n|t:|1699601430\n|switch|p2a: Abomasnow|Abomasnow-Mega, M|57\/100\n|-weather|Snow|[from] ability: Snow Warning|[of] p2a: Abomasnow\n|move|p1a: Kong|U-turn|p2a: Abomasnow\n|-supereffective|p2a: Abomasnow\n|-damage|p2a: Abomasnow|16\/100\n|\n|t:|1699601436\n|switch|p1a: Paws|Mew, shiny|33\/100|[from] U-turn\n|-damage|p1a: Paws|21\/100|[from] Stealth Rock\n|\n|-weather|Snow|[upkeep]\n|-heal|p1a: Paws|27\/100|[from] Grassy Terrain\n|-heal|p2a: Abomasnow|22\/100|[from] Grassy Terrain\n|upkeep\n|turn|46\n|\n|t:|1699601454\n|move|p1a: Paws|Cosmic Power|p1a: Paws\n|-boost|p1a: Paws|def|1\n|-boost|p1a: Paws|spd|1\n|move|p2a: Abomasnow|Wood Hammer|p1a: Paws\n|-damage|p1a: Paws|0 fnt\n|faint|p1a: Paws\n|-damage|p2a: Abomasnow|14\/100|[from] Recoil\n|\n|-weather|Snow|[upkeep]\n|-heal|p2a: Abomasnow|20\/100|[from] Grassy Terrain\n|upkeep\n|\n|t:|1699601464\n|switch|p1a: Kong|Rillaboom, M, shiny|49\/100\n|-damage|p1a: Kong|37\/100|[from] Stealth Rock\n|turn|47\n|\n|t:|1699601470\n|move|p2a: Abomasnow|Ice Shard|p1a: Kong\n|-supereffective|p1a: Kong\n|-damage|p1a: Kong|0 fnt\n|faint|p1a: Kong\n|\n|win|zjwv5\n|raw|TKODATRUTH's rating: 1595 &rarr; <strong>1568<\/strong><br \/>(-27 for losing)\n|raw|zjwv5's rating: 1472 &rarr; <strong>1499<\/strong><br \/>(+27 for winning)\n|l|\u2606TKODATRUTH\n","uploadtime":1699601480,"views":10,"p1id":"tkodatruth","p2id":"zjwv5","formatid":"gen9nationaldex","rating":1499,"private":0,"password":""}