{"id":"gen9nationaldex-1995836012","p1":"wind233","p2":"TheStroker","format":"[Gen 9] National Dex","log":"|html|<div class=\"broadcast-blue\"><strong>[Gen 9] National Dex is currently suspecting Sneasler! For information on how to participate check out the <a href=\"https:\/\/www.smogon.com\/forums\/threads\/sv-national-dex-suspect-8-just-dance.3731534\/\">suspect thread<\/a>.<\/strong><\/div>\n|j|\u2606wind233\n|j|\u2606TheStroker\n|t:|1700607985\n|gametype|singles\n|player|p1|wind233|dawn|1533\n|player|p2|TheStroker|janitor|1556\n|teamsize|p1|6\n|teamsize|p2|6\n|gen|9\n|tier|[Gen 9] National Dex\n|rated|\n|rule|HP Percentage Mod: HP is shown in percentages\n|rule|Endless Battle Clause: Forcing endless battles is banned\n|rule|OHKO Clause: OHKO moves are banned\n|rule|Evasion Clause: Evasion abilities, items, and moves are banned\n|rule|Evasion Abilities Clause: Evasion abilities are banned\n|rule|Evasion Items Clause: Evasion items are banned\n|rule|Evasion Moves Clause: Evasion moves are banned\n|rule|Species Clause: Limit one of each Pok\u00e9mon\n|rule|Sleep Clause Mod: Limit one foe put to sleep\n|clearpoke\n|poke|p1|Diancie|\n|poke|p1|Goodra-Hisui, M|\n|poke|p1|Buzzwole|\n|poke|p1|Urshifu-*, M|\n|poke|p1|Kommo-o, M|\n|poke|p1|Magnezone|\n|poke|p2|Skeledirge, F|\n|poke|p2|Ditto|\n|poke|p2|Zangoose, F|\n|poke|p2|Mightyena, M|\n|poke|p2|Landorus-Therian, M|\n|poke|p2|Sneasler, M|\n|teampreview\n|j| 5cat\n|\n|t:|1700608001\n|start\n|switch|p1a: \u767d\u7ed9\u516c\u4e3b|Diancie|100\/100\n|switch|p2a: oooooooooooooo|Landorus-Therian, M|100\/100\n|-ability|p2a: oooooooooooooo|Intimidate|boost\n|-fail|p1a: \u767d\u7ed9\u516c\u4e3b|unboost|[from] ability: Clear Body|[of] p1a: \u767d\u7ed9\u516c\u4e3b\n|turn|1\n|j| kung fu pokechu\n|\n|t:|1700608022\n|switch|p1a: \u5b89\u5fc3\u7684\u80cc\u5f71|Buzzwole|100\/100\n|move|p2a: oooooooooooooo|Knock Off|p1a: \u5b89\u5fc3\u7684\u80cc\u5f71\n|-resisted|p1a: \u5b89\u5fc3\u7684\u80cc\u5f71\n|-damage|p1a: \u5b89\u5fc3\u7684\u80cc\u5f71|93\/100\n|-damage|p2a: oooooooooooooo|84\/100|[from] item: Rocky Helmet|[of] p1a: \u5b89\u5fc3\u7684\u80cc\u5f71\n|-enditem|p1a: \u5b89\u5fc3\u7684\u80cc\u5f71|Rocky Helmet|[from] move: Knock Off|[of] p2a: oooooooooooooo\n|\n|-heal|p2a: oooooooooooooo|90\/100|[from] item: Leftovers\n|upkeep\n|turn|2\n|\n|t:|1700608030\n|switch|p2a: Not flamboyant|Skeledirge, F|100\/100\n|move|p1a: \u5b89\u5fc3\u7684\u80cc\u5f71|Ice Punch|p2a: Not flamboyant\n|-resisted|p2a: Not flamboyant\n|-damage|p2a: Not flamboyant|92\/100\n|\n|upkeep\n|turn|3\n|inactive|Battle timer is ON: inactive players will automatically lose when time's up. (requested by TheStroker)\n|\n|t:|1700608041\n|switch|p1a: \u6709\u6ca1\u6709\u7f81\u7eca\u554a|Goodra-Hisui, M|100\/100\n|move|p2a: Not flamboyant|Will-O-Wisp|p1a: \u6709\u6ca1\u6709\u7f81\u7eca\u554a|[miss]\n|-miss|p2a: Not flamboyant|p1a: \u6709\u6ca1\u6709\u7f81\u7eca\u554a\n|\n|upkeep\n|turn|4\n|\n|t:|1700608049\n|move|p2a: Not flamboyant|Will-O-Wisp|p1a: \u6709\u6ca1\u6709\u7f81\u7eca\u554a\n|-status|p1a: \u6709\u6ca1\u6709\u7f81\u7eca\u554a|brn\n|move|p1a: \u6709\u6ca1\u6709\u7f81\u7eca\u554a|Thunderbolt|p2a: Not flamboyant\n|-damage|p2a: Not flamboyant|58\/100\n|\n|-damage|p1a: \u6709\u6ca1\u6709\u7f81\u7eca\u554a|94\/100 brn|[from] brn\n|upkeep\n|turn|5\n|\n|t:|1700608055\n|move|p2a: Not flamboyant|Slack Off|p2a: Not flamboyant\n|-heal|p2a: Not flamboyant|100\/100\n|move|p1a: \u6709\u6ca1\u6709\u7f81\u7eca\u554a|Thunderbolt|p2a: Not flamboyant\n|-damage|p2a: Not flamboyant|70\/100\n|\n|-damage|p1a: \u6709\u6ca1\u6709\u7f81\u7eca\u554a|88\/100 brn|[from] brn\n|upkeep\n|turn|6\n|\n|t:|1700608070\n|switch|p2a: oooooooooooooo|Landorus-Therian, M|90\/100\n|-ability|p2a: oooooooooooooo|Intimidate|boost\n|-unboost|p1a: \u6709\u6ca1\u6709\u7f81\u7eca\u554a|atk|1\n|move|p1a: \u6709\u6ca1\u6709\u7f81\u7eca\u554a|Thunderbolt|p2a: oooooooooooooo\n|-immune|p2a: oooooooooooooo\n|\n|-heal|p2a: oooooooooooooo|96\/100|[from] item: Leftovers\n|-damage|p1a: \u6709\u6ca1\u6709\u7f81\u7eca\u554a|82\/100 brn|[from] brn\n|upkeep\n|turn|7\n|\n|t:|1700608081\n|switch|p2a: Not flamboyant|Skeledirge, F|70\/100\n|-terastallize|p1a: \u6709\u6ca1\u6709\u7f81\u7eca\u554a|Ground\n|move|p1a: \u6709\u6ca1\u6709\u7f81\u7eca\u554a|Ice Beam|p2a: Not flamboyant\n|-resisted|p2a: Not flamboyant\n|-damage|p2a: Not flamboyant|54\/100\n|-status|p2a: Not flamboyant|frz\n|\n|-damage|p1a: \u6709\u6ca1\u6709\u7f81\u7eca\u554a|76\/100 brn|[from] brn\n|upkeep\n|turn|8\n|\n|t:|1700608097\n|-curestatus|p2a: Not flamboyant|frz|[msg]\n|move|p2a: Not flamboyant|Slack Off|p2a: Not flamboyant\n|-heal|p2a: Not flamboyant|100\/100\n|move|p1a: \u6709\u6ca1\u6709\u7f81\u7eca\u554a|Thunderbolt|p2a: Not flamboyant\n|-damage|p2a: Not flamboyant|66\/100\n|\n|-damage|p1a: \u6709\u6ca1\u6709\u7f81\u7eca\u554a|70\/100 brn|[from] brn\n|upkeep\n|turn|9\n|\n|t:|1700608112\n|move|p2a: Not flamboyant|Torch Song|p1a: \u6709\u6ca1\u6709\u7f81\u7eca\u554a\n|-damage|p1a: \u6709\u6ca1\u6709\u7f81\u7eca\u554a|56\/100 brn\n|-boost|p2a: Not flamboyant|spa|1\n|move|p1a: \u6709\u6ca1\u6709\u7f81\u7eca\u554a|Thunderbolt|p2a: Not flamboyant\n|-damage|p2a: Not flamboyant|33\/100\n|\n|-damage|p1a: \u6709\u6ca1\u6709\u7f81\u7eca\u554a|50\/100 brn|[from] brn\n|upkeep\n|turn|10\n|\n|t:|1700608118\n|switch|p1a: \u6597\u9f99\u4f60\u884c\u4e0d\u884c|Kommo-o, M|100\/100\n|move|p2a: Not flamboyant|Slack Off|p2a: Not flamboyant\n|-heal|p2a: Not flamboyant|83\/100\n|\n|upkeep\n|turn|11\n|\n|t:|1700608129\n|switch|p1a: Magnezone|Magnezone|100\/100\n|switch|p2a: Rather mighty|Mightyena, M|100\/100\n|-ability|p2a: Rather mighty|Intimidate|boost\n|-unboost|p1a: Magnezone|atk|1\n|\n|upkeep\n|turn|12\n|\n|t:|1700608140\n|switch|p2a: oooooooooooooo|Landorus-Therian, M|96\/100\n|-ability|p2a: oooooooooooooo|Intimidate|boost\n|-unboost|p1a: Magnezone|atk|1\n|move|p1a: Magnezone|Flash Cannon|p2a: oooooooooooooo\n|-damage|p2a: oooooooooooooo|25\/100\n|-unboost|p2a: oooooooooooooo|spd|1\n|\n|-heal|p2a: oooooooooooooo|31\/100|[from] item: Leftovers\n|upkeep\n|turn|13\n|\n|t:|1700608155\n|switch|p1a: \u5b89\u5fc3\u7684\u80cc\u5f71|Buzzwole|93\/100\n|move|p2a: oooooooooooooo|Earthquake|p1a: \u5b89\u5fc3\u7684\u80cc\u5f71\n|-resisted|p1a: \u5b89\u5fc3\u7684\u80cc\u5f71\n|-damage|p1a: \u5b89\u5fc3\u7684\u80cc\u5f71|82\/100\n|\n|-heal|p2a: oooooooooooooo|37\/100|[from] item: Leftovers\n|upkeep\n|turn|14\n|\n|t:|1700608162\n|switch|p2a: Not flamboyant|Skeledirge, F|83\/100\n|move|p1a: \u5b89\u5fc3\u7684\u80cc\u5f71|Earthquake|p2a: Not flamboyant\n|-supereffective|p2a: Not flamboyant\n|-damage|p2a: Not flamboyant|43\/100\n|\n|upkeep\n|turn|15\n|\n|t:|1700608179\n|switch|p2a: oooooooooooooo|Landorus-Therian, M|37\/100\n|-ability|p2a: oooooooooooooo|Intimidate|boost\n|-unboost|p1a: \u5b89\u5fc3\u7684\u80cc\u5f71|atk|1\n|move|p1a: \u5b89\u5fc3\u7684\u80cc\u5f71|Earthquake|p2a: oooooooooooooo\n|-immune|p2a: oooooooooooooo\n|\n|-heal|p2a: oooooooooooooo|44\/100|[from] item: Leftovers\n|upkeep\n|turn|16\n|\n|t:|1700608188\n|switch|p2a: Not flamboyant|Skeledirge, F|43\/100\n|move|p1a: \u5b89\u5fc3\u7684\u80cc\u5f71|Ice Punch|p2a: Not flamboyant\n|-resisted|p2a: Not flamboyant\n|-damage|p2a: Not flamboyant|35\/100\n|\n|upkeep\n|turn|17\n|\n|t:|1700608200\n|switch|p1a: \u6597\u9f99\u4f60\u884c\u4e0d\u884c|Kommo-o, M|100\/100\n|move|p2a: Not flamboyant|Slack Off|p2a: Not flamboyant\n|-heal|p2a: Not flamboyant|85\/100\n|\n|upkeep\n|turn|18\n|\n|t:|1700608212\n|switch|p2a: Rather mighty|Mightyena, M|100\/100\n|-ability|p2a: Rather mighty|Intimidate|boost\n|-unboost|p1a: \u6597\u9f99\u4f60\u884c\u4e0d\u884c|atk|1\n|-zpower|p1a: \u6597\u9f99\u4f60\u884c\u4e0d\u884c\n|move|p1a: \u6597\u9f99\u4f60\u884c\u4e0d\u884c|Clangorous Soulblaze|p2a: Rather mighty|[zeffect]\n|-enditem|p2a: Rather mighty|Focus Sash\n|-damage|p2a: Rather mighty|1\/100\n|-boost|p1a: \u6597\u9f99\u4f60\u884c\u4e0d\u884c|atk|1\n|-boost|p1a: \u6597\u9f99\u4f60\u884c\u4e0d\u884c|def|1\n|-boost|p1a: \u6597\u9f99\u4f60\u884c\u4e0d\u884c|spa|1\n|-boost|p1a: \u6597\u9f99\u4f60\u884c\u4e0d\u884c|spd|1\n|-boost|p1a: \u6597\u9f99\u4f60\u884c\u4e0d\u884c|spe|1\n|\n|upkeep\n|turn|19\n|\n|t:|1700608225\n|move|p1a: \u6597\u9f99\u4f60\u884c\u4e0d\u884c|Flamethrower|p2a: Rather mighty\n|-damage|p2a: Rather mighty|0 fnt\n|faint|p2a: Rather mighty\n|\n|upkeep\n|\n|t:|1700608227\n|switch|p2a: Not edited|Ditto|100\/100\n|-transform|p2a: Not edited|p1a: \u6597\u9f99\u4f60\u884c\u4e0d\u884c|[from] ability: Imposter\n|turn|20\n|\n|t:|1700608256\n|move|p2a: Not edited|Drain Punch|p1a: \u6597\u9f99\u4f60\u884c\u4e0d\u884c\n|-damage|p1a: \u6597\u9f99\u4f60\u884c\u4e0d\u884c|81\/100\n|move|p1a: \u6597\u9f99\u4f60\u884c\u4e0d\u884c|Drain Punch|p2a: Not edited\n|-damage|p2a: Not edited|81\/100\n|-heal|p1a: \u6597\u9f99\u4f60\u884c\u4e0d\u884c|91\/100|[from] drain|[of] p2a: Not edited\n|\n|upkeep\n|turn|21\n|inactive|TheStroker has 120 seconds left.\n|\n|t:|1700608277\n|switch|p2a: Not flamboyant|Skeledirge, F|85\/100\n|move|p1a: \u6597\u9f99\u4f60\u884c\u4e0d\u884c|Drain Punch|p2a: Not flamboyant\n|-immune|p2a: Not flamboyant\n|\n|upkeep\n|turn|22\n|inactive|TheStroker has 120 seconds left.\n|\n|t:|1700608288\n|move|p1a: \u6597\u9f99\u4f60\u884c\u4e0d\u884c|Clanging Scales|p2a: Not flamboyant\n|-damage|p2a: Not flamboyant|38\/100\n|-unboost|p1a: \u6597\u9f99\u4f60\u884c\u4e0d\u884c|def|1\n|move|p2a: Not flamboyant|Will-O-Wisp|p1a: \u6597\u9f99\u4f60\u884c\u4e0d\u884c\n|-status|p1a: \u6597\u9f99\u4f60\u884c\u4e0d\u884c|brn\n|\n|-damage|p1a: \u6597\u9f99\u4f60\u884c\u4e0d\u884c|85\/100 brn|[from] brn\n|upkeep\n|turn|23\n|inactive|TheStroker has 120 seconds left.\n|inactive|TheStroker has 90 seconds left.\n|\n|t:|1700608331\n|switch|p1a: \u767d\u7ed9\u516c\u4e3b|Diancie|100\/100\n|switch|p2a: oooooooooooooo|Landorus-Therian, M|44\/100\n|-ability|p2a: oooooooooooooo|Intimidate|boost\n|-fail|p1a: \u767d\u7ed9\u516c\u4e3b|unboost|[from] ability: Clear Body|[of] p1a: \u767d\u7ed9\u516c\u4e3b\n|\n|-heal|p2a: oooooooooooooo|50\/100|[from] item: Leftovers\n|upkeep\n|turn|24\n|inactive|TheStroker has 90 seconds left.\n|\n|t:|1700608342\n|detailschange|p1a: \u767d\u7ed9\u516c\u4e3b|Diancie-Mega\n|-mega|p1a: \u767d\u7ed9\u516c\u4e3b|Diancie|Diancite\n|move|p1a: \u767d\u7ed9\u516c\u4e3b|Moonblast|p2a: oooooooooooooo\n|-damage|p2a: oooooooooooooo|0 fnt\n|faint|p2a: oooooooooooooo\n|\n|upkeep\n|\n|t:|1700608357\n|switch|p2a: cancer noob luck|Sneasler, M|100\/100\n|-item|p2a: cancer noob luck|Air Balloon\n|turn|25\n|\n|t:|1700608363\n|move|p2a: cancer noob luck|Swords Dance|p2a: cancer noob luck\n|-boost|p2a: cancer noob luck|atk|2\n|move|p1a: \u767d\u7ed9\u516c\u4e3b|Diamond Storm|p2a: cancer noob luck\n|-resisted|p2a: cancer noob luck\n|-damage|p2a: cancer noob luck|55\/100\n|-boost|p1a: \u767d\u7ed9\u516c\u4e3b|def|2\n|-enditem|p2a: cancer noob luck|Air Balloon\n|\n|upkeep\n|turn|26\n|\n|t:|1700608375\n|move|p2a: cancer noob luck|Dire Claw|p1a: \u767d\u7ed9\u516c\u4e3b\n|-damage|p1a: \u767d\u7ed9\u516c\u4e3b|48\/100\n|move|p1a: \u767d\u7ed9\u516c\u4e3b|Earth Power|p2a: cancer noob luck\n|-supereffective|p2a: cancer noob luck\n|-damage|p2a: cancer noob luck|0 fnt\n|faint|p2a: cancer noob luck\n|\n|upkeep\n|\n|t:|1700608382\n|switch|p2a: Not edited|Ditto|81\/100\n|-transform|p2a: Not edited|p1a: \u767d\u7ed9\u516c\u4e3b|[from] ability: Imposter\n|turn|27\n|\n|t:|1700608397\n|move|p2a: Not edited|Moonblast|p1a: \u767d\u7ed9\u516c\u4e3b\n|-damage|p1a: \u767d\u7ed9\u516c\u4e3b|0 fnt\n|faint|p1a: \u767d\u7ed9\u516c\u4e3b\n|\n|upkeep\n|\n|t:|1700608408\n|switch|p1a: \u6709\u6ca1\u6709\u7f81\u7eca\u554a|Goodra-Hisui, M, tera:Ground|50\/100 brn\n|turn|28\n|\n|t:|1700608421\n|switch|p2a: Not flamboyant|Skeledirge, F|38\/100\n|move|p1a: \u6709\u6ca1\u6709\u7f81\u7eca\u554a|Flash Cannon|p2a: Not flamboyant\n|-resisted|p2a: Not flamboyant\n|-damage|p2a: Not flamboyant|16\/100\n|\n|-damage|p1a: \u6709\u6ca1\u6709\u7f81\u7eca\u554a|44\/100 brn|[from] brn\n|upkeep\n|turn|29\n|\n|t:|1700608427\n|move|p2a: Not flamboyant|Slack Off|p2a: Not flamboyant\n|-heal|p2a: Not flamboyant|66\/100\n|move|p1a: \u6709\u6ca1\u6709\u7f81\u7eca\u554a|Flash Cannon|p2a: Not flamboyant\n|-resisted|p2a: Not flamboyant\n|-damage|p2a: Not flamboyant|44\/100\n|\n|-damage|p1a: \u6709\u6ca1\u6709\u7f81\u7eca\u554a|38\/100 brn|[from] brn\n|upkeep\n|turn|30\n|\n|t:|1700608435\n|switch|p1a: \u6c34\u5e08\u5085\u522b\u6f14\u4e86|Urshifu-Rapid-Strike, M|100\/100\n|move|p2a: Not flamboyant|Slack Off|p2a: Not flamboyant\n|-heal|p2a: Not flamboyant|94\/100\n|\n|upkeep\n|turn|31\n|inactive|TheStroker has 120 seconds left.\n|\n|t:|1700608449\n|-terastallize|p2a: Not flamboyant|Water\n|move|p1a: \u6c34\u5e08\u5085\u522b\u6f14\u4e86|Surging Strikes|p2a: Not flamboyant\n|-resisted|p2a: Not flamboyant\n|-crit|p2a: Not flamboyant\n|-damage|p2a: Not flamboyant|88\/100\n|-resisted|p2a: Not flamboyant\n|-crit|p2a: Not flamboyant\n|-damage|p2a: Not flamboyant|82\/100\n|-resisted|p2a: Not flamboyant\n|-crit|p2a: Not flamboyant\n|-damage|p2a: Not flamboyant|76\/100\n|-hitcount|p2a: Not flamboyant|3\n|move|p2a: Not flamboyant|Will-O-Wisp|p1a: \u6c34\u5e08\u5085\u522b\u6f14\u4e86\n|-status|p1a: \u6c34\u5e08\u5085\u522b\u6f14\u4e86|brn\n|\n|-damage|p1a: \u6c34\u5e08\u5085\u522b\u6f14\u4e86|94\/100 brn|[from] brn\n|upkeep\n|turn|32\n|\n|t:|1700608457\n|switch|p1a: Magnezone|Magnezone|100\/100\n|move|p2a: Not flamboyant|Torch Song|p1a: Magnezone\n|-supereffective|p1a: Magnezone\n|-damage|p1a: Magnezone|21\/100\n|-boost|p2a: Not flamboyant|spa|1\n|\n|upkeep\n|turn|33\n|\n|t:|1700608464\n|switch|p2a: Not edited|Ditto|81\/100\n|-transform|p2a: Not edited|p1a: Magnezone|[from] ability: Imposter\n|move|p1a: Magnezone|Volt Switch|p2a: Not edited\n|-resisted|p2a: Not edited\n|-damage|p2a: Not edited|47\/100\n|\n|t:|1700608476\n|switch|p1a: \u6c34\u5e08\u5085\u522b\u6f14\u4e86|Urshifu-Rapid-Strike, M|94\/100 brn|[from] Volt Switch\n|\n|-damage|p1a: \u6c34\u5e08\u5085\u522b\u6f14\u4e86|88\/100 brn|[from] brn\n|upkeep\n|turn|34\n|\n|t:|1700608486\n|move|p1a: \u6c34\u5e08\u5085\u522b\u6f14\u4e86|Close Combat|p2a: Not edited\n|-supereffective|p2a: Not edited\n|-damage|p2a: Not edited|0 fnt\n|-unboost|p1a: \u6c34\u5e08\u5085\u522b\u6f14\u4e86|def|1\n|-unboost|p1a: \u6c34\u5e08\u5085\u522b\u6f14\u4e86|spd|1\n|faint|p2a: Not edited\n|\n|-damage|p1a: \u6c34\u5e08\u5085\u522b\u6f14\u4e86|82\/100 brn|[from] brn\n|upkeep\n|\n|t:|1700608491\n|switch|p2a: Not flamboyant|Skeledirge, F, tera:Water|76\/100\n|turn|35\n|\n|t:|1700608494\n|move|p1a: \u6c34\u5e08\u5085\u522b\u6f14\u4e86|Close Combat|p2a: Not flamboyant\n|-damage|p2a: Not flamboyant|57\/100\n|-unboost|p1a: \u6c34\u5e08\u5085\u522b\u6f14\u4e86|def|1\n|-unboost|p1a: \u6c34\u5e08\u5085\u522b\u6f14\u4e86|spd|1\n|move|p2a: Not flamboyant|Torch Song|p1a: \u6c34\u5e08\u5085\u522b\u6f14\u4e86\n|-resisted|p1a: \u6c34\u5e08\u5085\u522b\u6f14\u4e86\n|-damage|p1a: \u6c34\u5e08\u5085\u522b\u6f14\u4e86|61\/100 brn\n|-boost|p2a: Not flamboyant|spa|1\n|\n|-damage|p1a: \u6c34\u5e08\u5085\u522b\u6f14\u4e86|55\/100 brn|[from] brn\n|upkeep\n|turn|36\n|\n|t:|1700608500\n|move|p1a: \u6c34\u5e08\u5085\u522b\u6f14\u4e86|Close Combat|p2a: Not flamboyant\n|-damage|p2a: Not flamboyant|39\/100\n|-unboost|p1a: \u6c34\u5e08\u5085\u522b\u6f14\u4e86|def|1\n|-unboost|p1a: \u6c34\u5e08\u5085\u522b\u6f14\u4e86|spd|1\n|move|p2a: Not flamboyant|Slack Off|p2a: Not flamboyant\n|-heal|p2a: Not flamboyant|89\/100\n|\n|-damage|p1a: \u6c34\u5e08\u5085\u522b\u6f14\u4e86|49\/100 brn|[from] brn\n|upkeep\n|turn|37\n|\n|t:|1700608505\n|move|p1a: \u6c34\u5e08\u5085\u522b\u6f14\u4e86|Close Combat|p2a: Not flamboyant\n|-damage|p2a: Not flamboyant|70\/100\n|-unboost|p1a: \u6c34\u5e08\u5085\u522b\u6f14\u4e86|def|1\n|-unboost|p1a: \u6c34\u5e08\u5085\u522b\u6f14\u4e86|spd|1\n|move|p2a: Not flamboyant|Torch Song|p1a: \u6c34\u5e08\u5085\u522b\u6f14\u4e86\n|-resisted|p1a: \u6c34\u5e08\u5085\u522b\u6f14\u4e86\n|-damage|p1a: \u6c34\u5e08\u5085\u522b\u6f14\u4e86|16\/100 brn\n|-boost|p2a: Not flamboyant|spa|1\n|\n|-damage|p1a: \u6c34\u5e08\u5085\u522b\u6f14\u4e86|10\/100 brn|[from] brn\n|upkeep\n|turn|38\n|\n|t:|1700608511\n|move|p1a: \u6c34\u5e08\u5085\u522b\u6f14\u4e86|Close Combat|p2a: Not flamboyant\n|-damage|p2a: Not flamboyant|50\/100\n|-unboost|p1a: \u6c34\u5e08\u5085\u522b\u6f14\u4e86|def|1\n|-unboost|p1a: \u6c34\u5e08\u5085\u522b\u6f14\u4e86|spd|1\n|move|p2a: Not flamboyant|Torch Song|p1a: \u6c34\u5e08\u5085\u522b\u6f14\u4e86\n|-resisted|p1a: \u6c34\u5e08\u5085\u522b\u6f14\u4e86\n|-damage|p1a: \u6c34\u5e08\u5085\u522b\u6f14\u4e86|0 fnt\n|-boost|p2a: Not flamboyant|spa|1\n|faint|p1a: \u6c34\u5e08\u5085\u522b\u6f14\u4e86\n|\n|upkeep\n|\n|t:|1700608518\n|switch|p1a: Magnezone|Magnezone|21\/100\n|turn|39\n|\n|t:|1700608521\n|move|p1a: Magnezone|Thunderbolt|p2a: Not flamboyant\n|-supereffective|p2a: Not flamboyant\n|-damage|p2a: Not flamboyant|0 fnt\n|faint|p2a: Not flamboyant\n|\n|upkeep\n|\n|t:|1700608523\n|switch|p2a: Zangn\u00f3\u00f3b|Zangoose, F|100\/100\n|turn|40\n|\n|t:|1700608528\n|move|p2a: Zangn\u00f3\u00f3b|Knock Off|p1a: Magnezone\n|-damage|p1a: Magnezone|0 fnt\n|-enditem|p1a: Magnezone|Choice Specs|[from] move: Knock Off|[of] p2a: Zangn\u00f3\u00f3b\n|faint|p1a: Magnezone\n|\n|-status|p2a: Zangn\u00f3\u00f3b|tox|[from] item: Toxic Orb\n|upkeep\n|\n|t:|1700608533\n|switch|p1a: \u5b89\u5fc3\u7684\u80cc\u5f71|Buzzwole|82\/100\n|turn|41\n|\n|t:|1700608536\n|move|p2a: Zangn\u00f3\u00f3b|Facade|p1a: \u5b89\u5fc3\u7684\u80cc\u5f71\n|-damage|p1a: \u5b89\u5fc3\u7684\u80cc\u5f71|28\/100\n|move|p1a: \u5b89\u5fc3\u7684\u80cc\u5f71|Roost|p1a: \u5b89\u5fc3\u7684\u80cc\u5f71\n|-heal|p1a: \u5b89\u5fc3\u7684\u80cc\u5f71|78\/100\n|-singleturn|p1a: \u5b89\u5fc3\u7684\u80cc\u5f71|move: Roost\n|\n|-damage|p2a: Zangn\u00f3\u00f3b|95\/100 tox|[from] psn\n|upkeep\n|turn|42\n|\n|t:|1700608550\n|move|p2a: Zangn\u00f3\u00f3b|Facade|p1a: \u5b89\u5fc3\u7684\u80cc\u5f71\n|-damage|p1a: \u5b89\u5fc3\u7684\u80cc\u5f71|25\/100\n|move|p1a: \u5b89\u5fc3\u7684\u80cc\u5f71|Roost|p1a: \u5b89\u5fc3\u7684\u80cc\u5f71\n|-heal|p1a: \u5b89\u5fc3\u7684\u80cc\u5f71|75\/100\n|-singleturn|p1a: \u5b89\u5fc3\u7684\u80cc\u5f71|move: Roost\n|\n|-damage|p2a: Zangn\u00f3\u00f3b|83\/100 tox|[from] psn\n|upkeep\n|turn|43\n|\n|t:|1700608555\n|move|p2a: Zangn\u00f3\u00f3b|Facade|p1a: \u5b89\u5fc3\u7684\u80cc\u5f71\n|-damage|p1a: \u5b89\u5fc3\u7684\u80cc\u5f71|28\/100\n|move|p1a: \u5b89\u5fc3\u7684\u80cc\u5f71|Roost|p1a: \u5b89\u5fc3\u7684\u80cc\u5f71\n|-heal|p1a: \u5b89\u5fc3\u7684\u80cc\u5f71|78\/100\n|-singleturn|p1a: \u5b89\u5fc3\u7684\u80cc\u5f71|move: Roost\n|\n|-damage|p2a: Zangn\u00f3\u00f3b|65\/100 tox|[from] psn\n|upkeep\n|turn|44\n|\n|t:|1700608559\n|move|p2a: Zangn\u00f3\u00f3b|Facade|p1a: \u5b89\u5fc3\u7684\u80cc\u5f71\n|-damage|p1a: \u5b89\u5fc3\u7684\u80cc\u5f71|33\/100\n|move|p1a: \u5b89\u5fc3\u7684\u80cc\u5f71|Roost|p1a: \u5b89\u5fc3\u7684\u80cc\u5f71\n|-heal|p1a: \u5b89\u5fc3\u7684\u80cc\u5f71|83\/100\n|-singleturn|p1a: \u5b89\u5fc3\u7684\u80cc\u5f71|move: Roost\n|\n|-damage|p2a: Zangn\u00f3\u00f3b|41\/100 tox|[from] psn\n|upkeep\n|turn|45\n|\n|t:|1700608561\n|move|p2a: Zangn\u00f3\u00f3b|Facade|p1a: \u5b89\u5fc3\u7684\u80cc\u5f71\n|-damage|p1a: \u5b89\u5fc3\u7684\u80cc\u5f71|34\/100\n|move|p1a: \u5b89\u5fc3\u7684\u80cc\u5f71|Roost|p1a: \u5b89\u5fc3\u7684\u80cc\u5f71\n|-heal|p1a: \u5b89\u5fc3\u7684\u80cc\u5f71|84\/100\n|-singleturn|p1a: \u5b89\u5fc3\u7684\u80cc\u5f71|move: Roost\n|\n|-damage|p2a: Zangn\u00f3\u00f3b|12\/100 tox|[from] psn\n|upkeep\n|turn|46\n|\n|t:|1700608564\n|move|p2a: Zangn\u00f3\u00f3b|Facade|p1a: \u5b89\u5fc3\u7684\u80cc\u5f71\n|-damage|p1a: \u5b89\u5fc3\u7684\u80cc\u5f71|32\/100\n|move|p1a: \u5b89\u5fc3\u7684\u80cc\u5f71|Roost|p1a: \u5b89\u5fc3\u7684\u80cc\u5f71\n|-heal|p1a: \u5b89\u5fc3\u7684\u80cc\u5f71|82\/100\n|-singleturn|p1a: \u5b89\u5fc3\u7684\u80cc\u5f71|move: Roost\n|\n|-damage|p2a: Zangn\u00f3\u00f3b|0 fnt|[from] psn\n|faint|p2a: Zangn\u00f3\u00f3b\n|\n|win|wind233\n|upkeep\n|raw|wind233's rating: 1533 &rarr; <strong>1554<\/strong><br \/>(+21 for winning)\n|raw|TheStroker's rating: 1556 &rarr; <strong>1535<\/strong><br \/>(-21 for losing)\n|l|\u2606wind233\n","uploadtime":1700608582,"views":0,"p1id":"wind233","p2id":"thestroker","formatid":"gen9nationaldex","rating":1535,"private":0,"password":""}