{"id":"gen9nationaldex-1989425095","p1":"lunchbox5536","p2":"Solaris2003","format":"[Gen 9] National Dex","log":"|j|\u2606lunchbox5536\n|j|\u2606Solaris2003\n|t:|1699848611\n|gametype|singles\n|player|p1|lunchbox5536|ghetsis|\n|player|p2|Solaris2003|1|\n|teamsize|p1|6\n|teamsize|p2|6\n|gen|9\n|tier|[Gen 9] National Dex\n|rule|HP Percentage Mod: HP is shown in percentages\n|rule|Endless Battle Clause: Forcing endless battles is banned\n|rule|OHKO Clause: OHKO moves are banned\n|rule|Evasion Clause: Evasion abilities, items, and moves are banned\n|rule|Evasion Abilities Clause: Evasion abilities are banned\n|rule|Evasion Items Clause: Evasion items are banned\n|rule|Evasion Moves Clause: Evasion moves are banned\n|rule|Species Clause: Limit one of each Pok\u00e9mon\n|rule|Sleep Clause Mod: Limit one foe put to sleep\n|clearpoke\n|poke|p1|Torkoal, M|\n|poke|p1|Zoroark-Hisui, M|\n|poke|p1|Grimmsnarl, M|\n|poke|p1|Articuno|\n|poke|p1|Klawf, M|\n|poke|p1|Shelgon, F|\n|poke|p2|Cinderace, F|\n|poke|p2|Lycanroc-Dusk, M|\n|poke|p2|Noivern, M|\n|poke|p2|Copperajah, M|\n|poke|p2|Leafeon, F|\n|poke|p2|Flaaffy, F|\n|teampreview\n|\n|t:|1699848628\n|start\n|switch|p1a: AAAAAAAAAAAA|Klawf, M|100\/100\n|switch|p2a: Lycanroc|Lycanroc-Dusk, M|100\/100\n|turn|1\n|\n|t:|1699848636\n|move|p1a: AAAAAAAAAAAA|Grass Knot|p2a: Lycanroc\n|-supereffective|p2a: Lycanroc\n|-damage|p2a: Lycanroc|30\/100\n|move|p2a: Lycanroc|Close Combat|p1a: AAAAAAAAAAAA\n|-immune|p1a: AAAAAAAAAAAA\n|\n|upkeep\n|turn|2\n|\n|t:|1699848655\n|switch|p2a: Cinderace|Cinderace, F|100\/100\n|move|p1a: AAAAAAAAAAAA|Grass Knot|p2a: Cinderace\n|-resisted|p2a: Cinderace\n|-damage|p2a: Cinderace|86\/100\n|\n|upkeep\n|turn|3\n|j| Jam20Jam\n|\n|t:|1699848662\n|switch|p1a: Hello and Goodbye|Shelgon, F|100\/100\n|move|p2a: Cinderace|Sucker Punch||[still]\n|-fail|p2a: Cinderace\n|\n|upkeep\n|turn|4\n|\n|t:|1699848670\n|move|p2a: Cinderace|Gunk Shot|p1a: Hello and Goodbye\n|-start|p2a: Cinderace|typechange|Poison|[from] ability: Libero\n|-crit|p1a: Hello and Goodbye\n|-damage|p1a: Hello and Goodbye|59\/100\n|-status|p1a: Hello and Goodbye|psn\n|move|p1a: Hello and Goodbye|Toxic|p2a: Cinderace\n|-immune|p2a: Cinderace\n|\n|-damage|p1a: Hello and Goodbye|47\/100 psn|[from] psn\n|upkeep\n|turn|5\n|\n|t:|1699848686\n|move|p2a: Cinderace|Pyro Ball|p1a: Hello and Goodbye\n|-resisted|p1a: Hello and Goodbye\n|-damage|p1a: Hello and Goodbye|38\/100 psn\n|move|p1a: Hello and Goodbye|Wish|p1a: Hello and Goodbye\n|\n|-damage|p1a: Hello and Goodbye|26\/100 psn|[from] psn\n|upkeep\n|turn|6\n|\n|t:|1699848693\n|move|p1a: Hello and Goodbye|Protect|p1a: Hello and Goodbye\n|-singleturn|p1a: Hello and Goodbye|Protect\n|move|p2a: Cinderace|Sucker Punch||[still]\n|-fail|p2a: Cinderace\n|\n|-heal|p1a: Hello and Goodbye|76\/100 psn|[from] move: Wish|[wisher] Hello and Goodbye\n|-damage|p1a: Hello and Goodbye|63\/100 psn|[from] psn\n|upkeep\n|turn|7\n|\n|t:|1699848702\n|move|p2a: Cinderace|Gunk Shot|p1a: Hello and Goodbye\n|-damage|p1a: Hello and Goodbye|34\/100 psn\n|move|p1a: Hello and Goodbye|Wish|p1a: Hello and Goodbye\n|\n|-damage|p1a: Hello and Goodbye|22\/100 psn|[from] psn\n|upkeep\n|turn|8\n|\n|t:|1699848709\n|move|p1a: Hello and Goodbye|Protect|p1a: Hello and Goodbye\n|-singleturn|p1a: Hello and Goodbye|Protect\n|move|p2a: Cinderace|Gunk Shot|p1a: Hello and Goodbye\n|-activate|p1a: Hello and Goodbye|move: Protect\n|\n|-heal|p1a: Hello and Goodbye|72\/100 psn|[from] move: Wish|[wisher] Hello and Goodbye\n|-damage|p1a: Hello and Goodbye|60\/100 psn|[from] psn\n|upkeep\n|turn|9\n|\n|t:|1699848725\n|switch|p1a: AAAAAAAAAAAA|Klawf, M|100\/100\n|move|p2a: Cinderace|Gunk Shot|p1a: AAAAAAAAAAAA|[miss]\n|-miss|p2a: Cinderace|p1a: AAAAAAAAAAAA\n|\n|upkeep\n|turn|10\n|\n|t:|1699848743\n|switch|p2a: Copperajah|Copperajah, M|100\/100\n|move|p1a: AAAAAAAAAAAA|High Horsepower|p2a: Copperajah\n|-supereffective|p2a: Copperajah\n|-damage|p2a: Copperajah|43\/100\n|\n|-heal|p2a: Copperajah|49\/100|[from] item: Leftovers\n|upkeep\n|turn|11\n|\n|t:|1699848756\n|move|p1a: AAAAAAAAAAAA|High Horsepower|p2a: Copperajah\n|-supereffective|p2a: Copperajah\n|-damage|p2a: Copperajah|0 fnt\n|faint|p2a: Copperajah\n|\n|upkeep\n|\n|t:|1699848766\n|switch|p2a: Lycanroc|Lycanroc-Dusk, M|30\/100\n|turn|12\n|\n|t:|1699848775\n|move|p2a: Lycanroc|Close Combat|p1a: AAAAAAAAAAAA\n|-supereffective|p1a: AAAAAAAAAAAA\n|-damage|p1a: AAAAAAAAAAAA|0 fnt\n|-unboost|p2a: Lycanroc|def|1\n|-unboost|p2a: Lycanroc|spd|1\n|-damage|p2a: Lycanroc|14\/100|[from] item: Rocky Helmet|[of] p1a: AAAAAAAAAAAA\n|faint|p1a: AAAAAAAAAAAA\n|\n|upkeep\n|\n|t:|1699848784\n|switch|p1a: Krampus|Grimmsnarl, M|100\/100\n|turn|13\n|\n|t:|1699848802\n|move|p1a: Krampus|Sucker Punch|p2a: Lycanroc\n|-damage|p2a: Lycanroc|0 fnt\n|faint|p2a: Lycanroc\n|\n|upkeep\n|\n|t:|1699848808\n|switch|p2a: Flaaffy|Flaaffy, F|100\/100\n|turn|14\n|\n|t:|1699848825\n|switch|p1a: Praise The Sun|Torkoal, M|100\/100\n|-weather|SunnyDay|[from] ability: Drought|[of] p1a: Praise The Sun\n|move|p2a: Flaaffy|Sunny Day||[still]\n|-fail|p2a: Flaaffy\n|\n|-weather|SunnyDay|[upkeep]\n|upkeep\n|turn|15\n|\n|t:|1699848835\n|move|p2a: Flaaffy|Light Screen|p2a: Flaaffy\n|-sidestart|p2: Solaris2003|move: Light Screen\n|move|p1a: Praise The Sun|Earth Power|p2a: Flaaffy\n|-supereffective|p2a: Flaaffy\n|-damage|p2a: Flaaffy|75\/100\n|-unboost|p2a: Flaaffy|spd|1\n|\n|-weather|SunnyDay|[upkeep]\n|upkeep\n|turn|16\n|\n|t:|1699848847\n|move|p2a: Flaaffy|Volt Switch|p1a: Praise The Sun\n|-damage|p1a: Praise The Sun|81\/100\n|\n|t:|1699848851\n|switch|p2a: Noivern|Noivern, M|100\/100|[from] Volt Switch\n|move|p1a: Praise The Sun|Earth Power|p2a: Noivern\n|-immune|p2a: Noivern\n|\n|-weather|SunnyDay|[upkeep]\n|upkeep\n|turn|17\n|\n|t:|1699848868\n|switch|p1a: Hello and Goodbye|Shelgon, F|60\/100 psn\n|move|p2a: Noivern|Draco Meteor|p1a: Hello and Goodbye\n|-supereffective|p1a: Hello and Goodbye\n|-damage|p1a: Hello and Goodbye|0 fnt\n|-unboost|p2a: Noivern|spa|2\n|faint|p1a: Hello and Goodbye\n|-damage|p2a: Noivern|91\/100|[from] item: Life Orb\n|\n|-weather|SunnyDay|[upkeep]\n|upkeep\n|\n|t:|1699848881\n|switch|p1a: Krampus|Grimmsnarl, M|100\/100\n|turn|18\n|\n|t:|1699848890\n|switch|p2a: Flaaffy|Flaaffy, F|75\/100\n|move|p1a: Krampus|Play Rough|p2a: Flaaffy\n|-damage|p2a: Flaaffy|3\/100\n|-status|p1a: Krampus|par|[from] ability: Static|[of] p2a: Flaaffy\n|\n|-weather|none\n|upkeep\n|turn|19\n|\n|t:|1699848898\n|move|p1a: Krampus|Sucker Punch||[still]\n|-fail|p1a: Krampus\n|move|p2a: Flaaffy|Sunny Day|p2a: Flaaffy\n|-weather|SunnyDay\n|\n|-weather|SunnyDay|[upkeep]\n|-sideend|p2: Solaris2003|move: Light Screen\n|upkeep\n|turn|20\n|\n|t:|1699848917\n|switch|p1a: Praise The Sun|Torkoal, M|81\/100\n|move|p2a: Flaaffy|Volt Switch|p1a: Praise The Sun\n|-damage|p1a: Praise The Sun|64\/100\n|\n|t:|1699848961\n|switch|p2a: Noivern|Noivern, M|91\/100|[from] Volt Switch\n|\n|-weather|SunnyDay|[upkeep]\n|upkeep\n|turn|21\n|\n|t:|1699848972\n|switch|p1a: Krampus|Grimmsnarl, M|100\/100 par\n|move|p2a: Noivern|Flamethrower|p1a: Krampus\n|-damage|p1a: Krampus|42\/100 par\n|-damage|p2a: Noivern|81\/100|[from] item: Life Orb\n|\n|-weather|SunnyDay|[upkeep]\n|-heal|p1a: Krampus|48\/100 par|[from] item: Leftovers\n|upkeep\n|turn|22\n|\n|t:|1699849009\n|switch|p2a: Glockeon Jr|Leafeon, F|100\/100\n|move|p1a: Krampus|Play Rough|p2a: Glockeon Jr\n|-damage|p2a: Glockeon Jr|50\/100\n|\n|-weather|SunnyDay|[upkeep]\n|-heal|p1a: Krampus|55\/100 par|[from] item: Leftovers\n|upkeep\n|turn|23\n|\n|t:|1699849021\n|move|p1a: Krampus|Sucker Punch||[still]\n|-fail|p1a: Krampus\n|move|p2a: Glockeon Jr|Swords Dance|p2a: Glockeon Jr\n|-boost|p2a: Glockeon Jr|atk|2\n|\n|-weather|SunnyDay|[upkeep]\n|-heal|p1a: Krampus|61\/100 par|[from] item: Leftovers\n|upkeep\n|turn|24\n|\n|t:|1699849028\n|move|p1a: Krampus|Power Swap|p2a: Glockeon Jr\n|-swapboost|p1a: Krampus|p2a: Glockeon Jr|atk, spa|[from] move: Power Swap\n|move|p2a: Glockeon Jr|Swords Dance|p2a: Glockeon Jr\n|-boost|p2a: Glockeon Jr|atk|2\n|\n|-weather|SunnyDay|[upkeep]\n|-heal|p1a: Krampus|67\/100 par|[from] item: Leftovers\n|upkeep\n|turn|25\n|\n|t:|1699849039\n|move|p1a: Krampus|Sucker Punch||[still]\n|-fail|p1a: Krampus\n|move|p2a: Glockeon Jr|Swords Dance|p2a: Glockeon Jr\n|-boost|p2a: Glockeon Jr|atk|2\n|\n|-weather|SunnyDay|[upkeep]\n|-heal|p1a: Krampus|73\/100 par|[from] item: Leftovers\n|upkeep\n|turn|26\n|\n|t:|1699849052\n|cant|p1a: Krampus|par\n|move|p2a: Glockeon Jr|Swords Dance|p2a: Glockeon Jr\n|-boost|p2a: Glockeon Jr|atk|2\n|\n|-weather|none\n|-heal|p1a: Krampus|79\/100 par|[from] item: Leftovers\n|upkeep\n|turn|27\n|\n|t:|1699849068\n|-terastallize|p1a: Krampus|Steel\n|cant|p1a: Krampus|par\n|move|p2a: Glockeon Jr|Solar Blade||[still]\n|-prepare|p2a: Glockeon Jr|Solar Blade\n|\n|-heal|p1a: Krampus|85\/100 par|[from] item: Leftovers\n|upkeep\n|turn|28\n|\n|t:|1699849077\n|move|p1a: Krampus|Sucker Punch|p2a: Glockeon Jr\n|-damage|p2a: Glockeon Jr|0 fnt\n|faint|p2a: Glockeon Jr\n|\n|-heal|p1a: Krampus|91\/100 par|[from] item: Leftovers\n|upkeep\n|\n|t:|1699849083\n|switch|p2a: Noivern|Noivern, M|81\/100\n|turn|29\n|\n|t:|1699849091\n|move|p2a: Noivern|Flamethrower|p1a: Krampus\n|-supereffective|p1a: Krampus\n|-damage|p1a: Krampus|19\/100 par\n|-damage|p2a: Noivern|71\/100|[from] item: Life Orb\n|move|p1a: Krampus|Play Rough|p2a: Noivern\n|-supereffective|p2a: Noivern\n|-damage|p2a: Noivern|0 fnt\n|faint|p2a: Noivern\n|\n|-heal|p1a: Krampus|25\/100 par|[from] item: Leftovers\n|upkeep\n|\n|t:|1699849103\n|switch|p2a: Flaaffy|Flaaffy, F|3\/100\n|turn|30\n|\n|t:|1699849110\n|move|p1a: Krampus|Sucker Punch||[still]\n|-fail|p1a: Krampus\n|move|p2a: Flaaffy|Reflect|p2a: Flaaffy\n|-sidestart|p2: Solaris2003|Reflect\n|\n|-heal|p1a: Krampus|31\/100 par|[from] item: Leftovers\n|upkeep\n|turn|31\n|\n|t:|1699849131\n|move|p2a: Flaaffy|Light Screen|p2a: Flaaffy\n|-sidestart|p2: Solaris2003|move: Light Screen\n|cant|p1a: Krampus|par\n|\n|-heal|p1a: Krampus|38\/100 par|[from] item: Leftovers\n|upkeep\n|turn|32\n|\n|t:|1699849138\n|move|p2a: Flaaffy|Volt Switch|p1a: Krampus\n|-damage|p1a: Krampus|16\/100 par\n|\n|t:|1699849141\n|switch|p2a: Cinderace|Cinderace, F|86\/100|[from] Volt Switch\n|move|p1a: Krampus|Darkest Lariat|p2a: Cinderace\n|-damage|p2a: Cinderace|16\/100\n|\n|-heal|p1a: Krampus|22\/100 par|[from] item: Leftovers\n|upkeep\n|turn|33\n|\n|t:|1699849148\n|move|p1a: Krampus|Sucker Punch|p2a: Cinderace\n|-damage|p2a: Cinderace|0 fnt\n|faint|p2a: Cinderace\n|\n|-heal|p1a: Krampus|28\/100 par|[from] item: Leftovers\n|upkeep\n|\n|t:|1699849154\n|switch|p2a: Flaaffy|Flaaffy, F|3\/100\n|turn|34\n|\n|t:|1699849160\n|move|p2a: Flaaffy|Volt Switch|p1a: Krampus\n|-crit|p1a: Krampus\n|-damage|p1a: Krampus|0 fnt\n|faint|p1a: Krampus\n|\n|-sideend|p2: Solaris2003|Reflect\n|upkeep\n|\n|t:|1699849171\n|switch|p1a: Praise The Sun|Torkoal, M|100\/100\n|turn|35\n|\n|t:|1699849177\n|-terastallize|p2a: Flaaffy|Normal\n|move|p1a: Praise The Sun|Shadow Ball|p2a: Flaaffy\n|-immune|p2a: Flaaffy\n|move|p2a: Flaaffy|Volt Switch|p1a: Praise The Sun\n|-damage|p1a: Praise The Sun|57\/100\n|replace|p1a: Oh Hi There|Zoroark-Hisui, M, shiny\n|-end|p1a: Oh Hi There|Illusion\n|\n|-sideend|p2: Solaris2003|move: Light Screen\n|upkeep\n|turn|36\n|\n|t:|1699849187\n|move|p1a: Oh Hi There|Flamethrower|p2a: Flaaffy\n|-damage|p2a: Flaaffy|0 fnt\n|faint|p2a: Flaaffy\n|\n|win|lunchbox5536\n","uploadtime":1699849193,"views":4,"p1id":"lunchbox5536","p2id":"solaris2003","formatid":"gen9nationaldex","rating":0,"private":0,"password":""}