{"id":"gen9nationaldex-1995787919","p1":"221savage","p2":"Kyubiisaan","format":"[Gen 9] National Dex","log":"|html|<div class=\"broadcast-blue\"><strong>[Gen 9] National Dex is currently suspecting Sneasler! For information on how to participate check out the <a href=\"https:\/\/www.smogon.com\/forums\/threads\/sv-national-dex-suspect-8-just-dance.3731534\/\">suspect thread<\/a>.<\/strong><\/div>\n|j|\u2606221savage\n|j|\u2606Kyubiisaan\n|t:|1700603188\n|gametype|singles\n|player|p1|221savage|101|1374\n|player|p2|Kyubiisaan|2|1327\n|teamsize|p1|6\n|teamsize|p2|6\n|gen|9\n|tier|[Gen 9] National Dex\n|rated|\n|rule|HP Percentage Mod: HP is shown in percentages\n|rule|Endless Battle Clause: Forcing endless battles is banned\n|rule|OHKO Clause: OHKO moves are banned\n|rule|Evasion Clause: Evasion abilities, items, and moves are banned\n|rule|Evasion Abilities Clause: Evasion abilities are banned\n|rule|Evasion Items Clause: Evasion items are banned\n|rule|Evasion Moves Clause: Evasion moves are banned\n|rule|Species Clause: Limit one of each Pok\u00e9mon\n|rule|Sleep Clause Mod: Limit one foe put to sleep\n|clearpoke\n|poke|p1|Blastoise, F|\n|poke|p1|Banette, F|\n|poke|p1|Machamp, F|\n|poke|p1|Darmanitan, M|\n|poke|p1|Tsareena, F|\n|poke|p1|Toxtricity, F|\n|poke|p2|Ogerpon-Wellspring, F|\n|poke|p2|Moltres|\n|poke|p2|Kyurem|\n|poke|p2|Scizor, F|\n|poke|p2|Great Tusk|\n|poke|p2|Rotom-Wash|\n|teampreview\n|c|\u2606Kyubiisaan|glhf\n|c|\u2606221savage|thanks, i dont need the luck tho\n|\n|t:|1700603245\n|start\n|switch|p1a: Blastoise|Blastoise, F|100\/100\n|switch|p2a: Ogerpon|Ogerpon-Wellspring, F|100\/100\n|turn|1\n|\n|t:|1700603254\n|move|p2a: Ogerpon|Horn Leech|p1a: Blastoise\n|-supereffective|p1a: Blastoise\n|-damage|p1a: Blastoise|5\/100\n|move|p1a: Blastoise|Shell Smash|p1a: Blastoise\n|-unboost|p1a: Blastoise|def|1\n|-unboost|p1a: Blastoise|spd|1\n|-boost|p1a: Blastoise|atk|2\n|-boost|p1a: Blastoise|spa|2\n|-boost|p1a: Blastoise|spe|2\n|\n|upkeep\n|turn|2\n|\n|t:|1700603259\n|-zpower|p1a: Blastoise\n|move|p1a: Blastoise|All-Out Pummeling|p2a: Ogerpon|[zeffect]\n|-damage|p2a: Ogerpon|0 fnt\n|faint|p2a: Ogerpon\n|\n|upkeep\n|\n|t:|1700603268\n|switch|p2a: Scizor|Scizor, F|100\/100\n|turn|3\n|\n|t:|1700603274\n|switch|p1a: Darmanitan|Darmanitan, M|100\/100\n|detailschange|p2a: Scizor|Scizor-Mega, F\n|-mega|p2a: Scizor|Scizor|Scizorite\n|move|p2a: Scizor|Bullet Punch|p1a: Darmanitan\n|-resisted|p1a: Darmanitan\n|-damage|p1a: Darmanitan|75\/100\n|\n|upkeep\n|turn|4\n|\n|t:|1700603280\n|switch|p2a: Rotom|Rotom-Wash|100\/100\n|move|p1a: Darmanitan|U-turn|p2a: Rotom\n|-crit|p2a: Rotom\n|-damage|p2a: Rotom|60\/100\n|\n|t:|1700603289\n|switch|p1a: Toxtricity|Toxtricity, F|100\/100|[from] U-turn\n|\n|-heal|p2a: Rotom|66\/100|[from] item: Leftovers\n|upkeep\n|turn|5\n|\n|t:|1700603297\n|-terastallize|p1a: Toxtricity|Normal\n|move|p2a: Rotom|Hydro Pump|p1a: Toxtricity\n|-damage|p1a: Toxtricity|43\/100\n|move|p1a: Toxtricity|Boomburst|p2a: Rotom\n|-damage|p2a: Rotom|0 fnt\n|faint|p2a: Rotom\n|\n|upkeep\n|\n|t:|1700603312\n|switch|p2a: Scizor|Scizor-Mega, F|100\/100\n|turn|6\n|\n|t:|1700603322\n|switch|p1a: Darmanitan|Darmanitan, M|75\/100\n|move|p2a: Scizor|Swords Dance|p2a: Scizor\n|-boost|p2a: Scizor|atk|2\n|\n|upkeep\n|turn|7\n|\n|t:|1700603327\n|switch|p2a: Moltres|Moltres|100\/100\n|move|p1a: Darmanitan|Flare Blitz|p2a: Moltres\n|-resisted|p2a: Moltres\n|-damage|p2a: Moltres|60\/100\n|-damage|p1a: Darmanitan|61\/100|[from] Recoil\n|\n|upkeep\n|turn|8\n|\n|t:|1700603340\n|switch|p1a: Blastoise|Blastoise, F|5\/100\n|move|p2a: Moltres|Roost|p2a: Moltres\n|-heal|p2a: Moltres|100\/100\n|-singleturn|p2a: Moltres|move: Roost\n|\n|upkeep\n|turn|9\n|\n|t:|1700603347\n|move|p1a: Blastoise|Shell Smash|p1a: Blastoise\n|-unboost|p1a: Blastoise|def|1\n|-unboost|p1a: Blastoise|spd|1\n|-boost|p1a: Blastoise|atk|2\n|-boost|p1a: Blastoise|spa|2\n|-boost|p1a: Blastoise|spe|2\n|move|p2a: Moltres|Flamethrower|p1a: Blastoise\n|-resisted|p1a: Blastoise\n|-damage|p1a: Blastoise|0 fnt\n|faint|p1a: Blastoise\n|\n|upkeep\n|\n|t:|1700603353\n|switch|p1a: Toxtricity|Toxtricity, F, tera:Normal|43\/100\n|turn|10\n|\n|t:|1700603362\n|switch|p2a: Scizor|Scizor-Mega, F|100\/100\n|move|p1a: Toxtricity|Boomburst|p2a: Scizor\n|-resisted|p2a: Scizor\n|-damage|p2a: Scizor|18\/100\n|\n|upkeep\n|turn|11\n|\n|t:|1700603365\n|move|p2a: Scizor|Bullet Punch|p1a: Toxtricity\n|-damage|p1a: Toxtricity|1\/100\n|move|p1a: Toxtricity|Boomburst|p2a: Scizor\n|-resisted|p2a: Scizor\n|-damage|p2a: Scizor|0 fnt\n|faint|p2a: Scizor\n|\n|upkeep\n|\n|t:|1700603369\n|switch|p2a: Great Tusk|Great Tusk|100\/100\n|turn|12\n|\n|t:|1700603375\n|move|p2a: Great Tusk|Rapid Spin|p1a: Toxtricity\n|-damage|p1a: Toxtricity|0 fnt\n|-boost|p2a: Great Tusk|spe|1\n|faint|p1a: Toxtricity\n|\n|upkeep\n|\n|t:|1700603385\n|switch|p1a: Banette|Banette, F|100\/100\n|turn|13\n|\n|t:|1700603389\n|-end|p2a: Great Tusk|Protosynthesis|[silent]\n|switch|p2a: Moltres|Moltres|100\/100\n|detailschange|p1a: Banette|Banette-Mega, F\n|-mega|p1a: Banette|Banette|Banettite\n|move|p1a: Banette|Poltergeist|p2a: Moltres\n|-activate|p2a: Moltres|move: Poltergeist|Heavy-Duty Boots\n|-damage|p2a: Moltres|42\/100\n|\n|upkeep\n|turn|14\n|\n|t:|1700603399\n|move|p1a: Banette|Taunt|p2a: Moltres\n|-start|p2a: Moltres|move: Taunt\n|cant|p2a: Moltres|move: Taunt|Roost\n|\n|upkeep\n|turn|15\n|\n|t:|1700603402\n|move|p2a: Moltres|Flamethrower|p1a: Banette\n|-damage|p1a: Banette|45\/100\n|move|p1a: Banette|Poltergeist|p2a: Moltres\n|-activate|p2a: Moltres|move: Poltergeist|Heavy-Duty Boots\n|-damage|p2a: Moltres|0 fnt\n|faint|p2a: Moltres\n|\n|upkeep\n|\n|t:|1700603408\n|switch|p2a: Great Tusk|Great Tusk|100\/100\n|turn|16\n|\n|t:|1700603411\n|move|p1a: Banette|Destiny Bond|p1a: Banette\n|-singlemove|p1a: Banette|Destiny Bond\n|move|p2a: Great Tusk|Ice Spinner|p1a: Banette\n|-damage|p1a: Banette|3\/100\n|\n|upkeep\n|turn|17\n|\n|t:|1700603417\n|move|p2a: Great Tusk|Rapid Spin|p1a: Banette\n|-immune|p1a: Banette\n|move|p1a: Banette|Poltergeist|p2a: Great Tusk\n|-activate|p2a: Great Tusk|move: Poltergeist|Assault Vest\n|-damage|p2a: Great Tusk|51\/100\n|\n|upkeep\n|turn|18\n|\n|t:|1700603423\n|move|p1a: Banette|Destiny Bond|p1a: Banette\n|-singlemove|p1a: Banette|Destiny Bond\n|move|p2a: Great Tusk|Ice Spinner|p1a: Banette\n|-damage|p1a: Banette|0 fnt\n|faint|p1a: Banette\n|-activate|p1a: Banette|move: Destiny Bond\n|faint|p2a: Great Tusk\n|-end|p2a: Great Tusk|Protosynthesis|[silent]\n|\n|upkeep\n|\n|t:|1700603428\n|switch|p2a: Kyurem|Kyurem|100\/100\n|switch|p1a: Darmanitan|Darmanitan, M|61\/100\n|-ability|p2a: Kyurem|Pressure\n|turn|19\n|\n|t:|1700603436\n|-terastallize|p2a: Kyurem|Dragon\n|move|p1a: Darmanitan|Flare Blitz|p2a: Kyurem\n|-resisted|p2a: Kyurem\n|-damage|p2a: Kyurem|54\/100\n|-damage|p1a: Darmanitan|45\/100|[from] Recoil\n|move|p2a: Kyurem|Draco Meteor|p1a: Darmanitan\n|-damage|p1a: Darmanitan|0 fnt\n|-unboost|p2a: Kyurem|spa|2\n|faint|p1a: Darmanitan\n|\n|upkeep\n|\n|t:|1700603442\n|switch|p1a: Tsareena|Tsareena, F|100\/100\n|turn|20\n|\n|t:|1700603445\n|move|p2a: Kyurem|Draco Meteor|p1a: Tsareena\n|-damage|p1a: Tsareena|45\/100\n|-unboost|p2a: Kyurem|spa|2\n|move|p1a: Tsareena|Triple Axel|p2a: Kyurem\n|-supereffective|p2a: Kyurem\n|-damage|p2a: Kyurem|40\/100\n|-supereffective|p2a: Kyurem\n|-damage|p2a: Kyurem|13\/100\n|-supereffective|p2a: Kyurem\n|-crit|p2a: Kyurem\n|-damage|p2a: Kyurem|0 fnt\n|faint|p2a: Kyurem\n|-hitcount|p2: Kyurem|3\n|\n|win|221savage\n|raw|221savage's rating: 1374 &rarr; <strong>1391<\/strong><br \/>(+17 for winning)\n|raw|Kyubiisaan's rating: 1327 &rarr; <strong>1310<\/strong><br \/>(-17 for losing)\n|c|\u2606Kyubiisaan|gg\n|c|\u2606221savage|gg\n","uploadtime":1700603452,"views":0,"p1id":"221savage","p2id":"kyubiisaan","formatid":"gen9nationaldex","rating":1310,"private":0,"password":""}