{"id":"gen9nationaldex-1990228316","p1":"turtle lover 069","p2":"Nigg4Gamer","format":"[Gen 9] National Dex","log":"|j|\u2606turtle lover 069\n|j|\u2606Nigg4Gamer\n|t:|1699940726\n|gametype|singles\n|player|p1|turtle lover 069|unknown|\n|player|p2|Nigg4Gamer|266|\n|teamsize|p1|6\n|teamsize|p2|6\n|gen|9\n|tier|[Gen 9] National Dex\n|rule|HP Percentage Mod: HP is shown in percentages\n|rule|Endless Battle Clause: Forcing endless battles is banned\n|rule|OHKO Clause: OHKO moves are banned\n|rule|Evasion Clause: Evasion abilities, items, and moves are banned\n|rule|Evasion Abilities Clause: Evasion abilities are banned\n|rule|Evasion Items Clause: Evasion items are banned\n|rule|Evasion Moves Clause: Evasion moves are banned\n|rule|Species Clause: Limit one of each Pok\u00e9mon\n|rule|Sleep Clause Mod: Limit one foe put to sleep\n|clearpoke\n|poke|p1|Alomomola, F|\n|poke|p1|Gliscor, M|\n|poke|p1|Toxapex, M|\n|poke|p1|Blissey, F|\n|poke|p1|Scizor, F|\n|poke|p1|Skarmory, F|\n|poke|p2|Moltres|\n|poke|p2|Dragonite, F|\n|poke|p2|Ogerpon-Wellspring, F|\n|poke|p2|Zamazenta-*|\n|poke|p2|Kleavor, M|\n|poke|p2|Iron Moth|\n|teampreview\n|inactive|Battle timer is ON: inactive players will automatically lose when time's up. (requested by turtle lover 069)\n|\n|t:|1699940745\n|start\n|switch|p1a: Gliscor|Gliscor, M|100\/100\n|switch|p2a: Zamazenta|Zamazenta|100\/100\n|-ability|p2a: Zamazenta|Dauntless Shield|boost\n|-boost|p2a: Zamazenta|def|1\n|turn|1\n|\n|t:|1699940763\n|-terastallize|p2a: Zamazenta|Fighting\n|move|p2a: Zamazenta|Body Slam|p1a: Gliscor\n|-damage|p1a: Gliscor|86\/100\n|-status|p1a: Gliscor|par\n|move|p1a: Gliscor|Toxic|p2a: Zamazenta\n|-status|p2a: Zamazenta|tox\n|\n|-damage|p2a: Zamazenta|95\/100 tox|[from] psn\n|upkeep\n|turn|2\n|\n|t:|1699940781\n|switch|p1a: Skarmory|Skarmory, F|100\/100\n|move|p2a: Zamazenta|Body Slam|p1a: Skarmory\n|-resisted|p1a: Skarmory\n|-damage|p1a: Skarmory|93\/100\n|-status|p1a: Skarmory|par\n|\n|-heal|p1a: Skarmory|99\/100 par|[from] item: Leftovers\n|-damage|p2a: Zamazenta|83\/100 tox|[from] psn\n|upkeep\n|turn|3\n|\n|t:|1699940800\n|switch|p2a: Iron Moth|Iron Moth|100\/100\n|move|p1a: Skarmory|Spikes|p2a: Iron Moth\n|-sidestart|p2: Nigg4Gamer|Spikes\n|\n|-heal|p1a: Skarmory|100\/100 par|[from] item: Leftovers\n|upkeep\n|turn|4\n|\n|t:|1699940815\n|switch|p1a: Gliscor|Gliscor, M|86\/100 par\n|move|p2a: Iron Moth|Discharge|p1a: Gliscor\n|-immune|p1a: Gliscor\n|\n|upkeep\n|turn|5\n|\n|t:|1699940829\n|-end|p2a: Iron Moth|Quark Drive|[silent]\n|switch|p2a: Zamazenta|Zamazenta, tera:Fighting|83\/100 tox\n|-damage|p2a: Zamazenta|70\/100 tox|[from] Spikes\n|cant|p1a: Gliscor|par\n|\n|-damage|p2a: Zamazenta|64\/100 tox|[from] psn\n|upkeep\n|turn|6\n|\n|t:|1699940836\n|move|p2a: Zamazenta|Body Slam|p1a: Gliscor\n|-damage|p1a: Gliscor|69\/100 par\n|move|p1a: Gliscor|Roost|p1a: Gliscor\n|-heal|p1a: Gliscor|100\/100 par\n|-singleturn|p1a: Gliscor|move: Roost\n|\n|-damage|p2a: Zamazenta|52\/100 tox|[from] psn\n|upkeep\n|turn|7\n|\n|t:|1699940847\n|move|p2a: Zamazenta|Close Combat|p1a: Gliscor\n|-resisted|p1a: Gliscor\n|-damage|p1a: Gliscor|78\/100 par\n|-unboost|p2a: Zamazenta|def|1\n|-unboost|p2a: Zamazenta|spd|1\n|move|p1a: Gliscor|Earthquake|p2a: Zamazenta\n|-damage|p2a: Zamazenta|14\/100 tox\n|-enditem|p2a: Zamazenta|Aguav Berry|[eat]\n|-heal|p2a: Zamazenta|47\/100 tox|[from] item: Aguav Berry\n|\n|-damage|p2a: Zamazenta|29\/100 tox|[from] psn\n|upkeep\n|turn|8\n|\n|t:|1699940858\n|move|p2a: Zamazenta|Body Slam|p1a: Gliscor\n|-damage|p1a: Gliscor|62\/100 par\n|move|p1a: Gliscor|Toxic|p2a: Zamazenta\n|-fail|p2a: Zamazenta|tox\n|\n|-damage|p2a: Zamazenta|5\/100 tox|[from] psn\n|upkeep\n|turn|9\n|\n|t:|1699940874\n|move|p2a: Zamazenta|Body Slam|p1a: Gliscor\n|-damage|p1a: Gliscor|46\/100 par\n|move|p1a: Gliscor|Roost|p1a: Gliscor\n|-heal|p1a: Gliscor|96\/100 par\n|-singleturn|p1a: Gliscor|move: Roost\n|\n|-damage|p2a: Zamazenta|0 fnt|[from] psn\n|faint|p2a: Zamazenta\n|upkeep\n|\n|t:|1699940893\n|switch|p2a: Ogerpon|Ogerpon-Wellspring, F|100\/100\n|-damage|p2a: Ogerpon|88\/100|[from] Spikes\n|turn|10\n|\n|t:|1699940904\n|switch|p1a: Toxapex|Toxapex, M|100\/100\n|move|p2a: Ogerpon|Facade|p1a: Toxapex\n|-crit|p1a: Toxapex\n|-damage|p1a: Toxapex|78\/100\n|\n|upkeep\n|turn|11\n|inactive|Nigg4Gamer has 270 seconds left.\n|\n|t:|1699940925\n|move|p2a: Ogerpon|Brick Break|p1a: Toxapex\n|-resisted|p1a: Toxapex\n|-damage|p1a: Toxapex|70\/100\n|move|p1a: Toxapex|Toxic|p2a: Ogerpon\n|-status|p2a: Ogerpon|tox\n|\n|-damage|p2a: Ogerpon|82\/100 tox|[from] psn\n|upkeep\n|turn|12\n|\n|t:|1699940932\n|move|p1a: Toxapex|Baneful Bunker|p1a: Toxapex\n|-singleturn|p1a: Toxapex|move: Protect\n|move|p2a: Ogerpon|Facade|p1a: Toxapex\n|-activate|p1a: Toxapex|move: Protect\n|\n|-damage|p2a: Ogerpon|70\/100 tox|[from] psn\n|upkeep\n|turn|13\n|\n|t:|1699940942\n|switch|p1a: Skarmory|Skarmory, F|100\/100 par\n|move|p2a: Ogerpon|Facade|p1a: Skarmory\n|-resisted|p1a: Skarmory\n|-crit|p1a: Skarmory\n|-damage|p1a: Skarmory|77\/100 par\n|\n|-heal|p1a: Skarmory|83\/100 par|[from] item: Leftovers\n|-damage|p2a: Ogerpon|51\/100 tox|[from] psn\n|upkeep\n|turn|14\n|\n|t:|1699940954\n|switch|p2a: Moltres|Moltres|100\/100\n|move|p1a: Skarmory|Roost|p1a: Skarmory\n|-heal|p1a: Skarmory|100\/100 par\n|-singleturn|p1a: Skarmory|move: Roost\n|\n|upkeep\n|turn|15\n|\n|t:|1699940963\n|switch|p1a: Blissey|Blissey, F|100\/100\n|move|p2a: Moltres|Ancient Power|p1a: Blissey\n|-damage|p1a: Blissey|93\/100\n|\n|upkeep\n|turn|16\n|\n|t:|1699940981\n|move|p2a: Moltres|Brave Bird|p1a: Blissey\n|-damage|p1a: Blissey|50\/100\n|-damage|p2a: Moltres|72\/100|[from] Recoil\n|move|p1a: Blissey|Toxic|p2a: Moltres\n|-status|p2a: Moltres|tox\n|\n|-damage|p2a: Moltres|66\/100 tox|[from] psn\n|upkeep\n|turn|17\n|\n|t:|1699940988\n|move|p1a: Blissey|Protect|p1a: Blissey\n|-singleturn|p1a: Blissey|Protect\n|move|p2a: Moltres|Brave Bird|p1a: Blissey\n|-activate|p1a: Blissey|move: Protect\n|\n|-damage|p2a: Moltres|54\/100 tox|[from] psn\n|upkeep\n|turn|18\n|\n|t:|1699940993\n|move|p2a: Moltres|Brave Bird|p1a: Blissey\n|-damage|p1a: Blissey|12\/100\n|-damage|p2a: Moltres|29\/100 tox|[from] Recoil\n|move|p1a: Blissey|Soft-Boiled|p1a: Blissey\n|-heal|p1a: Blissey|62\/100\n|\n|-damage|p2a: Moltres|10\/100 tox|[from] psn\n|upkeep\n|turn|19\n|\n|t:|1699941003\n|switch|p1a: Skarmory|Skarmory, F|100\/100 par\n|move|p2a: Moltres|Brave Bird|p1a: Skarmory\n|-resisted|p1a: Skarmory\n|-damage|p1a: Skarmory|86\/100 par\n|-damage|p2a: Moltres|6\/100 tox|[from] Recoil\n|\n|-heal|p1a: Skarmory|92\/100 par|[from] item: Leftovers\n|-damage|p2a: Moltres|0 fnt|[from] psn\n|faint|p2a: Moltres\n|upkeep\n|\n|t:|1699941014\n|switch|p2a: Iron Moth|Iron Moth|100\/100\n|-damage|p2a: Iron Moth|88\/100|[from] Spikes\n|turn|20\n|\n|t:|1699941021\n|switch|p1a: Gliscor|Gliscor, M|96\/100 par\n|move|p2a: Iron Moth|Discharge|p1a: Gliscor\n|-immune|p1a: Gliscor\n|\n|upkeep\n|turn|21\n|\n|t:|1699941034\n|move|p2a: Iron Moth|Air Slash|p1a: Gliscor\n|-damage|p1a: Gliscor|63\/100 par\n|cant|p1a: Gliscor|flinch\n|\n|upkeep\n|turn|22\n|\n|t:|1699941040\n|move|p2a: Iron Moth|Air Slash|p1a: Gliscor\n|-damage|p1a: Gliscor|32\/100 par\n|move|p1a: Gliscor|Roost|p1a: Gliscor\n|-heal|p1a: Gliscor|82\/100 par\n|-singleturn|p1a: Gliscor|move: Roost\n|\n|upkeep\n|turn|23\n|\n|t:|1699941044\n|move|p2a: Iron Moth|Air Slash|p1a: Gliscor|[miss]\n|-miss|p2a: Iron Moth|p1a: Gliscor\n|cant|p1a: Gliscor|par\n|\n|upkeep\n|turn|24\n|\n|t:|1699941048\n|move|p2a: Iron Moth|Air Slash|p1a: Gliscor\n|-damage|p1a: Gliscor|49\/100 par\n|cant|p1a: Gliscor|par\n|\n|upkeep\n|turn|25\n|\n|t:|1699941053\n|move|p2a: Iron Moth|Air Slash|p1a: Gliscor\n|-damage|p1a: Gliscor|17\/100 par\n|move|p1a: Gliscor|Earthquake|p2a: Iron Moth\n|-supereffective|p2a: Iron Moth\n|-damage|p2a: Iron Moth|0 fnt\n|faint|p2a: Iron Moth\n|-end|p2a: Iron Moth|Quark Drive|[silent]\n|\n|upkeep\n|\n|t:|1699941063\n|switch|p2a: Ogerpon|Ogerpon-Wellspring, F|51\/100 tox\n|-damage|p2a: Ogerpon|39\/100 tox|[from] Spikes\n|turn|26\n|\n|t:|1699941067\n|switch|p1a: Toxapex|Toxapex, M|100\/100\n|move|p2a: Ogerpon|Brick Break|p1a: Toxapex\n|-resisted|p1a: Toxapex\n|-damage|p1a: Toxapex|93\/100\n|\n|-damage|p2a: Ogerpon|33\/100 tox|[from] psn\n|upkeep\n|turn|27\n|\n|t:|1699941075\n|switch|p2a: Kleavor|Kleavor, M|100\/100\n|-damage|p2a: Kleavor|88\/100|[from] Spikes\n|move|p1a: Toxapex|Baneful Bunker||[still]\n|-fail|p1a: Toxapex\n|\n|upkeep\n|turn|28\n|\n|t:|1699941080\n|move|p2a: Kleavor|Close Combat|p1a: Toxapex\n|-resisted|p1a: Toxapex\n|-damage|p1a: Toxapex|81\/100\n|-unboost|p2a: Kleavor|def|1\n|-unboost|p2a: Kleavor|spd|1\n|move|p1a: Toxapex|Toxic|p2a: Kleavor\n|-status|p2a: Kleavor|tox\n|\n|-damage|p2a: Kleavor|82\/100 tox|[from] psn\n|upkeep\n|turn|29\n|\n|t:|1699941088\n|switch|p2a: Ogerpon|Ogerpon-Wellspring, F|33\/100 tox\n|-damage|p2a: Ogerpon|20\/100 tox|[from] Spikes\n|move|p1a: Toxapex|Recover|p1a: Toxapex\n|-heal|p1a: Toxapex|100\/100\n|\n|-damage|p2a: Ogerpon|14\/100 tox|[from] psn\n|upkeep\n|turn|30\n|\n|t:|1699941095\n|move|p1a: Toxapex|Baneful Bunker|p1a: Toxapex\n|-singleturn|p1a: Toxapex|move: Protect\n|move|p2a: Ogerpon|Horn Leech|p1a: Toxapex\n|-activate|p1a: Toxapex|move: Protect\n|\n|-damage|p2a: Ogerpon|2\/100 tox|[from] psn\n|upkeep\n|turn|31\n|\n|t:|1699941103\n|move|p2a: Ogerpon|Horn Leech|p1a: Toxapex\n|-damage|p1a: Toxapex|78\/100\n|-heal|p2a: Ogerpon|12\/100 tox|[from] drain|[of] p1a: Toxapex\n|move|p1a: Toxapex|Recover|p1a: Toxapex\n|-heal|p1a: Toxapex|100\/100\n|\n|-damage|p2a: Ogerpon|0 fnt|[from] psn\n|faint|p2a: Ogerpon\n|upkeep\n|\n|t:|1699941111\n|switch|p2a: Dragonite|Dragonite, F|100\/100\n|turn|32\n|\n|t:|1699941116\n|move|p2a: Dragonite|Body Slam|p1a: Toxapex\n|-damage|p1a: Toxapex|82\/100\n|move|p1a: Toxapex|Toxic|p2a: Dragonite\n|-status|p2a: Dragonite|tox\n|\n|-damage|p2a: Dragonite|94\/100 tox|[from] psn\n|upkeep\n|turn|33\n|\n|t:|1699941123\n|move|p1a: Toxapex|Baneful Bunker|p1a: Toxapex\n|-singleturn|p1a: Toxapex|move: Protect\n|move|p2a: Dragonite|Body Slam|p1a: Toxapex\n|-activate|p1a: Toxapex|move: Protect\n|\n|-damage|p2a: Dragonite|82\/100 tox|[from] psn\n|upkeep\n|turn|34\n|\n|t:|1699941130\n|move|p2a: Dragonite|Body Press|p1a: Toxapex\n|-resisted|p1a: Toxapex\n|-damage|p1a: Toxapex|76\/100\n|move|p1a: Toxapex|Recover|p1a: Toxapex\n|-heal|p1a: Toxapex|100\/100\n|\n|-damage|p2a: Dragonite|64\/100 tox|[from] psn\n|upkeep\n|turn|35\n|\n|t:|1699941142\n|move|p1a: Toxapex|Baneful Bunker|p1a: Toxapex\n|-singleturn|p1a: Toxapex|move: Protect\n|move|p2a: Dragonite|Body Press|p1a: Toxapex\n|-activate|p1a: Toxapex|move: Protect\n|\n|-damage|p2a: Dragonite|40\/100 tox|[from] psn\n|upkeep\n|turn|36\n|\n|t:|1699941154\n|switch|p1a: Skarmory|Skarmory, F|92\/100 par\n|move|p2a: Dragonite|Body Press|p1a: Skarmory\n|-damage|p1a: Skarmory|80\/100 par\n|\n|-heal|p1a: Skarmory|86\/100 par|[from] item: Leftovers\n|-damage|p2a: Dragonite|10\/100 tox|[from] psn\n|upkeep\n|-enditem|p2a: Dragonite|Aguav Berry|[eat]\n|-heal|p2a: Dragonite|43\/100 tox|[from] item: Aguav Berry\n|turn|37\n|\n|t:|1699941161\n|move|p2a: Dragonite|Body Press|p1a: Skarmory\n|-damage|p1a: Skarmory|75\/100 par\n|move|p1a: Skarmory|Spikes|p2a: Dragonite\n|-sidestart|p2: Nigg4Gamer|Spikes\n|\n|-heal|p1a: Skarmory|81\/100 par|[from] item: Leftovers\n|-damage|p2a: Dragonite|7\/100 tox|[from] psn\n|upkeep\n|turn|38\n|\n|t:|1699941167\n|move|p2a: Dragonite|Body Slam|p1a: Skarmory\n|-resisted|p1a: Skarmory\n|-damage|p1a: Skarmory|73\/100 par\n|move|p1a: Skarmory|Spikes|p2a: Dragonite\n|-sidestart|p2: Nigg4Gamer|Spikes\n|\n|-heal|p1a: Skarmory|79\/100 par|[from] item: Leftovers\n|-damage|p2a: Dragonite|0 fnt|[from] psn\n|faint|p2a: Dragonite\n|upkeep\n|\n|t:|1699941170\n|switch|p2a: Kleavor|Kleavor, M|82\/100 tox\n|-damage|p2a: Kleavor|57\/100 tox|[from] Spikes\n|turn|39\n|\n|t:|1699941176\n|move|p2a: Kleavor|Close Combat|p1a: Skarmory\n|-damage|p1a: Skarmory|54\/100 par\n|-unboost|p2a: Kleavor|def|1\n|-unboost|p2a: Kleavor|spd|1\n|move|p1a: Skarmory|Roost|p1a: Skarmory\n|-heal|p1a: Skarmory|100\/100 par\n|-singleturn|p1a: Skarmory|move: Roost\n|\n|-damage|p2a: Kleavor|51\/100 tox|[from] psn\n|upkeep\n|turn|40\n|\n|t:|1699941183\n|move|p2a: Kleavor|Close Combat|p1a: Skarmory\n|-crit|p1a: Skarmory\n|-damage|p1a: Skarmory|63\/100 par\n|-unboost|p2a: Kleavor|def|1\n|-unboost|p2a: Kleavor|spd|1\n|cant|p1a: Skarmory|par\n|\n|-heal|p1a: Skarmory|69\/100 par|[from] item: Leftovers\n|-damage|p2a: Kleavor|39\/100 tox|[from] psn\n|upkeep\n|turn|41\n|\n|t:|1699941194\n|move|p2a: Kleavor|Close Combat|p1a: Skarmory\n|-crit|p1a: Skarmory\n|-damage|p1a: Skarmory|36\/100 par\n|-unboost|p2a: Kleavor|def|1\n|-unboost|p2a: Kleavor|spd|1\n|cant|p1a: Skarmory|par\n|\n|-heal|p1a: Skarmory|42\/100 par|[from] item: Leftovers\n|-damage|p2a: Kleavor|21\/100 tox|[from] psn\n|upkeep\n|-enditem|p2a: Kleavor|Aguav Berry|[eat]\n|-heal|p2a: Kleavor|54\/100 tox|[from] item: Aguav Berry\n|turn|42\n|\n|t:|1699941201\n|move|p2a: Kleavor|Close Combat|p1a: Skarmory\n|-damage|p1a: Skarmory|17\/100 par\n|-unboost|p2a: Kleavor|def|1\n|-unboost|p2a: Kleavor|spd|1\n|move|p1a: Skarmory|Roost|p1a: Skarmory\n|-heal|p1a: Skarmory|67\/100 par\n|-singleturn|p1a: Skarmory|move: Roost\n|\n|-heal|p1a: Skarmory|73\/100 par|[from] item: Leftovers\n|-damage|p2a: Kleavor|30\/100 tox|[from] psn\n|upkeep\n|turn|43\n|\n|t:|1699941208\n|move|p2a: Kleavor|Close Combat|p1a: Skarmory\n|-damage|p1a: Skarmory|51\/100 par\n|-unboost|p2a: Kleavor|def|1\n|-unboost|p2a: Kleavor|spd|1\n|move|p1a: Skarmory|Roost|p1a: Skarmory\n|-heal|p1a: Skarmory|100\/100 par\n|-singleturn|p1a: Skarmory|move: Roost\n|\n|-damage|p2a: Kleavor|0 fnt|[from] psn\n|faint|p2a: Kleavor\n|\n|win|turtle lover 069\n|upkeep\n|l|\u2606Nigg4Gamer\n","uploadtime":1699941238,"views":9,"p1id":"turtlelover069","p2id":"nigg4gamer","formatid":"gen9nationaldex","rating":0,"private":0,"password":""}