{"id":"gen9nationaldex-2000011734","p1":"Bean shaped man","p2":"nncc\u6781\u5149","format":"[Gen 9] National Dex","log":"|html|<div class=\"broadcast-blue\"><strong>[Gen 9] National Dex is currently suspecting Sneasler! For information on how to participate check out the <a href=\"https:\/\/www.smogon.com\/forums\/threads\/sv-national-dex-suspect-8-just-dance.3731534\/\">suspect thread<\/a>.<\/strong><\/div>\n|j|\u2606Bean shaped man\n|j|\u2606nncc\u6781\u5149\n|t:|1701140979\n|gametype|singles\n|player|p1|Bean shaped man|giovanni|1644\n|player|p2|nncc\u6781\u5149|benga|1772\n|teamsize|p1|6\n|teamsize|p2|6\n|gen|9\n|tier|[Gen 9] National Dex\n|rated|\n|rule|HP Percentage Mod: HP is shown in percentages\n|rule|Endless Battle Clause: Forcing endless battles is banned\n|rule|OHKO Clause: OHKO moves are banned\n|rule|Evasion Clause: Evasion abilities, items, and moves are banned\n|rule|Evasion Abilities Clause: Evasion abilities are banned\n|rule|Evasion Items Clause: Evasion items are banned\n|rule|Evasion Moves Clause: Evasion moves are banned\n|rule|Species Clause: Limit one of each Pok\u00e9mon\n|rule|Sleep Clause Mod: Limit one foe put to sleep\n|clearpoke\n|poke|p1|Lopunny, F|\n|poke|p1|Garganacl, M|\n|poke|p1|Kartana|\n|poke|p1|Moltres|\n|poke|p1|Garchomp, M|\n|poke|p1|Sinistcha|\n|poke|p2|Alomomola, M|\n|poke|p2|Muk-Alola, M|\n|poke|p2|Skeledirge, F|\n|poke|p2|Mew|\n|poke|p2|Rillaboom, F|\n|poke|p2|Iron Treads|\n|teampreview\n|\n|t:|1701141000\n|start\n|switch|p1a: Lopunny|Lopunny, F|100\/100\n|switch|p2a: Iron Treads|Iron Treads|100\/100\n|turn|1\n|\n|t:|1701141010\n|-end|p2a: Iron Treads|Quark Drive|[silent]\n|switch|p2a: Alomomola|Alomomola, M|100\/100\n|detailschange|p1a: Lopunny|Lopunny-Mega, F\n|-mega|p1a: Lopunny|Lopunny|Lopunnite\n|move|p1a: Lopunny|U-turn|p2a: Alomomola\n|-damage|p2a: Alomomola|84\/100\n|-damage|p1a: Lopunny|84\/100|[from] item: Rocky Helmet|[of] p2a: Alomomola\n|\n|t:|1701141017\n|switch|p1a: Garganacl|Garganacl, M|100\/100|[from] U-turn\n|\n|upkeep\n|turn|2\n|\n|t:|1701141024\n|move|p2a: Alomomola|Flip Turn|p1a: Garganacl\n|-supereffective|p1a: Garganacl\n|-damage|p1a: Garganacl|80\/100\n|\n|t:|1701141026\n|switch|p2a: Rillaboom|Rillaboom, F|100\/100|[from] Flip Turn\n|-fieldstart|move: Grassy Terrain|[from] ability: Grassy Surge|[of] p2a: Rillaboom\n|move|p1a: Garganacl|Salt Cure|p2a: Rillaboom\n|-damage|p2a: Rillaboom|87\/100\n|-start|p2a: Rillaboom|Salt Cure\n|\n|-heal|p2a: Rillaboom|93\/100|[from] Grassy Terrain\n|-heal|p1a: Garganacl|86\/100|[from] Grassy Terrain\n|-heal|p1a: Garganacl|92\/100|[from] item: Leftovers\n|-damage|p2a: Rillaboom|81\/100|[from] Salt Cure\n|upkeep\n|turn|3\n|\n|t:|1701141030\n|switch|p1a: Moltres|Moltres|100\/100\n|move|p2a: Rillaboom|Knock Off|p1a: Moltres\n|-crit|p1a: Moltres\n|-damage|p1a: Moltres|16\/100\n|-status|p2a: Rillaboom|brn|[from] ability: Flame Body|[of] p1a: Moltres\n|-enditem|p1a: Moltres|Heavy-Duty Boots|[from] move: Knock Off|[of] p2a: Rillaboom\n|\n|-heal|p2a: Rillaboom|87\/100 brn|[from] Grassy Terrain\n|-damage|p2a: Rillaboom|81\/100 brn|[from] brn\n|-damage|p2a: Rillaboom|68\/100 brn|[from] Salt Cure\n|upkeep\n|turn|4\n|\n|t:|1701141041\n|move|p2a: Rillaboom|Knock Off|p1a: Moltres\n|-damage|p1a: Moltres|0 fnt\n|faint|p1a: Moltres\n|\n|-heal|p2a: Rillaboom|75\/100 brn|[from] Grassy Terrain\n|-damage|p2a: Rillaboom|68\/100 brn|[from] brn\n|-damage|p2a: Rillaboom|56\/100 brn|[from] Salt Cure\n|upkeep\n|\n|t:|1701141056\n|switch|p1a: Lopunny|Lopunny-Mega, F|84\/100\n|turn|5\n|\n|t:|1701141065\n|switch|p2a: Alomomola|Alomomola, M|100\/100\n|move|p1a: Lopunny|U-turn|p2a: Alomomola\n|-damage|p2a: Alomomola|84\/100\n|-damage|p1a: Lopunny|67\/100|[from] item: Rocky Helmet|[of] p2a: Alomomola\n|\n|t:|1701141076\n|switch|p1a: Sinistcha|Sinistcha|100\/100|[from] U-turn\n|\n|-heal|p2a: Alomomola|91\/100|[from] Grassy Terrain\n|upkeep\n|turn|6\n|\n|t:|1701141082\n|switch|p2a: Muk|Muk-Alola, M|100\/100\n|move|p1a: Sinistcha|Matcha Gotcha|p2a: Muk\n|-resisted|p2a: Muk\n|-damage|p2a: Muk|89\/100\n|\n|-heal|p2a: Muk|95\/100|[from] Grassy Terrain\n|-fieldend|move: Grassy Terrain\n|upkeep\n|turn|7\n|\n|t:|1701141085\n|-activate|p1a: Sinistcha|move: Pursuit\n|move|p2a: Muk|Pursuit|p1a: Sinistcha|[from]Pursuit\n|-supereffective|p1a: Sinistcha\n|-damage|p1a: Sinistcha|46\/100\n|switch|p1a: Garganacl|Garganacl, M|92\/100\n|\n|-heal|p1a: Garganacl|98\/100|[from] item: Leftovers\n|upkeep\n|turn|8\n|\n|t:|1701141094\n|move|p2a: Muk|Knock Off|p1a: Garganacl\n|-damage|p1a: Garganacl|68\/100\n|-enditem|p1a: Garganacl|Leftovers|[from] move: Knock Off|[of] p2a: Muk\n|move|p1a: Garganacl|Stealth Rock|p2a: Muk\n|-sidestart|p2: nncc\u6781\u5149|move: Stealth Rock\n|\n|upkeep\n|turn|9\n|\n|t:|1701141098\n|switch|p2a: Alomomola|Alomomola, M|100\/100\n|-damage|p2a: Alomomola|88\/100|[from] Stealth Rock\n|move|p1a: Garganacl|Salt Cure|p2a: Alomomola\n|-damage|p2a: Alomomola|78\/100\n|-start|p2a: Alomomola|Salt Cure\n|\n|-damage|p2a: Alomomola|53\/100|[from] Salt Cure\n|upkeep\n|turn|10\n|\n|t:|1701141102\n|move|p2a: Alomomola|Flip Turn|p1a: Garganacl\n|-supereffective|p1a: Garganacl\n|-damage|p1a: Garganacl|44\/100\n|\n|t:|1701141105\n|switch|p2a: Iron Treads|Iron Treads|100\/100|[from] Flip Turn\n|-damage|p2a: Iron Treads|97\/100|[from] Stealth Rock\n|move|p1a: Garganacl|Salt Cure|p2a: Iron Treads\n|-resisted|p2a: Iron Treads\n|-damage|p2a: Iron Treads|94\/100\n|-start|p2a: Iron Treads|Salt Cure\n|\n|-damage|p2a: Iron Treads|69\/100|[from] Salt Cure\n|upkeep\n|turn|11\n|\n|t:|1701141109\n|move|p1a: Garganacl|Protect|p1a: Garganacl\n|-singleturn|p1a: Garganacl|Protect\n|move|p2a: Iron Treads|Stealth Rock|p1a: Garganacl\n|-sidestart|p1: Bean shaped man|move: Stealth Rock\n|\n|-damage|p2a: Iron Treads|44\/100|[from] Salt Cure\n|upkeep\n|turn|12\n|\n|t:|1701141115\n|switch|p1a: Sinistcha|Sinistcha|46\/100\n|-damage|p1a: Sinistcha|34\/100|[from] Stealth Rock\n|move|p2a: Iron Treads|Earthquake|p1a: Sinistcha\n|-resisted|p1a: Sinistcha\n|-damage|p1a: Sinistcha|15\/100\n|\n|-heal|p1a: Sinistcha|21\/100|[from] item: Leftovers\n|-damage|p2a: Iron Treads|19\/100|[from] Salt Cure\n|upkeep\n|turn|13\n|\n|t:|1701141123\n|-zpower|p2a: Iron Treads\n|move|p2a: Iron Treads|Subzero Slammer|p1a: Sinistcha|[zeffect]\n|-supereffective|p1a: Sinistcha\n|-damage|p1a: Sinistcha|0 fnt\n|faint|p1a: Sinistcha\n|\n|-damage|p2a: Iron Treads|0 fnt|[from] Salt Cure\n|faint|p2a: Iron Treads\n|-end|p2a: Iron Treads|Quark Drive|[silent]\n|upkeep\n|\n|t:|1701141135\n|switch|p2a: Alomomola|Alomomola, M|86\/100\n|switch|p1a: Garchomp|Garchomp, M|100\/100\n|-damage|p1a: Garchomp|94\/100|[from] Stealth Rock\n|-damage|p2a: Alomomola|74\/100|[from] Stealth Rock\n|turn|14\n|\n|t:|1701141140\n|move|p1a: Garchomp|Spikes|p2a: Alomomola\n|-sidestart|p2: nncc\u6781\u5149|Spikes\n|move|p2a: Alomomola|Flip Turn|p1a: Garchomp\n|-damage|p1a: Garchomp|83\/100\n|-damage|p2a: Alomomola|62\/100|[from] ability: Rough Skin|[of] p1a: Garchomp\n|-damage|p2a: Alomomola|45\/100|[from] item: Rocky Helmet|[of] p1a: Garchomp\n|\n|t:|1701141145\n|switch|p2a: Skeledirge|Skeledirge, F|100\/100|[from] Flip Turn\n|\n|upkeep\n|turn|15\n|\n|t:|1701141148\n|move|p1a: Garchomp|Toxic|p2a: Skeledirge\n|-status|p2a: Skeledirge|tox\n|move|p2a: Skeledirge|Will-O-Wisp|p1a: Garchomp\n|-status|p1a: Garchomp|brn\n|\n|-damage|p2a: Skeledirge|94\/100 tox|[from] psn\n|-damage|p1a: Garchomp|76\/100 brn|[from] brn\n|upkeep\n|turn|16\n|\n|t:|1701141152\n|move|p1a: Garchomp|Spikes|p2a: Skeledirge\n|-sidestart|p2: nncc\u6781\u5149|Spikes\n|move|p2a: Skeledirge|Torch Song|p1a: Garchomp\n|-resisted|p1a: Garchomp\n|-damage|p1a: Garchomp|64\/100 brn\n|-boost|p2a: Skeledirge|spa|1\n|\n|-damage|p2a: Skeledirge|82\/100 tox|[from] psn\n|-damage|p1a: Garchomp|57\/100 brn|[from] brn\n|upkeep\n|turn|17\n|\n|t:|1701141156\n|move|p1a: Garchomp|Spikes|p2a: Skeledirge\n|-sidestart|p2: nncc\u6781\u5149|Spikes\n|move|p2a: Skeledirge|Torch Song|p1a: Garchomp\n|-resisted|p1a: Garchomp\n|-damage|p1a: Garchomp|37\/100 brn\n|-boost|p2a: Skeledirge|spa|1\n|\n|-damage|p2a: Skeledirge|64\/100 tox|[from] psn\n|-damage|p1a: Garchomp|31\/100 brn|[from] brn\n|upkeep\n|turn|18\n|\n|t:|1701141159\n|move|p1a: Garchomp|Earthquake|p2a: Skeledirge\n|-supereffective|p2a: Skeledirge\n|-damage|p2a: Skeledirge|38\/100 tox\n|move|p2a: Skeledirge|Earth Power|p1a: Garchomp\n|-damage|p1a: Garchomp|0 fnt\n|faint|p1a: Garchomp\n|\n|-damage|p2a: Skeledirge|14\/100 tox|[from] psn\n|upkeep\n|\n|t:|1701141175\n|switch|p1a: Kartana|Kartana|100\/100\n|-damage|p1a: Kartana|94\/100|[from] Stealth Rock\n|turn|19\n|\n|t:|1701141184\n|-terastallize|p2a: Skeledirge|Fairy\n|move|p1a: Kartana|Smart Strike|p2a: Skeledirge\n|-supereffective|p2a: Skeledirge\n|-damage|p2a: Skeledirge|0 fnt\n|faint|p2a: Skeledirge\n|-ability|p1a: Kartana|Beast Boost|boost\n|-boost|p1a: Kartana|atk|1\n|\n|upkeep\n|-message|nncc\u6781\u5149 forfeited.\n|\n|win|Bean shaped man\n|raw|Bean shaped man's rating: 1644 &rarr; <strong>1671<\/strong><br \/>(+27 for winning)\n|raw|nncc\u6781\u5149's rating: 1772 &rarr; <strong>1745<\/strong><br \/>(-27 for losing)\n|l|\u2606nncc\u6781\u5149\n","uploadtime":1701141197,"views":18,"p1id":"beanshapedman","p2id":"nncc","formatid":"gen9nationaldex","rating":1671,"private":0,"password":""}