{"id":"gen9nationaldex-1993484452","p1":"runeatest","p2":"ZIllagOd12","format":"[Gen 9] National Dex","log":"|j|\u2606runeatest\n|j|\u2606ZIllagOd12\n|t:|1700323466\n|gametype|singles\n|player|p1|runeatest|fisherman-gen4|1116\n|player|p2|ZIllagOd12|bellelba|1135\n|teamsize|p1|6\n|teamsize|p2|6\n|gen|9\n|tier|[Gen 9] National Dex\n|rated|\n|rule|HP Percentage Mod: HP is shown in percentages\n|rule|Endless Battle Clause: Forcing endless battles is banned\n|rule|OHKO Clause: OHKO moves are banned\n|rule|Evasion Clause: Evasion abilities, items, and moves are banned\n|rule|Evasion Abilities Clause: Evasion abilities are banned\n|rule|Evasion Items Clause: Evasion items are banned\n|rule|Evasion Moves Clause: Evasion moves are banned\n|rule|Species Clause: Limit one of each Pok\u00e9mon\n|rule|Sleep Clause Mod: Limit one foe put to sleep\n|clearpoke\n|poke|p1|Vaporeon, M|\n|poke|p1|Salamence, M|\n|poke|p1|Hitmontop, M|\n|poke|p1|Electivire, M|\n|poke|p1|Togekiss, M|\n|poke|p1|Houndoom, M|\n|poke|p2|Infernape, F|\n|poke|p2|Scyther, M|\n|poke|p2|Brute Bonnet|\n|poke|p2|Magnezone|\n|poke|p2|Ursaluna, M|\n|poke|p2|Gyarados, M|\n|teampreview\n|inactive|Battle timer is ON: inactive players will automatically lose when time's up. (requested by runeatest)\n|\n|t:|1700323472\n|start\n|switch|p1a: Salamence|Salamence, M|100\/100\n|switch|p2a: Magnezone|Magnezone|100\/100\n|-ability|p1a: Salamence|Intimidate|boost\n|-unboost|p2a: Magnezone|atk|1\n|turn|1\n|\n|t:|1700323482\n|move|p1a: Salamence|Flamethrower|p2a: Magnezone\n|-supereffective|p2a: Magnezone\n|-damage|p2a: Magnezone|17\/100\n|move|p2a: Magnezone|Thunderbolt|p1a: Salamence\n|-damage|p1a: Salamence|6\/100\n|\n|upkeep\n|turn|2\n|\n|t:|1700323489\n|move|p1a: Salamence|Flamethrower|p2a: Magnezone\n|-supereffective|p2a: Magnezone\n|-crit|p2a: Magnezone\n|-damage|p2a: Magnezone|0 fnt\n|faint|p2a: Magnezone\n|\n|upkeep\n|\n|t:|1700323497\n|switch|p2a: Infernape|Infernape, F|100\/100\n|turn|3\n|\n|t:|1700323505\n|switch|p1a: Houndoom|Houndoom, M|100\/100\n|move|p2a: Infernape|Mach Punch|p1a: Houndoom\n|-supereffective|p1a: Houndoom\n|-enditem|p1a: Houndoom|Focus Sash\n|-damage|p1a: Houndoom|1\/100\n|\n|upkeep\n|turn|4\n|\n|t:|1700323513\n|move|p2a: Infernape|Mach Punch|p1a: Houndoom\n|-supereffective|p1a: Houndoom\n|-damage|p1a: Houndoom|0 fnt\n|faint|p1a: Houndoom\n|\n|upkeep\n|\n|t:|1700323517\n|switch|p1a: Togekiss|Togekiss, M, shiny|100\/100\n|turn|5\n|\n|t:|1700323522\n|move|p2a: Infernape|Thunder Punch|p1a: Togekiss\n|-supereffective|p1a: Togekiss\n|-damage|p1a: Togekiss|25\/100\n|move|p1a: Togekiss|Thunder Wave|p2a: Infernape\n|-status|p2a: Infernape|par\n|\n|upkeep\n|turn|6\n|\n|t:|1700323531\n|move|p1a: Togekiss|Air Slash|p2a: Infernape\n|-supereffective|p2a: Infernape\n|-damage|p2a: Infernape|0 fnt\n|faint|p2a: Infernape\n|\n|upkeep\n|\n|t:|1700323539\n|switch|p2a: Gyarados|Gyarados, M|100\/100\n|-ability|p2a: Gyarados|Intimidate|boost\n|-unboost|p1a: Togekiss|atk|1\n|turn|7\n|\n|t:|1700323544\n|move|p2a: Gyarados|Waterfall|p1a: Togekiss\n|-damage|p1a: Togekiss|0 fnt\n|faint|p1a: Togekiss\n|\n|upkeep\n|\n|t:|1700323548\n|switch|p1a: Electivire|Electivire, M, shiny|100\/100\n|-item|p1a: Electivire|Air Balloon\n|turn|8\n|\n|t:|1700323557\n|detailschange|p2a: Gyarados|Gyarados-Mega, M\n|-mega|p2a: Gyarados|Gyarados|Gyaradosite\n|-ability|p2a: Gyarados|Mold Breaker\n|move|p1a: Electivire|Ice Punch|p2a: Gyarados\n|-resisted|p2a: Gyarados\n|-damage|p2a: Gyarados|86\/100\n|-status|p2a: Gyarados|frz\n|cant|p2a: Gyarados|frz\n|\n|upkeep\n|turn|9\n|\n|t:|1700323566\n|move|p1a: Electivire|Thunder Punch|p2a: Gyarados\n|-supereffective|p2a: Gyarados\n|-damage|p2a: Gyarados|10\/100 frz\n|cant|p2a: Gyarados|frz\n|\n|upkeep\n|turn|10\n|\n|t:|1700323571\n|move|p1a: Electivire|Ice Punch|p2a: Gyarados\n|-resisted|p2a: Gyarados\n|-damage|p2a: Gyarados|0 fnt\n|faint|p2a: Gyarados\n|\n|upkeep\n|\n|t:|1700323577\n|switch|p2a: Scyther|Scyther, M|100\/100\n|turn|11\n|\n|t:|1700323581\n|-terastallize|p2a: Scyther|Normal\n|move|p2a: Scyther|Quick Attack|p1a: Electivire\n|-damage|p1a: Electivire|50\/100\n|-enditem|p1a: Electivire|Air Balloon\n|move|p1a: Electivire|Thunder Punch|p2a: Scyther\n|-damage|p2a: Scyther|59\/100\n|\n|upkeep\n|turn|12\n|\n|t:|1700323590\n|switch|p1a: Salamence|Salamence, M|6\/100\n|-ability|p1a: Salamence|Intimidate|boost\n|-unboost|p2a: Scyther|atk|1\n|move|p2a: Scyther|Quick Attack|p1a: Salamence\n|-damage|p1a: Salamence|0 fnt\n|faint|p1a: Salamence\n|\n|upkeep\n|\n|t:|1700323597\n|switch|p1a: Electivire|Electivire, M, shiny|50\/100\n|turn|13\n|\n|t:|1700323604\n|move|p2a: Scyther|Quick Attack|p1a: Electivire\n|-damage|p1a: Electivire|16\/100\n|move|p1a: Electivire|Thunder Punch|p2a: Scyther\n|-damage|p2a: Scyther|19\/100\n|\n|upkeep\n|turn|14\n|\n|t:|1700323612\n|move|p2a: Scyther|Quick Attack|p1a: Electivire\n|-damage|p1a: Electivire|0 fnt\n|faint|p1a: Electivire\n|\n|upkeep\n|\n|t:|1700323616\n|switch|p1a: Hitmontop|Hitmontop, M|100\/100\n|turn|15\n|\n|t:|1700323623\n|move|p1a: Hitmontop|Fake Out|p2a: Scyther\n|-damage|p2a: Scyther|2\/100\n|cant|p2a: Scyther|flinch\n|\n|upkeep\n|turn|16\n|\n|t:|1700323628\n|move|p1a: Hitmontop|Sucker Punch|p2a: Scyther\n|-crit|p2a: Scyther\n|-damage|p2a: Scyther|0 fnt\n|faint|p2a: Scyther\n|\n|upkeep\n|\n|t:|1700323635\n|switch|p2a: Brute Bonnet|Brute Bonnet|100\/100\n|turn|17\n|\n|t:|1700323639\n|move|p1a: Hitmontop|High Jump Kick|p2a: Brute Bonnet\n|-supereffective|p2a: Brute Bonnet\n|-damage|p2a: Brute Bonnet|6\/100\n|move|p2a: Brute Bonnet|Bullet Seed|p1a: Hitmontop\n|-damage|p1a: Hitmontop|78\/100\n|-damage|p1a: Hitmontop|57\/100\n|-damage|p1a: Hitmontop|36\/100\n|-damage|p1a: Hitmontop|16\/100\n|-damage|p1a: Hitmontop|0 fnt\n|faint|p1a: Hitmontop\n|-hitcount|p1: Hitmontop|5\n|\n|upkeep\n|\n|t:|1700323650\n|switch|p1a: Vaporeon|Vaporeon, M|100\/100\n|turn|18\n|\n|t:|1700323655\n|move|p1a: Vaporeon|Ice Beam|p2a: Brute Bonnet\n|-supereffective|p2a: Brute Bonnet\n|-damage|p2a: Brute Bonnet|0 fnt\n|faint|p2a: Brute Bonnet\n|-end|p2a: Brute Bonnet|Protosynthesis|[silent]\n|\n|upkeep\n|\n|t:|1700323662\n|switch|p2a: Ursaluna|Ursaluna, M|100\/100\n|turn|19\n|\n|t:|1700323668\n|move|p1a: Vaporeon|Hydro Pump|p2a: Ursaluna\n|-supereffective|p2a: Ursaluna\n|-damage|p2a: Ursaluna|0 fnt\n|faint|p2a: Ursaluna\n|\n|win|runeatest\n|raw|runeatest's rating: 1116 &rarr; <strong>1142<\/strong><br \/>(+26 for winning)\n|raw|ZIllagOd12's rating: 1135 &rarr; <strong>1109<\/strong><br \/>(-26 for losing)\n|c|\u2606ZIllagOd12|gg\n","uploadtime":1700323676,"views":7,"p1id":"runeatest","p2id":"zillagod12","formatid":"gen9nationaldex","rating":1109,"private":0,"password":""}