{"id":"gen9nationaldex-1990080813","p1":"stargobble","p2":"Tech180","format":"[Gen 9] National Dex","log":"|j|\u2606stargobble\n|j|\u2606Tech180\n|t:|1699922471\n|gametype|singles\n|player|p1|stargobble|clerk|\n|player|p2|Tech180|clemont|\n|teamsize|p1|6\n|teamsize|p2|6\n|gen|9\n|tier|[Gen 9] National Dex\n|rule|HP Percentage Mod: HP is shown in percentages\n|rule|Endless Battle Clause: Forcing endless battles is banned\n|rule|OHKO Clause: OHKO moves are banned\n|rule|Evasion Clause: Evasion abilities, items, and moves are banned\n|rule|Evasion Abilities Clause: Evasion abilities are banned\n|rule|Evasion Items Clause: Evasion items are banned\n|rule|Evasion Moves Clause: Evasion moves are banned\n|rule|Species Clause: Limit one of each Pok\u00e9mon\n|rule|Sleep Clause Mod: Limit one foe put to sleep\n|clearpoke\n|poke|p1|Zygarde-10%|\n|poke|p1|Araquanid, M|\n|poke|p1|Runerigus, M|\n|poke|p1|Lanturn, F|\n|poke|p1|Cetitan, F|\n|poke|p1|Sliggoo-Hisui, F|\n|poke|p2|Typhlosion-Hisui, M|\n|poke|p2|Revavroom, F|\n|poke|p2|Arboliva, F|\n|poke|p2|Cofagrigus, F|\n|poke|p2|Rabsca, M|\n|poke|p2|Farigiraf, M|\n|teampreview\n|j| poliwog171\n|\n|t:|1699922526\n|start\n|switch|p1a: Ian Quarud|Araquanid, M|100\/100\n|switch|p2a: *cough*|Cofagrigus, F|100\/100\n|turn|1\n|\n|t:|1699922572\n|move|p1a: Ian Quarud|Sticky Web|p2a: *cough*\n|-sidestart|p2: Tech180|move: Sticky Web\n|move|p2a: *cough*|Toxic|p1a: Ian Quarud\n|-status|p1a: Ian Quarud|tox\n|\n|-damage|p1a: Ian Quarud|94\/100 tox|[from] psn\n|upkeep\n|turn|2\n|\n|t:|1699922583\n|move|p1a: Ian Quarud|Liquidation|p2a: *cough*\n|-damage|p2a: *cough*|76\/100\n|-activate|p2a: *cough*|ability: Mummy|Water Bubble|[of] p1a: Ian Quarud\n|move|p2a: *cough*|Iron Defense|p2a: *cough*\n|-boost|p2a: *cough*|def|2\n|\n|-heal|p1a: Ian Quarud|100\/100 tox|[from] item: Leftovers\n|-heal|p2a: *cough*|82\/100|[from] item: Leftovers\n|-damage|p1a: Ian Quarud|88\/100 tox|[from] psn\n|upkeep\n|turn|3\n|\n|t:|1699922602\n|switch|p1a: Googlis|Sliggoo-Hisui, F|100\/100\n|move|p2a: *cough*|Shadow Ball|p1a: Googlis\n|-damage|p1a: Googlis|86\/100\n|\n|-heal|p2a: *cough*|89\/100|[from] item: Leftovers\n|upkeep\n|turn|4\n|\n|t:|1699922620\n|move|p1a: Googlis|Gyro Ball|p2a: *cough*\n|-damage|p2a: *cough*|87\/100\n|-activate|p2a: *cough*|ability: Mummy|Sap Sipper|[of] p1a: Googlis\n|move|p2a: *cough*|Body Press|p1a: Googlis\n|-supereffective|p1a: Googlis\n|-damage|p1a: Googlis|0 fnt\n|faint|p1a: Googlis\n|\n|-heal|p2a: *cough*|93\/100|[from] item: Leftovers\n|upkeep\n|\n|t:|1699922638\n|switch|p1a: Gus Renuri|Runerigus, M|100\/100\n|turn|5\n|\n|t:|1699922643\n|move|p1a: Gus Renuri|Poltergeist|p2a: *cough*\n|-activate|p2a: *cough*|move: Poltergeist|Leftovers\n|-supereffective|p2a: *cough*\n|-damage|p2a: *cough*|72\/100\n|move|p2a: *cough*|Toxic|p1a: Gus Renuri\n|-status|p1a: Gus Renuri|tox\n|\n|-heal|p2a: *cough*|78\/100|[from] item: Leftovers\n|-damage|p1a: Gus Renuri|94\/100 tox|[from] psn\n|upkeep\n|turn|6\n|\n|t:|1699922653\n|move|p1a: Gus Renuri|Will-O-Wisp|p2a: *cough*\n|-status|p2a: *cough*|brn\n|move|p2a: *cough*|Shadow Ball|p1a: Gus Renuri\n|-supereffective|p1a: Gus Renuri\n|-damage|p1a: Gus Renuri|42\/100 tox\n|\n|-heal|p1a: Gus Renuri|48\/100 tox|[from] item: Leftovers\n|-heal|p2a: *cough*|84\/100 brn|[from] item: Leftovers\n|-damage|p1a: Gus Renuri|35\/100 tox|[from] psn\n|-damage|p2a: *cough*|78\/100 brn|[from] brn\n|upkeep\n|turn|7\n|\n|t:|1699922674\n|switch|p1a: Ian Quarud|Araquanid, M|88\/100 tox\n|move|p2a: *cough*|Shadow Ball|p1a: Ian Quarud\n|-damage|p1a: Ian Quarud|72\/100 tox\n|\n|-heal|p1a: Ian Quarud|78\/100 tox|[from] item: Leftovers\n|-heal|p2a: *cough*|84\/100 brn|[from] item: Leftovers\n|-damage|p1a: Ian Quarud|72\/100 tox|[from] psn\n|-damage|p2a: *cough*|78\/100 brn|[from] brn\n|upkeep\n|turn|8\n|\n|t:|1699922685\n|move|p1a: Ian Quarud|Liquidation|p2a: *cough*\n|-damage|p2a: *cough*|64\/100 brn\n|-activate|p2a: *cough*|ability: Mummy|Water Bubble|[of] p1a: Ian Quarud\n|move|p2a: *cough*|Body Press|p1a: Ian Quarud\n|-resisted|p1a: Ian Quarud\n|-damage|p1a: Ian Quarud|54\/100 tox\n|\n|-heal|p1a: Ian Quarud|60\/100 tox|[from] item: Leftovers\n|-heal|p2a: *cough*|70\/100 brn|[from] item: Leftovers\n|-damage|p1a: Ian Quarud|48\/100 tox|[from] psn\n|-damage|p2a: *cough*|64\/100 brn|[from] brn\n|upkeep\n|turn|9\n|\n|t:|1699922711\n|switch|p1a: Gus Renuri|Runerigus, M|35\/100 tox\n|move|p2a: *cough*|Iron Defense|p2a: *cough*\n|-boost|p2a: *cough*|def|2\n|\n|-heal|p1a: Gus Renuri|42\/100 tox|[from] item: Leftovers\n|-heal|p2a: *cough*|70\/100 brn|[from] item: Leftovers\n|-damage|p1a: Gus Renuri|35\/100 tox|[from] psn\n|-damage|p2a: *cough*|64\/100 brn|[from] brn\n|upkeep\n|turn|10\n|\n|t:|1699922726\n|switch|p1a: Ian Quarud|Araquanid, M|48\/100 tox\n|move|p2a: *cough*|Shadow Ball|p1a: Ian Quarud\n|-crit|p1a: Ian Quarud\n|-damage|p1a: Ian Quarud|23\/100 tox\n|\n|-heal|p1a: Ian Quarud|29\/100 tox|[from] item: Leftovers\n|-heal|p2a: *cough*|70\/100 brn|[from] item: Leftovers\n|-damage|p1a: Ian Quarud|23\/100 tox|[from] psn\n|-damage|p2a: *cough*|64\/100 brn|[from] brn\n|upkeep\n|turn|11\n|\n|t:|1699922768\n|move|p1a: Ian Quarud|Liquidation|p2a: *cough*\n|-damage|p2a: *cough*|56\/100 brn\n|-activate|p2a: *cough*|ability: Mummy|Water Bubble|[of] p1a: Ian Quarud\n|move|p2a: *cough*|Shadow Ball|p1a: Ian Quarud\n|-damage|p1a: Ian Quarud|7\/100 tox\n|-unboost|p1a: Ian Quarud|spd|1\n|\n|-heal|p1a: Ian Quarud|13\/100 tox|[from] item: Leftovers\n|-heal|p2a: *cough*|62\/100 brn|[from] item: Leftovers\n|-damage|p1a: Ian Quarud|1\/100 tox|[from] psn\n|-damage|p2a: *cough*|56\/100 brn|[from] brn\n|upkeep\n|turn|12\n|\n|t:|1699922781\n|move|p1a: Ian Quarud|Liquidation|p2a: *cough*\n|-damage|p2a: *cough*|52\/100 brn\n|move|p2a: *cough*|Iron Defense|p2a: *cough*\n|-boost|p2a: *cough*|def|2\n|\n|-heal|p1a: Ian Quarud|7\/100 tox|[from] item: Leftovers\n|-heal|p2a: *cough*|58\/100 brn|[from] item: Leftovers\n|-damage|p1a: Ian Quarud|0 fnt|[from] psn\n|faint|p1a: Ian Quarud\n|-damage|p2a: *cough*|52\/100 brn|[from] brn\n|upkeep\n|\n|t:|1699922791\n|switch|p1a: Tan Nurl|Lanturn, F|100\/100\n|turn|13\n|\n|t:|1699922799\n|move|p1a: Tan Nurl|Scald|p2a: *cough*\n|-damage|p2a: *cough*|28\/100 brn\n|move|p2a: *cough*|Body Press|p1a: Tan Nurl\n|-damage|p1a: Tan Nurl|36\/100\n|\n|-heal|p1a: Tan Nurl|42\/100|[from] item: Leftovers\n|-heal|p2a: *cough*|35\/100 brn|[from] item: Leftovers\n|-damage|p2a: *cough*|28\/100 brn|[from] brn\n|upkeep\n|turn|14\n|\n|t:|1699922822\n|move|p1a: Tan Nurl|Scald|p2a: *cough*\n|-damage|p2a: *cough*|6\/100 brn\n|move|p2a: *cough*|Body Press|p1a: Tan Nurl\n|-damage|p1a: Tan Nurl|0 fnt\n|faint|p1a: Tan Nurl\n|\n|-heal|p2a: *cough*|12\/100 brn|[from] item: Leftovers\n|-damage|p2a: *cough*|6\/100 brn|[from] brn\n|upkeep\n|\n|t:|1699922873\n|switch|p1a: Gus Renuri|Runerigus, M|35\/100 tox\n|turn|15\n|c|\u2606Tech180|im actually surprised you didn't bring abomasnow\n|\n|t:|1699922881\n|move|p1a: Gus Renuri|Poltergeist|p2a: *cough*|[miss]\n|-miss|p1a: Gus Renuri|p2a: *cough*\n|move|p2a: *cough*|Shadow Ball|p1a: Gus Renuri\n|-supereffective|p1a: Gus Renuri\n|-damage|p1a: Gus Renuri|0 fnt\n|faint|p1a: Gus Renuri\n|\n|-heal|p2a: *cough*|12\/100 brn|[from] item: Leftovers\n|-damage|p2a: *cough*|6\/100 brn|[from] brn\n|upkeep\n|c|\u2606Tech180|oh\n|c|\u2606Tech180|man that sucks\n|\n|t:|1699922906\n|switch|p1a: Tita Can|Cetitan, F|100\/100\n|turn|16\n|\n|t:|1699922910\n|move|p1a: Tita Can|Ice Shard|p2a: *cough*\n|-damage|p2a: *cough*|2\/100 brn\n|move|p2a: *cough*|Body Press|p1a: Tita Can\n|-supereffective|p1a: Tita Can\n|-damage|p1a: Tita Can|0 fnt\n|faint|p1a: Tita Can\n|\n|-heal|p2a: *cough*|8\/100 brn|[from] item: Leftovers\n|-damage|p2a: *cough*|2\/100 brn|[from] brn\n|upkeep\n|\n|t:|1699922917\n|switch|p1a: Dez Yarg|Zygarde-10%|100\/100\n|-ability|p1a: Dez Yarg|Aura Break\n|turn|17\n|\n|t:|1699922937\n|move|p1a: Dez Yarg|Thousand Arrows|p2a: *cough*\n|-damage|p2a: *cough*|0 fnt\n|faint|p2a: *cough*\n|\n|upkeep\n|c|\u2606stargobble|get that GODDAMN COFFIN OUT OF MY SIGHT\n|c|\u2606stargobble|sick of that dude\n|c|\u2606stargobble|i hope he dies\n|c| poliwog171|now riley hits you with the revival blessing\n|c|\u2606stargobble|(again)\n|c|\u2606stargobble|ITS BANNED\n|c| poliwog171|i know\n|c|\u2606Tech180|lolol\n|c|\u2606stargobble|i want you to know damage calc has no set for cof\n|c|\u2606stargobble|so i had no idea how to plan for it\n|\n|t:|1699923014\n|switch|p2a: larry|Farigiraf, M|100\/100\n|-activate|p2a: larry|move: Sticky Web\n|-unboost|p2a: larry|spe|1\n|turn|18\n|\n|t:|1699923069\n|move|p1a: Dez Yarg|Dragon Dance|p1a: Dez Yarg\n|-boost|p1a: Dez Yarg|atk|1\n|-boost|p1a: Dez Yarg|spe|1\n|move|p2a: larry|Dazzling Gleam|p1a: Dez Yarg\n|-supereffective|p1a: Dez Yarg\n|-enditem|p1a: Dez Yarg|Focus Sash\n|-damage|p1a: Dez Yarg|1\/100\n|\n|upkeep\n|turn|19\n|c|\u2606Tech180|dude i actually spent a sizable amount of time prepping for your team, i thought it walled my team tbh\n|c|\u2606stargobble|nope\n|c|\u2606stargobble|cof said die\n|\n|t:|1699923093\n|move|p1a: Dez Yarg|Outrage|p2a: larry\n|-damage|p2a: larry|11\/100\n|move|p2a: larry|Dazzling Gleam|p1a: Dez Yarg\n|-supereffective|p1a: Dez Yarg\n|-damage|p1a: Dez Yarg|0 fnt\n|faint|p1a: Dez Yarg\n|\n|win|Tech180\n|c|\u2606Tech180|gg\n|c|\u2606stargobble|low roll low roll miss miss miss\n|c|\u2606stargobble|gg\n|l| poliwog171\n|c|\u2606stargobble|but this is the second game in a row i get extra destroyed by bad rng\n|c|\u2606Tech180|your team is truthfully scary though\n|c|\u2606Tech180|i saw\n|c|\u2606Tech180|and that is unfortunate\n|c|\u2606stargobble|i probably wasn't winning after ceding that much ground\n|c|\u2606stargobble|but like\n|c|\u2606stargobble|the poltergeist miss was so unnecessary\n|c|\u2606Tech180|yeah it really was lol\n","uploadtime":1699923166,"views":23,"p1id":"stargobble","p2id":"tech180","formatid":"gen9nationaldex","rating":0,"private":0,"password":""}