{"id":"gen9nationaldex-1993081415","p1":"hackilla15","p2":"Tamagocci","format":"[Gen 9] National Dex","log":"|j|\u2606hackilla15\n|j|\u2606Tamagocci\n|t:|1700262597\n|gametype|singles\n|player|p1|hackilla15|ethan|1324\n|player|p2|Tamagocci|1|1194\n|teamsize|p1|6\n|teamsize|p2|6\n|gen|9\n|tier|[Gen 9] National Dex\n|rated|\n|rule|HP Percentage Mod: HP is shown in percentages\n|rule|Endless Battle Clause: Forcing endless battles is banned\n|rule|OHKO Clause: OHKO moves are banned\n|rule|Evasion Clause: Evasion abilities, items, and moves are banned\n|rule|Evasion Abilities Clause: Evasion abilities are banned\n|rule|Evasion Items Clause: Evasion items are banned\n|rule|Evasion Moves Clause: Evasion moves are banned\n|rule|Species Clause: Limit one of each Pok\u00e9mon\n|rule|Sleep Clause Mod: Limit one foe put to sleep\n|clearpoke\n|poke|p1|Torterra, M|\n|poke|p1|Latias, F|\n|poke|p1|Clodsire, F|\n|poke|p1|Volcarona, F|\n|poke|p1|Urshifu-*, M|\n|poke|p1|Garganacl, M|\n|poke|p2|Ribombee, F|\n|poke|p2|Crawdaunt, F|\n|poke|p2|Darmanitan, M|\n|poke|p2|Garganacl, F|\n|poke|p2|Iron Treads|\n|poke|p2|Heracross, M|\n|teampreview\n|inactive|Battle timer is ON: inactive players will automatically lose when time's up. (requested by hackilla15)\n|\n|t:|1700262606\n|start\n|switch|p1a: TORTLE|Torterra, M|100\/100\n|switch|p2a: MIEL POPS|Ribombee, F, shiny|100\/100\n|turn|1\n|\n|t:|1700262620\n|move|p2a: MIEL POPS|U-turn|p1a: TORTLE\n|-supereffective|p1a: TORTLE\n|-damage|p1a: TORTLE|75\/100\n|\n|t:|1700262636\n|switch|p2a: POTI MEC|Heracross, M|100\/100|[from] U-turn\n|move|p1a: TORTLE|Shell Smash|p1a: TORTLE\n|-unboost|p1a: TORTLE|def|1\n|-unboost|p1a: TORTLE|spd|1\n|-boost|p1a: TORTLE|atk|2\n|-boost|p1a: TORTLE|spa|2\n|-boost|p1a: TORTLE|spe|2\n|\n|upkeep\n|turn|2\n|\n|t:|1700262649\n|detailschange|p2a: POTI MEC|Heracross-Mega, M\n|-mega|p2a: POTI MEC|Heracross|Heracronite\n|move|p1a: TORTLE|Rock Blast|p2a: POTI MEC\n|-damage|p2a: POTI MEC|83\/100\n|-damage|p2a: POTI MEC|65\/100\n|-damage|p2a: POTI MEC|49\/100\n|-damage|p2a: POTI MEC|31\/100\n|-hitcount|p2a: POTI MEC|4\n|move|p2a: POTI MEC|Pin Missile|p1a: TORTLE\n|-supereffective|p1a: TORTLE\n|-damage|p1a: TORTLE|21\/100\n|-supereffective|p1a: TORTLE\n|-damage|p1a: TORTLE|0 fnt\n|faint|p1a: TORTLE\n|-hitcount|p1: TORTLE|2\n|\n|upkeep\n|\n|t:|1700262657\n|switch|p1a: JET DRAGON II|Latias, F|100\/100\n|turn|3\n|\n|t:|1700262673\n|switch|p2a: ROULE BOULE|Iron Treads|100\/100\n|detailschange|p1a: JET DRAGON II|Latias-Mega, F\n|-mega|p1a: JET DRAGON II|Latias|Latiasite\n|move|p1a: JET DRAGON II|Aura Sphere|p2a: ROULE BOULE\n|-supereffective|p2a: ROULE BOULE\n|-damage|p2a: ROULE BOULE|19\/100\n|\n|upkeep\n|turn|4\n|\n|t:|1700262681\n|move|p1a: JET DRAGON II|Aura Sphere|p2a: ROULE BOULE\n|-supereffective|p2a: ROULE BOULE\n|-damage|p2a: ROULE BOULE|0 fnt\n|faint|p2a: ROULE BOULE\n|-end|p2a: ROULE BOULE|Quark Drive|[silent]\n|\n|upkeep\n|\n|t:|1700262687\n|switch|p2a: MIEL POPS|Ribombee, F, shiny|100\/100\n|turn|5\n|\n|t:|1700262696\n|switch|p1a: Daily Salt Intake|Garganacl, M|100\/100\n|move|p2a: MIEL POPS|Stun Spore|p1a: Daily Salt Intake\n|-immune|p1a: Daily Salt Intake|[from] ability: Purifying Salt\n|\n|upkeep\n|turn|6\n|\n|t:|1700262707\n|move|p2a: MIEL POPS|Sticky Web|p1a: Daily Salt Intake\n|-sidestart|p1: hackilla15|move: Sticky Web\n|move|p1a: Daily Salt Intake|Recover||[still]\n|-fail|p1a: Daily Salt Intake|heal\n|\n|upkeep\n|turn|7\n|\n|t:|1700262714\n|move|p2a: MIEL POPS|U-turn|p1a: Daily Salt Intake\n|-damage|p1a: Daily Salt Intake|93\/100\n|\n|t:|1700262726\n|switch|p2a: CROUSTICRAB|Crawdaunt, F|100\/100|[from] U-turn\n|move|p1a: Daily Salt Intake|Salt Cure|p2a: CROUSTICRAB\n|-damage|p2a: CROUSTICRAB|77\/100\n|-start|p2a: CROUSTICRAB|Salt Cure\n|\n|-heal|p1a: Daily Salt Intake|99\/100|[from] item: Leftovers\n|-damage|p2a: CROUSTICRAB|52\/100|[from] Salt Cure\n|upkeep\n|turn|8\n|\n|t:|1700262736\n|move|p2a: CROUSTICRAB|Crabhammer|p1a: Daily Salt Intake\n|-supereffective|p1a: Daily Salt Intake\n|-damage|p1a: Daily Salt Intake|0 fnt\n|faint|p1a: Daily Salt Intake\n|-damage|p2a: CROUSTICRAB|42\/100|[from] item: Life Orb\n|\n|-damage|p2a: CROUSTICRAB|17\/100|[from] Salt Cure\n|upkeep\n|\n|t:|1700262748\n|switch|p1a: JET DRAGON II|Latias-Mega, F|100\/100\n|turn|9\n|\n|t:|1700262755\n|move|p2a: CROUSTICRAB|Aqua Jet|p1a: JET DRAGON II\n|-resisted|p1a: JET DRAGON II\n|-damage|p1a: JET DRAGON II|85\/100\n|-damage|p2a: CROUSTICRAB|8\/100|[from] item: Life Orb\n|move|p1a: JET DRAGON II|Defog|p2a: CROUSTICRAB\n|-unboost|p2a: CROUSTICRAB|evasion|1\n|-sideend|p1: hackilla15|Sticky Web|[from] move: Defog|[of] p1a: JET DRAGON II\n|\n|-damage|p2a: CROUSTICRAB|0 fnt|[from] Salt Cure\n|faint|p2a: CROUSTICRAB\n|upkeep\n|\n|t:|1700262775\n|switch|p2a: MIEL POPS|Ribombee, F, shiny|100\/100\n|turn|10\n|\n|t:|1700262779\n|switch|p1a: Aneurysm|Clodsire, F|100\/100\n|move|p2a: MIEL POPS|Moonblast|p1a: Aneurysm\n|-resisted|p1a: Aneurysm\n|-damage|p1a: Aneurysm|91\/100\n|-unboost|p1a: Aneurysm|spa|1\n|\n|-heal|p1a: Aneurysm|97\/100|[from] item: Black Sludge\n|upkeep\n|turn|11\n|\n|t:|1700262788\n|move|p2a: MIEL POPS|Stun Spore|p1a: Aneurysm\n|-status|p1a: Aneurysm|par\n|move|p1a: Aneurysm|Poison Jab|p2a: MIEL POPS\n|-supereffective|p2a: MIEL POPS\n|-damage|p2a: MIEL POPS|18\/100\n|\n|-heal|p1a: Aneurysm|100\/100 par|[from] item: Black Sludge\n|upkeep\n|turn|12\n|\n|t:|1700262801\n|move|p2a: MIEL POPS|Sticky Web|p1a: Aneurysm\n|-sidestart|p1: hackilla15|move: Sticky Web\n|move|p1a: Aneurysm|Earthquake|p2a: MIEL POPS\n|-resisted|p2a: MIEL POPS\n|-damage|p2a: MIEL POPS|0 fnt\n|faint|p2a: MIEL POPS\n|\n|upkeep\n|\n|t:|1700262812\n|switch|p2a: SINJ|Darmanitan, M, shiny|100\/100\n|turn|13\n|\n|t:|1700262818\n|move|p2a: SINJ|Flare Blitz|p1a: Aneurysm\n|-crit|p1a: Aneurysm\n|-damage|p1a: Aneurysm|0 fnt\n|faint|p1a: Aneurysm\n|-damage|p2a: SINJ|60\/100|[from] Recoil\n|\n|upkeep\n|\n|t:|1700262823\n|switch|p1a: JET DRAGON II|Latias-Mega, F|85\/100\n|turn|14\n|\n|t:|1700262832\n|move|p1a: JET DRAGON II|Psychic|p2a: SINJ\n|-damage|p2a: SINJ|0 fnt\n|faint|p2a: SINJ\n|\n|upkeep\n|-message|Tamagocci forfeited.\n|\n|win|hackilla15\n|raw|hackilla15's rating: 1324 &rarr; <strong>1337<\/strong><br \/>(+13 for winning)\n|raw|Tamagocci's rating: 1194 &rarr; <strong>1178<\/strong><br \/>(-16 for losing)\n|l|\u2606Tamagocci\n","uploadtime":1700262845,"views":13,"p1id":"hackilla15","p2id":"tamagocci","formatid":"gen9nationaldex","rating":1178,"private":0,"password":""}