{"id":"gen9nationaldex-1990207529","p1":"shushubaobao","p2":"RandoTestAccount","format":"[Gen 9] National Dex","log":"|j|\u2606shushubaobao\n|j|\u2606RandoTestAccount\n|t:|1699937462\n|gametype|singles\n|player|p1|shushubaobao|169|1139\n|player|p2|RandoTestAccount|pokemonrangerf|1172\n|teamsize|p1|6\n|teamsize|p2|6\n|gen|9\n|tier|[Gen 9] National Dex\n|rated|\n|rule|HP Percentage Mod: HP is shown in percentages\n|rule|Endless Battle Clause: Forcing endless battles is banned\n|rule|OHKO Clause: OHKO moves are banned\n|rule|Evasion Clause: Evasion abilities, items, and moves are banned\n|rule|Evasion Abilities Clause: Evasion abilities are banned\n|rule|Evasion Items Clause: Evasion items are banned\n|rule|Evasion Moves Clause: Evasion moves are banned\n|rule|Species Clause: Limit one of each Pok\u00e9mon\n|rule|Sleep Clause Mod: Limit one foe put to sleep\n|clearpoke\n|poke|p1|Arctozolt|\n|poke|p1|Ninetales-Alola, F|\n|poke|p1|Avalugg, M|\n|poke|p1|Heatran, F|\n|poke|p1|Banette, F|\n|poke|p1|Hydreigon, M|\n|poke|p2|Umbreon, F|\n|poke|p2|Excadrill, F|\n|poke|p2|Corviknight, F|\n|poke|p2|Tapu Fini|\n|poke|p2|Sableye, F|\n|poke|p2|Dragalge, F|\n|teampreview\n|inactive|Battle timer is ON: inactive players will automatically lose when time's up. (requested by RandoTestAccount)\n|\n|t:|1699937491\n|start\n|switch|p1a: Ninetales|Ninetales-Alola, F, shiny|100\/100\n|switch|p2a: The Droplet Tear|Tapu Fini, shiny|100\/100\n|-weather|Snow|[from] ability: Snow Warning|[of] p1a: Ninetales\n|-fieldstart|move: Misty Terrain|[from] ability: Misty Surge|[of] p2a: The Droplet Tear\n|turn|1\n|\n|t:|1699937500\n|switch|p2a: The Lonesome One|Excadrill, F, shiny|100\/100\n|-ability|p2a: The Lonesome One|Mold Breaker\n|move|p1a: Ninetales|Aurora Veil|p1a: Ninetales\n|-sidestart|p1: shushubaobao|move: Aurora Veil\n|\n|-weather|Snow|[upkeep]\n|upkeep\n|turn|2\n|\n|t:|1699937516\n|move|p1a: Ninetales|Freeze-Dry|p2a: The Lonesome One\n|-damage|p2a: The Lonesome One|71\/100\n|move|p2a: The Lonesome One|Swords Dance|p2a: The Lonesome One\n|-boost|p2a: The Lonesome One|atk|2\n|\n|-weather|Snow|[upkeep]\n|-heal|p2a: The Lonesome One|77\/100|[from] item: Leftovers\n|upkeep\n|turn|3\n|\n|t:|1699937520\n|move|p1a: Ninetales|Hidden Power|p2a: The Lonesome One\n|-supereffective|p2a: The Lonesome One\n|-damage|p2a: The Lonesome One|43\/100\n|move|p2a: The Lonesome One|Rapid Spin|p1a: Ninetales\n|-damage|p1a: Ninetales|80\/100\n|-boost|p2a: The Lonesome One|spe|1\n|\n|-weather|Snow|[upkeep]\n|-heal|p2a: The Lonesome One|49\/100|[from] item: Leftovers\n|upkeep\n|turn|4\n|\n|t:|1699937539\n|switch|p1a: Hydreigon|Hydreigon, M|100\/100\n|move|p2a: The Lonesome One|Rapid Spin|p1a: Hydreigon\n|-damage|p1a: Hydreigon|78\/100\n|-boost|p2a: The Lonesome One|spe|1\n|\n|-weather|Snow|[upkeep]\n|-heal|p2a: The Lonesome One|56\/100|[from] item: Leftovers\n|upkeep\n|turn|5\n|\n|t:|1699937551\n|switch|p2a: Ephialtes Keeper|Corviknight, F, shiny|100\/100\n|-ability|p2a: Ephialtes Keeper|Pressure\n|move|p1a: Hydreigon|Fire Blast|p2a: Ephialtes Keeper\n|-supereffective|p2a: Ephialtes Keeper\n|-damage|p2a: Ephialtes Keeper|37\/100\n|-status|p2a: Ephialtes Keeper|brn\n|\n|-weather|Snow|[upkeep]\n|-damage|p2a: Ephialtes Keeper|31\/100 brn|[from] brn\n|-sideend|p1: shushubaobao|move: Aurora Veil\n|-fieldend|Misty Terrain\n|upkeep\n|turn|6\n|\n|t:|1699937564\n|switch|p1a: Arctozolt|Arctozolt, shiny|100\/100\n|switch|p2a: The Droplet Tear|Tapu Fini, shiny|100\/100\n|-fieldstart|move: Misty Terrain|[from] ability: Misty Surge|[of] p2a: The Droplet Tear\n|\n|-weather|Snow|[upkeep]\n|upkeep\n|turn|7\n|\n|t:|1699937572\n|move|p1a: Arctozolt|Bolt Beak|p2a: The Droplet Tear\n|-supereffective|p2a: The Droplet Tear\n|-damage|p2a: The Droplet Tear|0 fnt\n|faint|p2a: The Droplet Tear\n|-damage|p1a: Arctozolt|91\/100|[from] item: Life Orb\n|\n|-weather|Snow|[upkeep]\n|upkeep\n|\n|t:|1699937579\n|switch|p2a: Agony Steelheart|Dragalge, F, shiny|100\/100\n|turn|8\n|\n|t:|1699937588\n|move|p1a: Arctozolt|Blizzard|p2a: Agony Steelheart\n|-supereffective|p2a: Agony Steelheart\n|-damage|p2a: Agony Steelheart|40\/100\n|-damage|p1a: Arctozolt|81\/100|[from] item: Life Orb\n|move|p2a: Agony Steelheart|Dragon Pulse|p1a: Arctozolt\n|-damage|p1a: Arctozolt|54\/100\n|\n|-weather|none\n|-heal|p2a: Agony Steelheart|46\/100|[from] item: Black Sludge\n|upkeep\n|turn|9\n|inactive|RandoTestAccount has 120 seconds left.\n|\n|t:|1699937621\n|switch|p1a: Ninetales|Ninetales-Alola, F, shiny|80\/100\n|-weather|Snow|[from] ability: Snow Warning|[of] p1a: Ninetales\n|move|p2a: Agony Steelheart|Acid Spray|p1a: Ninetales\n|-supereffective|p1a: Ninetales\n|-damage|p1a: Ninetales|33\/100\n|-unboost|p1a: Ninetales|spd|2\n|\n|-weather|Snow|[upkeep]\n|-heal|p2a: Agony Steelheart|52\/100|[from] item: Black Sludge\n|upkeep\n|turn|10\n|inactive|RandoTestAccount has 120 seconds left.\n|\n|t:|1699937638\n|move|p1a: Ninetales|Aurora Veil|p1a: Ninetales\n|-sidestart|p1: shushubaobao|move: Aurora Veil\n|move|p2a: Agony Steelheart|Acid Spray|p1a: Ninetales\n|-supereffective|p1a: Ninetales\n|-damage|p1a: Ninetales|0 fnt\n|faint|p1a: Ninetales\n|\n|-weather|Snow|[upkeep]\n|-heal|p2a: Agony Steelheart|58\/100|[from] item: Black Sludge\n|-fieldend|Misty Terrain\n|upkeep\n|\n|t:|1699937642\n|switch|p1a: Arctozolt|Arctozolt, shiny|54\/100\n|turn|11\n|\n|t:|1699937646\n|move|p1a: Arctozolt|Blizzard|p2a: Agony Steelheart\n|-supereffective|p2a: Agony Steelheart\n|-damage|p2a: Agony Steelheart|3\/100\n|-damage|p1a: Arctozolt|44\/100|[from] item: Life Orb\n|move|p2a: Agony Steelheart|Toxic|p1a: Arctozolt\n|-status|p1a: Arctozolt|tox\n|\n|-weather|Snow|[upkeep]\n|-heal|p2a: Agony Steelheart|9\/100|[from] item: Black Sludge\n|-damage|p1a: Arctozolt|38\/100 tox|[from] psn\n|upkeep\n|turn|12\n|\n|t:|1699937657\n|switch|p2a: Nika Reanukko|Umbreon, F, shiny|100\/100\n|move|p1a: Arctozolt|Stomping Tantrum|p2a: Nika Reanukko\n|-damage|p2a: Nika Reanukko|78\/100\n|-damage|p1a: Arctozolt|28\/100 tox|[from] item: Life Orb\n|\n|-weather|Snow|[upkeep]\n|-heal|p2a: Nika Reanukko|84\/100|[from] item: Leftovers\n|-damage|p1a: Arctozolt|16\/100 tox|[from] psn\n|upkeep\n|turn|13\n|\n|t:|1699937661\n|switch|p2a: Agony Steelheart|Dragalge, F, shiny|9\/100\n|move|p1a: Arctozolt|Bolt Beak|p2a: Agony Steelheart\n|-resisted|p2a: Agony Steelheart\n|-damage|p2a: Agony Steelheart|0 fnt\n|faint|p2a: Agony Steelheart\n|-damage|p1a: Arctozolt|6\/100 tox|[from] item: Life Orb\n|\n|-weather|Snow|[upkeep]\n|-damage|p1a: Arctozolt|0 fnt|[from] psn\n|faint|p1a: Arctozolt\n|upkeep\n|\n|t:|1699937679\n|switch|p1a: Hydreigon|Hydreigon, M|78\/100\n|switch|p2a: The Lonesome One|Excadrill, F, shiny|56\/100\n|-ability|p2a: The Lonesome One|Mold Breaker\n|turn|14\n|\n|t:|1699937685\n|switch|p2a: Nika Reanukko|Umbreon, F, shiny|84\/100\n|move|p1a: Hydreigon|Fire Blast|p2a: Nika Reanukko\n|-damage|p2a: Nika Reanukko|64\/100\n|\n|-weather|Snow|[upkeep]\n|-heal|p2a: Nika Reanukko|70\/100|[from] item: Leftovers\n|-sideend|p1: shushubaobao|move: Aurora Veil\n|upkeep\n|turn|15\n|\n|t:|1699937693\n|switch|p1a: Heatran|Heatran, F|100\/100\n|move|p2a: Nika Reanukko|Wish|p2a: Nika Reanukko\n|\n|-weather|Snow|[upkeep]\n|-heal|p2a: Nika Reanukko|76\/100|[from] item: Leftovers\n|upkeep\n|turn|16\n|\n|t:|1699937705\n|switch|p2a: Ephialtes Keeper|Corviknight, F, shiny|31\/100 brn\n|-ability|p2a: Ephialtes Keeper|Pressure\n|move|p1a: Heatran|Magma Storm|p2a: Ephialtes Keeper\n|-supereffective|p2a: Ephialtes Keeper\n|-damage|p2a: Ephialtes Keeper|0 fnt\n|faint|p2a: Ephialtes Keeper\n|\n|-weather|none\n|upkeep\n|\n|t:|1699937708\n|switch|p2a: The Lonesome One|Excadrill, F, shiny|56\/100\n|-ability|p2a: The Lonesome One|Mold Breaker\n|turn|17\n|\n|t:|1699937712\n|move|p2a: The Lonesome One|Earthquake|p1a: Heatran\n|-supereffective|p1a: Heatran\n|-damage|p1a: Heatran|0 fnt\n|faint|p1a: Heatran\n|\n|-heal|p2a: The Lonesome One|62\/100|[from] item: Leftovers\n|upkeep\n|\n|t:|1699937716\n|switch|p1a: Hydreigon|Hydreigon, M|78\/100\n|turn|18\n|\n|t:|1699937724\n|move|p1a: Hydreigon|U-turn|p2a: The Lonesome One\n|-resisted|p2a: The Lonesome One\n|-damage|p2a: The Lonesome One|53\/100\n|\n|t:|1699937730\n|switch|p1a: Avalugg|Avalugg, M|100\/100|[from] U-turn\n|move|p2a: The Lonesome One|Earthquake|p1a: Avalugg\n|-damage|p1a: Avalugg|72\/100\n|\n|-heal|p2a: The Lonesome One|59\/100|[from] item: Leftovers\n|-heal|p1a: Avalugg|78\/100|[from] item: Leftovers\n|upkeep\n|turn|19\n|\n|t:|1699937738\n|move|p2a: The Lonesome One|Swords Dance|p2a: The Lonesome One\n|-boost|p2a: The Lonesome One|atk|2\n|move|p1a: Avalugg|Body Press|p2a: The Lonesome One\n|-supereffective|p2a: The Lonesome One\n|-damage|p2a: The Lonesome One|0 fnt\n|faint|p2a: The Lonesome One\n|\n|-heal|p1a: Avalugg|85\/100|[from] item: Leftovers\n|upkeep\n|\n|t:|1699937741\n|switch|p2a: Spectre of Emerald|Sableye, F, shiny|100\/100\n|turn|20\n|\n|t:|1699937749\n|detailschange|p2a: Spectre of Emerald|Sableye-Mega, F, shiny\n|-mega|p2a: Spectre of Emerald|Sableye|Sablenite\n|move|p1a: Avalugg|Iron Defense|p1a: Avalugg\n|-boost|p1a: Avalugg|def|2\n|move|p2a: Spectre of Emerald|Calm Mind|p2a: Spectre of Emerald\n|-boost|p2a: Spectre of Emerald|spa|1\n|-boost|p2a: Spectre of Emerald|spd|1\n|\n|-heal|p1a: Avalugg|91\/100|[from] item: Leftovers\n|upkeep\n|turn|21\n|\n|t:|1699937757\n|switch|p1a: Hydreigon|Hydreigon, M|78\/100\n|move|p2a: Spectre of Emerald|Will-O-Wisp|p1a: Hydreigon\n|-status|p1a: Hydreigon|brn\n|\n|-damage|p1a: Hydreigon|72\/100 brn|[from] brn\n|upkeep\n|turn|22\n|\n|t:|1699937762\n|move|p1a: Hydreigon|Draco Meteor|p2a: Spectre of Emerald\n|-damage|p2a: Spectre of Emerald|58\/100\n|-unboost|p1a: Hydreigon|spa|2\n|move|p2a: Spectre of Emerald|Calm Mind|p2a: Spectre of Emerald\n|-boost|p2a: Spectre of Emerald|spa|1\n|-boost|p2a: Spectre of Emerald|spd|1\n|\n|-damage|p1a: Hydreigon|66\/100 brn|[from] brn\n|upkeep\n|turn|23\n|\n|t:|1699937766\n|switch|p1a: Banette|Banette, F|100\/100\n|-item|p2a: Spectre of Emerald|Sablenite|[from] ability: Frisk|[of] p1a: Banette|[identify]\n|move|p2a: Spectre of Emerald|Recover|p2a: Spectre of Emerald\n|-heal|p2a: Spectre of Emerald|100\/100\n|\n|upkeep\n|turn|24\n|\n|t:|1699937772\n|detailschange|p1a: Banette|Banette-Mega, F\n|-mega|p1a: Banette|Banette|Banettite\n|move|p1a: Banette|Poltergeist|p2a: Spectre of Emerald\n|-activate|p2a: Spectre of Emerald|move: Poltergeist|Sablenite\n|-damage|p2a: Spectre of Emerald|61\/100\n|move|p2a: Spectre of Emerald|Will-O-Wisp|p1a: Banette|[miss]\n|-miss|p2a: Spectre of Emerald|p1a: Banette\n|\n|upkeep\n|turn|25\n|\n|t:|1699937780\n|move|p1a: Banette|Poltergeist|p2a: Spectre of Emerald\n|-activate|p2a: Spectre of Emerald|move: Poltergeist|Sablenite\n|-damage|p2a: Spectre of Emerald|18\/100\n|move|p2a: Spectre of Emerald|Recover|p2a: Spectre of Emerald\n|-heal|p2a: Spectre of Emerald|68\/100\n|\n|upkeep\n|turn|26\n|\n|t:|1699937787\n|move|p1a: Banette|Poltergeist|p2a: Spectre of Emerald\n|-activate|p2a: Spectre of Emerald|move: Poltergeist|Sablenite\n|-damage|p2a: Spectre of Emerald|28\/100\n|move|p2a: Spectre of Emerald|Recover|p2a: Spectre of Emerald\n|-heal|p2a: Spectre of Emerald|78\/100\n|\n|upkeep\n|turn|27\n|\n|t:|1699937792\n|move|p1a: Banette|Poltergeist|p2a: Spectre of Emerald\n|-activate|p2a: Spectre of Emerald|move: Poltergeist|Sablenite\n|-damage|p2a: Spectre of Emerald|34\/100\n|move|p2a: Spectre of Emerald|Will-O-Wisp|p1a: Banette\n|-status|p1a: Banette|brn\n|\n|-damage|p1a: Banette|94\/100 brn|[from] brn\n|upkeep\n|turn|28\n|\n|t:|1699937796\n|move|p1a: Banette|Poltergeist|p2a: Spectre of Emerald\n|-activate|p2a: Spectre of Emerald|move: Poltergeist|Sablenite\n|-damage|p2a: Spectre of Emerald|14\/100\n|move|p2a: Spectre of Emerald|Recover|p2a: Spectre of Emerald\n|-heal|p2a: Spectre of Emerald|64\/100\n|\n|-damage|p1a: Banette|88\/100 brn|[from] brn\n|upkeep\n|turn|29\n|\n|t:|1699937802\n|switch|p1a: Hydreigon|Hydreigon, M|66\/100 brn\n|move|p2a: Spectre of Emerald|Recover|p2a: Spectre of Emerald\n|-heal|p2a: Spectre of Emerald|100\/100\n|\n|-damage|p1a: Hydreigon|60\/100 brn|[from] brn\n|upkeep\n|turn|30\n|\n|t:|1699937807\n|move|p1a: Hydreigon|Draco Meteor|p2a: Spectre of Emerald\n|-damage|p2a: Spectre of Emerald|68\/100\n|-unboost|p1a: Hydreigon|spa|2\n|move|p2a: Spectre of Emerald|Calm Mind|p2a: Spectre of Emerald\n|-boost|p2a: Spectre of Emerald|spa|1\n|-boost|p2a: Spectre of Emerald|spd|1\n|\n|-damage|p1a: Hydreigon|54\/100 brn|[from] brn\n|upkeep\n|turn|31\n|-message|shushubaobao forfeited.\n|\n|win|RandoTestAccount\n|raw|shushubaobao's rating: 1139 &rarr; <strong>1116<\/strong><br \/>(-23 for losing)\n|raw|RandoTestAccount's rating: 1172 &rarr; <strong>1195<\/strong><br \/>(+23 for winning)\n|l|\u2606shushubaobao\n","uploadtime":1699937815,"views":5,"p1id":"shushubaobao","p2id":"randotestaccount","formatid":"gen9nationaldex","rating":1116,"private":0,"password":""}