{"id":"gen9nationaldex-1987547749","p1":"yanami-go","p2":"qingxiaoqin","format":"[Gen 9] National Dex","log":"|j|\u2606yanami-go\n|j|\u2606qingxiaoqin\n|t:|1699610175\n|gametype|singles\n|player|p1|yanami-go|dawn-masters3|1587\n|player|p2|qingxiaoqin|102|1584\n|teamsize|p1|6\n|teamsize|p2|6\n|gen|9\n|tier|[Gen 9] National Dex\n|rated|\n|rule|HP Percentage Mod: HP is shown in percentages\n|rule|Endless Battle Clause: Forcing endless battles is banned\n|rule|OHKO Clause: OHKO moves are banned\n|rule|Evasion Clause: Evasion abilities, items, and moves are banned\n|rule|Evasion Abilities Clause: Evasion abilities are banned\n|rule|Evasion Items Clause: Evasion items are banned\n|rule|Evasion Moves Clause: Evasion moves are banned\n|rule|Species Clause: Limit one of each Pok\u00e9mon\n|rule|Sleep Clause Mod: Limit one foe put to sleep\n|clearpoke\n|poke|p1|Ogerpon-Wellspring, F|\n|poke|p1|Ting-Lu|\n|poke|p1|Ditto|\n|poke|p1|Moltres|\n|poke|p1|Tapu Koko|\n|poke|p1|Dragonite, M|\n|poke|p2|Swampert, F|\n|poke|p2|Bisharp, F|\n|poke|p2|Clodsire, F|\n|poke|p2|Pelipper, M|\n|poke|p2|Landorus-Therian, M|\n|poke|p2|Moltres|\n|teampreview\n|inactive|Battle timer is ON: inactive players will automatically lose when time's up. (requested by qingxiaoqin)\n|\n|t:|1699610201\n|start\n|switch|p1a: Tapu Koko|Tapu Koko|100\/100\n|switch|p2a: Pelipper|Pelipper, M|100\/100\n|-fieldstart|move: Electric Terrain|[from] ability: Electric Surge|[of] p1a: Tapu Koko\n|-weather|RainDance|[from] ability: Drizzle|[of] p2a: Pelipper\n|turn|1\n|\n|t:|1699610205\n|switch|p1a: Ting-Lu|Ting-Lu|100\/100\n|-ability|p1a: Ting-Lu|Vessel of Ruin\n|switch|p2a: Clodsire|Clodsire, F|100\/100\n|\n|-weather|RainDance|[upkeep]\n|upkeep\n|turn|2\n|\n|t:|1699610212\n|move|p1a: Ting-Lu|Stealth Rock|p2a: Clodsire\n|-sidestart|p2: qingxiaoqin|move: Stealth Rock\n|move|p2a: Clodsire|Spikes|p1a: Ting-Lu\n|-sidestart|p1: yanami-go|Spikes\n|\n|-weather|RainDance|[upkeep]\n|upkeep\n|turn|3\n|\n|t:|1699610215\n|move|p1a: Ting-Lu|Earthquake|p2a: Clodsire\n|-supereffective|p2a: Clodsire\n|-damage|p2a: Clodsire|12\/100\n|move|p2a: Clodsire|Spikes|p1a: Ting-Lu\n|-sidestart|p1: yanami-go|Spikes\n|\n|-weather|RainDance|[upkeep]\n|upkeep\n|turn|4\n|\n|t:|1699610219\n|switch|p2a: Moltres|Moltres|100\/100\n|move|p1a: Ting-Lu|Earthquake|p2a: Moltres\n|-immune|p2a: Moltres\n|\n|-weather|RainDance|[upkeep]\n|upkeep\n|turn|5\n|\n|t:|1699610223\n|move|p2a: Moltres|Will-O-Wisp|p1a: Ting-Lu\n|-status|p1a: Ting-Lu|brn\n|move|p1a: Ting-Lu|Ruination|p2a: Moltres\n|-damage|p2a: Moltres|50\/100\n|\n|-weather|none\n|-damage|p1a: Ting-Lu|94\/100 brn|[from] brn\n|-fieldend|move: Electric Terrain\n|upkeep\n|turn|6\n|\n|t:|1699610230\n|move|p2a: Moltres|U-turn|p1a: Ting-Lu\n|-supereffective|p1a: Ting-Lu\n|-damage|p1a: Ting-Lu|79\/100 brn\n|\n|t:|1699610234\n|switch|p2a: Clodsire|Clodsire, F|12\/100|[from] U-turn\n|move|p1a: Ting-Lu|Earthquake|p2a: Clodsire\n|-supereffective|p2a: Clodsire\n|-damage|p2a: Clodsire|0 fnt\n|faint|p2a: Clodsire\n|\n|-heal|p1a: Ting-Lu|85\/100 brn|[from] item: Leftovers\n|-damage|p1a: Ting-Lu|79\/100 brn|[from] brn\n|upkeep\n|\n|t:|1699610241\n|switch|p2a: Pelipper|Pelipper, M|100\/100\n|-damage|p2a: Pelipper|76\/100|[from] Stealth Rock\n|-weather|RainDance|[from] ability: Drizzle|[of] p2a: Pelipper\n|turn|7\n|\n|t:|1699610256\n|-terastallize|p1a: Ting-Lu|Poison\n|move|p2a: Pelipper|Hurricane|p1a: Ting-Lu\n|-damage|p1a: Ting-Lu|47\/100 brn\n|move|p1a: Ting-Lu|Ruination|p2a: Pelipper\n|-damage|p2a: Pelipper|38\/100\n|\n|-weather|RainDance|[upkeep]\n|-heal|p1a: Ting-Lu|53\/100 brn|[from] item: Leftovers\n|-damage|p1a: Ting-Lu|47\/100 brn|[from] brn\n|upkeep\n|turn|8\n|\n|t:|1699610263\n|move|p2a: Pelipper|Hurricane|p1a: Ting-Lu\n|-damage|p1a: Ting-Lu|16\/100 brn\n|move|p1a: Ting-Lu|Ruination|p2a: Pelipper\n|-damage|p2a: Pelipper|19\/100\n|\n|-weather|RainDance|[upkeep]\n|-heal|p1a: Ting-Lu|22\/100 brn|[from] item: Leftovers\n|-damage|p1a: Ting-Lu|16\/100 brn|[from] brn\n|upkeep\n|turn|9\n|\n|t:|1699610269\n|move|p2a: Pelipper|Hurricane|p1a: Ting-Lu\n|-damage|p1a: Ting-Lu|0 fnt\n|faint|p1a: Ting-Lu\n|\n|-weather|RainDance|[upkeep]\n|upkeep\n|\n|t:|1699610271\n|switch|p1a: Tapu Koko|Tapu Koko|100\/100\n|-damage|p1a: Tapu Koko|84\/100|[from] Spikes\n|-fieldstart|move: Electric Terrain|[from] ability: Electric Surge|[of] p1a: Tapu Koko\n|turn|10\n|\n|t:|1699610279\n|move|p1a: Tapu Koko|Dazzling Gleam|p2a: Pelipper\n|-damage|p2a: Pelipper|0 fnt\n|faint|p2a: Pelipper\n|\n|-weather|RainDance|[upkeep]\n|upkeep\n|\n|t:|1699610282\n|switch|p2a: Swampert|Swampert, F|100\/100\n|-damage|p2a: Swampert|94\/100|[from] Stealth Rock\n|turn|11\n|\n|t:|1699610287\n|switch|p1a: Ogerpon|Ogerpon-Wellspring, F|100\/100\n|-damage|p1a: Ogerpon|84\/100|[from] Spikes\n|detailschange|p2a: Swampert|Swampert-Mega, F\n|-mega|p2a: Swampert|Swampert|Swampertite\n|move|p2a: Swampert|Earthquake|p1a: Ogerpon\n|-resisted|p1a: Ogerpon\n|-damage|p1a: Ogerpon|45\/100\n|\n|-weather|none\n|upkeep\n|turn|12\n|\n|t:|1699610299\n|move|p1a: Ogerpon|Horn Leech|p2a: Swampert\n|-supereffective|p2a: Swampert\n|-damage|p2a: Swampert|0 fnt\n|-heal|p1a: Ogerpon|100\/100|[from] drain|[of] p2a: Swampert\n|faint|p2a: Swampert\n|\n|upkeep\n|-message|qingxiaoqin forfeited.\n|\n|win|yanami-go\n|raw|yanami-go's rating: 1587 &rarr; <strong>1607<\/strong><br \/>(+20 for winning)\n|raw|qingxiaoqin's rating: 1584 &rarr; <strong>1564<\/strong><br \/>(-20 for losing)\n|l|\u2606qingxiaoqin\n","uploadtime":1699610440,"views":14,"p1id":"yanamigo","p2id":"qingxiaoqin","formatid":"gen9nationaldex","rating":1564,"private":0,"password":""}