{"id":"gen9nationaldex-1995191615","p1":"Chexin","p2":"Cornepum","format":"[Gen 9] National Dex","log":"|html|<div class=\"broadcast-blue\"><strong>[Gen 9] National Dex is currently suspecting Sneasler! For information on how to participate check out the <a href=\"https:\/\/www.smogon.com\/forums\/threads\/sv-national-dex-suspect-8-just-dance.3731534\/\">suspect thread<\/a>.<\/strong><\/div>\n|j|\u2606Chexin\n|j|\u2606Cornepum\n|t:|1700532867\n|gametype|singles\n|player|p1|Chexin|iris-gen5bw2|1083\n|player|p2|Cornepum|veteran|1118\n|teamsize|p1|6\n|teamsize|p2|6\n|gen|9\n|tier|[Gen 9] National Dex\n|rated|\n|rule|HP Percentage Mod: HP is shown in percentages\n|rule|Endless Battle Clause: Forcing endless battles is banned\n|rule|OHKO Clause: OHKO moves are banned\n|rule|Evasion Clause: Evasion abilities, items, and moves are banned\n|rule|Evasion Abilities Clause: Evasion abilities are banned\n|rule|Evasion Items Clause: Evasion items are banned\n|rule|Evasion Moves Clause: Evasion moves are banned\n|rule|Species Clause: Limit one of each Pok\u00e9mon\n|rule|Sleep Clause Mod: Limit one foe put to sleep\n|clearpoke\n|poke|p1|Snorlax, F|\n|poke|p1|Celesteela|\n|poke|p1|Iron Hands|\n|poke|p1|Kommo-o, M|\n|poke|p1|Togekiss, M|\n|poke|p1|Samurott-Hisui, F|\n|poke|p2|Iron Thorns|\n|poke|p2|Ting-Lu|\n|poke|p2|Goodra-Hisui, F|\n|poke|p2|Tapu Koko|\n|poke|p2|Raichu-Alola, F|\n|poke|p2|Metagross|\n|teampreview\n|inactive|Battle timer is ON: inactive players will automatically lose when time's up. (requested by Cornepum)\n|\n|t:|1700532921\n|start\n|switch|p1a: Celesteela|Celesteela|100\/100\n|switch|p2a: Tapu Koko|Tapu Koko|100\/100\n|-fieldstart|move: Electric Terrain|[from] ability: Electric Surge|[of] p2a: Tapu Koko\n|turn|1\n|\n|t:|1700532929\n|move|p2a: Tapu Koko|U-turn|p1a: Celesteela\n|-resisted|p1a: Celesteela\n|-damage|p1a: Celesteela|97\/100\n|\n|t:|1700532932\n|switch|p2a: Ting-Lu|Ting-Lu|100\/100|[from] U-turn\n|-ability|p2a: Ting-Lu|Vessel of Ruin\n|move|p1a: Celesteela|Leech Seed|p2a: Ting-Lu\n|-start|p2a: Ting-Lu|move: Leech Seed\n|\n|-damage|p2a: Ting-Lu|88\/100|[from] Leech Seed|[of] p1a: Celesteela\n|-heal|p1a: Celesteela|100\/100|[silent]\n|upkeep\n|turn|2\n|\n|t:|1700532941\n|move|p1a: Celesteela|Iron Defense|p1a: Celesteela\n|-boost|p1a: Celesteela|def|2\n|move|p2a: Ting-Lu|Stealth Rock|p1a: Celesteela\n|-sidestart|p1: Chexin|move: Stealth Rock\n|\n|-heal|p2a: Ting-Lu|94\/100|[from] item: Leftovers\n|-damage|p2a: Ting-Lu|82\/100|[from] Leech Seed|[of] p1a: Celesteela\n|upkeep\n|turn|3\n|\n|t:|1700532951\n|move|p1a: Celesteela|Iron Defense|p1a: Celesteela\n|-boost|p1a: Celesteela|def|2\n|move|p2a: Ting-Lu|Whirlwind|p1a: Celesteela\n|drag|p1a: Samurott|Samurott-Hisui, F|100\/100\n|-damage|p1a: Samurott|88\/100|[from] Stealth Rock\n|\n|-heal|p2a: Ting-Lu|88\/100|[from] item: Leftovers\n|-damage|p2a: Ting-Lu|76\/100|[from] Leech Seed|[of] p1a: Samurott\n|-heal|p1a: Samurott|100\/100|[silent]\n|upkeep\n|turn|4\n|\n|t:|1700532969\n|move|p1a: Samurott|Razor Shell|p2a: Ting-Lu\n|-supereffective|p2a: Ting-Lu\n|-damage|p2a: Ting-Lu|9\/100\n|move|p2a: Ting-Lu|Whirlwind|p1a: Samurott\n|drag|p1a: Snorlax|Snorlax, F|100\/100\n|-damage|p1a: Snorlax|88\/100|[from] Stealth Rock\n|\n|-heal|p2a: Ting-Lu|15\/100|[from] item: Leftovers\n|-damage|p2a: Ting-Lu|3\/100|[from] Leech Seed|[of] p1a: Snorlax\n|-heal|p1a: Snorlax|100\/100|[silent]\n|upkeep\n|turn|5\n|\n|t:|1700532980\n|move|p2a: Ting-Lu|Earthquake|p1a: Snorlax\n|-damage|p1a: Snorlax|74\/100\n|move|p1a: Snorlax|Belly Drum|p1a: Snorlax\n|-damage|p1a: Snorlax|24\/100\n|-setboost|p1a: Snorlax|atk|6|[from] move: Belly Drum\n|-enditem|p1a: Snorlax|Sitrus Berry|[eat]\n|-heal|p1a: Snorlax|49\/100|[from] item: Sitrus Berry\n|\n|-heal|p2a: Ting-Lu|9\/100|[from] item: Leftovers\n|-damage|p2a: Ting-Lu|0 fnt|[from] Leech Seed|[of] p1a: Snorlax\n|-heal|p1a: Snorlax|59\/100|[silent]\n|faint|p2a: Ting-Lu\n|-fieldend|move: Electric Terrain\n|upkeep\n|\n|t:|1700532987\n|switch|p2a: Tapu Koko|Tapu Koko|100\/100\n|-fieldstart|move: Electric Terrain|[from] ability: Electric Surge|[of] p2a: Tapu Koko\n|turn|6\n|\n|t:|1700533004\n|move|p2a: Tapu Koko|Toxic|p1a: Snorlax\n|-status|p1a: Snorlax|tox\n|move|p1a: Snorlax|High Horsepower|p2a: Tapu Koko\n|-supereffective|p2a: Tapu Koko\n|-damage|p2a: Tapu Koko|0 fnt\n|faint|p2a: Tapu Koko\n|\n|-damage|p1a: Snorlax|53\/100 tox|[from] psn\n|upkeep\n|\n|t:|1700533015\n|switch|p2a: Iron Thorns|Iron Thorns|100\/100\n|-activate|p2a: Iron Thorns|ability: Quark Drive\n|-start|p2a: Iron Thorns|quarkdriveatk\n|turn|7\n|\n|t:|1700533029\n|-terastallize|p2a: Iron Thorns|Flying\n|move|p2a: Iron Thorns|Tera Blast|p1a: Snorlax|[anim] Tera Blast Flying\n|-damage|p1a: Snorlax|7\/100 tox\n|move|p1a: Snorlax|Facade|p2a: Iron Thorns\n|-damage|p2a: Iron Thorns|0 fnt\n|faint|p2a: Iron Thorns\n|-end|p2a: Iron Thorns|Quark Drive|[silent]\n|\n|-damage|p1a: Snorlax|0 fnt|[from] psn\n|faint|p1a: Snorlax\n|upkeep\n|\n|t:|1700533057\n|switch|p2a: Raichu|Raichu-Alola, F|100\/100\n|switch|p1a: Kommo-o|Kommo-o, M|100\/100\n|-damage|p1a: Kommo-o|95\/100|[from] Stealth Rock\n|turn|8\n|\n|t:|1700533064\n|-zpower|p2a: Raichu\n|move|p2a: Raichu|Z-Celebrate|p2a: Raichu|[anim]Celebrate\n|-boost|p2a: Raichu|atk|1|[zeffect]\n|-boost|p2a: Raichu|def|1|[zeffect]\n|-boost|p2a: Raichu|spa|1|[zeffect]\n|-boost|p2a: Raichu|spd|1|[zeffect]\n|-boost|p2a: Raichu|spe|1|[zeffect]\n|-activate|p2a: Raichu|move: Celebrate\n|move|p1a: Kommo-o|Clangorous Soul|p1a: Kommo-o\n|-boost|p1a: Kommo-o|atk|1\n|-boost|p1a: Kommo-o|def|1\n|-boost|p1a: Kommo-o|spa|1\n|-boost|p1a: Kommo-o|spd|1\n|-boost|p1a: Kommo-o|spe|1\n|-damage|p1a: Kommo-o|62\/100\n|-enditem|p1a: Kommo-o|Throat Spray\n|-boost|p1a: Kommo-o|spa|1|[from] item: Throat Spray\n|\n|upkeep\n|turn|9\n|\n|t:|1700533083\n|move|p2a: Raichu|Stored Power|p1a: Kommo-o\n|-supereffective|p1a: Kommo-o\n|-damage|p1a: Kommo-o|0 fnt\n|faint|p1a: Kommo-o\n|\n|upkeep\n|inactive|Chexin has 120 seconds left.\n|\n|t:|1700533119\n|switch|p1a: Togekiss|Togekiss, M|100\/100\n|-damage|p1a: Togekiss|76\/100|[from] Stealth Rock\n|turn|10\n|\n|t:|1700533129\n|move|p2a: Raichu|Thunderbolt|p1a: Togekiss\n|-supereffective|p1a: Togekiss\n|-damage|p1a: Togekiss|0 fnt\n|faint|p1a: Togekiss\n|\n|-fieldend|move: Electric Terrain\n|upkeep\n|\n|t:|1700533142\n|switch|p1a: Celesteela|Celesteela|100\/100\n|-damage|p1a: Celesteela|88\/100|[from] Stealth Rock\n|turn|11\n|\n|t:|1700533153\n|switch|p1a: Iron Hands|Iron Hands|100\/100\n|-damage|p1a: Iron Hands|94\/100|[from] Stealth Rock\n|move|p2a: Raichu|Thunderbolt|p1a: Iron Hands\n|-resisted|p1a: Iron Hands\n|-damage|p1a: Iron Hands|77\/100\n|\n|upkeep\n|turn|12\n|\n|t:|1700533161\n|move|p2a: Raichu|Stored Power|p1a: Iron Hands\n|-supereffective|p1a: Iron Hands\n|-damage|p1a: Iron Hands|0 fnt\n|faint|p1a: Iron Hands\n|-end|p1a: Iron Hands|Quark Drive|[silent]\n|\n|upkeep\n|inactive|Chexin has 90 seconds left.\n|inactive|Chexin has 60 seconds left.\n|\n|t:|1700533208\n|switch|p1a: Samurott|Samurott-Hisui, F|100\/100\n|-damage|p1a: Samurott|88\/100|[from] Stealth Rock\n|turn|13\n|inactive|Chexin has 60 seconds left.\n|\n|t:|1700533237\n|-terastallize|p1a: Samurott|Electric\n|move|p2a: Raichu|Thunderbolt|p1a: Samurott\n|-resisted|p1a: Samurott\n|-damage|p1a: Samurott|48\/100\n|move|p1a: Samurott|Ceaseless Edge|p2a: Raichu\n|-supereffective|p2a: Raichu\n|-damage|p2a: Raichu|0 fnt\n|-sidestart|p2: Cornepum|Spikes\n|faint|p2a: Raichu\n|\n|upkeep\n|\n|t:|1700533247\n|switch|p2a: Goodra|Goodra-Hisui, F|100\/100\n|-damage|p2a: Goodra|88\/100|[from] Spikes\n|turn|14\n|\n|t:|1700533254\n|move|p1a: Samurott|Sacred Sword|p2a: Goodra\n|-supereffective|p2a: Goodra\n|-damage|p2a: Goodra|22\/100\n|move|p2a: Goodra|Dragon Tail|p1a: Samurott\n|-damage|p1a: Samurott|22\/100\n|drag|p1a: Celesteela|Celesteela|88\/100\n|-damage|p1a: Celesteela|76\/100|[from] Stealth Rock\n|\n|-heal|p2a: Goodra|28\/100|[from] item: Leftovers\n|upkeep\n|turn|15\n|inactive|Chexin has 60 seconds left.\n|\n|t:|1700533275\n|move|p1a: Celesteela|Iron Defense|p1a: Celesteela\n|-boost|p1a: Celesteela|def|2\n|move|p2a: Goodra|Flamethrower|p1a: Celesteela\n|-supereffective|p1a: Celesteela\n|-damage|p1a: Celesteela|48\/100\n|\n|-heal|p2a: Goodra|34\/100|[from] item: Leftovers\n|upkeep\n|turn|16\n|\n|t:|1700533284\n|move|p1a: Celesteela|Flash Cannon|p2a: Goodra\n|-resisted|p2a: Goodra\n|-damage|p2a: Goodra|26\/100\n|move|p2a: Goodra|Dragon Tail|p1a: Celesteela\n|-resisted|p1a: Celesteela\n|-damage|p1a: Celesteela|44\/100\n|drag|p1a: Samurott|Samurott-Hisui, F, tera:Electric|22\/100\n|-damage|p1a: Samurott|9\/100|[from] Stealth Rock\n|\n|-heal|p2a: Goodra|32\/100|[from] item: Leftovers\n|upkeep\n|turn|17\n|\n|t:|1700533296\n|move|p1a: Samurott|Sacred Sword|p2a: Goodra\n|-supereffective|p2a: Goodra\n|-damage|p2a: Goodra|0 fnt\n|faint|p2a: Goodra\n|\n|upkeep\n|\n|t:|1700533298\n|switch|p2a: Metagross|Metagross|100\/100\n|-damage|p2a: Metagross|88\/100|[from] Spikes\n|turn|18\n|inactive|Chexin has 60 seconds left.\n|\n|t:|1700533304\n|move|p2a: Metagross|Bullet Punch|p1a: Samurott\n|-resisted|p1a: Samurott\n|-damage|p1a: Samurott|0 fnt\n|faint|p1a: Samurott\n|\n|upkeep\n|inactive|Chexin has 60 seconds left.\n|\n|t:|1700533311\n|switch|p1a: Celesteela|Celesteela|44\/100\n|-damage|p1a: Celesteela|32\/100|[from] Stealth Rock\n|turn|19\n|\n|t:|1700533319\n|move|p2a: Metagross|Thunder Punch|p1a: Celesteela\n|-supereffective|p1a: Celesteela\n|-damage|p1a: Celesteela|0 fnt\n|faint|p1a: Celesteela\n|\n|win|Cornepum\n|raw|Chexin's rating: 1083 &rarr; <strong>1063<\/strong><br \/>(-20 for losing)\n|raw|Cornepum's rating: 1118 &rarr; <strong>1140<\/strong><br \/>(+22 for winning)\n|c|\u2606Cornepum|gg\n","uploadtime":1700533367,"views":11,"p1id":"chexin","p2id":"cornepum","formatid":"gen9nationaldex","rating":1063,"private":0,"password":""}