{"id":"gen9nationaldex-1987820052","p1":"The power of ROCK","p2":"The Boys 1","format":"[Gen 9] National Dex","log":"|j|\u2606The power of ROCK\n|j|\u2606The Boys 1\n|t:|1699639833\n|gametype|singles\n|player|p1|The power of ROCK|roark|\n|player|p2|The Boys 1|alec-anime|\n|teamsize|p1|6\n|teamsize|p2|6\n|gen|9\n|tier|[Gen 9] National Dex\n|rule|HP Percentage Mod: HP is shown in percentages\n|rule|Endless Battle Clause: Forcing endless battles is banned\n|rule|OHKO Clause: OHKO moves are banned\n|rule|Evasion Clause: Evasion abilities, items, and moves are banned\n|rule|Evasion Abilities Clause: Evasion abilities are banned\n|rule|Evasion Items Clause: Evasion items are banned\n|rule|Evasion Moves Clause: Evasion moves are banned\n|rule|Species Clause: Limit one of each Pok\u00e9mon\n|rule|Sleep Clause Mod: Limit one foe put to sleep\n|clearpoke\n|poke|p1|Tyranitar, F|\n|poke|p1|Garganacl, F|\n|poke|p1|Aggron, F|\n|poke|p1|Cradily, F|\n|poke|p1|Glimmora, M|\n|poke|p1|Stakataka|\n|poke|p2|Clodsire, M|\n|poke|p2|Electrode-Hisui|\n|poke|p2|Maushold-Four|\n|poke|p2|Ogerpon, F|\n|poke|p2|Blaziken, M|\n|poke|p2|Tatsugiri-Stretchy, M|\n|teampreview\n|inactive|Battle timer is ON: inactive players will automatically lose when time's up. (requested by The Boys 1)\n|c|\u2606The power of ROCK|Welcome to the ROCK gym\n|c|\u2606The power of ROCK|!dt tatsugiri\n|raw|<div class=\"message\"><ul class=\"utilichart\"><li class=\"result\"><span class=\"col numcol\">RU<\/span> <span class=\"col iconcol\"><psicon pokemon=\"tatsugiri\"\/><\/span> <span class=\"col pokemonnamecol\" style=\"white-space:nowrap\"><a href=\"https:\/\/dex.pokemonshowdown.com\/pokemon\/tatsugiri\" target=\"_blank\">Tatsugiri<\/a><\/span> <span class=\"col typecol\"><img src=\"https:\/\/play.pokemonshowdown.com\/sprites\/types\/Dragon.png\" alt=\"Dragon\" height=\"14\" width=\"32\"><img src=\"https:\/\/play.pokemonshowdown.com\/sprites\/types\/Water.png\" alt=\"Water\" height=\"14\" width=\"32\"><\/span> <span style=\"float:left;min-height:26px\"><span class=\"col abilitycol\">Commander<\/span><span class=\"col abilitycol\"><em>Storm Drain<\/em><\/span><\/span><span style=\"float:left;min-height:26px\"><span class=\"col statcol\"><em>HP<\/em><br \/>68<\/span> <span class=\"col statcol\"><em>Atk<\/em><br \/>50<\/span> <span class=\"col statcol\"><em>Def<\/em><br \/>60<\/span> <span class=\"col statcol\"><em>SpA<\/em><br \/>120<\/span> <span class=\"col statcol\"><em>SpD<\/em><br \/>95<\/span> <span class=\"col statcol\"><em>Spe<\/em><br \/>82<\/span> <span class=\"col bstcol\"><em>BST<br \/>475<\/em><\/span> <\/span><\/li><li style=\"clear:both\"><\/li><\/ul><\/div>\n|raw|<font size=\"1\"><font color=\"#686868\">Dex#:<\/font> 978&nbsp;|&ThickSpace;<font color=\"#686868\">Gen:<\/font> 9&nbsp;|&ThickSpace;<font color=\"#686868\">Height:<\/font> 0.3 m&nbsp;|&ThickSpace;<font color=\"#686868\">Weight:<\/font> 8 kg <em>(20 BP)<\/em>&nbsp;|&ThickSpace;<font color=\"#686868\">Dex Colour:<\/font> Pink&nbsp;|&ThickSpace;<font color=\"#686868\">Egg Group(s):<\/font> Water 2&nbsp;|&ThickSpace;<font color=\"#686868\">Does Not Evolve<\/font><\/font>\n\n|j| Ineros\n|c|\u2606The power of ROCK|never seen anyone use that thing beforee\n|j| Proman64\n|j| Kybushi+\n|c|\u2606The Boys 1|its time\n|j| UsertNamet\n|inactive|The power of ROCK has 270 seconds left.\n|inactive|The Boys 1 has 270 seconds left.\n|c|\u2606The Boys 1|the boys have assembled\n|\n|t:|1699639875\n|start\n|switch|p1a: Glimmora|Glimmora, M|100\/100\n|switch|p2a: Zqtp|Maushold-Four|100\/100\n|turn|1\n|\n|t:|1699639883\n|move|p1a: Glimmora|Mortal Spin|p2a: Zqtp\n|-damage|p2a: Zqtp|92\/100\n|-status|p2a: Zqtp|psn\n|move|p2a: Zqtp|Tidy Up|p2a: Zqtp\n|-boost|p2a: Zqtp|atk|1\n|-boost|p2a: Zqtp|spe|1\n|\n|-damage|p2a: Zqtp|79\/100 psn|[from] psn\n|upkeep\n|turn|2\n|\n|t:|1699639885\n|switch|p1a: Aggron|Aggron, F|100\/100\n|move|p2a: Zqtp|Bullet Seed|p1a: Aggron\n|-damage|p1a: Aggron|94\/100\n|-damage|p1a: Aggron|87\/100\n|-damage|p1a: Aggron|80\/100\n|-damage|p1a: Aggron|74\/100\n|-hitcount|p1a: Aggron|4\n|\n|-damage|p2a: Zqtp|67\/100 psn|[from] psn\n|upkeep\n|turn|3\n|\n|t:|1699639895\n|detailschange|p1a: Aggron|Aggron-Mega, F\n|-mega|p1a: Aggron|Aggron|Aggronite\n|move|p2a: Zqtp|Population Bomb|p1a: Aggron\n|-resisted|p1a: Aggron\n|-damage|p1a: Aggron|71\/100\n|-resisted|p1a: Aggron\n|-damage|p1a: Aggron|67\/100\n|-resisted|p1a: Aggron\n|-damage|p1a: Aggron|64\/100\n|-resisted|p1a: Aggron\n|-damage|p1a: Aggron|61\/100\n|-resisted|p1a: Aggron\n|-damage|p1a: Aggron|57\/100\n|-resisted|p1a: Aggron\n|-damage|p1a: Aggron|54\/100\n|-resisted|p1a: Aggron\n|-damage|p1a: Aggron|50\/100\n|-resisted|p1a: Aggron\n|-damage|p1a: Aggron|47\/100\n|-resisted|p1a: Aggron\n|-damage|p1a: Aggron|44\/100\n|-resisted|p1a: Aggron\n|-damage|p1a: Aggron|40\/100\n|-hitcount|p1a: Aggron|10\n|move|p1a: Aggron|Body Press|p2a: Zqtp\n|-supereffective|p2a: Zqtp\n|-damage|p2a: Zqtp|0 fnt\n|faint|p2a: Zqtp\n|\n|upkeep\n|j| Kaka Real Madrid\n|\n|t:|1699639900\n|switch|p2a: RunicPower419|Blaziken, M|100\/100\n|turn|4\n|l| Kaka Real Madrid\n|c| Kybushi+|MEGA AGGRON\n|c| Kybushi+|THOE GOAT>\n|\n|t:|1699639916\n|switch|p1a: Glimmora|Glimmora, M|100\/100\n|move|p2a: RunicPower419|Close Combat|p1a: Glimmora\n|-damage|p1a: Glimmora|27\/100\n|-unboost|p2a: RunicPower419|def|1\n|-unboost|p2a: RunicPower419|spd|1\n|-activate|p1a: Glimmora|ability: Toxic Debris\n|-sidestart|p2: The Boys 1|move: Toxic Spikes\n|\n|-ability|p2a: RunicPower419|Speed Boost|boost\n|-boost|p2a: RunicPower419|spe|1\n|upkeep\n|turn|5\n|c| Kybushi+|IS THAT HE\n|\n|t:|1699639922\n|move|p1a: Glimmora|Earth Power|p2a: RunicPower419\n|-supereffective|p2a: RunicPower419\n|-damage|p2a: RunicPower419|0 fnt\n|faint|p2a: RunicPower419\n|\n|upkeep\n|l| Proman64\n|c|\u2606The Boys 1|scarf?\n|c|\u2606The power of ROCK|ye : )\n|\n|t:|1699639934\n|switch|p2a: Spry|Clodsire, M|100\/100\n|-sideend|p2: The Boys 1|move: Toxic Spikes|[of] p2a: Spry\n|turn|6\n|\n|t:|1699639940\n|switch|p1a: Cradily|Cradily, F|100\/100\n|move|p2a: Spry|Earthquake|p1a: Cradily\n|-damage|p1a: Cradily|81\/100\n|\n|upkeep\n|turn|7\n|c| Kybushi+|Runic power\n|c| Kybushi+|skul\n|\n|t:|1699639946\n|move|p1a: Cradily|Block|p2a: Spry\n|-activate|p2a: Spry|trapped\n|move|p2a: Spry|Stealth Rock|p1a: Cradily\n|-sidestart|p1: The power of ROCK|move: Stealth Rock\n|\n|upkeep\n|turn|8\n|\n|t:|1699639949\n|move|p1a: Cradily|Leech Seed|p2a: Spry\n|-start|p2a: Spry|move: Leech Seed\n|move|p2a: Spry|Toxic Spikes|p1a: Cradily\n|-sidestart|p1: The power of ROCK|move: Toxic Spikes\n|\n|-damage|p2a: Spry|88\/100|[from] Leech Seed|[of] p1a: Cradily\n|-heal|p1a: Cradily|96\/100|[silent]\n|upkeep\n|turn|9\n|j| BugCatherMat\n|\n|t:|1699639953\n|move|p1a: Cradily|Infestation|p2a: Spry\n|-resisted|p2a: Spry\n|-damage|p2a: Spry|87\/100\n|-activate|p2a: Spry|move: Infestation|[of] p1a: Cradily\n|move|p2a: Spry|Toxic Spikes|p1a: Cradily\n|-sidestart|p1: The power of ROCK|move: Toxic Spikes\n|\n|-heal|p2a: Spry|93\/100|[from] item: Leftovers\n|-damage|p2a: Spry|81\/100|[from] Leech Seed|[of] p1a: Cradily\n|-heal|p1a: Cradily|100\/100|[silent]\n|-damage|p2a: Spry|64\/100|[from] move: Infestation|[partiallytrapped]\n|upkeep\n|turn|10\n|c| Kybushi+|oh god\n|c| Kybushi+|thats mean\n|c|\u2606The Boys 1|ik\n|c| Ineros|Dang\n|c|\u2606The Boys 1|but Im meaner\n|\n|t:|1699639962\n|move|p1a: Cradily|Infestation|p2a: Spry\n|-resisted|p2a: Spry\n|-damage|p2a: Spry|63\/100\n|move|p2a: Spry|Recover|p2a: Spry\n|-heal|p2a: Spry|100\/100\n|\n|-damage|p2a: Spry|88\/100|[from] Leech Seed|[of] p1a: Cradily\n|-damage|p2a: Spry|71\/100|[from] move: Infestation|[partiallytrapped]\n|upkeep\n|turn|11\n|\n|t:|1699639968\n|move|p1a: Cradily|Infestation|p2a: Spry\n|-resisted|p2a: Spry\n|-damage|p2a: Spry|70\/100\n|move|p2a: Spry|Recover|p2a: Spry\n|-heal|p2a: Spry|100\/100\n|\n|-damage|p2a: Spry|88\/100|[from] Leech Seed|[of] p1a: Cradily\n|-damage|p2a: Spry|71\/100|[from] move: Infestation|[partiallytrapped]\n|upkeep\n|turn|12\n|\n|t:|1699639973\n|move|p1a: Cradily|Infestation|p2a: Spry\n|-resisted|p2a: Spry\n|-damage|p2a: Spry|70\/100\n|move|p2a: Spry|Earthquake|p1a: Cradily\n|-damage|p1a: Cradily|84\/100\n|\n|-heal|p2a: Spry|77\/100|[from] item: Leftovers\n|-damage|p2a: Spry|64\/100|[from] Leech Seed|[of] p1a: Cradily\n|-heal|p1a: Cradily|99\/100|[silent]\n|-damage|p2a: Spry|47\/100|[from] move: Infestation|[partiallytrapped]\n|upkeep\n|turn|13\n|c|\u2606The Boys 1|well well\n|c|\u2606The Boys 1|well\n|\n|t:|1699639980\n|move|p1a: Cradily|Infestation|p2a: Spry\n|-resisted|p2a: Spry\n|-crit|p2a: Spry\n|-damage|p2a: Spry|46\/100\n|move|p2a: Spry|Earthquake|p1a: Cradily\n|-damage|p1a: Cradily|82\/100\n|\n|-heal|p2a: Spry|52\/100|[from] item: Leftovers\n|-damage|p2a: Spry|40\/100|[from] Leech Seed|[of] p1a: Cradily\n|-heal|p1a: Cradily|97\/100|[silent]\n|-damage|p2a: Spry|23\/100|[from] move: Infestation|[partiallytrapped]\n|upkeep\n|turn|14\n|\n|t:|1699639985\n|move|p1a: Cradily|Infestation|p2a: Spry\n|-resisted|p2a: Spry\n|-damage|p2a: Spry|22\/100\n|move|p2a: Spry|Earthquake|p1a: Cradily\n|-damage|p1a: Cradily|80\/100\n|\n|-heal|p2a: Spry|29\/100|[from] item: Leftovers\n|-damage|p2a: Spry|16\/100|[from] Leech Seed|[of] p1a: Cradily\n|-heal|p1a: Cradily|95\/100|[silent]\n|-end|p2a: Spry|Infestation|[partiallytrapped]\n|upkeep\n|turn|15\n|c|\u2606The Boys 1|for the boysss cmonnn\n|c| Kybushi+|we stalling the tour with this one!!\n|\n|t:|1699639990\n|move|p1a: Cradily|Infestation|p2a: Spry\n|-resisted|p2a: Spry\n|-damage|p2a: Spry|15\/100\n|-activate|p2a: Spry|move: Infestation|[of] p1a: Cradily\n|move|p2a: Spry|Earthquake|p1a: Cradily\n|-damage|p1a: Cradily|77\/100\n|\n|-heal|p2a: Spry|21\/100|[from] item: Leftovers\n|-damage|p2a: Spry|9\/100|[from] Leech Seed|[of] p1a: Cradily\n|-heal|p1a: Cradily|93\/100|[silent]\n|-damage|p2a: Spry|0 fnt|[from] move: Infestation|[partiallytrapped]\n|faint|p2a: Spry\n|upkeep\n|c|\u2606The Boys 1|fr\n|c|\u2606The power of ROCK|kybushi this is not a tour battle\n|c| Kybushi+|it isnt?\n|c|\u2606The power of ROCK|this is a regular gym challenge xD\n|c| Kybushi+|nvm\n|c|\u2606The power of ROCK|loool\n|c|\u2606The Boys 1|is it storm drain?\n|inactive|The Boys 1 has 270 seconds left.\n|c| Ineros|No\n|c|\u2606The Boys 1|!dt suction cups\n|raw|<ul class=\"utilichart\"><li class=\"result\"><span class=\"col namecol\"><a href=\"https:\/\/dex.pokemonshowdown.com\/abilities\/suctioncups\">Suction Cups<\/a><\/span> <span class=\"col abilitydesccol\">This Pokemon cannot be forced to switch out by another Pokemon's attack or item.<\/span> <\/li><li style=\"clear:both\"><\/li><\/ul>\n|raw|<font size=\"1\"><font color=\"#686868\">Gen:<\/font> 3&nbsp;|&ThickSpace;&#10003; Ignored by Mold Breaker<\/font>\n\n|c|\u2606The Boys 1|yea It prob is\n|c|\u2606The power of ROCK|maybe it is\n|c|\u2606The power of ROCK|maybe it is not\n|c|\u2606The Boys 1|ineros\n|c|\u2606The Boys 1|do I trust aesiro?\n|j| akijuen\n|c|\u2606The power of ROCK|ye\n|inactive|The Boys 1 has 240 seconds left.\n|\n|t:|1699640050\n|switch|p2a: Aesiro13|Electrode-Hisui|100\/100\n|turn|16\n|l| akijuen\n|c|\u2606The Boys 1|GO BOOMMM\n|\n|t:|1699640060\n|move|p2a: Aesiro13|Volt Switch|p1a: Cradily\n|-resisted|p1a: Cradily\n|-damage|p1a: Cradily|84\/100\n|c|\u2606The Boys 1|jk\n|\n|t:|1699640063\n|switch|p2a: Ineros|Ogerpon, F|100\/100|[from] Volt Switch\n|move|p1a: Cradily|Infestation|p2a: Ineros\n|-supereffective|p2a: Ineros\n|-damage|p2a: Ineros|92\/100\n|-activate|p2a: Ineros|move: Infestation|[of] p1a: Cradily\n|\n|-damage|p2a: Ineros|76\/100|[from] move: Infestation|[partiallytrapped]\n|upkeep\n|turn|17\n|c|\u2606The power of ROCK|hmmmmmmmmmmmmmmmmmmmmmmmmmmmmmmmmmm\n|c| Kybushi+|this is sad\n|c|\u2606The Boys 1|ik\n|c| Kybushi+|to see\n|c|\u2606The Boys 1|lol\n|\n|t:|1699640084\n|move|p2a: Ineros|Taunt|p1a: Cradily\n|-start|p1a: Cradily|move: Taunt\n|move|p1a: Cradily|Infestation|p2a: Ineros\n|-supereffective|p2a: Ineros\n|-damage|p2a: Ineros|69\/100\n|\n|-damage|p2a: Ineros|52\/100|[from] move: Infestation|[partiallytrapped]\n|upkeep\n|turn|18\n|\n|t:|1699640090\n|move|p2a: Ineros|U-turn|p1a: Cradily\n|-supereffective|p1a: Cradily\n|-damage|p1a: Cradily|59\/100\n|\n|t:|1699640093\n|switch|p2a: Potatofromsinnoh|Tatsugiri-Stretchy, M|100\/100|[from] U-turn\n|move|p1a: Cradily|Infestation|p2a: Potatofromsinnoh\n|-damage|p2a: Potatofromsinnoh|95\/100\n|-activate|p2a: Potatofromsinnoh|move: Infestation|[of] p1a: Cradily\n|\n|-damage|p2a: Potatofromsinnoh|79\/100|[from] move: Infestation|[partiallytrapped]\n|upkeep\n|turn|19\n|\n|t:|1699640098\n|move|p2a: Potatofromsinnoh|Rapid Spin|p1a: Cradily\n|-resisted|p1a: Cradily\n|-damage|p1a: Cradily|57\/100\n|-boost|p2a: Potatofromsinnoh|spe|1\n|-end|p2a: Potatofromsinnoh|Infestation|[partiallytrapped]\n|move|p1a: Cradily|Infestation|p2a: Potatofromsinnoh\n|-damage|p2a: Potatofromsinnoh|74\/100\n|-activate|p2a: Potatofromsinnoh|move: Infestation|[of] p1a: Cradily\n|\n|-damage|p2a: Potatofromsinnoh|58\/100|[from] move: Infestation|[partiallytrapped]\n|-end|p1a: Cradily|move: Taunt\n|upkeep\n|turn|20\n|\n|t:|1699640101\n|move|p2a: Potatofromsinnoh|Nasty Plot|p2a: Potatofromsinnoh\n|-boost|p2a: Potatofromsinnoh|spa|2\n|move|p1a: Cradily|Infestation|p2a: Potatofromsinnoh\n|-damage|p2a: Potatofromsinnoh|53\/100\n|\n|-damage|p2a: Potatofromsinnoh|37\/100|[from] move: Infestation|[partiallytrapped]\n|upkeep\n|turn|21\n|\n|t:|1699640107\n|move|p2a: Potatofromsinnoh|Draco Meteor|p1a: Cradily\n|-crit|p1a: Cradily\n|-damage|p1a: Cradily|0 fnt\n|-unboost|p2a: Potatofromsinnoh|spa|2\n|faint|p1a: Cradily\n|\n|-end|p2a: Potatofromsinnoh|Infestation|[partiallytrapped]|[silent]\n|upkeep\n|\n|t:|1699640110\n|switch|p1a: Tyranitar|Tyranitar, F|100\/100\n|-damage|p1a: Tyranitar|88\/100|[from] Stealth Rock\n|-status|p1a: Tyranitar|tox\n|-weather|Sandstorm|[from] ability: Sand Stream|[of] p1a: Tyranitar\n|turn|22\n|j| jkljlkh\n|c|\u2606The Boys 1|POTATOOO\n|c| Kybushi+|where the hell am I on this team\n|\n|t:|1699640117\n|move|p2a: Potatofromsinnoh|Surf|p1a: Tyranitar\n|-supereffective|p1a: Tyranitar\n|-damage|p1a: Tyranitar|66\/100 tox\n|move|p1a: Tyranitar|Pursuit|p2a: Potatofromsinnoh\n|-damage|p2a: Potatofromsinnoh|6\/100\n|\n|-weather|Sandstorm|[upkeep]\n|-damage|p2a: Potatofromsinnoh|0 fnt|[from] Sandstorm\n|faint|p2a: Potatofromsinnoh\n|-damage|p1a: Tyranitar|60\/100 tox|[from] psn\n|upkeep\n|c| Kybushi+|dam\n|c| Kybushi+|potatoe clutched\n|c|\u2606The Boys 1|kyubushi\n|c|\u2606The Boys 1|you never gave me a mon\n|j| bodi 69\n|c| Kybushi+|true\n|\n|t:|1699640140\n|switch|p2a: Aesiro13|Electrode-Hisui|100\/100\n|turn|23\n|\n|t:|1699640143\n|move|p2a: Aesiro13|Chloroblast|p1a: Tyranitar\n|-supereffective|p1a: Tyranitar\n|-damage|p1a: Tyranitar|35\/100 tox\n|-damage|p2a: Aesiro13|50\/100|[from] Recoil\n|move|p1a: Tyranitar|Knock Off|p2a: Aesiro13\n|-damage|p2a: Aesiro13|0 fnt\n|-enditem|p2a: Aesiro13|Choice Scarf|[from] move: Knock Off|[of] p1a: Tyranitar\n|faint|p2a: Aesiro13\n|\n|-weather|Sandstorm|[upkeep]\n|-damage|p1a: Tyranitar|23\/100 tox|[from] psn\n|upkeep\n|c| bodi 69|ain't no way\n|c|\u2606The Boys 1|if u give me a mon ill add you lol\n|\n|t:|1699640152\n|switch|p2a: Ineros|Ogerpon, F|52\/100\n|turn|24\n|c|\u2606The Boys 1|welp\n|l| jkljlkh\n|c|\u2606The Boys 1|ineros\n|c|\u2606The Boys 1|god speed son\n|c| Kybushi+|OGERPON REVERSE SWEEEP\n|c| Kybushi+|RAAAAAAAAAH\n|\n|t:|1699640166\n|-terastallize|p2a: Ineros|Grass\n|detailschange|p2a: Ineros|Ogerpon-Teal-Tera, F, tera:Grass\n|-ability|p2a: Ineros|Embody Aspect (Teal)|boost\n|-boost|p2a: Ineros|spe|1\n|move|p2a: Ineros|Ivy Cudgel|p1a: Tyranitar\n|-supereffective|p1a: Tyranitar\n|-damage|p1a: Tyranitar|0 fnt\n|faint|p1a: Tyranitar\n|\n|-weather|Sandstorm|[upkeep]\n|-damage|p2a: Ineros|46\/100|[from] Sandstorm\n|upkeep\n|c| Kybushi+|SWORDS DANCE\n|\n|t:|1699640174\n|switch|p1a: Stakataka|Stakataka|100\/100\n|-damage|p1a: Stakataka|94\/100|[from] Stealth Rock\n|turn|25\n|c| Kybushi+|HORN LEECH\n|c| Ineros|It doesn\u2019t have sd\n|\n|t:|1699640178\n|move|p2a: Ineros|Ivy Cudgel|p1a: Stakataka\n|-crit|p1a: Stakataka\n|-damage|p1a: Stakataka|47\/100\n|move|p1a: Stakataka|Trick Room|p1a: Stakataka\n|-fieldstart|move: Trick Room|[of] p1a: Stakataka\n|\n|-weather|Sandstorm|[upkeep]\n|-damage|p2a: Ineros|40\/100|[from] Sandstorm\n|upkeep\n|turn|26\n|c| Kybushi+|what\n|c|\u2606The Boys 1|welp\n|\n|t:|1699640186\n|move|p1a: Stakataka|Heat Crash|p2a: Ineros\n|-supereffective|p2a: Ineros\n|-damage|p2a: Ineros|0 fnt\n|faint|p2a: Ineros\n|\n|win|The power of ROCK\n|c|\u2606The Boys 1|gg :(\n|c|\u2606The power of ROCK|gg : )\n|c|\u2606The Boys 1|no sd\n|c| Ineros|This is bulky grasspon\n|c|\u2606The Boys 1|welp\n|c|\u2606The Boys 1|time to make a extra new tm\n|l|\u2606The Boys 1\n","uploadtime":1699640193,"views":4,"p1id":"thepowerofrock","p2id":"theboys1","formatid":"gen9nationaldex","rating":0,"private":0,"password":""}