{"id":"gen9nationaldex-1990257392","p1":"xiaoquan1","p2":"Blake-Mamba","format":"[Gen 9] National Dex","log":"|j|\u2606xiaoquan1\n|j|\u2606Blake-Mamba\n|t:|1699945893\n|gametype|singles\n|player|p1|xiaoquan1|caitlin|1456\n|player|p2|Blake-Mamba|juan|1379\n|teamsize|p1|6\n|teamsize|p2|6\n|gen|9\n|tier|[Gen 9] National Dex\n|rated|\n|rule|HP Percentage Mod: HP is shown in percentages\n|rule|Endless Battle Clause: Forcing endless battles is banned\n|rule|OHKO Clause: OHKO moves are banned\n|rule|Evasion Clause: Evasion abilities, items, and moves are banned\n|rule|Evasion Abilities Clause: Evasion abilities are banned\n|rule|Evasion Items Clause: Evasion items are banned\n|rule|Evasion Moves Clause: Evasion moves are banned\n|rule|Species Clause: Limit one of each Pok\u00e9mon\n|rule|Sleep Clause Mod: Limit one foe put to sleep\n|clearpoke\n|poke|p1|Ogerpon-Wellspring, F|\n|poke|p1|Kartana|\n|poke|p1|Diancie|\n|poke|p1|Zapdos|\n|poke|p1|Thundurus-Therian, M|\n|poke|p1|Alomomola, F|\n|poke|p2|Cinccino, F|\n|poke|p2|Zebstrika, F|\n|poke|p2|Ferrothorn, M|\n|poke|p2|Seismitoad, F|\n|poke|p2|Krookodile, F|\n|poke|p2|Emboar, F|\n|teampreview\n|\n|t:|1699945899\n|start\n|switch|p1a: Diancie|Diancie|100\/100\n|switch|p2a: Gamble|Cinccino, F|100\/100\n|turn|1\n|\n|t:|1699945909\n|detailschange|p1a: Diancie|Diancie-Mega\n|-mega|p1a: Diancie|Diancie|Diancite\n|move|p1a: Diancie|Moonblast|p2a: Gamble\n|-damage|p2a: Gamble|0 fnt\n|faint|p2a: Gamble\n|\n|upkeep\n|\n|t:|1699945919\n|switch|p2a: Seismitoad|Seismitoad, F|100\/100\n|turn|2\n|\n|t:|1699945926\n|switch|p1a: Kartana|Kartana|100\/100\n|move|p2a: Seismitoad|Hydro Pump|p1a: Kartana\n|-resisted|p1a: Kartana\n|-damage|p1a: Kartana|0 fnt\n|faint|p1a: Kartana\n|\n|upkeep\n|\n|t:|1699945931\n|switch|p1a: Ogerpon|Ogerpon-Wellspring, F|100\/100\n|turn|3\n|\n|t:|1699945936\n|switch|p2a: Zebstrika|Zebstrika, F, shiny|100\/100\n|move|p1a: Ogerpon|U-turn|p2a: Zebstrika\n|-damage|p2a: Zebstrika|53\/100\n|\n|t:|1699945940\n|switch|p1a: Diancie|Diancie-Mega|100\/100|[from] U-turn\n|\n|upkeep\n|turn|4\n|\n|t:|1699945952\n|move|p1a: Diancie|Moonblast|p2a: Zebstrika\n|-damage|p2a: Zebstrika|0 fnt\n|faint|p2a: Zebstrika\n|\n|upkeep\n|\n|t:|1699945958\n|switch|p2a: Seismitoad|Seismitoad, F|100\/100\n|turn|5\n|\n|t:|1699945963\n|switch|p1a: Ogerpon|Ogerpon-Wellspring, F|100\/100\n|move|p2a: Seismitoad|Sludge Bomb|p1a: Ogerpon\n|-supereffective|p1a: Ogerpon\n|-damage|p1a: Ogerpon|17\/100\n|\n|upkeep\n|turn|6\n|\n|t:|1699945970\n|switch|p2a: Ferrothorn|Ferrothorn, M, shiny|100\/100\n|move|p1a: Ogerpon|Power Whip|p2a: Ferrothorn\n|-resisted|p2a: Ferrothorn\n|-damage|p2a: Ferrothorn|90\/100\n|-damage|p1a: Ogerpon|4\/100|[from] ability: Iron Barbs|[of] p2a: Ferrothorn\n|-damage|p1a: Ogerpon|0 fnt|[from] item: Rocky Helmet|[of] p2a: Ferrothorn\n|faint|p1a: Ogerpon\n|\n|upkeep\n|\n|t:|1699945976\n|switch|p1a: Diancie|Diancie-Mega|100\/100\n|turn|7\n|\n|t:|1699945983\n|move|p1a: Diancie|Mystical Fire|p2a: Ferrothorn\n|-supereffective|p2a: Ferrothorn\n|-damage|p2a: Ferrothorn|0 fnt\n|faint|p2a: Ferrothorn\n|\n|upkeep\n|\n|t:|1699945989\n|switch|p2a: Seismitoad|Seismitoad, F|100\/100\n|turn|8\n|\n|t:|1699945998\n|switch|p1a: Alomomola|Alomomola, F|100\/100\n|move|p2a: Seismitoad|Sludge Bomb|p1a: Alomomola\n|-damage|p1a: Alomomola|51\/100\n|-status|p1a: Alomomola|psn\n|\n|-damage|p1a: Alomomola|39\/100 psn|[from] psn\n|upkeep\n|turn|9\n|\n|t:|1699946010\n|switch|p2a: Emboar|Emboar, F, shiny|100\/100\n|move|p1a: Alomomola|Toxic|p2a: Emboar\n|-status|p2a: Emboar|tox\n|\n|-damage|p2a: Emboar|94\/100 tox|[from] psn\n|-damage|p1a: Alomomola|26\/100 psn|[from] psn\n|upkeep\n|turn|10\n|\n|t:|1699946018\n|switch|p1a: Diancie|Diancie-Mega|100\/100\n|move|p2a: Emboar|Head Smash|p1a: Diancie\n|-damage|p1a: Diancie|25\/100\n|-damage|p2a: Emboar|68\/100 tox|[from] Recoil\n|\n|-damage|p2a: Emboar|55\/100 tox|[from] psn\n|upkeep\n|turn|11\n|\n|t:|1699946027\n|move|p2a: Emboar|Head Smash|p1a: Diancie|[miss]\n|-miss|p2a: Emboar|p1a: Diancie\n|move|p1a: Diancie|Moonblast|p2a: Emboar\n|-damage|p2a: Emboar|0 fnt\n|faint|p2a: Emboar\n|\n|upkeep\n|\n|t:|1699946035\n|switch|p2a: Seismitoad|Seismitoad, F|100\/100\n|turn|12\n|\n|t:|1699946040\n|switch|p1a: Zapdos|Zapdos|100\/100\n|move|p2a: Seismitoad|Sludge Bomb|p1a: Zapdos\n|-damage|p1a: Zapdos|61\/100\n|\n|upkeep\n|turn|13\n|\n|t:|1699946047\n|move|p1a: Zapdos|Toxic|p2a: Seismitoad\n|-status|p2a: Seismitoad|tox\n|move|p2a: Seismitoad|Sludge Bomb|p1a: Zapdos\n|-damage|p1a: Zapdos|20\/100\n|\n|-damage|p2a: Seismitoad|94\/100 tox|[from] psn\n|upkeep\n|turn|14\n|\n|t:|1699946055\n|switch|p2a: Krookodile|Krookodile, F|100\/100\n|move|p1a: Zapdos|Roost|p1a: Zapdos\n|-heal|p1a: Zapdos|70\/100\n|-singleturn|p1a: Zapdos|move: Roost\n|\n|upkeep\n|turn|15\n|\n|t:|1699946063\n|switch|p1a: Alomomola|Alomomola, F|59\/100 psn\n|move|p2a: Krookodile|Earthquake|p1a: Alomomola\n|-damage|p1a: Alomomola|30\/100 psn\n|\n|-damage|p1a: Alomomola|18\/100 psn|[from] psn\n|upkeep\n|turn|16\n|\n|t:|1699946072\n|move|p2a: Krookodile|Scale Shot|p1a: Alomomola\n|-damage|p1a: Alomomola|13\/100 psn\n|-damage|p1a: Alomomola|8\/100 psn\n|-damage|p1a: Alomomola|3\/100 psn\n|-damage|p1a: Alomomola|0 fnt\n|faint|p1a: Alomomola\n|-ability|p2a: Krookodile|Moxie|boost\n|-boost|p2a: Krookodile|atk|1\n|-hitcount|p1: Alomomola|4\n|-unboost|p2a: Krookodile|def|1\n|-boost|p2a: Krookodile|spe|1\n|\n|upkeep\n|\n|t:|1699946081\n|switch|p1a: Thundurus|Thundurus-Therian, M|100\/100\n|turn|17\n|\n|t:|1699946090\n|-terastallize|p2a: Krookodile|Dragon\n|move|p2a: Krookodile|Scale Shot|p1a: Thundurus\n|-damage|p1a: Thundurus|68\/100\n|-damage|p1a: Thundurus|39\/100\n|-damage|p1a: Thundurus|8\/100\n|-damage|p1a: Thundurus|0 fnt\n|faint|p1a: Thundurus\n|-ability|p2a: Krookodile|Moxie|boost\n|-boost|p2a: Krookodile|atk|1\n|-hitcount|p1: Thundurus|4\n|-unboost|p2a: Krookodile|def|1\n|-boost|p2a: Krookodile|spe|1\n|\n|upkeep\n|-message|xiaoquan1 forfeited.\n|\n|win|Blake-Mamba\n|raw|xiaoquan1's rating: 1456 &rarr; <strong>1432<\/strong><br \/>(-24 for losing)\n|raw|Blake-Mamba's rating: 1379 &rarr; <strong>1403<\/strong><br \/>(+24 for winning)\n|l|\u2606xiaoquan1\n","uploadtime":1699946111,"views":16,"p1id":"xiaoquan1","p2id":"blakemamba","formatid":"gen9nationaldex","rating":1403,"private":0,"password":""}