{"id":"gen9nationaldex-1990023412","p1":"withez","p2":"soul2472","format":"[Gen 9] National Dex","log":"|j|\u2606withez\n|j|\u2606soul2472\n|t:|1699916397\n|gametype|singles\n|player|p1|withez|unknown|1000\n|player|p2|soul2472|lance|1000\n|teamsize|p1|6\n|teamsize|p2|6\n|gen|9\n|tier|[Gen 9] National Dex\n|rated|\n|rule|HP Percentage Mod: HP is shown in percentages\n|rule|Endless Battle Clause: Forcing endless battles is banned\n|rule|OHKO Clause: OHKO moves are banned\n|rule|Evasion Clause: Evasion abilities, items, and moves are banned\n|rule|Evasion Abilities Clause: Evasion abilities are banned\n|rule|Evasion Items Clause: Evasion items are banned\n|rule|Evasion Moves Clause: Evasion moves are banned\n|rule|Species Clause: Limit one of each Pok\u00e9mon\n|rule|Sleep Clause Mod: Limit one foe put to sleep\n|clearpoke\n|poke|p1|Abomasnow, F|\n|poke|p1|Torkoal, F|\n|poke|p1|Hatterene, F|\n|poke|p1|Toxapex, F|\n|poke|p1|Sinistcha-Masterpiece|\n|poke|p1|Glimmora, M|\n|poke|p2|Pincurchin, M|\n|poke|p2|Banette, F|\n|poke|p2|Kyurem|\n|poke|p2|Espeon, M|\n|poke|p2|Inteleon, F|\n|poke|p2|Tapu Lele|\n|teampreview\n|c|\u2606soul2472|glhf\n|\n|t:|1699916421\n|start\n|switch|p1a: Toxapex|Toxapex, F|100\/100\n|switch|p2a: Banette|Banette, F|100\/100\n|turn|1\n|\n|t:|1699916426\n|detailschange|p2a: Banette|Banette-Mega, F\n|-mega|p2a: Banette|Banette|Banettite\n|move|p2a: Banette|Poltergeist||[still]\n|-fail|p2a: Banette\n|move|p1a: Toxapex|Toxic|p2a: Banette\n|-status|p2a: Banette|tox\n|\n|-damage|p2a: Banette|94\/100 tox|[from] psn\n|upkeep\n|turn|2\n|\n|t:|1699916436\n|move|p2a: Banette|Shadow Sneak|p1a: Toxapex\n|-damage|p1a: Toxapex|84\/100\n|move|p1a: Toxapex|Facade|p2a: Banette\n|-immune|p2a: Banette\n|\n|-damage|p2a: Banette|82\/100 tox|[from] psn\n|upkeep\n|turn|3\n|inactive|Battle timer is ON: inactive players will automatically lose when time's up. (requested by withez)\n|\n|t:|1699916463\n|switch|p2a: Espeon|Espeon, M|100\/100\n|move|p1a: Toxapex|Haze|p1a: Toxapex\n|-clearallboost\n|\n|upkeep\n|turn|4\n|\n|t:|1699916473\n|switch|p1a: Sinistcha|Sinistcha-Masterpiece|100\/100\n|move|p2a: Espeon|Substitute|p2a: Espeon\n|-start|p2a: Espeon|Substitute\n|-damage|p2a: Espeon|76\/100\n|\n|upkeep\n|turn|5\n|\n|t:|1699916486\n|move|p2a: Espeon|Dazzling Gleam|p1a: Sinistcha\n|-damage|p1a: Sinistcha|67\/100\n|move|p1a: Sinistcha|Giga Drain|p2a: Espeon\n|-end|p2a: Espeon|Substitute\n|-heal|p1a: Sinistcha|77\/100|[from] drain|[of] p2a: Espeon\n|\n|upkeep\n|turn|6\n|\n|t:|1699916493\n|switch|p2a: Kyurem|Kyurem|100\/100\n|-ability|p2a: Kyurem|Pressure\n|move|p1a: Sinistcha|Phantom Force||[still]\n|-prepare|p1a: Sinistcha|Phantom Force\n|\n|upkeep\n|turn|7\n|\n|t:|1699916520\n|move|p2a: Kyurem|Substitute|p2a: Kyurem\n|-start|p2a: Kyurem|Substitute\n|-damage|p2a: Kyurem|76\/100\n|move|p1a: Sinistcha|Phantom Force|p2a: Kyurem|[from]lockedmove\n|-activate|p2a: Kyurem|move: Substitute|[damage]\n|\n|-heal|p2a: Kyurem|82\/100|[from] item: Leftovers\n|upkeep\n|turn|8\n|c|\u2606soul2472|phantom force\n|inactive|soul2472 has 120 seconds left.\n|\n|t:|1699916539\n|switch|p1a: Hatterene|Hatterene, F|100\/100\n|move|p2a: Kyurem|Freeze-Dry|p1a: Hatterene\n|-damage|p1a: Hatterene|44\/100\n|\n|-heal|p2a: Kyurem|88\/100|[from] item: Leftovers\n|upkeep\n|turn|9\n|\n|t:|1699916556\n|move|p2a: Kyurem|Freeze-Dry|p1a: Hatterene\n|-damage|p1a: Hatterene|0 fnt\n|faint|p1a: Hatterene\n|\n|-heal|p2a: Kyurem|94\/100|[from] item: Leftovers\n|upkeep\n|\n|t:|1699916565\n|switch|p1a: Abomasnow|Abomasnow, F, shiny|100\/100\n|-weather|Snow|[from] ability: Snow Warning|[of] p1a: Abomasnow\n|-item|p1a: Abomasnow|Air Balloon\n|turn|10\n|\n|t:|1699916573\n|move|p2a: Kyurem|Freeze-Dry|p1a: Abomasnow\n|-damage|p1a: Abomasnow|60\/100\n|-enditem|p1a: Abomasnow|Air Balloon\n|move|p1a: Abomasnow|Icicle Spear|p2a: Kyurem\n|-activate|p2a: Kyurem|move: Substitute|[damage]\n|-end|p2a: Kyurem|Substitute\n|-damage|p2a: Kyurem|90\/100\n|-hitcount|p2a: Kyurem|3\n|\n|-weather|Snow|[upkeep]\n|-heal|p2a: Kyurem|96\/100|[from] item: Leftovers\n|upkeep\n|turn|11\n|-message|withez forfeited.\n|\n|win|soul2472\n|raw|withez's rating: 1000 &rarr; <strong>1000<\/strong><br \/>(+0 for losing)\n|raw|soul2472's rating: 1000 &rarr; <strong>1040<\/strong><br \/>(+40 for winning)\n|c|\u2606soul2472|gg\n","uploadtime":1699916593,"views":4,"p1id":"withez","p2id":"soul2472","formatid":"gen9nationaldex","rating":1000,"private":0,"password":""}