{"id":"gen9nationaldex-1992049276","p1":"towmaterlover98","p2":"Z-Bean","format":"[Gen 9] National Dex","log":"|j|\u203dtowmaterlover98\n|j|\u2606Z-Bean\n|t:|1700150817\n|gametype|singles\n|player|p1|towmaterlover98|fantina|1053\n|player|p2|Z-Bean|crasherwake|1119\n|teamsize|p1|6\n|teamsize|p2|6\n|gen|9\n|tier|[Gen 9] National Dex\n|rated|\n|rule|HP Percentage Mod: HP is shown in percentages\n|rule|Endless Battle Clause: Forcing endless battles is banned\n|rule|OHKO Clause: OHKO moves are banned\n|rule|Evasion Clause: Evasion abilities, items, and moves are banned\n|rule|Evasion Abilities Clause: Evasion abilities are banned\n|rule|Evasion Items Clause: Evasion items are banned\n|rule|Evasion Moves Clause: Evasion moves are banned\n|rule|Species Clause: Limit one of each Pok\u00e9mon\n|rule|Sleep Clause Mod: Limit one foe put to sleep\n|clearpoke\n|poke|p1|Espeon, M|\n|poke|p1|Tapu Koko|\n|poke|p1|Iron Valiant|\n|poke|p1|Iron Hands|\n|poke|p1|Iron Thorns|\n|poke|p1|Iron Jugulis|\n|poke|p2|Ogerpon-Wellspring, F|\n|poke|p2|Gliscor, M|\n|poke|p2|Golisopod, M|\n|poke|p2|Ribombee, F|\n|poke|p2|Slowking-Galar, F|\n|poke|p2|Mr. Rime, M|\n|teampreview\n|\n|t:|1700150831\n|start\n|switch|p1a: Tapu Koko|Tapu Koko, shiny|100\/100\n|switch|p2a: Nelly|Slowking-Galar, F|100\/100\n|-fieldstart|move: Electric Terrain|[from] ability: Electric Surge|[of] p1a: Tapu Koko\n|turn|1\n|\n|t:|1700150848\n|switch|p1a: Espeon|Espeon, M|100\/100\n|move|p2a: Nelly|Chilly Reception|p2a: Nelly\n|-weather|Snow\n|inactive|Battle timer is ON: inactive players will automatically lose when time's up. (requested by towmaterlover98)\n|\n|t:|1700150851\n|switch|p2a: Ikaika|Golisopod, M|100\/100|[from] Chilly Reception\n|\n|-weather|Snow|[upkeep]\n|upkeep\n|turn|2\n|\n|t:|1700150862\n|move|p1a: Espeon|Protect|p1a: Espeon\n|-singleturn|p1a: Espeon|Protect\n|move|p2a: Ikaika|First Impression|p1a: Espeon\n|-activate|p1a: Espeon|move: Protect\n|\n|-weather|Snow|[upkeep]\n|upkeep\n|turn|3\n|\n|t:|1700150877\n|switch|p2a: Nelly|Slowking-Galar, F|100\/100\n|move|p1a: Espeon|Calm Mind|p1a: Espeon\n|-boost|p1a: Espeon|spa|1\n|-boost|p1a: Espeon|spd|1\n|\n|-weather|Snow|[upkeep]\n|upkeep\n|turn|4\n|\n|t:|1700150900\n|move|p1a: Espeon|Stored Power|p2a: Nelly\n|-damage|p2a: Nelly|67\/100\n|move|p2a: Nelly|Future Sight|p1a: Espeon\n|-start|p2a: Nelly|move: Future Sight\n|\n|-weather|Snow|[upkeep]\n|-heal|p2a: Nelly|73\/100|[from] item: Leftovers\n|upkeep\n|turn|5\n|\n|t:|1700150908\n|move|p1a: Espeon|Calm Mind|p1a: Espeon\n|-boost|p1a: Espeon|spa|1\n|-boost|p1a: Espeon|spd|1\n|move|p2a: Nelly|Chilly Reception|p2a: Nelly\n|\n|t:|1700150913\n|switch|p2a: Ikaika|Golisopod, M|100\/100|[from] Chilly Reception\n|\n|-weather|none\n|-fieldend|move: Electric Terrain\n|upkeep\n|turn|6\n|\n|t:|1700150924\n|switch|p2a: Oil Slick|Gliscor, M|100\/100\n|move|p1a: Espeon|Protect||[still]\n|-fail|p1a: Espeon\n|\n|-end|p1a: Espeon|move: Future Sight\n|-resisted|p1a: Espeon\n|-damage|p1a: Espeon|84\/100\n|-heal|p1a: Espeon|90\/100|[from] item: Leftovers\n|-status|p2a: Oil Slick|tox|[from] item: Toxic Orb\n|upkeep\n|turn|7\n|\n|t:|1700150947\n|move|p1a: Espeon|Calm Mind|p1a: Espeon\n|-boost|p1a: Espeon|spa|1\n|-boost|p1a: Espeon|spd|1\n|move|p2a: Oil Slick|Knock Off|p1a: Espeon\n|-supereffective|p1a: Espeon\n|-damage|p1a: Espeon|36\/100\n|-enditem|p1a: Espeon|Leftovers|[from] move: Knock Off|[of] p2a: Oil Slick\n|\n|upkeep\n|turn|8\n|inactive|towmaterlover98 has 120 seconds left.\n|\n|t:|1700150970\n|move|p1a: Espeon|Stored Power|p2a: Oil Slick\n|-damage|p2a: Oil Slick|0 fnt\n|faint|p2a: Oil Slick\n|\n|upkeep\n|\n|t:|1700150975\n|switch|p2a: Ikaika|Golisopod, M|100\/100\n|turn|9\n|\n|t:|1700150980\n|switch|p2a: Ogerpon!|Ogerpon-Wellspring, F|100\/100\n|move|p1a: Espeon|Protect||[still]\n|-fail|p1a: Espeon\n|\n|upkeep\n|turn|10\n|\n|t:|1700150986\n|move|p2a: Ogerpon!|Ivy Cudgel|p1a: Espeon|[anim] Ivy Cudgel Water\n|-damage|p1a: Espeon|0 fnt\n|faint|p1a: Espeon\n|\n|upkeep\n|\n|t:|1700150994\n|switch|p1a: Tapu Koko|Tapu Koko, shiny|100\/100\n|-fieldstart|move: Electric Terrain|[from] ability: Electric Surge|[of] p1a: Tapu Koko\n|turn|11\n|inactive|towmaterlover98 has 120 seconds left.\n|\n|t:|1700151025\n|move|p1a: Tapu Koko|Discharge|p2a: Ogerpon!\n|-damage|p2a: Ogerpon!|53\/100\n|move|p2a: Ogerpon!|Trailblaze|p1a: Tapu Koko\n|-damage|p1a: Tapu Koko|55\/100\n|-boost|p2a: Ogerpon!|spe|1\n|\n|upkeep\n|turn|12\n|inactive|towmaterlover98 has 120 seconds left.\n|\n|t:|1700151063\n|switch|p1a: Iron Hands|Iron Hands, shiny|100\/100\n|-activate|p1a: Iron Hands|ability: Quark Drive\n|-start|p1a: Iron Hands|quarkdriveatk\n|move|p2a: Ogerpon!|Swords Dance|p2a: Ogerpon!\n|-boost|p2a: Ogerpon!|atk|2\n|\n|upkeep\n|turn|13\n|\n|t:|1700151072\n|move|p1a: Iron Hands|Fake Out|p2a: Ogerpon!\n|-damage|p2a: Ogerpon!|23\/100\n|cant|p2a: Ogerpon!|flinch\n|\n|upkeep\n|turn|14\n|\n|t:|1700151085\n|move|p2a: Ogerpon!|Ivy Cudgel|p1a: Iron Hands|[anim] Ivy Cudgel Water\n|-damage|p1a: Iron Hands|18\/100\n|-enditem|p1a: Iron Hands|Wiki Berry|[eat]\n|-heal|p1a: Iron Hands|51\/100|[from] item: Wiki Berry\n|-start|p1a: Iron Hands|confusion\n|-activate|p1a: Iron Hands|confusion\n|move|p1a: Iron Hands|Thunder Punch|p2a: Ogerpon!\n|-damage|p2a: Ogerpon!|0 fnt\n|faint|p2a: Ogerpon!\n|\n|upkeep\n|c|\u2606Z-Bean|you fool\n|\n|t:|1700151108\n|switch|p2a: Diggity|Mr. Rime, M|100\/100\n|turn|15\n|\n|t:|1700151131\n|move|p2a: Diggity|Fake Out|p1a: Iron Hands\n|-damage|p1a: Iron Hands|47\/100\n|cant|p1a: Iron Hands|flinch\n|\n|-fieldend|move: Electric Terrain\n|-end|p1a: Iron Hands|Quark Drive\n|upkeep\n|turn|16\n|\n|t:|1700151148\n|move|p2a: Diggity|Freeze-Dry|p1a: Iron Hands\n|-damage|p1a: Iron Hands|21\/100\n|-activate|p1a: Iron Hands|confusion\n|move|p1a: Iron Hands|Close Combat|p2a: Diggity\n|-damage|p2a: Diggity|33\/100\n|-unboost|p1a: Iron Hands|def|1\n|-unboost|p1a: Iron Hands|spd|1\n|\n|upkeep\n|turn|17\n|\n|t:|1700151157\n|move|p2a: Diggity|Freeze-Dry|p1a: Iron Hands\n|-damage|p1a: Iron Hands|0 fnt\n|faint|p1a: Iron Hands\n|-end|p1a: Iron Hands|Quark Drive|[silent]\n|\n|upkeep\n|\n|t:|1700151161\n|switch|p1a: Tapu Koko|Tapu Koko, shiny|55\/100\n|-fieldstart|move: Electric Terrain|[from] ability: Electric Surge|[of] p1a: Tapu Koko\n|turn|18\n|\n|t:|1700151176\n|switch|p2a: Nelly|Slowking-Galar, F|100\/100\n|move|p1a: Tapu Koko|Discharge|p2a: Nelly\n|-damage|p2a: Nelly|71\/100\n|\n|-heal|p2a: Nelly|78\/100|[from] item: Leftovers\n|upkeep\n|turn|19\n|inactive|towmaterlover98 has 90 seconds left.\n|\n|t:|1700151215\n|switch|p1a: Iron Jugulis|Iron Jugulis, shiny|100\/100\n|-activate|p1a: Iron Jugulis|ability: Quark Drive\n|-start|p1a: Iron Jugulis|quarkdrivespe\n|move|p2a: Nelly|Chilly Reception|p2a: Nelly\n|-weather|Snow\n|\n|t:|1700151219\n|switch|p2a: Quartz|Ribombee, F|100\/100|[from] Chilly Reception\n|\n|-weather|Snow|[upkeep]\n|upkeep\n|turn|20\n|inactive|towmaterlover98 has 90 seconds left.\n|\n|t:|1700151245\n|-terastallize|p2a: Quartz|Rock\n|move|p1a: Iron Jugulis|Flamethrower|p2a: Quartz\n|-resisted|p2a: Quartz\n|-damage|p2a: Quartz|61\/100\n|move|p2a: Quartz|Draining Kiss|p1a: Iron Jugulis\n|-supereffective|p1a: Iron Jugulis\n|-damage|p1a: Iron Jugulis|49\/100\n|-heal|p2a: Quartz|100\/100|[from] drain|[of] p1a: Iron Jugulis\n|\n|-weather|Snow|[upkeep]\n|upkeep\n|turn|21\n|\n|t:|1700151267\n|-end|p1a: Iron Jugulis|Quark Drive|[silent]\n|switch|p1a: Iron Thorns|Iron Thorns|100\/100\n|-activate|p1a: Iron Thorns|ability: Quark Drive\n|-start|p1a: Iron Thorns|quarkdriveatk\n|-item|p1a: Iron Thorns|Air Balloon\n|move|p2a: Quartz|Sticky Web|p1a: Iron Thorns\n|-sidestart|p1: towmaterlover98|move: Sticky Web\n|\n|-weather|Snow|[upkeep]\n|upkeep\n|turn|22\n|\n|t:|1700151279\n|switch|p2a: Ikaika|Golisopod, M|100\/100\n|move|p1a: Iron Thorns|Earthquake|p2a: Ikaika\n|-resisted|p2a: Ikaika\n|-damage|p2a: Ikaika|81\/100\n|\n|-weather|Snow|[upkeep]\n|-fieldend|move: Electric Terrain\n|-end|p1a: Iron Thorns|Quark Drive\n|upkeep\n|turn|23\n|inactive|towmaterlover98 has 60 seconds left.\n|\n|t:|1700151322\n|move|p1a: Iron Thorns|Crunch|p2a: Ikaika\n|-damage|p2a: Ikaika|57\/100\n|-unboost|p2a: Ikaika|def|1\n|move|p2a: Ikaika|Liquidation|p1a: Iron Thorns\n|-supereffective|p1a: Iron Thorns\n|-damage|p1a: Iron Thorns|9\/100\n|-enditem|p1a: Iron Thorns|Air Balloon\n|\n|-weather|none\n|upkeep\n|turn|24\n|\n|t:|1700151333\n|switch|p2a: Diggity|Mr. Rime, M|33\/100\n|move|p1a: Iron Thorns|Stone Edge|p2a: Diggity\n|-supereffective|p2a: Diggity\n|-crit|p2a: Diggity\n|-damage|p2a: Diggity|0 fnt\n|faint|p2a: Diggity\n|\n|upkeep\n|\n|t:|1700151334\n|switch|p2a: Ikaika|Golisopod, M|57\/100\n|turn|25\n|\n|t:|1700151343\n|move|p2a: Ikaika|First Impression|p1a: Iron Thorns\n|-damage|p1a: Iron Thorns|0 fnt\n|faint|p1a: Iron Thorns\n|-end|p1a: Iron Thorns|Quark Drive|[silent]\n|\n|upkeep\n|\n|t:|1700151348\n|switch|p1a: Tapu Koko|Tapu Koko, shiny|55\/100\n|-activate|p1a: Tapu Koko|move: Sticky Web\n|-unboost|p1a: Tapu Koko|spe|1\n|-fieldstart|move: Electric Terrain|[from] ability: Electric Surge|[of] p1a: Tapu Koko\n|turn|26\n|inactive|towmaterlover98 has 60 seconds left.\n|\n|t:|1700151355\n|switch|p2a: Nelly|Slowking-Galar, F|100\/100\n|move|p1a: Tapu Koko|Discharge|p2a: Nelly\n|-damage|p2a: Nelly|68\/100\n|\n|-heal|p2a: Nelly|75\/100|[from] item: Leftovers\n|upkeep\n|turn|27\n|inactive|towmaterlover98 has 60 seconds left.\n|\n|t:|1700151371\n|move|p2a: Nelly|Future Sight|p1a: Tapu Koko\n|-start|p2a: Nelly|move: Future Sight\n|move|p1a: Tapu Koko|Roar|p2a: Nelly\n|drag|p2a: Ikaika|Golisopod, M|57\/100\n|\n|upkeep\n|turn|28\n|inactive|towmaterlover98 has 60 seconds left.\n|\n|t:|1700151384\n|move|p2a: Ikaika|First Impression|p1a: Tapu Koko\n|-resisted|p1a: Tapu Koko\n|-crit|p1a: Tapu Koko\n|-damage|p1a: Tapu Koko|1\/100\n|move|p1a: Tapu Koko|Brave Bird|p2a: Ikaika\n|-supereffective|p2a: Ikaika\n|-damage|p2a: Ikaika|7\/100\n|-damage|p1a: Tapu Koko|0 fnt|[from] Recoil\n|-activate|p2a: Ikaika|ability: Emergency Exit\n|faint|p1a: Tapu Koko\n|\n|t:|1700151389\n|switch|p2a: Quartz|Ribombee, F, tera:Rock|100\/100\n|\n|upkeep\n|inactive|towmaterlover98 has 60 seconds left.\n|\n|t:|1700151397\n|switch|p1a: Iron Valiant|Iron Valiant, shiny|100\/100\n|-activate|p1a: Iron Valiant|move: Sticky Web\n|-unboost|p1a: Iron Valiant|spe|1\n|-activate|p1a: Iron Valiant|ability: Quark Drive\n|-start|p1a: Iron Valiant|quarkdriveatk\n|turn|29\n|inactive|towmaterlover98 has 60 seconds left.\n|\n|t:|1700151423\n|move|p2a: Quartz|Draining Kiss|p1a: Iron Valiant\n|-supereffective|p1a: Iron Valiant\n|-damage|p1a: Iron Valiant|24\/100\n|-damage|p2a: Quartz|84\/100|[from] item: Rocky Helmet|[of] p1a: Iron Valiant\n|move|p1a: Iron Valiant|Leaf Blade|p2a: Quartz\n|-supereffective|p2a: Quartz\n|-damage|p2a: Quartz|0 fnt\n|faint|p2a: Quartz\n|\n|-end|p1a: Iron Valiant|move: Future Sight\n|-supereffective|p1a: Iron Valiant\n|-damage|p1a: Iron Valiant|0 fnt\n|faint|p1a: Iron Valiant\n|-end|p1a: Iron Valiant|Quark Drive|[silent]\n|upkeep\n|\n|t:|1700151435\n|switch|p2a: Ikaika|Golisopod, M|7\/100\n|switch|p1a: Iron Jugulis|Iron Jugulis, shiny|49\/100\n|-activate|p1a: Iron Jugulis|ability: Quark Drive\n|-start|p1a: Iron Jugulis|quarkdrivespe\n|turn|30\n|\n|t:|1700151449\n|move|p2a: Ikaika|First Impression|p1a: Iron Jugulis\n|-damage|p1a: Iron Jugulis|0 fnt\n|faint|p1a: Iron Jugulis\n|-end|p1a: Iron Jugulis|Quark Drive|[silent]\n|\n|win|Z-Bean\n|raw|towmaterlover98's rating: 1053 &rarr; <strong>1038<\/strong><br \/>(-15 for losing)\n|raw|Z-Bean's rating: 1119 &rarr; <strong>1139<\/strong><br \/>(+20 for winning)\n|l|\u203dtowmaterlover98\n","uploadtime":1700151456,"views":4,"p1id":"towmaterlover98","p2id":"zbean","formatid":"gen9nationaldex","rating":1038,"private":0,"password":""}