{"id":"gen9nationaldex-1990637564","p1":"chiefsam","p2":"Sadchild","format":"[Gen 9] National Dex","log":"|j|\u2606chiefsam\n|j|\u2606Sadchild\n|t:|1699987720\n|gametype|singles\n|player|p1|chiefsam|2|1194\n|player|p2|Sadchild|266|1319\n|teamsize|p1|6\n|teamsize|p2|6\n|gen|9\n|tier|[Gen 9] National Dex\n|rated|\n|rule|HP Percentage Mod: HP is shown in percentages\n|rule|Endless Battle Clause: Forcing endless battles is banned\n|rule|OHKO Clause: OHKO moves are banned\n|rule|Evasion Clause: Evasion abilities, items, and moves are banned\n|rule|Evasion Abilities Clause: Evasion abilities are banned\n|rule|Evasion Items Clause: Evasion items are banned\n|rule|Evasion Moves Clause: Evasion moves are banned\n|rule|Species Clause: Limit one of each Pok\u00e9mon\n|rule|Sleep Clause Mod: Limit one foe put to sleep\n|clearpoke\n|poke|p1|Glimmora, F|\n|poke|p1|Hoopa-Unbound|\n|poke|p1|Iron Valiant|\n|poke|p1|Ogerpon-Wellspring, F|\n|poke|p1|Landorus-Therian, M|\n|poke|p1|Diancie|\n|poke|p2|Weezing-Galar, F|\n|poke|p2|Terrakion|\n|poke|p2|Scizor, M|\n|poke|p2|Gliscor, M|\n|poke|p2|Xurkitree|\n|poke|p2|Serperior, F|\n|teampreview\n|inactive|Battle timer is ON: inactive players will automatically lose when time's up. (requested by Sadchild)\n|\n|t:|1699987731\n|start\n|switch|p1a: Glimmora|Glimmora, F|100\/100\n|switch|p2a: Gliscor|Gliscor, M|100\/100\n|turn|1\n|\n|t:|1699987741\n|move|p2a: Gliscor|Taunt|p1a: Glimmora\n|-start|p1a: Glimmora|move: Taunt\n|cant|p1a: Glimmora|move: Taunt|Stealth Rock\n|\n|-status|p2a: Gliscor|tox|[from] item: Toxic Orb\n|upkeep\n|turn|2\n|\n|t:|1699987753\n|switch|p1a: Landorus|Landorus-Therian, M|100\/100\n|-ability|p1a: Landorus|Intimidate|boost\n|-unboost|p2a: Gliscor|atk|1\n|-terastallize|p2a: Gliscor|Dark\n|move|p2a: Gliscor|Knock Off|p1a: Landorus\n|-crit|p1a: Landorus\n|-damage|p1a: Landorus|34\/100\n|-enditem|p1a: Landorus|Leftovers|[from] move: Knock Off|[of] p2a: Gliscor\n|\n|upkeep\n|turn|3\n|\n|t:|1699987765\n|move|p2a: Gliscor|Fling|p1a: Landorus\n|-damage|p1a: Landorus|15\/100\n|-status|p1a: Landorus|tox\n|-enditem|p2a: Gliscor|Toxic Orb|[from] move: Fling\n|move|p1a: Landorus|Stone Edge|p2a: Gliscor\n|-damage|p2a: Gliscor|63\/100 tox\n|\n|-heal|p2a: Gliscor|75\/100 tox|[from] ability: Poison Heal\n|-damage|p1a: Landorus|9\/100 tox|[from] psn\n|upkeep\n|turn|4\n|\n|t:|1699987777\n|move|p2a: Gliscor|Knock Off|p1a: Landorus\n|-damage|p1a: Landorus|0 fnt\n|faint|p1a: Landorus\n|\n|-heal|p2a: Gliscor|88\/100 tox|[from] ability: Poison Heal\n|upkeep\n|\n|t:|1699987798\n|switch|p1a: Ogerpon|Ogerpon-Wellspring, F|100\/100\n|turn|5\n|c|\u2606Sadchild|I didnt even mean to tera\n|\n|t:|1699987808\n|move|p2a: Gliscor|Protect|p2a: Gliscor\n|-singleturn|p2a: Gliscor|Protect\n|move|p1a: Ogerpon|Play Rough|p2a: Gliscor\n|-activate|p2a: Gliscor|move: Protect\n|\n|-heal|p2a: Gliscor|99\/100 tox|[from] ability: Poison Heal\n|upkeep\n|turn|6\n|\n|t:|1699987822\n|switch|p2a: Scizor|Scizor, M|100\/100\n|move|p1a: Ogerpon|Play Rough|p2a: Scizor\n|-resisted|p2a: Scizor\n|-damage|p2a: Scizor|82\/100\n|\n|upkeep\n|turn|7\n|\n|t:|1699987839\n|switch|p1a: Glimmora|Glimmora, F|100\/100\n|detailschange|p2a: Scizor|Scizor-Mega, M\n|-mega|p2a: Scizor|Scizor|Scizorite\n|move|p2a: Scizor|Bug Bite|p1a: Glimmora\n|-resisted|p1a: Glimmora\n|-damage|p1a: Glimmora|67\/100\n|-activate|p1a: Glimmora|ability: Toxic Debris\n|-sidestart|p2: Sadchild|move: Toxic Spikes\n|\n|upkeep\n|turn|8\n|\n|t:|1699987850\n|move|p1a: Glimmora|Stealth Rock|p2a: Scizor\n|-sidestart|p2: Sadchild|move: Stealth Rock\n|move|p2a: Scizor|Swords Dance|p2a: Scizor\n|-boost|p2a: Scizor|atk|2\n|\n|upkeep\n|turn|9\n|\n|t:|1699987859\n|move|p2a: Scizor|Bullet Punch|p1a: Glimmora\n|-supereffective|p1a: Glimmora\n|-damage|p1a: Glimmora|0 fnt\n|-activate|p1a: Glimmora|ability: Toxic Debris\n|-sidestart|p2: Sadchild|move: Toxic Spikes\n|faint|p1a: Glimmora\n|\n|upkeep\n|inactive|chiefsam has 120 seconds left.\n|\n|t:|1699987881\n|switch|p1a: Hoopa|Hoopa-Unbound|100\/100\n|turn|10\n|inactive|chiefsam has 120 seconds left.\n|\n|t:|1699987891\n|-terastallize|p1a: Hoopa|Steel\n|move|p1a: Hoopa|Dark Pulse|p2a: Scizor\n|-damage|p2a: Scizor|30\/100\n|move|p2a: Scizor|Bug Bite|p1a: Hoopa\n|-resisted|p1a: Hoopa\n|-crit|p1a: Hoopa\n|-damage|p1a: Hoopa|0 fnt\n|-enditem|p1a: Hoopa|Salac Berry|[from] stealeat|[move] Bug Bite|[of] p2a: Scizor\n|-boost|p2a: Scizor|spe|1|[from] item: Salac Berry\n|faint|p1a: Hoopa\n|\n|upkeep\n|-message|chiefsam forfeited.\n|\n|win|Sadchild\n|raw|chiefsam's rating: 1194 &rarr; <strong>1178<\/strong><br \/>(-16 for losing)\n|raw|Sadchild's rating: 1319 &rarr; <strong>1332<\/strong><br \/>(+13 for winning)\n|l|\u2606chiefsam\n|c|\u2606Sadchild|took\n","uploadtime":1699987912,"views":4,"p1id":"chiefsam","p2id":"sadchild","formatid":"gen9nationaldex","rating":1178,"private":0,"password":""}