{"id":"gen9nationaldex-1994479248","p1":"zhiyue","p2":"RakzoTR","format":"[Gen 9] National Dex","log":"|j|\u2606zhiyue\n|j|\u2606RakzoTR\n|t:|1700448693\n|gametype|singles\n|player|p1|zhiyue|ghetsis-gen5bw|1340\n|player|p2|RakzoTR|gambler|1355\n|teamsize|p1|6\n|teamsize|p2|6\n|gen|9\n|tier|[Gen 9] National Dex\n|rated|\n|rule|HP Percentage Mod: HP is shown in percentages\n|rule|Endless Battle Clause: Forcing endless battles is banned\n|rule|OHKO Clause: OHKO moves are banned\n|rule|Evasion Clause: Evasion abilities, items, and moves are banned\n|rule|Evasion Abilities Clause: Evasion abilities are banned\n|rule|Evasion Items Clause: Evasion items are banned\n|rule|Evasion Moves Clause: Evasion moves are banned\n|rule|Species Clause: Limit one of each Pok\u00e9mon\n|rule|Sleep Clause Mod: Limit one foe put to sleep\n|clearpoke\n|poke|p1|Banette, F|\n|poke|p1|Moltres|\n|poke|p1|Urshifu-*, M|\n|poke|p1|Ferrothorn, F|\n|poke|p1|Kommo-o, M|\n|poke|p1|Gliscor, M|\n|poke|p2|Goodra-Hisui, F|\n|poke|p2|Ogerpon-Wellspring, F|\n|poke|p2|Donphan, M|\n|poke|p2|Zamazenta-*|\n|poke|p2|Cinderace, M|\n|poke|p2|Zapdos|\n|teampreview\n|\n|t:|1700448709\n|start\n|switch|p1a: Urshifu|Urshifu-Rapid-Strike, M|100\/100\n|switch|p2a: Ogo|Ogerpon-Wellspring, F|100\/100\n|turn|1\n|\n|t:|1700448719\n|switch|p2a: Zip-Zap-Dos|Zapdos|100\/100\n|move|p1a: Urshifu|Thunder Punch|p2a: Zip-Zap-Dos\n|-damage|p2a: Zip-Zap-Dos|60\/100\n|-damage|p1a: Urshifu|84\/100|[from] item: Rocky Helmet|[of] p2a: Zip-Zap-Dos\n|\n|upkeep\n|turn|2\n|\n|t:|1700448724\n|switch|p1a: Gliscor|Gliscor, M|100\/100\n|move|p2a: Zip-Zap-Dos|Roost|p2a: Zip-Zap-Dos\n|-heal|p2a: Zip-Zap-Dos|100\/100\n|-singleturn|p2a: Zip-Zap-Dos|move: Roost\n|\n|-status|p1a: Gliscor|tox|[from] item: Toxic Orb\n|upkeep\n|turn|3\n|\n|t:|1700448733\n|switch|p2a: Rhaenyra|Goodra-Hisui, F|100\/100\n|move|p1a: Gliscor|Knock Off|p2a: Rhaenyra\n|-damage|p2a: Rhaenyra|80\/100\n|-enditem|p2a: Rhaenyra|Assault Vest|[from] move: Knock Off|[of] p1a: Gliscor\n|\n|upkeep\n|turn|4\n|\n|t:|1700448746\n|switch|p2a: Ogo|Ogerpon-Wellspring, F|100\/100\n|move|p1a: Gliscor|Protect||[still]\n|-fail|p1a: Gliscor\n|\n|upkeep\n|turn|5\n|\n|t:|1700448757\n|switch|p1a: Ferrothorn|Ferrothorn, F|100\/100\n|move|p2a: Ogo|Substitute|p2a: Ogo\n|-start|p2a: Ogo|Substitute\n|-damage|p2a: Ogo|76\/100\n|\n|upkeep\n|turn|6\n|\n|t:|1700448762\n|move|p2a: Ogo|Swords Dance|p2a: Ogo\n|-boost|p2a: Ogo|atk|2\n|move|p1a: Ferrothorn|Power Whip|p2a: Ogo\n|-end|p2a: Ogo|Substitute\n|\n|upkeep\n|turn|7\n|\n|t:|1700448767\n|switch|p2a: Zip-Zap-Dos|Zapdos|100\/100\n|move|p1a: Ferrothorn|Power Whip|p2a: Zip-Zap-Dos\n|-resisted|p2a: Zip-Zap-Dos\n|-damage|p2a: Zip-Zap-Dos|80\/100\n|-damage|p1a: Ferrothorn|84\/100|[from] item: Rocky Helmet|[of] p2a: Zip-Zap-Dos\n|-status|p1a: Ferrothorn|par|[from] ability: Static|[of] p2a: Zip-Zap-Dos\n|\n|-heal|p1a: Ferrothorn|90\/100 par|[from] item: Leftovers\n|upkeep\n|turn|8\n|\n|t:|1700448776\n|switch|p1a: Gliscor|Gliscor, M|100\/100 tox\n|move|p2a: Zip-Zap-Dos|Hurricane|p1a: Gliscor|[miss]\n|-miss|p2a: Zip-Zap-Dos|p1a: Gliscor\n|\n|upkeep\n|turn|9\n|\n|t:|1700448789\n|switch|p1a: Urshifu|Urshifu-Rapid-Strike, M|84\/100\n|move|p2a: Zip-Zap-Dos|Hurricane|p1a: Urshifu|[miss]\n|-miss|p2a: Zip-Zap-Dos|p1a: Urshifu\n|\n|upkeep\n|turn|10\n|\n|t:|1700448801\n|switch|p1a: Gliscor|Gliscor, M|100\/100 tox\n|switch|p2a: Ogo|Ogerpon-Wellspring, F|76\/100\n|\n|upkeep\n|turn|11\n|\n|t:|1700448817\n|switch|p1a: Ferrothorn|Ferrothorn, F|90\/100 par\n|move|p2a: Ogo|Swords Dance|p2a: Ogo\n|-boost|p2a: Ogo|atk|2\n|\n|-heal|p1a: Ferrothorn|97\/100 par|[from] item: Leftovers\n|upkeep\n|turn|12\n|\n|t:|1700448822\n|move|p2a: Ogo|Ivy Cudgel|p1a: Ferrothorn|[anim] Ivy Cudgel Water\n|-resisted|p1a: Ferrothorn\n|-damage|p1a: Ferrothorn|65\/100 par\n|cant|p1a: Ferrothorn|par\n|\n|-heal|p1a: Ferrothorn|71\/100 par|[from] item: Leftovers\n|upkeep\n|turn|13\n|\n|t:|1700448829\n|switch|p2a: Zip-Zap-Dos|Zapdos|80\/100\n|cant|p1a: Ferrothorn|par\n|\n|-heal|p1a: Ferrothorn|77\/100 par|[from] item: Leftovers\n|upkeep\n|turn|14\n|\n|t:|1700448838\n|switch|p1a: Gliscor|Gliscor, M|100\/100 tox\n|move|p2a: Zip-Zap-Dos|Hurricane|p1a: Gliscor\n|-damage|p1a: Gliscor|53\/100 tox\n|\n|-heal|p1a: Gliscor|65\/100 tox|[from] ability: Poison Heal\n|upkeep\n|turn|15\n|\n|t:|1700448842\n|move|p2a: Zip-Zap-Dos|Hurricane|p1a: Gliscor|[miss]\n|-miss|p2a: Zip-Zap-Dos|p1a: Gliscor\n|move|p1a: Gliscor|Toxic|p2a: Zip-Zap-Dos\n|-status|p2a: Zip-Zap-Dos|tox\n|\n|-damage|p2a: Zip-Zap-Dos|74\/100 tox|[from] psn\n|-heal|p1a: Gliscor|78\/100 tox|[from] ability: Poison Heal\n|upkeep\n|turn|16\n|\n|t:|1700448850\n|switch|p2a: Ogo|Ogerpon-Wellspring, F|76\/100\n|move|p1a: Gliscor|Substitute|p1a: Gliscor\n|-start|p1a: Gliscor|Substitute\n|-damage|p1a: Gliscor|53\/100 tox\n|\n|-heal|p1a: Gliscor|65\/100 tox|[from] ability: Poison Heal\n|upkeep\n|turn|17\n|\n|t:|1700448856\n|move|p2a: Ogo|Substitute|p2a: Ogo\n|-start|p2a: Ogo|Substitute\n|-damage|p2a: Ogo|51\/100\n|move|p1a: Gliscor|Knock Off|p2a: Ogo\n|-activate|p2a: Ogo|move: Substitute|[damage]\n|\n|-heal|p1a: Gliscor|78\/100 tox|[from] ability: Poison Heal\n|upkeep\n|turn|18\n|\n|t:|1700448863\n|move|p2a: Ogo|Ivy Cudgel|p1a: Gliscor|[anim] Ivy Cudgel Water\n|-supereffective|p1a: Gliscor\n|-end|p1a: Gliscor|Substitute\n|move|p1a: Gliscor|Knock Off|p2a: Ogo\n|-end|p2a: Ogo|Substitute\n|\n|-heal|p1a: Gliscor|90\/100 tox|[from] ability: Poison Heal\n|upkeep\n|turn|19\n|\n|t:|1700448889\n|switch|p2a: Rammot|Cinderace, M|100\/100\n|switch|p1a: Kommo-o|Kommo-o, M|100\/100\n|\n|upkeep\n|turn|20\n|\n|t:|1700448898\n|-terastallize|p2a: Rammot|Fairy\n|move|p2a: Rammot|Will-O-Wisp|p1a: Kommo-o\n|-status|p1a: Kommo-o|brn\n|-zpower|p1a: Kommo-o\n|move|p1a: Kommo-o|Clangorous Soulblaze|p2a: Rammot|[zeffect]\n|-immune|p2a: Rammot\n|\n|-damage|p1a: Kommo-o|94\/100 brn|[from] brn\n|upkeep\n|turn|21\n|\n|t:|1700448916\n|move|p2a: Rammot|U-turn|p1a: Kommo-o\n|-resisted|p1a: Kommo-o\n|-damage|p1a: Kommo-o|85\/100 brn\n|\n|t:|1700448924\n|switch|p2a: WhatTheDogDoing?|Zamazenta|100\/100|[from] U-turn\n|-ability|p2a: WhatTheDogDoing?|Dauntless Shield|boost\n|-boost|p2a: WhatTheDogDoing?|def|1\n|move|p1a: Kommo-o|Flamethrower|p2a: WhatTheDogDoing?\n|-damage|p2a: WhatTheDogDoing?|76\/100\n|\n|-damage|p1a: Kommo-o|79\/100 brn|[from] brn\n|upkeep\n|turn|22\n|\n|t:|1700448939\n|move|p2a: WhatTheDogDoing?|Play Rough|p1a: Kommo-o\n|-supereffective|p1a: Kommo-o\n|-damage|p1a: Kommo-o|0 fnt\n|faint|p1a: Kommo-o\n|\n|upkeep\n|\n|t:|1700448951\n|switch|p1a: Moltres|Moltres|100\/100\n|turn|23\n|\n|t:|1700448956\n|switch|p2a: Rhaenyra|Goodra-Hisui, F|80\/100\n|move|p1a: Moltres|Fire Blast|p2a: Rhaenyra\n|-damage|p2a: Rhaenyra|52\/100\n|\n|upkeep\n|turn|24\n|\n|t:|1700448965\n|switch|p1a: Gliscor|Gliscor, M|90\/100 tox\n|move|p2a: Rhaenyra|Draco Meteor|p1a: Gliscor\n|-damage|p1a: Gliscor|32\/100 tox\n|-unboost|p2a: Rhaenyra|spa|2\n|\n|-heal|p1a: Gliscor|45\/100 tox|[from] ability: Poison Heal\n|upkeep\n|turn|25\n|\n|t:|1700448972\n|move|p1a: Gliscor|Protect|p1a: Gliscor\n|-singleturn|p1a: Gliscor|Protect\n|move|p2a: Rhaenyra|Ice Beam|p1a: Gliscor\n|-activate|p1a: Gliscor|move: Protect\n|\n|-heal|p1a: Gliscor|57\/100 tox|[from] ability: Poison Heal\n|upkeep\n|turn|26\n|\n|t:|1700448987\n|switch|p2a: Rammot|Cinderace, M, tera:Fairy|100\/100\n|move|p1a: Gliscor|Substitute|p1a: Gliscor\n|-start|p1a: Gliscor|Substitute\n|-damage|p1a: Gliscor|32\/100 tox\n|\n|-heal|p1a: Gliscor|45\/100 tox|[from] ability: Poison Heal\n|upkeep\n|turn|27\n|\n|t:|1700448991\n|move|p1a: Gliscor|Protect|p1a: Gliscor\n|-singleturn|p1a: Gliscor|Protect\n|move|p2a: Rammot|U-turn|p1a: Gliscor\n|-activate|p1a: Gliscor|move: Protect\n|\n|-heal|p1a: Gliscor|57\/100 tox|[from] ability: Poison Heal\n|upkeep\n|turn|28\n|\n|t:|1700448999\n|move|p2a: Rammot|U-turn|p1a: Gliscor\n|-resisted|p1a: Gliscor\n|-activate|p1a: Gliscor|move: Substitute|[damage]\n|\n|t:|1700449001\n|switch|p2a: Zip-Zap-Dos|Zapdos|74\/100 tox|[from] U-turn\n|move|p1a: Gliscor|Toxic|p2a: Zip-Zap-Dos\n|-fail|p2a: Zip-Zap-Dos|tox\n|\n|-damage|p2a: Zip-Zap-Dos|68\/100 tox|[from] psn\n|-heal|p1a: Gliscor|69\/100 tox|[from] ability: Poison Heal\n|upkeep\n|turn|29\n|\n|t:|1700449011\n|move|p1a: Gliscor|Protect|p1a: Gliscor\n|-singleturn|p1a: Gliscor|Protect\n|move|p2a: Zip-Zap-Dos|Heat Wave|p1a: Gliscor\n|-activate|p1a: Gliscor|move: Protect\n|\n|-damage|p2a: Zip-Zap-Dos|55\/100 tox|[from] psn\n|-heal|p1a: Gliscor|82\/100 tox|[from] ability: Poison Heal\n|upkeep\n|turn|30\n|\n|t:|1700449017\n|move|p2a: Zip-Zap-Dos|Roost|p2a: Zip-Zap-Dos\n|-heal|p2a: Zip-Zap-Dos|100\/100 tox\n|-singleturn|p2a: Zip-Zap-Dos|move: Roost\n|move|p1a: Gliscor|Knock Off|p2a: Zip-Zap-Dos\n|-damage|p2a: Zip-Zap-Dos|78\/100 tox\n|-damage|p1a: Gliscor|65\/100 tox|[from] item: Rocky Helmet|[of] p2a: Zip-Zap-Dos\n|-enditem|p2a: Zip-Zap-Dos|Rocky Helmet|[from] move: Knock Off|[of] p1a: Gliscor\n|\n|-damage|p2a: Zip-Zap-Dos|59\/100 tox|[from] psn\n|-heal|p1a: Gliscor|78\/100 tox|[from] ability: Poison Heal\n|upkeep\n|turn|31\n|\n|t:|1700449026\n|switch|p2a: Rhaenyra|Goodra-Hisui, F|52\/100\n|move|p1a: Gliscor|Knock Off|p2a: Rhaenyra\n|-damage|p2a: Rhaenyra|37\/100\n|\n|-heal|p1a: Gliscor|90\/100 tox|[from] ability: Poison Heal\n|upkeep\n|turn|32\n|\n|t:|1700449038\n|move|p1a: Gliscor|Knock Off|p2a: Rhaenyra\n|-damage|p2a: Rhaenyra|23\/100\n|move|p2a: Rhaenyra|Ice Beam|p1a: Gliscor\n|-supereffective|p1a: Gliscor\n|-end|p1a: Gliscor|Substitute\n|\n|-heal|p1a: Gliscor|100\/100 tox|[from] ability: Poison Heal\n|upkeep\n|turn|33\n|inactive|Battle timer is ON: inactive players will automatically lose when time's up. (requested by zhiyue)\n|\n|t:|1700449055\n|switch|p1a: Ferrothorn|Ferrothorn, F|77\/100 par\n|move|p2a: Rhaenyra|Ice Beam|p1a: Ferrothorn\n|-damage|p1a: Ferrothorn|52\/100 par\n|\n|-heal|p1a: Ferrothorn|58\/100 par|[from] item: Leftovers\n|upkeep\n|turn|34\n|\n|t:|1700449070\n|move|p2a: Rhaenyra|Ice Beam|p1a: Ferrothorn\n|-damage|p1a: Ferrothorn|31\/100 par\n|move|p1a: Ferrothorn|Leech Seed|p2a: Rhaenyra\n|-ability|p2a: Rhaenyra|Sap Sipper|boost\n|-boost|p2a: Rhaenyra|atk|1\n|\n|-heal|p1a: Ferrothorn|37\/100 par|[from] item: Leftovers\n|upkeep\n|turn|35\n|\n|t:|1700449081\n|move|p1a: Ferrothorn|Protect|p1a: Ferrothorn\n|-singleturn|p1a: Ferrothorn|Protect\n|move|p2a: Rhaenyra|Ice Beam|p1a: Ferrothorn\n|-activate|p1a: Ferrothorn|move: Protect\n|\n|-heal|p1a: Ferrothorn|43\/100 par|[from] item: Leftovers\n|upkeep\n|turn|36\n|\n|t:|1700449090\n|switch|p1a: Urshifu|Urshifu-Rapid-Strike, M|84\/100\n|move|p2a: Rhaenyra|Draco Meteor|p1a: Urshifu\n|-damage|p1a: Urshifu|0 fnt\n|-unboost|p2a: Rhaenyra|spa|2\n|faint|p1a: Urshifu\n|\n|upkeep\n|\n|t:|1700449097\n|switch|p1a: Banette|Banette, F|100\/100\n|turn|37\n|\n|t:|1700449111\n|switch|p1a: Gliscor|Gliscor, M|100\/100 tox\n|move|p2a: Rhaenyra|Earthquake|p1a: Gliscor\n|-immune|p1a: Gliscor\n|\n|upkeep\n|turn|38\n|\n|t:|1700449138\n|switch|p1a: Moltres|Moltres|100\/100\n|switch|p2a: Zip-Zap-Dos|Zapdos|59\/100 tox\n|\n|-damage|p2a: Zip-Zap-Dos|53\/100 tox|[from] psn\n|upkeep\n|turn|39\n|\n|t:|1700449149\n|move|p2a: Zip-Zap-Dos|Roost|p2a: Zip-Zap-Dos\n|-heal|p2a: Zip-Zap-Dos|100\/100 tox\n|-singleturn|p2a: Zip-Zap-Dos|move: Roost\n|move|p1a: Moltres|U-turn|p2a: Zip-Zap-Dos\n|-damage|p2a: Zip-Zap-Dos|85\/100 tox\n|\n|t:|1700449157\n|switch|p1a: Banette|Banette, F|100\/100|[from] U-turn\n|\n|-damage|p2a: Zip-Zap-Dos|72\/100 tox|[from] psn\n|upkeep\n|turn|40\n|\n|t:|1700449164\n|detailschange|p1a: Banette|Banette-Mega, F\n|-mega|p1a: Banette|Banette|Banettite\n|move|p1a: Banette|Encore|p2a: Zip-Zap-Dos\n|-start|p2a: Zip-Zap-Dos|Encore\n|move|p2a: Zip-Zap-Dos|Roost|p2a: Zip-Zap-Dos\n|-heal|p2a: Zip-Zap-Dos|100\/100 tox\n|-singleturn|p2a: Zip-Zap-Dos|move: Roost\n|\n|-damage|p2a: Zip-Zap-Dos|82\/100 tox|[from] psn\n|upkeep\n|turn|41\n|\n|t:|1700449177\n|switch|p1a: Ferrothorn|Ferrothorn, F|43\/100 par\n|switch|p2a: Rhaenyra|Goodra-Hisui, F|23\/100\n|\n|-heal|p1a: Ferrothorn|49\/100 par|[from] item: Leftovers\n|upkeep\n|turn|42\n|\n|t:|1700449182\n|move|p2a: Rhaenyra|Ice Beam|p1a: Ferrothorn\n|-damage|p1a: Ferrothorn|21\/100 par\n|move|p1a: Ferrothorn|Stealth Rock|p2a: Rhaenyra\n|-sidestart|p2: RakzoTR|move: Stealth Rock\n|\n|-heal|p1a: Ferrothorn|27\/100 par|[from] item: Leftovers\n|upkeep\n|turn|43\n|\n|t:|1700449187\n|move|p1a: Ferrothorn|Protect|p1a: Ferrothorn\n|-singleturn|p1a: Ferrothorn|Protect\n|move|p2a: Rhaenyra|Ice Beam|p1a: Ferrothorn\n|-activate|p1a: Ferrothorn|move: Protect\n|\n|-heal|p1a: Ferrothorn|33\/100 par|[from] item: Leftovers\n|upkeep\n|turn|44\n|\n|t:|1700449199\n|switch|p1a: Moltres|Moltres|100\/100\n|move|p2a: Rhaenyra|Draco Meteor|p1a: Moltres\n|-damage|p1a: Moltres|30\/100\n|-unboost|p2a: Rhaenyra|spa|2\n|\n|upkeep\n|turn|45\n|\n|t:|1700449205\n|move|p1a: Moltres|Roost|p1a: Moltres\n|-heal|p1a: Moltres|80\/100\n|-singleturn|p1a: Moltres|move: Roost\n|move|p2a: Rhaenyra|Earthquake|p1a: Moltres\n|-supereffective|p1a: Moltres\n|-damage|p1a: Moltres|46\/100\n|\n|upkeep\n|turn|46\n|\n|t:|1700449209\n|switch|p2a: Rammot|Cinderace, M, tera:Fairy|100\/100\n|move|p1a: Moltres|Roost|p1a: Moltres\n|-heal|p1a: Moltres|96\/100\n|-singleturn|p1a: Moltres|move: Roost\n|\n|upkeep\n|turn|47\n|\n|t:|1700449225\n|move|p2a: Rammot|Court Change|p2a: Rammot\n|-swapsideconditions\n|-activate|p2a: Rammot|move: Court Change\n|move|p1a: Moltres|Fire Blast|p2a: Rammot\n|-damage|p2a: Rammot|47\/100\n|\n|upkeep\n|turn|48\n|\n|t:|1700449240\n|move|p2a: Rammot|U-turn|p1a: Moltres\n|-resisted|p1a: Moltres\n|-damage|p1a: Moltres|92\/100\n|\n|t:|1700449248\n|switch|p2a: Zip-Zap-Dos|Zapdos|82\/100 tox|[from] U-turn\n|move|p1a: Moltres|Fire Blast|p2a: Zip-Zap-Dos\n|-damage|p2a: Zip-Zap-Dos|33\/100 tox\n|\n|-damage|p2a: Zip-Zap-Dos|27\/100 tox|[from] psn\n|upkeep\n|turn|49\n|\n|t:|1700449258\n|move|p2a: Zip-Zap-Dos|Roost|p2a: Zip-Zap-Dos\n|-heal|p2a: Zip-Zap-Dos|77\/100 tox\n|-singleturn|p2a: Zip-Zap-Dos|move: Roost\n|move|p1a: Moltres|Fire Blast|p2a: Zip-Zap-Dos\n|-damage|p2a: Zip-Zap-Dos|31\/100 tox\n|\n|-damage|p2a: Zip-Zap-Dos|19\/100 tox|[from] psn\n|upkeep\n|turn|50\n|\n|t:|1700449281\n|move|p2a: Zip-Zap-Dos|Volt Switch|p1a: Moltres\n|-supereffective|p1a: Moltres\n|-damage|p1a: Moltres|12\/100\n|\n|t:|1700449289\n|switch|p2a: Rammot|Cinderace, M, tera:Fairy|47\/100|[from] Volt Switch\n|move|p1a: Moltres|Fire Blast|p2a: Rammot\n|-damage|p2a: Rammot|0 fnt\n|faint|p2a: Rammot\n|\n|upkeep\n|\n|t:|1700449293\n|switch|p2a: Ogo|Ogerpon-Wellspring, F|51\/100\n|turn|51\n|\n|t:|1700449313\n|move|p2a: Ogo|Ivy Cudgel|p1a: Moltres|[anim] Ivy Cudgel Water\n|-supereffective|p1a: Moltres\n|-damage|p1a: Moltres|0 fnt\n|faint|p1a: Moltres\n|\n|upkeep\n|inactive|zhiyue has 120 seconds left.\n|\n|t:|1700449333\n|switch|p1a: Banette|Banette-Mega, F|100\/100\n|-damage|p1a: Banette|88\/100|[from] Stealth Rock\n|turn|52\n|\n|t:|1700449353\n|switch|p2a: Zip-Zap-Dos|Zapdos|19\/100 tox\n|move|p1a: Banette|Poltergeist||[still]\n|-fail|p1a: Banette\n|\n|-damage|p2a: Zip-Zap-Dos|13\/100 tox|[from] psn\n|upkeep\n|turn|53\n|\n|t:|1700449364\n|switch|p1a: Gliscor|Gliscor, M|100\/100 tox\n|-damage|p1a: Gliscor|88\/100 tox|[from] Stealth Rock\n|move|p2a: Zip-Zap-Dos|Roost|p2a: Zip-Zap-Dos\n|-heal|p2a: Zip-Zap-Dos|63\/100 tox\n|-singleturn|p2a: Zip-Zap-Dos|move: Roost\n|\n|-damage|p2a: Zip-Zap-Dos|50\/100 tox|[from] psn\n|-heal|p1a: Gliscor|100\/100 tox|[from] ability: Poison Heal\n|upkeep\n|turn|54\n|inactive|RakzoTR has 120 seconds left.\n|\n|t:|1700449399\n|switch|p2a: Rhaenyra|Goodra-Hisui, F|23\/100\n|move|p1a: Gliscor|Substitute|p1a: Gliscor\n|-start|p1a: Gliscor|Substitute\n|-damage|p1a: Gliscor|76\/100 tox\n|\n|-heal|p1a: Gliscor|88\/100 tox|[from] ability: Poison Heal\n|upkeep\n|turn|55\n|\n|t:|1700449410\n|move|p1a: Gliscor|Knock Off|p2a: Rhaenyra\n|-damage|p2a: Rhaenyra|9\/100\n|move|p2a: Rhaenyra|Ice Beam|p1a: Gliscor\n|-supereffective|p1a: Gliscor\n|-end|p1a: Gliscor|Substitute\n|\n|-heal|p1a: Gliscor|100\/100 tox|[from] ability: Poison Heal\n|upkeep\n|turn|56\n|\n|t:|1700449416\n|move|p1a: Gliscor|Knock Off|p2a: Rhaenyra\n|-damage|p2a: Rhaenyra|0 fnt\n|faint|p2a: Rhaenyra\n|\n|upkeep\n|\n|t:|1700449419\n|switch|p2a: Ogo|Ogerpon-Wellspring, F|51\/100\n|turn|57\n|\n|t:|1700449443\n|-terastallize|p1a: Gliscor|Water\n|move|p2a: Ogo|Substitute|p2a: Ogo\n|-start|p2a: Ogo|Substitute\n|-damage|p2a: Ogo|26\/100\n|move|p1a: Gliscor|Toxic||[still]\n|-fail|p1a: Gliscor\n|\n|upkeep\n|turn|58\n|\n|t:|1700449448\n|move|p2a: Ogo|Swords Dance|p2a: Ogo\n|-boost|p2a: Ogo|atk|2\n|move|p1a: Gliscor|Knock Off|p2a: Ogo\n|-activate|p2a: Ogo|move: Substitute|[damage]\n|\n|upkeep\n|turn|59\n|\n|t:|1700449456\n|move|p2a: Ogo|Zen Headbutt|p1a: Gliscor\n|-crit|p1a: Gliscor\n|-damage|p1a: Gliscor|26\/100 tox\n|move|p1a: Gliscor|Knock Off|p2a: Ogo\n|-end|p2a: Ogo|Substitute\n|\n|-heal|p1a: Gliscor|38\/100 tox|[from] ability: Poison Heal\n|upkeep\n|turn|60\n|\n|t:|1700449465\n|switch|p1a: Banette|Banette-Mega, F|88\/100\n|-damage|p1a: Banette|76\/100|[from] Stealth Rock\n|move|p2a: Ogo|Ivy Cudgel|p1a: Banette|[anim] Ivy Cudgel Water\n|-damage|p1a: Banette|0 fnt\n|faint|p1a: Banette\n|\n|upkeep\n|-message|zhiyue forfeited.\n|\n|win|RakzoTR\n|raw|zhiyue's rating: 1340 &rarr; <strong>1323<\/strong><br \/>(-17 for losing)\n|raw|RakzoTR's rating: 1400 &rarr; <strong>1417<\/strong><br \/>(+17 for winning)\n|l|\u2606zhiyue\n","uploadtime":1700449481,"views":21,"p1id":"zhiyue","p2id":"rakzotr","formatid":"gen9nationaldex","rating":1323,"private":0,"password":""}