{"id":"gen9nationaldex-2000147458","p1":"Shgfx","p2":"Pejbsns","format":"[Gen 9] National Dex","log":"|html|<div class=\"broadcast-blue\"><strong>[Gen 9] National Dex is currently suspecting Sneasler! For information on how to participate check out the <a href=\"https:\/\/www.smogon.com\/forums\/threads\/sv-national-dex-suspect-8-just-dance.3731534\/\">suspect thread<\/a>.<\/strong><\/div>\n|j|\u2606Shgfx\n|j|\u2606Pejbsns\n|t:|1701163076\n|gametype|singles\n|player|p1|Shgfx|102|1260\n|player|p2|Pejbsns|wally|1181\n|teamsize|p1|6\n|teamsize|p2|6\n|gen|9\n|tier|[Gen 9] National Dex\n|rated|\n|rule|HP Percentage Mod: HP is shown in percentages\n|rule|Endless Battle Clause: Forcing endless battles is banned\n|rule|OHKO Clause: OHKO moves are banned\n|rule|Evasion Clause: Evasion abilities, items, and moves are banned\n|rule|Evasion Abilities Clause: Evasion abilities are banned\n|rule|Evasion Items Clause: Evasion items are banned\n|rule|Evasion Moves Clause: Evasion moves are banned\n|rule|Species Clause: Limit one of each Pok\u00e9mon\n|rule|Sleep Clause Mod: Limit one foe put to sleep\n|clearpoke\n|poke|p1|Volcanion|\n|poke|p1|Galvantula, F|\n|poke|p1|Cacturne, F|\n|poke|p1|Togekiss, M|\n|poke|p1|Scizor, F|\n|poke|p1|Garchomp, M|\n|poke|p2|Tapu Koko|\n|poke|p2|Zeraora|\n|poke|p2|Iron Valiant|\n|poke|p2|Sneasler, F|\n|poke|p2|Serperior, F|\n|poke|p2|Dragonite, M|\n|teampreview\n|inactive|Battle timer is ON: inactive players will automatically lose when time's up. (requested by Pejbsns)\n|\n|t:|1701163087\n|start\n|switch|p1a: Cacturne|Cacturne, F|100\/100\n|switch|p2a: Tapu Koko|Tapu Koko|100\/100\n|-fieldstart|move: Electric Terrain|[from] ability: Electric Surge|[of] p2a: Tapu Koko\n|turn|1\n|\n|t:|1701163096\n|-terastallize|p1a: Cacturne|Grass\n|move|p2a: Tapu Koko|U-turn|p1a: Cacturne\n|-supereffective|p1a: Cacturne\n|-damage|p1a: Cacturne|50\/100\n|\n|t:|1701163103\n|switch|p2a: Dragonite|Dragonite, M|100\/100|[from] U-turn\n|move|p1a: Cacturne|Leaf Storm|p2a: Dragonite\n|-resisted|p2a: Dragonite\n|-damage|p2a: Dragonite|87\/100\n|-unboost|p1a: Cacturne|spa|2\n|-damage|p1a: Cacturne|40\/100|[from] item: Life Orb\n|\n|upkeep\n|turn|2\n|\n|t:|1701163113\n|switch|p1a: Togekiss|Togekiss, M|100\/100\n|move|p2a: Dragonite|Curse|p2a: Dragonite\n|-unboost|p2a: Dragonite|spe|1\n|-boost|p2a: Dragonite|atk|1\n|-boost|p2a: Dragonite|def|1\n|\n|upkeep\n|turn|3\n|\n|t:|1701163121\n|move|p2a: Dragonite|Extreme Speed|p1a: Togekiss\n|-damage|p1a: Togekiss|44\/100\n|move|p1a: Togekiss|Thunder Wave|p2a: Dragonite\n|-status|p2a: Dragonite|par\n|\n|upkeep\n|turn|4\n|\n|t:|1701163129\n|move|p1a: Togekiss|Air Slash|p2a: Dragonite\n|-damage|p2a: Dragonite|57\/100 par\n|cant|p2a: Dragonite|flinch\n|\n|upkeep\n|turn|5\n|\n|t:|1701163135\n|move|p2a: Dragonite|Extreme Speed|p1a: Togekiss\n|-crit|p1a: Togekiss\n|-damage|p1a: Togekiss|0 fnt\n|faint|p1a: Togekiss\n|\n|upkeep\n|\n|t:|1701163140\n|switch|p1a: Garchomp|Garchomp, M|100\/100\n|turn|6\n|\n|t:|1701163146\n|move|p1a: Garchomp|Swords Dance|p1a: Garchomp\n|-boost|p1a: Garchomp|atk|2\n|move|p2a: Dragonite|Roost|p2a: Dragonite\n|-heal|p2a: Dragonite|100\/100 par\n|-singleturn|p2a: Dragonite|move: Roost\n|\n|upkeep\n|turn|7\n|\n|t:|1701163155\n|move|p2a: Dragonite|Extreme Speed|p1a: Garchomp\n|-damage|p1a: Garchomp|55\/100\n|-damage|p2a: Dragonite|88\/100 par|[from] ability: Rough Skin|[of] p1a: Garchomp\n|move|p1a: Garchomp|Earthquake|p2a: Dragonite\n|-immune|p2a: Dragonite\n|\n|upkeep\n|turn|8\n|\n|t:|1701163163\n|move|p2a: Dragonite|Extreme Speed|p1a: Garchomp\n|-damage|p1a: Garchomp|12\/100\n|-damage|p2a: Dragonite|76\/100 par|[from] ability: Rough Skin|[of] p1a: Garchomp\n|move|p1a: Garchomp|Scale Shot|p2a: Dragonite\n|-supereffective|p2a: Dragonite\n|-damage|p2a: Dragonite|43\/100 par\n|-enditem|p2a: Dragonite|Weakness Policy\n|-boost|p2a: Dragonite|atk|2|[from] item: Weakness Policy\n|-boost|p2a: Dragonite|spa|2|[from] item: Weakness Policy\n|-supereffective|p2a: Dragonite\n|-damage|p2a: Dragonite|11\/100 par\n|-supereffective|p2a: Dragonite\n|-damage|p2a: Dragonite|0 fnt\n|faint|p2a: Dragonite\n|-hitcount|p2: Dragonite|3\n|-unboost|p1a: Garchomp|def|1\n|-boost|p1a: Garchomp|spe|1\n|\n|-fieldend|move: Electric Terrain\n|upkeep\n|\n|t:|1701163168\n|switch|p2a: Tapu Koko|Tapu Koko|100\/100\n|-fieldstart|move: Electric Terrain|[from] ability: Electric Surge|[of] p2a: Tapu Koko\n|turn|9\n|\n|t:|1701163184\n|move|p1a: Garchomp|Earthquake|p2a: Tapu Koko\n|-supereffective|p2a: Tapu Koko\n|-damage|p2a: Tapu Koko|0 fnt\n|faint|p2a: Tapu Koko\n|\n|upkeep\n|\n|t:|1701163191\n|switch|p2a: Sneasler|Sneasler, F|100\/100\n|-enditem|p2a: Sneasler|Electric Seed\n|-boost|p2a: Sneasler|def|1|[from] item: Electric Seed\n|turn|10\n|\n|t:|1701163196\n|move|p2a: Sneasler|Dire Claw|p1a: Garchomp\n|-resisted|p1a: Garchomp\n|-damage|p1a: Garchomp|0 fnt\n|-damage|p2a: Sneasler|88\/100|[from] ability: Rough Skin|[of] p1a: Garchomp\n|faint|p1a: Garchomp\n|\n|upkeep\n|\n|t:|1701163204\n|switch|p1a: Galvantula|Galvantula, F|100\/100\n|turn|11\n|l|\u2606Pejbsns\n|inactive|Pejbsns disconnected and has a minute to reconnect!\n|player|p2|\n|inactive|Pejbsns has 30 seconds to reconnect!\n|j|\u2606Pejbsns\n|inactive|Pejbsns reconnected and has 115 seconds left.\n|player|p2|Pejbsns|wally\n|\n|t:|1701163246\n|move|p2a: Sneasler|Dire Claw|p1a: Galvantula\n|-damage|p1a: Galvantula|10\/100\n|move|p1a: Galvantula|Thunder|p2a: Sneasler\n|-damage|p2a: Sneasler|0 fnt\n|faint|p2a: Sneasler\n|\n|upkeep\n|\n|t:|1701163254\n|switch|p2a: Zeraora|Zeraora|100\/100\n|-enditem|p2a: Zeraora|Electric Seed\n|-boost|p2a: Zeraora|def|1|[from] item: Electric Seed\n|turn|12\n|\n|t:|1701163277\n|move|p2a: Zeraora|Calm Mind|p2a: Zeraora\n|-boost|p2a: Zeraora|spa|1\n|-boost|p2a: Zeraora|spd|1\n|move|p1a: Galvantula|Energy Ball|p2a: Zeraora\n|-damage|p2a: Zeraora|78\/100\n|\n|upkeep\n|turn|13\n|inactive|Pejbsns has 120 seconds left.\n|\n|t:|1701163288\n|-terastallize|p2a: Zeraora|Electric\n|move|p2a: Zeraora|Rising Voltage|p1a: Galvantula\n|-hint|Rising Voltage's BP doubled on grounded target.\n|-resisted|p1a: Galvantula\n|-damage|p1a: Galvantula|0 fnt\n|faint|p1a: Galvantula\n|\n|upkeep\n|\n|t:|1701163298\n|switch|p1a: Scizor|Scizor, F|100\/100\n|turn|14\n|\n|t:|1701163307\n|detailschange|p1a: Scizor|Scizor-Mega, F\n|-mega|p1a: Scizor|Scizor|Scizorite\n|move|p2a: Zeraora|Rising Voltage|p1a: Scizor\n|-hint|Rising Voltage's BP doubled on grounded target.\n|-damage|p1a: Scizor|0 fnt\n|faint|p1a: Scizor\n|\n|upkeep\n|\n|t:|1701163315\n|switch|p1a: Cacturne|Cacturne, F, tera:Grass|40\/100\n|turn|15\n|\n|t:|1701163320\n|move|p1a: Cacturne|Sucker Punch|p2a: Zeraora\n|-damage|p2a: Zeraora|44\/100\n|-damage|p1a: Cacturne|31\/100|[from] item: Life Orb\n|move|p2a: Zeraora|Hidden Power|p1a: Cacturne\n|-supereffective|p1a: Cacturne\n|-damage|p1a: Cacturne|0 fnt\n|faint|p1a: Cacturne\n|\n|upkeep\n|\n|t:|1701163329\n|switch|p1a: Volcanion|Volcanion|100\/100\n|turn|16\n|\n|t:|1701163332\n|move|p2a: Zeraora|Rising Voltage|p1a: Volcanion\n|-hint|Rising Voltage's BP doubled on grounded target.\n|-supereffective|p1a: Volcanion\n|-damage|p1a: Volcanion|0 fnt\n|faint|p1a: Volcanion\n|\n|win|Pejbsns\n|raw|Shgfx's rating: 1260 &rarr; <strong>1229<\/strong><br \/>(-31 for losing)\n|raw|Pejbsns's rating: 1181 &rarr; <strong>1212<\/strong><br \/>(+31 for winning)\n","uploadtime":1701163337,"views":1,"p1id":"shgfx","p2id":"pejbsns","formatid":"gen9nationaldex","rating":1212,"private":0,"password":""}