{"id":"gen9nationaldex-1998566078","p1":"LazuIi","p2":"AliceWolfx","format":"[Gen 9] National Dex","log":"|html|<div class=\"broadcast-blue\"><strong>[Gen 9] National Dex is currently suspecting Sneasler! For information on how to participate check out the <a href=\"https:\/\/www.smogon.com\/forums\/threads\/sv-national-dex-suspect-8-just-dance.3731534\/\">suspect thread<\/a>.<\/strong><\/div>\n|j|\u2606LazuIi\n|j|\u2606AliceWolfx\n|t:|1700957128\n|gametype|singles\n|player|p1|LazuIi|karen|\n|player|p2|AliceWolfx|cynthia-gen4|\n|teamsize|p1|6\n|teamsize|p2|6\n|gen|9\n|tier|[Gen 9] National Dex\n|rule|HP Percentage Mod: HP is shown in percentages\n|rule|Endless Battle Clause: Forcing endless battles is banned\n|rule|OHKO Clause: OHKO moves are banned\n|rule|Evasion Clause: Evasion abilities, items, and moves are banned\n|rule|Evasion Abilities Clause: Evasion abilities are banned\n|rule|Evasion Items Clause: Evasion items are banned\n|rule|Evasion Moves Clause: Evasion moves are banned\n|rule|Species Clause: Limit one of each Pok\u00e9mon\n|rule|Sleep Clause Mod: Limit one foe put to sleep\n|clearpoke\n|poke|p1|Scizor, F|\n|poke|p1|Araquanid, M|\n|poke|p1|Masquerain, M|\n|poke|p1|Heracross, F|\n|poke|p1|Forretress, M|\n|poke|p1|Rabsca, M|\n|poke|p2|Indeedee, M|\n|poke|p2|Armarouge, F|\n|poke|p2|Latios, M|\n|poke|p2|Slowbro, F|\n|poke|p2|Gallade, M|\n|poke|p2|Scream Tail|\n|teampreview\n|\n|t:|1700957150\n|start\n|switch|p1a: Flying Spidops|Masquerain, M|100\/100\n|switch|p2a: The Moncher|Scream Tail|100\/100\n|-ability|p1a: Flying Spidops|Intimidate|boost\n|-unboost|p2a: The Moncher|atk|1\n|turn|1\n|\n|t:|1700957157\n|move|p2a: The Moncher|Stealth Rock|p1a: Flying Spidops\n|-sidestart|p1: LazuIi|move: Stealth Rock\n|move|p1a: Flying Spidops|Sticky Web|p2a: The Moncher\n|-sidestart|p2: AliceWolfx|move: Sticky Web\n|\n|upkeep\n|turn|2\n|\n|t:|1700957164\n|move|p2a: The Moncher|Reflect|p2a: The Moncher\n|-sidestart|p2: AliceWolfx|Reflect\n|move|p1a: Flying Spidops|U-turn|p2a: The Moncher\n|-damage|p2a: The Moncher|94\/100\n|\n|t:|1700957186\n|switch|p1a: Scissor Sister|Scizor, F|100\/100|[from] U-turn\n|-damage|p1a: Scissor Sister|88\/100|[from] Stealth Rock\n|\n|upkeep\n|turn|3\n|\n|t:|1700957194\n|move|p2a: The Moncher|Light Screen|p2a: The Moncher\n|-sidestart|p2: AliceWolfx|move: Light Screen\n|move|p1a: Scissor Sister|Swords Dance|p1a: Scissor Sister\n|-boost|p1a: Scissor Sister|atk|2\n|\n|upkeep\n|turn|4\n|\n|t:|1700957206\n|-end|p2a: The Moncher|Protosynthesis|[silent]\n|switch|p2a: My Tail Hurts|Slowbro, F|100\/100\n|move|p1a: Scissor Sister|Swords Dance|p1a: Scissor Sister\n|-boost|p1a: Scissor Sister|atk|2\n|\n|upkeep\n|turn|5\n|\n|t:|1700957231\n|move|p1a: Scissor Sister|Trailblaze|p2a: My Tail Hurts\n|-supereffective|p2a: My Tail Hurts\n|-damage|p2a: My Tail Hurts|57\/100\n|-boost|p1a: Scissor Sister|spe|1\n|move|p2a: My Tail Hurts|Iron Defense|p2a: My Tail Hurts\n|-boost|p2a: My Tail Hurts|def|2\n|\n|upkeep\n|turn|6\n|\n|t:|1700957239\n|move|p1a: Scissor Sister|Swords Dance|p1a: Scissor Sister\n|-boost|p1a: Scissor Sister|atk|2\n|move|p2a: My Tail Hurts|Slack Off|p2a: My Tail Hurts\n|-heal|p2a: My Tail Hurts|100\/100\n|\n|upkeep\n|turn|7\n|\n|t:|1700957245\n|move|p1a: Scissor Sister|Trailblaze|p2a: My Tail Hurts\n|-supereffective|p2a: My Tail Hurts\n|-damage|p2a: My Tail Hurts|70\/100\n|-boost|p1a: Scissor Sister|spe|1\n|move|p2a: My Tail Hurts|Iron Defense|p2a: My Tail Hurts\n|-boost|p2a: My Tail Hurts|def|2\n|\n|upkeep\n|turn|8\n|\n|t:|1700957253\n|move|p1a: Scissor Sister|Trailblaze|p2a: My Tail Hurts\n|-supereffective|p2a: My Tail Hurts\n|-damage|p2a: My Tail Hurts|50\/100\n|-boost|p1a: Scissor Sister|spe|1\n|move|p2a: My Tail Hurts|Slack Off|p2a: My Tail Hurts\n|-heal|p2a: My Tail Hurts|99\/100\n|\n|upkeep\n|turn|9\n|\n|t:|1700957261\n|move|p1a: Scissor Sister|Trailblaze|p2a: My Tail Hurts\n|-supereffective|p2a: My Tail Hurts\n|-damage|p2a: My Tail Hurts|80\/100\n|-boost|p1a: Scissor Sister|spe|1\n|move|p2a: My Tail Hurts|Iron Defense|p2a: My Tail Hurts\n|-boost|p2a: My Tail Hurts|def|2\n|\n|-sideend|p2: AliceWolfx|Reflect\n|upkeep\n|turn|10\n|\n|t:|1700957269\n|move|p1a: Scissor Sister|Trailblaze|p2a: My Tail Hurts\n|-supereffective|p2a: My Tail Hurts\n|-damage|p2a: My Tail Hurts|49\/100\n|-boost|p1a: Scissor Sister|spe|1\n|move|p2a: My Tail Hurts|Body Press|p1a: Scissor Sister\n|-damage|p1a: Scissor Sister|0 fnt\n|faint|p1a: Scissor Sister\n|\n|-sideend|p2: AliceWolfx|move: Light Screen\n|upkeep\n|\n|t:|1700957282\n|switch|p1a: Flying Spidops|Masquerain, M|100\/100\n|-damage|p1a: Flying Spidops|51\/100|[from] Stealth Rock\n|-ability|p1a: Flying Spidops|Intimidate|boost\n|-unboost|p2a: My Tail Hurts|atk|1\n|turn|11\n|\n|t:|1700957303\n|move|p1a: Flying Spidops|Bug Buzz|p2a: My Tail Hurts\n|-supereffective|p2a: My Tail Hurts\n|-damage|p2a: My Tail Hurts|0 fnt\n|faint|p2a: My Tail Hurts\n|\n|upkeep\n|\n|t:|1700957312\n|switch|p2a: Zooooom|Latios, M, shiny|100\/100\n|turn|12\n|\n|t:|1700957340\n|move|p1a: Flying Spidops|Bug Buzz|p2a: Zooooom\n|-supereffective|p2a: Zooooom\n|-damage|p2a: Zooooom|34\/100\n|move|p2a: Zooooom|Shadow Ball|p1a: Flying Spidops\n|-damage|p1a: Flying Spidops|15\/100\n|\n|-heal|p2a: Zooooom|40\/100|[from] item: Leftovers\n|upkeep\n|turn|13\n|\n|t:|1700957348\n|move|p1a: Flying Spidops|Bug Buzz|p2a: Zooooom\n|-supereffective|p2a: Zooooom\n|-damage|p2a: Zooooom|0 fnt\n|faint|p2a: Zooooom\n|\n|upkeep\n|\n|t:|1700957374\n|switch|p2a: Exterminate|Armarouge, F|100\/100\n|-activate|p2a: Exterminate|move: Sticky Web\n|-unboost|p2a: Exterminate|spe|1\n|turn|14\n|\n|t:|1700957401\n|move|p1a: Flying Spidops|Scald|p2a: Exterminate\n|-supereffective|p2a: Exterminate\n|-damage|p2a: Exterminate|47\/100\n|move|p2a: Exterminate|Dark Pulse|p1a: Flying Spidops\n|-damage|p1a: Flying Spidops|0 fnt\n|faint|p1a: Flying Spidops\n|-damage|p2a: Exterminate|37\/100|[from] item: Life Orb\n|\n|upkeep\n|\n|t:|1700957421\n|switch|p1a: Hera from Rebels|Heracross, F|100\/100\n|-damage|p1a: Hera from Rebels|88\/100|[from] Stealth Rock\n|turn|15\n|\n|t:|1700957464\n|switch|p2a: The Moncher|Scream Tail|94\/100\n|-activate|p2a: The Moncher|move: Sticky Web\n|-unboost|p2a: The Moncher|spe|1\n|move|p1a: Hera from Rebels|Knock Off|p2a: The Moncher\n|-damage|p2a: The Moncher|68\/100\n|-enditem|p2a: The Moncher|Light Clay|[from] move: Knock Off|[of] p1a: Hera from Rebels\n|\n|-status|p1a: Hera from Rebels|brn|[from] item: Flame Orb\n|upkeep\n|turn|16\n|\n|t:|1700957485\n|move|p1a: Hera from Rebels|Facade|p2a: The Moncher\n|-damage|p2a: The Moncher|12\/100\n|move|p2a: The Moncher|Reflect|p2a: The Moncher\n|-sidestart|p2: AliceWolfx|Reflect\n|\n|-damage|p1a: Hera from Rebels|82\/100 brn|[from] brn\n|upkeep\n|turn|17\n|\n|t:|1700957492\n|move|p1a: Hera from Rebels|Facade|p2a: The Moncher\n|-damage|p2a: The Moncher|0 fnt\n|faint|p2a: The Moncher\n|-end|p2a: The Moncher|Protosynthesis|[silent]\n|\n|-damage|p1a: Hera from Rebels|76\/100 brn|[from] brn\n|upkeep\n|\n|t:|1700957504\n|switch|p2a: Slay Queen|Indeedee, M|100\/100\n|-activate|p2a: Slay Queen|move: Sticky Web\n|-unboost|p2a: Slay Queen|spe|1\n|-fieldstart|move: Psychic Terrain|[from] ability: Psychic Surge|[of] p2a: Slay Queen\n|turn|18\n|\n|t:|1700957523\n|-terastallize|p1a: Hera from Rebels|Dark\n|move|p1a: Hera from Rebels|Knock Off|p2a: Slay Queen\n|-supereffective|p2a: Slay Queen\n|-damage|p2a: Slay Queen|16\/100\n|-enditem|p2a: Slay Queen|Eject Button|[from] move: Knock Off|[of] p1a: Hera from Rebels\n|move|p2a: Slay Queen|Trick Room|p2a: Slay Queen\n|-fieldstart|move: Trick Room|[of] p2a: Slay Queen\n|\n|-damage|p1a: Hera from Rebels|70\/100 brn|[from] brn\n|upkeep\n|turn|19\n|\n|t:|1700957533\n|move|p2a: Slay Queen|Substitute|p2a: Slay Queen\n|-fail|p2a: Slay Queen|move: Substitute|[weak]\n|move|p1a: Hera from Rebels|Knock Off|p2a: Slay Queen\n|-supereffective|p2a: Slay Queen\n|-damage|p2a: Slay Queen|0 fnt\n|faint|p2a: Slay Queen\n|\n|-damage|p1a: Hera from Rebels|64\/100 brn|[from] brn\n|upkeep\n|\n|t:|1700957540\n|switch|p2a: Slice n' Dice|Gallade, M|100\/100\n|-activate|p2a: Slice n' Dice|move: Sticky Web\n|-unboost|p2a: Slice n' Dice|spe|1\n|turn|20\n|\n|t:|1700957548\n|-terastallize|p2a: Slice n' Dice|Fighting\n|move|p2a: Slice n' Dice|Sacred Sword|p1a: Hera from Rebels\n|-supereffective|p1a: Hera from Rebels\n|-damage|p1a: Hera from Rebels|0 fnt\n|faint|p1a: Hera from Rebels\n|\n|-sideend|p2: AliceWolfx|Reflect\n|upkeep\n|\n|t:|1700957572\n|switch|p1a: Grand Father|Rabsca, M|100\/100\n|turn|21\n|\n|t:|1700957582\n|switch|p2a: Exterminate|Armarouge, F|37\/100\n|-activate|p2a: Exterminate|move: Sticky Web\n|-unboost|p2a: Exterminate|spe|1\n|move|p1a: Grand Father|Psychic|p2a: Exterminate\n|-resisted|p2a: Exterminate\n|-damage|p2a: Exterminate|2\/100\n|\n|upkeep\n|turn|22\n|\n|t:|1700957597\n|switch|p1a: Bubbly Spider|Araquanid, M|100\/100\n|-damage|p1a: Bubbly Spider|76\/100|[from] Stealth Rock\n|move|p2a: Exterminate|Armor Cannon|p1a: Bubbly Spider\n|-damage|p1a: Bubbly Spider|50\/100\n|-unboost|p2a: Exterminate|def|1\n|-unboost|p2a: Exterminate|spd|1\n|-damage|p2a: Exterminate|0 fnt|[from] item: Life Orb\n|faint|p2a: Exterminate\n|\n|-fieldend|move: Trick Room\n|-fieldend|move: Psychic Terrain\n|upkeep\n|\n|t:|1700957608\n|switch|p2a: Slice n' Dice|Gallade, M, tera:Fighting|100\/100\n|-activate|p2a: Slice n' Dice|move: Sticky Web\n|-unboost|p2a: Slice n' Dice|spe|1\n|turn|23\n|\n|t:|1700957623\n|move|p2a: Slice n' Dice|Night Slash|p1a: Bubbly Spider\n|-damage|p1a: Bubbly Spider|13\/100\n|move|p1a: Bubbly Spider|Scald|p2a: Slice n' Dice\n|-damage|p2a: Slice n' Dice|68\/100\n|\n|upkeep\n|turn|24\n|\n|t:|1700957632\n|move|p2a: Slice n' Dice|Night Slash|p1a: Bubbly Spider\n|-damage|p1a: Bubbly Spider|0 fnt\n|faint|p1a: Bubbly Spider\n|\n|upkeep\n|\n|t:|1700957639\n|switch|p1a: FORTNITE|Forretress, M|100\/100\n|-damage|p1a: FORTNITE|88\/100|[from] Stealth Rock\n|turn|25\n|\n|t:|1700957645\n|move|p2a: Slice n' Dice|Night Slash|p1a: FORTNITE\n|-damage|p1a: FORTNITE|66\/100\n|-damage|p2a: Slice n' Dice|51\/100|[from] item: Rocky Helmet|[of] p1a: FORTNITE\n|move|p1a: FORTNITE|Earthquake|p2a: Slice n' Dice\n|-damage|p2a: Slice n' Dice|10\/100\n|\n|upkeep\n|turn|26\n|\n|t:|1700957652\n|move|p2a: Slice n' Dice|Night Slash|p1a: FORTNITE\n|-damage|p1a: FORTNITE|44\/100\n|-damage|p2a: Slice n' Dice|0 fnt|[from] item: Rocky Helmet|[of] p1a: FORTNITE\n|faint|p2a: Slice n' Dice\n|\n|win|LazuIi\n|l|\u2606LazuIi\n|j|\u2606LazuIi\n|player|p1|LazuIi|karen\n|l|\u2606LazuIi\n|player|p1|\n","uploadtime":1700957664,"views":2,"p1id":"lazuii","p2id":"alicewolfx","formatid":"gen9nationaldex","rating":0,"private":0,"password":""}