{"id":"gen9nationaldex-1989688678","p1":"destruidordeviado","p2":"Sereio","format":"[Gen 9] National Dex","log":"|j|\u2606destruidordeviado\n|j|\u2606Sereio\n|t:|1699887031\n|gametype|singles\n|player|p1|destruidordeviado|veteran|\n|player|p2|Sereio|170|\n|teamsize|p1|6\n|teamsize|p2|6\n|gen|9\n|tier|[Gen 9] National Dex\n|rule|HP Percentage Mod: HP is shown in percentages\n|rule|Endless Battle Clause: Forcing endless battles is banned\n|rule|OHKO Clause: OHKO moves are banned\n|rule|Evasion Clause: Evasion abilities, items, and moves are banned\n|rule|Evasion Abilities Clause: Evasion abilities are banned\n|rule|Evasion Items Clause: Evasion items are banned\n|rule|Evasion Moves Clause: Evasion moves are banned\n|rule|Species Clause: Limit one of each Pok\u00e9mon\n|rule|Sleep Clause Mod: Limit one foe put to sleep\n|clearpoke\n|poke|p1|Feraligatr, M|\n|poke|p1|Espeon, F|\n|poke|p1|Ampharos, F|\n|poke|p1|Clefable, F|\n|poke|p1|Mamoswine, M|\n|poke|p1|Heracross, M|\n|poke|p2|Serperior, F|\n|poke|p2|Mandibuzz, F|\n|poke|p2|Clefable, M|\n|poke|p2|Landorus-Therian, M|\n|poke|p2|Altaria, M|\n|poke|p2|Samurott, M|\n|teampreview\n|\n|t:|1699887044\n|start\n|switch|p1a: Mamoswine|Mamoswine, M|100\/100\n|switch|p2a: Clefable|Clefable, M|100\/100\n|turn|1\n|\n|t:|1699887049\n|move|p1a: Mamoswine|Knock Off|p2a: Clefable\n|-resisted|p2a: Clefable\n|-crit|p2a: Clefable\n|-damage|p2a: Clefable|74\/100\n|-enditem|p2a: Clefable|Sticky Barb|[from] move: Knock Off|[of] p1a: Mamoswine\n|-damage|p1a: Mamoswine|91\/100|[from] item: Life Orb\n|move|p2a: Clefable|Trick|p1a: Mamoswine\n|-activate|p2a: Clefable|move: Trick|[of] p1a: Mamoswine\n|-enditem|p1a: Mamoswine|Life Orb|[silent]|[from] move: Trick\n|-item|p2a: Clefable|Life Orb|[from] move: Trick\n|\n|upkeep\n|turn|2\n|\n|t:|1699887060\n|move|p1a: Mamoswine|Knock Off|p2a: Clefable\n|-resisted|p2a: Clefable\n|-damage|p2a: Clefable|61\/100\n|-enditem|p2a: Clefable|Life Orb|[from] move: Knock Off|[of] p1a: Mamoswine\n|move|p2a: Clefable|Stealth Rock|p1a: Mamoswine\n|-sidestart|p1: destruidordeviado|move: Stealth Rock\n|\n|upkeep\n|turn|3\n|j| Cosbel\n|\n|t:|1699887067\n|move|p1a: Mamoswine|Icicle Crash|p2a: Clefable\n|-damage|p2a: Clefable|24\/100\n|cant|p2a: Clefable|flinch\n|\n|upkeep\n|turn|4\n|\n|t:|1699887082\n|move|p1a: Mamoswine|Earthquake|p2a: Clefable\n|-damage|p2a: Clefable|0 fnt\n|faint|p2a: Clefable\n|\n|upkeep\n|\n|t:|1699887087\n|switch|p2a: Serperior|Serperior, F|100\/100\n|turn|5\n|\n|t:|1699887091\n|-terastallize|p1a: Mamoswine|Dark\n|move|p2a: Serperior|Leaf Storm|p1a: Mamoswine\n|-damage|p1a: Mamoswine|11\/100\n|-boost|p2a: Serperior|spa|2\n|move|p1a: Mamoswine|Icicle Crash|p2a: Serperior\n|-supereffective|p2a: Serperior\n|-damage|p2a: Serperior|0 fnt\n|faint|p2a: Serperior\n|\n|upkeep\n|\n|t:|1699887107\n|switch|p2a: Landorus|Landorus-Therian, M|100\/100\n|-ability|p2a: Landorus|Intimidate|boost\n|-unboost|p1a: Mamoswine|atk|1\n|turn|6\n|\n|t:|1699887111\n|move|p1a: Mamoswine|Ice Shard|p2a: Landorus\n|-supereffective|p2a: Landorus\n|-crit|p2a: Landorus\n|-damage|p2a: Landorus|0 fnt\n|faint|p2a: Landorus\n|\n|upkeep\n|\n|t:|1699887118\n|switch|p2a: Samurott|Samurott, M|100\/100\n|turn|7\n|\n|t:|1699887122\n|move|p1a: Mamoswine|Knock Off|p2a: Samurott\n|-damage|p2a: Samurott|62\/100\n|-enditem|p2a: Samurott|Assault Vest|[from] move: Knock Off|[of] p1a: Mamoswine\n|move|p2a: Samurott|Ice Beam|p1a: Mamoswine\n|-damage|p1a: Mamoswine|0 fnt\n|faint|p1a: Mamoswine\n|\n|upkeep\n|\n|t:|1699887129\n|switch|p1a: Ampharos|Ampharos, F|100\/100\n|-damage|p1a: Ampharos|88\/100|[from] Stealth Rock\n|turn|8\n|\n|t:|1699887151\n|move|p2a: Samurott|Ice Beam|p1a: Ampharos\n|-damage|p1a: Ampharos|57\/100\n|move|p1a: Ampharos|Thunderbolt|p2a: Samurott\n|-supereffective|p2a: Samurott\n|-damage|p2a: Samurott|0 fnt\n|faint|p2a: Samurott\n|\n|upkeep\n|c| Cosbel|Vim do futuro pra dizer que odeio gay\n|\n|t:|1699887177\n|switch|p2a: Altaria|Altaria, M|100\/100\n|turn|9\n|\n|t:|1699887210\n|switch|p1a: Clefable|Clefable, F|100\/100\n|-damage|p1a: Clefable|88\/100|[from] Stealth Rock\n|detailschange|p2a: Altaria|Altaria-Mega, M\n|-mega|p2a: Altaria|Altaria|Altarianite\n|move|p2a: Altaria|Dragon Dance|p2a: Altaria\n|-boost|p2a: Altaria|atk|1\n|-boost|p2a: Altaria|spe|1\n|\n|-heal|p1a: Clefable|94\/100|[from] item: Leftovers\n|upkeep\n|turn|10\n|\n|t:|1699887217\n|move|p2a: Altaria|Frustration|p1a: Clefable\n|-damage|p1a: Clefable|50\/100\n|move|p1a: Clefable|Moonblast|p2a: Altaria\n|-supereffective|p2a: Altaria\n|-damage|p2a: Altaria|24\/100\n|\n|-heal|p1a: Clefable|56\/100|[from] item: Leftovers\n|upkeep\n|turn|11\n|\n|t:|1699887226\n|move|p2a: Altaria|Frustration|p1a: Clefable\n|-damage|p1a: Clefable|8\/100\n|move|p1a: Clefable|Moonblast|p2a: Altaria\n|-supereffective|p2a: Altaria\n|-damage|p2a: Altaria|0 fnt\n|faint|p2a: Altaria\n|\n|-heal|p1a: Clefable|14\/100|[from] item: Leftovers\n|upkeep\n|\n|t:|1699887231\n|switch|p2a: Mandibuzz|Mandibuzz, F|100\/100\n|turn|12\n|\n|t:|1699887236\n|move|p2a: Mandibuzz|Foul Play|p1a: Clefable\n|-resisted|p1a: Clefable\n|-damage|p1a: Clefable|7\/100\n|move|p1a: Clefable|Moonblast|p2a: Mandibuzz\n|-supereffective|p2a: Mandibuzz\n|-crit|p2a: Mandibuzz\n|-damage|p2a: Mandibuzz|18\/100\n|-unboost|p2a: Mandibuzz|spa|1\n|\n|-heal|p1a: Clefable|13\/100|[from] item: Leftovers\n|upkeep\n|turn|13\n|\n|t:|1699887242\n|-terastallize|p2a: Mandibuzz|Dark\n|move|p2a: Mandibuzz|Foul Play|p1a: Clefable\n|-resisted|p1a: Clefable\n|-damage|p1a: Clefable|4\/100\n|move|p1a: Clefable|Moonblast|p2a: Mandibuzz\n|-supereffective|p2a: Mandibuzz\n|-damage|p2a: Mandibuzz|0 fnt\n|faint|p2a: Mandibuzz\n|\n|win|destruidordeviado\n|l|\u2606Sereio\n|l| Cosbel\n","uploadtime":1699887248,"views":11,"p1id":"destruidordeviado","p2id":"sereio","formatid":"gen9nationaldex","rating":0,"private":0,"password":""}