{"id":"gen9nationaldex-2000464605","p1":"Cutu boy","p2":"sergropo2","format":"[Gen 9] National Dex","log":"|html|<div class=\"broadcast-blue\"><strong>[Gen 9] National Dex is currently suspecting Sneasler! For information on how to participate check out the <a href=\"https:\/\/www.smogon.com\/forums\/threads\/sv-national-dex-suspect-8-just-dance.3731534\/\">suspect thread<\/a>.<\/strong><\/div>\n|j|\u2606Cutu boy\n|j|\u2606sergropo2\n|t:|1701197037\n|gametype|singles\n|player|p1|Cutu boy|giovanni|1076\n|player|p2|sergropo2|ltsurge|1006\n|teamsize|p1|6\n|teamsize|p2|6\n|gen|9\n|tier|[Gen 9] National Dex\n|rated|\n|rule|HP Percentage Mod: HP is shown in percentages\n|rule|Endless Battle Clause: Forcing endless battles is banned\n|rule|OHKO Clause: OHKO moves are banned\n|rule|Evasion Clause: Evasion abilities, items, and moves are banned\n|rule|Evasion Abilities Clause: Evasion abilities are banned\n|rule|Evasion Items Clause: Evasion items are banned\n|rule|Evasion Moves Clause: Evasion moves are banned\n|rule|Species Clause: Limit one of each Pok\u00e9mon\n|rule|Sleep Clause Mod: Limit one foe put to sleep\n|clearpoke\n|poke|p1|Poliwrath, F|\n|poke|p1|Pelipper, F|\n|poke|p1|Overqwil, F|\n|poke|p1|Rillaboom, M|\n|poke|p1|Iron Treads|\n|poke|p1|Zapdos|\n|poke|p2|Seaking, M|\n|poke|p2|Dipplin, M|\n|poke|p2|Corviknight, M|\n|poke|p2|Tauros-Paldea-Blaze, M|\n|poke|p2|Bellibolt, F|\n|poke|p2|Rapidash-Galar, F|\n|teampreview\n|\n|t:|1701197054\n|start\n|switch|p1a: Pelipper|Pelipper, F|100\/100\n|switch|p2a: Tauros|Tauros-Paldea-Blaze, M|100\/100\n|-ability|p2a: Tauros|Intimidate|boost\n|-unboost|p1a: Pelipper|atk|1\n|-weather|RainDance|[from] ability: Drizzle|[of] p1a: Pelipper\n|turn|1\n|\n|t:|1701197064\n|switch|p2a: Bellibolt|Bellibolt, F|100\/100\n|move|p1a: Pelipper|Surf|p2a: Bellibolt\n|-damage|p2a: Bellibolt|56\/100\n|-start|p2a: Bellibolt|Charge|Surf|[from] ability: Electromorphosis\n|\n|-weather|RainDance|[upkeep]\n|-heal|p2a: Bellibolt|62\/100|[from] item: Leftovers\n|upkeep\n|turn|2\n|\n|t:|1701197077\n|move|p2a: Bellibolt|Thunder Wave|p1a: Pelipper\n|-status|p1a: Pelipper|par\n|-end|p2a: Bellibolt|Charge|[silent]\n|cant|p1a: Pelipper|par\n|\n|-weather|RainDance|[upkeep]\n|-heal|p2a: Bellibolt|68\/100|[from] item: Leftovers\n|upkeep\n|turn|3\n|\n|t:|1701197087\n|move|p2a: Bellibolt|Thunderbolt|p1a: Pelipper\n|-supereffective|p1a: Pelipper\n|-damage|p1a: Pelipper|0 fnt\n|faint|p1a: Pelipper\n|\n|-weather|RainDance|[upkeep]\n|-heal|p2a: Bellibolt|74\/100|[from] item: Leftovers\n|upkeep\n|\n|t:|1701197101\n|switch|p1a: Poliwrath|Poliwrath, F|100\/100\n|turn|4\n|\n|t:|1701197104\n|move|p1a: Poliwrath|Belly Drum|p1a: Poliwrath\n|-damage|p1a: Poliwrath|50\/100\n|-setboost|p1a: Poliwrath|atk|6|[from] move: Belly Drum\n|-enditem|p1a: Poliwrath|Sitrus Berry|[eat]\n|-heal|p1a: Poliwrath|75\/100|[from] item: Sitrus Berry\n|move|p2a: Bellibolt|Thunder Wave|p1a: Poliwrath\n|-status|p1a: Poliwrath|par\n|\n|-weather|RainDance|[upkeep]\n|-heal|p2a: Bellibolt|80\/100|[from] item: Leftovers\n|upkeep\n|turn|5\n|\n|t:|1701197117\n|move|p1a: Poliwrath|Drain Punch|p2a: Bellibolt\n|-damage|p2a: Bellibolt|0 fnt\n|-heal|p1a: Poliwrath|100\/100 par|[from] drain|[of] p2a: Bellibolt\n|faint|p2a: Bellibolt\n|\n|-weather|RainDance|[upkeep]\n|upkeep\n|\n|t:|1701197124\n|switch|p2a: Rapidash|Rapidash-Galar, F|100\/100\n|turn|6\n|\n|t:|1701197130\n|-terastallize|p1a: Poliwrath|Poison\n|move|p2a: Rapidash|Agility|p2a: Rapidash\n|-boost|p2a: Rapidash|spe|2\n|cant|p1a: Poliwrath|par\n|\n|-weather|RainDance|[upkeep]\n|upkeep\n|turn|7\n|\n|t:|1701197139\n|move|p2a: Rapidash|Zen Headbutt|p1a: Poliwrath\n|-supereffective|p1a: Poliwrath\n|-damage|p1a: Poliwrath|33\/100 par\n|move|p1a: Poliwrath|Tera Blast|p2a: Rapidash|[anim] Tera Blast Poison\n|-supereffective|p2a: Rapidash\n|-damage|p2a: Rapidash|0 fnt\n|faint|p2a: Rapidash\n|\n|-weather|RainDance|[upkeep]\n|upkeep\n|\n|t:|1701197148\n|switch|p2a: Tauros|Tauros-Paldea-Blaze, M|100\/100\n|-ability|p2a: Tauros|Intimidate|boost\n|-unboost|p1a: Poliwrath|atk|1\n|turn|8\n|\n|t:|1701197153\n|move|p2a: Tauros|Earthquake|p1a: Poliwrath\n|-supereffective|p1a: Poliwrath\n|-damage|p1a: Poliwrath|0 fnt\n|faint|p1a: Poliwrath\n|\n|-weather|none\n|upkeep\n|\n|t:|1701197164\n|switch|p1a: Overqwil|Overqwil, F|100\/100\n|turn|9\n|\n|t:|1701197169\n|move|p2a: Tauros|Earthquake|p1a: Overqwil\n|-supereffective|p1a: Overqwil\n|-crit|p1a: Overqwil\n|-damage|p1a: Overqwil|6\/100\n|move|p1a: Overqwil|Liquidation|p2a: Tauros\n|-supereffective|p2a: Tauros\n|-damage|p2a: Tauros|25\/100\n|-damage|p1a: Overqwil|0 fnt|[from] item: Life Orb\n|faint|p1a: Overqwil\n|\n|upkeep\n|\n|t:|1701197178\n|switch|p1a: Zapdos|Zapdos|100\/100\n|turn|10\n|\n|t:|1701197188\n|switch|p2a: Seaking|Seaking, M|100\/100\n|move|p1a: Zapdos|Thunder|p2a: Seaking\n|-ability|p2a: Seaking|Lightning Rod|boost\n|-boost|p2a: Seaking|spa|1\n|\n|upkeep\n|turn|11\n|\n|t:|1701197196\n|move|p1a: Zapdos|Hurricane|p2a: Seaking\n|-damage|p2a: Seaking|28\/100\n|move|p2a: Seaking|Blizzard|p1a: Zapdos\n|-supereffective|p1a: Zapdos\n|-damage|p1a: Zapdos|3\/100\n|-damage|p2a: Seaking|18\/100|[from] item: Life Orb\n|\n|upkeep\n|turn|12\n|\n|t:|1701197205\n|move|p1a: Zapdos|Roost|p1a: Zapdos\n|-heal|p1a: Zapdos|53\/100\n|-singleturn|p1a: Zapdos|move: Roost\n|move|p2a: Seaking|Aqua Tail|p1a: Zapdos\n|-damage|p1a: Zapdos|5\/100\n|-damage|p2a: Seaking|8\/100|[from] item: Life Orb\n|\n|upkeep\n|turn|13\n|\n|t:|1701197215\n|move|p1a: Zapdos|Hurricane|p2a: Seaking|[miss]\n|-miss|p1a: Zapdos|p2a: Seaking\n|-enditem|p1a: Zapdos|Blunder Policy\n|-boost|p1a: Zapdos|spe|2\n|move|p2a: Seaking|Blizzard|p1a: Zapdos\n|-supereffective|p1a: Zapdos\n|-damage|p1a: Zapdos|0 fnt\n|faint|p1a: Zapdos\n|-damage|p2a: Seaking|0 fnt|[from] item: Life Orb\n|faint|p2a: Seaking\n|\n|upkeep\n|\n|t:|1701197234\n|switch|p1a: Iron Treads|Iron Treads|100\/100\n|switch|p2a: Corviknight|Corviknight, M|100\/100\n|turn|14\n|\n|t:|1701197242\n|switch|p2a: Dipplin|Dipplin, M|100\/100\n|move|p1a: Iron Treads|Thunder|p2a: Dipplin\n|-resisted|p2a: Dipplin\n|-damage|p2a: Dipplin|91\/100\n|\n|upkeep\n|turn|15\n|\n|t:|1701197250\n|move|p1a: Iron Treads|Ice Spinner|p2a: Dipplin\n|-supereffective|p2a: Dipplin\n|-damage|p2a: Dipplin|2\/100\n|-enditem|p2a: Dipplin|Salac Berry|[eat]\n|-boost|p2a: Dipplin|spe|1|[from] item: Salac Berry\n|move|p2a: Dipplin|Giga Drain|p1a: Iron Treads\n|-damage|p1a: Iron Treads|67\/100\n|-heal|p2a: Dipplin|20\/100|[from] drain|[of] p1a: Iron Treads\n|\n|upkeep\n|turn|16\n|\n|t:|1701197259\n|move|p2a: Dipplin|Endure|p2a: Dipplin\n|-singleturn|p2a: Dipplin|move: Endure\n|move|p1a: Iron Treads|Ice Spinner|p2a: Dipplin\n|-supereffective|p2a: Dipplin\n|-activate|p2a: Dipplin|move: Endure\n|-damage|p2a: Dipplin|1\/100\n|\n|upkeep\n|turn|17\n|\n|t:|1701197269\n|move|p2a: Dipplin|Dragon Pulse|p1a: Iron Treads\n|-resisted|p1a: Iron Treads\n|-damage|p1a: Iron Treads|47\/100\n|move|p1a: Iron Treads|Ice Spinner|p2a: Dipplin\n|-supereffective|p2a: Dipplin\n|-damage|p2a: Dipplin|0 fnt\n|faint|p2a: Dipplin\n|\n|upkeep\n|\n|t:|1701197276\n|switch|p2a: Tauros|Tauros-Paldea-Blaze, M|25\/100\n|-ability|p2a: Tauros|Intimidate|boost\n|-unboost|p1a: Iron Treads|atk|1\n|turn|18\n|\n|t:|1701197285\n|-end|p1a: Iron Treads|Quark Drive|[silent]\n|switch|p1a: Rillaboom|Rillaboom, M|100\/100\n|-fieldstart|move: Grassy Terrain|[from] ability: Grassy Surge|[of] p1a: Rillaboom\n|move|p2a: Tauros|Close Combat|p1a: Rillaboom\n|-damage|p1a: Rillaboom|45\/100\n|-unboost|p2a: Tauros|def|1\n|-unboost|p2a: Tauros|spd|1\n|\n|-heal|p2a: Tauros|31\/100|[from] Grassy Terrain\n|-heal|p1a: Rillaboom|51\/100|[from] Grassy Terrain\n|upkeep\n|turn|19\n|\n|t:|1701197299\n|move|p1a: Rillaboom|Grassy Glide|p2a: Tauros\n|-resisted|p2a: Tauros\n|-damage|p2a: Tauros|0 fnt\n|faint|p2a: Tauros\n|\n|-heal|p1a: Rillaboom|57\/100|[from] Grassy Terrain\n|upkeep\n|\n|t:|1701197306\n|switch|p2a: Corviknight|Corviknight, M|100\/100\n|turn|20\n|\n|t:|1701197312\n|move|p1a: Rillaboom|Grassy Glide|p2a: Corviknight\n|-resisted|p2a: Corviknight\n|-damage|p2a: Corviknight|87\/100\n|move|p2a: Corviknight|Brave Bird|p1a: Rillaboom\n|-supereffective|p1a: Rillaboom\n|-damage|p1a: Rillaboom|0 fnt\n|faint|p1a: Rillaboom\n|-damage|p2a: Corviknight|68\/100|[from] Recoil\n|\n|-heal|p2a: Corviknight|74\/100|[from] item: Leftovers\n|upkeep\n|\n|t:|1701197325\n|switch|p1a: Iron Treads|Iron Treads|47\/100\n|turn|21\n|\n|t:|1701197332\n|move|p1a: Iron Treads|Thunder|p2a: Corviknight|[miss]\n|-miss|p1a: Iron Treads|p2a: Corviknight\n|move|p2a: Corviknight|Brave Bird|p1a: Iron Treads\n|-resisted|p1a: Iron Treads\n|-damage|p1a: Iron Treads|29\/100\n|-damage|p2a: Corviknight|68\/100|[from] Recoil\n|\n|-heal|p1a: Iron Treads|35\/100|[from] Grassy Terrain\n|-heal|p2a: Corviknight|74\/100|[from] item: Leftovers\n|upkeep\n|turn|22\n|\n|t:|1701197350\n|move|p1a: Iron Treads|Thunder|p2a: Corviknight\n|-supereffective|p2a: Corviknight\n|-damage|p2a: Corviknight|14\/100\n|move|p2a: Corviknight|Iron Head|p1a: Iron Treads\n|-resisted|p1a: Iron Treads\n|-damage|p1a: Iron Treads|25\/100\n|\n|-heal|p1a: Iron Treads|31\/100|[from] Grassy Terrain\n|-heal|p2a: Corviknight|21\/100|[from] item: Leftovers\n|-fieldend|move: Grassy Terrain\n|upkeep\n|turn|23\n|\n|t:|1701197361\n|move|p1a: Iron Treads|Thunder|p2a: Corviknight|[miss]\n|-miss|p1a: Iron Treads|p2a: Corviknight\n|move|p2a: Corviknight|Brave Bird|p1a: Iron Treads\n|-resisted|p1a: Iron Treads\n|-damage|p1a: Iron Treads|12\/100\n|-damage|p2a: Corviknight|15\/100|[from] Recoil\n|\n|-heal|p2a: Corviknight|21\/100|[from] item: Leftovers\n|upkeep\n|turn|24\n|\n|t:|1701197371\n|move|p1a: Iron Treads|Thunder|p2a: Corviknight\n|-supereffective|p2a: Corviknight\n|-damage|p2a: Corviknight|0 fnt\n|faint|p2a: Corviknight\n|\n|win|Cutu boy\n|raw|Cutu boy's rating: 1076 &rarr; <strong>1099<\/strong><br \/>(+23 for winning)\n|raw|sergropo2's rating: 1006 &rarr; <strong>1000<\/strong><br \/>(-6 for losing)\n|l|\u2606sergropo2\n","uploadtime":1701197380,"views":1,"p1id":"cutuboy","p2id":"sergropo2","formatid":"gen9nationaldex","rating":1000,"private":0,"password":""}