{"id":"gen9nationaldex-2000392810","p1":"TheLoneZ50","p2":"Enderffs","format":"[Gen 9] National Dex","log":"|html|<div class=\"broadcast-blue\"><strong>[Gen 9] National Dex is currently suspecting Sneasler! For information on how to participate check out the <a href=\"https:\/\/www.smogon.com\/forums\/threads\/sv-national-dex-suspect-8-just-dance.3731534\/\">suspect thread<\/a>.<\/strong><\/div>\n|j|\u2606TheLoneZ50\n|j|\u2606Enderffs\n|t:|1701191011\n|gametype|singles\n|player|p1|TheLoneZ50|265|1077\n|player|p2|Enderffs|ghetsis|1032\n|teamsize|p1|6\n|teamsize|p2|6\n|gen|9\n|tier|[Gen 9] National Dex\n|rated|\n|rule|HP Percentage Mod: HP is shown in percentages\n|rule|Endless Battle Clause: Forcing endless battles is banned\n|rule|OHKO Clause: OHKO moves are banned\n|rule|Evasion Clause: Evasion abilities, items, and moves are banned\n|rule|Evasion Abilities Clause: Evasion abilities are banned\n|rule|Evasion Items Clause: Evasion items are banned\n|rule|Evasion Moves Clause: Evasion moves are banned\n|rule|Species Clause: Limit one of each Pok\u00e9mon\n|rule|Sleep Clause Mod: Limit one foe put to sleep\n|clearpoke\n|poke|p1|Lopunny, F|\n|poke|p1|Gardevoir, M|\n|poke|p1|Cinderace, F|\n|poke|p1|Vaporeon, M|\n|poke|p1|Iron Valiant|\n|poke|p1|Diancie|\n|poke|p2|Scolipede, M|\n|poke|p2|Staraptor, M|\n|poke|p2|Chandelure, F|\n|poke|p2|Steelix, M|\n|poke|p2|Diancie|\n|poke|p2|Hydreigon, F|\n|teampreview\n|c|\u2606TheLoneZ50|dont mind the names, my team is a W.I.P\n|\n|t:|1701191029\n|start\n|switch|p1a: Mommy? sorry.|Lopunny, F, shiny|100\/100\n|switch|p2a: Scolipede|Scolipede, M|100\/100\n|turn|1\n|inactive|Battle timer is ON: inactive players will automatically lose when time's up. (requested by TheLoneZ50)\n|\n|t:|1701191063\n|detailschange|p1a: Mommy? sorry.|Lopunny-Mega, F, shiny\n|-mega|p1a: Mommy? sorry.|Lopunny|Lopunnite\n|move|p1a: Mommy? sorry.|Fake Out|p2a: Scolipede\n|-damage|p2a: Scolipede|70\/100\n|cant|p2a: Scolipede|flinch\n|\n|-ability|p2a: Scolipede|Speed Boost|boost\n|-boost|p2a: Scolipede|spe|1\n|upkeep\n|turn|2\n|\n|t:|1701191080\n|move|p2a: Scolipede|Poison Jab|p1a: Mommy? sorry.\n|-damage|p1a: Mommy? sorry.|41\/100\n|move|p1a: Mommy? sorry.|Ice Punch|p2a: Scolipede\n|-damage|p2a: Scolipede|28\/100\n|\n|-ability|p2a: Scolipede|Speed Boost|boost\n|-boost|p2a: Scolipede|spe|1\n|upkeep\n|turn|3\n|\n|t:|1701191089\n|switch|p1a: Did you know?|Vaporeon, M|100\/100\n|move|p2a: Scolipede|Swords Dance|p2a: Scolipede\n|-boost|p2a: Scolipede|atk|2\n|\n|-ability|p2a: Scolipede|Speed Boost|boost\n|-boost|p2a: Scolipede|spe|1\n|upkeep\n|turn|4\n|\n|t:|1701191112\n|move|p2a: Scolipede|Poison Jab|p1a: Did you know?\n|-damage|p1a: Did you know?|19\/100\n|move|p1a: Did you know?|Wish|p1a: Did you know?\n|\n|-heal|p1a: Did you know?|25\/100|[from] item: Leftovers\n|-ability|p2a: Scolipede|Speed Boost|boost\n|-boost|p2a: Scolipede|spe|1\n|upkeep\n|turn|5\n|\n|t:|1701191119\n|move|p1a: Did you know?|Protect|p1a: Did you know?\n|-singleturn|p1a: Did you know?|Protect\n|move|p2a: Scolipede|Poison Jab|p1a: Did you know?\n|-activate|p1a: Did you know?|move: Protect\n|\n|-heal|p1a: Did you know?|75\/100|[from] move: Wish|[wisher] Did you know?\n|-heal|p1a: Did you know?|82\/100|[from] item: Leftovers\n|-ability|p2a: Scolipede|Speed Boost|boost\n|-boost|p2a: Scolipede|spe|1\n|upkeep\n|turn|6\n|\n|t:|1701191135\n|move|p2a: Scolipede|Megahorn|p1a: Did you know?\n|-damage|p1a: Did you know?|0 fnt\n|faint|p1a: Did you know?\n|\n|-ability|p2a: Scolipede|Speed Boost|boost\n|-boost|p2a: Scolipede|spe|1\n|upkeep\n|\n|t:|1701191145\n|switch|p1a: Awooga!|Gardevoir, M, shiny|100\/100\n|-ability|p1a: Awooga!|Speed Boost|[from] ability: Trace|[of] p2a: Scolipede\n|turn|7\n|\n|t:|1701191149\n|move|p2a: Scolipede|Megahorn|p1a: Awooga!\n|-damage|p1a: Awooga!|0 fnt\n|faint|p1a: Awooga!\n|\n|upkeep\n|\n|t:|1701191153\n|switch|p1a: Bunny mommy|Cinderace, F|100\/100\n|turn|8\n|\n|t:|1701191158\n|move|p2a: Scolipede|Earthquake|p1a: Bunny mommy\n|-supereffective|p1a: Bunny mommy\n|-damage|p1a: Bunny mommy|0 fnt\n|faint|p1a: Bunny mommy\n|\n|upkeep\n|\n|t:|1701191171\n|switch|p1a: Awooga! but metal|Iron Valiant, shiny|100\/100\n|-enditem|p1a: Awooga! but metal|Booster Energy\n|-activate|p1a: Awooga! but metal|ability: Quark Drive|[fromitem]\n|-start|p1a: Awooga! but metal|quarkdriveatk\n|turn|9\n|\n|t:|1701191180\n|move|p2a: Scolipede|Poison Jab|p1a: Awooga! but metal\n|-supereffective|p1a: Awooga! but metal\n|-damage|p1a: Awooga! but metal|0 fnt\n|faint|p1a: Awooga! but metal\n|-end|p1a: Awooga! but metal|Quark Drive|[silent]\n|\n|upkeep\n|\n|t:|1701191184\n|switch|p1a: Rock mommy|Diancie|100\/100\n|turn|10\n|\n|t:|1701191191\n|move|p2a: Scolipede|Earthquake|p1a: Rock mommy\n|-supereffective|p1a: Rock mommy\n|-damage|p1a: Rock mommy|0 fnt\n|faint|p1a: Rock mommy\n|\n|upkeep\n|\n|t:|1701191194\n|switch|p1a: Mommy? sorry.|Lopunny-Mega, F, shiny|41\/100\n|turn|11\n|\n|t:|1701191198\n|move|p2a: Scolipede|Poison Jab|p1a: Mommy? sorry.\n|-damage|p1a: Mommy? sorry.|0 fnt\n|faint|p1a: Mommy? sorry.\n|\n|win|Enderffs\n|raw|TheLoneZ50's rating: 1077 &rarr; <strong>1053<\/strong><br \/>(-24 for losing)\n|raw|Enderffs's rating: 1032 &rarr; <strong>1072<\/strong><br \/>(+40 for winning)\n|l|\u2606TheLoneZ50\n","uploadtime":1701191276,"views":17,"p1id":"thelonez50","p2id":"enderffs","formatid":"gen9nationaldex","rating":1053,"private":0,"password":""}