{"id":"gen9nationaldex-1999041607","p1":"FortreeFurretts","p2":"r1pandy","format":"[Gen 9] National Dex","log":"|html|<div class=\"broadcast-blue\"><strong>[Gen 9] National Dex is currently suspecting Sneasler! For information on how to participate check out the <a href=\"https:\/\/www.smogon.com\/forums\/threads\/sv-national-dex-suspect-8-just-dance.3731534\/\">suspect thread<\/a>.<\/strong><\/div>\n|j|\u2606FortreeFurretts\n|j|\u2606r1pandy\n|t:|1701026899\n|gametype|singles\n|player|p1|FortreeFurretts|170|\n|player|p2|r1pandy|266|\n|teamsize|p1|6\n|teamsize|p2|6\n|gen|9\n|tier|[Gen 9] National Dex\n|rule|HP Percentage Mod: HP is shown in percentages\n|rule|Endless Battle Clause: Forcing endless battles is banned\n|rule|OHKO Clause: OHKO moves are banned\n|rule|Evasion Clause: Evasion abilities, items, and moves are banned\n|rule|Evasion Abilities Clause: Evasion abilities are banned\n|rule|Evasion Items Clause: Evasion items are banned\n|rule|Evasion Moves Clause: Evasion moves are banned\n|rule|Species Clause: Limit one of each Pok\u00e9mon\n|rule|Sleep Clause Mod: Limit one foe put to sleep\n|clearpoke\n|poke|p1|Hawlucha, F|\n|poke|p1|Volcarona, M|\n|poke|p1|Bombirdier, M|\n|poke|p1|Mamoswine, M|\n|poke|p1|Rapidash-Galar, M|\n|poke|p1|Nidoqueen, F|\n|poke|p2|Gengar, F|\n|poke|p2|Blastoise, M|\n|poke|p2|Hatterene, F|\n|poke|p2|Typhlosion, M|\n|poke|p2|Tinkaton, F|\n|poke|p2|Dragonite, F|\n|teampreview\n|c|\u2606FortreeFurretts|GL you handsome devil\n|\n|t:|1701026929\n|start\n|switch|p1a: Nacho Libre|Hawlucha, F, shiny|100\/100\n|switch|p2a: Tinkaton|Tinkaton, F|100\/100\n|-ability|p2a: Tinkaton|Mold Breaker\n|turn|1\n|\n|t:|1701026940\n|move|p1a: Nacho Libre|Substitute|p1a: Nacho Libre\n|-start|p1a: Nacho Libre|Substitute\n|-damage|p1a: Nacho Libre|75\/100\n|move|p2a: Tinkaton|Stealth Rock|p1a: Nacho Libre\n|-sidestart|p1: FortreeFurretts|move: Stealth Rock\n|\n|upkeep\n|turn|2\n|\n|t:|1701026953\n|move|p1a: Nacho Libre|Swords Dance|p1a: Nacho Libre\n|-boost|p1a: Nacho Libre|atk|2\n|move|p2a: Tinkaton|Play Rough|p1a: Nacho Libre\n|-supereffective|p1a: Nacho Libre\n|-end|p1a: Nacho Libre|Substitute\n|\n|upkeep\n|turn|3\n|\n|t:|1701026969\n|move|p1a: Nacho Libre|High Jump Kick|p2a: Tinkaton|[miss]\n|-miss|p1a: Nacho Libre|p2a: Tinkaton\n|-damage|p1a: Nacho Libre|25\/100|[from] highjumpkick\n|-enditem|p1a: Nacho Libre|Sitrus Berry|[eat]\n|-heal|p1a: Nacho Libre|50\/100|[from] item: Sitrus Berry\n|move|p2a: Tinkaton|Play Rough|p1a: Nacho Libre\n|-supereffective|p1a: Nacho Libre\n|-damage|p1a: Nacho Libre|0 fnt\n|faint|p1a: Nacho Libre\n|\n|upkeep\n|\n|t:|1701027000\n|switch|p1a: Volcarona|Volcarona, M, shiny|100\/100\n|-damage|p1a: Volcarona|51\/100|[from] Stealth Rock\n|turn|4\n|\n|t:|1701027007\n|move|p1a: Volcarona|Flamethrower|p2a: Tinkaton\n|-supereffective|p2a: Tinkaton\n|-damage|p2a: Tinkaton|23\/100\n|move|p2a: Tinkaton|Gigaton Hammer|p1a: Volcarona\n|-resisted|p1a: Volcarona\n|-crit|p1a: Volcarona\n|-damage|p1a: Volcarona|5\/100\n|\n|-heal|p2a: Tinkaton|30\/100|[from] item: Leftovers\n|upkeep\n|turn|5\n|\n|t:|1701027024\n|switch|p2a: Blastoise|Blastoise, M|100\/100\n|move|p1a: Volcarona|Flamethrower|p2a: Blastoise\n|-resisted|p2a: Blastoise\n|-damage|p2a: Blastoise|83\/100\n|\n|-heal|p2a: Blastoise|89\/100|[from] item: Leftovers\n|upkeep\n|turn|6\n|\n|t:|1701027070\n|move|p1a: Volcarona|U-turn|p2a: Blastoise\n|-damage|p2a: Blastoise|75\/100\n|\n|t:|1701027088\n|switch|p1a: Bombirdier|Bombirdier, M|100\/100|[from] U-turn\n|-damage|p1a: Bombirdier|76\/100|[from] Stealth Rock\n|move|p2a: Blastoise|Hydro Pump|p1a: Bombirdier\n|-damage|p1a: Bombirdier|28\/100\n|\n|-heal|p1a: Bombirdier|34\/100|[from] item: Leftovers\n|-heal|p2a: Blastoise|81\/100|[from] item: Leftovers\n|upkeep\n|turn|7\n|\n|t:|1701027104\n|-terastallize|p1a: Bombirdier|Rock\n|move|p1a: Bombirdier|Stone Edge|p2a: Blastoise\n|-crit|p2a: Blastoise\n|-damage|p2a: Blastoise|0 fnt\n|faint|p2a: Blastoise\n|\n|-heal|p1a: Bombirdier|40\/100|[from] item: Leftovers\n|upkeep\n|\n|t:|1701027112\n|switch|p2a: Gengar|Gengar, F|100\/100\n|turn|8\n|\n|t:|1701027127\n|move|p1a: Bombirdier|Stone Edge|p2a: Gengar|[miss]\n|-miss|p1a: Bombirdier|p2a: Gengar\n|move|p2a: Gengar|Giga Drain|p1a: Bombirdier\n|-supereffective|p1a: Bombirdier\n|-crit|p1a: Bombirdier\n|-damage|p1a: Bombirdier|0 fnt\n|faint|p1a: Bombirdier\n|\n|upkeep\n|\n|t:|1701027154\n|switch|p1a: Nidoqueen|Nidoqueen, F|100\/100\n|-damage|p1a: Nidoqueen|94\/100|[from] Stealth Rock\n|turn|9\n|\n|t:|1701027175\n|move|p1a: Nidoqueen|Earth Power|p2a: Gengar\n|-supereffective|p2a: Gengar\n|-damage|p2a: Gengar|0 fnt\n|faint|p2a: Gengar\n|\n|upkeep\n|\n|t:|1701027181\n|switch|p2a: Dragonite|Dragonite, F|100\/100\n|turn|10\n|\n|t:|1701027201\n|move|p1a: Nidoqueen|Sludge Wave|p2a: Dragonite\n|-damage|p2a: Dragonite|51\/100\n|move|p2a: Dragonite|Superpower|p1a: Nidoqueen\n|-resisted|p1a: Nidoqueen\n|-damage|p1a: Nidoqueen|72\/100\n|-unboost|p2a: Dragonite|atk|1\n|-unboost|p2a: Dragonite|def|1\n|\n|-heal|p2a: Dragonite|57\/100|[from] item: Leftovers\n|upkeep\n|turn|11\n|\n|t:|1701027213\n|move|p1a: Nidoqueen|Stealth Rock|p2a: Dragonite\n|-sidestart|p2: r1pandy|move: Stealth Rock\n|move|p2a: Dragonite|Blizzard|p1a: Nidoqueen|[miss]\n|-miss|p2a: Dragonite|p1a: Nidoqueen\n|\n|-heal|p2a: Dragonite|63\/100|[from] item: Leftovers\n|upkeep\n|turn|12\n|\n|t:|1701027226\n|move|p1a: Nidoqueen|Toxic|p2a: Dragonite\n|-status|p2a: Dragonite|tox\n|move|p2a: Dragonite|Ice Beam|p1a: Nidoqueen\n|-supereffective|p1a: Nidoqueen\n|-damage|p1a: Nidoqueen|10\/100\n|\n|-heal|p2a: Dragonite|70\/100 tox|[from] item: Leftovers\n|-damage|p2a: Dragonite|63\/100 tox|[from] psn\n|upkeep\n|turn|13\n|\n|t:|1701027236\n|move|p1a: Nidoqueen|Sludge Wave|p2a: Dragonite\n|-damage|p2a: Dragonite|7\/100 tox\n|move|p2a: Dragonite|Ice Beam|p1a: Nidoqueen\n|-supereffective|p1a: Nidoqueen\n|-damage|p1a: Nidoqueen|0 fnt\n|faint|p1a: Nidoqueen\n|\n|-heal|p2a: Dragonite|13\/100 tox|[from] item: Leftovers\n|-damage|p2a: Dragonite|0 fnt|[from] psn\n|faint|p2a: Dragonite\n|upkeep\n|\n|t:|1701027253\n|switch|p1a: Mamoswine|Mamoswine, M|100\/100\n|switch|p2a: Hatterene|Hatterene, F|100\/100\n|-damage|p1a: Mamoswine|88\/100|[from] Stealth Rock\n|-damage|p2a: Hatterene|88\/100|[from] Stealth Rock\n|turn|14\n|\n|t:|1701027278\n|move|p1a: Mamoswine|Icicle Crash|p2a: Hatterene\n|-damage|p2a: Hatterene|12\/100\n|move|p2a: Hatterene|Giga Drain|p1a: Mamoswine\n|-supereffective|p1a: Mamoswine\n|-damage|p1a: Mamoswine|12\/100\n|-heal|p2a: Hatterene|63\/100|[from] drain|[of] p1a: Mamoswine\n|\n|-heal|p2a: Hatterene|69\/100|[from] item: Leftovers\n|upkeep\n|turn|15\n|\n|t:|1701027291\n|move|p1a: Mamoswine|Icicle Crash|p2a: Hatterene\n|-damage|p2a: Hatterene|3\/100\n|move|p2a: Hatterene|Giga Drain|p1a: Mamoswine\n|-supereffective|p1a: Mamoswine\n|-damage|p1a: Mamoswine|0 fnt\n|-heal|p2a: Hatterene|10\/100|[from] drain|[of] p1a: Mamoswine\n|faint|p1a: Mamoswine\n|\n|-heal|p2a: Hatterene|17\/100|[from] item: Leftovers\n|upkeep\n|\n|t:|1701027301\n|switch|p1a: Rapidash|Rapidash-Galar, M|100\/100\n|-damage|p1a: Rapidash|88\/100|[from] Stealth Rock\n|turn|16\n|\n|t:|1701027352\n|move|p1a: Rapidash|High Horsepower|p2a: Hatterene\n|-damage|p2a: Hatterene|0 fnt\n|faint|p2a: Hatterene\n|\n|-heal|p1a: Rapidash|94\/100|[from] item: Leftovers\n|upkeep\n|\n|t:|1701027359\n|switch|p2a: Typhlosion|Typhlosion, M|100\/100\n|-damage|p2a: Typhlosion|76\/100|[from] Stealth Rock\n|turn|17\n|\n|t:|1701027372\n|move|p1a: Rapidash|High Horsepower|p2a: Typhlosion\n|-supereffective|p2a: Typhlosion\n|-damage|p2a: Typhlosion|13\/100\n|move|p2a: Typhlosion|Will-O-Wisp|p1a: Rapidash\n|-status|p1a: Rapidash|brn\n|\n|-heal|p1a: Rapidash|99\/100 brn|[from] item: Leftovers\n|-heal|p2a: Typhlosion|19\/100|[from] item: Leftovers\n|-damage|p1a: Rapidash|94\/100 brn|[from] brn\n|upkeep\n|turn|18\n|\n|t:|1701027384\n|move|p1a: Rapidash|High Horsepower|p2a: Typhlosion\n|-supereffective|p2a: Typhlosion\n|-damage|p2a: Typhlosion|0 fnt\n|faint|p2a: Typhlosion\n|\n|-heal|p1a: Rapidash|99\/100 brn|[from] item: Leftovers\n|-damage|p1a: Rapidash|94\/100 brn|[from] brn\n|upkeep\n|\n|t:|1701027391\n|switch|p2a: Tinkaton|Tinkaton, F|30\/100\n|-damage|p2a: Tinkaton|23\/100|[from] Stealth Rock\n|-ability|p2a: Tinkaton|Mold Breaker\n|turn|19\n|\n|t:|1701027409\n|move|p1a: Rapidash|High Horsepower|p2a: Tinkaton\n|-supereffective|p2a: Tinkaton\n|-crit|p2a: Tinkaton\n|-damage|p2a: Tinkaton|0 fnt\n|faint|p2a: Tinkaton\n|\n|win|FortreeFurretts\n|l|\u2606r1pandy\n","uploadtime":1701027463,"views":32,"p1id":"fortreefurretts","p2id":"r1pandy","formatid":"gen9nationaldex","rating":0,"private":0,"password":""}