{"id":"gen9nationaldex-1990080465","p1":"iloveddg","p2":"Greedy Monarch","format":"[Gen 9] National Dex","log":"|j|\u2606iloveddg\n|j|\u2606Greedy Monarch\n|t:|1699922435\n|gametype|singles\n|player|p1|iloveddg|1|1228\n|player|p2|Greedy Monarch|swimmer-gen4|1293\n|teamsize|p1|6\n|teamsize|p2|6\n|gen|9\n|tier|[Gen 9] National Dex\n|rated|\n|rule|HP Percentage Mod: HP is shown in percentages\n|rule|Endless Battle Clause: Forcing endless battles is banned\n|rule|OHKO Clause: OHKO moves are banned\n|rule|Evasion Clause: Evasion abilities, items, and moves are banned\n|rule|Evasion Abilities Clause: Evasion abilities are banned\n|rule|Evasion Items Clause: Evasion items are banned\n|rule|Evasion Moves Clause: Evasion moves are banned\n|rule|Species Clause: Limit one of each Pok\u00e9mon\n|rule|Sleep Clause Mod: Limit one foe put to sleep\n|clearpoke\n|poke|p1|Cinderace, F|\n|poke|p1|Slowking-Galar, F|\n|poke|p1|Banette, F|\n|poke|p1|Ogerpon, F|\n|poke|p1|Iron Valiant|\n|poke|p1|Gliscor, F|\n|poke|p2|Scolipede, M|\n|poke|p2|Armaldo, F|\n|poke|p2|Volcarona, F|\n|poke|p2|Glalie, M|\n|poke|p2|Noivern, M|\n|poke|p2|Hydreigon, F|\n|teampreview\n|\n|t:|1699922475\n|start\n|switch|p1a: Slowking|Slowking-Galar, F|100\/100\n|switch|p2a: Hydra|Hydreigon, F|100\/100\n|turn|1\n|\n|t:|1699922491\n|switch|p1a: Gliscor|Gliscor, F|100\/100\n|move|p2a: Hydra|Dark Pulse|p1a: Gliscor\n|-crit|p1a: Gliscor\n|-damage|p1a: Gliscor|0 fnt\n|faint|p1a: Gliscor\n|\n|upkeep\n|\n|t:|1699922516\n|switch|p1a: Iron Valiant|Iron Valiant|100\/100\n|-enditem|p1a: Iron Valiant|Booster Energy\n|-activate|p1a: Iron Valiant|ability: Quark Drive|[fromitem]\n|-start|p1a: Iron Valiant|quarkdrivespe\n|turn|2\n|\n|t:|1699922531\n|switch|p2a: Destroya|Armaldo, F|100\/100\n|move|p1a: Iron Valiant|Swords Dance|p1a: Iron Valiant\n|-boost|p1a: Iron Valiant|atk|2\n|\n|upkeep\n|turn|3\n|\n|t:|1699922543\n|move|p1a: Iron Valiant|Close Combat|p2a: Destroya\n|-damage|p2a: Destroya|0 fnt\n|-unboost|p1a: Iron Valiant|def|1\n|-unboost|p1a: Iron Valiant|spd|1\n|faint|p2a: Destroya\n|\n|upkeep\n|\n|t:|1699922566\n|switch|p2a: Scorn|Scolipede, M|100\/100\n|turn|4\n|\n|t:|1699922610\n|move|p1a: Iron Valiant|Knock Off|p2a: Scorn\n|-damage|p2a: Scorn|21\/100\n|-enditem|p2a: Scorn|Covert Cloak|[from] move: Knock Off|[of] p1a: Iron Valiant\n|move|p2a: Scorn|Swords Dance|p2a: Scorn\n|-boost|p2a: Scorn|atk|2\n|\n|-ability|p2a: Scorn|Speed Boost|boost\n|-boost|p2a: Scorn|spe|1\n|upkeep\n|turn|5\n|\n|t:|1699922631\n|move|p2a: Scorn|Protect|p2a: Scorn\n|-singleturn|p2a: Scorn|Protect\n|move|p1a: Iron Valiant|Knock Off|p2a: Scorn\n|-activate|p2a: Scorn|move: Protect\n|\n|-ability|p2a: Scorn|Speed Boost|boost\n|-boost|p2a: Scorn|spe|1\n|upkeep\n|turn|6\n|\n|t:|1699922638\n|-end|p1a: Iron Valiant|Quark Drive|[silent]\n|switch|p1a: Slowking|Slowking-Galar, F|100\/100\n|move|p2a: Scorn|Earthquake|p1a: Slowking\n|-supereffective|p1a: Slowking\n|-damage|p1a: Slowking|17\/100\n|\n|-heal|p1a: Slowking|23\/100|[from] item: Black Sludge\n|-ability|p2a: Scorn|Speed Boost|boost\n|-boost|p2a: Scorn|spe|1\n|upkeep\n|turn|7\n|\n|t:|1699922648\n|move|p2a: Scorn|Earthquake|p1a: Slowking\n|-supereffective|p1a: Slowking\n|-damage|p1a: Slowking|0 fnt\n|faint|p1a: Slowking\n|\n|-ability|p2a: Scorn|Speed Boost|boost\n|-boost|p2a: Scorn|spe|1\n|upkeep\n|\n|t:|1699922656\n|switch|p1a: Banette|Banette, F|100\/100\n|turn|8\n|\n|t:|1699922668\n|detailschange|p1a: Banette|Banette-Mega, F\n|-mega|p1a: Banette|Banette|Banettite\n|move|p1a: Banette|Shadow Sneak|p2a: Scorn\n|-damage|p2a: Scorn|0 fnt\n|faint|p2a: Scorn\n|\n|upkeep\n|\n|t:|1699922703\n|switch|p2a: Hydra|Hydreigon, F|100\/100\n|turn|9\n|\n|t:|1699922715\n|switch|p1a: Cinderace|Cinderace, F|100\/100\n|move|p2a: Hydra|Surf|p1a: Cinderace\n|-supereffective|p1a: Cinderace\n|-damage|p1a: Cinderace|0 fnt\n|faint|p1a: Cinderace\n|\n|upkeep\n|\n|t:|1699922725\n|switch|p1a: Ogerpon|Ogerpon, F|100\/100\n|turn|10\n|\n|t:|1699922734\n|switch|p2a: Vesta|Volcarona, F|100\/100\n|-terastallize|p1a: Ogerpon|Grass\n|detailschange|p1a: Ogerpon|Ogerpon-Teal-Tera, F, tera:Grass\n|-ability|p1a: Ogerpon|Embody Aspect (Teal)|boost\n|-boost|p1a: Ogerpon|spe|1\n|move|p1a: Ogerpon|Swords Dance|p1a: Ogerpon\n|-boost|p1a: Ogerpon|atk|2\n|\n|upkeep\n|turn|11\n|\n|t:|1699922747\n|move|p1a: Ogerpon|Knock Off|p2a: Vesta\n|-enditem|p2a: Vesta|Focus Sash\n|-damage|p2a: Vesta|1\/100\n|move|p2a: Vesta|Fiery Dance|p1a: Ogerpon\n|-supereffective|p1a: Ogerpon\n|-damage|p1a: Ogerpon|0 fnt\n|faint|p1a: Ogerpon\n|\n|upkeep\n|\n|t:|1699922755\n|switch|p1a: Iron Valiant|Iron Valiant|100\/100\n|turn|12\n|\n|t:|1699922761\n|move|p1a: Iron Valiant|Spirit Break|p2a: Vesta\n|-resisted|p2a: Vesta\n|-damage|p2a: Vesta|0 fnt\n|-status|p1a: Iron Valiant|brn|[from] ability: Flame Body|[of] p2a: Vesta\n|faint|p2a: Vesta\n|\n|-damage|p1a: Iron Valiant|94\/100 brn|[from] brn\n|upkeep\n|\n|t:|1699922780\n|switch|p2a: Dubstep|Noivern, M|100\/100\n|turn|13\n|\n|t:|1699922791\n|move|p2a: Dubstep|Psychic|p1a: Iron Valiant\n|-supereffective|p1a: Iron Valiant\n|-damage|p1a: Iron Valiant|0 fnt\n|faint|p1a: Iron Valiant\n|-end|p1a: Iron Valiant|Quark Drive|[silent]\n|\n|upkeep\n|\n|t:|1699922794\n|switch|p1a: Banette|Banette-Mega, F|100\/100\n|turn|14\n|\n|t:|1699922802\n|switch|p2a: Glalie|Glalie, M|100\/100\n|move|p1a: Banette|Shadow Sneak|p2a: Glalie\n|-damage|p2a: Glalie|64\/100\n|\n|upkeep\n|turn|15\n|\n|t:|1699922809\n|detailschange|p2a: Glalie|Glalie-Mega, M\n|-mega|p2a: Glalie|Glalie|Glalitite\n|move|p1a: Banette|Cotton Guard|p1a: Banette\n|-boost|p1a: Banette|def|3\n|move|p2a: Glalie|Frost Breath|p1a: Banette\n|-crit|p1a: Banette\n|-damage|p1a: Banette|55\/100\n|\n|upkeep\n|turn|16\n|\n|t:|1699922817\n|move|p1a: Banette|Shadow Sneak|p2a: Glalie\n|-damage|p2a: Glalie|31\/100\n|move|p2a: Glalie|Frost Breath|p1a: Banette\n|-crit|p1a: Banette\n|-damage|p1a: Banette|7\/100\n|\n|upkeep\n|turn|17\n|\n|t:|1699922825\n|move|p2a: Glalie|Ice Shard|p1a: Banette\n|-damage|p1a: Banette|0 fnt\n|faint|p1a: Banette\n|\n|win|Greedy Monarch\n|raw|iloveddg's rating: 1228 &rarr; <strong>1208<\/strong><br \/>(-20 for losing)\n|raw|Greedy Monarch's rating: 1293 &rarr; <strong>1313<\/strong><br \/>(+20 for winning)\n|c|\u2606Greedy Monarch|Gg\n","uploadtime":1699922838,"views":5,"p1id":"iloveddg","p2id":"greedymonarch","formatid":"gen9nationaldex","rating":1208,"private":0,"password":""}