{"id":"gen9nationaldex-1993822792","p1":"88NASSULLY","p2":"VarcoDoesBattles","format":"[Gen 9] National Dex","log":"|j|\u260688NASSULLY\n|j|\u2606VarcoDoesBattles\n|t:|1700361623\n|gametype|singles\n|player|p1|88NASSULLY|flint|1425\n|player|p2|VarcoDoesBattles|sada-ai|1508\n|teamsize|p1|6\n|teamsize|p2|6\n|gen|9\n|tier|[Gen 9] National Dex\n|rated|\n|rule|HP Percentage Mod: HP is shown in percentages\n|rule|Endless Battle Clause: Forcing endless battles is banned\n|rule|OHKO Clause: OHKO moves are banned\n|rule|Evasion Clause: Evasion abilities, items, and moves are banned\n|rule|Evasion Abilities Clause: Evasion abilities are banned\n|rule|Evasion Items Clause: Evasion items are banned\n|rule|Evasion Moves Clause: Evasion moves are banned\n|rule|Species Clause: Limit one of each Pok\u00e9mon\n|rule|Sleep Clause Mod: Limit one foe put to sleep\n|clearpoke\n|poke|p1|Gliscor, M|\n|poke|p1|Volcanion|\n|poke|p1|Zeraora|\n|poke|p1|Gallade, M|\n|poke|p1|Reuniclus, M|\n|poke|p1|Mawile, F|\n|poke|p2|Heatran, M|\n|poke|p2|Gliscor, M|\n|poke|p2|Slowking-Galar, F|\n|poke|p2|Tapu Bulu|\n|poke|p2|Sceptile, F|\n|poke|p2|Weavile, M|\n|teampreview\n|\n|t:|1700361652\n|start\n|switch|p1a: Papercuts|Gallade, M|100\/100\n|switch|p2a: Sceptile|Sceptile, F|100\/100\n|turn|1\n|\n|t:|1700361668\n|switch|p2a: Gliscor|Gliscor, M|100\/100\n|move|p1a: Papercuts|Sacred Sword|p2a: Gliscor\n|-resisted|p2a: Gliscor\n|-damage|p2a: Gliscor|77\/100\n|\n|-status|p2a: Gliscor|tox|[from] item: Toxic Orb\n|upkeep\n|turn|2\n|\n|t:|1700361678\n|switch|p1a: Scor Scor|Gliscor, M|100\/100\n|move|p2a: Gliscor|Toxic|p1a: Scor Scor|[miss]\n|-miss|p2a: Gliscor|p1a: Scor Scor\n|\n|-heal|p2a: Gliscor|89\/100 tox|[from] ability: Poison Heal\n|-status|p1a: Scor Scor|tox|[from] item: Toxic Orb\n|upkeep\n|turn|3\n|\n|t:|1700361722\n|switch|p2a: Tapu Bulu|Tapu Bulu|100\/100\n|-fieldstart|move: Grassy Terrain|[from] ability: Grassy Surge|[of] p2a: Tapu Bulu\n|move|p1a: Scor Scor|Taunt|p2a: Tapu Bulu\n|-start|p2a: Tapu Bulu|move: Taunt\n|\n|upkeep\n|turn|4\n|\n|t:|1700361740\n|switch|p1a: She Eats|Mawile, F|100\/100\n|-ability|p1a: She Eats|Intimidate|boost\n|-unboost|p2a: Tapu Bulu|atk|1\n|switch|p2a: Slowking|Slowking-Galar, F|100\/100\n|\n|upkeep\n|turn|5\n|\n|t:|1700361759\n|switch|p1a: Scor Scor|Gliscor, M|100\/100 tox\n|move|p2a: Slowking|Chilly Reception|p2a: Slowking\n|-weather|Snow\n|\n|t:|1700361761\n|switch|p2a: Weavile|Weavile, M|100\/100|[from] Chilly Reception\n|-ability|p2a: Weavile|Pressure\n|\n|-weather|Snow|[upkeep]\n|upkeep\n|turn|6\n|\n|t:|1700361771\n|switch|p1a: She Eats|Mawile, F|100\/100\n|-ability|p1a: She Eats|Intimidate|boost\n|-unboost|p2a: Weavile|atk|1\n|-singleturn|p2a: Weavile|move: Focus Punch\n|move|p2a: Weavile|Focus Punch|p1a: She Eats\n|-damage|p1a: She Eats|38\/100\n|\n|-weather|Snow|[upkeep]\n|-heal|p1a: She Eats|44\/100|[from] Grassy Terrain\n|upkeep\n|turn|7\n|c|\u260688NASSULLY|ouu\n|c|\u260688NASSULLY|interesting\n|c|\u2606VarcoDoesBattles|intimidate >:(\n|\n|t:|1700361803\n|switch|p2a: Gliscor|Gliscor, M|89\/100 tox\n|switch|p1a: Papercuts|Gallade, M|100\/100\n|\n|-weather|Snow|[upkeep]\n|-heal|p2a: Gliscor|100\/100 tox|[from] ability: Poison Heal\n|-fieldend|move: Grassy Terrain\n|upkeep\n|turn|8\n|\n|t:|1700361817\n|switch|p1a: Scor Scor|Gliscor, M|100\/100 tox\n|move|p2a: Gliscor|Toxic|p1a: Scor Scor\n|-fail|p1a: Scor Scor|tox\n|\n|-weather|Snow|[upkeep]\n|upkeep\n|turn|9\n|\n|t:|1700361827\n|switch|p2a: Slowking|Slowking-Galar, F|100\/100\n|move|p1a: Scor Scor|Toxic|p2a: Slowking\n|-immune|p2a: Slowking\n|\n|-weather|none\n|upkeep\n|turn|10\n|\n|t:|1700361834\n|move|p1a: Scor Scor|Taunt|p2a: Slowking\n|-start|p2a: Slowking|move: Taunt\n|move|p2a: Slowking|Future Sight|p1a: Scor Scor\n|-start|p2a: Slowking|move: Future Sight\n|\n|upkeep\n|turn|11\n|\n|t:|1700361840\n|move|p1a: Scor Scor|Toxic|p2a: Slowking\n|-immune|p2a: Slowking\n|move|p2a: Slowking|Scald|p1a: Scor Scor\n|-supereffective|p1a: Scor Scor\n|-damage|p1a: Scor Scor|59\/100 tox\n|\n|-heal|p1a: Scor Scor|72\/100 tox|[from] ability: Poison Heal\n|upkeep\n|turn|12\n|\n|t:|1700361852\n|switch|p1a: Fire Stopper|Volcanion|100\/100\n|move|p2a: Slowking|Sludge Bomb|p1a: Fire Stopper\n|-damage|p1a: Fire Stopper|63\/100\n|\n|-end|p1a: Fire Stopper|move: Future Sight\n|-damage|p1a: Fire Stopper|14\/100\n|-end|p2a: Slowking|move: Taunt\n|upkeep\n|turn|13\n|\n|t:|1700361875\n|move|p1a: Fire Stopper|Flamethrower|p2a: Slowking\n|-crit|p2a: Slowking\n|-damage|p2a: Slowking|52\/100\n|move|p2a: Slowking|Chilly Reception|p2a: Slowking\n|-weather|Snow\n|\n|t:|1700361883\n|switch|p2a: Sceptile|Sceptile, F|100\/100|[from] Chilly Reception\n|\n|-weather|Snow|[upkeep]\n|upkeep\n|turn|14\n|\n|t:|1700361899\n|switch|p1a: TEST_SUBJECT_1|Reuniclus, M, shiny|100\/100\n|detailschange|p2a: Sceptile|Sceptile-Mega, F\n|-mega|p2a: Sceptile|Sceptile|Sceptilite\n|move|p2a: Sceptile|Leaf Storm|p1a: TEST_SUBJECT_1\n|-damage|p1a: TEST_SUBJECT_1|36\/100\n|-unboost|p2a: Sceptile|spa|2\n|\n|-weather|Snow|[upkeep]\n|-heal|p1a: TEST_SUBJECT_1|42\/100|[from] item: Leftovers\n|upkeep\n|turn|15\n|\n|t:|1700361910\n|switch|p2a: Slowking|Slowking-Galar, F|85\/100\n|move|p1a: TEST_SUBJECT_1|Recover|p1a: TEST_SUBJECT_1\n|-heal|p1a: TEST_SUBJECT_1|92\/100\n|\n|-weather|Snow|[upkeep]\n|-heal|p1a: TEST_SUBJECT_1|98\/100|[from] item: Leftovers\n|upkeep\n|turn|16\n|\n|t:|1700361935\n|switch|p1a: Scor Scor|Gliscor, M|72\/100 tox\n|move|p2a: Slowking|Future Sight|p1a: Scor Scor\n|-start|p2a: Slowking|move: Future Sight\n|\n|-weather|Snow|[upkeep]\n|-heal|p1a: Scor Scor|84\/100 tox|[from] ability: Poison Heal\n|upkeep\n|turn|17\n|\n|t:|1700361949\n|switch|p1a: Fire Stopper|Volcanion|14\/100\n|move|p2a: Slowking|Scald|p1a: Fire Stopper\n|-heal|p1a: Fire Stopper|39\/100|[from] ability: Water Absorb|[of] p2a: Slowking\n|\n|-weather|none\n|upkeep\n|turn|18\n|\n|t:|1700361959\n|switch|p1a: Papercuts|Gallade, M|100\/100\n|move|p2a: Slowking|Chilly Reception|p2a: Slowking\n|-weather|Snow\n|\n|t:|1700361962\n|switch|p2a: Weavile|Weavile, M|100\/100|[from] Chilly Reception\n|-ability|p2a: Weavile|Pressure\n|\n|-weather|Snow|[upkeep]\n|-end|p1a: Papercuts|move: Future Sight\n|-damage|p1a: Papercuts|50\/100\n|upkeep\n|turn|19\n|\n|t:|1700361973\n|move|p2a: Weavile|Ice Shard|p1a: Papercuts\n|-damage|p1a: Papercuts|0 fnt\n|faint|p1a: Papercuts\n|\n|-weather|Snow|[upkeep]\n|upkeep\n|\n|t:|1700361979\n|switch|p1a: SEGA Zinogre|Zeraora|100\/100\n|turn|20\n|\n|t:|1700361983\n|switch|p2a: Sceptile|Sceptile-Mega, F|100\/100\n|move|p1a: SEGA Zinogre|Hidden Power|p2a: Sceptile\n|-supereffective|p2a: Sceptile\n|-damage|p2a: Sceptile|24\/100\n|\n|-weather|Snow|[upkeep]\n|upkeep\n|turn|21\n|\n|t:|1700361994\n|switch|p1a: TEST_SUBJECT_1|Reuniclus, M, shiny|98\/100\n|move|p2a: Sceptile|Leaf Storm|p1a: TEST_SUBJECT_1\n|-damage|p1a: TEST_SUBJECT_1|37\/100\n|-unboost|p2a: Sceptile|spa|2\n|\n|-weather|Snow|[upkeep]\n|-heal|p1a: TEST_SUBJECT_1|43\/100|[from] item: Leftovers\n|upkeep\n|turn|22\n|\n|t:|1700362009\n|switch|p2a: Tapu Bulu|Tapu Bulu|100\/100\n|-fieldstart|move: Grassy Terrain|[from] ability: Grassy Surge|[of] p2a: Tapu Bulu\n|move|p1a: TEST_SUBJECT_1|Recover|p1a: TEST_SUBJECT_1\n|-heal|p1a: TEST_SUBJECT_1|93\/100\n|\n|-weather|none\n|-heal|p1a: TEST_SUBJECT_1|99\/100|[from] Grassy Terrain\n|-heal|p1a: TEST_SUBJECT_1|100\/100|[from] item: Leftovers\n|upkeep\n|turn|23\n|\n|t:|1700362022\n|move|p2a: Tapu Bulu|Calm Mind|p2a: Tapu Bulu\n|-boost|p2a: Tapu Bulu|spa|1\n|-boost|p2a: Tapu Bulu|spd|1\n|move|p1a: TEST_SUBJECT_1|Iron Defense|p1a: TEST_SUBJECT_1\n|-boost|p1a: TEST_SUBJECT_1|def|2\n|\n|upkeep\n|turn|24\n|\n|t:|1700362029\n|move|p2a: Tapu Bulu|Iron Defense|p2a: Tapu Bulu\n|-boost|p2a: Tapu Bulu|def|2\n|move|p1a: TEST_SUBJECT_1|Calm Mind|p1a: TEST_SUBJECT_1\n|-boost|p1a: TEST_SUBJECT_1|spa|1\n|-boost|p1a: TEST_SUBJECT_1|spd|1\n|\n|upkeep\n|turn|25\n|\n|t:|1700362035\n|move|p2a: Tapu Bulu|Calm Mind|p2a: Tapu Bulu\n|-boost|p2a: Tapu Bulu|spa|1\n|-boost|p2a: Tapu Bulu|spd|1\n|move|p1a: TEST_SUBJECT_1|Calm Mind|p1a: TEST_SUBJECT_1\n|-boost|p1a: TEST_SUBJECT_1|spa|1\n|-boost|p1a: TEST_SUBJECT_1|spd|1\n|\n|upkeep\n|turn|26\n|\n|t:|1700362042\n|move|p2a: Tapu Bulu|Calm Mind|p2a: Tapu Bulu\n|-boost|p2a: Tapu Bulu|spa|1\n|-boost|p2a: Tapu Bulu|spd|1\n|move|p1a: TEST_SUBJECT_1|Calm Mind|p1a: TEST_SUBJECT_1\n|-boost|p1a: TEST_SUBJECT_1|spa|1\n|-boost|p1a: TEST_SUBJECT_1|spd|1\n|\n|-fieldend|move: Grassy Terrain\n|upkeep\n|turn|27\n|\n|t:|1700362055\n|move|p2a: Tapu Bulu|Calm Mind|p2a: Tapu Bulu\n|-boost|p2a: Tapu Bulu|spa|1\n|-boost|p2a: Tapu Bulu|spd|1\n|move|p1a: TEST_SUBJECT_1|Calm Mind|p1a: TEST_SUBJECT_1\n|-boost|p1a: TEST_SUBJECT_1|spa|1\n|-boost|p1a: TEST_SUBJECT_1|spd|1\n|\n|upkeep\n|turn|28\n|\n|t:|1700362070\n|move|p2a: Tapu Bulu|Calm Mind|p2a: Tapu Bulu\n|-boost|p2a: Tapu Bulu|spa|1\n|-boost|p2a: Tapu Bulu|spd|1\n|move|p1a: TEST_SUBJECT_1|Stored Power|p2a: Tapu Bulu\n|-damage|p2a: Tapu Bulu|23\/100\n|\n|-heal|p2a: Tapu Bulu|29\/100|[from] item: Leftovers\n|upkeep\n|turn|29\n|\n|t:|1700362078\n|move|p2a: Tapu Bulu|Stored Power|p1a: TEST_SUBJECT_1\n|-resisted|p1a: TEST_SUBJECT_1\n|-damage|p1a: TEST_SUBJECT_1|66\/100\n|move|p1a: TEST_SUBJECT_1|Stored Power|p2a: Tapu Bulu\n|-damage|p2a: Tapu Bulu|0 fnt\n|faint|p2a: Tapu Bulu\n|\n|-heal|p1a: TEST_SUBJECT_1|72\/100|[from] item: Leftovers\n|upkeep\n|\n|t:|1700362090\n|switch|p2a: Heatran|Heatran, M|100\/100\n|turn|30\n|\n|t:|1700362098\n|move|p2a: Heatran|Toxic|p1a: TEST_SUBJECT_1\n|-status|p1a: TEST_SUBJECT_1|tox\n|move|p1a: TEST_SUBJECT_1|Recover|p1a: TEST_SUBJECT_1\n|-heal|p1a: TEST_SUBJECT_1|100\/100 tox\n|\n|upkeep\n|turn|31\n|\n|t:|1700362104\n|move|p2a: Heatran|Magma Storm|p1a: TEST_SUBJECT_1|[miss]\n|-miss|p2a: Heatran|p1a: TEST_SUBJECT_1\n|move|p1a: TEST_SUBJECT_1|Stored Power|p2a: Heatran\n|-resisted|p2a: Heatran\n|-damage|p2a: Heatran|9\/100\n|\n|-heal|p2a: Heatran|15\/100|[from] item: Leftovers\n|upkeep\n|turn|32\n|\n|t:|1700362117\n|move|p2a: Heatran|Magma Storm|p1a: TEST_SUBJECT_1|[miss]\n|-miss|p2a: Heatran|p1a: TEST_SUBJECT_1\n|move|p1a: TEST_SUBJECT_1|Stored Power|p2a: Heatran\n|-resisted|p2a: Heatran\n|-damage|p2a: Heatran|0 fnt\n|faint|p2a: Heatran\n|\n|upkeep\n|\n|t:|1700362124\n|switch|p2a: Weavile|Weavile, M|100\/100\n|-ability|p2a: Weavile|Pressure\n|turn|33\n|\n|t:|1700362142\n|switch|p1a: Scor Scor|Gliscor, M|84\/100 tox\n|-terastallize|p2a: Weavile|Dark\n|move|p2a: Weavile|Knock Off|p1a: Scor Scor\n|-damage|p1a: Scor Scor|14\/100 tox\n|-enditem|p1a: Scor Scor|Toxic Orb|[from] move: Knock Off|[of] p2a: Weavile\n|\n|-heal|p1a: Scor Scor|26\/100 tox|[from] ability: Poison Heal\n|upkeep\n|turn|34\n|\n|t:|1700362156\n|switch|p1a: She Eats|Mawile, F|44\/100\n|-ability|p1a: She Eats|Intimidate|boost\n|-unboost|p2a: Weavile|atk|1\n|move|p2a: Weavile|Knock Off|p1a: She Eats\n|-resisted|p1a: She Eats\n|-damage|p1a: She Eats|15\/100\n|\n|upkeep\n|turn|35\n|\n|t:|1700362167\n|switch|p2a: Gliscor|Gliscor, M|100\/100 tox\n|detailschange|p1a: She Eats|Mawile-Mega, F\n|-mega|p1a: She Eats|Mawile|Mawilite\n|move|p1a: She Eats|Iron Head|p2a: Gliscor\n|-damage|p2a: Gliscor|52\/100 tox\n|\n|-heal|p2a: Gliscor|65\/100 tox|[from] ability: Poison Heal\n|upkeep\n|turn|36\n|\n|t:|1700362186\n|switch|p1a: TEST_SUBJECT_1|Reuniclus, M, shiny|100\/100 tox\n|move|p2a: Gliscor|Earthquake|p1a: TEST_SUBJECT_1\n|-damage|p1a: TEST_SUBJECT_1|76\/100 tox\n|\n|-heal|p1a: TEST_SUBJECT_1|82\/100 tox|[from] item: Leftovers\n|-heal|p2a: Gliscor|77\/100 tox|[from] ability: Poison Heal\n|upkeep\n|turn|37\n|\n|t:|1700362214\n|switch|p2a: Weavile|Weavile, M, tera:Dark|100\/100\n|-ability|p2a: Weavile|Pressure\n|-terastallize|p1a: TEST_SUBJECT_1|Fairy\n|move|p1a: TEST_SUBJECT_1|Recover|p1a: TEST_SUBJECT_1\n|-heal|p1a: TEST_SUBJECT_1|100\/100 tox\n|\n|upkeep\n|turn|38\n|\n|t:|1700362225\n|switch|p1a: Fire Stopper|Volcanion|39\/100\n|move|p2a: Weavile|Icicle Crash|p1a: Fire Stopper\n|-resisted|p1a: Fire Stopper\n|-damage|p1a: Fire Stopper|28\/100\n|\n|upkeep\n|turn|39\n|\n|t:|1700362242\n|switch|p2a: Slowking|Slowking-Galar, F|100\/100\n|move|p1a: Fire Stopper|Flamethrower|p2a: Slowking\n|-damage|p2a: Slowking|70\/100\n|\n|upkeep\n|turn|40\n|\n|t:|1700362251\n|move|p1a: Fire Stopper|Earth Power|p2a: Slowking\n|-supereffective|p2a: Slowking\n|-damage|p2a: Slowking|26\/100\n|-unboost|p2a: Slowking|spd|1\n|move|p2a: Slowking|Future Sight|p1a: Fire Stopper\n|-start|p2a: Slowking|move: Future Sight\n|\n|upkeep\n|turn|41\n|\n|t:|1700362262\n|switch|p2a: Gliscor|Gliscor, M|77\/100 tox\n|move|p1a: Fire Stopper|Steam Eruption|p2a: Gliscor\n|-supereffective|p2a: Gliscor\n|-damage|p2a: Gliscor|0 fnt\n|faint|p2a: Gliscor\n|\n|upkeep\n|\n|t:|1700362273\n|switch|p2a: Weavile|Weavile, M, tera:Dark|100\/100\n|-ability|p2a: Weavile|Pressure\n|turn|42\n|\n|t:|1700362280\n|move|p2a: Weavile|Knock Off|p1a: Fire Stopper\n|-damage|p1a: Fire Stopper|0 fnt\n|-enditem|p1a: Fire Stopper|Heavy-Duty Boots|[from] move: Knock Off|[of] p2a: Weavile\n|faint|p1a: Fire Stopper\n|\n|-hint|Future Sight did not hit because the target is fainted.\n|upkeep\n|\n|t:|1700362287\n|switch|p1a: SEGA Zinogre|Zeraora|100\/100\n|turn|43\n|\n|t:|1700362300\n|switch|p2a: Slowking|Slowking-Galar, F|59\/100\n|move|p1a: SEGA Zinogre|Plasma Fists|p2a: Slowking\n|-damage|p2a: Slowking|0 fnt\n|-fieldactivate|move: Ion Deluge\n|-hint|Normal-type moves become Electric-type after using Plasma Fists.\n|faint|p2a: Slowking\n|\n|upkeep\n|\n|t:|1700362309\n|switch|p2a: Sceptile|Sceptile-Mega, F|24\/100\n|turn|44\n|\n|t:|1700362317\n|switch|p1a: Scor Scor|Gliscor, M|26\/100 tox\n|move|p2a: Sceptile|Leaf Storm|p1a: Scor Scor|[miss]\n|-miss|p2a: Sceptile|p1a: Scor Scor\n|\n|-heal|p1a: Scor Scor|39\/100 tox|[from] ability: Poison Heal\n|upkeep\n|turn|45\n|\n|t:|1700362328\n|switch|p1a: TEST_SUBJECT_1|Reuniclus, M, shiny, tera:Fairy|100\/100 tox\n|move|p2a: Sceptile|Dragon Pulse|p1a: TEST_SUBJECT_1\n|-immune|p1a: TEST_SUBJECT_1\n|\n|upkeep\n|turn|46\n|\n|t:|1700362337\n|switch|p1a: SEGA Zinogre|Zeraora|100\/100\n|move|p2a: Sceptile|Leaf Storm|p1a: SEGA Zinogre\n|-damage|p1a: SEGA Zinogre|0 fnt\n|-unboost|p2a: Sceptile|spa|2\n|faint|p1a: SEGA Zinogre\n|\n|upkeep\n|\n|t:|1700362350\n|switch|p1a: She Eats|Mawile-Mega, F|15\/100\n|turn|47\n|\n|t:|1700362356\n|move|p2a: Sceptile|Leaf Storm|p1a: She Eats\n|-resisted|p1a: She Eats\n|-damage|p1a: She Eats|0 fnt\n|-unboost|p2a: Sceptile|spa|2\n|faint|p1a: She Eats\n|\n|upkeep\n|-message|88NASSULLY forfeited.\n|\n|win|VarcoDoesBattles\n|raw|88NASSULLY's rating: 1425 &rarr; <strong>1410<\/strong><br \/>(-15 for losing)\n|raw|VarcoDoesBattles's rating: 1508 &rarr; <strong>1523<\/strong><br \/>(+15 for winning)\n|l|\u260688NASSULLY\n|c|\u2606VarcoDoesBattles|ggwp\n","uploadtime":1700362371,"views":14,"p1id":"88nassully","p2id":"varcodoesbattles","formatid":"gen9nationaldex","rating":1410,"private":0,"password":""}