{"id":"gen9nationaldex-1994327705","p1":"kingkonger666","p2":"The Brocha","format":"[Gen 9] National Dex","log":"|j|\u2606kingkonger666\n|j|\u2606The Brocha\n|t:|1700431539\n|gametype|singles\n|player|p1|kingkonger666|cynthia-gen4|1074\n|player|p2|The Brocha|ninjaboy|1135\n|teamsize|p1|6\n|teamsize|p2|6\n|gen|9\n|tier|[Gen 9] National Dex\n|rated|\n|rule|HP Percentage Mod: HP is shown in percentages\n|rule|Endless Battle Clause: Forcing endless battles is banned\n|rule|OHKO Clause: OHKO moves are banned\n|rule|Evasion Clause: Evasion abilities, items, and moves are banned\n|rule|Evasion Abilities Clause: Evasion abilities are banned\n|rule|Evasion Items Clause: Evasion items are banned\n|rule|Evasion Moves Clause: Evasion moves are banned\n|rule|Species Clause: Limit one of each Pok\u00e9mon\n|rule|Sleep Clause Mod: Limit one foe put to sleep\n|clearpoke\n|poke|p1|Celesteela|\n|poke|p1|Rotom-Heat|\n|poke|p1|Garchomp, M|\n|poke|p1|Grimmsnarl, M|\n|poke|p1|Cinccino, F|\n|poke|p1|Whimsicott, M|\n|poke|p2|Rillaboom, M|\n|poke|p2|Aegislash, F|\n|poke|p2|Alomomola, M|\n|poke|p2|Hawlucha, M|\n|poke|p2|Nidoking, M|\n|poke|p2|Kleavor, F|\n|teampreview\n|inactive|Battle timer is ON: inactive players will automatically lose when time's up. (requested by kingkonger666)\n|\n|t:|1700431559\n|start\n|switch|p1a: Whimsicott|Whimsicott, M, shiny|100\/100\n|switch|p2a: Kleavor|Kleavor, F|100\/100\n|turn|1\n|\n|t:|1700431582\n|move|p1a: Whimsicott|Leech Seed|p2a: Kleavor\n|-start|p2a: Kleavor|move: Leech Seed\n|move|p2a: Kleavor|X-Scissor|p1a: Whimsicott\n|-damage|p1a: Whimsicott|35\/100\n|\n|-heal|p1a: Whimsicott|41\/100|[from] item: Leftovers\n|-damage|p2a: Kleavor|88\/100|[from] Leech Seed|[of] p1a: Whimsicott\n|-heal|p1a: Whimsicott|53\/100|[silent]\n|upkeep\n|turn|2\n|\n|t:|1700431593\n|-terastallize|p1a: Whimsicott|Steel\n|move|p1a: Whimsicott|Tailwind|p1a: Whimsicott\n|-sidestart|p1: kingkonger666|move: Tailwind\n|move|p2a: Kleavor|X-Scissor|p1a: Whimsicott\n|-resisted|p1a: Whimsicott\n|-damage|p1a: Whimsicott|22\/100\n|\n|-heal|p1a: Whimsicott|28\/100|[from] item: Leftovers\n|-damage|p2a: Kleavor|76\/100|[from] Leech Seed|[of] p1a: Whimsicott\n|-heal|p1a: Whimsicott|40\/100|[silent]\n|upkeep\n|turn|3\n|\n|t:|1700431621\n|switch|p1a: Celesteela|Celesteela, shiny|100\/100\n|switch|p2a: Aegislash|Aegislash, F, shiny|100\/100\n|\n|upkeep\n|turn|4\n|\n|t:|1700431634\n|move|p1a: Celesteela|Leech Seed|p2a: Aegislash\n|-start|p2a: Aegislash|move: Leech Seed\n|-formechange|p2a: Aegislash|Aegislash-Blade||[from] ability: Stance Change\n|move|p2a: Aegislash|Shadow Ball|p1a: Celesteela\n|-damage|p1a: Celesteela|61\/100\n|\n|-heal|p1a: Celesteela|67\/100|[from] item: Leftovers\n|-damage|p2a: Aegislash|88\/100|[from] Leech Seed|[of] p1a: Celesteela\n|-heal|p1a: Celesteela|78\/100|[silent]\n|upkeep\n|turn|5\n|\n|t:|1700431643\n|switch|p2a: Nidoking|Nidoking, M, shiny|100\/100\n|move|p1a: Celesteela|Substitute|p1a: Celesteela\n|-start|p1a: Celesteela|Substitute\n|-damage|p1a: Celesteela|53\/100\n|\n|-heal|p1a: Celesteela|59\/100|[from] item: Leftovers\n|-sideend|p1: kingkonger666|move: Tailwind\n|upkeep\n|turn|6\n|\n|t:|1700431654\n|move|p2a: Nidoking|Thunderbolt|p1a: Celesteela\n|-supereffective|p1a: Celesteela\n|-end|p1a: Celesteela|Substitute\n|move|p1a: Celesteela|Leech Seed|p2a: Nidoking\n|-start|p2a: Nidoking|move: Leech Seed\n|\n|-heal|p1a: Celesteela|65\/100|[from] item: Leftovers\n|-damage|p2a: Nidoking|88\/100|[from] Leech Seed|[of] p1a: Celesteela\n|-heal|p1a: Celesteela|75\/100|[silent]\n|upkeep\n|turn|7\n|\n|t:|1700431669\n|switch|p1a: Cinccino|Cinccino, F|100\/100\n|move|p2a: Nidoking|Ice Beam|p1a: Cinccino\n|-damage|p1a: Cinccino|44\/100\n|\n|-damage|p2a: Nidoking|76\/100|[from] Leech Seed|[of] p1a: Cinccino\n|-heal|p1a: Cinccino|56\/100|[silent]\n|upkeep\n|turn|8\n|\n|t:|1700431677\n|switch|p2a: Alomomola|Alomomola, M|100\/100\n|move|p1a: Cinccino|Triple Axel|p2a: Alomomola\n|-resisted|p2a: Alomomola\n|-crit|p2a: Alomomola\n|-damage|p2a: Alomomola|97\/100\n|-resisted|p2a: Alomomola\n|-damage|p2a: Alomomola|93\/100\n|-resisted|p2a: Alomomola\n|-damage|p2a: Alomomola|85\/100\n|-hitcount|p2a: Alomomola|3\n|-enditem|p2a: Alomomola|Eject Button\n|\n|t:|1700431689\n|switch|p2a: Kleavor|Kleavor, F|76\/100\n|\n|upkeep\n|turn|9\n|\n|t:|1700431696\n|move|p2a: Kleavor|Stone Axe|p1a: Cinccino\n|-crit|p1a: Cinccino\n|-damage|p1a: Cinccino|0 fnt\n|-sidestart|p1: kingkonger666|move: Stealth Rock\n|faint|p1a: Cinccino\n|\n|upkeep\n|\n|t:|1700431707\n|switch|p1a: Celesteela|Celesteela, shiny|75\/100\n|-damage|p1a: Celesteela|63\/100|[from] Stealth Rock\n|turn|10\n|\n|t:|1700431711\n|move|p2a: Kleavor|Stone Axe|p1a: Celesteela\n|-damage|p1a: Celesteela|23\/100\n|move|p1a: Celesteela|Leech Seed|p2a: Kleavor\n|-start|p2a: Kleavor|move: Leech Seed\n|\n|-heal|p1a: Celesteela|29\/100|[from] item: Leftovers\n|-damage|p2a: Kleavor|63\/100|[from] Leech Seed|[of] p1a: Celesteela\n|-heal|p1a: Celesteela|38\/100|[silent]\n|upkeep\n|turn|11\n|\n|t:|1700431723\n|switch|p2a: Nidoking|Nidoking, M, shiny|76\/100\n|move|p1a: Celesteela|Autotomize|p1a: Celesteela\n|-boost|p1a: Celesteela|spe|2\n|-start|p1a: Celesteela|Autotomize\n|\n|-heal|p1a: Celesteela|44\/100|[from] item: Leftovers\n|upkeep\n|turn|12\n|\n|t:|1700431735\n|move|p1a: Celesteela|Air Slash|p2a: Nidoking\n|-damage|p2a: Nidoking|29\/100\n|move|p2a: Nidoking|Thunderbolt|p1a: Celesteela\n|-supereffective|p1a: Celesteela\n|-damage|p1a: Celesteela|0 fnt\n|faint|p1a: Celesteela\n|\n|upkeep\n|\n|t:|1700431750\n|switch|p1a: Garchomp|Garchomp, M|100\/100\n|-damage|p1a: Garchomp|94\/100|[from] Stealth Rock\n|turn|13\n|\n|t:|1700431762\n|switch|p2a: Alomomola|Alomomola, M|100\/100\n|move|p1a: Garchomp|Scale Shot|p2a: Alomomola\n|-damage|p2a: Alomomola|93\/100\n|-damage|p2a: Alomomola|86\/100\n|-damage|p2a: Alomomola|80\/100\n|-damage|p2a: Alomomola|73\/100\n|-damage|p2a: Alomomola|67\/100\n|-hitcount|p2a: Alomomola|5\n|-unboost|p1a: Garchomp|def|1\n|-boost|p1a: Garchomp|spe|1\n|\n|upkeep\n|turn|14\n|\n|t:|1700431778\n|detailschange|p1a: Garchomp|Garchomp-Mega, M\n|-mega|p1a: Garchomp|Garchomp|Garchompite\n|move|p1a: Garchomp|Sandstorm|p1a: Garchomp\n|-weather|Sandstorm\n|move|p2a: Alomomola|Toxic|p1a: Garchomp\n|-status|p1a: Garchomp|tox\n|\n|-weather|Sandstorm|[upkeep]\n|-damage|p2a: Alomomola|60\/100|[from] Sandstorm\n|-damage|p1a: Garchomp|88\/100 tox|[from] psn\n|upkeep\n|turn|15\n|\n|t:|1700431797\n|move|p1a: Garchomp|Earthquake|p2a: Alomomola\n|-damage|p2a: Alomomola|19\/100\n|move|p2a: Alomomola|Flip Turn|p1a: Garchomp\n|-damage|p1a: Garchomp|71\/100 tox\n|\n|t:|1700431806\n|switch|p2a: Rillaboom|Rillaboom, M|100\/100|[from] Flip Turn\n|-fieldstart|move: Grassy Terrain|[from] ability: Grassy Surge|[of] p2a: Rillaboom\n|\n|-weather|Sandstorm|[upkeep]\n|-damage|p2a: Rillaboom|94\/100|[from] Sandstorm\n|-heal|p1a: Garchomp|77\/100 tox|[from] Grassy Terrain\n|-heal|p2a: Rillaboom|100\/100|[from] Grassy Terrain\n|-damage|p1a: Garchomp|65\/100 tox|[from] psn\n|upkeep\n|turn|16\n|\n|t:|1700431819\n|move|p2a: Rillaboom|Grassy Glide|p1a: Garchomp\n|-damage|p1a: Garchomp|0 fnt\n|faint|p1a: Garchomp\n|\n|-weather|Sandstorm|[upkeep]\n|-damage|p2a: Rillaboom|94\/100|[from] Sandstorm\n|-heal|p2a: Rillaboom|100\/100|[from] Grassy Terrain\n|upkeep\n|-message|kingkonger666 forfeited.\n|\n|win|The Brocha\n|raw|kingkonger666's rating: 1074 &rarr; <strong>1057<\/strong><br \/>(-17 for losing)\n|raw|The Brocha's rating: 1135 &rarr; <strong>1156<\/strong><br \/>(+21 for winning)\n|l|\u2606kingkonger666\n","uploadtime":1700431907,"views":4,"p1id":"kingkonger666","p2id":"thebrocha","formatid":"gen9nationaldex","rating":1057,"private":0,"password":""}