{"id":"gen9nationaldex-1992275146","p1":"Lara is x","p2":"entrastella","format":"[Gen 9] National Dex","log":"|j|\u2606Lara is x\n|j|\u2606entrastella\n|t:|1700169967\n|gametype|singles\n|player|p1|Lara is x|smasher|1079\n|player|p2|entrastella|101|1000\n|teamsize|p1|6\n|teamsize|p2|6\n|gen|9\n|tier|[Gen 9] National Dex\n|rated|\n|rule|HP Percentage Mod: HP is shown in percentages\n|rule|Endless Battle Clause: Forcing endless battles is banned\n|rule|OHKO Clause: OHKO moves are banned\n|rule|Evasion Clause: Evasion abilities, items, and moves are banned\n|rule|Evasion Abilities Clause: Evasion abilities are banned\n|rule|Evasion Items Clause: Evasion items are banned\n|rule|Evasion Moves Clause: Evasion moves are banned\n|rule|Species Clause: Limit one of each Pok\u00e9mon\n|rule|Sleep Clause Mod: Limit one foe put to sleep\n|clearpoke\n|poke|p1|Clamperl, M|\n|poke|p1|Electrode|\n|poke|p1|Hawlucha, F|\n|poke|p1|Garganacl, F|\n|poke|p1|Xurkitree|\n|poke|p1|Glimmora, F|\n|poke|p2|Hatterene, F|\n|poke|p2|Toxtricity, M|\n|poke|p2|Mismagius, F|\n|poke|p2|Delphox, M|\n|poke|p2|Corviknight, F|\n|poke|p2|Obstagoon, F|\n|teampreview\n|\n|t:|1700169975\n|start\n|switch|p1a: Glimmora|Glimmora, F|100\/100\n|switch|p2a: Corviknight|Corviknight, F|100\/100\n|turn|1\n|\n|t:|1700169983\n|move|p1a: Glimmora|Stealth Rock|p2a: Corviknight\n|-sidestart|p2: entrastella|move: Stealth Rock\n|move|p2a: Corviknight|Heavy Slam|p1a: Glimmora\n|-supereffective|p1a: Glimmora\n|-damage|p1a: Glimmora|63\/100\n|-activate|p1a: Glimmora|ability: Toxic Debris\n|-sidestart|p2: entrastella|move: Toxic Spikes\n|\n|upkeep\n|turn|2\n|\n|t:|1700169992\n|move|p1a: Glimmora|Energy Ball|p2a: Corviknight\n|-resisted|p2a: Corviknight\n|-damage|p2a: Corviknight|95\/100\n|move|p2a: Corviknight|Steel Wing|p1a: Glimmora\n|-supereffective|p1a: Glimmora\n|-damage|p1a: Glimmora|0 fnt\n|-activate|p1a: Glimmora|ability: Toxic Debris\n|-sidestart|p2: entrastella|move: Toxic Spikes\n|faint|p1a: Glimmora\n|\n|upkeep\n|\n|t:|1700170003\n|switch|p1a: Clamperl|Clamperl, M, shiny|100\/100\n|turn|3\n|\n|t:|1700170008\n|-terastallize|p1a: Clamperl|Steel\n|move|p2a: Corviknight|Steel Wing|p1a: Clamperl|[miss]\n|-miss|p2a: Corviknight|p1a: Clamperl\n|move|p1a: Clamperl|Shell Smash|p1a: Clamperl\n|-unboost|p1a: Clamperl|def|1\n|-unboost|p1a: Clamperl|spd|1\n|-boost|p1a: Clamperl|atk|2\n|-boost|p1a: Clamperl|spa|2\n|-boost|p1a: Clamperl|spe|2\n|\n|upkeep\n|turn|4\n|\n|t:|1700170016\n|move|p1a: Clamperl|Scald|p2a: Corviknight\n|-damage|p2a: Corviknight|0 fnt\n|faint|p2a: Corviknight\n|\n|upkeep\n|\n|t:|1700170024\n|switch|p2a: Obstagoon|Obstagoon, F|100\/100\n|turn|5\n|\n|t:|1700170030\n|move|p1a: Clamperl|Scald|p2a: Obstagoon\n|-damage|p2a: Obstagoon|0 fnt\n|faint|p2a: Obstagoon\n|\n|upkeep\n|\n|t:|1700170035\n|switch|p2a: Mismagius|Mismagius, F|100\/100\n|-damage|p2a: Mismagius|88\/100|[from] Stealth Rock\n|turn|6\n|\n|t:|1700170042\n|move|p1a: Clamperl|Scald|p2a: Mismagius\n|-damage|p2a: Mismagius|0 fnt\n|faint|p2a: Mismagius\n|\n|upkeep\n|\n|t:|1700170047\n|switch|p2a: Hatterene|Hatterene, F|100\/100\n|-damage|p2a: Hatterene|88\/100|[from] Stealth Rock\n|-status|p2a: Hatterene|tox\n|turn|7\n|\n|t:|1700170053\n|move|p1a: Clamperl|Scald|p2a: Hatterene\n|-damage|p2a: Hatterene|0 fnt\n|faint|p2a: Hatterene\n|\n|upkeep\n|\n|t:|1700170061\n|switch|p2a: Delphox|Delphox, M|100\/100\n|-damage|p2a: Delphox|76\/100|[from] Stealth Rock\n|-status|p2a: Delphox|tox\n|turn|8\n|\n|t:|1700170065\n|move|p1a: Clamperl|Scald|p2a: Delphox\n|-supereffective|p2a: Delphox\n|-damage|p2a: Delphox|0 fnt\n|faint|p2a: Delphox\n|\n|upkeep\n|\n|t:|1700170068\n|switch|p2a: Toxtricity|Toxtricity, M|100\/100\n|-damage|p2a: Toxtricity|88\/100|[from] Stealth Rock\n|-item|p2a: Toxtricity|Air Balloon\n|turn|9\n|\n|t:|1700170075\n|move|p1a: Clamperl|Scald|p2a: Toxtricity\n|-damage|p2a: Toxtricity|0 fnt\n|-enditem|p2a: Toxtricity|Air Balloon\n|faint|p2a: Toxtricity\n|\n|win|Lara is x\n|raw|Lara is x's rating: 1079 &rarr; <strong>1101<\/strong><br \/>(+22 for winning)\n|raw|entrastella's rating: 1000 &rarr; <strong>1000<\/strong><br \/>(+0 for losing)\n","uploadtime":1700170103,"views":6,"p1id":"laraisx","p2id":"entrastella","formatid":"gen9nationaldex","rating":1000,"private":0,"password":""}