{"id":"gen9nationaldex-1991646262","p1":"IplayforFuns","p2":"murilopena","format":"[Gen 9] National Dex","log":"|j|\u2606IplayforFuns\n|j|\u2606murilopena\n|t:|1700097999\n|gametype|singles\n|player|p1|IplayforFuns|pokemaniac|1536\n|player|p2|murilopena|veteran-gen4|1404\n|teamsize|p1|6\n|teamsize|p2|6\n|gen|9\n|tier|[Gen 9] National Dex\n|rated|\n|rule|HP Percentage Mod: HP is shown in percentages\n|rule|Endless Battle Clause: Forcing endless battles is banned\n|rule|OHKO Clause: OHKO moves are banned\n|rule|Evasion Clause: Evasion abilities, items, and moves are banned\n|rule|Evasion Abilities Clause: Evasion abilities are banned\n|rule|Evasion Items Clause: Evasion items are banned\n|rule|Evasion Moves Clause: Evasion moves are banned\n|rule|Species Clause: Limit one of each Pok\u00e9mon\n|rule|Sleep Clause Mod: Limit one foe put to sleep\n|clearpoke\n|poke|p1|Ceruledge, M|\n|poke|p1|Tapu Koko|\n|poke|p1|Sneasler, F|\n|poke|p1|Ninetales-Alola, F|\n|poke|p1|Iron Valiant|\n|poke|p1|Glimmora, M|\n|poke|p2|Pinsir, F|\n|poke|p2|Cinderace, M|\n|poke|p2|Hatterene, F|\n|poke|p2|Dondozo, M|\n|poke|p2|Zapdos|\n|poke|p2|Iron Valiant|\n|teampreview\n|\n|t:|1700098007\n|start\n|switch|p1a: Rocky|Glimmora, M, shiny|100\/100\n|switch|p2a: Cinderace|Cinderace, M|100\/100\n|turn|1\n|\n|t:|1700098020\n|move|p2a: Cinderace|U-turn|p1a: Rocky\n|-start|p2a: Cinderace|typechange|Bug|[from] ability: Libero\n|-resisted|p1a: Rocky\n|-damage|p1a: Rocky|79\/100\n|-activate|p1a: Rocky|ability: Toxic Debris\n|-sidestart|p2: murilopena|move: Toxic Spikes\n|\n|t:|1700098029\n|switch|p2a: Zapdos|Zapdos|100\/100|[from] U-turn\n|move|p1a: Rocky|Earth Power|p2a: Zapdos\n|-immune|p2a: Zapdos\n|\n|upkeep\n|turn|2\n|\n|t:|1700098037\n|move|p1a: Rocky|Stealth Rock|p2a: Zapdos\n|-sidestart|p2: murilopena|move: Stealth Rock\n|move|p2a: Zapdos|Volt Switch|p1a: Rocky\n|-damage|p1a: Rocky|20\/100\n|\n|t:|1700098042\n|switch|p2a: Cinderace|Cinderace, M|100\/100|[from] Volt Switch\n|\n|upkeep\n|turn|3\n|\n|t:|1700098047\n|move|p2a: Cinderace|Pyro Ball|p1a: Rocky\n|-resisted|p1a: Rocky\n|-damage|p1a: Rocky|0 fnt\n|-activate|p1a: Rocky|ability: Toxic Debris\n|-sidestart|p2: murilopena|move: Toxic Spikes\n|faint|p1a: Rocky\n|\n|upkeep\n|\n|t:|1700098064\n|switch|p1a: Ceru|Ceruledge, M, shiny|100\/100\n|turn|4\n|\n|t:|1700098073\n|move|p2a: Cinderace|Court Change|p2a: Cinderace\n|-start|p2a: Cinderace|typechange|Normal|[from] ability: Libero\n|-swapsideconditions\n|-activate|p2a: Cinderace|move: Court Change\n|move|p1a: Ceru|Swords Dance|p1a: Ceru\n|-boost|p1a: Ceru|atk|2\n|\n|upkeep\n|turn|5\n|\n|t:|1700098084\n|switch|p2a: Dondozo|Dondozo, M|100\/100\n|move|p1a: Ceru|Bitter Blade|p2a: Dondozo\n|-resisted|p2a: Dondozo\n|-damage|p2a: Dondozo|83\/100\n|-damage|p1a: Ceru|91\/100|[from] item: Life Orb\n|\n|-heal|p2a: Dondozo|89\/100|[from] item: Leftovers\n|upkeep\n|turn|6\n|\n|t:|1700098098\n|move|p1a: Ceru|Poltergeist|p2a: Dondozo\n|-activate|p2a: Dondozo|move: Poltergeist|Leftovers\n|-damage|p2a: Dondozo|44\/100\n|-damage|p1a: Ceru|81\/100|[from] item: Life Orb\n|move|p2a: Dondozo|Curse|p2a: Dondozo\n|-unboost|p2a: Dondozo|spe|1\n|-boost|p2a: Dondozo|atk|1\n|-boost|p2a: Dondozo|def|1\n|\n|-heal|p2a: Dondozo|50\/100|[from] item: Leftovers\n|upkeep\n|turn|7\n|\n|t:|1700098108\n|move|p1a: Ceru|Poltergeist|p2a: Dondozo\n|-activate|p2a: Dondozo|move: Poltergeist|Leftovers\n|-damage|p2a: Dondozo|20\/100\n|-damage|p1a: Ceru|71\/100|[from] item: Life Orb\n|move|p2a: Dondozo|Liquidation|p1a: Ceru\n|-supereffective|p1a: Ceru\n|-damage|p1a: Ceru|0 fnt\n|faint|p1a: Ceru\n|\n|-heal|p2a: Dondozo|26\/100|[from] item: Leftovers\n|upkeep\n|\n|t:|1700098113\n|switch|p1a: Dia|Tapu Koko, shiny|100\/100\n|-status|p1a: Dia|tox\n|-damage|p1a: Dia|88\/100 tox|[from] Stealth Rock\n|-fieldstart|move: Electric Terrain|[from] ability: Electric Surge|[of] p1a: Dia\n|turn|8\n|\n|t:|1700098139\n|move|p1a: Dia|Thunderbolt|p2a: Dondozo\n|-supereffective|p2a: Dondozo\n|-crit|p2a: Dondozo\n|-damage|p2a: Dondozo|0 fnt\n|faint|p2a: Dondozo\n|\n|-damage|p1a: Dia|82\/100 tox|[from] psn\n|upkeep\n|\n|t:|1700098146\n|switch|p2a: Cinderace|Cinderace, M|100\/100\n|turn|9\n|\n|t:|1700098149\n|move|p1a: Dia|Thunderbolt|p2a: Cinderace\n|-damage|p2a: Cinderace|24\/100\n|move|p2a: Cinderace|Pyro Ball|p1a: Dia\n|-damage|p1a: Dia|0 fnt\n|faint|p1a: Dia\n|\n|upkeep\n|\n|t:|1700098156\n|switch|p1a: Zera\u00f2ra|Sneasler, F, shiny|100\/100\n|-sideend|p1: IplayforFuns|move: Toxic Spikes|[of] p1a: Zera\u00f2ra\n|-damage|p1a: Zera\u00f2ra|95\/100|[from] Stealth Rock\n|-enditem|p1a: Zera\u00f2ra|Electric Seed\n|-boost|p1a: Zera\u00f2ra|def|1|[from] item: Electric Seed\n|turn|10\n|\n|t:|1700098183\n|move|p1a: Zera\u00f2ra|Swords Dance|p1a: Zera\u00f2ra\n|-boost|p1a: Zera\u00f2ra|atk|2\n|move|p2a: Cinderace|U-turn|p1a: Zera\u00f2ra\n|-start|p2a: Cinderace|typechange|Bug|[from] ability: Libero\n|-resisted|p1a: Zera\u00f2ra\n|-damage|p1a: Zera\u00f2ra|84\/100\n|\n|t:|1700098189\n|switch|p2a: Zapdos|Zapdos|100\/100|[from] U-turn\n|\n|upkeep\n|turn|11\n|\n|t:|1700098196\n|move|p1a: Zera\u00f2ra|Dire Claw|p2a: Zapdos\n|-damage|p2a: Zapdos|0 fnt\n|faint|p2a: Zapdos\n|\n|upkeep\n|\n|t:|1700098207\n|switch|p2a: Hatterene|Hatterene, F|100\/100\n|turn|12\n|\n|t:|1700098213\n|-terastallize|p2a: Hatterene|Water\n|move|p1a: Zera\u00f2ra|Dire Claw|p2a: Hatterene\n|-damage|p2a: Hatterene|0 fnt\n|faint|p2a: Hatterene\n|\n|upkeep\n|\n|t:|1700098219\n|switch|p2a: Cinderace|Cinderace, M|24\/100\n|turn|13\n|\n|t:|1700098223\n|move|p2a: Cinderace|Sucker Punch|p1a: Zera\u00f2ra\n|-start|p2a: Cinderace|typechange|Dark|[from] ability: Libero\n|-resisted|p1a: Zera\u00f2ra\n|-damage|p1a: Zera\u00f2ra|66\/100\n|move|p1a: Zera\u00f2ra|Acrobatics|p2a: Cinderace\n|-damage|p2a: Cinderace|0 fnt\n|faint|p2a: Cinderace\n|\n|upkeep\n|\n|t:|1700098231\n|switch|p2a: Pinsir|Pinsir, F|100\/100\n|turn|14\n|\n|t:|1700098238\n|detailschange|p2a: Pinsir|Pinsir-Mega, F\n|-mega|p2a: Pinsir|Pinsir|Pinsirite\n|-terastallize|p1a: Zera\u00f2ra|Flying\n|move|p2a: Pinsir|Quick Attack|p1a: Zera\u00f2ra\n|-damage|p1a: Zera\u00f2ra|36\/100\n|move|p1a: Zera\u00f2ra|Acrobatics|p2a: Pinsir\n|-supereffective|p2a: Pinsir\n|-damage|p2a: Pinsir|0 fnt\n|faint|p2a: Pinsir\n|\n|upkeep\n|-message|murilopena forfeited.\n|\n|win|IplayforFuns\n|raw|IplayforFuns's rating: 1536 &rarr; <strong>1549<\/strong><br \/>(+13 for winning)\n|raw|murilopena's rating: 1404 &rarr; <strong>1391<\/strong><br \/>(-13 for losing)\n|l|\u2606murilopena\n","uploadtime":1700098249,"views":8,"p1id":"iplayforfuns","p2id":"murilopena","formatid":"gen9nationaldex","rating":1391,"private":0,"password":""}