{"id":"gen9nationaldex-1999297691","p1":"AerBlaziken","p2":"howtoplay11","format":"[Gen 9] National Dex","log":"|html|<div class=\"broadcast-blue\"><strong>[Gen 9] National Dex is currently suspecting Sneasler! For information on how to participate check out the <a href=\"https:\/\/www.smogon.com\/forums\/threads\/sv-national-dex-suspect-8-just-dance.3731534\/\">suspect thread<\/a>.<\/strong><\/div>\n|j|\u2606AerBlaziken\n|j|\u2606howtoplay11\n|t:|1701056683\n|gametype|singles\n|player|p1|AerBlaziken|hexmaniac-gen6|1333\n|player|p2|howtoplay11|elesa|1344\n|teamsize|p1|6\n|teamsize|p2|6\n|gen|9\n|tier|[Gen 9] National Dex\n|rated|\n|rule|HP Percentage Mod: HP is shown in percentages\n|rule|Endless Battle Clause: Forcing endless battles is banned\n|rule|OHKO Clause: OHKO moves are banned\n|rule|Evasion Clause: Evasion abilities, items, and moves are banned\n|rule|Evasion Abilities Clause: Evasion abilities are banned\n|rule|Evasion Items Clause: Evasion items are banned\n|rule|Evasion Moves Clause: Evasion moves are banned\n|rule|Species Clause: Limit one of each Pok\u00e9mon\n|rule|Sleep Clause Mod: Limit one foe put to sleep\n|clearpoke\n|poke|p1|Ogerpon-Wellspring, F|\n|poke|p1|Hatterene, F|\n|poke|p1|Cinderace, M|\n|poke|p1|Tyranitar, M|\n|poke|p1|Noivern, M|\n|poke|p1|Thundurus-Therian, M|\n|poke|p2|Rotom-Wash|\n|poke|p2|Tapu Koko|\n|poke|p2|Urshifu-*, M|\n|poke|p2|Ditto|\n|poke|p2|Scizor, F|\n|poke|p2|Heatran, F|\n|teampreview\n|\n|t:|1701056692\n|start\n|switch|p1a: zeus\u2026ZEUS!|Thundurus-Therian, M|100\/100\n|switch|p2a: Heatran|Heatran, F|100\/100\n|turn|1\n|\n|t:|1701056698\n|move|p1a: zeus\u2026ZEUS!|Taunt|p2a: Heatran\n|-start|p2a: Heatran|move: Taunt\n|cant|p2a: Heatran|move: Taunt|Stealth Rock\n|\n|upkeep\n|turn|2\n|\n|t:|1701056707\n|switch|p1a: ProtectTheLand|Tyranitar, M, shiny|100\/100\n|-weather|Sandstorm|[from] ability: Sand Stream|[of] p1a: ProtectTheLand\n|move|p2a: Heatran|Magma Storm|p1a: ProtectTheLand\n|-resisted|p1a: ProtectTheLand\n|-damage|p1a: ProtectTheLand|88\/100\n|-activate|p1a: ProtectTheLand|move: Magma Storm|[of] p2a: Heatran\n|\n|-weather|Sandstorm|[upkeep]\n|-damage|p1a: ProtectTheLand|76\/100|[from] move: Magma Storm|[partiallytrapped]\n|upkeep\n|turn|3\n|\n|t:|1701056724\n|switch|p2a: Rotom|Rotom-Wash|100\/100\n|detailschange|p1a: ProtectTheLand|Tyranitar-Mega, M, shiny\n|-mega|p1a: ProtectTheLand|Tyranitar|Tyranitarite\n|move|p1a: ProtectTheLand|Dragon Dance|p1a: ProtectTheLand\n|-boost|p1a: ProtectTheLand|atk|1\n|-boost|p1a: ProtectTheLand|spe|1\n|\n|-weather|Sandstorm|[upkeep]\n|-damage|p2a: Rotom|94\/100|[from] Sandstorm\n|-heal|p2a: Rotom|100\/100|[from] item: Leftovers\n|-end|p1a: ProtectTheLand|Magma Storm|[partiallytrapped]|[silent]\n|upkeep\n|turn|4\n|\n|t:|1701056733\n|move|p1a: ProtectTheLand|Knock Off|p2a: Rotom\n|-damage|p2a: Rotom|39\/100\n|-enditem|p2a: Rotom|Leftovers|[from] move: Knock Off|[of] p1a: ProtectTheLand\n|move|p2a: Rotom|Will-O-Wisp|p1a: ProtectTheLand\n|-status|p1a: ProtectTheLand|brn\n|\n|-weather|Sandstorm|[upkeep]\n|-damage|p2a: Rotom|33\/100|[from] Sandstorm\n|-damage|p1a: ProtectTheLand|70\/100 brn|[from] brn\n|upkeep\n|turn|5\n|\n|t:|1701056744\n|move|p1a: ProtectTheLand|Stone Edge|p2a: Rotom\n|-damage|p2a: Rotom|0 fnt\n|faint|p2a: Rotom\n|\n|-weather|Sandstorm|[upkeep]\n|-damage|p1a: ProtectTheLand|64\/100 brn|[from] brn\n|upkeep\n|\n|t:|1701056756\n|switch|p2a: Scizor|Scizor, F|100\/100\n|turn|6\n|\n|t:|1701056761\n|detailschange|p2a: Scizor|Scizor-Mega, F\n|-mega|p2a: Scizor|Scizor|Scizorite\n|move|p1a: ProtectTheLand|Knock Off|p2a: Scizor\n|-damage|p2a: Scizor|82\/100\n|move|p2a: Scizor|U-turn|p1a: ProtectTheLand\n|-supereffective|p1a: ProtectTheLand\n|-damage|p1a: ProtectTheLand|23\/100 brn\n|\n|t:|1701056768\n|switch|p2a: Urshifu|Urshifu-Rapid-Strike, M|100\/100|[from] U-turn\n|\n|-weather|none\n|-damage|p1a: ProtectTheLand|17\/100 brn|[from] brn\n|upkeep\n|turn|7\n|\n|t:|1701056781\n|move|p1a: ProtectTheLand|Earthquake|p2a: Urshifu\n|-damage|p2a: Urshifu|74\/100\n|move|p2a: Urshifu|U-turn|p1a: ProtectTheLand\n|-supereffective|p1a: ProtectTheLand\n|-damage|p1a: ProtectTheLand|0 fnt\n|faint|p1a: ProtectTheLand\n|\n|t:|1701056796\n|switch|p2a: Tapu Koko|Tapu Koko|100\/100|[from] U-turn\n|-fieldstart|move: Electric Terrain|[from] ability: Electric Surge|[of] p2a: Tapu Koko\n|\n|upkeep\n|\n|t:|1701056809\n|switch|p1a: zeus\u2026ZEUS!|Thundurus-Therian, M|100\/100\n|turn|8\n|\n|t:|1701056823\n|move|p1a: zeus\u2026ZEUS!|Thunderbolt|p2a: Tapu Koko\n|-resisted|p2a: Tapu Koko\n|-damage|p2a: Tapu Koko|55\/100\n|move|p2a: Tapu Koko|Hidden Power|p1a: zeus\u2026ZEUS!\n|-supereffective|p1a: zeus\u2026ZEUS!\n|-damage|p1a: zeus\u2026ZEUS!|53\/100\n|\n|upkeep\n|turn|9\n|\n|t:|1701056830\n|switch|p2a: Ditto|Ditto|100\/100\n|-transform|p2a: Ditto|p1a: zeus\u2026ZEUS!|[from] ability: Imposter\n|move|p1a: zeus\u2026ZEUS!|Thunderbolt|p2a: Ditto\n|-immune|p2a: Ditto|[from] ability: Volt Absorb\n|\n|upkeep\n|turn|10\n|\n|t:|1701056854\n|switch|p1a: Cinnamon|Cinderace, M|100\/100\n|move|p2a: Ditto|Volt Switch|p1a: Cinnamon\n|-damage|p1a: Cinnamon|35\/100\n|\n|t:|1701056862\n|switch|p2a: Urshifu|Urshifu-Rapid-Strike, M|74\/100|[from] Volt Switch\n|\n|upkeep\n|turn|11\n|\n|t:|1701056878\n|move|p2a: Urshifu|Aqua Jet|p1a: Cinnamon\n|-supereffective|p1a: Cinnamon\n|-damage|p1a: Cinnamon|0 fnt\n|faint|p1a: Cinnamon\n|\n|-fieldend|move: Electric Terrain\n|upkeep\n|\n|t:|1701056886\n|switch|p1a: Naboo|Ogerpon-Wellspring, F|100\/100\n|turn|12\n|\n|t:|1701056896\n|switch|p2a: Scizor|Scizor-Mega, F|82\/100\n|move|p1a: Naboo|Play Rough|p2a: Scizor\n|-resisted|p2a: Scizor\n|-damage|p2a: Scizor|72\/100\n|\n|upkeep\n|turn|13\n|\n|t:|1701056911\n|switch|p1a: zeus\u2026ZEUS!|Thundurus-Therian, M|53\/100\n|move|p2a: Scizor|U-turn|p1a: zeus\u2026ZEUS!\n|-resisted|p1a: zeus\u2026ZEUS!\n|-damage|p1a: zeus\u2026ZEUS!|25\/100\n|\n|t:|1701056926\n|switch|p2a: Heatran|Heatran, F|100\/100|[from] U-turn\n|\n|upkeep\n|turn|14\n|\n|t:|1701056931\n|move|p1a: zeus\u2026ZEUS!|Taunt|p2a: Heatran\n|-start|p2a: Heatran|move: Taunt\n|move|p2a: Heatran|Magma Storm|p1a: zeus\u2026ZEUS!\n|-damage|p1a: zeus\u2026ZEUS!|0 fnt\n|faint|p1a: zeus\u2026ZEUS!\n|\n|upkeep\n|\n|t:|1701056941\n|switch|p1a: Naboo|Ogerpon-Wellspring, F|100\/100\n|turn|15\n|\n|t:|1701056948\n|switch|p2a: Scizor|Scizor-Mega, F|72\/100\n|-terastallize|p1a: Naboo|Water\n|detailschange|p1a: Naboo|Ogerpon-Wellspring-Tera, F, tera:Water\n|-ability|p1a: Naboo|Embody Aspect (Wellspring)|boost\n|-boost|p1a: Naboo|spd|1\n|move|p1a: Naboo|Swords Dance|p1a: Naboo\n|-boost|p1a: Naboo|atk|2\n|\n|upkeep\n|turn|16\n|inactive|Battle timer is ON: inactive players will automatically lose when time's up. (requested by AerBlaziken)\n|\n|t:|1701057016\n|switch|p2a: Urshifu|Urshifu-Rapid-Strike, M|74\/100\n|move|p1a: Naboo|Trailblaze|p2a: Urshifu\n|-supereffective|p2a: Urshifu\n|-damage|p2a: Urshifu|0 fnt\n|-boost|p1a: Naboo|spe|1\n|faint|p2a: Urshifu\n|\n|upkeep\n|\n|t:|1701057025\n|switch|p2a: Ditto|Ditto|100\/100\n|turn|17\n|\n|t:|1701057036\n|move|p1a: Naboo|Trailblaze|p2a: Ditto\n|-damage|p2a: Ditto|24\/100\n|-boost|p1a: Naboo|spe|1\n|move|p2a: Ditto|Transform||[still]\n|-fail|p2a: Ditto\n|\n|upkeep\n|turn|18\n|-message|howtoplay11 forfeited.\n|\n|win|AerBlaziken\n|raw|AerBlaziken's rating: 1333 &rarr; <strong>1354<\/strong><br \/>(+21 for winning)\n|raw|howtoplay11's rating: 1344 &rarr; <strong>1323<\/strong><br \/>(-21 for losing)\n|c|\u2606AerBlaziken|wait what\n|l|\u2606howtoplay11\n","uploadtime":1701057059,"views":13,"p1id":"aerblaziken","p2id":"howtoplay11","formatid":"gen9nationaldex","rating":1323,"private":0,"password":""}