{"id":"gen9nationaldex-1994696966","p1":"Ribbit Mania","p2":"10RUB","format":"[Gen 9] National Dex","log":"|html|<div class=\"broadcast-blue\"><strong>[Gen 9] National Dex is currently suspecting Sneasler! For information on how to participate check out the <a href=\"https:\/\/www.smogon.com\/forums\/threads\/sv-national-dex-suspect-8-just-dance.3731534\/\">suspect thread<\/a>.<\/strong><\/div>\n|j|\u2606Ribbit Mania\n|j|\u260610RUB\n|t:|1700482483\n|gametype|singles\n|player|p1|Ribbit Mania|skierf|1259\n|player|p2|10RUB|lance|1387\n|teamsize|p1|6\n|teamsize|p2|6\n|gen|9\n|tier|[Gen 9] National Dex\n|rated|\n|rule|HP Percentage Mod: HP is shown in percentages\n|rule|Endless Battle Clause: Forcing endless battles is banned\n|rule|OHKO Clause: OHKO moves are banned\n|rule|Evasion Clause: Evasion abilities, items, and moves are banned\n|rule|Evasion Abilities Clause: Evasion abilities are banned\n|rule|Evasion Items Clause: Evasion items are banned\n|rule|Evasion Moves Clause: Evasion moves are banned\n|rule|Species Clause: Limit one of each Pok\u00e9mon\n|rule|Sleep Clause Mod: Limit one foe put to sleep\n|clearpoke\n|poke|p1|Maushold|\n|poke|p1|Cloyster, M|\n|poke|p1|Cinccino, M|\n|poke|p1|Gliscor, M|\n|poke|p1|Blaziken, F|\n|poke|p1|Beedrill, M|\n|poke|p2|Kartana|\n|poke|p2|Inteleon, M|\n|poke|p2|Porygon2|\n|poke|p2|Zapdos|\n|poke|p2|Pyukumuku, F|\n|poke|p2|Garchomp, M|\n|teampreview\n|inactive|Battle timer is ON: inactive players will automatically lose when time's up. (requested by 10RUB)\n|inactive|Ribbit Mania also wants the timer to be on.\n|\n|t:|1700482487\n|start\n|switch|p1a: Euphemism|Cloyster, M|100\/100\n|switch|p2a: Inteleon|Inteleon, M|100\/100\n|turn|1\n|\n|t:|1700482497\n|move|p2a: Inteleon|Dark Pulse|p1a: Euphemism\n|-damage|p1a: Euphemism|23\/100\n|move|p1a: Euphemism|Shell Smash|p1a: Euphemism\n|-unboost|p1a: Euphemism|def|1\n|-unboost|p1a: Euphemism|spd|1\n|-boost|p1a: Euphemism|atk|2\n|-boost|p1a: Euphemism|spa|2\n|-boost|p1a: Euphemism|spe|2\n|\n|upkeep\n|turn|2\n|\n|t:|1700482502\n|switch|p2a: Pyukumuku|Pyukumuku, F|100\/100\n|move|p1a: Euphemism|Pin Missile|p2a: Pyukumuku\n|-damage|p2a: Pyukumuku|95\/100\n|-damage|p2a: Pyukumuku|90\/100\n|-damage|p2a: Pyukumuku|85\/100\n|-damage|p2a: Pyukumuku|80\/100\n|-damage|p2a: Pyukumuku|75\/100\n|-hitcount|p2a: Pyukumuku|5\n|\n|-heal|p2a: Pyukumuku|81\/100|[from] item: Leftovers\n|upkeep\n|turn|3\n|\n|t:|1700482512\n|move|p1a: Euphemism|Rock Blast|p2a: Pyukumuku\n|-damage|p2a: Pyukumuku|76\/100\n|-damage|p2a: Pyukumuku|72\/100\n|-damage|p2a: Pyukumuku|66\/100\n|-damage|p2a: Pyukumuku|61\/100\n|-damage|p2a: Pyukumuku|56\/100\n|-hitcount|p2a: Pyukumuku|5\n|move|p2a: Pyukumuku|Toxic|p1a: Euphemism\n|-status|p1a: Euphemism|tox\n|\n|-heal|p2a: Pyukumuku|62\/100|[from] item: Leftovers\n|-damage|p1a: Euphemism|17\/100 tox|[from] psn\n|upkeep\n|turn|4\n|\n|t:|1700482517\n|move|p1a: Euphemism|Rock Blast|p2a: Pyukumuku\n|-damage|p2a: Pyukumuku|56\/100\n|-damage|p2a: Pyukumuku|51\/100\n|-damage|p2a: Pyukumuku|45\/100\n|-damage|p2a: Pyukumuku|40\/100\n|-damage|p2a: Pyukumuku|35\/100\n|-hitcount|p2a: Pyukumuku|5\n|move|p2a: Pyukumuku|Recover|p2a: Pyukumuku\n|-heal|p2a: Pyukumuku|85\/100\n|\n|-heal|p2a: Pyukumuku|91\/100|[from] item: Leftovers\n|-damage|p1a: Euphemism|5\/100 tox|[from] psn\n|upkeep\n|turn|5\n|\n|t:|1700482523\n|move|p1a: Euphemism|Rock Blast|p2a: Pyukumuku\n|-damage|p2a: Pyukumuku|86\/100\n|-damage|p2a: Pyukumuku|81\/100\n|-damage|p2a: Pyukumuku|75\/100\n|-damage|p2a: Pyukumuku|70\/100\n|-damage|p2a: Pyukumuku|64\/100\n|-hitcount|p2a: Pyukumuku|5\n|move|p2a: Pyukumuku|Toxic|p1a: Euphemism|[miss]\n|-miss|p2a: Pyukumuku|p1a: Euphemism\n|\n|-heal|p2a: Pyukumuku|70\/100|[from] item: Leftovers\n|-damage|p1a: Euphemism|0 fnt|[from] psn\n|faint|p1a: Euphemism\n|upkeep\n|\n|t:|1700482531\n|switch|p1a: Scapegoat|Gliscor, M|100\/100\n|turn|6\n|\n|t:|1700482539\n|switch|p2a: Zapdos|Zapdos|100\/100\n|move|p1a: Scapegoat|Substitute|p1a: Scapegoat\n|-start|p1a: Scapegoat|Substitute\n|-damage|p1a: Scapegoat|76\/100\n|\n|-status|p1a: Scapegoat|tox|[from] item: Toxic Orb\n|upkeep\n|turn|7\n|\n|t:|1700482547\n|move|p1a: Scapegoat|Swords Dance|p1a: Scapegoat\n|-boost|p1a: Scapegoat|atk|2\n|move|p2a: Zapdos|Hurricane|p1a: Scapegoat|[miss]\n|-miss|p2a: Zapdos|p1a: Scapegoat\n|\n|-heal|p1a: Scapegoat|88\/100 tox|[from] ability: Poison Heal\n|upkeep\n|turn|8\n|\n|t:|1700482556\n|move|p1a: Scapegoat|Swords Dance|p1a: Scapegoat\n|-boost|p1a: Scapegoat|atk|2\n|move|p2a: Zapdos|Hurricane|p1a: Scapegoat|[miss]\n|-miss|p2a: Zapdos|p1a: Scapegoat\n|\n|-heal|p1a: Scapegoat|100\/100 tox|[from] ability: Poison Heal\n|upkeep\n|turn|9\n|\n|t:|1700482560\n|move|p1a: Scapegoat|Swords Dance|p1a: Scapegoat\n|-boost|p1a: Scapegoat|atk|2\n|move|p2a: Zapdos|Hurricane|p1a: Scapegoat\n|-end|p1a: Scapegoat|Substitute\n|\n|upkeep\n|turn|10\n|\n|t:|1700482567\n|move|p1a: Scapegoat|Dual Wingbeat|p2a: Zapdos\n|-resisted|p2a: Zapdos\n|-damage|p2a: Zapdos|78\/100\n|-resisted|p2a: Zapdos\n|-damage|p2a: Zapdos|54\/100\n|-hitcount|p2a: Zapdos|2\n|move|p2a: Zapdos|Hurricane|p1a: Scapegoat\n|-damage|p1a: Scapegoat|28\/100 tox\n|\n|-heal|p1a: Scapegoat|40\/100 tox|[from] ability: Poison Heal\n|upkeep\n|turn|11\n|\n|t:|1700482572\n|move|p1a: Scapegoat|Dual Wingbeat|p2a: Zapdos\n|-resisted|p2a: Zapdos\n|-damage|p2a: Zapdos|30\/100\n|-resisted|p2a: Zapdos\n|-damage|p2a: Zapdos|6\/100\n|-hitcount|p2a: Zapdos|2\n|move|p2a: Zapdos|Roost|p2a: Zapdos\n|-heal|p2a: Zapdos|56\/100\n|-singleturn|p2a: Zapdos|move: Roost\n|\n|-heal|p1a: Scapegoat|53\/100 tox|[from] ability: Poison Heal\n|upkeep\n|turn|12\n|\n|t:|1700482578\n|move|p1a: Scapegoat|Dual Wingbeat|p2a: Zapdos\n|-resisted|p2a: Zapdos\n|-damage|p2a: Zapdos|32\/100\n|-resisted|p2a: Zapdos\n|-damage|p2a: Zapdos|7\/100\n|-hitcount|p2a: Zapdos|2\n|move|p2a: Zapdos|Hurricane|p1a: Scapegoat\n|-damage|p1a: Scapegoat|0 fnt\n|faint|p1a: Scapegoat\n|\n|upkeep\n|\n|t:|1700482585\n|switch|p1a: The Rapper|Beedrill, M|100\/100\n|turn|13\n|\n|t:|1700482594\n|switch|p2a: Kartana|Kartana|100\/100\n|detailschange|p1a: The Rapper|Beedrill-Mega, M\n|-mega|p1a: The Rapper|Beedrill|Beedrillite\n|move|p1a: The Rapper|Fell Stinger|p2a: Kartana\n|-damage|p2a: Kartana|59\/100\n|\n|upkeep\n|turn|14\n|\n|t:|1700482601\n|move|p2a: Kartana|Psycho Cut|p1a: The Rapper\n|-supereffective|p1a: The Rapper\n|-damage|p1a: The Rapper|0 fnt\n|faint|p1a: The Rapper\n|-ability|p2a: Kartana|Beast Boost|boost\n|-boost|p2a: Kartana|atk|1\n|\n|upkeep\n|\n|t:|1700482610\n|switch|p1a: Thunder Thighs|Blaziken, F|100\/100\n|turn|15\n|\n|t:|1700482616\n|switch|p2a: Pyukumuku|Pyukumuku, F|70\/100\n|move|p1a: Thunder Thighs|Swords Dance|p1a: Thunder Thighs\n|-boost|p1a: Thunder Thighs|atk|2\n|\n|-heal|p2a: Pyukumuku|76\/100|[from] item: Leftovers\n|-ability|p1a: Thunder Thighs|Speed Boost|boost\n|-boost|p1a: Thunder Thighs|spe|1\n|upkeep\n|turn|16\n|\n|t:|1700482623\n|move|p1a: Thunder Thighs|Double Kick|p2a: Pyukumuku\n|-damage|p2a: Pyukumuku|65\/100\n|-damage|p2a: Pyukumuku|54\/100\n|-hitcount|p2a: Pyukumuku|2\n|move|p2a: Pyukumuku|Counter|p1a: Thunder Thighs\n|-damage|p1a: Thunder Thighs|79\/100\n|\n|-heal|p2a: Pyukumuku|60\/100|[from] item: Leftovers\n|-ability|p1a: Thunder Thighs|Speed Boost|boost\n|-boost|p1a: Thunder Thighs|spe|1\n|upkeep\n|turn|17\n|\n|t:|1700482637\n|move|p1a: Thunder Thighs|Double Kick|p2a: Pyukumuku\n|-damage|p2a: Pyukumuku|50\/100\n|-damage|p2a: Pyukumuku|40\/100\n|-hitcount|p2a: Pyukumuku|2\n|move|p2a: Pyukumuku|Recover|p2a: Pyukumuku\n|-heal|p2a: Pyukumuku|90\/100\n|\n|-heal|p2a: Pyukumuku|96\/100|[from] item: Leftovers\n|-ability|p1a: Thunder Thighs|Speed Boost|boost\n|-boost|p1a: Thunder Thighs|spe|1\n|upkeep\n|turn|18\n|\n|t:|1700482642\n|move|p1a: Thunder Thighs|Double Kick|p2a: Pyukumuku\n|-damage|p2a: Pyukumuku|85\/100\n|-damage|p2a: Pyukumuku|75\/100\n|-hitcount|p2a: Pyukumuku|2\n|move|p2a: Pyukumuku|Toxic|p1a: Thunder Thighs\n|-status|p1a: Thunder Thighs|tox\n|\n|-heal|p2a: Pyukumuku|81\/100|[from] item: Leftovers\n|-damage|p1a: Thunder Thighs|73\/100 tox|[from] psn\n|-ability|p1a: Thunder Thighs|Speed Boost|boost\n|-boost|p1a: Thunder Thighs|spe|1\n|upkeep\n|turn|19\n|\n|t:|1700482646\n|move|p1a: Thunder Thighs|Double Kick|p2a: Pyukumuku\n|-damage|p2a: Pyukumuku|70\/100\n|-damage|p2a: Pyukumuku|60\/100\n|-hitcount|p2a: Pyukumuku|2\n|move|p2a: Pyukumuku|Counter|p1a: Thunder Thighs\n|-damage|p1a: Thunder Thighs|52\/100 tox\n|\n|-heal|p2a: Pyukumuku|66\/100|[from] item: Leftovers\n|-damage|p1a: Thunder Thighs|40\/100 tox|[from] psn\n|-ability|p1a: Thunder Thighs|Speed Boost|boost\n|-boost|p1a: Thunder Thighs|spe|1\n|upkeep\n|turn|20\n|-message|Ribbit Mania forfeited.\n|\n|win|10RUB\n|raw|Ribbit Mania's rating: 1259 &rarr; <strong>1243<\/strong><br \/>(-16 for losing)\n|raw|10RUB's rating: 1387 &rarr; <strong>1400<\/strong><br \/>(+13 for winning)\n|l|\u2606Ribbit Mania\n","uploadtime":1700482661,"views":11,"p1id":"ribbitmania","p2id":"10rub","formatid":"gen9nationaldex","rating":1243,"private":0,"password":""}