{"id":"gen9nationaldex-1993033532","p1":"Azu_CriticalXD","p2":"JesusPizzaCrusher","format":"[Gen 9] National Dex","log":"|j|\u2606Azu_CriticalXD\n|j|\u2606JesusPizzaCrusher\n|t:|1700257497\n|gametype|singles\n|player|p1|Azu_CriticalXD|ltsurge|\n|player|p2|JesusPizzaCrusher|hugh|\n|teamsize|p1|6\n|teamsize|p2|6\n|gen|9\n|tier|[Gen 9] National Dex\n|rule|HP Percentage Mod: HP is shown in percentages\n|rule|Endless Battle Clause: Forcing endless battles is banned\n|rule|OHKO Clause: OHKO moves are banned\n|rule|Evasion Clause: Evasion abilities, items, and moves are banned\n|rule|Evasion Abilities Clause: Evasion abilities are banned\n|rule|Evasion Items Clause: Evasion items are banned\n|rule|Evasion Moves Clause: Evasion moves are banned\n|rule|Species Clause: Limit one of each Pok\u00e9mon\n|rule|Sleep Clause Mod: Limit one foe put to sleep\n|clearpoke\n|poke|p1|Regigigas|\n|poke|p1|Zoroark-Hisui, M|\n|poke|p1|Maushold-Four|\n|poke|p1|Lopunny, F|\n|poke|p1|Arboliva, F|\n|poke|p1|Chansey, F|\n|poke|p2|Galvantula, F|\n|poke|p2|Volcarona, F|\n|poke|p2|Buzzwole|\n|poke|p2|Leavanny, F|\n|poke|p2|Scizor, F|\n|poke|p2|Escavalier, F|\n|teampreview\n|c|\u2606Azu_CriticalXD|hola\n|\n|t:|1700257565\n|start\n|switch|p1a: Boonboon|Arboliva, F, shiny|100\/100\n|switch|p2a: Galvantula|Galvantula, F, shiny|100\/100\n|turn|1\n|\n|t:|1700257593\n|switch|p1a: Bloodmen|Maushold-Four, shiny|100\/100\n|move|p2a: Galvantula|Thunder Wave|p1a: Bloodmen\n|-status|p1a: Bloodmen|par\n|\n|upkeep\n|turn|2\n|c|\u2606JesusPizzaCrusher|NOOO\n|c|\u2606JesusPizzaCrusher|HA VENGANZA\n|\n|t:|1700257610\n|move|p2a: Galvantula|Sticky Web|p1a: Bloodmen\n|-sidestart|p1: Azu_CriticalXD|move: Sticky Web\n|move|p1a: Bloodmen|Population Bomb|p2a: Galvantula\n|-damage|p2a: Galvantula|80\/100\n|-damage|p2a: Galvantula|61\/100\n|-damage|p2a: Galvantula|40\/100\n|-damage|p2a: Galvantula|18\/100\n|-damage|p2a: Galvantula|0 fnt\n|faint|p2a: Galvantula\n|-hitcount|p2: Galvantula|5\n|\n|upkeep\n|c|\u2606JesusPizzaCrusher|a\n|\n|t:|1700257641\n|switch|p2a: Scizor|Scizor, F|100\/100\n|turn|3\n|c|\u2606Azu_CriticalXD|senti que me faltaba defensa en el team\n|c|\u2606Azu_CriticalXD|y me hize otro\n|\n|t:|1700257660\n|detailschange|p2a: Scizor|Scizor-Mega, F\n|-mega|p2a: Scizor|Scizor|Scizorite\n|move|p2a: Scizor|Swords Dance|p2a: Scizor\n|-boost|p2a: Scizor|atk|2\n|move|p1a: Bloodmen|Tidy Up|p1a: Bloodmen\n|-sideend|p1: Azu_CriticalXD|Sticky Web\n|-activate|p1a: Bloodmen|move: Tidy Up\n|-boost|p1a: Bloodmen|atk|1\n|-boost|p1a: Bloodmen|spe|1\n|\n|upkeep\n|turn|4\n|c|\u2606JesusPizzaCrusher|omaewa mu shindeiuro\n|\n|t:|1700257672\n|switch|p1a: Boonboon|Arboliva, F, shiny|100\/100\n|move|p2a: Scizor|Bullet Punch|p1a: Boonboon\n|-damage|p1a: Boonboon|45\/100\n|-fieldstart|move: Grassy Terrain|[from] ability: Seed Sower|[of] p1a: Boonboon\n|\n|-heal|p1a: Boonboon|51\/100|[from] Grassy Terrain\n|-heal|p1a: Boonboon|57\/100|[from] item: Leftovers\n|upkeep\n|turn|5\n|c|\u2606JesusPizzaCrusher|bonk\n|\n|t:|1700257686\n|move|p2a: Scizor|Bullet Punch|p1a: Boonboon\n|-damage|p1a: Boonboon|2\/100\n|move|p1a: Boonboon|Strength Sap|p2a: Scizor\n|-unboost|p2a: Scizor|atk|1\n|-heal|p1a: Boonboon|100\/100\n|\n|upkeep\n|turn|6\n|c|\u2606JesusPizzaCrusher|AAAAAA\n|c|\u2606Azu_CriticalXD|si esta bien raro\n|\n|t:|1700257705\n|move|p2a: Scizor|Swords Dance|p2a: Scizor\n|-boost|p2a: Scizor|atk|2\n|move|p1a: Boonboon|Leech Seed|p2a: Scizor\n|-start|p2a: Scizor|move: Leech Seed\n|\n|-damage|p2a: Scizor|88\/100|[from] Leech Seed|[of] p1a: Boonboon\n|upkeep\n|turn|7\n|c|\u2606JesusPizzaCrusher|se me olvido que ese movimiento existia\n|c|\u2606JesusPizzaCrusher|me saco de guardia el sap xd\n|c|\u2606Azu_CriticalXD|el mov chupa el atq y se cura\n|\n|t:|1700257738\n|move|p2a: Scizor|Bullet Punch|p1a: Boonboon\n|-damage|p1a: Boonboon|29\/100\n|move|p1a: Boonboon|Earth Power|p2a: Scizor\n|-damage|p2a: Scizor|63\/100\n|\n|-heal|p2a: Scizor|69\/100|[from] Grassy Terrain\n|-heal|p1a: Boonboon|35\/100|[from] Grassy Terrain\n|-heal|p1a: Boonboon|42\/100|[from] item: Leftovers\n|-damage|p2a: Scizor|57\/100|[from] Leech Seed|[of] p1a: Boonboon\n|-heal|p1a: Boonboon|53\/100|[silent]\n|upkeep\n|turn|8\n|c|\u2606JesusPizzaCrusher|se\n|c|\u2606JesusPizzaCrusher|y cura mas mientras mayor sea el stat\n|c|\u2606JesusPizzaCrusher|por eso se curo full\n|\n|t:|1700257756\n|move|p2a: Scizor|Bullet Punch|p1a: Boonboon\n|-damage|p1a: Boonboon|0 fnt\n|faint|p1a: Boonboon\n|\n|-heal|p2a: Scizor|63\/100|[from] Grassy Terrain\n|-fieldend|move: Grassy Terrain\n|upkeep\n|c|\u2606Azu_CriticalXD|que pendejo xd\n|\n|t:|1700257776\n|switch|p1a: Cuichan|Chansey, F, shiny|100\/100\n|turn|9\n|\n|t:|1700257786\n|move|p2a: Scizor|Bullet Punch|p1a: Cuichan\n|-enditem|p1a: Cuichan|Focus Sash\n|-damage|p1a: Cuichan|1\/100\n|replace|p1a: Zero|Zoroark-Hisui, M, shiny\n|-end|p1a: Zero|Illusion\n|move|p1a: Zero|Flamethrower|p2a: Scizor\n|-supereffective|p2a: Scizor\n|-damage|p2a: Scizor|0 fnt\n|faint|p2a: Scizor\n|\n|upkeep\n|c|\u2606JesusPizzaCrusher|A\n|c|\u2606Azu_CriticalXD|que miedo casi me culean\n|\n|t:|1700257808\n|switch|p2a: Battra|Volcarona, F|100\/100\n|turn|10\n|\n|t:|1700257820\n|move|p1a: Zero|Hyper Voice|p2a: Battra\n|-damage|p2a: Battra|59\/100\n|move|p2a: Battra|Quiver Dance|p2a: Battra\n|-boost|p2a: Battra|spa|1\n|-boost|p2a: Battra|spd|1\n|-boost|p2a: Battra|spe|1\n|\n|upkeep\n|turn|11\n|\n|t:|1700257827\n|move|p2a: Battra|Roost|p2a: Battra\n|-heal|p2a: Battra|100\/100\n|-singleturn|p2a: Battra|move: Roost\n|move|p1a: Zero|Hyper Voice|p2a: Battra\n|-damage|p2a: Battra|71\/100\n|\n|upkeep\n|turn|12\n|\n|t:|1700257833\n|move|p2a: Battra|Quiver Dance|p2a: Battra\n|-boost|p2a: Battra|spa|1\n|-boost|p2a: Battra|spd|1\n|-boost|p2a: Battra|spe|1\n|move|p1a: Zero|Hyper Voice|p2a: Battra\n|-crit|p2a: Battra\n|-damage|p2a: Battra|9\/100\n|\n|upkeep\n|turn|13\n|\n|t:|1700257840\n|move|p2a: Battra|Roost|p2a: Battra\n|-heal|p2a: Battra|59\/100\n|-singleturn|p2a: Battra|move: Roost\n|move|p1a: Zero|Nasty Plot|p1a: Zero\n|-boost|p1a: Zero|spa|2\n|\n|upkeep\n|turn|14\n|\n|t:|1700257848\n|move|p2a: Battra|Air Slash|p1a: Zero\n|-damage|p1a: Zero|0 fnt\n|faint|p1a: Zero\n|\n|upkeep\n|c|\u2606JesusPizzaCrusher|gracias por el setup gratis\n|\n|t:|1700257853\n|switch|p1a: Rossy|Lopunny, F, shiny|100\/100\n|turn|15\n|c|\u2606JesusPizzaCrusher|LA CREATURA\n|c|\u2606Azu_CriticalXD|xxdd\n|\n|t:|1700257865\n|detailschange|p1a: Rossy|Lopunny-Mega, F, shiny\n|-mega|p1a: Rossy|Lopunny|Lopunnite\n|move|p1a: Rossy|Fake Out|p2a: Battra\n|-damage|p2a: Battra|41\/100\n|cant|p2a: Battra|flinch\n|\n|upkeep\n|turn|16\n|\n|t:|1700257874\n|move|p2a: Battra|Roost|p2a: Battra\n|-heal|p2a: Battra|91\/100\n|-singleturn|p2a: Battra|move: Roost\n|move|p1a: Rossy|Frustration|p2a: Battra\n|-damage|p2a: Battra|39\/100\n|-status|p1a: Rossy|brn|[from] ability: Flame Body|[of] p2a: Battra\n|\n|-damage|p1a: Rossy|95\/100 brn|[from] brn\n|upkeep\n|turn|17\n|\n|t:|1700257887\n|switch|p1a: Cuichan|Chansey, F, shiny|100\/100\n|move|p2a: Battra|Roost|p2a: Battra\n|-heal|p2a: Battra|89\/100\n|-singleturn|p2a: Battra|move: Roost\n|\n|upkeep\n|turn|18\n|\n|t:|1700257896\n|move|p2a: Battra|Air Slash|p1a: Cuichan\n|-damage|p1a: Cuichan|86\/100\n|move|p1a: Cuichan|Heal Bell|p1a: Cuichan\n|-activate|p1a: Cuichan|move: Heal Bell\n|-curestatus|p1: Bloodmen|par|[msg]\n|-curestatus|p1: Rossy|brn|[msg]\n|\n|upkeep\n|turn|19\n|c|\u2606JesusPizzaCrusher|si tuviera una moneda por cada vez que quemara a lopunny con flame body tendria 2 monedas\n|c|\u2606Azu_CriticalXD|si se me olvida\n|c|\u2606JesusPizzaCrusher|lo que no es mucho pero es raro que haya pasado 2 veces\n|c|\u2606JesusPizzaCrusher|xd\n|\n|t:|1700257930\n|switch|p2a: Escavalier|Escavalier, F|100\/100\n|move|p1a: Cuichan|Wish|p1a: Cuichan\n|\n|upkeep\n|turn|20\n|c|\u2606Azu_CriticalXD|y tambien que chansey sirve para tu bicho fuego\n|\n|t:|1700257954\n|switch|p1a: Regbeat|Regigigas, shiny|100\/100\n|-start|p1a: Regbeat|ability: Slow Start\n|move|p2a: Escavalier|Close Combat|p1a: Regbeat\n|-supereffective|p1a: Regbeat\n|-damage|p1a: Regbeat|34\/100\n|-unboost|p2a: Escavalier|def|1\n|-unboost|p2a: Escavalier|spd|1\n|\n|-heal|p1a: Regbeat|100\/100|[from] move: Wish|[wisher] Cuichan\n|upkeep\n|turn|21\n|c|\u2606JesusPizzaCrusher|BONK\n|c|\u2606JesusPizzaCrusher|a\n|c|\u2606Azu_CriticalXD|uf\n|\n|t:|1700257983\n|switch|p2a: Bardock|Buzzwole|100\/100\n|-terastallize|p1a: Regbeat|Fighting\n|move|p1a: Regbeat|Power-Up Punch|p2a: Bardock\n|-resisted|p2a: Bardock\n|-damage|p2a: Bardock|94\/100\n|-boost|p1a: Regbeat|atk|1\n|-damage|p1a: Regbeat|84\/100|[from] item: Rocky Helmet|[of] p2a: Bardock\n|\n|-heal|p1a: Regbeat|90\/100|[from] item: Leftovers\n|upkeep\n|turn|22\n|c|\u2606Azu_CriticalXD|!weak bug\n|c| Azu_CriticalXD|\/raw <div class=\"infobox\">Bug:<br \/><span class=\"message-effect-weak\">Weaknesses<\/span>: Fire, Flying, Rock<br \/><span class=\"message-effect-resist\">Resistances<\/span>: Fighting, Grass, Ground<br \/><span class=\"message-effect-immune\">Immunities<\/span>: <font color=#999999>None<\/font><\/div>\n|c|\u2606Azu_CriticalXD|aprendi esto\n|\n|t:|1700258033\n|move|p2a: Bardock|Bulk Up|p2a: Bardock\n|-boost|p2a: Bardock|atk|1\n|-boost|p2a: Bardock|def|1\n|move|p1a: Regbeat|Darkest Lariat|p2a: Bardock\n|-resisted|p2a: Bardock\n|-damage|p2a: Bardock|85\/100\n|-damage|p1a: Regbeat|74\/100|[from] item: Rocky Helmet|[of] p2a: Bardock\n|\n|-heal|p1a: Regbeat|80\/100|[from] item: Leftovers\n|upkeep\n|turn|23\n|\n|t:|1700258045\n|move|p2a: Bardock|Bulk Up|p2a: Bardock\n|-boost|p2a: Bardock|atk|1\n|-boost|p2a: Bardock|def|1\n|move|p1a: Regbeat|Power-Up Punch|p2a: Bardock\n|-resisted|p2a: Bardock\n|-damage|p2a: Bardock|80\/100\n|-boost|p1a: Regbeat|atk|1\n|-damage|p1a: Regbeat|63\/100|[from] item: Rocky Helmet|[of] p2a: Bardock\n|\n|-heal|p1a: Regbeat|70\/100|[from] item: Leftovers\n|upkeep\n|turn|24\n|\n|t:|1700258057\n|move|p2a: Bardock|Drain Punch|p1a: Regbeat\n|-damage|p1a: Regbeat|22\/100\n|-heal|p2a: Bardock|100\/100|[from] drain|[of] p1a: Regbeat\n|move|p1a: Regbeat|Darkest Lariat|p2a: Bardock\n|-resisted|p2a: Bardock\n|-damage|p2a: Bardock|88\/100\n|-damage|p1a: Regbeat|5\/100|[from] item: Rocky Helmet|[of] p2a: Bardock\n|\n|-heal|p1a: Regbeat|11\/100|[from] item: Leftovers\n|-end|p1a: Regbeat|Slow Start\n|upkeep\n|turn|25\n|c|\u2606JesusPizzaCrusher|a\n|\n|t:|1700258070\n|move|p2a: Bardock|Bulk Up|p2a: Bardock\n|-boost|p2a: Bardock|atk|1\n|-boost|p2a: Bardock|def|1\n|move|p1a: Regbeat|Avalanche|p2a: Bardock\n|-damage|p2a: Bardock|75\/100\n|-damage|p1a: Regbeat|0 fnt|[from] item: Rocky Helmet|[of] p2a: Bardock\n|faint|p1a: Regbeat\n|-end|p1a: Regbeat|Slow Start|[silent]\n|\n|upkeep\n|c|\u2606Azu_CriticalXD|chusa\n|c|\u2606Azu_CriticalXD|chucha\n|\n|t:|1700258081\n|switch|p1a: Bloodmen|Maushold-Four, shiny|100\/100\n|turn|26\n|c|\u2606JesusPizzaCrusher|*risa generica de villano*\n|\n|t:|1700258095\n|move|p1a: Bloodmen|Population Bomb|p2a: Bardock\n|-crit|p2a: Bardock\n|-damage|p2a: Bardock|65\/100\n|-damage|p1a: Bloodmen|84\/100|[from] item: Rocky Helmet|[of] p2a: Bardock\n|-damage|p2a: Bardock|62\/100\n|-damage|p1a: Bloodmen|67\/100|[from] item: Rocky Helmet|[of] p2a: Bardock\n|-damage|p2a: Bardock|60\/100\n|-damage|p1a: Bloodmen|51\/100|[from] item: Rocky Helmet|[of] p2a: Bardock\n|-damage|p2a: Bardock|57\/100\n|-damage|p1a: Bloodmen|34\/100|[from] item: Rocky Helmet|[of] p2a: Bardock\n|-damage|p2a: Bardock|54\/100\n|-damage|p1a: Bloodmen|17\/100|[from] item: Rocky Helmet|[of] p2a: Bardock\n|-damage|p2a: Bardock|52\/100\n|-damage|p1a: Bloodmen|1\/100|[from] item: Rocky Helmet|[of] p2a: Bardock\n|-damage|p2a: Bardock|49\/100\n|-damage|p1a: Bloodmen|0 fnt|[from] item: Rocky Helmet|[of] p2a: Bardock\n|faint|p1a: Bloodmen\n|-hitcount|p2a: Bardock|7\n|move|p2a: Bardock|Drain Punch|p1: Bloodmen|[notarget]\n|-fail|p2a: Bardock\n|\n|upkeep\n|c|\u2606JesusPizzaCrusher|AHA\n|c|\u2606Azu_CriticalXD|si lo se\n|c|\u2606Azu_CriticalXD|xd\n|\n|t:|1700258111\n|switch|p1a: Rossy|Lopunny-Mega, F, shiny|95\/100\n|turn|27\n|\n|t:|1700258116\n|move|p1a: Rossy|Fake Out|p2a: Bardock\n|-damage|p2a: Bardock|43\/100\n|-damage|p1a: Rossy|78\/100|[from] item: Rocky Helmet|[of] p2a: Bardock\n|cant|p2a: Bardock|flinch\n|\n|upkeep\n|turn|28\n|c|\u2606JesusPizzaCrusher|AY ESPERA\n|c|\u2606JesusPizzaCrusher|que te hayas suicidado te salio bien\n|c|\u2606JesusPizzaCrusher|ahora no tengo hp\n|c|\u2606JesusPizzaCrusher|A\n|\n|t:|1700258133\n|move|p1a: Rossy|Close Combat|p2a: Bardock\n|-resisted|p2a: Bardock\n|-damage|p2a: Bardock|35\/100\n|-unboost|p1a: Rossy|def|1\n|-unboost|p1a: Rossy|spd|1\n|-damage|p1a: Rossy|61\/100|[from] item: Rocky Helmet|[of] p2a: Bardock\n|move|p2a: Bardock|Drain Punch|p1a: Rossy\n|-supereffective|p1a: Rossy\n|-damage|p1a: Rossy|0 fnt\n|-heal|p2a: Bardock|55\/100|[from] drain|[of] p1a: Rossy\n|faint|p1a: Rossy\n|-ability|p2a: Bardock|Beast Boost|boost\n|-boost|p2a: Bardock|atk|1\n|\n|upkeep\n|c|\u2606JesusPizzaCrusher|._. xd\n|c|\u2606Azu_CriticalXD|igual cague xq no tengo nada xd\n|\n|t:|1700258149\n|switch|p1a: Cuichan|Chansey, F, shiny|86\/100\n|turn|29\n|c|\u2606JesusPizzaCrusher|me acuerdo que yo use a mega lopunny\n|c|\u2606JesusPizzaCrusher|con solo fake out y last resort\n|c|\u2606JesusPizzaCrusher|era una estrategia meme que vi en un canal random\n|c|\u2606Azu_CriticalXD|que hace last resort?\n|c|\u2606JesusPizzaCrusher|tiene 120 de poder\n|c|\u2606JesusPizzaCrusher|pero solo se puede usar si usaste cada otro movimiento\n|\n|t:|1700258201\n|move|p2a: Bardock|Drain Punch|p1a: Cuichan\n|-supereffective|p1a: Cuichan\n|-damage|p1a: Cuichan|0 fnt\n|-heal|p2a: Bardock|100\/100|[from] drain|[of] p1a: Cuichan\n|faint|p1a: Cuichan\n|\n|win|JesusPizzaCrusher\n|c|\u2606Azu_CriticalXD|pero depende de los pokes muertos?\n|c|\u2606JesusPizzaCrusher|nope\n|c|\u2606Azu_CriticalXD|a\n|c|\u2606JesusPizzaCrusher|ese es last respects\n|c|\u2606JesusPizzaCrusher|el del perro\n|c|\u2606Azu_CriticalXD|XD\n|c|\u2606JesusPizzaCrusher|gg\n|c|\u2606Azu_CriticalXD|gg\n|c|\u2606Azu_CriticalXD|rematch\n|c|\u2606JesusPizzaCrusher|dale\n","uploadtime":1700258243,"views":6,"p1id":"azucriticalxd","p2id":"jesuspizzacrusher","formatid":"gen9nationaldex","rating":0,"private":0,"password":""}