{"id":"gen9nationaldex-1992409531","p1":"Betheones","p2":"CascabelGB","format":"[Gen 9] National Dex","log":"|j|\u2606Betheones\n|j|\u2606CascabelGB\n|t:|1700184235\n|gametype|singles\n|player|p1|Betheones|266|1076\n|player|p2|CascabelGB|veteran|1000\n|teamsize|p1|6\n|teamsize|p2|3\n|gen|9\n|tier|[Gen 9] National Dex\n|rated|\n|rule|HP Percentage Mod: HP is shown in percentages\n|rule|Endless Battle Clause: Forcing endless battles is banned\n|rule|OHKO Clause: OHKO moves are banned\n|rule|Evasion Clause: Evasion abilities, items, and moves are banned\n|rule|Evasion Abilities Clause: Evasion abilities are banned\n|rule|Evasion Items Clause: Evasion items are banned\n|rule|Evasion Moves Clause: Evasion moves are banned\n|rule|Species Clause: Limit one of each Pok\u00e9mon\n|rule|Sleep Clause Mod: Limit one foe put to sleep\n|clearpoke\n|poke|p1|Dragonite, M|\n|poke|p1|Iron Valiant|\n|poke|p1|Toxapex, M|\n|poke|p1|Clodsire, M|\n|poke|p1|Mienshao, M|\n|poke|p1|Cloyster, M|\n|poke|p2|Aron, L1, M|\n|poke|p2|Forretress, F|\n|poke|p2|Pineco, F|\n|teampreview\n|\n|t:|1700184256\n|start\n|switch|p1a: Cloyster|Cloyster, M, shiny|100\/100\n|switch|p2a: Pineco|Pineco, F|100\/100\n|turn|1\n|\n|t:|1700184266\n|move|p1a: Cloyster|Icicle Spear|p2a: Pineco\n|-damage|p2a: Pineco|88\/100\n|-damage|p2a: Pineco|75\/100\n|-damage|p2a: Pineco|62\/100\n|-damage|p2a: Pineco|49\/100\n|-damage|p2a: Pineco|37\/100\n|-hitcount|p2a: Pineco|5\n|move|p2a: Pineco|Toxic Spikes|p1a: Cloyster\n|-sidestart|p1: Betheones|move: Toxic Spikes\n|\n|upkeep\n|turn|2\n|\n|t:|1700184277\n|move|p1a: Cloyster|Icicle Spear|p2a: Pineco\n|-damage|p2a: Pineco|23\/100\n|-enditem|p2a: Pineco|Aguav Berry|[eat]\n|-heal|p2a: Pineco|57\/100|[from] item: Aguav Berry\n|-damage|p2a: Pineco|44\/100\n|-damage|p2a: Pineco|31\/100\n|-damage|p2a: Pineco|20\/100\n|-damage|p2a: Pineco|6\/100\n|-hitcount|p2a: Pineco|5\n|move|p2a: Pineco|Toxic Spikes|p1a: Cloyster\n|-sidestart|p1: Betheones|move: Toxic Spikes\n|\n|upkeep\n|turn|3\n|\n|t:|1700184292\n|move|p1a: Cloyster|Icicle Spear|p2a: Pineco\n|-damage|p2a: Pineco|0 fnt\n|faint|p2a: Pineco\n|-hitcount|p2: Pineco|1\n|\n|upkeep\n|\n|t:|1700184298\n|switch|p2a: Forretress|Forretress, F|100\/100\n|turn|4\n|\n|t:|1700184304\n|move|p1a: Cloyster|Shell Smash|p1a: Cloyster\n|-unboost|p1a: Cloyster|def|1\n|-unboost|p1a: Cloyster|spd|1\n|-boost|p1a: Cloyster|atk|2\n|-boost|p1a: Cloyster|spa|2\n|-boost|p1a: Cloyster|spe|2\n|move|p2a: Forretress|Stealth Rock|p1a: Cloyster\n|-sidestart|p1: Betheones|move: Stealth Rock\n|\n|upkeep\n|turn|5\n|\n|t:|1700184315\n|move|p1a: Cloyster|Rock Blast|p2a: Forretress\n|-crit|p2a: Forretress\n|-damage|p2a: Forretress|86\/100\n|-damage|p2a: Forretress|76\/100\n|-damage|p2a: Forretress|66\/100\n|-damage|p2a: Forretress|54\/100\n|-damage|p2a: Forretress|45\/100\n|-hitcount|p2a: Forretress|5\n|move|p2a: Forretress|Body Press|p1a: Cloyster\n|-supereffective|p1a: Cloyster\n|-damage|p1a: Cloyster|28\/100\n|\n|upkeep\n|turn|6\n|\n|t:|1700184335\n|move|p1a: Cloyster|Icicle Spear|p2a: Forretress\n|-resisted|p2a: Forretress\n|-damage|p2a: Forretress|37\/100\n|-resisted|p2a: Forretress\n|-damage|p2a: Forretress|28\/100\n|-resisted|p2a: Forretress\n|-damage|p2a: Forretress|20\/100\n|-resisted|p2a: Forretress\n|-damage|p2a: Forretress|12\/100\n|-resisted|p2a: Forretress\n|-damage|p2a: Forretress|5\/100\n|-hitcount|p2a: Forretress|5\n|move|p2a: Forretress|Body Press|p1a: Cloyster\n|-supereffective|p1a: Cloyster\n|-damage|p1a: Cloyster|0 fnt\n|faint|p1a: Cloyster\n|\n|upkeep\n|\n|t:|1700184351\n|switch|p1a: Dragonite|Dragonite, M, shiny|100\/100\n|-damage|p1a: Dragonite|76\/100|[from] Stealth Rock\n|turn|7\n|-enditem|p2a: Forretress|Custap Berry|[eat]\n|-activate|p2a: Forretress|item: Custap Berry|[consumed]\n|\n|t:|1700184361\n|-terastallize|p1a: Dragonite|Normal\n|move|p1a: Dragonite|Extreme Speed|p2a: Forretress\n|-resisted|p2a: Forretress\n|-damage|p2a: Forretress|0 fnt\n|faint|p2a: Forretress\n|\n|upkeep\n|\n|t:|1700184369\n|switch|p2a: Aron|Aron, L1, M, shiny|100\/100\n|turn|8\n|\n|t:|1700184373\n|move|p1a: Dragonite|Extreme Speed|p2a: Aron\n|-resisted|p2a: Aron\n|-crit|p2a: Aron\n|-ability|p2a: Aron|Sturdy\n|-damage|p2a: Aron|9\/100\n|move|p2a: Aron|Endeavor|p1a: Dragonite\n|-damage|p1a: Dragonite|1\/100\n|-heal|p2a: Aron|100\/100|[from] item: Shell Bell|[of] p1a: Dragonite\n|\n|upkeep\n|turn|9\n|\n|t:|1700184385\n|move|p2a: Aron|Protect|p2a: Aron\n|-singleturn|p2a: Aron|Protect\n|move|p1a: Dragonite|Extreme Speed|p2a: Aron\n|-activate|p2a: Aron|move: Protect\n|\n|upkeep\n|turn|10\n|\n|t:|1700184394\n|move|p1a: Dragonite|Extreme Speed|p2a: Aron\n|-resisted|p2a: Aron\n|-ability|p2a: Aron|Sturdy\n|-damage|p2a: Aron|9\/100\n|move|p2a: Aron|Endeavor|p1a: Dragonite\n|-immune|p1a: Dragonite\n|\n|upkeep\n|turn|11\n|\n|t:|1700184404\n|move|p2a: Aron|Protect|p2a: Aron\n|-singleturn|p2a: Aron|Protect\n|move|p1a: Dragonite|Extreme Speed|p2a: Aron\n|-activate|p2a: Aron|move: Protect\n|\n|upkeep\n|turn|12\n|\n|t:|1700184412\n|move|p1a: Dragonite|Extreme Speed|p2a: Aron\n|-resisted|p2a: Aron\n|-damage|p2a: Aron|0 fnt\n|faint|p2a: Aron\n|\n|win|Betheones\n|raw|Betheones's rating: 1076 &rarr; <strong>1098<\/strong><br \/>(+22 for winning)\n|raw|CascabelGB's rating: 1000 &rarr; <strong>1000<\/strong><br \/>(+0 for losing)\n|l|\u2606CascabelGB\n","uploadtime":1700184426,"views":4,"p1id":"betheones","p2id":"cascabelgb","formatid":"gen9nationaldex","rating":1000,"private":0,"password":""}