{"id":"gen9nationaldex-2000649496","p1":"pablo ruiz pikachu","p2":"RodalfoOuellet","format":"[Gen 9] National Dex","log":"|html|<div class=\"broadcast-blue\"><strong>[Gen 9] National Dex is currently suspecting Sneasler! For information on how to participate check out the <a href=\"https:\/\/www.smogon.com\/forums\/threads\/sv-national-dex-suspect-8-just-dance.3731534\/\">suspect thread<\/a>.<\/strong><\/div>\n|j|\u2606pablo ruiz pikachu\n|j|\u2606RodalfoOuellet\n|t:|1701214481\n|gametype|singles\n|player|p1|pablo ruiz pikachu|artist|1246\n|player|p2|RodalfoOuellet|unknown|1237\n|teamsize|p1|6\n|teamsize|p2|6\n|gen|9\n|tier|[Gen 9] National Dex\n|rated|\n|rule|HP Percentage Mod: HP is shown in percentages\n|rule|Endless Battle Clause: Forcing endless battles is banned\n|rule|OHKO Clause: OHKO moves are banned\n|rule|Evasion Clause: Evasion abilities, items, and moves are banned\n|rule|Evasion Abilities Clause: Evasion abilities are banned\n|rule|Evasion Items Clause: Evasion items are banned\n|rule|Evasion Moves Clause: Evasion moves are banned\n|rule|Species Clause: Limit one of each Pok\u00e9mon\n|rule|Sleep Clause Mod: Limit one foe put to sleep\n|clearpoke\n|poke|p1|Hatterene, F|\n|poke|p1|Garganacl, M|\n|poke|p1|Grimmsnarl, M|\n|poke|p1|Ting-Lu|\n|poke|p1|Serperior, F|\n|poke|p1|Sinistcha-Masterpiece|\n|poke|p2|Mamoswine, M|\n|poke|p2|Crabominable, M|\n|poke|p2|Ninetales-Alola, M|\n|poke|p2|Regice|\n|poke|p2|Cryogonal|\n|poke|p2|Froslass, F|\n|teampreview\n|inactive|Battle timer is ON: inactive players will automatically lose when time's up. (requested by pablo ruiz pikachu)\n|\n|t:|1701214511\n|start\n|switch|p1a: rebotitos|Hatterene, F, shiny|100\/100\n|switch|p2a: thing|Ninetales-Alola, M, shiny|100\/100\n|-weather|Snow|[from] ability: Snow Warning|[of] p2a: thing\n|turn|1\n|\n|t:|1701214519\n|move|p2a: thing|Aurora Veil|p2a: thing\n|-sidestart|p2: RodalfoOuellet|move: Aurora Veil\n|move|p1a: rebotitos|Trick|p2a: thing\n|-activate|p1a: rebotitos|move: Trick|[of] p2a: thing\n|-item|p2a: thing|Choice Scarf|[from] move: Trick\n|-item|p1a: rebotitos|Icy Rock|[from] move: Trick\n|\n|-weather|Snow|[upkeep]\n|upkeep\n|turn|2\n|\n|t:|1701214539\n|switch|p2a: :(|Froslass, F, shiny|100\/100\n|move|p1a: rebotitos|Nuzzle|p2a: :(\n|-damage|p2a: :(|98\/100\n|-status|p2a: :(|par\n|\n|-weather|Snow|[upkeep]\n|upkeep\n|turn|3\n|\n|t:|1701214550\n|move|p2a: :(|Poltergeist|p1a: rebotitos\n|-activate|p1a: rebotitos|move: Poltergeist|Icy Rock\n|-supereffective|p1a: rebotitos\n|-damage|p1a: rebotitos|36\/100\n|move|p1a: rebotitos|Mystical Fire|p2a: :(\n|-supereffective|p2a: :(\n|-damage|p2a: :(|64\/100 par\n|-unboost|p2a: :(|spa|1\n|\n|-weather|Snow|[upkeep]\n|upkeep\n|turn|4\n|\n|t:|1701214561\n|switch|p1a: molestio|Grimmsnarl, M, shiny|100\/100\n|move|p2a: :(|Poltergeist|p1a: molestio\n|-activate|p1a: molestio|move: Poltergeist|Light Clay\n|-resisted|p1a: molestio\n|-damage|p1a: molestio|84\/100\n|\n|-weather|Snow|[upkeep]\n|upkeep\n|turn|5\n|\n|t:|1701214571\n|move|p1a: molestio|Taunt|p2a: :(\n|-start|p2a: :(|move: Taunt\n|cant|p2a: :(|move: Taunt|Destiny Bond\n|\n|-weather|Snow|[upkeep]\n|-sideend|p2: RodalfoOuellet|move: Aurora Veil\n|upkeep\n|turn|6\n|\n|t:|1701214578\n|move|p1a: molestio|Light Screen|p1a: molestio\n|-sidestart|p1: pablo ruiz pikachu|move: Light Screen\n|move|p2a: :(|Poltergeist|p1a: molestio\n|-activate|p1a: molestio|move: Poltergeist|Light Clay\n|-resisted|p1a: molestio\n|-damage|p1a: molestio|66\/100\n|\n|-weather|Snow|[upkeep]\n|upkeep\n|turn|7\n|\n|t:|1701214587\n|move|p1a: molestio|Reflect|p1a: molestio\n|-sidestart|p1: pablo ruiz pikachu|Reflect\n|cant|p2a: :(|par\n|\n|-weather|Snow|[upkeep]\n|-end|p2a: :(|move: Taunt\n|upkeep\n|turn|8\n|\n|t:|1701214595\n|move|p1a: molestio|Taunt|p2a: :(\n|-start|p2a: :(|move: Taunt\n|cant|p2a: :(|move: Taunt|Destiny Bond\n|\n|-weather|none\n|upkeep\n|turn|9\n|\n|t:|1701214602\n|move|p1a: molestio|Parting Shot|p2a: :(\n|-unboost|p2a: :(|atk|1\n|-unboost|p2a: :(|spa|1\n|\n|t:|1701214606\n|switch|p1a: hada de la sal|Garganacl, M|100\/100|[from] Parting Shot\n|cant|p2a: :(|par\n|\n|upkeep\n|turn|10\n|\n|t:|1701214613\n|move|p2a: :(|Poltergeist|p1a: hada de la sal\n|-activate|p1a: hada de la sal|move: Poltergeist|Leftovers\n|-damage|p1a: hada de la sal|97\/100\n|move|p1a: hada de la sal|Salt Cure|p2a: :(\n|-supereffective|p2a: :(\n|-damage|p2a: :(|16\/100 par\n|-start|p2a: :(|Salt Cure\n|-start|p1a: hada de la sal|Disable|Salt Cure|[from] ability: Cursed Body|[of] p2a: :(\n|\n|-heal|p1a: hada de la sal|100\/100|[from] item: Leftovers\n|-damage|p2a: :(|4\/100 par|[from] Salt Cure\n|-end|p2a: :(|move: Taunt\n|upkeep\n|turn|11\n|-enditem|p2a: :(|Custap Berry|[eat]\n|-activate|p2a: :(|item: Custap Berry|[consumed]\n|\n|t:|1701214629\n|switch|p1a: rebotitos|Hatterene, F, shiny|36\/100\n|cant|p2a: :(|par\n|\n|-damage|p2a: :(|0 fnt|[from] Salt Cure\n|faint|p2a: :(\n|upkeep\n|inactive|RodalfoOuellet has 120 seconds left.\n|\n|t:|1701214659\n|switch|p2a: Regifreezy|Regice, shiny|100\/100\n|turn|12\n|\n|t:|1701214663\n|move|p2a: Regifreezy|Flash Cannon|p1a: rebotitos\n|-supereffective|p1a: rebotitos\n|-damage|p1a: rebotitos|10\/100\n|move|p1a: rebotitos|Mystical Fire|p2a: Regifreezy\n|-supereffective|p2a: Regifreezy\n|-damage|p2a: Regifreezy|84\/100\n|-unboost|p2a: Regifreezy|spa|1\n|\n|upkeep\n|turn|13\n|\n|t:|1701214682\n|switch|p1a: la v\u00edbora de tu ex|Serperior, F|100\/100\n|move|p2a: Regifreezy|Flash Cannon|p1a: la v\u00edbora de tu ex\n|-damage|p1a: la v\u00edbora de tu ex|91\/100\n|\n|-heal|p1a: la v\u00edbora de tu ex|98\/100|[from] item: Leftovers\n|-sideend|p1: pablo ruiz pikachu|move: Light Screen\n|upkeep\n|turn|14\n|\n|t:|1701214692\n|-terastallize|p1a: la v\u00edbora de tu ex|Fire\n|move|p1a: la v\u00edbora de tu ex|Leaf Storm|p2a: Regifreezy\n|-damage|p2a: Regifreezy|66\/100\n|-boost|p1a: la v\u00edbora de tu ex|spa|2\n|move|p2a: Regifreezy|Ice Beam|p1a: la v\u00edbora de tu ex\n|-resisted|p1a: la v\u00edbora de tu ex\n|-damage|p1a: la v\u00edbora de tu ex|80\/100\n|\n|-heal|p1a: la v\u00edbora de tu ex|86\/100|[from] item: Leftovers\n|-sideend|p1: pablo ruiz pikachu|Reflect\n|upkeep\n|turn|15\n|\n|t:|1701214704\n|move|p1a: la v\u00edbora de tu ex|Leaf Storm|p2a: Regifreezy\n|-damage|p2a: Regifreezy|33\/100\n|-boost|p1a: la v\u00edbora de tu ex|spa|2\n|move|p2a: Regifreezy|Thunderbolt|p1a: la v\u00edbora de tu ex\n|-damage|p1a: la v\u00edbora de tu ex|62\/100\n|\n|-heal|p1a: la v\u00edbora de tu ex|69\/100|[from] item: Leftovers\n|upkeep\n|turn|16\n|\n|t:|1701214720\n|move|p1a: la v\u00edbora de tu ex|Hidden Power|p2a: Regifreezy\n|-supereffective|p2a: Regifreezy\n|-damage|p2a: Regifreezy|0 fnt\n|faint|p2a: Regifreezy\n|\n|-heal|p1a: la v\u00edbora de tu ex|75\/100|[from] item: Leftovers\n|upkeep\n|\n|t:|1701214737\n|switch|p2a: thing|Ninetales-Alola, M, shiny|100\/100\n|-weather|Snow|[from] ability: Snow Warning|[of] p2a: thing\n|turn|17\n|\n|t:|1701214741\n|move|p2a: thing|Aurora Veil|p2a: thing\n|-sidestart|p2: RodalfoOuellet|move: Aurora Veil\n|move|p1a: la v\u00edbora de tu ex|Sunny Day|p1a: la v\u00edbora de tu ex\n|-weather|SunnyDay\n|\n|-weather|SunnyDay|[upkeep]\n|-heal|p1a: la v\u00edbora de tu ex|81\/100|[from] item: Leftovers\n|upkeep\n|turn|18\n|\n|t:|1701214759\n|switch|p2a: hello|Cryogonal, shiny|100\/100\n|move|p1a: la v\u00edbora de tu ex|Hidden Power|p2a: hello\n|-supereffective|p2a: hello\n|-damage|p2a: hello|23\/100\n|\n|-weather|SunnyDay|[upkeep]\n|-heal|p1a: la v\u00edbora de tu ex|87\/100|[from] item: Leftovers\n|upkeep\n|turn|19\n|\n|t:|1701214773\n|-terastallize|p2a: hello|Ground\n|move|p1a: la v\u00edbora de tu ex|Leaf Storm|p2a: hello\n|-supereffective|p2a: hello\n|-damage|p2a: hello|0 fnt\n|-boost|p1a: la v\u00edbora de tu ex|spa|2\n|faint|p2a: hello\n|\n|-weather|SunnyDay|[upkeep]\n|-heal|p1a: la v\u00edbora de tu ex|94\/100|[from] item: Leftovers\n|upkeep\n|\n|t:|1701214781\n|switch|p2a: fragile but..|Crabominable, M, shiny|100\/100\n|turn|20\n|\n|t:|1701214788\n|move|p1a: la v\u00edbora de tu ex|Hidden Power|p2a: fragile but..\n|-supereffective|p2a: fragile but..\n|-enditem|p2a: fragile but..|Focus Sash\n|-damage|p2a: fragile but..|1\/100\n|move|p2a: fragile but..|Earthquake|p1a: la v\u00edbora de tu ex\n|-supereffective|p1a: la v\u00edbora de tu ex\n|-damage|p1a: la v\u00edbora de tu ex|8\/100\n|\n|-weather|SunnyDay|[upkeep]\n|-heal|p1a: la v\u00edbora de tu ex|15\/100|[from] item: Leftovers\n|upkeep\n|turn|21\n|-message|RodalfoOuellet forfeited.\n|\n|win|pablo ruiz pikachu\n|raw|pablo ruiz pikachu's rating: 1203 &rarr; <strong>1230<\/strong><br \/>(+27 for winning)\n|raw|RodalfoOuellet's rating: 1237 &rarr; <strong>1210<\/strong><br \/>(-27 for losing)\n|l|\u2606RodalfoOuellet\n","uploadtime":1701214806,"views":0,"p1id":"pabloruizpikachu","p2id":"rodalfoouellet","formatid":"gen9nationaldex","rating":1210,"private":0,"password":""}