{"id":"gen9nationaldex-1998035783","p1":"ErikGS31","p2":"SrPorquet","format":"[Gen 9] National Dex","log":"|html|<div class=\"broadcast-blue\"><strong>[Gen 9] National Dex is currently suspecting Sneasler! For information on how to participate check out the <a href=\"https:\/\/www.smogon.com\/forums\/threads\/sv-national-dex-suspect-8-just-dance.3731534\/\">suspect thread<\/a>.<\/strong><\/div>\n|j|\u2606ErikGS31\n|j|\u203dSrPorquet\n|t:|1700881858\n|gametype|singles\n|player|p1|ErikGS31|pokemonranger-gen4|1185\n|player|p2|SrPorquet|falkner|1202\n|teamsize|p1|6\n|teamsize|p2|6\n|gen|9\n|tier|[Gen 9] National Dex\n|rated|\n|rule|HP Percentage Mod: HP is shown in percentages\n|rule|Endless Battle Clause: Forcing endless battles is banned\n|rule|OHKO Clause: OHKO moves are banned\n|rule|Evasion Clause: Evasion abilities, items, and moves are banned\n|rule|Evasion Abilities Clause: Evasion abilities are banned\n|rule|Evasion Items Clause: Evasion items are banned\n|rule|Evasion Moves Clause: Evasion moves are banned\n|rule|Species Clause: Limit one of each Pok\u00e9mon\n|rule|Sleep Clause Mod: Limit one foe put to sleep\n|clearpoke\n|poke|p1|Espeon, F|\n|poke|p1|Venusaur, F|\n|poke|p1|Golem, M|\n|poke|p1|Ampharos, F|\n|poke|p1|Arcanine, M|\n|poke|p1|Azumarill, M|\n|poke|p2|Goodra-Hisui, M|\n|poke|p2|Wyrdeer, M|\n|poke|p2|Leavanny, F|\n|poke|p2|Avalugg, M|\n|poke|p2|Togekiss, M|\n|poke|p2|Floatzel, M|\n|teampreview\n|inactive|Battle timer is ON: inactive players will automatically lose when time's up. (requested by ErikGS31)\n|\n|t:|1700881875\n|start\n|switch|p1a: Pietro|Golem, M|100\/100\n|switch|p2a: Leavanny|Leavanny, F|100\/100\n|turn|1\n|\n|t:|1700881880\n|move|p2a: Leavanny|Knock Off|p1a: Pietro\n|-damage|p1a: Pietro|80\/100\n|-enditem|p1a: Pietro|Weakness Policy|[from] move: Knock Off|[of] p2a: Leavanny\n|move|p1a: Pietro|Stealth Rock|p2a: Leavanny\n|-sidestart|p2: SrPorquet|move: Stealth Rock\n|\n|upkeep\n|turn|2\n|\n|t:|1700881889\n|move|p2a: Leavanny|Sticky Web|p1a: Pietro\n|-sidestart|p1: ErikGS31|move: Sticky Web\n|move|p1a: Pietro|Stone Edge|p2a: Leavanny\n|-supereffective|p2a: Leavanny\n|-crit|p2a: Leavanny\n|-enditem|p2a: Leavanny|Focus Sash\n|-damage|p2a: Leavanny|1\/100\n|\n|upkeep\n|turn|3\n|\n|t:|1700881897\n|move|p2a: Leavanny|Leaf Blade|p1a: Pietro\n|-supereffective|p1a: Pietro\n|-damage|p1a: Pietro|0 fnt\n|faint|p1a: Pietro\n|\n|upkeep\n|\n|t:|1700881902\n|switch|p1a: Fogonazo|Arcanine, M|100\/100\n|-activate|p1a: Fogonazo|move: Sticky Web\n|-unboost|p1a: Fogonazo|spe|1\n|-ability|p1a: Fogonazo|Intimidate|boost\n|-unboost|p2a: Leavanny|atk|1\n|turn|4\n|\n|t:|1700881907\n|move|p1a: Fogonazo|Extreme Speed|p2a: Leavanny\n|-damage|p2a: Leavanny|0 fnt\n|faint|p2a: Leavanny\n|\n|upkeep\n|\n|t:|1700881911\n|switch|p2a: Floatzel|Floatzel, M|100\/100\n|-damage|p2a: Floatzel|88\/100|[from] Stealth Rock\n|turn|5\n|\n|t:|1700881918\n|-terastallize|p1a: Fogonazo|Fighting\n|move|p2a: Floatzel|Wave Crash|p1a: Fogonazo\n|-damage|p1a: Fogonazo|30\/100\n|-damage|p2a: Floatzel|60\/100|[from] Recoil\n|-damage|p2a: Floatzel|50\/100|[from] item: Life Orb\n|move|p1a: Fogonazo|Wild Charge|p2a: Floatzel\n|-supereffective|p2a: Floatzel\n|-damage|p2a: Floatzel|0 fnt\n|faint|p2a: Floatzel\n|-damage|p1a: Fogonazo|20\/100|[from] Recoil\n|\n|upkeep\n|\n|t:|1700881928\n|switch|p2a: Togekiss|Togekiss, M|100\/100\n|-damage|p2a: Togekiss|76\/100|[from] Stealth Rock\n|turn|6\n|\n|t:|1700881933\n|move|p1a: Fogonazo|Extreme Speed|p2a: Togekiss\n|-damage|p2a: Togekiss|51\/100\n|move|p2a: Togekiss|Dazzling Gleam|p1a: Fogonazo\n|-supereffective|p1a: Fogonazo\n|-damage|p1a: Fogonazo|0 fnt\n|faint|p1a: Fogonazo\n|\n|-heal|p2a: Togekiss|57\/100|[from] item: Leftovers\n|upkeep\n|\n|t:|1700881951\n|switch|p1a: Caspio|Azumarill, M|100\/100\n|-activate|p1a: Caspio|move: Sticky Web\n|-unboost|p1a: Caspio|spe|1\n|turn|7\n|\n|t:|1700881963\n|move|p2a: Togekiss|Air Slash|p1a: Caspio\n|-damage|p1a: Caspio|69\/100\n|cant|p1a: Caspio|flinch\n|\n|-heal|p2a: Togekiss|64\/100|[from] item: Leftovers\n|upkeep\n|turn|8\n|\n|t:|1700881993\n|move|p2a: Togekiss|Air Slash|p1a: Caspio\n|-damage|p1a: Caspio|40\/100\n|-zpower|p1a: Caspio\n|move|p1a: Caspio|Z-Belly Drum|p1a: Caspio|[anim]Belly Drum\n|-heal|p1a: Caspio|100\/100|[zeffect]\n|-damage|p1a: Caspio|50\/100\n|-setboost|p1a: Caspio|atk|6|[from] move: Belly Drum\n|\n|-heal|p2a: Togekiss|70\/100|[from] item: Leftovers\n|upkeep\n|turn|9\n|\n|t:|1700882021\n|move|p1a: Caspio|Aqua Jet|p2a: Togekiss\n|-damage|p2a: Togekiss|0 fnt\n|faint|p2a: Togekiss\n|\n|upkeep\n|\n|t:|1700882023\n|switch|p2a: Avalugg|Avalugg, M|100\/100\n|-damage|p2a: Avalugg|76\/100|[from] Stealth Rock\n|turn|10\n|\n|t:|1700882031\n|move|p1a: Caspio|Aqua Jet|p2a: Avalugg\n|-damage|p2a: Avalugg|43\/100\n|-damage|p1a: Caspio|34\/100|[from] item: Rocky Helmet|[of] p2a: Avalugg\n|move|p2a: Avalugg|Earthquake|p1a: Caspio\n|-damage|p1a: Caspio|3\/100\n|\n|upkeep\n|turn|11\n|\n|t:|1700882042\n|move|p1a: Caspio|Aqua Jet|p2a: Avalugg\n|-damage|p2a: Avalugg|5\/100\n|-damage|p1a: Caspio|0 fnt|[from] item: Rocky Helmet|[of] p2a: Avalugg\n|faint|p1a: Caspio\n|move|p2a: Avalugg|Curse|p2a: Avalugg\n|-unboost|p2a: Avalugg|spe|1\n|-boost|p2a: Avalugg|atk|1\n|-boost|p2a: Avalugg|def|1\n|\n|upkeep\n|\n|t:|1700882051\n|switch|p1a: Alba|Espeon, F|100\/100\n|-activate|p1a: Alba|move: Sticky Web\n|-unboost|p1a: Alba|spe|1\n|turn|12\n|\n|t:|1700882061\n|move|p1a: Alba|Psychic|p2a: Avalugg\n|-damage|p2a: Avalugg|0 fnt\n|faint|p2a: Avalugg\n|\n|upkeep\n|\n|t:|1700882063\n|switch|p2a: Wyrdeer|Wyrdeer, M|100\/100\n|-damage|p2a: Wyrdeer|88\/100|[from] Stealth Rock\n|-ability|p2a: Wyrdeer|Intimidate|boost\n|-unboost|p1a: Alba|atk|1\n|turn|13\n|\n|t:|1700882083\n|move|p1a: Alba|Psychic|p2a: Wyrdeer\n|-resisted|p2a: Wyrdeer\n|-damage|p2a: Wyrdeer|63\/100\n|move|p2a: Wyrdeer|Megahorn|p1a: Alba\n|-supereffective|p1a: Alba\n|-enditem|p1a: Alba|Focus Sash\n|-damage|p1a: Alba|1\/100\n|\n|upkeep\n|turn|14\n|\n|t:|1700882091\n|move|p1a: Alba|Dazzling Gleam|p2a: Wyrdeer\n|-damage|p2a: Wyrdeer|28\/100\n|move|p2a: Wyrdeer|Earthquake|p1a: Alba\n|-damage|p1a: Alba|0 fnt\n|faint|p1a: Alba\n|\n|upkeep\n|\n|t:|1700882098\n|switch|p1a: Centella|Ampharos, F|100\/100\n|-activate|p1a: Centella|move: Sticky Web\n|-unboost|p1a: Centella|spe|1\n|turn|15\n|\n|t:|1700882104\n|switch|p2a: Goodra|Goodra-Hisui, M|100\/100\n|-damage|p2a: Goodra|94\/100|[from] Stealth Rock\n|move|p1a: Centella|Thunderbolt|p2a: Goodra\n|-resisted|p2a: Goodra\n|-damage|p2a: Goodra|82\/100\n|-status|p2a: Goodra|par\n|\n|-heal|p2a: Goodra|88\/100 par|[from] item: Leftovers\n|upkeep\n|turn|16\n|\n|t:|1700882113\n|switch|p1a: Passiflora|Venusaur, F|100\/100\n|-activate|p1a: Passiflora|move: Sticky Web\n|-unboost|p1a: Passiflora|spe|1\n|move|p2a: Goodra|Toxic|p1a: Passiflora\n|-immune|p1a: Passiflora\n|\n|-heal|p2a: Goodra|94\/100 par|[from] item: Leftovers\n|upkeep\n|turn|17\n|\n|t:|1700882122\n|detailschange|p1a: Passiflora|Venusaur-Mega, F\n|-mega|p1a: Passiflora|Venusaur|Venusaurite\n|move|p1a: Passiflora|Toxic||[still]\n|-fail|p1a: Passiflora\n|cant|p2a: Goodra|par\n|\n|-heal|p2a: Goodra|99\/100 par|[from] item: Leftovers\n|upkeep\n|turn|18\n|\n|t:|1700882129\n|move|p1a: Passiflora|Leech Seed|p2a: Goodra\n|-start|p2a: Goodra|move: Leech Seed\n|move|p2a: Goodra|Dragon Pulse|p1a: Passiflora\n|-damage|p1a: Passiflora|66\/100\n|\n|-heal|p2a: Goodra|100\/100 par|[from] item: Leftovers\n|-damage|p2a: Goodra|88\/100 par|[from] Leech Seed|[of] p1a: Passiflora\n|-heal|p1a: Passiflora|78\/100|[silent]\n|upkeep\n|turn|19\n|\n|t:|1700882136\n|switch|p2a: Wyrdeer|Wyrdeer, M|28\/100\n|-damage|p2a: Wyrdeer|16\/100|[from] Stealth Rock\n|-ability|p2a: Wyrdeer|Intimidate|boost\n|-unboost|p1a: Passiflora|atk|1\n|-enditem|p2a: Wyrdeer|Aguav Berry|[eat]\n|-heal|p2a: Wyrdeer|49\/100|[from] item: Aguav Berry\n|move|p1a: Passiflora|Giga Drain|p2a: Wyrdeer\n|-damage|p2a: Wyrdeer|16\/100\n|-heal|p1a: Passiflora|95\/100|[from] drain|[of] p2a: Wyrdeer\n|\n|upkeep\n|turn|20\n|\n|t:|1700882146\n|move|p2a: Wyrdeer|Zen Headbutt|p1a: Passiflora\n|-supereffective|p1a: Passiflora\n|-damage|p1a: Passiflora|39\/100\n|move|p1a: Passiflora|Giga Drain|p2a: Wyrdeer\n|-damage|p2a: Wyrdeer|0 fnt\n|-heal|p1a: Passiflora|47\/100|[from] drain|[of] p2a: Wyrdeer\n|faint|p2a: Wyrdeer\n|\n|upkeep\n|\n|t:|1700882150\n|switch|p2a: Goodra|Goodra-Hisui, M|88\/100 par\n|-damage|p2a: Goodra|82\/100 par|[from] Stealth Rock\n|turn|21\n|\n|t:|1700882156\n|move|p1a: Passiflora|Leech Seed|p2a: Goodra\n|-start|p2a: Goodra|move: Leech Seed\n|cant|p2a: Goodra|par\n|\n|-heal|p2a: Goodra|88\/100 par|[from] item: Leftovers\n|-damage|p2a: Goodra|76\/100 par|[from] Leech Seed|[of] p1a: Passiflora\n|-heal|p1a: Passiflora|58\/100|[silent]\n|upkeep\n|turn|22\n|-message|SrPorquet forfeited.\n|\n|win|ErikGS31\n|raw|ErikGS31's rating: 1185 &rarr; <strong>1210<\/strong><br \/>(+25 for winning)\n|raw|SrPorquet's rating: 1184 &rarr; <strong>1159<\/strong><br \/>(-25 for losing)\n|l|\u203dSrPorquet\n","uploadtime":1700882166,"views":1,"p1id":"erikgs31","p2id":"srporquet","formatid":"gen9nationaldex","rating":1159,"private":0,"password":""}