{"id":"gen9nationaldex-1998324256","p1":"Azu_CriticalXD","p2":"mrpovea","format":"[Gen 9] National Dex","log":"|html|<div class=\"broadcast-blue\"><strong>[Gen 9] National Dex is currently suspecting Sneasler! For information on how to participate check out the <a href=\"https:\/\/www.smogon.com\/forums\/threads\/sv-national-dex-suspect-8-just-dance.3731534\/\">suspect thread<\/a>.<\/strong><\/div>\n|j|\u2606Azu_CriticalXD\n|j|\u2606mrpovea\n|t:|1700929529\n|gametype|singles\n|player|p1|Azu_CriticalXD|ltsurge|\n|player|p2|mrpovea|169|\n|teamsize|p1|6\n|teamsize|p2|6\n|gen|9\n|tier|[Gen 9] National Dex\n|rule|HP Percentage Mod: HP is shown in percentages\n|rule|Endless Battle Clause: Forcing endless battles is banned\n|rule|OHKO Clause: OHKO moves are banned\n|rule|Evasion Clause: Evasion abilities, items, and moves are banned\n|rule|Evasion Abilities Clause: Evasion abilities are banned\n|rule|Evasion Items Clause: Evasion items are banned\n|rule|Evasion Moves Clause: Evasion moves are banned\n|rule|Species Clause: Limit one of each Pok\u00e9mon\n|rule|Sleep Clause Mod: Limit one foe put to sleep\n|clearpoke\n|poke|p1|Regigigas|\n|poke|p1|Zoroark-Hisui, M|\n|poke|p1|Maushold-Four|\n|poke|p1|Pidgeot, M|\n|poke|p1|Ursaluna, F|\n|poke|p1|Chansey, F|\n|poke|p2|Samurott, M|\n|poke|p2|Leavanny, M|\n|poke|p2|Magnezone|\n|poke|p2|Chandelure, F|\n|poke|p2|Krookodile, M|\n|poke|p2|Sigilyph, M|\n|teampreview\n|c|\u2606Azu_CriticalXD|si\n|c|\u2606Azu_CriticalXD|hola\n|c|\u2606mrpovea|buenas\n|\n|t:|1700929556\n|start\n|switch|p1a: Fancie|Ursaluna, F, shiny|100\/100\n|switch|p2a: Krookodile|Krookodile, M|100\/100\n|turn|1\n|\n|t:|1700929569\n|move|p2a: Krookodile|Brick Break|p1a: Fancie\n|-supereffective|p1a: Fancie\n|-damage|p1a: Fancie|65\/100\n|move|p1a: Fancie|Earthquake|p2a: Krookodile\n|-damage|p2a: Krookodile|24\/100\n|\n|-status|p1a: Fancie|brn|[from] item: Flame Orb\n|upkeep\n|turn|2\n|\n|t:|1700929588\n|-terastallize|p1a: Fancie|Ghost\n|move|p2a: Krookodile|Brick Break|p1a: Fancie\n|-immune|p1a: Fancie\n|move|p1a: Fancie|Shadow Claw|p2a: Krookodile\n|-resisted|p2a: Krookodile\n|-damage|p2a: Krookodile|0 fnt\n|faint|p2a: Krookodile\n|\n|-damage|p1a: Fancie|59\/100 brn|[from] brn\n|upkeep\n|\n|t:|1700929605\n|switch|p2a: Chandelure|Chandelure, F|100\/100\n|turn|3\n|\n|t:|1700929609\n|move|p2a: Chandelure|Shadow Ball|p1a: Fancie\n|-supereffective|p1a: Fancie\n|-damage|p1a: Fancie|0 fnt\n|faint|p1a: Fancie\n|\n|upkeep\n|\n|t:|1700929621\n|switch|p1a: Chachan|Chansey, F, shiny|100\/100\n|turn|4\n|\n|t:|1700929639\n|switch|p2a: Leavanny|Leavanny, M|100\/100\n|move|p1a: Chachan|Wish|p1a: Chachan\n|\n|upkeep\n|turn|5\n|\n|t:|1700929652\n|switch|p1a: LordJesus|Pidgeot, M, shiny|100\/100\n|move|p2a: Leavanny|Leaf Blade|p1a: LordJesus\n|-resisted|p1a: LordJesus\n|-damage|p1a: LordJesus|71\/100\n|\n|-heal|p1a: LordJesus|100\/100|[from] move: Wish|[wisher] Chachan\n|upkeep\n|turn|6\n|\n|t:|1700929662\n|switch|p2a: Magnezone|Magnezone|100\/100\n|-item|p2a: Magnezone|Air Balloon\n|detailschange|p1a: LordJesus|Pidgeot-Mega, M, shiny\n|-mega|p1a: LordJesus|Pidgeot|Pidgeotite\n|move|p1a: LordJesus|Hurricane|p2a: Magnezone\n|-resisted|p2a: Magnezone\n|-damage|p2a: Magnezone|85\/100\n|-enditem|p2a: Magnezone|Air Balloon\n|\n|upkeep\n|turn|7\n|\n|t:|1700929674\n|move|p1a: LordJesus|Heat Wave|p2a: Magnezone\n|-supereffective|p2a: Magnezone\n|-damage|p2a: Magnezone|11\/100\n|move|p2a: Magnezone|Discharge|p1a: LordJesus\n|-supereffective|p1a: LordJesus\n|-damage|p1a: LordJesus|0 fnt\n|faint|p1a: LordJesus\n|\n|upkeep\n|\n|t:|1700929691\n|switch|p1a: Bloodmen|Maushold-Four, shiny|100\/100\n|turn|8\n|\n|t:|1700929700\n|move|p1a: Bloodmen|Population Bomb|p2a: Magnezone\n|-resisted|p2a: Magnezone\n|-damage|p2a: Magnezone|7\/100\n|-resisted|p2a: Magnezone\n|-damage|p2a: Magnezone|1\/100\n|-resisted|p2a: Magnezone\n|-damage|p2a: Magnezone|0 fnt\n|faint|p2a: Magnezone\n|-hitcount|p2: Magnezone|3\n|\n|upkeep\n|\n|t:|1700929721\n|switch|p2a: Chandelure|Chandelure, F|100\/100\n|turn|9\n|\n|t:|1700929729\n|switch|p1a: Bloodmen|Maushold-Four, shiny|100\/100\n|move|p2a: Chandelure|Energy Ball|p1a: Bloodmen\n|-damage|p1a: Bloodmen|33\/100\n|replace|p1a: Zero|Zoroark-Hisui, M, shiny\n|-end|p1a: Zero|Illusion\n|\n|upkeep\n|turn|10\n|\n|t:|1700929746\n|switch|p2a: Samurott|Samurott, M|100\/100\n|move|p1a: Zero|Shadow Ball|p2a: Samurott\n|-damage|p2a: Samurott|66\/100\n|-unboost|p2a: Samurott|spd|1\n|\n|upkeep\n|turn|11\n|\n|t:|1700929759\n|switch|p1a: Regibeat|Regigigas, shiny|100\/100\n|-start|p1a: Regibeat|ability: Slow Start\n|move|p2a: Samurott|Scald|p1a: Regibeat\n|-damage|p1a: Regibeat|68\/100\n|-status|p1a: Regibeat|brn\n|\n|-heal|p1a: Regibeat|74\/100 brn|[from] item: Leftovers\n|-damage|p1a: Regibeat|68\/100 brn|[from] brn\n|upkeep\n|turn|12\n|\n|t:|1700929776\n|-end|p1a: Regibeat|Slow Start|[silent]\n|switch|p1a: Chachan|Chansey, F, shiny|100\/100\n|-terastallize|p2a: Samurott|Water\n|move|p2a: Samurott|Scald|p1a: Chachan\n|-damage|p1a: Chachan|84\/100\n|\n|upkeep\n|turn|13\n|\n|t:|1700929785\n|switch|p2a: Leavanny|Leavanny, M|100\/100\n|move|p1a: Chachan|Toxic|p2a: Leavanny\n|-status|p2a: Leavanny|tox\n|\n|-damage|p2a: Leavanny|94\/100 tox|[from] psn\n|upkeep\n|turn|14\n|\n|t:|1700929796\n|switch|p1a: Regibeat|Regigigas, shiny|68\/100 brn\n|-start|p1a: Regibeat|ability: Slow Start\n|move|p2a: Leavanny|Lunge|p1a: Regibeat\n|-damage|p1a: Regibeat|40\/100 brn\n|-unboost|p1a: Regibeat|atk|1\n|\n|-heal|p1a: Regibeat|46\/100 brn|[from] item: Leftovers\n|-damage|p2a: Leavanny|82\/100 tox|[from] psn\n|-damage|p1a: Regibeat|40\/100 brn|[from] brn\n|upkeep\n|turn|15\n|\n|t:|1700929811\n|move|p2a: Leavanny|Poison Jab|p1a: Regibeat\n|-damage|p1a: Regibeat|22\/100 brn\n|move|p1a: Regibeat|Avalanche|p2a: Leavanny\n|-supereffective|p2a: Leavanny\n|-damage|p2a: Leavanny|56\/100 tox\n|\n|-heal|p1a: Regibeat|29\/100 brn|[from] item: Leftovers\n|-damage|p2a: Leavanny|38\/100 tox|[from] psn\n|-damage|p1a: Regibeat|22\/100 brn|[from] brn\n|upkeep\n|turn|16\n|\n|t:|1700929828\n|move|p2a: Leavanny|Leaf Blade|p1a: Regibeat\n|-damage|p1a: Regibeat|0 fnt\n|faint|p1a: Regibeat\n|-end|p1a: Regibeat|Slow Start|[silent]\n|\n|-damage|p2a: Leavanny|13\/100 tox|[from] psn\n|upkeep\n|\n|t:|1700929842\n|switch|p1a: Bloodmen|Maushold-Four, shiny|33\/100\n|turn|17\n|\n|t:|1700929853\n|move|p1a: Bloodmen|Shadow Ball|p2a: Leavanny\n|-damage|p2a: Leavanny|0 fnt\n|faint|p2a: Leavanny\n|\n|upkeep\n|\n|t:|1700929858\n|switch|p2a: Samurott|Samurott, M, tera:Water|66\/100\n|turn|18\n|\n|t:|1700929864\n|switch|p1a: Chachan|Chansey, F, shiny|84\/100\n|move|p2a: Samurott|Scald|p1a: Chachan\n|-damage|p1a: Chachan|67\/100\n|-status|p1a: Chachan|brn\n|\n|-damage|p1a: Chachan|61\/100 brn|[from] brn\n|upkeep\n|turn|19\n|j| mariopan\n|\n|t:|1700929884\n|move|p2a: Samurott|Air Slash|p1a: Chachan\n|-damage|p1a: Chachan|53\/100 brn\n|move|p1a: Chachan|Wish|p1a: Chachan\n|\n|-damage|p1a: Chachan|47\/100 brn|[from] brn\n|upkeep\n|turn|20\n|\n|t:|1700929891\n|move|p2a: Samurott|Air Slash|p1a: Chachan\n|-damage|p1a: Chachan|39\/100 brn\n|move|p1a: Chachan|Toxic|p2a: Samurott\n|-status|p2a: Samurott|tox\n|\n|-heal|p1a: Chachan|89\/100 brn|[from] move: Wish|[wisher] Chachan\n|-damage|p2a: Samurott|60\/100 tox|[from] psn\n|-damage|p1a: Chachan|83\/100 brn|[from] brn\n|upkeep\n|turn|21\n|\n|t:|1700929906\n|move|p2a: Samurott|Air Slash|p1a: Chachan\n|-damage|p1a: Chachan|74\/100 brn\n|move|p1a: Chachan|Toxic|p2a: Samurott\n|-fail|p2a: Samurott|tox\n|\n|-damage|p2a: Samurott|48\/100 tox|[from] psn\n|-damage|p1a: Chachan|68\/100 brn|[from] brn\n|upkeep\n|turn|22\n|\n|t:|1700929916\n|move|p2a: Samurott|Air Slash|p1a: Chachan\n|-damage|p1a: Chachan|60\/100 brn\n|move|p1a: Chachan|Toxic|p2a: Samurott\n|-fail|p2a: Samurott|tox\n|\n|-damage|p2a: Samurott|30\/100 tox|[from] psn\n|-damage|p1a: Chachan|54\/100 brn|[from] brn\n|upkeep\n|turn|23\n|\n|t:|1700929932\n|move|p2a: Samurott|Air Slash|p1a: Chachan\n|-damage|p1a: Chachan|46\/100 brn\n|cant|p1a: Chachan|flinch\n|\n|-damage|p2a: Samurott|5\/100 tox|[from] psn\n|-damage|p1a: Chachan|40\/100 brn|[from] brn\n|upkeep\n|turn|24\n|\n|t:|1700929939\n|move|p2a: Samurott|Scald|p1a: Chachan\n|-damage|p1a: Chachan|18\/100 brn\n|move|p1a: Chachan|Wish|p1a: Chachan\n|\n|-damage|p2a: Samurott|0 fnt|[from] psn\n|faint|p2a: Samurott\n|-damage|p1a: Chachan|11\/100 brn|[from] brn\n|upkeep\n|\n|t:|1700929949\n|switch|p2a: Chandelure|Chandelure, F|100\/100\n|turn|25\n|\n|t:|1700929966\n|move|p2a: Chandelure|Flamethrower|p1a: Chachan\n|-damage|p1a: Chachan|0 fnt\n|faint|p1a: Chachan\n|\n|upkeep\n|\n|t:|1700929975\n|switch|p1a: Bloodmen|Maushold-Four, shiny|33\/100\n|turn|26\n|\n|t:|1700929979\n|move|p1a: Bloodmen|Shadow Ball|p2a: Chandelure\n|-supereffective|p2a: Chandelure\n|-damage|p2a: Chandelure|0 fnt\n|faint|p2a: Chandelure\n|\n|upkeep\n|\n|t:|1700929984\n|switch|p2a: Sigilyph|Sigilyph, M|100\/100\n|turn|27\n|\n|t:|1700929989\n|move|p1a: Bloodmen|Shadow Ball|p2a: Sigilyph\n|-supereffective|p2a: Sigilyph\n|-damage|p2a: Sigilyph|0 fnt\n|faint|p2a: Sigilyph\n|\n|win|Azu_CriticalXD\n|c|\u2606Azu_CriticalXD|gg\n|c|\u2606mrpovea|gg\n|c|\u2606Azu_CriticalXD|estuvo apretado\n","uploadtime":1700930006,"views":4,"p1id":"azucriticalxd","p2id":"mrpovea","formatid":"gen9nationaldex","rating":0,"private":0,"password":""}