{"id":"gen9nationaldex-1990457408","p1":"hirsi","p2":"ashzzz","format":"[Gen 9] National Dex","log":"|j|\u2606hirsi\n|j|\u2606ashzzz\n|t:|1699972784\n|gametype|singles\n|player|p1|hirsi|cynthia|1374\n|player|p2|ashzzz|2|1331\n|teamsize|p1|6\n|teamsize|p2|6\n|gen|9\n|tier|[Gen 9] National Dex\n|rated|\n|rule|HP Percentage Mod: HP is shown in percentages\n|rule|Endless Battle Clause: Forcing endless battles is banned\n|rule|OHKO Clause: OHKO moves are banned\n|rule|Evasion Clause: Evasion abilities, items, and moves are banned\n|rule|Evasion Abilities Clause: Evasion abilities are banned\n|rule|Evasion Items Clause: Evasion items are banned\n|rule|Evasion Moves Clause: Evasion moves are banned\n|rule|Species Clause: Limit one of each Pok\u00e9mon\n|rule|Sleep Clause Mod: Limit one foe put to sleep\n|clearpoke\n|poke|p1|Empoleon, M|\n|poke|p1|Azelf|\n|poke|p1|Sigilyph, F|\n|poke|p1|Banette, F|\n|poke|p1|Ting-Lu|\n|poke|p1|Iron Valiant|\n|poke|p2|Clodsire, F|\n|poke|p2|Corviknight, M|\n|poke|p2|Skeledirge, F|\n|poke|p2|Medicham, M|\n|poke|p2|Bisharp, F|\n|poke|p2|Dragonite, F|\n|teampreview\n|inactive|Battle timer is ON: inactive players will automatically lose when time's up. (requested by ashzzz)\n|\n|t:|1699972810\n|start\n|switch|p1a: Azelf|Azelf, shiny|100\/100\n|switch|p2a: Clodsire|Clodsire, F|100\/100\n|turn|1\n|\n|t:|1699972818\n|switch|p2a: Corviknight|Corviknight, M|100\/100\n|-ability|p2a: Corviknight|Pressure\n|move|p1a: Azelf|Taunt|p2a: Corviknight\n|-start|p2a: Corviknight|move: Taunt\n|\n|upkeep\n|turn|2\n|inactive|hirsi has 120 seconds left.\n|\n|t:|1699972854\n|switch|p1a: Empoleon|Empoleon, M, shiny|100\/100\n|switch|p2a: Bisharp|Bisharp, F|100\/100\n|\n|upkeep\n|turn|3\n|\n|t:|1699972861\n|move|p2a: Bisharp|Knock Off|p1a: Empoleon\n|-damage|p1a: Empoleon|46\/100\n|-enditem|p1a: Empoleon|Leftovers|[from] move: Knock Off|[of] p2a: Bisharp\n|move|p1a: Empoleon|Flip Turn|p2a: Bisharp\n|-damage|p2a: Bisharp|89\/100\n|inactive|hirsi has 120 seconds left.\n|\n|t:|1699972873\n|switch|p1a: Iron Valiant|Iron Valiant|100\/100|[from] Flip Turn\n|-enditem|p1a: Iron Valiant|Booster Energy\n|-activate|p1a: Iron Valiant|ability: Quark Drive|[fromitem]\n|-start|p1a: Iron Valiant|quarkdrivespe\n|\n|upkeep\n|turn|4\n|inactive|hirsi has 120 seconds left.\n|\n|t:|1699972886\n|-end|p1a: Iron Valiant|Quark Drive|[silent]\n|switch|p1a: Azelf|Azelf, shiny|100\/100\n|switch|p2a: Clodsire|Clodsire, F|100\/100\n|\n|upkeep\n|turn|5\n|\n|t:|1699972889\n|switch|p2a: Bisharp|Bisharp, F|89\/100\n|move|p1a: Azelf|Stealth Rock|p2a: Bisharp\n|-sidestart|p2: ashzzz|move: Stealth Rock\n|\n|upkeep\n|turn|6\n|\n|t:|1699972898\n|-activate|p1a: Azelf|move: Pursuit\n|move|p2a: Bisharp|Pursuit|p1a: Azelf|[from]Pursuit\n|-supereffective|p1a: Azelf\n|-enditem|p1a: Azelf|Focus Sash\n|-damage|p1a: Azelf|1\/100\n|switch|p1a: Iron Valiant|Iron Valiant|100\/100\n|\n|upkeep\n|turn|7\n|\n|t:|1699972910\n|switch|p2a: Clodsire|Clodsire, F|100\/100\n|move|p1a: Iron Valiant|Moonblast|p2a: Clodsire\n|-resisted|p2a: Clodsire\n|-damage|p2a: Clodsire|90\/100\n|\n|upkeep\n|turn|8\n|\n|t:|1699972917\n|-end|p1a: Iron Valiant|Quark Drive|[silent]\n|switch|p1a: Ting-Lu|Ting-Lu|100\/100\n|-ability|p1a: Ting-Lu|Vessel of Ruin\n|move|p2a: Clodsire|Toxic|p1a: Ting-Lu\n|-status|p1a: Ting-Lu|tox\n|\n|-damage|p1a: Ting-Lu|94\/100 tox|[from] psn\n|upkeep\n|turn|9\n|\n|t:|1699972923\n|switch|p2a: Corviknight|Corviknight, M|100\/100\n|-damage|p2a: Corviknight|88\/100|[from] Stealth Rock\n|-ability|p2a: Corviknight|Pressure\n|move|p1a: Ting-Lu|Spikes|p2a: Corviknight\n|-sidestart|p2: ashzzz|Spikes\n|\n|-heal|p2a: Corviknight|94\/100|[from] item: Leftovers\n|-heal|p1a: Ting-Lu|100\/100 tox|[from] item: Leftovers\n|-damage|p1a: Ting-Lu|88\/100 tox|[from] psn\n|upkeep\n|turn|10\n|\n|t:|1699972943\n|switch|p1a: Sigilyph|Sigilyph, F|100\/100\n|move|p2a: Corviknight|Taunt|p1a: Sigilyph\n|-start|p1a: Sigilyph|move: Taunt\n|\n|-heal|p2a: Corviknight|99\/100|[from] item: Leftovers\n|upkeep\n|turn|11\n|\n|t:|1699972949\n|move|p1a: Sigilyph|Heat Wave|p2a: Corviknight\n|-supereffective|p2a: Corviknight\n|-damage|p2a: Corviknight|28\/100\n|move|p2a: Corviknight|Iron Defense|p2a: Corviknight\n|-boost|p2a: Corviknight|def|2\n|\n|-heal|p2a: Corviknight|34\/100|[from] item: Leftovers\n|upkeep\n|turn|12\n|\n|t:|1699972971\n|switch|p1a: Banette|Banette, F|100\/100\n|switch|p2a: Skeledirge|Skeledirge, F|100\/100\n|\n|upkeep\n|turn|13\n|\n|t:|1699972990\n|switch|p1a: Sigilyph|Sigilyph, F|100\/100\n|switch|p2a: Bisharp|Bisharp, F|89\/100\n|-damage|p2a: Bisharp|83\/100|[from] Stealth Rock\n|-damage|p2a: Bisharp|70\/100|[from] Spikes\n|\n|upkeep\n|turn|14\n|\n|t:|1699972997\n|move|p1a: Sigilyph|Heat Wave|p2a: Bisharp\n|-supereffective|p2a: Bisharp\n|-damage|p2a: Bisharp|0 fnt\n|faint|p2a: Bisharp\n|\n|upkeep\n|\n|t:|1699973009\n|switch|p2a: Skeledirge|Skeledirge, F|100\/100\n|turn|15\n|\n|t:|1699973014\n|switch|p1a: Empoleon|Empoleon, M, shiny|46\/100\n|move|p2a: Skeledirge|Hex|p1a: Empoleon\n|-damage|p1a: Empoleon|28\/100\n|\n|upkeep\n|turn|16\n|\n|t:|1699973036\n|move|p2a: Skeledirge|Torch Song|p1a: Empoleon\n|-damage|p1a: Empoleon|8\/100\n|-boost|p2a: Skeledirge|spa|1\n|move|p1a: Empoleon|Roost|p1a: Empoleon\n|-heal|p1a: Empoleon|58\/100\n|-singleturn|p1a: Empoleon|move: Roost\n|\n|upkeep\n|turn|17\n|\n|t:|1699973043\n|move|p2a: Skeledirge|Will-O-Wisp|p1a: Empoleon\n|-status|p1a: Empoleon|brn\n|move|p1a: Empoleon|Flip Turn|p2a: Skeledirge\n|-supereffective|p2a: Skeledirge\n|-crit|p2a: Skeledirge\n|-damage|p2a: Skeledirge|86\/100\n|\n|t:|1699973049\n|switch|p1a: Azelf|Azelf, shiny|1\/100|[from] Flip Turn\n|\n|upkeep\n|turn|18\n|\n|t:|1699973056\n|move|p1a: Azelf|Knock Off|p2a: Skeledirge\n|-supereffective|p2a: Skeledirge\n|-damage|p2a: Skeledirge|48\/100\n|-enditem|p2a: Skeledirge|Heavy-Duty Boots|[from] move: Knock Off|[of] p1a: Azelf\n|move|p2a: Skeledirge|Torch Song|p1a: Azelf\n|-damage|p1a: Azelf|0 fnt\n|-boost|p2a: Skeledirge|spa|1\n|faint|p1a: Azelf\n|\n|upkeep\n|\n|t:|1699973066\n|switch|p1a: Sigilyph|Sigilyph, F|100\/100\n|turn|19\n|\n|t:|1699973078\n|switch|p2a: Corviknight|Corviknight, M|34\/100\n|-damage|p2a: Corviknight|22\/100|[from] Stealth Rock\n|-ability|p2a: Corviknight|Pressure\n|move|p1a: Sigilyph|Psychic|p2a: Corviknight\n|-resisted|p2a: Corviknight\n|-damage|p2a: Corviknight|0 fnt\n|faint|p2a: Corviknight\n|\n|upkeep\n|inactive|ashzzz has 120 seconds left.\n|\n|t:|1699973122\n|switch|p2a: Skeledirge|Skeledirge, F|48\/100\n|-damage|p2a: Skeledirge|23\/100|[from] Stealth Rock\n|-damage|p2a: Skeledirge|10\/100|[from] Spikes\n|turn|20\n|\n|t:|1699973127\n|move|p1a: Sigilyph|Psychic|p2a: Skeledirge\n|-damage|p2a: Skeledirge|0 fnt\n|faint|p2a: Skeledirge\n|\n|upkeep\n|\n|t:|1699973146\n|switch|p2a: Medicham|Medicham, M|100\/100\n|-damage|p2a: Medicham|94\/100|[from] Stealth Rock\n|-damage|p2a: Medicham|82\/100|[from] Spikes\n|turn|21\n|inactive|hirsi has 120 seconds left.\n|\n|t:|1699973188\n|switch|p1a: Banette|Banette, F|100\/100\n|detailschange|p2a: Medicham|Medicham-Mega, M\n|-mega|p2a: Medicham|Medicham|Medichamite\n|move|p2a: Medicham|Fake Out|p1a: Banette\n|-immune|p1a: Banette\n|\n|upkeep\n|turn|22\n|inactive|ashzzz has 120 seconds left.\n|\n|t:|1699973198\n|switch|p2a: Dragonite|Dragonite, F|100\/100\n|detailschange|p1a: Banette|Banette-Mega, F\n|-mega|p1a: Banette|Banette|Banettite\n|move|p1a: Banette|Encore||[still]\n|-fail|p1a: Banette\n|\n|upkeep\n|turn|23\n|inactive|hirsi has 120 seconds left.\n|inactive|ashzzz has 120 seconds left.\n|\n|t:|1699973214\n|switch|p1a: Ting-Lu|Ting-Lu|88\/100 tox\n|-ability|p1a: Ting-Lu|Vessel of Ruin\n|move|p2a: Dragonite|Earthquake|p1a: Ting-Lu\n|-damage|p1a: Ting-Lu|70\/100 tox\n|\n|-heal|p1a: Ting-Lu|76\/100 tox|[from] item: Leftovers\n|-damage|p1a: Ting-Lu|70\/100 tox|[from] psn\n|upkeep\n|turn|24\n|inactive|ashzzz has 120 seconds left.\n|\n|t:|1699973225\n|move|p2a: Dragonite|Curse|p2a: Dragonite\n|-unboost|p2a: Dragonite|spe|1\n|-boost|p2a: Dragonite|atk|1\n|-boost|p2a: Dragonite|def|1\n|move|p1a: Ting-Lu|Ruination|p2a: Dragonite\n|-damage|p2a: Dragonite|50\/100\n|\n|-heal|p1a: Ting-Lu|76\/100 tox|[from] item: Leftovers\n|-damage|p1a: Ting-Lu|63\/100 tox|[from] psn\n|upkeep\n|turn|25\n|inactive|hirsi has 120 seconds left.\n|inactive|ashzzz has 120 seconds left.\n|\n|t:|1699973237\n|move|p2a: Dragonite|Roost|p2a: Dragonite\n|-heal|p2a: Dragonite|100\/100\n|-singleturn|p2a: Dragonite|move: Roost\n|move|p1a: Ting-Lu|Whirlwind|p2a: Dragonite\n|drag|p2a: Medicham|Medicham-Mega, M|82\/100\n|-damage|p2a: Medicham|76\/100|[from] Stealth Rock\n|-damage|p2a: Medicham|64\/100|[from] Spikes\n|\n|-heal|p1a: Ting-Lu|70\/100 tox|[from] item: Leftovers\n|-damage|p1a: Ting-Lu|51\/100 tox|[from] psn\n|upkeep\n|turn|26\n|inactive|hirsi has 120 seconds left.\n|inactive|ashzzz has 120 seconds left.\n|\n|t:|1699973249\n|move|p2a: Medicham|Ice Punch|p1a: Ting-Lu\n|-supereffective|p1a: Ting-Lu\n|-damage|p1a: Ting-Lu|2\/100 tox\n|move|p1a: Ting-Lu|Spikes|p2a: Medicham\n|-sidestart|p2: ashzzz|Spikes\n|\n|-heal|p1a: Ting-Lu|8\/100 tox|[from] item: Leftovers\n|-damage|p1a: Ting-Lu|0 fnt|[from] psn\n|faint|p1a: Ting-Lu\n|upkeep\n|\n|t:|1699973256\n|switch|p1a: Iron Valiant|Iron Valiant|100\/100\n|turn|27\n|\n|t:|1699973260\n|switch|p2a: Clodsire|Clodsire, F|90\/100\n|move|p1a: Iron Valiant|Moonblast|p2a: Clodsire\n|-resisted|p2a: Clodsire\n|-damage|p2a: Clodsire|80\/100\n|\n|upkeep\n|turn|28\n|inactive|hirsi has 120 seconds left.\n|\n|t:|1699973283\n|-end|p1a: Iron Valiant|Quark Drive|[silent]\n|switch|p1a: Empoleon|Empoleon, M, shiny|58\/100 brn\n|move|p2a: Clodsire|Stealth Rock|p1a: Empoleon\n|-sidestart|p1: hirsi|move: Stealth Rock\n|\n|-damage|p1a: Empoleon|52\/100 brn|[from] brn\n|upkeep\n|turn|29\n|\n|t:|1699973291\n|move|p1a: Empoleon|Flip Turn|p2a: Clodsire\n|-heal|p2a: Clodsire|100\/100|[from] ability: Water Absorb|[of] p1a: Empoleon\n|move|p2a: Clodsire|Recover||[still]\n|-fail|p2a: Clodsire|heal\n|\n|-damage|p1a: Empoleon|46\/100 brn|[from] brn\n|upkeep\n|turn|30\n|\n|t:|1699973300\n|move|p1a: Empoleon|Roost|p1a: Empoleon\n|-heal|p1a: Empoleon|96\/100 brn\n|-singleturn|p1a: Empoleon|move: Roost\n|move|p2a: Clodsire|Toxic||[still]\n|-fail|p2a: Clodsire\n|\n|-damage|p1a: Empoleon|89\/100 brn|[from] brn\n|upkeep\n|turn|31\n|\n|t:|1699973310\n|switch|p1a: Sigilyph|Sigilyph, F|100\/100\n|-damage|p1a: Sigilyph|76\/100|[from] Stealth Rock\n|move|p2a: Clodsire|Toxic|p1a: Sigilyph\n|-status|p1a: Sigilyph|tox\n|\n|-damage|p1a: Sigilyph|70\/100 tox|[from] psn\n|upkeep\n|turn|32\n|\n|t:|1699973320\n|switch|p2a: Medicham|Medicham-Mega, M|64\/100\n|-damage|p2a: Medicham|58\/100|[from] Stealth Rock\n|-damage|p2a: Medicham|41\/100|[from] Spikes\n|move|p1a: Sigilyph|Psychic|p2a: Medicham\n|-damage|p2a: Medicham|0 fnt\n|faint|p2a: Medicham\n|\n|-damage|p1a: Sigilyph|58\/100 tox|[from] psn\n|upkeep\n|\n|t:|1699973328\n|switch|p2a: Dragonite|Dragonite, F|100\/100\n|turn|33\n|\n|t:|1699973336\n|move|p1a: Sigilyph|Psychic|p2a: Dragonite\n|-damage|p2a: Dragonite|75\/100\n|-unboost|p2a: Dragonite|spd|1\n|move|p2a: Dragonite|Curse|p2a: Dragonite\n|-unboost|p2a: Dragonite|spe|1\n|-boost|p2a: Dragonite|atk|1\n|-boost|p2a: Dragonite|def|1\n|\n|-damage|p1a: Sigilyph|40\/100 tox|[from] psn\n|upkeep\n|turn|34\n|\n|t:|1699973342\n|move|p2a: Dragonite|Extreme Speed|p1a: Sigilyph\n|-damage|p1a: Sigilyph|0 fnt\n|faint|p1a: Sigilyph\n|\n|upkeep\n|\n|t:|1699973346\n|switch|p1a: Iron Valiant|Iron Valiant|100\/100\n|-damage|p1a: Iron Valiant|94\/100|[from] Stealth Rock\n|turn|35\n|\n|t:|1699973355\n|-terastallize|p2a: Dragonite|Normal\n|move|p2a: Dragonite|Extreme Speed|p1a: Iron Valiant\n|-damage|p1a: Iron Valiant|16\/100\n|move|p1a: Iron Valiant|Moonblast|p2a: Dragonite\n|-damage|p2a: Dragonite|24\/100\n|-unboost|p2a: Dragonite|spa|1\n|\n|upkeep\n|turn|36\n|\n|t:|1699973365\n|move|p2a: Dragonite|Extreme Speed|p1a: Iron Valiant\n|-damage|p1a: Iron Valiant|0 fnt\n|faint|p1a: Iron Valiant\n|-end|p1a: Iron Valiant|Quark Drive|[silent]\n|\n|upkeep\n|\n|t:|1699973374\n|switch|p1a: Banette|Banette-Mega, F|100\/100\n|-damage|p1a: Banette|88\/100|[from] Stealth Rock\n|turn|37\n|\n|t:|1699973379\n|switch|p2a: Clodsire|Clodsire, F|100\/100\n|move|p1a: Banette|Encore||[still]\n|-fail|p1a: Banette\n|\n|upkeep\n|turn|38\n|\n|t:|1699973385\n|move|p1a: Banette|Poltergeist|p2a: Clodsire\n|-activate|p2a: Clodsire|move: Poltergeist|Heavy-Duty Boots\n|-damage|p2a: Clodsire|22\/100\n|move|p2a: Clodsire|Toxic|p1a: Banette\n|-status|p1a: Banette|tox\n|\n|-damage|p1a: Banette|82\/100 tox|[from] psn\n|upkeep\n|turn|39\n|\n|t:|1699973394\n|move|p1a: Banette|Pursuit|p2a: Clodsire\n|-crit|p2a: Clodsire\n|-damage|p2a: Clodsire|0 fnt\n|faint|p2a: Clodsire\n|\n|-damage|p1a: Banette|70\/100 tox|[from] psn\n|upkeep\n|\n|t:|1699973398\n|switch|p2a: Dragonite|Dragonite, F, tera:Normal|24\/100\n|turn|40\n|\n|t:|1699973421\n|switch|p1a: Empoleon|Empoleon, M, shiny|89\/100 brn\n|-damage|p1a: Empoleon|83\/100 brn|[from] Stealth Rock\n|move|p2a: Dragonite|Roost|p2a: Dragonite\n|-heal|p2a: Dragonite|74\/100\n|\n|-damage|p1a: Empoleon|77\/100 brn|[from] brn\n|upkeep\n|turn|41\n|\n|t:|1699973426\n|move|p2a: Dragonite|Roost|p2a: Dragonite\n|-heal|p2a: Dragonite|100\/100\n|move|p1a: Empoleon|Scald|p2a: Dragonite\n|-damage|p2a: Dragonite|87\/100\n|\n|-damage|p1a: Empoleon|71\/100 brn|[from] brn\n|upkeep\n|turn|42\n|\n|t:|1699973430\n|move|p2a: Dragonite|Curse|p2a: Dragonite\n|-unboost|p2a: Dragonite|spe|1\n|-boost|p2a: Dragonite|atk|1\n|-boost|p2a: Dragonite|def|1\n|move|p1a: Empoleon|Scald|p2a: Dragonite\n|-damage|p2a: Dragonite|58\/100\n|-status|p2a: Dragonite|brn\n|\n|-damage|p1a: Empoleon|65\/100 brn|[from] brn\n|-damage|p2a: Dragonite|52\/100 brn|[from] brn\n|upkeep\n|turn|43\n|\n|t:|1699973444\n|move|p1a: Empoleon|Flip Turn|p2a: Dragonite\n|-damage|p2a: Dragonite|48\/100 brn\n|\n|t:|1699973447\n|switch|p1a: Banette|Banette-Mega, F|70\/100 tox|[from] Flip Turn\n|-damage|p1a: Banette|58\/100 tox|[from] Stealth Rock\n|move|p2a: Dragonite|Earthquake|p1a: Banette\n|-damage|p1a: Banette|18\/100 tox\n|\n|-damage|p1a: Banette|12\/100 tox|[from] psn\n|-damage|p2a: Dragonite|42\/100 brn|[from] brn\n|upkeep\n|turn|44\n|\n|t:|1699973455\n|move|p1a: Banette|Poltergeist|p2a: Dragonite\n|-immune|p2a: Dragonite\n|move|p2a: Dragonite|Roost|p2a: Dragonite\n|-heal|p2a: Dragonite|92\/100 brn\n|\n|-damage|p1a: Banette|0 fnt|[from] psn\n|faint|p1a: Banette\n|-damage|p2a: Dragonite|86\/100 brn|[from] brn\n|upkeep\n|-message|hirsi forfeited.\n|\n|win|ashzzz\n|raw|hirsi's rating: 1374 &rarr; <strong>1352<\/strong><br \/>(-22 for losing)\n|raw|ashzzz's rating: 1331 &rarr; <strong>1353<\/strong><br \/>(+22 for winning)\n|l|\u2606hirsi\n","uploadtime":1699973503,"views":6,"p1id":"hirsi","p2id":"ashzzz","formatid":"gen9nationaldex","rating":1352,"private":0,"password":""}