{"id":"gen9nationaldex-1988862511","p1":"RandomCirno","p2":"Spoileronthedouble","format":"[Gen 9] National Dex","log":"|j|\u2606RandomCirno\n|j|\u2606Spoileronthedouble\n|t:|1699776110\n|gametype|singles\n|player|p1|RandomCirno|candice|1203\n|player|p2|Spoileronthedouble|elesa|1204\n|teamsize|p1|6\n|teamsize|p2|6\n|gen|9\n|tier|[Gen 9] National Dex\n|rated|\n|rule|HP Percentage Mod: HP is shown in percentages\n|rule|Endless Battle Clause: Forcing endless battles is banned\n|rule|OHKO Clause: OHKO moves are banned\n|rule|Evasion Clause: Evasion abilities, items, and moves are banned\n|rule|Evasion Abilities Clause: Evasion abilities are banned\n|rule|Evasion Items Clause: Evasion items are banned\n|rule|Evasion Moves Clause: Evasion moves are banned\n|rule|Species Clause: Limit one of each Pok\u00e9mon\n|rule|Sleep Clause Mod: Limit one foe put to sleep\n|clearpoke\n|poke|p1|Iron Moth|\n|poke|p1|Ninetales-Alola, F|\n|poke|p1|Corsola-Galar, M|\n|poke|p1|Lopunny, M|\n|poke|p1|Corviknight, M|\n|poke|p1|Landorus-Therian, M|\n|poke|p2|Ferrothorn, F|\n|poke|p2|Tapu Koko|\n|poke|p2|Iron Valiant|\n|poke|p2|Gliscor, F|\n|poke|p2|Cinderace, M|\n|poke|p2|Salamence, F|\n|teampreview\n|\n|t:|1699776128\n|start\n|switch|p1a: Landorus|Landorus-Therian, M|100\/100\n|switch|p2a: Cinderace|Cinderace, M, shiny|100\/100\n|-ability|p1a: Landorus|Intimidate|boost\n|-unboost|p2a: Cinderace|atk|1\n|turn|1\n|inactive|Battle timer is ON: inactive players will automatically lose when time's up. (requested by Spoileronthedouble)\n|\n|t:|1699776140\n|move|p2a: Cinderace|U-turn|p1a: Landorus\n|-start|p2a: Cinderace|typechange|Bug|[from] ability: Libero\n|-resisted|p1a: Landorus\n|-damage|p1a: Landorus|86\/100\n|\n|t:|1699776147\n|switch|p2a: Gliscor|Gliscor, F, shiny|100\/100|[from] U-turn\n|move|p1a: Landorus|Smack Down|p2a: Gliscor\n|-damage|p2a: Gliscor|89\/100\n|-start|p2a: Gliscor|Smack Down\n|\n|-heal|p1a: Landorus|92\/100|[from] item: Leftovers\n|-status|p2a: Gliscor|tox|[from] item: Toxic Orb\n|upkeep\n|turn|2\n|\n|t:|1699776160\n|move|p1a: Landorus|U-turn|p2a: Gliscor\n|-resisted|p2a: Gliscor\n|-crit|p2a: Gliscor\n|-damage|p2a: Gliscor|77\/100 tox\n|\n|t:|1699776164\n|switch|p1a: Ninetales|Ninetales-Alola, F|100\/100|[from] U-turn\n|-weather|Snow|[from] ability: Snow Warning|[of] p1a: Ninetales\n|move|p2a: Gliscor|Knock Off|p1a: Ninetales\n|-resisted|p1a: Ninetales\n|-damage|p1a: Ninetales|90\/100\n|-enditem|p1a: Ninetales|Heavy-Duty Boots|[from] move: Knock Off|[of] p2a: Gliscor\n|\n|-weather|Snow|[upkeep]\n|-heal|p2a: Gliscor|90\/100 tox|[from] ability: Poison Heal\n|upkeep\n|turn|3\n|\n|t:|1699776178\n|switch|p2a: Cinderace|Cinderace, M, shiny|100\/100\n|move|p1a: Ninetales|Aurora Veil|p1a: Ninetales\n|-sidestart|p1: RandomCirno|move: Aurora Veil\n|\n|-weather|Snow|[upkeep]\n|upkeep\n|turn|4\n|\n|t:|1699776184\n|switch|p1a: Landorus|Landorus-Therian, M|92\/100\n|-ability|p1a: Landorus|Intimidate|boost\n|-unboost|p2a: Cinderace|atk|1\n|move|p2a: Cinderace|Court Change|p2a: Cinderace\n|-start|p2a: Cinderace|typechange|Normal|[from] ability: Libero\n|-swapsideconditions\n|-activate|p2a: Cinderace|move: Court Change\n|\n|-weather|Snow|[upkeep]\n|-heal|p1a: Landorus|98\/100|[from] item: Leftovers\n|upkeep\n|turn|5\n|\n|t:|1699776194\n|move|p2a: Cinderace|U-turn|p1a: Landorus\n|-resisted|p1a: Landorus\n|-damage|p1a: Landorus|90\/100\n|c|\u2606RandomCirno|oh you basta\n|\n|t:|1699776203\n|switch|p2a: Ferrothorn|Ferrothorn, F, shiny|100\/100|[from] U-turn\n|move|p1a: Landorus|Earthquake|p2a: Ferrothorn\n|-damage|p2a: Ferrothorn|84\/100\n|\n|-weather|Snow|[upkeep]\n|-heal|p1a: Landorus|95\/100|[from] item: Leftovers\n|upkeep\n|turn|6\n|inactive|RandomCirno has 120 seconds left.\n|\n|t:|1699776240\n|switch|p2a: Cinderace|Cinderace, M, shiny|100\/100\n|move|p1a: Landorus|U-turn|p2a: Cinderace\n|-resisted|p2a: Cinderace\n|-damage|p2a: Cinderace|92\/100\n|\n|t:|1699776246\n|switch|p1a: rocc|Corsola-Galar, M|100\/100|[from] U-turn\n|\n|-weather|none\n|upkeep\n|turn|7\n|inactive|RandomCirno has 120 seconds left.\n|\n|t:|1699776265\n|move|p2a: Cinderace|U-turn|p1a: rocc\n|-start|p2a: Cinderace|typechange|Bug|[from] ability: Libero\n|-resisted|p1a: rocc\n|-damage|p1a: rocc|91\/100\n|\n|t:|1699776272\n|switch|p2a: Ferrothorn|Ferrothorn, F, shiny|84\/100|[from] U-turn\n|move|p1a: rocc|Will-O-Wisp|p2a: Ferrothorn\n|-status|p2a: Ferrothorn|brn\n|\n|-damage|p2a: Ferrothorn|78\/100 brn|[from] brn\n|-sideend|p2: Spoileronthedouble|move: Aurora Veil\n|upkeep\n|turn|8\n|inactive|RandomCirno has 120 seconds left.\n|\n|t:|1699776289\n|move|p1a: rocc|Night Shade|p2a: Ferrothorn\n|-damage|p2a: Ferrothorn|50\/100 brn\n|move|p2a: Ferrothorn|Knock Off|p1a: rocc\n|-supereffective|p1a: rocc\n|-damage|p1a: rocc|80\/100\n|-enditem|p1a: rocc|Eviolite|[from] move: Knock Off|[of] p2a: Ferrothorn\n|\n|-damage|p2a: Ferrothorn|43\/100 brn|[from] brn\n|upkeep\n|turn|9\n|\n|t:|1699776306\n|switch|p2a: Tapu Koko|Tapu Koko, shiny|100\/100\n|-fieldstart|move: Electric Terrain|[from] ability: Electric Surge|[of] p2a: Tapu Koko\n|move|p1a: rocc|Night Shade|p2a: Tapu Koko\n|-damage|p2a: Tapu Koko|65\/100\n|\n|upkeep\n|turn|10\n|\n|t:|1699776317\n|move|p2a: Tapu Koko|U-turn|p1a: rocc\n|-resisted|p1a: rocc\n|-damage|p1a: rocc|71\/100\n|\n|t:|1699776321\n|switch|p2a: Cinderace|Cinderace, M, shiny|92\/100|[from] U-turn\n|move|p1a: rocc|Strength Sap|p2a: Cinderace\n|-unboost|p2a: Cinderace|atk|1\n|-heal|p1a: rocc|100\/100\n|\n|upkeep\n|turn|11\n|\n|t:|1699776331\n|move|p2a: Cinderace|U-turn|p1a: rocc\n|-start|p2a: Cinderace|typechange|Bug|[from] ability: Libero\n|-resisted|p1a: rocc\n|-damage|p1a: rocc|90\/100\n|\n|t:|1699776356\n|switch|p2a: Gliscor|Gliscor, F, shiny|90\/100 tox|[from] U-turn\n|move|p1a: rocc|Whirlpool|p2a: Gliscor\n|-supereffective|p2a: Gliscor\n|-damage|p2a: Gliscor|75\/100 tox\n|-activate|p2a: Gliscor|move: Whirlpool|[of] p1a: rocc\n|\n|-heal|p2a: Gliscor|87\/100 tox|[from] ability: Poison Heal\n|-damage|p2a: Gliscor|75\/100 tox|[from] move: Whirlpool|[partiallytrapped]\n|upkeep\n|turn|12\n|\n|t:|1699776370\n|move|p2a: Gliscor|Knock Off|p1a: rocc\n|-supereffective|p1a: rocc\n|-damage|p1a: rocc|64\/100\n|-start|p2a: Gliscor|Disable|Knock Off|[from] ability: Cursed Body|[of] p1a: rocc\n|move|p1a: rocc|Strength Sap|p2a: Gliscor\n|-unboost|p2a: Gliscor|atk|1\n|-heal|p1a: rocc|100\/100\n|\n|-heal|p2a: Gliscor|87\/100 tox|[from] ability: Poison Heal\n|-damage|p2a: Gliscor|75\/100 tox|[from] move: Whirlpool|[partiallytrapped]\n|upkeep\n|turn|13\n|\n|t:|1699776381\n|move|p2a: Gliscor|Toxic|p1a: rocc\n|-status|p1a: rocc|tox\n|move|p1a: rocc|Night Shade|p2a: Gliscor\n|-damage|p2a: Gliscor|47\/100 tox\n|\n|-heal|p2a: Gliscor|59\/100 tox|[from] ability: Poison Heal\n|-damage|p1a: rocc|94\/100 tox|[from] psn\n|-damage|p2a: Gliscor|47\/100 tox|[from] move: Whirlpool|[partiallytrapped]\n|upkeep\n|turn|14\n|\n|t:|1699776398\n|switch|p1a: Ninetales|Ninetales-Alola, F|90\/100\n|-weather|Snow|[from] ability: Snow Warning|[of] p1a: Ninetales\n|move|p2a: Gliscor|Protect||[still]\n|-fail|p2a: Gliscor\n|\n|-weather|Snow|[upkeep]\n|-heal|p2a: Gliscor|59\/100 tox|[from] ability: Poison Heal\n|-end|p2a: Gliscor|Whirlpool|[partiallytrapped]|[silent]\n|upkeep\n|turn|15\n|\n|t:|1699776410\n|switch|p2a: Cinderace|Cinderace, M, shiny|92\/100\n|move|p1a: Ninetales|Ice Beam|p2a: Cinderace\n|-resisted|p2a: Cinderace\n|-damage|p2a: Cinderace|66\/100\n|\n|-weather|Snow|[upkeep]\n|upkeep\n|turn|16\n|\n|t:|1699776417\n|switch|p1a: Landorus|Landorus-Therian, M|95\/100\n|-ability|p1a: Landorus|Intimidate|boost\n|-unboost|p2a: Cinderace|atk|1\n|move|p2a: Cinderace|Pyro Ball|p1a: Landorus\n|-damage|p1a: Landorus|47\/100\n|\n|-weather|Snow|[upkeep]\n|-heal|p1a: Landorus|53\/100|[from] item: Leftovers\n|-fieldend|move: Electric Terrain\n|upkeep\n|turn|17\n|\n|t:|1699776435\n|move|p2a: Cinderace|U-turn|p1a: Landorus\n|-start|p2a: Cinderace|typechange|Bug|[from] ability: Libero\n|-resisted|p1a: Landorus\n|-damage|p1a: Landorus|40\/100\n|\n|t:|1699776445\n|switch|p2a: Ferrothorn|Ferrothorn, F, shiny|43\/100 brn|[from] U-turn\n|move|p1a: Landorus|Earthquake|p2a: Ferrothorn\n|-damage|p2a: Ferrothorn|10\/100 brn\n|\n|-weather|Snow|[upkeep]\n|-heal|p1a: Landorus|46\/100|[from] item: Leftovers\n|-damage|p2a: Ferrothorn|4\/100 brn|[from] brn\n|upkeep\n|turn|18\n|inactive|RandomCirno has 120 seconds left.\n|\n|t:|1699776495\n|switch|p2a: Salamence|Salamence, F|100\/100\n|move|p1a: Landorus|U-turn|p2a: Salamence\n|-resisted|p2a: Salamence\n|-damage|p2a: Salamence|85\/100\n|\n|t:|1699776500\n|switch|p1a: Iron Moth|Iron Moth|100\/100|[from] U-turn\n|-enditem|p1a: Iron Moth|Booster Energy\n|-activate|p1a: Iron Moth|ability: Quark Drive|[fromitem]\n|-start|p1a: Iron Moth|quarkdrivespe\n|\n|-weather|none\n|-heal|p2a: Salamence|91\/100|[from] item: Leftovers\n|upkeep\n|turn|19\n|\n|t:|1699776512\n|move|p1a: Iron Moth|Dazzling Gleam|p2a: Salamence\n|-supereffective|p2a: Salamence\n|-damage|p2a: Salamence|20\/100\n|move|p2a: Salamence|Earthquake|p1a: Iron Moth\n|-supereffective|p1a: Iron Moth\n|-damage|p1a: Iron Moth|0 fnt\n|faint|p1a: Iron Moth\n|-end|p1a: Iron Moth|Quark Drive|[silent]\n|-ability|p2a: Salamence|Moxie|boost\n|-boost|p2a: Salamence|atk|1\n|\n|-heal|p2a: Salamence|26\/100|[from] item: Leftovers\n|upkeep\n|\n|t:|1699776527\n|switch|p1a: Lopunny|Lopunny, M|100\/100\n|turn|20\n|\n|t:|1699776531\n|switch|p2a: Ferrothorn|Ferrothorn, F, shiny|4\/100 brn\n|detailschange|p1a: Lopunny|Lopunny-Mega, M\n|-mega|p1a: Lopunny|Lopunny|Lopunnite\n|move|p1a: Lopunny|Fake Out|p2a: Ferrothorn\n|-resisted|p2a: Ferrothorn\n|-damage|p2a: Ferrothorn|0 fnt\n|-damage|p1a: Lopunny|88\/100|[from] ability: Iron Barbs|[of] p2a: Ferrothorn\n|-damage|p1a: Lopunny|72\/100|[from] item: Rocky Helmet|[of] p2a: Ferrothorn\n|faint|p2a: Ferrothorn\n|\n|upkeep\n|\n|t:|1699776547\n|switch|p2a: Gliscor|Gliscor, F, shiny|59\/100 tox\n|turn|21\n|\n|t:|1699776562\n|move|p1a: Lopunny|Ice Punch|p2a: Gliscor\n|-supereffective|p2a: Gliscor\n|-damage|p2a: Gliscor|0 fnt\n|faint|p2a: Gliscor\n|\n|upkeep\n|\n|t:|1699776570\n|switch|p2a: Tapu Koko|Tapu Koko, shiny|65\/100\n|-fieldstart|move: Electric Terrain|[from] ability: Electric Surge|[of] p2a: Tapu Koko\n|turn|22\n|\n|t:|1699776580\n|move|p1a: Lopunny|Return|p2a: Tapu Koko\n|-damage|p2a: Tapu Koko|0 fnt\n|faint|p2a: Tapu Koko\n|\n|upkeep\n|\n|t:|1699776586\n|switch|p2a: Iron Valiant|Iron Valiant, shiny|100\/100\n|-activate|p2a: Iron Valiant|ability: Quark Drive\n|-start|p2a: Iron Valiant|quarkdrivespe\n|turn|23\n|\n|t:|1699776608\n|switch|p1a: Landorus|Landorus-Therian, M|46\/100\n|-ability|p1a: Landorus|Intimidate|boost\n|-unboost|p2a: Iron Valiant|atk|1\n|move|p2a: Iron Valiant|Moonblast|p1a: Landorus\n|-damage|p1a: Landorus|0 fnt\n|faint|p1a: Landorus\n|-damage|p2a: Iron Valiant|91\/100|[from] item: Life Orb\n|\n|upkeep\n|\n|t:|1699776617\n|switch|p1a: Ninetales|Ninetales-Alola, F|90\/100\n|-weather|Snow|[from] ability: Snow Warning|[of] p1a: Ninetales\n|turn|24\n|\n|t:|1699776639\n|-terastallize|p2a: Iron Valiant|Fairy\n|move|p2a: Iron Valiant|Moonblast|p1a: Ninetales\n|-damage|p1a: Ninetales|0 fnt\n|faint|p1a: Ninetales\n|-damage|p2a: Iron Valiant|81\/100|[from] item: Life Orb\n|\n|-weather|Snow|[upkeep]\n|upkeep\n|\n|t:|1699776651\n|switch|p1a: rocc|Corsola-Galar, M|94\/100 tox\n|turn|25\n|\n|t:|1699776658\n|move|p2a: Iron Valiant|Moonblast|p1a: rocc\n|-damage|p1a: rocc|21\/100 tox\n|-damage|p2a: Iron Valiant|71\/100|[from] item: Life Orb\n|move|p1a: rocc|Strength Sap|p2a: Iron Valiant\n|-unboost|p2a: Iron Valiant|atk|1\n|-heal|p1a: rocc|82\/100 tox\n|\n|-weather|Snow|[upkeep]\n|-damage|p1a: rocc|76\/100 tox|[from] psn\n|upkeep\n|turn|26\n|\n|t:|1699776673\n|move|p2a: Iron Valiant|Moonblast|p1a: rocc\n|-damage|p1a: rocc|4\/100 tox\n|-damage|p2a: Iron Valiant|62\/100|[from] item: Life Orb\n|move|p1a: rocc|Night Shade|p2a: Iron Valiant\n|-damage|p2a: Iron Valiant|27\/100\n|\n|-weather|Snow|[upkeep]\n|-damage|p1a: rocc|0 fnt|[from] psn\n|faint|p1a: rocc\n|upkeep\n|\n|t:|1699776676\n|switch|p1a: Corviknight|Corviknight, M|100\/100\n|turn|27\n|\n|t:|1699776691\n|move|p2a: Iron Valiant|Thunderbolt|p1a: Corviknight\n|-supereffective|p1a: Corviknight\n|-damage|p1a: Corviknight|5\/100\n|-damage|p2a: Iron Valiant|17\/100|[from] item: Life Orb\n|move|p1a: Corviknight|Drill Peck|p2a: Iron Valiant\n|-damage|p2a: Iron Valiant|0 fnt\n|faint|p2a: Iron Valiant\n|-end|p2a: Iron Valiant|Quark Drive|[silent]\n|\n|-weather|Snow|[upkeep]\n|-heal|p1a: Corviknight|12\/100|[from] item: Leftovers\n|upkeep\n|\n|t:|1699776701\n|switch|p2a: Salamence|Salamence, F|26\/100\n|turn|28\n|\n|t:|1699776712\n|move|p2a: Salamence|Dragon Dance|p2a: Salamence\n|-boost|p2a: Salamence|atk|1\n|-boost|p2a: Salamence|spe|1\n|move|p1a: Corviknight|Drill Peck|p2a: Salamence\n|-damage|p2a: Salamence|0 fnt\n|faint|p2a: Salamence\n|\n|-weather|none\n|-heal|p1a: Corviknight|18\/100|[from] item: Leftovers\n|upkeep\n|\n|t:|1699776720\n|switch|p2a: Cinderace|Cinderace, M, shiny|66\/100\n|turn|29\n|\n|t:|1699776724\n|move|p2a: Cinderace|Pyro Ball|p1a: Corviknight\n|-supereffective|p1a: Corviknight\n|-damage|p1a: Corviknight|0 fnt\n|faint|p1a: Corviknight\n|\n|-fieldend|move: Electric Terrain\n|upkeep\n|\n|t:|1699776726\n|switch|p1a: Lopunny|Lopunny-Mega, M|72\/100\n|turn|30\n|\n|t:|1699776732\n|move|p1a: Lopunny|Fake Out|p2a: Cinderace\n|-damage|p2a: Cinderace|35\/100\n|cant|p2a: Cinderace|flinch\n|\n|upkeep\n|turn|31\n|\n|t:|1699776752\n|move|p1a: Lopunny|Return|p2a: Cinderace\n|-damage|p2a: Cinderace|0 fnt\n|faint|p2a: Cinderace\n|\n|win|RandomCirno\n|raw|RandomCirno's rating: 1203 &rarr; <strong>1228<\/strong><br \/>(+25 for winning)\n|raw|Spoileronthedouble's rating: 1204 &rarr; <strong>1179<\/strong><br \/>(-25 for losing)\n|c|\u2606RandomCirno|ggwp\n","uploadtime":1699776757,"views":5,"p1id":"randomcirno","p2id":"spoileronthedouble","formatid":"gen9nationaldex","rating":1179,"private":0,"password":""}