{"id":"gen9nationaldex-1989761456","p1":"Hi my name is Goku","p2":"shengye121","format":"[Gen 9] National Dex","log":"|j|\u2606Hi my name is Goku\n|j|\u2606shengye121\n|t:|1699893517\n|gametype|singles\n|player|p1|Hi my name is Goku|blackbelt-gen4dp|1387\n|player|p2|shengye121|1|1317\n|teamsize|p1|6\n|teamsize|p2|6\n|gen|9\n|tier|[Gen 9] National Dex\n|rated|\n|rule|HP Percentage Mod: HP is shown in percentages\n|rule|Endless Battle Clause: Forcing endless battles is banned\n|rule|OHKO Clause: OHKO moves are banned\n|rule|Evasion Clause: Evasion abilities, items, and moves are banned\n|rule|Evasion Abilities Clause: Evasion abilities are banned\n|rule|Evasion Items Clause: Evasion items are banned\n|rule|Evasion Moves Clause: Evasion moves are banned\n|rule|Species Clause: Limit one of each Pok\u00e9mon\n|rule|Sleep Clause Mod: Limit one foe put to sleep\n|clearpoke\n|poke|p1|Garchomp, M|\n|poke|p1|Kommo-o, M|\n|poke|p1|Goodra-Hisui, M|\n|poke|p1|Salamence, M|\n|poke|p1|Dipplin, M|\n|poke|p1|Kyurem|\n|poke|p2|Hydreigon, M|\n|poke|p2|Ditto|\n|poke|p2|Lopunny, F|\n|poke|p2|Excadrill, F|\n|poke|p2|Greninja-*, M|\n|poke|p2|Ogerpon-Cornerstone, F|\n|teampreview\n|\n|t:|1699893539\n|start\n|switch|p1a: Boeing 777|Garchomp, M, shiny|100\/100\n|switch|p2a: Excadrill|Excadrill, F|100\/100\n|-ability|p2a: Excadrill|Mold Breaker\n|turn|1\n|inactive|Battle timer is ON: inactive players will automatically lose when time's up. (requested by shengye121)\n|\n|t:|1699893544\n|move|p1a: Boeing 777|Earthquake|p2a: Excadrill\n|-supereffective|p2a: Excadrill\n|-damage|p2a: Excadrill|0 fnt\n|faint|p2a: Excadrill\n|\n|upkeep\n|\n|t:|1699893549\n|switch|p2a: Greninja|Greninja, M|100\/100\n|turn|2\n|\n|t:|1699893552\n|move|p2a: Greninja|Ice Beam|p1a: Boeing 777\n|-supereffective|p1a: Boeing 777\n|-damage|p1a: Boeing 777|0 fnt\n|faint|p1a: Boeing 777\n|-ability|p2a: Greninja|Battle Bond|boost\n|-boost|p2a: Greninja|atk|1\n|-boost|p2a: Greninja|spa|1\n|-boost|p2a: Greninja|spe|1\n|-activate|p2a: Greninja|ability: Battle Bond\n|-damage|p2a: Greninja|91\/100|[from] item: Life Orb\n|\n|upkeep\n|\n|t:|1699893564\n|switch|p1a: Big tail|Goodra-Hisui, M, shiny|100\/100\n|turn|3\n|\n|t:|1699893569\n|switch|p2a: Ditto|Ditto|100\/100\n|-transform|p2a: Ditto|p1a: Big tail|[from] ability: Imposter\n|move|p1a: Big tail|Dragon Tail|p2a: Ditto\n|-damage|p2a: Ditto|67\/100\n|drag|p2a: Hydreigon|Hydreigon, M|100\/100\n|\n|upkeep\n|turn|4\n|\n|t:|1699893578\n|move|p2a: Hydreigon|Fire Blast|p1a: Big tail\n|-damage|p1a: Big tail|76\/100\n|move|p1a: Big tail|Ice Spinner|p2a: Hydreigon\n|-supereffective|p2a: Hydreigon\n|-damage|p2a: Hydreigon|47\/100\n|\n|upkeep\n|turn|5\n|\n|t:|1699893585\n|move|p2a: Hydreigon|Fire Blast|p1a: Big tail\n|-damage|p1a: Big tail|53\/100\n|move|p1a: Big tail|Ice Spinner|p2a: Hydreigon\n|-supereffective|p2a: Hydreigon\n|-damage|p2a: Hydreigon|0 fnt\n|faint|p2a: Hydreigon\n|\n|upkeep\n|\n|t:|1699893590\n|switch|p2a: Lopunny|Lopunny, F|100\/100\n|turn|6\n|\n|t:|1699893594\n|detailschange|p2a: Lopunny|Lopunny-Mega, F\n|-mega|p2a: Lopunny|Lopunny|Lopunnite\n|move|p2a: Lopunny|Close Combat|p1a: Big tail\n|-supereffective|p1a: Big tail\n|-damage|p1a: Big tail|0 fnt\n|-unboost|p2a: Lopunny|def|1\n|-unboost|p2a: Lopunny|spd|1\n|faint|p1a: Big tail\n|\n|upkeep\n|\n|t:|1699893601\n|switch|p1a: Swiffer Jet|Kommo-o, M, shiny|100\/100\n|turn|7\n|\n|t:|1699893626\n|move|p2a: Lopunny|Close Combat|p1a: Swiffer Jet\n|-damage|p1a: Swiffer Jet|42\/100\n|-unboost|p2a: Lopunny|def|1\n|-unboost|p2a: Lopunny|spd|1\n|-zpower|p1a: Swiffer Jet\n|move|p1a: Swiffer Jet|Clangorous Soulblaze|p2a: Lopunny|[zeffect]\n|-damage|p2a: Lopunny|0 fnt\n|faint|p2a: Lopunny\n|-boost|p1a: Swiffer Jet|atk|1\n|-boost|p1a: Swiffer Jet|def|1\n|-boost|p1a: Swiffer Jet|spa|1\n|-boost|p1a: Swiffer Jet|spd|1\n|-boost|p1a: Swiffer Jet|spe|1\n|\n|upkeep\n|\n|t:|1699893630\n|switch|p2a: Ditto|Ditto|67\/100\n|-transform|p2a: Ditto|p1a: Swiffer Jet|[from] ability: Imposter\n|turn|8\n|\n|t:|1699893644\n|move|p2a: Ditto|Clanging Scales|p1a: Swiffer Jet\n|-immune|p1a: Swiffer Jet|[from] ability: Soundproof\n|move|p1a: Swiffer Jet|Clanging Scales|p2a: Ditto\n|-immune|p2a: Ditto|[from] ability: Soundproof\n|\n|upkeep\n|turn|9\n|inactive|shengye121 has 120 seconds left.\n|\n|t:|1699893690\n|switch|p2a: Greninja|Greninja, M|91\/100\n|move|p1a: Swiffer Jet|Poison Jab|p2a: Greninja\n|-damage|p2a: Greninja|29\/100\n|\n|upkeep\n|turn|10\n|\n|t:|1699893700\n|-terastallize|p2a: Greninja|Water\n|move|p2a: Greninja|Water Shuriken|p1a: Swiffer Jet\n|-resisted|p1a: Swiffer Jet\n|-damage|p1a: Swiffer Jet|38\/100\n|-resisted|p1a: Swiffer Jet\n|-damage|p1a: Swiffer Jet|32\/100\n|-resisted|p1a: Swiffer Jet\n|-damage|p1a: Swiffer Jet|27\/100\n|-hitcount|p1a: Swiffer Jet|3\n|-damage|p2a: Greninja|20\/100|[from] item: Life Orb\n|move|p1a: Swiffer Jet|Poison Jab|p2a: Greninja\n|-damage|p2a: Greninja|0 fnt\n|faint|p2a: Greninja\n|\n|upkeep\n|\n|t:|1699893715\n|switch|p2a: Ditto|Ditto|67\/100\n|-transform|p2a: Ditto|p1a: Swiffer Jet|[from] ability: Imposter\n|turn|11\n|\n|t:|1699893721\n|move|p2a: Ditto|Poison Jab|p1a: Swiffer Jet\n|-damage|p1a: Swiffer Jet|2\/100\n|move|p1a: Swiffer Jet|Poison Jab|p2a: Ditto\n|-damage|p2a: Ditto|43\/100\n|\n|upkeep\n|turn|12\n|\n|t:|1699893727\n|move|p2a: Ditto|Poison Jab|p1a: Swiffer Jet\n|-damage|p1a: Swiffer Jet|0 fnt\n|faint|p1a: Swiffer Jet\n|\n|upkeep\n|\n|t:|1699893730\n|switch|p1a: Dripplin Gapple|Dipplin, M, shiny|100\/100\n|turn|13\n|\n|t:|1699893733\n|-terastallize|p1a: Dripplin Gapple|Poison\n|move|p2a: Ditto|Poison Jab|p1a: Dripplin Gapple\n|-resisted|p1a: Dripplin Gapple\n|-damage|p1a: Dripplin Gapple|93\/100\n|move|p1a: Dripplin Gapple|Dragon Tail|p2a: Ditto\n|-supereffective|p2a: Ditto\n|-damage|p2a: Ditto|19\/100\n|drag|p2a: Ogerpon|Ogerpon-Cornerstone, F|100\/100\n|\n|upkeep\n|turn|14\n|\n|t:|1699893745\n|move|p2a: Ogerpon|Swords Dance|p2a: Ogerpon\n|-boost|p2a: Ogerpon|atk|2\n|move|p1a: Dripplin Gapple|Giga Drain|p2a: Ogerpon\n|-damage|p2a: Ogerpon|73\/100\n|-heal|p1a: Dripplin Gapple|100\/100|[from] drain|[of] p2a: Ogerpon\n|\n|upkeep\n|turn|15\n|\n|t:|1699893751\n|move|p2a: Ogerpon|Encore|p1a: Dripplin Gapple\n|-start|p1a: Dripplin Gapple|Encore\n|move|p1a: Dripplin Gapple|Giga Drain|p2a: Ogerpon\n|-damage|p2a: Ogerpon|45\/100\n|\n|upkeep\n|turn|16\n|\n|t:|1699893760\n|move|p2a: Ogerpon|Horn Leech|p1a: Dripplin Gapple\n|-resisted|p1a: Dripplin Gapple\n|-damage|p1a: Dripplin Gapple|83\/100\n|-heal|p2a: Ogerpon|56\/100|[from] drain|[of] p1a: Dripplin Gapple\n|move|p1a: Dripplin Gapple|Giga Drain|p2a: Ogerpon\n|-damage|p2a: Ogerpon|24\/100\n|-heal|p1a: Dripplin Gapple|96\/100|[from] drain|[of] p2a: Ogerpon\n|\n|upkeep\n|turn|17\n|\n|t:|1699893765\n|move|p2a: Ogerpon|Ivy Cudgel|p1a: Dripplin Gapple\n|-damage|p1a: Dripplin Gapple|48\/100\n|move|p1a: Dripplin Gapple|Giga Drain|p2a: Ogerpon\n|-damage|p2a: Ogerpon|0 fnt\n|-heal|p1a: Dripplin Gapple|58\/100|[from] drain|[of] p2a: Ogerpon\n|faint|p2a: Ogerpon\n|\n|-end|p1a: Dripplin Gapple|Encore\n|upkeep\n|-message|shengye121 forfeited.\n|\n|win|Hi my name is Goku\n|raw|Hi my name is Goku's rating: 1387 &rarr; <strong>1402<\/strong><br \/>(+15 for winning)\n|raw|shengye121's rating: 1300 &rarr; <strong>1281<\/strong><br \/>(-19 for losing)\n|l|\u2606shengye121\n","uploadtime":1699893777,"views":12,"p1id":"himynameisgoku","p2id":"shengye121","formatid":"gen9nationaldex","rating":1281,"private":0,"password":""}