{"id":"gen9nationaldex-1994671127","p1":"susyssy","p2":"Eighty Battles","format":"[Gen 9] National Dex","log":"|html|<div class=\"broadcast-blue\"><strong>[Gen 9] National Dex is currently suspecting Sneasler! For information on how to participate check out the <a href=\"https:\/\/www.smogon.com\/forums\/threads\/sv-national-dex-suspect-8-just-dance.3731534\/\">suspect thread<\/a>.<\/strong><\/div>\n|j|\u2606susyssy\n|j|\u2606Eighty Battles\n|t:|1700478758\n|gametype|singles\n|player|p1|susyssy|266|1077\n|player|p2|Eighty Battles|gentleman-gen4dp|1000\n|teamsize|p1|6\n|teamsize|p2|6\n|gen|9\n|tier|[Gen 9] National Dex\n|rated|\n|rule|HP Percentage Mod: HP is shown in percentages\n|rule|Endless Battle Clause: Forcing endless battles is banned\n|rule|OHKO Clause: OHKO moves are banned\n|rule|Evasion Clause: Evasion abilities, items, and moves are banned\n|rule|Evasion Abilities Clause: Evasion abilities are banned\n|rule|Evasion Items Clause: Evasion items are banned\n|rule|Evasion Moves Clause: Evasion moves are banned\n|rule|Species Clause: Limit one of each Pok\u00e9mon\n|rule|Sleep Clause Mod: Limit one foe put to sleep\n|clearpoke\n|poke|p1|Dusknoir, M|\n|poke|p1|Chandelure, M|\n|poke|p1|Dhelmise|\n|poke|p1|Polteageist-Antique|\n|poke|p1|Gengar, M|\n|poke|p1|Aegislash, M|\n|poke|p2|Serperior, M|\n|poke|p2|Scolipede, F|\n|poke|p2|Swoobat, M|\n|poke|p2|Magcargo, M|\n|poke|p2|Greedent, M|\n|poke|p2|Seaking, M|\n|teampreview\n|c|\u2606Eighty Battles|Ghost only?\n|\n|t:|1700478798\n|start\n|switch|p1a: Dusknoir|Dusknoir, M|100\/100\n|switch|p2a: Fattinous|Greedent, M|100\/100\n|-ability|p1a: Dusknoir|Pressure\n|turn|1\n|\n|t:|1700478820\n|move|p1a: Dusknoir|Toxic|p2a: Fattinous\n|-status|p2a: Fattinous|tox\n|move|p2a: Fattinous|Belly Drum|p2a: Fattinous\n|-damage|p2a: Fattinous|51\/100 tox\n|-setboost|p2a: Fattinous|atk|6|[from] move: Belly Drum\n|\n|-damage|p2a: Fattinous|45\/100 tox|[from] psn\n|upkeep\n|turn|2\n|\n|t:|1700478829\n|move|p1a: Dusknoir|Brick Break|p2a: Fattinous\n|-supereffective|p2a: Fattinous\n|-damage|p2a: Fattinous|17\/100 tox\n|move|p2a: Fattinous|Rest|p2a: Fattinous\n|-status|p2a: Fattinous|slp|[from] move: Rest\n|-heal|p2a: Fattinous|100\/100 slp|[silent]\n|-enditem|p2a: Fattinous|Chesto Berry|[eat]\n|-curestatus|p2a: Fattinous|slp|[msg]\n|\n|upkeep\n|turn|3\n|\n|t:|1700478838\n|move|p1a: Dusknoir|Toxic|p2a: Fattinous|[miss]\n|-miss|p1a: Dusknoir|p2a: Fattinous\n|move|p2a: Fattinous|Crunch|p1a: Dusknoir\n|-supereffective|p1a: Dusknoir\n|-damage|p1a: Dusknoir|0 fnt\n|faint|p1a: Dusknoir\n|\n|upkeep\n|\n|t:|1700478863\n|switch|p1a: Polteageist|Polteageist-Antique|100\/100\n|turn|4\n|\n|t:|1700478871\n|move|p1a: Polteageist|Shell Smash|p1a: Polteageist\n|-unboost|p1a: Polteageist|def|1\n|-unboost|p1a: Polteageist|spd|1\n|-boost|p1a: Polteageist|atk|2\n|-boost|p1a: Polteageist|spa|2\n|-boost|p1a: Polteageist|spe|2\n|-enditem|p1a: Polteageist|White Herb\n|-clearnegativeboost|p1a: Polteageist|[silent]\n|move|p2a: Fattinous|Crunch|p1a: Polteageist\n|-supereffective|p1a: Polteageist\n|-damage|p1a: Polteageist|0 fnt\n|faint|p1a: Polteageist\n|\n|upkeep\n|\n|t:|1700478885\n|switch|p1a: Chandelure|Chandelure, M|100\/100\n|turn|5\n|\n|t:|1700478890\n|move|p1a: Chandelure|Will-O-Wisp|p2a: Fattinous\n|-status|p2a: Fattinous|brn\n|move|p2a: Fattinous|Crunch|p1a: Chandelure\n|-supereffective|p1a: Chandelure\n|-damage|p1a: Chandelure|10\/100\n|\n|-damage|p2a: Fattinous|94\/100 brn|[from] brn\n|upkeep\n|turn|6\n|\n|t:|1700478901\n|move|p1a: Chandelure|Flamethrower|p2a: Fattinous\n|-damage|p2a: Fattinous|53\/100 brn\n|move|p2a: Fattinous|Crunch|p1a: Chandelure\n|-supereffective|p1a: Chandelure\n|-damage|p1a: Chandelure|0 fnt\n|faint|p1a: Chandelure\n|\n|-damage|p2a: Fattinous|47\/100 brn|[from] brn\n|upkeep\n|\n|t:|1700478912\n|switch|p1a: Aegislash|Aegislash, M|100\/100\n|turn|7\n|\n|t:|1700478924\n|move|p1a: Aegislash|King's Shield|p1a: Aegislash\n|-singleturn|p1a: Aegislash|Protect\n|move|p2a: Fattinous|Crunch|p1a: Aegislash\n|-activate|p1a: Aegislash|move: Protect\n|-unboost|p2a: Fattinous|atk|1\n|\n|-damage|p2a: Fattinous|41\/100 brn|[from] brn\n|upkeep\n|turn|8\n|\n|t:|1700478935\n|-formechange|p1a: Aegislash|Aegislash-Blade||[from] ability: Stance Change\n|move|p1a: Aegislash|Iron Head|p2a: Fattinous\n|-damage|p2a: Fattinous|7\/100 brn\n|move|p2a: Fattinous|Crunch|p1a: Aegislash\n|-supereffective|p1a: Aegislash\n|-damage|p1a: Aegislash|0 fnt\n|faint|p1a: Aegislash\n|\n|-damage|p2a: Fattinous|1\/100 brn|[from] brn\n|upkeep\n|\n|t:|1700478950\n|switch|p1a: Dhelmise|Dhelmise|100\/100\n|turn|9\n|\n|t:|1700478955\n|move|p1a: Dhelmise|Liquidation|p2a: Fattinous\n|-damage|p2a: Fattinous|0 fnt\n|faint|p2a: Fattinous\n|\n|upkeep\n|\n|t:|1700478972\n|switch|p2a: Emperor|Serperior, M|100\/100\n|turn|10\n|\n|t:|1700478982\n|move|p2a: Emperor|Leech Seed|p1a: Dhelmise\n|-immune|p1a: Dhelmise\n|move|p1a: Dhelmise|Shadow Claw|p2a: Emperor\n|-crit|p2a: Emperor\n|-damage|p2a: Emperor|35\/100\n|\n|upkeep\n|turn|11\n|\n|t:|1700478989\n|move|p2a: Emperor|Leaf Storm|p1a: Dhelmise\n|-resisted|p1a: Dhelmise\n|-damage|p1a: Dhelmise|62\/100\n|-boost|p2a: Emperor|spa|2\n|-damage|p2a: Emperor|25\/100|[from] item: Life Orb\n|move|p1a: Dhelmise|Shadow Claw|p2a: Emperor\n|-damage|p2a: Emperor|0 fnt\n|faint|p2a: Emperor\n|\n|upkeep\n|\n|t:|1700478999\n|switch|p2a: Intoxicated|Scolipede, F|100\/100\n|turn|12\n|\n|t:|1700479021\n|-terastallize|p2a: Intoxicated|Bug\n|move|p2a: Intoxicated|X-Scissor|p1a: Dhelmise\n|-damage|p1a: Dhelmise|23\/100\n|move|p1a: Dhelmise|Anchor Shot|p2a: Intoxicated\n|-damage|p2a: Intoxicated|52\/100\n|-activate|p2a: Intoxicated|trapped\n|\n|-damage|p2a: Intoxicated|39\/100|[from] item: Black Sludge\n|-ability|p2a: Intoxicated|Speed Boost|boost\n|-boost|p2a: Intoxicated|spe|1\n|upkeep\n|turn|13\n|\n|t:|1700479033\n|move|p2a: Intoxicated|X-Scissor|p1a: Dhelmise\n|-damage|p1a: Dhelmise|0 fnt\n|faint|p1a: Dhelmise\n|\n|-damage|p2a: Intoxicated|27\/100|[from] item: Black Sludge\n|-ability|p2a: Intoxicated|Speed Boost|boost\n|-boost|p2a: Intoxicated|spe|1\n|upkeep\n|\n|t:|1700479038\n|switch|p1a: Gengar|Gengar, M|100\/100\n|turn|14\n|\n|t:|1700479049\n|-terastallize|p1a: Gengar|Electric\n|move|p2a: Intoxicated|Throat Chop|p1a: Gengar\n|-damage|p1a: Gengar|67\/100\n|-start|p1a: Gengar|Throat Chop|[silent]\n|move|p1a: Gengar|Shadow Ball|p2a: Intoxicated\n|-damage|p2a: Intoxicated|0 fnt\n|faint|p2a: Intoxicated\n|\n|upkeep\n|\n|t:|1700479065\n|switch|p2a: Danger|Seaking, M|100\/100\n|turn|15\n|\n|t:|1700479074\n|move|p1a: Gengar|Thunderbolt|p2a: Danger\n|-ability|p2a: Danger|Lightning Rod|boost\n|-boost|p2a: Danger|spa|1\n|move|p2a: Danger|Rain Dance|p2a: Danger\n|-weather|RainDance\n|\n|-weather|RainDance|[upkeep]\n|-end|p1a: Gengar|Throat Chop|[silent]\n|upkeep\n|turn|16\n|\n|t:|1700479087\n|move|p1a: Gengar|Sludge Wave|p2a: Danger\n|-damage|p2a: Danger|32\/100\n|-status|p2a: Danger|psn\n|move|p2a: Danger|Aqua Tail|p1a: Gengar\n|-damage|p1a: Gengar|0 fnt\n|-start|p2a: Danger|Disable|Aqua Tail|[from] ability: Cursed Body|[of] p1a: Gengar\n|faint|p1a: Gengar\n|\n|win|Eighty Battles\n|raw|susyssy's rating: 1077 &rarr; <strong>1051<\/strong><br \/>(-26 for losing)\n|raw|Eighty Battles's rating: 1000 &rarr; <strong>1049<\/strong><br \/>(+49 for winning)\n|l|\u2606susyssy\n","uploadtime":1700479379,"views":14,"p1id":"susyssy","p2id":"eightybattles","formatid":"gen9nationaldex","rating":1049,"private":0,"password":""}