{"id":"gen9nationaldex-1998798499","p1":"Docrynx","p2":"Cantthink345","format":"[Gen 9] National Dex","log":"|html|<div class=\"broadcast-blue\"><strong>[Gen 9] National Dex is currently suspecting Sneasler! For information on how to participate check out the <a href=\"https:\/\/www.smogon.com\/forums\/threads\/sv-national-dex-suspect-8-just-dance.3731534\/\">suspect thread<\/a>.<\/strong><\/div>\n|j|\u2606Docrynx\n|j|\u2606Cantthink345\n|t:|1700993172\n|gametype|singles\n|player|p1|Docrynx|emmet|1075\n|player|p2|Cantthink345|101|1048\n|teamsize|p1|6\n|teamsize|p2|6\n|gen|9\n|tier|[Gen 9] National Dex\n|rated|\n|rule|HP Percentage Mod: HP is shown in percentages\n|rule|Endless Battle Clause: Forcing endless battles is banned\n|rule|OHKO Clause: OHKO moves are banned\n|rule|Evasion Clause: Evasion abilities, items, and moves are banned\n|rule|Evasion Abilities Clause: Evasion abilities are banned\n|rule|Evasion Items Clause: Evasion items are banned\n|rule|Evasion Moves Clause: Evasion moves are banned\n|rule|Species Clause: Limit one of each Pok\u00e9mon\n|rule|Sleep Clause Mod: Limit one foe put to sleep\n|clearpoke\n|poke|p1|Decidueye-Hisui, M|\n|poke|p1|Chandelure, M|\n|poke|p1|Eelektross, F|\n|poke|p1|Skeledirge, M|\n|poke|p1|Sinistcha-Masterpiece|\n|poke|p1|Honchkrow, M|\n|poke|p2|Swampert, M|\n|poke|p2|Sneasler, M|\n|poke|p2|Serperior, F|\n|poke|p2|Alakazam, F|\n|poke|p2|Aegislash, M|\n|poke|p2|Volcarona, F|\n|teampreview\n|\n|t:|1700993195\n|start\n|switch|p1a: Devland|Chandelure, M|100\/100\n|switch|p2a: Volcarona|Volcarona, F|100\/100\n|turn|1\n|\n|t:|1700993213\n|move|p2a: Volcarona|Quiver Dance|p2a: Volcarona\n|-boost|p2a: Volcarona|spa|1\n|-boost|p2a: Volcarona|spd|1\n|-boost|p2a: Volcarona|spe|1\n|move|p1a: Devland|Overheat|p2a: Volcarona\n|-damage|p2a: Volcarona|52\/100\n|-unboost|p1a: Devland|spa|2\n|\n|upkeep\n|turn|2\n|\n|t:|1700993230\n|move|p2a: Volcarona|Quiver Dance|p2a: Volcarona\n|-boost|p2a: Volcarona|spa|1\n|-boost|p2a: Volcarona|spd|1\n|-boost|p2a: Volcarona|spe|1\n|move|p1a: Devland|Overheat|p2a: Volcarona\n|-damage|p2a: Volcarona|34\/100\n|-unboost|p1a: Devland|spa|2\n|\n|upkeep\n|turn|3\n|\n|t:|1700993242\n|move|p2a: Volcarona|Quiver Dance|p2a: Volcarona\n|-boost|p2a: Volcarona|spa|1\n|-boost|p2a: Volcarona|spd|1\n|-boost|p2a: Volcarona|spe|1\n|move|p1a: Devland|Psychic|p2a: Volcarona\n|-damage|p2a: Volcarona|28\/100\n|\n|upkeep\n|turn|4\n|\n|t:|1700993264\n|move|p2a: Volcarona|Hurricane|p1a: Devland\n|-damage|p1a: Devland|0 fnt\n|faint|p1a: Devland\n|\n|upkeep\n|\n|t:|1700993271\n|switch|p1a: Xiao Long|Eelektross, F|100\/100\n|-item|p1a: Xiao Long|Air Balloon\n|turn|5\n|\n|t:|1700993289\n|move|p2a: Volcarona|Flamethrower|p1a: Xiao Long\n|-damage|p1a: Xiao Long|0 fnt\n|-enditem|p1a: Xiao Long|Air Balloon\n|faint|p1a: Xiao Long\n|\n|upkeep\n|\n|t:|1700993299\n|switch|p1a: Qrow|Honchkrow, M|100\/100\n|turn|6\n|\n|t:|1700993312\n|move|p2a: Volcarona|Hurricane|p1a: Qrow|[miss]\n|-miss|p2a: Volcarona|p1a: Qrow\n|move|p1a: Qrow|Brave Bird|p2a: Volcarona\n|-supereffective|p2a: Volcarona\n|-crit|p2a: Volcarona\n|-damage|p2a: Volcarona|0 fnt\n|faint|p2a: Volcarona\n|-damage|p1a: Qrow|93\/100|[from] Recoil\n|\n|upkeep\n|\n|t:|1700993329\n|switch|p2a: Sneasler|Sneasler, M|100\/100\n|turn|7\n|\n|t:|1700993334\n|move|p2a: Sneasler|Close Combat|p1a: Qrow\n|-damage|p1a: Qrow|16\/100\n|-unboost|p2a: Sneasler|def|1\n|-unboost|p2a: Sneasler|spd|1\n|-enditem|p2a: Sneasler|White Herb\n|-clearnegativeboost|p2a: Sneasler|[silent]\n|move|p1a: Qrow|Brave Bird|p2a: Sneasler\n|-supereffective|p2a: Sneasler\n|-damage|p2a: Sneasler|0 fnt\n|faint|p2a: Sneasler\n|-damage|p1a: Qrow|0 fnt|[from] Recoil\n|faint|p1a: Qrow\n|\n|upkeep\n|\n|t:|1700993356\n|switch|p2a: Aegislash|Aegislash, M|100\/100\n|switch|p1a: Kuri|Decidueye-Hisui, M|100\/100\n|turn|8\n|\n|t:|1700993377\n|move|p2a: Aegislash|Swords Dance|p2a: Aegislash\n|-boost|p2a: Aegislash|atk|2\n|move|p1a: Kuri|Brave Bird|p2a: Aegislash\n|-resisted|p2a: Aegislash\n|-damage|p2a: Aegislash|89\/100\n|-damage|p1a: Kuri|97\/100|[from] Recoil\n|\n|-heal|p2a: Aegislash|95\/100|[from] item: Leftovers\n|upkeep\n|turn|9\n|\n|t:|1700993389\n|move|p2a: Aegislash|Swords Dance|p2a: Aegislash\n|-boost|p2a: Aegislash|atk|2\n|move|p1a: Kuri|Triple Arrows|p2a: Aegislash\n|-supereffective|p2a: Aegislash\n|-damage|p2a: Aegislash|42\/100\n|\n|-heal|p2a: Aegislash|48\/100|[from] item: Leftovers\n|upkeep\n|turn|10\n|\n|t:|1700993403\n|move|p2a: Aegislash|King's Shield|p2a: Aegislash\n|-singleturn|p2a: Aegislash|Protect\n|move|p1a: Kuri|Triple Arrows|p2a: Aegislash\n|-activate|p2a: Aegislash|move: Protect\n|\n|-heal|p2a: Aegislash|54\/100|[from] item: Leftovers\n|upkeep\n|turn|11\n|\n|t:|1700993413\n|-formechange|p2a: Aegislash|Aegislash-Blade||[from] ability: Stance Change\n|move|p2a: Aegislash|Sacred Sword|p1a: Kuri\n|-damage|p1a: Kuri|8\/100\n|move|p1a: Kuri|Triple Arrows|p2a: Aegislash\n|-supereffective|p2a: Aegislash\n|-crit|p2a: Aegislash\n|-damage|p2a: Aegislash|0 fnt\n|faint|p2a: Aegislash\n|\n|upkeep\n|\n|t:|1700993431\n|switch|p2a: Alakazam|Alakazam, F|100\/100\n|turn|12\n|\n|t:|1700993436\n|-terastallize|p1a: Kuri|Ghost\n|move|p2a: Alakazam|Expanding Force|p1a: Kuri\n|-damage|p1a: Kuri|0 fnt\n|faint|p1a: Kuri\n|\n|upkeep\n|\n|t:|1700993447\n|switch|p1a: Sinistcha|Sinistcha-Masterpiece|100\/100\n|turn|13\n|\n|t:|1700993457\n|move|p2a: Alakazam|Calm Mind|p2a: Alakazam\n|-boost|p2a: Alakazam|spa|1\n|-boost|p2a: Alakazam|spd|1\n|move|p1a: Sinistcha|Poltergeist|p2a: Alakazam\n|-activate|p2a: Alakazam|move: Poltergeist|Mind Plate\n|-supereffective|p2a: Alakazam\n|-damage|p2a: Alakazam|0 fnt\n|faint|p2a: Alakazam\n|\n|upkeep\n|\n|t:|1700993472\n|switch|p2a: Swampert|Swampert, M|100\/100\n|turn|14\n|\n|t:|1700993487\n|detailschange|p2a: Swampert|Swampert-Mega, M\n|-mega|p2a: Swampert|Swampert|Swampertite\n|move|p2a: Swampert|Darkest Lariat|p1a: Sinistcha\n|-supereffective|p1a: Sinistcha\n|-crit|p1a: Sinistcha\n|-damage|p1a: Sinistcha|9\/100\n|move|p1a: Sinistcha|Matcha Gotcha|p2a: Swampert\n|-supereffective|p2a: Swampert\n|-damage|p2a: Swampert|0 fnt\n|-heal|p1a: Sinistcha|63\/100|[from] drain|[of] p2a: Swampert\n|faint|p2a: Swampert\n|\n|upkeep\n|\n|t:|1700993500\n|switch|p2a: Serperior|Serperior, F|100\/100\n|turn|15\n|\n|t:|1700993512\n|move|p2a: Serperior|Leaf Storm|p1a: Sinistcha\n|-resisted|p1a: Sinistcha\n|-damage|p1a: Sinistcha|35\/100\n|-boost|p2a: Serperior|spa|2\n|move|p1a: Sinistcha|Matcha Gotcha|p2a: Serperior\n|-resisted|p2a: Serperior\n|-damage|p2a: Serperior|75\/100\n|-heal|p1a: Sinistcha|46\/100|[from] drain|[of] p2a: Serperior\n|\n|upkeep\n|turn|16\n|\n|t:|1700993525\n|move|p2a: Serperior|Leaf Storm|p1a: Sinistcha\n|-resisted|p1a: Sinistcha\n|-damage|p1a: Sinistcha|0 fnt\n|-boost|p2a: Serperior|spa|2\n|faint|p1a: Sinistcha\n|\n|upkeep\n|\n|t:|1700993531\n|switch|p1a: Neon|Skeledirge, M|100\/100\n|turn|17\n|\n|t:|1700993537\n|move|p2a: Serperior|Leaf Storm|p1a: Neon\n|-resisted|p1a: Neon\n|-damage|p1a: Neon|85\/100\n|-boost|p2a: Serperior|spa|2\n|move|p1a: Neon|Torch Song|p2a: Serperior\n|-supereffective|p2a: Serperior\n|-damage|p2a: Serperior|3\/100\n|-boost|p1a: Neon|spa|1\n|\n|-heal|p1a: Neon|91\/100|[from] item: Leftovers\n|upkeep\n|turn|18\n|\n|t:|1700993551\n|move|p2a: Serperior|Synthesis|p2a: Serperior\n|-heal|p2a: Serperior|53\/100\n|move|p1a: Neon|Torch Song|p2a: Serperior\n|-supereffective|p2a: Serperior\n|-damage|p2a: Serperior|0 fnt\n|-boost|p1a: Neon|spa|1\n|faint|p2a: Serperior\n|\n|win|Docrynx\n|raw|Docrynx's rating: 1075 &rarr; <strong>1102<\/strong><br \/>(+27 for winning)\n|raw|Cantthink345's rating: 1048 &rarr; <strong>1032<\/strong><br \/>(-16 for losing)\n|l|\u2606Cantthink345\n","uploadtime":1700993562,"views":3,"p1id":"docrynx","p2id":"cantthink345","formatid":"gen9nationaldex","rating":1032,"private":0,"password":""}