{"id":"gen9nationaldex-1987180937","p1":"TrojantheTank","p2":"stormflypirateskin","format":"[Gen 9] National Dex","log":"|j|\u2606TrojantheTank\n|j|\u2606stormflypirateskin\n|t:|1699562914\n|gametype|singles\n|player|p1|TrojantheTank|linebacker|\n|player|p2|stormflypirateskin|skierf|\n|teamsize|p1|6\n|teamsize|p2|6\n|gen|9\n|tier|[Gen 9] National Dex\n|rule|HP Percentage Mod: HP is shown in percentages\n|rule|Endless Battle Clause: Forcing endless battles is banned\n|rule|OHKO Clause: OHKO moves are banned\n|rule|Evasion Clause: Evasion abilities, items, and moves are banned\n|rule|Evasion Abilities Clause: Evasion abilities are banned\n|rule|Evasion Items Clause: Evasion items are banned\n|rule|Evasion Moves Clause: Evasion moves are banned\n|rule|Species Clause: Limit one of each Pok\u00e9mon\n|rule|Sleep Clause Mod: Limit one foe put to sleep\n|clearpoke\n|poke|p1|Aggron, M|\n|poke|p1|Kommo-o, M|\n|poke|p1|Iron Jugulis|\n|poke|p1|Scizor, M|\n|poke|p1|Haxorus, M|\n|poke|p1|Golisopod, M|\n|poke|p2|Charizard, M|\n|poke|p2|Salamence, M|\n|poke|p2|Tyranitar, M|\n|poke|p2|Marowak, F|\n|poke|p2|Aerodactyl, M|\n|poke|p2|Dragonite, M|\n|teampreview\n|\n|t:|1699562929\n|start\n|switch|p1a: Scales|Kommo-o, M|100\/100\n|switch|p2a: \u0395\u03c5\u03b5\u03bb\u03c0\u03af\u03bf\u03c2|Tyranitar, M|100\/100\n|-weather|Sandstorm|[from] ability: Sand Stream|[of] p2a: \u0395\u03c5\u03b5\u03bb\u03c0\u03af\u03bf\u03c2\n|turn|1\n|c|\u2606stormflypirateskin|OOP-\n|c|\u2606TrojantheTank|well\n|\n|t:|1699562947\n|switch|p2a: \u0388\u03be\u03b1\u03c8\u03b7|Salamence, M|100\/100\n|move|p1a: Scales|Belly Drum|p1a: Scales\n|-damage|p1a: Scales|50\/100\n|-setboost|p1a: Scales|atk|6|[from] move: Belly Drum\n|\n|-weather|Sandstorm|[upkeep]\n|-damage|p2a: \u0388\u03be\u03b1\u03c8\u03b7|94\/100|[from] Sandstorm\n|-damage|p1a: Scales|44\/100|[from] Sandstorm\n|upkeep\n|turn|2\n|\n|t:|1699562963\n|move|p2a: \u0388\u03be\u03b1\u03c8\u03b7|Dual Wingbeat|p1a: Scales|[miss]\n|-miss|p2a: \u0388\u03be\u03b1\u03c8\u03b7|p1a: Scales\n|move|p1a: Scales|Thunder Punch|p2a: \u0388\u03be\u03b1\u03c8\u03b7\n|-damage|p2a: \u0388\u03be\u03b1\u03c8\u03b7|0 fnt\n|faint|p2a: \u0388\u03be\u03b1\u03c8\u03b7\n|\n|-weather|Sandstorm|[upkeep]\n|-damage|p1a: Scales|38\/100|[from] Sandstorm\n|upkeep\n|c|\u2606TrojantheTank|RNJESUS FTW\n|\n|t:|1699562985\n|switch|p2a: \u0391\u03b3\u03b1\u03b8\u03cc\u03c4\u03b7\u03c4\u03bf\u03c2|Dragonite, M|100\/100\n|turn|3\n|\n|t:|1699562994\n|-terastallize|p2a: \u0391\u03b3\u03b1\u03b8\u03cc\u03c4\u03b7\u03c4\u03bf\u03c2|Normal\n|move|p2a: \u0391\u03b3\u03b1\u03b8\u03cc\u03c4\u03b7\u03c4\u03bf\u03c2|Extreme Speed|p1a: Scales\n|-damage|p1a: Scales|0 fnt\n|faint|p1a: Scales\n|\n|-weather|Sandstorm|[upkeep]\n|-damage|p2a: \u0391\u03b3\u03b1\u03b8\u03cc\u03c4\u03b7\u03c4\u03bf\u03c2|94\/100|[from] Sandstorm\n|upkeep\n|c|\u2606stormflypirateskin|THAT CAUGHT ME SO OFF GUARD LFMAO\n|\n|t:|1699563015\n|switch|p1a: Mecha King Ghidora|Iron Jugulis|100\/100\n|-enditem|p1a: Mecha King Ghidora|Booster Energy\n|-activate|p1a: Mecha King Ghidora|ability: Quark Drive|[fromitem]\n|-start|p1a: Mecha King Ghidora|quarkdrivespe\n|turn|4\n|\n|t:|1699563023\n|move|p1a: Mecha King Ghidora|Dark Pulse|p2a: \u0391\u03b3\u03b1\u03b8\u03cc\u03c4\u03b7\u03c4\u03bf\u03c2\n|-damage|p2a: \u0391\u03b3\u03b1\u03b8\u03cc\u03c4\u03b7\u03c4\u03bf\u03c2|51\/100\n|move|p2a: \u0391\u03b3\u03b1\u03b8\u03cc\u03c4\u03b7\u03c4\u03bf\u03c2|Thunder Punch|p1a: Mecha King Ghidora\n|-supereffective|p1a: Mecha King Ghidora\n|-damage|p1a: Mecha King Ghidora|39\/100\n|\n|-weather|Sandstorm|[upkeep]\n|-damage|p1a: Mecha King Ghidora|33\/100|[from] Sandstorm\n|-damage|p2a: \u0391\u03b3\u03b1\u03b8\u03cc\u03c4\u03b7\u03c4\u03bf\u03c2|45\/100|[from] Sandstorm\n|upkeep\n|turn|5\n|\n|t:|1699563032\n|move|p2a: \u0391\u03b3\u03b1\u03b8\u03cc\u03c4\u03b7\u03c4\u03bf\u03c2|Extreme Speed|p1a: Mecha King Ghidora\n|-damage|p1a: Mecha King Ghidora|0 fnt\n|faint|p1a: Mecha King Ghidora\n|-end|p1a: Mecha King Ghidora|Quark Drive|[silent]\n|\n|-weather|none\n|upkeep\n|\n|t:|1699563042\n|switch|p1a: Smackaroo|Golisopod, M, shiny|100\/100\n|turn|6\n|\n|t:|1699563046\n|move|p1a: Smackaroo|First Impression|p2a: \u0391\u03b3\u03b1\u03b8\u03cc\u03c4\u03b7\u03c4\u03bf\u03c2\n|-damage|p2a: \u0391\u03b3\u03b1\u03b8\u03cc\u03c4\u03b7\u03c4\u03bf\u03c2|0 fnt\n|faint|p2a: \u0391\u03b3\u03b1\u03b8\u03cc\u03c4\u03b7\u03c4\u03bf\u03c2\n|\n|upkeep\n|\n|t:|1699563056\n|switch|p2a: \u0391\u03b3\u03ac\u03c0\u03b9\u03bf\u03c2|Charizard, M|100\/100\n|turn|7\n|\n|t:|1699563061\n|detailschange|p2a: \u0391\u03b3\u03ac\u03c0\u03b9\u03bf\u03c2|Charizard-Mega-Y, M\n|-mega|p2a: \u0391\u03b3\u03ac\u03c0\u03b9\u03bf\u03c2|Charizard|Charizardite Y\n|-weather|SunnyDay|[from] ability: Drought|[of] p2a: \u0391\u03b3\u03ac\u03c0\u03b9\u03bf\u03c2\n|move|p1a: Smackaroo|Aqua Jet|p2a: \u0391\u03b3\u03ac\u03c0\u03b9\u03bf\u03c2\n|-supereffective|p2a: \u0391\u03b3\u03ac\u03c0\u03b9\u03bf\u03c2\n|-damage|p2a: \u0391\u03b3\u03ac\u03c0\u03b9\u03bf\u03c2|66\/100\n|move|p2a: \u0391\u03b3\u03ac\u03c0\u03b9\u03bf\u03c2|Air Slash|p1a: Smackaroo\n|-supereffective|p1a: Smackaroo\n|-crit|p1a: Smackaroo\n|-damage|p1a: Smackaroo|0 fnt\n|faint|p1a: Smackaroo\n|\n|-weather|SunnyDay|[upkeep]\n|upkeep\n|c|\u2606stormflypirateskin|MY DRAGON CHILL\n|\n|t:|1699563075\n|switch|p1a: Goliath|Aggron, M|100\/100\n|turn|8\n|c|\u2606stormflypirateskin|NO CRITS YET AKDBAJS\n|\n|t:|1699563086\n|-terastallize|p1a: Goliath|Steel\n|move|p2a: \u0391\u03b3\u03ac\u03c0\u03b9\u03bf\u03c2|Focus Blast|p1a: Goliath\n|-supereffective|p1a: Goliath\n|-ability|p1a: Goliath|Sturdy\n|-damage|p1a: Goliath|1\/100\n|move|p1a: Goliath|Heavy Slam|p2a: \u0391\u03b3\u03ac\u03c0\u03b9\u03bf\u03c2\n|-resisted|p2a: \u0391\u03b3\u03ac\u03c0\u03b9\u03bf\u03c2\n|-damage|p2a: \u0391\u03b3\u03ac\u03c0\u03b9\u03bf\u03c2|37\/100\n|\n|-weather|SunnyDay|[upkeep]\n|-heal|p1a: Goliath|7\/100|[from] item: Leftovers\n|upkeep\n|turn|9\n|\n|t:|1699563099\n|move|p2a: \u0391\u03b3\u03ac\u03c0\u03b9\u03bf\u03c2|Flamethrower|p1a: Goliath\n|-supereffective|p1a: Goliath\n|-damage|p1a: Goliath|0 fnt\n|faint|p1a: Goliath\n|\n|-weather|SunnyDay|[upkeep]\n|upkeep\n|\n|t:|1699563105\n|switch|p1a: Chainsaw|Scizor, M|100\/100\n|turn|10\n|\n|t:|1699563124\n|detailschange|p1a: Chainsaw|Scizor-Mega, M\n|-mega|p1a: Chainsaw|Scizor|Scizorite\n|move|p1a: Chainsaw|Bullet Punch|p2a: \u0391\u03b3\u03ac\u03c0\u03b9\u03bf\u03c2\n|-resisted|p2a: \u0391\u03b3\u03ac\u03c0\u03b9\u03bf\u03c2\n|-damage|p2a: \u0391\u03b3\u03ac\u03c0\u03b9\u03bf\u03c2|17\/100\n|move|p2a: \u0391\u03b3\u03ac\u03c0\u03b9\u03bf\u03c2|Flamethrower|p1a: Chainsaw\n|-supereffective|p1a: Chainsaw\n|-damage|p1a: Chainsaw|0 fnt\n|faint|p1a: Chainsaw\n|\n|-weather|SunnyDay|[upkeep]\n|upkeep\n|\n|t:|1699563133\n|switch|p1a: Axe|Haxorus, M, shiny|100\/100\n|-ability|p1a: Axe|Mold Breaker\n|turn|11\n|\n|t:|1699563139\n|move|p2a: \u0391\u03b3\u03ac\u03c0\u03b9\u03bf\u03c2|Focus Blast|p1a: Axe\n|-damage|p1a: Axe|38\/100\n|move|p1a: Axe|Outrage|p2a: \u0391\u03b3\u03ac\u03c0\u03b9\u03bf\u03c2\n|-damage|p2a: \u0391\u03b3\u03ac\u03c0\u03b9\u03bf\u03c2|0 fnt\n|faint|p2a: \u0391\u03b3\u03ac\u03c0\u03b9\u03bf\u03c2\n|\n|-weather|none\n|upkeep\n|\n|t:|1699563153\n|switch|p2a: \u0395\u03c5\u03c4\u03cd\u03c7\u03b9\u03bf\u03c2|Aerodactyl, M|100\/100\n|-ability|p2a: \u0395\u03c5\u03c4\u03cd\u03c7\u03b9\u03bf\u03c2|Unnerve\n|turn|12\n|\n|t:|1699563159\n|move|p2a: \u0395\u03c5\u03c4\u03cd\u03c7\u03b9\u03bf\u03c2|Rock Slide|p1a: Axe\n|-damage|p1a: Axe|0 fnt\n|faint|p1a: Axe\n|\n|win|stormflypirateskin\n|c|\u2606TrojantheTank|gg\n|c|\u2606stormflypirateskin|Gg\n","uploadtime":1699563168,"views":7,"p1id":"trojanthetank","p2id":"stormflypirateskin","formatid":"gen9nationaldex","rating":0,"private":0,"password":""}