{"id":"gen9nationaldex-1989354548","p1":"mixco","p2":"OnlyPyper","format":"[Gen 9] National Dex","log":"|j|\u2606mixco\n|j|\u2606OnlyPyper\n|t:|1699839940\n|gametype|singles\n|player|p1|mixco|penny|\n|player|p2|OnlyPyper|shauntal|\n|teamsize|p1|6\n|teamsize|p2|6\n|gen|9\n|tier|[Gen 9] National Dex\n|rule|HP Percentage Mod: HP is shown in percentages\n|rule|Endless Battle Clause: Forcing endless battles is banned\n|rule|OHKO Clause: OHKO moves are banned\n|rule|Evasion Clause: Evasion abilities, items, and moves are banned\n|rule|Evasion Abilities Clause: Evasion abilities are banned\n|rule|Evasion Items Clause: Evasion items are banned\n|rule|Evasion Moves Clause: Evasion moves are banned\n|rule|Species Clause: Limit one of each Pok\u00e9mon\n|rule|Sleep Clause Mod: Limit one foe put to sleep\n|clearpoke\n|poke|p1|Diggersby, M|\n|poke|p1|Charizard, M|\n|poke|p1|Aromatisse, F|\n|poke|p1|Heliolisk, F|\n|poke|p1|Pyroar, F|\n|poke|p1|Trevenant, M|\n|poke|p2|Primarina, F|\n|poke|p2|Banette, F|\n|poke|p2|Raichu-Alola, F|\n|poke|p2|Masquerain, F|\n|poke|p2|Audino, F|\n|poke|p2|Toxicroak, F|\n|teampreview\n|c|\u2606OnlyPyper|Summer la va a sufrir aqu\u00ed\n|j| Corazonmorado27\n|c|\u2606mixco|Ekisde\n|c| Corazonmorado27|suerte uwu\n|c|\u2606OnlyPyper|Que mega tengo aver\n|c|\u2606OnlyPyper|Vale messi\n|\n|t:|1699840015\n|start\n|switch|p1a: Mozzard|Charizard, M|100\/100\n|switch|p2a: Teshie|Raichu-Alola, F|100\/100\n|turn|1\n|c|\u2606mixco|Gicoal viendo como lo hacen chambear aun con el cambio de team:\n|\n|t:|1699840037\n|switch|p1a: Fouret|Trevenant, M|100\/100\n|move|p2a: Teshie|Thunderbolt|p1a: Fouret\n|-resisted|p1a: Fouret\n|-damage|p1a: Fouret|82\/100\n|\n|upkeep\n|turn|2\n|c| Corazonmorado27|ekisde\n|\n|t:|1699840047\n|switch|p2a: Ame|Masquerain, F|100\/100\n|-ability|p2a: Ame|Intimidate|boost\n|-unboost|p1a: Fouret|atk|1\n|move|p1a: Fouret|Horn Leech|p2a: Ame\n|-resisted|p2a: Ame\n|-damage|p2a: Ame|93\/100\n|-heal|p1a: Fouret|84\/100|[from] drain|[of] p2a: Ame\n|\n|upkeep\n|turn|3\n|\n|t:|1699840060\n|switch|p1a: Mozzard|Charizard, M|100\/100\n|move|p2a: Ame|Quiver Dance|p2a: Ame\n|-boost|p2a: Ame|spa|1\n|-boost|p2a: Ame|spd|1\n|-boost|p2a: Ame|spe|1\n|\n|upkeep\n|turn|4\n|c|\u2606OnlyPyper|Nala esta hecha para hacerme counter teor\u00eda\n|c|\u2606mixco|Ekisde\n|\n|t:|1699840093\n|detailschange|p1a: Mozzard|Charizard-Mega-Y, M\n|-mega|p1a: Mozzard|Charizard|Charizardite Y\n|-weather|SunnyDay|[from] ability: Drought|[of] p1a: Mozzard\n|-terastallize|p2a: Ame|Ground\n|move|p2a: Ame|Quiver Dance|p2a: Ame\n|-boost|p2a: Ame|spa|1\n|-boost|p2a: Ame|spd|1\n|-boost|p2a: Ame|spe|1\n|move|p1a: Mozzard|Flamethrower|p2a: Ame\n|-damage|p2a: Ame|37\/100\n|-status|p2a: Ame|brn\n|\n|-weather|SunnyDay|[upkeep]\n|-damage|p2a: Ame|31\/100 brn|[from] brn\n|upkeep\n|turn|5\n|c|\u2606OnlyPyper|No pos\n|c|\u2606OnlyPyper|Chido\n|\n|t:|1699840117\n|move|p2a: Ame|Hurricane|p1a: Mozzard|[miss]\n|-miss|p2a: Ame|p1a: Mozzard\n|move|p1a: Mozzard|Flamethrower|p2a: Ame\n|-damage|p2a: Ame|0 fnt\n|faint|p2a: Ame\n|\n|-weather|SunnyDay|[upkeep]\n|upkeep\n|c|\u2606OnlyPyper|Obviamente no lo ibas a dar  xd\n|c|\u2606mixco|Xd\n|\n|t:|1699840148\n|switch|p2a: Teshie|Raichu-Alola, F|100\/100\n|turn|6\n|\n|t:|1699840154\n|switch|p1a: Gicoal|Diggersby, M|100\/100\n|move|p2a: Teshie|Thunderbolt|p1a: Gicoal\n|-immune|p1a: Gicoal\n|\n|-weather|SunnyDay|[upkeep]\n|upkeep\n|turn|7\n|c|\u2606OnlyPyper|Que papeada se viene\n|\n|t:|1699840167\n|switch|p2a: Isha|Audino, F|100\/100\n|move|p1a: Gicoal|Knock Off|p2a: Isha\n|-damage|p2a: Isha|69\/100\n|\n|-weather|SunnyDay|[upkeep]\n|upkeep\n|turn|8\n|c| Corazonmorado27|ekisde\n|c|\u2606OnlyPyper|Eso ya desvela mucho\n|c| Corazonmorado27|sis\n|\n|t:|1699840191\n|switch|p1a: Pyroar|Pyroar, F|100\/100\n|move|p2a: Isha|Wish|p2a: Isha\n|\n|-weather|none\n|upkeep\n|turn|9\n|\n|t:|1699840199\n|switch|p2a: Nerea|Primarina, F|100\/100\n|move|p1a: Pyroar|Flamethrower|p2a: Nerea\n|-resisted|p2a: Nerea\n|-damage|p2a: Nerea|76\/100\n|-status|p2a: Nerea|brn\n|\n|-heal|p2a: Nerea|100\/100 brn|[from] move: Wish|[wisher] Isha\n|-damage|p2a: Nerea|95\/100 brn|[from] brn\n|upkeep\n|turn|10\n|c|\u2606OnlyPyper|Pero hija del mal\n|c|\u2606OnlyPyper|Que solo es 10%\n|\n|t:|1699840221\n|switch|p1a: Fouret|Trevenant, M|84\/100\n|move|p2a: Nerea|Calm Mind|p2a: Nerea\n|-boost|p2a: Nerea|spa|1\n|-boost|p2a: Nerea|spd|1\n|\n|-heal|p2a: Nerea|100\/100 brn|[from] item: Leftovers\n|-damage|p2a: Nerea|95\/100 brn|[from] brn\n|upkeep\n|turn|11\n|\n|t:|1699840252\n|switch|p2a: Summer|Toxicroak, F|100\/100\n|move|p1a: Fouret|Horn Leech|p2a: Summer\n|-resisted|p2a: Summer\n|-damage|p2a: Summer|69\/100\n|-heal|p1a: Fouret|97\/100|[from] drain|[of] p2a: Summer\n|\n|upkeep\n|turn|12\n|c|\u2606OnlyPyper|Y se supone que es una resistencia\n|l|\u2606mixco\n|player|p1|\n|j|\u2606mixco\n|player|p1|mixco|penny\n|c|\u2606OnlyPyper|Ekisde\n|\n|t:|1699840331\n|move|p2a: Summer|Gunk Shot|p1a: Fouret\n|-damage|p1a: Fouret|4\/100\n|-status|p1a: Fouret|psn\n|move|p1a: Fouret|Earthquake|p2a: Summer\n|-supereffective|p2a: Summer\n|-damage|p2a: Summer|0 fnt\n|faint|p2a: Summer\n|\n|-damage|p1a: Fouret|0 fnt|[from] psn\n|faint|p1a: Fouret\n|upkeep\n|c| Corazonmorado27|Fouret se llev\u00f3 a summer al infierno con \u00e9l\n|c| Corazonmorado27|XD\n|c|\u2606OnlyPyper|Dir\u00eda que fue al rev\u00e9s XD\n|c| Corazonmorado27|XDXD\n|c|\u2606OnlyPyper|Igual mucho no pod\u00eda hacer\n|c| Corazonmorado27|ya\n|c|\u2606OnlyPyper|Literalmente se mor\u00eda con que mozzard respirar\u00e1\n|c| Corazonmorado27|XDXD\n|c|\u2606OnlyPyper|Dory tkm pero eres lo m\u00e1s in\u00fatil aqu\u00ed\n|c|\u2606OnlyPyper|3 inmunidades xddd\n|c| Corazonmorado27|ekisde\n|\n|t:|1699840428\n|switch|p2a: Teshie|Raichu-Alola, F|100\/100\n|switch|p1a: Surey|Heliolisk, F|100\/100\n|turn|13\n|\n|t:|1699840466\n|move|p1a: Surey|Thunderbolt|p2a: Teshie\n|-resisted|p2a: Teshie\n|-damage|p2a: Teshie|68\/100\n|move|p2a: Teshie|Psyshock|p1a: Surey\n|-damage|p1a: Surey|0 fnt\n|faint|p1a: Surey\n|\n|upkeep\n|\n|t:|1699840477\n|switch|p1a: Gicoal|Diggersby, M|100\/100\n|turn|14\n|\n|t:|1699840486\n|switch|p2a: Dory|Banette, F|100\/100\n|-item|p1a: Gicoal|Choice Band|[from] ability: Frisk|[of] p2a: Dory|[identify]\n|move|p1a: Gicoal|Earthquake|p2a: Dory\n|-enditem|p2a: Dory|Focus Sash\n|-damage|p2a: Dory|1\/100\n|\n|upkeep\n|turn|15\n|c|\u2606OnlyPyper|Bueno gracias por el dato crack\n|\n|t:|1699840510\n|move|p1a: Gicoal|Earthquake|p2a: Dory\n|-damage|p2a: Dory|0 fnt\n|faint|p2a: Dory\n|\n|upkeep\n|c| Corazonmorado27|XD\n|\n|t:|1699840518\n|switch|p2a: Teshie|Raichu-Alola, F|68\/100\n|turn|16\n|\n|t:|1699840525\n|switch|p2a: Isha|Audino, F|100\/100\n|switch|p1a: Cherry Isha|Aromatisse, F|100\/100\n|\n|upkeep\n|turn|17\n|\n|t:|1699840534\n|move|p2a: Isha|Wish|p2a: Isha\n|move|p1a: Cherry Isha|Toxic|p2a: Isha\n|-status|p2a: Isha|tox\n|\n|-damage|p2a: Isha|94\/100 tox|[from] psn\n|upkeep\n|turn|18\n|\n|t:|1699840544\n|move|p2a: Isha|Heal Bell|p2a: Isha\n|-activate|p2a: Isha|move: Heal Bell\n|-curestatus|p2a: Isha|tox|[msg]\n|-curestatus|p2: Nerea|brn|[msg]\n|move|p1a: Cherry Isha|Wish|p1a: Cherry Isha\n|\n|-heal|p2a: Isha|100\/100|[from] move: Wish|[wisher] Isha\n|upkeep\n|turn|19\n|\n|t:|1699840562\n|switch|p2a: Teshie|Raichu-Alola, F|68\/100\n|move|p1a: Cherry Isha|Toxic|p2a: Teshie\n|-status|p2a: Teshie|tox\n|\n|-damage|p2a: Teshie|61\/100 tox|[from] psn\n|upkeep\n|turn|20\n|\n|t:|1699840573\n|switch|p2a: Isha|Audino, F|100\/100\n|move|p1a: Cherry Isha|Protect||[still]\n|-fail|p1a: Cherry Isha\n|\n|upkeep\n|turn|21\n|\n|t:|1699840581\n|switch|p1a: Gicoal|Diggersby, M|100\/100\n|move|p2a: Isha|Heal Bell|p2a: Isha\n|-activate|p2a: Isha|move: Heal Bell\n|-curestatus|p2: Teshie|tox|[msg]\n|\n|upkeep\n|turn|22\n|\n|t:|1699840593\n|detailschange|p2a: Isha|Audino-Mega, F\n|-mega|p2a: Isha|Audino|Audinite\n|move|p1a: Gicoal|Return|p2a: Isha\n|-damage|p2a: Isha|45\/100\n|move|p2a: Isha|Wish|p2a: Isha\n|\n|upkeep\n|turn|23\n|\n|t:|1699840613\n|move|p1a: Gicoal|Return|p2a: Isha\n|-damage|p2a: Isha|0 fnt\n|faint|p2a: Isha\n|\n|upkeep\n|\n|t:|1699840618\n|switch|p2a: Teshie|Raichu-Alola, F|61\/100\n|turn|24\n|c|\u2606OnlyPyper|No colo\n|\n|t:|1699840633\n|switch|p1a: Cherry Isha|Aromatisse, F|100\/100\n|move|p2a: Teshie|Psyshock|p1a: Cherry Isha\n|-damage|p1a: Cherry Isha|42\/100\n|\n|-heal|p1a: Cherry Isha|48\/100|[from] item: Leftovers\n|upkeep\n|turn|25\n|\n|t:|1699840642\n|move|p1a: Cherry Isha|Protect|p1a: Cherry Isha\n|-singleturn|p1a: Cherry Isha|Protect\n|move|p2a: Teshie|Psyshock|p1a: Cherry Isha\n|-activate|p1a: Cherry Isha|move: Protect\n|\n|-heal|p1a: Cherry Isha|54\/100|[from] item: Leftovers\n|upkeep\n|turn|26\n|\n|t:|1699840671\n|move|p2a: Teshie|Psyshock|p1a: Cherry Isha\n|-damage|p1a: Cherry Isha|2\/100\n|move|p1a: Cherry Isha|Moonblast|p2a: Teshie\n|-damage|p2a: Teshie|18\/100\n|-unboost|p2a: Teshie|spa|1\n|\n|-heal|p1a: Cherry Isha|8\/100|[from] item: Leftovers\n|upkeep\n|turn|27\n|c|\u2606OnlyPyper|No pos ekisde\n|\n|t:|1699840682\n|move|p1a: Cherry Isha|Protect|p1a: Cherry Isha\n|-singleturn|p1a: Cherry Isha|Protect\n|move|p2a: Teshie|Psyshock|p1a: Cherry Isha\n|-activate|p1a: Cherry Isha|move: Protect\n|\n|-heal|p1a: Cherry Isha|14\/100|[from] item: Leftovers\n|upkeep\n|turn|28\n|\n|t:|1699840687\n|move|p2a: Teshie|Psyshock|p1a: Cherry Isha\n|-damage|p1a: Cherry Isha|0 fnt\n|faint|p1a: Cherry Isha\n|\n|upkeep\n|\n|t:|1699840695\n|switch|p1a: Gicoal|Diggersby, M|100\/100\n|turn|29\n|\n|t:|1699840702\n|move|p1a: Gicoal|Quick Attack|p2a: Teshie\n|-damage|p2a: Teshie|0 fnt\n|faint|p2a: Teshie\n|\n|upkeep\n|\n|t:|1699840706\n|switch|p2a: Nerea|Primarina, F|95\/100\n|turn|30\n|\n|t:|1699840710\n|switch|p1a: Mozzard|Charizard-Mega-Y, M|100\/100\n|-weather|SunnyDay|[from] ability: Drought|[of] p1a: Mozzard\n|move|p2a: Nerea|Calm Mind|p2a: Nerea\n|-boost|p2a: Nerea|spa|1\n|-boost|p2a: Nerea|spd|1\n|\n|-weather|SunnyDay|[upkeep]\n|-heal|p2a: Nerea|100\/100|[from] item: Leftovers\n|upkeep\n|turn|31\n|\n|t:|1699840718\n|move|p1a: Mozzard|Solar Beam||[still]\n|-prepare|p1a: Mozzard|Solar Beam\n|-anim|p1a: Mozzard|Solar Beam|p2a: Nerea\n|-supereffective|p2a: Nerea\n|-damage|p2a: Nerea|35\/100\n|move|p2a: Nerea|Calm Mind|p2a: Nerea\n|-boost|p2a: Nerea|spa|1\n|-boost|p2a: Nerea|spd|1\n|\n|-weather|SunnyDay|[upkeep]\n|-heal|p2a: Nerea|41\/100|[from] item: Leftovers\n|upkeep\n|turn|32\n|\n|t:|1699840727\n|move|p1a: Mozzard|Solar Beam||[still]\n|-prepare|p1a: Mozzard|Solar Beam\n|-anim|p1a: Mozzard|Solar Beam|p2a: Nerea\n|-supereffective|p2a: Nerea\n|-damage|p2a: Nerea|0 fnt\n|faint|p2a: Nerea\n|\n|win|mixco\n|c|\u2606OnlyPyper|Gg\n|c| Corazonmorado27|gg\n|c|\u2606mixco|Gg\n|c|\u2606OnlyPyper|Hice m\u00e1s de lo que cre\u00ed xd\n","uploadtime":1699840770,"views":5,"p1id":"mixco","p2id":"onlypyper","formatid":"gen9nationaldex","rating":0,"private":0,"password":""}