{"id":"gen9nationaldex-1993937508","p1":"shuaiboy","p2":"ghostkinggengar","format":"[Gen 9] National Dex","log":"|j|\u2606shuaiboy\n|j|\u2606ghostkinggengar\n|t:|1700378761\n|gametype|singles\n|player|p1|shuaiboy|101|1576\n|player|p2|ghostkinggengar|swimmerf|1536\n|teamsize|p1|6\n|teamsize|p2|6\n|gen|9\n|tier|[Gen 9] National Dex\n|rated|\n|rule|HP Percentage Mod: HP is shown in percentages\n|rule|Endless Battle Clause: Forcing endless battles is banned\n|rule|OHKO Clause: OHKO moves are banned\n|rule|Evasion Clause: Evasion abilities, items, and moves are banned\n|rule|Evasion Abilities Clause: Evasion abilities are banned\n|rule|Evasion Items Clause: Evasion items are banned\n|rule|Evasion Moves Clause: Evasion moves are banned\n|rule|Species Clause: Limit one of each Pok\u00e9mon\n|rule|Sleep Clause Mod: Limit one foe put to sleep\n|clearpoke\n|poke|p1|Tyranitar, M|\n|poke|p1|Scizor, F|\n|poke|p1|Dondozo, M|\n|poke|p1|Tapu Lele|\n|poke|p1|Blissey, F|\n|poke|p1|Great Tusk|\n|poke|p2|Dragonite, M|\n|poke|p2|Ursaluna, F|\n|poke|p2|Tapu Koko|\n|poke|p2|Garchomp, M|\n|poke|p2|Hoopa-Unbound|\n|poke|p2|Moltres|\n|teampreview\n|inactive|Battle timer is ON: inactive players will automatically lose when time's up. (requested by ghostkinggengar)\n|\n|t:|1700378785\n|start\n|switch|p1a: Tyranitar|Tyranitar, M|100\/100\n|switch|p2a: Garchomp|Garchomp, M|100\/100\n|-weather|Sandstorm|[from] ability: Sand Stream|[of] p1a: Tyranitar\n|turn|1\n|\n|t:|1700378796\n|switch|p1a: Great Tusk|Great Tusk|100\/100\n|move|p2a: Garchomp|Earthquake|p1a: Great Tusk\n|-damage|p1a: Great Tusk|74\/100\n|\n|-weather|Sandstorm|[upkeep]\n|upkeep\n|turn|2\n|inactive|shuaiboy has 120 seconds left.\n|inactive|shuaiboy has 90 seconds left.\n|inactive|shuaiboy has 60 seconds left.\n|\n|t:|1700378890\n|switch|p2a: Moltres|Moltres|100\/100\n|move|p1a: Great Tusk|Stealth Rock|p2a: Moltres\n|-sidestart|p2: ghostkinggengar|move: Stealth Rock\n|\n|-weather|Sandstorm|[upkeep]\n|-damage|p2a: Moltres|94\/100|[from] Sandstorm\n|upkeep\n|turn|3\n|inactive|ghostkinggengar has 120 seconds left.\n|\n|t:|1700378936\n|-end|p1a: Great Tusk|Protosynthesis|[silent]\n|switch|p1a: Tyranitar|Tyranitar, M|100\/100\n|move|p2a: Moltres|Defog|p1a: Tyranitar\n|-unboost|p1a: Tyranitar|evasion|1\n|-sideend|p2: ghostkinggengar|Stealth Rock|[from] move: Defog|[of] p2a: Moltres\n|\n|-weather|Sandstorm|[upkeep]\n|-damage|p2a: Moltres|88\/100|[from] Sandstorm\n|upkeep\n|turn|4\n|inactive|ghostkinggengar has 90 seconds left.\n|\n|t:|1700378962\n|move|p2a: Moltres|U-turn|p1a: Tyranitar\n|-supereffective|p1a: Tyranitar\n|-damage|p1a: Tyranitar|76\/100\n|\n|t:|1700378968\n|switch|p2a: Garchomp|Garchomp, M|100\/100|[from] U-turn\n|move|p1a: Tyranitar|Knock Off|p2a: Garchomp\n|-damage|p2a: Garchomp|45\/100\n|-damage|p1a: Tyranitar|63\/100|[from] ability: Rough Skin|[of] p2a: Garchomp\n|-enditem|p2a: Garchomp|Choice Scarf|[from] move: Knock Off|[of] p1a: Tyranitar\n|\n|-weather|Sandstorm|[upkeep]\n|upkeep\n|turn|5\n|\n|t:|1700378992\n|switch|p1a: Great Tusk|Great Tusk|74\/100\n|move|p2a: Garchomp|Earthquake|p1a: Great Tusk\n|-damage|p1a: Great Tusk|51\/100\n|\n|-weather|none\n|upkeep\n|turn|6\n|inactive|ghostkinggengar has 60 seconds left.\n|\n|t:|1700379033\n|-end|p1a: Great Tusk|Protosynthesis|[silent]\n|switch|p1a: Tyranitar|Tyranitar, M|63\/100\n|-weather|Sandstorm|[from] ability: Sand Stream|[of] p1a: Tyranitar\n|-terastallize|p2a: Garchomp|Ice\n|move|p2a: Garchomp|Tera Blast|p1a: Tyranitar|[anim] Tera Blast Ice\n|-damage|p1a: Tyranitar|28\/100\n|\n|-weather|Sandstorm|[upkeep]\n|-damage|p2a: Garchomp|39\/100|[from] Sandstorm\n|upkeep\n|turn|7\n|\n|t:|1700379047\n|switch|p1a: Scizor|Scizor, F|100\/100\n|move|p2a: Garchomp|Earthquake|p1a: Scizor\n|-damage|p1a: Scizor|46\/100\n|\n|-weather|Sandstorm|[upkeep]\n|-damage|p2a: Garchomp|33\/100|[from] Sandstorm\n|upkeep\n|turn|8\n|inactive|ghostkinggengar has 60 seconds left.\n|\n|t:|1700379057\n|switch|p2a: Moltres|Moltres|88\/100\n|detailschange|p1a: Scizor|Scizor-Mega, F\n|-mega|p1a: Scizor|Scizor|Scizorite\n|move|p1a: Scizor|Bullet Punch|p2a: Moltres\n|-resisted|p2a: Moltres\n|-damage|p2a: Moltres|75\/100\n|\n|-weather|Sandstorm|[upkeep]\n|-damage|p2a: Moltres|69\/100|[from] Sandstorm\n|upkeep\n|turn|9\n|\n|t:|1700379063\n|move|p2a: Moltres|U-turn|p1a: Scizor\n|-resisted|p1a: Scizor\n|-damage|p1a: Scizor|41\/100\n|\n|t:|1700379068\n|switch|p2a: Tapu Koko|Tapu Koko|100\/100|[from] U-turn\n|-fieldstart|move: Electric Terrain|[from] ability: Electric Surge|[of] p2a: Tapu Koko\n|move|p1a: Scizor|Roost|p1a: Scizor\n|-heal|p1a: Scizor|91\/100\n|-singleturn|p1a: Scizor|move: Roost\n|\n|-weather|Sandstorm|[upkeep]\n|-damage|p2a: Tapu Koko|94\/100|[from] Sandstorm\n|upkeep\n|turn|10\n|inactive|shuaiboy has 90 seconds left.\n|\n|t:|1700379075\n|switch|p1a: Blissey|Blissey, F|100\/100\n|move|p2a: Tapu Koko|Volt Switch|p1a: Blissey\n|-damage|p1a: Blissey|81\/100\n|\n|t:|1700379084\n|switch|p2a: Ursaluna|Ursaluna, F|100\/100|[from] Volt Switch\n|\n|-weather|none\n|-heal|p1a: Blissey|87\/100|[from] item: Leftovers\n|upkeep\n|turn|11\n|\n|t:|1700379090\n|switch|p1a: Scizor|Scizor-Mega, F|91\/100\n|move|p2a: Ursaluna|Headlong Rush|p1a: Scizor\n|-damage|p1a: Scizor|39\/100\n|-unboost|p2a: Ursaluna|def|1\n|-unboost|p2a: Ursaluna|spd|1\n|\n|upkeep\n|turn|12\n|\n|t:|1700379099\n|move|p1a: Scizor|Close Combat|p2a: Ursaluna\n|-supereffective|p2a: Ursaluna\n|-damage|p2a: Ursaluna|0 fnt\n|-unboost|p1a: Scizor|def|1\n|-unboost|p1a: Scizor|spd|1\n|faint|p2a: Ursaluna\n|\n|upkeep\n|\n|t:|1700379104\n|switch|p2a: Moltres|Moltres|69\/100\n|turn|13\n|inactive|shuaiboy has 120 seconds left.\n|\n|t:|1700379109\n|switch|p1a: Blissey|Blissey, F|87\/100\n|move|p2a: Moltres|Flamethrower|p1a: Blissey\n|-damage|p1a: Blissey|73\/100\n|\n|-heal|p1a: Blissey|80\/100|[from] item: Leftovers\n|-fieldend|move: Electric Terrain\n|upkeep\n|turn|14\n|\n|t:|1700379112\n|move|p2a: Moltres|U-turn|p1a: Blissey\n|-damage|p1a: Blissey|66\/100\n|\n|t:|1700379118\n|switch|p2a: Garchomp|Garchomp, M, tera:Ice|33\/100|[from] U-turn\n|move|p1a: Blissey|Wish|p1a: Blissey\n|\n|-heal|p1a: Blissey|72\/100|[from] item: Leftovers\n|upkeep\n|turn|15\n|\n|t:|1700379134\n|switch|p1a: Scizor|Scizor-Mega, F|39\/100\n|move|p2a: Garchomp|Earthquake|p1a: Scizor\n|-damage|p1a: Scizor|3\/100\n|\n|-heal|p1a: Scizor|100\/100|[from] move: Wish|[wisher] Blissey\n|upkeep\n|turn|16\n|\n|t:|1700379144\n|switch|p2a: Moltres|Moltres|69\/100\n|switch|p1a: Tyranitar|Tyranitar, M|28\/100\n|-weather|Sandstorm|[from] ability: Sand Stream|[of] p1a: Tyranitar\n|\n|-weather|Sandstorm|[upkeep]\n|-damage|p2a: Moltres|63\/100|[from] Sandstorm\n|upkeep\n|turn|17\n|\n|t:|1700379157\n|switch|p1a: Great Tusk|Great Tusk|51\/100\n|move|p2a: Moltres|U-turn|p1a: Great Tusk\n|-resisted|p1a: Great Tusk\n|-damage|p1a: Great Tusk|48\/100\n|-damage|p2a: Moltres|47\/100|[from] item: Rocky Helmet|[of] p1a: Great Tusk\n|\n|t:|1700379175\n|switch|p2a: Garchomp|Garchomp, M, tera:Ice|33\/100|[from] U-turn\n|\n|-weather|Sandstorm|[upkeep]\n|-damage|p2a: Garchomp|27\/100|[from] Sandstorm\n|upkeep\n|turn|18\n|\n|t:|1700379182\n|-end|p1a: Great Tusk|Protosynthesis|[silent]\n|switch|p1a: Scizor|Scizor-Mega, F|100\/100\n|move|p2a: Garchomp|Tera Blast|p1a: Scizor|[anim] Tera Blast Ice\n|-resisted|p1a: Scizor\n|-damage|p1a: Scizor|85\/100\n|\n|-weather|Sandstorm|[upkeep]\n|-damage|p2a: Garchomp|20\/100|[from] Sandstorm\n|upkeep\n|turn|19\n|\n|t:|1700379186\n|switch|p2a: Moltres|Moltres|47\/100\n|move|p1a: Scizor|Close Combat|p2a: Moltres\n|-resisted|p2a: Moltres\n|-damage|p2a: Moltres|28\/100\n|-unboost|p1a: Scizor|def|1\n|-unboost|p1a: Scizor|spd|1\n|-status|p1a: Scizor|brn|[from] ability: Flame Body|[of] p2a: Moltres\n|\n|-weather|Sandstorm|[upkeep]\n|-damage|p2a: Moltres|22\/100|[from] Sandstorm\n|-damage|p1a: Scizor|78\/100 brn|[from] brn\n|upkeep\n|turn|20\n|\n|t:|1700379191\n|move|p2a: Moltres|Roost|p2a: Moltres\n|-heal|p2a: Moltres|73\/100\n|-singleturn|p2a: Moltres|move: Roost\n|move|p1a: Scizor|U-turn|p2a: Moltres\n|-resisted|p2a: Moltres\n|-damage|p2a: Moltres|65\/100\n|\n|t:|1700379195\n|switch|p1a: Blissey|Blissey, F|72\/100|[from] U-turn\n|\n|-weather|none\n|-heal|p1a: Blissey|78\/100|[from] item: Leftovers\n|upkeep\n|turn|21\n|\n|t:|1700379200\n|move|p2a: Moltres|U-turn|p1a: Blissey\n|-damage|p1a: Blissey|67\/100\n|\n|t:|1700379205\n|switch|p2a: Dragonite|Dragonite, M|100\/100|[from] U-turn\n|move|p1a: Blissey|Wish|p1a: Blissey\n|\n|-heal|p1a: Blissey|73\/100|[from] item: Leftovers\n|upkeep\n|turn|22\n|\n|t:|1700379219\n|switch|p1a: Great Tusk|Great Tusk|48\/100\n|move|p2a: Dragonite|Superpower|p1a: Great Tusk\n|-damage|p1a: Great Tusk|13\/100\n|-unboost|p2a: Dragonite|atk|1\n|-unboost|p2a: Dragonite|def|1\n|-damage|p2a: Dragonite|84\/100|[from] item: Rocky Helmet|[of] p1a: Great Tusk\n|\n|-heal|p1a: Great Tusk|95\/100|[from] move: Wish|[wisher] Blissey\n|upkeep\n|turn|23\n|\n|t:|1700379228\n|switch|p2a: Moltres|Moltres|65\/100\n|move|p1a: Great Tusk|Stealth Rock|p2a: Moltres\n|-sidestart|p2: ghostkinggengar|move: Stealth Rock\n|\n|upkeep\n|turn|24\n|\n|t:|1700379235\n|-end|p1a: Great Tusk|Protosynthesis|[silent]\n|switch|p1a: Blissey|Blissey, F|73\/100\n|move|p2a: Moltres|Defog|p1a: Blissey\n|-unboost|p1a: Blissey|evasion|1\n|-sideend|p2: ghostkinggengar|Stealth Rock|[from] move: Defog|[of] p2a: Moltres\n|\n|-heal|p1a: Blissey|79\/100|[from] item: Leftovers\n|upkeep\n|turn|25\n|\n|t:|1700379245\n|move|p2a: Moltres|U-turn|p1a: Blissey\n|-damage|p1a: Blissey|67\/100\n|\n|t:|1700379247\n|switch|p2a: Dragonite|Dragonite, M|84\/100|[from] U-turn\n|move|p1a: Blissey|Toxic|p2a: Dragonite\n|-status|p2a: Dragonite|tox\n|\n|-heal|p1a: Blissey|73\/100|[from] item: Leftovers\n|-damage|p2a: Dragonite|78\/100 tox|[from] psn\n|upkeep\n|turn|26\n|\n|t:|1700379253\n|move|p1a: Blissey|Protect|p1a: Blissey\n|-singleturn|p1a: Blissey|Protect\n|move|p2a: Dragonite|Dual Wingbeat|p1a: Blissey\n|-activate|p1a: Blissey|move: Protect\n|\n|-heal|p1a: Blissey|79\/100|[from] item: Leftovers\n|-damage|p2a: Dragonite|66\/100 tox|[from] psn\n|upkeep\n|turn|27\n|\n|t:|1700379262\n|move|p2a: Dragonite|Dual Wingbeat|p1a: Blissey\n|-damage|p1a: Blissey|48\/100\n|-damage|p1a: Blissey|18\/100\n|-hitcount|p1a: Blissey|2\n|move|p1a: Blissey|Wish|p1a: Blissey\n|\n|-heal|p1a: Blissey|24\/100|[from] item: Leftovers\n|-damage|p2a: Dragonite|47\/100 tox|[from] psn\n|upkeep\n|turn|28\n|\n|t:|1700379272\n|switch|p2a: Tapu Koko|Tapu Koko|94\/100\n|-fieldstart|move: Electric Terrain|[from] ability: Electric Surge|[of] p2a: Tapu Koko\n|switch|p1a: Tyranitar|Tyranitar, M|28\/100\n|-weather|Sandstorm|[from] ability: Sand Stream|[of] p1a: Tyranitar\n|\n|-weather|Sandstorm|[upkeep]\n|-damage|p2a: Tapu Koko|88\/100|[from] Sandstorm\n|-heal|p1a: Tyranitar|100\/100|[from] move: Wish|[wisher] Blissey\n|upkeep\n|turn|29\n|-message|ghostkinggengar forfeited.\n|\n|win|shuaiboy\n|raw|shuaiboy's rating: 1576 &rarr; <strong>1594<\/strong><br \/>(+18 for winning)\n|raw|ghostkinggengar's rating: 1536 &rarr; <strong>1518<\/strong><br \/>(-18 for losing)\n|l|\u2606ghostkinggengar\n","uploadtime":1700379280,"views":7,"p1id":"shuaiboy","p2id":"ghostkinggengar","formatid":"gen9nationaldex","rating":1518,"private":0,"password":""}