{"id":"gen9nationaldex-1999515349","p1":"chuyuejd","p2":"limmzh","format":"[Gen 9] National Dex","log":"|html|<div class=\"broadcast-blue\"><strong>[Gen 9] National Dex is currently suspecting Sneasler! For information on how to participate check out the <a href=\"https:\/\/www.smogon.com\/forums\/threads\/sv-national-dex-suspect-8-just-dance.3731534\/\">suspect thread<\/a>.<\/strong><\/div>\n|j|\u2606chuyuejd\n|j|\u2606limmzh\n|t:|1701091373\n|gametype|singles\n|player|p1|chuyuejd|ingo|1145\n|player|p2|limmzh|cynthia-masters3|1080\n|teamsize|p1|6\n|teamsize|p2|6\n|gen|9\n|tier|[Gen 9] National Dex\n|rated|\n|rule|HP Percentage Mod: HP is shown in percentages\n|rule|Endless Battle Clause: Forcing endless battles is banned\n|rule|OHKO Clause: OHKO moves are banned\n|rule|Evasion Clause: Evasion abilities, items, and moves are banned\n|rule|Evasion Abilities Clause: Evasion abilities are banned\n|rule|Evasion Items Clause: Evasion items are banned\n|rule|Evasion Moves Clause: Evasion moves are banned\n|rule|Species Clause: Limit one of each Pok\u00e9mon\n|rule|Sleep Clause Mod: Limit one foe put to sleep\n|clearpoke\n|poke|p1|Gliscor, M|\n|poke|p1|Alomomola, F|\n|poke|p1|Garganacl, M|\n|poke|p1|Aegislash, F|\n|poke|p1|Scizor, F|\n|poke|p1|Skeledirge, F|\n|poke|p2|Dragonite, M|\n|poke|p2|Togekiss, F|\n|poke|p2|Lucario, M|\n|poke|p2|Arcanine-Hisui, F|\n|poke|p2|Pikachu, F|\n|poke|p2|Lopunny, F|\n|teampreview\n|inactive|Battle timer is ON: inactive players will automatically lose when time's up. (requested by chuyuejd)\n|\n|t:|1701091382\n|start\n|switch|p1a: Garganacl|Garganacl, M|100\/100\n|switch|p2a: Lopunny|Lopunny, F|100\/100\n|turn|1\n|\n|t:|1701091407\n|detailschange|p2a: Lopunny|Lopunny-Mega, F\n|-mega|p2a: Lopunny|Lopunny|Lopunnite\n|-terastallize|p1a: Garganacl|Ghost\n|move|p2a: Lopunny|Fake Out|p1a: Garganacl\n|-damage|p1a: Garganacl|87\/100\n|cant|p1a: Garganacl|flinch\n|\n|upkeep\n|turn|2\n|\n|t:|1701091427\n|move|p2a: Lopunny|Return|p1a: Garganacl\n|-damage|p1a: Garganacl|55\/100\n|move|p1a: Garganacl|Stealth Rock|p2a: Lopunny\n|-sidestart|p2: limmzh|move: Stealth Rock\n|\n|upkeep\n|turn|3\n|\n|t:|1701091435\n|move|p2a: Lopunny|Return|p1a: Garganacl\n|-damage|p1a: Garganacl|17\/100\n|move|p1a: Garganacl|Recover|p1a: Garganacl\n|-heal|p1a: Garganacl|67\/100\n|\n|upkeep\n|turn|4\n|\n|t:|1701091441\n|move|p2a: Lopunny|Return|p1a: Garganacl\n|-damage|p1a: Garganacl|31\/100\n|move|p1a: Garganacl|Recover|p1a: Garganacl\n|-heal|p1a: Garganacl|81\/100\n|\n|upkeep\n|turn|5\n|\n|t:|1701091450\n|move|p2a: Lopunny|Return|p1a: Garganacl\n|-damage|p1a: Garganacl|48\/100\n|move|p1a: Garganacl|Recover|p1a: Garganacl\n|-heal|p1a: Garganacl|98\/100\n|\n|upkeep\n|turn|6\n|\n|t:|1701091457\n|move|p2a: Lopunny|Return|p1a: Garganacl\n|-damage|p1a: Garganacl|61\/100\n|move|p1a: Garganacl|Iron Defense|p1a: Garganacl\n|-boost|p1a: Garganacl|def|2\n|\n|upkeep\n|turn|7\n|\n|t:|1701091472\n|switch|p2a: Lucario|Lucario, M|100\/100\n|-damage|p2a: Lucario|98\/100|[from] Stealth Rock\n|move|p1a: Garganacl|Recover|p1a: Garganacl\n|-heal|p1a: Garganacl|100\/100\n|\n|upkeep\n|turn|8\n|\n|t:|1701091480\n|move|p2a: Lucario|Swords Dance|p2a: Lucario\n|-boost|p2a: Lucario|atk|2\n|move|p1a: Garganacl|Salt Cure|p2a: Lucario\n|-resisted|p2a: Lucario\n|-damage|p2a: Lucario|92\/100\n|-start|p2a: Lucario|Salt Cure\n|\n|-damage|p2a: Lucario|68\/100|[from] Salt Cure\n|upkeep\n|turn|9\n|\n|t:|1701091487\n|move|p2a: Lucario|Swords Dance|p2a: Lucario\n|-boost|p2a: Lucario|atk|2\n|move|p1a: Garganacl|Iron Defense|p1a: Garganacl\n|-boost|p1a: Garganacl|def|2\n|\n|-damage|p2a: Lucario|43\/100|[from] Salt Cure\n|upkeep\n|turn|10\n|\n|t:|1701091496\n|move|p2a: Lucario|Meteor Mash|p1a: Garganacl\n|-damage|p1a: Garganacl|72\/100\n|move|p1a: Garganacl|Iron Defense|p1a: Garganacl\n|-boost|p1a: Garganacl|def|2\n|\n|-damage|p2a: Lucario|18\/100|[from] Salt Cure\n|upkeep\n|turn|11\n|\n|t:|1701091502\n|move|p2a: Lucario|Meteor Mash|p1a: Garganacl\n|-damage|p1a: Garganacl|51\/100\n|move|p1a: Garganacl|Recover|p1a: Garganacl\n|-heal|p1a: Garganacl|100\/100\n|\n|-damage|p2a: Lucario|0 fnt|[from] Salt Cure\n|faint|p2a: Lucario\n|upkeep\n|\n|t:|1701091511\n|switch|p2a: Togekiss|Togekiss, F|100\/100\n|-damage|p2a: Togekiss|76\/100|[from] Stealth Rock\n|turn|12\n|\n|t:|1701091518\n|-terastallize|p2a: Togekiss|Fairy\n|move|p2a: Togekiss|Substitute|p2a: Togekiss\n|-start|p2a: Togekiss|Substitute\n|-damage|p2a: Togekiss|51\/100\n|move|p1a: Garganacl|Salt Cure|p2a: Togekiss\n|-activate|p2a: Togekiss|move: Substitute|[damage]\n|\n|-heal|p2a: Togekiss|57\/100|[from] item: Leftovers\n|upkeep\n|turn|13\n|\n|t:|1701091537\n|switch|p1a: Gliscor|Gliscor, M|100\/100\n|move|p2a: Togekiss|Work Up|p2a: Togekiss\n|-boost|p2a: Togekiss|atk|1\n|-boost|p2a: Togekiss|spa|1\n|\n|-heal|p2a: Togekiss|63\/100|[from] item: Leftovers\n|-status|p1a: Gliscor|tox|[from] item: Toxic Orb\n|upkeep\n|turn|14\n|\n|t:|1701091547\n|move|p2a: Togekiss|Air Slash|p1a: Gliscor\n|-damage|p1a: Gliscor|54\/100 tox\n|cant|p1a: Gliscor|flinch\n|\n|-heal|p2a: Togekiss|69\/100|[from] item: Leftovers\n|-heal|p1a: Gliscor|67\/100 tox|[from] ability: Poison Heal\n|upkeep\n|turn|15\n|\n|t:|1701091554\n|move|p1a: Gliscor|Protect|p1a: Gliscor\n|-singleturn|p1a: Gliscor|Protect\n|move|p2a: Togekiss|Air Slash|p1a: Gliscor\n|-activate|p1a: Gliscor|move: Protect\n|\n|-heal|p2a: Togekiss|75\/100|[from] item: Leftovers\n|-heal|p1a: Gliscor|79\/100 tox|[from] ability: Poison Heal\n|upkeep\n|turn|16\n|\n|t:|1701091564\n|move|p2a: Togekiss|Air Slash|p1a: Gliscor\n|-damage|p1a: Gliscor|35\/100 tox\n|move|p1a: Gliscor|Spikes|p2a: Togekiss\n|-sidestart|p2: limmzh|Spikes\n|\n|-heal|p2a: Togekiss|81\/100|[from] item: Leftovers\n|-heal|p1a: Gliscor|48\/100 tox|[from] ability: Poison Heal\n|upkeep\n|turn|17\n|\n|t:|1701091572\n|move|p2a: Togekiss|Work Up|p2a: Togekiss\n|-boost|p2a: Togekiss|atk|1\n|-boost|p2a: Togekiss|spa|1\n|move|p1a: Gliscor|U-turn|p2a: Togekiss\n|-resisted|p2a: Togekiss\n|-activate|p2a: Togekiss|move: Substitute|[damage]\n|\n|t:|1701091580\n|switch|p1a: Scizor|Scizor, F|100\/100|[from] U-turn\n|\n|-heal|p2a: Togekiss|87\/100|[from] item: Leftovers\n|upkeep\n|turn|18\n|\n|t:|1701091589\n|detailschange|p1a: Scizor|Scizor-Mega, F\n|-mega|p1a: Scizor|Scizor|Scizorite\n|move|p2a: Togekiss|Air Slash|p1a: Scizor\n|-damage|p1a: Scizor|50\/100\n|cant|p1a: Scizor|flinch\n|\n|-heal|p2a: Togekiss|93\/100|[from] item: Leftovers\n|upkeep\n|turn|19\n|\n|t:|1701091600\n|switch|p1a: Alomomola|Alomomola, F|100\/100\n|move|p2a: Togekiss|Air Slash|p1a: Alomomola\n|-damage|p1a: Alomomola|21\/100\n|\n|-heal|p2a: Togekiss|99\/100|[from] item: Leftovers\n|upkeep\n|turn|20\n|\n|t:|1701091608\n|move|p1a: Alomomola|Protect|p1a: Alomomola\n|-singleturn|p1a: Alomomola|Protect\n|move|p2a: Togekiss|Air Slash|p1a: Alomomola\n|-activate|p1a: Alomomola|move: Protect\n|\n|-heal|p2a: Togekiss|100\/100|[from] item: Leftovers\n|upkeep\n|turn|21\n|\n|t:|1701091615\n|move|p2a: Togekiss|Air Slash|p1a: Alomomola\n|-damage|p1a: Alomomola|0 fnt\n|faint|p1a: Alomomola\n|\n|upkeep\n|\n|t:|1701091619\n|switch|p1a: Aegislash|Aegislash, F|100\/100\n|turn|22\n|\n|t:|1701091626\n|move|p2a: Togekiss|Air Slash|p1a: Aegislash|[miss]\n|-miss|p2a: Togekiss|p1a: Aegislash\n|-formechange|p1a: Aegislash|Aegislash-Blade||[from] ability: Stance Change\n|move|p1a: Aegislash|Flash Cannon|p2a: Togekiss\n|-supereffective|p2a: Togekiss\n|-end|p2a: Togekiss|Substitute\n|\n|upkeep\n|turn|23\n|\n|t:|1701091633\n|-formechange|p1a: Aegislash|Aegislash||[from] ability: Stance Change\n|move|p1a: Aegislash|King's Shield|p1a: Aegislash\n|-singleturn|p1a: Aegislash|Protect\n|move|p2a: Togekiss|Substitute|p2a: Togekiss\n|-start|p2a: Togekiss|Substitute\n|-damage|p2a: Togekiss|76\/100\n|\n|-heal|p2a: Togekiss|82\/100|[from] item: Leftovers\n|upkeep\n|turn|24\n|\n|t:|1701091643\n|move|p2a: Togekiss|Air Slash|p1a: Aegislash\n|-resisted|p1a: Aegislash\n|-damage|p1a: Aegislash|69\/100\n|cant|p1a: Aegislash|flinch\n|\n|-heal|p2a: Togekiss|88\/100|[from] item: Leftovers\n|-heal|p1a: Aegislash|75\/100|[from] item: Leftovers\n|upkeep\n|turn|25\n|\n|t:|1701091653\n|move|p2a: Togekiss|Air Slash|p1a: Aegislash\n|-resisted|p1a: Aegislash\n|-damage|p1a: Aegislash|48\/100\n|cant|p1a: Aegislash|flinch\n|\n|-heal|p2a: Togekiss|94\/100|[from] item: Leftovers\n|-heal|p1a: Aegislash|54\/100|[from] item: Leftovers\n|upkeep\n|turn|26\n|\n|t:|1701091660\n|move|p2a: Togekiss|Air Slash|p1a: Aegislash\n|-resisted|p1a: Aegislash\n|-damage|p1a: Aegislash|28\/100\n|cant|p1a: Aegislash|flinch\n|\n|-heal|p2a: Togekiss|99\/100|[from] item: Leftovers\n|-heal|p1a: Aegislash|34\/100|[from] item: Leftovers\n|upkeep\n|turn|27\n|\n|t:|1701091669\n|move|p1a: Aegislash|King's Shield|p1a: Aegislash\n|-singleturn|p1a: Aegislash|Protect\n|move|p2a: Togekiss|Air Slash|p1a: Aegislash\n|-activate|p1a: Aegislash|move: Protect\n|\n|-heal|p2a: Togekiss|100\/100|[from] item: Leftovers\n|-heal|p1a: Aegislash|40\/100|[from] item: Leftovers\n|upkeep\n|turn|28\n|\n|t:|1701091677\n|move|p2a: Togekiss|Air Slash|p1a: Aegislash\n|-resisted|p1a: Aegislash\n|-damage|p1a: Aegislash|10\/100\n|cant|p1a: Aegislash|flinch\n|\n|-heal|p1a: Aegislash|16\/100|[from] item: Leftovers\n|upkeep\n|turn|29\n|-message|chuyuejd forfeited.\n|\n|win|limmzh\n|raw|chuyuejd's rating: 1145 &rarr; <strong>1115<\/strong><br \/>(-30 for losing)\n|raw|limmzh's rating: 1080 &rarr; <strong>1113<\/strong><br \/>(+33 for winning)\n|l|\u2606chuyuejd\n","uploadtime":1701091698,"views":12,"p1id":"chuyuejd","p2id":"limmzh","formatid":"gen9nationaldex","rating":1113,"private":0,"password":""}