{"id":"gen9nationaldex-1996466553","p1":"jiangxiuxiu1218","p2":"MasterList2015","format":"[Gen 9] National Dex","log":"|html|<div class=\"broadcast-blue\"><strong>[Gen 9] National Dex is currently suspecting Sneasler! For information on how to participate check out the <a href=\"https:\/\/www.smogon.com\/forums\/threads\/sv-national-dex-suspect-8-just-dance.3731534\/\">suspect thread<\/a>.<\/strong><\/div>\n|j|\u2606jiangxiuxiu1218\n|j|\u2606MasterList2015\n|t:|1700684768\n|gametype|singles\n|player|p1|jiangxiuxiu1218|riley|1255\n|player|p2|MasterList2015|red|1336\n|teamsize|p1|6\n|teamsize|p2|6\n|gen|9\n|tier|[Gen 9] National Dex\n|rated|\n|rule|HP Percentage Mod: HP is shown in percentages\n|rule|Endless Battle Clause: Forcing endless battles is banned\n|rule|OHKO Clause: OHKO moves are banned\n|rule|Evasion Clause: Evasion abilities, items, and moves are banned\n|rule|Evasion Abilities Clause: Evasion abilities are banned\n|rule|Evasion Items Clause: Evasion items are banned\n|rule|Evasion Moves Clause: Evasion moves are banned\n|rule|Species Clause: Limit one of each Pok\u00e9mon\n|rule|Sleep Clause Mod: Limit one foe put to sleep\n|clearpoke\n|poke|p1|Rillaboom, M|\n|poke|p1|Sneasler, M|\n|poke|p1|Dragonite, F|\n|poke|p1|Heatran, M|\n|poke|p1|Aegislash, M|\n|poke|p1|Banette, M|\n|poke|p2|Pikachu-Kalos, M|\n|poke|p2|Charizard, F|\n|poke|p2|Krookodile, M|\n|poke|p2|Greninja-*, M|\n|poke|p2|Infernape, F|\n|poke|p2|Sceptile, F|\n|teampreview\n|\n|t:|1700684781\n|start\n|switch|p1a: Heatran|Heatran, M, shiny|100\/100\n|switch|p2a: Infernape|Infernape, F|100\/100\n|turn|1\n|inactive|Battle timer is ON: inactive players will automatically lose when time's up. (requested by jiangxiuxiu1218)\n|\n|t:|1700684789\n|move|p2a: Infernape|Close Combat|p1a: Heatran\n|-supereffective|p1a: Heatran\n|-damage|p1a: Heatran|27\/100\n|-unboost|p2a: Infernape|def|1\n|-unboost|p2a: Infernape|spd|1\n|move|p1a: Heatran|Stealth Rock|p2a: Infernape\n|-sidestart|p2: MasterList2015|move: Stealth Rock\n|\n|-heal|p1a: Heatran|34\/100|[from] item: Leftovers\n|upkeep\n|turn|2\n|\n|t:|1700684806\n|switch|p2a: Krookodile|Krookodile, M|100\/100\n|-damage|p2a: Krookodile|94\/100|[from] Stealth Rock\n|-ability|p2a: Krookodile|Intimidate|boost\n|-unboost|p1a: Heatran|atk|1\n|switch|p1a: Dragonite|Dragonite, F|100\/100\n|\n|upkeep\n|turn|3\n|\n|t:|1700684817\n|move|p2a: Krookodile|Crunch|p1a: Dragonite\n|-damage|p1a: Dragonite|82\/100\n|move|p1a: Dragonite|Curse|p1a: Dragonite\n|-unboost|p1a: Dragonite|spe|1\n|-boost|p1a: Dragonite|atk|1\n|-boost|p1a: Dragonite|def|1\n|\n|upkeep\n|turn|4\n|\n|t:|1700684825\n|switch|p2a: Sceptile|Sceptile, F|100\/100\n|-damage|p2a: Sceptile|88\/100|[from] Stealth Rock\n|move|p1a: Dragonite|Curse|p1a: Dragonite\n|-unboost|p1a: Dragonite|spe|1\n|-boost|p1a: Dragonite|atk|1\n|-boost|p1a: Dragonite|def|1\n|\n|upkeep\n|turn|5\n|\n|t:|1700684835\n|-terastallize|p1a: Dragonite|Normal\n|move|p1a: Dragonite|Extreme Speed|p2a: Sceptile\n|-damage|p2a: Sceptile|0 fnt\n|faint|p2a: Sceptile\n|\n|upkeep\n|\n|t:|1700684839\n|switch|p2a: Krookodile|Krookodile, M|94\/100\n|-damage|p2a: Krookodile|88\/100|[from] Stealth Rock\n|-ability|p2a: Krookodile|Intimidate|boost\n|-unboost|p1a: Dragonite|atk|1\n|turn|6\n|\n|t:|1700684848\n|-zpower|p2a: Krookodile\n|move|p2a: Krookodile|Tectonic Rage|p1a: Dragonite|[zeffect]\n|-crit|p1a: Dragonite\n|-damage|p1a: Dragonite|0 fnt\n|faint|p1a: Dragonite\n|\n|upkeep\n|\n|t:|1700684860\n|switch|p1a: Rillaboom|Rillaboom, M, shiny|100\/100\n|-fieldstart|move: Grassy Terrain|[from] ability: Grassy Surge|[of] p1a: Rillaboom\n|turn|7\n|\n|t:|1700684867\n|switch|p2a: Charizard|Charizard, F|100\/100\n|-damage|p2a: Charizard|51\/100|[from] Stealth Rock\n|move|p1a: Rillaboom|U-turn|p2a: Charizard\n|-resisted|p2a: Charizard\n|-damage|p2a: Charizard|37\/100\n|\n|t:|1700684877\n|switch|p1a: Sneasler|Sneasler, M|100\/100|[from] U-turn\n|-enditem|p1a: Sneasler|Grassy Seed\n|-boost|p1a: Sneasler|def|1|[from] item: Grassy Seed\n|\n|upkeep\n|turn|8\n|\n|t:|1700684899\n|switch|p2a: Krookodile|Krookodile, M|88\/100\n|-damage|p2a: Krookodile|82\/100|[from] Stealth Rock\n|-ability|p2a: Krookodile|Intimidate|boost\n|-unboost|p1a: Sneasler|atk|1\n|move|p1a: Sneasler|Dire Claw|p2a: Krookodile\n|-resisted|p2a: Krookodile\n|-damage|p2a: Krookodile|65\/100\n|\n|-heal|p2a: Krookodile|71\/100|[from] Grassy Terrain\n|upkeep\n|turn|9\n|\n|t:|1700684912\n|switch|p2a: Charizard|Charizard, F|37\/100\n|-damage|p2a: Charizard|0 fnt|[from] Stealth Rock\n|faint|p2a: Charizard\n|move|p1a: Sneasler|Close Combat|p2: Charizard|[notarget]\n|-fail|p1a: Sneasler\n|\n|upkeep\n|\n|t:|1700684919\n|switch|p2a: Krookodile|Krookodile, M|71\/100\n|-damage|p2a: Krookodile|65\/100|[from] Stealth Rock\n|-ability|p2a: Krookodile|Intimidate|boost\n|-unboost|p1a: Sneasler|atk|1\n|turn|10\n|\n|t:|1700684924\n|move|p1a: Sneasler|Close Combat|p2a: Krookodile\n|-supereffective|p2a: Krookodile\n|-damage|p2a: Krookodile|0 fnt\n|-unboost|p1a: Sneasler|def|1\n|-unboost|p1a: Sneasler|spd|1\n|faint|p2a: Krookodile\n|\n|upkeep\n|\n|t:|1700684931\n|switch|p2a: Pikachu|Pikachu-Kalos, M|100\/100\n|-damage|p2a: Pikachu|88\/100|[from] Stealth Rock\n|turn|11\n|\n|t:|1700684936\n|move|p2a: Pikachu|Fake Out|p1a: Sneasler\n|-damage|p1a: Sneasler|73\/100\n|cant|p1a: Sneasler|flinch\n|\n|-heal|p1a: Sneasler|79\/100|[from] Grassy Terrain\n|-heal|p2a: Pikachu|94\/100|[from] Grassy Terrain\n|-fieldend|move: Grassy Terrain\n|upkeep\n|turn|12\n|\n|t:|1700684945\n|move|p1a: Sneasler|Close Combat|p2a: Pikachu\n|-damage|p2a: Pikachu|0 fnt\n|-unboost|p1a: Sneasler|def|1\n|-unboost|p1a: Sneasler|spd|1\n|faint|p2a: Pikachu\n|\n|upkeep\n|\n|t:|1700684947\n|switch|p2a: Greninja|Greninja, M|100\/100\n|-damage|p2a: Greninja|88\/100|[from] Stealth Rock\n|turn|13\n|\n|t:|1700684958\n|move|p2a: Greninja|Water Shuriken|p1a: Sneasler\n|-damage|p1a: Sneasler|55\/100\n|-damage|p1a: Sneasler|31\/100\n|-damage|p1a: Sneasler|10\/100\n|-damage|p1a: Sneasler|0 fnt\n|faint|p1a: Sneasler\n|-ability|p2a: Greninja|Battle Bond|boost\n|-boost|p2a: Greninja|atk|1\n|-boost|p2a: Greninja|spa|1\n|-boost|p2a: Greninja|spe|1\n|-activate|p2a: Greninja|ability: Battle Bond\n|-hitcount|p1: Sneasler|4\n|\n|upkeep\n|\n|t:|1700684970\n|switch|p1a: Rillaboom|Rillaboom, M, shiny|100\/100\n|-fieldstart|move: Grassy Terrain|[from] ability: Grassy Surge|[of] p1a: Rillaboom\n|turn|14\n|\n|t:|1700684974\n|switch|p2a: Infernape|Infernape, F|100\/100\n|-damage|p2a: Infernape|88\/100|[from] Stealth Rock\n|move|p1a: Rillaboom|Grassy Glide|p2a: Infernape\n|-resisted|p2a: Infernape\n|-damage|p2a: Infernape|43\/100\n|\n|-heal|p2a: Infernape|49\/100|[from] Grassy Terrain\n|upkeep\n|turn|15\n|\n|t:|1700684985\n|switch|p1a: Heatran|Heatran, M, shiny|34\/100\n|move|p2a: Infernape|Close Combat|p1a: Heatran\n|-supereffective|p1a: Heatran\n|-damage|p1a: Heatran|0 fnt\n|-unboost|p2a: Infernape|def|1\n|-unboost|p2a: Infernape|spd|1\n|faint|p1a: Heatran\n|\n|-heal|p2a: Infernape|55\/100|[from] Grassy Terrain\n|upkeep\n|\n|t:|1700684996\n|switch|p1a: Rillaboom|Rillaboom, M, shiny|100\/100\n|turn|16\n|\n|t:|1700684999\n|move|p1a: Rillaboom|Grassy Glide|p2a: Infernape\n|-resisted|p2a: Infernape\n|-damage|p2a: Infernape|0 fnt\n|faint|p2a: Infernape\n|\n|upkeep\n|\n|t:|1700685003\n|switch|p2a: Greninja|Greninja, M|88\/100\n|-damage|p2a: Greninja|76\/100|[from] Stealth Rock\n|turn|17\n|\n|t:|1700685008\n|move|p1a: Rillaboom|Grassy Glide|p2a: Greninja\n|-supereffective|p2a: Greninja\n|-damage|p2a: Greninja|0 fnt\n|faint|p2a: Greninja\n|\n|win|jiangxiuxiu1218\n|raw|jiangxiuxiu1218's rating: 1255 &rarr; <strong>1286<\/strong><br \/>(+31 for winning)\n|raw|MasterList2015's rating: 1336 &rarr; <strong>1311<\/strong><br \/>(-25 for losing)\n|l|\u2606MasterList2015\n","uploadtime":1700685016,"views":3,"p1id":"jiangxiuxiu1218","p2id":"masterlist2015","formatid":"gen9nationaldex","rating":1286,"private":0,"password":""}