{"id":"gen9nationaldex-1988049996","p1":"j.silverflame","p2":"brevie nicks","format":"[Gen 9] National Dex","log":"|j|\u2606j.silverflame\n|j|\u2606brevie nicks\n|t:|1699663410\n|gametype|singles\n|player|p1|j.silverflame|1|\n|player|p2|brevie nicks|baker|\n|teamsize|p1|6\n|teamsize|p2|6\n|gen|9\n|tier|[Gen 9] National Dex\n|rule|HP Percentage Mod: HP is shown in percentages\n|rule|Endless Battle Clause: Forcing endless battles is banned\n|rule|OHKO Clause: OHKO moves are banned\n|rule|Evasion Clause: Evasion abilities, items, and moves are banned\n|rule|Evasion Abilities Clause: Evasion abilities are banned\n|rule|Evasion Items Clause: Evasion items are banned\n|rule|Evasion Moves Clause: Evasion moves are banned\n|rule|Species Clause: Limit one of each Pok\u00e9mon\n|rule|Sleep Clause Mod: Limit one foe put to sleep\n|clearpoke\n|poke|p1|Garganacl, F|\n|poke|p1|Absol, M|\n|poke|p1|Galvantula, M|\n|poke|p1|Aegislash, M|\n|poke|p1|Roserade, M|\n|poke|p1|Cresselia, F|\n|poke|p2|Gengar, F|\n|poke|p2|Slurpuff, M|\n|poke|p2|Indeedee, M|\n|poke|p2|Hatterene, F|\n|poke|p2|Vanilluxe, F|\n|poke|p2|Bisharp, M|\n|teampreview\n|j| Porkedcar\n|j| Quorin\n|j| InSAMnity\n|\n|t:|1699663440\n|start\n|switch|p1a: Prue Leith|Roserade, M|100\/100\n|switch|p2a: Cold Diabeetus|Vanilluxe, F|100\/100\n|-weather|Snow|[from] ability: Snow Warning|[of] p2a: Cold Diabeetus\n|turn|1\n|\n|t:|1699663458\n|switch|p1a: Penny|Aegislash, M|100\/100\n|move|p2a: Cold Diabeetus|Taunt|p1a: Penny\n|-start|p1a: Penny|move: Taunt\n|\n|-weather|Snow|[upkeep]\n|upkeep\n|turn|2\n|\n|t:|1699663472\n|move|p2a: Cold Diabeetus|Blizzard|p1a: Penny\n|-resisted|p1a: Penny\n|-damage|p1a: Penny|76\/100\n|-status|p1a: Penny|frz\n|-curestatus|p1a: Penny|frz|[msg]\n|-formechange|p1a: Penny|Aegislash-Blade||[from] ability: Stance Change\n|move|p1a: Penny|Iron Head|p2a: Cold Diabeetus\n|-supereffective|p2a: Cold Diabeetus\n|-damage|p2a: Cold Diabeetus|32\/100\n|\n|-weather|Snow|[upkeep]\n|-heal|p1a: Penny|83\/100|[from] item: Leftovers\n|upkeep\n|turn|3\n|\n|t:|1699663487\n|switch|p2a: Santoku|Bisharp, M|100\/100\n|move|p1a: Penny|Iron Head|p2a: Santoku\n|-resisted|p2a: Santoku\n|-damage|p2a: Santoku|85\/100\n|\n|-weather|Snow|[upkeep]\n|-heal|p1a: Penny|89\/100|[from] item: Leftovers\n|-end|p1a: Penny|move: Taunt\n|upkeep\n|turn|4\n|j| carutothehocarge\n|\n|t:|1699663502\n|move|p2a: Santoku|Swords Dance|p2a: Santoku\n|-boost|p2a: Santoku|atk|2\n|move|p1a: Penny|Sacred Sword|p2a: Santoku\n|-supereffective|p2a: Santoku\n|-damage|p2a: Santoku|0 fnt\n|faint|p2a: Santoku\n|\n|-weather|Snow|[upkeep]\n|-heal|p1a: Penny|95\/100|[from] item: Leftovers\n|upkeep\n|\n|t:|1699663551\n|switch|p2a: Meta Knight|Indeedee, M|100\/100\n|-fieldstart|move: Psychic Terrain|[from] ability: Psychic Surge|[of] p2a: Meta Knight\n|turn|5\n|\n|t:|1699663567\n|move|p2a: Meta Knight|Expanding Force|p1a: Penny\n|-resisted|p1a: Penny\n|-damage|p1a: Penny|30\/100\n|move|p1a: Penny|Swords Dance|p1a: Penny\n|-boost|p1a: Penny|atk|2\n|\n|-weather|none\n|-heal|p1a: Penny|36\/100|[from] item: Leftovers\n|upkeep\n|turn|6\n|\n|t:|1699663577\n|switch|p1a: No Nikes :(|Cresselia, F|100\/100\n|move|p2a: Meta Knight|Expanding Force|p1a: No Nikes :(\n|-resisted|p1a: No Nikes :(\n|-damage|p1a: No Nikes :(|77\/100\n|\n|-heal|p1a: No Nikes :(|83\/100|[from] item: Leftovers\n|upkeep\n|turn|7\n|\n|t:|1699663586\n|switch|p2a: Too Tuff|Hatterene, F|100\/100\n|move|p1a: No Nikes :(|Calm Mind|p1a: No Nikes :(\n|-boost|p1a: No Nikes :(|spa|1\n|-boost|p1a: No Nikes :(|spd|1\n|\n|-heal|p1a: No Nikes :(|89\/100|[from] item: Leftovers\n|upkeep\n|turn|8\n|\n|t:|1699663611\n|switch|p1a: Penny|Aegislash, M|36\/100\n|move|p2a: Too Tuff|Trick Room|p2a: Too Tuff\n|-fieldstart|move: Trick Room|[of] p2a: Too Tuff\n|\n|-heal|p1a: Penny|42\/100|[from] item: Leftovers\n|upkeep\n|turn|9\n|\n|t:|1699663622\n|move|p2a: Too Tuff|Mystical Fire|p1a: Penny\n|-supereffective|p1a: Penny\n|-damage|p1a: Penny|0 fnt\n|faint|p1a: Penny\n|\n|-fieldend|move: Psychic Terrain\n|upkeep\n|\n|t:|1699663651\n|switch|p1a: Ziggurat|Garganacl, F|100\/100\n|turn|10\n|\n|t:|1699663661\n|move|p2a: Too Tuff|Draining Kiss|p1a: Ziggurat\n|-damage|p1a: Ziggurat|82\/100\n|move|p1a: Ziggurat|Salt Cure|p2a: Too Tuff\n|-damage|p2a: Too Tuff|85\/100\n|-start|p2a: Too Tuff|Salt Cure\n|\n|-heal|p1a: Ziggurat|88\/100|[from] item: Leftovers\n|-damage|p2a: Too Tuff|73\/100|[from] Salt Cure\n|upkeep\n|turn|11\n|j| yolo420dabmaster\n|\n|t:|1699663682\n|move|p2a: Too Tuff|Calm Mind|p2a: Too Tuff\n|-boost|p2a: Too Tuff|spa|1\n|-boost|p2a: Too Tuff|spd|1\n|move|p1a: Ziggurat|Iron Defense|p1a: Ziggurat\n|-boost|p1a: Ziggurat|def|2\n|\n|-heal|p1a: Ziggurat|94\/100|[from] item: Leftovers\n|-damage|p2a: Too Tuff|61\/100|[from] Salt Cure\n|upkeep\n|turn|12\n|\n|t:|1699663690\n|move|p2a: Too Tuff|Draining Kiss|p1a: Ziggurat\n|-damage|p1a: Ziggurat|63\/100\n|-heal|p2a: Too Tuff|90\/100|[from] drain|[of] p1a: Ziggurat\n|move|p1a: Ziggurat|Salt Cure|p2a: Too Tuff\n|-damage|p2a: Too Tuff|75\/100\n|\n|-heal|p1a: Ziggurat|70\/100|[from] item: Leftovers\n|-damage|p2a: Too Tuff|62\/100|[from] Salt Cure\n|-fieldend|move: Trick Room\n|upkeep\n|turn|13\n|\n|t:|1699663699\n|move|p1a: Ziggurat|Recover|p1a: Ziggurat\n|-heal|p1a: Ziggurat|100\/100\n|move|p2a: Too Tuff|Calm Mind|p2a: Too Tuff\n|-boost|p2a: Too Tuff|spa|1\n|-boost|p2a: Too Tuff|spd|1\n|\n|-damage|p2a: Too Tuff|50\/100|[from] Salt Cure\n|upkeep\n|turn|14\n|\n|t:|1699663706\n|move|p1a: Ziggurat|Salt Cure|p2a: Too Tuff\n|-damage|p2a: Too Tuff|34\/100\n|move|p2a: Too Tuff|Trick Room|p2a: Too Tuff\n|-fieldstart|move: Trick Room|[of] p2a: Too Tuff\n|\n|-damage|p2a: Too Tuff|22\/100|[from] Salt Cure\n|upkeep\n|turn|15\n|\n|t:|1699663714\n|move|p2a: Too Tuff|Draining Kiss|p1a: Ziggurat\n|-damage|p1a: Ziggurat|61\/100\n|-heal|p2a: Too Tuff|59\/100|[from] drain|[of] p1a: Ziggurat\n|move|p1a: Ziggurat|Salt Cure|p2a: Too Tuff\n|-damage|p2a: Too Tuff|44\/100\n|\n|-heal|p1a: Ziggurat|67\/100|[from] item: Leftovers\n|-damage|p2a: Too Tuff|32\/100|[from] Salt Cure\n|upkeep\n|turn|16\n|\n|t:|1699663732\n|move|p2a: Too Tuff|Draining Kiss|p1a: Ziggurat\n|-damage|p1a: Ziggurat|30\/100\n|-heal|p2a: Too Tuff|67\/100|[from] drain|[of] p1a: Ziggurat\n|move|p1a: Ziggurat|Recover|p1a: Ziggurat\n|-heal|p1a: Ziggurat|80\/100\n|\n|-heal|p1a: Ziggurat|86\/100|[from] item: Leftovers\n|-damage|p2a: Too Tuff|55\/100|[from] Salt Cure\n|upkeep\n|turn|17\n|\n|t:|1699663743\n|move|p2a: Too Tuff|Calm Mind|p2a: Too Tuff\n|-boost|p2a: Too Tuff|spa|1\n|-boost|p2a: Too Tuff|spd|1\n|move|p1a: Ziggurat|Salt Cure|p2a: Too Tuff\n|-damage|p2a: Too Tuff|38\/100\n|\n|-heal|p1a: Ziggurat|93\/100|[from] item: Leftovers\n|-damage|p2a: Too Tuff|26\/100|[from] Salt Cure\n|upkeep\n|turn|18\n|\n|t:|1699663752\n|move|p2a: Too Tuff|Draining Kiss|p1a: Ziggurat\n|-damage|p1a: Ziggurat|45\/100\n|-heal|p2a: Too Tuff|71\/100|[from] drain|[of] p1a: Ziggurat\n|move|p1a: Ziggurat|Salt Cure|p2a: Too Tuff\n|-damage|p2a: Too Tuff|55\/100\n|\n|-heal|p1a: Ziggurat|51\/100|[from] item: Leftovers\n|-damage|p2a: Too Tuff|43\/100|[from] Salt Cure\n|-fieldend|move: Trick Room\n|upkeep\n|turn|19\n|\n|t:|1699663768\n|move|p1a: Ziggurat|Recover|p1a: Ziggurat\n|-heal|p1a: Ziggurat|100\/100\n|move|p2a: Too Tuff|Draining Kiss|p1a: Ziggurat\n|-damage|p1a: Ziggurat|51\/100\n|-heal|p2a: Too Tuff|90\/100|[from] drain|[of] p1a: Ziggurat\n|\n|-heal|p1a: Ziggurat|57\/100|[from] item: Leftovers\n|-damage|p2a: Too Tuff|78\/100|[from] Salt Cure\n|upkeep\n|turn|20\n|\n|t:|1699663782\n|move|p1a: Ziggurat|Salt Cure|p2a: Too Tuff\n|-crit|p2a: Too Tuff\n|-damage|p2a: Too Tuff|55\/100\n|move|p2a: Too Tuff|Draining Kiss|p1a: Ziggurat\n|-damage|p1a: Ziggurat|10\/100\n|-heal|p2a: Too Tuff|99\/100|[from] drain|[of] p1a: Ziggurat\n|\n|-heal|p1a: Ziggurat|16\/100|[from] item: Leftovers\n|-damage|p2a: Too Tuff|88\/100|[from] Salt Cure\n|upkeep\n|turn|21\n|\n|t:|1699663794\n|move|p1a: Ziggurat|Salt Cure|p2a: Too Tuff\n|-damage|p2a: Too Tuff|71\/100\n|move|p2a: Too Tuff|Trick Room|p2a: Too Tuff\n|-fieldstart|move: Trick Room|[of] p2a: Too Tuff\n|\n|-heal|p1a: Ziggurat|22\/100|[from] item: Leftovers\n|-damage|p2a: Too Tuff|58\/100|[from] Salt Cure\n|upkeep\n|turn|22\n|\n|t:|1699663803\n|move|p2a: Too Tuff|Draining Kiss|p1a: Ziggurat\n|-damage|p1a: Ziggurat|0 fnt\n|-heal|p2a: Too Tuff|79\/100|[from] drain|[of] p1a: Ziggurat\n|faint|p1a: Ziggurat\n|\n|-damage|p2a: Too Tuff|67\/100|[from] Salt Cure\n|upkeep\n|\n|t:|1699663831\n|switch|p1a: No Nikes :(|Cresselia, F|89\/100\n|turn|23\n|\n|t:|1699663837\n|move|p2a: Too Tuff|Mystical Fire|p1a: No Nikes :(\n|-damage|p1a: No Nikes :(|40\/100\n|-unboost|p1a: No Nikes :(|spa|1\n|move|p1a: No Nikes :(|Calm Mind|p1a: No Nikes :(\n|-boost|p1a: No Nikes :(|spa|1\n|-boost|p1a: No Nikes :(|spd|1\n|\n|-heal|p1a: No Nikes :(|46\/100|[from] item: Leftovers\n|-damage|p2a: Too Tuff|55\/100|[from] Salt Cure\n|upkeep\n|turn|24\n|j| dinguskringus\n|\n|t:|1699663850\n|move|p2a: Too Tuff|Draining Kiss|p1a: No Nikes :(\n|-damage|p1a: No Nikes :(|15\/100\n|-heal|p2a: Too Tuff|82\/100|[from] drain|[of] p1a: No Nikes :(\n|move|p1a: No Nikes :(|Calm Mind|p1a: No Nikes :(\n|-boost|p1a: No Nikes :(|spa|1\n|-boost|p1a: No Nikes :(|spd|1\n|\n|-heal|p1a: No Nikes :(|21\/100|[from] item: Leftovers\n|-damage|p2a: Too Tuff|70\/100|[from] Salt Cure\n|upkeep\n|turn|25\n|\n|t:|1699663859\n|move|p2a: Too Tuff|Draining Kiss|p1a: No Nikes :(\n|-damage|p1a: No Nikes :(|0 fnt\n|-heal|p2a: Too Tuff|89\/100|[from] drain|[of] p1a: No Nikes :(\n|faint|p1a: No Nikes :(\n|\n|-damage|p2a: Too Tuff|76\/100|[from] Salt Cure\n|-fieldend|move: Trick Room\n|upkeep\n|\n|t:|1699663865\n|switch|p1a: Pentakill Viego|Absol, M, shiny|100\/100\n|-ability|p1a: Pentakill Viego|Pressure\n|turn|26\n|\n|t:|1699663870\n|detailschange|p1a: Pentakill Viego|Absol-Mega, M, shiny\n|-mega|p1a: Pentakill Viego|Absol|Absolite\n|move|p1a: Pentakill Viego|Iron Tail|p2a: Too Tuff\n|-supereffective|p2a: Too Tuff\n|-damage|p2a: Too Tuff|0 fnt\n|faint|p2a: Too Tuff\n|\n|upkeep\n|\n|t:|1699663880\n|switch|p2a: Diabeetus|Slurpuff, M|100\/100\n|turn|27\n|\n|t:|1699663894\n|move|p1a: Pentakill Viego|Iron Tail|p2a: Diabeetus|[miss]\n|-miss|p1a: Pentakill Viego|p2a: Diabeetus\n|move|p2a: Diabeetus|Belly Drum|p2a: Diabeetus\n|-damage|p2a: Diabeetus|50\/100\n|-setboost|p2a: Diabeetus|atk|6|[from] move: Belly Drum\n|-enditem|p2a: Diabeetus|Sitrus Berry|[eat]\n|-heal|p2a: Diabeetus|75\/100|[from] item: Sitrus Berry\n|\n|upkeep\n|turn|28\n|c| Quorin|the 25%\n|\n|t:|1699663913\n|move|p2a: Diabeetus|Play Rough|p1a: Pentakill Viego\n|-supereffective|p1a: Pentakill Viego\n|-damage|p1a: Pentakill Viego|0 fnt\n|faint|p1a: Pentakill Viego\n|\n|upkeep\n|\n|t:|1699663918\n|switch|p1a: Prue Leith|Roserade, M|100\/100\n|turn|29\n|\n|t:|1699663923\n|move|p2a: Diabeetus|Drain Punch|p1a: Prue Leith\n|-resisted|p1a: Prue Leith\n|-damage|p1a: Prue Leith|22\/100\n|-heal|p2a: Diabeetus|100\/100|[from] drain|[of] p1a: Prue Leith\n|move|p1a: Prue Leith|Sludge Bomb|p2a: Diabeetus\n|-supereffective|p2a: Diabeetus\n|-damage|p2a: Diabeetus|0 fnt\n|faint|p2a: Diabeetus\n|\n|upkeep\n|\n|t:|1699663934\n|switch|p2a: Meta Knight|Indeedee, M|100\/100\n|-fieldstart|move: Psychic Terrain|[from] ability: Psychic Surge|[of] p2a: Meta Knight\n|turn|30\n|\n|t:|1699663941\n|move|p2a: Meta Knight|Expanding Force|p1a: Prue Leith\n|-supereffective|p1a: Prue Leith\n|-damage|p1a: Prue Leith|0 fnt\n|faint|p1a: Prue Leith\n|\n|upkeep\n|\n|t:|1699663945\n|switch|p1a: M. balfouri|Galvantula, M, shiny|100\/100\n|turn|31\n|\n|t:|1699663949\n|move|p2a: Meta Knight|Expanding Force|p1a: M. balfouri\n|-damage|p1a: M. balfouri|0 fnt\n|faint|p1a: M. balfouri\n|\n|win|brevie nicks\n|l| dinguskringus\n|l|\u2606j.silverflame\n|l| InSAMnity\n|l| yolo420dabmaster\n","uploadtime":1699663959,"views":12,"p1id":"jsilverflame","p2id":"brevienicks","formatid":"gen9nationaldex","rating":0,"private":0,"password":""}