{"id":"gen9nationaldex-1988097444","p1":"lastxuan123","p2":"taoke","format":"[Gen 9] National Dex","log":"|j|\u2606lastxuan123\n|j|\u2606taoke\n|t:|1699669183\n|gametype|singles\n|player|p1|lastxuan123|caitlin-gen4|1470\n|player|p2|taoke|cyclist|1592\n|teamsize|p1|6\n|teamsize|p2|6\n|gen|9\n|tier|[Gen 9] National Dex\n|rated|\n|rule|HP Percentage Mod: HP is shown in percentages\n|rule|Endless Battle Clause: Forcing endless battles is banned\n|rule|OHKO Clause: OHKO moves are banned\n|rule|Evasion Clause: Evasion abilities, items, and moves are banned\n|rule|Evasion Abilities Clause: Evasion abilities are banned\n|rule|Evasion Items Clause: Evasion items are banned\n|rule|Evasion Moves Clause: Evasion moves are banned\n|rule|Species Clause: Limit one of each Pok\u00e9mon\n|rule|Sleep Clause Mod: Limit one foe put to sleep\n|clearpoke\n|poke|p1|Charizard, M|\n|poke|p1|Serperior, F|\n|poke|p1|Tyranitar, F|\n|poke|p1|Great Tusk|\n|poke|p1|Doublade, M|\n|poke|p1|Alomomola, M|\n|poke|p2|Ting-Lu|\n|poke|p2|Great Tusk|\n|poke|p2|Vaporeon, F|\n|poke|p2|Sylveon, F|\n|poke|p2|Espeon, M|\n|poke|p2|Umbreon, F|\n|teampreview\n|inactive|Battle timer is ON: inactive players will automatically lose when time's up. (requested by lastxuan123)\n|\n|t:|1699669205\n|start\n|switch|p1a: Tyranitar|Tyranitar, F|100\/100\n|switch|p2a: Great Tusk|Great Tusk|100\/100\n|-weather|Sandstorm|[from] ability: Sand Stream|[of] p1a: Tyranitar\n|turn|1\n|\n|t:|1699669216\n|-terastallize|p1a: Tyranitar|Flying\n|move|p2a: Great Tusk|Close Combat|p1a: Tyranitar\n|-resisted|p1a: Tyranitar\n|-crit|p1a: Tyranitar\n|-damage|p1a: Tyranitar|64\/100\n|-unboost|p2a: Great Tusk|def|1\n|-unboost|p2a: Great Tusk|spd|1\n|move|p1a: Tyranitar|Stealth Rock|p2a: Great Tusk\n|-sidestart|p2: taoke|move: Stealth Rock\n|\n|-weather|Sandstorm|[upkeep]\n|-damage|p1a: Tyranitar|58\/100|[from] Sandstorm\n|upkeep\n|turn|2\n|\n|t:|1699669225\n|move|p2a: Great Tusk|Ice Spinner|p1a: Tyranitar\n|-supereffective|p1a: Tyranitar\n|-damage|p1a: Tyranitar|15\/100\n|move|p1a: Tyranitar|Ice Beam|p2a: Great Tusk\n|-supereffective|p2a: Great Tusk\n|-damage|p2a: Great Tusk|0 fnt\n|faint|p2a: Great Tusk\n|-end|p2a: Great Tusk|Protosynthesis|[silent]\n|\n|-weather|Sandstorm|[upkeep]\n|-damage|p1a: Tyranitar|8\/100|[from] Sandstorm\n|upkeep\n|\n|t:|1699669237\n|switch|p2a: Ting-Lu|Ting-Lu|100\/100\n|-damage|p2a: Ting-Lu|94\/100|[from] Stealth Rock\n|-ability|p2a: Ting-Lu|Vessel of Ruin\n|turn|3\n|\n|t:|1699669243\n|switch|p1a: Alomomola|Alomomola, M|100\/100\n|move|p2a: Ting-Lu|Stealth Rock|p1a: Alomomola\n|-sidestart|p1: lastxuan123|move: Stealth Rock\n|\n|-weather|Sandstorm|[upkeep]\n|-damage|p1a: Alomomola|94\/100|[from] Sandstorm\n|-heal|p2a: Ting-Lu|100\/100|[from] item: Leftovers\n|upkeep\n|turn|4\n|\n|t:|1699669248\n|switch|p2a: Espeon|Espeon, M|100\/100\n|-damage|p2a: Espeon|88\/100|[from] Stealth Rock\n|move|p1a: Alomomola|Wish|p1a: Alomomola\n|\n|-weather|Sandstorm|[upkeep]\n|-damage|p2a: Espeon|82\/100|[from] Sandstorm\n|-damage|p1a: Alomomola|88\/100|[from] Sandstorm\n|-heal|p2a: Espeon|88\/100|[from] item: Leftovers\n|upkeep\n|turn|5\n|\n|t:|1699669257\n|move|p2a: Espeon|Calm Mind|p2a: Espeon\n|-boost|p2a: Espeon|spa|1\n|-boost|p2a: Espeon|spd|1\n|move|p1a: Alomomola|Flip Turn|p2a: Espeon\n|-damage|p2a: Espeon|67\/100\n|\n|t:|1699669261\n|switch|p1a: Tyranitar|Tyranitar, F, tera:Flying|8\/100|[from] Flip Turn\n|-damage|p1a: Tyranitar|0 fnt|[from] Stealth Rock\n|faint|p1a: Tyranitar\n|\n|-weather|none\n|-heal|p2a: Espeon|73\/100|[from] item: Leftovers\n|upkeep\n|\n|t:|1699669268\n|switch|p1a: Doublade|Doublade, M|100\/100\n|-damage|p1a: Doublade|94\/100|[from] Stealth Rock\n|turn|6\n|\n|t:|1699669292\n|switch|p2a: Umbreon|Umbreon, F|100\/100\n|-damage|p2a: Umbreon|88\/100|[from] Stealth Rock\n|move|p1a: Doublade|Shadow Claw|p2a: Umbreon\n|-resisted|p2a: Umbreon\n|-damage|p2a: Umbreon|77\/100\n|\n|-heal|p2a: Umbreon|83\/100|[from] item: Leftovers\n|upkeep\n|turn|7\n|inactive|lastxuan123 has 120 seconds left.\n|\n|t:|1699669319\n|switch|p1a: Alomomola|Alomomola, M|100\/100\n|move|p2a: Umbreon|Foul Play|p1a: Alomomola\n|-damage|p1a: Alomomola|87\/100\n|\n|-heal|p2a: Umbreon|90\/100|[from] item: Leftovers\n|upkeep\n|turn|8\n|\n|t:|1699669323\n|move|p2a: Umbreon|Toxic|p1a: Alomomola\n|-status|p1a: Alomomola|tox\n|move|p1a: Alomomola|Flip Turn|p2a: Umbreon\n|-damage|p2a: Umbreon|80\/100\n|\n|t:|1699669328\n|switch|p1a: Serperior|Serperior, F|100\/100|[from] Flip Turn\n|-damage|p1a: Serperior|88\/100|[from] Stealth Rock\n|\n|-heal|p1a: Serperior|94\/100|[from] item: Leftovers\n|-heal|p2a: Umbreon|86\/100|[from] item: Leftovers\n|upkeep\n|turn|9\n|\n|t:|1699669332\n|move|p1a: Serperior|Substitute|p1a: Serperior\n|-start|p1a: Serperior|Substitute\n|-damage|p1a: Serperior|70\/100\n|move|p2a: Umbreon|Foul Play|p1a: Serperior\n|-end|p1a: Serperior|Substitute\n|\n|-heal|p1a: Serperior|76\/100|[from] item: Leftovers\n|-heal|p2a: Umbreon|92\/100|[from] item: Leftovers\n|upkeep\n|turn|10\n|\n|t:|1699669335\n|move|p1a: Serperior|Glare|p2a: Umbreon\n|-status|p2a: Umbreon|par\n|-activate|p2a: Umbreon|ability: Synchronize\n|-status|p1a: Serperior|par\n|move|p2a: Umbreon|Foul Play|p1a: Serperior\n|-damage|p1a: Serperior|51\/100 par\n|\n|-heal|p1a: Serperior|57\/100 par|[from] item: Leftovers\n|-heal|p2a: Umbreon|98\/100 par|[from] item: Leftovers\n|upkeep\n|turn|11\n|\n|t:|1699669347\n|move|p1a: Serperior|Leaf Storm|p2a: Umbreon|[miss]\n|-miss|p1a: Serperior|p2a: Umbreon\n|move|p2a: Umbreon|Foul Play|p1a: Serperior\n|-damage|p1a: Serperior|33\/100 par\n|\n|-heal|p1a: Serperior|39\/100 par|[from] item: Leftovers\n|-heal|p2a: Umbreon|100\/100 par|[from] item: Leftovers\n|upkeep\n|turn|12\n|\n|t:|1699669352\n|move|p1a: Serperior|Leaf Storm|p2a: Umbreon\n|-damage|p2a: Umbreon|70\/100 par\n|-boost|p1a: Serperior|spa|2\n|move|p2a: Umbreon|Foul Play|p1a: Serperior\n|-damage|p1a: Serperior|13\/100 par\n|\n|-heal|p1a: Serperior|19\/100 par|[from] item: Leftovers\n|-heal|p2a: Umbreon|76\/100 par|[from] item: Leftovers\n|upkeep\n|turn|13\n|\n|t:|1699669355\n|move|p1a: Serperior|Leaf Storm|p2a: Umbreon\n|-damage|p2a: Umbreon|17\/100 par\n|-boost|p1a: Serperior|spa|2\n|move|p2a: Umbreon|Foul Play|p1a: Serperior\n|-damage|p1a: Serperior|0 fnt\n|faint|p1a: Serperior\n|\n|-heal|p2a: Umbreon|23\/100 par|[from] item: Leftovers\n|upkeep\n|\n|t:|1699669359\n|switch|p1a: Doublade|Doublade, M|94\/100\n|-damage|p1a: Doublade|88\/100|[from] Stealth Rock\n|turn|14\n|\n|t:|1699669366\n|move|p2a: Umbreon|Moonlight|p2a: Umbreon\n|-heal|p2a: Umbreon|73\/100 par\n|move|p1a: Doublade|Close Combat|p2a: Umbreon\n|-supereffective|p2a: Umbreon\n|-damage|p2a: Umbreon|25\/100 par\n|-unboost|p1a: Doublade|def|1\n|-unboost|p1a: Doublade|spd|1\n|\n|-heal|p2a: Umbreon|31\/100 par|[from] item: Leftovers\n|upkeep\n|turn|15\n|\n|t:|1699669375\n|-terastallize|p2a: Umbreon|Dragon\n|move|p2a: Umbreon|Moonlight|p2a: Umbreon\n|-heal|p2a: Umbreon|81\/100 par\n|move|p1a: Doublade|Shadow Claw|p2a: Umbreon\n|-damage|p2a: Umbreon|60\/100 par\n|\n|-heal|p2a: Umbreon|66\/100 par|[from] item: Leftovers\n|upkeep\n|turn|16\n|\n|t:|1699669387\n|switch|p1a: Great Tusk|Great Tusk|100\/100\n|-damage|p1a: Great Tusk|98\/100|[from] Stealth Rock\n|cant|p2a: Umbreon|par\n|\n|-heal|p2a: Umbreon|72\/100 par|[from] item: Leftovers\n|upkeep\n|turn|17\n|\n|t:|1699669393\n|move|p1a: Great Tusk|Rapid Spin|p2a: Umbreon\n|-damage|p2a: Umbreon|61\/100 par\n|-boost|p1a: Great Tusk|spe|1\n|-sideend|p1: lastxuan123|Stealth Rock|[from] move: Rapid Spin|[of] p1a: Great Tusk\n|move|p2a: Umbreon|Toxic|p1a: Great Tusk\n|-status|p1a: Great Tusk|tox\n|\n|-heal|p2a: Umbreon|68\/100 par|[from] item: Leftovers\n|-damage|p1a: Great Tusk|91\/100 tox|[from] psn\n|upkeep\n|turn|18\n|\n|t:|1699669401\n|move|p1a: Great Tusk|Rapid Spin|p2a: Umbreon\n|-damage|p2a: Umbreon|58\/100 par\n|-boost|p1a: Great Tusk|spe|1\n|move|p2a: Umbreon|Moonlight|p2a: Umbreon\n|-heal|p2a: Umbreon|100\/100 par\n|\n|-damage|p1a: Great Tusk|79\/100 tox|[from] psn\n|upkeep\n|turn|19\n|\n|t:|1699669407\n|move|p1a: Great Tusk|Headlong Rush|p2a: Umbreon\n|-damage|p2a: Umbreon|62\/100 par\n|-unboost|p1a: Great Tusk|def|1\n|-unboost|p1a: Great Tusk|spd|1\n|move|p2a: Umbreon|Heal Bell|p2a: Umbreon\n|-activate|p2a: Umbreon|move: Heal Bell\n|-curestatus|p2a: Umbreon|par|[msg]\n|\n|-heal|p2a: Umbreon|68\/100|[from] item: Leftovers\n|-damage|p1a: Great Tusk|60\/100 tox|[from] psn\n|upkeep\n|turn|20\n|\n|t:|1699669415\n|-zpower|p1a: Great Tusk\n|move|p1a: Great Tusk|Continental Crush|p2a: Umbreon|[zeffect]\n|-damage|p2a: Umbreon|24\/100\n|move|p2a: Umbreon|Moonlight|p2a: Umbreon\n|-heal|p2a: Umbreon|74\/100\n|\n|-heal|p2a: Umbreon|80\/100|[from] item: Leftovers\n|-damage|p1a: Great Tusk|36\/100 tox|[from] psn\n|upkeep\n|turn|21\n|\n|t:|1699669424\n|-end|p1a: Great Tusk|Protosynthesis|[silent]\n|switch|p1a: Alomomola|Alomomola, M|100\/100 tox\n|move|p2a: Umbreon|Moonlight|p2a: Umbreon\n|-heal|p2a: Umbreon|100\/100\n|\n|-damage|p1a: Alomomola|94\/100 tox|[from] psn\n|upkeep\n|turn|22\n|\n|t:|1699669432\n|switch|p2a: Espeon|Espeon, M|73\/100\n|-damage|p2a: Espeon|61\/100|[from] Stealth Rock\n|move|p1a: Alomomola|Toxic|p2a: Espeon\n|move|p2a: Espeon|Toxic|p1a: Alomomola|[from]ability: Magic Bounce\n|-fail|p1a: Alomomola|tox\n|\n|-heal|p2a: Espeon|67\/100|[from] item: Leftovers\n|-damage|p1a: Alomomola|82\/100 tox|[from] psn\n|upkeep\n|turn|23\n|\n|t:|1699669441\n|move|p2a: Espeon|Calm Mind|p2a: Espeon\n|-boost|p2a: Espeon|spa|1\n|-boost|p2a: Espeon|spd|1\n|move|p1a: Alomomola|Flip Turn|p2a: Espeon\n|-damage|p2a: Espeon|46\/100\n|\n|t:|1699669448\n|switch|p1a: Doublade|Doublade, M|88\/100|[from] Flip Turn\n|\n|-heal|p2a: Espeon|53\/100|[from] item: Leftovers\n|upkeep\n|turn|24\n|\n|t:|1699669460\n|switch|p2a: Ting-Lu|Ting-Lu|100\/100\n|-damage|p2a: Ting-Lu|94\/100|[from] Stealth Rock\n|-ability|p2a: Ting-Lu|Vessel of Ruin\n|move|p1a: Doublade|Shadow Sneak|p2a: Ting-Lu\n|-resisted|p2a: Ting-Lu\n|-damage|p2a: Ting-Lu|89\/100\n|\n|-heal|p2a: Ting-Lu|95\/100|[from] item: Leftovers\n|upkeep\n|turn|25\n|\n|t:|1699669466\n|switch|p1a: Alomomola|Alomomola, M|100\/100 tox\n|move|p2a: Ting-Lu|Earthquake|p1a: Alomomola\n|-damage|p1a: Alomomola|81\/100 tox\n|\n|-heal|p2a: Ting-Lu|100\/100|[from] item: Leftovers\n|-damage|p1a: Alomomola|75\/100 tox|[from] psn\n|upkeep\n|turn|26\n|\n|t:|1699669471\n|move|p2a: Ting-Lu|Stealth Rock|p1a: Alomomola\n|-sidestart|p1: lastxuan123|move: Stealth Rock\n|move|p1a: Alomomola|Flip Turn|p2a: Ting-Lu\n|-supereffective|p2a: Ting-Lu\n|-damage|p2a: Ting-Lu|85\/100\n|\n|t:|1699669476\n|switch|p1a: Great Tusk|Great Tusk|36\/100 tox|[from] Flip Turn\n|-damage|p1a: Great Tusk|33\/100 tox|[from] Stealth Rock\n|\n|-heal|p2a: Ting-Lu|92\/100|[from] item: Leftovers\n|-damage|p1a: Great Tusk|26\/100 tox|[from] psn\n|upkeep\n|turn|27\n|\n|t:|1699669481\n|move|p1a: Great Tusk|Rapid Spin|p2a: Ting-Lu\n|-crit|p2a: Ting-Lu\n|-damage|p2a: Ting-Lu|78\/100\n|-boost|p1a: Great Tusk|spe|1\n|-sideend|p1: lastxuan123|Stealth Rock|[from] move: Rapid Spin|[of] p1a: Great Tusk\n|move|p2a: Ting-Lu|Earthquake|p1a: Great Tusk\n|-crit|p1a: Great Tusk\n|-damage|p1a: Great Tusk|0 fnt\n|faint|p1a: Great Tusk\n|-end|p1a: Great Tusk|Protosynthesis|[silent]\n|\n|-heal|p2a: Ting-Lu|84\/100|[from] item: Leftovers\n|upkeep\n|\n|t:|1699669487\n|switch|p1a: Charizard|Charizard, M|100\/100\n|turn|28\n|\n|t:|1699669494\n|detailschange|p1a: Charizard|Charizard-Mega-Y, M\n|-mega|p1a: Charizard|Charizard|Charizardite Y\n|-weather|SunnyDay|[from] ability: Drought|[of] p1a: Charizard\n|move|p1a: Charizard|Solar Beam||[still]\n|-prepare|p1a: Charizard|Solar Beam\n|-anim|p1a: Charizard|Solar Beam|p2a: Ting-Lu\n|-supereffective|p2a: Ting-Lu\n|-damage|p2a: Ting-Lu|41\/100\n|move|p2a: Ting-Lu|Stealth Rock|p1a: Charizard\n|-sidestart|p1: lastxuan123|move: Stealth Rock\n|\n|-weather|SunnyDay|[upkeep]\n|-heal|p2a: Ting-Lu|47\/100|[from] item: Leftovers\n|upkeep\n|turn|29\n|\n|t:|1699669504\n|move|p1a: Charizard|Weather Ball|p2a: Ting-Lu\n|-damage|p2a: Ting-Lu|2\/100\n|move|p2a: Ting-Lu|Whirlwind|p1a: Charizard\n|drag|p1a: Alomomola|Alomomola, M|100\/100 tox\n|\n|-weather|SunnyDay|[upkeep]\n|-heal|p2a: Ting-Lu|8\/100|[from] item: Leftovers\n|-damage|p1a: Alomomola|94\/100 tox|[from] psn\n|upkeep\n|turn|30\n|\n|t:|1699669516\n|move|p2a: Ting-Lu|Ruination|p1a: Alomomola\n|-damage|p1a: Alomomola|48\/100 tox\n|move|p1a: Alomomola|Toxic|p2a: Ting-Lu\n|-status|p2a: Ting-Lu|tox\n|\n|-weather|SunnyDay|[upkeep]\n|-heal|p2a: Ting-Lu|14\/100 tox|[from] item: Leftovers\n|-damage|p2a: Ting-Lu|8\/100 tox|[from] psn\n|-damage|p1a: Alomomola|35\/100 tox|[from] psn\n|upkeep\n|turn|31\n|\n|t:|1699669521\n|move|p2a: Ting-Lu|Earthquake|p1a: Alomomola\n|-damage|p1a: Alomomola|15\/100 tox\n|move|p1a: Alomomola|Flip Turn|p2a: Ting-Lu\n|-supereffective|p2a: Ting-Lu\n|-damage|p2a: Ting-Lu|0 fnt\n|faint|p2a: Ting-Lu\n|\n|t:|1699669524\n|switch|p1a: Charizard|Charizard-Mega-Y, M|100\/100|[from] Flip Turn\n|-damage|p1a: Charizard|51\/100|[from] Stealth Rock\n|\n|-weather|SunnyDay|[upkeep]\n|upkeep\n|\n|t:|1699669529\n|switch|p2a: Umbreon|Umbreon, F, tera:Dragon|100\/100\n|-damage|p2a: Umbreon|88\/100|[from] Stealth Rock\n|turn|32\n|\n|t:|1699669534\n|move|p1a: Charizard|Air Slash|p2a: Umbreon\n|-damage|p2a: Umbreon|58\/100\n|move|p2a: Umbreon|Toxic|p1a: Charizard\n|-status|p1a: Charizard|tox\n|\n|-weather|none\n|-heal|p2a: Umbreon|64\/100|[from] item: Leftovers\n|-damage|p1a: Charizard|45\/100 tox|[from] psn\n|upkeep\n|turn|33\n|\n|t:|1699669541\n|switch|p1a: Alomomola|Alomomola, M|48\/100 tox\n|move|p2a: Umbreon|Moonlight|p2a: Umbreon\n|-heal|p2a: Umbreon|100\/100\n|\n|-damage|p1a: Alomomola|42\/100 tox|[from] psn\n|upkeep\n|turn|34\n|-message|lastxuan123 forfeited.\n|\n|win|taoke\n|raw|lastxuan123's rating: 1470 &rarr; <strong>1457<\/strong><br \/>(-13 for losing)\n|raw|taoke's rating: 1592 &rarr; <strong>1605<\/strong><br \/>(+13 for winning)\n|l|\u2606lastxuan123\n","uploadtime":1699669777,"views":5,"p1id":"lastxuan123","p2id":"taoke","formatid":"gen9nationaldex","rating":1457,"private":0,"password":""}