{"id":"gen9nationaldex-1988642007","p1":"Abrar83","p2":"Nakuy","format":"[Gen 9] National Dex","log":"|j|\u2606Abrar83\n|j|\u2606Nakuy\n|t:|1699745286\n|gametype|singles\n|player|p1|Abrar83|nobunaga-conquest|\n|player|p2|Nakuy|byron|\n|teamsize|p1|6\n|teamsize|p2|6\n|gen|9\n|tier|[Gen 9] National Dex\n|rule|HP Percentage Mod: HP is shown in percentages\n|rule|Endless Battle Clause: Forcing endless battles is banned\n|rule|OHKO Clause: OHKO moves are banned\n|rule|Evasion Clause: Evasion abilities, items, and moves are banned\n|rule|Evasion Abilities Clause: Evasion abilities are banned\n|rule|Evasion Items Clause: Evasion items are banned\n|rule|Evasion Moves Clause: Evasion moves are banned\n|rule|Species Clause: Limit one of each Pok\u00e9mon\n|rule|Sleep Clause Mod: Limit one foe put to sleep\n|clearpoke\n|poke|p1|Great Tusk|\n|poke|p1|Arcanine-Hisui, M|\n|poke|p1|Dragonite, M|\n|poke|p1|Gardevoir, F|\n|poke|p1|Zapdos|\n|poke|p1|Bisharp, F|\n|poke|p2|Ogerpon-Wellspring, F|\n|poke|p2|Glimmora, F|\n|poke|p2|Iron Moth|\n|poke|p2|Iron Valiant|\n|poke|p2|Bisharp, M|\n|poke|p2|Aerodactyl, M|\n|teampreview\n|\n|t:|1699745376\n|start\n|switch|p1a: Kahuna|Great Tusk|100\/100\n|switch|p2a: Glimmora|Glimmora, F|100\/100\n|-enditem|p1a: Kahuna|Booster Energy\n|-activate|p1a: Kahuna|ability: Protosynthesis|[fromitem]\n|-start|p1a: Kahuna|protosynthesisatk\n|turn|1\n|\n|t:|1699745387\n|-terastallize|p2a: Glimmora|Ghost\n|move|p2a: Glimmora|Energy Ball|p1a: Kahuna\n|-supereffective|p1a: Kahuna\n|-damage|p1a: Kahuna|11\/100\n|move|p1a: Kahuna|Rapid Spin|p2a: Glimmora\n|-immune|p2a: Glimmora\n|\n|upkeep\n|turn|2\n|\n|t:|1699745398\n|move|p2a: Glimmora|Energy Ball|p1a: Kahuna\n|-supereffective|p1a: Kahuna\n|-damage|p1a: Kahuna|0 fnt\n|faint|p1a: Kahuna\n|-end|p1a: Kahuna|Protosynthesis|[silent]\n|\n|upkeep\n|\n|t:|1699745407\n|switch|p1a: Zolo|Bisharp, F|100\/100\n|turn|3\n|\n|t:|1699745416\n|move|p2a: Glimmora|Stealth Rock|p1a: Zolo\n|-sidestart|p1: Abrar83|move: Stealth Rock\n|move|p1a: Zolo|Knock Off|p2a: Glimmora\n|-supereffective|p2a: Glimmora\n|-enditem|p2a: Glimmora|Focus Sash\n|-damage|p2a: Glimmora|1\/100\n|-activate|p2a: Glimmora|ability: Toxic Debris\n|-sidestart|p1: Abrar83|move: Toxic Spikes\n|\n|upkeep\n|turn|4\n|\n|t:|1699745422\n|move|p1a: Zolo|Sucker Punch|p2a: Glimmora\n|-supereffective|p2a: Glimmora\n|-damage|p2a: Glimmora|0 fnt\n|-activate|p2a: Glimmora|ability: Toxic Debris\n|-sidestart|p1: Abrar83|move: Toxic Spikes\n|faint|p2a: Glimmora\n|\n|upkeep\n|\n|t:|1699745435\n|switch|p2a: Iron Moth|Iron Moth|100\/100\n|-enditem|p2a: Iron Moth|Booster Energy\n|-activate|p2a: Iron Moth|ability: Quark Drive|[fromitem]\n|-start|p2a: Iron Moth|quarkdrivespe\n|turn|5\n|\n|t:|1699745442\n|-terastallize|p1a: Zolo|Flying\n|move|p2a: Iron Moth|Substitute|p2a: Iron Moth\n|-start|p2a: Iron Moth|Substitute\n|-damage|p2a: Iron Moth|76\/100\n|move|p1a: Zolo|Swords Dance|p1a: Zolo\n|-boost|p1a: Zolo|atk|2\n|\n|upkeep\n|turn|6\n|\n|t:|1699745451\n|move|p2a: Iron Moth|Fiery Dance|p1a: Zolo\n|-damage|p1a: Zolo|63\/100\n|-boost|p2a: Iron Moth|spa|1\n|move|p1a: Zolo|Knock Off|p2a: Iron Moth\n|-end|p2a: Iron Moth|Substitute\n|\n|upkeep\n|turn|7\n|\n|t:|1699745468\n|move|p2a: Iron Moth|Substitute|p2a: Iron Moth\n|-start|p2a: Iron Moth|Substitute\n|-damage|p2a: Iron Moth|51\/100\n|move|p1a: Zolo|Knock Off|p2a: Iron Moth\n|-end|p2a: Iron Moth|Substitute\n|\n|upkeep\n|turn|8\n|\n|t:|1699745475\n|move|p1a: Zolo|Sucker Punch||[still]\n|-fail|p1a: Zolo\n|move|p2a: Iron Moth|Substitute|p2a: Iron Moth\n|-start|p2a: Iron Moth|Substitute\n|-damage|p2a: Iron Moth|26\/100\n|\n|upkeep\n|turn|9\n|\n|t:|1699745481\n|move|p2a: Iron Moth|Fiery Dance|p1a: Zolo\n|-damage|p1a: Zolo|12\/100\n|move|p1a: Zolo|Knock Off|p2a: Iron Moth\n|-end|p2a: Iron Moth|Substitute\n|\n|upkeep\n|turn|10\n|\n|t:|1699745492\n|move|p1a: Zolo|Sucker Punch|p2a: Iron Moth\n|-damage|p2a: Iron Moth|0 fnt\n|faint|p2a: Iron Moth\n|-end|p2a: Iron Moth|Quark Drive|[silent]\n|\n|upkeep\n|\n|t:|1699745501\n|switch|p2a: Bisharp|Bisharp, M|100\/100\n|turn|11\n|\n|t:|1699745509\n|move|p2a: Bisharp|Sucker Punch|p1a: Zolo\n|-damage|p1a: Zolo|0 fnt\n|faint|p1a: Zolo\n|\n|upkeep\n|\n|t:|1699745517\n|switch|p1a: Milotic?|Arcanine-Hisui, M|100\/100\n|-damage|p1a: Milotic?|76\/100|[from] Stealth Rock\n|-status|p1a: Milotic?|tox\n|turn|12\n|\n|t:|1699745535\n|move|p1a: Milotic?|Close Combat|p2a: Bisharp\n|-supereffective|p2a: Bisharp\n|-damage|p2a: Bisharp|0 fnt\n|-unboost|p1a: Milotic?|def|1\n|-unboost|p1a: Milotic?|spd|1\n|faint|p2a: Bisharp\n|\n|-damage|p1a: Milotic?|70\/100 tox|[from] psn\n|upkeep\n|\n|t:|1699745548\n|switch|p2a: Iron Valiant|Iron Valiant|100\/100\n|-enditem|p2a: Iron Valiant|Booster Energy\n|-activate|p2a: Iron Valiant|ability: Quark Drive|[fromitem]\n|-start|p2a: Iron Valiant|quarkdrivespe\n|turn|13\n|\n|t:|1699745565\n|switch|p1a: Pina|Dragonite, M|100\/100\n|-damage|p1a: Pina|76\/100|[from] Stealth Rock\n|move|p2a: Iron Valiant|Thunderbolt|p1a: Pina\n|-damage|p1a: Pina|58\/100\n|-status|p1a: Pina|par\n|\n|-heal|p1a: Pina|64\/100 par|[from] item: Leftovers\n|upkeep\n|turn|14\n|\n|t:|1699745575\n|move|p1a: Pina|Extreme Speed|p2a: Iron Valiant\n|-damage|p2a: Iron Valiant|72\/100\n|move|p2a: Iron Valiant|Moonblast|p1a: Pina\n|-supereffective|p1a: Pina\n|-damage|p1a: Pina|2\/100 par\n|\n|-heal|p1a: Pina|8\/100 par|[from] item: Leftovers\n|upkeep\n|turn|15\n|\n|t:|1699745582\n|move|p1a: Pina|Extreme Speed|p2a: Iron Valiant\n|-damage|p2a: Iron Valiant|39\/100\n|move|p2a: Iron Valiant|Moonblast|p1a: Pina\n|-supereffective|p1a: Pina\n|-damage|p1a: Pina|0 fnt\n|faint|p1a: Pina\n|\n|upkeep\n|\n|t:|1699745590\n|switch|p1a: Lina|Gardevoir, F|100\/100\n|-damage|p1a: Lina|88\/100|[from] Stealth Rock\n|-status|p1a: Lina|tox\n|turn|16\n|\n|t:|1699745608\n|move|p2a: Iron Valiant|Moonblast|p1a: Lina\n|-damage|p1a: Lina|38\/100 tox\n|move|p1a: Lina|Psychic|p2a: Iron Valiant\n|-supereffective|p2a: Iron Valiant\n|-damage|p2a: Iron Valiant|0 fnt\n|faint|p2a: Iron Valiant\n|-end|p2a: Iron Valiant|Quark Drive|[silent]\n|\n|-damage|p1a: Lina|32\/100 tox|[from] psn\n|upkeep\n|\n|t:|1699745633\n|switch|p2a: Ogerpon|Ogerpon-Wellspring, F|100\/100\n|-ability|p1a: Lina|Water Absorb|[from] ability: Trace|[of] p2a: Ogerpon\n|turn|17\n|\n|t:|1699745662\n|detailschange|p1a: Lina|Gardevoir-Mega, F\n|-mega|p1a: Lina|Gardevoir|Gardevoirite\n|move|p2a: Ogerpon|Power Whip|p1a: Lina\n|-damage|p1a: Lina|0 fnt\n|faint|p1a: Lina\n|\n|upkeep\n|\n|t:|1699745670\n|switch|p1a: Lightning|Zapdos|100\/100\n|-damage|p1a: Lightning|75\/100|[from] Stealth Rock\n|turn|18\n|\n|t:|1699745677\n|move|p2a: Ogerpon|Ivy Cudgel|p1a: Lightning\n|-damage|p1a: Lightning|10\/100\n|-zpower|p1a: Lightning\n|move|p1a: Lightning|Supersonic Skystrike|p2a: Ogerpon|[zeffect]\n|-supereffective|p2a: Ogerpon\n|-damage|p2a: Ogerpon|0 fnt\n|faint|p2a: Ogerpon\n|\n|upkeep\n|\n|t:|1699745684\n|switch|p2a: Aerodactyl|Aerodactyl, M|100\/100\n|-ability|p2a: Aerodactyl|Unnerve\n|turn|19\n|\n|t:|1699745706\n|detailschange|p2a: Aerodactyl|Aerodactyl-Mega, M\n|-mega|p2a: Aerodactyl|Aerodactyl|Aerodactylite\n|move|p2a: Aerodactyl|Hone Claws|p2a: Aerodactyl\n|-boost|p2a: Aerodactyl|atk|1\n|-boost|p2a: Aerodactyl|accuracy|1\n|move|p1a: Lightning|Discharge|p2a: Aerodactyl\n|-supereffective|p2a: Aerodactyl\n|-damage|p2a: Aerodactyl|9\/100\n|\n|upkeep\n|turn|20\n|\n|t:|1699745717\n|move|p2a: Aerodactyl|Rock Slide|p1a: Lightning\n|-supereffective|p1a: Lightning\n|-damage|p1a: Lightning|0 fnt\n|faint|p1a: Lightning\n|\n|upkeep\n|\n|t:|1699745723\n|switch|p1a: Milotic?|Arcanine-Hisui, M|70\/100 tox\n|-damage|p1a: Milotic?|45\/100 tox|[from] Stealth Rock\n|turn|21\n|\n|t:|1699745739\n|move|p1a: Milotic?|Close Combat|p2a: Aerodactyl\n|-damage|p2a: Aerodactyl|0 fnt\n|-unboost|p1a: Milotic?|def|1\n|-unboost|p1a: Milotic?|spd|1\n|faint|p2a: Aerodactyl\n|\n|win|Abrar83\n","uploadtime":1699745751,"views":4,"p1id":"abrar83","p2id":"nakuy","formatid":"gen9nationaldex","rating":0,"private":0,"password":""}