{"id":"gen9nationaldex-1999088605","p1":"cerdicactus","p2":"GameBored","format":"[Gen 9] National Dex","log":"|html|<div class=\"broadcast-blue\"><strong>[Gen 9] National Dex is currently suspecting Sneasler! For information on how to participate check out the <a href=\"https:\/\/www.smogon.com\/forums\/threads\/sv-national-dex-suspect-8-just-dance.3731534\/\">suspect thread<\/a>.<\/strong><\/div>\n|j|\u2606cerdicactus\n|j|\u203dGameBored\n|t:|1701031911\n|gametype|singles\n|player|p1|cerdicactus|juan|1480\n|player|p2|GameBored|schoolkid-gen8|1370\n|teamsize|p1|6\n|teamsize|p2|6\n|gen|9\n|tier|[Gen 9] National Dex\n|rated|\n|rule|HP Percentage Mod: HP is shown in percentages\n|rule|Endless Battle Clause: Forcing endless battles is banned\n|rule|OHKO Clause: OHKO moves are banned\n|rule|Evasion Clause: Evasion abilities, items, and moves are banned\n|rule|Evasion Abilities Clause: Evasion abilities are banned\n|rule|Evasion Items Clause: Evasion items are banned\n|rule|Evasion Moves Clause: Evasion moves are banned\n|rule|Species Clause: Limit one of each Pok\u00e9mon\n|rule|Sleep Clause Mod: Limit one foe put to sleep\n|clearpoke\n|poke|p1|Grimmsnarl, M|\n|poke|p1|Gyarados, F|\n|poke|p1|Serperior, M|\n|poke|p1|Ursaluna, M|\n|poke|p1|Dragonite, F|\n|poke|p1|Porygon-Z|\n|poke|p2|Grimmsnarl, M|\n|poke|p2|Toxtricity, M|\n|poke|p2|Turtonator, M|\n|poke|p2|Sharpedo, M|\n|poke|p2|Slowbro-Galar, M|\n|poke|p2|Cofagrigus, M|\n|teampreview\n|inactive|Battle timer is ON: inactive players will automatically lose when time's up. (requested by GameBored)\n|\n|t:|1701031924\n|start\n|switch|p1a: Grimmsnarl|Grimmsnarl, M, shiny|100\/100\n|switch|p2a: Grimmsnarl|Grimmsnarl, M, shiny|100\/100\n|turn|1\n|\n|t:|1701031948\n|move|p1a: Grimmsnarl|Reflect|p1a: Grimmsnarl\n|-sidestart|p1: cerdicactus|Reflect\n|move|p2a: Grimmsnarl|Light Screen|p2a: Grimmsnarl\n|-sidestart|p2: GameBored|move: Light Screen\n|\n|upkeep\n|turn|2\n|\n|t:|1701031952\n|move|p2a: Grimmsnarl|Reflect|p2a: Grimmsnarl\n|-sidestart|p2: GameBored|Reflect\n|move|p1a: Grimmsnarl|Light Screen|p1a: Grimmsnarl\n|-sidestart|p1: cerdicactus|move: Light Screen\n|\n|upkeep\n|turn|3\n|\n|t:|1701031969\n|move|p2a: Grimmsnarl|Light Screen||[still]\n|-fail|p2a: Grimmsnarl\n|move|p1a: Grimmsnarl|Parting Shot|p2a: Grimmsnarl\n|-hint|Since gen 7, Dark is immune to Prankster moves.\n|-immune|p2a: Grimmsnarl\n|\n|upkeep\n|turn|4\n|c|\u2606cerdicactus|dammit\n|c|\u2606cerdicactus|screen users think too alike\n|\n|t:|1701031989\n|switch|p2a: Slowbro|Slowbro-Galar, M, shiny|100\/100\n|switch|p1a: Serperior|Serperior, M|100\/100\n|\n|upkeep\n|turn|5\n|c|\u2606cerdicactus|DAMMIT\n|n|\u2606GameBored|gamebored\n|c|\u2606GameBored|:)))))\n|\n|t:|1701032007\n|move|p1a: Serperior|Substitute|p1a: Serperior\n|-start|p1a: Serperior|Substitute\n|-damage|p1a: Serperior|76\/100\n|move|p2a: Slowbro|Belly Drum|p2a: Slowbro\n|-damage|p2a: Slowbro|50\/100\n|-setboost|p2a: Slowbro|atk|6|[from] move: Belly Drum\n|-enditem|p2a: Slowbro|Sitrus Berry|[eat]\n|-heal|p2a: Slowbro|75\/100|[from] item: Sitrus Berry\n|\n|-heal|p1a: Serperior|82\/100|[from] item: Leftovers\n|upkeep\n|turn|6\n|c|\u2606GameBored|it's like the spiderman meme\n|c|\u2606GameBored|ykyk\n|-activate|p2a: Slowbro|ability: Quick Draw\n|\n|t:|1701032018\n|move|p2a: Slowbro|Shell Side Arm|p1a: Serperior|[anim] Shell Side Arm Physical\n|-supereffective|p1a: Serperior\n|-end|p1a: Serperior|Substitute\n|-hint|Physical Shell Side Arm\n|move|p1a: Serperior|Glare|p2a: Slowbro\n|-status|p2a: Slowbro|par\n|\n|-heal|p1a: Serperior|88\/100|[from] item: Leftovers\n|upkeep\n|turn|7\n|c|\u2606cerdicactus|ex fucking cuse me\n|-activate|p2a: Slowbro|ability: Quick Draw\n|\n|t:|1701032031\n|move|p2a: Slowbro|Shell Side Arm|p1a: Serperior|[anim] Shell Side Arm Physical\n|-supereffective|p1a: Serperior\n|-damage|p1a: Serperior|0 fnt\n|-hint|Physical Shell Side Arm\n|faint|p1a: Serperior\n|\n|upkeep\n|c|\u2606GameBored|OH\n|c|\u2606GameBored|OH SHIT\n|\n|t:|1701032044\n|switch|p1a: Gyarados|Gyarados, F, shiny|100\/100\n|-ability|p1a: Gyarados|Intimidate|boost\n|-unboost|p2a: Slowbro|atk|1\n|turn|8\n|\n|t:|1701032052\n|detailschange|p1a: Gyarados|Gyarados-Mega, F, shiny\n|-mega|p1a: Gyarados|Gyarados|Gyaradosite\n|-ability|p1a: Gyarados|Mold Breaker\n|move|p1a: Gyarados|Dragon Dance|p1a: Gyarados\n|-boost|p1a: Gyarados|atk|1\n|-boost|p1a: Gyarados|spe|1\n|move|p2a: Slowbro|Drain Punch|p1a: Gyarados\n|-supereffective|p1a: Gyarados\n|-damage|p1a: Gyarados|25\/100\n|-heal|p2a: Slowbro|100\/100 par|[from] drain|[of] p1a: Gyarados\n|\n|-sideend|p1: cerdicactus|Reflect\n|-sideend|p2: GameBored|move: Light Screen\n|upkeep\n|turn|9\n|\n|t:|1701032061\n|move|p1a: Gyarados|Crunch|p2a: Slowbro\n|-supereffective|p2a: Slowbro\n|-damage|p2a: Slowbro|31\/100 par\n|move|p2a: Slowbro|Shell Side Arm|p1a: Gyarados|[anim] Shell Side Arm Physical\n|-damage|p1a: Gyarados|0 fnt\n|-hint|Physical Shell Side Arm\n|faint|p1a: Gyarados\n|\n|-sideend|p2: GameBored|Reflect\n|-sideend|p1: cerdicactus|move: Light Screen\n|upkeep\n|c|\u2606cerdicactus|god\n|c|\u2606cerdicactus|pklease\n|c|\u2606GameBored|indeed\n|c|\u2606cerdicactus|oh lord\n|c|\u2606GameBored|he is god\n|\n|t:|1701032083\n|switch|p1a: Ursaluna|Ursaluna, M|100\/100\n|turn|10\n|\n|t:|1701032086\n|-terastallize|p2a: Slowbro|Flying\n|move|p1a: Ursaluna|Headlong Rush|p2a: Slowbro\n|-immune|p2a: Slowbro\n|cant|p2a: Slowbro|par\n|\n|-status|p1a: Ursaluna|brn|[from] item: Flame Orb\n|upkeep\n|turn|11\n|c|\u2606cerdicactus|YOU\n|c|\u2606cerdicactus|GOTTA\n|c|\u2606cerdicactus|BE\n|c|\u2606cerdicactus|joking\n|c|\u2606cerdicactus|holy shit\n|c|\u2606GameBored|:)))))\n|c|\u2606GameBored|check this out\n|c|\u2606GameBored|quick draw callin it\n|c|\u2606cerdicactus|no\n|c|\u2606GameBored|let the bullshit commence\n|c|\u2606cerdicactus|please\n|c|\u2606cerdicactus|i beg\n|-activate|p2a: Slowbro|ability: Quick Draw\n|\n|t:|1701032106\n|move|p2a: Slowbro|Drain Punch|p1a: Ursaluna\n|-supereffective|p1a: Ursaluna\n|-damage|p1a: Ursaluna|0 fnt\n|-heal|p2a: Slowbro|90\/100 par|[from] drain|[of] p1a: Ursaluna\n|faint|p1a: Ursaluna\n|\n|upkeep\n|c|\u2606cerdicactus|NO\n|c|\u2606GameBored|AHAHAHAHA\n|c|\u2606cerdicactus|HOLY\n|c|\u2606cerdicactus|SHIT\n|\n|t:|1701032114\n|switch|p1a: Grimmsnarl|Grimmsnarl, M, shiny|100\/100\n|turn|12\n|-activate|p2a: Slowbro|ability: Quick Draw\n|\n|t:|1701032119\n|move|p1a: Grimmsnarl|Reflect|p1a: Grimmsnarl\n|-sidestart|p1: cerdicactus|Reflect\n|move|p2a: Slowbro|Shell Side Arm|p1a: Grimmsnarl|[anim] Shell Side Arm Physical\n|-supereffective|p1a: Grimmsnarl\n|-damage|p1a: Grimmsnarl|0 fnt\n|-hint|Physical Shell Side Arm\n|faint|p1a: Grimmsnarl\n|\n|upkeep\n|c|\u2606cerdicactus|NO\n|c|\u2606cerdicactus|FUCKING\n|c|\u2606cerdicactus|WAY\n|c|\u2606GameBored|LMFAO\n|\n|t:|1701032127\n|switch|p1a: Porygon-Z|Porygon-Z|100\/100\n|turn|13\n|\n|t:|1701032130\n|-zpower|p1a: Porygon-Z\n|move|p1a: Porygon-Z|Z-Conversion|p1a: Porygon-Z|[anim]Conversion\n|-boost|p1a: Porygon-Z|atk|1|[zeffect]\n|-boost|p1a: Porygon-Z|def|1|[zeffect]\n|-boost|p1a: Porygon-Z|spa|1|[zeffect]\n|-boost|p1a: Porygon-Z|spd|1|[zeffect]\n|-boost|p1a: Porygon-Z|spe|1|[zeffect]\n|-start|p1a: Porygon-Z|typechange|Ghost\n|move|p2a: Slowbro|Drain Punch|p1a: Porygon-Z\n|-immune|p1a: Porygon-Z\n|\n|upkeep\n|turn|14\n|c|\u2606GameBored|:0\n|c|\u2606GameBored|a plot twist\n|\n|t:|1701032140\n|move|p1a: Porygon-Z|Ice Beam|p2a: Slowbro\n|-supereffective|p2a: Slowbro\n|-damage|p2a: Slowbro|0 fnt\n|faint|p2a: Slowbro\n|\n|upkeep\n|\n|t:|1701032143\n|switch|p2a: Grimmsnarl|Grimmsnarl, M, shiny|100\/100\n|turn|15\n|c|\u2606cerdicactus|Ok\n|c|\u2606cerdicactus|now we can game\n|c|\u2606GameBored|plot armor fr\n|\n|t:|1701032149\n|move|p2a: Grimmsnarl|Light Screen|p2a: Grimmsnarl\n|-sidestart|p2: GameBored|move: Light Screen\n|move|p1a: Porygon-Z|Ice Beam|p2a: Grimmsnarl\n|-damage|p2a: Grimmsnarl|81\/100\n|\n|upkeep\n|turn|16\n|c|\u2606cerdicactus|*wut*\n|\n|t:|1701032160\n|move|p2a: Grimmsnarl|Reflect|p2a: Grimmsnarl\n|-sidestart|p2: GameBored|Reflect\n|move|p1a: Porygon-Z|Shadow Ball|p2a: Grimmsnarl\n|-resisted|p2a: Grimmsnarl\n|-damage|p2a: Grimmsnarl|65\/100\n|\n|upkeep\n|turn|17\n|\n|t:|1701032165\n|switch|p2a: Sharpedo|Sharpedo, M, shiny|100\/100\n|move|p1a: Porygon-Z|Shadow Ball|p2a: Sharpedo\n|-resisted|p2a: Sharpedo\n|-damage|p2a: Sharpedo|47\/100\n|-unboost|p2a: Sharpedo|spd|1\n|\n|upkeep\n|turn|18\n|\n|t:|1701032171\n|move|p2a: Sharpedo|Protect|p2a: Sharpedo\n|-singleturn|p2a: Sharpedo|Protect\n|move|p1a: Porygon-Z|Thunderbolt|p2a: Sharpedo\n|-activate|p2a: Sharpedo|move: Protect\n|\n|-ability|p2a: Sharpedo|Speed Boost|boost\n|-boost|p2a: Sharpedo|spe|1\n|upkeep\n|turn|19\n|\n|t:|1701032178\n|detailschange|p2a: Sharpedo|Sharpedo-Mega, M, shiny\n|-mega|p2a: Sharpedo|Sharpedo|Sharpedonite\n|move|p2a: Sharpedo|Crunch|p1a: Porygon-Z\n|-supereffective|p1a: Porygon-Z\n|-crit|p1a: Porygon-Z\n|-damage|p1a: Porygon-Z|0 fnt\n|faint|p1a: Porygon-Z\n|\n|-sideend|p1: cerdicactus|Reflect\n|upkeep\n|c|\u2606cerdicactus|dammit\n|\n|t:|1701032185\n|switch|p1a: Dragonite|Dragonite, F|100\/100\n|turn|20\n|c|\u2606GameBored|damn\n|\n|t:|1701032188\n|switch|p2a: Cofagrigus|Cofagrigus, M, shiny|100\/100\n|-terastallize|p1a: Dragonite|Normal\n|move|p1a: Dragonite|Extreme Speed|p2a: Cofagrigus\n|-immune|p2a: Cofagrigus\n|\n|upkeep\n|turn|21\n|c|\u2606cerdicactus|I\n|c|\u2606cerdicactus|clearly you are the protagonist\n|c|\u2606cerdicactus|welp\n|c|\u2606cerdicactus|gg\n|\n|t:|1701032203\n|move|p1a: Dragonite|Dragon Dance|p1a: Dragonite\n|-boost|p1a: Dragonite|atk|1\n|-boost|p1a: Dragonite|spe|1\n|move|p2a: Cofagrigus|Will-O-Wisp|p1a: Dragonite\n|-status|p1a: Dragonite|brn\n|-enditem|p1a: Dragonite|Lum Berry|[eat]\n|-curestatus|p1a: Dragonite|brn|[msg]\n|\n|upkeep\n|turn|22\n|c|\u2606GameBored|nah man i'm a side character\n|\n|t:|1701032210\n|move|p1a: Dragonite|Outrage|p2a: Cofagrigus\n|-damage|p2a: Cofagrigus|63\/100\n|-activate|p2a: Cofagrigus|ability: Mummy|Multiscale|[of] p1a: Dragonite\n|move|p2a: Cofagrigus|Will-O-Wisp|p1a: Dragonite\n|-status|p1a: Dragonite|brn\n|\n|-damage|p1a: Dragonite|94\/100 brn|[from] brn\n|-sideend|p2: GameBored|move: Light Screen\n|upkeep\n|turn|23\n|\n|t:|1701032216\n|move|p1a: Dragonite|Outrage|p2a: Cofagrigus|[from]lockedmove\n|-damage|p2a: Cofagrigus|45\/100\n|-start|p1a: Dragonite|confusion|[fatigue]\n|move|p2a: Cofagrigus|Haze|p2a: Cofagrigus\n|-clearallboost\n|\n|-damage|p1a: Dragonite|88\/100 brn|[from] brn\n|-sideend|p2: GameBored|Reflect\n|upkeep\n|turn|24\n|\n|t:|1701032220\n|-activate|p1a: Dragonite|confusion\n|move|p1a: Dragonite|Outrage|p2a: Cofagrigus\n|-damage|p2a: Cofagrigus|19\/100\n|move|p2a: Cofagrigus|Memento|p1a: Dragonite\n|-unboost|p1a: Dragonite|atk|2\n|-unboost|p1a: Dragonite|spa|2\n|faint|p2a: Cofagrigus\n|\n|-damage|p1a: Dragonite|82\/100 brn|[from] brn\n|upkeep\n|\n|t:|1701032228\n|switch|p2a: Toxtricity|Toxtricity, M, shiny|100\/100\n|turn|25\n|\n|t:|1701032231\n|-activate|p1a: Dragonite|confusion\n|move|p1a: Dragonite|Outrage|p2a: Toxtricity|[from]lockedmove\n|-damage|p2a: Toxtricity|75\/100\n|move|p2a: Toxtricity|Shift Gear|p2a: Toxtricity\n|-boost|p2a: Toxtricity|spe|2\n|-boost|p2a: Toxtricity|atk|1\n|\n|-damage|p1a: Dragonite|76\/100 brn|[from] brn\n|upkeep\n|turn|26\n|\n|t:|1701032237\n|-activate|p1a: Dragonite|confusion\n|-damage|p1a: Dragonite|67\/100 brn|[from] confusion\n|move|p2a: Toxtricity|Boomburst|p1a: Dragonite\n|-damage|p1a: Dragonite|0 fnt\n|faint|p1a: Dragonite\n|-enditem|p2a: Toxtricity|Throat Spray\n|\n|win|GameBored\n|raw|cerdicactus's rating: 1480 &rarr; <strong>1455<\/strong><br \/>(-25 for losing)\n|raw|GameBored's rating: 1385 &rarr; <strong>1410<\/strong><br \/>(+25 for winning)\n|c|\u2606cerdicactus|ouch\n|c|\u2606GameBored|ggs\n|c|\u2606cerdicactus|gg\n|c|\u2606GameBored|ruptured ear drums and 8 neck contusions\n","uploadtime":1701032246,"views":14,"p1id":"cerdicactus","p2id":"gamebored","formatid":"gen9nationaldex","rating":1410,"private":0,"password":""}