{"id":"gen9nationaldex-1988776821","p1":"loch2009","p2":"lzkgzjfsit","format":"[Gen 9] National Dex","log":"|j|\u2606loch2009\n|j|\u2606lzkgzjfsit\n|t:|1699761729\n|gametype|singles\n|player|p1|loch2009|lance|1105\n|player|p2|lzkgzjfsit|cynthia-masters|1040\n|teamsize|p1|6\n|teamsize|p2|6\n|gen|9\n|tier|[Gen 9] National Dex\n|rated|\n|rule|HP Percentage Mod: HP is shown in percentages\n|rule|Endless Battle Clause: Forcing endless battles is banned\n|rule|OHKO Clause: OHKO moves are banned\n|rule|Evasion Clause: Evasion abilities, items, and moves are banned\n|rule|Evasion Abilities Clause: Evasion abilities are banned\n|rule|Evasion Items Clause: Evasion items are banned\n|rule|Evasion Moves Clause: Evasion moves are banned\n|rule|Species Clause: Limit one of each Pok\u00e9mon\n|rule|Sleep Clause Mod: Limit one foe put to sleep\n|clearpoke\n|poke|p1|Milotic, F|\n|poke|p1|Bibarel, M|\n|poke|p1|Great Tusk|\n|poke|p1|Tapu Fini|\n|poke|p1|Gallade, M|\n|poke|p1|Accelgor, F|\n|poke|p2|Salamence, F|\n|poke|p2|Togekiss, M|\n|poke|p2|Golem, F|\n|poke|p2|Kartana|\n|poke|p2|Manectric, M|\n|poke|p2|Meowscarada, F|\n|teampreview\n|inactive|Battle timer is ON: inactive players will automatically lose when time's up. (requested by lzkgzjfsit)\n|c|\u2606loch2009|have fun\n|\n|t:|1699761751\n|start\n|switch|p1a: Accelgor|Accelgor, F|100\/100\n|switch|p2a: Meowscarada|Meowscarada, F|100\/100\n|turn|1\n|\n|t:|1699761764\n|move|p1a: Accelgor|Bug Buzz|p2a: Meowscarada\n|-supereffective|p2a: Meowscarada\n|-enditem|p2a: Meowscarada|Focus Sash\n|-damage|p2a: Meowscarada|1\/100\n|-enditem|p1a: Accelgor|Throat Spray\n|-boost|p1a: Accelgor|spa|1|[from] item: Throat Spray\n|move|p2a: Meowscarada|Toxic Spikes|p1a: Accelgor\n|-sidestart|p1: loch2009|move: Toxic Spikes\n|\n|upkeep\n|turn|2\n|\n|t:|1699761789\n|switch|p2a: Togekiss|Togekiss, M|100\/100\n|move|p1a: Accelgor|Water Shuriken|p2a: Togekiss\n|-damage|p2a: Togekiss|93\/100\n|-damage|p2a: Togekiss|86\/100\n|-damage|p2a: Togekiss|80\/100\n|-hitcount|p2a: Togekiss|3\n|\n|upkeep\n|turn|3\n|c|\u2606loch2009|am i gonna get flinched to death\n|\n|t:|1699761800\n|move|p1a: Accelgor|Sludge Bomb|p2a: Togekiss\n|-supereffective|p2a: Togekiss\n|-damage|p2a: Togekiss|0 fnt\n|faint|p2a: Togekiss\n|\n|upkeep\n|\n|t:|1699761811\n|switch|p2a: Manectric|Manectric, M|100\/100\n|turn|4\n|\n|t:|1699761831\n|detailschange|p2a: Manectric|Manectric-Mega, M\n|-mega|p2a: Manectric|Manectric|Manectite\n|-ability|p2a: Manectric|Intimidate|boost\n|-unboost|p1a: Accelgor|atk|1\n|move|p1a: Accelgor|Bug Buzz|p2a: Manectric\n|-damage|p2a: Manectric|7\/100\n|move|p2a: Manectric|Overheat|p1a: Accelgor\n|-supereffective|p1a: Accelgor\n|-damage|p1a: Accelgor|0 fnt\n|-unboost|p2a: Manectric|spa|2\n|faint|p1a: Accelgor\n|\n|upkeep\n|\n|t:|1699761840\n|switch|p1a: Great Tusk|Great Tusk|100\/100\n|-status|p1a: Great Tusk|psn\n|-enditem|p1a: Great Tusk|Booster Energy\n|-activate|p1a: Great Tusk|ability: Protosynthesis|[fromitem]\n|-start|p1a: Great Tusk|protosynthesisdef\n|turn|5\n|\n|t:|1699761857\n|switch|p2a: Kartana|Kartana|100\/100\n|move|p1a: Great Tusk|Rapid Spin|p2a: Kartana\n|-resisted|p2a: Kartana\n|-damage|p2a: Kartana|93\/100\n|-boost|p1a: Great Tusk|spe|1\n|-sideend|p1: loch2009|Toxic Spikes|[from] move: Rapid Spin|[of] p1a: Great Tusk\n|\n|-damage|p1a: Great Tusk|88\/100 psn|[from] psn\n|upkeep\n|turn|6\n|\n|t:|1699761868\n|move|p2a: Kartana|Leaf Blade|p1a: Great Tusk\n|-supereffective|p1a: Great Tusk\n|-damage|p1a: Great Tusk|34\/100 psn\n|-damage|p2a: Kartana|84\/100|[from] item: Life Orb\n|move|p1a: Great Tusk|Body Press|p2a: Kartana\n|-supereffective|p2a: Kartana\n|-damage|p2a: Kartana|0 fnt\n|faint|p2a: Kartana\n|\n|-damage|p1a: Great Tusk|22\/100 psn|[from] psn\n|upkeep\n|\n|t:|1699761882\n|switch|p2a: Meowscarada|Meowscarada, F|1\/100\n|turn|7\n|\n|t:|1699761887\n|move|p2a: Meowscarada|Flower Trick|p1a: Great Tusk\n|-supereffective|p1a: Great Tusk\n|-crit|p1a: Great Tusk\n|-damage|p1a: Great Tusk|0 fnt\n|faint|p1a: Great Tusk\n|-end|p1a: Great Tusk|Protosynthesis|[silent]\n|\n|upkeep\n|\n|t:|1699761893\n|switch|p1a: Tapu Fini|Tapu Fini|100\/100\n|-fieldstart|move: Misty Terrain|[from] ability: Misty Surge|[of] p1a: Tapu Fini\n|turn|8\n|\n|t:|1699761900\n|move|p1a: Tapu Fini|Moonblast|p2a: Meowscarada\n|-supereffective|p2a: Meowscarada\n|-damage|p2a: Meowscarada|0 fnt\n|faint|p2a: Meowscarada\n|\n|upkeep\n|\n|t:|1699761924\n|switch|p2a: Golem|Golem, F|100\/100\n|turn|9\n|\n|t:|1699761934\n|move|p1a: Tapu Fini|Moonblast|p2a: Golem\n|-damage|p2a: Golem|48\/100\n|move|p2a: Golem|Earthquake|p1a: Tapu Fini\n|-damage|p1a: Tapu Fini|39\/100\n|\n|upkeep\n|turn|10\n|\n|t:|1699761946\n|move|p1a: Tapu Fini|Moonblast|p2a: Golem\n|-damage|p2a: Golem|0 fnt\n|faint|p2a: Golem\n|\n|upkeep\n|\n|t:|1699761957\n|switch|p2a: Manectric|Manectric-Mega, M|7\/100\n|-ability|p2a: Manectric|Intimidate|boost\n|-unboost|p1a: Tapu Fini|atk|1\n|turn|11\n|-message|lzkgzjfsit forfeited.\n|\n|win|loch2009\n|raw|loch2009's rating: 1105 &rarr; <strong>1125<\/strong><br \/>(+20 for winning)\n|raw|lzkgzjfsit's rating: 1040 &rarr; <strong>1027<\/strong><br \/>(-13 for losing)\n|l|\u2606lzkgzjfsit\n|c|\u2606loch2009|gg\n","uploadtime":1699761966,"views":7,"p1id":"loch2009","p2id":"lzkgzjfsit","formatid":"gen9nationaldex","rating":1027,"private":0,"password":""}