{"id":"gen9nationaldex-1992279573","p1":"fdshfjksdfds","p2":"sea tea nine","format":"[Gen 9] National Dex","log":"|j|\u203dfdshfjksdfds\n|j|\u2606sea tea nine\n|t:|1700170382\n|gametype|singles\n|player|p1|fdshfjksdfds|dawn|1079\n|player|p2|sea tea nine|serena-masters3|1000\n|teamsize|p1|6\n|teamsize|p2|6\n|gen|9\n|tier|[Gen 9] National Dex\n|rated|\n|rule|HP Percentage Mod: HP is shown in percentages\n|rule|Endless Battle Clause: Forcing endless battles is banned\n|rule|OHKO Clause: OHKO moves are banned\n|rule|Evasion Clause: Evasion abilities, items, and moves are banned\n|rule|Evasion Abilities Clause: Evasion abilities are banned\n|rule|Evasion Items Clause: Evasion items are banned\n|rule|Evasion Moves Clause: Evasion moves are banned\n|rule|Species Clause: Limit one of each Pok\u00e9mon\n|rule|Sleep Clause Mod: Limit one foe put to sleep\n|clearpoke\n|poke|p1|Scream Tail|\n|poke|p1|Slowking-Galar, F|\n|poke|p1|Meowscarada, F|\n|poke|p1|Rotom-Wash|\n|poke|p1|Maushold|\n|poke|p1|Jirachi|\n|poke|p2|Blissey, F|\n|poke|p2|Dondozo, F|\n|poke|p2|Clodsire, F|\n|poke|p2|Corviknight, F|\n|poke|p2|Ting-Lu|\n|poke|p2|Clefable, M|\n|teampreview\n|inactive|Battle timer is ON: inactive players will automatically lose when time's up. (requested by sea tea nine)\n|\n|t:|1700170398\n|start\n|switch|p1a: Rotom|Rotom-Wash|100\/100\n|switch|p2a: Ting-Lu|Ting-Lu|100\/100\n|-ability|p2a: Ting-Lu|Vessel of Ruin\n|turn|1\n|\n|t:|1700170405\n|move|p1a: Rotom|Trick|p2a: Ting-Lu\n|-activate|p1a: Rotom|move: Trick|[of] p2a: Ting-Lu\n|-item|p2a: Ting-Lu|Choice Scarf|[from] move: Trick\n|-item|p1a: Rotom|Leftovers|[from] move: Trick\n|move|p2a: Ting-Lu|Stealth Rock|p1a: Rotom\n|-sidestart|p1: fdshfjksdfds|move: Stealth Rock\n|\n|upkeep\n|turn|2\n|\n|t:|1700170411\n|switch|p2a: Clefable|Clefable, M|100\/100\n|move|p1a: Rotom|Will-O-Wisp|p2a: Clefable\n|-status|p2a: Clefable|brn\n|\n|-damage|p2a: Clefable|94\/100 brn|[from] brn\n|upkeep\n|turn|3\n|\n|t:|1700170415\n|move|p1a: Rotom|Volt Switch|p2a: Clefable\n|-damage|p2a: Clefable|69\/100 brn\n|\n|t:|1700170419\n|switch|p1a: Slowking|Slowking-Galar, F|100\/100|[from] Volt Switch\n|-damage|p1a: Slowking|88\/100|[from] Stealth Rock\n|move|p2a: Clefable|Calm Mind|p2a: Clefable\n|-boost|p2a: Clefable|spa|1\n|-boost|p2a: Clefable|spd|1\n|\n|-damage|p2a: Clefable|63\/100 brn|[from] brn\n|upkeep\n|turn|4\n|\n|t:|1700170424\n|switch|p2a: Clodsire|Clodsire, F|100\/100\n|move|p1a: Slowking|Trick|p2a: Clodsire\n|-activate|p1a: Slowking|move: Trick|[of] p2a: Clodsire\n|-item|p2a: Clodsire|Choice Scarf|[from] move: Trick\n|-item|p1a: Slowking|Heavy-Duty Boots|[from] move: Trick\n|\n|upkeep\n|turn|5\n|\n|t:|1700170433\n|move|p2a: Clodsire|Spikes|p1a: Slowking\n|-sidestart|p1: fdshfjksdfds|Spikes\n|move|p1a: Slowking|Chilly Reception|p1a: Slowking\n|-weather|Snow\n|\n|t:|1700170441\n|switch|p1a: Maushold|Maushold|100\/100|[from] Chilly Reception\n|-damage|p1a: Maushold|88\/100|[from] Stealth Rock\n|-damage|p1a: Maushold|76\/100|[from] Spikes\n|\n|-weather|Snow|[upkeep]\n|upkeep\n|turn|6\n|\n|t:|1700170447\n|switch|p2a: Corviknight|Corviknight, F|100\/100\n|-ability|p2a: Corviknight|Pressure\n|move|p1a: Maushold|Tidy Up|p1a: Maushold\n|-sideend|p1: fdshfjksdfds|Spikes\n|-sideend|p1: fdshfjksdfds|Stealth Rock\n|-activate|p1a: Maushold|move: Tidy Up\n|-boost|p1a: Maushold|atk|1\n|-boost|p1a: Maushold|spe|1\n|\n|-weather|Snow|[upkeep]\n|upkeep\n|turn|7\n|\n|t:|1700170452\n|switch|p1a: Rotom|Rotom-Wash|100\/100\n|move|p2a: Corviknight|Body Press|p1a: Rotom\n|-damage|p1a: Rotom|78\/100\n|\n|-weather|Snow|[upkeep]\n|-heal|p1a: Rotom|84\/100|[from] item: Leftovers\n|upkeep\n|turn|8\n|\n|t:|1700170456\n|switch|p2a: Clodsire|Clodsire, F|100\/100\n|move|p1a: Rotom|Will-O-Wisp|p2a: Clodsire\n|-status|p2a: Clodsire|brn\n|\n|-weather|Snow|[upkeep]\n|-heal|p1a: Rotom|90\/100|[from] item: Leftovers\n|-damage|p2a: Clodsire|94\/100 brn|[from] brn\n|upkeep\n|turn|9\n|\n|t:|1700170461\n|switch|p1a: Maushold|Maushold|76\/100\n|-terastallize|p2a: Clodsire|Dark\n|move|p2a: Clodsire|Toxic|p1a: Maushold\n|-status|p1a: Maushold|tox\n|\n|-weather|none\n|-damage|p1a: Maushold|69\/100 tox|[from] psn\n|-damage|p2a: Clodsire|88\/100 brn|[from] brn\n|upkeep\n|turn|10\n|\n|t:|1700170467\n|switch|p1a: Meowscarada|Meowscarada, F|100\/100\n|switch|p2a: Corviknight|Corviknight, F|100\/100\n|-ability|p2a: Corviknight|Pressure\n|\n|upkeep\n|turn|11\n|\n|t:|1700170471\n|move|p1a: Meowscarada|Trick|p2a: Corviknight\n|-start|p1a: Meowscarada|typechange|Psychic|[from] ability: Protean\n|-activate|p1a: Meowscarada|move: Trick|[of] p2a: Corviknight\n|-item|p2a: Corviknight|Choice Band|[from] move: Trick\n|-item|p1a: Meowscarada|Rocky Helmet|[from] move: Trick\n|move|p2a: Corviknight|Iron Defense|p2a: Corviknight\n|-boost|p2a: Corviknight|def|2\n|\n|upkeep\n|turn|12\n|\n|t:|1700170489\n|switch|p2a: Ting-Lu|Ting-Lu|100\/100\n|-ability|p2a: Ting-Lu|Vessel of Ruin\n|move|p1a: Meowscarada|Flower Trick|p2a: Ting-Lu\n|-supereffective|p2a: Ting-Lu\n|-crit|p2a: Ting-Lu\n|-damage|p2a: Ting-Lu|65\/100\n|\n|upkeep\n|turn|13\n|\n|t:|1700170498\n|switch|p2a: Corviknight|Corviknight, F|100\/100\n|-ability|p2a: Corviknight|Pressure\n|move|p1a: Meowscarada|Flower Trick|p2a: Corviknight\n|-resisted|p2a: Corviknight\n|-crit|p2a: Corviknight\n|-damage|p2a: Corviknight|95\/100\n|\n|upkeep\n|turn|14\n|\n|t:|1700170507\n|move|p1a: Meowscarada|U-turn|p2a: Corviknight\n|-resisted|p2a: Corviknight\n|-damage|p2a: Corviknight|91\/100\n|\n|t:|1700170509\n|switch|p1a: Rotom|Rotom-Wash|90\/100|[from] U-turn\n|move|p2a: Corviknight|Body Press|p1a: Rotom\n|-damage|p1a: Rotom|61\/100\n|\n|-heal|p1a: Rotom|67\/100|[from] item: Leftovers\n|upkeep\n|turn|15\n|\n|t:|1700170515\n|switch|p1a: Slowking|Slowking-Galar, F|100\/100\n|switch|p2a: Clodsire|Clodsire, F, tera:Dark|88\/100 brn\n|\n|-damage|p2a: Clodsire|82\/100 brn|[from] brn\n|upkeep\n|turn|16\n|\n|t:|1700170519\n|move|p2a: Clodsire|Spikes|p1a: Slowking\n|-sidestart|p1: fdshfjksdfds|Spikes\n|move|p1a: Slowking|Sludge Bomb|p2a: Clodsire\n|-damage|p2a: Clodsire|63\/100 brn\n|\n|-damage|p2a: Clodsire|57\/100 brn|[from] brn\n|upkeep\n|turn|17\n|\n|t:|1700170523\n|move|p2a: Clodsire|Spikes|p1a: Slowking\n|-sidestart|p1: fdshfjksdfds|Spikes\n|move|p1a: Slowking|Chilly Reception|p1a: Slowking\n|-weather|Snow\n|\n|t:|1700170526\n|switch|p1a: Meowscarada|Meowscarada, F|100\/100|[from] Chilly Reception\n|-damage|p1a: Meowscarada|84\/100|[from] Spikes\n|\n|-weather|Snow|[upkeep]\n|-damage|p2a: Clodsire|50\/100 brn|[from] brn\n|upkeep\n|turn|18\n|\n|t:|1700170534\n|switch|p2a: Corviknight|Corviknight, F|91\/100\n|-ability|p2a: Corviknight|Pressure\n|move|p1a: Meowscarada|U-turn|p2a: Corviknight\n|-start|p1a: Meowscarada|typechange|Bug|[from] ability: Protean\n|-resisted|p2a: Corviknight\n|-damage|p2a: Corviknight|85\/100\n|\n|t:|1700170536\n|switch|p1a: Rotom|Rotom-Wash|67\/100|[from] U-turn\n|\n|-weather|Snow|[upkeep]\n|-heal|p1a: Rotom|73\/100|[from] item: Leftovers\n|upkeep\n|turn|19\n|inactive|sea tea nine has 120 seconds left.\n|-message|sea tea nine forfeited.\n|\n|win|fdshfjksdfds\n|raw|fdshfjksdfds's rating: 1131 &rarr; <strong>1147<\/strong><br \/>(+16 for winning)\n|raw|sea tea nine's rating: 1000 &rarr; <strong>1000<\/strong><br \/>(+0 for losing)\n|l|\u2606sea tea nine\n|c|\u203dfdshfjksdfds|\/log fdshfjksdfds made this room public.\n","uploadtime":1700170577,"views":4,"p1id":"fdshfjksdfds","p2id":"seateanine","formatid":"gen9nationaldex","rating":1000,"private":0,"password":""}