{"id":"gen9nationaldex-1993882042","p1":"daybreak wave2","p2":"SrCrosss","format":"[Gen 9] National Dex","log":"|j|\u2606daybreak wave2\n|j|\u2606SrCrosss\n|t:|1700369532\n|gametype|singles\n|player|p1|daybreak wave2|lillie-masters2|1382\n|player|p2|SrCrosss|blackbelt-gen4dp|1418\n|teamsize|p1|6\n|teamsize|p2|6\n|gen|9\n|tier|[Gen 9] National Dex\n|rated|\n|rule|HP Percentage Mod: HP is shown in percentages\n|rule|Endless Battle Clause: Forcing endless battles is banned\n|rule|OHKO Clause: OHKO moves are banned\n|rule|Evasion Clause: Evasion abilities, items, and moves are banned\n|rule|Evasion Abilities Clause: Evasion abilities are banned\n|rule|Evasion Items Clause: Evasion items are banned\n|rule|Evasion Moves Clause: Evasion moves are banned\n|rule|Species Clause: Limit one of each Pok\u00e9mon\n|rule|Sleep Clause Mod: Limit one foe put to sleep\n|clearpoke\n|poke|p1|Pinsir, M|\n|poke|p1|Aegislash, F|\n|poke|p1|Ogerpon-Wellspring, F|\n|poke|p1|Moltres|\n|poke|p1|Electrode-Hisui|\n|poke|p1|Clodsire, M|\n|poke|p2|Pelipper, M|\n|poke|p2|Swampert, F|\n|poke|p2|Barraskewda, F|\n|poke|p2|Zapdos|\n|poke|p2|Armarouge, F|\n|poke|p2|Tornadus-Therian, M|\n|teampreview\n|inactive|Battle timer is ON: inactive players will automatically lose when time's up. (requested by SrCrosss)\n|\n|t:|1700369555\n|start\n|switch|p1a: \u6d1b\u6258\u59c6-\u5207\u5272|Electrode-Hisui|100\/100\n|switch|p2a: Pelipper|Pelipper, M|100\/100\n|-weather|RainDance|[from] ability: Drizzle|[of] p2a: Pelipper\n|turn|1\n|\n|t:|1700369562\n|switch|p2a: Armarouge|Armarouge, F|100\/100\n|move|p1a: \u6d1b\u6258\u59c6-\u5207\u5272|Leaf Storm|p2a: Armarouge|[miss]\n|-miss|p1a: \u6d1b\u6258\u59c6-\u5207\u5272|p2a: Armarouge\n|\n|-weather|RainDance|[upkeep]\n|upkeep\n|turn|2\n|\n|t:|1700369574\n|switch|p1a: \u6c34\u72f1\u5352|Ogerpon-Wellspring, F|100\/100\n|move|p2a: Armarouge|Armor Cannon|p1a: \u6c34\u72f1\u5352\n|-damage|p1a: \u6c34\u72f1\u5352|61\/100\n|-unboost|p2a: Armarouge|def|1\n|-unboost|p2a: Armarouge|spd|1\n|\n|-weather|RainDance|[upkeep]\n|upkeep\n|turn|3\n|\n|t:|1700369590\n|switch|p2a: Tornadus|Tornadus-Therian, M|100\/100\n|move|p1a: \u6c34\u72f1\u5352|Ivy Cudgel|p2a: Tornadus|[anim] Ivy Cudgel Water\n|-damage|p2a: Tornadus|0 fnt\n|faint|p2a: Tornadus\n|\n|-weather|RainDance|[upkeep]\n|upkeep\n|inactive|SrCrosss has 120 seconds left.\n|\n|t:|1700369616\n|switch|p2a: Zapdos|Zapdos|100\/100\n|turn|4\n|\n|t:|1700369630\n|switch|p1a: \u571f~\u2191\u738b|Clodsire, M|100\/100\n|move|p2a: Zapdos|Hurricane|p1a: \u571f~\u2191\u738b\n|-damage|p1a: \u571f~\u2191\u738b|59\/100\n|\n|-weather|RainDance|[upkeep]\n|upkeep\n|turn|5\n|\n|t:|1700369646\n|move|p2a: Zapdos|Hurricane|p1a: \u571f~\u2191\u738b\n|-damage|p1a: \u571f~\u2191\u738b|12\/100\n|move|p1a: \u571f~\u2191\u738b|Recover|p1a: \u571f~\u2191\u738b\n|-heal|p1a: \u571f~\u2191\u738b|62\/100\n|\n|-weather|RainDance|[upkeep]\n|upkeep\n|turn|6\n|\n|t:|1700369652\n|move|p2a: Zapdos|Hurricane|p1a: \u571f~\u2191\u738b\n|-damage|p1a: \u571f~\u2191\u738b|19\/100\n|move|p1a: \u571f~\u2191\u738b|Stealth Rock|p2a: Zapdos\n|-sidestart|p2: SrCrosss|move: Stealth Rock\n|\n|-weather|RainDance|[upkeep]\n|upkeep\n|turn|7\n|\n|t:|1700369664\n|switch|p1a: \u585e\u8c6a\u5bcc|Aegislash, F, shiny|100\/100\n|move|p2a: Zapdos|Hurricane|p1a: \u585e\u8c6a\u5bcc\n|-resisted|p1a: \u585e\u8c6a\u5bcc\n|-damage|p1a: \u585e\u8c6a\u5bcc|70\/100\n|-start|p1a: \u585e\u8c6a\u5bcc|confusion\n|\n|-weather|RainDance|[upkeep]\n|upkeep\n|turn|8\n|\n|t:|1700369673\n|move|p2a: Zapdos|Hurricane|p1a: \u585e\u8c6a\u5bcc\n|-resisted|p1a: \u585e\u8c6a\u5bcc\n|-damage|p1a: \u585e\u8c6a\u5bcc|40\/100\n|-activate|p1a: \u585e\u8c6a\u5bcc|confusion\n|-damage|p1a: \u585e\u8c6a\u5bcc|35\/100|[from] confusion\n|\n|-weather|none\n|upkeep\n|turn|9\n|\n|t:|1700369680\n|switch|p2a: Pelipper|Pelipper, M|100\/100\n|-damage|p2a: Pelipper|76\/100|[from] Stealth Rock\n|-weather|RainDance|[from] ability: Drizzle|[of] p2a: Pelipper\n|-activate|p1a: \u585e\u8c6a\u5bcc|confusion\n|-zpower|p1a: \u585e\u8c6a\u5bcc\n|-formechange|p1a: \u585e\u8c6a\u5bcc|Aegislash-Blade||[from] ability: Stance Change\n|move|p1a: \u585e\u8c6a\u5bcc|Never-Ending Nightmare|p2a: Pelipper|[zeffect]\n|-damage|p2a: Pelipper|0 fnt\n|faint|p2a: Pelipper\n|\n|-weather|RainDance|[upkeep]\n|upkeep\n|inactive|SrCrosss has 120 seconds left.\n|\n|t:|1700369723\n|switch|p2a: Swampert|Swampert, F|100\/100\n|-damage|p2a: Swampert|94\/100|[from] Stealth Rock\n|turn|10\n|\n|t:|1700369730\n|detailschange|p2a: Swampert|Swampert-Mega, F\n|-mega|p2a: Swampert|Swampert|Swampertite\n|-end|p1a: \u585e\u8c6a\u5bcc|confusion\n|-formechange|p1a: \u585e\u8c6a\u5bcc|Aegislash||[from] ability: Stance Change\n|move|p1a: \u585e\u8c6a\u5bcc|King's Shield|p1a: \u585e\u8c6a\u5bcc\n|-singleturn|p1a: \u585e\u8c6a\u5bcc|Protect\n|move|p2a: Swampert|Earthquake|p1a: \u585e\u8c6a\u5bcc\n|-activate|p1a: \u585e\u8c6a\u5bcc|move: Protect\n|\n|-weather|RainDance|[upkeep]\n|upkeep\n|turn|11\n|inactive|SrCrosss has 120 seconds left.\n|\n|t:|1700369752\n|switch|p1a: \u6c34\u72f1\u5352|Ogerpon-Wellspring, F|61\/100\n|move|p2a: Swampert|Flip Turn|p1a: \u6c34\u72f1\u5352\n|-heal|p1a: \u6c34\u72f1\u5352|86\/100|[from] ability: Water Absorb|[of] p2a: Swampert\n|\n|-weather|RainDance|[upkeep]\n|upkeep\n|turn|12\n|inactive|SrCrosss has 120 seconds left.\n|\n|t:|1700369764\n|move|p2a: Swampert|Superpower|p1a: \u6c34\u72f1\u5352\n|-damage|p1a: \u6c34\u72f1\u5352|19\/100\n|-unboost|p2a: Swampert|atk|1\n|-unboost|p2a: Swampert|def|1\n|move|p1a: \u6c34\u72f1\u5352|Ivy Cudgel|p2a: Swampert|[anim] Ivy Cudgel Water\n|-damage|p2a: Swampert|0 fnt\n|faint|p2a: Swampert\n|\n|-weather|RainDance|[upkeep]\n|upkeep\n|inactive|SrCrosss has 120 seconds left.\n|\n|t:|1700369774\n|switch|p2a: Barraskewda|Barraskewda, F|100\/100\n|-damage|p2a: Barraskewda|88\/100|[from] Stealth Rock\n|turn|13\n|\n|t:|1700369781\n|switch|p1a: \u585e\u8c6a\u5bcc|Aegislash, F, shiny|35\/100\n|move|p2a: Barraskewda|Psychic Fangs|p1a: \u585e\u8c6a\u5bcc\n|-resisted|p1a: \u585e\u8c6a\u5bcc\n|-damage|p1a: \u585e\u8c6a\u5bcc|15\/100\n|\n|-weather|RainDance|[upkeep]\n|upkeep\n|turn|14\n|\n|t:|1700369787\n|move|p1a: \u585e\u8c6a\u5bcc|King's Shield|p1a: \u585e\u8c6a\u5bcc\n|-singleturn|p1a: \u585e\u8c6a\u5bcc|Protect\n|move|p2a: Barraskewda|Psychic Fangs|p1a: \u585e\u8c6a\u5bcc\n|-activate|p1a: \u585e\u8c6a\u5bcc|move: Protect\n|-unboost|p2a: Barraskewda|atk|1\n|\n|-weather|RainDance|[upkeep]\n|upkeep\n|turn|15\n|\n|t:|1700369795\n|switch|p2a: Armarouge|Armarouge, F|100\/100\n|-formechange|p1a: \u585e\u8c6a\u5bcc|Aegislash-Blade||[from] ability: Stance Change\n|move|p1a: \u585e\u8c6a\u5bcc|Shadow Ball|p2a: Armarouge\n|-supereffective|p2a: Armarouge\n|-damage|p2a: Armarouge|4\/100\n|\n|-weather|RainDance|[upkeep]\n|upkeep\n|turn|16\n|-message|SrCrosss forfeited.\n|\n|win|daybreak wave2\n|raw|daybreak wave2's rating: 1382 &rarr; <strong>1404<\/strong><br \/>(+22 for winning)\n|raw|SrCrosss's rating: 1418 &rarr; <strong>1396<\/strong><br \/>(-22 for losing)\n|l|\u2606SrCrosss\n","uploadtime":1700369806,"views":7,"p1id":"daybreakwave2","p2id":"srcrosss","formatid":"gen9nationaldex","rating":1396,"private":0,"password":""}