{"id":"gen9nationaldex-1991819087","p1":"zaizaipo","p2":"CebollitaSubCamp","format":"[Gen 9] National Dex","log":"|j|\u2606zaizaipo\n|j|\u2606CebollitaSubCamp\n|t:|1700123045\n|gametype|singles\n|player|p1|zaizaipo|101|1249\n|player|p2|CebollitaSubCamp|officeworkerf-gen9|1301\n|teamsize|p1|6\n|teamsize|p2|6\n|gen|9\n|tier|[Gen 9] National Dex\n|rated|\n|rule|HP Percentage Mod: HP is shown in percentages\n|rule|Endless Battle Clause: Forcing endless battles is banned\n|rule|OHKO Clause: OHKO moves are banned\n|rule|Evasion Clause: Evasion abilities, items, and moves are banned\n|rule|Evasion Abilities Clause: Evasion abilities are banned\n|rule|Evasion Items Clause: Evasion items are banned\n|rule|Evasion Moves Clause: Evasion moves are banned\n|rule|Species Clause: Limit one of each Pok\u00e9mon\n|rule|Sleep Clause Mod: Limit one foe put to sleep\n|clearpoke\n|poke|p1|Sudowoodo, M|\n|poke|p1|Shiftry, F|\n|poke|p1|Corviknight, F|\n|poke|p1|Swampert, F|\n|poke|p1|Pelipper, M|\n|poke|p1|Ogerpon, F|\n|poke|p2|Great Tusk|\n|poke|p2|Darmanitan, M|\n|poke|p2|Torkoal, M|\n|poke|p2|Scream Tail|\n|poke|p2|Charizard, M|\n|poke|p2|Ogerpon-Wellspring, F|\n|teampreview\n|inactive|Battle timer is ON: inactive players will automatically lose when time's up. (requested by CebollitaSubCamp)\n|\n|t:|1700123049\n|start\n|switch|p1a: Sudowoodo|Sudowoodo, M, shiny|100\/100\n|switch|p2a: Torkoal|Torkoal, M|100\/100\n|-weather|SunnyDay|[from] ability: Drought|[of] p2a: Torkoal\n|turn|1\n|\n|t:|1700123055\n|switch|p2a: Scream Tail|Scream Tail|100\/100\n|-activate|p2a: Scream Tail|ability: Protosynthesis\n|-start|p2a: Scream Tail|protosynthesisspe\n|move|p1a: Sudowoodo|Stealth Rock|p2a: Scream Tail\n|-sidestart|p2: CebollitaSubCamp|move: Stealth Rock\n|\n|-weather|SunnyDay|[upkeep]\n|upkeep\n|turn|2\n|\n|t:|1700123065\n|switch|p1a: Shiftry|Shiftry, F, shiny|100\/100\n|move|p2a: Scream Tail|Reflect|p2a: Scream Tail\n|-sidestart|p2: CebollitaSubCamp|Reflect\n|\n|-weather|SunnyDay|[upkeep]\n|upkeep\n|turn|3\n|\n|t:|1700123072\n|move|p2a: Scream Tail|Light Screen|p2a: Scream Tail\n|-sidestart|p2: CebollitaSubCamp|move: Light Screen\n|move|p1a: Shiftry|Tailwind|p1a: Shiftry\n|-sidestart|p1: zaizaipo|move: Tailwind\n|-ability|p1a: Shiftry|Wind Rider|boost\n|-boost|p1a: Shiftry|atk|1\n|\n|-weather|SunnyDay|[upkeep]\n|upkeep\n|turn|4\n|\n|t:|1700123077\n|move|p2a: Scream Tail|Dazzling Gleam|p1a: Shiftry\n|-supereffective|p1a: Shiftry\n|-damage|p1a: Shiftry|39\/100\n|move|p1a: Shiftry|Knock Off|p2a: Scream Tail\n|-damage|p2a: Scream Tail|74\/100\n|-enditem|p2a: Scream Tail|Light Clay|[from] move: Knock Off|[of] p1a: Shiftry\n|\n|-weather|SunnyDay|[upkeep]\n|upkeep\n|turn|5\n|\n|t:|1700123085\n|move|p2a: Scream Tail|Dazzling Gleam|p1a: Shiftry\n|-supereffective|p1a: Shiftry\n|-damage|p1a: Shiftry|0 fnt\n|faint|p1a: Shiftry\n|\n|-weather|SunnyDay|[upkeep]\n|upkeep\n|\n|t:|1700123092\n|switch|p1a: Ogerpon|Ogerpon, F|100\/100\n|turn|6\n|\n|t:|1700123096\n|-zpower|p1a: Ogerpon\n|move|p1a: Ogerpon|Bloom Doom|p2a: Scream Tail|[zeffect]\n|-damage|p2a: Scream Tail|41\/100\n|move|p2a: Scream Tail|Wish|p2a: Scream Tail\n|\n|-weather|SunnyDay|[upkeep]\n|-sideend|p1: zaizaipo|move: Tailwind\n|upkeep\n|turn|7\n|\n|t:|1700123108\n|-end|p2a: Scream Tail|Protosynthesis|[silent]\n|switch|p2a: Darmanitan|Darmanitan, M|100\/100\n|-damage|p2a: Darmanitan|76\/100|[from] Stealth Rock\n|move|p1a: Ogerpon|U-turn|p2a: Darmanitan\n|-resisted|p2a: Darmanitan\n|-damage|p2a: Darmanitan|66\/100\n|\n|t:|1700123117\n|switch|p1a: Pelipper|Pelipper, M|100\/100|[from] U-turn\n|-weather|RainDance|[from] ability: Drizzle|[of] p1a: Pelipper\n|\n|-weather|RainDance|[upkeep]\n|-heal|p2a: Darmanitan|100\/100|[from] move: Wish|[wisher] Scream Tail\n|upkeep\n|turn|8\n|\n|t:|1700123125\n|move|p2a: Darmanitan|U-turn|p1a: Pelipper\n|-resisted|p1a: Pelipper\n|-damage|p1a: Pelipper|91\/100\n|\n|t:|1700123128\n|switch|p2a: Torkoal|Torkoal, M|100\/100|[from] U-turn\n|-damage|p2a: Torkoal|76\/100|[from] Stealth Rock\n|-weather|SunnyDay|[from] ability: Drought|[of] p2a: Torkoal\n|move|p1a: Pelipper|Weather Ball|p2a: Torkoal\n|-resisted|p2a: Torkoal\n|-damage|p2a: Torkoal|64\/100\n|\n|-weather|SunnyDay|[upkeep]\n|upkeep\n|turn|9\n|\n|t:|1700123138\n|switch|p2a: Great Tusk|Great Tusk|100\/100\n|-activate|p2a: Great Tusk|ability: Protosynthesis\n|-start|p2a: Great Tusk|protosynthesisatk\n|move|p1a: Pelipper|U-turn|p2a: Great Tusk\n|-resisted|p2a: Great Tusk\n|-damage|p2a: Great Tusk|99\/100\n|\n|t:|1700123149\n|switch|p1a: Swampert|Swampert, F|100\/100|[from] U-turn\n|\n|-weather|SunnyDay|[upkeep]\n|-sideend|p2: CebollitaSubCamp|Reflect\n|upkeep\n|turn|10\n|\n|t:|1700123156\n|detailschange|p1a: Swampert|Swampert-Mega, F\n|-mega|p1a: Swampert|Swampert|Swampertite\n|move|p2a: Great Tusk|Rapid Spin|p1a: Swampert\n|-damage|p1a: Swampert|80\/100\n|-boost|p2a: Great Tusk|spe|1\n|-sideend|p2: CebollitaSubCamp|Stealth Rock|[from] move: Rapid Spin|[of] p2a: Great Tusk\n|move|p1a: Swampert|Rain Dance|p1a: Swampert\n|-weather|RainDance\n|-end|p2a: Great Tusk|Protosynthesis\n|\n|-weather|RainDance|[upkeep]\n|-sideend|p2: CebollitaSubCamp|move: Light Screen\n|upkeep\n|turn|11\n|\n|t:|1700123166\n|-end|p2a: Great Tusk|Protosynthesis|[silent]\n|switch|p2a: Ogerpon|Ogerpon-Wellspring, F|100\/100\n|move|p1a: Swampert|Liquidation|p2a: Ogerpon\n|-immune|p2a: Ogerpon|[from] ability: Water Absorb\n|\n|-weather|RainDance|[upkeep]\n|upkeep\n|turn|12\n|\n|t:|1700123177\n|switch|p1a: Corviknight|Corviknight, F, shiny|100\/100\n|move|p2a: Ogerpon|Ivy Cudgel|p1a: Corviknight|[anim] Ivy Cudgel Water\n|-damage|p1a: Corviknight|25\/100\n|\n|-weather|RainDance|[upkeep]\n|upkeep\n|turn|13\n|\n|t:|1700123189\n|move|p2a: Ogerpon|Ivy Cudgel|p1a: Corviknight|[anim] Ivy Cudgel Water\n|-crit|p1a: Corviknight\n|-damage|p1a: Corviknight|0 fnt\n|faint|p1a: Corviknight\n|\n|-weather|RainDance|[upkeep]\n|upkeep\n|\n|t:|1700123195\n|switch|p1a: Sudowoodo|Sudowoodo, M, shiny|100\/100\n|turn|14\n|\n|t:|1700123199\n|switch|p2a: Torkoal|Torkoal, M|64\/100\n|-weather|SunnyDay|[from] ability: Drought|[of] p2a: Torkoal\n|move|p1a: Sudowoodo|Counter||[still]\n|-fail|p1a: Sudowoodo\n|\n|-weather|SunnyDay|[upkeep]\n|upkeep\n|turn|15\n|\n|t:|1700123209\n|switch|p2a: Charizard|Charizard, M|100\/100\n|move|p1a: Sudowoodo|Stealth Rock|p2a: Charizard\n|-sidestart|p2: CebollitaSubCamp|move: Stealth Rock\n|\n|-weather|SunnyDay|[upkeep]\n|upkeep\n|turn|16\n|\n|t:|1700123216\n|detailschange|p2a: Charizard|Charizard-Mega-Y, M\n|-mega|p2a: Charizard|Charizard|Charizardite Y\n|move|p2a: Charizard|Scorching Sands|p1a: Sudowoodo\n|-supereffective|p1a: Sudowoodo\n|-damage|p1a: Sudowoodo|3\/100\n|-status|p1a: Sudowoodo|brn\n|move|p1a: Sudowoodo|Explosion|p2a: Charizard\n|-damage|p2a: Charizard|47\/100\n|faint|p1a: Sudowoodo\n|\n|-weather|SunnyDay|[upkeep]\n|upkeep\n|\n|t:|1700123226\n|switch|p1a: Pelipper|Pelipper, M|91\/100\n|-weather|RainDance|[from] ability: Drizzle|[of] p1a: Pelipper\n|turn|17\n|\n|t:|1700123236\n|switch|p2a: Torkoal|Torkoal, M|64\/100\n|-damage|p2a: Torkoal|39\/100|[from] Stealth Rock\n|-weather|SunnyDay|[from] ability: Drought|[of] p2a: Torkoal\n|move|p1a: Pelipper|U-turn|p2a: Torkoal\n|-resisted|p2a: Torkoal\n|-damage|p2a: Torkoal|37\/100\n|\n|t:|1700123243\n|switch|p1a: Swampert|Swampert-Mega, F|80\/100|[from] U-turn\n|\n|-weather|SunnyDay|[upkeep]\n|upkeep\n|turn|18\n|\n|t:|1700123248\n|move|p1a: Swampert|Rain Dance|p1a: Swampert\n|-weather|RainDance\n|move|p2a: Torkoal|Yawn|p1a: Swampert\n|-start|p1a: Swampert|move: Yawn|[of] p2a: Torkoal\n|\n|-weather|RainDance|[upkeep]\n|upkeep\n|turn|19\n|\n|t:|1700123254\n|switch|p1a: Ogerpon|Ogerpon, F|100\/100\n|switch|p2a: Ogerpon|Ogerpon-Wellspring, F|100\/100\n|-damage|p2a: Ogerpon|88\/100|[from] Stealth Rock\n|\n|-weather|RainDance|[upkeep]\n|upkeep\n|turn|20\n|\n|t:|1700123267\n|switch|p2a: Scream Tail|Scream Tail|41\/100\n|-damage|p2a: Scream Tail|29\/100|[from] Stealth Rock\n|move|p1a: Ogerpon|Swords Dance|p1a: Ogerpon\n|-boost|p1a: Ogerpon|atk|2\n|\n|-weather|RainDance|[upkeep]\n|upkeep\n|turn|21\n|\n|t:|1700123274\n|move|p2a: Scream Tail|Wish|p2a: Scream Tail\n|move|p1a: Ogerpon|Ivy Cudgel|p2a: Scream Tail\n|-damage|p2a: Scream Tail|0 fnt\n|faint|p2a: Scream Tail\n|-end|p2a: Scream Tail|Protosynthesis|[silent]\n|\n|-weather|RainDance|[upkeep]\n|upkeep\n|\n|t:|1700123277\n|switch|p2a: Torkoal|Torkoal, M|37\/100\n|-damage|p2a: Torkoal|12\/100|[from] Stealth Rock\n|-weather|SunnyDay|[from] ability: Drought|[of] p2a: Torkoal\n|turn|22\n|\n|t:|1700123291\n|move|p1a: Ogerpon|Ivy Cudgel|p2a: Torkoal\n|-resisted|p2a: Torkoal\n|-damage|p2a: Torkoal|0 fnt\n|faint|p2a: Torkoal\n|\n|-weather|SunnyDay|[upkeep]\n|upkeep\n|\n|t:|1700123297\n|switch|p2a: Darmanitan|Darmanitan, M|100\/100\n|-damage|p2a: Darmanitan|76\/100|[from] Stealth Rock\n|turn|23\n|\n|t:|1700123302\n|-terastallize|p2a: Darmanitan|Fire\n|move|p2a: Darmanitan|Flare Blitz|p1a: Ogerpon\n|-supereffective|p1a: Ogerpon\n|-damage|p1a: Ogerpon|0 fnt\n|faint|p1a: Ogerpon\n|-damage|p2a: Darmanitan|48\/100|[from] Recoil\n|\n|-weather|SunnyDay|[upkeep]\n|upkeep\n|\n|t:|1700123310\n|switch|p1a: Pelipper|Pelipper, M|91\/100\n|-weather|RainDance|[from] ability: Drizzle|[of] p1a: Pelipper\n|turn|24\n|\n|t:|1700123317\n|move|p2a: Darmanitan|Flare Blitz|p1a: Pelipper\n|-resisted|p1a: Pelipper\n|-damage|p1a: Pelipper|69\/100\n|-damage|p2a: Darmanitan|41\/100|[from] Recoil\n|move|p1a: Pelipper|Hurricane|p2a: Darmanitan\n|-damage|p2a: Darmanitan|0 fnt\n|faint|p2a: Darmanitan\n|\n|-weather|RainDance|[upkeep]\n|upkeep\n|\n|t:|1700123324\n|switch|p2a: Ogerpon|Ogerpon-Wellspring, F|88\/100\n|-damage|p2a: Ogerpon|76\/100|[from] Stealth Rock\n|turn|25\n|\n|t:|1700123329\n|move|p2a: Ogerpon|Ivy Cudgel|p1a: Pelipper|[anim] Ivy Cudgel Water\n|-resisted|p1a: Pelipper\n|-damage|p1a: Pelipper|37\/100\n|move|p1a: Pelipper|Hurricane|p2a: Ogerpon\n|-supereffective|p2a: Ogerpon\n|-damage|p2a: Ogerpon|0 fnt\n|faint|p2a: Ogerpon\n|\n|-weather|RainDance|[upkeep]\n|upkeep\n|\n|t:|1700123335\n|switch|p2a: Charizard|Charizard-Mega-Y, M|47\/100\n|-damage|p2a: Charizard|0 fnt|[from] Stealth Rock\n|faint|p2a: Charizard\n|-message|CebollitaSubCamp forfeited.\n|\n|win|zaizaipo\n|raw|zaizaipo's rating: 1249 &rarr; <strong>1278<\/strong><br \/>(+29 for winning)\n|raw|CebollitaSubCamp's rating: 1301 &rarr; <strong>1278<\/strong><br \/>(-23 for losing)\n|l|\u2606CebollitaSubCamp\n","uploadtime":1700123342,"views":5,"p1id":"zaizaipo","p2id":"cebollitasubcamp","formatid":"gen9nationaldex","rating":1278,"private":0,"password":""}