{"id":"gen9nationaldex-1992667979","p1":"shuichi420","p2":"Username2344","format":"[Gen 9] National Dex","log":"|j|\u2606shuichi420\n|j|\u2606Username2344\n|t:|1700222848\n|gametype|singles\n|player|p1|shuichi420|2|\n|player|p2|Username2344|pokemonranger-gen4|\n|teamsize|p1|6\n|teamsize|p2|6\n|gen|9\n|tier|[Gen 9] National Dex\n|rule|HP Percentage Mod: HP is shown in percentages\n|rule|Endless Battle Clause: Forcing endless battles is banned\n|rule|OHKO Clause: OHKO moves are banned\n|rule|Evasion Clause: Evasion abilities, items, and moves are banned\n|rule|Evasion Abilities Clause: Evasion abilities are banned\n|rule|Evasion Items Clause: Evasion items are banned\n|rule|Evasion Moves Clause: Evasion moves are banned\n|rule|Species Clause: Limit one of each Pok\u00e9mon\n|rule|Sleep Clause Mod: Limit one foe put to sleep\n|clearpoke\n|poke|p1|Infernape, F|\n|poke|p1|Urshifu-*, M|\n|poke|p1|Grimmsnarl, M|\n|poke|p1|Landorus-Therian, M|\n|poke|p1|Kartana|\n|poke|p1|Mawile, M|\n|poke|p2|Zapdos|\n|poke|p2|Great Tusk|\n|poke|p2|Toxapex, M|\n|poke|p2|Heatran, F|\n|poke|p2|Weavile, M|\n|poke|p2|Tapu Lele|\n|teampreview\n|j| i am a mcrib\n|j| Swagata2004\n|\n|t:|1700222903\n|start\n|switch|p1a: Grimmsnarl|Grimmsnarl, M|100\/100\n|switch|p2a: Great Tusk|Great Tusk|100\/100\n|turn|1\n|inactive|Battle timer is ON: inactive players will automatically lose when time's up. (requested by shuichi420)\n|inactive|Username2344 has 270 seconds left.\n|inactive|Username2344 has 240 seconds left.\n|\n|t:|1700222971\n|move|p1a: Grimmsnarl|Taunt|p2a: Great Tusk\n|-start|p2a: Great Tusk|move: Taunt\n|move|p2a: Great Tusk|Earthquake|p1a: Grimmsnarl\n|-damage|p1a: Grimmsnarl|46\/100\n|\n|upkeep\n|turn|2\n|\n|t:|1700222978\n|move|p1a: Grimmsnarl|Reflect|p1a: Grimmsnarl\n|-sidestart|p1: shuichi420|Reflect\n|move|p2a: Great Tusk|Earthquake|p1a: Grimmsnarl\n|-damage|p1a: Grimmsnarl|22\/100\n|\n|upkeep\n|turn|3\n|inactive|Username2344 has 270 seconds left.\n|\n|t:|1700223022\n|move|p1a: Grimmsnarl|Light Screen|p1a: Grimmsnarl\n|-sidestart|p1: shuichi420|move: Light Screen\n|move|p2a: Great Tusk|Earthquake|p1a: Grimmsnarl\n|-damage|p1a: Grimmsnarl|0 fnt\n|faint|p1a: Grimmsnarl\n|\n|-end|p2a: Great Tusk|move: Taunt\n|upkeep\n|l|\u2606Username2344\n|inactive|Username2344 disconnected and has 300 seconds to reconnect!\n|player|p2|\n|\n|t:|1700223028\n|switch|p1a: Landorus|Landorus-Therian, M|100\/100\n|-ability|p1a: Landorus|Intimidate|boost\n|-unboost|p2a: Great Tusk|atk|1\n|turn|4\n|j|\u2606Username2344\n|inactive|Username2344 reconnected and has 275 seconds left.\n|player|p2|Username2344|pokemonranger-gen4\n|inactive|Username2344 has 270 seconds left.\n|inactive|shuichi420 has 270 seconds left.\n|j| Rowlet69420\n|\n|t:|1700223064\n|move|p1a: Landorus|Nasty Plot|p1a: Landorus\n|-boost|p1a: Landorus|spa|2\n|move|p2a: Great Tusk|Ice Spinner|p1a: Landorus\n|-supereffective|p1a: Landorus\n|-damage|p1a: Landorus|53\/100\n|\n|upkeep\n|turn|5\n|inactive|shuichi420 has 270 seconds left.\n|inactive|Username2344 has 270 seconds left.\n|\n|t:|1700223075\n|-zpower|p1a: Landorus\n|move|p1a: Landorus|Shattered Psyche|p2a: Great Tusk|[zeffect]\n|-supereffective|p2a: Great Tusk\n|-damage|p2a: Great Tusk|0 fnt\n|faint|p2a: Great Tusk\n|-end|p2a: Great Tusk|Protosynthesis|[silent]\n|\n|upkeep\n|inactive|Username2344 has 240 seconds left.\n|\n|t:|1700223108\n|switch|p2a: Weavile|Weavile, M|100\/100\n|-ability|p2a: Weavile|Pressure\n|turn|6\n|inactive|shuichi420 has 270 seconds left.\n|inactive|shuichi420 has 240 seconds left.\n|\n|t:|1700223155\n|switch|p1a: Urshifu|Urshifu-Rapid-Strike, M|100\/100\n|move|p2a: Weavile|Triple Axel|p1a: Urshifu\n|-resisted|p1a: Urshifu\n|-damage|p1a: Urshifu|97\/100\n|-resisted|p1a: Urshifu\n|-damage|p1a: Urshifu|90\/100\n|-resisted|p1a: Urshifu\n|-damage|p1a: Urshifu|78\/100\n|-hitcount|p1a: Urshifu|3\n|\n|upkeep\n|turn|7\n|\n|t:|1700223165\n|switch|p2a: Toxapex|Toxapex, M|100\/100\n|move|p1a: Urshifu|Swords Dance|p1a: Urshifu\n|-boost|p1a: Urshifu|atk|2\n|\n|upkeep\n|turn|8\n|inactive|shuichi420 has 240 seconds left.\n|inactive|shuichi420 has 210 seconds left.\n|inactive|shuichi420 has 180 seconds left.\n|\n|t:|1700223252\n|switch|p1a: Mawile|Mawile, M|100\/100\n|-ability|p1a: Mawile|Intimidate|boost\n|-unboost|p2a: Toxapex|atk|1\n|move|p2a: Toxapex|Scald|p1a: Mawile\n|-damage|p1a: Mawile|83\/100\n|-status|p1a: Mawile|brn\n|\n|-damage|p1a: Mawile|77\/100 brn|[from] brn\n|upkeep\n|turn|9\n|inactive|shuichi420 has 180 seconds left.\n|inactive|Username2344 has 240 seconds left.\n|inactive|shuichi420 has 150 seconds left.\n|\n|t:|1700223289\n|switch|p1a: Landorus|Landorus-Therian, M|53\/100\n|-ability|p1a: Landorus|Intimidate|boost\n|-unboost|p2a: Toxapex|atk|1\n|switch|p2a: Heatran|Heatran, F|100\/100\n|\n|-sideend|p1: shuichi420|Reflect\n|upkeep\n|turn|10\n|inactive|shuichi420 has 150 seconds left.\n|inactive|Username2344 has 240 seconds left.\n|l|\u2606Username2344\n|inactive|Username2344 disconnected and has 285 seconds to reconnect!\n|player|p2|\n|inactive|Username2344 has 270 seconds to reconnect!\n|l| Rowlet69420\n|j|\u2606Username2344\n|inactive|Username2344 reconnected and has 240 seconds left.\n|player|p2|Username2344|pokemonranger-gen4\n|\n|t:|1700223335\n|switch|p2a: Zapdos|Zapdos|100\/100\n|move|p1a: Landorus|Nasty Plot|p1a: Landorus\n|-boost|p1a: Landorus|spa|2\n|\n|-sideend|p1: shuichi420|move: Light Screen\n|upkeep\n|turn|11\n|inactive|shuichi420 has 150 seconds left.\n|\n|t:|1700223351\n|move|p1a: Landorus|Psychic|p2a: Zapdos\n|-damage|p2a: Zapdos|41\/100\n|-zpower|p2a: Zapdos\n|move|p2a: Zapdos|Supersonic Skystrike|p1a: Landorus|[zeffect]\n|-damage|p1a: Landorus|0 fnt\n|faint|p1a: Landorus\n|\n|upkeep\n|j| Marufbot\n|inactive|shuichi420 has 120 seconds left.\n|inactive|shuichi420 has 90 seconds left.\n|\n|t:|1700223423\n|switch|p1a: Infernape|Infernape, F|100\/100\n|turn|12\n|inactive|Username2344 has 240 seconds left.\n|\n|t:|1700223436\n|move|p1a: Infernape|Flare Blitz|p2a: Zapdos\n|-damage|p2a: Zapdos|0 fnt\n|faint|p2a: Zapdos\n|-damage|p1a: Infernape|85\/100|[from] Recoil\n|-damage|p1a: Infernape|75\/100|[from] item: Life Orb\n|\n|upkeep\n|inactive|Username2344 has 240 seconds left.\n|\n|t:|1700223453\n|switch|p2a: Tapu Lele|Tapu Lele|100\/100\n|-fieldstart|move: Psychic Terrain|[from] ability: Psychic Surge|[of] p2a: Tapu Lele\n|turn|13\n|inactive|shuichi420 has 90 seconds left.\n|\n|t:|1700223465\n|switch|p2a: Heatran|Heatran, F|100\/100\n|switch|p1a: Mawile|Mawile, M|77\/100 brn\n|-ability|p1a: Mawile|Intimidate|boost\n|-unboost|p2a: Heatran|atk|1\n|\n|-damage|p1a: Mawile|71\/100 brn|[from] brn\n|upkeep\n|turn|14\n|inactive|shuichi420 has 90 seconds left.\n|l|\u2606Username2344\n|inactive|Username2344 disconnected and has 260 seconds to reconnect!\n|player|p2|\n|j|\u2606Username2344\n|inactive|Username2344 reconnected and has 230 seconds left.\n|player|p2|Username2344|pokemonranger-gen4\n|\n|t:|1700223498\n|switch|p1a: Urshifu|Urshifu-Rapid-Strike, M|78\/100\n|move|p2a: Heatran|Magma Storm|p1a: Urshifu\n|-resisted|p1a: Urshifu\n|-damage|p1a: Urshifu|48\/100\n|-activate|p1a: Urshifu|move: Magma Storm|[of] p2a: Heatran\n|\n|-damage|p1a: Urshifu|36\/100|[from] move: Magma Storm|[partiallytrapped]\n|upkeep\n|turn|15\n|inactive|shuichi420 has 90 seconds left.\n|j| Rowlet69420\n|\n|t:|1700223528\n|-terastallize|p2a: Heatran|Grass\n|move|p1a: Urshifu|Swords Dance|p1a: Urshifu\n|-boost|p1a: Urshifu|atk|2\n|move|p2a: Heatran|Earth Power|p1a: Urshifu\n|-damage|p1a: Urshifu|0 fnt\n|faint|p1a: Urshifu\n|\n|upkeep\n|inactive|shuichi420 has 60 seconds left.\n|\n|t:|1700223570\n|switch|p1a: Mawile|Mawile, M|71\/100 brn\n|-ability|p1a: Mawile|Intimidate|boost\n|-unboost|p2a: Heatran|atk|1\n|turn|16\n|\n|t:|1700223583\n|detailschange|p1a: Mawile|Mawile-Mega, M\n|-mega|p1a: Mawile|Mawile|Mawilite\n|move|p2a: Heatran|Earth Power|p1a: Mawile\n|-supereffective|p1a: Mawile\n|-damage|p1a: Mawile|4\/100 brn\n|move|p1a: Mawile|Play Rough|p2a: Heatran|[miss]\n|-miss|p1a: Mawile|p2a: Heatran\n|\n|-damage|p1a: Mawile|0 fnt|[from] brn\n|faint|p1a: Mawile\n|upkeep\n|inactive|shuichi420 has 30 seconds left.\n|\n|t:|1700223610\n|switch|p1a: Kartana|Kartana|100\/100\n|turn|17\n|inactive|shuichi420 has 30 seconds left.\n|\n|t:|1700223622\n|move|p1a: Kartana|Knock Off|p2a: Heatran\n|-damage|p2a: Heatran|64\/100\n|-enditem|p2a: Heatran|Leftovers|[from] move: Knock Off|[of] p1a: Kartana\n|move|p2a: Heatran|Magma Storm|p1a: Kartana\n|-supereffective|p1a: Kartana\n|-damage|p1a: Kartana|0 fnt\n|faint|p1a: Kartana\n|\n|-fieldend|move: Psychic Terrain\n|upkeep\n|inactive|shuichi420 has 30 seconds left this turn.\n|\n|t:|1700223627\n|switch|p1a: Infernape|Infernape, F|75\/100\n|turn|18\n|\n|t:|1700223633\n|move|p1a: Infernape|Close Combat|p2a: Heatran\n|-damage|p2a: Heatran|4\/100\n|-unboost|p1a: Infernape|def|1\n|-unboost|p1a: Infernape|spd|1\n|-damage|p1a: Infernape|65\/100|[from] item: Life Orb\n|move|p2a: Heatran|Earth Power|p1a: Infernape\n|-supereffective|p1a: Infernape\n|-damage|p1a: Infernape|0 fnt\n|faint|p1a: Infernape\n|\n|win|Username2344\n|l| i am a mcrib\n|c|\u2606Username2344|Gg\n|c| Swagata2004|GG\n|c|\u2606shuichi420|gg\n","uploadtime":1700223639,"views":26,"p1id":"shuichi420","p2id":"username2344","formatid":"gen9nationaldex","rating":0,"private":0,"password":""}