{"id":"gen9nationaldex-1989146889","p1":"SomeAbsoluteIdiot","p2":"kickachild.png","format":"[Gen 9] National Dex","log":"|j|\u2606SomeAbsoluteIdiot\n|j|\u2606kickachild.png\n|t:|1699817214\n|gametype|singles\n|player|p1|SomeAbsoluteIdiot|petrel|\n|player|p2|kickachild.png|kieran-festival|\n|teamsize|p1|6\n|teamsize|p2|6\n|gen|9\n|tier|[Gen 9] National Dex\n|rule|HP Percentage Mod: HP is shown in percentages\n|rule|Endless Battle Clause: Forcing endless battles is banned\n|rule|OHKO Clause: OHKO moves are banned\n|rule|Evasion Clause: Evasion abilities, items, and moves are banned\n|rule|Evasion Abilities Clause: Evasion abilities are banned\n|rule|Evasion Items Clause: Evasion items are banned\n|rule|Evasion Moves Clause: Evasion moves are banned\n|rule|Species Clause: Limit one of each Pok\u00e9mon\n|rule|Sleep Clause Mod: Limit one foe put to sleep\n|clearpoke\n|poke|p1|Toxapex, M|\n|poke|p1|Garganacl, M|\n|poke|p1|Clefable, M|\n|poke|p1|Gliscor, M|\n|poke|p1|Great Tusk|\n|poke|p1|Glimmora, F|\n|poke|p2|Samurott-Hisui, M|\n|poke|p2|Garchomp, M|\n|poke|p2|Thundurus-Therian, M|\n|poke|p2|Ursaluna, M|\n|poke|p2|Ceruledge, M|\n|poke|p2|Garganacl, M|\n|teampreview\n|j| Zachary Zorua 7\n|c| Zachary Zorua 7|Glhf y'all\n|\n|t:|1699817268\n|start\n|switch|p1a: Glimmora|Glimmora, F|100\/100\n|switch|p2a: Ceruledge|Ceruledge, M|100\/100\n|turn|1\n|\n|t:|1699817273\n|move|p1a: Glimmora|Stealth Rock|p2a: Ceruledge\n|-sidestart|p2: kickachild.png|move: Stealth Rock\n|move|p2a: Ceruledge|Swords Dance|p2a: Ceruledge\n|-boost|p2a: Ceruledge|atk|2\n|\n|upkeep\n|turn|2\n|\n|t:|1699817280\n|move|p1a: Glimmora|Power Gem|p2a: Ceruledge\n|-supereffective|p2a: Ceruledge\n|-damage|p2a: Ceruledge|0 fnt\n|faint|p2a: Ceruledge\n|\n|upkeep\n|\n|t:|1699817297\n|switch|p2a: Garganacl|Garganacl, M|100\/100\n|-damage|p2a: Garganacl|88\/100|[from] Stealth Rock\n|turn|3\n|\n|t:|1699817299\n|move|p1a: Glimmora|Earth Power|p2a: Garganacl\n|-supereffective|p2a: Garganacl\n|-damage|p2a: Garganacl|36\/100\n|move|p2a: Garganacl|Salt Cure|p1a: Glimmora\n|-damage|p1a: Glimmora|83\/100\n|-start|p1a: Glimmora|Salt Cure\n|-activate|p1a: Glimmora|ability: Toxic Debris\n|-sidestart|p2: kickachild.png|move: Toxic Spikes\n|\n|-heal|p2a: Garganacl|42\/100|[from] item: Leftovers\n|-damage|p1a: Glimmora|70\/100|[from] Salt Cure\n|upkeep\n|turn|4\n|\n|t:|1699817302\n|move|p1a: Glimmora|Earth Power|p2a: Garganacl\n|-supereffective|p2a: Garganacl\n|-damage|p2a: Garganacl|0 fnt\n|faint|p2a: Garganacl\n|\n|-damage|p1a: Glimmora|58\/100|[from] Salt Cure\n|upkeep\n|\n|t:|1699817306\n|switch|p2a: Samurott|Samurott-Hisui, M|100\/100\n|-damage|p2a: Samurott|88\/100|[from] Stealth Rock\n|-status|p2a: Samurott|psn\n|turn|5\n|\n|t:|1699817312\n|move|p1a: Glimmora|Power Gem|p2a: Samurott\n|-damage|p2a: Samurott|23\/100 psn\n|move|p2a: Samurott|Aqua Cutter|p1a: Glimmora\n|-supereffective|p1a: Glimmora\n|-damage|p1a: Glimmora|0 fnt\n|-activate|p1a: Glimmora|ability: Toxic Debris\n|-sidestart|p2: kickachild.png|move: Toxic Spikes\n|faint|p1a: Glimmora\n|-damage|p2a: Samurott|13\/100 psn|[from] item: Life Orb\n|\n|-damage|p2a: Samurott|0 fnt|[from] psn\n|faint|p2a: Samurott\n|upkeep\n|\n|t:|1699817326\n|switch|p1a: Garganacl|Garganacl, M|100\/100\n|switch|p2a: Ursaluna|Ursaluna, M|100\/100\n|-damage|p2a: Ursaluna|94\/100|[from] Stealth Rock\n|-status|p2a: Ursaluna|tox\n|turn|6\n|\n|t:|1699817332\n|-terastallize|p1a: Garganacl|Fighting\n|move|p2a: Ursaluna|Close Combat|p1a: Garganacl\n|-damage|p1a: Garganacl|52\/100\n|-unboost|p2a: Ursaluna|def|1\n|-unboost|p2a: Ursaluna|spd|1\n|move|p1a: Garganacl|Iron Defense|p1a: Garganacl\n|-boost|p1a: Garganacl|def|2\n|\n|-heal|p1a: Garganacl|58\/100|[from] item: Leftovers\n|-damage|p2a: Ursaluna|88\/100 tox|[from] psn\n|upkeep\n|turn|7\n|\n|t:|1699817336\n|move|p2a: Ursaluna|Play Rough|p1a: Garganacl|[miss]\n|-miss|p2a: Ursaluna|p1a: Garganacl\n|move|p1a: Garganacl|Iron Defense|p1a: Garganacl\n|-boost|p1a: Garganacl|def|2\n|\n|-heal|p1a: Garganacl|64\/100|[from] item: Leftovers\n|-damage|p2a: Ursaluna|76\/100 tox|[from] psn\n|upkeep\n|turn|8\n|\n|t:|1699817340\n|move|p2a: Ursaluna|Play Rough|p1a: Garganacl\n|-supereffective|p1a: Garganacl\n|-damage|p1a: Garganacl|42\/100\n|move|p1a: Garganacl|Salt Cure|p2a: Ursaluna\n|-resisted|p2a: Ursaluna\n|-damage|p2a: Ursaluna|69\/100 tox\n|-start|p2a: Ursaluna|Salt Cure\n|\n|-heal|p1a: Garganacl|48\/100|[from] item: Leftovers\n|-damage|p2a: Ursaluna|51\/100 tox|[from] psn\n|-damage|p2a: Ursaluna|38\/100 tox|[from] Salt Cure\n|upkeep\n|turn|9\n|\n|t:|1699817343\n|move|p2a: Ursaluna|Play Rough|p1a: Garganacl\n|-supereffective|p1a: Garganacl\n|-damage|p1a: Garganacl|22\/100\n|move|p1a: Garganacl|Recover|p1a: Garganacl\n|-heal|p1a: Garganacl|72\/100\n|\n|-heal|p1a: Garganacl|78\/100|[from] item: Leftovers\n|-damage|p2a: Ursaluna|14\/100 tox|[from] psn\n|-damage|p2a: Ursaluna|2\/100 tox|[from] Salt Cure\n|upkeep\n|turn|10\n|\n|t:|1699817346\n|move|p2a: Ursaluna|Play Rough|p1a: Garganacl\n|-supereffective|p1a: Garganacl\n|-damage|p1a: Garganacl|52\/100\n|move|p1a: Garganacl|Iron Defense|p1a: Garganacl\n|-boost|p1a: Garganacl|def|2\n|\n|-heal|p1a: Garganacl|58\/100|[from] item: Leftovers\n|-damage|p2a: Ursaluna|0 fnt|[from] psn\n|faint|p2a: Ursaluna\n|upkeep\n|\n|t:|1699817350\n|switch|p2a: Thundurus|Thundurus-Therian, M|100\/100\n|-damage|p2a: Thundurus|76\/100|[from] Stealth Rock\n|turn|11\n|\n|t:|1699817354\n|move|p2a: Thundurus|Knock Off|p1a: Garganacl\n|-resisted|p1a: Garganacl\n|-damage|p1a: Garganacl|56\/100\n|-enditem|p1a: Garganacl|Leftovers|[from] move: Knock Off|[of] p2a: Thundurus\n|move|p1a: Garganacl|Salt Cure|p2a: Thundurus\n|-supereffective|p2a: Thundurus\n|-damage|p2a: Thundurus|30\/100\n|-start|p2a: Thundurus|Salt Cure\n|\n|-heal|p2a: Thundurus|36\/100|[from] item: Leftovers\n|-damage|p2a: Thundurus|23\/100|[from] Salt Cure\n|upkeep\n|turn|12\n|\n|t:|1699817357\n|move|p2a: Thundurus|Volt Switch|p1a: Garganacl\n|-damage|p1a: Garganacl|32\/100\n|\n|t:|1699817361\n|switch|p2a: Garchomp|Garchomp, M, shiny|100\/100|[from] Volt Switch\n|-damage|p2a: Garchomp|94\/100|[from] Stealth Rock\n|-status|p2a: Garchomp|tox\n|move|p1a: Garganacl|Recover|p1a: Garganacl\n|-heal|p1a: Garganacl|82\/100\n|\n|-damage|p2a: Garchomp|88\/100 tox|[from] psn\n|upkeep\n|turn|13\n|\n|t:|1699817366\n|detailschange|p2a: Garchomp|Garchomp-Mega, M, shiny\n|-mega|p2a: Garchomp|Garchomp|Garchompite\n|move|p2a: Garchomp|Substitute|p2a: Garchomp\n|-start|p2a: Garchomp|Substitute\n|-damage|p2a: Garchomp|63\/100 tox\n|move|p1a: Garganacl|Salt Cure|p2a: Garchomp\n|-resisted|p2a: Garchomp\n|-activate|p2a: Garchomp|move: Substitute|[damage]\n|\n|-damage|p2a: Garchomp|51\/100 tox|[from] psn\n|upkeep\n|turn|14\n|\n|t:|1699817369\n|move|p2a: Garchomp|Swords Dance|p2a: Garchomp\n|-boost|p2a: Garchomp|atk|2\n|move|p1a: Garganacl|Body Press|p2a: Garchomp\n|-end|p2a: Garchomp|Substitute\n|\n|-damage|p2a: Garchomp|32\/100 tox|[from] psn\n|upkeep\n|turn|15\n|\n|t:|1699817372\n|move|p2a: Garchomp|Scale Shot|p1a: Garganacl\n|-damage|p1a: Garganacl|76\/100\n|-damage|p1a: Garganacl|71\/100\n|-hitcount|p1a: Garganacl|2\n|-unboost|p2a: Garchomp|def|1\n|-boost|p2a: Garchomp|spe|1\n|move|p1a: Garganacl|Body Press|p2a: Garchomp\n|-damage|p2a: Garchomp|0 fnt\n|faint|p2a: Garchomp\n|\n|upkeep\n|\n|t:|1699817375\n|switch|p2a: Thundurus|Thundurus-Therian, M|23\/100\n|-damage|p2a: Thundurus|0 fnt|[from] Stealth Rock\n|faint|p2a: Thundurus\n|\n|win|SomeAbsoluteIdiot\n|c|\u2606SomeAbsoluteIdiot|gg\n|c|\u2606kickachild.png|ggwp\n|l|\u2606kickachild.png\n|c| Zachary Zorua 7|Ggwp\n|l|\u2606SomeAbsoluteIdiot\n|l| Zachary Zorua 7\n|j| Zachary Zorua 7\n","uploadtime":1699817425,"views":14,"p1id":"someabsoluteidiot","p2id":"kickachildpng","formatid":"gen9nationaldex","rating":0,"private":0,"password":""}