{"id":"gen9nationaldex-1993093852","p1":"Manzanero Armando","p2":"Maxer59","format":"[Gen 9] National Dex","log":"|j|\u2606Manzanero Armando\n|j|\u2606Maxer59\n|t:|1700264020\n|gametype|singles\n|player|p1|Manzanero Armando|giovanni|1143\n|player|p2|Maxer59|lucas|1180\n|teamsize|p1|6\n|teamsize|p2|6\n|gen|9\n|tier|[Gen 9] National Dex\n|rated|\n|rule|HP Percentage Mod: HP is shown in percentages\n|rule|Endless Battle Clause: Forcing endless battles is banned\n|rule|OHKO Clause: OHKO moves are banned\n|rule|Evasion Clause: Evasion abilities, items, and moves are banned\n|rule|Evasion Abilities Clause: Evasion abilities are banned\n|rule|Evasion Items Clause: Evasion items are banned\n|rule|Evasion Moves Clause: Evasion moves are banned\n|rule|Species Clause: Limit one of each Pok\u00e9mon\n|rule|Sleep Clause Mod: Limit one foe put to sleep\n|clearpoke\n|poke|p1|Xurkitree|\n|poke|p1|Samurott-Hisui, F|\n|poke|p1|Beedrill, F|\n|poke|p1|Chandelure, M|\n|poke|p1|Bouffalant, M|\n|poke|p1|Ribombee, M|\n|poke|p2|Politoed, F|\n|poke|p2|Floatzel, F|\n|poke|p2|Indeedee, M|\n|poke|p2|Espeon, F|\n|poke|p2|Salamence, M|\n|poke|p2|Hydreigon, M|\n|teampreview\n|inactive|Battle timer is ON: inactive players will automatically lose when time's up. (requested by Maxer59)\n|\n|t:|1700264045\n|start\n|switch|p1a: Beedrill|Beedrill, F|100\/100\n|switch|p2a: Salamence|Salamence, M|100\/100\n|turn|1\n|\n|t:|1700264057\n|detailschange|p1a: Beedrill|Beedrill-Mega, F\n|-mega|p1a: Beedrill|Beedrill|Beedrillite\n|move|p1a: Beedrill|U-turn|p2a: Salamence\n|-resisted|p2a: Salamence\n|-damage|p2a: Salamence|70\/100\n|\n|t:|1700264065\n|switch|p1a: Chandelure|Chandelure, M|100\/100|[from] U-turn\n|move|p2a: Salamence|Dual Wingbeat|p1a: Chandelure\n|-damage|p1a: Chandelure|68\/100\n|-damage|p1a: Chandelure|37\/100\n|-hitcount|p1a: Chandelure|2\n|\n|upkeep\n|turn|2\n|\n|t:|1700264074\n|move|p1a: Chandelure|Will-O-Wisp|p2a: Salamence\n|-status|p2a: Salamence|brn\n|move|p2a: Salamence|Earthquake|p1a: Chandelure\n|-supereffective|p1a: Chandelure\n|-damage|p1a: Chandelure|0 fnt\n|faint|p1a: Chandelure\n|-ability|p2a: Salamence|Moxie|boost\n|-boost|p2a: Salamence|atk|1\n|\n|-damage|p2a: Salamence|64\/100 brn|[from] brn\n|upkeep\n|\n|t:|1700264085\n|switch|p1a: Xurkitree|Xurkitree|100\/100\n|turn|3\n|\n|t:|1700264090\n|move|p2a: Salamence|Earthquake|p1a: Xurkitree\n|-supereffective|p1a: Xurkitree\n|-damage|p1a: Xurkitree|20\/100\n|move|p1a: Xurkitree|Hidden Power|p2a: Salamence\n|-supereffective|p2a: Salamence\n|-damage|p2a: Salamence|0 fnt\n|faint|p2a: Salamence\n|-ability|p1a: Xurkitree|Beast Boost|boost\n|-boost|p1a: Xurkitree|spa|1\n|\n|upkeep\n|\n|t:|1700264098\n|switch|p2a: Indeedee|Indeedee, M|100\/100\n|-fieldstart|move: Psychic Terrain|[from] ability: Psychic Surge|[of] p2a: Indeedee\n|turn|4\n|\n|t:|1700264102\n|switch|p1a: Samurott|Samurott-Hisui, F|100\/100\n|move|p2a: Indeedee|Dazzling Gleam|p1a: Samurott\n|-supereffective|p1a: Samurott\n|-damage|p1a: Samurott|53\/100\n|\n|upkeep\n|turn|5\n|\n|t:|1700264108\n|move|p2a: Indeedee|Dazzling Gleam|p1a: Samurott\n|-supereffective|p1a: Samurott\n|-damage|p1a: Samurott|1\/100\n|move|p1a: Samurott|Ceaseless Edge|p2a: Indeedee\n|-supereffective|p2a: Indeedee\n|-damage|p2a: Indeedee|0 fnt\n|-sidestart|p2: Maxer59|Spikes\n|faint|p2a: Indeedee\n|\n|upkeep\n|\n|t:|1700264118\n|switch|p2a: Espeon|Espeon, F|100\/100\n|-damage|p2a: Espeon|88\/100|[from] Spikes\n|turn|6\n|\n|t:|1700264123\n|move|p1a: Samurott|Aqua Jet|p2a: Espeon\n|-activate|p2a: Espeon|move: Psychic Terrain\n|move|p2a: Espeon|Dazzling Gleam|p1a: Samurott\n|-supereffective|p1a: Samurott\n|-damage|p1a: Samurott|0 fnt\n|faint|p1a: Samurott\n|\n|upkeep\n|\n|t:|1700264131\n|switch|p1a: Beedrill|Beedrill-Mega, F|100\/100\n|turn|7\n|\n|t:|1700264136\n|switch|p2a: Politoed|Politoed, F|100\/100\n|-damage|p2a: Politoed|88\/100|[from] Spikes\n|-weather|RainDance|[from] ability: Drizzle|[of] p2a: Politoed\n|move|p1a: Beedrill|U-turn|p2a: Politoed\n|-damage|p2a: Politoed|30\/100\n|\n|t:|1700264143\n|switch|p1a: Xurkitree|Xurkitree|20\/100|[from] U-turn\n|\n|-weather|RainDance|[upkeep]\n|upkeep\n|turn|8\n|\n|t:|1700264148\n|-zpower|p1a: Xurkitree\n|move|p1a: Xurkitree|Z-Hypnosis|p2a: Politoed|[anim]Hypnosis|[miss]\n|-boost|p1a: Xurkitree|spe|1|[zeffect]\n|-miss|p1a: Xurkitree|p2a: Politoed\n|move|p2a: Politoed|Earth Power|p1a: Xurkitree\n|-supereffective|p1a: Xurkitree\n|-damage|p1a: Xurkitree|0 fnt\n|faint|p1a: Xurkitree\n|\n|-weather|RainDance|[upkeep]\n|upkeep\n|\n|t:|1700264159\n|switch|p1a: Beedrill|Beedrill-Mega, F|100\/100\n|turn|9\n|\n|t:|1700264164\n|move|p1a: Beedrill|X-Scissor|p2a: Politoed\n|-damage|p2a: Politoed|0 fnt\n|faint|p2a: Politoed\n|\n|-weather|RainDance|[upkeep]\n|upkeep\n|\n|t:|1700264168\n|switch|p2a: Floatzel|Floatzel, F|100\/100\n|-damage|p2a: Floatzel|88\/100|[from] Spikes\n|turn|10\n|\n|t:|1700264175\n|switch|p1a: Bouffalant|Bouffalant, M, shiny|100\/100\n|-terastallize|p2a: Floatzel|Water\n|move|p2a: Floatzel|Wave Crash|p1a: Bouffalant\n|-damage|p1a: Bouffalant|0 fnt\n|faint|p1a: Bouffalant\n|-damage|p2a: Floatzel|53\/100|[from] Recoil\n|\n|-weather|RainDance|[upkeep]\n|upkeep\n|\n|t:|1700264184\n|switch|p1a: Ribombee|Ribombee, M|100\/100\n|turn|11\n|\n|t:|1700264194\n|move|p2a: Floatzel|Flip Turn|p1a: Ribombee\n|-enditem|p1a: Ribombee|Focus Sash\n|-damage|p1a: Ribombee|1\/100\n|\n|t:|1700264198\n|switch|p2a: Espeon|Espeon, F|88\/100|[from] Flip Turn\n|-damage|p2a: Espeon|75\/100|[from] Spikes\n|move|p1a: Ribombee|Stun Spore|p2a: Espeon\n|move|p2a: Espeon|Stun Spore|p1a: Ribombee|[from]ability: Magic Bounce\n|-status|p1a: Ribombee|par\n|\n|-weather|RainDance|[upkeep]\n|-fieldend|move: Psychic Terrain\n|upkeep\n|turn|12\n|\n|t:|1700264209\n|switch|p1a: Beedrill|Beedrill-Mega, F|100\/100\n|move|p2a: Espeon|Expanding Force|p1a: Beedrill\n|-supereffective|p1a: Beedrill\n|-damage|p1a: Beedrill|0 fnt\n|faint|p1a: Beedrill\n|\n|-weather|RainDance|[upkeep]\n|upkeep\n|-message|Manzanero Armando forfeited.\n|\n|win|Maxer59\n|raw|Manzanero Armando's rating: 1143 &rarr; <strong>1121<\/strong><br \/>(-22 for losing)\n|raw|Maxer59's rating: 1180 &rarr; <strong>1202<\/strong><br \/>(+22 for winning)\n|l|\u2606Manzanero Armando\n","uploadtime":1700264223,"views":7,"p1id":"manzaneroarmando","p2id":"maxer59","formatid":"gen9nationaldex","rating":1121,"private":0,"password":""}