{"id":"gen9nationaldex-1988689419","p1":"PlasmaGruntTboltz","p2":"e63593","format":"[Gen 9] National Dex","log":"|j|\u2606PlasmaGruntTboltz\n|j|\u2606e63593\n|inactive|Battle timer is ON: inactive players will automatically lose when time's up.\n|t:|1699750955\n|gametype|singles\n|player|p1|PlasmaGruntTboltz|guzma|\n|player|p2|e63593|lillie-masters3|\n|teamsize|p1|6\n|teamsize|p2|6\n|gen|9\n|tier|[Gen 9] National Dex\n|rated|Tournament battle\n|rule|HP Percentage Mod: HP is shown in percentages\n|rule|Endless Battle Clause: Forcing endless battles is banned\n|rule|OHKO Clause: OHKO moves are banned\n|rule|Evasion Clause: Evasion abilities, items, and moves are banned\n|rule|Evasion Abilities Clause: Evasion abilities are banned\n|rule|Evasion Items Clause: Evasion items are banned\n|rule|Evasion Moves Clause: Evasion moves are banned\n|rule|Species Clause: Limit one of each Pok\u00e9mon\n|rule|Sleep Clause Mod: Limit one foe put to sleep\n|clearpoke\n|poke|p1|Haxorus, M|\n|poke|p1|Hatterene, F|\n|poke|p1|Ogerpon-Cornerstone, F|\n|poke|p1|Aegislash, M|\n|poke|p1|Urshifu-*, M|\n|poke|p1|Charizard, M|\n|poke|p2|Boltund, M|\n|poke|p2|Landorus-Therian, M|\n|poke|p2|Iron Valiant|\n|poke|p2|Tapu Koko|\n|poke|p2|Scizor, M|\n|poke|p2|Iron Moth|\n|teampreview\n|inactive|PlasmaGruntTboltz also wants the timer to be on.\n|inactive|e63593 also wants the timer to be on.\n|j| Catalisador\n|c|\u2606PlasmaGruntTboltz|Ah Boltund\n|j|+PedroGreg\n|c|\u2606PlasmaGruntTboltz|~~Vai fazer mrd nenhuma~~\n|c|\u2606PlasmaGruntTboltz|Literal qm vai fazer algo ai \u00e9 a IV e o Lando\n|inactive|PlasmaGruntTboltz has 120 seconds left.\n|inactive|e63593 has 120 seconds left.\n|j| Red_is_fodder\n|l| Catalisador\n|inactive|e63593 has 90 seconds left.\n|l| Red_is_fodder\n|\n|t:|1699751016\n|start\n|switch|p1a: Urshifu|Urshifu-Rapid-Strike, M|100\/100\n|switch|p2a: Landorus|Landorus-Therian, M, shiny|100\/100\n|-ability|p2a: Landorus|Intimidate|boost\n|-unboost|p1a: Urshifu|atk|1\n|turn|1\n|j| Ralsei Hatty\n|j| amido de milho\n|\n|t:|1699751040\n|move|p1a: Urshifu|Surging Strikes|p2a: Landorus\n|-supereffective|p2a: Landorus\n|-crit|p2a: Landorus\n|-damage|p2a: Landorus|66\/100\n|-supereffective|p2a: Landorus\n|-crit|p2a: Landorus\n|-damage|p2a: Landorus|31\/100\n|-supereffective|p2a: Landorus\n|-crit|p2a: Landorus\n|-damage|p2a: Landorus|0 fnt\n|faint|p2a: Landorus\n|-hitcount|p2: Landorus|3\n|\n|upkeep\n|c| Ralsei Hatty|Vai l\u00e1 Tboltz\n|\n|t:|1699751049\n|switch|p2a: Koko|Tapu Koko, shiny|100\/100\n|-fieldstart|move: Electric Terrain|[from] ability: Electric Surge|[of] p2a: Koko\n|turn|2\n|c| Ralsei Hatty|Mas o Boltund e lenda kkkk\n|\n|t:|1699751060\n|switch|p1a: Ogerpon|Ogerpon-Cornerstone, F|100\/100\n|move|p2a: Koko|Thunderbolt|p1a: Ogerpon\n|-resisted|p1a: Ogerpon\n|-damage|p1a: Ogerpon|70\/100\n|\n|upkeep\n|turn|3\n|c|\u2606PlasmaGruntTboltz|UGA UGA CLAVA\n|\n|t:|1699751069\n|move|p2a: Koko|U-turn|p1a: Ogerpon\n|-supereffective|p1a: Ogerpon\n|-damage|p1a: Ogerpon|27\/100\n|\n|t:|1699751072\n|switch|p2a: Scizor|Scizor, M, shiny|100\/100|[from] U-turn\n|move|p1a: Ogerpon|Ivy Cudgel|p2a: Scizor\n|-damage|p2a: Scizor|30\/100\n|\n|upkeep\n|turn|4\n|\n|t:|1699751081\n|switch|p2a: Volcalien|Iron Moth, shiny|100\/100\n|-activate|p2a: Volcalien|ability: Quark Drive\n|-start|p2a: Volcalien|quarkdrivespe\n|move|p1a: Ogerpon|Ivy Cudgel|p2a: Volcalien\n|-supereffective|p2a: Volcalien\n|-crit|p2a: Volcalien\n|-damage|p2a: Volcalien|0 fnt\n|faint|p2a: Volcalien\n|-end|p2a: Volcalien|Quark Drive|[silent]\n|\n|upkeep\n|c|\u2606PlasmaGruntTboltz|Sem crit ^\n|j|%Drampa\u5927Raivoso\n|c| Ralsei Hatty|Eita\n|c|\u2606PlasmaGruntTboltz|Eitalrr\n|\n|t:|1699751092\n|switch|p2a: Scizor|Scizor, M, shiny|30\/100\n|turn|5\n|c| Ralsei Hatty|Predicts\n|\n|t:|1699751095\n|detailschange|p2a: Scizor|Scizor-Mega, M, shiny\n|-mega|p2a: Scizor|Scizor|Scizorite\n|move|p2a: Scizor|Bullet Punch|p1a: Ogerpon\n|-supereffective|p1a: Ogerpon\n|-damage|p1a: Ogerpon|0 fnt\n|faint|p1a: Ogerpon\n|\n|upkeep\n|\n|t:|1699751099\n|switch|p1a: Urshifu|Urshifu-Rapid-Strike, M|100\/100\n|turn|6\n|\n|t:|1699751104\n|move|p1a: Urshifu|Surging Strikes|p2a: Scizor\n|-crit|p2a: Scizor\n|-damage|p2a: Scizor|12\/100\n|-crit|p2a: Scizor\n|-damage|p2a: Scizor|0 fnt\n|faint|p2a: Scizor\n|-hitcount|p2: Scizor|2\n|\n|upkeep\n|\n|t:|1699751106\n|switch|p2a: Gallavoir|Iron Valiant, shiny|100\/100\n|-activate|p2a: Gallavoir|ability: Quark Drive\n|-start|p2a: Gallavoir|quarkdrivespe\n|turn|7\n|\n|t:|1699751116\n|-end|p2a: Gallavoir|Quark Drive|[silent]\n|switch|p2a: Boltund|Boltund, M|100\/100\n|-enditem|p2a: Boltund|Electric Seed\n|-boost|p2a: Boltund|def|1|[from] item: Electric Seed\n|switch|p1a: Aegislash|Aegislash, M|100\/100\n|\n|upkeep\n|turn|8\n|c|\u2606PlasmaGruntTboltz|Aegis aegypt\n|\n|t:|1699751125\n|move|p2a: Boltund|Bulk Up|p2a: Boltund\n|-boost|p2a: Boltund|atk|1\n|-boost|p2a: Boltund|def|1\n|-formechange|p1a: Aegislash|Aegislash-Blade||[from] ability: Stance Change\n|move|p1a: Aegislash|Shadow Ball|p2a: Boltund\n|-damage|p2a: Boltund|18\/100\n|\n|upkeep\n|turn|9\n|c| Ralsei Hatty|Kkk\n|c|\u2606PlasmaGruntTboltz|Quiser dar ff eu agrade\u00e7o.\n|\n|t:|1699751151\n|-terastallize|p2a: Boltund|Electric\n|-formechange|p1a: Aegislash|Aegislash||[from] ability: Stance Change\n|move|p1a: Aegislash|King's Shield|p1a: Aegislash\n|-singleturn|p1a: Aegislash|Protect\n|move|p2a: Boltund|Thunder Fang|p1a: Aegislash\n|-activate|p1a: Aegislash|move: Protect\n|-unboost|p2a: Boltund|atk|1\n|\n|-fieldend|move: Electric Terrain\n|upkeep\n|turn|10\n|\n|t:|1699751155\n|move|p2a: Boltund|Thunder Fang|p1a: Aegislash\n|-damage|p1a: Aegislash|61\/100\n|-formechange|p1a: Aegislash|Aegislash-Blade||[from] ability: Stance Change\n|move|p1a: Aegislash|Shadow Ball|p2a: Boltund\n|-damage|p2a: Boltund|0 fnt\n|faint|p2a: Boltund\n|\n|upkeep\n|\n|t:|1699751158\n|switch|p2a: Koko|Tapu Koko, shiny|100\/100\n|-fieldstart|move: Electric Terrain|[from] ability: Electric Surge|[of] p2a: Koko\n|turn|11\n|\n|t:|1699751161\n|-formechange|p1a: Aegislash|Aegislash||[from] ability: Stance Change\n|move|p1a: Aegislash|King's Shield|p1a: Aegislash\n|-singleturn|p1a: Aegislash|Protect\n|move|p2a: Koko|Thunderbolt|p1a: Aegislash\n|-activate|p1a: Aegislash|move: Protect\n|\n|upkeep\n|turn|12\n|\n|t:|1699751164\n|move|p2a: Koko|Thunderbolt|p1a: Aegislash\n|-damage|p1a: Aegislash|22\/100\n|-formechange|p1a: Aegislash|Aegislash-Blade||[from] ability: Stance Change\n|move|p1a: Aegislash|Shadow Ball|p2a: Koko\n|-damage|p2a: Koko|21\/100\n|\n|upkeep\n|turn|13\n|\n|t:|1699751173\n|move|p1a: Aegislash|Shadow Sneak|p2a: Koko\n|-damage|p2a: Koko|0 fnt\n|faint|p2a: Koko\n|\n|upkeep\n|\n|t:|1699751183\n|switch|p2a: Gallavoir|Iron Valiant, shiny|100\/100\n|-activate|p2a: Gallavoir|ability: Quark Drive\n|-start|p2a: Gallavoir|quarkdrivespe\n|turn|14\n|\n|t:|1699751185\n|-formechange|p1a: Aegislash|Aegislash||[from] ability: Stance Change\n|move|p1a: Aegislash|King's Shield|p1a: Aegislash\n|-singleturn|p1a: Aegislash|Protect\n|move|p2a: Gallavoir|Thunderbolt|p1a: Aegislash\n|-activate|p1a: Aegislash|move: Protect\n|\n|upkeep\n|turn|15\n|\n|t:|1699751187\n|move|p2a: Gallavoir|Thunderbolt|p1a: Aegislash\n|-damage|p1a: Aegislash|0 fnt\n|faint|p1a: Aegislash\n|-damage|p2a: Gallavoir|91\/100|[from] item: Life Orb\n|\n|upkeep\n|\n|t:|1699751190\n|switch|p1a: Raiden|Haxorus, M, shiny|100\/100\n|-ability|p1a: Raiden|Mold Breaker\n|turn|16\n|\n|t:|1699751193\n|-terastallize|p1a: Raiden|Poison\n|move|p2a: Gallavoir|Aura Sphere|p1a: Raiden\n|-resisted|p1a: Raiden\n|-damage|p1a: Raiden|59\/100\n|-damage|p2a: Gallavoir|81\/100|[from] item: Life Orb\n|move|p1a: Raiden|Poison Jab|p2a: Gallavoir\n|-supereffective|p2a: Gallavoir\n|-damage|p2a: Gallavoir|0 fnt\n|faint|p2a: Gallavoir\n|-end|p2a: Gallavoir|Quark Drive|[silent]\n|\n|win|PlasmaGruntTboltz\n|n|\u2606PlasmaGruntTboltz|plasmagrunttboltz\n|n|\u2606e63593|e63593\n|n| PedroGreg|pedrogreg\n|n| Ralsei Hatty|ralseihatty\n|n| amido de milho|amidodemilho\n|n| Drampa\u5927Raivoso|dramparaivoso\n","uploadtime":1699751194,"views":5,"p1id":"plasmagrunttboltz","p2id":"e63593","formatid":"gen9nationaldex","rating":0,"private":0,"password":""}