{"id":"gen9nationaldex-1987372799","p1":"Jam20Jam","p2":"lunchbox5536","format":"[Gen 9] National Dex","log":"|j|\u2606Jam20Jam\n|j|\u2606lunchbox5536\n|t:|1699583131\n|gametype|singles\n|player|p1|Jam20Jam|carmine|\n|player|p2|lunchbox5536|ghetsis|\n|teamsize|p1|6\n|teamsize|p2|6\n|gen|9\n|tier|[Gen 9] National Dex\n|rule|HP Percentage Mod: HP is shown in percentages\n|rule|Endless Battle Clause: Forcing endless battles is banned\n|rule|OHKO Clause: OHKO moves are banned\n|rule|Evasion Clause: Evasion abilities, items, and moves are banned\n|rule|Evasion Abilities Clause: Evasion abilities are banned\n|rule|Evasion Items Clause: Evasion items are banned\n|rule|Evasion Moves Clause: Evasion moves are banned\n|rule|Species Clause: Limit one of each Pok\u00e9mon\n|rule|Sleep Clause Mod: Limit one foe put to sleep\n|clearpoke\n|poke|p1|Amoonguss, M|\n|poke|p1|Skeledirge, F|\n|poke|p1|Cetitan, F|\n|poke|p1|Grimer-Alola, F|\n|poke|p1|Coalossal, F|\n|poke|p1|Veluza, F|\n|poke|p2|Torkoal, M|\n|poke|p2|Zoroark-Hisui, F|\n|poke|p2|Grimmsnarl, M|\n|poke|p2|Articuno|\n|poke|p2|Klawf, F|\n|poke|p2|Shelgon, M|\n|teampreview\n|j| HeirEhm\n|\n|t:|1699583159\n|start\n|switch|p1a: Veluza|Veluza, F|100\/100\n|switch|p2a: Praise The Sun|Torkoal, M|100\/100\n|-ability|p1a: Veluza|Mold Breaker\n|-weather|SunnyDay|[from] ability: Drought|[of] p2a: Praise The Sun\n|turn|1\n|\n|t:|1699583171\n|move|p1a: Veluza|Snowscape|p1a: Veluza\n|-weather|Snow\n|move|p2a: Praise The Sun|Solar Beam||[still]\n|-prepare|p2a: Praise The Sun|Solar Beam\n|\n|-weather|Snow|[upkeep]\n|upkeep\n|turn|2\n|\n|t:|1699583183\n|switch|p1a: Cetitan|Cetitan, F|100\/100\n|move|p2a: Praise The Sun|Solar Beam|p1a: Cetitan|[from]lockedmove\n|-damage|p1a: Cetitan|79\/100\n|\n|-weather|Snow|[upkeep]\n|upkeep\n|turn|3\n|\n|t:|1699583195\n|move|p1a: Cetitan|Belly Drum|p1a: Cetitan\n|-damage|p1a: Cetitan|29\/100\n|-setboost|p1a: Cetitan|atk|6|[from] move: Belly Drum\n|-enditem|p1a: Cetitan|Sitrus Berry|[eat]\n|-heal|p1a: Cetitan|54\/100|[from] item: Sitrus Berry\n|move|p2a: Praise The Sun|Eruption|p1a: Cetitan\n|-supereffective|p1a: Cetitan\n|-damage|p1a: Cetitan|0 fnt\n|faint|p1a: Cetitan\n|\n|-weather|Snow|[upkeep]\n|upkeep\n|\n|t:|1699583223\n|switch|p1a: Skeledirge|Skeledirge, F|100\/100\n|turn|4\n|\n|t:|1699583232\n|move|p1a: Skeledirge|Torch Song|p2a: Praise The Sun\n|-resisted|p2a: Praise The Sun\n|-damage|p2a: Praise The Sun|82\/100\n|-boost|p1a: Skeledirge|spa|1\n|move|p2a: Praise The Sun|Earth Power|p1a: Skeledirge\n|-supereffective|p1a: Skeledirge\n|-damage|p1a: Skeledirge|64\/100\n|\n|-weather|Snow|[upkeep]\n|upkeep\n|turn|5\n|\n|t:|1699583244\n|move|p1a: Skeledirge|Earth Power|p2a: Praise The Sun\n|-supereffective|p2a: Praise The Sun\n|-damage|p2a: Praise The Sun|0 fnt\n|faint|p2a: Praise The Sun\n|\n|-weather|Snow|[upkeep]\n|upkeep\n|\n|t:|1699583270\n|switch|p2a: Krampus|Grimmsnarl, M|100\/100\n|turn|6\n|\n|t:|1699583278\n|-terastallize|p1a: Skeledirge|Fire\n|move|p1a: Skeledirge|Shadow Ball|p2a: Krampus\n|-resisted|p2a: Krampus\n|-damage|p2a: Krampus|69\/100\n|move|p2a: Krampus|Darkest Lariat|p1a: Skeledirge\n|-damage|p1a: Skeledirge|27\/100\n|\n|-weather|Snow|[upkeep]\n|upkeep\n|turn|7\n|\n|t:|1699583296\n|move|p1a: Skeledirge|Torch Song|p2a: Krampus\n|-damage|p2a: Krampus|0 fnt\n|-boost|p1a: Skeledirge|spa|1\n|faint|p2a: Krampus\n|\n|-weather|Snow|[upkeep]\n|upkeep\n|\n|t:|1699583306\n|switch|p2a: Klawf|Klawf, F|100\/100\n|turn|8\n|\n|t:|1699583321\n|move|p2a: Klawf|Shadow Ball|p1a: Skeledirge\n|-damage|p1a: Skeledirge|0 fnt\n|faint|p1a: Skeledirge\n|-damage|p2a: Klawf|91\/100|[from] item: Life Orb\n|\n|-weather|none\n|upkeep\n|\n|t:|1699583330\n|switch|p1a: Grimer|Grimer-Alola, F|100\/100\n|turn|9\n|\n|t:|1699583345\n|-terastallize|p2a: Klawf|Fairy\n|move|p2a: Klawf|Nasty Plot|p2a: Klawf\n|-boost|p2a: Klawf|spa|2\n|move|p1a: Grimer|Knock Off|p2a: Klawf\n|-resisted|p2a: Klawf\n|-damage|p2a: Klawf|52\/100\n|replace|p2a: Oh Hi There|Zoroark-Hisui, F, shiny\n|-end|p2a: Oh Hi There|Illusion\n|-status|p2a: Oh Hi There|psn|[from] ability: Poison Touch|[of] p1a: Grimer\n|-enditem|p2a: Oh Hi There|Life Orb|[from] move: Knock Off|[of] p1a: Grimer\n|\n|-damage|p2a: Oh Hi There|40\/100 psn|[from] psn\n|upkeep\n|turn|10\n|\n|t:|1699583403\n|move|p2a: Oh Hi There|Flamethrower|p1a: Grimer\n|-damage|p1a: Grimer|31\/100\n|-status|p1a: Grimer|brn\n|move|p1a: Grimer|Knock Off|p2a: Oh Hi There\n|-resisted|p2a: Oh Hi There\n|-damage|p2a: Oh Hi There|25\/100 psn\n|\n|-damage|p2a: Oh Hi There|13\/100 psn|[from] psn\n|-damage|p1a: Grimer|25\/100 brn|[from] brn\n|upkeep\n|turn|11\n|\n|t:|1699583415\n|switch|p2a: Vanilla Ice|Articuno|100\/100\n|-ability|p2a: Vanilla Ice|Pressure\n|switch|p1a: Coalossal|Coalossal, F|100\/100\n|\n|upkeep\n|turn|12\n|\n|t:|1699583433\n|move|p2a: Vanilla Ice|Extrasensory|p1a: Coalossal\n|-damage|p1a: Coalossal|80\/100\n|move|p1a: Coalossal|Power Gem|p2a: Vanilla Ice\n|-supereffective|p2a: Vanilla Ice\n|-damage|p2a: Vanilla Ice|0 fnt\n|faint|p2a: Vanilla Ice\n|-damage|p1a: Coalossal|70\/100|[from] item: Life Orb\n|\n|upkeep\n|\n|t:|1699583442\n|switch|p2a: Klawf|Klawf, F|100\/100\n|turn|13\n|\n|t:|1699583470\n|switch|p1a: Amoonguss|Amoonguss, M|100\/100\n|move|p2a: Klawf|Endure||[still]\n|-fail|p2a: Klawf\n|\n|upkeep\n|turn|14\n|\n|t:|1699583491\n|move|p2a: Klawf|Rock Slide|p1a: Amoonguss|[miss]\n|-miss|p2a: Klawf|p1a: Amoonguss\n|move|p1a: Amoonguss|Toxic|p2a: Klawf\n|-status|p2a: Klawf|tox\n|\n|-damage|p2a: Klawf|94\/100 tox|[from] psn\n|upkeep\n|turn|15\n|\n|t:|1699583516\n|switch|p2a: Hello and Goodbye|Shelgon, M|100\/100\n|switch|p1a: Coalossal|Coalossal, F|70\/100\n|\n|upkeep\n|turn|16\n|\n|t:|1699583547\n|move|p2a: Hello and Goodbye|Dragon Dance|p2a: Hello and Goodbye\n|-boost|p2a: Hello and Goodbye|atk|1\n|-boost|p2a: Hello and Goodbye|spe|1\n|move|p1a: Coalossal|Scald|p2a: Hello and Goodbye\n|-resisted|p2a: Hello and Goodbye\n|-damage|p2a: Hello and Goodbye|71\/100\n|-damage|p1a: Coalossal|60\/100|[from] item: Life Orb\n|\n|upkeep\n|turn|17\n|\n|t:|1699583580\n|move|p2a: Hello and Goodbye|Fury Cutter|p1a: Coalossal\n|-resisted|p1a: Coalossal\n|-damage|p1a: Coalossal|53\/100\n|move|p1a: Coalossal|Power Gem|p2a: Hello and Goodbye\n|-damage|p2a: Hello and Goodbye|0 fnt\n|faint|p2a: Hello and Goodbye\n|-damage|p1a: Coalossal|44\/100|[from] item: Life Orb\n|\n|upkeep\n|\n|t:|1699583591\n|switch|p2a: Klawf|Klawf, F|94\/100 tox\n|turn|18\n|\n|t:|1699583600\n|switch|p1a: Grimer|Grimer-Alola, F|25\/100 brn\n|move|p2a: Klawf|Brick Break|p1a: Grimer\n|-damage|p1a: Grimer|1\/100 brn\n|\n|-damage|p2a: Klawf|88\/100 tox|[from] psn\n|-damage|p1a: Grimer|0 fnt|[from] brn\n|faint|p1a: Grimer\n|upkeep\n|\n|t:|1699583615\n|switch|p1a: Veluza|Veluza, F|100\/100\n|-ability|p1a: Veluza|Mold Breaker\n|turn|19\n|\n|t:|1699583625\n|move|p2a: Klawf|Brick Break|p1a: Veluza\n|-resisted|p1a: Veluza\n|-damage|p1a: Veluza|88\/100\n|move|p1a: Veluza|Flip Turn|p2a: Klawf\n|-supereffective|p2a: Klawf\n|-damage|p2a: Klawf|41\/100 tox\n|-enditem|p2a: Klawf|Weakness Policy\n|-boost|p2a: Klawf|atk|2|[from] item: Weakness Policy\n|-boost|p2a: Klawf|spa|2|[from] item: Weakness Policy\n|-ability|p2a: Klawf|Anger Shell|boost\n|-boost|p2a: Klawf|atk|1\n|-boost|p2a: Klawf|spa|1\n|-boost|p2a: Klawf|spe|1\n|-unboost|p2a: Klawf|def|1\n|-unboost|p2a: Klawf|spd|1\n|\n|t:|1699583639\n|switch|p1a: Amoonguss|Amoonguss, M|100\/100|[from] Flip Turn\n|\n|-damage|p2a: Klawf|29\/100 tox|[from] psn\n|upkeep\n|turn|20\n|\n|t:|1699583649\n|move|p2a: Klawf|Rock Slide|p1a: Amoonguss\n|-damage|p1a: Amoonguss|9\/100\n|move|p1a: Amoonguss|Giga Drain|p2a: Klawf\n|-supereffective|p2a: Klawf\n|-damage|p2a: Klawf|0 fnt\n|-heal|p1a: Amoonguss|18\/100|[from] drain|[of] p2a: Klawf\n|faint|p2a: Klawf\n|\n|-heal|p1a: Amoonguss|24\/100|[from] item: Leftovers\n|upkeep\n|\n|t:|1699583658\n|switch|p2a: Oh Hi There|Zoroark-Hisui, F, shiny, tera:Fairy|13\/100 psn\n|turn|21\n|\n|t:|1699583675\n|move|p2a: Oh Hi There|Grass Knot|p1a: Amoonguss\n|-resisted|p1a: Amoonguss\n|-damage|p1a: Amoonguss|22\/100\n|move|p1a: Amoonguss|Giga Drain|p2a: Oh Hi There\n|-damage|p2a: Oh Hi There|0 fnt\n|-heal|p1a: Amoonguss|26\/100|[from] drain|[of] p2a: Oh Hi There\n|faint|p2a: Oh Hi There\n|\n|win|Jam20Jam\n","uploadtime":1699583684,"views":4,"p1id":"jam20jam","p2id":"lunchbox5536","formatid":"gen9nationaldex","rating":0,"private":0,"password":""}