{"id":"gen9nationaldex-1987533710","p1":"Dr Allen Hu","p2":"maudlarth327","format":"[Gen 9] National Dex","log":"|j|\u2606Dr Allen Hu\n|j|\u2606maudlarth327\n|t:|1699607970\n|gametype|singles\n|player|p1|Dr Allen Hu|170|1022\n|player|p2|maudlarth327|lucas|1047\n|teamsize|p1|6\n|teamsize|p2|6\n|gen|9\n|tier|[Gen 9] National Dex\n|rated|\n|rule|HP Percentage Mod: HP is shown in percentages\n|rule|Endless Battle Clause: Forcing endless battles is banned\n|rule|OHKO Clause: OHKO moves are banned\n|rule|Evasion Clause: Evasion abilities, items, and moves are banned\n|rule|Evasion Abilities Clause: Evasion abilities are banned\n|rule|Evasion Items Clause: Evasion items are banned\n|rule|Evasion Moves Clause: Evasion moves are banned\n|rule|Species Clause: Limit one of each Pok\u00e9mon\n|rule|Sleep Clause Mod: Limit one foe put to sleep\n|clearpoke\n|poke|p1|Toxapex, M|\n|poke|p1|Umbreon, M|\n|poke|p1|Ferrothorn, M|\n|poke|p1|Cresselia, F|\n|poke|p1|Alomomola, M|\n|poke|p1|Grimmsnarl, M|\n|poke|p2|Cloyster, M|\n|poke|p2|Haxorus, F|\n|poke|p2|Torterra, F|\n|poke|p2|Polteageist|\n|poke|p2|Forretress, M|\n|poke|p2|Great Tusk|\n|teampreview\n|inactive|Battle timer is ON: inactive players will automatically lose when time's up. (requested by Dr Allen Hu)\n|\n|t:|1699607973\n|start\n|switch|p1a: Grimmsnarl|Grimmsnarl, M|100\/100\n|switch|p2a: Forretress|Forretress, M|100\/100\n|turn|1\n|\n|t:|1699607978\n|move|p1a: Grimmsnarl|Swagger|p2a: Forretress\n|-boost|p2a: Forretress|atk|2\n|-start|p2a: Forretress|confusion\n|-activate|p2a: Forretress|confusion\n|move|p2a: Forretress|Gyro Ball|p1a: Grimmsnarl\n|-supereffective|p1a: Grimmsnarl\n|-damage|p1a: Grimmsnarl|31\/100\n|\n|upkeep\n|turn|2\n|\n|t:|1699607989\n|move|p1a: Grimmsnarl|Reflect|p1a: Grimmsnarl\n|-sidestart|p1: Dr Allen Hu|Reflect\n|-activate|p2a: Forretress|confusion\n|move|p2a: Forretress|Stealth Rock|p1a: Grimmsnarl\n|-sidestart|p1: Dr Allen Hu|move: Stealth Rock\n|\n|upkeep\n|turn|3\n|\n|t:|1699607998\n|switch|p1a: Ferrothorn|Ferrothorn, M|100\/100\n|-damage|p1a: Ferrothorn|95\/100|[from] Stealth Rock\n|-end|p2a: Forretress|confusion\n|move|p2a: Forretress|Gyro Ball|p1a: Ferrothorn\n|-resisted|p1a: Ferrothorn\n|-damage|p1a: Ferrothorn|91\/100\n|-damage|p2a: Forretress|88\/100|[from] ability: Iron Barbs|[of] p1a: Ferrothorn\n|\n|-heal|p1a: Ferrothorn|97\/100|[from] item: Leftovers\n|upkeep\n|turn|4\n|\n|t:|1699608002\n|move|p1a: Ferrothorn|Leech Seed|p2a: Forretress\n|-start|p2a: Forretress|move: Leech Seed\n|move|p2a: Forretress|Spikes|p1a: Ferrothorn\n|-sidestart|p1: Dr Allen Hu|Spikes\n|\n|-heal|p1a: Ferrothorn|100\/100|[from] item: Leftovers\n|-damage|p2a: Forretress|76\/100|[from] Leech Seed|[of] p1a: Ferrothorn\n|upkeep\n|turn|5\n|\n|t:|1699608010\n|move|p1a: Ferrothorn|Knock Off|p2a: Forretress\n|-damage|p2a: Forretress|60\/100\n|-enditem|p2a: Forretress|Custap Berry|[from] move: Knock Off|[of] p1a: Ferrothorn\n|move|p2a: Forretress|Spikes|p1a: Ferrothorn\n|-sidestart|p1: Dr Allen Hu|Spikes\n|\n|-damage|p2a: Forretress|47\/100|[from] Leech Seed|[of] p1a: Ferrothorn\n|upkeep\n|turn|6\n|\n|t:|1699608016\n|move|p2a: Forretress|Spikes|p1a: Ferrothorn\n|-sidestart|p1: Dr Allen Hu|Spikes\n|move|p1a: Ferrothorn|Stealth Rock|p2a: Forretress\n|-sidestart|p2: maudlarth327|move: Stealth Rock\n|\n|-damage|p2a: Forretress|35\/100|[from] Leech Seed|[of] p1a: Ferrothorn\n|-sideend|p1: Dr Allen Hu|Reflect\n|upkeep\n|turn|7\n|\n|t:|1699608029\n|move|p1a: Ferrothorn|Knock Off|p2a: Forretress\n|-damage|p2a: Forretress|24\/100\n|move|p2a: Forretress|Gyro Ball|p1a: Ferrothorn\n|-resisted|p1a: Ferrothorn\n|-damage|p1a: Ferrothorn|93\/100\n|-damage|p2a: Forretress|11\/100|[from] ability: Iron Barbs|[of] p1a: Ferrothorn\n|\n|-heal|p1a: Ferrothorn|99\/100|[from] item: Leftovers\n|-damage|p2a: Forretress|0 fnt|[from] Leech Seed|[of] p1a: Ferrothorn\n|-heal|p1a: Ferrothorn|100\/100|[silent]\n|faint|p2a: Forretress\n|upkeep\n|\n|t:|1699608036\n|switch|p2a: Haxorus|Haxorus, F|100\/100\n|-damage|p2a: Haxorus|88\/100|[from] Stealth Rock\n|-ability|p2a: Haxorus|Mold Breaker\n|turn|8\n|\n|t:|1699608042\n|move|p2a: Haxorus|Earthquake|p1a: Ferrothorn\n|-damage|p1a: Ferrothorn|66\/100\n|-damage|p2a: Haxorus|78\/100|[from] item: Life Orb\n|move|p1a: Ferrothorn|Leech Seed|p2a: Haxorus\n|-start|p2a: Haxorus|move: Leech Seed\n|\n|-heal|p1a: Ferrothorn|72\/100|[from] item: Leftovers\n|-damage|p2a: Haxorus|66\/100|[from] Leech Seed|[of] p1a: Ferrothorn\n|-heal|p1a: Ferrothorn|82\/100|[silent]\n|upkeep\n|turn|9\n|\n|t:|1699608047\n|move|p2a: Haxorus|Earthquake|p1a: Ferrothorn\n|-damage|p1a: Ferrothorn|49\/100\n|-damage|p2a: Haxorus|56\/100|[from] item: Life Orb\n|move|p1a: Ferrothorn|Toxic|p2a: Haxorus\n|-status|p2a: Haxorus|tox\n|\n|-heal|p1a: Ferrothorn|55\/100|[from] item: Leftovers\n|-damage|p2a: Haxorus|44\/100 tox|[from] Leech Seed|[of] p1a: Ferrothorn\n|-heal|p1a: Ferrothorn|65\/100|[silent]\n|-damage|p2a: Haxorus|38\/100 tox|[from] psn\n|upkeep\n|turn|10\n|\n|t:|1699608051\n|move|p2a: Haxorus|Earthquake|p1a: Ferrothorn\n|-damage|p1a: Ferrothorn|33\/100\n|-damage|p2a: Haxorus|28\/100 tox|[from] item: Life Orb\n|move|p1a: Ferrothorn|Knock Off|p2a: Haxorus\n|-damage|p2a: Haxorus|0 fnt\n|-enditem|p2a: Haxorus|Life Orb|[from] move: Knock Off|[of] p1a: Ferrothorn\n|faint|p2a: Haxorus\n|\n|-heal|p1a: Ferrothorn|39\/100|[from] item: Leftovers\n|upkeep\n|\n|t:|1699608058\n|switch|p2a: Torterra|Torterra, F|100\/100\n|-damage|p2a: Torterra|94\/100|[from] Stealth Rock\n|turn|11\n|\n|t:|1699608063\n|move|p2a: Torterra|Headlong Rush|p1a: Ferrothorn\n|-damage|p1a: Ferrothorn|3\/100\n|-unboost|p2a: Torterra|def|1\n|-unboost|p2a: Torterra|spd|1\n|-damage|p2a: Torterra|82\/100|[from] ability: Iron Barbs|[of] p1a: Ferrothorn\n|move|p1a: Ferrothorn|Toxic|p2a: Torterra\n|-status|p2a: Torterra|tox\n|\n|-heal|p1a: Ferrothorn|9\/100|[from] item: Leftovers\n|-damage|p2a: Torterra|76\/100 tox|[from] psn\n|upkeep\n|turn|12\n|\n|t:|1699608068\n|switch|p1a: Cresselia|Cresselia, F|100\/100\n|-damage|p1a: Cresselia|88\/100|[from] Stealth Rock\n|move|p2a: Torterra|Headlong Rush|p1a: Cresselia\n|-immune|p1a: Cresselia|[from] ability: Levitate\n|\n|-heal|p1a: Cresselia|94\/100|[from] item: Leftovers\n|-damage|p2a: Torterra|64\/100 tox|[from] psn\n|upkeep\n|turn|13\n|\n|t:|1699608088\n|move|p1a: Cresselia|Psyshock|p2a: Torterra\n|-damage|p2a: Torterra|34\/100 tox\n|move|p2a: Torterra|Bullet Seed|p1a: Cresselia\n|-damage|p1a: Cresselia|86\/100\n|-damage|p1a: Cresselia|78\/100\n|-damage|p1a: Cresselia|69\/100\n|-damage|p1a: Cresselia|61\/100\n|-hitcount|p1a: Cresselia|4\n|\n|-heal|p1a: Cresselia|67\/100|[from] item: Leftovers\n|-damage|p2a: Torterra|16\/100 tox|[from] psn\n|upkeep\n|turn|14\n|\n|t:|1699608096\n|move|p1a: Cresselia|Moonlight|p1a: Cresselia\n|-heal|p1a: Cresselia|100\/100\n|move|p2a: Torterra|Bullet Seed|p1a: Cresselia\n|-damage|p1a: Cresselia|92\/100\n|-damage|p1a: Cresselia|84\/100\n|-damage|p1a: Cresselia|75\/100\n|-damage|p1a: Cresselia|67\/100\n|-hitcount|p1a: Cresselia|4\n|\n|-heal|p1a: Cresselia|73\/100|[from] item: Leftovers\n|-damage|p2a: Torterra|0 fnt|[from] psn\n|faint|p2a: Torterra\n|upkeep\n|\n|t:|1699608102\n|switch|p2a: Cloyster|Cloyster, M, shiny|100\/100\n|-damage|p2a: Cloyster|76\/100|[from] Stealth Rock\n|turn|15\n|\n|t:|1699608112\n|move|p1a: Cresselia|Calm Mind|p1a: Cresselia\n|-boost|p1a: Cresselia|spa|1\n|-boost|p1a: Cresselia|spd|1\n|move|p2a: Cloyster|Icicle Spear|p1a: Cresselia\n|-damage|p1a: Cresselia|64\/100\n|-damage|p1a: Cresselia|56\/100\n|-damage|p1a: Cresselia|48\/100\n|-damage|p1a: Cresselia|40\/100\n|-damage|p1a: Cresselia|31\/100\n|-hitcount|p1a: Cresselia|5\n|\n|-heal|p1a: Cresselia|37\/100|[from] item: Leftovers\n|upkeep\n|turn|16\n|\n|t:|1699608118\n|move|p1a: Cresselia|Moonlight|p1a: Cresselia\n|-heal|p1a: Cresselia|87\/100\n|move|p2a: Cloyster|Icicle Spear|p1a: Cresselia\n|-damage|p1a: Cresselia|80\/100\n|-damage|p1a: Cresselia|71\/100\n|-damage|p1a: Cresselia|63\/100\n|-damage|p1a: Cresselia|55\/100\n|-damage|p1a: Cresselia|47\/100\n|-hitcount|p1a: Cresselia|5\n|\n|-heal|p1a: Cresselia|53\/100|[from] item: Leftovers\n|upkeep\n|turn|17\n|\n|t:|1699608121\n|move|p1a: Cresselia|Moonlight|p1a: Cresselia\n|-heal|p1a: Cresselia|100\/100\n|move|p2a: Cloyster|Icicle Spear|p1a: Cresselia\n|-damage|p1a: Cresselia|93\/100\n|-damage|p1a: Cresselia|84\/100\n|-damage|p1a: Cresselia|76\/100\n|-damage|p1a: Cresselia|69\/100\n|-damage|p1a: Cresselia|61\/100\n|-hitcount|p1a: Cresselia|5\n|\n|-heal|p1a: Cresselia|68\/100|[from] item: Leftovers\n|upkeep\n|turn|18\n|\n|t:|1699608124\n|move|p2a: Cloyster|Ice Shard|p1a: Cresselia\n|-damage|p1a: Cresselia|56\/100\n|move|p1a: Cresselia|Moonlight|p1a: Cresselia\n|-heal|p1a: Cresselia|100\/100\n|\n|upkeep\n|turn|19\n|\n|t:|1699608129\n|move|p1a: Cresselia|Moonblast|p2a: Cloyster\n|-damage|p2a: Cloyster|0 fnt\n|faint|p2a: Cloyster\n|\n|upkeep\n|\n|t:|1699608134\n|switch|p2a: Great Tusk|Great Tusk|100\/100\n|-damage|p2a: Great Tusk|98\/100|[from] Stealth Rock\n|-enditem|p2a: Great Tusk|Booster Energy\n|-activate|p2a: Great Tusk|ability: Protosynthesis|[fromitem]\n|-start|p2a: Great Tusk|protosynthesisatk\n|turn|20\n|\n|t:|1699608153\n|move|p2a: Great Tusk|Ice Spinner|p1a: Cresselia\n|-damage|p1a: Cresselia|75\/100\n|move|p1a: Cresselia|Moonblast|p2a: Great Tusk\n|-supereffective|p2a: Great Tusk\n|-damage|p2a: Great Tusk|17\/100\n|\n|-heal|p1a: Cresselia|82\/100|[from] item: Leftovers\n|upkeep\n|turn|21\n|\n|t:|1699608163\n|move|p2a: Great Tusk|Close Combat|p1a: Cresselia\n|-resisted|p1a: Cresselia\n|-damage|p1a: Cresselia|56\/100\n|-unboost|p2a: Great Tusk|def|1\n|-unboost|p2a: Great Tusk|spd|1\n|move|p1a: Cresselia|Psyshock|p2a: Great Tusk\n|-supereffective|p2a: Great Tusk\n|-damage|p2a: Great Tusk|0 fnt\n|faint|p2a: Great Tusk\n|-end|p2a: Great Tusk|Protosynthesis|[silent]\n|\n|-heal|p1a: Cresselia|62\/100|[from] item: Leftovers\n|upkeep\n|\n|t:|1699608171\n|switch|p2a: Polteageist|Polteageist|100\/100\n|-damage|p2a: Polteageist|88\/100|[from] Stealth Rock\n|turn|22\n|\n|t:|1699608181\n|move|p1a: Cresselia|Psyshock|p2a: Polteageist\n|-damage|p2a: Polteageist|33\/100\n|move|p2a: Polteageist|Shadow Ball|p1a: Cresselia\n|-supereffective|p1a: Cresselia\n|-damage|p1a: Cresselia|15\/100\n|\n|-heal|p1a: Cresselia|21\/100|[from] item: Leftovers\n|upkeep\n|turn|23\n|\n|t:|1699608187\n|move|p1a: Cresselia|Psyshock|p2a: Polteageist\n|-damage|p2a: Polteageist|0 fnt\n|faint|p2a: Polteageist\n|\n|win|Dr Allen Hu\n|raw|Dr Allen Hu's rating: 1022 &rarr; <strong>1065<\/strong><br \/>(+43 for winning)\n|raw|maudlarth327's rating: 1085 &rarr; <strong>1058<\/strong><br \/>(-27 for losing)\n|l|\u2606Dr Allen Hu\n","uploadtime":1699608193,"views":4,"p1id":"drallenhu","p2id":"maudlarth327","formatid":"gen9nationaldex","rating":1058,"private":0,"password":""}