{"id":"gen9nationaldex-1999410863","p1":"gobbyhappy1","p2":"nncc\u6781\u5149","format":"[Gen 9] National Dex","log":"|html|<div class=\"broadcast-blue\"><strong>[Gen 9] National Dex is currently suspecting Sneasler! For information on how to participate check out the <a href=\"https:\/\/www.smogon.com\/forums\/threads\/sv-national-dex-suspect-8-just-dance.3731534\/\">suspect thread<\/a>.<\/strong><\/div>\n|j|\u2606gobbyhappy1\n|j|\u2606nncc\u6781\u5149\n|t:|1701075935\n|gametype|singles\n|player|p1|gobbyhappy1|265|1580\n|player|p2|nncc\u6781\u5149|benga|1793\n|teamsize|p1|6\n|teamsize|p2|6\n|gen|9\n|tier|[Gen 9] National Dex\n|rated|\n|rule|HP Percentage Mod: HP is shown in percentages\n|rule|Endless Battle Clause: Forcing endless battles is banned\n|rule|OHKO Clause: OHKO moves are banned\n|rule|Evasion Clause: Evasion abilities, items, and moves are banned\n|rule|Evasion Abilities Clause: Evasion abilities are banned\n|rule|Evasion Items Clause: Evasion items are banned\n|rule|Evasion Moves Clause: Evasion moves are banned\n|rule|Species Clause: Limit one of each Pok\u00e9mon\n|rule|Sleep Clause Mod: Limit one foe put to sleep\n|clearpoke\n|poke|p1|Tapu Lele|\n|poke|p1|Alomomola, F|\n|poke|p1|Ogerpon-Wellspring, F|\n|poke|p1|Ferrothorn, F|\n|poke|p1|Hydreigon, M|\n|poke|p1|Lopunny, F|\n|poke|p2|Alomomola, M|\n|poke|p2|Muk-Alola, M|\n|poke|p2|Skeledirge, F|\n|poke|p2|Mew|\n|poke|p2|Rillaboom, M|\n|poke|p2|Iron Treads|\n|teampreview\n|inactive|Battle timer is ON: inactive players will automatically lose when time's up. (requested by gobbyhappy1)\n|\n|t:|1701075948\n|start\n|switch|p1a: Ogerpon|Ogerpon-Wellspring, F|100\/100\n|switch|p2a: Iron Treads|Iron Treads|100\/100\n|turn|1\n|\n|t:|1701075953\n|-end|p2a: Iron Treads|Quark Drive|[silent]\n|switch|p2a: Rillaboom|Rillaboom, M|100\/100\n|-fieldstart|move: Grassy Terrain|[from] ability: Grassy Surge|[of] p2a: Rillaboom\n|move|p1a: Ogerpon|Ivy Cudgel|p2a: Rillaboom|[anim] Ivy Cudgel Water\n|-resisted|p2a: Rillaboom\n|-damage|p2a: Rillaboom|72\/100\n|\n|-heal|p2a: Rillaboom|78\/100|[from] Grassy Terrain\n|upkeep\n|turn|2\n|\n|t:|1701075968\n|switch|p1a: Ferrothorn|Ferrothorn, F|100\/100\n|switch|p2a: Muk|Muk-Alola, M|100\/100\n|\n|upkeep\n|turn|3\n|\n|t:|1701075978\n|switch|p1a: Alomomola|Alomomola, F|100\/100\n|move|p2a: Muk|Knock Off|p1a: Alomomola\n|-damage|p1a: Alomomola|74\/100\n|-enditem|p1a: Alomomola|Heavy-Duty Boots|[from] move: Knock Off|[of] p2a: Muk\n|\n|-heal|p1a: Alomomola|80\/100|[from] Grassy Terrain\n|upkeep\n|turn|4\n|\n|t:|1701075985\n|move|p1a: Alomomola|Flip Turn|p2a: Muk\n|-damage|p2a: Muk|79\/100\n|\n|t:|1701075989\n|switch|p1a: Lopunny|Lopunny, F|100\/100|[from] Flip Turn\n|move|p2a: Muk|Poison Jab|p1a: Lopunny\n|-damage|p1a: Lopunny|41\/100\n|\n|-heal|p1a: Lopunny|47\/100|[from] Grassy Terrain\n|-heal|p2a: Muk|85\/100|[from] Grassy Terrain\n|upkeep\n|turn|5\n|\n|t:|1701075995\n|switch|p2a: Alomomola|Alomomola, M|100\/100\n|detailschange|p1a: Lopunny|Lopunny-Mega, F\n|-mega|p1a: Lopunny|Lopunny|Lopunnite\n|move|p1a: Lopunny|U-turn|p2a: Alomomola\n|-damage|p2a: Alomomola|82\/100\n|-damage|p1a: Lopunny|31\/100|[from] item: Rocky Helmet|[of] p2a: Alomomola\n|\n|t:|1701076001\n|switch|p1a: Ogerpon|Ogerpon-Wellspring, F|100\/100|[from] U-turn\n|\n|-heal|p2a: Alomomola|88\/100|[from] Grassy Terrain\n|-fieldend|move: Grassy Terrain\n|upkeep\n|turn|6\n|\n|t:|1701076007\n|switch|p2a: Rillaboom|Rillaboom, M|78\/100\n|-fieldstart|move: Grassy Terrain|[from] ability: Grassy Surge|[of] p2a: Rillaboom\n|move|p1a: Ogerpon|Ivy Cudgel|p2a: Rillaboom|[anim] Ivy Cudgel Water\n|-resisted|p2a: Rillaboom\n|-damage|p2a: Rillaboom|47\/100\n|\n|-heal|p2a: Rillaboom|53\/100|[from] Grassy Terrain\n|upkeep\n|turn|7\n|\n|t:|1701076014\n|switch|p1a: Ferrothorn|Ferrothorn, F|100\/100\n|move|p2a: Rillaboom|U-turn|p1a: Ferrothorn\n|-damage|p1a: Ferrothorn|79\/100\n|-damage|p2a: Rillaboom|41\/100|[from] ability: Iron Barbs|[of] p1a: Ferrothorn\n|\n|t:|1701076028\n|switch|p2a: Iron Treads|Iron Treads|100\/100|[from] U-turn\n|\n|-heal|p1a: Ferrothorn|85\/100|[from] Grassy Terrain\n|-heal|p1a: Ferrothorn|91\/100|[from] item: Leftovers\n|upkeep\n|turn|8\n|\n|t:|1701076033\n|switch|p1a: Ogerpon|Ogerpon-Wellspring, F|100\/100\n|move|p2a: Iron Treads|Stealth Rock|p1a: Ogerpon\n|-sidestart|p1: gobbyhappy1|move: Stealth Rock\n|\n|upkeep\n|turn|9\n|\n|t:|1701076040\n|move|p1a: Ogerpon|Ivy Cudgel|p2a: Iron Treads|[anim] Ivy Cudgel Water\n|-supereffective|p2a: Iron Treads\n|-crit|p2a: Iron Treads\n|-damage|p2a: Iron Treads|0 fnt\n|faint|p2a: Iron Treads\n|-end|p2a: Iron Treads|Quark Drive|[silent]\n|\n|upkeep\n|\n|t:|1701076054\n|switch|p2a: Skeledirge|Skeledirge, F|100\/100\n|turn|10\n|\n|t:|1701076060\n|-terastallize|p1a: Ogerpon|Water\n|detailschange|p1a: Ogerpon|Ogerpon-Wellspring-Tera, F, tera:Water\n|-ability|p1a: Ogerpon|Embody Aspect (Wellspring)|boost\n|-boost|p1a: Ogerpon|spd|1\n|move|p1a: Ogerpon|Ivy Cudgel|p2a: Skeledirge|[anim] Ivy Cudgel Water\n|-supereffective|p2a: Skeledirge\n|-damage|p2a: Skeledirge|0 fnt\n|faint|p2a: Skeledirge\n|\n|-fieldend|move: Grassy Terrain\n|upkeep\n|-message|nncc\u6781\u5149 forfeited.\n|\n|win|gobbyhappy1\n|raw|gobbyhappy1's rating: 1580 &rarr; <strong>1611<\/strong><br \/>(+31 for winning)\n|raw|nncc\u6781\u5149's rating: 1793 &rarr; <strong>1762<\/strong><br \/>(-31 for losing)\n|l|\u2606nncc\u6781\u5149\n","uploadtime":1701076076,"views":3,"p1id":"gobbyhappy1","p2id":"nncc","formatid":"gen9nationaldex","rating":1611,"private":0,"password":""}