{"id":"gen9nationaldex-1989102669","p1":"MagicMushroomish","p2":"hffggn","format":"[Gen 9] National Dex","log":"|j|\u2606MagicMushroomish\n|j|\u2606hffggn\n|t:|1699812454\n|gametype|singles\n|player|p1|MagicMushroomish|red|1046\n|player|p2|hffggn|richboy-gen4|1000\n|teamsize|p1|6\n|teamsize|p2|6\n|gen|9\n|tier|[Gen 9] National Dex\n|rated|\n|rule|HP Percentage Mod: HP is shown in percentages\n|rule|Endless Battle Clause: Forcing endless battles is banned\n|rule|OHKO Clause: OHKO moves are banned\n|rule|Evasion Clause: Evasion abilities, items, and moves are banned\n|rule|Evasion Abilities Clause: Evasion abilities are banned\n|rule|Evasion Items Clause: Evasion items are banned\n|rule|Evasion Moves Clause: Evasion moves are banned\n|rule|Species Clause: Limit one of each Pok\u00e9mon\n|rule|Sleep Clause Mod: Limit one foe put to sleep\n|clearpoke\n|poke|p1|Sceptile, M|\n|poke|p1|Umbreon, F|\n|poke|p1|Charizard, M|\n|poke|p1|Garchomp, M|\n|poke|p1|Keldeo-Resolute|\n|poke|p1|Ninetales-Alola, M|\n|poke|p2|Vespiquen, F|\n|poke|p2|Rhyperior, F|\n|poke|p2|Regigigas|\n|poke|p2|Chatot, F|\n|poke|p2|Zoroark, F|\n|poke|p2|Ariados, F|\n|teampreview\n|inactive|Battle timer is ON: inactive players will automatically lose when time's up. (requested by hffggn)\n|\n|t:|1699812498\n|start\n|switch|p1a: Charizard|Charizard, M|100\/100\n|switch|p2a: Ariados|Ariados, F|100\/100\n|turn|1\n|\n|t:|1699812509\n|move|p1a: Charizard|Substitute|p1a: Charizard\n|-start|p1a: Charizard|Substitute\n|-damage|p1a: Charizard|76\/100\n|move|p2a: Ariados|Sticky Web|p1a: Charizard\n|-sidestart|p1: MagicMushroomish|move: Sticky Web\n|\n|upkeep\n|turn|2\n|inactive|MagicMushroomish has 120 seconds left.\n|\n|t:|1699812567\n|switch|p2a: Chatot|Chatot, F|100\/100\n|move|p1a: Charizard|Belly Drum|p1a: Charizard\n|-damage|p1a: Charizard|26\/100\n|-setboost|p1a: Charizard|atk|6|[from] move: Belly Drum\n|\n|upkeep\n|turn|3\n|\n|t:|1699812573\n|move|p1a: Charizard|Fire Punch|p2a: Chatot\n|-damage|p2a: Chatot|0 fnt\n|faint|p2a: Chatot\n|\n|upkeep\n|\n|t:|1699812586\n|switch|p2a: Regigigas|Regigigas|100\/100\n|turn|4\n|\n|t:|1699812594\n|move|p2a: Regigigas|Night Daze|p1a: Charizard\n|-end|p1a: Charizard|Substitute\n|-damage|p2a: Regigigas|91\/100|[from] item: Life Orb\n|move|p1a: Charizard|Fire Punch|p2a: Regigigas\n|-damage|p2a: Regigigas|0 fnt\n|replace|p2a: Zoroark|Zoroark, F\n|-end|p2a: Zoroark|Illusion\n|faint|p2a: Zoroark\n|\n|upkeep\n|\n|t:|1699812600\n|switch|p2a: Ariados|Ariados, F|100\/100\n|turn|5\n|\n|t:|1699812610\n|move|p1a: Charizard|Substitute|p1a: Charizard\n|-start|p1a: Charizard|Substitute\n|-damage|p1a: Charizard|1\/100\n|-enditem|p1a: Charizard|Salac Berry|[eat]\n|-boost|p1a: Charizard|spe|1|[from] item: Salac Berry\n|move|p2a: Ariados|Toxic Thread||[still]\n|-fail|p2a: Ariados\n|\n|upkeep\n|turn|6\n|inactive|hffggn has 120 seconds left.\n|\n|t:|1699812641\n|move|p1a: Charizard|Fire Punch|p2a: Ariados\n|-supereffective|p2a: Ariados\n|-damage|p2a: Ariados|0 fnt\n|faint|p2a: Ariados\n|\n|upkeep\n|\n|t:|1699812643\n|switch|p2a: Rhyperior|Rhyperior, F|100\/100\n|turn|7\n|\n|t:|1699812652\n|move|p1a: Charizard|Fire Punch|p2a: Rhyperior\n|-resisted|p2a: Rhyperior\n|-damage|p2a: Rhyperior|43\/100\n|move|p2a: Rhyperior|Double-Edge|p1a: Charizard\n|-end|p1a: Charizard|Substitute\n|-damage|p2a: Rhyperior|38\/100|[from] Recoil|[of] p1a: Charizard\n|\n|upkeep\n|turn|8\n|\n|t:|1699812659\n|move|p1a: Charizard|Fire Punch|p2a: Rhyperior\n|-resisted|p2a: Rhyperior\n|-damage|p2a: Rhyperior|0 fnt\n|faint|p2a: Rhyperior\n|\n|upkeep\n|\n|t:|1699812664\n|switch|p2a: Regigigas|Regigigas|100\/100\n|-start|p2a: Regigigas|ability: Slow Start\n|turn|9\n|\n|t:|1699812670\n|-terastallize|p1a: Charizard|Fire\n|move|p1a: Charizard|Fire Punch|p2a: Regigigas\n|-damage|p2a: Regigigas|0 fnt\n|faint|p2a: Regigigas\n|-end|p2a: Regigigas|Slow Start|[silent]\n|\n|upkeep\n|-message|hffggn forfeited.\n|\n|win|MagicMushroomish\n|raw|MagicMushroomish's rating: 1027 &rarr; <strong>1060<\/strong><br \/>(+33 for winning)\n|raw|hffggn's rating: 1000 &rarr; <strong>1000<\/strong><br \/>(+0 for losing)\n|l|\u2606hffggn\n","uploadtime":1699812679,"views":5,"p1id":"magicmushroomish","p2id":"hffggn","formatid":"gen9nationaldex","rating":1000,"private":0,"password":""}