{"id":"gen9nationaldex-1996698948","p1":"S2i8","p2":"h0t water","format":"[Gen 9] National Dex","log":"|html|<div class=\"broadcast-blue\"><strong>[Gen 9] National Dex is currently suspecting Sneasler! For information on how to participate check out the <a href=\"https:\/\/www.smogon.com\/forums\/threads\/sv-national-dex-suspect-8-just-dance.3731534\/\">suspect thread<\/a>.<\/strong><\/div>\n|j|\u2606S2i8\n|j|\u2606h0t water\n|t:|1700711292\n|gametype|singles\n|player|p1|S2i8|1|1299\n|player|p2|h0t water|1|1244\n|teamsize|p1|6\n|teamsize|p2|6\n|gen|9\n|tier|[Gen 9] National Dex\n|rated|\n|rule|HP Percentage Mod: HP is shown in percentages\n|rule|Endless Battle Clause: Forcing endless battles is banned\n|rule|OHKO Clause: OHKO moves are banned\n|rule|Evasion Clause: Evasion abilities, items, and moves are banned\n|rule|Evasion Abilities Clause: Evasion abilities are banned\n|rule|Evasion Items Clause: Evasion items are banned\n|rule|Evasion Moves Clause: Evasion moves are banned\n|rule|Species Clause: Limit one of each Pok\u00e9mon\n|rule|Sleep Clause Mod: Limit one foe put to sleep\n|clearpoke\n|poke|p1|Thundurus-Therian, M|\n|poke|p1|Ferrothorn, F|\n|poke|p1|Salamence, F|\n|poke|p1|Tyranitar, M|\n|poke|p1|Celesteela|\n|poke|p1|Tapu Fini|\n|poke|p2|Iron Valiant|\n|poke|p2|Ribombee, M|\n|poke|p2|Grimmsnarl, M|\n|poke|p2|Blaziken, M|\n|poke|p2|Espeon, M|\n|poke|p2|Haxorus, M|\n|teampreview\n|inactive|Battle timer is ON: inactive players will automatically lose when time's up. (requested by h0t water)\n|\n|t:|1700711301\n|start\n|switch|p1a: Tapu Fini|Tapu Fini, shiny|100\/100\n|switch|p2a: Espeon|Espeon, M|100\/100\n|-fieldstart|move: Misty Terrain|[from] ability: Misty Surge|[of] p1a: Tapu Fini\n|turn|1\n|\n|t:|1700711307\n|move|p2a: Espeon|Psychic|p1a: Tapu Fini\n|-damage|p1a: Tapu Fini|44\/100\n|move|p1a: Tapu Fini|Shadow Ball|p2a: Espeon\n|-supereffective|p2a: Espeon\n|-crit|p2a: Espeon\n|-damage|p2a: Espeon|0 fnt\n|faint|p2a: Espeon\n|\n|upkeep\n|\n|t:|1700711315\n|switch|p2a: Ribombee|Ribombee, M|100\/100\n|turn|2\n|\n|t:|1700711320\n|switch|p1a: Celesteela|Celesteela, shiny|100\/100\n|move|p2a: Ribombee|Sticky Web|p1a: Celesteela\n|-sidestart|p1: S2i8|move: Sticky Web\n|\n|upkeep\n|turn|3\n|\n|t:|1700711327\n|move|p2a: Ribombee|Stun Spore|p1a: Celesteela\n|-status|p1a: Celesteela|par\n|cant|p1a: Celesteela|par\n|\n|upkeep\n|turn|4\n|\n|t:|1700711336\n|move|p2a: Ribombee|Moonblast|p1a: Celesteela\n|-resisted|p1a: Celesteela\n|-damage|p1a: Celesteela|84\/100 par\n|move|p1a: Celesteela|Air Slash|p2a: Ribombee\n|-supereffective|p2a: Ribombee\n|-enditem|p2a: Ribombee|Focus Sash\n|-damage|p2a: Ribombee|1\/100\n|\n|upkeep\n|turn|5\n|\n|t:|1700711345\n|move|p2a: Ribombee|Moonblast|p1a: Celesteela\n|-resisted|p1a: Celesteela\n|-damage|p1a: Celesteela|66\/100 par\n|move|p1a: Celesteela|Air Slash|p2a: Ribombee\n|-supereffective|p2a: Ribombee\n|-damage|p2a: Ribombee|0 fnt\n|faint|p2a: Ribombee\n|-ability|p1a: Celesteela|Beast Boost|boost\n|-boost|p1a: Celesteela|spa|1\n|\n|-fieldend|Misty Terrain\n|upkeep\n|\n|t:|1700711349\n|switch|p2a: Grimmsnarl|Grimmsnarl, M|100\/100\n|turn|6\n|\n|t:|1700711352\n|move|p2a: Grimmsnarl|Light Screen|p2a: Grimmsnarl\n|-sidestart|p2: h0t water|move: Light Screen\n|move|p1a: Celesteela|Air Slash|p2a: Grimmsnarl\n|-damage|p2a: Grimmsnarl|69\/100\n|\n|upkeep\n|turn|7\n|\n|t:|1700711357\n|move|p2a: Grimmsnarl|Reflect|p2a: Grimmsnarl\n|-sidestart|p2: h0t water|Reflect\n|move|p1a: Celesteela|Air Slash|p2a: Grimmsnarl\n|-damage|p2a: Grimmsnarl|38\/100\n|\n|upkeep\n|turn|8\n|\n|t:|1700711361\n|move|p2a: Grimmsnarl|Parting Shot|p1a: Celesteela\n|-unboost|p1a: Celesteela|atk|1\n|-unboost|p1a: Celesteela|spa|1\n|\n|t:|1700711364\n|switch|p2a: Haxorus|Haxorus, M|100\/100|[from] Parting Shot\n|-ability|p2a: Haxorus|Mold Breaker\n|move|p1a: Celesteela|Air Slash|p2a: Haxorus\n|-damage|p2a: Haxorus|55\/100\n|\n|upkeep\n|turn|9\n|\n|t:|1700711378\n|-terastallize|p2a: Haxorus|Steel\n|move|p2a: Haxorus|Swords Dance|p2a: Haxorus\n|-boost|p2a: Haxorus|atk|2\n|cant|p1a: Celesteela|par\n|\n|upkeep\n|turn|10\n|\n|t:|1700711392\n|switch|p1a: Ferrothorn|Ferrothorn, F|100\/100\n|-activate|p1a: Ferrothorn|move: Sticky Web\n|-unboost|p1a: Ferrothorn|spe|1\n|move|p2a: Haxorus|Swords Dance|p2a: Haxorus\n|-boost|p2a: Haxorus|atk|2\n|\n|upkeep\n|turn|11\n|\n|t:|1700711403\n|-terastallize|p1a: Ferrothorn|Fairy\n|move|p2a: Haxorus|Earthquake|p1a: Ferrothorn\n|-damage|p1a: Ferrothorn|6\/100\n|move|p1a: Ferrothorn|Gyro Ball|p2a: Haxorus\n|-resisted|p2a: Haxorus\n|-damage|p2a: Haxorus|33\/100\n|\n|upkeep\n|turn|12\n|\n|t:|1700711412\n|move|p2a: Haxorus|Iron Head|p1a: Ferrothorn\n|-supereffective|p1a: Ferrothorn\n|-crit|p1a: Ferrothorn\n|-damage|p1a: Ferrothorn|0 fnt\n|-damage|p2a: Haxorus|21\/100|[from] ability: Iron Barbs|[of] p1a: Ferrothorn\n|-damage|p2a: Haxorus|4\/100|[from] item: Rocky Helmet|[of] p1a: Ferrothorn\n|faint|p1a: Ferrothorn\n|\n|upkeep\n|\n|t:|1700711415\n|switch|p1a: Tyranitar|Tyranitar, M, shiny|100\/100\n|-activate|p1a: Tyranitar|move: Sticky Web\n|-unboost|p1a: Tyranitar|spe|1\n|-weather|Sandstorm|[from] ability: Sand Stream|[of] p1a: Tyranitar\n|turn|13\n|\n|t:|1700711422\n|switch|p1a: Celesteela|Celesteela, shiny|66\/100 par\n|move|p2a: Haxorus|Scale Shot|p1a: Celesteela\n|-resisted|p1a: Celesteela\n|-damage|p1a: Celesteela|48\/100 par\n|-resisted|p1a: Celesteela\n|-damage|p1a: Celesteela|30\/100 par\n|-resisted|p1a: Celesteela\n|-damage|p1a: Celesteela|11\/100 par\n|-resisted|p1a: Celesteela\n|-damage|p1a: Celesteela|0 fnt\n|faint|p1a: Celesteela\n|-hitcount|p1: Celesteela|4\n|-unboost|p2a: Haxorus|def|1\n|-boost|p2a: Haxorus|spe|1\n|\n|-weather|Sandstorm|[upkeep]\n|-sideend|p2: h0t water|move: Light Screen\n|upkeep\n|-message|S2i8 forfeited.\n|\n|win|h0t water\n|raw|S2i8's rating: 1299 &rarr; <strong>1270<\/strong><br \/>(-29 for losing)\n|raw|h0t water's rating: 1244 &rarr; <strong>1273<\/strong><br \/>(+29 for winning)\n|l|\u2606S2i8\n","uploadtime":1700711443,"views":10,"p1id":"s2i8","p2id":"h0twater","formatid":"gen9nationaldex","rating":1270,"private":0,"password":""}