{"id":"gen9nationaldex-1997996904","p1":"fernandojrm","p2":"LeafStormHimNotMe","format":"[Gen 9] National Dex","log":"|html|<div class=\"broadcast-blue\"><strong>[Gen 9] National Dex is currently suspecting Sneasler! For information on how to participate check out the <a href=\"https:\/\/www.smogon.com\/forums\/threads\/sv-national-dex-suspect-8-just-dance.3731534\/\">suspect thread<\/a>.<\/strong><\/div>\n|j|\u2606fernandojrm\n|j|\u2606LeafStormHimNotMe\n|t:|1700876903\n|gametype|singles\n|player|p1|fernandojrm|266|1081\n|player|p2|LeafStormHimNotMe|furisodegirl-black|1115\n|teamsize|p1|6\n|teamsize|p2|6\n|gen|9\n|tier|[Gen 9] National Dex\n|rated|\n|rule|HP Percentage Mod: HP is shown in percentages\n|rule|Endless Battle Clause: Forcing endless battles is banned\n|rule|OHKO Clause: OHKO moves are banned\n|rule|Evasion Clause: Evasion abilities, items, and moves are banned\n|rule|Evasion Abilities Clause: Evasion abilities are banned\n|rule|Evasion Items Clause: Evasion items are banned\n|rule|Evasion Moves Clause: Evasion moves are banned\n|rule|Species Clause: Limit one of each Pok\u00e9mon\n|rule|Sleep Clause Mod: Limit one foe put to sleep\n|clearpoke\n|poke|p1|Cinccino, M|\n|poke|p1|Pelipper, M|\n|poke|p1|Magnezone|\n|poke|p1|Volcarona, F|\n|poke|p1|Garchomp, F|\n|poke|p1|Breloom, F|\n|poke|p2|Pidgeot, F|\n|poke|p2|Corviknight, M|\n|poke|p2|Talonflame, F|\n|poke|p2|Staraptor, F|\n|poke|p2|Swellow, F|\n|poke|p2|Toucannon, M|\n|teampreview\n|inactive|Battle timer is ON: inactive players will automatically lose when time's up. (requested by fernandojrm)\n|\n|t:|1700876916\n|start\n|switch|p1a: Cinccino|Cinccino, M|100\/100\n|switch|p2a: Pidgeot|Pidgeot, F|100\/100\n|turn|1\n|\n|t:|1700876922\n|detailschange|p2a: Pidgeot|Pidgeot-Mega, F\n|-mega|p2a: Pidgeot|Pidgeot|Pidgeotite\n|move|p2a: Pidgeot|Hurricane|p1a: Cinccino\n|-damage|p1a: Cinccino|0 fnt\n|faint|p1a: Cinccino\n|\n|upkeep\n|\n|t:|1700876935\n|switch|p1a: Pelipper|Pelipper, M|100\/100\n|-weather|RainDance|[from] ability: Drizzle|[of] p1a: Pelipper\n|turn|2\n|\n|t:|1700876939\n|move|p2a: Pidgeot|Hurricane|p1a: Pelipper\n|-damage|p1a: Pelipper|15\/100\n|move|p1a: Pelipper|Ice Beam|p2a: Pidgeot\n|-supereffective|p2a: Pidgeot\n|-damage|p2a: Pidgeot|39\/100\n|\n|-weather|RainDance|[upkeep]\n|-heal|p1a: Pelipper|21\/100|[from] item: Leftovers\n|upkeep\n|turn|3\n|\n|t:|1700876948\n|switch|p1a: Magnezone|Magnezone|100\/100\n|move|p2a: Pidgeot|Roost|p2a: Pidgeot\n|-heal|p2a: Pidgeot|89\/100\n|-singleturn|p2a: Pidgeot|move: Roost\n|\n|-weather|RainDance|[upkeep]\n|upkeep\n|turn|4\n|\n|t:|1700876955\n|move|p2a: Pidgeot|Hidden Power|p1a: Magnezone\n|-supereffective|p1a: Magnezone\n|-ability|p1a: Magnezone|Sturdy\n|-damage|p1a: Magnezone|1\/100\n|move|p1a: Magnezone|Thunder|p2a: Pidgeot\n|-supereffective|p2a: Pidgeot\n|-damage|p2a: Pidgeot|0 fnt\n|faint|p2a: Pidgeot\n|\n|-weather|RainDance|[upkeep]\n|upkeep\n|\n|t:|1700876971\n|switch|p2a: Swellow|Swellow, F|100\/100\n|turn|5\n|\n|t:|1700876987\n|switch|p1a: Garchomp|Garchomp, F|100\/100\n|move|p2a: Swellow|Facade|p1a: Garchomp\n|-damage|p1a: Garchomp|80\/100\n|-damage|p2a: Swellow|88\/100|[from] ability: Rough Skin|[of] p1a: Garchomp\n|-damage|p2a: Swellow|72\/100|[from] item: Rocky Helmet|[of] p1a: Garchomp\n|\n|-weather|RainDance|[upkeep]\n|-status|p2a: Swellow|brn|[from] item: Flame Orb\n|upkeep\n|turn|6\n|\n|t:|1700876999\n|move|p2a: Swellow|Protect|p2a: Swellow\n|-singleturn|p2a: Swellow|Protect\n|move|p1a: Garchomp|Dragon Claw|p2a: Swellow\n|-activate|p2a: Swellow|move: Protect\n|\n|-weather|none\n|-damage|p2a: Swellow|66\/100 brn|[from] brn\n|upkeep\n|turn|7\n|\n|t:|1700877002\n|-terastallize|p2a: Swellow|Fairy\n|move|p2a: Swellow|Facade|p1a: Garchomp\n|-damage|p1a: Garchomp|18\/100\n|-damage|p2a: Swellow|53\/100 brn|[from] ability: Rough Skin|[of] p1a: Garchomp\n|-damage|p2a: Swellow|37\/100 brn|[from] item: Rocky Helmet|[of] p1a: Garchomp\n|move|p1a: Garchomp|Dragon Claw|p2a: Swellow\n|-immune|p2a: Swellow\n|\n|-damage|p2a: Swellow|31\/100 brn|[from] brn\n|upkeep\n|turn|8\n|\n|t:|1700877010\n|move|p2a: Swellow|Facade|p1a: Garchomp\n|-damage|p1a: Garchomp|0 fnt\n|-damage|p2a: Swellow|19\/100 brn|[from] ability: Rough Skin|[of] p1a: Garchomp\n|-damage|p2a: Swellow|2\/100 brn|[from] item: Rocky Helmet|[of] p1a: Garchomp\n|faint|p1a: Garchomp\n|\n|-damage|p2a: Swellow|0 fnt|[from] brn\n|faint|p2a: Swellow\n|upkeep\n|\n|t:|1700877014\n|switch|p2a: Talonflame|Talonflame, F|100\/100\n|switch|p1a: Pelipper|Pelipper, M|21\/100\n|-weather|RainDance|[from] ability: Drizzle|[of] p1a: Pelipper\n|turn|9\n|\n|t:|1700877019\n|move|p2a: Talonflame|U-turn|p1a: Pelipper\n|-resisted|p1a: Pelipper\n|-damage|p1a: Pelipper|8\/100\n|\n|t:|1700877022\n|switch|p2a: Toucannon|Toucannon, M|100\/100|[from] U-turn\n|move|p1a: Pelipper|Roost|p1a: Pelipper\n|-heal|p1a: Pelipper|58\/100\n|-singleturn|p1a: Pelipper|move: Roost\n|\n|-weather|RainDance|[upkeep]\n|-heal|p1a: Pelipper|65\/100|[from] item: Leftovers\n|upkeep\n|turn|10\n|\n|t:|1700877031\n|move|p1a: Pelipper|Roost|p1a: Pelipper\n|-heal|p1a: Pelipper|100\/100\n|-singleturn|p1a: Pelipper|move: Roost\n|move|p2a: Toucannon|Rock Blast|p1a: Pelipper\n|-damage|p1a: Pelipper|92\/100\n|-damage|p1a: Pelipper|83\/100\n|-damage|p1a: Pelipper|74\/100\n|-damage|p1a: Pelipper|65\/100\n|-damage|p1a: Pelipper|57\/100\n|-hitcount|p1a: Pelipper|5\n|\n|-weather|RainDance|[upkeep]\n|-heal|p1a: Pelipper|63\/100|[from] item: Leftovers\n|upkeep\n|turn|11\n|\n|t:|1700877060\n|switch|p1a: Breloom|Breloom, F|100\/100\n|move|p2a: Toucannon|Rock Blast|p1a: Breloom\n|-resisted|p1a: Breloom\n|-damage|p1a: Breloom|94\/100\n|-resisted|p1a: Breloom\n|-damage|p1a: Breloom|88\/100\n|-resisted|p1a: Breloom\n|-damage|p1a: Breloom|82\/100\n|-resisted|p1a: Breloom\n|-damage|p1a: Breloom|76\/100\n|-resisted|p1a: Breloom\n|-damage|p1a: Breloom|70\/100\n|-hitcount|p1a: Breloom|5\n|\n|-weather|RainDance|[upkeep]\n|-status|p1a: Breloom|tox|[from] item: Toxic Orb\n|upkeep\n|turn|12\n|\n|t:|1700877068\n|-singleturn|p2a: Toucannon|move: Beak Blast\n|move|p1a: Breloom|Spore|p2a: Toucannon\n|-status|p2a: Toucannon|slp|[from] move: Spore\n|cant|p2a: Toucannon|slp\n|\n|-weather|RainDance|[upkeep]\n|-heal|p1a: Breloom|83\/100 tox|[from] ability: Poison Heal\n|upkeep\n|turn|13\n|\n|t:|1700877079\n|move|p1a: Breloom|Bulk Up|p1a: Breloom\n|-boost|p1a: Breloom|atk|1\n|-boost|p1a: Breloom|def|1\n|-curestatus|p2a: Toucannon|slp|[msg]\n|move|p2a: Toucannon|Knock Off|p1a: Breloom\n|-resisted|p1a: Breloom\n|-damage|p1a: Breloom|65\/100 tox\n|-enditem|p1a: Breloom|Toxic Orb|[from] move: Knock Off|[of] p2a: Toucannon\n|\n|-weather|none\n|-heal|p1a: Breloom|78\/100 tox|[from] ability: Poison Heal\n|upkeep\n|turn|14\n|\n|t:|1700877088\n|move|p1a: Breloom|Spore|p2a: Toucannon\n|-status|p2a: Toucannon|slp|[from] move: Spore\n|cant|p2a: Toucannon|slp\n|\n|-heal|p1a: Breloom|90\/100 tox|[from] ability: Poison Heal\n|upkeep\n|turn|15\n|\n|t:|1700877091\n|switch|p2a: Talonflame|Talonflame, F|100\/100\n|move|p1a: Breloom|Bulk Up|p1a: Breloom\n|-boost|p1a: Breloom|atk|1\n|-boost|p1a: Breloom|def|1\n|\n|-heal|p1a: Breloom|100\/100 tox|[from] ability: Poison Heal\n|upkeep\n|turn|16\n|\n|t:|1700877106\n|switch|p1a: Pelipper|Pelipper, M|63\/100\n|-weather|RainDance|[from] ability: Drizzle|[of] p1a: Pelipper\n|move|p2a: Talonflame|Brave Bird|p1a: Pelipper\n|-damage|p1a: Pelipper|0 fnt\n|faint|p1a: Pelipper\n|-damage|p2a: Talonflame|80\/100|[from] Recoil\n|\n|-weather|RainDance|[upkeep]\n|upkeep\n|\n|t:|1700877113\n|switch|p1a: Magnezone|Magnezone|1\/100\n|turn|17\n|\n|t:|1700877118\n|move|p2a: Talonflame|Brave Bird|p1a: Magnezone\n|-resisted|p1a: Magnezone\n|-damage|p1a: Magnezone|0 fnt\n|faint|p1a: Magnezone\n|-damage|p2a: Talonflame|80\/100|[from] Recoil\n|\n|-weather|RainDance|[upkeep]\n|upkeep\n|\n|t:|1700877125\n|switch|p1a: Breloom|Breloom, F|100\/100 tox\n|turn|18\n|\n|t:|1700877128\n|move|p2a: Talonflame|Brave Bird|p1a: Breloom\n|-supereffective|p1a: Breloom\n|-damage|p1a: Breloom|0 fnt\n|faint|p1a: Breloom\n|-damage|p2a: Talonflame|47\/100|[from] Recoil\n|\n|-weather|RainDance|[upkeep]\n|upkeep\n|\n|t:|1700877130\n|switch|p1a: Volcarona|Volcarona, F|100\/100\n|turn|19\n|\n|t:|1700877135\n|move|p2a: Talonflame|Brave Bird|p1a: Volcarona\n|-supereffective|p1a: Volcarona\n|-damage|p1a: Volcarona|0 fnt\n|faint|p1a: Volcarona\n|-damage|p2a: Talonflame|9\/100|[from] Recoil\n|\n|win|LeafStormHimNotMe\n|raw|fernandojrm's rating: 1081 &rarr; <strong>1061<\/strong><br \/>(-20 for losing)\n|raw|LeafStormHimNotMe's rating: 1115 &rarr; <strong>1138<\/strong><br \/>(+23 for winning)\n|l|\u2606fernandojrm\n|c|\u2606LeafStormHimNotMe|gg\n","uploadtime":1700877151,"views":9,"p1id":"fernandojrm","p2id":"leafstormhimnotme","formatid":"gen9nationaldex","rating":1061,"private":0,"password":""}