{"id":"gen9nationaldex-1988975388","p1":"Dinotrooper","p2":"TexanFarmersMarket","format":"[Gen 9] National Dex","log":"|j|\u2606Dinotrooper\n|j|\u2606TexanFarmersMarket\n|t:|1699797106\n|gametype|singles\n|player|p1|Dinotrooper|2|\n|player|p2|TexanFarmersMarket|bellepa|\n|teamsize|p1|6\n|teamsize|p2|6\n|gen|9\n|tier|[Gen 9] National Dex\n|rule|HP Percentage Mod: HP is shown in percentages\n|rule|Endless Battle Clause: Forcing endless battles is banned\n|rule|OHKO Clause: OHKO moves are banned\n|rule|Evasion Clause: Evasion abilities, items, and moves are banned\n|rule|Evasion Abilities Clause: Evasion abilities are banned\n|rule|Evasion Items Clause: Evasion items are banned\n|rule|Evasion Moves Clause: Evasion moves are banned\n|rule|Species Clause: Limit one of each Pok\u00e9mon\n|rule|Sleep Clause Mod: Limit one foe put to sleep\n|clearpoke\n|poke|p1|Hydreigon, F|\n|poke|p1|Kyurem|\n|poke|p1|Altaria, M|\n|poke|p1|Turtonator, F|\n|poke|p1|Goodra-Hisui, M|\n|poke|p1|Tyrantrum, F|\n|poke|p2|Ursaluna, F|\n|poke|p2|Noivern, F|\n|poke|p2|Hitmontop, M|\n|poke|p2|Mimikyu, M|\n|poke|p2|Aggron, M|\n|poke|p2|Lopunny, M|\n|teampreview\n|inactive|Battle timer is ON: inactive players will automatically lose when time's up. (requested by TexanFarmersMarket)\n|c|\u2606Dinotrooper|glhf\n|c|\u2606TexanFarmersMarket|glhf\n|\n|t:|1699797129\n|start\n|switch|p1a: Tyrantrum|Tyrantrum, F|100\/100\n|switch|p2a: Breakdancer|Hitmontop, M|100\/100\n|turn|1\n|\n|t:|1699797147\n|move|p2a: Breakdancer|Fake Out|p1a: Tyrantrum\n|-resisted|p1a: Tyrantrum\n|-damage|p1a: Tyrantrum|92\/100\n|cant|p1a: Tyrantrum|flinch\n|\n|upkeep\n|turn|2\n|c|\u2606TexanFarmersMarket|tyrantrum is one of my favorite pokemon\n|\n|t:|1699797153\n|move|p1a: Tyrantrum|Head Smash|p2a: Breakdancer\n|-resisted|p2a: Breakdancer\n|-damage|p2a: Breakdancer|60\/100\n|move|p2a: Breakdancer|Triple Axel|p1a: Tyrantrum\n|-supereffective|p1a: Tyrantrum\n|-damage|p1a: Tyrantrum|68\/100\n|-supereffective|p1a: Tyrantrum\n|-damage|p1a: Tyrantrum|25\/100\n|-supereffective|p1a: Tyrantrum\n|-damage|p1a: Tyrantrum|0 fnt\n|faint|p1a: Tyrantrum\n|-hitcount|p1: Tyrantrum|3\n|\n|upkeep\n|c|\u2606Dinotrooper|I dunno why I clicked that\n|\n|t:|1699797172\n|switch|p1a: Kyurem|Kyurem|100\/100\n|-ability|p1a: Kyurem|Pressure\n|turn|3\n|\n|t:|1699797183\n|-terastallize|p1a: Kyurem|Fairy\n|move|p2a: Breakdancer|Mach Punch|p1a: Kyurem\n|-resisted|p1a: Kyurem\n|-damage|p1a: Kyurem|86\/100\n|move|p1a: Kyurem|Dragon Dance|p1a: Kyurem\n|-boost|p1a: Kyurem|atk|1\n|-boost|p1a: Kyurem|spe|1\n|\n|upkeep\n|turn|4\n|c|\u2606TexanFarmersMarket|damn it i knew i should have gone for the other one\n|\n|t:|1699797199\n|move|p2a: Breakdancer|Bullet Punch|p1a: Kyurem\n|-supereffective|p1a: Kyurem\n|-damage|p1a: Kyurem|44\/100\n|move|p1a: Kyurem|Dragon Claw|p2a: Breakdancer\n|-damage|p2a: Breakdancer|0 fnt\n|faint|p2a: Breakdancer\n|\n|upkeep\n|\n|t:|1699797203\n|switch|p2a: Contact Only|Aggron, M|100\/100\n|turn|5\n|\n|t:|1699797220\n|switch|p1a: Goodra|Goodra-Hisui, M|100\/100\n|move|p2a: Contact Only|Counter||[still]\n|-fail|p2a: Contact Only\n|\n|upkeep\n|turn|6\n|c|\u2606TexanFarmersMarket|aw\n|\n|t:|1699797225\n|move|p1a: Goodra|Surf|p2a: Contact Only\n|-supereffective|p2a: Contact Only\n|-damage|p2a: Contact Only|38\/100\n|move|p2a: Contact Only|Earthquake|p1a: Goodra\n|-supereffective|p1a: Goodra\n|-damage|p1a: Goodra|33\/100\n|\n|upkeep\n|turn|7\n|\n|t:|1699797233\n|switch|p2a: AHHHH!!!!!|Noivern, F|100\/100\n|-item|p1a: Goodra|Assault Vest|[from] ability: Frisk|[of] p2a: AHHHH!!!!!|[identify]\n|move|p1a: Goodra|Surf|p2a: AHHHH!!!!!\n|-resisted|p2a: AHHHH!!!!!\n|-damage|p2a: AHHHH!!!!!|80\/100\n|\n|upkeep\n|turn|8\n|\n|t:|1699797247\n|move|p2a: AHHHH!!!!!|Heat Wave|p1a: Goodra\n|-damage|p1a: Goodra|17\/100\n|move|p1a: Goodra|Draco Meteor|p2a: AHHHH!!!!!\n|-supereffective|p2a: AHHHH!!!!!\n|-damage|p2a: AHHHH!!!!!|0 fnt\n|-unboost|p1a: Goodra|spa|2\n|faint|p2a: AHHHH!!!!!\n|\n|upkeep\n|\n|t:|1699797252\n|switch|p2a: Not Pikachu|Mimikyu, M|100\/100\n|turn|9\n|\n|t:|1699797258\n|move|p2a: Not Pikachu|Swords Dance|p2a: Not Pikachu\n|-boost|p2a: Not Pikachu|atk|2\n|move|p1a: Goodra|Acid Spray|p2a: Not Pikachu\n|-activate|p2a: Not Pikachu|ability: Disguise\n|-damage|p2a: Not Pikachu|100\/100\n|-unboost|p2a: Not Pikachu|spd|2\n|detailschange|p2a: Not Pikachu|Mimikyu-Busted, M\n|-damage|p2a: Not Pikachu|88\/100|[from] pokemon: Mimikyu-Busted\n|\n|upkeep\n|turn|10\n|\n|t:|1699797262\n|move|p2a: Not Pikachu|Shadow Sneak|p1a: Goodra\n|-damage|p1a: Goodra|0 fnt\n|faint|p1a: Goodra\n|\n|upkeep\n|\n|t:|1699797265\n|switch|p1a: Turtonator|Turtonator, F|100\/100\n|turn|11\n|\n|t:|1699797268\n|-zpower|p2a: Not Pikachu\n|move|p2a: Not Pikachu|Let's Snuggle Forever|p1a: Turtonator|[zeffect]\n|-damage|p1a: Turtonator|0 fnt\n|faint|p1a: Turtonator\n|\n|upkeep\n|\n|t:|1699797283\n|switch|p1a: Hydreigon|Hydreigon, F|100\/100\n|turn|12\n|\n|t:|1699797285\n|move|p1a: Hydreigon|Dark Pulse|p2a: Not Pikachu\n|-damage|p2a: Not Pikachu|0 fnt\n|faint|p2a: Not Pikachu\n|-damage|p1a: Hydreigon|91\/100|[from] item: Life Orb\n|\n|upkeep\n|\n|t:|1699797290\n|switch|p2a: Gamefreak What|Lopunny, M|100\/100\n|turn|13\n|\n|t:|1699797304\n|detailschange|p2a: Gamefreak What|Lopunny-Mega, M\n|-mega|p2a: Gamefreak What|Lopunny|Lopunnite\n|move|p2a: Gamefreak What|Fake Out|p1a: Hydreigon\n|-damage|p1a: Hydreigon|65\/100\n|cant|p1a: Hydreigon|flinch\n|\n|upkeep\n|turn|14\n|\n|t:|1699797309\n|switch|p1a: Kyurem|Kyurem, tera:Fairy|44\/100\n|-ability|p1a: Kyurem|Pressure\n|move|p2a: Gamefreak What|High Jump Kick|p1a: Kyurem\n|-resisted|p1a: Kyurem\n|-crit|p1a: Kyurem\n|-damage|p1a: Kyurem|0 fnt\n|faint|p1a: Kyurem\n|\n|upkeep\n|\n|t:|1699797311\n|switch|p1a: Altaria|Altaria, M|100\/100\n|turn|15\n|\n|t:|1699797319\n|detailschange|p1a: Altaria|Altaria-Mega, M\n|-mega|p1a: Altaria|Altaria|Altarianite\n|move|p2a: Gamefreak What|Ice Punch|p1a: Altaria\n|-supereffective|p1a: Altaria\n|-damage|p1a: Altaria|43\/100\n|move|p1a: Altaria|Return|p2a: Gamefreak What\n|-supereffective|p2a: Gamefreak What\n|-damage|p2a: Gamefreak What|0 fnt\n|faint|p2a: Gamefreak What\n|\n|upkeep\n|\n|t:|1699797325\n|switch|p2a: Not Ursaring|Ursaluna, F|100\/100\n|turn|16\n|\n|t:|1699797328\n|move|p2a: Not Ursaring|Protect|p2a: Not Ursaring\n|-singleturn|p2a: Not Ursaring|Protect\n|move|p1a: Altaria|Return|p2a: Not Ursaring\n|-activate|p2a: Not Ursaring|move: Protect\n|\n|-status|p2a: Not Ursaring|brn|[from] item: Flame Orb\n|upkeep\n|turn|17\n|\n|t:|1699797331\n|move|p1a: Altaria|Return|p2a: Not Ursaring\n|-damage|p2a: Not Ursaring|54\/100 brn\n|move|p2a: Not Ursaring|Facade|p1a: Altaria\n|-damage|p1a: Altaria|0 fnt\n|faint|p1a: Altaria\n|\n|-damage|p2a: Not Ursaring|48\/100 brn|[from] brn\n|upkeep\n|\n|t:|1699797334\n|switch|p1a: Hydreigon|Hydreigon, F|65\/100\n|turn|18\n|\n|t:|1699797340\n|move|p1a: Hydreigon|Dark Pulse|p2a: Not Ursaring\n|-crit|p2a: Not Ursaring\n|-damage|p2a: Not Ursaring|0 fnt\n|faint|p2a: Not Ursaring\n|-damage|p1a: Hydreigon|55\/100|[from] item: Life Orb\n|\n|upkeep\n|\n|t:|1699797342\n|switch|p2a: Contact Only|Aggron, M|38\/100\n|turn|19\n|c|\u2606TexanFarmersMarket|yeah im screwed\n|\n|t:|1699797348\n|move|p1a: Hydreigon|Dark Pulse|p2a: Contact Only\n|-damage|p2a: Contact Only|0 fnt\n|faint|p2a: Contact Only\n|-damage|p1a: Hydreigon|45\/100|[from] item: Life Orb\n|\n|win|Dinotrooper\n|c|\u2606Dinotrooper|very close\n|c|\u2606TexanFarmersMarket|ggwp\n|c|\u2606TexanFarmersMarket|yeah\n","uploadtime":1699797362,"views":15,"p1id":"dinotrooper","p2id":"texanfarmersmarket","formatid":"gen9nationaldex","rating":0,"private":0,"password":""}