{"id":"gen9nationaldex-1988386251","p1":"jingming","p2":"Donato Fallito","format":"[Gen 9] National Dex","log":"|j|\u2606jingming\n|j|\u2606Donato Fallito\n|t:|1699717077\n|gametype|singles\n|player|p1|jingming|red|1262\n|player|p2|Donato Fallito|hiker-gen4|1361\n|teamsize|p1|6\n|teamsize|p2|6\n|gen|9\n|tier|[Gen 9] National Dex\n|rated|\n|rule|HP Percentage Mod: HP is shown in percentages\n|rule|Endless Battle Clause: Forcing endless battles is banned\n|rule|OHKO Clause: OHKO moves are banned\n|rule|Evasion Clause: Evasion abilities, items, and moves are banned\n|rule|Evasion Abilities Clause: Evasion abilities are banned\n|rule|Evasion Items Clause: Evasion items are banned\n|rule|Evasion Moves Clause: Evasion moves are banned\n|rule|Species Clause: Limit one of each Pok\u00e9mon\n|rule|Sleep Clause Mod: Limit one foe put to sleep\n|clearpoke\n|poke|p1|Corviknight, M|\n|poke|p1|Ceruledge, F|\n|poke|p1|Garganacl, M|\n|poke|p1|Umbreon, F|\n|poke|p1|Glalie, M|\n|poke|p1|Beheeyem, F|\n|poke|p2|Toxapex, M|\n|poke|p2|Ferrothorn, M|\n|poke|p2|Clefable, F|\n|poke|p2|Clodsire, M|\n|poke|p2|Corviknight, F|\n|poke|p2|Chansey, F|\n|teampreview\n|inactive|Battle timer is ON: inactive players will automatically lose when time's up. (requested by jingming)\n|\n|t:|1699717094\n|start\n|switch|p1a: Beheeyem|Beheeyem, F|100\/100\n|switch|p2a: The REDDITMON|Clodsire, M|100\/100\n|turn|1\n|\n|t:|1699717104\n|switch|p2a: The Luigi|Ferrothorn, M|100\/100\n|move|p1a: Beheeyem|Future Sight|p2a: The Luigi\n|-start|p1a: Beheeyem|move: Future Sight\n|\n|upkeep\n|turn|2\n|\n|t:|1699717112\n|move|p2a: The Luigi|Knock Off|p1a: Beheeyem\n|-supereffective|p1a: Beheeyem\n|-enditem|p1a: Beheeyem|Colbur Berry|[eat]\n|-enditem|p1a: Beheeyem|Colbur Berry|[weaken]\n|-damage|p1a: Beheeyem|61\/100\n|move|p1a: Beheeyem|Teleport|p1a: Beheeyem\n|\n|t:|1699717121\n|switch|p1a: Ceruledge|Ceruledge, F|100\/100|[from] Teleport\n|\n|upkeep\n|turn|3\n|\n|t:|1699717134\n|-terastallize|p2a: The Luigi|Normal\n|move|p1a: Ceruledge|Bulk Up|p1a: Ceruledge\n|-boost|p1a: Ceruledge|atk|1\n|-boost|p1a: Ceruledge|def|1\n|move|p2a: The Luigi|Knock Off|p1a: Ceruledge\n|-supereffective|p1a: Ceruledge\n|-damage|p1a: Ceruledge|17\/100\n|-enditem|p1a: Ceruledge|Leftovers|[from] move: Knock Off|[of] p2a: The Luigi\n|\n|-end|p2a: The Luigi|move: Future Sight\n|-damage|p2a: The Luigi|58\/100\n|upkeep\n|turn|4\n|\n|t:|1699717149\n|move|p1a: Ceruledge|Bitter Blade|p2a: The Luigi\n|-damage|p2a: The Luigi|9\/100\n|-heal|p1a: Ceruledge|47\/100|[from] drain|[of] p2a: The Luigi\n|-damage|p1a: Ceruledge|35\/100|[from] ability: Iron Barbs|[of] p2a: The Luigi\n|move|p2a: The Luigi|Knock Off|p1a: Ceruledge\n|-supereffective|p1a: Ceruledge\n|-damage|p1a: Ceruledge|0 fnt\n|faint|p1a: Ceruledge\n|\n|upkeep\n|\n|t:|1699717161\n|switch|p1a: Glalie|Glalie, M|100\/100\n|turn|5\n|\n|t:|1699717165\n|detailschange|p1a: Glalie|Glalie-Mega, M\n|-mega|p1a: Glalie|Glalie|Glalitite\n|move|p1a: Glalie|Ice Shard|p2a: The Luigi\n|-damage|p2a: The Luigi|0 fnt\n|faint|p2a: The Luigi\n|\n|upkeep\n|\n|t:|1699717172\n|switch|p2a: The staller GOD|Toxapex, M, shiny|100\/100\n|turn|6\n|\n|t:|1699717178\n|move|p1a: Glalie|Spikes|p2a: The staller GOD\n|-sidestart|p2: Donato Fallito|Spikes\n|move|p2a: The staller GOD|Gunk Shot|p1a: Glalie\n|-damage|p1a: Glalie|19\/100\n|\n|upkeep\n|turn|7\n|\n|t:|1699717185\n|move|p1a: Glalie|Explosion|p2a: The staller GOD\n|-resisted|p2a: The staller GOD\n|-damage|p2a: The staller GOD|41\/100\n|faint|p1a: Glalie\n|move|p2a: The staller GOD|Gunk Shot|p1: Glalie|[notarget]\n|-fail|p2a: The staller GOD\n|\n|upkeep\n|\n|t:|1699717196\n|switch|p1a: Beheeyem|Beheeyem, F|61\/100\n|turn|8\n|\n|t:|1699717201\n|switch|p2a: DODORIA|Chansey, F|100\/100\n|-damage|p2a: DODORIA|88\/100|[from] Spikes\n|move|p1a: Beheeyem|Future Sight|p2a: DODORIA\n|-start|p1a: Beheeyem|move: Future Sight\n|\n|upkeep\n|turn|9\n|\n|t:|1699717210\n|move|p2a: DODORIA|Tri Attack|p1a: Beheeyem\n|-crit|p1a: Beheeyem\n|-damage|p1a: Beheeyem|41\/100\n|move|p1a: Beheeyem|Recover|p1a: Beheeyem\n|-heal|p1a: Beheeyem|91\/100\n|\n|upkeep\n|turn|10\n|\n|t:|1699717217\n|move|p2a: DODORIA|Tri Attack|p1a: Beheeyem\n|-damage|p1a: Beheeyem|78\/100\n|-status|p1a: Beheeyem|frz\n|cant|p1a: Beheeyem|frz\n|\n|-end|p2a: DODORIA|move: Future Sight\n|-damage|p2a: DODORIA|72\/100\n|upkeep\n|turn|11\n|\n|t:|1699717226\n|switch|p2a: The Mega Skarmory|Corviknight, F|100\/100\n|-ability|p2a: The Mega Skarmory|Pressure\n|cant|p1a: Beheeyem|frz\n|\n|upkeep\n|turn|12\n|\n|t:|1699717235\n|move|p2a: The Mega Skarmory|Bulk Up|p2a: The Mega Skarmory\n|-boost|p2a: The Mega Skarmory|atk|1\n|-boost|p2a: The Mega Skarmory|def|1\n|cant|p1a: Beheeyem|frz\n|\n|upkeep\n|turn|13\n|\n|t:|1699717239\n|move|p2a: The Mega Skarmory|Bulk Up|p2a: The Mega Skarmory\n|-boost|p2a: The Mega Skarmory|atk|1\n|-boost|p2a: The Mega Skarmory|def|1\n|cant|p1a: Beheeyem|frz\n|\n|upkeep\n|turn|14\n|\n|t:|1699717246\n|move|p2a: The Mega Skarmory|Bulk Up|p2a: The Mega Skarmory\n|-boost|p2a: The Mega Skarmory|atk|1\n|-boost|p2a: The Mega Skarmory|def|1\n|-curestatus|p1a: Beheeyem|frz|[msg]\n|move|p1a: Beheeyem|Future Sight|p2a: The Mega Skarmory\n|-start|p1a: Beheeyem|move: Future Sight\n|\n|upkeep\n|turn|15\n|\n|t:|1699717256\n|move|p2a: The Mega Skarmory|Agility|p2a: The Mega Skarmory\n|-boost|p2a: The Mega Skarmory|spe|2\n|move|p1a: Beheeyem|Thunderbolt|p2a: The Mega Skarmory\n|-supereffective|p2a: The Mega Skarmory\n|-crit|p2a: The Mega Skarmory\n|-damage|p2a: The Mega Skarmory|49\/100\n|-enditem|p2a: The Mega Skarmory|Weakness Policy\n|-boost|p2a: The Mega Skarmory|atk|2|[from] item: Weakness Policy\n|-boost|p2a: The Mega Skarmory|spa|2|[from] item: Weakness Policy\n|\n|upkeep\n|turn|16\n|\n|t:|1699717273\n|switch|p1a: Umbreon|Umbreon, F|100\/100\n|move|p2a: The Mega Skarmory|Power Trip|p1a: Umbreon\n|-resisted|p1a: Umbreon\n|-damage|p1a: Umbreon|27\/100\n|\n|-end|p2a: The Mega Skarmory|move: Future Sight\n|-resisted|p2a: The Mega Skarmory\n|-damage|p2a: The Mega Skarmory|31\/100\n|-heal|p1a: Umbreon|33\/100|[from] item: Leftovers\n|upkeep\n|turn|17\n|\n|t:|1699717287\n|move|p1a: Umbreon|Protect|p1a: Umbreon\n|-singleturn|p1a: Umbreon|Protect\n|move|p2a: The Mega Skarmory|Power Trip|p1a: Umbreon\n|-activate|p1a: Umbreon|move: Protect\n|\n|-heal|p1a: Umbreon|39\/100|[from] item: Leftovers\n|upkeep\n|turn|18\n|\n|t:|1699717296\n|move|p2a: The Mega Skarmory|Power Trip|p1a: Umbreon\n|-resisted|p1a: Umbreon\n|-damage|p1a: Umbreon|0 fnt\n|faint|p1a: Umbreon\n|\n|upkeep\n|\n|t:|1699717299\n|switch|p1a: Beheeyem|Beheeyem, F|78\/100\n|turn|19\n|\n|t:|1699717305\n|switch|p1a: Corviknight|Corviknight, M|100\/100\n|move|p2a: The Mega Skarmory|Power Trip|p1a: Corviknight\n|-crit|p1a: Corviknight\n|-damage|p1a: Corviknight|0 fnt\n|-damage|p2a: The Mega Skarmory|14\/100|[from] item: Rocky Helmet|[of] p1a: Corviknight\n|faint|p1a: Corviknight\n|\n|upkeep\n|\n|t:|1699717315\n|switch|p1a: Garganacl|Garganacl, M|100\/100\n|turn|20\n|\n|t:|1699717324\n|move|p2a: The Mega Skarmory|Power Trip|p1a: Garganacl\n|-damage|p1a: Garganacl|0 fnt\n|faint|p1a: Garganacl\n|\n|upkeep\n|\n|t:|1699717328\n|switch|p1a: Beheeyem|Beheeyem, F|78\/100\n|turn|21\n|\n|t:|1699717331\n|move|p2a: The Mega Skarmory|Power Trip|p1a: Beheeyem\n|-supereffective|p1a: Beheeyem\n|-damage|p1a: Beheeyem|0 fnt\n|faint|p1a: Beheeyem\n|\n|win|Donato Fallito\n|raw|jingming's rating: 1262 &rarr; <strong>1244<\/strong><br \/>(-18 for losing)\n|raw|Donato Fallito's rating: 1361 &rarr; <strong>1375<\/strong><br \/>(+14 for winning)\n|l|\u2606jingming\n","uploadtime":1699717337,"views":15,"p1id":"jingming","p2id":"donatofallito","formatid":"gen9nationaldex","rating":1244,"private":0,"password":""}