{"id":"gen9nationaldex-1990292495","p1":"meizhishi","p2":"xxyyzlu","format":"[Gen 9] National Dex","log":"|j|\u2606meizhishi\n|j|\u2606xxyyzlu\n|t:|1699951912\n|gametype|singles\n|player|p1|meizhishi|1|1449\n|player|p2|xxyyzlu|2|1478\n|teamsize|p1|6\n|teamsize|p2|6\n|gen|9\n|tier|[Gen 9] National Dex\n|rated|\n|rule|HP Percentage Mod: HP is shown in percentages\n|rule|Endless Battle Clause: Forcing endless battles is banned\n|rule|OHKO Clause: OHKO moves are banned\n|rule|Evasion Clause: Evasion abilities, items, and moves are banned\n|rule|Evasion Abilities Clause: Evasion abilities are banned\n|rule|Evasion Items Clause: Evasion items are banned\n|rule|Evasion Moves Clause: Evasion moves are banned\n|rule|Species Clause: Limit one of each Pok\u00e9mon\n|rule|Sleep Clause Mod: Limit one foe put to sleep\n|clearpoke\n|poke|p1|Bisharp, M|\n|poke|p1|Aegislash, M|\n|poke|p1|Clodsire, F|\n|poke|p1|Rillaboom, F|\n|poke|p1|Moltres|\n|poke|p1|Lopunny, F|\n|poke|p2|Garchomp, M|\n|poke|p2|Goodra-Hisui, M|\n|poke|p2|Absol, M|\n|poke|p2|Munkidori, M|\n|poke|p2|Gliscor, M|\n|poke|p2|Rotom-Wash|\n|teampreview\n|\n|t:|1699951926\n|start\n|switch|p1a: Lopunny|Lopunny, F|100\/100\n|switch|p2a: Absol|Absol, M|100\/100\n|-ability|p2a: Absol|Pressure\n|turn|1\n|\n|t:|1699951931\n|switch|p2a: Garchomp|Garchomp, M|100\/100\n|detailschange|p1a: Lopunny|Lopunny-Mega, F\n|-mega|p1a: Lopunny|Lopunny|Lopunnite\n|move|p1a: Lopunny|Frustration|p2a: Garchomp\n|-damage|p2a: Garchomp|67\/100\n|-damage|p1a: Lopunny|88\/100|[from] ability: Rough Skin|[of] p2a: Garchomp\n|-damage|p1a: Lopunny|72\/100|[from] item: Rocky Helmet|[of] p2a: Garchomp\n|\n|upkeep\n|turn|2\n|\n|t:|1699951942\n|switch|p1a: Moltres|Moltres|100\/100\n|move|p2a: Garchomp|Stealth Rock|p1a: Moltres\n|-sidestart|p1: meizhishi|move: Stealth Rock\n|\n|upkeep\n|turn|3\n|\n|t:|1699951948\n|switch|p2a: Absol|Absol, M|100\/100\n|-ability|p2a: Absol|Pressure\n|move|p1a: Moltres|Hurricane|p2a: Absol\n|-damage|p2a: Absol|23\/100\n|\n|upkeep\n|turn|4\n|\n|t:|1699951960\n|detailschange|p2a: Absol|Absol-Mega, M\n|-mega|p2a: Absol|Absol|Absolite\n|move|p2a: Absol|Ice Beam|p1a: Moltres\n|-damage|p1a: Moltres|76\/100\n|-status|p1a: Moltres|frz\n|cant|p1a: Moltres|frz\n|\n|upkeep\n|turn|5\n|\n|t:|1699951976\n|switch|p2a: Rotom|Rotom-Wash|100\/100\n|cant|p1a: Moltres|frz\n|\n|upkeep\n|turn|6\n|\n|t:|1699951984\n|switch|p1a: Clodsire|Clodsire, F|100\/100\n|-damage|p1a: Clodsire|94\/100|[from] Stealth Rock\n|switch|p2a: Gliscor|Gliscor, M|100\/100\n|\n|-heal|p1a: Clodsire|100\/100|[from] item: Black Sludge\n|-status|p2a: Gliscor|tox|[from] item: Toxic Orb\n|upkeep\n|turn|7\n|\n|t:|1699951991\n|move|p2a: Gliscor|Knock Off|p1a: Clodsire\n|-damage|p1a: Clodsire|76\/100\n|-enditem|p1a: Clodsire|Black Sludge|[from] move: Knock Off|[of] p2a: Gliscor\n|move|p1a: Clodsire|Stealth Rock|p2a: Gliscor\n|-sidestart|p2: xxyyzlu|move: Stealth Rock\n|\n|upkeep\n|turn|8\n|\n|t:|1699952002\n|switch|p1a: Moltres|Moltres|76\/100 frz\n|move|p2a: Gliscor|Earthquake|p1a: Moltres\n|-immune|p1a: Moltres\n|\n|upkeep\n|turn|9\n|\n|t:|1699952013\n|switch|p2a: Rotom|Rotom-Wash|100\/100\n|-damage|p2a: Rotom|88\/100|[from] Stealth Rock\n|cant|p1a: Moltres|frz\n|\n|-heal|p2a: Rotom|94\/100|[from] item: Leftovers\n|upkeep\n|turn|10\n|\n|t:|1699952019\n|cant|p1a: Moltres|frz\n|move|p2a: Rotom|Volt Switch|p1a: Moltres\n|-supereffective|p1a: Moltres\n|-damage|p1a: Moltres|38\/100 frz\n|\n|t:|1699952026\n|switch|p2a: Goodra|Goodra-Hisui, M|100\/100|[from] Volt Switch\n|-damage|p2a: Goodra|94\/100|[from] Stealth Rock\n|\n|upkeep\n|turn|11\n|\n|t:|1699952030\n|-curestatus|p1a: Moltres|frz|[msg]\n|move|p1a: Moltres|Roost|p1a: Moltres\n|-heal|p1a: Moltres|88\/100\n|-singleturn|p1a: Moltres|move: Roost\n|move|p2a: Goodra|Draco Meteor|p1a: Moltres|[miss]\n|-miss|p2a: Goodra|p1a: Moltres\n|\n|upkeep\n|turn|12\n|\n|t:|1699952051\n|move|p1a: Moltres|Mystical Fire|p2a: Goodra\n|-damage|p2a: Goodra|83\/100\n|-unboost|p2a: Goodra|spa|1\n|move|p2a: Goodra|Draco Meteor|p1a: Moltres\n|-damage|p1a: Moltres|51\/100\n|-unboost|p2a: Goodra|spa|2\n|\n|upkeep\n|turn|13\n|\n|t:|1699952058\n|switch|p2a: Munkidori|Munkidori, M|100\/100\n|move|p1a: Moltres|Roost|p1a: Moltres\n|-heal|p1a: Moltres|100\/100\n|-singleturn|p1a: Moltres|move: Roost\n|\n|upkeep\n|turn|14\n|\n|t:|1699952062\n|move|p2a: Munkidori|Fake Out|p1a: Moltres\n|-crit|p1a: Moltres\n|-damage|p1a: Moltres|92\/100\n|-status|p1a: Moltres|tox|[from] ability: Toxic Chain|[of] p2a: Munkidori\n|cant|p1a: Moltres|flinch\n|\n|-damage|p1a: Moltres|86\/100 tox|[from] psn\n|upkeep\n|turn|15\n|\n|t:|1699952069\n|move|p2a: Munkidori|U-turn|p1a: Moltres\n|-resisted|p1a: Moltres\n|-damage|p1a: Moltres|83\/100 tox\n|\n|t:|1699952074\n|switch|p2a: Rotom|Rotom-Wash|94\/100|[from] U-turn\n|-damage|p2a: Rotom|82\/100|[from] Stealth Rock\n|move|p1a: Moltres|Mystical Fire|p2a: Rotom\n|-resisted|p2a: Rotom\n|-damage|p2a: Rotom|71\/100\n|-unboost|p2a: Rotom|spa|1\n|\n|-heal|p2a: Rotom|77\/100|[from] item: Leftovers\n|-damage|p1a: Moltres|71\/100 tox|[from] psn\n|upkeep\n|turn|16\n|\n|t:|1699952081\n|switch|p2a: Gliscor|Gliscor, M|100\/100 tox\n|-damage|p2a: Gliscor|88\/100 tox|[from] Stealth Rock\n|move|p1a: Moltres|Roost|p1a: Moltres\n|-heal|p1a: Moltres|100\/100 tox\n|-singleturn|p1a: Moltres|move: Roost\n|\n|-heal|p2a: Gliscor|100\/100 tox|[from] ability: Poison Heal\n|-damage|p1a: Moltres|82\/100 tox|[from] psn\n|upkeep\n|turn|17\n|\n|t:|1699952094\n|move|p2a: Gliscor|Knock Off|p1a: Moltres\n|-damage|p1a: Moltres|64\/100 tox\n|-enditem|p1a: Moltres|Heavy-Duty Boots|[from] move: Knock Off|[of] p2a: Gliscor\n|move|p1a: Moltres|Hurricane|p2a: Gliscor|[miss]\n|-miss|p1a: Moltres|p2a: Gliscor\n|\n|-damage|p1a: Moltres|40\/100 tox|[from] psn\n|upkeep\n|turn|18\n|\n|t:|1699952104\n|switch|p2a: Goodra|Goodra-Hisui, M|83\/100\n|-damage|p2a: Goodra|77\/100|[from] Stealth Rock\n|move|p1a: Moltres|Defog|p2a: Goodra\n|-unboost|p2a: Goodra|evasion|1\n|-sideend|p2: xxyyzlu|Stealth Rock|[from] move: Defog|[of] p1a: Moltres\n|-sideend|p1: meizhishi|Stealth Rock|[from] move: Defog|[of] p1a: Moltres\n|\n|-damage|p1a: Moltres|10\/100 tox|[from] psn\n|upkeep\n|turn|19\n|\n|t:|1699952113\n|switch|p1a: Aegislash|Aegislash, M|100\/100\n|move|p2a: Goodra|Earthquake|p1a: Aegislash\n|-supereffective|p1a: Aegislash\n|-damage|p1a: Aegislash|65\/100\n|\n|-heal|p1a: Aegislash|71\/100|[from] item: Leftovers\n|upkeep\n|turn|20\n|\n|t:|1699952122\n|switch|p2a: Garchomp|Garchomp, M|67\/100\n|move|p1a: Aegislash|Substitute|p1a: Aegislash\n|-start|p1a: Aegislash|Substitute\n|-damage|p1a: Aegislash|46\/100\n|\n|-heal|p1a: Aegislash|52\/100|[from] item: Leftovers\n|upkeep\n|turn|21\n|\n|t:|1699952129\n|move|p2a: Garchomp|Earthquake|p1a: Aegislash\n|-supereffective|p1a: Aegislash\n|-end|p1a: Aegislash|Substitute\n|-formechange|p1a: Aegislash|Aegislash-Blade||[from] ability: Stance Change\n|move|p1a: Aegislash|Shadow Ball|p2a: Garchomp\n|-damage|p2a: Garchomp|27\/100\n|-unboost|p2a: Garchomp|spd|1\n|\n|-heal|p1a: Aegislash|58\/100|[from] item: Leftovers\n|upkeep\n|turn|22\n|\n|t:|1699952139\n|-formechange|p1a: Aegislash|Aegislash||[from] ability: Stance Change\n|move|p1a: Aegislash|King's Shield|p1a: Aegislash\n|-singleturn|p1a: Aegislash|Protect\n|move|p2a: Garchomp|Stealth Rock|p1a: Aegislash\n|-sidestart|p1: meizhishi|move: Stealth Rock\n|\n|-heal|p1a: Aegislash|64\/100|[from] item: Leftovers\n|upkeep\n|turn|23\n|\n|t:|1699952147\n|-terastallize|p1a: Aegislash|Water\n|move|p2a: Garchomp|Earthquake|p1a: Aegislash\n|-damage|p1a: Aegislash|33\/100\n|-formechange|p1a: Aegislash|Aegislash-Blade||[from] ability: Stance Change\n|move|p1a: Aegislash|Shadow Ball|p2a: Garchomp\n|-damage|p2a: Garchomp|0 fnt\n|faint|p2a: Garchomp\n|\n|-heal|p1a: Aegislash|39\/100|[from] item: Leftovers\n|upkeep\n|\n|t:|1699952154\n|switch|p2a: Munkidori|Munkidori, M|100\/100\n|turn|24\n|\n|t:|1699952158\n|-formechange|p1a: Aegislash|Aegislash||[from] ability: Stance Change\n|move|p1a: Aegislash|King's Shield|p1a: Aegislash\n|-singleturn|p1a: Aegislash|Protect\n|move|p2a: Munkidori|Sludge Bomb|p1a: Aegislash\n|-activate|p1a: Aegislash|move: Protect\n|\n|-heal|p1a: Aegislash|45\/100|[from] item: Leftovers\n|upkeep\n|turn|25\n|\n|t:|1699952166\n|move|p2a: Munkidori|U-turn|p1a: Aegislash\n|-damage|p1a: Aegislash|35\/100\n|\n|t:|1699952169\n|switch|p2a: Goodra|Goodra-Hisui, M|77\/100|[from] U-turn\n|-formechange|p1a: Aegislash|Aegislash-Blade||[from] ability: Stance Change\n|move|p1a: Aegislash|Shadow Ball|p2a: Goodra\n|-damage|p2a: Goodra|58\/100\n|-unboost|p2a: Goodra|spd|1\n|\n|-heal|p1a: Aegislash|41\/100|[from] item: Leftovers\n|upkeep\n|turn|26\n|\n|t:|1699952178\n|-formechange|p1a: Aegislash|Aegislash||[from] ability: Stance Change\n|move|p1a: Aegislash|King's Shield|p1a: Aegislash\n|-singleturn|p1a: Aegislash|Protect\n|move|p2a: Goodra|Draco Meteor|p1a: Aegislash\n|-activate|p1a: Aegislash|move: Protect\n|\n|-heal|p1a: Aegislash|47\/100|[from] item: Leftovers\n|upkeep\n|turn|27\n|\n|t:|1699952183\n|-formechange|p1a: Aegislash|Aegislash-Blade||[from] ability: Stance Change\n|move|p1a: Aegislash|Shadow Ball|p2a: Goodra\n|-damage|p2a: Goodra|29\/100\n|move|p2a: Goodra|Draco Meteor|p1a: Aegislash|[miss]\n|-miss|p2a: Goodra|p1a: Aegislash\n|\n|-heal|p1a: Aegislash|54\/100|[from] item: Leftovers\n|upkeep\n|turn|28\n|\n|t:|1699952191\n|switch|p2a: Rotom|Rotom-Wash|77\/100\n|-formechange|p1a: Aegislash|Aegislash||[from] ability: Stance Change\n|move|p1a: Aegislash|King's Shield||[still]\n|-fail|p1a: Aegislash\n|\n|-heal|p2a: Rotom|83\/100|[from] item: Leftovers\n|-heal|p1a: Aegislash|60\/100|[from] item: Leftovers\n|upkeep\n|turn|29\n|\n|t:|1699952195\n|move|p2a: Rotom|Volt Switch|p1a: Aegislash\n|-supereffective|p1a: Aegislash\n|-damage|p1a: Aegislash|17\/100\n|\n|t:|1699952200\n|switch|p2a: Absol|Absol-Mega, M|23\/100|[from] Volt Switch\n|move|p1a: Aegislash|Substitute|p1a: Aegislash\n|-fail|p1a: Aegislash|move: Substitute|[weak]\n|\n|-heal|p1a: Aegislash|23\/100|[from] item: Leftovers\n|upkeep\n|turn|30\n|\n|t:|1699952209\n|-formechange|p1a: Aegislash|Aegislash-Blade||[from] ability: Stance Change\n|move|p1a: Aegislash|Shadow Sneak|p2a: Absol\n|-resisted|p2a: Absol\n|-damage|p2a: Absol|3\/100\n|move|p2a: Absol|Close Combat|p1a: Aegislash\n|-damage|p1a: Aegislash|0 fnt\n|-unboost|p2a: Absol|def|1\n|-unboost|p2a: Absol|spd|1\n|faint|p1a: Aegislash\n|\n|upkeep\n|\n|t:|1699952223\n|switch|p1a: Lopunny|Lopunny-Mega, F|72\/100\n|-damage|p1a: Lopunny|66\/100|[from] Stealth Rock\n|turn|31\n|\n|t:|1699952229\n|switch|p2a: Gliscor|Gliscor, M|100\/100 tox\n|move|p1a: Lopunny|U-turn|p2a: Gliscor\n|-resisted|p2a: Gliscor\n|-damage|p2a: Gliscor|93\/100 tox\n|\n|t:|1699952234\n|switch|p1a: Rillaboom|Rillaboom, F|100\/100|[from] U-turn\n|-damage|p1a: Rillaboom|88\/100|[from] Stealth Rock\n|-fieldstart|move: Grassy Terrain|[from] ability: Grassy Surge|[of] p1a: Rillaboom\n|\n|-heal|p1a: Rillaboom|94\/100|[from] Grassy Terrain\n|-heal|p2a: Gliscor|100\/100 tox|[from] ability: Poison Heal\n|upkeep\n|turn|32\n|\n|t:|1699952239\n|move|p1a: Rillaboom|Knock Off|p2a: Gliscor\n|-damage|p2a: Gliscor|70\/100 tox\n|-enditem|p2a: Gliscor|Toxic Orb|[from] move: Knock Off|[of] p1a: Rillaboom\n|move|p2a: Gliscor|Knock Off|p1a: Rillaboom\n|-damage|p1a: Rillaboom|72\/100\n|-enditem|p1a: Rillaboom|Choice Band|[from] move: Knock Off|[of] p2a: Gliscor\n|\n|-heal|p1a: Rillaboom|79\/100|[from] Grassy Terrain\n|-heal|p2a: Gliscor|83\/100 tox|[from] ability: Poison Heal\n|upkeep\n|turn|33\n|\n|t:|1699952250\n|move|p1a: Rillaboom|Wood Hammer|p2a: Gliscor\n|-damage|p2a: Gliscor|28\/100 tox\n|-damage|p1a: Rillaboom|60\/100|[from] Recoil\n|move|p2a: Gliscor|Knock Off|p1a: Rillaboom\n|-damage|p1a: Rillaboom|43\/100\n|\n|-heal|p1a: Rillaboom|49\/100|[from] Grassy Terrain\n|-heal|p2a: Gliscor|41\/100 tox|[from] ability: Poison Heal\n|upkeep\n|turn|34\n|\n|t:|1699952258\n|move|p2a: Gliscor|Protect|p2a: Gliscor\n|-singleturn|p2a: Gliscor|Protect\n|move|p1a: Rillaboom|Knock Off|p2a: Gliscor\n|-activate|p2a: Gliscor|move: Protect\n|\n|-heal|p1a: Rillaboom|55\/100|[from] Grassy Terrain\n|-heal|p2a: Gliscor|53\/100 tox|[from] ability: Poison Heal\n|upkeep\n|turn|35\n|\n|t:|1699952261\n|switch|p2a: Goodra|Goodra-Hisui, M|29\/100\n|move|p1a: Rillaboom|Wood Hammer|p2a: Goodra\n|-ability|p2a: Goodra|Sap Sipper|boost\n|-boost|p2a: Goodra|atk|1\n|\n|-heal|p1a: Rillaboom|61\/100|[from] Grassy Terrain\n|-heal|p2a: Goodra|35\/100|[from] Grassy Terrain\n|-fieldend|move: Grassy Terrain\n|upkeep\n|turn|36\n|\n|t:|1699952267\n|switch|p1a: Moltres|Moltres|10\/100 tox\n|-damage|p1a: Moltres|0 fnt|[from] Stealth Rock\n|faint|p1a: Moltres\n|move|p2a: Goodra|Ice Beam|p1: Moltres|[notarget]\n|-fail|p2a: Goodra\n|\n|upkeep\n|\n|t:|1699952276\n|switch|p1a: Lopunny|Lopunny-Mega, F|66\/100\n|-damage|p1a: Lopunny|60\/100|[from] Stealth Rock\n|turn|37\n|\n|t:|1699952281\n|move|p1a: Lopunny|Close Combat|p2a: Goodra\n|-supereffective|p2a: Goodra\n|-damage|p2a: Goodra|0 fnt\n|-unboost|p1a: Lopunny|def|1\n|-unboost|p1a: Lopunny|spd|1\n|faint|p2a: Goodra\n|\n|upkeep\n|\n|t:|1699952288\n|switch|p2a: Gliscor|Gliscor, M|53\/100 tox\n|turn|38\n|\n|t:|1699952295\n|switch|p1a: Rillaboom|Rillaboom, F|61\/100\n|-damage|p1a: Rillaboom|49\/100|[from] Stealth Rock\n|-fieldstart|move: Grassy Terrain|[from] ability: Grassy Surge|[of] p1a: Rillaboom\n|move|p2a: Gliscor|Roost|p2a: Gliscor\n|-heal|p2a: Gliscor|100\/100 tox\n|-singleturn|p2a: Gliscor|move: Roost\n|\n|-heal|p1a: Rillaboom|55\/100|[from] Grassy Terrain\n|upkeep\n|turn|39\n|\n|t:|1699952303\n|move|p1a: Rillaboom|Wood Hammer|p2a: Gliscor\n|-damage|p2a: Gliscor|52\/100 tox\n|-damage|p1a: Rillaboom|39\/100|[from] Recoil\n|move|p2a: Gliscor|Knock Off|p1a: Rillaboom\n|-damage|p1a: Rillaboom|22\/100\n|\n|-heal|p1a: Rillaboom|29\/100|[from] Grassy Terrain\n|-heal|p2a: Gliscor|65\/100 tox|[from] ability: Poison Heal\n|upkeep\n|turn|40\n|\n|t:|1699952310\n|move|p1a: Rillaboom|Wood Hammer|p2a: Gliscor\n|-damage|p2a: Gliscor|13\/100 tox\n|-damage|p1a: Rillaboom|11\/100|[from] Recoil\n|move|p2a: Gliscor|Roost|p2a: Gliscor\n|-heal|p2a: Gliscor|63\/100 tox\n|-singleturn|p2a: Gliscor|move: Roost\n|\n|-heal|p1a: Rillaboom|17\/100|[from] Grassy Terrain\n|-heal|p2a: Gliscor|69\/100 tox|[from] Grassy Terrain\n|-heal|p2a: Gliscor|82\/100 tox|[from] ability: Poison Heal\n|upkeep\n|turn|41\n|\n|t:|1699952315\n|move|p2a: Gliscor|Protect|p2a: Gliscor\n|-singleturn|p2a: Gliscor|Protect\n|move|p1a: Rillaboom|Wood Hammer|p2a: Gliscor\n|-activate|p2a: Gliscor|move: Protect\n|\n|-heal|p1a: Rillaboom|23\/100|[from] Grassy Terrain\n|-heal|p2a: Gliscor|94\/100 tox|[from] ability: Poison Heal\n|upkeep\n|turn|42\n|\n|t:|1699952322\n|move|p1a: Rillaboom|Wood Hammer|p2a: Gliscor\n|-damage|p2a: Gliscor|44\/100 tox\n|-damage|p1a: Rillaboom|6\/100|[from] Recoil\n|move|p2a: Gliscor|Knock Off|p1a: Rillaboom\n|-damage|p1a: Rillaboom|0 fnt\n|faint|p1a: Rillaboom\n|\n|-heal|p2a: Gliscor|56\/100 tox|[from] ability: Poison Heal\n|-fieldend|move: Grassy Terrain\n|upkeep\n|\n|t:|1699952337\n|switch|p1a: Lopunny|Lopunny-Mega, F|60\/100\n|-damage|p1a: Lopunny|54\/100|[from] Stealth Rock\n|turn|43\n|\n|t:|1699952341\n|move|p2a: Gliscor|Protect|p2a: Gliscor\n|-singleturn|p2a: Gliscor|Protect\n|move|p1a: Lopunny|Fake Out|p2a: Gliscor\n|-activate|p2a: Gliscor|move: Protect\n|\n|-heal|p2a: Gliscor|69\/100 tox|[from] ability: Poison Heal\n|upkeep\n|turn|44\n|\n|t:|1699952349\n|switch|p2a: Absol|Absol-Mega, M|3\/100\n|move|p1a: Lopunny|Frustration|p2a: Absol\n|-damage|p2a: Absol|0 fnt\n|faint|p2a: Absol\n|\n|upkeep\n|\n|t:|1699952353\n|switch|p2a: Munkidori|Munkidori, M|100\/100\n|turn|45\n|\n|t:|1699952356\n|switch|p1a: Bisharp|Bisharp, M|100\/100\n|-damage|p1a: Bisharp|95\/100|[from] Stealth Rock\n|move|p2a: Munkidori|Fake Out|p1a: Bisharp\n|-resisted|p1a: Bisharp\n|-damage|p1a: Bisharp|92\/100\n|\n|upkeep\n|turn|46\n|\n|t:|1699952362\n|move|p2a: Munkidori|U-turn|p1a: Bisharp\n|-damage|p1a: Bisharp|81\/100\n|\n|t:|1699952366\n|switch|p2a: Gliscor|Gliscor, M|69\/100 tox|[from] U-turn\n|move|p1a: Bisharp|Swords Dance|p1a: Bisharp\n|-boost|p1a: Bisharp|atk|2\n|\n|-heal|p2a: Gliscor|81\/100 tox|[from] ability: Poison Heal\n|upkeep\n|turn|47\n|\n|t:|1699952368\n|move|p1a: Bisharp|Swords Dance|p1a: Bisharp\n|-boost|p1a: Bisharp|atk|2\n|move|p2a: Gliscor|Earthquake|p1a: Bisharp\n|-supereffective|p1a: Bisharp\n|-damage|p1a: Bisharp|28\/100\n|\n|-heal|p2a: Gliscor|93\/100 tox|[from] ability: Poison Heal\n|upkeep\n|turn|48\n|\n|t:|1699952374\n|move|p1a: Bisharp|Sucker Punch|p2a: Gliscor\n|-damage|p2a: Gliscor|21\/100 tox\n|move|p2a: Gliscor|Earthquake|p1a: Bisharp\n|-supereffective|p1a: Bisharp\n|-damage|p1a: Bisharp|0 fnt\n|faint|p1a: Bisharp\n|\n|-heal|p2a: Gliscor|34\/100 tox|[from] ability: Poison Heal\n|upkeep\n|\n|t:|1699952378\n|switch|p1a: Lopunny|Lopunny-Mega, F|54\/100\n|-damage|p1a: Lopunny|48\/100|[from] Stealth Rock\n|turn|49\n|\n|t:|1699952381\n|move|p2a: Gliscor|Protect|p2a: Gliscor\n|-singleturn|p2a: Gliscor|Protect\n|move|p1a: Lopunny|Frustration|p2a: Gliscor\n|-activate|p2a: Gliscor|move: Protect\n|\n|-heal|p2a: Gliscor|46\/100 tox|[from] ability: Poison Heal\n|upkeep\n|turn|50\n|\n|t:|1699952386\n|switch|p2a: Munkidori|Munkidori, M|100\/100\n|move|p1a: Lopunny|Frustration|p2a: Munkidori\n|-damage|p2a: Munkidori|23\/100\n|\n|upkeep\n|turn|51\n|\n|t:|1699952390\n|switch|p1a: Clodsire|Clodsire, F|76\/100\n|-damage|p1a: Clodsire|70\/100|[from] Stealth Rock\n|move|p2a: Munkidori|Fake Out|p1a: Clodsire\n|-damage|p1a: Clodsire|63\/100\n|\n|upkeep\n|turn|52\n|\n|t:|1699952396\n|switch|p1a: Lopunny|Lopunny-Mega, F|48\/100\n|-damage|p1a: Lopunny|42\/100|[from] Stealth Rock\n|-terastallize|p2a: Munkidori|Psychic\n|move|p2a: Munkidori|Psyshock|p1a: Lopunny\n|-supereffective|p1a: Lopunny\n|-damage|p1a: Lopunny|0 fnt\n|faint|p1a: Lopunny\n|\n|upkeep\n|-message|meizhishi forfeited.\n|\n|win|xxyyzlu\n|raw|meizhishi's rating: 1449 &rarr; <strong>1431<\/strong><br \/>(-18 for losing)\n|raw|xxyyzlu's rating: 1478 &rarr; <strong>1496<\/strong><br \/>(+18 for winning)\n|l|\u2606meizhishi\n","uploadtime":1699952409,"views":11,"p1id":"meizhishi","p2id":"xxyyzlu","formatid":"gen9nationaldex","rating":1431,"private":0,"password":""}