{"id":"gen9nationaldex-1988475535","p1":"Underwater Sloth","p2":"ihateultrabeast","format":"[Gen 9] National Dex","log":"|j|\u2606Underwater Sloth\n|j|\u2606ihateultrabeast\n|t:|1699726941\n|gametype|singles\n|player|p1|Underwater Sloth|pokekid|1378\n|player|p2|ihateultrabeast|102|1482\n|teamsize|p1|6\n|teamsize|p2|6\n|gen|9\n|tier|[Gen 9] National Dex\n|rated|\n|rule|HP Percentage Mod: HP is shown in percentages\n|rule|Endless Battle Clause: Forcing endless battles is banned\n|rule|OHKO Clause: OHKO moves are banned\n|rule|Evasion Clause: Evasion abilities, items, and moves are banned\n|rule|Evasion Abilities Clause: Evasion abilities are banned\n|rule|Evasion Items Clause: Evasion items are banned\n|rule|Evasion Moves Clause: Evasion moves are banned\n|rule|Species Clause: Limit one of each Pok\u00e9mon\n|rule|Sleep Clause Mod: Limit one foe put to sleep\n|clearpoke\n|poke|p1|Blaziken, M|\n|poke|p1|Urshifu-*, M|\n|poke|p1|Scizor, F|\n|poke|p1|Corviknight, M|\n|poke|p1|Moltres|\n|poke|p1|Great Tusk|\n|poke|p2|Hatterene, F|\n|poke|p2|Stakataka|\n|poke|p2|Rillaboom, M|\n|poke|p2|Iron Hands|\n|poke|p2|Cresselia, F|\n|poke|p2|Camerupt, F|\n|teampreview\n|\n|t:|1699726947\n|start\n|switch|p1a: Blaziken|Blaziken, M|100\/100\n|switch|p2a: Hatterene|Hatterene, F|100\/100\n|turn|1\n|\n|t:|1699726953\n|move|p1a: Blaziken|Swords Dance|p1a: Blaziken\n|-boost|p1a: Blaziken|atk|2\n|move|p2a: Hatterene|Trick Room|p2a: Hatterene\n|-fieldstart|move: Trick Room|[of] p2a: Hatterene\n|\n|-ability|p1a: Blaziken|Speed Boost|boost\n|-boost|p1a: Blaziken|spe|1\n|upkeep\n|turn|2\n|\n|t:|1699726960\n|move|p2a: Hatterene|Dazzling Gleam|p1a: Blaziken\n|-damage|p1a: Blaziken|32\/100\n|move|p1a: Blaziken|Fire Punch|p2a: Hatterene\n|-damage|p2a: Hatterene|11\/100\n|\n|-ability|p1a: Blaziken|Speed Boost|boost\n|-boost|p1a: Blaziken|spe|1\n|upkeep\n|turn|3\n|\n|t:|1699726967\n|move|p2a: Hatterene|Healing Wish|p2a: Hatterene\n|faint|p2a: Hatterene\n|move|p1a: Blaziken|Fire Punch|p2: Hatterene|[notarget]\n|-fail|p1a: Blaziken\n|\n|-ability|p1a: Blaziken|Speed Boost|boost\n|-boost|p1a: Blaziken|spe|1\n|upkeep\n|\n|t:|1699726977\n|switch|p2a: Camerupt|Camerupt, F, shiny|100\/100\n|turn|4\n|inactive|Battle timer is ON: inactive players will automatically lose when time's up. (requested by ihateultrabeast)\n|\n|t:|1699726989\n|detailschange|p2a: Camerupt|Camerupt-Mega, F, shiny\n|-mega|p2a: Camerupt|Camerupt|Cameruptite\n|move|p2a: Camerupt|Eruption|p1a: Blaziken\n|-resisted|p1a: Blaziken\n|-damage|p1a: Blaziken|0 fnt\n|faint|p1a: Blaziken\n|\n|upkeep\n|\n|t:|1699726996\n|switch|p1a: Moltres|Moltres|100\/100\n|turn|5\n|\n|t:|1699727002\n|switch|p2a: Stakataka|Stakataka|100\/100\n|move|p1a: Moltres|U-turn|p2a: Stakataka\n|-resisted|p2a: Stakataka\n|-damage|p2a: Stakataka|96\/100\n|\n|t:|1699727010\n|switch|p1a: Great Tusk|Great Tusk|100\/100|[from] U-turn\n|-enditem|p1a: Great Tusk|Booster Energy\n|-activate|p1a: Great Tusk|ability: Protosynthesis|[fromitem]\n|-start|p1a: Great Tusk|protosynthesisatk\n|\n|-fieldend|move: Trick Room\n|upkeep\n|turn|6\n|\n|t:|1699727016\n|switch|p2a: Cresselia|Cresselia, F, shiny|100\/100\n|move|p1a: Great Tusk|Headlong Rush|p2a: Cresselia\n|-immune|p2a: Cresselia|[from] ability: Levitate\n|\n|upkeep\n|turn|7\n|\n|t:|1699727036\n|-end|p1a: Great Tusk|Protosynthesis|[silent]\n|switch|p1a: Scizor|Scizor, F|100\/100\n|move|p2a: Cresselia|Trick Room|p2a: Cresselia\n|-fieldstart|move: Trick Room|[of] p2a: Cresselia\n|\n|upkeep\n|turn|8\n|\n|t:|1699727046\n|switch|p2a: Camerupt|Camerupt-Mega, F, shiny|100\/100\n|detailschange|p1a: Scizor|Scizor-Mega, F\n|-mega|p1a: Scizor|Scizor|Scizorite\n|move|p1a: Scizor|Swords Dance|p1a: Scizor\n|-boost|p1a: Scizor|atk|2\n|\n|upkeep\n|turn|9\n|\n|t:|1699727054\n|switch|p1a: Moltres|Moltres|100\/100\n|move|p2a: Camerupt|Eruption|p1a: Moltres\n|-resisted|p1a: Moltres\n|-damage|p1a: Moltres|51\/100\n|\n|upkeep\n|turn|10\n|\n|t:|1699727059\n|move|p2a: Camerupt|Eruption|p1a: Moltres\n|-resisted|p1a: Moltres\n|-damage|p1a: Moltres|4\/100\n|move|p1a: Moltres|Roost|p1a: Moltres\n|-heal|p1a: Moltres|55\/100\n|-singleturn|p1a: Moltres|move: Roost\n|\n|upkeep\n|turn|11\n|\n|t:|1699727064\n|move|p2a: Camerupt|Eruption|p1a: Moltres\n|-resisted|p1a: Moltres\n|-damage|p1a: Moltres|8\/100\n|move|p1a: Moltres|Roost|p1a: Moltres\n|-heal|p1a: Moltres|58\/100\n|-singleturn|p1a: Moltres|move: Roost\n|\n|-fieldend|move: Trick Room\n|upkeep\n|turn|12\n|\n|t:|1699727069\n|move|p1a: Moltres|Roost|p1a: Moltres\n|-heal|p1a: Moltres|100\/100\n|-singleturn|p1a: Moltres|move: Roost\n|move|p2a: Camerupt|Earth Power|p1a: Moltres\n|-supereffective|p1a: Moltres\n|-damage|p1a: Moltres|0 fnt\n|faint|p1a: Moltres\n|\n|upkeep\n|\n|t:|1699727083\n|switch|p1a: Urshifu|Urshifu-Rapid-Strike, M|100\/100\n|turn|13\n|\n|t:|1699727092\n|move|p1a: Urshifu|Surging Strikes|p2a: Camerupt\n|-supereffective|p2a: Camerupt\n|-crit|p2a: Camerupt\n|-damage|p2a: Camerupt|26\/100\n|-supereffective|p2a: Camerupt\n|-crit|p2a: Camerupt\n|-damage|p2a: Camerupt|0 fnt\n|faint|p2a: Camerupt\n|-hitcount|p2: Camerupt|2\n|\n|upkeep\n|\n|t:|1699727095\n|switch|p2a: Rillaboom|Rillaboom, M|100\/100\n|-fieldstart|move: Grassy Terrain|[from] ability: Grassy Surge|[of] p2a: Rillaboom\n|turn|14\n|\n|t:|1699727097\n|switch|p1a: Corviknight|Corviknight, M|100\/100\n|-ability|p1a: Corviknight|Pressure\n|move|p2a: Rillaboom|U-turn|p1a: Corviknight\n|-resisted|p1a: Corviknight\n|-damage|p1a: Corviknight|92\/100\n|-damage|p2a: Rillaboom|84\/100|[from] item: Rocky Helmet|[of] p1a: Corviknight\n|\n|t:|1699727111\n|switch|p2a: Iron Hands|Iron Hands|100\/100|[from] U-turn\n|-enditem|p2a: Iron Hands|Booster Energy\n|-activate|p2a: Iron Hands|ability: Quark Drive|[fromitem]\n|-start|p2a: Iron Hands|quarkdriveatk\n|\n|upkeep\n|turn|15\n|\n|t:|1699727116\n|-terastallize|p1a: Corviknight|Fighting\n|move|p1a: Corviknight|Iron Defense|p1a: Corviknight\n|-boost|p1a: Corviknight|def|2\n|move|p2a: Iron Hands|Close Combat|p1a: Corviknight\n|-crit|p1a: Corviknight\n|-damage|p1a: Corviknight|0 fnt\n|-unboost|p2a: Iron Hands|def|1\n|-unboost|p2a: Iron Hands|spd|1\n|-damage|p2a: Iron Hands|84\/100|[from] item: Rocky Helmet|[of] p1a: Corviknight\n|faint|p1a: Corviknight\n|\n|-heal|p2a: Iron Hands|90\/100|[from] Grassy Terrain\n|upkeep\n|\n|t:|1699727123\n|switch|p1a: Urshifu|Urshifu-Rapid-Strike, M|100\/100\n|turn|16\n|\n|t:|1699727135\n|-end|p2a: Iron Hands|Quark Drive|[silent]\n|switch|p2a: Rillaboom|Rillaboom, M|84\/100\n|-heal|p2a: Rillaboom|100\/100|[from] move: Healing Wish\n|move|p1a: Urshifu|Close Combat|p2a: Rillaboom\n|-damage|p2a: Rillaboom|32\/100\n|-unboost|p1a: Urshifu|def|1\n|-unboost|p1a: Urshifu|spd|1\n|\n|-heal|p2a: Rillaboom|39\/100|[from] Grassy Terrain\n|upkeep\n|turn|17\n|\n|t:|1699727141\n|switch|p1a: Scizor|Scizor-Mega, F|100\/100\n|move|p2a: Rillaboom|U-turn|p1a: Scizor\n|-resisted|p1a: Scizor\n|-damage|p1a: Scizor|86\/100\n|\n|t:|1699727167\n|switch|p2a: Cresselia|Cresselia, F, shiny|100\/100|[from] U-turn\n|\n|-heal|p1a: Scizor|92\/100|[from] Grassy Terrain\n|upkeep\n|turn|18\n|\n|t:|1699727172\n|move|p1a: Scizor|Swords Dance|p1a: Scizor\n|-boost|p1a: Scizor|atk|2\n|move|p2a: Cresselia|Trick Room|p2a: Cresselia\n|-fieldstart|move: Trick Room|[of] p2a: Cresselia\n|\n|-heal|p1a: Scizor|98\/100|[from] Grassy Terrain\n|-fieldend|move: Grassy Terrain\n|upkeep\n|turn|19\n|\n|t:|1699727177\n|move|p2a: Cresselia|Lunar Dance|p2a: Cresselia\n|faint|p2a: Cresselia\n|move|p1a: Scizor|Swords Dance|p1a: Scizor\n|-boost|p1a: Scizor|atk|2\n|\n|upkeep\n|\n|t:|1699727191\n|switch|p2a: Stakataka|Stakataka|96\/100\n|-heal|p2a: Stakataka|100\/100|[from] move: Lunar Dance\n|turn|20\n|\n|t:|1699727196\n|move|p2a: Stakataka|Rock Blast|p1a: Scizor\n|-damage|p1a: Scizor|85\/100\n|-damage|p1a: Scizor|70\/100\n|-hitcount|p1a: Scizor|2\n|-damage|p2a: Stakataka|91\/100|[from] item: Life Orb\n|move|p1a: Scizor|Close Combat|p2a: Stakataka\n|-supereffective|p2a: Stakataka\n|-damage|p2a: Stakataka|0 fnt\n|-unboost|p1a: Scizor|def|1\n|-unboost|p1a: Scizor|spd|1\n|faint|p2a: Stakataka\n|\n|upkeep\n|\n|t:|1699727199\n|switch|p2a: Iron Hands|Iron Hands|90\/100\n|turn|21\n|\n|t:|1699727207\n|move|p1a: Scizor|Bullet Punch|p2a: Iron Hands\n|-resisted|p2a: Iron Hands\n|-damage|p2a: Iron Hands|47\/100\n|move|p2a: Iron Hands|Wild Charge|p1a: Scizor\n|-damage|p1a: Scizor|13\/100\n|-damage|p2a: Iron Hands|37\/100|[from] Recoil\n|\n|upkeep\n|turn|22\n|\n|t:|1699727211\n|move|p1a: Scizor|Bullet Punch|p2a: Iron Hands\n|-resisted|p2a: Iron Hands\n|-damage|p2a: Iron Hands|0 fnt\n|faint|p2a: Iron Hands\n|-end|p2a: Iron Hands|Quark Drive|[silent]\n|\n|-fieldend|move: Trick Room\n|upkeep\n|\n|t:|1699727213\n|switch|p2a: Rillaboom|Rillaboom, M|39\/100\n|-fieldstart|move: Grassy Terrain|[from] ability: Grassy Surge|[of] p2a: Rillaboom\n|turn|23\n|\n|t:|1699727219\n|-terastallize|p2a: Rillaboom|Grass\n|move|p2a: Rillaboom|Grassy Glide|p1a: Scizor\n|-resisted|p1a: Scizor\n|-damage|p1a: Scizor|0 fnt\n|faint|p1a: Scizor\n|\n|-heal|p2a: Rillaboom|45\/100|[from] Grassy Terrain\n|upkeep\n|\n|t:|1699727224\n|switch|p1a: Urshifu|Urshifu-Rapid-Strike, M|100\/100\n|turn|24\n|\n|t:|1699727230\n|move|p2a: Rillaboom|Grassy Glide|p1a: Urshifu\n|-supereffective|p1a: Urshifu\n|-damage|p1a: Urshifu|0 fnt\n|faint|p1a: Urshifu\n|\n|-heal|p2a: Rillaboom|51\/100|[from] Grassy Terrain\n|upkeep\n|\n|t:|1699727233\n|switch|p1a: Great Tusk|Great Tusk|100\/100\n|turn|25\n|\n|t:|1699727237\n|move|p2a: Rillaboom|Grassy Glide|p1a: Great Tusk\n|-supereffective|p1a: Great Tusk\n|-damage|p1a: Great Tusk|0 fnt\n|faint|p1a: Great Tusk\n|-end|p1a: Great Tusk|Protosynthesis|[silent]\n|\n|win|ihateultrabeast\n|raw|Underwater Sloth's rating: 1378 &rarr; <strong>1364<\/strong><br \/>(-14 for losing)\n|raw|ihateultrabeast's rating: 1482 &rarr; <strong>1496<\/strong><br \/>(+14 for winning)\n|c|\u2606Underwater Sloth|Wow\n|c|\u2606Underwater Sloth|Bg\n|l|\u2606Underwater Sloth\n","uploadtime":1699727249,"views":6,"p1id":"underwatersloth","p2id":"ihateultrabeast","formatid":"gen9nationaldex","rating":1364,"private":0,"password":""}