{"id":"gen9nationaldex-1995629551","p1":"AlastorTheOverlord","p2":"Sweepandsupports","format":"[Gen 9] National Dex","log":"|html|<div class=\"broadcast-blue\"><strong>[Gen 9] National Dex is currently suspecting Sneasler! For information on how to participate check out the <a href=\"https:\/\/www.smogon.com\/forums\/threads\/sv-national-dex-suspect-8-just-dance.3731534\/\">suspect thread<\/a>.<\/strong><\/div>\n|j|\u2606AlastorTheOverlord\n|j|\u2606Sweepandsupports\n|t:|1700588962\n|gametype|singles\n|player|p1|AlastorTheOverlord|n|1077\n|player|p2|Sweepandsupports|marnie-masters|1026\n|teamsize|p1|6\n|teamsize|p2|6\n|gen|9\n|tier|[Gen 9] National Dex\n|rated|\n|rule|HP Percentage Mod: HP is shown in percentages\n|rule|Endless Battle Clause: Forcing endless battles is banned\n|rule|OHKO Clause: OHKO moves are banned\n|rule|Evasion Clause: Evasion abilities, items, and moves are banned\n|rule|Evasion Abilities Clause: Evasion abilities are banned\n|rule|Evasion Items Clause: Evasion items are banned\n|rule|Evasion Moves Clause: Evasion moves are banned\n|rule|Species Clause: Limit one of each Pok\u00e9mon\n|rule|Sleep Clause Mod: Limit one foe put to sleep\n|clearpoke\n|poke|p1|Greninja-*, M|\n|poke|p1|Garchomp, M|\n|poke|p1|Chandelure, M|\n|poke|p1|Azumarill, M|\n|poke|p1|Aegislash, M|\n|poke|p1|Talonflame, M|\n|poke|p2|Tapu Koko|\n|poke|p2|Scizor, F|\n|poke|p2|Alomomola, M|\n|poke|p2|Iron Valiant|\n|poke|p2|Gliscor, F|\n|poke|p2|Skeledirge, M|\n|teampreview\n|inactive|Battle timer is ON: inactive players will automatically lose when time's up. (requested by AlastorTheOverlord)\n|inactive|Sweepandsupports also wants the timer to be on.\n|inactive|AlastorTheOverlord has 120 seconds left.\n|inactive|Sweepandsupports has 120 seconds left.\n|inactive|Sweepandsupports has 90 seconds left.\n|\n|t:|1700589024\n|start\n|switch|p1a: Aegislash|Aegislash, M|100\/100\n|switch|p2a: Scizor|Scizor, F|100\/100\n|turn|1\n|\n|t:|1700589029\n|detailschange|p2a: Scizor|Scizor-Mega, F\n|-mega|p2a: Scizor|Scizor|Scizorite\n|move|p2a: Scizor|U-turn|p1a: Aegislash\n|-resisted|p1a: Aegislash\n|-damage|p1a: Aegislash|94\/100\n|\n|t:|1700589039\n|switch|p2a: Tapu Koko|Tapu Koko|100\/100|[from] U-turn\n|-fieldstart|move: Electric Terrain|[from] ability: Electric Surge|[of] p2a: Tapu Koko\n|move|p1a: Aegislash|Swords Dance|p1a: Aegislash\n|-boost|p1a: Aegislash|atk|2\n|\n|-heal|p1a: Aegislash|100\/100|[from] item: Leftovers\n|upkeep\n|turn|2\n|\n|t:|1700589045\n|move|p2a: Tapu Koko|Thunderbolt|p1a: Aegislash\n|-damage|p1a: Aegislash|61\/100\n|-formechange|p1a: Aegislash|Aegislash-Blade||[from] ability: Stance Change\n|move|p1a: Aegislash|Iron Head|p2a: Tapu Koko\n|-damage|p2a: Tapu Koko|0 fnt\n|faint|p2a: Tapu Koko\n|\n|-heal|p1a: Aegislash|68\/100|[from] item: Leftovers\n|upkeep\n|\n|t:|1700589049\n|switch|p2a: Skeledirge|Skeledirge, M|100\/100\n|turn|3\n|\n|t:|1700589053\n|move|p1a: Aegislash|Shadow Sneak|p2a: Skeledirge\n|-supereffective|p2a: Skeledirge\n|-damage|p2a: Skeledirge|64\/100\n|move|p2a: Skeledirge|Will-O-Wisp|p1a: Aegislash\n|-status|p1a: Aegislash|brn\n|\n|-heal|p2a: Skeledirge|70\/100|[from] item: Leftovers\n|-heal|p1a: Aegislash|74\/100 brn|[from] item: Leftovers\n|-damage|p1a: Aegislash|68\/100 brn|[from] brn\n|upkeep\n|turn|4\n|\n|t:|1700589057\n|move|p1a: Aegislash|Shadow Sneak|p2a: Skeledirge\n|-supereffective|p2a: Skeledirge\n|-damage|p2a: Skeledirge|51\/100\n|move|p2a: Skeledirge|Torch Song|p1a: Aegislash\n|-supereffective|p1a: Aegislash\n|-damage|p1a: Aegislash|0 fnt\n|-boost|p2a: Skeledirge|spa|1\n|faint|p1a: Aegislash\n|\n|-heal|p2a: Skeledirge|57\/100|[from] item: Leftovers\n|upkeep\n|\n|t:|1700589069\n|switch|p1a: Greninja|Greninja, M|100\/100\n|turn|5\n|\n|t:|1700589073\n|switch|p2a: Scizor|Scizor-Mega, F|100\/100\n|move|p1a: Greninja|Surf|p2a: Scizor\n|-start|p1a: Greninja|typechange|Water|[from] ability: Protean\n|-damage|p2a: Scizor|52\/100\n|-damage|p1a: Greninja|91\/100|[from] item: Life Orb\n|\n|-fieldend|move: Electric Terrain\n|upkeep\n|turn|6\n|\n|t:|1700589081\n|move|p1a: Greninja|Surf|p2a: Scizor\n|-damage|p2a: Scizor|3\/100\n|-damage|p1a: Greninja|81\/100|[from] item: Life Orb\n|move|p2a: Scizor|U-turn|p1a: Greninja\n|-damage|p1a: Greninja|21\/100\n|l|\u2606Sweepandsupports\n|inactive|Sweepandsupports disconnected and has a minute to reconnect!\n|player|p2|\n|j|\u2606Sweepandsupports\n|inactive|Sweepandsupports reconnected and has 130 seconds left.\n|player|p2|Sweepandsupports|marnie-masters\n|\n|t:|1700589106\n|switch|p2a: Iron Valiant|Iron Valiant|100\/100|[from] U-turn\n|-enditem|p2a: Iron Valiant|Booster Energy\n|-activate|p2a: Iron Valiant|ability: Quark Drive|[fromitem]\n|-start|p2a: Iron Valiant|quarkdrivespe\n|\n|upkeep\n|turn|7\n|\n|t:|1700589135\n|move|p2a: Iron Valiant|Moonblast|p1a: Greninja\n|-crit|p1a: Greninja\n|-damage|p1a: Greninja|0 fnt\n|faint|p1a: Greninja\n|\n|upkeep\n|inactive|AlastorTheOverlord has 120 seconds left.\n|\n|t:|1700589164\n|switch|p1a: Azumarill|Azumarill, M|100\/100\n|turn|8\n|\n|t:|1700589175\n|move|p2a: Iron Valiant|Thunderbolt|p1a: Azumarill\n|-supereffective|p1a: Azumarill\n|-damage|p1a: Azumarill|43\/100\n|-enditem|p1a: Azumarill|Sitrus Berry|[eat]\n|-heal|p1a: Azumarill|68\/100|[from] item: Sitrus Berry\n|move|p1a: Azumarill|Belly Drum|p1a: Azumarill\n|-damage|p1a: Azumarill|18\/100\n|-setboost|p1a: Azumarill|atk|6|[from] move: Belly Drum\n|\n|upkeep\n|turn|9\n|inactive|AlastorTheOverlord has 120 seconds left.\n|\n|t:|1700589182\n|move|p1a: Azumarill|Aqua Jet|p2a: Iron Valiant\n|-damage|p2a: Iron Valiant|0 fnt\n|faint|p2a: Iron Valiant\n|-end|p2a: Iron Valiant|Quark Drive|[silent]\n|\n|upkeep\n|\n|t:|1700589187\n|switch|p2a: Alomomola|Alomomola, M|100\/100\n|turn|10\n|\n|t:|1700589193\n|move|p2a: Alomomola|Toxic|p1a: Azumarill\n|-status|p1a: Azumarill|tox\n|move|p1a: Azumarill|Play Rough|p2a: Alomomola\n|-damage|p2a: Alomomola|0 fnt\n|faint|p2a: Alomomola\n|\n|-damage|p1a: Azumarill|12\/100 tox|[from] psn\n|upkeep\n|\n|t:|1700589199\n|switch|p2a: Skeledirge|Skeledirge, M|57\/100\n|turn|11\n|\n|t:|1700589201\n|-terastallize|p2a: Skeledirge|Water\n|move|p1a: Azumarill|Aqua Jet|p2a: Skeledirge\n|-resisted|p2a: Skeledirge\n|-damage|p2a: Skeledirge|46\/100\n|move|p2a: Skeledirge|Slack Off|p2a: Skeledirge\n|-heal|p2a: Skeledirge|96\/100\n|\n|-heal|p2a: Skeledirge|100\/100|[from] item: Leftovers\n|-damage|p1a: Azumarill|0 fnt|[from] psn\n|faint|p1a: Azumarill\n|upkeep\n|\n|t:|1700589210\n|switch|p1a: Chandelure|Chandelure, M|100\/100\n|turn|12\n|\n|t:|1700589216\n|move|p1a: Chandelure|Energy Ball|p2a: Skeledirge\n|-supereffective|p2a: Skeledirge\n|-damage|p2a: Skeledirge|26\/100\n|move|p2a: Skeledirge|Shadow Ball|p1a: Chandelure\n|-supereffective|p1a: Chandelure\n|-damage|p1a: Chandelure|0 fnt\n|faint|p1a: Chandelure\n|\n|-heal|p2a: Skeledirge|32\/100|[from] item: Leftovers\n|upkeep\n|\n|t:|1700589223\n|switch|p1a: Talonflame|Talonflame, M|100\/100\n|turn|13\n|\n|t:|1700589227\n|move|p1a: Talonflame|Brave Bird|p2a: Skeledirge\n|-damage|p2a: Skeledirge|0 fnt\n|faint|p2a: Skeledirge\n|-damage|p1a: Talonflame|86\/100|[from] Recoil\n|\n|upkeep\n|\n|t:|1700589229\n|switch|p2a: Gliscor|Gliscor, F|100\/100\n|turn|14\n|\n|t:|1700589235\n|move|p1a: Talonflame|Brave Bird|p2a: Gliscor\n|-damage|p2a: Gliscor|63\/100\n|-damage|p1a: Talonflame|71\/100|[from] Recoil\n|move|p2a: Gliscor|Toxic|p1a: Talonflame|[miss]\n|-miss|p2a: Gliscor|p1a: Talonflame\n|\n|-status|p2a: Gliscor|tox|[from] item: Toxic Orb\n|upkeep\n|turn|15\n|\n|t:|1700589239\n|move|p1a: Talonflame|Brave Bird|p2a: Gliscor\n|-damage|p2a: Gliscor|29\/100 tox\n|-damage|p1a: Talonflame|58\/100|[from] Recoil\n|move|p2a: Gliscor|Toxic|p1a: Talonflame\n|-status|p1a: Talonflame|tox\n|\n|-damage|p1a: Talonflame|52\/100 tox|[from] psn\n|-heal|p2a: Gliscor|42\/100 tox|[from] ability: Poison Heal\n|upkeep\n|turn|16\n|\n|t:|1700589245\n|move|p1a: Talonflame|Brave Bird|p2a: Gliscor\n|-damage|p2a: Gliscor|6\/100 tox\n|-damage|p1a: Talonflame|38\/100 tox|[from] Recoil\n|move|p2a: Gliscor|Roost|p2a: Gliscor\n|-heal|p2a: Gliscor|56\/100 tox\n|-singleturn|p2a: Gliscor|move: Roost\n|\n|-damage|p1a: Talonflame|26\/100 tox|[from] psn\n|-heal|p2a: Gliscor|68\/100 tox|[from] ability: Poison Heal\n|upkeep\n|turn|17\n|\n|t:|1700589251\n|switch|p1a: Garchomp|Garchomp, M|100\/100\n|move|p2a: Gliscor|Roost|p2a: Gliscor\n|-heal|p2a: Gliscor|100\/100 tox\n|-singleturn|p2a: Gliscor|move: Roost\n|\n|upkeep\n|turn|18\n|\n|t:|1700589259\n|detailschange|p1a: Garchomp|Garchomp-Mega, M\n|-mega|p1a: Garchomp|Garchomp|Garchompite\n|move|p1a: Garchomp|Swords Dance|p1a: Garchomp\n|-boost|p1a: Garchomp|atk|2\n|move|p2a: Gliscor|Toxic|p1a: Garchomp\n|-status|p1a: Garchomp|tox\n|\n|-damage|p1a: Garchomp|94\/100 tox|[from] psn\n|upkeep\n|turn|19\n|\n|t:|1700589264\n|move|p1a: Garchomp|Scale Shot|p2a: Gliscor\n|-damage|p2a: Gliscor|77\/100 tox\n|-damage|p2a: Gliscor|51\/100 tox\n|-damage|p2a: Gliscor|24\/100 tox\n|-hitcount|p2a: Gliscor|3\n|-unboost|p1a: Garchomp|def|1\n|-boost|p1a: Garchomp|spe|1\n|move|p2a: Gliscor|Earthquake|p1a: Garchomp\n|-damage|p1a: Garchomp|49\/100 tox\n|\n|-damage|p1a: Garchomp|37\/100 tox|[from] psn\n|-heal|p2a: Gliscor|36\/100 tox|[from] ability: Poison Heal\n|upkeep\n|turn|20\n|\n|t:|1700589271\n|switch|p2a: Scizor|Scizor-Mega, F|3\/100\n|move|p1a: Garchomp|Scale Shot|p2a: Scizor\n|-resisted|p2a: Scizor\n|-damage|p2a: Scizor|0 fnt\n|faint|p2a: Scizor\n|-hitcount|p2: Scizor|1\n|-unboost|p1a: Garchomp|def|1\n|-boost|p1a: Garchomp|spe|1\n|\n|-damage|p1a: Garchomp|18\/100 tox|[from] psn\n|upkeep\n|\n|t:|1700589273\n|switch|p2a: Gliscor|Gliscor, F|36\/100 tox\n|turn|21\n|\n|t:|1700589276\n|move|p1a: Garchomp|Scale Shot|p2a: Gliscor\n|-damage|p2a: Gliscor|10\/100 tox\n|-damage|p2a: Gliscor|0 fnt\n|faint|p2a: Gliscor\n|-hitcount|p2: Gliscor|2\n|\n|win|AlastorTheOverlord\n|raw|AlastorTheOverlord's rating: 1077 &rarr; <strong>1101<\/strong><br \/>(+24 for winning)\n|raw|Sweepandsupports's rating: 1026 &rarr; <strong>1014<\/strong><br \/>(-12 for losing)\n|l|\u2606Sweepandsupports\n","uploadtime":1700589282,"views":3,"p1id":"alastortheoverlord","p2id":"sweepandsupports","formatid":"gen9nationaldex","rating":1014,"private":0,"password":""}