{"id":"gen9nationaldex-1994464981","p1":"XxsasoriGX","p2":"Maeby Mitenaut","format":"[Gen 9] National Dex","log":"|j|\u2606XxsasoriGX\n|j|\u2606Maeby Mitenaut\n|t:|1700447012\n|gametype|singles\n|player|p1|XxsasoriGX|blue|1125\n|player|p2|Maeby Mitenaut|dahlia|1153\n|teamsize|p1|6\n|teamsize|p2|6\n|gen|9\n|tier|[Gen 9] National Dex\n|rated|\n|rule|HP Percentage Mod: HP is shown in percentages\n|rule|Endless Battle Clause: Forcing endless battles is banned\n|rule|OHKO Clause: OHKO moves are banned\n|rule|Evasion Clause: Evasion abilities, items, and moves are banned\n|rule|Evasion Abilities Clause: Evasion abilities are banned\n|rule|Evasion Items Clause: Evasion items are banned\n|rule|Evasion Moves Clause: Evasion moves are banned\n|rule|Species Clause: Limit one of each Pok\u00e9mon\n|rule|Sleep Clause Mod: Limit one foe put to sleep\n|clearpoke\n|poke|p1|Garchomp, M|\n|poke|p1|Blaziken, M|\n|poke|p1|Gyarados, F|\n|poke|p1|Ribombee, M|\n|poke|p1|Haxorus, M|\n|poke|p1|Ampharos, F|\n|poke|p2|Raichu-Alola, F|\n|poke|p2|Clodsire, F|\n|poke|p2|Tapu Koko|\n|poke|p2|Arctozolt|\n|poke|p2|Iron Hands|\n|poke|p2|Ninetales-Alola, M|\n|teampreview\n|inactive|Battle timer is ON: inactive players will automatically lose when time's up. (requested by XxsasoriGX)\n|\n|t:|1700447028\n|start\n|switch|p1a: Ampharos|Ampharos, F|100\/100\n|switch|p2a: Bluck Buck|Tapu Koko, shiny|100\/100\n|-fieldstart|move: Electric Terrain|[from] ability: Electric Surge|[of] p2a: Bluck Buck\n|turn|1\n|\n|t:|1700447036\n|detailschange|p1a: Ampharos|Ampharos-Mega, F\n|-mega|p1a: Ampharos|Ampharos|Ampharosite\n|-ability|p1a: Ampharos|Mold Breaker\n|move|p2a: Bluck Buck|Taunt|p1a: Ampharos\n|-start|p1a: Ampharos|move: Taunt\n|cant|p1a: Ampharos|move: Taunt|Agility\n|\n|upkeep\n|turn|2\n|\n|t:|1700447060\n|move|p2a: Bluck Buck|U-turn|p1a: Ampharos\n|-damage|p1a: Ampharos|81\/100\n|\n|t:|1700447063\n|switch|p2a: 9er|Ninetales-Alola, M, shiny|100\/100|[from] U-turn\n|-weather|Snow|[from] ability: Snow Warning|[of] p2a: 9er\n|move|p1a: Ampharos|Thunderbolt|p2a: 9er\n|-damage|p2a: 9er|19\/100\n|\n|-weather|Snow|[upkeep]\n|upkeep\n|turn|3\n|\n|t:|1700447079\n|move|p2a: 9er|Aurora Veil|p2a: 9er\n|-sidestart|p2: Maeby Mitenaut|move: Aurora Veil\n|move|p1a: Ampharos|Thunderbolt|p2a: 9er\n|-crit|p2a: 9er\n|-damage|p2a: 9er|0 fnt\n|faint|p2a: 9er\n|\n|-weather|Snow|[upkeep]\n|-end|p1a: Ampharos|move: Taunt\n|upkeep\n|\n|t:|1700447086\n|switch|p2a: Gritty|Arctozolt, shiny|100\/100\n|turn|4\n|\n|t:|1700447093\n|move|p2a: Gritty|Stomping Tantrum|p1a: Ampharos\n|-supereffective|p1a: Ampharos\n|-damage|p1a: Ampharos|37\/100\n|move|p1a: Ampharos|Agility|p1a: Ampharos\n|-boost|p1a: Ampharos|spe|2\n|\n|-weather|Snow|[upkeep]\n|upkeep\n|turn|5\n|\n|t:|1700447109\n|move|p2a: Gritty|Blizzard|p1a: Ampharos\n|-supereffective|p1a: Ampharos\n|-damage|p1a: Ampharos|0 fnt\n|faint|p1a: Ampharos\n|\n|-weather|Snow|[upkeep]\n|upkeep\n|inactive|XxsasoriGX has 120 seconds left.\n|\n|t:|1700447137\n|switch|p1a: Haxorus|Haxorus, M, shiny|100\/100\n|-ability|p1a: Haxorus|Mold Breaker\n|turn|6\n|\n|t:|1700447153\n|move|p2a: Gritty|Bolt Beak|p1a: Haxorus\n|-resisted|p1a: Haxorus\n|-damage|p1a: Haxorus|40\/100\n|move|p1a: Haxorus|Dragon Dance|p1a: Haxorus\n|-boost|p1a: Haxorus|atk|1\n|-boost|p1a: Haxorus|spe|1\n|\n|-weather|Snow|[upkeep]\n|upkeep\n|turn|7\n|inactive|XxsasoriGX has 120 seconds left.\n|\n|t:|1700447174\n|move|p1a: Haxorus|Iron Head|p2a: Gritty\n|-damage|p2a: Gritty|79\/100\n|move|p2a: Gritty|Bolt Beak|p1a: Haxorus\n|-resisted|p1a: Haxorus\n|-damage|p1a: Haxorus|8\/100\n|\n|-weather|Snow|[upkeep]\n|-sideend|p2: Maeby Mitenaut|move: Aurora Veil\n|upkeep\n|turn|8\n|inactive|XxsasoriGX has 120 seconds left.\n|\n|t:|1700447185\n|move|p1a: Haxorus|Close Combat|p2a: Gritty\n|-supereffective|p2a: Gritty\n|-damage|p2a: Gritty|0 fnt\n|-unboost|p1a: Haxorus|def|1\n|-unboost|p1a: Haxorus|spd|1\n|faint|p2a: Gritty\n|\n|-weather|Snow|[upkeep]\n|-fieldend|move: Electric Terrain\n|upkeep\n|\n|t:|1700447193\n|switch|p2a: Bluck Buck|Tapu Koko, shiny|100\/100\n|-fieldstart|move: Electric Terrain|[from] ability: Electric Surge|[of] p2a: Bluck Buck\n|turn|9\n|\n|t:|1700447203\n|move|p1a: Haxorus|Iron Head|p2a: Bluck Buck\n|-damage|p2a: Bluck Buck|44\/100\n|move|p2a: Bluck Buck|Iron Head|p1a: Haxorus\n|-damage|p1a: Haxorus|0 fnt\n|faint|p1a: Haxorus\n|\n|-weather|none\n|upkeep\n|\n|t:|1700447214\n|switch|p1a: Gyarados|Gyarados, F|100\/100\n|turn|10\n|\n|t:|1700447217\n|move|p2a: Bluck Buck|Thunder Wave|p1a: Gyarados\n|-status|p1a: Gyarados|par\n|cant|p1a: Gyarados|par\n|\n|upkeep\n|turn|11\n|\n|t:|1700447226\n|move|p2a: Bluck Buck|Taunt|p1a: Gyarados\n|-start|p1a: Gyarados|move: Taunt\n|move|p1a: Gyarados|Earthquake|p2a: Bluck Buck\n|-supereffective|p2a: Bluck Buck\n|-damage|p2a: Bluck Buck|0 fnt\n|faint|p2a: Bluck Buck\n|-ability|p1a: Gyarados|Moxie|boost\n|-boost|p1a: Gyarados|atk|1\n|\n|upkeep\n|\n|t:|1700447239\n|switch|p2a: M'Boi|Raichu-Alola, F, shiny|100\/100\n|turn|12\n|\n|t:|1700447248\n|move|p2a: M'Boi|Rising Voltage|p1a: Gyarados\n|-supereffective|p1a: Gyarados\n|-enditem|p1a: Gyarados|Focus Sash\n|-damage|p1a: Gyarados|1\/100 par\n|cant|p1a: Gyarados|par\n|\n|upkeep\n|turn|13\n|\n|t:|1700447261\n|move|p2a: M'Boi|Rising Voltage|p1a: Gyarados\n|-supereffective|p1a: Gyarados\n|-damage|p1a: Gyarados|0 fnt\n|faint|p1a: Gyarados\n|\n|upkeep\n|\n|t:|1700447269\n|switch|p1a: Garchomp|Garchomp, M|100\/100\n|turn|14\n|\n|t:|1700447274\n|move|p2a: M'Boi|Surf|p1a: Garchomp\n|-damage|p1a: Garchomp|72\/100\n|move|p1a: Garchomp|Swords Dance|p1a: Garchomp\n|-boost|p1a: Garchomp|atk|2\n|\n|upkeep\n|turn|15\n|\n|t:|1700447284\n|move|p2a: M'Boi|Psychic|p1a: Garchomp\n|-damage|p1a: Garchomp|28\/100\n|move|p1a: Garchomp|Scale Shot|p2a: M'Boi\n|-damage|p2a: M'Boi|56\/100\n|-damage|p2a: M'Boi|10\/100\n|-damage|p2a: M'Boi|0 fnt\n|faint|p2a: M'Boi\n|-hitcount|p2: M'Boi|3\n|-unboost|p1a: Garchomp|def|1\n|-boost|p1a: Garchomp|spe|1\n|\n|upkeep\n|\n|t:|1700447295\n|switch|p2a: Big Pap\u00ed|Iron Hands|100\/100\n|-activate|p2a: Big Pap\u00ed|ability: Quark Drive\n|-start|p2a: Big Pap\u00ed|quarkdriveatk\n|turn|16\n|\n|t:|1700447301\n|move|p1a: Garchomp|Earthquake|p2a: Big Pap\u00ed\n|-supereffective|p2a: Big Pap\u00ed\n|-damage|p2a: Big Pap\u00ed|0 fnt\n|faint|p2a: Big Pap\u00ed\n|-end|p2a: Big Pap\u00ed|Quark Drive|[silent]\n|\n|-fieldend|move: Electric Terrain\n|upkeep\n|\n|t:|1700447307\n|switch|p2a: Muddy Buddy|Clodsire, F|100\/100\n|turn|17\n|\n|t:|1700447318\n|-terastallize|p2a: Muddy Buddy|Flying\n|move|p1a: Garchomp|Earthquake|p2a: Muddy Buddy\n|-immune|p2a: Muddy Buddy\n|move|p2a: Muddy Buddy|Toxic|p1a: Garchomp\n|-status|p1a: Garchomp|tox\n|\n|-damage|p1a: Garchomp|22\/100 tox|[from] psn\n|upkeep\n|turn|18\n|\n|t:|1700447328\n|move|p1a: Garchomp|Scale Shot|p2a: Muddy Buddy\n|-damage|p2a: Muddy Buddy|87\/100\n|-damage|p2a: Muddy Buddy|72\/100\n|-damage|p2a: Muddy Buddy|57\/100\n|-damage|p2a: Muddy Buddy|43\/100\n|-hitcount|p2a: Muddy Buddy|4\n|-unboost|p1a: Garchomp|def|1\n|-boost|p1a: Garchomp|spe|1\n|move|p2a: Muddy Buddy|Stockpile|p2a: Muddy Buddy\n|-start|p2a: Muddy Buddy|stockpile1\n|-boost|p2a: Muddy Buddy|def|1\n|-boost|p2a: Muddy Buddy|spd|1\n|\n|-heal|p2a: Muddy Buddy|49\/100|[from] item: Leftovers\n|-damage|p1a: Garchomp|10\/100 tox|[from] psn\n|upkeep\n|turn|19\n|\n|t:|1700447343\n|move|p1a: Garchomp|Iron Head|p2a: Muddy Buddy\n|-damage|p2a: Muddy Buddy|28\/100\n|move|p2a: Muddy Buddy|Recover|p2a: Muddy Buddy\n|-heal|p2a: Muddy Buddy|78\/100\n|\n|-heal|p2a: Muddy Buddy|84\/100|[from] item: Leftovers\n|-damage|p1a: Garchomp|0 fnt|[from] psn\n|faint|p1a: Garchomp\n|upkeep\n|\n|t:|1700447354\n|switch|p1a: Blaziken|Blaziken, M|100\/100\n|turn|20\n|\n|t:|1700447362\n|move|p1a: Blaziken|Swords Dance|p1a: Blaziken\n|-boost|p1a: Blaziken|atk|2\n|move|p2a: Muddy Buddy|Toxic|p1a: Blaziken\n|-status|p1a: Blaziken|tox\n|\n|-heal|p2a: Muddy Buddy|91\/100|[from] item: Leftovers\n|-damage|p1a: Blaziken|95\/100 tox|[from] psn\n|-ability|p1a: Blaziken|Speed Boost|boost\n|-boost|p1a: Blaziken|spe|1\n|upkeep\n|turn|21\n|\n|t:|1700447372\n|move|p1a: Blaziken|Thunder Punch|p2a: Muddy Buddy\n|-supereffective|p2a: Muddy Buddy\n|-damage|p2a: Muddy Buddy|51\/100\n|move|p2a: Muddy Buddy|Stockpile|p2a: Muddy Buddy\n|-start|p2a: Muddy Buddy|stockpile2\n|-boost|p2a: Muddy Buddy|def|1\n|-boost|p2a: Muddy Buddy|spd|1\n|\n|-heal|p2a: Muddy Buddy|58\/100|[from] item: Leftovers\n|-damage|p1a: Blaziken|83\/100 tox|[from] psn\n|-ability|p1a: Blaziken|Speed Boost|boost\n|-boost|p1a: Blaziken|spe|1\n|upkeep\n|turn|22\n|\n|t:|1700447384\n|move|p1a: Blaziken|Close Combat|p2a: Muddy Buddy\n|-resisted|p2a: Muddy Buddy\n|-damage|p2a: Muddy Buddy|39\/100\n|-unboost|p1a: Blaziken|def|1\n|-unboost|p1a: Blaziken|spd|1\n|move|p2a: Muddy Buddy|Recover|p2a: Muddy Buddy\n|-heal|p2a: Muddy Buddy|89\/100\n|\n|-heal|p2a: Muddy Buddy|95\/100|[from] item: Leftovers\n|-damage|p1a: Blaziken|65\/100 tox|[from] psn\n|-ability|p1a: Blaziken|Speed Boost|boost\n|-boost|p1a: Blaziken|spe|1\n|upkeep\n|turn|23\n|\n|t:|1700447396\n|move|p1a: Blaziken|Close Combat|p2a: Muddy Buddy\n|-resisted|p2a: Muddy Buddy\n|-damage|p2a: Muddy Buddy|76\/100\n|-unboost|p1a: Blaziken|def|1\n|-unboost|p1a: Blaziken|spd|1\n|move|p2a: Muddy Buddy|Stockpile|p2a: Muddy Buddy\n|-start|p2a: Muddy Buddy|stockpile3\n|-boost|p2a: Muddy Buddy|def|1\n|-boost|p2a: Muddy Buddy|spd|1\n|\n|-heal|p2a: Muddy Buddy|82\/100|[from] item: Leftovers\n|-damage|p1a: Blaziken|41\/100 tox|[from] psn\n|-ability|p1a: Blaziken|Speed Boost|boost\n|-boost|p1a: Blaziken|spe|1\n|upkeep\n|turn|24\n|\n|t:|1700447411\n|move|p1a: Blaziken|Thunder Punch|p2a: Muddy Buddy\n|-supereffective|p2a: Muddy Buddy\n|-damage|p2a: Muddy Buddy|60\/100\n|move|p2a: Muddy Buddy|Recover|p2a: Muddy Buddy\n|-heal|p2a: Muddy Buddy|100\/100\n|\n|-damage|p1a: Blaziken|11\/100 tox|[from] psn\n|-ability|p1a: Blaziken|Speed Boost|boost\n|-boost|p1a: Blaziken|spe|1\n|upkeep\n|turn|25\n|\n|t:|1700447428\n|move|p1a: Blaziken|Thunder Punch|p2a: Muddy Buddy\n|-supereffective|p2a: Muddy Buddy\n|-damage|p2a: Muddy Buddy|77\/100\n|move|p2a: Muddy Buddy|Stockpile||[still]\n|-fail|p2a: Muddy Buddy\n|\n|-heal|p2a: Muddy Buddy|83\/100|[from] item: Leftovers\n|-damage|p1a: Blaziken|0 fnt|[from] psn\n|faint|p1a: Blaziken\n|upkeep\n|\n|t:|1700447434\n|switch|p1a: Ribombee|Ribombee, M|100\/100\n|turn|26\n|\n|t:|1700447443\n|move|p1a: Ribombee|Quiver Dance|p1a: Ribombee\n|-boost|p1a: Ribombee|spa|1\n|-boost|p1a: Ribombee|spd|1\n|-boost|p1a: Ribombee|spe|1\n|move|p2a: Muddy Buddy|Toxic|p1a: Ribombee|[miss]\n|-miss|p2a: Muddy Buddy|p1a: Ribombee\n|\n|-heal|p2a: Muddy Buddy|90\/100|[from] item: Leftovers\n|upkeep\n|turn|27\n|\n|t:|1700447451\n|move|p1a: Ribombee|Quiver Dance|p1a: Ribombee\n|-boost|p1a: Ribombee|spa|1\n|-boost|p1a: Ribombee|spd|1\n|-boost|p1a: Ribombee|spe|1\n|move|p2a: Muddy Buddy|Toxic|p1a: Ribombee\n|-status|p1a: Ribombee|tox\n|\n|-heal|p2a: Muddy Buddy|96\/100|[from] item: Leftovers\n|-damage|p1a: Ribombee|94\/100 tox|[from] psn\n|upkeep\n|turn|28\n|\n|t:|1700447466\n|move|p1a: Ribombee|Moonblast|p2a: Muddy Buddy\n|-damage|p2a: Muddy Buddy|86\/100\n|move|p2a: Muddy Buddy|Body Press|p1a: Ribombee\n|-resisted|p1a: Ribombee\n|-damage|p1a: Ribombee|81\/100 tox\n|\n|-heal|p2a: Muddy Buddy|92\/100|[from] item: Leftovers\n|-damage|p1a: Ribombee|68\/100 tox|[from] psn\n|upkeep\n|turn|29\n|c|\u2606Maeby Mitenaut|ggz\n|\n|t:|1700447478\n|move|p1a: Ribombee|Quiver Dance|p1a: Ribombee\n|-boost|p1a: Ribombee|spa|1\n|-boost|p1a: Ribombee|spd|1\n|-boost|p1a: Ribombee|spe|1\n|move|p2a: Muddy Buddy|Recover|p2a: Muddy Buddy\n|-heal|p2a: Muddy Buddy|100\/100\n|\n|-damage|p1a: Ribombee|50\/100 tox|[from] psn\n|upkeep\n|turn|30\n|\n|t:|1700447487\n|move|p1a: Ribombee|Quiver Dance|p1a: Ribombee\n|-boost|p1a: Ribombee|spa|1\n|-boost|p1a: Ribombee|spd|1\n|-boost|p1a: Ribombee|spe|1\n|move|p2a: Muddy Buddy|Body Press|p1a: Ribombee\n|-resisted|p1a: Ribombee\n|-damage|p1a: Ribombee|35\/100 tox\n|\n|-damage|p1a: Ribombee|10\/100 tox|[from] psn\n|upkeep\n|turn|31\n|\n|t:|1700447497\n|move|p1a: Ribombee|Moonblast|p2a: Muddy Buddy\n|-damage|p2a: Muddy Buddy|91\/100\n|move|p2a: Muddy Buddy|Recover|p2a: Muddy Buddy\n|-heal|p2a: Muddy Buddy|100\/100\n|\n|-damage|p1a: Ribombee|0 fnt|[from] psn\n|faint|p1a: Ribombee\n|\n|win|Maeby Mitenaut\n|upkeep\n|raw|XxsasoriGX's rating: 1125 &rarr; <strong>1102<\/strong><br \/>(-23 for losing)\n|raw|Maeby Mitenaut's rating: 1153 &rarr; <strong>1176<\/strong><br \/>(+23 for winning)\n|l|\u2606XxsasoriGX\n","uploadtime":1700447520,"views":6,"p1id":"xxsasorigx","p2id":"maebymitenaut","formatid":"gen9nationaldex","rating":1102,"private":0,"password":""}