{"id":"gen9nationaldex-1989309626","p1":"Ash100985","p2":"Killateral","format":"[Gen 9] National Dex","log":"|j|\u2606Ash100985\n|j|\u2606Killateral\n|t:|1699834746\n|gametype|singles\n|player|p1|Ash100985|lucas-gen4pt|\n|player|p2|Killateral|101|\n|teamsize|p1|6\n|teamsize|p2|6\n|gen|9\n|tier|[Gen 9] National Dex\n|rule|HP Percentage Mod: HP is shown in percentages\n|rule|Endless Battle Clause: Forcing endless battles is banned\n|rule|OHKO Clause: OHKO moves are banned\n|rule|Evasion Clause: Evasion abilities, items, and moves are banned\n|rule|Evasion Abilities Clause: Evasion abilities are banned\n|rule|Evasion Items Clause: Evasion items are banned\n|rule|Evasion Moves Clause: Evasion moves are banned\n|rule|Species Clause: Limit one of each Pok\u00e9mon\n|rule|Sleep Clause Mod: Limit one foe put to sleep\n|clearpoke\n|poke|p1|Clefable, F|\n|poke|p1|Smeargle, F|\n|poke|p1|Politoed, F|\n|poke|p1|Swampert, F|\n|poke|p1|Celesteela|\n|poke|p1|Slurpuff, M|\n|poke|p2|Skarmory, F|\n|poke|p2|Skeledirge, F|\n|poke|p2|Great Tusk|\n|poke|p2|Weavile, F|\n|poke|p2|Slowking, M|\n|poke|p2|Sinistcha|\n|teampreview\n|\n|t:|1699834773\n|start\n|switch|p1a: Smeargle|Smeargle, F|100\/100\n|switch|p2a: Weavile|Weavile, F|100\/100\n|-ability|p2a: Weavile|Pressure\n|turn|1\n|\n|t:|1699834780\n|move|p2a: Weavile|Icicle Spear|p1a: Smeargle\n|-damage|p1a: Smeargle|68\/100\n|-damage|p1a: Smeargle|33\/100\n|-damage|p1a: Smeargle|0 fnt\n|faint|p1a: Smeargle\n|-hitcount|p1: Smeargle|3\n|\n|upkeep\n|\n|t:|1699834792\n|switch|p1a: Celesteela|Celesteela|100\/100\n|turn|2\n|\n|t:|1699834820\n|move|p2a: Weavile|Swords Dance|p2a: Weavile\n|-boost|p2a: Weavile|atk|2\n|move|p1a: Celesteela|Air Slash|p2a: Weavile\n|-damage|p2a: Weavile|55\/100\n|\n|upkeep\n|turn|3\n|\n|t:|1699834825\n|move|p2a: Weavile|Icicle Spear|p1a: Celesteela\n|-damage|p1a: Celesteela|77\/100\n|-damage|p1a: Celesteela|53\/100\n|-damage|p1a: Celesteela|29\/100\n|-damage|p1a: Celesteela|4\/100\n|-damage|p1a: Celesteela|0 fnt\n|faint|p1a: Celesteela\n|-hitcount|p1: Celesteela|5\n|\n|upkeep\n|\n|t:|1699834838\n|switch|p1a: Politoed|Politoed, F|100\/100\n|-weather|RainDance|[from] ability: Drizzle|[of] p1a: Politoed\n|turn|4\n|\n|t:|1699834842\n|move|p2a: Weavile|Knock Off|p1a: Politoed\n|-damage|p1a: Politoed|0 fnt\n|-enditem|p1a: Politoed|Damp Rock|[from] move: Knock Off|[of] p2a: Weavile\n|faint|p1a: Politoed\n|\n|-weather|RainDance|[upkeep]\n|upkeep\n|\n|t:|1699834845\n|switch|p1a: Swampert|Swampert, F|100\/100\n|turn|5\n|\n|t:|1699834853\n|detailschange|p1a: Swampert|Swampert-Mega, F\n|-mega|p1a: Swampert|Swampert|Swampertite\n|move|p2a: Weavile|Ice Shard|p1a: Swampert\n|-damage|p1a: Swampert|61\/100\n|move|p1a: Swampert|Power-Up Punch|p2a: Weavile\n|-supereffective|p2a: Weavile\n|-damage|p2a: Weavile|0 fnt\n|-boost|p1a: Swampert|atk|1\n|faint|p2a: Weavile\n|\n|-weather|RainDance|[upkeep]\n|upkeep\n|\n|t:|1699834868\n|switch|p2a: Sinistcha|Sinistcha|100\/100\n|turn|6\n|\n|t:|1699834873\n|move|p1a: Swampert|Ice Punch|p2a: Sinistcha\n|-supereffective|p2a: Sinistcha\n|-damage|p2a: Sinistcha|38\/100\n|move|p2a: Sinistcha|Strength Sap|p1a: Swampert\n|-unboost|p1a: Swampert|atk|1\n|-heal|p2a: Sinistcha|100\/100\n|\n|-weather|RainDance|[upkeep]\n|upkeep\n|turn|7\n|\n|t:|1699834889\n|move|p1a: Swampert|Ice Punch|p2a: Sinistcha\n|-supereffective|p2a: Sinistcha\n|-damage|p2a: Sinistcha|60\/100\n|move|p2a: Sinistcha|Calm Mind|p2a: Sinistcha\n|-boost|p2a: Sinistcha|spa|1\n|-boost|p2a: Sinistcha|spd|1\n|\n|-weather|RainDance|[upkeep]\n|-heal|p2a: Sinistcha|66\/100|[from] item: Leftovers\n|upkeep\n|turn|8\n|\n|t:|1699834897\n|move|p1a: Swampert|Ice Punch|p2a: Sinistcha\n|-supereffective|p2a: Sinistcha\n|-damage|p2a: Sinistcha|29\/100\n|move|p2a: Sinistcha|Strength Sap|p1a: Swampert\n|-unboost|p1a: Swampert|atk|1\n|-heal|p2a: Sinistcha|100\/100\n|\n|-weather|RainDance|[upkeep]\n|upkeep\n|turn|9\n|\n|t:|1699834905\n|move|p1a: Swampert|Ice Punch|p2a: Sinistcha\n|-supereffective|p2a: Sinistcha\n|-crit|p2a: Sinistcha\n|-damage|p2a: Sinistcha|37\/100\n|move|p2a: Sinistcha|Calm Mind|p2a: Sinistcha\n|-boost|p2a: Sinistcha|spa|1\n|-boost|p2a: Sinistcha|spd|1\n|\n|-weather|RainDance|[upkeep]\n|-heal|p2a: Sinistcha|43\/100|[from] item: Leftovers\n|upkeep\n|turn|10\n|\n|t:|1699834914\n|move|p1a: Swampert|Ice Punch|p2a: Sinistcha\n|-supereffective|p2a: Sinistcha\n|-damage|p2a: Sinistcha|15\/100\n|move|p2a: Sinistcha|Strength Sap|p1a: Swampert\n|-unboost|p1a: Swampert|atk|1\n|-heal|p2a: Sinistcha|92\/100\n|\n|-weather|RainDance|[upkeep]\n|-heal|p2a: Sinistcha|98\/100|[from] item: Leftovers\n|upkeep\n|turn|11\n|\n|t:|1699834930\n|move|p1a: Swampert|Ice Punch|p2a: Sinistcha\n|-supereffective|p2a: Sinistcha\n|-damage|p2a: Sinistcha|79\/100\n|move|p2a: Sinistcha|Shadow Ball|p1a: Swampert\n|-damage|p1a: Swampert|0 fnt\n|faint|p1a: Swampert\n|\n|-weather|none\n|-heal|p2a: Sinistcha|85\/100|[from] item: Leftovers\n|upkeep\n|\n|t:|1699834935\n|switch|p1a: Clefable|Clefable, F|100\/100\n|turn|12\n|\n|t:|1699834939\n|move|p2a: Sinistcha|Imprison|p2a: Sinistcha\n|-start|p2a: Sinistcha|move: Imprison\n|cant|p1a: Clefable|move: Imprison|Calm Mind\n|\n|-heal|p2a: Sinistcha|91\/100|[from] item: Leftovers\n|upkeep\n|turn|13\n|\n|t:|1699834947\n|move|p2a: Sinistcha|Shadow Ball|p1a: Clefable\n|-damage|p1a: Clefable|68\/100\n|move|p1a: Clefable|Moonblast|p2a: Sinistcha\n|-damage|p2a: Sinistcha|50\/100\n|\n|-heal|p2a: Sinistcha|57\/100|[from] item: Leftovers\n|-heal|p1a: Clefable|74\/100|[from] item: Leftovers\n|upkeep\n|turn|14\n|\n|t:|1699834958\n|move|p2a: Sinistcha|Shadow Ball|p1a: Clefable\n|-damage|p1a: Clefable|43\/100\n|move|p1a: Clefable|Soft-Boiled|p1a: Clefable\n|-heal|p1a: Clefable|93\/100\n|\n|-heal|p2a: Sinistcha|63\/100|[from] item: Leftovers\n|-heal|p1a: Clefable|99\/100|[from] item: Leftovers\n|upkeep\n|turn|15\n|\n|t:|1699834966\n|move|p2a: Sinistcha|Shadow Ball|p1a: Clefable\n|-damage|p1a: Clefable|71\/100\n|move|p1a: Clefable|Flamethrower|p2a: Sinistcha\n|-supereffective|p2a: Sinistcha\n|-damage|p2a: Sinistcha|40\/100\n|-status|p2a: Sinistcha|brn\n|\n|-heal|p2a: Sinistcha|46\/100 brn|[from] item: Leftovers\n|-heal|p1a: Clefable|77\/100|[from] item: Leftovers\n|-damage|p2a: Sinistcha|43\/100 brn|[from] brn\n|upkeep\n|turn|16\n|\n|t:|1699834987\n|move|p2a: Sinistcha|Strength Sap|p1a: Clefable\n|-unboost|p1a: Clefable|atk|1\n|-heal|p2a: Sinistcha|81\/100 brn\n|move|p1a: Clefable|Flamethrower|p2a: Sinistcha\n|-supereffective|p2a: Sinistcha\n|-damage|p2a: Sinistcha|59\/100 brn\n|\n|-heal|p2a: Sinistcha|65\/100 brn|[from] item: Leftovers\n|-heal|p1a: Clefable|83\/100|[from] item: Leftovers\n|-damage|p2a: Sinistcha|62\/100 brn|[from] brn\n|upkeep\n|turn|17\n|\n|t:|1699835003\n|move|p2a: Sinistcha|Shadow Ball|p1a: Clefable\n|-damage|p1a: Clefable|53\/100\n|move|p1a: Clefable|Flamethrower|p2a: Sinistcha\n|-supereffective|p2a: Sinistcha\n|-crit|p2a: Sinistcha\n|-damage|p2a: Sinistcha|29\/100 brn\n|\n|-heal|p2a: Sinistcha|35\/100 brn|[from] item: Leftovers\n|-heal|p1a: Clefable|59\/100|[from] item: Leftovers\n|-damage|p2a: Sinistcha|32\/100 brn|[from] brn\n|upkeep\n|turn|18\n|\n|t:|1699835030\n|move|p2a: Sinistcha|Strength Sap|p1a: Clefable\n|-unboost|p1a: Clefable|atk|1\n|-heal|p2a: Sinistcha|57\/100 brn\n|move|p1a: Clefable|Soft-Boiled|p1a: Clefable\n|-heal|p1a: Clefable|100\/100\n|\n|-heal|p2a: Sinistcha|63\/100 brn|[from] item: Leftovers\n|-damage|p2a: Sinistcha|60\/100 brn|[from] brn\n|upkeep\n|turn|19\n|\n|t:|1699835041\n|move|p2a: Sinistcha|Shadow Ball|p1a: Clefable\n|-damage|p1a: Clefable|72\/100\n|move|p1a: Clefable|Flamethrower|p2a: Sinistcha\n|-supereffective|p2a: Sinistcha\n|-damage|p2a: Sinistcha|38\/100 brn\n|\n|-heal|p2a: Sinistcha|44\/100 brn|[from] item: Leftovers\n|-heal|p1a: Clefable|78\/100|[from] item: Leftovers\n|-damage|p2a: Sinistcha|41\/100 brn|[from] brn\n|upkeep\n|turn|20\n|\n|t:|1699835057\n|move|p2a: Sinistcha|Shadow Ball|p1a: Clefable\n|-damage|p1a: Clefable|49\/100\n|move|p1a: Clefable|Flamethrower|p2a: Sinistcha\n|-supereffective|p2a: Sinistcha\n|-damage|p2a: Sinistcha|18\/100 brn\n|\n|-heal|p2a: Sinistcha|24\/100 brn|[from] item: Leftovers\n|-heal|p1a: Clefable|55\/100|[from] item: Leftovers\n|-damage|p2a: Sinistcha|21\/100 brn|[from] brn\n|upkeep\n|turn|21\n|\n|t:|1699835069\n|move|p2a: Sinistcha|Shadow Ball|p1a: Clefable\n|-damage|p1a: Clefable|27\/100\n|move|p1a: Clefable|Moonblast|p2a: Sinistcha\n|-damage|p2a: Sinistcha|0 fnt\n|faint|p2a: Sinistcha\n|\n|-heal|p1a: Clefable|33\/100|[from] item: Leftovers\n|upkeep\n|\n|t:|1699835077\n|switch|p2a: Great Tusk|Great Tusk|100\/100\n|turn|22\n|\n|t:|1699835080\n|move|p2a: Great Tusk|Iron Head|p1a: Clefable\n|-supereffective|p1a: Clefable\n|-damage|p1a: Clefable|0 fnt\n|faint|p1a: Clefable\n|\n|upkeep\n|\n|t:|1699835082\n|switch|p1a: Slurpuff|Slurpuff, M|100\/100\n|turn|23\n|\n|t:|1699835086\n|move|p2a: Great Tusk|Iron Head|p1a: Slurpuff\n|-supereffective|p1a: Slurpuff\n|-damage|p1a: Slurpuff|43\/100\n|-enditem|p1a: Slurpuff|Sitrus Berry|[eat]\n|-heal|p1a: Slurpuff|68\/100|[from] item: Sitrus Berry\n|move|p1a: Slurpuff|Belly Drum|p1a: Slurpuff\n|-damage|p1a: Slurpuff|18\/100\n|-setboost|p1a: Slurpuff|atk|6|[from] move: Belly Drum\n|\n|upkeep\n|turn|24\n|\n|t:|1699835099\n|move|p1a: Slurpuff|Play Rough|p2a: Great Tusk\n|-supereffective|p2a: Great Tusk\n|-damage|p2a: Great Tusk|0 fnt\n|faint|p2a: Great Tusk\n|-end|p2a: Great Tusk|Protosynthesis|[silent]\n|\n|upkeep\n|\n|t:|1699835107\n|switch|p2a: Skeledirge|Skeledirge, F|100\/100\n|turn|25\n|\n|t:|1699835110\n|move|p1a: Slurpuff|Play Rough|p2a: Skeledirge\n|-resisted|p2a: Skeledirge\n|-damage|p2a: Skeledirge|87\/100\n|move|p2a: Skeledirge|Torch Song|p1a: Slurpuff\n|-damage|p1a: Slurpuff|0 fnt\n|-boost|p2a: Skeledirge|spa|1\n|faint|p1a: Slurpuff\n|\n|win|Killateral\n|c|\u2606Ash100985|ggs\n|c|\u2606Ash100985|send replay pls\n","uploadtime":1699835148,"views":37,"p1id":"ash100985","p2id":"killateral","formatid":"gen9nationaldex","rating":0,"private":0,"password":""}