{"id":"gen9nationaldex-1990012176","p1":"johim","p2":"slimyswag","format":"[Gen 9] National Dex","log":"|j|\u2606johim\n|j|\u2606slimyswag\n|t:|1699915260\n|gametype|singles\n|player|p1|johim|riley|1262\n|player|p2|slimyswag|harlequin|1148\n|teamsize|p1|6\n|teamsize|p2|6\n|gen|9\n|tier|[Gen 9] National Dex\n|rated|\n|rule|HP Percentage Mod: HP is shown in percentages\n|rule|Endless Battle Clause: Forcing endless battles is banned\n|rule|OHKO Clause: OHKO moves are banned\n|rule|Evasion Clause: Evasion abilities, items, and moves are banned\n|rule|Evasion Abilities Clause: Evasion abilities are banned\n|rule|Evasion Items Clause: Evasion items are banned\n|rule|Evasion Moves Clause: Evasion moves are banned\n|rule|Species Clause: Limit one of each Pok\u00e9mon\n|rule|Sleep Clause Mod: Limit one foe put to sleep\n|clearpoke\n|poke|p1|Charizard, M|\n|poke|p1|Rhydon, M|\n|poke|p1|Cloyster, M|\n|poke|p1|Crobat, M|\n|poke|p1|Magneton|\n|poke|p1|Hitmonlee, M|\n|poke|p2|Slowbro, F|\n|poke|p2|Torterra, F|\n|poke|p2|Galvantula, F|\n|poke|p2|Infernape, F|\n|poke|p2|Noivern, M|\n|poke|p2|Aggron, F|\n|teampreview\n|inactive|Battle timer is ON: inactive players will automatically lose when time's up. (requested by slimyswag)\n|\n|t:|1699915273\n|start\n|switch|p1a: Magneton|Magneton|100\/100\n|switch|p2a: My boy|Aggron, F|100\/100\n|turn|1\n|\n|t:|1699915284\n|move|p1a: Magneton|Thunderbolt|p2a: My boy\n|-damage|p2a: My boy|29\/100\n|move|p2a: My boy|Earthquake|p1a: Magneton\n|-supereffective|p1a: Magneton\n|-ability|p1a: Magneton|Sturdy\n|-damage|p1a: Magneton|1\/100\n|\n|upkeep\n|turn|2\n|\n|t:|1699915288\n|move|p1a: Magneton|Thunderbolt|p2a: My boy\n|-damage|p2a: My boy|0 fnt\n|faint|p2a: My boy\n|\n|upkeep\n|\n|t:|1699915291\n|switch|p2a: Smol Enemy Spider|Galvantula, F|100\/100\n|turn|3\n|\n|t:|1699915294\n|move|p2a: Smol Enemy Spider|Sticky Web|p1a: Magneton\n|-sidestart|p1: johim|move: Sticky Web\n|move|p1a: Magneton|Thunderbolt|p2a: Smol Enemy Spider\n|-resisted|p2a: Smol Enemy Spider\n|-damage|p2a: Smol Enemy Spider|59\/100\n|\n|upkeep\n|turn|4\n|\n|t:|1699915297\n|move|p2a: Smol Enemy Spider|Bug Buzz|p1a: Magneton\n|-resisted|p1a: Magneton\n|-damage|p1a: Magneton|0 fnt\n|faint|p1a: Magneton\n|\n|upkeep\n|\n|t:|1699915300\n|switch|p1a: Hitmonlee|Hitmonlee, M|100\/100\n|-activate|p1a: Hitmonlee|move: Sticky Web\n|-unboost|p1a: Hitmonlee|spe|1\n|turn|5\n|\n|t:|1699915304\n|move|p2a: Smol Enemy Spider|Thunder Wave|p1a: Hitmonlee\n|-status|p1a: Hitmonlee|par\n|cant|p1a: Hitmonlee|par\n|\n|upkeep\n|turn|6\n|\n|t:|1699915309\n|switch|p2a: :D|Slowbro, F|100\/100\n|cant|p1a: Hitmonlee|par\n|\n|upkeep\n|turn|7\n|\n|t:|1699915313\n|move|p2a: :D|Future Sight|p1a: Hitmonlee\n|-start|p2a: :D|move: Future Sight\n|move|p1a: Hitmonlee|Rapid Spin|p2a: :D\n|-damage|p2a: :D|91\/100\n|-boost|p1a: Hitmonlee|spe|1\n|-sideend|p1: johim|Sticky Web|[from] move: Rapid Spin|[of] p1a: Hitmonlee\n|\n|-heal|p2a: :D|97\/100|[from] item: Leftovers\n|upkeep\n|turn|8\n|\n|t:|1699915323\n|cant|p1a: Hitmonlee|par\n|move|p2a: :D|Scald|p1a: Hitmonlee\n|-damage|p1a: Hitmonlee|67\/100 par\n|\n|-heal|p2a: :D|100\/100|[from] item: Leftovers\n|upkeep\n|turn|9\n|\n|t:|1699915331\n|switch|p2a: Smol Enemy Spider|Galvantula, F|59\/100\n|move|p1a: Hitmonlee|Stone Edge|p2a: Smol Enemy Spider\n|-supereffective|p2a: Smol Enemy Spider\n|-crit|p2a: Smol Enemy Spider\n|-damage|p2a: Smol Enemy Spider|0 fnt\n|faint|p2a: Smol Enemy Spider\n|\n|-end|p1a: Hitmonlee|move: Future Sight\n|-supereffective|p1a: Hitmonlee\n|-damage|p1a: Hitmonlee|0 fnt\n|faint|p1a: Hitmonlee\n|upkeep\n|\n|t:|1699915343\n|switch|p2a: Tortellini|Torterra, F|100\/100\n|switch|p1a: Cloyster|Cloyster, M|100\/100\n|turn|10\n|\n|t:|1699915359\n|-terastallize|p2a: Tortellini|Rock\n|move|p1a: Cloyster|Shell Smash|p1a: Cloyster\n|-unboost|p1a: Cloyster|def|1\n|-unboost|p1a: Cloyster|spd|1\n|-boost|p1a: Cloyster|atk|2\n|-boost|p1a: Cloyster|spa|2\n|-boost|p1a: Cloyster|spe|2\n|move|p2a: Tortellini|Rock Blast|p1a: Cloyster\n|-supereffective|p1a: Cloyster\n|-damage|p1a: Cloyster|66\/100\n|-supereffective|p1a: Cloyster\n|-damage|p1a: Cloyster|33\/100\n|-supereffective|p1a: Cloyster\n|-damage|p1a: Cloyster|3\/100\n|-supereffective|p1a: Cloyster\n|-damage|p1a: Cloyster|0 fnt\n|faint|p1a: Cloyster\n|-hitcount|p1: Cloyster|4\n|\n|upkeep\n|\n|t:|1699915371\n|switch|p1a: Rhydon|Rhydon, M|100\/100\n|turn|11\n|\n|t:|1699915380\n|-terastallize|p1a: Rhydon|Water\n|move|p2a: Tortellini|Bullet Seed|p1a: Rhydon\n|-supereffective|p1a: Rhydon\n|-damage|p1a: Rhydon|87\/100\n|-supereffective|p1a: Rhydon\n|-damage|p1a: Rhydon|74\/100\n|-supereffective|p1a: Rhydon\n|-damage|p1a: Rhydon|60\/100\n|-supereffective|p1a: Rhydon\n|-damage|p1a: Rhydon|47\/100\n|-hitcount|p1a: Rhydon|4\n|move|p1a: Rhydon|Swords Dance|p1a: Rhydon\n|-boost|p1a: Rhydon|atk|2\n|\n|upkeep\n|turn|12\n|\n|t:|1699915387\n|move|p2a: Tortellini|Bullet Seed|p1a: Rhydon\n|-supereffective|p1a: Rhydon\n|-damage|p1a: Rhydon|35\/100\n|-supereffective|p1a: Rhydon\n|-damage|p1a: Rhydon|22\/100\n|-supereffective|p1a: Rhydon\n|-damage|p1a: Rhydon|10\/100\n|-supereffective|p1a: Rhydon\n|-damage|p1a: Rhydon|0 fnt\n|faint|p1a: Rhydon\n|-hitcount|p1: Rhydon|4\n|\n|upkeep\n|\n|t:|1699915392\n|switch|p1a: Crobat|Crobat, M|100\/100\n|turn|13\n|\n|t:|1699915399\n|move|p1a: Crobat|Giga Drain|p2a: Tortellini\n|-supereffective|p2a: Tortellini\n|-damage|p2a: Tortellini|60\/100\n|move|p2a: Tortellini|Rock Blast|p1a: Crobat\n|-supereffective|p1a: Crobat\n|-crit|p1a: Crobat\n|-damage|p1a: Crobat|54\/100\n|-supereffective|p1a: Crobat\n|-damage|p1a: Crobat|19\/100\n|-supereffective|p1a: Crobat\n|-damage|p1a: Crobat|0 fnt\n|faint|p1a: Crobat\n|-hitcount|p1: Crobat|3\n|\n|upkeep\n|\n|t:|1699915403\n|switch|p1a: Charizard|Charizard, M|100\/100\n|turn|14\n|\n|t:|1699915406\n|detailschange|p1a: Charizard|Charizard-Mega-Y, M\n|-mega|p1a: Charizard|Charizard|Charizardite Y\n|-weather|SunnyDay|[from] ability: Drought|[of] p1a: Charizard\n|move|p1a: Charizard|Solar Beam||[still]\n|-prepare|p1a: Charizard|Solar Beam\n|-anim|p1a: Charizard|Solar Beam|p2a: Tortellini\n|-supereffective|p2a: Tortellini\n|-damage|p2a: Tortellini|0 fnt\n|faint|p2a: Tortellini\n|\n|-weather|SunnyDay|[upkeep]\n|upkeep\n|\n|t:|1699915413\n|switch|p2a: :D|Slowbro, F|100\/100\n|turn|15\n|\n|t:|1699915415\n|move|p1a: Charizard|Solar Beam||[still]\n|-prepare|p1a: Charizard|Solar Beam\n|-anim|p1a: Charizard|Solar Beam|p2a: :D\n|-supereffective|p2a: :D\n|-damage|p2a: :D|0 fnt\n|faint|p2a: :D\n|\n|-weather|SunnyDay|[upkeep]\n|upkeep\n|\n|t:|1699915423\n|switch|p2a: Drop a Draco|Noivern, M|100\/100\n|turn|16\n|\n|t:|1699915425\n|move|p2a: Drop a Draco|Draco Meteor|p1a: Charizard\n|-damage|p1a: Charizard|18\/100\n|-unboost|p2a: Drop a Draco|spa|2\n|move|p1a: Charizard|Fire Blast|p2a: Drop a Draco\n|-resisted|p2a: Drop a Draco\n|-crit|p2a: Drop a Draco\n|-damage|p2a: Drop a Draco|0 fnt\n|faint|p2a: Drop a Draco\n|\n|-weather|SunnyDay|[upkeep]\n|upkeep\n|\n|t:|1699915428\n|switch|p2a: Monk|Infernape, F|100\/100\n|turn|17\n|\n|t:|1699915434\n|move|p1a: Charizard|Scorching Sands|p2a: Monk\n|-supereffective|p2a: Monk\n|-damage|p2a: Monk|32\/100\n|move|p2a: Monk|Drain Punch|p1a: Charizard\n|-resisted|p1a: Charizard\n|-damage|p1a: Charizard|0 fnt\n|-heal|p2a: Monk|40\/100|[from] drain|[of] p1a: Charizard\n|faint|p1a: Charizard\n|\n|win|slimyswag\n|raw|johim's rating: 1262 &rarr; <strong>1229<\/strong><br \/>(-33 for losing)\n|raw|slimyswag's rating: 1148 &rarr; <strong>1181<\/strong><br \/>(+33 for winning)\n|c|\u2606slimyswag|dam the almost reverse sweep\n","uploadtime":1699915445,"views":13,"p1id":"johim","p2id":"slimyswag","formatid":"gen9nationaldex","rating":1181,"private":0,"password":""}