{"id":"gen9nationaldex-1996952968","p1":"Aragmar","p2":"Houmura","format":"[Gen 9] National Dex","log":"|html|<div class=\"broadcast-blue\"><strong>[Gen 9] National Dex is currently suspecting Sneasler! For information on how to participate check out the <a href=\"https:\/\/www.smogon.com\/forums\/threads\/sv-national-dex-suspect-8-just-dance.3731534\/\">suspect thread<\/a>.<\/strong><\/div>\n|j|\u2606Aragmar\n|j|\u2606Houmura\n|t:|1700748996\n|gametype|singles\n|player|p1|Aragmar|red|1234\n|player|p2|Houmura|101|1354\n|teamsize|p1|6\n|teamsize|p2|6\n|gen|9\n|tier|[Gen 9] National Dex\n|rated|\n|rule|HP Percentage Mod: HP is shown in percentages\n|rule|Endless Battle Clause: Forcing endless battles is banned\n|rule|OHKO Clause: OHKO moves are banned\n|rule|Evasion Clause: Evasion abilities, items, and moves are banned\n|rule|Evasion Abilities Clause: Evasion abilities are banned\n|rule|Evasion Items Clause: Evasion items are banned\n|rule|Evasion Moves Clause: Evasion moves are banned\n|rule|Species Clause: Limit one of each Pok\u00e9mon\n|rule|Sleep Clause Mod: Limit one foe put to sleep\n|clearpoke\n|poke|p1|Glimmora, M|\n|poke|p1|Iron Moth|\n|poke|p1|Garganacl, M|\n|poke|p1|Aggron, M|\n|poke|p1|Latias, F|\n|poke|p1|Froslass, F|\n|poke|p2|Weavile, F|\n|poke|p2|Landorus-Therian, M|\n|poke|p2|Zapdos|\n|poke|p2|Volcanion|\n|poke|p2|Ursaluna, M|\n|poke|p2|Kartana|\n|teampreview\n|\n|t:|1700749004\n|start\n|switch|p1a: Glimmora|Glimmora, M|100\/100\n|switch|p2a: Landorus|Landorus-Therian, M|100\/100\n|-ability|p2a: Landorus|Intimidate|boost\n|-unboost|p1a: Glimmora|atk|1\n|turn|1\n|\n|t:|1700749014\n|move|p1a: Glimmora|Spiky Shield|p1a: Glimmora\n|-singleturn|p1a: Glimmora|move: Protect\n|move|p2a: Landorus|Earthquake|p1a: Glimmora\n|-activate|p1a: Glimmora|move: Protect\n|\n|upkeep\n|turn|2\n|inactive|Battle timer is ON: inactive players will automatically lose when time's up. (requested by Houmura)\n|\n|t:|1700749039\n|move|p1a: Glimmora|Toxic Spikes|p2a: Landorus\n|-sidestart|p2: Houmura|move: Toxic Spikes\n|move|p2a: Landorus|Earthquake|p1a: Glimmora\n|-supereffective|p1a: Glimmora\n|-enditem|p1a: Glimmora|Focus Sash\n|-damage|p1a: Glimmora|1\/100\n|-activate|p1a: Glimmora|ability: Toxic Debris\n|-sidestart|p2: Houmura|move: Toxic Spikes\n|\n|upkeep\n|turn|3\n|\n|t:|1700749049\n|switch|p1a: Latias|Latias, F|100\/100\n|move|p2a: Landorus|Earthquake|p1a: Latias\n|-immune|p1a: Latias|[from] ability: Levitate\n|\n|upkeep\n|turn|4\n|\n|t:|1700749057\n|switch|p1a: Froslass|Froslass, F|100\/100\n|move|p2a: Landorus|Defog|p1a: Froslass\n|-unboost|p1a: Froslass|evasion|1\n|-sideend|p2: Houmura|Toxic Spikes|[from] move: Defog|[of] p2a: Landorus\n|\n|upkeep\n|turn|5\n|\n|t:|1700749065\n|move|p1a: Froslass|Ice Beam|p2a: Landorus\n|-supereffective|p2a: Landorus\n|-damage|p2a: Landorus|0 fnt\n|faint|p2a: Landorus\n|\n|upkeep\n|\n|t:|1700749072\n|switch|p2a: Weavile|Weavile, F|100\/100\n|-ability|p2a: Weavile|Pressure\n|turn|6\n|\n|t:|1700749077\n|switch|p1a: Glimmora|Glimmora, M|1\/100\n|-terastallize|p2a: Weavile|Dark\n|move|p2a: Weavile|Beat Up|p1a: Glimmora\n|-damage|p1a: Glimmora|0 fnt\n|-activate|p1a: Glimmora|ability: Toxic Debris\n|-sidestart|p2: Houmura|move: Toxic Spikes\n|faint|p1a: Glimmora\n|-hitcount|p1: Glimmora|1\n|\n|upkeep\n|\n|t:|1700749092\n|switch|p1a: Aggron|Aggron, M|100\/100\n|turn|7\n|\n|t:|1700749099\n|switch|p2a: Volcanion|Volcanion|100\/100\n|detailschange|p1a: Aggron|Aggron-Mega, M\n|-mega|p1a: Aggron|Aggron|Aggronite\n|move|p1a: Aggron|Dragon Tail|p2a: Volcanion\n|-damage|p2a: Volcanion|88\/100\n|drag|p2a: Kartana|Kartana|100\/100\n|\n|upkeep\n|turn|8\n|\n|t:|1700749110\n|switch|p1a: Froslass|Froslass, F|100\/100\n|move|p2a: Kartana|Sacred Sword|p1a: Froslass\n|-immune|p1a: Froslass\n|\n|upkeep\n|turn|9\n|\n|t:|1700749117\n|switch|p2a: Weavile|Weavile, F, tera:Dark|100\/100\n|-status|p2a: Weavile|psn\n|-ability|p2a: Weavile|Pressure\n|move|p1a: Froslass|Switcheroo|p2a: Weavile\n|-activate|p1a: Froslass|move: Trick|[of] p2a: Weavile\n|-item|p2a: Weavile|Choice Specs|[from] move: Switcheroo\n|-item|p1a: Froslass|Choice Band|[from] move: Switcheroo\n|\n|-damage|p2a: Weavile|88\/100 psn|[from] psn\n|upkeep\n|turn|10\n|\n|t:|1700749138\n|switch|p1a: Aggron|Aggron-Mega, M|100\/100\n|move|p2a: Weavile|Beat Up|p1a: Aggron\n|-damage|p1a: Aggron|95\/100\n|-damage|p1a: Aggron|89\/100\n|-damage|p1a: Aggron|82\/100\n|-damage|p1a: Aggron|77\/100\n|-damage|p1a: Aggron|71\/100\n|-hitcount|p1a: Aggron|5\n|\n|-damage|p2a: Weavile|76\/100 psn|[from] psn\n|upkeep\n|turn|11\n|\n|t:|1700749151\n|move|p2a: Weavile|Beat Up|p1a: Aggron\n|-damage|p1a: Aggron|66\/100\n|-damage|p1a: Aggron|61\/100\n|-damage|p1a: Aggron|53\/100\n|-damage|p1a: Aggron|48\/100\n|-damage|p1a: Aggron|42\/100\n|-hitcount|p1a: Aggron|5\n|move|p1a: Aggron|Dragon Tail|p2a: Weavile\n|-damage|p2a: Weavile|44\/100 psn\n|drag|p2a: Volcanion|Volcanion|88\/100\n|\n|upkeep\n|turn|12\n|\n|t:|1700749167\n|move|p2a: Volcanion|Steam Eruption|p1a: Aggron\n|-damage|p1a: Aggron|1\/100\n|move|p1a: Aggron|Rest|p1a: Aggron\n|-status|p1a: Aggron|slp|[from] move: Rest\n|-heal|p1a: Aggron|100\/100 slp|[silent]\n|\n|upkeep\n|turn|13\n|\n|t:|1700749176\n|move|p2a: Volcanion|Steam Eruption|p1a: Aggron\n|-damage|p1a: Aggron|63\/100 slp\n|cant|p1a: Aggron|slp\n|move|p1a: Aggron|Sleep Talk|p1a: Aggron\n|move|p1a: Aggron|Seismic Toss|p2a: Volcanion|[from]move: Sleep Talk\n|-damage|p2a: Volcanion|61\/100\n|\n|upkeep\n|turn|14\n|\n|t:|1700749187\n|switch|p1a: Latias|Latias, F|100\/100\n|move|p2a: Volcanion|Flamethrower|p1a: Latias\n|-resisted|p1a: Latias\n|-damage|p1a: Latias|83\/100\n|\n|upkeep\n|turn|15\n|\n|t:|1700749202\n|move|p1a: Latias|Psychic|p2a: Volcanion\n|-damage|p2a: Volcanion|16\/100\n|move|p2a: Volcanion|Toxic|p1a: Latias\n|-status|p1a: Latias|tox\n|\n|-damage|p1a: Latias|77\/100 tox|[from] psn\n|upkeep\n|turn|16\n|\n|t:|1700749221\n|switch|p2a: Zapdos|Zapdos|100\/100\n|move|p1a: Latias|Psychic|p2a: Zapdos\n|-damage|p2a: Zapdos|57\/100\n|-unboost|p2a: Zapdos|spd|1\n|\n|-damage|p1a: Latias|65\/100 tox|[from] psn\n|upkeep\n|turn|17\n|\n|t:|1700749230\n|move|p1a: Latias|Draco Meteor|p2a: Zapdos\n|-damage|p2a: Zapdos|0 fnt\n|-unboost|p1a: Latias|spa|2\n|faint|p2a: Zapdos\n|\n|-damage|p1a: Latias|47\/100 tox|[from] psn\n|upkeep\n|\n|t:|1700749234\n|switch|p2a: Kartana|Kartana|100\/100\n|turn|18\n|\n|t:|1700749242\n|switch|p1a: Aggron|Aggron-Mega, M|63\/100 slp\n|move|p2a: Kartana|Knock Off|p1a: Aggron\n|-damage|p1a: Aggron|50\/100 slp\n|\n|upkeep\n|turn|19\n|\n|t:|1700749261\n|switch|p2a: Volcanion|Volcanion|16\/100\n|switch|p1a: Garganacl|Garganacl, M|100\/100\n|\n|upkeep\n|turn|20\n|\n|t:|1700749269\n|-terastallize|p1a: Garganacl|Ghost\n|move|p2a: Volcanion|Steam Eruption|p1a: Garganacl\n|-damage|p1a: Garganacl|69\/100\n|move|p1a: Garganacl|Salt Cure|p2a: Volcanion\n|-supereffective|p2a: Volcanion\n|-damage|p2a: Volcanion|0 fnt\n|faint|p2a: Volcanion\n|\n|-heal|p1a: Garganacl|75\/100|[from] item: Leftovers\n|upkeep\n|\n|t:|1700749282\n|switch|p2a: Ursaluna|Ursaluna, M|100\/100\n|-status|p2a: Ursaluna|psn\n|turn|21\n|\n|t:|1700749287\n|switch|p1a: Latias|Latias, F|47\/100 tox\n|move|p2a: Ursaluna|Swords Dance|p2a: Ursaluna\n|-boost|p2a: Ursaluna|atk|2\n|\n|-damage|p1a: Latias|41\/100 tox|[from] psn\n|-damage|p2a: Ursaluna|88\/100 psn|[from] psn\n|upkeep\n|turn|22\n|\n|t:|1700749297\n|move|p1a: Latias|Draco Meteor|p2a: Ursaluna\n|-damage|p2a: Ursaluna|23\/100 psn\n|-unboost|p1a: Latias|spa|2\n|move|p2a: Ursaluna|Facade|p1a: Latias\n|-damage|p1a: Latias|0 fnt\n|faint|p1a: Latias\n|\n|-damage|p2a: Ursaluna|10\/100 psn|[from] psn\n|upkeep\n|\n|t:|1700749308\n|switch|p1a: Aggron|Aggron-Mega, M|50\/100 slp\n|turn|23\n|\n|t:|1700749312\n|move|p2a: Ursaluna|Headlong Rush|p1a: Aggron\n|-supereffective|p1a: Aggron\n|-damage|p1a: Aggron|0 fnt\n|-unboost|p2a: Ursaluna|def|1\n|-unboost|p2a: Ursaluna|spd|1\n|faint|p1a: Aggron\n|\n|-damage|p2a: Ursaluna|0 fnt|[from] psn\n|faint|p2a: Ursaluna\n|upkeep\n|\n|t:|1700749322\n|switch|p2a: Weavile|Weavile, F, tera:Dark|44\/100 psn\n|switch|p1a: Garganacl|Garganacl, M, tera:Ghost|75\/100\n|-ability|p2a: Weavile|Pressure\n|turn|24\n|\n|t:|1700749333\n|move|p2a: Weavile|Beat Up|p1a: Garganacl\n|-supereffective|p1a: Garganacl\n|-damage|p1a: Garganacl|59\/100\n|-supereffective|p1a: Garganacl\n|-damage|p1a: Garganacl|40\/100\n|-hitcount|p1a: Garganacl|2\n|move|p1a: Garganacl|Salt Cure|p2a: Weavile\n|-damage|p2a: Weavile|19\/100 psn\n|-start|p2a: Weavile|Salt Cure\n|\n|-heal|p1a: Garganacl|46\/100|[from] item: Leftovers\n|-damage|p2a: Weavile|6\/100 psn|[from] psn\n|-damage|p2a: Weavile|0 fnt|[from] Salt Cure\n|faint|p2a: Weavile\n|upkeep\n|\n|t:|1700749340\n|switch|p2a: Kartana|Kartana|100\/100\n|turn|25\n|\n|t:|1700749349\n|move|p2a: Kartana|Knock Off|p1a: Garganacl\n|-supereffective|p1a: Garganacl\n|-damage|p1a: Garganacl|0 fnt\n|-enditem|p1a: Garganacl|Leftovers|[from] move: Knock Off|[of] p2a: Kartana\n|faint|p1a: Garganacl\n|-ability|p2a: Kartana|Beast Boost|boost\n|-boost|p2a: Kartana|atk|1\n|\n|upkeep\n|\n|t:|1700749358\n|switch|p1a: Froslass|Froslass, F|100\/100\n|turn|26\n|\n|t:|1700749362\n|move|p2a: Kartana|Knock Off|p1a: Froslass\n|-supereffective|p1a: Froslass\n|-damage|p1a: Froslass|0 fnt\n|-enditem|p1a: Froslass|Choice Band|[from] move: Knock Off|[of] p2a: Kartana\n|faint|p1a: Froslass\n|-ability|p2a: Kartana|Beast Boost|boost\n|-boost|p2a: Kartana|atk|1\n|\n|upkeep\n|\n|t:|1700749373\n|switch|p1a: Iron Moth|Iron Moth|100\/100\n|turn|27\n|\n|t:|1700749377\n|move|p2a: Kartana|Knock Off|p1a: Iron Moth\n|-damage|p1a: Iron Moth|0 fnt\n|-enditem|p1a: Iron Moth|Choice Scarf|[from] move: Knock Off|[of] p2a: Kartana\n|faint|p1a: Iron Moth\n|-end|p1a: Iron Moth|Quark Drive|[silent]\n|\n|win|Houmura\n|raw|Aragmar's rating: 1234 &rarr; <strong>1217<\/strong><br \/>(-17 for losing)\n|raw|Houmura's rating: 1354 &rarr; <strong>1367<\/strong><br \/>(+13 for winning)\n|c|\u2606Aragmar|Idk how you outsped froslass but gg\n|l|\u2606Houmura\n","uploadtime":1700749383,"views":7,"p1id":"aragmar","p2id":"houmura","formatid":"gen9nationaldex","rating":1217,"private":0,"password":""}