{"id":"gen9nationaldex-1994063878","p1":"sgzf","p2":"Baume77","format":"[Gen 9] National Dex","log":"|j|\u2606sgzf\n|j|\u2606Baume77\n|t:|1700402016\n|gametype|singles\n|player|p1|sgzf|dawn-gen4pt|1151\n|player|p2|Baume77|jogger|1218\n|teamsize|p1|6\n|teamsize|p2|6\n|gen|9\n|tier|[Gen 9] National Dex\n|rated|\n|rule|HP Percentage Mod: HP is shown in percentages\n|rule|Endless Battle Clause: Forcing endless battles is banned\n|rule|OHKO Clause: OHKO moves are banned\n|rule|Evasion Clause: Evasion abilities, items, and moves are banned\n|rule|Evasion Abilities Clause: Evasion abilities are banned\n|rule|Evasion Items Clause: Evasion items are banned\n|rule|Evasion Moves Clause: Evasion moves are banned\n|rule|Species Clause: Limit one of each Pok\u00e9mon\n|rule|Sleep Clause Mod: Limit one foe put to sleep\n|clearpoke\n|poke|p1|Garchomp, F|\n|poke|p1|Ferrothorn, F|\n|poke|p1|Lopunny, F|\n|poke|p1|Moltres|\n|poke|p1|Slowking-Galar, F|\n|poke|p1|Corviknight, F|\n|poke|p2|Haxorus, F|\n|poke|p2|Aggron, M|\n|poke|p2|Mimikyu, M|\n|poke|p2|Smeargle, M|\n|poke|p2|Forretress, F|\n|poke|p2|Beedrill, M|\n|teampreview\n|\n|t:|1700402023\n|start\n|switch|p1a: Ferrothorn|Ferrothorn, F|100\/100\n|switch|p2a: Smeargle|Smeargle, M|100\/100\n|turn|1\n|\n|t:|1700402029\n|move|p2a: Smeargle|Stealth Rock|p1a: Ferrothorn\n|-sidestart|p1: sgzf|move: Stealth Rock\n|move|p1a: Ferrothorn|Leech Seed|p2a: Smeargle\n|-start|p2a: Smeargle|move: Leech Seed\n|\n|-damage|p2a: Smeargle|88\/100|[from] Leech Seed|[of] p1a: Ferrothorn\n|upkeep\n|turn|2\n|\n|t:|1700402034\n|move|p2a: Smeargle|Sticky Web|p1a: Ferrothorn\n|-sidestart|p1: sgzf|move: Sticky Web\n|move|p1a: Ferrothorn|Thunder Wave|p2a: Smeargle\n|-status|p2a: Smeargle|par\n|\n|-damage|p2a: Smeargle|76\/100 par|[from] Leech Seed|[of] p1a: Ferrothorn\n|upkeep\n|turn|3\n|\n|t:|1700402038\n|move|p2a: Smeargle|Memento|p1a: Ferrothorn\n|-unboost|p1a: Ferrothorn|atk|2\n|-unboost|p1a: Ferrothorn|spa|2\n|faint|p2a: Smeargle\n|move|p1a: Ferrothorn|Spikes|p2: Smeargle\n|-sidestart|p2: Baume77|Spikes\n|\n|upkeep\n|\n|t:|1700402044\n|switch|p2a: Forretress|Forretress, F|100\/100\n|-damage|p2a: Forretress|88\/100|[from] Spikes\n|turn|4\n|\n|t:|1700402048\n|move|p2a: Forretress|Toxic Spikes|p1a: Ferrothorn\n|-sidestart|p1: sgzf|move: Toxic Spikes\n|move|p1a: Ferrothorn|Knock Off|p2a: Forretress\n|-damage|p2a: Forretress|82\/100\n|-enditem|p2a: Forretress|Mental Herb|[from] move: Knock Off|[of] p1a: Ferrothorn\n|\n|upkeep\n|turn|5\n|\n|t:|1700402053\n|move|p2a: Forretress|Rapid Spin|p1a: Ferrothorn\n|-resisted|p1a: Ferrothorn\n|-damage|p1a: Ferrothorn|98\/100\n|-boost|p2a: Forretress|spe|1\n|-damage|p2a: Forretress|70\/100|[from] ability: Iron Barbs|[of] p1a: Ferrothorn\n|-sideend|p2: Baume77|Spikes|[from] move: Rapid Spin|[of] p2a: Forretress\n|move|p1a: Ferrothorn|Thunder Wave|p2a: Forretress\n|-status|p2a: Forretress|par\n|\n|-heal|p1a: Ferrothorn|100\/100|[from] item: Leftovers\n|upkeep\n|turn|6\n|\n|t:|1700402061\n|move|p2a: Forretress|Body Press|p1a: Ferrothorn\n|-supereffective|p1a: Ferrothorn\n|-damage|p1a: Ferrothorn|64\/100\n|-damage|p2a: Forretress|57\/100 par|[from] ability: Iron Barbs|[of] p1a: Ferrothorn\n|move|p1a: Ferrothorn|Leech Seed|p2a: Forretress\n|-start|p2a: Forretress|move: Leech Seed\n|\n|-heal|p1a: Ferrothorn|70\/100|[from] item: Leftovers\n|-damage|p2a: Forretress|45\/100 par|[from] Leech Seed|[of] p1a: Ferrothorn\n|-heal|p1a: Ferrothorn|83\/100|[silent]\n|upkeep\n|turn|7\n|\n|t:|1700402075\n|move|p2a: Forretress|Toxic Spikes|p1a: Ferrothorn\n|-sidestart|p1: sgzf|move: Toxic Spikes\n|move|p1a: Ferrothorn|Knock Off|p2a: Forretress\n|-damage|p2a: Forretress|41\/100 par\n|\n|-heal|p1a: Ferrothorn|89\/100|[from] item: Leftovers\n|-damage|p2a: Forretress|28\/100 par|[from] Leech Seed|[of] p1a: Ferrothorn\n|-heal|p1a: Ferrothorn|100\/100|[silent]\n|upkeep\n|turn|8\n|\n|t:|1700402087\n|switch|p2a: Mimikyu|Mimikyu, M|100\/100\n|switch|p1a: Moltres|Moltres|100\/100\n|\n|upkeep\n|turn|9\n|inactive|Battle timer is ON: inactive players will automatically lose when time's up. (requested by sgzf)\n|\n|t:|1700402093\n|move|p2a: Mimikyu|Bulk Up|p2a: Mimikyu\n|-boost|p2a: Mimikyu|atk|1\n|-boost|p2a: Mimikyu|def|1\n|move|p1a: Moltres|Defog|p2a: Mimikyu\n|-unboost|p2a: Mimikyu|evasion|1\n|-sideend|p1: sgzf|Toxic Spikes|[from] move: Defog|[of] p1a: Moltres\n|-sideend|p1: sgzf|Stealth Rock|[from] move: Defog|[of] p1a: Moltres\n|-sideend|p1: sgzf|Sticky Web|[from] move: Defog|[of] p1a: Moltres\n|\n|upkeep\n|turn|10\n|\n|t:|1700402102\n|switch|p1a: Ferrothorn|Ferrothorn, F|100\/100\n|move|p2a: Mimikyu|Shadow Sneak|p1a: Ferrothorn\n|-damage|p1a: Ferrothorn|84\/100\n|-damage|p2a: Mimikyu|88\/100|[from] ability: Iron Barbs|[of] p1a: Ferrothorn\n|\n|-heal|p1a: Ferrothorn|90\/100|[from] item: Leftovers\n|upkeep\n|turn|11\n|\n|t:|1700402106\n|move|p2a: Mimikyu|Bulk Up|p2a: Mimikyu\n|-boost|p2a: Mimikyu|atk|1\n|-boost|p2a: Mimikyu|def|1\n|move|p1a: Ferrothorn|Thunder Wave|p2a: Mimikyu\n|-status|p2a: Mimikyu|par\n|\n|-heal|p1a: Ferrothorn|96\/100|[from] item: Leftovers\n|upkeep\n|turn|12\n|\n|t:|1700402111\n|move|p2a: Mimikyu|Bulk Up|p2a: Mimikyu\n|-boost|p2a: Mimikyu|atk|1\n|-boost|p2a: Mimikyu|def|1\n|move|p1a: Ferrothorn|Leech Seed|p2a: Mimikyu\n|-start|p2a: Mimikyu|move: Leech Seed\n|\n|-heal|p1a: Ferrothorn|100\/100|[from] item: Leftovers\n|-damage|p2a: Mimikyu|76\/100 par|[from] Leech Seed|[of] p1a: Ferrothorn\n|upkeep\n|turn|13\n|\n|t:|1700402119\n|cant|p2a: Mimikyu|par\n|move|p1a: Ferrothorn|Knock Off|p2a: Mimikyu\n|-activate|p2a: Mimikyu|ability: Disguise\n|-damage|p2a: Mimikyu|76\/100 par\n|-enditem|p2a: Mimikyu|Weakness Policy|[from] move: Knock Off|[of] p1a: Ferrothorn\n|detailschange|p2a: Mimikyu|Mimikyu-Busted, M\n|-damage|p2a: Mimikyu|63\/100 par|[from] pokemon: Mimikyu-Busted\n|\n|-damage|p2a: Mimikyu|51\/100 par|[from] Leech Seed|[of] p1a: Ferrothorn\n|upkeep\n|turn|14\n|\n|t:|1700402127\n|move|p2a: Mimikyu|Drain Punch|p1a: Ferrothorn\n|-supereffective|p1a: Ferrothorn\n|-damage|p1a: Ferrothorn|38\/100\n|-heal|p2a: Mimikyu|86\/100 par|[from] drain|[of] p1a: Ferrothorn\n|-damage|p2a: Mimikyu|73\/100 par|[from] ability: Iron Barbs|[of] p1a: Ferrothorn\n|move|p1a: Ferrothorn|Knock Off|p2a: Mimikyu\n|-damage|p2a: Mimikyu|66\/100 par\n|\n|-heal|p1a: Ferrothorn|44\/100|[from] item: Leftovers\n|-damage|p2a: Mimikyu|53\/100 par|[from] Leech Seed|[of] p1a: Ferrothorn\n|-heal|p1a: Ferrothorn|55\/100|[silent]\n|upkeep\n|turn|15\n|\n|t:|1700402142\n|-terastallize|p1a: Ferrothorn|Ghost\n|move|p2a: Mimikyu|Bulk Up|p2a: Mimikyu\n|-boost|p2a: Mimikyu|atk|1\n|-boost|p2a: Mimikyu|def|1\n|move|p1a: Ferrothorn|Knock Off|p2a: Mimikyu\n|-damage|p2a: Mimikyu|46\/100 par\n|\n|-heal|p1a: Ferrothorn|61\/100|[from] item: Leftovers\n|-damage|p2a: Mimikyu|34\/100 par|[from] Leech Seed|[of] p1a: Ferrothorn\n|-heal|p1a: Ferrothorn|72\/100|[silent]\n|upkeep\n|turn|16\n|\n|t:|1700402154\n|switch|p1a: Corviknight|Corviknight, F|100\/100\n|-ability|p1a: Corviknight|Pressure\n|move|p2a: Mimikyu|Shadow Sneak|p1a: Corviknight\n|-damage|p1a: Corviknight|69\/100\n|\n|-heal|p1a: Corviknight|75\/100|[from] item: Leftovers\n|-damage|p2a: Mimikyu|22\/100 par|[from] Leech Seed|[of] p1a: Corviknight\n|-heal|p1a: Corviknight|85\/100|[silent]\n|upkeep\n|turn|17\n|\n|t:|1700402163\n|move|p1a: Corviknight|Iron Defense|p1a: Corviknight\n|-boost|p1a: Corviknight|def|2\n|move|p2a: Mimikyu|Drain Punch|p1a: Corviknight\n|-damage|p1a: Corviknight|65\/100\n|-heal|p2a: Mimikyu|34\/100 par|[from] drain|[of] p1a: Corviknight\n|\n|-heal|p1a: Corviknight|71\/100|[from] item: Leftovers\n|-damage|p2a: Mimikyu|22\/100 par|[from] Leech Seed|[of] p1a: Corviknight\n|-heal|p1a: Corviknight|80\/100|[silent]\n|upkeep\n|turn|18\n|\n|t:|1700402169\n|switch|p2a: Forretress|Forretress, F|28\/100 par\n|move|p1a: Corviknight|Iron Defense|p1a: Corviknight\n|-boost|p1a: Corviknight|def|2\n|\n|-heal|p1a: Corviknight|86\/100|[from] item: Leftovers\n|upkeep\n|turn|19\n|\n|t:|1700402176\n|move|p1a: Corviknight|Body Press|p2a: Forretress\n|-crit|p2a: Forretress\n|-damage|p2a: Forretress|0 fnt\n|faint|p2a: Forretress\n|\n|-heal|p1a: Corviknight|92\/100|[from] item: Leftovers\n|upkeep\n|\n|t:|1700402183\n|switch|p2a: Aggron|Aggron, M|100\/100\n|turn|20\n|\n|t:|1700402189\n|move|p1a: Corviknight|Body Press|p2a: Aggron\n|-supereffective|p2a: Aggron\n|-ability|p2a: Aggron|Sturdy\n|-damage|p2a: Aggron|1\/100\n|move|p2a: Aggron|Stone Edge|p1a: Corviknight\n|-damage|p1a: Corviknight|82\/100\n|\n|-heal|p1a: Corviknight|88\/100|[from] item: Leftovers\n|upkeep\n|turn|21\n|-message|Baume77 forfeited.\n|\n|win|sgzf\n|raw|sgzf's rating: 1151 &rarr; <strong>1181<\/strong><br \/>(+30 for winning)\n|raw|Baume77's rating: 1218 &rarr; <strong>1188<\/strong><br \/>(-30 for losing)\n|l|\u2606Baume77\n","uploadtime":1700402202,"views":19,"p1id":"sgzf","p2id":"baume77","formatid":"gen9nationaldex","rating":1181,"private":0,"password":""}