{"id":"gen9nationaldex-1991776125","p1":"Dono_XD","p2":"w0909","format":"[Gen 9] National Dex","log":"|j|\u2606Dono_XD\n|j|\u2606w0909\n|t:|1700115214\n|gametype|singles\n|player|p1|Dono_XD|nate|\n|player|p2|w0909|klara|\n|teamsize|p1|6\n|teamsize|p2|6\n|gen|9\n|tier|[Gen 9] National Dex\n|rule|HP Percentage Mod: HP is shown in percentages\n|rule|Endless Battle Clause: Forcing endless battles is banned\n|rule|OHKO Clause: OHKO moves are banned\n|rule|Evasion Clause: Evasion abilities, items, and moves are banned\n|rule|Evasion Abilities Clause: Evasion abilities are banned\n|rule|Evasion Items Clause: Evasion items are banned\n|rule|Evasion Moves Clause: Evasion moves are banned\n|rule|Species Clause: Limit one of each Pok\u00e9mon\n|rule|Sleep Clause Mod: Limit one foe put to sleep\n|clearpoke\n|poke|p1|Corviknight, M|\n|poke|p1|Gengar, M|\n|poke|p1|Decidueye-Hisui, M|\n|poke|p1|Sableye, M|\n|poke|p1|Dugtrio, M|\n|poke|p1|Jigglypuff, F|\n|poke|p2|Corviknight, M|\n|poke|p2|Regidrago|\n|poke|p2|Sylveon, F|\n|poke|p2|Medicham, M|\n|poke|p2|Dugtrio-Alola, F|\n|poke|p2|Arctibax, M|\n|teampreview\n|\n|t:|1700115222\n|start\n|switch|p1a: I smell pennies|Sableye, M|100\/100\n|switch|p2a: Sylveon|Sylveon, F|100\/100\n|turn|1\n|\n|t:|1700115229\n|move|p1a: I smell pennies|Will-O-Wisp|p2a: Sylveon\n|-status|p2a: Sylveon|brn\n|move|p2a: Sylveon|Hyper Voice|p1a: I smell pennies\n|-supereffective|p1a: I smell pennies\n|-damage|p1a: I smell pennies|0 fnt\n|faint|p1a: I smell pennies\n|\n|-damage|p2a: Sylveon|94\/100 brn|[from] brn\n|upkeep\n|\n|t:|1700115240\n|switch|p1a: Biggest Berd|Corviknight, M, shiny|100\/100\n|turn|2\n|\n|t:|1700115246\n|switch|p2a: Corviknight|Corviknight, M|100\/100\n|move|p1a: Biggest Berd|Brave Bird|p2a: Corviknight\n|-resisted|p2a: Corviknight\n|-damage|p2a: Corviknight|90\/100\n|-damage|p1a: Biggest Berd|84\/100|[from] item: Rocky Helmet|[of] p2a: Corviknight\n|-damage|p1a: Biggest Berd|80\/100|[from] Recoil\n|\n|-heal|p1a: Biggest Berd|86\/100|[from] item: Leftovers\n|upkeep\n|turn|3\n|\n|t:|1700115262\n|switch|p1a: Jiggle on dat puff|Jigglypuff, F, shiny|100\/100\n|move|p2a: Corviknight|U-turn|p1a: Jiggle on dat puff\n|-resisted|p1a: Jiggle on dat puff\n|-damage|p1a: Jiggle on dat puff|94\/100\n|\n|t:|1700115268\n|switch|p2a: Sylveon|Sylveon, F|94\/100 brn|[from] U-turn\n|\n|-heal|p2a: Sylveon|100\/100 brn|[from] item: Leftovers\n|-damage|p2a: Sylveon|94\/100 brn|[from] brn\n|upkeep\n|turn|4\n|\n|t:|1700115277\n|-terastallize|p1a: Jiggle on dat puff|Steel\n|move|p2a: Sylveon|Mystical Fire|p1a: Jiggle on dat puff\n|-supereffective|p1a: Jiggle on dat puff\n|-damage|p1a: Jiggle on dat puff|21\/100\n|-unboost|p1a: Jiggle on dat puff|spa|1\n|-ability|p1a: Jiggle on dat puff|Competitive|boost\n|-boost|p1a: Jiggle on dat puff|spa|2\n|move|p1a: Jiggle on dat puff|Dazzling Gleam|p2a: Sylveon\n|-damage|p2a: Sylveon|80\/100 brn\n|\n|-heal|p2a: Sylveon|87\/100 brn|[from] item: Leftovers\n|-damage|p2a: Sylveon|80\/100 brn|[from] brn\n|upkeep\n|turn|5\n|\n|t:|1700115294\n|switch|p1a: Dugtrio|Dugtrio, M|100\/100\n|move|p2a: Sylveon|Mystical Fire|p1a: Dugtrio\n|-damage|p1a: Dugtrio|54\/100\n|-unboost|p1a: Dugtrio|spa|1\n|\n|-heal|p2a: Sylveon|87\/100 brn|[from] item: Leftovers\n|-damage|p2a: Sylveon|80\/100 brn|[from] brn\n|upkeep\n|turn|6\n|\n|t:|1700115304\n|move|p1a: Dugtrio|Stealth Rock|p2a: Sylveon\n|-sidestart|p2: w0909|move: Stealth Rock\n|move|p2a: Sylveon|Hyper Voice|p1a: Dugtrio\n|-damage|p1a: Dugtrio|0 fnt\n|faint|p1a: Dugtrio\n|\n|-heal|p2a: Sylveon|87\/100 brn|[from] item: Leftovers\n|-damage|p2a: Sylveon|80\/100 brn|[from] brn\n|upkeep\n|\n|t:|1700115316\n|switch|p1a: Noah|Gengar, M, shiny|100\/100\n|turn|7\n|\n|t:|1700115320\n|switch|p2a: Corviknight|Corviknight, M|90\/100\n|-damage|p2a: Corviknight|78\/100|[from] Stealth Rock\n|move|p1a: Noah|Trick|p2a: Corviknight\n|-activate|p1a: Noah|move: Trick|[of] p2a: Corviknight\n|-item|p2a: Corviknight|Choice Specs|[from] move: Trick\n|-item|p1a: Noah|Rocky Helmet|[from] move: Trick\n|\n|upkeep\n|turn|8\n|\n|t:|1700115337\n|move|p1a: Noah|Shadow Ball|p2a: Corviknight\n|-damage|p2a: Corviknight|36\/100\n|-ability|p2a: Corviknight|Mirror Armor\n|-unboost|p1a: Noah|spd|1\n|move|p2a: Corviknight|Defog|p1a: Noah\n|-unboost|p1a: Noah|evasion|1\n|-sideend|p2: w0909|Stealth Rock|[from] move: Defog|[of] p2a: Corviknight\n|\n|upkeep\n|turn|9\n|\n|t:|1700115346\n|switch|p2a: Sylveon|Sylveon, F|80\/100 brn\n|move|p1a: Noah|Shadow Ball|p2a: Sylveon\n|-damage|p2a: Sylveon|50\/100 brn\n|\n|-heal|p2a: Sylveon|57\/100 brn|[from] item: Leftovers\n|-damage|p2a: Sylveon|50\/100 brn|[from] brn\n|upkeep\n|turn|10\n|\n|t:|1700115356\n|move|p1a: Noah|Sludge Bomb|p2a: Sylveon\n|-supereffective|p2a: Sylveon\n|-damage|p2a: Sylveon|0 fnt\n|faint|p2a: Sylveon\n|\n|upkeep\n|\n|t:|1700115368\n|switch|p2a: Medicham|Medicham, M|100\/100\n|turn|11\n|\n|t:|1700115379\n|move|p2a: Medicham|Zen Headbutt|p1a: Noah\n|-supereffective|p1a: Noah\n|-crit|p1a: Noah\n|-damage|p1a: Noah|0 fnt\n|-damage|p2a: Medicham|84\/100|[from] item: Rocky Helmet|[of] p1a: Noah\n|-start|p2a: Medicham|Disable|Zen Headbutt|[from] ability: Cursed Body|[of] p1a: Noah\n|faint|p1a: Noah\n|\n|upkeep\n|\n|t:|1700115387\n|switch|p1a: Biggest Berd|Corviknight, M, shiny|86\/100\n|turn|12\n|\n|t:|1700115391\n|switch|p2a: Arctibax|Arctibax, M|100\/100\n|move|p1a: Biggest Berd|Brave Bird|p2a: Arctibax\n|-damage|p2a: Arctibax|46\/100\n|-damage|p1a: Biggest Berd|72\/100|[from] Recoil\n|\n|-heal|p1a: Biggest Berd|78\/100|[from] item: Leftovers\n|upkeep\n|turn|13\n|\n|t:|1700115399\n|move|p2a: Arctibax|Icicle Crash|p1a: Biggest Berd\n|-damage|p1a: Biggest Berd|57\/100\n|move|p1a: Biggest Berd|Iron Head|p2a: Arctibax\n|-supereffective|p2a: Arctibax\n|-crit|p2a: Arctibax\n|-damage|p2a: Arctibax|0 fnt\n|faint|p2a: Arctibax\n|\n|-heal|p1a: Biggest Berd|63\/100|[from] item: Leftovers\n|upkeep\n|\n|t:|1700115407\n|switch|p2a: Regidrago|Regidrago|100\/100\n|turn|14\n|\n|t:|1700115417\n|move|p2a: Regidrago|Dragon Energy|p1a: Biggest Berd\n|-resisted|p1a: Biggest Berd\n|-damage|p1a: Biggest Berd|0 fnt\n|faint|p1a: Biggest Berd\n|\n|upkeep\n|\n|t:|1700115422\n|switch|p1a: Jiggle on dat puff|Jigglypuff, F, shiny, tera:Steel|21\/100\n|turn|15\n|\n|t:|1700115426\n|move|p2a: Regidrago|Dragon Energy|p1a: Jiggle on dat puff\n|-resisted|p1a: Jiggle on dat puff\n|-damage|p1a: Jiggle on dat puff|0 fnt\n|faint|p1a: Jiggle on dat puff\n|\n|upkeep\n|\n|t:|1700115431\n|switch|p1a: Decidueye|Decidueye-Hisui, M, shiny|100\/100\n|turn|16\n|\n|t:|1700115434\n|move|p1a: Decidueye|Shadow Sneak|p2a: Regidrago\n|-damage|p2a: Regidrago|81\/100\n|-damage|p1a: Decidueye|91\/100|[from] item: Life Orb\n|move|p2a: Regidrago|Dragon Energy|p1a: Decidueye\n|-damage|p1a: Decidueye|0 fnt\n|faint|p1a: Decidueye\n|\n|win|w0909\n","uploadtime":1700115458,"views":5,"p1id":"donoxd","p2id":"w0909","formatid":"gen9nationaldex","rating":0,"private":0,"password":""}