{"id":"gen9nationaldex-1993433715","p1":"Drop A 5ive","p2":"Renegade470","format":"[Gen 9] National Dex","log":"|j|\u2606Drop A 5ive\n|j|\u2606Renegade470\n|t:|1700317345\n|gametype|singles\n|player|p1|Drop A 5ive|n-masters|1064\n|player|p2|Renegade470|266|1127\n|teamsize|p1|6\n|teamsize|p2|6\n|gen|9\n|tier|[Gen 9] National Dex\n|rated|\n|rule|HP Percentage Mod: HP is shown in percentages\n|rule|Endless Battle Clause: Forcing endless battles is banned\n|rule|OHKO Clause: OHKO moves are banned\n|rule|Evasion Clause: Evasion abilities, items, and moves are banned\n|rule|Evasion Abilities Clause: Evasion abilities are banned\n|rule|Evasion Items Clause: Evasion items are banned\n|rule|Evasion Moves Clause: Evasion moves are banned\n|rule|Species Clause: Limit one of each Pok\u00e9mon\n|rule|Sleep Clause Mod: Limit one foe put to sleep\n|clearpoke\n|poke|p1|Aegislash, M|\n|poke|p1|Grimmsnarl, M|\n|poke|p1|Murkrow, M|\n|poke|p1|Charizard, M|\n|poke|p1|Iron Moth|\n|poke|p1|Toxtricity-Low-Key, M|\n|poke|p2|Sableye, M|\n|poke|p2|Gengar, F|\n|poke|p2|Chansey, F|\n|poke|p2|Golurk|\n|poke|p2|Houndoom, M|\n|poke|p2|Klefki, F|\n|teampreview\n|\n|t:|1700317357\n|start\n|switch|p1a: Aegislash|Aegislash, M, shiny|100\/100\n|switch|p2a: Klefki|Klefki, F|100\/100\n|turn|1\n|\n|t:|1700317365\n|move|p2a: Klefki|Reflect|p2a: Klefki\n|-sidestart|p2: Renegade470|Reflect\n|move|p1a: Aegislash|Swords Dance|p1a: Aegislash\n|-boost|p1a: Aegislash|atk|2\n|\n|upkeep\n|turn|2\n|\n|t:|1700317369\n|move|p2a: Klefki|Thunder Wave|p1a: Aegislash\n|-status|p1a: Aegislash|par\n|cant|p1a: Aegislash|par\n|\n|upkeep\n|turn|3\n|\n|t:|1700317393\n|move|p2a: Klefki|Spikes|p1a: Aegislash\n|-sidestart|p1: Drop A 5ive|Spikes\n|move|p1a: Aegislash|Swords Dance|p1a: Aegislash\n|-boost|p1a: Aegislash|atk|2\n|\n|upkeep\n|turn|4\n|\n|t:|1700317399\n|move|p2a: Klefki|Spikes|p1a: Aegislash\n|-sidestart|p1: Drop A 5ive|Spikes\n|cant|p1a: Aegislash|par\n|\n|upkeep\n|turn|5\n|\n|t:|1700317407\n|move|p2a: Klefki|Dazzling Gleam|p1a: Aegislash\n|-resisted|p1a: Aegislash\n|-damage|p1a: Aegislash|91\/100 par\n|move|p1a: Aegislash|Swords Dance|p1a: Aegislash\n|-boost|p1a: Aegislash|atk|2\n|\n|-sideend|p2: Renegade470|Reflect\n|upkeep\n|turn|6\n|\n|t:|1700317414\n|move|p2a: Klefki|Reflect|p2a: Klefki\n|-sidestart|p2: Renegade470|Reflect\n|-formechange|p1a: Aegislash|Aegislash-Blade||[from] ability: Stance Change\n|move|p1a: Aegislash|Shadow Sneak|p2a: Klefki\n|-damage|p2a: Klefki|50\/100\n|\n|-heal|p2a: Klefki|56\/100|[from] item: Leftovers\n|upkeep\n|turn|7\n|\n|t:|1700317425\n|switch|p2a: Chansey|Chansey, F|100\/100\n|cant|p1a: Aegislash|par\n|\n|upkeep\n|turn|8\n|\n|t:|1700317431\n|move|p2a: Chansey|Fire Punch|p1a: Aegislash\n|-supereffective|p1a: Aegislash\n|-damage|p1a: Aegislash|58\/100 par\n|cant|p1a: Aegislash|par\n|\n|upkeep\n|turn|9\n|\n|t:|1700317436\n|move|p2a: Chansey|Fire Punch|p1a: Aegislash\n|-supereffective|p1a: Aegislash\n|-damage|p1a: Aegislash|27\/100 par\n|move|p1a: Aegislash|Iron Head|p2a: Chansey\n|-damage|p2a: Chansey|0 fnt\n|faint|p2a: Chansey\n|\n|upkeep\n|\n|t:|1700317445\n|switch|p2a: Gengar|Gengar, F|100\/100\n|turn|10\n|\n|t:|1700317450\n|cant|p1a: Aegislash|par\n|move|p2a: Gengar|Shadow Ball|p1a: Aegislash\n|-supereffective|p1a: Aegislash\n|-damage|p1a: Aegislash|0 fnt\n|faint|p1a: Aegislash\n|-damage|p2a: Gengar|91\/100|[from] item: Life Orb\n|\n|-sideend|p2: Renegade470|Reflect\n|upkeep\n|\n|t:|1700317456\n|switch|p1a: Grimmsnarl|Grimmsnarl, M|100\/100\n|-damage|p1a: Grimmsnarl|84\/100|[from] Spikes\n|-item|p2a: Gengar|Life Orb|[from] ability: Frisk|[of] p1a: Grimmsnarl|[identify]\n|turn|11\n|\n|t:|1700317472\n|move|p2a: Gengar|Sludge Wave|p1a: Grimmsnarl\n|-supereffective|p1a: Grimmsnarl\n|-damage|p1a: Grimmsnarl|0 fnt\n|faint|p1a: Grimmsnarl\n|-damage|p2a: Gengar|81\/100|[from] item: Life Orb\n|\n|upkeep\n|\n|t:|1700317490\n|switch|p1a: Charizard|Charizard, M|100\/100\n|turn|12\n|\n|t:|1700317499\n|detailschange|p1a: Charizard|Charizard-Mega-X, M\n|-mega|p1a: Charizard|Charizard|Charizardite X\n|-terastallize|p2a: Gengar|Ghost\n|move|p2a: Gengar|Shadow Ball|p1a: Charizard\n|-damage|p1a: Charizard|11\/100\n|-damage|p2a: Gengar|71\/100|[from] item: Life Orb\n|move|p1a: Charizard|Dragon Dance|p1a: Charizard\n|-boost|p1a: Charizard|atk|1\n|-boost|p1a: Charizard|spe|1\n|\n|upkeep\n|turn|13\n|\n|t:|1700317519\n|move|p1a: Charizard|Flare Blitz|p2a: Gengar\n|-damage|p2a: Gengar|0 fnt\n|-start|p1a: Charizard|Disable|Flare Blitz|[from] ability: Cursed Body|[of] p2a: Gengar\n|faint|p2a: Gengar\n|-damage|p1a: Charizard|0 fnt|[from] Recoil\n|faint|p1a: Charizard\n|\n|upkeep\n|\n|t:|1700317533\n|switch|p2a: Klefki|Klefki, F|56\/100\n|switch|p1a: Toxtricity|Toxtricity-Low-Key, M|100\/100\n|-damage|p1a: Toxtricity|84\/100|[from] Spikes\n|turn|14\n|\n|t:|1700317540\n|move|p2a: Klefki|Reflect|p2a: Klefki\n|-sidestart|p2: Renegade470|Reflect\n|move|p1a: Toxtricity|Boomburst|p2a: Klefki\n|-resisted|p2a: Klefki\n|-damage|p2a: Klefki|17\/100\n|\n|-heal|p1a: Toxtricity|90\/100|[from] item: Leftovers\n|-heal|p2a: Klefki|23\/100|[from] item: Leftovers\n|upkeep\n|turn|15\n|\n|t:|1700317552\n|switch|p2a: Golurk|Golurk|100\/100\n|move|p1a: Toxtricity|Boomburst|p2a: Golurk\n|-immune|p2a: Golurk\n|\n|-heal|p1a: Toxtricity|96\/100|[from] item: Leftovers\n|upkeep\n|turn|16\n|\n|t:|1700317572\n|move|p1a: Toxtricity|Toxic|p2a: Golurk\n|-status|p2a: Golurk|tox\n|move|p2a: Golurk|Ice Punch|p1a: Toxtricity\n|-damage|p1a: Toxtricity|18\/100\n|\n|-heal|p1a: Toxtricity|24\/100|[from] item: Leftovers\n|-damage|p2a: Golurk|94\/100 tox|[from] psn\n|upkeep\n|turn|17\n|\n|t:|1700317578\n|move|p1a: Toxtricity|Venoshock|p2a: Golurk\n|-resisted|p2a: Golurk\n|-damage|p2a: Golurk|76\/100 tox\n|move|p2a: Golurk|Ice Punch|p1a: Toxtricity\n|-damage|p1a: Toxtricity|0 fnt\n|faint|p1a: Toxtricity\n|\n|-damage|p2a: Golurk|64\/100 tox|[from] psn\n|upkeep\n|\n|t:|1700317589\n|switch|p1a: Iron Moth|Iron Moth|100\/100\n|-damage|p1a: Iron Moth|84\/100|[from] Spikes\n|-enditem|p1a: Iron Moth|Booster Energy\n|-activate|p1a: Iron Moth|ability: Quark Drive|[fromitem]\n|-start|p1a: Iron Moth|quarkdrivespa\n|turn|18\n|\n|t:|1700317596\n|switch|p2a: Klefki|Klefki, F|23\/100\n|move|p1a: Iron Moth|Energy Ball|p2a: Klefki\n|-resisted|p2a: Klefki\n|-damage|p2a: Klefki|0 fnt\n|faint|p2a: Klefki\n|\n|-sideend|p2: Renegade470|Reflect\n|upkeep\n|\n|t:|1700317600\n|switch|p2a: Houndoom|Houndoom, M|100\/100\n|turn|19\n|\n|t:|1700317610\n|-end|p1a: Iron Moth|Quark Drive|[silent]\n|switch|p1a: Murkrow|Murkrow, M|100\/100\n|move|p2a: Houndoom|Dark Pulse|p1a: Murkrow\n|-resisted|p1a: Murkrow\n|-damage|p1a: Murkrow|28\/100\n|\n|-heal|p1a: Murkrow|34\/100|[from] item: Leftovers\n|upkeep\n|turn|20\n|\n|t:|1700317619\n|move|p1a: Murkrow|Perish Song|p1a: Murkrow\n|-start|p1a: Murkrow|perish3|[silent]\n|-start|p2a: Houndoom|perish3|[silent]\n|-fieldactivate|move: Perish Song\n|move|p2a: Houndoom|Dark Pulse|p1a: Murkrow\n|-resisted|p1a: Murkrow\n|-damage|p1a: Murkrow|0 fnt\n|faint|p1a: Murkrow\n|\n|-start|p2a: Houndoom|perish3\n|upkeep\n|\n|t:|1700317625\n|switch|p1a: Iron Moth|Iron Moth|84\/100\n|-damage|p1a: Iron Moth|67\/100|[from] Spikes\n|turn|21\n|\n|t:|1700317650\n|move|p1a: Iron Moth|Sludge Wave|p2a: Houndoom\n|-damage|p2a: Houndoom|26\/100\n|move|p2a: Houndoom|Dark Pulse|p1a: Iron Moth\n|-damage|p1a: Iron Moth|10\/100\n|\n|-start|p2a: Houndoom|perish2\n|upkeep\n|turn|22\n|\n|t:|1700317659\n|move|p1a: Iron Moth|Sludge Wave|p2a: Houndoom\n|-damage|p2a: Houndoom|0 fnt\n|faint|p2a: Houndoom\n|\n|upkeep\n|\n|t:|1700317663\n|switch|p2a: Sableye|Sableye, M|100\/100\n|turn|23\n|\n|t:|1700317669\n|move|p2a: Sableye|Fake Out|p1a: Iron Moth\n|-damage|p1a: Iron Moth|0 fnt\n|faint|p1a: Iron Moth\n|-end|p1a: Iron Moth|Quark Drive|[silent]\n|\n|win|Renegade470\n|raw|Drop A 5ive's rating: 1064 &rarr; <strong>1048<\/strong><br \/>(-16 for losing)\n|raw|Renegade470's rating: 1127 &rarr; <strong>1148<\/strong><br \/>(+21 for winning)\n|l|\u2606Drop A 5ive\n","uploadtime":1700317676,"views":6,"p1id":"dropa5ive","p2id":"renegade470","formatid":"gen9nationaldex","rating":1048,"private":0,"password":""}