{"id":"gen9nationaldex-1992463157","p1":"Zayko_096","p2":"hackilla15","format":"[Gen 9] National Dex","log":"|j|\u2606Zayko_096\n|j|\u2606hackilla15\n|t:|1700190629\n|gametype|singles\n|player|p1|Zayko_096|colress|1185\n|player|p2|hackilla15|ethan|1232\n|teamsize|p1|6\n|teamsize|p2|6\n|gen|9\n|tier|[Gen 9] National Dex\n|rated|\n|rule|HP Percentage Mod: HP is shown in percentages\n|rule|Endless Battle Clause: Forcing endless battles is banned\n|rule|OHKO Clause: OHKO moves are banned\n|rule|Evasion Clause: Evasion abilities, items, and moves are banned\n|rule|Evasion Abilities Clause: Evasion abilities are banned\n|rule|Evasion Items Clause: Evasion items are banned\n|rule|Evasion Moves Clause: Evasion moves are banned\n|rule|Species Clause: Limit one of each Pok\u00e9mon\n|rule|Sleep Clause Mod: Limit one foe put to sleep\n|clearpoke\n|poke|p1|Veluza, M|\n|poke|p1|Pelipper, M|\n|poke|p1|Dragonite, F|\n|poke|p1|Banette, F|\n|poke|p1|Sneasler, F|\n|poke|p1|Porygon2|\n|poke|p2|Zoroark-Hisui, F|\n|poke|p2|Venusaur, F|\n|poke|p2|Ceruledge, M|\n|poke|p2|Krookodile, M|\n|poke|p2|Corviknight, F|\n|poke|p2|Dragonite, M|\n|teampreview\n|\n|t:|1700190656\n|start\n|switch|p1a: Pelipper|Pelipper, M|100\/100\n|switch|p2a: Krookodile|Krookodile, M, shiny|100\/100\n|-weather|RainDance|[from] ability: Drizzle|[of] p1a: Pelipper\n|turn|1\n|\n|t:|1700190664\n|switch|p2a: Venusaur|Venusaur, F, shiny|100\/100\n|move|p1a: Pelipper|Tailwind|p1a: Pelipper\n|-sidestart|p1: Zayko_096|move: Tailwind\n|\n|-weather|RainDance|[upkeep]\n|upkeep\n|turn|2\n|inactive|Battle timer is ON: inactive players will automatically lose when time's up. (requested by hackilla15)\n|\n|t:|1700190711\n|detailschange|p2a: Venusaur|Venusaur-Mega, F, shiny\n|-mega|p2a: Venusaur|Venusaur|Venusaurite\n|move|p1a: Pelipper|Hurricane|p2a: Venusaur\n|-supereffective|p2a: Venusaur\n|-damage|p2a: Venusaur|24\/100\n|move|p2a: Venusaur|Sludge Bomb|p1a: Pelipper\n|-damage|p1a: Pelipper|31\/100\n|\n|-weather|RainDance|[upkeep]\n|upkeep\n|turn|3\n|\n|t:|1700190720\n|switch|p2a: Corviknight|Corviknight, F, shiny|100\/100\n|move|p1a: Pelipper|Hurricane|p2a: Corviknight\n|-resisted|p2a: Corviknight\n|-damage|p2a: Corviknight|72\/100\n|\n|-weather|RainDance|[upkeep]\n|upkeep\n|turn|4\n|\n|t:|1700190724\n|move|p1a: Pelipper|Surf|p2a: Corviknight\n|-damage|p2a: Corviknight|2\/100\n|move|p2a: Corviknight|Drill Peck|p1a: Pelipper\n|-damage|p1a: Pelipper|0 fnt\n|faint|p1a: Pelipper\n|\n|-weather|RainDance|[upkeep]\n|-sideend|p1: Zayko_096|move: Tailwind\n|upkeep\n|\n|t:|1700190727\n|switch|p1a: Sneasler|Sneasler, F|100\/100\n|turn|5\n|\n|t:|1700190732\n|move|p1a: Sneasler|Fake Out|p2a: Corviknight\n|-enditem|p1a: Sneasler|Normal Gem|[from] gem\n|-resisted|p2a: Corviknight\n|-damage|p2a: Corviknight|0 fnt\n|faint|p2a: Corviknight\n|\n|-weather|RainDance|[upkeep]\n|upkeep\n|\n|t:|1700190735\n|switch|p2a: Krookodile|Krookodile, M, shiny|100\/100\n|turn|6\n|\n|t:|1700190742\n|move|p1a: Sneasler|Brick Break|p2a: Krookodile\n|-immune|p2a: Krookodile\n|move|p2a: Krookodile|Bitter Malice|p1a: Sneasler\n|-damage|p1a: Sneasler|48\/100\n|-unboost|p1a: Sneasler|atk|1\n|\n|-weather|RainDance|[upkeep]\n|upkeep\n|turn|7\n|\n|t:|1700190753\n|switch|p2a: Venusaur|Venusaur-Mega, F, shiny|24\/100\n|move|p1a: Sneasler|Dire Claw|p2a: Venusaur\n|-damage|p2a: Venusaur|1\/100\n|-status|p2a: Venusaur|slp\n|\n|-weather|RainDance|[upkeep]\n|upkeep\n|turn|8\n|\n|t:|1700190759\n|move|p1a: Sneasler|Dire Claw|p2a: Venusaur\n|-damage|p2a: Venusaur|0 fnt\n|faint|p2a: Venusaur\n|\n|-weather|none\n|upkeep\n|\n|t:|1700190763\n|switch|p2a: Dragonite|Dragonite, M|100\/100\n|turn|9\n|\n|t:|1700190767\n|move|p2a: Dragonite|Extreme Speed|p1a: Sneasler\n|-damage|p1a: Sneasler|6\/100\n|move|p1a: Sneasler|Dire Claw|p2a: Dragonite\n|-damage|p2a: Dragonite|86\/100\n|\n|upkeep\n|turn|10\n|\n|t:|1700190775\n|move|p2a: Dragonite|Extreme Speed|p1a: Sneasler\n|-damage|p1a: Sneasler|0 fnt\n|faint|p1a: Sneasler\n|\n|upkeep\n|\n|t:|1700190783\n|switch|p1a: Dragonite|Dragonite, F|100\/100\n|turn|11\n|\n|t:|1700190790\n|move|p1a: Dragonite|Dragon Dance|p1a: Dragonite\n|-boost|p1a: Dragonite|atk|1\n|-boost|p1a: Dragonite|spe|1\n|move|p2a: Dragonite|Curse|p2a: Dragonite\n|-unboost|p2a: Dragonite|spe|1\n|-boost|p2a: Dragonite|atk|1\n|-boost|p2a: Dragonite|def|1\n|\n|upkeep\n|turn|12\n|\n|t:|1700190812\n|move|p1a: Dragonite|Dragon Dance|p1a: Dragonite\n|-boost|p1a: Dragonite|atk|1\n|-boost|p1a: Dragonite|spe|1\n|move|p2a: Dragonite|Curse|p2a: Dragonite\n|-unboost|p2a: Dragonite|spe|1\n|-boost|p2a: Dragonite|atk|1\n|-boost|p2a: Dragonite|def|1\n|\n|upkeep\n|turn|13\n|\n|t:|1700190818\n|move|p1a: Dragonite|Dragon Claw|p2a: Dragonite\n|-supereffective|p2a: Dragonite\n|-damage|p2a: Dragonite|9\/100\n|-enditem|p2a: Dragonite|Weakness Policy\n|-boost|p2a: Dragonite|atk|2|[from] item: Weakness Policy\n|-boost|p2a: Dragonite|spa|2|[from] item: Weakness Policy\n|move|p2a: Dragonite|Curse|p2a: Dragonite\n|-unboost|p2a: Dragonite|spe|1\n|-boost|p2a: Dragonite|atk|1\n|-boost|p2a: Dragonite|def|1\n|\n|upkeep\n|turn|14\n|\n|t:|1700190823\n|move|p2a: Dragonite|Extreme Speed|p1a: Dragonite\n|-damage|p1a: Dragonite|54\/100\n|move|p1a: Dragonite|Dragon Claw|p2a: Dragonite\n|-supereffective|p2a: Dragonite\n|-crit|p2a: Dragonite\n|-damage|p2a: Dragonite|0 fnt\n|faint|p2a: Dragonite\n|\n|upkeep\n|\n|t:|1700190828\n|switch|p2a: Ceruledge|Ceruledge, M, shiny|100\/100\n|turn|15\n|\n|t:|1700190835\n|move|p1a: Dragonite|Dragon Claw|p2a: Ceruledge\n|-enditem|p2a: Ceruledge|Focus Sash\n|-damage|p2a: Ceruledge|1\/100\n|-ability|p2a: Ceruledge|Weak Armor|boost\n|-unboost|p2a: Ceruledge|def|1\n|-boost|p2a: Ceruledge|spe|2\n|move|p2a: Ceruledge|Swords Dance|p2a: Ceruledge\n|-boost|p2a: Ceruledge|atk|2\n|\n|upkeep\n|turn|16\n|\n|t:|1700190841\n|move|p2a: Ceruledge|Shadow Claw|p1a: Dragonite\n|-damage|p1a: Dragonite|0 fnt\n|faint|p1a: Dragonite\n|\n|upkeep\n|\n|t:|1700190852\n|switch|p1a: Veluza|Veluza, M|100\/100\n|turn|17\n|\n|t:|1700190858\n|-terastallize|p1a: Veluza|Dark\n|move|p2a: Ceruledge|Shadow Claw|p1a: Veluza\n|-resisted|p1a: Veluza\n|-damage|p1a: Veluza|45\/100\n|-enditem|p1a: Veluza|Sitrus Berry|[eat]\n|-heal|p1a: Veluza|70\/100|[from] item: Sitrus Berry\n|move|p1a: Veluza|Night Slash|p2a: Ceruledge\n|-supereffective|p2a: Ceruledge\n|-damage|p2a: Ceruledge|0 fnt\n|faint|p2a: Ceruledge\n|\n|upkeep\n|\n|t:|1700190869\n|switch|p2a: Krookodile|Krookodile, M, shiny|100\/100\n|turn|18\n|\n|t:|1700190876\n|-terastallize|p2a: Krookodile|Dragon\n|move|p2a: Krookodile|Scale Shot|p1a: Veluza\n|-damage|p1a: Veluza|50\/100\n|-damage|p1a: Veluza|32\/100\n|-damage|p1a: Veluza|14\/100\n|-damage|p1a: Veluza|0 fnt\n|faint|p1a: Veluza\n|-ability|p2a: Krookodile|Moxie|boost\n|-boost|p2a: Krookodile|atk|1\n|-hitcount|p1: Veluza|4\n|-unboost|p2a: Krookodile|def|1\n|-boost|p2a: Krookodile|spe|1\n|\n|upkeep\n|\n|t:|1700190881\n|switch|p1a: Banette|Banette, F|100\/100\n|-item|p2a: Krookodile|Loaded Dice|[from] ability: Frisk|[of] p1a: Banette|[identify]\n|turn|19\n|\n|t:|1700190893\n|detailschange|p1a: Banette|Banette-Mega, F\n|-mega|p1a: Banette|Banette|Banettite\n|move|p1a: Banette|Destiny Bond|p1a: Banette\n|-singlemove|p1a: Banette|Destiny Bond\n|move|p2a: Krookodile|Scale Shot|p1a: Banette\n|-damage|p1a: Banette|73\/100\n|-damage|p1a: Banette|45\/100\n|-damage|p1a: Banette|19\/100\n|-damage|p1a: Banette|0 fnt\n|faint|p1a: Banette\n|-activate|p1a: Banette|move: Destiny Bond\n|faint|p2a: Krookodile\n|-hitcount|p1: Banette|4\n|\n|upkeep\n|\n|t:|1700190905\n|switch|p2a: Zoroark|Zoroark-Hisui, F, shiny|100\/100\n|switch|p1a: Porygon2|Porygon2|100\/100\n|-ability|p1a: Porygon2|Download|boost\n|-boost|p1a: Porygon2|spa|1\n|turn|20\n|\n|t:|1700190911\n|move|p2a: Zoroark|Sludge Bomb|p1a: Porygon2\n|-damage|p1a: Porygon2|79\/100\n|move|p1a: Porygon2|Tri Attack|p2a: Zoroark\n|-immune|p2a: Zoroark\n|\n|upkeep\n|turn|21\n|\n|t:|1700190920\n|move|p2a: Zoroark|Sludge Bomb|p1a: Porygon2\n|-damage|p1a: Porygon2|57\/100\n|-status|p1a: Porygon2|psn\n|move|p1a: Porygon2|Thunder|p2a: Zoroark\n|-damage|p2a: Zoroark|28\/100\n|\n|-damage|p1a: Porygon2|45\/100 psn|[from] psn\n|upkeep\n|turn|22\n|\n|t:|1700190932\n|move|p2a: Zoroark|Tera Blast|p1a: Porygon2\n|-crit|p1a: Porygon2\n|-damage|p1a: Porygon2|0 fnt\n|faint|p1a: Porygon2\n|\n|win|hackilla15\n|raw|Zayko_096's rating: 1185 &rarr; <strong>1163<\/strong><br \/>(-22 for losing)\n|raw|hackilla15's rating: 1232 &rarr; <strong>1254<\/strong><br \/>(+22 for winning)\n","uploadtime":1700190940,"views":11,"p1id":"zayko096","p2id":"hackilla15","formatid":"gen9nationaldex","rating":1163,"private":0,"password":""}