{"id":"gen9nationaldex-1988254278","p1":"Blake-Mamba","p2":"CigarSmokerForever","format":"[Gen 9] National Dex","log":"|j|\u2606Blake-Mamba\n|j|\u2606CigarSmokerForever\n|t:|1699695328\n|gametype|singles\n|player|p1|Blake-Mamba|juan|1249\n|player|p2|CigarSmokerForever|red|1363\n|teamsize|p1|6\n|teamsize|p2|6\n|gen|9\n|tier|[Gen 9] National Dex\n|rated|\n|rule|HP Percentage Mod: HP is shown in percentages\n|rule|Endless Battle Clause: Forcing endless battles is banned\n|rule|OHKO Clause: OHKO moves are banned\n|rule|Evasion Clause: Evasion abilities, items, and moves are banned\n|rule|Evasion Abilities Clause: Evasion abilities are banned\n|rule|Evasion Items Clause: Evasion items are banned\n|rule|Evasion Moves Clause: Evasion moves are banned\n|rule|Species Clause: Limit one of each Pok\u00e9mon\n|rule|Sleep Clause Mod: Limit one foe put to sleep\n|clearpoke\n|poke|p1|Cinccino, F|\n|poke|p1|Zebstrika, F|\n|poke|p1|Ferrothorn, M|\n|poke|p1|Seismitoad, F|\n|poke|p1|Krookodile, F|\n|poke|p1|Emboar, F|\n|poke|p2|Beedrill, M|\n|poke|p2|Chansey, F|\n|poke|p2|Tapu Lele|\n|poke|p2|Dragonite, F|\n|poke|p2|Shuckle, M|\n|poke|p2|Heatran, M|\n|teampreview\n|inactive|Battle timer is ON: inactive players will automatically lose when time's up. (requested by CigarSmokerForever)\n|c|\u2606CigarSmokerForever|u again\n|\n|t:|1699695342\n|start\n|switch|p1a: Cinccino|Cinccino, F|100\/100\n|switch|p2a: Beedrill|Beedrill, M|100\/100\n|turn|1\n|\n|t:|1699695348\n|switch|p1a: Ferrothorn|Ferrothorn, M|100\/100\n|detailschange|p2a: Beedrill|Beedrill-Mega, M\n|-mega|p2a: Beedrill|Beedrill|Beedrillite\n|move|p2a: Beedrill|Poison Jab|p1a: Ferrothorn\n|-immune|p1a: Ferrothorn\n|\n|upkeep\n|turn|2\n|\n|t:|1699695356\n|switch|p2a: Shuckle|Shuckle, M|100\/100\n|move|p1a: Ferrothorn|Leech Seed|p2a: Shuckle|[miss]\n|-miss|p1a: Ferrothorn|p2a: Shuckle\n|\n|upkeep\n|turn|3\n|\n|t:|1699695365\n|switch|p1a: Cinccino|Cinccino, F|100\/100\n|move|p2a: Shuckle|Stealth Rock|p1a: Cinccino\n|-sidestart|p1: Blake-Mamba|move: Stealth Rock\n|\n|upkeep\n|turn|4\n|\n|t:|1699695370\n|move|p1a: Cinccino|Rock Blast|p2a: Shuckle\n|-supereffective|p2a: Shuckle\n|-damage|p2a: Shuckle|80\/100\n|-supereffective|p2a: Shuckle\n|-damage|p2a: Shuckle|61\/100\n|-supereffective|p2a: Shuckle\n|-damage|p2a: Shuckle|38\/100\n|-hitcount|p2a: Shuckle|3\n|-damage|p1a: Cinccino|91\/100|[from] item: Life Orb\n|move|p2a: Shuckle|Toxic|p1a: Cinccino|[miss]\n|-miss|p2a: Shuckle|p1a: Cinccino\n|\n|upkeep\n|turn|5\n|\n|t:|1699695384\n|move|p1a: Cinccino|Rock Blast|p2a: Shuckle\n|-supereffective|p2a: Shuckle\n|-damage|p2a: Shuckle|18\/100\n|-supereffective|p2a: Shuckle\n|-damage|p2a: Shuckle|0 fnt\n|faint|p2a: Shuckle\n|-hitcount|p2: Shuckle|2\n|-damage|p1a: Cinccino|81\/100|[from] item: Life Orb\n|\n|upkeep\n|\n|t:|1699695394\n|switch|p2a: Heatran|Heatran, M|100\/100\n|-item|p2a: Heatran|Air Balloon\n|turn|6\n|\n|t:|1699695399\n|switch|p1a: Emboar|Emboar, F, shiny|100\/100\n|-damage|p1a: Emboar|88\/100|[from] Stealth Rock\n|move|p2a: Heatran|Lava Plume|p1a: Emboar\n|-resisted|p1a: Emboar\n|-damage|p1a: Emboar|58\/100\n|\n|upkeep\n|turn|7\n|\n|t:|1699695407\n|move|p1a: Emboar|Head Smash|p2a: Heatran\n|-crit|p2a: Heatran\n|-damage|p2a: Heatran|21\/100\n|-enditem|p2a: Heatran|Air Balloon\n|-damage|p1a: Emboar|16\/100|[from] Recoil\n|move|p2a: Heatran|Earth Power|p1a: Emboar\n|-supereffective|p1a: Emboar\n|-damage|p1a: Emboar|0 fnt\n|faint|p1a: Emboar\n|\n|upkeep\n|\n|t:|1699695418\n|switch|p1a: Krookodile|Krookodile, F|100\/100\n|-damage|p1a: Krookodile|94\/100|[from] Stealth Rock\n|turn|8\n|\n|t:|1699695422\n|move|p1a: Krookodile|Scale Shot|p2a: Heatran\n|-resisted|p2a: Heatran\n|-damage|p2a: Heatran|18\/100\n|-resisted|p2a: Heatran\n|-damage|p2a: Heatran|14\/100\n|-resisted|p2a: Heatran\n|-damage|p2a: Heatran|10\/100\n|-resisted|p2a: Heatran\n|-damage|p2a: Heatran|6\/100\n|-hitcount|p2a: Heatran|4\n|-unboost|p1a: Krookodile|def|1\n|-boost|p1a: Krookodile|spe|1\n|move|p2a: Heatran|Will-O-Wisp|p1a: Krookodile\n|-status|p1a: Krookodile|brn\n|\n|-damage|p1a: Krookodile|88\/100 brn|[from] brn\n|upkeep\n|turn|9\n|\n|t:|1699695437\n|move|p1a: Krookodile|Knock Off|p2a: Heatran\n|-damage|p2a: Heatran|0 fnt\n|faint|p2a: Heatran\n|-ability|p1a: Krookodile|Moxie|boost\n|-boost|p1a: Krookodile|atk|1\n|\n|-damage|p1a: Krookodile|82\/100 brn|[from] brn\n|upkeep\n|\n|t:|1699695445\n|switch|p2a: Dragonite|Dragonite, F|100\/100\n|turn|10\n|\n|t:|1699695449\n|-terastallize|p1a: Krookodile|Dragon\n|move|p1a: Krookodile|Scale Shot|p2a: Dragonite\n|-supereffective|p2a: Dragonite\n|-damage|p2a: Dragonite|89\/100\n|-supereffective|p2a: Dragonite\n|-damage|p2a: Dragonite|67\/100\n|-supereffective|p2a: Dragonite\n|-damage|p2a: Dragonite|44\/100\n|-supereffective|p2a: Dragonite\n|-damage|p2a: Dragonite|21\/100\n|-hitcount|p2a: Dragonite|4\n|-unboost|p1a: Krookodile|def|1\n|-boost|p1a: Krookodile|spe|1\n|move|p2a: Dragonite|Dragon Dance|p2a: Dragonite\n|-boost|p2a: Dragonite|atk|1\n|-boost|p2a: Dragonite|spe|1\n|\n|-damage|p1a: Krookodile|76\/100 brn|[from] brn\n|upkeep\n|turn|11\n|\n|t:|1699695466\n|switch|p1a: Ferrothorn|Ferrothorn, M|100\/100\n|-damage|p1a: Ferrothorn|94\/100|[from] Stealth Rock\n|move|p2a: Dragonite|Dragon Claw|p1a: Ferrothorn\n|-resisted|p1a: Ferrothorn\n|-damage|p1a: Ferrothorn|75\/100\n|-damage|p2a: Dragonite|8\/100|[from] ability: Iron Barbs|[of] p1a: Ferrothorn\n|-damage|p2a: Dragonite|0 fnt|[from] item: Rocky Helmet|[of] p1a: Ferrothorn\n|faint|p2a: Dragonite\n|\n|upkeep\n|\n|t:|1699695475\n|switch|p2a: Chansey|Chansey, F|100\/100\n|turn|12\n|\n|t:|1699695480\n|move|p2a: Chansey|Seismic Toss|p1a: Ferrothorn\n|-damage|p1a: Ferrothorn|46\/100\n|-damage|p2a: Chansey|88\/100|[from] ability: Iron Barbs|[of] p1a: Ferrothorn\n|-damage|p2a: Chansey|71\/100|[from] item: Rocky Helmet|[of] p1a: Ferrothorn\n|move|p1a: Ferrothorn|Leech Seed|p2a: Chansey\n|-start|p2a: Chansey|move: Leech Seed\n|\n|-damage|p2a: Chansey|59\/100|[from] Leech Seed|[of] p1a: Ferrothorn\n|-heal|p1a: Ferrothorn|71\/100|[silent]\n|upkeep\n|turn|13\n|\n|t:|1699695491\n|move|p2a: Chansey|Thunder Wave|p1a: Ferrothorn\n|-status|p1a: Ferrothorn|par\n|move|p1a: Ferrothorn|Leech Seed||[still]\n|-fail|p1a: Ferrothorn\n|\n|-damage|p2a: Chansey|47\/100|[from] Leech Seed|[of] p1a: Ferrothorn\n|-heal|p1a: Ferrothorn|96\/100 par|[silent]\n|upkeep\n|turn|14\n|\n|t:|1699695514\n|switch|p2a: Tapu Lele|Tapu Lele|100\/100\n|-fieldstart|move: Psychic Terrain|[from] ability: Psychic Surge|[of] p2a: Tapu Lele\n|move|p1a: Ferrothorn|Iron Defense|p1a: Ferrothorn\n|-boost|p1a: Ferrothorn|def|2\n|\n|upkeep\n|turn|15\n|\n|t:|1699695522\n|move|p2a: Tapu Lele|Iron Defense|p2a: Tapu Lele\n|-boost|p2a: Tapu Lele|def|2\n|move|p1a: Ferrothorn|Leech Seed|p2a: Tapu Lele\n|-start|p2a: Tapu Lele|move: Leech Seed\n|\n|-damage|p2a: Tapu Lele|88\/100|[from] Leech Seed|[of] p1a: Ferrothorn\n|-heal|p1a: Ferrothorn|100\/100 par|[silent]\n|upkeep\n|turn|16\n|\n|t:|1699695534\n|switch|p1a: Seismitoad|Seismitoad, F|100\/100\n|-damage|p1a: Seismitoad|94\/100|[from] Stealth Rock\n|move|p2a: Tapu Lele|Iron Defense|p2a: Tapu Lele\n|-boost|p2a: Tapu Lele|def|2\n|\n|-heal|p2a: Tapu Lele|94\/100|[from] item: Leftovers\n|-damage|p2a: Tapu Lele|82\/100|[from] Leech Seed|[of] p1a: Seismitoad\n|-heal|p1a: Seismitoad|100\/100|[silent]\n|upkeep\n|turn|17\n|\n|t:|1699695545\n|move|p2a: Tapu Lele|Calm Mind|p2a: Tapu Lele\n|-boost|p2a: Tapu Lele|spa|1\n|-boost|p2a: Tapu Lele|spd|1\n|move|p1a: Seismitoad|Hydro Pump|p2a: Tapu Lele\n|-damage|p2a: Tapu Lele|42\/100\n|\n|-heal|p2a: Tapu Lele|48\/100|[from] item: Leftovers\n|-damage|p2a: Tapu Lele|36\/100|[from] Leech Seed|[of] p1a: Seismitoad\n|upkeep\n|turn|18\n|\n|t:|1699695555\n|switch|p1a: Krookodile|Krookodile, F, tera:Dragon|76\/100 brn\n|-damage|p1a: Krookodile|64\/100 brn|[from] Stealth Rock\n|move|p2a: Tapu Lele|Draining Kiss|p1a: Krookodile\n|-supereffective|p1a: Krookodile\n|-damage|p1a: Krookodile|0 fnt\n|-heal|p2a: Tapu Lele|82\/100|[from] drain|[of] p1a: Krookodile\n|faint|p1a: Krookodile\n|\n|-heal|p2a: Tapu Lele|88\/100|[from] item: Leftovers\n|-fieldend|move: Psychic Terrain\n|upkeep\n|c|\u2606CigarSmokerForever|gg i think\n|\n|t:|1699695567\n|switch|p1a: Seismitoad|Seismitoad, F|100\/100\n|-damage|p1a: Seismitoad|94\/100|[from] Stealth Rock\n|turn|19\n|\n|t:|1699695572\n|move|p2a: Tapu Lele|Draining Kiss|p1a: Seismitoad\n|-damage|p1a: Seismitoad|50\/100\n|-heal|p2a: Tapu Lele|100\/100|[from] drain|[of] p1a: Seismitoad\n|move|p1a: Seismitoad|Sludge Bomb|p2a: Tapu Lele\n|-supereffective|p2a: Tapu Lele\n|-damage|p2a: Tapu Lele|57\/100\n|\n|-heal|p2a: Tapu Lele|64\/100|[from] item: Leftovers\n|-damage|p2a: Tapu Lele|51\/100|[from] Leech Seed|[of] p1a: Seismitoad\n|-heal|p1a: Seismitoad|60\/100|[silent]\n|upkeep\n|turn|20\n|\n|t:|1699695583\n|-terastallize|p2a: Tapu Lele|Poison\n|move|p2a: Tapu Lele|Draining Kiss|p1a: Seismitoad\n|-damage|p1a: Seismitoad|15\/100\n|-heal|p2a: Tapu Lele|91\/100|[from] drain|[of] p1a: Seismitoad\n|move|p1a: Seismitoad|Sludge Bomb|p2a: Tapu Lele\n|-resisted|p2a: Tapu Lele\n|-damage|p2a: Tapu Lele|79\/100\n|\n|-heal|p2a: Tapu Lele|85\/100|[from] item: Leftovers\n|-damage|p2a: Tapu Lele|73\/100|[from] Leech Seed|[of] p1a: Seismitoad\n|-heal|p1a: Seismitoad|26\/100|[silent]\n|upkeep\n|turn|21\n|\n|t:|1699695596\n|switch|p1a: Ferrothorn|Ferrothorn, M|100\/100 par\n|-damage|p1a: Ferrothorn|94\/100 par|[from] Stealth Rock\n|move|p2a: Tapu Lele|Draining Kiss|p1a: Ferrothorn\n|-resisted|p1a: Ferrothorn\n|-damage|p1a: Ferrothorn|75\/100 par\n|-heal|p2a: Tapu Lele|88\/100|[from] drain|[of] p1a: Ferrothorn\n|-damage|p2a: Tapu Lele|75\/100|[from] ability: Iron Barbs|[of] p1a: Ferrothorn\n|-damage|p2a: Tapu Lele|59\/100|[from] item: Rocky Helmet|[of] p1a: Ferrothorn\n|\n|-heal|p2a: Tapu Lele|65\/100|[from] item: Leftovers\n|-damage|p2a: Tapu Lele|53\/100|[from] Leech Seed|[of] p1a: Ferrothorn\n|-heal|p1a: Ferrothorn|87\/100 par|[silent]\n|upkeep\n|turn|22\n|\n|t:|1699695622\n|move|p2a: Tapu Lele|Psychic|p1a: Ferrothorn\n|-resisted|p1a: Ferrothorn\n|-damage|p1a: Ferrothorn|56\/100 par\n|move|p1a: Ferrothorn|Iron Defense|p1a: Ferrothorn\n|-boost|p1a: Ferrothorn|def|2\n|\n|-heal|p2a: Tapu Lele|59\/100|[from] item: Leftovers\n|-damage|p2a: Tapu Lele|46\/100|[from] Leech Seed|[of] p1a: Ferrothorn\n|-heal|p1a: Ferrothorn|68\/100 par|[silent]\n|upkeep\n|turn|23\n|\n|t:|1699695633\n|move|p2a: Tapu Lele|Calm Mind|p2a: Tapu Lele\n|-boost|p2a: Tapu Lele|spa|1\n|-boost|p2a: Tapu Lele|spd|1\n|cant|p1a: Ferrothorn|par\n|\n|-heal|p2a: Tapu Lele|52\/100|[from] item: Leftovers\n|-damage|p2a: Tapu Lele|40\/100|[from] Leech Seed|[of] p1a: Ferrothorn\n|-heal|p1a: Ferrothorn|80\/100 par|[silent]\n|upkeep\n|turn|24\n|\n|t:|1699695641\n|move|p2a: Tapu Lele|Psychic|p1a: Ferrothorn\n|-resisted|p1a: Ferrothorn\n|-damage|p1a: Ferrothorn|32\/100 par\n|move|p1a: Ferrothorn|Iron Defense|p1a: Ferrothorn\n|-boost|p1a: Ferrothorn|def|2\n|\n|-heal|p2a: Tapu Lele|46\/100|[from] item: Leftovers\n|-damage|p2a: Tapu Lele|33\/100|[from] Leech Seed|[of] p1a: Ferrothorn\n|-heal|p1a: Ferrothorn|45\/100 par|[silent]\n|upkeep\n|turn|25\n|c|\u2606CigarSmokerForever|?\n|\n|t:|1699695651\n|move|p2a: Tapu Lele|Psychic|p1a: Ferrothorn\n|-resisted|p1a: Ferrothorn\n|-damage|p1a: Ferrothorn|1\/100 par\n|move|p1a: Ferrothorn|Rest|p1a: Ferrothorn\n|-status|p1a: Ferrothorn|slp|[from] move: Rest\n|-heal|p1a: Ferrothorn|100\/100 slp|[silent]\n|\n|-heal|p2a: Tapu Lele|39\/100|[from] item: Leftovers\n|-damage|p2a: Tapu Lele|27\/100|[from] Leech Seed|[of] p1a: Ferrothorn\n|upkeep\n|turn|26\n|c|\u2606CigarSmokerForever|oh.\n|\n|t:|1699695662\n|switch|p1a: Seismitoad|Seismitoad, F|26\/100\n|-damage|p1a: Seismitoad|20\/100|[from] Stealth Rock\n|move|p2a: Tapu Lele|Psychic|p1a: Seismitoad\n|-damage|p1a: Seismitoad|0 fnt\n|faint|p1a: Seismitoad\n|\n|-heal|p2a: Tapu Lele|33\/100|[from] item: Leftovers\n|upkeep\n|\n|t:|1699695674\n|switch|p1a: Ferrothorn|Ferrothorn, M|100\/100 slp\n|-damage|p1a: Ferrothorn|94\/100 slp|[from] Stealth Rock\n|turn|27\n|\n|t:|1699695678\n|move|p2a: Tapu Lele|Psychic|p1a: Ferrothorn\n|-resisted|p1a: Ferrothorn\n|-damage|p1a: Ferrothorn|51\/100 slp\n|cant|p1a: Ferrothorn|slp\n|\n|-heal|p2a: Tapu Lele|39\/100|[from] item: Leftovers\n|-damage|p2a: Tapu Lele|27\/100|[from] Leech Seed|[of] p1a: Ferrothorn\n|-heal|p1a: Ferrothorn|63\/100 slp|[silent]\n|upkeep\n|turn|28\n|\n|t:|1699695688\n|move|p2a: Tapu Lele|Psychic|p1a: Ferrothorn\n|-resisted|p1a: Ferrothorn\n|-damage|p1a: Ferrothorn|22\/100 slp\n|cant|p1a: Ferrothorn|slp\n|\n|-heal|p2a: Tapu Lele|33\/100|[from] item: Leftovers\n|-damage|p2a: Tapu Lele|20\/100|[from] Leech Seed|[of] p1a: Ferrothorn\n|-heal|p1a: Ferrothorn|35\/100 slp|[silent]\n|upkeep\n|turn|29\n|\n|t:|1699695699\n|switch|p1a: Zebstrika|Zebstrika, F, shiny|100\/100\n|-damage|p1a: Zebstrika|88\/100|[from] Stealth Rock\n|move|p2a: Tapu Lele|Psychic|p1a: Zebstrika\n|-damage|p1a: Zebstrika|0 fnt\n|faint|p1a: Zebstrika\n|\n|-heal|p2a: Tapu Lele|26\/100|[from] item: Leftovers\n|upkeep\n|\n|t:|1699695709\n|switch|p1a: Cinccino|Cinccino, F|81\/100\n|-damage|p1a: Cinccino|68\/100|[from] Stealth Rock\n|turn|30\n|\n|t:|1699695714\n|move|p1a: Cinccino|Tail Slap|p2a: Tapu Lele\n|-damage|p2a: Tapu Lele|17\/100\n|-damage|p2a: Tapu Lele|7\/100\n|-damage|p2a: Tapu Lele|0 fnt\n|faint|p2a: Tapu Lele\n|-hitcount|p2: Tapu Lele|3\n|-damage|p1a: Cinccino|58\/100|[from] item: Life Orb\n|\n|upkeep\n|\n|t:|1699695720\n|switch|p2a: Beedrill|Beedrill-Mega, M|100\/100\n|turn|31\n|\n|t:|1699695725\n|move|p2a: Beedrill|Knock Off|p1a: Cinccino\n|-damage|p1a: Cinccino|0 fnt\n|-enditem|p1a: Cinccino|Life Orb|[from] move: Knock Off|[of] p2a: Beedrill\n|faint|p1a: Cinccino\n|\n|upkeep\n|\n|t:|1699695730\n|switch|p1a: Ferrothorn|Ferrothorn, M|35\/100 slp\n|-damage|p1a: Ferrothorn|28\/100 slp|[from] Stealth Rock\n|turn|32\n|\n|t:|1699695734\n|move|p2a: Beedrill|Knock Off|p1a: Ferrothorn\n|-damage|p1a: Ferrothorn|8\/100 slp\n|-damage|p2a: Beedrill|88\/100|[from] ability: Iron Barbs|[of] p1a: Ferrothorn\n|-damage|p2a: Beedrill|72\/100|[from] item: Rocky Helmet|[of] p1a: Ferrothorn\n|-enditem|p1a: Ferrothorn|Rocky Helmet|[from] move: Knock Off|[of] p2a: Beedrill\n|-curestatus|p1a: Ferrothorn|slp|[msg]\n|move|p1a: Ferrothorn|Rest|p1a: Ferrothorn\n|-status|p1a: Ferrothorn|slp|[from] move: Rest\n|-heal|p1a: Ferrothorn|100\/100 slp|[silent]\n|\n|upkeep\n|turn|33\n|\n|t:|1699695746\n|switch|p2a: Chansey|Chansey, F|47\/100\n|cant|p1a: Ferrothorn|slp\n|\n|upkeep\n|turn|34\n|\n|t:|1699695752\n|move|p2a: Chansey|Soft-Boiled|p2a: Chansey\n|-heal|p2a: Chansey|97\/100\n|cant|p1a: Ferrothorn|slp\n|\n|upkeep\n|turn|35\n|\n|t:|1699695758\n|move|p2a: Chansey|Seismic Toss|p1a: Ferrothorn\n|-damage|p1a: Ferrothorn|72\/100 slp\n|-damage|p2a: Chansey|84\/100|[from] ability: Iron Barbs|[of] p1a: Ferrothorn\n|-curestatus|p1a: Ferrothorn|slp|[msg]\n|move|p1a: Ferrothorn|Iron Defense|p1a: Ferrothorn\n|-boost|p1a: Ferrothorn|def|2\n|\n|upkeep\n|turn|36\n|\n|t:|1699695767\n|move|p2a: Chansey|Seismic Toss|p1a: Ferrothorn\n|-damage|p1a: Ferrothorn|44\/100\n|-damage|p2a: Chansey|72\/100|[from] ability: Iron Barbs|[of] p1a: Ferrothorn\n|move|p1a: Ferrothorn|Leech Seed|p2a: Chansey\n|-start|p2a: Chansey|move: Leech Seed\n|\n|-damage|p2a: Chansey|60\/100|[from] Leech Seed|[of] p1a: Ferrothorn\n|-heal|p1a: Ferrothorn|68\/100|[silent]\n|upkeep\n|turn|37\n|\n|t:|1699695776\n|move|p2a: Chansey|Soft-Boiled|p2a: Chansey\n|-heal|p2a: Chansey|100\/100\n|move|p1a: Ferrothorn|Body Press|p2a: Chansey\n|-supereffective|p2a: Chansey\n|-damage|p2a: Chansey|26\/100\n|\n|-damage|p2a: Chansey|14\/100|[from] Leech Seed|[of] p1a: Ferrothorn\n|-heal|p1a: Ferrothorn|93\/100|[silent]\n|upkeep\n|turn|38\n|\n|t:|1699695785\n|move|p2a: Chansey|Seismic Toss|p1a: Ferrothorn\n|-damage|p1a: Ferrothorn|65\/100\n|-damage|p2a: Chansey|1\/100|[from] ability: Iron Barbs|[of] p1a: Ferrothorn\n|move|p1a: Ferrothorn|Iron Defense|p1a: Ferrothorn\n|-boost|p1a: Ferrothorn|def|2\n|\n|-damage|p2a: Chansey|0 fnt|[from] Leech Seed|[of] p1a: Ferrothorn\n|-heal|p1a: Ferrothorn|67\/100|[silent]\n|faint|p2a: Chansey\n|upkeep\n|\n|t:|1699695787\n|switch|p2a: Beedrill|Beedrill-Mega, M|72\/100\n|turn|39\n|\n|t:|1699695798\n|move|p2a: Beedrill|Drill Run|p1a: Ferrothorn\n|-damage|p1a: Ferrothorn|60\/100\n|-damage|p2a: Beedrill|60\/100|[from] ability: Iron Barbs|[of] p1a: Ferrothorn\n|move|p1a: Ferrothorn|Body Press|p2a: Beedrill\n|-resisted|p2a: Beedrill\n|-damage|p2a: Beedrill|0 fnt\n|faint|p2a: Beedrill\n|\n|win|Blake-Mamba\n|raw|Blake-Mamba's rating: 1249 &rarr; <strong>1282<\/strong><br \/>(+33 for winning)\n|raw|CigarSmokerForever's rating: 1363 &rarr; <strong>1337<\/strong><br \/>(-26 for losing)\n|c|\u2606Blake-Mamba|Gg\n|l|\u2606CigarSmokerForever\n","uploadtime":1699695813,"views":5,"p1id":"blakemamba","p2id":"cigarsmokerforever","formatid":"gen9nationaldex","rating":1282,"private":0,"password":""}