{"id":"gen9nationaldex-1990267332","p1":"Magnezone42","p2":"Monikaboon","format":"[Gen 9] National Dex","log":"|j|\u2606Magnezone42\n|j|\u2606Monikaboon\n|t:|1699947682\n|gametype|singles\n|player|p1|Magnezone42|hiker-gen4|1220\n|player|p2|Monikaboon|bugcatcher-gen4dp|1308\n|teamsize|p1|6\n|teamsize|p2|6\n|gen|9\n|tier|[Gen 9] National Dex\n|rated|\n|rule|HP Percentage Mod: HP is shown in percentages\n|rule|Endless Battle Clause: Forcing endless battles is banned\n|rule|OHKO Clause: OHKO moves are banned\n|rule|Evasion Clause: Evasion abilities, items, and moves are banned\n|rule|Evasion Abilities Clause: Evasion abilities are banned\n|rule|Evasion Items Clause: Evasion items are banned\n|rule|Evasion Moves Clause: Evasion moves are banned\n|rule|Species Clause: Limit one of each Pok\u00e9mon\n|rule|Sleep Clause Mod: Limit one foe put to sleep\n|clearpoke\n|poke|p1|Tapu Koko|\n|poke|p1|Iron Moth|\n|poke|p1|Iron Valiant|\n|poke|p1|Greninja-*, M|\n|poke|p1|Scizor, F|\n|poke|p1|Garchomp, F|\n|poke|p2|Ferrothorn, M|\n|poke|p2|Charizard, F|\n|poke|p2|Sneasler, F|\n|poke|p2|Alomomola, F|\n|poke|p2|Tapu Lele|\n|poke|p2|Zapdos|\n|teampreview\n|\n|t:|1699947694\n|start\n|switch|p1a: Garchomp|Garchomp, F|100\/100\n|switch|p2a: Ferrothorn|Ferrothorn, M|100\/100\n|turn|1\n|\n|t:|1699947707\n|move|p1a: Garchomp|Stealth Rock|p2a: Ferrothorn\n|-sidestart|p2: Monikaboon|move: Stealth Rock\n|move|p2a: Ferrothorn|Leech Seed|p1a: Garchomp\n|-start|p1a: Garchomp|move: Leech Seed\n|\n|-damage|p1a: Garchomp|88\/100|[from] Leech Seed|[of] p2a: Ferrothorn\n|upkeep\n|turn|2\n|\n|t:|1699947718\n|move|p1a: Garchomp|Spikes|p2a: Ferrothorn\n|-sidestart|p2: Monikaboon|Spikes\n|move|p2a: Ferrothorn|Iron Defense|p2a: Ferrothorn\n|-boost|p2a: Ferrothorn|def|2\n|\n|-damage|p1a: Garchomp|76\/100|[from] Leech Seed|[of] p2a: Ferrothorn\n|upkeep\n|turn|3\n|\n|t:|1699947725\n|move|p2a: Ferrothorn|Body Press|p1a: Garchomp\n|-damage|p1a: Garchomp|46\/100\n|-damage|p2a: Ferrothorn|88\/100|[from] ability: Rough Skin|[of] p1a: Garchomp\n|-damage|p2a: Ferrothorn|72\/100|[from] item: Rocky Helmet|[of] p1a: Garchomp\n|move|p1a: Garchomp|Dragon Tail|p2a: Ferrothorn\n|-resisted|p2a: Ferrothorn\n|-damage|p2a: Ferrothorn|66\/100\n|-damage|p1a: Garchomp|34\/100|[from] ability: Iron Barbs|[of] p2a: Ferrothorn\n|drag|p2a: Alomomola|Alomomola, F|100\/100\n|\n|-damage|p1a: Garchomp|21\/100|[from] Leech Seed|[of] p2a: Alomomola\n|upkeep\n|turn|4\n|\n|t:|1699947744\n|switch|p1a: Tapu Koko|Tapu Koko|100\/100\n|-fieldstart|move: Electric Terrain|[from] ability: Electric Surge|[of] p1a: Tapu Koko\n|switch|p2a: Zapdos|Zapdos|100\/100\n|\n|upkeep\n|turn|5\n|\n|t:|1699947759\n|switch|p2a: Ferrothorn|Ferrothorn, M|66\/100\n|-damage|p2a: Ferrothorn|60\/100|[from] Stealth Rock\n|-damage|p2a: Ferrothorn|48\/100|[from] Spikes\n|move|p1a: Tapu Koko|Volt Switch|p2a: Ferrothorn\n|-resisted|p2a: Ferrothorn\n|-damage|p2a: Ferrothorn|35\/100\n|\n|t:|1699947767\n|switch|p1a: Iron Moth|Iron Moth|100\/100|[from] Volt Switch\n|-activate|p1a: Iron Moth|ability: Quark Drive\n|-start|p1a: Iron Moth|quarkdrivespa\n|\n|-heal|p2a: Ferrothorn|41\/100|[from] item: Leftovers\n|upkeep\n|turn|6\n|\n|t:|1699947790\n|move|p2a: Ferrothorn|Protect|p2a: Ferrothorn\n|-singleturn|p2a: Ferrothorn|Protect\n|move|p1a: Iron Moth|Fiery Dance|p2a: Ferrothorn\n|-activate|p2a: Ferrothorn|move: Protect\n|\n|-heal|p2a: Ferrothorn|48\/100|[from] item: Leftovers\n|upkeep\n|turn|7\n|\n|t:|1699947802\n|switch|p2a: Zapdos|Zapdos|100\/100\n|move|p1a: Iron Moth|Fiery Dance|p2a: Zapdos\n|-damage|p2a: Zapdos|34\/100\n|-boost|p1a: Iron Moth|spa|1\n|-damage|p1a: Iron Moth|91\/100|[from] item: Life Orb\n|\n|upkeep\n|turn|8\n|\n|t:|1699947811\n|move|p1a: Iron Moth|Fiery Dance|p2a: Zapdos\n|-damage|p2a: Zapdos|0 fnt\n|-boost|p1a: Iron Moth|spa|1\n|faint|p2a: Zapdos\n|-damage|p1a: Iron Moth|81\/100|[from] item: Life Orb\n|\n|upkeep\n|\n|t:|1699947821\n|switch|p2a: Tapu Lele|Tapu Lele|100\/100\n|-damage|p2a: Tapu Lele|88\/100|[from] Stealth Rock\n|-damage|p2a: Tapu Lele|76\/100|[from] Spikes\n|-fieldstart|move: Psychic Terrain|[from] ability: Psychic Surge|[of] p2a: Tapu Lele\n|-end|p1a: Iron Moth|Quark Drive\n|turn|9\n|\n|t:|1699947833\n|move|p2a: Tapu Lele|Psyshock|p1a: Iron Moth\n|-supereffective|p1a: Iron Moth\n|-damage|p1a: Iron Moth|0 fnt\n|faint|p1a: Iron Moth\n|-end|p1a: Iron Moth|Quark Drive|[silent]\n|\n|upkeep\n|\n|t:|1699947841\n|switch|p1a: Tapu Koko|Tapu Koko|100\/100\n|-fieldstart|move: Electric Terrain|[from] ability: Electric Surge|[of] p1a: Tapu Koko\n|turn|10\n|\n|t:|1699947857\n|switch|p2a: Ferrothorn|Ferrothorn, M|48\/100\n|-damage|p2a: Ferrothorn|41\/100|[from] Stealth Rock\n|-damage|p2a: Ferrothorn|29\/100|[from] Spikes\n|move|p1a: Tapu Koko|Volt Switch|p2a: Ferrothorn\n|-resisted|p2a: Ferrothorn\n|-damage|p2a: Ferrothorn|15\/100\n|\n|t:|1699947869\n|switch|p1a: Garchomp|Garchomp, F|21\/100|[from] Volt Switch\n|\n|-heal|p2a: Ferrothorn|22\/100|[from] item: Leftovers\n|upkeep\n|turn|11\n|\n|t:|1699947876\n|move|p1a: Garchomp|Earthquake|p2a: Ferrothorn\n|-damage|p2a: Ferrothorn|0 fnt\n|faint|p2a: Ferrothorn\n|\n|upkeep\n|\n|t:|1699947890\n|switch|p2a: Tapu Lele|Tapu Lele|76\/100\n|-damage|p2a: Tapu Lele|63\/100|[from] Stealth Rock\n|-damage|p2a: Tapu Lele|51\/100|[from] Spikes\n|-fieldstart|move: Psychic Terrain|[from] ability: Psychic Surge|[of] p2a: Tapu Lele\n|turn|12\n|\n|t:|1699947902\n|move|p2a: Tapu Lele|Moonblast|p1a: Garchomp\n|-supereffective|p1a: Garchomp\n|-damage|p1a: Garchomp|0 fnt\n|faint|p1a: Garchomp\n|\n|upkeep\n|\n|t:|1699947909\n|switch|p1a: Tapu Koko|Tapu Koko|100\/100\n|-fieldstart|move: Electric Terrain|[from] ability: Electric Surge|[of] p1a: Tapu Koko\n|turn|13\n|\n|t:|1699947916\n|move|p2a: Tapu Lele|Moonblast|p1a: Tapu Koko\n|-damage|p1a: Tapu Koko|29\/100\n|move|p1a: Tapu Koko|Volt Switch|p2a: Tapu Lele\n|-damage|p2a: Tapu Lele|3\/100\n|\n|t:|1699947922\n|switch|p1a: Greninja|Greninja, M|100\/100|[from] Volt Switch\n|\n|upkeep\n|turn|14\n|\n|t:|1699947931\n|switch|p2a: Alomomola|Alomomola, F|100\/100\n|move|p1a: Greninja|Shadow Sneak|p2a: Alomomola\n|-damage|p2a: Alomomola|91\/100\n|-damage|p1a: Greninja|91\/100|[from] item: Life Orb\n|\n|upkeep\n|turn|15\n|\n|t:|1699947939\n|move|p1a: Greninja|Gunk Shot|p2a: Alomomola\n|-damage|p2a: Alomomola|63\/100\n|-status|p2a: Alomomola|psn\n|-damage|p1a: Greninja|81\/100|[from] item: Life Orb\n|move|p2a: Alomomola|Wish|p2a: Alomomola\n|\n|-damage|p2a: Alomomola|51\/100 psn|[from] psn\n|upkeep\n|turn|16\n|\n|t:|1699947951\n|switch|p1a: Iron Valiant|Iron Valiant|100\/100\n|-activate|p1a: Iron Valiant|ability: Quark Drive\n|-start|p1a: Iron Valiant|quarkdrivespe\n|move|p2a: Alomomola|Flip Turn|p1a: Iron Valiant\n|-damage|p1a: Iron Valiant|80\/100\n|\n|t:|1699947960\n|switch|p2a: Tapu Lele|Tapu Lele|3\/100|[from] Flip Turn\n|-damage|p2a: Tapu Lele|0 fnt|[from] Stealth Rock\n|faint|p2a: Tapu Lele\n|\n|upkeep\n|\n|t:|1699947969\n|switch|p2a: Alomomola|Alomomola, F|84\/100 psn\n|turn|17\n|\n|t:|1699947975\n|move|p1a: Iron Valiant|Leaf Blade|p2a: Alomomola\n|-supereffective|p2a: Alomomola\n|-crit|p2a: Alomomola\n|-damage|p2a: Alomomola|28\/100 psn\n|move|p2a: Alomomola|Toxic|p1a: Iron Valiant\n|-status|p1a: Iron Valiant|tox\n|\n|-damage|p1a: Iron Valiant|74\/100 tox|[from] psn\n|-damage|p2a: Alomomola|15\/100 psn|[from] psn\n|upkeep\n|turn|18\n|\n|t:|1699947986\n|switch|p2a: Sneasler|Sneasler, F|100\/100\n|-damage|p2a: Sneasler|95\/100|[from] Stealth Rock\n|-damage|p2a: Sneasler|82\/100|[from] Spikes\n|move|p1a: Iron Valiant|Leaf Blade|p2a: Sneasler\n|-resisted|p2a: Sneasler\n|-damage|p2a: Sneasler|55\/100\n|\n|-damage|p1a: Iron Valiant|61\/100 tox|[from] psn\n|upkeep\n|turn|19\n|\n|t:|1699948002\n|move|p1a: Iron Valiant|Spirit Break|p2a: Sneasler\n|-damage|p2a: Sneasler|0 fnt\n|faint|p2a: Sneasler\n|\n|-damage|p1a: Iron Valiant|43\/100 tox|[from] psn\n|upkeep\n|\n|t:|1699948009\n|switch|p2a: Alomomola|Alomomola, F|49\/100 psn\n|turn|20\n|\n|t:|1699948015\n|move|p2a: Alomomola|Protect|p2a: Alomomola\n|-singleturn|p2a: Alomomola|Protect\n|move|p1a: Iron Valiant|Leaf Blade|p2a: Alomomola\n|-activate|p2a: Alomomola|move: Protect\n|\n|-damage|p1a: Iron Valiant|18\/100 tox|[from] psn\n|-damage|p2a: Alomomola|36\/100 psn|[from] psn\n|-fieldend|move: Electric Terrain\n|-end|p1a: Iron Valiant|Quark Drive\n|upkeep\n|turn|21\n|\n|t:|1699948027\n|-terastallize|p2a: Alomomola|Dragon\n|move|p1a: Iron Valiant|Leaf Blade|p2a: Alomomola\n|-resisted|p2a: Alomomola\n|-damage|p2a: Alomomola|26\/100 psn\n|move|p2a: Alomomola|Wish|p2a: Alomomola\n|\n|-damage|p1a: Iron Valiant|0 fnt|[from] psn\n|faint|p1a: Iron Valiant\n|-end|p1a: Iron Valiant|Quark Drive|[silent]\n|-damage|p2a: Alomomola|14\/100 psn|[from] psn\n|upkeep\n|\n|t:|1699948039\n|switch|p1a: Tapu Koko|Tapu Koko|29\/100\n|-fieldstart|move: Electric Terrain|[from] ability: Electric Surge|[of] p1a: Tapu Koko\n|turn|22\n|\n|t:|1699948043\n|move|p2a: Alomomola|Protect|p2a: Alomomola\n|-singleturn|p2a: Alomomola|Protect\n|move|p1a: Tapu Koko|Dazzling Gleam|p2a: Alomomola\n|-activate|p2a: Alomomola|move: Protect\n|\n|-heal|p2a: Alomomola|64\/100 psn|[from] move: Wish|[wisher] Alomomola\n|-damage|p2a: Alomomola|51\/100 psn|[from] psn\n|upkeep\n|turn|23\n|\n|t:|1699948052\n|switch|p2a: Charizard|Charizard, F|100\/100\n|-damage|p2a: Charizard|50\/100|[from] Stealth Rock\n|move|p1a: Tapu Koko|Dazzling Gleam|p2a: Charizard\n|-resisted|p2a: Charizard\n|-damage|p2a: Charizard|26\/100\n|\n|upkeep\n|turn|24\n|\n|t:|1699948066\n|detailschange|p2a: Charizard|Charizard-Mega-Y, F\n|-mega|p2a: Charizard|Charizard|Charizardite Y\n|-weather|SunnyDay|[from] ability: Drought|[of] p2a: Charizard\n|move|p1a: Tapu Koko|Thunderbolt|p2a: Charizard\n|-supereffective|p2a: Charizard\n|-damage|p2a: Charizard|0 fnt\n|faint|p2a: Charizard\n|\n|-weather|SunnyDay|[upkeep]\n|upkeep\n|\n|t:|1699948075\n|switch|p2a: Alomomola|Alomomola, F, tera:Dragon|84\/100 psn\n|turn|25\n|\n|t:|1699948079\n|move|p1a: Tapu Koko|Dazzling Gleam|p2a: Alomomola\n|-supereffective|p2a: Alomomola\n|-damage|p2a: Alomomola|21\/100 psn\n|move|p2a: Alomomola|Toxic|p1a: Tapu Koko\n|-status|p1a: Tapu Koko|tox\n|\n|-weather|SunnyDay|[upkeep]\n|-damage|p1a: Tapu Koko|23\/100 tox|[from] psn\n|-damage|p2a: Alomomola|8\/100 psn|[from] psn\n|upkeep\n|turn|26\n|\n|t:|1699948088\n|move|p2a: Alomomola|Protect|p2a: Alomomola\n|-singleturn|p2a: Alomomola|Protect\n|move|p1a: Tapu Koko|Dazzling Gleam|p2a: Alomomola\n|-activate|p2a: Alomomola|move: Protect\n|\n|-weather|SunnyDay|[upkeep]\n|-damage|p1a: Tapu Koko|11\/100 tox|[from] psn\n|-damage|p2a: Alomomola|0 fnt|[from] psn\n|faint|p2a: Alomomola\n|\n|win|Magnezone42\n|upkeep\n|raw|Magnezone42's rating: 1220 &rarr; <strong>1251<\/strong><br \/>(+31 for winning)\n|raw|Monikaboon's rating: 1308 &rarr; <strong>1283<\/strong><br \/>(-25 for losing)\n|l|\u2606Monikaboon\n","uploadtime":1699948101,"views":4,"p1id":"magnezone42","p2id":"monikaboon","formatid":"gen9nationaldex","rating":1251,"private":0,"password":""}