{"id":"gen9nationaldex-1997080496","p1":"yoochus","p2":"NDSNEZ Jogo","format":"[Gen 9] National Dex","log":"|html|<div class=\"broadcast-blue\"><strong>[Gen 9] National Dex is currently suspecting Sneasler! For information on how to participate check out the <a href=\"https:\/\/www.smogon.com\/forums\/threads\/sv-national-dex-suspect-8-just-dance.3731534\/\">suspect thread<\/a>.<\/strong><\/div>\n|j|\u2606yoochus\n|j|\u2606NDSNEZ Jogo\n|t:|1700762508\n|gametype|singles\n|player|p1|yoochus|guzma|1393\n|player|p2|NDSNEZ Jogo|allister|1341\n|teamsize|p1|6\n|teamsize|p2|6\n|gen|9\n|tier|[Gen 9] National Dex\n|rated|\n|rule|HP Percentage Mod: HP is shown in percentages\n|rule|Endless Battle Clause: Forcing endless battles is banned\n|rule|OHKO Clause: OHKO moves are banned\n|rule|Evasion Clause: Evasion abilities, items, and moves are banned\n|rule|Evasion Abilities Clause: Evasion abilities are banned\n|rule|Evasion Items Clause: Evasion items are banned\n|rule|Evasion Moves Clause: Evasion moves are banned\n|rule|Species Clause: Limit one of each Pok\u00e9mon\n|rule|Sleep Clause Mod: Limit one foe put to sleep\n|clearpoke\n|poke|p1|Beedrill, F|\n|poke|p1|Blacephalon|\n|poke|p1|Hydreigon, F|\n|poke|p1|Swampert, F|\n|poke|p1|Gliscor, F|\n|poke|p1|Latias, F|\n|poke|p2|Tapu Lele|\n|poke|p2|Sneasler, M|\n|poke|p2|Iron Valiant|\n|poke|p2|Alakazam, F|\n|poke|p2|Dragonite, M|\n|poke|p2|Kartana|\n|teampreview\n|\n|t:|1700762520\n|start\n|switch|p1a: Blacephalon|Blacephalon|100\/100\n|switch|p2a: Tapu Lele|Tapu Lele, shiny|100\/100\n|-fieldstart|move: Psychic Terrain|[from] ability: Psychic Surge|[of] p2a: Tapu Lele\n|turn|1\n|\n|t:|1700762545\n|switch|p2a: Iron Valiant|Iron Valiant|100\/100\n|-enditem|p2a: Iron Valiant|Booster Energy\n|-activate|p2a: Iron Valiant|ability: Quark Drive|[fromitem]\n|-start|p2a: Iron Valiant|quarkdrivespe\n|move|p1a: Blacephalon|Shadow Ball|p2a: Iron Valiant\n|-damage|p2a: Iron Valiant|0 fnt\n|faint|p2a: Iron Valiant\n|-end|p2a: Iron Valiant|Quark Drive|[silent]\n|-ability|p1a: Blacephalon|Beast Boost|boost\n|-boost|p1a: Blacephalon|spa|1\n|\n|upkeep\n|\n|t:|1700762547\n|switch|p2a: Alakazam|Alakazam, F|100\/100\n|turn|2\n|\n|t:|1700762558\n|move|p2a: Alakazam|Shadow Ball|p1a: Blacephalon\n|-supereffective|p1a: Blacephalon\n|-damage|p1a: Blacephalon|7\/100\n|move|p1a: Blacephalon|Shadow Ball|p2a: Alakazam\n|-supereffective|p2a: Alakazam\n|-enditem|p2a: Alakazam|Focus Sash\n|-damage|p2a: Alakazam|1\/100\n|\n|upkeep\n|turn|3\n|\n|t:|1700762570\n|switch|p1a: Hydreigon|Hydreigon, F|100\/100\n|move|p2a: Alakazam|Shadow Ball|p1a: Hydreigon\n|-resisted|p1a: Hydreigon\n|-damage|p1a: Hydreigon|83\/100\n|\n|-heal|p1a: Hydreigon|89\/100|[from] item: Leftovers\n|upkeep\n|turn|4\n|\n|t:|1700762610\n|move|p2a: Alakazam|Focus Blast|p1a: Hydreigon|[miss]\n|-miss|p2a: Alakazam|p1a: Hydreigon\n|move|p1a: Hydreigon|Nasty Plot|p1a: Hydreigon\n|-boost|p1a: Hydreigon|spa|2\n|\n|-heal|p1a: Hydreigon|95\/100|[from] item: Leftovers\n|upkeep\n|turn|5\n|\n|t:|1700762614\n|move|p2a: Alakazam|Focus Blast|p1a: Hydreigon\n|-supereffective|p1a: Hydreigon\n|-damage|p1a: Hydreigon|5\/100\n|move|p1a: Hydreigon|Dark Pulse|p2a: Alakazam\n|-supereffective|p2a: Alakazam\n|-damage|p2a: Alakazam|0 fnt\n|faint|p2a: Alakazam\n|\n|-heal|p1a: Hydreigon|11\/100|[from] item: Leftovers\n|-fieldend|move: Psychic Terrain\n|upkeep\n|\n|t:|1700762630\n|switch|p2a: Kartana|Kartana|100\/100\n|turn|6\n|\n|t:|1700762650\n|move|p2a: Kartana|Smart Strike|p1a: Hydreigon\n|-damage|p1a: Hydreigon|0 fnt\n|faint|p1a: Hydreigon\n|-ability|p2a: Kartana|Beast Boost|boost\n|-boost|p2a: Kartana|atk|1\n|\n|upkeep\n|\n|t:|1700762668\n|switch|p1a: Latias|Latias, F|100\/100\n|turn|7\n|\n|t:|1700762680\n|switch|p2a: Dragonite|Dragonite, M|100\/100\n|move|p1a: Latias|Draco Meteor|p2a: Dragonite\n|-supereffective|p2a: Dragonite\n|-damage|p2a: Dragonite|34\/100\n|-unboost|p1a: Latias|spa|2\n|\n|upkeep\n|turn|8\n|c|\u2606yoochus|bbuhuhhh\n|\n|t:|1700762691\n|switch|p2a: Tapu Lele|Tapu Lele, shiny|100\/100\n|-fieldstart|move: Psychic Terrain|[from] ability: Psychic Surge|[of] p2a: Tapu Lele\n|move|p1a: Latias|Draco Meteor|p2a: Tapu Lele\n|-immune|p2a: Tapu Lele\n|\n|upkeep\n|turn|9\n|\n|t:|1700762717\n|switch|p1a: Swampert|Swampert, F|100\/100\n|move|p2a: Tapu Lele|Psychic|p1a: Swampert\n|-damage|p1a: Swampert|59\/100\n|\n|-heal|p1a: Swampert|65\/100|[from] item: Leftovers\n|upkeep\n|turn|10\n|\n|t:|1700762722\n|switch|p2a: Dragonite|Dragonite, M|34\/100\n|move|p1a: Swampert|Stealth Rock|p2a: Dragonite\n|-sidestart|p2: NDSNEZ Jogo|move: Stealth Rock\n|\n|-heal|p1a: Swampert|71\/100|[from] item: Leftovers\n|upkeep\n|turn|11\n|\n|t:|1700762727\n|move|p2a: Dragonite|Roost|p2a: Dragonite\n|-heal|p2a: Dragonite|84\/100\n|-singleturn|p2a: Dragonite|move: Roost\n|move|p1a: Swampert|Toxic|p2a: Dragonite\n|-status|p2a: Dragonite|tox\n|\n|-heal|p1a: Swampert|77\/100|[from] item: Leftovers\n|-damage|p2a: Dragonite|78\/100 tox|[from] psn\n|upkeep\n|turn|12\n|\n|t:|1700762730\n|move|p2a: Dragonite|Dragon Dance|p2a: Dragonite\n|-boost|p2a: Dragonite|atk|1\n|-boost|p2a: Dragonite|spe|1\n|move|p1a: Swampert|Earthquake|p2a: Dragonite\n|-immune|p2a: Dragonite\n|\n|-heal|p1a: Swampert|83\/100|[from] item: Leftovers\n|-damage|p2a: Dragonite|66\/100 tox|[from] psn\n|-fieldend|move: Psychic Terrain\n|upkeep\n|turn|13\n|\n|t:|1700762734\n|move|p2a: Dragonite|Dragon Dance|p2a: Dragonite\n|-boost|p2a: Dragonite|atk|1\n|-boost|p2a: Dragonite|spe|1\n|move|p1a: Swampert|Flip Turn|p2a: Dragonite\n|-resisted|p2a: Dragonite\n|-damage|p2a: Dragonite|54\/100 tox\n|\n|t:|1700762741\n|switch|p1a: Gliscor|Gliscor, F|100\/100|[from] Flip Turn\n|\n|-damage|p2a: Dragonite|36\/100 tox|[from] psn\n|-status|p1a: Gliscor|tox|[from] item: Toxic Orb\n|upkeep\n|turn|14\n|\n|t:|1700762754\n|switch|p1a: Swampert|Swampert, F|83\/100\n|move|p2a: Dragonite|Extreme Speed|p1a: Swampert\n|-damage|p1a: Swampert|22\/100\n|\n|-heal|p1a: Swampert|28\/100|[from] item: Leftovers\n|-damage|p2a: Dragonite|11\/100 tox|[from] psn\n|upkeep\n|turn|15\n|\n|t:|1700762762\n|move|p2a: Dragonite|Earthquake|p1a: Swampert\n|-damage|p1a: Swampert|0 fnt\n|faint|p1a: Swampert\n|\n|-damage|p2a: Dragonite|0 fnt|[from] psn\n|faint|p2a: Dragonite\n|upkeep\n|\n|t:|1700762772\n|switch|p2a: Kartana|Kartana|100\/100\n|switch|p1a: Blacephalon|Blacephalon|7\/100\n|-damage|p2a: Kartana|94\/100|[from] Stealth Rock\n|turn|16\n|\n|t:|1700762780\n|move|p2a: Kartana|Knock Off|p1a: Blacephalon\n|-supereffective|p1a: Blacephalon\n|-damage|p1a: Blacephalon|0 fnt\n|-enditem|p1a: Blacephalon|Choice Specs|[from] move: Knock Off|[of] p2a: Kartana\n|faint|p1a: Blacephalon\n|-ability|p2a: Kartana|Beast Boost|boost\n|-boost|p2a: Kartana|atk|1\n|\n|upkeep\n|\n|t:|1700762791\n|switch|p1a: Latias|Latias, F|100\/100\n|turn|17\n|\n|t:|1700762795\n|move|p1a: Latias|Aura Sphere|p2a: Kartana\n|-supereffective|p2a: Kartana\n|-damage|p2a: Kartana|0 fnt\n|faint|p2a: Kartana\n|\n|upkeep\n|\n|t:|1700762803\n|switch|p2a: Tapu Lele|Tapu Lele, shiny|100\/100\n|-damage|p2a: Tapu Lele|88\/100|[from] Stealth Rock\n|-fieldstart|move: Psychic Terrain|[from] ability: Psychic Surge|[of] p2a: Tapu Lele\n|turn|18\n|\n|t:|1700762827\n|switch|p1a: Gliscor|Gliscor, F|100\/100 tox\n|move|p2a: Tapu Lele|Psychic|p1a: Gliscor\n|-damage|p1a: Gliscor|20\/100 tox\n|\n|-heal|p1a: Gliscor|33\/100 tox|[from] ability: Poison Heal\n|upkeep\n|turn|19\n|\n|t:|1700762836\n|switch|p2a: Sneasler|Sneasler, M, shiny|100\/100\n|-damage|p2a: Sneasler|95\/100|[from] Stealth Rock\n|-enditem|p2a: Sneasler|Psychic Seed\n|-boost|p2a: Sneasler|spd|1|[from] item: Psychic Seed\n|move|p1a: Gliscor|U-turn|p2a: Sneasler\n|-resisted|p2a: Sneasler\n|-damage|p2a: Sneasler|87\/100\n|\n|t:|1700762845\n|switch|p1a: Beedrill|Beedrill, F|100\/100|[from] U-turn\n|\n|upkeep\n|turn|20\n|\n|t:|1700762864\n|detailschange|p1a: Beedrill|Beedrill-Mega, F\n|-mega|p1a: Beedrill|Beedrill|Beedrillite\n|move|p2a: Sneasler|Acrobatics|p1a: Beedrill\n|-supereffective|p1a: Beedrill\n|-damage|p1a: Beedrill|0 fnt\n|faint|p1a: Beedrill\n|\n|upkeep\n|\n|t:|1700762867\n|switch|p1a: Gliscor|Gliscor, F|33\/100 tox\n|turn|21\n|\n|t:|1700762870\n|move|p2a: Sneasler|Acrobatics|p1a: Gliscor\n|-damage|p1a: Gliscor|4\/100 tox\n|move|p1a: Gliscor|Roost|p1a: Gliscor\n|-heal|p1a: Gliscor|54\/100 tox\n|-singleturn|p1a: Gliscor|move: Roost\n|\n|-heal|p1a: Gliscor|66\/100 tox|[from] ability: Poison Heal\n|upkeep\n|turn|22\n|\n|t:|1700762877\n|-terastallize|p2a: Sneasler|Flying\n|move|p2a: Sneasler|Swords Dance|p2a: Sneasler\n|-boost|p2a: Sneasler|atk|2\n|move|p1a: Gliscor|Earthquake|p2a: Sneasler\n|-immune|p2a: Sneasler\n|\n|-heal|p1a: Gliscor|79\/100 tox|[from] ability: Poison Heal\n|-fieldend|move: Psychic Terrain\n|upkeep\n|turn|23\n|\n|t:|1700762881\n|move|p2a: Sneasler|Acrobatics|p1a: Gliscor\n|-damage|p1a: Gliscor|0 fnt\n|faint|p1a: Gliscor\n|\n|upkeep\n|\n|t:|1700762883\n|switch|p1a: Latias|Latias, F|100\/100\n|turn|24\n|c|\u2606NDSNEZ Jogo|y did u send in beedrill\n|c|\u2606yoochus|get off my d\n|\n|t:|1700762903\n|move|p2a: Sneasler|Acrobatics|p1a: Latias\n|-damage|p1a: Latias|0 fnt\n|faint|p1a: Latias\n|\n|win|NDSNEZ Jogo\n|raw|yoochus's rating: 1393 &rarr; <strong>1370<\/strong><br \/>(-23 for losing)\n|raw|NDSNEZ Jogo's rating: 1341 &rarr; <strong>1364<\/strong><br \/>(+23 for winning)\n|c|\u2606NDSNEZ Jogo|chill\n|c|\u2606NDSNEZ Jogo|i was jus wondering\n|l|\u2606yoochus\n","uploadtime":1700763031,"views":3,"p1id":"yoochus","p2id":"ndsnezjogo","formatid":"gen9nationaldex","rating":1364,"private":0,"password":""}