{"id":"gen9nationaldex-1991082535","p1":"Dozkek","p2":"prince5","format":"[Gen 9] National Dex","log":"|j|\u2606Dozkek\n|j|\u2606prince5\n|inactive|Battle timer is ON: inactive players will automatically lose when time's up.\n|t:|1700040071\n|gametype|singles\n|player|p1|Dozkek|adaman|\n|player|p2|prince5|anabel|\n|teamsize|p1|6\n|teamsize|p2|6\n|gen|9\n|tier|[Gen 9] National Dex\n|rated|Tournament battle\n|rule|HP Percentage Mod: HP is shown in percentages\n|rule|Endless Battle Clause: Forcing endless battles is banned\n|rule|OHKO Clause: OHKO moves are banned\n|rule|Evasion Clause: Evasion abilities, items, and moves are banned\n|rule|Evasion Abilities Clause: Evasion abilities are banned\n|rule|Evasion Items Clause: Evasion items are banned\n|rule|Evasion Moves Clause: Evasion moves are banned\n|rule|Species Clause: Limit one of each Pok\u00e9mon\n|rule|Sleep Clause Mod: Limit one foe put to sleep\n|clearpoke\n|poke|p1|Keldeo-Resolute|\n|poke|p1|Zapdos|\n|poke|p1|Heatran, M|\n|poke|p1|Rillaboom, F|\n|poke|p1|Tapu Lele|\n|poke|p1|Mamoswine, M|\n|poke|p2|Infernape, M|\n|poke|p2|Gliscor, M|\n|poke|p2|Sceptile, M|\n|poke|p2|Snorlax, M|\n|poke|p2|Charizard, M|\n|poke|p2|Heracross, M|\n|teampreview\n|j| Potatofromsinnoh\n|\n|t:|1700040092\n|start\n|switch|p1a: Heatran|Heatran, M|100\/100\n|switch|p2a: Heracross|Heracross, M|100\/100\n|turn|1\n|\n|t:|1700040105\n|switch|p1a: Zapdos|Zapdos|100\/100\n|move|p2a: Heracross|Swords Dance|p2a: Heracross\n|-boost|p2a: Heracross|atk|2\n|\n|-status|p2a: Heracross|brn|[from] item: Flame Orb\n|upkeep\n|turn|2\n|inactive|Dozkek has 120 seconds left.\n|\n|t:|1700040136\n|-terastallize|p2a: Heracross|Fighting\n|-terastallize|p1a: Zapdos|Steel\n|move|p2a: Heracross|Close Combat|p1a: Zapdos\n|-supereffective|p1a: Zapdos\n|-damage|p1a: Zapdos|0 fnt\n|-unboost|p2a: Heracross|def|1\n|-unboost|p2a: Heracross|spd|1\n|faint|p1a: Zapdos\n|\n|-damage|p2a: Heracross|95\/100 brn|[from] brn\n|upkeep\n|inactive|Dozkek has 120 seconds left.\n|\n|t:|1700040147\n|switch|p1a: Rillaboom|Rillaboom, F|100\/100\n|-fieldstart|move: Grassy Terrain|[from] ability: Grassy Surge|[of] p1a: Rillaboom\n|turn|3\n|j| ppyyy-inertia\n|inactive|Dozkek has 120 seconds left.\n|inactive|prince5 has 120 seconds left.\n|inactive|Dozkek has 90 seconds left.\n|inactive|prince5 has 90 seconds left.\n|\n|t:|1700040209\n|switch|p2a: Charizard|Charizard, M|100\/100\n|move|p1a: Rillaboom|Grassy Glide|p2a: Charizard\n|-resisted|p2a: Charizard\n|-damage|p2a: Charizard|78\/100\n|\n|upkeep\n|turn|4\n|inactive|prince5 has 90 seconds left.\n|\n|t:|1700040239\n|switch|p1a: Keldeo|Keldeo-Resolute|100\/100\n|detailschange|p2a: Charizard|Charizard-Mega-X, M\n|-mega|p2a: Charizard|Charizard|Charizardite X\n|move|p2a: Charizard|Dragon Dance|p2a: Charizard\n|-boost|p2a: Charizard|atk|1\n|-boost|p2a: Charizard|spe|1\n|\n|-heal|p2a: Charizard|84\/100|[from] Grassy Terrain\n|upkeep\n|turn|5\n|inactive|Dozkek has 60 seconds left.\n|inactive|prince5 has 60 seconds left.\n|\n|t:|1700040267\n|move|p2a: Charizard|Dragon Claw|p1a: Keldeo\n|-damage|p1a: Keldeo|4\/100\n|move|p1a: Keldeo|Scald|p2a: Charizard\n|-damage|p2a: Charizard|30\/100\n|\n|-heal|p2a: Charizard|37\/100|[from] Grassy Terrain\n|-heal|p1a: Keldeo|10\/100|[from] Grassy Terrain\n|-heal|p1a: Keldeo|16\/100|[from] item: Leftovers\n|upkeep\n|turn|6\n|inactive|prince5 has 60 seconds left.\n|\n|t:|1700040276\n|move|p2a: Charizard|Dragon Claw|p1a: Keldeo\n|-damage|p1a: Keldeo|0 fnt\n|faint|p1a: Keldeo\n|\n|-heal|p2a: Charizard|43\/100|[from] Grassy Terrain\n|upkeep\n|inactive|Dozkek has 30 seconds left.\n|\n|t:|1700040310\n|switch|p1a: Heatran|Heatran, M|100\/100\n|turn|7\n|inactive|prince5 has 60 seconds left.\n|inactive|Dozkek has 30 seconds left.\n|\n|t:|1700040332\n|switch|p2a: Gliscor|Gliscor, M|100\/100\n|move|p1a: Heatran|Earth Power|p2a: Gliscor\n|-immune|p2a: Gliscor\n|\n|-fieldend|move: Grassy Terrain\n|-status|p2a: Gliscor|tox|[from] item: Toxic Orb\n|upkeep\n|turn|8\n|inactive|prince5 has 60 seconds left.\n|inactive|Dozkek has 30 seconds left.\n|\n|t:|1700040367\n|switch|p1a: Mamoswine|Mamoswine, M|100\/100\n|move|p2a: Gliscor|Earthquake|p1a: Mamoswine\n|-damage|p1a: Mamoswine|66\/100\n|\n|upkeep\n|turn|9\n|inactive|Dozkek has 30 seconds left.\n|inactive|Dozkek has 20 seconds left.\n|\n|t:|1700040382\n|switch|p2a: Infernape|Infernape, M|100\/100\n|move|p1a: Mamoswine|Trailblaze|p2a: Infernape\n|-resisted|p2a: Infernape\n|-damage|p2a: Infernape|88\/100\n|-boost|p1a: Mamoswine|spe|1\n|\n|upkeep\n|turn|10\n|inactive|Dozkek has 30 seconds left this turn.\n|inactive|Dozkek has 20 seconds left.\n|\n|t:|1700040402\n|move|p2a: Infernape|Vacuum Wave|p1a: Mamoswine\n|-supereffective|p1a: Mamoswine\n|-damage|p1a: Mamoswine|15\/100\n|move|p1a: Mamoswine|High Horsepower|p2a: Infernape\n|-supereffective|p2a: Infernape\n|-damage|p2a: Infernape|0 fnt\n|faint|p2a: Infernape\n|\n|upkeep\n|inactive|Dozkek has 25 seconds left this turn.\n|\n|t:|1700040410\n|switch|p2a: Sceptile|Sceptile, M|100\/100\n|turn|11\n|inactive|Dozkek has 30 seconds left.\n|inactive|Dozkek has 20 seconds left.\n|inactive|Dozkek has 15 seconds left.\n|j| soldierblue8\n|inactive|Dozkek has 10 seconds left.\n|\n|t:|1700040436\n|move|p1a: Mamoswine|Icicle Spear|p2a: Sceptile\n|-supereffective|p2a: Sceptile\n|-damage|p2a: Sceptile|56\/100\n|-supereffective|p2a: Sceptile\n|-damage|p2a: Sceptile|7\/100\n|-supereffective|p2a: Sceptile\n|-damage|p2a: Sceptile|0 fnt\n|faint|p2a: Sceptile\n|-hitcount|p2: Sceptile|3\n|\n|upkeep\n|inactive|Dozkek has 15 seconds left this turn.\n|\n|t:|1700040451\n|switch|p2a: Heracross|Heracross, M, tera:Fighting|95\/100 brn\n|turn|12\n|inactive|Dozkek has 25 seconds left this turn.\n|inactive|Dozkek has 20 seconds left.\n|inactive|Dozkek has 15 seconds left.\n|\n|t:|1700040462\n|move|p1a: Mamoswine|Icicle Spear|p2a: Heracross\n|-damage|p2a: Heracross|74\/100 brn\n|-damage|p2a: Heracross|55\/100 brn\n|-damage|p2a: Heracross|36\/100 brn\n|-damage|p2a: Heracross|18\/100 brn\n|-damage|p2a: Heracross|0 fnt\n|faint|p2a: Heracross\n|-hitcount|p2: Heracross|5\n|\n|upkeep\n|inactive|Dozkek has 20 seconds left this turn.\n|\n|t:|1700040481\n|switch|p2a: Snorlax|Snorlax, M|100\/100\n|turn|13\n|inactive|Dozkek has 30 seconds left this turn.\n|inactive|Dozkek has 20 seconds left.\n|j| lupla\n|inactive|Dozkek has 15 seconds left.\n|\n|t:|1700040500\n|move|p1a: Mamoswine|High Horsepower|p2a: Snorlax|[miss]\n|-miss|p1a: Mamoswine|p2a: Snorlax\n|move|p2a: Snorlax|Body Slam|p1a: Mamoswine\n|-damage|p1a: Mamoswine|0 fnt\n|faint|p1a: Mamoswine\n|\n|upkeep\n|inactive|Dozkek has 20 seconds left this turn.\n|inactive|Dozkek has 15 seconds left.\n|\n|t:|1700040510\n|switch|p1a: Rillaboom|Rillaboom, F|100\/100\n|-fieldstart|move: Grassy Terrain|[from] ability: Grassy Surge|[of] p1a: Rillaboom\n|turn|14\n|inactive|Dozkek has 25 seconds left this turn.\n|inactive|prince5 has 30 seconds left.\n|inactive|Dozkek has 20 seconds left.\n|inactive|prince5 has 20 seconds left.\n|inactive|prince5 has 15 seconds left.\n|\n|t:|1700040555\n|switch|p2a: Gliscor|Gliscor, M|100\/100 tox\n|move|p1a: Rillaboom|Wood Hammer|p2a: Gliscor\n|-damage|p2a: Gliscor|0 fnt\n|faint|p2a: Gliscor\n|-damage|p1a: Rillaboom|66\/100|[from] Recoil\n|\n|-heal|p1a: Rillaboom|72\/100|[from] Grassy Terrain\n|upkeep\n|inactive|Dozkek has 25 seconds left this turn.\n|inactive|prince5 has 20 seconds left this turn.\n|inactive|prince5 has 15 seconds left.\n|\n|t:|1700040563\n|switch|p2a: Charizard|Charizard-Mega-X, M|43\/100\n|turn|15\n|inactive|prince5 has 25 seconds left this turn.\n|inactive|prince5 has 20 seconds left.\n|inactive|prince5 has 15 seconds left.\n|inactive|prince5 has 10 seconds left.\n|l| ppyyy-inertia\n|inactive|prince5 has 5 seconds left.\n|\n|t:|1700040585\n|switch|p1a: Heatran|Heatran, M|100\/100\n|move|p2a: Charizard|Roost|p2a: Charizard\n|-heal|p2a: Charizard|93\/100\n|-singleturn|p2a: Charizard|move: Roost\n|\n|-heal|p2a: Charizard|99\/100|[from] Grassy Terrain\n|upkeep\n|turn|16\n|inactive|prince5 has 15 seconds left this turn.\n|inactive|prince5 has 10 seconds left.\n|\n|t:|1700040598\n|switch|p2a: Snorlax|Snorlax, M|100\/100\n|move|p1a: Heatran|Earth Power|p2a: Snorlax\n|-damage|p2a: Snorlax|88\/100\n|\n|-heal|p2a: Snorlax|95\/100|[from] Grassy Terrain\n|-heal|p2a: Snorlax|100\/100|[from] item: Leftovers\n|upkeep\n|turn|17\n|inactive|prince5 has 20 seconds left this turn.\n|inactive|prince5 has 15 seconds left.\n|inactive|Dozkek has 30 seconds left.\n|\n|t:|1700040614\n|move|p1a: Heatran|Taunt|p2a: Snorlax\n|-start|p2a: Snorlax|move: Taunt\n|cant|p2a: Snorlax|move: Taunt|Curse\n|\n|upkeep\n|turn|18\n|inactive|prince5 has 25 seconds left this turn.\n|inactive|prince5 has 20 seconds left.\n|\n|t:|1700040619\n|move|p1a: Heatran|Stealth Rock|p2a: Snorlax\n|-sidestart|p2: prince5|move: Stealth Rock\n|move|p2a: Snorlax|Body Slam|p1a: Heatran\n|-resisted|p1a: Heatran\n|-damage|p1a: Heatran|88\/100\n|\n|-heal|p1a: Heatran|94\/100|[from] Grassy Terrain\n|-heal|p1a: Heatran|100\/100|[from] item: Leftovers\n|-fieldend|move: Grassy Terrain\n|upkeep\n|turn|19\n|inactive|prince5 has 30 seconds left this turn.\n|inactive|Dozkek has 30 seconds left.\n|inactive|Dozkek has 20 seconds left.\n|inactive|Dozkek has 15 seconds left.\n|inactive|Dozkek has 10 seconds left.\n|\n|t:|1700040658\n|switch|p1a: Rillaboom|Rillaboom, F|72\/100\n|-fieldstart|move: Grassy Terrain|[from] ability: Grassy Surge|[of] p1a: Rillaboom\n|move|p2a: Snorlax|Earthquake|p1a: Rillaboom\n|-resisted|p1a: Rillaboom\n|-damage|p1a: Rillaboom|65\/100\n|\n|-heal|p1a: Rillaboom|71\/100|[from] Grassy Terrain\n|-end|p2a: Snorlax|move: Taunt\n|upkeep\n|turn|20\n|inactive|Dozkek has 20 seconds left this turn.\n|inactive|Dozkek has 15 seconds left.\n|inactive|prince5 has 30 seconds left.\n|inactive|Dozkek has 10 seconds left.\n|\n|t:|1700040672\n|switch|p2a: Charizard|Charizard-Mega-X, M|99\/100\n|-damage|p2a: Charizard|74\/100|[from] Stealth Rock\n|move|p1a: Rillaboom|Wood Hammer|p2a: Charizard\n|-resisted|p2a: Charizard\n|-damage|p2a: Charizard|38\/100\n|-damage|p1a: Rillaboom|61\/100|[from] Recoil\n|\n|-heal|p2a: Charizard|44\/100|[from] Grassy Terrain\n|-heal|p1a: Rillaboom|67\/100|[from] Grassy Terrain\n|upkeep\n|turn|21\n|inactive|Dozkek has 20 seconds left this turn.\n|inactive|prince5 has 30 seconds left.\n|\n|t:|1700040690\n|switch|p1a: Heatran|Heatran, M|100\/100\n|move|p2a: Charizard|Roost|p2a: Charizard\n|-heal|p2a: Charizard|94\/100\n|-singleturn|p2a: Charizard|move: Roost\n|\n|-heal|p2a: Charizard|100\/100|[from] Grassy Terrain\n|upkeep\n|turn|22\n|inactive|Dozkek has 30 seconds left this turn.\n|inactive|prince5 has 30 seconds left.\n|inactive|prince5 has 20 seconds left.\n|\n|t:|1700040706\n|switch|p2a: Snorlax|Snorlax, M|100\/100\n|-damage|p2a: Snorlax|88\/100|[from] Stealth Rock\n|move|p1a: Heatran|Magma Storm|p2a: Snorlax\n|-damage|p2a: Snorlax|78\/100\n|-activate|p2a: Snorlax|move: Magma Storm|[of] p1a: Heatran\n|\n|-heal|p2a: Snorlax|85\/100|[from] Grassy Terrain\n|-heal|p2a: Snorlax|91\/100|[from] item: Leftovers\n|-damage|p2a: Snorlax|78\/100|[from] move: Magma Storm|[partiallytrapped]\n|upkeep\n|turn|23\n|inactive|prince5 has 30 seconds left this turn.\n|inactive|Dozkek has 30 seconds left.\n|inactive|prince5 has 20 seconds left.\n|inactive|prince5 has 15 seconds left.\n|inactive|prince5 has 10 seconds left.\n|inactive|prince5 has 5 seconds left.\n|-message|prince5 lost due to inactivity.\n|\n|win|Dozkek\n|n|\u2606Dozkek|dozkek\n|n|\u2606prince5|prince5\n|n| Potatofromsinnoh|potatofromsinnoh\n|n| soldierblue8|soldierblue8\n|n| lupla|lupla\n","uploadtime":1700040737,"views":19,"p1id":"dozkek","p2id":"prince5","formatid":"gen9nationaldex","rating":0,"private":0,"password":""}