{"id":"gen9nationaldex-1996120673","p1":"kimi777","p2":"g66","format":"[Gen 9] National Dex","log":"|html|<div class=\"broadcast-blue\"><strong>[Gen 9] National Dex is currently suspecting Sneasler! For information on how to participate check out the <a href=\"https:\/\/www.smogon.com\/forums\/threads\/sv-national-dex-suspect-8-just-dance.3731534\/\">suspect thread<\/a>.<\/strong><\/div>\n|j|\u2606kimi777\n|j|\u2606g66\n|t:|1700647279\n|gametype|singles\n|player|p1|kimi777|giovanni|1315\n|player|p2|g66|169|1390\n|teamsize|p1|6\n|teamsize|p2|6\n|gen|9\n|tier|[Gen 9] National Dex\n|rated|\n|rule|HP Percentage Mod: HP is shown in percentages\n|rule|Endless Battle Clause: Forcing endless battles is banned\n|rule|OHKO Clause: OHKO moves are banned\n|rule|Evasion Clause: Evasion abilities, items, and moves are banned\n|rule|Evasion Abilities Clause: Evasion abilities are banned\n|rule|Evasion Items Clause: Evasion items are banned\n|rule|Evasion Moves Clause: Evasion moves are banned\n|rule|Species Clause: Limit one of each Pok\u00e9mon\n|rule|Sleep Clause Mod: Limit one foe put to sleep\n|clearpoke\n|poke|p1|Aegislash, M|\n|poke|p1|Alomomola, F|\n|poke|p1|Ting-Lu|\n|poke|p1|Rillaboom, F|\n|poke|p1|Zapdos|\n|poke|p1|Lopunny, F|\n|poke|p2|Banette, M|\n|poke|p2|Zapdos|\n|poke|p2|Alomomola, F|\n|poke|p2|Tyranitar, M|\n|poke|p2|Slowking-Galar, M|\n|poke|p2|Greninja-*, F|\n|teampreview\n|inactive|Battle timer is ON: inactive players will automatically lose when time's up. (requested by kimi777)\n|\n|t:|1700647290\n|start\n|switch|p1a: \u8001\u5a46|Lopunny, F, shiny|100\/100\n|switch|p2a: Zapdos|Zapdos|100\/100\n|turn|1\n|\n|t:|1700647294\n|detailschange|p1a: \u8001\u5a46|Lopunny-Mega, F, shiny\n|-mega|p1a: \u8001\u5a46|Lopunny|Lopunnite\n|move|p1a: \u8001\u5a46|Fake Out|p2a: Zapdos\n|-damage|p2a: Zapdos|76\/100\n|cant|p2a: Zapdos|flinch\n|\n|upkeep\n|turn|2\n|\n|t:|1700647303\n|move|p1a: \u8001\u5a46|Triple Axel|p2a: Zapdos\n|-supereffective|p2a: Zapdos\n|-damage|p2a: Zapdos|56\/100\n|-supereffective|p2a: Zapdos\n|-damage|p2a: Zapdos|20\/100\n|-supereffective|p2a: Zapdos\n|-damage|p2a: Zapdos|0 fnt\n|faint|p2a: Zapdos\n|-hitcount|p2: Zapdos|3\n|\n|upkeep\n|\n|t:|1700647310\n|switch|p2a: Banette|Banette, M|100\/100\n|-item|p1a: \u8001\u5a46|Lopunnite|[from] ability: Frisk|[of] p2a: Banette|[identify]\n|turn|3\n|inactive|kimi777 has 120 seconds left.\n|\n|t:|1700647350\n|switch|p1a: \u4fdd\u9556|Ting-Lu|100\/100\n|-ability|p1a: \u4fdd\u9556|Vessel of Ruin\n|switch|p2a: Alomomola|Alomomola, F|100\/100\n|\n|upkeep\n|turn|4\n|inactive|kimi777 has 120 seconds left.\n|\n|t:|1700647364\n|switch|p1a: \u5361\u666e\u7329\u7329|Rillaboom, F, shiny|100\/100\n|-fieldstart|move: Grassy Terrain|[from] ability: Grassy Surge|[of] p1a: \u5361\u666e\u7329\u7329\n|move|p2a: Alomomola|Magic Coat|p2a: Alomomola\n|-singleturn|p2a: Alomomola|move: Magic Coat\n|\n|upkeep\n|turn|5\n|inactive|kimi777 has 120 seconds left.\n|\n|t:|1700647389\n|switch|p2a: Slowking|Slowking-Galar, M|100\/100\n|move|p1a: \u5361\u666e\u7329\u7329|Knock Off|p2a: Slowking\n|-supereffective|p2a: Slowking\n|-damage|p2a: Slowking|24\/100\n|-enditem|p2a: Slowking|Leftovers|[from] move: Knock Off|[of] p1a: \u5361\u666e\u7329\u7329\n|\n|-heal|p2a: Slowking|30\/100|[from] Grassy Terrain\n|upkeep\n|turn|6\n|\n|t:|1700647401\n|-terastallize|p2a: Slowking|Fairy\n|move|p1a: \u5361\u666e\u7329\u7329|Knock Off|p2a: Slowking\n|-resisted|p2a: Slowking\n|-damage|p2a: Slowking|17\/100\n|move|p2a: Slowking|Slack Off|p2a: Slowking\n|-heal|p2a: Slowking|67\/100\n|\n|-heal|p2a: Slowking|73\/100|[from] Grassy Terrain\n|upkeep\n|turn|7\n|\n|t:|1700647407\n|switch|p1a: \u672c\u4f53|Aegislash, M, shiny|100\/100\n|move|p2a: Slowking|Sludge Wave|p1a: \u672c\u4f53\n|-immune|p1a: \u672c\u4f53\n|\n|-heal|p2a: Slowking|79\/100|[from] Grassy Terrain\n|upkeep\n|turn|8\n|\n|t:|1700647415\n|switch|p2a: Alomomola|Alomomola, F|100\/100\n|-formechange|p1a: \u672c\u4f53|Aegislash-Blade||[from] ability: Stance Change\n|move|p1a: \u672c\u4f53|Shadow Ball|p2a: Alomomola\n|-damage|p2a: Alomomola|54\/100\n|\n|-heal|p2a: Alomomola|60\/100|[from] Grassy Terrain\n|-heal|p2a: Alomomola|66\/100|[from] item: Leftovers\n|-fieldend|move: Grassy Terrain\n|upkeep\n|turn|9\n|inactive|kimi777 has 120 seconds left.\n|\n|t:|1700647426\n|-formechange|p1a: \u672c\u4f53|Aegislash||[from] ability: Stance Change\n|move|p1a: \u672c\u4f53|King's Shield|p1a: \u672c\u4f53\n|-singleturn|p1a: \u672c\u4f53|Protect\n|move|p2a: Alomomola|Flip Turn|p1a: \u672c\u4f53\n|-activate|p1a: \u672c\u4f53|move: Protect\n|-unboost|p2a: Alomomola|atk|1\n|\n|-heal|p2a: Alomomola|72\/100|[from] item: Leftovers\n|upkeep\n|turn|10\n|\n|t:|1700647434\n|move|p2a: Alomomola|Flip Turn|p1a: \u672c\u4f53\n|-damage|p1a: \u672c\u4f53|92\/100\n|\n|t:|1700647443\n|switch|p2a: Greninja|Greninja, F|100\/100|[from] Flip Turn\n|move|p1a: \u672c\u4f53|Toxic|p2a: Greninja\n|-status|p2a: Greninja|tox\n|\n|-heal|p1a: \u672c\u4f53|98\/100|[from] item: Leftovers\n|-damage|p2a: Greninja|95\/100 tox|[from] psn\n|upkeep\n|turn|11\n|\n|t:|1700647455\n|move|p1a: \u672c\u4f53|King's Shield|p1a: \u672c\u4f53\n|-singleturn|p1a: \u672c\u4f53|Protect\n|move|p2a: Greninja|Dark Pulse|p1a: \u672c\u4f53\n|-start|p2a: Greninja|typechange|Dark|[from] ability: Protean\n|-activate|p1a: \u672c\u4f53|move: Protect\n|\n|-heal|p1a: \u672c\u4f53|100\/100|[from] item: Leftovers\n|-damage|p2a: Greninja|83\/100 tox|[from] psn\n|upkeep\n|turn|12\n|\n|t:|1700647468\n|switch|p1a: \u53ef\u9760\u7684\u80cc\u5f71|Alomomola, F, shiny|100\/100\n|move|p2a: Greninja|Dark Pulse|p1a: \u53ef\u9760\u7684\u80cc\u5f71\n|-damage|p1a: \u53ef\u9760\u7684\u80cc\u5f71|42\/100\n|\n|-damage|p2a: Greninja|65\/100 tox|[from] psn\n|upkeep\n|turn|13\n|\n|t:|1700647476\n|switch|p2a: Banette|Banette, M|100\/100\n|-item|p1a: \u53ef\u9760\u7684\u80cc\u5f71|Rocky Helmet|[from] ability: Frisk|[of] p2a: Banette|[identify]\n|move|p1a: \u53ef\u9760\u7684\u80cc\u5f71|Protect||[still]\n|-fail|p1a: \u53ef\u9760\u7684\u80cc\u5f71\n|\n|upkeep\n|turn|14\n|\n|t:|1700647482\n|switch|p2a: Alomomola|Alomomola, F|100\/100\n|move|p1a: \u53ef\u9760\u7684\u80cc\u5f71|Wish|p1a: \u53ef\u9760\u7684\u80cc\u5f71\n|\n|upkeep\n|turn|15\n|\n|t:|1700647487\n|move|p1a: \u53ef\u9760\u7684\u80cc\u5f71|Protect|p1a: \u53ef\u9760\u7684\u80cc\u5f71\n|-singleturn|p1a: \u53ef\u9760\u7684\u80cc\u5f71|Protect\n|move|p2a: Alomomola|Wish|p2a: Alomomola\n|\n|-heal|p1a: \u53ef\u9760\u7684\u80cc\u5f71|92\/100|[from] move: Wish|[wisher] \u53ef\u9760\u7684\u80cc\u5f71\n|upkeep\n|turn|16\n|\n|t:|1700647495\n|move|p2a: Alomomola|Magic Coat|p2a: Alomomola\n|-singleturn|p2a: Alomomola|move: Magic Coat\n|move|p1a: \u53ef\u9760\u7684\u80cc\u5f71|Toxic|p2a: Alomomola\n|move|p2a: Alomomola|Toxic|p1a: \u53ef\u9760\u7684\u80cc\u5f71|[from]Magic Coat\n|-status|p1a: \u53ef\u9760\u7684\u80cc\u5f71|tox\n|\n|-damage|p1a: \u53ef\u9760\u7684\u80cc\u5f71|86\/100 tox|[from] psn\n|upkeep\n|turn|17\n|\n|t:|1700647504\n|switch|p2a: Greninja|Greninja, F|65\/100 tox\n|move|p1a: \u53ef\u9760\u7684\u80cc\u5f71|Flip Turn|p2a: Greninja\n|-resisted|p2a: Greninja\n|-damage|p2a: Greninja|51\/100 tox\n|\n|t:|1700647510\n|switch|p1a: \u5361\u666e\u7329\u7329|Rillaboom, F, shiny|100\/100|[from] Flip Turn\n|-fieldstart|move: Grassy Terrain|[from] ability: Grassy Surge|[of] p1a: \u5361\u666e\u7329\u7329\n|\n|-heal|p2a: Greninja|57\/100 tox|[from] Grassy Terrain\n|-damage|p2a: Greninja|51\/100 tox|[from] psn\n|upkeep\n|turn|18\n|\n|t:|1700647523\n|switch|p2a: Slowking|Slowking-Galar, M, tera:Fairy|100\/100\n|move|p1a: \u5361\u666e\u7329\u7329|U-turn|p2a: Slowking\n|-resisted|p2a: Slowking\n|-damage|p2a: Slowking|87\/100\n|\n|t:|1700647529\n|switch|p1a: \u672c\u4f53|Aegislash, M, shiny|100\/100|[from] U-turn\n|\n|-heal|p2a: Slowking|93\/100|[from] Grassy Terrain\n|upkeep\n|turn|19\n|\n|t:|1700647539\n|-formechange|p1a: \u672c\u4f53|Aegislash-Blade||[from] ability: Stance Change\n|move|p1a: \u672c\u4f53|Shadow Ball|p2a: Slowking\n|-damage|p2a: Slowking|68\/100\n|move|p2a: Slowking|Chilly Reception|p2a: Slowking\n|-weather|Snow\n|\n|t:|1700647544\n|switch|p2a: Greninja|Greninja, F|51\/100 tox|[from] Chilly Reception\n|\n|-weather|Snow|[upkeep]\n|-heal|p2a: Greninja|57\/100 tox|[from] Grassy Terrain\n|-damage|p2a: Greninja|51\/100 tox|[from] psn\n|upkeep\n|turn|20\n|\n|t:|1700647548\n|-formechange|p1a: \u672c\u4f53|Aegislash||[from] ability: Stance Change\n|move|p1a: \u672c\u4f53|King's Shield|p1a: \u672c\u4f53\n|-singleturn|p1a: \u672c\u4f53|Protect\n|move|p2a: Greninja|Dark Pulse|p1a: \u672c\u4f53\n|-start|p2a: Greninja|typechange|Dark|[from] ability: Protean\n|-activate|p1a: \u672c\u4f53|move: Protect\n|\n|-weather|Snow|[upkeep]\n|-heal|p2a: Greninja|57\/100 tox|[from] Grassy Terrain\n|-damage|p2a: Greninja|45\/100 tox|[from] psn\n|upkeep\n|turn|21\n|\n|t:|1700647560\n|switch|p1a: \u4fdd\u9556|Ting-Lu|100\/100\n|-ability|p1a: \u4fdd\u9556|Vessel of Ruin\n|move|p2a: Greninja|Dark Pulse|p1a: \u4fdd\u9556\n|-resisted|p1a: \u4fdd\u9556\n|-damage|p1a: \u4fdd\u9556|86\/100\n|\n|-weather|Snow|[upkeep]\n|-heal|p2a: Greninja|51\/100 tox|[from] Grassy Terrain\n|-heal|p1a: \u4fdd\u9556|92\/100|[from] Grassy Terrain\n|-heal|p1a: \u4fdd\u9556|98\/100|[from] item: Leftovers\n|-damage|p2a: Greninja|33\/100 tox|[from] psn\n|-fieldend|move: Grassy Terrain\n|upkeep\n|turn|22\n|\n|t:|1700647570\n|switch|p2a: Alomomola|Alomomola, F|100\/100\n|move|p1a: \u4fdd\u9556|Protect||[still]\n|-fail|p1a: \u4fdd\u9556\n|\n|-weather|Snow|[upkeep]\n|-heal|p1a: \u4fdd\u9556|100\/100|[from] item: Leftovers\n|upkeep\n|turn|23\n|\n|t:|1700647573\n|move|p2a: Alomomola|Wish|p2a: Alomomola\n|move|p1a: \u4fdd\u9556|Whirlwind|p2a: Alomomola\n|drag|p2a: Tyranitar|Tyranitar, M|100\/100\n|-weather|Sandstorm|[from] ability: Sand Stream|[of] p2a: Tyranitar\n|\n|-weather|Sandstorm|[upkeep]\n|upkeep\n|turn|24\n|\n|t:|1700647580\n|switch|p2a: Greninja|Greninja, F|33\/100 tox\n|move|p1a: \u4fdd\u9556|Earthquake|p2a: Greninja\n|-damage|p2a: Greninja|0 fnt\n|faint|p2a: Greninja\n|\n|-weather|Sandstorm|[upkeep]\n|upkeep\n|\n|t:|1700647588\n|switch|p2a: Tyranitar|Tyranitar, M|100\/100\n|turn|25\n|\n|t:|1700647592\n|switch|p2a: Alomomola|Alomomola, F|100\/100\n|move|p1a: \u4fdd\u9556|Earthquake|p2a: Alomomola\n|-damage|p2a: Alomomola|80\/100\n|\n|-weather|Sandstorm|[upkeep]\n|-damage|p2a: Alomomola|73\/100|[from] Sandstorm\n|-heal|p2a: Alomomola|80\/100|[from] item: Leftovers\n|upkeep\n|turn|26\n|\n|t:|1700647599\n|move|p2a: Alomomola|Knock Off|p1a: \u4fdd\u9556\n|-resisted|p1a: \u4fdd\u9556\n|-damage|p1a: \u4fdd\u9556|97\/100\n|-enditem|p1a: \u4fdd\u9556|Leftovers|[from] move: Knock Off|[of] p2a: Alomomola\n|move|p1a: \u4fdd\u9556|Whirlwind|p2a: Alomomola\n|drag|p2a: Tyranitar|Tyranitar, M|100\/100\n|\n|-weather|Sandstorm|[upkeep]\n|upkeep\n|turn|27\n|\n|t:|1700647613\n|switch|p2a: Alomomola|Alomomola, F|100\/100\n|move|p1a: \u4fdd\u9556|Spikes|p2a: Alomomola\n|-sidestart|p2: g66|Spikes\n|\n|-weather|none\n|upkeep\n|turn|28\n|-message|g66 forfeited.\n|\n|win|kimi777\n|raw|kimi777's rating: 1315 &rarr; <strong>1339<\/strong><br \/>(+24 for winning)\n|raw|g66's rating: 1390 &rarr; <strong>1366<\/strong><br \/>(-24 for losing)\n|l|\u2606g66\n","uploadtime":1700647621,"views":8,"p1id":"kimi777","p2id":"g66","formatid":"gen9nationaldex","rating":1339,"private":0,"password":""}