{"id":"gen9nationaldex-1987873200","p1":"scootdduck","p2":"Skye32","format":"[Gen 9] National Dex","log":"|j|\u2606scootdduck\n|j|\u2606Skye32\n|t:|1699644718\n|gametype|singles\n|player|p1|scootdduck|falkner|\n|player|p2|Skye32|265|\n|teamsize|p1|6\n|teamsize|p2|6\n|gen|9\n|tier|[Gen 9] National Dex\n|rule|HP Percentage Mod: HP is shown in percentages\n|rule|Endless Battle Clause: Forcing endless battles is banned\n|rule|OHKO Clause: OHKO moves are banned\n|rule|Evasion Clause: Evasion abilities, items, and moves are banned\n|rule|Evasion Abilities Clause: Evasion abilities are banned\n|rule|Evasion Items Clause: Evasion items are banned\n|rule|Evasion Moves Clause: Evasion moves are banned\n|rule|Species Clause: Limit one of each Pok\u00e9mon\n|rule|Sleep Clause Mod: Limit one foe put to sleep\n|clearpoke\n|poke|p1|Hippowdon, M|\n|poke|p1|Minior|\n|poke|p1|Excadrill, M|\n|poke|p1|Garchomp, M|\n|poke|p1|Nidoking, M|\n|poke|p1|Gastrodon, F|\n|poke|p2|Pinsir, M|\n|poke|p2|Volcarona, M|\n|poke|p2|Ribombee, F|\n|poke|p2|Galvantula, F|\n|poke|p2|Kleavor, F|\n|poke|p2|Scizor, M|\n|teampreview\n|c|\u2606Skye32|Glhf\n|\n|t:|1699644747\n|start\n|switch|p1a: Sabo|Minior, shiny|100\/100\n|switch|p2a: Ribombee|Ribombee, F|100\/100\n|-formechange|p1a: Sabo|Minior-Meteor||[from] ability: Shields Down\n|turn|1\n|\n|t:|1699644752\n|move|p2a: Ribombee|Sticky Web|p1a: Sabo\n|-sidestart|p1: scootdduck|move: Sticky Web\n|move|p1a: Sabo|Shell Smash|p1a: Sabo\n|-unboost|p1a: Sabo|def|1\n|-unboost|p1a: Sabo|spd|1\n|-boost|p1a: Sabo|atk|2\n|-boost|p1a: Sabo|spa|2\n|-boost|p1a: Sabo|spe|2\n|\n|upkeep\n|turn|2\n|\n|t:|1699644759\n|move|p1a: Sabo|Shell Smash|p1a: Sabo\n|-unboost|p1a: Sabo|def|1\n|-unboost|p1a: Sabo|spd|1\n|-boost|p1a: Sabo|atk|2\n|-boost|p1a: Sabo|spa|2\n|-boost|p1a: Sabo|spe|2\n|move|p2a: Ribombee|Moonblast|p1a: Sabo\n|-enditem|p1a: Sabo|Focus Sash\n|-damage|p1a: Sabo|1\/100\n|-unboost|p1a: Sabo|spa|1\n|\n|-formechange|p1a: Sabo|Minior||[from] ability: Shields Down\n|upkeep\n|turn|3\n|\n|t:|1699644771\n|move|p1a: Sabo|Rock Slide|p2a: Ribombee|[miss]\n|-miss|p1a: Sabo|p2a: Ribombee\n|move|p2a: Ribombee|Moonblast|p1a: Sabo\n|-damage|p1a: Sabo|0 fnt\n|faint|p1a: Sabo\n|\n|upkeep\n|\n|t:|1699644778\n|switch|p1a: Whitebeard|Hippowdon, M|100\/100\n|-activate|p1a: Whitebeard|move: Sticky Web\n|-unboost|p1a: Whitebeard|spe|1\n|-weather|Sandstorm|[from] ability: Sand Stream|[of] p1a: Whitebeard\n|turn|4\n|\n|t:|1699644784\n|move|p2a: Ribombee|Moonblast|p1a: Whitebeard\n|-damage|p1a: Whitebeard|56\/100\n|move|p1a: Whitebeard|Stealth Rock|p2a: Ribombee\n|-sidestart|p2: Skye32|move: Stealth Rock\n|\n|-weather|Sandstorm|[upkeep]\n|-damage|p2a: Ribombee|94\/100|[from] Sandstorm\n|upkeep\n|turn|5\n|\n|t:|1699644814\n|move|p2a: Ribombee|Moonblast|p1a: Whitebeard\n|-damage|p1a: Whitebeard|10\/100\n|move|p1a: Whitebeard|Whirlwind|p2a: Ribombee\n|drag|p2a: Pinsir|Pinsir, M|100\/100\n|-damage|p2a: Pinsir|76\/100|[from] Stealth Rock\n|\n|-weather|Sandstorm|[upkeep]\n|-damage|p2a: Pinsir|70\/100|[from] Sandstorm\n|upkeep\n|turn|6\n|\n|t:|1699644829\n|switch|p1a: Monkey D. Dragon|Garchomp, M, shiny|100\/100\n|-activate|p1a: Monkey D. Dragon|move: Sticky Web\n|-unboost|p1a: Monkey D. Dragon|spe|1\n|detailschange|p2a: Pinsir|Pinsir-Mega, M\n|-mega|p2a: Pinsir|Pinsir|Pinsirite\n|move|p2a: Pinsir|Close Combat|p1a: Monkey D. Dragon\n|-damage|p1a: Monkey D. Dragon|53\/100\n|-unboost|p2a: Pinsir|def|1\n|-unboost|p2a: Pinsir|spd|1\n|-damage|p2a: Pinsir|58\/100|[from] ability: Rough Skin|[of] p1a: Monkey D. Dragon\n|\n|-weather|Sandstorm|[upkeep]\n|-damage|p2a: Pinsir|52\/100|[from] Sandstorm\n|upkeep\n|turn|7\n|\n|t:|1699644832\n|detailschange|p1a: Monkey D. Dragon|Garchomp-Mega, M, shiny\n|-mega|p1a: Monkey D. Dragon|Garchomp|Garchompite\n|move|p2a: Pinsir|Frustration|p1a: Monkey D. Dragon\n|-damage|p1a: Monkey D. Dragon|0 fnt\n|faint|p1a: Monkey D. Dragon\n|\n|-weather|Sandstorm|[upkeep]\n|-damage|p2a: Pinsir|46\/100|[from] Sandstorm\n|upkeep\n|\n|t:|1699644842\n|switch|p1a: Doku Doku|Nidoking, M|100\/100\n|-activate|p1a: Doku Doku|move: Sticky Web\n|-unboost|p1a: Doku Doku|spe|1\n|turn|8\n|\n|t:|1699644847\n|move|p2a: Pinsir|Earthquake|p1a: Doku Doku\n|-supereffective|p1a: Doku Doku\n|-damage|p1a: Doku Doku|0 fnt\n|faint|p1a: Doku Doku\n|\n|-weather|Sandstorm|[upkeep]\n|-damage|p2a: Pinsir|40\/100|[from] Sandstorm\n|upkeep\n|\n|t:|1699644849\n|switch|p1a: Zoro|Excadrill, M, shiny|100\/100\n|-activate|p1a: Zoro|move: Sticky Web\n|-unboost|p1a: Zoro|spe|1\n|turn|9\n|\n|t:|1699644859\n|move|p1a: Zoro|Iron Head|p2a: Pinsir\n|-damage|p2a: Pinsir|0 fnt\n|faint|p2a: Pinsir\n|\n|-weather|Sandstorm|[upkeep]\n|upkeep\n|\n|t:|1699644867\n|switch|p2a: Volcarona|Volcarona, M|100\/100\n|turn|10\n|\n|t:|1699644874\n|switch|p1a: Pudding|Gastrodon, F|100\/100\n|-activate|p1a: Pudding|move: Sticky Web\n|-unboost|p1a: Pudding|spe|1\n|move|p2a: Volcarona|Fiery Dance|p1a: Pudding\n|-resisted|p1a: Pudding\n|-damage|p1a: Pudding|79\/100\n|-boost|p2a: Volcarona|spa|1\n|\n|-weather|Sandstorm|[upkeep]\n|-damage|p2a: Volcarona|94\/100|[from] Sandstorm\n|-heal|p1a: Pudding|85\/100|[from] item: Leftovers\n|upkeep\n|turn|11\n|\n|t:|1699644879\n|move|p2a: Volcarona|Psychic|p1a: Pudding\n|-damage|p1a: Pudding|36\/100\n|move|p1a: Pudding|Scald|p2a: Volcarona\n|-supereffective|p2a: Volcarona\n|-damage|p2a: Volcarona|40\/100\n|\n|-weather|none\n|-heal|p1a: Pudding|42\/100|[from] item: Leftovers\n|upkeep\n|turn|12\n|\n|t:|1699644888\n|move|p2a: Volcarona|Psychic|p1a: Pudding\n|-damage|p1a: Pudding|0 fnt\n|faint|p1a: Pudding\n|\n|upkeep\n|\n|t:|1699644890\n|switch|p1a: Whitebeard|Hippowdon, M|10\/100\n|-activate|p1a: Whitebeard|move: Sticky Web\n|-unboost|p1a: Whitebeard|spe|1\n|-weather|Sandstorm|[from] ability: Sand Stream|[of] p1a: Whitebeard\n|turn|13\n|\n|t:|1699644899\n|move|p2a: Volcarona|Fiery Dance|p1a: Whitebeard\n|-damage|p1a: Whitebeard|0 fnt\n|-boost|p2a: Volcarona|spa|1\n|faint|p1a: Whitebeard\n|\n|-weather|Sandstorm|[upkeep]\n|-damage|p2a: Volcarona|34\/100|[from] Sandstorm\n|upkeep\n|\n|t:|1699644902\n|switch|p1a: Zoro|Excadrill, M, shiny|100\/100\n|-activate|p1a: Zoro|move: Sticky Web\n|-unboost|p1a: Zoro|spe|1\n|turn|14\n|\n|t:|1699644910\n|-terastallize|p1a: Zoro|Ground\n|move|p1a: Zoro|Earthquake|p2a: Volcarona\n|-damage|p2a: Volcarona|0 fnt\n|faint|p2a: Volcarona\n|\n|-weather|Sandstorm|[upkeep]\n|upkeep\n|\n|t:|1699644924\n|switch|p2a: Galvantula|Galvantula, F|100\/100\n|turn|15\n|\n|t:|1699644930\n|move|p1a: Zoro|Earthquake|p2a: Galvantula\n|-damage|p2a: Galvantula|0 fnt\n|faint|p2a: Galvantula\n|\n|-weather|Sandstorm|[upkeep]\n|upkeep\n|\n|t:|1699644943\n|switch|p2a: Ribombee|Ribombee, F|94\/100\n|-damage|p2a: Ribombee|69\/100|[from] Stealth Rock\n|turn|16\n|\n|t:|1699644950\n|move|p1a: Zoro|Earthquake|p2a: Ribombee\n|-resisted|p2a: Ribombee\n|-damage|p2a: Ribombee|0 fnt\n|faint|p2a: Ribombee\n|\n|-weather|Sandstorm|[upkeep]\n|upkeep\n|\n|t:|1699644955\n|switch|p2a: Kleavor|Kleavor, F|100\/100\n|-damage|p2a: Kleavor|76\/100|[from] Stealth Rock\n|turn|17\n|\n|t:|1699644964\n|move|p2a: Kleavor|Stone Axe|p1a: Zoro\n|-resisted|p1a: Zoro\n|-damage|p1a: Zoro|64\/100\n|-sidestart|p1: scootdduck|move: Stealth Rock\n|move|p1a: Zoro|Earthquake|p2a: Kleavor\n|-damage|p2a: Kleavor|0 fnt\n|faint|p2a: Kleavor\n|\n|-weather|Sandstorm|[upkeep]\n|upkeep\n|\n|t:|1699644971\n|switch|p2a: Scizor|Scizor, M|100\/100\n|-damage|p2a: Scizor|88\/100|[from] Stealth Rock\n|turn|18\n|\n|t:|1699644974\n|move|p1a: Zoro|Earthquake|p2a: Scizor\n|-damage|p2a: Scizor|0 fnt\n|faint|p2a: Scizor\n|\n|win|scootdduck\n","uploadtime":1699644979,"views":13,"p1id":"scootdduck","p2id":"skye32","formatid":"gen9nationaldex","rating":0,"private":0,"password":""}