{"id":"gen9nationaldex-1993218136","p1":"aquaman terrestre","p2":"Z6ninmk","format":"[Gen 9] National Dex","log":"|j|\u2606aquaman terrestre\n|j|\u2606Z6ninmk\n|t:|1700279537\n|gametype|singles\n|player|p1|aquaman terrestre|eusine|1051\n|player|p2|Z6ninmk|101|1000\n|teamsize|p1|6\n|teamsize|p2|6\n|gen|9\n|tier|[Gen 9] National Dex\n|rated|\n|rule|HP Percentage Mod: HP is shown in percentages\n|rule|Endless Battle Clause: Forcing endless battles is banned\n|rule|OHKO Clause: OHKO moves are banned\n|rule|Evasion Clause: Evasion abilities, items, and moves are banned\n|rule|Evasion Abilities Clause: Evasion abilities are banned\n|rule|Evasion Items Clause: Evasion items are banned\n|rule|Evasion Moves Clause: Evasion moves are banned\n|rule|Species Clause: Limit one of each Pok\u00e9mon\n|rule|Sleep Clause Mod: Limit one foe put to sleep\n|clearpoke\n|poke|p1|Swampert, M|\n|poke|p1|Alakazam, M|\n|poke|p1|Mightyena, M|\n|poke|p1|Ninetales-Alola, F|\n|poke|p1|Dusclops, M|\n|poke|p1|Noivern, M|\n|poke|p2|Pelipper, F|\n|poke|p2|Samurott-Hisui, F|\n|poke|p2|Latios, M|\n|poke|p2|Zapdos|\n|poke|p2|Swampert, M|\n|poke|p2|Ferrothorn, F|\n|teampreview\n|inactive|Battle timer is ON: inactive players will automatically lose when time's up. (requested by aquaman terrestre)\n|\n|t:|1700279544\n|start\n|switch|p1a: Swampert|Swampert, M|100\/100\n|switch|p2a: Pelipper|Pelipper, F, shiny|100\/100\n|-weather|RainDance|[from] ability: Drizzle|[of] p2a: Pelipper\n|turn|1\n|inactive|aquaman terrestre has 120 seconds left.\n|inactive|Z6ninmk has 120 seconds left.\n|\n|t:|1700279579\n|detailschange|p1a: Swampert|Swampert-Mega, M\n|-mega|p1a: Swampert|Swampert|Swampertite\n|move|p1a: Swampert|Stealth Rock|p2a: Pelipper\n|-sidestart|p2: Z6ninmk|move: Stealth Rock\n|move|p2a: Pelipper|U-turn|p1a: Swampert\n|-damage|p1a: Swampert|91\/100\n|\n|t:|1700279592\n|switch|p2a: Ferrothorn|Ferrothorn, F|100\/100|[from] U-turn\n|-damage|p2a: Ferrothorn|94\/100|[from] Stealth Rock\n|\n|-weather|RainDance|[upkeep]\n|-heal|p2a: Ferrothorn|100\/100|[from] item: Leftovers\n|upkeep\n|turn|2\n|\n|t:|1700279604\n|switch|p1a: Dusclops|Dusclops, M|100\/100\n|-item|p2a: Ferrothorn|Leftovers|[from] ability: Frisk|[of] p1a: Dusclops|[identify]\n|move|p2a: Ferrothorn|Power Whip|p1a: Dusclops\n|-damage|p1a: Dusclops|74\/100\n|\n|-weather|RainDance|[upkeep]\n|upkeep\n|turn|3\n|\n|t:|1700279615\n|move|p2a: Ferrothorn|Spikes|p1a: Dusclops\n|-sidestart|p1: aquaman terrestre|Spikes\n|move|p1a: Dusclops|Will-O-Wisp|p2a: Ferrothorn\n|-status|p2a: Ferrothorn|brn\n|\n|-weather|RainDance|[upkeep]\n|-damage|p2a: Ferrothorn|94\/100 brn|[from] brn\n|upkeep\n|turn|4\n|\n|t:|1700279643\n|move|p2a: Ferrothorn|Leech Seed|p1a: Dusclops|[miss]\n|-miss|p2a: Ferrothorn|p1a: Dusclops\n|move|p1a: Dusclops|Hex|p2a: Ferrothorn\n|-damage|p2a: Ferrothorn|72\/100 brn\n|\n|-weather|RainDance|[upkeep]\n|-heal|p2a: Ferrothorn|78\/100 brn|[from] item: Leftovers\n|-damage|p2a: Ferrothorn|72\/100 brn|[from] brn\n|upkeep\n|turn|5\n|inactive|aquaman terrestre has 120 seconds left.\n|\n|t:|1700279674\n|switch|p1a: Alakazam|Alakazam, M|100\/100\n|move|p2a: Ferrothorn|Leech Seed|p1a: Alakazam\n|-start|p1a: Alakazam|move: Leech Seed\n|\n|-weather|RainDance|[upkeep]\n|-heal|p2a: Ferrothorn|78\/100 brn|[from] item: Leftovers\n|-damage|p2a: Ferrothorn|72\/100 brn|[from] brn\n|upkeep\n|turn|6\n|inactive|aquaman terrestre has 120 seconds left.\n|\n|t:|1700279687\n|move|p1a: Alakazam|Focus Blast|p2a: Ferrothorn\n|-supereffective|p2a: Ferrothorn\n|-damage|p2a: Ferrothorn|9\/100 brn\n|move|p2a: Ferrothorn|Power Whip|p1a: Alakazam|[miss]\n|-miss|p2a: Ferrothorn|p1a: Alakazam\n|\n|-weather|RainDance|[upkeep]\n|-heal|p2a: Ferrothorn|15\/100 brn|[from] item: Leftovers\n|-damage|p2a: Ferrothorn|9\/100 brn|[from] brn\n|upkeep\n|turn|7\n|inactive|aquaman terrestre has 120 seconds left.\n|inactive|Z6ninmk has 90 seconds left.\n|\n|t:|1700279703\n|move|p1a: Alakazam|Shadow Ball|p2a: Ferrothorn\n|-damage|p2a: Ferrothorn|0 fnt\n|faint|p2a: Ferrothorn\n|\n|-weather|RainDance|[upkeep]\n|upkeep\n|inactive|Z6ninmk has 90 seconds left.\n|\n|t:|1700279726\n|switch|p2a: Samurott|Samurott-Hisui, F|100\/100\n|-damage|p2a: Samurott|88\/100|[from] Stealth Rock\n|turn|8\n|\n|t:|1700279734\n|switch|p1a: Ninetales|Ninetales-Alola, F|100\/100\n|-damage|p1a: Ninetales|88\/100|[from] Spikes\n|-weather|Snow|[from] ability: Snow Warning|[of] p1a: Ninetales\n|move|p2a: Samurott|Dark Pulse|p1a: Ninetales\n|-resisted|p1a: Ninetales\n|-damage|p1a: Ninetales|71\/100\n|\n|-weather|Snow|[upkeep]\n|upkeep\n|turn|9\n|\n|t:|1700279750\n|switch|p2a: Pelipper|Pelipper, F, shiny|100\/100\n|-damage|p2a: Pelipper|76\/100|[from] Stealth Rock\n|-weather|RainDance|[from] ability: Drizzle|[of] p2a: Pelipper\n|move|p1a: Ninetales|Moonblast|p2a: Pelipper\n|-damage|p2a: Pelipper|24\/100\n|-unboost|p2a: Pelipper|spa|1\n|\n|-weather|RainDance|[upkeep]\n|upkeep\n|turn|10\n|\n|t:|1700279762\n|move|p1a: Ninetales|Moonblast|p2a: Pelipper\n|-damage|p2a: Pelipper|0 fnt\n|faint|p2a: Pelipper\n|\n|-weather|RainDance|[upkeep]\n|upkeep\n|inactive|Z6ninmk has 60 seconds left.\n|\n|t:|1700279790\n|switch|p2a: Swampert|Swampert, M|100\/100\n|-damage|p2a: Swampert|94\/100|[from] Stealth Rock\n|turn|11\n|inactive|Z6ninmk has 60 seconds left.\n|\n|t:|1700279799\n|switch|p1a: Noivern|Noivern, M|100\/100\n|-item|p2a: Swampert|Swampertite|[from] ability: Frisk|[of] p1a: Noivern|[identify]\n|move|p2a: Swampert|Waterfall|p1a: Noivern\n|-resisted|p1a: Noivern\n|-damage|p1a: Noivern|62\/100\n|\n|-weather|RainDance|[upkeep]\n|upkeep\n|turn|12\n|inactive|Z6ninmk has 60 seconds left.\n|\n|t:|1700279811\n|switch|p1a: Swampert|Swampert-Mega, M|91\/100\n|-damage|p1a: Swampert|79\/100|[from] Spikes\n|move|p2a: Swampert|Ice Punch|p1a: Swampert\n|-damage|p1a: Swampert|56\/100\n|\n|-weather|RainDance|[upkeep]\n|upkeep\n|turn|13\n|inactive|Z6ninmk has 60 seconds left.\n|\n|t:|1700279835\n|move|p1a: Swampert|Ice Punch|p2a: Swampert\n|-damage|p2a: Swampert|65\/100\n|move|p2a: Swampert|Flip Turn|p1a: Swampert\n|-damage|p1a: Swampert|20\/100\n|\n|t:|1700279844\n|switch|p2a: Samurott|Samurott-Hisui, F|88\/100|[from] Flip Turn\n|-damage|p2a: Samurott|76\/100|[from] Stealth Rock\n|\n|-weather|RainDance|[upkeep]\n|upkeep\n|turn|14\n|\n|t:|1700279873\n|move|p1a: Swampert|Waterfall|p2a: Samurott\n|-resisted|p2a: Samurott\n|-damage|p2a: Samurott|33\/100\n|move|p2a: Samurott|Aqua Cutter|p1a: Swampert\n|-damage|p1a: Swampert|0 fnt\n|faint|p1a: Swampert\n|\n|-weather|RainDance|[upkeep]\n|upkeep\n|\n|t:|1700279882\n|switch|p1a: Noivern|Noivern, M|62\/100\n|-item|p2a: Samurott|Choice Band|[from] ability: Frisk|[of] p1a: Noivern|[identify]\n|turn|15\n|inactive|Z6ninmk has 30 seconds left.\n|\n|t:|1700279911\n|move|p1a: Noivern|Air Slash|p2a: Samurott\n|-damage|p2a: Samurott|0 fnt\n|faint|p2a: Samurott\n|\n|-weather|RainDance|[upkeep]\n|upkeep\n|inactive|Z6ninmk has 30 seconds left this turn.\n|\n|t:|1700279919\n|switch|p2a: Swampert|Swampert, M|65\/100\n|-damage|p2a: Swampert|59\/100|[from] Stealth Rock\n|turn|16\n|inactive|Z6ninmk has 30 seconds left.\n|\n|t:|1700279943\n|switch|p1a: Ninetales|Ninetales-Alola, F|71\/100\n|-damage|p1a: Ninetales|59\/100|[from] Spikes\n|-weather|Snow|[from] ability: Snow Warning|[of] p1a: Ninetales\n|move|p2a: Swampert|Ice Punch|p1a: Ninetales\n|-resisted|p1a: Ninetales\n|-damage|p1a: Ninetales|45\/100\n|\n|-weather|Snow|[upkeep]\n|upkeep\n|turn|17\n|inactive|Z6ninmk has 30 seconds left.\n|inactive|aquaman terrestre has 120 seconds left.\n|\n|t:|1700279970\n|move|p1a: Ninetales|Aurora Veil|p1a: Ninetales\n|-sidestart|p1: aquaman terrestre|move: Aurora Veil\n|move|p2a: Swampert|Earthquake|p1a: Ninetales\n|-damage|p1a: Ninetales|20\/100\n|\n|-weather|Snow|[upkeep]\n|upkeep\n|turn|18\n|inactive|aquaman terrestre has 120 seconds left.\n|inactive|Z6ninmk has 30 seconds left.\n|inactive|Z6ninmk has 20 seconds left.\n|inactive|Z6ninmk has 15 seconds left.\n|inactive|Z6ninmk has 10 seconds left.\n|inactive|Z6ninmk has 5 seconds left.\n|c|\u2606aquaman terrestre|come on man\n|inactiveoff|Battle timer is now OFF.\n|\n|t:|1700280008\n|move|p1a: Ninetales|Blizzard|p2a: Swampert\n|-damage|p2a: Swampert|9\/100\n|move|p2a: Swampert|Earthquake|p1a: Ninetales\n|-damage|p1a: Ninetales|0 fnt\n|faint|p1a: Ninetales\n|\n|-weather|Snow|[upkeep]\n|upkeep\n|c|\u2606aquaman terrestre|dafuk\n|\n|t:|1700280017\n|switch|p1a: Noivern|Noivern, M|62\/100\n|-item|p2a: Swampert|Swampertite|[from] ability: Frisk|[of] p1a: Noivern|[identify]\n|turn|19\n|\n|t:|1700280023\n|move|p1a: Noivern|Air Slash|p2a: Swampert\n|-damage|p2a: Swampert|0 fnt\n|faint|p2a: Swampert\n|\n|-weather|Snow|[upkeep]\n|upkeep\n|\n|t:|1700280035\n|switch|p2a: Latios|Latios, M|100\/100\n|-damage|p2a: Latios|88\/100|[from] Stealth Rock\n|turn|20\n|\n|t:|1700280068\n|detailschange|p2a: Latios|Latios-Mega, M\n|-mega|p2a: Latios|Latios|Latiosite\n|move|p1a: Noivern|Draco Meteor|p2a: Latios\n|-supereffective|p2a: Latios\n|-damage|p2a: Latios|0 fnt\n|-unboost|p1a: Noivern|spa|2\n|faint|p2a: Latios\n|\n|-weather|none\n|upkeep\n|\n|t:|1700280078\n|switch|p2a: Zapdos|Zapdos|100\/100\n|turn|21\n|\n|t:|1700280126\n|switch|p1a: Dusclops|Dusclops, M|74\/100\n|-damage|p1a: Dusclops|62\/100|[from] Spikes\n|-item|p2a: Zapdos|Heavy-Duty Boots|[from] ability: Frisk|[of] p1a: Dusclops|[identify]\n|move|p2a: Zapdos|Thunder|p1a: Dusclops\n|-damage|p1a: Dusclops|50\/100\n|\n|upkeep\n|turn|22\n|\n|t:|1700280144\n|move|p2a: Zapdos|Hurricane|p1a: Dusclops\n|-damage|p1a: Dusclops|38\/100\n|move|p1a: Dusclops|Will-O-Wisp|p2a: Zapdos\n|-status|p2a: Zapdos|brn\n|\n|-damage|p2a: Zapdos|94\/100 brn|[from] brn\n|upkeep\n|turn|23\n|\n|t:|1700280157\n|move|p2a: Zapdos|Thunder|p1a: Dusclops\n|-damage|p1a: Dusclops|25\/100\n|move|p1a: Dusclops|Rest|p1a: Dusclops\n|-status|p1a: Dusclops|slp|[from] move: Rest\n|-heal|p1a: Dusclops|100\/100 slp|[silent]\n|\n|-damage|p2a: Zapdos|88\/100 brn|[from] brn\n|upkeep\n|turn|24\n|\n|t:|1700280190\n|move|p2a: Zapdos|Hurricane|p1a: Dusclops|[miss]\n|-miss|p2a: Zapdos|p1a: Dusclops\n|cant|p1a: Dusclops|slp\n|move|p1a: Dusclops|Sleep Talk|p1a: Dusclops\n|move|p1a: Dusclops|Will-O-Wisp|p2a: Zapdos|[from]move: Sleep Talk\n|-fail|p2a: Zapdos|brn\n|\n|-damage|p2a: Zapdos|82\/100 brn|[from] brn\n|-sideend|p1: aquaman terrestre|move: Aurora Veil\n|upkeep\n|turn|25\n|\n|t:|1700280225\n|move|p2a: Zapdos|Thunder|p1a: Dusclops\n|-damage|p1a: Dusclops|74\/100 slp\n|cant|p1a: Dusclops|slp\n|move|p1a: Dusclops|Sleep Talk|p1a: Dusclops\n|move|p1a: Dusclops|Rest||[from]move: Sleep Talk|[still]\n|-fail|p1a: Dusclops\n|\n|-damage|p2a: Zapdos|76\/100 brn|[from] brn\n|upkeep\n|turn|26\n|\n|t:|1700280243\n|move|p2a: Zapdos|Thunder|p1a: Dusclops|[miss]\n|-miss|p2a: Zapdos|p1a: Dusclops\n|-curestatus|p1a: Dusclops|slp|[msg]\n|move|p1a: Dusclops|Hex|p2a: Zapdos\n|-damage|p2a: Zapdos|47\/100 brn\n|\n|-damage|p2a: Zapdos|41\/100 brn|[from] brn\n|upkeep\n|turn|27\n|\n|t:|1700280283\n|move|p2a: Zapdos|Hurricane|p1a: Dusclops|[miss]\n|-miss|p2a: Zapdos|p1a: Dusclops\n|move|p1a: Dusclops|Hex|p2a: Zapdos\n|-damage|p2a: Zapdos|11\/100 brn\n|\n|-damage|p2a: Zapdos|5\/100 brn|[from] brn\n|upkeep\n|turn|28\n|inactive|Battle timer is ON: inactive players will automatically lose when time's up. (requested by aquaman terrestre)\n|inactive|Z6ninmk has 10 seconds left this turn.\n|\n|t:|1700280293\n|move|p2a: Zapdos|Roost|p2a: Zapdos\n|-heal|p2a: Zapdos|56\/100 brn\n|-singleturn|p2a: Zapdos|move: Roost\n|move|p1a: Dusclops|Hex|p2a: Zapdos\n|-damage|p2a: Zapdos|26\/100 brn\n|\n|-damage|p2a: Zapdos|20\/100 brn|[from] brn\n|upkeep\n|turn|29\n|inactive|Z6ninmk has 20 seconds left this turn.\n|inactive|Z6ninmk has 15 seconds left.\n|inactive|Z6ninmk has 10 seconds left.\n|\n|t:|1700280303\n|move|p2a: Zapdos|Thunder|p1a: Dusclops\n|-damage|p1a: Dusclops|50\/100\n|move|p1a: Dusclops|Hex|p2a: Zapdos\n|-damage|p2a: Zapdos|0 fnt\n|faint|p2a: Zapdos\n|\n|win|aquaman terrestre\n|inactive|Z6ninmk has 15 seconds left this turn.\n|raw|aquaman terrestre's rating: 1051 &rarr; <strong>1082<\/strong><br \/>(+31 for winning)\n|raw|Z6ninmk's rating: 1040 &rarr; <strong>1025<\/strong><br \/>(-15 for losing)\n|c|\u2606aquaman terrestre|gg\n","uploadtime":1700280314,"views":8,"p1id":"aquamanterrestre","p2id":"z6ninmk","formatid":"gen9nationaldex","rating":1025,"private":0,"password":""}