{"id":"gen9nationaldex-1994875172","p1":"MaxiBielo","p2":"ffff333","format":"[Gen 9] National Dex","log":"|html|<div class=\"broadcast-blue\"><strong>[Gen 9] National Dex is currently suspecting Sneasler! For information on how to participate check out the <a href=\"https:\/\/www.smogon.com\/forums\/threads\/sv-national-dex-suspect-8-just-dance.3731534\/\">suspect thread<\/a>.<\/strong><\/div>\n|j|\u2606MaxiBielo\n|j|\u2606ffff333\n|t:|1700500751\n|gametype|singles\n|player|p1|MaxiBielo|2|1008\n|player|p2|ffff333|2|1000\n|teamsize|p1|6\n|teamsize|p2|6\n|gen|9\n|tier|[Gen 9] National Dex\n|rated|\n|rule|HP Percentage Mod: HP is shown in percentages\n|rule|Endless Battle Clause: Forcing endless battles is banned\n|rule|OHKO Clause: OHKO moves are banned\n|rule|Evasion Clause: Evasion abilities, items, and moves are banned\n|rule|Evasion Abilities Clause: Evasion abilities are banned\n|rule|Evasion Items Clause: Evasion items are banned\n|rule|Evasion Moves Clause: Evasion moves are banned\n|rule|Species Clause: Limit one of each Pok\u00e9mon\n|rule|Sleep Clause Mod: Limit one foe put to sleep\n|clearpoke\n|poke|p1|Venusaur, F|\n|poke|p1|Ferrothorn, M|\n|poke|p1|Kartana|\n|poke|p1|Serperior, F|\n|poke|p1|Iron Leaves|\n|poke|p1|Zarude|\n|poke|p2|Greninja-*, M|\n|poke|p2|Lucario, F|\n|poke|p2|Charizard, M|\n|poke|p2|Zoroark-Hisui, F|\n|poke|p2|Ampharos, F|\n|poke|p2|Gardevoir, M|\n|teampreview\n|\n|t:|1700500779\n|start\n|switch|p1a: Serperior|Serperior, F|100\/100\n|switch|p2a: Charizard|Charizard, M|100\/100\n|turn|1\n|\n|t:|1700500789\n|move|p1a: Serperior|Hidden Power|p2a: Charizard\n|-supereffective|p2a: Charizard\n|-damage|p2a: Charizard|35\/100\n|move|p2a: Charizard|Fire Fang|p1a: Serperior\n|-supereffective|p1a: Serperior\n|-damage|p1a: Serperior|51\/100\n|\n|upkeep\n|turn|2\n|\n|t:|1700500804\n|detailschange|p2a: Charizard|Charizard-Mega-Y, M\n|-mega|p2a: Charizard|Charizard|Charizardite Y\n|-weather|SunnyDay|[from] ability: Drought|[of] p2a: Charizard\n|move|p1a: Serperior|Hidden Power|p2a: Charizard\n|-supereffective|p2a: Charizard\n|-damage|p2a: Charizard|0 fnt\n|faint|p2a: Charizard\n|\n|-weather|SunnyDay|[upkeep]\n|upkeep\n|\n|t:|1700500813\n|switch|p2a: Ampharos|Ampharos, F|100\/100\n|turn|3\n|\n|t:|1700500821\n|move|p1a: Serperior|Leech Seed|p2a: Ampharos\n|-start|p2a: Ampharos|move: Leech Seed\n|move|p2a: Ampharos|Discharge|p1a: Serperior\n|-resisted|p1a: Serperior\n|-damage|p1a: Serperior|35\/100\n|\n|-weather|SunnyDay|[upkeep]\n|-damage|p2a: Ampharos|88\/100|[from] Leech Seed|[of] p1a: Serperior\n|-heal|p1a: Serperior|49\/100|[silent]\n|upkeep\n|turn|4\n|\n|t:|1700500832\n|move|p1a: Serperior|Leaf Storm|p2a: Ampharos\n|-damage|p2a: Ampharos|32\/100\n|-boost|p1a: Serperior|spa|2\n|move|p2a: Ampharos|Thunderbolt|p1a: Serperior\n|-resisted|p1a: Serperior\n|-damage|p1a: Serperior|29\/100\n|\n|-weather|SunnyDay|[upkeep]\n|-damage|p2a: Ampharos|19\/100|[from] Leech Seed|[of] p1a: Serperior\n|-heal|p1a: Serperior|43\/100|[silent]\n|upkeep\n|turn|5\n|\n|t:|1700500844\n|move|p1a: Serperior|Leaf Storm|p2a: Ampharos\n|-damage|p2a: Ampharos|0 fnt\n|-boost|p1a: Serperior|spa|2\n|faint|p2a: Ampharos\n|\n|-weather|SunnyDay|[upkeep]\n|upkeep\n|\n|t:|1700500854\n|switch|p2a: Lucario|Lucario, F|100\/100\n|turn|6\n|\n|t:|1700500863\n|move|p1a: Serperior|Leech Seed|p2a: Lucario\n|-start|p2a: Lucario|move: Leech Seed\n|move|p2a: Lucario|Aura Sphere|p1a: Serperior\n|-damage|p1a: Serperior|9\/100\n|\n|-weather|none\n|-damage|p2a: Lucario|88\/100|[from] Leech Seed|[of] p1a: Serperior\n|-heal|p1a: Serperior|22\/100|[silent]\n|upkeep\n|turn|7\n|\n|t:|1700500875\n|move|p1a: Serperior|Leaf Storm|p2a: Lucario\n|-resisted|p2a: Lucario\n|-damage|p2a: Lucario|0 fnt\n|-boost|p1a: Serperior|spa|2\n|faint|p2a: Lucario\n|\n|upkeep\n|\n|t:|1700500884\n|switch|p2a: Gardevoir|Gardevoir, M|100\/100\n|turn|8\n|\n|t:|1700500890\n|move|p1a: Serperior|Leaf Storm|p2a: Gardevoir\n|-damage|p2a: Gardevoir|0 fnt\n|faint|p2a: Gardevoir\n|\n|upkeep\n|\n|t:|1700500895\n|switch|p2a: Greninja|Greninja, M|100\/100\n|turn|9\n|\n|t:|1700500902\n|move|p1a: Serperior|Leech Seed|p2a: Greninja|[miss]\n|-miss|p1a: Serperior|p2a: Greninja\n|move|p2a: Greninja|Night Shade|p1a: Serperior\n|-damage|p1a: Serperior|0 fnt\n|faint|p1a: Serperior\n|\n|upkeep\n|\n|t:|1700500912\n|switch|p1a: Venusaur|Venusaur, F|100\/100\n|turn|10\n|\n|t:|1700500917\n|detailschange|p1a: Venusaur|Venusaur-Mega, F\n|-mega|p1a: Venusaur|Venusaur|Venusaurite\n|move|p1a: Venusaur|Bide|p1a: Venusaur\n|-start|p1a: Venusaur|move: Bide\n|move|p2a: Greninja|Dark Pulse|p1a: Venusaur\n|-damage|p1a: Venusaur|77\/100\n|\n|upkeep\n|turn|11\n|\n|t:|1700500927\n|-activate|p1a: Venusaur|move: Bide\n|move|p2a: Greninja|Night Shade|p1a: Venusaur\n|-damage|p1a: Venusaur|44\/100\n|\n|upkeep\n|turn|12\n|\n|t:|1700500935\n|-end|p1a: Venusaur|move: Bide\n|-immune|p2a: Greninja\n|-fail|p1a: Venusaur\n|-end|p1a: Venusaur|move: Bide|[silent]\n|move|p2a: Greninja|Bitter Malice|p1a: Venusaur\n|-damage|p1a: Venusaur|12\/100\n|-unboost|p1a: Venusaur|atk|1\n|\n|upkeep\n|turn|13\n|\n|t:|1700500946\n|move|p2a: Greninja|Bitter Malice|p1a: Venusaur\n|-damage|p1a: Venusaur|0 fnt\n|faint|p1a: Venusaur\n|\n|upkeep\n|\n|t:|1700500952\n|switch|p1a: Ferrothorn|Ferrothorn, M|100\/100\n|turn|14\n|\n|t:|1700500956\n|move|p2a: Greninja|Bitter Malice|p1a: Ferrothorn\n|-damage|p1a: Ferrothorn|70\/100\n|-unboost|p1a: Ferrothorn|atk|1\n|move|p1a: Ferrothorn|Leech Seed|p2a: Greninja\n|-start|p2a: Greninja|move: Leech Seed\n|\n|-damage|p2a: Greninja|88\/100|[from] Leech Seed|[of] p1a: Ferrothorn\n|-heal|p1a: Ferrothorn|81\/100|[silent]\n|upkeep\n|turn|15\n|\n|t:|1700500969\n|move|p1a: Ferrothorn|Protect|p1a: Ferrothorn\n|-singleturn|p1a: Ferrothorn|Protect\n|move|p2a: Greninja|Bitter Malice|p1a: Ferrothorn\n|-activate|p1a: Ferrothorn|move: Protect\n|\n|-damage|p2a: Greninja|76\/100|[from] Leech Seed|[of] p1a: Ferrothorn\n|-heal|p1a: Ferrothorn|92\/100|[silent]\n|upkeep\n|turn|16\n|\n|t:|1700500981\n|move|p2a: Greninja|Night Shade|p1a: Ferrothorn\n|-damage|p1a: Ferrothorn|58\/100\n|move|p1a: Ferrothorn|Gyro Ball|p2a: Greninja\n|-damage|p2a: Greninja|16\/100\n|replace|p2a: Zoroark|Zoroark-Hisui, F\n|-end|p2a: Zoroark|Illusion\n|\n|-damage|p2a: Zoroark|4\/100|[from] Leech Seed|[of] p1a: Ferrothorn\n|-heal|p1a: Ferrothorn|69\/100|[silent]\n|upkeep\n|turn|17\n|\n|t:|1700500990\n|move|p1a: Ferrothorn|Protect|p1a: Ferrothorn\n|-singleturn|p1a: Ferrothorn|Protect\n|move|p2a: Zoroark|Night Shade|p1a: Ferrothorn\n|-activate|p1a: Ferrothorn|move: Protect\n|\n|-damage|p2a: Zoroark|0 fnt|[from] Leech Seed|[of] p1a: Ferrothorn\n|-heal|p1a: Ferrothorn|72\/100|[silent]\n|faint|p2a: Zoroark\n|upkeep\n|\n|t:|1700501006\n|switch|p2a: Greninja|Greninja, M|100\/100\n|turn|18\n|\n|t:|1700501012\n|move|p2a: Greninja|Water Shuriken|p1a: Ferrothorn\n|-resisted|p1a: Ferrothorn\n|-damage|p1a: Ferrothorn|68\/100\n|-resisted|p1a: Ferrothorn\n|-damage|p1a: Ferrothorn|66\/100\n|-hitcount|p1a: Ferrothorn|2\n|move|p1a: Ferrothorn|Leech Seed|p2a: Greninja\n|-start|p2a: Greninja|move: Leech Seed\n|\n|-damage|p2a: Greninja|88\/100|[from] Leech Seed|[of] p1a: Ferrothorn\n|-heal|p1a: Ferrothorn|78\/100|[silent]\n|upkeep\n|turn|19\n|\n|t:|1700501027\n|move|p1a: Ferrothorn|Protect|p1a: Ferrothorn\n|-singleturn|p1a: Ferrothorn|Protect\n|move|p2a: Greninja|Extrasensory|p1a: Ferrothorn\n|-activate|p1a: Ferrothorn|move: Protect\n|\n|-damage|p2a: Greninja|76\/100|[from] Leech Seed|[of] p1a: Ferrothorn\n|-heal|p1a: Ferrothorn|91\/100|[silent]\n|upkeep\n|turn|20\n|\n|t:|1700501044\n|move|p2a: Greninja|Extrasensory|p1a: Ferrothorn\n|-resisted|p1a: Ferrothorn\n|-damage|p1a: Ferrothorn|84\/100\n|move|p1a: Ferrothorn|Gyro Ball|p2a: Greninja\n|-resisted|p2a: Greninja\n|-damage|p2a: Greninja|52\/100\n|\n|-damage|p2a: Greninja|40\/100|[from] Leech Seed|[of] p1a: Ferrothorn\n|-heal|p1a: Ferrothorn|96\/100|[silent]\n|upkeep\n|turn|21\n|\n|t:|1700501055\n|move|p2a: Greninja|Blizzard|p1a: Ferrothorn|[miss]\n|-miss|p2a: Greninja|p1a: Ferrothorn\n|move|p1a: Ferrothorn|Gyro Ball|p2a: Greninja\n|-resisted|p2a: Greninja\n|-crit|p2a: Greninja\n|-damage|p2a: Greninja|0 fnt\n|faint|p2a: Greninja\n|\n|win|MaxiBielo\n|raw|MaxiBielo's rating: 1008 &rarr; <strong>1046<\/strong><br \/>(+38 for winning)\n|raw|ffff333's rating: 1000 &rarr; <strong>1000<\/strong><br \/>(+0 for losing)\n|l|\u2606ffff333\n","uploadtime":1700501086,"views":11,"p1id":"maxibielo","p2id":"ffff333","formatid":"gen9nationaldex","rating":1000,"private":0,"password":""}