{"id":"gen9nationaldex-2000152697","p1":"11121dxc","p2":"koyi1992","format":"[Gen 9] National Dex","log":"|html|<div class=\"broadcast-blue\"><strong>[Gen 9] National Dex is currently suspecting Sneasler! For information on how to participate check out the <a href=\"https:\/\/www.smogon.com\/forums\/threads\/sv-national-dex-suspect-8-just-dance.3731534\/\">suspect thread<\/a>.<\/strong><\/div>\n|j|\u260611121dxc\n|j|\u2606koyi1992\n|t:|1701163944\n|gametype|singles\n|player|p1|11121dxc|170|1438\n|player|p2|koyi1992|1|1489\n|teamsize|p1|6\n|teamsize|p2|6\n|gen|9\n|tier|[Gen 9] National Dex\n|rated|\n|rule|HP Percentage Mod: HP is shown in percentages\n|rule|Endless Battle Clause: Forcing endless battles is banned\n|rule|OHKO Clause: OHKO moves are banned\n|rule|Evasion Clause: Evasion abilities, items, and moves are banned\n|rule|Evasion Abilities Clause: Evasion abilities are banned\n|rule|Evasion Items Clause: Evasion items are banned\n|rule|Evasion Moves Clause: Evasion moves are banned\n|rule|Species Clause: Limit one of each Pok\u00e9mon\n|rule|Sleep Clause Mod: Limit one foe put to sleep\n|clearpoke\n|poke|p1|Rillaboom, F|\n|poke|p1|Heatran, M|\n|poke|p1|Urshifu-*, F|\n|poke|p1|Slowking-Galar, F|\n|poke|p1|Thundurus-Therian, M|\n|poke|p1|Weezing-Galar, M|\n|poke|p2|Indeedee, M|\n|poke|p2|Hatterene, F|\n|poke|p2|Galvantula, F|\n|poke|p2|Empoleon, F|\n|poke|p2|Sneasler, M|\n|poke|p2|Banette, F|\n|teampreview\n|inactive|Battle timer is ON: inactive players will automatically lose when time's up. (requested by koyi1992)\n|\n|t:|1701163959\n|start\n|switch|p1a: Heatran|Heatran, M|100\/100\n|switch|p2a: Galvantula|Galvantula, F|100\/100\n|turn|1\n|\n|t:|1701163963\n|move|p2a: Galvantula|Sticky Web|p1a: Heatran\n|-sidestart|p1: 11121dxc|move: Sticky Web\n|move|p1a: Heatran|Magma Storm|p2a: Galvantula\n|-supereffective|p2a: Galvantula\n|-enditem|p2a: Galvantula|Focus Sash\n|-damage|p2a: Galvantula|1\/100\n|-activate|p2a: Galvantula|move: Magma Storm|[of] p1a: Heatran\n|\n|-damage|p2a: Galvantula|0 fnt|[from] move: Magma Storm|[partiallytrapped]\n|faint|p2a: Galvantula\n|upkeep\n|\n|t:|1701163974\n|switch|p2a: Sneasler|Sneasler, M|100\/100\n|turn|2\n|\n|t:|1701163986\n|-terastallize|p1a: Heatran|Dragon\n|move|p2a: Sneasler|Swords Dance|p2a: Sneasler\n|-boost|p2a: Sneasler|atk|2\n|move|p1a: Heatran|Magma Storm|p2a: Sneasler\n|-damage|p2a: Sneasler|39\/100\n|-activate|p2a: Sneasler|move: Magma Storm|[of] p1a: Heatran\n|\n|-damage|p2a: Sneasler|27\/100|[from] move: Magma Storm|[partiallytrapped]\n|upkeep\n|turn|3\n|\n|t:|1701164005\n|switch|p1a: Slowking|Slowking-Galar, F|100\/100\n|move|p2a: Sneasler|Close Combat|p1a: Slowking\n|-resisted|p1a: Slowking\n|-damage|p1a: Slowking|77\/100\n|-unboost|p2a: Sneasler|def|1\n|-unboost|p2a: Sneasler|spd|1\n|\n|-end|p2a: Sneasler|Magma Storm|[partiallytrapped]|[silent]\n|upkeep\n|turn|4\n|\n|t:|1701164013\n|switch|p2a: Hatterene|Hatterene, F|100\/100\n|move|p1a: Slowking|Chilly Reception|p1a: Slowking\n|-weather|Snow\n|\n|t:|1701164018\n|switch|p1a: Weezing|Weezing-Galar, M|100\/100|[from] Chilly Reception\n|-ability|p1a: Weezing|Neutralizing Gas\n|-activate|p1a: Weezing|move: Sticky Web\n|-unboost|p1a: Weezing|spe|1\n|\n|-weather|Snow|[upkeep]\n|upkeep\n|turn|5\n|\n|t:|1701164026\n|move|p2a: Hatterene|Psyshock|p1a: Weezing\n|-supereffective|p1a: Weezing\n|-damage|p1a: Weezing|54\/100\n|move|p1a: Weezing|Toxic Spikes|p2a: Hatterene\n|-sidestart|p2: koyi1992|move: Toxic Spikes\n|\n|-weather|Snow|[upkeep]\n|-heal|p1a: Weezing|60\/100|[from] item: Leftovers\n|upkeep\n|turn|6\n|\n|t:|1701164054\n|-end|p1a: Weezing|ability: Neutralizing Gas\n|switch|p1a: Heatran|Heatran, M, tera:Dragon|100\/100\n|-activate|p1a: Heatran|move: Sticky Web\n|-unboost|p1a: Heatran|spe|1\n|move|p2a: Hatterene|Psyshock|p1a: Heatran\n|-damage|p1a: Heatran|68\/100\n|\n|-weather|Snow|[upkeep]\n|-heal|p1a: Heatran|74\/100|[from] item: Leftovers\n|upkeep\n|turn|7\n|\n|t:|1701164063\n|switch|p1a: Slowking|Slowking-Galar, F|100\/100\n|switch|p2a: Sneasler|Sneasler, M|27\/100\n|-sideend|p2: koyi1992|move: Toxic Spikes|[of] p2a: Sneasler\n|\n|-weather|Snow|[upkeep]\n|upkeep\n|turn|8\n|\n|t:|1701164071\n|switch|p2a: \u771f\u8776\u8776|Indeedee, M|100\/100\n|-fieldstart|move: Psychic Terrain|[from] ability: Psychic Surge|[of] p2a: \u771f\u8776\u8776\n|move|p1a: Slowking|Future Sight|p2a: \u771f\u8776\u8776\n|-start|p1a: Slowking|move: Future Sight\n|\n|-weather|none\n|upkeep\n|turn|9\n|\n|t:|1701164079\n|-terastallize|p2a: \u771f\u8776\u8776|Psychic\n|move|p2a: \u771f\u8776\u8776|Expanding Force|p1a: Slowking\n|-damage|p1a: Slowking|5\/100\n|move|p1a: Slowking|Chilly Reception|p1a: Slowking\n|-weather|Snow\n|\n|t:|1701164088\n|switch|p1a: Rillaboom|Rillaboom, F|100\/100|[from] Chilly Reception\n|-activate|p1a: Rillaboom|move: Sticky Web\n|-unboost|p1a: Rillaboom|spe|1\n|-fieldstart|move: Grassy Terrain|[from] ability: Grassy Surge|[of] p1a: Rillaboom\n|\n|-weather|Snow|[upkeep]\n|upkeep\n|turn|10\n|\n|t:|1701164096\n|switch|p2a: Hatterene|Hatterene, F|100\/100\n|move|p1a: Rillaboom|U-turn|p2a: Hatterene\n|-damage|p2a: Hatterene|70\/100\n|-enditem|p2a: Hatterene|Eject Button\n|\n|t:|1701164104\n|switch|p2a: \u771f\u8776\u8776|Indeedee, M, tera:Psychic|100\/100\n|-fieldstart|move: Psychic Terrain|[from] ability: Psychic Surge|[of] p2a: \u771f\u8776\u8776\n|\n|-weather|Snow|[upkeep]\n|-end|p2a: \u771f\u8776\u8776|move: Future Sight\n|-resisted|p2a: \u771f\u8776\u8776\n|-damage|p2a: \u771f\u8776\u8776|59\/100\n|upkeep\n|turn|11\n|\n|t:|1701164121\n|move|p2a: \u771f\u8776\u8776|Expanding Force|p1a: Rillaboom\n|-crit|p1a: Rillaboom\n|-damage|p1a: Rillaboom|0 fnt\n|faint|p1a: Rillaboom\n|\n|-weather|Snow|[upkeep]\n|upkeep\n|\n|t:|1701164124\n|switch|p1a: Thundurus|Thundurus-Therian, M|100\/100\n|turn|12\n|\n|t:|1701164137\n|switch|p2a: Hatterene|Hatterene, F|70\/100\n|move|p1a: Thundurus|Thunderbolt|p2a: Hatterene\n|-damage|p2a: Hatterene|19\/100\n|\n|-weather|Snow|[upkeep]\n|upkeep\n|turn|13\n|\n|t:|1701164145\n|move|p1a: Thundurus|Thunderbolt|p2a: Hatterene\n|-crit|p2a: Hatterene\n|-damage|p2a: Hatterene|0 fnt\n|faint|p2a: Hatterene\n|\n|-weather|none\n|upkeep\n|\n|t:|1701164161\n|switch|p2a: Sneasler|Sneasler, M|27\/100\n|-enditem|p2a: Sneasler|Psychic Seed\n|-boost|p2a: Sneasler|spd|1|[from] item: Psychic Seed\n|turn|14\n|\n|t:|1701164168\n|move|p2a: Sneasler|Dire Claw|p1a: Thundurus\n|-damage|p1a: Thundurus|41\/100\n|-status|p1a: Thundurus|slp\n|cant|p1a: Thundurus|slp\n|\n|-fieldend|move: Psychic Terrain\n|upkeep\n|turn|15\n|c|\u260611121dxc|\u554a\uff1f\n|\n|t:|1701164180\n|move|p2a: Sneasler|Dire Claw|p1a: Thundurus\n|-damage|p1a: Thundurus|0 fnt\n|faint|p1a: Thundurus\n|\n|upkeep\n|\n|t:|1701164182\n|switch|p1a: Urshifu|Urshifu-Rapid-Strike, F|100\/100\n|-activate|p1a: Urshifu|move: Sticky Web\n|-unboost|p1a: Urshifu|spe|1\n|turn|16\n|c|\u2606koyi1992|\u6211\u53ea\u60f3\u9ebb\u75f9\u7684\u3002\u3002\u3002\n|\n|t:|1701164192\n|move|p2a: Sneasler|Acrobatics|p1a: Urshifu\n|-supereffective|p1a: Urshifu\n|-damage|p1a: Urshifu|22\/100\n|move|p1a: Urshifu|Surging Strikes|p2a: Sneasler\n|-crit|p2a: Sneasler\n|-damage|p2a: Sneasler|0 fnt\n|faint|p2a: Sneasler\n|-hitcount|p2: Sneasler|1\n|\n|upkeep\n|\n|t:|1701164200\n|switch|p2a: \u6562\u9664\u96fe\u5417|Empoleon, F|100\/100\n|turn|17\n|\n|t:|1701164205\n|switch|p1a: Heatran|Heatran, M, tera:Dragon|74\/100\n|-activate|p1a: Heatran|move: Sticky Web\n|-unboost|p1a: Heatran|spe|1\n|move|p2a: \u6562\u9664\u96fe\u5417|Stealth Rock|p1a: Heatran\n|-sidestart|p1: 11121dxc|move: Stealth Rock\n|\n|-heal|p1a: Heatran|80\/100|[from] item: Leftovers\n|upkeep\n|turn|18\n|\n|t:|1701164215\n|move|p2a: \u6562\u9664\u96fe\u5417|Knock Off|p1a: Heatran\n|-damage|p1a: Heatran|63\/100\n|-enditem|p1a: Heatran|Leftovers|[from] move: Knock Off|[of] p2a: \u6562\u9664\u96fe\u5417\n|move|p1a: Heatran|Magma Storm|p2a: \u6562\u9664\u96fe\u5417\n|-damage|p2a: \u6562\u9664\u96fe\u5417|66\/100\n|-activate|p2a: \u6562\u9664\u96fe\u5417|move: Magma Storm|[of] p1a: Heatran\n|\n|-damage|p2a: \u6562\u9664\u96fe\u5417|53\/100|[from] move: Magma Storm|[partiallytrapped]\n|upkeep\n|turn|19\n|\n|t:|1701164222\n|move|p2a: \u6562\u9664\u96fe\u5417|Roost|p2a: \u6562\u9664\u96fe\u5417\n|-heal|p2a: \u6562\u9664\u96fe\u5417|100\/100\n|-singleturn|p2a: \u6562\u9664\u96fe\u5417|move: Roost\n|move|p1a: Heatran|Taunt|p2a: \u6562\u9664\u96fe\u5417\n|-start|p2a: \u6562\u9664\u96fe\u5417|move: Taunt\n|\n|-damage|p2a: \u6562\u9664\u96fe\u5417|88\/100|[from] move: Magma Storm|[partiallytrapped]\n|upkeep\n|turn|20\n|\n|t:|1701164224\n|move|p2a: \u6562\u9664\u96fe\u5417|Scald|p1a: Heatran\n|-resisted|p1a: Heatran\n|-damage|p1a: Heatran|53\/100\n|-status|p1a: Heatran|brn\n|move|p1a: Heatran|Stealth Rock|p2a: \u6562\u9664\u96fe\u5417\n|-sidestart|p2: koyi1992|move: Stealth Rock\n|\n|-damage|p1a: Heatran|47\/100 brn|[from] brn\n|-damage|p2a: \u6562\u9664\u96fe\u5417|76\/100|[from] move: Magma Storm|[partiallytrapped]\n|upkeep\n|turn|21\n|\n|t:|1701164231\n|move|p2a: \u6562\u9664\u96fe\u5417|Scald|p1a: Heatran\n|-resisted|p1a: Heatran\n|-damage|p1a: Heatran|38\/100 brn\n|move|p1a: Heatran|Magma Storm|p2a: \u6562\u9664\u96fe\u5417\n|-damage|p2a: \u6562\u9664\u96fe\u5417|45\/100\n|\n|-damage|p1a: Heatran|31\/100 brn|[from] brn\n|-damage|p2a: \u6562\u9664\u96fe\u5417|33\/100|[from] move: Magma Storm|[partiallytrapped]\n|upkeep\n|turn|22\n|\n|t:|1701164238\n|move|p2a: \u6562\u9664\u96fe\u5417|Scald|p1a: Heatran\n|-resisted|p1a: Heatran\n|-damage|p1a: Heatran|23\/100 brn\n|move|p1a: Heatran|Magma Storm|p2a: \u6562\u9664\u96fe\u5417\n|-crit|p2a: \u6562\u9664\u96fe\u5417\n|-damage|p2a: \u6562\u9664\u96fe\u5417|0 fnt\n|faint|p2a: \u6562\u9664\u96fe\u5417\n|\n|-damage|p1a: Heatran|16\/100 brn|[from] brn\n|upkeep\n|\n|t:|1701164243\n|switch|p2a: \u771f\u8776\u8776|Indeedee, M, tera:Psychic|59\/100\n|-damage|p2a: \u771f\u8776\u8776|47\/100|[from] Stealth Rock\n|-fieldstart|move: Psychic Terrain|[from] ability: Psychic Surge|[of] p2a: \u771f\u8776\u8776\n|turn|23\n|\n|t:|1701164252\n|move|p2a: \u771f\u8776\u8776|Expanding Force|p1a: Heatran\n|-damage|p1a: Heatran|0 fnt\n|faint|p1a: Heatran\n|\n|upkeep\n|\n|t:|1701164259\n|switch|p1a: Weezing|Weezing-Galar, M|60\/100\n|-ability|p1a: Weezing|Neutralizing Gas\n|-activate|p1a: Weezing|move: Sticky Web\n|-unboost|p1a: Weezing|spe|1\n|-damage|p1a: Weezing|47\/100|[from] Stealth Rock\n|turn|24\n|\n|t:|1701164263\n|move|p2a: \u771f\u8776\u8776|Expanding Force|p1a: Weezing\n|-supereffective|p1a: Weezing\n|-crit|p1a: Weezing\n|-damage|p1a: Weezing|0 fnt\n|faint|p1a: Weezing\n|-end|p1a: Weezing|ability: Neutralizing Gas\n|\n|upkeep\n|c|\u2606koyi1992|\u56f4\u5dfe\u718a\u5417\uff1f\n|c|\u260611121dxc|ggwp\n|c|\u260611121dxc|\u5934\u6234\n|c|\u2606koyi1992|\u90a3\u6211\u8d62\u4e86\n|c|\u2606koyi1992|gg\n|-message|11121dxc forfeited.\n|\n|win|koyi1992\n|raw|11121dxc's rating: 1453 &rarr; <strong>1435<\/strong><br \/>(-18 for losing)\n|raw|koyi1992's rating: 1489 &rarr; <strong>1507<\/strong><br \/>(+18 for winning)\n|l|\u260611121dxc\n","uploadtime":1701164292,"views":1,"p1id":"11121dxc","p2id":"koyi1992","formatid":"gen9nationaldex","rating":1435,"private":0,"password":""}