{"id":"gen9nationaldex-1988146980","p1":"Serena1111TestTeam","p2":"JakingDaking2007","format":"[Gen 9] National Dex","log":"|j|\u2606Serena1111TestTeam\n|j|\u2606JakingDaking2007\n|t:|1699675542\n|gametype|singles\n|player|p1|Serena1111TestTeam|serena|1108\n|player|p2|JakingDaking2007|1|1214\n|teamsize|p1|6\n|teamsize|p2|6\n|gen|9\n|tier|[Gen 9] National Dex\n|rated|\n|rule|HP Percentage Mod: HP is shown in percentages\n|rule|Endless Battle Clause: Forcing endless battles is banned\n|rule|OHKO Clause: OHKO moves are banned\n|rule|Evasion Clause: Evasion abilities, items, and moves are banned\n|rule|Evasion Abilities Clause: Evasion abilities are banned\n|rule|Evasion Items Clause: Evasion items are banned\n|rule|Evasion Moves Clause: Evasion moves are banned\n|rule|Species Clause: Limit one of each Pok\u00e9mon\n|rule|Sleep Clause Mod: Limit one foe put to sleep\n|clearpoke\n|poke|p1|Weavile, F|\n|poke|p1|Kartana|\n|poke|p1|Rampardos, M|\n|poke|p1|Hoopa-Unbound|\n|poke|p1|Slaking, F|\n|poke|p1|Regigigas|\n|poke|p2|Weavile, M|\n|poke|p2|Kartana|\n|poke|p2|Rampardos, M|\n|poke|p2|Hoopa-Unbound|\n|poke|p2|Slaking, F|\n|poke|p2|Regigigas|\n|teampreview\n|inactive|Battle timer is ON: inactive players will automatically lose when time's up. (requested by Serena1111TestTeam)\n|c|\u2606JakingDaking2007|OMG\n|c|\u2606JakingDaking2007|YOU THIEF\n|\n|t:|1699675569\n|start\n|switch|p1a: Weavile|Weavile, F|100\/100\n|switch|p2a: Weavile|Weavile, M|100\/100\n|-ability|p1a: Weavile|Pressure\n|turn|1\n|\n|t:|1699675572\n|-terastallize|p2a: Weavile|Dark\n|move|p1a: Weavile|Low Kick|p2a: Weavile\n|-supereffective|p2a: Weavile\n|-damage|p2a: Weavile|0 fnt\n|faint|p2a: Weavile\n|\n|upkeep\n|c|\u2606Serena1111TestTeam|hh\n|\n|t:|1699675580\n|switch|p2a: Hoopa|Hoopa-Unbound|100\/100\n|turn|2\n|\n|t:|1699675587\n|move|p1a: Weavile|Low Kick|p2a: Hoopa\n|-damage|p2a: Hoopa|20\/100\n|move|p2a: Hoopa|Drain Punch|p1a: Weavile\n|-supereffective|p1a: Weavile\n|-damage|p1a: Weavile|0 fnt\n|-heal|p2a: Hoopa|59\/100|[from] drain|[of] p1a: Weavile\n|faint|p1a: Weavile\n|\n|upkeep\n|\n|t:|1699675607\n|switch|p1a: Hoopa|Hoopa-Unbound|100\/100\n|turn|3\n|\n|t:|1699675616\n|move|p1a: Hoopa|Dark Pulse|p2a: Hoopa\n|-damage|p2a: Hoopa|31\/100\n|move|p2a: Hoopa|Knock Off|p1a: Hoopa\n|-damage|p1a: Hoopa|0 fnt\n|-enditem|p1a: Hoopa|Leftovers|[from] move: Knock Off|[of] p2a: Hoopa\n|faint|p1a: Hoopa\n|\n|upkeep\n|\n|t:|1699675632\n|switch|p1a: Kartana|Kartana|100\/100\n|turn|4\n|\n|t:|1699675639\n|move|p1a: Kartana|Leaf Blade|p2a: Hoopa\n|-damage|p2a: Hoopa|0 fnt\n|faint|p2a: Hoopa\n|-ability|p1a: Kartana|Beast Boost|boost\n|-boost|p1a: Kartana|atk|1\n|\n|upkeep\n|\n|t:|1699675643\n|switch|p2a: Kartana|Kartana|100\/100\n|turn|5\n|\n|t:|1699675647\n|move|p2a: Kartana|Sacred Sword|p1a: Kartana\n|-supereffective|p1a: Kartana\n|-damage|p1a: Kartana|2\/100\n|-zpower|p1a: Kartana\n|move|p1a: Kartana|Z-Tailwind|p1a: Kartana|[anim]Tailwind\n|-start|p1a: Kartana|move: Focus Energy|[zeffect]\n|-sidestart|p1: Serena1111TestTeam|move: Tailwind\n|\n|upkeep\n|turn|6\n|\n|t:|1699675659\n|switch|p2a: Regigigas|Regigigas|100\/100\n|-start|p2a: Regigigas|ability: Slow Start\n|move|p1a: Kartana|Psycho Cut|p2a: Regigigas\n|-crit|p2a: Regigigas\n|-damage|p2a: Regigigas|49\/100\n|\n|upkeep\n|turn|7\n|\n|t:|1699675667\n|move|p1a: Kartana|Psycho Cut|p2a: Regigigas\n|-crit|p2a: Regigigas\n|-damage|p2a: Regigigas|0 fnt\n|faint|p2a: Regigigas\n|-end|p2a: Regigigas|Slow Start|[silent]\n|-ability|p1a: Kartana|Beast Boost|boost\n|-boost|p1a: Kartana|atk|1\n|\n|upkeep\n|\n|t:|1699675672\n|switch|p2a: Rampardos|Rampardos, M|100\/100\n|turn|8\n|\n|t:|1699675677\n|move|p1a: Kartana|Leaf Blade|p2a: Rampardos\n|-supereffective|p2a: Rampardos\n|-crit|p2a: Rampardos\n|-damage|p2a: Rampardos|0 fnt\n|faint|p2a: Rampardos\n|-ability|p1a: Kartana|Beast Boost|boost\n|-boost|p1a: Kartana|atk|1\n|\n|-sideend|p1: Serena1111TestTeam|move: Tailwind\n|upkeep\n|\n|t:|1699675680\n|switch|p2a: Kartana|Kartana|100\/100\n|turn|9\n|\n|t:|1699675686\n|move|p2a: Kartana|Sacred Sword|p1a: Kartana\n|-supereffective|p1a: Kartana\n|-damage|p1a: Kartana|0 fnt\n|faint|p1a: Kartana\n|-ability|p2a: Kartana|Beast Boost|boost\n|-boost|p2a: Kartana|atk|1\n|\n|upkeep\n|\n|t:|1699675713\n|switch|p1a: Slaking|Slaking, F|100\/100\n|turn|10\n|\n|t:|1699675715\n|move|p2a: Kartana|Sacred Sword|p1a: Slaking\n|-supereffective|p1a: Slaking\n|-damage|p1a: Slaking|14\/100\n|move|p1a: Slaking|Drain Punch|p2a: Kartana\n|-supereffective|p2a: Kartana\n|-damage|p2a: Kartana|27\/100\n|-heal|p1a: Slaking|33\/100|[from] drain|[of] p2a: Kartana\n|\n|-heal|p1a: Slaking|39\/100|[from] item: Leftovers\n|upkeep\n|turn|11\n|\n|t:|1699675730\n|switch|p1a: Rampardos|Rampardos, M|100\/100\n|move|p2a: Kartana|Sacred Sword|p1a: Rampardos\n|-supereffective|p1a: Rampardos\n|-damage|p1a: Rampardos|0 fnt\n|faint|p1a: Rampardos\n|-ability|p2a: Kartana|Beast Boost|boost\n|-boost|p2a: Kartana|atk|1\n|\n|upkeep\n|\n|t:|1699675734\n|switch|p1a: Slaking|Slaking, F|39\/100\n|turn|12\n|\n|t:|1699675736\n|move|p2a: Kartana|Sacred Sword|p1a: Slaking\n|-supereffective|p1a: Slaking\n|-damage|p1a: Slaking|0 fnt\n|faint|p1a: Slaking\n|-ability|p2a: Kartana|Beast Boost|boost\n|-boost|p2a: Kartana|atk|1\n|\n|upkeep\n|-message|Serena1111TestTeam forfeited.\n|\n|win|JakingDaking2007\n|raw|Serena1111TestTeam's rating: 1108 &rarr; <strong>1090<\/strong><br \/>(-18 for losing)\n|raw|JakingDaking2007's rating: 1214 &rarr; <strong>1232<\/strong><br \/>(+18 for winning)\n|l|\u2606Serena1111TestTeam\n","uploadtime":1699675746,"views":5,"p1id":"serena1111testteam","p2id":"jakingdaking2007","formatid":"gen9nationaldex","rating":1090,"private":0,"password":""}