{"id":"gen9nationaldex-1995101880","p1":"How To Beat Lance","p2":"FlameAceGaming","format":"[Gen 9] National Dex","log":"|html|<div class=\"broadcast-blue\"><strong>[Gen 9] National Dex is currently suspecting Sneasler! For information on how to participate check out the <a href=\"https:\/\/www.smogon.com\/forums\/threads\/sv-national-dex-suspect-8-just-dance.3731534\/\">suspect thread<\/a>.<\/strong><\/div>\n|j|\u2606How To Beat Lance\n|j|\u2606FlameAceGaming\n|t:|1700522739\n|gametype|singles\n|player|p1|How To Beat Lance|lance-gen3|1139\n|player|p2|FlameAceGaming|norman|1057\n|teamsize|p1|6\n|teamsize|p2|6\n|gen|9\n|tier|[Gen 9] National Dex\n|rated|\n|rule|HP Percentage Mod: HP is shown in percentages\n|rule|Endless Battle Clause: Forcing endless battles is banned\n|rule|OHKO Clause: OHKO moves are banned\n|rule|Evasion Clause: Evasion abilities, items, and moves are banned\n|rule|Evasion Abilities Clause: Evasion abilities are banned\n|rule|Evasion Items Clause: Evasion items are banned\n|rule|Evasion Moves Clause: Evasion moves are banned\n|rule|Species Clause: Limit one of each Pok\u00e9mon\n|rule|Sleep Clause Mod: Limit one foe put to sleep\n|clearpoke\n|poke|p1|Kingdra, F|\n|poke|p1|Dragonair, M|\n|poke|p1|Altaria, M|\n|poke|p1|Goodra, M|\n|poke|p1|Fraxure, F|\n|poke|p1|Turtonator, F|\n|poke|p2|Glaceon, M|\n|poke|p2|Vaporeon, F|\n|poke|p2|Jolteon, M|\n|poke|p2|Flareon, M|\n|poke|p2|Sylveon, F|\n|poke|p2|Leafeon, M|\n|teampreview\n|inactive|Battle timer is ON: inactive players will automatically lose when time's up. (requested by FlameAceGaming)\n|c|\u2606How To Beat Lance|nice team\n|\n|t:|1700522751\n|start\n|switch|p1a: Fraxure|Fraxure, F|100\/100\n|switch|p2a: Jolteon|Jolteon, M|100\/100\n|-ability|p1a: Fraxure|Mold Breaker\n|turn|1\n|c|\u2606FlameAceGaming|Time to make bad decisions\n|c|\u2606How To Beat Lance|i have 2 nfe pokemon\n|inactive|How To Beat Lance has 120 seconds left.\n|\n|t:|1700522785\n|move|p1a: Fraxure|First Impression|p2a: Jolteon\n|-damage|p2a: Jolteon|50\/100\n|move|p2a: Jolteon|Zap Cannon|p1a: Fraxure|[miss]\n|-miss|p2a: Jolteon|p1a: Fraxure\n|\n|upkeep\n|turn|2\n|c|\u2606How To Beat Lance|so\n|c|\u2606How To Beat Lance|wh knows\n|inactive|How To Beat Lance has 120 seconds left.\n|c|\u2606FlameAceGaming|good point\n|\n|t:|1700522799\n|move|p2a: Jolteon|Zap Cannon|p1a: Fraxure\n|-resisted|p1a: Fraxure\n|-damage|p1a: Fraxure|58\/100\n|-status|p1a: Fraxure|par\n|move|p1a: Fraxure|Dragon Claw|p2a: Jolteon\n|-damage|p2a: Jolteon|0 fnt\n|faint|p2a: Jolteon\n|\n|upkeep\n|j| prince5\n|\n|t:|1700522809\n|switch|p2a: Glaceon|Glaceon, M, shiny|100\/100\n|turn|3\n|\n|t:|1700522814\n|move|p2a: Glaceon|Ice Beam|p1a: Fraxure\n|-supereffective|p1a: Fraxure\n|-damage|p1a: Fraxure|0 fnt\n|faint|p1a: Fraxure\n|\n|upkeep\n|\n|t:|1700522826\n|switch|p1a: Turtonator|Turtonator, F|100\/100\n|turn|4\n|\n|t:|1700522837\n|switch|p2a: Sylveon|Sylveon, F, shiny|100\/100\n|move|p1a: Turtonator|Flamethrower|p2a: Sylveon\n|-damage|p2a: Sylveon|74\/100\n|-status|p2a: Sylveon|brn\n|\n|-damage|p2a: Sylveon|68\/100 brn|[from] brn\n|upkeep\n|turn|5\n|\n|t:|1700522846\n|move|p2a: Sylveon|Hyper Beam|p1a: Turtonator\n|-damage|p1a: Turtonator|0 fnt\n|-mustrecharge|p2a: Sylveon\n|faint|p1a: Turtonator\n|\n|-damage|p2a: Sylveon|62\/100 brn|[from] brn\n|upkeep\n|c|\u2606How To Beat Lance|i love pixilate hyper beam\n|\n|t:|1700522865\n|switch|p1a: Altaria|Altaria, M|100\/100\n|turn|6\n|c|\u2606FlameAceGaming|ikr!\n|\n|t:|1700522870\n|move|p1a: Altaria|Dragon Dance|p1a: Altaria\n|-boost|p1a: Altaria|atk|1\n|-boost|p1a: Altaria|spe|1\n|cant|p2a: Sylveon|recharge\n|\n|-damage|p2a: Sylveon|56\/100 brn|[from] brn\n|upkeep\n|turn|7\n|c|\u2606FlameAceGaming|gotta recharge tho...\n|\n|t:|1700522881\n|detailschange|p1a: Altaria|Altaria-Mega, M\n|-mega|p1a: Altaria|Altaria|Altarianite\n|-terastallize|p2a: Sylveon|Fairy\n|move|p1a: Altaria|Return|p2a: Sylveon\n|-damage|p2a: Sylveon|0 fnt\n|faint|p2a: Sylveon\n|\n|upkeep\n|c|\u2606How To Beat Lance|yeah\n|\n|t:|1700522890\n|switch|p2a: Glaceon|Glaceon, M, shiny|100\/100\n|turn|8\n|\n|t:|1700522897\n|move|p1a: Altaria|Return|p2a: Glaceon\n|-damage|p2a: Glaceon|1\/100\n|move|p2a: Glaceon|Blizzard|p1a: Altaria\n|-supereffective|p1a: Altaria\n|-damage|p1a: Altaria|0 fnt\n|faint|p1a: Altaria\n|\n|upkeep\n|c|\u2606How To Beat Lance|99 percent\n|c|\u2606How To Beat Lance|wow\n|\n|t:|1700522911\n|switch|p1a: Kingdra|Kingdra, F|100\/100\n|turn|9\n|c|\u2606FlameAceGaming|How is it alive??\n|\n|t:|1700522922\n|move|p1a: Kingdra|Rain Dance|p1a: Kingdra\n|-weather|RainDance\n|move|p2a: Glaceon|Freeze-Dry|p1a: Kingdra\n|-supereffective|p1a: Kingdra\n|-damage|p1a: Kingdra|0 fnt\n|faint|p1a: Kingdra\n|\n|-weather|RainDance|[upkeep]\n|upkeep\n|c|\u2606How To Beat Lance|oh\n|c|\u2606How To Beat Lance|im dumb\n|\n|t:|1700522933\n|switch|p1a: Goodra|Goodra, M|100\/100\n|turn|10\n|\n|t:|1700522938\n|move|p2a: Glaceon|Ice Beam|p1a: Goodra\n|-supereffective|p1a: Goodra\n|-damage|p1a: Goodra|44\/100\n|move|p1a: Goodra|Knock Off|p2a: Glaceon\n|-damage|p2a: Glaceon|0 fnt\n|-enditem|p2a: Glaceon|Never-Melt Ice|[from] move: Knock Off|[of] p1a: Goodra\n|faint|p2a: Glaceon\n|\n|-weather|RainDance|[upkeep]\n|upkeep\n|c|\u2606How To Beat Lance|oh\n|\n|t:|1700522947\n|switch|p2a: Vaporeon|Vaporeon, F|100\/100\n|turn|11\n|\n|t:|1700522952\n|move|p2a: Vaporeon|Scald|p1a: Goodra\n|-resisted|p1a: Goodra\n|-damage|p1a: Goodra|26\/100\n|-status|p1a: Goodra|brn\n|move|p1a: Goodra|Knock Off|p2a: Vaporeon\n|-damage|p2a: Vaporeon|87\/100\n|-enditem|p2a: Vaporeon|Mystic Water|[from] move: Knock Off|[of] p1a: Goodra\n|\n|-weather|RainDance|[upkeep]\n|-activate|p1a: Goodra|ability: Hydration\n|-curestatus|p1a: Goodra|brn|[msg]\n|upkeep\n|turn|12\n|\n|t:|1700522967\n|move|p2a: Vaporeon|Scald|p1a: Goodra\n|-resisted|p1a: Goodra\n|-damage|p1a: Goodra|11\/100\n|move|p1a: Goodra|Life Dew|p1a: Goodra\n|-heal|p1a: Goodra|37\/100\n|\n|-weather|RainDance|[upkeep]\n|upkeep\n|turn|13\n|\n|t:|1700522977\n|move|p2a: Vaporeon|Muddy Water|p1a: Goodra|[miss]\n|-miss|p2a: Vaporeon|p1a: Goodra\n|move|p1a: Goodra|Toxic|p2a: Vaporeon\n|-status|p2a: Vaporeon|tox\n|\n|-weather|none\n|-damage|p2a: Vaporeon|80\/100 tox|[from] psn\n|upkeep\n|turn|14\n|c|\u2606How To Beat Lance|this might take a while\n|\n|t:|1700522990\n|move|p2a: Vaporeon|Rain Dance|p2a: Vaporeon\n|-weather|RainDance\n|move|p1a: Goodra|Life Dew|p1a: Goodra\n|-heal|p1a: Goodra|62\/100\n|\n|-weather|RainDance|[upkeep]\n|-activate|p2a: Vaporeon|ability: Hydration\n|-curestatus|p2a: Vaporeon|tox|[msg]\n|upkeep\n|turn|15\n|c|\u2606FlameAceGaming|yeah...\n|\n|t:|1700522999\n|move|p2a: Vaporeon|Muddy Water|p1a: Goodra\n|-resisted|p1a: Goodra\n|-damage|p1a: Goodra|46\/100\n|-unboost|p1a: Goodra|accuracy|1\n|move|p1a: Goodra|Toxic|p2a: Vaporeon\n|-status|p2a: Vaporeon|tox\n|\n|-weather|RainDance|[upkeep]\n|-activate|p2a: Vaporeon|ability: Hydration\n|-curestatus|p2a: Vaporeon|tox|[msg]\n|upkeep\n|turn|16\n|c|\u2606How To Beat Lance|2 hydration mons\n|\n|t:|1700523009\n|move|p2a: Vaporeon|Muddy Water|p1a: Goodra\n|-resisted|p1a: Goodra\n|-damage|p1a: Goodra|28\/100\n|-unboost|p1a: Goodra|accuracy|1\n|move|p1a: Goodra|Life Dew|p1a: Goodra\n|-heal|p1a: Goodra|53\/100\n|\n|-weather|RainDance|[upkeep]\n|upkeep\n|turn|17\n|c|\u2606FlameAceGaming|yup\n|c|\u2606How To Beat Lance|i forgot its was every turn\n|\n|t:|1700523018\n|move|p2a: Vaporeon|Muddy Water|p1a: Goodra\n|-resisted|p1a: Goodra\n|-damage|p1a: Goodra|36\/100\n|move|p1a: Goodra|Dragon Tail|p2a: Vaporeon|[miss]\n|-miss|p1a: Goodra|p2a: Vaporeon\n|\n|-weather|RainDance|[upkeep]\n|upkeep\n|turn|18\n|\n|t:|1700523026\n|move|p2a: Vaporeon|Muddy Water|p1a: Goodra\n|-resisted|p1a: Goodra\n|-damage|p1a: Goodra|20\/100\n|move|p1a: Goodra|Life Dew|p1a: Goodra\n|-heal|p1a: Goodra|45\/100\n|\n|-weather|none\n|upkeep\n|turn|19\n|c|\u2606How To Beat Lance|ahem\n|\n|t:|1700523041\n|move|p2a: Vaporeon|Muddy Water|p1a: Goodra\n|-resisted|p1a: Goodra\n|-damage|p1a: Goodra|34\/100\n|move|p1a: Goodra|Life Dew|p1a: Goodra\n|-heal|p1a: Goodra|59\/100\n|\n|upkeep\n|turn|20\n|c|\u2606How To Beat Lance|my accuracy\n|\n|t:|1700523048\n|move|p2a: Vaporeon|Muddy Water|p1a: Goodra\n|-resisted|p1a: Goodra\n|-damage|p1a: Goodra|47\/100\n|move|p1a: Goodra|Dragon Tail|p2a: Vaporeon|[miss]\n|-miss|p1a: Goodra|p2a: Vaporeon\n|\n|upkeep\n|turn|21\n|c|\u2606FlameAceGaming|It's gone\n|c|\u2606How To Beat Lance|54 percent acc\n|\n|t:|1700523056\n|move|p2a: Vaporeon|Muddy Water|p1a: Goodra|[miss]\n|-miss|p2a: Vaporeon|p1a: Goodra\n|move|p1a: Goodra|Life Dew|p1a: Goodra\n|-heal|p1a: Goodra|73\/100\n|\n|upkeep\n|turn|22\n|c|\u2606How To Beat Lance|on dragon tail\n|\n|t:|1700523068\n|move|p2a: Vaporeon|Muddy Water|p1a: Goodra\n|-resisted|p1a: Goodra\n|-damage|p1a: Goodra|61\/100\n|-unboost|p1a: Goodra|accuracy|1\n|move|p1a: Goodra|Dragon Tail|p2a: Vaporeon|[miss]\n|-miss|p1a: Goodra|p2a: Vaporeon\n|\n|upkeep\n|turn|23\n|\n|t:|1700523096\n|move|p2a: Vaporeon|Muddy Water|p1a: Goodra\n|-resisted|p1a: Goodra\n|-damage|p1a: Goodra|51\/100\n|move|p1a: Goodra|Dragon Tail|p2a: Vaporeon|[miss]\n|-miss|p1a: Goodra|p2a: Vaporeon\n|\n|upkeep\n|turn|24\n|c|\u2606FlameAceGaming|You are one of the most chill players i've met on this game\n|\n|t:|1700523104\n|move|p2a: Vaporeon|Muddy Water|p1a: Goodra\n|-resisted|p1a: Goodra\n|-damage|p1a: Goodra|39\/100\n|move|p1a: Goodra|Life Dew|p1a: Goodra\n|-heal|p1a: Goodra|64\/100\n|\n|upkeep\n|turn|25\n|\n|t:|1700523112\n|move|p2a: Vaporeon|Muddy Water|p1a: Goodra\n|-resisted|p1a: Goodra\n|-damage|p1a: Goodra|53\/100\n|move|p1a: Goodra|Dragon Tail|p2a: Vaporeon|[miss]\n|-miss|p1a: Goodra|p2a: Vaporeon\n|\n|upkeep\n|turn|26\n|\n|t:|1700523122\n|move|p2a: Vaporeon|Muddy Water|p1a: Goodra\n|-resisted|p1a: Goodra\n|-damage|p1a: Goodra|41\/100\n|move|p1a: Goodra|Toxic|p2a: Vaporeon|[miss]\n|-miss|p1a: Goodra|p2a: Vaporeon\n|\n|upkeep\n|turn|27\n|\n|t:|1700523129\n|move|p2a: Vaporeon|Muddy Water|p1a: Goodra\n|-resisted|p1a: Goodra\n|-damage|p1a: Goodra|29\/100\n|move|p1a: Goodra|Life Dew|p1a: Goodra\n|-heal|p1a: Goodra|54\/100\n|\n|upkeep\n|turn|28\n|\n|t:|1700523137\n|switch|p1a: Dragonair|Dragonair, M|100\/100\n|move|p2a: Vaporeon|Muddy Water|p1a: Dragonair\n|-resisted|p1a: Dragonair\n|-damage|p1a: Dragonair|78\/100\n|\n|upkeep\n|turn|29\n|\n|t:|1700523144\n|move|p1a: Dragonair|Dragon Dance|p1a: Dragonair\n|-boost|p1a: Dragonair|atk|1\n|-boost|p1a: Dragonair|spe|1\n|move|p2a: Vaporeon|Muddy Water|p1a: Dragonair\n|-resisted|p1a: Dragonair\n|-damage|p1a: Dragonair|54\/100\n|\n|upkeep\n|turn|30\n|\n|t:|1700523156\n|move|p1a: Dragonair|Dragon Rush|p2a: Vaporeon\n|-damage|p2a: Vaporeon|10\/100\n|cant|p2a: Vaporeon|flinch\n|\n|upkeep\n|turn|31\n|\n|t:|1700523169\n|move|p1a: Dragonair|Extreme Speed|p2a: Vaporeon\n|-damage|p2a: Vaporeon|0 fnt\n|faint|p2a: Vaporeon\n|\n|upkeep\n|\n|t:|1700523175\n|switch|p2a: Leafeon|Leafeon, M, shiny|100\/100\n|turn|32\n|c|\u2606How To Beat Lance|that took awile\n|c|\u2606FlameAceGaming|yup\n|\n|t:|1700523186\n|move|p1a: Dragonair|Dragon Rush|p2a: Leafeon|[miss]\n|-miss|p1a: Dragonair|p2a: Leafeon\n|move|p2a: Leafeon|Sunny Day|p2a: Leafeon\n|-weather|SunnyDay\n|\n|-weather|SunnyDay|[upkeep]\n|upkeep\n|turn|33\n|c|\u2606How To Beat Lance|a\n|\n|t:|1700523196\n|move|p1a: Dragonair|Extreme Speed|p2a: Leafeon\n|-damage|p2a: Leafeon|72\/100\n|move|p2a: Leafeon|Solar Blade||[still]\n|-prepare|p2a: Leafeon|Solar Blade\n|-anim|p2a: Leafeon|Solar Blade|p1a: Dragonair\n|-resisted|p1a: Dragonair\n|-damage|p1a: Dragonair|12\/100\n|\n|-weather|SunnyDay|[upkeep]\n|upkeep\n|turn|34\n|\n|t:|1700523209\n|move|p1a: Dragonair|Extreme Speed|p2a: Leafeon\n|-damage|p2a: Leafeon|43\/100\n|move|p2a: Leafeon|Solar Blade||[still]\n|-prepare|p2a: Leafeon|Solar Blade\n|-anim|p2a: Leafeon|Solar Blade|p1a: Dragonair\n|-resisted|p1a: Dragonair\n|-damage|p1a: Dragonair|0 fnt\n|faint|p1a: Dragonair\n|\n|-weather|SunnyDay|[upkeep]\n|upkeep\n|\n|t:|1700523215\n|switch|p1a: Goodra|Goodra, M|54\/100\n|turn|35\n|\n|t:|1700523221\n|move|p2a: Leafeon|Solar Blade||[still]\n|-prepare|p2a: Leafeon|Solar Blade\n|-anim|p2a: Leafeon|Solar Blade|p1a: Goodra\n|-resisted|p1a: Goodra\n|-damage|p1a: Goodra|17\/100\n|move|p1a: Goodra|Knock Off|p2a: Leafeon\n|-damage|p2a: Leafeon|18\/100\n|-enditem|p2a: Leafeon|Miracle Seed|[from] move: Knock Off|[of] p1a: Goodra\n|\n|-weather|SunnyDay|[upkeep]\n|upkeep\n|turn|36\n|c|\u2606How To Beat Lance|gg\n|c|\u2606FlameAceGaming|gg man\n|\n|t:|1700523241\n|move|p2a: Leafeon|Solar Blade||[still]\n|-prepare|p2a: Leafeon|Solar Blade\n|-anim|p2a: Leafeon|Solar Blade|p1a: Goodra\n|-resisted|p1a: Goodra\n|-damage|p1a: Goodra|0 fnt\n|faint|p1a: Goodra\n|\n|win|FlameAceGaming\n|raw|How To Beat Lance's rating: 1139 &rarr; <strong>1108<\/strong><br \/>(-31 for losing)\n|raw|FlameAceGaming's rating: 1057 &rarr; <strong>1096<\/strong><br \/>(+39 for winning)\n|c|\u2606How To Beat Lance|cya\n|c|\u2606How To Beat Lance|i gtg\n|c|\u2606FlameAceGaming|gl\n|c|\u2606How To Beat Lance|love the team\n|l|\u2606How To Beat Lance\n|c|\u2606FlameAceGaming|i tried a funny team\n","uploadtime":1700523271,"views":23,"p1id":"howtobeatlance","p2id":"flameacegaming","formatid":"gen9nationaldex","rating":1096,"private":0,"password":""}