{"id":"gen9nationaldex-1993570945","p1":"StoneBlossom","p2":"MamaoPapaya","format":"[Gen 9] National Dex","log":"|j|\u2606StoneBlossom\n|j|\u2606MamaoPapaya\n|t:|1700332966\n|gametype|singles\n|player|p1|StoneBlossom|cynthia|1020\n|player|p2|MamaoPapaya|worker|1108\n|teamsize|p1|6\n|teamsize|p2|6\n|gen|9\n|tier|[Gen 9] National Dex\n|rated|\n|rule|HP Percentage Mod: HP is shown in percentages\n|rule|Endless Battle Clause: Forcing endless battles is banned\n|rule|OHKO Clause: OHKO moves are banned\n|rule|Evasion Clause: Evasion abilities, items, and moves are banned\n|rule|Evasion Abilities Clause: Evasion abilities are banned\n|rule|Evasion Items Clause: Evasion items are banned\n|rule|Evasion Moves Clause: Evasion moves are banned\n|rule|Species Clause: Limit one of each Pok\u00e9mon\n|rule|Sleep Clause Mod: Limit one foe put to sleep\n|clearpoke\n|poke|p1|Sylveon, F|\n|poke|p1|Umbreon, F|\n|poke|p1|Jolteon, M|\n|poke|p1|Leafeon, M|\n|poke|p1|Espeon, M|\n|poke|p1|Vaporeon, F|\n|poke|p2|Samurott-Hisui, F|\n|poke|p2|Haxorus, M|\n|poke|p2|Arcanine-Hisui, F|\n|poke|p2|Ninetales-Alola, M|\n|poke|p2|Great Tusk|\n|poke|p2|Gourgeist-*, F|\n|teampreview\n|c|\u2606MamaoPapaya|I love the eevees!\n|c|\u2606StoneBlossom|:D\n|c|\u2606MamaoPapaya|Could you plz share me the team after the battle?\n|c|\u2606StoneBlossom|um, sure\n|\n|t:|1700333033\n|start\n|switch|p1a: Jolteon|Jolteon, M|100\/100\n|switch|p2a: Ninetales|Ninetales-Alola, M|100\/100\n|-weather|Snow|[from] ability: Snow Warning|[of] p2a: Ninetales\n|turn|1\n|c|\u2606StoneBlossom|I'm not sure if it's the best version of eevees though\n|\n|t:|1700333040\n|move|p1a: Jolteon|Volt Switch|p2a: Ninetales\n|-damage|p2a: Ninetales|48\/100\n|\n|t:|1700333044\n|switch|p1a: Sylveon|Sylveon, F|100\/100|[from] Volt Switch\n|move|p2a: Ninetales|Aurora Veil|p2a: Ninetales\n|-sidestart|p2: MamaoPapaya|move: Aurora Veil\n|\n|-weather|Snow|[upkeep]\n|upkeep\n|turn|2\n|\n|t:|1700333054\n|switch|p2a: Arcanine|Arcanine-Hisui, F|100\/100\n|move|p1a: Sylveon|Calm Mind|p1a: Sylveon\n|-boost|p1a: Sylveon|spa|1\n|-boost|p1a: Sylveon|spd|1\n|\n|-weather|Snow|[upkeep]\n|upkeep\n|turn|3\n|\n|t:|1700333067\n|switch|p1a: Vaporeon|Vaporeon, F|100\/100\n|move|p2a: Arcanine|Flare Blitz|p1a: Vaporeon\n|-resisted|p1a: Vaporeon\n|-damage|p1a: Vaporeon|55\/100\n|\n|-weather|Snow|[upkeep]\n|-heal|p1a: Vaporeon|61\/100|[from] item: Leftovers\n|upkeep\n|turn|4\n|\n|t:|1700333076\n|switch|p2a: Jessie|Gourgeist-Small, F, shiny|100\/100\n|move|p1a: Vaporeon|Scald|p2a: Jessie\n|-resisted|p2a: Jessie\n|-damage|p2a: Jessie|85\/100\n|\n|-weather|Snow|[upkeep]\n|-heal|p1a: Vaporeon|68\/100|[from] item: Leftovers\n|upkeep\n|turn|5\n|\n|t:|1700333089\n|-zpower|p2a: Jessie\n|move|p2a: Jessie|Z-Trick-or-Treat|p1a: Vaporeon|[anim]Trick-or-Treat\n|-boost|p2a: Jessie|atk|1|[zeffect]\n|-boost|p2a: Jessie|def|1|[zeffect]\n|-boost|p2a: Jessie|spa|1|[zeffect]\n|-boost|p2a: Jessie|spd|1|[zeffect]\n|-boost|p2a: Jessie|spe|1|[zeffect]\n|-start|p1a: Vaporeon|typeadd|Ghost|[from] move: Trick-or-Treat\n|move|p1a: Vaporeon|Wish|p1a: Vaporeon\n|\n|-weather|none\n|-heal|p1a: Vaporeon|74\/100|[from] item: Leftovers\n|upkeep\n|turn|6\n|\n|t:|1700333111\n|switch|p1a: Espeon|Espeon, M|100\/100\n|move|p2a: Jessie|Poltergeist|p1a: Espeon\n|-activate|p1a: Espeon|move: Poltergeist|Heavy-Duty Boots\n|-supereffective|p1a: Espeon\n|-damage|p1a: Espeon|0 fnt\n|faint|p1a: Espeon\n|\n|upkeep\n|\n|t:|1700333123\n|switch|p1a: Sylveon|Sylveon, F|100\/100\n|turn|7\n|c|\u2606MamaoPapaya|I love this little pumpkin\n|\n|t:|1700333134\n|-terastallize|p1a: Sylveon|Ghost\n|move|p2a: Jessie|Poltergeist|p1a: Sylveon\n|-activate|p1a: Sylveon|move: Poltergeist|Leftovers\n|-supereffective|p1a: Sylveon\n|-damage|p1a: Sylveon|0 fnt\n|faint|p1a: Sylveon\n|\n|upkeep\n|\n|t:|1700333141\n|switch|p1a: Jolteon|Jolteon, M|100\/100\n|turn|8\n|\n|t:|1700333146\n|move|p2a: Jessie|Poltergeist|p1a: Jolteon\n|-activate|p1a: Jolteon|move: Poltergeist|Choice Specs\n|-damage|p1a: Jolteon|0 fnt\n|faint|p1a: Jolteon\n|\n|-sideend|p2: MamaoPapaya|move: Aurora Veil\n|upkeep\n|\n|t:|1700333152\n|switch|p1a: Umbreon|Umbreon, F|100\/100\n|turn|9\n|\n|t:|1700333158\n|move|p2a: Jessie|Poltergeist|p1a: Umbreon\n|-activate|p1a: Umbreon|move: Poltergeist|Leftovers\n|-resisted|p1a: Umbreon\n|-damage|p1a: Umbreon|81\/100\n|move|p1a: Umbreon|Toxic|p2a: Jessie\n|-status|p2a: Jessie|tox\n|\n|-heal|p1a: Umbreon|87\/100|[from] item: Leftovers\n|-damage|p2a: Jessie|79\/100 tox|[from] psn\n|upkeep\n|turn|10\n|\n|t:|1700333167\n|move|p2a: Jessie|Seed Bomb|p1a: Umbreon\n|-damage|p1a: Umbreon|57\/100\n|move|p1a: Umbreon|Wish|p1a: Umbreon\n|\n|-heal|p1a: Umbreon|63\/100|[from] item: Leftovers\n|-damage|p2a: Jessie|67\/100 tox|[from] psn\n|upkeep\n|turn|11\n|\n|t:|1700333174\n|move|p2a: Jessie|Seed Bomb|p1a: Umbreon\n|-damage|p1a: Umbreon|30\/100\n|move|p1a: Umbreon|Foul Play|p2a: Jessie\n|-supereffective|p2a: Jessie\n|-damage|p2a: Jessie|0 fnt\n|faint|p2a: Jessie\n|\n|-heal|p1a: Umbreon|80\/100|[from] move: Wish|[wisher] Umbreon\n|-heal|p1a: Umbreon|86\/100|[from] item: Leftovers\n|upkeep\n|\n|t:|1700333188\n|switch|p2a: Ninetales|Ninetales-Alola, M|48\/100\n|-weather|Snow|[from] ability: Snow Warning|[of] p2a: Ninetales\n|turn|12\n|\n|t:|1700333194\n|move|p2a: Ninetales|Aurora Veil|p2a: Ninetales\n|-sidestart|p2: MamaoPapaya|move: Aurora Veil\n|move|p1a: Umbreon|Foul Play|p2a: Ninetales\n|-resisted|p2a: Ninetales\n|-damage|p2a: Ninetales|45\/100\n|\n|-weather|Snow|[upkeep]\n|-heal|p1a: Umbreon|92\/100|[from] item: Leftovers\n|upkeep\n|turn|13\n|\n|t:|1700333202\n|switch|p1a: Leafeon|Leafeon, M|100\/100\n|move|p2a: Ninetales|Moonblast|p1a: Leafeon\n|-damage|p1a: Leafeon|64\/100\n|-unboost|p1a: Leafeon|spa|1\n|\n|-weather|Snow|[upkeep]\n|upkeep\n|turn|14\n|\n|t:|1700333210\n|switch|p1a: Vaporeon|Vaporeon, F|74\/100\n|move|p2a: Ninetales|Freeze-Dry|p1a: Vaporeon\n|-supereffective|p1a: Vaporeon\n|-damage|p1a: Vaporeon|53\/100\n|\n|-weather|Snow|[upkeep]\n|-heal|p1a: Vaporeon|60\/100|[from] item: Leftovers\n|upkeep\n|turn|15\n|\n|t:|1700333219\n|move|p2a: Ninetales|Freeze-Dry|p1a: Vaporeon\n|-supereffective|p1a: Vaporeon\n|-damage|p1a: Vaporeon|36\/100\n|move|p1a: Vaporeon|Toxic|p2a: Ninetales\n|-status|p2a: Ninetales|tox\n|\n|-weather|Snow|[upkeep]\n|-heal|p1a: Vaporeon|42\/100|[from] item: Leftovers\n|-damage|p2a: Ninetales|39\/100 tox|[from] psn\n|upkeep\n|turn|16\n|\n|t:|1700333228\n|move|p2a: Ninetales|Encore|p1a: Vaporeon\n|-start|p1a: Vaporeon|Encore\n|move|p1a: Vaporeon|Toxic|p2a: Ninetales|[miss]\n|-miss|p1a: Vaporeon|p2a: Ninetales\n|\n|-weather|none\n|-heal|p1a: Vaporeon|48\/100|[from] item: Leftovers\n|-damage|p2a: Ninetales|27\/100 tox|[from] psn\n|upkeep\n|turn|17\n|\n|t:|1700333236\n|switch|p1a: Umbreon|Umbreon, F|92\/100\n|move|p2a: Ninetales|Freeze-Dry|p1a: Umbreon\n|-damage|p1a: Umbreon|78\/100\n|\n|-heal|p1a: Umbreon|84\/100|[from] item: Leftovers\n|-damage|p2a: Ninetales|9\/100 tox|[from] psn\n|upkeep\n|turn|18\n|\n|t:|1700333245\n|move|p1a: Umbreon|Protect|p1a: Umbreon\n|-singleturn|p1a: Umbreon|Protect\n|move|p2a: Ninetales|Moonblast|p1a: Umbreon\n|-activate|p1a: Umbreon|move: Protect\n|\n|-heal|p1a: Umbreon|90\/100|[from] item: Leftovers\n|-damage|p2a: Ninetales|0 fnt|[from] psn\n|faint|p2a: Ninetales\n|upkeep\n|\n|t:|1700333253\n|switch|p2a: Samurott|Samurott-Hisui, F|100\/100\n|turn|19\n|\n|t:|1700333260\n|move|p2a: Samurott|Sacred Sword|p1a: Umbreon\n|-supereffective|p1a: Umbreon\n|-damage|p1a: Umbreon|38\/100\n|move|p1a: Umbreon|Toxic|p2a: Samurott\n|-status|p2a: Samurott|tox\n|\n|-heal|p1a: Umbreon|44\/100|[from] item: Leftovers\n|-damage|p2a: Samurott|94\/100 tox|[from] psn\n|-sideend|p2: MamaoPapaya|move: Aurora Veil\n|upkeep\n|turn|20\n|\n|t:|1700333269\n|move|p1a: Umbreon|Protect|p1a: Umbreon\n|-singleturn|p1a: Umbreon|Protect\n|move|p2a: Samurott|Sacred Sword|p1a: Umbreon\n|-activate|p1a: Umbreon|move: Protect\n|\n|-heal|p1a: Umbreon|50\/100|[from] item: Leftovers\n|-damage|p2a: Samurott|82\/100 tox|[from] psn\n|upkeep\n|turn|21\n|c|\u2606StoneBlossom|We need new eevees so baaaaaaaaadddddddddd\n|\n|t:|1700333283\n|switch|p1a: Vaporeon|Vaporeon, F|48\/100\n|move|p2a: Samurott|Sacred Sword|p1a: Vaporeon\n|-damage|p1a: Vaporeon|0 fnt\n|faint|p1a: Vaporeon\n|\n|-damage|p2a: Samurott|63\/100 tox|[from] psn\n|upkeep\n|\n|t:|1700333290\n|switch|p1a: Leafeon|Leafeon, M|64\/100\n|turn|22\n|\n|t:|1700333293\n|move|p2a: Samurott|Sacred Sword|p1a: Leafeon\n|-damage|p1a: Leafeon|30\/100\n|move|p1a: Leafeon|Leech Seed|p2a: Samurott\n|-start|p2a: Samurott|move: Leech Seed\n|\n|-damage|p2a: Samurott|51\/100 tox|[from] Leech Seed|[of] p1a: Leafeon\n|-heal|p1a: Leafeon|42\/100|[silent]\n|-damage|p2a: Samurott|26\/100 tox|[from] psn\n|upkeep\n|turn|23\n|\n|t:|1700333310\n|switch|p1a: Umbreon|Umbreon, F|50\/100\n|move|p2a: Samurott|Sacred Sword|p1a: Umbreon\n|-supereffective|p1a: Umbreon\n|-damage|p1a: Umbreon|0 fnt\n|faint|p1a: Umbreon\n|\n|-damage|p2a: Samurott|0 fnt|[from] psn\n|faint|p2a: Samurott\n|upkeep\n|c|\u2606MamaoPapaya|Yeah, only eight isn't enough\n|\n|t:|1700333335\n|switch|p2a: Arcanine|Arcanine-Hisui, F|100\/100\n|switch|p1a: Leafeon|Leafeon, M|42\/100\n|turn|24\n|c|\u2606MamaoPapaya|Well, ggwp!\n|\n|t:|1700333356\n|move|p2a: Arcanine|Flare Blitz|p1a: Leafeon\n|-supereffective|p1a: Leafeon\n|-damage|p1a: Leafeon|0 fnt\n|faint|p1a: Leafeon\n|\n|win|MamaoPapaya\n|raw|StoneBlossom's rating: 1020 &rarr; <strong>1010<\/strong><br \/>(-10 for losing)\n|raw|MamaoPapaya's rating: 1108 &rarr; <strong>1127<\/strong><br \/>(+19 for winning)\n|c|\u2606StoneBlossom|on sec, let me get you the team\n|c|\u2606StoneBlossom|gg!\n|c|\u2606StoneBlossom|https:\/\/docs.google.com\/document\/d\/1qPVzqtN_OD6cP9cA7yNH48adXZYhbv_7jGXgyM3DeVo\/edit?usp=sharing\n|c|\u2606StoneBlossom|I'm not sure what the normal way to share teams is,\n|c|\u2606StoneBlossom|but this should work\n|c|\u2606MamaoPapaya|Tysm!\n|c|\u2606StoneBlossom|:D\n|l|\u2606StoneBlossom\n|l|\u2606MamaoPapaya\n|j|\u2606MamaoPapaya\n|player|p2|MamaoPapaya|worker\n","uploadtime":1700333498,"views":6,"p1id":"stoneblossom","p2id":"mamaopapaya","formatid":"gen9nationaldex","rating":1010,"private":0,"password":""}