{"id":"gen9nationaldex-1999328410","p1":"GABRIEL_HU","p2":"1 cel","format":"[Gen 9] National Dex","log":"|html|<div class=\"broadcast-blue\"><strong>[Gen 9] National Dex is currently suspecting Sneasler! For information on how to participate check out the <a href=\"https:\/\/www.smogon.com\/forums\/threads\/sv-national-dex-suspect-8-just-dance.3731534\/\">suspect thread<\/a>.<\/strong><\/div>\n|j|\u2606GABRIEL_HU\n|j|\u26061 cel\n|t:|1701061084\n|gametype|singles\n|player|p1|GABRIEL_HU|guitarist|1280\n|player|p2|1 cel|266|1302\n|teamsize|p1|6\n|teamsize|p2|6\n|gen|9\n|tier|[Gen 9] National Dex\n|rated|\n|rule|HP Percentage Mod: HP is shown in percentages\n|rule|Endless Battle Clause: Forcing endless battles is banned\n|rule|OHKO Clause: OHKO moves are banned\n|rule|Evasion Clause: Evasion abilities, items, and moves are banned\n|rule|Evasion Abilities Clause: Evasion abilities are banned\n|rule|Evasion Items Clause: Evasion items are banned\n|rule|Evasion Moves Clause: Evasion moves are banned\n|rule|Species Clause: Limit one of each Pok\u00e9mon\n|rule|Sleep Clause Mod: Limit one foe put to sleep\n|clearpoke\n|poke|p1|Garganacl, M|\n|poke|p1|Greninja-*, M|\n|poke|p1|Zapdos|\n|poke|p1|Great Tusk|\n|poke|p1|Heatran, F|\n|poke|p1|Scizor, M|\n|poke|p2|Steelix, M|\n|poke|p2|Rillaboom, M|\n|poke|p2|Tyranitar, M|\n|poke|p2|Sneasler, F|\n|poke|p2|Rotom-Wash|\n|poke|p2|Kartana|\n|teampreview\n|inactive|Battle timer is ON: inactive players will automatically lose when time's up. (requested by 1 cel)\n|\n|t:|1701061102\n|start\n|switch|p1a: Great Tusk|Great Tusk|100\/100\n|switch|p2a: Rotom|Rotom-Wash, shiny|100\/100\n|turn|1\n|\n|t:|1701061116\n|-end|p1a: Great Tusk|Protosynthesis|[silent]\n|switch|p1a: Zapdos|Zapdos|100\/100\n|-zpower|p2a: Rotom\n|move|p2a: Rotom|Hydro Vortex|p1a: Zapdos|[zeffect]\n|-damage|p1a: Zapdos|36\/100\n|\n|upkeep\n|turn|2\n|\n|t:|1701061122\n|move|p1a: Zapdos|Roost|p1a: Zapdos\n|-heal|p1a: Zapdos|86\/100\n|-singleturn|p1a: Zapdos|move: Roost\n|move|p2a: Rotom|Hydro Pump|p1a: Zapdos|[miss]\n|-miss|p2a: Rotom|p1a: Zapdos\n|\n|upkeep\n|turn|3\n|\n|t:|1701061125\n|move|p1a: Zapdos|Discharge|p2a: Rotom\n|-damage|p2a: Rotom|67\/100\n|move|p2a: Rotom|Hydro Pump|p1a: Zapdos\n|-damage|p1a: Zapdos|47\/100\n|\n|upkeep\n|turn|4\n|\n|t:|1701061131\n|move|p1a: Zapdos|Discharge|p2a: Rotom\n|-damage|p2a: Rotom|31\/100\n|move|p2a: Rotom|Volt Switch|p1a: Zapdos\n|-damage|p1a: Zapdos|22\/100\n|\n|t:|1701061136\n|switch|p2a: Rillaboom|Rillaboom, M|100\/100|[from] Volt Switch\n|-fieldstart|move: Grassy Terrain|[from] ability: Grassy Surge|[of] p2a: Rillaboom\n|\n|upkeep\n|turn|5\n|\n|t:|1701061145\n|-terastallize|p2a: Rillaboom|Grass\n|move|p2a: Rillaboom|Grassy Glide|p1a: Zapdos\n|-resisted|p1a: Zapdos\n|-damage|p1a: Zapdos|0 fnt\n|faint|p1a: Zapdos\n|\n|upkeep\n|\n|t:|1701061153\n|switch|p1a: Heatran|Heatran, F|100\/100\n|turn|6\n|\n|t:|1701061159\n|switch|p2a: Rotom|Rotom-Wash, shiny|31\/100\n|move|p1a: Heatran|Stealth Rock|p2a: Rotom\n|-sidestart|p2: 1 cel|move: Stealth Rock\n|\n|upkeep\n|turn|7\n|\n|t:|1701061165\n|move|p1a: Heatran|Protect|p1a: Heatran\n|-singleturn|p1a: Heatran|Protect\n|move|p2a: Rotom|Thunder Wave|p1a: Heatran\n|-activate|p1a: Heatran|move: Protect\n|\n|upkeep\n|turn|8\n|\n|t:|1701061169\n|move|p2a: Rotom|Defog|p1a: Heatran\n|-unboost|p1a: Heatran|evasion|1\n|-sideend|p2: 1 cel|Stealth Rock|[from] move: Defog|[of] p2a: Rotom\n|-fieldend|move: Grassy Terrain\n|move|p1a: Heatran|Magma Storm|p2a: Rotom\n|-resisted|p2a: Rotom\n|-damage|p2a: Rotom|7\/100\n|-activate|p2a: Rotom|move: Magma Storm|[of] p1a: Heatran\n|\n|-damage|p2a: Rotom|0 fnt|[from] move: Magma Storm|[partiallytrapped]\n|faint|p2a: Rotom\n|upkeep\n|\n|t:|1701061175\n|switch|p2a: Rillaboom|Rillaboom, M, tera:Grass|100\/100\n|-fieldstart|move: Grassy Terrain|[from] ability: Grassy Surge|[of] p2a: Rillaboom\n|turn|9\n|\n|t:|1701061178\n|move|p2a: Rillaboom|Superpower|p1a: Heatran\n|-supereffective|p1a: Heatran\n|-damage|p1a: Heatran|0 fnt\n|-unboost|p2a: Rillaboom|atk|1\n|-unboost|p2a: Rillaboom|def|1\n|-damage|p2a: Rillaboom|84\/100|[from] item: Rocky Helmet|[of] p1a: Heatran\n|faint|p1a: Heatran\n|\n|-heal|p2a: Rillaboom|90\/100|[from] Grassy Terrain\n|upkeep\n|\n|t:|1701061182\n|switch|p1a: Great Tusk|Great Tusk|100\/100\n|turn|10\n|\n|t:|1701061185\n|switch|p2a: 2000|Steelix, M|100\/100\n|-zpower|p1a: Great Tusk\n|move|p1a: Great Tusk|Subzero Slammer|p2a: 2000|[zeffect]\n|-damage|p2a: 2000|71\/100\n|\n|-heal|p2a: 2000|77\/100|[from] Grassy Terrain\n|upkeep\n|turn|11\n|\n|t:|1701061190\n|detailschange|p2a: 2000|Steelix-Mega, M\n|-mega|p2a: 2000|Steelix|Steelixite\n|move|p1a: Great Tusk|Close Combat|p2a: 2000\n|-supereffective|p2a: 2000\n|-damage|p2a: 2000|11\/100\n|-unboost|p1a: Great Tusk|def|1\n|-unboost|p1a: Great Tusk|spd|1\n|move|p2a: 2000|Iron Defense|p2a: 2000\n|-boost|p2a: 2000|def|2\n|\n|-heal|p2a: 2000|17\/100|[from] Grassy Terrain\n|upkeep\n|turn|12\n|\n|t:|1701061196\n|move|p1a: Great Tusk|Headlong Rush|p2a: 2000\n|-supereffective|p2a: 2000\n|-damage|p2a: 2000|0 fnt\n|-unboost|p1a: Great Tusk|def|1\n|-unboost|p1a: Great Tusk|spd|1\n|faint|p2a: 2000\n|\n|upkeep\n|\n|t:|1701061200\n|switch|p2a: Sneasler|Sneasler, F|100\/100\n|-enditem|p2a: Sneasler|Grassy Seed\n|-boost|p2a: Sneasler|def|1|[from] item: Grassy Seed\n|turn|13\n|\n|t:|1701061204\n|-end|p1a: Great Tusk|Protosynthesis|[silent]\n|switch|p1a: Scizor|Scizor, M|100\/100\n|move|p2a: Sneasler|Swords Dance|p2a: Sneasler\n|-boost|p2a: Sneasler|atk|2\n|\n|-fieldend|move: Grassy Terrain\n|upkeep\n|turn|14\n|\n|t:|1701061210\n|detailschange|p1a: Scizor|Scizor-Mega, M\n|-mega|p1a: Scizor|Scizor|Scizorite\n|move|p1a: Scizor|Bullet Punch|p2a: Sneasler\n|-damage|p2a: Sneasler|72\/100\n|move|p2a: Sneasler|Close Combat|p1a: Scizor\n|-damage|p1a: Scizor|33\/100\n|-unboost|p2a: Sneasler|def|1\n|-unboost|p2a: Sneasler|spd|1\n|\n|upkeep\n|turn|15\n|\n|t:|1701061223\n|switch|p2a: Rillaboom|Rillaboom, M, tera:Grass|90\/100\n|-fieldstart|move: Grassy Terrain|[from] ability: Grassy Surge|[of] p2a: Rillaboom\n|move|p1a: Scizor|Bullet Punch|p2a: Rillaboom\n|-damage|p2a: Rillaboom|56\/100\n|\n|-heal|p2a: Rillaboom|62\/100|[from] Grassy Terrain\n|-heal|p1a: Scizor|39\/100|[from] Grassy Terrain\n|upkeep\n|turn|16\n|\n|t:|1701061225\n|move|p2a: Rillaboom|Grassy Glide|p1a: Scizor\n|-resisted|p1a: Scizor\n|-damage|p1a: Scizor|26\/100\n|move|p1a: Scizor|U-turn|p2a: Rillaboom\n|-supereffective|p2a: Rillaboom\n|-damage|p2a: Rillaboom|0 fnt\n|faint|p2a: Rillaboom\n|\n|t:|1701061234\n|switch|p1a: Great Tusk|Great Tusk|100\/100|[from] U-turn\n|\n|upkeep\n|\n|t:|1701061238\n|switch|p2a: Sneasler|Sneasler, F|72\/100\n|turn|17\n|\n|t:|1701061242\n|move|p2a: Sneasler|Swords Dance|p2a: Sneasler\n|-boost|p2a: Sneasler|atk|2\n|move|p1a: Great Tusk|Rapid Spin|p2a: Sneasler\n|-damage|p2a: Sneasler|46\/100\n|-boost|p1a: Great Tusk|spe|1\n|\n|-heal|p2a: Sneasler|52\/100|[from] Grassy Terrain\n|upkeep\n|turn|18\n|\n|t:|1701061246\n|move|p1a: Great Tusk|Headlong Rush|p2a: Sneasler\n|-supereffective|p2a: Sneasler\n|-damage|p2a: Sneasler|0 fnt\n|-unboost|p1a: Great Tusk|def|1\n|-unboost|p1a: Great Tusk|spd|1\n|faint|p2a: Sneasler\n|\n|upkeep\n|c|\u26061 cel|Wait does unburden go away after I switch?\n|inactive|1 cel has 120 seconds left.\n|\n|t:|1701061279\n|switch|p2a: Kartana|Kartana|100\/100\n|turn|19\n|\n|t:|1701061286\n|move|p2a: Kartana|Leaf Blade|p1a: Great Tusk\n|-supereffective|p1a: Great Tusk\n|-crit|p1a: Great Tusk\n|-damage|p1a: Great Tusk|0 fnt\n|faint|p1a: Great Tusk\n|-end|p1a: Great Tusk|Protosynthesis|[silent]\n|-ability|p2a: Kartana|Beast Boost|boost\n|-boost|p2a: Kartana|atk|1\n|\n|-fieldend|move: Grassy Terrain\n|upkeep\n|\n|t:|1701061291\n|switch|p1a: Scizor|Scizor-Mega, M|26\/100\n|turn|20\n|\n|t:|1701061294\n|move|p2a: Kartana|Leaf Blade|p1a: Scizor\n|-resisted|p1a: Scizor\n|-damage|p1a: Scizor|12\/100\n|move|p1a: Scizor|Roost|p1a: Scizor\n|-heal|p1a: Scizor|62\/100\n|-singleturn|p1a: Scizor|move: Roost\n|\n|upkeep\n|turn|21\n|\n|t:|1701061298\n|switch|p2a: Tyranitar|Tyranitar, M|100\/100\n|-weather|Sandstorm|[from] ability: Sand Stream|[of] p2a: Tyranitar\n|move|p1a: Scizor|Roost|p1a: Scizor\n|-heal|p1a: Scizor|100\/100\n|-singleturn|p1a: Scizor|move: Roost\n|\n|-weather|Sandstorm|[upkeep]\n|upkeep\n|turn|22\n|\n|t:|1701061304\n|move|p1a: Scizor|U-turn|p2a: Tyranitar\n|-supereffective|p2a: Tyranitar\n|-damage|p2a: Tyranitar|48\/100\n|\n|t:|1701061307\n|switch|p1a: Greninja|Greninja, M|100\/100|[from] U-turn\n|move|p2a: Tyranitar|Knock Off|p1a: Greninja\n|-resisted|p1a: Greninja\n|-damage|p1a: Greninja|55\/100\n|-enditem|p1a: Greninja|Life Orb|[from] move: Knock Off|[of] p2a: Tyranitar\n|\n|-weather|Sandstorm|[upkeep]\n|-damage|p1a: Greninja|49\/100|[from] Sandstorm\n|upkeep\n|turn|23\n|\n|t:|1701061313\n|move|p1a: Greninja|Surf|p2a: Tyranitar\n|-supereffective|p2a: Tyranitar\n|-crit|p2a: Tyranitar\n|-damage|p2a: Tyranitar|4\/100\n|move|p2a: Tyranitar|Knock Off|p1a: Greninja\n|-resisted|p1a: Greninja\n|-damage|p1a: Greninja|19\/100\n|\n|-weather|Sandstorm|[upkeep]\n|-damage|p1a: Greninja|13\/100|[from] Sandstorm\n|upkeep\n|turn|24\n|\n|t:|1701061317\n|move|p1a: Greninja|Surf|p2a: Tyranitar\n|-supereffective|p2a: Tyranitar\n|-damage|p2a: Tyranitar|0 fnt\n|faint|p2a: Tyranitar\n|-ability|p1a: Greninja|Battle Bond|boost\n|-boost|p1a: Greninja|atk|1\n|-boost|p1a: Greninja|spa|1\n|-boost|p1a: Greninja|spe|1\n|-activate|p1a: Greninja|ability: Battle Bond\n|\n|-weather|Sandstorm|[upkeep]\n|-damage|p1a: Greninja|8\/100|[from] Sandstorm\n|upkeep\n|\n|t:|1701061319\n|switch|p2a: Kartana|Kartana|100\/100\n|turn|25\n|\n|t:|1701061325\n|move|p1a: Greninja|Water Shuriken|p2a: Kartana\n|-resisted|p2a: Kartana\n|-damage|p2a: Kartana|84\/100\n|-resisted|p2a: Kartana\n|-damage|p2a: Kartana|68\/100\n|-hitcount|p2a: Kartana|2\n|move|p2a: Kartana|Leaf Blade|p1a: Greninja\n|-supereffective|p1a: Greninja\n|-damage|p1a: Greninja|0 fnt\n|faint|p1a: Greninja\n|-ability|p2a: Kartana|Beast Boost|boost\n|-boost|p2a: Kartana|atk|1\n|\n|-weather|none\n|upkeep\n|\n|t:|1701061332\n|switch|p1a: Garganacl|Garganacl, M, shiny|100\/100\n|turn|26\n|\n|t:|1701061337\n|-terastallize|p1a: Garganacl|Water\n|move|p2a: Kartana|Leaf Blade|p1a: Garganacl\n|-supereffective|p1a: Garganacl\n|-damage|p1a: Garganacl|0 fnt\n|faint|p1a: Garganacl\n|-ability|p2a: Kartana|Beast Boost|boost\n|-boost|p2a: Kartana|atk|1\n|\n|upkeep\n|\n|t:|1701061341\n|switch|p1a: Scizor|Scizor-Mega, M|100\/100\n|turn|27\n|\n|t:|1701061345\n|move|p2a: Kartana|Leaf Blade|p1a: Scizor\n|-resisted|p1a: Scizor\n|-damage|p1a: Scizor|80\/100\n|move|p1a: Scizor|Swords Dance|p1a: Scizor\n|-boost|p1a: Scizor|atk|2\n|\n|upkeep\n|turn|28\n|\n|t:|1701061348\n|move|p2a: Kartana|Leaf Blade|p1a: Scizor\n|-resisted|p1a: Scizor\n|-damage|p1a: Scizor|63\/100\n|move|p1a: Scizor|U-turn|p2a: Kartana\n|-damage|p2a: Kartana|1\/100\n|\n|upkeep\n|turn|29\n|\n|t:|1701061354\n|move|p2a: Kartana|Leaf Blade|p1a: Scizor\n|-resisted|p1a: Scizor\n|-damage|p1a: Scizor|43\/100\n|move|p1a: Scizor|Roost|p1a: Scizor\n|-heal|p1a: Scizor|93\/100\n|-singleturn|p1a: Scizor|move: Roost\n|\n|upkeep\n|turn|30\n|\n|t:|1701061359\n|move|p1a: Scizor|Bullet Punch|p2a: Kartana\n|-resisted|p2a: Kartana\n|-damage|p2a: Kartana|0 fnt\n|faint|p2a: Kartana\n|\n|win|GABRIEL_HU\n|raw|GABRIEL_HU's rating: 1280 &rarr; <strong>1307<\/strong><br \/>(+27 for winning)\n|raw|1 cel's rating: 1302 &rarr; <strong>1281<\/strong><br \/>(-21 for losing)\n|l|\u26061 cel\n","uploadtime":1701061364,"views":3,"p1id":"gabrielhu","p2id":"1cel","formatid":"gen9nationaldex","rating":1281,"private":0,"password":""}