{"id":"gen9nationaldex-1990392758","p1":"F 137","p2":"savagewolf98420","format":"[Gen 9] National Dex","log":"|j|\u2606F 137\n|j|\u2606savagewolf98420\n|t:|1699966153\n|gametype|singles\n|player|p1|F 137|265|1173\n|player|p2|savagewolf98420|koga|1246\n|teamsize|p1|6\n|teamsize|p2|6\n|gen|9\n|tier|[Gen 9] National Dex\n|rated|\n|rule|HP Percentage Mod: HP is shown in percentages\n|rule|Endless Battle Clause: Forcing endless battles is banned\n|rule|OHKO Clause: OHKO moves are banned\n|rule|Evasion Clause: Evasion abilities, items, and moves are banned\n|rule|Evasion Abilities Clause: Evasion abilities are banned\n|rule|Evasion Items Clause: Evasion items are banned\n|rule|Evasion Moves Clause: Evasion moves are banned\n|rule|Species Clause: Limit one of each Pok\u00e9mon\n|rule|Sleep Clause Mod: Limit one foe put to sleep\n|clearpoke\n|poke|p1|Reuniclus, M|\n|poke|p1|Cofagrigus, M|\n|poke|p1|Escavalier, M|\n|poke|p1|Alomomola, F|\n|poke|p1|Vullaby, F|\n|poke|p1|Emboar, F|\n|poke|p2|Swampert, M|\n|poke|p2|Pelipper, M|\n|poke|p2|Zapdos|\n|poke|p2|Rotom-Wash|\n|poke|p2|Manaphy|\n|poke|p2|Kabutops, M|\n|teampreview\n|inactive|Battle timer is ON: inactive players will automatically lose when time's up. (requested by savagewolf98420)\n|\n|t:|1699966165\n|start\n|switch|p1a: Cofagrigus|Cofagrigus, M|100\/100\n|switch|p2a: Pelipper|Pelipper, M|100\/100\n|-weather|RainDance|[from] ability: Drizzle|[of] p2a: Pelipper\n|turn|1\n|\n|t:|1699966178\n|move|p2a: Pelipper|Hurricane|p1a: Cofagrigus\n|-damage|p1a: Cofagrigus|63\/100\n|move|p1a: Cofagrigus|Trick Room|p1a: Cofagrigus\n|-fieldstart|move: Trick Room|[of] p1a: Cofagrigus\n|\n|-weather|RainDance|[upkeep]\n|upkeep\n|turn|2\n|inactive|savagewolf98420 has 120 seconds left.\n|inactive|savagewolf98420 has 90 seconds left.\n|inactive|savagewolf98420 has 60 seconds left.\n|\n|t:|1699966268\n|switch|p1a: Escavalier|Escavalier, M|100\/100\n|move|p2a: Pelipper|Hurricane|p1a: Escavalier\n|-damage|p1a: Escavalier|66\/100\n|\n|-weather|RainDance|[upkeep]\n|upkeep\n|turn|3\n|\n|t:|1699966278\n|move|p1a: Escavalier|Knock Off|p2a: Pelipper\n|-damage|p2a: Pelipper|55\/100\n|-enditem|p2a: Pelipper|Focus Sash|[from] move: Knock Off|[of] p1a: Escavalier\n|move|p2a: Pelipper|U-turn|p1a: Escavalier\n|-resisted|p1a: Escavalier\n|-damage|p1a: Escavalier|62\/100\n|inactive|savagewolf98420 has 60 seconds left.\n|\n|t:|1699966292\n|switch|p2a: Swampert|Swampert, M|100\/100|[from] U-turn\n|\n|-weather|RainDance|[upkeep]\n|upkeep\n|turn|4\n|\n|t:|1699966306\n|switch|p1a: Reuniclus|Reuniclus, M|100\/100\n|move|p2a: Swampert|Earthquake|p1a: Reuniclus\n|-damage|p1a: Reuniclus|50\/100\n|\n|-weather|RainDance|[upkeep]\n|upkeep\n|turn|5\n|\n|t:|1699966315\n|detailschange|p2a: Swampert|Swampert-Mega, M\n|-mega|p2a: Swampert|Swampert|Swampertite\n|move|p1a: Reuniclus|Energy Ball|p2a: Swampert\n|-supereffective|p2a: Swampert\n|-damage|p2a: Swampert|0 fnt\n|faint|p2a: Swampert\n|-damage|p1a: Reuniclus|40\/100|[from] item: Life Orb\n|\n|-weather|none\n|-fieldend|move: Trick Room\n|upkeep\n|\n|t:|1699966328\n|switch|p2a: Pelipper|Pelipper, M|55\/100\n|-weather|RainDance|[from] ability: Drizzle|[of] p2a: Pelipper\n|turn|6\n|\n|t:|1699966342\n|switch|p1a: Vullaby|Vullaby, F|100\/100\n|move|p2a: Pelipper|Hurricane|p1a: Vullaby\n|-damage|p1a: Vullaby|65\/100\n|\n|-weather|RainDance|[upkeep]\n|upkeep\n|turn|7\n|\n|t:|1699966351\n|switch|p2a: Manaphy|Manaphy|100\/100\n|move|p1a: Vullaby|Toxic|p2a: Manaphy\n|-status|p2a: Manaphy|tox\n|\n|-weather|RainDance|[upkeep]\n|-activate|p2a: Manaphy|ability: Hydration\n|-curestatus|p2a: Manaphy|tox|[msg]\n|upkeep\n|turn|8\n|\n|t:|1699966362\n|move|p2a: Manaphy|Tail Glow|p2a: Manaphy\n|-boost|p2a: Manaphy|spa|3\n|move|p1a: Vullaby|Whirlwind|p2a: Manaphy\n|drag|p2a: Pelipper|Pelipper, M|55\/100\n|\n|-weather|RainDance|[upkeep]\n|upkeep\n|turn|9\n|\n|t:|1699966377\n|move|p2a: Pelipper|U-turn|p1a: Vullaby\n|-damage|p1a: Vullaby|61\/100\n|\n|t:|1699966381\n|switch|p2a: Kabutops|Kabutops, M|100\/100|[from] U-turn\n|move|p1a: Vullaby|Roost|p1a: Vullaby\n|-heal|p1a: Vullaby|100\/100\n|-singleturn|p1a: Vullaby|move: Roost\n|\n|-weather|RainDance|[upkeep]\n|upkeep\n|turn|10\n|inactive|savagewolf98420 has 60 seconds left.\n|\n|t:|1699966416\n|move|p2a: Kabutops|Flip Turn|p1a: Vullaby\n|-damage|p1a: Vullaby|71\/100\n|\n|t:|1699966440\n|switch|p2a: Zapdos|Zapdos|100\/100|[from] Flip Turn\n|move|p1a: Vullaby|Whirlwind|p2a: Zapdos\n|drag|p2a: Pelipper|Pelipper, M|55\/100\n|\n|-weather|none\n|upkeep\n|turn|11\n|\n|t:|1699966454\n|switch|p2a: Zapdos|Zapdos|100\/100\n|switch|p1a: Reuniclus|Reuniclus, M|74\/100\n|\n|upkeep\n|turn|12\n|\n|t:|1699966467\n|move|p2a: Zapdos|Thunder|p1a: Reuniclus|[miss]\n|-miss|p2a: Zapdos|p1a: Reuniclus\n|move|p1a: Reuniclus|Trick Room|p1a: Reuniclus\n|-fieldstart|move: Trick Room|[of] p1a: Reuniclus\n|\n|upkeep\n|turn|13\n|\n|t:|1699966476\n|move|p1a: Reuniclus|Psyshock|p2a: Zapdos\n|-damage|p2a: Zapdos|43\/100\n|-damage|p1a: Reuniclus|64\/100|[from] item: Life Orb\n|move|p2a: Zapdos|Volt Switch|p1a: Reuniclus\n|-damage|p1a: Reuniclus|25\/100\n|\n|t:|1699966485\n|switch|p2a: Rotom|Rotom-Wash|100\/100|[from] Volt Switch\n|\n|upkeep\n|turn|14\n|\n|t:|1699966490\n|move|p1a: Reuniclus|Energy Ball|p2a: Rotom\n|-supereffective|p2a: Rotom\n|-damage|p2a: Rotom|0 fnt\n|faint|p2a: Rotom\n|-damage|p1a: Reuniclus|15\/100|[from] item: Life Orb\n|\n|upkeep\n|\n|t:|1699966499\n|switch|p2a: Pelipper|Pelipper, M|55\/100\n|-weather|RainDance|[from] ability: Drizzle|[of] p2a: Pelipper\n|turn|15\n|\n|t:|1699966516\n|switch|p1a: Troncoso|Alomomola, F|100\/100\n|move|p2a: Pelipper|Roost|p2a: Pelipper\n|-heal|p2a: Pelipper|100\/100\n|-singleturn|p2a: Pelipper|move: Roost\n|\n|-weather|RainDance|[upkeep]\n|upkeep\n|turn|16\n|inactive|savagewolf98420 has 60 seconds left.\n|\n|t:|1699966528\n|move|p2a: Pelipper|Hurricane|p1a: Troncoso\n|-damage|p1a: Troncoso|58\/100\n|-start|p1a: Troncoso|confusion\n|-enditem|p1a: Troncoso|Red Card|[of] p2a: Pelipper\n|drag|p2a: Manaphy|Manaphy|100\/100\n|-activate|p1a: Troncoso|confusion\n|move|p1a: Troncoso|Wish|p1a: Troncoso\n|\n|-weather|RainDance|[upkeep]\n|-fieldend|move: Trick Room\n|upkeep\n|turn|17\n|inactive|savagewolf98420 has 60 seconds left.\n|\n|t:|1699966547\n|switch|p1a: Reuniclus|Reuniclus, M|48\/100\n|move|p2a: Manaphy|Tail Glow|p2a: Manaphy\n|-boost|p2a: Manaphy|spa|3\n|\n|-weather|RainDance|[upkeep]\n|-heal|p1a: Reuniclus|100\/100|[from] move: Wish|[wisher] Troncoso\n|upkeep\n|turn|18\n|inactive|savagewolf98420 has 60 seconds left.\n|\n|t:|1699966560\n|move|p2a: Manaphy|Shadow Ball|p1a: Reuniclus\n|-supereffective|p1a: Reuniclus\n|-damage|p1a: Reuniclus|0 fnt\n|faint|p1a: Reuniclus\n|\n|-weather|RainDance|[upkeep]\n|upkeep\n|inactive|F 137 has 120 seconds left.\n|\n|t:|1699966583\n|switch|p1a: Vullaby|Vullaby, F|71\/100\n|turn|19\n|\n|t:|1699966588\n|move|p2a: Manaphy|Scald|p1a: Vullaby\n|-damage|p1a: Vullaby|0 fnt\n|faint|p1a: Vullaby\n|\n|-weather|none\n|upkeep\n|\n|t:|1699966598\n|switch|p1a: Troncoso|Alomomola, F|91\/100\n|turn|20\n|\n|t:|1699966603\n|move|p2a: Manaphy|Shadow Ball|p1a: Troncoso\n|-damage|p1a: Troncoso|20\/100\n|move|p1a: Troncoso|Wish|p1a: Troncoso\n|\n|upkeep\n|turn|21\n|\n|t:|1699966615\n|switch|p1a: Cofagrigus|Cofagrigus, M|63\/100\n|move|p2a: Manaphy|Shadow Ball|p1a: Cofagrigus\n|-supereffective|p1a: Cofagrigus\n|-damage|p1a: Cofagrigus|0 fnt\n|faint|p1a: Cofagrigus\n|\n|upkeep\n|\n|t:|1699966623\n|switch|p1a: Escavalier|Escavalier, M|62\/100\n|turn|22\n|\n|t:|1699966632\n|move|p2a: Manaphy|Scald|p1a: Escavalier\n|-damage|p1a: Escavalier|0 fnt\n|faint|p1a: Escavalier\n|\n|upkeep\n|-message|F 137 forfeited.\n|\n|win|savagewolf98420\n|raw|F 137's rating: 1173 &rarr; <strong>1153<\/strong><br \/>(-20 for losing)\n|raw|savagewolf98420's rating: 1246 &rarr; <strong>1266<\/strong><br \/>(+20 for winning)\n|l|\u2606F 137\n","uploadtime":1699966643,"views":9,"p1id":"f137","p2id":"savagewolf98420","formatid":"gen9nationaldex","rating":1153,"private":0,"password":""}