{"id":"gen9nationaldex-1998613081","p1":"thedfghuyfdxgam","p2":"TPD JOHTO","format":"[Gen 9] National Dex","log":"|html|<div class=\"broadcast-blue\"><strong>[Gen 9] National Dex is currently suspecting Sneasler! For information on how to participate check out the <a href=\"https:\/\/www.smogon.com\/forums\/threads\/sv-national-dex-suspect-8-just-dance.3731534\/\">suspect thread<\/a>.<\/strong><\/div>\n|j|\u2606thedfghuyfdxgam\n|j|\u2606TPD JOHTO\n|t:|1700962977\n|gametype|singles\n|player|p1|thedfghuyfdxgam|lucas-gen4pt|1457\n|player|p2|TPD JOHTO|drayden|1636\n|teamsize|p1|6\n|teamsize|p2|6\n|gen|9\n|tier|[Gen 9] National Dex\n|rated|\n|rule|HP Percentage Mod: HP is shown in percentages\n|rule|Endless Battle Clause: Forcing endless battles is banned\n|rule|OHKO Clause: OHKO moves are banned\n|rule|Evasion Clause: Evasion abilities, items, and moves are banned\n|rule|Evasion Abilities Clause: Evasion abilities are banned\n|rule|Evasion Items Clause: Evasion items are banned\n|rule|Evasion Moves Clause: Evasion moves are banned\n|rule|Species Clause: Limit one of each Pok\u00e9mon\n|rule|Sleep Clause Mod: Limit one foe put to sleep\n|clearpoke\n|poke|p1|Ursaluna, F|\n|poke|p1|Porygon2|\n|poke|p1|Hatterene, F|\n|poke|p1|Cresselia, F|\n|poke|p1|Camerupt, M|\n|poke|p1|Azumarill, F|\n|poke|p2|Raikou|\n|poke|p2|Suicune|\n|poke|p2|Entei|\n|poke|p2|Tyranitar, F|\n|poke|p2|Celebi|\n|poke|p2|Skarmory, M|\n|teampreview\n|inactive|Battle timer is ON: inactive players will automatically lose when time's up. (requested by thedfghuyfdxgam)\n|\n|t:|1700962982\n|start\n|switch|p1a: Porygon2|Porygon2|100\/100\n|switch|p2a: Kubo|Raikou, shiny|100\/100\n|-ability|p2a: Kubo|Pressure\n|-ability|p1a: Porygon2|Pressure\n|-ability|p1a: Porygon2|Pressure|[from] ability: Trace|[of] p2a: Kubo\n|turn|1\n|\n|t:|1700962987\n|move|p2a: Kubo|Substitute|p2a: Kubo\n|-start|p2a: Kubo|Substitute\n|-damage|p2a: Kubo|76\/100\n|move|p1a: Porygon2|Trick Room|p1a: Porygon2\n|-fieldstart|move: Trick Room|[of] p1a: Porygon2\n|\n|-heal|p2a: Kubo|82\/100|[from] item: Leftovers\n|upkeep\n|turn|2\n|\n|t:|1700962995\n|move|p2a: Kubo|Calm Mind|p2a: Kubo\n|-boost|p2a: Kubo|spa|1\n|-boost|p2a: Kubo|spd|1\n|move|p1a: Porygon2|Teleport|p1a: Porygon2\n|\n|t:|1700962998\n|switch|p1a: Ursaluna|Ursaluna, F|100\/100|[from] Teleport\n|\n|-heal|p2a: Kubo|88\/100|[from] item: Leftovers\n|-status|p1a: Ursaluna|brn|[from] item: Flame Orb\n|upkeep\n|turn|3\n|\n|t:|1700963006\n|move|p2a: Kubo|Protect|p2a: Kubo\n|-singleturn|p2a: Kubo|Protect\n|move|p1a: Ursaluna|Facade|p2a: Kubo\n|-activate|p2a: Kubo|move: Protect\n|\n|-heal|p2a: Kubo|94\/100|[from] item: Leftovers\n|-damage|p1a: Ursaluna|94\/100 brn|[from] brn\n|upkeep\n|turn|4\n|\n|t:|1700963013\n|move|p1a: Ursaluna|Facade|p2a: Kubo\n|-end|p2a: Kubo|Substitute\n|move|p2a: Kubo|Substitute|p2a: Kubo\n|-start|p2a: Kubo|Substitute\n|-damage|p2a: Kubo|69\/100\n|\n|-heal|p2a: Kubo|76\/100|[from] item: Leftovers\n|-damage|p1a: Ursaluna|88\/100 brn|[from] brn\n|upkeep\n|turn|5\n|\n|t:|1700963023\n|move|p1a: Ursaluna|Facade|p2a: Kubo\n|-end|p2a: Kubo|Substitute\n|move|p2a: Kubo|Scald|p1a: Ursaluna\n|-supereffective|p1a: Ursaluna\n|-damage|p1a: Ursaluna|37\/100 brn\n|\n|-heal|p2a: Kubo|82\/100|[from] item: Leftovers\n|-damage|p1a: Ursaluna|31\/100 brn|[from] brn\n|-fieldend|move: Trick Room\n|upkeep\n|turn|6\n|\n|t:|1700963031\n|switch|p1a: Hatterene|Hatterene, F|100\/100\n|move|p2a: Kubo|Scald|p1a: Hatterene\n|-damage|p1a: Hatterene|68\/100\n|\n|-heal|p2a: Kubo|88\/100|[from] item: Leftovers\n|upkeep\n|turn|7\n|\n|t:|1700963035\n|move|p2a: Kubo|Substitute|p2a: Kubo\n|-start|p2a: Kubo|Substitute\n|-damage|p2a: Kubo|63\/100\n|move|p1a: Hatterene|Trick Room|p1a: Hatterene\n|-fieldstart|move: Trick Room|[of] p1a: Hatterene\n|\n|-heal|p2a: Kubo|69\/100|[from] item: Leftovers\n|upkeep\n|turn|8\n|\n|t:|1700963041\n|move|p1a: Hatterene|Psychic|p2a: Kubo\n|-end|p2a: Kubo|Substitute\n|move|p2a: Kubo|Calm Mind|p2a: Kubo\n|-boost|p2a: Kubo|spa|1\n|-boost|p2a: Kubo|spd|1\n|\n|-heal|p2a: Kubo|76\/100|[from] item: Leftovers\n|upkeep\n|turn|9\n|\n|t:|1700963055\n|move|p1a: Hatterene|Healing Wish|p1a: Hatterene\n|faint|p1a: Hatterene\n|move|p2a: Kubo|Substitute|p2a: Kubo\n|-start|p2a: Kubo|Substitute\n|-damage|p2a: Kubo|51\/100\n|\n|-heal|p2a: Kubo|57\/100|[from] item: Leftovers\n|upkeep\n|\n|t:|1700963057\n|switch|p1a: Ursaluna|Ursaluna, F|31\/100 brn\n|-heal|p1a: Ursaluna|100\/100|[from] move: Healing Wish\n|turn|10\n|\n|t:|1700963064\n|-terastallize|p1a: Ursaluna|Normal\n|move|p2a: Kubo|Protect|p2a: Kubo\n|-singleturn|p2a: Kubo|Protect\n|move|p1a: Ursaluna|Facade|p2a: Kubo\n|-activate|p2a: Kubo|move: Protect\n|\n|-heal|p2a: Kubo|63\/100|[from] item: Leftovers\n|-status|p1a: Ursaluna|brn|[from] item: Flame Orb\n|upkeep\n|turn|11\n|inactive|TPD JOHTO has 120 seconds left.\n|\n|t:|1700963105\n|move|p1a: Ursaluna|Facade|p2a: Kubo\n|-end|p2a: Kubo|Substitute\n|move|p2a: Kubo|Scald|p1a: Ursaluna\n|-damage|p1a: Ursaluna|62\/100 brn\n|\n|-heal|p2a: Kubo|69\/100|[from] item: Leftovers\n|-damage|p1a: Ursaluna|56\/100 brn|[from] brn\n|-fieldend|move: Trick Room\n|upkeep\n|turn|12\n|\n|t:|1700963134\n|switch|p2a: Scissors|Skarmory, M, shiny|100\/100\n|move|p1a: Ursaluna|Facade|p2a: Scissors\n|-resisted|p2a: Scissors\n|-damage|p2a: Scissors|53\/100\n|-damage|p1a: Ursaluna|40\/100 brn|[from] item: Rocky Helmet|[of] p2a: Scissors\n|\n|-damage|p1a: Ursaluna|34\/100 brn|[from] brn\n|upkeep\n|turn|13\n|\n|t:|1700963144\n|switch|p1a: Porygon2|Porygon2|100\/100\n|-ability|p1a: Porygon2|Sturdy|[from] ability: Trace|[of] p2a: Scissors\n|move|p2a: Scissors|Roost|p2a: Scissors\n|-heal|p2a: Scissors|100\/100\n|-singleturn|p2a: Scissors|move: Roost\n|\n|upkeep\n|turn|14\n|\n|t:|1700963157\n|switch|p2a: Kubo|Raikou, shiny|69\/100\n|-ability|p2a: Kubo|Pressure\n|move|p1a: Porygon2|Trick Room|p1a: Porygon2\n|-fieldstart|move: Trick Room|[of] p1a: Porygon2\n|\n|-heal|p2a: Kubo|76\/100|[from] item: Leftovers\n|upkeep\n|turn|15\n|\n|t:|1700963164\n|switch|p1a: Azumarill|Azumarill, F|100\/100\n|move|p2a: Kubo|Substitute|p2a: Kubo\n|-start|p2a: Kubo|Substitute\n|-damage|p2a: Kubo|51\/100\n|\n|-heal|p2a: Kubo|57\/100|[from] item: Leftovers\n|upkeep\n|turn|16\n|\n|t:|1700963168\n|move|p1a: Azumarill|Belly Drum|p1a: Azumarill\n|-damage|p1a: Azumarill|50\/100\n|-setboost|p1a: Azumarill|atk|6|[from] move: Belly Drum\n|-enditem|p1a: Azumarill|Sitrus Berry|[eat]\n|-heal|p1a: Azumarill|75\/100|[from] item: Sitrus Berry\n|move|p2a: Kubo|Scald|p1a: Azumarill\n|-resisted|p1a: Azumarill\n|-damage|p1a: Azumarill|65\/100\n|\n|-heal|p2a: Kubo|63\/100|[from] item: Leftovers\n|upkeep\n|turn|17\n|\n|t:|1700963171\n|move|p1a: Azumarill|Aqua Jet|p2a: Kubo\n|-end|p2a: Kubo|Substitute\n|move|p2a: Kubo|Scald|p1a: Azumarill\n|-resisted|p1a: Azumarill\n|-damage|p1a: Azumarill|54\/100\n|-status|p1a: Azumarill|brn\n|\n|-heal|p2a: Kubo|69\/100|[from] item: Leftovers\n|-damage|p1a: Azumarill|48\/100 brn|[from] brn\n|upkeep\n|turn|18\n|\n|t:|1700963178\n|switch|p2a: Paper|Celebi|100\/100\n|move|p1a: Azumarill|Liquidation|p2a: Paper\n|-resisted|p2a: Paper\n|-damage|p2a: Paper|65\/100\n|-unboost|p2a: Paper|def|1\n|\n|-heal|p2a: Paper|72\/100|[from] item: Leftovers\n|-damage|p1a: Azumarill|42\/100 brn|[from] brn\n|-fieldend|move: Trick Room\n|upkeep\n|turn|19\n|\n|t:|1700963191\n|move|p2a: Paper|Giga Drain|p1a: Azumarill\n|-supereffective|p1a: Azumarill\n|-crit|p1a: Azumarill\n|-damage|p1a: Azumarill|0 fnt\n|-heal|p2a: Paper|92\/100|[from] drain|[of] p1a: Azumarill\n|faint|p1a: Azumarill\n|\n|-heal|p2a: Paper|99\/100|[from] item: Leftovers\n|upkeep\n|\n|t:|1700963197\n|switch|p1a: Porygon2|Porygon2|100\/100\n|-ability|p1a: Porygon2|Natural Cure|[from] ability: Trace|[of] p2a: Paper\n|turn|20\n|\n|t:|1700963204\n|switch|p2a: Kubo|Raikou, shiny|69\/100\n|-ability|p2a: Kubo|Pressure\n|move|p1a: Porygon2|Trick Room|p1a: Porygon2\n|-fieldstart|move: Trick Room|[of] p1a: Porygon2\n|\n|-heal|p2a: Kubo|76\/100|[from] item: Leftovers\n|upkeep\n|turn|21\n|-message|thedfghuyfdxgam forfeited.\n|\n|win|TPD JOHTO\n|raw|thedfghuyfdxgam's rating: 1457 &rarr; <strong>1446<\/strong><br \/>(-11 for losing)\n|raw|TPD JOHTO's rating: 1636 &rarr; <strong>1647<\/strong><br \/>(+11 for winning)\n|l|\u2606thedfghuyfdxgam\n","uploadtime":1700963219,"views":19,"p1id":"thedfghuyfdxgam","p2id":"tpdjohto","formatid":"gen9nationaldex","rating":1446,"private":0,"password":""}