{"id":"gen9nationaldex-1989567039","p1":"Yuanshen61\u6211\u8981\u73a9\u539f\u795e","p2":"Lo-F1","format":"[Gen 9] National Dex","log":"|j|\u2606Yuanshen61\u6211\u8981\u73a9\u539f\u795e\n|j|\u2606Lo-F1\n|t:|1699872411\n|gametype|singles\n|player|p1|Yuanshen61\u6211\u8981\u73a9\u539f\u795e|dawn-contest|1408\n|player|p2|Lo-F1|pokemonrangerf|1318\n|teamsize|p1|6\n|teamsize|p2|6\n|gen|9\n|tier|[Gen 9] National Dex\n|rated|\n|rule|HP Percentage Mod: HP is shown in percentages\n|rule|Endless Battle Clause: Forcing endless battles is banned\n|rule|OHKO Clause: OHKO moves are banned\n|rule|Evasion Clause: Evasion abilities, items, and moves are banned\n|rule|Evasion Abilities Clause: Evasion abilities are banned\n|rule|Evasion Items Clause: Evasion items are banned\n|rule|Evasion Moves Clause: Evasion moves are banned\n|rule|Species Clause: Limit one of each Pok\u00e9mon\n|rule|Sleep Clause Mod: Limit one foe put to sleep\n|clearpoke\n|poke|p1|Gyarados, F|\n|poke|p1|Grimmsnarl, M|\n|poke|p1|Victini|\n|poke|p1|Great Tusk|\n|poke|p1|Ogerpon-Cornerstone, F|\n|poke|p1|Garganacl, M|\n|poke|p2|Torkoal, F|\n|poke|p2|Lilligant, F|\n|poke|p2|Brute Bonnet|\n|poke|p2|Toxapex, M|\n|poke|p2|Typhlosion, M|\n|poke|p2|Slither Wing|\n|teampreview\n|inactive|Battle timer is ON: inactive players will automatically lose when time's up. (requested by Yuanshen61\u6211\u8981\u73a9\u539f\u795e)\n|\n|t:|1699872420\n|start\n|switch|p1a: \u6851\u535a|Grimmsnarl, M|100\/100\n|switch|p2a: Torkoal|Torkoal, F|100\/100\n|-weather|SunnyDay|[from] ability: Drought|[of] p2a: Torkoal\n|turn|1\n|\n|t:|1699872427\n|move|p1a: \u6851\u535a|Taunt|p2a: Torkoal\n|-start|p2a: Torkoal|move: Taunt\n|cant|p2a: Torkoal|move: Taunt|Stealth Rock\n|\n|-weather|SunnyDay|[upkeep]\n|upkeep\n|turn|2\n|\n|t:|1699872432\n|switch|p2a: Brute Bonnet|Brute Bonnet|100\/100\n|-activate|p2a: Brute Bonnet|ability: Protosynthesis\n|-start|p2a: Brute Bonnet|protosynthesisatk\n|move|p1a: \u6851\u535a|Light Screen|p1a: \u6851\u535a\n|-sidestart|p1: Yuanshen61\u6211\u8981\u73a9\u539f\u795e|move: Light Screen\n|\n|-weather|SunnyDay|[upkeep]\n|upkeep\n|turn|3\n|\n|t:|1699872446\n|move|p1a: \u6851\u535a|Reflect|p1a: \u6851\u535a\n|-sidestart|p1: Yuanshen61\u6211\u8981\u73a9\u539f\u795e|Reflect\n|move|p2a: Brute Bonnet|Spore|p1a: \u6851\u535a\n|-status|p1a: \u6851\u535a|slp|[from] move: Spore\n|\n|-weather|SunnyDay|[upkeep]\n|upkeep\n|turn|4\n|\n|t:|1699872462\n|switch|p1a: \u80e1\u6843|Victini|100\/100\n|-end|p2a: Brute Bonnet|Protosynthesis|[silent]\n|switch|p2a: Torkoal|Torkoal, F|100\/100\n|\n|-weather|SunnyDay|[upkeep]\n|upkeep\n|turn|5\n|\n|t:|1699872468\n|move|p1a: \u80e1\u6843|Trick|p2a: Torkoal\n|-activate|p1a: \u80e1\u6843|move: Trick|[of] p2a: Torkoal\n|-item|p2a: Torkoal|Choice Scarf|[from] move: Trick\n|-item|p1a: \u80e1\u6843|Heat Rock|[from] move: Trick\n|move|p2a: Torkoal|Stealth Rock|p1a: \u80e1\u6843\n|-sidestart|p1: Yuanshen61\u6211\u8981\u73a9\u539f\u795e|move: Stealth Rock\n|\n|-weather|SunnyDay|[upkeep]\n|upkeep\n|turn|6\n|\n|t:|1699872479\n|switch|p2a: Toxapex|Toxapex, M|100\/100\n|-terastallize|p1a: \u80e1\u6843|Fire\n|move|p1a: \u80e1\u6843|V-create|p2a: Toxapex\n|-resisted|p2a: Toxapex\n|-damage|p2a: Toxapex|47\/100\n|-unboost|p1a: \u80e1\u6843|spe|1\n|-unboost|p1a: \u80e1\u6843|def|1\n|-unboost|p1a: \u80e1\u6843|spd|1\n|\n|-weather|SunnyDay|[upkeep]\n|-heal|p2a: Toxapex|53\/100|[from] item: Black Sludge\n|-sideend|p1: Yuanshen61\u6211\u8981\u73a9\u539f\u795e|move: Light Screen\n|upkeep\n|turn|7\n|\n|t:|1699872489\n|move|p2a: Toxapex|Baneful Bunker|p2a: Toxapex\n|-singleturn|p2a: Toxapex|move: Protect\n|move|p1a: \u80e1\u6843|Bolt Strike|p2a: Toxapex\n|-activate|p2a: Toxapex|move: Protect\n|-status|p1a: \u80e1\u6843|psn\n|\n|-weather|SunnyDay|[upkeep]\n|-heal|p2a: Toxapex|60\/100|[from] item: Black Sludge\n|-damage|p1a: \u80e1\u6843|88\/100 psn|[from] psn\n|-sideend|p1: Yuanshen61\u6211\u8981\u73a9\u539f\u795e|Reflect\n|upkeep\n|turn|8\n|\n|t:|1699872502\n|switch|p2a: Brute Bonnet|Brute Bonnet|100\/100\n|-activate|p2a: Brute Bonnet|ability: Protosynthesis\n|-start|p2a: Brute Bonnet|protosynthesisatk\n|move|p1a: \u80e1\u6843|V-create|p2a: Brute Bonnet\n|-supereffective|p2a: Brute Bonnet\n|-damage|p2a: Brute Bonnet|0 fnt\n|-unboost|p1a: \u80e1\u6843|spe|1\n|-unboost|p1a: \u80e1\u6843|def|1\n|-unboost|p1a: \u80e1\u6843|spd|1\n|faint|p2a: Brute Bonnet\n|-end|p2a: Brute Bonnet|Protosynthesis|[silent]\n|\n|-weather|none\n|-damage|p1a: \u80e1\u6843|76\/100 psn|[from] psn\n|upkeep\n|\n|t:|1699872515\n|switch|p2a: Hear me out....|Lilligant, F|100\/100\n|turn|9\n|\n|t:|1699872525\n|switch|p2a: Typhlosion|Typhlosion, M, shiny|100\/100\n|switch|p1a: \u8352\u6cf7\u4e00\u6597|Great Tusk|100\/100\n|-damage|p1a: \u8352\u6cf7\u4e00\u6597|98\/100|[from] Stealth Rock\n|\n|-heal|p1a: \u8352\u6cf7\u4e00\u6597|100\/100|[from] item: Leftovers\n|upkeep\n|turn|10\n|\n|t:|1699872534\n|switch|p2a: Torkoal|Torkoal, F|100\/100\n|-weather|SunnyDay|[from] ability: Drought|[of] p2a: Torkoal\n|-activate|p1a: \u8352\u6cf7\u4e00\u6597|ability: Protosynthesis\n|-start|p1a: \u8352\u6cf7\u4e00\u6597|protosynthesisatk\n|move|p1a: \u8352\u6cf7\u4e00\u6597|Rapid Spin|p2a: Torkoal\n|-damage|p2a: Torkoal|87\/100\n|-boost|p1a: \u8352\u6cf7\u4e00\u6597|spe|1\n|-sideend|p1: Yuanshen61\u6211\u8981\u73a9\u539f\u795e|Stealth Rock|[from] move: Rapid Spin|[of] p1a: \u8352\u6cf7\u4e00\u6597\n|\n|-weather|SunnyDay|[upkeep]\n|upkeep\n|turn|11\n|\n|t:|1699872544\n|switch|p2a: Slither Wing|Slither Wing, shiny|100\/100\n|-activate|p2a: Slither Wing|ability: Protosynthesis\n|-start|p2a: Slither Wing|protosynthesisatk\n|move|p1a: \u8352\u6cf7\u4e00\u6597|Stealth Rock|p2a: Slither Wing\n|-sidestart|p2: Lo-F1|move: Stealth Rock\n|\n|-weather|SunnyDay|[upkeep]\n|upkeep\n|turn|12\n|\n|t:|1699872554\n|-end|p1a: \u8352\u6cf7\u4e00\u6597|Protosynthesis|[silent]\n|switch|p1a: \u90a3\u7ef4\u83b1\u7279|Gyarados, F|100\/100\n|-ability|p1a: \u90a3\u7ef4\u83b1\u7279|Intimidate|boost\n|-unboost|p2a: Slither Wing|atk|1\n|move|p2a: Slither Wing|First Impression|p1a: \u90a3\u7ef4\u83b1\u7279\n|-resisted|p1a: \u90a3\u7ef4\u83b1\u7279\n|-crit|p1a: \u90a3\u7ef4\u83b1\u7279\n|-damage|p1a: \u90a3\u7ef4\u83b1\u7279|17\/100\n|-damage|p2a: Slither Wing|91\/100|[from] item: Life Orb\n|\n|-weather|SunnyDay|[upkeep]\n|upkeep\n|turn|13\n|\n|t:|1699872571\n|switch|p1a: \u6851\u535a|Grimmsnarl, M|100\/100 slp\n|move|p2a: Slither Wing|Wild Charge|p1a: \u6851\u535a\n|-damage|p1a: \u6851\u535a|51\/100 slp\n|-damage|p2a: Slither Wing|75\/100|[from] Recoil\n|-damage|p2a: Slither Wing|65\/100|[from] item: Life Orb\n|\n|-weather|SunnyDay|[upkeep]\n|upkeep\n|turn|14\n|\n|t:|1699872583\n|cant|p1a: \u6851\u535a|slp\n|move|p2a: Slither Wing|Wild Charge|p1a: \u6851\u535a\n|-damage|p1a: \u6851\u535a|4\/100 slp\n|-damage|p2a: Slither Wing|50\/100|[from] Recoil\n|-damage|p2a: Slither Wing|40\/100|[from] item: Life Orb\n|\n|-weather|none\n|-end|p2a: Slither Wing|Protosynthesis\n|upkeep\n|turn|15\n|\n|t:|1699872591\n|-curestatus|p1a: \u6851\u535a|slp|[msg]\n|-zpower|p1a: \u6851\u535a\n|move|p1a: \u6851\u535a|Z-Parting Shot|p2a: Slither Wing|[anim]Parting Shot\n|-activate|p1a: \u6851\u535a|healreplacement\n|-unboost|p2a: Slither Wing|atk|1\n|-unboost|p2a: Slither Wing|spa|1\n|\n|t:|1699872594\n|switch|p1a: \u90a3\u7ef4\u83b1\u7279|Gyarados, F|17\/100|[from] Parting Shot\n|-heal|p1a: \u90a3\u7ef4\u83b1\u7279|100\/100|[from] move: Parting Shot|[zeffect]\n|-ability|p1a: \u90a3\u7ef4\u83b1\u7279|Intimidate|boost\n|-unboost|p2a: Slither Wing|atk|1\n|move|p2a: Slither Wing|Flame Charge|p1a: \u90a3\u7ef4\u83b1\u7279\n|-resisted|p1a: \u90a3\u7ef4\u83b1\u7279\n|-damage|p1a: \u90a3\u7ef4\u83b1\u7279|94\/100\n|-boost|p2a: Slither Wing|spe|1\n|-damage|p2a: Slither Wing|30\/100|[from] item: Life Orb\n|\n|upkeep\n|turn|16\n|-message|Lo-F1 forfeited.\n|\n|win|Yuanshen61\u6211\u8981\u73a9\u539f\u795e\n|raw|Yuanshen61\u6211\u8981\u73a9\u539f\u795e's rating: 1408 &rarr; <strong>1423<\/strong><br \/>(+15 for winning)\n|raw|Lo-F1's rating: 1318 &rarr; <strong>1303<\/strong><br \/>(-15 for losing)\n|l|\u2606Lo-F1\n","uploadtime":1699872611,"views":4,"p1id":"yuanshen61","p2id":"lof1","formatid":"gen9nationaldex","rating":1303,"private":0,"password":""}