{"id":"gen9nationaldex-1993359778","p1":"zgynumber","p2":"KEVINWMQX","format":"[Gen 9] National Dex","log":"|j|\u2606zgynumber\n|j|\u2606KEVINWMQX\n|t:|1700305670\n|gametype|singles\n|player|p1|zgynumber|102|1601\n|player|p2|KEVINWMQX|nate|1557\n|teamsize|p1|6\n|teamsize|p2|6\n|gen|9\n|tier|[Gen 9] National Dex\n|rated|\n|rule|HP Percentage Mod: HP is shown in percentages\n|rule|Endless Battle Clause: Forcing endless battles is banned\n|rule|OHKO Clause: OHKO moves are banned\n|rule|Evasion Clause: Evasion abilities, items, and moves are banned\n|rule|Evasion Abilities Clause: Evasion abilities are banned\n|rule|Evasion Items Clause: Evasion items are banned\n|rule|Evasion Moves Clause: Evasion moves are banned\n|rule|Species Clause: Limit one of each Pok\u00e9mon\n|rule|Sleep Clause Mod: Limit one foe put to sleep\n|clearpoke\n|poke|p1|Garchomp, M|\n|poke|p1|Dragonite, M|\n|poke|p1|Ursaluna, M|\n|poke|p1|Tapu Koko|\n|poke|p1|Moltres|\n|poke|p1|Hoopa-Unbound|\n|poke|p2|Charizard, M|\n|poke|p2|Skeledirge, M|\n|poke|p2|Tyranitar, M|\n|poke|p2|Ogerpon-Wellspring, F|\n|poke|p2|Tapu Lele|\n|poke|p2|Gliscor, M|\n|teampreview\n|inactive|Battle timer is ON: inactive players will automatically lose when time's up. (requested by zgynumber)\n|\n|t:|1700305684\n|start\n|switch|p1a: Tapu Koko|Tapu Koko, shiny|100\/100\n|switch|p2a: Tapu Lele|Tapu Lele|100\/100\n|-fieldstart|move: Psychic Terrain|[from] ability: Psychic Surge|[of] p2a: Tapu Lele\n|-fieldstart|move: Electric Terrain|[from] ability: Electric Surge|[of] p1a: Tapu Koko\n|turn|1\n|\n|t:|1700305706\n|switch|p2a: Tyranitar|Tyranitar, M|100\/100\n|-weather|Sandstorm|[from] ability: Sand Stream|[of] p2a: Tyranitar\n|move|p1a: Tapu Koko|Dazzling Gleam|p2a: Tyranitar\n|-supereffective|p2a: Tyranitar\n|-damage|p2a: Tyranitar|63\/100\n|\n|-weather|Sandstorm|[upkeep]\n|-damage|p1a: Tapu Koko|94\/100|[from] Sandstorm\n|upkeep\n|turn|2\n|\n|t:|1700305716\n|switch|p1a: Ursaluna|Ursaluna, M, shiny|100\/100\n|move|p2a: Tyranitar|Stone Edge|p1a: Ursaluna|[miss]\n|-miss|p2a: Tyranitar|p1a: Ursaluna\n|\n|-weather|Sandstorm|[upkeep]\n|upkeep\n|turn|3\n|\n|t:|1700305732\n|switch|p2a: Gliscor|Gliscor, M|100\/100\n|move|p1a: Ursaluna|Headlong Rush|p2a: Gliscor\n|-immune|p2a: Gliscor\n|\n|-weather|Sandstorm|[upkeep]\n|-status|p2a: Gliscor|tox|[from] item: Toxic Orb\n|upkeep\n|turn|4\n|\n|t:|1700305740\n|switch|p1a: Garchomp|Garchomp, M, shiny|100\/100\n|move|p2a: Gliscor|Toxic|p1a: Garchomp\n|-status|p1a: Garchomp|tox\n|\n|-weather|Sandstorm|[upkeep]\n|-damage|p1a: Garchomp|94\/100 tox|[from] psn\n|upkeep\n|turn|5\n|\n|t:|1700305749\n|switch|p2a: Tapu Lele|Tapu Lele|100\/100\n|-fieldstart|move: Psychic Terrain|[from] ability: Psychic Surge|[of] p2a: Tapu Lele\n|-terastallize|p1a: Garchomp|Ice\n|move|p1a: Garchomp|Tera Blast|p2a: Tapu Lele|[anim] Tera Blast Ice\n|-damage|p2a: Tapu Lele|32\/100\n|\n|-weather|none\n|-damage|p1a: Garchomp|82\/100 tox|[from] psn\n|upkeep\n|turn|6\n|\n|t:|1700305761\n|-terastallize|p2a: Tapu Lele|Psychic\n|move|p1a: Garchomp|Tera Blast|p2a: Tapu Lele|[anim] Tera Blast Ice\n|-damage|p2a: Tapu Lele|0 fnt\n|faint|p2a: Tapu Lele\n|\n|-damage|p1a: Garchomp|64\/100 tox|[from] psn\n|upkeep\n|\n|t:|1700305776\n|switch|p2a: Ogerpon|Ogerpon-Wellspring, F|100\/100\n|turn|7\n|\n|t:|1700305783\n|move|p1a: Garchomp|Tera Blast|p2a: Ogerpon|[anim] Tera Blast Ice\n|-damage|p2a: Ogerpon|46\/100\n|move|p2a: Ogerpon|Swords Dance|p2a: Ogerpon\n|-boost|p2a: Ogerpon|atk|2\n|\n|-damage|p1a: Garchomp|39\/100 tox|[from] psn\n|upkeep\n|turn|8\n|\n|t:|1700305796\n|switch|p2a: Skeledirge|Skeledirge, M, shiny|100\/100\n|move|p1a: Garchomp|Tera Blast|p2a: Skeledirge|[anim] Tera Blast Ice\n|-resisted|p2a: Skeledirge\n|-damage|p2a: Skeledirge|85\/100\n|\n|-heal|p2a: Skeledirge|91\/100|[from] item: Leftovers\n|-damage|p1a: Garchomp|8\/100 tox|[from] psn\n|upkeep\n|turn|9\n|\n|t:|1700305809\n|switch|p1a: Hoopa|Hoopa-Unbound|100\/100\n|move|p2a: Skeledirge|Will-O-Wisp|p1a: Hoopa\n|-status|p1a: Hoopa|brn\n|\n|-heal|p2a: Skeledirge|97\/100|[from] item: Leftovers\n|-damage|p1a: Hoopa|95\/100 brn|[from] brn\n|-fieldend|move: Psychic Terrain\n|upkeep\n|turn|10\n|\n|t:|1700305819\n|switch|p2a: Gliscor|Gliscor, M|100\/100 tox\n|move|p1a: Hoopa|Dark Pulse|p2a: Gliscor\n|-damage|p2a: Gliscor|57\/100 tox\n|\n|-heal|p2a: Gliscor|70\/100 tox|[from] ability: Poison Heal\n|-damage|p1a: Hoopa|89\/100 brn|[from] brn\n|upkeep\n|turn|11\n|\n|t:|1700305833\n|move|p1a: Hoopa|Psyshock|p2a: Gliscor\n|-damage|p2a: Gliscor|23\/100 tox\n|move|p2a: Gliscor|Toxic||[still]\n|-fail|p2a: Gliscor\n|\n|-heal|p2a: Gliscor|35\/100 tox|[from] ability: Poison Heal\n|-damage|p1a: Hoopa|83\/100 brn|[from] brn\n|upkeep\n|turn|12\n|\n|t:|1700305843\n|switch|p2a: Tyranitar|Tyranitar, M|63\/100\n|-weather|Sandstorm|[from] ability: Sand Stream|[of] p2a: Tyranitar\n|move|p1a: Hoopa|Dark Pulse|p2a: Tyranitar\n|-resisted|p2a: Tyranitar\n|-damage|p2a: Tyranitar|52\/100\n|\n|-weather|Sandstorm|[upkeep]\n|-damage|p1a: Hoopa|77\/100 brn|[from] Sandstorm\n|-damage|p1a: Hoopa|71\/100 brn|[from] brn\n|upkeep\n|turn|13\n|\n|t:|1700305855\n|-zpower|p1a: Hoopa\n|move|p1a: Hoopa|All-Out Pummeling|p2a: Tyranitar|[zeffect]\n|-supereffective|p2a: Tyranitar\n|-damage|p2a: Tyranitar|0 fnt\n|faint|p2a: Tyranitar\n|\n|-weather|Sandstorm|[upkeep]\n|-damage|p1a: Hoopa|65\/100 brn|[from] Sandstorm\n|-damage|p1a: Hoopa|59\/100 brn|[from] brn\n|upkeep\n|\n|t:|1700305864\n|switch|p2a: Ogerpon|Ogerpon-Wellspring, F|46\/100\n|turn|14\n|\n|t:|1700305875\n|switch|p1a: Dragonite|Dragonite, M, shiny|100\/100\n|move|p2a: Ogerpon|Ivy Cudgel|p1a: Dragonite|[anim] Ivy Cudgel Water\n|-resisted|p1a: Dragonite\n|-damage|p1a: Dragonite|85\/100\n|\n|-weather|Sandstorm|[upkeep]\n|-damage|p2a: Ogerpon|40\/100|[from] Sandstorm\n|-damage|p1a: Dragonite|79\/100|[from] Sandstorm\n|upkeep\n|turn|15\n|\n|t:|1700305888\n|switch|p2a: Skeledirge|Skeledirge, M, shiny|97\/100\n|move|p1a: Dragonite|Dual Wingbeat|p2a: Skeledirge|[miss]\n|-miss|p1a: Dragonite|p2a: Skeledirge\n|\n|-weather|Sandstorm|[upkeep]\n|-damage|p1a: Dragonite|73\/100|[from] Sandstorm\n|-damage|p2a: Skeledirge|91\/100|[from] Sandstorm\n|-heal|p2a: Skeledirge|97\/100|[from] item: Leftovers\n|upkeep\n|turn|16\n|\n|t:|1700305898\n|switch|p1a: Hoopa|Hoopa-Unbound|59\/100 brn\n|move|p2a: Skeledirge|Torch Song|p1a: Hoopa\n|-damage|p1a: Hoopa|33\/100 brn\n|-boost|p2a: Skeledirge|spa|1\n|\n|-weather|none\n|-heal|p2a: Skeledirge|100\/100|[from] item: Leftovers\n|-damage|p1a: Hoopa|27\/100 brn|[from] brn\n|upkeep\n|turn|17\n|\n|t:|1700305912\n|switch|p2a: Gliscor|Gliscor, M|35\/100 tox\n|move|p1a: Hoopa|Dark Pulse|p2a: Gliscor\n|-damage|p2a: Gliscor|0 fnt\n|faint|p2a: Gliscor\n|\n|-damage|p1a: Hoopa|21\/100 brn|[from] brn\n|upkeep\n|\n|t:|1700305914\n|switch|p2a: \u7130\u706b\u9f99|Charizard, M, shiny|100\/100\n|turn|18\n|\n|t:|1700305923\n|switch|p1a: Ursaluna|Ursaluna, M, shiny|100\/100\n|detailschange|p2a: \u7130\u706b\u9f99|Charizard-Mega-Y, M, shiny\n|-mega|p2a: \u7130\u706b\u9f99|Charizard|Charizardite Y\n|-weather|SunnyDay|[from] ability: Drought|[of] p2a: \u7130\u706b\u9f99\n|move|p2a: \u7130\u706b\u9f99|Flame Charge|p1a: Ursaluna\n|-damage|p1a: Ursaluna|80\/100\n|-boost|p2a: \u7130\u706b\u9f99|spe|1\n|\n|-weather|SunnyDay|[upkeep]\n|upkeep\n|turn|19\n|\n|t:|1700305933\n|move|p2a: \u7130\u706b\u9f99|Weather Ball|p1a: Ursaluna\n|-immune|p1a: Ursaluna|[from] ability: Bulletproof\n|move|p1a: Ursaluna|Stone Edge|p2a: \u7130\u706b\u9f99|[miss]\n|-miss|p1a: Ursaluna|p2a: \u7130\u706b\u9f99\n|\n|-weather|SunnyDay|[upkeep]\n|upkeep\n|turn|20\n|\n|t:|1700305941\n|move|p2a: \u7130\u706b\u9f99|Solar Beam||[still]\n|-prepare|p2a: \u7130\u706b\u9f99|Solar Beam\n|-anim|p2a: \u7130\u706b\u9f99|Solar Beam|p1a: Ursaluna\n|-supereffective|p1a: Ursaluna\n|-damage|p1a: Ursaluna|25\/100\n|move|p1a: Ursaluna|Stone Edge|p2a: \u7130\u706b\u9f99|[miss]\n|-miss|p1a: Ursaluna|p2a: \u7130\u706b\u9f99\n|\n|-weather|SunnyDay|[upkeep]\n|upkeep\n|turn|21\n|c|\u2606zgynumber|\uff1f\n|\n|t:|1700305956\n|move|p2a: \u7130\u706b\u9f99|Solar Beam||[still]\n|-prepare|p2a: \u7130\u706b\u9f99|Solar Beam\n|-anim|p2a: \u7130\u706b\u9f99|Solar Beam|p1a: Ursaluna\n|-supereffective|p1a: Ursaluna\n|-damage|p1a: Ursaluna|0 fnt\n|faint|p1a: Ursaluna\n|\n|-weather|SunnyDay|[upkeep]\n|upkeep\n|\n|t:|1700305966\n|switch|p1a: Garchomp|Garchomp, M, shiny, tera:Ice|8\/100 tox\n|turn|22\n|\n|t:|1700305974\n|switch|p2a: Skeledirge|Skeledirge, M, shiny|100\/100\n|move|p1a: Garchomp|Outrage|p2a: Skeledirge\n|-damage|p2a: Skeledirge|49\/100\n|\n|-weather|none\n|-heal|p2a: Skeledirge|55\/100|[from] item: Leftovers\n|-damage|p1a: Garchomp|2\/100 tox|[from] psn\n|upkeep\n|turn|23\n|\n|t:|1700305983\n|move|p1a: Garchomp|Outrage|p2a: Skeledirge|[from]lockedmove\n|-damage|p2a: Skeledirge|8\/100\n|move|p2a: Skeledirge|Slack Off|p2a: Skeledirge\n|-heal|p2a: Skeledirge|58\/100\n|\n|-heal|p2a: Skeledirge|64\/100|[from] item: Leftovers\n|-damage|p1a: Garchomp|0 fnt|[from] psn\n|faint|p1a: Garchomp\n|upkeep\n|\n|t:|1700305993\n|switch|p1a: Hoopa|Hoopa-Unbound|21\/100 brn\n|turn|24\n|\n|t:|1700306003\n|move|p1a: Hoopa|Dark Pulse|p2a: Skeledirge\n|-supereffective|p2a: Skeledirge\n|-damage|p2a: Skeledirge|0 fnt\n|faint|p2a: Skeledirge\n|\n|-damage|p1a: Hoopa|15\/100 brn|[from] brn\n|upkeep\n|\n|t:|1700306009\n|switch|p2a: \u7130\u706b\u9f99|Charizard-Mega-Y, M, shiny|100\/100\n|-weather|SunnyDay|[from] ability: Drought|[of] p2a: \u7130\u706b\u9f99\n|turn|25\n|\n|t:|1700306020\n|move|p2a: \u7130\u706b\u9f99|Flame Charge|p1a: Hoopa\n|-damage|p1a: Hoopa|0 fnt\n|-boost|p2a: \u7130\u706b\u9f99|spe|1\n|faint|p1a: Hoopa\n|\n|-weather|SunnyDay|[upkeep]\n|upkeep\n|\n|t:|1700306035\n|switch|p1a: Dragonite|Dragonite, M, shiny|73\/100\n|turn|26\n|\n|t:|1700306040\n|move|p1a: Dragonite|Extreme Speed|p2a: \u7130\u706b\u9f99\n|-damage|p2a: \u7130\u706b\u9f99|30\/100\n|move|p2a: \u7130\u706b\u9f99|Weather Ball|p1a: Dragonite\n|-resisted|p1a: Dragonite\n|-damage|p1a: Dragonite|26\/100\n|\n|-weather|SunnyDay|[upkeep]\n|upkeep\n|turn|27\n|\n|t:|1700306048\n|move|p1a: Dragonite|Extreme Speed|p2a: \u7130\u706b\u9f99\n|-damage|p2a: \u7130\u706b\u9f99|0 fnt\n|faint|p2a: \u7130\u706b\u9f99\n|\n|-weather|SunnyDay|[upkeep]\n|upkeep\n|-message|KEVINWMQX forfeited.\n|\n|win|zgynumber\n|raw|zgynumber's rating: 1601 &rarr; <strong>1618<\/strong><br \/>(+17 for winning)\n|raw|KEVINWMQX's rating: 1557 &rarr; <strong>1540<\/strong><br \/>(-17 for losing)\n|l|\u2606KEVINWMQX\n","uploadtime":1700306055,"views":9,"p1id":"zgynumber","p2id":"kevinwmqx","formatid":"gen9nationaldex","rating":1540,"private":0,"password":""}