{"id":"gen9nationaldex-2000302673","p1":"Gen8Genesect","p2":"UCL KING","format":"[Gen 9] National Dex","log":"|html|<div class=\"broadcast-blue\"><strong>[Gen 9] National Dex is currently suspecting Sneasler! For information on how to participate check out the <a href=\"https:\/\/www.smogon.com\/forums\/threads\/sv-national-dex-suspect-8-just-dance.3731534\/\">suspect thread<\/a>.<\/strong><\/div>\n|j|\u2606Gen8Genesect\n|j|\u2606UCL KING\n|t:|1701183019\n|gametype|singles\n|player|p1|Gen8Genesect|102|1145\n|player|p2|UCL KING|palmer|1045\n|teamsize|p1|6\n|teamsize|p2|6\n|gen|9\n|tier|[Gen 9] National Dex\n|rated|\n|rule|HP Percentage Mod: HP is shown in percentages\n|rule|Endless Battle Clause: Forcing endless battles is banned\n|rule|OHKO Clause: OHKO moves are banned\n|rule|Evasion Clause: Evasion abilities, items, and moves are banned\n|rule|Evasion Abilities Clause: Evasion abilities are banned\n|rule|Evasion Items Clause: Evasion items are banned\n|rule|Evasion Moves Clause: Evasion moves are banned\n|rule|Species Clause: Limit one of each Pok\u00e9mon\n|rule|Sleep Clause Mod: Limit one foe put to sleep\n|clearpoke\n|poke|p1|Lopunny, M|\n|poke|p1|Landorus-Therian, M|\n|poke|p1|Greninja-*, F|\n|poke|p1|Dragonite, F|\n|poke|p1|Ferrothorn, F|\n|poke|p1|Sneasler, M|\n|poke|p2|Mantine, M|\n|poke|p2|Tornadus-Therian, M|\n|poke|p2|Garchomp, F|\n|poke|p2|Persian, F|\n|poke|p2|Uxie|\n|poke|p2|Mawile, M|\n|teampreview\n|\n|t:|1701183026\n|start\n|switch|p1a: Ferrothorn|Ferrothorn, F|100\/100\n|switch|p2a: Uxie|Uxie|100\/100\n|turn|1\n|\n|t:|1701183033\n|move|p2a: Uxie|Stealth Rock|p1a: Ferrothorn\n|-sidestart|p1: Gen8Genesect|move: Stealth Rock\n|move|p1a: Ferrothorn|Stealth Rock|p2a: Uxie\n|-sidestart|p2: UCL KING|move: Stealth Rock\n|\n|upkeep\n|turn|2\n|\n|t:|1701183050\n|switch|p2a: Tornadus|Tornadus-Therian, M|100\/100\n|-damage|p2a: Tornadus|76\/100|[from] Stealth Rock\n|move|p1a: Ferrothorn|Spikes|p2a: Tornadus\n|-sidestart|p2: UCL KING|Spikes\n|\n|upkeep\n|turn|3\n|\n|t:|1701183058\n|move|p2a: Tornadus|Heat Wave|p1a: Ferrothorn\n|-supereffective|p1a: Ferrothorn\n|-damage|p1a: Ferrothorn|0 fnt\n|faint|p1a: Ferrothorn\n|\n|upkeep\n|\n|t:|1701183064\n|switch|p1a: Lopunny|Lopunny, M|100\/100\n|-damage|p1a: Lopunny|88\/100|[from] Stealth Rock\n|turn|4\n|\n|t:|1701183071\n|switch|p2a: Garchomp|Garchomp, F|100\/100\n|-damage|p2a: Garchomp|94\/100|[from] Stealth Rock\n|-damage|p2a: Garchomp|82\/100|[from] Spikes\n|detailschange|p1a: Lopunny|Lopunny-Mega, M\n|-mega|p1a: Lopunny|Lopunny|Lopunnite\n|move|p1a: Lopunny|Fake Out|p2a: Garchomp\n|-damage|p2a: Garchomp|59\/100\n|-damage|p1a: Lopunny|76\/100|[from] ability: Rough Skin|[of] p2a: Garchomp\n|\n|upkeep\n|turn|5\n|\n|t:|1701183085\n|switch|p2a: Mantine|Mantine, M|100\/100\n|move|p1a: Lopunny|Return|p2a: Mantine\n|-damage|p2a: Mantine|32\/100\n|\n|upkeep\n|turn|6\n|\n|t:|1701183115\n|move|p1a: Lopunny|Return|p2a: Mantine\n|-damage|p2a: Mantine|0 fnt\n|faint|p2a: Mantine\n|\n|upkeep\n|\n|t:|1701183123\n|switch|p2a: Uxie|Uxie|100\/100\n|-damage|p2a: Uxie|88\/100|[from] Stealth Rock\n|turn|7\n|\n|t:|1701183127\n|move|p1a: Lopunny|Return|p2a: Uxie\n|-damage|p2a: Uxie|46\/100\n|move|p2a: Uxie|Psychic|p1a: Lopunny\n|-supereffective|p1a: Lopunny\n|-damage|p1a: Lopunny|12\/100\n|\n|-heal|p2a: Uxie|52\/100|[from] item: Leftovers\n|upkeep\n|turn|8\n|\n|t:|1701183160\n|move|p1a: Lopunny|Drain Punch|p2a: Uxie\n|-resisted|p2a: Uxie\n|-damage|p2a: Uxie|35\/100\n|-heal|p1a: Lopunny|23\/100|[from] drain|[of] p2a: Uxie\n|move|p2a: Uxie|Psychic|p1a: Lopunny\n|-supereffective|p1a: Lopunny\n|-damage|p1a: Lopunny|0 fnt\n|faint|p1a: Lopunny\n|\n|-heal|p2a: Uxie|41\/100|[from] item: Leftovers\n|upkeep\n|\n|t:|1701183174\n|switch|p1a: Sneasler|Sneasler, M|100\/100\n|-damage|p1a: Sneasler|95\/100|[from] Stealth Rock\n|turn|9\n|\n|t:|1701183178\n|move|p1a: Sneasler|Fake Out|p2a: Uxie\n|-damage|p2a: Uxie|30\/100\n|cant|p2a: Uxie|flinch\n|\n|-heal|p2a: Uxie|36\/100|[from] item: Leftovers\n|upkeep\n|turn|10\n|\n|t:|1701183187\n|switch|p1a: Greninja|Greninja, F|100\/100\n|-damage|p1a: Greninja|88\/100|[from] Stealth Rock\n|move|p2a: Uxie|Trick Room|p2a: Uxie\n|-fieldstart|move: Trick Room|[of] p2a: Uxie\n|\n|-heal|p2a: Uxie|42\/100|[from] item: Leftovers\n|upkeep\n|turn|11\n|\n|t:|1701183194\n|move|p2a: Uxie|Memento|p1a: Greninja\n|-unboost|p1a: Greninja|atk|2\n|-unboost|p1a: Greninja|spa|2\n|faint|p2a: Uxie\n|move|p1a: Greninja|Dark Pulse|p2: Uxie|[notarget]\n|-fail|p1a: Greninja\n|\n|upkeep\n|\n|t:|1701183209\n|switch|p2a: Mawile|Mawile, M|100\/100\n|-damage|p2a: Mawile|95\/100|[from] Stealth Rock\n|-damage|p2a: Mawile|82\/100|[from] Spikes\n|turn|12\n|\n|t:|1701183219\n|switch|p1a: Dragonite|Dragonite, F|100\/100\n|-damage|p1a: Dragonite|76\/100|[from] Stealth Rock\n|move|p2a: Mawile|Play Rough|p1a: Dragonite\n|-supereffective|p1a: Dragonite\n|-damage|p1a: Dragonite|7\/100\n|\n|upkeep\n|turn|13\n|\n|t:|1701183227\n|detailschange|p2a: Mawile|Mawile-Mega, M\n|-mega|p2a: Mawile|Mawile|Mawilite\n|move|p1a: Dragonite|Extreme Speed|p2a: Mawile\n|-resisted|p2a: Mawile\n|-damage|p2a: Mawile|67\/100\n|move|p2a: Mawile|Sucker Punch||[still]\n|-fail|p2a: Mawile\n|\n|upkeep\n|turn|14\n|\n|t:|1701183234\n|move|p1a: Dragonite|Extreme Speed|p2a: Mawile\n|-resisted|p2a: Mawile\n|-damage|p2a: Mawile|54\/100\n|move|p2a: Mawile|Iron Head|p1a: Dragonite\n|-damage|p1a: Dragonite|0 fnt\n|faint|p1a: Dragonite\n|\n|-fieldend|move: Trick Room\n|upkeep\n|\n|t:|1701183242\n|switch|p1a: Landorus|Landorus-Therian, M|100\/100\n|-damage|p1a: Landorus|88\/100|[from] Stealth Rock\n|-ability|p1a: Landorus|Intimidate|boost\n|-unboost|p2a: Mawile|atk|1\n|turn|15\n|\n|t:|1701183252\n|switch|p2a: Tornadus|Tornadus-Therian, M|100\/100\n|-damage|p2a: Tornadus|76\/100|[from] Stealth Rock\n|move|p1a: Landorus|Earthquake|p2a: Tornadus\n|-immune|p2a: Tornadus\n|\n|upkeep\n|turn|16\n|\n|t:|1701183261\n|switch|p1a: Greninja|Greninja, F|88\/100\n|-damage|p1a: Greninja|76\/100|[from] Stealth Rock\n|-terastallize|p2a: Tornadus|Flying\n|move|p2a: Tornadus|Hurricane|p1a: Greninja\n|-damage|p1a: Greninja|0 fnt\n|faint|p1a: Greninja\n|\n|upkeep\n|\n|t:|1701183272\n|switch|p1a: Landorus|Landorus-Therian, M|88\/100\n|-damage|p1a: Landorus|76\/100|[from] Stealth Rock\n|-ability|p1a: Landorus|Intimidate|boost\n|-unboost|p2a: Tornadus|atk|1\n|turn|17\n|\n|t:|1701183278\n|move|p1a: Landorus|Knock Off|p2a: Tornadus\n|-damage|p2a: Tornadus|17\/100\n|-enditem|p2a: Tornadus|Assault Vest|[from] move: Knock Off|[of] p1a: Landorus\n|move|p2a: Tornadus|Hurricane|p1a: Landorus|[miss]\n|-miss|p2a: Tornadus|p1a: Landorus\n|\n|upkeep\n|turn|18\n|\n|t:|1701183291\n|switch|p2a: Garchomp|Garchomp, F|59\/100\n|-damage|p2a: Garchomp|53\/100|[from] Stealth Rock\n|-damage|p2a: Garchomp|41\/100|[from] Spikes\n|move|p1a: Landorus|Knock Off|p2a: Garchomp\n|-damage|p2a: Garchomp|0 fnt\n|-damage|p1a: Landorus|64\/100|[from] ability: Rough Skin|[of] p2a: Garchomp\n|-enditem|p2a: Garchomp|White Herb|[from] move: Knock Off|[of] p1a: Landorus\n|faint|p2a: Garchomp\n|\n|upkeep\n|\n|t:|1701183304\n|switch|p2a: Mawile|Mawile-Mega, M|54\/100\n|-damage|p2a: Mawile|48\/100|[from] Stealth Rock\n|-damage|p2a: Mawile|35\/100|[from] Spikes\n|turn|19\n|\n|t:|1701183310\n|move|p1a: Landorus|Knock Off|p2a: Mawile\n|-resisted|p2a: Mawile\n|-damage|p2a: Mawile|19\/100\n|move|p2a: Mawile|Play Rough|p1a: Landorus\n|-damage|p1a: Landorus|0 fnt\n|faint|p1a: Landorus\n|\n|upkeep\n|\n|t:|1701183318\n|switch|p1a: Sneasler|Sneasler, M|95\/100\n|-damage|p1a: Sneasler|89\/100|[from] Stealth Rock\n|turn|20\n|\n|t:|1701183324\n|move|p1a: Sneasler|Fake Out|p2a: Mawile\n|-resisted|p2a: Mawile\n|-damage|p2a: Mawile|12\/100\n|cant|p2a: Mawile|flinch\n|\n|upkeep\n|turn|21\n|\n|t:|1701183330\n|move|p2a: Mawile|Sucker Punch|p1a: Sneasler\n|-resisted|p1a: Sneasler\n|-damage|p1a: Sneasler|50\/100\n|move|p1a: Sneasler|Close Combat|p2a: Mawile\n|-damage|p2a: Mawile|0 fnt\n|-unboost|p1a: Sneasler|def|1\n|-unboost|p1a: Sneasler|spd|1\n|-enditem|p1a: Sneasler|White Herb\n|-clearnegativeboost|p1a: Sneasler|[silent]\n|faint|p2a: Mawile\n|\n|upkeep\n|inactive|Battle timer is ON: inactive players will automatically lose when time's up. (requested by Gen8Genesect)\n|\n|t:|1701183355\n|switch|p2a: Persian|Persian, F|100\/100\n|-damage|p2a: Persian|88\/100|[from] Stealth Rock\n|-damage|p2a: Persian|76\/100|[from] Spikes\n|turn|22\n|\n|t:|1701183361\n|move|p2a: Persian|Fake Out|p1a: Sneasler\n|-damage|p1a: Sneasler|15\/100\n|cant|p1a: Sneasler|flinch\n|\n|upkeep\n|turn|23\n|\n|t:|1701183367\n|switch|p2a: Tornadus|Tornadus-Therian, M, tera:Flying|50\/100\n|-damage|p2a: Tornadus|25\/100|[from] Stealth Rock\n|move|p1a: Sneasler|Close Combat|p2a: Tornadus\n|-resisted|p2a: Tornadus\n|-damage|p2a: Tornadus|0 fnt\n|-unboost|p1a: Sneasler|def|1\n|-unboost|p1a: Sneasler|spd|1\n|faint|p2a: Tornadus\n|\n|upkeep\n|\n|t:|1701183368\n|switch|p2a: Persian|Persian, F|76\/100\n|-damage|p2a: Persian|64\/100|[from] Stealth Rock\n|-damage|p2a: Persian|52\/100|[from] Spikes\n|turn|24\n|\n|t:|1701183380\n|move|p2a: Persian|Fake Out|p1a: Sneasler\n|-damage|p1a: Sneasler|0 fnt\n|faint|p1a: Sneasler\n|\n|win|UCL KING\n|raw|Gen8Genesect's rating: 1145 &rarr; <strong>1113<\/strong><br \/>(-32 for losing)\n|raw|UCL KING's rating: 1045 &rarr; <strong>1088<\/strong><br \/>(+43 for winning)\n|l|\u2606Gen8Genesect\n","uploadtime":1701183397,"views":10,"p1id":"gen8genesect","p2id":"uclking","formatid":"gen9nationaldex","rating":1088,"private":0,"password":""}