{"id":"gen9nationaldex-1987991769","p1":"alpha4k","p2":"troubadour9","format":"[Gen 9] National Dex","log":"|j|\u2606alpha4k\n|j|\u2606troubadour9\n|t:|1699656740\n|gametype|singles\n|player|p1|alpha4k|oichi-conquest|\n|player|p2|troubadour9|sage|\n|teamsize|p1|6\n|teamsize|p2|6\n|gen|9\n|tier|[Gen 9] National Dex\n|rule|HP Percentage Mod: HP is shown in percentages\n|rule|Endless Battle Clause: Forcing endless battles is banned\n|rule|OHKO Clause: OHKO moves are banned\n|rule|Evasion Clause: Evasion abilities, items, and moves are banned\n|rule|Evasion Abilities Clause: Evasion abilities are banned\n|rule|Evasion Items Clause: Evasion items are banned\n|rule|Evasion Moves Clause: Evasion moves are banned\n|rule|Species Clause: Limit one of each Pok\u00e9mon\n|rule|Sleep Clause Mod: Limit one foe put to sleep\n|clearpoke\n|poke|p1|Ninetales, M|\n|poke|p1|Blissey, F|\n|poke|p1|Great Tusk|\n|poke|p1|Slither Wing|\n|poke|p1|Toxapex, M|\n|poke|p1|Absol, F|\n|poke|p2|Garchomp, F|\n|poke|p2|Hippowdon, M|\n|poke|p2|Ferrothorn, F|\n|poke|p2|Shuckle, M|\n|poke|p2|Arcanine-Hisui, M|\n|poke|p2|Thundurus-Therian, M|\n|teampreview\n|j| homixide poopoo\n|j| tidaltao\n|j| stepback wemby\n|j| kensei4k\n|c| stepback wemby|Hey\n|\n|t:|1699656774\n|start\n|switch|p1a: Blissey|Blissey, F|100\/100\n|switch|p2a: Pol Pot|Shuckle, M|100\/100\n|turn|1\n|c| stepback wemby|Nice name\n|c| tidaltao|gyattamole\n|\n|t:|1699656789\n|move|p1a: Blissey|Stealth Rock|p2a: Pol Pot\n|-sidestart|p2: troubadour9|move: Stealth Rock\n|move|p2a: Pol Pot|Sticky Web|p1a: Blissey\n|-sidestart|p1: alpha4k|move: Sticky Web\n|\n|upkeep\n|turn|2\n|c| stepback wemby|outro song clout god\n|\n|t:|1699656806\n|switch|p1a: great dutch|Great Tusk|100\/100\n|move|p2a: Pol Pot|Stealth Rock|p1a: great dutch\n|-sidestart|p1: alpha4k|move: Stealth Rock\n|\n|upkeep\n|turn|3\n|\n|t:|1699656822\n|move|p1a: great dutch|Rapid Spin|p2a: Pol Pot\n|-resisted|p2a: Pol Pot\n|-damage|p2a: Pol Pot|96\/100\n|-boost|p1a: great dutch|spe|1\n|-sideend|p1: alpha4k|Stealth Rock|[from] move: Rapid Spin|[of] p1a: great dutch\n|-sideend|p1: alpha4k|Sticky Web|[from] move: Rapid Spin|[of] p1a: great dutch\n|-enditem|p2a: Pol Pot|Red Card|[of] p1a: great dutch\n|-end|p1a: great dutch|Protosynthesis|[silent]\n|drag|p1a: Ninetales|Ninetales, M, shiny|100\/100\n|-weather|SunnyDay|[from] ability: Drought|[of] p1a: Ninetales\n|move|p2a: Pol Pot|Sticky Web|p1a: Ninetales\n|-sidestart|p1: alpha4k|move: Sticky Web\n|\n|-weather|SunnyDay|[upkeep]\n|upkeep\n|turn|4\n|c| stepback wemby|what\n|c| stepback wemby|LMFAO\n|c| tidaltao|LMFAO\n|c| tidaltao|WHAT IS GOING ON\n|c|\u2606alpha4k|why is ninetales on the court\n|\n|t:|1699656849\n|switch|p1a: great dutch|Great Tusk|100\/100\n|-activate|p1a: great dutch|ability: Protosynthesis\n|-start|p1a: great dutch|protosynthesisspe\n|switch|p2a: Genghis Khan|Hippowdon, M|100\/100\n|-damage|p2a: Genghis Khan|94\/100|[from] Stealth Rock\n|-weather|Sandstorm|[from] ability: Sand Stream|[of] p2a: Genghis Khan\n|-end|p1a: great dutch|Protosynthesis\n|\n|-weather|Sandstorm|[upkeep]\n|-heal|p2a: Genghis Khan|100\/100|[from] item: Leftovers\n|upkeep\n|turn|5\n|c| kensei4k|u got penalized man\n|c| kensei4k|red card\n|c|\u2606troubadour9|shuckles special ability\n|\n|t:|1699656867\n|move|p1a: great dutch|Rapid Spin|p2a: Genghis Khan\n|-damage|p2a: Genghis Khan|92\/100\n|-boost|p1a: great dutch|spe|1\n|-sideend|p1: alpha4k|Sticky Web|[from] move: Rapid Spin|[of] p1a: great dutch\n|move|p2a: Genghis Khan|Yawn|p1a: great dutch\n|-start|p1a: great dutch|move: Yawn|[of] p2a: Genghis Khan\n|\n|-weather|Sandstorm|[upkeep]\n|-heal|p2a: Genghis Khan|98\/100|[from] item: Leftovers\n|upkeep\n|turn|6\n|c| tidaltao|Shuckles special ablilty red card\n|l| tidaltao\n|\n|t:|1699656914\n|-end|p1a: great dutch|Protosynthesis|[silent]\n|switch|p1a: Ninetales|Ninetales, M, shiny|100\/100\n|-weather|SunnyDay|[from] ability: Drought|[of] p1a: Ninetales\n|move|p2a: Genghis Khan|Earthquake|p1a: Ninetales\n|-supereffective|p1a: Ninetales\n|-damage|p1a: Ninetales|0 fnt\n|faint|p1a: Ninetales\n|\n|-weather|SunnyDay|[upkeep]\n|-heal|p2a: Genghis Khan|100\/100|[from] item: Leftovers\n|upkeep\n|j| tidaltao\n|\n|t:|1699656933\n|switch|p1a: Absol|Absol, F, shiny|100\/100\n|-ability|p1a: Absol|Pressure\n|turn|7\n|j| plague070\n|\n|t:|1699656975\n|detailschange|p1a: Absol|Absol-Mega, F, shiny\n|-mega|p1a: Absol|Absol|Absolite\n|move|p1a: Absol|Knock Off|p2a: Genghis Khan\n|-damage|p2a: Genghis Khan|73\/100\n|-enditem|p2a: Genghis Khan|Leftovers|[from] move: Knock Off|[of] p1a: Absol\n|move|p2a: Genghis Khan|Yawn|p1a: Absol\n|move|p1a: Absol|Yawn|p2a: Genghis Khan|[from]ability: Magic Bounce\n|-start|p2a: Genghis Khan|move: Yawn|[of] p1a: Absol\n|\n|-weather|SunnyDay|[upkeep]\n|upkeep\n|turn|8\n|l| tidaltao\n|c| stepback wemby|good one\n|c| plague070|Oh shit\n|c| plague070|LMFAO\n|\n|t:|1699657009\n|switch|p2a: Joseph Stalin|Ferrothorn, F|100\/100\n|-damage|p2a: Joseph Stalin|94\/100|[from] Stealth Rock\n|move|p1a: Absol|Knock Off|p2a: Joseph Stalin\n|-damage|p2a: Joseph Stalin|64\/100\n|-damage|p1a: Absol|88\/100|[from] ability: Iron Barbs|[of] p2a: Joseph Stalin\n|-enditem|p2a: Joseph Stalin|Leftovers|[from] move: Knock Off|[of] p1a: Absol\n|\n|-weather|SunnyDay|[upkeep]\n|upkeep\n|turn|9\n|\n|t:|1699657024\n|switch|p2a: Genghis Khan|Hippowdon, M|73\/100\n|-damage|p2a: Genghis Khan|67\/100|[from] Stealth Rock\n|-weather|Sandstorm|[from] ability: Sand Stream|[of] p2a: Genghis Khan\n|move|p1a: Absol|Flamethrower|p2a: Genghis Khan\n|-damage|p2a: Genghis Khan|43\/100\n|\n|-weather|Sandstorm|[upkeep]\n|-damage|p1a: Absol|82\/100|[from] Sandstorm\n|upkeep\n|turn|10\n|j| Keykard\n|l| plague070\n|c| Keykard|coldsol\n|c| stepback wemby|insane W scout\n|\n|t:|1699657062\n|move|p1a: Absol|Knock Off|p2a: Genghis Khan\n|-damage|p2a: Genghis Khan|22\/100\n|move|p2a: Genghis Khan|Slack Off|p2a: Genghis Khan\n|-heal|p2a: Genghis Khan|72\/100\n|\n|-weather|Sandstorm|[upkeep]\n|-damage|p1a: Absol|77\/100|[from] Sandstorm\n|upkeep\n|turn|11\n|\n|t:|1699657075\n|switch|p1a: great dutch|Great Tusk|100\/100\n|switch|p2a: Mao Ze Dong|Garchomp, F|100\/100\n|-damage|p2a: Mao Ze Dong|94\/100|[from] Stealth Rock\n|\n|-weather|Sandstorm|[upkeep]\n|upkeep\n|turn|12\n|\n|t:|1699657104\n|switch|p2a: Joseph Stalin|Ferrothorn, F|64\/100\n|-damage|p2a: Joseph Stalin|58\/100|[from] Stealth Rock\n|move|p1a: great dutch|Close Combat|p2a: Joseph Stalin\n|-supereffective|p2a: Joseph Stalin\n|-damage|p2a: Joseph Stalin|0 fnt\n|-unboost|p1a: great dutch|def|1\n|-unboost|p1a: great dutch|spd|1\n|-damage|p1a: great dutch|88\/100|[from] ability: Iron Barbs|[of] p2a: Joseph Stalin\n|faint|p2a: Joseph Stalin\n|\n|-weather|Sandstorm|[upkeep]\n|upkeep\n|\n|t:|1699657130\n|switch|p2a: Kim Jong Il|Thundurus-Therian, M|100\/100\n|-damage|p2a: Kim Jong Il|76\/100|[from] Stealth Rock\n|turn|13\n|\n|t:|1699657155\n|-end|p1a: great dutch|Protosynthesis|[silent]\n|switch|p1a: The Pex|Toxapex, M|100\/100\n|move|p2a: Kim Jong Il|Grass Knot|p1a: The Pex\n|-damage|p1a: The Pex|81\/100\n|\n|-weather|none\n|-heal|p1a: The Pex|87\/100|[from] item: Leftovers\n|upkeep\n|turn|14\n|\n|t:|1699657167\n|switch|p2a: Genghis Khan|Hippowdon, M|72\/100\n|-damage|p2a: Genghis Khan|66\/100|[from] Stealth Rock\n|-weather|Sandstorm|[from] ability: Sand Stream|[of] p2a: Genghis Khan\n|move|p1a: The Pex|Baneful Bunker||[still]\n|-fail|p1a: The Pex\n|\n|-weather|Sandstorm|[upkeep]\n|-damage|p1a: The Pex|81\/100|[from] Sandstorm\n|-heal|p1a: The Pex|87\/100|[from] item: Leftovers\n|upkeep\n|turn|15\n|\n|t:|1699657178\n|switch|p2a: Pol Pot|Shuckle, M|96\/100\n|-damage|p2a: Pol Pot|71\/100|[from] Stealth Rock\n|move|p1a: The Pex|Toxic|p2a: Pol Pot\n|-status|p2a: Pol Pot|tox\n|\n|-weather|Sandstorm|[upkeep]\n|-damage|p1a: The Pex|81\/100|[from] Sandstorm\n|-heal|p1a: The Pex|87\/100|[from] item: Leftovers\n|-damage|p2a: Pol Pot|65\/100 tox|[from] psn\n|upkeep\n|turn|16\n|\n|t:|1699657193\n|switch|p1a: great dutch|Great Tusk|88\/100\n|move|p2a: Pol Pot|Sticky Web|p1a: great dutch\n|-sidestart|p1: alpha4k|move: Sticky Web\n|\n|-weather|Sandstorm|[upkeep]\n|-damage|p2a: Pol Pot|53\/100 tox|[from] psn\n|upkeep\n|turn|17\n|\n|t:|1699657202\n|move|p1a: great dutch|Rapid Spin|p2a: Pol Pot\n|-resisted|p2a: Pol Pot\n|-damage|p2a: Pol Pot|48\/100 tox\n|-boost|p1a: great dutch|spe|1\n|-sideend|p1: alpha4k|Sticky Web|[from] move: Rapid Spin|[of] p1a: great dutch\n|move|p2a: Pol Pot|Encore|p1a: great dutch\n|-start|p1a: great dutch|Encore\n|\n|-weather|Sandstorm|[upkeep]\n|-damage|p2a: Pol Pot|30\/100 tox|[from] psn\n|upkeep\n|turn|18\n|\n|t:|1699657224\n|move|p1a: great dutch|Rapid Spin|p2a: Pol Pot\n|-resisted|p2a: Pol Pot\n|-damage|p2a: Pol Pot|25\/100 tox\n|-boost|p1a: great dutch|spe|1\n|move|p2a: Pol Pot|Sticky Web|p1a: great dutch\n|-sidestart|p1: alpha4k|move: Sticky Web\n|\n|-weather|none\n|-damage|p2a: Pol Pot|1\/100 tox|[from] psn\n|upkeep\n|turn|19\n|\n|t:|1699657237\n|move|p1a: great dutch|Rapid Spin|p2a: Pol Pot\n|-resisted|p2a: Pol Pot\n|-damage|p2a: Pol Pot|0 fnt\n|-boost|p1a: great dutch|spe|1\n|-sideend|p1: alpha4k|Sticky Web|[from] move: Rapid Spin|[of] p1a: great dutch\n|faint|p2a: Pol Pot\n|\n|upkeep\n|\n|t:|1699657255\n|switch|p2a: Mao Ze Dong|Garchomp, F|94\/100\n|-damage|p2a: Mao Ze Dong|88\/100|[from] Stealth Rock\n|turn|20\n|\n|t:|1699657276\n|move|p1a: great dutch|Rapid Spin|p2a: Mao Ze Dong\n|-damage|p2a: Mao Ze Dong|74\/100\n|-boost|p1a: great dutch|spe|1\n|-damage|p1a: great dutch|76\/100|[from] ability: Rough Skin|[of] p2a: Mao Ze Dong\n|move|p2a: Mao Ze Dong|Scale Shot|p1a: great dutch\n|-damage|p1a: great dutch|67\/100\n|-damage|p1a: great dutch|59\/100\n|-hitcount|p1a: great dutch|2\n|-unboost|p2a: Mao Ze Dong|def|1\n|-boost|p2a: Mao Ze Dong|spe|1\n|\n|-end|p1a: great dutch|Encore\n|upkeep\n|turn|21\n|\n|t:|1699657293\n|detailschange|p2a: Mao Ze Dong|Garchomp-Mega, F\n|-mega|p2a: Mao Ze Dong|Garchomp|Garchompite\n|move|p1a: great dutch|Close Combat|p2a: Mao Ze Dong\n|-damage|p2a: Mao Ze Dong|5\/100\n|-unboost|p1a: great dutch|def|1\n|-unboost|p1a: great dutch|spd|1\n|move|p2a: Mao Ze Dong|Earthquake|p1a: great dutch\n|-damage|p1a: great dutch|0 fnt\n|faint|p1a: great dutch\n|-end|p1a: great dutch|Protosynthesis|[silent]\n|\n|upkeep\n|\n|t:|1699657299\n|switch|p1a: Slither Wing|Slither Wing|100\/100\n|turn|22\n|\n|t:|1699657327\n|switch|p2a: Genghis Khan|Hippowdon, M|66\/100\n|-damage|p2a: Genghis Khan|60\/100|[from] Stealth Rock\n|-weather|Sandstorm|[from] ability: Sand Stream|[of] p2a: Genghis Khan\n|move|p1a: Slither Wing|First Impression|p2a: Genghis Khan\n|-damage|p2a: Genghis Khan|17\/100\n|\n|-weather|Sandstorm|[upkeep]\n|-damage|p1a: Slither Wing|94\/100|[from] Sandstorm\n|upkeep\n|turn|23\n|\n|t:|1699657336\n|-end|p1a: Slither Wing|Protosynthesis|[silent]\n|switch|p1a: Blissey|Blissey, F|100\/100\n|move|p2a: Genghis Khan|Slack Off|p2a: Genghis Khan\n|-heal|p2a: Genghis Khan|67\/100\n|\n|-weather|Sandstorm|[upkeep]\n|-damage|p1a: Blissey|94\/100|[from] Sandstorm\n|-heal|p1a: Blissey|100\/100|[from] item: Leftovers\n|upkeep\n|turn|24\n|\n|t:|1699657353\n|move|p1a: Blissey|Wish|p1a: Blissey\n|move|p2a: Genghis Khan|Earthquake|p1a: Blissey\n|-damage|p1a: Blissey|65\/100\n|\n|-weather|Sandstorm|[upkeep]\n|-damage|p1a: Blissey|59\/100|[from] Sandstorm\n|-heal|p1a: Blissey|65\/100|[from] item: Leftovers\n|upkeep\n|turn|25\n|\n|t:|1699657361\n|switch|p1a: Absol|Absol-Mega, F, shiny|77\/100\n|move|p2a: Genghis Khan|Yawn|p1a: Absol\n|move|p1a: Absol|Yawn|p2a: Genghis Khan|[from]ability: Magic Bounce\n|-start|p2a: Genghis Khan|move: Yawn|[of] p1a: Absol\n|\n|-weather|Sandstorm|[upkeep]\n|-damage|p1a: Absol|71\/100|[from] Sandstorm\n|-heal|p1a: Absol|100\/100|[from] move: Wish|[wisher] Blissey\n|upkeep\n|turn|26\n|c| Keykard|goob\n|\n|t:|1699657372\n|switch|p2a: Mao Ze Dong|Garchomp-Mega, F|5\/100\n|-damage|p2a: Mao Ze Dong|0 fnt|[from] Stealth Rock\n|faint|p2a: Mao Ze Dong\n|move|p1a: Absol|Foul Play|p2: Mao Ze Dong|[notarget]\n|-fail|p1a: Absol\n|\n|-weather|none\n|upkeep\n|\n|t:|1699657393\n|switch|p2a: Genghis Khan|Hippowdon, M|67\/100\n|-damage|p2a: Genghis Khan|61\/100|[from] Stealth Rock\n|-weather|Sandstorm|[from] ability: Sand Stream|[of] p2a: Genghis Khan\n|turn|27\n|\n|t:|1699657404\n|switch|p1a: Slither Wing|Slither Wing|94\/100\n|move|p2a: Genghis Khan|Earthquake|p1a: Slither Wing\n|-resisted|p1a: Slither Wing\n|-damage|p1a: Slither Wing|69\/100\n|\n|-weather|Sandstorm|[upkeep]\n|-damage|p1a: Slither Wing|63\/100|[from] Sandstorm\n|upkeep\n|turn|28\n|\n|t:|1699657414\n|move|p1a: Slither Wing|U-turn|p2a: Genghis Khan\n|-damage|p2a: Genghis Khan|29\/100\n|\n|t:|1699657419\n|-end|p1a: Slither Wing|Protosynthesis|[silent]\n|switch|p1a: Blissey|Blissey, F|65\/100|[from] U-turn\n|move|p2a: Genghis Khan|Yawn|p1a: Blissey\n|-start|p1a: Blissey|move: Yawn|[of] p2a: Genghis Khan\n|\n|-weather|Sandstorm|[upkeep]\n|-damage|p1a: Blissey|59\/100|[from] Sandstorm\n|-heal|p1a: Blissey|65\/100|[from] item: Leftovers\n|upkeep\n|turn|29\n|\n|t:|1699657429\n|switch|p1a: Absol|Absol-Mega, F, shiny|100\/100\n|move|p2a: Genghis Khan|Earthquake|p1a: Absol\n|-damage|p1a: Absol|33\/100\n|\n|-weather|Sandstorm|[upkeep]\n|-damage|p1a: Absol|27\/100|[from] Sandstorm\n|upkeep\n|turn|30\n|j| plague070\n|\n|t:|1699657436\n|move|p1a: Absol|Foul Play|p2a: Genghis Khan\n|-damage|p2a: Genghis Khan|9\/100\n|move|p2a: Genghis Khan|Earthquake|p1a: Absol\n|-crit|p1a: Absol\n|-damage|p1a: Absol|0 fnt\n|faint|p1a: Absol\n|\n|-weather|Sandstorm|[upkeep]\n|upkeep\n|\n|t:|1699657440\n|switch|p1a: Blissey|Blissey, F|65\/100\n|turn|31\n|\n|t:|1699657462\n|switch|p2a: Saddam Hussein|Arcanine-Hisui, M|100\/100\n|-damage|p2a: Saddam Hussein|76\/100|[from] Stealth Rock\n|move|p1a: Blissey|Wish|p1a: Blissey\n|\n|-weather|none\n|-heal|p1a: Blissey|71\/100|[from] item: Leftovers\n|upkeep\n|turn|32\n|l| plague070\n|j| plague070\n|\n|t:|1699657489\n|switch|p1a: The Pex|Toxapex, M|100\/100\n|move|p2a: Saddam Hussein|Head Smash|p1a: The Pex\n|-damage|p1a: The Pex|61\/100\n|\n|-heal|p1a: The Pex|100\/100|[from] move: Wish|[wisher] Blissey\n|upkeep\n|turn|33\n|\n|t:|1699657497\n|switch|p2a: Genghis Khan|Hippowdon, M|9\/100\n|-damage|p2a: Genghis Khan|2\/100|[from] Stealth Rock\n|-weather|Sandstorm|[from] ability: Sand Stream|[of] p2a: Genghis Khan\n|move|p1a: The Pex|Scald|p2a: Genghis Khan\n|-supereffective|p2a: Genghis Khan\n|-damage|p2a: Genghis Khan|0 fnt\n|faint|p2a: Genghis Khan\n|\n|-weather|Sandstorm|[upkeep]\n|-damage|p1a: The Pex|94\/100|[from] Sandstorm\n|-heal|p1a: The Pex|100\/100|[from] item: Leftovers\n|upkeep\n|l| plague070\n|j| plague070\n|\n|t:|1699657516\n|switch|p2a: Kim Jong Il|Thundurus-Therian, M|76\/100\n|-damage|p2a: Kim Jong Il|51\/100|[from] Stealth Rock\n|turn|34\n|\n|t:|1699657523\n|move|p2a: Kim Jong Il|Thunderbolt|p1a: The Pex\n|-supereffective|p1a: The Pex\n|-damage|p1a: The Pex|0 fnt\n|faint|p1a: The Pex\n|\n|-weather|Sandstorm|[upkeep]\n|-damage|p2a: Kim Jong Il|45\/100|[from] Sandstorm\n|upkeep\n|\n|t:|1699657526\n|switch|p1a: Blissey|Blissey, F|71\/100\n|turn|35\n|\n|t:|1699657559\n|switch|p2a: Saddam Hussein|Arcanine-Hisui, M|76\/100\n|-damage|p2a: Saddam Hussein|51\/100|[from] Stealth Rock\n|move|p1a: Blissey|Soft-Boiled|p1a: Blissey\n|-heal|p1a: Blissey|100\/100\n|\n|-weather|Sandstorm|[upkeep]\n|-damage|p1a: Blissey|94\/100|[from] Sandstorm\n|-heal|p1a: Blissey|100\/100|[from] item: Leftovers\n|upkeep\n|turn|36\n|\n|t:|1699657585\n|move|p2a: Saddam Hussein|Head Smash|p1a: Blissey\n|-damage|p1a: Blissey|43\/100\n|move|p1a: Blissey|Wish|p1a: Blissey\n|\n|-weather|Sandstorm|[upkeep]\n|-damage|p1a: Blissey|37\/100|[from] Sandstorm\n|-heal|p1a: Blissey|43\/100|[from] item: Leftovers\n|upkeep\n|turn|37\n|\n|t:|1699657594\n|switch|p1a: Slither Wing|Slither Wing|63\/100\n|move|p2a: Saddam Hussein|Flare Blitz|p1a: Slither Wing\n|-supereffective|p1a: Slither Wing\n|-damage|p1a: Slither Wing|0 fnt\n|faint|p1a: Slither Wing\n|-end|p1a: Slither Wing|Protosynthesis|[silent]\n|\n|-weather|none\n|upkeep\n|\n|t:|1699657596\n|switch|p1a: Blissey|Blissey, F|43\/100\n|turn|38\n|-message|alpha4k forfeited.\n|\n|win|troubadour9\n|l| plague070\n|l|\u2606troubadour9\n|l|\u2606alpha4k\n|l| kensei4k\n|j| kensei4k\n","uploadtime":1699658136,"views":7,"p1id":"alpha4k","p2id":"troubadour9","formatid":"gen9nationaldex","rating":0,"private":0,"password":""}