{"id":"gen9nationaldex-1988641803","p1":"Ralsei Hatty","p2":"CapNTyreezy","format":"[Gen 9] National Dex","log":"|j|\u2606Ralsei Hatty\n|j|\u2606CapNTyreezy\n|t:|1699745264\n|gametype|singles\n|player|p1|Ralsei Hatty|kieran|1204\n|player|p2|CapNTyreezy|scientist-gen4dp|1158\n|teamsize|p1|6\n|teamsize|p2|6\n|gen|9\n|tier|[Gen 9] National Dex\n|rated|\n|rule|HP Percentage Mod: HP is shown in percentages\n|rule|Endless Battle Clause: Forcing endless battles is banned\n|rule|OHKO Clause: OHKO moves are banned\n|rule|Evasion Clause: Evasion abilities, items, and moves are banned\n|rule|Evasion Abilities Clause: Evasion abilities are banned\n|rule|Evasion Items Clause: Evasion items are banned\n|rule|Evasion Moves Clause: Evasion moves are banned\n|rule|Species Clause: Limit one of each Pok\u00e9mon\n|rule|Sleep Clause Mod: Limit one foe put to sleep\n|clearpoke\n|poke|p1|Golisopod, F|\n|poke|p1|Lopunny, M|\n|poke|p1|Haxorus, F|\n|poke|p1|Tapu Lele|\n|poke|p1|Dragonite, F|\n|poke|p1|Sneasler, F|\n|poke|p2|Ferrothorn, F|\n|poke|p2|Toxapex, M|\n|poke|p2|Venusaur, M|\n|poke|p2|Rotom-Wash|\n|poke|p2|Clefable, F|\n|poke|p2|Claydol|\n|teampreview\n|\n|t:|1699745282\n|start\n|switch|p1a: Nao Pod|Golisopod, F|100\/100\n|switch|p2a: Toxapex|Toxapex, M|100\/100\n|turn|1\n|c|\u2606CapNTyreezy|hayo glhf\n|\n|t:|1699745293\n|switch|p1a: TapuLe|Tapu Lele, shiny|100\/100\n|-fieldstart|move: Psychic Terrain|[from] ability: Psychic Surge|[of] p1a: TapuLe\n|move|p2a: Toxapex|Scald|p1a: TapuLe\n|-damage|p1a: TapuLe|82\/100\n|-status|p1a: TapuLe|brn\n|\n|-damage|p1a: TapuLe|76\/100 brn|[from] brn\n|upkeep\n|turn|2\n|\n|t:|1699745308\n|move|p2a: Toxapex|Baneful Bunker|p2a: Toxapex\n|-singleturn|p2a: Toxapex|move: Protect\n|move|p1a: TapuLe|Psyshock|p2a: Toxapex\n|-activate|p2a: Toxapex|move: Protect\n|\n|-damage|p1a: TapuLe|70\/100 brn|[from] brn\n|upkeep\n|turn|3\n|\n|t:|1699745327\n|switch|p2a: Claydol|Claydol|100\/100\n|move|p1a: TapuLe|Psyshock|p2a: Claydol\n|-resisted|p2a: Claydol\n|-damage|p2a: Claydol|75\/100\n|\n|-heal|p2a: Claydol|82\/100|[from] item: Leftovers\n|-damage|p1a: TapuLe|64\/100 brn|[from] brn\n|upkeep\n|turn|4\n|\n|t:|1699745337\n|switch|p1a: Nao Pod|Golisopod, F|100\/100\n|move|p2a: Claydol|Cosmic Power|p2a: Claydol\n|-boost|p2a: Claydol|def|1\n|-boost|p2a: Claydol|spd|1\n|\n|-heal|p2a: Claydol|88\/100|[from] item: Leftovers\n|upkeep\n|turn|5\n|\n|t:|1699745342\n|move|p2a: Claydol|Cosmic Power|p2a: Claydol\n|-boost|p2a: Claydol|def|1\n|-boost|p2a: Claydol|spd|1\n|move|p1a: Nao Pod|Razor Shell|p2a: Claydol\n|-supereffective|p2a: Claydol\n|-damage|p2a: Claydol|42\/100\n|\n|-heal|p2a: Claydol|48\/100|[from] item: Leftovers\n|-fieldend|move: Psychic Terrain\n|upkeep\n|turn|6\n|\n|t:|1699745351\n|move|p2a: Claydol|Cosmic Power|p2a: Claydol\n|-boost|p2a: Claydol|def|1\n|-boost|p2a: Claydol|spd|1\n|move|p1a: Nao Pod|Razor Shell|p2a: Claydol\n|-supereffective|p2a: Claydol\n|-damage|p2a: Claydol|14\/100\n|-unboost|p2a: Claydol|def|1\n|\n|-heal|p2a: Claydol|20\/100|[from] item: Leftovers\n|upkeep\n|turn|7\n|\n|t:|1699745356\n|move|p1a: Nao Pod|Aqua Jet|p2a: Claydol\n|-supereffective|p2a: Claydol\n|-damage|p2a: Claydol|0 fnt\n|faint|p2a: Claydol\n|\n|upkeep\n|\n|t:|1699745366\n|switch|p2a: Ferrothorn|Ferrothorn, F|100\/100\n|turn|8\n|\n|t:|1699745387\n|switch|p1a: Tboltz|Haxorus, F, shiny|100\/100\n|-ability|p1a: Tboltz|Mold Breaker\n|move|p2a: Ferrothorn|Iron Defense|p2a: Ferrothorn\n|-boost|p2a: Ferrothorn|def|2\n|\n|upkeep\n|turn|9\n|\n|t:|1699745395\n|switch|p2a: Toxapex|Toxapex, M|100\/100\n|move|p1a: Tboltz|Dragon Dance|p1a: Tboltz\n|-boost|p1a: Tboltz|atk|1\n|-boost|p1a: Tboltz|spe|1\n|\n|upkeep\n|turn|10\n|\n|t:|1699745403\n|-terastallize|p1a: Tboltz|Fire\n|move|p1a: Tboltz|Dragon Dance|p1a: Tboltz\n|-boost|p1a: Tboltz|atk|1\n|-boost|p1a: Tboltz|spe|1\n|move|p2a: Toxapex|Scald|p1a: Tboltz\n|-supereffective|p1a: Tboltz\n|-damage|p1a: Tboltz|47\/100\n|\n|upkeep\n|turn|11\n|\n|t:|1699745408\n|move|p1a: Tboltz|Earthquake|p2a: Toxapex\n|-supereffective|p2a: Toxapex\n|-damage|p2a: Toxapex|1\/100\n|move|p2a: Toxapex|Haze|p2a: Toxapex\n|-clearallboost\n|\n|-heal|p2a: Toxapex|7\/100|[from] item: Leftovers\n|upkeep\n|turn|12\n|\n|t:|1699745418\n|switch|p2a: Ferrothorn|Ferrothorn, F|100\/100\n|move|p1a: Tboltz|Earthquake|p2a: Ferrothorn\n|-damage|p2a: Ferrothorn|67\/100\n|\n|upkeep\n|turn|13\n|\n|t:|1699745428\n|move|p1a: Tboltz|Tera Blast|p2a: Ferrothorn|[anim] Tera Blast Fire\n|-supereffective|p2a: Ferrothorn\n|-damage|p2a: Ferrothorn|0 fnt\n|faint|p2a: Ferrothorn\n|\n|upkeep\n|\n|t:|1699745432\n|switch|p2a: Rotom|Rotom-Wash|100\/100\n|turn|14\n|\n|t:|1699745447\n|switch|p1a: Nao Pod|Golisopod, F|100\/100\n|move|p2a: Rotom|Reflect|p2a: Rotom\n|-sidestart|p2: CapNTyreezy|Reflect\n|\n|upkeep\n|turn|15\n|\n|t:|1699745455\n|move|p1a: Nao Pod|First Impression|p2a: Rotom\n|-damage|p2a: Rotom|74\/100\n|move|p2a: Rotom|Light Screen|p2a: Rotom\n|-sidestart|p2: CapNTyreezy|move: Light Screen\n|\n|upkeep\n|turn|16\n|\n|t:|1699745465\n|switch|p2a: Clefable|Clefable, F|100\/100\n|move|p1a: Nao Pod|Razor Shell|p2a: Clefable\n|-damage|p2a: Clefable|76\/100\n|-unboost|p2a: Clefable|def|1\n|\n|-heal|p2a: Clefable|82\/100|[from] item: Leftovers\n|upkeep\n|turn|17\n|\n|t:|1699745474\n|move|p1a: Nao Pod|Razor Shell|p2a: Clefable\n|-damage|p2a: Clefable|46\/100\n|move|p2a: Clefable|Cosmic Power|p2a: Clefable\n|-boost|p2a: Clefable|def|1\n|-boost|p2a: Clefable|spd|1\n|\n|-heal|p2a: Clefable|52\/100|[from] item: Leftovers\n|upkeep\n|turn|18\n|\n|t:|1699745482\n|move|p1a: Nao Pod|Razor Shell|p2a: Clefable\n|-damage|p2a: Clefable|27\/100\n|-unboost|p2a: Clefable|def|1\n|move|p2a: Clefable|Cosmic Power|p2a: Clefable\n|-boost|p2a: Clefable|def|1\n|-boost|p2a: Clefable|spd|1\n|\n|-heal|p2a: Clefable|33\/100|[from] item: Leftovers\n|upkeep\n|turn|19\n|\n|t:|1699745492\n|-terastallize|p2a: Clefable|Fairy\n|move|p1a: Nao Pod|Razor Shell|p2a: Clefable\n|-damage|p2a: Clefable|9\/100\n|-unboost|p2a: Clefable|def|1\n|move|p2a: Clefable|Draining Kiss|p1a: Nao Pod\n|-damage|p1a: Nao Pod|55\/100\n|-heal|p2a: Clefable|35\/100|[from] drain|[of] p1a: Nao Pod\n|\n|-heal|p2a: Clefable|41\/100|[from] item: Leftovers\n|upkeep\n|turn|20\n|\n|t:|1699745503\n|switch|p2a: Venusaur|Venusaur, M|100\/100\n|move|p1a: Nao Pod|Razor Shell|p2a: Venusaur\n|-resisted|p2a: Venusaur\n|-damage|p2a: Venusaur|89\/100\n|\n|upkeep\n|turn|21\n|\n|t:|1699745519\n|switch|p1a: Skill|Sneasler, F|100\/100\n|detailschange|p2a: Venusaur|Venusaur-Mega, M\n|-mega|p2a: Venusaur|Venusaur|Venusaurite\n|move|p2a: Venusaur|Curse|p2a: Venusaur\n|-unboost|p2a: Venusaur|spe|1\n|-boost|p2a: Venusaur|atk|1\n|-boost|p2a: Venusaur|def|1\n|\n|-sideend|p2: CapNTyreezy|Reflect\n|upkeep\n|turn|22\n|\n|t:|1699745530\n|move|p1a: Skill|Dire Claw|p2a: Venusaur\n|-damage|p2a: Venusaur|69\/100\n|-status|p2a: Venusaur|par\n|cant|p2a: Venusaur|par\n|\n|-sideend|p2: CapNTyreezy|move: Light Screen\n|upkeep\n|turn|23\n|\n|t:|1699745541\n|move|p1a: Skill|Swords Dance|p1a: Skill\n|-boost|p1a: Skill|atk|2\n|move|p2a: Venusaur|Leech Seed|p1a: Skill\n|-start|p1a: Skill|move: Leech Seed\n|\n|-damage|p1a: Skill|88\/100|[from] Leech Seed|[of] p2a: Venusaur\n|-heal|p2a: Venusaur|79\/100 par|[silent]\n|upkeep\n|turn|24\n|\n|t:|1699745548\n|move|p1a: Skill|Swords Dance|p1a: Skill\n|-boost|p1a: Skill|atk|2\n|move|p2a: Venusaur|Curse|p2a: Venusaur\n|-unboost|p2a: Venusaur|spe|1\n|-boost|p2a: Venusaur|atk|1\n|-boost|p2a: Venusaur|def|1\n|\n|-damage|p1a: Skill|76\/100|[from] Leech Seed|[of] p2a: Venusaur\n|-heal|p2a: Venusaur|89\/100 par|[silent]\n|upkeep\n|turn|25\n|\n|t:|1699745551\n|move|p1a: Skill|Close Combat|p2a: Venusaur\n|-resisted|p2a: Venusaur\n|-damage|p2a: Venusaur|49\/100 par\n|-unboost|p1a: Skill|def|1\n|-unboost|p1a: Skill|spd|1\n|-enditem|p1a: Skill|White Herb\n|-clearnegativeboost|p1a: Skill|[silent]\n|cant|p2a: Venusaur|par\n|\n|-damage|p1a: Skill|64\/100|[from] Leech Seed|[of] p2a: Venusaur\n|-heal|p2a: Venusaur|59\/100 par|[silent]\n|upkeep\n|turn|26\n|\n|t:|1699745555\n|move|p1a: Skill|Acrobatics|p2a: Venusaur\n|-supereffective|p2a: Venusaur\n|-damage|p2a: Venusaur|0 fnt\n|faint|p2a: Venusaur\n|\n|upkeep\n|\n|t:|1699745558\n|switch|p2a: Rotom|Rotom-Wash|74\/100\n|turn|27\n|\n|t:|1699745575\n|move|p1a: Skill|Dire Claw|p2a: Rotom\n|-damage|p2a: Rotom|0 fnt\n|faint|p2a: Rotom\n|\n|upkeep\n|\n|t:|1699745583\n|switch|p2a: Toxapex|Toxapex, M|41\/100\n|turn|28\n|\n|t:|1699745589\n|move|p1a: Skill|Close Combat|p2a: Toxapex\n|-resisted|p2a: Toxapex\n|-damage|p2a: Toxapex|0 fnt\n|-unboost|p1a: Skill|def|1\n|-unboost|p1a: Skill|spd|1\n|faint|p2a: Toxapex\n|\n|upkeep\n|\n|t:|1699745590\n|switch|p2a: Clefable|Clefable, F, tera:Fairy|41\/100\n|turn|29\n|\n|t:|1699745598\n|move|p1a: Skill|Dire Claw|p2a: Clefable\n|-supereffective|p2a: Clefable\n|-damage|p2a: Clefable|0 fnt\n|faint|p2a: Clefable\n|\n|win|Ralsei Hatty\n|raw|Ralsei Hatty's rating: 1204 &rarr; <strong>1226<\/strong><br \/>(+22 for winning)\n|raw|CapNTyreezy's rating: 1158 &rarr; <strong>1136<\/strong><br \/>(-22 for losing)\n|l|\u2606CapNTyreezy\n","uploadtime":1699745612,"views":4,"p1id":"ralseihatty","p2id":"capntyreezy","formatid":"gen9nationaldex","rating":1136,"private":0,"password":""}