{"id":"gen9nationaldex-1988575998","p1":"AlastorMorningstar","p2":"Blake-Mamba","format":"[Gen 9] National Dex","log":"|j|\u2606AlastorMorningstar\n|j|\u2606Blake-Mamba\n|t:|1699737891\n|gametype|singles\n|player|p1|AlastorMorningstar|unknown|1214\n|player|p2|Blake-Mamba|juan|1286\n|teamsize|p1|6\n|teamsize|p2|6\n|gen|9\n|tier|[Gen 9] National Dex\n|rated|\n|rule|HP Percentage Mod: HP is shown in percentages\n|rule|Endless Battle Clause: Forcing endless battles is banned\n|rule|OHKO Clause: OHKO moves are banned\n|rule|Evasion Clause: Evasion abilities, items, and moves are banned\n|rule|Evasion Abilities Clause: Evasion abilities are banned\n|rule|Evasion Items Clause: Evasion items are banned\n|rule|Evasion Moves Clause: Evasion moves are banned\n|rule|Species Clause: Limit one of each Pok\u00e9mon\n|rule|Sleep Clause Mod: Limit one foe put to sleep\n|clearpoke\n|poke|p1|Goodra-Hisui, M|\n|poke|p1|Great Tusk|\n|poke|p1|Thundurus-Therian, M|\n|poke|p1|Arcanine-Hisui, M|\n|poke|p1|Venusaur, M|\n|poke|p1|Samurott-Hisui, M|\n|poke|p2|Cinccino, F|\n|poke|p2|Zebstrika, F|\n|poke|p2|Ferrothorn, M|\n|poke|p2|Seismitoad, F|\n|poke|p2|Krookodile, F|\n|poke|p2|Emboar, F|\n|teampreview\n|\n|t:|1699737908\n|start\n|switch|p1a: Arcanine|Arcanine-Hisui, M|100\/100\n|switch|p2a: Gamble|Cinccino, F|100\/100\n|turn|1\n|\n|t:|1699737915\n|move|p2a: Gamble|Rock Blast|p1a: Arcanine\n|-supereffective|p1a: Arcanine\n|-damage|p1a: Arcanine|60\/100\n|-supereffective|p1a: Arcanine\n|-damage|p1a: Arcanine|24\/100\n|-supereffective|p1a: Arcanine\n|-damage|p1a: Arcanine|0 fnt\n|faint|p1a: Arcanine\n|-hitcount|p1: Arcanine|3\n|-damage|p2a: Gamble|91\/100|[from] item: Life Orb\n|\n|upkeep\n|\n|t:|1699737924\n|switch|p1a: Samurott|Samurott-Hisui, M|100\/100\n|turn|2\n|\n|t:|1699737929\n|-terastallize|p1a: Samurott|Ghost\n|move|p2a: Gamble|Bullet Seed|p1a: Samurott\n|-damage|p1a: Samurott|82\/100\n|-damage|p1a: Samurott|62\/100\n|-damage|p1a: Samurott|43\/100\n|-hitcount|p1a: Samurott|3\n|-damage|p2a: Gamble|81\/100|[from] item: Life Orb\n|move|p1a: Samurott|Ceaseless Edge|p2a: Gamble\n|-crit|p2a: Gamble\n|-damage|p2a: Gamble|0 fnt\n|-sidestart|p2: Blake-Mamba|Spikes\n|faint|p2a: Gamble\n|\n|-heal|p1a: Samurott|49\/100|[from] item: Leftovers\n|upkeep\n|\n|t:|1699737945\n|switch|p2a: Krookodile|Krookodile, F|100\/100\n|-damage|p2a: Krookodile|88\/100|[from] Spikes\n|turn|3\n|\n|t:|1699737951\n|-terastallize|p2a: Krookodile|Dragon\n|move|p1a: Samurott|Aqua Cutter|p2a: Krookodile\n|-resisted|p2a: Krookodile\n|-damage|p2a: Krookodile|70\/100\n|move|p2a: Krookodile|Scale Shot|p1a: Samurott\n|-damage|p1a: Samurott|33\/100\n|-damage|p1a: Samurott|17\/100\n|-damage|p1a: Samurott|0 fnt\n|faint|p1a: Samurott\n|-ability|p2a: Krookodile|Moxie|boost\n|-boost|p2a: Krookodile|atk|1\n|-hitcount|p1: Samurott|3\n|-unboost|p2a: Krookodile|def|1\n|-boost|p2a: Krookodile|spe|1\n|\n|upkeep\n|\n|t:|1699737966\n|switch|p1a: Goodra|Goodra-Hisui, M|100\/100\n|turn|4\n|\n|t:|1699737970\n|move|p2a: Krookodile|Earthquake|p1a: Goodra\n|-supereffective|p1a: Goodra\n|-damage|p1a: Goodra|0 fnt\n|faint|p1a: Goodra\n|-ability|p2a: Krookodile|Moxie|boost\n|-boost|p2a: Krookodile|atk|1\n|\n|upkeep\n|\n|t:|1699737973\n|switch|p1a: Thundurus|Thundurus-Therian, M|100\/100\n|turn|5\n|\n|t:|1699737979\n|move|p2a: Krookodile|Stone Edge|p1a: Thundurus\n|-supereffective|p1a: Thundurus\n|-damage|p1a: Thundurus|0 fnt\n|faint|p1a: Thundurus\n|-ability|p2a: Krookodile|Moxie|boost\n|-boost|p2a: Krookodile|atk|1\n|\n|upkeep\n|\n|t:|1699737985\n|switch|p1a: Great Tusk|Great Tusk|100\/100\n|-enditem|p1a: Great Tusk|Booster Energy\n|-activate|p1a: Great Tusk|ability: Protosynthesis|[fromitem]\n|-start|p1a: Great Tusk|protosynthesisspe\n|turn|6\n|\n|t:|1699737994\n|move|p1a: Great Tusk|Earthquake|p2a: Krookodile\n|-damage|p2a: Krookodile|0 fnt\n|faint|p2a: Krookodile\n|\n|upkeep\n|\n|t:|1699738004\n|switch|p2a: Ferrothorn|Ferrothorn, M, shiny|100\/100\n|-damage|p2a: Ferrothorn|88\/100|[from] Spikes\n|turn|7\n|\n|t:|1699738011\n|move|p1a: Great Tusk|Ice Spinner|p2a: Ferrothorn\n|-damage|p2a: Ferrothorn|74\/100\n|-damage|p1a: Great Tusk|88\/100|[from] ability: Iron Barbs|[of] p2a: Ferrothorn\n|-damage|p1a: Great Tusk|71\/100|[from] item: Rocky Helmet|[of] p2a: Ferrothorn\n|move|p2a: Ferrothorn|Leech Seed|p1a: Great Tusk\n|-start|p1a: Great Tusk|move: Leech Seed\n|\n|-damage|p1a: Great Tusk|59\/100|[from] Leech Seed|[of] p2a: Ferrothorn\n|-heal|p2a: Ferrothorn|89\/100|[silent]\n|upkeep\n|turn|8\n|\n|t:|1699738024\n|move|p1a: Great Tusk|Earthquake|p2a: Ferrothorn\n|-damage|p2a: Ferrothorn|64\/100\n|move|p2a: Ferrothorn|Iron Defense|p2a: Ferrothorn\n|-boost|p2a: Ferrothorn|def|2\n|\n|-damage|p1a: Great Tusk|47\/100|[from] Leech Seed|[of] p2a: Ferrothorn\n|-heal|p2a: Ferrothorn|79\/100|[silent]\n|upkeep\n|turn|9\n|c|\u2606Blake-Mamba|No cc?\n|\n|t:|1699738035\n|move|p1a: Great Tusk|Close Combat|p2a: Ferrothorn\n|-supereffective|p2a: Ferrothorn\n|-damage|p2a: Ferrothorn|52\/100\n|-unboost|p1a: Great Tusk|def|1\n|-unboost|p1a: Great Tusk|spd|1\n|-damage|p1a: Great Tusk|34\/100|[from] ability: Iron Barbs|[of] p2a: Ferrothorn\n|-damage|p1a: Great Tusk|18\/100|[from] item: Rocky Helmet|[of] p2a: Ferrothorn\n|move|p2a: Ferrothorn|Body Press|p1a: Great Tusk\n|-damage|p1a: Great Tusk|0 fnt\n|faint|p1a: Great Tusk\n|-end|p1a: Great Tusk|Protosynthesis|[silent]\n|\n|upkeep\n|c|\u2606Blake-Mamba|Oh there it is\n|\n|t:|1699738046\n|switch|p1a: Venusaur|Venusaur, M|100\/100\n|turn|10\n|\n|t:|1699738060\n|detailschange|p1a: Venusaur|Venusaur-Mega, M\n|-mega|p1a: Venusaur|Venusaur|Venusaurite\n|move|p1a: Venusaur|Giga Drain|p2a: Ferrothorn\n|-resisted|p2a: Ferrothorn\n|-damage|p2a: Ferrothorn|44\/100\n|move|p2a: Ferrothorn|Body Press|p1a: Venusaur\n|-resisted|p1a: Venusaur\n|-damage|p1a: Venusaur|71\/100\n|\n|upkeep\n|turn|11\n|\n|t:|1699738069\n|move|p1a: Venusaur|Body Slam|p2a: Ferrothorn\n|-resisted|p2a: Ferrothorn\n|-damage|p2a: Ferrothorn|41\/100\n|-damage|p1a: Venusaur|59\/100|[from] ability: Iron Barbs|[of] p2a: Ferrothorn\n|-damage|p1a: Venusaur|42\/100|[from] item: Rocky Helmet|[of] p2a: Ferrothorn\n|move|p2a: Ferrothorn|Body Press|p1a: Venusaur\n|-resisted|p1a: Venusaur\n|-damage|p1a: Venusaur|11\/100\n|\n|upkeep\n|turn|12\n|\n|t:|1699738079\n|move|p1a: Venusaur|Giga Drain|p2a: Ferrothorn\n|-resisted|p2a: Ferrothorn\n|-crit|p2a: Ferrothorn\n|-damage|p2a: Ferrothorn|28\/100\n|-heal|p1a: Venusaur|18\/100|[from] drain|[of] p2a: Ferrothorn\n|move|p2a: Ferrothorn|Body Press|p1a: Venusaur\n|-resisted|p1a: Venusaur\n|-damage|p1a: Venusaur|0 fnt\n|faint|p1a: Venusaur\n|\n|win|Blake-Mamba\n|raw|AlastorMorningstar's rating: 1214 &rarr; <strong>1194<\/strong><br \/>(-20 for losing)\n|raw|Blake-Mamba's rating: 1286 &rarr; <strong>1306<\/strong><br \/>(+20 for winning)\n|c|\u2606Blake-Mamba|Gg\n|l|\u2606AlastorMorningstar\n","uploadtime":1699738093,"views":4,"p1id":"alastormorningstar","p2id":"blakemamba","formatid":"gen9nationaldex","rating":1194,"private":0,"password":""}