{"id":"gen9nationaldex-1999915288","p1":"Greedy Monarch","p2":"Kevelek17","format":"[Gen 9] National Dex","log":"|html|<div class=\"broadcast-blue\"><strong>[Gen 9] National Dex is currently suspecting Sneasler! For information on how to participate check out the <a href=\"https:\/\/www.smogon.com\/forums\/threads\/sv-national-dex-suspect-8-just-dance.3731534\/\">suspect thread<\/a>.<\/strong><\/div>\n|j|\u2606Greedy Monarch\n|j|\u2606Kevelek17\n|t:|1701129604\n|gametype|singles\n|player|p1|Greedy Monarch|169|1339\n|player|p2|Kevelek17|youngster-gen4dp|1381\n|teamsize|p1|6\n|teamsize|p2|6\n|gen|9\n|tier|[Gen 9] National Dex\n|rated|\n|rule|HP Percentage Mod: HP is shown in percentages\n|rule|Endless Battle Clause: Forcing endless battles is banned\n|rule|OHKO Clause: OHKO moves are banned\n|rule|Evasion Clause: Evasion abilities, items, and moves are banned\n|rule|Evasion Abilities Clause: Evasion abilities are banned\n|rule|Evasion Items Clause: Evasion items are banned\n|rule|Evasion Moves Clause: Evasion moves are banned\n|rule|Species Clause: Limit one of each Pok\u00e9mon\n|rule|Sleep Clause Mod: Limit one foe put to sleep\n|clearpoke\n|poke|p1|Kleavor, M|\n|poke|p1|Scolipede, M|\n|poke|p1|Scizor, M|\n|poke|p1|Volcarona, F|\n|poke|p1|Buzzwole|\n|poke|p1|Vikavolt, M|\n|poke|p2|Chansey, F|\n|poke|p2|Forretress, F|\n|poke|p2|Gyarados, M|\n|poke|p2|Mimikyu, F|\n|poke|p2|Swampert, F|\n|poke|p2|Goodra, F|\n|teampreview\n|\n|t:|1701129614\n|start\n|switch|p1a: Vesta|Volcarona, F|100\/100\n|switch|p2a: Gyarados|Gyarados, M, shiny|100\/100\n|-ability|p2a: Gyarados|Intimidate|boost\n|-unboost|p1a: Vesta|atk|1\n|turn|1\n|\n|t:|1701129643\n|switch|p1a: West-Nile|Buzzwole|100\/100\n|move|p2a: Gyarados|Substitute|p2a: Gyarados\n|-start|p2a: Gyarados|Substitute\n|-damage|p2a: Gyarados|76\/100\n|\n|upkeep\n|turn|2\n|\n|t:|1701129649\n|-terastallize|p1a: West-Nile|Electric\n|move|p2a: Gyarados|Dragon Dance|p2a: Gyarados\n|-boost|p2a: Gyarados|atk|1\n|-boost|p2a: Gyarados|spe|1\n|move|p1a: West-Nile|Thunder Punch|p2a: Gyarados\n|-supereffective|p2a: Gyarados\n|-end|p2a: Gyarados|Substitute\n|\n|upkeep\n|turn|3\n|\n|t:|1701129658\n|detailschange|p2a: Gyarados|Gyarados-Mega, M, shiny\n|-mega|p2a: Gyarados|Gyarados|Gyaradosite\n|-ability|p2a: Gyarados|Mold Breaker\n|move|p2a: Gyarados|Crunch|p1a: West-Nile\n|-damage|p1a: West-Nile|61\/100\n|move|p1a: West-Nile|Thunder Punch|p2a: Gyarados\n|-supereffective|p2a: Gyarados\n|-damage|p2a: Gyarados|0 fnt\n|faint|p2a: Gyarados\n|-ability|p1a: West-Nile|Beast Boost|boost\n|-boost|p1a: West-Nile|atk|1\n|\n|upkeep\n|\n|t:|1701129670\n|switch|p2a: Swampert|Swampert, F, shiny|100\/100\n|turn|4\n|\n|t:|1701129681\n|move|p1a: West-Nile|Drain Punch|p2a: Swampert\n|-crit|p2a: Swampert\n|-damage|p2a: Swampert|28\/100\n|-heal|p1a: West-Nile|100\/100|[from] drain|[of] p2a: Swampert\n|move|p2a: Swampert|Counter|p1a: West-Nile\n|-damage|p1a: West-Nile|0 fnt\n|faint|p1a: West-Nile\n|\n|-heal|p2a: Swampert|34\/100|[from] item: Leftovers\n|upkeep\n|\n|t:|1701129701\n|switch|p1a: Power-Trip|Vikavolt, M|100\/100\n|turn|5\n|\n|t:|1701129704\n|move|p2a: Swampert|Stealth Rock|p1a: Power-Trip\n|-sidestart|p1: Greedy Monarch|move: Stealth Rock\n|move|p1a: Power-Trip|Energy Ball|p2a: Swampert\n|-supereffective|p2a: Swampert\n|-damage|p2a: Swampert|0 fnt\n|faint|p2a: Swampert\n|\n|upkeep\n|\n|t:|1701129712\n|switch|p2a: Goodra|Goodra, F|100\/100\n|turn|6\n|\n|t:|1701129721\n|move|p2a: Goodra|Flamethrower|p1a: Power-Trip\n|-supereffective|p1a: Power-Trip\n|-damage|p1a: Power-Trip|53\/100\n|move|p1a: Power-Trip|Hidden Power|p2a: Goodra\n|-supereffective|p2a: Goodra\n|-damage|p2a: Goodra|81\/100\n|\n|upkeep\n|turn|7\n|\n|t:|1701129733\n|move|p2a: Goodra|Draco Meteor|p1a: Power-Trip\n|-damage|p1a: Power-Trip|0 fnt\n|-unboost|p2a: Goodra|spa|2\n|faint|p1a: Power-Trip\n|\n|upkeep\n|\n|t:|1701129737\n|switch|p1a: Sector|Scizor, M|100\/100\n|-damage|p1a: Sector|88\/100|[from] Stealth Rock\n|turn|8\n|\n|t:|1701129743\n|switch|p2a: Forretress|Forretress, F|100\/100\n|detailschange|p1a: Sector|Scizor-Mega, M\n|-mega|p1a: Sector|Scizor|Scizorite\n|move|p1a: Sector|Defog|p2a: Forretress\n|-unboost|p2a: Forretress|evasion|1\n|-sideend|p1: Greedy Monarch|Stealth Rock|[from] move: Defog|[of] p1a: Sector\n|\n|upkeep\n|turn|9\n|\n|t:|1701129756\n|move|p1a: Sector|Swords Dance|p1a: Sector\n|-boost|p1a: Sector|atk|2\n|move|p2a: Forretress|Spikes|p1a: Sector\n|-sidestart|p1: Greedy Monarch|Spikes\n|\n|upkeep\n|turn|10\n|\n|t:|1701129761\n|move|p1a: Sector|Swords Dance|p1a: Sector\n|-boost|p1a: Sector|atk|2\n|move|p2a: Forretress|Explosion|p1a: Sector\n|-resisted|p1a: Sector\n|-damage|p1a: Sector|65\/100\n|faint|p2a: Forretress\n|\n|upkeep\n|\n|t:|1701129770\n|switch|p2a: Goodra|Goodra, F|81\/100\n|turn|11\n|\n|t:|1701129774\n|move|p1a: Sector|Bullet Punch|p2a: Goodra\n|-damage|p2a: Goodra|0 fnt\n|faint|p2a: Goodra\n|\n|upkeep\n|-message|Kevelek17 forfeited.\n|\n|win|Greedy Monarch\n|raw|Greedy Monarch's rating: 1339 &rarr; <strong>1361<\/strong><br \/>(+22 for winning)\n|raw|Kevelek17's rating: 1381 &rarr; <strong>1359<\/strong><br \/>(-22 for losing)\n|l|\u2606Kevelek17\n","uploadtime":1701129787,"views":2,"p1id":"greedymonarch","p2id":"kevelek17","formatid":"gen9nationaldex","rating":1359,"private":0,"password":""}