{"id":"gen9nationaldex-1996090090","p1":"crack10","p2":"daniel241595","format":"[Gen 9] National Dex","log":"|html|<div class=\"broadcast-blue\"><strong>[Gen 9] National Dex is currently suspecting Sneasler! For information on how to participate check out the <a href=\"https:\/\/www.smogon.com\/forums\/threads\/sv-national-dex-suspect-8-just-dance.3731534\/\">suspect thread<\/a>.<\/strong><\/div>\n|j|\u2606crack10\n|j|\u2606daniel241595\n|t:|1700642452\n|gametype|singles\n|player|p1|crack10|1|1553\n|player|p2|daniel241595|gambler|1523\n|teamsize|p1|6\n|teamsize|p2|6\n|gen|9\n|tier|[Gen 9] National Dex\n|rated|\n|rule|HP Percentage Mod: HP is shown in percentages\n|rule|Endless Battle Clause: Forcing endless battles is banned\n|rule|OHKO Clause: OHKO moves are banned\n|rule|Evasion Clause: Evasion abilities, items, and moves are banned\n|rule|Evasion Abilities Clause: Evasion abilities are banned\n|rule|Evasion Items Clause: Evasion items are banned\n|rule|Evasion Moves Clause: Evasion moves are banned\n|rule|Species Clause: Limit one of each Pok\u00e9mon\n|rule|Sleep Clause Mod: Limit one foe put to sleep\n|clearpoke\n|poke|p1|Chandelure, F|\n|poke|p1|Hawlucha, M|\n|poke|p1|Garchomp, F|\n|poke|p1|Tapu Koko|\n|poke|p1|Moltres-Galar|\n|poke|p1|Scizor, F|\n|poke|p2|Arcanine, M|\n|poke|p2|Flygon, F|\n|poke|p2|Empoleon, M|\n|poke|p2|Eelektross, F|\n|poke|p2|Florges, F|\n|poke|p2|Kleavor, M|\n|teampreview\n|inactive|Battle timer is ON: inactive players will automatically lose when time's up. (requested by daniel241595)\n|\n|t:|1700642463\n|start\n|switch|p1a: Tapu Koko|Tapu Koko|100\/100\n|switch|p2a: Eelektross|Eelektross, F|100\/100\n|-fieldstart|move: Electric Terrain|[from] ability: Electric Surge|[of] p1a: Tapu Koko\n|turn|1\n|\n|t:|1700642469\n|move|p1a: Tapu Koko|Dazzling Gleam|p2a: Eelektross\n|-damage|p2a: Eelektross|66\/100\n|move|p2a: Eelektross|Volt Switch|p1a: Tapu Koko\n|-resisted|p1a: Tapu Koko\n|-damage|p1a: Tapu Koko|75\/100\n|\n|t:|1700642484\n|switch|p2a: Florges|Florges, F|100\/100|[from] Volt Switch\n|\n|upkeep\n|turn|2\n|\n|t:|1700642503\n|switch|p1a: Scizor|Scizor, F|100\/100\n|move|p2a: Florges|Wish|p2a: Florges\n|\n|upkeep\n|turn|3\n|\n|t:|1700642512\n|switch|p2a: Eelektross|Eelektross, F|66\/100\n|detailschange|p1a: Scizor|Scizor-Mega, F\n|-mega|p1a: Scizor|Scizor|Scizorite\n|move|p1a: Scizor|Dual Wingbeat|p2a: Eelektross\n|-resisted|p2a: Eelektross\n|-damage|p2a: Eelektross|52\/100\n|-resisted|p2a: Eelektross\n|-damage|p2a: Eelektross|38\/100\n|-hitcount|p2a: Eelektross|2\n|\n|-heal|p2a: Eelektross|86\/100|[from] move: Wish|[wisher] Florges\n|upkeep\n|turn|4\n|\n|t:|1700642528\n|switch|p1a: Tapu Koko|Tapu Koko|75\/100\n|move|p2a: Eelektross|Flamethrower|p1a: Tapu Koko\n|-damage|p1a: Tapu Koko|26\/100\n|\n|upkeep\n|turn|5\n|\n|t:|1700642536\n|switch|p2a: Florges|Florges, F|100\/100\n|move|p1a: Tapu Koko|Volt Switch|p2a: Florges\n|-crit|p2a: Florges\n|-damage|p2a: Florges|46\/100\n|\n|t:|1700642549\n|switch|p1a: Scizor|Scizor-Mega, F|100\/100|[from] Volt Switch\n|\n|-heal|p2a: Florges|52\/100|[from] item: Leftovers\n|-fieldend|move: Electric Terrain\n|upkeep\n|turn|6\n|\n|t:|1700642569\n|switch|p2a: Empoleon|Empoleon, M|100\/100\n|move|p1a: Scizor|Bullet Punch|p2a: Empoleon\n|-resisted|p2a: Empoleon\n|-damage|p2a: Empoleon|93\/100\n|\n|upkeep\n|turn|7\n|\n|t:|1700642575\n|switch|p1a: Tapu Koko|Tapu Koko|26\/100\n|-fieldstart|move: Electric Terrain|[from] ability: Electric Surge|[of] p1a: Tapu Koko\n|move|p2a: Empoleon|Scald|p1a: Tapu Koko\n|-damage|p1a: Tapu Koko|0 fnt\n|faint|p1a: Tapu Koko\n|\n|upkeep\n|\n|t:|1700642581\n|switch|p1a: Hawlucha|Hawlucha, M|100\/100\n|-enditem|p1a: Hawlucha|Electric Seed\n|-boost|p1a: Hawlucha|def|1|[from] item: Electric Seed\n|turn|8\n|\n|t:|1700642585\n|-terastallize|p1a: Hawlucha|Fighting\n|move|p1a: Hawlucha|Substitute|p1a: Hawlucha\n|-start|p1a: Hawlucha|Substitute\n|-damage|p1a: Hawlucha|76\/100\n|move|p2a: Empoleon|Ice Beam|p1a: Hawlucha\n|-end|p1a: Hawlucha|Substitute\n|\n|upkeep\n|turn|9\n|\n|t:|1700642602\n|-terastallize|p2a: Empoleon|Ghost\n|move|p1a: Hawlucha|Close Combat|p2a: Empoleon\n|-immune|p2a: Empoleon\n|move|p2a: Empoleon|Scald|p1a: Hawlucha\n|-crit|p1a: Hawlucha\n|-damage|p1a: Hawlucha|0 fnt\n|faint|p1a: Hawlucha\n|\n|upkeep\n|\n|t:|1700642616\n|switch|p1a: Chandelure|Chandelure, F|100\/100\n|turn|10\n|\n|t:|1700642631\n|switch|p2a: Florges|Florges, F|52\/100\n|move|p1a: Chandelure|Shadow Ball|p2a: Florges\n|-damage|p2a: Florges|23\/100\n|\n|-heal|p2a: Florges|29\/100|[from] item: Leftovers\n|upkeep\n|turn|11\n|\n|t:|1700642651\n|move|p1a: Chandelure|Shadow Ball|p2a: Florges\n|-damage|p2a: Florges|0 fnt\n|faint|p2a: Florges\n|\n|-fieldend|move: Electric Terrain\n|upkeep\n|\n|t:|1700642663\n|switch|p2a: Kleavor|Kleavor, M|100\/100\n|turn|12\n|\n|t:|1700642673\n|move|p2a: Kleavor|Stone Axe|p1a: Chandelure\n|-supereffective|p1a: Chandelure\n|-damage|p1a: Chandelure|0 fnt\n|-sidestart|p1: crack10|move: Stealth Rock\n|faint|p1a: Chandelure\n|\n|upkeep\n|\n|t:|1700642679\n|switch|p1a: Scizor|Scizor-Mega, F|100\/100\n|-damage|p1a: Scizor|88\/100|[from] Stealth Rock\n|turn|13\n|\n|t:|1700642702\n|switch|p2a: Arcanine|Arcanine, M, shiny|100\/100\n|-ability|p2a: Arcanine|Intimidate|boost\n|-unboost|p1a: Scizor|atk|1\n|move|p1a: Scizor|Dual Wingbeat|p2a: Arcanine\n|-damage|p2a: Arcanine|82\/100\n|-damage|p2a: Arcanine|64\/100\n|-hitcount|p2a: Arcanine|2\n|\n|upkeep\n|turn|14\n|inactive|daniel241595 has 120 seconds left.\n|inactive|crack10 has 120 seconds left.\n|\n|t:|1700642760\n|switch|p2a: Empoleon|Empoleon, M, tera:Ghost|93\/100\n|switch|p1a: Garchomp|Garchomp, F|100\/100\n|-damage|p1a: Garchomp|94\/100|[from] Stealth Rock\n|\n|upkeep\n|turn|15\n|\n|t:|1700642764\n|move|p1a: Garchomp|Dragon Claw|p2a: Empoleon\n|-damage|p2a: Empoleon|64\/100\n|move|p2a: Empoleon|Ice Beam|p1a: Garchomp\n|-supereffective|p1a: Garchomp\n|-damage|p1a: Garchomp|0 fnt\n|faint|p1a: Garchomp\n|\n|upkeep\n|-message|crack10 forfeited.\n|\n|win|daniel241595\n|raw|crack10's rating: 1553 &rarr; <strong>1531<\/strong><br \/>(-22 for losing)\n|raw|daniel241595's rating: 1523 &rarr; <strong>1545<\/strong><br \/>(+22 for winning)\n|l|\u2606crack10\n","uploadtime":1700642775,"views":24,"p1id":"crack10","p2id":"daniel241595","formatid":"gen9nationaldex","rating":1531,"private":0,"password":""}