{"id":"gen9nationaldex-1990846834","p1":"BiscuitBoi101","p2":"hambroni","format":"[Gen 9] National Dex","log":"|j|\u2606BiscuitBoi101\n|j|\u2606hambroni\n|t:|1700007062\n|gametype|singles\n|player|p1|BiscuitBoi101|steven|1531\n|player|p2|hambroni|lucas|1436\n|teamsize|p1|6\n|teamsize|p2|6\n|gen|9\n|tier|[Gen 9] National Dex\n|rated|\n|rule|HP Percentage Mod: HP is shown in percentages\n|rule|Endless Battle Clause: Forcing endless battles is banned\n|rule|OHKO Clause: OHKO moves are banned\n|rule|Evasion Clause: Evasion abilities, items, and moves are banned\n|rule|Evasion Abilities Clause: Evasion abilities are banned\n|rule|Evasion Items Clause: Evasion items are banned\n|rule|Evasion Moves Clause: Evasion moves are banned\n|rule|Species Clause: Limit one of each Pok\u00e9mon\n|rule|Sleep Clause Mod: Limit one foe put to sleep\n|clearpoke\n|poke|p1|Charizard, M|\n|poke|p1|Rillaboom, F|\n|poke|p1|Great Tusk|\n|poke|p1|Sneasler, M|\n|poke|p1|Heatran, M|\n|poke|p1|Blissey, F|\n|poke|p2|Azelf|\n|poke|p2|Nidoking, M|\n|poke|p2|Zapdos|\n|poke|p2|Lucario, M|\n|poke|p2|Clefable, F|\n|poke|p2|Garchomp, M|\n|teampreview\n|inactive|Battle timer is ON: inactive players will automatically lose when time's up. (requested by hambroni)\n|\n|t:|1700007073\n|start\n|switch|p1a: Blissey|Blissey, F, shiny|100\/100\n|switch|p2a: Clouded|Azelf|100\/100\n|turn|1\n|\n|t:|1700007102\n|move|p2a: Clouded|U-turn|p1a: Blissey\n|-damage|p1a: Blissey|84\/100\n|\n|t:|1700007105\n|switch|p2a: UglyAF|Clefable, F|100\/100|[from] U-turn\n|move|p1a: Blissey|Stealth Rock|p2a: UglyAF\n|-sidestart|p2: hambroni|move: Stealth Rock\n|\n|upkeep\n|turn|2\n|\n|t:|1700007110\n|move|p2a: UglyAF|Calm Mind|p2a: UglyAF\n|-boost|p2a: UglyAF|spa|1\n|-boost|p2a: UglyAF|spd|1\n|move|p1a: Blissey|Teleport|p1a: Blissey\n|\n|t:|1700007125\n|switch|p1a: Sneasler|Sneasler, M|100\/100|[from] Teleport\n|\n|upkeep\n|turn|3\n|\n|t:|1700007142\n|switch|p2a: Doritoes|Zapdos, shiny|100\/100\n|move|p1a: Sneasler|Dire Claw|p2a: Doritoes\n|-damage|p2a: Doritoes|53\/100\n|\n|upkeep\n|turn|4\n|\n|t:|1700007153\n|switch|p1a: Blissey|Blissey, F, shiny|84\/100\n|move|p2a: Doritoes|Roost|p2a: Doritoes\n|-heal|p2a: Doritoes|100\/100\n|-singleturn|p2a: Doritoes|move: Roost\n|\n|upkeep\n|turn|5\n|\n|t:|1700007165\n|move|p2a: Doritoes|Defog|p1a: Blissey\n|-unboost|p1a: Blissey|evasion|1\n|-sideend|p2: hambroni|Stealth Rock|[from] move: Defog|[of] p2a: Doritoes\n|move|p1a: Blissey|Teleport|p1a: Blissey\n|\n|t:|1700007177\n|switch|p1a: Charizard|Charizard, M, shiny|100\/100|[from] Teleport\n|\n|upkeep\n|turn|6\n|\n|t:|1700007187\n|detailschange|p1a: Charizard|Charizard-Mega-Y, M, shiny\n|-mega|p1a: Charizard|Charizard|Charizardite Y\n|-weather|SunnyDay|[from] ability: Drought|[of] p1a: Charizard\n|move|p1a: Charizard|Weather Ball|p2a: Doritoes\n|-damage|p2a: Doritoes|39\/100\n|move|p2a: Doritoes|Discharge|p1a: Charizard\n|-supereffective|p1a: Charizard\n|-damage|p1a: Charizard|26\/100\n|\n|-weather|SunnyDay|[upkeep]\n|upkeep\n|turn|7\n|\n|t:|1700007197\n|move|p1a: Charizard|Weather Ball|p2a: Doritoes\n|-damage|p2a: Doritoes|0 fnt\n|faint|p2a: Doritoes\n|\n|-weather|SunnyDay|[upkeep]\n|upkeep\n|\n|t:|1700007203\n|switch|p2a: Clouded|Azelf|100\/100\n|turn|8\n|\n|t:|1700007205\n|switch|p1a: Blissey|Blissey, F, shiny|84\/100\n|move|p2a: Clouded|Psychic|p1a: Blissey\n|-damage|p1a: Blissey|67\/100\n|\n|-weather|SunnyDay|[upkeep]\n|upkeep\n|turn|9\n|\n|t:|1700007217\n|move|p2a: Clouded|U-turn|p1a: Blissey\n|-damage|p1a: Blissey|53\/100\n|\n|t:|1700007219\n|switch|p2a: Lucario|Lucario, M|100\/100|[from] U-turn\n|move|p1a: Blissey|Soft-Boiled|p1a: Blissey\n|-heal|p1a: Blissey|100\/100\n|\n|-weather|SunnyDay|[upkeep]\n|upkeep\n|turn|10\n|\n|t:|1700007228\n|switch|p1a: Great Tusk|Great Tusk|100\/100\n|-activate|p1a: Great Tusk|ability: Protosynthesis\n|-start|p1a: Great Tusk|protosynthesisdef\n|move|p2a: Lucario|Swords Dance|p2a: Lucario\n|-boost|p2a: Lucario|atk|2\n|\n|-weather|none\n|-end|p1a: Great Tusk|Protosynthesis\n|upkeep\n|turn|11\n|\n|t:|1700007237\n|switch|p2a: Clouded|Azelf|100\/100\n|move|p1a: Great Tusk|Body Press|p2a: Clouded\n|-resisted|p2a: Clouded\n|-damage|p2a: Clouded|62\/100\n|\n|upkeep\n|turn|12\n|\n|t:|1700007245\n|move|p2a: Clouded|U-turn|p1a: Great Tusk\n|-resisted|p1a: Great Tusk\n|-damage|p1a: Great Tusk|96\/100\n|\n|t:|1700007247\n|switch|p2a: UglyAF|Clefable, F|100\/100|[from] U-turn\n|move|p1a: Great Tusk|Bulk Up|p1a: Great Tusk\n|-boost|p1a: Great Tusk|atk|1\n|-boost|p1a: Great Tusk|def|1\n|\n|-heal|p1a: Great Tusk|100\/100|[from] item: Leftovers\n|upkeep\n|turn|13\n|\n|t:|1700007257\n|move|p1a: Great Tusk|Bulk Up|p1a: Great Tusk\n|-boost|p1a: Great Tusk|atk|1\n|-boost|p1a: Great Tusk|def|1\n|move|p2a: UglyAF|Moonblast|p1a: Great Tusk\n|-supereffective|p1a: Great Tusk\n|-damage|p1a: Great Tusk|26\/100\n|\n|-heal|p1a: Great Tusk|32\/100|[from] item: Leftovers\n|upkeep\n|turn|14\n|\n|t:|1700007267\n|-end|p1a: Great Tusk|Protosynthesis|[silent]\n|switch|p1a: Blissey|Blissey, F, shiny|100\/100\n|switch|p2a: Clouded|Azelf|62\/100\n|\n|upkeep\n|turn|15\n|\n|t:|1700007273\n|switch|p2a: Lucario|Lucario, M|100\/100\n|move|p1a: Blissey|Stealth Rock|p2a: Lucario\n|-sidestart|p2: hambroni|move: Stealth Rock\n|\n|upkeep\n|turn|16\n|\n|t:|1700007278\n|move|p2a: Lucario|Swords Dance|p2a: Lucario\n|-boost|p2a: Lucario|atk|2\n|move|p1a: Blissey|Teleport|p1a: Blissey\n|\n|t:|1700007281\n|switch|p1a: Charizard|Charizard-Mega-Y, M, shiny|26\/100|[from] Teleport\n|-weather|SunnyDay|[from] ability: Drought|[of] p1a: Charizard\n|\n|-weather|SunnyDay|[upkeep]\n|upkeep\n|turn|17\n|\n|t:|1700007287\n|move|p2a: Lucario|Extreme Speed|p1a: Charizard\n|-damage|p1a: Charizard|0 fnt\n|faint|p1a: Charizard\n|-damage|p2a: Lucario|91\/100|[from] item: Life Orb\n|\n|-weather|SunnyDay|[upkeep]\n|upkeep\n|\n|t:|1700007293\n|switch|p1a: Heatran|Heatran, M|100\/100\n|turn|18\n|\n|t:|1700007301\n|move|p1a: Heatran|Eruption|p2a: Lucario\n|-supereffective|p2a: Lucario\n|-damage|p2a: Lucario|0 fnt\n|faint|p2a: Lucario\n|\n|-weather|SunnyDay|[upkeep]\n|upkeep\n|\n|t:|1700007310\n|switch|p2a: FreshBlood|Garchomp, M|100\/100\n|-damage|p2a: FreshBlood|94\/100|[from] Stealth Rock\n|turn|19\n|\n|t:|1700007321\n|move|p2a: FreshBlood|Earthquake|p1a: Heatran\n|-supereffective|p1a: Heatran\n|-damage|p1a: Heatran|0 fnt\n|faint|p1a: Heatran\n|\n|-weather|SunnyDay|[upkeep]\n|upkeep\n|\n|t:|1700007326\n|switch|p1a: Rillaboom|Rillaboom, F|100\/100\n|-fieldstart|move: Grassy Terrain|[from] ability: Grassy Surge|[of] p1a: Rillaboom\n|turn|20\n|\n|t:|1700007332\n|switch|p2a: Henry|Nidoking, M, shiny|100\/100\n|-damage|p2a: Henry|95\/100|[from] Stealth Rock\n|move|p1a: Rillaboom|U-turn|p2a: Henry\n|-resisted|p2a: Henry\n|-crit|p2a: Henry\n|-damage|p2a: Henry|58\/100\n|\n|t:|1700007341\n|switch|p1a: Sneasler|Sneasler, M|100\/100|[from] U-turn\n|-enditem|p1a: Sneasler|Grassy Seed\n|-boost|p1a: Sneasler|def|1|[from] item: Grassy Seed\n|\n|-weather|none\n|-heal|p2a: Henry|64\/100|[from] Grassy Terrain\n|upkeep\n|turn|21\n|\n|t:|1700007357\n|-terastallize|p1a: Sneasler|Flying\n|move|p1a: Sneasler|Swords Dance|p1a: Sneasler\n|-boost|p1a: Sneasler|atk|2\n|move|p2a: Henry|Ice Beam|p1a: Sneasler\n|-supereffective|p1a: Sneasler\n|-damage|p1a: Sneasler|0 fnt\n|faint|p1a: Sneasler\n|\n|-heal|p2a: Henry|70\/100|[from] Grassy Terrain\n|upkeep\n|c|\u2606hambroni|dawg\n|c|\u2606hambroni|too predictable\n|c|\u2606BiscuitBoi101|damn\n|c|\u2606BiscuitBoi101|u right\n|\n|t:|1700007375\n|switch|p1a: Rillaboom|Rillaboom, F|100\/100\n|turn|22\n|\n|t:|1700007380\n|move|p1a: Rillaboom|Wood Hammer|p2a: Henry\n|-damage|p2a: Henry|0 fnt\n|faint|p2a: Henry\n|-damage|p1a: Rillaboom|80\/100|[from] Recoil\n|\n|-heal|p1a: Rillaboom|86\/100|[from] Grassy Terrain\n|upkeep\n|\n|t:|1700007388\n|switch|p2a: Clouded|Azelf|62\/100\n|-damage|p2a: Clouded|50\/100|[from] Stealth Rock\n|turn|23\n|\n|t:|1700007393\n|switch|p1a: Blissey|Blissey, F, shiny|100\/100\n|move|p2a: Clouded|Flamethrower|p1a: Blissey\n|-damage|p1a: Blissey|90\/100\n|\n|-heal|p1a: Blissey|96\/100|[from] Grassy Terrain\n|upkeep\n|turn|24\n|\n|t:|1700007405\n|move|p2a: Clouded|U-turn|p1a: Blissey\n|-damage|p1a: Blissey|81\/100\n|\n|t:|1700007407\n|switch|p2a: UglyAF|Clefable, F|100\/100|[from] U-turn\n|move|p1a: Blissey|Seismic Toss|p2a: UglyAF\n|-damage|p2a: UglyAF|75\/100\n|\n|-heal|p2a: UglyAF|81\/100|[from] Grassy Terrain\n|-heal|p2a: UglyAF|87\/100|[from] item: Leftovers\n|-heal|p1a: Blissey|87\/100|[from] Grassy Terrain\n|-fieldend|move: Grassy Terrain\n|upkeep\n|turn|25\n|\n|t:|1700007417\n|move|p2a: UglyAF|Calm Mind|p2a: UglyAF\n|-boost|p2a: UglyAF|spa|1\n|-boost|p2a: UglyAF|spd|1\n|move|p1a: Blissey|Teleport|p1a: Blissey\n|\n|t:|1700007421\n|switch|p1a: Rillaboom|Rillaboom, F|86\/100|[from] Teleport\n|-fieldstart|move: Grassy Terrain|[from] ability: Grassy Surge|[of] p1a: Rillaboom\n|\n|-heal|p1a: Rillaboom|93\/100|[from] Grassy Terrain\n|-heal|p2a: UglyAF|93\/100|[from] Grassy Terrain\n|-heal|p2a: UglyAF|99\/100|[from] item: Leftovers\n|upkeep\n|turn|26\n|\n|t:|1700007431\n|move|p1a: Rillaboom|Wood Hammer|p2a: UglyAF\n|-damage|p2a: UglyAF|2\/100\n|-damage|p1a: Rillaboom|55\/100|[from] Recoil\n|move|p2a: UglyAF|Flamethrower|p1a: Rillaboom\n|-supereffective|p1a: Rillaboom\n|-damage|p1a: Rillaboom|0 fnt\n|faint|p1a: Rillaboom\n|\n|-heal|p2a: UglyAF|8\/100|[from] Grassy Terrain\n|-heal|p2a: UglyAF|14\/100|[from] item: Leftovers\n|upkeep\n|\n|t:|1700007444\n|switch|p1a: Great Tusk|Great Tusk|32\/100\n|turn|27\n|\n|t:|1700007466\n|move|p1a: Great Tusk|Body Press|p2a: UglyAF\n|-resisted|p2a: UglyAF\n|-damage|p2a: UglyAF|0 fnt\n|faint|p2a: UglyAF\n|\n|-heal|p1a: Great Tusk|38\/100|[from] Grassy Terrain\n|-heal|p1a: Great Tusk|45\/100|[from] item: Leftovers\n|upkeep\n|\n|t:|1700007473\n|switch|p2a: FreshBlood|Garchomp, M|94\/100\n|-damage|p2a: FreshBlood|88\/100|[from] Stealth Rock\n|turn|28\n|\n|t:|1700007477\n|-terastallize|p2a: FreshBlood|Dragon\n|move|p2a: FreshBlood|Dragon Claw|p1a: Great Tusk\n|-damage|p1a: Great Tusk|15\/100\n|move|p1a: Great Tusk|Ice Spinner|p2a: FreshBlood\n|-supereffective|p2a: FreshBlood\n|-damage|p2a: FreshBlood|46\/100\n|-damage|p1a: Great Tusk|2\/100|[from] ability: Rough Skin|[of] p2a: FreshBlood\n|-fieldend|move: Grassy Terrain\n|\n|-heal|p1a: Great Tusk|8\/100|[from] item: Leftovers\n|upkeep\n|turn|29\n|\n|t:|1700007487\n|move|p2a: FreshBlood|Dragon Claw|p1a: Great Tusk\n|-damage|p1a: Great Tusk|0 fnt\n|faint|p1a: Great Tusk\n|-end|p1a: Great Tusk|Protosynthesis|[silent]\n|\n|upkeep\n|c|\u2606BiscuitBoi101|ggs\n|\n|t:|1700007491\n|switch|p1a: Blissey|Blissey, F, shiny|87\/100\n|turn|30\n|\n|t:|1700007507\n|move|p2a: FreshBlood|Dragon Claw|p1a: Blissey\n|-damage|p1a: Blissey|31\/100\n|move|p1a: Blissey|Seismic Toss|p2a: FreshBlood\n|-damage|p2a: FreshBlood|18\/100\n|-damage|p1a: Blissey|19\/100|[from] ability: Rough Skin|[of] p2a: FreshBlood\n|\n|upkeep\n|turn|31\n|c|\u2606hambroni|gg\n|-message|BiscuitBoi101 forfeited.\n|\n|win|hambroni\n|raw|BiscuitBoi101's rating: 1531 &rarr; <strong>1507<\/strong><br \/>(-24 for losing)\n|raw|hambroni's rating: 1463 &rarr; <strong>1487<\/strong><br \/>(+24 for winning)\n|l|\u2606BiscuitBoi101\n","uploadtime":1700007516,"views":4,"p1id":"biscuitboi101","p2id":"hambroni","formatid":"gen9nationaldex","rating":1487,"private":0,"password":""}