{"id":"gen9nationaldex-1995515323","p1":"JaedinRxs","p2":"Showdown-Shelgon","format":"[Gen 9] National Dex","log":"|html|<div class=\"broadcast-blue\"><strong>[Gen 9] National Dex is currently suspecting Sneasler! For information on how to participate check out the <a href=\"https:\/\/www.smogon.com\/forums\/threads\/sv-national-dex-suspect-8-just-dance.3731534\/\">suspect thread<\/a>.<\/strong><\/div>\n|j|\u2606JaedinRxs\n|j|\u2606Showdown-Shelgon\n|t:|1700578881\n|gametype|singles\n|player|p1|JaedinRxs|nate|1000\n|player|p2|Showdown-Shelgon|unknown|1000\n|teamsize|p1|6\n|teamsize|p2|6\n|gen|9\n|tier|[Gen 9] National Dex\n|rated|\n|rule|HP Percentage Mod: HP is shown in percentages\n|rule|Endless Battle Clause: Forcing endless battles is banned\n|rule|OHKO Clause: OHKO moves are banned\n|rule|Evasion Clause: Evasion abilities, items, and moves are banned\n|rule|Evasion Abilities Clause: Evasion abilities are banned\n|rule|Evasion Items Clause: Evasion items are banned\n|rule|Evasion Moves Clause: Evasion moves are banned\n|rule|Species Clause: Limit one of each Pok\u00e9mon\n|rule|Sleep Clause Mod: Limit one foe put to sleep\n|clearpoke\n|poke|p1|Grimmsnarl, M|\n|poke|p1|Deoxys-Defense|\n|poke|p1|Absol, M|\n|poke|p1|Alomomola, M|\n|poke|p1|Okidogi, M|\n|poke|p1|Hoopa|\n|poke|p2|Jolteon, M|\n|poke|p2|Umbreon, F|\n|poke|p2|Vaporeon, F|\n|poke|p2|Sylveon, F|\n|poke|p2|Espeon, F|\n|poke|p2|Leafeon, M|\n|teampreview\n|inactive|Battle timer is ON: inactive players will automatically lose when time's up. (requested by JaedinRxs)\n|inactive|Showdown-Shelgon has 120 seconds left.\n|\n|t:|1700578951\n|start\n|switch|p1a: Alomomola|Alomomola, M|100\/100\n|switch|p2a: Blitzeinschlag|Jolteon, M|100\/100\n|turn|1\n|\n|t:|1700578960\n|move|p2a: Blitzeinschlag|Thunderbolt|p1a: Alomomola\n|-supereffective|p1a: Alomomola\n|-damage|p1a: Alomomola|0 fnt\n|faint|p1a: Alomomola\n|\n|upkeep\n|c|\u2606Showdown-Shelgon|Hey \ud83d\ude01 a good friend of mine has a small YT channel where there are Pok\u00e9mon videos. I would be happy if you take a look \u263a\ufe0f\n|c|\u2606Showdown-Shelgon|https:\/\/youtu.be\/g0JrcNRKkYY?si=HKCdwIw1a-GVcdzj\n|\n|t:|1700578965\n|switch|p1a: Deoxys|Deoxys-Defense|100\/100\n|-ability|p1a: Deoxys|Pressure\n|turn|2\n|\n|t:|1700578972\n|move|p2a: Blitzeinschlag|Thunderbolt|p1a: Deoxys\n|-damage|p1a: Deoxys|38\/100\n|move|p1a: Deoxys|Cosmic Power|p1a: Deoxys\n|-boost|p1a: Deoxys|def|1\n|-boost|p1a: Deoxys|spd|1\n|\n|-heal|p1a: Deoxys|44\/100|[from] item: Leftovers\n|upkeep\n|turn|3\n|\n|t:|1700578980\n|move|p2a: Blitzeinschlag|Thunderbolt|p1a: Deoxys\n|-damage|p1a: Deoxys|5\/100\n|-status|p1a: Deoxys|par\n|move|p1a: Deoxys|Icy Wind|p2a: Blitzeinschlag\n|-damage|p2a: Blitzeinschlag|85\/100\n|-unboost|p2a: Blitzeinschlag|spe|1\n|\n|-heal|p1a: Deoxys|11\/100 par|[from] item: Leftovers\n|upkeep\n|turn|4\n|\n|t:|1700578994\n|switch|p1a: Okidogi|Okidogi, M|100\/100\n|move|p2a: Blitzeinschlag|Thunderbolt|p1a: Okidogi\n|-damage|p1a: Okidogi|26\/100\n|\n|upkeep\n|turn|5\n|\n|t:|1700579004\n|switch|p2a: Tiefsee|Vaporeon, F|100\/100\n|move|p1a: Okidogi|Poison Jab|p2a: Tiefsee\n|-damage|p2a: Tiefsee|55\/100\n|\n|upkeep\n|turn|6\n|\n|t:|1700579010\n|move|p1a: Okidogi|Crunch|p2a: Tiefsee\n|-damage|p2a: Tiefsee|26\/100\n|move|p2a: Tiefsee|Flip Turn|p1a: Okidogi\n|-damage|p1a: Okidogi|15\/100\n|\n|t:|1700579015\n|switch|p2a: Blitzeinschlag|Jolteon, M|85\/100|[from] Flip Turn\n|\n|upkeep\n|turn|7\n|\n|t:|1700579019\n|move|p2a: Blitzeinschlag|Thunderbolt|p1a: Okidogi\n|-damage|p1a: Okidogi|0 fnt\n|faint|p1a: Okidogi\n|\n|upkeep\n|\n|t:|1700579025\n|switch|p1a: Absol|Absol, M|100\/100\n|turn|8\n|\n|t:|1700579040\n|detailschange|p1a: Absol|Absol-Mega, M\n|-mega|p1a: Absol|Absol|Absolite\n|move|p1a: Absol|Sucker Punch|p2a: Blitzeinschlag\n|-crit|p2a: Blitzeinschlag\n|-damage|p2a: Blitzeinschlag|0 fnt\n|faint|p2a: Blitzeinschlag\n|\n|upkeep\n|\n|t:|1700579050\n|switch|p2a: Feenstaub|Sylveon, F|100\/100\n|turn|9\n|\n|t:|1700579061\n|switch|p1a: Grimmsnarl|Grimmsnarl, M|100\/100\n|move|p2a: Feenstaub|Curse|p2a: Feenstaub\n|-unboost|p2a: Feenstaub|spe|1\n|-boost|p2a: Feenstaub|atk|1\n|-boost|p2a: Feenstaub|def|1\n|\n|upkeep\n|turn|10\n|\n|t:|1700579074\n|move|p1a: Grimmsnarl|Leech Life|p2a: Feenstaub\n|-resisted|p2a: Feenstaub\n|-damage|p2a: Feenstaub|89\/100\n|move|p2a: Feenstaub|Curse|p2a: Feenstaub\n|-unboost|p2a: Feenstaub|spe|1\n|-boost|p2a: Feenstaub|atk|1\n|-boost|p2a: Feenstaub|def|1\n|\n|-heal|p2a: Feenstaub|95\/100|[from] item: Leftovers\n|upkeep\n|turn|11\n|\n|t:|1700579083\n|move|p1a: Grimmsnarl|False Surrender|p2a: Feenstaub\n|-resisted|p2a: Feenstaub\n|-damage|p2a: Feenstaub|80\/100\n|move|p2a: Feenstaub|Curse|p2a: Feenstaub\n|-unboost|p2a: Feenstaub|spe|1\n|-boost|p2a: Feenstaub|atk|1\n|-boost|p2a: Feenstaub|def|1\n|\n|-heal|p2a: Feenstaub|87\/100|[from] item: Leftovers\n|upkeep\n|turn|12\n|inactive|Showdown-Shelgon has 120 seconds left.\n|\n|t:|1700579118\n|move|p1a: Grimmsnarl|Parting Shot|p2a: Feenstaub\n|-unboost|p2a: Feenstaub|atk|1\n|-unboost|p2a: Feenstaub|spa|1\n|\n|t:|1700579122\n|switch|p1a: Deoxys|Deoxys-Defense|11\/100 par|[from] Parting Shot\n|-ability|p1a: Deoxys|Pressure\n|move|p2a: Feenstaub|Curse|p2a: Feenstaub\n|-unboost|p2a: Feenstaub|spe|1\n|-boost|p2a: Feenstaub|atk|1\n|-boost|p2a: Feenstaub|def|1\n|\n|-heal|p1a: Deoxys|17\/100 par|[from] item: Leftovers\n|-heal|p2a: Feenstaub|93\/100|[from] item: Leftovers\n|upkeep\n|turn|13\n|\n|t:|1700579137\n|move|p2a: Feenstaub|Quick Attack|p1a: Deoxys\n|-damage|p1a: Deoxys|0 fnt\n|faint|p1a: Deoxys\n|\n|-heal|p2a: Feenstaub|99\/100|[from] item: Leftovers\n|upkeep\n|\n|t:|1700579143\n|switch|p1a: Absol|Absol-Mega, M|100\/100\n|turn|14\n|\n|t:|1700579148\n|move|p1a: Absol|Sucker Punch||[still]\n|-fail|p1a: Absol\n|move|p2a: Feenstaub|Curse|p2a: Feenstaub\n|-unboost|p2a: Feenstaub|spe|1\n|-boost|p2a: Feenstaub|atk|1\n|-boost|p2a: Feenstaub|def|1\n|\n|-heal|p2a: Feenstaub|100\/100|[from] item: Leftovers\n|upkeep\n|turn|15\n|\n|t:|1700579160\n|move|p1a: Absol|Sucker Punch||[still]\n|-fail|p1a: Absol\n|move|p2a: Feenstaub|Curse|p2a: Feenstaub\n|-unboost|p2a: Feenstaub|spe|1\n|-boost|p2a: Feenstaub|atk|1\n|-boost|p2a: Feenstaub|def|1\n|\n|upkeep\n|turn|16\n|\n|t:|1700579166\n|move|p1a: Absol|Swords Dance|p1a: Absol\n|-boost|p1a: Absol|atk|2\n|move|p2a: Feenstaub|Curse|p2a: Feenstaub\n|-boost|p2a: Feenstaub|atk|1\n|\n|upkeep\n|turn|17\n|\n|t:|1700579172\n|move|p1a: Absol|Sucker Punch|p2a: Feenstaub\n|-resisted|p2a: Feenstaub\n|-crit|p2a: Feenstaub\n|-damage|p2a: Feenstaub|28\/100\n|move|p2a: Feenstaub|Quick Attack|p1a: Absol\n|-supereffective|p1a: Absol\n|-damage|p1a: Absol|0 fnt\n|faint|p1a: Absol\n|\n|-heal|p2a: Feenstaub|35\/100|[from] item: Leftovers\n|upkeep\n|\n|t:|1700579181\n|switch|p1a: Grimmsnarl|Grimmsnarl, M|100\/100\n|turn|18\n|\n|t:|1700579183\n|move|p2a: Feenstaub|Quick Attack|p1a: Grimmsnarl\n|-supereffective|p1a: Grimmsnarl\n|-damage|p1a: Grimmsnarl|0 fnt\n|faint|p1a: Grimmsnarl\n|\n|-heal|p2a: Feenstaub|41\/100|[from] item: Leftovers\n|upkeep\n|\n|t:|1700579189\n|switch|p1a: Hoopa|Hoopa|100\/100\n|turn|19\n|\n|t:|1700579193\n|move|p2a: Feenstaub|Quick Attack|p1a: Hoopa\n|-damage|p1a: Hoopa|33\/100\n|move|p1a: Hoopa|Destiny Bond|p1a: Hoopa\n|-singlemove|p1a: Hoopa|Destiny Bond\n|\n|-heal|p1a: Hoopa|39\/100|[from] item: Leftovers\n|-heal|p2a: Feenstaub|47\/100|[from] item: Leftovers\n|upkeep\n|turn|20\n|\n|t:|1700579201\n|move|p1a: Hoopa|Hyperspace Hole|p2a: Feenstaub\n|-damage|p2a: Feenstaub|24\/100\n|move|p2a: Feenstaub|Curse|p2a: Feenstaub\n|\n|-heal|p1a: Hoopa|45\/100|[from] item: Leftovers\n|-heal|p2a: Feenstaub|30\/100|[from] item: Leftovers\n|upkeep\n|turn|21\n|\n|t:|1700579208\n|move|p2a: Feenstaub|Quick Attack|p1a: Hoopa\n|-damage|p1a: Hoopa|0 fnt\n|faint|p1a: Hoopa\n|\n|win|Showdown-Shelgon\n|raw|JaedinRxs's rating: 1000 &rarr; <strong>1000<\/strong><br \/>(+0 for losing)\n|raw|Showdown-Shelgon's rating: 1000 &rarr; <strong>1040<\/strong><br \/>(+40 for winning)\n|l|\u2606JaedinRxs\n","uploadtime":1700579221,"views":0,"p1id":"jaedinrxs","p2id":"showdownshelgon","formatid":"gen9nationaldex","rating":1000,"private":0,"password":""}