{"id":"gen9nationaldex-1991744522","p1":"SevenSeasYT","p2":"Aawden","format":"[Gen 9] National Dex","log":"|j|\u2606SevenSeasYT\n|j|\u2606Aawden\n|t:|1700109998\n|gametype|singles\n|player|p1|SevenSeasYT|169|1299\n|player|p2|Aawden|pokekid|1220\n|teamsize|p1|6\n|teamsize|p2|6\n|gen|9\n|tier|[Gen 9] National Dex\n|rated|\n|rule|HP Percentage Mod: HP is shown in percentages\n|rule|Endless Battle Clause: Forcing endless battles is banned\n|rule|OHKO Clause: OHKO moves are banned\n|rule|Evasion Clause: Evasion abilities, items, and moves are banned\n|rule|Evasion Abilities Clause: Evasion abilities are banned\n|rule|Evasion Items Clause: Evasion items are banned\n|rule|Evasion Moves Clause: Evasion moves are banned\n|rule|Species Clause: Limit one of each Pok\u00e9mon\n|rule|Sleep Clause Mod: Limit one foe put to sleep\n|clearpoke\n|poke|p1|Polteageist|\n|poke|p1|Tapu Lele|\n|poke|p1|Sneasler, M|\n|poke|p1|Maushold|\n|poke|p1|Hatterene, F|\n|poke|p1|Charizard, M|\n|poke|p2|Ferrothorn, F|\n|poke|p2|Pelipper, M|\n|poke|p2|Zapdos|\n|poke|p2|Barraskewda, F|\n|poke|p2|Swampert, F|\n|poke|p2|Kingdra, M|\n|teampreview\n|inactive|Battle timer is ON: inactive players will automatically lose when time's up. (requested by Aawden)\n|\n|t:|1700110012\n|start\n|switch|p1a: Lack of Parents?|Maushold|100\/100\n|switch|p2a: Pelipper|Pelipper, M, shiny|100\/100\n|-weather|RainDance|[from] ability: Drizzle|[of] p2a: Pelipper\n|turn|1\n|\n|t:|1700110018\n|switch|p2a: Ferrothorn|Ferrothorn, F, shiny|100\/100\n|move|p1a: Lack of Parents?|Tidy Up|p1a: Lack of Parents?\n|-boost|p1a: Lack of Parents?|atk|1\n|-boost|p1a: Lack of Parents?|spe|1\n|\n|-weather|RainDance|[upkeep]\n|upkeep\n|turn|2\n|\n|t:|1700110023\n|move|p1a: Lack of Parents?|Tidy Up|p1a: Lack of Parents?\n|-boost|p1a: Lack of Parents?|atk|1\n|-boost|p1a: Lack of Parents?|spe|1\n|move|p2a: Ferrothorn|Stealth Rock|p1a: Lack of Parents?\n|-sidestart|p1: SevenSeasYT|move: Stealth Rock\n|\n|-weather|RainDance|[upkeep]\n|upkeep\n|turn|3\n|\n|t:|1700110030\n|move|p1a: Lack of Parents?|Encore|p2a: Ferrothorn\n|-start|p2a: Ferrothorn|Encore\n|move|p2a: Ferrothorn|Stealth Rock||[still]\n|-fail|p2a: Ferrothorn\n|\n|-weather|RainDance|[upkeep]\n|upkeep\n|turn|4\n|\n|t:|1700110038\n|switch|p2a: Swampert|Swampert, F, shiny|100\/100\n|move|p1a: Lack of Parents?|Tidy Up|p1a: Lack of Parents?\n|-sideend|p1: SevenSeasYT|Stealth Rock\n|-activate|p1a: Lack of Parents?|move: Tidy Up\n|-boost|p1a: Lack of Parents?|atk|1\n|-boost|p1a: Lack of Parents?|spe|1\n|\n|-weather|RainDance|[upkeep]\n|upkeep\n|turn|5\n|\n|t:|1700110043\n|detailschange|p2a: Swampert|Swampert-Mega, F, shiny\n|-mega|p2a: Swampert|Swampert|Swampertite\n|move|p1a: Lack of Parents?|Population Bomb|p2a: Swampert\n|-damage|p2a: Swampert|76\/100\n|-damage|p2a: Swampert|52\/100\n|-damage|p2a: Swampert|27\/100\n|-damage|p2a: Swampert|0 fnt\n|faint|p2a: Swampert\n|-hitcount|p2: Swampert|4\n|\n|-weather|RainDance|[upkeep]\n|upkeep\n|\n|t:|1700110048\n|switch|p2a: Ferrothorn|Ferrothorn, F, shiny|100\/100\n|turn|6\n|\n|t:|1700110060\n|move|p1a: Lack of Parents?|Population Bomb|p2a: Ferrothorn\n|-resisted|p2a: Ferrothorn\n|-damage|p2a: Ferrothorn|93\/100\n|-damage|p1a: Lack of Parents?|88\/100|[from] ability: Iron Barbs|[of] p2a: Ferrothorn\n|-resisted|p2a: Ferrothorn\n|-damage|p2a: Ferrothorn|85\/100\n|-damage|p1a: Lack of Parents?|76\/100|[from] ability: Iron Barbs|[of] p2a: Ferrothorn\n|-resisted|p2a: Ferrothorn\n|-damage|p2a: Ferrothorn|77\/100\n|-damage|p1a: Lack of Parents?|63\/100|[from] ability: Iron Barbs|[of] p2a: Ferrothorn\n|-resisted|p2a: Ferrothorn\n|-damage|p2a: Ferrothorn|69\/100\n|-damage|p1a: Lack of Parents?|51\/100|[from] ability: Iron Barbs|[of] p2a: Ferrothorn\n|-resisted|p2a: Ferrothorn\n|-damage|p2a: Ferrothorn|60\/100\n|-damage|p1a: Lack of Parents?|38\/100|[from] ability: Iron Barbs|[of] p2a: Ferrothorn\n|-resisted|p2a: Ferrothorn\n|-damage|p2a: Ferrothorn|52\/100\n|-damage|p1a: Lack of Parents?|26\/100|[from] ability: Iron Barbs|[of] p2a: Ferrothorn\n|-resisted|p2a: Ferrothorn\n|-damage|p2a: Ferrothorn|44\/100\n|-damage|p1a: Lack of Parents?|13\/100|[from] ability: Iron Barbs|[of] p2a: Ferrothorn\n|-resisted|p2a: Ferrothorn\n|-damage|p2a: Ferrothorn|35\/100\n|-damage|p1a: Lack of Parents?|1\/100|[from] ability: Iron Barbs|[of] p2a: Ferrothorn\n|-resisted|p2a: Ferrothorn\n|-damage|p2a: Ferrothorn|27\/100\n|-damage|p1a: Lack of Parents?|0 fnt|[from] ability: Iron Barbs|[of] p2a: Ferrothorn\n|faint|p1a: Lack of Parents?\n|-hitcount|p2a: Ferrothorn|9\n|move|p2a: Ferrothorn|Gyro Ball|p1: Lack of Parents?|[notarget]\n|-fail|p2a: Ferrothorn\n|\n|-weather|RainDance|[upkeep]\n|-heal|p2a: Ferrothorn|34\/100|[from] item: Leftovers\n|upkeep\n|\n|t:|1700110071\n|switch|p1a: Astolfo|Tapu Lele|100\/100\n|-fieldstart|move: Psychic Terrain|[from] ability: Psychic Surge|[of] p1a: Astolfo\n|turn|7\n|\n|t:|1700110078\n|switch|p1a: Entity 34|Hatterene, F|100\/100\n|move|p2a: Ferrothorn|Stealth Rock|p1a: Entity 34\n|move|p1a: Entity 34|Stealth Rock|p2a: Ferrothorn|[from]ability: Magic Bounce\n|-sidestart|p2: Aawden|move: Stealth Rock\n|\n|-weather|RainDance|[upkeep]\n|-heal|p2a: Ferrothorn|40\/100|[from] item: Leftovers\n|upkeep\n|turn|8\n|\n|t:|1700110085\n|move|p1a: Entity 34|Nuzzle|p2a: Ferrothorn\n|-resisted|p2a: Ferrothorn\n|-damage|p2a: Ferrothorn|39\/100\n|-status|p2a: Ferrothorn|par\n|-damage|p1a: Entity 34|88\/100|[from] ability: Iron Barbs|[of] p2a: Ferrothorn\n|cant|p2a: Ferrothorn|par\n|\n|-weather|none\n|-heal|p2a: Ferrothorn|45\/100 par|[from] item: Leftovers\n|upkeep\n|turn|9\n|\n|t:|1700110094\n|move|p1a: Entity 34|Mystical Fire|p2a: Ferrothorn\n|-supereffective|p2a: Ferrothorn\n|-damage|p2a: Ferrothorn|0 fnt\n|faint|p2a: Ferrothorn\n|\n|upkeep\n|\n|t:|1700110098\n|switch|p2a: Pelipper|Pelipper, M, shiny|100\/100\n|-damage|p2a: Pelipper|75\/100|[from] Stealth Rock\n|-weather|RainDance|[from] ability: Drizzle|[of] p2a: Pelipper\n|turn|10\n|\n|t:|1700110105\n|move|p2a: Pelipper|U-turn|p1a: Entity 34\n|-damage|p1a: Entity 34|81\/100\n|-enditem|p1a: Entity 34|Eject Button\n|\n|t:|1700110116\n|switch|p1a: The Prime Minister|Polteageist|100\/100\n|\n|-weather|RainDance|[upkeep]\n|upkeep\n|turn|11\n|\n|t:|1700110121\n|switch|p2a: Barraskewda|Barraskewda, F, shiny|100\/100\n|-damage|p2a: Barraskewda|88\/100|[from] Stealth Rock\n|move|p1a: The Prime Minister|Shell Smash|p1a: The Prime Minister\n|-unboost|p1a: The Prime Minister|def|1\n|-unboost|p1a: The Prime Minister|spd|1\n|-boost|p1a: The Prime Minister|atk|2\n|-boost|p1a: The Prime Minister|spa|2\n|-boost|p1a: The Prime Minister|spe|2\n|\n|-weather|RainDance|[upkeep]\n|upkeep\n|turn|12\n|\n|t:|1700110130\n|-terastallize|p2a: Barraskewda|Water\n|move|p2a: Barraskewda|Liquidation|p1a: The Prime Minister\n|-enditem|p1a: The Prime Minister|Focus Sash\n|-damage|p1a: The Prime Minister|1\/100\n|-ability|p1a: The Prime Minister|Weak Armor|boost\n|-unboost|p1a: The Prime Minister|def|1\n|-boost|p1a: The Prime Minister|spe|2\n|move|p1a: The Prime Minister|Shell Smash|p1a: The Prime Minister\n|-unboost|p1a: The Prime Minister|def|1\n|-unboost|p1a: The Prime Minister|spd|1\n|-boost|p1a: The Prime Minister|atk|2\n|-boost|p1a: The Prime Minister|spa|2\n|-boost|p1a: The Prime Minister|spe|2\n|\n|-weather|RainDance|[upkeep]\n|upkeep\n|turn|13\n|\n|t:|1700110139\n|move|p1a: The Prime Minister|Stored Power|p2a: Barraskewda\n|-damage|p2a: Barraskewda|0 fnt\n|faint|p2a: Barraskewda\n|\n|-weather|RainDance|[upkeep]\n|upkeep\n|\n|t:|1700110143\n|switch|p2a: Kingdra|Kingdra, M, shiny|100\/100\n|-damage|p2a: Kingdra|88\/100|[from] Stealth Rock\n|turn|14\n|\n|t:|1700110148\n|move|p1a: The Prime Minister|Stored Power|p2a: Kingdra\n|-damage|p2a: Kingdra|0 fnt\n|faint|p2a: Kingdra\n|\n|-weather|RainDance|[upkeep]\n|-fieldend|move: Psychic Terrain\n|upkeep\n|-message|Aawden forfeited.\n|\n|win|SevenSeasYT\n|raw|SevenSeasYT's rating: 1299 &rarr; <strong>1318<\/strong><br \/>(+19 for winning)\n|raw|Aawden's rating: 1220 &rarr; <strong>1201<\/strong><br \/>(-19 for losing)\n|l|\u2606Aawden\n","uploadtime":1700110156,"views":4,"p1id":"sevenseasyt","p2id":"aawden","formatid":"gen9nationaldex","rating":1201,"private":0,"password":""}