{"id":"gen9nationaldex-1994147909","p1":"FortreeFurretts","p2":"silphcosquirtles","format":"[Gen 9] National Dex","log":"|j|\u2606FortreeFurretts\n|j|\u2606silphcosquirtles\n|t:|1700412466\n|gametype|singles\n|player|p1|FortreeFurretts|102|\n|player|p2|silphcosquirtles|byron|\n|teamsize|p1|6\n|teamsize|p2|6\n|gen|9\n|tier|[Gen 9] National Dex\n|rule|HP Percentage Mod: HP is shown in percentages\n|rule|Endless Battle Clause: Forcing endless battles is banned\n|rule|OHKO Clause: OHKO moves are banned\n|rule|Evasion Clause: Evasion abilities, items, and moves are banned\n|rule|Evasion Abilities Clause: Evasion abilities are banned\n|rule|Evasion Items Clause: Evasion items are banned\n|rule|Evasion Moves Clause: Evasion moves are banned\n|rule|Species Clause: Limit one of each Pok\u00e9mon\n|rule|Sleep Clause Mod: Limit one foe put to sleep\n|clearpoke\n|poke|p1|Hawlucha, M|\n|poke|p1|Volcarona, M|\n|poke|p1|Bombirdier, M|\n|poke|p1|Mamoswine, M|\n|poke|p1|Rapidash-Galar, M|\n|poke|p1|Nidoqueen, F|\n|poke|p2|Grimmsnarl, M|\n|poke|p2|Slowbro-Galar, M|\n|poke|p2|Duraludon, M|\n|poke|p2|Zoroark-Hisui, M|\n|poke|p2|Tangrowth, M|\n|poke|p2|Archeops, M|\n|teampreview\n|\n|t:|1700412480\n|start\n|switch|p1a: Nacho Libre|Hawlucha, M, shiny|100\/100\n|switch|p2a: Yojimbo|Grimmsnarl, M, shiny|100\/100\n|turn|1\n|\n|t:|1700412486\n|move|p2a: Yojimbo|Reflect|p2a: Yojimbo\n|-sidestart|p2: silphcosquirtles|Reflect\n|move|p1a: Nacho Libre|Substitute|p1a: Nacho Libre\n|-start|p1a: Nacho Libre|Substitute\n|-damage|p1a: Nacho Libre|75\/100\n|\n|upkeep\n|turn|2\n|\n|t:|1700412493\n|move|p2a: Yojimbo|Parting Shot|p1a: Nacho Libre\n|-unboost|p1a: Nacho Libre|atk|1\n|-unboost|p1a: Nacho Libre|spa|1\n|\n|t:|1700412501\n|switch|p2a: Danger Noodle|Archeops, M, shiny|100\/100|[from] Parting Shot\n|move|p1a: Nacho Libre|Swords Dance|p1a: Nacho Libre\n|-boost|p1a: Nacho Libre|atk|2\n|\n|upkeep\n|turn|3\n|\n|t:|1700412533\n|move|p1a: Nacho Libre|High Jump Kick|p2a: Danger Noodle\n|-damage|p2a: Danger Noodle|36\/100\n|move|p2a: Danger Noodle|Air Slash|p1a: Nacho Libre\n|-supereffective|p1a: Nacho Libre\n|-end|p1a: Nacho Libre|Substitute\n|\n|upkeep\n|turn|4\n|\n|t:|1700412545\n|move|p1a: Nacho Libre|High Jump Kick|p2a: Danger Noodle\n|-damage|p2a: Danger Noodle|0 fnt\n|faint|p2a: Danger Noodle\n|\n|upkeep\n|\n|t:|1700412552\n|switch|p2a: Cheesegrater|Duraludon, M, shiny|100\/100\n|turn|5\n|\n|t:|1700412566\n|move|p1a: Nacho Libre|High Jump Kick|p2a: Cheesegrater\n|-supereffective|p2a: Cheesegrater\n|-damage|p2a: Cheesegrater|19\/100\n|move|p2a: Cheesegrater|Thunderbolt|p1a: Nacho Libre\n|-supereffective|p1a: Nacho Libre\n|-damage|p1a: Nacho Libre|0 fnt\n|faint|p1a: Nacho Libre\n|\n|upkeep\n|\n|t:|1700412624\n|switch|p1a: Nidoqueen|Nidoqueen, F|100\/100\n|turn|6\n|\n|t:|1700412633\n|move|p1a: Nidoqueen|Earth Power|p2a: Cheesegrater\n|-supereffective|p2a: Cheesegrater\n|-crit|p2a: Cheesegrater\n|-damage|p2a: Cheesegrater|0 fnt\n|faint|p2a: Cheesegrater\n|\n|upkeep\n|\n|t:|1700412653\n|switch|p2a: Yojimbo|Grimmsnarl, M, shiny|100\/100\n|turn|7\n|\n|t:|1700412681\n|move|p2a: Yojimbo|Reflect||[still]\n|-fail|p2a: Yojimbo\n|move|p1a: Nidoqueen|Sludge Wave|p2a: Yojimbo\n|-supereffective|p2a: Yojimbo\n|-damage|p2a: Yojimbo|6\/100\n|\n|upkeep\n|turn|8\n|\n|t:|1700412694\n|move|p2a: Yojimbo|Parting Shot|p1a: Nidoqueen\n|-unboost|p1a: Nidoqueen|atk|1\n|-unboost|p1a: Nidoqueen|spa|1\n|\n|t:|1700412706\n|switch|p2a: MegaBro X|Slowbro-Galar, M, shiny|100\/100|[from] Parting Shot\n|move|p1a: Nidoqueen|Stealth Rock|p2a: MegaBro X\n|-sidestart|p2: silphcosquirtles|move: Stealth Rock\n|\n|-sideend|p2: silphcosquirtles|Reflect\n|upkeep\n|turn|9\n|\n|t:|1700412727\n|move|p1a: Nidoqueen|Earth Power|p2a: MegaBro X\n|-supereffective|p2a: MegaBro X\n|-damage|p2a: MegaBro X|21\/100\n|move|p2a: MegaBro X|Blizzard|p1a: Nidoqueen|[miss]\n|-miss|p2a: MegaBro X|p1a: Nidoqueen\n|\n|upkeep\n|turn|10\n|\n|t:|1700412759\n|move|p1a: Nidoqueen|Earth Power|p2a: MegaBro X\n|-supereffective|p2a: MegaBro X\n|-damage|p2a: MegaBro X|0 fnt\n|faint|p2a: MegaBro X\n|\n|upkeep\n|\n|t:|1700412766\n|switch|p2a: Yojimbo|Grimmsnarl, M, shiny|6\/100\n|-damage|p2a: Yojimbo|0 fnt|[from] Stealth Rock\n|faint|p2a: Yojimbo\n|\n|t:|1700412770\n|switch|p2a: Malbro|Tangrowth, M, shiny|100\/100\n|-damage|p2a: Malbro|88\/100|[from] Stealth Rock\n|turn|11\n|\n|t:|1700412780\n|move|p2a: Malbro|Nasty Plot|p2a: Malbro\n|-boost|p2a: Malbro|spa|2\n|move|p1a: Nidoqueen|Sludge Wave|p2a: Malbro\n|-resisted|p2a: Malbro\n|-damage|p2a: Malbro|45\/100\n|replace|p2a: It was me DIO!|Zoroark-Hisui, M, shiny\n|-end|p2a: It was me DIO!|Illusion\n|\n|upkeep\n|turn|12\n|\n|t:|1700412804\n|move|p2a: It was me DIO!|Focus Blast|p1a: Nidoqueen\n|-resisted|p1a: Nidoqueen\n|-damage|p1a: Nidoqueen|37\/100\n|-damage|p2a: It was me DIO!|35\/100|[from] item: Life Orb\n|move|p1a: Nidoqueen|Sludge Wave|p2a: It was me DIO!\n|-resisted|p2a: It was me DIO!\n|-damage|p2a: It was me DIO!|0 fnt\n|faint|p2a: It was me DIO!\n|\n|upkeep\n|\n|t:|1700412812\n|switch|p2a: Malbro|Tangrowth, M, shiny|100\/100\n|turn|13\n|\n|t:|1700412832\n|move|p1a: Nidoqueen|Sludge Wave|p2a: Malbro\n|-supereffective|p2a: Malbro\n|-damage|p2a: Malbro|0 fnt\n|faint|p2a: Malbro\n|\n|win|FortreeFurretts\n|c|\u2606silphcosquirtles|good game!\n|c|\u2606FortreeFurretts|gg!\n|c|\u2606FortreeFurretts|That blizzard miss was tough that wouldve been major\n","uploadtime":1700412847,"views":53,"p1id":"fortreefurretts","p2id":"silphcosquirtles","formatid":"gen9nationaldex","rating":0,"private":0,"password":""}