{"id":"gen9nationaldex-1992543681","p1":"wwaaa","p2":"DORAYOYO","format":"[Gen 9] National Dex","log":"|j|\u2606wwaaa\n|j|\u2606DORAYOYO\n|t:|1700202820\n|gametype|singles\n|player|p1|wwaaa|lillie-masters|1541\n|player|p2|DORAYOYO|170|1750\n|teamsize|p1|6\n|teamsize|p2|6\n|gen|9\n|tier|[Gen 9] National Dex\n|rated|\n|rule|HP Percentage Mod: HP is shown in percentages\n|rule|Endless Battle Clause: Forcing endless battles is banned\n|rule|OHKO Clause: OHKO moves are banned\n|rule|Evasion Clause: Evasion abilities, items, and moves are banned\n|rule|Evasion Abilities Clause: Evasion abilities are banned\n|rule|Evasion Items Clause: Evasion items are banned\n|rule|Evasion Moves Clause: Evasion moves are banned\n|rule|Species Clause: Limit one of each Pok\u00e9mon\n|rule|Sleep Clause Mod: Limit one foe put to sleep\n|clearpoke\n|poke|p1|Weavile, M|\n|poke|p1|Zamazenta-*|\n|poke|p1|Banette, F|\n|poke|p1|Dragonite, F|\n|poke|p1|Slowking-Galar, M|\n|poke|p1|Ferrothorn, F|\n|poke|p2|Kommo-o, M|\n|poke|p2|Clefable, F|\n|poke|p2|Samurott-Hisui, M|\n|poke|p2|Gyarados, F|\n|poke|p2|Rillaboom, F|\n|poke|p2|Ogerpon-Cornerstone, F|\n|teampreview\n|\n|t:|1700202837\n|start\n|switch|p1a: Ferrothorn|Ferrothorn, F|100\/100\n|switch|p2a: Samurott|Samurott-Hisui, M|100\/100\n|turn|1\n|inactive|Battle timer is ON: inactive players will automatically lose when time's up. (requested by wwaaa)\n|\n|t:|1700202903\n|move|p2a: Samurott|Ceaseless Edge|p1a: Ferrothorn\n|-damage|p1a: Ferrothorn|54\/100\n|-damage|p2a: Samurott|88\/100|[from] ability: Iron Barbs|[of] p1a: Ferrothorn\n|-sidestart|p1: wwaaa|Spikes\n|move|p1a: Ferrothorn|Power Whip|p2a: Samurott\n|-supereffective|p2a: Samurott\n|-damage|p2a: Samurott|0 fnt\n|faint|p2a: Samurott\n|\n|-heal|p1a: Ferrothorn|60\/100|[from] item: Leftovers\n|upkeep\n|\n|t:|1700202915\n|switch|p2a: Gyarados|Gyarados, F|100\/100\n|-ability|p2a: Gyarados|Intimidate|boost\n|-unboost|p1a: Ferrothorn|atk|1\n|turn|2\n|\n|t:|1700202924\n|move|p2a: Gyarados|Taunt|p1a: Ferrothorn\n|-start|p1a: Ferrothorn|move: Taunt\n|cant|p1a: Ferrothorn|move: Taunt|Stealth Rock\n|\n|-heal|p1a: Ferrothorn|66\/100|[from] item: Leftovers\n|upkeep\n|turn|3\n|\n|t:|1700202938\n|switch|p2a: Kommo-o|Kommo-o, M|100\/100\n|switch|p1a: Dragonite|Dragonite, F|100\/100\n|\n|upkeep\n|turn|4\n|inactive|wwaaa has 120 seconds left.\n|\n|t:|1700202993\n|switch|p1a: Slowking|Slowking-Galar, M|100\/100\n|-zpower|p2a: Kommo-o\n|move|p2a: Kommo-o|Clangorous Soulblaze|p1a: Slowking|[zeffect]\n|-damage|p1a: Slowking|54\/100\n|-boost|p2a: Kommo-o|atk|1\n|-boost|p2a: Kommo-o|def|1\n|-boost|p2a: Kommo-o|spa|1\n|-boost|p2a: Kommo-o|spd|1\n|-boost|p2a: Kommo-o|spe|1\n|\n|upkeep\n|turn|5\n|\n|t:|1700203009\n|move|p2a: Kommo-o|Clangorous Soul|p2a: Kommo-o\n|-boost|p2a: Kommo-o|atk|1\n|-boost|p2a: Kommo-o|def|1\n|-boost|p2a: Kommo-o|spa|1\n|-boost|p2a: Kommo-o|spd|1\n|-boost|p2a: Kommo-o|spe|1\n|-damage|p2a: Kommo-o|68\/100\n|move|p1a: Slowking|Chilly Reception|p1a: Slowking\n|-weather|Snow\n|\n|t:|1700203018\n|switch|p1a: Banette|Banette, F|100\/100|[from] Chilly Reception\n|-damage|p1a: Banette|88\/100|[from] Spikes\n|-item|p2a: Kommo-o|Kommonium Z|[from] ability: Frisk|[of] p1a: Banette|[identify]\n|\n|-weather|Snow|[upkeep]\n|upkeep\n|turn|6\n|\n|t:|1700203025\n|detailschange|p1a: Banette|Banette-Mega, F\n|-mega|p1a: Banette|Banette|Banettite\n|move|p1a: Banette|Encore|p2a: Kommo-o\n|-start|p2a: Kommo-o|Encore\n|move|p2a: Kommo-o|Clangorous Soul|p2a: Kommo-o\n|-boost|p2a: Kommo-o|atk|1\n|-boost|p2a: Kommo-o|def|1\n|-boost|p2a: Kommo-o|spa|1\n|-boost|p2a: Kommo-o|spd|1\n|-boost|p2a: Kommo-o|spe|1\n|-damage|p2a: Kommo-o|35\/100\n|\n|-weather|Snow|[upkeep]\n|upkeep\n|turn|7\n|\n|t:|1700203038\n|switch|p2a: Gyarados|Gyarados, F|100\/100\n|-ability|p2a: Gyarados|Intimidate|boost\n|-unboost|p1a: Banette|atk|1\n|move|p1a: Banette|Poltergeist|p2a: Gyarados\n|-activate|p2a: Gyarados|move: Poltergeist|Gyaradosite\n|-damage|p2a: Gyarados|38\/100\n|\n|-weather|Snow|[upkeep]\n|upkeep\n|turn|8\n|\n|t:|1700203056\n|switch|p1a: Ferrothorn|Ferrothorn, F|66\/100\n|-damage|p1a: Ferrothorn|54\/100|[from] Spikes\n|detailschange|p2a: Gyarados|Gyarados-Mega, F\n|-mega|p2a: Gyarados|Gyarados|Gyaradosite\n|-ability|p2a: Gyarados|Mold Breaker\n|move|p2a: Gyarados|Dragon Dance|p2a: Gyarados\n|-boost|p2a: Gyarados|atk|1\n|-boost|p2a: Gyarados|spe|1\n|\n|-weather|Snow|[upkeep]\n|-heal|p1a: Ferrothorn|60\/100|[from] item: Leftovers\n|upkeep\n|turn|9\n|\n|t:|1700203068\n|move|p2a: Gyarados|Earthquake|p1a: Ferrothorn\n|-damage|p1a: Ferrothorn|16\/100\n|move|p1a: Ferrothorn|Stealth Rock|p2a: Gyarados\n|-sidestart|p2: DORAYOYO|move: Stealth Rock\n|\n|-weather|none\n|-heal|p1a: Ferrothorn|22\/100|[from] item: Leftovers\n|upkeep\n|turn|10\n|\n|t:|1700203074\n|move|p2a: Gyarados|Earthquake|p1a: Ferrothorn\n|-damage|p1a: Ferrothorn|0 fnt\n|faint|p1a: Ferrothorn\n|\n|upkeep\n|inactive|wwaaa has 120 seconds left.\n|\n|t:|1700203091\n|switch|p1a: Dragonite|Dragonite, F|100\/100\n|turn|11\n|\n|t:|1700203097\n|move|p2a: Gyarados|Taunt|p1a: Dragonite\n|-start|p1a: Dragonite|move: Taunt\n|cant|p1a: Dragonite|move: Taunt|Dragon Dance\n|\n|upkeep\n|turn|12\n|\n|t:|1700203104\n|move|p2a: Gyarados|Waterfall|p1a: Dragonite\n|-resisted|p1a: Dragonite\n|-damage|p1a: Dragonite|54\/100\n|move|p1a: Dragonite|Earthquake|p2a: Gyarados\n|-damage|p2a: Gyarados|1\/100\n|\n|upkeep\n|turn|13\n|\n|t:|1700203110\n|move|p1a: Dragonite|Extreme Speed|p2a: Gyarados\n|-damage|p2a: Gyarados|0 fnt\n|faint|p2a: Gyarados\n|\n|-end|p1a: Dragonite|move: Taunt\n|upkeep\n|\n|t:|1700203118\n|switch|p2a: Kommo-o|Kommo-o, M|35\/100\n|-damage|p2a: Kommo-o|28\/100|[from] Stealth Rock\n|turn|14\n|\n|t:|1700203123\n|move|p1a: Dragonite|Extreme Speed|p2a: Kommo-o\n|-damage|p2a: Kommo-o|0 fnt\n|faint|p2a: Kommo-o\n|\n|upkeep\n|\n|t:|1700203131\n|switch|p2a: Rillaboom|Rillaboom, F|100\/100\n|-damage|p2a: Rillaboom|88\/100|[from] Stealth Rock\n|-fieldstart|move: Grassy Terrain|[from] ability: Grassy Surge|[of] p2a: Rillaboom\n|turn|15\n|\n|t:|1700203139\n|-terastallize|p2a: Rillaboom|Grass\n|move|p1a: Dragonite|Roost|p1a: Dragonite\n|-heal|p1a: Dragonite|100\/100\n|-singleturn|p1a: Dragonite|move: Roost\n|move|p2a: Rillaboom|Wood Hammer|p1a: Dragonite\n|-resisted|p1a: Dragonite\n|-damage|p1a: Dragonite|69\/100\n|-damage|p2a: Rillaboom|80\/100|[from] Recoil\n|\n|-heal|p1a: Dragonite|75\/100|[from] Grassy Terrain\n|-heal|p2a: Rillaboom|86\/100|[from] Grassy Terrain\n|upkeep\n|turn|16\n|\n|t:|1700203153\n|switch|p2a: Ogerpon|Ogerpon-Cornerstone, F|100\/100\n|-damage|p2a: Ogerpon|88\/100|[from] Stealth Rock\n|move|p1a: Dragonite|Roost|p1a: Dragonite\n|-heal|p1a: Dragonite|100\/100\n|-singleturn|p1a: Dragonite|move: Roost\n|\n|-heal|p2a: Ogerpon|94\/100|[from] Grassy Terrain\n|upkeep\n|turn|17\n|\n|t:|1700203176\n|move|p1a: Dragonite|Extreme Speed|p2a: Ogerpon\n|-resisted|p2a: Ogerpon\n|-damage|p2a: Ogerpon|78\/100\n|move|p2a: Ogerpon|Ivy Cudgel|p1a: Dragonite|[anim] Ivy Cudgel Rock\n|-supereffective|p1a: Dragonite\n|-damage|p1a: Dragonite|32\/100\n|\n|-heal|p2a: Ogerpon|84\/100|[from] Grassy Terrain\n|upkeep\n|turn|18\n|\n|t:|1700203184\n|move|p1a: Dragonite|Extreme Speed|p2a: Ogerpon\n|-resisted|p2a: Ogerpon\n|-damage|p2a: Ogerpon|67\/100\n|move|p2a: Ogerpon|Swords Dance|p2a: Ogerpon\n|-boost|p2a: Ogerpon|atk|2\n|\n|-heal|p2a: Ogerpon|73\/100|[from] Grassy Terrain\n|upkeep\n|turn|19\n|\n|t:|1700203193\n|move|p1a: Dragonite|Extreme Speed|p2a: Ogerpon\n|-resisted|p2a: Ogerpon\n|-damage|p2a: Ogerpon|56\/100\n|move|p2a: Ogerpon|Ivy Cudgel|p1a: Dragonite|[anim] Ivy Cudgel Rock\n|-supereffective|p1a: Dragonite\n|-damage|p1a: Dragonite|0 fnt\n|faint|p1a: Dragonite\n|\n|-heal|p2a: Ogerpon|62\/100|[from] Grassy Terrain\n|upkeep\n|\n|t:|1700203198\n|switch|p1a: Weavile|Weavile, M|100\/100\n|-damage|p1a: Weavile|88\/100|[from] Spikes\n|-ability|p1a: Weavile|Pressure\n|turn|20\n|\n|t:|1700203207\n|move|p2a: Ogerpon|Grassy Glide|p1a: Weavile\n|-damage|p1a: Weavile|0 fnt\n|faint|p1a: Weavile\n|\n|-heal|p2a: Ogerpon|68\/100|[from] Grassy Terrain\n|upkeep\n|\n|t:|1700203224\n|switch|p1a: Banette|Banette-Mega, F|88\/100\n|-damage|p1a: Banette|76\/100|[from] Spikes\n|turn|21\n|\n|t:|1700203228\n|move|p2a: Ogerpon|Grassy Glide|p1a: Banette\n|-damage|p1a: Banette|0 fnt\n|faint|p1a: Banette\n|\n|-heal|p2a: Ogerpon|74\/100|[from] Grassy Terrain\n|upkeep\n|\n|t:|1700203233\n|switch|p1a: Slowking|Slowking-Galar, M|87\/100\n|turn|22\n|\n|t:|1700203239\n|move|p2a: Ogerpon|Ivy Cudgel|p1a: Slowking|[anim] Ivy Cudgel Rock\n|-crit|p1a: Slowking\n|-damage|p1a: Slowking|0 fnt\n|faint|p1a: Slowking\n|\n|-heal|p2a: Ogerpon|81\/100|[from] Grassy Terrain\n|-fieldend|move: Grassy Terrain\n|upkeep\n|\n|t:|1700203241\n|switch|p1a: Zamazenta|Zamazenta|100\/100\n|-damage|p1a: Zamazenta|88\/100|[from] Spikes\n|-ability|p1a: Zamazenta|Dauntless Shield|boost\n|-boost|p1a: Zamazenta|def|1\n|turn|23\n|\n|t:|1700203249\n|switch|p2a: Clefable|Clefable, F|100\/100\n|-damage|p2a: Clefable|88\/100|[from] Stealth Rock\n|-terastallize|p1a: Zamazenta|Steel\n|move|p1a: Zamazenta|Iron Defense|p1a: Zamazenta\n|-boost|p1a: Zamazenta|def|2\n|\n|-heal|p2a: Clefable|94\/100|[from] item: Leftovers\n|upkeep\n|turn|24\n|\n|t:|1700203259\n|move|p1a: Zamazenta|Iron Defense|p1a: Zamazenta\n|-boost|p1a: Zamazenta|def|2\n|move|p2a: Clefable|Calm Mind|p2a: Clefable\n|-boost|p2a: Clefable|spa|1\n|-boost|p2a: Clefable|spd|1\n|\n|-heal|p2a: Clefable|99\/100|[from] item: Leftovers\n|upkeep\n|turn|25\n|\n|t:|1700203267\n|move|p1a: Zamazenta|Heavy Slam|p2a: Clefable\n|-supereffective|p2a: Clefable\n|-damage|p2a: Clefable|31\/100\n|move|p2a: Clefable|Calm Mind|p2a: Clefable\n|-boost|p2a: Clefable|spa|1\n|-boost|p2a: Clefable|spd|1\n|\n|-heal|p2a: Clefable|37\/100|[from] item: Leftovers\n|upkeep\n|turn|26\n|\n|t:|1700203275\n|move|p2a: Clefable|Protect|p2a: Clefable\n|-singleturn|p2a: Clefable|Protect\n|move|p1a: Zamazenta|Heavy Slam|p2a: Clefable\n|-activate|p2a: Clefable|move: Protect\n|\n|-heal|p2a: Clefable|43\/100|[from] item: Leftovers\n|upkeep\n|turn|27\n|\n|t:|1700203282\n|move|p1a: Zamazenta|Heavy Slam|p2a: Clefable\n|-supereffective|p2a: Clefable\n|-damage|p2a: Clefable|0 fnt\n|faint|p2a: Clefable\n|\n|upkeep\n|-message|DORAYOYO forfeited.\n|\n|win|wwaaa\n|raw|wwaaa's rating: 1541 &rarr; <strong>1572<\/strong><br \/>(+31 for winning)\n|raw|DORAYOYO's rating: 1750 &rarr; <strong>1719<\/strong><br \/>(-31 for losing)\n|l|\u2606DORAYOYO\n","uploadtime":1700203291,"views":5,"p1id":"wwaaa","p2id":"dorayoyo","formatid":"gen9nationaldex","rating":1572,"private":0,"password":""}