{"id":"gen9nationaldex-1997609100","p1":"Z-ARC Butler","p2":"kapukokokikokiko","format":"[Gen 9] National Dex","log":"|html|<div class=\"broadcast-blue\"><strong>[Gen 9] National Dex is currently suspecting Sneasler! For information on how to participate check out the <a href=\"https:\/\/www.smogon.com\/forums\/threads\/sv-national-dex-suspect-8-just-dance.3731534\/\">suspect thread<\/a>.<\/strong><\/div>\n|j|\u2606Z-ARC Butler\n|j|\u2606kapukokokikokiko\n|t:|1700832484\n|gametype|singles\n|player|p1|Z-ARC Butler|pokemonranger-gen4|1117\n|player|p2|kapukokokikokiko|roxie|1133\n|teamsize|p1|6\n|teamsize|p2|6\n|gen|9\n|tier|[Gen 9] National Dex\n|rated|\n|rule|HP Percentage Mod: HP is shown in percentages\n|rule|Endless Battle Clause: Forcing endless battles is banned\n|rule|OHKO Clause: OHKO moves are banned\n|rule|Evasion Clause: Evasion abilities, items, and moves are banned\n|rule|Evasion Abilities Clause: Evasion abilities are banned\n|rule|Evasion Items Clause: Evasion items are banned\n|rule|Evasion Moves Clause: Evasion moves are banned\n|rule|Species Clause: Limit one of each Pok\u00e9mon\n|rule|Sleep Clause Mod: Limit one foe put to sleep\n|clearpoke\n|poke|p1|Drednaw, M|\n|poke|p1|Altaria, M|\n|poke|p1|Zoroark, M|\n|poke|p1|Ninjask, F|\n|poke|p1|Mismagius, F|\n|poke|p1|Celesteela|\n|poke|p2|Ampharos, M|\n|poke|p2|Gogoat, M|\n|poke|p2|Dubwool, F|\n|poke|p2|Whimsicott, F|\n|poke|p2|Cobalion|\n|poke|p2|Houndstone, F|\n|teampreview\n|\n|t:|1700832496\n|start\n|switch|p1a: Mismagius|Mismagius, F|100\/100\n|switch|p2a: \u767d\u7f8a\u5bab|Whimsicott, F, shiny|100\/100\n|turn|1\n|inactive|Battle timer is ON: inactive players will automatically lose when time's up. (requested by kapukokokikokiko)\n|\n|t:|1700832505\n|move|p2a: \u767d\u7f8a\u5bab|Toxic|p1a: Mismagius\n|-immune|p1a: Mismagius\n|move|p1a: Mismagius|Sludge Bomb|p2a: \u767d\u7f8a\u5bab\n|-supereffective|p2a: \u767d\u7f8a\u5bab\n|-enditem|p2a: \u767d\u7f8a\u5bab|Focus Sash\n|-damage|p2a: \u767d\u7f8a\u5bab|1\/100\n|-status|p2a: \u767d\u7f8a\u5bab|psn\n|\n|-damage|p2a: \u767d\u7f8a\u5bab|0 fnt|[from] psn\n|faint|p2a: \u767d\u7f8a\u5bab\n|upkeep\n|inactive|kapukokokikokiko has 120 seconds left.\n|\n|t:|1700832536\n|switch|p2a: \u8089\u7f8a|Dubwool, F|100\/100\n|turn|2\n|\n|t:|1700832542\n|move|p1a: Mismagius|Dark Pulse|p2a: \u8089\u7f8a\n|-damage|p2a: \u8089\u7f8a|58\/100\n|move|p2a: \u8089\u7f8a|Thunder Wave|p1a: Mismagius\n|-status|p1a: Mismagius|par\n|\n|-heal|p2a: \u8089\u7f8a|64\/100|[from] item: Leftovers\n|upkeep\n|turn|3\n|\n|t:|1700832556\n|switch|p2a: \u7535\u7f8a|Ampharos, M|100\/100\n|move|p1a: Mismagius|Flamethrower|p2a: \u7535\u7f8a\n|-damage|p2a: \u7535\u7f8a|80\/100\n|\n|upkeep\n|turn|4\n|\n|t:|1700832570\n|switch|p1a: Altaria|Altaria, M|100\/100\n|-ability|p1a: Altaria|Cloud Nine\n|detailschange|p2a: \u7535\u7f8a|Ampharos-Mega, M\n|-mega|p2a: \u7535\u7f8a|Ampharos|Ampharosite\n|-ability|p2a: \u7535\u7f8a|Mold Breaker\n|move|p2a: \u7535\u7f8a|Dragon Pulse|p1a: Altaria\n|-supereffective|p1a: Altaria\n|-damage|p1a: Altaria|14\/100\n|\n|upkeep\n|turn|5\n|\n|t:|1700832583\n|detailschange|p1a: Altaria|Altaria-Mega, M\n|-mega|p1a: Altaria|Altaria|Altarianite\n|move|p1a: Altaria|Dragon Dance|p1a: Altaria\n|-boost|p1a: Altaria|atk|1\n|-boost|p1a: Altaria|spe|1\n|move|p2a: \u7535\u7f8a|Thunderbolt|p1a: Altaria\n|-resisted|p1a: Altaria\n|-damage|p1a: Altaria|0 fnt\n|faint|p1a: Altaria\n|\n|upkeep\n|\n|t:|1700832596\n|switch|p1a: Drednaw|Drednaw, M|100\/100\n|turn|6\n|\n|t:|1700832603\n|move|p1a: Drednaw|Stone Edge|p2a: \u7535\u7f8a\n|-crit|p2a: \u7535\u7f8a\n|-damage|p2a: \u7535\u7f8a|10\/100\n|move|p2a: \u7535\u7f8a|Cotton Guard|p2a: \u7535\u7f8a\n|-boost|p2a: \u7535\u7f8a|def|3\n|\n|upkeep\n|turn|7\n|\n|t:|1700832613\n|move|p1a: Drednaw|Jaw Lock|p2a: \u7535\u7f8a\n|-damage|p2a: \u7535\u7f8a|0 fnt\n|faint|p2a: \u7535\u7f8a\n|\n|upkeep\n|\n|t:|1700832631\n|switch|p2a: \u8349\u7f8a|Gogoat, M, shiny|100\/100\n|turn|8\n|\n|t:|1700832636\n|move|p1a: Drednaw|Ice Fang|p2a: \u8349\u7f8a\n|-supereffective|p2a: \u8349\u7f8a\n|-damage|p2a: \u8349\u7f8a|23\/100\n|move|p2a: \u8349\u7f8a|Bulk Up|p2a: \u8349\u7f8a\n|-boost|p2a: \u8349\u7f8a|atk|1\n|-boost|p2a: \u8349\u7f8a|def|1\n|\n|-heal|p2a: \u8349\u7f8a|29\/100|[from] item: Leftovers\n|upkeep\n|turn|9\n|\n|t:|1700832642\n|-terastallize|p2a: \u8349\u7f8a|Water\n|move|p1a: Drednaw|Ice Fang|p2a: \u8349\u7f8a|[miss]\n|-miss|p1a: Drednaw|p2a: \u8349\u7f8a\n|move|p2a: \u8349\u7f8a|Milk Drink|p2a: \u8349\u7f8a\n|-heal|p2a: \u8349\u7f8a|79\/100\n|\n|-heal|p2a: \u8349\u7f8a|86\/100|[from] item: Leftovers\n|upkeep\n|turn|10\n|\n|t:|1700832655\n|move|p1a: Drednaw|Jaw Lock|p2a: \u8349\u7f8a\n|-damage|p2a: \u8349\u7f8a|52\/100\n|-activate|p1a: Drednaw|trapped\n|-activate|p2a: \u8349\u7f8a|trapped\n|move|p2a: \u8349\u7f8a|Bulk Up|p2a: \u8349\u7f8a\n|-boost|p2a: \u8349\u7f8a|atk|1\n|-boost|p2a: \u8349\u7f8a|def|1\n|\n|-heal|p2a: \u8349\u7f8a|58\/100|[from] item: Leftovers\n|upkeep\n|turn|11\n|\n|t:|1700832665\n|move|p1a: Drednaw|Razor Shell|p2a: \u8349\u7f8a\n|-resisted|p2a: \u8349\u7f8a\n|-damage|p2a: \u8349\u7f8a|48\/100\n|-unboost|p2a: \u8349\u7f8a|def|1\n|move|p2a: \u8349\u7f8a|Horn Leech|p1a: Drednaw\n|-supereffective|p1a: Drednaw\n|-damage|p1a: Drednaw|0 fnt\n|-heal|p2a: \u8349\u7f8a|91\/100|[from] drain|[of] p1a: Drednaw\n|faint|p1a: Drednaw\n|\n|-heal|p2a: \u8349\u7f8a|97\/100|[from] item: Leftovers\n|upkeep\n|\n|t:|1700832673\n|switch|p1a: Mismagius|Mismagius, F|100\/100\n|turn|12\n|\n|t:|1700832684\n|-terastallize|p1a: Mismagius|Electric\n|move|p1a: Mismagius|Thunderbolt|p2a: \u8349\u7f8a\n|-supereffective|p2a: \u8349\u7f8a\n|-crit|p2a: \u8349\u7f8a\n|-damage|p2a: \u8349\u7f8a|26\/100\n|move|p2a: \u8349\u7f8a|Horn Leech|p1a: Mismagius\n|-damage|p1a: Mismagius|0 fnt\n|-heal|p2a: \u8349\u7f8a|55\/100|[from] drain|[of] p1a: Mismagius\n|faint|p1a: Mismagius\n|\n|-heal|p2a: \u8349\u7f8a|61\/100|[from] item: Leftovers\n|upkeep\n|\n|t:|1700832697\n|switch|p1a: Celesteela|Celesteela|100\/100\n|turn|13\n|\n|t:|1700832713\n|move|p1a: Celesteela|Seed Bomb|p2a: \u8349\u7f8a\n|-ability|p2a: \u8349\u7f8a|Sap Sipper|boost\n|-boost|p2a: \u8349\u7f8a|atk|1\n|move|p2a: \u8349\u7f8a|Milk Drink|p2a: \u8349\u7f8a\n|-heal|p2a: \u8349\u7f8a|100\/100\n|\n|upkeep\n|turn|14\n|\n|t:|1700832720\n|move|p1a: Celesteela|Acrobatics|p2a: \u8349\u7f8a\n|-damage|p2a: \u8349\u7f8a|62\/100\n|move|p2a: \u8349\u7f8a|Bulk Up|p2a: \u8349\u7f8a\n|-boost|p2a: \u8349\u7f8a|atk|1\n|-boost|p2a: \u8349\u7f8a|def|1\n|\n|-heal|p2a: \u8349\u7f8a|68\/100|[from] item: Leftovers\n|upkeep\n|turn|15\n|\n|t:|1700832730\n|move|p1a: Celesteela|Acrobatics|p2a: \u8349\u7f8a\n|-damage|p2a: \u8349\u7f8a|43\/100\n|move|p2a: \u8349\u7f8a|Bulk Up|p2a: \u8349\u7f8a\n|-boost|p2a: \u8349\u7f8a|atk|1\n|-boost|p2a: \u8349\u7f8a|def|1\n|\n|-heal|p2a: \u8349\u7f8a|49\/100|[from] item: Leftovers\n|upkeep\n|turn|16\n|\n|t:|1700832741\n|move|p1a: Celesteela|Acrobatics|p2a: \u8349\u7f8a\n|-damage|p2a: \u8349\u7f8a|26\/100\n|move|p2a: \u8349\u7f8a|Milk Drink|p2a: \u8349\u7f8a\n|-heal|p2a: \u8349\u7f8a|76\/100\n|\n|-heal|p2a: \u8349\u7f8a|82\/100|[from] item: Leftovers\n|upkeep\n|turn|17\n|\n|t:|1700832749\n|move|p1a: Celesteela|Acrobatics|p2a: \u8349\u7f8a\n|-damage|p2a: \u8349\u7f8a|59\/100\n|move|p2a: \u8349\u7f8a|Bulk Up|p2a: \u8349\u7f8a\n|-boost|p2a: \u8349\u7f8a|atk|1\n|-boost|p2a: \u8349\u7f8a|def|1\n|\n|-heal|p2a: \u8349\u7f8a|65\/100|[from] item: Leftovers\n|upkeep\n|turn|18\n|\n|t:|1700832759\n|move|p1a: Celesteela|Acrobatics|p2a: \u8349\u7f8a\n|-damage|p2a: \u8349\u7f8a|46\/100\n|move|p2a: \u8349\u7f8a|Horn Leech|p1a: Celesteela\n|-resisted|p1a: Celesteela\n|-damage|p1a: Celesteela|77\/100\n|-heal|p2a: \u8349\u7f8a|57\/100|[from] drain|[of] p1a: Celesteela\n|\n|-heal|p2a: \u8349\u7f8a|63\/100|[from] item: Leftovers\n|upkeep\n|turn|19\n|\n|t:|1700832775\n|move|p1a: Celesteela|Acrobatics|p2a: \u8349\u7f8a\n|-damage|p2a: \u8349\u7f8a|46\/100\n|move|p2a: \u8349\u7f8a|Rock Slide|p1a: Celesteela\n|-damage|p1a: Celesteela|21\/100\n|\n|-heal|p2a: \u8349\u7f8a|52\/100|[from] item: Leftovers\n|upkeep\n|turn|20\n|\n|t:|1700832786\n|move|p1a: Celesteela|Acrobatics|p2a: \u8349\u7f8a\n|-damage|p2a: \u8349\u7f8a|33\/100\n|move|p2a: \u8349\u7f8a|Rock Slide|p1a: Celesteela\n|-damage|p1a: Celesteela|0 fnt\n|faint|p1a: Celesteela\n|\n|-heal|p2a: \u8349\u7f8a|40\/100|[from] item: Leftovers\n|upkeep\n|\n|t:|1700832800\n|switch|p1a: Ninjask|Ninjask, F|100\/100 par\n|turn|21\n|\n|t:|1700832807\n|move|p2a: \u8349\u7f8a|Milk Drink|p2a: \u8349\u7f8a\n|-heal|p2a: \u8349\u7f8a|90\/100\n|move|p1a: Ninjask|Dark Pulse|p2a: \u8349\u7f8a\n|-damage|p2a: \u8349\u7f8a|66\/100\n|\n|-heal|p2a: \u8349\u7f8a|72\/100|[from] item: Leftovers\n|upkeep\n|turn|22\n|\n|t:|1700832815\n|move|p2a: \u8349\u7f8a|Rock Slide|p1a: Ninjask\n|-damage|p1a: Ninjask|0 fnt\n|replace|p1a: Zoroark|Zoroark, M\n|-end|p1a: Zoroark|Illusion\n|faint|p1a: Zoroark\n|\n|-heal|p2a: \u8349\u7f8a|78\/100|[from] item: Leftovers\n|upkeep\n|\n|t:|1700832819\n|switch|p1a: Ninjask|Ninjask, F|100\/100\n|turn|23\n|\n|t:|1700832826\n|move|p1a: Ninjask|Night Slash|p2a: \u8349\u7f8a\n|-damage|p2a: \u8349\u7f8a|70\/100\n|move|p2a: \u8349\u7f8a|Rock Slide|p1a: Ninjask\n|-supereffective|p1a: Ninjask\n|-damage|p1a: Ninjask|0 fnt\n|faint|p1a: Ninjask\n|\n|win|kapukokokikokiko\n|raw|Z-ARC Butler's rating: 1117 &rarr; <strong>1093<\/strong><br \/>(-24 for losing)\n|raw|kapukokokikokiko's rating: 1133 &rarr; <strong>1157<\/strong><br \/>(+24 for winning)\n|l|\u2606Z-ARC Butler\n","uploadtime":1700832862,"views":0,"p1id":"zarcbutler","p2id":"kapukokokikokiko","formatid":"gen9nationaldex","rating":1093,"private":0,"password":""}