{"id":"gen9nationaldex-1994730445","p1":"Mibombilla","p2":"carmen_pkm","format":"[Gen 9] National Dex","log":"|html|<div class=\"broadcast-blue\"><strong>[Gen 9] National Dex is currently suspecting Sneasler! For information on how to participate check out the <a href=\"https:\/\/www.smogon.com\/forums\/threads\/sv-national-dex-suspect-8-just-dance.3731534\/\">suspect thread<\/a>.<\/strong><\/div>\n|j|\u2606Mibombilla\n|j|\u2606carmen_pkm\n|t:|1700486718\n|gametype|singles\n|player|p1|Mibombilla|benga|\n|player|p2|carmen_pkm|n|\n|teamsize|p1|6\n|teamsize|p2|6\n|gen|9\n|tier|[Gen 9] National Dex\n|rule|HP Percentage Mod: HP is shown in percentages\n|rule|Endless Battle Clause: Forcing endless battles is banned\n|rule|OHKO Clause: OHKO moves are banned\n|rule|Evasion Clause: Evasion abilities, items, and moves are banned\n|rule|Evasion Abilities Clause: Evasion abilities are banned\n|rule|Evasion Items Clause: Evasion items are banned\n|rule|Evasion Moves Clause: Evasion moves are banned\n|rule|Species Clause: Limit one of each Pok\u00e9mon\n|rule|Sleep Clause Mod: Limit one foe put to sleep\n|clearpoke\n|poke|p1|Rowlet, M|\n|poke|p1|Scorbunny, F|\n|poke|p1|Squirtle, M|\n|poke|p1|Combusken, M|\n|poke|p1|Prinplup, F|\n|poke|p1|Sceptile, F|\n|poke|p2|Mudkip, M|\n|poke|p2|Chespin, F|\n|poke|p2|Litten, F|\n|poke|p2|Grovyle, M|\n|poke|p2|Charmeleon, M|\n|poke|p2|Empoleon, F|\n|teampreview\n|\n|t:|1700486727\n|start\n|switch|p1a: Squirt|Squirtle, M|100\/100\n|switch|p2a: Chespin|Chespin, F|100\/100\n|turn|1\n|\n|t:|1700486735\n|move|p1a: Squirt|Waterfall|p2a: Chespin\n|-resisted|p2a: Chespin\n|-damage|p2a: Chespin|89\/100\n|move|p2a: Chespin|Seed Bomb|p1a: Squirt\n|-supereffective|p1a: Squirt\n|-damage|p1a: Squirt|61\/100\n|\n|upkeep\n|turn|2\n|\n|t:|1700486744\n|move|p1a: Squirt|Fake Out||[still]\n|-hint|Fake Out only works on your first turn out.\n|-fail|p1a: Squirt\n|move|p2a: Chespin|Seed Bomb|p1a: Squirt\n|-supereffective|p1a: Squirt\n|-damage|p1a: Squirt|15\/100\n|\n|upkeep\n|turn|3\n|\n|t:|1700486752\n|switch|p1a: ANKARA MESSI|Scorbunny, F|100\/100\n|move|p2a: Chespin|Seed Bomb|p1a: ANKARA MESSI\n|-resisted|p1a: ANKARA MESSI\n|-damage|p1a: ANKARA MESSI|79\/100\n|\n|upkeep\n|turn|4\n|\n|t:|1700486759\n|switch|p2a: Mudkip|Mudkip, M|100\/100\n|move|p1a: ANKARA MESSI|Blaze Kick|p2a: Mudkip\n|-resisted|p2a: Mudkip\n|-damage|p2a: Mudkip|81\/100\n|\n|upkeep\n|turn|5\n|\n|t:|1700486766\n|move|p1a: ANKARA MESSI|U-turn|p2a: Mudkip\n|-start|p1a: ANKARA MESSI|typechange|Bug|[from] ability: Libero\n|-damage|p2a: Mudkip|46\/100\n|\n|t:|1700486770\n|switch|p1a: Calc-Owl-Ator|Rowlet, M|100\/100|[from] U-turn\n|move|p2a: Mudkip|Surf|p1a: Calc-Owl-Ator\n|-resisted|p1a: Calc-Owl-Ator\n|-damage|p1a: Calc-Owl-Ator|88\/100\n|\n|upkeep\n|turn|6\n|\n|t:|1700486777\n|move|p1a: Calc-Owl-Ator|Swords Dance|p1a: Calc-Owl-Ator\n|-boost|p1a: Calc-Owl-Ator|atk|2\n|move|p2a: Mudkip|Ice Beam|p1a: Calc-Owl-Ator\n|-supereffective|p1a: Calc-Owl-Ator\n|-damage|p1a: Calc-Owl-Ator|18\/100\n|\n|upkeep\n|turn|7\n|\n|t:|1700486788\n|move|p1a: Calc-Owl-Ator|Brave Bird|p2a: Mudkip\n|-damage|p2a: Mudkip|0 fnt\n|faint|p2a: Mudkip\n|-damage|p1a: Calc-Owl-Ator|7\/100|[from] Recoil\n|-damage|p1a: Calc-Owl-Ator|0 fnt|[from] item: Life Orb\n|faint|p1a: Calc-Owl-Ator\n|\n|upkeep\n|\n|t:|1700486795\n|switch|p1a: ANKARA MESSI|Scorbunny, F|79\/100\n|switch|p2a: Chespin|Chespin, F|89\/100\n|turn|8\n|\n|t:|1700486803\n|move|p1a: ANKARA MESSI|Blaze Kick|p2a: Chespin\n|-supereffective|p2a: Chespin\n|-damage|p2a: Chespin|19\/100\n|move|p2a: Chespin|Zen Headbutt|p1a: ANKARA MESSI\n|-damage|p1a: ANKARA MESSI|48\/100\n|\n|upkeep\n|turn|9\n|\n|t:|1700486812\n|move|p1a: ANKARA MESSI|Sucker Punch||[still]\n|-fail|p1a: ANKARA MESSI\n|move|p2a: Chespin|Synthesis|p2a: Chespin\n|-heal|p2a: Chespin|69\/100\n|\n|upkeep\n|turn|10\n|\n|t:|1700486817\n|move|p1a: ANKARA MESSI|Sucker Punch||[still]\n|-fail|p1a: ANKARA MESSI\n|move|p2a: Chespin|Synthesis|p2a: Chespin\n|-heal|p2a: Chespin|100\/100\n|\n|upkeep\n|turn|11\n|\n|t:|1700486824\n|move|p1a: ANKARA MESSI|Gunk Shot|p2a: Chespin|[miss]\n|-start|p1a: ANKARA MESSI|typechange|Poison|[from] ability: Libero\n|-miss|p1a: ANKARA MESSI|p2a: Chespin\n|move|p2a: Chespin|Zen Headbutt|p1a: ANKARA MESSI\n|-supereffective|p1a: ANKARA MESSI\n|-crit|p1a: ANKARA MESSI\n|-damage|p1a: ANKARA MESSI|0 fnt\n|faint|p1a: ANKARA MESSI\n|\n|upkeep\n|\n|t:|1700486832\n|switch|p1a: Squirt|Squirtle, M|15\/100\n|turn|12\n|\n|t:|1700486836\n|move|p1a: Squirt|Fake Out|p2a: Chespin\n|-damage|p2a: Chespin|92\/100\n|cant|p2a: Chespin|flinch\n|\n|upkeep\n|turn|13\n|\n|t:|1700486840\n|move|p1a: Squirt|Rapid Spin|p2a: Chespin\n|-damage|p2a: Chespin|84\/100\n|-boost|p1a: Squirt|spe|1\n|move|p2a: Chespin|Seed Bomb|p1a: Squirt\n|-supereffective|p1a: Squirt\n|-damage|p1a: Squirt|0 fnt\n|faint|p1a: Squirt\n|\n|upkeep\n|\n|t:|1700486848\n|switch|p1a: KFC|Combusken, M|100\/100\n|turn|14\n|\n|t:|1700486855\n|move|p1a: KFC|Flare Blitz|p2a: Chespin\n|-supereffective|p2a: Chespin\n|-damage|p2a: Chespin|0 fnt\n|faint|p2a: Chespin\n|-damage|p1a: KFC|72\/100|[from] Recoil\n|\n|-ability|p1a: KFC|Speed Boost|boost\n|-boost|p1a: KFC|spe|1\n|upkeep\n|\n|t:|1700486860\n|switch|p2a: Empoleon|Empoleon, F|100\/100\n|turn|15\n|\n|t:|1700486865\n|switch|p1a: Locos por el surf|Prinplup, F|100\/100\n|move|p2a: Empoleon|Scald|p1a: Locos por el surf\n|-resisted|p1a: Locos por el surf\n|-damage|p1a: Locos por el surf|82\/100\n|\n|upkeep\n|turn|16\n|\n|t:|1700486872\n|move|p2a: Empoleon|Knock Off|p1a: Locos por el surf\n|-damage|p1a: Locos por el surf|59\/100\n|-damage|p2a: Empoleon|84\/100|[from] item: Rocky Helmet|[of] p1a: Locos por el surf\n|-enditem|p1a: Locos por el surf|Rocky Helmet|[from] move: Knock Off|[of] p2a: Empoleon\n|move|p1a: Locos por el surf|Swagger|p2a: Empoleon\n|-boost|p2a: Empoleon|atk|2\n|-start|p2a: Empoleon|confusion\n|\n|-heal|p2a: Empoleon|90\/100|[from] item: Leftovers\n|upkeep\n|turn|17\n|\n|t:|1700486884\n|switch|p1a: KFC|Combusken, M|72\/100\n|-activate|p2a: Empoleon|confusion\n|move|p2a: Empoleon|Air Slash|p1a: KFC\n|-supereffective|p1a: KFC\n|-damage|p1a: KFC|2\/100\n|\n|-heal|p2a: Empoleon|96\/100|[from] item: Leftovers\n|upkeep\n|turn|18\n|\n|t:|1700486894\n|move|p1a: KFC|Sky Uppercut|p2a: Empoleon\n|-supereffective|p2a: Empoleon\n|-damage|p2a: Empoleon|21\/100\n|-end|p2a: Empoleon|confusion\n|move|p2a: Empoleon|Air Slash|p1a: KFC\n|-supereffective|p1a: KFC\n|-damage|p1a: KFC|0 fnt\n|faint|p1a: KFC\n|\n|-heal|p2a: Empoleon|28\/100|[from] item: Leftovers\n|upkeep\n|\n|t:|1700486902\n|switch|p1a: Locos por el surf|Prinplup, F|59\/100\n|turn|19\n|\n|t:|1700486907\n|move|p2a: Empoleon|Knock Off|p1a: Locos por el surf\n|-damage|p1a: Locos por el surf|28\/100\n|move|p1a: Locos por el surf|Surf|p2a: Empoleon\n|-resisted|p2a: Empoleon\n|-damage|p2a: Empoleon|12\/100\n|\n|-heal|p2a: Empoleon|19\/100|[from] item: Leftovers\n|upkeep\n|turn|20\n|\n|t:|1700486914\n|move|p2a: Empoleon|Knock Off|p1a: Locos por el surf\n|-damage|p1a: Locos por el surf|0 fnt\n|faint|p1a: Locos por el surf\n|\n|-heal|p2a: Empoleon|25\/100|[from] item: Leftovers\n|upkeep\n|\n|t:|1700486919\n|switch|p1a: Hierbajo|Sceptile, F|100\/100\n|turn|21\n|\n|t:|1700486926\n|detailschange|p1a: Hierbajo|Sceptile-Mega, F\n|-mega|p1a: Hierbajo|Sceptile|Sceptilite\n|move|p1a: Hierbajo|Leaf Storm|p2a: Empoleon\n|-damage|p2a: Empoleon|0 fnt\n|-unboost|p1a: Hierbajo|spa|2\n|faint|p2a: Empoleon\n|\n|upkeep\n|\n|t:|1700486931\n|switch|p2a: Charmeleon|Charmeleon, M|100\/100\n|turn|22\n|\n|t:|1700486934\n|move|p1a: Hierbajo|Hidden Power|p2a: Charmeleon\n|-supereffective|p2a: Charmeleon\n|-damage|p2a: Charmeleon|78\/100\n|move|p2a: Charmeleon|Flamethrower|p1a: Hierbajo\n|-damage|p1a: Hierbajo|47\/100\n|\n|upkeep\n|turn|23\n|\n|t:|1700486941\n|move|p1a: Hierbajo|Dragon Pulse|p2a: Charmeleon\n|-damage|p2a: Charmeleon|52\/100\n|move|p2a: Charmeleon|Flamethrower|p1a: Hierbajo\n|-damage|p1a: Hierbajo|0 fnt\n|faint|p1a: Hierbajo\n|\n|win|carmen_pkm\n|l|\u2606Mibombilla\n|l|\u2606carmen_pkm\n|j|\u2606carmen_pkm\n|player|p2|carmen_pkm|n\n","uploadtime":1700487371,"views":3,"p1id":"mibombilla","p2id":"carmenpkm","formatid":"gen9nationaldex","rating":0,"private":0,"password":""}