{"id":"gen9nationaldex-1995783506","p1":"MMystery","p2":"Cirno_is","format":"[Gen 9] National Dex","log":"|html|<div class=\"broadcast-blue\"><strong>[Gen 9] National Dex is currently suspecting Sneasler! For information on how to participate check out the <a href=\"https:\/\/www.smogon.com\/forums\/threads\/sv-national-dex-suspect-8-just-dance.3731534\/\">suspect thread<\/a>.<\/strong><\/div>\n|j|\u2606MMystery\n|j|\u2606Cirno_is\n|t:|1700602769\n|gametype|singles\n|player|p1|MMystery|102|1314\n|player|p2|Cirno_is|twins-gen4dp|1203\n|teamsize|p1|6\n|teamsize|p2|6\n|gen|9\n|tier|[Gen 9] National Dex\n|rated|\n|rule|HP Percentage Mod: HP is shown in percentages\n|rule|Endless Battle Clause: Forcing endless battles is banned\n|rule|OHKO Clause: OHKO moves are banned\n|rule|Evasion Clause: Evasion abilities, items, and moves are banned\n|rule|Evasion Abilities Clause: Evasion abilities are banned\n|rule|Evasion Items Clause: Evasion items are banned\n|rule|Evasion Moves Clause: Evasion moves are banned\n|rule|Species Clause: Limit one of each Pok\u00e9mon\n|rule|Sleep Clause Mod: Limit one foe put to sleep\n|clearpoke\n|poke|p1|Shuckle, F|\n|poke|p1|Urshifu-*, M|\n|poke|p1|Yanmega, F|\n|poke|p1|Swellow, F|\n|poke|p1|Landorus-Therian, M|\n|poke|p1|Brambleghast, F|\n|poke|p2|Alomomola, M|\n|poke|p2|Clodsire, M|\n|poke|p2|Mimikyu, F|\n|poke|p2|Landorus-Therian, M|\n|poke|p2|Great Tusk|\n|poke|p2|Lopunny, F|\n|teampreview\n|inactive|Battle timer is ON: inactive players will automatically lose when time's up. (requested by MMystery)\n|\n|t:|1700602782\n|start\n|switch|p1a: Shuckle|Shuckle, F|100\/100\n|switch|p2a: Carl|Clodsire, M|100\/100\n|turn|1\n|\n|t:|1700602789\n|move|p2a: Carl|Stealth Rock|p1a: Shuckle\n|-sidestart|p1: MMystery|move: Stealth Rock\n|move|p1a: Shuckle|Sticky Web|p2a: Carl\n|-sidestart|p2: Cirno_is|move: Sticky Web\n|\n|upkeep\n|turn|2\n|\n|t:|1700602796\n|move|p2a: Carl|Toxic|p1a: Shuckle\n|-status|p1a: Shuckle|tox\n|move|p1a: Shuckle|Stealth Rock|p2a: Carl\n|-sidestart|p2: Cirno_is|move: Stealth Rock\n|\n|-damage|p1a: Shuckle|94\/100 tox|[from] psn\n|upkeep\n|turn|3\n|l|\u2606MMystery\n|inactive|MMystery disconnected and has a minute to reconnect!\n|player|p1|\n|j|\u2606MMystery\n|inactive|MMystery reconnected and has 145 seconds left.\n|player|p1|MMystery|102\n|\n|t:|1700602814\n|switch|p2a: Great Tusk|Great Tusk|100\/100\n|-activate|p2a: Great Tusk|move: Sticky Web\n|-unboost|p2a: Great Tusk|spe|1\n|-damage|p2a: Great Tusk|98\/100|[from] Stealth Rock\n|-enditem|p2a: Great Tusk|Booster Energy\n|-activate|p2a: Great Tusk|ability: Protosynthesis|[fromitem]\n|-start|p2a: Great Tusk|protosynthesisatk\n|move|p1a: Shuckle|Infestation|p2a: Great Tusk\n|-resisted|p2a: Great Tusk\n|-damage|p2a: Great Tusk|96\/100\n|-activate|p2a: Great Tusk|move: Infestation|[of] p1a: Shuckle\n|\n|-damage|p1a: Shuckle|82\/100 tox|[from] psn\n|-damage|p2a: Great Tusk|84\/100|[from] move: Infestation|[partiallytrapped]\n|upkeep\n|turn|4\n|l|\u2606MMystery\n|inactive|MMystery disconnected and has a minute to reconnect!\n|player|p1|\n|\n|t:|1700602830\n|move|p2a: Great Tusk|Rapid Spin|p1a: Shuckle\n|-resisted|p1a: Shuckle\n|-damage|p1a: Shuckle|75\/100 tox\n|-boost|p2a: Great Tusk|spe|1\n|-sideend|p2: Cirno_is|Stealth Rock|[from] move: Rapid Spin|[of] p2a: Great Tusk\n|-sideend|p2: Cirno_is|Sticky Web|[from] move: Rapid Spin|[of] p2a: Great Tusk\n|-end|p2a: Great Tusk|Infestation|[partiallytrapped]\n|-enditem|p1a: Shuckle|Red Card|[of] p2a: Great Tusk\n|-end|p2a: Great Tusk|Protosynthesis|[silent]\n|drag|p2a: Meagan|Mimikyu, F|100\/100\n|move|p1a: Shuckle|Final Gambit|p2a: Meagan\n|-immune|p2a: Meagan\n|\n|-damage|p1a: Shuckle|56\/100 tox|[from] psn\n|upkeep\n|turn|5\n|j|\u2606MMystery\n|inactive|MMystery reconnected and has 145 seconds left.\n|player|p1|MMystery|102\n|\n|t:|1700602848\n|switch|p2a: Great Tusk|Great Tusk|84\/100\n|move|p1a: Shuckle|Infestation|p2a: Great Tusk\n|-resisted|p2a: Great Tusk\n|-damage|p2a: Great Tusk|83\/100\n|-activate|p2a: Great Tusk|move: Infestation|[of] p1a: Shuckle\n|\n|-damage|p1a: Shuckle|31\/100 tox|[from] psn\n|-damage|p2a: Great Tusk|70\/100|[from] move: Infestation|[partiallytrapped]\n|upkeep\n|turn|6\n|l|\u2606MMystery\n|inactive|MMystery disconnected and has a minute to reconnect!\n|player|p1|\n|j|\u2606MMystery\n|inactive|MMystery reconnected and has 145 seconds left.\n|player|p1|MMystery|102\n|\n|t:|1700602860\n|move|p2a: Great Tusk|Rapid Spin|p1a: Shuckle\n|-resisted|p1a: Shuckle\n|-damage|p1a: Shuckle|26\/100 tox\n|-boost|p2a: Great Tusk|spe|1\n|-end|p2a: Great Tusk|Infestation|[partiallytrapped]\n|move|p1a: Shuckle|Sticky Web|p2a: Great Tusk\n|-sidestart|p2: Cirno_is|move: Sticky Web\n|\n|-damage|p1a: Shuckle|0 fnt|[from] psn\n|faint|p1a: Shuckle\n|upkeep\n|\n|t:|1700602872\n|switch|p1a: Brambleghast|Brambleghast, F|100\/100\n|-damage|p1a: Brambleghast|88\/100|[from] Stealth Rock\n|turn|7\n|\n|t:|1700602879\n|move|p2a: Great Tusk|Ice Spinner|p1a: Brambleghast\n|-supereffective|p1a: Brambleghast\n|-damage|p1a: Brambleghast|0 fnt\n|faint|p1a: Brambleghast\n|\n|upkeep\n|\n|t:|1700602883\n|switch|p1a: Landorus|Landorus-Therian, M|100\/100\n|-damage|p1a: Landorus|88\/100|[from] Stealth Rock\n|-ability|p1a: Landorus|Intimidate|boost\n|-unboost|p2a: Great Tusk|atk|1\n|turn|8\n|\n|t:|1700602888\n|move|p2a: Great Tusk|Rapid Spin|p1a: Landorus\n|-damage|p1a: Landorus|74\/100\n|-boost|p2a: Great Tusk|spe|1\n|-sideend|p2: Cirno_is|Sticky Web|[from] move: Rapid Spin|[of] p2a: Great Tusk\n|move|p1a: Landorus|Defog|p2a: Great Tusk\n|-unboost|p2a: Great Tusk|evasion|1\n|-sideend|p1: MMystery|Stealth Rock|[from] move: Defog|[of] p1a: Landorus\n|\n|-heal|p1a: Landorus|79\/100|[from] item: Leftovers\n|upkeep\n|turn|9\n|l|\u2606MMystery\n|inactive|MMystery disconnected and has a minute to reconnect!\n|player|p1|\n|\n|t:|1700602898\n|move|p2a: Great Tusk|Ice Spinner|p1a: Landorus\n|-supereffective|p1a: Landorus\n|-damage|p1a: Landorus|0 fnt\n|faint|p1a: Landorus\n|\n|upkeep\n|j|\u2606MMystery\n|inactive|MMystery reconnected and has 145 seconds left.\n|player|p1|MMystery|102\n|\n|t:|1700602910\n|switch|p1a: Urshifu|Urshifu-Rapid-Strike, M|100\/100\n|turn|10\n|\n|t:|1700602924\n|move|p2a: Great Tusk|Close Combat|p1a: Urshifu\n|-damage|p1a: Urshifu|55\/100\n|-unboost|p2a: Great Tusk|def|1\n|-unboost|p2a: Great Tusk|spd|1\n|move|p1a: Urshifu|Surging Strikes|p2a: Great Tusk\n|-supereffective|p2a: Great Tusk\n|-crit|p2a: Great Tusk\n|-damage|p2a: Great Tusk|6\/100\n|-supereffective|p2a: Great Tusk\n|-crit|p2a: Great Tusk\n|-damage|p2a: Great Tusk|0 fnt\n|faint|p2a: Great Tusk\n|-end|p2a: Great Tusk|Protosynthesis|[silent]\n|-hitcount|p2: Great Tusk|2\n|\n|upkeep\n|\n|t:|1700602934\n|switch|p2a: Landorus|Landorus-Therian, M|100\/100\n|-ability|p2a: Landorus|Intimidate|boost\n|-unboost|p1a: Urshifu|atk|1\n|turn|11\n|l|\u2606MMystery\n|inactive|MMystery disconnected and has a minute to reconnect!\n|player|p1|\n|j|\u2606MMystery\n|inactive|MMystery reconnected and has 140 seconds left.\n|player|p1|MMystery|102\n|\n|t:|1700602945\n|switch|p2a: Carl|Clodsire, M|100\/100\n|move|p1a: Urshifu|Surging Strikes|p2a: Carl\n|-immune|p2a: Carl|[from] ability: Water Absorb\n|\n|upkeep\n|turn|12\n|-message|MMystery forfeited.\n|\n|win|Cirno_is\n|raw|MMystery's rating: 1314 &rarr; <strong>1288<\/strong><br \/>(-26 for losing)\n|raw|Cirno_is's rating: 1203 &rarr; <strong>1236<\/strong><br \/>(+33 for winning)\n|l|\u2606MMystery\n","uploadtime":1700602958,"views":0,"p1id":"mmystery","p2id":"cirnois","formatid":"gen9nationaldex","rating":1236,"private":0,"password":""}