{"id":"gen9nationaldex-1998987323","p1":"Miaa350","p2":"Liego","format":"[Gen 9] National Dex","log":"|html|<div class=\"broadcast-blue\"><strong>[Gen 9] National Dex is currently suspecting Sneasler! For information on how to participate check out the <a href=\"https:\/\/www.smogon.com\/forums\/threads\/sv-national-dex-suspect-8-just-dance.3731534\/\">suspect thread<\/a>.<\/strong><\/div>\n|j|\u2606Miaa350\n|j|\u2606Liego\n|t:|1701021064\n|gametype|singles\n|player|p1|Miaa350|2|1093\n|player|p2|Liego|zinzolin|1195\n|teamsize|p1|6\n|teamsize|p2|6\n|gen|9\n|tier|[Gen 9] National Dex\n|rated|\n|rule|HP Percentage Mod: HP is shown in percentages\n|rule|Endless Battle Clause: Forcing endless battles is banned\n|rule|OHKO Clause: OHKO moves are banned\n|rule|Evasion Clause: Evasion abilities, items, and moves are banned\n|rule|Evasion Abilities Clause: Evasion abilities are banned\n|rule|Evasion Items Clause: Evasion items are banned\n|rule|Evasion Moves Clause: Evasion moves are banned\n|rule|Species Clause: Limit one of each Pok\u00e9mon\n|rule|Sleep Clause Mod: Limit one foe put to sleep\n|clearpoke\n|poke|p1|Haxorus, F|\n|poke|p1|Garganacl, F|\n|poke|p1|Meowscarada, M|\n|poke|p1|Toxapex, F|\n|poke|p1|Medicham, F|\n|poke|p1|Aegislash, F|\n|poke|p2|Charizard, M|\n|poke|p2|Garchomp, M|\n|poke|p2|Kommo-o, F|\n|poke|p2|Rotom-Wash|\n|poke|p2|Dondozo, F|\n|poke|p2|Polteageist-Antique|\n|teampreview\n|inactive|Battle timer is ON: inactive players will automatically lose when time's up. (requested by Liego)\n|\n|t:|1701021071\n|start\n|switch|p1a: Medicham|Medicham, F, shiny|100\/100\n|switch|p2a: The Chomp|Garchomp, M, shiny|100\/100\n|turn|1\n|\n|t:|1701021078\n|detailschange|p1a: Medicham|Medicham-Mega, F, shiny\n|-mega|p1a: Medicham|Medicham|Medichamite\n|move|p1a: Medicham|Fake Out|p2a: The Chomp\n|-damage|p2a: The Chomp|78\/100\n|-damage|p1a: Medicham|88\/100|[from] ability: Rough Skin|[of] p2a: The Chomp\n|cant|p2a: The Chomp|flinch\n|\n|-heal|p2a: The Chomp|85\/100|[from] item: Leftovers\n|upkeep\n|turn|2\n|\n|t:|1701021090\n|move|p1a: Medicham|Ice Punch|p2a: The Chomp\n|-supereffective|p2a: The Chomp\n|-damage|p2a: The Chomp|0 fnt\n|-damage|p1a: Medicham|76\/100|[from] ability: Rough Skin|[of] p2a: The Chomp\n|faint|p2a: The Chomp\n|\n|upkeep\n|\n|t:|1701021096\n|switch|p2a: The Zard|Charizard, M, shiny|100\/100\n|turn|3\n|\n|t:|1701021110\n|switch|p1a: Toxapex|Toxapex, F|100\/100\n|detailschange|p2a: The Zard|Charizard-Mega-Y, M, shiny\n|-mega|p2a: The Zard|Charizard|Charizardite Y\n|-weather|SunnyDay|[from] ability: Drought|[of] p2a: The Zard\n|move|p2a: The Zard|Air Slash|p1a: Toxapex\n|-damage|p1a: Toxapex|61\/100\n|-enditem|p1a: Toxapex|Eject Button\n|n|!Liego|liego\n|inactive|Miaa350 has 120 seconds left.\n|\n|t:|1701021136\n|switch|p1a: Haxorus|Haxorus, F|100\/100\n|-ability|p1a: Haxorus|Mold Breaker\n|\n|-weather|SunnyDay|[upkeep]\n|upkeep\n|turn|4\n|\n|t:|1701021142\n|move|p2a: The Zard|Air Slash|p1a: Haxorus\n|-damage|p1a: Haxorus|33\/100\n|move|p1a: Haxorus|Scale Shot|p2a: The Zard\n|-damage|p2a: The Zard|82\/100\n|-damage|p2a: The Zard|61\/100\n|-damage|p2a: The Zard|41\/100\n|-damage|p2a: The Zard|22\/100\n|-hitcount|p2a: The Zard|4\n|-unboost|p1a: Haxorus|def|1\n|-boost|p1a: Haxorus|spe|1\n|\n|-weather|SunnyDay|[upkeep]\n|upkeep\n|turn|5\n|\n|t:|1701021155\n|switch|p2a: The Bozo|Dondozo, F, shiny|100\/100\n|move|p1a: Haxorus|Scale Shot|p2a: The Bozo\n|-damage|p2a: The Bozo|92\/100\n|-damage|p2a: The Bozo|82\/100\n|-damage|p2a: The Bozo|72\/100\n|-damage|p2a: The Bozo|63\/100\n|-hitcount|p2a: The Bozo|4\n|-unboost|p1a: Haxorus|def|1\n|-boost|p1a: Haxorus|spe|1\n|\n|-weather|SunnyDay|[upkeep]\n|upkeep\n|turn|6\n|\n|t:|1701021163\n|move|p1a: Haxorus|Swords Dance|p1a: Haxorus\n|-boost|p1a: Haxorus|atk|2\n|move|p2a: The Bozo|Body Press|p1a: Haxorus\n|-damage|p1a: Haxorus|7\/100\n|\n|-weather|SunnyDay|[upkeep]\n|upkeep\n|turn|7\n|\n|t:|1701021176\n|move|p1a: Haxorus|Scale Shot|p2a: The Bozo\n|-damage|p2a: The Bozo|45\/100\n|-damage|p2a: The Bozo|27\/100\n|-damage|p2a: The Bozo|9\/100\n|-damage|p2a: The Bozo|0 fnt\n|faint|p2a: The Bozo\n|-hitcount|p2: The Bozo|4\n|-unboost|p1a: Haxorus|def|1\n|-boost|p1a: Haxorus|spe|1\n|\n|-weather|none\n|upkeep\n|\n|t:|1701021184\n|switch|p2a: The Zard|Charizard-Mega-Y, M, shiny|22\/100\n|-weather|SunnyDay|[from] ability: Drought|[of] p2a: The Zard\n|turn|8\n|\n|t:|1701021199\n|move|p1a: Haxorus|Iron Head|p2a: The Zard\n|-resisted|p2a: The Zard\n|-damage|p2a: The Zard|0 fnt\n|faint|p2a: The Zard\n|\n|-weather|SunnyDay|[upkeep]\n|upkeep\n|\n|t:|1701021202\n|switch|p2a: The Machine|Rotom-Wash, shiny|100\/100\n|turn|9\n|\n|t:|1701021211\n|move|p1a: Haxorus|Scale Shot|p2a: The Machine\n|-damage|p2a: The Machine|67\/100\n|-damage|p2a: The Machine|36\/100\n|-damage|p2a: The Machine|7\/100\n|-damage|p2a: The Machine|0 fnt\n|faint|p2a: The Machine\n|-hitcount|p2: The Machine|4\n|-unboost|p1a: Haxorus|def|1\n|-boost|p1a: Haxorus|spe|1\n|\n|-weather|SunnyDay|[upkeep]\n|upkeep\n|\n|t:|1701021217\n|switch|p2a: The Pot|Polteageist-Antique, shiny|100\/100\n|turn|10\n|\n|t:|1701021227\n|move|p1a: Haxorus|Scale Shot|p2a: The Pot\n|-damage|p2a: The Pot|50\/100\n|-ability|p2a: The Pot|Weak Armor|boost\n|-unboost|p2a: The Pot|def|1\n|-boost|p2a: The Pot|spe|2\n|-damage|p2a: The Pot|0 fnt\n|faint|p2a: The Pot\n|-hitcount|p2: The Pot|2\n|-unboost|p1a: Haxorus|def|1\n|-boost|p1a: Haxorus|spe|1\n|\n|-weather|SunnyDay|[upkeep]\n|upkeep\n|\n|t:|1701021231\n|switch|p2a: The Uh-Oh|Kommo-o, F, shiny|100\/100\n|turn|11\n|\n|t:|1701021242\n|move|p1a: Haxorus|Scale Shot|p2a: The Uh-Oh\n|-supereffective|p2a: The Uh-Oh\n|-damage|p2a: The Uh-Oh|47\/100\n|-supereffective|p2a: The Uh-Oh\n|-damage|p2a: The Uh-Oh|0 fnt\n|faint|p2a: The Uh-Oh\n|-hitcount|p2: The Uh-Oh|2\n|\n|win|Miaa350\n|raw|Miaa350's rating: 1093 &rarr; <strong>1126<\/strong><br \/>(+33 for winning)\n|raw|Liego's rating: 1195 &rarr; <strong>1163<\/strong><br \/>(-32 for losing)\n","uploadtime":1701021115,"views":1,"p1id":"miaa350","p2id":"liego","formatid":"gen9nationaldex","rating":1126,"private":0,"password":""}