{"id":"gen9nationaldex-1994608569","p1":"ninjack524","p2":"08videogameguy","format":"[Gen 9] National Dex","log":"|html|<div class=\"broadcast-blue\"><strong>[Gen 9] National Dex is currently suspecting Sneasler! For information on how to participate check out the <a href=\"https:\/\/www.smogon.com\/forums\/threads\/sv-national-dex-suspect-8-just-dance.3731534\/\">suspect thread<\/a>.<\/strong><\/div>\n|j|\u2606ninjack524\n|j|\u260608videogameguy\n|t:|1700468644\n|gametype|singles\n|player|p1|ninjack524|drayden|\n|player|p2|08videogameguy|102|\n|teamsize|p1|6\n|teamsize|p2|6\n|gen|9\n|tier|[Gen 9] National Dex\n|rule|HP Percentage Mod: HP is shown in percentages\n|rule|Endless Battle Clause: Forcing endless battles is banned\n|rule|OHKO Clause: OHKO moves are banned\n|rule|Evasion Clause: Evasion abilities, items, and moves are banned\n|rule|Evasion Abilities Clause: Evasion abilities are banned\n|rule|Evasion Items Clause: Evasion items are banned\n|rule|Evasion Moves Clause: Evasion moves are banned\n|rule|Species Clause: Limit one of each Pok\u00e9mon\n|rule|Sleep Clause Mod: Limit one foe put to sleep\n|clearpoke\n|poke|p1|Gliscor, M|\n|poke|p1|Excadrill, F|\n|poke|p1|Hippowdon, F|\n|poke|p1|Golem, F|\n|poke|p1|Camerupt, M|\n|poke|p1|Krookodile, M|\n|poke|p2|Ferrothorn, F|\n|poke|p2|Aegislash, M|\n|poke|p2|Sandslash-Alola, M|\n|poke|p2|Tinkaton, F|\n|poke|p2|Orthworm, F|\n|poke|p2|Empoleon, F|\n|teampreview\n|c|\u2606ninjack524|hello\n|inactive|Battle timer is ON: inactive players will automatically lose when time's up. (requested by ninjack524)\n|j| eft\n|c|\u2606ninjack524|hi\n|\n|t:|1700468707\n|start\n|switch|p1a: Hippowdon|Hippowdon, F|100\/100\n|switch|p2a: Ferrothorn|Ferrothorn, F|100\/100\n|-weather|Sandstorm|[from] ability: Sand Stream|[of] p1a: Hippowdon\n|turn|1\n|\n|t:|1700468713\n|move|p1a: Hippowdon|Yawn|p2a: Ferrothorn\n|-start|p2a: Ferrothorn|move: Yawn|[of] p1a: Hippowdon\n|move|p2a: Ferrothorn|Stealth Rock|p1a: Hippowdon\n|-sidestart|p1: ninjack524|move: Stealth Rock\n|\n|-weather|Sandstorm|[upkeep]\n|upkeep\n|turn|2\n|\n|t:|1700468732\n|switch|p2a: Tinkaton|Tinkaton, F|100\/100\n|-ability|p2a: Tinkaton|Mold Breaker\n|move|p1a: Hippowdon|Stealth Rock|p2a: Tinkaton\n|-sidestart|p2: 08videogameguy|move: Stealth Rock\n|\n|-weather|Sandstorm|[upkeep]\n|upkeep\n|turn|3\n|\n|t:|1700468741\n|move|p2a: Tinkaton|Gigaton Hammer|p1a: Hippowdon\n|-damage|p1a: Hippowdon|69\/100\n|move|p1a: Hippowdon|Yawn|p2a: Tinkaton\n|-start|p2a: Tinkaton|move: Yawn|[of] p1a: Hippowdon\n|\n|-weather|Sandstorm|[upkeep]\n|upkeep\n|turn|4\n|\n|t:|1700468766\n|switch|p2a: Ferrothorn|Ferrothorn, F|100\/100\n|-damage|p2a: Ferrothorn|95\/100|[from] Stealth Rock\n|switch|p1a: Excadrill|Excadrill, F|100\/100\n|-damage|p1a: Excadrill|97\/100|[from] Stealth Rock\n|\n|-weather|Sandstorm|[upkeep]\n|upkeep\n|turn|5\n|\n|t:|1700468779\n|switch|p1a: Gliscor|Gliscor, M|100\/100\n|-damage|p1a: Gliscor|88\/100|[from] Stealth Rock\n|move|p2a: Ferrothorn|Leech Seed|p1a: Gliscor\n|-start|p1a: Gliscor|move: Leech Seed\n|\n|-weather|Sandstorm|[upkeep]\n|-damage|p1a: Gliscor|76\/100|[from] Leech Seed|[of] p2a: Ferrothorn\n|-heal|p2a: Ferrothorn|100\/100|[silent]\n|-status|p1a: Gliscor|tox|[from] item: Toxic Orb\n|upkeep\n|turn|6\n|\n|t:|1700468793\n|switch|p2a: Sandslash|Sandslash-Alola, M|100\/100\n|move|p1a: Gliscor|Knock Off|p2a: Sandslash\n|-damage|p2a: Sandslash|82\/100\n|-enditem|p2a: Sandslash|Heavy-Duty Boots|[from] move: Knock Off|[of] p1a: Gliscor\n|\n|-weather|Sandstorm|[upkeep]\n|-damage|p1a: Gliscor|64\/100 tox|[from] Leech Seed|[of] p2a: Sandslash\n|-heal|p2a: Sandslash|92\/100|[silent]\n|-heal|p1a: Gliscor|76\/100 tox|[from] ability: Poison Heal\n|upkeep\n|turn|7\n|\n|t:|1700468803\n|switch|p1a: Excadrill|Excadrill, F|97\/100\n|-damage|p1a: Excadrill|94\/100|[from] Stealth Rock\n|move|p2a: Sandslash|Rapid Spin|p1a: Excadrill\n|-resisted|p1a: Excadrill\n|-damage|p1a: Excadrill|84\/100\n|-boost|p2a: Sandslash|spe|1\n|-sideend|p2: 08videogameguy|Stealth Rock|[from] move: Rapid Spin|[of] p2a: Sandslash\n|\n|-weather|Sandstorm|[upkeep]\n|upkeep\n|turn|8\n|\n|t:|1700468823\n|switch|p2a: Orthworm|Orthworm, F|100\/100\n|move|p1a: Excadrill|Rapid Spin|p2a: Orthworm\n|-resisted|p2a: Orthworm\n|-damage|p2a: Orthworm|91\/100\n|-boost|p1a: Excadrill|spe|1\n|-sideend|p1: ninjack524|Stealth Rock|[from] move: Rapid Spin|[of] p1a: Excadrill\n|-damage|p1a: Excadrill|74\/100|[from] item: Life Orb\n|\n|-weather|none\n|-heal|p2a: Orthworm|98\/100|[from] item: Leftovers\n|upkeep\n|turn|9\n|\n|t:|1700468836\n|switch|p1a: Gliscor|Gliscor, M|76\/100 tox\n|move|p2a: Orthworm|Substitute|p2a: Orthworm\n|-start|p2a: Orthworm|Substitute\n|-damage|p2a: Orthworm|73\/100\n|\n|-heal|p2a: Orthworm|79\/100|[from] item: Leftovers\n|-heal|p1a: Gliscor|88\/100 tox|[from] ability: Poison Heal\n|upkeep\n|turn|10\n|\n|t:|1700468846\n|move|p1a: Gliscor|Knock Off|p2a: Orthworm\n|-activate|p2a: Orthworm|move: Substitute|[damage]\n|move|p2a: Orthworm|Coil|p2a: Orthworm\n|-boost|p2a: Orthworm|atk|1\n|-boost|p2a: Orthworm|def|1\n|-boost|p2a: Orthworm|accuracy|1\n|\n|-heal|p2a: Orthworm|85\/100|[from] item: Leftovers\n|-heal|p1a: Gliscor|100\/100 tox|[from] ability: Poison Heal\n|upkeep\n|turn|11\n|\n|t:|1700468855\n|switch|p1a: Camerupt|Camerupt, M|100\/100\n|move|p2a: Orthworm|Coil|p2a: Orthworm\n|-boost|p2a: Orthworm|atk|1\n|-boost|p2a: Orthworm|def|1\n|-boost|p2a: Orthworm|accuracy|1\n|\n|-heal|p2a: Orthworm|91\/100|[from] item: Leftovers\n|upkeep\n|turn|12\n|\n|t:|1700468868\n|detailschange|p1a: Camerupt|Camerupt-Mega, M\n|-mega|p1a: Camerupt|Camerupt|Cameruptite\n|move|p2a: Orthworm|Earthquake|p1a: Camerupt\n|-supereffective|p1a: Camerupt\n|-crit|p1a: Camerupt\n|-damage|p1a: Camerupt|0 fnt\n|faint|p1a: Camerupt\n|\n|-heal|p2a: Orthworm|97\/100|[from] item: Leftovers\n|upkeep\n|\n|t:|1700468874\n|switch|p1a: Gliscor|Gliscor, M|100\/100 tox\n|turn|13\n|\n|t:|1700468878\n|move|p1a: Gliscor|Knock Off|p2a: Orthworm\n|-activate|p2a: Orthworm|move: Substitute|[damage]\n|move|p2a: Orthworm|Iron Tail|p1a: Gliscor\n|-damage|p1a: Gliscor|43\/100 tox\n|\n|-heal|p2a: Orthworm|100\/100|[from] item: Leftovers\n|-heal|p1a: Gliscor|55\/100 tox|[from] ability: Poison Heal\n|upkeep\n|turn|14\n|\n|t:|1700468894\n|move|p1a: Gliscor|U-turn|p2a: Orthworm\n|-resisted|p2a: Orthworm\n|-activate|p2a: Orthworm|move: Substitute|[damage]\n|\n|t:|1700468898\n|switch|p1a: Krookodile|Krookodile, M|100\/100|[from] U-turn\n|move|p2a: Orthworm|Coil|p2a: Orthworm\n|-boost|p2a: Orthworm|atk|1\n|-boost|p2a: Orthworm|def|1\n|-boost|p2a: Orthworm|accuracy|1\n|\n|upkeep\n|turn|15\n|\n|t:|1700468909\n|move|p1a: Krookodile|Knock Off|p2a: Orthworm\n|-end|p2a: Orthworm|Substitute\n|move|p2a: Orthworm|Iron Tail|p1a: Krookodile\n|-damage|p1a: Krookodile|0 fnt\n|faint|p1a: Krookodile\n|\n|upkeep\n|\n|t:|1700468911\n|switch|p1a: Golem|Golem, F|100\/100\n|turn|16\n|\n|t:|1700468919\n|move|p2a: Orthworm|Earthquake|p1a: Golem\n|-supereffective|p1a: Golem\n|-ability|p1a: Golem|Sturdy\n|-damage|p1a: Golem|1\/100\n|move|p1a: Golem|Counter|p2a: Orthworm\n|-damage|p2a: Orthworm|0 fnt\n|faint|p2a: Orthworm\n|\n|upkeep\n|\n|t:|1700468929\n|switch|p2a: Empoleon|Empoleon, F|100\/100\n|turn|17\n|\n|t:|1700468933\n|move|p1a: Golem|Earthquake|p2a: Empoleon\n|-supereffective|p2a: Empoleon\n|-damage|p2a: Empoleon|0 fnt\n|faint|p2a: Empoleon\n|\n|upkeep\n|\n|t:|1700468942\n|switch|p2a: Tinkaton|Tinkaton, F|100\/100\n|-ability|p2a: Tinkaton|Mold Breaker\n|turn|18\n|\n|t:|1700468947\n|move|p2a: Tinkaton|Knock Off|p1a: Golem\n|-damage|p1a: Golem|0 fnt\n|-enditem|p1a: Golem|Loaded Dice|[from] move: Knock Off|[of] p2a: Tinkaton\n|faint|p1a: Golem\n|\n|upkeep\n|\n|t:|1700468950\n|switch|p1a: Hippowdon|Hippowdon, F|69\/100\n|-weather|Sandstorm|[from] ability: Sand Stream|[of] p1a: Hippowdon\n|turn|19\n|\n|t:|1700468964\n|move|p2a: Tinkaton|Gigaton Hammer|p1a: Hippowdon\n|-damage|p1a: Hippowdon|36\/100\n|move|p1a: Hippowdon|Earthquake|p2a: Tinkaton\n|-supereffective|p2a: Tinkaton\n|-damage|p2a: Tinkaton|0 fnt\n|faint|p2a: Tinkaton\n|\n|-weather|Sandstorm|[upkeep]\n|upkeep\n|inactive|08videogameguy has 270 seconds left.\n|\n|t:|1700468991\n|switch|p2a: Aegislash|Aegislash, M|100\/100\n|turn|20\n|\n|t:|1700468997\n|move|p2a: Aegislash|Swords Dance|p2a: Aegislash\n|-boost|p2a: Aegislash|atk|2\n|move|p1a: Hippowdon|Slack Off|p1a: Hippowdon\n|-heal|p1a: Hippowdon|86\/100\n|\n|-weather|Sandstorm|[upkeep]\n|upkeep\n|turn|21\n|\n|t:|1700469004\n|-formechange|p2a: Aegislash|Aegislash-Blade||[from] ability: Stance Change\n|move|p2a: Aegislash|Sacred Sword|p1a: Hippowdon\n|-damage|p1a: Hippowdon|38\/100\n|-damage|p2a: Aegislash|91\/100|[from] item: Life Orb\n|move|p1a: Hippowdon|Earthquake|p2a: Aegislash\n|-supereffective|p2a: Aegislash\n|-damage|p2a: Aegislash|0 fnt\n|faint|p2a: Aegislash\n|\n|-weather|Sandstorm|[upkeep]\n|upkeep\n|\n|t:|1700469018\n|switch|p2a: Ferrothorn|Ferrothorn, F|100\/100\n|turn|22\n|\n|t:|1700469022\n|move|p1a: Hippowdon|Slack Off|p1a: Hippowdon\n|-heal|p1a: Hippowdon|88\/100\n|move|p2a: Ferrothorn|Power Whip|p1a: Hippowdon\n|-supereffective|p1a: Hippowdon\n|-damage|p1a: Hippowdon|49\/100\n|\n|-weather|Sandstorm|[upkeep]\n|upkeep\n|turn|23\n|\n|t:|1700469031\n|move|p1a: Hippowdon|Slack Off|p1a: Hippowdon\n|-heal|p1a: Hippowdon|99\/100\n|move|p2a: Ferrothorn|Power Whip|p1a: Hippowdon|[miss]\n|-miss|p2a: Ferrothorn|p1a: Hippowdon\n|\n|-weather|Sandstorm|[upkeep]\n|upkeep\n|turn|24\n|\n|t:|1700469037\n|move|p1a: Hippowdon|Earthquake|p2a: Ferrothorn\n|-damage|p2a: Ferrothorn|80\/100\n|move|p2a: Ferrothorn|Power Whip|p1a: Hippowdon\n|-supereffective|p1a: Hippowdon\n|-damage|p1a: Hippowdon|60\/100\n|\n|-weather|Sandstorm|[upkeep]\n|upkeep\n|turn|25\n|\n|t:|1700469045\n|move|p1a: Hippowdon|Yawn|p2a: Ferrothorn\n|-start|p2a: Ferrothorn|move: Yawn|[of] p1a: Hippowdon\n|move|p2a: Ferrothorn|Leech Seed|p1a: Hippowdon\n|-start|p1a: Hippowdon|move: Leech Seed\n|\n|-weather|Sandstorm|[upkeep]\n|-damage|p1a: Hippowdon|48\/100|[from] Leech Seed|[of] p2a: Ferrothorn\n|-heal|p2a: Ferrothorn|95\/100|[silent]\n|upkeep\n|turn|26\n|\n|t:|1700469060\n|move|p1a: Hippowdon|Earthquake|p2a: Ferrothorn\n|-damage|p2a: Ferrothorn|74\/100\n|move|p2a: Ferrothorn|Power Whip|p1a: Hippowdon\n|-supereffective|p1a: Hippowdon\n|-damage|p1a: Hippowdon|5\/100\n|\n|-weather|none\n|-damage|p1a: Hippowdon|0 fnt|[from] Leech Seed|[of] p2a: Ferrothorn\n|-heal|p2a: Ferrothorn|79\/100|[silent]\n|faint|p1a: Hippowdon\n|-end|p2a: Ferrothorn|move: Yawn|[silent]\n|-status|p2a: Ferrothorn|slp\n|upkeep\n|\n|t:|1700469064\n|switch|p1a: Excadrill|Excadrill, F|74\/100\n|turn|27\n|\n|t:|1700469073\n|move|p1a: Excadrill|Rapid Spin|p2a: Ferrothorn\n|-resisted|p2a: Ferrothorn\n|-crit|p2a: Ferrothorn\n|-damage|p2a: Ferrothorn|67\/100 slp\n|-boost|p1a: Excadrill|spe|1\n|-damage|p1a: Excadrill|61\/100|[from] ability: Iron Barbs|[of] p2a: Ferrothorn\n|-damage|p1a: Excadrill|45\/100|[from] item: Rocky Helmet|[of] p2a: Ferrothorn\n|-damage|p1a: Excadrill|35\/100|[from] item: Life Orb\n|cant|p2a: Ferrothorn|slp\n|\n|upkeep\n|turn|28\n|\n|t:|1700469082\n|move|p1a: Excadrill|Earthquake|p2a: Ferrothorn\n|-damage|p2a: Ferrothorn|20\/100 slp\n|-damage|p1a: Excadrill|25\/100|[from] item: Life Orb\n|cant|p2a: Ferrothorn|slp\n|\n|upkeep\n|turn|29\n|\n|t:|1700469091\n|move|p1a: Excadrill|Earthquake|p2a: Ferrothorn\n|-damage|p2a: Ferrothorn|0 fnt\n|faint|p2a: Ferrothorn\n|-damage|p1a: Excadrill|15\/100|[from] item: Life Orb\n|\n|upkeep\n|\n|t:|1700469095\n|switch|p2a: Sandslash|Sandslash-Alola, M|92\/100\n|turn|30\n|\n|t:|1700469100\n|move|p1a: Excadrill|Earthquake|p2a: Sandslash\n|-supereffective|p2a: Sandslash\n|-damage|p2a: Sandslash|0 fnt\n|faint|p2a: Sandslash\n|-damage|p1a: Excadrill|5\/100|[from] item: Life Orb\n|\n|win|ninjack524\n|l| eft\n|l|\u260608videogameguy\n","uploadtime":1700469144,"views":5,"p1id":"ninjack524","p2id":"08videogameguy","formatid":"gen9nationaldex","rating":0,"private":0,"password":""}