{"id":"gen9nationaldex-1991857970","p1":"SkywardSD","p2":"EdgarASP","format":"[Gen 9] National Dex","log":"|j|\u2606SkywardSD\n|j|\u2606EdgarASP\n|t:|1700129448\n|gametype|singles\n|player|p1|SkywardSD|adaman|\n|player|p2|EdgarASP|acetrainerf-gen4|\n|teamsize|p1|6\n|teamsize|p2|6\n|gen|9\n|tier|[Gen 9] National Dex\n|rule|HP Percentage Mod: HP is shown in percentages\n|rule|Endless Battle Clause: Forcing endless battles is banned\n|rule|OHKO Clause: OHKO moves are banned\n|rule|Evasion Clause: Evasion abilities, items, and moves are banned\n|rule|Evasion Abilities Clause: Evasion abilities are banned\n|rule|Evasion Items Clause: Evasion items are banned\n|rule|Evasion Moves Clause: Evasion moves are banned\n|rule|Species Clause: Limit one of each Pok\u00e9mon\n|rule|Sleep Clause Mod: Limit one foe put to sleep\n|clearpoke\n|poke|p1|Lopunny, F|\n|poke|p1|Clodsire, M|\n|poke|p1|Barraskewda, F|\n|poke|p1|Tapu Koko|\n|poke|p1|Camerupt, M|\n|poke|p1|Munkidori, M|\n|poke|p2|Gardevoir, M|\n|poke|p2|Ninetales-Alola, F|\n|poke|p2|Empoleon, F|\n|poke|p2|Cinderace, F|\n|poke|p2|Typhlosion-Hisui, M|\n|poke|p2|Cobalion|\n|teampreview\n|\n|t:|1700129458\n|start\n|switch|p1a: chick|Tapu Koko|100\/100\n|switch|p2a: HOW TO SPOON|Empoleon, F|100\/100\n|-fieldstart|move: Electric Terrain|[from] ability: Electric Surge|[of] p1a: chick\n|turn|1\n|\n|t:|1700129471\n|-terastallize|p2a: HOW TO SPOON|Ground\n|move|p1a: chick|Volt Switch|p2a: HOW TO SPOON\n|-immune|p2a: HOW TO SPOON\n|move|p2a: HOW TO SPOON|Steel Beam|p1a: chick\n|-damage|p1a: chick|4\/100\n|-damage|p2a: HOW TO SPOON|50\/100|[from] steelbeam\n|\n|-heal|p2a: HOW TO SPOON|56\/100|[from] item: Leftovers\n|upkeep\n|turn|2\n|\n|t:|1700129490\n|switch|p1a: stick|Barraskewda, F|100\/100\n|move|p2a: HOW TO SPOON|Ice Spinner|p1a: stick\n|-resisted|p1a: stick\n|-damage|p1a: stick|86\/100\n|-fieldend|move: Electric Terrain\n|\n|-heal|p2a: HOW TO SPOON|62\/100|[from] item: Leftovers\n|upkeep\n|turn|3\n|\n|t:|1700129512\n|switch|p2a: HELL YEA|Ninetales-Alola, F|100\/100\n|-weather|Snow|[from] ability: Snow Warning|[of] p2a: HELL YEA\n|move|p1a: stick|Flip Turn|p2a: HELL YEA\n|-damage|p2a: HELL YEA|69\/100\n|\n|t:|1700129521\n|switch|p1a: kciht|Camerupt, M|100\/100|[from] Flip Turn\n|\n|-weather|Snow|[upkeep]\n|upkeep\n|turn|4\n|\n|t:|1700129540\n|move|p2a: HELL YEA|Aurora Veil|p2a: HELL YEA\n|-sidestart|p2: EdgarASP|move: Aurora Veil\n|move|p1a: kciht|Eruption|p2a: HELL YEA\n|-supereffective|p2a: HELL YEA\n|-damage|p2a: HELL YEA|0 fnt\n|faint|p2a: HELL YEA\n|\n|-weather|Snow|[upkeep]\n|upkeep\n|\n|t:|1700129549\n|switch|p2a: HOW TO SPOON|Empoleon, F, tera:Ground|62\/100\n|turn|5\n|\n|t:|1700129574\n|switch|p1a: stick|Barraskewda, F|86\/100\n|move|p2a: HOW TO SPOON|Flip Turn|p1a: stick\n|-resisted|p1a: stick\n|-damage|p1a: stick|69\/100\n|\n|t:|1700129635\n|switch|p2a: Kiss ya neck|Gardevoir, M, shiny|100\/100|[from] Flip Turn\n|\n|-weather|Snow|[upkeep]\n|upkeep\n|turn|6\n|\n|t:|1700129650\n|detailschange|p2a: Kiss ya neck|Gardevoir-Mega, M, shiny\n|-mega|p2a: Kiss ya neck|Gardevoir|Gardevoirite\n|move|p1a: stick|Flip Turn|p2a: Kiss ya neck\n|-damage|p2a: Kiss ya neck|70\/100\n|\n|t:|1700129662\n|switch|p1a: kciht|Camerupt, M|100\/100|[from] Flip Turn\n|move|p2a: Kiss ya neck|Psyshock|p1a: kciht\n|-damage|p1a: kciht|35\/100\n|\n|-weather|Snow|[upkeep]\n|upkeep\n|turn|7\n|\n|t:|1700129678\n|move|p2a: Kiss ya neck|Hyper Voice|p1a: kciht\n|-resisted|p1a: kciht\n|-damage|p1a: kciht|0 fnt\n|faint|p1a: kciht\n|\n|-weather|Snow|[upkeep]\n|upkeep\n|\n|t:|1700129694\n|switch|p1a: chick|Tapu Koko|4\/100\n|-fieldstart|move: Electric Terrain|[from] ability: Electric Surge|[of] p1a: chick\n|turn|8\n|\n|t:|1700129709\n|move|p1a: chick|Defog|p2a: Kiss ya neck\n|-unboost|p2a: Kiss ya neck|evasion|1\n|-sideend|p2: EdgarASP|move: Aurora Veil\n|-fieldend|move: Electric Terrain\n|move|p2a: Kiss ya neck|Psyshock|p1a: chick\n|-damage|p1a: chick|0 fnt\n|faint|p1a: chick\n|\n|-weather|Snow|[upkeep]\n|upkeep\n|\n|t:|1700129722\n|switch|p1a: thick|Clodsire, M|100\/100\n|turn|9\n|\n|t:|1700129731\n|-terastallize|p1a: thick|Steel\n|move|p2a: Kiss ya neck|Psyshock|p1a: thick\n|-resisted|p1a: thick\n|-damage|p1a: thick|75\/100\n|move|p1a: thick|Gunk Shot|p2a: Kiss ya neck|[miss]\n|-miss|p1a: thick|p2a: Kiss ya neck\n|\n|-weather|Snow|[upkeep]\n|-heal|p1a: thick|81\/100|[from] item: Leftovers\n|upkeep\n|turn|10\n|\n|t:|1700129753\n|switch|p2a: tiddy in my hand|Cinderace, F|100\/100\n|move|p1a: thick|Gunk Shot|p2a: tiddy in my hand\n|-damage|p2a: tiddy in my hand|38\/100\n|-status|p2a: tiddy in my hand|psn\n|-enditem|p2a: tiddy in my hand|Sitrus Berry|[eat]\n|-heal|p2a: tiddy in my hand|63\/100 psn|[from] item: Sitrus Berry\n|\n|-weather|none\n|-heal|p1a: thick|87\/100|[from] item: Leftovers\n|-damage|p2a: tiddy in my hand|51\/100 psn|[from] psn\n|upkeep\n|turn|11\n|\n|t:|1700129768\n|switch|p1a: stick|Barraskewda, F|69\/100\n|move|p2a: tiddy in my hand|Pyro Ball|p1a: stick\n|-resisted|p1a: stick\n|-crit|p1a: stick\n|-damage|p1a: stick|0 fnt\n|faint|p1a: stick\n|\n|-damage|p2a: tiddy in my hand|39\/100 psn|[from] psn\n|upkeep\n|\n|t:|1700129779\n|switch|p1a: mnkoe|Munkidori, M|100\/100\n|turn|12\n|\n|t:|1700129788\n|move|p1a: mnkoe|Fake Out|p2a: tiddy in my hand\n|-damage|p2a: tiddy in my hand|28\/100 psn\n|cant|p2a: tiddy in my hand|flinch\n|\n|-damage|p2a: tiddy in my hand|16\/100 psn|[from] psn\n|upkeep\n|turn|13\n|\n|t:|1700129797\n|move|p1a: mnkoe|Psychic|p2a: tiddy in my hand\n|-damage|p2a: tiddy in my hand|0 fnt\n|faint|p2a: tiddy in my hand\n|\n|upkeep\n|\n|t:|1700129825\n|switch|p2a: Hell yea|Typhlosion-Hisui, M|100\/100\n|-item|p1a: mnkoe|Psychium Z|[from] ability: Frisk|[of] p2a: Hell yea|[identify]\n|turn|14\n|\n|t:|1700129833\n|move|p1a: mnkoe|Parting Shot|p2a: Hell yea\n|-unboost|p2a: Hell yea|atk|1\n|-unboost|p2a: Hell yea|spa|1\n|\n|t:|1700129840\n|switch|p1a: Thicccccc|Lopunny, F|100\/100|[from] Parting Shot\n|-zpower|p2a: Hell yea\n|move|p2a: Hell yea|Never-Ending Nightmare|p1a: Thicccccc|[zeffect]\n|-immune|p1a: Thicccccc\n|\n|upkeep\n|turn|15\n|\n|t:|1700129857\n|detailschange|p1a: Thicccccc|Lopunny-Mega, F\n|-mega|p1a: Thicccccc|Lopunny|Lopunnite\n|move|p1a: Thicccccc|Fake Out|p2a: Hell yea\n|-damage|p2a: Hell yea|68\/100\n|cant|p2a: Hell yea|flinch\n|\n|upkeep\n|turn|16\n|\n|t:|1700129864\n|move|p1a: Thicccccc|Return|p2a: Hell yea\n|-damage|p2a: Hell yea|0 fnt\n|faint|p2a: Hell yea\n|\n|upkeep\n|\n|t:|1700129884\n|switch|p2a: Dickhard onda butt|Cobalion|100\/100\n|turn|17\n|\n|t:|1700129902\n|move|p1a: Thicccccc|Close Combat|p2a: Dickhard onda butt\n|-supereffective|p2a: Dickhard onda butt\n|-enditem|p2a: Dickhard onda butt|Chople Berry|[eat]\n|-enditem|p2a: Dickhard onda butt|Chople Berry|[weaken]\n|-damage|p2a: Dickhard onda butt|44\/100\n|-unboost|p1a: Thicccccc|def|1\n|-unboost|p1a: Thicccccc|spd|1\n|move|p2a: Dickhard onda butt|Close Combat|p1a: Thicccccc\n|-supereffective|p1a: Thicccccc\n|-damage|p1a: Thicccccc|0 fnt\n|-unboost|p2a: Dickhard onda butt|def|1\n|-unboost|p2a: Dickhard onda butt|spd|1\n|faint|p1a: Thicccccc\n|\n|upkeep\n|\n|t:|1700129914\n|switch|p1a: mnkoe|Munkidori, M|100\/100\n|turn|18\n|\n|t:|1700129930\n|move|p1a: mnkoe|Fake Out|p2a: Dickhard onda butt\n|-resisted|p2a: Dickhard onda butt\n|-crit|p2a: Dickhard onda butt\n|-damage|p2a: Dickhard onda butt|37\/100\n|cant|p2a: Dickhard onda butt|flinch\n|\n|upkeep\n|turn|19\n|\n|t:|1700129937\n|move|p2a: Dickhard onda butt|Zen Headbutt|p1a: mnkoe\n|-damage|p1a: mnkoe|61\/100\n|move|p1a: mnkoe|Psychic|p2a: Dickhard onda butt\n|-damage|p2a: Dickhard onda butt|0 fnt\n|faint|p2a: Dickhard onda butt\n|\n|upkeep\n|\n|t:|1700129970\n|switch|p2a: Kiss ya neck|Gardevoir-Mega, M, shiny|70\/100\n|turn|20\n|\n|t:|1700129983\n|switch|p1a: thick|Clodsire, M, tera:Steel|87\/100\n|move|p2a: Kiss ya neck|Psyshock|p1a: thick\n|-resisted|p1a: thick\n|-damage|p1a: thick|60\/100\n|\n|-heal|p1a: thick|66\/100|[from] item: Leftovers\n|upkeep\n|turn|21\n|\n|t:|1700129998\n|move|p2a: Kiss ya neck|Draining Kiss|p1a: thick\n|-resisted|p1a: thick\n|-damage|p1a: thick|55\/100\n|-heal|p2a: Kiss ya neck|84\/100|[from] drain|[of] p1a: thick\n|move|p1a: thick|Gunk Shot|p2a: Kiss ya neck|[miss]\n|-miss|p1a: thick|p2a: Kiss ya neck\n|\n|-heal|p1a: thick|62\/100|[from] item: Leftovers\n|upkeep\n|turn|22\n|\n|t:|1700130009\n|move|p2a: Kiss ya neck|Psyshock|p1a: thick\n|-resisted|p1a: thick\n|-damage|p1a: thick|36\/100\n|move|p1a: thick|Gunk Shot|p2a: Kiss ya neck|[miss]\n|-miss|p1a: thick|p2a: Kiss ya neck\n|\n|-heal|p1a: thick|42\/100|[from] item: Leftovers\n|upkeep\n|turn|23\n|\n|t:|1700130017\n|move|p2a: Kiss ya neck|Psyshock|p1a: thick\n|-resisted|p1a: thick\n|-damage|p1a: thick|14\/100\n|move|p1a: thick|Recover|p1a: thick\n|-heal|p1a: thick|64\/100\n|\n|-heal|p1a: thick|70\/100|[from] item: Leftovers\n|upkeep\n|turn|24\n|\n|t:|1700130024\n|move|p2a: Kiss ya neck|Psyshock|p1a: thick\n|-resisted|p1a: thick\n|-damage|p1a: thick|43\/100\n|move|p1a: thick|Gunk Shot|p2a: Kiss ya neck\n|-supereffective|p2a: Kiss ya neck\n|-damage|p2a: Kiss ya neck|0 fnt\n|faint|p2a: Kiss ya neck\n|\n|-heal|p1a: thick|49\/100|[from] item: Leftovers\n|upkeep\n|\n|t:|1700130033\n|switch|p2a: HOW TO SPOON|Empoleon, F, tera:Ground|62\/100\n|turn|25\n|\n|t:|1700130049\n|move|p2a: HOW TO SPOON|Steel Beam|p1a: thick\n|-resisted|p1a: thick\n|-damage|p1a: thick|24\/100\n|-damage|p2a: HOW TO SPOON|12\/100|[from] steelbeam\n|move|p1a: thick|Recover|p1a: thick\n|-heal|p1a: thick|74\/100\n|\n|-heal|p2a: HOW TO SPOON|18\/100|[from] item: Leftovers\n|-heal|p1a: thick|81\/100|[from] item: Leftovers\n|upkeep\n|turn|26\n|\n|t:|1700130062\n|move|p2a: HOW TO SPOON|Flip Turn|p1a: thick\n|-damage|p1a: thick|62\/100\n|move|p1a: thick|Earthquake|p2a: HOW TO SPOON\n|-damage|p2a: HOW TO SPOON|0 fnt\n|faint|p2a: HOW TO SPOON\n|\n|win|SkywardSD\n|l|\u2606SkywardSD\n","uploadtime":1700130075,"views":8,"p1id":"skywardsd","p2id":"edgarasp","formatid":"gen9nationaldex","rating":0,"private":0,"password":""}