{"id":"gen9nationaldex-1991643305","p1":"Kayzn \u262f","p2":"mlgpokeballer","format":"[Gen 9] National Dex","log":"|j|\u2606Kayzn \u262f\n|j|\u2606mlgpokeballer\n|inactive|Battle timer is ON: inactive players will automatically lose when time's up.\n|t:|1700097661\n|gametype|singles\n|player|p1|Kayzn \u262f|ash-kalos|\n|player|p2|mlgpokeballer|crasherwake|\n|teamsize|p1|6\n|teamsize|p2|6\n|gen|9\n|tier|[Gen 9] National Dex\n|rated|Tournament battle\n|rule|HP Percentage Mod: HP is shown in percentages\n|rule|Endless Battle Clause: Forcing endless battles is banned\n|rule|OHKO Clause: OHKO moves are banned\n|rule|Evasion Clause: Evasion abilities, items, and moves are banned\n|rule|Evasion Abilities Clause: Evasion abilities are banned\n|rule|Evasion Items Clause: Evasion items are banned\n|rule|Evasion Moves Clause: Evasion moves are banned\n|rule|Species Clause: Limit one of each Pok\u00e9mon\n|rule|Sleep Clause Mod: Limit one foe put to sleep\n|clearpoke\n|poke|p1|Great Tusk|\n|poke|p1|Urshifu-*, M|\n|poke|p1|Garganacl, M|\n|poke|p1|Rillaboom, M|\n|poke|p1|Charizard, F|\n|poke|p1|Hatterene, F|\n|poke|p2|Urshifu-*, F|\n|poke|p2|Diancie|\n|poke|p2|Ogerpon-Wellspring, F|\n|poke|p2|Great Tusk|\n|poke|p2|Zapdos|\n|poke|p2|Iron Valiant|\n|teampreview\n|inactive|Kayzn \u262f also wants the timer to be on.\n|c|\u2606mlgpokeballer|glhf\n|c|\u2606Kayzn \u262f|u2\n|j| goopypiggys\n|\n|t:|1700097688\n|start\n|switch|p1a: Rillaboom|Rillaboom, M|100\/100\n|switch|p2a: Diancie|Diancie|100\/100\n|-fieldstart|move: Grassy Terrain|[from] ability: Grassy Surge|[of] p1a: Rillaboom\n|turn|1\n|\n|t:|1700097713\n|switch|p2a: Zapdos|Zapdos, shiny|100\/100\n|move|p1a: Rillaboom|Knock Off|p2a: Zapdos\n|-damage|p2a: Zapdos|62\/100\n|-enditem|p2a: Zapdos|Heavy-Duty Boots|[from] move: Knock Off|[of] p1a: Rillaboom\n|\n|upkeep\n|turn|2\n|\n|t:|1700097722\n|switch|p1a: Hatterene|Hatterene, F|100\/100\n|move|p2a: Zapdos|Roost|p2a: Zapdos\n|-heal|p2a: Zapdos|100\/100\n|-singleturn|p2a: Zapdos|move: Roost\n|\n|upkeep\n|turn|3\n|\n|t:|1700097728\n|move|p2a: Zapdos|Discharge|p1a: Hatterene\n|-damage|p1a: Hatterene|65\/100\n|-enditem|p1a: Hatterene|Eject Button\n|\n|t:|1700097731\n|switch|p1a: Charizard|Charizard, F|100\/100\n|\n|upkeep\n|turn|4\n|\n|t:|1700097751\n|switch|p2a: Great Tusk|Great Tusk, shiny|100\/100\n|detailschange|p1a: Charizard|Charizard-Mega-Y, F\n|-mega|p1a: Charizard|Charizard|Charizardite Y\n|-weather|SunnyDay|[from] ability: Drought|[of] p1a: Charizard\n|-activate|p2a: Great Tusk|ability: Protosynthesis\n|-start|p2a: Great Tusk|protosynthesisdef\n|move|p1a: Charizard|Weather Ball|p2a: Great Tusk\n|-damage|p2a: Great Tusk|0 fnt\n|faint|p2a: Great Tusk\n|-end|p2a: Great Tusk|Protosynthesis|[silent]\n|\n|-weather|SunnyDay|[upkeep]\n|upkeep\n|\n|t:|1700097753\n|switch|p2a: Diancie|Diancie|100\/100\n|turn|5\n|\n|t:|1700097756\n|switch|p1a: Hatterene|Hatterene, F|65\/100\n|detailschange|p2a: Diancie|Diancie-Mega\n|-mega|p2a: Diancie|Diancie|Diancite\n|move|p2a: Diancie|Diamond Storm|p1a: Hatterene\n|-damage|p1a: Hatterene|19\/100\n|-boost|p2a: Diancie|def|2\n|\n|-weather|SunnyDay|[upkeep]\n|-heal|p1a: Hatterene|25\/100|[from] Grassy Terrain\n|-fieldend|move: Grassy Terrain\n|upkeep\n|turn|6\n|\n|t:|1700097762\n|switch|p1a: Rillaboom|Rillaboom, M|100\/100\n|-fieldstart|move: Grassy Terrain|[from] ability: Grassy Surge|[of] p1a: Rillaboom\n|move|p2a: Diancie|Moonblast|p1a: Rillaboom\n|-damage|p1a: Rillaboom|23\/100\n|-unboost|p1a: Rillaboom|spa|1\n|\n|-weather|SunnyDay|[upkeep]\n|-heal|p1a: Rillaboom|29\/100|[from] Grassy Terrain\n|upkeep\n|turn|7\n|\n|t:|1700097767\n|move|p1a: Rillaboom|Grassy Glide|p2a: Diancie\n|-supereffective|p2a: Diancie\n|-damage|p2a: Diancie|10\/100\n|move|p2a: Diancie|Mystical Fire|p1a: Rillaboom\n|-supereffective|p1a: Rillaboom\n|-damage|p1a: Rillaboom|0 fnt\n|faint|p1a: Rillaboom\n|\n|-weather|SunnyDay|[upkeep]\n|-heal|p2a: Diancie|16\/100|[from] Grassy Terrain\n|upkeep\n|\n|t:|1700097778\n|switch|p1a: Garganacl|Garganacl, M|100\/100\n|turn|8\n|j| OuterDreams\n|\n|t:|1700097797\n|move|p2a: Diancie|Moonblast|p1a: Garganacl\n|-damage|p1a: Garganacl|60\/100\n|-unboost|p1a: Garganacl|spa|1\n|move|p1a: Garganacl|Salt Cure|p2a: Diancie\n|-damage|p2a: Diancie|5\/100\n|-start|p2a: Diancie|Salt Cure\n|\n|-weather|none\n|-heal|p2a: Diancie|11\/100|[from] Grassy Terrain\n|-heal|p1a: Garganacl|67\/100|[from] Grassy Terrain\n|-heal|p1a: Garganacl|73\/100|[from] item: Leftovers\n|-damage|p2a: Diancie|0 fnt|[from] Salt Cure\n|faint|p2a: Diancie\n|upkeep\n|\n|t:|1700097801\n|switch|p2a: Ogerpon|Ogerpon-Wellspring, F|100\/100\n|turn|9\n|\n|t:|1700097805\n|-terastallize|p1a: Garganacl|Dragon\n|move|p2a: Ogerpon|Ivy Cudgel|p1a: Garganacl|[anim] Ivy Cudgel Water\n|-resisted|p1a: Garganacl\n|-damage|p1a: Garganacl|53\/100\n|move|p1a: Garganacl|Salt Cure|p2a: Ogerpon\n|-damage|p2a: Ogerpon|82\/100\n|-start|p2a: Ogerpon|Salt Cure\n|\n|-heal|p2a: Ogerpon|88\/100|[from] Grassy Terrain\n|-heal|p1a: Garganacl|60\/100|[from] Grassy Terrain\n|-heal|p1a: Garganacl|66\/100|[from] item: Leftovers\n|-damage|p2a: Ogerpon|63\/100|[from] Salt Cure\n|upkeep\n|turn|10\n|\n|t:|1700097809\n|switch|p2a: Iron Valiant|Iron Valiant, shiny|100\/100\n|move|p1a: Garganacl|Recover|p1a: Garganacl\n|-heal|p1a: Garganacl|100\/100\n|\n|-fieldend|move: Grassy Terrain\n|upkeep\n|turn|11\n|\n|t:|1700097819\n|switch|p1a: Hatterene|Hatterene, F|25\/100\n|move|p2a: Iron Valiant|Moonblast|p1a: Hatterene\n|-damage|p1a: Hatterene|0 fnt\n|faint|p1a: Hatterene\n|\n|upkeep\n|\n|t:|1700097821\n|switch|p1a: Charizard|Charizard-Mega-Y, F|100\/100\n|-weather|SunnyDay|[from] ability: Drought|[of] p1a: Charizard\n|turn|12\n|\n|t:|1700097829\n|-end|p2a: Iron Valiant|Quark Drive|[silent]\n|switch|p2a: Zapdos|Zapdos, shiny|100\/100\n|move|p1a: Charizard|Weather Ball|p2a: Zapdos\n|-damage|p2a: Zapdos|17\/100\n|\n|-weather|SunnyDay|[upkeep]\n|upkeep\n|turn|13\n|\n|t:|1700097831\n|move|p1a: Charizard|Weather Ball|p2a: Zapdos\n|-damage|p2a: Zapdos|0 fnt\n|faint|p2a: Zapdos\n|\n|-weather|SunnyDay|[upkeep]\n|upkeep\n|\n|t:|1700097833\n|switch|p2a: Ogerpon|Ogerpon-Wellspring, F|63\/100\n|turn|14\n|\n|t:|1700097840\n|switch|p1a: Garganacl|Garganacl, M, tera:Dragon|100\/100\n|-terastallize|p2a: Ogerpon|Water\n|detailschange|p2a: Ogerpon|Ogerpon-Wellspring-Tera, F, tera:Water\n|-ability|p2a: Ogerpon|Embody Aspect (Wellspring)|boost\n|-boost|p2a: Ogerpon|spd|1\n|move|p2a: Ogerpon|Knock Off|p1a: Garganacl\n|-damage|p1a: Garganacl|75\/100\n|-enditem|p1a: Garganacl|Leftovers|[from] move: Knock Off|[of] p2a: Ogerpon\n|\n|-weather|SunnyDay|[upkeep]\n|upkeep\n|turn|15\n|\n|t:|1700097842\n|switch|p2a: Iron Valiant|Iron Valiant, shiny|100\/100\n|move|p1a: Garganacl|Salt Cure|p2a: Iron Valiant\n|-resisted|p2a: Iron Valiant\n|-damage|p2a: Iron Valiant|91\/100\n|-start|p2a: Iron Valiant|Salt Cure\n|\n|-weather|SunnyDay|[upkeep]\n|-damage|p2a: Iron Valiant|79\/100|[from] Salt Cure\n|upkeep\n|turn|16\n|\n|t:|1700097856\n|switch|p1a: Charizard|Charizard-Mega-Y, F|100\/100\n|move|p2a: Iron Valiant|Moonblast|p1a: Charizard\n|-resisted|p1a: Charizard\n|-damage|p1a: Charizard|63\/100\n|-unboost|p1a: Charizard|spa|1\n|\n|-weather|none\n|-damage|p2a: Iron Valiant|66\/100|[from] Salt Cure\n|upkeep\n|turn|17\n|\n|t:|1700097859\n|-end|p2a: Iron Valiant|Quark Drive|[silent]\n|switch|p2a: Ogerpon|Ogerpon-Wellspring-Tera, F, tera:Water|63\/100\n|-ability|p2a: Ogerpon|Embody Aspect (Wellspring)|boost\n|-boost|p2a: Ogerpon|spd|1\n|move|p1a: Charizard|Air Slash|p2a: Ogerpon\n|-damage|p2a: Ogerpon|40\/100\n|\n|upkeep\n|turn|18\n|\n|t:|1700097862\n|switch|p2a: Iron Valiant|Iron Valiant, shiny|66\/100\n|switch|p1a: Garganacl|Garganacl, M, tera:Dragon|75\/100\n|\n|upkeep\n|turn|19\n|\n|t:|1700097871\n|switch|p1a: Urshifu|Urshifu, M|100\/100\n|move|p2a: Iron Valiant|Moonblast|p1a: Urshifu\n|-supereffective|p1a: Urshifu\n|-damage|p1a: Urshifu|0 fnt\n|faint|p1a: Urshifu\n|\n|upkeep\n|\n|t:|1700097872\n|switch|p1a: Charizard|Charizard-Mega-Y, F|63\/100\n|-weather|SunnyDay|[from] ability: Drought|[of] p1a: Charizard\n|turn|20\n|\n|t:|1700097877\n|-end|p2a: Iron Valiant|Quark Drive|[silent]\n|switch|p2a: Ogerpon|Ogerpon-Wellspring-Tera, F, tera:Water|40\/100\n|-ability|p2a: Ogerpon|Embody Aspect (Wellspring)|boost\n|-boost|p2a: Ogerpon|spd|1\n|move|p1a: Charizard|Air Slash|p2a: Ogerpon\n|-crit|p2a: Ogerpon\n|-damage|p2a: Ogerpon|0 fnt\n|faint|p2a: Ogerpon\n|\n|-weather|SunnyDay|[upkeep]\n|upkeep\n|\n|t:|1700097880\n|switch|p2a: Iron Valiant|Iron Valiant, shiny|66\/100\n|turn|21\n|inactive|mlgpokeballer has 120 seconds left.\n|\n|t:|1700097912\n|switch|p1a: Garganacl|Garganacl, M, tera:Dragon|75\/100\n|move|p2a: Iron Valiant|Psyshock|p1a: Garganacl\n|-damage|p1a: Garganacl|48\/100\n|\n|-weather|SunnyDay|[upkeep]\n|upkeep\n|turn|22\n|\n|t:|1700097916\n|-end|p2a: Iron Valiant|Quark Drive|[silent]\n|switch|p2a: Urshifu|Urshifu, F|100\/100\n|move|p1a: Garganacl|Salt Cure|p2a: Urshifu\n|-resisted|p2a: Urshifu\n|-damage|p2a: Urshifu|94\/100\n|-start|p2a: Urshifu|Salt Cure\n|\n|-weather|SunnyDay|[upkeep]\n|-damage|p2a: Urshifu|82\/100|[from] Salt Cure\n|upkeep\n|turn|23\n|\n|t:|1700097918\n|switch|p1a: Great Tusk|Great Tusk|100\/100\n|-activate|p1a: Great Tusk|ability: Protosynthesis\n|-start|p1a: Great Tusk|protosynthesisdef\n|move|p2a: Urshifu|Trailblaze|p1a: Great Tusk\n|-supereffective|p1a: Great Tusk\n|-damage|p1a: Great Tusk|89\/100\n|-boost|p2a: Urshifu|spe|1\n|\n|-weather|SunnyDay|[upkeep]\n|-heal|p1a: Great Tusk|95\/100|[from] item: Leftovers\n|-damage|p2a: Urshifu|69\/100|[from] Salt Cure\n|upkeep\n|turn|24\n|\n|t:|1700097933\n|move|p2a: Urshifu|Close Combat|p1a: Great Tusk\n|-damage|p1a: Great Tusk|71\/100\n|-unboost|p2a: Urshifu|def|1\n|-unboost|p2a: Urshifu|spd|1\n|move|p1a: Great Tusk|Earthquake|p2a: Urshifu\n|-damage|p2a: Urshifu|10\/100\n|\n|-weather|none\n|-end|p1a: Great Tusk|Protosynthesis\n|-heal|p1a: Great Tusk|77\/100|[from] item: Leftovers\n|-damage|p2a: Urshifu|0 fnt|[from] Salt Cure\n|faint|p2a: Urshifu\n|upkeep\n|\n|t:|1700097934\n|switch|p2a: Iron Valiant|Iron Valiant, shiny|66\/100\n|turn|25\n|\n|t:|1700097939\n|move|p2a: Iron Valiant|Moonblast|p1a: Great Tusk\n|-supereffective|p1a: Great Tusk\n|-damage|p1a: Great Tusk|0 fnt\n|faint|p1a: Great Tusk\n|-end|p1a: Great Tusk|Protosynthesis|[silent]\n|\n|upkeep\n|\n|t:|1700097941\n|switch|p1a: Charizard|Charizard-Mega-Y, F|63\/100\n|-weather|SunnyDay|[from] ability: Drought|[of] p1a: Charizard\n|turn|26\n|\n|t:|1700097954\n|move|p2a: Iron Valiant|Moonblast|p1a: Charizard\n|-resisted|p1a: Charizard\n|-damage|p1a: Charizard|26\/100\n|-unboost|p1a: Charizard|spa|1\n|move|p1a: Charizard|Weather Ball|p2a: Iron Valiant\n|-damage|p2a: Iron Valiant|0 fnt\n|faint|p2a: Iron Valiant\n|-end|p2a: Iron Valiant|Quark Drive|[silent]\n|\n|win|Kayzn \u262f\n|n|\u2606Kayzn \u262f|kayzn\n|n|\u2606mlgpokeballer|mlgpokeballer\n|n| goopypiggys|goopypiggys\n|n| OuterDreams|outerdreams\n","uploadtime":1700097955,"views":4,"p1id":"kayzn","p2id":"mlgpokeballer","formatid":"gen9nationaldex","rating":0,"private":0,"password":""}