{"id":"gen9nationaldex-1987496544","p1":"Siddharth42c","p2":"DeathRayKPK","format":"[Gen 9] National Dex","log":"|j|\u2606Siddharth42c\n|j|\u2606DeathRayKPK\n|t:|1699601578\n|gametype|singles\n|player|p1|Siddharth42c|red-gen1main|1388\n|player|p2|DeathRayKPK|1|1340\n|teamsize|p1|6\n|teamsize|p2|6\n|gen|9\n|tier|[Gen 9] National Dex\n|rated|\n|rule|HP Percentage Mod: HP is shown in percentages\n|rule|Endless Battle Clause: Forcing endless battles is banned\n|rule|OHKO Clause: OHKO moves are banned\n|rule|Evasion Clause: Evasion abilities, items, and moves are banned\n|rule|Evasion Abilities Clause: Evasion abilities are banned\n|rule|Evasion Items Clause: Evasion items are banned\n|rule|Evasion Moves Clause: Evasion moves are banned\n|rule|Species Clause: Limit one of each Pok\u00e9mon\n|rule|Sleep Clause Mod: Limit one foe put to sleep\n|clearpoke\n|poke|p1|Heatran, F|\n|poke|p1|Rotom-Wash|\n|poke|p1|Weavile, F|\n|poke|p1|Latias, F|\n|poke|p1|Landorus-Therian, M|\n|poke|p1|Iron Valiant|\n|poke|p2|Alakazam, F|\n|poke|p2|Scizor, M|\n|poke|p2|Chansey, F|\n|poke|p2|Landorus-Therian, M|\n|poke|p2|Rotom-Wash|\n|poke|p2|Tapu Koko|\n|teampreview\n|inactive|Battle timer is ON: inactive players will automatically lose when time's up. (requested by Siddharth42c)\n|\n|t:|1699601587\n|start\n|switch|p1a: Landorus|Landorus-Therian, M|100\/100\n|switch|p2a: Tapu Koko|Tapu Koko|100\/100\n|-fieldstart|move: Electric Terrain|[from] ability: Electric Surge|[of] p2a: Tapu Koko\n|-ability|p1a: Landorus|Intimidate|boost\n|-unboost|p2a: Tapu Koko|atk|1\n|turn|1\n|\n|t:|1699601599\n|move|p2a: Tapu Koko|Hidden Power|p1a: Landorus\n|-supereffective|p1a: Landorus\n|-damage|p1a: Landorus|0 fnt\n|faint|p1a: Landorus\n|\n|upkeep\n|\n|t:|1699601620\n|switch|p1a: Iron Valiant|Iron Valiant|100\/100\n|-activate|p1a: Iron Valiant|ability: Quark Drive\n|-start|p1a: Iron Valiant|quarkdrivespe\n|turn|2\n|\n|t:|1699601632\n|switch|p2a: Scizor|Scizor, M|100\/100\n|move|p1a: Iron Valiant|Moonblast|p2a: Scizor\n|-resisted|p2a: Scizor\n|-damage|p2a: Scizor|79\/100\n|-unboost|p2a: Scizor|spa|1\n|\n|upkeep\n|turn|3\n|\n|t:|1699601649\n|-end|p1a: Iron Valiant|Quark Drive|[silent]\n|switch|p1a: Heatran|Heatran, F|100\/100\n|move|p2a: Scizor|Swords Dance|p2a: Scizor\n|-boost|p2a: Scizor|atk|2\n|\n|upkeep\n|turn|4\n|\n|t:|1699601666\n|-terastallize|p2a: Scizor|Water\n|move|p1a: Heatran|Magma Storm|p2a: Scizor\n|-resisted|p2a: Scizor\n|-crit|p2a: Scizor\n|-damage|p2a: Scizor|44\/100\n|-activate|p2a: Scizor|move: Magma Storm|[of] p1a: Heatran\n|move|p2a: Scizor|Knock Off|p1a: Heatran\n|-damage|p1a: Heatran|52\/100\n|-enditem|p1a: Heatran|Leftovers|[from] move: Knock Off|[of] p2a: Scizor\n|\n|-damage|p2a: Scizor|32\/100|[from] move: Magma Storm|[partiallytrapped]\n|upkeep\n|turn|5\n|\n|t:|1699601679\n|move|p1a: Heatran|Toxic|p2a: Scizor\n|-status|p2a: Scizor|tox\n|move|p2a: Scizor|Roost|p2a: Scizor\n|-heal|p2a: Scizor|82\/100 tox\n|\n|-damage|p2a: Scizor|76\/100 tox|[from] psn\n|-damage|p2a: Scizor|63\/100 tox|[from] move: Magma Storm|[partiallytrapped]\n|-fieldend|move: Electric Terrain\n|upkeep\n|turn|6\n|\n|t:|1699601688\n|move|p2a: Scizor|Bullet Punch|p1a: Heatran\n|-resisted|p1a: Heatran\n|-crit|p1a: Heatran\n|-damage|p1a: Heatran|36\/100\n|move|p1a: Heatran|Taunt|p2a: Scizor\n|-start|p2a: Scizor|move: Taunt\n|\n|-damage|p2a: Scizor|51\/100 tox|[from] psn\n|-damage|p2a: Scizor|39\/100 tox|[from] move: Magma Storm|[partiallytrapped]\n|upkeep\n|turn|7\n|\n|t:|1699601702\n|move|p2a: Scizor|Bullet Punch|p1a: Heatran\n|-resisted|p1a: Heatran\n|-damage|p1a: Heatran|26\/100\n|move|p1a: Heatran|Magma Storm|p2a: Scizor\n|-resisted|p2a: Scizor\n|-damage|p2a: Scizor|15\/100 tox\n|\n|-damage|p2a: Scizor|0 fnt|[from] psn\n|faint|p2a: Scizor\n|upkeep\n|\n|t:|1699601720\n|switch|p2a: Tapu Koko|Tapu Koko|100\/100\n|-fieldstart|move: Electric Terrain|[from] ability: Electric Surge|[of] p2a: Tapu Koko\n|turn|8\n|\n|t:|1699601731\n|move|p2a: Tapu Koko|Volt Switch|p1a: Heatran\n|-damage|p1a: Heatran|0 fnt\n|faint|p1a: Heatran\n|\n|t:|1699601736\n|switch|p2a: Alakazam|Alakazam, F|100\/100|[from] Volt Switch\n|\n|upkeep\n|\n|t:|1699601744\n|switch|p1a: Weavile|Weavile, F|100\/100\n|turn|9\n|\n|t:|1699601759\n|switch|p2a: Rotom|Rotom-Wash|100\/100\n|move|p1a: Weavile|Knock Off|p2a: Rotom\n|-damage|p2a: Rotom|0 fnt\n|-enditem|p2a: Rotom|Leftovers|[from] move: Knock Off|[of] p1a: Weavile\n|faint|p2a: Rotom\n|\n|upkeep\n|\n|t:|1699601774\n|switch|p2a: Tapu Koko|Tapu Koko|100\/100\n|turn|10\n|inactive|Siddharth42c has 120 seconds left.\n|\n|t:|1699601816\n|switch|p1a: Latias|Latias, F|100\/100\n|move|p2a: Tapu Koko|Dazzling Gleam|p1a: Latias\n|-supereffective|p1a: Latias\n|-damage|p1a: Latias|28\/100\n|\n|upkeep\n|turn|11\n|\n|t:|1699601822\n|detailschange|p1a: Latias|Latias-Mega, F\n|-mega|p1a: Latias|Latias|Latiasite\n|move|p2a: Tapu Koko|Dazzling Gleam|p1a: Latias\n|-supereffective|p1a: Latias\n|-damage|p1a: Latias|0 fnt\n|faint|p1a: Latias\n|\n|upkeep\n|\n|t:|1699601827\n|switch|p1a: Iron Valiant|Iron Valiant|100\/100\n|-activate|p1a: Iron Valiant|ability: Quark Drive\n|-start|p1a: Iron Valiant|quarkdrivespe\n|turn|12\n|\n|t:|1699601831\n|move|p1a: Iron Valiant|Moonblast|p2a: Tapu Koko\n|-damage|p2a: Tapu Koko|44\/100\n|-unboost|p2a: Tapu Koko|spa|1\n|move|p2a: Tapu Koko|Dazzling Gleam|p1a: Iron Valiant\n|-supereffective|p1a: Iron Valiant\n|-damage|p1a: Iron Valiant|0 fnt\n|faint|p1a: Iron Valiant\n|-end|p1a: Iron Valiant|Quark Drive|[silent]\n|\n|-fieldend|move: Electric Terrain\n|upkeep\n|\n|t:|1699601844\n|switch|p1a: Weavile|Weavile, F|100\/100\n|turn|13\n|\n|t:|1699601851\n|switch|p2a: Landorus|Landorus-Therian, M|100\/100\n|-ability|p2a: Landorus|Intimidate|boost\n|-unboost|p1a: Weavile|atk|1\n|move|p1a: Weavile|Triple Axel|p2a: Landorus\n|-supereffective|p2a: Landorus\n|-damage|p2a: Landorus|60\/100\n|-supereffective|p2a: Landorus\n|-damage|p2a: Landorus|0 fnt\n|faint|p2a: Landorus\n|-hitcount|p2: Landorus|2\n|\n|upkeep\n|\n|t:|1699601864\n|switch|p2a: Tapu Koko|Tapu Koko|44\/100\n|-fieldstart|move: Electric Terrain|[from] ability: Electric Surge|[of] p2a: Tapu Koko\n|turn|14\n|\n|t:|1699601886\n|switch|p1a: Rotom|Rotom-Wash|100\/100\n|move|p2a: Tapu Koko|Dazzling Gleam|p1a: Rotom\n|-damage|p1a: Rotom|33\/100\n|\n|upkeep\n|turn|15\n|\n|t:|1699601894\n|move|p1a: Rotom|Volt Switch|p2a: Tapu Koko\n|-resisted|p2a: Tapu Koko\n|-damage|p2a: Tapu Koko|18\/100\n|\n|t:|1699601898\n|switch|p1a: Weavile|Weavile, F|100\/100|[from] Volt Switch\n|move|p2a: Tapu Koko|Dazzling Gleam|p1a: Weavile\n|-supereffective|p1a: Weavile\n|-damage|p1a: Weavile|0 fnt\n|faint|p1a: Weavile\n|\n|upkeep\n|\n|t:|1699601900\n|switch|p1a: Rotom|Rotom-Wash|33\/100\n|turn|16\n|-message|Siddharth42c forfeited.\n|\n|win|DeathRayKPK\n|raw|Siddharth42c's rating: 1388 &rarr; <strong>1365<\/strong><br \/>(-23 for losing)\n|raw|DeathRayKPK's rating: 1340 &rarr; <strong>1363<\/strong><br \/>(+23 for winning)\n|l|\u2606Siddharth42c\n","uploadtime":1699602041,"views":15,"p1id":"siddharth42c","p2id":"deathraykpk","formatid":"gen9nationaldex","rating":1363,"private":0,"password":""}