{"id":"gen9nationaldex-1995575960","p1":"kazamishinya","p2":"JoeyBiden3","format":"[Gen 9] National Dex","log":"|html|<div class=\"broadcast-blue\"><strong>[Gen 9] National Dex is currently suspecting Sneasler! For information on how to participate check out the <a href=\"https:\/\/www.smogon.com\/forums\/threads\/sv-national-dex-suspect-8-just-dance.3731534\/\">suspect thread<\/a>.<\/strong><\/div>\n|j|\u2606kazamishinya\n|j|\u2606JoeyBiden3\n|t:|1700584287\n|gametype|singles\n|player|p1|kazamishinya|clerkf|1492\n|player|p2|JoeyBiden3|carmine-festival|1400\n|teamsize|p1|6\n|teamsize|p2|6\n|gen|9\n|tier|[Gen 9] National Dex\n|rated|\n|rule|HP Percentage Mod: HP is shown in percentages\n|rule|Endless Battle Clause: Forcing endless battles is banned\n|rule|OHKO Clause: OHKO moves are banned\n|rule|Evasion Clause: Evasion abilities, items, and moves are banned\n|rule|Evasion Abilities Clause: Evasion abilities are banned\n|rule|Evasion Items Clause: Evasion items are banned\n|rule|Evasion Moves Clause: Evasion moves are banned\n|rule|Species Clause: Limit one of each Pok\u00e9mon\n|rule|Sleep Clause Mod: Limit one foe put to sleep\n|clearpoke\n|poke|p1|Absol, F|\n|poke|p1|Corviknight, M|\n|poke|p1|Heatran, F|\n|poke|p1|Aegislash, F|\n|poke|p1|Garchomp, F|\n|poke|p1|Latios, M|\n|poke|p2|Toxapex, F|\n|poke|p2|Tornadus-Therian, M|\n|poke|p2|Slowking-Galar, F|\n|poke|p2|Tapu Koko|\n|poke|p2|Lopunny, M|\n|poke|p2|Garchomp, M|\n|teampreview\n|inactive|Battle timer is ON: inactive players will automatically lose when time's up. (requested by JoeyBiden3)\n|inactive|kazamishinya also wants the timer to be on.\n|\n|t:|1700584302\n|start\n|switch|p1a: Heatran|Heatran, F|100\/100\n|switch|p2a: Tapu Koko|Tapu Koko|100\/100\n|-fieldstart|move: Electric Terrain|[from] ability: Electric Surge|[of] p2a: Tapu Koko\n|-item|p1a: Heatran|Air Balloon\n|turn|1\n|\n|t:|1700584311\n|move|p2a: Tapu Koko|Volt Switch|p1a: Heatran\n|-damage|p1a: Heatran|55\/100\n|-enditem|p1a: Heatran|Air Balloon\n|\n|t:|1700584315\n|switch|p2a: Slowking|Slowking-Galar, F|100\/100|[from] Volt Switch\n|move|p1a: Heatran|Earth Power|p2a: Slowking\n|-supereffective|p2a: Slowking\n|-crit|p2a: Slowking\n|-damage|p2a: Slowking|50\/100\n|\n|upkeep\n|turn|2\n|\n|t:|1700584330\n|move|p1a: Heatran|Magma Storm|p2a: Slowking\n|-damage|p2a: Slowking|21\/100\n|-activate|p2a: Slowking|move: Magma Storm|[of] p1a: Heatran\n|move|p2a: Slowking|Chilly Reception|p2a: Slowking\n|-weather|Snow\n|\n|t:|1700584335\n|switch|p2a: Lopunny|Lopunny, M|100\/100|[from] Chilly Reception\n|\n|-weather|Snow|[upkeep]\n|upkeep\n|turn|3\n|\n|t:|1700584343\n|switch|p2a: Tapu Koko|Tapu Koko|100\/100\n|switch|p1a: Corviknight|Corviknight, M|100\/100\n|\n|-weather|Snow|[upkeep]\n|upkeep\n|turn|4\n|\n|t:|1700584349\n|switch|p1a: Aegislash|Aegislash, F|100\/100\n|move|p2a: Tapu Koko|Hidden Power|p1a: Aegislash\n|-resisted|p1a: Aegislash\n|-damage|p1a: Aegislash|90\/100\n|\n|-weather|Snow|[upkeep]\n|upkeep\n|turn|5\n|\n|t:|1700584357\n|switch|p2a: Toxapex|Toxapex, F|100\/100\n|-formechange|p1a: Aegislash|Aegislash-Blade||[from] ability: Stance Change\n|move|p1a: Aegislash|Gyro Ball|p2a: Toxapex\n|-resisted|p2a: Toxapex\n|-damage|p2a: Toxapex|95\/100\n|-damage|p1a: Aegislash|80\/100|[from] item: Life Orb\n|\n|-weather|Snow|[upkeep]\n|-fieldend|move: Electric Terrain\n|upkeep\n|turn|6\n|\n|t:|1700584368\n|move|p1a: Aegislash|Shadow Claw|p2a: Toxapex\n|-damage|p2a: Toxapex|63\/100\n|-damage|p1a: Aegislash|71\/100|[from] item: Life Orb\n|move|p2a: Toxapex|Scald|p1a: Aegislash\n|-damage|p1a: Aegislash|39\/100\n|\n|-weather|none\n|upkeep\n|turn|7\n|\n|t:|1700584380\n|switch|p1a: Latios|Latios, M|100\/100\n|move|p2a: Toxapex|Scald|p1a: Latios\n|-resisted|p1a: Latios\n|-damage|p1a: Latios|91\/100\n|\n|upkeep\n|turn|8\n|\n|t:|1700584387\n|switch|p2a: Slowking|Slowking-Galar, F|54\/100\n|move|p1a: Latios|Calm Mind|p1a: Latios\n|-boost|p1a: Latios|spa|1\n|-boost|p1a: Latios|spd|1\n|\n|upkeep\n|turn|9\n|\n|t:|1700584392\n|move|p1a: Latios|Psychic|p2a: Slowking\n|-damage|p2a: Slowking|2\/100\n|move|p2a: Slowking|Thunder Wave|p1a: Latios\n|-status|p1a: Latios|par\n|\n|upkeep\n|turn|10\n|\n|t:|1700584403\n|move|p1a: Latios|Psychic|p2a: Slowking\n|-damage|p2a: Slowking|0 fnt\n|faint|p2a: Slowking\n|\n|upkeep\n|\n|t:|1700584404\n|switch|p2a: Lopunny|Lopunny, M|100\/100\n|turn|11\n|\n|t:|1700584411\n|detailschange|p2a: Lopunny|Lopunny-Mega, M\n|-mega|p2a: Lopunny|Lopunny|Lopunnite\n|move|p2a: Lopunny|Fake Out|p1a: Latios\n|-damage|p1a: Latios|59\/100 par\n|cant|p1a: Latios|flinch\n|\n|upkeep\n|turn|12\n|\n|t:|1700584419\n|switch|p1a: Corviknight|Corviknight, M|100\/100\n|move|p2a: Lopunny|Return|p1a: Corviknight\n|-resisted|p1a: Corviknight\n|-damage|p1a: Corviknight|85\/100\n|-damage|p2a: Lopunny|84\/100|[from] item: Rocky Helmet|[of] p1a: Corviknight\n|\n|upkeep\n|turn|13\n|\n|t:|1700584428\n|switch|p2a: Tapu Koko|Tapu Koko|100\/100\n|-fieldstart|move: Electric Terrain|[from] ability: Electric Surge|[of] p2a: Tapu Koko\n|move|p1a: Corviknight|Brave Bird|p2a: Tapu Koko\n|-resisted|p2a: Tapu Koko\n|-damage|p2a: Tapu Koko|76\/100\n|-damage|p1a: Corviknight|80\/100|[from] Recoil\n|\n|upkeep\n|turn|14\n|\n|t:|1700584437\n|switch|p1a: Garchomp|Garchomp, F|100\/100\n|move|p2a: Tapu Koko|Hidden Power|p1a: Garchomp\n|-supereffective|p1a: Garchomp\n|-damage|p1a: Garchomp|1\/100\n|\n|-heal|p1a: Garchomp|8\/100|[from] item: Leftovers\n|upkeep\n|turn|15\n|\n|t:|1700584455\n|switch|p2a: Tornadus|Tornadus-Therian, M|100\/100\n|move|p1a: Garchomp|Earthquake|p2a: Tornadus\n|-immune|p2a: Tornadus\n|\n|-heal|p1a: Garchomp|14\/100|[from] item: Leftovers\n|upkeep\n|turn|16\n|\n|t:|1700584464\n|switch|p1a: Heatran|Heatran, F|55\/100\n|move|p2a: Tornadus|Knock Off|p1a: Heatran\n|-damage|p1a: Heatran|45\/100\n|\n|upkeep\n|turn|17\n|\n|t:|1700584480\n|move|p2a: Tornadus|Knock Off|p1a: Heatran\n|-damage|p1a: Heatran|33\/100\n|move|p1a: Heatran|Earth Power|p2a: Tornadus\n|-immune|p2a: Tornadus\n|\n|-fieldend|move: Electric Terrain\n|upkeep\n|turn|18\n|\n|t:|1700584486\n|move|p2a: Tornadus|Knock Off|p1a: Heatran\n|-damage|p1a: Heatran|21\/100\n|move|p1a: Heatran|Magma Storm|p2a: Tornadus\n|-damage|p2a: Tornadus|41\/100\n|-activate|p2a: Tornadus|move: Magma Storm|[of] p1a: Heatran\n|\n|-damage|p2a: Tornadus|29\/100|[from] move: Magma Storm|[partiallytrapped]\n|upkeep\n|turn|19\n|\n|t:|1700584492\n|move|p1a: Heatran|Protect|p1a: Heatran\n|-singleturn|p1a: Heatran|Protect\n|move|p2a: Tornadus|U-turn|p1a: Heatran\n|-activate|p1a: Heatran|move: Protect\n|\n|-damage|p2a: Tornadus|16\/100|[from] move: Magma Storm|[partiallytrapped]\n|upkeep\n|turn|20\n|\n|t:|1700584505\n|move|p1a: Heatran|Protect||[still]\n|-fail|p1a: Heatran\n|-zpower|p2a: Tornadus\n|move|p2a: Tornadus|Supersonic Skystrike|p1a: Heatran|[zeffect]\n|-resisted|p1a: Heatran\n|-damage|p1a: Heatran|0 fnt\n|faint|p1a: Heatran\n|\n|-end|p2a: Tornadus|Magma Storm|[partiallytrapped]|[silent]\n|upkeep\n|\n|t:|1700584513\n|switch|p1a: Absol|Absol, F|100\/100\n|turn|21\n|\n|t:|1700584525\n|detailschange|p1a: Absol|Absol-Mega, F\n|-mega|p1a: Absol|Absol|Absolite\n|move|p2a: Tornadus|U-turn|p1a: Absol\n|-supereffective|p1a: Absol\n|-damage|p1a: Absol|50\/100\n|\n|t:|1700584528\n|switch|p2a: Toxapex|Toxapex, F|97\/100|[from] U-turn\n|move|p1a: Absol|Ice Beam|p2a: Toxapex\n|-resisted|p2a: Toxapex\n|-damage|p2a: Toxapex|84\/100\n|\n|upkeep\n|turn|22\n|\n|t:|1700584532\n|move|p1a: Absol|Thunderbolt|p2a: Toxapex\n|-supereffective|p2a: Toxapex\n|-damage|p2a: Toxapex|34\/100\n|move|p2a: Toxapex|Scald|p1a: Absol\n|-damage|p1a: Absol|15\/100\n|-status|p1a: Absol|brn\n|\n|-damage|p1a: Absol|9\/100 brn|[from] brn\n|upkeep\n|turn|23\n|\n|t:|1700584539\n|-terastallize|p2a: Toxapex|Dragon\n|move|p1a: Absol|Thunderbolt|p2a: Toxapex\n|-resisted|p2a: Toxapex\n|-damage|p2a: Toxapex|23\/100\n|move|p2a: Toxapex|Recover|p2a: Toxapex\n|-heal|p2a: Toxapex|73\/100\n|\n|-damage|p1a: Absol|3\/100 brn|[from] brn\n|upkeep\n|turn|24\n|\n|t:|1700584545\n|move|p1a: Absol|Close Combat|p2a: Toxapex\n|-damage|p2a: Toxapex|61\/100\n|-unboost|p1a: Absol|def|1\n|-unboost|p1a: Absol|spd|1\n|move|p2a: Toxapex|Recover|p2a: Toxapex\n|-heal|p2a: Toxapex|100\/100\n|\n|-damage|p1a: Absol|0 fnt|[from] brn\n|faint|p1a: Absol\n|upkeep\n|\n|t:|1700584550\n|switch|p1a: Garchomp|Garchomp, F|14\/100\n|turn|25\n|\n|t:|1700584557\n|move|p1a: Garchomp|Earthquake|p2a: Toxapex\n|-damage|p2a: Toxapex|73\/100\n|move|p2a: Toxapex|Scald|p1a: Garchomp\n|-damage|p1a: Garchomp|0 fnt\n|faint|p1a: Garchomp\n|\n|upkeep\n|\n|t:|1700584565\n|switch|p1a: Latios|Latios, M|59\/100 par\n|turn|26\n|\n|t:|1700584570\n|switch|p2a: Tornadus|Tornadus-Therian, M|50\/100\n|cant|p1a: Latios|par\n|\n|upkeep\n|turn|27\n|\n|t:|1700584575\n|move|p2a: Tornadus|Knock Off|p1a: Latios\n|-supereffective|p1a: Latios\n|-damage|p1a: Latios|1\/100 par\n|-enditem|p1a: Latios|Soul Dew|[from] move: Knock Off|[of] p2a: Tornadus\n|move|p1a: Latios|Psychic|p2a: Tornadus\n|-damage|p2a: Tornadus|0 fnt\n|faint|p2a: Tornadus\n|\n|upkeep\n|\n|t:|1700584576\n|switch|p2a: Lopunny|Lopunny-Mega, M|84\/100\n|turn|28\n|\n|t:|1700584583\n|switch|p2a: Tapu Koko|Tapu Koko|76\/100\n|-fieldstart|move: Electric Terrain|[from] ability: Electric Surge|[of] p2a: Tapu Koko\n|switch|p1a: Corviknight|Corviknight, M|80\/100\n|\n|upkeep\n|turn|29\n|\n|t:|1700584587\n|switch|p1a: Latios|Latios, M|1\/100 par\n|move|p2a: Tapu Koko|Thunderbolt|p1a: Latios\n|-resisted|p1a: Latios\n|-damage|p1a: Latios|0 fnt\n|faint|p1a: Latios\n|\n|upkeep\n|\n|t:|1700584590\n|switch|p1a: Aegislash|Aegislash, F|39\/100\n|turn|30\n|\n|t:|1700584594\n|move|p2a: Tapu Koko|Thunderbolt|p1a: Aegislash\n|-damage|p1a: Aegislash|0 fnt\n|faint|p1a: Aegislash\n|\n|upkeep\n|c|\u2606JoeyBiden3|gg\n|\n|t:|1700584611\n|switch|p1a: Corviknight|Corviknight, M|80\/100\n|turn|31\n|-message|kazamishinya forfeited.\n|\n|win|JoeyBiden3\n|raw|kazamishinya's rating: 1492 &rarr; <strong>1467<\/strong><br \/>(-25 for losing)\n|raw|JoeyBiden3's rating: 1400 &rarr; <strong>1425<\/strong><br \/>(+25 for winning)\n|l|\u2606kazamishinya\n","uploadtime":1700584658,"views":1,"p1id":"kazamishinya","p2id":"joeybiden3","formatid":"gen9nationaldex","rating":1425,"private":0,"password":""}