{"id":"gen9nationaldex-1991675540","p1":"WalterHrtwellWhite","p2":"LOUGOD","format":"[Gen 9] National Dex","log":"|j|\u2606WalterHrtwellWhite\n|j|\u2606LOUGOD\n|t:|1700101342\n|gametype|singles\n|player|p1|WalterHrtwellWhite|gentleman|1197\n|player|p2|LOUGOD|266|1275\n|teamsize|p1|6\n|teamsize|p2|6\n|gen|9\n|tier|[Gen 9] National Dex\n|rated|\n|rule|HP Percentage Mod: HP is shown in percentages\n|rule|Endless Battle Clause: Forcing endless battles is banned\n|rule|OHKO Clause: OHKO moves are banned\n|rule|Evasion Clause: Evasion abilities, items, and moves are banned\n|rule|Evasion Abilities Clause: Evasion abilities are banned\n|rule|Evasion Items Clause: Evasion items are banned\n|rule|Evasion Moves Clause: Evasion moves are banned\n|rule|Species Clause: Limit one of each Pok\u00e9mon\n|rule|Sleep Clause Mod: Limit one foe put to sleep\n|clearpoke\n|poke|p1|Toxapex, F|\n|poke|p1|Tornadus-Therian, M|\n|poke|p1|Scizor, F|\n|poke|p1|Volcarona, F|\n|poke|p1|Gliscor, F|\n|poke|p1|Heatran, M|\n|poke|p2|Banette, M|\n|poke|p2|Glimmora, M|\n|poke|p2|Alomomola, F|\n|poke|p2|Rillaboom, M|\n|poke|p2|Sneasler, M|\n|poke|p2|Heatran, F|\n|teampreview\n|inactive|Battle timer is ON: inactive players will automatically lose when time's up. (requested by WalterHrtwellWhite)\n|\n|t:|1700101373\n|start\n|switch|p1a: Flame Huffer|Heatran, M|100\/100\n|switch|p2a: Glimmora|Glimmora, M|100\/100\n|turn|1\n|\n|t:|1700101382\n|move|p2a: Glimmora|Stealth Rock|p1a: Flame Huffer\n|-sidestart|p1: WalterHrtwellWhite|move: Stealth Rock\n|move|p1a: Flame Huffer|Earth Power|p2a: Glimmora\n|-supereffective|p2a: Glimmora\n|-enditem|p2a: Glimmora|Focus Sash\n|-damage|p2a: Glimmora|1\/100\n|\n|upkeep\n|turn|2\n|\n|t:|1700101390\n|move|p2a: Glimmora|Spikes|p1a: Flame Huffer\n|-sidestart|p1: WalterHrtwellWhite|Spikes\n|move|p1a: Flame Huffer|Earth Power|p2a: Glimmora\n|-supereffective|p2a: Glimmora\n|-damage|p2a: Glimmora|0 fnt\n|faint|p2a: Glimmora\n|\n|upkeep\n|\n|t:|1700101406\n|switch|p2a: Alomomola|Alomomola, F|100\/100\n|turn|3\n|\n|t:|1700101414\n|move|p1a: Flame Huffer|Toxic|p2a: Alomomola\n|-status|p2a: Alomomola|tox\n|move|p2a: Alomomola|Flip Turn|p1a: Flame Huffer\n|-supereffective|p1a: Flame Huffer\n|-damage|p1a: Flame Huffer|74\/100\n|\n|t:|1700101421\n|switch|p2a: Sneasler|Sneasler, M|100\/100|[from] Flip Turn\n|\n|-heal|p1a: Flame Huffer|80\/100|[from] item: Leftovers\n|upkeep\n|turn|4\n|inactive|WalterHrtwellWhite has 120 seconds left.\n|\n|t:|1700101452\n|-terastallize|p1a: Flame Huffer|Grass\n|move|p2a: Sneasler|Close Combat|p1a: Flame Huffer\n|-damage|p1a: Flame Huffer|30\/100\n|-unboost|p2a: Sneasler|def|1\n|-unboost|p2a: Sneasler|spd|1\n|move|p1a: Flame Huffer|Earth Power|p2a: Sneasler\n|-supereffective|p2a: Sneasler\n|-damage|p2a: Sneasler|1\/100\n|-unboost|p2a: Sneasler|spd|1\n|\n|-heal|p1a: Flame Huffer|36\/100|[from] item: Leftovers\n|upkeep\n|turn|5\n|inactive|WalterHrtwellWhite has 120 seconds left.\n|\n|t:|1700101477\n|switch|p2a: Rillaboom|Rillaboom, M|100\/100\n|-fieldstart|move: Grassy Terrain|[from] ability: Grassy Surge|[of] p2a: Rillaboom\n|move|p1a: Flame Huffer|Stealth Rock|p2a: Rillaboom\n|-sidestart|p2: LOUGOD|move: Stealth Rock\n|\n|-heal|p1a: Flame Huffer|42\/100|[from] Grassy Terrain\n|-heal|p1a: Flame Huffer|48\/100|[from] item: Leftovers\n|upkeep\n|turn|6\n|\n|t:|1700101491\n|move|p2a: Rillaboom|U-turn|p1a: Flame Huffer\n|-supereffective|p1a: Flame Huffer\n|-damage|p1a: Flame Huffer|0 fnt\n|faint|p1a: Flame Huffer\n|\n|t:|1700101505\n|switch|p2a: Banette|Banette, M|100\/100|[from] U-turn\n|-damage|p2a: Banette|88\/100|[from] Stealth Rock\n|\n|-heal|p2a: Banette|94\/100|[from] Grassy Terrain\n|upkeep\n|\n|t:|1700101513\n|switch|p1a: Assad|Gliscor, F|100\/100\n|-damage|p1a: Assad|88\/100|[from] Stealth Rock\n|turn|7\n|\n|t:|1700101522\n|detailschange|p2a: Banette|Banette-Mega, M\n|-mega|p2a: Banette|Banette|Banettite\n|move|p2a: Banette|Poltergeist|p1a: Assad\n|-activate|p1a: Assad|move: Poltergeist|Toxic Orb\n|-damage|p1a: Assad|22\/100\n|move|p1a: Assad|Spikes|p2a: Banette\n|-sidestart|p2: LOUGOD|Spikes\n|\n|-heal|p2a: Banette|99\/100|[from] Grassy Terrain\n|-status|p1a: Assad|tox|[from] item: Toxic Orb\n|upkeep\n|turn|8\n|inactive|WalterHrtwellWhite has 120 seconds left.\n|\n|t:|1700101549\n|switch|p1a: THE WALL|Toxapex, F|100\/100\n|-damage|p1a: THE WALL|88\/100|[from] Stealth Rock\n|-damage|p1a: THE WALL|76\/100|[from] Spikes\n|move|p2a: Banette|Poltergeist|p1a: THE WALL\n|-activate|p1a: THE WALL|move: Poltergeist|Rocky Helmet\n|-damage|p1a: THE WALL|33\/100\n|\n|-heal|p2a: Banette|100\/100|[from] Grassy Terrain\n|-heal|p1a: THE WALL|39\/100|[from] Grassy Terrain\n|upkeep\n|turn|9\n|inactive|WalterHrtwellWhite has 120 seconds left.\n|\n|t:|1700101583\n|switch|p1a: Skyler White|Scizor, F|100\/100\n|-damage|p1a: Skyler White|88\/100|[from] Stealth Rock\n|-damage|p1a: Skyler White|76\/100|[from] Spikes\n|move|p2a: Banette|Poltergeist|p1a: Skyler White\n|-activate|p1a: Skyler White|move: Poltergeist|Scizorite\n|-damage|p1a: Skyler White|0 fnt\n|faint|p1a: Skyler White\n|\n|-fieldend|move: Grassy Terrain\n|upkeep\n|\n|t:|1700101587\n|switch|p1a: Gangster Edition|Tornadus-Therian, M|100\/100\n|turn|10\n|inactive|WalterHrtwellWhite has 90 seconds left.\n|inactive|WalterHrtwellWhite has 60 seconds left.\n|\n|t:|1700101658\n|move|p1a: Gangster Edition|Defog|p2a: Banette\n|-unboost|p2a: Banette|evasion|1\n|-sideend|p2: LOUGOD|Spikes|[from] move: Defog|[of] p1a: Gangster Edition\n|-sideend|p2: LOUGOD|Stealth Rock|[from] move: Defog|[of] p1a: Gangster Edition\n|-sideend|p1: WalterHrtwellWhite|Spikes|[from] move: Defog|[of] p1a: Gangster Edition\n|-sideend|p1: WalterHrtwellWhite|Stealth Rock|[from] move: Defog|[of] p1a: Gangster Edition\n|move|p2a: Banette|Poltergeist|p1a: Gangster Edition\n|-activate|p1a: Gangster Edition|move: Poltergeist|Heavy-Duty Boots\n|-damage|p1a: Gangster Edition|23\/100\n|\n|upkeep\n|turn|11\n|\n|t:|1700101668\n|switch|p1a: THE WALL|Toxapex, F|72\/100\n|move|p2a: Banette|Encore||[still]\n|-fail|p2a: Banette\n|\n|upkeep\n|turn|12\n|\n|t:|1700101674\n|move|p2a: Banette|Poltergeist|p1a: THE WALL\n|-activate|p1a: THE WALL|move: Poltergeist|Rocky Helmet\n|-damage|p1a: THE WALL|22\/100\n|move|p1a: THE WALL|Toxic|p2a: Banette\n|-status|p2a: Banette|tox\n|\n|-damage|p2a: Banette|95\/100 tox|[from] psn\n|upkeep\n|turn|13\n|inactive|WalterHrtwellWhite has 60 seconds left.\n|\n|t:|1700101703\n|move|p2a: Banette|Encore|p1a: THE WALL\n|-start|p1a: THE WALL|Encore\n|move|p1a: THE WALL|Toxic|p2a: Banette\n|-fail|p2a: Banette|tox\n|\n|-damage|p2a: Banette|83\/100 tox|[from] psn\n|upkeep\n|turn|14\n|\n|t:|1700101713\n|switch|p1a: Assad|Gliscor, F|22\/100 tox\n|move|p2a: Banette|Poltergeist|p1a: Assad\n|-activate|p1a: Assad|move: Poltergeist|Toxic Orb\n|-damage|p1a: Assad|0 fnt\n|faint|p1a: Assad\n|\n|-damage|p2a: Banette|65\/100 tox|[from] psn\n|upkeep\n|\n|t:|1700101719\n|switch|p1a: Gangster Edition|Tornadus-Therian, M|56\/100\n|turn|15\n|inactive|WalterHrtwellWhite has 30 seconds left.\n|inactive|WalterHrtwellWhite has 20 seconds left.\n|\n|t:|1700101750\n|move|p1a: Gangster Edition|Bleakwind Storm|p2a: Banette\n|-crit|p2a: Banette\n|-damage|p2a: Banette|0 fnt\n|faint|p2a: Banette\n|\n|upkeep\n|inactive|WalterHrtwellWhite has 25 seconds left this turn.\n|\n|t:|1700101757\n|switch|p2a: Heatran|Heatran, F|100\/100\n|turn|16\n|inactive|WalterHrtwellWhite has 30 seconds left.\n|\n|t:|1700101768\n|move|p1a: Gangster Edition|Bleakwind Storm|p2a: Heatran\n|-resisted|p2a: Heatran\n|-damage|p2a: Heatran|81\/100\n|move|p2a: Heatran|Magma Storm|p1a: Gangster Edition|[miss]\n|-miss|p2a: Heatran|p1a: Gangster Edition\n|\n|upkeep\n|turn|17\n|\n|t:|1700101777\n|switch|p1a: THE WALL|Toxapex, F|55\/100\n|move|p2a: Heatran|Magma Storm|p1a: THE WALL\n|-resisted|p1a: THE WALL\n|-damage|p1a: THE WALL|32\/100\n|-activate|p1a: THE WALL|move: Magma Storm|[of] p2a: Heatran\n|\n|-damage|p1a: THE WALL|20\/100|[from] move: Magma Storm|[partiallytrapped]\n|upkeep\n|turn|18\n|\n|t:|1700101790\n|move|p2a: Heatran|Taunt|p1a: THE WALL\n|-start|p1a: THE WALL|move: Taunt\n|cant|p1a: THE WALL|move: Taunt|Recover\n|\n|-damage|p1a: THE WALL|7\/100|[from] move: Magma Storm|[partiallytrapped]\n|upkeep\n|turn|19\n|\n|t:|1700101798\n|move|p2a: Heatran|Earth Power|p1a: THE WALL\n|-supereffective|p1a: THE WALL\n|-damage|p1a: THE WALL|0 fnt\n|faint|p1a: THE WALL\n|\n|upkeep\n|\n|t:|1700101802\n|switch|p1a: Gangster Edition|Tornadus-Therian, M|89\/100\n|turn|20\n|\n|t:|1700101810\n|move|p1a: Gangster Edition|Bleakwind Storm|p2a: Heatran\n|-resisted|p2a: Heatran\n|-damage|p2a: Heatran|61\/100\n|-unboost|p2a: Heatran|spe|1\n|move|p2a: Heatran|Magma Storm|p1a: Gangster Edition|[miss]\n|-miss|p2a: Heatran|p1a: Gangster Edition\n|\n|upkeep\n|turn|21\n|inactive|WalterHrtwellWhite has 60 seconds left.\n|\n|t:|1700101821\n|move|p1a: Gangster Edition|Bleakwind Storm|p2a: Heatran\n|-resisted|p2a: Heatran\n|-damage|p2a: Heatran|42\/100\n|-unboost|p2a: Heatran|spe|1\n|move|p2a: Heatran|Magma Storm|p1a: Gangster Edition\n|-damage|p1a: Gangster Edition|26\/100\n|-activate|p1a: Gangster Edition|move: Magma Storm|[of] p2a: Heatran\n|\n|-damage|p1a: Gangster Edition|14\/100|[from] move: Magma Storm|[partiallytrapped]\n|upkeep\n|turn|22\n|\n|t:|1700101831\n|move|p1a: Gangster Edition|Bleakwind Storm|p2a: Heatran\n|-resisted|p2a: Heatran\n|-damage|p2a: Heatran|23\/100\n|-unboost|p2a: Heatran|spe|1\n|move|p2a: Heatran|Magma Storm|p1a: Gangster Edition\n|-damage|p1a: Gangster Edition|0 fnt\n|faint|p1a: Gangster Edition\n|\n|upkeep\n|\n|t:|1700101834\n|switch|p1a: Girlboss|Volcarona, F|100\/100\n|turn|23\n|\n|t:|1700101861\n|move|p1a: Girlboss|Quiver Dance|p1a: Girlboss\n|-boost|p1a: Girlboss|spa|1\n|-boost|p1a: Girlboss|spd|1\n|-boost|p1a: Girlboss|spe|1\n|move|p2a: Heatran|Taunt|p1a: Girlboss\n|-start|p1a: Girlboss|move: Taunt\n|\n|upkeep\n|turn|24\n|\n|t:|1700101872\n|move|p1a: Girlboss|Psychic|p2a: Heatran\n|-resisted|p2a: Heatran\n|-damage|p2a: Heatran|0 fnt\n|faint|p2a: Heatran\n|\n|upkeep\n|\n|t:|1700101882\n|switch|p2a: Alomomola|Alomomola, F|100\/100 tox\n|turn|25\n|\n|t:|1700101890\n|-terastallize|p2a: Alomomola|Dragon\n|move|p1a: Girlboss|Giga Drain|p2a: Alomomola\n|-resisted|p2a: Alomomola\n|-damage|p2a: Alomomola|81\/100 tox\n|move|p2a: Alomomola|Toxic|p1a: Girlboss\n|-status|p1a: Girlboss|tox\n|\n|-damage|p1a: Girlboss|94\/100 tox|[from] psn\n|-damage|p2a: Alomomola|75\/100 tox|[from] psn\n|upkeep\n|turn|26\n|inactive|WalterHrtwellWhite has 90 seconds left.\n|\n|t:|1700101902\n|move|p1a: Girlboss|Psychic|p2a: Alomomola\n|-damage|p2a: Alomomola|29\/100 tox\n|move|p2a: Alomomola|Wish|p2a: Alomomola\n|\n|-damage|p1a: Girlboss|82\/100 tox|[from] psn\n|-damage|p2a: Alomomola|17\/100 tox|[from] psn\n|-end|p1a: Girlboss|move: Taunt\n|upkeep\n|turn|27\n|inactive|WalterHrtwellWhite has 90 seconds left.\n|\n|t:|1700101922\n|move|p2a: Alomomola|Protect|p2a: Alomomola\n|-singleturn|p2a: Alomomola|Protect\n|move|p1a: Girlboss|Quiver Dance|p1a: Girlboss\n|-boost|p1a: Girlboss|spa|1\n|-boost|p1a: Girlboss|spd|1\n|-boost|p1a: Girlboss|spe|1\n|\n|-heal|p2a: Alomomola|67\/100 tox|[from] move: Wish|[wisher] Alomomola\n|-damage|p1a: Girlboss|64\/100 tox|[from] psn\n|-damage|p2a: Alomomola|48\/100 tox|[from] psn\n|upkeep\n|turn|28\n|\n|t:|1700101932\n|move|p1a: Girlboss|Giga Drain|p2a: Alomomola\n|-resisted|p2a: Alomomola\n|-crit|p2a: Alomomola\n|-damage|p2a: Alomomola|14\/100 tox\n|-heal|p1a: Girlboss|90\/100 tox|[from] drain|[of] p2a: Alomomola\n|move|p2a: Alomomola|Wish|p2a: Alomomola\n|\n|-damage|p1a: Girlboss|65\/100 tox|[from] psn\n|-damage|p2a: Alomomola|0 fnt|[from] psn\n|faint|p2a: Alomomola\n|upkeep\n|\n|t:|1700101940\n|switch|p2a: Rillaboom|Rillaboom, M|100\/100\n|-fieldstart|move: Grassy Terrain|[from] ability: Grassy Surge|[of] p2a: Rillaboom\n|turn|29\n|\n|t:|1700101950\n|move|p2a: Rillaboom|Grassy Glide|p1a: Girlboss\n|-resisted|p1a: Girlboss\n|-damage|p1a: Girlboss|40\/100 tox\n|move|p1a: Girlboss|Fiery Dance|p2a: Rillaboom\n|-supereffective|p2a: Rillaboom\n|-damage|p2a: Rillaboom|0 fnt\n|faint|p2a: Rillaboom\n|\n|-heal|p1a: Girlboss|46\/100 tox|[from] Grassy Terrain\n|-damage|p1a: Girlboss|16\/100 tox|[from] psn\n|upkeep\n|\n|t:|1700101959\n|switch|p2a: Sneasler|Sneasler, M|1\/100\n|-enditem|p2a: Sneasler|Grassy Seed\n|-boost|p2a: Sneasler|def|1|[from] item: Grassy Seed\n|turn|30\n|\n|t:|1700101966\n|move|p2a: Sneasler|Acrobatics|p1a: Girlboss\n|-supereffective|p1a: Girlboss\n|-damage|p1a: Girlboss|0 fnt\n|faint|p1a: Girlboss\n|\n|win|LOUGOD\n|raw|WalterHrtwellWhite's rating: 1197 &rarr; <strong>1178<\/strong><br \/>(-19 for losing)\n|raw|LOUGOD's rating: 1275 &rarr; <strong>1294<\/strong><br \/>(+19 for winning)\n|c|\u2606WalterHrtwellWhite|gg\n|l|\u2606WalterHrtwellWhite\n","uploadtime":1700101977,"views":6,"p1id":"walterhrtwellwhite","p2id":"lougod","formatid":"gen9nationaldex","rating":1178,"private":0,"password":""}