{"id":"gen9nationaldex-1993583242","p1":"SanFranfan4ever","p2":"InnateAzucarado","format":"[Gen 9] National Dex","log":"|j|\u2606SanFranfan4ever\n|j|\u2606InnateAzucarado\n|t:|1700334301\n|gametype|singles\n|player|p1|SanFranfan4ever|lance|1133\n|player|p2|InnateAzucarado|hilbert|1112\n|teamsize|p1|6\n|teamsize|p2|6\n|gen|9\n|tier|[Gen 9] National Dex\n|rated|\n|rule|HP Percentage Mod: HP is shown in percentages\n|rule|Endless Battle Clause: Forcing endless battles is banned\n|rule|OHKO Clause: OHKO moves are banned\n|rule|Evasion Clause: Evasion abilities, items, and moves are banned\n|rule|Evasion Abilities Clause: Evasion abilities are banned\n|rule|Evasion Items Clause: Evasion items are banned\n|rule|Evasion Moves Clause: Evasion moves are banned\n|rule|Species Clause: Limit one of each Pok\u00e9mon\n|rule|Sleep Clause Mod: Limit one foe put to sleep\n|clearpoke\n|poke|p1|Tyranitar, M|\n|poke|p1|Garchomp, M|\n|poke|p1|Scizor, M|\n|poke|p1|Torterra, M|\n|poke|p1|Blaziken, M|\n|poke|p1|Tapu Fini|\n|poke|p2|Forretress, M|\n|poke|p2|Blaziken, M|\n|poke|p2|Swampert, M|\n|poke|p2|Pelipper, M|\n|poke|p2|Murkrow, M|\n|poke|p2|Serperior, F|\n|teampreview\n|inactive|Battle timer is ON: inactive players will automatically lose when time's up. (requested by InnateAzucarado)\n|\n|t:|1700334312\n|start\n|switch|p1a: Gojo|Blaziken, M|100\/100\n|switch|p2a: Forretress|Forretress, M|100\/100\n|turn|1\n|\n|t:|1700334324\n|move|p1a: Gojo|Blaze Kick|p2a: Forretress\n|-supereffective|p2a: Forretress\n|-crit|p2a: Forretress\n|-enditem|p2a: Forretress|Focus Sash\n|-damage|p2a: Forretress|1\/100\n|move|p2a: Forretress|Toxic Spikes|p1a: Gojo\n|-sidestart|p1: SanFranfan4ever|move: Toxic Spikes\n|\n|-ability|p1a: Gojo|Speed Boost|boost\n|-boost|p1a: Gojo|spe|1\n|upkeep\n|turn|2\n|\n|t:|1700334343\n|move|p1a: Gojo|Thunder Punch|p2a: Forretress\n|-damage|p2a: Forretress|0 fnt\n|faint|p2a: Forretress\n|\n|-ability|p1a: Gojo|Speed Boost|boost\n|-boost|p1a: Gojo|spe|1\n|upkeep\n|\n|t:|1700334350\n|switch|p2a: Pelipper|Pelipper, M|100\/100\n|-weather|RainDance|[from] ability: Drizzle|[of] p2a: Pelipper\n|turn|3\n|\n|t:|1700334359\n|move|p1a: Gojo|Thunder Punch|p2a: Pelipper\n|-supereffective|p2a: Pelipper\n|-enditem|p2a: Pelipper|Focus Sash\n|-damage|p2a: Pelipper|1\/100\n|move|p2a: Pelipper|Toxic|p1a: Gojo\n|-status|p1a: Gojo|tox\n|\n|-weather|RainDance|[upkeep]\n|-damage|p1a: Gojo|95\/100 tox|[from] psn\n|-ability|p1a: Gojo|Speed Boost|boost\n|-boost|p1a: Gojo|spe|1\n|upkeep\n|turn|4\n|\n|t:|1700334377\n|move|p1a: Gojo|Blaze Kick|p2a: Pelipper\n|-resisted|p2a: Pelipper\n|-damage|p2a: Pelipper|0 fnt\n|faint|p2a: Pelipper\n|\n|-weather|RainDance|[upkeep]\n|-damage|p1a: Gojo|83\/100 tox|[from] psn\n|-ability|p1a: Gojo|Speed Boost|boost\n|-boost|p1a: Gojo|spe|1\n|upkeep\n|\n|t:|1700334381\n|switch|p2a: Swampert|Swampert, M|100\/100\n|turn|5\n|\n|t:|1700334398\n|switch|p1a: Nice butt|Tapu Fini|100\/100\n|-status|p1a: Nice butt|psn\n|-fieldstart|move: Misty Terrain|[from] ability: Misty Surge|[of] p1a: Nice butt\n|detailschange|p2a: Swampert|Swampert-Mega, M\n|-mega|p2a: Swampert|Swampert|Swampertite\n|move|p2a: Swampert|Earthquake|p1a: Nice butt\n|-damage|p1a: Nice butt|31\/100 psn\n|\n|-weather|RainDance|[upkeep]\n|-damage|p1a: Nice butt|18\/100 psn|[from] psn\n|upkeep\n|-enditem|p1a: Nice butt|Wiki Berry|[eat]\n|-heal|p1a: Nice butt|51\/100 psn|[from] item: Wiki Berry\n|turn|6\n|\n|t:|1700334417\n|move|p2a: Swampert|Earthquake|p1a: Nice butt\n|-damage|p1a: Nice butt|0 fnt\n|faint|p1a: Nice butt\n|\n|-weather|RainDance|[upkeep]\n|upkeep\n|\n|t:|1700334426\n|switch|p1a: Tony|Scizor, M|100\/100\n|turn|7\n|\n|t:|1700334438\n|move|p2a: Swampert|Earthquake|p1a: Tony\n|-damage|p1a: Tony|18\/100\n|move|p1a: Tony|Defog|p2a: Swampert\n|-unboost|p2a: Swampert|evasion|1\n|-sideend|p1: SanFranfan4ever|Toxic Spikes|[from] move: Defog|[of] p1a: Tony\n|-fieldend|Misty Terrain\n|\n|-weather|none\n|upkeep\n|turn|8\n|\n|t:|1700334450\n|move|p1a: Tony|Bullet Punch|p2a: Swampert\n|-resisted|p2a: Swampert\n|-damage|p2a: Swampert|87\/100\n|move|p2a: Swampert|Earthquake|p1a: Tony\n|-damage|p1a: Tony|0 fnt\n|faint|p1a: Tony\n|\n|upkeep\n|\n|t:|1700334459\n|switch|p1a: Garganacl-buster|Torterra, M|100\/100\n|turn|9\n|\n|t:|1700334475\n|switch|p2a: Murkrow|Murkrow, M|100\/100\n|-terastallize|p1a: Garganacl-buster|Grass\n|move|p1a: Garganacl-buster|Shell Smash|p1a: Garganacl-buster\n|-unboost|p1a: Garganacl-buster|def|1\n|-unboost|p1a: Garganacl-buster|spd|1\n|-boost|p1a: Garganacl-buster|atk|2\n|-boost|p1a: Garganacl-buster|spa|2\n|-boost|p1a: Garganacl-buster|spe|2\n|-enditem|p1a: Garganacl-buster|White Herb\n|-clearnegativeboost|p1a: Garganacl-buster|[silent]\n|\n|upkeep\n|turn|10\n|\n|t:|1700334490\n|move|p2a: Murkrow|Foul Play|p1a: Garganacl-buster\n|-damage|p1a: Garganacl-buster|14\/100\n|move|p1a: Garganacl-buster|Stone Edge|p2a: Murkrow\n|-supereffective|p2a: Murkrow\n|-enditem|p2a: Murkrow|Focus Sash\n|-damage|p2a: Murkrow|1\/100\n|\n|upkeep\n|turn|11\n|\n|t:|1700334503\n|switch|p1a: Gojo|Blaziken, M|83\/100 tox\n|move|p2a: Murkrow|Foul Play|p1a: Gojo\n|-resisted|p1a: Gojo\n|-damage|p1a: Gojo|45\/100 tox\n|\n|-damage|p1a: Gojo|39\/100 tox|[from] psn\n|upkeep\n|turn|12\n|\n|t:|1700334518\n|move|p2a: Murkrow|Tailwind|p2a: Murkrow\n|-sidestart|p2: InnateAzucarado|move: Tailwind\n|move|p1a: Gojo|Blaze Kick|p2a: Murkrow\n|-crit|p2a: Murkrow\n|-damage|p2a: Murkrow|0 fnt\n|faint|p2a: Murkrow\n|\n|-damage|p1a: Gojo|27\/100 tox|[from] psn\n|-ability|p1a: Gojo|Speed Boost|boost\n|-boost|p1a: Gojo|spe|1\n|upkeep\n|\n|t:|1700334531\n|switch|p2a: Swampert|Swampert-Mega, M|87\/100\n|turn|13\n|\n|t:|1700334542\n|switch|p1a: Garganacl-buster|Torterra, M, tera:Grass|14\/100\n|move|p2a: Swampert|Earthquake|p1a: Garganacl-buster\n|-resisted|p1a: Garganacl-buster\n|-damage|p1a: Garganacl-buster|0 fnt\n|faint|p1a: Garganacl-buster\n|\n|upkeep\n|\n|t:|1700334550\n|switch|p1a: Sahara|Garchomp, M|100\/100\n|turn|14\n|\n|t:|1700334556\n|move|p2a: Swampert|Ice Punch|p1a: Sahara\n|-supereffective|p1a: Sahara\n|-damage|p1a: Sahara|0 fnt\n|-damage|p2a: Swampert|75\/100|[from] ability: Rough Skin|[of] p1a: Sahara\n|faint|p1a: Sahara\n|\n|upkeep\n|\n|t:|1700334571\n|switch|p1a: Apophis|Tyranitar, M|100\/100\n|-weather|Sandstorm|[from] ability: Sand Stream|[of] p1a: Apophis\n|turn|15\n|\n|t:|1700334580\n|move|p2a: Swampert|Earthquake|p1a: Apophis\n|-supereffective|p1a: Apophis\n|-damage|p1a: Apophis|0 fnt\n|faint|p1a: Apophis\n|\n|-weather|Sandstorm|[upkeep]\n|-sideend|p2: InnateAzucarado|move: Tailwind\n|upkeep\n|\n|t:|1700334588\n|switch|p1a: Gojo|Blaziken, M|27\/100 tox\n|turn|16\n|\n|t:|1700334595\n|move|p1a: Gojo|Brick Break|p2a: Swampert\n|-damage|p2a: Swampert|42\/100\n|move|p2a: Swampert|Earthquake|p1a: Gojo\n|-supereffective|p1a: Gojo\n|-damage|p1a: Gojo|0 fnt\n|faint|p1a: Gojo\n|\n|win|InnateAzucarado\n|raw|SanFranfan4ever's rating: 1133 &rarr; <strong>1106<\/strong><br \/>(-27 for losing)\n|raw|InnateAzucarado's rating: 1112 &rarr; <strong>1139<\/strong><br \/>(+27 for winning)\n|l|\u2606SanFranfan4ever\n","uploadtime":1700334613,"views":7,"p1id":"sanfranfan4ever","p2id":"innateazucarado","formatid":"gen9nationaldex","rating":1106,"private":0,"password":""}