{"id":"gen9nationaldex-1997460043","p1":"Greedy Monarch","p2":"ManitKhurana","format":"[Gen 9] National Dex","log":"|html|<div class=\"broadcast-blue\"><strong>[Gen 9] National Dex is currently suspecting Sneasler! For information on how to participate check out the <a href=\"https:\/\/www.smogon.com\/forums\/threads\/sv-national-dex-suspect-8-just-dance.3731534\/\">suspect thread<\/a>.<\/strong><\/div>\n|j|\u2606Greedy Monarch\n|j|\u2606ManitKhurana\n|t:|1700809144\n|gametype|singles\n|player|p1|Greedy Monarch|266|1122\n|player|p2|ManitKhurana|ethan|1137\n|teamsize|p1|6\n|teamsize|p2|6\n|gen|9\n|tier|[Gen 9] National Dex\n|rated|\n|rule|HP Percentage Mod: HP is shown in percentages\n|rule|Endless Battle Clause: Forcing endless battles is banned\n|rule|OHKO Clause: OHKO moves are banned\n|rule|Evasion Clause: Evasion abilities, items, and moves are banned\n|rule|Evasion Abilities Clause: Evasion abilities are banned\n|rule|Evasion Items Clause: Evasion items are banned\n|rule|Evasion Moves Clause: Evasion moves are banned\n|rule|Species Clause: Limit one of each Pok\u00e9mon\n|rule|Sleep Clause Mod: Limit one foe put to sleep\n|clearpoke\n|poke|p1|Kleavor, M|\n|poke|p1|Scolipede, M|\n|poke|p1|Scizor, M|\n|poke|p1|Escavalier, M|\n|poke|p1|Buzzwole|\n|poke|p1|Slither Wing|\n|poke|p2|Charmeleon, M|\n|poke|p2|Sceptile, M|\n|poke|p2|Scizor, M|\n|poke|p2|Swellow, M|\n|poke|p2|Hydreigon, M|\n|poke|p2|Tyranitar, M|\n|teampreview\n|inactive|Battle timer is ON: inactive players will automatically lose when time's up. (requested by ManitKhurana)\n|\n|t:|1700809152\n|start\n|switch|p1a: Scorn|Scolipede, M|100\/100\n|switch|p2a: Tyranitar|Tyranitar, M|100\/100\n|-weather|Sandstorm|[from] ability: Sand Stream|[of] p2a: Tyranitar\n|turn|1\n|\n|t:|1700809162\n|-terastallize|p1a: Scorn|Rock\n|move|p1a: Scorn|Swords Dance|p1a: Scorn\n|-boost|p1a: Scorn|atk|2\n|move|p2a: Tyranitar|Stone Edge|p1a: Scorn\n|-damage|p1a: Scorn|49\/100\n|\n|-weather|Sandstorm|[upkeep]\n|-ability|p1a: Scorn|Speed Boost|boost\n|-boost|p1a: Scorn|spe|1\n|upkeep\n|turn|2\n|\n|t:|1700809173\n|move|p1a: Scorn|Protect|p1a: Scorn\n|-singleturn|p1a: Scorn|Protect\n|move|p2a: Tyranitar|Hydro Pump|p1a: Scorn\n|-activate|p1a: Scorn|move: Protect\n|\n|-weather|Sandstorm|[upkeep]\n|-ability|p1a: Scorn|Speed Boost|boost\n|-boost|p1a: Scorn|spe|1\n|upkeep\n|turn|3\n|\n|t:|1700809182\n|move|p1a: Scorn|Earthquake|p2a: Tyranitar\n|-supereffective|p2a: Tyranitar\n|-crit|p2a: Tyranitar\n|-damage|p2a: Tyranitar|0 fnt\n|faint|p2a: Tyranitar\n|\n|-weather|Sandstorm|[upkeep]\n|-ability|p1a: Scorn|Speed Boost|boost\n|-boost|p1a: Scorn|spe|1\n|upkeep\n|\n|t:|1700809194\n|switch|p2a: Scizor|Scizor, M|100\/100\n|turn|4\n|\n|t:|1700809200\n|move|p2a: Scizor|Bullet Punch|p1a: Scorn\n|-supereffective|p1a: Scorn\n|-damage|p1a: Scorn|0 fnt\n|faint|p1a: Scorn\n|\n|-weather|Sandstorm|[upkeep]\n|upkeep\n|\n|t:|1700809205\n|switch|p1a: West-Nile|Buzzwole|100\/100\n|turn|5\n|\n|t:|1700809230\n|switch|p2a: Charmeleon|Charmeleon, M|100\/100\n|move|p1a: West-Nile|Power-Up Punch|p2a: Charmeleon\n|-damage|p2a: Charmeleon|49\/100\n|-boost|p1a: West-Nile|atk|1\n|\n|-weather|none\n|upkeep\n|turn|6\n|\n|t:|1700809243\n|-terastallize|p2a: Charmeleon|Grass\n|move|p2a: Charmeleon|Fire Blast|p1a: West-Nile\n|-supereffective|p1a: West-Nile\n|-damage|p1a: West-Nile|0 fnt\n|faint|p1a: West-Nile\n|\n|upkeep\n|inactive|Greedy Monarch has 120 seconds left.\n|c|\u2606ManitKhurana|Way to go\n|\n|t:|1700809296\n|switch|p1a: Arson|Slither Wing|100\/100\n|turn|7\n|inactive|Greedy Monarch has 90 seconds left.\n|\n|t:|1700809312\n|move|p1a: Arson|Leech Life|p2a: Charmeleon\n|-supereffective|p2a: Charmeleon\n|-damage|p2a: Charmeleon|0 fnt\n|faint|p2a: Charmeleon\n|\n|upkeep\n|\n|t:|1700809326\n|switch|p2a: Swellow|Swellow, M|100\/100\n|turn|8\n|\n|t:|1700809333\n|-end|p1a: Arson|Protosynthesis|[silent]\n|switch|p1a: Ceasar|Escavalier, M|100\/100\n|move|p2a: Swellow|Hurricane|p1a: Ceasar\n|-damage|p1a: Ceasar|62\/100\n|\n|upkeep\n|turn|9\n|\n|t:|1700809347\n|move|p2a: Swellow|Hurricane|p1a: Ceasar\n|-damage|p1a: Ceasar|22\/100\n|move|p1a: Ceasar|Metal Burst|p2a: Swellow\n|-damage|p2a: Swellow|37\/100\n|\n|upkeep\n|turn|10\n|\n|t:|1700809354\n|move|p2a: Swellow|Hurricane|p1a: Ceasar\n|-damage|p1a: Ceasar|0 fnt\n|faint|p1a: Ceasar\n|\n|upkeep\n|\n|t:|1700809357\n|switch|p1a: Kharn|Kleavor, M|100\/100\n|turn|11\n|\n|t:|1700809369\n|switch|p2a: Scizor|Scizor, M|100\/100\n|move|p1a: Kharn|Agility|p1a: Kharn\n|-boost|p1a: Kharn|spe|2\n|\n|upkeep\n|turn|12\n|\n|t:|1700809377\n|move|p2a: Scizor|Bullet Punch|p1a: Kharn\n|-supereffective|p1a: Kharn\n|-crit|p1a: Kharn\n|-damage|p1a: Kharn|0 fnt\n|faint|p1a: Kharn\n|\n|upkeep\n|\n|t:|1700809383\n|switch|p1a: Arson|Slither Wing|100\/100\n|turn|13\n|\n|t:|1700809392\n|move|p1a: Arson|Close Combat|p2a: Scizor\n|-damage|p2a: Scizor|56\/100\n|-unboost|p1a: Arson|def|1\n|-unboost|p1a: Arson|spd|1\n|move|p2a: Scizor|Swords Dance|p2a: Scizor\n|-boost|p2a: Scizor|atk|2\n|\n|upkeep\n|turn|14\n|\n|t:|1700809400\n|move|p2a: Scizor|Bullet Punch|p1a: Arson\n|-damage|p1a: Arson|0 fnt\n|faint|p1a: Arson\n|-end|p1a: Arson|Protosynthesis|[silent]\n|\n|upkeep\n|\n|t:|1700809403\n|switch|p1a: Sector|Scizor, M|100\/100\n|turn|15\n|\n|t:|1700809407\n|move|p1a: Sector|Aerial Ace|p2a: Scizor\n|-damage|p2a: Scizor|32\/100\n|move|p2a: Scizor|Roost|p2a: Scizor\n|-heal|p2a: Scizor|82\/100\n|-singleturn|p2a: Scizor|move: Roost\n|\n|upkeep\n|turn|16\n|\n|t:|1700809414\n|move|p1a: Sector|Swords Dance|p1a: Sector\n|-boost|p1a: Sector|atk|2\n|move|p2a: Scizor|Swords Dance|p2a: Scizor\n|-boost|p2a: Scizor|atk|2\n|\n|upkeep\n|turn|17\n|\n|t:|1700809423\n|move|p1a: Sector|Bullet Punch|p2a: Scizor\n|-resisted|p2a: Scizor\n|-damage|p2a: Scizor|58\/100\n|move|p2a: Scizor|Swords Dance|p2a: Scizor\n|-boost|p2a: Scizor|atk|2\n|\n|upkeep\n|turn|18\n|\n|t:|1700809429\n|move|p1a: Sector|Aerial Ace|p2a: Scizor\n|-damage|p2a: Scizor|8\/100\n|move|p2a: Scizor|Roost|p2a: Scizor\n|-heal|p2a: Scizor|59\/100\n|-singleturn|p2a: Scizor|move: Roost\n|\n|upkeep\n|turn|19\n|\n|t:|1700809435\n|move|p1a: Sector|Aerial Ace|p2a: Scizor\n|-damage|p2a: Scizor|10\/100\n|move|p2a: Scizor|Roost|p2a: Scizor\n|-heal|p2a: Scizor|60\/100\n|-singleturn|p2a: Scizor|move: Roost\n|\n|upkeep\n|turn|20\n|\n|t:|1700809442\n|move|p2a: Scizor|Bullet Punch|p1a: Sector\n|-resisted|p1a: Sector\n|-damage|p1a: Sector|39\/100\n|move|p1a: Sector|Swords Dance|p1a: Sector\n|-boost|p1a: Sector|atk|2\n|\n|upkeep\n|turn|21\n|\n|t:|1700809448\n|move|p2a: Scizor|Bullet Punch|p1a: Sector\n|-resisted|p1a: Sector\n|-damage|p1a: Sector|0 fnt\n|faint|p1a: Sector\n|\n|win|ManitKhurana\n|raw|Greedy Monarch's rating: 1122 &rarr; <strong>1098<\/strong><br \/>(-24 for losing)\n|raw|ManitKhurana's rating: 1137 &rarr; <strong>1161<\/strong><br \/>(+24 for winning)\n|l|\u2606Greedy Monarch\n","uploadtime":1700809455,"views":4,"p1id":"greedymonarch","p2id":"manitkhurana","formatid":"gen9nationaldex","rating":1098,"private":0,"password":""}