{"id":"gen9nationaldex-1998673861","p1":"Summer Teng","p2":"Rmpemeta","format":"[Gen 9] National Dex","log":"|html|<div class=\"broadcast-blue\"><strong>[Gen 9] National Dex is currently suspecting Sneasler! For information on how to participate check out the <a href=\"https:\/\/www.smogon.com\/forums\/threads\/sv-national-dex-suspect-8-just-dance.3731534\/\">suspect thread<\/a>.<\/strong><\/div>\n|j|\u2606Summer Teng\n|j|\u2606Rmpemeta\n|t:|1700970723\n|gametype|singles\n|player|p1|Summer Teng|iris-gen5bw2|1357\n|player|p2|Rmpemeta|2|1282\n|teamsize|p1|6\n|teamsize|p2|6\n|gen|9\n|tier|[Gen 9] National Dex\n|rated|\n|rule|HP Percentage Mod: HP is shown in percentages\n|rule|Endless Battle Clause: Forcing endless battles is banned\n|rule|OHKO Clause: OHKO moves are banned\n|rule|Evasion Clause: Evasion abilities, items, and moves are banned\n|rule|Evasion Abilities Clause: Evasion abilities are banned\n|rule|Evasion Items Clause: Evasion items are banned\n|rule|Evasion Moves Clause: Evasion moves are banned\n|rule|Species Clause: Limit one of each Pok\u00e9mon\n|rule|Sleep Clause Mod: Limit one foe put to sleep\n|clearpoke\n|poke|p1|Gyarados, M|\n|poke|p1|Ninetales-Alola, M|\n|poke|p1|Kommo-o, F|\n|poke|p1|Heatran, M|\n|poke|p1|Gliscor, M|\n|poke|p1|Ogerpon-Wellspring, F|\n|poke|p2|Cresselia, F|\n|poke|p2|Mawile, M|\n|poke|p2|Conkeldurr, F|\n|poke|p2|Porygon2|\n|poke|p2|Tapu Lele|\n|poke|p2|Garchomp, F|\n|teampreview\n|inactive|Battle timer is ON: inactive players will automatically lose when time's up. (requested by Summer Teng)\n|j| Ada(n)gio\n|inactive|Summer Teng has 120 seconds left.\n|inactive|Rmpemeta has 120 seconds left.\n|\n|t:|1700970776\n|start\n|switch|p1a: Ninetales|Ninetales-Alola, M|100\/100\n|switch|p2a: Mawile|Mawile, M|100\/100\n|-weather|Snow|[from] ability: Snow Warning|[of] p1a: Ninetales\n|-ability|p2a: Mawile|Intimidate|boost\n|-unboost|p1a: Ninetales|atk|1\n|turn|1\n|c| Ada(n)gio|fino match\n|c|\u2606Rmpemeta|si era obvio\n|\n|t:|1700970793\n|switch|p1a: Heatran|Heatran, M|100\/100\n|move|p2a: Mawile|Iron Head|p1a: Heatran\n|-resisted|p1a: Heatran\n|-damage|p1a: Heatran|93\/100\n|\n|-weather|Snow|[upkeep]\n|-heal|p1a: Heatran|99\/100|[from] item: Leftovers\n|upkeep\n|turn|2\n|\n|t:|1700970802\n|switch|p2a: Cresselia|Cresselia, F|100\/100\n|move|p1a: Heatran|Stealth Rock|p2a: Cresselia\n|-sidestart|p2: Rmpemeta|move: Stealth Rock\n|\n|-weather|Snow|[upkeep]\n|-heal|p1a: Heatran|100\/100|[from] item: Leftovers\n|upkeep\n|turn|3\n|\n|t:|1700970822\n|switch|p1a: Ogerpon|Ogerpon-Wellspring, F|100\/100\n|move|p2a: Cresselia|Trick Room|p2a: Cresselia\n|-fieldstart|move: Trick Room|[of] p2a: Cresselia\n|\n|-weather|Snow|[upkeep]\n|upkeep\n|turn|4\n|\n|t:|1700970837\n|switch|p2a: Mawile|Mawile, M|100\/100\n|-damage|p2a: Mawile|94\/100|[from] Stealth Rock\n|-ability|p2a: Mawile|Intimidate|boost\n|-unboost|p1a: Ogerpon|atk|1\n|switch|p1a: Heatran|Heatran, M|100\/100\n|\n|-weather|Snow|[upkeep]\n|upkeep\n|turn|5\n|inactive|Rmpemeta has 120 seconds left.\n|\n|t:|1700970873\n|switch|p2a: Conkeldurr|Conkeldurr, F|100\/100\n|-damage|p2a: Conkeldurr|94\/100|[from] Stealth Rock\n|move|p1a: Heatran|Magma Storm|p2a: Conkeldurr\n|-damage|p2a: Conkeldurr|40\/100\n|-activate|p2a: Conkeldurr|move: Magma Storm|[of] p1a: Heatran\n|\n|-weather|none\n|-damage|p2a: Conkeldurr|28\/100|[from] move: Magma Storm|[partiallytrapped]\n|-status|p2a: Conkeldurr|brn|[from] item: Flame Orb\n|upkeep\n|turn|6\n|\n|t:|1700970888\n|move|p1a: Heatran|Protect|p1a: Heatran\n|-singleturn|p1a: Heatran|Protect\n|move|p2a: Conkeldurr|Knock Off|p1a: Heatran\n|-activate|p1a: Heatran|move: Protect\n|\n|-damage|p2a: Conkeldurr|21\/100 brn|[from] brn\n|-damage|p2a: Conkeldurr|9\/100 brn|[from] move: Magma Storm|[partiallytrapped]\n|upkeep\n|turn|7\n|\n|t:|1700970900\n|switch|p1a: Gyarados|Gyarados, M|100\/100\n|-ability|p1a: Gyarados|Intimidate|boost\n|-unboost|p2a: Conkeldurr|atk|1\n|move|p2a: Conkeldurr|Knock Off|p1a: Gyarados\n|-damage|p1a: Gyarados|68\/100\n|\n|-damage|p2a: Conkeldurr|3\/100 brn|[from] brn\n|-end|p2a: Conkeldurr|Magma Storm|[partiallytrapped]|[silent]\n|-fieldend|move: Trick Room\n|upkeep\n|turn|8\n|inactive|Rmpemeta has 120 seconds left.\n|c|\u2606Rmpemeta|ursaluna venia bien\n|c|\u2606Rmpemeta|xd\n|inactive|Summer Teng has 120 seconds left.\n|\n|t:|1700970932\n|detailschange|p1a: Gyarados|Gyarados-Mega, M\n|-mega|p1a: Gyarados|Gyarados|Gyaradosite\n|-ability|p1a: Gyarados|Mold Breaker\n|move|p1a: Gyarados|Waterfall|p2a: Conkeldurr\n|-damage|p2a: Conkeldurr|0 fnt\n|faint|p2a: Conkeldurr\n|\n|upkeep\n|inactive|Rmpemeta has 120 seconds left.\n|\n|t:|1700970945\n|switch|p2a: Garchomp|Garchomp, F|100\/100\n|-damage|p2a: Garchomp|94\/100|[from] Stealth Rock\n|turn|9\n|inactive|Rmpemeta has 120 seconds left.\n|\n|t:|1700970950\n|move|p2a: Garchomp|Substitute|p2a: Garchomp\n|-start|p2a: Garchomp|Substitute\n|-damage|p2a: Garchomp|69\/100\n|move|p1a: Gyarados|Ice Fang|p2a: Garchomp\n|-supereffective|p2a: Garchomp\n|-end|p2a: Garchomp|Substitute\n|\n|upkeep\n|turn|10\n|\n|t:|1700970957\n|-zpower|p2a: Garchomp\n|move|p2a: Garchomp|Devastating Drake|p1a: Gyarados|[zeffect]\n|-damage|p1a: Gyarados|0 fnt\n|faint|p1a: Gyarados\n|\n|upkeep\n|\n|t:|1700970962\n|switch|p1a: Ninetales|Ninetales-Alola, M|100\/100\n|-weather|Snow|[from] ability: Snow Warning|[of] p1a: Ninetales\n|turn|11\n|c| Ada(n)gio|ursaluna le hacia 6-0 a ese equipo\n|\n|t:|1700970981\n|switch|p2a: Tapu Lele|Tapu Lele|100\/100\n|-damage|p2a: Tapu Lele|88\/100|[from] Stealth Rock\n|-fieldstart|move: Psychic Terrain|[from] ability: Psychic Surge|[of] p2a: Tapu Lele\n|move|p1a: Ninetales|Aurora Veil|p1a: Ninetales\n|-sidestart|p1: Summer Teng|move: Aurora Veil\n|\n|-weather|Snow|[upkeep]\n|upkeep\n|turn|12\n|\n|t:|1700970997\n|move|p2a: Tapu Lele|Psychic|p1a: Ninetales\n|-damage|p1a: Ninetales|66\/100\n|move|p1a: Ninetales|Hypnosis|p2a: Tapu Lele|[miss]\n|-miss|p1a: Ninetales|p2a: Tapu Lele\n|\n|-weather|Snow|[upkeep]\n|upkeep\n|turn|13\n|\n|t:|1700971003\n|switch|p1a: Heatran|Heatran, M|100\/100\n|move|p2a: Tapu Lele|Psychic|p1a: Heatran\n|-resisted|p1a: Heatran\n|-damage|p1a: Heatran|92\/100\n|\n|-weather|Snow|[upkeep]\n|-heal|p1a: Heatran|98\/100|[from] item: Leftovers\n|upkeep\n|turn|14\n|\n|t:|1700971017\n|switch|p2a: Cresselia|Cresselia, F|100\/100\n|-damage|p2a: Cresselia|88\/100|[from] Stealth Rock\n|move|p1a: Heatran|Toxic|p2a: Cresselia\n|-status|p2a: Cresselia|tox\n|\n|-weather|Snow|[upkeep]\n|-heal|p1a: Heatran|100\/100|[from] item: Leftovers\n|-damage|p2a: Cresselia|82\/100 tox|[from] psn\n|upkeep\n|turn|15\n|inactive|Summer Teng has 120 seconds left.\n|inactive|Rmpemeta has 120 seconds left.\n|\n|t:|1700971057\n|move|p1a: Heatran|Magma Storm|p2a: Cresselia\n|-damage|p2a: Cresselia|59\/100 tox\n|-activate|p2a: Cresselia|move: Magma Storm|[of] p1a: Heatran\n|move|p2a: Cresselia|Trick Room|p2a: Cresselia\n|-fieldstart|move: Trick Room|[of] p2a: Cresselia\n|\n|-weather|none\n|-damage|p2a: Cresselia|47\/100 tox|[from] psn\n|-damage|p2a: Cresselia|35\/100 tox|[from] move: Magma Storm|[partiallytrapped]\n|-fieldend|move: Psychic Terrain\n|upkeep\n|turn|16\n|inactive|Summer Teng has 120 seconds left.\n|inactive|Rmpemeta has 120 seconds left.\n|\n|t:|1700971069\n|move|p2a: Cresselia|Lunar Dance|p2a: Cresselia\n|faint|p2a: Cresselia\n|move|p1a: Heatran|Magma Storm|p2: Cresselia|[notarget]\n|-fail|p1a: Heatran\n|\n|upkeep\n|inactive|Rmpemeta has 120 seconds left.\n|\n|t:|1700971079\n|switch|p2a: Garchomp|Garchomp, F|69\/100\n|-heal|p2a: Garchomp|100\/100|[from] move: Lunar Dance\n|-damage|p2a: Garchomp|94\/100|[from] Stealth Rock\n|turn|17\n|inactive|Rmpemeta has 120 seconds left.\n|inactive|Summer Teng has 120 seconds left.\n|\n|t:|1700971109\n|-terastallize|p1a: Heatran|Grass\n|move|p1a: Heatran|Toxic|p2a: Garchomp\n|-status|p2a: Garchomp|tox\n|move|p2a: Garchomp|Earthquake|p1a: Heatran\n|-resisted|p1a: Heatran\n|-damage|p1a: Heatran|90\/100\n|\n|-heal|p1a: Heatran|96\/100|[from] item: Leftovers\n|-damage|p2a: Garchomp|88\/100 tox|[from] psn\n|upkeep\n|turn|18\n|\n|t:|1700971130\n|switch|p1a: Ninetales|Ninetales-Alola, M|66\/100\n|-weather|Snow|[from] ability: Snow Warning|[of] p1a: Ninetales\n|switch|p2a: Mawile|Mawile, M|94\/100\n|-damage|p2a: Mawile|88\/100|[from] Stealth Rock\n|-ability|p2a: Mawile|Intimidate|boost\n|-unboost|p1a: Ninetales|atk|1\n|\n|-weather|Snow|[upkeep]\n|-sideend|p1: Summer Teng|move: Aurora Veil\n|upkeep\n|turn|19\n|\n|t:|1700971150\n|switch|p1a: Gliscor|Gliscor, M|100\/100\n|detailschange|p2a: Mawile|Mawile-Mega, M\n|-mega|p2a: Mawile|Mawile|Mawilite\n|move|p2a: Mawile|Iron Head|p1a: Gliscor\n|-damage|p1a: Gliscor|43\/100\n|\n|-weather|Snow|[upkeep]\n|-fieldend|move: Trick Room\n|-status|p1a: Gliscor|tox|[from] item: Toxic Orb\n|upkeep\n|turn|20\n|inactive|Summer Teng has 90 seconds left.\n|\n|t:|1700971172\n|switch|p2a: Porygon2|Porygon2|100\/100\n|-damage|p2a: Porygon2|88\/100|[from] Stealth Rock\n|-ability|p2a: Porygon2|Poison Heal|[from] ability: Trace|[of] p1a: Gliscor\n|move|p1a: Gliscor|Roost|p1a: Gliscor\n|-heal|p1a: Gliscor|93\/100 tox\n|-singleturn|p1a: Gliscor|move: Roost\n|\n|-weather|Snow|[upkeep]\n|-heal|p1a: Gliscor|100\/100 tox|[from] ability: Poison Heal\n|upkeep\n|turn|21\n|\n|t:|1700971184\n|move|p1a: Gliscor|Toxic|p2a: Porygon2\n|-status|p2a: Porygon2|tox\n|move|p2a: Porygon2|Trick Room|p2a: Porygon2\n|-fieldstart|move: Trick Room|[of] p2a: Porygon2\n|\n|-weather|Snow|[upkeep]\n|-heal|p2a: Porygon2|100\/100 tox|[from] ability: Poison Heal\n|upkeep\n|turn|22\n|\n|t:|1700971197\n|move|p2a: Porygon2|Ice Beam|p1a: Gliscor\n|-supereffective|p1a: Gliscor\n|-damage|p1a: Gliscor|15\/100 tox\n|move|p1a: Gliscor|Earthquake|p2a: Porygon2\n|-damage|p2a: Porygon2|83\/100 tox\n|\n|-weather|none\n|-heal|p2a: Porygon2|95\/100 tox|[from] ability: Poison Heal\n|-heal|p1a: Gliscor|28\/100 tox|[from] ability: Poison Heal\n|upkeep\n|turn|23\n|c|\u2606Rmpemeta|porigon es buen match contra landorus y gliscor\n|\n|t:|1700971209\n|switch|p1a: Heatran|Heatran, M, tera:Grass|96\/100\n|move|p2a: Porygon2|Ice Beam|p1a: Heatran\n|-supereffective|p1a: Heatran\n|-damage|p1a: Heatran|71\/100\n|\n|-heal|p1a: Heatran|77\/100|[from] item: Leftovers\n|-heal|p2a: Porygon2|100\/100 tox|[from] ability: Poison Heal\n|upkeep\n|turn|24\n|\n|t:|1700971218\n|move|p1a: Heatran|Protect|p1a: Heatran\n|-singleturn|p1a: Heatran|Protect\n|move|p2a: Porygon2|Ice Beam|p1a: Heatran\n|-activate|p1a: Heatran|move: Protect\n|\n|-heal|p1a: Heatran|83\/100|[from] item: Leftovers\n|upkeep\n|turn|25\n|c| Ada(n)gio|poison heal god\n|inactive|Summer Teng has 90 seconds left.\n|l| Ada(n)gio\n|\n|t:|1700971265\n|move|p2a: Porygon2|Ice Beam|p1a: Heatran\n|-supereffective|p1a: Heatran\n|-crit|p1a: Heatran\n|-damage|p1a: Heatran|43\/100\n|move|p1a: Heatran|Magma Storm|p2a: Porygon2|[miss]\n|-miss|p1a: Heatran|p2a: Porygon2\n|\n|-heal|p1a: Heatran|49\/100|[from] item: Leftovers\n|-fieldend|move: Trick Room\n|upkeep\n|turn|26\n|inactive|Rmpemeta has 120 seconds left.\n|inactive|Summer Teng has 60 seconds left.\n|\n|t:|1700971286\n|switch|p1a: Ogerpon|Ogerpon-Wellspring, F|100\/100\n|move|p2a: Porygon2|Ice Beam|p1a: Ogerpon\n|-damage|p1a: Ogerpon|74\/100\n|\n|upkeep\n|turn|27\n|inactive|Summer Teng has 60 seconds left.\n|\n|t:|1700971305\n|switch|p1a: Ninetales|Ninetales-Alola, M|66\/100\n|-weather|Snow|[from] ability: Snow Warning|[of] p1a: Ninetales\n|move|p2a: Porygon2|Trick Room|p2a: Porygon2\n|-fieldstart|move: Trick Room|[of] p2a: Porygon2\n|\n|-weather|Snow|[upkeep]\n|upkeep\n|turn|28\n|\n|t:|1700971315\n|switch|p2a: Mawile|Mawile-Mega, M|88\/100\n|-damage|p2a: Mawile|82\/100|[from] Stealth Rock\n|move|p1a: Ninetales|Aurora Veil|p1a: Ninetales\n|-sidestart|p1: Summer Teng|move: Aurora Veil\n|\n|-weather|Snow|[upkeep]\n|upkeep\n|turn|29\n|inactive|Summer Teng has 60 seconds left.\n|\n|t:|1700971348\n|move|p2a: Mawile|Swords Dance|p2a: Mawile\n|-boost|p2a: Mawile|atk|2\n|move|p1a: Ninetales|Hypnosis|p2a: Mawile\n|-status|p2a: Mawile|slp|[from] move: Hypnosis\n|\n|-weather|Snow|[upkeep]\n|upkeep\n|turn|30\n|\n|t:|1700971354\n|switch|p1a: Kommo-o|Kommo-o, F|100\/100\n|cant|p2a: Mawile|slp\n|\n|-weather|Snow|[upkeep]\n|upkeep\n|turn|31\n|\n|t:|1700971362\n|-curestatus|p2a: Mawile|slp|[msg]\n|move|p2a: Mawile|Iron Head|p1a: Kommo-o\n|-damage|p1a: Kommo-o|20\/100\n|cant|p1a: Kommo-o|flinch\n|\n|-weather|none\n|-fieldend|move: Trick Room\n|upkeep\n|turn|32\n|\n|t:|1700971369\n|move|p2a: Mawile|Sucker Punch|p1a: Kommo-o\n|-resisted|p1a: Kommo-o\n|-damage|p1a: Kommo-o|0 fnt\n|faint|p1a: Kommo-o\n|\n|upkeep\n|j| Ada(n)gio\n|c|\u2606Summer Teng|\uff1f\n|\n|t:|1700971384\n|switch|p1a: Ogerpon|Ogerpon-Wellspring, F|74\/100\n|turn|33\n|\n|t:|1700971396\n|move|p2a: Mawile|Sucker Punch|p1a: Ogerpon\n|-damage|p1a: Ogerpon|14\/100\n|move|p1a: Ogerpon|Trailblaze|p2a: Mawile\n|-resisted|p2a: Mawile\n|-damage|p2a: Mawile|69\/100\n|-boost|p1a: Ogerpon|spe|1\n|\n|upkeep\n|turn|34\n|l| Ada(n)gio\n|\n|t:|1700971405\n|move|p2a: Mawile|Sucker Punch||[still]\n|-fail|p2a: Mawile\n|move|p1a: Ogerpon|Encore|p2a: Mawile\n|-start|p2a: Mawile|Encore\n|\n|upkeep\n|turn|35\n|\n|t:|1700971417\n|switch|p1a: Ninetales|Ninetales-Alola, M|66\/100\n|-weather|Snow|[from] ability: Snow Warning|[of] p1a: Ninetales\n|move|p2a: Mawile|Sucker Punch||[still]\n|-fail|p2a: Mawile\n|\n|-weather|Snow|[upkeep]\n|-sideend|p1: Summer Teng|move: Aurora Veil\n|upkeep\n|turn|36\n|inactive|Summer Teng has 60 seconds left.\n|\n|t:|1700971431\n|switch|p2a: Porygon2|Porygon2|100\/100 tox\n|-damage|p2a: Porygon2|88\/100 tox|[from] Stealth Rock\n|-ability|p2a: Porygon2|Snow Warning|[from] ability: Trace|[of] p1a: Ninetales\n|move|p1a: Ninetales|Aurora Veil|p1a: Ninetales\n|-sidestart|p1: Summer Teng|move: Aurora Veil\n|\n|-weather|Snow|[upkeep]\n|-damage|p2a: Porygon2|82\/100 tox|[from] psn\n|upkeep\n|turn|37\n|inactive|Summer Teng has 60 seconds left.\n|\n|t:|1700971441\n|move|p1a: Ninetales|Freeze-Dry|p2a: Porygon2\n|-damage|p2a: Porygon2|68\/100 tox\n|move|p2a: Porygon2|Trick Room|p2a: Porygon2\n|-fieldstart|move: Trick Room|[of] p2a: Porygon2\n|\n|-weather|Snow|[upkeep]\n|-damage|p2a: Porygon2|55\/100 tox|[from] psn\n|upkeep\n|turn|38\n|\n|t:|1700971450\n|switch|p2a: Mawile|Mawile-Mega, M|69\/100\n|-damage|p2a: Mawile|63\/100|[from] Stealth Rock\n|move|p1a: Ninetales|Encore||[still]\n|-fail|p1a: Ninetales\n|\n|-weather|Snow|[upkeep]\n|upkeep\n|turn|39\n|\n|t:|1700971458\n|move|p2a: Mawile|Iron Head|p1a: Ninetales\n|-supereffective|p1a: Ninetales\n|-damage|p1a: Ninetales|0 fnt\n|faint|p1a: Ninetales\n|\n|-weather|none\n|upkeep\n|\n|t:|1700971464\n|switch|p1a: Heatran|Heatran, M, tera:Grass|49\/100\n|turn|40\n|\n|t:|1700971470\n|move|p2a: Mawile|Iron Head|p1a: Heatran\n|-damage|p1a: Heatran|18\/100\n|move|p1a: Heatran|Magma Storm|p2a: Mawile\n|-supereffective|p2a: Mawile\n|-damage|p2a: Mawile|0 fnt\n|faint|p2a: Mawile\n|\n|-heal|p1a: Heatran|24\/100|[from] item: Leftovers\n|upkeep\n|\n|t:|1700971478\n|switch|p2a: Porygon2|Porygon2|55\/100 tox\n|-damage|p2a: Porygon2|43\/100 tox|[from] Stealth Rock\n|-ability|p2a: Porygon2|Flash Fire|[from] ability: Trace|[of] p1a: Heatran\n|turn|41\n|inactive|Summer Teng has 90 seconds left.\n|\n|t:|1700971495\n|switch|p2a: Tapu Lele|Tapu Lele|88\/100\n|-damage|p2a: Tapu Lele|76\/100|[from] Stealth Rock\n|-fieldstart|move: Psychic Terrain|[from] ability: Psychic Surge|[of] p2a: Tapu Lele\n|move|p1a: Heatran|Protect||[still]\n|-fail|p1a: Heatran\n|\n|-heal|p1a: Heatran|31\/100|[from] item: Leftovers\n|-fieldend|move: Trick Room\n|upkeep\n|turn|42\n|inactive|Summer Teng has 90 seconds left.\n|\n|t:|1700971513\n|switch|p1a: Gliscor|Gliscor, M|28\/100 tox\n|-terastallize|p2a: Tapu Lele|Psychic\n|move|p2a: Tapu Lele|Psychic|p1a: Gliscor\n|-damage|p1a: Gliscor|0 fnt\n|faint|p1a: Gliscor\n|\n|upkeep\n|\n|t:|1700971516\n|switch|p1a: Ogerpon|Ogerpon-Wellspring, F|14\/100\n|turn|43\n|\n|t:|1700971522\n|move|p2a: Tapu Lele|Psychic|p1a: Ogerpon\n|-damage|p1a: Ogerpon|0 fnt\n|faint|p1a: Ogerpon\n|\n|-sideend|p1: Summer Teng|move: Aurora Veil\n|upkeep\n|\n|t:|1700971525\n|switch|p1a: Heatran|Heatran, M, tera:Grass|31\/100\n|turn|44\n|-message|Summer Teng forfeited.\n|\n|win|Rmpemeta\n|raw|Summer Teng's rating: 1357 &rarr; <strong>1333<\/strong><br \/>(-24 for losing)\n|raw|Rmpemeta's rating: 1282 &rarr; <strong>1312<\/strong><br \/>(+30 for winning)\n|l|\u2606Summer Teng\n","uploadtime":1700971583,"views":3,"p1id":"summerteng","p2id":"rmpemeta","formatid":"gen9nationaldex","rating":1312,"private":0,"password":""}