{"id":"gen9nationaldex-1993891961","p1":"fishuu","p2":"lbwllj","format":"[Gen 9] National Dex","log":"|j|\u2606fishuu\n|j|\u2606lbwllj\n|t:|1700371007\n|gametype|singles\n|player|p1|fishuu|akari|1451\n|player|p2|lbwllj|zinnia|1431\n|teamsize|p1|6\n|teamsize|p2|6\n|gen|9\n|tier|[Gen 9] National Dex\n|rated|\n|rule|HP Percentage Mod: HP is shown in percentages\n|rule|Endless Battle Clause: Forcing endless battles is banned\n|rule|OHKO Clause: OHKO moves are banned\n|rule|Evasion Clause: Evasion abilities, items, and moves are banned\n|rule|Evasion Abilities Clause: Evasion abilities are banned\n|rule|Evasion Items Clause: Evasion items are banned\n|rule|Evasion Moves Clause: Evasion moves are banned\n|rule|Species Clause: Limit one of each Pok\u00e9mon\n|rule|Sleep Clause Mod: Limit one foe put to sleep\n|clearpoke\n|poke|p1|Sableye, M|\n|poke|p1|Blissey, F|\n|poke|p1|Gliscor, M|\n|poke|p1|Clefable, M|\n|poke|p1|Dondozo, M|\n|poke|p1|Skarmory, M|\n|poke|p2|Great Tusk|\n|poke|p2|Moltres|\n|poke|p2|Durant, M|\n|poke|p2|Nihilego|\n|poke|p2|Zapdos|\n|poke|p2|Tapu Lele|\n|teampreview\n|inactive|Battle timer is ON: inactive players will automatically lose when time's up. (requested by fishuu)\n|\n|t:|1700371011\n|start\n|switch|p1a: Gliscor|Gliscor, M|100\/100\n|switch|p2a: Great Tusk|Great Tusk|100\/100\n|-enditem|p2a: Great Tusk|Booster Energy\n|-activate|p2a: Great Tusk|ability: Protosynthesis|[fromitem]\n|-start|p2a: Great Tusk|protosynthesisatk\n|turn|1\n|\n|t:|1700371031\n|move|p1a: Gliscor|Protect|p1a: Gliscor\n|-singleturn|p1a: Gliscor|Protect\n|move|p2a: Great Tusk|Rapid Spin|p1a: Gliscor\n|-activate|p1a: Gliscor|move: Protect\n|\n|-status|p1a: Gliscor|tox|[from] item: Toxic Orb\n|upkeep\n|turn|2\n|\n|t:|1700371037\n|switch|p1a: Sableye|Sableye, M|100\/100\n|move|p2a: Great Tusk|Ice Spinner|p1a: Sableye\n|-damage|p1a: Sableye|55\/100\n|\n|upkeep\n|turn|3\n|\n|t:|1700371043\n|switch|p1a: Dondozo|Dondozo, M|100\/100\n|move|p2a: Great Tusk|Headlong Rush|p1a: Dondozo\n|-damage|p1a: Dondozo|52\/100\n|-unboost|p2a: Great Tusk|def|1\n|-unboost|p2a: Great Tusk|spd|1\n|\n|-heal|p1a: Dondozo|58\/100|[from] item: Leftovers\n|upkeep\n|turn|4\n|\n|t:|1700371052\n|-terastallize|p2a: Great Tusk|Ground\n|move|p2a: Great Tusk|Headlong Rush|p1a: Dondozo\n|-damage|p1a: Dondozo|0 fnt\n|-unboost|p2a: Great Tusk|def|1\n|-unboost|p2a: Great Tusk|spd|1\n|faint|p1a: Dondozo\n|\n|upkeep\n|\n|t:|1700371063\n|switch|p1a: Skarmory|Skarmory, M|100\/100\n|turn|5\n|\n|t:|1700371067\n|move|p2a: Great Tusk|Close Combat|p1a: Skarmory\n|-damage|p1a: Skarmory|49\/100\n|-unboost|p2a: Great Tusk|def|1\n|-unboost|p2a: Great Tusk|spd|1\n|move|p1a: Skarmory|Whirlwind|p2a: Great Tusk\n|-end|p2a: Great Tusk|Protosynthesis|[silent]\n|drag|p2a: Nihilego|Nihilego|100\/100\n|\n|-heal|p1a: Skarmory|55\/100|[from] item: Leftovers\n|upkeep\n|turn|6\n|\n|t:|1700371072\n|switch|p1a: Blissey|Blissey, F|100\/100\n|move|p2a: Nihilego|Meteor Beam||[still]\n|-prepare|p2a: Nihilego|Meteor Beam\n|-boost|p2a: Nihilego|spa|1\n|-enditem|p2a: Nihilego|Power Herb\n|-anim|p2a: Nihilego|Meteor Beam|p1a: Blissey\n|-damage|p1a: Blissey|70\/100\n|\n|upkeep\n|turn|7\n|\n|t:|1700371076\n|move|p2a: Nihilego|Meteor Beam||[still]\n|-prepare|p2a: Nihilego|Meteor Beam\n|-boost|p2a: Nihilego|spa|1\n|move|p1a: Blissey|Seismic Toss|p2a: Nihilego\n|-damage|p2a: Nihilego|74\/100\n|\n|upkeep\n|turn|8\n|\n|t:|1700371080\n|move|p2a: Nihilego|Meteor Beam|p1a: Blissey|[from]lockedmove\n|-damage|p1a: Blissey|27\/100\n|move|p1a: Blissey|Soft-Boiled|p1a: Blissey\n|-heal|p1a: Blissey|77\/100\n|\n|upkeep\n|turn|9\n|\n|t:|1700371084\n|move|p2a: Nihilego|Meteor Beam||[still]\n|-prepare|p2a: Nihilego|Meteor Beam\n|-boost|p2a: Nihilego|spa|1\n|move|p1a: Blissey|Seismic Toss|p2a: Nihilego\n|-damage|p2a: Nihilego|48\/100\n|\n|upkeep\n|turn|10\n|\n|t:|1700371086\n|move|p2a: Nihilego|Meteor Beam|p1a: Blissey|[from]lockedmove\n|-damage|p1a: Blissey|22\/100\n|move|p1a: Blissey|Soft-Boiled|p1a: Blissey\n|-heal|p1a: Blissey|72\/100\n|\n|upkeep\n|turn|11\n|\n|t:|1700371090\n|move|p2a: Nihilego|Meteor Beam||[still]\n|-prepare|p2a: Nihilego|Meteor Beam\n|-boost|p2a: Nihilego|spa|1\n|move|p1a: Blissey|Soft-Boiled|p1a: Blissey\n|-heal|p1a: Blissey|100\/100\n|\n|upkeep\n|turn|12\n|\n|t:|1700371093\n|move|p2a: Nihilego|Meteor Beam|p1a: Blissey|[from]lockedmove|[miss]\n|-miss|p2a: Nihilego|p1a: Blissey\n|move|p1a: Blissey|Seismic Toss|p2a: Nihilego\n|-damage|p2a: Nihilego|21\/100\n|\n|upkeep\n|turn|13\n|\n|t:|1700371098\n|move|p2a: Nihilego|Sludge Wave|p1a: Blissey\n|-damage|p1a: Blissey|48\/100\n|move|p1a: Blissey|Seismic Toss|p2a: Nihilego\n|-damage|p2a: Nihilego|0 fnt\n|faint|p2a: Nihilego\n|\n|upkeep\n|\n|t:|1700371106\n|switch|p2a: Tapu Lele|Tapu Lele|100\/100\n|-fieldstart|move: Psychic Terrain|[from] ability: Psychic Surge|[of] p2a: Tapu Lele\n|turn|14\n|\n|t:|1700371108\n|move|p2a: Tapu Lele|Psyshock|p1a: Blissey\n|-damage|p1a: Blissey|0 fnt\n|faint|p1a: Blissey\n|\n|upkeep\n|\n|t:|1700371117\n|switch|p1a: Clefable|Clefable, M|100\/100\n|turn|15\n|\n|t:|1700371119\n|move|p2a: Tapu Lele|Psyshock|p1a: Clefable\n|-damage|p1a: Clefable|54\/100\n|move|p1a: Clefable|Toxic|p2a: Tapu Lele\n|-status|p2a: Tapu Lele|tox\n|\n|-heal|p1a: Clefable|60\/100|[from] item: Leftovers\n|-damage|p2a: Tapu Lele|94\/100 tox|[from] psn\n|upkeep\n|turn|16\n|\n|t:|1700371125\n|switch|p2a: Great Tusk|Great Tusk, tera:Ground|100\/100\n|move|p1a: Clefable|Soft-Boiled|p1a: Clefable\n|-heal|p1a: Clefable|100\/100\n|\n|upkeep\n|turn|17\n|\n|t:|1700371132\n|switch|p1a: Skarmory|Skarmory, M|55\/100\n|move|p2a: Great Tusk|Headlong Rush|p1a: Skarmory\n|-immune|p1a: Skarmory\n|\n|-heal|p1a: Skarmory|61\/100|[from] item: Leftovers\n|upkeep\n|turn|18\n|\n|t:|1700371135\n|move|p2a: Great Tusk|Close Combat|p1a: Skarmory\n|-damage|p1a: Skarmory|18\/100\n|-unboost|p2a: Great Tusk|def|1\n|-unboost|p2a: Great Tusk|spd|1\n|move|p1a: Skarmory|Roost|p1a: Skarmory\n|-heal|p1a: Skarmory|68\/100\n|-singleturn|p1a: Skarmory|move: Roost\n|\n|-heal|p1a: Skarmory|74\/100|[from] item: Leftovers\n|-fieldend|move: Psychic Terrain\n|upkeep\n|turn|19\n|\n|t:|1700371139\n|move|p2a: Great Tusk|Close Combat|p1a: Skarmory\n|-damage|p1a: Skarmory|32\/100\n|-unboost|p2a: Great Tusk|def|1\n|-unboost|p2a: Great Tusk|spd|1\n|move|p1a: Skarmory|Roost|p1a: Skarmory\n|-heal|p1a: Skarmory|82\/100\n|-singleturn|p1a: Skarmory|move: Roost\n|\n|-heal|p1a: Skarmory|88\/100|[from] item: Leftovers\n|upkeep\n|turn|20\n|\n|t:|1700371142\n|move|p2a: Great Tusk|Close Combat|p1a: Skarmory\n|-damage|p1a: Skarmory|41\/100\n|-unboost|p2a: Great Tusk|def|1\n|-unboost|p2a: Great Tusk|spd|1\n|move|p1a: Skarmory|Whirlwind|p2a: Great Tusk\n|-end|p2a: Great Tusk|Protosynthesis|[silent]\n|drag|p2a: Moltres|Moltres|100\/100\n|\n|-heal|p1a: Skarmory|47\/100|[from] item: Leftovers\n|upkeep\n|turn|21\n|\n|t:|1700371149\n|switch|p1a: Gliscor|Gliscor, M|100\/100 tox\n|move|p2a: Moltres|Burn Up|p1a: Gliscor\n|-damage|p1a: Gliscor|26\/100 tox\n|-start|p2a: Moltres|typechange|???\/Flying|[from] move: Burn Up\n|\n|-heal|p1a: Gliscor|39\/100 tox|[from] ability: Poison Heal\n|upkeep\n|turn|22\n|\n|t:|1700371153\n|switch|p2a: Zapdos|Zapdos|100\/100\n|move|p1a: Gliscor|Protect||[still]\n|-fail|p1a: Gliscor\n|\n|-heal|p1a: Gliscor|51\/100 tox|[from] ability: Poison Heal\n|upkeep\n|turn|23\n|\n|t:|1700371158\n|move|p1a: Gliscor|Protect|p1a: Gliscor\n|-singleturn|p1a: Gliscor|Protect\n|move|p2a: Zapdos|U-turn|p1a: Gliscor\n|-activate|p1a: Gliscor|move: Protect\n|\n|-heal|p1a: Gliscor|64\/100 tox|[from] ability: Poison Heal\n|upkeep\n|turn|24\n|\n|t:|1700371164\n|move|p2a: Zapdos|U-turn|p1a: Gliscor\n|-resisted|p1a: Gliscor\n|-damage|p1a: Gliscor|59\/100 tox\n|\n|t:|1700371168\n|switch|p2a: Great Tusk|Great Tusk, tera:Ground|100\/100|[from] U-turn\n|move|p1a: Gliscor|Knock Off|p2a: Great Tusk\n|-damage|p2a: Great Tusk|89\/100\n|\n|-heal|p1a: Gliscor|72\/100 tox|[from] ability: Poison Heal\n|upkeep\n|turn|25\n|\n|t:|1700371173\n|move|p1a: Gliscor|Protect|p1a: Gliscor\n|-singleturn|p1a: Gliscor|Protect\n|move|p2a: Great Tusk|Ice Spinner|p1a: Gliscor\n|-activate|p1a: Gliscor|move: Protect\n|\n|-heal|p1a: Gliscor|84\/100 tox|[from] ability: Poison Heal\n|upkeep\n|turn|26\n|\n|t:|1700371177\n|switch|p1a: Skarmory|Skarmory, M|47\/100\n|move|p2a: Great Tusk|Ice Spinner|p1a: Skarmory\n|-damage|p1a: Skarmory|28\/100\n|\n|-heal|p1a: Skarmory|34\/100|[from] item: Leftovers\n|upkeep\n|turn|27\n|\n|t:|1700371181\n|-terastallize|p1a: Skarmory|Poison\n|move|p2a: Great Tusk|Close Combat|p1a: Skarmory\n|-resisted|p1a: Skarmory\n|-damage|p1a: Skarmory|13\/100\n|-unboost|p2a: Great Tusk|def|1\n|-unboost|p2a: Great Tusk|spd|1\n|move|p1a: Skarmory|Roost|p1a: Skarmory\n|-heal|p1a: Skarmory|63\/100\n|\n|-heal|p1a: Skarmory|69\/100|[from] item: Leftovers\n|upkeep\n|turn|28\n|\n|t:|1700371192\n|switch|p1a: Gliscor|Gliscor, M|84\/100 tox\n|move|p2a: Great Tusk|Ice Spinner|p1a: Gliscor\n|-supereffective|p1a: Gliscor\n|-damage|p1a: Gliscor|9\/100 tox\n|\n|-heal|p1a: Gliscor|22\/100 tox|[from] ability: Poison Heal\n|upkeep\n|turn|29\n|\n|t:|1700371197\n|move|p1a: Gliscor|Protect|p1a: Gliscor\n|-singleturn|p1a: Gliscor|Protect\n|move|p2a: Great Tusk|Headlong Rush|p1a: Gliscor\n|-activate|p1a: Gliscor|move: Protect\n|\n|-heal|p1a: Gliscor|34\/100 tox|[from] ability: Poison Heal\n|upkeep\n|turn|30\n|\n|t:|1700371201\n|switch|p1a: Clefable|Clefable, M|100\/100\n|move|p2a: Great Tusk|Headlong Rush|p1a: Clefable\n|-damage|p1a: Clefable|34\/100\n|-unboost|p2a: Great Tusk|def|1\n|-unboost|p2a: Great Tusk|spd|1\n|\n|-heal|p1a: Clefable|40\/100|[from] item: Leftovers\n|upkeep\n|turn|31\n|\n|t:|1700371206\n|move|p2a: Great Tusk|Headlong Rush|p1a: Clefable\n|-damage|p1a: Clefable|0 fnt\n|-unboost|p2a: Great Tusk|def|1\n|-unboost|p2a: Great Tusk|spd|1\n|faint|p1a: Clefable\n|\n|upkeep\n|\n|t:|1700371208\n|switch|p1a: Gliscor|Gliscor, M|34\/100 tox\n|turn|32\n|\n|t:|1700371210\n|move|p1a: Gliscor|Protect|p1a: Gliscor\n|-singleturn|p1a: Gliscor|Protect\n|move|p2a: Great Tusk|Ice Spinner|p1a: Gliscor\n|-activate|p1a: Gliscor|move: Protect\n|\n|-heal|p1a: Gliscor|47\/100 tox|[from] ability: Poison Heal\n|upkeep\n|turn|33\n|\n|t:|1700371215\n|switch|p1a: Skarmory|Skarmory, M, tera:Poison|69\/100\n|move|p2a: Great Tusk|Headlong Rush|p1a: Skarmory\n|-supereffective|p1a: Skarmory\n|-damage|p1a: Skarmory|0 fnt\n|-unboost|p2a: Great Tusk|def|1\n|-unboost|p2a: Great Tusk|spd|1\n|faint|p1a: Skarmory\n|\n|upkeep\n|\n|t:|1700371217\n|switch|p1a: Sableye|Sableye, M|55\/100\n|turn|34\n|\n|t:|1700371222\n|move|p1a: Sableye|Recover|p1a: Sableye\n|-heal|p1a: Sableye|100\/100\n|move|p2a: Great Tusk|Ice Spinner|p1a: Sableye\n|-damage|p1a: Sableye|64\/100\n|\n|upkeep\n|turn|35\n|\n|t:|1700371229\n|detailschange|p1a: Sableye|Sableye-Mega, M\n|-mega|p1a: Sableye|Sableye|Sablenite\n|move|p2a: Great Tusk|Headlong Rush|p1a: Sableye\n|-damage|p1a: Sableye|0 fnt\n|-unboost|p2a: Great Tusk|def|1\n|-unboost|p2a: Great Tusk|spd|1\n|faint|p1a: Sableye\n|\n|upkeep\n|-message|fishuu forfeited.\n|\n|win|lbwllj\n|raw|fishuu's rating: 1451 &rarr; <strong>1430<\/strong><br \/>(-21 for losing)\n|raw|lbwllj's rating: 1431 &rarr; <strong>1452<\/strong><br \/>(+21 for winning)\n|l|\u2606fishuu\n","uploadtime":1700371236,"views":8,"p1id":"fishuu","p2id":"lbwllj","formatid":"gen9nationaldex","rating":1430,"private":0,"password":""}