{"id":"gen9nationaldex-1992363890","p1":"davonj80","p2":"MachPunch93","format":"[Gen 9] National Dex","log":"|j|\u2606davonj80\n|j|\u2606MachPunch93\n|t:|1700179025\n|gametype|singles\n|player|p1|davonj80|169|1600\n|player|p2|MachPunch93|alder|1639\n|teamsize|p1|6\n|teamsize|p2|6\n|gen|9\n|tier|[Gen 9] National Dex\n|rated|\n|rule|HP Percentage Mod: HP is shown in percentages\n|rule|Endless Battle Clause: Forcing endless battles is banned\n|rule|OHKO Clause: OHKO moves are banned\n|rule|Evasion Clause: Evasion abilities, items, and moves are banned\n|rule|Evasion Abilities Clause: Evasion abilities are banned\n|rule|Evasion Items Clause: Evasion items are banned\n|rule|Evasion Moves Clause: Evasion moves are banned\n|rule|Species Clause: Limit one of each Pok\u00e9mon\n|rule|Sleep Clause Mod: Limit one foe put to sleep\n|clearpoke\n|poke|p1|Ogerpon-Cornerstone, F|\n|poke|p1|Enamorus, F|\n|poke|p1|Alomomola, F|\n|poke|p1|Slowking-Galar, M|\n|poke|p1|Excadrill, F|\n|poke|p1|Tyranitar, M|\n|poke|p2|Torkoal, F|\n|poke|p2|Heatran, M|\n|poke|p2|Zapdos-Galar|\n|poke|p2|Venusaur, F|\n|poke|p2|Landorus-Therian, M|\n|poke|p2|Charizard, F|\n|teampreview\n|inactive|Battle timer is ON: inactive players will automatically lose when time's up. (requested by davonj80)\n|\n|t:|1700179034\n|start\n|switch|p1a: Slowking|Slowking-Galar, M|100\/100\n|switch|p2a: Heatran|Heatran, M|100\/100\n|-item|p2a: Heatran|Air Balloon\n|turn|1\n|\n|t:|1700179041\n|move|p2a: Heatran|Magma Storm|p1a: Slowking\n|-damage|p1a: Slowking|68\/100\n|-activate|p1a: Slowking|move: Magma Storm|[of] p2a: Heatran\n|move|p1a: Slowking|Future Sight|p2a: Heatran\n|-start|p1a: Slowking|move: Future Sight\n|\n|-damage|p1a: Slowking|55\/100|[from] move: Magma Storm|[partiallytrapped]\n|upkeep\n|turn|2\n|\n|t:|1700179049\n|move|p2a: Heatran|Taunt|p1a: Slowking\n|-start|p1a: Slowking|move: Taunt\n|cant|p1a: Slowking|move: Taunt|Chilly Reception\n|\n|-damage|p1a: Slowking|43\/100|[from] move: Magma Storm|[partiallytrapped]\n|upkeep\n|turn|3\n|\n|t:|1700179058\n|move|p2a: Heatran|Earth Power|p1a: Slowking\n|-supereffective|p1a: Slowking\n|-damage|p1a: Slowking|9\/100\n|move|p1a: Slowking|Sludge Bomb|p2a: Heatran\n|-immune|p2a: Heatran\n|\n|-end|p2a: Heatran|move: Future Sight\n|-resisted|p2a: Heatran\n|-damage|p2a: Heatran|79\/100\n|-enditem|p2a: Heatran|Air Balloon\n|-damage|p1a: Slowking|0 fnt|[from] move: Magma Storm|[partiallytrapped]\n|faint|p1a: Slowking\n|upkeep\n|\n|t:|1700179061\n|switch|p1a: Tyranitar|Tyranitar, M|100\/100\n|-weather|Sandstorm|[from] ability: Sand Stream|[of] p1a: Tyranitar\n|turn|4\n|\n|t:|1700179075\n|switch|p2a: Torkoal|Torkoal, F|100\/100\n|-weather|SunnyDay|[from] ability: Drought|[of] p2a: Torkoal\n|detailschange|p1a: Tyranitar|Tyranitar-Mega, M\n|-mega|p1a: Tyranitar|Tyranitar|Tyranitarite\n|-weather|Sandstorm|[from] ability: Sand Stream|[of] p1a: Tyranitar\n|move|p1a: Tyranitar|Stealth Rock|p2a: Torkoal\n|-sidestart|p2: MachPunch93|move: Stealth Rock\n|\n|-weather|Sandstorm|[upkeep]\n|-damage|p2a: Torkoal|94\/100|[from] Sandstorm\n|upkeep\n|turn|5\n|\n|t:|1700179089\n|move|p1a: Tyranitar|Stone Edge|p2a: Torkoal\n|-supereffective|p2a: Torkoal\n|-damage|p2a: Torkoal|0 fnt\n|faint|p2a: Torkoal\n|\n|-weather|Sandstorm|[upkeep]\n|upkeep\n|\n|t:|1700179096\n|switch|p2a: Landorus|Landorus-Therian, M|100\/100\n|-damage|p2a: Landorus|88\/100|[from] Stealth Rock\n|-ability|p2a: Landorus|Intimidate|boost\n|-unboost|p1a: Tyranitar|atk|1\n|turn|6\n|\n|t:|1700179101\n|switch|p1a: Ogerpon|Ogerpon-Cornerstone, F|100\/100\n|move|p2a: Landorus|Defog|p1a: Ogerpon\n|-unboost|p1a: Ogerpon|evasion|1\n|-sideend|p2: MachPunch93|Stealth Rock|[from] move: Defog|[of] p2a: Landorus\n|\n|-weather|Sandstorm|[upkeep]\n|upkeep\n|turn|7\n|\n|t:|1700179110\n|switch|p2a: Heatran|Heatran, M|79\/100\n|move|p1a: Ogerpon|Swords Dance|p1a: Ogerpon\n|-boost|p1a: Ogerpon|atk|2\n|\n|-weather|Sandstorm|[upkeep]\n|upkeep\n|turn|8\n|\n|t:|1700179117\n|move|p1a: Ogerpon|Ivy Cudgel|p2a: Heatran|[anim] Ivy Cudgel Rock\n|-damage|p2a: Heatran|0 fnt\n|faint|p2a: Heatran\n|\n|-weather|none\n|upkeep\n|\n|t:|1700179123\n|switch|p2a: Landorus|Landorus-Therian, M|88\/100\n|-ability|p2a: Landorus|Intimidate|boost\n|-unboost|p1a: Ogerpon|atk|1\n|turn|9\n|\n|t:|1700179129\n|-terastallize|p2a: Landorus|Dark\n|move|p2a: Landorus|Knock Off|p1a: Ogerpon\n|-damage|p1a: Ogerpon|52\/100\n|move|p1a: Ogerpon|Trailblaze|p2a: Landorus\n|-damage|p2a: Landorus|36\/100\n|-boost|p1a: Ogerpon|spe|1\n|\n|upkeep\n|turn|10\n|j| NCEPU\n|\n|t:|1700179139\n|move|p1a: Ogerpon|Trailblaze|p2a: Landorus\n|-damage|p2a: Landorus|0 fnt\n|-boost|p1a: Ogerpon|spe|1\n|faint|p2a: Landorus\n|\n|upkeep\n|c|\u2606davonj80|Gg\n|\n|t:|1700179146\n|switch|p2a: Venusaur|Venusaur, F|100\/100\n|turn|11\n|\n|t:|1700179150\n|-terastallize|p1a: Ogerpon|Rock\n|detailschange|p1a: Ogerpon|Ogerpon-Cornerstone-Tera, F, tera:Rock\n|-ability|p1a: Ogerpon|Embody Aspect (Cornerstone)|boost\n|-boost|p1a: Ogerpon|def|1\n|move|p1a: Ogerpon|Ivy Cudgel|p2a: Venusaur|[anim] Ivy Cudgel Rock\n|-damage|p2a: Venusaur|0 fnt\n|faint|p2a: Venusaur\n|\n|upkeep\n|c|\u2606MachPunch93|Ok that's actual insanity\n|c|\u2606MachPunch93|Don't know how that's allowed\n|inactive|MachPunch93 has 120 seconds left.\n|\n|t:|1700179184\n|switch|p2a: Zapdos|Zapdos-Galar|100\/100\n|turn|12\n|c|\u2606davonj80|Had to get on yo ass fast taunt heatran is so trash but annoying\n|c|\u2606davonj80|How is it broken? Lol. You played into it bad gg\n|\n|t:|1700179200\n|move|p1a: Ogerpon|Ivy Cudgel|p2a: Zapdos|[anim] Ivy Cudgel Rock\n|-damage|p2a: Zapdos|0 fnt\n|faint|p2a: Zapdos\n|\n|upkeep\n|inactive|MachPunch93 has 120 seconds left.\n|l| NCEPU\n|inactive|MachPunch93 has 90 seconds left.\n|l|\u2606davonj80\n|inactive|davonj80 disconnected and has a minute to reconnect!\n|player|p1|\n|c|\u2606MachPunch93|It literally just ohkod a resist type with only +1 ATL\n|c|\u2606MachPunch93|ATL\n|inactive|MachPunch93 has 60 seconds left.\n|j|\u2606davonj80\n|inactive|davonj80 reconnected.\n|player|p1|davonj80|169\n|\n|t:|1700179287\n|switch|p2a: Charizard|Charizard, F|100\/100\n|turn|13\n|c|\u2606davonj80|Its zapdos\n|c|\u2606davonj80|Galar\n|inactive|davonj80 has 120 seconds left.\n|c|\u2606davonj80|Are you serious?\n|\n|t:|1700179323\n|detailschange|p2a: Charizard|Charizard-Mega-X, F\n|-mega|p2a: Charizard|Charizard|Charizardite X\n|move|p1a: Ogerpon|Ivy Cudgel|p2a: Charizard|[anim] Ivy Cudgel Rock\n|-supereffective|p2a: Charizard\n|-damage|p2a: Charizard|0 fnt\n|faint|p2a: Charizard\n|\n|win|davonj80\n|raw|davonj80's rating: 1600 &rarr; <strong>1622<\/strong><br \/>(+22 for winning)\n|raw|MachPunch93's rating: 1639 &rarr; <strong>1617<\/strong><br \/>(-22 for losing)\n|c|\u2606MachPunch93|Ivysaur\n|c|\u2606MachPunch93|I mean\n|c|\u2606davonj80|Thats not a resist\n|c|\u2606davonj80|You just saying shit lol\n|c|\u2606davonj80|Gg\n|l|\u2606davonj80\n","uploadtime":1700179436,"views":6,"p1id":"davonj80","p2id":"machpunch93","formatid":"gen9nationaldex","rating":1617,"private":0,"password":""}