{"id":"gen9nationaldex-1999162561","p1":"smorey404","p2":"carasalazar","format":"[Gen 9] National Dex","log":"|html|<div class=\"broadcast-blue\"><strong>[Gen 9] National Dex is currently suspecting Sneasler! For information on how to participate check out the <a href=\"https:\/\/www.smogon.com\/forums\/threads\/sv-national-dex-suspect-8-just-dance.3731534\/\">suspect thread<\/a>.<\/strong><\/div>\n|j|\u2606smorey404\n|j|\u2606carasalazar\n|t:|1701040066\n|gametype|singles\n|player|p1|smorey404|2|1000\n|player|p2|carasalazar|firebreather|1000\n|teamsize|p1|6\n|teamsize|p2|6\n|gen|9\n|tier|[Gen 9] National Dex\n|rated|\n|rule|HP Percentage Mod: HP is shown in percentages\n|rule|Endless Battle Clause: Forcing endless battles is banned\n|rule|OHKO Clause: OHKO moves are banned\n|rule|Evasion Clause: Evasion abilities, items, and moves are banned\n|rule|Evasion Abilities Clause: Evasion abilities are banned\n|rule|Evasion Items Clause: Evasion items are banned\n|rule|Evasion Moves Clause: Evasion moves are banned\n|rule|Species Clause: Limit one of each Pok\u00e9mon\n|rule|Sleep Clause Mod: Limit one foe put to sleep\n|clearpoke\n|poke|p1|Dragonite, M|\n|poke|p1|Zeraora|\n|poke|p1|Garchomp, M|\n|poke|p1|Inteleon, M|\n|poke|p1|Breloom, F|\n|poke|p1|Raticate, M|\n|poke|p2|Mawile, M|\n|poke|p2|Slowbro, M|\n|poke|p2|Porygon2|\n|poke|p2|Shuckle, F|\n|poke|p2|Sudowoodo, M|\n|poke|p2|Snorlax, M|\n|teampreview\n|\n|t:|1701040074\n|start\n|switch|p1a: Garchomp|Garchomp, M, shiny|100\/100\n|switch|p2a: Slowbro|Slowbro, M|100\/100\n|turn|1\n|\n|t:|1701040084\n|move|p1a: Garchomp|Swords Dance|p1a: Garchomp\n|-boost|p1a: Garchomp|atk|2\n|move|p2a: Slowbro|Trick Room|p2a: Slowbro\n|-fieldstart|move: Trick Room|[of] p2a: Slowbro\n|\n|upkeep\n|turn|2\n|\n|t:|1701040094\n|switch|p2a: Shuckle|Shuckle, F|100\/100\n|move|p1a: Garchomp|Swords Dance|p1a: Garchomp\n|-boost|p1a: Garchomp|atk|2\n|\n|upkeep\n|turn|3\n|\n|t:|1701040103\n|move|p2a: Shuckle|Infestation|p1a: Garchomp\n|-damage|p1a: Garchomp|98\/100\n|-activate|p1a: Garchomp|move: Infestation|[of] p2a: Shuckle\n|-damage|p2a: Shuckle|88\/100|[from] ability: Rough Skin|[of] p1a: Garchomp\n|move|p1a: Garchomp|Scale Shot|p2a: Shuckle\n|-damage|p2a: Shuckle|59\/100\n|-damage|p2a: Shuckle|30\/100\n|-enditem|p2a: Shuckle|Sitrus Berry|[eat]\n|-heal|p2a: Shuckle|55\/100|[from] item: Sitrus Berry\n|-damage|p2a: Shuckle|22\/100\n|-damage|p2a: Shuckle|0 fnt\n|faint|p2a: Shuckle\n|-hitcount|p2: Shuckle|4\n|-unboost|p1a: Garchomp|def|1\n|-boost|p1a: Garchomp|spe|1\n|\n|-heal|p1a: Garchomp|100\/100|[from] item: Leftovers\n|-end|p1a: Garchomp|Infestation|[partiallytrapped]|[silent]\n|upkeep\n|\n|t:|1701040128\n|switch|p2a: Porygon2|Porygon2|100\/100\n|-ability|p2a: Porygon2|Download|boost\n|-boost|p2a: Porygon2|atk|1\n|turn|4\n|\n|t:|1701040133\n|move|p2a: Porygon2|Tri Attack|p1a: Garchomp\n|-damage|p1a: Garchomp|57\/100\n|move|p1a: Garchomp|Scale Shot|p2a: Porygon2\n|-damage|p2a: Porygon2|73\/100\n|-damage|p2a: Porygon2|46\/100\n|-hitcount|p2a: Porygon2|2\n|-unboost|p1a: Garchomp|def|1\n|-boost|p1a: Garchomp|spe|1\n|\n|-heal|p1a: Garchomp|64\/100|[from] item: Leftovers\n|upkeep\n|turn|5\n|\n|t:|1701040146\n|move|p2a: Porygon2|Tri Attack|p1a: Garchomp\n|-crit|p1a: Garchomp\n|-damage|p1a: Garchomp|0 fnt\n|faint|p1a: Garchomp\n|\n|-fieldend|move: Trick Room\n|upkeep\n|\n|t:|1701040162\n|switch|p1a: Dragonite|Dragonite, M, shiny|100\/100\n|turn|6\n|\n|t:|1701040168\n|switch|p2a: Slowbro|Slowbro, M|100\/100\n|move|p1a: Dragonite|Dragon Dance|p1a: Dragonite\n|-boost|p1a: Dragonite|atk|1\n|-boost|p1a: Dragonite|spe|1\n|\n|upkeep\n|turn|7\n|\n|t:|1701040175\n|move|p1a: Dragonite|Dragon Dance|p1a: Dragonite\n|-boost|p1a: Dragonite|atk|1\n|-boost|p1a: Dragonite|spe|1\n|move|p2a: Slowbro|Trick Room|p2a: Slowbro\n|-fieldstart|move: Trick Room|[of] p2a: Slowbro\n|\n|upkeep\n|turn|8\n|\n|t:|1701040183\n|switch|p2a: Snorlax|Snorlax, M|100\/100\n|move|p1a: Dragonite|Earthquake|p2a: Snorlax\n|-damage|p2a: Snorlax|35\/100\n|\n|upkeep\n|turn|9\n|\n|t:|1701040190\n|move|p2a: Snorlax|Ice Punch|p1a: Dragonite\n|-supereffective|p1a: Dragonite\n|-damage|p1a: Dragonite|56\/100\n|move|p1a: Dragonite|Dual Wingbeat|p2a: Snorlax\n|-damage|p2a: Snorlax|0 fnt\n|faint|p2a: Snorlax\n|-hitcount|p2: Snorlax|1\n|\n|upkeep\n|\n|t:|1701040202\n|switch|p2a: Porygon2|Porygon2|46\/100\n|-ability|p2a: Porygon2|Download|boost\n|-boost|p2a: Porygon2|atk|1\n|turn|10\n|c|\u2606smorey404|hehe\n|\n|t:|1701040208\n|move|p2a: Porygon2|Tri Attack|p1a: Dragonite\n|-crit|p1a: Dragonite\n|-damage|p1a: Dragonite|0 fnt\n|faint|p1a: Dragonite\n|\n|upkeep\n|\n|t:|1701040219\n|switch|p1a: Inteleon|Inteleon, M, shiny|100\/100\n|turn|11\n|\n|t:|1701040226\n|move|p2a: Porygon2|Recover|p2a: Porygon2\n|-heal|p2a: Porygon2|96\/100\n|move|p1a: Inteleon|Snipe Shot|p2a: Porygon2\n|-damage|p2a: Porygon2|65\/100\n|\n|-fieldend|move: Trick Room\n|upkeep\n|turn|12\n|c|\u2606smorey404|snipe\n|\n|t:|1701040235\n|switch|p2a: Slowbro|Slowbro, M|100\/100\n|move|p1a: Inteleon|Swords Dance|p1a: Inteleon\n|-boost|p1a: Inteleon|atk|2\n|\n|upkeep\n|turn|13\n|\n|t:|1701040244\n|move|p1a: Inteleon|Snipe Shot|p2a: Slowbro\n|-resisted|p2a: Slowbro\n|-damage|p2a: Slowbro|84\/100\n|move|p2a: Slowbro|Trick Room|p2a: Slowbro\n|-fieldstart|move: Trick Room|[of] p2a: Slowbro\n|\n|-heal|p2a: Slowbro|90\/100|[from] item: Leftovers\n|upkeep\n|turn|14\n|\n|t:|1701040255\n|switch|p2a: Sudowoodo|Sudowoodo, M|100\/100\n|move|p1a: Inteleon|Swords Dance|p1a: Inteleon\n|-boost|p1a: Inteleon|atk|2\n|\n|upkeep\n|turn|15\n|\n|t:|1701040264\n|move|p2a: Sudowoodo|Stealth Rock|p1a: Inteleon\n|-sidestart|p1: smorey404|move: Stealth Rock\n|move|p1a: Inteleon|Blizzard|p2a: Sudowoodo\n|-damage|p2a: Sudowoodo|28\/100\n|\n|upkeep\n|turn|16\n|\n|t:|1701040276\n|move|p2a: Sudowoodo|Double-Edge|p1a: Inteleon\n|-damage|p1a: Inteleon|23\/100\n|-damage|p2a: Sudowoodo|18\/100|[from] item: Life Orb\n|move|p1a: Inteleon|Blizzard|p2a: Sudowoodo\n|-damage|p2a: Sudowoodo|0 fnt\n|faint|p2a: Sudowoodo\n|\n|upkeep\n|\n|t:|1701040285\n|switch|p2a: Slowbro|Slowbro, M|100\/100\n|turn|17\n|\n|t:|1701040289\n|move|p2a: Slowbro|Scald|p1a: Inteleon\n|-resisted|p1a: Inteleon\n|-damage|p1a: Inteleon|0 fnt\n|faint|p1a: Inteleon\n|\n|-fieldend|move: Trick Room\n|upkeep\n|\n|t:|1701040297\n|switch|p1a: Zeraora|Zeraora, shiny|100\/100\n|-damage|p1a: Zeraora|88\/100|[from] Stealth Rock\n|turn|18\n|\n|t:|1701040303\n|move|p1a: Zeraora|Close Combat|p2a: Slowbro\n|-resisted|p2a: Slowbro\n|-damage|p2a: Slowbro|82\/100\n|-unboost|p1a: Zeraora|def|1\n|-unboost|p1a: Zeraora|spd|1\n|move|p2a: Slowbro|Trick Room|p2a: Slowbro\n|-fieldstart|move: Trick Room|[of] p2a: Slowbro\n|\n|-heal|p2a: Slowbro|88\/100|[from] item: Leftovers\n|upkeep\n|turn|19\n|\n|t:|1701040314\n|switch|p2a: Mawile|Mawile, M|100\/100\n|move|p1a: Zeraora|Close Combat|p2a: Mawile\n|-damage|p2a: Mawile|37\/100\n|-unboost|p1a: Zeraora|def|1\n|-unboost|p1a: Zeraora|spd|1\n|\n|upkeep\n|turn|20\n|\n|t:|1701040331\n|detailschange|p2a: Mawile|Mawile-Mega, M\n|-mega|p2a: Mawile|Mawile|Mawilite\n|move|p2a: Mawile|Iron Head|p1a: Zeraora\n|-resisted|p1a: Zeraora\n|-damage|p1a: Zeraora|0 fnt\n|faint|p1a: Zeraora\n|\n|upkeep\n|\n|t:|1701040341\n|switch|p1a: Raticate|Raticate, M, shiny|100\/100\n|-damage|p1a: Raticate|88\/100|[from] Stealth Rock\n|turn|21\n|\n|t:|1701040347\n|move|p2a: Mawile|Iron Head|p1a: Raticate\n|-damage|p1a: Raticate|0 fnt\n|faint|p1a: Raticate\n|\n|upkeep\n|\n|t:|1701040353\n|switch|p1a: Breloom|Breloom, F, shiny|100\/100\n|-damage|p1a: Breloom|94\/100|[from] Stealth Rock\n|turn|22\n|\n|t:|1701040359\n|move|p2a: Mawile|Play Rough|p1a: Breloom\n|-supereffective|p1a: Breloom\n|-damage|p1a: Breloom|0 fnt\n|faint|p1a: Breloom\n|\n|win|carasalazar\n|raw|smorey404's rating: 1000 &rarr; <strong>1000<\/strong><br \/>(+0 for losing)\n|raw|carasalazar's rating: 1000 &rarr; <strong>1040<\/strong><br \/>(+40 for winning)\n","uploadtime":1701040380,"views":2,"p1id":"smorey404","p2id":"carasalazar","formatid":"gen9nationaldex","rating":1000,"private":0,"password":""}