{"id":"gen9nationaldex-1988226540","p1":"Hittite Jumpscare","p2":"Sirrawrzy","format":"[Gen 9] National Dex","log":"|j|\u2606Hittite Jumpscare\n|j|\u2606Sirrawrzy\n|t:|1699689237\n|gametype|singles\n|player|p1|Hittite Jumpscare|nate|1547\n|player|p2|Sirrawrzy|emmet|1540\n|teamsize|p1|6\n|teamsize|p2|6\n|gen|9\n|tier|[Gen 9] National Dex\n|rated|\n|rule|HP Percentage Mod: HP is shown in percentages\n|rule|Endless Battle Clause: Forcing endless battles is banned\n|rule|OHKO Clause: OHKO moves are banned\n|rule|Evasion Clause: Evasion abilities, items, and moves are banned\n|rule|Evasion Abilities Clause: Evasion abilities are banned\n|rule|Evasion Items Clause: Evasion items are banned\n|rule|Evasion Moves Clause: Evasion moves are banned\n|rule|Species Clause: Limit one of each Pok\u00e9mon\n|rule|Sleep Clause Mod: Limit one foe put to sleep\n|clearpoke\n|poke|p1|Moltres|\n|poke|p1|Ribombee, F|\n|poke|p1|Gyarados, M|\n|poke|p1|Gliscor, M|\n|poke|p1|Volcarona, F|\n|poke|p1|Porygon-Z|\n|poke|p2|Ninetales, M|\n|poke|p2|Venusaur, M|\n|poke|p2|Jolteon, M|\n|poke|p2|Blastoise, F|\n|poke|p2|Rhydon, F|\n|poke|p2|Dragonite, F|\n|teampreview\n|inactive|Battle timer is ON: inactive players will automatically lose when time's up. (requested by Hittite Jumpscare)\n|j| encostoo\n|\n|t:|1699689242\n|start\n|switch|p1a: Ribombee|Ribombee, F|100\/100\n|switch|p2a: Ninetales|Ninetales, M, shiny|100\/100\n|-weather|SunnyDay|[from] ability: Drought|[of] p2a: Ninetales\n|turn|1\n|\n|t:|1699689250\n|switch|p2a: Jolteon|Jolteon, M, shiny|100\/100\n|move|p1a: Ribombee|Sticky Web|p2a: Jolteon\n|-sidestart|p2: Sirrawrzy|move: Sticky Web\n|\n|-weather|SunnyDay|[upkeep]\n|-status|p2a: Jolteon|brn|[from] item: Flame Orb\n|upkeep\n|turn|2\n|\n|t:|1699689258\n|move|p2a: Jolteon|Copycat|p2a: Jolteon\n|move|p2a: Jolteon|Sticky Web|p1a: Ribombee|[from]move: Copycat\n|-sidestart|p1: Hittite Jumpscare|move: Sticky Web\n|move|p1a: Ribombee|Moonblast|p2a: Jolteon\n|-damage|p2a: Jolteon|52\/100 brn\n|\n|-weather|SunnyDay|[upkeep]\n|-damage|p2a: Jolteon|46\/100 brn|[from] brn\n|upkeep\n|turn|3\n|\n|t:|1699689265\n|move|p2a: Jolteon|Volt Switch|p1a: Ribombee\n|-damage|p1a: Ribombee|48\/100\n|\n|t:|1699689269\n|switch|p2a: Dragonite|Dragonite, F, shiny|100\/100|[from] Volt Switch\n|move|p1a: Ribombee|Moonblast|p2a: Dragonite\n|-supereffective|p2a: Dragonite\n|-damage|p2a: Dragonite|65\/100\n|\n|-weather|SunnyDay|[upkeep]\n|-heal|p2a: Dragonite|71\/100|[from] item: Leftovers\n|upkeep\n|turn|4\n|\n|t:|1699689277\n|move|p2a: Dragonite|Extreme Speed|p1a: Ribombee\n|-damage|p1a: Ribombee|0 fnt\n|faint|p1a: Ribombee\n|\n|-weather|SunnyDay|[upkeep]\n|-heal|p2a: Dragonite|78\/100|[from] item: Leftovers\n|upkeep\n|\n|t:|1699689285\n|switch|p1a: Porygon-Z|Porygon-Z|100\/100\n|-activate|p1a: Porygon-Z|move: Sticky Web\n|-unboost|p1a: Porygon-Z|spe|1\n|turn|5\n|\n|t:|1699689291\n|move|p1a: Porygon-Z|Ice Beam|p2a: Dragonite\n|-supereffective|p2a: Dragonite\n|-damage|p2a: Dragonite|0 fnt\n|faint|p2a: Dragonite\n|\n|-weather|none\n|upkeep\n|\n|t:|1699689303\n|switch|p2a: Blastoise|Blastoise, F, shiny|100\/100\n|-activate|p2a: Blastoise|move: Sticky Web\n|-unboost|p2a: Blastoise|spe|1\n|turn|6\n|\n|t:|1699689310\n|switch|p1a: Gyarados|Gyarados, M|100\/100\n|-ability|p1a: Gyarados|Intimidate|boost\n|-unboost|p2a: Blastoise|atk|1\n|move|p2a: Blastoise|Rapid Spin|p1a: Gyarados\n|-damage|p1a: Gyarados|93\/100\n|-boost|p2a: Blastoise|spe|1\n|-sideend|p2: Sirrawrzy|Sticky Web|[from] move: Rapid Spin|[of] p2a: Blastoise\n|\n|upkeep\n|turn|7\n|\n|t:|1699689318\n|detailschange|p1a: Gyarados|Gyarados-Mega, M\n|-mega|p1a: Gyarados|Gyarados|Gyaradosite\n|-ability|p1a: Gyarados|Mold Breaker\n|move|p1a: Gyarados|Dragon Dance|p1a: Gyarados\n|-boost|p1a: Gyarados|atk|1\n|-boost|p1a: Gyarados|spe|1\n|move|p2a: Blastoise|Flip Turn|p1a: Gyarados\n|-resisted|p1a: Gyarados\n|-damage|p1a: Gyarados|87\/100\n|\n|t:|1699689323\n|switch|p2a: Jolteon|Jolteon, M, shiny|46\/100 brn|[from] Flip Turn\n|\n|-damage|p2a: Jolteon|39\/100 brn|[from] brn\n|upkeep\n|turn|8\n|\n|t:|1699689330\n|move|p2a: Jolteon|Volt Switch|p1a: Gyarados\n|-supereffective|p1a: Gyarados\n|-damage|p1a: Gyarados|32\/100\n|\n|t:|1699689334\n|switch|p2a: Blastoise|Blastoise, F, shiny|100\/100|[from] Volt Switch\n|move|p1a: Gyarados|Earthquake|p2a: Blastoise\n|-damage|p2a: Blastoise|57\/100\n|\n|upkeep\n|turn|9\n|\n|t:|1699689343\n|move|p1a: Gyarados|Dragon Dance|p1a: Gyarados\n|-boost|p1a: Gyarados|atk|1\n|-boost|p1a: Gyarados|spe|1\n|move|p2a: Blastoise|Body Press|p1a: Gyarados\n|-supereffective|p1a: Gyarados\n|-damage|p1a: Gyarados|0 fnt\n|faint|p1a: Gyarados\n|\n|upkeep\n|\n|t:|1699689353\n|switch|p1a: Porygon-Z|Porygon-Z|100\/100\n|-activate|p1a: Porygon-Z|move: Sticky Web\n|-unboost|p1a: Porygon-Z|spe|1\n|turn|10\n|\n|t:|1699689358\n|move|p1a: Porygon-Z|Thunderbolt|p2a: Blastoise\n|-supereffective|p2a: Blastoise\n|-damage|p2a: Blastoise|18\/100\n|move|p2a: Blastoise|Dragon Tail|p1a: Porygon-Z\n|-damage|p1a: Porygon-Z|82\/100\n|drag|p1a: Gliscor|Gliscor, M|100\/100\n|\n|-status|p1a: Gliscor|tox|[from] item: Toxic Orb\n|upkeep\n|turn|11\n|\n|t:|1699689368\n|switch|p2a: Rhydon|Rhydon, F, shiny|100\/100\n|move|p1a: Gliscor|Earthquake|p2a: Rhydon\n|-supereffective|p2a: Rhydon\n|-damage|p2a: Rhydon|72\/100\n|\n|upkeep\n|turn|12\n|\n|t:|1699689374\n|move|p1a: Gliscor|Knock Off|p2a: Rhydon\n|-damage|p2a: Rhydon|61\/100\n|-enditem|p2a: Rhydon|Eviolite|[from] move: Knock Off|[of] p1a: Gliscor\n|move|p2a: Rhydon|Stealth Rock|p1a: Gliscor\n|-sidestart|p1: Hittite Jumpscare|move: Stealth Rock\n|\n|upkeep\n|turn|13\n|\n|t:|1699689380\n|move|p1a: Gliscor|Toxic|p2a: Rhydon\n|-status|p2a: Rhydon|tox\n|move|p2a: Rhydon|Avalanche|p1a: Gliscor\n|-supereffective|p1a: Gliscor\n|-damage|p1a: Gliscor|52\/100 tox\n|\n|-heal|p1a: Gliscor|64\/100 tox|[from] ability: Poison Heal\n|-damage|p2a: Rhydon|55\/100 tox|[from] psn\n|upkeep\n|turn|14\n|\n|t:|1699689391\n|switch|p1a: Moltres|Moltres|100\/100\n|move|p2a: Rhydon|Avalanche|p1a: Moltres\n|-damage|p1a: Moltres|84\/100\n|\n|-damage|p2a: Rhydon|43\/100 tox|[from] psn\n|upkeep\n|turn|15\n|\n|t:|1699689399\n|switch|p2a: Blastoise|Blastoise, F, shiny|18\/100\n|move|p1a: Moltres|Defog|p2a: Blastoise\n|-unboost|p2a: Blastoise|evasion|1\n|-sideend|p1: Hittite Jumpscare|Stealth Rock|[from] move: Defog|[of] p1a: Moltres\n|-sideend|p1: Hittite Jumpscare|Sticky Web|[from] move: Defog|[of] p1a: Moltres\n|\n|upkeep\n|turn|16\n|\n|t:|1699689406\n|move|p1a: Moltres|Flamethrower|p2a: Blastoise\n|-resisted|p2a: Blastoise\n|-damage|p2a: Blastoise|7\/100\n|move|p2a: Blastoise|Flip Turn|p1a: Moltres\n|-supereffective|p1a: Moltres\n|-damage|p1a: Moltres|55\/100\n|-status|p2a: Blastoise|brn|[from] ability: Flame Body|[of] p1a: Moltres\n|\n|t:|1699689411\n|switch|p2a: Jolteon|Jolteon, M, shiny|39\/100 brn|[from] Flip Turn\n|\n|-damage|p2a: Jolteon|33\/100 brn|[from] brn\n|upkeep\n|turn|17\n|\n|t:|1699689419\n|-terastallize|p2a: Jolteon|Ice\n|move|p2a: Jolteon|Tera Blast|p1a: Moltres|[anim] Tera Blast Ice\n|-damage|p1a: Moltres|26\/100\n|move|p1a: Moltres|Roost|p1a: Moltres\n|-heal|p1a: Moltres|76\/100\n|-singleturn|p1a: Moltres|move: Roost\n|\n|-damage|p2a: Jolteon|27\/100 brn|[from] brn\n|upkeep\n|turn|18\n|l| encostoo\n|\n|t:|1699689428\n|move|p2a: Jolteon|Volt Switch|p1a: Moltres\n|-supereffective|p1a: Moltres\n|-damage|p1a: Moltres|22\/100\n|\n|t:|1699689432\n|switch|p2a: Ninetales|Ninetales, M, shiny|100\/100|[from] Volt Switch\n|-weather|SunnyDay|[from] ability: Drought|[of] p2a: Ninetales\n|move|p1a: Moltres|Flamethrower|p2a: Ninetales\n|-resisted|p2a: Ninetales\n|-damage|p2a: Ninetales|72\/100\n|\n|-weather|SunnyDay|[upkeep]\n|upkeep\n|turn|19\n|\n|t:|1699689442\n|move|p2a: Ninetales|Weather Ball|p1a: Moltres\n|-resisted|p1a: Moltres\n|-damage|p1a: Moltres|0 fnt\n|faint|p1a: Moltres\n|\n|-weather|SunnyDay|[upkeep]\n|upkeep\n|\n|t:|1699689447\n|switch|p1a: Porygon-Z|Porygon-Z|82\/100\n|turn|20\n|\n|t:|1699689450\n|move|p2a: Ninetales|Weather Ball|p1a: Porygon-Z\n|-damage|p1a: Porygon-Z|0 fnt\n|faint|p1a: Porygon-Z\n|\n|-weather|SunnyDay|[upkeep]\n|upkeep\n|\n|t:|1699689457\n|switch|p1a: Volcarona|Volcarona, F|100\/100\n|turn|21\n|\n|t:|1699689463\n|move|p2a: Ninetales|Weather Ball|p1a: Volcarona\n|-damage|p1a: Volcarona|37\/100\n|move|p1a: Volcarona|Quiver Dance|p1a: Volcarona\n|-boost|p1a: Volcarona|spa|1\n|-boost|p1a: Volcarona|spd|1\n|-boost|p1a: Volcarona|spe|1\n|\n|-weather|SunnyDay|[upkeep]\n|upkeep\n|turn|22\n|\n|t:|1699689471\n|-terastallize|p1a: Volcarona|Ground\n|move|p2a: Ninetales|Weather Ball|p1a: Volcarona\n|-damage|p1a: Volcarona|0 fnt\n|faint|p1a: Volcarona\n|\n|-weather|none\n|upkeep\n|\n|t:|1699689483\n|switch|p1a: Gliscor|Gliscor, M|64\/100 tox\n|turn|23\n|\n|t:|1699689487\n|switch|p2a: Blastoise|Blastoise, F, shiny|7\/100 brn\n|move|p1a: Gliscor|Earthquake|p2a: Blastoise\n|-damage|p2a: Blastoise|0 fnt\n|faint|p2a: Blastoise\n|\n|-heal|p1a: Gliscor|77\/100 tox|[from] ability: Poison Heal\n|upkeep\n|\n|t:|1699689491\n|switch|p2a: Ninetales|Ninetales, M, shiny|72\/100\n|-weather|SunnyDay|[from] ability: Drought|[of] p2a: Ninetales\n|turn|24\n|\n|t:|1699689499\n|move|p2a: Ninetales|Healing Wish|p2a: Ninetales\n|faint|p2a: Ninetales\n|move|p1a: Gliscor|Earthquake|p2: Ninetales|[notarget]\n|-fail|p1a: Gliscor\n|\n|-weather|SunnyDay|[upkeep]\n|-heal|p1a: Gliscor|89\/100 tox|[from] ability: Poison Heal\n|upkeep\n|\n|t:|1699689501\n|switch|p2a: Jolteon|Jolteon, M, shiny, tera:Ice|27\/100 brn\n|-heal|p2a: Jolteon|100\/100|[from] move: Healing Wish\n|turn|25\n|\n|t:|1699689510\n|move|p1a: Gliscor|Protect|p1a: Gliscor\n|-singleturn|p1a: Gliscor|Protect\n|move|p2a: Jolteon|Tera Blast|p1a: Gliscor|[anim] Tera Blast Ice\n|-activate|p1a: Gliscor|move: Protect\n|\n|-weather|SunnyDay|[upkeep]\n|-heal|p1a: Gliscor|100\/100 tox|[from] ability: Poison Heal\n|-status|p2a: Jolteon|brn|[from] item: Flame Orb\n|upkeep\n|turn|26\n|\n|t:|1699689519\n|move|p2a: Jolteon|Tera Blast|p1a: Gliscor|[anim] Tera Blast Ice\n|-supereffective|p1a: Gliscor\n|-damage|p1a: Gliscor|0 fnt\n|faint|p1a: Gliscor\n|\n|win|Sirrawrzy\n|raw|Hittite Jumpscare's rating: 1547 &rarr; <strong>1527<\/strong><br \/>(-20 for losing)\n|raw|Sirrawrzy's rating: 1540 &rarr; <strong>1560<\/strong><br \/>(+20 for winning)\n|c|\u2606Sirrawrzy|good game cool team\n|c|\u2606Hittite Jumpscare|gg\n","uploadtime":1699689526,"views":4,"p1id":"hittitejumpscare","p2id":"sirrawrzy","formatid":"gen9nationaldex","rating":1527,"private":0,"password":""}