{"id":"gen9nationaldex-1995293676","p1":"Sirrawrz","p2":"DGP PLAYER","format":"[Gen 9] National Dex","log":"|html|<div class=\"broadcast-blue\"><strong>[Gen 9] National Dex is currently suspecting Sneasler! For information on how to participate check out the <a href=\"https:\/\/www.smogon.com\/forums\/threads\/sv-national-dex-suspect-8-just-dance.3731534\/\">suspect thread<\/a>.<\/strong><\/div>\n|j|\u2606Sirrawrz\n|j|\u2606DGP PLAYER\n|t:|1700548349\n|gametype|singles\n|player|p1|Sirrawrz|emmet|1595\n|player|p2|DGP PLAYER|hilda-wonderlauncher|1628\n|teamsize|p1|6\n|teamsize|p2|6\n|gen|9\n|tier|[Gen 9] National Dex\n|rated|\n|rule|HP Percentage Mod: HP is shown in percentages\n|rule|Endless Battle Clause: Forcing endless battles is banned\n|rule|OHKO Clause: OHKO moves are banned\n|rule|Evasion Clause: Evasion abilities, items, and moves are banned\n|rule|Evasion Abilities Clause: Evasion abilities are banned\n|rule|Evasion Items Clause: Evasion items are banned\n|rule|Evasion Moves Clause: Evasion moves are banned\n|rule|Species Clause: Limit one of each Pok\u00e9mon\n|rule|Sleep Clause Mod: Limit one foe put to sleep\n|clearpoke\n|poke|p1|Ninetales, M|\n|poke|p1|Venusaur, M|\n|poke|p1|Jolteon, F|\n|poke|p1|Blastoise, F|\n|poke|p1|Rhydon, F|\n|poke|p1|Scyther, F|\n|poke|p2|Blaziken, F|\n|poke|p2|Banette, M|\n|poke|p2|Ogerpon-Wellspring, F|\n|poke|p2|Landorus-Therian, M|\n|poke|p2|Iron Valiant|\n|poke|p2|Rotom-Wash|\n|teampreview\n|inactive|Battle timer is ON: inactive players will automatically lose when time's up. (requested by DGP PLAYER)\n|c|\u2606Sirrawrz|hey againglhf\n|\n|t:|1700548373\n|start\n|switch|p1a: Jolteon|Jolteon, F, shiny|100\/100\n|switch|p2a: \u6d17\u8863\u673a|Rotom-Wash|100\/100\n|turn|1\n|c|\u2606DGP PLAYER|yeah\n|\n|t:|1700548390\n|switch|p2a: \u56f4\u5dfe\u571f\u732b|Landorus-Therian, M|100\/100\n|-ability|p2a: \u56f4\u5dfe\u571f\u732b|Intimidate|boost\n|-unboost|p1a: Jolteon|atk|1\n|move|p1a: Jolteon|Volt Switch|p2a: \u56f4\u5dfe\u571f\u732b\n|-immune|p2a: \u56f4\u5dfe\u571f\u732b\n|\n|-status|p1a: Jolteon|brn|[from] item: Flame Orb\n|upkeep\n|turn|2\n|\n|t:|1700548394\n|-terastallize|p1a: Jolteon|Ice\n|move|p1a: Jolteon|Tera Blast|p2a: \u56f4\u5dfe\u571f\u732b|[anim] Tera Blast Ice\n|-supereffective|p2a: \u56f4\u5dfe\u571f\u732b\n|-damage|p2a: \u56f4\u5dfe\u571f\u732b|0 fnt\n|faint|p2a: \u56f4\u5dfe\u571f\u732b\n|\n|-damage|p1a: Jolteon|94\/100 brn|[from] brn\n|upkeep\n|\n|t:|1700548398\n|switch|p2a: \u706b\u7130\u5764|Blaziken, F|100\/100\n|turn|3\n|\n|t:|1700548401\n|move|p1a: Jolteon|Volt Switch|p2a: \u706b\u7130\u5764\n|-damage|p2a: \u706b\u7130\u5764|48\/100\n|\n|t:|1700548405\n|switch|p1a: Blastoise|Blastoise, F, shiny|100\/100|[from] Volt Switch\n|move|p2a: \u706b\u7130\u5764|Swords Dance|p2a: \u706b\u7130\u5764\n|-boost|p2a: \u706b\u7130\u5764|atk|2\n|\n|-ability|p2a: \u706b\u7130\u5764|Speed Boost|boost\n|-boost|p2a: \u706b\u7130\u5764|spe|1\n|upkeep\n|turn|4\n|c|\u2606DGP PLAYER|wow Tera ice\n|\n|t:|1700548415\n|move|p2a: \u706b\u7130\u5764|Close Combat|p1a: Blastoise\n|-damage|p1a: Blastoise|23\/100\n|-unboost|p2a: \u706b\u7130\u5764|def|1\n|-unboost|p2a: \u706b\u7130\u5764|spd|1\n|move|p1a: Blastoise|Dragon Tail|p2a: \u706b\u7130\u5764\n|-damage|p2a: \u706b\u7130\u5764|22\/100\n|drag|p2a: \u692a\u692a|Ogerpon-Wellspring, F|100\/100\n|\n|upkeep\n|turn|5\n|c|\u2606Sirrawrz|it works for jolteon\n|\n|t:|1700548433\n|switch|p1a: Venusaur|Venusaur, M, shiny|100\/100\n|move|p2a: \u692a\u692a|Horn Leech|p1a: Venusaur\n|-resisted|p1a: Venusaur\n|-damage|p1a: Venusaur|85\/100\n|\n|upkeep\n|turn|6\n|\n|t:|1700548437\n|switch|p2a: \u8bc5\u5c06\u519b|Banette, M|100\/100\n|-item|p1a: Venusaur|Life Orb|[from] ability: Frisk|[of] p2a: \u8bc5\u5c06\u519b|[identify]\n|move|p1a: Venusaur|Sludge Bomb|p2a: \u8bc5\u5c06\u519b\n|-resisted|p2a: \u8bc5\u5c06\u519b\n|-damage|p2a: \u8bc5\u5c06\u519b|53\/100\n|-status|p2a: \u8bc5\u5c06\u519b|psn\n|-damage|p1a: Venusaur|75\/100|[from] item: Life Orb\n|\n|-damage|p2a: \u8bc5\u5c06\u519b|41\/100 psn|[from] psn\n|upkeep\n|turn|7\n|\n|t:|1700548446\n|switch|p1a: Rhydon|Rhydon, F, shiny|100\/100\n|detailschange|p2a: \u8bc5\u5c06\u519b|Banette-Mega, M\n|-mega|p2a: \u8bc5\u5c06\u519b|Banette|Banettite\n|move|p2a: \u8bc5\u5c06\u519b|Destiny Bond|p2a: \u8bc5\u5c06\u519b\n|-singlemove|p2a: \u8bc5\u5c06\u519b|Destiny Bond\n|\n|-damage|p2a: \u8bc5\u5c06\u519b|29\/100 psn|[from] psn\n|upkeep\n|turn|8\n|\n|t:|1700548449\n|move|p2a: \u8bc5\u5c06\u519b|Poltergeist|p1a: Rhydon\n|-activate|p1a: Rhydon|move: Poltergeist|Eviolite\n|-damage|p1a: Rhydon|65\/100\n|move|p1a: Rhydon|Earthquake|p2a: \u8bc5\u5c06\u519b\n|-damage|p2a: \u8bc5\u5c06\u519b|0 fnt\n|faint|p2a: \u8bc5\u5c06\u519b\n|\n|upkeep\n|\n|t:|1700548456\n|switch|p2a: \u692a\u692a|Ogerpon-Wellspring, F|100\/100\n|turn|9\n|\n|t:|1700548460\n|switch|p1a: Venusaur|Venusaur, M, shiny|75\/100\n|move|p2a: \u692a\u692a|Substitute|p2a: \u692a\u692a\n|-start|p2a: \u692a\u692a|Substitute\n|-damage|p2a: \u692a\u692a|76\/100\n|\n|upkeep\n|turn|10\n|\n|t:|1700548464\n|move|p2a: \u692a\u692a|Swords Dance|p2a: \u692a\u692a\n|-boost|p2a: \u692a\u692a|atk|2\n|move|p1a: Venusaur|Sludge Bomb|p2a: \u692a\u692a\n|-supereffective|p2a: \u692a\u692a\n|-end|p2a: \u692a\u692a|Substitute\n|-damage|p1a: Venusaur|65\/100|[from] item: Life Orb\n|\n|upkeep\n|turn|11\n|\n|t:|1700548469\n|switch|p1a: Blastoise|Blastoise, F, shiny|23\/100\n|-terastallize|p2a: \u692a\u692a|Water\n|detailschange|p2a: \u692a\u692a|Ogerpon-Wellspring-Tera, F, tera:Water\n|-ability|p2a: \u692a\u692a|Embody Aspect (Wellspring)|boost\n|-boost|p2a: \u692a\u692a|spd|1\n|move|p2a: \u692a\u692a|Ivy Cudgel|p1a: Blastoise|[anim] Ivy Cudgel Water\n|-resisted|p1a: Blastoise\n|-damage|p1a: Blastoise|0 fnt\n|faint|p1a: Blastoise\n|\n|upkeep\n|\n|t:|1700548478\n|switch|p1a: Jolteon|Jolteon, F, shiny, tera:Ice|94\/100 brn\n|turn|12\n|\n|t:|1700548481\n|move|p1a: Jolteon|Volt Switch|p2a: \u692a\u692a\n|-supereffective|p2a: \u692a\u692a\n|-damage|p2a: \u692a\u692a|28\/100\n|\n|t:|1700548490\n|switch|p1a: Ninetales|Ninetales, M, shiny|100\/100|[from] Volt Switch\n|-weather|SunnyDay|[from] ability: Drought|[of] p1a: Ninetales\n|move|p2a: \u692a\u692a|Horn Leech|p1a: Ninetales\n|-resisted|p1a: Ninetales\n|-damage|p1a: Ninetales|35\/100\n|-heal|p2a: \u692a\u692a|59\/100|[from] drain|[of] p1a: Ninetales\n|\n|-weather|SunnyDay|[upkeep]\n|upkeep\n|turn|13\n|\n|t:|1700548498\n|move|p1a: Ninetales|Solar Beam||[still]\n|-prepare|p1a: Ninetales|Solar Beam\n|-anim|p1a: Ninetales|Solar Beam|p2a: \u692a\u692a\n|-supereffective|p2a: \u692a\u692a\n|-damage|p2a: \u692a\u692a|12\/100\n|move|p2a: \u692a\u692a|Horn Leech|p1a: Ninetales\n|-resisted|p1a: Ninetales\n|-damage|p1a: Ninetales|0 fnt\n|-heal|p2a: \u692a\u692a|28\/100|[from] drain|[of] p1a: Ninetales\n|faint|p1a: Ninetales\n|\n|-weather|SunnyDay|[upkeep]\n|upkeep\n|\n|t:|1700548504\n|switch|p1a: Venusaur|Venusaur, M, shiny|65\/100\n|turn|14\n|\n|t:|1700548513\n|move|p1a: Venusaur|Giga Drain|p2a: \u692a\u692a\n|-supereffective|p2a: \u692a\u692a\n|-damage|p2a: \u692a\u692a|0 fnt\n|-heal|p1a: Venusaur|79\/100|[from] drain|[of] p2a: \u692a\u692a\n|faint|p2a: \u692a\u692a\n|-damage|p1a: Venusaur|69\/100|[from] item: Life Orb\n|\n|-weather|SunnyDay|[upkeep]\n|upkeep\n|\n|t:|1700548516\n|switch|p2a: \u706b\u7130\u5764|Blaziken, F|22\/100\n|turn|15\n|\n|t:|1700548519\n|move|p2a: \u706b\u7130\u5764|Protect|p2a: \u706b\u7130\u5764\n|-singleturn|p2a: \u706b\u7130\u5764|Protect\n|move|p1a: Venusaur|Giga Drain|p2a: \u706b\u7130\u5764\n|-activate|p2a: \u706b\u7130\u5764|move: Protect\n|\n|-weather|SunnyDay|[upkeep]\n|-ability|p2a: \u706b\u7130\u5764|Speed Boost|boost\n|-boost|p2a: \u706b\u7130\u5764|spe|1\n|upkeep\n|turn|16\n|\n|t:|1700548523\n|move|p1a: Venusaur|Giga Drain|p2a: \u706b\u7130\u5764\n|-resisted|p2a: \u706b\u7130\u5764\n|-damage|p2a: \u706b\u7130\u5764|0 fnt\n|-heal|p1a: Venusaur|80\/100|[from] drain|[of] p2a: \u706b\u7130\u5764\n|faint|p2a: \u706b\u7130\u5764\n|-damage|p1a: Venusaur|70\/100|[from] item: Life Orb\n|\n|-weather|none\n|upkeep\n|\n|t:|1700548526\n|switch|p2a: \u94c1\u5973\u4ec6|Iron Valiant|100\/100\n|-enditem|p2a: \u94c1\u5973\u4ec6|Booster Energy\n|-activate|p2a: \u94c1\u5973\u4ec6|ability: Quark Drive|[fromitem]\n|-start|p2a: \u94c1\u5973\u4ec6|quarkdrivespe\n|turn|17\n|c|\u2606DGP PLAYER|gg\n|-message|DGP PLAYER forfeited.\n|\n|win|Sirrawrz\n|raw|Sirrawrz's rating: 1595 &rarr; <strong>1617<\/strong><br \/>(+22 for winning)\n|raw|DGP PLAYER's rating: 1628 &rarr; <strong>1606<\/strong><br \/>(-22 for losing)\n|l|\u2606DGP PLAYER\n","uploadtime":1700548562,"views":1,"p1id":"sirrawrz","p2id":"dgpplayer","formatid":"gen9nationaldex","rating":1606,"private":0,"password":""}