{"id":"gen9nationaldex-1988725474","p1":"LumpyTanky","p2":"lowladders561","format":"[Gen 9] National Dex","log":"|j|\u2606LumpyTanky\n|j|\u2606lowladders561\n|t:|1699755279\n|gametype|singles\n|player|p1|LumpyTanky|170|1141\n|player|p2|lowladders561|169|1228\n|teamsize|p1|6\n|teamsize|p2|6\n|gen|9\n|tier|[Gen 9] National Dex\n|rated|\n|rule|HP Percentage Mod: HP is shown in percentages\n|rule|Endless Battle Clause: Forcing endless battles is banned\n|rule|OHKO Clause: OHKO moves are banned\n|rule|Evasion Clause: Evasion abilities, items, and moves are banned\n|rule|Evasion Abilities Clause: Evasion abilities are banned\n|rule|Evasion Items Clause: Evasion items are banned\n|rule|Evasion Moves Clause: Evasion moves are banned\n|rule|Species Clause: Limit one of each Pok\u00e9mon\n|rule|Sleep Clause Mod: Limit one foe put to sleep\n|clearpoke\n|poke|p1|Barraskewda, M|\n|poke|p1|Clefable, F|\n|poke|p1|Corviknight, M|\n|poke|p1|Arcanine, M|\n|poke|p1|Quagsire, F|\n|poke|p1|Butterfree, F|\n|poke|p2|Sceptile, F|\n|poke|p2|Blaziken, M|\n|poke|p2|Swampert, F|\n|poke|p2|Torterra, F|\n|poke|p2|Infernape, F|\n|poke|p2|Empoleon, F|\n|teampreview\n|inactive|Battle timer is ON: inactive players will automatically lose when time's up. (requested by lowladders561)\n|\n|t:|1699755304\n|start\n|switch|p1a: Quagsire|Quagsire, F|100\/100\n|switch|p2a: Torterra|Torterra, F|100\/100\n|turn|1\n|\n|t:|1699755313\n|move|p2a: Torterra|Shell Smash|p2a: Torterra\n|-unboost|p2a: Torterra|def|1\n|-unboost|p2a: Torterra|spd|1\n|-boost|p2a: Torterra|atk|2\n|-boost|p2a: Torterra|spa|2\n|-boost|p2a: Torterra|spe|2\n|move|p1a: Quagsire|Toxic|p2a: Torterra\n|-status|p2a: Torterra|tox\n|\n|-damage|p2a: Torterra|94\/100 tox|[from] psn\n|upkeep\n|turn|2\n|\n|t:|1699755338\n|move|p2a: Torterra|Bullet Seed|p1a: Quagsire\n|-supereffective|p1a: Quagsire\n|-damage|p1a: Quagsire|67\/100\n|-supereffective|p1a: Quagsire\n|-damage|p1a: Quagsire|37\/100\n|-supereffective|p1a: Quagsire\n|-damage|p1a: Quagsire|3\/100\n|-supereffective|p1a: Quagsire\n|-damage|p1a: Quagsire|0 fnt\n|faint|p1a: Quagsire\n|-hitcount|p1: Quagsire|4\n|\n|-damage|p2a: Torterra|82\/100 tox|[from] psn\n|upkeep\n|inactive|LumpyTanky has 120 seconds left.\n|\n|t:|1699755350\n|switch|p1a: Arcanine|Arcanine, M|100\/100\n|-ability|p1a: Arcanine|Intimidate|boost\n|-unboost|p2a: Torterra|atk|1\n|turn|3\n|\n|t:|1699755358\n|-terastallize|p2a: Torterra|Rock\n|move|p2a: Torterra|Rock Blast|p1a: Arcanine|[miss]\n|-miss|p2a: Torterra|p1a: Arcanine\n|move|p1a: Arcanine|Flare Blitz|p2a: Torterra\n|-resisted|p2a: Torterra\n|-damage|p2a: Torterra|42\/100 tox\n|-damage|p1a: Arcanine|88\/100|[from] Recoil\n|\n|-damage|p2a: Torterra|24\/100 tox|[from] psn\n|upkeep\n|turn|4\n|\n|t:|1699755370\n|move|p1a: Arcanine|Extreme Speed|p2a: Torterra\n|-resisted|p2a: Torterra\n|-damage|p2a: Torterra|6\/100 tox\n|move|p2a: Torterra|Rock Blast|p1a: Arcanine\n|-supereffective|p1a: Arcanine\n|-damage|p1a: Arcanine|49\/100\n|-supereffective|p1a: Arcanine\n|-damage|p1a: Arcanine|9\/100\n|-supereffective|p1a: Arcanine\n|-damage|p1a: Arcanine|0 fnt\n|faint|p1a: Arcanine\n|-hitcount|p1: Arcanine|3\n|\n|-damage|p2a: Torterra|0 fnt|[from] psn\n|faint|p2a: Torterra\n|upkeep\n|inactive|LumpyTanky has 120 seconds left.\n|\n|t:|1699755395\n|switch|p1a: Butterfree|Butterfree, F|100\/100\n|switch|p2a: Sceptile|Sceptile, F|100\/100\n|turn|5\n|inactive|LumpyTanky has 120 seconds left.\n|inactive|LumpyTanky has 90 seconds left.\n|\n|t:|1699755435\n|switch|p1a: Corviknight|Corviknight, M, shiny|100\/100\n|-ability|p1a: Corviknight|Pressure\n|move|p2a: Sceptile|Rock Slide|p1a: Corviknight\n|-damage|p1a: Corviknight|89\/100\n|\n|-heal|p1a: Corviknight|95\/100|[from] item: Leftovers\n|upkeep\n|turn|6\n|inactive|LumpyTanky has 90 seconds left.\n|\n|t:|1699755448\n|move|p2a: Sceptile|Swords Dance|p2a: Sceptile\n|-boost|p2a: Sceptile|atk|2\n|move|p1a: Corviknight|Bulk Up|p1a: Corviknight\n|-boost|p1a: Corviknight|atk|1\n|-boost|p1a: Corviknight|def|1\n|\n|-heal|p1a: Corviknight|100\/100|[from] item: Leftovers\n|upkeep\n|turn|7\n|\n|t:|1699755457\n|move|p2a: Sceptile|Swords Dance|p2a: Sceptile\n|-boost|p2a: Sceptile|atk|2\n|move|p1a: Corviknight|Body Press|p2a: Sceptile\n|-damage|p2a: Sceptile|33\/100\n|-enditem|p2a: Sceptile|Sitrus Berry|[eat]\n|-heal|p2a: Sceptile|58\/100|[from] item: Sitrus Berry\n|\n|upkeep\n|turn|8\n|\n|t:|1699755465\n|move|p2a: Sceptile|Rock Slide|p1a: Corviknight\n|-damage|p1a: Corviknight|76\/100\n|move|p1a: Corviknight|Body Press|p2a: Sceptile\n|-damage|p2a: Sceptile|0 fnt\n|faint|p2a: Sceptile\n|\n|-heal|p1a: Corviknight|82\/100|[from] item: Leftovers\n|upkeep\n|\n|t:|1699755475\n|switch|p2a: Infernape|Infernape, F|100\/100\n|turn|9\n|inactive|LumpyTanky has 90 seconds left.\n|\n|t:|1699755502\n|move|p2a: Infernape|Flamethrower|p1a: Corviknight\n|-supereffective|p1a: Corviknight\n|-damage|p1a: Corviknight|10\/100\n|move|p1a: Corviknight|Iron Head|p2a: Infernape\n|-resisted|p2a: Infernape\n|-damage|p2a: Infernape|72\/100\n|\n|-heal|p1a: Corviknight|17\/100|[from] item: Leftovers\n|upkeep\n|turn|10\n|\n|t:|1699755520\n|switch|p1a: Barraskewda|Barraskewda, M|100\/100\n|move|p2a: Infernape|Flamethrower|p1a: Barraskewda\n|-resisted|p1a: Barraskewda\n|-damage|p1a: Barraskewda|57\/100\n|-status|p1a: Barraskewda|brn\n|\n|-damage|p1a: Barraskewda|51\/100 brn|[from] brn\n|upkeep\n|turn|11\n|\n|t:|1699755530\n|move|p2a: Infernape|Vacuum Wave|p1a: Barraskewda\n|-damage|p1a: Barraskewda|13\/100 brn\n|move|p1a: Barraskewda|Liquidation|p2a: Infernape\n|-supereffective|p2a: Infernape\n|-damage|p2a: Infernape|0 fnt\n|faint|p2a: Infernape\n|\n|-damage|p1a: Barraskewda|7\/100 brn|[from] brn\n|upkeep\n|\n|t:|1699755538\n|switch|p2a: Swampert|Swampert, F|100\/100\n|turn|12\n|\n|t:|1699755545\n|move|p1a: Barraskewda|Liquidation|p2a: Swampert\n|-damage|p2a: Swampert|78\/100\n|move|p2a: Swampert|Stealth Rock|p1a: Barraskewda\n|-sidestart|p1: LumpyTanky|move: Stealth Rock\n|\n|-heal|p2a: Swampert|84\/100|[from] item: Leftovers\n|-damage|p1a: Barraskewda|1\/100 brn|[from] brn\n|upkeep\n|turn|13\n|inactive|LumpyTanky has 90 seconds left.\n|\n|t:|1699755581\n|move|p1a: Barraskewda|Liquidation|p2a: Swampert\n|-crit|p2a: Swampert\n|-damage|p2a: Swampert|47\/100\n|move|p2a: Swampert|Earthquake|p1a: Barraskewda\n|-damage|p1a: Barraskewda|0 fnt\n|faint|p1a: Barraskewda\n|\n|-heal|p2a: Swampert|53\/100|[from] item: Leftovers\n|upkeep\n|\n|t:|1699755590\n|switch|p1a: Corviknight|Corviknight, M, shiny|17\/100\n|-damage|p1a: Corviknight|4\/100|[from] Stealth Rock\n|-ability|p1a: Corviknight|Pressure\n|turn|14\n|inactive|LumpyTanky has 90 seconds left.\n|\n|t:|1699755612\n|move|p1a: Corviknight|Roost|p1a: Corviknight\n|-heal|p1a: Corviknight|54\/100\n|-singleturn|p1a: Corviknight|move: Roost\n|move|p2a: Swampert|Flip Turn|p1a: Corviknight\n|-damage|p1a: Corviknight|41\/100\n|\n|t:|1699755623\n|switch|p2a: Blaziken|Blaziken, M|100\/100|[from] Flip Turn\n|\n|-heal|p1a: Corviknight|47\/100|[from] item: Leftovers\n|upkeep\n|turn|15\n|inactive|LumpyTanky has 90 seconds left.\n|inactive|LumpyTanky has 60 seconds left.\n|\n|t:|1699755681\n|switch|p1a: Clefable|Clefable, F|100\/100\n|move|p2a: Blaziken|Swords Dance|p2a: Blaziken\n|-boost|p2a: Blaziken|atk|2\n|\n|-ability|p2a: Blaziken|Speed Boost|boost\n|-boost|p2a: Blaziken|spe|1\n|upkeep\n|turn|16\n|\n|t:|1699755689\n|move|p2a: Blaziken|Knock Off|p1a: Clefable\n|-resisted|p1a: Clefable\n|-damage|p1a: Clefable|66\/100\n|-enditem|p1a: Clefable|Leftovers|[from] move: Knock Off|[of] p2a: Blaziken\n|move|p1a: Clefable|Knock Off|p2a: Blaziken\n|-resisted|p2a: Blaziken\n|-damage|p2a: Blaziken|89\/100\n|-enditem|p2a: Blaziken|Focus Sash|[from] move: Knock Off|[of] p1a: Clefable\n|\n|-ability|p2a: Blaziken|Speed Boost|boost\n|-boost|p2a: Blaziken|spe|1\n|upkeep\n|turn|17\n|inactive|LumpyTanky has 60 seconds left.\n|\n|t:|1699755703\n|move|p2a: Blaziken|Swords Dance|p2a: Blaziken\n|-boost|p2a: Blaziken|atk|2\n|move|p1a: Clefable|Moonblast|p2a: Blaziken\n|-damage|p2a: Blaziken|37\/100\n|\n|-ability|p2a: Blaziken|Speed Boost|boost\n|-boost|p2a: Blaziken|spe|1\n|upkeep\n|turn|18\n|inactive|LumpyTanky has 60 seconds left.\n|\n|t:|1699755713\n|move|p2a: Blaziken|Close Combat|p1a: Clefable\n|-resisted|p1a: Clefable\n|-crit|p1a: Clefable\n|-damage|p1a: Clefable|0 fnt\n|-unboost|p2a: Blaziken|def|1\n|-unboost|p2a: Blaziken|spd|1\n|faint|p1a: Clefable\n|\n|-ability|p2a: Blaziken|Speed Boost|boost\n|-boost|p2a: Blaziken|spe|1\n|upkeep\n|inactive|LumpyTanky has 60 seconds left.\n|\n|t:|1699755722\n|switch|p1a: Corviknight|Corviknight, M, shiny|47\/100\n|-damage|p1a: Corviknight|34\/100|[from] Stealth Rock\n|-ability|p1a: Corviknight|Pressure\n|turn|19\n|c|\u2606lowladders561|and this is why you run unaware on clefable\n|\n|t:|1699755731\n|move|p2a: Blaziken|Knock Off|p1a: Corviknight\n|-damage|p1a: Corviknight|0 fnt\n|-enditem|p1a: Corviknight|Leftovers|[from] move: Knock Off|[of] p2a: Blaziken\n|faint|p1a: Corviknight\n|\n|-ability|p2a: Blaziken|Speed Boost|boost\n|-boost|p2a: Blaziken|spe|1\n|upkeep\n|\n|t:|1699755737\n|switch|p1a: Butterfree|Butterfree, F|100\/100\n|-damage|p1a: Butterfree|51\/100|[from] Stealth Rock\n|turn|20\n|c|\u2606lowladders561|and boots on butterfree\n|\n|t:|1699755749\n|move|p2a: Blaziken|Knock Off|p1a: Butterfree\n|-damage|p1a: Butterfree|0 fnt\n|-enditem|p1a: Butterfree|Leftovers|[from] move: Knock Off|[of] p2a: Blaziken\n|faint|p1a: Butterfree\n|\n|win|lowladders561\n|raw|LumpyTanky's rating: 1141 &rarr; <strong>1122<\/strong><br \/>(-19 for losing)\n|raw|lowladders561's rating: 1228 &rarr; <strong>1247<\/strong><br \/>(+19 for winning)\n|l|\u2606LumpyTanky\n|c|\u2606lowladders561|gg\n","uploadtime":1699755760,"views":5,"p1id":"lumpytanky","p2id":"lowladders561","formatid":"gen9nationaldex","rating":1122,"private":0,"password":""}