{"id":"gen9nationaldex-1992543000","p1":"shenxie","p2":"mtyqjltz5","format":"[Gen 9] National Dex","log":"|j|\u2606shenxie\n|j|\u2606mtyqjltz5\n|t:|1700202693\n|gametype|singles\n|player|p1|shenxie|steven|1441\n|player|p2|mtyqjltz5|elesa|1455\n|teamsize|p1|6\n|teamsize|p2|6\n|gen|9\n|tier|[Gen 9] National Dex\n|rated|\n|rule|HP Percentage Mod: HP is shown in percentages\n|rule|Endless Battle Clause: Forcing endless battles is banned\n|rule|OHKO Clause: OHKO moves are banned\n|rule|Evasion Clause: Evasion abilities, items, and moves are banned\n|rule|Evasion Abilities Clause: Evasion abilities are banned\n|rule|Evasion Items Clause: Evasion items are banned\n|rule|Evasion Moves Clause: Evasion moves are banned\n|rule|Species Clause: Limit one of each Pok\u00e9mon\n|rule|Sleep Clause Mod: Limit one foe put to sleep\n|clearpoke\n|poke|p1|Dragonite, M|\n|poke|p1|Diancie|\n|poke|p1|Great Tusk|\n|poke|p1|Zapdos|\n|poke|p1|Greninja-*, M|\n|poke|p1|Volcarona, F|\n|poke|p2|Pidgeot, M|\n|poke|p2|Rotom-Wash|\n|poke|p2|Slowking-Galar, M|\n|poke|p2|Rillaboom, M|\n|poke|p2|Ceruledge, M|\n|poke|p2|Great Tusk|\n|teampreview\n|inactive|Battle timer is ON: inactive players will automatically lose when time's up. (requested by mtyqjltz5)\n|\n|t:|1700202712\n|start\n|switch|p1a: Diancie|Diancie|100\/100\n|switch|p2a: Slowking|Slowking-Galar, M, shiny|100\/100\n|turn|1\n|\n|t:|1700202726\n|detailschange|p1a: Diancie|Diancie-Mega\n|-mega|p1a: Diancie|Diancie|Diancite\n|move|p1a: Diancie|Diamond Storm|p2a: Slowking\n|-damage|p2a: Slowking|46\/100\n|move|p2a: Slowking|Sludge Bomb|p1a: Diancie\n|-damage|p1a: Diancie|55\/100\n|\n|upkeep\n|turn|2\n|inactive|mtyqjltz5 has 120 seconds left.\n|inactive|mtyqjltz5 has 90 seconds left.\n|\n|t:|1700202790\n|switch|p2a: Great Tusk|Great Tusk|100\/100\n|move|p1a: Diancie|Moonblast|p2a: Great Tusk\n|-supereffective|p2a: Great Tusk\n|-damage|p2a: Great Tusk|0 fnt\n|faint|p2a: Great Tusk\n|-end|p2a: Great Tusk|Protosynthesis|[silent]\n|\n|upkeep\n|inactive|mtyqjltz5 has 90 seconds left.\n|\n|t:|1700202805\n|switch|p2a: Ceruledge|Ceruledge, M|100\/100\n|turn|3\n|\n|t:|1700202812\n|move|p1a: Diancie|Diamond Storm|p2a: Ceruledge\n|-supereffective|p2a: Ceruledge\n|-enditem|p2a: Ceruledge|Focus Sash\n|-damage|p2a: Ceruledge|1\/100\n|-boost|p1a: Diancie|def|2\n|-ability|p2a: Ceruledge|Weak Armor|boost\n|-unboost|p2a: Ceruledge|def|1\n|-boost|p2a: Ceruledge|spe|2\n|move|p2a: Ceruledge|Swords Dance|p2a: Ceruledge\n|-boost|p2a: Ceruledge|atk|2\n|\n|upkeep\n|turn|4\n|\n|t:|1700202821\n|move|p2a: Ceruledge|Poltergeist|p1a: Diancie\n|-activate|p1a: Diancie|move: Poltergeist|Diancite\n|-damage|p1a: Diancie|0 fnt\n|faint|p1a: Diancie\n|\n|upkeep\n|\n|t:|1700202826\n|switch|p1a: Greninja|Greninja, M|100\/100\n|turn|5\n|\n|t:|1700202843\n|switch|p2a: Slowking|Slowking-Galar, M, shiny|79\/100\n|move|p1a: Greninja|Ice Beam|p2a: Slowking\n|-damage|p2a: Slowking|58\/100\n|-damage|p1a: Greninja|91\/100|[from] item: Life Orb\n|\n|upkeep\n|turn|6\n|\n|t:|1700202855\n|move|p1a: Greninja|Dark Pulse|p2a: Slowking\n|-supereffective|p2a: Slowking\n|-damage|p2a: Slowking|8\/100\n|-damage|p1a: Greninja|81\/100|[from] item: Life Orb\n|move|p2a: Slowking|Future Sight|p1a: Greninja\n|-start|p2a: Slowking|move: Future Sight\n|\n|upkeep\n|turn|7\n|inactive|mtyqjltz5 has 90 seconds left.\n|\n|t:|1700202879\n|switch|p2a: Rillaboom|Rillaboom, M|100\/100\n|-fieldstart|move: Grassy Terrain|[from] ability: Grassy Surge|[of] p2a: Rillaboom\n|move|p1a: Greninja|Dark Pulse|p2a: Rillaboom\n|-damage|p2a: Rillaboom|41\/100\n|-damage|p1a: Greninja|71\/100|[from] item: Life Orb\n|\n|-heal|p1a: Greninja|77\/100|[from] Grassy Terrain\n|-heal|p2a: Rillaboom|47\/100|[from] Grassy Terrain\n|upkeep\n|turn|8\n|\n|t:|1700202898\n|switch|p1a: Volcarona|Volcarona, F|100\/100\n|move|p2a: Rillaboom|Grassy Glide|p1a: Volcarona\n|-resisted|p1a: Volcarona\n|-damage|p1a: Volcarona|75\/100\n|\n|-end|p1a: Volcarona|move: Future Sight\n|-damage|p1a: Volcarona|32\/100\n|-heal|p1a: Volcarona|38\/100|[from] Grassy Terrain\n|-heal|p2a: Rillaboom|53\/100|[from] Grassy Terrain\n|upkeep\n|turn|9\n|inactive|mtyqjltz5 has 90 seconds left.\n|\n|t:|1700202914\n|-terastallize|p2a: Rillaboom|Grass\n|move|p2a: Rillaboom|Grassy Glide|p1a: Volcarona\n|-resisted|p1a: Volcarona\n|-crit|p1a: Volcarona\n|-damage|p1a: Volcarona|0 fnt\n|faint|p1a: Volcarona\n|\n|-heal|p2a: Rillaboom|59\/100|[from] Grassy Terrain\n|upkeep\n|c|\u2606shenxie|nice ct\n|\n|t:|1700202923\n|switch|p1a: Zapdos|Zapdos|100\/100\n|turn|10\n|\n|t:|1700202932\n|switch|p2a: Slowking|Slowking-Galar, M, shiny|41\/100\n|-zpower|p1a: Zapdos\n|move|p1a: Zapdos|Supersonic Skystrike|p2a: Slowking|[zeffect]\n|-damage|p2a: Slowking|0 fnt\n|faint|p2a: Slowking\n|\n|upkeep\n|inactive|mtyqjltz5 has 90 seconds left.\n|\n|t:|1700202955\n|switch|p2a: Ceruledge|Ceruledge, M|1\/100\n|turn|11\n|\n|t:|1700202962\n|move|p2a: Ceruledge|Shadow Sneak|p1a: Zapdos\n|-crit|p1a: Zapdos\n|-damage|p1a: Zapdos|62\/100\n|move|p1a: Zapdos|Heat Wave|p2a: Ceruledge\n|-resisted|p2a: Ceruledge\n|-damage|p2a: Ceruledge|0 fnt\n|faint|p2a: Ceruledge\n|\n|-fieldend|move: Grassy Terrain\n|upkeep\n|\n|t:|1700202968\n|switch|p2a: Rotom|Rotom-Wash, shiny|100\/100\n|turn|12\n|c|\u2606shenxie|ct again\n|\n|t:|1700202972\n|move|p1a: Zapdos|Hurricane|p2a: Rotom\n|-resisted|p2a: Rotom\n|-damage|p2a: Rotom|69\/100\n|move|p2a: Rotom|Volt Switch|p1a: Zapdos\n|-damage|p1a: Zapdos|33\/100\n|\n|t:|1700202975\n|switch|p2a: Rillaboom|Rillaboom, M, tera:Grass|59\/100|[from] Volt Switch\n|-fieldstart|move: Grassy Terrain|[from] ability: Grassy Surge|[of] p2a: Rillaboom\n|\n|-heal|p2a: Rillaboom|65\/100|[from] Grassy Terrain\n|upkeep\n|turn|13\n|\n|t:|1700202978\n|move|p2a: Rillaboom|Grassy Glide|p1a: Zapdos\n|-resisted|p1a: Zapdos\n|-damage|p1a: Zapdos|0 fnt\n|faint|p1a: Zapdos\n|\n|-heal|p2a: Rillaboom|71\/100|[from] Grassy Terrain\n|upkeep\n|\n|t:|1700202987\n|switch|p1a: Dragonite|Dragonite, M|100\/100\n|turn|14\n|\n|t:|1700202991\n|switch|p2a: Rotom|Rotom-Wash, shiny|69\/100\n|move|p1a: Dragonite|Curse|p1a: Dragonite\n|-unboost|p1a: Dragonite|spe|1\n|-boost|p1a: Dragonite|atk|1\n|-boost|p1a: Dragonite|def|1\n|\n|-heal|p2a: Rotom|75\/100|[from] item: Leftovers\n|upkeep\n|turn|15\n|\n|t:|1700202998\n|move|p2a: Rotom|Will-O-Wisp|p1a: Dragonite\n|-status|p1a: Dragonite|brn\n|move|p1a: Dragonite|Curse|p1a: Dragonite\n|-unboost|p1a: Dragonite|spe|1\n|-boost|p1a: Dragonite|atk|1\n|-boost|p1a: Dragonite|def|1\n|\n|-heal|p2a: Rotom|81\/100|[from] item: Leftovers\n|-damage|p1a: Dragonite|94\/100 brn|[from] brn\n|upkeep\n|turn|16\n|\n|t:|1700203004\n|move|p2a: Rotom|Hydro Pump|p1a: Dragonite\n|-resisted|p1a: Dragonite\n|-damage|p1a: Dragonite|76\/100 brn\n|move|p1a: Dragonite|Curse|p1a: Dragonite\n|-unboost|p1a: Dragonite|spe|1\n|-boost|p1a: Dragonite|atk|1\n|-boost|p1a: Dragonite|def|1\n|\n|-heal|p2a: Rotom|88\/100|[from] item: Leftovers\n|-damage|p1a: Dragonite|69\/100 brn|[from] brn\n|-fieldend|move: Grassy Terrain\n|upkeep\n|turn|17\n|\n|t:|1700203009\n|move|p2a: Rotom|Volt Switch|p1a: Dragonite\n|-damage|p1a: Dragonite|46\/100 brn\n|\n|t:|1700203013\n|switch|p2a: Pidgeot|Pidgeot, M, shiny|100\/100|[from] Volt Switch\n|move|p1a: Dragonite|Roost|p1a: Dragonite\n|-heal|p1a: Dragonite|96\/100 brn\n|-singleturn|p1a: Dragonite|move: Roost\n|\n|-damage|p1a: Dragonite|90\/100 brn|[from] brn\n|upkeep\n|turn|18\n|\n|t:|1700203019\n|detailschange|p2a: Pidgeot|Pidgeot-Mega, M, shiny\n|-mega|p2a: Pidgeot|Pidgeot|Pidgeotite\n|move|p2a: Pidgeot|Hurricane|p1a: Dragonite\n|-damage|p1a: Dragonite|34\/100 brn\n|move|p1a: Dragonite|Curse|p1a: Dragonite\n|-unboost|p1a: Dragonite|spe|1\n|-boost|p1a: Dragonite|atk|1\n|-boost|p1a: Dragonite|def|1\n|\n|-damage|p1a: Dragonite|28\/100 brn|[from] brn\n|upkeep\n|turn|19\n|\n|t:|1700203026\n|move|p1a: Dragonite|Extreme Speed|p2a: Pidgeot\n|-damage|p2a: Pidgeot|37\/100\n|move|p2a: Pidgeot|Hurricane|p1a: Dragonite\n|-damage|p1a: Dragonite|0 fnt\n|faint|p1a: Dragonite\n|\n|upkeep\n|\n|t:|1700203031\n|switch|p1a: Great Tusk|Great Tusk|100\/100\n|-enditem|p1a: Great Tusk|Booster Energy\n|-activate|p1a: Great Tusk|ability: Protosynthesis|[fromitem]\n|-start|p1a: Great Tusk|protosynthesisatk\n|turn|20\n|\n|t:|1700203036\n|-terastallize|p1a: Great Tusk|Ground\n|move|p2a: Pidgeot|Hurricane|p1a: Great Tusk\n|-damage|p1a: Great Tusk|8\/100\n|-start|p1a: Great Tusk|confusion\n|-activate|p1a: Great Tusk|confusion\n|-damage|p1a: Great Tusk|0 fnt|[from] confusion\n|faint|p1a: Great Tusk\n|-end|p1a: Great Tusk|Protosynthesis|[silent]\n|\n|upkeep\n|c|\u2606shenxie|gg\n|\n|t:|1700203046\n|switch|p1a: Greninja|Greninja, M|77\/100\n|turn|21\n|\n|t:|1700203049\n|move|p1a: Greninja|Ice Beam|p2a: Pidgeot\n|-supereffective|p2a: Pidgeot\n|-damage|p2a: Pidgeot|0 fnt\n|faint|p2a: Pidgeot\n|-ability|p1a: Greninja|Battle Bond|boost\n|-boost|p1a: Greninja|atk|1\n|-boost|p1a: Greninja|spa|1\n|-boost|p1a: Greninja|spe|1\n|-activate|p1a: Greninja|ability: Battle Bond\n|-damage|p1a: Greninja|67\/100|[from] item: Life Orb\n|\n|upkeep\n|\n|t:|1700203051\n|switch|p2a: Rillaboom|Rillaboom, M, tera:Grass|71\/100\n|-fieldstart|move: Grassy Terrain|[from] ability: Grassy Surge|[of] p2a: Rillaboom\n|turn|22\n|\n|t:|1700203053\n|move|p1a: Greninja|Water Shuriken|p2a: Rillaboom\n|-resisted|p2a: Rillaboom\n|-damage|p2a: Rillaboom|63\/100\n|-resisted|p2a: Rillaboom\n|-damage|p2a: Rillaboom|54\/100\n|-hitcount|p2a: Rillaboom|2\n|-damage|p1a: Greninja|57\/100|[from] item: Life Orb\n|move|p2a: Rillaboom|Grassy Glide|p1a: Greninja\n|-supereffective|p1a: Greninja\n|-damage|p1a: Greninja|0 fnt\n|faint|p1a: Greninja\n|\n|win|mtyqjltz5\n|raw|shenxie's rating: 1441 &rarr; <strong>1422<\/strong><br \/>(-19 for losing)\n|raw|mtyqjltz5's rating: 1455 &rarr; <strong>1474<\/strong><br \/>(+19 for winning)\n|l|\u2606shenxie\n|c|\u2606mtyqjltz5|gg\n","uploadtime":1700203072,"views":5,"p1id":"shenxie","p2id":"mtyqjltz5","formatid":"gen9nationaldex","rating":1422,"private":0,"password":""}