{"id":"gen9nationaldex-1995379710","p1":"KijowDlaPolski","p2":"Martinez2077","format":"[Gen 9] National Dex","log":"|html|<div class=\"broadcast-blue\"><strong>[Gen 9] National Dex is currently suspecting Sneasler! For information on how to participate check out the <a href=\"https:\/\/www.smogon.com\/forums\/threads\/sv-national-dex-suspect-8-just-dance.3731534\/\">suspect thread<\/a>.<\/strong><\/div>\n|j|\u2606KijowDlaPolski\n|j|\u2606Martinez2077\n|t:|1700562762\n|gametype|singles\n|player|p1|KijowDlaPolski|thorton|\n|player|p2|Martinez2077|101|\n|teamsize|p1|6\n|teamsize|p2|6\n|gen|9\n|tier|[Gen 9] National Dex\n|rule|HP Percentage Mod: HP is shown in percentages\n|rule|Endless Battle Clause: Forcing endless battles is banned\n|rule|OHKO Clause: OHKO moves are banned\n|rule|Evasion Clause: Evasion abilities, items, and moves are banned\n|rule|Evasion Abilities Clause: Evasion abilities are banned\n|rule|Evasion Items Clause: Evasion items are banned\n|rule|Evasion Moves Clause: Evasion moves are banned\n|rule|Species Clause: Limit one of each Pok\u00e9mon\n|rule|Sleep Clause Mod: Limit one foe put to sleep\n|clearpoke\n|poke|p1|Conkeldurr, F|\n|poke|p1|Moltres|\n|poke|p1|Fezandipiti, M|\n|poke|p1|Ampharos, F|\n|poke|p1|Dunsparce, M|\n|poke|p1|Togetic, M|\n|poke|p2|Wyrdeer, F|\n|poke|p2|Lanturn, M|\n|poke|p2|Glalie, M|\n|poke|p2|Probopass, F|\n|poke|p2|Regidrago|\n|poke|p2|Vaporeon, F|\n|teampreview\n|\n|t:|1700562790\n|start\n|switch|p1a: Conkeldurr|Conkeldurr, F|100\/100\n|switch|p2a: Du\u017cy Nos|Probopass, F|100\/100\n|turn|1\n|\n|t:|1700562799\n|move|p2a: Du\u017cy Nos|Stealth Rock|p1a: Conkeldurr\n|-sidestart|p1: KijowDlaPolski|move: Stealth Rock\n|move|p1a: Conkeldurr|Drain Punch|p2a: Du\u017cy Nos\n|-supereffective|p2a: Du\u017cy Nos\n|-ability|p2a: Du\u017cy Nos|Sturdy\n|-damage|p2a: Du\u017cy Nos|1\/100\n|\n|-heal|p2a: Du\u017cy Nos|7\/100|[from] item: Leftovers\n|-status|p1a: Conkeldurr|brn|[from] item: Flame Orb\n|upkeep\n|turn|2\n|c|\u2606Martinez2077|I'm in danger\n|\n|t:|1700562827\n|switch|p2a: Did you know|Vaporeon, F|100\/100\n|move|p1a: Conkeldurr|Mach Punch|p2a: Did you know\n|-crit|p2a: Did you know\n|-damage|p2a: Did you know|64\/100\n|\n|-heal|p2a: Did you know|70\/100|[from] item: Leftovers\n|-damage|p1a: Conkeldurr|94\/100 brn|[from] brn\n|upkeep\n|turn|3\n|\n|t:|1700562844\n|move|p2a: Did you know|Wish|p2a: Did you know\n|move|p1a: Conkeldurr|Fling|p2a: Did you know\n|-damage|p2a: Did you know|56\/100\n|-status|p2a: Did you know|brn\n|-enditem|p1a: Conkeldurr|Flame Orb|[from] move: Fling\n|\n|-heal|p2a: Did you know|62\/100 brn|[from] item: Leftovers\n|-damage|p2a: Did you know|56\/100 brn|[from] brn\n|-damage|p1a: Conkeldurr|88\/100 brn|[from] brn\n|upkeep\n|turn|4\n|\n|t:|1700562854\n|move|p2a: Did you know|Protect|p2a: Did you know\n|-singleturn|p2a: Did you know|Protect\n|move|p1a: Conkeldurr|Facade|p2a: Did you know\n|-activate|p2a: Did you know|move: Protect\n|\n|-heal|p2a: Did you know|100\/100 brn|[from] move: Wish|[wisher] Did you know\n|-damage|p2a: Did you know|94\/100 brn|[from] brn\n|-damage|p1a: Conkeldurr|82\/100 brn|[from] brn\n|upkeep\n|turn|5\n|\n|t:|1700562869\n|move|p2a: Did you know|Scald|p1a: Conkeldurr\n|-damage|p1a: Conkeldurr|46\/100 brn\n|move|p1a: Conkeldurr|Facade|p2a: Did you know\n|-damage|p2a: Did you know|35\/100 brn\n|\n|-heal|p2a: Did you know|42\/100 brn|[from] item: Leftovers\n|-damage|p2a: Did you know|35\/100 brn|[from] brn\n|-damage|p1a: Conkeldurr|40\/100 brn|[from] brn\n|upkeep\n|turn|6\n|\n|t:|1700562893\n|move|p2a: Did you know|Scald|p1a: Conkeldurr\n|-damage|p1a: Conkeldurr|4\/100 brn\n|move|p1a: Conkeldurr|Drain Punch|p2a: Did you know\n|-damage|p2a: Did you know|0 fnt\n|-heal|p1a: Conkeldurr|24\/100 brn|[from] drain|[of] p2a: Did you know\n|faint|p2a: Did you know\n|\n|-damage|p1a: Conkeldurr|18\/100 brn|[from] brn\n|upkeep\n|\n|t:|1700562910\n|switch|p2a: Regidrago|Regidrago|100\/100\n|turn|7\n|\n|t:|1700562920\n|switch|p1a: JAJCO|Togetic, M, shiny|100\/100\n|-damage|p1a: JAJCO|76\/100|[from] Stealth Rock\n|move|p2a: Regidrago|Earth Power|p1a: JAJCO\n|-immune|p1a: JAJCO\n|\n|upkeep\n|turn|8\n|\n|t:|1700562940\n|switch|p2a: Lanturn|Lanturn, M|100\/100\n|move|p1a: JAJCO|Defog|p2a: Lanturn\n|-unboost|p2a: Lanturn|evasion|1\n|-sideend|p1: KijowDlaPolski|Stealth Rock|[from] move: Defog|[of] p1a: JAJCO\n|\n|upkeep\n|turn|9\n|\n|t:|1700562960\n|switch|p1a: Srebrzysty|Ampharos, F, shiny|100\/100\n|move|p2a: Lanturn|Volt Switch|p1a: Srebrzysty\n|-resisted|p1a: Srebrzysty\n|-damage|p1a: Srebrzysty|89\/100\n|\n|t:|1700562972\n|switch|p2a: Regidrago|Regidrago|100\/100|[from] Volt Switch\n|\n|upkeep\n|turn|10\n|\n|t:|1700562991\n|move|p2a: Regidrago|Tera Blast|p1a: Srebrzysty\n|-damage|p1a: Srebrzysty|51\/100\n|move|p1a: Srebrzysty|Dragon Pulse|p2a: Regidrago\n|-supereffective|p2a: Regidrago\n|-damage|p2a: Regidrago|37\/100\n|\n|upkeep\n|turn|11\n|\n|t:|1700563005\n|switch|p2a: Lanturn|Lanturn, M|100\/100\n|detailschange|p1a: Srebrzysty|Ampharos-Mega, F, shiny\n|-mega|p1a: Srebrzysty|Ampharos|Ampharosite\n|-ability|p1a: Srebrzysty|Mold Breaker\n|move|p1a: Srebrzysty|Dragon Pulse|p2a: Lanturn\n|-damage|p2a: Lanturn|64\/100\n|\n|upkeep\n|turn|12\n|\n|t:|1700563023\n|move|p2a: Lanturn|Ice Beam|p1a: Srebrzysty\n|-supereffective|p1a: Srebrzysty\n|-damage|p1a: Srebrzysty|16\/100\n|move|p1a: Srebrzysty|Dragon Pulse|p2a: Lanturn\n|-damage|p2a: Lanturn|26\/100\n|\n|upkeep\n|turn|13\n|\n|t:|1700563047\n|move|p2a: Lanturn|Ice Beam|p1a: Srebrzysty\n|-supereffective|p1a: Srebrzysty\n|-damage|p1a: Srebrzysty|0 fnt\n|faint|p1a: Srebrzysty\n|\n|upkeep\n|\n|t:|1700563058\n|switch|p1a: Conkeldurr|Conkeldurr, F|18\/100 brn\n|turn|14\n|\n|t:|1700563072\n|move|p1a: Conkeldurr|Mach Punch|p2a: Lanturn\n|-damage|p2a: Lanturn|0 fnt\n|faint|p2a: Lanturn\n|\n|-damage|p1a: Conkeldurr|12\/100 brn|[from] brn\n|upkeep\n|\n|t:|1700563083\n|switch|p2a: Regidrago|Regidrago|37\/100\n|turn|15\n|\n|t:|1700563098\n|move|p1a: Conkeldurr|Mach Punch|p2a: Regidrago\n|-damage|p2a: Regidrago|0 fnt\n|faint|p2a: Regidrago\n|\n|-damage|p1a: Conkeldurr|6\/100 brn|[from] brn\n|upkeep\n|\n|t:|1700563108\n|switch|p2a: Kometek|Wyrdeer, F|100\/100\n|-ability|p2a: Kometek|Intimidate|boost\n|-unboost|p1a: Conkeldurr|atk|1\n|turn|16\n|\n|t:|1700563133\n|switch|p1a: Dunsparce|Dunsparce, M, shiny|100\/100\n|move|p2a: Kometek|Calm Mind|p2a: Kometek\n|-boost|p2a: Kometek|spa|1\n|-boost|p2a: Kometek|spd|1\n|\n|upkeep\n|turn|17\n|\n|t:|1700563142\n|move|p2a: Kometek|Calm Mind|p2a: Kometek\n|-boost|p2a: Kometek|spa|1\n|-boost|p2a: Kometek|spd|1\n|move|p1a: Dunsparce|Coil|p1a: Dunsparce\n|-boost|p1a: Dunsparce|atk|1\n|-boost|p1a: Dunsparce|def|1\n|-boost|p1a: Dunsparce|accuracy|1\n|\n|upkeep\n|turn|18\n|\n|t:|1700563152\n|move|p2a: Kometek|Calm Mind|p2a: Kometek\n|-boost|p2a: Kometek|spa|1\n|-boost|p2a: Kometek|spd|1\n|move|p1a: Dunsparce|Drill Run|p2a: Kometek\n|-damage|p2a: Kometek|70\/100\n|\n|-heal|p2a: Kometek|76\/100|[from] item: Leftovers\n|upkeep\n|turn|19\n|\n|t:|1700563160\n|move|p2a: Kometek|Stored Power|p1a: Dunsparce\n|-damage|p1a: Dunsparce|0 fnt\n|faint|p1a: Dunsparce\n|\n|-heal|p2a: Kometek|82\/100|[from] item: Leftovers\n|upkeep\n|\n|t:|1700563177\n|switch|p1a: Fezandipiti|Fezandipiti, M|100\/100\n|turn|20\n|\n|t:|1700563183\n|move|p1a: Fezandipiti|Swagger|p2a: Kometek\n|-boost|p2a: Kometek|atk|2\n|-enditem|p1a: Fezandipiti|Mirror Herb\n|-boost|p1a: Fezandipiti|atk|2|[from] item: Mirror Herb\n|-start|p2a: Kometek|confusion\n|-activate|p2a: Kometek|confusion\n|move|p2a: Kometek|Stored Power|p1a: Fezandipiti\n|-supereffective|p1a: Fezandipiti\n|-damage|p1a: Fezandipiti|0 fnt\n|faint|p1a: Fezandipiti\n|\n|-heal|p2a: Kometek|89\/100|[from] item: Leftovers\n|upkeep\n|\n|t:|1700563199\n|switch|p1a: Conkeldurr|Conkeldurr, F|6\/100 brn\n|turn|21\n|\n|t:|1700563204\n|-activate|p2a: Kometek|confusion\n|move|p2a: Kometek|Agility|p2a: Kometek\n|-boost|p2a: Kometek|spe|2\n|move|p1a: Conkeldurr|Facade|p2a: Kometek\n|-damage|p2a: Kometek|7\/100\n|\n|-heal|p2a: Kometek|14\/100|[from] item: Leftovers\n|-damage|p1a: Conkeldurr|0 fnt|[from] brn\n|faint|p1a: Conkeldurr\n|upkeep\n|\n|t:|1700563223\n|switch|p1a: JAJCO|Togetic, M, shiny|76\/100\n|turn|22\n|\n|t:|1700563228\n|-activate|p2a: Kometek|confusion\n|-damage|p2a: Kometek|0 fnt|[from] confusion\n|faint|p2a: Kometek\n|move|p1a: JAJCO|Draining Kiss|p2: Kometek|[notarget]\n|-fail|p1a: JAJCO\n|\n|upkeep\n|\n|t:|1700563233\n|switch|p2a: Ice ball|Glalie, M|100\/100\n|turn|23\n|\n|t:|1700563258\n|switch|p1a: Moltres|Moltres|100\/100\n|-ability|p1a: Moltres|Pressure\n|detailschange|p2a: Ice ball|Glalie-Mega, M\n|-mega|p2a: Ice ball|Glalie|Glalitite\n|move|p2a: Ice ball|Icicle Crash|p1a: Moltres\n|-damage|p1a: Moltres|54\/100\n|\n|upkeep\n|turn|24\n|\n|t:|1700563277\n|move|p2a: Ice ball|Icicle Crash|p1a: Moltres\n|-damage|p1a: Moltres|8\/100\n|move|p1a: Moltres|Flamethrower|p2a: Ice ball\n|-supereffective|p2a: Ice ball\n|-damage|p2a: Ice ball|0 fnt\n|faint|p2a: Ice ball\n|\n|upkeep\n|\n|t:|1700563284\n|switch|p2a: Du\u017cy Nos|Probopass, F|7\/100\n|turn|25\n|\n|t:|1700563290\n|move|p1a: Moltres|Flamethrower|p2a: Du\u017cy Nos\n|-damage|p2a: Du\u017cy Nos|0 fnt\n|faint|p2a: Du\u017cy Nos\n|\n|win|KijowDlaPolski\n|c|\u2606Martinez2077|gg\n|c|\u2606KijowDlaPolski|gg wp\n","uploadtime":1700563293,"views":11,"p1id":"kijowdlapolski","p2id":"martinez2077","formatid":"gen9nationaldex","rating":0,"private":0,"password":""}