{"id":"gen9nationaldex-1998560583","p1":"Oni_Jey","p2":"testin5ever","format":"[Gen 9] National Dex","log":"|html|<div class=\"broadcast-blue\"><strong>[Gen 9] National Dex is currently suspecting Sneasler! For information on how to participate check out the <a href=\"https:\/\/www.smogon.com\/forums\/threads\/sv-national-dex-suspect-8-just-dance.3731534\/\">suspect thread<\/a>.<\/strong><\/div>\n|j|\u2606Oni_Jey\n|j|\u2606testin5ever\n|t:|1700956455\n|gametype|singles\n|player|p1|Oni_Jey|workerice|1464\n|player|p2|testin5ever|266|1478\n|teamsize|p1|6\n|teamsize|p2|6\n|gen|9\n|tier|[Gen 9] National Dex\n|rated|\n|rule|HP Percentage Mod: HP is shown in percentages\n|rule|Endless Battle Clause: Forcing endless battles is banned\n|rule|OHKO Clause: OHKO moves are banned\n|rule|Evasion Clause: Evasion abilities, items, and moves are banned\n|rule|Evasion Abilities Clause: Evasion abilities are banned\n|rule|Evasion Items Clause: Evasion items are banned\n|rule|Evasion Moves Clause: Evasion moves are banned\n|rule|Species Clause: Limit one of each Pok\u00e9mon\n|rule|Sleep Clause Mod: Limit one foe put to sleep\n|clearpoke\n|poke|p1|Pawmot, M|\n|poke|p1|Grapploct, F|\n|poke|p1|Charizard, M|\n|poke|p1|Goodra-Hisui, M|\n|poke|p1|Dondozo, F|\n|poke|p1|Gliscor, F|\n|poke|p2|Lopunny, F|\n|poke|p2|Clefable, M|\n|poke|p2|Ninetales-Alola, M|\n|poke|p2|Arctozolt|\n|poke|p2|Slowking-Galar, M|\n|poke|p2|Tornadus-Therian, M|\n|teampreview\n|inactive|Battle timer is ON: inactive players will automatically lose when time's up. (requested by Oni_Jey)\n|\n|t:|1700956463\n|start\n|switch|p1a: Goodra|Goodra-Hisui, M|100\/100\n|switch|p2a: Lopunny|Lopunny, F|100\/100\n|turn|1\n|\n|t:|1700956468\n|detailschange|p2a: Lopunny|Lopunny-Mega, F\n|-mega|p2a: Lopunny|Lopunny|Lopunnite\n|move|p2a: Lopunny|Fake Out|p1a: Goodra\n|-resisted|p1a: Goodra\n|-damage|p1a: Goodra|91\/100\n|-damage|p2a: Lopunny|84\/100|[from] item: Rocky Helmet|[of] p1a: Goodra\n|-ability|p1a: Goodra|Gooey\n|-unboost|p2a: Lopunny|spe|1\n|cant|p1a: Goodra|flinch\n|\n|upkeep\n|turn|2\n|\n|t:|1700956473\n|switch|p1a: Gliscor|Gliscor, F, shiny|100\/100\n|move|p2a: Lopunny|Close Combat|p1a: Gliscor\n|-resisted|p1a: Gliscor\n|-damage|p1a: Gliscor|66\/100\n|-unboost|p2a: Lopunny|def|1\n|-unboost|p2a: Lopunny|spd|1\n|\n|-status|p1a: Gliscor|tox|[from] item: Toxic Orb\n|upkeep\n|turn|3\n|\n|t:|1700956481\n|switch|p2a: Clefable|Clefable, M|100\/100\n|move|p1a: Gliscor|Earthquake|p2a: Clefable\n|-damage|p2a: Clefable|65\/100\n|\n|-heal|p2a: Clefable|72\/100|[from] item: Leftovers\n|-heal|p1a: Gliscor|79\/100 tox|[from] ability: Poison Heal\n|upkeep\n|turn|4\n|\n|t:|1700956486\n|move|p1a: Gliscor|U-turn|p2a: Clefable\n|-resisted|p2a: Clefable\n|-damage|p2a: Clefable|64\/100\n|\n|t:|1700956491\n|switch|p1a: Goodra|Goodra-Hisui, M|91\/100|[from] U-turn\n|move|p2a: Clefable|Stealth Rock|p1a: Goodra\n|-sidestart|p1: Oni_Jey|move: Stealth Rock\n|\n|-heal|p2a: Clefable|70\/100|[from] item: Leftovers\n|upkeep\n|turn|5\n|\n|t:|1700956496\n|move|p1a: Goodra|Flash Cannon|p2a: Clefable\n|-supereffective|p2a: Clefable\n|-crit|p2a: Clefable\n|-damage|p2a: Clefable|0 fnt\n|faint|p2a: Clefable\n|\n|upkeep\n|\n|t:|1700956506\n|switch|p2a: Slowking|Slowking-Galar, M|100\/100\n|turn|6\n|\n|t:|1700956513\n|move|p1a: Goodra|Ice Beam|p2a: Slowking\n|-damage|p2a: Slowking|87\/100\n|-status|p2a: Slowking|frz\n|cant|p2a: Slowking|frz\n|\n|upkeep\n|turn|7\n|c|\u2606Oni_Jey|Im so sorry\n|\n|t:|1700956529\n|switch|p1a: Gliscor|Gliscor, F, shiny|79\/100 tox\n|-damage|p1a: Gliscor|66\/100 tox|[from] Stealth Rock\n|-curestatus|p2a: Slowking|frz|[msg]\n|move|p2a: Slowking|Future Sight|p1a: Gliscor\n|-start|p2a: Slowking|move: Future Sight\n|\n|-heal|p1a: Gliscor|79\/100 tox|[from] ability: Poison Heal\n|upkeep\n|turn|8\n|\n|t:|1700956540\n|switch|p2a: Ninetales|Ninetales-Alola, M|100\/100\n|-weather|Snow|[from] ability: Snow Warning|[of] p2a: Ninetales\n|move|p1a: Gliscor|Defog|p2a: Ninetales\n|-unboost|p2a: Ninetales|evasion|1\n|-sideend|p1: Oni_Jey|Stealth Rock|[from] move: Defog|[of] p1a: Gliscor\n|\n|-weather|Snow|[upkeep]\n|-heal|p1a: Gliscor|91\/100 tox|[from] ability: Poison Heal\n|upkeep\n|turn|9\n|\n|t:|1700956546\n|move|p2a: Ninetales|Freeze-Dry|p1a: Gliscor\n|-supereffective|p1a: Gliscor\n|-damage|p1a: Gliscor|0 fnt\n|faint|p1a: Gliscor\n|\n|-weather|Snow|[upkeep]\n|-hint|Future Sight did not hit because the target is fainted.\n|upkeep\n|\n|t:|1700956549\n|switch|p1a: Goodra|Goodra-Hisui, M|91\/100\n|turn|10\n|\n|t:|1700956553\n|switch|p2a: Slowking|Slowking-Galar, M|100\/100\n|move|p1a: Goodra|Flash Cannon|p2a: Slowking\n|-damage|p2a: Slowking|84\/100\n|\n|-weather|Snow|[upkeep]\n|upkeep\n|turn|11\n|\n|t:|1700956567\n|move|p1a: Goodra|Flash Cannon|p2a: Slowking\n|-damage|p2a: Slowking|66\/100\n|-unboost|p2a: Slowking|spd|1\n|move|p2a: Slowking|Chilly Reception|p2a: Slowking\n|\n|t:|1700956581\n|switch|p2a: Lopunny|Lopunny-Mega, F|84\/100|[from] Chilly Reception\n|\n|-weather|Snow|[upkeep]\n|upkeep\n|turn|12\n|\n|t:|1700956591\n|move|p2a: Lopunny|Close Combat|p1a: Goodra\n|-supereffective|p1a: Goodra\n|-damage|p1a: Goodra|0 fnt\n|-unboost|p2a: Lopunny|def|1\n|-unboost|p2a: Lopunny|spd|1\n|-damage|p2a: Lopunny|67\/100|[from] item: Rocky Helmet|[of] p1a: Goodra\n|-ability|p1a: Goodra|Gooey\n|-unboost|p2a: Lopunny|spe|1\n|faint|p1a: Goodra\n|\n|-weather|Snow|[upkeep]\n|upkeep\n|\n|t:|1700956595\n|switch|p1a: Pawmot|Pawmot, M|100\/100\n|turn|13\n|\n|t:|1700956598\n|-terastallize|p1a: Pawmot|Electric\n|move|p1a: Pawmot|Double Shock|p2a: Lopunny\n|-damage|p2a: Lopunny|0 fnt\n|-start|p1a: Pawmot|typechange|Electric|[from] move: Double Shock\n|faint|p2a: Lopunny\n|\n|-weather|Snow|[upkeep]\n|upkeep\n|\n|t:|1700956610\n|switch|p2a: Arctozolt|Arctozolt|100\/100\n|turn|14\n|\n|t:|1700956626\n|move|p1a: Pawmot|Double Shock|p2a: Arctozolt\n|-resisted|p2a: Arctozolt\n|-damage|p2a: Arctozolt|73\/100\n|-start|p1a: Pawmot|typechange|Electric|[from] move: Double Shock\n|move|p2a: Arctozolt|Blizzard|p1a: Pawmot\n|-damage|p1a: Pawmot|34\/100\n|\n|-weather|Snow|[upkeep]\n|upkeep\n|turn|15\n|\n|t:|1700956641\n|switch|p1a: Dondozo|Dondozo, F|100\/100\n|move|p2a: Arctozolt|Bolt Beak|p1a: Dondozo\n|-supereffective|p1a: Dondozo\n|-damage|p1a: Dondozo|12\/100\n|\n|-weather|none\n|-heal|p1a: Dondozo|18\/100|[from] item: Leftovers\n|upkeep\n|turn|16\n|\n|t:|1700956650\n|move|p2a: Arctozolt|Bolt Beak|p1a: Dondozo\n|-supereffective|p1a: Dondozo\n|-damage|p1a: Dondozo|0 fnt\n|faint|p1a: Dondozo\n|\n|upkeep\n|\n|t:|1700956652\n|switch|p1a: Charizard|Charizard, M, shiny|100\/100\n|turn|17\n|\n|t:|1700956658\n|switch|p2a: Slowking|Slowking-Galar, M|99\/100\n|detailschange|p1a: Charizard|Charizard-Mega-Y, M, shiny\n|-mega|p1a: Charizard|Charizard|Charizardite Y\n|-weather|SunnyDay|[from] ability: Drought|[of] p1a: Charizard\n|move|p1a: Charizard|Weather Ball|p2a: Slowking\n|-damage|p2a: Slowking|45\/100\n|\n|-weather|SunnyDay|[upkeep]\n|upkeep\n|turn|18\n|\n|t:|1700956667\n|switch|p2a: Ninetales|Ninetales-Alola, M|100\/100\n|-weather|Snow|[from] ability: Snow Warning|[of] p2a: Ninetales\n|move|p1a: Charizard|Weather Ball|p2a: Ninetales\n|-resisted|p2a: Ninetales\n|-damage|p2a: Ninetales|81\/100\n|\n|-weather|Snow|[upkeep]\n|upkeep\n|turn|19\n|\n|t:|1700956676\n|switch|p1a: Grapploct|Grapploct, F|100\/100\n|move|p2a: Ninetales|Hypnosis|p1a: Grapploct\n|-status|p1a: Grapploct|slp|[from] move: Hypnosis\n|\n|-weather|Snow|[upkeep]\n|upkeep\n|turn|20\n|\n|t:|1700956684\n|switch|p2a: Slowking|Slowking-Galar, M|78\/100\n|cant|p1a: Grapploct|slp\n|\n|-weather|Snow|[upkeep]\n|upkeep\n|turn|21\n|\n|t:|1700956689\n|move|p2a: Slowking|Future Sight|p1a: Grapploct\n|-start|p2a: Slowking|move: Future Sight\n|-curestatus|p1a: Grapploct|slp|[msg]\n|move|p1a: Grapploct|Revenge|p2a: Slowking\n|-resisted|p2a: Slowking\n|-damage|p2a: Slowking|69\/100\n|\n|-weather|Snow|[upkeep]\n|upkeep\n|turn|22\n|\n|t:|1700956696\n|move|p2a: Slowking|Chilly Reception|p2a: Slowking\n|\n|t:|1700956699\n|switch|p2a: Tornadus|Tornadus-Therian, M|100\/100|[from] Chilly Reception\n|move|p1a: Grapploct|Revenge|p2a: Tornadus\n|-resisted|p2a: Tornadus\n|-damage|p2a: Tornadus|83\/100\n|\n|-weather|Snow|[upkeep]\n|upkeep\n|turn|23\n|\n|t:|1700956705\n|move|p2a: Tornadus|Bleakwind Storm|p1a: Grapploct|[miss]\n|-miss|p2a: Tornadus|p1a: Grapploct\n|move|p1a: Grapploct|Ice Punch|p2a: Tornadus\n|-supereffective|p2a: Tornadus\n|-damage|p2a: Tornadus|30\/100\n|\n|-weather|Snow|[upkeep]\n|-end|p1a: Grapploct|move: Future Sight\n|-supereffective|p1a: Grapploct\n|-enditem|p1a: Grapploct|Focus Sash\n|-damage|p1a: Grapploct|1\/100\n|upkeep\n|turn|24\n|\n|t:|1700956711\n|move|p2a: Tornadus|U-turn|p1a: Grapploct\n|-resisted|p1a: Grapploct\n|-damage|p1a: Grapploct|0 fnt\n|faint|p1a: Grapploct\n|\n|t:|1700956719\n|switch|p2a: Arctozolt|Arctozolt|73\/100|[from] U-turn\n|\n|-weather|Snow|[upkeep]\n|upkeep\n|\n|t:|1700956725\n|switch|p1a: Charizard|Charizard-Mega-Y, M, shiny|100\/100\n|-weather|SunnyDay|[from] ability: Drought|[of] p1a: Charizard\n|turn|25\n|\n|t:|1700956730\n|switch|p2a: Ninetales|Ninetales-Alola, M|81\/100\n|-weather|Snow|[from] ability: Snow Warning|[of] p2a: Ninetales\n|move|p1a: Charizard|Weather Ball|p2a: Ninetales\n|-resisted|p2a: Ninetales\n|-damage|p2a: Ninetales|61\/100\n|\n|-weather|Snow|[upkeep]\n|upkeep\n|turn|26\n|inactive|Oni_Jey has 120 seconds left.\n|\n|t:|1700956773\n|move|p2a: Ninetales|Freeze-Dry|p1a: Charizard\n|-damage|p1a: Charizard|80\/100\n|move|p1a: Charizard|Air Slash|p2a: Ninetales\n|-damage|p2a: Ninetales|15\/100\n|\n|-weather|Snow|[upkeep]\n|upkeep\n|turn|27\n|\n|t:|1700956779\n|switch|p2a: Slowking|Slowking-Galar, M|100\/100\n|move|p1a: Charizard|Scorching Sands|p2a: Slowking\n|-supereffective|p2a: Slowking\n|-damage|p2a: Slowking|70\/100\n|\n|-weather|Snow|[upkeep]\n|upkeep\n|turn|28\n|inactive|Oni_Jey has 120 seconds left.\n|\n|t:|1700956788\n|move|p1a: Charizard|Air Slash|p2a: Slowking\n|-damage|p2a: Slowking|44\/100\n|move|p2a: Slowking|Chilly Reception|p2a: Slowking\n|\n|t:|1700956790\n|switch|p2a: Arctozolt|Arctozolt|73\/100|[from] Chilly Reception\n|\n|-weather|Snow|[upkeep]\n|upkeep\n|turn|29\n|inactive|Oni_Jey has 120 seconds left.\n|\n|t:|1700956810\n|move|p2a: Arctozolt|Bolt Beak|p1a: Charizard\n|-supereffective|p1a: Charizard\n|-damage|p1a: Charizard|0 fnt\n|faint|p1a: Charizard\n|\n|-weather|Snow|[upkeep]\n|upkeep\n|\n|t:|1700956812\n|switch|p1a: Pawmot|Pawmot, M, tera:Electric|34\/100\n|turn|30\n|\n|t:|1700956822\n|switch|p2a: Ninetales|Ninetales-Alola, M|15\/100\n|move|p1a: Pawmot|Revival Blessing|p1a: Pawmot\n|\n|t:|1700956828\n|-heal|p1: Charizard|50\/100|[from] move: Revival Blessing\n|\n|-weather|Snow|[upkeep]\n|upkeep\n|turn|31\n|\n|t:|1700956835\n|switch|p1a: Charizard|Charizard-Mega-Y, M, shiny|50\/100\n|-weather|SunnyDay|[from] ability: Drought|[of] p1a: Charizard\n|move|p2a: Ninetales|Freeze-Dry|p1a: Charizard\n|-damage|p1a: Charizard|28\/100\n|\n|-weather|SunnyDay|[upkeep]\n|upkeep\n|turn|32\n|\n|t:|1700956845\n|switch|p2a: Tornadus|Tornadus-Therian, M|63\/100\n|move|p1a: Charizard|Weather Ball|p2a: Tornadus\n|-damage|p2a: Tornadus|0 fnt\n|faint|p2a: Tornadus\n|\n|-weather|SunnyDay|[upkeep]\n|upkeep\n|\n|t:|1700956850\n|switch|p2a: Slowking|Slowking-Galar, M|77\/100\n|turn|33\n|\n|t:|1700956860\n|move|p1a: Charizard|Weather Ball|p2a: Slowking\n|-damage|p2a: Slowking|27\/100\n|move|p2a: Slowking|Chilly Reception|p2a: Slowking\n|-weather|Snow\n|\n|t:|1700956865\n|switch|p2a: Arctozolt|Arctozolt|73\/100|[from] Chilly Reception\n|\n|-weather|Snow|[upkeep]\n|upkeep\n|turn|34\n|\n|t:|1700956871\n|switch|p1a: Pawmot|Pawmot, M, tera:Electric|34\/100\n|move|p2a: Arctozolt|Bolt Beak|p1a: Pawmot\n|-resisted|p1a: Pawmot\n|-damage|p1a: Pawmot|0 fnt\n|faint|p1a: Pawmot\n|\n|-weather|Snow|[upkeep]\n|upkeep\n|\n|t:|1700956872\n|switch|p1a: Charizard|Charizard-Mega-Y, M, shiny|28\/100\n|-weather|SunnyDay|[from] ability: Drought|[of] p1a: Charizard\n|turn|35\n|\n|t:|1700956879\n|switch|p2a: Ninetales|Ninetales-Alola, M|15\/100\n|-weather|Snow|[from] ability: Snow Warning|[of] p2a: Ninetales\n|move|p1a: Charizard|Weather Ball|p2a: Ninetales\n|-resisted|p2a: Ninetales\n|-damage|p2a: Ninetales|0 fnt\n|faint|p2a: Ninetales\n|\n|-weather|Snow|[upkeep]\n|upkeep\n|\n|t:|1700956897\n|switch|p2a: Arctozolt|Arctozolt|73\/100\n|turn|36\n|\n|t:|1700956900\n|move|p2a: Arctozolt|Bolt Beak|p1a: Charizard\n|-supereffective|p1a: Charizard\n|-damage|p1a: Charizard|0 fnt\n|faint|p1a: Charizard\n|\n|win|testin5ever\n|raw|Oni_Jey's rating: 1464 &rarr; <strong>1445<\/strong><br \/>(-19 for losing)\n|raw|testin5ever's rating: 1478 &rarr; <strong>1497<\/strong><br \/>(+19 for winning)\n|c|\u2606Oni_Jey|Gg\n|l|\u2606Oni_Jey\n|l|\u2606testin5ever\n|j|\u2606Oni_Jey\n|player|p1|Oni_Jey|workerice\n","uploadtime":1700957412,"views":1,"p1id":"onijey","p2id":"testin5ever","formatid":"gen9nationaldex","rating":1445,"private":0,"password":""}