{"id":"gen9nationaldex-1998419676","p1":"NDSNEZ Tophat","p2":"Lornai","format":"[Gen 9] National Dex","log":"|html|<div class=\"broadcast-blue\"><strong>[Gen 9] National Dex is currently suspecting Sneasler! For information on how to participate check out the <a href=\"https:\/\/www.smogon.com\/forums\/threads\/sv-national-dex-suspect-8-just-dance.3731534\/\">suspect thread<\/a>.<\/strong><\/div>\n|j|\u2606NDSNEZ Tophat\n|j|\u2606Lornai\n|t:|1700940258\n|gametype|singles\n|player|p1|NDSNEZ Tophat|janitor|1357\n|player|p2|Lornai|cynthia|1308\n|teamsize|p1|6\n|teamsize|p2|6\n|gen|9\n|tier|[Gen 9] National Dex\n|rated|\n|rule|HP Percentage Mod: HP is shown in percentages\n|rule|Endless Battle Clause: Forcing endless battles is banned\n|rule|OHKO Clause: OHKO moves are banned\n|rule|Evasion Clause: Evasion abilities, items, and moves are banned\n|rule|Evasion Abilities Clause: Evasion abilities are banned\n|rule|Evasion Items Clause: Evasion items are banned\n|rule|Evasion Moves Clause: Evasion moves are banned\n|rule|Species Clause: Limit one of each Pok\u00e9mon\n|rule|Sleep Clause Mod: Limit one foe put to sleep\n|clearpoke\n|poke|p1|Lopunny, F|\n|poke|p1|Iron Moth|\n|poke|p1|Kyurem|\n|poke|p1|Landorus-Therian, M|\n|poke|p1|Tapu Fini|\n|poke|p1|Ferrothorn, M|\n|poke|p2|Tapu Koko|\n|poke|p2|Skeledirge, F|\n|poke|p2|Diancie|\n|poke|p2|Toxapex, F|\n|poke|p2|Landorus-Therian, M|\n|poke|p2|Dragonite, M|\n|teampreview\n|inactive|Battle timer is ON: inactive players will automatically lose when time's up. (requested by Lornai)\n|inactive|NDSNEZ Tophat has 120 seconds left.\n|\n|t:|1700940292\n|start\n|switch|p1a: Ready To Fly|Landorus-Therian, M|100\/100\n|switch|p2a: Diancie|Diancie|100\/100\n|-ability|p1a: Ready To Fly|Intimidate|boost\n|-fail|p2a: Diancie|unboost|[from] ability: Clear Body|[of] p2a: Diancie\n|turn|1\n|\n|t:|1700940300\n|switch|p2a: Landorus|Landorus-Therian, M|100\/100\n|-ability|p2a: Landorus|Intimidate|boost\n|-unboost|p1a: Ready To Fly|atk|1\n|move|p1a: Ready To Fly|U-turn|p2a: Landorus\n|-resisted|p2a: Landorus\n|-damage|p2a: Landorus|96\/100\n|-damage|p1a: Ready To Fly|84\/100|[from] item: Rocky Helmet|[of] p2a: Landorus\n|\n|t:|1700940304\n|switch|p1a: Tokyo Reggie|Kyurem|100\/100|[from] U-turn\n|-ability|p1a: Tokyo Reggie|Pressure\n|\n|upkeep\n|turn|2\n|\n|t:|1700940310\n|switch|p2a: Skeledirge|Skeledirge, F|100\/100\n|move|p1a: Tokyo Reggie|Substitute|p1a: Tokyo Reggie\n|-start|p1a: Tokyo Reggie|Substitute\n|-damage|p1a: Tokyo Reggie|76\/100\n|\n|upkeep\n|turn|3\n|\n|t:|1700940313\n|move|p1a: Tokyo Reggie|Earth Power|p2a: Skeledirge\n|-supereffective|p2a: Skeledirge\n|-crit|p2a: Skeledirge\n|-damage|p2a: Skeledirge|4\/100\n|move|p2a: Skeledirge|Torch Song|p1a: Tokyo Reggie\n|-damage|p1a: Tokyo Reggie|49\/100\n|-boost|p2a: Skeledirge|spa|1\n|\n|upkeep\n|turn|4\n|\n|t:|1700940321\n|move|p1a: Tokyo Reggie|Earth Power|p2a: Skeledirge\n|-supereffective|p2a: Skeledirge\n|-damage|p2a: Skeledirge|0 fnt\n|faint|p2a: Skeledirge\n|\n|upkeep\n|\n|t:|1700940323\n|switch|p2a: Tapu Koko|Tapu Koko|100\/100\n|-fieldstart|move: Electric Terrain|[from] ability: Electric Surge|[of] p2a: Tapu Koko\n|turn|5\n|\n|t:|1700940333\n|move|p2a: Tapu Koko|U-turn|p1a: Tokyo Reggie\n|-activate|p1a: Tokyo Reggie|move: Substitute|[damage]\n|\n|t:|1700940335\n|switch|p2a: Landorus|Landorus-Therian, M|96\/100|[from] U-turn\n|-ability|p2a: Landorus|Intimidate|boost\n|-immune|p1a: Tokyo Reggie\n|move|p1a: Tokyo Reggie|Freeze-Dry|p2a: Landorus\n|-supereffective|p2a: Landorus\n|-damage|p2a: Landorus|0 fnt\n|faint|p2a: Landorus\n|\n|upkeep\n|\n|t:|1700940339\n|switch|p2a: Diancie|Diancie|100\/100\n|turn|6\n|\n|t:|1700940342\n|detailschange|p2a: Diancie|Diancie-Mega\n|-mega|p2a: Diancie|Diancie|Diancite\n|move|p2a: Diancie|Moonblast|p1a: Tokyo Reggie\n|-supereffective|p1a: Tokyo Reggie\n|-crit|p1a: Tokyo Reggie\n|-end|p1a: Tokyo Reggie|Substitute\n|move|p1a: Tokyo Reggie|Earth Power|p2a: Diancie\n|-supereffective|p2a: Diancie\n|-damage|p2a: Diancie|5\/100\n|\n|upkeep\n|turn|7\n|\n|t:|1700940355\n|switch|p1a: Marble Halls|Ferrothorn, M|100\/100\n|move|p2a: Diancie|Diamond Storm|p1a: Marble Halls\n|-resisted|p1a: Marble Halls\n|-damage|p1a: Marble Halls|85\/100\n|\n|-heal|p1a: Marble Halls|91\/100|[from] item: Leftovers\n|upkeep\n|turn|8\n|\n|t:|1700940364\n|move|p2a: Diancie|Mystical Fire|p1a: Marble Halls\n|-supereffective|p1a: Marble Halls\n|-crit|p1a: Marble Halls\n|-damage|p1a: Marble Halls|0 fnt\n|faint|p1a: Marble Halls\n|\n|upkeep\n|\n|t:|1700940371\n|switch|p1a: Neiki|Lopunny, F|100\/100\n|turn|9\n|\n|t:|1700940380\n|detailschange|p1a: Neiki|Lopunny-Mega, F\n|-mega|p1a: Neiki|Lopunny|Lopunnite\n|move|p1a: Neiki|Fake Out|p2a: Diancie\n|-resisted|p2a: Diancie\n|-damage|p2a: Diancie|0 fnt\n|faint|p2a: Diancie\n|\n|-fieldend|move: Electric Terrain\n|upkeep\n|\n|t:|1700940383\n|switch|p2a: Dragonite|Dragonite, M|100\/100\n|turn|10\n|\n|t:|1700940386\n|move|p1a: Neiki|U-turn|p2a: Dragonite\n|-resisted|p2a: Dragonite\n|-damage|p2a: Dragonite|95\/100\n|\n|t:|1700940391\n|switch|p1a: Tropic Birds|Tapu Fini|100\/100|[from] U-turn\n|-fieldstart|move: Misty Terrain|[from] ability: Misty Surge|[of] p1a: Tropic Birds\n|move|p2a: Dragonite|Curse|p2a: Dragonite\n|-unboost|p2a: Dragonite|spe|1\n|-boost|p2a: Dragonite|atk|1\n|-boost|p2a: Dragonite|def|1\n|\n|upkeep\n|turn|11\n|\n|t:|1700940400\n|-terastallize|p2a: Dragonite|Normal\n|move|p1a: Tropic Birds|Trick|p2a: Dragonite\n|-activate|p1a: Tropic Birds|move: Trick|[of] p2a: Dragonite\n|-item|p2a: Dragonite|Choice Scarf|[from] move: Trick\n|-item|p1a: Tropic Birds|Heavy-Duty Boots|[from] move: Trick\n|move|p2a: Dragonite|Curse|p2a: Dragonite\n|-unboost|p2a: Dragonite|spe|1\n|-boost|p2a: Dragonite|atk|1\n|-boost|p2a: Dragonite|def|1\n|\n|upkeep\n|turn|12\n|c|\u2606Lornai|you really are a piece of shit...\n|-message|Lornai forfeited.\n|\n|win|NDSNEZ Tophat\n|raw|NDSNEZ Tophat's rating: 1357 &rarr; <strong>1374<\/strong><br \/>(+17 for winning)\n|raw|Lornai's rating: 1308 &rarr; <strong>1291<\/strong><br \/>(-17 for losing)\n|l|\u2606Lornai\n","uploadtime":1700940415,"views":7,"p1id":"ndsneztophat","p2id":"lornai","formatid":"gen9nationaldex","rating":1291,"private":0,"password":""}