{"id":"gen9nationaldex-1988965172","p1":"KryoPlaysShowdown","p2":"Poppop1212","format":"[Gen 9] National Dex","log":"|j|\u2606KryoPlaysShowdown\n|j|\u2606Poppop1212\n|t:|1699795601\n|gametype|singles\n|player|p1|KryoPlaysShowdown|colress|\n|player|p2|Poppop1212|102|\n|teamsize|p1|6\n|teamsize|p2|6\n|gen|9\n|tier|[Gen 9] National Dex\n|rule|HP Percentage Mod: HP is shown in percentages\n|rule|Endless Battle Clause: Forcing endless battles is banned\n|rule|OHKO Clause: OHKO moves are banned\n|rule|Evasion Clause: Evasion abilities, items, and moves are banned\n|rule|Evasion Abilities Clause: Evasion abilities are banned\n|rule|Evasion Items Clause: Evasion items are banned\n|rule|Evasion Moves Clause: Evasion moves are banned\n|rule|Species Clause: Limit one of each Pok\u00e9mon\n|rule|Sleep Clause Mod: Limit one foe put to sleep\n|clearpoke\n|poke|p1|Furret, F|\n|poke|p1|Blaziken, M|\n|poke|p1|Kommo-o, F|\n|poke|p1|Scolipede, M|\n|poke|p1|Diancie|\n|poke|p1|Rillaboom, M|\n|poke|p2|Honchkrow, F|\n|poke|p2|Garbodor, M|\n|poke|p2|Tyrantrum, F|\n|poke|p2|Kartana|\n|poke|p2|Infernape, F|\n|poke|p2|Runerigus, M|\n|teampreview\n|\n|t:|1699795621\n|start\n|switch|p1a: Kommo-o|Kommo-o, F|100\/100\n|switch|p2a: Tyrantrum|Tyrantrum, F|100\/100\n|turn|1\n|\n|t:|1699795636\n|move|p1a: Kommo-o|Clangorous Soul|p1a: Kommo-o\n|-boost|p1a: Kommo-o|atk|1\n|-boost|p1a: Kommo-o|def|1\n|-boost|p1a: Kommo-o|spa|1\n|-boost|p1a: Kommo-o|spd|1\n|-boost|p1a: Kommo-o|spe|1\n|-damage|p1a: Kommo-o|68\/100\n|-enditem|p1a: Kommo-o|Throat Spray\n|-boost|p1a: Kommo-o|spa|1|[from] item: Throat Spray\n|move|p2a: Tyrantrum|Dragon Dance|p2a: Tyrantrum\n|-boost|p2a: Tyrantrum|atk|1\n|-boost|p2a: Tyrantrum|spe|1\n|\n|upkeep\n|turn|2\n|\n|t:|1699795652\n|move|p1a: Kommo-o|Clanging Scales|p2a: Tyrantrum\n|-supereffective|p2a: Tyrantrum\n|-enditem|p2a: Tyrantrum|Focus Sash\n|-damage|p2a: Tyrantrum|1\/100\n|-unboost|p1a: Kommo-o|def|1\n|move|p2a: Tyrantrum|Play Rough|p1a: Kommo-o\n|-supereffective|p1a: Kommo-o\n|-damage|p1a: Kommo-o|0 fnt\n|faint|p1a: Kommo-o\n|\n|upkeep\n|\n|t:|1699795660\n|switch|p1a: long ass rodent|Furret, F, shiny|100\/100\n|turn|3\n|\n|t:|1699795665\n|move|p1a: long ass rodent|Sucker Punch|p2a: Tyrantrum\n|-crit|p2a: Tyrantrum\n|-damage|p2a: Tyrantrum|0 fnt\n|faint|p2a: Tyrantrum\n|\n|upkeep\n|\n|t:|1699795669\n|switch|p2a: Infernape|Infernape, F|100\/100\n|turn|4\n|\n|t:|1699795677\n|switch|p1a: Scolipede|Scolipede, M|100\/100\n|move|p2a: Infernape|Earthquake|p1a: Scolipede\n|-damage|p1a: Scolipede|64\/100\n|\n|-heal|p1a: Scolipede|71\/100|[from] item: Leftovers\n|upkeep\n|turn|5\n|\n|t:|1699795687\n|switch|p2a: Honchkrow|Honchkrow, F|100\/100\n|move|p1a: Scolipede|Spikes|p2a: Honchkrow\n|-sidestart|p2: Poppop1212|Spikes\n|\n|-heal|p1a: Scolipede|77\/100|[from] item: Leftovers\n|-ability|p1a: Scolipede|Speed Boost|boost\n|-boost|p1a: Scolipede|spe|1\n|upkeep\n|turn|6\n|\n|t:|1699795698\n|move|p1a: Scolipede|Spikes|p2a: Honchkrow\n|-sidestart|p2: Poppop1212|Spikes\n|move|p2a: Honchkrow|Taunt|p1a: Scolipede\n|-start|p1a: Scolipede|move: Taunt\n|\n|-heal|p1a: Scolipede|83\/100|[from] item: Leftovers\n|-ability|p1a: Scolipede|Speed Boost|boost\n|-boost|p1a: Scolipede|spe|1\n|upkeep\n|turn|7\n|\n|t:|1699795710\n|switch|p2a: Runerigus|Runerigus, M|100\/100\n|-damage|p2a: Runerigus|84\/100|[from] Spikes\n|move|p1a: Scolipede|X-Scissor|p2a: Runerigus\n|-resisted|p2a: Runerigus\n|-damage|p2a: Runerigus|73\/100\n|-activate|p2a: Runerigus|ability: Wandering Spirit|Speed Boost|Wandering Spirit|[of] p1a: Scolipede\n|\n|-heal|p1a: Scolipede|89\/100|[from] item: Leftovers\n|upkeep\n|turn|8\n|\n|t:|1699795723\n|move|p1a: Scolipede|Sludge Bomb|p2a: Runerigus\n|-resisted|p2a: Runerigus\n|-damage|p2a: Runerigus|67\/100\n|move|p2a: Runerigus|Zen Headbutt|p1a: Scolipede\n|-supereffective|p1a: Scolipede\n|-damage|p1a: Scolipede|36\/100\n|-activate|p1a: Scolipede|ability: Wandering Spirit|Speed Boost|Wandering Spirit|[of] p2a: Runerigus\n|\n|-heal|p1a: Scolipede|42\/100|[from] item: Leftovers\n|-ability|p1a: Scolipede|Speed Boost|boost\n|-boost|p1a: Scolipede|spe|1\n|upkeep\n|turn|9\n|\n|t:|1699795736\n|move|p1a: Scolipede|Sludge Bomb|p2a: Runerigus\n|-resisted|p2a: Runerigus\n|-damage|p2a: Runerigus|62\/100\n|move|p2a: Runerigus|Zen Headbutt|p1a: Scolipede\n|-supereffective|p1a: Scolipede\n|-damage|p1a: Scolipede|0 fnt\n|faint|p1a: Scolipede\n|\n|upkeep\n|\n|t:|1699795750\n|switch|p1a: Rillaboom|Rillaboom, M|100\/100\n|-fieldstart|move: Grassy Terrain|[from] ability: Grassy Surge|[of] p1a: Rillaboom\n|turn|10\n|\n|t:|1699795765\n|switch|p2a: Garbodor|Garbodor, M|100\/100\n|-damage|p2a: Garbodor|84\/100|[from] Spikes\n|move|p1a: Rillaboom|Grassy Glide|p2a: Garbodor\n|-resisted|p2a: Garbodor\n|-damage|p2a: Garbodor|60\/100\n|\n|-heal|p2a: Garbodor|66\/100|[from] Grassy Terrain\n|upkeep\n|turn|11\n|\n|t:|1699795778\n|move|p1a: Rillaboom|Grassy Glide|p2a: Garbodor\n|-resisted|p2a: Garbodor\n|-damage|p2a: Garbodor|42\/100\n|move|p2a: Garbodor|Gunk Shot|p1a: Rillaboom\n|-supereffective|p1a: Rillaboom\n|-damage|p1a: Rillaboom|30\/100\n|\n|-heal|p1a: Rillaboom|36\/100|[from] Grassy Terrain\n|-heal|p2a: Garbodor|48\/100|[from] Grassy Terrain\n|upkeep\n|turn|12\n|\n|t:|1699795797\n|move|p1a: Rillaboom|Grassy Glide|p2a: Garbodor\n|-resisted|p2a: Garbodor\n|-damage|p2a: Garbodor|24\/100\n|move|p2a: Garbodor|Gunk Shot|p1a: Rillaboom|[miss]\n|-miss|p2a: Garbodor|p1a: Rillaboom\n|\n|-heal|p1a: Rillaboom|42\/100|[from] Grassy Terrain\n|-heal|p2a: Garbodor|30\/100|[from] Grassy Terrain\n|upkeep\n|turn|13\n|\n|t:|1699795812\n|-terastallize|p1a: Rillaboom|Grass\n|move|p1a: Rillaboom|Grassy Glide|p2a: Garbodor\n|-resisted|p2a: Garbodor\n|-damage|p2a: Garbodor|0 fnt\n|-damage|p1a: Rillaboom|17\/100|[from] ability: Aftermath|[of] p2a: Garbodor\n|faint|p2a: Garbodor\n|\n|-heal|p1a: Rillaboom|23\/100|[from] Grassy Terrain\n|upkeep\n|\n|t:|1699795823\n|switch|p2a: Infernape|Infernape, F|100\/100\n|-damage|p2a: Infernape|84\/100|[from] Spikes\n|turn|14\n|\n|t:|1699795857\n|-terastallize|p2a: Infernape|Fire\n|move|p1a: Rillaboom|Grassy Glide|p2a: Infernape\n|-resisted|p2a: Infernape\n|-damage|p2a: Infernape|25\/100\n|move|p2a: Infernape|Knock Off|p1a: Rillaboom\n|-damage|p1a: Rillaboom|0 fnt\n|-enditem|p1a: Rillaboom|Choice Band|[from] move: Knock Off|[of] p2a: Infernape\n|faint|p1a: Rillaboom\n|\n|-heal|p2a: Infernape|31\/100|[from] Grassy Terrain\n|-fieldend|move: Grassy Terrain\n|upkeep\n|\n|t:|1699795871\n|switch|p1a: Diancie|Diancie|100\/100\n|turn|15\n|\n|t:|1699795879\n|detailschange|p1a: Diancie|Diancie-Mega\n|-mega|p1a: Diancie|Diancie|Diancite\n|move|p2a: Infernape|Knock Off|p1a: Diancie\n|-resisted|p1a: Diancie\n|-damage|p1a: Diancie|86\/100\n|move|p1a: Diancie|Mystical Fire|p2a: Infernape\n|-resisted|p2a: Infernape\n|-damage|p2a: Infernape|8\/100\n|-unboost|p2a: Infernape|spa|1\n|\n|upkeep\n|turn|16\n|\n|t:|1699795889\n|switch|p2a: Honchkrow|Honchkrow, F|100\/100\n|move|p1a: Diancie|Earth Power|p2a: Honchkrow\n|-immune|p2a: Honchkrow\n|\n|upkeep\n|turn|17\n|\n|t:|1699795896\n|move|p2a: Honchkrow|Thunder Wave|p1a: Diancie\n|move|p1a: Diancie|Thunder Wave|p2a: Honchkrow|[from]ability: Magic Bounce\n|-status|p2a: Honchkrow|par\n|move|p1a: Diancie|Diamond Storm|p2a: Honchkrow\n|-supereffective|p2a: Honchkrow\n|-damage|p2a: Honchkrow|0 fnt\n|-boost|p1a: Diancie|def|2\n|faint|p2a: Honchkrow\n|\n|upkeep\n|\n|t:|1699795906\n|switch|p2a: Kartana|Kartana|100\/100\n|-damage|p2a: Kartana|84\/100|[from] Spikes\n|turn|18\n|\n|t:|1699795911\n|move|p2a: Kartana|Smart Strike|p1a: Diancie\n|-supereffective|p1a: Diancie\n|-damage|p1a: Diancie|0 fnt\n|faint|p1a: Diancie\n|-ability|p2a: Kartana|Beast Boost|boost\n|-boost|p2a: Kartana|atk|1\n|\n|upkeep\n|\n|t:|1699795915\n|switch|p1a: Blaziken|Blaziken, M|100\/100\n|turn|19\n|\n|t:|1699795929\n|switch|p2a: Runerigus|Runerigus, M|62\/100\n|-damage|p2a: Runerigus|45\/100|[from] Spikes\n|move|p1a: Blaziken|Protect||[still]\n|-fail|p1a: Blaziken\n|\n|-ability|p1a: Blaziken|Speed Boost|boost\n|-boost|p1a: Blaziken|spe|1\n|upkeep\n|turn|20\n|\n|t:|1699795938\n|move|p1a: Blaziken|Flare Blitz|p2a: Runerigus\n|-damage|p2a: Runerigus|0 fnt\n|-activate|p2a: Runerigus|ability: Wandering Spirit|Speed Boost|Wandering Spirit|[of] p1a: Blaziken\n|faint|p2a: Runerigus\n|-damage|p1a: Blaziken|88\/100|[from] Recoil\n|-damage|p1a: Blaziken|78\/100|[from] item: Life Orb\n|\n|upkeep\n|\n|t:|1699795950\n|switch|p2a: Kartana|Kartana|84\/100\n|-damage|p2a: Kartana|67\/100|[from] Spikes\n|turn|21\n|\n|t:|1699795961\n|move|p1a: Blaziken|Protect|p1a: Blaziken\n|-singleturn|p1a: Blaziken|Protect\n|move|p2a: Kartana|Psycho Cut|p1a: Blaziken\n|-activate|p1a: Blaziken|move: Protect\n|\n|upkeep\n|turn|22\n|\n|t:|1699795967\n|move|p2a: Kartana|Psycho Cut|p1a: Blaziken\n|-supereffective|p1a: Blaziken\n|-damage|p1a: Blaziken|0 fnt\n|faint|p1a: Blaziken\n|-ability|p2a: Kartana|Beast Boost|boost\n|-boost|p2a: Kartana|atk|1\n|\n|upkeep\n|\n|t:|1699795970\n|switch|p1a: long ass rodent|Furret, F, shiny|100\/100\n|-item|p2a: Kartana|Choice Scarf|[from] ability: Frisk|[of] p1a: long ass rodent|[identify]\n|turn|23\n|\n|t:|1699795975\n|move|p1a: long ass rodent|Sucker Punch|p2a: Kartana\n|-damage|p2a: Kartana|48\/100\n|move|p2a: Kartana|Psycho Cut|p1a: long ass rodent\n|-damage|p1a: long ass rodent|20\/100\n|\n|upkeep\n|turn|24\n|\n|t:|1699795981\n|move|p1a: long ass rodent|Sucker Punch|p2a: Kartana\n|-damage|p2a: Kartana|29\/100\n|move|p2a: Kartana|Psycho Cut|p1a: long ass rodent\n|-damage|p1a: long ass rodent|0 fnt\n|faint|p1a: long ass rodent\n|\n|win|Poppop1212\n","uploadtime":1699795985,"views":20,"p1id":"kryoplaysshowdown","p2id":"poppop1212","formatid":"gen9nationaldex","rating":0,"private":0,"password":""}