{"id":"gen9nationaldex-1988633705","p1":"steals many wives","p2":"Grim_impulse","format":"[Gen 9] National Dex","log":"|j|\u2606steals many wives\n|j|\u2606Grim_impulse\n|t:|1699744342\n|gametype|singles\n|player|p1|steals many wives|waitress|1112\n|player|p2|Grim_impulse|thorton|1180\n|teamsize|p1|6\n|teamsize|p2|6\n|gen|9\n|tier|[Gen 9] National Dex\n|rated|\n|rule|HP Percentage Mod: HP is shown in percentages\n|rule|Endless Battle Clause: Forcing endless battles is banned\n|rule|OHKO Clause: OHKO moves are banned\n|rule|Evasion Clause: Evasion abilities, items, and moves are banned\n|rule|Evasion Abilities Clause: Evasion abilities are banned\n|rule|Evasion Items Clause: Evasion items are banned\n|rule|Evasion Moves Clause: Evasion moves are banned\n|rule|Species Clause: Limit one of each Pok\u00e9mon\n|rule|Sleep Clause Mod: Limit one foe put to sleep\n|clearpoke\n|poke|p1|Zoroark-Hisui, F|\n|poke|p1|Snorlax, M|\n|poke|p1|Staraptor, M|\n|poke|p1|Pidgeot, M|\n|poke|p1|Ursaluna, M|\n|poke|p1|Purugly, M|\n|poke|p2|Azumarill, F|\n|poke|p2|Blissey, F|\n|poke|p2|Garganacl, M|\n|poke|p2|Mimikyu, F|\n|poke|p2|Hatterene, F|\n|poke|p2|Ribombee, F|\n|teampreview\n|inactive|Battle timer is ON: inactive players will automatically lose when time's up. (requested by Grim_impulse)\n|\n|t:|1699744363\n|start\n|switch|p1a: Birb|Staraptor, M|100\/100\n|switch|p2a: Bunni|Azumarill, F|100\/100\n|-ability|p1a: Birb|Intimidate|boost\n|-unboost|p2a: Bunni|atk|1\n|turn|1\n|inactive|Grim_impulse has 120 seconds left.\n|\n|t:|1699744394\n|move|p1a: Birb|Final Gambit|p2a: Bunni\n|-damage|p2a: Bunni|8\/100\n|faint|p1a: Birb\n|move|p2a: Bunni|Belly Drum||[still]\n|-fail|p2a: Bunni\n|\n|-heal|p2a: Bunni|14\/100|[from] item: Leftovers\n|upkeep\n|\n|t:|1699744404\n|switch|p1a: Super Saiyan Birb|Pidgeot, M, shiny|100\/100\n|turn|2\n|\n|t:|1699744411\n|detailschange|p1a: Super Saiyan Birb|Pidgeot-Mega, M, shiny\n|-mega|p1a: Super Saiyan Birb|Pidgeot|Pidgeotite\n|move|p1a: Super Saiyan Birb|Hurricane|p2a: Bunni\n|-damage|p2a: Bunni|0 fnt\n|faint|p2a: Bunni\n|\n|upkeep\n|\n|t:|1699744416\n|switch|p2a: Stall 1|Blissey, F|100\/100\n|turn|3\n|\n|t:|1699744424\n|switch|p1a: UnBearable|Ursaluna, M|100\/100\n|move|p2a: Stall 1|Drain Punch|p1a: UnBearable\n|-supereffective|p1a: UnBearable\n|-damage|p1a: UnBearable|80\/100\n|\n|-status|p1a: UnBearable|brn|[from] item: Flame Orb\n|upkeep\n|turn|4\n|\n|t:|1699744433\n|move|p1a: UnBearable|Earthquake|p2a: Stall 1\n|-damage|p2a: Stall 1|0 fnt\n|faint|p2a: Stall 1\n|\n|-damage|p1a: UnBearable|73\/100 brn|[from] brn\n|upkeep\n|\n|t:|1699744440\n|switch|p2a: Mimikyu|Mimikyu, F|100\/100\n|turn|5\n|\n|t:|1699744444\n|move|p2a: Mimikyu|Giga Drain|p1a: UnBearable\n|-supereffective|p1a: UnBearable\n|-damage|p1a: UnBearable|54\/100 brn\n|move|p1a: UnBearable|Fling|p2a: Mimikyu\n|-activate|p2a: Mimikyu|ability: Disguise\n|-damage|p2a: Mimikyu|100\/100\n|-status|p2a: Mimikyu|brn\n|detailschange|p2a: Mimikyu|Mimikyu-Busted, F\n|-damage|p2a: Mimikyu|88\/100 brn|[from] pokemon: Mimikyu-Busted\n|-enditem|p1a: UnBearable|Flame Orb|[from] move: Fling\n|\n|-damage|p2a: Mimikyu|82\/100 brn|[from] brn\n|-damage|p1a: UnBearable|48\/100 brn|[from] brn\n|upkeep\n|turn|6\n|\n|t:|1699744459\n|switch|p1a: He Thicc|Snorlax, M|100\/100\n|move|p2a: Mimikyu|Destiny Bond|p2a: Mimikyu\n|-singlemove|p2a: Mimikyu|Destiny Bond\n|\n|-damage|p2a: Mimikyu|76\/100 brn|[from] brn\n|upkeep\n|turn|7\n|\n|t:|1699744469\n|move|p2a: Mimikyu|Taunt|p1a: He Thicc\n|-start|p1a: He Thicc|move: Taunt\n|cant|p1a: He Thicc|move: Taunt|Curse\n|\n|-damage|p2a: Mimikyu|70\/100 brn|[from] brn\n|upkeep\n|turn|8\n|\n|t:|1699744475\n|move|p2a: Mimikyu|Destiny Bond|p2a: Mimikyu\n|-singlemove|p2a: Mimikyu|Destiny Bond\n|move|p1a: He Thicc|Darkest Lariat|p2a: Mimikyu\n|-damage|p2a: Mimikyu|38\/100 brn\n|\n|-damage|p2a: Mimikyu|32\/100 brn|[from] brn\n|upkeep\n|turn|9\n|\n|t:|1699744483\n|move|p2a: Mimikyu|Giga Drain|p1a: He Thicc\n|-damage|p1a: He Thicc|95\/100\n|-heal|p2a: Mimikyu|36\/100 brn|[from] drain|[of] p1a: He Thicc\n|move|p1a: He Thicc|Darkest Lariat|p2a: Mimikyu\n|-damage|p2a: Mimikyu|8\/100 brn\n|\n|-damage|p2a: Mimikyu|2\/100 brn|[from] brn\n|-end|p1a: He Thicc|move: Taunt\n|upkeep\n|turn|10\n|\n|t:|1699744493\n|move|p2a: Mimikyu|Destiny Bond|p2a: Mimikyu\n|-singlemove|p2a: Mimikyu|Destiny Bond\n|move|p1a: He Thicc|Amnesia|p1a: He Thicc\n|-boost|p1a: He Thicc|spd|2\n|\n|-damage|p2a: Mimikyu|0 fnt|[from] brn\n|faint|p2a: Mimikyu\n|upkeep\n|\n|t:|1699744501\n|switch|p2a: Big dmg|Garganacl, M|100\/100\n|turn|11\n|\n|t:|1699744512\n|move|p2a: Big dmg|Salt Cure|p1a: He Thicc\n|-damage|p1a: He Thicc|84\/100\n|-start|p1a: He Thicc|Salt Cure\n|move|p1a: He Thicc|Curse|p1a: He Thicc\n|-unboost|p1a: He Thicc|spe|1\n|-boost|p1a: He Thicc|atk|1\n|-boost|p1a: He Thicc|def|1\n|\n|-damage|p1a: He Thicc|72\/100|[from] Salt Cure\n|upkeep\n|turn|12\n|\n|t:|1699744520\n|move|p2a: Big dmg|Protect|p2a: Big dmg\n|-singleturn|p2a: Big dmg|Protect\n|move|p1a: He Thicc|Darkest Lariat|p2a: Big dmg\n|-activate|p2a: Big dmg|move: Protect\n|\n|-damage|p1a: He Thicc|59\/100|[from] Salt Cure\n|upkeep\n|turn|13\n|\n|t:|1699744527\n|move|p2a: Big dmg|Thunder Punch|p1a: He Thicc\n|-damage|p1a: He Thicc|50\/100\n|move|p1a: He Thicc|Darkest Lariat|p2a: Big dmg\n|-damage|p2a: Big dmg|83\/100\n|\n|-heal|p2a: Big dmg|89\/100|[from] item: Leftovers\n|-damage|p1a: He Thicc|38\/100|[from] Salt Cure\n|upkeep\n|turn|14\n|\n|t:|1699744538\n|move|p2a: Big dmg|Protect|p2a: Big dmg\n|-singleturn|p2a: Big dmg|Protect\n|move|p1a: He Thicc|Rest|p1a: He Thicc\n|-status|p1a: He Thicc|slp|[from] move: Rest\n|-heal|p1a: He Thicc|100\/100 slp|[silent]\n|-enditem|p1a: He Thicc|Chesto Berry|[eat]\n|-curestatus|p1a: He Thicc|slp|[msg]\n|\n|-heal|p2a: Big dmg|96\/100|[from] item: Leftovers\n|-damage|p1a: He Thicc|88\/100|[from] Salt Cure\n|upkeep\n|turn|15\n|\n|t:|1699744548\n|move|p2a: Big dmg|Thunder Punch|p1a: He Thicc\n|-damage|p1a: He Thicc|79\/100\n|move|p1a: He Thicc|Curse|p1a: He Thicc\n|-unboost|p1a: He Thicc|spe|1\n|-boost|p1a: He Thicc|atk|1\n|-boost|p1a: He Thicc|def|1\n|\n|-heal|p2a: Big dmg|100\/100|[from] item: Leftovers\n|-damage|p1a: He Thicc|67\/100|[from] Salt Cure\n|upkeep\n|turn|16\n|\n|t:|1699744557\n|move|p2a: Big dmg|Protect|p2a: Big dmg\n|-singleturn|p2a: Big dmg|Protect\n|move|p1a: He Thicc|Curse|p1a: He Thicc\n|-unboost|p1a: He Thicc|spe|1\n|-boost|p1a: He Thicc|atk|1\n|-boost|p1a: He Thicc|def|1\n|\n|-damage|p1a: He Thicc|54\/100|[from] Salt Cure\n|upkeep\n|turn|17\n|\n|t:|1699744565\n|move|p2a: Big dmg|Thunder Punch|p1a: He Thicc\n|-damage|p1a: He Thicc|49\/100\n|-status|p1a: He Thicc|par\n|move|p1a: He Thicc|Darkest Lariat|p2a: Big dmg\n|-damage|p2a: Big dmg|73\/100\n|\n|-heal|p2a: Big dmg|79\/100|[from] item: Leftovers\n|-damage|p1a: He Thicc|37\/100 par|[from] Salt Cure\n|upkeep\n|turn|18\n|\n|t:|1699744574\n|move|p2a: Big dmg|Protect|p2a: Big dmg\n|-singleturn|p2a: Big dmg|Protect\n|move|p1a: He Thicc|Rest|p1a: He Thicc\n|-status|p1a: He Thicc|slp|[from] move: Rest\n|-heal|p1a: He Thicc|100\/100 slp|[silent]\n|\n|-heal|p2a: Big dmg|85\/100|[from] item: Leftovers\n|-damage|p1a: He Thicc|88\/100 slp|[from] Salt Cure\n|upkeep\n|turn|19\n|\n|t:|1699744583\n|move|p2a: Big dmg|Thunder Punch|p1a: He Thicc\n|-damage|p1a: He Thicc|83\/100 slp\n|cant|p1a: He Thicc|slp\n|\n|-heal|p2a: Big dmg|91\/100|[from] item: Leftovers\n|-damage|p1a: He Thicc|70\/100 slp|[from] Salt Cure\n|upkeep\n|turn|20\n|c|\u2606Grim_impulse|huihubbuj\n|\n|t:|1699744592\n|move|p2a: Big dmg|Thunder Punch|p1a: He Thicc\n|-damage|p1a: He Thicc|65\/100 slp\n|cant|p1a: He Thicc|slp\n|\n|-heal|p2a: Big dmg|97\/100|[from] item: Leftovers\n|-damage|p1a: He Thicc|52\/100 slp|[from] Salt Cure\n|upkeep\n|turn|21\n|c|\u2606Grim_impulse|this is nice\n|c|\u2606Grim_impulse|:)\n|\n|t:|1699744601\n|-terastallize|p1a: He Thicc|Ghost\n|move|p2a: Big dmg|Thunder Punch|p1a: He Thicc\n|-damage|p1a: He Thicc|47\/100 slp\n|-curestatus|p1a: He Thicc|slp|[msg]\n|move|p1a: He Thicc|Curse|p2a: Big dmg\n|-start|p2a: Big dmg|Curse|[of] p1a: He Thicc\n|-damage|p1a: He Thicc|0 fnt\n|faint|p1a: He Thicc\n|\n|-heal|p2a: Big dmg|100\/100|[from] item: Leftovers\n|-damage|p2a: Big dmg|75\/100|[from] Curse\n|upkeep\n|\n|t:|1699744613\n|switch|p1a: UnBearable|Ursaluna, M|48\/100 brn\n|turn|22\n|\n|t:|1699744628\n|move|p1a: UnBearable|Earthquake|p2a: Big dmg\n|-supereffective|p2a: Big dmg\n|-crit|p2a: Big dmg\n|-damage|p2a: Big dmg|0 fnt\n|faint|p2a: Big dmg\n|\n|-damage|p1a: UnBearable|42\/100 brn|[from] brn\n|upkeep\n|\n|t:|1699744631\n|switch|p2a: Hatterene|Hatterene, F|100\/100\n|turn|23\n|\n|t:|1699744637\n|move|p1a: UnBearable|Facade|p2a: Hatterene\n|-damage|p2a: Hatterene|0 fnt\n|faint|p2a: Hatterene\n|\n|-damage|p1a: UnBearable|35\/100 brn|[from] brn\n|upkeep\n|\n|t:|1699744640\n|switch|p2a: Ribombee|Ribombee, F|100\/100\n|turn|24\n|\n|t:|1699744649\n|move|p2a: Ribombee|Leech Life|p1a: UnBearable\n|-damage|p1a: UnBearable|21\/100 brn\n|move|p1a: UnBearable|Facade|p2a: Ribombee\n|-damage|p2a: Ribombee|0 fnt\n|faint|p2a: Ribombee\n|\n|win|steals many wives\n|raw|steals many wives's rating: 1112 &rarr; <strong>1142<\/strong><br \/>(+30 for winning)\n|raw|Grim_impulse's rating: 1180 &rarr; <strong>1150<\/strong><br \/>(-30 for losing)\n|l|\u2606Grim_impulse\n","uploadtime":1699744658,"views":4,"p1id":"stealsmanywives","p2id":"grimimpulse","formatid":"gen9nationaldex","rating":1142,"private":0,"password":""}