{"id":"gen9nationaldex-1991776299","p1":"Ellogovornor","p2":"Richie2016","format":"[Gen 9] National Dex","log":"|j|\u2606Ellogovornor\n|j|\u2606Richie2016\n|t:|1700115241\n|gametype|singles\n|player|p1|Ellogovornor|101|1190\n|player|p2|Richie2016|cynthia|1240\n|teamsize|p1|5\n|teamsize|p2|6\n|gen|9\n|tier|[Gen 9] National Dex\n|rated|\n|rule|HP Percentage Mod: HP is shown in percentages\n|rule|Endless Battle Clause: Forcing endless battles is banned\n|rule|OHKO Clause: OHKO moves are banned\n|rule|Evasion Clause: Evasion abilities, items, and moves are banned\n|rule|Evasion Abilities Clause: Evasion abilities are banned\n|rule|Evasion Items Clause: Evasion items are banned\n|rule|Evasion Moves Clause: Evasion moves are banned\n|rule|Species Clause: Limit one of each Pok\u00e9mon\n|rule|Sleep Clause Mod: Limit one foe put to sleep\n|clearpoke\n|poke|p1|Blaziken, M|\n|poke|p1|Lilligant-Hisui, F|\n|poke|p1|Torkoal, M|\n|poke|p1|Sandy Shocks|\n|poke|p1|Slither Wing|\n|poke|p2|Medicham, F|\n|poke|p2|Alomomola, F|\n|poke|p2|Moltres|\n|poke|p2|Ferrothorn, F|\n|poke|p2|Gliscor, F|\n|poke|p2|Hydreigon, F|\n|teampreview\n|inactive|Battle timer is ON: inactive players will automatically lose when time's up. (requested by Ellogovornor)\n|\n|t:|1700115252\n|start\n|switch|p1a: Blaziken|Blaziken, M|100\/100\n|switch|p2a: Gliscor|Gliscor, F, shiny|100\/100\n|turn|1\n|\n|t:|1700115262\n|move|p2a: Gliscor|Stealth Rock|p1a: Blaziken\n|-sidestart|p1: Ellogovornor|move: Stealth Rock\n|move|p1a: Blaziken|Focus Energy|p1a: Blaziken\n|-start|p1a: Blaziken|move: Focus Energy\n|\n|-status|p2a: Gliscor|tox|[from] item: Toxic Orb\n|-ability|p1a: Blaziken|Speed Boost|boost\n|-boost|p1a: Blaziken|spe|1\n|upkeep\n|turn|2\n|\n|t:|1700115277\n|move|p1a: Blaziken|Protect|p1a: Blaziken\n|-singleturn|p1a: Blaziken|Protect\n|move|p2a: Gliscor|Earthquake|p1a: Blaziken\n|-activate|p1a: Blaziken|move: Protect\n|\n|-ability|p1a: Blaziken|Speed Boost|boost\n|-boost|p1a: Blaziken|spe|1\n|upkeep\n|turn|3\n|\n|t:|1700115284\n|-terastallize|p1a: Blaziken|Fire\n|move|p1a: Blaziken|Overheat|p2a: Gliscor\n|-crit|p2a: Gliscor\n|-damage|p2a: Gliscor|0 fnt\n|-unboost|p1a: Blaziken|spa|2\n|faint|p2a: Gliscor\n|\n|-ability|p1a: Blaziken|Speed Boost|boost\n|-boost|p1a: Blaziken|spe|1\n|upkeep\n|\n|t:|1700115291\n|switch|p2a: Alomomola|Alomomola, F|100\/100\n|turn|4\n|\n|t:|1700115302\n|move|p1a: Blaziken|Overheat|p2a: Alomomola|[miss]\n|-miss|p1a: Blaziken|p2a: Alomomola\n|move|p2a: Alomomola|Toxic|p1a: Blaziken\n|-status|p1a: Blaziken|tox\n|\n|-damage|p1a: Blaziken|94\/100 tox|[from] psn\n|-ability|p1a: Blaziken|Speed Boost|boost\n|-boost|p1a: Blaziken|spe|1\n|upkeep\n|turn|5\n|\n|t:|1700115311\n|move|p2a: Alomomola|Protect|p2a: Alomomola\n|-singleturn|p2a: Alomomola|Protect\n|move|p1a: Blaziken|Aura Sphere|p2a: Alomomola\n|-activate|p2a: Alomomola|move: Protect\n|\n|-damage|p1a: Blaziken|82\/100 tox|[from] psn\n|-ability|p1a: Blaziken|Speed Boost|boost\n|-boost|p1a: Blaziken|spe|1\n|upkeep\n|turn|6\n|\n|t:|1700115319\n|move|p1a: Blaziken|Overheat|p2a: Alomomola\n|-resisted|p2a: Alomomola\n|-crit|p2a: Alomomola\n|-damage|p2a: Alomomola|37\/100\n|-unboost|p1a: Blaziken|spa|2\n|move|p2a: Alomomola|Flip Turn|p1a: Blaziken\n|-supereffective|p1a: Blaziken\n|-damage|p1a: Blaziken|41\/100 tox\n|\n|t:|1700115327\n|switch|p2a: Moltres|Moltres|100\/100|[from] Flip Turn\n|\n|-damage|p1a: Blaziken|23\/100 tox|[from] psn\n|-ability|p1a: Blaziken|Speed Boost|boost\n|-boost|p1a: Blaziken|spe|1\n|upkeep\n|turn|7\n|\n|t:|1700115335\n|move|p1a: Blaziken|Overheat|p2a: Moltres\n|-resisted|p2a: Moltres\n|-crit|p2a: Moltres\n|-damage|p2a: Moltres|30\/100\n|-unboost|p1a: Blaziken|spa|2\n|move|p2a: Moltres|Roost|p2a: Moltres\n|-heal|p2a: Moltres|80\/100\n|-singleturn|p2a: Moltres|move: Roost\n|\n|-damage|p1a: Blaziken|0 fnt|[from] psn\n|faint|p1a: Blaziken\n|upkeep\n|\n|t:|1700115348\n|switch|p1a: Torkoal|Torkoal, M|100\/100\n|-damage|p1a: Torkoal|75\/100|[from] Stealth Rock\n|-weather|SunnyDay|[from] ability: Drought|[of] p1a: Torkoal\n|turn|8\n|\n|t:|1700115358\n|switch|p2a: Hydreigon|Hydreigon, F|100\/100\n|move|p1a: Torkoal|Stealth Rock|p2a: Hydreigon\n|-sidestart|p2: Richie2016|move: Stealth Rock\n|\n|-weather|SunnyDay|[upkeep]\n|upkeep\n|turn|9\n|\n|t:|1700115365\n|move|p2a: Hydreigon|Fire Spin|p1a: Torkoal\n|-resisted|p1a: Torkoal\n|-damage|p1a: Torkoal|66\/100\n|-activate|p1a: Torkoal|move: Fire Spin|[of] p2a: Hydreigon\n|move|p1a: Torkoal|Yawn|p2a: Hydreigon\n|-start|p2a: Hydreigon|move: Yawn|[of] p1a: Torkoal\n|\n|-weather|SunnyDay|[upkeep]\n|-damage|p1a: Torkoal|54\/100|[from] move: Fire Spin|[partiallytrapped]\n|upkeep\n|turn|10\n|\n|t:|1700115382\n|switch|p2a: Moltres|Moltres|80\/100\n|move|p1a: Torkoal|Lava Plume|p2a: Moltres\n|-resisted|p2a: Moltres\n|-damage|p2a: Moltres|57\/100\n|\n|-weather|SunnyDay|[upkeep]\n|-end|p1a: Torkoal|Fire Spin|[partiallytrapped]|[silent]\n|upkeep\n|turn|11\n|\n|t:|1700115393\n|switch|p1a: Sandy Shocks|Sandy Shocks|100\/100\n|-damage|p1a: Sandy Shocks|94\/100|[from] Stealth Rock\n|-activate|p1a: Sandy Shocks|ability: Protosynthesis\n|-start|p1a: Sandy Shocks|protosynthesisspa\n|move|p2a: Moltres|Mystical Fire|p1a: Sandy Shocks\n|-damage|p1a: Sandy Shocks|39\/100\n|-unboost|p1a: Sandy Shocks|spa|1\n|\n|-weather|SunnyDay|[upkeep]\n|upkeep\n|turn|12\n|\n|t:|1700115411\n|switch|p2a: Hydreigon|Hydreigon, F|100\/100\n|-damage|p2a: Hydreigon|88\/100|[from] Stealth Rock\n|move|p1a: Sandy Shocks|Volt Switch|p2a: Hydreigon\n|-resisted|p2a: Hydreigon\n|-crit|p2a: Hydreigon\n|-damage|p2a: Hydreigon|64\/100\n|\n|t:|1700115418\n|-end|p1a: Sandy Shocks|Protosynthesis|[silent]\n|switch|p1a: Slither Wing|Slither Wing|100\/100|[from] Volt Switch\n|-damage|p1a: Slither Wing|88\/100|[from] Stealth Rock\n|-activate|p1a: Slither Wing|ability: Protosynthesis\n|-start|p1a: Slither Wing|protosynthesisatk\n|\n|-weather|SunnyDay|[upkeep]\n|-heal|p2a: Hydreigon|71\/100|[from] item: Leftovers\n|upkeep\n|turn|13\n|\n|t:|1700115433\n|switch|p2a: Moltres|Moltres|57\/100\n|move|p1a: Slither Wing|Close Combat|p2a: Moltres\n|-resisted|p2a: Moltres\n|-damage|p2a: Moltres|6\/100\n|-unboost|p1a: Slither Wing|def|1\n|-unboost|p1a: Slither Wing|spd|1\n|\n|-weather|SunnyDay|[upkeep]\n|upkeep\n|turn|14\n|\n|t:|1700115446\n|move|p1a: Slither Wing|Close Combat|p2a: Moltres\n|-resisted|p2a: Moltres\n|-damage|p2a: Moltres|0 fnt\n|-unboost|p1a: Slither Wing|def|1\n|-unboost|p1a: Slither Wing|spd|1\n|-status|p1a: Slither Wing|brn|[from] ability: Flame Body|[of] p2a: Moltres\n|faint|p2a: Moltres\n|\n|-weather|SunnyDay|[upkeep]\n|-damage|p1a: Slither Wing|82\/100 brn|[from] brn\n|upkeep\n|\n|t:|1700115452\n|switch|p2a: Medicham|Medicham, F, shiny|100\/100\n|-damage|p2a: Medicham|94\/100|[from] Stealth Rock\n|turn|15\n|\n|t:|1700115465\n|-end|p1a: Slither Wing|Protosynthesis|[silent]\n|switch|p1a: Sandy Shocks|Sandy Shocks|39\/100\n|-damage|p1a: Sandy Shocks|33\/100|[from] Stealth Rock\n|-activate|p1a: Sandy Shocks|ability: Protosynthesis\n|-start|p1a: Sandy Shocks|protosynthesisspa\n|detailschange|p2a: Medicham|Medicham-Mega, F, shiny\n|-mega|p2a: Medicham|Medicham|Medichamite\n|move|p2a: Medicham|Fake Out|p1a: Sandy Shocks\n|-damage|p1a: Sandy Shocks|6\/100\n|\n|-weather|none\n|-end|p1a: Sandy Shocks|Protosynthesis\n|upkeep\n|turn|16\n|\n|t:|1700115480\n|switch|p2a: Ferrothorn|Ferrothorn, F, shiny|100\/100\n|-damage|p2a: Ferrothorn|94\/100|[from] Stealth Rock\n|move|p1a: Sandy Shocks|Flash Cannon|p2a: Ferrothorn\n|-resisted|p2a: Ferrothorn\n|-damage|p2a: Ferrothorn|84\/100\n|\n|-heal|p2a: Ferrothorn|90\/100|[from] item: Leftovers\n|upkeep\n|turn|17\n|\n|t:|1700115494\n|move|p1a: Sandy Shocks|Flash Cannon|p2a: Ferrothorn\n|-resisted|p2a: Ferrothorn\n|-damage|p2a: Ferrothorn|80\/100\n|move|p2a: Ferrothorn|Leech Seed|p1a: Sandy Shocks\n|-start|p1a: Sandy Shocks|move: Leech Seed\n|\n|-heal|p2a: Ferrothorn|86\/100|[from] item: Leftovers\n|-damage|p1a: Sandy Shocks|0 fnt|[from] Leech Seed|[of] p2a: Ferrothorn\n|-heal|p2a: Ferrothorn|91\/100|[silent]\n|faint|p1a: Sandy Shocks\n|-end|p1a: Sandy Shocks|Protosynthesis|[silent]\n|upkeep\n|\n|t:|1700115504\n|switch|p1a: Slither Wing|Slither Wing|82\/100 brn\n|-damage|p1a: Slither Wing|69\/100 brn|[from] Stealth Rock\n|turn|18\n|\n|t:|1700115511\n|move|p1a: Slither Wing|Close Combat|p2a: Ferrothorn\n|-supereffective|p2a: Ferrothorn\n|-damage|p2a: Ferrothorn|17\/100\n|-unboost|p1a: Slither Wing|def|1\n|-unboost|p1a: Slither Wing|spd|1\n|-damage|p1a: Slither Wing|57\/100 brn|[from] ability: Iron Barbs|[of] p2a: Ferrothorn\n|move|p2a: Ferrothorn|Leech Seed|p1a: Slither Wing\n|-start|p1a: Slither Wing|move: Leech Seed\n|\n|-heal|p2a: Ferrothorn|23\/100|[from] item: Leftovers\n|-damage|p1a: Slither Wing|44\/100 brn|[from] Leech Seed|[of] p2a: Ferrothorn\n|-heal|p2a: Ferrothorn|34\/100|[silent]\n|-damage|p1a: Slither Wing|38\/100 brn|[from] brn\n|upkeep\n|turn|19\n|\n|t:|1700115523\n|-end|p1a: Slither Wing|Protosynthesis|[silent]\n|switch|p1a: Torkoal|Torkoal, M|54\/100\n|-damage|p1a: Torkoal|29\/100|[from] Stealth Rock\n|-weather|SunnyDay|[from] ability: Drought|[of] p1a: Torkoal\n|move|p2a: Ferrothorn|Protect||[still]\n|-fail|p2a: Ferrothorn\n|\n|-weather|SunnyDay|[upkeep]\n|-heal|p2a: Ferrothorn|41\/100|[from] item: Leftovers\n|upkeep\n|turn|20\n|\n|t:|1700115533\n|move|p2a: Ferrothorn|Protect|p2a: Ferrothorn\n|-singleturn|p2a: Ferrothorn|Protect\n|move|p1a: Torkoal|Yawn|p2a: Ferrothorn\n|-activate|p2a: Ferrothorn|move: Protect\n|\n|-weather|SunnyDay|[upkeep]\n|-heal|p2a: Ferrothorn|47\/100|[from] item: Leftovers\n|upkeep\n|turn|21\n|\n|t:|1700115542\n|-terastallize|p2a: Ferrothorn|Ghost\n|move|p1a: Torkoal|Lava Plume|p2a: Ferrothorn\n|-damage|p2a: Ferrothorn|12\/100\n|move|p2a: Ferrothorn|Leech Seed|p1a: Torkoal\n|-start|p1a: Torkoal|move: Leech Seed\n|\n|-weather|SunnyDay|[upkeep]\n|-heal|p2a: Ferrothorn|19\/100|[from] item: Leftovers\n|-damage|p1a: Torkoal|16\/100|[from] Leech Seed|[of] p2a: Ferrothorn\n|-heal|p2a: Ferrothorn|31\/100|[silent]\n|upkeep\n|turn|22\n|\n|t:|1700115554\n|switch|p1a: Slither Wing|Slither Wing|38\/100 brn\n|-damage|p1a: Slither Wing|26\/100 brn|[from] Stealth Rock\n|-activate|p1a: Slither Wing|ability: Protosynthesis\n|-start|p1a: Slither Wing|protosynthesisatk\n|move|p2a: Ferrothorn|Protect||[still]\n|-fail|p2a: Ferrothorn\n|\n|-weather|SunnyDay|[upkeep]\n|-heal|p2a: Ferrothorn|37\/100|[from] item: Leftovers\n|-damage|p1a: Slither Wing|20\/100 brn|[from] brn\n|upkeep\n|turn|23\n|\n|t:|1700115572\n|move|p2a: Ferrothorn|Protect|p2a: Ferrothorn\n|-singleturn|p2a: Ferrothorn|Protect\n|move|p1a: Slither Wing|Earthquake|p2a: Ferrothorn\n|-activate|p2a: Ferrothorn|move: Protect\n|\n|-weather|SunnyDay|[upkeep]\n|-heal|p2a: Ferrothorn|43\/100|[from] item: Leftovers\n|-damage|p1a: Slither Wing|14\/100 brn|[from] brn\n|upkeep\n|turn|24\n|\n|t:|1700115581\n|-end|p1a: Slither Wing|Protosynthesis|[silent]\n|switch|p1a: Lilligant|Lilligant-Hisui, F|100\/100\n|-damage|p1a: Lilligant|94\/100|[from] Stealth Rock\n|move|p2a: Ferrothorn|Leech Seed|p1a: Lilligant\n|-immune|p1a: Lilligant\n|\n|-weather|SunnyDay|[upkeep]\n|-heal|p2a: Ferrothorn|50\/100|[from] item: Leftovers\n|upkeep\n|turn|25\n|\n|t:|1700115591\n|move|p1a: Lilligant|Victory Dance|p1a: Lilligant\n|-boost|p1a: Lilligant|atk|1\n|-boost|p1a: Lilligant|def|1\n|-boost|p1a: Lilligant|spe|1\n|move|p2a: Ferrothorn|Gyro Ball|p1a: Lilligant\n|-damage|p1a: Lilligant|46\/100\n|\n|-weather|SunnyDay|[upkeep]\n|-heal|p2a: Ferrothorn|56\/100|[from] item: Leftovers\n|upkeep\n|turn|26\n|\n|t:|1700115601\n|move|p2a: Ferrothorn|Protect|p2a: Ferrothorn\n|-singleturn|p2a: Ferrothorn|Protect\n|move|p1a: Lilligant|Solar Blade||[still]\n|-prepare|p1a: Lilligant|Solar Blade\n|-anim|p1a: Lilligant|Solar Blade|p2a: Ferrothorn\n|-activate|p2a: Ferrothorn|move: Protect\n|\n|-weather|none\n|-heal|p2a: Ferrothorn|62\/100|[from] item: Leftovers\n|upkeep\n|turn|27\n|\n|t:|1700115611\n|move|p1a: Lilligant|Ice Spinner|p2a: Ferrothorn\n|-damage|p2a: Ferrothorn|35\/100\n|-damage|p1a: Lilligant|33\/100|[from] ability: Iron Barbs|[of] p2a: Ferrothorn\n|move|p2a: Ferrothorn|Gyro Ball|p1a: Lilligant\n|-damage|p1a: Lilligant|0 fnt\n|faint|p1a: Lilligant\n|\n|-heal|p2a: Ferrothorn|41\/100|[from] item: Leftovers\n|upkeep\n|-message|Ellogovornor forfeited.\n|\n|win|Richie2016\n|raw|Ellogovornor's rating: 1190 &rarr; <strong>1169<\/strong><br \/>(-21 for losing)\n|raw|Richie2016's rating: 1240 &rarr; <strong>1261<\/strong><br \/>(+21 for winning)\n|l|\u2606Ellogovornor\n","uploadtime":1700115622,"views":4,"p1id":"ellogovornor","p2id":"richie2016","formatid":"gen9nationaldex","rating":1169,"private":0,"password":""}