{"id":"gen9nationaldex-1992678125","p1":"Serena1111\u805a\u6c14\u5384\u9b3c\u692a","p2":"ouxiaonengshou","format":"[Gen 9] National Dex","log":"|j|\u2606Serena1111\u805a\u6c14\u5384\u9b3c\u692a\n|j|\u2606ouxiaonengshou\n|t:|1700224177\n|gametype|singles\n|player|p1|Serena1111\u805a\u6c14\u5384\u9b3c\u692a|serena|1156\n|player|p2|ouxiaonengshou|iris-gen5bw2|1124\n|teamsize|p1|6\n|teamsize|p2|6\n|gen|9\n|tier|[Gen 9] National Dex\n|rated|\n|rule|HP Percentage Mod: HP is shown in percentages\n|rule|Endless Battle Clause: Forcing endless battles is banned\n|rule|OHKO Clause: OHKO moves are banned\n|rule|Evasion Clause: Evasion abilities, items, and moves are banned\n|rule|Evasion Abilities Clause: Evasion abilities are banned\n|rule|Evasion Items Clause: Evasion items are banned\n|rule|Evasion Moves Clause: Evasion moves are banned\n|rule|Species Clause: Limit one of each Pok\u00e9mon\n|rule|Sleep Clause Mod: Limit one foe put to sleep\n|clearpoke\n|poke|p1|Chansey, F|\n|poke|p1|Dondozo, M|\n|poke|p1|Ditto|\n|poke|p1|Alomomola, M|\n|poke|p1|Ogerpon-Wellspring, F|\n|poke|p1|Whimsicott, M|\n|poke|p2|Sudowoodo, M|\n|poke|p2|Shiftry, F|\n|poke|p2|Corviknight, F|\n|poke|p2|Swampert, M|\n|poke|p2|Pelipper, M|\n|poke|p2|Ogerpon, F|\n|teampreview\n|inactive|Battle timer is ON: inactive players will automatically lose when time's up. (requested by Serena1111\u805a\u6c14\u5384\u9b3c\u692a)\n|\n|t:|1700224198\n|start\n|switch|p1a: \u624b \u81c2 \u7ec8 \u7ed3 \u8005|Ogerpon-Wellspring, F|100\/100\n|switch|p2a: Sudowoodo|Sudowoodo, M, shiny|100\/100\n|turn|1\n|\n|t:|1700224206\n|move|p1a: \u624b \u81c2 \u7ec8 \u7ed3 \u8005|Focus Energy|p1a: \u624b \u81c2 \u7ec8 \u7ed3 \u8005\n|-start|p1a: \u624b \u81c2 \u7ec8 \u7ed3 \u8005|move: Focus Energy\n|move|p2a: Sudowoodo|Counter||[still]\n|-fail|p2a: Sudowoodo\n|\n|upkeep\n|turn|2\n|c|\u2606Serena1111\u805a\u6c14\u5384\u9b3c\u692a|\u662ffocus sash\u5417\n|\n|t:|1700224229\n|switch|p1a: \u5403\u543c\u9738\u7684\u53cd\u5f3a\u5316\u7269\u8bed|Dondozo, M|100\/100\n|move|p2a: Sudowoodo|Stealth Rock|p1a: \u5403\u543c\u9738\u7684\u53cd\u5f3a\u5316\u7269\u8bed\n|-sidestart|p1: Serena1111\u805a\u6c14\u5384\u9b3c\u692a|move: Stealth Rock\n|\n|upkeep\n|turn|3\n|\n|t:|1700224236\n|move|p1a: \u5403\u543c\u9738\u7684\u53cd\u5f3a\u5316\u7269\u8bed|Wave Crash|p2a: Sudowoodo\n|-supereffective|p2a: Sudowoodo\n|-ability|p2a: Sudowoodo|Sturdy\n|-damage|p2a: Sudowoodo|1\/100\n|-damage|p1a: \u5403\u543c\u9738\u7684\u53cd\u5f3a\u5316\u7269\u8bed|83\/100|[from] Recoil\n|move|p2a: Sudowoodo|Counter|p1a: \u5403\u543c\u9738\u7684\u53cd\u5f3a\u5316\u7269\u8bed\n|-damage|p1a: \u5403\u543c\u9738\u7684\u53cd\u5f3a\u5316\u7269\u8bed|0 fnt\n|faint|p1a: \u5403\u543c\u9738\u7684\u53cd\u5f3a\u5316\u7269\u8bed\n|\n|upkeep\n|\n|t:|1700224244\n|switch|p1a: \u5c0f\u667a\u518d\u4e5f\u4e0d\u7528\u62c5\u5fc3\u6211\u4e0d\u77e5\u9053\u5bf9\u65b9\u62db\u5f0f\u4e86|Ditto|100\/100\n|-damage|p1a: \u5c0f\u667a\u518d\u4e5f\u4e0d\u7528\u62c5\u5fc3\u6211\u4e0d\u77e5\u9053\u5bf9\u65b9\u62db\u5f0f\u4e86|88\/100|[from] Stealth Rock\n|-transform|p1a: \u5c0f\u667a\u518d\u4e5f\u4e0d\u7528\u62c5\u5fc3\u6211\u4e0d\u77e5\u9053\u5bf9\u65b9\u62db\u5f0f\u4e86|p2a: Sudowoodo|[from] ability: Imposter\n|turn|4\n|-enditem|p2a: Sudowoodo|Custap Berry|[eat]\n|-activate|p2a: Sudowoodo|item: Custap Berry|[consumed]\n|\n|t:|1700224254\n|switch|p1a: \u4fdd\u59c6\u9c7c|Alomomola, M|100\/100\n|move|p2a: Sudowoodo|Explosion|p1a: \u4fdd\u59c6\u9c7c\n|-damage|p1a: \u4fdd\u59c6\u9c7c|58\/100\n|faint|p2a: Sudowoodo\n|\n|upkeep\n|\n|t:|1700224262\n|switch|p2a: Ogerpon|Ogerpon, F|100\/100\n|turn|5\n|\n|t:|1700224271\n|switch|p1a: \u810f\u4e1c\u897f|Whimsicott, M|100\/100\n|move|p2a: Ogerpon|Ivy Cudgel|p1a: \u810f\u4e1c\u897f\n|-resisted|p1a: \u810f\u4e1c\u897f\n|-crit|p1a: \u810f\u4e1c\u897f\n|-damage|p1a: \u810f\u4e1c\u897f|71\/100\n|\n|upkeep\n|turn|6\n|\n|t:|1700224279\n|move|p1a: \u810f\u4e1c\u897f|Toxic|p2a: Ogerpon|[miss]\n|-miss|p1a: \u810f\u4e1c\u897f|p2a: Ogerpon\n|move|p2a: Ogerpon|U-turn|p1a: \u810f\u4e1c\u897f\n|-damage|p1a: \u810f\u4e1c\u897f|51\/100\n|\n|t:|1700224284\n|switch|p2a: Shiftry|Shiftry, F, shiny|100\/100|[from] U-turn\n|\n|upkeep\n|turn|7\n|\n|t:|1700224298\n|switch|p1a: \u5c0f\u667a\u518d\u4e5f\u4e0d\u7528\u62c5\u5fc3\u6211\u4e0d\u77e5\u9053\u5bf9\u65b9\u62db\u5f0f\u4e86|Ditto|88\/100\n|-damage|p1a: \u5c0f\u667a\u518d\u4e5f\u4e0d\u7528\u62c5\u5fc3\u6211\u4e0d\u77e5\u9053\u5bf9\u65b9\u62db\u5f0f\u4e86|76\/100|[from] Stealth Rock\n|-transform|p1a: \u5c0f\u667a\u518d\u4e5f\u4e0d\u7528\u62c5\u5fc3\u6211\u4e0d\u77e5\u9053\u5bf9\u65b9\u62db\u5f0f\u4e86|p2a: Shiftry|[from] ability: Imposter\n|move|p2a: Shiftry|Heat Wave|p1a: \u5c0f\u667a\u518d\u4e5f\u4e0d\u7528\u62c5\u5fc3\u6211\u4e0d\u77e5\u9053\u5bf9\u65b9\u62db\u5f0f\u4e86\n|-ability|p1a: \u5c0f\u667a\u518d\u4e5f\u4e0d\u7528\u62c5\u5fc3\u6211\u4e0d\u77e5\u9053\u5bf9\u65b9\u62db\u5f0f\u4e86|Wind Rider|boost\n|-boost|p1a: \u5c0f\u667a\u518d\u4e5f\u4e0d\u7528\u62c5\u5fc3\u6211\u4e0d\u77e5\u9053\u5bf9\u65b9\u62db\u5f0f\u4e86|atk|1\n|\n|upkeep\n|turn|8\n|\n|t:|1700224313\n|switch|p1a: \u4fdd\u59c6\u9c7c|Alomomola, M|92\/100\n|move|p2a: Shiftry|Knock Off|p1a: \u4fdd\u59c6\u9c7c\n|-damage|p1a: \u4fdd\u59c6\u9c7c|69\/100\n|-enditem|p1a: \u4fdd\u59c6\u9c7c|Heavy-Duty Boots|[from] move: Knock Off|[of] p2a: Shiftry\n|\n|upkeep\n|turn|9\n|\n|t:|1700224326\n|switch|p2a: Pelipper|Pelipper, M|100\/100\n|-weather|RainDance|[from] ability: Drizzle|[of] p2a: Pelipper\n|move|p1a: \u4fdd\u59c6\u9c7c|Toxic|p2a: Pelipper\n|-status|p2a: Pelipper|tox\n|\n|-weather|RainDance|[upkeep]\n|-damage|p2a: Pelipper|94\/100 tox|[from] psn\n|upkeep\n|turn|10\n|\n|t:|1700224340\n|switch|p1a: \u6e05\u6f88\u7684\u53cc\u773c \u53ef\u7231\u7684\u8138\u5e9e|Chansey, F|100\/100\n|-damage|p1a: \u6e05\u6f88\u7684\u53cc\u773c \u53ef\u7231\u7684\u8138\u5e9e|88\/100|[from] Stealth Rock\n|move|p2a: Pelipper|Hurricane|p1a: \u6e05\u6f88\u7684\u53cc\u773c \u53ef\u7231\u7684\u8138\u5e9e\n|-damage|p1a: \u6e05\u6f88\u7684\u53cc\u773c \u53ef\u7231\u7684\u8138\u5e9e|77\/100\n|-start|p1a: \u6e05\u6f88\u7684\u53cc\u773c \u53ef\u7231\u7684\u8138\u5e9e|confusion\n|\n|-weather|RainDance|[upkeep]\n|-damage|p2a: Pelipper|82\/100 tox|[from] psn\n|upkeep\n|turn|11\n|\n|t:|1700224350\n|move|p2a: Pelipper|U-turn|p1a: \u6e05\u6f88\u7684\u53cc\u773c \u53ef\u7231\u7684\u8138\u5e9e\n|-damage|p1a: \u6e05\u6f88\u7684\u53cc\u773c \u53ef\u7231\u7684\u8138\u5e9e|72\/100\n|\n|t:|1700224358\n|switch|p2a: Corviknight|Corviknight, F, shiny|100\/100|[from] U-turn\n|-activate|p1a: \u6e05\u6f88\u7684\u53cc\u773c \u53ef\u7231\u7684\u8138\u5e9e|confusion\n|move|p1a: \u6e05\u6f88\u7684\u53cc\u773c \u53ef\u7231\u7684\u8138\u5e9e|Seismic Toss|p2a: Corviknight\n|-damage|p2a: Corviknight|75\/100\n|-damage|p1a: \u6e05\u6f88\u7684\u53cc\u773c \u53ef\u7231\u7684\u8138\u5e9e|55\/100|[from] item: Rocky Helmet|[of] p2a: Corviknight\n|\n|-weather|RainDance|[upkeep]\n|upkeep\n|turn|12\n|\n|t:|1700224367\n|switch|p1a: \u4fdd\u59c6\u9c7c|Alomomola, M|100\/100\n|-damage|p1a: \u4fdd\u59c6\u9c7c|88\/100|[from] Stealth Rock\n|move|p2a: Corviknight|Body Press|p1a: \u4fdd\u59c6\u9c7c\n|-damage|p1a: \u4fdd\u59c6\u9c7c|78\/100\n|\n|-weather|RainDance|[upkeep]\n|upkeep\n|turn|13\n|\n|t:|1700224378\n|move|p2a: Corviknight|Roost|p2a: Corviknight\n|-heal|p2a: Corviknight|100\/100\n|-singleturn|p2a: Corviknight|move: Roost\n|move|p1a: \u4fdd\u59c6\u9c7c|Wish|p1a: \u4fdd\u59c6\u9c7c\n|\n|-weather|none\n|upkeep\n|turn|14\n|\n|t:|1700224384\n|move|p2a: Corviknight|Iron Defense|p2a: Corviknight\n|-boost|p2a: Corviknight|def|2\n|move|p1a: \u4fdd\u59c6\u9c7c|Flip Turn|p2a: Corviknight\n|-damage|p2a: Corviknight|94\/100\n|-damage|p1a: \u4fdd\u59c6\u9c7c|61\/100|[from] item: Rocky Helmet|[of] p2a: Corviknight\n|\n|t:|1700224391\n|switch|p1a: \u5c0f\u667a\u518d\u4e5f\u4e0d\u7528\u62c5\u5fc3\u6211\u4e0d\u77e5\u9053\u5bf9\u65b9\u62db\u5f0f\u4e86|Ditto|76\/100|[from] Flip Turn\n|-damage|p1a: \u5c0f\u667a\u518d\u4e5f\u4e0d\u7528\u62c5\u5fc3\u6211\u4e0d\u77e5\u9053\u5bf9\u65b9\u62db\u5f0f\u4e86|63\/100|[from] Stealth Rock\n|-transform|p1a: \u5c0f\u667a\u518d\u4e5f\u4e0d\u7528\u62c5\u5fc3\u6211\u4e0d\u77e5\u9053\u5bf9\u65b9\u62db\u5f0f\u4e86|p2a: Corviknight|[from] ability: Imposter\n|\n|-heal|p1a: \u5c0f\u667a\u518d\u4e5f\u4e0d\u7528\u62c5\u5fc3\u6211\u4e0d\u77e5\u9053\u5bf9\u65b9\u62db\u5f0f\u4e86|100\/100|[from] move: Wish|[wisher] \u4fdd\u59c6\u9c7c\n|upkeep\n|turn|15\n|\n|t:|1700224404\n|move|p1a: \u5c0f\u667a\u518d\u4e5f\u4e0d\u7528\u62c5\u5fc3\u6211\u4e0d\u77e5\u9053\u5bf9\u65b9\u62db\u5f0f\u4e86|Body Press|p2a: Corviknight\n|-damage|p2a: Corviknight|79\/100\n|-damage|p1a: \u5c0f\u667a\u518d\u4e5f\u4e0d\u7528\u62c5\u5fc3\u6211\u4e0d\u77e5\u9053\u5bf9\u65b9\u62db\u5f0f\u4e86|84\/100|[from] item: Rocky Helmet|[of] p2a: Corviknight\n|move|p2a: Corviknight|Body Press|p1a: \u5c0f\u667a\u518d\u4e5f\u4e0d\u7528\u62c5\u5fc3\u6211\u4e0d\u77e5\u9053\u5bf9\u65b9\u62db\u5f0f\u4e86\n|-damage|p1a: \u5c0f\u667a\u518d\u4e5f\u4e0d\u7528\u62c5\u5fc3\u6211\u4e0d\u77e5\u9053\u5bf9\u65b9\u62db\u5f0f\u4e86|64\/100\n|\n|upkeep\n|turn|16\n|\n|t:|1700224417\n|switch|p1a: \u4fdd\u59c6\u9c7c|Alomomola, M|95\/100\n|-damage|p1a: \u4fdd\u59c6\u9c7c|82\/100|[from] Stealth Rock\n|move|p2a: Corviknight|Iron Head|p1a: \u4fdd\u59c6\u9c7c\n|-resisted|p1a: \u4fdd\u59c6\u9c7c\n|-damage|p1a: \u4fdd\u59c6\u9c7c|76\/100\n|\n|upkeep\n|turn|17\n|\n|t:|1700224438\n|move|p2a: Corviknight|Body Press|p1a: \u4fdd\u59c6\u9c7c\n|-damage|p1a: \u4fdd\u59c6\u9c7c|56\/100\n|move|p1a: \u4fdd\u59c6\u9c7c|Wish|p1a: \u4fdd\u59c6\u9c7c\n|\n|upkeep\n|turn|18\n|\n|t:|1700224455\n|switch|p2a: Pelipper|Pelipper, M|82\/100 tox\n|-weather|RainDance|[from] ability: Drizzle|[of] p2a: Pelipper\n|move|p1a: \u4fdd\u59c6\u9c7c|Flip Turn|p2a: Pelipper\n|-resisted|p2a: Pelipper\n|-damage|p2a: Pelipper|73\/100 tox\n|\n|t:|1700224461\n|switch|p1a: \u624b \u81c2 \u7ec8 \u7ed3 \u8005|Ogerpon-Wellspring, F|100\/100|[from] Flip Turn\n|-damage|p1a: \u624b \u81c2 \u7ec8 \u7ed3 \u8005|88\/100|[from] Stealth Rock\n|\n|-weather|RainDance|[upkeep]\n|-heal|p1a: \u624b \u81c2 \u7ec8 \u7ed3 \u8005|100\/100|[from] move: Wish|[wisher] \u4fdd\u59c6\u9c7c\n|-damage|p2a: Pelipper|67\/100 tox|[from] psn\n|upkeep\n|turn|19\n|\n|t:|1700224470\n|-terastallize|p1a: \u624b \u81c2 \u7ec8 \u7ed3 \u8005|Water\n|detailschange|p1a: \u624b \u81c2 \u7ec8 \u7ed3 \u8005|Ogerpon-Wellspring-Tera, F, tera:Water\n|-ability|p1a: \u624b \u81c2 \u7ec8 \u7ed3 \u8005|Embody Aspect (Wellspring)|boost\n|-boost|p1a: \u624b \u81c2 \u7ec8 \u7ed3 \u8005|spd|1\n|move|p1a: \u624b \u81c2 \u7ec8 \u7ed3 \u8005|Focus Energy|p1a: \u624b \u81c2 \u7ec8 \u7ed3 \u8005\n|-start|p1a: \u624b \u81c2 \u7ec8 \u7ed3 \u8005|move: Focus Energy\n|move|p2a: Pelipper|Hurricane|p1a: \u624b \u81c2 \u7ec8 \u7ed3 \u8005\n|-damage|p1a: \u624b \u81c2 \u7ec8 \u7ed3 \u8005|73\/100\n|-start|p1a: \u624b \u81c2 \u7ec8 \u7ed3 \u8005|confusion\n|\n|-weather|RainDance|[upkeep]\n|-damage|p2a: Pelipper|55\/100 tox|[from] psn\n|upkeep\n|turn|20\n|\n|t:|1700224485\n|-activate|p1a: \u624b \u81c2 \u7ec8 \u7ed3 \u8005|confusion\n|move|p1a: \u624b \u81c2 \u7ec8 \u7ed3 \u8005|Ivy Cudgel|p2a: Pelipper|[anim] Ivy Cudgel Water\n|-resisted|p2a: Pelipper\n|-crit|p2a: Pelipper\n|-damage|p2a: Pelipper|0 fnt\n|faint|p2a: Pelipper\n|\n|-weather|RainDance|[upkeep]\n|upkeep\n|\n|t:|1700224494\n|switch|p2a: Ogerpon|Ogerpon, F|100\/100\n|turn|21\n|\n|t:|1700224504\n|move|p2a: Ogerpon|Ivy Cudgel|p1a: \u624b \u81c2 \u7ec8 \u7ed3 \u8005\n|-supereffective|p1a: \u624b \u81c2 \u7ec8 \u7ed3 \u8005\n|-damage|p1a: \u624b \u81c2 \u7ec8 \u7ed3 \u8005|0 fnt\n|faint|p1a: \u624b \u81c2 \u7ec8 \u7ed3 \u8005\n|\n|-weather|RainDance|[upkeep]\n|upkeep\n|\n|t:|1700224510\n|switch|p1a: \u5c0f\u667a\u518d\u4e5f\u4e0d\u7528\u62c5\u5fc3\u6211\u4e0d\u77e5\u9053\u5bf9\u65b9\u62db\u5f0f\u4e86|Ditto|64\/100\n|-damage|p1a: \u5c0f\u667a\u518d\u4e5f\u4e0d\u7528\u62c5\u5fc3\u6211\u4e0d\u77e5\u9053\u5bf9\u65b9\u62db\u5f0f\u4e86|52\/100|[from] Stealth Rock\n|-transform|p1a: \u5c0f\u667a\u518d\u4e5f\u4e0d\u7528\u62c5\u5fc3\u6211\u4e0d\u77e5\u9053\u5bf9\u65b9\u62db\u5f0f\u4e86|p2a: Ogerpon|[from] ability: Imposter\n|turn|22\n|\n|t:|1700224515\n|move|p1a: \u5c0f\u667a\u518d\u4e5f\u4e0d\u7528\u62c5\u5fc3\u6211\u4e0d\u77e5\u9053\u5bf9\u65b9\u62db\u5f0f\u4e86|U-turn|p2a: Ogerpon\n|-supereffective|p2a: Ogerpon\n|-damage|p2a: Ogerpon|39\/100\n|\n|t:|1700224519\n|switch|p1a: \u810f\u4e1c\u897f|Whimsicott, M|51\/100|[from] U-turn\n|move|p2a: Ogerpon|U-turn|p1a: \u810f\u4e1c\u897f\n|-damage|p1a: \u810f\u4e1c\u897f|32\/100\n|\n|t:|1700224525\n|switch|p2a: Shiftry|Shiftry, F, shiny|100\/100|[from] U-turn\n|\n|-weather|none\n|upkeep\n|turn|23\n|\n|t:|1700224541\n|switch|p1a: \u4fdd\u59c6\u9c7c|Alomomola, M|89\/100\n|-damage|p1a: \u4fdd\u59c6\u9c7c|77\/100|[from] Stealth Rock\n|move|p2a: Shiftry|Knock Off|p1a: \u4fdd\u59c6\u9c7c\n|-damage|p1a: \u4fdd\u59c6\u9c7c|62\/100\n|\n|upkeep\n|turn|24\n|\n|t:|1700224555\n|move|p2a: Shiftry|Knock Off|p1a: \u4fdd\u59c6\u9c7c\n|-damage|p1a: \u4fdd\u59c6\u9c7c|48\/100\n|move|p1a: \u4fdd\u59c6\u9c7c|Wish|p1a: \u4fdd\u59c6\u9c7c\n|\n|upkeep\n|turn|25\n|\n|t:|1700224561\n|move|p2a: Shiftry|Tailwind|p2a: Shiftry\n|-sidestart|p2: ouxiaonengshou|move: Tailwind\n|-ability|p2a: Shiftry|Wind Rider|boost\n|-boost|p2a: Shiftry|atk|1\n|move|p1a: \u4fdd\u59c6\u9c7c|Flip Turn|p2a: Shiftry\n|-resisted|p2a: Shiftry\n|-damage|p2a: Shiftry|85\/100\n|\n|t:|1700224569\n|switch|p1a: \u5c0f\u667a\u518d\u4e5f\u4e0d\u7528\u62c5\u5fc3\u6211\u4e0d\u77e5\u9053\u5bf9\u65b9\u62db\u5f0f\u4e86|Ditto|52\/100|[from] Flip Turn\n|-damage|p1a: \u5c0f\u667a\u518d\u4e5f\u4e0d\u7528\u62c5\u5fc3\u6211\u4e0d\u77e5\u9053\u5bf9\u65b9\u62db\u5f0f\u4e86|39\/100|[from] Stealth Rock\n|-transform|p1a: \u5c0f\u667a\u518d\u4e5f\u4e0d\u7528\u62c5\u5fc3\u6211\u4e0d\u77e5\u9053\u5bf9\u65b9\u62db\u5f0f\u4e86|p2a: Shiftry|[from] ability: Imposter\n|\n|-heal|p1a: \u5c0f\u667a\u518d\u4e5f\u4e0d\u7528\u62c5\u5fc3\u6211\u4e0d\u77e5\u9053\u5bf9\u65b9\u62db\u5f0f\u4e86|100\/100|[from] move: Wish|[wisher] \u4fdd\u59c6\u9c7c\n|upkeep\n|turn|26\n|\n|t:|1700224579\n|move|p2a: Shiftry|Heat Wave|p1a: \u5c0f\u667a\u518d\u4e5f\u4e0d\u7528\u62c5\u5fc3\u6211\u4e0d\u77e5\u9053\u5bf9\u65b9\u62db\u5f0f\u4e86\n|-ability|p1a: \u5c0f\u667a\u518d\u4e5f\u4e0d\u7528\u62c5\u5fc3\u6211\u4e0d\u77e5\u9053\u5bf9\u65b9\u62db\u5f0f\u4e86|Wind Rider|boost\n|-boost|p1a: \u5c0f\u667a\u518d\u4e5f\u4e0d\u7528\u62c5\u5fc3\u6211\u4e0d\u77e5\u9053\u5bf9\u65b9\u62db\u5f0f\u4e86|atk|1\n|move|p1a: \u5c0f\u667a\u518d\u4e5f\u4e0d\u7528\u62c5\u5fc3\u6211\u4e0d\u77e5\u9053\u5bf9\u65b9\u62db\u5f0f\u4e86|Heat Wave|p2a: Shiftry\n|-ability|p2a: Shiftry|Wind Rider|boost\n|-boost|p2a: Shiftry|atk|1\n|\n|upkeep\n|turn|27\n|-message|Serena1111\u805a\u6c14\u5384\u9b3c\u692a forfeited.\n|\n|win|ouxiaonengshou\n|raw|Serena1111\u805a\u6c14\u5384\u9b3c\u692a's rating: 1156 &rarr; <strong>1129<\/strong><br \/>(-27 for losing)\n|raw|ouxiaonengshou's rating: 1124 &rarr; <strong>1151<\/strong><br \/>(+27 for winning)\n","uploadtime":1700224609,"views":5,"p1id":"serena1111","p2id":"ouxiaonengshou","formatid":"gen9nationaldex","rating":1129,"private":0,"password":""}