{"id":"gen9nationaldex-1999007842","p1":"XLioneldoX","p2":"Gonquical","format":"[Gen 9] National Dex","log":"|html|<div class=\"broadcast-blue\"><strong>[Gen 9] National Dex is currently suspecting Sneasler! For information on how to participate check out the <a href=\"https:\/\/www.smogon.com\/forums\/threads\/sv-national-dex-suspect-8-just-dance.3731534\/\">suspect thread<\/a>.<\/strong><\/div>\n|j|\u2606XLioneldoX\n|j|\u2606Gonquical\n|t:|1701023292\n|gametype|singles\n|player|p1|XLioneldoX|2|\n|player|p2|Gonquical|n|\n|teamsize|p1|6\n|teamsize|p2|6\n|gen|9\n|tier|[Gen 9] National Dex\n|rule|HP Percentage Mod: HP is shown in percentages\n|rule|Endless Battle Clause: Forcing endless battles is banned\n|rule|OHKO Clause: OHKO moves are banned\n|rule|Evasion Clause: Evasion abilities, items, and moves are banned\n|rule|Evasion Abilities Clause: Evasion abilities are banned\n|rule|Evasion Items Clause: Evasion items are banned\n|rule|Evasion Moves Clause: Evasion moves are banned\n|rule|Species Clause: Limit one of each Pok\u00e9mon\n|rule|Sleep Clause Mod: Limit one foe put to sleep\n|clearpoke\n|poke|p1|Araquanid, M|\n|poke|p1|Diancie|\n|poke|p1|Kartana|\n|poke|p1|Kommo-o, F|\n|poke|p1|Landorus-Therian, M|\n|poke|p1|Aegislash, F|\n|poke|p2|Garganacl, M|\n|poke|p2|Ursaluna, M|\n|poke|p2|Gliscor, M|\n|poke|p2|Lurantis, M|\n|poke|p2|Zoroark-Hisui, M|\n|poke|p2|Charizard, M|\n|teampreview\n|\n|t:|1701023318\n|start\n|switch|p1a: Araquanid|Araquanid, M|100\/100\n|switch|p2a: Que lindo verdad?|Gliscor, M, shiny|100\/100\n|turn|1\n|\n|t:|1701023338\n|-terastallize|p2a: Que lindo verdad?|Dragon\n|move|p2a: Que lindo verdad?|Toxic Spikes|p1a: Araquanid\n|-sidestart|p1: XLioneldoX|move: Toxic Spikes\n|move|p1a: Araquanid|Liquidation|p2a: Que lindo verdad?\n|-resisted|p2a: Que lindo verdad?\n|-damage|p2a: Que lindo verdad?|56\/100\n|\n|-status|p2a: Que lindo verdad?|tox|[from] item: Toxic Orb\n|upkeep\n|turn|2\n|\n|t:|1701023357\n|switch|p1a: Kommo-o|Kommo-o, F|100\/100\n|-status|p1a: Kommo-o|psn\n|move|p2a: Que lindo verdad?|Toxic Spikes|p1a: Kommo-o\n|-sidestart|p1: XLioneldoX|move: Toxic Spikes\n|\n|-heal|p2a: Que lindo verdad?|69\/100 tox|[from] ability: Poison Heal\n|-damage|p1a: Kommo-o|88\/100 psn|[from] psn\n|upkeep\n|turn|3\n|\n|t:|1701023382\n|switch|p2a: Pardo|Ursaluna, M|100\/100\n|move|p1a: Kommo-o|Clangorous Soul|p1a: Kommo-o\n|-boost|p1a: Kommo-o|atk|1\n|-boost|p1a: Kommo-o|def|1\n|-boost|p1a: Kommo-o|spa|1\n|-boost|p1a: Kommo-o|spd|1\n|-boost|p1a: Kommo-o|spe|1\n|-damage|p1a: Kommo-o|55\/100 psn\n|\n|-damage|p1a: Kommo-o|43\/100 psn|[from] psn\n|-status|p2a: Pardo|brn|[from] item: Flame Orb\n|upkeep\n|turn|4\n|\n|t:|1701023398\n|-zpower|p1a: Kommo-o\n|move|p1a: Kommo-o|Clangorous Soulblaze|p2a: Pardo|[zeffect]\n|-damage|p2a: Pardo|0 fnt\n|faint|p2a: Pardo\n|-boost|p1a: Kommo-o|atk|1\n|-boost|p1a: Kommo-o|def|1\n|-boost|p1a: Kommo-o|spa|1\n|-boost|p1a: Kommo-o|spd|1\n|-boost|p1a: Kommo-o|spe|1\n|\n|-damage|p1a: Kommo-o|30\/100 psn|[from] psn\n|upkeep\n|\n|t:|1701023427\n|switch|p2a: Dominantis|Lurantis, M|100\/100\n|turn|5\n|\n|t:|1701023436\n|move|p1a: Kommo-o|Flamethrower|p2a: Dominantis\n|-damage|p2a: Dominantis|0 fnt\n|replace|p2a: Herrera albino|Zoroark-Hisui, M\n|-end|p2a: Herrera albino|Illusion\n|faint|p2a: Herrera albino\n|\n|-damage|p1a: Kommo-o|18\/100 psn|[from] psn\n|upkeep\n|\n|t:|1701023448\n|switch|p2a: Minecraft|Garganacl, M, shiny|100\/100\n|turn|6\n|\n|t:|1701023502\n|move|p1a: Kommo-o|Clanging Scales|p2a: Minecraft\n|-damage|p2a: Minecraft|13\/100\n|-unboost|p1a: Kommo-o|def|1\n|move|p2a: Minecraft|Recover|p2a: Minecraft\n|-heal|p2a: Minecraft|63\/100\n|\n|-heal|p2a: Minecraft|70\/100|[from] item: Leftovers\n|-damage|p1a: Kommo-o|6\/100 psn|[from] psn\n|upkeep\n|turn|7\n|\n|t:|1701023526\n|move|p1a: Kommo-o|Clanging Scales|p2a: Minecraft\n|-damage|p2a: Minecraft|0 fnt\n|faint|p2a: Minecraft\n|-unboost|p1a: Kommo-o|def|1\n|\n|-damage|p1a: Kommo-o|0 fnt|[from] psn\n|faint|p1a: Kommo-o\n|upkeep\n|\n|t:|1701023570\n|switch|p1a: Araquanid|Araquanid, M|100\/100\n|switch|p2a: Chorizo|Charizard, M|100\/100\n|-status|p1a: Araquanid|tox\n|turn|8\n|\n|t:|1701023590\n|switch|p2a: Dominantis|Lurantis, M|100\/100\n|-terastallize|p1a: Araquanid|Water\n|move|p1a: Araquanid|Liquidation|p2a: Dominantis\n|-resisted|p2a: Dominantis\n|-damage|p2a: Dominantis|25\/100\n|\n|-damage|p1a: Araquanid|94\/100 tox|[from] psn\n|upkeep\n|turn|9\n|\n|t:|1701023603\n|move|p2a: Dominantis|Rest|p2a: Dominantis\n|-status|p2a: Dominantis|slp|[from] move: Rest\n|-heal|p2a: Dominantis|100\/100 slp|[silent]\n|-enditem|p2a: Dominantis|Chesto Berry|[eat]\n|-curestatus|p2a: Dominantis|slp|[msg]\n|move|p1a: Araquanid|Liquidation|p2a: Dominantis\n|-resisted|p2a: Dominantis\n|-damage|p2a: Dominantis|28\/100\n|\n|-damage|p1a: Araquanid|82\/100 tox|[from] psn\n|upkeep\n|turn|10\n|\n|t:|1701023616\n|move|p2a: Dominantis|Rest|p2a: Dominantis\n|-status|p2a: Dominantis|slp|[from] move: Rest\n|-heal|p2a: Dominantis|100\/100 slp|[silent]\n|move|p1a: Araquanid|Liquidation|p2a: Dominantis\n|-resisted|p2a: Dominantis\n|-damage|p2a: Dominantis|25\/100 slp\n|\n|-damage|p1a: Araquanid|63\/100 tox|[from] psn\n|upkeep\n|turn|11\n|\n|t:|1701023636\n|cant|p2a: Dominantis|slp\n|move|p1a: Araquanid|Liquidation|p2a: Dominantis\n|-resisted|p2a: Dominantis\n|-damage|p2a: Dominantis|0 fnt\n|faint|p2a: Dominantis\n|\n|-damage|p1a: Araquanid|39\/100 tox|[from] psn\n|upkeep\n|\n|t:|1701023646\n|switch|p2a: Que lindo verdad?|Gliscor, M, shiny, tera:Dragon|69\/100 tox\n|turn|12\n|\n|t:|1701023653\n|move|p2a: Que lindo verdad?|Knock Off|p1a: Araquanid\n|-damage|p1a: Araquanid|10\/100 tox\n|-enditem|p1a: Araquanid|Choice Band|[from] move: Knock Off|[of] p2a: Que lindo verdad?\n|move|p1a: Araquanid|Liquidation|p2a: Que lindo verdad?\n|-resisted|p2a: Que lindo verdad?\n|-damage|p2a: Que lindo verdad?|24\/100 tox\n|\n|-heal|p2a: Que lindo verdad?|37\/100 tox|[from] ability: Poison Heal\n|-damage|p1a: Araquanid|0 fnt|[from] psn\n|faint|p1a: Araquanid\n|upkeep\n|\n|t:|1701023686\n|switch|p1a: Diancie|Diancie|100\/100\n|-status|p1a: Diancie|tox\n|turn|13\n|\n|t:|1701023697\n|detailschange|p1a: Diancie|Diancie-Mega\n|-mega|p1a: Diancie|Diancie|Diancite\n|move|p2a: Que lindo verdad?|Protect|p2a: Que lindo verdad?\n|-singleturn|p2a: Que lindo verdad?|Protect\n|move|p1a: Diancie|Moonblast|p2a: Que lindo verdad?\n|-activate|p2a: Que lindo verdad?|move: Protect\n|\n|-damage|p1a: Diancie|94\/100 tox|[from] psn\n|-heal|p2a: Que lindo verdad?|49\/100 tox|[from] ability: Poison Heal\n|upkeep\n|turn|14\n|\n|t:|1701023725\n|move|p1a: Diancie|Moonblast|p2a: Que lindo verdad?\n|-supereffective|p2a: Que lindo verdad?\n|-damage|p2a: Que lindo verdad?|0 fnt\n|faint|p2a: Que lindo verdad?\n|\n|-damage|p1a: Diancie|82\/100 tox|[from] psn\n|upkeep\n|\n|t:|1701023729\n|switch|p2a: Chorizo|Charizard, M|100\/100\n|turn|15\n|\n|t:|1701023740\n|move|p1a: Diancie|Diamond Storm|p2a: Chorizo\n|-supereffective|p2a: Chorizo\n|-damage|p2a: Chorizo|0 fnt\n|-boost|p1a: Diancie|def|2\n|faint|p2a: Chorizo\n|\n|win|XLioneldoX\n|l|\u2606Gonquical\n","uploadtime":1701023756,"views":18,"p1id":"xlioneldox","p2id":"gonquical","formatid":"gen9nationaldex","rating":0,"private":0,"password":""}