{"id":"gen9nationaldex-1988699920","p1":"BulbaJr","p2":"Nicholash20234","format":"[Gen 9] National Dex","log":"|j|\u2606BulbaJr\n|j|\u2606Nicholash20234\n|t:|1699752238\n|gametype|singles\n|player|p1|BulbaJr|169|1192\n|player|p2|Nicholash20234|265|1233\n|teamsize|p1|6\n|teamsize|p2|6\n|gen|9\n|tier|[Gen 9] National Dex\n|rated|\n|rule|HP Percentage Mod: HP is shown in percentages\n|rule|Endless Battle Clause: Forcing endless battles is banned\n|rule|OHKO Clause: OHKO moves are banned\n|rule|Evasion Clause: Evasion abilities, items, and moves are banned\n|rule|Evasion Abilities Clause: Evasion abilities are banned\n|rule|Evasion Items Clause: Evasion items are banned\n|rule|Evasion Moves Clause: Evasion moves are banned\n|rule|Species Clause: Limit one of each Pok\u00e9mon\n|rule|Sleep Clause Mod: Limit one foe put to sleep\n|clearpoke\n|poke|p1|Medicham, F|\n|poke|p1|Samurott-Hisui, M|\n|poke|p1|Skeledirge, M|\n|poke|p1|Rapidash-Galar, F|\n|poke|p1|Gigalith, M|\n|poke|p1|Vanilluxe, F|\n|poke|p2|Blaziken, M|\n|poke|p2|Gliscor, F|\n|poke|p2|Gardevoir, F|\n|poke|p2|Forretress, F|\n|poke|p2|Greninja-*, M|\n|poke|p2|Blissey, F|\n|teampreview\n|\n|t:|1699752244\n|start\n|switch|p1a: Gigalith|Gigalith, M|100\/100\n|switch|p2a: Forretress|Forretress, F, shiny|100\/100\n|-weather|Sandstorm|[from] ability: Sand Stream|[of] p1a: Gigalith\n|turn|1\n|\n|t:|1699752257\n|move|p1a: Gigalith|Stone Edge|p2a: Forretress\n|-damage|p2a: Forretress|66\/100\n|move|p2a: Forretress|Stealth Rock|p1a: Gigalith\n|-sidestart|p1: BulbaJr|move: Stealth Rock\n|\n|-weather|Sandstorm|[upkeep]\n|-heal|p2a: Forretress|72\/100|[from] item: Leftovers\n|upkeep\n|turn|2\n|\n|t:|1699752265\n|move|p1a: Gigalith|Earthquake|p2a: Forretress\n|-damage|p2a: Forretress|49\/100\n|move|p2a: Forretress|Body Press|p1a: Gigalith\n|-supereffective|p1a: Gigalith\n|-damage|p1a: Gigalith|57\/100\n|\n|-weather|Sandstorm|[upkeep]\n|-heal|p2a: Forretress|55\/100|[from] item: Leftovers\n|upkeep\n|turn|3\n|\n|t:|1699752275\n|move|p1a: Gigalith|Stone Edge|p2a: Forretress\n|-damage|p2a: Forretress|25\/100\n|move|p2a: Forretress|Body Press|p1a: Gigalith\n|-supereffective|p1a: Gigalith\n|-damage|p1a: Gigalith|12\/100\n|\n|-weather|Sandstorm|[upkeep]\n|-heal|p2a: Forretress|31\/100|[from] item: Leftovers\n|upkeep\n|turn|4\n|\n|t:|1699752286\n|switch|p1a: Skeledirge|Skeledirge, M|100\/100\n|-damage|p1a: Skeledirge|75\/100|[from] Stealth Rock\n|move|p2a: Forretress|Body Press|p1a: Skeledirge\n|-immune|p1a: Skeledirge\n|\n|-weather|Sandstorm|[upkeep]\n|-damage|p1a: Skeledirge|69\/100|[from] Sandstorm\n|-heal|p1a: Skeledirge|75\/100|[from] item: Leftovers\n|-heal|p2a: Forretress|38\/100|[from] item: Leftovers\n|upkeep\n|turn|5\n|\n|t:|1699752303\n|move|p1a: Skeledirge|Will-O-Wisp|p2a: Forretress\n|-status|p2a: Forretress|brn\n|move|p2a: Forretress|Volt Switch|p1a: Skeledirge\n|-damage|p1a: Skeledirge|65\/100\n|\n|t:|1699752308\n|switch|p2a: Greninja|Greninja, M|100\/100|[from] Volt Switch\n|\n|-weather|Sandstorm|[upkeep]\n|-damage|p2a: Greninja|95\/100|[from] Sandstorm\n|-damage|p1a: Skeledirge|59\/100|[from] Sandstorm\n|-heal|p1a: Skeledirge|65\/100|[from] item: Leftovers\n|upkeep\n|turn|6\n|\n|t:|1699752323\n|switch|p1a: Rapidash|Rapidash-Galar, F|100\/100\n|-damage|p1a: Rapidash|88\/100|[from] Stealth Rock\n|move|p2a: Greninja|Surf|p1a: Rapidash\n|-damage|p1a: Rapidash|6\/100\n|-damage|p2a: Greninja|85\/100|[from] item: Life Orb\n|\n|-weather|Sandstorm|[upkeep]\n|-damage|p2a: Greninja|79\/100|[from] Sandstorm\n|-damage|p1a: Rapidash|0 fnt|[from] Sandstorm\n|faint|p1a: Rapidash\n|upkeep\n|\n|t:|1699752345\n|switch|p1a: Samurott|Samurott-Hisui, M|100\/100\n|-damage|p1a: Samurott|88\/100|[from] Stealth Rock\n|turn|7\n|\n|t:|1699752365\n|switch|p2a: Gardevoir|Gardevoir, F, shiny|100\/100\n|-ability|p2a: Gardevoir|Sharpness|[from] ability: Trace|[of] p1a: Samurott\n|move|p1a: Samurott|X-Scissor|p2a: Gardevoir\n|-damage|p2a: Gardevoir|34\/100\n|\n|-weather|Sandstorm|[upkeep]\n|-damage|p1a: Samurott|82\/100|[from] Sandstorm\n|-damage|p2a: Gardevoir|28\/100|[from] Sandstorm\n|-heal|p1a: Samurott|88\/100|[from] item: Leftovers\n|upkeep\n|turn|8\n|\n|t:|1699752382\n|detailschange|p2a: Gardevoir|Gardevoir-Mega, F, shiny\n|-mega|p2a: Gardevoir|Gardevoir|Gardevoirite\n|move|p2a: Gardevoir|Hyper Voice|p1a: Samurott\n|-supereffective|p1a: Samurott\n|-damage|p1a: Samurott|0 fnt\n|faint|p1a: Samurott\n|\n|-weather|none\n|upkeep\n|\n|t:|1699752394\n|switch|p1a: Medicham|Medicham, F|100\/100\n|-damage|p1a: Medicham|94\/100|[from] Stealth Rock\n|turn|9\n|\n|t:|1699752400\n|detailschange|p1a: Medicham|Medicham-Mega, F\n|-mega|p1a: Medicham|Medicham|Medichamite\n|move|p1a: Medicham|Bullet Punch|p2a: Gardevoir\n|-supereffective|p2a: Gardevoir\n|-damage|p2a: Gardevoir|0 fnt\n|faint|p2a: Gardevoir\n|\n|upkeep\n|\n|t:|1699752409\n|switch|p2a: Greninja|Greninja, M|79\/100\n|turn|10\n|\n|t:|1699752414\n|move|p2a: Greninja|Surf|p1a: Medicham\n|-damage|p1a: Medicham|21\/100\n|-damage|p2a: Greninja|69\/100|[from] item: Life Orb\n|move|p1a: Medicham|Drain Punch|p2a: Greninja\n|-supereffective|p2a: Greninja\n|-damage|p2a: Greninja|0 fnt\n|-heal|p1a: Medicham|58\/100|[from] drain|[of] p2a: Greninja\n|faint|p2a: Greninja\n|\n|upkeep\n|\n|t:|1699752429\n|switch|p2a: Gliscor|Gliscor, F, shiny|100\/100\n|turn|11\n|\n|t:|1699752433\n|switch|p1a: Vanilluxe|Vanilluxe, F|100\/100\n|-damage|p1a: Vanilluxe|76\/100|[from] Stealth Rock\n|-weather|Snow|[from] ability: Snow Warning|[of] p1a: Vanilluxe\n|move|p2a: Gliscor|Protect||[still]\n|-fail|p2a: Gliscor\n|\n|-weather|Snow|[upkeep]\n|-status|p2a: Gliscor|tox|[from] item: Toxic Orb\n|upkeep\n|turn|12\n|\n|t:|1699752444\n|move|p1a: Vanilluxe|Blizzard|p2a: Gliscor\n|-supereffective|p2a: Gliscor\n|-damage|p2a: Gliscor|0 fnt\n|faint|p2a: Gliscor\n|\n|-weather|Snow|[upkeep]\n|upkeep\n|\n|t:|1699752455\n|switch|p2a: Forretress|Forretress, F, shiny|38\/100 brn\n|turn|13\n|\n|t:|1699752462\n|-terastallize|p1a: Vanilluxe|Ice\n|move|p1a: Vanilluxe|Blizzard|p2a: Forretress\n|-resisted|p2a: Forretress\n|-damage|p2a: Forretress|0 fnt\n|faint|p2a: Forretress\n|\n|-weather|Snow|[upkeep]\n|upkeep\n|\n|t:|1699752475\n|switch|p2a: Blissey|Blissey, F|100\/100\n|turn|14\n|\n|t:|1699752478\n|move|p1a: Vanilluxe|Blizzard|p2a: Blissey\n|-damage|p2a: Blissey|81\/100\n|move|p2a: Blissey|Toxic|p1a: Vanilluxe\n|-status|p1a: Vanilluxe|tox\n|\n|-weather|Snow|[upkeep]\n|-heal|p2a: Blissey|87\/100|[from] item: Leftovers\n|-damage|p1a: Vanilluxe|70\/100 tox|[from] psn\n|upkeep\n|turn|15\n|\n|t:|1699752489\n|switch|p1a: Medicham|Medicham-Mega, F|58\/100\n|-damage|p1a: Medicham|52\/100|[from] Stealth Rock\n|move|p2a: Blissey|Seismic Toss|p1a: Medicham\n|-damage|p1a: Medicham|14\/100\n|\n|-weather|none\n|-heal|p2a: Blissey|93\/100|[from] item: Leftovers\n|upkeep\n|turn|16\n|\n|t:|1699752507\n|move|p1a: Medicham|Drain Punch|p2a: Blissey\n|-supereffective|p2a: Blissey\n|-damage|p2a: Blissey|0 fnt\n|-heal|p1a: Medicham|100\/100|[from] drain|[of] p2a: Blissey\n|faint|p2a: Blissey\n|\n|upkeep\n|\n|t:|1699752510\n|switch|p2a: Blaziken|Blaziken, M|100\/100\n|turn|17\n|\n|t:|1699752516\n|move|p2a: Blaziken|Protect|p2a: Blaziken\n|-singleturn|p2a: Blaziken|Protect\n|move|p1a: Medicham|Psycho Cut|p2a: Blaziken\n|-activate|p2a: Blaziken|move: Protect\n|\n|-ability|p2a: Blaziken|Speed Boost|boost\n|-boost|p2a: Blaziken|spe|1\n|upkeep\n|turn|18\n|\n|t:|1699752524\n|-zpower|p2a: Blaziken\n|move|p2a: Blaziken|Inferno Overdrive|p1a: Medicham|[zeffect]\n|-damage|p1a: Medicham|0 fnt\n|faint|p1a: Medicham\n|\n|-ability|p2a: Blaziken|Speed Boost|boost\n|-boost|p2a: Blaziken|spe|1\n|upkeep\n|\n|t:|1699752552\n|switch|p1a: Vanilluxe|Vanilluxe, F, tera:Ice|70\/100 tox\n|-damage|p1a: Vanilluxe|45\/100 tox|[from] Stealth Rock\n|-weather|Snow|[from] ability: Snow Warning|[of] p1a: Vanilluxe\n|turn|19\n|\n|t:|1699752564\n|move|p2a: Blaziken|Flare Blitz|p1a: Vanilluxe\n|-supereffective|p1a: Vanilluxe\n|-damage|p1a: Vanilluxe|0 fnt\n|faint|p1a: Vanilluxe\n|-damage|p2a: Blaziken|87\/100|[from] Recoil\n|\n|-weather|Snow|[upkeep]\n|-ability|p2a: Blaziken|Speed Boost|boost\n|-boost|p2a: Blaziken|spe|1\n|upkeep\n|\n|t:|1699752573\n|switch|p1a: Gigalith|Gigalith, M|12\/100\n|-damage|p1a: Gigalith|0 fnt|[from] Stealth Rock\n|faint|p1a: Gigalith\n|\n|t:|1699752578\n|switch|p1a: Skeledirge|Skeledirge, M|65\/100\n|-damage|p1a: Skeledirge|40\/100|[from] Stealth Rock\n|turn|20\n|\n|t:|1699752588\n|move|p2a: Blaziken|Swords Dance|p2a: Blaziken\n|-boost|p2a: Blaziken|atk|2\n|move|p1a: Skeledirge|Shadow Ball|p2a: Blaziken\n|-damage|p2a: Blaziken|26\/100\n|\n|-weather|Snow|[upkeep]\n|-heal|p1a: Skeledirge|46\/100|[from] item: Leftovers\n|-ability|p2a: Blaziken|Speed Boost|boost\n|-boost|p2a: Blaziken|spe|1\n|upkeep\n|turn|21\n|\n|t:|1699752598\n|move|p2a: Blaziken|Flare Blitz|p1a: Skeledirge\n|-resisted|p1a: Skeledirge\n|-damage|p1a: Skeledirge|20\/100\n|-damage|p2a: Blaziken|15\/100|[from] Recoil\n|move|p1a: Skeledirge|Shadow Ball|p2a: Blaziken\n|-damage|p2a: Blaziken|0 fnt\n|faint|p2a: Blaziken\n|\n|win|BulbaJr\n|raw|BulbaJr's rating: 1192 &rarr; <strong>1220<\/strong><br \/>(+28 for winning)\n|raw|Nicholash20234's rating: 1233 &rarr; <strong>1205<\/strong><br \/>(-28 for losing)\n|c|\u2606Nicholash20234|gg\n|l|\u2606Nicholash20234\n|l|\u2606BulbaJr\n|j|\u2606BulbaJr\n|player|p1|BulbaJr|169\n","uploadtime":1699752619,"views":105,"p1id":"bulbajr","p2id":"nicholash20234","formatid":"gen9nationaldex","rating":1205,"private":0,"password":""}