{"id":"gen9nationaldex-1991364126","p1":"2011ChevyS10Xtreme","p2":"losubaby","format":"[Gen 9] National Dex","log":"|j|\u26062011ChevyS10Xtreme\n|j|\u2606losubaby\n|t:|1700070960\n|gametype|singles\n|player|p1|2011ChevyS10Xtreme|ghetsis|1242\n|player|p2|losubaby|iris-gen5bw2|1271\n|teamsize|p1|6\n|teamsize|p2|6\n|gen|9\n|tier|[Gen 9] National Dex\n|rated|\n|rule|HP Percentage Mod: HP is shown in percentages\n|rule|Endless Battle Clause: Forcing endless battles is banned\n|rule|OHKO Clause: OHKO moves are banned\n|rule|Evasion Clause: Evasion abilities, items, and moves are banned\n|rule|Evasion Abilities Clause: Evasion abilities are banned\n|rule|Evasion Items Clause: Evasion items are banned\n|rule|Evasion Moves Clause: Evasion moves are banned\n|rule|Species Clause: Limit one of each Pok\u00e9mon\n|rule|Sleep Clause Mod: Limit one foe put to sleep\n|clearpoke\n|poke|p1|Ribombee, F|\n|poke|p1|Tsareena, F|\n|poke|p1|Inteleon, M|\n|poke|p1|Bewear, M|\n|poke|p1|Lycanroc-Dusk, M|\n|poke|p1|Golisopod, F|\n|poke|p2|Sneasler, F|\n|poke|p2|Tapu Lele|\n|poke|p2|Chansey, F|\n|poke|p2|Alakazam, M|\n|poke|p2|Cinderace, M|\n|poke|p2|Latias, F|\n|teampreview\n|inactive|Battle timer is ON: inactive players will automatically lose when time's up. (requested by 2011ChevyS10Xtreme)\n|inactive|losubaby also wants the timer to be on.\n|inactive|2011ChevyS10Xtreme has 120 seconds left.\n|\n|t:|1700071002\n|start\n|switch|p1a: Ribombee|Ribombee, F, shiny|100\/100\n|switch|p2a: Chansey|Chansey, F|100\/100\n|turn|1\n|\n|t:|1700071020\n|move|p1a: Ribombee|Switcheroo|p2a: Chansey\n|-activate|p1a: Ribombee|move: Trick|[of] p2a: Chansey\n|-item|p2a: Chansey|Choice Scarf|[from] move: Switcheroo\n|-item|p1a: Ribombee|Eviolite|[from] move: Switcheroo\n|move|p2a: Chansey|Thunder Wave|p1a: Ribombee\n|-status|p1a: Ribombee|par\n|\n|upkeep\n|turn|2\n|\n|t:|1700071035\n|switch|p2a: Cinderace|Cinderace, M|100\/100\n|cant|p1a: Ribombee|par\n|\n|upkeep\n|turn|3\n|\n|t:|1700071046\n|move|p2a: Cinderace|Pyro Ball|p1a: Ribombee\n|-supereffective|p1a: Ribombee\n|-damage|p1a: Ribombee|0 fnt\n|faint|p1a: Ribombee\n|\n|upkeep\n|\n|t:|1700071066\n|switch|p1a: Inteleon|Inteleon, M|100\/100\n|turn|4\n|\n|t:|1700071073\n|switch|p2a: Chansey|Chansey, F|100\/100\n|move|p1a: Inteleon|Snipe Shot|p2a: Chansey\n|-crit|p2a: Chansey\n|-damage|p2a: Chansey|56\/100\n|\n|upkeep\n|turn|5\n|\n|t:|1700071080\n|move|p1a: Inteleon|Focus Energy|p1a: Inteleon\n|-start|p1a: Inteleon|move: Focus Energy\n|move|p2a: Chansey|Thunder Wave|p1a: Inteleon\n|-status|p1a: Inteleon|par\n|\n|upkeep\n|turn|6\n|\n|t:|1700071086\n|move|p2a: Chansey|Thunder Wave|p1a: Inteleon\n|-fail|p1a: Inteleon|par\n|move|p1a: Inteleon|Snipe Shot|p2a: Chansey\n|-crit|p2a: Chansey\n|-damage|p2a: Chansey|11\/100\n|\n|upkeep\n|turn|7\n|\n|t:|1700071091\n|move|p2a: Chansey|Thunder Wave|p1a: Inteleon\n|-fail|p1a: Inteleon|par\n|cant|p1a: Inteleon|par\n|\n|upkeep\n|turn|8\n|\n|t:|1700071096\n|move|p2a: Chansey|Thunder Wave|p1a: Inteleon\n|-fail|p1a: Inteleon|par\n|move|p1a: Inteleon|Snipe Shot|p2a: Chansey\n|-crit|p2a: Chansey\n|-damage|p2a: Chansey|0 fnt\n|faint|p2a: Chansey\n|\n|upkeep\n|\n|t:|1700071098\n|switch|p2a: Tapu Lele|Tapu Lele|100\/100\n|-fieldstart|move: Psychic Terrain|[from] ability: Psychic Surge|[of] p2a: Tapu Lele\n|turn|9\n|\n|t:|1700071103\n|move|p2a: Tapu Lele|Psychic|p1a: Inteleon\n|-damage|p1a: Inteleon|0 fnt\n|faint|p1a: Inteleon\n|\n|upkeep\n|\n|t:|1700071111\n|switch|p1a: Golisopod|Golisopod, F, shiny|100\/100\n|turn|10\n|\n|t:|1700071116\n|move|p2a: Tapu Lele|Psychic|p1a: Golisopod\n|-damage|p1a: Golisopod|56\/100\n|move|p1a: Golisopod|Knock Off|p2a: Tapu Lele\n|-damage|p2a: Tapu Lele|50\/100\n|-enditem|p2a: Tapu Lele|Terrain Extender|[from] move: Knock Off|[of] p1a: Golisopod\n|\n|upkeep\n|turn|11\n|\n|t:|1700071123\n|move|p2a: Tapu Lele|Moonblast|p1a: Golisopod\n|-damage|p1a: Golisopod|15\/100\n|-activate|p1a: Golisopod|ability: Emergency Exit\n|\n|t:|1700071130\n|switch|p1a: Tsareena|Tsareena, F|100\/100\n|\n|upkeep\n|turn|12\n|\n|t:|1700071148\n|move|p1a: Tsareena|Triple Axel|p2a: Tapu Lele\n|-damage|p2a: Tapu Lele|40\/100\n|-damage|p2a: Tapu Lele|20\/100\n|-damage|p2a: Tapu Lele|0 fnt\n|faint|p2a: Tapu Lele\n|-hitcount|p2: Tapu Lele|3\n|\n|upkeep\n|\n|t:|1700071156\n|switch|p2a: Alakazam|Alakazam, M|100\/100\n|turn|13\n|\n|t:|1700071158\n|-terastallize|p2a: Alakazam|Fairy\n|move|p1a: Tsareena|Triple Axel|p2a: Alakazam\n|-damage|p2a: Alakazam|84\/100\n|-hitcount|p2a: Alakazam|1\n|move|p2a: Alakazam|Expanding Force|p1a: Tsareena\n|-damage|p1a: Tsareena|0 fnt\n|faint|p1a: Tsareena\n|\n|upkeep\n|\n|t:|1700071176\n|switch|p1a: Golisopod|Golisopod, F, shiny|15\/100\n|turn|14\n|\n|t:|1700071179\n|move|p2a: Alakazam|Expanding Force|p1a: Golisopod\n|-damage|p1a: Golisopod|0 fnt\n|faint|p1a: Golisopod\n|\n|upkeep\n|\n|t:|1700071183\n|switch|p1a: Bewear|Bewear, M, shiny|100\/100\n|turn|15\n|c|\u2606losubaby|gg\n|\n|t:|1700071194\n|-terastallize|p1a: Bewear|Water\n|move|p2a: Alakazam|Expanding Force|p1a: Bewear\n|-damage|p1a: Bewear|0 fnt\n|faint|p1a: Bewear\n|\n|upkeep\n|\n|t:|1700071198\n|switch|p1a: Lycanroc|Lycanroc-Dusk, M|100\/100\n|turn|16\n|\n|t:|1700071210\n|move|p2a: Alakazam|Expanding Force|p1a: Lycanroc\n|-damage|p1a: Lycanroc|0 fnt\n|faint|p1a: Lycanroc\n|\n|win|losubaby\n|raw|2011ChevyS10Xtreme's rating: 1242 &rarr; <strong>1219<\/strong><br \/>(-23 for losing)\n|raw|losubaby's rating: 1271 &rarr; <strong>1294<\/strong><br \/>(+23 for winning)\n|l|\u26062011ChevyS10Xtreme\n","uploadtime":1700071219,"views":4,"p1id":"2011chevys10xtreme","p2id":"losubaby","formatid":"gen9nationaldex","rating":1219,"private":0,"password":""}