{"id":"gen9nationaldex-1991569510","p1":"speedykidyo","p2":"LipeZero","format":"[Gen 9] National Dex","log":"|j|\u2606speedykidyo\n|j|\u2606LipeZero\n|t:|1700089402\n|gametype|singles\n|player|p1|speedykidyo|1|1227\n|player|p2|LipeZero|n|1137\n|teamsize|p1|6\n|teamsize|p2|6\n|gen|9\n|tier|[Gen 9] National Dex\n|rated|\n|rule|HP Percentage Mod: HP is shown in percentages\n|rule|Endless Battle Clause: Forcing endless battles is banned\n|rule|OHKO Clause: OHKO moves are banned\n|rule|Evasion Clause: Evasion abilities, items, and moves are banned\n|rule|Evasion Abilities Clause: Evasion abilities are banned\n|rule|Evasion Items Clause: Evasion items are banned\n|rule|Evasion Moves Clause: Evasion moves are banned\n|rule|Species Clause: Limit one of each Pok\u00e9mon\n|rule|Sleep Clause Mod: Limit one foe put to sleep\n|clearpoke\n|poke|p1|Ting-Lu|\n|poke|p1|Urshifu-*, M|\n|poke|p1|Typhlosion, F|\n|poke|p1|Crobat, M|\n|poke|p1|Tyranitar, F|\n|poke|p1|Dracozolt|\n|poke|p2|Politoed, F|\n|poke|p2|Porygon-Z|\n|poke|p2|Heliolisk, M|\n|poke|p2|Barraskewda, F|\n|poke|p2|Goodra-Hisui, F|\n|poke|p2|Swampert, M|\n|teampreview\n|inactive|Battle timer is ON: inactive players will automatically lose when time's up. (requested by LipeZero)\n|\n|t:|1700089433\n|start\n|switch|p1a: funny bear|Urshifu-Rapid-Strike, M|100\/100\n|switch|p2a: Chuvinha|Politoed, F|100\/100\n|-weather|RainDance|[from] ability: Drizzle|[of] p2a: Chuvinha\n|turn|1\n|\n|t:|1700089441\n|move|p1a: funny bear|Trailblaze|p2a: Chuvinha\n|-supereffective|p2a: Chuvinha\n|-crit|p2a: Chuvinha\n|-damage|p2a: Chuvinha|52\/100\n|-boost|p1a: funny bear|spe|1\n|move|p2a: Chuvinha|Toxic|p1a: funny bear\n|-status|p1a: funny bear|tox\n|\n|-weather|RainDance|[upkeep]\n|-damage|p1a: funny bear|94\/100 tox|[from] psn\n|upkeep\n|turn|2\n|\n|t:|1700089453\n|switch|p2a: Thais Carla|Goodra-Hisui, F|100\/100\n|move|p1a: funny bear|Trailblaze|p2a: Thais Carla\n|-resisted|p2a: Thais Carla\n|-damage|p2a: Thais Carla|97\/100\n|-boost|p1a: funny bear|spe|1\n|\n|-weather|RainDance|[upkeep]\n|-damage|p1a: funny bear|82\/100 tox|[from] psn\n|upkeep\n|turn|3\n|inactive|speedykidyo has 120 seconds left.\n|inactive|speedykidyo has 90 seconds left.\n|\n|t:|1700089524\n|switch|p1a: tier 4 btw|Typhlosion, F|100\/100\n|-terastallize|p2a: Thais Carla|Ghost\n|move|p2a: Thais Carla|Curse|p1a: tier 4 btw\n|-start|p1a: tier 4 btw|Curse|[of] p2a: Thais Carla\n|-damage|p2a: Thais Carla|47\/100\n|\n|-weather|RainDance|[upkeep]\n|-damage|p1a: tier 4 btw|76\/100|[from] Curse\n|upkeep\n|turn|4\n|\n|t:|1700089544\n|-terastallize|p1a: tier 4 btw|Fire\n|move|p1a: tier 4 btw|Burn Up|p2a: Thais Carla\n|-damage|p2a: Thais Carla|22\/100\n|-start|p1a: tier 4 btw|typechange|Fire|[from] move: Burn Up\n|move|p2a: Thais Carla|Toxic|p1a: tier 4 btw\n|-status|p1a: tier 4 btw|tox\n|\n|-weather|RainDance|[upkeep]\n|-damage|p1a: tier 4 btw|70\/100 tox|[from] psn\n|-damage|p1a: tier 4 btw|45\/100 tox|[from] Curse\n|upkeep\n|turn|5\n|\n|t:|1700089562\n|switch|p1a: Tyranitar|Tyranitar, F|100\/100\n|-weather|Sandstorm|[from] ability: Sand Stream|[of] p1a: Tyranitar\n|move|p2a: Thais Carla|Gyro Ball|p1a: Tyranitar\n|-supereffective|p1a: Tyranitar\n|-damage|p1a: Tyranitar|48\/100\n|\n|-weather|Sandstorm|[upkeep]\n|-damage|p2a: Thais Carla|16\/100|[from] Sandstorm\n|upkeep\n|turn|6\n|inactive|speedykidyo has 60 seconds left.\n|\n|t:|1700089578\n|detailschange|p1a: Tyranitar|Tyranitar-Mega, F\n|-mega|p1a: Tyranitar|Tyranitar|Tyranitarite\n|move|p1a: Tyranitar|Pursuit|p2a: Thais Carla\n|-supereffective|p2a: Thais Carla\n|-damage|p2a: Thais Carla|0 fnt\n|faint|p2a: Thais Carla\n|\n|-weather|Sandstorm|[upkeep]\n|upkeep\n|\n|t:|1700089587\n|switch|p2a: Chuvinha|Politoed, F|52\/100\n|-weather|RainDance|[from] ability: Drizzle|[of] p2a: Chuvinha\n|turn|7\n|\n|t:|1700089592\n|switch|p1a: Dracozolt|Dracozolt|100\/100\n|move|p2a: Chuvinha|Scald|p1a: Dracozolt\n|-resisted|p1a: Dracozolt\n|-damage|p1a: Dracozolt|73\/100\n|\n|-weather|RainDance|[upkeep]\n|upkeep\n|turn|8\n|\n|t:|1700089600\n|move|p1a: Dracozolt|Bolt Beak|p2a: Chuvinha\n|-supereffective|p2a: Chuvinha\n|-crit|p2a: Chuvinha\n|-damage|p2a: Chuvinha|0 fnt\n|faint|p2a: Chuvinha\n|-damage|p1a: Dracozolt|63\/100|[from] item: Life Orb\n|\n|-weather|RainDance|[upkeep]\n|upkeep\n|\n|t:|1700089608\n|switch|p2a: Coisa ruim|Porygon-Z|100\/100\n|turn|9\n|inactive|speedykidyo has 90 seconds left.\n|inactive|speedykidyo has 60 seconds left.\n|\n|t:|1700089664\n|move|p2a: Coisa ruim|Tri Attack|p1a: Dracozolt\n|-damage|p1a: Dracozolt|0 fnt\n|faint|p1a: Dracozolt\n|\n|-weather|RainDance|[upkeep]\n|upkeep\n|\n|t:|1700089670\n|switch|p1a: funny bear|Urshifu-Rapid-Strike, M|82\/100 tox\n|turn|10\n|\n|t:|1700089681\n|switch|p2a: Calabreso|Heliolisk, M|100\/100\n|move|p1a: funny bear|Close Combat|p2a: Calabreso\n|-supereffective|p2a: Calabreso\n|-damage|p2a: Calabreso|0 fnt\n|-unboost|p1a: funny bear|def|1\n|-unboost|p1a: funny bear|spd|1\n|faint|p2a: Calabreso\n|\n|-weather|RainDance|[upkeep]\n|-damage|p1a: funny bear|76\/100 tox|[from] psn\n|upkeep\n|\n|t:|1700089694\n|switch|p2a: Coisa ruim|Porygon-Z|100\/100\n|turn|11\n|\n|t:|1700089699\n|move|p1a: funny bear|Close Combat|p2a: Coisa ruim\n|-supereffective|p2a: Coisa ruim\n|-damage|p2a: Coisa ruim|0 fnt\n|-unboost|p1a: funny bear|def|1\n|-unboost|p1a: funny bear|spd|1\n|faint|p2a: Coisa ruim\n|\n|-weather|RainDance|[upkeep]\n|-damage|p1a: funny bear|64\/100 tox|[from] psn\n|upkeep\n|\n|t:|1700089713\n|switch|p2a: Piranha|Barraskewda, F, shiny|100\/100\n|turn|12\n|\n|t:|1700089726\n|move|p2a: Piranha|Psychic Fangs|p1a: funny bear\n|-supereffective|p1a: funny bear\n|-damage|p1a: funny bear|0 fnt\n|faint|p1a: funny bear\n|-damage|p2a: Piranha|91\/100|[from] item: Life Orb\n|\n|-weather|RainDance|[upkeep]\n|upkeep\n|\n|t:|1700089738\n|switch|p1a: tier 4 btw|Typhlosion, F, tera:Fire|45\/100 tox\n|turn|13\n|\n|t:|1700089746\n|move|p2a: Piranha|Drill Run|p1a: tier 4 btw\n|-supereffective|p1a: tier 4 btw\n|-damage|p1a: tier 4 btw|0 fnt\n|faint|p1a: tier 4 btw\n|-damage|p2a: Piranha|81\/100|[from] item: Life Orb\n|\n|-weather|RainDance|[upkeep]\n|upkeep\n|inactive|speedykidyo has 60 seconds left.\n|\n|t:|1700089771\n|switch|p1a: fwiend|Crobat, M|100\/100\n|turn|14\n|inactive|speedykidyo has 60 seconds left.\n|\n|t:|1700089799\n|switch|p1a: Tyranitar|Tyranitar-Mega, F|48\/100\n|-weather|Sandstorm|[from] ability: Sand Stream|[of] p1a: Tyranitar\n|move|p2a: Piranha|Psychic Fangs|p1a: Tyranitar\n|-immune|p1a: Tyranitar\n|\n|-weather|Sandstorm|[upkeep]\n|-damage|p2a: Piranha|75\/100|[from] Sandstorm\n|upkeep\n|turn|15\n|\n|t:|1700089817\n|move|p2a: Piranha|Aqua Jet|p1a: Tyranitar\n|-supereffective|p1a: Tyranitar\n|-damage|p1a: Tyranitar|15\/100\n|-damage|p2a: Piranha|65\/100|[from] item: Life Orb\n|move|p1a: Tyranitar|Knock Off|p2a: Piranha\n|-damage|p2a: Piranha|0 fnt\n|-enditem|p2a: Piranha|Life Orb|[from] move: Knock Off|[of] p1a: Tyranitar\n|faint|p2a: Piranha\n|\n|-weather|Sandstorm|[upkeep]\n|upkeep\n|\n|t:|1700089828\n|switch|p2a: Sap\u00e3o|Swampert, M|100\/100\n|turn|16\n|\n|t:|1700089849\n|detailschange|p2a: Sap\u00e3o|Swampert-Mega, M\n|-mega|p2a: Sap\u00e3o|Swampert|Swampertite\n|move|p1a: Tyranitar|Knock Off|p2a: Sap\u00e3o\n|-damage|p2a: Sap\u00e3o|73\/100\n|move|p2a: Sap\u00e3o|Liquidation|p1a: Tyranitar\n|-supereffective|p1a: Tyranitar\n|-damage|p1a: Tyranitar|0 fnt\n|faint|p1a: Tyranitar\n|\n|-weather|Sandstorm|[upkeep]\n|upkeep\n|inactive|speedykidyo has 30 seconds left.\n|inactive|speedykidyo has 20 seconds left.\n|inactive|speedykidyo has 15 seconds left.\n|\n|t:|1700089877\n|switch|p1a: haha fissure go br|Ting-Lu|100\/100\n|-ability|p1a: haha fissure go br|Vessel of Ruin\n|turn|17\n|inactive|speedykidyo has 25 seconds left this turn.\n|inactive|speedykidyo has 20 seconds left.\n|inactive|speedykidyo has 15 seconds left.\n|\n|t:|1700089889\n|move|p2a: Sap\u00e3o|Liquidation|p1a: haha fissure go br\n|-supereffective|p1a: haha fissure go br\n|-damage|p1a: haha fissure go br|43\/100\n|move|p1a: haha fissure go br|Ruination|p2a: Sap\u00e3o\n|-damage|p2a: Sap\u00e3o|37\/100\n|\n|-weather|Sandstorm|[upkeep]\n|-heal|p1a: haha fissure go br|49\/100|[from] item: Leftovers\n|upkeep\n|turn|18\n|inactive|speedykidyo has 25 seconds left this turn.\n|inactive|speedykidyo has 20 seconds left.\n|inactive|speedykidyo has 15 seconds left.\n|inactive|speedykidyo has 10 seconds left.\n|\n|t:|1700089909\n|move|p2a: Sap\u00e3o|Liquidation|p1a: haha fissure go br\n|-supereffective|p1a: haha fissure go br\n|-damage|p1a: haha fissure go br|0 fnt\n|faint|p1a: haha fissure go br\n|\n|-weather|none\n|upkeep\n|inactive|speedykidyo has 15 seconds left this turn.\n|inactive|speedykidyo has 10 seconds left.\n|\n|t:|1700089914\n|switch|p1a: fwiend|Crobat, M|100\/100\n|turn|19\n|inactive|speedykidyo has 20 seconds left this turn.\n|inactive|speedykidyo has 15 seconds left.\n|\n|t:|1700089921\n|move|p1a: fwiend|U-turn|p2a: Sap\u00e3o\n|-damage|p2a: Sap\u00e3o|24\/100\n|move|p2a: Sap\u00e3o|Ice Punch|p1a: fwiend\n|-supereffective|p1a: fwiend\n|-damage|p1a: fwiend|31\/100\n|\n|upkeep\n|turn|20\n|inactive|speedykidyo has 25 seconds left this turn.\n|inactive|speedykidyo has 20 seconds left.\n|inactive|speedykidyo has 15 seconds left.\n|\n|t:|1700089935\n|move|p1a: fwiend|Roost|p1a: fwiend\n|-heal|p1a: fwiend|81\/100\n|-singleturn|p1a: fwiend|move: Roost\n|move|p2a: Sap\u00e3o|Ice Punch|p1a: fwiend\n|-damage|p1a: fwiend|48\/100\n|\n|upkeep\n|turn|21\n|inactive|speedykidyo has 25 seconds left this turn.\n|inactive|speedykidyo has 20 seconds left.\n|\n|t:|1700089948\n|move|p1a: fwiend|Roost|p1a: fwiend\n|-heal|p1a: fwiend|98\/100\n|-singleturn|p1a: fwiend|move: Roost\n|move|p2a: Sap\u00e3o|Earthquake|p1a: fwiend\n|-supereffective|p1a: fwiend\n|-damage|p1a: fwiend|0 fnt\n|faint|p1a: fwiend\n|\n|win|LipeZero\n|inactive|speedykidyo has 25 seconds left this turn.\n|raw|speedykidyo's rating: 1227 &rarr; <strong>1196<\/strong><br \/>(-31 for losing)\n|raw|LipeZero's rating: 1137 &rarr; <strong>1168<\/strong><br \/>(+31 for winning)\n|c|\u2606speedykidyo|gg\n","uploadtime":1700089959,"views":5,"p1id":"speedykidyo","p2id":"lipezero","formatid":"gen9nationaldex","rating":1168,"private":0,"password":""}