{"id":"gen9nationaldex-1988563234","p1":"Keemie117","p2":"Margotbollox","format":"[Gen 9] National Dex","log":"|j|\u2606Keemie117\n|j|\u2606Margotbollox\n|t:|1699736490\n|gametype|singles\n|player|p1|Keemie117|hilbert|1075\n|player|p2|Margotbollox|emmet|1010\n|teamsize|p1|6\n|teamsize|p2|6\n|gen|9\n|tier|[Gen 9] National Dex\n|rated|\n|rule|HP Percentage Mod: HP is shown in percentages\n|rule|Endless Battle Clause: Forcing endless battles is banned\n|rule|OHKO Clause: OHKO moves are banned\n|rule|Evasion Clause: Evasion abilities, items, and moves are banned\n|rule|Evasion Abilities Clause: Evasion abilities are banned\n|rule|Evasion Items Clause: Evasion items are banned\n|rule|Evasion Moves Clause: Evasion moves are banned\n|rule|Species Clause: Limit one of each Pok\u00e9mon\n|rule|Sleep Clause Mod: Limit one foe put to sleep\n|clearpoke\n|poke|p1|Tauros-Paldea-Aqua, M|\n|poke|p1|Decidueye-Hisui, M|\n|poke|p1|Skeledirge, M|\n|poke|p1|Ninetales-Alola, F|\n|poke|p1|Corviknight, M|\n|poke|p1|Thundurus-Therian, M|\n|poke|p2|Tyranitar, M|\n|poke|p2|Coalossal, M|\n|poke|p2|Crustle, M|\n|poke|p2|Archeops, M|\n|poke|p2|Carracosta, M|\n|poke|p2|Gigalith, M|\n|teampreview\n|\n|t:|1699736495\n|start\n|switch|p1a: Ninetales|Ninetales-Alola, F|100\/100\n|switch|p2a: Tyranitar|Tyranitar, M|100\/100\n|-weather|Snow|[from] ability: Snow Warning|[of] p1a: Ninetales\n|-weather|Sandstorm|[from] ability: Sand Stream|[of] p2a: Tyranitar\n|turn|1\n|\n|t:|1699736508\n|switch|p1a: Tauros|Tauros-Paldea-Aqua, M|100\/100\n|move|p2a: Tyranitar|Rock Slide|p1a: Tauros\n|-resisted|p1a: Tauros\n|-damage|p1a: Tauros|76\/100\n|\n|-weather|Sandstorm|[upkeep]\n|-damage|p1a: Tauros|70\/100|[from] Sandstorm\n|upkeep\n|turn|2\n|\n|t:|1699736517\n|move|p1a: Tauros|Close Combat|p2a: Tyranitar\n|-supereffective|p2a: Tyranitar\n|-damage|p2a: Tyranitar|0 fnt\n|-unboost|p1a: Tauros|def|1\n|-unboost|p1a: Tauros|spd|1\n|faint|p2a: Tyranitar\n|\n|-weather|Sandstorm|[upkeep]\n|-damage|p1a: Tauros|64\/100|[from] Sandstorm\n|upkeep\n|\n|t:|1699736526\n|switch|p2a: Archeops|Archeops, M|100\/100\n|turn|3\n|\n|t:|1699736532\n|move|p2a: Archeops|Earthquake|p1a: Tauros\n|-damage|p1a: Tauros|0 fnt\n|faint|p1a: Tauros\n|\n|-weather|Sandstorm|[upkeep]\n|upkeep\n|\n|t:|1699736541\n|switch|p1a: Ninetales|Ninetales-Alola, F|100\/100\n|-weather|Snow|[from] ability: Snow Warning|[of] p1a: Ninetales\n|turn|4\n|\n|t:|1699736547\n|move|p2a: Archeops|Rock Slide|p1a: Ninetales\n|-supereffective|p1a: Ninetales\n|-crit|p1a: Ninetales\n|-damage|p1a: Ninetales|0 fnt\n|faint|p1a: Ninetales\n|\n|-weather|Snow|[upkeep]\n|upkeep\n|\n|t:|1699736559\n|switch|p1a: Corviknight|Corviknight, M|100\/100\n|turn|5\n|\n|t:|1699736566\n|move|p2a: Archeops|Rock Slide|p1a: Corviknight\n|-damage|p1a: Corviknight|61\/100\n|cant|p1a: Corviknight|flinch\n|\n|-weather|Snow|[upkeep]\n|-heal|p1a: Corviknight|67\/100|[from] item: Leftovers\n|upkeep\n|turn|6\n|\n|t:|1699736577\n|move|p2a: Archeops|Rock Slide|p1a: Corviknight\n|-damage|p1a: Corviknight|33\/100\n|cant|p1a: Corviknight|flinch\n|\n|-weather|Snow|[upkeep]\n|-heal|p1a: Corviknight|39\/100|[from] item: Leftovers\n|upkeep\n|turn|7\n|\n|t:|1699736591\n|move|p2a: Archeops|Rock Slide|p1a: Corviknight\n|-damage|p1a: Corviknight|1\/100\n|move|p1a: Corviknight|Body Press|p2a: Archeops\n|-damage|p2a: Archeops|68\/100\n|\n|-weather|Snow|[upkeep]\n|-heal|p1a: Corviknight|7\/100|[from] item: Leftovers\n|upkeep\n|turn|8\n|\n|t:|1699736602\n|move|p2a: Archeops|Dragon Claw|p1a: Corviknight\n|-resisted|p1a: Corviknight\n|-damage|p1a: Corviknight|0 fnt\n|faint|p1a: Corviknight\n|\n|-weather|none\n|upkeep\n|\n|t:|1699736609\n|switch|p1a: Thundurus|Thundurus-Therian, M|100\/100\n|turn|9\n|\n|t:|1699736616\n|move|p2a: Archeops|Rock Slide|p1a: Thundurus\n|-supereffective|p1a: Thundurus\n|-damage|p1a: Thundurus|0 fnt\n|faint|p1a: Thundurus\n|\n|upkeep\n|-message|Keemie117 forfeited.\n|\n|win|Margotbollox\n|raw|Keemie117's rating: 1075 &rarr; <strong>1050<\/strong><br \/>(-25 for losing)\n|raw|Margotbollox's rating: 1010 &rarr; <strong>1056<\/strong><br \/>(+46 for winning)\n|l|\u2606Keemie117\n|l|\u2606Margotbollox\n","uploadtime":1699736754,"views":6,"p1id":"keemie117","p2id":"margotbollox","formatid":"gen9nationaldex","rating":1050,"private":0,"password":""}