{"id":"gen9nationaldex-1997536511","p1":"zz011124","p2":"weirdnomad","format":"[Gen 9] National Dex","log":"|html|<div class=\"broadcast-blue\"><strong>[Gen 9] National Dex is currently suspecting Sneasler! For information on how to participate check out the <a href=\"https:\/\/www.smogon.com\/forums\/threads\/sv-national-dex-suspect-8-just-dance.3731534\/\">suspect thread<\/a>.<\/strong><\/div>\n|j|\u2606zz011124\n|j|\u203dweirdnomad\n|t:|1700821944\n|gametype|singles\n|player|p1|zz011124|1|1454\n|player|p2|weirdnomad|hiker-gen4|1474\n|teamsize|p1|6\n|teamsize|p2|6\n|gen|9\n|tier|[Gen 9] National Dex\n|rated|\n|rule|HP Percentage Mod: HP is shown in percentages\n|rule|Endless Battle Clause: Forcing endless battles is banned\n|rule|OHKO Clause: OHKO moves are banned\n|rule|Evasion Clause: Evasion abilities, items, and moves are banned\n|rule|Evasion Abilities Clause: Evasion abilities are banned\n|rule|Evasion Items Clause: Evasion items are banned\n|rule|Evasion Moves Clause: Evasion moves are banned\n|rule|Species Clause: Limit one of each Pok\u00e9mon\n|rule|Sleep Clause Mod: Limit one foe put to sleep\n|clearpoke\n|poke|p1|Garchomp, M|\n|poke|p1|Ferrothorn, F|\n|poke|p1|Lopunny, M|\n|poke|p1|Moltres|\n|poke|p1|Slowking-Galar, F|\n|poke|p1|Kyurem|\n|poke|p2|Corviknight, M|\n|poke|p2|Mamoswine, M|\n|poke|p2|Azumarill, F|\n|poke|p2|Gengar, M|\n|poke|p2|Blaziken, M|\n|poke|p2|Hydreigon, F|\n|teampreview\n|\n|t:|1700821959\n|start\n|switch|p1a: Lopunny|Lopunny, M|100\/100\n|switch|p2a: Blaziken|Blaziken, M|100\/100\n|turn|1\n|\n|t:|1700821972\n|switch|p1a: Moltres|Moltres|100\/100\n|move|p2a: Blaziken|Protect||[still]\n|-fail|p2a: Blaziken\n|\n|-ability|p2a: Blaziken|Speed Boost|boost\n|-boost|p2a: Blaziken|spe|1\n|upkeep\n|turn|2\n|\n|t:|1700821982\n|switch|p2a: Azumarill|Azumarill, F|100\/100\n|move|p1a: Moltres|Scorching Sands|p2a: Azumarill\n|-damage|p2a: Azumarill|81\/100\n|\n|upkeep\n|turn|3\n|\n|t:|1700821997\n|switch|p1a: Ferrothorn|Ferrothorn, F|100\/100\n|move|p2a: Azumarill|Superpower|p1a: Ferrothorn\n|-supereffective|p1a: Ferrothorn\n|-damage|p1a: Ferrothorn|9\/100\n|-unboost|p2a: Azumarill|atk|1\n|-unboost|p2a: Azumarill|def|1\n|-damage|p2a: Azumarill|69\/100|[from] ability: Iron Barbs|[of] p1a: Ferrothorn\n|\n|-heal|p1a: Ferrothorn|15\/100|[from] item: Leftovers\n|upkeep\n|turn|4\n|\n|t:|1700822015\n|switch|p2a: Gengar|Gengar, M|100\/100\n|switch|p1a: Moltres|Moltres|100\/100\n|\n|upkeep\n|turn|5\n|\n|t:|1700822023\n|switch|p1a: Slowking|Slowking-Galar, F|100\/100\n|move|p2a: Gengar|Shadow Ball|p1a: Slowking\n|-supereffective|p1a: Slowking\n|-damage|p1a: Slowking|25\/100\n|\n|upkeep\n|turn|6\n|\n|t:|1700822038\n|switch|p1a: Lopunny|Lopunny, M|100\/100\n|move|p2a: Gengar|Shadow Ball|p1a: Lopunny\n|-immune|p1a: Lopunny\n|\n|upkeep\n|turn|7\n|\n|t:|1700822046\n|switch|p2a: Corviknight|Corviknight, M, shiny|100\/100\n|-ability|p2a: Corviknight|Pressure\n|detailschange|p1a: Lopunny|Lopunny-Mega, M\n|-mega|p1a: Lopunny|Lopunny|Lopunnite\n|move|p1a: Lopunny|Fake Out|p2a: Corviknight\n|-resisted|p2a: Corviknight\n|-damage|p2a: Corviknight|94\/100\n|-damage|p1a: Lopunny|84\/100|[from] item: Rocky Helmet|[of] p2a: Corviknight\n|\n|upkeep\n|turn|8\n|\n|t:|1700822059\n|switch|p1a: Slowking|Slowking-Galar, F|59\/100\n|move|p2a: Corviknight|U-turn|p1a: Slowking\n|-crit|p1a: Slowking\n|-damage|p1a: Slowking|36\/100\n|\n|t:|1700822076\n|switch|p2a: Azumarill|Azumarill, F|69\/100|[from] U-turn\n|\n|upkeep\n|turn|9\n|\n|t:|1700822087\n|switch|p1a: Moltres|Moltres|100\/100\n|move|p2a: Azumarill|Liquidation|p1a: Moltres\n|-supereffective|p1a: Moltres\n|-damage|p1a: Moltres|0 fnt\n|-status|p2a: Azumarill|brn|[from] ability: Flame Body|[of] p1a: Moltres\n|faint|p1a: Moltres\n|\n|-damage|p2a: Azumarill|62\/100 brn|[from] brn\n|upkeep\n|\n|t:|1700822101\n|switch|p1a: Lopunny|Lopunny-Mega, M|84\/100\n|turn|10\n|\n|t:|1700822108\n|switch|p1a: Kyurem|Kyurem|100\/100\n|-ability|p1a: Kyurem|Pressure\n|switch|p2a: Corviknight|Corviknight, M, shiny|94\/100\n|-ability|p2a: Corviknight|Pressure\n|\n|upkeep\n|turn|11\n|\n|t:|1700822123\n|switch|p2a: Azumarill|Azumarill, F|62\/100 brn\n|move|p1a: Kyurem|Ice Beam|p2a: Azumarill\n|-resisted|p2a: Azumarill\n|-damage|p2a: Azumarill|24\/100 brn\n|\n|-damage|p2a: Azumarill|18\/100 brn|[from] brn\n|upkeep\n|turn|12\n|\n|t:|1700822132\n|move|p1a: Kyurem|Ice Beam|p2a: Azumarill\n|-resisted|p2a: Azumarill\n|-damage|p2a: Azumarill|0 fnt\n|faint|p2a: Azumarill\n|\n|upkeep\n|\n|t:|1700822145\n|switch|p2a: Mamoswine|Mamoswine, M|100\/100\n|turn|13\n|\n|t:|1700822160\n|move|p1a: Kyurem|Ice Beam|p2a: Mamoswine\n|-damage|p2a: Mamoswine|77\/100\n|move|p2a: Mamoswine|Earthquake|p1a: Kyurem\n|-damage|p1a: Kyurem|44\/100\n|\n|upkeep\n|turn|14\n|\n|t:|1700822168\n|switch|p1a: Ferrothorn|Ferrothorn, F|15\/100\n|move|p2a: Mamoswine|Earthquake|p1a: Ferrothorn\n|-damage|p1a: Ferrothorn|0 fnt\n|faint|p1a: Ferrothorn\n|\n|upkeep\n|\n|t:|1700822175\n|switch|p1a: Lopunny|Lopunny-Mega, M|84\/100\n|turn|15\n|\n|t:|1700822181\n|switch|p2a: Corviknight|Corviknight, M, shiny|94\/100\n|-ability|p2a: Corviknight|Pressure\n|move|p1a: Lopunny|Close Combat|p2a: Corviknight\n|-damage|p2a: Corviknight|55\/100\n|-unboost|p1a: Lopunny|def|1\n|-unboost|p1a: Lopunny|spd|1\n|-damage|p1a: Lopunny|67\/100|[from] item: Rocky Helmet|[of] p2a: Corviknight\n|\n|upkeep\n|turn|16\n|\n|t:|1700822194\n|switch|p1a: Slowking|Slowking-Galar, F|69\/100\n|move|p2a: Corviknight|Roost|p2a: Corviknight\n|-heal|p2a: Corviknight|100\/100\n|-singleturn|p2a: Corviknight|move: Roost\n|\n|upkeep\n|turn|17\n|\n|t:|1700822202\n|move|p2a: Corviknight|U-turn|p1a: Slowking\n|-damage|p1a: Slowking|54\/100\n|\n|t:|1700822207\n|switch|p2a: Mamoswine|Mamoswine, M|77\/100|[from] U-turn\n|move|p1a: Slowking|Chilly Reception|p1a: Slowking\n|-weather|Snow\n|\n|t:|1700822212\n|switch|p1a: Lopunny|Lopunny-Mega, M|67\/100|[from] Chilly Reception\n|\n|-weather|Snow|[upkeep]\n|upkeep\n|turn|18\n|\n|t:|1700822221\n|switch|p1a: Kyurem|Kyurem|44\/100\n|-ability|p1a: Kyurem|Pressure\n|switch|p2a: Corviknight|Corviknight, M, shiny|100\/100\n|-ability|p2a: Corviknight|Pressure\n|\n|-weather|Snow|[upkeep]\n|upkeep\n|turn|19\n|\n|t:|1700822234\n|switch|p2a: Mamoswine|Mamoswine, M|77\/100\n|move|p1a: Kyurem|Ice Beam|p2a: Mamoswine\n|-damage|p2a: Mamoswine|52\/100\n|\n|-weather|Snow|[upkeep]\n|upkeep\n|turn|20\n|\n|t:|1700822247\n|switch|p1a: Garchomp|Garchomp, M|100\/100\n|move|p2a: Mamoswine|Earthquake|p1a: Garchomp\n|-damage|p1a: Garchomp|40\/100\n|\n|-weather|Snow|[upkeep]\n|upkeep\n|turn|21\n|\n|t:|1700822257\n|move|p2a: Mamoswine|Ice Shard|p1a: Garchomp\n|-supereffective|p1a: Garchomp\n|-damage|p1a: Garchomp|0 fnt\n|faint|p1a: Garchomp\n|\n|-weather|none\n|upkeep\n|\n|t:|1700822264\n|switch|p1a: Lopunny|Lopunny-Mega, M|67\/100\n|turn|22\n|\n|t:|1700822269\n|switch|p2a: Corviknight|Corviknight, M, shiny|100\/100\n|-ability|p2a: Corviknight|Pressure\n|move|p1a: Lopunny|Close Combat|p2a: Corviknight\n|-damage|p2a: Corviknight|61\/100\n|-unboost|p1a: Lopunny|def|1\n|-unboost|p1a: Lopunny|spd|1\n|-damage|p1a: Lopunny|51\/100|[from] item: Rocky Helmet|[of] p2a: Corviknight\n|\n|upkeep\n|turn|23\n|\n|t:|1700822281\n|switch|p1a: Slowking|Slowking-Galar, F|87\/100\n|move|p2a: Corviknight|U-turn|p1a: Slowking\n|-damage|p1a: Slowking|73\/100\n|\n|t:|1700822286\n|switch|p2a: Mamoswine|Mamoswine, M|52\/100|[from] U-turn\n|\n|upkeep\n|turn|24\n|\n|t:|1700822296\n|-terastallize|p1a: Slowking|Water\n|move|p2a: Mamoswine|Earthquake|p1a: Slowking\n|-damage|p1a: Slowking|15\/100\n|move|p1a: Slowking|Chilly Reception|p1a: Slowking\n|-weather|Snow\n|\n|t:|1700822305\n|switch|p1a: Kyurem|Kyurem|44\/100|[from] Chilly Reception\n|-ability|p1a: Kyurem|Pressure\n|\n|-weather|Snow|[upkeep]\n|upkeep\n|turn|25\n|\n|t:|1700822331\n|move|p1a: Kyurem|Blizzard|p2a: Mamoswine\n|-damage|p2a: Mamoswine|24\/100\n|move|p2a: Mamoswine|Earthquake|p1a: Kyurem\n|-damage|p1a: Kyurem|7\/100\n|\n|-weather|Snow|[upkeep]\n|upkeep\n|turn|26\n|\n|t:|1700822339\n|move|p2a: Mamoswine|Ice Shard|p1a: Kyurem\n|-damage|p1a: Kyurem|0 fnt\n|faint|p1a: Kyurem\n|\n|-weather|Snow|[upkeep]\n|upkeep\n|-message|zz011124 forfeited.\n|\n|win|weirdnomad\n|raw|zz011124's rating: 1454 &rarr; <strong>1435<\/strong><br \/>(-19 for losing)\n|raw|weirdnomad's rating: 1474 &rarr; <strong>1493<\/strong><br \/>(+19 for winning)\n|l|\u2606zz011124\n","uploadtime":1700822348,"views":10,"p1id":"zz011124","p2id":"weirdnomad","formatid":"gen9nationaldex","rating":1435,"private":0,"password":""}