{"id":"gen9nationaldex-1995258446","p1":"firepunch917","p2":"as cheu","format":"[Gen 9] National Dex","log":"|html|<div class=\"broadcast-blue\"><strong>[Gen 9] National Dex is currently suspecting Sneasler! For information on how to participate check out the <a href=\"https:\/\/www.smogon.com\/forums\/threads\/sv-national-dex-suspect-8-just-dance.3731534\/\">suspect thread<\/a>.<\/strong><\/div>\n|j|\u2606firepunch917\n|j|\u2606as cheu\n|t:|1700542453\n|gametype|singles\n|player|p1|firepunch917|101|1735\n|player|p2|as cheu|170|1811\n|teamsize|p1|6\n|teamsize|p2|6\n|gen|9\n|tier|[Gen 9] National Dex\n|rated|\n|rule|HP Percentage Mod: HP is shown in percentages\n|rule|Endless Battle Clause: Forcing endless battles is banned\n|rule|OHKO Clause: OHKO moves are banned\n|rule|Evasion Clause: Evasion abilities, items, and moves are banned\n|rule|Evasion Abilities Clause: Evasion abilities are banned\n|rule|Evasion Items Clause: Evasion items are banned\n|rule|Evasion Moves Clause: Evasion moves are banned\n|rule|Species Clause: Limit one of each Pok\u00e9mon\n|rule|Sleep Clause Mod: Limit one foe put to sleep\n|clearpoke\n|poke|p1|Alomomola, F|\n|poke|p1|Gliscor, M|\n|poke|p1|Ampharos, F|\n|poke|p1|Garganacl, M|\n|poke|p1|Hoopa-Unbound|\n|poke|p1|Moltres|\n|poke|p2|Steelix, M|\n|poke|p2|Hatterene, F|\n|poke|p2|Greninja-*, M|\n|poke|p2|Medicham, F|\n|poke|p2|Marowak-Alola, M|\n|poke|p2|Salamence, M|\n|teampreview\n|j| YJLF2\n|inactive|Battle timer is ON: inactive players will automatically lose when time's up. (requested by as cheu)\n|\n|t:|1700542463\n|start\n|switch|p1a: Moltres|Moltres|100\/100\n|switch|p2a: Medicham|Medicham, F|100\/100\n|turn|1\n|\n|t:|1700542470\n|detailschange|p2a: Medicham|Medicham-Mega, F\n|-mega|p2a: Medicham|Medicham|Medichamite\n|move|p2a: Medicham|Zen Headbutt|p1a: Moltres\n|-damage|p1a: Moltres|48\/100\n|move|p1a: Moltres|U-turn|p2a: Medicham\n|-damage|p2a: Medicham|77\/100\n|\n|t:|1700542480\n|switch|p1a: Alomomola|Alomomola, F|100\/100|[from] U-turn\n|\n|upkeep\n|turn|2\n|\n|t:|1700542483\n|switch|p2a: Hatterene|Hatterene, F|100\/100\n|move|p1a: Alomomola|Wish|p1a: Alomomola\n|\n|upkeep\n|turn|3\n|\n|t:|1700542488\n|move|p1a: Alomomola|Flip Turn|p2a: Hatterene\n|-damage|p2a: Hatterene|87\/100\n|\n|t:|1700542491\n|switch|p1a: Moltres|Moltres|48\/100|[from] Flip Turn\n|move|p2a: Hatterene|Nuzzle|p1a: Moltres\n|-supereffective|p1a: Moltres\n|-damage|p1a: Moltres|42\/100\n|-status|p1a: Moltres|par\n|-status|p2a: Hatterene|brn|[from] ability: Flame Body|[of] p1a: Moltres\n|\n|-heal|p1a: Moltres|100\/100 par|[from] move: Wish|[wisher] Alomomola\n|-damage|p2a: Hatterene|81\/100 brn|[from] brn\n|upkeep\n|turn|4\n|j| KoKoual\n|\n|t:|1700542496\n|cant|p1a: Moltres|par\n|move|p2a: Hatterene|Psyshock|p1a: Moltres\n|-damage|p1a: Moltres|76\/100 par\n|\n|-damage|p2a: Hatterene|75\/100 brn|[from] brn\n|upkeep\n|turn|5\n|\n|t:|1700542501\n|switch|p2a: Steelix|Steelix, M|100\/100\n|cant|p1a: Moltres|par\n|\n|upkeep\n|turn|6\n|\n|t:|1700542507\n|move|p1a: Moltres|U-turn|p2a: Steelix\n|-resisted|p2a: Steelix\n|-damage|p2a: Steelix|97\/100\n|-damage|p1a: Moltres|60\/100 par|[from] item: Rocky Helmet|[of] p2a: Steelix\n|\n|t:|1700542512\n|switch|p1a: Gliscor|Gliscor, M|100\/100|[from] U-turn\n|move|p2a: Steelix|Stealth Rock|p1a: Gliscor\n|-sidestart|p1: firepunch917|move: Stealth Rock\n|\n|-status|p1a: Gliscor|tox|[from] item: Toxic Orb\n|upkeep\n|turn|7\n|\n|t:|1700542515\n|move|p1a: Gliscor|Earthquake|p2a: Steelix\n|-supereffective|p2a: Steelix\n|-damage|p2a: Steelix|65\/100\n|move|p2a: Steelix|Roar|p1a: Gliscor\n|drag|p1a: Alomomola|Alomomola, F|100\/100\n|\n|upkeep\n|turn|8\n|\n|t:|1700542525\n|switch|p2a: Medicham|Medicham-Mega, F|77\/100\n|move|p1a: Alomomola|Flip Turn|p2a: Medicham\n|-damage|p2a: Medicham|51\/100\n|\n|t:|1700542534\n|switch|p1a: Gliscor|Gliscor, M|100\/100 tox|[from] Flip Turn\n|-damage|p1a: Gliscor|88\/100 tox|[from] Stealth Rock\n|\n|-heal|p1a: Gliscor|100\/100 tox|[from] ability: Poison Heal\n|upkeep\n|turn|9\n|\n|t:|1700542538\n|switch|p1a: Alomomola|Alomomola, F|100\/100\n|move|p2a: Medicham|Fake Out|p1a: Alomomola\n|-crit|p1a: Alomomola\n|-damage|p1a: Alomomola|81\/100\n|\n|upkeep\n|turn|10\n|\n|t:|1700542542\n|move|p2a: Medicham|Close Combat|p1a: Alomomola\n|-damage|p1a: Alomomola|17\/100\n|-unboost|p2a: Medicham|def|1\n|-unboost|p2a: Medicham|spd|1\n|move|p1a: Alomomola|Toxic|p2a: Medicham|[miss]\n|-miss|p1a: Alomomola|p2a: Medicham\n|\n|upkeep\n|turn|11\n|\n|t:|1700542547\n|switch|p1a: Gliscor|Gliscor, M|100\/100 tox\n|-damage|p1a: Gliscor|88\/100 tox|[from] Stealth Rock\n|move|p2a: Medicham|Close Combat|p1a: Gliscor\n|-resisted|p1a: Gliscor\n|-damage|p1a: Gliscor|43\/100 tox\n|-unboost|p2a: Medicham|def|1\n|-unboost|p2a: Medicham|spd|1\n|\n|-heal|p1a: Gliscor|55\/100 tox|[from] ability: Poison Heal\n|upkeep\n|turn|12\n|\n|t:|1700542555\n|move|p1a: Gliscor|Protect|p1a: Gliscor\n|-singleturn|p1a: Gliscor|Protect\n|move|p2a: Medicham|Zen Headbutt|p1a: Gliscor\n|-activate|p1a: Gliscor|move: Protect\n|\n|-heal|p1a: Gliscor|68\/100 tox|[from] ability: Poison Heal\n|upkeep\n|turn|13\n|\n|t:|1700542566\n|switch|p2a: Salamence|Salamence, M|100\/100\n|switch|p1a: Moltres|Moltres|60\/100 par\n|\n|upkeep\n|turn|14\n|\n|t:|1700542569\n|move|p2a: Salamence|Dragon Dance|p2a: Salamence\n|-boost|p2a: Salamence|atk|1\n|-boost|p2a: Salamence|spe|1\n|cant|p1a: Moltres|par\n|\n|upkeep\n|turn|15\n|\n|t:|1700542572\n|-terastallize|p2a: Salamence|Normal\n|move|p2a: Salamence|Return|p1a: Moltres\n|-damage|p1a: Moltres|0 fnt\n|faint|p1a: Moltres\n|-ability|p2a: Salamence|Moxie|boost\n|-boost|p2a: Salamence|atk|1\n|\n|upkeep\n|l| KoKoual\n|\n|t:|1700542579\n|switch|p1a: Garganacl|Garganacl, M|100\/100\n|-damage|p1a: Garganacl|88\/100|[from] Stealth Rock\n|turn|16\n|\n|t:|1700542583\n|-terastallize|p1a: Garganacl|Ghost\n|move|p2a: Salamence|Earthquake|p1a: Garganacl\n|-damage|p1a: Garganacl|49\/100\n|move|p1a: Garganacl|Salt Cure|p2a: Salamence\n|-damage|p2a: Salamence|83\/100\n|-start|p2a: Salamence|Salt Cure\n|\n|-heal|p1a: Garganacl|55\/100|[from] item: Leftovers\n|-damage|p2a: Salamence|71\/100|[from] Salt Cure\n|upkeep\n|turn|17\n|\n|t:|1700542596\n|switch|p2a: Marowak|Marowak-Alola, M|100\/100\n|move|p1a: Garganacl|Recover|p1a: Garganacl\n|-heal|p1a: Garganacl|100\/100\n|\n|upkeep\n|turn|18\n|\n|t:|1700542600\n|move|p2a: Marowak|Poltergeist|p1a: Garganacl\n|-activate|p1a: Garganacl|move: Poltergeist|Leftovers\n|-supereffective|p1a: Garganacl\n|-damage|p1a: Garganacl|60\/100\n|move|p1a: Garganacl|Salt Cure|p2a: Marowak\n|-supereffective|p2a: Marowak\n|-damage|p2a: Marowak|74\/100\n|-start|p2a: Marowak|Salt Cure\n|\n|-heal|p1a: Garganacl|67\/100|[from] item: Leftovers\n|-damage|p2a: Marowak|62\/100|[from] Salt Cure\n|upkeep\n|turn|19\n|\n|t:|1700542604\n|move|p2a: Marowak|Knock Off|p1a: Garganacl\n|-supereffective|p1a: Garganacl\n|-crit|p1a: Garganacl\n|-damage|p1a: Garganacl|0 fnt\n|-enditem|p1a: Garganacl|Leftovers|[from] move: Knock Off|[of] p2a: Marowak\n|faint|p1a: Garganacl\n|\n|-damage|p2a: Marowak|49\/100|[from] Salt Cure\n|upkeep\n|\n|t:|1700542608\n|switch|p1a: Hoopa|Hoopa-Unbound|100\/100\n|-damage|p1a: Hoopa|88\/100|[from] Stealth Rock\n|turn|20\n|\n|t:|1700542614\n|move|p1a: Hoopa|Knock Off|p2a: Marowak\n|-supereffective|p2a: Marowak\n|-crit|p2a: Marowak\n|-damage|p2a: Marowak|0 fnt\n|-enditem|p2a: Marowak|Thick Club|[from] move: Knock Off|[of] p1a: Hoopa\n|faint|p2a: Marowak\n|\n|upkeep\n|\n|t:|1700542621\n|switch|p2a: Salamence|Salamence, M, tera:Normal|71\/100\n|turn|21\n|\n|t:|1700542628\n|switch|p1a: Gliscor|Gliscor, M|68\/100 tox\n|-damage|p1a: Gliscor|55\/100 tox|[from] Stealth Rock\n|move|p2a: Salamence|Return|p1a: Gliscor\n|-crit|p1a: Gliscor\n|-damage|p1a: Gliscor|0 fnt\n|faint|p1a: Gliscor\n|-ability|p2a: Salamence|Moxie|boost\n|-boost|p2a: Salamence|atk|1\n|\n|upkeep\n|-message|firepunch917 forfeited.\n|\n|win|as cheu\n|raw|firepunch917's rating: 1735 &rarr; <strong>1719<\/strong><br \/>(-16 for losing)\n|raw|as cheu's rating: 1811 &rarr; <strong>1827<\/strong><br \/>(+16 for winning)\n|l|\u2606firepunch917\n|l| YJLF2\n","uploadtime":1700542645,"views":5,"p1id":"firepunch917","p2id":"ascheu","formatid":"gen9nationaldex","rating":1719,"private":0,"password":""}