{"id":"gen9nationaldex-1993587235","p1":"niknak841","p2":"Water Hoe","format":"[Gen 9] National Dex","log":"|j|\u2606niknak841\n|j|\u2606Water Hoe\n|inactive|Battle timer is ON: inactive players will automatically lose when time's up.\n|t:|1700334733\n|gametype|singles\n|player|p1|niknak841|elesa|\n|player|p2|Water Hoe|nessa|\n|teamsize|p1|6\n|teamsize|p2|6\n|gen|9\n|tier|[Gen 9] National Dex\n|rated|Tournament battle\n|rule|HP Percentage Mod: HP is shown in percentages\n|rule|Endless Battle Clause: Forcing endless battles is banned\n|rule|OHKO Clause: OHKO moves are banned\n|rule|Evasion Clause: Evasion abilities, items, and moves are banned\n|rule|Evasion Abilities Clause: Evasion abilities are banned\n|rule|Evasion Items Clause: Evasion items are banned\n|rule|Evasion Moves Clause: Evasion moves are banned\n|rule|Species Clause: Limit one of each Pok\u00e9mon\n|rule|Sleep Clause Mod: Limit one foe put to sleep\n|clearpoke\n|poke|p1|Charizard, F|\n|poke|p1|Ribombee, M|\n|poke|p1|Alomomola, M|\n|poke|p1|Manaphy|\n|poke|p1|Ogerpon-Wellspring, F|\n|poke|p1|Great Tusk|\n|poke|p2|Ninetales-Alola, F|\n|poke|p2|Gyarados, F|\n|poke|p2|Sandslash-Alola, F|\n|poke|p2|Toxapex, F|\n|poke|p2|Thundurus-Therian, M|\n|poke|p2|Chandelure, M|\n|teampreview\n|inactive|Water Hoe also wants the timer to be on.\n|\n|t:|1700334742\n|start\n|switch|p1a: Ribombee|Ribombee, M|100\/100\n|switch|p2a: Ninetales|Ninetales-Alola, F|100\/100\n|-weather|Snow|[from] ability: Snow Warning|[of] p2a: Ninetales\n|turn|1\n|\n|t:|1700334747\n|move|p1a: Ribombee|Sticky Web|p2a: Ninetales\n|-sidestart|p2: Water Hoe|move: Sticky Web\n|move|p2a: Ninetales|Encore|p1a: Ribombee\n|-start|p1a: Ribombee|Encore\n|\n|-weather|Snow|[upkeep]\n|upkeep\n|turn|2\n|\n|t:|1700334753\n|switch|p1a: Charizard|Charizard, F|100\/100\n|move|p2a: Ninetales|Aurora Veil|p2a: Ninetales\n|-sidestart|p2: Water Hoe|move: Aurora Veil\n|\n|-weather|Snow|[upkeep]\n|upkeep\n|turn|3\n|\n|t:|1700334756\n|detailschange|p1a: Charizard|Charizard-Mega-X, F\n|-mega|p1a: Charizard|Charizard|Charizardite X\n|move|p2a: Ninetales|Nasty Plot|p2a: Ninetales\n|-boost|p2a: Ninetales|spa|2\n|move|p1a: Charizard|Flare Blitz|p2a: Ninetales\n|-supereffective|p2a: Ninetales\n|-damage|p2a: Ninetales|18\/100\n|-damage|p1a: Charizard|74\/100|[from] Recoil\n|\n|-weather|Snow|[upkeep]\n|upkeep\n|turn|4\n|\n|t:|1700334763\n|move|p2a: Ninetales|Freeze-Dry|p1a: Charizard\n|-damage|p1a: Charizard|3\/100\n|move|p1a: Charizard|Thunder Punch|p2a: Ninetales\n|-damage|p2a: Ninetales|0 fnt\n|faint|p2a: Ninetales\n|\n|-weather|Snow|[upkeep]\n|upkeep\n|\n|t:|1700334770\n|switch|p2a: Thundurus|Thundurus-Therian, M|100\/100\n|turn|5\n|\n|t:|1700334777\n|switch|p1a: Ribombee|Ribombee, M|100\/100\n|move|p2a: Thundurus|Thunderbolt|p1a: Ribombee\n|-damage|p1a: Ribombee|24\/100\n|\n|-weather|Snow|[upkeep]\n|upkeep\n|turn|6\n|\n|t:|1700334780\n|move|p1a: Ribombee|Moonblast|p2a: Thundurus\n|-damage|p2a: Thundurus|77\/100\n|move|p2a: Thundurus|Thunderbolt|p1a: Ribombee\n|-damage|p1a: Ribombee|0 fnt\n|faint|p1a: Ribombee\n|\n|-weather|Snow|[upkeep]\n|-sideend|p2: Water Hoe|move: Aurora Veil\n|upkeep\n|\n|t:|1700334786\n|switch|p1a: Ogerpon|Ogerpon-Wellspring, F|100\/100\n|turn|7\n|\n|t:|1700334789\n|-terastallize|p1a: Ogerpon|Water\n|detailschange|p1a: Ogerpon|Ogerpon-Wellspring-Tera, F, tera:Water\n|-ability|p1a: Ogerpon|Embody Aspect (Wellspring)|boost\n|-boost|p1a: Ogerpon|spd|1\n|move|p1a: Ogerpon|Ivy Cudgel|p2a: Thundurus|[anim] Ivy Cudgel Water\n|-crit|p2a: Thundurus\n|-damage|p2a: Thundurus|0 fnt\n|faint|p2a: Thundurus\n|\n|-weather|Snow|[upkeep]\n|upkeep\n|\n|t:|1700334794\n|switch|p2a: Toxapex|Toxapex, F|100\/100\n|-activate|p2a: Toxapex|move: Sticky Web\n|-unboost|p2a: Toxapex|spe|1\n|turn|8\n|\n|t:|1700334797\n|switch|p1a: Alomomola|Alomomola, M|100\/100\n|move|p2a: Toxapex|Toxic|p1a: Alomomola\n|-status|p1a: Alomomola|tox\n|\n|-weather|none\n|-damage|p1a: Alomomola|94\/100 tox|[from] psn\n|upkeep\n|turn|9\n|\n|t:|1700334803\n|switch|p2a: Sandslash|Sandslash-Alola, F|100\/100\n|-activate|p2a: Sandslash|move: Sticky Web\n|-unboost|p2a: Sandslash|spe|1\n|move|p1a: Alomomola|Wish|p1a: Alomomola\n|\n|-heal|p1a: Alomomola|100\/100 tox|[from] item: Leftovers\n|-damage|p1a: Alomomola|88\/100 tox|[from] psn\n|upkeep\n|turn|10\n|\n|t:|1700334807\n|move|p1a: Alomomola|Flip Turn|p2a: Sandslash\n|-damage|p2a: Sandslash|86\/100\n|\n|t:|1700334809\n|switch|p1a: Charizard|Charizard-Mega-X, F|3\/100|[from] Flip Turn\n|move|p2a: Sandslash|Ice Spinner|p1a: Charizard\n|-damage|p1a: Charizard|0 fnt\n|faint|p1a: Charizard\n|\n|upkeep\n|\n|t:|1700334814\n|switch|p1a: Manaphy|Manaphy|100\/100\n|turn|11\n|\n|t:|1700334818\n|move|p1a: Manaphy|Acid Armor|p1a: Manaphy\n|-boost|p1a: Manaphy|def|2\n|move|p2a: Sandslash|Swords Dance|p2a: Sandslash\n|-boost|p2a: Sandslash|atk|2\n|\n|upkeep\n|turn|12\n|\n|t:|1700334822\n|switch|p2a: Toxapex|Toxapex, F|100\/100\n|-activate|p2a: Toxapex|move: Sticky Web\n|-unboost|p2a: Toxapex|spe|1\n|move|p1a: Manaphy|Acid Armor|p1a: Manaphy\n|-boost|p1a: Manaphy|def|2\n|\n|upkeep\n|turn|13\n|\n|t:|1700334824\n|move|p1a: Manaphy|Stored Power|p2a: Toxapex\n|-supereffective|p2a: Toxapex\n|-damage|p2a: Toxapex|44\/100\n|move|p2a: Toxapex|Haze|p2a: Toxapex\n|-clearallboost\n|\n|upkeep\n|turn|14\n|\n|t:|1700334827\n|move|p1a: Manaphy|Take Heart|p1a: Manaphy\n|-boost|p1a: Manaphy|spa|1\n|-boost|p1a: Manaphy|spd|1\n|move|p2a: Toxapex|Toxic|p1a: Manaphy\n|-status|p1a: Manaphy|tox\n|\n|-damage|p1a: Manaphy|94\/100 tox|[from] psn\n|upkeep\n|turn|15\n|\n|t:|1700334829\n|move|p1a: Manaphy|Stored Power|p2a: Toxapex\n|-supereffective|p2a: Toxapex\n|-damage|p2a: Toxapex|0 fnt\n|faint|p2a: Toxapex\n|\n|-heal|p1a: Manaphy|100\/100 tox|[from] item: Leftovers\n|-damage|p1a: Manaphy|88\/100 tox|[from] psn\n|upkeep\n|\n|t:|1700334833\n|switch|p2a: Gyarados|Gyarados, F|100\/100\n|-ability|p2a: Gyarados|Intimidate|boost\n|-unboost|p1a: Manaphy|atk|1\n|turn|16\n|\n|t:|1700334837\n|detailschange|p2a: Gyarados|Gyarados-Mega, F\n|-mega|p2a: Gyarados|Gyarados|Gyaradosite\n|-ability|p2a: Gyarados|Mold Breaker\n|move|p2a: Gyarados|Dragon Dance|p2a: Gyarados\n|-boost|p2a: Gyarados|atk|1\n|-boost|p2a: Gyarados|spe|1\n|move|p1a: Manaphy|Take Heart|p1a: Manaphy\n|-boost|p1a: Manaphy|spa|1\n|-boost|p1a: Manaphy|spd|1\n|-curestatus|p1a: Manaphy|tox|[msg]\n|\n|-heal|p1a: Manaphy|94\/100|[from] item: Leftovers\n|upkeep\n|turn|17\n|\n|t:|1700334841\n|move|p2a: Gyarados|Dragon Dance|p2a: Gyarados\n|-boost|p2a: Gyarados|atk|1\n|-boost|p2a: Gyarados|spe|1\n|move|p1a: Manaphy|Acid Armor|p1a: Manaphy\n|-boost|p1a: Manaphy|def|2\n|\n|-heal|p1a: Manaphy|100\/100|[from] item: Leftovers\n|upkeep\n|turn|18\n|\n|t:|1700334843\n|move|p2a: Gyarados|Crunch|p1a: Manaphy\n|-damage|p1a: Manaphy|55\/100\n|move|p1a: Manaphy|Acid Armor|p1a: Manaphy\n|-boost|p1a: Manaphy|def|2\n|\n|-heal|p1a: Manaphy|62\/100|[from] item: Leftovers\n|upkeep\n|turn|19\n|\n|t:|1700334846\n|move|p2a: Gyarados|Dragon Dance|p2a: Gyarados\n|-boost|p2a: Gyarados|atk|1\n|-boost|p2a: Gyarados|spe|1\n|move|p1a: Manaphy|Scald|p2a: Gyarados\n|-resisted|p2a: Gyarados\n|-damage|p2a: Gyarados|68\/100\n|\n|-heal|p1a: Manaphy|68\/100|[from] item: Leftovers\n|upkeep\n|turn|20\n|\n|t:|1700334848\n|move|p2a: Gyarados|Crunch|p1a: Manaphy\n|-damage|p1a: Manaphy|28\/100\n|-unboost|p1a: Manaphy|def|1\n|move|p1a: Manaphy|Acid Armor|p1a: Manaphy\n|-boost|p1a: Manaphy|def|2\n|\n|-heal|p1a: Manaphy|34\/100|[from] item: Leftovers\n|upkeep\n|turn|21\n|\n|t:|1700334850\n|move|p2a: Gyarados|Crunch|p1a: Manaphy\n|-damage|p1a: Manaphy|2\/100\n|move|p1a: Manaphy|Scald|p2a: Gyarados\n|-resisted|p2a: Gyarados\n|-damage|p2a: Gyarados|38\/100\n|-status|p2a: Gyarados|brn\n|\n|-heal|p1a: Manaphy|8\/100|[from] item: Leftovers\n|-damage|p2a: Gyarados|32\/100 brn|[from] brn\n|upkeep\n|turn|22\n|\n|t:|1700334853\n|move|p2a: Gyarados|Crunch|p1a: Manaphy\n|-crit|p1a: Manaphy\n|-damage|p1a: Manaphy|0 fnt\n|faint|p1a: Manaphy\n|\n|-damage|p2a: Gyarados|26\/100 brn|[from] brn\n|upkeep\n|\n|t:|1700334856\n|switch|p1a: Alomomola|Alomomola, M|100\/100 tox\n|turn|23\n|\n|t:|1700334860\n|move|p2a: Gyarados|Crunch|p1a: Alomomola\n|-damage|p1a: Alomomola|64\/100 tox\n|move|p1a: Alomomola|Wish|p1a: Alomomola\n|\n|-heal|p1a: Alomomola|70\/100 tox|[from] item: Leftovers\n|-damage|p1a: Alomomola|64\/100 tox|[from] psn\n|-damage|p2a: Gyarados|20\/100 brn|[from] brn\n|upkeep\n|turn|24\n|\n|t:|1700334866\n|move|p1a: Alomomola|Protect|p1a: Alomomola\n|-singleturn|p1a: Alomomola|Protect\n|move|p2a: Gyarados|Dragon Dance|p2a: Gyarados\n|-boost|p2a: Gyarados|atk|1\n|-boost|p2a: Gyarados|spe|1\n|\n|-heal|p1a: Alomomola|100\/100 tox|[from] move: Wish|[wisher] Alomomola\n|-damage|p1a: Alomomola|88\/100 tox|[from] psn\n|-damage|p2a: Gyarados|13\/100 brn|[from] brn\n|upkeep\n|turn|25\n|\n|t:|1700334868\n|move|p2a: Gyarados|Crunch|p1a: Alomomola\n|-damage|p1a: Alomomola|47\/100 tox\n|-unboost|p1a: Alomomola|def|1\n|move|p1a: Alomomola|Scald|p2a: Gyarados\n|-resisted|p2a: Gyarados\n|-damage|p2a: Gyarados|8\/100 brn\n|\n|-heal|p1a: Alomomola|53\/100 tox|[from] item: Leftovers\n|-damage|p1a: Alomomola|34\/100 tox|[from] psn\n|-damage|p2a: Gyarados|2\/100 brn|[from] brn\n|upkeep\n|turn|26\n|\n|t:|1700334876\n|switch|p1a: Great Tusk|Great Tusk|100\/100\n|-enditem|p1a: Great Tusk|Booster Energy\n|-activate|p1a: Great Tusk|ability: Protosynthesis|[fromitem]\n|-start|p1a: Great Tusk|protosynthesisatk\n|move|p2a: Gyarados|Crunch|p1a: Great Tusk\n|-resisted|p1a: Great Tusk\n|-crit|p1a: Great Tusk\n|-damage|p1a: Great Tusk|56\/100\n|\n|-damage|p2a: Gyarados|0 fnt|[from] brn\n|faint|p2a: Gyarados\n|upkeep\n|\n|t:|1700334880\n|switch|p2a: Chandelure|Chandelure, M|100\/100\n|-activate|p2a: Chandelure|move: Sticky Web\n|-unboost|p2a: Chandelure|spe|1\n|turn|27\n|\n|t:|1700334884\n|-terastallize|p2a: Chandelure|Grass\n|move|p2a: Chandelure|Energy Ball|p1a: Great Tusk\n|-supereffective|p1a: Great Tusk\n|-damage|p1a: Great Tusk|0 fnt\n|faint|p1a: Great Tusk\n|-end|p1a: Great Tusk|Protosynthesis|[silent]\n|\n|upkeep\n|\n|t:|1700334890\n|switch|p1a: Ogerpon|Ogerpon-Wellspring-Tera, F, tera:Water|100\/100\n|-ability|p1a: Ogerpon|Embody Aspect (Wellspring)|boost\n|-boost|p1a: Ogerpon|spd|1\n|turn|28\n|\n|t:|1700334893\n|move|p1a: Ogerpon|Ivy Cudgel|p2a: Chandelure|[anim] Ivy Cudgel Water\n|-resisted|p2a: Chandelure\n|-crit|p2a: Chandelure\n|-damage|p2a: Chandelure|9\/100\n|move|p2a: Chandelure|Energy Ball|p1a: Ogerpon\n|-supereffective|p1a: Ogerpon\n|-damage|p1a: Ogerpon|25\/100\n|\n|upkeep\n|turn|29\n|\n|t:|1700334897\n|switch|p2a: Sandslash|Sandslash-Alola, F|86\/100\n|-activate|p2a: Sandslash|move: Sticky Web\n|-unboost|p2a: Sandslash|spe|1\n|move|p1a: Ogerpon|Ivy Cudgel|p2a: Sandslash|[anim] Ivy Cudgel Water\n|-damage|p2a: Sandslash|11\/100\n|\n|upkeep\n|turn|30\n|\n|t:|1700334899\n|move|p1a: Ogerpon|Ivy Cudgel|p2a: Sandslash|[anim] Ivy Cudgel Water\n|-damage|p2a: Sandslash|0 fnt\n|faint|p2a: Sandslash\n|\n|upkeep\n|\n|t:|1700334902\n|switch|p2a: Chandelure|Chandelure, M, tera:Grass|9\/100\n|-activate|p2a: Chandelure|move: Sticky Web\n|-unboost|p2a: Chandelure|spe|1\n|turn|31\n|\n|t:|1700334903\n|move|p1a: Ogerpon|Ivy Cudgel|p2a: Chandelure|[anim] Ivy Cudgel Water\n|-resisted|p2a: Chandelure\n|-damage|p2a: Chandelure|0 fnt\n|faint|p2a: Chandelure\n|\n|win|niknak841\n|n|\u2606niknak841|niknak841\n|n|\u2606Water Hoe|waterhoe\n","uploadtime":1700334906,"views":6,"p1id":"niknak841","p2id":"waterhoe","formatid":"gen9nationaldex","rating":0,"private":0,"password":""}