{"id":"gen9nationaldex-1989908694","p1":"Ezael_Stormblood","p2":"TwoSuperPotions5","format":"[Gen 9] National Dex","log":"|j|\u2606Ezael_Stormblood\n|j|\u2606TwoSuperPotions5\n|t:|1699905819\n|gametype|singles\n|player|p1|Ezael_Stormblood|hiker-gen4|1142\n|player|p2|TwoSuperPotions5|ethan|1237\n|teamsize|p1|6\n|teamsize|p2|6\n|gen|9\n|tier|[Gen 9] National Dex\n|rated|\n|rule|HP Percentage Mod: HP is shown in percentages\n|rule|Endless Battle Clause: Forcing endless battles is banned\n|rule|OHKO Clause: OHKO moves are banned\n|rule|Evasion Clause: Evasion abilities, items, and moves are banned\n|rule|Evasion Abilities Clause: Evasion abilities are banned\n|rule|Evasion Items Clause: Evasion items are banned\n|rule|Evasion Moves Clause: Evasion moves are banned\n|rule|Species Clause: Limit one of each Pok\u00e9mon\n|rule|Sleep Clause Mod: Limit one foe put to sleep\n|clearpoke\n|poke|p1|Urshifu-*, M|\n|poke|p1|Ogerpon-Wellspring, F|\n|poke|p1|Samurott-Hisui, F|\n|poke|p1|Zeraora|\n|poke|p1|Zapdos|\n|poke|p1|Zoroark-Hisui, F|\n|poke|p2|Starmie|\n|poke|p2|Magnezone|\n|poke|p2|Ludicolo, M|\n|poke|p2|Garchomp, M|\n|poke|p2|Infernape, F|\n|poke|p2|Aerodactyl, F|\n|teampreview\n|\n|t:|1699905846\n|start\n|switch|p1a: Urshifu|Urshifu-Rapid-Strike, M|100\/100\n|switch|p2a: Aerodactyl|Aerodactyl, F|100\/100\n|-ability|p2a: Aerodactyl|Pressure\n|turn|1\n|\n|t:|1699905856\n|move|p2a: Aerodactyl|Stealth Rock|p1a: Urshifu\n|-sidestart|p1: Ezael_Stormblood|move: Stealth Rock\n|move|p1a: Urshifu|Focus Energy|p1a: Urshifu\n|-start|p1a: Urshifu|move: Focus Energy\n|\n|upkeep\n|turn|2\n|\n|t:|1699905864\n|move|p1a: Urshifu|Surging Strikes|p2a: Aerodactyl\n|-supereffective|p2a: Aerodactyl\n|-crit|p2a: Aerodactyl\n|-damage|p2a: Aerodactyl|41\/100\n|-damage|p1a: Urshifu|84\/100|[from] item: Rocky Helmet|[of] p2a: Aerodactyl\n|-supereffective|p2a: Aerodactyl\n|-crit|p2a: Aerodactyl\n|-damage|p2a: Aerodactyl|0 fnt\n|-damage|p1a: Urshifu|67\/100|[from] item: Rocky Helmet|[of] p2a: Aerodactyl\n|faint|p2a: Aerodactyl\n|-hitcount|p2: Aerodactyl|2\n|\n|upkeep\n|\n|t:|1699905868\n|switch|p2a: Ludicolo|Ludicolo, M|100\/100\n|turn|3\n|\n|t:|1699905899\n|move|p1a: Urshifu|Stone Edge|p2a: Ludicolo\n|-crit|p2a: Ludicolo\n|-damage|p2a: Ludicolo|30\/100\n|move|p2a: Ludicolo|Giga Drain|p1a: Urshifu\n|-supereffective|p1a: Urshifu\n|-damage|p1a: Urshifu|0 fnt\n|-heal|p2a: Ludicolo|68\/100|[from] drain|[of] p1a: Urshifu\n|faint|p1a: Urshifu\n|\n|-heal|p2a: Ludicolo|74\/100|[from] item: Leftovers\n|upkeep\n|\n|t:|1699905905\n|switch|p1a: Ogerpon|Ogerpon-Wellspring, F|100\/100\n|-damage|p1a: Ogerpon|88\/100|[from] Stealth Rock\n|turn|4\n|\n|t:|1699905919\n|move|p1a: Ogerpon|Horn Leech|p2a: Ludicolo\n|-damage|p2a: Ludicolo|20\/100\n|-heal|p1a: Ogerpon|100\/100|[from] drain|[of] p2a: Ludicolo\n|move|p2a: Ludicolo|Giga Drain|p1a: Ogerpon\n|-damage|p1a: Ogerpon|61\/100\n|-heal|p2a: Ludicolo|40\/100|[from] drain|[of] p1a: Ogerpon\n|\n|-heal|p2a: Ludicolo|46\/100|[from] item: Leftovers\n|upkeep\n|turn|5\n|\n|t:|1699905929\n|switch|p2a: Infernape|Infernape, F|100\/100\n|-terastallize|p1a: Ogerpon|Water\n|detailschange|p1a: Ogerpon|Ogerpon-Wellspring-Tera, F, tera:Water\n|-ability|p1a: Ogerpon|Embody Aspect (Wellspring)|boost\n|-boost|p1a: Ogerpon|spd|1\n|move|p1a: Ogerpon|Horn Leech|p2a: Infernape\n|-resisted|p2a: Infernape\n|-damage|p2a: Infernape|68\/100\n|-heal|p1a: Ogerpon|76\/100|[from] drain|[of] p2a: Infernape\n|\n|upkeep\n|turn|6\n|\n|t:|1699905939\n|move|p1a: Ogerpon|Ivy Cudgel|p2a: Infernape\n|-supereffective|p2a: Infernape\n|-damage|p2a: Infernape|0 fnt\n|faint|p2a: Infernape\n|\n|upkeep\n|\n|t:|1699905947\n|switch|p2a: Magnezone|Magnezone|100\/100\n|turn|7\n|c|\u2606Ezael_Stormblood|this is the first time I have ever used ogerpon XD\n|\n|t:|1699905965\n|switch|p1a: Zeraora|Zeraora|100\/100\n|-damage|p1a: Zeraora|88\/100|[from] Stealth Rock\n|move|p2a: Magnezone|Volt Switch|p1a: Zeraora\n|-heal|p1a: Zeraora|100\/100|[from] ability: Volt Absorb|[of] p2a: Magnezone\n|\n|upkeep\n|turn|8\n|\n|t:|1699905977\n|switch|p2a: Garchomp|Garchomp, M|100\/100\n|-singleturn|p1a: Zeraora|move: Focus Punch\n|move|p1a: Zeraora|Focus Punch|p2a: Garchomp\n|-damage|p2a: Garchomp|51\/100\n|-damage|p1a: Zeraora|88\/100|[from] ability: Rough Skin|[of] p2a: Garchomp\n|\n|upkeep\n|turn|9\n|\n|t:|1699905988\n|move|p1a: Zeraora|Play Rough|p2a: Garchomp\n|-supereffective|p2a: Garchomp\n|-damage|p2a: Garchomp|0 fnt\n|-damage|p1a: Zeraora|76\/100|[from] ability: Rough Skin|[of] p2a: Garchomp\n|faint|p2a: Garchomp\n|\n|upkeep\n|\n|t:|1699905993\n|switch|p2a: Ludicolo|Ludicolo, M|46\/100\n|turn|10\n|\n|t:|1699906002\n|move|p1a: Zeraora|Plasma Fists|p2a: Ludicolo\n|-damage|p2a: Ludicolo|0 fnt\n|-fieldactivate|move: Ion Deluge\n|-hint|Normal-type moves become Electric-type after using Plasma Fists.\n|faint|p2a: Ludicolo\n|\n|upkeep\n|\n|t:|1699906006\n|switch|p2a: Starmie|Starmie|100\/100\n|turn|11\n|\n|t:|1699906014\n|move|p1a: Zeraora|Plasma Fists|p2a: Starmie\n|-supereffective|p2a: Starmie\n|-damage|p2a: Starmie|0 fnt\n|-fieldactivate|move: Ion Deluge\n|-hint|Normal-type moves become Electric-type after using Plasma Fists.\n|faint|p2a: Starmie\n|\n|upkeep\n|\n|t:|1699906018\n|switch|p2a: Magnezone|Magnezone|100\/100\n|turn|12\n|\n|t:|1699906022\n|-zpower|p1a: Zeraora\n|move|p1a: Zeraora|All-Out Pummeling|p2a: Magnezone|[zeffect]\n|-supereffective|p2a: Magnezone\n|-ability|p2a: Magnezone|Sturdy\n|-damage|p2a: Magnezone|1\/100\n|move|p2a: Magnezone|Body Press|p1a: Zeraora\n|-damage|p1a: Zeraora|41\/100\n|\n|upkeep\n|turn|13\n|\n|t:|1699906036\n|move|p1a: Zeraora|Plasma Fists|p2a: Magnezone\n|-resisted|p2a: Magnezone\n|-damage|p2a: Magnezone|0 fnt\n|-fieldactivate|move: Ion Deluge\n|-hint|Normal-type moves become Electric-type after using Plasma Fists.\n|faint|p2a: Magnezone\n|\n|win|Ezael_Stormblood\n|raw|Ezael_Stormblood's rating: 1142 &rarr; <strong>1174<\/strong><br \/>(+32 for winning)\n|raw|TwoSuperPotions5's rating: 1237 &rarr; <strong>1205<\/strong><br \/>(-32 for losing)\n|c|\u2606Ezael_Stormblood|gg\n|l|\u2606TwoSuperPotions5\n","uploadtime":1699906047,"views":6,"p1id":"ezaelstormblood","p2id":"twosuperpotions5","formatid":"gen9nationaldex","rating":1174,"private":0,"password":""}