{"id":"gen9nationaldex-1998896467","p1":"hewei1998","p2":"Azog8","format":"[Gen 9] National Dex","log":"|html|<div class=\"broadcast-blue\"><strong>[Gen 9] National Dex is currently suspecting Sneasler! For information on how to participate check out the <a href=\"https:\/\/www.smogon.com\/forums\/threads\/sv-national-dex-suspect-8-just-dance.3731534\/\">suspect thread<\/a>.<\/strong><\/div>\n|j|\u2606hewei1998\n|j|\u2606Azog8\n|t:|1701010080\n|gametype|singles\n|player|p1|hewei1998|lucas|1502\n|player|p2|Azog8|pokekid|1568\n|teamsize|p1|6\n|teamsize|p2|6\n|gen|9\n|tier|[Gen 9] National Dex\n|rated|\n|rule|HP Percentage Mod: HP is shown in percentages\n|rule|Endless Battle Clause: Forcing endless battles is banned\n|rule|OHKO Clause: OHKO moves are banned\n|rule|Evasion Clause: Evasion abilities, items, and moves are banned\n|rule|Evasion Abilities Clause: Evasion abilities are banned\n|rule|Evasion Items Clause: Evasion items are banned\n|rule|Evasion Moves Clause: Evasion moves are banned\n|rule|Species Clause: Limit one of each Pok\u00e9mon\n|rule|Sleep Clause Mod: Limit one foe put to sleep\n|clearpoke\n|poke|p1|Skeledirge, M|\n|poke|p1|Sneasler, M|\n|poke|p1|Gardevoir, F|\n|poke|p1|Tapu Lele|\n|poke|p1|Hoopa-Unbound|\n|poke|p1|Garganacl, F|\n|poke|p2|Goodra-Hisui, M|\n|poke|p2|Azumarill, F|\n|poke|p2|Swampert, F|\n|poke|p2|Pelipper, M|\n|poke|p2|Zapdos|\n|poke|p2|Kingdra, F|\n|teampreview\n|inactive|Battle timer is ON: inactive players will automatically lose when time's up. (requested by hewei1998)\n|\n|t:|1701010090\n|start\n|switch|p1a: Hoopa|Hoopa-Unbound|100\/100\n|switch|p2a: Pelipper|Pelipper, M|100\/100\n|-weather|RainDance|[from] ability: Drizzle|[of] p2a: Pelipper\n|turn|1\n|\n|t:|1701010098\n|switch|p2a: Goodra|Goodra-Hisui, M|100\/100\n|move|p1a: Hoopa|Hyperspace Fury|p2a: Goodra\n|-damage|p2a: Goodra|40\/100\n|-unboost|p1a: Hoopa|def|1\n|\n|-weather|RainDance|[upkeep]\n|-heal|p2a: Goodra|46\/100|[from] item: Leftovers\n|upkeep\n|turn|2\n|\n|t:|1701010110\n|move|p1a: Hoopa|Hyperspace Fury|p2a: Goodra\n|-damage|p2a: Goodra|0 fnt\n|-unboost|p1a: Hoopa|def|1\n|faint|p2a: Goodra\n|\n|-weather|RainDance|[upkeep]\n|upkeep\n|\n|t:|1701010120\n|switch|p2a: Kingdra|Kingdra, F|100\/100\n|turn|3\n|\n|t:|1701010124\n|move|p2a: Kingdra|Surf|p1a: Hoopa\n|-damage|p1a: Hoopa|22\/100\n|move|p1a: Hoopa|Hyperspace Fury|p2a: Kingdra\n|-crit|p2a: Kingdra\n|-damage|p2a: Kingdra|0 fnt\n|-unboost|p1a: Hoopa|def|1\n|faint|p2a: Kingdra\n|\n|-weather|RainDance|[upkeep]\n|upkeep\n|\n|t:|1701010135\n|switch|p2a: Swampert|Swampert, F|100\/100\n|turn|4\n|\n|t:|1701010139\n|detailschange|p2a: Swampert|Swampert-Mega, F\n|-mega|p2a: Swampert|Swampert|Swampertite\n|move|p2a: Swampert|Flip Turn|p1a: Hoopa\n|-damage|p1a: Hoopa|0 fnt\n|faint|p1a: Hoopa\n|\n|t:|1701010146\n|switch|p2a: Zapdos|Zapdos|100\/100|[from] Flip Turn\n|\n|-weather|RainDance|[upkeep]\n|upkeep\n|\n|t:|1701010156\n|switch|p1a: Gardevoir|Gardevoir, F|100\/100\n|-ability|p1a: Gardevoir|Static|[from] ability: Trace|[of] p2a: Zapdos\n|turn|5\n|\n|t:|1701010162\n|detailschange|p1a: Gardevoir|Gardevoir-Mega, F\n|-mega|p1a: Gardevoir|Gardevoir|Gardevoirite\n|move|p2a: Zapdos|Hurricane|p1a: Gardevoir\n|-damage|p1a: Gardevoir|41\/100\n|move|p1a: Gardevoir|Hyper Voice|p2a: Zapdos\n|-damage|p2a: Zapdos|28\/100\n|\n|-weather|RainDance|[upkeep]\n|upkeep\n|turn|6\n|\n|t:|1701010172\n|move|p2a: Zapdos|Hurricane|p1a: Gardevoir\n|-damage|p1a: Gardevoir|0 fnt\n|faint|p1a: Gardevoir\n|\n|-weather|RainDance|[upkeep]\n|upkeep\n|\n|t:|1701010177\n|switch|p1a: Tapu Lele|Tapu Lele|100\/100\n|-fieldstart|move: Psychic Terrain|[from] ability: Psychic Surge|[of] p1a: Tapu Lele\n|turn|7\n|\n|t:|1701010182\n|move|p1a: Tapu Lele|Psychic|p2a: Zapdos\n|-damage|p2a: Zapdos|0 fnt\n|faint|p2a: Zapdos\n|\n|-weather|RainDance|[upkeep]\n|upkeep\n|\n|t:|1701010191\n|switch|p2a: Swampert|Swampert-Mega, F|100\/100\n|turn|8\n|\n|t:|1701010195\n|move|p2a: Swampert|Waterfall|p1a: Tapu Lele\n|-damage|p1a: Tapu Lele|0 fnt\n|faint|p1a: Tapu Lele\n|\n|-weather|none\n|upkeep\n|\n|t:|1701010204\n|switch|p1a: Garganacl|Garganacl, F|100\/100\n|turn|9\n|\n|t:|1701010215\n|-terastallize|p1a: Garganacl|Water\n|move|p2a: Swampert|Flip Turn|p1a: Garganacl\n|-resisted|p1a: Garganacl\n|-damage|p1a: Garganacl|92\/100\n|\n|t:|1701010220\n|switch|p2a: Azumarill|Azumarill, F|100\/100|[from] Flip Turn\n|move|p1a: Garganacl|Curse|p1a: Garganacl\n|-unboost|p1a: Garganacl|spe|1\n|-boost|p1a: Garganacl|atk|1\n|-boost|p1a: Garganacl|def|1\n|\n|-heal|p1a: Garganacl|98\/100|[from] item: Leftovers\n|upkeep\n|turn|10\n|\n|t:|1701010231\n|move|p2a: Azumarill|Whirlpool|p1a: Garganacl\n|-resisted|p1a: Garganacl\n|-damage|p1a: Garganacl|95\/100\n|-activate|p1a: Garganacl|move: Whirlpool|[of] p2a: Azumarill\n|move|p1a: Garganacl|Curse|p1a: Garganacl\n|-unboost|p1a: Garganacl|spe|1\n|-boost|p1a: Garganacl|atk|1\n|-boost|p1a: Garganacl|def|1\n|\n|-heal|p1a: Garganacl|100\/100|[from] item: Leftovers\n|-damage|p1a: Garganacl|88\/100|[from] move: Whirlpool|[partiallytrapped]\n|upkeep\n|turn|11\n|\n|t:|1701010243\n|move|p2a: Azumarill|Perish Song|p2a: Azumarill\n|-start|p1a: Garganacl|perish3|[silent]\n|-start|p2a: Azumarill|perish3|[silent]\n|-fieldactivate|move: Perish Song\n|move|p1a: Garganacl|Salt Cure|p2a: Azumarill\n|-damage|p2a: Azumarill|82\/100\n|-start|p2a: Azumarill|Salt Cure\n|\n|-heal|p2a: Azumarill|88\/100|[from] item: Leftovers\n|-heal|p1a: Garganacl|94\/100|[from] item: Leftovers\n|-damage|p2a: Azumarill|63\/100|[from] Salt Cure\n|-damage|p1a: Garganacl|82\/100|[from] move: Whirlpool|[partiallytrapped]\n|-start|p2a: Azumarill|perish3\n|-start|p1a: Garganacl|perish3\n|-fieldend|move: Psychic Terrain\n|upkeep\n|turn|12\n|\n|t:|1701010257\n|move|p2a: Azumarill|Protect|p2a: Azumarill\n|-singleturn|p2a: Azumarill|Protect\n|move|p1a: Garganacl|Curse|p1a: Garganacl\n|-unboost|p1a: Garganacl|spe|1\n|-boost|p1a: Garganacl|atk|1\n|-boost|p1a: Garganacl|def|1\n|\n|-heal|p2a: Azumarill|69\/100|[from] item: Leftovers\n|-heal|p1a: Garganacl|88\/100|[from] item: Leftovers\n|-damage|p2a: Azumarill|44\/100|[from] Salt Cure\n|-damage|p1a: Garganacl|76\/100|[from] move: Whirlpool|[partiallytrapped]\n|-start|p2a: Azumarill|perish2\n|-start|p1a: Garganacl|perish2\n|upkeep\n|turn|13\n|\n|t:|1701010273\n|move|p2a: Azumarill|Rest|p2a: Azumarill\n|-status|p2a: Azumarill|slp|[from] move: Rest\n|-heal|p2a: Azumarill|100\/100 slp|[silent]\n|move|p1a: Garganacl|Salt Cure|p2a: Azumarill\n|-damage|p2a: Azumarill|78\/100 slp\n|\n|-heal|p2a: Azumarill|84\/100 slp|[from] item: Leftovers\n|-heal|p1a: Garganacl|82\/100|[from] item: Leftovers\n|-damage|p2a: Azumarill|59\/100 slp|[from] Salt Cure\n|-damage|p1a: Garganacl|70\/100|[from] move: Whirlpool|[partiallytrapped]\n|-start|p2a: Azumarill|perish1\n|-start|p1a: Garganacl|perish1\n|upkeep\n|turn|14\n|\n|t:|1701010288\n|switch|p2a: Pelipper|Pelipper, M|100\/100\n|-weather|RainDance|[from] ability: Drizzle|[of] p2a: Pelipper\n|move|p1a: Garganacl|Salt Cure|p2a: Pelipper\n|-supereffective|p2a: Pelipper\n|-damage|p2a: Pelipper|50\/100\n|-start|p2a: Pelipper|Salt Cure\n|\n|-weather|RainDance|[upkeep]\n|-heal|p1a: Garganacl|76\/100|[from] item: Leftovers\n|-damage|p2a: Pelipper|25\/100|[from] Salt Cure\n|-end|p1a: Garganacl|Whirlpool|[partiallytrapped]|[silent]\n|-start|p1a: Garganacl|perish0\n|upkeep\n|faint|p1a: Garganacl\n|j| NicksRokaya\n|\n|t:|1701010299\n|switch|p1a: Sneasler|Sneasler, M|100\/100\n|turn|15\n|\n|t:|1701010315\n|move|p1a: Sneasler|Dire Claw|p2a: Pelipper\n|-damage|p2a: Pelipper|0 fnt\n|faint|p2a: Pelipper\n|\n|-weather|RainDance|[upkeep]\n|upkeep\n|\n|t:|1701010321\n|switch|p2a: Swampert|Swampert-Mega, F|100\/100\n|turn|16\n|\n|t:|1701010325\n|move|p2a: Swampert|Earthquake|p1a: Sneasler\n|-supereffective|p1a: Sneasler\n|-damage|p1a: Sneasler|0 fnt\n|faint|p1a: Sneasler\n|\n|-weather|RainDance|[upkeep]\n|upkeep\n|\n|t:|1701010328\n|switch|p1a: Skeledirge|Skeledirge, M|100\/100\n|turn|17\n|\n|t:|1701010334\n|move|p2a: Swampert|Waterfall|p1a: Skeledirge\n|-supereffective|p1a: Skeledirge\n|-damage|p1a: Skeledirge|0 fnt\n|faint|p1a: Skeledirge\n|\n|win|Azog8\n|raw|hewei1998's rating: 1502 &rarr; <strong>1486<\/strong><br \/>(-16 for losing)\n|raw|Azog8's rating: 1568 &rarr; <strong>1584<\/strong><br \/>(+16 for winning)\n","uploadtime":1701010341,"views":1,"p1id":"hewei1998","p2id":"azog8","formatid":"gen9nationaldex","rating":1486,"private":0,"password":""}