{"id":"gen9nationaldex-1991285038","p1":"D5433","p2":"KyosukeKamijou","format":"[Gen 9] National Dex","log":"|j|\u2606D5433\n|j|\u2606KyosukeKamijou\n|t:|1700064287\n|gametype|singles\n|player|p1|D5433|blackbelt-gen4dp|1044\n|player|p2|KyosukeKamijou|ghetsis|1142\n|teamsize|p1|6\n|teamsize|p2|6\n|gen|9\n|tier|[Gen 9] National Dex\n|rated|\n|rule|HP Percentage Mod: HP is shown in percentages\n|rule|Endless Battle Clause: Forcing endless battles is banned\n|rule|OHKO Clause: OHKO moves are banned\n|rule|Evasion Clause: Evasion abilities, items, and moves are banned\n|rule|Evasion Abilities Clause: Evasion abilities are banned\n|rule|Evasion Items Clause: Evasion items are banned\n|rule|Evasion Moves Clause: Evasion moves are banned\n|rule|Species Clause: Limit one of each Pok\u00e9mon\n|rule|Sleep Clause Mod: Limit one foe put to sleep\n|clearpoke\n|poke|p1|Diancie|\n|poke|p1|Rillaboom, M|\n|poke|p1|Magnezone|\n|poke|p1|Landorus-Therian, M|\n|poke|p1|Greninja-*, M|\n|poke|p1|Heatran, M|\n|poke|p2|Kommo-o, M|\n|poke|p2|Great Tusk|\n|poke|p2|Ogerpon-Cornerstone, F|\n|poke|p2|Charizard, M|\n|poke|p2|Greninja-*, M|\n|poke|p2|Volcarona, F|\n|teampreview\n|inactive|Battle timer is ON: inactive players will automatically lose when time's up. (requested by D5433)\n|\n|t:|1700064303\n|start\n|switch|p1a: Landorus|Landorus-Therian, M|100\/100\n|switch|p2a: Change Dragon|Charizard, M|100\/100\n|-ability|p1a: Landorus|Intimidate|boost\n|-unboost|p2a: Change Dragon|atk|1\n|turn|1\n|inactive|KyosukeKamijou has 120 seconds left.\n|inactive|KyosukeKamijou has 90 seconds left.\n|\n|t:|1700064368\n|move|p2a: Change Dragon|Air Slash|p1a: Landorus\n|-damage|p1a: Landorus|56\/100\n|move|p1a: Landorus|Earthquake|p2a: Change Dragon\n|-immune|p2a: Change Dragon\n|\n|upkeep\n|turn|2\n|\n|t:|1700064386\n|detailschange|p2a: Change Dragon|Charizard-Mega-Y, M\n|-mega|p2a: Change Dragon|Charizard|Charizardite Y\n|-weather|SunnyDay|[from] ability: Drought|[of] p2a: Change Dragon\n|move|p2a: Change Dragon|Air Slash|p1a: Landorus\n|-damage|p1a: Landorus|0 fnt\n|faint|p1a: Landorus\n|\n|-weather|SunnyDay|[upkeep]\n|upkeep\n|\n|t:|1700064393\n|switch|p1a: Diancie|Diancie|100\/100\n|turn|3\n|\n|t:|1700064397\n|detailschange|p1a: Diancie|Diancie-Mega\n|-mega|p1a: Diancie|Diancie|Diancite\n|move|p2a: Change Dragon|Solar Beam||[still]\n|-prepare|p2a: Change Dragon|Solar Beam\n|-anim|p2a: Change Dragon|Solar Beam|p1a: Diancie\n|-supereffective|p1a: Diancie\n|-damage|p1a: Diancie|0 fnt\n|faint|p1a: Diancie\n|\n|-weather|SunnyDay|[upkeep]\n|upkeep\n|\n|t:|1700064405\n|switch|p1a: Greninja|Greninja, M|100\/100\n|turn|4\n|inactive|KyosukeKamijou has 120 seconds left.\n|\n|t:|1700064411\n|move|p1a: Greninja|Ice Beam|p2a: Change Dragon\n|-start|p1a: Greninja|typechange|Ice|[from] ability: Protean\n|-damage|p2a: Change Dragon|69\/100\n|move|p2a: Change Dragon|Solar Beam||[still]\n|-prepare|p2a: Change Dragon|Solar Beam\n|-anim|p2a: Change Dragon|Solar Beam|p1a: Greninja\n|-damage|p1a: Greninja|30\/100\n|\n|-weather|SunnyDay|[upkeep]\n|upkeep\n|turn|5\n|\n|t:|1700064421\n|move|p1a: Greninja|Ice Beam|p2a: Change Dragon\n|-damage|p2a: Change Dragon|38\/100\n|move|p2a: Change Dragon|Flamethrower|p1a: Greninja\n|-supereffective|p1a: Greninja\n|-damage|p1a: Greninja|0 fnt\n|faint|p1a: Greninja\n|\n|-weather|SunnyDay|[upkeep]\n|upkeep\n|\n|t:|1700064440\n|switch|p1a: Magnezone|Magnezone|100\/100\n|turn|6\n|\n|t:|1700064446\n|move|p1a: Magnezone|Volt Switch|p2a: Change Dragon\n|-supereffective|p2a: Change Dragon\n|-damage|p2a: Change Dragon|0 fnt\n|faint|p2a: Change Dragon\n|\n|t:|1700064453\n|switch|p1a: Rillaboom|Rillaboom, M|100\/100|[from] Volt Switch\n|-fieldstart|move: Grassy Terrain|[from] ability: Grassy Surge|[of] p1a: Rillaboom\n|\n|-weather|none\n|upkeep\n|\n|t:|1700064460\n|switch|p2a: PapillonOhger|Volcarona, F, shiny|100\/100\n|turn|7\n|inactive|D5433 has 120 seconds left.\n|\n|t:|1700064503\n|move|p1a: Rillaboom|Grassy Glide|p2a: PapillonOhger\n|-resisted|p2a: PapillonOhger\n|-damage|p2a: PapillonOhger|81\/100\n|-status|p1a: Rillaboom|brn|[from] ability: Flame Body|[of] p2a: PapillonOhger\n|move|p2a: PapillonOhger|Quiver Dance|p2a: PapillonOhger\n|-boost|p2a: PapillonOhger|spa|1\n|-boost|p2a: PapillonOhger|spd|1\n|-boost|p2a: PapillonOhger|spe|1\n|\n|-heal|p2a: PapillonOhger|87\/100|[from] Grassy Terrain\n|-damage|p1a: Rillaboom|94\/100 brn|[from] brn\n|upkeep\n|turn|8\n|-message|D5433 forfeited.\n|\n|win|KyosukeKamijou\n|raw|D5433's rating: 1044 &rarr; <strong>1032<\/strong><br \/>(-12 for losing)\n|raw|KyosukeKamijou's rating: 1142 &rarr; <strong>1160<\/strong><br \/>(+18 for winning)\n|l|\u2606D5433\n","uploadtime":1700064516,"views":5,"p1id":"d5433","p2id":"kyosukekamijou","formatid":"gen9nationaldex","rating":1032,"private":0,"password":""}