{"id":"gen9nationaldex-1991401247","p1":"godpartikle","p2":"Plutonium PT","format":"[Gen 9] National Dex","log":"|j|\u2606godpartikle\n|j|\u2606Plutonium PT\n|t:|1700074005\n|gametype|singles\n|player|p1|godpartikle|roark|1425\n|player|p2|Plutonium PT|clay|1515\n|teamsize|p1|6\n|teamsize|p2|6\n|gen|9\n|tier|[Gen 9] National Dex\n|rated|\n|rule|HP Percentage Mod: HP is shown in percentages\n|rule|Endless Battle Clause: Forcing endless battles is banned\n|rule|OHKO Clause: OHKO moves are banned\n|rule|Evasion Clause: Evasion abilities, items, and moves are banned\n|rule|Evasion Abilities Clause: Evasion abilities are banned\n|rule|Evasion Items Clause: Evasion items are banned\n|rule|Evasion Moves Clause: Evasion moves are banned\n|rule|Species Clause: Limit one of each Pok\u00e9mon\n|rule|Sleep Clause Mod: Limit one foe put to sleep\n|clearpoke\n|poke|p1|Gliscor, M|\n|poke|p1|Ferrothorn, F|\n|poke|p1|Maushold|\n|poke|p1|Tapu Koko|\n|poke|p1|Heatran, M|\n|poke|p1|Tapu Lele|\n|poke|p2|Garganacl, M|\n|poke|p2|Moltres|\n|poke|p2|Meowscarada, M|\n|poke|p2|Urshifu-*, F|\n|poke|p2|Garchomp, F|\n|poke|p2|Jirachi|\n|teampreview\n|c|\u2606godpartikle|glhf\n|c|\u2606Plutonium PT|hf dude\n|\n|t:|1700074037\n|start\n|switch|p1a: Ferrothorn|Ferrothorn, F|100\/100\n|switch|p2a: Herba|Meowscarada, M|100\/100\n|turn|1\n|\n|t:|1700074047\n|switch|p2a: Nando's|Moltres|100\/100\n|move|p1a: Ferrothorn|Knock Off|p2a: Nando's\n|-damage|p2a: Nando's|86\/100\n|-enditem|p2a: Nando's|Heavy-Duty Boots|[from] move: Knock Off|[of] p1a: Ferrothorn\n|\n|upkeep\n|turn|2\n|\n|t:|1700074056\n|switch|p1a: Gliscor|Gliscor, M|100\/100\n|move|p2a: Nando's|U-turn|p1a: Gliscor\n|-resisted|p1a: Gliscor\n|-damage|p1a: Gliscor|95\/100\n|\n|t:|1700074075\n|switch|p2a: Pillar|Garganacl, M|100\/100|[from] U-turn\n|\n|-status|p1a: Gliscor|tox|[from] item: Toxic Orb\n|upkeep\n|turn|3\n|\n|t:|1700074078\n|move|p1a: Gliscor|Knock Off|p2a: Pillar\n|-damage|p2a: Pillar|87\/100\n|-enditem|p2a: Pillar|Leftovers|[from] move: Knock Off|[of] p1a: Gliscor\n|move|p2a: Pillar|Iron Defense|p2a: Pillar\n|-boost|p2a: Pillar|def|2\n|\n|-heal|p1a: Gliscor|100\/100 tox|[from] ability: Poison Heal\n|upkeep\n|turn|4\n|\n|t:|1700074086\n|switch|p1a: Tapu Lele|Tapu Lele|100\/100\n|-fieldstart|move: Psychic Terrain|[from] ability: Psychic Surge|[of] p1a: Tapu Lele\n|move|p2a: Pillar|Salt Cure|p1a: Tapu Lele\n|-damage|p1a: Tapu Lele|79\/100\n|-start|p1a: Tapu Lele|Salt Cure\n|\n|-damage|p1a: Tapu Lele|67\/100|[from] Salt Cure\n|upkeep\n|turn|5\n|\n|t:|1700074100\n|switch|p2a: Titan|Jirachi|100\/100\n|move|p1a: Tapu Lele|Moonblast|p2a: Titan\n|-resisted|p2a: Titan\n|-damage|p2a: Titan|78\/100\n|\n|-heal|p2a: Titan|84\/100|[from] item: Leftovers\n|-damage|p1a: Tapu Lele|54\/100|[from] Salt Cure\n|upkeep\n|turn|6\n|\n|t:|1700074107\n|switch|p1a: Ferrothorn|Ferrothorn, F|100\/100\n|switch|p2a: Nando's|Moltres|86\/100\n|\n|upkeep\n|turn|7\n|\n|t:|1700074118\n|switch|p1a: Gliscor|Gliscor, M|100\/100 tox\n|move|p2a: Nando's|Flamethrower|p1a: Gliscor\n|-damage|p1a: Gliscor|70\/100 tox\n|\n|-heal|p1a: Gliscor|82\/100 tox|[from] ability: Poison Heal\n|upkeep\n|turn|8\n|\n|t:|1700074131\n|move|p1a: Gliscor|Knock Off|p2a: Nando's\n|-damage|p2a: Nando's|76\/100\n|move|p2a: Nando's|U-turn|p1a: Gliscor\n|-resisted|p1a: Gliscor\n|-damage|p1a: Gliscor|76\/100 tox\n|\n|t:|1700074137\n|switch|p2a: Furry Bait|Urshifu-Rapid-Strike, F|100\/100|[from] U-turn\n|\n|-heal|p1a: Gliscor|89\/100 tox|[from] ability: Poison Heal\n|-fieldend|move: Psychic Terrain\n|upkeep\n|turn|9\n|\n|t:|1700074150\n|-terastallize|p2a: Furry Bait|Fighting\n|-terastallize|p1a: Gliscor|Fairy\n|move|p2a: Furry Bait|Close Combat|p1a: Gliscor\n|-resisted|p1a: Gliscor\n|-damage|p1a: Gliscor|56\/100 tox\n|-unboost|p2a: Furry Bait|def|1\n|-unboost|p2a: Furry Bait|spd|1\n|move|p1a: Gliscor|Knock Off|p2a: Furry Bait\n|-resisted|p2a: Furry Bait\n|-damage|p2a: Furry Bait|84\/100\n|-enditem|p2a: Furry Bait|Choice Scarf|[from] move: Knock Off|[of] p1a: Gliscor\n|\n|-heal|p1a: Gliscor|68\/100 tox|[from] ability: Poison Heal\n|upkeep\n|turn|10\n|\n|t:|1700074163\n|move|p2a: Furry Bait|U-turn|p1a: Gliscor\n|-resisted|p1a: Gliscor\n|-damage|p1a: Gliscor|59\/100 tox\n|\n|t:|1700074167\n|switch|p2a: Pillar|Garganacl, M|87\/100|[from] U-turn\n|move|p1a: Gliscor|Earthquake|p2a: Pillar\n|-supereffective|p2a: Pillar\n|-damage|p2a: Pillar|50\/100\n|\n|-heal|p1a: Gliscor|71\/100 tox|[from] ability: Poison Heal\n|upkeep\n|turn|11\n|\n|t:|1700074179\n|switch|p1a: Tapu Lele|Tapu Lele|54\/100\n|-fieldstart|move: Psychic Terrain|[from] ability: Psychic Surge|[of] p1a: Tapu Lele\n|move|p2a: Pillar|Recover|p2a: Pillar\n|-heal|p2a: Pillar|99\/100\n|\n|upkeep\n|turn|12\n|\n|t:|1700074183\n|move|p1a: Tapu Lele|Focus Blast|p2a: Pillar\n|-supereffective|p2a: Pillar\n|-damage|p2a: Pillar|0 fnt\n|faint|p2a: Pillar\n|\n|upkeep\n|\n|t:|1700074187\n|switch|p2a: Herba|Meowscarada, M|100\/100\n|turn|13\n|\n|t:|1700074202\n|switch|p1a: Ferrothorn|Ferrothorn, F|100\/100\n|move|p2a: Herba|Knock Off|p1a: Ferrothorn\n|-start|p2a: Herba|typechange|Dark|[from] ability: Protean\n|-crit|p1a: Ferrothorn\n|-damage|p1a: Ferrothorn|33\/100\n|-damage|p2a: Herba|88\/100|[from] ability: Iron Barbs|[of] p1a: Ferrothorn\n|-enditem|p1a: Ferrothorn|Leftovers|[from] move: Knock Off|[of] p2a: Herba\n|\n|upkeep\n|turn|14\n|\n|t:|1700074216\n|switch|p2a: Aerodynamic|Garchomp, F|100\/100\n|move|p1a: Ferrothorn|Leech Seed|p2a: Aerodynamic\n|-start|p2a: Aerodynamic|move: Leech Seed\n|\n|-damage|p2a: Aerodynamic|88\/100|[from] Leech Seed|[of] p1a: Ferrothorn\n|-heal|p1a: Ferrothorn|48\/100|[silent]\n|upkeep\n|turn|15\n|\n|t:|1700074223\n|switch|p1a: Gliscor|Gliscor, M, tera:Fairy|71\/100 tox\n|detailschange|p2a: Aerodynamic|Garchomp-Mega, F\n|-mega|p2a: Aerodynamic|Garchomp|Garchompite\n|move|p2a: Aerodynamic|Flamethrower|p1a: Gliscor\n|-damage|p1a: Gliscor|50\/100 tox\n|\n|-damage|p2a: Aerodynamic|76\/100|[from] Leech Seed|[of] p1a: Gliscor\n|-heal|p1a: Gliscor|65\/100 tox|[silent]\n|-heal|p1a: Gliscor|77\/100 tox|[from] ability: Poison Heal\n|-fieldend|move: Psychic Terrain\n|upkeep\n|turn|16\n|\n|t:|1700074233\n|move|p1a: Gliscor|Earthquake|p2a: Aerodynamic\n|-damage|p2a: Aerodynamic|53\/100\n|move|p2a: Aerodynamic|Stealth Rock|p1a: Gliscor\n|-sidestart|p1: godpartikle|move: Stealth Rock\n|\n|-damage|p2a: Aerodynamic|40\/100|[from] Leech Seed|[of] p1a: Gliscor\n|-heal|p1a: Gliscor|92\/100 tox|[silent]\n|-heal|p1a: Gliscor|100\/100 tox|[from] ability: Poison Heal\n|upkeep\n|turn|17\n|\n|t:|1700074240\n|switch|p2a: Nando's|Moltres|76\/100\n|move|p1a: Gliscor|Defog|p2a: Nando's\n|-unboost|p2a: Nando's|evasion|1\n|-sideend|p1: godpartikle|Stealth Rock|[from] move: Defog|[of] p1a: Gliscor\n|\n|upkeep\n|turn|18\n|\n|t:|1700074246\n|switch|p1a: Heatran|Heatran, M|100\/100\n|move|p2a: Nando's|U-turn|p1a: Heatran\n|-resisted|p1a: Heatran\n|-crit|p1a: Heatran\n|-damage|p1a: Heatran|96\/100\n|\n|t:|1700074249\n|switch|p2a: Furry Bait|Urshifu-Rapid-Strike, F, tera:Fighting|84\/100|[from] U-turn\n|\n|-heal|p1a: Heatran|100\/100|[from] item: Leftovers\n|upkeep\n|turn|19\n|inactive|Battle timer is ON: inactive players will automatically lose when time's up. (requested by Plutonium PT)\n|inactive|godpartikle has 120 seconds left.\n|\n|t:|1700074349\n|switch|p1a: Ferrothorn|Ferrothorn, F|48\/100\n|move|p2a: Furry Bait|Surging Strikes|p1a: Ferrothorn\n|-resisted|p1a: Ferrothorn\n|-crit|p1a: Ferrothorn\n|-damage|p1a: Ferrothorn|41\/100\n|-damage|p2a: Furry Bait|72\/100|[from] ability: Iron Barbs|[of] p1a: Ferrothorn\n|-resisted|p1a: Ferrothorn\n|-crit|p1a: Ferrothorn\n|-damage|p1a: Ferrothorn|34\/100\n|-damage|p2a: Furry Bait|60\/100|[from] ability: Iron Barbs|[of] p1a: Ferrothorn\n|-resisted|p1a: Ferrothorn\n|-crit|p1a: Ferrothorn\n|-damage|p1a: Ferrothorn|27\/100\n|-damage|p2a: Furry Bait|47\/100|[from] ability: Iron Barbs|[of] p1a: Ferrothorn\n|-hitcount|p1a: Ferrothorn|3\n|\n|upkeep\n|turn|20\n|\n|t:|1700074365\n|switch|p1a: Gliscor|Gliscor, M, tera:Fairy|100\/100 tox\n|move|p2a: Furry Bait|Surging Strikes|p1a: Gliscor\n|-crit|p1a: Gliscor\n|-damage|p1a: Gliscor|85\/100 tox\n|-crit|p1a: Gliscor\n|-damage|p1a: Gliscor|69\/100 tox\n|-crit|p1a: Gliscor\n|-damage|p1a: Gliscor|52\/100 tox\n|-hitcount|p1a: Gliscor|3\n|\n|-heal|p1a: Gliscor|65\/100 tox|[from] ability: Poison Heal\n|upkeep\n|turn|21\n|\n|t:|1700074379\n|move|p2a: Furry Bait|U-turn|p1a: Gliscor\n|-resisted|p1a: Gliscor\n|-damage|p1a: Gliscor|55\/100 tox\n|\n|t:|1700074385\n|switch|p2a: Nando's|Moltres|76\/100|[from] U-turn\n|move|p1a: Gliscor|Earthquake|p2a: Nando's\n|-immune|p2a: Nando's\n|\n|-heal|p1a: Gliscor|67\/100 tox|[from] ability: Poison Heal\n|upkeep\n|turn|22\n|\n|t:|1700074392\n|move|p1a: Gliscor|Knock Off|p2a: Nando's\n|-damage|p2a: Nando's|66\/100\n|move|p2a: Nando's|U-turn|p1a: Gliscor\n|-resisted|p1a: Gliscor\n|-damage|p1a: Gliscor|62\/100 tox\n|\n|t:|1700074397\n|switch|p2a: Herba|Meowscarada, M|88\/100|[from] U-turn\n|\n|-heal|p1a: Gliscor|74\/100 tox|[from] ability: Poison Heal\n|upkeep\n|turn|23\n|\n|t:|1700074415\n|move|p2a: Herba|Flower Trick|p1a: Gliscor\n|-start|p2a: Herba|typechange|Grass|[from] ability: Protean\n|-crit|p1a: Gliscor\n|-damage|p1a: Gliscor|20\/100 tox\n|move|p1a: Gliscor|Knock Off|p2a: Herba\n|-damage|p2a: Herba|56\/100\n|-enditem|p2a: Herba|Choice Band|[from] move: Knock Off|[of] p1a: Gliscor\n|\n|-heal|p1a: Gliscor|33\/100 tox|[from] ability: Poison Heal\n|upkeep\n|turn|24\n|\n|t:|1700074429\n|switch|p1a: Ferrothorn|Ferrothorn, F|27\/100\n|move|p2a: Herba|Flower Trick|p1a: Ferrothorn\n|-resisted|p1a: Ferrothorn\n|-crit|p1a: Ferrothorn\n|-damage|p1a: Ferrothorn|19\/100\n|\n|upkeep\n|turn|25\n|\n|t:|1700074440\n|switch|p1a: Tapu Koko|Tapu Koko|100\/100\n|-fieldstart|move: Electric Terrain|[from] ability: Electric Surge|[of] p1a: Tapu Koko\n|move|p2a: Herba|Knock Off|p1a: Tapu Koko\n|-resisted|p1a: Tapu Koko\n|-damage|p1a: Tapu Koko|81\/100\n|-enditem|p1a: Tapu Koko|Heavy-Duty Boots|[from] move: Knock Off|[of] p2a: Herba\n|\n|upkeep\n|turn|26\n|\n|t:|1700074451\n|switch|p2a: Aerodynamic|Garchomp-Mega, F|40\/100\n|move|p1a: Tapu Koko|U-turn|p2a: Aerodynamic\n|-damage|p2a: Aerodynamic|29\/100\n|\n|t:|1700074454\n|switch|p1a: Gliscor|Gliscor, M, tera:Fairy|33\/100 tox|[from] U-turn\n|\n|-heal|p1a: Gliscor|45\/100 tox|[from] ability: Poison Heal\n|upkeep\n|turn|27\n|\n|t:|1700074468\n|switch|p1a: Ferrothorn|Ferrothorn, F|19\/100\n|move|p2a: Aerodynamic|Stealth Rock|p1a: Ferrothorn\n|-sidestart|p1: godpartikle|move: Stealth Rock\n|\n|upkeep\n|turn|28\n|\n|t:|1700074473\n|move|p2a: Aerodynamic|Flamethrower|p1a: Ferrothorn\n|-supereffective|p1a: Ferrothorn\n|-damage|p1a: Ferrothorn|0 fnt\n|faint|p1a: Ferrothorn\n|\n|upkeep\n|\n|t:|1700074489\n|switch|p1a: Tapu Koko|Tapu Koko|81\/100\n|-damage|p1a: Tapu Koko|68\/100|[from] Stealth Rock\n|turn|29\n|\n|t:|1700074492\n|switch|p2a: Titan|Jirachi|84\/100\n|move|p1a: Tapu Koko|Hidden Power|p2a: Titan\n|-resisted|p2a: Titan\n|-damage|p2a: Titan|80\/100\n|\n|-heal|p2a: Titan|86\/100|[from] item: Leftovers\n|-fieldend|move: Electric Terrain\n|upkeep\n|turn|30\n|\n|t:|1700074496\n|move|p1a: Tapu Koko|U-turn|p2a: Titan\n|-damage|p2a: Titan|73\/100\n|\n|t:|1700074498\n|switch|p1a: Gliscor|Gliscor, M, tera:Fairy|45\/100 tox|[from] U-turn\n|-damage|p1a: Gliscor|33\/100 tox|[from] Stealth Rock\n|move|p2a: Titan|Wish|p2a: Titan\n|\n|-heal|p2a: Titan|79\/100|[from] item: Leftovers\n|-heal|p1a: Gliscor|45\/100 tox|[from] ability: Poison Heal\n|upkeep\n|turn|31\n|\n|t:|1700074511\n|switch|p1a: Heatran|Heatran, M|100\/100\n|-damage|p1a: Heatran|88\/100|[from] Stealth Rock\n|move|p2a: Titan|Iron Head|p1a: Heatran\n|-resisted|p1a: Heatran\n|-damage|p1a: Heatran|83\/100\n|\n|-heal|p2a: Titan|100\/100|[from] move: Wish|[wisher] Titan\n|-heal|p1a: Heatran|89\/100|[from] item: Leftovers\n|upkeep\n|turn|32\n|\n|t:|1700074519\n|move|p2a: Titan|Wish|p2a: Titan\n|move|p1a: Heatran|Toxic|p2a: Titan\n|-immune|p2a: Titan\n|\n|-heal|p1a: Heatran|95\/100|[from] item: Leftovers\n|upkeep\n|turn|33\n|\n|t:|1700074526\n|move|p2a: Titan|U-turn|p1a: Heatran\n|-resisted|p1a: Heatran\n|-damage|p1a: Heatran|92\/100\n|\n|t:|1700074541\n|switch|p2a: Aerodynamic|Garchomp-Mega, F|29\/100|[from] U-turn\n|move|p1a: Heatran|Magma Storm|p2a: Aerodynamic\n|-resisted|p2a: Aerodynamic\n|-damage|p2a: Aerodynamic|16\/100\n|-activate|p2a: Aerodynamic|move: Magma Storm|[of] p1a: Heatran\n|\n|-heal|p2a: Aerodynamic|64\/100|[from] move: Wish|[wisher] Titan\n|-heal|p1a: Heatran|98\/100|[from] item: Leftovers\n|-damage|p2a: Aerodynamic|52\/100|[from] move: Magma Storm|[partiallytrapped]\n|upkeep\n|turn|34\n|inactive|godpartikle has 120 seconds left.\n|inactive|godpartikle has 90 seconds left.\n|\n|t:|1700074612\n|switch|p1a: Maushold|Maushold|100\/100\n|-damage|p1a: Maushold|88\/100|[from] Stealth Rock\n|move|p2a: Aerodynamic|Earthquake|p1a: Maushold\n|-damage|p1a: Maushold|4\/100\n|\n|-end|p2a: Aerodynamic|Magma Storm|[partiallytrapped]|[silent]\n|upkeep\n|turn|35\n|\n|t:|1700074620\n|switch|p2a: Nando's|Moltres|66\/100\n|move|p1a: Maushold|Tidy Up|p1a: Maushold\n|-sideend|p1: godpartikle|Stealth Rock\n|-activate|p1a: Maushold|move: Tidy Up\n|-boost|p1a: Maushold|atk|1\n|-boost|p1a: Maushold|spe|1\n|\n|upkeep\n|turn|36\n|inactive|godpartikle has 90 seconds left.\n|\n|t:|1700074632\n|move|p1a: Maushold|Population Bomb|p2a: Nando's\n|-damage|p2a: Nando's|56\/100\n|-status|p1a: Maushold|brn|[from] ability: Flame Body|[of] p2a: Nando's\n|-damage|p2a: Nando's|50\/100\n|-damage|p2a: Nando's|45\/100\n|-damage|p2a: Nando's|40\/100\n|-damage|p2a: Nando's|34\/100\n|-crit|p2a: Nando's\n|-damage|p2a: Nando's|26\/100\n|-damage|p2a: Nando's|20\/100\n|-damage|p2a: Nando's|14\/100\n|-damage|p2a: Nando's|8\/100\n|-damage|p2a: Nando's|3\/100\n|-hitcount|p2a: Nando's|10\n|move|p2a: Nando's|U-turn|p1a: Maushold\n|-damage|p1a: Maushold|0 fnt\n|faint|p1a: Maushold\n|\n|t:|1700074653\n|switch|p2a: Herba|Meowscarada, M|56\/100|[from] U-turn\n|\n|upkeep\n|inactive|godpartikle has 90 seconds left.\n|\n|t:|1700074662\n|switch|p1a: Tapu Koko|Tapu Koko|68\/100\n|-fieldstart|move: Electric Terrain|[from] ability: Electric Surge|[of] p1a: Tapu Koko\n|turn|37\n|\n|t:|1700074674\n|switch|p2a: Nando's|Moltres|3\/100\n|move|p1a: Tapu Koko|U-turn|p2a: Nando's\n|-resisted|p2a: Nando's\n|-damage|p2a: Nando's|0 fnt\n|faint|p2a: Nando's\n|\n|t:|1700074679\n|switch|p1a: Gliscor|Gliscor, M, tera:Fairy|45\/100 tox|[from] U-turn\n|\n|-heal|p1a: Gliscor|58\/100 tox|[from] ability: Poison Heal\n|upkeep\n|\n|t:|1700074683\n|switch|p2a: Titan|Jirachi|100\/100\n|turn|38\n|\n|t:|1700074690\n|move|p2a: Titan|Wish|p2a: Titan\n|move|p1a: Gliscor|Knock Off|p2a: Titan\n|-supereffective|p2a: Titan\n|-damage|p2a: Titan|63\/100\n|-enditem|p2a: Titan|Leftovers|[from] move: Knock Off|[of] p1a: Gliscor\n|\n|-heal|p1a: Gliscor|70\/100 tox|[from] ability: Poison Heal\n|upkeep\n|turn|39\n|\n|t:|1700074700\n|switch|p1a: Heatran|Heatran, M|98\/100\n|move|p2a: Titan|Iron Head|p1a: Heatran\n|-resisted|p1a: Heatran\n|-damage|p1a: Heatran|93\/100\n|\n|-heal|p2a: Titan|100\/100|[from] move: Wish|[wisher] Titan\n|-heal|p1a: Heatran|99\/100|[from] item: Leftovers\n|upkeep\n|turn|40\n|inactive|Plutonium PT has 120 seconds left.\n|\n|t:|1700074736\n|move|p2a: Titan|Wish|p2a: Titan\n|move|p1a: Heatran|Magma Storm|p2a: Titan\n|-supereffective|p2a: Titan\n|-damage|p2a: Titan|44\/100\n|-activate|p2a: Titan|move: Magma Storm|[of] p1a: Heatran\n|\n|-heal|p1a: Heatran|100\/100|[from] item: Leftovers\n|-damage|p2a: Titan|32\/100|[from] move: Magma Storm|[partiallytrapped]\n|upkeep\n|turn|41\n|inactive|godpartikle has 120 seconds left.\n|inactive|godpartikle has 90 seconds left.\n|\n|t:|1700074788\n|move|p2a: Titan|U-turn|p1a: Heatran\n|-resisted|p1a: Heatran\n|-crit|p1a: Heatran\n|-damage|p1a: Heatran|95\/100\n|\n|t:|1700074791\n|switch|p2a: Aerodynamic|Garchomp-Mega, F|52\/100|[from] U-turn\n|move|p1a: Heatran|Toxic|p2a: Aerodynamic\n|-status|p2a: Aerodynamic|tox\n|\n|-heal|p2a: Aerodynamic|99\/100 tox|[from] move: Wish|[wisher] Titan\n|-heal|p1a: Heatran|100\/100|[from] item: Leftovers\n|-damage|p2a: Aerodynamic|94\/100 tox|[from] psn\n|-fieldend|move: Electric Terrain\n|upkeep\n|turn|42\n|c|\u2606Plutonium PT|dude\n|c|\u2606Plutonium PT|just play\n|inactive|godpartikle has 60 seconds left.\n|c|\u2606Plutonium PT|why r u taking so long\n|\n|t:|1700074828\n|switch|p1a: Tapu Lele|Tapu Lele|54\/100\n|-fieldstart|move: Psychic Terrain|[from] ability: Psychic Surge|[of] p1a: Tapu Lele\n|switch|p2a: Titan|Jirachi|32\/100\n|\n|upkeep\n|turn|43\n|inactive|godpartikle has 60 seconds left.\n|\n|t:|1700074837\n|move|p1a: Tapu Lele|Psychic|p2a: Titan\n|-resisted|p2a: Titan\n|-damage|p2a: Titan|17\/100\n|move|p2a: Titan|Wish|p2a: Titan\n|\n|upkeep\n|turn|44\n|\n|t:|1700074845\n|move|p1a: Tapu Lele|Psychic|p2a: Titan\n|-resisted|p2a: Titan\n|-damage|p2a: Titan|2\/100\n|move|p2a: Titan|Iron Head|p1a: Tapu Lele\n|-supereffective|p1a: Tapu Lele\n|-damage|p1a: Tapu Lele|0 fnt\n|faint|p1a: Tapu Lele\n|\n|-heal|p2a: Titan|52\/100|[from] move: Wish|[wisher] Titan\n|upkeep\n|\n|t:|1700074851\n|switch|p1a: Heatran|Heatran, M|100\/100\n|turn|45\n|\n|t:|1700074855\n|move|p2a: Titan|U-turn|p1a: Heatran\n|-resisted|p1a: Heatran\n|-damage|p1a: Heatran|97\/100\n|\n|t:|1700074858\n|switch|p2a: Aerodynamic|Garchomp-Mega, F|94\/100 tox|[from] U-turn\n|move|p1a: Heatran|Magma Storm|p2a: Aerodynamic|[miss]\n|-miss|p1a: Heatran|p2a: Aerodynamic\n|\n|-heal|p1a: Heatran|100\/100|[from] item: Leftovers\n|-damage|p2a: Aerodynamic|88\/100 tox|[from] psn\n|upkeep\n|turn|46\n|\n|t:|1700074863\n|switch|p1a: Gliscor|Gliscor, M, tera:Fairy|70\/100 tox\n|move|p2a: Aerodynamic|Earthquake|p1a: Gliscor\n|-damage|p1a: Gliscor|28\/100 tox\n|\n|-heal|p1a: Gliscor|41\/100 tox|[from] ability: Poison Heal\n|-damage|p2a: Aerodynamic|75\/100 tox|[from] psn\n|-fieldend|move: Psychic Terrain\n|upkeep\n|turn|47\n|inactive|godpartikle has 90 seconds left.\n|\n|t:|1700074875\n|switch|p1a: Heatran|Heatran, M|100\/100\n|move|p2a: Aerodynamic|Earthquake|p1a: Heatran\n|-supereffective|p1a: Heatran\n|-damage|p1a: Heatran|0 fnt\n|faint|p1a: Heatran\n|\n|-damage|p2a: Aerodynamic|57\/100 tox|[from] psn\n|upkeep\n|\n|t:|1700074877\n|switch|p1a: Tapu Koko|Tapu Koko|68\/100\n|-fieldstart|move: Electric Terrain|[from] ability: Electric Surge|[of] p1a: Tapu Koko\n|turn|48\n|\n|t:|1700074882\n|move|p1a: Tapu Koko|Hidden Power|p2a: Aerodynamic\n|-supereffective|p2a: Aerodynamic\n|-damage|p2a: Aerodynamic|13\/100 tox\n|move|p2a: Aerodynamic|Earthquake|p1a: Tapu Koko\n|-supereffective|p1a: Tapu Koko\n|-damage|p1a: Tapu Koko|0 fnt\n|faint|p1a: Tapu Koko\n|\n|-damage|p2a: Aerodynamic|0 fnt|[from] psn\n|faint|p2a: Aerodynamic\n|upkeep\n|\n|t:|1700074888\n|switch|p1a: Gliscor|Gliscor, M, tera:Fairy|41\/100 tox\n|switch|p2a: Titan|Jirachi|52\/100\n|turn|49\n|\n|t:|1700074893\n|move|p2a: Titan|Iron Head|p1a: Gliscor\n|-supereffective|p1a: Gliscor\n|-damage|p1a: Gliscor|0 fnt\n|faint|p1a: Gliscor\n|\n|win|Plutonium PT\n|raw|godpartikle's rating: 1425 &rarr; <strong>1410<\/strong><br \/>(-15 for losing)\n|raw|Plutonium PT's rating: 1515 &rarr; <strong>1530<\/strong><br \/>(+15 for winning)\n|l|\u2606godpartikle\n","uploadtime":1700074897,"views":5,"p1id":"godpartikle","p2id":"plutoniumpt","formatid":"gen9nationaldex","rating":1410,"private":0,"password":""}