{"id":"gen9nationaldex-1988275567","p1":"erdengbingwsh","p2":"zhuxianjiazhang","format":"[Gen 9] National Dex","log":"|j|\u2606erdengbingwsh\n|j|\u2606zhuxianjiazhang\n|t:|1699699769\n|gametype|singles\n|player|p1|erdengbingwsh|iono|\n|player|p2|zhuxianjiazhang|1|\n|teamsize|p1|6\n|teamsize|p2|6\n|gen|9\n|tier|[Gen 9] National Dex\n|rule|HP Percentage Mod: HP is shown in percentages\n|rule|Endless Battle Clause: Forcing endless battles is banned\n|rule|OHKO Clause: OHKO moves are banned\n|rule|Evasion Clause: Evasion abilities, items, and moves are banned\n|rule|Evasion Abilities Clause: Evasion abilities are banned\n|rule|Evasion Items Clause: Evasion items are banned\n|rule|Evasion Moves Clause: Evasion moves are banned\n|rule|Species Clause: Limit one of each Pok\u00e9mon\n|rule|Sleep Clause Mod: Limit one foe put to sleep\n|clearpoke\n|poke|p1|Brambleghast, M|\n|poke|p1|Tornadus, M|\n|poke|p1|Hoopa-Unbound|\n|poke|p1|Great Tusk|\n|poke|p1|Tapu Lele|\n|poke|p1|Murkrow, M|\n|poke|p2|Landorus-Therian, M|\n|poke|p2|Tapu Lele|\n|poke|p2|Heatran, F|\n|poke|p2|Medicham, M|\n|poke|p2|Kartana|\n|poke|p2|Celesteela|\n|teampreview\n|inactive|Battle timer is ON: inactive players will automatically lose when time's up. (requested by erdengbingwsh)\n|inactive|erdengbingwsh has 270 seconds left.\n|inactive|erdengbingwsh has 240 seconds left.\n|inactive|erdengbingwsh has 210 seconds left.\n|\n|t:|1699699860\n|start\n|switch|p1a: Tornadus|Tornadus, M|100\/100\n|switch|p2a: Medicham|Medicham, M|100\/100\n|turn|1\n|\n|t:|1699699867\n|switch|p1a: Tapu Lele|Tapu Lele, shiny|100\/100\n|-fieldstart|move: Psychic Terrain|[from] ability: Psychic Surge|[of] p1a: Tapu Lele\n|detailschange|p2a: Medicham|Medicham-Mega, M\n|-mega|p2a: Medicham|Medicham|Medichamite\n|move|p2a: Medicham|Ice Punch|p1a: Tapu Lele\n|-damage|p1a: Tapu Lele|30\/100\n|\n|upkeep\n|turn|2\n|inactive|erdengbingwsh has 270 seconds left.\n|\n|t:|1699699891\n|move|p2a: Medicham|Ice Punch|p1a: Tapu Lele\n|-damage|p1a: Tapu Lele|0 fnt\n|faint|p1a: Tapu Lele\n|\n|upkeep\n|\n|t:|1699699897\n|switch|p1a: Tornadus|Tornadus, M|100\/100\n|turn|3\n|\n|t:|1699699899\n|move|p1a: Tornadus|Tailwind|p1a: Tornadus\n|-sidestart|p1: erdengbingwsh|move: Tailwind\n|move|p2a: Medicham|Ice Punch|p1a: Tornadus\n|-supereffective|p1a: Tornadus\n|-damage|p1a: Tornadus|0 fnt\n|faint|p1a: Tornadus\n|\n|upkeep\n|\n|t:|1699699908\n|switch|p1a: Brambleghast|Brambleghast, M, shiny|100\/100\n|-ability|p1a: Brambleghast|Wind Rider|boost\n|-boost|p1a: Brambleghast|atk|1\n|turn|4\n|\n|t:|1699699914\n|-terastallize|p1a: Brambleghast|Ghost\n|move|p1a: Brambleghast|Poltergeist|p2a: Medicham\n|-activate|p2a: Medicham|move: Poltergeist|Medichamite\n|-supereffective|p2a: Medicham\n|-damage|p2a: Medicham|0 fnt\n|faint|p2a: Medicham\n|-damage|p1a: Brambleghast|91\/100|[from] item: Life Orb\n|\n|upkeep\n|\n|t:|1699699923\n|switch|p2a: Tapu Lele|Tapu Lele|100\/100\n|turn|5\n|\n|t:|1699699928\n|move|p1a: Brambleghast|Poltergeist|p2a: Tapu Lele\n|-activate|p2a: Tapu Lele|move: Poltergeist|Choice Scarf\n|-supereffective|p2a: Tapu Lele\n|-damage|p2a: Tapu Lele|0 fnt\n|faint|p2a: Tapu Lele\n|-damage|p1a: Brambleghast|81\/100|[from] item: Life Orb\n|\n|-fieldend|move: Psychic Terrain\n|upkeep\n|\n|t:|1699699941\n|switch|p2a: Heatran|Heatran, F|100\/100\n|turn|6\n|\n|t:|1699699946\n|move|p1a: Brambleghast|Poltergeist|p2a: Heatran|[miss]\n|-miss|p1a: Brambleghast|p2a: Heatran\n|move|p2a: Heatran|Earth Power|p1a: Brambleghast\n|-damage|p1a: Brambleghast|32\/100\n|\n|-sideend|p1: erdengbingwsh|move: Tailwind\n|upkeep\n|turn|7\n|\n|t:|1699699951\n|move|p1a: Brambleghast|Poltergeist|p2a: Heatran\n|-activate|p2a: Heatran|move: Poltergeist|Leftovers\n|-damage|p2a: Heatran|0 fnt\n|faint|p2a: Heatran\n|-damage|p1a: Brambleghast|22\/100|[from] item: Life Orb\n|\n|upkeep\n|\n|t:|1699699961\n|switch|p2a: Kartana|Kartana|100\/100\n|turn|8\n|\n|t:|1699699968\n|switch|p1a: Murkrow|Murkrow, M, shiny|100\/100\n|move|p2a: Kartana|Leaf Blade|p1a: Murkrow\n|-resisted|p1a: Murkrow\n|-damage|p1a: Murkrow|56\/100\n|\n|upkeep\n|turn|9\n|\n|t:|1699699971\n|-terastallize|p2a: Kartana|Grass\n|move|p1a: Murkrow|Tailwind|p1a: Murkrow\n|-sidestart|p1: erdengbingwsh|move: Tailwind\n|move|p2a: Kartana|Leaf Blade|p1a: Murkrow\n|-resisted|p1a: Murkrow\n|-damage|p1a: Murkrow|0 fnt\n|faint|p1a: Murkrow\n|-ability|p2a: Kartana|Beast Boost|boost\n|-boost|p2a: Kartana|atk|1\n|\n|upkeep\n|\n|t:|1699699978\n|switch|p1a: Brambleghast|Brambleghast, M, shiny, tera:Ghost|22\/100\n|-ability|p1a: Brambleghast|Wind Rider|boost\n|-boost|p1a: Brambleghast|atk|1\n|turn|10\n|\n|t:|1699699988\n|switch|p2a: Landorus|Landorus-Therian, M|100\/100\n|-ability|p2a: Landorus|Intimidate|boost\n|-unboost|p1a: Brambleghast|atk|1\n|move|p1a: Brambleghast|Poltergeist|p2a: Landorus\n|-activate|p2a: Landorus|move: Poltergeist|Rocky Helmet\n|-damage|p2a: Landorus|35\/100\n|-damage|p1a: Brambleghast|12\/100|[from] item: Life Orb\n|\n|upkeep\n|turn|11\n|\n|t:|1699699998\n|move|p1a: Brambleghast|Poltergeist|p2a: Landorus\n|-activate|p2a: Landorus|move: Poltergeist|Rocky Helmet\n|-damage|p2a: Landorus|0 fnt\n|faint|p2a: Landorus\n|-damage|p1a: Brambleghast|2\/100|[from] item: Life Orb\n|\n|upkeep\n|\n|t:|1699700002\n|switch|p2a: Celesteela|Celesteela|100\/100\n|turn|12\n|\n|t:|1699700005\n|move|p1a: Brambleghast|Poltergeist|p2a: Celesteela\n|-activate|p2a: Celesteela|move: Poltergeist|Power Herb\n|-damage|p2a: Celesteela|0 fnt\n|faint|p2a: Celesteela\n|-damage|p1a: Brambleghast|0 fnt|[from] item: Life Orb\n|faint|p1a: Brambleghast\n|\n|-sideend|p1: erdengbingwsh|move: Tailwind\n|upkeep\n|\n|t:|1699700011\n|switch|p1a: Great Tusk|Great Tusk|100\/100\n|switch|p2a: Kartana|Kartana, tera:Grass|100\/100\n|turn|13\n|\n|t:|1699700014\n|move|p2a: Kartana|Leaf Blade|p1a: Great Tusk\n|-supereffective|p1a: Great Tusk\n|-damage|p1a: Great Tusk|16\/100\n|-zpower|p1a: Great Tusk\n|move|p1a: Great Tusk|Subzero Slammer|p2a: Kartana|[zeffect]\n|-supereffective|p2a: Kartana\n|-damage|p2a: Kartana|1\/100\n|\n|upkeep\n|turn|14\n|\n|t:|1699700022\n|move|p2a: Kartana|Leaf Blade|p1a: Great Tusk\n|-supereffective|p1a: Great Tusk\n|-crit|p1a: Great Tusk\n|-damage|p1a: Great Tusk|0 fnt\n|faint|p1a: Great Tusk\n|-end|p1a: Great Tusk|Protosynthesis|[silent]\n|-ability|p2a: Kartana|Beast Boost|boost\n|-boost|p2a: Kartana|atk|1\n|\n|upkeep\n|\n|t:|1699700025\n|switch|p1a: Hoopa|Hoopa-Unbound|100\/100\n|turn|15\n|\n|t:|1699700029\n|move|p2a: Kartana|Leaf Blade|p1a: Hoopa\n|-crit|p1a: Hoopa\n|-damage|p1a: Hoopa|0 fnt\n|faint|p1a: Hoopa\n|\n|win|zhuxianjiazhang\n","uploadtime":1699700035,"views":7,"p1id":"erdengbingwsh","p2id":"zhuxianjiazhang","formatid":"gen9nationaldex","rating":0,"private":0,"password":""}