{"id":"gen9nationaldex-1998279038","p1":"TeamYourNoobs","p2":"Bunnysai","format":"[Gen 9] National Dex","log":"|j|\u2606TeamYourNoobs\n|j|\u2606Bunnysai\n|inactive|Battle timer is ON: inactive players will automatically lose when time's up.\n|t:|1700923880\n|gametype|singles\n|player|p1|TeamYourNoobs|102|\n|player|p2|Bunnysai|brock|\n|teamsize|p1|6\n|teamsize|p2|6\n|gen|9\n|tier|[Gen 9] National Dex\n|rated|Tournament battle\n|rule|HP Percentage Mod: HP is shown in percentages\n|rule|Endless Battle Clause: Forcing endless battles is banned\n|rule|OHKO Clause: OHKO moves are banned\n|rule|Evasion Clause: Evasion abilities, items, and moves are banned\n|rule|Evasion Abilities Clause: Evasion abilities are banned\n|rule|Evasion Items Clause: Evasion items are banned\n|rule|Evasion Moves Clause: Evasion moves are banned\n|rule|Species Clause: Limit one of each Pok\u00e9mon\n|rule|Sleep Clause Mod: Limit one foe put to sleep\n|rule|No Switching: All Pok\u00e9mon are trapped\n|clearpoke\n|poke|p1|Garchomp, F|\n|poke|p1|Milotic, M|\n|poke|p1|Lucario, F|\n|poke|p1|Spiritomb, F|\n|poke|p1|Togekiss, F|\n|poke|p1|Roserade, M|\n|poke|p2|Mawile, M|\n|poke|p2|Tapu Lele|\n|poke|p2|Ogerpon-Wellspring, F|\n|poke|p2|Zamazenta-*|\n|poke|p2|Togekiss, M|\n|poke|p2|Weavile, F|\n|teampreview\n|j|*Lady Monita \u2746\n|inactive|TeamYourNoobs also wants the timer to be on.\n|inactive|Bunnysai also wants the timer to be on.\n|c|\u2606TeamYourNoobs|Glhf\n|\n|t:|1700923893\n|start\n|switch|p1a: Roserade|Roserade, M|100\/100\n|switch|p2a: Tapu Lele|Tapu Lele, shiny|100\/100\n|-fieldstart|move: Psychic Terrain|[from] ability: Psychic Surge|[of] p2a: Tapu Lele\n|turn|1\n|\n|t:|1700923902\n|-terastallize|p2a: Tapu Lele|Psychic\n|move|p2a: Tapu Lele|Psychic|p1a: Roserade\n|-supereffective|p1a: Roserade\n|-enditem|p1a: Roserade|Focus Sash\n|-damage|p1a: Roserade|1\/100\n|move|p1a: Roserade|Sludge Bomb|p2a: Tapu Lele\n|-damage|p2a: Tapu Lele|51\/100\n|\n|upkeep\n|turn|2\n|\n|t:|1700923916\n|move|p2a: Tapu Lele|Psychic|p1a: Roserade\n|-supereffective|p1a: Roserade\n|-damage|p1a: Roserade|0 fnt\n|faint|p1a: Roserade\n|\n|upkeep\n|\n|t:|1700923917\n|switch|p1a: Spiritomb|Spiritomb, F|100\/100\n|-ability|p1a: Spiritomb|Pressure\n|turn|3\n|\n|t:|1700923922\n|move|p2a: Tapu Lele|Psychic|p1a: Spiritomb\n|-immune|p1a: Spiritomb\n|move|p1a: Spiritomb|Poltergeist|p2a: Tapu Lele\n|-activate|p2a: Tapu Lele|move: Poltergeist|Choice Scarf\n|-supereffective|p2a: Tapu Lele\n|-damage|p2a: Tapu Lele|0 fnt\n|faint|p2a: Tapu Lele\n|\n|upkeep\n|\n|t:|1700923928\n|switch|p2a: Mawile|Mawile, M, shiny|100\/100\n|turn|4\n|\n|t:|1700923934\n|detailschange|p2a: Mawile|Mawile-Mega, M, shiny\n|-mega|p2a: Mawile|Mawile|Mawilite\n|move|p2a: Mawile|Play Rough|p1a: Spiritomb\n|-supereffective|p1a: Spiritomb\n|-damage|p1a: Spiritomb|0 fnt\n|faint|p1a: Spiritomb\n|\n|upkeep\n|\n|t:|1700923943\n|switch|p1a: Milotic|Milotic, M|100\/100\n|turn|5\n|\n|t:|1700923950\n|move|p1a: Milotic|Scald|p2a: Mawile\n|-damage|p2a: Mawile|63\/100\n|move|p2a: Mawile|Knock Off|p1a: Milotic\n|-damage|p1a: Milotic|50\/100\n|-enditem|p1a: Milotic|Leftovers|[from] move: Knock Off|[of] p2a: Mawile\n|\n|-fieldend|move: Psychic Terrain\n|upkeep\n|turn|6\n|\n|t:|1700923960\n|move|p1a: Milotic|Recover|p1a: Milotic\n|-heal|p1a: Milotic|100\/100\n|move|p2a: Mawile|Thunder Punch|p1a: Milotic\n|-supereffective|p1a: Milotic\n|-damage|p1a: Milotic|32\/100\n|\n|upkeep\n|turn|7\n|\n|t:|1700923967\n|move|p1a: Milotic|Scald|p2a: Mawile\n|-damage|p2a: Mawile|28\/100\n|move|p2a: Mawile|Thunder Punch|p1a: Milotic\n|-supereffective|p1a: Milotic\n|-damage|p1a: Milotic|0 fnt\n|faint|p1a: Milotic\n|\n|upkeep\n|\n|t:|1700923976\n|switch|p1a: Garchomp|Garchomp, F|100\/100\n|turn|8\n|\n|t:|1700923979\n|move|p1a: Garchomp|Earthquake|p2a: Mawile\n|-supereffective|p2a: Mawile\n|-damage|p2a: Mawile|0 fnt\n|faint|p2a: Mawile\n|\n|upkeep\n|\n|t:|1700923986\n|switch|p2a: Weavile|Weavile, F|100\/100\n|turn|9\n|\n|t:|1700923993\n|-terastallize|p1a: Garchomp|Fire\n|move|p2a: Weavile|Fake Out|p1a: Garchomp\n|-damage|p1a: Garchomp|86\/100\n|-damage|p2a: Weavile|88\/100|[from] ability: Rough Skin|[of] p1a: Garchomp\n|cant|p1a: Garchomp|flinch\n|\n|upkeep\n|turn|10\n|\n|t:|1700924005\n|move|p2a: Weavile|Knock Off|p1a: Garchomp\n|-damage|p1a: Garchomp|42\/100\n|-damage|p2a: Weavile|76\/100|[from] ability: Rough Skin|[of] p1a: Garchomp\n|-enditem|p1a: Garchomp|Loaded Dice|[from] move: Knock Off|[of] p2a: Weavile\n|move|p1a: Garchomp|Scale Shot|p2a: Weavile\n|-damage|p2a: Weavile|51\/100\n|-damage|p2a: Weavile|29\/100\n|-hitcount|p2a: Weavile|2\n|-unboost|p1a: Garchomp|def|1\n|-boost|p1a: Garchomp|spe|1\n|\n|upkeep\n|turn|11\n|\n|t:|1700924012\n|move|p2a: Weavile|Ice Shard|p1a: Garchomp\n|-resisted|p1a: Garchomp\n|-damage|p1a: Garchomp|27\/100\n|move|p1a: Garchomp|Tera Blast|p2a: Weavile|[anim] Tera Blast Fire\n|-supereffective|p2a: Weavile\n|-damage|p2a: Weavile|0 fnt\n|faint|p2a: Weavile\n|\n|upkeep\n|\n|t:|1700924019\n|switch|p2a: Zamazenta|Zamazenta, shiny|100\/100\n|-ability|p2a: Zamazenta|Dauntless Shield|boost\n|-boost|p2a: Zamazenta|def|1\n|turn|12\n|\n|t:|1700924023\n|move|p1a: Garchomp|Tera Blast|p2a: Zamazenta|[anim] Tera Blast Fire\n|-damage|p2a: Zamazenta|75\/100\n|move|p2a: Zamazenta|Crunch|p1a: Garchomp\n|-damage|p1a: Garchomp|0 fnt\n|-damage|p2a: Zamazenta|62\/100|[from] ability: Rough Skin|[of] p1a: Garchomp\n|faint|p1a: Garchomp\n|\n|upkeep\n|\n|t:|1700924027\n|switch|p1a: Togekiss|Togekiss, F|100\/100\n|turn|13\n|\n|t:|1700924031\n|move|p1a: Togekiss|Air Slash|p2a: Zamazenta\n|-supereffective|p2a: Zamazenta\n|-damage|p2a: Zamazenta|0 fnt\n|faint|p2a: Zamazenta\n|\n|upkeep\n|\n|t:|1700924036\n|switch|p2a: Togekiss|Togekiss, M|100\/100\n|turn|14\n|\n|t:|1700924039\n|move|p1a: Togekiss|Air Slash|p2a: Togekiss\n|-damage|p2a: Togekiss|72\/100\n|cant|p2a: Togekiss|flinch\n|\n|upkeep\n|turn|15\n|\n|t:|1700924042\n|move|p1a: Togekiss|Air Slash|p2a: Togekiss\n|-damage|p2a: Togekiss|40\/100\n|cant|p2a: Togekiss|flinch\n|\n|upkeep\n|turn|16\n|\n|t:|1700924046\n|move|p1a: Togekiss|Air Slash|p2a: Togekiss\n|-damage|p2a: Togekiss|12\/100\n|-enditem|p2a: Togekiss|Aguav Berry|[eat]\n|-heal|p2a: Togekiss|45\/100|[from] item: Aguav Berry\n|move|p2a: Togekiss|Thunder Wave|p1a: Togekiss\n|-status|p1a: Togekiss|par\n|\n|upkeep\n|turn|17\n|\n|t:|1700924050\n|move|p1a: Togekiss|Air Slash|p2a: Togekiss|[miss]\n|-miss|p1a: Togekiss|p2a: Togekiss\n|move|p2a: Togekiss|Air Slash|p1a: Togekiss\n|-damage|p1a: Togekiss|59\/100 par\n|\n|upkeep\n|turn|18\n|\n|t:|1700924052\n|move|p1a: Togekiss|Air Slash|p2a: Togekiss\n|-damage|p2a: Togekiss|17\/100\n|cant|p2a: Togekiss|flinch\n|\n|upkeep\n|turn|19\n|\n|t:|1700924056\n|cant|p1a: Togekiss|par\n|move|p2a: Togekiss|Rest|p2a: Togekiss\n|-status|p2a: Togekiss|slp|[from] move: Rest\n|-heal|p2a: Togekiss|100\/100 slp|[silent]\n|\n|upkeep\n|turn|20\n|\n|t:|1700924062\n|move|p1a: Togekiss|Air Slash|p2a: Togekiss\n|-damage|p2a: Togekiss|70\/100 slp\n|cant|p2a: Togekiss|slp\n|\n|upkeep\n|turn|21\n|\n|t:|1700924066\n|move|p1a: Togekiss|Air Slash|p2a: Togekiss\n|-damage|p2a: Togekiss|42\/100 slp\n|cant|p2a: Togekiss|slp\n|\n|upkeep\n|turn|22\n|\n|t:|1700924071\n|move|p1a: Togekiss|Air Slash|p2a: Togekiss\n|-damage|p2a: Togekiss|15\/100 slp\n|-curestatus|p2a: Togekiss|slp|[msg]\n|move|p2a: Togekiss|Air Slash|p1a: Togekiss\n|-damage|p1a: Togekiss|22\/100 par\n|\n|upkeep\n|turn|23\n|\n|t:|1700924075\n|move|p1a: Togekiss|Air Slash|p2a: Togekiss\n|-damage|p2a: Togekiss|0 fnt\n|faint|p2a: Togekiss\n|\n|upkeep\n|\n|t:|1700924079\n|switch|p2a: Ogerpon|Ogerpon-Wellspring, F|100\/100\n|turn|24\n|\n|t:|1700924082\n|move|p2a: Ogerpon|Ivy Cudgel|p1a: Togekiss|[anim] Ivy Cudgel Water\n|-damage|p1a: Togekiss|0 fnt\n|faint|p1a: Togekiss\n|\n|upkeep\n|\n|t:|1700924084\n|switch|p1a: Lucario|Lucario, F|100\/100\n|turn|25\n|\n|t:|1700924087\n|move|p2a: Ogerpon|Ivy Cudgel|p1a: Lucario|[anim] Ivy Cudgel Water\n|-damage|p1a: Lucario|9\/100\n|move|p1a: Lucario|Close Combat|p2a: Ogerpon\n|-damage|p2a: Ogerpon|21\/100\n|-unboost|p1a: Lucario|def|1\n|-unboost|p1a: Lucario|spd|1\n|\n|upkeep\n|turn|26\n|\n|t:|1700924093\n|move|p1a: Lucario|Extreme Speed|p2a: Ogerpon\n|-damage|p2a: Ogerpon|0 fnt\n|faint|p2a: Ogerpon\n|\n|win|TeamYourNoobs\n|n|\u2606TeamYourNoobs|teamyournoobs\n|n|\u2606Bunnysai|bunnysai\n|n|*Lady Monita \u2746|ladymonita\n","uploadtime":1700924094,"views":20,"p1id":"teamyournoobs","p2id":"bunnysai","formatid":"gen9nationaldex","rating":0,"private":0,"password":""}