{"id":"gen9nationaldex-1997277250","p1":"hugoo171","p2":"TheStroker","format":"[Gen 9] National Dex","log":"|html|<div class=\"broadcast-blue\"><strong>[Gen 9] National Dex is currently suspecting Sneasler! For information on how to participate check out the <a href=\"https:\/\/www.smogon.com\/forums\/threads\/sv-national-dex-suspect-8-just-dance.3731534\/\">suspect thread<\/a>.<\/strong><\/div>\n|j|\u2606hugoo171\n|j|\u2606TheStroker\n|t:|1700783658\n|gametype|singles\n|player|p1|hugoo171|ltsurge|1462\n|player|p2|TheStroker|janitor|1535\n|teamsize|p1|6\n|teamsize|p2|6\n|gen|9\n|tier|[Gen 9] National Dex\n|rated|\n|rule|HP Percentage Mod: HP is shown in percentages\n|rule|Endless Battle Clause: Forcing endless battles is banned\n|rule|OHKO Clause: OHKO moves are banned\n|rule|Evasion Clause: Evasion abilities, items, and moves are banned\n|rule|Evasion Abilities Clause: Evasion abilities are banned\n|rule|Evasion Items Clause: Evasion items are banned\n|rule|Evasion Moves Clause: Evasion moves are banned\n|rule|Species Clause: Limit one of each Pok\u00e9mon\n|rule|Sleep Clause Mod: Limit one foe put to sleep\n|clearpoke\n|poke|p1|Great Tusk|\n|poke|p1|Serperior, M|\n|poke|p1|Dragonite, F|\n|poke|p1|Tapu Koko|\n|poke|p1|Medicham, M|\n|poke|p1|Volcarona, F|\n|poke|p2|Blaziken, M|\n|poke|p2|Mew|\n|poke|p2|Kyurem|\n|poke|p2|Garganacl, M|\n|poke|p2|Kleavor, M|\n|poke|p2|Ribombee, M|\n|teampreview\n|inactive|Battle timer is ON: inactive players will automatically lose when time's up. (requested by hugoo171)\n|\n|t:|1700783678\n|start\n|switch|p1a: Tapu Koko|Tapu Koko|100\/100\n|switch|p2a: How|Ribombee, M|100\/100\n|-fieldstart|move: Electric Terrain|[from] ability: Electric Surge|[of] p1a: Tapu Koko\n|turn|1\n|j| mistahmerrikuu\n|\n|t:|1700783691\n|move|p1a: Tapu Koko|Light Screen|p1a: Tapu Koko\n|-sidestart|p1: hugoo171|move: Light Screen\n|move|p2a: How|Stun Spore|p1a: Tapu Koko|[miss]\n|-miss|p2a: How|p1a: Tapu Koko\n|\n|upkeep\n|turn|2\n|\n|t:|1700783700\n|move|p1a: Tapu Koko|Reflect|p1a: Tapu Koko\n|-sidestart|p1: hugoo171|Reflect\n|move|p2a: How|Sticky Web|p1a: Tapu Koko\n|-sidestart|p1: hugoo171|move: Sticky Web\n|\n|upkeep\n|turn|3\n|\n|t:|1700783712\n|move|p1a: Tapu Koko|U-turn|p2a: How\n|-resisted|p2a: How\n|-damage|p2a: How|77\/100\n|\n|t:|1700783715\n|switch|p1a: Serperior|Serperior, M|100\/100|[from] U-turn\n|-activate|p1a: Serperior|move: Sticky Web\n|-boost|p1a: Serperior|spe|1\n|move|p2a: How|Stun Spore|p1a: Serperior\n|-immune|p1a: Serperior\n|\n|upkeep\n|turn|4\n|\n|t:|1700783722\n|move|p1a: Serperior|Leaf Storm|p2a: How\n|-resisted|p2a: How\n|-damage|p2a: How|38\/100\n|-boost|p1a: Serperior|spa|2\n|move|p2a: How|Skill Swap|p1a: Serperior\n|-activate|p2a: How|move: Skill Swap|Contrary|Shield Dust|[of] p1a: Serperior\n|\n|upkeep\n|turn|5\n|\n|t:|1700783735\n|move|p1a: Serperior|Hidden Power|p2a: How\n|-supereffective|p2a: How\n|-damage|p2a: How|0 fnt\n|faint|p2a: How\n|\n|-fieldend|move: Electric Terrain\n|upkeep\n|\n|t:|1700783746\n|switch|p2a: Turkeyduckchicken|Blaziken, M|100\/100\n|turn|6\n|\n|t:|1700783752\n|switch|p1a: Tapu Koko|Tapu Koko|100\/100\n|-activate|p1a: Tapu Koko|move: Sticky Web\n|-unboost|p1a: Tapu Koko|spe|1\n|-fieldstart|move: Electric Terrain|[from] ability: Electric Surge|[of] p1a: Tapu Koko\n|move|p2a: Turkeyduckchicken|Swords Dance|p2a: Turkeyduckchicken\n|-boost|p2a: Turkeyduckchicken|atk|2\n|\n|-ability|p2a: Turkeyduckchicken|Speed Boost|boost\n|-boost|p2a: Turkeyduckchicken|spe|1\n|upkeep\n|turn|7\n|\n|t:|1700783763\n|move|p2a: Turkeyduckchicken|Protect|p2a: Turkeyduckchicken\n|-singleturn|p2a: Turkeyduckchicken|Protect\n|move|p1a: Tapu Koko|Spark|p2a: Turkeyduckchicken\n|-activate|p2a: Turkeyduckchicken|move: Protect\n|\n|-ability|p2a: Turkeyduckchicken|Speed Boost|boost\n|-boost|p2a: Turkeyduckchicken|spe|1\n|upkeep\n|turn|8\n|j| Zangoosefriend96\n|inactive|TheStroker has 120 seconds left.\n|\n|t:|1700783804\n|-zpower|p2a: Turkeyduckchicken\n|move|p2a: Turkeyduckchicken|Inferno Overdrive|p1a: Tapu Koko|[zeffect]\n|-damage|p1a: Tapu Koko|0 fnt\n|faint|p1a: Tapu Koko\n|\n|-sideend|p1: hugoo171|move: Light Screen\n|-ability|p2a: Turkeyduckchicken|Speed Boost|boost\n|-boost|p2a: Turkeyduckchicken|spe|1\n|upkeep\n|\n|t:|1700783814\n|switch|p1a: Dragonite|Dragonite, F|100\/100\n|turn|9\n|inactive|TheStroker has 120 seconds left.\n|\n|t:|1700783825\n|move|p2a: Turkeyduckchicken|Flare Blitz|p1a: Dragonite\n|-resisted|p1a: Dragonite\n|-damage|p1a: Dragonite|83\/100\n|-damage|p2a: Turkeyduckchicken|95\/100|[from] Recoil\n|move|p1a: Dragonite|Dragon Dance|p1a: Dragonite\n|-boost|p1a: Dragonite|atk|1\n|-boost|p1a: Dragonite|spe|1\n|\n|-sideend|p1: hugoo171|Reflect\n|-ability|p2a: Turkeyduckchicken|Speed Boost|boost\n|-boost|p2a: Turkeyduckchicken|spe|1\n|upkeep\n|turn|10\n|inactive|TheStroker has 120 seconds left.\n|\n|t:|1700783835\n|move|p2a: Turkeyduckchicken|Flare Blitz|p1a: Dragonite\n|-resisted|p1a: Dragonite\n|-damage|p1a: Dragonite|19\/100\n|-damage|p2a: Turkeyduckchicken|72\/100|[from] Recoil\n|move|p1a: Dragonite|Dragon Dance|p1a: Dragonite\n|-boost|p1a: Dragonite|atk|1\n|-boost|p1a: Dragonite|spe|1\n|\n|-fieldend|move: Electric Terrain\n|-ability|p2a: Turkeyduckchicken|Speed Boost|boost\n|-boost|p2a: Turkeyduckchicken|spe|1\n|upkeep\n|turn|11\n|j| kung fu pokechu\n|inactive|TheStroker has 120 seconds left.\n|\n|t:|1700783858\n|-terastallize|p1a: Dragonite|Normal\n|move|p2a: Turkeyduckchicken|Protect|p2a: Turkeyduckchicken\n|-singleturn|p2a: Turkeyduckchicken|Protect\n|move|p1a: Dragonite|Extreme Speed|p2a: Turkeyduckchicken\n|-activate|p2a: Turkeyduckchicken|move: Protect\n|\n|-ability|p2a: Turkeyduckchicken|Speed Boost|boost\n|-boost|p2a: Turkeyduckchicken|spe|1\n|upkeep\n|turn|12\n|\n|t:|1700783879\n|move|p2a: Turkeyduckchicken|Protect|p2a: Turkeyduckchicken\n|-singleturn|p2a: Turkeyduckchicken|Protect\n|move|p1a: Dragonite|Extreme Speed|p2a: Turkeyduckchicken\n|-activate|p2a: Turkeyduckchicken|move: Protect\n|\n|upkeep\n|turn|13\n|\n|t:|1700783894\n|move|p2a: Turkeyduckchicken|Protect||[still]\n|-fail|p2a: Turkeyduckchicken\n|move|p1a: Dragonite|Extreme Speed|p2a: Turkeyduckchicken\n|-damage|p2a: Turkeyduckchicken|0 fnt\n|faint|p2a: Turkeyduckchicken\n|\n|upkeep\n|inactive|TheStroker has 90 seconds left.\n|\n|t:|1700783927\n|switch|p2a: Synergy|Kleavor, M|100\/100\n|turn|14\n|\n|t:|1700783935\n|move|p1a: Dragonite|Iron Head|p2a: Synergy\n|-supereffective|p2a: Synergy\n|-damage|p2a: Synergy|0 fnt\n|faint|p2a: Synergy\n|\n|upkeep\n|\n|t:|1700783942\n|switch|p2a: At least 2|Garganacl, M|100\/100\n|turn|15\n|\n|t:|1700783956\n|-terastallize|p2a: At least 2|Water\n|move|p1a: Dragonite|Earthquake|p2a: At least 2\n|-damage|p2a: At least 2|48\/100\n|move|p2a: At least 2|Earthquake|p1a: Dragonite\n|-damage|p1a: Dragonite|0 fnt\n|faint|p1a: Dragonite\n|\n|upkeep\n|\n|t:|1700783963\n|switch|p1a: Serperior|Serperior, M|100\/100\n|-activate|p1a: Serperior|move: Sticky Web\n|-boost|p1a: Serperior|spe|1\n|turn|16\n|inactive|TheStroker has 90 seconds left.\n|\n|t:|1700783974\n|switch|p2a: Wow|Kyurem|100\/100\n|-ability|p2a: Wow|Pressure\n|move|p1a: Serperior|Leaf Storm|p2a: Wow\n|-resisted|p2a: Wow\n|-damage|p2a: Wow|78\/100\n|-boost|p1a: Serperior|spa|2\n|\n|upkeep\n|turn|17\n|inactive|TheStroker has 90 seconds left.\n|inactive|TheStroker has 60 seconds left.\n|\n|t:|1700784009\n|move|p1a: Serperior|Leaf Storm|p2a: Wow\n|-resisted|p2a: Wow\n|-damage|p2a: Wow|33\/100\n|-boost|p1a: Serperior|spa|2\n|move|p2a: Wow|Ice Beam|p1a: Serperior\n|-supereffective|p1a: Serperior\n|-enditem|p1a: Serperior|Focus Sash\n|-damage|p1a: Serperior|1\/100\n|\n|upkeep\n|turn|18\n|inactive|TheStroker has 60 seconds left.\n|\n|t:|1700784027\n|move|p1a: Serperior|Nature Power|p2a: Wow\n|move|p1a: Serperior|Tri Attack|p2a: Wow|[from]move: Nature Power\n|-damage|p2a: Wow|0 fnt\n|faint|p2a: Wow\n|\n|upkeep\n|\n|t:|1700784047\n|switch|p2a: At least 2|Garganacl, M, tera:Water|48\/100\n|turn|19\n|\n|t:|1700784055\n|move|p1a: Serperior|Leaf Storm|p2a: At least 2|[miss]\n|-miss|p1a: Serperior|p2a: At least 2\n|move|p2a: At least 2|Ice Punch|p1a: Serperior\n|-supereffective|p1a: Serperior\n|-damage|p1a: Serperior|0 fnt\n|faint|p1a: Serperior\n|\n|upkeep\n|\n|t:|1700784063\n|switch|p1a: Giant Tusk|Great Tusk|100\/100\n|-activate|p1a: Giant Tusk|move: Sticky Web\n|-unboost|p1a: Giant Tusk|spe|1\n|-enditem|p1a: Giant Tusk|Booster Energy\n|-activate|p1a: Giant Tusk|ability: Protosynthesis|[fromitem]\n|-start|p1a: Giant Tusk|protosynthesisatk\n|turn|20\n|\n|t:|1700784069\n|move|p1a: Giant Tusk|Rapid Spin|p2a: At least 2\n|-damage|p2a: At least 2|33\/100\n|-boost|p1a: Giant Tusk|spe|1\n|-sideend|p1: hugoo171|Sticky Web|[from] move: Rapid Spin|[of] p1a: Giant Tusk\n|move|p2a: At least 2|Ice Punch|p1a: Giant Tusk\n|-supereffective|p1a: Giant Tusk\n|-damage|p1a: Giant Tusk|45\/100\n|\n|upkeep\n|turn|21\n|\n|t:|1700784077\n|move|p1a: Giant Tusk|Headlong Rush|p2a: At least 2\n|-damage|p2a: At least 2|0 fnt\n|-unboost|p1a: Giant Tusk|def|1\n|-unboost|p1a: Giant Tusk|spd|1\n|faint|p2a: At least 2\n|\n|upkeep\n|\n|t:|1700784080\n|switch|p2a: Very thankful|Mew|100\/100\n|turn|22\n|\n|t:|1700784085\n|move|p2a: Very thankful|Cosmic Power|p2a: Very thankful\n|-boost|p2a: Very thankful|def|1\n|-boost|p2a: Very thankful|spd|1\n|move|p1a: Giant Tusk|Headlong Rush|p2a: Very thankful\n|-damage|p2a: Very thankful|58\/100\n|-unboost|p1a: Giant Tusk|def|1\n|-unboost|p1a: Giant Tusk|spd|1\n|\n|-heal|p2a: Very thankful|64\/100|[from] item: Leftovers\n|upkeep\n|turn|23\n|\n|t:|1700784095\n|-end|p1a: Giant Tusk|Protosynthesis|[silent]\n|switch|p1a: Volcarona|Volcarona, F|100\/100\n|move|p2a: Very thankful|Cosmic Power|p2a: Very thankful\n|-boost|p2a: Very thankful|def|1\n|-boost|p2a: Very thankful|spd|1\n|\n|-heal|p2a: Very thankful|71\/100|[from] item: Leftovers\n|upkeep\n|turn|24\n|\n|t:|1700784102\n|move|p1a: Volcarona|Quiver Dance|p1a: Volcarona\n|-boost|p1a: Volcarona|spa|1\n|-boost|p1a: Volcarona|spd|1\n|-boost|p1a: Volcarona|spe|1\n|move|p2a: Very thankful|Cosmic Power|p2a: Very thankful\n|-boost|p2a: Very thankful|def|1\n|-boost|p2a: Very thankful|spd|1\n|\n|-heal|p2a: Very thankful|77\/100|[from] item: Leftovers\n|upkeep\n|turn|25\n|\n|t:|1700784109\n|move|p1a: Volcarona|Quiver Dance|p1a: Volcarona\n|-boost|p1a: Volcarona|spa|1\n|-boost|p1a: Volcarona|spd|1\n|-boost|p1a: Volcarona|spe|1\n|move|p2a: Very thankful|Cosmic Power|p2a: Very thankful\n|-boost|p2a: Very thankful|def|1\n|-boost|p2a: Very thankful|spd|1\n|\n|-heal|p2a: Very thankful|83\/100|[from] item: Leftovers\n|upkeep\n|turn|26\n|\n|t:|1700784117\n|move|p1a: Volcarona|Quiver Dance|p1a: Volcarona\n|-boost|p1a: Volcarona|spa|1\n|-boost|p1a: Volcarona|spd|1\n|-boost|p1a: Volcarona|spe|1\n|move|p2a: Very thankful|Cosmic Power|p2a: Very thankful\n|-boost|p2a: Very thankful|def|1\n|-boost|p2a: Very thankful|spd|1\n|\n|-heal|p2a: Very thankful|89\/100|[from] item: Leftovers\n|upkeep\n|turn|27\n|\n|t:|1700784125\n|move|p1a: Volcarona|Quiver Dance|p1a: Volcarona\n|-boost|p1a: Volcarona|spa|1\n|-boost|p1a: Volcarona|spd|1\n|-boost|p1a: Volcarona|spe|1\n|move|p2a: Very thankful|Cosmic Power|p2a: Very thankful\n|-boost|p2a: Very thankful|def|1\n|-boost|p2a: Very thankful|spd|1\n|\n|-heal|p2a: Very thankful|95\/100|[from] item: Leftovers\n|upkeep\n|turn|28\n|\n|t:|1700784134\n|move|p1a: Volcarona|Fiery Dance|p2a: Very thankful\n|-damage|p2a: Very thankful|70\/100\n|-boost|p1a: Volcarona|spa|1\n|move|p2a: Very thankful|Body Press|p1a: Volcarona\n|-resisted|p1a: Volcarona\n|-crit|p1a: Volcarona\n|-damage|p1a: Volcarona|12\/100\n|\n|-heal|p2a: Very thankful|76\/100|[from] item: Leftovers\n|upkeep\n|turn|29\n|\n|t:|1700784143\n|move|p1a: Volcarona|Fiery Dance|p2a: Very thankful\n|-damage|p2a: Very thankful|46\/100\n|move|p2a: Very thankful|Stored Power|p1a: Volcarona\n|-damage|p1a: Volcarona|0 fnt\n|faint|p1a: Volcarona\n|\n|-heal|p2a: Very thankful|52\/100|[from] item: Leftovers\n|upkeep\n|\n|t:|1700784152\n|switch|p1a: Giant Tusk|Great Tusk|45\/100\n|turn|30\n|\n|t:|1700784156\n|move|p2a: Very thankful|Soft-Boiled|p2a: Very thankful\n|-heal|p2a: Very thankful|100\/100\n|move|p1a: Giant Tusk|Headlong Rush|p2a: Very thankful\n|-damage|p2a: Very thankful|88\/100\n|-unboost|p1a: Giant Tusk|def|1\n|-unboost|p1a: Giant Tusk|spd|1\n|\n|-heal|p2a: Very thankful|94\/100|[from] item: Leftovers\n|upkeep\n|turn|31\n|\n|t:|1700784164\n|move|p2a: Very thankful|Stored Power|p1a: Giant Tusk\n|-supereffective|p1a: Giant Tusk\n|-damage|p1a: Giant Tusk|0 fnt\n|faint|p1a: Giant Tusk\n|-end|p1a: Giant Tusk|Protosynthesis|[silent]\n|\n|-heal|p2a: Very thankful|99\/100|[from] item: Leftovers\n|upkeep\n|\n|t:|1700784170\n|switch|p1a: Medicham|Medicham, M|100\/100\n|turn|32\n|\n|t:|1700784177\n|detailschange|p1a: Medicham|Medicham-Mega, M\n|-mega|p1a: Medicham|Medicham|Medichamite\n|move|p1a: Medicham|Psycho Cut|p2a: Very thankful\n|-resisted|p2a: Very thankful\n|-damage|p2a: Very thankful|94\/100\n|move|p2a: Very thankful|Stored Power|p1a: Medicham\n|-damage|p1a: Medicham|0 fnt\n|faint|p1a: Medicham\n|\n|win|TheStroker\n|raw|hugoo171's rating: 1462 &rarr; <strong>1446<\/strong><br \/>(-16 for losing)\n|raw|TheStroker's rating: 1535 &rarr; <strong>1551<\/strong><br \/>(+16 for winning)\n|l|\u2606hugoo171\n","uploadtime":1700784184,"views":3,"p1id":"hugoo171","p2id":"thestroker","formatid":"gen9nationaldex","rating":1446,"private":0,"password":""}