{"id":"gen9nationaldex-1998745263","p1":"bsbqyll","p2":"baigu2","format":"[Gen 9] National Dex","log":"|html|<div class=\"broadcast-blue\"><strong>[Gen 9] National Dex is currently suspecting Sneasler! For information on how to participate check out the <a href=\"https:\/\/www.smogon.com\/forums\/threads\/sv-national-dex-suspect-8-just-dance.3731534\/\">suspect thread<\/a>.<\/strong><\/div>\n|j|\u2606bsbqyll\n|j|\u2606baigu2\n|t:|1700982127\n|gametype|singles\n|player|p1|bsbqyll|cynthia-gen4|1677\n|player|p2|baigu2|101|1828\n|teamsize|p1|6\n|teamsize|p2|6\n|gen|9\n|tier|[Gen 9] National Dex\n|rated|\n|rule|HP Percentage Mod: HP is shown in percentages\n|rule|Endless Battle Clause: Forcing endless battles is banned\n|rule|OHKO Clause: OHKO moves are banned\n|rule|Evasion Clause: Evasion abilities, items, and moves are banned\n|rule|Evasion Abilities Clause: Evasion abilities are banned\n|rule|Evasion Items Clause: Evasion items are banned\n|rule|Evasion Moves Clause: Evasion moves are banned\n|rule|Species Clause: Limit one of each Pok\u00e9mon\n|rule|Sleep Clause Mod: Limit one foe put to sleep\n|clearpoke\n|poke|p1|Hoopa-Unbound|\n|poke|p1|Urshifu-*, M|\n|poke|p1|Sneasler, F|\n|poke|p1|Tapu Lele|\n|poke|p1|Landorus-Therian, M|\n|poke|p1|Glimmora, M|\n|poke|p2|Ursaluna, M|\n|poke|p2|Slowking, M|\n|poke|p2|Corviknight, M|\n|poke|p2|Hoopa-Unbound|\n|poke|p2|Dragonite, M|\n|poke|p2|Tapu Koko|\n|teampreview\n|\n|t:|1700982137\n|start\n|switch|p1a: Landorus|Landorus-Therian, M|100\/100\n|switch|p2a: Tapu Koko|Tapu Koko|100\/100\n|-fieldstart|move: Electric Terrain|[from] ability: Electric Surge|[of] p2a: Tapu Koko\n|-ability|p1a: Landorus|Intimidate|boost\n|-unboost|p2a: Tapu Koko|atk|1\n|turn|1\n|\n|t:|1700982142\n|switch|p2a: Corviknight|Corviknight, M|100\/100\n|-ability|p2a: Corviknight|Pressure\n|move|p1a: Landorus|Knock Off|p2a: Corviknight\n|-damage|p2a: Corviknight|81\/100\n|-damage|p1a: Landorus|84\/100|[from] item: Rocky Helmet|[of] p2a: Corviknight\n|-enditem|p2a: Corviknight|Rocky Helmet|[from] move: Knock Off|[of] p1a: Landorus\n|\n|upkeep\n|turn|2\n|\n|t:|1700982152\n|move|p1a: Landorus|U-turn|p2a: Corviknight\n|-resisted|p2a: Corviknight\n|-damage|p2a: Corviknight|78\/100\n|\n|t:|1700982156\n|switch|p1a: Glimmora|Glimmora, M|100\/100|[from] U-turn\n|move|p2a: Corviknight|U-turn|p1a: Glimmora\n|-resisted|p1a: Glimmora\n|-damage|p1a: Glimmora|91\/100\n|-activate|p1a: Glimmora|ability: Toxic Debris\n|-sidestart|p2: baigu2|move: Toxic Spikes\n|\n|t:|1700982162\n|switch|p2a: Slowking|Slowking, M|100\/100|[from] U-turn\n|\n|upkeep\n|turn|3\n|\n|t:|1700982166\n|move|p1a: Glimmora|Energy Ball|p2a: Slowking\n|-supereffective|p2a: Slowking\n|-damage|p2a: Slowking|62\/100\n|move|p2a: Slowking|Trick Room|p2a: Slowking\n|-fieldstart|move: Trick Room|[of] p2a: Slowking\n|\n|upkeep\n|turn|4\n|\n|t:|1700982171\n|move|p1a: Glimmora|Mortal Spin|p2a: Slowking\n|-damage|p2a: Slowking|56\/100\n|-status|p2a: Slowking|psn\n|move|p2a: Slowking|Teleport|p2a: Slowking\n|\n|t:|1700982174\n|switch|p2a: \u718a\u5927|Ursaluna, M|100\/100|[from] Teleport\n|-status|p2a: \u718a\u5927|psn\n|\n|-damage|p2a: \u718a\u5927|88\/100 psn|[from] psn\n|upkeep\n|turn|5\n|\n|t:|1700982180\n|-terastallize|p2a: \u718a\u5927|Normal\n|move|p2a: \u718a\u5927|Facade|p1a: Glimmora\n|-resisted|p1a: Glimmora\n|-damage|p1a: Glimmora|0 fnt\n|-activate|p1a: Glimmora|ability: Toxic Debris\n|-sidestart|p2: baigu2|move: Toxic Spikes\n|faint|p1a: Glimmora\n|\n|-damage|p2a: \u718a\u5927|76\/100 psn|[from] psn\n|-fieldend|move: Electric Terrain\n|upkeep\n|\n|t:|1700982187\n|switch|p1a: Landorus|Landorus-Therian, M|84\/100\n|-ability|p1a: Landorus|Intimidate|boost\n|-unboost|p2a: \u718a\u5927|atk|1\n|turn|6\n|\n|t:|1700982195\n|switch|p2a: Corviknight|Corviknight, M|78\/100\n|-ability|p2a: Corviknight|Pressure\n|move|p1a: Landorus|U-turn|p2a: Corviknight\n|-resisted|p2a: Corviknight\n|-damage|p2a: Corviknight|74\/100\n|\n|t:|1700982202\n|switch|p1a: Urshifu|Urshifu-Rapid-Strike, M|100\/100|[from] U-turn\n|\n|upkeep\n|turn|7\n|\n|t:|1700982205\n|move|p2a: Corviknight|Defog|p1a: Urshifu\n|-unboost|p1a: Urshifu|evasion|1\n|-sideend|p2: baigu2|Toxic Spikes|[from] move: Defog|[of] p2a: Corviknight\n|move|p1a: Urshifu|Swords Dance|p1a: Urshifu\n|-boost|p1a: Urshifu|atk|2\n|\n|-fieldend|move: Trick Room\n|upkeep\n|turn|8\n|\n|t:|1700982220\n|-terastallize|p1a: Urshifu|Fire\n|move|p1a: Urshifu|Trailblaze|p2a: Corviknight\n|-resisted|p2a: Corviknight\n|-damage|p2a: Corviknight|69\/100\n|-boost|p1a: Urshifu|spe|1\n|move|p2a: Corviknight|Brave Bird|p1a: Urshifu\n|-damage|p1a: Urshifu|62\/100\n|-damage|p2a: Corviknight|58\/100|[from] Recoil\n|\n|upkeep\n|turn|9\n|\n|t:|1700982239\n|switch|p2a: Dragonite|Dragonite, M|100\/100\n|move|p1a: Urshifu|Drain Punch|p2a: Dragonite\n|-resisted|p2a: Dragonite\n|-damage|p2a: Dragonite|80\/100\n|-heal|p1a: Urshifu|72\/100|[from] drain|[of] p2a: Dragonite\n|\n|upkeep\n|turn|10\n|\n|t:|1700982244\n|switch|p1a: Landorus|Landorus-Therian, M|84\/100\n|-ability|p1a: Landorus|Intimidate|boost\n|-unboost|p2a: Dragonite|atk|1\n|move|p2a: Dragonite|Extreme Speed|p1a: Landorus\n|-damage|p1a: Landorus|59\/100\n|-damage|p2a: Dragonite|64\/100|[from] item: Rocky Helmet|[of] p1a: Landorus\n|\n|upkeep\n|turn|11\n|\n|t:|1700982250\n|switch|p2a: Corviknight|Corviknight, M|58\/100\n|-ability|p2a: Corviknight|Pressure\n|move|p1a: Landorus|Knock Off|p2a: Corviknight\n|-damage|p2a: Corviknight|45\/100\n|\n|upkeep\n|turn|12\n|\n|t:|1700982255\n|move|p1a: Landorus|U-turn|p2a: Corviknight\n|-resisted|p2a: Corviknight\n|-damage|p2a: Corviknight|42\/100\n|\n|t:|1700982257\n|switch|p1a: Tapu Lele|Tapu Lele|100\/100|[from] U-turn\n|-fieldstart|move: Psychic Terrain|[from] ability: Psychic Surge|[of] p1a: Tapu Lele\n|move|p2a: Corviknight|Roost|p2a: Corviknight\n|-heal|p2a: Corviknight|92\/100\n|-singleturn|p2a: Corviknight|move: Roost\n|\n|upkeep\n|turn|13\n|\n|t:|1700982261\n|move|p1a: Tapu Lele|Thunderbolt|p2a: Corviknight\n|-supereffective|p2a: Corviknight\n|-damage|p2a: Corviknight|31\/100\n|move|p2a: Corviknight|U-turn|p1a: Tapu Lele\n|-damage|p1a: Tapu Lele|80\/100\n|\n|t:|1700982264\n|switch|p2a: Slowking|Slowking, M|89\/100 psn|[from] U-turn\n|\n|-damage|p2a: Slowking|76\/100 psn|[from] psn\n|upkeep\n|turn|14\n|\n|t:|1700982268\n|move|p1a: Tapu Lele|Thunderbolt|p2a: Slowking\n|-supereffective|p2a: Slowking\n|-damage|p2a: Slowking|38\/100 psn\n|move|p2a: Slowking|Trick Room|p2a: Slowking\n|-fieldstart|move: Trick Room|[of] p2a: Slowking\n|\n|-damage|p2a: Slowking|26\/100 psn|[from] psn\n|upkeep\n|turn|15\n|\n|t:|1700982275\n|switch|p2a: \u718a\u5927|Ursaluna, M, tera:Normal|76\/100 psn\n|move|p1a: Tapu Lele|Thunderbolt|p2a: \u718a\u5927\n|-damage|p2a: \u718a\u5927|47\/100 psn\n|\n|-damage|p2a: \u718a\u5927|35\/100 psn|[from] psn\n|upkeep\n|turn|16\n|\n|t:|1700982279\n|switch|p1a: Landorus|Landorus-Therian, M|59\/100\n|-ability|p1a: Landorus|Intimidate|boost\n|-unboost|p2a: \u718a\u5927|atk|1\n|move|p2a: \u718a\u5927|Facade|p1a: Landorus\n|-damage|p1a: Landorus|0 fnt\n|-damage|p2a: \u718a\u5927|19\/100 psn|[from] item: Rocky Helmet|[of] p1a: Landorus\n|faint|p1a: Landorus\n|\n|-damage|p2a: \u718a\u5927|6\/100 psn|[from] psn\n|-fieldend|move: Psychic Terrain\n|upkeep\n|\n|t:|1700982287\n|switch|p1a: Tapu Lele|Tapu Lele|80\/100\n|-fieldstart|move: Psychic Terrain|[from] ability: Psychic Surge|[of] p1a: Tapu Lele\n|turn|17\n|\n|t:|1700982292\n|move|p2a: \u718a\u5927|Facade|p1a: Tapu Lele\n|-damage|p1a: Tapu Lele|0 fnt\n|faint|p1a: Tapu Lele\n|\n|-damage|p2a: \u718a\u5927|0 fnt|[from] psn\n|faint|p2a: \u718a\u5927\n|upkeep\n|\n|t:|1700982299\n|switch|p2a: Corviknight|Corviknight, M|31\/100\n|switch|p1a: Sneasler|Sneasler, F|100\/100\n|-ability|p2a: Corviknight|Pressure\n|-enditem|p1a: Sneasler|Psychic Seed\n|-boost|p1a: Sneasler|spd|1|[from] item: Psychic Seed\n|turn|18\n|\n|t:|1700982307\n|move|p2a: Corviknight|Roost|p2a: Corviknight\n|-heal|p2a: Corviknight|81\/100\n|-singleturn|p2a: Corviknight|move: Roost\n|move|p1a: Sneasler|Acrobatics|p2a: Corviknight\n|-resisted|p2a: Corviknight\n|-damage|p2a: Corviknight|69\/100\n|\n|-fieldend|move: Trick Room\n|upkeep\n|turn|19\n|\n|t:|1700982313\n|move|p1a: Sneasler|Swords Dance|p1a: Sneasler\n|-boost|p1a: Sneasler|atk|2\n|move|p2a: Corviknight|Brave Bird|p1a: Sneasler\n|-supereffective|p1a: Sneasler\n|-damage|p1a: Sneasler|0 fnt\n|faint|p1a: Sneasler\n|-damage|p2a: Corviknight|45\/100|[from] Recoil\n|\n|upkeep\n|\n|t:|1700982316\n|switch|p1a: Urshifu|Urshifu-Rapid-Strike, M, tera:Fire|72\/100\n|turn|20\n|\n|t:|1700982320\n|move|p1a: Urshifu|Swords Dance|p1a: Urshifu\n|-boost|p1a: Urshifu|atk|2\n|move|p2a: Corviknight|Brave Bird|p1a: Urshifu\n|-damage|p1a: Urshifu|37\/100\n|-damage|p2a: Corviknight|35\/100|[from] Recoil\n|\n|upkeep\n|turn|21\n|\n|t:|1700982325\n|move|p1a: Urshifu|Drain Punch|p2a: Corviknight\n|-damage|p2a: Corviknight|0 fnt\n|-heal|p1a: Urshifu|57\/100|[from] drain|[of] p2a: Corviknight\n|faint|p2a: Corviknight\n|\n|-fieldend|move: Psychic Terrain\n|upkeep\n|\n|t:|1700982329\n|switch|p2a: Dragonite|Dragonite, M|64\/100\n|turn|22\n|\n|t:|1700982332\n|move|p2a: Dragonite|Extreme Speed|p1a: Urshifu\n|-damage|p1a: Urshifu|13\/100\n|move|p1a: Urshifu|Surging Strikes|p2a: Dragonite\n|-resisted|p2a: Dragonite\n|-crit|p2a: Dragonite\n|-damage|p2a: Dragonite|44\/100\n|-resisted|p2a: Dragonite\n|-crit|p2a: Dragonite\n|-damage|p2a: Dragonite|23\/100\n|-resisted|p2a: Dragonite\n|-crit|p2a: Dragonite\n|-damage|p2a: Dragonite|4\/100\n|-hitcount|p2a: Dragonite|3\n|\n|upkeep\n|turn|23\n|\n|t:|1700982342\n|move|p2a: Dragonite|Extreme Speed|p1a: Urshifu\n|-damage|p1a: Urshifu|0 fnt\n|faint|p1a: Urshifu\n|\n|upkeep\n|\n|t:|1700982345\n|switch|p1a: Hoopa|Hoopa-Unbound|100\/100\n|turn|24\n|\n|t:|1700982349\n|move|p2a: Dragonite|Extreme Speed|p1a: Hoopa\n|-damage|p1a: Hoopa|28\/100\n|move|p1a: Hoopa|Hyperspace Fury|p2a: Dragonite\n|-damage|p2a: Dragonite|0 fnt\n|-unboost|p1a: Hoopa|def|1\n|faint|p2a: Dragonite\n|\n|upkeep\n|j| bu wei chen chen\n|\n|t:|1700982353\n|switch|p2a: Tapu Koko|Tapu Koko|100\/100\n|-fieldstart|move: Electric Terrain|[from] ability: Electric Surge|[of] p2a: Tapu Koko\n|turn|25\n|-message|bsbqyll forfeited.\n|\n|win|baigu2\n|raw|bsbqyll's rating: 1677 &rarr; <strong>1665<\/strong><br \/>(-12 for losing)\n|raw|baigu2's rating: 1828 &rarr; <strong>1840<\/strong><br \/>(+12 for winning)\n|l|\u2606bsbqyll\n","uploadtime":1700982359,"views":1,"p1id":"bsbqyll","p2id":"baigu2","formatid":"gen9nationaldex","rating":1665,"private":0,"password":""}