{"id":"gen9nationaldex-1988396728","p1":"Mantis God is Op","p2":"scale532","format":"[Gen 9] National Dex","log":"|j|\u2606Mantis God is Op\n|j|\u2606scale532\n|t:|1699718302\n|gametype|singles\n|player|p1|Mantis God is Op|dagero|1217\n|player|p2|scale532|caitlin|1300\n|teamsize|p1|6\n|teamsize|p2|6\n|gen|9\n|tier|[Gen 9] National Dex\n|rated|\n|rule|HP Percentage Mod: HP is shown in percentages\n|rule|Endless Battle Clause: Forcing endless battles is banned\n|rule|OHKO Clause: OHKO moves are banned\n|rule|Evasion Clause: Evasion abilities, items, and moves are banned\n|rule|Evasion Abilities Clause: Evasion abilities are banned\n|rule|Evasion Items Clause: Evasion items are banned\n|rule|Evasion Moves Clause: Evasion moves are banned\n|rule|Species Clause: Limit one of each Pok\u00e9mon\n|rule|Sleep Clause Mod: Limit one foe put to sleep\n|clearpoke\n|poke|p1|Samurott-Hisui, M|\n|poke|p1|Tapu Lele|\n|poke|p1|Scizor, M|\n|poke|p1|Cinderace, M|\n|poke|p1|Dragalge, M|\n|poke|p1|Rillaboom, F|\n|poke|p2|Tapu Koko|\n|poke|p2|Iron Valiant|\n|poke|p2|Sneasler, F|\n|poke|p2|Charizard, M|\n|poke|p2|Landorus-Therian, M|\n|poke|p2|Alomomola, M|\n|teampreview\n|inactive|Battle timer is ON: inactive players will automatically lose when time's up. (requested by scale532)\n|c|\u2606Mantis God is Op|gl hf\n|\n|t:|1699718316\n|start\n|switch|p1a: Cinderace|Cinderace, M|100\/100\n|switch|p2a: Tapu Koko|Tapu Koko|100\/100\n|-fieldstart|move: Electric Terrain|[from] ability: Electric Surge|[of] p2a: Tapu Koko\n|turn|1\n|\n|t:|1699718327\n|switch|p2a: Landorus|Landorus-Therian, M|100\/100\n|-ability|p2a: Landorus|Intimidate|boost\n|-unboost|p1a: Cinderace|atk|1\n|move|p1a: Cinderace|Pyro Ball|p2a: Landorus\n|-damage|p2a: Landorus|53\/100\n|\n|upkeep\n|turn|2\n|\n|t:|1699718351\n|switch|p1a: Scizor|Scizor, M|100\/100\n|switch|p2a: Alomomola|Alomomola, M|100\/100\n|\n|upkeep\n|turn|3\n|\n|t:|1699718358\n|detailschange|p1a: Scizor|Scizor-Mega, M\n|-mega|p1a: Scizor|Scizor|Scizorite\n|move|p1a: Scizor|U-turn|p2a: Alomomola\n|-damage|p2a: Alomomola|83\/100\n|\n|t:|1699718361\n|switch|p1a: Rillaboom|Rillaboom, F|100\/100|[from] U-turn\n|-fieldstart|move: Grassy Terrain|[from] ability: Grassy Surge|[of] p1a: Rillaboom\n|move|p2a: Alomomola|Flip Turn|p1a: Rillaboom\n|-resisted|p1a: Rillaboom\n|-damage|p1a: Rillaboom|92\/100\n|\n|t:|1699718383\n|switch|p2a: Charizard|Charizard, M|100\/100|[from] Flip Turn\n|\n|-heal|p1a: Rillaboom|98\/100|[from] Grassy Terrain\n|upkeep\n|turn|4\n|\n|t:|1699718395\n|switch|p1a: Samurott|Samurott-Hisui, M|100\/100\n|detailschange|p2a: Charizard|Charizard-Mega-Y, M\n|-mega|p2a: Charizard|Charizard|Charizardite Y\n|-weather|SunnyDay|[from] ability: Drought|[of] p2a: Charizard\n|move|p2a: Charizard|Weather Ball|p1a: Samurott\n|-resisted|p1a: Samurott\n|-damage|p1a: Samurott|53\/100\n|\n|-weather|SunnyDay|[upkeep]\n|-heal|p1a: Samurott|59\/100|[from] Grassy Terrain\n|upkeep\n|turn|5\n|\n|t:|1699718408\n|move|p2a: Charizard|Solar Beam||[still]\n|-prepare|p2a: Charizard|Solar Beam\n|-anim|p2a: Charizard|Solar Beam|p1a: Samurott\n|-supereffective|p1a: Samurott\n|-damage|p1a: Samurott|0 fnt\n|faint|p1a: Samurott\n|\n|-weather|SunnyDay|[upkeep]\n|upkeep\n|\n|t:|1699718415\n|switch|p1a: Tapu Lele|Tapu Lele|100\/100\n|-fieldstart|move: Psychic Terrain|[from] ability: Psychic Surge|[of] p1a: Tapu Lele\n|turn|6\n|\n|t:|1699718440\n|switch|p2a: Tapu Koko|Tapu Koko|100\/100\n|-fieldstart|move: Electric Terrain|[from] ability: Electric Surge|[of] p2a: Tapu Koko\n|move|p1a: Tapu Lele|Psychic|p2a: Tapu Koko\n|-damage|p2a: Tapu Koko|46\/100\n|\n|-weather|SunnyDay|[upkeep]\n|upkeep\n|turn|7\n|\n|t:|1699718450\n|move|p1a: Tapu Lele|Psychic|p2a: Tapu Koko\n|-damage|p2a: Tapu Koko|0 fnt\n|faint|p2a: Tapu Koko\n|\n|-weather|SunnyDay|[upkeep]\n|upkeep\n|\n|t:|1699718454\n|switch|p2a: Sneasler|Sneasler, F|100\/100\n|-enditem|p2a: Sneasler|Electric Seed\n|-boost|p2a: Sneasler|def|1|[from] item: Electric Seed\n|turn|8\n|\n|t:|1699718460\n|switch|p1a: Scizor|Scizor-Mega, M|100\/100\n|move|p2a: Sneasler|Dire Claw|p1a: Scizor\n|-immune|p1a: Scizor\n|\n|-weather|none\n|upkeep\n|turn|9\n|\n|t:|1699718468\n|move|p1a: Scizor|Bullet Punch|p2a: Sneasler\n|-damage|p2a: Sneasler|69\/100\n|move|p2a: Sneasler|Swords Dance|p2a: Sneasler\n|-boost|p2a: Sneasler|atk|2\n|\n|upkeep\n|turn|10\n|\n|t:|1699718479\n|move|p1a: Scizor|Bullet Punch|p2a: Sneasler\n|-damage|p2a: Sneasler|36\/100\n|move|p2a: Sneasler|Swords Dance|p2a: Sneasler\n|-boost|p2a: Sneasler|atk|2\n|\n|-fieldend|move: Electric Terrain\n|upkeep\n|turn|11\n|\n|t:|1699718485\n|-terastallize|p2a: Sneasler|Flying\n|move|p1a: Scizor|Bullet Punch|p2a: Sneasler\n|-damage|p2a: Sneasler|0 fnt\n|faint|p2a: Sneasler\n|\n|upkeep\n|\n|t:|1699718498\n|switch|p2a: Charizard|Charizard-Mega-Y, M|100\/100\n|-weather|SunnyDay|[from] ability: Drought|[of] p2a: Charizard\n|turn|12\n|\n|t:|1699718504\n|move|p1a: Scizor|Bullet Punch|p2a: Charizard\n|-resisted|p2a: Charizard\n|-damage|p2a: Charizard|79\/100\n|move|p2a: Charizard|Scorching Sands|p1a: Scizor\n|-damage|p1a: Scizor|72\/100\n|\n|-weather|SunnyDay|[upkeep]\n|upkeep\n|turn|13\n|\n|t:|1699718513\n|switch|p1a: Dragalge|Dragalge, M|100\/100\n|move|p2a: Charizard|Weather Ball|p1a: Dragalge\n|-resisted|p1a: Dragalge\n|-damage|p1a: Dragalge|63\/100\n|\n|-weather|SunnyDay|[upkeep]\n|upkeep\n|turn|14\n|\n|t:|1699718523\n|switch|p1a: Scizor|Scizor-Mega, M|72\/100\n|move|p2a: Charizard|Scorching Sands|p1a: Scizor\n|-damage|p1a: Scizor|43\/100\n|\n|-weather|SunnyDay|[upkeep]\n|upkeep\n|turn|15\n|\n|t:|1699718530\n|move|p1a: Scizor|Bullet Punch|p2a: Charizard\n|-resisted|p2a: Charizard\n|-damage|p2a: Charizard|59\/100\n|move|p2a: Charizard|Weather Ball|p1a: Scizor\n|-supereffective|p1a: Scizor\n|-damage|p1a: Scizor|0 fnt\n|faint|p1a: Scizor\n|\n|-weather|SunnyDay|[upkeep]\n|upkeep\n|\n|t:|1699718533\n|switch|p1a: Tapu Lele|Tapu Lele|100\/100\n|-fieldstart|move: Psychic Terrain|[from] ability: Psychic Surge|[of] p1a: Tapu Lele\n|turn|16\n|inactive|scale532 has 120 seconds left.\n|\n|t:|1699718564\n|switch|p2a: Iron Valiant|Iron Valiant|100\/100\n|move|p1a: Tapu Lele|Psychic|p2a: Iron Valiant\n|-supereffective|p2a: Iron Valiant\n|-damage|p2a: Iron Valiant|0 fnt\n|faint|p2a: Iron Valiant\n|-end|p2a: Iron Valiant|Quark Drive|[silent]\n|\n|-weather|none\n|upkeep\n|inactive|scale532 has 120 seconds left.\n|\n|t:|1699718571\n|switch|p2a: Alomomola|Alomomola, M|100\/100\n|turn|17\n|\n|t:|1699718581\n|switch|p1a: Dragalge|Dragalge, M|63\/100\n|move|p2a: Alomomola|Wish|p2a: Alomomola\n|\n|upkeep\n|turn|18\n|\n|t:|1699718587\n|switch|p2a: Charizard|Charizard-Mega-Y, M|59\/100\n|-weather|SunnyDay|[from] ability: Drought|[of] p2a: Charizard\n|move|p1a: Dragalge|Thunderbolt|p2a: Charizard\n|-supereffective|p2a: Charizard\n|-damage|p2a: Charizard|0 fnt\n|faint|p2a: Charizard\n|\n|-weather|SunnyDay|[upkeep]\n|upkeep\n|-message|scale532 forfeited.\n|\n|win|Mantis God is Op\n|raw|Mantis God is Op's rating: 1217 &rarr; <strong>1248<\/strong><br \/>(+31 for winning)\n|raw|scale532's rating: 1300 &rarr; <strong>1269<\/strong><br \/>(-31 for losing)\n|l|\u2606scale532\n","uploadtime":1699718602,"views":4,"p1id":"mantisgodisop","p2id":"scale532","formatid":"gen9nationaldex","rating":1248,"private":0,"password":""}