{"id":"gen9nationaldex-1991586625","p1":"mannmilk","p2":"erik shawn","format":"[Gen 9] National Dex","log":"|j|\u2606mannmilk\n|j|\u2606erik shawn\n|t:|1700091267\n|gametype|singles\n|player|p1|mannmilk|clown|1253\n|player|p2|erik shawn|2|1227\n|teamsize|p1|6\n|teamsize|p2|6\n|gen|9\n|tier|[Gen 9] National Dex\n|rated|\n|rule|HP Percentage Mod: HP is shown in percentages\n|rule|Endless Battle Clause: Forcing endless battles is banned\n|rule|OHKO Clause: OHKO moves are banned\n|rule|Evasion Clause: Evasion abilities, items, and moves are banned\n|rule|Evasion Abilities Clause: Evasion abilities are banned\n|rule|Evasion Items Clause: Evasion items are banned\n|rule|Evasion Moves Clause: Evasion moves are banned\n|rule|Species Clause: Limit one of each Pok\u00e9mon\n|rule|Sleep Clause Mod: Limit one foe put to sleep\n|clearpoke\n|poke|p1|Lickilicky, M|\n|poke|p1|Banette, M|\n|poke|p1|Rabsca, M|\n|poke|p1|Hoopa-Unbound|\n|poke|p1|Dusknoir, M|\n|poke|p1|Togekiss, F|\n|poke|p2|Pelipper, M|\n|poke|p2|Manaphy|\n|poke|p2|Ogerpon-Wellspring, F|\n|poke|p2|Camerupt, F|\n|poke|p2|Hatterene, F|\n|poke|p2|Crawdaunt, F|\n|teampreview\n|\n|t:|1700091281\n|start\n|switch|p1a: DOOMSDAY|Lickilicky, M, shiny|100\/100\n|switch|p2a: Crawdaunt|Crawdaunt, F|100\/100\n|-ability|p1a: DOOMSDAY|Cloud Nine\n|turn|1\n|\n|t:|1700091292\n|move|p2a: Crawdaunt|Close Combat|p1a: DOOMSDAY\n|-supereffective|p1a: DOOMSDAY\n|-damage|p1a: DOOMSDAY|12\/100\n|-unboost|p2a: Crawdaunt|def|1\n|-unboost|p2a: Crawdaunt|spd|1\n|-damage|p2a: Crawdaunt|91\/100|[from] item: Life Orb\n|move|p1a: DOOMSDAY|Explosion|p2a: Crawdaunt\n|-damage|p2a: Crawdaunt|0 fnt\n|faint|p1a: DOOMSDAY\n|faint|p2a: Crawdaunt\n|\n|upkeep\n|\n|t:|1700091307\n|switch|p2a: Hatterene|Hatterene, F|100\/100\n|switch|p1a: Magic Mike|Hoopa-Unbound|100\/100\n|turn|2\n|\n|t:|1700091312\n|move|p1a: Magic Mike|Dark Pulse|p2a: Hatterene\n|-damage|p2a: Hatterene|52\/100\n|move|p2a: Hatterene|Trick Room|p2a: Hatterene\n|-fieldstart|move: Trick Room|[of] p2a: Hatterene\n|\n|-heal|p2a: Hatterene|58\/100|[from] item: Leftovers\n|upkeep\n|turn|3\n|\n|t:|1700091329\n|-terastallize|p1a: Magic Mike|Steel\n|move|p2a: Hatterene|Dazzling Gleam|p1a: Magic Mike\n|-resisted|p1a: Magic Mike\n|-damage|p1a: Magic Mike|83\/100\n|-enditem|p1a: Magic Mike|Red Card|[of] p2a: Hatterene\n|drag|p2a: Camerupt|Camerupt, F|100\/100\n|move|p1a: Magic Mike|Psychic|p2a: Camerupt\n|-damage|p2a: Camerupt|35\/100\n|\n|upkeep\n|turn|4\n|\n|t:|1700091344\n|detailschange|p2a: Camerupt|Camerupt-Mega, F\n|-mega|p2a: Camerupt|Camerupt|Cameruptite\n|move|p2a: Camerupt|Earth Power|p1a: Magic Mike\n|-supereffective|p1a: Magic Mike\n|-damage|p1a: Magic Mike|0 fnt\n|faint|p1a: Magic Mike\n|\n|upkeep\n|\n|t:|1700091350\n|switch|p1a: pooplover69|Banette, M|100\/100\n|-item|p2a: Camerupt|Cameruptite|[from] ability: Frisk|[of] p1a: pooplover69|[identify]\n|turn|5\n|\n|t:|1700091361\n|detailschange|p1a: pooplover69|Banette-Mega, M\n|-mega|p1a: pooplover69|Banette|Banettite\n|move|p1a: pooplover69|Destiny Bond|p1a: pooplover69\n|-singlemove|p1a: pooplover69|Destiny Bond\n|move|p2a: Camerupt|Earth Power|p1a: pooplover69\n|-damage|p1a: pooplover69|1\/100\n|\n|upkeep\n|turn|6\n|c|\u2606erik shawn|interesting\n|c|\u2606erik shawn|my camerupt doesn't feel like dying\n|\n|t:|1700091389\n|move|p2a: Camerupt|Ancient Power|p1a: pooplover69\n|-damage|p1a: pooplover69|0 fnt\n|faint|p1a: pooplover69\n|-activate|p1a: pooplover69|move: Destiny Bond\n|faint|p2a: Camerupt\n|\n|-fieldend|move: Trick Room\n|upkeep\n|c|\u2606erik shawn|interesting\n|c|\u2606erik shawn|my camerupt is bad\n|c|\u2606mannmilk|mname jeff\n|c|\u2606erik shawn|me too friend\n|c|\u2606erik shawn|me too\n|c|\u2606mannmilk|but your name erik shawn\n|\n|t:|1700091415\n|switch|p1a: THANK U BASEDG\ud83e\udeb2D|Rabsca, M|100\/100\n|switch|p2a: Pelipper|Pelipper, M|100\/100\n|-weather|RainDance|[from] ability: Drizzle|[of] p2a: Pelipper\n|turn|7\n|c|\u2606erik shawn|yes that's an alias\n|\n|t:|1700091427\n|move|p2a: Pelipper|Hurricane|p1a: THANK U BASEDG\ud83e\udeb2D\n|-supereffective|p1a: THANK U BASEDG\ud83e\udeb2D\n|-damage|p1a: THANK U BASEDG\ud83e\udeb2D|0 fnt\n|faint|p1a: THANK U BASEDG\ud83e\udeb2D\n|\n|-weather|RainDance|[upkeep]\n|upkeep\n|\n|t:|1700091431\n|switch|p1a: Togepiss|Togekiss, F, shiny|100\/100\n|turn|8\n|\n|t:|1700091436\n|move|p1a: Togepiss|Thunder Wave|p2a: Pelipper\n|-status|p2a: Pelipper|par\n|cant|p2a: Pelipper|par\n|\n|-weather|RainDance|[upkeep]\n|upkeep\n|turn|9\n|\n|t:|1700091441\n|move|p1a: Togepiss|Air Slash|p2a: Pelipper\n|-damage|p2a: Pelipper|40\/100 par\n|move|p2a: Pelipper|Hurricane|p1a: Togepiss\n|-damage|p1a: Togepiss|37\/100\n|-start|p1a: Togepiss|confusion\n|\n|-weather|RainDance|[upkeep]\n|-heal|p1a: Togepiss|43\/100|[from] item: Leftovers\n|upkeep\n|turn|10\n|\n|t:|1700091446\n|-activate|p1a: Togepiss|confusion\n|move|p1a: Togepiss|Air Slash|p2a: Pelipper\n|-damage|p2a: Pelipper|0 fnt\n|faint|p2a: Pelipper\n|\n|-weather|RainDance|[upkeep]\n|-heal|p1a: Togepiss|49\/100|[from] item: Leftovers\n|upkeep\n|\n|t:|1700091448\n|switch|p2a: Hatterene|Hatterene, F|58\/100\n|turn|11\n|\n|t:|1700091456\n|-activate|p1a: Togepiss|confusion\n|move|p1a: Togepiss|Air Slash|p2a: Hatterene\n|-damage|p2a: Hatterene|15\/100\n|cant|p2a: Hatterene|flinch\n|\n|-weather|none\n|-heal|p1a: Togepiss|56\/100|[from] item: Leftovers\n|-heal|p2a: Hatterene|21\/100|[from] item: Leftovers\n|upkeep\n|turn|12\n|\n|t:|1700091462\n|-activate|p1a: Togepiss|confusion\n|-damage|p1a: Togepiss|52\/100|[from] confusion\n|move|p2a: Hatterene|Psychic|p1a: Togepiss\n|-damage|p1a: Togepiss|4\/100\n|\n|-heal|p1a: Togepiss|11\/100|[from] item: Leftovers\n|-heal|p2a: Hatterene|27\/100|[from] item: Leftovers\n|upkeep\n|turn|13\n|\n|t:|1700091466\n|-activate|p1a: Togepiss|confusion\n|-damage|p1a: Togepiss|7\/100|[from] confusion\n|move|p2a: Hatterene|Psychic|p1a: Togepiss\n|-damage|p1a: Togepiss|0 fnt\n|faint|p1a: Togepiss\n|\n|-heal|p2a: Hatterene|33\/100|[from] item: Leftovers\n|upkeep\n|c|\u2606mannmilk|...\n|c|\u2606erik shawn|my bad\n|\n|t:|1700091473\n|switch|p1a: \ud83d\ude02\ud83d\ude02\ud83d\ude02|Dusknoir, M|100\/100\n|-item|p2a: Hatterene|Leftovers|[from] ability: Frisk|[of] p1a: \ud83d\ude02\ud83d\ude02\ud83d\ude02|[identify]\n|turn|14\n|c|\u2606erik shawn|it was a misclick\n|c|\u2606erik shawn|i forgot to turn off my hacks\n|\n|t:|1700091482\n|move|p1a: \ud83d\ude02\ud83d\ude02\ud83d\ude02|Poltergeist|p2a: Hatterene\n|-activate|p2a: Hatterene|move: Poltergeist|Leftovers\n|-supereffective|p2a: Hatterene\n|-damage|p2a: Hatterene|0 fnt\n|faint|p2a: Hatterene\n|-damage|p1a: \ud83d\ude02\ud83d\ude02\ud83d\ude02|91\/100|[from] item: Life Orb\n|\n|upkeep\n|c|\u2606mannmilk|lol\n|\n|t:|1700091486\n|switch|p2a: Ogerpon|Ogerpon-Wellspring, F|100\/100\n|turn|15\n|c|\u2606mannmilk|i die now\n|\n|t:|1700091492\n|move|p2a: Ogerpon|Spiky Shield|p2a: Ogerpon\n|-singleturn|p2a: Ogerpon|move: Protect\n|move|p1a: \ud83d\ude02\ud83d\ude02\ud83d\ude02|Trick Room|p1a: \ud83d\ude02\ud83d\ude02\ud83d\ude02\n|-fieldstart|move: Trick Room|[of] p1a: \ud83d\ude02\ud83d\ude02\ud83d\ude02\n|\n|upkeep\n|turn|16\n|c|\u2606erik shawn|yes\n|\n|t:|1700091497\n|move|p1a: \ud83d\ude02\ud83d\ude02\ud83d\ude02|Poltergeist|p2a: Ogerpon\n|-activate|p2a: Ogerpon|move: Poltergeist|Wellspring Mask\n|-damage|p2a: Ogerpon|3\/100\n|-damage|p1a: \ud83d\ude02\ud83d\ude02\ud83d\ude02|81\/100|[from] item: Life Orb\n|move|p2a: Ogerpon|Horn Leech|p1a: \ud83d\ude02\ud83d\ude02\ud83d\ude02\n|-damage|p1a: \ud83d\ude02\ud83d\ude02\ud83d\ude02|39\/100\n|-heal|p2a: Ogerpon|20\/100|[from] drain|[of] p1a: \ud83d\ude02\ud83d\ude02\ud83d\ude02\n|\n|upkeep\n|turn|17\n|\n|t:|1700091510\n|move|p2a: Ogerpon|Spiky Shield|p2a: Ogerpon\n|-singleturn|p2a: Ogerpon|move: Protect\n|move|p1a: \ud83d\ude02\ud83d\ude02\ud83d\ude02|Power-Up Punch|p2a: Ogerpon\n|-activate|p2a: Ogerpon|move: Protect\n|-damage|p1a: \ud83d\ude02\ud83d\ude02\ud83d\ude02|26\/100|[from] Spiky Shield|[of] p2a: Ogerpon\n|\n|upkeep\n|turn|18\n|\n|t:|1700091515\n|move|p1a: \ud83d\ude02\ud83d\ude02\ud83d\ude02|Poltergeist|p2a: Ogerpon\n|-activate|p2a: Ogerpon|move: Poltergeist|Wellspring Mask\n|-damage|p2a: Ogerpon|0 fnt\n|faint|p2a: Ogerpon\n|-damage|p1a: \ud83d\ude02\ud83d\ude02\ud83d\ude02|17\/100|[from] item: Life Orb\n|\n|upkeep\n|\n|t:|1700091518\n|switch|p2a: Manaphy|Manaphy|100\/100\n|turn|19\n|\n|t:|1700091520\n|move|p1a: \ud83d\ude02\ud83d\ude02\ud83d\ude02|Pain Split|p2a: Manaphy\n|-sethp|p2a: Manaphy|55\/100|[from] move: Pain Split|[silent]\n|-sethp|p1a: \ud83d\ude02\ud83d\ude02\ud83d\ude02|96\/100|[from] move: Pain Split\n|move|p2a: Manaphy|Scald|p1a: \ud83d\ude02\ud83d\ude02\ud83d\ude02\n|-damage|p1a: \ud83d\ude02\ud83d\ude02\ud83d\ude02|70\/100\n|\n|-heal|p2a: Manaphy|61\/100|[from] item: Leftovers\n|-fieldend|move: Trick Room\n|upkeep\n|turn|20\n|\n|t:|1700091524\n|move|p2a: Manaphy|Acid Armor|p2a: Manaphy\n|-boost|p2a: Manaphy|def|2\n|move|p1a: \ud83d\ude02\ud83d\ude02\ud83d\ude02|Trick Room|p1a: \ud83d\ude02\ud83d\ude02\ud83d\ude02\n|-fieldstart|move: Trick Room|[of] p1a: \ud83d\ude02\ud83d\ude02\ud83d\ude02\n|\n|-heal|p2a: Manaphy|67\/100|[from] item: Leftovers\n|upkeep\n|turn|21\n|c|\u2606mannmilk|yamon\n|\n|t:|1700091529\n|move|p1a: \ud83d\ude02\ud83d\ude02\ud83d\ude02|Power-Up Punch|p2a: Manaphy\n|-damage|p2a: Manaphy|60\/100\n|-boost|p1a: \ud83d\ude02\ud83d\ude02\ud83d\ude02|atk|1\n|-damage|p1a: \ud83d\ude02\ud83d\ude02\ud83d\ude02|60\/100|[from] item: Life Orb\n|move|p2a: Manaphy|Acid Armor|p2a: Manaphy\n|-boost|p2a: Manaphy|def|2\n|\n|-heal|p2a: Manaphy|66\/100|[from] item: Leftovers\n|upkeep\n|turn|22\n|\n|t:|1700091533\n|move|p1a: \ud83d\ude02\ud83d\ude02\ud83d\ude02|Power-Up Punch|p2a: Manaphy\n|-damage|p2a: Manaphy|59\/100\n|-boost|p1a: \ud83d\ude02\ud83d\ude02\ud83d\ude02|atk|1\n|-damage|p1a: \ud83d\ude02\ud83d\ude02\ud83d\ude02|50\/100|[from] item: Life Orb\n|move|p2a: Manaphy|Acid Armor|p2a: Manaphy\n|-boost|p2a: Manaphy|def|2\n|\n|-heal|p2a: Manaphy|66\/100|[from] item: Leftovers\n|upkeep\n|turn|23\n|\n|t:|1700091539\n|move|p1a: \ud83d\ude02\ud83d\ude02\ud83d\ude02|Pain Split|p2a: Manaphy\n|-sethp|p2a: Manaphy|47\/100|[from] move: Pain Split|[silent]\n|-sethp|p1a: \ud83d\ude02\ud83d\ude02\ud83d\ude02|82\/100|[from] move: Pain Split\n|move|p2a: Manaphy|Scald|p1a: \ud83d\ude02\ud83d\ude02\ud83d\ude02\n|-damage|p1a: \ud83d\ude02\ud83d\ude02\ud83d\ude02|55\/100\n|\n|-heal|p2a: Manaphy|53\/100|[from] item: Leftovers\n|upkeep\n|turn|24\n|c|\u2606mannmilk|praying for a crit\n|\n|t:|1700091551\n|move|p1a: \ud83d\ude02\ud83d\ude02\ud83d\ude02|Poltergeist|p2a: Manaphy\n|-activate|p2a: Manaphy|move: Poltergeist|Leftovers\n|-damage|p2a: Manaphy|26\/100\n|-damage|p1a: \ud83d\ude02\ud83d\ude02\ud83d\ude02|46\/100|[from] item: Life Orb\n|move|p2a: Manaphy|Take Heart|p2a: Manaphy\n|-boost|p2a: Manaphy|spa|1\n|-boost|p2a: Manaphy|spd|1\n|\n|-heal|p2a: Manaphy|32\/100|[from] item: Leftovers\n|-fieldend|move: Trick Room\n|upkeep\n|turn|25\n|c|\u2606mannmilk|take heart??\n|\n|t:|1700091563\n|-terastallize|p2a: Manaphy|Water\n|move|p2a: Manaphy|Scald|p1a: \ud83d\ude02\ud83d\ude02\ud83d\ude02\n|-damage|p1a: \ud83d\ude02\ud83d\ude02\ud83d\ude02|0 fnt\n|faint|p1a: \ud83d\ude02\ud83d\ude02\ud83d\ude02\n|\n|win|erik shawn\n|raw|mannmilk's rating: 1253 &rarr; <strong>1226<\/strong><br \/>(-27 for losing)\n|raw|erik shawn's rating: 1227 &rarr; <strong>1254<\/strong><br \/>(+27 for winning)\n|c|\u2606erik shawn|it was a misclick\n|l|\u2606mannmilk\n|c|\u2606erik shawn|gg i guess\n|l|\u2606erik shawn\n|j|\u2606erik shawn\n|player|p2|erik shawn|2\n","uploadtime":1700091627,"views":6,"p1id":"mannmilk","p2id":"erikshawn","formatid":"gen9nationaldex","rating":1226,"private":0,"password":""}