{"id":"gen9nationaldex-1989695221","p1":"john's spicy alt","p2":"southeast sirius","format":"[Gen 9] National Dex","log":"|j|\u2606john's spicy alt\n|j|\u2606southeast sirius\n|t:|1699887650\n|gametype|singles\n|player|p1|john's spicy alt|emmet|1494\n|player|p2|southeast sirius|swimmerf-gen6|1538\n|teamsize|p1|6\n|teamsize|p2|6\n|gen|9\n|tier|[Gen 9] National Dex\n|rated|\n|rule|HP Percentage Mod: HP is shown in percentages\n|rule|Endless Battle Clause: Forcing endless battles is banned\n|rule|OHKO Clause: OHKO moves are banned\n|rule|Evasion Clause: Evasion abilities, items, and moves are banned\n|rule|Evasion Abilities Clause: Evasion abilities are banned\n|rule|Evasion Items Clause: Evasion items are banned\n|rule|Evasion Moves Clause: Evasion moves are banned\n|rule|Species Clause: Limit one of each Pok\u00e9mon\n|rule|Sleep Clause Mod: Limit one foe put to sleep\n|clearpoke\n|poke|p1|Mawile, F|\n|poke|p1|Blacephalon|\n|poke|p1|Tapu Lele|\n|poke|p1|Dracozolt|\n|poke|p1|Landorus-Therian, M|\n|poke|p1|Slowbro, F|\n|poke|p2|Cresselia, F|\n|poke|p2|Skarmory, F|\n|poke|p2|Toxapex, F|\n|poke|p2|Garganacl, M|\n|poke|p2|Gliscor, M|\n|poke|p2|Lopunny, F|\n|teampreview\n|inactive|Battle timer is ON: inactive players will automatically lose when time's up. (requested by john's spicy alt)\n|\n|t:|1699887672\n|start\n|switch|p1a: Dracozolt|Dracozolt, shiny|100\/100\n|switch|p2a: Gliscor|Gliscor, M|100\/100\n|turn|1\n|\n|t:|1699887681\n|switch|p1a: el gato|Landorus-Therian, M, shiny|100\/100\n|-ability|p1a: el gato|Intimidate|boost\n|-unboost|p2a: Gliscor|atk|1\n|move|p2a: Gliscor|Stealth Rock|p1a: el gato\n|-sidestart|p1: john's spicy alt|move: Stealth Rock\n|\n|-status|p2a: Gliscor|tox|[from] item: Toxic Orb\n|upkeep\n|turn|2\n|\n|t:|1699887688\n|move|p2a: Gliscor|Knock Off|p1a: el gato\n|-damage|p1a: el gato|91\/100\n|-damage|p2a: Gliscor|84\/100 tox|[from] item: Rocky Helmet|[of] p1a: el gato\n|-enditem|p1a: el gato|Rocky Helmet|[from] move: Knock Off|[of] p2a: Gliscor\n|move|p1a: el gato|Stealth Rock|p2a: Gliscor\n|-sidestart|p2: southeast sirius|move: Stealth Rock\n|\n|-heal|p2a: Gliscor|97\/100 tox|[from] ability: Poison Heal\n|upkeep\n|turn|3\n|\n|t:|1699887702\n|move|p2a: Gliscor|Knock Off|p1a: el gato\n|-damage|p1a: el gato|83\/100\n|move|p1a: el gato|U-turn|p2a: Gliscor\n|-resisted|p2a: Gliscor\n|-damage|p2a: Gliscor|88\/100 tox\n|\n|t:|1699887714\n|switch|p1a: Pomni|Blacephalon, shiny|100\/100|[from] U-turn\n|-damage|p1a: Pomni|76\/100|[from] Stealth Rock\n|\n|-heal|p2a: Gliscor|100\/100 tox|[from] ability: Poison Heal\n|upkeep\n|turn|4\n|\n|t:|1699887732\n|move|p1a: Pomni|Flamethrower|p2a: Gliscor\n|-damage|p2a: Gliscor|39\/100 tox\n|move|p2a: Gliscor|Earthquake|p1a: Pomni\n|-supereffective|p1a: Pomni\n|-damage|p1a: Pomni|0 fnt\n|faint|p1a: Pomni\n|\n|-heal|p2a: Gliscor|52\/100 tox|[from] ability: Poison Heal\n|upkeep\n|\n|t:|1699887749\n|switch|p1a: Mawile|Mawile, F, shiny|100\/100\n|-damage|p1a: Mawile|95\/100|[from] Stealth Rock\n|-ability|p1a: Mawile|Intimidate|boost\n|-unboost|p2a: Gliscor|atk|1\n|turn|5\n|\n|t:|1699887755\n|switch|p2a: Toxapex|Toxapex, F|100\/100\n|detailschange|p1a: Mawile|Mawile-Mega, F, shiny\n|-mega|p1a: Mawile|Mawile|Mawilite\n|move|p1a: Mawile|Knock Off|p2a: Toxapex\n|-damage|p2a: Toxapex|59\/100\n|-enditem|p2a: Toxapex|Heavy-Duty Boots|[from] move: Knock Off|[of] p1a: Mawile\n|\n|upkeep\n|turn|6\n|\n|t:|1699887760\n|move|p1a: Mawile|Swords Dance|p1a: Mawile\n|-boost|p1a: Mawile|atk|2\n|move|p2a: Toxapex|Scald|p1a: Mawile\n|-damage|p1a: Mawile|75\/100\n|\n|upkeep\n|turn|7\n|\n|t:|1699887765\n|move|p1a: Mawile|Play Rough|p2a: Toxapex\n|-resisted|p2a: Toxapex\n|-damage|p2a: Toxapex|9\/100\n|move|p2a: Toxapex|Haze|p2a: Toxapex\n|-clearallboost\n|\n|upkeep\n|turn|8\n|\n|t:|1699887779\n|move|p1a: Mawile|Knock Off|p2a: Toxapex\n|-damage|p2a: Toxapex|0 fnt\n|faint|p2a: Toxapex\n|\n|upkeep\n|\n|t:|1699887782\n|switch|p2a: Skarmory|Skarmory, F|100\/100\n|-damage|p2a: Skarmory|88\/100|[from] Stealth Rock\n|turn|9\n|\n|t:|1699887788\n|switch|p1a: Dracozolt|Dracozolt, shiny|100\/100\n|-damage|p1a: Dracozolt|88\/100|[from] Stealth Rock\n|move|p2a: Skarmory|Iron Defense|p2a: Skarmory\n|-boost|p2a: Skarmory|def|2\n|\n|upkeep\n|turn|10\n|l|\u2606southeast sirius\n|inactive|southeast sirius disconnected and has a minute to reconnect!\n|player|p2|\n|j|\u2606southeast sirius\n|inactive|southeast sirius reconnected and has 125 seconds left.\n|player|p2|southeast sirius|swimmerf-gen6\n|inactive|southeast sirius has 120 seconds left.\n|\n|t:|1699887819\n|switch|p2a: Gliscor|Gliscor, M|52\/100 tox\n|-damage|p2a: Gliscor|39\/100 tox|[from] Stealth Rock\n|-terastallize|p1a: Dracozolt|Electric\n|move|p1a: Dracozolt|Bolt Beak|p2a: Gliscor\n|-immune|p2a: Gliscor\n|\n|-heal|p2a: Gliscor|52\/100 tox|[from] ability: Poison Heal\n|upkeep\n|turn|11\n|\n|t:|1699887823\n|switch|p1a: el gato|Landorus-Therian, M, shiny|83\/100\n|-damage|p1a: el gato|71\/100|[from] Stealth Rock\n|-ability|p1a: el gato|Intimidate|boost\n|-unboost|p2a: Gliscor|atk|1\n|move|p2a: Gliscor|Roost|p2a: Gliscor\n|-heal|p2a: Gliscor|100\/100 tox\n|-singleturn|p2a: Gliscor|move: Roost\n|\n|upkeep\n|turn|12\n|\n|t:|1699887827\n|move|p2a: Gliscor|Knock Off|p1a: el gato\n|-damage|p1a: el gato|64\/100\n|move|p1a: el gato|U-turn|p2a: Gliscor\n|-resisted|p2a: Gliscor\n|-damage|p2a: Gliscor|91\/100 tox\n|\n|t:|1699887837\n|switch|p1a: Tapu Lele|Tapu Lele|100\/100|[from] U-turn\n|-damage|p1a: Tapu Lele|88\/100|[from] Stealth Rock\n|-fieldstart|move: Psychic Terrain|[from] ability: Psychic Surge|[of] p1a: Tapu Lele\n|\n|-heal|p2a: Gliscor|100\/100 tox|[from] ability: Poison Heal\n|upkeep\n|turn|13\n|\n|t:|1699887843\n|move|p1a: Tapu Lele|Psychic|p2a: Gliscor\n|-damage|p2a: Gliscor|28\/100 tox\n|move|p2a: Gliscor|Knock Off|p1a: Tapu Lele\n|-damage|p1a: Tapu Lele|66\/100\n|-enditem|p1a: Tapu Lele|Choice Scarf|[from] move: Knock Off|[of] p2a: Gliscor\n|\n|-heal|p2a: Gliscor|41\/100 tox|[from] ability: Poison Heal\n|upkeep\n|turn|14\n|\n|t:|1699887855\n|switch|p2a: Cresselia|Cresselia, F|100\/100\n|-damage|p2a: Cresselia|88\/100|[from] Stealth Rock\n|move|p1a: Tapu Lele|Psychic|p2a: Cresselia\n|-resisted|p2a: Cresselia\n|-damage|p2a: Cresselia|70\/100\n|\n|upkeep\n|turn|15\n|\n|t:|1699887861\n|switch|p1a: Mawile|Mawile-Mega, F, shiny|75\/100\n|-damage|p1a: Mawile|69\/100|[from] Stealth Rock\n|move|p2a: Cresselia|Calm Mind|p2a: Cresselia\n|-boost|p2a: Cresselia|spa|1\n|-boost|p2a: Cresselia|spd|1\n|\n|upkeep\n|turn|16\n|\n|t:|1699887874\n|move|p2a: Cresselia|Stored Power|p1a: Mawile\n|-resisted|p1a: Mawile\n|-damage|p1a: Mawile|56\/100\n|move|p1a: Mawile|Swords Dance|p1a: Mawile\n|-boost|p1a: Mawile|atk|2\n|\n|-fieldend|move: Psychic Terrain\n|upkeep\n|turn|17\n|\n|t:|1699887881\n|switch|p2a: Skarmory|Skarmory, F|88\/100\n|-damage|p2a: Skarmory|76\/100|[from] Stealth Rock\n|move|p1a: Mawile|Knock Off|p2a: Skarmory\n|-damage|p2a: Skarmory|0 fnt\n|-damage|p1a: Mawile|40\/100|[from] item: Rocky Helmet|[of] p2a: Skarmory\n|-enditem|p2a: Skarmory|Rocky Helmet|[from] move: Knock Off|[of] p1a: Mawile\n|faint|p2a: Skarmory\n|\n|upkeep\n|\n|t:|1699887885\n|switch|p2a: Lopunny|Lopunny, F|100\/100\n|-damage|p2a: Lopunny|88\/100|[from] Stealth Rock\n|turn|18\n|\n|t:|1699887893\n|detailschange|p2a: Lopunny|Lopunny-Mega, F\n|-mega|p2a: Lopunny|Lopunny|Lopunnite\n|move|p2a: Lopunny|Fake Out|p1a: Mawile\n|-resisted|p1a: Mawile\n|-crit|p1a: Mawile\n|-damage|p1a: Mawile|25\/100\n|cant|p1a: Mawile|flinch\n|\n|upkeep\n|turn|19\n|\n|t:|1699887902\n|switch|p1a: bingus|Slowbro, F, shiny|100\/100\n|move|p2a: Lopunny|Close Combat|p1a: bingus\n|-resisted|p1a: bingus\n|-damage|p1a: bingus|82\/100\n|-unboost|p2a: Lopunny|def|1\n|-unboost|p2a: Lopunny|spd|1\n|\n|upkeep\n|turn|20\n|\n|t:|1699887912\n|switch|p2a: Cresselia|Cresselia, F|70\/100\n|-damage|p2a: Cresselia|57\/100|[from] Stealth Rock\n|move|p1a: bingus|Teleport|p1a: bingus\n|\n|t:|1699887915\n|switch|p1a: Mawile|Mawile-Mega, F, shiny|25\/100|[from] Teleport\n|-damage|p1a: Mawile|19\/100|[from] Stealth Rock\n|\n|upkeep\n|turn|21\n|\n|t:|1699887919\n|move|p2a: Cresselia|Moonblast|p1a: Mawile\n|-resisted|p1a: Mawile\n|-damage|p1a: Mawile|9\/100\n|move|p1a: Mawile|Play Rough|p2a: Cresselia\n|-damage|p2a: Cresselia|0 fnt\n|faint|p2a: Cresselia\n|\n|upkeep\n|\n|t:|1699887925\n|switch|p2a: Lopunny|Lopunny-Mega, F|88\/100\n|-damage|p2a: Lopunny|82\/100|[from] Stealth Rock\n|turn|22\n|\n|t:|1699887930\n|switch|p1a: bingus|Slowbro, F, shiny|100\/100\n|move|p2a: Lopunny|Fake Out|p1a: bingus\n|-damage|p1a: bingus|87\/100\n|\n|upkeep\n|turn|23\n|\n|t:|1699887934\n|move|p2a: Lopunny|Frustration|p1a: bingus\n|-damage|p1a: bingus|53\/100\n|move|p1a: bingus|Teleport|p1a: bingus\n|\n|t:|1699887938\n|switch|p1a: Dracozolt|Dracozolt, shiny, tera:Electric|88\/100|[from] Teleport\n|-damage|p1a: Dracozolt|76\/100|[from] Stealth Rock\n|\n|upkeep\n|turn|24\n|\n|t:|1699887941\n|switch|p2a: Gliscor|Gliscor, M|41\/100 tox\n|-damage|p2a: Gliscor|28\/100 tox|[from] Stealth Rock\n|move|p1a: Dracozolt|Bolt Beak|p2a: Gliscor\n|-immune|p2a: Gliscor\n|\n|-heal|p2a: Gliscor|41\/100 tox|[from] ability: Poison Heal\n|upkeep\n|turn|25\n|\n|t:|1699887946\n|switch|p1a: el gato|Landorus-Therian, M, shiny|64\/100\n|-damage|p1a: el gato|52\/100|[from] Stealth Rock\n|-ability|p1a: el gato|Intimidate|boost\n|-unboost|p2a: Gliscor|atk|1\n|move|p2a: Gliscor|Roost|p2a: Gliscor\n|-heal|p2a: Gliscor|91\/100 tox\n|-singleturn|p2a: Gliscor|move: Roost\n|\n|-heal|p2a: Gliscor|100\/100 tox|[from] ability: Poison Heal\n|upkeep\n|turn|26\n|\n|t:|1699887950\n|move|p2a: Gliscor|Knock Off|p1a: el gato\n|-damage|p1a: el gato|45\/100\n|move|p1a: el gato|U-turn|p2a: Gliscor\n|-resisted|p2a: Gliscor\n|-damage|p2a: Gliscor|92\/100 tox\n|\n|t:|1699887956\n|switch|p1a: Tapu Lele|Tapu Lele|66\/100|[from] U-turn\n|-damage|p1a: Tapu Lele|54\/100|[from] Stealth Rock\n|-fieldstart|move: Psychic Terrain|[from] ability: Psychic Surge|[of] p1a: Tapu Lele\n|\n|-heal|p2a: Gliscor|100\/100 tox|[from] ability: Poison Heal\n|upkeep\n|turn|27\n|\n|t:|1699887959\n|move|p1a: Tapu Lele|Psychic|p2a: Gliscor\n|-damage|p2a: Gliscor|35\/100 tox\n|move|p2a: Gliscor|Earthquake|p1a: Tapu Lele\n|-damage|p1a: Tapu Lele|20\/100\n|\n|-heal|p2a: Gliscor|47\/100 tox|[from] ability: Poison Heal\n|upkeep\n|turn|28\n|\n|t:|1699887964\n|move|p1a: Tapu Lele|Psychic|p2a: Gliscor\n|-damage|p2a: Gliscor|0 fnt\n|faint|p2a: Gliscor\n|\n|upkeep\n|\n|t:|1699887968\n|switch|p2a: Lopunny|Lopunny-Mega, F|82\/100\n|-damage|p2a: Lopunny|77\/100|[from] Stealth Rock\n|turn|29\n|\n|t:|1699887971\n|move|p2a: Lopunny|Frustration|p1a: Tapu Lele\n|-damage|p1a: Tapu Lele|0 fnt\n|faint|p1a: Tapu Lele\n|\n|upkeep\n|\n|t:|1699887975\n|switch|p1a: Dracozolt|Dracozolt, shiny, tera:Electric|76\/100\n|-damage|p1a: Dracozolt|63\/100|[from] Stealth Rock\n|turn|30\n|\n|t:|1699887980\n|move|p1a: Dracozolt|Bolt Beak|p2a: Lopunny\n|-damage|p2a: Lopunny|0 fnt\n|faint|p2a: Lopunny\n|\n|-fieldend|move: Psychic Terrain\n|upkeep\n|\n|t:|1699887982\n|switch|p2a: Garganacl|Garganacl, M|100\/100\n|-damage|p2a: Garganacl|88\/100|[from] Stealth Rock\n|turn|31\n|c|\u2606john's spicy alt|ggs\n|\n|t:|1699887991\n|-terastallize|p2a: Garganacl|Dragon\n|move|p1a: Dracozolt|Bolt Beak|p2a: Garganacl|[miss]\n|-miss|p1a: Dracozolt|p2a: Garganacl\n|move|p2a: Garganacl|Iron Defense|p2a: Garganacl\n|-boost|p2a: Garganacl|def|2\n|\n|-heal|p2a: Garganacl|94\/100|[from] item: Leftovers\n|upkeep\n|turn|32\n|\n|t:|1699888000\n|move|p1a: Dracozolt|Bolt Beak|p2a: Garganacl\n|-resisted|p2a: Garganacl\n|-damage|p2a: Garganacl|69\/100\n|move|p2a: Garganacl|Salt Cure|p1a: Dracozolt\n|-damage|p1a: Dracozolt|46\/100\n|-start|p1a: Dracozolt|Salt Cure\n|\n|-heal|p2a: Garganacl|75\/100|[from] item: Leftovers\n|-damage|p1a: Dracozolt|34\/100|[from] Salt Cure\n|upkeep\n|turn|33\n|\n|t:|1699888013\n|switch|p1a: el gato|Landorus-Therian, M, shiny|45\/100\n|-damage|p1a: el gato|33\/100|[from] Stealth Rock\n|-ability|p1a: el gato|Intimidate|boost\n|-unboost|p2a: Garganacl|atk|1\n|move|p2a: Garganacl|Iron Defense|p2a: Garganacl\n|-boost|p2a: Garganacl|def|2\n|\n|-heal|p2a: Garganacl|81\/100|[from] item: Leftovers\n|upkeep\n|turn|34\n|\n|t:|1699888021\n|move|p1a: el gato|Earthquake|p2a: Garganacl\n|-damage|p2a: Garganacl|69\/100\n|move|p2a: Garganacl|Recover|p2a: Garganacl\n|-heal|p2a: Garganacl|100\/100\n|\n|upkeep\n|turn|35\n|l|\u2606southeast sirius\n|inactive|southeast sirius disconnected and has a minute to reconnect!\n|player|p2|\n|j|\u2606southeast sirius\n|inactive|southeast sirius reconnected and has 125 seconds left.\n|player|p2|southeast sirius|swimmerf-gen6\n|\n|t:|1699888050\n|move|p1a: el gato|U-turn|p2a: Garganacl\n|-damage|p2a: Garganacl|95\/100\n|\n|t:|1699888054\n|switch|p1a: bingus|Slowbro, F, shiny|86\/100|[from] U-turn\n|move|p2a: Garganacl|Iron Defense|p2a: Garganacl\n|-boost|p2a: Garganacl|def|2\n|\n|-heal|p2a: Garganacl|100\/100|[from] item: Leftovers\n|upkeep\n|turn|36\n|\n|t:|1699888057\n|move|p2a: Garganacl|Salt Cure|p1a: bingus\n|-damage|p1a: bingus|81\/100\n|-start|p1a: bingus|Salt Cure\n|move|p1a: bingus|Teleport|p1a: bingus\n|\n|t:|1699888061\n|switch|p1a: Mawile|Mawile-Mega, F, shiny|9\/100|[from] Teleport\n|-damage|p1a: Mawile|3\/100|[from] Stealth Rock\n|\n|upkeep\n|turn|37\n|\n|t:|1699888068\n|move|p1a: Mawile|Play Rough|p2a: Garganacl\n|-supereffective|p2a: Garganacl\n|-damage|p2a: Garganacl|69\/100\n|move|p2a: Garganacl|Body Press|p1a: Mawile\n|-damage|p1a: Mawile|0 fnt\n|faint|p1a: Mawile\n|\n|-heal|p2a: Garganacl|75\/100|[from] item: Leftovers\n|upkeep\n|\n|t:|1699888074\n|switch|p1a: bingus|Slowbro, F, shiny|100\/100\n|turn|38\n|\n|t:|1699888079\n|move|p2a: Garganacl|Body Press|p1a: bingus\n|-resisted|p1a: bingus\n|-damage|p1a: bingus|71\/100\n|move|p1a: bingus|Teleport|p1a: bingus\n|\n|t:|1699888083\n|switch|p1a: el gato|Landorus-Therian, M, shiny|33\/100|[from] Teleport\n|-damage|p1a: el gato|20\/100|[from] Stealth Rock\n|-ability|p1a: el gato|Intimidate|boost\n|-unboost|p2a: Garganacl|atk|1\n|\n|-heal|p2a: Garganacl|82\/100|[from] item: Leftovers\n|upkeep\n|turn|39\n|\n|t:|1699888087\n|switch|p1a: bingus|Slowbro, F, shiny|100\/100\n|move|p2a: Garganacl|Body Press|p1a: bingus\n|-resisted|p1a: bingus\n|-damage|p1a: bingus|72\/100\n|\n|-heal|p2a: Garganacl|88\/100|[from] item: Leftovers\n|upkeep\n|turn|40\n|\n|t:|1699888091\n|move|p2a: Garganacl|Body Press|p1a: bingus\n|-resisted|p1a: bingus\n|-damage|p1a: bingus|45\/100\n|move|p1a: bingus|Teleport|p1a: bingus\n|\n|t:|1699888093\n|switch|p1a: el gato|Landorus-Therian, M, shiny|20\/100|[from] Teleport\n|-damage|p1a: el gato|8\/100|[from] Stealth Rock\n|-ability|p1a: el gato|Intimidate|boost\n|-unboost|p2a: Garganacl|atk|1\n|\n|-heal|p2a: Garganacl|94\/100|[from] item: Leftovers\n|upkeep\n|turn|41\n|\n|t:|1699888099\n|move|p1a: el gato|U-turn|p2a: Garganacl\n|-damage|p2a: Garganacl|90\/100\n|\n|t:|1699888102\n|switch|p1a: bingus|Slowbro, F, shiny|79\/100|[from] U-turn\n|move|p2a: Garganacl|Salt Cure|p1a: bingus\n|-damage|p1a: bingus|75\/100\n|-start|p1a: bingus|Salt Cure\n|\n|-heal|p2a: Garganacl|96\/100|[from] item: Leftovers\n|-damage|p1a: bingus|50\/100|[from] Salt Cure\n|upkeep\n|turn|42\n|\n|t:|1699888107\n|move|p2a: Garganacl|Body Press|p1a: bingus\n|-resisted|p1a: bingus\n|-damage|p1a: bingus|24\/100\n|move|p1a: bingus|Slack Off|p1a: bingus\n|-heal|p1a: bingus|74\/100\n|\n|-heal|p2a: Garganacl|100\/100|[from] item: Leftovers\n|-damage|p1a: bingus|49\/100|[from] Salt Cure\n|upkeep\n|turn|43\n|\n|t:|1699888112\n|move|p2a: Garganacl|Body Press|p1a: bingus\n|-resisted|p1a: bingus\n|-damage|p1a: bingus|24\/100\n|move|p1a: bingus|Teleport|p1a: bingus\n|-message|john's spicy alt forfeited.\n|\n|win|southeast sirius\n|raw|john&apos;s spicy alt's rating: 1494 &rarr; <strong>1477<\/strong><br \/>(-17 for losing)\n|raw|southeast sirius's rating: 1538 &rarr; <strong>1555<\/strong><br \/>(+17 for winning)\n|l|\u2606john's spicy alt\n","uploadtime":1699888134,"views":6,"p1id":"johnsspicyalt","p2id":"southeastsirius","formatid":"gen9nationaldex","rating":1477,"private":0,"password":""}