{"id":"gen9nationaldex-1998818342","p1":"jujibalaoshi001","p2":"Extreme Speed POT","format":"[Gen 9] National Dex","log":"|html|<div class=\"broadcast-blue\"><strong>[Gen 9] National Dex is currently suspecting Sneasler! For information on how to participate check out the <a href=\"https:\/\/www.smogon.com\/forums\/threads\/sv-national-dex-suspect-8-just-dance.3731534\/\">suspect thread<\/a>.<\/strong><\/div>\n|j|\u2606jujibalaoshi001\n|j|\u2606Extreme Speed POT\n|t:|1700997118\n|gametype|singles\n|player|p1|jujibalaoshi001|hexmaniac-gen6|1400\n|player|p2|Extreme Speed POT|266|1396\n|teamsize|p1|6\n|teamsize|p2|6\n|gen|9\n|tier|[Gen 9] National Dex\n|rated|\n|rule|HP Percentage Mod: HP is shown in percentages\n|rule|Endless Battle Clause: Forcing endless battles is banned\n|rule|OHKO Clause: OHKO moves are banned\n|rule|Evasion Clause: Evasion abilities, items, and moves are banned\n|rule|Evasion Abilities Clause: Evasion abilities are banned\n|rule|Evasion Items Clause: Evasion items are banned\n|rule|Evasion Moves Clause: Evasion moves are banned\n|rule|Species Clause: Limit one of each Pok\u00e9mon\n|rule|Sleep Clause Mod: Limit one foe put to sleep\n|clearpoke\n|poke|p1|Silvally-*|\n|poke|p1|Decidueye-Hisui, M|\n|poke|p1|Landorus-Therian, M|\n|poke|p1|Celesteela|\n|poke|p1|Azelf|\n|poke|p1|Heatran, M|\n|poke|p2|Urshifu-*, F|\n|poke|p2|Heatran, F|\n|poke|p2|Ogerpon-Wellspring, F|\n|poke|p2|Corviknight, F|\n|poke|p2|Clodsire, F|\n|poke|p2|Diancie|\n|teampreview\n|\n|t:|1700997136\n|start\n|switch|p1a: Heatran|Heatran, M|100\/100\n|switch|p2a: \u4e3a\u4ec0\u4e48\u9b54\u53cd\u4e0d\u53cd\u5a01\u5413|Diancie|100\/100\n|turn|1\n|\n|t:|1700997142\n|detailschange|p2a: \u4e3a\u4ec0\u4e48\u9b54\u53cd\u4e0d\u53cd\u5a01\u5413|Diancie-Mega\n|-mega|p2a: \u4e3a\u4ec0\u4e48\u9b54\u53cd\u4e0d\u53cd\u5a01\u5413|Diancie|Diancite\n|move|p2a: \u4e3a\u4ec0\u4e48\u9b54\u53cd\u4e0d\u53cd\u5a01\u5413|Earth Power|p1a: Heatran\n|-supereffective|p1a: Heatran\n|-damage|p1a: Heatran|5\/100\n|move|p1a: Heatran|Flash Cannon|p2a: \u4e3a\u4ec0\u4e48\u9b54\u53cd\u4e0d\u53cd\u5a01\u5413\n|-supereffective|p2a: \u4e3a\u4ec0\u4e48\u9b54\u53cd\u4e0d\u53cd\u5a01\u5413\n|-damage|p2a: \u4e3a\u4ec0\u4e48\u9b54\u53cd\u4e0d\u53cd\u5a01\u5413|0 fnt\n|faint|p2a: \u4e3a\u4ec0\u4e48\u9b54\u53cd\u4e0d\u53cd\u5a01\u5413\n|\n|upkeep\n|\n|t:|1700997159\n|switch|p2a: \u718a\u5e08\u5085\u5207\u4ed6\u4e2d\u8def|Urshifu-Rapid-Strike, F|100\/100\n|turn|2\n|\n|t:|1700997167\n|move|p2a: \u718a\u5e08\u5085\u5207\u4ed6\u4e2d\u8def|Surging Strikes|p1a: Heatran\n|-supereffective|p1a: Heatran\n|-crit|p1a: Heatran\n|-damage|p1a: Heatran|0 fnt\n|faint|p1a: Heatran\n|-hitcount|p1: Heatran|1\n|\n|upkeep\n|\n|t:|1700997174\n|switch|p1a: Decidueye|Decidueye-Hisui, M|100\/100\n|turn|3\n|\n|t:|1700997185\n|switch|p2a: \u73a9\u5927\u94a2\u70ae\u73a9\u5f97|Heatran, F|100\/100\n|move|p1a: Decidueye|Bulk Up|p1a: Decidueye\n|-boost|p1a: Decidueye|atk|1\n|-boost|p1a: Decidueye|def|1\n|\n|upkeep\n|turn|4\n|\n|t:|1700997205\n|move|p2a: \u73a9\u5927\u94a2\u70ae\u73a9\u5f97|Lava Plume|p1a: Decidueye\n|-supereffective|p1a: Decidueye\n|-damage|p1a: Decidueye|56\/100\n|-status|p1a: Decidueye|brn\n|move|p1a: Decidueye|Triple Arrows|p2a: \u73a9\u5927\u94a2\u70ae\u73a9\u5f97\n|-supereffective|p2a: \u73a9\u5927\u94a2\u70ae\u73a9\u5f97\n|-damage|p2a: \u73a9\u5927\u94a2\u70ae\u73a9\u5f97|66\/100\n|\n|-heal|p2a: \u73a9\u5927\u94a2\u70ae\u73a9\u5f97|72\/100|[from] item: Leftovers\n|-heal|p1a: Decidueye|62\/100 brn|[from] item: Leftovers\n|-damage|p1a: Decidueye|56\/100 brn|[from] brn\n|upkeep\n|turn|5\n|\n|t:|1700997221\n|move|p2a: \u73a9\u5927\u94a2\u70ae\u73a9\u5f97|Stealth Rock|p1a: Decidueye\n|-sidestart|p1: jujibalaoshi001|move: Stealth Rock\n|move|p1a: Decidueye|Triple Arrows|p2a: \u73a9\u5927\u94a2\u70ae\u73a9\u5f97\n|-supereffective|p2a: \u73a9\u5927\u94a2\u70ae\u73a9\u5f97\n|-damage|p2a: \u73a9\u5927\u94a2\u70ae\u73a9\u5f97|40\/100\n|-unboost|p2a: \u73a9\u5927\u94a2\u70ae\u73a9\u5f97|def|1\n|\n|-heal|p2a: \u73a9\u5927\u94a2\u70ae\u73a9\u5f97|46\/100|[from] item: Leftovers\n|-heal|p1a: Decidueye|62\/100 brn|[from] item: Leftovers\n|-damage|p1a: Decidueye|56\/100 brn|[from] brn\n|upkeep\n|turn|6\n|\n|t:|1700997232\n|move|p2a: \u73a9\u5927\u94a2\u70ae\u73a9\u5f97|Lava Plume|p1a: Decidueye\n|-supereffective|p1a: Decidueye\n|-damage|p1a: Decidueye|13\/100 brn\n|move|p1a: Decidueye|Bulk Up|p1a: Decidueye\n|-boost|p1a: Decidueye|atk|1\n|-boost|p1a: Decidueye|def|1\n|\n|-heal|p2a: \u73a9\u5927\u94a2\u70ae\u73a9\u5f97|53\/100|[from] item: Leftovers\n|-heal|p1a: Decidueye|19\/100 brn|[from] item: Leftovers\n|-damage|p1a: Decidueye|13\/100 brn|[from] brn\n|upkeep\n|turn|7\n|\n|t:|1700997244\n|move|p2a: \u73a9\u5927\u94a2\u70ae\u73a9\u5f97|Lava Plume|p1a: Decidueye\n|-supereffective|p1a: Decidueye\n|-damage|p1a: Decidueye|0 fnt\n|faint|p1a: Decidueye\n|\n|-heal|p2a: \u73a9\u5927\u94a2\u70ae\u73a9\u5f97|59\/100|[from] item: Leftovers\n|upkeep\n|\n|t:|1700997252\n|switch|p1a: Landorus|Landorus-Therian, M|100\/100\n|-damage|p1a: Landorus|88\/100|[from] Stealth Rock\n|-ability|p1a: Landorus|Intimidate|boost\n|-unboost|p2a: \u73a9\u5927\u94a2\u70ae\u73a9\u5f97|atk|1\n|turn|8\n|\n|t:|1700997260\n|switch|p2a: \u718a\u5e08\u5085\u5207\u4ed6\u4e2d\u8def|Urshifu-Rapid-Strike, F|100\/100\n|move|p1a: Landorus|Earthquake|p2a: \u718a\u5e08\u5085\u5207\u4ed6\u4e2d\u8def\n|-damage|p2a: \u718a\u5e08\u5085\u5207\u4ed6\u4e2d\u8def|49\/100\n|\n|upkeep\n|turn|9\n|\n|t:|1700997273\n|-terastallize|p1a: Landorus|Water\n|move|p2a: \u718a\u5e08\u5085\u5207\u4ed6\u4e2d\u8def|Surging Strikes|p1a: Landorus\n|-resisted|p1a: Landorus\n|-crit|p1a: Landorus\n|-damage|p1a: Landorus|76\/100\n|-damage|p2a: \u718a\u5e08\u5085\u5207\u4ed6\u4e2d\u8def|32\/100|[from] item: Rocky Helmet|[of] p1a: Landorus\n|-resisted|p1a: Landorus\n|-crit|p1a: Landorus\n|-damage|p1a: Landorus|64\/100\n|-damage|p2a: \u718a\u5e08\u5085\u5207\u4ed6\u4e2d\u8def|16\/100|[from] item: Rocky Helmet|[of] p1a: Landorus\n|-resisted|p1a: Landorus\n|-crit|p1a: Landorus\n|-damage|p1a: Landorus|52\/100\n|-damage|p2a: \u718a\u5e08\u5085\u5207\u4ed6\u4e2d\u8def|0 fnt|[from] item: Rocky Helmet|[of] p1a: Landorus\n|faint|p2a: \u718a\u5e08\u5085\u5207\u4ed6\u4e2d\u8def\n|-hitcount|p1a: Landorus|3\n|move|p1a: Landorus|Swords Dance|p1a: Landorus\n|-boost|p1a: Landorus|atk|2\n|\n|upkeep\n|\n|t:|1700997288\n|switch|p2a: \u662f\u5144\u5f1f\u5c31\u8ba9\u6211\u6765\u4e24\u5200|Ogerpon-Wellspring, F|100\/100\n|turn|10\n|\n|t:|1700997294\n|move|p2a: \u662f\u5144\u5f1f\u5c31\u8ba9\u6211\u6765\u4e24\u5200|Horn Leech|p1a: Landorus\n|-supereffective|p1a: Landorus\n|-damage|p1a: Landorus|0 fnt\n|-damage|p2a: \u662f\u5144\u5f1f\u5c31\u8ba9\u6211\u6765\u4e24\u5200|84\/100|[from] item: Rocky Helmet|[of] p1a: Landorus\n|faint|p1a: Landorus\n|\n|upkeep\n|\n|t:|1700997303\n|switch|p1a: Azelf|Azelf|100\/100\n|-damage|p1a: Azelf|88\/100|[from] Stealth Rock\n|turn|11\n|\n|t:|1700997313\n|move|p1a: Azelf|Taunt|p2a: \u662f\u5144\u5f1f\u5c31\u8ba9\u6211\u6765\u4e24\u5200\n|-start|p2a: \u662f\u5144\u5f1f\u5c31\u8ba9\u6211\u6765\u4e24\u5200|move: Taunt\n|move|p2a: \u662f\u5144\u5f1f\u5c31\u8ba9\u6211\u6765\u4e24\u5200|Knock Off|p1a: Azelf\n|-supereffective|p1a: Azelf\n|-damage|p1a: Azelf|0 fnt\n|-enditem|p1a: Azelf|Focus Sash|[from] move: Knock Off|[of] p2a: \u662f\u5144\u5f1f\u5c31\u8ba9\u6211\u6765\u4e24\u5200\n|faint|p1a: Azelf\n|\n|upkeep\n|\n|t:|1700997322\n|switch|p1a: Celesteela|Celesteela|100\/100\n|-damage|p1a: Celesteela|88\/100|[from] Stealth Rock\n|turn|12\n|\n|t:|1700997328\n|-terastallize|p2a: \u662f\u5144\u5f1f\u5c31\u8ba9\u6211\u6765\u4e24\u5200|Water\n|detailschange|p2a: \u662f\u5144\u5f1f\u5c31\u8ba9\u6211\u6765\u4e24\u5200|Ogerpon-Wellspring-Tera, F, tera:Water\n|-ability|p2a: \u662f\u5144\u5f1f\u5c31\u8ba9\u6211\u6765\u4e24\u5200|Embody Aspect (Wellspring)|boost\n|-boost|p2a: \u662f\u5144\u5f1f\u5c31\u8ba9\u6211\u6765\u4e24\u5200|spd|1\n|move|p2a: \u662f\u5144\u5f1f\u5c31\u8ba9\u6211\u6765\u4e24\u5200|Ivy Cudgel|p1a: Celesteela|[anim] Ivy Cudgel Water\n|-damage|p1a: Celesteela|3\/100\n|move|p1a: Celesteela|Autotomize|p1a: Celesteela\n|-boost|p1a: Celesteela|spe|2\n|-start|p1a: Celesteela|Autotomize\n|\n|upkeep\n|turn|13\n|\n|t:|1700997343\n|move|p1a: Celesteela|Air Slash|p2a: \u662f\u5144\u5f1f\u5c31\u8ba9\u6211\u6765\u4e24\u5200\n|-damage|p2a: \u662f\u5144\u5f1f\u5c31\u8ba9\u6211\u6765\u4e24\u5200|56\/100\n|move|p2a: \u662f\u5144\u5f1f\u5c31\u8ba9\u6211\u6765\u4e24\u5200|Ivy Cudgel|p1a: Celesteela|[anim] Ivy Cudgel Water\n|-damage|p1a: Celesteela|0 fnt\n|faint|p1a: Celesteela\n|\n|-end|p2a: \u662f\u5144\u5f1f\u5c31\u8ba9\u6211\u6765\u4e24\u5200|move: Taunt\n|upkeep\n|\n|t:|1700997349\n|switch|p1a: Silvally|Silvally|100\/100\n|-damage|p1a: Silvally|88\/100|[from] Stealth Rock\n|turn|14\n|\n|t:|1700997355\n|move|p2a: \u662f\u5144\u5f1f\u5c31\u8ba9\u6211\u6765\u4e24\u5200|Ivy Cudgel|p1a: Silvally|[anim] Ivy Cudgel Water\n|-damage|p1a: Silvally|8\/100\n|move|p1a: Silvally|Explosion|p2a: \u662f\u5144\u5f1f\u5c31\u8ba9\u6211\u6765\u4e24\u5200\n|-damage|p2a: \u662f\u5144\u5f1f\u5c31\u8ba9\u6211\u6765\u4e24\u5200|0 fnt\n|faint|p1a: Silvally\n|faint|p2a: \u662f\u5144\u5f1f\u5c31\u8ba9\u6211\u6765\u4e24\u5200\n|\n|win|Extreme Speed POT\n|raw|jujibalaoshi001's rating: 1400 &rarr; <strong>1380<\/strong><br \/>(-20 for losing)\n|raw|Extreme Speed POT's rating: 1396 &rarr; <strong>1416<\/strong><br \/>(+20 for winning)\n","uploadtime":1700997364,"views":8,"p1id":"jujibalaoshi001","p2id":"extremespeedpot","formatid":"gen9nationaldex","rating":1380,"private":0,"password":""}