{"id":"gen9nationaldex-1993994177","p1":"snowy2009","p2":"MickLizard","format":"[Gen 9] National Dex","log":"|j|\u2606snowy2009\n|j|\u2606MickLizard\n|t:|1700390049\n|gametype|singles\n|player|p1|snowy2009|265|1141\n|player|p2|MickLizard|265|1050\n|teamsize|p1|6\n|teamsize|p2|6\n|gen|9\n|tier|[Gen 9] National Dex\n|rated|\n|rule|HP Percentage Mod: HP is shown in percentages\n|rule|Endless Battle Clause: Forcing endless battles is banned\n|rule|OHKO Clause: OHKO moves are banned\n|rule|Evasion Clause: Evasion abilities, items, and moves are banned\n|rule|Evasion Abilities Clause: Evasion abilities are banned\n|rule|Evasion Items Clause: Evasion items are banned\n|rule|Evasion Moves Clause: Evasion moves are banned\n|rule|Species Clause: Limit one of each Pok\u00e9mon\n|rule|Sleep Clause Mod: Limit one foe put to sleep\n|clearpoke\n|poke|p1|Audino, F|\n|poke|p1|Toxapex, F|\n|poke|p1|Tornadus-Therian, M|\n|poke|p1|Alomomola, F|\n|poke|p1|Slowbro, F|\n|poke|p1|Reuniclus, F|\n|poke|p2|Clefable, F|\n|poke|p2|Cloyster, M|\n|poke|p2|Rillaboom, F|\n|poke|p2|Pelipper, F|\n|poke|p2|Camerupt, F|\n|poke|p2|Eelektross, M|\n|teampreview\n|\n|t:|1700390091\n|start\n|switch|p1a: Reuniclus|Reuniclus, F, shiny|100\/100\n|switch|p2a: Clefable|Clefable, F, shiny|100\/100\n|turn|1\n|\n|t:|1700390097\n|move|p2a: Clefable|Knock Off|p1a: Reuniclus\n|-supereffective|p1a: Reuniclus\n|-damage|p1a: Reuniclus|72\/100\n|-enditem|p1a: Reuniclus|Leftovers|[from] move: Knock Off|[of] p2a: Clefable\n|move|p1a: Reuniclus|Calm Mind|p1a: Reuniclus\n|-boost|p1a: Reuniclus|spa|1\n|-boost|p1a: Reuniclus|spd|1\n|\n|upkeep\n|turn|2\n|\n|t:|1700390113\n|move|p2a: Clefable|Knock Off|p1a: Reuniclus\n|-supereffective|p1a: Reuniclus\n|-damage|p1a: Reuniclus|55\/100\n|move|p1a: Reuniclus|Shadow Ball|p2a: Clefable\n|-damage|p2a: Clefable|78\/100\n|\n|-heal|p2a: Clefable|84\/100|[from] item: Leftovers\n|upkeep\n|turn|3\n|\n|t:|1700390120\n|move|p2a: Clefable|Knock Off|p1a: Reuniclus\n|-supereffective|p1a: Reuniclus\n|-damage|p1a: Reuniclus|37\/100\n|move|p1a: Reuniclus|Recover|p1a: Reuniclus\n|-heal|p1a: Reuniclus|87\/100\n|\n|-heal|p2a: Clefable|90\/100|[from] item: Leftovers\n|upkeep\n|turn|4\n|\n|t:|1700390138\n|move|p2a: Clefable|Knock Off|p1a: Reuniclus\n|-supereffective|p1a: Reuniclus\n|-damage|p1a: Reuniclus|70\/100\n|move|p1a: Reuniclus|Calm Mind|p1a: Reuniclus\n|-boost|p1a: Reuniclus|spa|1\n|-boost|p1a: Reuniclus|spd|1\n|\n|-heal|p2a: Clefable|96\/100|[from] item: Leftovers\n|upkeep\n|turn|5\n|\n|t:|1700390149\n|move|p2a: Clefable|Stealth Rock|p1a: Reuniclus\n|-sidestart|p1: snowy2009|move: Stealth Rock\n|move|p1a: Reuniclus|Recover|p1a: Reuniclus\n|-heal|p1a: Reuniclus|100\/100\n|\n|-heal|p2a: Clefable|100\/100|[from] item: Leftovers\n|upkeep\n|turn|6\n|\n|t:|1700390158\n|move|p2a: Clefable|Wish|p2a: Clefable\n|move|p1a: Reuniclus|Psychic|p2a: Clefable\n|-damage|p2a: Clefable|49\/100\n|\n|-heal|p2a: Clefable|56\/100|[from] item: Leftovers\n|upkeep\n|turn|7\n|\n|t:|1700390163\n|move|p2a: Clefable|Knock Off|p1a: Reuniclus\n|-supereffective|p1a: Reuniclus\n|-damage|p1a: Reuniclus|82\/100\n|move|p1a: Reuniclus|Psychic|p2a: Clefable\n|-damage|p2a: Clefable|5\/100\n|-unboost|p2a: Clefable|spd|1\n|\n|-heal|p2a: Clefable|55\/100|[from] move: Wish|[wisher] Clefable\n|-heal|p2a: Clefable|61\/100|[from] item: Leftovers\n|upkeep\n|turn|8\n|\n|t:|1700390176\n|switch|p2a: Eelektross|Eelektross, M|100\/100\n|move|p1a: Reuniclus|Psychic|p2a: Eelektross\n|-damage|p2a: Eelektross|65\/100\n|\n|upkeep\n|turn|9\n|\n|t:|1700390184\n|move|p1a: Reuniclus|Psychic|p2a: Eelektross\n|-damage|p2a: Eelektross|28\/100\n|move|p2a: Eelektross|Dragon Tail|p1a: Reuniclus\n|-damage|p1a: Reuniclus|69\/100\n|drag|p1a: Audino|Audino, F, shiny|100\/100\n|-damage|p1a: Audino|88\/100|[from] Stealth Rock\n|\n|-heal|p1a: Audino|94\/100|[from] item: Leftovers\n|upkeep\n|turn|10\n|\n|t:|1700390200\n|switch|p2a: Clefable|Clefable, F, shiny|61\/100\n|move|p1a: Audino|Ice Beam|p2a: Clefable\n|-damage|p2a: Clefable|52\/100\n|\n|-heal|p2a: Clefable|58\/100|[from] item: Leftovers\n|-heal|p1a: Audino|99\/100|[from] item: Leftovers\n|upkeep\n|turn|11\n|\n|t:|1700390209\n|move|p2a: Clefable|Wish|p2a: Clefable\n|move|p1a: Audino|Wish|p1a: Audino\n|\n|-heal|p2a: Clefable|64\/100|[from] item: Leftovers\n|-heal|p1a: Audino|100\/100|[from] item: Leftovers\n|upkeep\n|turn|12\n|\n|t:|1700390217\n|switch|p2a: Eelektross|Eelektross, M|28\/100\n|-terastallize|p1a: Audino|Electric\n|move|p1a: Audino|Thunderbolt|p2a: Eelektross\n|-resisted|p2a: Eelektross\n|-damage|p2a: Eelektross|23\/100\n|\n|-heal|p2a: Eelektross|75\/100|[from] move: Wish|[wisher] Clefable\n|upkeep\n|turn|13\n|\n|t:|1700390232\n|move|p1a: Audino|Ice Beam|p2a: Eelektross\n|-damage|p2a: Eelektross|68\/100\n|move|p2a: Eelektross|Dragon Tail|p1a: Audino\n|-damage|p1a: Audino|89\/100\n|drag|p1a: Tornadus|Tornadus-Therian, M, shiny|100\/100\n|-damage|p1a: Tornadus|76\/100|[from] Stealth Rock\n|\n|upkeep\n|turn|14\n|\n|t:|1700390243\n|move|p1a: Tornadus|Hurricane|p2a: Eelektross\n|-resisted|p2a: Eelektross\n|-damage|p2a: Eelektross|50\/100\n|-start|p2a: Eelektross|confusion\n|-damage|p1a: Tornadus|66\/100|[from] item: Life Orb\n|-activate|p2a: Eelektross|confusion\n|move|p2a: Eelektross|Discharge|p1a: Tornadus\n|-supereffective|p1a: Tornadus\n|-damage|p1a: Tornadus|0 fnt\n|faint|p1a: Tornadus\n|\n|upkeep\n|\n|t:|1700390264\n|switch|p1a: Reuniclus|Reuniclus, F, shiny|100\/100\n|-damage|p1a: Reuniclus|88\/100|[from] Stealth Rock\n|turn|15\n|\n|t:|1700390272\n|move|p1a: Reuniclus|Psychic|p2a: Eelektross\n|-damage|p2a: Eelektross|32\/100\n|-activate|p2a: Eelektross|confusion\n|move|p2a: Eelektross|U-turn|p1a: Reuniclus\n|-supereffective|p1a: Reuniclus\n|-damage|p1a: Reuniclus|60\/100\n|\n|t:|1700390278\n|switch|p2a: Rillaboom|Rillaboom, F|100\/100|[from] U-turn\n|-fieldstart|move: Grassy Terrain|[from] ability: Grassy Surge|[of] p2a: Rillaboom\n|\n|-heal|p1a: Reuniclus|66\/100|[from] Grassy Terrain\n|upkeep\n|turn|16\n|\n|t:|1700390288\n|move|p2a: Rillaboom|Knock Off|p1a: Reuniclus\n|-supereffective|p1a: Reuniclus\n|-damage|p1a: Reuniclus|13\/100\n|move|p1a: Reuniclus|Shadow Ball|p2a: Rillaboom\n|-damage|p2a: Rillaboom|73\/100\n|\n|-heal|p2a: Rillaboom|79\/100|[from] Grassy Terrain\n|-heal|p1a: Reuniclus|19\/100|[from] Grassy Terrain\n|upkeep\n|turn|17\n|\n|t:|1700390319\n|switch|p2a: Clefable|Clefable, F, shiny|64\/100\n|switch|p1a: Toxapex|Toxapex, F, shiny|100\/100\n|-damage|p1a: Toxapex|88\/100|[from] Stealth Rock\n|\n|-heal|p2a: Clefable|70\/100|[from] Grassy Terrain\n|-heal|p2a: Clefable|76\/100|[from] item: Leftovers\n|-heal|p1a: Toxapex|94\/100|[from] Grassy Terrain\n|-heal|p1a: Toxapex|100\/100|[from] item: Black Sludge\n|upkeep\n|turn|18\n|\n|t:|1700390332\n|move|p1a: Toxapex|Baneful Bunker|p1a: Toxapex\n|-singleturn|p1a: Toxapex|move: Protect\n|move|p2a: Clefable|Wish|p2a: Clefable\n|\n|-heal|p2a: Clefable|82\/100|[from] Grassy Terrain\n|-heal|p2a: Clefable|88\/100|[from] item: Leftovers\n|upkeep\n|turn|19\n|\n|t:|1700390343\n|switch|p2a: Eelektross|Eelektross, M|32\/100\n|move|p1a: Toxapex|Scald|p2a: Eelektross\n|-damage|p2a: Eelektross|22\/100\n|\n|-heal|p2a: Eelektross|75\/100|[from] move: Wish|[wisher] Clefable\n|-fieldend|move: Grassy Terrain\n|upkeep\n|turn|20\n|\n|t:|1700390353\n|move|p1a: Toxapex|Scald|p2a: Eelektross\n|-damage|p2a: Eelektross|65\/100\n|move|p2a: Eelektross|Discharge|p1a: Toxapex\n|-supereffective|p1a: Toxapex\n|-damage|p1a: Toxapex|58\/100\n|\n|-heal|p1a: Toxapex|65\/100|[from] item: Black Sludge\n|upkeep\n|turn|21\n|\n|t:|1700390362\n|move|p1a: Toxapex|Baneful Bunker|p1a: Toxapex\n|-singleturn|p1a: Toxapex|move: Protect\n|move|p2a: Eelektross|Discharge|p1a: Toxapex\n|-activate|p1a: Toxapex|move: Protect\n|\n|-heal|p1a: Toxapex|71\/100|[from] item: Black Sludge\n|upkeep\n|turn|22\n|\n|t:|1700390369\n|move|p1a: Toxapex|Recover|p1a: Toxapex\n|-heal|p1a: Toxapex|100\/100\n|move|p2a: Eelektross|Discharge|p1a: Toxapex\n|-supereffective|p1a: Toxapex\n|-crit|p1a: Toxapex\n|-damage|p1a: Toxapex|39\/100\n|\n|-heal|p1a: Toxapex|45\/100|[from] item: Black Sludge\n|upkeep\n|turn|23\n|\n|t:|1700390377\n|move|p1a: Toxapex|Recover|p1a: Toxapex\n|-heal|p1a: Toxapex|95\/100\n|move|p2a: Eelektross|Discharge|p1a: Toxapex\n|-supereffective|p1a: Toxapex\n|-damage|p1a: Toxapex|53\/100\n|\n|-heal|p1a: Toxapex|59\/100|[from] item: Black Sludge\n|upkeep\n|turn|24\n|\n|t:|1700390384\n|move|p1a: Toxapex|Baneful Bunker|p1a: Toxapex\n|-singleturn|p1a: Toxapex|move: Protect\n|move|p2a: Eelektross|Discharge|p1a: Toxapex\n|-activate|p1a: Toxapex|move: Protect\n|\n|-heal|p1a: Toxapex|65\/100|[from] item: Black Sludge\n|upkeep\n|turn|25\n|\n|t:|1700390391\n|move|p1a: Toxapex|Scald|p2a: Eelektross\n|-damage|p2a: Eelektross|56\/100\n|move|p2a: Eelektross|Discharge|p1a: Toxapex\n|-supereffective|p1a: Toxapex\n|-damage|p1a: Toxapex|22\/100\n|\n|-heal|p1a: Toxapex|28\/100|[from] item: Black Sludge\n|upkeep\n|turn|26\n|\n|t:|1700390400\n|move|p1a: Toxapex|Baneful Bunker|p1a: Toxapex\n|-singleturn|p1a: Toxapex|move: Protect\n|move|p2a: Eelektross|Discharge|p1a: Toxapex\n|-activate|p1a: Toxapex|move: Protect\n|\n|-heal|p1a: Toxapex|34\/100|[from] item: Black Sludge\n|upkeep\n|turn|27\n|\n|t:|1700390407\n|move|p1a: Toxapex|Recover|p1a: Toxapex\n|-heal|p1a: Toxapex|84\/100\n|move|p2a: Eelektross|Discharge|p1a: Toxapex\n|-supereffective|p1a: Toxapex\n|-damage|p1a: Toxapex|41\/100\n|\n|-heal|p1a: Toxapex|47\/100|[from] item: Black Sludge\n|upkeep\n|turn|28\n|\n|t:|1700390414\n|move|p1a: Toxapex|Recover|p1a: Toxapex\n|-heal|p1a: Toxapex|97\/100\n|move|p2a: Eelektross|Discharge|p1a: Toxapex\n|-supereffective|p1a: Toxapex\n|-damage|p1a: Toxapex|54\/100\n|\n|-heal|p1a: Toxapex|60\/100|[from] item: Black Sludge\n|upkeep\n|turn|29\n|\n|t:|1700390422\n|move|p1a: Toxapex|Baneful Bunker|p1a: Toxapex\n|-singleturn|p1a: Toxapex|move: Protect\n|move|p2a: Eelektross|Giga Drain|p1a: Toxapex\n|-activate|p1a: Toxapex|move: Protect\n|\n|-heal|p1a: Toxapex|66\/100|[from] item: Black Sludge\n|upkeep\n|turn|30\n|\n|t:|1700390429\n|move|p1a: Toxapex|Scald|p2a: Eelektross\n|-damage|p2a: Eelektross|47\/100\n|move|p2a: Eelektross|Giga Drain|p1a: Toxapex\n|-damage|p1a: Toxapex|52\/100\n|-heal|p2a: Eelektross|52\/100|[from] drain|[of] p1a: Toxapex\n|\n|-heal|p1a: Toxapex|59\/100|[from] item: Black Sludge\n|upkeep\n|turn|31\n|\n|t:|1700390437\n|move|p1a: Toxapex|Baneful Bunker|p1a: Toxapex\n|-singleturn|p1a: Toxapex|move: Protect\n|move|p2a: Eelektross|Discharge|p1a: Toxapex\n|-activate|p1a: Toxapex|move: Protect\n|\n|-heal|p1a: Toxapex|65\/100|[from] item: Black Sludge\n|upkeep\n|turn|32\n|\n|t:|1700390444\n|move|p1a: Toxapex|Scald|p2a: Eelektross\n|-damage|p2a: Eelektross|44\/100\n|move|p2a: Eelektross|U-turn|p1a: Toxapex\n|-resisted|p1a: Toxapex\n|-damage|p1a: Toxapex|58\/100\n|\n|t:|1700390450\n|switch|p2a: Clefable|Clefable, F, shiny|88\/100|[from] U-turn\n|\n|-heal|p2a: Clefable|94\/100|[from] item: Leftovers\n|-heal|p1a: Toxapex|65\/100|[from] item: Black Sludge\n|upkeep\n|turn|33\n|\n|t:|1700390456\n|move|p2a: Clefable|Wish|p2a: Clefable\n|move|p1a: Toxapex|Scald|p2a: Clefable\n|-damage|p2a: Clefable|83\/100\n|\n|-heal|p2a: Clefable|89\/100|[from] item: Leftovers\n|-heal|p1a: Toxapex|71\/100|[from] item: Black Sludge\n|upkeep\n|turn|34\n|\n|t:|1700390463\n|switch|p2a: Eelektross|Eelektross, M|44\/100\n|move|p1a: Toxapex|Scald|p2a: Eelektross\n|-damage|p2a: Eelektross|36\/100\n|\n|-heal|p2a: Eelektross|88\/100|[from] move: Wish|[wisher] Clefable\n|-heal|p1a: Toxapex|77\/100|[from] item: Black Sludge\n|upkeep\n|turn|35\n|\n|t:|1700390472\n|move|p1a: Toxapex|Scald|p2a: Eelektross\n|-damage|p2a: Eelektross|80\/100\n|move|p2a: Eelektross|Discharge|p1a: Toxapex\n|-supereffective|p1a: Toxapex\n|-damage|p1a: Toxapex|31\/100\n|\n|-heal|p1a: Toxapex|37\/100|[from] item: Black Sludge\n|upkeep\n|turn|36\n|\n|t:|1700390480\n|move|p1a: Toxapex|Recover|p1a: Toxapex\n|-heal|p1a: Toxapex|87\/100\n|move|p2a: Eelektross|Discharge|p1a: Toxapex\n|-supereffective|p1a: Toxapex\n|-crit|p1a: Toxapex\n|-damage|p1a: Toxapex|22\/100\n|\n|-heal|p1a: Toxapex|28\/100|[from] item: Black Sludge\n|upkeep\n|turn|37\n|\n|t:|1700390488\n|move|p1a: Toxapex|Recover|p1a: Toxapex\n|-heal|p1a: Toxapex|78\/100\n|move|p2a: Eelektross|Discharge|p1a: Toxapex\n|-supereffective|p1a: Toxapex\n|-damage|p1a: Toxapex|38\/100\n|\n|-heal|p1a: Toxapex|44\/100|[from] item: Black Sludge\n|upkeep\n|turn|38\n|\n|t:|1700390495\n|move|p1a: Toxapex|Baneful Bunker|p1a: Toxapex\n|-singleturn|p1a: Toxapex|move: Protect\n|move|p2a: Eelektross|Discharge|p1a: Toxapex\n|-activate|p1a: Toxapex|move: Protect\n|\n|-heal|p1a: Toxapex|50\/100|[from] item: Black Sludge\n|upkeep\n|turn|39\n|\n|t:|1700390502\n|move|p1a: Toxapex|Recover|p1a: Toxapex\n|-heal|p1a: Toxapex|99\/100\n|move|p2a: Eelektross|Discharge|p1a: Toxapex\n|-supereffective|p1a: Toxapex\n|-damage|p1a: Toxapex|55\/100\n|\n|-heal|p1a: Toxapex|61\/100|[from] item: Black Sludge\n|upkeep\n|turn|40\n|\n|t:|1700390510\n|move|p1a: Toxapex|Baneful Bunker|p1a: Toxapex\n|-singleturn|p1a: Toxapex|move: Protect\n|move|p2a: Eelektross|Discharge|p1a: Toxapex\n|-activate|p1a: Toxapex|move: Protect\n|\n|-heal|p1a: Toxapex|67\/100|[from] item: Black Sludge\n|upkeep\n|turn|41\n|\n|t:|1700390517\n|move|p1a: Toxapex|Scald|p2a: Eelektross\n|-crit|p2a: Eelektross\n|-damage|p2a: Eelektross|67\/100\n|move|p2a: Eelektross|Discharge|p1a: Toxapex\n|-supereffective|p1a: Toxapex\n|-damage|p1a: Toxapex|23\/100\n|\n|-heal|p1a: Toxapex|29\/100|[from] item: Black Sludge\n|upkeep\n|turn|42\n|\n|t:|1700390526\n|move|p1a: Toxapex|Baneful Bunker|p1a: Toxapex\n|-singleturn|p1a: Toxapex|move: Protect\n|move|p2a: Eelektross|Giga Drain|p1a: Toxapex\n|-activate|p1a: Toxapex|move: Protect\n|\n|-heal|p1a: Toxapex|36\/100|[from] item: Black Sludge\n|upkeep\n|turn|43\n|\n|t:|1700390532\n|move|p1a: Toxapex|Recover|p1a: Toxapex\n|-heal|p1a: Toxapex|86\/100\n|move|p2a: Eelektross|Discharge|p1a: Toxapex\n|-supereffective|p1a: Toxapex\n|-damage|p1a: Toxapex|42\/100\n|-status|p1a: Toxapex|par\n|\n|-heal|p1a: Toxapex|49\/100 par|[from] item: Black Sludge\n|upkeep\n|turn|44\n|\n|t:|1700390556\n|switch|p1a: Reuniclus|Reuniclus, F, shiny|52\/100\n|-damage|p1a: Reuniclus|39\/100|[from] Stealth Rock\n|move|p2a: Eelektross|Giga Drain|p1a: Reuniclus\n|-damage|p1a: Reuniclus|24\/100\n|-heal|p2a: Eelektross|76\/100|[from] drain|[of] p1a: Reuniclus\n|\n|upkeep\n|turn|45\n|\n|t:|1700390565\n|switch|p1a: Audino|Audino, F, shiny, tera:Electric|100\/100\n|-damage|p1a: Audino|88\/100|[from] Stealth Rock\n|move|p2a: Eelektross|Discharge|p1a: Audino\n|-resisted|p1a: Audino\n|-damage|p1a: Audino|76\/100\n|\n|-heal|p1a: Audino|82\/100|[from] item: Leftovers\n|upkeep\n|turn|46\n|\n|t:|1700390575\n|switch|p1a: Reuniclus|Reuniclus, F, shiny|57\/100\n|-damage|p1a: Reuniclus|45\/100|[from] Stealth Rock\n|move|p2a: Eelektross|Dragon Tail|p1a: Reuniclus\n|-damage|p1a: Reuniclus|33\/100\n|drag|p1a: Audino|Audino, F, shiny, tera:Electric|100\/100\n|-damage|p1a: Audino|88\/100|[from] Stealth Rock\n|\n|-heal|p1a: Audino|94\/100|[from] item: Leftovers\n|upkeep\n|turn|47\n|\n|t:|1700390587\n|move|p1a: Audino|Wish|p1a: Audino\n|move|p2a: Eelektross|U-turn|p1a: Audino\n|-damage|p1a: Audino|81\/100\n|\n|t:|1700390591\n|switch|p2a: Rillaboom|Rillaboom, F|79\/100|[from] U-turn\n|-fieldstart|move: Grassy Terrain|[from] ability: Grassy Surge|[of] p2a: Rillaboom\n|\n|-heal|p2a: Rillaboom|85\/100|[from] Grassy Terrain\n|-heal|p1a: Audino|87\/100|[from] Grassy Terrain\n|-heal|p1a: Audino|93\/100|[from] item: Leftovers\n|upkeep\n|turn|48\n|\n|t:|1700390608\n|move|p2a: Rillaboom|Grassy Glide|p1a: Audino\n|-damage|p1a: Audino|49\/100\n|move|p1a: Audino|Flamethrower|p2a: Rillaboom\n|-supereffective|p2a: Rillaboom\n|-damage|p2a: Rillaboom|46\/100\n|\n|-heal|p1a: Audino|99\/100|[from] move: Wish|[wisher] Audino\n|-heal|p2a: Rillaboom|52\/100|[from] Grassy Terrain\n|-heal|p1a: Audino|100\/100|[from] Grassy Terrain\n|upkeep\n|turn|49\n|\n|t:|1700390619\n|move|p2a: Rillaboom|Grassy Glide|p1a: Audino\n|-damage|p1a: Audino|61\/100\n|move|p1a: Audino|Wish|p1a: Audino\n|\n|-heal|p2a: Rillaboom|58\/100|[from] Grassy Terrain\n|-heal|p1a: Audino|67\/100|[from] Grassy Terrain\n|-heal|p1a: Audino|73\/100|[from] item: Leftovers\n|upkeep\n|turn|50\n|\n|t:|1700390628\n|move|p2a: Rillaboom|Grassy Glide|p1a: Audino\n|-damage|p1a: Audino|32\/100\n|move|p1a: Audino|Flamethrower|p2a: Rillaboom\n|-supereffective|p2a: Rillaboom\n|-damage|p2a: Rillaboom|24\/100\n|\n|-heal|p1a: Audino|82\/100|[from] move: Wish|[wisher] Audino\n|-heal|p2a: Rillaboom|30\/100|[from] Grassy Terrain\n|-heal|p1a: Audino|88\/100|[from] Grassy Terrain\n|-heal|p1a: Audino|94\/100|[from] item: Leftovers\n|upkeep\n|turn|51\n|\n|t:|1700390640\n|switch|p2a: Camerupt|Camerupt, F|100\/100\n|move|p1a: Audino|Flamethrower|p2a: Camerupt\n|-resisted|p2a: Camerupt\n|-damage|p2a: Camerupt|92\/100\n|\n|-heal|p1a: Audino|99\/100|[from] Grassy Terrain\n|-heal|p1a: Audino|100\/100|[from] item: Leftovers\n|-heal|p2a: Camerupt|98\/100|[from] Grassy Terrain\n|-fieldend|move: Grassy Terrain\n|upkeep\n|turn|52\n|\n|t:|1700390651\n|detailschange|p2a: Camerupt|Camerupt-Mega, F\n|-mega|p2a: Camerupt|Camerupt|Cameruptite\n|move|p1a: Audino|Wish|p1a: Audino\n|move|p2a: Camerupt|Heat Crash|p1a: Audino\n|-damage|p1a: Audino|48\/100\n|\n|-heal|p1a: Audino|54\/100|[from] item: Leftovers\n|upkeep\n|turn|53\n|\n|t:|1700390659\n|move|p1a: Audino|Ice Beam|p2a: Camerupt\n|-damage|p2a: Camerupt|86\/100\n|move|p2a: Camerupt|Earthquake|p1a: Audino\n|-supereffective|p1a: Audino\n|-damage|p1a: Audino|0 fnt\n|faint|p1a: Audino\n|\n|upkeep\n|\n|t:|1700390671\n|switch|p1a: Alomomola|Alomomola, F, shiny|100\/100\n|-damage|p1a: Alomomola|88\/100|[from] Stealth Rock\n|turn|54\n|\n|t:|1700390684\n|switch|p2a: Clefable|Clefable, F, shiny|89\/100\n|move|p1a: Alomomola|Flip Turn|p2a: Clefable\n|-damage|p2a: Clefable|70\/100\n|\n|t:|1700390691\n|switch|p1a: Reuniclus|Reuniclus, F, shiny|66\/100|[from] Flip Turn\n|-damage|p1a: Reuniclus|53\/100|[from] Stealth Rock\n|\n|-heal|p2a: Clefable|76\/100|[from] item: Leftovers\n|upkeep\n|turn|55\n|\n|t:|1700390698\n|switch|p1a: Alomomola|Alomomola, F, shiny|100\/100\n|-damage|p1a: Alomomola|88\/100|[from] Stealth Rock\n|move|p2a: Clefable|Knock Off|p1a: Alomomola\n|-damage|p1a: Alomomola|77\/100\n|-enditem|p1a: Alomomola|Leftovers|[from] move: Knock Off|[of] p2a: Clefable\n|\n|-heal|p2a: Clefable|82\/100|[from] item: Leftovers\n|upkeep\n|turn|56\n|\n|t:|1700390719\n|move|p1a: Alomomola|Knock Off|p2a: Clefable\n|-resisted|p2a: Clefable\n|-damage|p2a: Clefable|73\/100\n|-enditem|p2a: Clefable|Leftovers|[from] move: Knock Off|[of] p1a: Alomomola\n|move|p2a: Clefable|Moonblast|p1a: Alomomola\n|-damage|p1a: Alomomola|51\/100\n|\n|upkeep\n|turn|57\n|\n|t:|1700390733\n|move|p1a: Alomomola|Wish|p1a: Alomomola\n|move|p2a: Clefable|Wish|p2a: Clefable\n|\n|upkeep\n|turn|58\n|\n|t:|1700390740\n|switch|p2a: Eelektross|Eelektross, M|76\/100\n|move|p1a: Alomomola|Flip Turn|p2a: Eelektross\n|-damage|p2a: Eelektross|58\/100\n|\n|t:|1700390746\n|switch|p1a: Reuniclus|Reuniclus, F, shiny|87\/100|[from] Flip Turn\n|-damage|p1a: Reuniclus|74\/100|[from] Stealth Rock\n|\n|-heal|p1a: Reuniclus|100\/100|[from] move: Wish|[wisher] Alomomola\n|-heal|p2a: Eelektross|100\/100|[from] move: Wish|[wisher] Clefable\n|upkeep\n|turn|59\n|\n|t:|1700390758\n|move|p1a: Reuniclus|Calm Mind|p1a: Reuniclus\n|-boost|p1a: Reuniclus|spa|1\n|-boost|p1a: Reuniclus|spd|1\n|move|p2a: Eelektross|Discharge|p1a: Reuniclus\n|-damage|p1a: Reuniclus|84\/100\n|-status|p1a: Reuniclus|par\n|\n|upkeep\n|turn|60\n|\n|t:|1700390768\n|move|p1a: Reuniclus|Psychic|p2a: Eelektross\n|-damage|p2a: Eelektross|74\/100\n|move|p2a: Eelektross|Dragon Tail|p1a: Reuniclus\n|-damage|p1a: Reuniclus|72\/100 par\n|drag|p1a: Toxapex|Toxapex, F, shiny|82\/100 par\n|-damage|p1a: Toxapex|69\/100 par|[from] Stealth Rock\n|\n|-heal|p1a: Toxapex|75\/100 par|[from] item: Black Sludge\n|upkeep\n|turn|61\n|\n|t:|1700390778\n|move|p2a: Eelektross|Discharge|p1a: Toxapex\n|-supereffective|p1a: Toxapex\n|-damage|p1a: Toxapex|34\/100 par\n|move|p1a: Toxapex|Scald|p2a: Eelektross\n|-damage|p2a: Eelektross|65\/100\n|\n|-heal|p1a: Toxapex|40\/100 par|[from] item: Black Sludge\n|upkeep\n|turn|62\n|\n|t:|1700390790\n|switch|p1a: Slowbro|Slowbro, F, shiny|100\/100\n|-damage|p1a: Slowbro|88\/100|[from] Stealth Rock\n|move|p2a: Eelektross|Discharge|p1a: Slowbro\n|-supereffective|p1a: Slowbro\n|-damage|p1a: Slowbro|48\/100\n|\n|-heal|p1a: Slowbro|54\/100|[from] item: Leftovers\n|upkeep\n|turn|63\n|\n|t:|1700390800\n|move|p1a: Slowbro|Slack Off|p1a: Slowbro\n|-heal|p1a: Slowbro|100\/100\n|move|p2a: Eelektross|Discharge|p1a: Slowbro\n|-supereffective|p1a: Slowbro\n|-damage|p1a: Slowbro|59\/100\n|-status|p1a: Slowbro|par\n|\n|-heal|p1a: Slowbro|65\/100 par|[from] item: Leftovers\n|upkeep\n|turn|64\n|\n|t:|1700390815\n|move|p2a: Eelektross|U-turn|p1a: Slowbro\n|-supereffective|p1a: Slowbro\n|-damage|p1a: Slowbro|37\/100 par\n|\n|t:|1700390820\n|switch|p2a: Rillaboom|Rillaboom, F|30\/100|[from] U-turn\n|-fieldstart|move: Grassy Terrain|[from] ability: Grassy Surge|[of] p2a: Rillaboom\n|move|p1a: Slowbro|Calm Mind|p1a: Slowbro\n|-boost|p1a: Slowbro|spa|1\n|-boost|p1a: Slowbro|spd|1\n|\n|-heal|p2a: Rillaboom|36\/100|[from] Grassy Terrain\n|-heal|p1a: Slowbro|43\/100 par|[from] Grassy Terrain\n|-heal|p1a: Slowbro|49\/100 par|[from] item: Leftovers\n|upkeep\n|turn|65\n|\n|t:|1700390835\n|switch|p1a: Reuniclus|Reuniclus, F, shiny|100\/100 par\n|-damage|p1a: Reuniclus|88\/100 par|[from] Stealth Rock\n|move|p2a: Rillaboom|Grassy Glide|p1a: Reuniclus\n|-damage|p1a: Reuniclus|48\/100 par\n|\n|-heal|p2a: Rillaboom|42\/100|[from] Grassy Terrain\n|-heal|p1a: Reuniclus|54\/100 par|[from] Grassy Terrain\n|upkeep\n|turn|66\n|\n|t:|1700390846\n|move|p2a: Rillaboom|Grassy Glide|p1a: Reuniclus\n|-damage|p1a: Reuniclus|12\/100 par\n|cant|p1a: Reuniclus|par\n|\n|-heal|p2a: Rillaboom|48\/100|[from] Grassy Terrain\n|-heal|p1a: Reuniclus|18\/100 par|[from] Grassy Terrain\n|upkeep\n|turn|67\n|\n|t:|1700390855\n|switch|p1a: Toxapex|Toxapex, F, shiny|74\/100 par\n|-damage|p1a: Toxapex|61\/100 par|[from] Stealth Rock\n|move|p2a: Rillaboom|Grassy Glide|p1a: Toxapex\n|-damage|p1a: Toxapex|25\/100 par\n|\n|-heal|p2a: Rillaboom|54\/100|[from] Grassy Terrain\n|-heal|p1a: Toxapex|31\/100 par|[from] Grassy Terrain\n|-heal|p1a: Toxapex|37\/100 par|[from] item: Black Sludge\n|upkeep\n|turn|68\n|\n|t:|1700390866\n|switch|p2a: Eelektross|Eelektross, M|65\/100\n|move|p1a: Toxapex|Baneful Bunker||[still]\n|-fail|p1a: Toxapex\n|\n|-heal|p1a: Toxapex|43\/100 par|[from] Grassy Terrain\n|-heal|p1a: Toxapex|50\/100 par|[from] item: Black Sludge\n|-fieldend|move: Grassy Terrain\n|upkeep\n|turn|69\n|\n|t:|1700390876\n|switch|p1a: Reuniclus|Reuniclus, F, shiny|52\/100 par\n|-damage|p1a: Reuniclus|39\/100 par|[from] Stealth Rock\n|move|p2a: Eelektross|Giga Drain|p1a: Reuniclus\n|-damage|p1a: Reuniclus|24\/100 par\n|-heal|p2a: Eelektross|74\/100|[from] drain|[of] p1a: Reuniclus\n|\n|upkeep\n|turn|70\n|\n|t:|1700390884\n|switch|p1a: Alomomola|Alomomola, F, shiny|84\/100\n|-damage|p1a: Alomomola|72\/100|[from] Stealth Rock\n|move|p2a: Eelektross|U-turn|p1a: Alomomola\n|-crit|p1a: Alomomola\n|-damage|p1a: Alomomola|53\/100\n|\n|t:|1700390892\n|switch|p2a: Pelipper|Pelipper, F|100\/100|[from] U-turn\n|-weather|RainDance|[from] ability: Drizzle|[of] p2a: Pelipper\n|\n|-weather|RainDance|[upkeep]\n|upkeep\n|turn|71\n|\n|t:|1700390899\n|move|p2a: Pelipper|Hurricane|p1a: Alomomola\n|-damage|p1a: Alomomola|22\/100\n|move|p1a: Alomomola|Wish|p1a: Alomomola\n|\n|-weather|RainDance|[upkeep]\n|upkeep\n|turn|72\n|\n|t:|1700390908\n|switch|p1a: Reuniclus|Reuniclus, F, shiny|58\/100 par\n|-damage|p1a: Reuniclus|45\/100 par|[from] Stealth Rock\n|move|p2a: Pelipper|Hurricane|p1a: Reuniclus\n|-damage|p1a: Reuniclus|13\/100 par\n|\n|-weather|RainDance|[upkeep]\n|-heal|p1a: Reuniclus|76\/100 par|[from] move: Wish|[wisher] Alomomola\n|upkeep\n|turn|73\n|\n|t:|1700390919\n|move|p2a: Pelipper|Weather Ball|p1a: Reuniclus\n|-damage|p1a: Reuniclus|38\/100 par\n|move|p1a: Reuniclus|Calm Mind|p1a: Reuniclus\n|-boost|p1a: Reuniclus|spa|1\n|-boost|p1a: Reuniclus|spd|1\n|\n|-weather|RainDance|[upkeep]\n|upkeep\n|turn|74\n|\n|t:|1700390926\n|move|p2a: Pelipper|Weather Ball|p1a: Reuniclus\n|-damage|p1a: Reuniclus|9\/100 par\n|move|p1a: Reuniclus|Recover|p1a: Reuniclus\n|-heal|p1a: Reuniclus|59\/100 par\n|\n|-weather|none\n|upkeep\n|turn|75\n|\n|t:|1700390935\n|move|p2a: Pelipper|Hurricane|p1a: Reuniclus\n|-crit|p1a: Reuniclus\n|-damage|p1a: Reuniclus|13\/100 par\n|-start|p1a: Reuniclus|confusion\n|-activate|p1a: Reuniclus|confusion\n|cant|p1a: Reuniclus|par\n|\n|upkeep\n|turn|76\n|\n|t:|1700390942\n|move|p2a: Pelipper|Hurricane|p1a: Reuniclus\n|-damage|p1a: Reuniclus|0 fnt\n|faint|p1a: Reuniclus\n|\n|upkeep\n|\n|t:|1700390948\n|switch|p1a: Alomomola|Alomomola, F, shiny|55\/100\n|-damage|p1a: Alomomola|43\/100|[from] Stealth Rock\n|turn|77\n|\n|t:|1700390968\n|move|p1a: Alomomola|Wish|p1a: Alomomola\n|move|p2a: Pelipper|Hurricane|p1a: Alomomola\n|-damage|p1a: Alomomola|13\/100\n|\n|upkeep\n|turn|78\n|\n|t:|1700390979\n|switch|p1a: Slowbro|Slowbro, F, shiny|49\/100 par\n|-damage|p1a: Slowbro|36\/100 par|[from] Stealth Rock\n|switch|p2a: Clefable|Clefable, F, shiny|73\/100\n|\n|-heal|p1a: Slowbro|100\/100 par|[from] move: Wish|[wisher] Alomomola\n|upkeep\n|turn|79\n|\n|t:|1700390998\n|move|p2a: Clefable|Wish|p2a: Clefable\n|move|p1a: Slowbro|Calm Mind|p1a: Slowbro\n|-boost|p1a: Slowbro|spa|1\n|-boost|p1a: Slowbro|spd|1\n|\n|upkeep\n|turn|80\n|\n|t:|1700391004\n|move|p2a: Clefable|Knock Off|p1a: Slowbro\n|-supereffective|p1a: Slowbro\n|-damage|p1a: Slowbro|74\/100 par\n|-enditem|p1a: Slowbro|Leftovers|[from] move: Knock Off|[of] p2a: Clefable\n|move|p1a: Slowbro|Scald|p2a: Clefable\n|-damage|p2a: Clefable|44\/100\n|-status|p2a: Clefable|brn\n|\n|-heal|p2a: Clefable|94\/100 brn|[from] move: Wish|[wisher] Clefable\n|upkeep\n|turn|81\n|\n|t:|1700391015\n|move|p2a: Clefable|Wish|p2a: Clefable\n|move|p1a: Slowbro|Calm Mind|p1a: Slowbro\n|-boost|p1a: Slowbro|spa|1\n|-boost|p1a: Slowbro|spd|1\n|\n|upkeep\n|turn|82\n|\n|t:|1700391032\n|switch|p2a: Rillaboom|Rillaboom, F|54\/100\n|-fieldstart|move: Grassy Terrain|[from] ability: Grassy Surge|[of] p2a: Rillaboom\n|cant|p1a: Slowbro|par\n|\n|-heal|p2a: Rillaboom|100\/100|[from] move: Wish|[wisher] Clefable\n|-heal|p1a: Slowbro|80\/100 par|[from] Grassy Terrain\n|upkeep\n|turn|83\n|\n|t:|1700391045\n|move|p2a: Rillaboom|Grassy Glide|p1a: Slowbro\n|-supereffective|p1a: Slowbro\n|-crit|p1a: Slowbro\n|-damage|p1a: Slowbro|0 fnt\n|faint|p1a: Slowbro\n|\n|upkeep\n|\n|t:|1700391059\n|switch|p1a: Alomomola|Alomomola, F, shiny|46\/100\n|-damage|p1a: Alomomola|34\/100|[from] Stealth Rock\n|turn|84\n|\n|t:|1700391068\n|switch|p1a: Toxapex|Toxapex, F, shiny|83\/100 par\n|-damage|p1a: Toxapex|70\/100 par|[from] Stealth Rock\n|move|p2a: Rillaboom|Grassy Glide|p1a: Toxapex\n|-crit|p1a: Toxapex\n|-damage|p1a: Toxapex|19\/100 par\n|\n|-heal|p1a: Toxapex|25\/100 par|[from] Grassy Terrain\n|-heal|p1a: Toxapex|31\/100 par|[from] item: Black Sludge\n|upkeep\n|turn|85\n|\n|t:|1700391079\n|switch|p2a: Cloyster|Cloyster, M|100\/100\n|move|p1a: Toxapex|Baneful Bunker||[still]\n|-fail|p1a: Toxapex\n|\n|-heal|p1a: Toxapex|38\/100 par|[from] Grassy Terrain\n|-heal|p1a: Toxapex|44\/100 par|[from] item: Black Sludge\n|upkeep\n|turn|86\n|\n|t:|1700391087\n|move|p2a: Cloyster|Shell Smash|p2a: Cloyster\n|-unboost|p2a: Cloyster|def|1\n|-unboost|p2a: Cloyster|spd|1\n|-boost|p2a: Cloyster|atk|2\n|-boost|p2a: Cloyster|spa|2\n|-boost|p2a: Cloyster|spe|2\n|-enditem|p2a: Cloyster|White Herb\n|-clearnegativeboost|p2a: Cloyster|[silent]\n|cant|p1a: Toxapex|par\n|\n|-heal|p1a: Toxapex|50\/100 par|[from] Grassy Terrain\n|-heal|p1a: Toxapex|56\/100 par|[from] item: Black Sludge\n|-fieldend|move: Grassy Terrain\n|upkeep\n|turn|87\n|\n|t:|1700391098\n|move|p2a: Cloyster|Shell Smash|p2a: Cloyster\n|-unboost|p2a: Cloyster|def|1\n|-unboost|p2a: Cloyster|spd|1\n|-boost|p2a: Cloyster|atk|2\n|-boost|p2a: Cloyster|spa|2\n|-boost|p2a: Cloyster|spe|2\n|move|p1a: Toxapex|Haze|p1a: Toxapex\n|-clearallboost\n|\n|-heal|p1a: Toxapex|63\/100 par|[from] item: Black Sludge\n|upkeep\n|turn|88\n|\n|t:|1700391107\n|move|p2a: Cloyster|Rock Blast|p1a: Toxapex\n|-damage|p1a: Toxapex|57\/100 par\n|-damage|p1a: Toxapex|52\/100 par\n|-damage|p1a: Toxapex|47\/100 par\n|-crit|p1a: Toxapex\n|-damage|p1a: Toxapex|39\/100 par\n|-damage|p1a: Toxapex|34\/100 par\n|-hitcount|p1a: Toxapex|5\n|cant|p1a: Toxapex|par\n|\n|-heal|p1a: Toxapex|40\/100 par|[from] item: Black Sludge\n|upkeep\n|turn|89\n|\n|t:|1700391123\n|switch|p1a: Alomomola|Alomomola, F, shiny|67\/100\n|-damage|p1a: Alomomola|55\/100|[from] Stealth Rock\n|move|p2a: Cloyster|Icicle Spear|p1a: Alomomola\n|-resisted|p1a: Alomomola\n|-damage|p1a: Alomomola|51\/100\n|-resisted|p1a: Alomomola\n|-damage|p1a: Alomomola|48\/100\n|-resisted|p1a: Alomomola\n|-damage|p1a: Alomomola|44\/100\n|-resisted|p1a: Alomomola\n|-damage|p1a: Alomomola|40\/100\n|-resisted|p1a: Alomomola\n|-damage|p1a: Alomomola|37\/100\n|-hitcount|p1a: Alomomola|5\n|\n|upkeep\n|turn|90\n|\n|t:|1700391137\n|move|p2a: Cloyster|Rock Blast|p1a: Alomomola|[miss]\n|-miss|p2a: Cloyster|p1a: Alomomola\n|move|p1a: Alomomola|Wish|p1a: Alomomola\n|\n|upkeep\n|turn|91\n|\n|t:|1700391148\n|move|p2a: Cloyster|Rock Blast|p1a: Alomomola\n|-damage|p1a: Alomomola|32\/100\n|-damage|p1a: Alomomola|26\/100\n|-damage|p1a: Alomomola|21\/100\n|-damage|p1a: Alomomola|16\/100\n|-damage|p1a: Alomomola|10\/100\n|-hitcount|p1a: Alomomola|5\n|move|p1a: Alomomola|Knock Off|p2a: Cloyster\n|-damage|p2a: Cloyster|90\/100\n|\n|-heal|p1a: Alomomola|60\/100|[from] move: Wish|[wisher] Alomomola\n|upkeep\n|turn|92\n|\n|t:|1700391163\n|move|p2a: Cloyster|Shell Smash|p2a: Cloyster\n|-unboost|p2a: Cloyster|def|1\n|-unboost|p2a: Cloyster|spd|1\n|-boost|p2a: Cloyster|atk|2\n|-boost|p2a: Cloyster|spa|2\n|-boost|p2a: Cloyster|spe|2\n|move|p1a: Alomomola|Wish|p1a: Alomomola\n|\n|upkeep\n|turn|93\n|\n|t:|1700391170\n|move|p2a: Cloyster|Rock Blast|p1a: Alomomola\n|-damage|p1a: Alomomola|50\/100\n|-damage|p1a: Alomomola|40\/100\n|-damage|p1a: Alomomola|30\/100\n|-damage|p1a: Alomomola|20\/100\n|-damage|p1a: Alomomola|10\/100\n|-hitcount|p1a: Alomomola|5\n|move|p1a: Alomomola|Flip Turn|p2a: Cloyster\n|-resisted|p2a: Cloyster\n|-damage|p2a: Cloyster|79\/100\n|\n|t:|1700391180\n|switch|p1a: Toxapex|Toxapex, F, shiny|73\/100 par|[from] Flip Turn\n|-damage|p1a: Toxapex|61\/100 par|[from] Stealth Rock\n|\n|-heal|p1a: Toxapex|100\/100 par|[from] move: Wish|[wisher] Alomomola\n|upkeep\n|turn|94\n|\n|t:|1700391187\n|move|p2a: Cloyster|Rock Blast|p1a: Toxapex\n|-damage|p1a: Toxapex|90\/100 par\n|-damage|p1a: Toxapex|79\/100 par\n|-damage|p1a: Toxapex|69\/100 par\n|-damage|p1a: Toxapex|58\/100 par\n|-damage|p1a: Toxapex|48\/100 par\n|-hitcount|p1a: Toxapex|5\n|cant|p1a: Toxapex|par\n|\n|-heal|p1a: Toxapex|54\/100 par|[from] item: Black Sludge\n|upkeep\n|turn|95\n|\n|t:|1700391199\n|move|p2a: Cloyster|Rock Blast|p1a: Toxapex\n|-damage|p1a: Toxapex|43\/100 par\n|-damage|p1a: Toxapex|33\/100 par\n|-damage|p1a: Toxapex|24\/100 par\n|-damage|p1a: Toxapex|13\/100 par\n|-damage|p1a: Toxapex|4\/100 par\n|-hitcount|p1a: Toxapex|5\n|move|p1a: Toxapex|Haze|p1a: Toxapex\n|-clearallboost\n|\n|-heal|p1a: Toxapex|10\/100 par|[from] item: Black Sludge\n|upkeep\n|turn|96\n|\n|t:|1700391213\n|switch|p1a: Alomomola|Alomomola, F, shiny|44\/100\n|-damage|p1a: Alomomola|31\/100|[from] Stealth Rock\n|move|p2a: Cloyster|Rock Blast|p1a: Alomomola\n|-damage|p1a: Alomomola|27\/100\n|-damage|p1a: Alomomola|21\/100\n|-damage|p1a: Alomomola|16\/100\n|-crit|p1a: Alomomola\n|-damage|p1a: Alomomola|8\/100\n|-damage|p1a: Alomomola|3\/100\n|-hitcount|p1a: Alomomola|5\n|\n|upkeep\n|turn|97\n|\n|t:|1700391226\n|switch|p1a: Toxapex|Toxapex, F, shiny|43\/100 par\n|-damage|p1a: Toxapex|31\/100 par|[from] Stealth Rock\n|move|p2a: Cloyster|Rock Blast|p1a: Toxapex\n|-crit|p1a: Toxapex\n|-damage|p1a: Toxapex|22\/100 par\n|-damage|p1a: Toxapex|17\/100 par\n|-damage|p1a: Toxapex|12\/100 par\n|-damage|p1a: Toxapex|6\/100 par\n|-damage|p1a: Toxapex|0 fnt\n|faint|p1a: Toxapex\n|-hitcount|p1: Toxapex|5\n|\n|upkeep\n|\n|t:|1700391238\n|switch|p1a: Alomomola|Alomomola, F, shiny|36\/100\n|-damage|p1a: Alomomola|24\/100|[from] Stealth Rock\n|turn|98\n|\n|t:|1700391250\n|move|p2a: Cloyster|Icicle Spear|p1a: Alomomola\n|-resisted|p1a: Alomomola\n|-damage|p1a: Alomomola|20\/100\n|-resisted|p1a: Alomomola\n|-damage|p1a: Alomomola|17\/100\n|-resisted|p1a: Alomomola\n|-damage|p1a: Alomomola|13\/100\n|-resisted|p1a: Alomomola\n|-damage|p1a: Alomomola|10\/100\n|-resisted|p1a: Alomomola\n|-damage|p1a: Alomomola|6\/100\n|-hitcount|p1a: Alomomola|5\n|move|p1a: Alomomola|Wish|p1a: Alomomola\n|\n|upkeep\n|turn|99\n|\n|t:|1700391262\n|move|p2a: Cloyster|Icicle Spear|p1a: Alomomola\n|-resisted|p1a: Alomomola\n|-damage|p1a: Alomomola|2\/100\n|-resisted|p1a: Alomomola\n|-damage|p1a: Alomomola|0 fnt\n|faint|p1a: Alomomola\n|-hitcount|p1: Alomomola|2\n|\n|win|MickLizard\n|raw|snowy2009's rating: 1141 &rarr; <strong>1110<\/strong><br \/>(-31 for losing)\n|raw|MickLizard's rating: 1050 &rarr; <strong>1091<\/strong><br \/>(+41 for winning)\n|c|\u2606MickLizard|Gg\n|c|\u2606MickLizard|As we\u2019ve been battling for 99 turns\n|c|\u2606MickLizard|I now declare you as my best friend\n","uploadtime":1700391340,"views":65,"p1id":"snowy2009","p2id":"micklizard","formatid":"gen9nationaldex","rating":1091,"private":0,"password":""}