{"id":"gen9nationaldex-2000100670","p1":"yanami-test","p2":"sasadd","format":"[Gen 9] National Dex","log":"|html|<div class=\"broadcast-blue\"><strong>[Gen 9] National Dex is currently suspecting Sneasler! For information on how to participate check out the <a href=\"https:\/\/www.smogon.com\/forums\/threads\/sv-national-dex-suspect-8-just-dance.3731534\/\">suspect thread<\/a>.<\/strong><\/div>\n|j|\u2606yanami-test\n|j|\u2606sasadd\n|t:|1701154865\n|gametype|singles\n|player|p1|yanami-test|dawn-masters3|1598\n|player|p2|sasadd|caitlin|1502\n|teamsize|p1|6\n|teamsize|p2|6\n|gen|9\n|tier|[Gen 9] National Dex\n|rated|\n|rule|HP Percentage Mod: HP is shown in percentages\n|rule|Endless Battle Clause: Forcing endless battles is banned\n|rule|OHKO Clause: OHKO moves are banned\n|rule|Evasion Clause: Evasion abilities, items, and moves are banned\n|rule|Evasion Abilities Clause: Evasion abilities are banned\n|rule|Evasion Items Clause: Evasion items are banned\n|rule|Evasion Moves Clause: Evasion moves are banned\n|rule|Species Clause: Limit one of each Pok\u00e9mon\n|rule|Sleep Clause Mod: Limit one foe put to sleep\n|clearpoke\n|poke|p1|Tapu Koko|\n|poke|p1|Alomomola, M|\n|poke|p1|Ursaluna, F|\n|poke|p1|Ferrothorn, M|\n|poke|p1|Moltres|\n|poke|p1|Ditto|\n|poke|p2|Mawile, M|\n|poke|p2|Marowak-Alola, F|\n|poke|p2|Hatterene, F|\n|poke|p2|Cresselia, F|\n|poke|p2|Porygon2|\n|poke|p2|Ursaluna, M|\n|teampreview\n|\n|t:|1701154875\n|start\n|switch|p1a: Ursaluna|Ursaluna, F|100\/100\n|switch|p2a: Porygon2|Porygon2|100\/100\n|-ability|p2a: Porygon2|Guts|[from] ability: Trace|[of] p1a: Ursaluna\n|turn|1\n|\n|t:|1701154883\n|move|p1a: Ursaluna|Swords Dance|p1a: Ursaluna\n|-boost|p1a: Ursaluna|atk|2\n|move|p2a: Porygon2|Trick Room|p2a: Porygon2\n|-fieldstart|move: Trick Room|[of] p2a: Porygon2\n|\n|-status|p1a: Ursaluna|brn|[from] item: Flame Orb\n|upkeep\n|turn|2\n|inactive|Battle timer is ON: inactive players will automatically lose when time's up. (requested by yanami-test)\n|\n|t:|1701154894\n|move|p1a: Ursaluna|Earthquake|p2a: Porygon2\n|-damage|p2a: Porygon2|5\/100\n|move|p2a: Porygon2|Teleport|p2a: Porygon2\n|\n|t:|1701154897\n|switch|p2a: Marowak|Marowak-Alola, F|100\/100|[from] Teleport\n|\n|-damage|p1a: Ursaluna|94\/100 brn|[from] brn\n|upkeep\n|turn|3\n|\n|t:|1701154904\n|switch|p1a: Moltres|Moltres|100\/100\n|move|p2a: Marowak|Low Kick|p1a: Moltres\n|-resisted|p1a: Moltres\n|-damage|p1a: Moltres|85\/100\n|\n|upkeep\n|turn|4\n|\n|t:|1701154908\n|move|p2a: Marowak|Poltergeist|p1a: Moltres\n|-activate|p1a: Moltres|move: Poltergeist|Heavy-Duty Boots\n|-damage|p1a: Moltres|27\/100\n|move|p1a: Moltres|Scorching Sands|p2a: Marowak\n|-supereffective|p2a: Marowak\n|-damage|p2a: Marowak|50\/100\n|\n|upkeep\n|turn|5\n|\n|t:|1701154913\n|move|p2a: Marowak|Flare Blitz|p1a: Moltres\n|-resisted|p1a: Moltres\n|-damage|p1a: Moltres|0 fnt\n|faint|p1a: Moltres\n|\n|-fieldend|move: Trick Room\n|upkeep\n|\n|t:|1701154917\n|switch|p1a: Ursaluna|Ursaluna, F|94\/100 brn\n|turn|6\n|\n|t:|1701154924\n|switch|p2a: Cresselia|Cresselia, F|100\/100\n|move|p1a: Ursaluna|Earthquake|p2a: Cresselia\n|-immune|p2a: Cresselia|[from] ability: Levitate\n|\n|-damage|p1a: Ursaluna|88\/100 brn|[from] brn\n|upkeep\n|turn|7\n|\n|t:|1701154927\n|-terastallize|p1a: Ursaluna|Normal\n|move|p1a: Ursaluna|Facade|p2a: Cresselia\n|-damage|p2a: Cresselia|19\/100\n|move|p2a: Cresselia|Trick Room|p2a: Cresselia\n|-fieldstart|move: Trick Room|[of] p2a: Cresselia\n|\n|-damage|p1a: Ursaluna|82\/100 brn|[from] brn\n|upkeep\n|turn|8\n|\n|t:|1701154936\n|switch|p2a: Marowak|Marowak-Alola, F|50\/100\n|move|p1a: Ursaluna|Earthquake|p2a: Marowak\n|-supereffective|p2a: Marowak\n|-crit|p2a: Marowak\n|-damage|p2a: Marowak|0 fnt\n|faint|p2a: Marowak\n|\n|-damage|p1a: Ursaluna|76\/100 brn|[from] brn\n|upkeep\n|\n|t:|1701154938\n|switch|p2a: Ursaluna|Ursaluna, M|100\/100\n|turn|9\n|\n|t:|1701154956\n|switch|p1a: Alomomola|Alomomola, M|100\/100\n|move|p2a: Ursaluna|Earthquake|p1a: Alomomola\n|-damage|p1a: Alomomola|66\/100\n|\n|-status|p2a: Ursaluna|brn|[from] item: Flame Orb\n|upkeep\n|turn|10\n|\n|t:|1701154961\n|-terastallize|p2a: Ursaluna|Normal\n|move|p1a: Alomomola|Protect|p1a: Alomomola\n|-singleturn|p1a: Alomomola|Protect\n|move|p2a: Ursaluna|Facade|p1a: Alomomola\n|-activate|p1a: Alomomola|move: Protect\n|\n|-damage|p2a: Ursaluna|94\/100 brn|[from] brn\n|upkeep\n|turn|11\n|\n|t:|1701154965\n|move|p1a: Alomomola|Protect||[still]\n|-fail|p1a: Alomomola\n|move|p2a: Ursaluna|Earthquake|p1a: Alomomola\n|-damage|p1a: Alomomola|16\/100\n|\n|-damage|p2a: Ursaluna|88\/100 brn|[from] brn\n|-fieldend|move: Trick Room\n|upkeep\n|turn|12\n|\n|t:|1701154969\n|move|p2a: Ursaluna|Facade|p1a: Alomomola\n|-damage|p1a: Alomomola|0 fnt\n|-damage|p2a: Ursaluna|72\/100 brn|[from] item: Rocky Helmet|[of] p1a: Alomomola\n|faint|p1a: Alomomola\n|\n|-damage|p2a: Ursaluna|66\/100 brn|[from] brn\n|upkeep\n|\n|t:|1701154971\n|switch|p1a: Ursaluna|Ursaluna, F, tera:Normal|76\/100 brn\n|turn|13\n|\n|t:|1701154975\n|switch|p2a: Porygon2|Porygon2|5\/100\n|-ability|p2a: Porygon2|Guts|[from] ability: Trace|[of] p1a: Ursaluna\n|move|p1a: Ursaluna|Facade|p2a: Porygon2\n|-damage|p2a: Porygon2|0 fnt\n|faint|p2a: Porygon2\n|\n|-damage|p1a: Ursaluna|70\/100 brn|[from] brn\n|upkeep\n|\n|t:|1701154978\n|switch|p2a: Hatterene|Hatterene, F|100\/100\n|turn|14\n|\n|t:|1701154980\n|move|p1a: Ursaluna|Facade|p2a: Hatterene\n|-enditem|p2a: Hatterene|Focus Sash\n|-damage|p2a: Hatterene|1\/100\n|move|p2a: Hatterene|Trick Room|p2a: Hatterene\n|-fieldstart|move: Trick Room|[of] p2a: Hatterene\n|\n|-damage|p1a: Ursaluna|64\/100 brn|[from] brn\n|upkeep\n|turn|15\n|\n|t:|1701154985\n|switch|p1a: Ferrothorn|Ferrothorn, M, shiny|100\/100\n|move|p2a: Hatterene|Misty Explosion|p1a: Ferrothorn\n|-resisted|p1a: Ferrothorn\n|-damage|p1a: Ferrothorn|81\/100\n|faint|p2a: Hatterene\n|\n|-heal|p1a: Ferrothorn|87\/100|[from] item: Leftovers\n|upkeep\n|\n|t:|1701154987\n|switch|p2a: Ursaluna|Ursaluna, M, tera:Normal|66\/100 brn\n|turn|16\n|\n|t:|1701154999\n|switch|p1a: \u4ee5\u5f7c\u4e4b\u9053\u8fd8\u65bd\u5f7c\u8eab|Ditto|100\/100\n|-transform|p1a: \u4ee5\u5f7c\u4e4b\u9053\u8fd8\u65bd\u5f7c\u8eab|p2a: Ursaluna|[from] ability: Imposter\n|move|p2a: Ursaluna|Fire Punch|p1a: \u4ee5\u5f7c\u4e4b\u9053\u8fd8\u65bd\u5f7c\u8eab\n|-damage|p1a: \u4ee5\u5f7c\u4e4b\u9053\u8fd8\u65bd\u5f7c\u8eab|51\/100\n|\n|-damage|p2a: Ursaluna|60\/100 brn|[from] brn\n|upkeep\n|turn|17\n|\n|t:|1701155005\n|switch|p1a: Ferrothorn|Ferrothorn, M, shiny|87\/100\n|move|p2a: Ursaluna|Facade|p1a: Ferrothorn\n|-resisted|p1a: Ferrothorn\n|-damage|p1a: Ferrothorn|18\/100\n|-damage|p2a: Ursaluna|47\/100 brn|[from] ability: Iron Barbs|[of] p1a: Ferrothorn\n|\n|-heal|p1a: Ferrothorn|24\/100|[from] item: Leftovers\n|-damage|p2a: Ursaluna|41\/100 brn|[from] brn\n|upkeep\n|turn|18\n|\n|t:|1701155010\n|move|p1a: Ferrothorn|Gyro Ball|p2a: Ursaluna\n|-damage|p2a: Ursaluna|21\/100 brn\n|move|p2a: Ursaluna|Facade|p1a: Ferrothorn\n|-resisted|p1a: Ferrothorn\n|-damage|p1a: Ferrothorn|0 fnt\n|-damage|p2a: Ursaluna|8\/100 brn|[from] ability: Iron Barbs|[of] p1a: Ferrothorn\n|faint|p1a: Ferrothorn\n|\n|-damage|p2a: Ursaluna|2\/100 brn|[from] brn\n|-fieldend|move: Trick Room\n|upkeep\n|\n|t:|1701155014\n|switch|p1a: \u901f\u5ea6\u5728\u4f60\u4e4b\u4e0a|Tapu Koko|100\/100\n|-fieldstart|move: Electric Terrain|[from] ability: Electric Surge|[of] p1a: \u901f\u5ea6\u5728\u4f60\u4e4b\u4e0a\n|turn|19\n|\n|t:|1701155018\n|move|p1a: \u901f\u5ea6\u5728\u4f60\u4e4b\u4e0a|Dazzling Gleam|p2a: Ursaluna\n|-damage|p2a: Ursaluna|0 fnt\n|faint|p2a: Ursaluna\n|\n|upkeep\n|\n|t:|1701155020\n|switch|p2a: Cresselia|Cresselia, F|19\/100\n|turn|20\n|\n|t:|1701155022\n|-zpower|p1a: \u901f\u5ea6\u5728\u4f60\u4e4b\u4e0a\n|move|p1a: \u901f\u5ea6\u5728\u4f60\u4e4b\u4e0a|Gigavolt Havoc|p2a: Cresselia|[zeffect]\n|-damage|p2a: Cresselia|0 fnt\n|faint|p2a: Cresselia\n|\n|upkeep\n|\n|t:|1701155024\n|switch|p2a: Mawile|Mawile, M|100\/100\n|-ability|p2a: Mawile|Intimidate|boost\n|-unboost|p1a: \u901f\u5ea6\u5728\u4f60\u4e4b\u4e0a|atk|1\n|turn|21\n|\n|t:|1701155030\n|detailschange|p2a: Mawile|Mawile-Mega, M\n|-mega|p2a: Mawile|Mawile|Mawilite\n|move|p1a: \u901f\u5ea6\u5728\u4f60\u4e4b\u4e0a|Thunderbolt|p2a: Mawile\n|-damage|p2a: Mawile|44\/100\n|-status|p2a: Mawile|par\n|move|p2a: Mawile|Iron Head|p1a: \u901f\u5ea6\u5728\u4f60\u4e4b\u4e0a\n|-damage|p1a: \u901f\u5ea6\u5728\u4f60\u4e4b\u4e0a|0 fnt\n|faint|p1a: \u901f\u5ea6\u5728\u4f60\u4e4b\u4e0a\n|\n|upkeep\n|\n|t:|1701155033\n|switch|p1a: Ursaluna|Ursaluna, F, tera:Normal|64\/100 brn\n|turn|22\n|\n|t:|1701155035\n|cant|p2a: Mawile|par\n|move|p1a: Ursaluna|Earthquake|p2a: Mawile\n|-supereffective|p2a: Mawile\n|-damage|p2a: Mawile|0 fnt\n|faint|p2a: Mawile\n|\n|win|yanami-test\n|raw|yanami-test's rating: 1598 &rarr; <strong>1613<\/strong><br \/>(+15 for winning)\n|raw|sasadd's rating: 1502 &rarr; <strong>1487<\/strong><br \/>(-15 for losing)\n","uploadtime":1701155047,"views":1,"p1id":"yanamitest","p2id":"sasadd","formatid":"gen9nationaldex","rating":1487,"private":0,"password":""}