{"id":"gen9nationaldex-1997581789","p1":"Vanillafour95","p2":"shfeha","format":"[Gen 9] National Dex","log":"|html|<div class=\"broadcast-blue\"><strong>[Gen 9] National Dex is currently suspecting Sneasler! For information on how to participate check out the <a href=\"https:\/\/www.smogon.com\/forums\/threads\/sv-national-dex-suspect-8-just-dance.3731534\/\">suspect thread<\/a>.<\/strong><\/div>\n|j|\u2606Vanillafour95\n|j|\u2606shfeha\n|t:|1700828761\n|gametype|singles\n|player|p1|Vanillafour95|169|1061\n|player|p2|shfeha|li|1106\n|teamsize|p1|6\n|teamsize|p2|6\n|gen|9\n|tier|[Gen 9] National Dex\n|rated|\n|rule|HP Percentage Mod: HP is shown in percentages\n|rule|Endless Battle Clause: Forcing endless battles is banned\n|rule|OHKO Clause: OHKO moves are banned\n|rule|Evasion Clause: Evasion abilities, items, and moves are banned\n|rule|Evasion Abilities Clause: Evasion abilities are banned\n|rule|Evasion Items Clause: Evasion items are banned\n|rule|Evasion Moves Clause: Evasion moves are banned\n|rule|Species Clause: Limit one of each Pok\u00e9mon\n|rule|Sleep Clause Mod: Limit one foe put to sleep\n|clearpoke\n|poke|p1|Alomomola, F|\n|poke|p1|Ursaluna, M|\n|poke|p1|Volcarona, M|\n|poke|p1|Ferrothorn, F|\n|poke|p1|Lopunny, F|\n|poke|p1|Iron Valiant|\n|poke|p2|Rillaboom, F|\n|poke|p2|Tapu Koko|\n|poke|p2|Urshifu-*, M|\n|poke|p2|Heatran, F|\n|poke|p2|Dracozolt|\n|poke|p2|Minior-Orange|\n|teampreview\n|inactive|Battle timer is ON: inactive players will automatically lose when time's up. (requested by shfeha)\n|\n|t:|1700828785\n|start\n|switch|p1a: Ursaluna|Ursaluna, M|100\/100\n|switch|p2a: Urshifu|Urshifu-Rapid-Strike, M|100\/100\n|turn|1\n|\n|t:|1700828798\n|move|p2a: Urshifu|Trailblaze|p1a: Ursaluna\n|-supereffective|p1a: Ursaluna\n|-damage|p1a: Ursaluna|76\/100\n|-boost|p2a: Urshifu|spe|1\n|move|p1a: Ursaluna|Trailblaze|p2a: Urshifu\n|-supereffective|p2a: Urshifu\n|-damage|p2a: Urshifu|66\/100\n|-boost|p1a: Ursaluna|spe|1\n|\n|-status|p1a: Ursaluna|brn|[from] item: Flame Orb\n|upkeep\n|turn|2\n|\n|t:|1700828819\n|move|p2a: Urshifu|Surging Strikes|p1a: Ursaluna\n|-supereffective|p1a: Ursaluna\n|-crit|p1a: Ursaluna\n|-damage|p1a: Ursaluna|45\/100 brn\n|-supereffective|p1a: Ursaluna\n|-crit|p1a: Ursaluna\n|-damage|p1a: Ursaluna|19\/100 brn\n|-supereffective|p1a: Ursaluna\n|-crit|p1a: Ursaluna\n|-damage|p1a: Ursaluna|0 fnt\n|faint|p1a: Ursaluna\n|-hitcount|p1: Ursaluna|3\n|\n|upkeep\n|\n|t:|1700828828\n|switch|p1a: Lopunny|Lopunny, F|100\/100\n|turn|3\n|\n|t:|1700828834\n|detailschange|p1a: Lopunny|Lopunny-Mega, F\n|-mega|p1a: Lopunny|Lopunny|Lopunnite\n|move|p1a: Lopunny|Fake Out|p2a: Urshifu\n|-damage|p2a: Urshifu|46\/100\n|cant|p2a: Urshifu|flinch\n|\n|upkeep\n|turn|4\n|\n|t:|1700828842\n|move|p2a: Urshifu|U-turn|p1a: Lopunny\n|-resisted|p1a: Lopunny\n|-damage|p1a: Lopunny|85\/100\n|\n|t:|1700828848\n|switch|p2a: Tapu Koko|Tapu Koko, shiny|100\/100|[from] U-turn\n|-fieldstart|move: Electric Terrain|[from] ability: Electric Surge|[of] p2a: Tapu Koko\n|move|p1a: Lopunny|Triple Axel|p2a: Tapu Koko\n|-damage|p2a: Tapu Koko|90\/100\n|-damage|p2a: Tapu Koko|69\/100\n|-hitcount|p2a: Tapu Koko|2\n|\n|upkeep\n|turn|5\n|\n|t:|1700828861\n|switch|p1a: Iron Valiant|Iron Valiant|100\/100\n|-activate|p1a: Iron Valiant|ability: Quark Drive\n|-start|p1a: Iron Valiant|quarkdrivespe\n|move|p2a: Tapu Koko|Dazzling Gleam|p1a: Iron Valiant\n|-supereffective|p1a: Iron Valiant\n|-damage|p1a: Iron Valiant|0 fnt\n|faint|p1a: Iron Valiant\n|-end|p1a: Iron Valiant|Quark Drive|[silent]\n|\n|upkeep\n|\n|t:|1700828863\n|switch|p1a: Volcarona|Volcarona, M|100\/100\n|turn|6\n|\n|t:|1700828867\n|move|p2a: Tapu Koko|Thunderbolt|p1a: Volcarona\n|-damage|p1a: Volcarona|49\/100\n|-status|p1a: Volcarona|par\n|move|p1a: Volcarona|Hidden Power|p2a: Tapu Koko\n|-supereffective|p2a: Tapu Koko\n|-crit|p2a: Tapu Koko\n|-damage|p2a: Tapu Koko|0 fnt\n|faint|p2a: Tapu Koko\n|\n|upkeep\n|\n|t:|1700828878\n|switch|p2a: Minior|Minior-Orange, shiny|100\/100\n|-formechange|p2a: Minior|Minior-Meteor||[from] ability: Shields Down\n|turn|7\n|\n|t:|1700828892\n|move|p2a: Minior|Shell Smash|p2a: Minior\n|-unboost|p2a: Minior|def|1\n|-unboost|p2a: Minior|spd|1\n|-boost|p2a: Minior|atk|2\n|-boost|p2a: Minior|spa|2\n|-boost|p2a: Minior|spe|2\n|cant|p1a: Volcarona|par\n|\n|upkeep\n|turn|8\n|\n|t:|1700828903\n|move|p2a: Minior|Stone Edge|p1a: Volcarona\n|-supereffective|p1a: Volcarona\n|-crit|p1a: Volcarona\n|-damage|p1a: Volcarona|0 fnt\n|faint|p1a: Volcarona\n|\n|-fieldend|move: Electric Terrain\n|upkeep\n|\n|t:|1700828906\n|switch|p1a: Lopunny|Lopunny-Mega, F|85\/100\n|turn|9\n|\n|t:|1700828913\n|move|p1a: Lopunny|Fake Out|p2a: Minior\n|-resisted|p2a: Minior\n|-damage|p2a: Minior|78\/100\n|cant|p2a: Minior|flinch\n|\n|upkeep\n|turn|10\n|\n|t:|1700828920\n|move|p2a: Minior|Acrobatics|p1a: Lopunny\n|-supereffective|p1a: Lopunny\n|-damage|p1a: Lopunny|0 fnt\n|faint|p1a: Lopunny\n|\n|upkeep\n|\n|t:|1700828923\n|switch|p1a: Ferrothorn|Ferrothorn, F|100\/100\n|turn|11\n|\n|t:|1700828927\n|move|p2a: Minior|Shell Smash|p2a: Minior\n|-unboost|p2a: Minior|def|1\n|-unboost|p2a: Minior|spd|1\n|-boost|p2a: Minior|atk|2\n|-boost|p2a: Minior|spa|2\n|-boost|p2a: Minior|spe|2\n|move|p1a: Ferrothorn|Power Whip|p2a: Minior\n|-damage|p2a: Minior|0 fnt\n|faint|p2a: Minior\n|\n|upkeep\n|\n|t:|1700828938\n|switch|p2a: Heatran|Heatran, F, shiny|100\/100\n|-item|p2a: Heatran|Air Balloon\n|turn|12\n|\n|t:|1700828943\n|switch|p1a: Alomomola|Alomomola, F|100\/100\n|move|p2a: Heatran|Taunt|p1a: Alomomola\n|-start|p1a: Alomomola|move: Taunt\n|\n|upkeep\n|turn|13\n|\n|t:|1700828947\n|move|p2a: Heatran|Toxic|p1a: Alomomola\n|-status|p1a: Alomomola|tox\n|move|p1a: Alomomola|Flip Turn|p2a: Heatran\n|-supereffective|p2a: Heatran\n|-damage|p2a: Heatran|74\/100\n|-enditem|p2a: Heatran|Air Balloon\n|\n|t:|1700828955\n|switch|p1a: Ferrothorn|Ferrothorn, F|100\/100|[from] Flip Turn\n|\n|upkeep\n|turn|14\n|\n|t:|1700828970\n|switch|p1a: Alomomola|Alomomola, F|100\/100 tox\n|move|p2a: Heatran|Taunt|p1a: Alomomola\n|-start|p1a: Alomomola|move: Taunt\n|\n|-damage|p1a: Alomomola|94\/100 tox|[from] psn\n|upkeep\n|turn|15\n|\n|t:|1700828977\n|move|p2a: Heatran|Magma Storm|p1a: Alomomola\n|-resisted|p1a: Alomomola\n|-damage|p1a: Alomomola|76\/100 tox\n|-activate|p1a: Alomomola|move: Magma Storm|[of] p2a: Heatran\n|move|p1a: Alomomola|Flip Turn|p2a: Heatran\n|-supereffective|p2a: Heatran\n|-damage|p2a: Heatran|48\/100\n|\n|t:|1700828985\n|switch|p1a: Ferrothorn|Ferrothorn, F|100\/100|[from] Flip Turn\n|\n|upkeep\n|turn|16\n|\n|t:|1700828989\n|switch|p1a: Alomomola|Alomomola, F|100\/100 tox\n|move|p2a: Heatran|Magma Storm|p1a: Alomomola|[miss]\n|-miss|p2a: Heatran|p1a: Alomomola\n|\n|-damage|p1a: Alomomola|94\/100 tox|[from] psn\n|upkeep\n|turn|17\n|\n|t:|1700829001\n|move|p2a: Heatran|Taunt|p1a: Alomomola\n|-start|p1a: Alomomola|move: Taunt\n|cant|p1a: Alomomola|move: Taunt|Toxic\n|\n|-damage|p1a: Alomomola|82\/100 tox|[from] psn\n|upkeep\n|turn|18\n|\n|t:|1700829007\n|move|p2a: Heatran|Magma Storm|p1a: Alomomola\n|-resisted|p1a: Alomomola\n|-damage|p1a: Alomomola|64\/100 tox\n|-activate|p1a: Alomomola|move: Magma Storm|[of] p2a: Heatran\n|move|p1a: Alomomola|Flip Turn|p2a: Heatran\n|-supereffective|p2a: Heatran\n|-damage|p2a: Heatran|21\/100\n|\n|t:|1700829013\n|switch|p1a: Ferrothorn|Ferrothorn, F|100\/100|[from] Flip Turn\n|\n|upkeep\n|turn|19\n|\n|t:|1700829017\n|move|p2a: Heatran|Magma Storm|p1a: Ferrothorn\n|-supereffective|p1a: Ferrothorn\n|-damage|p1a: Ferrothorn|0 fnt\n|faint|p1a: Ferrothorn\n|\n|upkeep\n|\n|t:|1700829020\n|switch|p1a: Alomomola|Alomomola, F|97\/100 tox\n|turn|20\n|\n|t:|1700829028\n|move|p2a: Heatran|Taunt|p1a: Alomomola\n|-start|p1a: Alomomola|move: Taunt\n|move|p1a: Alomomola|Flip Turn|p2a: Heatran\n|-supereffective|p2a: Heatran\n|-damage|p2a: Heatran|0 fnt\n|faint|p2a: Heatran\n|\n|-damage|p1a: Alomomola|91\/100 tox|[from] psn\n|upkeep\n|\n|t:|1700829033\n|switch|p2a: Dracozolt|Dracozolt, shiny|100\/100\n|turn|21\n|\n|t:|1700829039\n|move|p2a: Dracozolt|Bolt Beak|p1a: Alomomola\n|-supereffective|p1a: Alomomola\n|-damage|p1a: Alomomola|0 fnt\n|faint|p1a: Alomomola\n|\n|win|shfeha\n|raw|Vanillafour95's rating: 1061 &rarr; <strong>1044<\/strong><br \/>(-17 for losing)\n|raw|shfeha's rating: 1106 &rarr; <strong>1128<\/strong><br \/>(+22 for winning)\n|l|\u2606Vanillafour95\n","uploadtime":1700829043,"views":3,"p1id":"vanillafour95","p2id":"shfeha","formatid":"gen9nationaldex","rating":1044,"private":0,"password":""}