{"id":"gen9nationaldex-1991865884","p1":"CapnTophat","p2":"zhuandayoudou","format":"[Gen 9] National Dex","log":"|j|\u2606CapnTophat\n|j|\u2606zhuandayoudou\n|t:|1700130676\n|gametype|singles\n|player|p1|CapnTophat|wallace|1650\n|player|p2|zhuandayoudou|1|1584\n|teamsize|p1|6\n|teamsize|p2|6\n|gen|9\n|tier|[Gen 9] National Dex\n|rated|\n|rule|HP Percentage Mod: HP is shown in percentages\n|rule|Endless Battle Clause: Forcing endless battles is banned\n|rule|OHKO Clause: OHKO moves are banned\n|rule|Evasion Clause: Evasion abilities, items, and moves are banned\n|rule|Evasion Abilities Clause: Evasion abilities are banned\n|rule|Evasion Items Clause: Evasion items are banned\n|rule|Evasion Moves Clause: Evasion moves are banned\n|rule|Species Clause: Limit one of each Pok\u00e9mon\n|rule|Sleep Clause Mod: Limit one foe put to sleep\n|clearpoke\n|poke|p1|Pelipper, F|\n|poke|p1|Basculegion, M|\n|poke|p1|Swampert, F|\n|poke|p1|Ferrothorn, F|\n|poke|p1|Zapdos|\n|poke|p1|Manaphy|\n|poke|p2|Banette, F|\n|poke|p2|Alomomola, F|\n|poke|p2|Landorus-Therian, M|\n|poke|p2|Heatran, M|\n|poke|p2|Swellow, M|\n|poke|p2|Urshifu-*, M|\n|teampreview\n|inactive|Battle timer is ON: inactive players will automatically lose when time's up. (requested by CapnTophat)\n|j| KoKohs\n|\n|t:|1700130684\n|start\n|switch|p1a: Pelipper|Pelipper, F|100\/100\n|switch|p2a: Swellow|Swellow, M|100\/100\n|-weather|RainDance|[from] ability: Drizzle|[of] p1a: Pelipper\n|turn|1\n|\n|t:|1700130690\n|switch|p1a: Ferrothorn|Ferrothorn, F|100\/100\n|-terastallize|p2a: Swellow|Normal\n|move|p2a: Swellow|Boomburst|p1a: Ferrothorn\n|-resisted|p1a: Ferrothorn\n|-damage|p1a: Ferrothorn|60\/100\n|\n|-weather|RainDance|[upkeep]\n|-heal|p1a: Ferrothorn|66\/100|[from] item: Leftovers\n|upkeep\n|turn|2\n|\n|t:|1700130695\n|switch|p2a: Heatran|Heatran, M|100\/100\n|move|p1a: Ferrothorn|Leech Seed|p2a: Heatran\n|-start|p2a: Heatran|move: Leech Seed\n|\n|-weather|RainDance|[upkeep]\n|-heal|p1a: Ferrothorn|72\/100|[from] item: Leftovers\n|-damage|p2a: Heatran|88\/100|[from] Leech Seed|[of] p1a: Ferrothorn\n|-heal|p1a: Ferrothorn|86\/100|[silent]\n|upkeep\n|turn|3\n|\n|t:|1700130700\n|switch|p1a: Swampert|Swampert, F|100\/100\n|move|p2a: Heatran|Magma Storm|p1a: Swampert|[miss]\n|-miss|p2a: Heatran|p1a: Swampert\n|\n|-weather|RainDance|[upkeep]\n|-heal|p2a: Heatran|94\/100|[from] item: Leftovers\n|-damage|p2a: Heatran|82\/100|[from] Leech Seed|[of] p1a: Swampert\n|upkeep\n|turn|4\n|\n|t:|1700130706\n|switch|p2a: Alomomola|Alomomola, F, shiny|100\/100\n|detailschange|p1a: Swampert|Swampert-Mega, F\n|-mega|p1a: Swampert|Swampert|Swampertite\n|move|p1a: Swampert|Flip Turn|p2a: Alomomola\n|-resisted|p2a: Alomomola\n|-damage|p2a: Alomomola|86\/100\n|\n|t:|1700130710\n|switch|p1a: Zapdos|Zapdos|100\/100|[from] Flip Turn\n|\n|-weather|RainDance|[upkeep]\n|upkeep\n|turn|5\n|\n|t:|1700130714\n|move|p2a: Alomomola|Protect|p2a: Alomomola\n|-singleturn|p2a: Alomomola|Protect\n|move|p1a: Zapdos|Volt Switch|p2a: Alomomola\n|-activate|p2a: Alomomola|move: Protect\n|\n|-weather|RainDance|[upkeep]\n|upkeep\n|turn|6\n|j| jacoooby\n|\n|t:|1700130719\n|switch|p2a: Heatran|Heatran, M|82\/100\n|move|p1a: Zapdos|Thunder|p2a: Heatran\n|-damage|p2a: Heatran|48\/100\n|-status|p2a: Heatran|par\n|\n|-weather|RainDance|[upkeep]\n|-heal|p2a: Heatran|54\/100 par|[from] item: Leftovers\n|upkeep\n|turn|7\n|\n|t:|1700130725\n|move|p1a: Zapdos|Thunder|p2a: Heatran\n|-damage|p2a: Heatran|17\/100 par\n|move|p2a: Heatran|Magma Storm|p1a: Zapdos\n|-damage|p1a: Zapdos|76\/100\n|-activate|p1a: Zapdos|move: Magma Storm|[of] p2a: Heatran\n|\n|-weather|RainDance|[upkeep]\n|-heal|p2a: Heatran|24\/100 par|[from] item: Leftovers\n|-damage|p1a: Zapdos|64\/100|[from] move: Magma Storm|[partiallytrapped]\n|upkeep\n|turn|8\n|\n|t:|1700130729\n|move|p2a: Heatran|Protect|p2a: Heatran\n|-singleturn|p2a: Heatran|Protect\n|move|p1a: Zapdos|Thunder|p2a: Heatran\n|-activate|p2a: Heatran|move: Protect\n|\n|-weather|none\n|-heal|p2a: Heatran|30\/100 par|[from] item: Leftovers\n|-damage|p1a: Zapdos|52\/100|[from] move: Magma Storm|[partiallytrapped]\n|upkeep\n|turn|9\n|\n|t:|1700130735\n|switch|p2a: Landorus|Landorus-Therian, M|100\/100\n|-ability|p2a: Landorus|Intimidate|boost\n|-unboost|p1a: Zapdos|atk|1\n|move|p1a: Zapdos|Thunder|p2a: Landorus\n|-immune|p2a: Landorus\n|\n|-end|p1a: Zapdos|Magma Storm|[partiallytrapped]|[silent]\n|upkeep\n|turn|10\n|\n|t:|1700130753\n|move|p2a: Landorus|Stealth Rock|p1a: Zapdos\n|-sidestart|p1: CapnTophat|move: Stealth Rock\n|move|p1a: Zapdos|Roost|p1a: Zapdos\n|-heal|p1a: Zapdos|100\/100\n|-singleturn|p1a: Zapdos|move: Roost\n|\n|upkeep\n|turn|11\n|\n|t:|1700130767\n|switch|p1a: Pelipper|Pelipper, F|100\/100\n|-damage|p1a: Pelipper|76\/100|[from] Stealth Rock\n|-weather|RainDance|[from] ability: Drizzle|[of] p1a: Pelipper\n|-zpower|p2a: Landorus\n|move|p2a: Landorus|Supersonic Skystrike|p1a: Pelipper|[zeffect]\n|-damage|p1a: Pelipper|1\/100\n|\n|-weather|RainDance|[upkeep]\n|upkeep\n|turn|12\n|\n|t:|1700130781\n|move|p2a: Landorus|Fly||[still]\n|-prepare|p2a: Landorus|Fly\n|move|p1a: Pelipper|Defog|p2a: Landorus|[miss]\n|-miss|p1a: Pelipper|p2a: Landorus\n|\n|-weather|RainDance|[upkeep]\n|upkeep\n|turn|13\n|\n|t:|1700130786\n|move|p2a: Landorus|Fly|p1a: Pelipper|[from]lockedmove\n|-damage|p1a: Pelipper|0 fnt\n|faint|p1a: Pelipper\n|\n|-weather|RainDance|[upkeep]\n|upkeep\n|\n|t:|1700130790\n|switch|p1a: Manaphy|Manaphy|100\/100\n|-damage|p1a: Manaphy|88\/100|[from] Stealth Rock\n|turn|14\n|\n|t:|1700130797\n|switch|p2a: Banette|Banette, F|100\/100\n|-item|p1a: Manaphy|Waterium Z|[from] ability: Frisk|[of] p2a: Banette|[identify]\n|move|p1a: Manaphy|Surf|p2a: Banette\n|-damage|p2a: Banette|0 fnt\n|faint|p2a: Banette\n|\n|-weather|RainDance|[upkeep]\n|upkeep\n|\n|t:|1700130802\n|switch|p2a: Swellow|Swellow, M, tera:Normal|100\/100\n|turn|15\n|\n|t:|1700130810\n|move|p2a: Swellow|Boomburst|p1a: Manaphy\n|-damage|p1a: Manaphy|0 fnt\n|faint|p1a: Manaphy\n|\n|-weather|RainDance|[upkeep]\n|upkeep\n|\n|t:|1700130814\n|switch|p1a: Swampert|Swampert-Mega, F|100\/100\n|-damage|p1a: Swampert|94\/100|[from] Stealth Rock\n|turn|16\n|\n|t:|1700130819\n|switch|p2a: Alomomola|Alomomola, F, shiny|100\/100\n|move|p1a: Swampert|Liquidation|p2a: Alomomola\n|-resisted|p2a: Alomomola\n|-damage|p2a: Alomomola|80\/100\n|\n|-weather|RainDance|[upkeep]\n|upkeep\n|turn|17\n|\n|t:|1700130825\n|move|p1a: Swampert|Earthquake|p2a: Alomomola\n|-damage|p2a: Alomomola|49\/100\n|move|p2a: Alomomola|Wish|p2a: Alomomola\n|\n|-weather|RainDance|[upkeep]\n|upkeep\n|turn|18\n|\n|t:|1700130831\n|switch|p1a: Ferrothorn|Ferrothorn, F|86\/100\n|-damage|p1a: Ferrothorn|80\/100|[from] Stealth Rock\n|move|p2a: Alomomola|Flip Turn|p1a: Ferrothorn\n|-resisted|p1a: Ferrothorn\n|-crit|p1a: Ferrothorn\n|-damage|p1a: Ferrothorn|69\/100\n|-damage|p2a: Alomomola|37\/100|[from] ability: Iron Barbs|[of] p1a: Ferrothorn\n|\n|t:|1700130835\n|switch|p2a: Heatran|Heatran, M|30\/100 par|[from] Flip Turn\n|\n|-weather|none\n|-heal|p2a: Heatran|99\/100 par|[from] move: Wish|[wisher] Alomomola\n|-heal|p2a: Heatran|100\/100 par|[from] item: Leftovers\n|-heal|p1a: Ferrothorn|75\/100|[from] item: Leftovers\n|upkeep\n|turn|19\n|\n|t:|1700130840\n|switch|p1a: Swampert|Swampert-Mega, F|94\/100\n|-damage|p1a: Swampert|88\/100|[from] Stealth Rock\n|move|p2a: Heatran|Toxic|p1a: Swampert\n|-status|p1a: Swampert|tox\n|\n|-damage|p1a: Swampert|82\/100 tox|[from] psn\n|upkeep\n|turn|20\n|\n|t:|1700130851\n|switch|p2a: Alomomola|Alomomola, F, shiny|70\/100\n|move|p1a: Swampert|Liquidation|p2a: Alomomola\n|-resisted|p2a: Alomomola\n|-damage|p2a: Alomomola|57\/100\n|\n|-damage|p1a: Swampert|70\/100 tox|[from] psn\n|upkeep\n|turn|21\n|\n|t:|1700130855\n|move|p2a: Alomomola|Protect|p2a: Alomomola\n|-singleturn|p2a: Alomomola|Protect\n|move|p1a: Swampert|Flip Turn|p2a: Alomomola\n|-activate|p2a: Alomomola|move: Protect\n|\n|-damage|p1a: Swampert|51\/100 tox|[from] psn\n|upkeep\n|turn|22\n|\n|t:|1700130859\n|move|p1a: Swampert|Flip Turn|p2a: Alomomola\n|-resisted|p2a: Alomomola\n|-damage|p2a: Alomomola|48\/100\n|\n|t:|1700130861\n|switch|p1a: Ferrothorn|Ferrothorn, F|75\/100|[from] Flip Turn\n|-damage|p1a: Ferrothorn|69\/100|[from] Stealth Rock\n|move|p2a: Alomomola|Flip Turn|p1a: Ferrothorn\n|-resisted|p1a: Ferrothorn\n|-damage|p1a: Ferrothorn|64\/100\n|-damage|p2a: Alomomola|36\/100|[from] ability: Iron Barbs|[of] p1a: Ferrothorn\n|\n|t:|1700130866\n|switch|p2a: Heatran|Heatran, M|100\/100 par|[from] Flip Turn\n|\n|-heal|p1a: Ferrothorn|70\/100|[from] item: Leftovers\n|upkeep\n|turn|23\n|\n|t:|1700130873\n|switch|p1a: Basculegion|Basculegion, M|100\/100\n|-damage|p1a: Basculegion|88\/100|[from] Stealth Rock\n|move|p2a: Heatran|Magma Storm|p1a: Basculegion\n|-resisted|p1a: Basculegion\n|-damage|p1a: Basculegion|65\/100\n|-activate|p1a: Basculegion|move: Magma Storm|[of] p2a: Heatran\n|\n|-damage|p1a: Basculegion|52\/100|[from] move: Magma Storm|[partiallytrapped]\n|upkeep\n|turn|24\n|\n|t:|1700130879\n|move|p2a: Heatran|Protect|p2a: Heatran\n|-singleturn|p2a: Heatran|Protect\n|move|p1a: Basculegion|Liquidation|p2a: Heatran\n|-activate|p2a: Heatran|move: Protect\n|\n|-damage|p1a: Basculegion|40\/100|[from] move: Magma Storm|[partiallytrapped]\n|upkeep\n|turn|25\n|\n|t:|1700130889\n|switch|p2a: Alomomola|Alomomola, F, shiny|69\/100\n|move|p1a: Basculegion|Liquidation|p2a: Alomomola\n|-resisted|p2a: Alomomola\n|-crit|p2a: Alomomola\n|-damage|p2a: Alomomola|42\/100\n|\n|-end|p1a: Basculegion|Magma Storm|[partiallytrapped]|[silent]\n|upkeep\n|turn|26\n|\n|t:|1700130899\n|-terastallize|p1a: Basculegion|Water\n|move|p2a: Alomomola|Protect|p2a: Alomomola\n|-singleturn|p2a: Alomomola|Protect\n|move|p1a: Basculegion|Liquidation|p2a: Alomomola\n|-activate|p2a: Alomomola|move: Protect\n|\n|upkeep\n|turn|27\n|\n|t:|1700130911\n|switch|p2a: Landorus|Landorus-Therian, M|100\/100\n|-ability|p2a: Landorus|Intimidate|boost\n|-unboost|p1a: Basculegion|atk|1\n|move|p1a: Basculegion|Liquidation|p2a: Landorus\n|-supereffective|p2a: Landorus\n|-damage|p2a: Landorus|0 fnt\n|faint|p2a: Landorus\n|\n|upkeep\n|\n|t:|1700130914\n|switch|p2a: Swellow|Swellow, M, tera:Normal|100\/100\n|turn|28\n|\n|t:|1700130920\n|switch|p1a: Ferrothorn|Ferrothorn, F|70\/100\n|-damage|p1a: Ferrothorn|64\/100|[from] Stealth Rock\n|move|p2a: Swellow|Boomburst|p1a: Ferrothorn\n|-resisted|p1a: Ferrothorn\n|-damage|p1a: Ferrothorn|18\/100\n|\n|-heal|p1a: Ferrothorn|24\/100|[from] item: Leftovers\n|upkeep\n|turn|29\n|\n|t:|1700130925\n|move|p2a: Swellow|Boomburst|p1a: Ferrothorn\n|-resisted|p1a: Ferrothorn\n|-damage|p1a: Ferrothorn|0 fnt\n|faint|p1a: Ferrothorn\n|\n|upkeep\n|\n|t:|1700130927\n|switch|p1a: Basculegion|Basculegion, M, tera:Water|40\/100\n|-damage|p1a: Basculegion|28\/100|[from] Stealth Rock\n|turn|30\n|\n|t:|1700130940\n|move|p1a: Basculegion|Aqua Jet|p2a: Swellow\n|-damage|p2a: Swellow|24\/100\n|move|p2a: Swellow|Boomburst|p1a: Basculegion\n|-damage|p1a: Basculegion|0 fnt\n|faint|p1a: Basculegion\n|\n|upkeep\n|\n|t:|1700130942\n|switch|p1a: Zapdos|Zapdos|100\/100\n|turn|31\n|\n|t:|1700130946\n|move|p2a: Swellow|Boomburst|p1a: Zapdos\n|-damage|p1a: Zapdos|0 fnt\n|faint|p1a: Zapdos\n|\n|upkeep\n|-message|CapnTophat forfeited.\n|\n|win|zhuandayoudou\n|raw|CapnTophat's rating: 1650 &rarr; <strong>1626<\/strong><br \/>(-24 for losing)\n|raw|zhuandayoudou's rating: 1584 &rarr; <strong>1608<\/strong><br \/>(+24 for winning)\n|l|\u2606CapnTophat\n","uploadtime":1700130952,"views":6,"p1id":"capntophat","p2id":"zhuandayoudou","formatid":"gen9nationaldex","rating":1608,"private":0,"password":""}