{"id":"gen9nationaldex-1991740912","p1":"horse liquor \u25d5\u203f\u25d5","p2":"Krokorockin","format":"[Gen 9] National Dex","log":"|j|\u2606horse liquor \u25d5\u203f\u25d5\n|j|\u2606Krokorockin\n|t:|1700109469\n|gametype|singles\n|player|p1|horse liquor \u25d5\u203f\u25d5|youngster-gen4dp|1210\n|player|p2|Krokorockin|guitarist-gen4|1143\n|teamsize|p1|6\n|teamsize|p2|6\n|gen|9\n|tier|[Gen 9] National Dex\n|rated|\n|rule|HP Percentage Mod: HP is shown in percentages\n|rule|Endless Battle Clause: Forcing endless battles is banned\n|rule|OHKO Clause: OHKO moves are banned\n|rule|Evasion Clause: Evasion abilities, items, and moves are banned\n|rule|Evasion Abilities Clause: Evasion abilities are banned\n|rule|Evasion Items Clause: Evasion items are banned\n|rule|Evasion Moves Clause: Evasion moves are banned\n|rule|Species Clause: Limit one of each Pok\u00e9mon\n|rule|Sleep Clause Mod: Limit one foe put to sleep\n|clearpoke\n|poke|p1|Lopunny, M|\n|poke|p1|Hoopa-Unbound|\n|poke|p1|Alomomola, M|\n|poke|p1|Slowking-Galar, M|\n|poke|p1|Heatran, F|\n|poke|p1|Landorus-Therian, M|\n|poke|p2|Sneasler, M|\n|poke|p2|Crobat, F|\n|poke|p2|Muk-Alola, F|\n|poke|p2|Beedrill, F|\n|poke|p2|Nidoking, M|\n|poke|p2|Clodsire, F|\n|teampreview\n|inactive|Battle timer is ON: inactive players will automatically lose when time's up. (requested by horse liquor \u25d5\u203f\u25d5)\n|\n|t:|1700109487\n|start\n|switch|p1a: Heatran|Heatran, F|100\/100\n|switch|p2a: Nidoking|Nidoking, M|100\/100\n|turn|1\n|\n|t:|1700109503\n|switch|p1a: Slowking|Slowking-Galar, M|100\/100\n|move|p2a: Nidoking|Earth Power|p1a: Slowking\n|-supereffective|p1a: Slowking\n|-damage|p1a: Slowking|26\/100\n|\n|upkeep\n|turn|2\n|\n|t:|1700109513\n|switch|p1a: Landorus|Landorus-Therian, M|100\/100\n|-ability|p1a: Landorus|Intimidate|boost\n|-unboost|p2a: Nidoking|atk|1\n|move|p2a: Nidoking|Earth Power|p1a: Landorus\n|-immune|p1a: Landorus\n|\n|upkeep\n|turn|3\n|inactive|horse liquor \u25d5\u203f\u25d5 has 120 seconds left.\n|\n|t:|1700109543\n|move|p1a: Landorus|Earthquake|p2a: Nidoking\n|-supereffective|p2a: Nidoking\n|-damage|p2a: Nidoking|0 fnt\n|faint|p2a: Nidoking\n|\n|upkeep\n|\n|t:|1700109553\n|switch|p2a: Crobat|Crobat, F|100\/100\n|turn|4\n|inactive|horse liquor \u25d5\u203f\u25d5 has 120 seconds left.\n|\n|t:|1700109581\n|switch|p1a: Heatran|Heatran, F|100\/100\n|move|p2a: Crobat|U-turn|p1a: Heatran\n|-resisted|p1a: Heatran\n|-damage|p1a: Heatran|96\/100\n|\n|t:|1700109608\n|switch|p2a: Beedrill|Beedrill, F|100\/100|[from] U-turn\n|\n|upkeep\n|turn|5\n|\n|t:|1700109612\n|detailschange|p2a: Beedrill|Beedrill-Mega, F\n|-mega|p2a: Beedrill|Beedrill|Beedrillite\n|move|p2a: Beedrill|Drill Run|p1a: Heatran\n|-supereffective|p1a: Heatran\n|-damage|p1a: Heatran|0 fnt\n|faint|p1a: Heatran\n|\n|upkeep\n|\n|t:|1700109617\n|switch|p1a: Alomomola|Alomomola, M|100\/100\n|turn|6\n|\n|t:|1700109620\n|move|p2a: Beedrill|U-turn|p1a: Alomomola\n|-damage|p1a: Alomomola|73\/100\n|-damage|p2a: Beedrill|84\/100|[from] item: Rocky Helmet|[of] p1a: Alomomola\n|\n|t:|1700109622\n|switch|p2a: Clodsire|Clodsire, F|100\/100|[from] U-turn\n|move|p1a: Alomomola|Flip Turn|p2a: Clodsire\n|-immune|p2a: Clodsire|[from] ability: Water Absorb\n|\n|upkeep\n|turn|7\n|\n|t:|1700109633\n|move|p1a: Alomomola|Wish|p1a: Alomomola\n|move|p2a: Clodsire|Toxic|p1a: Alomomola\n|-status|p1a: Alomomola|tox\n|\n|-damage|p1a: Alomomola|67\/100 tox|[from] psn\n|upkeep\n|turn|8\n|\n|t:|1700109640\n|switch|p1a: Hoopa|Hoopa-Unbound|100\/100\n|move|p2a: Clodsire|Stealth Rock|p1a: Hoopa\n|-sidestart|p1: horse liquor \u25d5\u203f\u25d5|move: Stealth Rock\n|\n|upkeep\n|turn|9\n|\n|t:|1700109651\n|move|p1a: Hoopa|Psychic|p2a: Clodsire\n|-supereffective|p2a: Clodsire\n|-damage|p2a: Clodsire|11\/100\n|move|p2a: Clodsire|Toxic|p1a: Hoopa\n|-status|p1a: Hoopa|tox\n|\n|-heal|p2a: Clodsire|17\/100|[from] item: Black Sludge\n|-damage|p1a: Hoopa|95\/100 tox|[from] psn\n|upkeep\n|turn|10\n|\n|t:|1700109657\n|switch|p2a: Muk|Muk-Alola, F|100\/100\n|move|p1a: Hoopa|Psychic|p2a: Muk\n|-immune|p2a: Muk\n|\n|-damage|p1a: Hoopa|83\/100 tox|[from] psn\n|upkeep\n|turn|11\n|\n|t:|1700109663\n|switch|p1a: Landorus|Landorus-Therian, M|100\/100\n|-damage|p1a: Landorus|88\/100|[from] Stealth Rock\n|-ability|p1a: Landorus|Intimidate|boost\n|-unboost|p2a: Muk|atk|1\n|move|p2a: Muk|Shadow Sneak|p1a: Landorus\n|-damage|p1a: Landorus|77\/100\n|-status|p1a: Landorus|psn|[from] ability: Poison Touch|[of] p2a: Muk\n|\n|-damage|p1a: Landorus|65\/100 psn|[from] psn\n|upkeep\n|turn|12\n|\n|t:|1700109673\n|switch|p2a: Crobat|Crobat, F|100\/100\n|move|p1a: Landorus|Earthquake|p2a: Crobat\n|-immune|p2a: Crobat\n|\n|-damage|p1a: Landorus|53\/100 psn|[from] psn\n|upkeep\n|turn|13\n|\n|t:|1700109680\n|switch|p1a: Alomomola|Alomomola, M|99\/100 tox\n|-damage|p1a: Alomomola|88\/100 tox|[from] Stealth Rock\n|move|p2a: Crobat|Cross Poison|p1a: Alomomola\n|-damage|p1a: Alomomola|70\/100 tox\n|-damage|p2a: Crobat|84\/100|[from] item: Rocky Helmet|[of] p1a: Alomomola\n|\n|-damage|p1a: Alomomola|63\/100 tox|[from] psn\n|upkeep\n|turn|14\n|\n|t:|1700109687\n|move|p2a: Crobat|U-turn|p1a: Alomomola\n|-damage|p1a: Alomomola|52\/100 tox\n|-damage|p2a: Crobat|67\/100|[from] item: Rocky Helmet|[of] p1a: Alomomola\n|\n|t:|1700109689\n|switch|p2a: Clodsire|Clodsire, F|17\/100|[from] U-turn\n|move|p1a: Alomomola|Flip Turn|p2a: Clodsire\n|-heal|p2a: Clodsire|42\/100|[from] ability: Water Absorb|[of] p1a: Alomomola\n|\n|-heal|p2a: Clodsire|48\/100|[from] item: Black Sludge\n|-damage|p1a: Alomomola|40\/100 tox|[from] psn\n|upkeep\n|turn|15\n|\n|t:|1700109711\n|switch|p1a: Hoopa|Hoopa-Unbound|83\/100 tox\n|-damage|p1a: Hoopa|70\/100 tox|[from] Stealth Rock\n|switch|p2a: Beedrill|Beedrill-Mega, F|84\/100\n|\n|-damage|p1a: Hoopa|64\/100 tox|[from] psn\n|upkeep\n|turn|16\n|\n|t:|1700109720\n|switch|p1a: Alomomola|Alomomola, M|73\/100 tox\n|-damage|p1a: Alomomola|61\/100 tox|[from] Stealth Rock\n|move|p2a: Beedrill|U-turn|p1a: Alomomola\n|-damage|p1a: Alomomola|29\/100 tox\n|-damage|p2a: Beedrill|67\/100|[from] item: Rocky Helmet|[of] p1a: Alomomola\n|\n|t:|1700109726\n|switch|p2a: Clodsire|Clodsire, F|48\/100|[from] U-turn\n|\n|-heal|p2a: Clodsire|55\/100|[from] item: Black Sludge\n|-damage|p1a: Alomomola|23\/100 tox|[from] psn\n|upkeep\n|turn|17\n|\n|t:|1700109730\n|move|p1a: Alomomola|Wish|p1a: Alomomola\n|move|p2a: Clodsire|Recover|p2a: Clodsire\n|-heal|p2a: Clodsire|100\/100\n|\n|-damage|p1a: Alomomola|11\/100 tox|[from] psn\n|upkeep\n|turn|18\n|\n|t:|1700109739\n|switch|p1a: Hoopa|Hoopa-Unbound|64\/100 tox\n|-damage|p1a: Hoopa|52\/100 tox|[from] Stealth Rock\n|switch|p2a: Beedrill|Beedrill-Mega, F|67\/100\n|\n|-heal|p1a: Hoopa|100\/100 tox|[from] move: Wish|[wisher] Alomomola\n|-damage|p1a: Hoopa|95\/100 tox|[from] psn\n|upkeep\n|turn|19\n|\n|t:|1700109743\n|switch|p1a: Alomomola|Alomomola, M|44\/100 tox\n|-damage|p1a: Alomomola|32\/100 tox|[from] Stealth Rock\n|move|p2a: Beedrill|U-turn|p1a: Alomomola\n|-damage|p1a: Alomomola|5\/100 tox\n|-damage|p2a: Beedrill|51\/100|[from] item: Rocky Helmet|[of] p1a: Alomomola\n|\n|t:|1700109750\n|switch|p2a: Sneasler|Sneasler, M|100\/100|[from] U-turn\n|\n|-damage|p1a: Alomomola|0 fnt|[from] psn\n|faint|p1a: Alomomola\n|upkeep\n|\n|t:|1700109768\n|switch|p1a: Lopunny|Lopunny, M|100\/100\n|-damage|p1a: Lopunny|88\/100|[from] Stealth Rock\n|turn|20\n|\n|t:|1700109774\n|detailschange|p1a: Lopunny|Lopunny-Mega, M\n|-mega|p1a: Lopunny|Lopunny|Lopunnite\n|move|p1a: Lopunny|Fake Out|p2a: Sneasler\n|-damage|p2a: Sneasler|61\/100\n|cant|p2a: Sneasler|flinch\n|\n|upkeep\n|turn|21\n|\n|t:|1700109785\n|switch|p2a: Crobat|Crobat, F|67\/100\n|move|p1a: Lopunny|Return|p2a: Crobat\n|-damage|p2a: Crobat|7\/100\n|\n|upkeep\n|turn|22\n|\n|t:|1700109793\n|move|p1a: Lopunny|Quick Attack|p2a: Crobat\n|-damage|p2a: Crobat|0 fnt\n|faint|p2a: Crobat\n|\n|upkeep\n|\n|t:|1700109797\n|switch|p2a: Clodsire|Clodsire, F|100\/100\n|turn|23\n|\n|t:|1700109812\n|switch|p1a: Hoopa|Hoopa-Unbound|95\/100 tox\n|-damage|p1a: Hoopa|82\/100 tox|[from] Stealth Rock\n|move|p2a: Clodsire|Toxic|p1a: Hoopa\n|-fail|p1a: Hoopa|tox\n|\n|-damage|p1a: Hoopa|76\/100 tox|[from] psn\n|upkeep\n|turn|24\n|\n|t:|1700109818\n|switch|p2a: Muk|Muk-Alola, F|100\/100\n|move|p1a: Hoopa|Dark Pulse|p2a: Muk\n|-resisted|p2a: Muk\n|-damage|p2a: Muk|72\/100\n|\n|-heal|p2a: Muk|78\/100|[from] item: Black Sludge\n|-damage|p1a: Hoopa|64\/100 tox|[from] psn\n|upkeep\n|turn|25\n|\n|t:|1700109825\n|switch|p1a: Slowking|Slowking-Galar, M|60\/100\n|move|p2a: Muk|Shadow Sneak|p1a: Slowking\n|-supereffective|p1a: Slowking\n|-damage|p1a: Slowking|31\/100\n|\n|-heal|p2a: Muk|84\/100|[from] item: Black Sludge\n|upkeep\n|turn|26\n|\n|t:|1700109834\n|move|p2a: Muk|Curse|p2a: Muk\n|-unboost|p2a: Muk|spe|1\n|-boost|p2a: Muk|atk|1\n|-boost|p2a: Muk|def|1\n|move|p1a: Slowking|Slack Off|p1a: Slowking\n|-heal|p1a: Slowking|81\/100\n|\n|-heal|p2a: Muk|90\/100|[from] item: Black Sludge\n|upkeep\n|turn|27\n|\n|t:|1700109850\n|move|p2a: Muk|Knock Off|p1a: Slowking\n|-supereffective|p1a: Slowking\n|-damage|p1a: Slowking|0 fnt\n|-enditem|p1a: Slowking|Heavy-Duty Boots|[from] move: Knock Off|[of] p2a: Muk\n|faint|p1a: Slowking\n|\n|-heal|p2a: Muk|96\/100|[from] item: Black Sludge\n|upkeep\n|-message|horse liquor \u25d5\u203f\u25d5 forfeited.\n|\n|win|Krokorockin\n|raw|horse liquor \u25d5\u203f\u25d5's rating: 1260 &rarr; <strong>1227<\/strong><br \/>(-33 for losing)\n|raw|Krokorockin's rating: 1143 &rarr; <strong>1176<\/strong><br \/>(+33 for winning)\n|l|\u2606horse liquor \u25d5\u203f\u25d5\n","uploadtime":1700109863,"views":24,"p1id":"horseliquor","p2id":"krokorockin","formatid":"gen9nationaldex","rating":1176,"private":0,"password":""}