{"id":"gen9nationaldex-1991751295","p1":"ChaosEmperor96","p2":"LiDek","format":"[Gen 9] National Dex","log":"|j|\u2606ChaosEmperor96\n|j|\u2606LiDek\n|t:|1700111035\n|gametype|singles\n|player|p1|ChaosEmperor96|marshal|1258\n|player|p2|LiDek|pokekid|1303\n|teamsize|p1|6\n|teamsize|p2|6\n|gen|9\n|tier|[Gen 9] National Dex\n|rated|\n|rule|HP Percentage Mod: HP is shown in percentages\n|rule|Endless Battle Clause: Forcing endless battles is banned\n|rule|OHKO Clause: OHKO moves are banned\n|rule|Evasion Clause: Evasion abilities, items, and moves are banned\n|rule|Evasion Abilities Clause: Evasion abilities are banned\n|rule|Evasion Items Clause: Evasion items are banned\n|rule|Evasion Moves Clause: Evasion moves are banned\n|rule|Species Clause: Limit one of each Pok\u00e9mon\n|rule|Sleep Clause Mod: Limit one foe put to sleep\n|clearpoke\n|poke|p1|Emboar, M|\n|poke|p1|Haxorus, M|\n|poke|p1|Excadrill, M|\n|poke|p1|Galvantula, M|\n|poke|p1|Mandibuzz, F|\n|poke|p1|Vanilluxe, M|\n|poke|p2|Tapu Koko|\n|poke|p2|Scizor, M|\n|poke|p2|Iron Moth|\n|poke|p2|Ursaluna, M|\n|poke|p2|Toxapex, M|\n|poke|p2|Hydreigon, M|\n|teampreview\n|inactive|Battle timer is ON: inactive players will automatically lose when time's up. (requested by LiDek)\n|\n|t:|1700111059\n|start\n|switch|p1a: Excadrill|Excadrill, M, shiny|100\/100\n|switch|p2a: Tapu Koko|Tapu Koko|100\/100\n|-fieldstart|move: Electric Terrain|[from] ability: Electric Surge|[of] p2a: Tapu Koko\n|turn|1\n|\n|t:|1700111067\n|switch|p2a: Hydreigon|Hydreigon, M, shiny|100\/100\n|-terastallize|p1a: Excadrill|Ground\n|move|p1a: Excadrill|Rapid Spin|p2a: Hydreigon\n|-damage|p2a: Hydreigon|81\/100\n|-boost|p1a: Excadrill|spe|1\n|\n|-heal|p2a: Hydreigon|87\/100|[from] item: Leftovers\n|upkeep\n|turn|2\n|\n|t:|1700111081\n|move|p1a: Excadrill|Iron Head|p2a: Hydreigon\n|-damage|p2a: Hydreigon|42\/100\n|move|p2a: Hydreigon|Earth Power|p1a: Excadrill\n|-damage|p1a: Excadrill|66\/100\n|\n|-heal|p2a: Hydreigon|48\/100|[from] item: Leftovers\n|upkeep\n|turn|3\n|\n|t:|1700111089\n|move|p1a: Excadrill|Iron Head|p2a: Hydreigon\n|-damage|p2a: Hydreigon|4\/100\n|move|p2a: Hydreigon|Earth Power|p1a: Excadrill\n|-damage|p1a: Excadrill|29\/100\n|\n|-heal|p2a: Hydreigon|10\/100|[from] item: Leftovers\n|upkeep\n|turn|4\n|\n|t:|1700111098\n|move|p1a: Excadrill|Iron Head|p2a: Hydreigon\n|-damage|p2a: Hydreigon|0 fnt\n|faint|p2a: Hydreigon\n|\n|upkeep\n|\n|t:|1700111108\n|switch|p2a: Iron Moth|Iron Moth|100\/100\n|-activate|p2a: Iron Moth|ability: Quark Drive\n|-start|p2a: Iron Moth|quarkdrivespe\n|turn|5\n|j| Kkdsfh\n|\n|t:|1700111113\n|move|p2a: Iron Moth|Energy Ball|p1a: Excadrill\n|-supereffective|p1a: Excadrill\n|-damage|p1a: Excadrill|0 fnt\n|faint|p1a: Excadrill\n|\n|-fieldend|move: Electric Terrain\n|-end|p2a: Iron Moth|Quark Drive\n|upkeep\n|\n|t:|1700111122\n|switch|p1a: Haxorus|Haxorus, M, shiny|100\/100\n|-ability|p1a: Haxorus|Mold Breaker\n|turn|6\n|c| Kkdsfh|This guy is a fucking trash loser who depends on misses to win\n|\n|t:|1700111136\n|-end|p2a: Iron Moth|Quark Drive|[silent]\n|switch|p2a: Scizor|Scizor, M|100\/100\n|move|p1a: Haxorus|Dragon Dance|p1a: Haxorus\n|-boost|p1a: Haxorus|atk|1\n|-boost|p1a: Haxorus|spe|1\n|\n|upkeep\n|turn|7\n|\n|t:|1700111144\n|detailschange|p2a: Scizor|Scizor-Mega, M\n|-mega|p2a: Scizor|Scizor|Scizorite\n|move|p2a: Scizor|Bullet Punch|p1a: Haxorus\n|-damage|p1a: Haxorus|62\/100\n|move|p1a: Haxorus|Close Combat|p2a: Scizor\n|-damage|p2a: Scizor|57\/100\n|-unboost|p1a: Haxorus|def|1\n|-unboost|p1a: Haxorus|spd|1\n|\n|upkeep\n|turn|8\n|\n|t:|1700111162\n|move|p2a: Scizor|Bullet Punch|p1a: Haxorus\n|-damage|p1a: Haxorus|4\/100\n|move|p1a: Haxorus|Outrage|p2a: Scizor\n|-resisted|p2a: Scizor\n|-damage|p2a: Scizor|26\/100\n|\n|upkeep\n|turn|9\n|\n|t:|1700111169\n|move|p2a: Scizor|Bullet Punch|p1a: Haxorus\n|-damage|p1a: Haxorus|0 fnt\n|faint|p1a: Haxorus\n|\n|upkeep\n|\n|t:|1700111174\n|switch|p1a: Galvantula|Galvantula, M, shiny|100\/100\n|turn|10\n|c| Kkdsfh|You better beat this loser\n|\n|t:|1700111194\n|switch|p2a: Ursaluna|Ursaluna, M, shiny|100\/100\n|move|p1a: Galvantula|Sticky Web|p2a: Ursaluna\n|-sidestart|p2: LiDek|move: Sticky Web\n|\n|-status|p2a: Ursaluna|brn|[from] item: Flame Orb\n|upkeep\n|turn|11\n|c| Kkdsfh|Bro just kicked me out a win and thinks he\u2019s good\n|\n|t:|1700111202\n|move|p1a: Galvantula|Energy Ball|p2a: Ursaluna\n|-supereffective|p2a: Ursaluna\n|-damage|p2a: Ursaluna|55\/100 brn\n|-unboost|p2a: Ursaluna|spd|1\n|move|p2a: Ursaluna|Swords Dance|p2a: Ursaluna\n|-boost|p2a: Ursaluna|atk|2\n|\n|-damage|p2a: Ursaluna|49\/100 brn|[from] brn\n|upkeep\n|turn|12\n|\n|t:|1700111211\n|move|p1a: Galvantula|Energy Ball|p2a: Ursaluna\n|-supereffective|p2a: Ursaluna\n|-damage|p2a: Ursaluna|0 fnt\n|faint|p2a: Ursaluna\n|\n|upkeep\n|\n|t:|1700111230\n|switch|p2a: Tapu Koko|Tapu Koko|100\/100\n|-activate|p2a: Tapu Koko|move: Sticky Web\n|-unboost|p2a: Tapu Koko|spe|1\n|-fieldstart|move: Electric Terrain|[from] ability: Electric Surge|[of] p2a: Tapu Koko\n|turn|13\n|c| Kkdsfh|Bro would\u2019ve lost to someone with 150 less\n|\n|t:|1700111236\n|move|p1a: Galvantula|Thunderbolt|p2a: Tapu Koko\n|-resisted|p2a: Tapu Koko\n|-damage|p2a: Tapu Koko|65\/100\n|move|p2a: Tapu Koko|Volt Switch|p1a: Galvantula\n|-resisted|p1a: Galvantula\n|-damage|p1a: Galvantula|46\/100\n|c| Kkdsfh|Points\n|c| Kkdsfh|imagine\n|\n|t:|1700111239\n|switch|p2a: Iron Moth|Iron Moth|100\/100|[from] Volt Switch\n|-activate|p2a: Iron Moth|ability: Quark Drive\n|-start|p2a: Iron Moth|quarkdrivespe\n|\n|upkeep\n|turn|14\n|c| Kkdsfh|being that fucking trash\n|\n|t:|1700111247\n|move|p2a: Iron Moth|Sludge Wave|p1a: Galvantula\n|-damage|p1a: Galvantula|0 fnt\n|faint|p1a: Galvantula\n|\n|upkeep\n|\n|t:|1700111255\n|switch|p1a: Emboar|Emboar, M, shiny|100\/100\n|turn|15\n|\n|t:|1700111263\n|switch|p1a: Mandibuzz|Mandibuzz, F, shiny|100\/100\n|move|p2a: Iron Moth|Sludge Wave|p1a: Mandibuzz\n|-damage|p1a: Mandibuzz|60\/100\n|\n|upkeep\n|turn|16\n|\n|t:|1700111270\n|move|p2a: Iron Moth|Discharge|p1a: Mandibuzz\n|-supereffective|p1a: Mandibuzz\n|-damage|p1a: Mandibuzz|5\/100\n|-status|p1a: Mandibuzz|par\n|move|p1a: Mandibuzz|Foul Play|p2a: Iron Moth\n|-damage|p2a: Iron Moth|73\/100\n|\n|upkeep\n|turn|17\n|\n|t:|1700111278\n|move|p2a: Iron Moth|Fiery Dance|p1a: Mandibuzz\n|-damage|p1a: Mandibuzz|0 fnt\n|faint|p1a: Mandibuzz\n|\n|-fieldend|move: Electric Terrain\n|-end|p2a: Iron Moth|Quark Drive\n|upkeep\n|\n|t:|1700111289\n|switch|p1a: Emboar|Emboar, M, shiny|100\/100\n|turn|18\n|\n|t:|1700111293\n|-end|p2a: Iron Moth|Quark Drive|[silent]\n|switch|p2a: Toxapex|Toxapex, M|100\/100\n|-activate|p2a: Toxapex|move: Sticky Web\n|-unboost|p2a: Toxapex|spe|1\n|move|p1a: Emboar|Head Smash|p2a: Toxapex\n|-damage|p2a: Toxapex|66\/100\n|-damage|p1a: Emboar|86\/100|[from] Recoil\n|\n|upkeep\n|turn|19\n|\n|t:|1700111302\n|switch|p1a: Vanilluxe|Vanilluxe, M, shiny|100\/100\n|move|p2a: Toxapex|Scald|p1a: Vanilluxe\n|-damage|p1a: Vanilluxe|79\/100\n|\n|upkeep\n|turn|20\n|\n|t:|1700111312\n|move|p1a: Vanilluxe|Freeze-Dry|p2a: Toxapex\n|-supereffective|p2a: Toxapex\n|-damage|p2a: Toxapex|10\/100\n|move|p2a: Toxapex|Toxic|p1a: Vanilluxe\n|-status|p1a: Vanilluxe|tox\n|\n|-damage|p1a: Vanilluxe|73\/100 tox|[from] psn\n|upkeep\n|turn|21\n|c| Kkdsfh|Bro uses such shit sets\n|\n|t:|1700111320\n|move|p1a: Vanilluxe|Freeze-Dry|p2a: Toxapex\n|-supereffective|p2a: Toxapex\n|-damage|p2a: Toxapex|0 fnt\n|faint|p2a: Toxapex\n|\n|-damage|p1a: Vanilluxe|61\/100 tox|[from] psn\n|upkeep\n|\n|t:|1700111322\n|switch|p2a: Scizor|Scizor-Mega, M|26\/100\n|-activate|p2a: Scizor|move: Sticky Web\n|-unboost|p2a: Scizor|spe|1\n|turn|22\n|\n|t:|1700111331\n|move|p2a: Scizor|Bullet Punch|p1a: Vanilluxe\n|-supereffective|p1a: Vanilluxe\n|-damage|p1a: Vanilluxe|0 fnt\n|faint|p1a: Vanilluxe\n|\n|upkeep\n|\n|t:|1700111336\n|switch|p1a: Emboar|Emboar, M, shiny|86\/100\n|turn|23\n|\n|t:|1700111340\n|move|p1a: Emboar|Flare Blitz|p2a: Scizor\n|-supereffective|p2a: Scizor\n|-damage|p2a: Scizor|0 fnt\n|faint|p2a: Scizor\n|-damage|p1a: Emboar|78\/100|[from] Recoil\n|\n|upkeep\n|\n|t:|1700111344\n|switch|p2a: Tapu Koko|Tapu Koko|65\/100\n|-activate|p2a: Tapu Koko|move: Sticky Web\n|-unboost|p2a: Tapu Koko|spe|1\n|-fieldstart|move: Electric Terrain|[from] ability: Electric Surge|[of] p2a: Tapu Koko\n|turn|24\n|\n|t:|1700111352\n|move|p1a: Emboar|Flare Blitz|p2a: Tapu Koko\n|-damage|p2a: Tapu Koko|0 fnt\n|faint|p2a: Tapu Koko\n|-damage|p1a: Emboar|61\/100|[from] Recoil\n|\n|upkeep\n|\n|t:|1700111355\n|switch|p2a: Iron Moth|Iron Moth|73\/100\n|-activate|p2a: Iron Moth|ability: Quark Drive\n|-start|p2a: Iron Moth|quarkdrivespe\n|turn|25\n|\n|t:|1700111362\n|-terastallize|p2a: Iron Moth|Grass\n|move|p2a: Iron Moth|Discharge|p1a: Emboar\n|-damage|p1a: Emboar|15\/100\n|-status|p1a: Emboar|par\n|cant|p1a: Emboar|par\n|\n|upkeep\n|turn|26\n|-message|ChaosEmperor96 forfeited.\n|\n|win|LiDek\n|raw|ChaosEmperor96's rating: 1258 &rarr; <strong>1236<\/strong><br \/>(-22 for losing)\n|raw|LiDek's rating: 1303 &rarr; <strong>1320<\/strong><br \/>(+17 for winning)\n","uploadtime":1700111126,"views":4,"p1id":"chaosemperor96","p2id":"lidek","formatid":"gen9nationaldex","rating":1236,"private":0,"password":""}