{"id":"gen9nationaldex-2000197024","p1":"pezevenkhalaybasi","p2":"Swoad Khan","format":"[Gen 9] National Dex","log":"|html|<div class=\"broadcast-blue\"><strong>[Gen 9] National Dex is currently suspecting Sneasler! For information on how to participate check out the <a href=\"https:\/\/www.smogon.com\/forums\/threads\/sv-national-dex-suspect-8-just-dance.3731534\/\">suspect thread<\/a>.<\/strong><\/div>\n|j|\u2606pezevenkhalaybasi\n|j|\u2606Swoad Khan\n|t:|1701170710\n|gametype|singles\n|player|p1|pezevenkhalaybasi|guitarist-gen4|1202\n|player|p2|Swoad Khan|steven|1204\n|teamsize|p1|6\n|teamsize|p2|6\n|gen|9\n|tier|[Gen 9] National Dex\n|rated|\n|rule|HP Percentage Mod: HP is shown in percentages\n|rule|Endless Battle Clause: Forcing endless battles is banned\n|rule|OHKO Clause: OHKO moves are banned\n|rule|Evasion Clause: Evasion abilities, items, and moves are banned\n|rule|Evasion Abilities Clause: Evasion abilities are banned\n|rule|Evasion Items Clause: Evasion items are banned\n|rule|Evasion Moves Clause: Evasion moves are banned\n|rule|Species Clause: Limit one of each Pok\u00e9mon\n|rule|Sleep Clause Mod: Limit one foe put to sleep\n|clearpoke\n|poke|p1|Arcanine, M|\n|poke|p1|Gyarados, M|\n|poke|p1|Rhydon, M|\n|poke|p1|Pidgeot, F|\n|poke|p1|Exeggutor, M|\n|poke|p1|Alakazam, F|\n|poke|p2|Lycanroc-Dusk, M|\n|poke|p2|Dragonite, M|\n|poke|p2|Zeraora|\n|poke|p2|Absol, F|\n|poke|p2|Zapdos|\n|poke|p2|Weavile, M|\n|teampreview\n|inactive|Battle timer is ON: inactive players will automatically lose when time's up. (requested by Swoad Khan)\n|c|\u2606Swoad Khan|Weak team\n|\n|t:|1701170740\n|start\n|switch|p1a: Rhydon|Rhydon, M|100\/100\n|switch|p2a: Weavile|Weavile, M|100\/100\n|-ability|p2a: Weavile|Pressure\n|turn|1\n|c|\u2606pezevenkhalaybasi|\u0131dc\n|j| fengqiu\n|c|\u2606pezevenkhalaybasi|\u0131 love my team\n|c|\u2606Swoad Khan|Your team is very weak\n|inactive|pezevenkhalaybasi has 120 seconds left.\n|\n|t:|1701170783\n|switch|p1a: Gyarados|Gyarados, M|100\/100\n|move|p2a: Weavile|Triple Axel|p1a: Gyarados\n|-damage|p1a: Gyarados|89\/100\n|-damage|p1a: Gyarados|70\/100\n|-damage|p1a: Gyarados|39\/100\n|-hitcount|p1a: Gyarados|3\n|\n|-heal|p1a: Gyarados|45\/100|[from] item: Leftovers\n|upkeep\n|turn|2\n|inactive|Swoad Khan has 120 seconds left.\n|\n|t:|1701170825\n|switch|p1a: Arcanine|Arcanine, M|100\/100\n|-ability|p1a: Arcanine|Intimidate|boost\n|-unboost|p2a: Weavile|atk|1\n|move|p2a: Weavile|Triple Axel|p1a: Arcanine\n|-resisted|p1a: Arcanine\n|-damage|p1a: Arcanine|97\/100\n|-damage|p2a: Weavile|84\/100|[from] item: Rocky Helmet|[of] p1a: Arcanine\n|-resisted|p1a: Arcanine\n|-damage|p1a: Arcanine|89\/100\n|-damage|p2a: Weavile|68\/100|[from] item: Rocky Helmet|[of] p1a: Arcanine\n|-resisted|p1a: Arcanine\n|-damage|p1a: Arcanine|79\/100\n|-damage|p2a: Weavile|51\/100|[from] item: Rocky Helmet|[of] p1a: Arcanine\n|-hitcount|p1a: Arcanine|3\n|\n|upkeep\n|turn|3\n|l| fengqiu\n|c|\u2606Swoad Khan|Your team is the weakest team ever\n|inactive|pezevenkhalaybasi has 90 seconds left.\n|\n|t:|1701170872\n|move|p2a: Weavile|Protect|p2a: Weavile\n|-singleturn|p2a: Weavile|Protect\n|move|p1a: Arcanine|Morning Sun|p1a: Arcanine\n|-heal|p1a: Arcanine|100\/100\n|\n|upkeep\n|turn|4\n|inactive|Swoad Khan has 120 seconds left.\n|inactive|Swoad Khan has 90 seconds left.\n|inactive|Swoad Khan has 60 seconds left.\n|\n|t:|1701170970\n|switch|p2a: Zapdos|Zapdos|100\/100\n|move|p1a: Arcanine|Flare Blitz|p2a: Zapdos\n|-damage|p2a: Zapdos|40\/100\n|-damage|p1a: Arcanine|81\/100|[from] Recoil\n|\n|upkeep\n|turn|5\n|inactive|pezevenkhalaybasi has 60 seconds left.\n|\n|t:|1701170990\n|switch|p1a: Rhydon|Rhydon, M|100\/100\n|move|p2a: Zapdos|Roost|p2a: Zapdos\n|-heal|p2a: Zapdos|90\/100\n|-singleturn|p2a: Zapdos|move: Roost\n|\n|upkeep\n|turn|6\n|inactive|pezevenkhalaybasi has 60 seconds left.\n|\n|t:|1701171004\n|move|p2a: Zapdos|Hurricane|p1a: Rhydon|[miss]\n|-miss|p2a: Zapdos|p1a: Rhydon\n|move|p1a: Rhydon|Toxic|p2a: Zapdos\n|-status|p2a: Zapdos|tox\n|\n|-damage|p2a: Zapdos|84\/100 tox|[from] psn\n|upkeep\n|turn|7\n|inactive|pezevenkhalaybasi has 60 seconds left.\n|\n|t:|1701171011\n|move|p2a: Zapdos|Hurricane|p1a: Rhydon\n|-resisted|p1a: Rhydon\n|-damage|p1a: Rhydon|78\/100\n|move|p1a: Rhydon|Stealth Rock|p2a: Zapdos\n|-sidestart|p2: Swoad Khan|move: Stealth Rock\n|\n|-damage|p2a: Zapdos|72\/100 tox|[from] psn\n|upkeep\n|turn|8\n|inactive|pezevenkhalaybasi has 60 seconds left.\n|\n|t:|1701171023\n|move|p2a: Zapdos|Defog|p1a: Rhydon\n|-unboost|p1a: Rhydon|evasion|1\n|-sideend|p2: Swoad Khan|Stealth Rock|[from] move: Defog|[of] p2a: Zapdos\n|move|p1a: Rhydon|Stone Edge|p2a: Zapdos\n|-supereffective|p2a: Zapdos\n|-damage|p2a: Zapdos|0 fnt\n|faint|p2a: Zapdos\n|\n|upkeep\n|\n|t:|1701171032\n|switch|p2a: Absol|Absol, F|100\/100\n|turn|9\n|inactive|pezevenkhalaybasi has 60 seconds left.\n|\n|t:|1701171058\n|detailschange|p2a: Absol|Absol-Mega, F\n|-mega|p2a: Absol|Absol|Absolite\n|move|p2a: Absol|Close Combat|p1a: Rhydon\n|-supereffective|p1a: Rhydon\n|-damage|p1a: Rhydon|34\/100\n|-unboost|p2a: Absol|def|1\n|-unboost|p2a: Absol|spd|1\n|move|p1a: Rhydon|Stone Edge|p2a: Absol\n|-damage|p2a: Absol|0 fnt\n|faint|p2a: Absol\n|\n|upkeep\n|inactive|Swoad Khan has 60 seconds left.\n|\n|t:|1701171070\n|switch|p2a: Lycanroc|Lycanroc-Dusk, M|100\/100\n|turn|10\n|inactive|pezevenkhalaybasi has 60 seconds left.\n|\n|t:|1701171087\n|move|p2a: Lycanroc|Close Combat|p1a: Rhydon\n|-supereffective|p1a: Rhydon\n|-damage|p1a: Rhydon|0 fnt\n|-unboost|p2a: Lycanroc|def|1\n|-unboost|p2a: Lycanroc|spd|1\n|faint|p1a: Rhydon\n|\n|upkeep\n|\n|t:|1701171098\n|switch|p1a: Exeggutor|Exeggutor, M|100\/100\n|turn|11\n|\n|t:|1701171105\n|move|p2a: Lycanroc|Fire Fang|p1a: Exeggutor\n|-supereffective|p1a: Exeggutor\n|-damage|p1a: Exeggutor|47\/100\n|-enditem|p1a: Exeggutor|Sitrus Berry|[eat]\n|-heal|p1a: Exeggutor|72\/100|[from] item: Sitrus Berry\n|move|p1a: Exeggutor|Sleep Powder|p2a: Lycanroc\n|-status|p2a: Lycanroc|slp|[from] move: Sleep Powder\n|\n|-item|p1a: Exeggutor|Sitrus Berry|[from] ability: Harvest\n|upkeep\n|turn|12\n|inactive|Swoad Khan has 90 seconds left.\n|\n|t:|1701171118\n|switch|p2a: Weavile|Weavile, M|51\/100\n|-ability|p2a: Weavile|Pressure\n|move|p1a: Exeggutor|Substitute|p1a: Exeggutor\n|-start|p1a: Exeggutor|Substitute\n|-damage|p1a: Exeggutor|47\/100\n|-enditem|p1a: Exeggutor|Sitrus Berry|[eat]\n|-heal|p1a: Exeggutor|72\/100|[from] item: Sitrus Berry\n|\n|upkeep\n|turn|13\n|inactive|Swoad Khan has 90 seconds left.\n|\n|t:|1701171131\n|move|p2a: Weavile|Triple Axel|p1a: Exeggutor\n|-supereffective|p1a: Exeggutor\n|-activate|p1a: Exeggutor|move: Substitute|[damage]\n|-supereffective|p1a: Exeggutor\n|-crit|p1a: Exeggutor\n|-end|p1a: Exeggutor|Substitute\n|-supereffective|p1a: Exeggutor\n|-damage|p1a: Exeggutor|11\/100\n|-hitcount|p1a: Exeggutor|3\n|move|p1a: Exeggutor|Giga Drain|p2a: Weavile\n|-damage|p2a: Weavile|0 fnt\n|-heal|p1a: Exeggutor|29\/100|[from] drain|[of] p2a: Weavile\n|faint|p2a: Weavile\n|\n|upkeep\n|inactive|Swoad Khan has 90 seconds left.\n|\n|t:|1701171143\n|switch|p2a: Dragonite|Dragonite, M|100\/100\n|turn|14\n|inactive|pezevenkhalaybasi has 60 seconds left.\n|\n|t:|1701171154\n|move|p2a: Dragonite|Dragon Dance|p2a: Dragonite\n|-boost|p2a: Dragonite|atk|1\n|-boost|p2a: Dragonite|spe|1\n|move|p1a: Exeggutor|Sleep Powder|p2a: Dragonite\n|-message|Sleep Clause Mod activated.\n|-hint|Sleep Clause Mod prevents players from putting more than one of their opponent's Pok\u00e9mon to sleep at a time\n|\n|upkeep\n|turn|15\n|inactive|pezevenkhalaybasi has 60 seconds left.\n|\n|t:|1701171177\n|move|p2a: Dragonite|Dual Wingbeat|p1a: Exeggutor\n|-supereffective|p1a: Exeggutor\n|-damage|p1a: Exeggutor|0 fnt\n|faint|p1a: Exeggutor\n|-hitcount|p1: Exeggutor|1\n|\n|upkeep\n|\n|t:|1701171194\n|switch|p1a: Pidgeot|Pidgeot, F|100\/100\n|turn|16\n|c|\u2606Swoad Khan|Dragonite is my Most strongest pokemom\n|\n|t:|1701171205\n|detailschange|p1a: Pidgeot|Pidgeot-Mega, F\n|-mega|p1a: Pidgeot|Pidgeot|Pidgeotite\n|move|p2a: Dragonite|Dragon Claw|p1a: Pidgeot\n|-damage|p1a: Pidgeot|12\/100\n|move|p1a: Pidgeot|Hurricane|p2a: Dragonite\n|-damage|p2a: Dragonite|71\/100\n|-start|p2a: Dragonite|confusion\n|-enditem|p2a: Dragonite|Lum Berry|[eat]\n|-end|p2a: Dragonite|confusion\n|\n|upkeep\n|turn|17\n|inactive|pezevenkhalaybasi has 30 seconds left.\n|\n|t:|1701171228\n|move|p2a: Dragonite|Extreme Speed|p1a: Pidgeot\n|-damage|p1a: Pidgeot|0 fnt\n|faint|p1a: Pidgeot\n|\n|upkeep\n|inactive|pezevenkhalaybasi has 30 seconds left.\n|\n|t:|1701171233\n|switch|p1a: Arcanine|Arcanine, M|81\/100\n|-ability|p1a: Arcanine|Intimidate|boost\n|-unboost|p2a: Dragonite|atk|1\n|turn|18\n|inactive|pezevenkhalaybasi has 30 seconds left.\n|inactive|pezevenkhalaybasi has 20 seconds left.\n|\n|t:|1701171254\n|move|p2a: Dragonite|Dragon Dance|p2a: Dragonite\n|-boost|p2a: Dragonite|atk|1\n|-boost|p2a: Dragonite|spe|1\n|move|p1a: Arcanine|Wild Charge|p2a: Dragonite\n|-damage|p2a: Dragonite|42\/100\n|-damage|p1a: Arcanine|74\/100|[from] Recoil\n|\n|upkeep\n|turn|19\n|inactive|pezevenkhalaybasi has 30 seconds left this turn.\n|inactive|pezevenkhalaybasi has 20 seconds left.\n|inactive|pezevenkhalaybasi has 15 seconds left.\n|\n|t:|1701171270\n|move|p2a: Dragonite|Dragon Claw|p1a: Arcanine\n|-damage|p1a: Arcanine|9\/100\n|-damage|p2a: Dragonite|25\/100|[from] item: Rocky Helmet|[of] p1a: Arcanine\n|move|p1a: Arcanine|Wild Charge|p2a: Dragonite\n|-damage|p2a: Dragonite|0 fnt\n|faint|p2a: Dragonite\n|-damage|p1a: Arcanine|4\/100|[from] Recoil\n|\n|upkeep\n|inactive|pezevenkhalaybasi has 20 seconds left this turn.\n|\n|t:|1701171280\n|switch|p2a: Zeraora|Zeraora|100\/100\n|-item|p2a: Zeraora|Air Balloon\n|turn|20\n|inactive|pezevenkhalaybasi has 30 seconds left this turn.\n|inactive|pezevenkhalaybasi has 20 seconds left.\n|\n|t:|1701171292\n|move|p1a: Arcanine|Extreme Speed|p2a: Zeraora\n|-damage|p2a: Zeraora|69\/100\n|-enditem|p2a: Zeraora|Air Balloon\n|move|p2a: Zeraora|Plasma Fists|p1a: Arcanine\n|-damage|p1a: Arcanine|0 fnt\n|-fieldactivate|move: Ion Deluge\n|-hint|Normal-type moves become Electric-type after using Plasma Fists.\n|-damage|p2a: Zeraora|53\/100|[from] item: Rocky Helmet|[of] p1a: Arcanine\n|faint|p1a: Arcanine\n|\n|upkeep\n|inactive|pezevenkhalaybasi has 25 seconds left this turn.\n|inactive|pezevenkhalaybasi has 20 seconds left.\n|inactive|pezevenkhalaybasi has 15 seconds left.\n|\n|t:|1701171306\n|switch|p1a: Gyarados|Gyarados, M|45\/100\n|turn|21\n|inactive|pezevenkhalaybasi has 25 seconds left this turn.\n|inactive|pezevenkhalaybasi has 20 seconds left.\n|\n|t:|1701171313\n|-terastallize|p1a: Gyarados|Ground\n|move|p2a: Zeraora|Plasma Fists|p1a: Gyarados\n|-immune|p1a: Gyarados\n|move|p1a: Gyarados|Earthquake|p2a: Zeraora\n|-supereffective|p2a: Zeraora\n|-damage|p2a: Zeraora|0 fnt\n|faint|p2a: Zeraora\n|-ability|p1a: Gyarados|Moxie|boost\n|-boost|p1a: Gyarados|atk|1\n|\n|-heal|p1a: Gyarados|52\/100|[from] item: Leftovers\n|upkeep\n|inactive|pezevenkhalaybasi has 25 seconds left this turn.\n|\n|t:|1701171317\n|switch|p2a: Lycanroc|Lycanroc-Dusk, M|100\/100 slp\n|turn|22\n|inactive|pezevenkhalaybasi has 30 seconds left.\n|inactive|pezevenkhalaybasi has 20 seconds left.\n|inactive|pezevenkhalaybasi has 15 seconds left.\n|c|\u2606pezevenkhalaybasi|you will lose against my weak team\n|inactive|pezevenkhalaybasi has 10 seconds left.\n|\n|t:|1701171342\n|cant|p2a: Lycanroc|slp\n|move|p1a: Gyarados|Dragon Dance|p1a: Gyarados\n|-boost|p1a: Gyarados|atk|1\n|-boost|p1a: Gyarados|spe|1\n|\n|-heal|p1a: Gyarados|58\/100|[from] item: Leftovers\n|upkeep\n|turn|23\n|inactive|pezevenkhalaybasi has 20 seconds left this turn.\n|inactive|pezevenkhalaybasi has 15 seconds left.\n|\n|t:|1701171354\n|cant|p2a: Lycanroc|slp\n|move|p1a: Gyarados|Earthquake|p2a: Lycanroc\n|-supereffective|p2a: Lycanroc\n|-enditem|p2a: Lycanroc|Focus Sash\n|-damage|p2a: Lycanroc|1\/100 slp\n|\n|-heal|p1a: Gyarados|64\/100|[from] item: Leftovers\n|upkeep\n|turn|24\n|inactive|pezevenkhalaybasi has 25 seconds left this turn.\n|inactive|pezevenkhalaybasi has 20 seconds left.\n|c|\u2606pezevenkhalaybasi|hahahh\n|inactive|Swoad Khan has 120 seconds left.\n|c|\u2606Swoad Khan|I didn\u2019t use my full power\n|\n|t:|1701171403\n|-curestatus|p2a: Lycanroc|slp|[msg]\n|move|p2a: Lycanroc|Accelerock|p1a: Gyarados\n|-resisted|p1a: Gyarados\n|-damage|p1a: Gyarados|51\/100\n|move|p1a: Gyarados|Earthquake|p2a: Lycanroc\n|-supereffective|p2a: Lycanroc\n|-crit|p2a: Lycanroc\n|-damage|p2a: Lycanroc|0 fnt\n|faint|p2a: Lycanroc\n|\n|win|pezevenkhalaybasi\n|inactive|pezevenkhalaybasi has 25 seconds left this turn.\n|raw|pezevenkhalaybasi's rating: 1202 &rarr; <strong>1227<\/strong><br \/>(+25 for winning)\n|raw|Swoad Khan's rating: 1204 &rarr; <strong>1179<\/strong><br \/>(-25 for losing)\n|c|\u2606pezevenkhalaybasi|salty noob\n|l|\u2606Swoad Khan\n","uploadtime":1701171421,"views":7,"p1id":"pezevenkhalaybasi","p2id":"swoadkhan","formatid":"gen9nationaldex","rating":1179,"private":0,"password":""}