{"id":"gen9nationaldex-1996612899","p1":"sgyyds","p2":"hvbmnn","format":"[Gen 9] National Dex","log":"|html|<div class=\"broadcast-blue\"><strong>[Gen 9] National Dex is currently suspecting Sneasler! For information on how to participate check out the <a href=\"https:\/\/www.smogon.com\/forums\/threads\/sv-national-dex-suspect-8-just-dance.3731534\/\">suspect thread<\/a>.<\/strong><\/div>\n|j|\u2606sgyyds\n|j|\u2606hvbmnn\n|t:|1700700611\n|gametype|singles\n|player|p1|sgyyds|lucas|1018\n|player|p2|hvbmnn|kimonogirl|1089\n|teamsize|p1|6\n|teamsize|p2|6\n|gen|9\n|tier|[Gen 9] National Dex\n|rated|\n|rule|HP Percentage Mod: HP is shown in percentages\n|rule|Endless Battle Clause: Forcing endless battles is banned\n|rule|OHKO Clause: OHKO moves are banned\n|rule|Evasion Clause: Evasion abilities, items, and moves are banned\n|rule|Evasion Abilities Clause: Evasion abilities are banned\n|rule|Evasion Items Clause: Evasion items are banned\n|rule|Evasion Moves Clause: Evasion moves are banned\n|rule|Species Clause: Limit one of each Pok\u00e9mon\n|rule|Sleep Clause Mod: Limit one foe put to sleep\n|clearpoke\n|poke|p1|Rotom-Mow|\n|poke|p1|Tapu Koko|\n|poke|p1|Iron Hands|\n|poke|p1|Snorlax, M|\n|poke|p1|Zapdos|\n|poke|p1|Pelipper, M|\n|poke|p2|Meowstic, M|\n|poke|p2|Delcatty, F|\n|poke|p2|Purugly, M|\n|poke|p2|Liepard, F|\n|poke|p2|Perrserker, F|\n|poke|p2|Meowscarada, M|\n|teampreview\n|\n|t:|1700700619\n|start\n|switch|p1a: Pelipper|Pelipper, M|100\/100\n|switch|p2a: Liepard|Liepard, F|100\/100\n|-weather|RainDance|[from] ability: Drizzle|[of] p1a: Pelipper\n|turn|1\n|\n|t:|1700700630\n|switch|p2a: Perrserker|Perrserker, F|100\/100\n|move|p1a: Pelipper|Hydro Pump|p2a: Perrserker\n|-damage|p2a: Perrserker|0 fnt\n|faint|p2a: Perrserker\n|\n|-weather|RainDance|[upkeep]\n|upkeep\n|\n|t:|1700700641\n|switch|p2a: Meowstic|Meowstic, M|100\/100\n|turn|2\n|\n|t:|1700700651\n|switch|p1a: Tapu Koko|Tapu Koko|100\/100\n|-fieldstart|move: Electric Terrain|[from] ability: Electric Surge|[of] p1a: Tapu Koko\n|move|p2a: Meowstic|Light Screen|p2a: Meowstic\n|-sidestart|p2: hvbmnn|move: Light Screen\n|\n|-weather|RainDance|[upkeep]\n|upkeep\n|turn|3\n|\n|t:|1700700660\n|move|p2a: Meowstic|Reflect|p2a: Meowstic\n|-sidestart|p2: hvbmnn|Reflect\n|move|p1a: Tapu Koko|Nature's Madness|p2a: Meowstic\n|-damage|p2a: Meowstic|51\/100\n|\n|-weather|RainDance|[upkeep]\n|upkeep\n|turn|4\n|\n|t:|1700700672\n|move|p2a: Meowstic|Psychic|p1a: Tapu Koko\n|-damage|p1a: Tapu Koko|56\/100\n|move|p1a: Tapu Koko|Roar|p2a: Meowstic\n|drag|p2a: Liepard|Liepard, F|100\/100\n|\n|-weather|RainDance|[upkeep]\n|upkeep\n|turn|5\n|\n|t:|1700700699\n|switch|p2a: Meowstic|Meowstic, M|51\/100\n|move|p1a: Tapu Koko|Nature's Madness|p2a: Meowstic|[miss]\n|-miss|p1a: Tapu Koko|p2a: Meowstic\n|\n|-weather|none\n|upkeep\n|turn|6\n|\n|t:|1700700709\n|move|p1a: Tapu Koko|Volt Switch|p2a: Meowstic\n|-damage|p2a: Meowstic|24\/100\n|\n|t:|1700700713\n|switch|p1a: Rotom|Rotom-Mow|100\/100|[from] Volt Switch\n|move|p2a: Meowstic|Psychic|p1a: Rotom\n|-damage|p1a: Rotom|67\/100\n|\n|-heal|p1a: Rotom|73\/100|[from] item: Leftovers\n|-fieldend|move: Electric Terrain\n|upkeep\n|turn|7\n|\n|t:|1700700721\n|move|p2a: Meowstic|Signal Beam|p1a: Rotom\n|-supereffective|p1a: Rotom\n|-damage|p1a: Rotom|40\/100\n|move|p1a: Rotom|Nasty Plot|p1a: Rotom\n|-boost|p1a: Rotom|spa|2\n|\n|-heal|p1a: Rotom|46\/100|[from] item: Leftovers\n|upkeep\n|turn|8\n|\n|t:|1700700732\n|move|p2a: Meowstic|Signal Beam|p1a: Rotom\n|-supereffective|p1a: Rotom\n|-damage|p1a: Rotom|11\/100\n|move|p1a: Rotom|Shadow Ball|p2a: Meowstic\n|-supereffective|p2a: Meowstic\n|-damage|p2a: Meowstic|0 fnt\n|faint|p2a: Meowstic\n|\n|-heal|p1a: Rotom|18\/100|[from] item: Leftovers\n|upkeep\n|\n|t:|1700700760\n|switch|p2a: Delcatty|Delcatty, F|100\/100\n|turn|9\n|\n|t:|1700700769\n|move|p2a: Delcatty|Fake Out|p1a: Rotom\n|-damage|p1a: Rotom|0 fnt\n|faint|p1a: Rotom\n|\n|-sideend|p2: hvbmnn|move: Light Screen\n|upkeep\n|\n|t:|1700700777\n|switch|p1a: Pelipper|Pelipper, M|100\/100\n|-weather|RainDance|[from] ability: Drizzle|[of] p1a: Pelipper\n|turn|10\n|\n|t:|1700700785\n|move|p2a: Delcatty|Return|p1a: Pelipper\n|-damage|p1a: Pelipper|49\/100\n|move|p1a: Pelipper|Hydro Pump|p2a: Delcatty\n|-damage|p2a: Delcatty|0 fnt\n|faint|p2a: Delcatty\n|\n|-weather|RainDance|[upkeep]\n|-heal|p1a: Pelipper|55\/100|[from] item: Leftovers\n|-sideend|p2: hvbmnn|Reflect\n|upkeep\n|\n|t:|1700700800\n|switch|p2a: Purugly|Purugly, M|100\/100\n|turn|11\n|\n|t:|1700700810\n|move|p2a: Purugly|Return|p1a: Pelipper\n|-damage|p1a: Pelipper|0 fnt\n|faint|p1a: Pelipper\n|\n|-weather|RainDance|[upkeep]\n|upkeep\n|\n|t:|1700700818\n|switch|p1a: Tapu Koko|Tapu Koko|56\/100\n|-fieldstart|move: Electric Terrain|[from] ability: Electric Surge|[of] p1a: Tapu Koko\n|turn|12\n|\n|t:|1700700822\n|move|p1a: Tapu Koko|Nature's Madness|p2a: Purugly\n|-damage|p2a: Purugly|51\/100\n|move|p2a: Purugly|Return|p1a: Tapu Koko\n|-damage|p1a: Tapu Koko|0 fnt\n|faint|p1a: Tapu Koko\n|\n|-weather|RainDance|[upkeep]\n|upkeep\n|\n|t:|1700700830\n|switch|p1a: Zapdos|Zapdos|100\/100\n|turn|13\n|\n|t:|1700700835\n|move|p2a: Purugly|Return|p1a: Zapdos\n|-damage|p1a: Zapdos|28\/100\n|-status|p2a: Purugly|par|[from] ability: Static|[of] p1a: Zapdos\n|move|p1a: Zapdos|Hurricane|p2a: Purugly\n|-damage|p2a: Purugly|0 fnt\n|faint|p2a: Purugly\n|\n|-weather|RainDance|[upkeep]\n|upkeep\n|\n|t:|1700700844\n|switch|p2a: Liepard|Liepard, F|100\/100\n|turn|14\n|\n|t:|1700700849\n|move|p2a: Liepard|Dark Pulse|p1a: Zapdos\n|-damage|p1a: Zapdos|0 fnt\n|faint|p1a: Zapdos\n|\n|-weather|none\n|upkeep\n|\n|t:|1700700852\n|switch|p1a: Iron Hands|Iron Hands|100\/100\n|-activate|p1a: Iron Hands|ability: Quark Drive\n|-start|p1a: Iron Hands|quarkdrivedef\n|turn|15\n|\n|t:|1700700861\n|move|p2a: Liepard|Substitute|p2a: Liepard\n|-start|p2a: Liepard|Substitute\n|-damage|p2a: Liepard|76\/100\n|move|p1a: Iron Hands|Play Rough|p2a: Liepard\n|-supereffective|p2a: Liepard\n|-end|p2a: Liepard|Substitute\n|\n|upkeep\n|turn|16\n|\n|t:|1700700876\n|move|p2a: Liepard|Dark Pulse|p1a: Iron Hands\n|-resisted|p1a: Iron Hands\n|-damage|p1a: Iron Hands|82\/100\n|cant|p1a: Iron Hands|flinch\n|\n|-fieldend|move: Electric Terrain\n|-end|p1a: Iron Hands|Quark Drive\n|upkeep\n|-enditem|p1a: Iron Hands|Booster Energy\n|-activate|p1a: Iron Hands|ability: Quark Drive|[fromitem]\n|-start|p1a: Iron Hands|quarkdrivedef\n|turn|17\n|\n|t:|1700700886\n|move|p2a: Liepard|Dark Pulse|p1a: Iron Hands\n|-resisted|p1a: Iron Hands\n|-damage|p1a: Iron Hands|65\/100\n|cant|p1a: Iron Hands|flinch\n|\n|upkeep\n|turn|18\n|\n|t:|1700700893\n|move|p2a: Liepard|Dark Pulse|p1a: Iron Hands\n|-resisted|p1a: Iron Hands\n|-damage|p1a: Iron Hands|46\/100\n|move|p1a: Iron Hands|Play Rough|p2a: Liepard\n|-supereffective|p2a: Liepard\n|-damage|p2a: Liepard|0 fnt\n|faint|p2a: Liepard\n|\n|upkeep\n|\n|t:|1700700901\n|switch|p2a: Meowscarada|Meowscarada, M|100\/100\n|turn|19\n|\n|t:|1700700908\n|-terastallize|p2a: Meowscarada|Grass\n|move|p2a: Meowscarada|Flower Trick|p1a: Iron Hands\n|-crit|p1a: Iron Hands\n|-damage|p1a: Iron Hands|17\/100\n|-damage|p2a: Meowscarada|91\/100|[from] item: Life Orb\n|move|p1a: Iron Hands|Play Rough|p2a: Meowscarada\n|-damage|p2a: Meowscarada|47\/100\n|\n|upkeep\n|turn|20\n|\n|t:|1700700919\n|move|p2a: Meowscarada|Flower Trick|p1a: Iron Hands\n|-crit|p1a: Iron Hands\n|-damage|p1a: Iron Hands|0 fnt\n|faint|p1a: Iron Hands\n|-end|p1a: Iron Hands|Quark Drive|[silent]\n|-damage|p2a: Meowscarada|37\/100|[from] item: Life Orb\n|\n|upkeep\n|\n|t:|1700700922\n|switch|p1a: Snorlax|Snorlax, M|100\/100\n|turn|21\n|\n|t:|1700700928\n|move|p2a: Meowscarada|Flower Trick|p1a: Snorlax\n|-crit|p1a: Snorlax\n|-damage|p1a: Snorlax|17\/100\n|-damage|p2a: Meowscarada|27\/100|[from] item: Life Orb\n|move|p1a: Snorlax|Fire Punch|p2a: Meowscarada\n|-supereffective|p2a: Meowscarada\n|-damage|p2a: Meowscarada|0 fnt\n|faint|p2a: Meowscarada\n|\n|win|sgyyds\n|raw|sgyyds's rating: 1018 &rarr; <strong>1063<\/strong><br \/>(+45 for winning)\n|raw|hvbmnn's rating: 1089 &rarr; <strong>1061<\/strong><br \/>(-28 for losing)\n|c|\u2606hvbmnn|gg\n|l|\u2606hvbmnn\n","uploadtime":1700700944,"views":11,"p1id":"sgyyds","p2id":"hvbmnn","formatid":"gen9nationaldex","rating":1061,"private":0,"password":""}