{"id":"gen9nationaldex-2000380706","p1":"Mars_Seven","p2":"Sing & Play","format":"[Gen 9] National Dex","log":"|html|<div class=\"broadcast-blue\"><strong>[Gen 9] National Dex is currently suspecting Sneasler! For information on how to participate check out the <a href=\"https:\/\/www.smogon.com\/forums\/threads\/sv-national-dex-suspect-8-just-dance.3731534\/\">suspect thread<\/a>.<\/strong><\/div>\n|j|\u2606Mars_Seven\n|j|\u2606Sing & Play\n|t:|1701189988\n|gametype|singles\n|player|p1|Mars_Seven|266|1189\n|player|p2|Sing & Play|veteranf|1079\n|teamsize|p1|6\n|teamsize|p2|6\n|gen|9\n|tier|[Gen 9] National Dex\n|rated|\n|rule|HP Percentage Mod: HP is shown in percentages\n|rule|Endless Battle Clause: Forcing endless battles is banned\n|rule|OHKO Clause: OHKO moves are banned\n|rule|Evasion Clause: Evasion abilities, items, and moves are banned\n|rule|Evasion Abilities Clause: Evasion abilities are banned\n|rule|Evasion Items Clause: Evasion items are banned\n|rule|Evasion Moves Clause: Evasion moves are banned\n|rule|Species Clause: Limit one of each Pok\u00e9mon\n|rule|Sleep Clause Mod: Limit one foe put to sleep\n|clearpoke\n|poke|p1|Slowking-Galar, M|\n|poke|p1|Gliscor, M|\n|poke|p1|Toxapex, M|\n|poke|p1|Ferrothorn, M|\n|poke|p1|Great Tusk|\n|poke|p1|Charizard, M|\n|poke|p2|Mothim, M|\n|poke|p2|Drampa, F|\n|poke|p2|Persian, F|\n|poke|p2|Simipour, M|\n|poke|p2|Bayleef, F|\n|poke|p2|Mawile, F|\n|teampreview\n|inactive|Battle timer is ON: inactive players will automatically lose when time's up. (requested by Mars_Seven)\n|\n|t:|1701190006\n|start\n|switch|p1a: Gliscor|Gliscor, M|100\/100\n|switch|p2a: Ragsazza|Simipour, M|100\/100\n|turn|1\n|\n|t:|1701190013\n|switch|p1a: Ferrothorn|Ferrothorn, M|100\/100\n|move|p2a: Ragsazza|Ice Beam|p1a: Ferrothorn\n|-damage|p1a: Ferrothorn|77\/100\n|-status|p1a: Ferrothorn|frz\n|\n|-heal|p1a: Ferrothorn|83\/100 frz|[from] item: Leftovers\n|upkeep\n|turn|2\n|\n|t:|1701190042\n|switch|p2a: Narita|Persian, F|100\/100\n|-curestatus|p1a: Ferrothorn|frz|[msg]\n|move|p1a: Ferrothorn|Leech Seed|p2a: Narita\n|-start|p2a: Narita|move: Leech Seed\n|\n|-heal|p1a: Ferrothorn|89\/100|[from] item: Leftovers\n|-damage|p2a: Narita|88\/100|[from] Leech Seed|[of] p1a: Ferrothorn\n|-heal|p1a: Ferrothorn|99\/100|[silent]\n|upkeep\n|turn|3\n|\n|t:|1701190052\n|move|p1a: Ferrothorn|Protect|p1a: Ferrothorn\n|-singleturn|p1a: Ferrothorn|Protect\n|move|p2a: Narita|Switcheroo|p1a: Ferrothorn\n|-activate|p1a: Ferrothorn|move: Protect\n|\n|-heal|p1a: Ferrothorn|100\/100|[from] item: Leftovers\n|-damage|p2a: Narita|76\/100|[from] Leech Seed|[of] p1a: Ferrothorn\n|upkeep\n|turn|4\n|\n|t:|1701190065\n|switch|p2a: Hmaramy|Drampa, F|100\/100\n|switch|p1a: Charizard|Charizard, M|100\/100\n|\n|upkeep\n|turn|5\n|\n|t:|1701190083\n|switch|p1a: Slowking|Slowking-Galar, M|100\/100\n|move|p2a: Hmaramy|Thunderbolt|p1a: Slowking\n|-damage|p1a: Slowking|75\/100\n|\n|upkeep\n|turn|6\n|\n|t:|1701190090\n|move|p2a: Hmaramy|Substitute|p2a: Hmaramy\n|-start|p2a: Hmaramy|Substitute\n|-damage|p2a: Hmaramy|75\/100\n|move|p1a: Slowking|Future Sight|p2a: Hmaramy\n|-start|p1a: Slowking|move: Future Sight\n|\n|upkeep\n|turn|7\n|\n|t:|1701190103\n|move|p2a: Hmaramy|Dragon Pulse|p1a: Slowking\n|-damage|p1a: Slowking|41\/100\n|move|p1a: Slowking|Chilly Reception|p1a: Slowking\n|-weather|Snow\n|\n|t:|1701190115\n|switch|p1a: Charizard|Charizard, M|100\/100|[from] Chilly Reception\n|\n|-weather|Snow|[upkeep]\n|upkeep\n|turn|8\n|\n|t:|1701190125\n|switch|p1a: Slowking|Slowking-Galar, M|41\/100\n|move|p2a: Hmaramy|Thunderbolt|p1a: Slowking\n|-damage|p1a: Slowking|16\/100\n|\n|-weather|Snow|[upkeep]\n|-end|p2a: Hmaramy|move: Future Sight\n|-end|p2a: Hmaramy|Substitute\n|upkeep\n|turn|9\n|\n|t:|1701190139\n|switch|p1a: Ferrothorn|Ferrothorn, M|100\/100\n|move|p2a: Hmaramy|Substitute|p2a: Hmaramy\n|-start|p2a: Hmaramy|Substitute\n|-damage|p2a: Hmaramy|50\/100\n|-enditem|p2a: Hmaramy|Sitrus Berry|[eat]\n|-heal|p2a: Hmaramy|75\/100|[from] item: Sitrus Berry\n|\n|-weather|Snow|[upkeep]\n|upkeep\n|turn|10\n|\n|t:|1701190148\n|move|p2a: Hmaramy|Flamethrower|p1a: Ferrothorn\n|-supereffective|p1a: Ferrothorn\n|-damage|p1a: Ferrothorn|0 fnt\n|faint|p1a: Ferrothorn\n|\n|-weather|Snow|[upkeep]\n|upkeep\n|\n|t:|1701190164\n|switch|p1a: Charizard|Charizard, M|100\/100\n|turn|11\n|\n|t:|1701190169\n|detailschange|p1a: Charizard|Charizard-Mega-X, M\n|-mega|p1a: Charizard|Charizard|Charizardite X\n|move|p1a: Charizard|Dragon Claw|p2a: Hmaramy\n|-supereffective|p2a: Hmaramy\n|-end|p2a: Hmaramy|Substitute\n|move|p2a: Hmaramy|Thunderbolt|p1a: Charizard\n|-resisted|p1a: Charizard\n|-damage|p1a: Charizard|77\/100\n|-status|p1a: Charizard|par\n|\n|-weather|none\n|upkeep\n|turn|12\n|-message|Mars_Seven forfeited.\n|\n|win|Sing & Play\n|raw|Mars_Seven's rating: 1189 &rarr; <strong>1156<\/strong><br \/>(-33 for losing)\n|raw|Sing &amp; Play's rating: 1079 &rarr; <strong>1116<\/strong><br \/>(+37 for winning)\n|l|\u2606Mars_Seven\n","uploadtime":1701190299,"views":2,"p1id":"marsseven","p2id":"singplay","formatid":"gen9nationaldex","rating":1116,"private":0,"password":""}