{"id":"gen9nationaldex-1996162406","p1":"Ankxcity testin","p2":"Knocking me down","format":"[Gen 9] National Dex","log":"|html|<div class=\"broadcast-blue\"><strong>[Gen 9] National Dex is currently suspecting Sneasler! For information on how to participate check out the <a href=\"https:\/\/www.smogon.com\/forums\/threads\/sv-national-dex-suspect-8-just-dance.3731534\/\">suspect thread<\/a>.<\/strong><\/div>\n|j|\u2606Ankxcity testin\n|j|\u2606Knocking me down\n|t:|1700653401\n|gametype|singles\n|player|p1|Ankxcity testin|n-masters3|1261\n|player|p2|Knocking me down|volo|1211\n|teamsize|p1|6\n|teamsize|p2|6\n|gen|9\n|tier|[Gen 9] National Dex\n|rated|\n|rule|HP Percentage Mod: HP is shown in percentages\n|rule|Endless Battle Clause: Forcing endless battles is banned\n|rule|OHKO Clause: OHKO moves are banned\n|rule|Evasion Clause: Evasion abilities, items, and moves are banned\n|rule|Evasion Abilities Clause: Evasion abilities are banned\n|rule|Evasion Items Clause: Evasion items are banned\n|rule|Evasion Moves Clause: Evasion moves are banned\n|rule|Species Clause: Limit one of each Pok\u00e9mon\n|rule|Sleep Clause Mod: Limit one foe put to sleep\n|clearpoke\n|poke|p1|Heatran, F|\n|poke|p1|Venusaur, M|\n|poke|p1|Azumarill, M|\n|poke|p1|Ting-Lu|\n|poke|p1|Latias, F|\n|poke|p1|Froslass, F|\n|poke|p2|Ninjask, M|\n|poke|p2|Volcarona, F|\n|poke|p2|Ting-Lu|\n|poke|p2|Gyarados, F|\n|poke|p2|Tapu Koko|\n|poke|p2|Weavile, M|\n|teampreview\n|inactive|Battle timer is ON: inactive players will automatically lose when time's up. (requested by Knocking me down)\n|\n|t:|1700653415\n|start\n|switch|p1a: Azumarill|Azumarill, M|100\/100\n|switch|p2a: Ting-Lu|Ting-Lu|100\/100\n|-ability|p2a: Ting-Lu|Vessel of Ruin\n|turn|1\n|\n|t:|1700653423\n|move|p1a: Azumarill|Liquidation|p2a: Ting-Lu\n|-supereffective|p2a: Ting-Lu\n|-damage|p2a: Ting-Lu|48\/100\n|move|p2a: Ting-Lu|Stealth Rock|p1a: Azumarill\n|-sidestart|p1: Ankxcity testin|move: Stealth Rock\n|\n|-heal|p2a: Ting-Lu|54\/100|[from] item: Leftovers\n|upkeep\n|turn|2\n|\n|t:|1700653433\n|move|p1a: Azumarill|Play Rough|p2a: Ting-Lu\n|-supereffective|p2a: Ting-Lu\n|-damage|p2a: Ting-Lu|1\/100\n|move|p2a: Ting-Lu|Spikes|p1a: Azumarill\n|-sidestart|p1: Ankxcity testin|Spikes\n|\n|-heal|p2a: Ting-Lu|7\/100|[from] item: Leftovers\n|upkeep\n|turn|3\n|\n|t:|1700653444\n|move|p1a: Azumarill|Liquidation|p2a: Ting-Lu\n|-supereffective|p2a: Ting-Lu\n|-damage|p2a: Ting-Lu|0 fnt\n|faint|p2a: Ting-Lu\n|\n|upkeep\n|\n|t:|1700653452\n|switch|p2a: Tapu Koko|Tapu Koko|100\/100\n|-fieldstart|move: Electric Terrain|[from] ability: Electric Surge|[of] p2a: Tapu Koko\n|turn|4\n|\n|t:|1700653457\n|switch|p1a: Ting-Lu|Ting-Lu|100\/100\n|-damage|p1a: Ting-Lu|94\/100|[from] Stealth Rock\n|-damage|p1a: Ting-Lu|82\/100|[from] Spikes\n|-ability|p1a: Ting-Lu|Vessel of Ruin\n|move|p2a: Tapu Koko|Agility|p2a: Tapu Koko\n|-boost|p2a: Tapu Koko|spe|2\n|\n|-heal|p1a: Ting-Lu|88\/100|[from] item: Leftovers\n|upkeep\n|turn|5\n|\n|t:|1700653470\n|move|p2a: Tapu Koko|Nature's Madness|p1a: Ting-Lu|[miss]\n|-miss|p2a: Tapu Koko|p1a: Ting-Lu\n|move|p1a: Ting-Lu|Earthquake|p2a: Tapu Koko\n|-supereffective|p2a: Tapu Koko\n|-damage|p2a: Tapu Koko|2\/100\n|\n|-heal|p1a: Ting-Lu|94\/100|[from] item: Leftovers\n|upkeep\n|turn|6\n|\n|t:|1700653482\n|move|p2a: Tapu Koko|Nature's Madness|p1a: Ting-Lu\n|-damage|p1a: Ting-Lu|47\/100\n|move|p1a: Ting-Lu|Spikes|p2a: Tapu Koko\n|-sidestart|p2: Knocking me down|Spikes\n|\n|-heal|p1a: Ting-Lu|54\/100|[from] item: Leftovers\n|upkeep\n|turn|7\n|\n|t:|1700653489\n|switch|p1a: Heatran|Heatran, F|100\/100\n|-damage|p1a: Heatran|88\/100|[from] Stealth Rock\n|-damage|p1a: Heatran|76\/100|[from] Spikes\n|move|p2a: Tapu Koko|Dazzling Gleam|p1a: Heatran\n|-resisted|p1a: Heatran\n|-damage|p1a: Heatran|67\/100\n|\n|-heal|p1a: Heatran|74\/100|[from] item: Leftovers\n|upkeep\n|turn|8\n|\n|t:|1700653500\n|move|p2a: Tapu Koko|Thunderbolt|p1a: Heatran\n|-damage|p1a: Heatran|27\/100\n|move|p1a: Heatran|Flash Cannon|p2a: Tapu Koko\n|-damage|p2a: Tapu Koko|0 fnt\n|faint|p2a: Tapu Koko\n|\n|-heal|p1a: Heatran|33\/100|[from] item: Leftovers\n|-fieldend|move: Electric Terrain\n|upkeep\n|\n|t:|1700653510\n|switch|p2a: Gyarados|Gyarados, F|100\/100\n|-ability|p2a: Gyarados|Intimidate|boost\n|-unboost|p1a: Heatran|atk|1\n|turn|9\n|\n|t:|1700653516\n|switch|p1a: Latias|Latias, F|100\/100\n|-damage|p1a: Latias|88\/100|[from] Stealth Rock\n|move|p2a: Gyarados|Dragon Dance|p2a: Gyarados\n|-boost|p2a: Gyarados|atk|1\n|-boost|p2a: Gyarados|spe|1\n|\n|-heal|p1a: Latias|94\/100|[from] item: Leftovers\n|upkeep\n|turn|10\n|\n|t:|1700653525\n|detailschange|p2a: Gyarados|Gyarados-Mega, F\n|-mega|p2a: Gyarados|Gyarados|Gyaradosite\n|-ability|p2a: Gyarados|Mold Breaker\n|-terastallize|p1a: Latias|Electric\n|move|p2a: Gyarados|Crunch|p1a: Latias\n|-damage|p1a: Latias|20\/100\n|move|p1a: Latias|Thunderbolt|p2a: Gyarados\n|-supereffective|p2a: Gyarados\n|-damage|p2a: Gyarados|44\/100\n|\n|-heal|p1a: Latias|26\/100|[from] item: Leftovers\n|upkeep\n|turn|11\n|inactive|Ankxcity testin has 120 seconds left.\n|\n|t:|1700653556\n|move|p2a: Gyarados|Waterfall|p1a: Latias\n|-damage|p1a: Latias|0 fnt\n|faint|p1a: Latias\n|\n|upkeep\n|inactive|Ankxcity testin has 120 seconds left.\n|\n|t:|1700653562\n|switch|p1a: Venusaur|Venusaur, M|100\/100\n|-damage|p1a: Venusaur|88\/100|[from] Stealth Rock\n|-damage|p1a: Venusaur|76\/100|[from] Spikes\n|turn|12\n|\n|t:|1700653568\n|detailschange|p1a: Venusaur|Venusaur-Mega, M\n|-mega|p1a: Venusaur|Venusaur|Venusaurite\n|move|p2a: Gyarados|Crunch|p1a: Venusaur\n|-damage|p1a: Venusaur|35\/100\n|move|p1a: Venusaur|Giga Drain|p2a: Gyarados\n|-supereffective|p2a: Gyarados\n|-damage|p2a: Gyarados|0 fnt\n|-heal|p1a: Venusaur|55\/100|[from] drain|[of] p2a: Gyarados\n|faint|p2a: Gyarados\n|\n|upkeep\n|\n|t:|1700653578\n|switch|p2a: Ninjask|Ninjask, M, shiny|100\/100\n|turn|13\n|\n|t:|1700653583\n|move|p2a: Ninjask|Substitute|p2a: Ninjask\n|-start|p2a: Ninjask|Substitute\n|-damage|p2a: Ninjask|75\/100\n|move|p1a: Venusaur|Sleep Powder|p2a: Ninjask|[miss]\n|-miss|p1a: Venusaur|p2a: Ninjask\n|\n|-ability|p2a: Ninjask|Speed Boost|boost\n|-boost|p2a: Ninjask|spe|1\n|upkeep\n|turn|14\n|\n|t:|1700653590\n|move|p2a: Ninjask|Swords Dance|p2a: Ninjask\n|-boost|p2a: Ninjask|atk|2\n|move|p1a: Venusaur|Giga Drain|p2a: Ninjask\n|-resisted|p2a: Ninjask\n|-activate|p2a: Ninjask|move: Substitute|[damage]\n|-heal|p1a: Venusaur|61\/100|[from] drain|[of] p2a: Ninjask\n|\n|-ability|p2a: Ninjask|Speed Boost|boost\n|-boost|p2a: Ninjask|spe|1\n|upkeep\n|turn|15\n|\n|t:|1700653602\n|move|p2a: Ninjask|Swords Dance|p2a: Ninjask\n|-boost|p2a: Ninjask|atk|2\n|move|p1a: Venusaur|Giga Drain|p2a: Ninjask\n|-resisted|p2a: Ninjask\n|-end|p2a: Ninjask|Substitute\n|-heal|p1a: Venusaur|64\/100|[from] drain|[of] p2a: Ninjask\n|\n|-ability|p2a: Ninjask|Speed Boost|boost\n|-boost|p2a: Ninjask|spe|1\n|upkeep\n|turn|16\n|\n|t:|1700653610\n|switch|p1a: Azumarill|Azumarill, M|100\/100\n|-damage|p1a: Azumarill|88\/100|[from] Stealth Rock\n|-damage|p1a: Azumarill|76\/100|[from] Spikes\n|move|p2a: Ninjask|Acrobatics|p1a: Azumarill\n|-damage|p1a: Azumarill|0 fnt\n|faint|p1a: Azumarill\n|\n|-ability|p2a: Ninjask|Speed Boost|boost\n|-boost|p2a: Ninjask|spe|1\n|upkeep\n|\n|t:|1700653623\n|switch|p1a: Ting-Lu|Ting-Lu|54\/100\n|-damage|p1a: Ting-Lu|47\/100|[from] Stealth Rock\n|-damage|p1a: Ting-Lu|35\/100|[from] Spikes\n|-ability|p1a: Ting-Lu|Vessel of Ruin\n|turn|17\n|\n|t:|1700653631\n|move|p2a: Ninjask|Leech Life|p1a: Ting-Lu\n|-supereffective|p1a: Ting-Lu\n|-damage|p1a: Ting-Lu|0 fnt\n|-heal|p2a: Ninjask|100\/100|[from] drain|[of] p1a: Ting-Lu\n|faint|p1a: Ting-Lu\n|\n|-ability|p2a: Ninjask|Speed Boost|boost\n|-boost|p2a: Ninjask|spe|1\n|upkeep\n|\n|t:|1700653640\n|switch|p1a: Froslass|Froslass, F|100\/100\n|-damage|p1a: Froslass|76\/100|[from] Stealth Rock\n|-damage|p1a: Froslass|63\/100|[from] Spikes\n|turn|18\n|\n|t:|1700653645\n|move|p2a: Ninjask|Acrobatics|p1a: Froslass\n|-damage|p1a: Froslass|0 fnt\n|faint|p1a: Froslass\n|\n|-ability|p2a: Ninjask|Speed Boost|boost\n|-boost|p2a: Ninjask|spe|1\n|upkeep\n|-message|Ankxcity testin forfeited.\n|\n|win|Knocking me down\n|raw|Ankxcity testin's rating: 1261 &rarr; <strong>1232<\/strong><br \/>(-29 for losing)\n|raw|Knocking me down's rating: 1211 &rarr; <strong>1240<\/strong><br \/>(+29 for winning)\n|l|\u2606Ankxcity testin\n|c|\u2606Knocking me down|FAAAAAAST\n|c|\u2606Knocking me down|BOOOOOOOOOOOOOI\n","uploadtime":1700653661,"views":8,"p1id":"ankxcitytestin","p2id":"knockingmedown","formatid":"gen9nationaldex","rating":1232,"private":0,"password":""}