{"id":"gen9nationaldex-1999511888","p1":"Secondworldproblem","p2":"baigu","format":"[Gen 9] National Dex","log":"|html|<div class=\"broadcast-blue\"><strong>[Gen 9] National Dex is currently suspecting Sneasler! For information on how to participate check out the <a href=\"https:\/\/www.smogon.com\/forums\/threads\/sv-national-dex-suspect-8-just-dance.3731534\/\">suspect thread<\/a>.<\/strong><\/div>\n|j|\u2606Secondworldproblem\n|j|\u2606baigu\n|t:|1701090965\n|gametype|singles\n|player|p1|Secondworldproblem|swimmer-gen4|1598\n|player|p2|baigu|266|1809\n|teamsize|p1|6\n|teamsize|p2|6\n|gen|9\n|tier|[Gen 9] National Dex\n|rated|\n|rule|HP Percentage Mod: HP is shown in percentages\n|rule|Endless Battle Clause: Forcing endless battles is banned\n|rule|OHKO Clause: OHKO moves are banned\n|rule|Evasion Clause: Evasion abilities, items, and moves are banned\n|rule|Evasion Abilities Clause: Evasion abilities are banned\n|rule|Evasion Items Clause: Evasion items are banned\n|rule|Evasion Moves Clause: Evasion moves are banned\n|rule|Species Clause: Limit one of each Pok\u00e9mon\n|rule|Sleep Clause Mod: Limit one foe put to sleep\n|clearpoke\n|poke|p1|Ursaluna, F|\n|poke|p1|Golem, F|\n|poke|p1|Goodra-Hisui, F|\n|poke|p1|Skeledirge, F|\n|poke|p1|Great Tusk|\n|poke|p1|Banette, M|\n|poke|p2|Ursaluna, F|\n|poke|p2|Slowking, F|\n|poke|p2|Corviknight, M|\n|poke|p2|Hoopa-Unbound|\n|poke|p2|Dragonite, F|\n|poke|p2|Tapu Koko|\n|teampreview\n|inactive|Battle timer is ON: inactive players will automatically lose when time's up. (requested by Secondworldproblem)\n|\n|t:|1701090979\n|start\n|switch|p1a: Bwig boudou|Golem, F, shiny|100\/100\n|switch|p2a: Tapu Koko|Tapu Koko|100\/100\n|-fieldstart|move: Electric Terrain|[from] ability: Electric Surge|[of] p2a: Tapu Koko\n|turn|1\n|\n|t:|1701090988\n|move|p2a: Tapu Koko|U-turn|p1a: Bwig boudou\n|-damage|p1a: Bwig boudou|88\/100\n|\n|t:|1701091008\n|switch|p2a: Corviknight|Corviknight, M|100\/100|[from] U-turn\n|-ability|p2a: Corviknight|Pressure\n|move|p1a: Bwig boudou|Stealth Rock|p2a: Corviknight\n|-sidestart|p2: baigu|move: Stealth Rock\n|\n|upkeep\n|turn|2\n|\n|t:|1701091015\n|switch|p1a: Banette|Banette, M|100\/100\n|move|p2a: Corviknight|Defog|p1a: Banette\n|-unboost|p1a: Banette|evasion|1\n|-sideend|p2: baigu|Stealth Rock|[from] move: Defog|[of] p2a: Corviknight\n|-fieldend|move: Electric Terrain\n|\n|upkeep\n|turn|3\n|\n|t:|1701091019\n|detailschange|p1a: Banette|Banette-Mega, M\n|-mega|p1a: Banette|Banette|Banettite\n|move|p1a: Banette|Knock Off|p2a: Corviknight\n|-damage|p2a: Corviknight|74\/100\n|-damage|p1a: Banette|84\/100|[from] item: Rocky Helmet|[of] p2a: Corviknight\n|-enditem|p2a: Corviknight|Rocky Helmet|[from] move: Knock Off|[of] p1a: Banette\n|move|p2a: Corviknight|U-turn|p1a: Banette\n|-resisted|p1a: Banette\n|-damage|p1a: Banette|74\/100\n|\n|t:|1701091023\n|switch|p2a: Hoopa|Hoopa-Unbound|100\/100|[from] U-turn\n|\n|upkeep\n|turn|4\n|\n|t:|1701091036\n|switch|p1a: Cungry hatter|Ursaluna, F, shiny|100\/100\n|move|p2a: Hoopa|Dark Pulse|p1a: Cungry hatter\n|-damage|p1a: Cungry hatter|68\/100\n|\n|upkeep\n|turn|5\n|\n|t:|1701091042\n|-zpower|p2a: Hoopa\n|move|p2a: Hoopa|All-Out Pummeling|p1a: Cungry hatter|[zeffect]\n|-supereffective|p1a: Cungry hatter\n|-damage|p1a: Cungry hatter|0 fnt\n|faint|p1a: Cungry hatter\n|\n|upkeep\n|\n|t:|1701091053\n|switch|p1a: Bwig boudou|Golem, F, shiny|88\/100\n|turn|6\n|\n|t:|1701091056\n|move|p2a: Hoopa|Focus Blast|p1a: Bwig boudou\n|-supereffective|p1a: Bwig boudou\n|-damage|p1a: Bwig boudou|0 fnt\n|faint|p1a: Bwig boudou\n|\n|upkeep\n|\n|t:|1701091069\n|switch|p1a: Banette|Banette-Mega, M|74\/100\n|turn|7\n|\n|t:|1701091073\n|move|p1a: Banette|Destiny Bond|p1a: Banette\n|-singlemove|p1a: Banette|Destiny Bond\n|move|p2a: Hoopa|Dark Pulse|p1a: Banette\n|-supereffective|p1a: Banette\n|-damage|p1a: Banette|0 fnt\n|faint|p1a: Banette\n|-activate|p1a: Banette|move: Destiny Bond\n|faint|p2a: Hoopa\n|\n|upkeep\n|\n|t:|1701091078\n|switch|p2a: Tapu Koko|Tapu Koko|100\/100\n|switch|p1a: Husky|Great Tusk|100\/100\n|-fieldstart|move: Electric Terrain|[from] ability: Electric Surge|[of] p2a: Tapu Koko\n|-enditem|p1a: Husky|Booster Energy\n|-activate|p1a: Husky|ability: Protosynthesis|[fromitem]\n|-start|p1a: Husky|protosynthesisatk\n|turn|8\n|\n|t:|1701091081\n|move|p2a: Tapu Koko|Dazzling Gleam|p1a: Husky\n|-supereffective|p1a: Husky\n|-damage|p1a: Husky|0 fnt\n|faint|p1a: Husky\n|-end|p1a: Husky|Protosynthesis|[silent]\n|\n|upkeep\n|\n|t:|1701091086\n|switch|p1a: Escargot|Goodra-Hisui, F, shiny|100\/100\n|turn|9\n|\n|t:|1701091089\n|switch|p2a: Slowking|Slowking, F|100\/100\n|move|p1a: Escargot|Acid Armor|p1a: Escargot\n|-boost|p1a: Escargot|def|2\n|\n|upkeep\n|turn|10\n|\n|t:|1701091093\n|move|p1a: Escargot|Acid Armor|p1a: Escargot\n|-boost|p1a: Escargot|def|2\n|move|p2a: Slowking|Scald|p1a: Escargot\n|-resisted|p1a: Escargot\n|-damage|p1a: Escargot|92\/100\n|\n|upkeep\n|turn|11\n|\n|t:|1701091100\n|move|p1a: Escargot|Body Press|p2a: Slowking\n|-resisted|p2a: Slowking\n|-damage|p2a: Slowking|64\/100\n|move|p2a: Slowking|Scald|p1a: Escargot\n|-resisted|p1a: Escargot\n|-damage|p1a: Escargot|83\/100\n|\n|upkeep\n|turn|12\n|\n|t:|1701091116\n|move|p1a: Escargot|Body Press|p2a: Slowking\n|-resisted|p2a: Slowking\n|-damage|p2a: Slowking|32\/100\n|move|p2a: Slowking|Teleport|p2a: Slowking\n|\n|t:|1701091118\n|switch|p2a: Tapu Koko|Tapu Koko|100\/100|[from] Teleport\n|\n|-fieldend|move: Electric Terrain\n|upkeep\n|turn|13\n|\n|t:|1701091123\n|move|p2a: Tapu Koko|Volt Switch|p1a: Escargot\n|-resisted|p1a: Escargot\n|-damage|p1a: Escargot|70\/100\n|\n|t:|1701091131\n|switch|p2a: Dragonite|Dragonite, F|100\/100|[from] Volt Switch\n|move|p1a: Escargot|Heavy Slam|p2a: Dragonite\n|-damage|p2a: Dragonite|93\/100\n|\n|upkeep\n|turn|14\n|\n|t:|1701091137\n|move|p2a: Dragonite|Outrage|p1a: Escargot\n|-damage|p1a: Escargot|41\/100\n|move|p1a: Escargot|Body Press|p2a: Dragonite\n|-resisted|p2a: Dragonite\n|-damage|p2a: Dragonite|57\/100\n|\n|upkeep\n|turn|15\n|\n|t:|1701091142\n|move|p2a: Dragonite|Outrage|p1a: Escargot|[from]lockedmove\n|-damage|p1a: Escargot|11\/100\n|move|p1a: Escargot|Rest|p1a: Escargot\n|-status|p1a: Escargot|slp|[from] move: Rest\n|-heal|p1a: Escargot|100\/100 slp|[silent]\n|-enditem|p1a: Escargot|Chesto Berry|[eat]\n|-curestatus|p1a: Escargot|slp|[msg]\n|\n|upkeep\n|turn|16\n|\n|t:|1701091148\n|move|p2a: Dragonite|Outrage|p1a: Escargot|[from]lockedmove\n|-damage|p1a: Escargot|71\/100\n|-start|p2a: Dragonite|confusion|[fatigue]\n|move|p1a: Escargot|Body Press|p2a: Dragonite\n|-resisted|p2a: Dragonite\n|-damage|p2a: Dragonite|23\/100\n|\n|upkeep\n|turn|17\n|\n|t:|1701091152\n|-activate|p2a: Dragonite|confusion\n|move|p2a: Dragonite|Outrage|p1a: Escargot\n|-damage|p1a: Escargot|42\/100\n|move|p1a: Escargot|Acid Armor|p1a: Escargot\n|-boost|p1a: Escargot|def|2\n|\n|upkeep\n|turn|18\n|\n|t:|1701091157\n|-activate|p2a: Dragonite|confusion\n|-damage|p2a: Dragonite|8\/100|[from] confusion\n|move|p1a: Escargot|Rest|p1a: Escargot\n|-status|p1a: Escargot|slp|[from] move: Rest\n|-heal|p1a: Escargot|100\/100 slp|[silent]\n|\n|upkeep\n|turn|19\n|\n|t:|1701091160\n|switch|p2a: \u718a\u5927|Ursaluna, F|100\/100\n|cant|p1a: Escargot|slp\n|\n|-status|p2a: \u718a\u5927|brn|[from] item: Flame Orb\n|upkeep\n|turn|20\n|\n|t:|1701091163\n|move|p2a: \u718a\u5927|Headlong Rush|p1a: Escargot\n|-supereffective|p1a: Escargot\n|-damage|p1a: Escargot|52\/100 slp\n|-unboost|p2a: \u718a\u5927|def|1\n|-unboost|p2a: \u718a\u5927|spd|1\n|cant|p1a: Escargot|slp\n|\n|-damage|p2a: \u718a\u5927|94\/100 brn|[from] brn\n|upkeep\n|turn|21\n|\n|t:|1701091168\n|move|p2a: \u718a\u5927|Headlong Rush|p1a: Escargot\n|-supereffective|p1a: Escargot\n|-damage|p1a: Escargot|11\/100 slp\n|-unboost|p2a: \u718a\u5927|def|1\n|-unboost|p2a: \u718a\u5927|spd|1\n|-curestatus|p1a: Escargot|slp|[msg]\n|move|p1a: Escargot|Rest|p1a: Escargot\n|-status|p1a: Escargot|slp|[from] move: Rest\n|-heal|p1a: Escargot|100\/100 slp|[silent]\n|\n|-damage|p2a: \u718a\u5927|88\/100 brn|[from] brn\n|upkeep\n|turn|22\n|\n|t:|1701091171\n|move|p2a: \u718a\u5927|Headlong Rush|p1a: Escargot\n|-supereffective|p1a: Escargot\n|-damage|p1a: Escargot|59\/100 slp\n|-unboost|p2a: \u718a\u5927|def|1\n|-unboost|p2a: \u718a\u5927|spd|1\n|cant|p1a: Escargot|slp\n|\n|-damage|p2a: \u718a\u5927|82\/100 brn|[from] brn\n|upkeep\n|turn|23\n|\n|t:|1701091173\n|move|p2a: \u718a\u5927|Headlong Rush|p1a: Escargot\n|-supereffective|p1a: Escargot\n|-damage|p1a: Escargot|19\/100 slp\n|-unboost|p2a: \u718a\u5927|def|1\n|-unboost|p2a: \u718a\u5927|spd|1\n|cant|p1a: Escargot|slp\n|\n|-damage|p2a: \u718a\u5927|76\/100 brn|[from] brn\n|upkeep\n|turn|24\n|\n|t:|1701091175\n|move|p2a: \u718a\u5927|Headlong Rush|p1a: Escargot\n|-supereffective|p1a: Escargot\n|-damage|p1a: Escargot|0 fnt\n|-unboost|p2a: \u718a\u5927|def|1\n|-unboost|p2a: \u718a\u5927|spd|1\n|faint|p1a: Escargot\n|\n|-damage|p2a: \u718a\u5927|70\/100 brn|[from] brn\n|upkeep\n|\n|t:|1701091177\n|switch|p1a: Tony|Skeledirge, F, shiny|100\/100\n|turn|25\n|\n|t:|1701091179\n|move|p1a: Tony|Torch Song|p2a: \u718a\u5927\n|-damage|p2a: \u718a\u5927|41\/100 brn\n|-boost|p1a: Tony|spa|1\n|move|p2a: \u718a\u5927|Headlong Rush|p1a: Tony\n|-supereffective|p1a: Tony\n|-damage|p1a: Tony|0 fnt\n|-unboost|p2a: \u718a\u5927|def|1\n|-unboost|p2a: \u718a\u5927|spd|1\n|faint|p1a: Tony\n|\n|win|baigu\n|raw|Secondworldproblem's rating: 1598 &rarr; <strong>1589<\/strong><br \/>(-9 for losing)\n|raw|baigu's rating: 1809 &rarr; <strong>1818<\/strong><br \/>(+9 for winning)\n","uploadtime":1701091184,"views":2,"p1id":"secondworldproblem","p2id":"baigu","formatid":"gen9nationaldex","rating":1589,"private":0,"password":""}