{"id":"gen9nationaldex-1988971821","p1":"SylverOmega","p2":"Fv8hd","format":"[Gen 9] National Dex","log":"|j|\u2606SylverOmega\n|j|\u2606Fv8hd\n|t:|1699796591\n|gametype|singles\n|player|p1|SylverOmega|palmer|1262\n|player|p2|Fv8hd|102|1294\n|teamsize|p1|6\n|teamsize|p2|6\n|gen|9\n|tier|[Gen 9] National Dex\n|rated|\n|rule|HP Percentage Mod: HP is shown in percentages\n|rule|Endless Battle Clause: Forcing endless battles is banned\n|rule|OHKO Clause: OHKO moves are banned\n|rule|Evasion Clause: Evasion abilities, items, and moves are banned\n|rule|Evasion Abilities Clause: Evasion abilities are banned\n|rule|Evasion Items Clause: Evasion items are banned\n|rule|Evasion Moves Clause: Evasion moves are banned\n|rule|Species Clause: Limit one of each Pok\u00e9mon\n|rule|Sleep Clause Mod: Limit one foe put to sleep\n|clearpoke\n|poke|p1|Torkoal, M|\n|poke|p1|Ceruledge, F|\n|poke|p1|Sceptile, F|\n|poke|p1|Moltres|\n|poke|p1|Enamorus, F|\n|poke|p1|Lilligant-Hisui, F|\n|poke|p2|Toxapex, M|\n|poke|p2|Zeraora|\n|poke|p2|Necrozma|\n|poke|p2|Nihilego|\n|poke|p2|Tapu Lele|\n|poke|p2|Buzzwole|\n|teampreview\n|inactive|Battle timer is ON: inactive players will automatically lose when time's up. (requested by SylverOmega)\n|c|\u2606SylverOmega|Hf\n|\n|t:|1699796607\n|start\n|switch|p1a: Enamorus|Enamorus, F|100\/100\n|switch|p2a: Buzzwole|Buzzwole|100\/100\n|turn|1\n|\n|t:|1699796617\n|move|p1a: Enamorus|Mystical Fire|p2a: Buzzwole\n|-supereffective|p2a: Buzzwole\n|-damage|p2a: Buzzwole|16\/100\n|-unboost|p2a: Buzzwole|spa|1\n|move|p2a: Buzzwole|Ice Punch|p1a: Enamorus\n|-supereffective|p1a: Enamorus\n|-damage|p1a: Enamorus|0 fnt\n|faint|p1a: Enamorus\n|-ability|p2a: Buzzwole|Beast Boost|boost\n|-boost|p2a: Buzzwole|atk|1\n|\n|upkeep\n|\n|t:|1699796630\n|switch|p1a: Ceruledge|Ceruledge, F|100\/100\n|turn|2\n|\n|t:|1699796640\n|switch|p2a: Toxapex|Toxapex, M|100\/100\n|move|p1a: Ceruledge|Shadow Sneak|p2a: Toxapex\n|-damage|p2a: Toxapex|88\/100\n|\n|-heal|p2a: Toxapex|94\/100|[from] item: Leftovers\n|upkeep\n|turn|3\n|\n|t:|1699796653\n|switch|p1a: Torkoal|Torkoal, M|100\/100\n|-weather|SunnyDay|[from] ability: Drought|[of] p1a: Torkoal\n|move|p2a: Toxapex|Toxic|p1a: Torkoal\n|-status|p1a: Torkoal|tox\n|\n|-weather|SunnyDay|[upkeep]\n|-heal|p2a: Toxapex|99\/100|[from] item: Leftovers\n|-damage|p1a: Torkoal|94\/100 tox|[from] psn\n|upkeep\n|turn|4\n|\n|t:|1699796664\n|move|p2a: Toxapex|Scald|p1a: Torkoal\n|-supereffective|p1a: Torkoal\n|-damage|p1a: Torkoal|80\/100 tox\n|move|p1a: Torkoal|Stealth Rock|p2a: Toxapex\n|-sidestart|p2: Fv8hd|move: Stealth Rock\n|\n|-weather|SunnyDay|[upkeep]\n|-heal|p2a: Toxapex|100\/100|[from] item: Leftovers\n|-damage|p1a: Torkoal|68\/100 tox|[from] psn\n|upkeep\n|turn|5\n|\n|t:|1699796675\n|move|p2a: Toxapex|Baneful Bunker|p2a: Toxapex\n|-singleturn|p2a: Toxapex|move: Protect\n|move|p1a: Torkoal|Will-O-Wisp|p2a: Toxapex\n|-activate|p2a: Toxapex|move: Protect\n|\n|-weather|SunnyDay|[upkeep]\n|-damage|p1a: Torkoal|50\/100 tox|[from] psn\n|upkeep\n|turn|6\n|\n|t:|1699796690\n|move|p2a: Toxapex|Recover||[still]\n|-fail|p2a: Toxapex|heal\n|move|p1a: Torkoal|Will-O-Wisp|p2a: Toxapex\n|-status|p2a: Toxapex|brn\n|\n|-weather|SunnyDay|[upkeep]\n|-damage|p1a: Torkoal|25\/100 tox|[from] psn\n|-damage|p2a: Toxapex|94\/100 brn|[from] brn\n|upkeep\n|turn|7\n|\n|t:|1699796702\n|switch|p1a: Sceptile|Sceptile, F|100\/100\n|move|p2a: Toxapex|Scald|p1a: Sceptile\n|-resisted|p1a: Sceptile\n|-damage|p1a: Sceptile|95\/100\n|\n|-weather|SunnyDay|[upkeep]\n|-heal|p2a: Toxapex|100\/100 brn|[from] item: Leftovers\n|-damage|p2a: Toxapex|94\/100 brn|[from] brn\n|upkeep\n|turn|8\n|\n|t:|1699796727\n|detailschange|p1a: Sceptile|Sceptile-Mega, F\n|-mega|p1a: Sceptile|Sceptile|Sceptilite\n|move|p2a: Toxapex|Baneful Bunker|p2a: Toxapex\n|-singleturn|p2a: Toxapex|move: Protect\n|move|p1a: Sceptile|Solar Beam||[still]\n|-prepare|p1a: Sceptile|Solar Beam\n|-anim|p1a: Sceptile|Solar Beam|p2a: Toxapex\n|-activate|p2a: Toxapex|move: Protect\n|\n|-weather|SunnyDay|[upkeep]\n|-heal|p2a: Toxapex|100\/100 brn|[from] item: Leftovers\n|-damage|p2a: Toxapex|94\/100 brn|[from] brn\n|upkeep\n|turn|9\n|\n|t:|1699796741\n|switch|p2a: Buzzwole|Buzzwole|16\/100\n|-damage|p2a: Buzzwole|3\/100|[from] Stealth Rock\n|move|p1a: Sceptile|Solar Beam||[still]\n|-prepare|p1a: Sceptile|Solar Beam\n|-anim|p1a: Sceptile|Solar Beam|p2a: Buzzwole\n|-resisted|p2a: Buzzwole\n|-damage|p2a: Buzzwole|0 fnt\n|faint|p2a: Buzzwole\n|\n|-weather|SunnyDay|[upkeep]\n|upkeep\n|\n|t:|1699796746\n|switch|p2a: Necrozma|Necrozma|100\/100\n|-damage|p2a: Necrozma|88\/100|[from] Stealth Rock\n|turn|10\n|\n|t:|1699796764\n|switch|p1a: Moltres|Moltres|100\/100\n|move|p2a: Necrozma|Autotomize|p2a: Necrozma\n|-boost|p2a: Necrozma|spe|2\n|-start|p2a: Necrozma|Autotomize\n|\n|-weather|none\n|upkeep\n|turn|11\n|\n|t:|1699796778\n|move|p2a: Necrozma|Photon Geyser|p1a: Moltres\n|-damage|p1a: Moltres|47\/100\n|move|p1a: Moltres|Fire Spin|p2a: Necrozma\n|-damage|p2a: Necrozma|75\/100\n|-activate|p2a: Necrozma|move: Fire Spin|[of] p1a: Moltres\n|\n|-damage|p2a: Necrozma|62\/100|[from] move: Fire Spin|[partiallytrapped]\n|upkeep\n|turn|12\n|inactive|Fv8hd has 120 seconds left.\n|\n|t:|1699796813\n|switch|p1a: Torkoal|Torkoal, M|25\/100 tox\n|-weather|SunnyDay|[from] ability: Drought|[of] p1a: Torkoal\n|move|p2a: Necrozma|Photon Geyser|p1a: Torkoal\n|-damage|p1a: Torkoal|0 fnt\n|faint|p1a: Torkoal\n|\n|-weather|SunnyDay|[upkeep]\n|-end|p2a: Necrozma|Fire Spin|[partiallytrapped]|[silent]\n|upkeep\n|\n|t:|1699796830\n|switch|p1a: Sceptile|Sceptile-Mega, F|95\/100\n|turn|13\n|inactive|Fv8hd has 120 seconds left.\n|\n|t:|1699796840\n|move|p2a: Necrozma|Photon Geyser|p1a: Sceptile\n|-damage|p1a: Sceptile|17\/100\n|move|p1a: Sceptile|Solar Beam||[still]\n|-prepare|p1a: Sceptile|Solar Beam\n|-anim|p1a: Sceptile|Solar Beam|p2a: Necrozma\n|-damage|p2a: Necrozma|0 fnt\n|faint|p2a: Necrozma\n|\n|-weather|SunnyDay|[upkeep]\n|upkeep\n|inactive|Fv8hd has 120 seconds left.\n|\n|t:|1699796851\n|switch|p2a: Zeraora|Zeraora|100\/100\n|-damage|p2a: Zeraora|88\/100|[from] Stealth Rock\n|turn|14\n|\n|t:|1699796857\n|switch|p1a: Ceruledge|Ceruledge, F|100\/100\n|move|p2a: Zeraora|Fake Out|p1a: Ceruledge\n|-immune|p1a: Ceruledge\n|\n|-weather|SunnyDay|[upkeep]\n|upkeep\n|turn|15\n|\n|t:|1699796868\n|switch|p2a: Toxapex|Toxapex, M|100\/100 brn\n|-damage|p2a: Toxapex|88\/100 brn|[from] Stealth Rock\n|move|p1a: Ceruledge|Swords Dance|p1a: Ceruledge\n|-boost|p1a: Ceruledge|atk|2\n|\n|-weather|SunnyDay|[upkeep]\n|-heal|p2a: Toxapex|94\/100 brn|[from] item: Leftovers\n|-damage|p2a: Toxapex|88\/100 brn|[from] brn\n|upkeep\n|turn|16\n|\n|t:|1699796879\n|move|p1a: Ceruledge|Solar Blade||[still]\n|-prepare|p1a: Ceruledge|Solar Blade\n|-anim|p1a: Ceruledge|Solar Blade|p2a: Toxapex\n|-damage|p2a: Toxapex|33\/100 brn\n|move|p2a: Toxapex|Toxic|p1a: Ceruledge\n|-status|p1a: Ceruledge|tox\n|\n|-weather|SunnyDay|[upkeep]\n|-heal|p2a: Toxapex|39\/100 brn|[from] item: Leftovers\n|-damage|p1a: Ceruledge|94\/100 tox|[from] psn\n|-damage|p2a: Toxapex|33\/100 brn|[from] brn\n|upkeep\n|turn|17\n|\n|t:|1699796895\n|switch|p2a: Tapu Lele|Tapu Lele|100\/100\n|-damage|p2a: Tapu Lele|88\/100|[from] Stealth Rock\n|-fieldstart|move: Psychic Terrain|[from] ability: Psychic Surge|[of] p2a: Tapu Lele\n|move|p1a: Ceruledge|Swords Dance|p1a: Ceruledge\n|-boost|p1a: Ceruledge|atk|2\n|\n|-weather|SunnyDay|[upkeep]\n|-damage|p1a: Ceruledge|82\/100 tox|[from] psn\n|upkeep\n|turn|18\n|\n|t:|1699796906\n|move|p2a: Tapu Lele|Shadow Ball|p1a: Ceruledge\n|-supereffective|p1a: Ceruledge\n|-damage|p1a: Ceruledge|11\/100 tox\n|move|p1a: Ceruledge|Bitter Blade|p2a: Tapu Lele\n|-damage|p2a: Tapu Lele|0 fnt\n|-heal|p1a: Ceruledge|54\/100 tox|[from] drain|[of] p2a: Tapu Lele\n|faint|p2a: Tapu Lele\n|\n|-weather|SunnyDay|[upkeep]\n|-damage|p1a: Ceruledge|35\/100 tox|[from] psn\n|upkeep\n|inactive|Fv8hd has 120 seconds left.\n|\n|t:|1699796922\n|switch|p2a: Nihilego|Nihilego|100\/100\n|-damage|p2a: Nihilego|88\/100|[from] Stealth Rock\n|turn|19\n|inactive|Fv8hd has 120 seconds left.\n|c|\u2606SylverOmega|Yogur team is a monogen\n|c|\u2606SylverOmega|Your*\n|inactive|Fv8hd has 90 seconds left.\n|\n|t:|1699796969\n|move|p1a: Ceruledge|Shadow Sneak|p2a: Nihilego\n|-activate|p2a: Nihilego|move: Psychic Terrain\n|move|p2a: Nihilego|Meteor Beam||[still]\n|-prepare|p2a: Nihilego|Meteor Beam\n|-boost|p2a: Nihilego|spa|1\n|-enditem|p2a: Nihilego|Power Herb\n|-anim|p2a: Nihilego|Meteor Beam|p1a: Ceruledge\n|-supereffective|p1a: Ceruledge\n|-damage|p1a: Ceruledge|0 fnt\n|faint|p1a: Ceruledge\n|-ability|p2a: Nihilego|Beast Boost|boost\n|-boost|p2a: Nihilego|spe|1\n|\n|-weather|none\n|upkeep\n|\n|t:|1699796991\n|switch|p1a: Lilligant|Lilligant-Hisui, F, shiny|100\/100\n|turn|20\n|inactive|Fv8hd has 90 seconds left.\n|\n|t:|1699797008\n|move|p2a: Nihilego|Sludge Wave|p1a: Lilligant\n|-supereffective|p1a: Lilligant\n|-enditem|p1a: Lilligant|Focus Sash\n|-damage|p1a: Lilligant|1\/100\n|move|p1a: Lilligant|Axe Kick|p2a: Nihilego\n|-damage|p2a: Nihilego|0 fnt\n|faint|p2a: Nihilego\n|\n|upkeep\n|\n|t:|1699797018\n|switch|p2a: Zeraora|Zeraora|88\/100\n|-damage|p2a: Zeraora|76\/100|[from] Stealth Rock\n|turn|21\n|\n|t:|1699797023\n|switch|p1a: Moltres|Moltres|47\/100\n|move|p2a: Zeraora|Fake Out|p1a: Moltres\n|-hint|Psychic Terrain doesn't affect Pok\u00e9mon immune to Ground.\n|-enditem|p2a: Zeraora|Normal Gem|[from] gem\n|-damage|p1a: Moltres|35\/100\n|\n|-fieldend|move: Psychic Terrain\n|upkeep\n|turn|22\n|\n|t:|1699797036\n|switch|p1a: Sceptile|Sceptile-Mega, F|17\/100\n|-terastallize|p2a: Zeraora|Flying\n|move|p2a: Zeraora|Plasma Fists|p1a: Sceptile\n|-ability|p1a: Sceptile|Lightning Rod|boost\n|-boost|p1a: Sceptile|spa|1\n|\n|upkeep\n|turn|23\n|\n|t:|1699797047\n|switch|p1a: Moltres|Moltres|35\/100\n|move|p2a: Zeraora|Acrobatics|p1a: Moltres\n|-damage|p1a: Moltres|0 fnt\n|faint|p1a: Moltres\n|\n|upkeep\n|\n|t:|1699797055\n|switch|p1a: Lilligant|Lilligant-Hisui, F, shiny|1\/100\n|turn|24\n|c|\u2606SylverOmega|Gg\n|\n|t:|1699797065\n|-terastallize|p1a: Lilligant|Rock\n|move|p2a: Zeraora|Acrobatics|p1a: Lilligant\n|-resisted|p1a: Lilligant\n|-damage|p1a: Lilligant|0 fnt\n|faint|p1a: Lilligant\n|\n|upkeep\n|\n|t:|1699797073\n|switch|p1a: Sceptile|Sceptile-Mega, F|17\/100\n|turn|25\n|\n|t:|1699797077\n|move|p1a: Sceptile|Dragon Pulse|p2a: Zeraora\n|-damage|p2a: Zeraora|11\/100\n|move|p2a: Zeraora|Acrobatics|p1a: Sceptile\n|-supereffective|p1a: Sceptile\n|-damage|p1a: Sceptile|0 fnt\n|faint|p1a: Sceptile\n|\n|win|Fv8hd\n|raw|SylverOmega's rating: 1262 &rarr; <strong>1239<\/strong><br \/>(-23 for losing)\n|raw|Fv8hd's rating: 1294 &rarr; <strong>1317<\/strong><br \/>(+23 for winning)\n|l|\u2606Fv8hd\n","uploadtime":1699797088,"views":5,"p1id":"sylveromega","p2id":"fv8hd","formatid":"gen9nationaldex","rating":1239,"private":0,"password":""}