{"id":"gen9nationaldex-1995973168","p1":"IceBerryCoffee","p2":"higor12345","format":"[Gen 9] National Dex","log":"|html|<div class=\"broadcast-blue\"><strong>[Gen 9] National Dex is currently suspecting Sneasler! For information on how to participate check out the <a href=\"https:\/\/www.smogon.com\/forums\/threads\/sv-national-dex-suspect-8-just-dance.3731534\/\">suspect thread<\/a>.<\/strong><\/div>\n|j|\u2606IceBerryCoffee\n|j|\u2606higor12345\n|t:|1700623893\n|gametype|singles\n|player|p1|IceBerryCoffee|265|1274\n|player|p2|higor12345|101|1189\n|teamsize|p1|6\n|teamsize|p2|6\n|gen|9\n|tier|[Gen 9] National Dex\n|rated|\n|rule|HP Percentage Mod: HP is shown in percentages\n|rule|Endless Battle Clause: Forcing endless battles is banned\n|rule|OHKO Clause: OHKO moves are banned\n|rule|Evasion Clause: Evasion abilities, items, and moves are banned\n|rule|Evasion Abilities Clause: Evasion abilities are banned\n|rule|Evasion Items Clause: Evasion items are banned\n|rule|Evasion Moves Clause: Evasion moves are banned\n|rule|Species Clause: Limit one of each Pok\u00e9mon\n|rule|Sleep Clause Mod: Limit one foe put to sleep\n|clearpoke\n|poke|p1|Maushold-Four|\n|poke|p1|Empoleon, M|\n|poke|p1|Conkeldurr, M|\n|poke|p1|Typhlosion-Hisui, M|\n|poke|p1|Gyarados, M|\n|poke|p1|Hydreigon, F|\n|poke|p2|Scizor, F|\n|poke|p2|Slowking-Galar, M|\n|poke|p2|Tornadus-Therian, M|\n|poke|p2|Cinderace, M|\n|poke|p2|Ting-Lu|\n|poke|p2|Kommo-o, F|\n|teampreview\n|inactive|Battle timer is ON: inactive players will automatically lose when time's up. (requested by IceBerryCoffee)\n|\n|t:|1700623902\n|start\n|switch|p1a: Hydreigon|Hydreigon, F|100\/100\n|switch|p2a: Cinderace|Cinderace, M|100\/100\n|turn|1\n|\n|t:|1700623908\n|switch|p1a: Empoleon|Empoleon, M|100\/100\n|move|p2a: Cinderace|U-turn|p1a: Empoleon\n|-resisted|p1a: Empoleon\n|-damage|p1a: Empoleon|93\/100\n|\n|t:|1700623917\n|switch|p2a: Slowking|Slowking-Galar, M|100\/100|[from] U-turn\n|\n|-heal|p1a: Empoleon|99\/100|[from] item: Leftovers\n|upkeep\n|turn|2\n|\n|t:|1700623926\n|move|p1a: Empoleon|Knock Off|p2a: Slowking\n|-supereffective|p2a: Slowking\n|-damage|p2a: Slowking|66\/100\n|-enditem|p2a: Slowking|Heavy-Duty Boots|[from] move: Knock Off|[of] p1a: Empoleon\n|move|p2a: Slowking|Thunder Wave|p1a: Empoleon\n|-status|p1a: Empoleon|par\n|\n|-heal|p1a: Empoleon|100\/100 par|[from] item: Leftovers\n|upkeep\n|turn|3\n|\n|t:|1700623935\n|move|p1a: Empoleon|Flip Turn|p2a: Slowking\n|-damage|p2a: Slowking|48\/100\n|\n|t:|1700623942\n|switch|p1a: Conkeldurr|Conkeldurr, M|100\/100|[from] Flip Turn\n|move|p2a: Slowking|Future Sight|p1a: Conkeldurr\n|-start|p2a: Slowking|move: Future Sight\n|\n|-status|p1a: Conkeldurr|brn|[from] item: Flame Orb\n|upkeep\n|turn|4\n|\n|t:|1700623955\n|switch|p2a: Scizor|Scizor, F|100\/100\n|move|p1a: Conkeldurr|Facade|p2a: Scizor\n|-resisted|p2a: Scizor\n|-damage|p2a: Scizor|67\/100\n|\n|-damage|p1a: Conkeldurr|94\/100 brn|[from] brn\n|upkeep\n|turn|5\n|\n|t:|1700623967\n|switch|p1a: Hydreigon|Hydreigon, F|100\/100\n|detailschange|p2a: Scizor|Scizor-Mega, F\n|-mega|p2a: Scizor|Scizor|Scizorite\n|move|p2a: Scizor|Roost|p2a: Scizor\n|-heal|p2a: Scizor|100\/100\n|-singleturn|p2a: Scizor|move: Roost\n|\n|-end|p1a: Hydreigon|move: Future Sight\n|-immune|p1a: Hydreigon\n|upkeep\n|turn|6\n|\n|t:|1700623976\n|move|p1a: Hydreigon|Fire Blast|p2a: Scizor\n|-supereffective|p2a: Scizor\n|-damage|p2a: Scizor|0 fnt\n|faint|p2a: Scizor\n|\n|upkeep\n|\n|t:|1700623983\n|switch|p2a: Kommo-o|Kommo-o, F|100\/100\n|turn|7\n|\n|t:|1700624004\n|switch|p1a: Gyarados|Gyarados, M|100\/100\n|-ability|p1a: Gyarados|Intimidate|boost\n|-unboost|p2a: Kommo-o|atk|1\n|move|p2a: Kommo-o|Clangorous Soul|p2a: Kommo-o\n|-boost|p2a: Kommo-o|atk|1\n|-boost|p2a: Kommo-o|def|1\n|-boost|p2a: Kommo-o|spa|1\n|-boost|p2a: Kommo-o|spd|1\n|-boost|p2a: Kommo-o|spe|1\n|-damage|p2a: Kommo-o|68\/100\n|-enditem|p2a: Kommo-o|Throat Spray\n|-boost|p2a: Kommo-o|spa|1|[from] item: Throat Spray\n|\n|upkeep\n|turn|8\n|inactive|IceBerryCoffee has 120 seconds left.\n|\n|t:|1700624039\n|switch|p1a: Empoleon|Empoleon, M|100\/100 par\n|-terastallize|p2a: Kommo-o|Normal\n|move|p2a: Kommo-o|Boomburst|p1a: Empoleon\n|-resisted|p1a: Empoleon\n|-damage|p1a: Empoleon|54\/100 par\n|\n|-heal|p1a: Empoleon|60\/100 par|[from] item: Leftovers\n|upkeep\n|turn|9\n|\n|t:|1700624050\n|move|p2a: Kommo-o|Drain Punch|p1a: Empoleon\n|-supereffective|p1a: Empoleon\n|-damage|p1a: Empoleon|12\/100 par\n|-heal|p2a: Kommo-o|99\/100|[from] drain|[of] p1a: Empoleon\n|move|p1a: Empoleon|Surf|p2a: Kommo-o\n|-damage|p2a: Kommo-o|71\/100\n|\n|-heal|p1a: Empoleon|18\/100 par|[from] item: Leftovers\n|upkeep\n|turn|10\n|inactive|IceBerryCoffee has 120 seconds left.\n|\n|t:|1700624059\n|move|p2a: Kommo-o|Drain Punch|p1a: Empoleon\n|-supereffective|p1a: Empoleon\n|-damage|p1a: Empoleon|0 fnt\n|-heal|p2a: Kommo-o|82\/100|[from] drain|[of] p1a: Empoleon\n|faint|p1a: Empoleon\n|\n|upkeep\n|inactive|IceBerryCoffee has 120 seconds left.\n|\n|t:|1700624086\n|switch|p1a: Typhlosion|Typhlosion-Hisui, M|100\/100\n|turn|11\n|\n|t:|1700624094\n|move|p1a: Typhlosion|Eruption|p2a: Kommo-o\n|-damage|p2a: Kommo-o|19\/100\n|move|p2a: Kommo-o|Clanging Scales|p1a: Typhlosion\n|-damage|p1a: Typhlosion|0 fnt\n|faint|p1a: Typhlosion\n|-unboost|p2a: Kommo-o|def|1\n|\n|upkeep\n|\n|t:|1700624102\n|switch|p1a: Conkeldurr|Conkeldurr, M|94\/100 brn\n|turn|12\n|inactive|higor12345 has 120 seconds left.\n|\n|t:|1700624144\n|move|p1a: Conkeldurr|Mach Punch|p2a: Kommo-o\n|-supereffective|p2a: Kommo-o\n|-damage|p2a: Kommo-o|0 fnt\n|faint|p2a: Kommo-o\n|\n|-damage|p1a: Conkeldurr|88\/100 brn|[from] brn\n|upkeep\n|\n|t:|1700624165\n|switch|p2a: Tornadus|Tornadus-Therian, M|100\/100\n|turn|13\n|inactive|IceBerryCoffee has 120 seconds left.\n|\n|t:|1700624177\n|-terastallize|p1a: Conkeldurr|Electric\n|move|p2a: Tornadus|Nasty Plot|p2a: Tornadus\n|-boost|p2a: Tornadus|spa|2\n|move|p1a: Conkeldurr|Facade|p2a: Tornadus\n|-damage|p2a: Tornadus|0 fnt\n|faint|p2a: Tornadus\n|\n|-damage|p1a: Conkeldurr|82\/100 brn|[from] brn\n|upkeep\n|\n|t:|1700624184\n|switch|p2a: Ting-Lu|Ting-Lu|100\/100\n|-ability|p2a: Ting-Lu|Vessel of Ruin\n|turn|14\n|\n|t:|1700624191\n|move|p1a: Conkeldurr|Drain Punch|p2a: Ting-Lu\n|-supereffective|p2a: Ting-Lu\n|-damage|p2a: Ting-Lu|37\/100\n|-heal|p1a: Conkeldurr|100\/100 brn|[from] drain|[of] p2a: Ting-Lu\n|move|p2a: Ting-Lu|Earthquake|p1a: Conkeldurr\n|-supereffective|p1a: Conkeldurr\n|-damage|p1a: Conkeldurr|30\/100 brn\n|\n|-heal|p2a: Ting-Lu|43\/100|[from] item: Leftovers\n|-damage|p1a: Conkeldurr|23\/100 brn|[from] brn\n|upkeep\n|turn|15\n|inactive|higor12345 has 120 seconds left.\n|\n|t:|1700624201\n|switch|p2a: Cinderace|Cinderace, M|100\/100\n|move|p1a: Conkeldurr|Drain Punch|p2a: Cinderace\n|-damage|p2a: Cinderace|13\/100\n|-heal|p1a: Conkeldurr|65\/100 brn|[from] drain|[of] p2a: Cinderace\n|\n|-damage|p1a: Conkeldurr|59\/100 brn|[from] brn\n|upkeep\n|turn|16\n|\n|t:|1700624209\n|move|p1a: Conkeldurr|Mach Punch|p2a: Cinderace\n|-damage|p2a: Cinderace|0 fnt\n|faint|p2a: Cinderace\n|\n|-damage|p1a: Conkeldurr|53\/100 brn|[from] brn\n|upkeep\n|-message|higor12345 forfeited.\n|\n|win|IceBerryCoffee\n|raw|IceBerryCoffee's rating: 1274 &rarr; <strong>1293<\/strong><br \/>(+19 for winning)\n|raw|higor12345's rating: 1189 &rarr; <strong>1170<\/strong><br \/>(-19 for losing)\n|l|\u2606higor12345\n","uploadtime":1700624218,"views":0,"p1id":"iceberrycoffee","p2id":"higor12345","formatid":"gen9nationaldex","rating":1170,"private":0,"password":""}