{"id":"gen9nationaldex-1998031710","p1":"NDSNEZ PRO-Snez","p2":"Xander#8155","format":"[Gen 9] National Dex","log":"|html|<div class=\"broadcast-blue\"><strong>[Gen 9] National Dex is currently suspecting Sneasler! For information on how to participate check out the <a href=\"https:\/\/www.smogon.com\/forums\/threads\/sv-national-dex-suspect-8-just-dance.3731534\/\">suspect thread<\/a>.<\/strong><\/div>\n|j|\u2606NDSNEZ PRO-Snez\n|j|\u2606Xander#8155\n|t:|1700881327\n|gametype|singles\n|player|p1|NDSNEZ PRO-Snez|pokemonrangerf|1168\n|player|p2|Xander#8155|grimsley|1223\n|teamsize|p1|6\n|teamsize|p2|6\n|gen|9\n|tier|[Gen 9] National Dex\n|rated|\n|rule|HP Percentage Mod: HP is shown in percentages\n|rule|Endless Battle Clause: Forcing endless battles is banned\n|rule|OHKO Clause: OHKO moves are banned\n|rule|Evasion Clause: Evasion abilities, items, and moves are banned\n|rule|Evasion Abilities Clause: Evasion abilities are banned\n|rule|Evasion Items Clause: Evasion items are banned\n|rule|Evasion Moves Clause: Evasion moves are banned\n|rule|Species Clause: Limit one of each Pok\u00e9mon\n|rule|Sleep Clause Mod: Limit one foe put to sleep\n|clearpoke\n|poke|p1|Sneasler, M|\n|poke|p1|Aegislash, M|\n|poke|p1|Goodra, F|\n|poke|p1|Weavile, F|\n|poke|p1|Pelipper, F|\n|poke|p1|Swampert, M|\n|poke|p2|Flygon, M|\n|poke|p2|Clefable, F|\n|poke|p2|Glaceon, F|\n|poke|p2|Greninja-*, M|\n|poke|p2|Machamp, F|\n|poke|p2|Lucario, M|\n|teampreview\n|inactive|Battle timer is ON: inactive players will automatically lose when time's up. (requested by NDSNEZ PRO-Snez)\n|\n|t:|1700881340\n|start\n|switch|p1a: Sneasler|Sneasler, M|100\/100\n|switch|p2a: Greninja|Greninja, M|100\/100\n|-item|p1a: Sneasler|Air Balloon\n|turn|1\n|\n|t:|1700881352\n|switch|p1a: Pelipper|Pelipper, F|100\/100\n|-weather|RainDance|[from] ability: Drizzle|[of] p1a: Pelipper\n|move|p2a: Greninja|Hydro Pump|p1a: Pelipper\n|-resisted|p1a: Pelipper\n|-damage|p1a: Pelipper|30\/100\n|-damage|p2a: Greninja|91\/100|[from] item: Life Orb\n|\n|-weather|RainDance|[upkeep]\n|upkeep\n|turn|2\n|\n|t:|1700881362\n|switch|p1a: Goodra|Goodra, F|100\/100\n|move|p2a: Greninja|Dark Pulse|p1a: Goodra\n|-damage|p1a: Goodra|80\/100\n|-damage|p2a: Greninja|81\/100|[from] item: Life Orb\n|\n|-weather|RainDance|[upkeep]\n|upkeep\n|turn|3\n|\n|t:|1700881369\n|move|p2a: Greninja|U-turn|p1a: Goodra\n|-damage|p1a: Goodra|57\/100\n|-ability|p1a: Goodra|Gooey\n|-unboost|p2a: Greninja|spe|1\n|-damage|p2a: Greninja|71\/100|[from] item: Life Orb\n|\n|t:|1700881376\n|switch|p2a: Clefable|Clefable, F|100\/100|[from] U-turn\n|move|p1a: Goodra|Thunderbolt|p2a: Clefable\n|-damage|p2a: Clefable|81\/100\n|\n|-weather|RainDance|[upkeep]\n|-heal|p2a: Clefable|87\/100|[from] item: Leftovers\n|upkeep\n|turn|4\n|\n|t:|1700881393\n|switch|p1a: Aegislash|Aegislash, M|100\/100\n|move|p2a: Clefable|Moonblast|p1a: Aegislash\n|-resisted|p1a: Aegislash\n|-damage|p1a: Aegislash|88\/100\n|\n|-weather|RainDance|[upkeep]\n|-heal|p1a: Aegislash|94\/100|[from] item: Leftovers\n|-heal|p2a: Clefable|93\/100|[from] item: Leftovers\n|upkeep\n|turn|5\n|inactive|Xander#8155 has 120 seconds left.\n|\n|t:|1700881418\n|switch|p2a: Flygon|Flygon, M|100\/100\n|move|p1a: Aegislash|Swords Dance|p1a: Aegislash\n|-boost|p1a: Aegislash|atk|2\n|\n|-weather|none\n|-heal|p1a: Aegislash|99\/100|[from] item: Leftovers\n|upkeep\n|turn|6\n|\n|t:|1700881429\n|move|p2a: Flygon|Earthquake|p1a: Aegislash\n|-supereffective|p1a: Aegislash\n|-damage|p1a: Aegislash|0 fnt\n|faint|p1a: Aegislash\n|\n|upkeep\n|\n|t:|1700881436\n|switch|p1a: Weavile|Weavile, F|100\/100\n|turn|7\n|\n|t:|1700881453\n|switch|p2a: Lucario|Lucario, M|100\/100\n|move|p1a: Weavile|Triple Axel|p2a: Lucario\n|-resisted|p2a: Lucario\n|-damage|p2a: Lucario|92\/100\n|-resisted|p2a: Lucario\n|-damage|p2a: Lucario|77\/100\n|-resisted|p2a: Lucario\n|-damage|p2a: Lucario|55\/100\n|-hitcount|p2a: Lucario|3\n|\n|upkeep\n|turn|8\n|\n|t:|1700881462\n|switch|p1a: Pelipper|Pelipper, F|30\/100\n|-weather|RainDance|[from] ability: Drizzle|[of] p1a: Pelipper\n|move|p2a: Lucario|Drain Punch|p1a: Pelipper\n|-resisted|p1a: Pelipper\n|-damage|p1a: Pelipper|16\/100\n|-heal|p2a: Lucario|63\/100|[from] drain|[of] p1a: Pelipper\n|-damage|p2a: Lucario|46\/100|[from] item: Rocky Helmet|[of] p1a: Pelipper\n|\n|-weather|RainDance|[upkeep]\n|upkeep\n|turn|9\n|\n|t:|1700881478\n|move|p2a: Lucario|Extreme Speed|p1a: Pelipper\n|-damage|p1a: Pelipper|0 fnt\n|-damage|p2a: Lucario|30\/100|[from] item: Rocky Helmet|[of] p1a: Pelipper\n|faint|p1a: Pelipper\n|\n|-weather|RainDance|[upkeep]\n|upkeep\n|\n|t:|1700881485\n|switch|p1a: Sneasler|Sneasler, M|100\/100\n|-item|p1a: Sneasler|Air Balloon\n|turn|10\n|inactive|Xander#8155 has 120 seconds left.\n|\n|t:|1700881507\n|move|p2a: Lucario|Extreme Speed|p1a: Sneasler\n|-damage|p1a: Sneasler|53\/100\n|-enditem|p1a: Sneasler|Air Balloon\n|move|p1a: Sneasler|Brick Break|p2a: Lucario\n|-supereffective|p2a: Lucario\n|-damage|p2a: Lucario|0 fnt\n|faint|p2a: Lucario\n|\n|-weather|RainDance|[upkeep]\n|upkeep\n|inactive|Xander#8155 has 120 seconds left.\n|\n|t:|1700881515\n|switch|p2a: Greninja|Greninja, M|71\/100\n|turn|11\n|\n|t:|1700881519\n|move|p1a: Sneasler|Brick Break|p2a: Greninja\n|-supereffective|p2a: Greninja\n|-damage|p2a: Greninja|0 fnt\n|faint|p2a: Greninja\n|\n|-weather|RainDance|[upkeep]\n|upkeep\n|\n|t:|1700881526\n|switch|p2a: Machamp|Machamp, F|100\/100\n|turn|12\n|\n|t:|1700881532\n|move|p1a: Sneasler|Dire Claw|p2a: Machamp\n|-crit|p2a: Machamp\n|-damage|p2a: Machamp|11\/100\n|-status|p2a: Machamp|psn\n|move|p2a: Machamp|Dynamic Punch|p1a: Sneasler\n|-resisted|p1a: Sneasler\n|-damage|p1a: Sneasler|7\/100\n|-start|p1a: Sneasler|confusion\n|\n|-weather|none\n|-damage|p2a: Machamp|0 fnt|[from] psn\n|faint|p2a: Machamp\n|upkeep\n|\n|t:|1700881542\n|switch|p2a: Flygon|Flygon, M|100\/100\n|turn|13\n|\n|t:|1700881547\n|-activate|p1a: Sneasler|confusion\n|move|p1a: Sneasler|Brick Break|p2a: Flygon\n|-crit|p2a: Flygon\n|-damage|p2a: Flygon|5\/100\n|move|p2a: Flygon|U-turn|p1a: Sneasler\n|-resisted|p1a: Sneasler\n|-damage|p1a: Sneasler|0 fnt\n|faint|p1a: Sneasler\n|\n|t:|1700881556\n|switch|p2a: Glaceon|Glaceon, F|100\/100|[from] U-turn\n|\n|upkeep\n|\n|t:|1700881562\n|switch|p1a: Goodra|Goodra, F|57\/100\n|turn|14\n|\n|t:|1700881574\n|move|p1a: Goodra|Flamethrower|p2a: Glaceon\n|-supereffective|p2a: Glaceon\n|-damage|p2a: Glaceon|41\/100\n|move|p2a: Glaceon|Toxic|p1a: Goodra\n|-status|p1a: Goodra|tox\n|\n|-heal|p2a: Glaceon|47\/100|[from] item: Leftovers\n|-damage|p1a: Goodra|51\/100 tox|[from] psn\n|upkeep\n|turn|15\n|\n|t:|1700881581\n|switch|p2a: Clefable|Clefable, F|93\/100\n|move|p1a: Goodra|Flamethrower|p2a: Clefable\n|-damage|p2a: Clefable|71\/100\n|\n|-heal|p2a: Clefable|77\/100|[from] item: Leftovers\n|-damage|p1a: Goodra|39\/100 tox|[from] psn\n|upkeep\n|turn|16\n|\n|t:|1700881588\n|switch|p1a: Weavile|Weavile, F|100\/100\n|move|p2a: Clefable|Moonblast|p1a: Weavile\n|-supereffective|p1a: Weavile\n|-damage|p1a: Weavile|6\/100\n|-unboost|p1a: Weavile|spa|1\n|-enditem|p1a: Weavile|Aguav Berry|[eat]\n|-heal|p1a: Weavile|39\/100|[from] item: Aguav Berry\n|\n|-heal|p2a: Clefable|83\/100|[from] item: Leftovers\n|upkeep\n|turn|17\n|\n|t:|1700881611\n|move|p1a: Weavile|Triple Axel|p2a: Clefable\n|-damage|p2a: Clefable|73\/100\n|-hitcount|p2a: Clefable|1\n|move|p2a: Clefable|Moonblast|p1a: Weavile\n|-supereffective|p1a: Weavile\n|-damage|p1a: Weavile|0 fnt\n|faint|p1a: Weavile\n|\n|-heal|p2a: Clefable|79\/100|[from] item: Leftovers\n|upkeep\n|\n|t:|1700881614\n|switch|p1a: Swampert|Swampert, M|100\/100\n|turn|18\n|\n|t:|1700881626\n|detailschange|p1a: Swampert|Swampert-Mega, M\n|-mega|p1a: Swampert|Swampert|Swampertite\n|move|p1a: Swampert|Earthquake|p2a: Clefable\n|-damage|p2a: Clefable|12\/100\n|move|p2a: Clefable|Encore|p1a: Swampert\n|-start|p1a: Swampert|Encore\n|\n|-heal|p2a: Clefable|18\/100|[from] item: Leftovers\n|upkeep\n|turn|19\n|\n|t:|1700881635\n|switch|p2a: Flygon|Flygon, M|5\/100\n|move|p1a: Swampert|Earthquake|p2a: Flygon\n|-immune|p2a: Flygon|[from] ability: Levitate\n|\n|upkeep\n|turn|20\n|\n|t:|1700881643\n|switch|p1a: Goodra|Goodra, F|39\/100 tox\n|move|p2a: Flygon|Outrage|p1a: Goodra\n|-supereffective|p1a: Goodra\n|-damage|p1a: Goodra|0 fnt\n|-ability|p1a: Goodra|Gooey\n|-unboost|p2a: Flygon|spe|1\n|faint|p1a: Goodra\n|\n|upkeep\n|\n|t:|1700881646\n|switch|p1a: Swampert|Swampert-Mega, M|100\/100\n|turn|21\n|\n|t:|1700881653\n|move|p2a: Flygon|Outrage|p1a: Swampert|[from]lockedmove\n|-damage|p1a: Swampert|36\/100\n|-start|p2a: Flygon|confusion|[fatigue]\n|move|p1a: Swampert|Ice Punch|p2a: Flygon\n|-supereffective|p2a: Flygon\n|-damage|p2a: Flygon|0 fnt\n|faint|p2a: Flygon\n|\n|upkeep\n|\n|t:|1700881662\n|switch|p2a: Glaceon|Glaceon, F|47\/100\n|turn|22\n|\n|t:|1700881666\n|move|p1a: Swampert|Rock Slide|p2a: Glaceon\n|-supereffective|p2a: Glaceon\n|-damage|p2a: Glaceon|2\/100\n|move|p2a: Glaceon|Wish|p2a: Glaceon\n|\n|-heal|p2a: Glaceon|8\/100|[from] item: Leftovers\n|upkeep\n|turn|23\n|\n|t:|1700881674\n|move|p2a: Glaceon|Protect|p2a: Glaceon\n|-singleturn|p2a: Glaceon|Protect\n|move|p1a: Swampert|Earthquake|p2a: Glaceon\n|-activate|p2a: Glaceon|move: Protect\n|\n|-heal|p2a: Glaceon|58\/100|[from] move: Wish|[wisher] Glaceon\n|-heal|p2a: Glaceon|64\/100|[from] item: Leftovers\n|upkeep\n|turn|24\n|\n|t:|1700881683\n|move|p1a: Swampert|Rock Slide|p2a: Glaceon\n|-supereffective|p2a: Glaceon\n|-damage|p2a: Glaceon|19\/100\n|move|p2a: Glaceon|Wish|p2a: Glaceon\n|\n|-heal|p2a: Glaceon|25\/100|[from] item: Leftovers\n|upkeep\n|turn|25\n|\n|t:|1700881698\n|move|p2a: Glaceon|Protect|p2a: Glaceon\n|-singleturn|p2a: Glaceon|Protect\n|move|p1a: Swampert|Earthquake|p2a: Glaceon\n|-activate|p2a: Glaceon|move: Protect\n|\n|-heal|p2a: Glaceon|75\/100|[from] move: Wish|[wisher] Glaceon\n|-heal|p2a: Glaceon|81\/100|[from] item: Leftovers\n|upkeep\n|turn|26\n|\n|t:|1700881710\n|move|p1a: Swampert|Rock Slide|p2a: Glaceon\n|-supereffective|p2a: Glaceon\n|-damage|p2a: Glaceon|33\/100\n|move|p2a: Glaceon|Toxic|p1a: Swampert\n|-status|p1a: Swampert|tox\n|\n|-heal|p2a: Glaceon|39\/100|[from] item: Leftovers\n|-damage|p1a: Swampert|30\/100 tox|[from] psn\n|upkeep\n|turn|27\n|\n|t:|1700881720\n|move|p2a: Glaceon|Protect|p2a: Glaceon\n|-singleturn|p2a: Glaceon|Protect\n|move|p1a: Swampert|Earthquake|p2a: Glaceon\n|-activate|p2a: Glaceon|move: Protect\n|\n|-heal|p2a: Glaceon|45\/100|[from] item: Leftovers\n|-damage|p1a: Swampert|17\/100 tox|[from] psn\n|upkeep\n|turn|28\n|\n|t:|1700881730\n|move|p1a: Swampert|Earthquake|p2a: Glaceon\n|-damage|p2a: Glaceon|0 fnt\n|faint|p2a: Glaceon\n|\n|-damage|p1a: Swampert|0 fnt|[from] psn\n|faint|p1a: Swampert\n|\n|win|Xander#8155\n|upkeep\n|raw|NDSNEZ PRO-Snez's rating: 1168 &rarr; <strong>1147<\/strong><br \/>(-21 for losing)\n|raw|Xander#8155's rating: 1223 &rarr; <strong>1244<\/strong><br \/>(+21 for winning)\n","uploadtime":1700881741,"views":20,"p1id":"ndsnezprosnez","p2id":"xander8155","formatid":"gen9nationaldex","rating":1147,"private":0,"password":""}