{"id":"gen9nationaldex-1996371904","p1":"roudiking","p2":"Ruinous Tusk","format":"[Gen 9] National Dex","log":"|html|<div class=\"broadcast-blue\"><strong>[Gen 9] National Dex is currently suspecting Sneasler! For information on how to participate check out the <a href=\"https:\/\/www.smogon.com\/forums\/threads\/sv-national-dex-suspect-8-just-dance.3731534\/\">suspect thread<\/a>.<\/strong><\/div>\n|j|\u2606roudiking\n|j|\u2606Ruinous Tusk\n|t:|1700675713\n|gametype|singles\n|player|p1|roudiking|blue|1315\n|player|p2|Ruinous Tusk|hilbert|1244\n|teamsize|p1|6\n|teamsize|p2|6\n|gen|9\n|tier|[Gen 9] National Dex\n|rated|\n|rule|HP Percentage Mod: HP is shown in percentages\n|rule|Endless Battle Clause: Forcing endless battles is banned\n|rule|OHKO Clause: OHKO moves are banned\n|rule|Evasion Clause: Evasion abilities, items, and moves are banned\n|rule|Evasion Abilities Clause: Evasion abilities are banned\n|rule|Evasion Items Clause: Evasion items are banned\n|rule|Evasion Moves Clause: Evasion moves are banned\n|rule|Species Clause: Limit one of each Pok\u00e9mon\n|rule|Sleep Clause Mod: Limit one foe put to sleep\n|clearpoke\n|poke|p1|Sneasler, F|\n|poke|p1|Scizor, M|\n|poke|p1|Heatran, M|\n|poke|p1|Rillaboom, F|\n|poke|p1|Scyther, F|\n|poke|p1|Ceruledge, M|\n|poke|p2|Tapu Koko|\n|poke|p2|Iron Valiant|\n|poke|p2|Sneasler, M|\n|poke|p2|Charizard, M|\n|poke|p2|Hatterene, F|\n|poke|p2|Victini|\n|teampreview\n|inactive|Battle timer is ON: inactive players will automatically lose when time's up. (requested by Ruinous Tusk)\n|\n|t:|1700675727\n|start\n|switch|p1a: Sneasler|Sneasler, F|100\/100\n|switch|p2a: Charizard|Charizard, M|100\/100\n|turn|1\n|\n|t:|1700675733\n|detailschange|p2a: Charizard|Charizard-Mega-Y, M\n|-mega|p2a: Charizard|Charizard|Charizardite Y\n|-weather|SunnyDay|[from] ability: Drought|[of] p2a: Charizard\n|-terastallize|p1a: Sneasler|Flying\n|move|p1a: Sneasler|Fake Out|p2a: Charizard\n|-enditem|p1a: Sneasler|Normal Gem|[from] gem\n|-damage|p2a: Charizard|74\/100\n|cant|p2a: Charizard|flinch\n|\n|-weather|SunnyDay|[upkeep]\n|upkeep\n|turn|2\n|\n|t:|1700675761\n|move|p1a: Sneasler|Acrobatics|p2a: Charizard\n|-damage|p2a: Charizard|0 fnt\n|faint|p2a: Charizard\n|\n|-weather|SunnyDay|[upkeep]\n|upkeep\n|\n|t:|1700675765\n|switch|p2a: Victini|Victini|100\/100\n|turn|3\n|\n|t:|1700675770\n|move|p1a: Sneasler|Acrobatics|p2a: Victini\n|-damage|p2a: Victini|40\/100\n|move|p2a: Victini|V-create|p1a: Sneasler\n|-damage|p1a: Sneasler|0 fnt\n|-unboost|p2a: Victini|spe|1\n|-unboost|p2a: Victini|def|1\n|-unboost|p2a: Victini|spd|1\n|faint|p1a: Sneasler\n|\n|-weather|SunnyDay|[upkeep]\n|upkeep\n|\n|t:|1700675777\n|switch|p1a: Ceruledge|Ceruledge, M|100\/100\n|turn|4\n|\n|t:|1700675784\n|move|p2a: Victini|V-create|p1a: Ceruledge\n|-start|p1a: Ceruledge|ability: Flash Fire\n|move|p1a: Ceruledge|Bitter Blade|p2a: Victini\n|-resisted|p2a: Victini\n|-damage|p2a: Victini|0 fnt\n|faint|p2a: Victini\n|\n|-weather|SunnyDay|[upkeep]\n|upkeep\n|\n|t:|1700675792\n|switch|p2a: Iron Valiant|Iron Valiant|100\/100\n|turn|5\n|\n|t:|1700675795\n|move|p2a: Iron Valiant|Knock Off|p1a: Ceruledge\n|-supereffective|p1a: Ceruledge\n|-damage|p1a: Ceruledge|0 fnt\n|-enditem|p1a: Ceruledge|Weakness Policy|[from] move: Knock Off|[of] p2a: Iron Valiant\n|faint|p1a: Ceruledge\n|-damage|p2a: Iron Valiant|91\/100|[from] item: Life Orb\n|\n|-weather|none\n|upkeep\n|\n|t:|1700675803\n|switch|p1a: Heatran|Heatran, M|100\/100\n|-item|p1a: Heatran|Air Balloon\n|turn|6\n|\n|t:|1700675807\n|move|p2a: Iron Valiant|Close Combat|p1a: Heatran\n|-supereffective|p1a: Heatran\n|-damage|p1a: Heatran|0 fnt\n|-unboost|p2a: Iron Valiant|def|1\n|-unboost|p2a: Iron Valiant|spd|1\n|-enditem|p1a: Heatran|Air Balloon\n|faint|p1a: Heatran\n|-damage|p2a: Iron Valiant|81\/100|[from] item: Life Orb\n|\n|upkeep\n|\n|t:|1700675811\n|switch|p1a: Rillaboom|Rillaboom, F|100\/100\n|-fieldstart|move: Grassy Terrain|[from] ability: Grassy Surge|[of] p1a: Rillaboom\n|turn|7\n|\n|t:|1700675816\n|-end|p2a: Iron Valiant|Quark Drive|[silent]\n|switch|p2a: Tapu Koko|Tapu Koko|100\/100\n|-fieldstart|move: Electric Terrain|[from] ability: Electric Surge|[of] p2a: Tapu Koko\n|move|p1a: Rillaboom|Fake Out|p2a: Tapu Koko\n|-damage|p2a: Tapu Koko|81\/100\n|\n|upkeep\n|turn|8\n|\n|t:|1700675823\n|move|p2a: Tapu Koko|U-turn|p1a: Rillaboom\n|-supereffective|p1a: Rillaboom\n|-damage|p1a: Rillaboom|64\/100\n|\n|t:|1700675827\n|switch|p2a: Hatterene|Hatterene, F|100\/100|[from] U-turn\n|move|p1a: Rillaboom|Knock Off|p2a: Hatterene\n|-damage|p2a: Hatterene|71\/100\n|-enditem|p2a: Hatterene|Eject Button|[from] move: Knock Off|[of] p1a: Rillaboom\n|\n|upkeep\n|turn|9\n|\n|t:|1700675837\n|switch|p1a: Scizor|Scizor, M|100\/100\n|move|p2a: Hatterene|Nuzzle|p1a: Scizor\n|-damage|p1a: Scizor|94\/100\n|-status|p1a: Scizor|par\n|\n|upkeep\n|turn|10\n|\n|t:|1700675848\n|switch|p2a: Tapu Koko|Tapu Koko|81\/100\n|detailschange|p1a: Scizor|Scizor-Mega, M\n|-mega|p1a: Scizor|Scizor|Scizorite\n|move|p1a: Scizor|Bullet Punch|p2a: Tapu Koko\n|-damage|p2a: Tapu Koko|29\/100\n|\n|upkeep\n|turn|11\n|\n|t:|1700675856\n|move|p1a: Scizor|Bullet Punch|p2a: Tapu Koko\n|-damage|p2a: Tapu Koko|0 fnt\n|faint|p2a: Tapu Koko\n|\n|upkeep\n|\n|t:|1700675863\n|switch|p2a: Sneasler|Sneasler, M|100\/100\n|-enditem|p2a: Sneasler|Electric Seed\n|-boost|p2a: Sneasler|def|1|[from] item: Electric Seed\n|turn|12\n|\n|t:|1700675866\n|move|p1a: Scizor|Bullet Punch|p2a: Sneasler\n|-damage|p2a: Sneasler|61\/100\n|move|p2a: Sneasler|Swords Dance|p2a: Sneasler\n|-boost|p2a: Sneasler|atk|2\n|\n|upkeep\n|turn|13\n|\n|t:|1700675870\n|move|p1a: Scizor|Bullet Punch|p2a: Sneasler\n|-damage|p2a: Sneasler|21\/100\n|move|p2a: Sneasler|Close Combat|p1a: Scizor\n|-damage|p1a: Scizor|0 fnt\n|-unboost|p2a: Sneasler|def|1\n|-unboost|p2a: Sneasler|spd|1\n|faint|p1a: Scizor\n|\n|upkeep\n|\n|t:|1700675875\n|switch|p1a: Rillaboom|Rillaboom, F|64\/100\n|-fieldstart|move: Grassy Terrain|[from] ability: Grassy Surge|[of] p1a: Rillaboom\n|turn|14\n|\n|t:|1700675879\n|move|p1a: Rillaboom|Grassy Glide|p2a: Sneasler\n|-resisted|p2a: Sneasler\n|-damage|p2a: Sneasler|0 fnt\n|faint|p2a: Sneasler\n|\n|-heal|p1a: Rillaboom|70\/100|[from] Grassy Terrain\n|upkeep\n|\n|t:|1700675890\n|switch|p2a: Hatterene|Hatterene, F|71\/100\n|turn|15\n|\n|t:|1700675898\n|move|p1a: Rillaboom|Grassy Glide|p2a: Hatterene\n|-damage|p2a: Hatterene|42\/100\n|move|p2a: Hatterene|Draining Kiss|p1a: Rillaboom\n|-damage|p1a: Rillaboom|38\/100\n|-heal|p2a: Hatterene|67\/100|[from] drain|[of] p1a: Rillaboom\n|\n|-heal|p1a: Rillaboom|44\/100|[from] Grassy Terrain\n|-heal|p2a: Hatterene|73\/100|[from] Grassy Terrain\n|upkeep\n|turn|16\n|\n|t:|1700675904\n|move|p1a: Rillaboom|Grassy Glide|p2a: Hatterene\n|-damage|p2a: Hatterene|41\/100\n|move|p2a: Hatterene|Draining Kiss|p1a: Rillaboom\n|-damage|p1a: Rillaboom|15\/100\n|-heal|p2a: Hatterene|64\/100|[from] drain|[of] p1a: Rillaboom\n|\n|-heal|p1a: Rillaboom|22\/100|[from] Grassy Terrain\n|-heal|p2a: Hatterene|70\/100|[from] Grassy Terrain\n|upkeep\n|turn|17\n|\n|t:|1700675909\n|move|p1a: Rillaboom|Grassy Glide|p2a: Hatterene\n|-damage|p2a: Hatterene|39\/100\n|move|p2a: Hatterene|Draining Kiss|p1a: Rillaboom\n|-damage|p1a: Rillaboom|0 fnt\n|-heal|p2a: Hatterene|56\/100|[from] drain|[of] p1a: Rillaboom\n|faint|p1a: Rillaboom\n|\n|-heal|p2a: Hatterene|62\/100|[from] Grassy Terrain\n|upkeep\n|\n|t:|1700675914\n|switch|p1a: Scyther|Scyther, F|100\/100\n|turn|18\n|\n|t:|1700675918\n|move|p1a: Scyther|Swords Dance|p1a: Scyther\n|-boost|p1a: Scyther|atk|2\n|move|p2a: Hatterene|Nuzzle|p1a: Scyther\n|-supereffective|p1a: Scyther\n|-damage|p1a: Scyther|93\/100\n|-status|p1a: Scyther|par\n|\n|-heal|p2a: Hatterene|68\/100|[from] Grassy Terrain\n|-fieldend|move: Grassy Terrain\n|upkeep\n|turn|19\n|\n|t:|1700675922\n|move|p1a: Scyther|Swords Dance|p1a: Scyther\n|-boost|p1a: Scyther|atk|2\n|move|p2a: Hatterene|Psyshock|p1a: Scyther\n|-damage|p1a: Scyther|57\/100 par\n|\n|upkeep\n|turn|20\n|\n|t:|1700675925\n|move|p1a: Scyther|Quick Attack|p2a: Hatterene\n|-damage|p2a: Hatterene|22\/100\n|move|p2a: Hatterene|Psyshock|p1a: Scyther\n|-damage|p1a: Scyther|21\/100 par\n|\n|upkeep\n|turn|21\n|\n|t:|1700675930\n|move|p1a: Scyther|Quick Attack|p2a: Hatterene\n|-damage|p2a: Hatterene|0 fnt\n|faint|p2a: Hatterene\n|\n|upkeep\n|\n|t:|1700675932\n|switch|p2a: Iron Valiant|Iron Valiant|81\/100\n|turn|22\n|\n|t:|1700675934\n|move|p1a: Scyther|Quick Attack|p2a: Iron Valiant\n|-damage|p2a: Iron Valiant|7\/100\n|move|p2a: Iron Valiant|Thunderbolt|p1a: Scyther\n|-supereffective|p1a: Scyther\n|-damage|p1a: Scyther|0 fnt\n|faint|p1a: Scyther\n|-damage|p2a: Iron Valiant|0 fnt|[from] item: Life Orb\n|faint|p2a: Iron Valiant\n|-end|p2a: Iron Valiant|Quark Drive|[silent]\n|\n|win|Ruinous Tusk\n|raw|roudiking's rating: 1315 &rarr; <strong>1291<\/strong><br \/>(-24 for losing)\n|raw|Ruinous Tusk's rating: 1244 &rarr; <strong>1274<\/strong><br \/>(+30 for winning)\n","uploadtime":1700675938,"views":1,"p1id":"roudiking","p2id":"ruinoustusk","formatid":"gen9nationaldex","rating":1274,"private":0,"password":""}