{"id":"gen9nationaldex-2000676289","p1":"Prtbl_Trash","p2":"EscanorGD","format":"[Gen 9] National Dex","log":"|html|<div class=\"broadcast-blue\"><strong>[Gen 9] National Dex is currently suspecting Sneasler! For information on how to participate check out the <a href=\"https:\/\/www.smogon.com\/forums\/threads\/sv-national-dex-suspect-8-just-dance.3731534\/\">suspect thread<\/a>.<\/strong><\/div>\n|j|\u2606Prtbl_Trash\n|j|\u2606EscanorGD\n|t:|1701217572\n|gametype|singles\n|player|p1|Prtbl_Trash|steven|\n|player|p2|EscanorGD|shadowtriad|\n|teamsize|p1|6\n|teamsize|p2|6\n|gen|9\n|tier|[Gen 9] National Dex\n|rule|HP Percentage Mod: HP is shown in percentages\n|rule|Endless Battle Clause: Forcing endless battles is banned\n|rule|OHKO Clause: OHKO moves are banned\n|rule|Evasion Clause: Evasion abilities, items, and moves are banned\n|rule|Evasion Abilities Clause: Evasion abilities are banned\n|rule|Evasion Items Clause: Evasion items are banned\n|rule|Evasion Moves Clause: Evasion moves are banned\n|rule|Species Clause: Limit one of each Pok\u00e9mon\n|rule|Sleep Clause Mod: Limit one foe put to sleep\n|clearpoke\n|poke|p1|Weavile, M|\n|poke|p1|Rotom-Wash|\n|poke|p1|Corviknight, F|\n|poke|p1|Clefable, F|\n|poke|p1|Garchomp, F|\n|poke|p1|Skeledirge, M|\n|poke|p2|Cresselia, F|\n|poke|p2|Tyranitar, F|\n|poke|p2|Moltres|\n|poke|p2|Tapu Koko|\n|poke|p2|Iron Valiant|\n|poke|p2|Landorus-Therian, M|\n|teampreview\n|inactive|Battle timer is ON: inactive players will automatically lose when time's up. (requested by Prtbl_Trash)\n|c|\u2606Prtbl_Trash|Good luck shlawg\n|\n|t:|1701217591\n|start\n|switch|p1a: Garchomp|Garchomp, F|100\/100\n|switch|p2a: Landorus|Landorus-Therian, M|100\/100\n|-ability|p2a: Landorus|Intimidate|boost\n|-unboost|p1a: Garchomp|atk|1\n|turn|1\n|\n|t:|1701217595\n|move|p1a: Garchomp|Stealth Rock|p2a: Landorus\n|-sidestart|p2: EscanorGD|move: Stealth Rock\n|move|p2a: Landorus|Stealth Rock|p1a: Garchomp\n|-sidestart|p1: Prtbl_Trash|move: Stealth Rock\n|\n|upkeep\n|turn|2\n|\n|t:|1701217601\n|move|p1a: Garchomp|Swords Dance|p1a: Garchomp\n|-boost|p1a: Garchomp|atk|2\n|move|p2a: Landorus|U-turn|p1a: Garchomp\n|-damage|p1a: Garchomp|76\/100\n|-damage|p2a: Landorus|88\/100|[from] ability: Rough Skin|[of] p1a: Garchomp\n|\n|t:|1701217614\n|switch|p2a: Iron Valiant|Iron Valiant|100\/100|[from] U-turn\n|-damage|p2a: Iron Valiant|94\/100|[from] Stealth Rock\n|\n|upkeep\n|turn|3\n|\n|t:|1701217619\n|move|p2a: Iron Valiant|Moonblast|p1a: Garchomp\n|-supereffective|p1a: Garchomp\n|-damage|p1a: Garchomp|0 fnt\n|faint|p1a: Garchomp\n|-damage|p2a: Iron Valiant|84\/100|[from] item: Life Orb\n|\n|upkeep\n|\n|t:|1701217625\n|switch|p1a: Rotom|Rotom-Wash|100\/100\n|-damage|p1a: Rotom|88\/100|[from] Stealth Rock\n|turn|4\n|\n|t:|1701217632\n|-end|p2a: Iron Valiant|Quark Drive|[silent]\n|switch|p2a: Tapu Koko|Tapu Koko|100\/100\n|-damage|p2a: Tapu Koko|88\/100|[from] Stealth Rock\n|-fieldstart|move: Electric Terrain|[from] ability: Electric Surge|[of] p2a: Tapu Koko\n|move|p1a: Rotom|Will-O-Wisp|p2a: Tapu Koko|[miss]\n|-miss|p1a: Rotom|p2a: Tapu Koko\n|\n|-heal|p1a: Rotom|94\/100|[from] item: Leftovers\n|upkeep\n|turn|5\n|\n|t:|1701217645\n|move|p1a: Rotom|Protect|p1a: Rotom\n|-singleturn|p1a: Rotom|Protect\n|move|p2a: Tapu Koko|Light Screen|p2a: Tapu Koko\n|-sidestart|p2: EscanorGD|move: Light Screen\n|\n|-heal|p1a: Rotom|100\/100|[from] item: Leftovers\n|upkeep\n|turn|6\n|c|\u2606EscanorGD|Late gl\n|c|\u2606EscanorGD|lmao\n|\n|t:|1701217661\n|move|p2a: Tapu Koko|Thunderbolt|p1a: Rotom\n|-damage|p1a: Rotom|73\/100\n|move|p1a: Rotom|Volt Switch|p2a: Tapu Koko\n|-resisted|p2a: Tapu Koko\n|-damage|p2a: Tapu Koko|80\/100\n|\n|t:|1701217667\n|switch|p1a: Skeledirge|Skeledirge, M|100\/100|[from] Volt Switch\n|\n|upkeep\n|turn|7\n|\n|t:|1701217673\n|move|p2a: Tapu Koko|U-turn|p1a: Skeledirge\n|-resisted|p1a: Skeledirge\n|-damage|p1a: Skeledirge|98\/100\n|\n|t:|1701217686\n|switch|p2a: Tyranitar|Tyranitar, F|100\/100|[from] U-turn\n|-damage|p2a: Tyranitar|88\/100|[from] Stealth Rock\n|-weather|Sandstorm|[from] ability: Sand Stream|[of] p2a: Tyranitar\n|move|p1a: Skeledirge|Torch Song|p2a: Tyranitar\n|-resisted|p2a: Tyranitar\n|-damage|p2a: Tyranitar|84\/100\n|-boost|p1a: Skeledirge|spa|1\n|\n|-weather|Sandstorm|[upkeep]\n|-damage|p1a: Skeledirge|92\/100|[from] Sandstorm\n|upkeep\n|turn|8\n|\n|t:|1701217698\n|detailschange|p2a: Tyranitar|Tyranitar-Mega, F\n|-mega|p2a: Tyranitar|Tyranitar|Tyranitarite\n|move|p2a: Tyranitar|Knock Off|p1a: Skeledirge\n|-supereffective|p1a: Skeledirge\n|-damage|p1a: Skeledirge|16\/100\n|-enditem|p1a: Skeledirge|Heavy-Duty Boots|[from] move: Knock Off|[of] p2a: Tyranitar\n|move|p1a: Skeledirge|Will-O-Wisp|p2a: Tyranitar\n|-status|p2a: Tyranitar|brn\n|\n|-weather|Sandstorm|[upkeep]\n|-damage|p1a: Skeledirge|10\/100|[from] Sandstorm\n|-damage|p2a: Tyranitar|78\/100 brn|[from] brn\n|-fieldend|move: Electric Terrain\n|upkeep\n|turn|9\n|\n|t:|1701217706\n|-activate|p1a: Skeledirge|move: Pursuit\n|move|p2a: Tyranitar|Pursuit|p1a: Skeledirge|[from]Pursuit\n|-supereffective|p1a: Skeledirge\n|-damage|p1a: Skeledirge|0 fnt\n|faint|p1a: Skeledirge\n|-hint|A Pokemon can't switch between when it runs out of HP and when it faints\n|\n|-weather|Sandstorm|[upkeep]\n|-damage|p2a: Tyranitar|71\/100 brn|[from] brn\n|upkeep\n|\n|t:|1701217709\n|switch|p1a: Corviknight|Corviknight, F|100\/100\n|-damage|p1a: Corviknight|88\/100|[from] Stealth Rock\n|-ability|p1a: Corviknight|Pressure\n|turn|10\n|\n|t:|1701217717\n|move|p2a: Tyranitar|Knock Off|p1a: Corviknight\n|-damage|p1a: Corviknight|70\/100\n|-damage|p2a: Tyranitar|55\/100 brn|[from] item: Rocky Helmet|[of] p1a: Corviknight\n|-enditem|p1a: Corviknight|Rocky Helmet|[from] move: Knock Off|[of] p2a: Tyranitar\n|move|p1a: Corviknight|Defog|p2a: Tyranitar\n|-unboost|p2a: Tyranitar|evasion|1\n|-sideend|p2: EscanorGD|move: Light Screen\n|-sideend|p2: EscanorGD|Stealth Rock|[from] move: Defog|[of] p1a: Corviknight\n|-sideend|p1: Prtbl_Trash|Stealth Rock|[from] move: Defog|[of] p1a: Corviknight\n|\n|-weather|Sandstorm|[upkeep]\n|-damage|p2a: Tyranitar|49\/100 brn|[from] brn\n|upkeep\n|turn|11\n|\n|t:|1701217728\n|switch|p2a: Tapu Koko|Tapu Koko|80\/100\n|-fieldstart|move: Electric Terrain|[from] ability: Electric Surge|[of] p2a: Tapu Koko\n|move|p1a: Corviknight|U-turn|p2a: Tapu Koko\n|-resisted|p2a: Tapu Koko\n|-damage|p2a: Tapu Koko|72\/100\n|\n|t:|1701217736\n|switch|p1a: Clefable|Clefable, F|100\/100|[from] U-turn\n|\n|-weather|none\n|upkeep\n|turn|12\n|\n|t:|1701217743\n|move|p2a: Tapu Koko|Light Screen|p2a: Tapu Koko\n|-sidestart|p2: EscanorGD|move: Light Screen\n|move|p1a: Clefable|Knock Off|p2a: Tapu Koko\n|-resisted|p2a: Tapu Koko\n|-damage|p2a: Tapu Koko|63\/100\n|-enditem|p2a: Tapu Koko|Light Clay|[from] move: Knock Off|[of] p1a: Clefable\n|\n|upkeep\n|turn|13\n|\n|t:|1701217752\n|move|p2a: Tapu Koko|Reflect|p2a: Tapu Koko\n|-sidestart|p2: EscanorGD|Reflect\n|move|p1a: Clefable|Moonblast|p2a: Tapu Koko\n|-crit|p2a: Tapu Koko\n|-damage|p2a: Tapu Koko|0 fnt\n|faint|p2a: Tapu Koko\n|\n|upkeep\n|\n|t:|1701217760\n|switch|p2a: Cresselia|Cresselia, F|100\/100\n|-enditem|p2a: Cresselia|Electric Seed\n|-boost|p2a: Cresselia|def|1|[from] item: Electric Seed\n|turn|14\n|\n|t:|1701217771\n|-terastallize|p2a: Cresselia|Poison\n|move|p2a: Cresselia|Calm Mind|p2a: Cresselia\n|-boost|p2a: Cresselia|spa|1\n|-boost|p2a: Cresselia|spd|1\n|move|p1a: Clefable|Thunder Wave|p2a: Cresselia\n|-status|p2a: Cresselia|par\n|\n|upkeep\n|turn|15\n|\n|t:|1701217780\n|switch|p1a: Weavile|Weavile, M|100\/100\n|-ability|p1a: Weavile|Pressure\n|cant|p2a: Cresselia|par\n|\n|-fieldend|move: Electric Terrain\n|upkeep\n|turn|16\n|\n|t:|1701217785\n|-terastallize|p1a: Weavile|Ice\n|move|p1a: Weavile|Triple Axel|p2a: Cresselia\n|-damage|p2a: Cresselia|96\/100 par\n|-damage|p2a: Cresselia|88\/100 par\n|-damage|p2a: Cresselia|77\/100 par\n|-hitcount|p2a: Cresselia|3\n|move|p2a: Cresselia|Moonblast|p1a: Weavile\n|-damage|p1a: Weavile|67\/100\n|\n|upkeep\n|turn|17\n|\n|t:|1701217799\n|move|p1a: Weavile|Triple Axel|p2a: Cresselia\n|-damage|p2a: Cresselia|73\/100 par\n|-damage|p2a: Cresselia|65\/100 par\n|-damage|p2a: Cresselia|52\/100 par\n|-hitcount|p2a: Cresselia|3\n|move|p2a: Cresselia|Moonlight|p2a: Cresselia\n|-heal|p2a: Cresselia|100\/100 par\n|\n|-sideend|p2: EscanorGD|Reflect\n|upkeep\n|turn|18\n|\n|t:|1701217812\n|move|p1a: Weavile|Triple Axel|p2a: Cresselia\n|-damage|p2a: Cresselia|92\/100 par\n|-damage|p2a: Cresselia|75\/100 par\n|-hitcount|p2a: Cresselia|2\n|cant|p2a: Cresselia|par\n|\n|upkeep\n|turn|19\n|\n|t:|1701217818\n|move|p1a: Weavile|Triple Axel|p2a: Cresselia\n|-damage|p2a: Cresselia|66\/100 par\n|-hitcount|p2a: Cresselia|1\n|cant|p2a: Cresselia|par\n|\n|-sideend|p2: EscanorGD|move: Light Screen\n|upkeep\n|turn|20\n|\n|t:|1701217823\n|move|p1a: Weavile|Triple Axel|p2a: Cresselia\n|-damage|p2a: Cresselia|57\/100 par\n|-damage|p2a: Cresselia|43\/100 par\n|-damage|p2a: Cresselia|20\/100 par\n|-hitcount|p2a: Cresselia|3\n|move|p2a: Cresselia|Stored Power|p1a: Weavile\n|-damage|p1a: Weavile|23\/100\n|\n|upkeep\n|turn|21\n|\n|t:|1701217832\n|move|p1a: Weavile|Triple Axel|p2a: Cresselia\n|-damage|p2a: Cresselia|11\/100 par\n|-damage|p2a: Cresselia|0 fnt\n|faint|p2a: Cresselia\n|-hitcount|p2: Cresselia|2\n|\n|upkeep\n|\n|t:|1701217844\n|switch|p2a: Iron Valiant|Iron Valiant|84\/100\n|turn|22\n|\n|t:|1701217849\n|switch|p1a: Clefable|Clefable, F|100\/100\n|move|p2a: Iron Valiant|Aura Sphere|p1a: Clefable\n|-resisted|p1a: Clefable\n|-damage|p1a: Clefable|81\/100\n|-damage|p2a: Iron Valiant|74\/100|[from] item: Life Orb\n|\n|-heal|p1a: Clefable|87\/100|[from] item: Leftovers\n|upkeep\n|turn|23\n|\n|t:|1701217861\n|-end|p2a: Iron Valiant|Quark Drive|[silent]\n|switch|p2a: Moltres|Moltres|100\/100\n|move|p1a: Clefable|Moonblast|p2a: Moltres\n|-resisted|p2a: Moltres\n|-damage|p2a: Moltres|86\/100\n|\n|-heal|p1a: Clefable|93\/100|[from] item: Leftovers\n|upkeep\n|turn|24\n|\n|t:|1701217866\n|move|p2a: Moltres|Toxic|p1a: Clefable\n|-status|p1a: Clefable|tox\n|move|p1a: Clefable|Thunder Wave|p2a: Moltres\n|-status|p2a: Moltres|par\n|\n|-heal|p1a: Clefable|99\/100 tox|[from] item: Leftovers\n|upkeep\n|turn|25\n|\n|t:|1701217873\n|move|p1a: Clefable|Knock Off|p2a: Moltres\n|-damage|p2a: Moltres|74\/100 par\n|-enditem|p2a: Moltres|Heavy-Duty Boots|[from] move: Knock Off|[of] p1a: Clefable\n|move|p2a: Moltres|U-turn|p1a: Clefable\n|-resisted|p1a: Clefable\n|-damage|p1a: Clefable|93\/100 tox\n|\n|t:|1701217880\n|switch|p2a: Iron Valiant|Iron Valiant|74\/100|[from] U-turn\n|\n|-heal|p1a: Clefable|99\/100 tox|[from] item: Leftovers\n|upkeep\n|turn|26\n|\n|t:|1701217890\n|move|p2a: Iron Valiant|Moonblast|p1a: Clefable\n|-damage|p1a: Clefable|51\/100 tox\n|-unboost|p1a: Clefable|spa|1\n|-damage|p2a: Iron Valiant|64\/100|[from] item: Life Orb\n|move|p1a: Clefable|Thunder Wave|p2a: Iron Valiant\n|-status|p2a: Iron Valiant|par\n|\n|-heal|p1a: Clefable|57\/100 tox|[from] item: Leftovers\n|upkeep\n|turn|27\n|\n|t:|1701217898\n|move|p2a: Iron Valiant|Moonblast|p1a: Clefable\n|-crit|p1a: Clefable\n|-damage|p1a: Clefable|0 fnt\n|faint|p1a: Clefable\n|-damage|p2a: Iron Valiant|54\/100 par|[from] item: Life Orb\n|\n|upkeep\n|\n|t:|1701217903\n|switch|p1a: Rotom|Rotom-Wash|73\/100\n|turn|28\n|\n|t:|1701217917\n|-end|p2a: Iron Valiant|Quark Drive|[silent]\n|switch|p2a: Landorus|Landorus-Therian, M|88\/100\n|-ability|p2a: Landorus|Intimidate|boost\n|-unboost|p1a: Rotom|atk|1\n|move|p1a: Rotom|Volt Switch|p2a: Landorus\n|-immune|p2a: Landorus\n|\n|-heal|p1a: Rotom|79\/100|[from] item: Leftovers\n|upkeep\n|turn|29\n|\n|t:|1701217924\n|move|p2a: Landorus|Stealth Rock|p1a: Rotom\n|-sidestart|p1: Prtbl_Trash|move: Stealth Rock\n|move|p1a: Rotom|Hydro Pump|p2a: Landorus|[miss]\n|-miss|p1a: Rotom|p2a: Landorus\n|\n|-heal|p1a: Rotom|85\/100|[from] item: Leftovers\n|upkeep\n|turn|30\n|\n|t:|1701217932\n|move|p1a: Rotom|Protect|p1a: Rotom\n|-singleturn|p1a: Rotom|Protect\n|move|p2a: Landorus|U-turn|p1a: Rotom\n|-activate|p1a: Rotom|move: Protect\n|\n|-heal|p1a: Rotom|91\/100|[from] item: Leftovers\n|upkeep\n|turn|31\n|\n|t:|1701217938\n|move|p2a: Landorus|U-turn|p1a: Rotom\n|-damage|p1a: Rotom|66\/100\n|\n|t:|1701217948\n|switch|p2a: Tyranitar|Tyranitar-Mega, F|49\/100 brn|[from] U-turn\n|-weather|Sandstorm|[from] ability: Sand Stream|[of] p2a: Tyranitar\n|move|p1a: Rotom|Hydro Pump|p2a: Tyranitar\n|-supereffective|p2a: Tyranitar\n|-damage|p2a: Tyranitar|4\/100 brn\n|\n|-weather|Sandstorm|[upkeep]\n|-damage|p1a: Rotom|60\/100|[from] Sandstorm\n|-heal|p1a: Rotom|66\/100|[from] item: Leftovers\n|-damage|p2a: Tyranitar|0 fnt|[from] brn\n|faint|p2a: Tyranitar\n|upkeep\n|\n|t:|1701217956\n|switch|p2a: Moltres|Moltres|74\/100 par\n|turn|32\n|\n|t:|1701217965\n|move|p1a: Rotom|Hydro Pump|p2a: Moltres|[miss]\n|-miss|p1a: Rotom|p2a: Moltres\n|move|p2a: Moltres|Toxic|p1a: Rotom\n|-status|p1a: Rotom|tox\n|\n|-weather|Sandstorm|[upkeep]\n|-damage|p1a: Rotom|60\/100 tox|[from] Sandstorm\n|-damage|p2a: Moltres|67\/100 par|[from] Sandstorm\n|-heal|p1a: Rotom|66\/100 tox|[from] item: Leftovers\n|-damage|p1a: Rotom|60\/100 tox|[from] psn\n|upkeep\n|turn|33\n|\n|t:|1701217973\n|move|p1a: Rotom|Hydro Pump|p2a: Moltres\n|-supereffective|p2a: Moltres\n|-damage|p2a: Moltres|0 fnt\n|faint|p2a: Moltres\n|\n|-weather|Sandstorm|[upkeep]\n|-damage|p1a: Rotom|53\/100 tox|[from] Sandstorm\n|-heal|p1a: Rotom|60\/100 tox|[from] item: Leftovers\n|-damage|p1a: Rotom|47\/100 tox|[from] psn\n|upkeep\n|\n|t:|1701217980\n|switch|p2a: Iron Valiant|Iron Valiant|54\/100 par\n|turn|34\n|\n|t:|1701217985\n|move|p1a: Rotom|Volt Switch|p2a: Iron Valiant\n|-damage|p2a: Iron Valiant|11\/100 par\n|\n|t:|1701217988\n|switch|p1a: Corviknight|Corviknight, F|70\/100|[from] Volt Switch\n|-damage|p1a: Corviknight|58\/100|[from] Stealth Rock\n|-ability|p1a: Corviknight|Pressure\n|move|p2a: Iron Valiant|Moonblast|p1a: Corviknight\n|-resisted|p1a: Corviknight\n|-damage|p1a: Corviknight|29\/100\n|-damage|p2a: Iron Valiant|1\/100 par|[from] item: Life Orb\n|\n|-weather|Sandstorm|[upkeep]\n|-damage|p2a: Iron Valiant|0 fnt|[from] Sandstorm\n|faint|p2a: Iron Valiant\n|-end|p2a: Iron Valiant|Quark Drive|[silent]\n|upkeep\n|\n|t:|1701217992\n|switch|p2a: Landorus|Landorus-Therian, M|88\/100\n|-ability|p2a: Landorus|Intimidate|boost\n|-unboost|p1a: Corviknight|atk|1\n|turn|35\n|c|\u2606EscanorGD|Ggs\n|\n|t:|1701218002\n|move|p2a: Landorus|Defog|p1a: Corviknight\n|-unboost|p1a: Corviknight|evasion|1\n|-sideend|p1: Prtbl_Trash|Stealth Rock|[from] move: Defog|[of] p2a: Landorus\n|move|p1a: Corviknight|Roost|p1a: Corviknight\n|-heal|p1a: Corviknight|79\/100\n|-singleturn|p1a: Corviknight|move: Roost\n|\n|-weather|none\n|upkeep\n|turn|36\n|\n|t:|1701218012\n|move|p2a: Landorus|U-turn|p1a: Corviknight\n|-resisted|p1a: Corviknight\n|-damage|p1a: Corviknight|76\/100\n|move|p1a: Corviknight|Brave Bird|p2a: Landorus\n|-damage|p2a: Landorus|64\/100\n|-damage|p1a: Corviknight|59\/100|[from] item: Rocky Helmet|[of] p2a: Landorus\n|-damage|p1a: Corviknight|53\/100|[from] Recoil\n|\n|upkeep\n|turn|37\n|c|\u2606Prtbl_Trash|Gg\n|\n|t:|1701218022\n|move|p2a: Landorus|Stealth Rock|p1a: Corviknight\n|-sidestart|p1: Prtbl_Trash|move: Stealth Rock\n|move|p1a: Corviknight|Brave Bird|p2a: Landorus\n|-damage|p2a: Landorus|43\/100\n|-damage|p1a: Corviknight|37\/100|[from] item: Rocky Helmet|[of] p2a: Landorus\n|-damage|p1a: Corviknight|31\/100|[from] Recoil\n|\n|upkeep\n|turn|38\n|\n|t:|1701218028\n|move|p2a: Landorus|Earthquake|p1a: Corviknight\n|-immune|p1a: Corviknight\n|move|p1a: Corviknight|Roost|p1a: Corviknight\n|-heal|p1a: Corviknight|81\/100\n|-singleturn|p1a: Corviknight|move: Roost\n|\n|upkeep\n|turn|39\n|\n|t:|1701218037\n|move|p2a: Landorus|Earthquake|p1a: Corviknight\n|-immune|p1a: Corviknight\n|move|p1a: Corviknight|Defog|p2a: Landorus\n|-unboost|p2a: Landorus|evasion|1\n|-sideend|p1: Prtbl_Trash|Stealth Rock|[from] move: Defog|[of] p1a: Corviknight\n|\n|upkeep\n|turn|40\n|\n|t:|1701218046\n|move|p2a: Landorus|Earthquake|p1a: Corviknight\n|-immune|p1a: Corviknight\n|move|p1a: Corviknight|Brave Bird|p2a: Landorus\n|-damage|p2a: Landorus|20\/100\n|-damage|p1a: Corviknight|65\/100|[from] item: Rocky Helmet|[of] p2a: Landorus\n|-damage|p1a: Corviknight|58\/100|[from] Recoil\n|\n|upkeep\n|turn|41\n|\n|t:|1701218076\n|move|p2a: Landorus|U-turn|p1a: Corviknight\n|-resisted|p1a: Corviknight\n|-damage|p1a: Corviknight|55\/100\n|move|p1a: Corviknight|Brave Bird|p2a: Landorus\n|-damage|p2a: Landorus|0 fnt\n|-damage|p1a: Corviknight|38\/100|[from] item: Rocky Helmet|[of] p2a: Landorus\n|faint|p2a: Landorus\n|-damage|p1a: Corviknight|33\/100|[from] Recoil\n|\n|win|Prtbl_Trash\n|l|\u2606EscanorGD\n","uploadtime":1701218086,"views":2,"p1id":"prtbltrash","p2id":"escanorgd","formatid":"gen9nationaldex","rating":0,"private":0,"password":""}