{"id":"gen9nationaldex-1989701072","p1":"Nitchii","p2":"ikasof","format":"[Gen 9] National Dex","log":"|j|\u2606Nitchii\n|j|\u2606ikasof\n|t:|1699888201\n|gametype|singles\n|player|p1|Nitchii|n|1103\n|player|p2|ikasof|roxie|1040\n|teamsize|p1|6\n|teamsize|p2|6\n|gen|9\n|tier|[Gen 9] National Dex\n|rated|\n|rule|HP Percentage Mod: HP is shown in percentages\n|rule|Endless Battle Clause: Forcing endless battles is banned\n|rule|OHKO Clause: OHKO moves are banned\n|rule|Evasion Clause: Evasion abilities, items, and moves are banned\n|rule|Evasion Abilities Clause: Evasion abilities are banned\n|rule|Evasion Items Clause: Evasion items are banned\n|rule|Evasion Moves Clause: Evasion moves are banned\n|rule|Species Clause: Limit one of each Pok\u00e9mon\n|rule|Sleep Clause Mod: Limit one foe put to sleep\n|clearpoke\n|poke|p1|Garganacl, M|\n|poke|p1|Espeon, F|\n|poke|p1|Cinderace, F|\n|poke|p1|Xurkitree|\n|poke|p1|Celesteela|\n|poke|p1|Sceptile, M|\n|poke|p2|Torkoal, F|\n|poke|p2|Ferrothorn, F|\n|poke|p2|Rillaboom, F|\n|poke|p2|Garchomp, F|\n|poke|p2|Iron Valiant|\n|poke|p2|Heracross, M|\n|teampreview\n|inactive|Battle timer is ON: inactive players will automatically lose when time's up. (requested by Nitchii)\n|\n|t:|1699888213\n|start\n|switch|p1a: Garganacl|Garganacl, M|100\/100\n|switch|p2a: Garchomp|Garchomp, F|100\/100\n|turn|1\n|\n|t:|1699888220\n|move|p2a: Garchomp|Earthquake|p1a: Garganacl\n|-supereffective|p1a: Garganacl\n|-damage|p1a: Garganacl|4\/100\n|move|p1a: Garganacl|Salt Cure|p2a: Garchomp\n|-resisted|p2a: Garchomp\n|-damage|p2a: Garchomp|90\/100\n|-start|p2a: Garchomp|Salt Cure\n|\n|-heal|p1a: Garganacl|10\/100|[from] item: Leftovers\n|-damage|p2a: Garchomp|78\/100|[from] Salt Cure\n|upkeep\n|turn|2\n|\n|t:|1699888231\n|switch|p1a: Celesteela|Celesteela|100\/100\n|move|p2a: Garchomp|Earthquake|p1a: Celesteela\n|-immune|p1a: Celesteela\n|\n|-damage|p2a: Garchomp|66\/100|[from] Salt Cure\n|upkeep\n|turn|3\n|\n|t:|1699888242\n|switch|p2a: Iron Valiant|Iron Valiant|100\/100\n|switch|p1a: Sceptile|Sceptile, M|100\/100\n|\n|upkeep\n|turn|4\n|\n|t:|1699888252\n|detailschange|p1a: Sceptile|Sceptile-Mega, M\n|-mega|p1a: Sceptile|Sceptile|Sceptilite\n|move|p1a: Sceptile|Leaf Blade|p2a: Iron Valiant\n|-damage|p2a: Iron Valiant|45\/100\n|move|p2a: Iron Valiant|Moonblast|p1a: Sceptile\n|-supereffective|p1a: Sceptile\n|-damage|p1a: Sceptile|0 fnt\n|faint|p1a: Sceptile\n|-damage|p2a: Iron Valiant|36\/100|[from] item: Life Orb\n|\n|upkeep\n|\n|t:|1699888266\n|switch|p1a: Xurkitree|Xurkitree|100\/100\n|turn|5\n|\n|t:|1699888278\n|-end|p2a: Iron Valiant|Quark Drive|[silent]\n|switch|p2a: Garchomp|Garchomp, F|66\/100\n|-zpower|p1a: Xurkitree\n|move|p1a: Xurkitree|Z-Hypnosis|p2a: Garchomp|[anim]Hypnosis|[miss]\n|-boost|p1a: Xurkitree|spe|1|[zeffect]\n|-miss|p1a: Xurkitree|p2a: Garchomp\n|\n|upkeep\n|turn|6\n|\n|t:|1699888290\n|move|p1a: Xurkitree|Hidden Power|p2a: Garchomp\n|-supereffective|p2a: Garchomp\n|-damage|p2a: Garchomp|0 fnt\n|faint|p2a: Garchomp\n|-ability|p1a: Xurkitree|Beast Boost|boost\n|-boost|p1a: Xurkitree|spa|1\n|\n|upkeep\n|\n|t:|1699888305\n|switch|p2a: Heracross|Heracross, M, shiny|100\/100\n|turn|7\n|\n|t:|1699888316\n|detailschange|p2a: Heracross|Heracross-Mega, M, shiny\n|-mega|p2a: Heracross|Heracross|Heracronite\n|move|p1a: Xurkitree|Thunderbolt|p2a: Heracross\n|-damage|p2a: Heracross|0 fnt\n|faint|p2a: Heracross\n|-ability|p1a: Xurkitree|Beast Boost|boost\n|-boost|p1a: Xurkitree|spa|1\n|\n|upkeep\n|\n|t:|1699888331\n|switch|p2a: Torkoal|Torkoal, F, shiny|100\/100\n|-weather|SunnyDay|[from] ability: Drought|[of] p2a: Torkoal\n|turn|8\n|\n|t:|1699888343\n|move|p1a: Xurkitree|Thunderbolt|p2a: Torkoal\n|-damage|p2a: Torkoal|0 fnt\n|faint|p2a: Torkoal\n|-ability|p1a: Xurkitree|Beast Boost|boost\n|-boost|p1a: Xurkitree|spa|1\n|\n|-weather|SunnyDay|[upkeep]\n|upkeep\n|\n|t:|1699888351\n|switch|p2a: Ferrothorn|Ferrothorn, F|100\/100\n|turn|9\n|\n|t:|1699888381\n|move|p1a: Xurkitree|Hidden Power|p2a: Ferrothorn\n|-damage|p2a: Ferrothorn|42\/100\n|move|p2a: Ferrothorn|Power Whip|p1a: Xurkitree\n|-damage|p1a: Xurkitree|47\/100\n|\n|-weather|SunnyDay|[upkeep]\n|upkeep\n|turn|10\n|\n|t:|1699888390\n|move|p2a: Ferrothorn|Protect|p2a: Ferrothorn\n|-singleturn|p2a: Ferrothorn|Protect\n|move|p1a: Xurkitree|Hidden Power|p2a: Ferrothorn\n|-activate|p2a: Ferrothorn|move: Protect\n|\n|-weather|SunnyDay|[upkeep]\n|upkeep\n|turn|11\n|\n|t:|1699888406\n|move|p1a: Xurkitree|Hidden Power|p2a: Ferrothorn\n|-damage|p2a: Ferrothorn|0 fnt\n|faint|p2a: Ferrothorn\n|-ability|p1a: Xurkitree|Beast Boost|boost\n|-boost|p1a: Xurkitree|spa|1\n|\n|-weather|SunnyDay|[upkeep]\n|upkeep\n|\n|t:|1699888409\n|switch|p2a: Rillaboom|Rillaboom, F|100\/100\n|turn|12\n|\n|t:|1699888434\n|move|p1a: Xurkitree|Hidden Power|p2a: Rillaboom\n|-supereffective|p2a: Rillaboom\n|-damage|p2a: Rillaboom|0 fnt\n|faint|p2a: Rillaboom\n|-ability|p1a: Xurkitree|Beast Boost|boost\n|-boost|p1a: Xurkitree|spa|1\n|\n|-weather|none\n|upkeep\n|\n|t:|1699888442\n|switch|p2a: Iron Valiant|Iron Valiant|36\/100\n|turn|13\n|\n|t:|1699888447\n|move|p1a: Xurkitree|Thunderbolt|p2a: Iron Valiant\n|-damage|p2a: Iron Valiant|0 fnt\n|faint|p2a: Iron Valiant\n|-end|p2a: Iron Valiant|Quark Drive|[silent]\n|\n|win|Nitchii\n|raw|Nitchii's rating: 1103 &rarr; <strong>1124<\/strong><br \/>(+21 for winning)\n|raw|ikasof's rating: 1040 &rarr; <strong>1027<\/strong><br \/>(-13 for losing)\n|l|\u2606ikasof\n","uploadtime":1699888472,"views":9,"p1id":"nitchii","p2id":"ikasof","formatid":"gen9nationaldex","rating":1027,"private":0,"password":""}