{"id":"gen9nationaldex-1992136056","p1":"hadicano0","p2":"mariousHex","format":"[Gen 9] National Dex","log":"|j|\u2606mariousHex\n|t:|1700158030\n|gametype|singles\n|player|p1|hadicano0|102|1409\n|player|p2|mariousHex|lillie-masters|1531\n|teamsize|p1|6\n|teamsize|p2|6\n|gen|9\n|tier|[Gen 9] National Dex\n|rated|\n|rule|HP Percentage Mod: HP is shown in percentages\n|rule|Endless Battle Clause: Forcing endless battles is banned\n|rule|OHKO Clause: OHKO moves are banned\n|rule|Evasion Clause: Evasion abilities, items, and moves are banned\n|rule|Evasion Abilities Clause: Evasion abilities are banned\n|rule|Evasion Items Clause: Evasion items are banned\n|rule|Evasion Moves Clause: Evasion moves are banned\n|rule|Species Clause: Limit one of each Pok\u00e9mon\n|rule|Sleep Clause Mod: Limit one foe put to sleep\n|clearpoke\n|poke|p1|Alomomola, M|\n|poke|p1|Breloom, M|\n|poke|p1|Aegislash, M|\n|poke|p1|Rotom-Heat|\n|poke|p1|Enamorus, F|\n|poke|p1|Tyranitar, F|\n|poke|p2|Weavile, F|\n|poke|p2|Landorus-Therian, M|\n|poke|p2|Zapdos|\n|poke|p2|Volcanion|\n|poke|p2|Kartana|\n|poke|p2|Scizor, M|\n|teampreview\n|inactive|Battle timer is ON: inactive players will automatically lose when time's up. (requested by mariousHex)\n|j|\u2606hadicano0\n|inactive|hadicano0 has 120 seconds left.\n|\n|t:|1700158076\n|start\n|switch|p1a: Alomomola|Alomomola, M, shiny|100\/100\n|switch|p2a: Zapdos|Zapdos|100\/100\n|turn|1\n|\n|t:|1700158083\n|switch|p1a: Rotom|Rotom-Heat|100\/100\n|move|p2a: Zapdos|U-turn|p1a: Rotom\n|-resisted|p1a: Rotom\n|-damage|p1a: Rotom|94\/100\n|\n|t:|1700158089\n|switch|p2a: Weavile|Weavile, F|100\/100|[from] U-turn\n|-ability|p2a: Weavile|Pressure\n|\n|upkeep\n|turn|2\n|\n|t:|1700158092\n|switch|p1a: Alomomola|Alomomola, M, shiny|100\/100\n|-terastallize|p2a: Weavile|Dark\n|move|p2a: Weavile|Beat Up|p1a: Alomomola\n|-damage|p1a: Alomomola|91\/100\n|-damage|p1a: Alomomola|80\/100\n|-damage|p1a: Alomomola|72\/100\n|-crit|p1a: Alomomola\n|-damage|p1a: Alomomola|59\/100\n|-damage|p1a: Alomomola|46\/100\n|-damage|p1a: Alomomola|36\/100\n|-hitcount|p1a: Alomomola|6\n|\n|upkeep\n|turn|3\n|\n|t:|1700158105\n|switch|p1a: Tyranitar|Tyranitar, F|100\/100\n|-weather|Sandstorm|[from] ability: Sand Stream|[of] p1a: Tyranitar\n|move|p2a: Weavile|Beat Up|p1a: Tyranitar\n|-resisted|p1a: Tyranitar\n|-damage|p1a: Tyranitar|94\/100\n|-resisted|p1a: Tyranitar\n|-damage|p1a: Tyranitar|86\/100\n|-resisted|p1a: Tyranitar\n|-damage|p1a: Tyranitar|81\/100\n|-resisted|p1a: Tyranitar\n|-damage|p1a: Tyranitar|75\/100\n|-resisted|p1a: Tyranitar\n|-damage|p1a: Tyranitar|66\/100\n|-resisted|p1a: Tyranitar\n|-damage|p1a: Tyranitar|59\/100\n|-hitcount|p1a: Tyranitar|6\n|\n|-weather|Sandstorm|[upkeep]\n|-damage|p2a: Weavile|94\/100|[from] Sandstorm\n|upkeep\n|turn|4\n|\n|t:|1700158115\n|switch|p2a: Volcanion|Volcanion|100\/100\n|detailschange|p1a: Tyranitar|Tyranitar-Mega, F\n|-mega|p1a: Tyranitar|Tyranitar|Tyranitarite\n|move|p1a: Tyranitar|Knock Off|p2a: Volcanion\n|-damage|p2a: Volcanion|64\/100\n|-enditem|p2a: Volcanion|Heavy-Duty Boots|[from] move: Knock Off|[of] p1a: Tyranitar\n|\n|-weather|Sandstorm|[upkeep]\n|-damage|p2a: Volcanion|58\/100|[from] Sandstorm\n|upkeep\n|turn|5\n|\n|t:|1700158129\n|move|p1a: Tyranitar|Stone Edge|p2a: Volcanion\n|-supereffective|p2a: Volcanion\n|-crit|p2a: Volcanion\n|-damage|p2a: Volcanion|0 fnt\n|faint|p2a: Volcanion\n|\n|-weather|Sandstorm|[upkeep]\n|upkeep\n|\n|t:|1700158140\n|switch|p2a: Scizor|Scizor, M|100\/100\n|turn|6\n|\n|t:|1700158143\n|switch|p1a: Alomomola|Alomomola, M, shiny|69\/100\n|detailschange|p2a: Scizor|Scizor-Mega, M\n|-mega|p2a: Scizor|Scizor|Scizorite\n|move|p2a: Scizor|U-turn|p1a: Alomomola\n|-damage|p1a: Alomomola|52\/100\n|-damage|p2a: Scizor|84\/100|[from] item: Rocky Helmet|[of] p1a: Alomomola\n|\n|t:|1700158152\n|switch|p2a: Kartana|Kartana|100\/100|[from] U-turn\n|\n|-weather|Sandstorm|[upkeep]\n|-damage|p1a: Alomomola|46\/100|[from] Sandstorm\n|upkeep\n|turn|7\n|\n|t:|1700158155\n|move|p1a: Alomomola|Protect|p1a: Alomomola\n|-singleturn|p1a: Alomomola|Protect\n|move|p2a: Kartana|Leaf Blade|p1a: Alomomola\n|-activate|p1a: Alomomola|move: Protect\n|\n|-weather|none\n|upkeep\n|turn|8\n|\n|t:|1700158163\n|switch|p2a: Weavile|Weavile, F, tera:Dark|94\/100\n|-ability|p2a: Weavile|Pressure\n|switch|p1a: Aegislash|Aegislash, M|100\/100\n|\n|upkeep\n|turn|9\n|\n|t:|1700158168\n|move|p1a: Aegislash|King's Shield|p1a: Aegislash\n|-singleturn|p1a: Aegislash|Protect\n|move|p2a: Weavile|Beat Up|p1a: Aegislash\n|-activate|p1a: Aegislash|move: Protect\n|\n|upkeep\n|turn|10\n|\n|t:|1700158174\n|switch|p1a: Breloom|Breloom, M|100\/100\n|move|p2a: Weavile|Beat Up|p1a: Breloom\n|-resisted|p1a: Breloom\n|-damage|p1a: Breloom|88\/100\n|-resisted|p1a: Breloom\n|-damage|p1a: Breloom|72\/100\n|-resisted|p1a: Breloom\n|-damage|p1a: Breloom|61\/100\n|-resisted|p1a: Breloom\n|-damage|p1a: Breloom|43\/100\n|-resisted|p1a: Breloom\n|-damage|p1a: Breloom|27\/100\n|-hitcount|p1a: Breloom|5\n|\n|upkeep\n|turn|11\n|\n|t:|1700158195\n|switch|p2a: Scizor|Scizor-Mega, M|84\/100\n|move|p1a: Breloom|Mach Punch|p2a: Scizor\n|-damage|p2a: Scizor|60\/100\n|\n|upkeep\n|turn|12\n|\n|t:|1700158201\n|switch|p1a: Alomomola|Alomomola, M, shiny|80\/100\n|move|p2a: Scizor|U-turn|p1a: Alomomola\n|-damage|p1a: Alomomola|61\/100\n|-damage|p2a: Scizor|43\/100|[from] item: Rocky Helmet|[of] p1a: Alomomola\n|\n|t:|1700158215\n|switch|p2a: Kartana|Kartana|100\/100|[from] U-turn\n|\n|upkeep\n|turn|13\n|\n|t:|1700158224\n|move|p1a: Alomomola|Protect|p1a: Alomomola\n|-singleturn|p1a: Alomomola|Protect\n|move|p2a: Kartana|Leaf Blade|p1a: Alomomola\n|-activate|p1a: Alomomola|move: Protect\n|\n|upkeep\n|turn|14\n|\n|t:|1700158228\n|switch|p2a: Weavile|Weavile, F, tera:Dark|94\/100\n|-ability|p2a: Weavile|Pressure\n|switch|p1a: Aegislash|Aegislash, M|100\/100\n|\n|upkeep\n|turn|15\n|\n|t:|1700158233\n|move|p1a: Aegislash|King's Shield|p1a: Aegislash\n|-singleturn|p1a: Aegislash|Protect\n|move|p2a: Weavile|Beat Up|p1a: Aegislash\n|-activate|p1a: Aegislash|move: Protect\n|\n|upkeep\n|turn|16\n|\n|t:|1700158237\n|switch|p1a: Alomomola|Alomomola, M, shiny|94\/100\n|move|p2a: Weavile|Beat Up|p1a: Alomomola\n|-damage|p1a: Alomomola|86\/100\n|-damage|p1a: Alomomola|75\/100\n|-damage|p1a: Alomomola|68\/100\n|-damage|p1a: Alomomola|57\/100\n|-damage|p1a: Alomomola|45\/100\n|-hitcount|p1a: Alomomola|5\n|\n|upkeep\n|turn|17\n|\n|t:|1700158245\n|move|p1a: Alomomola|Protect|p1a: Alomomola\n|-singleturn|p1a: Alomomola|Protect\n|move|p2a: Weavile|Beat Up|p1a: Alomomola\n|-activate|p1a: Alomomola|move: Protect\n|\n|upkeep\n|turn|18\n|inactive|hadicano0 has 120 seconds left.\n|\n|t:|1700158295\n|move|p2a: Weavile|Beat Up|p1a: Alomomola\n|-damage|p1a: Alomomola|36\/100\n|-damage|p1a: Alomomola|26\/100\n|-damage|p1a: Alomomola|18\/100\n|-damage|p1a: Alomomola|8\/100\n|-damage|p1a: Alomomola|0 fnt\n|faint|p1a: Alomomola\n|-hitcount|p1: Alomomola|5\n|\n|upkeep\n|\n|t:|1700158304\n|switch|p1a: Enamorus|Enamorus, F|100\/100\n|turn|19\n|inactive|mariousHex has 120 seconds left.\n|\n|t:|1700158355\n|switch|p2a: Zapdos|Zapdos|100\/100\n|move|p1a: Enamorus|Moonblast|p2a: Zapdos\n|-damage|p2a: Zapdos|31\/100\n|-unboost|p2a: Zapdos|spa|1\n|\n|upkeep\n|turn|20\n|\n|t:|1700158367\n|move|p1a: Enamorus|Moonblast|p2a: Zapdos\n|-damage|p2a: Zapdos|0 fnt\n|faint|p2a: Zapdos\n|\n|upkeep\n|\n|t:|1700158368\n|switch|p2a: Scizor|Scizor-Mega, M|43\/100\n|turn|21\n|\n|t:|1700158371\n|switch|p1a: Rotom|Rotom-Heat|94\/100\n|move|p2a: Scizor|Roost|p2a: Scizor\n|-heal|p2a: Scizor|94\/100\n|-singleturn|p2a: Scizor|move: Roost\n|\n|upkeep\n|turn|22\n|inactive|mariousHex has 120 seconds left.\n|\n|t:|1700158384\n|switch|p2a: Landorus|Landorus-Therian, M|100\/100\n|-ability|p2a: Landorus|Intimidate|boost\n|-unboost|p1a: Rotom|atk|1\n|move|p1a: Rotom|Overheat|p2a: Landorus\n|-damage|p2a: Landorus|47\/100\n|-unboost|p1a: Rotom|spa|2\n|\n|-heal|p2a: Landorus|53\/100|[from] item: Leftovers\n|upkeep\n|turn|23\n|inactive|mariousHex has 120 seconds left.\n|\n|t:|1700158389\n|switch|p1a: Enamorus|Enamorus, F|100\/100\n|move|p2a: Landorus|Stealth Rock|p1a: Enamorus\n|-sidestart|p1: hadicano0|move: Stealth Rock\n|\n|-heal|p2a: Landorus|59\/100|[from] item: Leftovers\n|upkeep\n|turn|24\n|\n|t:|1700158395\n|move|p1a: Enamorus|Moonblast|p2a: Landorus\n|-damage|p2a: Landorus|0 fnt\n|faint|p2a: Landorus\n|\n|upkeep\n|\n|t:|1700158398\n|switch|p2a: Scizor|Scizor-Mega, M|94\/100\n|turn|25\n|\n|t:|1700158404\n|switch|p1a: Rotom|Rotom-Heat|94\/100\n|move|p2a: Scizor|U-turn|p1a: Rotom\n|-resisted|p1a: Rotom\n|-damage|p1a: Rotom|76\/100\n|\n|t:|1700158412\n|switch|p2a: Weavile|Weavile, F, tera:Dark|94\/100|[from] U-turn\n|-ability|p2a: Weavile|Pressure\n|\n|upkeep\n|turn|26\n|\n|t:|1700158420\n|switch|p1a: Tyranitar|Tyranitar-Mega, F|59\/100\n|-damage|p1a: Tyranitar|46\/100|[from] Stealth Rock\n|-weather|Sandstorm|[from] ability: Sand Stream|[of] p1a: Tyranitar\n|move|p2a: Weavile|Knock Off|p1a: Tyranitar\n|-resisted|p1a: Tyranitar\n|-damage|p1a: Tyranitar|26\/100\n|\n|-weather|Sandstorm|[upkeep]\n|-damage|p2a: Weavile|88\/100|[from] Sandstorm\n|upkeep\n|turn|27\n|\n|t:|1700158431\n|switch|p2a: Scizor|Scizor-Mega, M|94\/100\n|move|p1a: Tyranitar|Knock Off|p2a: Scizor\n|-damage|p2a: Scizor|63\/100\n|\n|-weather|Sandstorm|[upkeep]\n|upkeep\n|turn|28\n|\n|t:|1700158440\n|switch|p1a: Rotom|Rotom-Heat|76\/100\n|move|p2a: Scizor|U-turn|p1a: Rotom\n|-resisted|p1a: Rotom\n|-damage|p1a: Rotom|58\/100\n|\n|t:|1700158443\n|switch|p2a: Weavile|Weavile, F, tera:Dark|88\/100|[from] U-turn\n|-ability|p2a: Weavile|Pressure\n|\n|-weather|Sandstorm|[upkeep]\n|-damage|p2a: Weavile|82\/100|[from] Sandstorm\n|-damage|p1a: Rotom|52\/100|[from] Sandstorm\n|upkeep\n|turn|29\n|\n|t:|1700158454\n|switch|p1a: Tyranitar|Tyranitar-Mega, F|26\/100\n|-damage|p1a: Tyranitar|14\/100|[from] Stealth Rock\n|move|p2a: Weavile|Knock Off|p1a: Tyranitar\n|-resisted|p1a: Tyranitar\n|-damage|p1a: Tyranitar|0 fnt\n|faint|p1a: Tyranitar\n|\n|-weather|Sandstorm|[upkeep]\n|-damage|p2a: Weavile|76\/100|[from] Sandstorm\n|upkeep\n|\n|t:|1700158463\n|switch|p1a: Enamorus|Enamorus, F|100\/100\n|-damage|p1a: Enamorus|76\/100|[from] Stealth Rock\n|turn|30\n|\n|t:|1700158475\n|switch|p2a: Scizor|Scizor-Mega, M|63\/100\n|move|p1a: Enamorus|Mystical Fire|p2a: Scizor\n|-supereffective|p2a: Scizor\n|-crit|p2a: Scizor\n|-damage|p2a: Scizor|0 fnt\n|faint|p2a: Scizor\n|\n|-weather|none\n|upkeep\n|\n|t:|1700158495\n|switch|p2a: Kartana|Kartana|100\/100\n|turn|31\n|\n|t:|1700158500\n|move|p2a: Kartana|Smart Strike|p1a: Enamorus\n|-supereffective|p1a: Enamorus\n|-damage|p1a: Enamorus|0 fnt\n|faint|p1a: Enamorus\n|-ability|p2a: Kartana|Beast Boost|boost\n|-boost|p2a: Kartana|atk|1\n|\n|upkeep\n|\n|t:|1700158503\n|switch|p1a: Rotom|Rotom-Heat|52\/100\n|turn|32\n|\n|t:|1700158508\n|move|p2a: Kartana|Smart Strike|p1a: Rotom\n|-resisted|p1a: Rotom\n|-damage|p1a: Rotom|32\/100\n|move|p1a: Rotom|Overheat|p2a: Kartana\n|-supereffective|p2a: Kartana\n|-damage|p2a: Kartana|0 fnt\n|-unboost|p1a: Rotom|spa|2\n|faint|p2a: Kartana\n|\n|upkeep\n|\n|t:|1700158513\n|switch|p2a: Weavile|Weavile, F, tera:Dark|76\/100\n|-ability|p2a: Weavile|Pressure\n|turn|33\n|\n|t:|1700158522\n|move|p2a: Weavile|Knock Off|p1a: Rotom\n|-damage|p1a: Rotom|0 fnt\n|-enditem|p1a: Rotom|Heavy-Duty Boots|[from] move: Knock Off|[of] p2a: Weavile\n|faint|p1a: Rotom\n|\n|upkeep\n|\n|t:|1700158527\n|switch|p1a: Breloom|Breloom, M|27\/100\n|-damage|p1a: Breloom|21\/100|[from] Stealth Rock\n|turn|34\n|\n|t:|1700158529\n|move|p1a: Breloom|Mach Punch|p2a: Weavile\n|-supereffective|p2a: Weavile\n|-damage|p2a: Weavile|0 fnt\n|faint|p2a: Weavile\n|\n|win|hadicano0\n|raw|hadicano0's rating: 1409 &rarr; <strong>1437<\/strong><br \/>(+28 for winning)\n|raw|mariousHex's rating: 1551 &rarr; <strong>1523<\/strong><br \/>(-28 for losing)\n|l|\u2606mariousHex\n","uploadtime":1700158734,"views":7,"p1id":"hadicano0","p2id":"marioushex","formatid":"gen9nationaldex","rating":1437,"private":0,"password":""}