{"id":"gen9nationaldex-2000050077","p1":"PBBTT","p2":"Mongoose556","format":"[Gen 9] National Dex","log":"|html|<div class=\"broadcast-blue\"><strong>[Gen 9] National Dex is currently suspecting Sneasler! For information on how to participate check out the <a href=\"https:\/\/www.smogon.com\/forums\/threads\/sv-national-dex-suspect-8-just-dance.3731534\/\">suspect thread<\/a>.<\/strong><\/div>\n|j|\u2606PBBTT\n|j|\u2606Mongoose556\n|t:|1701146167\n|gametype|singles\n|player|p1|PBBTT|gentleman-gen4|1169\n|player|p2|Mongoose556|roxanne|1160\n|teamsize|p1|6\n|teamsize|p2|6\n|gen|9\n|tier|[Gen 9] National Dex\n|rated|\n|rule|HP Percentage Mod: HP is shown in percentages\n|rule|Endless Battle Clause: Forcing endless battles is banned\n|rule|OHKO Clause: OHKO moves are banned\n|rule|Evasion Clause: Evasion abilities, items, and moves are banned\n|rule|Evasion Abilities Clause: Evasion abilities are banned\n|rule|Evasion Items Clause: Evasion items are banned\n|rule|Evasion Moves Clause: Evasion moves are banned\n|rule|Species Clause: Limit one of each Pok\u00e9mon\n|rule|Sleep Clause Mod: Limit one foe put to sleep\n|clearpoke\n|poke|p1|Medicham, F|\n|poke|p1|Noivern, F|\n|poke|p1|Excadrill, F|\n|poke|p1|Toxapex, M|\n|poke|p1|Meowscarada, F|\n|poke|p1|Arcanine, M|\n|poke|p2|Spearow, M|\n|poke|p2|Gengar, M|\n|poke|p2|Venusaur, M|\n|poke|p2|Scyther, M|\n|poke|p2|Golem-Alola, M|\n|poke|p2|Wigglytuff, M|\n|teampreview\n|inactive|Battle timer is ON: inactive players will automatically lose when time's up. (requested by PBBTT)\n|\n|t:|1701146169\n|start\n|switch|p1a: Medicham|Medicham, F|100\/100\n|switch|p2a: Golem|Golem-Alola, M, shiny|100\/100\n|turn|1\n|\n|t:|1701146173\n|detailschange|p1a: Medicham|Medicham-Mega, F\n|-mega|p1a: Medicham|Medicham|Medichamite\n|move|p1a: Medicham|Fake Out|p2a: Golem\n|-resisted|p2a: Golem\n|-damage|p2a: Golem|92\/100\n|cant|p2a: Golem|flinch\n|\n|upkeep\n|turn|2\n|\n|t:|1701146177\n|move|p1a: Medicham|High Jump Kick|p2a: Golem\n|-supereffective|p2a: Golem\n|-damage|p2a: Golem|0 fnt\n|faint|p2a: Golem\n|\n|upkeep\n|\n|t:|1701146181\n|switch|p2a: Biff|Spearow, M|100\/100\n|turn|3\n|\n|t:|1701146185\n|move|p1a: Medicham|High Jump Kick|p2a: Biff\n|-enditem|p2a: Biff|Focus Sash\n|-damage|p2a: Biff|1\/100\n|move|p2a: Biff|Drill Peck|p1a: Medicham\n|-supereffective|p1a: Medicham\n|-damage|p1a: Medicham|13\/100\n|\n|upkeep\n|turn|4\n|\n|t:|1701146188\n|move|p2a: Biff|Quick Attack|p1a: Medicham\n|-damage|p1a: Medicham|0 fnt\n|faint|p1a: Medicham\n|\n|upkeep\n|\n|t:|1701146191\n|switch|p1a: Toxapex|Toxapex, M|100\/100\n|turn|5\n|\n|t:|1701146194\n|move|p2a: Biff|Drill Run|p1a: Toxapex\n|-supereffective|p1a: Toxapex\n|-crit|p1a: Toxapex\n|-damage|p1a: Toxapex|25\/100\n|-damage|p2a: Biff|0 fnt|[from] item: Rocky Helmet|[of] p1a: Toxapex\n|faint|p2a: Biff\n|move|p1a: Toxapex|Recover|p1a: Toxapex\n|-heal|p1a: Toxapex|75\/100\n|\n|upkeep\n|\n|t:|1701146209\n|switch|p2a: Venusaur|Venusaur, M|100\/100\n|turn|6\n|\n|t:|1701146214\n|switch|p1a: Arcanine|Arcanine, M, shiny|100\/100\n|detailschange|p2a: Venusaur|Venusaur-Mega, M\n|-mega|p2a: Venusaur|Venusaur|Venusaurite\n|move|p2a: Venusaur|Sleep Powder|p1a: Arcanine\n|-status|p1a: Arcanine|slp|[from] move: Sleep Powder\n|\n|upkeep\n|turn|7\n|\n|t:|1701146222\n|cant|p1a: Arcanine|slp\n|move|p2a: Venusaur|Earth Power|p1a: Arcanine\n|-supereffective|p1a: Arcanine\n|-damage|p1a: Arcanine|26\/100 slp\n|\n|upkeep\n|turn|8\n|\n|t:|1701146227\n|-curestatus|p1a: Arcanine|slp|[msg]\n|move|p1a: Arcanine|Flare Blitz|p2a: Venusaur\n|-supereffective|p2a: Venusaur\n|-damage|p2a: Venusaur|35\/100\n|-damage|p1a: Arcanine|6\/100|[from] Recoil\n|-damage|p1a: Arcanine|0 fnt|[from] item: Life Orb\n|faint|p1a: Arcanine\n|move|p2a: Venusaur|Sludge Bomb|p1: Arcanine|[notarget]\n|-fail|p2a: Venusaur\n|\n|upkeep\n|\n|t:|1701146233\n|switch|p1a: Noivern|Noivern, F|100\/100\n|turn|9\n|\n|t:|1701146236\n|move|p1a: Noivern|Boomburst|p2a: Venusaur\n|-damage|p2a: Venusaur|0 fnt\n|faint|p2a: Venusaur\n|\n|upkeep\n|\n|t:|1701146238\n|switch|p2a: Wigglytuff|Wigglytuff, M|100\/100\n|turn|10\n|\n|t:|1701146243\n|switch|p1a: Excadrill|Excadrill, F|100\/100\n|move|p2a: Wigglytuff|Dazzling Gleam|p1a: Excadrill\n|-resisted|p1a: Excadrill\n|-damage|p1a: Excadrill|77\/100\n|\n|upkeep\n|turn|11\n|\n|t:|1701146246\n|move|p1a: Excadrill|Iron Head|p2a: Wigglytuff\n|-supereffective|p2a: Wigglytuff\n|-crit|p2a: Wigglytuff\n|-damage|p2a: Wigglytuff|0 fnt\n|faint|p2a: Wigglytuff\n|\n|upkeep\n|\n|t:|1701146250\n|switch|p2a: Gengar|Gengar, M, shiny|100\/100\n|turn|12\n|\n|t:|1701146252\n|move|p2a: Gengar|Shadow Ball|p1a: Excadrill\n|-damage|p1a: Excadrill|0 fnt\n|faint|p1a: Excadrill\n|\n|upkeep\n|\n|t:|1701146254\n|switch|p1a: Meowscarada|Meowscarada, F|100\/100\n|turn|13\n|\n|t:|1701146264\n|-terastallize|p2a: Gengar|Dark\n|move|p1a: Meowscarada|Night Slash|p2a: Gengar\n|-start|p1a: Meowscarada|typechange|Dark|[from] ability: Protean\n|-resisted|p2a: Gengar\n|-damage|p2a: Gengar|68\/100\n|move|p2a: Gengar|Shadow Ball|p1a: Meowscarada\n|-resisted|p1a: Meowscarada\n|-damage|p1a: Meowscarada|56\/100\n|\n|upkeep\n|turn|14\n|\n|t:|1701146269\n|switch|p1a: Toxapex|Toxapex, M|100\/100\n|move|p2a: Gengar|Shadow Ball|p1a: Toxapex\n|-damage|p1a: Toxapex|41\/100\n|\n|upkeep\n|turn|15\n|\n|t:|1701146273\n|move|p2a: Gengar|Shadow Ball|p1a: Toxapex\n|-damage|p1a: Toxapex|0 fnt\n|faint|p1a: Toxapex\n|\n|upkeep\n|\n|t:|1701146277\n|switch|p1a: Meowscarada|Meowscarada, F|56\/100\n|turn|16\n|\n|t:|1701146283\n|move|p1a: Meowscarada|Play Rough|p2a: Gengar\n|-start|p1a: Meowscarada|typechange|Fairy|[from] ability: Protean\n|-supereffective|p2a: Gengar\n|-damage|p2a: Gengar|0 fnt\n|-start|p1a: Meowscarada|Disable|Play Rough|[from] ability: Cursed Body|[of] p2a: Gengar\n|faint|p2a: Gengar\n|\n|upkeep\n|\n|t:|1701146286\n|switch|p2a: Scyther|Scyther, M|100\/100\n|turn|17\n|\n|t:|1701146292\n|switch|p1a: Noivern|Noivern, F|100\/100\n|move|p2a: Scyther|Dual Wingbeat|p1a: Noivern\n|-damage|p1a: Noivern|62\/100\n|-damage|p1a: Noivern|27\/100\n|-hitcount|p1a: Noivern|2\n|\n|upkeep\n|turn|18\n|\n|t:|1701146297\n|move|p1a: Noivern|Boomburst|p2a: Scyther\n|-damage|p2a: Scyther|43\/100\n|move|p2a: Scyther|Dual Wingbeat|p1a: Noivern\n|-damage|p1a: Noivern|0 fnt\n|faint|p1a: Noivern\n|-hitcount|p1: Noivern|1\n|\n|upkeep\n|\n|t:|1701146300\n|switch|p1a: Meowscarada|Meowscarada, F|56\/100\n|turn|19\n|\n|t:|1701146304\n|move|p1a: Meowscarada|Night Slash|p2a: Scyther\n|-start|p1a: Meowscarada|typechange|Dark|[from] ability: Protean\n|-damage|p2a: Scyther|13\/100\n|move|p2a: Scyther|X-Scissor|p1a: Meowscarada\n|-supereffective|p1a: Meowscarada\n|-damage|p1a: Meowscarada|0 fnt\n|faint|p1a: Meowscarada\n|\n|win|Mongoose556\n|raw|PBBTT's rating: 1169 &rarr; <strong>1143<\/strong><br \/>(-26 for losing)\n|raw|Mongoose556's rating: 1160 &rarr; <strong>1186<\/strong><br \/>(+26 for winning)\n|l|\u2606PBBTT\n","uploadtime":1701146310,"views":8,"p1id":"pbbtt","p2id":"mongoose556","formatid":"gen9nationaldex","rating":1143,"private":0,"password":""}