{"id":"gen9nationaldex-1995365491","p1":"Xuanwu_CN","p2":"gudwbs","format":"[Gen 9] National Dex","log":"|html|<div class=\"broadcast-blue\"><strong>[Gen 9] National Dex is currently suspecting Sneasler! For information on how to participate check out the <a href=\"https:\/\/www.smogon.com\/forums\/threads\/sv-national-dex-suspect-8-just-dance.3731534\/\">suspect thread<\/a>.<\/strong><\/div>\n|j|\u2606Xuanwu_CN\n|j|\u2606gudwbs\n|t:|1700560547\n|gametype|singles\n|player|p1|Xuanwu_CN|170|1576\n|player|p2|gudwbs|lady|1666\n|teamsize|p1|6\n|teamsize|p2|6\n|gen|9\n|tier|[Gen 9] National Dex\n|rated|\n|rule|HP Percentage Mod: HP is shown in percentages\n|rule|Endless Battle Clause: Forcing endless battles is banned\n|rule|OHKO Clause: OHKO moves are banned\n|rule|Evasion Clause: Evasion abilities, items, and moves are banned\n|rule|Evasion Abilities Clause: Evasion abilities are banned\n|rule|Evasion Items Clause: Evasion items are banned\n|rule|Evasion Moves Clause: Evasion moves are banned\n|rule|Species Clause: Limit one of each Pok\u00e9mon\n|rule|Sleep Clause Mod: Limit one foe put to sleep\n|clearpoke\n|poke|p1|Scizor, F|\n|poke|p1|Ninetales-Alola, F|\n|poke|p1|Rillaboom, F|\n|poke|p1|Kommo-o, M|\n|poke|p1|Heatran, M|\n|poke|p1|Iron Treads|\n|poke|p2|Iron Valiant|\n|poke|p2|Ferrothorn, M|\n|poke|p2|Charizard, F|\n|poke|p2|Garganacl, M|\n|poke|p2|Great Tusk|\n|poke|p2|Dragonite, M|\n|teampreview\n|inactive|Battle timer is ON: inactive players will automatically lose when time's up. (requested by gudwbs)\n|\n|t:|1700560559\n|start\n|switch|p1a: Iron Treads|Iron Treads|100\/100\n|switch|p2a: Dragonite|Dragonite, M|100\/100\n|turn|1\n|\n|t:|1700560569\n|move|p2a: Dragonite|Dragon Dance|p2a: Dragonite\n|-boost|p2a: Dragonite|atk|1\n|-boost|p2a: Dragonite|spe|1\n|move|p1a: Iron Treads|Stealth Rock|p2a: Dragonite\n|-sidestart|p2: gudwbs|move: Stealth Rock\n|\n|upkeep\n|turn|2\n|\n|t:|1700560577\n|move|p2a: Dragonite|Earthquake|p1a: Iron Treads\n|-supereffective|p1a: Iron Treads\n|-damage|p1a: Iron Treads|22\/100\n|move|p1a: Iron Treads|Rapid Spin|p2a: Dragonite\n|-damage|p2a: Dragonite|94\/100\n|-boost|p1a: Iron Treads|spe|1\n|\n|upkeep\n|turn|3\n|\n|t:|1700560600\n|move|p2a: Dragonite|Earthquake|p1a: Iron Treads\n|-supereffective|p1a: Iron Treads\n|-damage|p1a: Iron Treads|0 fnt\n|faint|p1a: Iron Treads\n|-end|p1a: Iron Treads|Quark Drive|[silent]\n|\n|upkeep\n|inactive|Xuanwu_CN has 120 seconds left.\n|\n|t:|1700560633\n|switch|p1a: Ninetales|Ninetales-Alola, F|100\/100\n|-weather|Snow|[from] ability: Snow Warning|[of] p1a: Ninetales\n|turn|4\n|\n|t:|1700560638\n|move|p2a: Dragonite|Iron Head|p1a: Ninetales\n|-supereffective|p1a: Ninetales\n|-damage|p1a: Ninetales|0 fnt\n|faint|p1a: Ninetales\n|\n|-weather|Snow|[upkeep]\n|upkeep\n|\n|t:|1700560651\n|switch|p1a: Kommo-o|Kommo-o, M|100\/100\n|turn|5\n|\n|t:|1700560656\n|-zpower|p2a: Dragonite\n|move|p2a: Dragonite|Devastating Drake|p1a: Kommo-o|[zeffect]\n|-supereffective|p1a: Kommo-o\n|-damage|p1a: Kommo-o|0 fnt\n|faint|p1a: Kommo-o\n|\n|-weather|Snow|[upkeep]\n|upkeep\n|\n|t:|1700560663\n|switch|p1a: Scizor|Scizor, F|100\/100\n|turn|6\n|\n|t:|1700560669\n|detailschange|p1a: Scizor|Scizor-Mega, F\n|-mega|p1a: Scizor|Scizor|Scizorite\n|move|p2a: Dragonite|Outrage|p1a: Scizor\n|-resisted|p1a: Scizor\n|-damage|p1a: Scizor|67\/100\n|move|p1a: Scizor|Swords Dance|p1a: Scizor\n|-boost|p1a: Scizor|atk|2\n|\n|-weather|Snow|[upkeep]\n|upkeep\n|turn|7\n|\n|t:|1700560681\n|move|p2a: Dragonite|Outrage|p1a: Scizor|[from]lockedmove\n|-resisted|p1a: Scizor\n|-damage|p1a: Scizor|33\/100\n|-start|p2a: Dragonite|confusion|[fatigue]\n|move|p1a: Scizor|Roost|p1a: Scizor\n|-heal|p1a: Scizor|83\/100\n|-singleturn|p1a: Scizor|move: Roost\n|\n|-weather|Snow|[upkeep]\n|upkeep\n|turn|8\n|\n|t:|1700560689\n|-activate|p2a: Dragonite|confusion\n|move|p2a: Dragonite|Earthquake|p1a: Scizor\n|-damage|p1a: Scizor|46\/100\n|move|p1a: Scizor|Swords Dance|p1a: Scizor\n|-boost|p1a: Scizor|atk|2\n|\n|-weather|none\n|upkeep\n|turn|9\n|\n|t:|1700560697\n|-activate|p2a: Dragonite|confusion\n|move|p2a: Dragonite|Earthquake|p1a: Scizor\n|-damage|p1a: Scizor|8\/100\n|move|p1a: Scizor|Roost|p1a: Scizor\n|-heal|p1a: Scizor|58\/100\n|-singleturn|p1a: Scizor|move: Roost\n|\n|upkeep\n|turn|10\n|\n|t:|1700560703\n|-activate|p2a: Dragonite|confusion\n|-damage|p2a: Dragonite|70\/100|[from] confusion\n|move|p1a: Scizor|Roost|p1a: Scizor\n|-heal|p1a: Scizor|100\/100\n|-singleturn|p1a: Scizor|move: Roost\n|\n|upkeep\n|turn|11\n|\n|t:|1700560708\n|-activate|p2a: Dragonite|confusion\n|-damage|p2a: Dragonite|46\/100|[from] confusion\n|move|p1a: Scizor|Swords Dance|p1a: Scizor\n|-boost|p1a: Scizor|atk|2\n|\n|upkeep\n|turn|12\n|\n|t:|1700560713\n|move|p1a: Scizor|Bullet Punch|p2a: Dragonite\n|-damage|p2a: Dragonite|0 fnt\n|faint|p2a: Dragonite\n|\n|upkeep\n|\n|t:|1700560716\n|switch|p2a: Great Tusk|Great Tusk|100\/100\n|-damage|p2a: Great Tusk|98\/100|[from] Stealth Rock\n|-enditem|p2a: Great Tusk|Booster Energy\n|-activate|p2a: Great Tusk|ability: Protosynthesis|[fromitem]\n|-start|p2a: Great Tusk|protosynthesisatk\n|turn|13\n|\n|t:|1700560722\n|move|p2a: Great Tusk|Rapid Spin|p1a: Scizor\n|-resisted|p1a: Scizor\n|-damage|p1a: Scizor|92\/100\n|-boost|p2a: Great Tusk|spe|1\n|-sideend|p2: gudwbs|Stealth Rock|[from] move: Rapid Spin|[of] p2a: Great Tusk\n|move|p1a: Scizor|Dual Wingbeat|p2a: Great Tusk\n|-supereffective|p2a: Great Tusk\n|-damage|p2a: Great Tusk|0 fnt\n|faint|p2a: Great Tusk\n|-end|p2a: Great Tusk|Protosynthesis|[silent]\n|-hitcount|p2: Great Tusk|1\n|\n|upkeep\n|\n|t:|1700560726\n|switch|p2a: Ferrothorn|Ferrothorn, M, shiny|100\/100\n|turn|14\n|\n|t:|1700560732\n|move|p1a: Scizor|Dual Wingbeat|p2a: Ferrothorn\n|-crit|p2a: Ferrothorn\n|-damage|p2a: Ferrothorn|0 fnt\n|-damage|p1a: Scizor|79\/100|[from] ability: Iron Barbs|[of] p2a: Ferrothorn\n|faint|p2a: Ferrothorn\n|-hitcount|p2: Ferrothorn|1\n|\n|upkeep\n|\n|t:|1700560739\n|switch|p2a: Charizard|Charizard, F, shiny|100\/100\n|turn|15\n|\n|t:|1700560744\n|switch|p1a: Heatran|Heatran, M|100\/100\n|detailschange|p2a: Charizard|Charizard-Mega-Y, F, shiny\n|-mega|p2a: Charizard|Charizard|Charizardite Y\n|-weather|SunnyDay|[from] ability: Drought|[of] p2a: Charizard\n|move|p2a: Charizard|Flamethrower|p1a: Heatran\n|-start|p1a: Heatran|ability: Flash Fire\n|\n|-weather|SunnyDay|[upkeep]\n|upkeep\n|turn|16\n|\n|t:|1700560755\n|switch|p2a: Garganacl|Garganacl, M, shiny|100\/100\n|move|p1a: Heatran|Magma Storm|p2a: Garganacl\n|-resisted|p2a: Garganacl\n|-damage|p2a: Garganacl|57\/100\n|-activate|p2a: Garganacl|move: Magma Storm|[of] p1a: Heatran\n|\n|-weather|SunnyDay|[upkeep]\n|-heal|p2a: Garganacl|64\/100|[from] item: Leftovers\n|-damage|p2a: Garganacl|51\/100|[from] move: Magma Storm|[partiallytrapped]\n|upkeep\n|turn|17\n|\n|t:|1700560766\n|-terastallize|p2a: Garganacl|Fairy\n|move|p1a: Heatran|Taunt|p2a: Garganacl\n|-start|p2a: Garganacl|move: Taunt\n|move|p2a: Garganacl|Earthquake|p1a: Heatran\n|-supereffective|p1a: Heatran\n|-damage|p1a: Heatran|20\/100\n|\n|-weather|SunnyDay|[upkeep]\n|-heal|p1a: Heatran|26\/100|[from] item: Leftovers\n|-heal|p2a: Garganacl|57\/100|[from] item: Leftovers\n|-damage|p2a: Garganacl|45\/100|[from] move: Magma Storm|[partiallytrapped]\n|upkeep\n|turn|18\n|\n|t:|1700560777\n|move|p1a: Heatran|Flash Cannon|p2a: Garganacl\n|-supereffective|p2a: Garganacl\n|-damage|p2a: Garganacl|0 fnt\n|faint|p2a: Garganacl\n|\n|-weather|SunnyDay|[upkeep]\n|-heal|p1a: Heatran|32\/100|[from] item: Leftovers\n|upkeep\n|\n|t:|1700560779\n|switch|p2a: Iron Valiant|Iron Valiant|100\/100\n|-enditem|p2a: Iron Valiant|Booster Energy\n|-activate|p2a: Iron Valiant|ability: Quark Drive|[fromitem]\n|-start|p2a: Iron Valiant|quarkdrivespe\n|turn|19\n|\n|t:|1700560790\n|-end|p1a: Heatran|ability: Flash Fire|[silent]\n|switch|p1a: Rillaboom|Rillaboom, F|100\/100\n|-fieldstart|move: Grassy Terrain|[from] ability: Grassy Surge|[of] p1a: Rillaboom\n|move|p2a: Iron Valiant|Close Combat|p1a: Rillaboom\n|-damage|p1a: Rillaboom|50\/100\n|-unboost|p2a: Iron Valiant|def|1\n|-unboost|p2a: Iron Valiant|spd|1\n|\n|-weather|none\n|-heal|p1a: Rillaboom|57\/100|[from] Grassy Terrain\n|upkeep\n|turn|20\n|\n|t:|1700560802\n|-end|p2a: Iron Valiant|Quark Drive|[silent]\n|switch|p2a: Charizard|Charizard-Mega-Y, F, shiny|100\/100\n|-weather|SunnyDay|[from] ability: Drought|[of] p2a: Charizard\n|move|p1a: Rillaboom|Grassy Glide|p2a: Charizard\n|-resisted|p2a: Charizard\n|-damage|p2a: Charizard|86\/100\n|\n|-weather|SunnyDay|[upkeep]\n|-heal|p1a: Rillaboom|63\/100|[from] Grassy Terrain\n|upkeep\n|turn|21\n|\n|t:|1700560812\n|-terastallize|p1a: Rillaboom|Rock\n|move|p2a: Charizard|Scorching Sands|p1a: Rillaboom\n|-supereffective|p1a: Rillaboom\n|-damage|p1a: Rillaboom|21\/100\n|-status|p1a: Rillaboom|brn\n|move|p1a: Rillaboom|Tera Blast|p2a: Charizard|[anim] Tera Blast Rock\n|-supereffective|p2a: Charizard\n|-damage|p2a: Charizard|0 fnt\n|faint|p2a: Charizard\n|\n|-weather|SunnyDay|[upkeep]\n|-heal|p1a: Rillaboom|27\/100 brn|[from] Grassy Terrain\n|-damage|p1a: Rillaboom|21\/100 brn|[from] brn\n|upkeep\n|\n|t:|1700560817\n|switch|p2a: Iron Valiant|Iron Valiant|100\/100\n|turn|22\n|\n|t:|1700560827\n|move|p2a: Iron Valiant|Vacuum Wave|p1a: Rillaboom\n|-supereffective|p1a: Rillaboom\n|-crit|p1a: Rillaboom\n|-damage|p1a: Rillaboom|0 fnt\n|faint|p1a: Rillaboom\n|\n|-weather|SunnyDay|[upkeep]\n|upkeep\n|\n|t:|1700560832\n|switch|p1a: Scizor|Scizor-Mega, F|79\/100\n|turn|23\n|\n|t:|1700560836\n|move|p1a: Scizor|Bullet Punch|p2a: Iron Valiant\n|-supereffective|p2a: Iron Valiant\n|-damage|p2a: Iron Valiant|0 fnt\n|faint|p2a: Iron Valiant\n|-end|p2a: Iron Valiant|Quark Drive|[silent]\n|\n|win|Xuanwu_CN\n|raw|Xuanwu_CN's rating: 1576 &rarr; <strong>1601<\/strong><br \/>(+25 for winning)\n|raw|gudwbs's rating: 1666 &rarr; <strong>1641<\/strong><br \/>(-25 for losing)\n","uploadtime":1700560844,"views":2,"p1id":"xuanwucn","p2id":"gudwbs","formatid":"gen9nationaldex","rating":1601,"private":0,"password":""}