{"id":"gen9nationaldex-1998008877","p1":"QIxhQI","p2":"ALEX.HONG","format":"[Gen 9] National Dex","log":"|html|<div class=\"broadcast-blue\"><strong>[Gen 9] National Dex is currently suspecting Sneasler! For information on how to participate check out the <a href=\"https:\/\/www.smogon.com\/forums\/threads\/sv-national-dex-suspect-8-just-dance.3731534\/\">suspect thread<\/a>.<\/strong><\/div>\n|j|\u2606QIxhQI\n|j|\u2606ALEX.HONG\n|t:|1700878413\n|gametype|singles\n|player|p1|QIxhQI|1|1629\n|player|p2|ALEX.HONG|giovanni|1539\n|teamsize|p1|6\n|teamsize|p2|6\n|gen|9\n|tier|[Gen 9] National Dex\n|rated|\n|rule|HP Percentage Mod: HP is shown in percentages\n|rule|Endless Battle Clause: Forcing endless battles is banned\n|rule|OHKO Clause: OHKO moves are banned\n|rule|Evasion Clause: Evasion abilities, items, and moves are banned\n|rule|Evasion Abilities Clause: Evasion abilities are banned\n|rule|Evasion Items Clause: Evasion items are banned\n|rule|Evasion Moves Clause: Evasion moves are banned\n|rule|Species Clause: Limit one of each Pok\u00e9mon\n|rule|Sleep Clause Mod: Limit one foe put to sleep\n|clearpoke\n|poke|p1|Mawile, M|\n|poke|p1|Marowak-Alola, M|\n|poke|p1|Hatterene, F|\n|poke|p1|Cresselia, F|\n|poke|p1|Porygon2|\n|poke|p1|Ursaluna, F|\n|poke|p2|Galvantula, M|\n|poke|p2|Nidoking, M|\n|poke|p2|Great Tusk|\n|poke|p2|Garchomp, F|\n|poke|p2|Kartana|\n|poke|p2|Dragonite, F|\n|teampreview\n|inactive|Battle timer is ON: inactive players will automatically lose when time's up. (requested by QIxhQI)\n|\n|t:|1700878425\n|start\n|switch|p1a: Porygon2|Porygon2|100\/100\n|switch|p2a: Galvantula|Galvantula, M|100\/100\n|-ability|p1a: Porygon2|Compound Eyes|[from] ability: Trace|[of] p2a: Galvantula\n|turn|1\n|\n|t:|1700878435\n|move|p2a: Galvantula|Thunder|p1a: Porygon2\n|-damage|p1a: Porygon2|74\/100\n|move|p1a: Porygon2|Trick Room|p1a: Porygon2\n|-fieldstart|move: Trick Room|[of] p1a: Porygon2\n|\n|upkeep\n|turn|2\n|\n|t:|1700878452\n|move|p1a: Porygon2|Ice Beam|p2a: Galvantula\n|-damage|p2a: Galvantula|60\/100\n|move|p2a: Galvantula|Thunder|p1a: Porygon2\n|-damage|p1a: Porygon2|45\/100\n|\n|upkeep\n|turn|3\n|\n|t:|1700878459\n|move|p1a: Porygon2|Ice Beam|p2a: Galvantula\n|-damage|p2a: Galvantula|20\/100\n|move|p2a: Galvantula|Sticky Web|p1a: Porygon2\n|-sidestart|p1: QIxhQI|move: Sticky Web\n|\n|upkeep\n|turn|4\n|\n|t:|1700878465\n|move|p1a: Porygon2|Ice Beam|p2a: Galvantula\n|-damage|p2a: Galvantula|0 fnt\n|faint|p2a: Galvantula\n|\n|upkeep\n|\n|t:|1700878488\n|switch|p2a: Great Tusk|Great Tusk|100\/100\n|-enditem|p2a: Great Tusk|Booster Energy\n|-activate|p2a: Great Tusk|ability: Protosynthesis|[fromitem]\n|-start|p2a: Great Tusk|protosynthesisatk\n|turn|5\n|\n|t:|1700878496\n|switch|p1a: Cresselia|Cresselia, F|100\/100\n|move|p2a: Great Tusk|Headlong Rush|p1a: Cresselia\n|-immune|p1a: Cresselia|[from] ability: Levitate\n|\n|-fieldend|move: Trick Room\n|upkeep\n|turn|6\n|\n|t:|1700878502\n|move|p2a: Great Tusk|Ice Spinner|p1a: Cresselia\n|-crit|p1a: Cresselia\n|-damage|p1a: Cresselia|72\/100\n|move|p1a: Cresselia|Psychic|p2a: Great Tusk\n|-supereffective|p2a: Great Tusk\n|-damage|p2a: Great Tusk|19\/100\n|\n|upkeep\n|turn|7\n|\n|t:|1700878509\n|move|p2a: Great Tusk|Ice Spinner|p1a: Cresselia\n|-damage|p1a: Cresselia|52\/100\n|move|p1a: Cresselia|Lunar Dance|p1a: Cresselia\n|faint|p1a: Cresselia\n|\n|upkeep\n|\n|t:|1700878520\n|switch|p1a: Porygon2|Porygon2|45\/100\n|-heal|p1a: Porygon2|100\/100|[from] move: Lunar Dance\n|-activate|p1a: Porygon2|move: Sticky Web\n|-unboost|p1a: Porygon2|spe|1\n|turn|8\n|\n|t:|1700878530\n|move|p2a: Great Tusk|Close Combat|p1a: Porygon2\n|-supereffective|p1a: Porygon2\n|-damage|p1a: Porygon2|15\/100\n|-unboost|p2a: Great Tusk|def|1\n|-unboost|p2a: Great Tusk|spd|1\n|move|p1a: Porygon2|Trick Room|p1a: Porygon2\n|-fieldstart|move: Trick Room|[of] p1a: Porygon2\n|\n|upkeep\n|turn|9\n|\n|t:|1700878536\n|move|p2a: Great Tusk|Headlong Rush|p1a: Porygon2\n|-damage|p1a: Porygon2|0 fnt\n|-unboost|p2a: Great Tusk|def|1\n|-unboost|p2a: Great Tusk|spd|1\n|faint|p1a: Porygon2\n|\n|upkeep\n|\n|t:|1700878548\n|switch|p1a: Ursaluna|Ursaluna, F|100\/100\n|-activate|p1a: Ursaluna|move: Sticky Web\n|-unboost|p1a: Ursaluna|spe|1\n|turn|10\n|\n|t:|1700878553\n|move|p1a: Ursaluna|Facade|p2a: Great Tusk\n|-damage|p2a: Great Tusk|0 fnt\n|faint|p2a: Great Tusk\n|-end|p2a: Great Tusk|Protosynthesis|[silent]\n|\n|-status|p1a: Ursaluna|brn|[from] item: Flame Orb\n|upkeep\n|\n|t:|1700878567\n|switch|p2a: Kartana|Kartana|100\/100\n|turn|11\n|\n|t:|1700878572\n|-terastallize|p2a: Kartana|Fighting\n|move|p1a: Ursaluna|Fire Punch|p2a: Kartana\n|-damage|p2a: Kartana|53\/100\n|move|p2a: Kartana|Sacred Sword|p1a: Ursaluna\n|-supereffective|p1a: Ursaluna\n|-damage|p1a: Ursaluna|18\/100 brn\n|\n|-damage|p1a: Ursaluna|12\/100 brn|[from] brn\n|upkeep\n|turn|12\n|\n|t:|1700878581\n|move|p1a: Ursaluna|Facade|p2a: Kartana\n|-damage|p2a: Kartana|0 fnt\n|faint|p2a: Kartana\n|\n|-damage|p1a: Ursaluna|6\/100 brn|[from] brn\n|-fieldend|move: Trick Room\n|upkeep\n|\n|t:|1700878585\n|switch|p2a: Garchomp|Garchomp, F|100\/100\n|turn|13\n|\n|t:|1700878592\n|move|p2a: Garchomp|Earthquake|p1a: Ursaluna\n|-damage|p1a: Ursaluna|0 fnt\n|faint|p1a: Ursaluna\n|\n|upkeep\n|\n|t:|1700878594\n|switch|p1a: Mawile|Mawile, M|100\/100\n|-activate|p1a: Mawile|move: Sticky Web\n|-unboost|p1a: Mawile|spe|1\n|-ability|p1a: Mawile|Intimidate|boost\n|-unboost|p2a: Garchomp|atk|1\n|turn|14\n|\n|t:|1700878599\n|detailschange|p1a: Mawile|Mawile-Mega, M\n|-mega|p1a: Mawile|Mawile|Mawilite\n|move|p2a: Garchomp|Earthquake|p1a: Mawile\n|-supereffective|p1a: Mawile\n|-damage|p1a: Mawile|37\/100\n|move|p1a: Mawile|Play Rough|p2a: Garchomp|[miss]\n|-miss|p1a: Mawile|p2a: Garchomp\n|\n|upkeep\n|turn|15\n|\n|t:|1700878608\n|switch|p1a: Hatterene|Hatterene, F|100\/100\n|-activate|p1a: Hatterene|move: Sticky Web\n|-unboost|p1a: Hatterene|spe|1\n|move|p2a: Garchomp|Earthquake|p1a: Hatterene\n|-damage|p1a: Hatterene|62\/100\n|\n|upkeep\n|turn|16\n|\n|t:|1700878615\n|move|p2a: Garchomp|Swords Dance|p2a: Garchomp\n|-boost|p2a: Garchomp|atk|2\n|move|p1a: Hatterene|Trick Room|p1a: Hatterene\n|-fieldstart|move: Trick Room|[of] p1a: Hatterene\n|\n|upkeep\n|turn|17\n|\n|t:|1700878629\n|move|p1a: Hatterene|Misty Explosion|p2a: Garchomp\n|-supereffective|p2a: Garchomp\n|-damage|p2a: Garchomp|0 fnt\n|faint|p1a: Hatterene\n|faint|p2a: Garchomp\n|\n|upkeep\n|\n|t:|1700878634\n|switch|p1a: Mawile|Mawile-Mega, M|37\/100\n|switch|p2a: Nidoking|Nidoking, M|100\/100\n|-activate|p1a: Mawile|move: Sticky Web\n|-unboost|p1a: Mawile|spe|1\n|turn|18\n|\n|t:|1700878643\n|move|p1a: Mawile|Ice Punch|p2a: Nidoking\n|-supereffective|p2a: Nidoking\n|-damage|p2a: Nidoking|0 fnt\n|faint|p2a: Nidoking\n|\n|upkeep\n|\n|t:|1700878646\n|switch|p2a: Dragonite|Dragonite, F|100\/100\n|turn|19\n|\n|t:|1700878648\n|move|p1a: Mawile|Ice Punch|p2a: Dragonite\n|-supereffective|p2a: Dragonite\n|-damage|p2a: Dragonite|16\/100\n|-status|p2a: Dragonite|frz\n|cant|p2a: Dragonite|frz\n|\n|upkeep\n|turn|20\n|\n|t:|1700878654\n|cant|p2a: Dragonite|frz\n|move|p1a: Mawile|Ice Punch|p2a: Dragonite\n|-supereffective|p2a: Dragonite\n|-damage|p2a: Dragonite|0 fnt\n|faint|p2a: Dragonite\n|\n|win|QIxhQI\n|raw|QIxhQI's rating: 1629 &rarr; <strong>1644<\/strong><br \/>(+15 for winning)\n|raw|ALEX.HONG's rating: 1539 &rarr; <strong>1524<\/strong><br \/>(-15 for losing)\n","uploadtime":1700878659,"views":1,"p1id":"qixhqi","p2id":"alexhong","formatid":"gen9nationaldex","rating":1524,"private":0,"password":""}