{"id":"gen9nationaldex-1995999131","p1":"MMM12341234124","p2":"Dovahhkiin64","format":"[Gen 9] National Dex","log":"|html|<div class=\"broadcast-blue\"><strong>[Gen 9] National Dex is currently suspecting Sneasler! For information on how to participate check out the <a href=\"https:\/\/www.smogon.com\/forums\/threads\/sv-national-dex-suspect-8-just-dance.3731534\/\">suspect thread<\/a>.<\/strong><\/div>\n|j|\u2606MMM12341234124\n|j|\u2606Dovahhkiin64\n|t:|1700627328\n|gametype|singles\n|player|p1|MMM12341234124|iris|1511\n|player|p2|Dovahhkiin64|n|1468\n|teamsize|p1|6\n|teamsize|p2|6\n|gen|9\n|tier|[Gen 9] National Dex\n|rated|\n|rule|HP Percentage Mod: HP is shown in percentages\n|rule|Endless Battle Clause: Forcing endless battles is banned\n|rule|OHKO Clause: OHKO moves are banned\n|rule|Evasion Clause: Evasion abilities, items, and moves are banned\n|rule|Evasion Abilities Clause: Evasion abilities are banned\n|rule|Evasion Items Clause: Evasion items are banned\n|rule|Evasion Moves Clause: Evasion moves are banned\n|rule|Species Clause: Limit one of each Pok\u00e9mon\n|rule|Sleep Clause Mod: Limit one foe put to sleep\n|clearpoke\n|poke|p1|Nihilego|\n|poke|p1|Ting-Lu|\n|poke|p1|Moltres|\n|poke|p1|Scizor, F|\n|poke|p1|Kommo-o, M|\n|poke|p1|Iron Treads|\n|poke|p2|Hydreigon, M|\n|poke|p2|Shuckle, M|\n|poke|p2|Great Tusk|\n|poke|p2|Scizor, F|\n|poke|p2|Blacephalon|\n|poke|p2|Manaphy|\n|teampreview\n|inactive|Battle timer is ON: inactive players will automatically lose when time's up. (requested by MMM12341234124)\n|\n|t:|1700627344\n|start\n|switch|p1a: Ting-Lu|Ting-Lu|100\/100\n|switch|p2a: Manaphy|Manaphy|100\/100\n|-ability|p1a: Ting-Lu|Vessel of Ruin\n|turn|1\n|\n|t:|1700627352\n|-terastallize|p2a: Manaphy|Water\n|move|p2a: Manaphy|Tail Glow|p2a: Manaphy\n|-boost|p2a: Manaphy|spa|3\n|move|p1a: Ting-Lu|Stealth Rock|p2a: Manaphy\n|-sidestart|p2: Dovahhkiin64|move: Stealth Rock\n|\n|upkeep\n|turn|2\n|\n|t:|1700627359\n|move|p2a: Manaphy|Scald|p1a: Ting-Lu\n|-supereffective|p1a: Ting-Lu\n|-damage|p1a: Ting-Lu|1\/100\n|-status|p1a: Ting-Lu|brn\n|move|p1a: Ting-Lu|Whirlwind|p2a: Manaphy\n|drag|p2a: Blacephalon|Blacephalon|100\/100\n|-damage|p2a: Blacephalon|76\/100|[from] Stealth Rock\n|\n|-heal|p1a: Ting-Lu|7\/100 brn|[from] item: Leftovers\n|-damage|p1a: Ting-Lu|1\/100 brn|[from] brn\n|upkeep\n|turn|3\n|\n|t:|1700627382\n|move|p2a: Blacephalon|Flamethrower|p1a: Ting-Lu\n|-damage|p1a: Ting-Lu|0 fnt\n|faint|p1a: Ting-Lu\n|-ability|p2a: Blacephalon|Beast Boost|boost\n|-boost|p2a: Blacephalon|spa|1\n|\n|upkeep\n|\n|t:|1700627389\n|switch|p1a: Nihilego|Nihilego, shiny|100\/100\n|turn|4\n|\n|t:|1700627394\n|switch|p2a: Shuckle|Shuckle, M|100\/100\n|-damage|p2a: Shuckle|75\/100|[from] Stealth Rock\n|move|p1a: Nihilego|Meteor Beam||[still]\n|-prepare|p1a: Nihilego|Meteor Beam\n|-boost|p1a: Nihilego|spa|1\n|-enditem|p1a: Nihilego|Power Herb\n|-anim|p1a: Nihilego|Meteor Beam|p2a: Shuckle\n|-supereffective|p2a: Shuckle\n|-damage|p2a: Shuckle|0 fnt\n|faint|p2a: Shuckle\n|-ability|p1a: Nihilego|Beast Boost|boost\n|-boost|p1a: Nihilego|spe|1\n|\n|upkeep\n|\n|t:|1700627406\n|switch|p2a: Scizor|Scizor, F|100\/100\n|-damage|p2a: Scizor|88\/100|[from] Stealth Rock\n|turn|5\n|\n|t:|1700627413\n|detailschange|p2a: Scizor|Scizor-Mega, F\n|-mega|p2a: Scizor|Scizor|Scizorite\n|-terastallize|p1a: Nihilego|Flying\n|move|p2a: Scizor|Bullet Punch|p1a: Nihilego\n|-damage|p1a: Nihilego|40\/100\n|move|p1a: Nihilego|Hidden Power|p2a: Scizor\n|-supereffective|p2a: Scizor\n|-damage|p2a: Scizor|0 fnt\n|faint|p2a: Scizor\n|-ability|p1a: Nihilego|Beast Boost|boost\n|-boost|p1a: Nihilego|spe|1\n|\n|upkeep\n|\n|t:|1700627425\n|switch|p2a: Manaphy|Manaphy, tera:Water|100\/100\n|-damage|p2a: Manaphy|88\/100|[from] Stealth Rock\n|turn|6\n|\n|t:|1700627430\n|move|p1a: Nihilego|Grass Knot|p2a: Manaphy\n|-supereffective|p2a: Manaphy\n|-damage|p2a: Manaphy|70\/100\n|move|p2a: Manaphy|Scald|p1a: Nihilego\n|-crit|p1a: Nihilego\n|-damage|p1a: Nihilego|0 fnt\n|faint|p1a: Nihilego\n|\n|-heal|p2a: Manaphy|76\/100|[from] item: Leftovers\n|upkeep\n|\n|t:|1700627439\n|switch|p1a: Kommo-o|Kommo-o, M|100\/100\n|turn|7\n|\n|t:|1700627443\n|move|p2a: Manaphy|Ice Beam|p1a: Kommo-o\n|-supereffective|p1a: Kommo-o\n|-damage|p1a: Kommo-o|40\/100\n|-zpower|p1a: Kommo-o\n|move|p1a: Kommo-o|Clangorous Soulblaze|p2a: Manaphy|[zeffect]\n|-damage|p2a: Manaphy|0 fnt\n|faint|p2a: Manaphy\n|-boost|p1a: Kommo-o|atk|1\n|-boost|p1a: Kommo-o|def|1\n|-boost|p1a: Kommo-o|spa|1\n|-boost|p1a: Kommo-o|spd|1\n|-boost|p1a: Kommo-o|spe|1\n|\n|upkeep\n|\n|t:|1700627457\n|switch|p2a: Great Tusk|Great Tusk|100\/100\n|-damage|p2a: Great Tusk|98\/100|[from] Stealth Rock\n|turn|8\n|\n|t:|1700627466\n|move|p1a: Kommo-o|Clanging Scales|p2a: Great Tusk\n|-damage|p2a: Great Tusk|0 fnt\n|faint|p2a: Great Tusk\n|-end|p2a: Great Tusk|Protosynthesis|[silent]\n|-unboost|p1a: Kommo-o|def|1\n|\n|upkeep\n|\n|t:|1700627471\n|switch|p2a: Blacephalon|Blacephalon|76\/100\n|-damage|p2a: Blacephalon|51\/100|[from] Stealth Rock\n|turn|9\n|\n|t:|1700627478\n|move|p2a: Blacephalon|Fire Blast|p1a: Kommo-o\n|-resisted|p1a: Kommo-o\n|-crit|p1a: Kommo-o\n|-damage|p1a: Kommo-o|0 fnt\n|faint|p1a: Kommo-o\n|-ability|p2a: Blacephalon|Beast Boost|boost\n|-boost|p2a: Blacephalon|spa|1\n|\n|upkeep\n|\n|t:|1700627488\n|switch|p1a: Moltres|Moltres|100\/100\n|turn|10\n|\n|t:|1700627492\n|switch|p2a: Hydreigon|Hydreigon, M|100\/100\n|-damage|p2a: Hydreigon|88\/100|[from] Stealth Rock\n|move|p1a: Moltres|Scorching Sands|p2a: Hydreigon\n|-immune|p2a: Hydreigon|[from] ability: Levitate\n|\n|-heal|p2a: Hydreigon|94\/100|[from] item: Leftovers\n|upkeep\n|turn|11\n|\n|t:|1700627501\n|move|p2a: Hydreigon|Nasty Plot|p2a: Hydreigon\n|-boost|p2a: Hydreigon|spa|2\n|move|p1a: Moltres|Toxic|p2a: Hydreigon\n|-status|p2a: Hydreigon|tox\n|\n|-heal|p2a: Hydreigon|100\/100 tox|[from] item: Leftovers\n|-damage|p2a: Hydreigon|94\/100 tox|[from] psn\n|upkeep\n|turn|12\n|\n|t:|1700627510\n|switch|p1a: Scizor|Scizor, F|100\/100\n|move|p2a: Hydreigon|Dark Pulse|p1a: Scizor\n|-crit|p1a: Scizor\n|-damage|p1a: Scizor|0 fnt\n|faint|p1a: Scizor\n|\n|-heal|p2a: Hydreigon|100\/100 tox|[from] item: Leftovers\n|-damage|p2a: Hydreigon|88\/100 tox|[from] psn\n|upkeep\n|\n|t:|1700627517\n|switch|p1a: Iron Treads|Iron Treads|100\/100\n|-enditem|p1a: Iron Treads|Booster Energy\n|-activate|p1a: Iron Treads|ability: Quark Drive|[fromitem]\n|-start|p1a: Iron Treads|quarkdrivespe\n|turn|13\n|\n|t:|1700627525\n|move|p1a: Iron Treads|Ice Spinner|p2a: Hydreigon\n|-supereffective|p2a: Hydreigon\n|-damage|p2a: Hydreigon|35\/100 tox\n|move|p2a: Hydreigon|Dark Pulse|p1a: Iron Treads\n|-crit|p1a: Iron Treads\n|-damage|p1a: Iron Treads|0 fnt\n|faint|p1a: Iron Treads\n|-end|p1a: Iron Treads|Quark Drive|[silent]\n|\n|-heal|p2a: Hydreigon|42\/100 tox|[from] item: Leftovers\n|-damage|p2a: Hydreigon|23\/100 tox|[from] psn\n|upkeep\n|\n|t:|1700627528\n|switch|p1a: Moltres|Moltres|100\/100\n|turn|14\n|c|\u2606Dovahhkiin64|sorry\n|\n|t:|1700627537\n|move|p2a: Hydreigon|Draco Meteor|p1a: Moltres\n|-damage|p1a: Moltres|0 fnt\n|-unboost|p2a: Hydreigon|spa|2\n|faint|p1a: Moltres\n|\n|win|Dovahhkiin64\n|raw|MMM12341234124's rating: 1511 &rarr; <strong>1489<\/strong><br \/>(-22 for losing)\n|raw|Dovahhkiin64's rating: 1468 &rarr; <strong>1490<\/strong><br \/>(+22 for winning)\n","uploadtime":1700627550,"views":0,"p1id":"mmm12341234124","p2id":"dovahhkiin64","formatid":"gen9nationaldex","rating":1489,"private":0,"password":""}