{"id":"gen9nationaldex-1987522364","p1":"imp9024","p2":"programofuse","format":"[Gen 9] National Dex","log":"|j|\u2606imp9024\n|j|\u2606programofuse\n|t:|1699606046\n|gametype|singles\n|player|p1|imp9024|lass-gen4dp|\n|player|p2|programofuse|veteranf|\n|teamsize|p1|6\n|teamsize|p2|6\n|gen|9\n|tier|[Gen 9] National Dex\n|rule|HP Percentage Mod: HP is shown in percentages\n|rule|Endless Battle Clause: Forcing endless battles is banned\n|rule|OHKO Clause: OHKO moves are banned\n|rule|Evasion Clause: Evasion abilities, items, and moves are banned\n|rule|Evasion Abilities Clause: Evasion abilities are banned\n|rule|Evasion Items Clause: Evasion items are banned\n|rule|Evasion Moves Clause: Evasion moves are banned\n|rule|Species Clause: Limit one of each Pok\u00e9mon\n|rule|Sleep Clause Mod: Limit one foe put to sleep\n|clearpoke\n|poke|p1|Banette, F|\n|poke|p1|Starmie|\n|poke|p1|Dragonite, F|\n|poke|p1|Muk-Alola, F|\n|poke|p1|Araquanid, M|\n|poke|p1|Gliscor, M|\n|poke|p2|Delphox, F|\n|poke|p2|Diancie|\n|poke|p2|Deoxys-Defense|\n|poke|p2|Ditto|\n|poke|p2|Doublade, M|\n|poke|p2|Dragonite, F|\n|teampreview\n|c|\u2606imp9024|glhf\n|c|\u2606programofuse|beware the D team >:3. A team where all pokemon start with the letter D\n|c|\u2606imp9024|actually not gl i wish you bad luck\n|c|\u2606programofuse|bruh\n|c|\u2606imp9024|beware my inaccurate moves\n|\n|t:|1699606083\n|start\n|switch|p1a: Gliscor|Gliscor, M|100\/100\n|switch|p2a: Ditto|Ditto|100\/100\n|-transform|p2a: Ditto|p1a: Gliscor|[from] ability: Imposter\n|turn|1\n|\n|t:|1699606092\n|move|p2a: Ditto|Spikes|p1a: Gliscor\n|-sidestart|p1: imp9024|Spikes\n|move|p1a: Gliscor|Spikes|p2a: Ditto\n|-sidestart|p2: programofuse|Spikes\n|\n|-status|p1a: Gliscor|tox|[from] item: Toxic Orb\n|upkeep\n|turn|2\n|c|\u2606imp9024|ik theres nothing u can do to me\n|\n|t:|1699606106\n|switch|p2a: Doublade|Doublade, M|100\/100\n|-damage|p2a: Doublade|88\/100|[from] Spikes\n|move|p1a: Gliscor|Spikes|p2a: Doublade\n|-sidestart|p2: programofuse|Spikes\n|\n|upkeep\n|turn|3\n|\n|t:|1699606113\n|move|p1a: Gliscor|Protect|p1a: Gliscor\n|-singleturn|p1a: Gliscor|Protect\n|move|p2a: Doublade|Substitute|p2a: Doublade\n|-start|p2a: Doublade|Substitute\n|-damage|p2a: Doublade|63\/100\n|\n|upkeep\n|turn|4\n|\n|t:|1699606120\n|move|p1a: Gliscor|Earthquake|p2a: Doublade\n|-supereffective|p2a: Doublade\n|-end|p2a: Doublade|Substitute\n|move|p2a: Doublade|Gyro Ball|p1a: Gliscor\n|-damage|p1a: Gliscor|74\/100 tox\n|\n|-heal|p1a: Gliscor|87\/100 tox|[from] ability: Poison Heal\n|upkeep\n|turn|5\n|c|\u2606programofuse|Yeah, there is no way I am breaking through this -m-\n|c|\u2606imp9024|i hope this flying scorp doesnt get banned\n|\n|t:|1699606159\n|switch|p2a: Deoxys|Deoxys-Defense|100\/100\n|-damage|p2a: Deoxys|84\/100|[from] Spikes\n|-ability|p2a: Deoxys|Pressure\n|move|p1a: Gliscor|Spikes|p2a: Deoxys\n|-sidestart|p2: programofuse|Spikes\n|\n|-heal|p2a: Deoxys|90\/100|[from] item: Leftovers\n|-heal|p1a: Gliscor|99\/100 tox|[from] ability: Poison Heal\n|upkeep\n|turn|6\n|\n|t:|1699606168\n|move|p1a: Gliscor|Toxic|p2a: Deoxys\n|-status|p2a: Deoxys|tox\n|move|p2a: Deoxys|Stealth Rock|p1a: Gliscor\n|-sidestart|p1: imp9024|move: Stealth Rock\n|\n|-heal|p2a: Deoxys|97\/100 tox|[from] item: Leftovers\n|-heal|p1a: Gliscor|100\/100 tox|[from] ability: Poison Heal\n|-damage|p2a: Deoxys|90\/100 tox|[from] psn\n|upkeep\n|turn|7\n|\n|t:|1699606177\n|switch|p2a: Ditto|Ditto|100\/100\n|-damage|p2a: Ditto|75\/100|[from] Spikes\n|-transform|p2a: Ditto|p1a: Gliscor|[from] ability: Imposter\n|move|p1a: Gliscor|Earthquake|p2a: Ditto\n|-immune|p2a: Ditto\n|\n|upkeep\n|turn|8\n|\n|t:|1699606188\n|switch|p1a: Gold fearing star|Starmie|100\/100\n|-damage|p1a: Gold fearing star|88\/100|[from] Spikes\n|-damage|p1a: Gold fearing star|76\/100|[from] Stealth Rock\n|move|p2a: Ditto|Spikes|p1a: Gold fearing star\n|-sidestart|p1: imp9024|Spikes\n|\n|-heal|p1a: Gold fearing star|82\/100|[from] item: Leftovers\n|upkeep\n|turn|9\n|\n|t:|1699606197\n|switch|p2a: Deoxys|Deoxys-Defense|90\/100 tox\n|-damage|p2a: Deoxys|65\/100 tox|[from] Spikes\n|-ability|p2a: Deoxys|Pressure\n|move|p1a: Gold fearing star|Scald|p2a: Deoxys\n|-damage|p2a: Deoxys|49\/100 tox\n|\n|-heal|p1a: Gold fearing star|88\/100|[from] item: Leftovers\n|-heal|p2a: Deoxys|55\/100 tox|[from] item: Leftovers\n|-damage|p2a: Deoxys|49\/100 tox|[from] psn\n|upkeep\n|turn|10\n|\n|t:|1699606208\n|move|p1a: Gold fearing star|Rapid Spin|p2a: Deoxys\n|-damage|p2a: Deoxys|43\/100 tox\n|-boost|p1a: Gold fearing star|spe|1\n|-sideend|p1: imp9024|Spikes|[from] move: Rapid Spin|[of] p1a: Gold fearing star\n|-sideend|p1: imp9024|Stealth Rock|[from] move: Rapid Spin|[of] p1a: Gold fearing star\n|move|p2a: Deoxys|Toxic|p1a: Gold fearing star\n|-status|p1a: Gold fearing star|tox\n|\n|-heal|p1a: Gold fearing star|94\/100 tox|[from] item: Leftovers\n|-heal|p2a: Deoxys|50\/100 tox|[from] item: Leftovers\n|-damage|p1a: Gold fearing star|88\/100 tox|[from] psn\n|-damage|p2a: Deoxys|37\/100 tox|[from] psn\n|upkeep\n|turn|11\n|c|\u2606imp9024|bad move\n|c|\u2606imp9024|this thing gets natural cure\n|\n|t:|1699606228\n|-curestatus|p1a: Gold fearing star|tox|[from] ability: Natural Cure\n|switch|p1a: Gliscor|Gliscor, M|100\/100 tox\n|switch|p2a: Ditto|Ditto|75\/100\n|-damage|p2a: Ditto|50\/100|[from] Spikes\n|-transform|p2a: Ditto|p1a: Gliscor|[from] ability: Imposter\n|\n|upkeep\n|turn|12\n|c|\u2606programofuse|oh yeah\n|\n|t:|1699606238\n|move|p2a: Ditto|Spikes|p1a: Gliscor\n|-sidestart|p1: imp9024|Spikes\n|move|p1a: Gliscor|Toxic|p2a: Ditto\n|-status|p2a: Ditto|tox\n|\n|-heal|p2a: Ditto|63\/100 tox|[from] ability: Poison Heal\n|upkeep\n|turn|13\n|c|\u2606programofuse|also thanks\n|c|\u2606imp9024|hehehe forgot ditto copies abilities\n|\n|t:|1699606262\n|switch|p1a: Gold fearing star|Starmie|88\/100\n|-damage|p1a: Gold fearing star|76\/100|[from] Spikes\n|move|p2a: Ditto|Spikes|p1a: Gold fearing star\n|-sidestart|p1: imp9024|Spikes\n|\n|-heal|p1a: Gold fearing star|82\/100|[from] item: Leftovers\n|-heal|p2a: Ditto|75\/100 tox|[from] ability: Poison Heal\n|upkeep\n|turn|14\n|c|\u2606imp9024|gliscor cant beat starmie\n|\n|t:|1699606276\n|switch|p2a: Doublade|Doublade, M|63\/100\n|-damage|p2a: Doublade|38\/100|[from] Spikes\n|move|p1a: Gold fearing star|Rapid Spin|p2a: Doublade\n|-immune|p2a: Doublade\n|\n|-heal|p1a: Gold fearing star|88\/100|[from] item: Leftovers\n|upkeep\n|turn|15\n|\n|t:|1699606286\n|switch|p1a: Fast|Dragonite, F|100\/100\n|move|p2a: Doublade|Shadow Sneak|p1a: Fast\n|-damage|p1a: Fast|92\/100\n|\n|-heal|p1a: Fast|98\/100|[from] item: Leftovers\n|upkeep\n|turn|16\n|\n|t:|1699606294\n|move|p1a: Fast|Dragon Dance|p1a: Fast\n|-boost|p1a: Fast|atk|1\n|-boost|p1a: Fast|spe|1\n|move|p2a: Doublade|Substitute|p2a: Doublade\n|-start|p2a: Doublade|Substitute\n|-damage|p2a: Doublade|13\/100\n|\n|-heal|p1a: Fast|100\/100|[from] item: Leftovers\n|upkeep\n|turn|17\n|c|\u2606programofuse|neat\n|\n|t:|1699606304\n|move|p1a: Fast|Fire Punch|p2a: Doublade\n|-supereffective|p2a: Doublade\n|-end|p2a: Doublade|Substitute\n|move|p2a: Doublade|Destiny Bond|p2a: Doublade\n|-singlemove|p2a: Doublade|Destiny Bond\n|\n|upkeep\n|turn|18\n|\n|t:|1699606310\n|move|p1a: Fast|Dragon Dance|p1a: Fast\n|-boost|p1a: Fast|atk|1\n|-boost|p1a: Fast|spe|1\n|move|p2a: Doublade|Gyro Ball|p1a: Fast\n|-damage|p1a: Fast|70\/100\n|\n|-heal|p1a: Fast|76\/100|[from] item: Leftovers\n|upkeep\n|turn|19\n|\n|t:|1699606326\n|move|p2a: Doublade|Shadow Sneak|p1a: Fast\n|-damage|p1a: Fast|59\/100\n|move|p1a: Fast|Fire Punch|p2a: Doublade\n|-supereffective|p2a: Doublade\n|-damage|p2a: Doublade|0 fnt\n|faint|p2a: Doublade\n|\n|-heal|p1a: Fast|65\/100|[from] item: Leftovers\n|upkeep\n|\n|t:|1699606334\n|switch|p2a: Dragonite|Dragonite, F|100\/100\n|turn|20\n|\n|t:|1699606341\n|-terastallize|p1a: Fast|Normal\n|-terastallize|p2a: Dragonite|Normal\n|move|p1a: Fast|Extreme Speed|p2a: Dragonite\n|-damage|p2a: Dragonite|45\/100\n|move|p2a: Dragonite|Extreme Speed|p1a: Fast\n|-damage|p1a: Fast|21\/100\n|\n|-heal|p1a: Fast|27\/100|[from] item: Leftovers\n|upkeep\n|turn|21\n|\n|t:|1699606351\n|switch|p2a: Deoxys|Deoxys-Defense|37\/100 tox\n|-damage|p2a: Deoxys|12\/100 tox|[from] Spikes\n|-ability|p2a: Deoxys|Pressure\n|move|p1a: Fast|Extreme Speed|p2a: Deoxys\n|-damage|p2a: Deoxys|0 fnt\n|faint|p2a: Deoxys\n|\n|-heal|p1a: Fast|33\/100|[from] item: Leftovers\n|upkeep\n|\n|t:|1699606353\n|switch|p2a: Ditto|Ditto|75\/100 tox\n|-damage|p2a: Ditto|50\/100 tox|[from] Spikes\n|-transform|p2a: Ditto|p1a: Fast|[from] ability: Imposter\n|-start|p2a: Ditto|typechange|Dragon\/Flying|[silent]\n|turn|22\n|c|\u2606programofuse|check\n|c|\u2606programofuse|not mate yet though\n|c|\u2606imp9024|there will be no pp stall of espeed tdy\n|\n|t:|1699606384\n|move|p1a: Fast|Extreme Speed|p2a: Ditto\n|-damage|p2a: Ditto|0 fnt\n|faint|p2a: Ditto\n|\n|-heal|p1a: Fast|40\/100|[from] item: Leftovers\n|upkeep\n|c|\u2606programofuse|dangit\n|c|\u2606imp9024|mate\n|c|\u2606programofuse|thought you'd switch\n|c|\u2606programofuse|yeah I lost\n|c|\u2606imp9024|if i lost that gliscor can beat dnite and so can banette\n|c|\u2606programofuse|?\n|-message|programofuse forfeited.\n|\n|win|imp9024\n|l|\u2606programofuse\n|c|\u2606imp9024|banette has prankster destiny bond after mega\n","uploadtime":1699606466,"views":10,"p1id":"imp9024","p2id":"programofuse","formatid":"gen9nationaldex","rating":0,"private":0,"password":""}