{"id":"gen9nationaldex-1988811005","p1":"CHSwhite","p2":"d-ddkb\u771f\u65b0\u4eba","format":"[Gen 9] National Dex","log":"|j|\u2606CHSwhite\n|j|\u2606d-ddkb\u771f\u65b0\u4eba\n|t:|1699766577\n|gametype|singles\n|player|p1|CHSwhite|gentleman-gen4|1614\n|player|p2|d-ddkb\u771f\u65b0\u4eba|furisodegirl-black|1670\n|teamsize|p1|6\n|teamsize|p2|6\n|gen|9\n|tier|[Gen 9] National Dex\n|rated|\n|rule|HP Percentage Mod: HP is shown in percentages\n|rule|Endless Battle Clause: Forcing endless battles is banned\n|rule|OHKO Clause: OHKO moves are banned\n|rule|Evasion Clause: Evasion abilities, items, and moves are banned\n|rule|Evasion Abilities Clause: Evasion abilities are banned\n|rule|Evasion Items Clause: Evasion items are banned\n|rule|Evasion Moves Clause: Evasion moves are banned\n|rule|Species Clause: Limit one of each Pok\u00e9mon\n|rule|Sleep Clause Mod: Limit one foe put to sleep\n|clearpoke\n|poke|p1|Tapu Lele|\n|poke|p1|Alomomola, F|\n|poke|p1|Chansey, F|\n|poke|p1|Lopunny, F|\n|poke|p1|Corviknight, M|\n|poke|p1|Great Tusk|\n|poke|p2|Rillaboom, F|\n|poke|p2|Zapdos|\n|poke|p2|Diancie|\n|poke|p2|Tapu Lele|\n|poke|p2|Urshifu-*, M|\n|poke|p2|Samurott-Hisui, M|\n|teampreview\n|\n|t:|1699766592\n|start\n|switch|p1a: Tapu Lele|Tapu Lele|100\/100\n|switch|p2a: \u5148\u5236\u90fd\u53ef\u4ee5\u5148\u5236|Tapu Lele|100\/100\n|-fieldstart|move: Psychic Terrain|[from] ability: Psychic Surge|[of] p1a: Tapu Lele\n|turn|1\n|inactive|Battle timer is ON: inactive players will automatically lose when time's up. (requested by CHSwhite)\n|inactive|d-ddkb\u771f\u65b0\u4eba also wants the timer to be on.\n|\n|t:|1699766605\n|-terastallize|p1a: Tapu Lele|Psychic\n|move|p1a: Tapu Lele|Psychic|p2a: \u5148\u5236\u90fd\u53ef\u4ee5\u5148\u5236\n|-resisted|p2a: \u5148\u5236\u90fd\u53ef\u4ee5\u5148\u5236\n|-damage|p2a: \u5148\u5236\u90fd\u53ef\u4ee5\u5148\u5236|45\/100\n|move|p2a: \u5148\u5236\u90fd\u53ef\u4ee5\u5148\u5236|Future Sight|p1a: Tapu Lele\n|-start|p2a: \u5148\u5236\u90fd\u53ef\u4ee5\u5148\u5236|move: Future Sight\n|\n|upkeep\n|turn|2\n|\n|t:|1699766620\n|switch|p1a: Lopunny|Lopunny, F|100\/100\n|switch|p2a: Samurott|Samurott-Hisui, M|100\/100\n|\n|upkeep\n|turn|3\n|\n|t:|1699766632\n|switch|p2a: \u4e3a\u4ec0\u4e48\u6211\u7684\u9e1f\u54e5\u4e24\u7279\u6027\u90fd\u662f\u767d\u677f\uff08\uff09|Zapdos|100\/100\n|detailschange|p1a: Lopunny|Lopunny-Mega, F\n|-mega|p1a: Lopunny|Lopunny|Lopunnite\n|move|p1a: Lopunny|U-turn|p2a: \u4e3a\u4ec0\u4e48\u6211\u7684\u9e1f\u54e5\u4e24\u7279\u6027\u90fd\u662f\u767d\u677f\uff08\uff09\n|-resisted|p2a: \u4e3a\u4ec0\u4e48\u6211\u7684\u9e1f\u54e5\u4e24\u7279\u6027\u90fd\u662f\u767d\u677f\uff08\uff09\n|-damage|p2a: \u4e3a\u4ec0\u4e48\u6211\u7684\u9e1f\u54e5\u4e24\u7279\u6027\u90fd\u662f\u767d\u677f\uff08\uff09|91\/100\n|\n|t:|1699766649\n|switch|p1a: Chansey|Chansey, F|100\/100|[from] U-turn\n|\n|-end|p1a: Chansey|move: Future Sight\n|-damage|p1a: Chansey|75\/100\n|upkeep\n|turn|4\n|\n|t:|1699766665\n|move|p2a: \u4e3a\u4ec0\u4e48\u6211\u7684\u9e1f\u54e5\u4e24\u7279\u6027\u90fd\u662f\u767d\u677f\uff08\uff09|Volt Switch|p1a: Chansey\n|-damage|p1a: Chansey|65\/100\n|\n|t:|1699766669\n|switch|p2a: Diancie|Diancie|100\/100|[from] Volt Switch\n|move|p1a: Chansey|Thunder Wave|p2a: Diancie\n|-status|p2a: Diancie|par\n|\n|upkeep\n|turn|5\n|\n|t:|1699766683\n|detailschange|p2a: Diancie|Diancie-Mega\n|-mega|p2a: Diancie|Diancie|Diancite\n|move|p2a: Diancie|Diamond Storm|p1a: Chansey\n|-damage|p1a: Chansey|34\/100\n|move|p1a: Chansey|Soft-Boiled|p1a: Chansey\n|-heal|p1a: Chansey|84\/100\n|\n|-fieldend|move: Psychic Terrain\n|upkeep\n|turn|6\n|\n|t:|1699766699\n|switch|p2a: Samurott|Samurott-Hisui, M|100\/100\n|move|p1a: Chansey|Soft-Boiled|p1a: Chansey\n|-heal|p1a: Chansey|100\/100\n|\n|upkeep\n|turn|7\n|\n|t:|1699766709\n|move|p2a: Samurott|Razor Shell|p1a: Chansey|[miss]\n|-miss|p2a: Samurott|p1a: Chansey\n|move|p1a: Chansey|Thunder Wave|p2a: Samurott\n|-status|p2a: Samurott|par\n|\n|upkeep\n|turn|8\n|\n|t:|1699766728\n|switch|p1a: Corviknight|Corviknight, M|100\/100\n|-ability|p1a: Corviknight|Pressure\n|cant|p2a: Samurott|par\n|\n|upkeep\n|turn|9\n|c|\u2606d-ddkb\u771f\u65b0\u4eba|\u2026\u2026\n|\n|t:|1699766748\n|move|p1a: Corviknight|U-turn|p2a: Samurott\n|-supereffective|p2a: Samurott\n|-damage|p2a: Samurott|65\/100 par\n|\n|t:|1699766757\n|switch|p1a: Alomomola|Alomomola, F|100\/100|[from] U-turn\n|move|p2a: Samurott|Ceaseless Edge|p1a: Alomomola\n|-damage|p1a: Alomomola|76\/100\n|-sidestart|p1: CHSwhite|Spikes\n|\n|upkeep\n|turn|10\n|\n|t:|1699766772\n|move|p1a: Alomomola|Flip Turn|p2a: Samurott\n|-resisted|p2a: Samurott\n|-damage|p2a: Samurott|58\/100 par\n|inactive|CHSwhite has 120 seconds left.\n|\n|t:|1699766793\n|switch|p1a: Tapu Lele|Tapu Lele, tera:Psychic|100\/100|[from] Flip Turn\n|-damage|p1a: Tapu Lele|88\/100|[from] Spikes\n|-fieldstart|move: Psychic Terrain|[from] ability: Psychic Surge|[of] p1a: Tapu Lele\n|cant|p2a: Samurott|par\n|\n|upkeep\n|turn|11\n|inactive|CHSwhite has 120 seconds left.\n|\n|t:|1699766806\n|-terastallize|p2a: Samurott|Poison\n|move|p1a: Tapu Lele|Moonblast|p2a: Samurott\n|-resisted|p2a: Samurott\n|-damage|p2a: Samurott|26\/100 par\n|-unboost|p2a: Samurott|spa|1\n|cant|p2a: Samurott|par\n|\n|upkeep\n|turn|12\n|inactive|CHSwhite has 120 seconds left.\n|c|\u2606CHSwhite|sorry\n|\n|t:|1699766825\n|move|p1a: Tapu Lele|Moonblast|p2a: Samurott\n|-resisted|p2a: Samurott\n|-damage|p2a: Samurott|0 fnt\n|faint|p2a: Samurott\n|\n|upkeep\n|\n|t:|1699766830\n|switch|p2a: Tapu Bulu-Mega|Rillaboom, F|100\/100\n|-fieldstart|move: Grassy Terrain|[from] ability: Grassy Surge|[of] p2a: Tapu Bulu-Mega\n|turn|13\n|\n|t:|1699766839\n|switch|p1a: Corviknight|Corviknight, M|100\/100\n|-ability|p1a: Corviknight|Pressure\n|move|p2a: Tapu Bulu-Mega|Knock Off|p1a: Corviknight\n|-damage|p1a: Corviknight|69\/100\n|-enditem|p1a: Corviknight|Heavy-Duty Boots|[from] move: Knock Off|[of] p2a: Tapu Bulu-Mega\n|\n|upkeep\n|turn|14\n|\n|t:|1699766849\n|switch|p2a: Diancie|Diancie-Mega|100\/100 par\n|move|p1a: Corviknight|U-turn|p2a: Diancie\n|-resisted|p2a: Diancie\n|-damage|p2a: Diancie|91\/100 par\n|j| playingDeF\n|\n|t:|1699766859\n|switch|p1a: Tapu Lele|Tapu Lele, tera:Psychic|88\/100|[from] U-turn\n|-damage|p1a: Tapu Lele|76\/100|[from] Spikes\n|-fieldstart|move: Psychic Terrain|[from] ability: Psychic Surge|[of] p1a: Tapu Lele\n|\n|upkeep\n|turn|15\n|\n|t:|1699766868\n|move|p1a: Tapu Lele|Psychic|p2a: Diancie\n|-damage|p2a: Diancie|0 fnt\n|faint|p2a: Diancie\n|\n|upkeep\n|\n|t:|1699766874\n|switch|p2a: Urshifu|Urshifu-Rapid-Strike, M|100\/100\n|turn|16\n|\n|t:|1699766890\n|switch|p1a: Alomomola|Alomomola, F|100\/100\n|move|p2a: Urshifu|U-turn|p1a: Alomomola\n|-damage|p1a: Alomomola|88\/100\n|\n|t:|1699766900\n|switch|p2a: Tapu Bulu-Mega|Rillaboom, F|100\/100|[from] U-turn\n|-fieldstart|move: Grassy Terrain|[from] ability: Grassy Surge|[of] p2a: Tapu Bulu-Mega\n|\n|-heal|p1a: Alomomola|94\/100|[from] Grassy Terrain\n|upkeep\n|turn|17\n|\n|t:|1699766923\n|move|p2a: Tapu Bulu-Mega|U-turn|p1a: Alomomola\n|-damage|p1a: Alomomola|75\/100\n|\n|t:|1699766928\n|switch|p2a: \u5148\u5236\u90fd\u53ef\u4ee5\u5148\u5236|Tapu Lele|45\/100|[from] U-turn\n|-fieldstart|move: Psychic Terrain|[from] ability: Psychic Surge|[of] p2a: \u5148\u5236\u90fd\u53ef\u4ee5\u5148\u5236\n|move|p1a: Alomomola|Flip Turn|p2a: \u5148\u5236\u90fd\u53ef\u4ee5\u5148\u5236\n|-damage|p2a: \u5148\u5236\u90fd\u53ef\u4ee5\u5148\u5236|25\/100\n|\n|t:|1699766939\n|switch|p1a: Lopunny|Lopunny-Mega, F|100\/100|[from] Flip Turn\n|-damage|p1a: Lopunny|88\/100|[from] Spikes\n|\n|upkeep\n|turn|18\n|\n|t:|1699766946\n|switch|p2a: \u4e3a\u4ec0\u4e48\u6211\u7684\u9e1f\u54e5\u4e24\u7279\u6027\u90fd\u662f\u767d\u677f\uff08\uff09|Zapdos|91\/100\n|move|p1a: Lopunny|U-turn|p2a: \u4e3a\u4ec0\u4e48\u6211\u7684\u9e1f\u54e5\u4e24\u7279\u6027\u90fd\u662f\u767d\u677f\uff08\uff09\n|-resisted|p2a: \u4e3a\u4ec0\u4e48\u6211\u7684\u9e1f\u54e5\u4e24\u7279\u6027\u90fd\u662f\u767d\u677f\uff08\uff09\n|-damage|p2a: \u4e3a\u4ec0\u4e48\u6211\u7684\u9e1f\u54e5\u4e24\u7279\u6027\u90fd\u662f\u767d\u677f\uff08\uff09|82\/100\n|\n|t:|1699766951\n|switch|p1a: Tapu Lele|Tapu Lele, tera:Psychic|76\/100|[from] U-turn\n|-damage|p1a: Tapu Lele|63\/100|[from] Spikes\n|\n|upkeep\n|turn|19\n|\n|t:|1699766958\n|move|p1a: Tapu Lele|Psychic|p2a: \u4e3a\u4ec0\u4e48\u6211\u7684\u9e1f\u54e5\u4e24\u7279\u6027\u90fd\u662f\u767d\u677f\uff08\uff09\n|-damage|p2a: \u4e3a\u4ec0\u4e48\u6211\u7684\u9e1f\u54e5\u4e24\u7279\u6027\u90fd\u662f\u767d\u677f\uff08\uff09|0 fnt\n|faint|p2a: \u4e3a\u4ec0\u4e48\u6211\u7684\u9e1f\u54e5\u4e24\u7279\u6027\u90fd\u662f\u767d\u677f\uff08\uff09\n|\n|upkeep\n|\n|t:|1699766963\n|switch|p2a: Urshifu|Urshifu-Rapid-Strike, M|100\/100\n|turn|20\n|\n|t:|1699766985\n|switch|p1a: Alomomola|Alomomola, F|100\/100\n|move|p2a: Urshifu|Close Combat|p1a: Alomomola\n|-damage|p1a: Alomomola|64\/100\n|-unboost|p2a: Urshifu|def|1\n|-unboost|p2a: Urshifu|spd|1\n|\n|upkeep\n|turn|21\n|\n|t:|1699766995\n|move|p2a: Urshifu|Close Combat|p1a: Alomomola\n|-damage|p1a: Alomomola|31\/100\n|-unboost|p2a: Urshifu|def|1\n|-unboost|p2a: Urshifu|spd|1\n|move|p1a: Alomomola|Flip Turn|p2a: Urshifu\n|-resisted|p2a: Urshifu\n|-damage|p2a: Urshifu|85\/100\n|\n|t:|1699767012\n|switch|p1a: Lopunny|Lopunny-Mega, F|88\/100|[from] Flip Turn\n|-damage|p1a: Lopunny|76\/100|[from] Spikes\n|\n|-fieldend|move: Psychic Terrain\n|upkeep\n|turn|22\n|\n|t:|1699767027\n|move|p1a: Lopunny|Fake Out|p2a: Urshifu\n|-damage|p2a: Urshifu|44\/100\n|cant|p2a: Urshifu|flinch\n|\n|upkeep\n|turn|23\n|\n|t:|1699767044\n|switch|p1a: Great Tusk|Great Tusk|100\/100\n|-damage|p1a: Great Tusk|88\/100|[from] Spikes\n|move|p2a: Urshifu|Close Combat|p1a: Great Tusk\n|-damage|p1a: Great Tusk|42\/100\n|-unboost|p2a: Urshifu|def|1\n|-unboost|p2a: Urshifu|spd|1\n|\n|upkeep\n|turn|24\n|\n|t:|1699767055\n|move|p2a: Urshifu|Close Combat|p1a: Great Tusk\n|-damage|p1a: Great Tusk|0 fnt\n|-unboost|p2a: Urshifu|def|1\n|-unboost|p2a: Urshifu|spd|1\n|faint|p1a: Great Tusk\n|-end|p1a: Great Tusk|Protosynthesis|[silent]\n|\n|upkeep\n|inactive|CHSwhite has 120 seconds left.\n|\n|t:|1699767070\n|switch|p1a: Alomomola|Alomomola, F|64\/100\n|turn|25\n|\n|t:|1699767088\n|move|p2a: Urshifu|Close Combat|p1a: Alomomola\n|-damage|p1a: Alomomola|33\/100\n|-unboost|p2a: Urshifu|def|1\n|-unboost|p2a: Urshifu|spd|1\n|move|p1a: Alomomola|Wish|p1a: Alomomola\n|\n|upkeep\n|turn|26\n|\n|t:|1699767102\n|move|p1a: Alomomola|Protect|p1a: Alomomola\n|-singleturn|p1a: Alomomola|Protect\n|move|p2a: Urshifu|Close Combat|p1a: Alomomola\n|-damage|p1a: Alomomola|0 fnt\n|-unboost|p2a: Urshifu|def|1\n|-unboost|p2a: Urshifu|spd|1\n|faint|p1a: Alomomola\n|\n|upkeep\n|inactive|CHSwhite has 120 seconds left.\n|\n|t:|1699767125\n|switch|p1a: Lopunny|Lopunny-Mega, F|76\/100\n|-damage|p1a: Lopunny|64\/100|[from] Spikes\n|turn|27\n|inactive|CHSwhite has 120 seconds left.\n|\n|t:|1699767139\n|switch|p2a: Tapu Bulu-Mega|Rillaboom, F|100\/100\n|-fieldstart|move: Grassy Terrain|[from] ability: Grassy Surge|[of] p2a: Tapu Bulu-Mega\n|move|p1a: Lopunny|U-turn|p2a: Tapu Bulu-Mega\n|-supereffective|p2a: Tapu Bulu-Mega\n|-damage|p2a: Tapu Bulu-Mega|50\/100\n|j| KoKohs\n|inactive|CHSwhite has 120 seconds left.\n|\n|t:|1699767146\n|switch|p1a: Tapu Lele|Tapu Lele, tera:Psychic|63\/100|[from] U-turn\n|-damage|p1a: Tapu Lele|51\/100|[from] Spikes\n|-fieldstart|move: Psychic Terrain|[from] ability: Psychic Surge|[of] p1a: Tapu Lele\n|\n|upkeep\n|turn|28\n|inactive|CHSwhite has 120 seconds left.\n|\n|t:|1699767166\n|switch|p2a: \u5148\u5236\u90fd\u53ef\u4ee5\u5148\u5236|Tapu Lele|25\/100\n|move|p1a: Tapu Lele|Psychic|p2a: \u5148\u5236\u90fd\u53ef\u4ee5\u5148\u5236\n|-resisted|p2a: \u5148\u5236\u90fd\u53ef\u4ee5\u5148\u5236\n|-damage|p2a: \u5148\u5236\u90fd\u53ef\u4ee5\u5148\u5236|0 fnt\n|faint|p2a: \u5148\u5236\u90fd\u53ef\u4ee5\u5148\u5236\n|\n|upkeep\n|\n|t:|1699767173\n|switch|p2a: Urshifu|Urshifu-Rapid-Strike, M|44\/100\n|turn|29\n|inactive|CHSwhite has 120 seconds left.\n|\n|t:|1699767189\n|switch|p1a: Chansey|Chansey, F|100\/100\n|-damage|p1a: Chansey|88\/100|[from] Spikes\n|move|p2a: Urshifu|Surging Strikes|p1a: Chansey\n|-crit|p1a: Chansey\n|-damage|p1a: Chansey|76\/100\n|-crit|p1a: Chansey\n|-damage|p1a: Chansey|64\/100\n|-crit|p1a: Chansey\n|-damage|p1a: Chansey|51\/100\n|-hitcount|p1a: Chansey|3\n|\n|upkeep\n|turn|30\n|inactive|CHSwhite has 120 seconds left.\n|j| snivy ye \u53f6\u86c7\n|j| hainiumm\n|\n|t:|1699767205\n|move|p2a: Urshifu|Surging Strikes|p1a: Chansey\n|-crit|p1a: Chansey\n|-damage|p1a: Chansey|38\/100\n|-crit|p1a: Chansey\n|-damage|p1a: Chansey|24\/100\n|-crit|p1a: Chansey\n|-damage|p1a: Chansey|10\/100\n|-hitcount|p1a: Chansey|3\n|move|p1a: Chansey|Soft-Boiled|p1a: Chansey\n|-heal|p1a: Chansey|60\/100\n|\n|upkeep\n|turn|31\n|\n|t:|1699767210\n|move|p2a: Urshifu|Surging Strikes|p1a: Chansey\n|-crit|p1a: Chansey\n|-damage|p1a: Chansey|47\/100\n|-crit|p1a: Chansey\n|-damage|p1a: Chansey|33\/100\n|-crit|p1a: Chansey\n|-damage|p1a: Chansey|21\/100\n|-hitcount|p1a: Chansey|3\n|move|p1a: Chansey|Soft-Boiled|p1a: Chansey\n|-heal|p1a: Chansey|71\/100\n|\n|-fieldend|move: Psychic Terrain\n|upkeep\n|turn|32\n|inactive|CHSwhite has 120 seconds left.\n|\n|t:|1699767221\n|switch|p2a: Tapu Bulu-Mega|Rillaboom, F|50\/100\n|-fieldstart|move: Grassy Terrain|[from] ability: Grassy Surge|[of] p2a: Tapu Bulu-Mega\n|move|p1a: Chansey|Soft-Boiled|p1a: Chansey\n|-heal|p1a: Chansey|100\/100\n|\n|-heal|p2a: Tapu Bulu-Mega|56\/100|[from] Grassy Terrain\n|upkeep\n|turn|33\n|\n|t:|1699767232\n|move|p2a: Tapu Bulu-Mega|U-turn|p1a: Chansey\n|-damage|p1a: Chansey|77\/100\n|\n|t:|1699767236\n|switch|p2a: Urshifu|Urshifu-Rapid-Strike, M|44\/100|[from] U-turn\n|move|p1a: Chansey|Teleport|p1a: Chansey\n|\n|t:|1699767242\n|switch|p1a: Lopunny|Lopunny-Mega, F|64\/100|[from] Teleport\n|-damage|p1a: Lopunny|52\/100|[from] Spikes\n|\n|-heal|p2a: Urshifu|50\/100|[from] Grassy Terrain\n|-heal|p1a: Lopunny|58\/100|[from] Grassy Terrain\n|upkeep\n|turn|34\n|\n|t:|1699767258\n|move|p1a: Lopunny|Fake Out|p2a: Urshifu\n|-damage|p2a: Urshifu|27\/100\n|cant|p2a: Urshifu|flinch\n|\n|-heal|p2a: Urshifu|33\/100|[from] Grassy Terrain\n|-heal|p1a: Lopunny|64\/100|[from] Grassy Terrain\n|upkeep\n|turn|35\n|\n|t:|1699767278\n|switch|p1a: Corviknight|Corviknight, M|69\/100\n|-ability|p1a: Corviknight|Pressure\n|move|p2a: Urshifu|Close Combat|p1a: Corviknight\n|-damage|p1a: Corviknight|31\/100\n|-unboost|p2a: Urshifu|def|1\n|-unboost|p2a: Urshifu|spd|1\n|\n|-heal|p2a: Urshifu|39\/100|[from] Grassy Terrain\n|upkeep\n|turn|36\n|inactive|CHSwhite has 120 seconds left.\n|\n|t:|1699767294\n|switch|p2a: Tapu Bulu-Mega|Rillaboom, F|56\/100\n|move|p1a: Corviknight|U-turn|p2a: Tapu Bulu-Mega\n|-supereffective|p2a: Tapu Bulu-Mega\n|-damage|p2a: Tapu Bulu-Mega|29\/100\n|inactive|CHSwhite has 120 seconds left.\n|\n|t:|1699767302\n|switch|p1a: Tapu Lele|Tapu Lele, tera:Psychic|51\/100|[from] U-turn\n|-damage|p1a: Tapu Lele|38\/100|[from] Spikes\n|-fieldstart|move: Psychic Terrain|[from] ability: Psychic Surge|[of] p1a: Tapu Lele\n|\n|upkeep\n|turn|37\n|l| hainiumm\n|inactive|d-ddkb\u771f\u65b0\u4eba has 120 seconds left.\n|\n|t:|1699767333\n|switch|p2a: Urshifu|Urshifu-Rapid-Strike, M|39\/100\n|move|p1a: Tapu Lele|Psychic|p2a: Urshifu\n|-supereffective|p2a: Urshifu\n|-damage|p2a: Urshifu|0 fnt\n|faint|p2a: Urshifu\n|\n|upkeep\n|inactive|d-ddkb\u771f\u65b0\u4eba has 120 seconds left.\n|\n|t:|1699767346\n|switch|p2a: Tapu Bulu-Mega|Rillaboom, F|29\/100\n|-fieldstart|move: Grassy Terrain|[from] ability: Grassy Surge|[of] p2a: Tapu Bulu-Mega\n|turn|38\n|\n|t:|1699767355\n|switch|p1a: Chansey|Chansey, F|77\/100\n|-damage|p1a: Chansey|65\/100|[from] Spikes\n|move|p2a: Tapu Bulu-Mega|Grassy Glide|p1a: Chansey\n|-damage|p1a: Chansey|24\/100\n|\n|-heal|p2a: Tapu Bulu-Mega|35\/100|[from] Grassy Terrain\n|-heal|p1a: Chansey|30\/100|[from] Grassy Terrain\n|upkeep\n|turn|39\n|inactive|d-ddkb\u771f\u65b0\u4eba has 120 seconds left.\n|\n|t:|1699767374\n|move|p2a: Tapu Bulu-Mega|Grassy Glide|p1a: Chansey\n|-damage|p1a: Chansey|0 fnt\n|faint|p1a: Chansey\n|\n|-heal|p2a: Tapu Bulu-Mega|41\/100|[from] Grassy Terrain\n|upkeep\n|\n|t:|1699767382\n|switch|p1a: Tapu Lele|Tapu Lele, tera:Psychic|38\/100\n|-damage|p1a: Tapu Lele|26\/100|[from] Spikes\n|-fieldstart|move: Psychic Terrain|[from] ability: Psychic Surge|[of] p1a: Tapu Lele\n|turn|40\n|\n|t:|1699767386\n|move|p1a: Tapu Lele|Psychic|p2a: Tapu Bulu-Mega\n|-damage|p2a: Tapu Bulu-Mega|0 fnt\n|faint|p2a: Tapu Bulu-Mega\n|\n|win|CHSwhite\n|raw|CHSwhite's rating: 1614 &rarr; <strong>1637<\/strong><br \/>(+23 for winning)\n|raw|d-ddkb\u771f\u65b0\u4eba's rating: 1670 &rarr; <strong>1647<\/strong><br \/>(-23 for losing)\n|l|\u2606CHSwhite\n|l| playingDeF\n|l| KoKohs\n","uploadtime":1699767480,"views":7,"p1id":"chswhite","p2id":"dddkb","formatid":"gen9nationaldex","rating":1637,"private":0,"password":""}