{"id":"gen9nationaldex-1991017335","p1":"Jaspo","p2":"fsafsafqa","format":"[Gen 9] National Dex","log":"|j|\u2606Jaspo\n|j|\u2606fsafsafqa\n|t:|1700028678\n|gametype|singles\n|player|p1|Jaspo|clair|1088\n|player|p2|fsafsafqa|2|1082\n|teamsize|p1|6\n|teamsize|p2|6\n|gen|9\n|tier|[Gen 9] National Dex\n|rated|\n|rule|HP Percentage Mod: HP is shown in percentages\n|rule|Endless Battle Clause: Forcing endless battles is banned\n|rule|OHKO Clause: OHKO moves are banned\n|rule|Evasion Clause: Evasion abilities, items, and moves are banned\n|rule|Evasion Abilities Clause: Evasion abilities are banned\n|rule|Evasion Items Clause: Evasion items are banned\n|rule|Evasion Moves Clause: Evasion moves are banned\n|rule|Species Clause: Limit one of each Pok\u00e9mon\n|rule|Sleep Clause Mod: Limit one foe put to sleep\n|clearpoke\n|poke|p1|Kingdra, M|\n|poke|p1|Luxray, M|\n|poke|p1|Scolipede, M|\n|poke|p1|Typhlosion-Hisui, M|\n|poke|p1|Hydreigon, F|\n|poke|p1|Absol, M|\n|poke|p2|Skarmory, F|\n|poke|p2|Clodsire, M|\n|poke|p2|Toxapex, M|\n|poke|p2|Sableye, M|\n|poke|p2|Clefable, M|\n|poke|p2|Ferrothorn, F|\n|teampreview\n|\n|t:|1700028691\n|start\n|switch|p1a: Typhlosion|Typhlosion-Hisui, M|100\/100\n|switch|p2a: Sableye|Sableye, M|100\/100\n|-item|p2a: Sableye|Sablenite|[from] ability: Frisk|[of] p1a: Typhlosion|[identify]\n|turn|1\n|inactive|Battle timer is ON: inactive players will automatically lose when time's up. (requested by Jaspo)\n|\n|t:|1700028724\n|detailschange|p2a: Sableye|Sableye-Mega, M\n|-mega|p2a: Sableye|Sableye|Sablenite\n|move|p1a: Typhlosion|Infernal Parade|p2a: Sableye\n|-damage|p2a: Sableye|75\/100\n|move|p2a: Sableye|Knock Off|p1a: Typhlosion\n|-supereffective|p1a: Typhlosion\n|-damage|p1a: Typhlosion|58\/100\n|\n|upkeep\n|turn|2\n|inactive|fsafsafqa has 120 seconds left.\n|\n|t:|1700028769\n|switch|p1a: Absol|Absol, M|100\/100\n|move|p2a: Sableye|Recover|p2a: Sableye\n|-heal|p2a: Sableye|100\/100\n|\n|upkeep\n|turn|3\n|\n|t:|1700028785\n|switch|p2a: Toxapex|Toxapex, M|100\/100\n|detailschange|p1a: Absol|Absol-Mega, M\n|-mega|p1a: Absol|Absol|Absolite\n|move|p1a: Absol|Knock Off|p2a: Toxapex\n|-damage|p2a: Toxapex|68\/100\n|-enditem|p2a: Toxapex|Black Sludge|[from] move: Knock Off|[of] p1a: Absol\n|\n|upkeep\n|turn|4\n|\n|t:|1700028797\n|move|p2a: Toxapex|Baneful Bunker|p2a: Toxapex\n|-singleturn|p2a: Toxapex|move: Protect\n|move|p1a: Absol|Close Combat|p2a: Toxapex\n|-activate|p2a: Toxapex|move: Protect\n|-status|p1a: Absol|psn\n|\n|-damage|p1a: Absol|88\/100 psn|[from] psn\n|upkeep\n|turn|5\n|\n|t:|1700028810\n|move|p1a: Absol|Knock Off|p2a: Toxapex\n|-damage|p2a: Toxapex|45\/100\n|move|p2a: Toxapex|Recover|p2a: Toxapex\n|-heal|p2a: Toxapex|95\/100\n|\n|-damage|p1a: Absol|76\/100 psn|[from] psn\n|upkeep\n|turn|6\n|\n|t:|1700028817\n|switch|p1a: Luxray|Luxray, M|100\/100\n|-ability|p1a: Luxray|Intimidate|boost\n|-unboost|p2a: Toxapex|atk|1\n|move|p2a: Toxapex|Scald|p1a: Luxray\n|-damage|p1a: Luxray|83\/100\n|-status|p1a: Luxray|brn\n|\n|-damage|p1a: Luxray|77\/100 brn|[from] brn\n|upkeep\n|turn|7\n|inactive|fsafsafqa has 120 seconds left.\n|\n|t:|1700028841\n|switch|p2a: Clodsire|Clodsire, M|100\/100\n|move|p1a: Luxray|Roar|p2a: Clodsire\n|drag|p2a: Clefable|Clefable, M|100\/100\n|\n|-damage|p1a: Luxray|71\/100 brn|[from] brn\n|upkeep\n|turn|8\n|inactive|Jaspo has 120 seconds left.\n|c|\u2606Jaspo|btw I'm sure ur team is great competetively but I hate it more than words can describe, the only thing that would make this team worse imo is a gargancle\n|\n|t:|1700028876\n|move|p1a: Luxray|Wild Charge|p2a: Clefable\n|-damage|p2a: Clefable|75\/100\n|-damage|p1a: Luxray|63\/100 brn|[from] Recoil\n|move|p2a: Clefable|Flamethrower|p1a: Luxray\n|-damage|p1a: Luxray|41\/100 brn\n|\n|-damage|p1a: Luxray|35\/100 brn|[from] brn\n|upkeep\n|turn|9\n|inactive|Jaspo has 120 seconds left.\n|inactive|fsafsafqa has 120 seconds left.\n|n|\u2606fsafsafqa|fsafsafqa\n|c|\u2606fsafsafqa|ikr!\n|\n|t:|1700028910\n|move|p1a: Luxray|Psychic Fangs|p2a: Clefable\n|-crit|p2a: Clefable\n|-damage|p2a: Clefable|53\/100\n|move|p2a: Clefable|Soft-Boiled|p2a: Clefable\n|-heal|p2a: Clefable|100\/100\n|\n|-damage|p1a: Luxray|29\/100 brn|[from] brn\n|upkeep\n|turn|10\n|\n|t:|1700028918\n|switch|p1a: Scolipede|Scolipede, M, shiny|100\/100\n|move|p2a: Clefable|Moonblast|p1a: Scolipede\n|-resisted|p1a: Scolipede\n|-damage|p1a: Scolipede|80\/100\n|\n|-heal|p1a: Scolipede|86\/100|[from] item: Leftovers\n|upkeep\n|turn|11\n|inactive|fsafsafqa has 120 seconds left.\n|\n|t:|1700028926\n|-terastallize|p2a: Clefable|Fire\n|move|p1a: Scolipede|Poison Jab|p2a: Clefable\n|-damage|p2a: Clefable|66\/100\n|move|p2a: Clefable|Flamethrower|p1a: Scolipede\n|-supereffective|p1a: Scolipede\n|-damage|p1a: Scolipede|14\/100\n|\n|-heal|p1a: Scolipede|20\/100|[from] item: Leftovers\n|-ability|p1a: Scolipede|Speed Boost|boost\n|-boost|p1a: Scolipede|spe|1\n|upkeep\n|turn|12\n|\n|t:|1700028936\n|move|p1a: Scolipede|Earthquake|p2a: Clefable\n|-supereffective|p2a: Clefable\n|-crit|p2a: Clefable\n|-damage|p2a: Clefable|0 fnt\n|faint|p2a: Clefable\n|\n|-heal|p1a: Scolipede|26\/100|[from] item: Leftovers\n|-ability|p1a: Scolipede|Speed Boost|boost\n|-boost|p1a: Scolipede|spe|1\n|upkeep\n|\n|t:|1700028939\n|switch|p2a: Skarmory|Skarmory, F|100\/100\n|turn|13\n|\n|t:|1700028948\n|switch|p1a: Absol|Absol-Mega, M|76\/100 psn\n|move|p2a: Skarmory|Stealth Rock|p1a: Absol\n|move|p1a: Absol|Stealth Rock|p2a: Skarmory|[from]ability: Magic Bounce\n|-sidestart|p2: fsafsafqa|move: Stealth Rock\n|\n|-damage|p1a: Absol|64\/100 psn|[from] psn\n|upkeep\n|turn|14\n|\n|t:|1700028957\n|switch|p2a: Toxapex|Toxapex, M|100\/100\n|-damage|p2a: Toxapex|88\/100|[from] Stealth Rock\n|move|p1a: Absol|Knock Off|p2a: Toxapex\n|-damage|p2a: Toxapex|65\/100\n|\n|-damage|p1a: Absol|52\/100 psn|[from] psn\n|upkeep\n|turn|15\n|\n|t:|1700028965\n|move|p1a: Absol|Perish Song|p1a: Absol\n|-start|p1a: Absol|perish3|[silent]\n|-start|p2a: Toxapex|perish3|[silent]\n|-fieldactivate|move: Perish Song\n|move|p2a: Toxapex|Scald|p1a: Absol\n|-damage|p1a: Absol|21\/100 psn\n|\n|-damage|p1a: Absol|9\/100 psn|[from] psn\n|-start|p1a: Absol|perish3\n|-start|p2a: Toxapex|perish3\n|upkeep\n|turn|16\n|\n|t:|1700028974\n|switch|p1a: Luxray|Luxray, M|29\/100 brn\n|-ability|p1a: Luxray|Intimidate|boost\n|-unboost|p2a: Toxapex|atk|1\n|move|p2a: Toxapex|Recover|p2a: Toxapex\n|-heal|p2a: Toxapex|100\/100\n|\n|-damage|p1a: Luxray|23\/100 brn|[from] brn\n|-start|p2a: Toxapex|perish2\n|upkeep\n|turn|17\n|\n|t:|1700028983\n|switch|p2a: Ferrothorn|Ferrothorn, F|100\/100\n|-damage|p2a: Ferrothorn|94\/100|[from] Stealth Rock\n|move|p1a: Luxray|Psychic Fangs|p2a: Ferrothorn\n|-resisted|p2a: Ferrothorn\n|-damage|p2a: Ferrothorn|91\/100\n|-damage|p1a: Luxray|11\/100 brn|[from] ability: Iron Barbs|[of] p2a: Ferrothorn\n|\n|-heal|p2a: Ferrothorn|97\/100|[from] item: Leftovers\n|-damage|p1a: Luxray|5\/100 brn|[from] brn\n|upkeep\n|turn|18\n|\n|t:|1700028995\n|switch|p1a: Absol|Absol-Mega, M|9\/100 psn\n|move|p2a: Ferrothorn|Knock Off|p1a: Absol\n|-resisted|p1a: Absol\n|-damage|p1a: Absol|0 fnt\n|faint|p1a: Absol\n|\n|-heal|p2a: Ferrothorn|100\/100|[from] item: Leftovers\n|upkeep\n|\n|t:|1700029003\n|switch|p1a: Typhlosion|Typhlosion-Hisui, M|58\/100\n|-item|p2a: Ferrothorn|Leftovers|[from] ability: Frisk|[of] p1a: Typhlosion|[identify]\n|turn|19\n|\n|t:|1700029014\n|switch|p2a: Clodsire|Clodsire, M|100\/100\n|-damage|p2a: Clodsire|94\/100|[from] Stealth Rock\n|move|p1a: Typhlosion|Burn Up|p2a: Clodsire\n|-damage|p2a: Clodsire|60\/100\n|-start|p1a: Typhlosion|typechange|???\/Ghost|[from] move: Burn Up\n|\n|-heal|p2a: Clodsire|66\/100|[from] item: Black Sludge\n|upkeep\n|turn|20\n|\n|t:|1700029026\n|-zpower|p1a: Typhlosion\n|move|p1a: Typhlosion|All-Out Pummeling|p2a: Clodsire|[zeffect]\n|-resisted|p2a: Clodsire\n|-damage|p2a: Clodsire|48\/100\n|move|p2a: Clodsire|Recover|p2a: Clodsire\n|-heal|p2a: Clodsire|98\/100\n|\n|-heal|p2a: Clodsire|100\/100|[from] item: Black Sludge\n|upkeep\n|turn|21\n|\n|t:|1700029040\n|switch|p1a: Kingdra|Kingdra, M|100\/100\n|move|p2a: Clodsire|Toxic|p1a: Kingdra\n|-status|p1a: Kingdra|tox\n|\n|-damage|p1a: Kingdra|94\/100 tox|[from] psn\n|upkeep\n|turn|22\n|\n|t:|1700029049\n|move|p1a: Kingdra|Scale Shot|p2a: Clodsire\n|-damage|p2a: Clodsire|91\/100\n|-damage|p2a: Clodsire|80\/100\n|-damage|p2a: Clodsire|69\/100\n|-damage|p2a: Clodsire|59\/100\n|-hitcount|p2a: Clodsire|4\n|-unboost|p1a: Kingdra|def|1\n|-boost|p1a: Kingdra|spe|1\n|move|p2a: Clodsire|Earthquake|p1a: Kingdra\n|-damage|p1a: Kingdra|56\/100 tox\n|\n|-heal|p2a: Clodsire|65\/100|[from] item: Black Sludge\n|-damage|p1a: Kingdra|44\/100 tox|[from] psn\n|upkeep\n|turn|23\n|\n|t:|1700029062\n|move|p1a: Kingdra|Scale Shot|p2a: Clodsire\n|-damage|p2a: Clodsire|55\/100\n|-damage|p2a: Clodsire|45\/100\n|-damage|p2a: Clodsire|34\/100\n|-damage|p2a: Clodsire|22\/100\n|-hitcount|p2a: Clodsire|4\n|-unboost|p1a: Kingdra|def|1\n|-boost|p1a: Kingdra|spe|1\n|move|p2a: Clodsire|Recover|p2a: Clodsire\n|-heal|p2a: Clodsire|72\/100\n|\n|-heal|p2a: Clodsire|79\/100|[from] item: Black Sludge\n|-damage|p1a: Kingdra|25\/100 tox|[from] psn\n|upkeep\n|turn|24\n|\n|t:|1700029075\n|move|p1a: Kingdra|Scale Shot|p2a: Clodsire|[miss]\n|-miss|p1a: Kingdra|p2a: Clodsire\n|move|p2a: Clodsire|Recover|p2a: Clodsire\n|-heal|p2a: Clodsire|100\/100\n|\n|-damage|p1a: Kingdra|1\/100 tox|[from] psn\n|upkeep\n|turn|25\n|inactive|fsafsafqa has 120 seconds left.\n|\n|t:|1700029116\n|move|p1a: Kingdra|Scale Shot|p2a: Clodsire\n|-damage|p2a: Clodsire|90\/100\n|-damage|p2a: Clodsire|80\/100\n|-damage|p2a: Clodsire|69\/100\n|-damage|p2a: Clodsire|59\/100\n|-damage|p2a: Clodsire|48\/100\n|-hitcount|p2a: Clodsire|5\n|-unboost|p1a: Kingdra|def|1\n|-boost|p1a: Kingdra|spe|1\n|move|p2a: Clodsire|Recover|p2a: Clodsire\n|-heal|p2a: Clodsire|98\/100\n|\n|-heal|p2a: Clodsire|100\/100|[from] item: Black Sludge\n|-damage|p1a: Kingdra|0 fnt|[from] psn\n|faint|p1a: Kingdra\n|upkeep\n|\n|t:|1700029130\n|switch|p1a: Hydreigon|Hydreigon, F|100\/100\n|turn|26\n|\n|t:|1700029135\n|-terastallize|p1a: Hydreigon|Steel\n|move|p1a: Hydreigon|Earth Power|p2a: Clodsire\n|-supereffective|p2a: Clodsire\n|-damage|p2a: Clodsire|69\/100\n|move|p2a: Clodsire|Toxic|p1a: Hydreigon\n|-immune|p1a: Hydreigon\n|\n|-heal|p2a: Clodsire|75\/100|[from] item: Black Sludge\n|upkeep\n|turn|27\n|\n|t:|1700029148\n|switch|p2a: Skarmory|Skarmory, F|100\/100\n|-damage|p2a: Skarmory|88\/100|[from] Stealth Rock\n|move|p1a: Hydreigon|Flash Cannon|p2a: Skarmory\n|-resisted|p2a: Skarmory\n|-damage|p2a: Skarmory|61\/100\n|\n|upkeep\n|turn|28\n|\n|t:|1700029159\n|switch|p2a: Toxapex|Toxapex, M|100\/100\n|-damage|p2a: Toxapex|88\/100|[from] Stealth Rock\n|move|p1a: Hydreigon|Flash Cannon|p2a: Toxapex\n|-resisted|p2a: Toxapex\n|-damage|p2a: Toxapex|73\/100\n|\n|upkeep\n|turn|29\n|\n|t:|1700029166\n|move|p1a: Hydreigon|Flash Cannon|p2a: Toxapex\n|-resisted|p2a: Toxapex\n|-crit|p2a: Toxapex\n|-damage|p2a: Toxapex|49\/100\n|move|p2a: Toxapex|Knock Off|p1a: Hydreigon\n|-damage|p1a: Hydreigon|86\/100\n|-damage|p2a: Toxapex|32\/100|[from] item: Rocky Helmet|[of] p1a: Hydreigon\n|-enditem|p1a: Hydreigon|Rocky Helmet|[from] move: Knock Off|[of] p2a: Toxapex\n|\n|upkeep\n|turn|30\n|\n|t:|1700029175\n|switch|p2a: Sableye|Sableye-Mega, M|100\/100\n|-damage|p2a: Sableye|88\/100|[from] Stealth Rock\n|move|p1a: Hydreigon|Flash Cannon|p2a: Sableye\n|-damage|p2a: Sableye|57\/100\n|\n|upkeep\n|turn|31\n|\n|t:|1700029181\n|move|p1a: Hydreigon|Flash Cannon|p2a: Sableye\n|-damage|p2a: Sableye|25\/100\n|move|p2a: Sableye|Recover|p2a: Sableye\n|-heal|p2a: Sableye|75\/100\n|\n|upkeep\n|turn|32\n|\n|t:|1700029188\n|move|p2a: Sableye|Protect|p2a: Sableye\n|-singleturn|p2a: Sableye|Protect\n|move|p1a: Hydreigon|Dragon Pulse|p2a: Sableye\n|-activate|p2a: Sableye|move: Protect\n|\n|upkeep\n|turn|33\n|\n|t:|1700029193\n|move|p1a: Hydreigon|Flash Cannon|p2a: Sableye\n|-damage|p2a: Sableye|42\/100\n|move|p2a: Sableye|Recover|p2a: Sableye\n|-heal|p2a: Sableye|92\/100\n|\n|upkeep\n|turn|34\n|\n|t:|1700029212\n|move|p1a: Hydreigon|Flash Cannon|p2a: Sableye\n|-damage|p2a: Sableye|61\/100\n|move|p2a: Sableye|Will-O-Wisp|p1a: Hydreigon\n|-status|p1a: Hydreigon|brn\n|\n|-damage|p1a: Hydreigon|80\/100 brn|[from] brn\n|upkeep\n|turn|35\n|\n|t:|1700029226\n|move|p1a: Hydreigon|Flash Cannon|p2a: Sableye\n|-damage|p2a: Sableye|30\/100\n|move|p2a: Sableye|Recover|p2a: Sableye\n|-heal|p2a: Sableye|80\/100\n|\n|-damage|p1a: Hydreigon|74\/100 brn|[from] brn\n|upkeep\n|turn|36\n|\n|t:|1700029233\n|move|p2a: Sableye|Protect|p2a: Sableye\n|-singleturn|p2a: Sableye|Protect\n|move|p1a: Hydreigon|Flash Cannon|p2a: Sableye\n|-activate|p2a: Sableye|move: Protect\n|\n|-damage|p1a: Hydreigon|68\/100 brn|[from] brn\n|upkeep\n|turn|37\n|\n|t:|1700029239\n|move|p1a: Hydreigon|Flash Cannon|p2a: Sableye\n|-damage|p2a: Sableye|50\/100\n|move|p2a: Sableye|Recover|p2a: Sableye\n|-heal|p2a: Sableye|100\/100\n|\n|-damage|p1a: Hydreigon|62\/100 brn|[from] brn\n|upkeep\n|turn|38\n|c|\u2606Jaspo|mwehehe\n|\n|t:|1700029252\n|move|p1a: Hydreigon|Roost|p1a: Hydreigon\n|-heal|p1a: Hydreigon|100\/100 brn\n|move|p2a: Sableye|Knock Off|p1a: Hydreigon\n|-damage|p1a: Hydreigon|83\/100 brn\n|\n|-damage|p1a: Hydreigon|77\/100 brn|[from] brn\n|upkeep\n|turn|39\n|\n|t:|1700029282\n|move|p1a: Hydreigon|Flash Cannon|p2a: Sableye\n|-damage|p2a: Sableye|70\/100\n|-unboost|p2a: Sableye|spd|1\n|move|p2a: Sableye|Knock Off|p1a: Hydreigon\n|-damage|p1a: Hydreigon|60\/100 brn\n|\n|-damage|p1a: Hydreigon|54\/100 brn|[from] brn\n|upkeep\n|turn|40\n|\n|t:|1700029292\n|switch|p2a: Ferrothorn|Ferrothorn, F|100\/100\n|-damage|p2a: Ferrothorn|94\/100|[from] Stealth Rock\n|move|p1a: Hydreigon|Flash Cannon|p2a: Ferrothorn\n|-resisted|p2a: Ferrothorn\n|-damage|p2a: Ferrothorn|79\/100\n|\n|-heal|p2a: Ferrothorn|85\/100|[from] item: Leftovers\n|-damage|p1a: Hydreigon|48\/100 brn|[from] brn\n|upkeep\n|turn|41\n|\n|t:|1700029305\n|switch|p1a: Luxray|Luxray, M|5\/100 brn\n|-ability|p1a: Luxray|Intimidate|boost\n|-unboost|p2a: Ferrothorn|atk|1\n|move|p2a: Ferrothorn|Leech Seed|p1a: Luxray\n|-start|p1a: Luxray|move: Leech Seed\n|\n|-heal|p2a: Ferrothorn|91\/100|[from] item: Leftovers\n|-damage|p1a: Luxray|0 fnt|[from] Leech Seed|[of] p2a: Ferrothorn\n|-heal|p2a: Ferrothorn|95\/100|[silent]\n|faint|p1a: Luxray\n|upkeep\n|\n|t:|1700029315\n|switch|p1a: Typhlosion|Typhlosion-Hisui, M|58\/100\n|-item|p2a: Ferrothorn|Leftovers|[from] ability: Frisk|[of] p1a: Typhlosion|[identify]\n|turn|42\n|\n|t:|1700029324\n|switch|p2a: Clodsire|Clodsire, M|75\/100\n|-damage|p2a: Clodsire|69\/100|[from] Stealth Rock\n|move|p1a: Typhlosion|Burn Up|p2a: Clodsire\n|-damage|p2a: Clodsire|36\/100\n|-start|p1a: Typhlosion|typechange|???\/Ghost|[from] move: Burn Up\n|\n|-heal|p2a: Clodsire|42\/100|[from] item: Black Sludge\n|upkeep\n|turn|43\n|\n|t:|1700029338\n|switch|p1a: Hydreigon|Hydreigon, F, tera:Steel|48\/100 brn\n|move|p2a: Clodsire|Recover|p2a: Clodsire\n|-heal|p2a: Clodsire|92\/100\n|\n|-heal|p2a: Clodsire|98\/100|[from] item: Black Sludge\n|-damage|p1a: Hydreigon|42\/100 brn|[from] brn\n|upkeep\n|turn|44\n|inactive|fsafsafqa has 120 seconds left.\n|\n|t:|1700029397\n|switch|p2a: Skarmory|Skarmory, F|61\/100\n|-damage|p2a: Skarmory|49\/100|[from] Stealth Rock\n|move|p1a: Hydreigon|Roost|p1a: Hydreigon\n|-heal|p1a: Hydreigon|92\/100 brn\n|\n|-damage|p1a: Hydreigon|86\/100 brn|[from] brn\n|upkeep\n|turn|45\n|c|\u2606Jaspo|dude all 6 of ur pokemon have HP recovery wth\n|\n|t:|1700029413\n|move|p1a: Hydreigon|Flash Cannon|p2a: Skarmory\n|-resisted|p2a: Skarmory\n|-damage|p2a: Skarmory|22\/100\n|move|p2a: Skarmory|Roost|p2a: Skarmory\n|-heal|p2a: Skarmory|72\/100\n|-singleturn|p2a: Skarmory|move: Roost\n|\n|-damage|p1a: Hydreigon|80\/100 brn|[from] brn\n|upkeep\n|turn|46\n|\n|t:|1700029422\n|move|p1a: Hydreigon|Flash Cannon|p2a: Skarmory\n|-resisted|p2a: Skarmory\n|-damage|p2a: Skarmory|45\/100\n|move|p2a: Skarmory|Stealth Rock|p1a: Hydreigon\n|-sidestart|p1: Jaspo|move: Stealth Rock\n|\n|-damage|p1a: Hydreigon|74\/100 brn|[from] brn\n|upkeep\n|turn|47\n|\n|t:|1700029428\n|move|p1a: Hydreigon|Flash Cannon|p2a: Skarmory\n|-resisted|p2a: Skarmory\n|-damage|p2a: Skarmory|17\/100\n|move|p2a: Skarmory|Roost|p2a: Skarmory\n|-heal|p2a: Skarmory|67\/100\n|-singleturn|p2a: Skarmory|move: Roost\n|\n|-damage|p1a: Hydreigon|68\/100 brn|[from] brn\n|upkeep\n|turn|48\n|inactive|fsafsafqa has 120 seconds left.\n|\n|t:|1700029438\n|move|p1a: Hydreigon|Flash Cannon|p2a: Skarmory\n|-resisted|p2a: Skarmory\n|-damage|p2a: Skarmory|42\/100\n|move|p2a: Skarmory|Roost|p2a: Skarmory\n|-heal|p2a: Skarmory|92\/100\n|-singleturn|p2a: Skarmory|move: Roost\n|\n|-damage|p1a: Hydreigon|62\/100 brn|[from] brn\n|upkeep\n|turn|49\n|\n|t:|1700029447\n|move|p1a: Hydreigon|Roost|p1a: Hydreigon\n|-heal|p1a: Hydreigon|100\/100 brn\n|move|p2a: Skarmory|Spikes|p1a: Hydreigon\n|-sidestart|p1: Jaspo|Spikes\n|\n|-damage|p1a: Hydreigon|94\/100 brn|[from] brn\n|upkeep\n|turn|50\n|\n|t:|1700029454\n|move|p1a: Hydreigon|Dragon Pulse|p2a: Skarmory\n|-resisted|p2a: Skarmory\n|-damage|p2a: Skarmory|65\/100\n|move|p2a: Skarmory|Spikes|p1a: Hydreigon\n|-sidestart|p1: Jaspo|Spikes\n|\n|-damage|p1a: Hydreigon|88\/100 brn|[from] brn\n|upkeep\n|turn|51\n|\n|t:|1700029460\n|move|p1a: Hydreigon|Dragon Pulse|p2a: Skarmory\n|-resisted|p2a: Skarmory\n|-damage|p2a: Skarmory|37\/100\n|move|p2a: Skarmory|Roost|p2a: Skarmory\n|-heal|p2a: Skarmory|87\/100\n|-singleturn|p2a: Skarmory|move: Roost\n|\n|-damage|p1a: Hydreigon|82\/100 brn|[from] brn\n|upkeep\n|turn|52\n|\n|t:|1700029469\n|move|p1a: Hydreigon|Dragon Pulse|p2a: Skarmory\n|-resisted|p2a: Skarmory\n|-damage|p2a: Skarmory|59\/100\n|move|p2a: Skarmory|Spikes|p1a: Hydreigon\n|-sidestart|p1: Jaspo|Spikes\n|\n|-damage|p1a: Hydreigon|76\/100 brn|[from] brn\n|upkeep\n|turn|53\n|\n|t:|1700029476\n|move|p1a: Hydreigon|Dragon Pulse|p2a: Skarmory\n|-resisted|p2a: Skarmory\n|-damage|p2a: Skarmory|30\/100\n|move|p2a: Skarmory|Roost|p2a: Skarmory\n|-heal|p2a: Skarmory|80\/100\n|-singleturn|p2a: Skarmory|move: Roost\n|\n|-damage|p1a: Hydreigon|70\/100 brn|[from] brn\n|upkeep\n|turn|54\n|\n|t:|1700029484\n|move|p1a: Hydreigon|Dragon Pulse|p2a: Skarmory\n|-resisted|p2a: Skarmory\n|-damage|p2a: Skarmory|53\/100\n|move|p2a: Skarmory|Roost|p2a: Skarmory\n|-heal|p2a: Skarmory|100\/100\n|-singleturn|p2a: Skarmory|move: Roost\n|\n|-damage|p1a: Hydreigon|64\/100 brn|[from] brn\n|upkeep\n|turn|55\n|\n|t:|1700029493\n|move|p1a: Hydreigon|Roost|p1a: Hydreigon\n|-heal|p1a: Hydreigon|100\/100 brn\n|move|p2a: Skarmory|Whirlwind|p1a: Hydreigon\n|drag|p1a: Scolipede|Scolipede, M, shiny|26\/100\n|-damage|p1a: Scolipede|1\/100|[from] Stealth Rock\n|-damage|p1a: Scolipede|0 fnt|[from] Spikes\n|faint|p1a: Scolipede\n|\n|upkeep\n|\n|t:|1700029501\n|switch|p1a: Hydreigon|Hydreigon, F, tera:Steel|100\/100 brn\n|-damage|p1a: Hydreigon|94\/100 brn|[from] Stealth Rock\n|turn|56\n|\n|t:|1700029506\n|move|p1a: Hydreigon|Dragon Pulse|p2a: Skarmory\n|-resisted|p2a: Skarmory\n|-damage|p2a: Skarmory|71\/100\n|move|p2a: Skarmory|Whirlwind|p1a: Hydreigon\n|drag|p1a: Typhlosion|Typhlosion-Hisui, M|58\/100\n|-damage|p1a: Typhlosion|33\/100|[from] Stealth Rock\n|-damage|p1a: Typhlosion|8\/100|[from] Spikes\n|-item|p2a: Skarmory|Rocky Helmet|[from] ability: Frisk|[of] p1a: Typhlosion|[identify]\n|\n|upkeep\n|turn|57\n|inactive|fsafsafqa has 120 seconds left.\n|\n|t:|1700029546\n|switch|p2a: Clodsire|Clodsire, M|98\/100\n|-damage|p2a: Clodsire|92\/100|[from] Stealth Rock\n|move|p1a: Typhlosion|Burn Up|p2a: Clodsire\n|-damage|p2a: Clodsire|55\/100\n|-start|p1a: Typhlosion|typechange|???\/Ghost|[from] move: Burn Up\n|\n|-heal|p2a: Clodsire|61\/100|[from] item: Black Sludge\n|upkeep\n|turn|58\n|\n|t:|1700029556\n|move|p1a: Typhlosion|Infernal Parade|p2a: Clodsire\n|-damage|p2a: Clodsire|46\/100\n|move|p2a: Clodsire|Recover|p2a: Clodsire\n|-heal|p2a: Clodsire|96\/100\n|\n|-heal|p2a: Clodsire|100\/100|[from] item: Black Sludge\n|upkeep\n|turn|59\n|\n|t:|1700029563\n|move|p1a: Typhlosion|Infernal Parade|p2a: Clodsire\n|-damage|p2a: Clodsire|85\/100\n|move|p2a: Clodsire|Earthquake|p1a: Typhlosion\n|-damage|p1a: Typhlosion|0 fnt\n|faint|p1a: Typhlosion\n|\n|-heal|p2a: Clodsire|92\/100|[from] item: Black Sludge\n|upkeep\n|\n|t:|1700029571\n|switch|p1a: Hydreigon|Hydreigon, F, tera:Steel|94\/100 brn\n|-damage|p1a: Hydreigon|88\/100 brn|[from] Stealth Rock\n|turn|60\n|inactive|fsafsafqa has 120 seconds left.\n|\n|t:|1700029608\n|move|p1a: Hydreigon|Dragon Pulse|p2a: Clodsire\n|-damage|p2a: Clodsire|70\/100\n|move|p2a: Clodsire|Earthquake|p1a: Hydreigon\n|-immune|p1a: Hydreigon|[from] ability: Levitate\n|\n|-heal|p2a: Clodsire|77\/100|[from] item: Black Sludge\n|-damage|p1a: Hydreigon|82\/100 brn|[from] brn\n|upkeep\n|turn|61\n|\n|t:|1700029619\n|move|p1a: Hydreigon|Earth Power|p2a: Clodsire\n|-supereffective|p2a: Clodsire\n|-damage|p2a: Clodsire|43\/100\n|move|p2a: Clodsire|Recover|p2a: Clodsire\n|-heal|p2a: Clodsire|93\/100\n|\n|-heal|p2a: Clodsire|99\/100|[from] item: Black Sludge\n|-damage|p1a: Hydreigon|76\/100 brn|[from] brn\n|upkeep\n|turn|62\n|\n|t:|1700029627\n|switch|p2a: Skarmory|Skarmory, F|71\/100\n|-damage|p2a: Skarmory|58\/100|[from] Stealth Rock\n|move|p1a: Hydreigon|Dragon Pulse|p2a: Skarmory\n|-resisted|p2a: Skarmory\n|-damage|p2a: Skarmory|28\/100\n|\n|-damage|p1a: Hydreigon|70\/100 brn|[from] brn\n|upkeep\n|turn|63\n|\n|t:|1700029635\n|move|p1a: Hydreigon|Dragon Pulse|p2a: Skarmory\n|-resisted|p2a: Skarmory\n|-damage|p2a: Skarmory|0 fnt\n|faint|p2a: Skarmory\n|\n|-damage|p1a: Hydreigon|64\/100 brn|[from] brn\n|upkeep\n|\n|t:|1700029639\n|switch|p2a: Sableye|Sableye-Mega, M|70\/100\n|-damage|p2a: Sableye|57\/100|[from] Stealth Rock\n|turn|64\n|c|\u2606Jaspo|FINALLY\n|c|\u2606fsafsafqa|brotha\n|\n|t:|1700029650\n|move|p2a: Sableye|Protect|p2a: Sableye\n|-singleturn|p2a: Sableye|Protect\n|move|p1a: Hydreigon|Roost|p1a: Hydreigon\n|-heal|p1a: Hydreigon|100\/100 brn\n|\n|-damage|p1a: Hydreigon|94\/100 brn|[from] brn\n|upkeep\n|turn|65\n|c|\u2606fsafsafqa|4 mons v 1 mon\n|c|\u2606fsafsafqa|u srsly wanna pp stall?\n|c|\u2606fsafsafqa|im fine w it\n|\n|t:|1700029668\n|move|p1a: Hydreigon|Dragon Pulse|p2a: Sableye\n|-damage|p2a: Sableye|25\/100\n|move|p2a: Sableye|Recover|p2a: Sableye\n|-heal|p2a: Sableye|75\/100\n|\n|-damage|p1a: Hydreigon|88\/100 brn|[from] brn\n|upkeep\n|turn|66\n|c|\u2606Jaspo|idgaf I will win\n|c|\u2606fsafsafqa|u havent seen my ferro yet kekl\n|\n|t:|1700029686\n|move|p2a: Sableye|Protect|p2a: Sableye\n|-singleturn|p2a: Sableye|Protect\n|move|p1a: Hydreigon|Earth Power|p2a: Sableye\n|-activate|p2a: Sableye|move: Protect\n|\n|-damage|p1a: Hydreigon|82\/100 brn|[from] brn\n|upkeep\n|turn|67\n|\n|t:|1700029695\n|move|p1a: Hydreigon|Dragon Pulse|p2a: Sableye\n|-damage|p2a: Sableye|43\/100\n|move|p2a: Sableye|Knock Off|p1a: Hydreigon\n|-crit|p1a: Hydreigon\n|-damage|p1a: Hydreigon|56\/100 brn\n|\n|-damage|p1a: Hydreigon|50\/100 brn|[from] brn\n|upkeep\n|turn|68\n|\n|t:|1700029704\n|move|p1a: Hydreigon|Dragon Pulse|p2a: Sableye\n|-damage|p2a: Sableye|7\/100\n|move|p2a: Sableye|Recover|p2a: Sableye\n|-heal|p2a: Sableye|57\/100\n|\n|-damage|p1a: Hydreigon|44\/100 brn|[from] brn\n|upkeep\n|turn|69\n|\n|t:|1700029719\n|move|p2a: Sableye|Protect|p2a: Sableye\n|-singleturn|p2a: Sableye|Protect\n|move|p1a: Hydreigon|Roost|p1a: Hydreigon\n|-heal|p1a: Hydreigon|94\/100 brn\n|\n|-damage|p1a: Hydreigon|88\/100 brn|[from] brn\n|upkeep\n|turn|70\n|\n|t:|1700029727\n|move|p1a: Hydreigon|Dragon Pulse|p2a: Sableye\n|-damage|p2a: Sableye|25\/100\n|move|p2a: Sableye|Recover|p2a: Sableye\n|-heal|p2a: Sableye|75\/100\n|\n|-damage|p1a: Hydreigon|82\/100 brn|[from] brn\n|upkeep\n|turn|71\n|\n|t:|1700029733\n|move|p2a: Sableye|Protect|p2a: Sableye\n|-singleturn|p2a: Sableye|Protect\n|move|p1a: Hydreigon|Earth Power|p2a: Sableye\n|-activate|p2a: Sableye|move: Protect\n|\n|-damage|p1a: Hydreigon|76\/100 brn|[from] brn\n|upkeep\n|turn|72\n|\n|t:|1700029743\n|move|p1a: Hydreigon|Dragon Pulse|p2a: Sableye\n|-crit|p2a: Sableye\n|-damage|p2a: Sableye|25\/100\n|move|p2a: Sableye|Knock Off|p1a: Hydreigon\n|-damage|p1a: Hydreigon|60\/100 brn\n|\n|-damage|p1a: Hydreigon|54\/100 brn|[from] brn\n|upkeep\n|turn|73\n|\n|t:|1700029753\n|move|p2a: Sableye|Protect|p2a: Sableye\n|-singleturn|p2a: Sableye|Protect\n|move|p1a: Hydreigon|Dragon Pulse|p2a: Sableye\n|-activate|p2a: Sableye|move: Protect\n|\n|-damage|p1a: Hydreigon|48\/100 brn|[from] brn\n|upkeep\n|turn|74\n|\n|t:|1700029771\n|move|p2a: Sableye|Protect||[still]\n|-fail|p2a: Sableye\n|move|p1a: Hydreigon|Earth Power|p2a: Sableye\n|-damage|p2a: Sableye|1\/100\n|\n|-damage|p1a: Hydreigon|42\/100 brn|[from] brn\n|upkeep\n|turn|75\n|c|\u2606Jaspo|NONO\n|\n|t:|1700029782\n|move|p2a: Sableye|Protect|p2a: Sableye\n|-singleturn|p2a: Sableye|Protect\n|move|p1a: Hydreigon|Earth Power|p2a: Sableye\n|-activate|p2a: Sableye|move: Protect\n|\n|-damage|p1a: Hydreigon|36\/100 brn|[from] brn\n|upkeep\n|turn|76\n|\n|t:|1700029788\n|move|p2a: Sableye|Protect||[still]\n|-fail|p2a: Sableye\n|move|p1a: Hydreigon|Earth Power|p2a: Sableye\n|-damage|p2a: Sableye|0 fnt\n|faint|p2a: Sableye\n|\n|-damage|p1a: Hydreigon|30\/100 brn|[from] brn\n|upkeep\n|\n|t:|1700029794\n|switch|p2a: Toxapex|Toxapex, M|65\/100\n|-damage|p2a: Toxapex|53\/100|[from] Stealth Rock\n|turn|77\n|\n|t:|1700029798\n|switch|p2a: Clodsire|Clodsire, M|99\/100\n|-damage|p2a: Clodsire|93\/100|[from] Stealth Rock\n|move|p1a: Hydreigon|Roost|p1a: Hydreigon\n|-heal|p1a: Hydreigon|80\/100 brn\n|\n|-heal|p2a: Clodsire|99\/100|[from] item: Black Sludge\n|-damage|p1a: Hydreigon|74\/100 brn|[from] brn\n|upkeep\n|turn|78\n|c|\u2606Jaspo|not the regenerator spam\n|inactive|Jaspo has 120 seconds left.\n|c|\u2606Jaspo|he alr knows recover lol\n|\n|t:|1700029833\n|move|p1a: Hydreigon|Earth Power|p2a: Clodsire\n|-supereffective|p2a: Clodsire\n|-crit|p2a: Clodsire\n|-damage|p2a: Clodsire|51\/100\n|move|p2a: Clodsire|Toxic||[still]\n|-fail|p2a: Clodsire\n|\n|-heal|p2a: Clodsire|57\/100|[from] item: Black Sludge\n|-damage|p1a: Hydreigon|68\/100 brn|[from] brn\n|upkeep\n|turn|79\n|\n|t:|1700029841\n|move|p1a: Hydreigon|Earth Power|p2a: Clodsire\n|-supereffective|p2a: Clodsire\n|-damage|p2a: Clodsire|28\/100\n|move|p2a: Clodsire|Recover|p2a: Clodsire\n|-heal|p2a: Clodsire|78\/100\n|\n|-heal|p2a: Clodsire|85\/100|[from] item: Black Sludge\n|-damage|p1a: Hydreigon|62\/100 brn|[from] brn\n|upkeep\n|turn|80\n|c|\u2606fsafsafqa|7\n|\n|t:|1700029849\n|move|p1a: Hydreigon|Earth Power|p2a: Clodsire\n|-supereffective|p2a: Clodsire\n|-damage|p2a: Clodsire|52\/100\n|move|p2a: Clodsire|Earthquake|p1a: Hydreigon\n|-immune|p1a: Hydreigon|[from] ability: Levitate\n|\n|-heal|p2a: Clodsire|58\/100|[from] item: Black Sludge\n|-damage|p1a: Hydreigon|56\/100 brn|[from] brn\n|upkeep\n|turn|81\n|c|\u2606fsafsafqa|6\n|\n|t:|1700029858\n|move|p1a: Hydreigon|Earth Power|p2a: Clodsire\n|-supereffective|p2a: Clodsire\n|-damage|p2a: Clodsire|28\/100\n|move|p2a: Clodsire|Earthquake|p1a: Hydreigon\n|-immune|p1a: Hydreigon|[from] ability: Levitate\n|\n|-heal|p2a: Clodsire|35\/100|[from] item: Black Sludge\n|-damage|p1a: Hydreigon|50\/100 brn|[from] brn\n|upkeep\n|turn|82\n|c|\u2606fsafsafqa|5\n|\n|t:|1700029868\n|move|p1a: Hydreigon|Earth Power|p2a: Clodsire\n|-supereffective|p2a: Clodsire\n|-damage|p2a: Clodsire|3\/100\n|move|p2a: Clodsire|Earthquake|p1a: Hydreigon\n|-immune|p1a: Hydreigon|[from] ability: Levitate\n|\n|-heal|p2a: Clodsire|9\/100|[from] item: Black Sludge\n|-damage|p1a: Hydreigon|44\/100 brn|[from] brn\n|upkeep\n|turn|83\n|c|\u2606fsafsafqa|4\n|\n|t:|1700029877\n|move|p1a: Hydreigon|Earth Power|p2a: Clodsire\n|-supereffective|p2a: Clodsire\n|-damage|p2a: Clodsire|0 fnt\n|faint|p2a: Clodsire\n|\n|-damage|p1a: Hydreigon|38\/100 brn|[from] brn\n|upkeep\n|c|\u2606fsafsafqa|3\n|\n|t:|1700029882\n|switch|p2a: Toxapex|Toxapex, M|86\/100\n|-damage|p2a: Toxapex|74\/100|[from] Stealth Rock\n|turn|84\n|\n|t:|1700029887\n|move|p2a: Toxapex|Baneful Bunker|p2a: Toxapex\n|-singleturn|p2a: Toxapex|move: Protect\n|move|p1a: Hydreigon|Roost|p1a: Hydreigon\n|-heal|p1a: Hydreigon|88\/100 brn\n|\n|-damage|p1a: Hydreigon|82\/100 brn|[from] brn\n|upkeep\n|turn|85\n|c|\u2606fsafsafqa|only 3 moves remaining\n|\n|t:|1700029898\n|move|p1a: Hydreigon|Earth Power|p2a: Toxapex\n|-supereffective|p2a: Toxapex\n|-damage|p2a: Toxapex|26\/100\n|move|p2a: Toxapex|Recover|p2a: Toxapex\n|-heal|p2a: Toxapex|76\/100\n|\n|-damage|p1a: Hydreigon|76\/100 brn|[from] brn\n|upkeep\n|turn|86\n|c|\u2606fsafsafqa|2\n|\n|t:|1700029905\n|move|p2a: Toxapex|Baneful Bunker|p2a: Toxapex\n|-singleturn|p2a: Toxapex|move: Protect\n|move|p1a: Hydreigon|Earth Power|p2a: Toxapex\n|-activate|p2a: Toxapex|move: Protect\n|\n|-damage|p1a: Hydreigon|70\/100 brn|[from] brn\n|upkeep\n|turn|87\n|c|\u2606fsafsafqa|1\n|c|\u2606fsafsafqa|ggs :)\n|\n|t:|1700029916\n|move|p1a: Hydreigon|Earth Power|p2a: Toxapex\n|-supereffective|p2a: Toxapex\n|-crit|p2a: Toxapex\n|-damage|p2a: Toxapex|8\/100\n|move|p2a: Toxapex|Recover|p2a: Toxapex\n|-heal|p2a: Toxapex|58\/100\n|\n|-damage|p1a: Hydreigon|64\/100 brn|[from] brn\n|upkeep\n|turn|88\n|c|\u2606Jaspo|hey for 1v4\n|c|\u2606Jaspo|p good\n|\n|t:|1700029928\n|-activate|p1a: Hydreigon|move: Struggle\n|move|p1a: Hydreigon|Struggle|p2a: Toxapex\n|-crit|p2a: Toxapex\n|-damage|p2a: Toxapex|54\/100\n|-damage|p1a: Hydreigon|39\/100 brn|[from] recoil\n|move|p2a: Toxapex|Recover|p2a: Toxapex\n|-heal|p2a: Toxapex|100\/100\n|\n|-damage|p1a: Hydreigon|33\/100 brn|[from] brn\n|upkeep\n|turn|89\n|\n|t:|1700029939\n|switch|p2a: Ferrothorn|Ferrothorn, F|95\/100\n|-damage|p2a: Ferrothorn|89\/100|[from] Stealth Rock\n|-activate|p1a: Hydreigon|move: Struggle\n|move|p1a: Hydreigon|Struggle|p2a: Ferrothorn\n|-crit|p2a: Ferrothorn\n|-damage|p2a: Ferrothorn|84\/100\n|-damage|p1a: Hydreigon|21\/100 brn|[from] ability: Iron Barbs|[of] p2a: Ferrothorn\n|-damage|p1a: Hydreigon|0 fnt|[from] recoil\n|faint|p1a: Hydreigon\n|\n|win|fsafsafqa\n|raw|Jaspo's rating: 1088 &rarr; <strong>1064<\/strong><br \/>(-24 for losing)\n|raw|fsafsafqa's rating: 1082 &rarr; <strong>1110<\/strong><br \/>(+28 for winning)\n|l|\u2606Jaspo\n|c|\u2606fsafsafqa|only if my tera fire clef was alive :(\n","uploadtime":1700029977,"views":25,"p1id":"jaspo","p2id":"fsafsafqa","formatid":"gen9nationaldex","rating":1064,"private":0,"password":""}