{"id":"gen9nationaldex-1999242601","p1":"hydreigon_chelas","p2":"el bamdara","format":"[Gen 9] National Dex","log":"|html|<div class=\"broadcast-blue\"><strong>[Gen 9] National Dex is currently suspecting Sneasler! For information on how to participate check out the <a href=\"https:\/\/www.smogon.com\/forums\/threads\/sv-national-dex-suspect-8-just-dance.3731534\/\">suspect thread<\/a>.<\/strong><\/div>\n|j|\u2606hydreigon_chelas\n|j|\u2606el bamdara\n|t:|1701049794\n|gametype|singles\n|player|p1|hydreigon_chelas|iris-gen5bw2|\n|player|p2|el bamdara|n|\n|teamsize|p1|6\n|teamsize|p2|6\n|gen|9\n|tier|[Gen 9] National Dex\n|rule|HP Percentage Mod: HP is shown in percentages\n|rule|Endless Battle Clause: Forcing endless battles is banned\n|rule|OHKO Clause: OHKO moves are banned\n|rule|Evasion Clause: Evasion abilities, items, and moves are banned\n|rule|Evasion Abilities Clause: Evasion abilities are banned\n|rule|Evasion Items Clause: Evasion items are banned\n|rule|Evasion Moves Clause: Evasion moves are banned\n|rule|Species Clause: Limit one of each Pok\u00e9mon\n|rule|Sleep Clause Mod: Limit one foe put to sleep\n|clearpoke\n|poke|p1|Urshifu-*, M|\n|poke|p1|Skeledirge, M|\n|poke|p1|Scizor, F|\n|poke|p1|Gliscor, M|\n|poke|p1|Xurkitree|\n|poke|p1|Kartana|\n|poke|p2|Deoxys-Defense|\n|poke|p2|Slowbro, M|\n|poke|p2|Garchomp, M|\n|poke|p2|Heatran, F|\n|poke|p2|Ogerpon, F|\n|poke|p2|Gliscor, M|\n|teampreview\n|\n|t:|1701049810\n|start\n|switch|p1a: Xurkitree|Xurkitree|100\/100\n|switch|p2a: Deoxys|Deoxys-Defense|100\/100\n|-ability|p2a: Deoxys|Pressure\n|turn|1\n|\n|t:|1701049818\n|-zpower|p1a: Xurkitree\n|move|p1a: Xurkitree|Z-Hypnosis|p2a: Deoxys|[anim]Hypnosis|[miss]\n|-boost|p1a: Xurkitree|spe|1|[zeffect]\n|-miss|p1a: Xurkitree|p2a: Deoxys\n|move|p2a: Deoxys|Toxic|p1a: Xurkitree\n|-status|p1a: Xurkitree|tox\n|\n|-damage|p1a: Xurkitree|94\/100 tox|[from] psn\n|upkeep\n|turn|2\n|c|\u2606el bamdara|Xdxdxdxdxdxdxdxdxdxd\n|\n|t:|1701049831\n|move|p1a: Xurkitree|Tail Glow|p1a: Xurkitree\n|-boost|p1a: Xurkitree|spa|3\n|move|p2a: Deoxys|Stealth Rock|p1a: Xurkitree\n|-sidestart|p1: hydreigon_chelas|move: Stealth Rock\n|\n|-damage|p1a: Xurkitree|82\/100 tox|[from] psn\n|upkeep\n|turn|3\n|\n|t:|1701049841\n|move|p1a: Xurkitree|Thunderbolt|p2a: Deoxys\n|-damage|p2a: Deoxys|13\/100\n|move|p2a: Deoxys|Seismic Toss|p1a: Xurkitree\n|-damage|p1a: Xurkitree|53\/100 tox\n|\n|-heal|p2a: Deoxys|20\/100|[from] item: Leftovers\n|-damage|p1a: Xurkitree|34\/100 tox|[from] psn\n|upkeep\n|turn|4\n|\n|t:|1701049852\n|move|p2a: Deoxys|Protect|p2a: Deoxys\n|-singleturn|p2a: Deoxys|Protect\n|move|p1a: Xurkitree|Thunderbolt|p2a: Deoxys\n|-activate|p2a: Deoxys|move: Protect\n|\n|-heal|p2a: Deoxys|26\/100|[from] item: Leftovers\n|-damage|p1a: Xurkitree|10\/100 tox|[from] psn\n|upkeep\n|turn|5\n|\n|t:|1701049862\n|move|p1a: Xurkitree|Thunderbolt|p2a: Deoxys\n|-damage|p2a: Deoxys|0 fnt\n|faint|p2a: Deoxys\n|-ability|p1a: Xurkitree|Beast Boost|boost\n|-boost|p1a: Xurkitree|spa|1\n|\n|-damage|p1a: Xurkitree|0 fnt|[from] psn\n|faint|p1a: Xurkitree\n|upkeep\n|\n|t:|1701049881\n|switch|p1a: Kartana|Kartana|100\/100\n|switch|p2a: Slowbro|Slowbro, M|100\/100\n|-damage|p1a: Kartana|94\/100|[from] Stealth Rock\n|turn|6\n|\n|t:|1701049890\n|-terastallize|p1a: Kartana|Grass\n|move|p1a: Kartana|Leaf Blade|p2a: Slowbro\n|-supereffective|p2a: Slowbro\n|-damage|p2a: Slowbro|0 fnt\n|faint|p2a: Slowbro\n|-ability|p1a: Kartana|Beast Boost|boost\n|-boost|p1a: Kartana|atk|1\n|\n|upkeep\n|c|\u2606el bamdara|No le di a la mega\n|c|\u2606el bamdara|:V\n|c|\u2606el bamdara|Nooooooooooooooooooooooooooooooooooooooooooooooooooooooooooooooooooooooooooooooooooooooooooooooooooooooooooooooooooooooooooooooooooooooooooooooooooooooooooooooooooooooooooooooooooooooooooooooooooooooooo\n|\n|t:|1701049917\n|switch|p2a: Heatran|Heatran, F|100\/100\n|turn|7\n|\n|t:|1701049926\n|move|p1a: Kartana|Sacred Sword|p2a: Heatran\n|-supereffective|p2a: Heatran\n|-damage|p2a: Heatran|5\/100\n|move|p2a: Heatran|Heat Wave|p1a: Kartana\n|-supereffective|p1a: Kartana\n|-damage|p1a: Kartana|0 fnt\n|faint|p1a: Kartana\n|\n|upkeep\n|c|\u2606el bamdara|Cl\u00e1sico de heatran\n|\n|t:|1701049940\n|switch|p1a: Scizor|Scizor, F|100\/100\n|-damage|p1a: Scizor|88\/100|[from] Stealth Rock\n|turn|8\n|\n|t:|1701049949\n|detailschange|p1a: Scizor|Scizor-Mega, F\n|-mega|p1a: Scizor|Scizor|Scizorite\n|move|p1a: Scizor|Bullet Punch|p2a: Heatran\n|-resisted|p2a: Heatran\n|-damage|p2a: Heatran|0 fnt\n|faint|p2a: Heatran\n|\n|upkeep\n|\n|t:|1701049967\n|switch|p2a: Ogerpon|Ogerpon, F|100\/100\n|turn|9\n|\n|t:|1701049975\n|move|p2a: Ogerpon|Spiky Shield|p2a: Ogerpon\n|-singleturn|p2a: Ogerpon|move: Protect\n|move|p1a: Scizor|Swords Dance|p1a: Scizor\n|-boost|p1a: Scizor|atk|2\n|\n|upkeep\n|turn|10\n|c|\u2606el bamdara|Toy cagando\n|\n|t:|1701050017\n|move|p1a: Scizor|Bullet Punch|p2a: Ogerpon\n|-damage|p2a: Ogerpon|0 fnt\n|faint|p2a: Ogerpon\n|\n|upkeep\n|\n|t:|1701050023\n|switch|p2a: Garchomp|Garchomp, M|100\/100\n|turn|11\n|\n|t:|1701050036\n|-terastallize|p2a: Garchomp|Steel\n|move|p1a: Scizor|Bullet Punch|p2a: Garchomp\n|-resisted|p2a: Garchomp\n|-damage|p2a: Garchomp|65\/100\n|-damage|p1a: Scizor|76\/100|[from] ability: Rough Skin|[of] p2a: Garchomp\n|move|p2a: Garchomp|Earthquake|p1a: Scizor\n|-damage|p1a: Scizor|37\/100\n|\n|upkeep\n|turn|12\n|\n|t:|1701050046\n|move|p2a: Garchomp|Earthquake|p1a: Scizor\n|-damage|p1a: Scizor|1\/100\n|move|p1a: Scizor|Roost|p1a: Scizor\n|-heal|p1a: Scizor|52\/100\n|-singleturn|p1a: Scizor|move: Roost\n|\n|upkeep\n|turn|13\n|\n|t:|1701050052\n|move|p2a: Garchomp|Earthquake|p1a: Scizor\n|-damage|p1a: Scizor|10\/100\n|move|p1a: Scizor|Roost|p1a: Scizor\n|-heal|p1a: Scizor|61\/100\n|-singleturn|p1a: Scizor|move: Roost\n|\n|upkeep\n|turn|14\n|\n|t:|1701050061\n|switch|p2a: Gliscor|Gliscor, M|100\/100\n|move|p1a: Scizor|Brick Break|p2a: Gliscor\n|-resisted|p2a: Gliscor\n|-damage|p2a: Gliscor|78\/100\n|\n|-status|p2a: Gliscor|tox|[from] item: Toxic Orb\n|upkeep\n|turn|15\n|\n|t:|1701050073\n|move|p2a: Gliscor|Knock Off|p1a: Scizor\n|-damage|p1a: Scizor|49\/100\n|move|p1a: Scizor|Roost|p1a: Scizor\n|-heal|p1a: Scizor|99\/100\n|-singleturn|p1a: Scizor|move: Roost\n|\n|-heal|p2a: Gliscor|90\/100 tox|[from] ability: Poison Heal\n|upkeep\n|turn|16\n|\n|t:|1701050086\n|move|p2a: Gliscor|Earthquake|p1a: Scizor\n|-damage|p1a: Scizor|72\/100\n|move|p1a: Scizor|Swords Dance|p1a: Scizor\n|-boost|p1a: Scizor|atk|2\n|\n|-heal|p2a: Gliscor|100\/100 tox|[from] ability: Poison Heal\n|upkeep\n|turn|17\n|\n|t:|1701050105\n|move|p2a: Gliscor|Earthquake|p1a: Scizor\n|-damage|p1a: Scizor|46\/100\n|move|p1a: Scizor|Swords Dance|p1a: Scizor\n|-boost|p1a: Scizor|atk|2\n|\n|upkeep\n|turn|18\n|l|\u2606el bamdara\n|player|p2|\n|j|\u2606el bamdara\n|player|p2|el bamdara|n\n|\n|t:|1701050144\n|move|p2a: Gliscor|Earthquake|p1a: Scizor\n|-damage|p1a: Scizor|20\/100\n|move|p1a: Scizor|Roost|p1a: Scizor\n|-heal|p1a: Scizor|70\/100\n|-singleturn|p1a: Scizor|move: Roost\n|\n|upkeep\n|turn|19\n|\n|t:|1701050153\n|move|p1a: Scizor|Bullet Punch|p2a: Gliscor\n|-damage|p2a: Gliscor|0 fnt\n|faint|p2a: Gliscor\n|\n|upkeep\n|\n|t:|1701050159\n|switch|p2a: Garchomp|Garchomp, M, tera:Steel|65\/100\n|turn|20\n|\n|t:|1701050163\n|move|p1a: Scizor|Bullet Punch|p2a: Garchomp\n|-resisted|p2a: Garchomp\n|-damage|p2a: Garchomp|0 fnt\n|-damage|p1a: Scizor|58\/100|[from] ability: Rough Skin|[of] p2a: Garchomp\n|faint|p2a: Garchomp\n|\n|win|hydreigon_chelas\n|l|\u2606el bamdara\n","uploadtime":1701050181,"views":2,"p1id":"hydreigonchelas","p2id":"elbamdara","formatid":"gen9nationaldex","rating":0,"private":0,"password":""}