{"id":"gen9nationaldex-1992712908","p1":"icesaya","p2":"arcplayer","format":"[Gen 9] National Dex","log":"|j|\u2606icesaya\n|j|\u2606arcplayer\n|t:|1700228167\n|gametype|singles\n|player|p1|icesaya|alec-anime|1379\n|player|p2|arcplayer|rocketgruntf|1407\n|teamsize|p1|6\n|teamsize|p2|6\n|gen|9\n|tier|[Gen 9] National Dex\n|rated|\n|rule|HP Percentage Mod: HP is shown in percentages\n|rule|Endless Battle Clause: Forcing endless battles is banned\n|rule|OHKO Clause: OHKO moves are banned\n|rule|Evasion Clause: Evasion abilities, items, and moves are banned\n|rule|Evasion Abilities Clause: Evasion abilities are banned\n|rule|Evasion Items Clause: Evasion items are banned\n|rule|Evasion Moves Clause: Evasion moves are banned\n|rule|Species Clause: Limit one of each Pok\u00e9mon\n|rule|Sleep Clause Mod: Limit one foe put to sleep\n|clearpoke\n|poke|p1|Banette, M|\n|poke|p1|Alomomola, F|\n|poke|p1|Pawmot, M|\n|poke|p1|Ursaluna, M|\n|poke|p1|Goodra-Hisui, F|\n|poke|p1|Moltres|\n|poke|p2|Zamazenta-*|\n|poke|p2|Diancie|\n|poke|p2|Rillaboom, F|\n|poke|p2|Heatran, M|\n|poke|p2|Tornadus-Therian, M|\n|poke|p2|Great Tusk|\n|teampreview\n|inactive|Battle timer is ON: inactive players will automatically lose when time's up. (requested by icesaya)\n|inactive|arcplayer also wants the timer to be on.\n|\n|t:|1700228184\n|start\n|switch|p1a: Ursaluna|Ursaluna, M|100\/100\n|switch|p2a: \u518d\u7a7a\u4f60\u4e5f\u653e\u751f|Tornadus-Therian, M|100\/100\n|turn|1\n|\n|t:|1700228208\n|switch|p2a: \u8001\u5a46|Diancie|100\/100\n|switch|p1a: Moltres|Moltres|100\/100\n|\n|upkeep\n|turn|2\n|\n|t:|1700228216\n|switch|p1a: Ursaluna|Ursaluna, M|100\/100\n|detailschange|p2a: \u8001\u5a46|Diancie-Mega\n|-mega|p2a: \u8001\u5a46|Diancie|Diancite\n|move|p2a: \u8001\u5a46|Diamond Storm|p1a: Ursaluna|[miss]\n|-miss|p2a: \u8001\u5a46|p1a: Ursaluna\n|\n|-status|p1a: Ursaluna|brn|[from] item: Flame Orb\n|upkeep\n|turn|3\n|\n|t:|1700228225\n|move|p2a: \u8001\u5a46|Diamond Storm|p1a: Ursaluna\n|-resisted|p1a: Ursaluna\n|-damage|p1a: Ursaluna|81\/100 brn\n|move|p1a: Ursaluna|Earthquake|p2a: \u8001\u5a46\n|-supereffective|p2a: \u8001\u5a46\n|-damage|p2a: \u8001\u5a46|0 fnt\n|faint|p2a: \u8001\u5a46\n|\n|-damage|p1a: Ursaluna|75\/100 brn|[from] brn\n|upkeep\n|\n|t:|1700228229\n|switch|p2a: \u733f\u795e-\u542f\u52a8\uff01|Rillaboom, F, shiny|100\/100\n|-fieldstart|move: Grassy Terrain|[from] ability: Grassy Surge|[of] p2a: \u733f\u795e-\u542f\u52a8\uff01\n|turn|4\n|\n|t:|1700228236\n|switch|p1a: Goodra|Goodra-Hisui, F|100\/100\n|move|p2a: \u733f\u795e-\u542f\u52a8\uff01|U-turn|p1a: Goodra\n|-resisted|p1a: Goodra\n|-damage|p1a: Goodra|83\/100\n|\n|t:|1700228248\n|switch|p2a: \u518d\u7a7a\u4f60\u653e\u751f|Heatran, M|100\/100|[from] U-turn\n|\n|-heal|p1a: Goodra|89\/100|[from] Grassy Terrain\n|upkeep\n|turn|5\n|\n|t:|1700228257\n|switch|p1a: Alomomola|Alomomola, F|100\/100\n|move|p2a: \u518d\u7a7a\u4f60\u653e\u751f|Magma Storm|p1a: Alomomola|[miss]\n|-miss|p2a: \u518d\u7a7a\u4f60\u653e\u751f|p1a: Alomomola\n|\n|upkeep\n|turn|6\n|\n|t:|1700228265\n|switch|p2a: \u518d\u7a7a\u4f60\u4e5f\u653e\u751f|Tornadus-Therian, M|100\/100\n|move|p1a: Alomomola|Flip Turn|p2a: \u518d\u7a7a\u4f60\u4e5f\u653e\u751f\n|-damage|p2a: \u518d\u7a7a\u4f60\u4e5f\u653e\u751f|77\/100\n|\n|t:|1700228271\n|switch|p1a: Pawmot|Pawmot, M|100\/100|[from] Flip Turn\n|\n|upkeep\n|turn|7\n|\n|t:|1700228277\n|move|p1a: Pawmot|Double Shock|p2a: \u518d\u7a7a\u4f60\u4e5f\u653e\u751f\n|-supereffective|p2a: \u518d\u7a7a\u4f60\u4e5f\u653e\u751f\n|-damage|p2a: \u518d\u7a7a\u4f60\u4e5f\u653e\u751f|0 fnt\n|-start|p1a: Pawmot|typechange|???\/Fighting|[from] move: Double Shock\n|faint|p2a: \u518d\u7a7a\u4f60\u4e5f\u653e\u751f\n|\n|upkeep\n|\n|t:|1700228290\n|switch|p2a: \u518d\u7a7a\u4f60\u653e\u751f|Heatran, M|100\/100\n|turn|8\n|\n|t:|1700228294\n|switch|p1a: Alomomola|Alomomola, F|100\/100\n|move|p2a: \u518d\u7a7a\u4f60\u653e\u751f|Magma Storm|p1a: Alomomola|[miss]\n|-miss|p2a: \u518d\u7a7a\u4f60\u653e\u751f|p1a: Alomomola\n|\n|-fieldend|move: Grassy Terrain\n|upkeep\n|turn|9\n|c|\u2606icesaya|\u5657\n|c|\u2606arcplayer|......\n|c|\u2606icesaya|\u786e\u5b9e\u53ef\u4ee5\u653e\u751f\u4e86\n|inactive|arcplayer has 120 seconds left.\n|\n|t:|1700228327\n|-terastallize|p2a: \u518d\u7a7a\u4f60\u653e\u751f|Grass\n|move|p2a: \u518d\u7a7a\u4f60\u653e\u751f|Magma Storm|p1a: Alomomola|[miss]\n|-miss|p2a: \u518d\u7a7a\u4f60\u653e\u751f|p1a: Alomomola\n|move|p1a: Alomomola|Flip Turn|p2a: \u518d\u7a7a\u4f60\u653e\u751f\n|-resisted|p2a: \u518d\u7a7a\u4f60\u653e\u751f\n|-damage|p2a: \u518d\u7a7a\u4f60\u653e\u751f|93\/100\n|\n|t:|1700228343\n|switch|p1a: Ursaluna|Ursaluna, M|75\/100 brn|[from] Flip Turn\n|\n|-heal|p2a: \u518d\u7a7a\u4f60\u653e\u751f|99\/100|[from] item: Leftovers\n|-damage|p1a: Ursaluna|69\/100 brn|[from] brn\n|upkeep\n|turn|10\n|c|\u2606arcplayer|\u6211\u65e5\u4f60\u5988\uff0c\u706b\u521a\n|\n|t:|1700228354\n|move|p2a: \u518d\u7a7a\u4f60\u653e\u751f|Magma Storm|p1a: Ursaluna\n|-damage|p1a: Ursaluna|34\/100 brn\n|-activate|p1a: Ursaluna|move: Magma Storm|[of] p2a: \u518d\u7a7a\u4f60\u653e\u751f\n|move|p1a: Ursaluna|Facade|p2a: \u518d\u7a7a\u4f60\u653e\u751f\n|-damage|p2a: \u518d\u7a7a\u4f60\u653e\u751f|0 fnt\n|faint|p2a: \u518d\u7a7a\u4f60\u653e\u751f\n|\n|-damage|p1a: Ursaluna|28\/100 brn|[from] brn\n|-end|p1a: Ursaluna|Magma Storm|[partiallytrapped]|[silent]\n|upkeep\n|\n|t:|1700228358\n|switch|p2a: \u733f\u795e-\u542f\u52a8\uff01|Rillaboom, F, shiny|100\/100\n|-fieldstart|move: Grassy Terrain|[from] ability: Grassy Surge|[of] p2a: \u733f\u795e-\u542f\u52a8\uff01\n|turn|11\n|\n|t:|1700228365\n|switch|p1a: Moltres|Moltres|100\/100\n|move|p2a: \u733f\u795e-\u542f\u52a8\uff01|U-turn|p1a: Moltres\n|-resisted|p1a: Moltres\n|-damage|p1a: Moltres|94\/100\n|\n|t:|1700228369\n|switch|p2a: Great Tusk|Great Tusk|100\/100|[from] U-turn\n|\n|upkeep\n|turn|12\n|\n|t:|1700228373\n|move|p2a: Great Tusk|Head Smash|p1a: Moltres\n|-supereffective|p1a: Moltres\n|-damage|p1a: Moltres|0 fnt\n|-status|p2a: Great Tusk|brn|[from] ability: Flame Body|[of] p1a: Moltres\n|faint|p1a: Moltres\n|-damage|p2a: Great Tusk|52\/100 brn|[from] Recoil\n|\n|-heal|p2a: Great Tusk|58\/100 brn|[from] Grassy Terrain\n|-damage|p2a: Great Tusk|52\/100 brn|[from] brn\n|upkeep\n|\n|t:|1700228392\n|switch|p1a: Pawmot|Pawmot, M|100\/100\n|turn|13\n|\n|t:|1700228397\n|move|p1a: Pawmot|Seed Bomb|p2a: Great Tusk\n|-supereffective|p2a: Great Tusk\n|-damage|p2a: Great Tusk|0 fnt\n|faint|p2a: Great Tusk\n|-end|p2a: Great Tusk|Protosynthesis|[silent]\n|\n|upkeep\n|\n|t:|1700228400\n|switch|p2a: \u85cf\u6307\u5bfc|Zamazenta|100\/100\n|-ability|p2a: \u85cf\u6307\u5bfc|Dauntless Shield|boost\n|-boost|p2a: \u85cf\u6307\u5bfc|def|1\n|turn|14\n|\n|t:|1700228405\n|switch|p1a: Banette|Banette, M|100\/100\n|-item|p2a: \u85cf\u6307\u5bfc|Leftovers|[from] ability: Frisk|[of] p1a: Banette|[identify]\n|move|p2a: \u85cf\u6307\u5bfc|Iron Defense|p2a: \u85cf\u6307\u5bfc\n|-boost|p2a: \u85cf\u6307\u5bfc|def|2\n|\n|upkeep\n|turn|15\n|\n|t:|1700228414\n|detailschange|p1a: Banette|Banette-Mega, M\n|-mega|p1a: Banette|Banette|Banettite\n|move|p1a: Banette|Encore|p2a: \u85cf\u6307\u5bfc\n|-start|p2a: \u85cf\u6307\u5bfc|Encore\n|move|p2a: \u85cf\u6307\u5bfc|Iron Defense|p2a: \u85cf\u6307\u5bfc\n|-boost|p2a: \u85cf\u6307\u5bfc|def|2\n|\n|-fieldend|move: Grassy Terrain\n|upkeep\n|turn|16\n|\n|t:|1700228425\n|switch|p2a: \u733f\u795e-\u542f\u52a8\uff01|Rillaboom, F, shiny|100\/100\n|-fieldstart|move: Grassy Terrain|[from] ability: Grassy Surge|[of] p2a: \u733f\u795e-\u542f\u52a8\uff01\n|switch|p1a: Alomomola|Alomomola, F|100\/100\n|\n|upkeep\n|turn|17\n|c|\u2606arcplayer|\u6740\u4e86\u6211\u5427\n|c|\u2606arcplayer|\u88ab\u6f14\u5458\u6c14\u6655\n|\n|t:|1700228444\n|switch|p1a: Goodra|Goodra-Hisui, F|89\/100\n|move|p2a: \u733f\u795e-\u542f\u52a8\uff01|Wood Hammer|p1a: Goodra\n|-ability|p1a: Goodra|Sap Sipper|boost\n|-boost|p1a: Goodra|atk|1\n|\n|-heal|p1a: Goodra|95\/100|[from] Grassy Terrain\n|upkeep\n|turn|18\n|c|\u2606icesaya|\u786e\u5b9e\n|\n|t:|1700228452\n|switch|p2a: \u85cf\u6307\u5bfc|Zamazenta|100\/100\n|move|p1a: Goodra|Fire Blast|p2a: \u85cf\u6307\u5bfc\n|-damage|p2a: \u85cf\u6307\u5bfc|70\/100\n|\n|-heal|p2a: \u85cf\u6307\u5bfc|76\/100|[from] Grassy Terrain\n|-heal|p2a: \u85cf\u6307\u5bfc|82\/100|[from] item: Leftovers\n|-heal|p1a: Goodra|100\/100|[from] Grassy Terrain\n|upkeep\n|turn|19\n|\n|t:|1700228464\n|switch|p1a: Alomomola|Alomomola, F|100\/100\n|move|p2a: \u85cf\u6307\u5bfc|Substitute|p2a: \u85cf\u6307\u5bfc\n|-start|p2a: \u85cf\u6307\u5bfc|Substitute\n|-damage|p2a: \u85cf\u6307\u5bfc|57\/100\n|\n|-heal|p2a: \u85cf\u6307\u5bfc|64\/100|[from] Grassy Terrain\n|-heal|p2a: \u85cf\u6307\u5bfc|70\/100|[from] item: Leftovers\n|upkeep\n|turn|20\n|\n|t:|1700228473\n|move|p2a: \u85cf\u6307\u5bfc|Iron Defense|p2a: \u85cf\u6307\u5bfc\n|-boost|p2a: \u85cf\u6307\u5bfc|def|2\n|move|p1a: Alomomola|Flip Turn|p2a: \u85cf\u6307\u5bfc\n|-activate|p2a: \u85cf\u6307\u5bfc|move: Substitute|[damage]\n|\n|t:|1700228480\n|switch|p1a: Banette|Banette-Mega, M|100\/100|[from] Flip Turn\n|\n|-heal|p2a: \u85cf\u6307\u5bfc|76\/100|[from] Grassy Terrain\n|-heal|p2a: \u85cf\u6307\u5bfc|82\/100|[from] item: Leftovers\n|-fieldend|move: Grassy Terrain\n|upkeep\n|turn|21\n|\n|t:|1700228491\n|move|p1a: Banette|Taunt|p2a: \u85cf\u6307\u5bfc\n|-start|p2a: \u85cf\u6307\u5bfc|move: Taunt\n|move|p2a: \u85cf\u6307\u5bfc|Crunch|p1a: Banette\n|-supereffective|p1a: Banette\n|-damage|p1a: Banette|34\/100\n|\n|-heal|p2a: \u85cf\u6307\u5bfc|88\/100|[from] item: Leftovers\n|upkeep\n|turn|22\n|\n|t:|1700228499\n|move|p1a: Banette|Destiny Bond|p1a: Banette\n|-singlemove|p1a: Banette|Destiny Bond\n|move|p2a: \u85cf\u6307\u5bfc|Crunch|p1a: Banette\n|-supereffective|p1a: Banette\n|-damage|p1a: Banette|0 fnt\n|faint|p1a: Banette\n|-activate|p1a: Banette|move: Destiny Bond\n|faint|p2a: \u85cf\u6307\u5bfc\n|\n|upkeep\n|\n|t:|1700228509\n|switch|p2a: \u733f\u795e-\u542f\u52a8\uff01|Rillaboom, F, shiny|100\/100\n|switch|p1a: Goodra|Goodra-Hisui, F|100\/100\n|-fieldstart|move: Grassy Terrain|[from] ability: Grassy Surge|[of] p2a: \u733f\u795e-\u542f\u52a8\uff01\n|turn|23\n|\n|t:|1700228517\n|move|p2a: \u733f\u795e-\u542f\u52a8\uff01|Knock Off|p1a: Goodra\n|-damage|p1a: Goodra|51\/100\n|-enditem|p1a: Goodra|Assault Vest|[from] move: Knock Off|[of] p2a: \u733f\u795e-\u542f\u52a8\uff01\n|move|p1a: Goodra|Blizzard|p2a: \u733f\u795e-\u542f\u52a8\uff01\n|-supereffective|p2a: \u733f\u795e-\u542f\u52a8\uff01\n|-damage|p2a: \u733f\u795e-\u542f\u52a8\uff01|10\/100\n|\n|-heal|p2a: \u733f\u795e-\u542f\u52a8\uff01|16\/100|[from] Grassy Terrain\n|-heal|p1a: Goodra|57\/100|[from] Grassy Terrain\n|upkeep\n|turn|24\n|\n|t:|1700228527\n|move|p2a: \u733f\u795e-\u542f\u52a8\uff01|Knock Off|p1a: Goodra\n|-damage|p1a: Goodra|25\/100\n|move|p1a: Goodra|Blizzard|p2a: \u733f\u795e-\u542f\u52a8\uff01|[miss]\n|-miss|p1a: Goodra|p2a: \u733f\u795e-\u542f\u52a8\uff01\n|\n|-heal|p2a: \u733f\u795e-\u542f\u52a8\uff01|22\/100|[from] Grassy Terrain\n|-heal|p1a: Goodra|31\/100|[from] Grassy Terrain\n|upkeep\n|turn|25\n|\n|t:|1700228536\n|move|p2a: \u733f\u795e-\u542f\u52a8\uff01|Knock Off|p1a: Goodra\n|-damage|p1a: Goodra|0 fnt\n|faint|p1a: Goodra\n|\n|-heal|p2a: \u733f\u795e-\u542f\u52a8\uff01|28\/100|[from] Grassy Terrain\n|upkeep\n|\n|t:|1700228544\n|switch|p1a: Pawmot|Pawmot, M|100\/100\n|turn|26\n|\n|t:|1700228548\n|move|p1a: Pawmot|Close Combat|p2a: \u733f\u795e-\u542f\u52a8\uff01\n|-damage|p2a: \u733f\u795e-\u542f\u52a8\uff01|0 fnt\n|-unboost|p1a: Pawmot|def|1\n|-unboost|p1a: Pawmot|spd|1\n|faint|p2a: \u733f\u795e-\u542f\u52a8\uff01\n|\n|win|icesaya\n|raw|icesaya's rating: 1379 &rarr; <strong>1401<\/strong><br \/>(+22 for winning)\n|raw|arcplayer's rating: 1407 &rarr; <strong>1385<\/strong><br \/>(-22 for losing)\n","uploadtime":1700228345,"views":5,"p1id":"icesaya","p2id":"arcplayer","formatid":"gen9nationaldex","rating":1385,"private":0,"password":""}