{"id":"gen9nationaldex-1999075245","p1":"ShriveledMonkey","p2":"KingProdG","format":"[Gen 9] National Dex","log":"|html|<div class=\"broadcast-blue\"><strong>[Gen 9] National Dex is currently suspecting Sneasler! For information on how to participate check out the <a href=\"https:\/\/www.smogon.com\/forums\/threads\/sv-national-dex-suspect-8-just-dance.3731534\/\">suspect thread<\/a>.<\/strong><\/div>\n|j|\u2606ShriveledMonkey\n|j|\u2606KingProdG\n|t:|1701030500\n|gametype|singles\n|player|p1|ShriveledMonkey|102|1106\n|player|p2|KingProdG|biker-gen4|1078\n|teamsize|p1|6\n|teamsize|p2|6\n|gen|9\n|tier|[Gen 9] National Dex\n|rated|\n|rule|HP Percentage Mod: HP is shown in percentages\n|rule|Endless Battle Clause: Forcing endless battles is banned\n|rule|OHKO Clause: OHKO moves are banned\n|rule|Evasion Clause: Evasion abilities, items, and moves are banned\n|rule|Evasion Abilities Clause: Evasion abilities are banned\n|rule|Evasion Items Clause: Evasion items are banned\n|rule|Evasion Moves Clause: Evasion moves are banned\n|rule|Species Clause: Limit one of each Pok\u00e9mon\n|rule|Sleep Clause Mod: Limit one foe put to sleep\n|clearpoke\n|poke|p1|Tapu Fini|\n|poke|p1|Haxorus, M|\n|poke|p1|Banette, M|\n|poke|p1|Eelektross, M|\n|poke|p1|Scolipede, F|\n|poke|p1|Butterfree, M|\n|poke|p2|Banette, M|\n|poke|p2|Espeon, M|\n|poke|p2|Greninja-*, M|\n|poke|p2|Tapu Koko|\n|poke|p2|Snorlax, M|\n|poke|p2|Galvantula, M|\n|teampreview\n|\n|t:|1701030508\n|start\n|switch|p1a: Eelektross|Eelektross, M|100\/100\n|switch|p2a: Galvantula|Galvantula, M|100\/100\n|turn|1\n|\n|t:|1701030518\n|move|p2a: Galvantula|Sticky Web|p1a: Eelektross\n|-sidestart|p1: ShriveledMonkey|move: Sticky Web\n|move|p1a: Eelektross|Coil|p1a: Eelektross\n|-boost|p1a: Eelektross|atk|1\n|-boost|p1a: Eelektross|def|1\n|-boost|p1a: Eelektross|accuracy|1\n|\n|upkeep\n|turn|2\n|\n|t:|1701030530\n|move|p2a: Galvantula|Bug Buzz|p1a: Eelektross\n|-damage|p1a: Eelektross|73\/100\n|move|p1a: Eelektross|Liquidation|p2a: Galvantula\n|-damage|p2a: Galvantula|43\/100\n|-unboost|p2a: Galvantula|def|1\n|\n|-heal|p1a: Eelektross|79\/100|[from] item: Leftovers\n|upkeep\n|turn|3\n|\n|t:|1701030544\n|switch|p2a: Banette|Banette, M|100\/100\n|-item|p1a: Eelektross|Leftovers|[from] ability: Frisk|[of] p2a: Banette|[identify]\n|move|p1a: Eelektross|Liquidation|p2a: Banette\n|-damage|p2a: Banette|60\/100\n|\n|-heal|p1a: Eelektross|86\/100|[from] item: Leftovers\n|upkeep\n|turn|4\n|\n|t:|1701030553\n|detailschange|p2a: Banette|Banette-Mega, M\n|-mega|p2a: Banette|Banette|Banettite\n|move|p2a: Banette|Curse|p1a: Eelektross\n|-start|p1a: Eelektross|Curse|[of] p2a: Banette\n|-damage|p2a: Banette|11\/100\n|move|p1a: Eelektross|Wild Charge|p2a: Banette\n|-damage|p2a: Banette|0 fnt\n|faint|p2a: Banette\n|-damage|p1a: Eelektross|84\/100|[from] Recoil\n|\n|-heal|p1a: Eelektross|90\/100|[from] item: Leftovers\n|-damage|p1a: Eelektross|65\/100|[from] Curse\n|upkeep\n|\n|t:|1701030567\n|switch|p2a: Snorlax|Snorlax, M|100\/100\n|turn|5\n|\n|t:|1701030573\n|move|p1a: Eelektross|Drain Punch|p2a: Snorlax\n|-supereffective|p2a: Snorlax\n|-damage|p2a: Snorlax|48\/100\n|-heal|p1a: Eelektross|100\/100|[from] drain|[of] p2a: Snorlax\n|move|p2a: Snorlax|Curse|p2a: Snorlax\n|-unboost|p2a: Snorlax|spe|1\n|-boost|p2a: Snorlax|atk|1\n|-boost|p2a: Snorlax|def|1\n|\n|-heal|p2a: Snorlax|54\/100|[from] item: Leftovers\n|-damage|p1a: Eelektross|76\/100|[from] Curse\n|upkeep\n|turn|6\n|\n|t:|1701030583\n|-terastallize|p2a: Snorlax|Ghost\n|move|p1a: Eelektross|Drain Punch|p2a: Snorlax\n|-immune|p2a: Snorlax\n|move|p2a: Snorlax|Chilling Water|p1a: Eelektross\n|-damage|p1a: Eelektross|70\/100\n|-unboost|p1a: Eelektross|atk|1\n|\n|-heal|p1a: Eelektross|76\/100|[from] item: Leftovers\n|-heal|p2a: Snorlax|60\/100|[from] item: Leftovers\n|-damage|p1a: Eelektross|51\/100|[from] Curse\n|upkeep\n|turn|7\n|\n|t:|1701030598\n|move|p1a: Eelektross|Wild Charge|p2a: Snorlax\n|-damage|p2a: Snorlax|38\/100\n|-damage|p1a: Eelektross|43\/100|[from] Recoil\n|move|p2a: Snorlax|Covet|p1a: Eelektross\n|-damage|p1a: Eelektross|8\/100\n|\n|-heal|p1a: Eelektross|14\/100|[from] item: Leftovers\n|-heal|p2a: Snorlax|45\/100|[from] item: Leftovers\n|-damage|p1a: Eelektross|0 fnt|[from] Curse\n|faint|p1a: Eelektross\n|upkeep\n|\n|t:|1701030614\n|switch|p1a: Banette|Banette, M|100\/100\n|turn|8\n|\n|t:|1701030624\n|move|p1a: Banette|Swords Dance|p1a: Banette\n|-boost|p1a: Banette|atk|2\n|move|p2a: Snorlax|Chilling Water|p1a: Banette\n|-damage|p1a: Banette|85\/100\n|-unboost|p1a: Banette|atk|1\n|\n|-heal|p2a: Snorlax|51\/100|[from] item: Leftovers\n|upkeep\n|turn|9\n|\n|t:|1701030634\n|move|p1a: Banette|Shadow Sneak|p2a: Snorlax\n|-supereffective|p2a: Snorlax\n|-damage|p2a: Snorlax|9\/100\n|move|p2a: Snorlax|Curse|p1a: Banette\n|-start|p1a: Banette|Curse|[of] p2a: Snorlax\n|-damage|p2a: Snorlax|0 fnt\n|faint|p2a: Snorlax\n|\n|-damage|p1a: Banette|60\/100|[from] Curse\n|upkeep\n|\n|t:|1701030643\n|switch|p2a: Galvantula|Galvantula, M|43\/100\n|turn|10\n|\n|t:|1701030651\n|move|p1a: Banette|Shadow Sneak|p2a: Galvantula\n|-damage|p2a: Galvantula|0 fnt\n|faint|p2a: Galvantula\n|\n|-damage|p1a: Banette|35\/100|[from] Curse\n|upkeep\n|\n|t:|1701030655\n|switch|p2a: Tapu Koko|Tapu Koko|100\/100\n|-fieldstart|move: Electric Terrain|[from] ability: Electric Surge|[of] p2a: Tapu Koko\n|turn|11\n|\n|t:|1701030664\n|move|p1a: Banette|Shadow Sneak|p2a: Tapu Koko\n|-damage|p2a: Tapu Koko|52\/100\n|-damage|p1a: Banette|19\/100|[from] item: Rocky Helmet|[of] p2a: Tapu Koko\n|move|p2a: Tapu Koko|Iron Defense|p2a: Tapu Koko\n|-boost|p2a: Tapu Koko|def|2\n|\n|-damage|p1a: Banette|0 fnt|[from] Curse\n|faint|p1a: Banette\n|upkeep\n|\n|t:|1701030678\n|switch|p1a: Haxorus|Haxorus, M|100\/100\n|-activate|p1a: Haxorus|move: Sticky Web\n|-unboost|p1a: Haxorus|spe|1\n|-ability|p1a: Haxorus|Mold Breaker\n|turn|12\n|\n|t:|1701030689\n|-terastallize|p1a: Haxorus|Electric\n|move|p2a: Tapu Koko|Dazzling Gleam|p1a: Haxorus\n|-damage|p1a: Haxorus|47\/100\n|move|p1a: Haxorus|Swords Dance|p1a: Haxorus\n|-boost|p1a: Haxorus|atk|2\n|\n|upkeep\n|turn|13\n|\n|t:|1701030697\n|move|p2a: Tapu Koko|Dazzling Gleam|p1a: Haxorus\n|-damage|p1a: Haxorus|0 fnt\n|faint|p1a: Haxorus\n|\n|upkeep\n|\n|t:|1701030703\n|switch|p1a: Scolipede|Scolipede, F|100\/100\n|-activate|p1a: Scolipede|move: Sticky Web\n|-unboost|p1a: Scolipede|spe|1\n|turn|14\n|\n|t:|1701030711\n|move|p2a: Tapu Koko|Iron Defense|p2a: Tapu Koko\n|-boost|p2a: Tapu Koko|def|2\n|move|p1a: Scolipede|Swords Dance|p1a: Scolipede\n|-boost|p1a: Scolipede|atk|2\n|\n|-ability|p1a: Scolipede|Speed Boost|boost\n|-boost|p1a: Scolipede|spe|1\n|upkeep\n|turn|15\n|\n|t:|1701030721\n|move|p2a: Tapu Koko|Sky Drop|p1a: Scolipede\n|-fail|p1a: Scolipede|move: Sky Drop|[heavy]\n|move|p1a: Scolipede|Poison Jab|p2a: Tapu Koko\n|-supereffective|p2a: Tapu Koko\n|-damage|p2a: Tapu Koko|0 fnt\n|-damage|p1a: Scolipede|84\/100|[from] item: Rocky Helmet|[of] p2a: Tapu Koko\n|faint|p2a: Tapu Koko\n|\n|-fieldend|move: Electric Terrain\n|-ability|p1a: Scolipede|Speed Boost|boost\n|-boost|p1a: Scolipede|spe|1\n|upkeep\n|\n|t:|1701030727\n|switch|p2a: Greninja|Greninja, M|100\/100\n|turn|16\n|\n|t:|1701030732\n|move|p2a: Greninja|Water Shuriken|p1a: Scolipede\n|-crit|p1a: Scolipede\n|-damage|p1a: Scolipede|63\/100\n|-damage|p1a: Scolipede|50\/100\n|-damage|p1a: Scolipede|38\/100\n|-hitcount|p1a: Scolipede|3\n|move|p1a: Scolipede|Megahorn|p2a: Greninja|[miss]\n|-miss|p1a: Scolipede|p2a: Greninja\n|\n|-ability|p1a: Scolipede|Speed Boost|boost\n|-boost|p1a: Scolipede|spe|1\n|upkeep\n|turn|17\n|\n|t:|1701030742\n|move|p2a: Greninja|Water Shuriken|p1a: Scolipede\n|-damage|p1a: Scolipede|23\/100\n|-crit|p1a: Scolipede\n|-damage|p1a: Scolipede|3\/100\n|-crit|p1a: Scolipede\n|-damage|p1a: Scolipede|0 fnt\n|faint|p1a: Scolipede\n|-ability|p2a: Greninja|Battle Bond|boost\n|-boost|p2a: Greninja|atk|1\n|-boost|p2a: Greninja|spa|1\n|-boost|p2a: Greninja|spe|1\n|-activate|p2a: Greninja|ability: Battle Bond\n|-hitcount|p1: Scolipede|3\n|\n|upkeep\n|\n|t:|1701030753\n|switch|p1a: Tapu Fini|Tapu Fini|100\/100\n|-activate|p1a: Tapu Fini|move: Sticky Web\n|-unboost|p1a: Tapu Fini|spe|1\n|-fieldstart|move: Misty Terrain|[from] ability: Misty Surge|[of] p1a: Tapu Fini\n|turn|18\n|\n|t:|1701030762\n|move|p2a: Greninja|Work Up|p2a: Greninja\n|-boost|p2a: Greninja|atk|1\n|-boost|p2a: Greninja|spa|1\n|move|p1a: Tapu Fini|Moonblast|p2a: Greninja\n|-supereffective|p2a: Greninja\n|-damage|p2a: Greninja|17\/100\n|-enditem|p2a: Greninja|Weakness Policy\n|-boost|p2a: Greninja|atk|2|[from] item: Weakness Policy\n|-boost|p2a: Greninja|spa|2|[from] item: Weakness Policy\n|\n|upkeep\n|turn|19\n|\n|t:|1701030771\n|move|p2a: Greninja|Water Shuriken|p1a: Tapu Fini\n|-resisted|p1a: Tapu Fini\n|-damage|p1a: Tapu Fini|91\/100\n|-resisted|p1a: Tapu Fini\n|-damage|p1a: Tapu Fini|82\/100\n|-hitcount|p1a: Tapu Fini|2\n|move|p1a: Tapu Fini|Moonblast|p2a: Greninja\n|-supereffective|p2a: Greninja\n|-damage|p2a: Greninja|0 fnt\n|faint|p2a: Greninja\n|\n|-heal|p1a: Tapu Fini|88\/100|[from] item: Leftovers\n|upkeep\n|\n|t:|1701030777\n|switch|p2a: Espeon|Espeon, M|100\/100\n|turn|20\n|\n|t:|1701030786\n|move|p2a: Espeon|Calm Mind|p2a: Espeon\n|-boost|p2a: Espeon|spa|1\n|-boost|p2a: Espeon|spd|1\n|move|p1a: Tapu Fini|Whirlpool|p2a: Espeon\n|-damage|p2a: Espeon|92\/100\n|-activate|p2a: Espeon|move: Whirlpool|[of] p1a: Tapu Fini\n|\n|-heal|p2a: Espeon|98\/100|[from] item: Leftovers\n|-heal|p1a: Tapu Fini|94\/100|[from] item: Leftovers\n|-damage|p2a: Espeon|85\/100|[from] move: Whirlpool|[partiallytrapped]\n|upkeep\n|turn|21\n|\n|t:|1701030796\n|move|p2a: Espeon|Shadow Ball|p1a: Tapu Fini\n|-damage|p1a: Tapu Fini|67\/100\n|move|p1a: Tapu Fini|Nature's Madness|p2a: Espeon|[miss]\n|-miss|p1a: Tapu Fini|p2a: Espeon\n|\n|-heal|p2a: Espeon|91\/100|[from] item: Leftovers\n|-heal|p1a: Tapu Fini|73\/100|[from] item: Leftovers\n|-damage|p2a: Espeon|79\/100|[from] move: Whirlpool|[partiallytrapped]\n|upkeep\n|turn|22\n|\n|t:|1701030805\n|move|p2a: Espeon|Mud-Slap|p1a: Tapu Fini\n|-damage|p1a: Tapu Fini|66\/100\n|-unboost|p1a: Tapu Fini|accuracy|1\n|move|p1a: Tapu Fini|Nature's Madness|p2a: Espeon\n|-damage|p2a: Espeon|40\/100\n|\n|-heal|p2a: Espeon|46\/100|[from] item: Leftovers\n|-heal|p1a: Tapu Fini|73\/100|[from] item: Leftovers\n|-damage|p2a: Espeon|34\/100|[from] move: Whirlpool|[partiallytrapped]\n|-fieldend|Misty Terrain\n|upkeep\n|turn|23\n|\n|t:|1701030816\n|move|p2a: Espeon|Shadow Ball|p1a: Tapu Fini\n|-damage|p1a: Tapu Fini|46\/100\n|move|p1a: Tapu Fini|Nature's Madness|p2a: Espeon\n|-damage|p2a: Espeon|17\/100\n|\n|-heal|p2a: Espeon|23\/100|[from] item: Leftovers\n|-heal|p1a: Tapu Fini|52\/100|[from] item: Leftovers\n|-damage|p2a: Espeon|11\/100|[from] move: Whirlpool|[partiallytrapped]\n|upkeep\n|turn|24\n|\n|t:|1701030826\n|move|p2a: Espeon|Shadow Ball|p1a: Tapu Fini\n|-damage|p1a: Tapu Fini|24\/100\n|move|p1a: Tapu Fini|Moonblast|p2a: Espeon|[miss]\n|-miss|p1a: Tapu Fini|p2a: Espeon\n|\n|-heal|p2a: Espeon|17\/100|[from] item: Leftovers\n|-heal|p1a: Tapu Fini|31\/100|[from] item: Leftovers\n|-damage|p2a: Espeon|5\/100|[from] move: Whirlpool|[partiallytrapped]\n|upkeep\n|turn|25\n|\n|t:|1701030835\n|move|p2a: Espeon|Shadow Ball|p1a: Tapu Fini\n|-damage|p1a: Tapu Fini|1\/100\n|move|p1a: Tapu Fini|Moonblast|p2a: Espeon\n|-damage|p2a: Espeon|0 fnt\n|faint|p2a: Espeon\n|\n|win|ShriveledMonkey\n|raw|ShriveledMonkey's rating: 1106 &rarr; <strong>1129<\/strong><br \/>(+23 for winning)\n|raw|KingProdG's rating: 1078 &rarr; <strong>1058<\/strong><br \/>(-20 for losing)\n|l|\u2606KingProdG\n","uploadtime":1701030844,"views":1,"p1id":"shriveledmonkey","p2id":"kingprodg","formatid":"gen9nationaldex","rating":1058,"private":0,"password":""}