{"id":"gen9nationaldex-1993122184","p1":"looking 4 horizons","p2":"Miku Nakano ily","format":"[Gen 9] National Dex","log":"|j|\u2606looking 4 horizons\n|j|\u2606Miku Nakano ily\n|inactive|Battle timer is ON: inactive players will automatically lose when time's up.\n|t:|1700267370\n|gametype|singles\n|player|p1|looking 4 horizons|ingo|\n|player|p2|Miku Nakano ily|169|\n|teamsize|p1|6\n|teamsize|p2|6\n|gen|9\n|tier|[Gen 9] National Dex\n|rated|Tournament battle\n|rule|HP Percentage Mod: HP is shown in percentages\n|rule|Endless Battle Clause: Forcing endless battles is banned\n|rule|OHKO Clause: OHKO moves are banned\n|rule|Evasion Clause: Evasion abilities, items, and moves are banned\n|rule|Evasion Abilities Clause: Evasion abilities are banned\n|rule|Evasion Items Clause: Evasion items are banned\n|rule|Evasion Moves Clause: Evasion moves are banned\n|rule|Species Clause: Limit one of each Pok\u00e9mon\n|rule|Sleep Clause Mod: Limit one foe put to sleep\n|clearpoke\n|poke|p1|Gliscor, M|\n|poke|p1|Dondozo, F|\n|poke|p1|Aegislash, F|\n|poke|p1|Ampharos, M|\n|poke|p1|Chansey, F|\n|poke|p1|Tornadus-Therian, M|\n|poke|p2|Charizard, M|\n|poke|p2|Alomomola, M|\n|poke|p2|Slowking-Galar, M|\n|poke|p2|Iron Valiant|\n|poke|p2|Landorus-Therian, M|\n|poke|p2|Cinderace, F|\n|teampreview\n|c|\u2606Miku Nakano ily|Hf\n|c|\u2606looking 4 horizons|the fated rematch\n|c|\u2606looking 4 horizons|hf\n|c|\u2606Miku Nakano ily|Wait what\n|j| Metool B\n|inactive|looking 4 horizons has 120 seconds left.\n|c|\u2606looking 4 horizons|we played in finals before\n|inactive|looking 4 horizons has 90 seconds left.\n|\n|t:|1700267431\n|start\n|switch|p1a: Ampharos|Ampharos, M|100\/100\n|switch|p2a: Landorus|Landorus-Therian, M|100\/100\n|-ability|p2a: Landorus|Intimidate|boost\n|-unboost|p1a: Ampharos|atk|1\n|turn|1\n|\n|t:|1700267441\n|switch|p1a: Tornadus|Tornadus-Therian, M|100\/100\n|move|p2a: Landorus|Knock Off|p1a: Tornadus\n|-damage|p1a: Tornadus|70\/100\n|-enditem|p1a: Tornadus|Heavy-Duty Boots|[from] move: Knock Off|[of] p2a: Landorus\n|\n|upkeep\n|turn|2\n|\n|t:|1700267448\n|move|p1a: Tornadus|U-turn|p2a: Landorus\n|-resisted|p2a: Landorus\n|-damage|p2a: Landorus|94\/100\n|\n|t:|1700267452\n|switch|p1a: Gliscor|Gliscor, M|100\/100|[from] U-turn\n|move|p2a: Landorus|Knock Off|p1a: Gliscor\n|-damage|p1a: Gliscor|75\/100\n|-enditem|p1a: Gliscor|Toxic Orb|[from] move: Knock Off|[of] p2a: Landorus\n|\n|-heal|p2a: Landorus|99\/100|[from] item: Leftovers\n|upkeep\n|turn|3\n|\n|t:|1700267457\n|switch|p2a: Slowking|Slowking-Galar, M|100\/100\n|move|p1a: Gliscor|Toxic|p2a: Slowking\n|-immune|p2a: Slowking\n|\n|upkeep\n|turn|4\n|\n|t:|1700267461\n|move|p1a: Gliscor|Earthquake|p2a: Slowking\n|-supereffective|p2a: Slowking\n|-damage|p2a: Slowking|31\/100\n|move|p2a: Slowking|Ice Beam|p1a: Gliscor\n|-supereffective|p1a: Gliscor\n|-damage|p1a: Gliscor|0 fnt\n|faint|p1a: Gliscor\n|\n|-heal|p2a: Slowking|38\/100|[from] item: Leftovers\n|upkeep\n|\n|t:|1700267468\n|switch|p1a: Aegislash|Aegislash, F|100\/100\n|turn|5\n|c|\u2606Miku Nakano ily|Freeze time\n|\n|t:|1700267482\n|switch|p2a: Alomomola|Alomomola, M|100\/100\n|-formechange|p1a: Aegislash|Aegislash-Blade||[from] ability: Stance Change\n|move|p1a: Aegislash|Shadow Ball|p2a: Alomomola\n|-damage|p2a: Alomomola|44\/100\n|\n|upkeep\n|turn|6\n|\n|t:|1700267499\n|switch|p2a: Landorus|Landorus-Therian, M|99\/100\n|-ability|p2a: Landorus|Intimidate|boost\n|-unboost|p1a: Aegislash|atk|1\n|move|p1a: Aegislash|Shadow Ball|p2a: Landorus\n|-damage|p2a: Landorus|65\/100\n|\n|-heal|p2a: Landorus|71\/100|[from] item: Leftovers\n|upkeep\n|turn|7\n|\n|t:|1700267505\n|-formechange|p1a: Aegislash|Aegislash||[from] ability: Stance Change\n|move|p1a: Aegislash|King's Shield|p1a: Aegislash\n|-singleturn|p1a: Aegislash|Protect\n|move|p2a: Landorus|Knock Off|p1a: Aegislash\n|-activate|p1a: Aegislash|move: Protect\n|-unboost|p2a: Landorus|atk|1\n|\n|-heal|p2a: Landorus|77\/100|[from] item: Leftovers\n|upkeep\n|turn|8\n|\n|t:|1700267516\n|move|p2a: Landorus|Knock Off|p1a: Aegislash\n|-supereffective|p1a: Aegislash\n|-damage|p1a: Aegislash|67\/100\n|-enditem|p1a: Aegislash|Leftovers|[from] move: Knock Off|[of] p2a: Landorus\n|move|p1a: Aegislash|Toxic|p2a: Landorus\n|-status|p2a: Landorus|tox\n|\n|-heal|p2a: Landorus|83\/100 tox|[from] item: Leftovers\n|-damage|p2a: Landorus|77\/100 tox|[from] psn\n|upkeep\n|turn|9\n|\n|t:|1700267528\n|switch|p2a: Cinderace|Cinderace, F|100\/100\n|-formechange|p1a: Aegislash|Aegislash-Blade||[from] ability: Stance Change\n|move|p1a: Aegislash|Shadow Ball|p2a: Cinderace\n|-damage|p2a: Cinderace|37\/100\n|-unboost|p2a: Cinderace|spd|1\n|\n|upkeep\n|turn|10\n|\n|t:|1700267536\n|switch|p1a: Dondozo|Dondozo, F|100\/100\n|move|p2a: Cinderace|Pyro Ball|p1a: Dondozo\n|-resisted|p1a: Dondozo\n|-damage|p1a: Dondozo|89\/100\n|\n|-heal|p1a: Dondozo|95\/100|[from] item: Leftovers\n|upkeep\n|turn|11\n|j|+gewwge\n|inactive|looking 4 horizons has 120 seconds left.\n|\n|t:|1700267587\n|switch|p1a: Tornadus|Tornadus-Therian, M|100\/100\n|move|p2a: Cinderace|U-turn|p1a: Tornadus\n|-start|p2a: Cinderace|typechange|Bug|[from] ability: Libero\n|-resisted|p1a: Tornadus\n|-damage|p1a: Tornadus|83\/100\n|\n|t:|1700267599\n|switch|p2a: Charizard|Charizard, M|100\/100|[from] U-turn\n|\n|upkeep\n|turn|12\n|\n|t:|1700267604\n|detailschange|p2a: Charizard|Charizard-Mega-Y, M\n|-mega|p2a: Charizard|Charizard|Charizardite Y\n|-weather|SunnyDay|[from] ability: Drought|[of] p2a: Charizard\n|move|p1a: Tornadus|U-turn|p2a: Charizard\n|-resisted|p2a: Charizard\n|-damage|p2a: Charizard|95\/100\n|\n|t:|1700267606\n|switch|p1a: Chansey|Chansey, F|100\/100|[from] U-turn\n|move|p2a: Charizard|Weather Ball|p1a: Chansey\n|-damage|p1a: Chansey|70\/100\n|\n|-weather|SunnyDay|[upkeep]\n|upkeep\n|turn|13\n|inactive|looking 4 horizons has 120 seconds left.\n|c|\u2606looking 4 horizons|that did 30%??\n|c|\u2606looking 4 horizons|to an eviolite chansey?\n|c|\u2606looking 4 horizons|wow\n|\n|t:|1700267622\n|switch|p1a: Aegislash|Aegislash, F|67\/100\n|move|p2a: Charizard|Weather Ball|p1a: Aegislash\n|-supereffective|p1a: Aegislash\n|-damage|p1a: Aegislash|0 fnt\n|faint|p1a: Aegislash\n|\n|-weather|SunnyDay|[upkeep]\n|upkeep\n|\n|t:|1700267628\n|switch|p1a: Ampharos|Ampharos, M|100\/100\n|turn|14\n|\n|t:|1700267633\n|switch|p2a: Slowking|Slowking-Galar, M|71\/100\n|detailschange|p1a: Ampharos|Ampharos-Mega, M\n|-mega|p1a: Ampharos|Ampharos|Ampharosite\n|-ability|p1a: Ampharos|Mold Breaker\n|move|p1a: Ampharos|Dragon Pulse|p2a: Slowking\n|-damage|p2a: Slowking|35\/100\n|\n|-weather|SunnyDay|[upkeep]\n|-heal|p2a: Slowking|41\/100|[from] item: Leftovers\n|upkeep\n|turn|15\n|\n|t:|1700267639\n|move|p1a: Ampharos|Thunderbolt|p2a: Slowking\n|-damage|p2a: Slowking|7\/100\n|move|p2a: Slowking|Slack Off|p2a: Slowking\n|-heal|p2a: Slowking|57\/100\n|\n|-weather|SunnyDay|[upkeep]\n|-heal|p2a: Slowking|63\/100|[from] item: Leftovers\n|upkeep\n|turn|16\n|\n|t:|1700267644\n|move|p1a: Ampharos|Thunderbolt|p2a: Slowking\n|-damage|p2a: Slowking|25\/100\n|move|p2a: Slowking|Slack Off|p2a: Slowking\n|-heal|p2a: Slowking|75\/100\n|\n|-weather|none\n|-heal|p2a: Slowking|81\/100|[from] item: Leftovers\n|upkeep\n|turn|17\n|\n|t:|1700267648\n|move|p1a: Ampharos|Thunderbolt|p2a: Slowking\n|-damage|p2a: Slowking|45\/100\n|move|p2a: Slowking|Slack Off|p2a: Slowking\n|-heal|p2a: Slowking|95\/100\n|\n|-heal|p2a: Slowking|100\/100|[from] item: Leftovers\n|upkeep\n|turn|18\n|\n|t:|1700267653\n|move|p1a: Ampharos|Dragon Pulse|p2a: Slowking\n|-damage|p2a: Slowking|65\/100\n|move|p2a: Slowking|Ice Beam|p1a: Ampharos\n|-supereffective|p1a: Ampharos\n|-damage|p1a: Ampharos|64\/100\n|\n|-heal|p2a: Slowking|72\/100|[from] item: Leftovers\n|upkeep\n|turn|19\n|\n|t:|1700267659\n|move|p1a: Ampharos|Thunderbolt|p2a: Slowking\n|-damage|p2a: Slowking|39\/100\n|move|p2a: Slowking|Ice Beam|p1a: Ampharos\n|-supereffective|p1a: Ampharos\n|-damage|p1a: Ampharos|27\/100\n|\n|-heal|p2a: Slowking|45\/100|[from] item: Leftovers\n|upkeep\n|turn|20\n|\n|t:|1700267665\n|switch|p2a: Landorus|Landorus-Therian, M|77\/100 tox\n|-ability|p2a: Landorus|Intimidate|boost\n|-unboost|p1a: Ampharos|atk|1\n|move|p1a: Ampharos|Volt Switch|p2a: Landorus\n|-immune|p2a: Landorus\n|\n|-heal|p2a: Landorus|83\/100 tox|[from] item: Leftovers\n|-damage|p2a: Landorus|77\/100 tox|[from] psn\n|upkeep\n|turn|21\n|\n|t:|1700267672\n|switch|p1a: Tornadus|Tornadus-Therian, M|100\/100\n|move|p2a: Landorus|Earthquake|p1a: Tornadus\n|-immune|p1a: Tornadus\n|\n|-heal|p2a: Landorus|83\/100 tox|[from] item: Leftovers\n|-damage|p2a: Landorus|71\/100 tox|[from] psn\n|upkeep\n|turn|22\n|\n|t:|1700267677\n|switch|p2a: Charizard|Charizard-Mega-Y, M|95\/100\n|-weather|SunnyDay|[from] ability: Drought|[of] p2a: Charizard\n|move|p1a: Tornadus|Hurricane|p2a: Charizard|[miss]\n|-miss|p1a: Tornadus|p2a: Charizard\n|\n|-weather|SunnyDay|[upkeep]\n|upkeep\n|turn|23\n|\n|t:|1700267681\n|move|p1a: Tornadus|Hurricane|p2a: Charizard\n|-damage|p2a: Charizard|51\/100\n|move|p2a: Charizard|Weather Ball|p1a: Tornadus\n|-damage|p1a: Tornadus|4\/100\n|\n|-weather|SunnyDay|[upkeep]\n|upkeep\n|turn|24\n|\n|t:|1700267691\n|move|p1a: Tornadus|Hurricane|p2a: Charizard\n|-damage|p2a: Charizard|8\/100\n|move|p2a: Charizard|Weather Ball|p1a: Tornadus\n|-damage|p1a: Tornadus|0 fnt\n|faint|p1a: Tornadus\n|\n|-weather|SunnyDay|[upkeep]\n|upkeep\n|\n|t:|1700267696\n|switch|p1a: Chansey|Chansey, F|70\/100\n|turn|25\n|\n|t:|1700267699\n|switch|p2a: Alomomola|Alomomola, M|77\/100\n|move|p1a: Chansey|Seismic Toss|p2a: Alomomola\n|-damage|p2a: Alomomola|58\/100\n|\n|-weather|SunnyDay|[upkeep]\n|upkeep\n|turn|26\n|c|\u2606looking 4 horizons|gg\n|\n|t:|1700267704\n|move|p1a: Chansey|Wish|p1a: Chansey\n|move|p2a: Alomomola|Wish|p2a: Alomomola\n|\n|-weather|none\n|upkeep\n|turn|27\n|\n|t:|1700267707\n|switch|p1a: Ampharos|Ampharos-Mega, M|27\/100\n|-ability|p1a: Ampharos|Mold Breaker\n|move|p2a: Alomomola|Flip Turn|p1a: Ampharos\n|-resisted|p1a: Ampharos\n|-damage|p1a: Ampharos|21\/100\n|\n|t:|1700267710\n|switch|p2a: Charizard|Charizard-Mega-Y, M|8\/100|[from] Flip Turn\n|-weather|SunnyDay|[from] ability: Drought|[of] p2a: Charizard\n|\n|-weather|SunnyDay|[upkeep]\n|-heal|p2a: Charizard|98\/100|[from] move: Wish|[wisher] Alomomola\n|-heal|p1a: Ampharos|100\/100|[from] move: Wish|[wisher] Chansey\n|upkeep\n|turn|28\n|\n|t:|1700267715\n|switch|p2a: Landorus|Landorus-Therian, M|71\/100 tox\n|-ability|p2a: Landorus|Intimidate|boost\n|-unboost|p1a: Ampharos|atk|1\n|move|p1a: Ampharos|Thunderbolt|p2a: Landorus\n|-immune|p2a: Landorus\n|\n|-weather|SunnyDay|[upkeep]\n|-heal|p2a: Landorus|77\/100 tox|[from] item: Leftovers\n|-damage|p2a: Landorus|71\/100 tox|[from] psn\n|upkeep\n|turn|29\n|\n|t:|1700267723\n|switch|p1a: Dondozo|Dondozo, F|95\/100\n|move|p2a: Landorus|Earthquake|p1a: Dondozo\n|-damage|p1a: Dondozo|74\/100\n|\n|-weather|SunnyDay|[upkeep]\n|-heal|p2a: Landorus|77\/100 tox|[from] item: Leftovers\n|-heal|p1a: Dondozo|80\/100|[from] item: Leftovers\n|-damage|p2a: Landorus|65\/100 tox|[from] psn\n|upkeep\n|turn|30\n|\n|t:|1700267733\n|switch|p1a: Ampharos|Ampharos-Mega, M|100\/100\n|-ability|p1a: Ampharos|Mold Breaker\n|move|p2a: Landorus|Knock Off|p1a: Ampharos\n|-damage|p1a: Ampharos|84\/100\n|\n|-weather|SunnyDay|[upkeep]\n|-heal|p2a: Landorus|71\/100 tox|[from] item: Leftovers\n|-damage|p2a: Landorus|53\/100 tox|[from] psn\n|upkeep\n|turn|31\n|\n|t:|1700267744\n|switch|p1a: Dondozo|Dondozo, F|80\/100\n|move|p2a: Landorus|Earthquake|p1a: Dondozo\n|-damage|p1a: Dondozo|59\/100\n|\n|-weather|none\n|-heal|p2a: Landorus|59\/100 tox|[from] item: Leftovers\n|-heal|p1a: Dondozo|65\/100|[from] item: Leftovers\n|-damage|p2a: Landorus|35\/100 tox|[from] psn\n|upkeep\n|turn|32\n|l| Metool B\n|\n|t:|1700267756\n|switch|p2a: Alomomola|Alomomola, M|92\/100\n|move|p1a: Dondozo|Liquidation|p2a: Alomomola\n|-resisted|p2a: Alomomola\n|-damage|p2a: Alomomola|84\/100\n|\n|-heal|p1a: Dondozo|71\/100|[from] item: Leftovers\n|upkeep\n|turn|33\n|\n|t:|1700267765\n|switch|p1a: Ampharos|Ampharos-Mega, M|84\/100\n|-ability|p1a: Ampharos|Mold Breaker\n|move|p2a: Alomomola|Toxic|p1a: Ampharos\n|-status|p1a: Ampharos|tox\n|\n|-damage|p1a: Ampharos|78\/100 tox|[from] psn\n|upkeep\n|turn|34\n|\n|t:|1700267772\n|switch|p2a: Slowking|Slowking-Galar, M|78\/100\n|move|p1a: Ampharos|Thunderbolt|p2a: Slowking\n|-damage|p2a: Slowking|44\/100\n|\n|-heal|p2a: Slowking|50\/100|[from] item: Leftovers\n|-damage|p1a: Ampharos|66\/100 tox|[from] psn\n|upkeep\n|turn|35\n|c|\u2606looking 4 horizons|gg\n|-message|looking 4 horizons forfeited.\n|\n|win|Miku Nakano ily\n|n|\u2606looking 4 horizons|looking4horizons\n|n|\u2606Miku Nakano ily|mikunakanoily\n|n|+gewwge|gewwge\n","uploadtime":1700267778,"views":7,"p1id":"looking4horizons","p2id":"mikunakanoily","formatid":"gen9nationaldex","rating":0,"private":0,"password":""}