{"id":"gen9nationaldex-1996956974","p1":"dilingling","p2":"djamaO","format":"[Gen 9] National Dex","log":"|html|<div class=\"broadcast-blue\"><strong>[Gen 9] National Dex is currently suspecting Sneasler! For information on how to participate check out the <a href=\"https:\/\/www.smogon.com\/forums\/threads\/sv-national-dex-suspect-8-just-dance.3731534\/\">suspect thread<\/a>.<\/strong><\/div>\n|j|\u2606dilingling\n|j|\u2606djamaO\n|t:|1700749479\n|gametype|singles\n|player|p1|dilingling|2|1473\n|player|p2|djamaO|265|1686\n|teamsize|p1|6\n|teamsize|p2|6\n|gen|9\n|tier|[Gen 9] National Dex\n|rated|\n|rule|HP Percentage Mod: HP is shown in percentages\n|rule|Endless Battle Clause: Forcing endless battles is banned\n|rule|OHKO Clause: OHKO moves are banned\n|rule|Evasion Clause: Evasion abilities, items, and moves are banned\n|rule|Evasion Abilities Clause: Evasion abilities are banned\n|rule|Evasion Items Clause: Evasion items are banned\n|rule|Evasion Moves Clause: Evasion moves are banned\n|rule|Species Clause: Limit one of each Pok\u00e9mon\n|rule|Sleep Clause Mod: Limit one foe put to sleep\n|clearpoke\n|poke|p1|Toxapex, F|\n|poke|p1|Dondozo, F|\n|poke|p1|Garganacl, F|\n|poke|p1|Sableye, F|\n|poke|p1|Clodsire, M|\n|poke|p1|Corviknight, M|\n|poke|p2|Garchomp, M|\n|poke|p2|Ogerpon-Wellspring, F|\n|poke|p2|Dondozo, F|\n|poke|p2|Diancie|\n|poke|p2|Zapdos|\n|poke|p2|Chansey, F|\n|teampreview\n|inactive|Battle timer is ON: inactive players will automatically lose when time's up. (requested by dilingling)\n|\n|t:|1700749496\n|start\n|switch|p1a: Clodsire|Clodsire, M|100\/100\n|switch|p2a: Diancie|Diancie|100\/100\n|turn|1\n|\n|t:|1700749506\n|detailschange|p2a: Diancie|Diancie-Mega\n|-mega|p2a: Diancie|Diancie|Diancite\n|move|p2a: Diancie|Mystical Fire|p1a: Clodsire\n|-damage|p1a: Clodsire|85\/100\n|-unboost|p1a: Clodsire|spa|1\n|move|p1a: Clodsire|Earthquake|p2a: Diancie\n|-supereffective|p2a: Diancie\n|-damage|p2a: Diancie|20\/100\n|\n|upkeep\n|turn|2\n|inactive|djamaO has 120 seconds left.\n|\n|t:|1700749537\n|switch|p2a: Garchomp|Garchomp, M|100\/100\n|move|p1a: Clodsire|Poison Jab|p2a: Garchomp\n|-resisted|p2a: Garchomp\n|-damage|p2a: Garchomp|90\/100\n|-damage|p1a: Clodsire|72\/100|[from] ability: Rough Skin|[of] p2a: Garchomp\n|\n|upkeep\n|turn|3\n|\n|t:|1700749548\n|switch|p1a: Corviknight|Corviknight, M|100\/100\n|-ability|p1a: Corviknight|Pressure\n|move|p2a: Garchomp|Stealth Rock|p1a: Corviknight\n|-sidestart|p1: dilingling|move: Stealth Rock\n|\n|upkeep\n|turn|4\n|inactive|djamaO has 120 seconds left.\n|\n|t:|1700749567\n|switch|p2a: Zapdos|Zapdos|100\/100\n|move|p1a: Corviknight|Defog|p2a: Zapdos\n|-unboost|p2a: Zapdos|evasion|1\n|-sideend|p1: dilingling|Stealth Rock|[from] move: Defog|[of] p1a: Corviknight\n|\n|upkeep\n|turn|5\n|\n|t:|1700749576\n|switch|p1a: Clodsire|Clodsire, M|72\/100\n|move|p2a: Zapdos|Hurricane|p1a: Clodsire|[miss]\n|-miss|p2a: Zapdos|p1a: Clodsire\n|\n|upkeep\n|turn|6\n|\n|t:|1700749582\n|move|p2a: Zapdos|Hurricane|p1a: Clodsire\n|-damage|p1a: Clodsire|44\/100\n|move|p1a: Clodsire|Recover|p1a: Clodsire\n|-heal|p1a: Clodsire|94\/100\n|\n|upkeep\n|turn|7\n|\n|t:|1700749588\n|switch|p2a: Garchomp|Garchomp, M|90\/100\n|move|p1a: Clodsire|Spikes|p2a: Garchomp\n|-sidestart|p2: djamaO|Spikes\n|\n|upkeep\n|turn|8\n|\n|t:|1700749598\n|switch|p1a: Corviknight|Corviknight, M|100\/100\n|-ability|p1a: Corviknight|Pressure\n|move|p2a: Garchomp|Stealth Rock|p1a: Corviknight\n|-sidestart|p1: dilingling|move: Stealth Rock\n|\n|upkeep\n|turn|9\n|\n|t:|1700749604\n|switch|p2a: Zapdos|Zapdos|100\/100\n|move|p1a: Corviknight|Defog|p2a: Zapdos\n|-unboost|p2a: Zapdos|evasion|1\n|-sideend|p2: djamaO|Spikes|[from] move: Defog|[of] p1a: Corviknight\n|-sideend|p1: dilingling|Stealth Rock|[from] move: Defog|[of] p1a: Corviknight\n|\n|upkeep\n|turn|10\n|\n|t:|1700749615\n|switch|p2a: Garchomp|Garchomp, M|90\/100\n|switch|p1a: Garganacl|Garganacl, F|100\/100\n|\n|upkeep\n|turn|11\n|\n|t:|1700749622\n|-terastallize|p1a: Garganacl|Water\n|move|p2a: Garchomp|Earthquake|p1a: Garganacl\n|-damage|p1a: Garganacl|60\/100\n|move|p1a: Garganacl|Salt Cure|p2a: Garchomp\n|-resisted|p2a: Garchomp\n|-damage|p2a: Garchomp|83\/100\n|-start|p2a: Garchomp|Salt Cure\n|\n|-heal|p1a: Garganacl|66\/100|[from] item: Leftovers\n|-damage|p2a: Garchomp|71\/100|[from] Salt Cure\n|upkeep\n|turn|12\n|\n|t:|1700749634\n|switch|p2a: Zapdos|Zapdos|100\/100\n|move|p1a: Garganacl|Stealth Rock|p2a: Zapdos\n|-sidestart|p2: djamaO|move: Stealth Rock\n|\n|-heal|p1a: Garganacl|73\/100|[from] item: Leftovers\n|upkeep\n|turn|13\n|\n|t:|1700749640\n|move|p1a: Garganacl|Protect|p1a: Garganacl\n|-singleturn|p1a: Garganacl|Protect\n|move|p2a: Zapdos|Defog|p1a: Garganacl\n|-activate|p1a: Garganacl|move: Protect\n|\n|-heal|p1a: Garganacl|79\/100|[from] item: Leftovers\n|upkeep\n|turn|14\n|\n|t:|1700749654\n|switch|p1a: Sableye|Sableye, F|100\/100\n|move|p2a: Zapdos|Volt Switch|p1a: Sableye\n|-damage|p1a: Sableye|44\/100\n|\n|t:|1700749664\n|switch|p2a: Ogerpon|Ogerpon-Wellspring, F|100\/100|[from] Volt Switch\n|-damage|p2a: Ogerpon|88\/100|[from] Stealth Rock\n|\n|upkeep\n|turn|15\n|\n|t:|1700749669\n|move|p1a: Sableye|Will-O-Wisp|p2a: Ogerpon\n|-status|p2a: Ogerpon|brn\n|move|p2a: Ogerpon|Substitute|p2a: Ogerpon\n|-start|p2a: Ogerpon|Substitute\n|-damage|p2a: Ogerpon|63\/100 brn\n|\n|-damage|p2a: Ogerpon|57\/100 brn|[from] brn\n|upkeep\n|turn|16\n|\n|t:|1700749678\n|detailschange|p1a: Sableye|Sableye-Mega, F\n|-mega|p1a: Sableye|Sableye|Sablenite\n|move|p2a: Ogerpon|Swords Dance|p2a: Ogerpon\n|-boost|p2a: Ogerpon|atk|2\n|move|p1a: Sableye|Recover|p1a: Sableye\n|-heal|p1a: Sableye|94\/100\n|\n|-damage|p2a: Ogerpon|51\/100 brn|[from] brn\n|upkeep\n|turn|17\n|\n|t:|1700749688\n|switch|p1a: Dondozo|Dondozo, F|100\/100\n|move|p2a: Ogerpon|Swords Dance|p2a: Ogerpon\n|-boost|p2a: Ogerpon|atk|2\n|\n|-damage|p2a: Ogerpon|45\/100 brn|[from] brn\n|upkeep\n|turn|18\n|\n|t:|1700749695\n|move|p2a: Ogerpon|Horn Leech|p1a: Dondozo\n|-supereffective|p1a: Dondozo\n|-damage|p1a: Dondozo|79\/100\n|-heal|p2a: Ogerpon|63\/100 brn|[from] drain|[of] p1a: Dondozo\n|move|p1a: Dondozo|Curse|p1a: Dondozo\n|-unboost|p1a: Dondozo|spe|1\n|-boost|p1a: Dondozo|atk|1\n|-boost|p1a: Dondozo|def|1\n|\n|-heal|p1a: Dondozo|85\/100|[from] item: Leftovers\n|-damage|p2a: Ogerpon|57\/100 brn|[from] brn\n|upkeep\n|turn|19\n|\n|t:|1700749707\n|move|p2a: Ogerpon|Horn Leech|p1a: Dondozo\n|-supereffective|p1a: Dondozo\n|-damage|p1a: Dondozo|72\/100\n|-heal|p2a: Ogerpon|69\/100 brn|[from] drain|[of] p1a: Dondozo\n|move|p1a: Dondozo|Curse|p1a: Dondozo\n|-unboost|p1a: Dondozo|spe|1\n|-boost|p1a: Dondozo|atk|1\n|-boost|p1a: Dondozo|def|1\n|\n|-heal|p1a: Dondozo|78\/100|[from] item: Leftovers\n|-damage|p2a: Ogerpon|63\/100 brn|[from] brn\n|upkeep\n|turn|20\n|\n|t:|1700749718\n|move|p2a: Ogerpon|Horn Leech|p1a: Dondozo\n|-supereffective|p1a: Dondozo\n|-damage|p1a: Dondozo|69\/100\n|-heal|p2a: Ogerpon|70\/100 brn|[from] drain|[of] p1a: Dondozo\n|move|p1a: Dondozo|Curse|p1a: Dondozo\n|-unboost|p1a: Dondozo|spe|1\n|-boost|p1a: Dondozo|atk|1\n|-boost|p1a: Dondozo|def|1\n|\n|-heal|p1a: Dondozo|75\/100|[from] item: Leftovers\n|-damage|p2a: Ogerpon|64\/100 brn|[from] brn\n|upkeep\n|turn|21\n|\n|t:|1700749729\n|move|p2a: Ogerpon|Horn Leech|p1a: Dondozo\n|-supereffective|p1a: Dondozo\n|-damage|p1a: Dondozo|67\/100\n|-heal|p2a: Ogerpon|71\/100 brn|[from] drain|[of] p1a: Dondozo\n|move|p1a: Dondozo|Curse|p1a: Dondozo\n|-unboost|p1a: Dondozo|spe|1\n|-boost|p1a: Dondozo|atk|1\n|-boost|p1a: Dondozo|def|1\n|\n|-heal|p1a: Dondozo|73\/100|[from] item: Leftovers\n|-damage|p2a: Ogerpon|65\/100 brn|[from] brn\n|upkeep\n|turn|22\n|\n|t:|1700749739\n|move|p2a: Ogerpon|Horn Leech|p1a: Dondozo\n|-supereffective|p1a: Dondozo\n|-damage|p1a: Dondozo|66\/100\n|-heal|p2a: Ogerpon|71\/100 brn|[from] drain|[of] p1a: Dondozo\n|move|p1a: Dondozo|Curse|p1a: Dondozo\n|-unboost|p1a: Dondozo|spe|1\n|-boost|p1a: Dondozo|atk|1\n|-boost|p1a: Dondozo|def|1\n|\n|-heal|p1a: Dondozo|73\/100|[from] item: Leftovers\n|-damage|p2a: Ogerpon|65\/100 brn|[from] brn\n|upkeep\n|turn|23\n|\n|t:|1700749750\n|move|p2a: Ogerpon|Horn Leech|p1a: Dondozo\n|-supereffective|p1a: Dondozo\n|-damage|p1a: Dondozo|66\/100\n|-heal|p2a: Ogerpon|70\/100 brn|[from] drain|[of] p1a: Dondozo\n|move|p1a: Dondozo|Curse|p1a: Dondozo\n|-unboost|p1a: Dondozo|spe|1\n|-boost|p1a: Dondozo|atk|1\n|-boost|p1a: Dondozo|def|1\n|\n|-heal|p1a: Dondozo|73\/100|[from] item: Leftovers\n|-damage|p2a: Ogerpon|64\/100 brn|[from] brn\n|upkeep\n|turn|24\n|\n|t:|1700749761\n|move|p2a: Ogerpon|Horn Leech|p1a: Dondozo\n|-supereffective|p1a: Dondozo\n|-crit|p1a: Dondozo\n|-damage|p1a: Dondozo|44\/100\n|-heal|p2a: Ogerpon|88\/100 brn|[from] drain|[of] p1a: Dondozo\n|move|p1a: Dondozo|Sleep Talk||[still]\n|-fail|p1a: Dondozo\n|\n|-heal|p1a: Dondozo|50\/100|[from] item: Leftovers\n|-damage|p2a: Ogerpon|82\/100 brn|[from] brn\n|upkeep\n|turn|25\n|\n|t:|1700749775\n|move|p2a: Ogerpon|Horn Leech|p1a: Dondozo\n|-supereffective|p1a: Dondozo\n|-damage|p1a: Dondozo|45\/100\n|-heal|p2a: Ogerpon|86\/100 brn|[from] drain|[of] p1a: Dondozo\n|move|p1a: Dondozo|Rest|p1a: Dondozo\n|-status|p1a: Dondozo|slp|[from] move: Rest\n|-heal|p1a: Dondozo|100\/100 slp|[silent]\n|\n|-damage|p2a: Ogerpon|80\/100 brn|[from] brn\n|upkeep\n|turn|26\n|\n|t:|1700749785\n|switch|p2a: Dondozo|Dondozo, F|100\/100\n|-damage|p2a: Dondozo|88\/100|[from] Stealth Rock\n|cant|p1a: Dondozo|slp\n|\n|-heal|p2a: Dondozo|94\/100|[from] item: Leftovers\n|upkeep\n|turn|27\n|\n|t:|1700749797\n|switch|p1a: Garganacl|Garganacl, F, tera:Water|79\/100\n|move|p2a: Dondozo|Body Press|p1a: Garganacl\n|-damage|p1a: Garganacl|61\/100\n|\n|-heal|p1a: Garganacl|67\/100|[from] item: Leftovers\n|-heal|p2a: Dondozo|99\/100|[from] item: Leftovers\n|upkeep\n|turn|28\n|\n|t:|1700749807\n|-terastallize|p2a: Dondozo|Dark\n|move|p1a: Garganacl|Salt Cure|p2a: Dondozo\n|-damage|p2a: Dondozo|95\/100\n|-start|p2a: Dondozo|Salt Cure\n|move|p2a: Dondozo|Curse|p2a: Dondozo\n|-unboost|p2a: Dondozo|spe|1\n|-boost|p2a: Dondozo|atk|1\n|-boost|p2a: Dondozo|def|1\n|\n|-heal|p1a: Garganacl|74\/100|[from] item: Leftovers\n|-heal|p2a: Dondozo|100\/100|[from] item: Leftovers\n|-damage|p2a: Dondozo|88\/100|[from] Salt Cure\n|upkeep\n|turn|29\n|\n|t:|1700749824\n|switch|p1a: Toxapex|Toxapex, F|100\/100\n|move|p2a: Dondozo|Body Press|p1a: Toxapex\n|-resisted|p1a: Toxapex\n|-damage|p1a: Toxapex|83\/100\n|\n|-heal|p2a: Dondozo|94\/100|[from] item: Leftovers\n|-damage|p2a: Dondozo|82\/100|[from] Salt Cure\n|upkeep\n|turn|30\n|\n|t:|1700749834\n|switch|p2a: Zapdos|Zapdos|100\/100\n|move|p1a: Toxapex|Toxic|p2a: Zapdos\n|-status|p2a: Zapdos|tox\n|\n|-damage|p2a: Zapdos|94\/100 tox|[from] psn\n|upkeep\n|turn|31\n|\n|t:|1700749841\n|switch|p1a: Clodsire|Clodsire, M|94\/100\n|move|p2a: Zapdos|Defog|p1a: Clodsire\n|-unboost|p1a: Clodsire|evasion|1\n|-sideend|p2: djamaO|Stealth Rock|[from] move: Defog|[of] p2a: Zapdos\n|\n|-damage|p2a: Zapdos|82\/100 tox|[from] psn\n|upkeep\n|turn|32\n|\n|t:|1700749848\n|switch|p2a: Garchomp|Garchomp, M|71\/100\n|move|p1a: Clodsire|Poison Jab|p2a: Garchomp\n|-resisted|p2a: Garchomp\n|-damage|p2a: Garchomp|59\/100\n|-status|p2a: Garchomp|psn\n|-damage|p1a: Clodsire|82\/100|[from] ability: Rough Skin|[of] p2a: Garchomp\n|\n|-damage|p2a: Garchomp|46\/100 psn|[from] psn\n|upkeep\n|turn|33\n|\n|t:|1700749858\n|switch|p1a: Corviknight|Corviknight, M|100\/100\n|-ability|p1a: Corviknight|Pressure\n|move|p2a: Garchomp|Stealth Rock|p1a: Corviknight\n|-sidestart|p1: dilingling|move: Stealth Rock\n|\n|-damage|p2a: Garchomp|34\/100 psn|[from] psn\n|upkeep\n|turn|34\n|\n|t:|1700749866\n|switch|p2a: Diancie|Diancie-Mega|20\/100\n|move|p1a: Corviknight|Defog|p2a: Diancie\n|move|p2a: Diancie|Defog|p1a: Corviknight|[from]ability: Magic Bounce\n|-unboost|p1a: Corviknight|evasion|1\n|-sideend|p1: dilingling|Stealth Rock|[from] move: Defog|[of] p2a: Diancie\n|\n|upkeep\n|turn|35\n|\n|t:|1700749874\n|switch|p1a: Clodsire|Clodsire, M|82\/100\n|move|p2a: Diancie|Endeavor|p1a: Clodsire\n|-damage|p1a: Clodsire|11\/100\n|\n|upkeep\n|turn|36\n|\n|t:|1700749882\n|move|p2a: Diancie|Moonblast|p1a: Clodsire\n|-resisted|p1a: Clodsire\n|-damage|p1a: Clodsire|0 fnt\n|faint|p1a: Clodsire\n|\n|upkeep\n|\n|t:|1700749895\n|switch|p1a: Toxapex|Toxapex, F|100\/100\n|turn|37\n|\n|t:|1700749902\n|switch|p2a: Chansey|Chansey, F|100\/100\n|move|p1a: Toxapex|Scald|p2a: Chansey\n|-damage|p2a: Chansey|95\/100\n|\n|upkeep\n|turn|38\n|\n|t:|1700749908\n|switch|p1a: Garganacl|Garganacl, F, tera:Water|74\/100\n|move|p2a: Chansey|Wish|p2a: Chansey\n|\n|-heal|p1a: Garganacl|80\/100|[from] item: Leftovers\n|upkeep\n|turn|39\n|\n|t:|1700749915\n|switch|p2a: Garchomp|Garchomp, M|34\/100 psn\n|move|p1a: Garganacl|Salt Cure|p2a: Garchomp\n|-resisted|p2a: Garchomp\n|-damage|p2a: Garchomp|28\/100 psn\n|-start|p2a: Garchomp|Salt Cure\n|\n|-heal|p2a: Garchomp|100\/100 psn|[from] move: Wish|[wisher] Chansey\n|-heal|p1a: Garganacl|86\/100|[from] item: Leftovers\n|-damage|p2a: Garchomp|88\/100 psn|[from] psn\n|-damage|p2a: Garchomp|76\/100 psn|[from] Salt Cure\n|upkeep\n|turn|40\n|\n|t:|1700749927\n|move|p2a: Garchomp|Stealth Rock|p1a: Garganacl\n|-sidestart|p1: dilingling|move: Stealth Rock\n|move|p1a: Garganacl|Stealth Rock|p2a: Garchomp\n|-sidestart|p2: djamaO|move: Stealth Rock\n|\n|-heal|p1a: Garganacl|92\/100|[from] item: Leftovers\n|-damage|p2a: Garchomp|64\/100 psn|[from] psn\n|-damage|p2a: Garchomp|51\/100 psn|[from] Salt Cure\n|upkeep\n|turn|41\n|\n|t:|1700749938\n|switch|p2a: Dondozo|Dondozo, F, tera:Dark|82\/100\n|-damage|p2a: Dondozo|69\/100|[from] Stealth Rock\n|move|p1a: Garganacl|Salt Cure|p2a: Dondozo\n|-damage|p2a: Dondozo|63\/100\n|-start|p2a: Dondozo|Salt Cure\n|\n|-heal|p2a: Dondozo|69\/100|[from] item: Leftovers\n|-heal|p1a: Garganacl|99\/100|[from] item: Leftovers\n|-damage|p2a: Dondozo|57\/100|[from] Salt Cure\n|upkeep\n|turn|42\n|\n|t:|1700749966\n|switch|p1a: Toxapex|Toxapex, F|100\/100\n|move|p2a: Dondozo|Body Press|p1a: Toxapex\n|-resisted|p1a: Toxapex\n|-damage|p1a: Toxapex|89\/100\n|\n|-heal|p2a: Dondozo|63\/100|[from] item: Leftovers\n|-damage|p2a: Dondozo|50\/100|[from] Salt Cure\n|upkeep\n|turn|43\n|\n|t:|1700749974\n|switch|p2a: Zapdos|Zapdos|82\/100 tox\n|move|p1a: Toxapex|Scald|p2a: Zapdos\n|-damage|p2a: Zapdos|63\/100 tox\n|\n|-damage|p2a: Zapdos|57\/100 tox|[from] psn\n|upkeep\n|turn|44\n|\n|t:|1700749983\n|switch|p1a: Sableye|Sableye-Mega, F|94\/100\n|-damage|p1a: Sableye|81\/100|[from] Stealth Rock\n|move|p2a: Zapdos|Defog|p1a: Sableye\n|move|p1a: Sableye|Defog|p2a: Zapdos|[from]ability: Magic Bounce\n|-unboost|p2a: Zapdos|evasion|1\n|-sideend|p2: djamaO|Stealth Rock|[from] move: Defog|[of] p1a: Sableye\n|-sideend|p1: dilingling|Stealth Rock|[from] move: Defog|[of] p1a: Sableye\n|\n|-damage|p2a: Zapdos|44\/100 tox|[from] psn\n|upkeep\n|turn|45\n|\n|t:|1700749996\n|move|p2a: Zapdos|Volt Switch|p1a: Sableye\n|-damage|p1a: Sableye|45\/100\n|\n|t:|1700750007\n|switch|p2a: Ogerpon|Ogerpon-Wellspring, F|80\/100 brn|[from] Volt Switch\n|move|p1a: Sableye|Knock Off|p2a: Ogerpon\n|-damage|p2a: Ogerpon|54\/100 brn\n|\n|-damage|p2a: Ogerpon|48\/100 brn|[from] brn\n|upkeep\n|turn|46\n|\n|t:|1700750015\n|move|p2a: Ogerpon|Horn Leech|p1a: Sableye\n|-damage|p1a: Sableye|29\/100\n|-heal|p2a: Ogerpon|56\/100 brn|[from] drain|[of] p1a: Sableye\n|move|p1a: Sableye|Recover|p1a: Sableye\n|-heal|p1a: Sableye|79\/100\n|\n|-damage|p2a: Ogerpon|50\/100 brn|[from] brn\n|upkeep\n|turn|47\n|\n|t:|1700750022\n|switch|p1a: Corviknight|Corviknight, M|100\/100\n|-ability|p1a: Corviknight|Pressure\n|move|p2a: Ogerpon|Ivy Cudgel|p1a: Corviknight|[anim] Ivy Cudgel Water\n|-damage|p1a: Corviknight|83\/100\n|\n|-damage|p2a: Ogerpon|44\/100 brn|[from] brn\n|upkeep\n|turn|48\n|\n|t:|1700750033\n|switch|p2a: Zapdos|Zapdos|44\/100 tox\n|move|p1a: Corviknight|U-turn|p2a: Zapdos\n|-resisted|p2a: Zapdos\n|-damage|p2a: Zapdos|36\/100 tox\n|-status|p1a: Corviknight|par|[from] ability: Static|[of] p2a: Zapdos\n|\n|t:|1700750039\n|switch|p1a: Sableye|Sableye-Mega, F|79\/100|[from] U-turn\n|\n|-damage|p2a: Zapdos|29\/100 tox|[from] psn\n|upkeep\n|turn|49\n|\n|t:|1700750054\n|switch|p2a: Diancie|Diancie-Mega|20\/100\n|move|p1a: Sableye|Knock Off|p2a: Diancie\n|-resisted|p2a: Diancie\n|-damage|p2a: Diancie|5\/100\n|\n|upkeep\n|turn|50\n|\n|t:|1700750063\n|move|p2a: Diancie|Moonblast|p1a: Sableye\n|-supereffective|p1a: Sableye\n|-damage|p1a: Sableye|0 fnt\n|faint|p1a: Sableye\n|\n|upkeep\n|-message|dilingling forfeited.\n|\n|win|djamaO\n|raw|dilingling's rating: 1473 &rarr; <strong>1464<\/strong><br \/>(-9 for losing)\n|raw|djamaO's rating: 1686 &rarr; <strong>1695<\/strong><br \/>(+9 for winning)\n|l|\u2606dilingling\n","uploadtime":1700750116,"views":2,"p1id":"dilingling","p2id":"djamao","formatid":"gen9nationaldex","rating":1464,"private":0,"password":""}