{"id":"gen9nationaldex-1987778536","p1":"lxvliiz","p2":"wormHELL","format":"[Gen 9] National Dex","log":"|j|\u2606lxvliiz\n|j|\u2606wormHELL\n|t:|1699636060\n|gametype|singles\n|player|p1|lxvliiz|guitarist|1143\n|player|p2|wormHELL|bellelba|1217\n|teamsize|p1|6\n|teamsize|p2|6\n|gen|9\n|tier|[Gen 9] National Dex\n|rated|\n|rule|HP Percentage Mod: HP is shown in percentages\n|rule|Endless Battle Clause: Forcing endless battles is banned\n|rule|OHKO Clause: OHKO moves are banned\n|rule|Evasion Clause: Evasion abilities, items, and moves are banned\n|rule|Evasion Abilities Clause: Evasion abilities are banned\n|rule|Evasion Items Clause: Evasion items are banned\n|rule|Evasion Moves Clause: Evasion moves are banned\n|rule|Species Clause: Limit one of each Pok\u00e9mon\n|rule|Sleep Clause Mod: Limit one foe put to sleep\n|clearpoke\n|poke|p1|Charizard, M|\n|poke|p1|Azumarill, M|\n|poke|p1|Lilligant-Hisui, F|\n|poke|p1|Aegislash, M|\n|poke|p1|Nidoking, M|\n|poke|p1|Grimmsnarl, M|\n|poke|p2|Landorus-Therian, M|\n|poke|p2|Celesteela|\n|poke|p2|Rillaboom, M|\n|poke|p2|Garchomp, M|\n|poke|p2|Sneasler, M|\n|poke|p2|Iron Valiant|\n|teampreview\n|\n|t:|1699636092\n|start\n|switch|p1a: Nidoking|Nidoking, M|100\/100\n|switch|p2a: Landorus|Landorus-Therian, M|100\/100\n|-ability|p2a: Landorus|Intimidate|boost\n|-unboost|p1a: Nidoking|atk|1\n|turn|1\n|\n|t:|1699636103\n|move|p1a: Nidoking|Ice Beam|p2a: Landorus\n|-supereffective|p2a: Landorus\n|-damage|p2a: Landorus|0 fnt\n|faint|p2a: Landorus\n|\n|upkeep\n|\n|t:|1699636136\n|switch|p2a: Celesteela|Celesteela|100\/100\n|turn|2\n|\n|t:|1699636142\n|move|p1a: Nidoking|Flamethrower|p2a: Celesteela\n|-supereffective|p2a: Celesteela\n|-damage|p2a: Celesteela|46\/100\n|move|p2a: Celesteela|Leech Seed|p1a: Nidoking\n|-start|p1a: Nidoking|move: Leech Seed\n|\n|-heal|p2a: Celesteela|52\/100|[from] item: Leftovers\n|-damage|p1a: Nidoking|88\/100|[from] Leech Seed|[of] p2a: Celesteela\n|-heal|p2a: Celesteela|62\/100|[silent]\n|upkeep\n|turn|3\n|\n|t:|1699636171\n|-terastallize|p2a: Celesteela|Ground\n|move|p1a: Nidoking|Ice Beam|p2a: Celesteela\n|-supereffective|p2a: Celesteela\n|-damage|p2a: Celesteela|1\/100\n|move|p2a: Celesteela|Heavy Slam|p1a: Nidoking\n|-damage|p1a: Nidoking|32\/100\n|\n|-heal|p2a: Celesteela|7\/100|[from] item: Leftovers\n|-damage|p1a: Nidoking|19\/100|[from] Leech Seed|[of] p2a: Celesteela\n|-heal|p2a: Celesteela|17\/100|[silent]\n|upkeep\n|turn|4\n|\n|t:|1699636182\n|move|p2a: Celesteela|Protect|p2a: Celesteela\n|-singleturn|p2a: Celesteela|Protect\n|move|p1a: Nidoking|Ice Beam|p2a: Celesteela\n|-activate|p2a: Celesteela|move: Protect\n|\n|-heal|p2a: Celesteela|23\/100|[from] item: Leftovers\n|-damage|p1a: Nidoking|7\/100|[from] Leech Seed|[of] p2a: Celesteela\n|-heal|p2a: Celesteela|33\/100|[silent]\n|upkeep\n|turn|5\n|\n|t:|1699636196\n|move|p1a: Nidoking|Ice Beam|p2a: Celesteela\n|-supereffective|p2a: Celesteela\n|-damage|p2a: Celesteela|0 fnt\n|faint|p2a: Celesteela\n|\n|upkeep\n|\n|t:|1699636203\n|switch|p2a: Garchomp|Garchomp, M|100\/100\n|turn|6\n|\n|t:|1699636209\n|detailschange|p2a: Garchomp|Garchomp-Mega, M\n|-mega|p2a: Garchomp|Garchomp|Garchompite\n|move|p2a: Garchomp|Dragon Claw|p1a: Nidoking\n|-damage|p1a: Nidoking|0 fnt\n|faint|p1a: Nidoking\n|\n|upkeep\n|\n|t:|1699636215\n|switch|p1a: Grimmsnarl|Grimmsnarl, M|100\/100\n|turn|7\n|\n|t:|1699636257\n|move|p1a: Grimmsnarl|Fake Out|p2a: Garchomp\n|-damage|p2a: Garchomp|90\/100\n|cant|p2a: Garchomp|flinch\n|\n|upkeep\n|turn|8\n|\n|t:|1699636269\n|move|p1a: Grimmsnarl|Reflect|p1a: Grimmsnarl\n|-sidestart|p1: lxvliiz|Reflect\n|move|p2a: Garchomp|Poison Jab|p1a: Grimmsnarl\n|-supereffective|p1a: Grimmsnarl\n|-damage|p1a: Grimmsnarl|60\/100\n|\n|upkeep\n|turn|9\n|\n|t:|1699636314\n|switch|p2a: Iron Valiant|Iron Valiant|100\/100\n|-enditem|p2a: Iron Valiant|Booster Energy\n|-activate|p2a: Iron Valiant|ability: Quark Drive|[fromitem]\n|-start|p2a: Iron Valiant|quarkdriveatk\n|move|p1a: Grimmsnarl|Light Screen|p1a: Grimmsnarl\n|-sidestart|p1: lxvliiz|move: Light Screen\n|\n|upkeep\n|turn|10\n|\n|t:|1699636322\n|move|p1a: Grimmsnarl|Parting Shot|p2a: Iron Valiant\n|-unboost|p2a: Iron Valiant|atk|1\n|-unboost|p2a: Iron Valiant|spa|1\n|\n|t:|1699636326\n|switch|p1a: Aegislash|Aegislash, M|100\/100|[from] Parting Shot\n|move|p2a: Iron Valiant|Swords Dance|p2a: Iron Valiant\n|-boost|p2a: Iron Valiant|atk|2\n|\n|upkeep\n|turn|11\n|\n|t:|1699636366\n|move|p2a: Iron Valiant|Knock Off|p1a: Aegislash\n|-supereffective|p1a: Aegislash\n|-damage|p1a: Aegislash|47\/100\n|-enditem|p1a: Aegislash|Iron Ball|[from] move: Knock Off|[of] p2a: Iron Valiant\n|move|p1a: Aegislash|Toxic|p2a: Iron Valiant\n|-status|p2a: Iron Valiant|tox\n|\n|-damage|p2a: Iron Valiant|94\/100 tox|[from] psn\n|upkeep\n|turn|12\n|\n|t:|1699636375\n|move|p1a: Aegislash|King's Shield|p1a: Aegislash\n|-singleturn|p1a: Aegislash|Protect\n|move|p2a: Iron Valiant|Knock Off|p1a: Aegislash\n|-activate|p1a: Aegislash|move: Protect\n|-unboost|p2a: Iron Valiant|atk|1\n|\n|-damage|p2a: Iron Valiant|82\/100 tox|[from] psn\n|upkeep\n|turn|13\n|\n|t:|1699636385\n|move|p2a: Iron Valiant|Knock Off|p1a: Aegislash\n|-supereffective|p1a: Aegislash\n|-damage|p1a: Aegislash|21\/100\n|-formechange|p1a: Aegislash|Aegislash-Blade||[from] ability: Stance Change\n|move|p1a: Aegislash|Gyro Ball|p2a: Iron Valiant\n|-supereffective|p2a: Iron Valiant\n|-damage|p2a: Iron Valiant|0 fnt\n|faint|p2a: Iron Valiant\n|-end|p2a: Iron Valiant|Quark Drive|[silent]\n|\n|upkeep\n|\n|t:|1699636395\n|switch|p2a: Garchomp|Garchomp-Mega, M|90\/100\n|turn|14\n|\n|t:|1699636410\n|-formechange|p1a: Aegislash|Aegislash||[from] ability: Stance Change\n|move|p1a: Aegislash|King's Shield|p1a: Aegislash\n|-singleturn|p1a: Aegislash|Protect\n|move|p2a: Garchomp|Earthquake|p1a: Aegislash\n|-activate|p1a: Aegislash|move: Protect\n|\n|upkeep\n|turn|15\n|\n|t:|1699636418\n|move|p2a: Garchomp|Earthquake|p1a: Aegislash\n|-supereffective|p1a: Aegislash\n|-damage|p1a: Aegislash|0 fnt\n|faint|p1a: Aegislash\n|\n|-sideend|p1: lxvliiz|Reflect\n|upkeep\n|\n|t:|1699636422\n|switch|p1a: Grimmsnarl|Grimmsnarl, M|60\/100\n|turn|16\n|\n|t:|1699636447\n|move|p1a: Grimmsnarl|Fake Out|p2a: Garchomp\n|-damage|p2a: Garchomp|81\/100\n|cant|p2a: Garchomp|flinch\n|\n|-sideend|p1: lxvliiz|move: Light Screen\n|upkeep\n|turn|17\n|\n|t:|1699636455\n|move|p1a: Grimmsnarl|Reflect|p1a: Grimmsnarl\n|-sidestart|p1: lxvliiz|Reflect\n|move|p2a: Garchomp|Poison Jab|p1a: Grimmsnarl\n|-supereffective|p1a: Grimmsnarl\n|-damage|p1a: Grimmsnarl|20\/100\n|-status|p1a: Grimmsnarl|psn\n|\n|-damage|p1a: Grimmsnarl|8\/100 psn|[from] psn\n|upkeep\n|turn|18\n|\n|t:|1699636462\n|move|p1a: Grimmsnarl|Parting Shot|p2a: Garchomp\n|-unboost|p2a: Garchomp|atk|1\n|-unboost|p2a: Garchomp|spa|1\n|\n|t:|1699636467\n|switch|p1a: Charizard|Charizard, M|100\/100|[from] Parting Shot\n|move|p2a: Garchomp|Swords Dance|p2a: Garchomp\n|-boost|p2a: Garchomp|atk|2\n|\n|upkeep\n|turn|19\n|\n|t:|1699636473\n|detailschange|p1a: Charizard|Charizard-Mega-Y, M\n|-mega|p1a: Charizard|Charizard|Charizardite Y\n|-weather|SunnyDay|[from] ability: Drought|[of] p1a: Charizard\n|move|p2a: Garchomp|Dragon Claw|p1a: Charizard\n|-damage|p1a: Charizard|50\/100\n|move|p1a: Charizard|Weather Ball|p2a: Garchomp\n|-resisted|p2a: Garchomp\n|-damage|p2a: Garchomp|37\/100\n|\n|-weather|SunnyDay|[upkeep]\n|upkeep\n|turn|20\n|\n|t:|1699636488\n|switch|p1a: Grimmsnarl|Grimmsnarl, M|8\/100 psn\n|move|p2a: Garchomp|Dragon Claw|p1a: Grimmsnarl\n|-immune|p1a: Grimmsnarl\n|\n|-weather|SunnyDay|[upkeep]\n|-damage|p1a: Grimmsnarl|0 fnt|[from] psn\n|faint|p1a: Grimmsnarl\n|upkeep\n|\n|t:|1699636496\n|switch|p1a: Lilligant|Lilligant-Hisui, F|100\/100\n|turn|21\n|\n|t:|1699636502\n|move|p1a: Lilligant|Solar Blade||[still]\n|-prepare|p1a: Lilligant|Solar Blade\n|-anim|p1a: Lilligant|Solar Blade|p2a: Garchomp\n|-damage|p2a: Garchomp|0 fnt\n|faint|p2a: Garchomp\n|\n|-weather|SunnyDay|[upkeep]\n|upkeep\n|inactive|Battle timer is ON: inactive players will automatically lose when time's up. (requested by lxvliiz)\n|\n|t:|1699636558\n|switch|p2a: Rillaboom|Rillaboom, M, shiny|100\/100\n|-fieldstart|move: Grassy Terrain|[from] ability: Grassy Surge|[of] p2a: Rillaboom\n|turn|22\n|\n|t:|1699636563\n|move|p1a: Lilligant|Poison Jab|p2a: Rillaboom\n|-supereffective|p2a: Rillaboom\n|-damage|p2a: Rillaboom|48\/100\n|move|p2a: Rillaboom|U-turn|p1a: Lilligant\n|-damage|p1a: Lilligant|75\/100\n|\n|t:|1699636569\n|switch|p2a: Sneasler|Sneasler, M|100\/100|[from] U-turn\n|-enditem|p2a: Sneasler|Grassy Seed\n|-boost|p2a: Sneasler|def|1|[from] item: Grassy Seed\n|\n|-weather|SunnyDay|[upkeep]\n|-heal|p1a: Lilligant|81\/100|[from] Grassy Terrain\n|upkeep\n|turn|23\n|\n|t:|1699636577\n|move|p2a: Sneasler|Acrobatics|p1a: Lilligant\n|-supereffective|p1a: Lilligant\n|-damage|p1a: Lilligant|0 fnt\n|faint|p1a: Lilligant\n|\n|-weather|none\n|upkeep\n|\n|t:|1699636584\n|switch|p1a: Azumarill|Azumarill, M|100\/100\n|turn|24\n|\n|t:|1699636596\n|-terastallize|p1a: Azumarill|Water\n|move|p2a: Sneasler|Dire Claw|p1a: Azumarill\n|-damage|p1a: Azumarill|79\/100\n|move|p1a: Azumarill|Belly Drum|p1a: Azumarill\n|-damage|p1a: Azumarill|29\/100\n|-setboost|p1a: Azumarill|atk|6|[from] move: Belly Drum\n|-enditem|p1a: Azumarill|Sitrus Berry|[eat]\n|-heal|p1a: Azumarill|54\/100|[from] item: Sitrus Berry\n|\n|-heal|p1a: Azumarill|60\/100|[from] Grassy Terrain\n|-sideend|p1: lxvliiz|Reflect\n|upkeep\n|turn|25\n|\n|t:|1699636611\n|move|p1a: Azumarill|Aqua Jet|p2a: Sneasler\n|-damage|p2a: Sneasler|0 fnt\n|faint|p2a: Sneasler\n|\n|-heal|p1a: Azumarill|66\/100|[from] Grassy Terrain\n|upkeep\n|\n|t:|1699636616\n|switch|p2a: Rillaboom|Rillaboom, M, shiny|48\/100\n|turn|26\n|\n|t:|1699636620\n|move|p1a: Azumarill|Aqua Jet|p2a: Rillaboom\n|-resisted|p2a: Rillaboom\n|-damage|p2a: Rillaboom|0 fnt\n|faint|p2a: Rillaboom\n|\n|win|lxvliiz\n|raw|lxvliiz's rating: 1143 &rarr; <strong>1173<\/strong><br \/>(+30 for winning)\n|raw|wormHELL's rating: 1217 &rarr; <strong>1187<\/strong><br \/>(-30 for losing)\n|c|\u2606lxvliiz|gg\n|l|\u2606wormHELL\n","uploadtime":1699636639,"views":4,"p1id":"lxvliiz","p2id":"wormhell","formatid":"gen9nationaldex","rating":1173,"private":0,"password":""}