{"id":"gen9nationaldex-2000624508","p1":"Meb78910","p2":"LunyOnDaLoose","format":"[Gen 9] National Dex","log":"|html|<div class=\"broadcast-blue\"><strong>[Gen 9] National Dex is currently suspecting Sneasler! For information on how to participate check out the <a href=\"https:\/\/www.smogon.com\/forums\/threads\/sv-national-dex-suspect-8-just-dance.3731534\/\">suspect thread<\/a>.<\/strong><\/div>\n|j|\u2606Meb78910\n|j|\u2606LunyOnDaLoose\n|t:|1701211733\n|gametype|singles\n|player|p1|Meb78910|101|1127\n|player|p2|LunyOnDaLoose|1|1000\n|teamsize|p1|6\n|teamsize|p2|6\n|gen|9\n|tier|[Gen 9] National Dex\n|rated|\n|rule|HP Percentage Mod: HP is shown in percentages\n|rule|Endless Battle Clause: Forcing endless battles is banned\n|rule|OHKO Clause: OHKO moves are banned\n|rule|Evasion Clause: Evasion abilities, items, and moves are banned\n|rule|Evasion Abilities Clause: Evasion abilities are banned\n|rule|Evasion Items Clause: Evasion items are banned\n|rule|Evasion Moves Clause: Evasion moves are banned\n|rule|Species Clause: Limit one of each Pok\u00e9mon\n|rule|Sleep Clause Mod: Limit one foe put to sleep\n|clearpoke\n|poke|p1|Venusaur, F|\n|poke|p1|Arcanine-Hisui, M|\n|poke|p1|Ninetales-Alola, M|\n|poke|p1|Skarmory, F|\n|poke|p1|Starmie|\n|poke|p1|Togekiss, F|\n|poke|p2|Drednaw, M|\n|poke|p2|Samurott-Hisui, M|\n|poke|p2|Vigoroth, M|\n|poke|p2|Ursaluna, M|\n|poke|p2|Infernape, M|\n|poke|p2|Toxapex, F|\n|teampreview\n|\n|t:|1701211759\n|start\n|switch|p1a: Ninetales|Ninetales-Alola, M|100\/100\n|switch|p2a: Toxapex|Toxapex, F|100\/100\n|-weather|Snow|[from] ability: Snow Warning|[of] p1a: Ninetales\n|turn|1\n|\n|t:|1701211769\n|move|p1a: Ninetales|Aurora Veil|p1a: Ninetales\n|-sidestart|p1: Meb78910|move: Aurora Veil\n|move|p2a: Toxapex|Bite|p1a: Ninetales\n|-resisted|p1a: Ninetales\n|-damage|p1a: Ninetales|98\/100\n|\n|-weather|Snow|[upkeep]\n|upkeep\n|turn|2\n|\n|t:|1701211783\n|move|p1a: Ninetales|Moonblast|p2a: Toxapex\n|-resisted|p2a: Toxapex\n|-damage|p2a: Toxapex|83\/100\n|-unboost|p2a: Toxapex|spa|1\n|move|p2a: Toxapex|Venoshock|p1a: Ninetales\n|-supereffective|p1a: Ninetales\n|-damage|p1a: Ninetales|84\/100\n|\n|-weather|Snow|[upkeep]\n|upkeep\n|turn|3\n|\n|t:|1701211800\n|switch|p1a: Venusaur|Venusaur, F|100\/100\n|move|p2a: Toxapex|Baneful Bunker||[still]\n|-fail|p2a: Toxapex\n|\n|-weather|Snow|[upkeep]\n|upkeep\n|turn|4\n|\n|t:|1701211825\n|detailschange|p1a: Venusaur|Venusaur-Mega, F\n|-mega|p1a: Venusaur|Venusaur|Venusaurite\n|move|p1a: Venusaur|Giga Drain|p2a: Toxapex\n|-damage|p2a: Toxapex|50\/100\n|move|p2a: Toxapex|Ice Beam|p1a: Venusaur\n|-supereffective|p1a: Venusaur\n|-damage|p1a: Venusaur|97\/100\n|\n|-weather|Snow|[upkeep]\n|upkeep\n|turn|5\n|\n|t:|1701211844\n|switch|p2a: Infernape|Infernape, M|100\/100\n|move|p1a: Venusaur|Leech Seed|p2a: Infernape\n|-start|p2a: Infernape|move: Leech Seed\n|\n|-weather|none\n|-damage|p2a: Infernape|88\/100|[from] Leech Seed|[of] p1a: Venusaur\n|-heal|p1a: Venusaur|100\/100|[silent]\n|upkeep\n|turn|6\n|\n|t:|1701211861\n|switch|p1a: Arcanine|Arcanine-Hisui, M|100\/100\n|move|p2a: Infernape|Fire Punch|p1a: Arcanine\n|-resisted|p1a: Arcanine\n|-damage|p1a: Arcanine|97\/100\n|\n|-damage|p2a: Infernape|76\/100|[from] Leech Seed|[of] p1a: Arcanine\n|-heal|p1a: Arcanine|100\/100|[silent]\n|upkeep\n|turn|7\n|\n|t:|1701211871\n|move|p1a: Arcanine|Head Smash|p2a: Infernape\n|-damage|p2a: Infernape|0 fnt\n|faint|p2a: Infernape\n|\n|upkeep\n|\n|t:|1701211878\n|switch|p2a: Samurott|Samurott-Hisui, M|100\/100\n|turn|8\n|\n|t:|1701211888\n|move|p1a: Arcanine|Head Smash|p2a: Samurott\n|-damage|p2a: Samurott|20\/100\n|move|p2a: Samurott|Sacred Sword|p1a: Arcanine\n|-supereffective|p1a: Arcanine\n|-damage|p1a: Arcanine|78\/100\n|\n|-sideend|p1: Meb78910|move: Aurora Veil\n|upkeep\n|turn|9\n|\n|t:|1701211897\n|move|p1a: Arcanine|Head Smash|p2a: Samurott\n|-damage|p2a: Samurott|0 fnt\n|faint|p2a: Samurott\n|\n|upkeep\n|\n|t:|1701211906\n|switch|p2a: Ursaluna|Ursaluna, M|100\/100\n|turn|10\n|\n|t:|1701211922\n|switch|p1a: Ninetales|Ninetales-Alola, M|84\/100\n|-weather|Snow|[from] ability: Snow Warning|[of] p1a: Ninetales\n|move|p2a: Ursaluna|High Horsepower|p1a: Ninetales|[miss]\n|-miss|p2a: Ursaluna|p1a: Ninetales\n|\n|-weather|Snow|[upkeep]\n|upkeep\n|turn|11\n|\n|t:|1701211936\n|move|p1a: Ninetales|Aurora Veil|p1a: Ninetales\n|-sidestart|p1: Meb78910|move: Aurora Veil\n|move|p2a: Ursaluna|Tera Blast|p1a: Ninetales\n|-damage|p1a: Ninetales|74\/100\n|\n|-weather|Snow|[upkeep]\n|upkeep\n|turn|12\n|\n|t:|1701211949\n|move|p1a: Ninetales|Blizzard|p2a: Ursaluna\n|-supereffective|p2a: Ursaluna\n|-damage|p2a: Ursaluna|33\/100\n|move|p2a: Ursaluna|Bulldoze|p1a: Ninetales\n|-damage|p1a: Ninetales|59\/100\n|-unboost|p1a: Ninetales|spe|1\n|\n|-weather|Snow|[upkeep]\n|upkeep\n|turn|13\n|\n|t:|1701211962\n|switch|p2a: Drednaw|Drednaw, M, shiny|100\/100\n|move|p1a: Ninetales|Blizzard|p2a: Drednaw\n|-resisted|p2a: Drednaw\n|-damage|p2a: Drednaw|72\/100\n|\n|-weather|Snow|[upkeep]\n|upkeep\n|turn|14\n|\n|t:|1701211990\n|switch|p1a: Venusaur|Venusaur-Mega, F|100\/100\n|move|p2a: Drednaw|Iron Defense|p2a: Drednaw\n|-boost|p2a: Drednaw|def|2\n|\n|-weather|none\n|upkeep\n|turn|15\n|\n|t:|1701211998\n|move|p1a: Venusaur|Giga Drain|p2a: Drednaw\n|-supereffective|p2a: Drednaw\n|-damage|p2a: Drednaw|0 fnt\n|faint|p2a: Drednaw\n|\n|upkeep\n|\n|t:|1701212005\n|switch|p2a: Ursaluna|Ursaluna, M|33\/100\n|turn|16\n|\n|t:|1701212019\n|move|p1a: Venusaur|Giga Drain|p2a: Ursaluna\n|-supereffective|p2a: Ursaluna\n|-damage|p2a: Ursaluna|0 fnt\n|faint|p2a: Ursaluna\n|\n|upkeep\n|\n|t:|1701212025\n|switch|p2a: Toxapex|Toxapex, F|50\/100\n|turn|17\n|\n|t:|1701212043\n|move|p1a: Venusaur|Earth Power|p2a: Toxapex\n|-supereffective|p2a: Toxapex\n|-damage|p2a: Toxapex|0 fnt\n|faint|p2a: Toxapex\n|\n|upkeep\n|\n|t:|1701212051\n|switch|p2a: Vigoroth|Vigoroth, M|100\/100\n|turn|18\n|\n|t:|1701212058\n|-terastallize|p2a: Vigoroth|Normal\n|-singleturn|p2a: Vigoroth|move: Focus Punch\n|move|p1a: Venusaur|Leech Seed|p2a: Vigoroth\n|-start|p2a: Vigoroth|move: Leech Seed\n|move|p2a: Vigoroth|Focus Punch|p1a: Venusaur\n|-resisted|p1a: Venusaur\n|-damage|p1a: Venusaur|95\/100\n|\n|-damage|p2a: Vigoroth|88\/100|[from] Leech Seed|[of] p1a: Venusaur\n|-heal|p1a: Venusaur|100\/100|[silent]\n|-sideend|p1: Meb78910|move: Aurora Veil\n|upkeep\n|turn|19\n|-message|LunyOnDaLoose forfeited.\n|\n|win|Meb78910\n|raw|Meb78910's rating: 1127 &rarr; <strong>1143<\/strong><br \/>(+16 for winning)\n|raw|LunyOnDaLoose's rating: 1000 &rarr; <strong>1000<\/strong><br \/>(+0 for losing)\n|l|\u2606LunyOnDaLoose\n","uploadtime":1701212094,"views":10,"p1id":"meb78910","p2id":"lunyondaloose","formatid":"gen9nationaldex","rating":1000,"private":0,"password":""}