{"id":"gen9nationaldex-1999261951","p1":"Coldramen57","p2":"MisterGreenz","format":"[Gen 9] National Dex","log":"|html|<div class=\"broadcast-blue\"><strong>[Gen 9] National Dex is currently suspecting Sneasler! For information on how to participate check out the <a href=\"https:\/\/www.smogon.com\/forums\/threads\/sv-national-dex-suspect-8-just-dance.3731534\/\">suspect thread<\/a>.<\/strong><\/div>\n|j|\u2606Coldramen57\n|j|\u2606MisterGreenz\n|t:|1701052158\n|gametype|singles\n|player|p1|Coldramen57|swimmer-gen4|\n|player|p2|MisterGreenz|170|\n|teamsize|p1|6\n|teamsize|p2|6\n|gen|9\n|tier|[Gen 9] National Dex\n|rule|HP Percentage Mod: HP is shown in percentages\n|rule|Endless Battle Clause: Forcing endless battles is banned\n|rule|OHKO Clause: OHKO moves are banned\n|rule|Evasion Clause: Evasion abilities, items, and moves are banned\n|rule|Evasion Abilities Clause: Evasion abilities are banned\n|rule|Evasion Items Clause: Evasion items are banned\n|rule|Evasion Moves Clause: Evasion moves are banned\n|rule|Species Clause: Limit one of each Pok\u00e9mon\n|rule|Sleep Clause Mod: Limit one foe put to sleep\n|clearpoke\n|poke|p1|Slither Wing|\n|poke|p1|Tapu Fini|\n|poke|p1|Mandibuzz, F|\n|poke|p1|Clodsire, M|\n|poke|p1|Gyarados, M|\n|poke|p1|Dracozolt|\n|poke|p2|Clefable, F|\n|poke|p2|Porygon-Z|\n|poke|p2|Terrakion|\n|poke|p2|Victini|\n|poke|p2|Volcanion|\n|poke|p2|Cloyster, M|\n|teampreview\n|j| Hotpepper22\n|j| Slumpyboocus\n|\n|t:|1701052182\n|start\n|switch|p1a: Jew|Dracozolt, shiny|100\/100\n|switch|p2a: Cloyster|Cloyster, M|100\/100\n|turn|1\n|\n|t:|1701052195\n|move|p1a: Jew|Bolt Beak|p2a: Cloyster\n|-supereffective|p2a: Cloyster\n|-enditem|p2a: Cloyster|Focus Sash\n|-damage|p2a: Cloyster|1\/100\n|move|p2a: Cloyster|Icicle Spear|p1a: Jew\n|-supereffective|p1a: Jew\n|-damage|p1a: Jew|76\/100\n|-supereffective|p1a: Jew\n|-damage|p1a: Jew|50\/100\n|-supereffective|p1a: Jew\n|-damage|p1a: Jew|23\/100\n|-supereffective|p1a: Jew\n|-damage|p1a: Jew|0 fnt\n|faint|p1a: Jew\n|-hitcount|p1: Jew|4\n|\n|upkeep\n|\n|t:|1701052208\n|switch|p1a: Tapu Fini|Tapu Fini, shiny|100\/100\n|-fieldstart|move: Misty Terrain|[from] ability: Misty Surge|[of] p1a: Tapu Fini\n|turn|2\n|\n|t:|1701052212\n|move|p1a: Tapu Fini|Moonblast|p2a: Cloyster\n|-damage|p2a: Cloyster|0 fnt\n|faint|p2a: Cloyster\n|\n|upkeep\n|\n|t:|1701052223\n|switch|p2a: Porygon-Z|Porygon-Z|100\/100\n|turn|3\n|j| CryAndComplain23\n|\n|t:|1701052257\n|move|p2a: Porygon-Z|Ice Beam|p1a: Tapu Fini\n|-resisted|p1a: Tapu Fini\n|-damage|p1a: Tapu Fini|82\/100\n|move|p1a: Tapu Fini|Moonblast|p2a: Porygon-Z\n|-damage|p2a: Porygon-Z|44\/100\n|-unboost|p2a: Porygon-Z|spa|1\n|\n|-heal|p1a: Tapu Fini|88\/100|[from] item: Leftovers\n|upkeep\n|turn|4\n|l| CryAndComplain23\n|\n|t:|1701052296\n|switch|p2a: Terrakion|Terrakion|100\/100\n|move|p1a: Tapu Fini|Moonblast|p2a: Terrakion\n|-supereffective|p2a: Terrakion\n|-damage|p2a: Terrakion|4\/100\n|\n|-heal|p1a: Tapu Fini|94\/100|[from] item: Leftovers\n|upkeep\n|turn|5\n|\n|t:|1701052305\n|move|p2a: Terrakion|Poison Jab|p1a: Tapu Fini\n|-supereffective|p1a: Tapu Fini\n|-damage|p1a: Tapu Fini|27\/100\n|move|p1a: Tapu Fini|Moonblast|p2a: Terrakion\n|-supereffective|p2a: Terrakion\n|-damage|p2a: Terrakion|0 fnt\n|faint|p2a: Terrakion\n|\n|-heal|p1a: Tapu Fini|33\/100|[from] item: Leftovers\n|upkeep\n|\n|t:|1701052313\n|switch|p2a: Victini|Victini|100\/100\n|turn|6\n|\n|t:|1701052317\n|switch|p1a: Turd|Clodsire, M, shiny|100\/100\n|move|p2a: Victini|Bolt Strike|p1a: Turd\n|-immune|p1a: Turd\n|\n|-fieldend|Misty Terrain\n|upkeep\n|turn|7\n|\n|t:|1701052325\n|switch|p2a: Volcanion|Volcanion|100\/100\n|move|p1a: Turd|Stealth Rock|p2a: Volcanion\n|-sidestart|p2: MisterGreenz|move: Stealth Rock\n|\n|upkeep\n|turn|8\n|\n|t:|1701052329\n|move|p2a: Volcanion|Steam Eruption|p1a: Turd\n|-supereffective|p1a: Turd\n|-damage|p1a: Turd|38\/100\n|-status|p1a: Turd|brn\n|move|p1a: Turd|Earthquake|p2a: Volcanion\n|-supereffective|p2a: Volcanion\n|-damage|p2a: Volcanion|73\/100\n|\n|-heal|p2a: Volcanion|79\/100|[from] item: Leftovers\n|-heal|p1a: Turd|44\/100 brn|[from] item: Leftovers\n|-damage|p1a: Turd|38\/100 brn|[from] brn\n|upkeep\n|turn|9\n|\n|t:|1701052359\n|switch|p1a: bloody turd|Gyarados, M, shiny|100\/100\n|-ability|p1a: bloody turd|Intimidate|boost\n|-unboost|p2a: Volcanion|atk|1\n|move|p2a: Volcanion|Substitute|p2a: Volcanion\n|-start|p2a: Volcanion|Substitute\n|-damage|p2a: Volcanion|54\/100\n|\n|-heal|p2a: Volcanion|60\/100|[from] item: Leftovers\n|upkeep\n|turn|10\n|\n|t:|1701052405\n|detailschange|p1a: bloody turd|Gyarados-Mega, M, shiny\n|-mega|p1a: bloody turd|Gyarados|Gyaradosite\n|-ability|p1a: bloody turd|Mold Breaker\n|move|p2a: Volcanion|Earth Power|p1a: bloody turd\n|-damage|p1a: bloody turd|73\/100\n|move|p1a: bloody turd|Earthquake|p2a: Volcanion\n|-supereffective|p2a: Volcanion\n|-end|p2a: Volcanion|Substitute\n|\n|-heal|p2a: Volcanion|66\/100|[from] item: Leftovers\n|upkeep\n|turn|11\n|\n|t:|1701052418\n|switch|p2a: Clefable|Clefable, F|100\/100\n|-damage|p2a: Clefable|88\/100|[from] Stealth Rock\n|move|p1a: bloody turd|Earthquake|p2a: Clefable\n|-damage|p2a: Clefable|37\/100\n|\n|upkeep\n|turn|12\n|\n|t:|1701052444\n|switch|p1a: Tapu Fini|Tapu Fini, shiny|33\/100\n|-fieldstart|move: Misty Terrain|[from] ability: Misty Surge|[of] p1a: Tapu Fini\n|move|p2a: Clefable|Moonblast|p1a: Tapu Fini\n|-damage|p1a: Tapu Fini|0 fnt\n|faint|p1a: Tapu Fini\n|\n|upkeep\n|\n|t:|1701052452\n|switch|p1a: kenndy killer|Slither Wing, shiny|100\/100\n|turn|13\n|l| Slumpyboocus\n|\n|t:|1701052474\n|move|p1a: kenndy killer|Close Combat|p2a: Clefable\n|-resisted|p2a: Clefable\n|-damage|p2a: Clefable|0 fnt\n|-unboost|p1a: kenndy killer|def|1\n|-unboost|p1a: kenndy killer|spd|1\n|-damage|p1a: kenndy killer|84\/100|[from] item: Rocky Helmet|[of] p2a: Clefable\n|faint|p2a: Clefable\n|\n|upkeep\n|\n|t:|1701052482\n|switch|p2a: Victini|Victini|100\/100\n|-damage|p2a: Victini|76\/100|[from] Stealth Rock\n|turn|14\n|\n|t:|1701052486\n|-end|p1a: kenndy killer|Protosynthesis|[silent]\n|switch|p1a: Turd|Clodsire, M, shiny|38\/100 brn\n|move|p2a: Victini|V-create|p1a: Turd\n|-damage|p1a: Turd|0 fnt\n|-unboost|p2a: Victini|spe|1\n|-unboost|p2a: Victini|def|1\n|-unboost|p2a: Victini|spd|1\n|faint|p1a: Turd\n|\n|upkeep\n|\n|t:|1701052508\n|switch|p1a: kenndy killer|Slither Wing, shiny|84\/100\n|turn|15\n|\n|t:|1701052511\n|move|p1a: kenndy killer|First Impression|p2a: Victini\n|-damage|p2a: Victini|0 fnt\n|faint|p2a: Victini\n|\n|upkeep\n|\n|t:|1701052520\n|switch|p2a: Volcanion|Volcanion|66\/100\n|-damage|p2a: Volcanion|41\/100|[from] Stealth Rock\n|turn|16\n|\n|t:|1701052530\n|-end|p1a: kenndy killer|Protosynthesis|[silent]\n|switch|p1a: bloody turd|Gyarados-Mega, M, shiny|73\/100\n|-ability|p1a: bloody turd|Mold Breaker\n|move|p2a: Volcanion|Flamethrower|p1a: bloody turd\n|-resisted|p1a: bloody turd\n|-damage|p1a: bloody turd|53\/100\n|\n|-heal|p2a: Volcanion|47\/100|[from] item: Leftovers\n|-fieldend|Misty Terrain\n|upkeep\n|turn|17\n|\n|t:|1701052541\n|switch|p2a: Porygon-Z|Porygon-Z|44\/100\n|-damage|p2a: Porygon-Z|31\/100|[from] Stealth Rock\n|move|p1a: bloody turd|Earthquake|p2a: Porygon-Z\n|-damage|p2a: Porygon-Z|0 fnt\n|faint|p2a: Porygon-Z\n|\n|upkeep\n|\n|t:|1701052547\n|switch|p2a: Volcanion|Volcanion|47\/100\n|-damage|p2a: Volcanion|22\/100|[from] Stealth Rock\n|turn|18\n|\n|t:|1701052556\n|move|p2a: Volcanion|Flamethrower|p1a: bloody turd\n|-resisted|p1a: bloody turd\n|-damage|p1a: bloody turd|34\/100\n|move|p1a: bloody turd|Earthquake|p2a: Volcanion\n|-supereffective|p2a: Volcanion\n|-damage|p2a: Volcanion|0 fnt\n|faint|p2a: Volcanion\n|\n|win|Coldramen57\n|j| Slumpyboocus\n|l| Slumpyboocus\n|j| CryAndComplain23\n|l| CryAndComplain23\n","uploadtime":1701052582,"views":26,"p1id":"coldramen57","p2id":"mistergreenz","formatid":"gen9nationaldex","rating":0,"private":0,"password":""}