{"id":"gen9nationaldex-1991523678","p1":"Trottolino1606","p2":"slapudap","format":"[Gen 9] National Dex","log":"|j|\u2606Trottolino1606\n|j|\u2606slapudap\n|t:|1700084812\n|gametype|singles\n|player|p1|Trottolino1606|byron|1093\n|player|p2|slapudap|roxanne|1111\n|teamsize|p1|6\n|teamsize|p2|6\n|gen|9\n|tier|[Gen 9] National Dex\n|rated|\n|rule|HP Percentage Mod: HP is shown in percentages\n|rule|Endless Battle Clause: Forcing endless battles is banned\n|rule|OHKO Clause: OHKO moves are banned\n|rule|Evasion Clause: Evasion abilities, items, and moves are banned\n|rule|Evasion Abilities Clause: Evasion abilities are banned\n|rule|Evasion Items Clause: Evasion items are banned\n|rule|Evasion Moves Clause: Evasion moves are banned\n|rule|Species Clause: Limit one of each Pok\u00e9mon\n|rule|Sleep Clause Mod: Limit one foe put to sleep\n|clearpoke\n|poke|p1|Haxorus, M|\n|poke|p1|Cinccino, F|\n|poke|p1|Klinklang|\n|poke|p1|Stunfisk, M|\n|poke|p1|Conkeldurr, M|\n|poke|p1|Escavalier, M|\n|poke|p2|Slowbro, F|\n|poke|p2|Blacephalon|\n|poke|p2|Victini|\n|poke|p2|Archeops, F|\n|poke|p2|Guzzlord|\n|poke|p2|Porygon-Z|\n|teampreview\n|inactive|Battle timer is ON: inactive players will automatically lose when time's up. (requested by Trottolino1606)\n|\n|t:|1700084820\n|start\n|switch|p1a: Stunfisk|Stunfisk, M|100\/100\n|switch|p2a: Archeops|Archeops, F|100\/100\n|turn|1\n|\n|t:|1700084827\n|move|p2a: Archeops|Stealth Rock|p1a: Stunfisk\n|-sidestart|p1: Trottolino1606|move: Stealth Rock\n|move|p1a: Stunfisk|Stealth Rock|p2a: Archeops\n|-sidestart|p2: slapudap|move: Stealth Rock\n|\n|upkeep\n|turn|2\n|\n|t:|1700084834\n|move|p2a: Archeops|Tailwind|p2a: Archeops\n|-sidestart|p2: slapudap|move: Tailwind\n|move|p1a: Stunfisk|Thunderbolt|p2a: Archeops\n|-supereffective|p2a: Archeops\n|-damage|p2a: Archeops|24\/100\n|-enditem|p2a: Archeops|Sitrus Berry|[eat]\n|-heal|p2a: Archeops|49\/100|[from] item: Sitrus Berry\n|\n|upkeep\n|turn|3\n|\n|t:|1700084841\n|move|p2a: Archeops|Head Smash|p1a: Stunfisk\n|-resisted|p1a: Stunfisk\n|-damage|p1a: Stunfisk|87\/100\n|-damage|p2a: Archeops|41\/100|[from] Recoil\n|move|p1a: Stunfisk|Thunderbolt|p2a: Archeops\n|-supereffective|p2a: Archeops\n|-damage|p2a: Archeops|0 fnt\n|faint|p2a: Archeops\n|\n|-heal|p1a: Stunfisk|93\/100|[from] item: Leftovers\n|upkeep\n|\n|t:|1700084855\n|switch|p2a: Slowbro|Slowbro, F|100\/100\n|-damage|p2a: Slowbro|88\/100|[from] Stealth Rock\n|turn|4\n|\n|t:|1700084862\n|detailschange|p2a: Slowbro|Slowbro-Mega, F\n|-mega|p2a: Slowbro|Slowbro|Slowbronite\n|move|p2a: Slowbro|Hydro Pump|p1a: Stunfisk\n|-supereffective|p1a: Stunfisk\n|-damage|p1a: Stunfisk|0 fnt\n|faint|p1a: Stunfisk\n|\n|upkeep\n|\n|t:|1700084878\n|switch|p1a: Escavalier|Escavalier, M|100\/100\n|-damage|p1a: Escavalier|88\/100|[from] Stealth Rock\n|turn|5\n|\n|t:|1700084892\n|move|p2a: Slowbro|Expanding Force|p1a: Escavalier\n|-resisted|p1a: Escavalier\n|-damage|p1a: Escavalier|70\/100\n|move|p1a: Escavalier|X-Scissor|p2a: Slowbro\n|-supereffective|p2a: Slowbro\n|-damage|p2a: Slowbro|42\/100\n|\n|-sideend|p2: slapudap|move: Tailwind\n|upkeep\n|turn|6\n|\n|t:|1700084902\n|move|p2a: Slowbro|Hydro Pump|p1a: Escavalier\n|-damage|p1a: Escavalier|24\/100\n|move|p1a: Escavalier|X-Scissor|p2a: Slowbro\n|-supereffective|p2a: Slowbro\n|-damage|p2a: Slowbro|0 fnt\n|faint|p2a: Slowbro\n|\n|upkeep\n|\n|t:|1700084911\n|switch|p2a: Porygon-Z|Porygon-Z|100\/100\n|-damage|p2a: Porygon-Z|88\/100|[from] Stealth Rock\n|turn|7\n|\n|t:|1700084924\n|move|p2a: Porygon-Z|Tri Attack|p1a: Escavalier\n|-resisted|p1a: Escavalier\n|-damage|p1a: Escavalier|0 fnt\n|faint|p1a: Escavalier\n|\n|upkeep\n|\n|t:|1700084927\n|switch|p1a: Haxorus|Haxorus, M|100\/100\n|-damage|p1a: Haxorus|88\/100|[from] Stealth Rock\n|-ability|p1a: Haxorus|Mold Breaker\n|turn|8\n|\n|t:|1700084930\n|move|p1a: Haxorus|Outrage|p2a: Porygon-Z\n|-damage|p2a: Porygon-Z|0 fnt\n|faint|p2a: Porygon-Z\n|\n|upkeep\n|\n|t:|1700084938\n|switch|p2a: Victini|Victini|100\/100\n|-damage|p2a: Victini|76\/100|[from] Stealth Rock\n|turn|9\n|\n|t:|1700084954\n|-terastallize|p2a: Victini|Fighting\n|move|p1a: Haxorus|Outrage|p2a: Victini|[from]lockedmove\n|-crit|p2a: Victini\n|-damage|p2a: Victini|0 fnt\n|faint|p2a: Victini\n|\n|upkeep\n|\n|t:|1700084962\n|switch|p2a: Blacephalon|Blacephalon|100\/100\n|-damage|p2a: Blacephalon|76\/100|[from] Stealth Rock\n|turn|10\n|\n|t:|1700084971\n|move|p2a: Blacephalon|Dark Pulse|p1a: Haxorus\n|-crit|p1a: Haxorus\n|-damage|p1a: Haxorus|18\/100\n|move|p1a: Haxorus|Outrage|p2a: Blacephalon|[from]lockedmove\n|-damage|p2a: Blacephalon|0 fnt\n|faint|p2a: Blacephalon\n|-start|p1a: Haxorus|confusion|[fatigue]\n|\n|upkeep\n|\n|t:|1700084977\n|switch|p2a: Guzzlord|Guzzlord|100\/100\n|-damage|p2a: Guzzlord|88\/100|[from] Stealth Rock\n|turn|11\n|\n|t:|1700084981\n|-activate|p1a: Haxorus|confusion\n|move|p1a: Haxorus|Outrage|p2a: Guzzlord\n|-supereffective|p2a: Guzzlord\n|-damage|p2a: Guzzlord|0 fnt\n|faint|p2a: Guzzlord\n|\n|win|Trottolino1606\n|raw|Trottolino1606's rating: 1093 &rarr; <strong>1120<\/strong><br \/>(+27 for winning)\n|raw|slapudap's rating: 1111 &rarr; <strong>1085<\/strong><br \/>(-26 for losing)\n|l|\u2606slapudap\n","uploadtime":1700084998,"views":5,"p1id":"trottolino1606","p2id":"slapudap","formatid":"gen9nationaldex","rating":1085,"private":0,"password":""}