{"id":"gen9nationaldex-1988575583","p1":"Zecroster","p2":"female charizard","format":"[Gen 9] National Dex","log":"|j|\u2606Zecroster\n|j|\u2606female charizard\n|t:|1699737846\n|gametype|singles\n|player|p1|Zecroster|psychic|1190\n|player|p2|female charizard|170|1181\n|teamsize|p1|6\n|teamsize|p2|6\n|gen|9\n|tier|[Gen 9] National Dex\n|rated|\n|rule|HP Percentage Mod: HP is shown in percentages\n|rule|Endless Battle Clause: Forcing endless battles is banned\n|rule|OHKO Clause: OHKO moves are banned\n|rule|Evasion Clause: Evasion abilities, items, and moves are banned\n|rule|Evasion Abilities Clause: Evasion abilities are banned\n|rule|Evasion Items Clause: Evasion items are banned\n|rule|Evasion Moves Clause: Evasion moves are banned\n|rule|Species Clause: Limit one of each Pok\u00e9mon\n|rule|Sleep Clause Mod: Limit one foe put to sleep\n|clearpoke\n|poke|p1|Beedrill, M|\n|poke|p1|Ariados, M|\n|poke|p1|Muk-Alola, F|\n|poke|p1|Crobat, M|\n|poke|p1|Toxapex, M|\n|poke|p1|Glimmora, M|\n|poke|p2|Kyurem|\n|poke|p2|Abomasnow, M|\n|poke|p2|Breloom, F|\n|poke|p2|Rhyperior, M|\n|poke|p2|Ogerpon-Wellspring, F|\n|poke|p2|Ekans, M|\n|teampreview\n|j| snugglesnfluff\n|\n|t:|1699737856\n|start\n|switch|p1a: Glimmora|Glimmora, M|100\/100\n|switch|p2a: thanks|Ekans, M|100\/100\n|-ability|p2a: thanks|Intimidate|boost\n|-unboost|p1a: Glimmora|atk|1\n|turn|1\n|j| kung fu pokechu\n|\n|t:|1699737859\n|move|p1a: Glimmora|Power Gem|p2a: thanks\n|-damage|p2a: thanks|15\/100\n|move|p2a: thanks|Glare|p1a: Glimmora\n|-status|p1a: Glimmora|par\n|\n|upkeep\n|turn|2\n|j| it's ogrepon\n|j| imbleach\n|inactive|Battle timer is ON: inactive players will automatically lose when time's up. (requested by female charizard)\n|\n|t:|1699737906\n|switch|p2a: SOLID SUGGESTER|Rhyperior, M|100\/100\n|move|p1a: Glimmora|Stealth Rock|p2a: SOLID SUGGESTER\n|-sidestart|p2: female charizard|move: Stealth Rock\n|\n|upkeep\n|turn|3\n|\n|t:|1699737912\n|move|p2a: SOLID SUGGESTER|Rock Polish|p2a: SOLID SUGGESTER\n|-boost|p2a: SOLID SUGGESTER|spe|2\n|move|p1a: Glimmora|Earth Power|p2a: SOLID SUGGESTER\n|-supereffective|p2a: SOLID SUGGESTER\n|-damage|p2a: SOLID SUGGESTER|30\/100\n|-enditem|p2a: SOLID SUGGESTER|Weakness Policy\n|-boost|p2a: SOLID SUGGESTER|atk|2|[from] item: Weakness Policy\n|-boost|p2a: SOLID SUGGESTER|spa|2|[from] item: Weakness Policy\n|\n|upkeep\n|turn|4\n|\n|t:|1699737917\n|move|p2a: SOLID SUGGESTER|Rock Blast|p1a: Glimmora\n|-damage|p1a: Glimmora|64\/100 par\n|-activate|p1a: Glimmora|ability: Toxic Debris\n|-sidestart|p2: female charizard|move: Toxic Spikes\n|-damage|p1a: Glimmora|34\/100 par\n|-activate|p1a: Glimmora|ability: Toxic Debris\n|-sidestart|p2: female charizard|move: Toxic Spikes\n|-damage|p1a: Glimmora|0 fnt\n|faint|p1a: Glimmora\n|-hitcount|p1: Glimmora|3\n|\n|upkeep\n|\n|t:|1699737924\n|switch|p1a: Beedrill|Beedrill, M|100\/100\n|turn|5\n|\n|t:|1699737932\n|detailschange|p1a: Beedrill|Beedrill-Mega, M\n|-mega|p1a: Beedrill|Beedrill|Beedrillite\n|move|p1a: Beedrill|Drill Run|p2a: SOLID SUGGESTER\n|-supereffective|p2a: SOLID SUGGESTER\n|-damage|p2a: SOLID SUGGESTER|0 fnt\n|faint|p2a: SOLID SUGGESTER\n|\n|upkeep\n|\n|t:|1699737937\n|switch|p2a: thanks|Ekans, M|15\/100\n|-damage|p2a: thanks|2\/100|[from] Stealth Rock\n|-sideend|p2: female charizard|move: Toxic Spikes|[of] p2a: thanks\n|-ability|p2a: thanks|Intimidate|boost\n|-unboost|p1a: Beedrill|atk|1\n|turn|6\n|\n|t:|1699737940\n|move|p2a: thanks|Sucker Punch|p1a: Beedrill\n|-damage|p1a: Beedrill|58\/100\n|move|p1a: Beedrill|Fell Stinger|p2a: thanks\n|-resisted|p2a: thanks\n|-damage|p2a: thanks|0 fnt\n|faint|p2a: thanks\n|-boost|p1a: Beedrill|atk|3\n|\n|upkeep\n|\n|t:|1699737963\n|switch|p2a: pressure friends|Kyurem|100\/100\n|-damage|p2a: pressure friends|76\/100|[from] Stealth Rock\n|-ability|p2a: pressure friends|Pressure\n|turn|7\n|\n|t:|1699737984\n|move|p2a: pressure friends|Protect|p2a: pressure friends\n|-singleturn|p2a: pressure friends|Protect\n|move|p1a: Beedrill|Poison Jab|p2a: pressure friends\n|-activate|p2a: pressure friends|move: Protect\n|\n|-heal|p2a: pressure friends|82\/100|[from] item: Leftovers\n|upkeep\n|turn|8\n|\n|t:|1699737994\n|move|p1a: Beedrill|Poison Jab|p2a: pressure friends\n|-damage|p2a: pressure friends|0 fnt\n|faint|p2a: pressure friends\n|\n|upkeep\n|\n|t:|1699737997\n|switch|p2a: A subtle joke|Abomasnow, M|100\/100\n|-damage|p2a: A subtle joke|75\/100|[from] Stealth Rock\n|-weather|Snow|[from] ability: Snow Warning|[of] p2a: A subtle joke\n|turn|9\n|\n|t:|1699738002\n|move|p2a: A subtle joke|Ice Shard|p1a: Beedrill\n|-damage|p1a: Beedrill|29\/100\n|move|p1a: Beedrill|Fell Stinger|p2a: A subtle joke\n|-supereffective|p2a: A subtle joke\n|-damage|p2a: A subtle joke|0 fnt\n|faint|p2a: A subtle joke\n|-boost|p1a: Beedrill|atk|3\n|\n|-weather|Snow|[upkeep]\n|upkeep\n|\n|t:|1699738015\n|switch|p2a: mods annoy me|Ogerpon-Wellspring, F|100\/100\n|-damage|p2a: mods annoy me|88\/100|[from] Stealth Rock\n|turn|10\n|\n|t:|1699738026\n|-terastallize|p2a: mods annoy me|Water\n|detailschange|p2a: mods annoy me|Ogerpon-Wellspring-Tera, F, tera:Water\n|-ability|p2a: mods annoy me|Embody Aspect (Wellspring)|boost\n|-boost|p2a: mods annoy me|spd|1\n|move|p1a: Beedrill|Poison Jab|p2a: mods annoy me\n|-damage|p2a: mods annoy me|0 fnt\n|faint|p2a: mods annoy me\n|\n|-weather|Snow|[upkeep]\n|upkeep\n|\n|t:|1699738029\n|switch|p2a: bisexual|Breloom, F|100\/100\n|-damage|p2a: bisexual|94\/100|[from] Stealth Rock\n|turn|11\n|\n|t:|1699738041\n|move|p2a: bisexual|Mach Punch|p1a: Beedrill\n|-resisted|p1a: Beedrill\n|-damage|p1a: Beedrill|9\/100\n|move|p1a: Beedrill|Poison Jab|p2a: bisexual\n|-supereffective|p2a: bisexual\n|-damage|p2a: bisexual|0 fnt\n|faint|p2a: bisexual\n|\n|win|Zecroster\n|raw|Zecroster's rating: 1190 &rarr; <strong>1214<\/strong><br \/>(+24 for winning)\n|raw|female charizard's rating: 1181 &rarr; <strong>1157<\/strong><br \/>(-24 for losing)\n","uploadtime":1699738047,"views":4,"p1id":"zecroster","p2id":"femalecharizard","formatid":"gen9nationaldex","rating":1157,"private":0,"password":""}