{"id":"gen9nationaldex-1998072143","p1":"Theruffletkid","p2":"Glass101","format":"[Gen 9] National Dex","log":"|html|<div class=\"broadcast-blue\"><strong>[Gen 9] National Dex is currently suspecting Sneasler! For information on how to participate check out the <a href=\"https:\/\/www.smogon.com\/forums\/threads\/sv-national-dex-suspect-8-just-dance.3731534\/\">suspect thread<\/a>.<\/strong><\/div>\n|j|\u2606Theruffletkid\n|j|\u2606Glass101\n|t:|1700886898\n|gametype|singles\n|player|p1|Theruffletkid|wattson|1505\n|player|p2|Glass101|rocketgruntf|1491\n|teamsize|p1|6\n|teamsize|p2|6\n|gen|9\n|tier|[Gen 9] National Dex\n|rated|\n|rule|HP Percentage Mod: HP is shown in percentages\n|rule|Endless Battle Clause: Forcing endless battles is banned\n|rule|OHKO Clause: OHKO moves are banned\n|rule|Evasion Clause: Evasion abilities, items, and moves are banned\n|rule|Evasion Abilities Clause: Evasion abilities are banned\n|rule|Evasion Items Clause: Evasion items are banned\n|rule|Evasion Moves Clause: Evasion moves are banned\n|rule|Species Clause: Limit one of each Pok\u00e9mon\n|rule|Sleep Clause Mod: Limit one foe put to sleep\n|clearpoke\n|poke|p1|Toxapex, M|\n|poke|p1|Gliscor, M|\n|poke|p1|Ferrothorn, F|\n|poke|p1|Alomomola, F|\n|poke|p1|Medicham, F|\n|poke|p1|Ogerpon-Wellspring, F|\n|poke|p2|Kyurem|\n|poke|p2|Sinistcha|\n|poke|p2|Cresselia, F|\n|poke|p2|Ceruledge, F|\n|poke|p2|Galvantula, M|\n|poke|p2|Clodsire, F|\n|teampreview\n|inactive|Battle timer is ON: inactive players will automatically lose when time's up. (requested by Glass101)\n|\n|t:|1700886925\n|start\n|switch|p1a: Gliscor|Gliscor, M|100\/100\n|switch|p2a: Cresselia|Cresselia, F|100\/100\n|turn|1\n|\n|t:|1700886933\n|switch|p2a: Clodsire|Clodsire, F|100\/100\n|move|p1a: Gliscor|Toxic|p2a: Clodsire\n|-immune|p2a: Clodsire\n|\n|-status|p1a: Gliscor|tox|[from] item: Toxic Orb\n|upkeep\n|turn|2\n|\n|t:|1700886936\n|move|p1a: Gliscor|Earthquake|p2a: Clodsire\n|-supereffective|p2a: Clodsire\n|-damage|p2a: Clodsire|53\/100\n|move|p2a: Clodsire|Counter|p1a: Gliscor\n|-damage|p1a: Gliscor|0 fnt\n|faint|p1a: Gliscor\n|\n|upkeep\n|\n|t:|1700886954\n|switch|p1a: Medicham|Medicham, F|100\/100\n|turn|3\n|\n|t:|1700886956\n|switch|p2a: Galvantula|Galvantula, M|100\/100\n|detailschange|p1a: Medicham|Medicham-Mega, F\n|-mega|p1a: Medicham|Medicham|Medichamite\n|move|p1a: Medicham|Fake Out|p2a: Galvantula\n|-damage|p2a: Galvantula|55\/100\n|\n|upkeep\n|turn|4\n|\n|t:|1700886964\n|move|p2a: Galvantula|Thunder Wave|p1a: Medicham\n|-status|p1a: Medicham|par\n|move|p1a: Medicham|Ice Punch|p2a: Galvantula\n|-damage|p2a: Galvantula|0 fnt\n|faint|p2a: Galvantula\n|\n|upkeep\n|\n|t:|1700886969\n|switch|p2a: Ceruledge|Ceruledge, F|100\/100\n|turn|5\n|\n|t:|1700886975\n|switch|p1a: Toxapex|Toxapex, M|100\/100\n|move|p2a: Ceruledge|Substitute|p2a: Ceruledge\n|-start|p2a: Ceruledge|Substitute\n|-damage|p2a: Ceruledge|76\/100\n|\n|upkeep\n|turn|6\n|\n|t:|1700886979\n|move|p2a: Ceruledge|Swords Dance|p2a: Ceruledge\n|-boost|p2a: Ceruledge|atk|2\n|move|p1a: Toxapex|Scald|p2a: Ceruledge\n|-supereffective|p2a: Ceruledge\n|-end|p2a: Ceruledge|Substitute\n|\n|upkeep\n|turn|7\n|\n|t:|1700886985\n|move|p2a: Ceruledge|Substitute|p2a: Ceruledge\n|-start|p2a: Ceruledge|Substitute\n|-damage|p2a: Ceruledge|51\/100\n|move|p1a: Toxapex|Haze|p1a: Toxapex\n|-clearallboost\n|\n|upkeep\n|turn|8\n|\n|t:|1700886990\n|-terastallize|p2a: Ceruledge|Grass\n|move|p2a: Ceruledge|Swords Dance|p2a: Ceruledge\n|-boost|p2a: Ceruledge|atk|2\n|move|p1a: Toxapex|Scald|p2a: Ceruledge\n|-resisted|p2a: Ceruledge\n|-activate|p2a: Ceruledge|move: Substitute|[damage]\n|\n|upkeep\n|turn|9\n|\n|t:|1700886994\n|move|p2a: Ceruledge|Poltergeist|p1a: Toxapex\n|-activate|p1a: Toxapex|move: Poltergeist|Heavy-Duty Boots\n|-damage|p1a: Toxapex|28\/100\n|move|p1a: Toxapex|Haze|p1a: Toxapex\n|-clearallboost\n|\n|upkeep\n|turn|10\n|\n|t:|1700886999\n|move|p2a: Ceruledge|Swords Dance|p2a: Ceruledge\n|-boost|p2a: Ceruledge|atk|2\n|move|p1a: Toxapex|Scald|p2a: Ceruledge\n|-resisted|p2a: Ceruledge\n|-crit|p2a: Ceruledge\n|-activate|p2a: Ceruledge|move: Substitute|[damage]\n|\n|upkeep\n|turn|11\n|\n|t:|1700887001\n|move|p2a: Ceruledge|Poltergeist|p1a: Toxapex|[miss]\n|-miss|p2a: Ceruledge|p1a: Toxapex\n|move|p1a: Toxapex|Scald|p2a: Ceruledge\n|-resisted|p2a: Ceruledge\n|-end|p2a: Ceruledge|Substitute\n|\n|upkeep\n|turn|12\n|\n|t:|1700887013\n|move|p2a: Ceruledge|Substitute|p2a: Ceruledge\n|-start|p2a: Ceruledge|Substitute\n|-damage|p2a: Ceruledge|26\/100\n|move|p1a: Toxapex|Scald|p2a: Ceruledge\n|-resisted|p2a: Ceruledge\n|-activate|p2a: Ceruledge|move: Substitute|[damage]\n|\n|upkeep\n|turn|13\n|\n|t:|1700887016\n|move|p2a: Ceruledge|Poltergeist|p1a: Toxapex\n|-activate|p1a: Toxapex|move: Poltergeist|Heavy-Duty Boots\n|-damage|p1a: Toxapex|0 fnt\n|faint|p1a: Toxapex\n|\n|upkeep\n|\n|t:|1700887018\n|switch|p1a: Medicham|Medicham-Mega, F|100\/100 par\n|turn|14\n|\n|t:|1700887021\n|cant|p1a: Medicham|par\n|move|p2a: Ceruledge|Bitter Blade|p1a: Medicham\n|-damage|p1a: Medicham|0 fnt\n|-heal|p2a: Ceruledge|71\/100|[from] drain|[of] p1a: Medicham\n|faint|p1a: Medicham\n|\n|upkeep\n|\n|t:|1700887024\n|switch|p1a: Ogerpon|Ogerpon-Wellspring, F|100\/100\n|turn|15\n|\n|t:|1700887027\n|move|p1a: Ogerpon|Play Rough|p2a: Ceruledge\n|-end|p2a: Ceruledge|Substitute\n|move|p2a: Ceruledge|Poltergeist|p1a: Ogerpon\n|-activate|p1a: Ogerpon|move: Poltergeist|Wellspring Mask\n|-damage|p1a: Ogerpon|0 fnt\n|faint|p1a: Ogerpon\n|\n|upkeep\n|\n|t:|1700887030\n|switch|p1a: Alomomola|Alomomola, F|100\/100\n|turn|16\n|\n|t:|1700887033\n|move|p2a: Ceruledge|Substitute|p2a: Ceruledge\n|-start|p2a: Ceruledge|Substitute\n|-damage|p2a: Ceruledge|47\/100\n|move|p1a: Alomomola|Flip Turn|p2a: Ceruledge\n|-resisted|p2a: Ceruledge\n|-activate|p2a: Ceruledge|move: Substitute|[damage]\n|\n|t:|1700887036\n|switch|p1a: Ferrothorn|Ferrothorn, F|100\/100|[from] Flip Turn\n|\n|upkeep\n|turn|17\n|c|\u2606Glass101|gotta love stall\n|\n|t:|1700887043\n|-terastallize|p1a: Ferrothorn|Ghost\n|move|p2a: Ceruledge|Bitter Blade|p1a: Ferrothorn\n|-damage|p1a: Ferrothorn|34\/100\n|-heal|p2a: Ceruledge|87\/100|[from] drain|[of] p1a: Ferrothorn\n|-damage|p2a: Ceruledge|75\/100|[from] ability: Iron Barbs|[of] p1a: Ferrothorn\n|move|p1a: Ferrothorn|Gyro Ball|p2a: Ceruledge\n|-end|p2a: Ceruledge|Substitute\n|\n|-heal|p1a: Ferrothorn|40\/100|[from] item: Leftovers\n|upkeep\n|turn|18\n|\n|t:|1700887048\n|move|p2a: Ceruledge|Poltergeist|p1a: Ferrothorn\n|-activate|p1a: Ferrothorn|move: Poltergeist|Leftovers\n|-supereffective|p1a: Ferrothorn\n|-damage|p1a: Ferrothorn|0 fnt\n|faint|p1a: Ferrothorn\n|\n|upkeep\n|\n|t:|1700887050\n|switch|p1a: Alomomola|Alomomola, F|100\/100\n|turn|19\n|\n|t:|1700887053\n|move|p2a: Ceruledge|Substitute|p2a: Ceruledge\n|-start|p2a: Ceruledge|Substitute\n|-damage|p2a: Ceruledge|50\/100\n|move|p1a: Alomomola|Flip Turn|p2a: Ceruledge\n|-resisted|p2a: Ceruledge\n|-activate|p2a: Ceruledge|move: Substitute|[damage]\n|\n|upkeep\n|turn|20\n|\n|t:|1700887055\n|move|p2a: Ceruledge|Swords Dance|p2a: Ceruledge\n|-boost|p2a: Ceruledge|atk|2\n|move|p1a: Alomomola|Flip Turn|p2a: Ceruledge\n|-resisted|p2a: Ceruledge\n|-activate|p2a: Ceruledge|move: Substitute|[damage]\n|\n|upkeep\n|turn|21\n|\n|t:|1700887057\n|move|p2a: Ceruledge|Swords Dance|p2a: Ceruledge\n|-boost|p2a: Ceruledge|atk|2\n|move|p1a: Alomomola|Flip Turn|p2a: Ceruledge\n|-resisted|p2a: Ceruledge\n|-end|p2a: Ceruledge|Substitute\n|\n|upkeep\n|turn|22\n|\n|t:|1700887059\n|move|p2a: Ceruledge|Substitute|p2a: Ceruledge\n|-start|p2a: Ceruledge|Substitute\n|-damage|p2a: Ceruledge|25\/100\n|move|p1a: Alomomola|Flip Turn|p2a: Ceruledge\n|-resisted|p2a: Ceruledge\n|-activate|p2a: Ceruledge|move: Substitute|[damage]\n|\n|upkeep\n|turn|23\n|\n|t:|1700887061\n|move|p2a: Ceruledge|Bitter Blade|p1a: Alomomola\n|-resisted|p1a: Alomomola\n|-damage|p1a: Alomomola|47\/100\n|-heal|p2a: Ceruledge|69\/100|[from] drain|[of] p1a: Alomomola\n|move|p1a: Alomomola|Flip Turn|p2a: Ceruledge\n|-resisted|p2a: Ceruledge\n|-activate|p2a: Ceruledge|move: Substitute|[damage]\n|\n|upkeep\n|turn|24\n|\n|t:|1700887063\n|move|p2a: Ceruledge|Bitter Blade|p1a: Alomomola\n|-resisted|p1a: Alomomola\n|-damage|p1a: Alomomola|0 fnt\n|-heal|p2a: Ceruledge|100\/100|[from] drain|[of] p1a: Alomomola\n|faint|p1a: Alomomola\n|\n|win|Glass101\n|raw|Theruffletkid's rating: 1505 &rarr; <strong>1484<\/strong><br \/>(-21 for losing)\n|raw|Glass101's rating: 1491 &rarr; <strong>1512<\/strong><br \/>(+21 for winning)\n|l|\u2606Theruffletkid\n","uploadtime":1700887136,"views":28,"p1id":"theruffletkid","p2id":"glass101","formatid":"gen9nationaldex","rating":1484,"private":0,"password":""}