{"id":"gen9nationaldex-1996003317","p1":"TyrAlexander","p2":"terrysalt","format":"[Gen 9] National Dex","log":"|html|<div class=\"broadcast-blue\"><strong>[Gen 9] National Dex is currently suspecting Sneasler! For information on how to participate check out the <a href=\"https:\/\/www.smogon.com\/forums\/threads\/sv-national-dex-suspect-8-just-dance.3731534\/\">suspect thread<\/a>.<\/strong><\/div>\n|j|\u2606TyrAlexander\n|j|\u2606terrysalt\n|t:|1700627917\n|gametype|singles\n|player|p1|TyrAlexander|101|\n|player|p2|terrysalt|265|\n|teamsize|p1|6\n|teamsize|p2|6\n|gen|9\n|tier|[Gen 9] National Dex\n|rule|HP Percentage Mod: HP is shown in percentages\n|rule|Endless Battle Clause: Forcing endless battles is banned\n|rule|OHKO Clause: OHKO moves are banned\n|rule|Evasion Clause: Evasion abilities, items, and moves are banned\n|rule|Evasion Abilities Clause: Evasion abilities are banned\n|rule|Evasion Items Clause: Evasion items are banned\n|rule|Evasion Moves Clause: Evasion moves are banned\n|rule|Species Clause: Limit one of each Pok\u00e9mon\n|rule|Sleep Clause Mod: Limit one foe put to sleep\n|clearpoke\n|poke|p1|Meowscarada, F|\n|poke|p1|Dragonite, M|\n|poke|p1|Slowking, F|\n|poke|p1|Cinderace, F|\n|poke|p1|Great Tusk|\n|poke|p1|Gengar, F|\n|poke|p2|Tangela, F|\n|poke|p2|Sylveon, F|\n|poke|p2|Copperajah, F|\n|poke|p2|Duraludon, F|\n|poke|p2|Silvally-*|\n|poke|p2|Salazzle, F|\n|teampreview\n|\n|t:|1700627930\n|start\n|switch|p1a: Engaged|Cinderace, F|100\/100\n|switch|p2a: Sylveon|Sylveon, F|100\/100\n|turn|1\n|\n|t:|1700627949\n|move|p1a: Engaged|Pyro Ball|p2a: Sylveon\n|-damage|p2a: Sylveon|27\/100\n|move|p2a: Sylveon|Psyshock|p1a: Engaged\n|-damage|p1a: Engaged|53\/100\n|\n|upkeep\n|turn|2\n|\n|t:|1700627958\n|switch|p2a: Silvally|Silvally-Ground|100\/100\n|move|p1a: Engaged|Pyro Ball|p2a: Silvally\n|-damage|p2a: Silvally|49\/100\n|\n|upkeep\n|turn|3\n|\n|t:|1700627967\n|move|p1a: Engaged|U-turn|p2a: Silvally\n|-damage|p2a: Silvally|30\/100\n|\n|t:|1700627973\n|switch|p1a: Oblivious|Slowking, F|100\/100|[from] U-turn\n|move|p2a: Silvally|Multi-Attack|p1a: Oblivious\n|-damage|p1a: Oblivious|51\/100\n|\n|upkeep\n|turn|4\n|\n|t:|1700627983\n|move|p2a: Silvally|U-turn|p1a: Oblivious\n|-supereffective|p1a: Oblivious\n|-damage|p1a: Oblivious|9\/100\n|\n|t:|1700627989\n|switch|p2a: Tangela|Tangela, F|100\/100|[from] U-turn\n|move|p1a: Oblivious|Psychic|p2a: Tangela\n|-damage|p2a: Tangela|60\/100\n|\n|upkeep\n|turn|5\n|\n|t:|1700627998\n|switch|p1a: Catty|Meowscarada, F|100\/100\n|move|p2a: Tangela|Knock Off|p1a: Catty\n|-resisted|p1a: Catty\n|-damage|p1a: Catty|91\/100\n|-enditem|p1a: Catty|Choice Scarf|[from] move: Knock Off|[of] p2a: Tangela\n|\n|upkeep\n|turn|6\n|\n|t:|1700628008\n|move|p1a: Catty|Knock Off|p2a: Tangela\n|-start|p1a: Catty|typechange|Dark|[from] ability: Protean\n|-damage|p2a: Tangela|40\/100\n|-enditem|p2a: Tangela|Eviolite|[from] move: Knock Off|[of] p1a: Catty\n|move|p2a: Tangela|Sleep Powder|p1a: Catty\n|-status|p1a: Catty|slp|[from] move: Sleep Powder\n|\n|upkeep\n|turn|7\n|\n|t:|1700628018\n|switch|p2a: Salazzle|Salazzle, F|100\/100\n|cant|p1a: Catty|slp\n|\n|upkeep\n|turn|8\n|\n|t:|1700628024\n|cant|p1a: Catty|slp\n|move|p2a: Salazzle|Flamethrower|p1a: Catty\n|-damage|p1a: Catty|30\/100 slp\n|\n|upkeep\n|turn|9\n|\n|t:|1700628035\n|switch|p1a: Engaged|Cinderace, F|53\/100\n|move|p2a: Salazzle|Flamethrower|p1a: Engaged\n|-resisted|p1a: Engaged\n|-damage|p1a: Engaged|26\/100\n|\n|upkeep\n|turn|10\n|\n|t:|1700628044\n|move|p1a: Engaged|Pyro Ball|p2a: Salazzle\n|-resisted|p2a: Salazzle\n|-damage|p2a: Salazzle|29\/100\n|move|p2a: Salazzle|Sludge Bomb|p1a: Engaged\n|-damage|p1a: Engaged|0 fnt\n|faint|p1a: Engaged\n|\n|upkeep\n|\n|t:|1700628060\n|switch|p1a: Stalwart|Great Tusk|100\/100\n|turn|11\n|\n|t:|1700628067\n|switch|p2a: Tangela|Tangela, F|73\/100\n|move|p1a: Stalwart|Knock Off|p2a: Tangela\n|-damage|p2a: Tangela|61\/100\n|\n|upkeep\n|turn|12\n|\n|t:|1700628086\n|move|p1a: Stalwart|Earthquake|p2a: Tangela\n|-resisted|p2a: Tangela\n|-damage|p2a: Tangela|46\/100\n|move|p2a: Tangela|Giga Drain|p1a: Stalwart\n|-supereffective|p1a: Stalwart\n|-damage|p1a: Stalwart|33\/100\n|-heal|p2a: Tangela|90\/100|[from] drain|[of] p1a: Stalwart\n|\n|upkeep\n|turn|13\n|\n|t:|1700628107\n|move|p1a: Stalwart|Earthquake|p2a: Tangela\n|-resisted|p2a: Tangela\n|-damage|p2a: Tangela|75\/100\n|move|p2a: Tangela|Knock Off|p1a: Stalwart\n|-resisted|p1a: Stalwart\n|-damage|p1a: Stalwart|30\/100\n|-damage|p2a: Tangela|59\/100|[from] item: Rocky Helmet|[of] p1a: Stalwart\n|-enditem|p1a: Stalwart|Rocky Helmet|[from] move: Knock Off|[of] p2a: Tangela\n|\n|upkeep\n|turn|14\n|\n|t:|1700628124\n|move|p1a: Stalwart|Earthquake|p2a: Tangela\n|-resisted|p2a: Tangela\n|-damage|p2a: Tangela|44\/100\n|move|p2a: Tangela|Giga Drain|p1a: Stalwart\n|-supereffective|p1a: Stalwart\n|-damage|p1a: Stalwart|0 fnt\n|-heal|p2a: Tangela|63\/100|[from] drain|[of] p1a: Stalwart\n|faint|p1a: Stalwart\n|-end|p1a: Stalwart|Protosynthesis|[silent]\n|\n|upkeep\n|\n|t:|1700628135\n|switch|p1a: Friendly|Dragonite, M|100\/100\n|turn|15\n|\n|t:|1700628151\n|move|p1a: Friendly|Fire Punch|p2a: Tangela\n|-supereffective|p2a: Tangela\n|-crit|p2a: Tangela\n|-damage|p2a: Tangela|0 fnt\n|faint|p2a: Tangela\n|\n|upkeep\n|\n|t:|1700628159\n|switch|p2a: Sylveon|Sylveon, F|27\/100\n|turn|16\n|\n|t:|1700628165\n|move|p1a: Friendly|Fire Punch|p2a: Sylveon\n|-damage|p2a: Sylveon|0 fnt\n|faint|p2a: Sylveon\n|\n|upkeep\n|\n|t:|1700628172\n|switch|p2a: Duraludon|Duraludon, F|100\/100\n|turn|17\n|\n|t:|1700628180\n|move|p2a: Duraludon|Draco Meteor|p1a: Friendly\n|-supereffective|p1a: Friendly\n|-damage|p1a: Friendly|18\/100\n|-unboost|p2a: Duraludon|spa|2\n|move|p1a: Friendly|Fire Punch|p2a: Duraludon\n|-damage|p2a: Duraludon|52\/100\n|\n|upkeep\n|turn|18\n|\n|t:|1700628192\n|move|p2a: Duraludon|Thunderbolt|p1a: Friendly\n|-crit|p1a: Friendly\n|-damage|p1a: Friendly|0 fnt\n|faint|p1a: Friendly\n|\n|upkeep\n|\n|t:|1700628209\n|switch|p1a: Oblivious|Slowking, F|42\/100\n|turn|19\n|\n|t:|1700628215\n|move|p2a: Duraludon|Thunderbolt|p1a: Oblivious\n|-supereffective|p1a: Oblivious\n|-damage|p1a: Oblivious|18\/100\n|move|p1a: Oblivious|Psychic|p2a: Duraludon\n|-resisted|p2a: Duraludon\n|-damage|p2a: Duraludon|20\/100\n|\n|upkeep\n|turn|20\n|\n|t:|1700628224\n|move|p2a: Duraludon|Thunderbolt|p1a: Oblivious\n|-supereffective|p1a: Oblivious\n|-damage|p1a: Oblivious|0 fnt\n|faint|p1a: Oblivious\n|\n|upkeep\n|c|\u2606TyrAlexander|that ks insane luck\n|\n|t:|1700628250\n|switch|p1a: Gengar|Gengar, F, shiny|100\/100\n|turn|21\n|\n|t:|1700628275\n|switch|p2a: Salazzle|Salazzle, F|29\/100\n|move|p1a: Gengar|Hyper Beam|p2a: Salazzle\n|-damage|p2a: Salazzle|0 fnt\n|-mustrecharge|p1a: Gengar\n|faint|p2a: Salazzle\n|\n|upkeep\n|\n|t:|1700628281\n|switch|p2a: Silvally|Silvally-Ground|30\/100\n|turn|22\n|\n|t:|1700628300\n|cant|p1a: Gengar|recharge\n|move|p2a: Silvally|Multi-Attack|p1a: Gengar\n|-supereffective|p1a: Gengar\n|-damage|p1a: Gengar|0 fnt\n|-start|p2a: Silvally|Disable|Multi-Attack|[from] ability: Cursed Body|[of] p1a: Gengar\n|faint|p1a: Gengar\n|\n|upkeep\n|\n|t:|1700628308\n|switch|p1a: Catty|Meowscarada, F|30\/100 slp\n|turn|23\n|c|\u2606TyrAlexander|gg\n|\n|t:|1700628314\n|-curestatus|p1a: Catty|slp|[msg]\n|move|p1a: Catty|Flower Trick|p2a: Silvally\n|-start|p1a: Catty|typechange|Grass|[from] ability: Protean\n|-supereffective|p2a: Silvally\n|-crit|p2a: Silvally\n|-damage|p2a: Silvally|0 fnt\n|faint|p2a: Silvally\n|\n|upkeep\n|c|\u2606terrysalt|gg\n|\n|t:|1700628324\n|switch|p2a: Copperajah|Copperajah, F|100\/100\n|turn|24\n|\n|t:|1700628331\n|move|p1a: Catty|Knock Off|p2a: Copperajah\n|-damage|p2a: Copperajah|70\/100\n|-enditem|p2a: Copperajah|Leftovers|[from] move: Knock Off|[of] p1a: Catty\n|move|p2a: Copperajah|Heavy Slam|p1a: Catty\n|-damage|p1a: Catty|0 fnt\n|faint|p1a: Catty\n|\n|win|terrysalt\n|c|\u2606terrysalt|That was a pretty close one. :)\n","uploadtime":1700628347,"views":1,"p1id":"tyralexander","p2id":"terrysalt","formatid":"gen9nationaldex","rating":0,"private":0,"password":""}