{"id":"gen9nationaldex-1991315562","p1":"Phillip Blevin","p2":"Sirrawrz","format":"[Gen 9] National Dex","log":"|j|\u2606Phillip Blevin\n|j|\u2606Sirrawrz\n|t:|1700066891\n|gametype|singles\n|player|p1|Phillip Blevin|az|1384\n|player|p2|Sirrawrz|emmet|1484\n|teamsize|p1|6\n|teamsize|p2|6\n|gen|9\n|tier|[Gen 9] National Dex\n|rated|\n|rule|HP Percentage Mod: HP is shown in percentages\n|rule|Endless Battle Clause: Forcing endless battles is banned\n|rule|OHKO Clause: OHKO moves are banned\n|rule|Evasion Clause: Evasion abilities, items, and moves are banned\n|rule|Evasion Abilities Clause: Evasion abilities are banned\n|rule|Evasion Items Clause: Evasion items are banned\n|rule|Evasion Moves Clause: Evasion moves are banned\n|rule|Species Clause: Limit one of each Pok\u00e9mon\n|rule|Sleep Clause Mod: Limit one foe put to sleep\n|clearpoke\n|poke|p1|Sneasler, M|\n|poke|p1|Iron Valiant|\n|poke|p1|Charizard, M|\n|poke|p1|Urshifu-*, M|\n|poke|p1|Tapu Koko|\n|poke|p1|Rillaboom, M|\n|poke|p2|Ninetales, M|\n|poke|p2|Venusaur, M|\n|poke|p2|Jolteon, F|\n|poke|p2|Blastoise, M|\n|poke|p2|Rhydon, M|\n|poke|p2|Dragonite, M|\n|teampreview\n|inactive|Battle timer is ON: inactive players will automatically lose when time's up. (requested by Phillip Blevin)\n|\n|t:|1700066906\n|start\n|switch|p1a: Awesome Guy|Charizard, M|100\/100\n|switch|p2a: Ninetales|Ninetales, M, shiny|100\/100\n|-weather|SunnyDay|[from] ability: Drought|[of] p2a: Ninetales\n|turn|1\n|\n|t:|1700066931\n|detailschange|p1a: Awesome Guy|Charizard-Mega-X, M\n|-mega|p1a: Awesome Guy|Charizard|Charizardite X\n|move|p2a: Ninetales|Weather Ball|p1a: Awesome Guy\n|-resisted|p1a: Awesome Guy\n|-damage|p1a: Awesome Guy|81\/100\n|move|p1a: Awesome Guy|Dragon Dance|p1a: Awesome Guy\n|-boost|p1a: Awesome Guy|atk|1\n|-boost|p1a: Awesome Guy|spe|1\n|\n|-weather|SunnyDay|[upkeep]\n|upkeep\n|turn|2\n|\n|t:|1700066937\n|switch|p2a: Rhydon|Rhydon, M, shiny|100\/100\n|move|p1a: Awesome Guy|Dragon Claw|p2a: Rhydon\n|-damage|p2a: Rhydon|64\/100\n|\n|-weather|SunnyDay|[upkeep]\n|upkeep\n|turn|3\n|\n|t:|1700066947\n|switch|p1a: Grassy Glide :)|Rillaboom, M|100\/100\n|-fieldstart|move: Grassy Terrain|[from] ability: Grassy Surge|[of] p1a: Grassy Glide :)\n|move|p2a: Rhydon|Earthquake|p1a: Grassy Glide :)\n|-resisted|p1a: Grassy Glide :)\n|-damage|p1a: Grassy Glide :)|87\/100\n|\n|-weather|SunnyDay|[upkeep]\n|-heal|p1a: Grassy Glide :)|93\/100|[from] Grassy Terrain\n|-heal|p2a: Rhydon|70\/100|[from] Grassy Terrain\n|upkeep\n|turn|4\n|\n|t:|1700066954\n|switch|p2a: Venusaur|Venusaur, M, shiny|100\/100\n|move|p1a: Grassy Glide :)|U-turn|p2a: Venusaur\n|-damage|p2a: Venusaur|57\/100\n|\n|t:|1700066965\n|switch|p1a: 50\/50 Sim|Sneasler, M|100\/100|[from] U-turn\n|-enditem|p1a: 50\/50 Sim|Grassy Seed\n|-boost|p1a: 50\/50 Sim|def|1|[from] item: Grassy Seed\n|\n|-weather|SunnyDay|[upkeep]\n|-heal|p2a: Venusaur|63\/100|[from] Grassy Terrain\n|upkeep\n|turn|5\n|\n|t:|1700066971\n|move|p1a: 50\/50 Sim|Acrobatics|p2a: Venusaur\n|-supereffective|p2a: Venusaur\n|-damage|p2a: Venusaur|0 fnt\n|faint|p2a: Venusaur\n|\n|-weather|none\n|upkeep\n|\n|t:|1700066976\n|switch|p2a: Blastoise|Blastoise, M, shiny|100\/100\n|turn|6\n|\n|t:|1700066984\n|move|p1a: 50\/50 Sim|Acrobatics|p2a: Blastoise\n|-damage|p2a: Blastoise|73\/100\n|move|p2a: Blastoise|Dragon Tail|p1a: 50\/50 Sim\n|-damage|p1a: 50\/50 Sim|87\/100\n|drag|p1a: Iron Gender|Iron Valiant|100\/100\n|\n|-heal|p2a: Blastoise|79\/100|[from] Grassy Terrain\n|upkeep\n|turn|7\n|\n|t:|1700066996\n|move|p1a: Iron Gender|Thunderbolt|p2a: Blastoise\n|-supereffective|p2a: Blastoise\n|-damage|p2a: Blastoise|35\/100\n|-damage|p1a: Iron Gender|91\/100|[from] item: Life Orb\n|move|p2a: Blastoise|Flip Turn|p1a: Iron Gender\n|-damage|p1a: Iron Gender|69\/100\n|\n|t:|1700067002\n|switch|p2a: Jolteon|Jolteon, F, shiny|100\/100|[from] Flip Turn\n|\n|-heal|p1a: Iron Gender|75\/100|[from] Grassy Terrain\n|-fieldend|move: Grassy Terrain\n|-status|p2a: Jolteon|brn|[from] item: Flame Orb\n|upkeep\n|turn|8\n|\n|t:|1700067019\n|move|p2a: Jolteon|Volt Switch|p1a: Iron Gender\n|-damage|p1a: Iron Gender|15\/100\n|\n|t:|1700067023\n|switch|p2a: Blastoise|Blastoise, M, shiny|35\/100|[from] Volt Switch\n|move|p1a: Iron Gender|Moonblast|p2a: Blastoise\n|-damage|p2a: Blastoise|0 fnt\n|faint|p2a: Blastoise\n|-damage|p1a: Iron Gender|5\/100|[from] item: Life Orb\n|\n|upkeep\n|\n|t:|1700067030\n|switch|p2a: Jolteon|Jolteon, F, shiny|100\/100 brn\n|turn|9\n|\n|t:|1700067036\n|-end|p1a: Iron Gender|Quark Drive|[silent]\n|switch|p1a: Grassy Glide :)|Rillaboom, M|93\/100\n|-fieldstart|move: Grassy Terrain|[from] ability: Grassy Surge|[of] p1a: Grassy Glide :)\n|move|p2a: Jolteon|Copycat|p2a: Jolteon\n|move|p2a: Jolteon|Moonblast|p1a: Grassy Glide :)|[from]move: Copycat\n|-damage|p1a: Grassy Glide :)|56\/100\n|\n|-heal|p1a: Grassy Glide :)|62\/100|[from] Grassy Terrain\n|-damage|p2a: Jolteon|94\/100 brn|[from] brn\n|upkeep\n|turn|10\n|\n|t:|1700067046\n|switch|p2a: Dragonite|Dragonite, M, shiny|100\/100\n|move|p1a: Grassy Glide :)|Knock Off|p2a: Dragonite\n|-damage|p2a: Dragonite|79\/100\n|-enditem|p2a: Dragonite|Leftovers|[from] move: Knock Off|[of] p1a: Grassy Glide :)\n|\n|-heal|p1a: Grassy Glide :)|68\/100|[from] Grassy Terrain\n|upkeep\n|turn|11\n|\n|t:|1700067053\n|switch|p1a: Awesome Guy|Charizard-Mega-X, M|81\/100\n|move|p2a: Dragonite|Curse|p2a: Dragonite\n|-unboost|p2a: Dragonite|spe|1\n|-boost|p2a: Dragonite|atk|1\n|-boost|p2a: Dragonite|def|1\n|\n|-heal|p1a: Awesome Guy|87\/100|[from] Grassy Terrain\n|upkeep\n|turn|12\n|\n|t:|1700067063\n|-terastallize|p2a: Dragonite|Normal\n|move|p1a: Awesome Guy|Dragon Claw|p2a: Dragonite\n|-damage|p2a: Dragonite|46\/100\n|move|p2a: Dragonite|Curse|p2a: Dragonite\n|-unboost|p2a: Dragonite|spe|1\n|-boost|p2a: Dragonite|atk|1\n|-boost|p2a: Dragonite|def|1\n|\n|-heal|p1a: Awesome Guy|93\/100|[from] Grassy Terrain\n|-heal|p2a: Dragonite|53\/100|[from] Grassy Terrain\n|upkeep\n|turn|13\n|\n|t:|1700067080\n|move|p1a: Awesome Guy|Flare Blitz|p2a: Dragonite\n|-damage|p2a: Dragonite|16\/100\n|-damage|p1a: Awesome Guy|78\/100|[from] Recoil\n|move|p2a: Dragonite|Dual Wingbeat|p1a: Awesome Guy\n|-damage|p1a: Awesome Guy|30\/100\n|-damage|p1a: Awesome Guy|0 fnt\n|faint|p1a: Awesome Guy\n|-hitcount|p1: Awesome Guy|2\n|\n|-heal|p2a: Dragonite|22\/100|[from] Grassy Terrain\n|-fieldend|move: Grassy Terrain\n|upkeep\n|\n|t:|1700067085\n|switch|p1a: Punch Hard|Urshifu-Rapid-Strike, M|100\/100\n|turn|14\n|\n|t:|1700067089\n|move|p2a: Dragonite|Extreme Speed|p1a: Punch Hard\n|-damage|p1a: Punch Hard|3\/100\n|move|p1a: Punch Hard|Surging Strikes|p2a: Dragonite\n|-crit|p2a: Dragonite\n|-damage|p2a: Dragonite|3\/100\n|-crit|p2a: Dragonite\n|-damage|p2a: Dragonite|0 fnt\n|faint|p2a: Dragonite\n|-hitcount|p2: Dragonite|2\n|\n|upkeep\n|\n|t:|1700067109\n|switch|p2a: Ninetales|Ninetales, M, shiny|100\/100\n|-weather|SunnyDay|[from] ability: Drought|[of] p2a: Ninetales\n|turn|15\n|\n|t:|1700067112\n|move|p2a: Ninetales|Weather Ball|p1a: Punch Hard\n|-resisted|p1a: Punch Hard\n|-damage|p1a: Punch Hard|0 fnt\n|faint|p1a: Punch Hard\n|\n|-weather|SunnyDay|[upkeep]\n|upkeep\n|\n|t:|1700067125\n|switch|p1a: #Trans Rights|Tapu Koko|100\/100\n|-fieldstart|move: Electric Terrain|[from] ability: Electric Surge|[of] p1a: #Trans Rights\n|turn|16\n|\n|t:|1700067130\n|switch|p2a: Rhydon|Rhydon, M, shiny|70\/100\n|move|p1a: #Trans Rights|Thunderbolt|p2a: Rhydon\n|-ability|p2a: Rhydon|Lightning Rod|boost\n|-boost|p2a: Rhydon|spa|1\n|\n|-weather|SunnyDay|[upkeep]\n|upkeep\n|turn|17\n|\n|t:|1700067142\n|move|p1a: #Trans Rights|Dazzling Gleam|p2a: Rhydon\n|-damage|p2a: Rhydon|46\/100\n|move|p2a: Rhydon|Stealth Rock|p1a: #Trans Rights\n|-sidestart|p1: Phillip Blevin|move: Stealth Rock\n|\n|-weather|SunnyDay|[upkeep]\n|upkeep\n|turn|18\n|\n|t:|1700067145\n|move|p1a: #Trans Rights|Dazzling Gleam|p2a: Rhydon\n|-damage|p2a: Rhydon|22\/100\n|move|p2a: Rhydon|Earthquake|p1a: #Trans Rights\n|-supereffective|p1a: #Trans Rights\n|-damage|p1a: #Trans Rights|0 fnt\n|faint|p1a: #Trans Rights\n|\n|-weather|SunnyDay|[upkeep]\n|upkeep\n|\n|t:|1700067149\n|switch|p1a: 50\/50 Sim|Sneasler, M|87\/100\n|-damage|p1a: 50\/50 Sim|81\/100|[from] Stealth Rock\n|turn|19\n|\n|t:|1700067154\n|move|p1a: 50\/50 Sim|Close Combat|p2a: Rhydon\n|-supereffective|p2a: Rhydon\n|-damage|p2a: Rhydon|0 fnt\n|-unboost|p1a: 50\/50 Sim|def|1\n|-unboost|p1a: 50\/50 Sim|spd|1\n|faint|p2a: Rhydon\n|\n|-weather|none\n|upkeep\n|\n|t:|1700067158\n|switch|p2a: Ninetales|Ninetales, M, shiny|100\/100\n|-weather|SunnyDay|[from] ability: Drought|[of] p2a: Ninetales\n|turn|20\n|\n|t:|1700067165\n|move|p2a: Ninetales|Weather Ball|p1a: 50\/50 Sim\n|-damage|p1a: 50\/50 Sim|0 fnt\n|faint|p1a: 50\/50 Sim\n|\n|-weather|SunnyDay|[upkeep]\n|-fieldend|move: Electric Terrain\n|upkeep\n|\n|t:|1700067167\n|switch|p1a: Grassy Glide :)|Rillaboom, M|68\/100\n|-damage|p1a: Grassy Glide :)|56\/100|[from] Stealth Rock\n|-fieldstart|move: Grassy Terrain|[from] ability: Grassy Surge|[of] p1a: Grassy Glide :)\n|turn|21\n|\n|t:|1700067170\n|-terastallize|p1a: Grassy Glide :)|Grass\n|move|p1a: Grassy Glide :)|Grassy Glide|p2a: Ninetales\n|-resisted|p2a: Ninetales\n|-damage|p2a: Ninetales|41\/100\n|move|p2a: Ninetales|Weather Ball|p1a: Grassy Glide :)\n|-supereffective|p1a: Grassy Glide :)\n|-damage|p1a: Grassy Glide :)|0 fnt\n|faint|p1a: Grassy Glide :)\n|\n|-weather|SunnyDay|[upkeep]\n|-heal|p2a: Ninetales|47\/100|[from] Grassy Terrain\n|upkeep\n|\n|t:|1700067174\n|switch|p1a: Iron Gender|Iron Valiant|5\/100\n|-damage|p1a: Iron Gender|0 fnt|[from] Stealth Rock\n|faint|p1a: Iron Gender\n|-end|p1a: Iron Gender|Quark Drive|[silent]\n|\n|win|Sirrawrz\n|raw|Phillip Blevin's rating: 1384 &rarr; <strong>1370<\/strong><br \/>(-14 for losing)\n|raw|Sirrawrz's rating: 1484 &rarr; <strong>1498<\/strong><br \/>(+14 for winning)\n|c|\u2606Sirrawrz|Good game I was thinking it was charizard Y ;-;\n|c|\u2606Sirrawrz|I was like OP I messed up\n","uploadtime":1700067213,"views":5,"p1id":"phillipblevin","p2id":"sirrawrz","formatid":"gen9nationaldex","rating":1370,"private":0,"password":""}