{"id":"gen9nationaldex-1992596826","p1":"shenye","p2":"sylveonlover1223","format":"[Gen 9] National Dex","log":"|j|\u2606shenye\n|j|\u2606sylveonlover1223\n|t:|1700212116\n|gametype|singles\n|player|p1|shenye|n|1203\n|player|p2|sylveonlover1223|cyrus|1232\n|teamsize|p1|6\n|teamsize|p2|6\n|gen|9\n|tier|[Gen 9] National Dex\n|rated|\n|rule|HP Percentage Mod: HP is shown in percentages\n|rule|Endless Battle Clause: Forcing endless battles is banned\n|rule|OHKO Clause: OHKO moves are banned\n|rule|Evasion Clause: Evasion abilities, items, and moves are banned\n|rule|Evasion Abilities Clause: Evasion abilities are banned\n|rule|Evasion Items Clause: Evasion items are banned\n|rule|Evasion Moves Clause: Evasion moves are banned\n|rule|Species Clause: Limit one of each Pok\u00e9mon\n|rule|Sleep Clause Mod: Limit one foe put to sleep\n|clearpoke\n|poke|p1|Kyurem|\n|poke|p1|Corviknight, M|\n|poke|p1|Venusaur, F|\n|poke|p1|Infernape, M|\n|poke|p1|Ceruledge, M|\n|poke|p1|Zapdos|\n|poke|p2|Sylveon, F|\n|poke|p2|Meloetta|\n|poke|p2|Manaphy|\n|poke|p2|Ribombee, M|\n|poke|p2|Gallade, M|\n|poke|p2|Nihilego|\n|teampreview\n|\n|t:|1700212134\n|start\n|switch|p1a: Corviknight|Corviknight, M|100\/100\n|switch|p2a: Ribombee|Ribombee, M|100\/100\n|turn|1\n|\n|t:|1700212153\n|move|p2a: Ribombee|Stun Spore|p1a: Corviknight|[miss]\n|-miss|p2a: Ribombee|p1a: Corviknight\n|move|p1a: Corviknight|Taunt|p2a: Ribombee\n|-start|p2a: Ribombee|move: Taunt\n|\n|upkeep\n|turn|2\n|\n|t:|1700212168\n|switch|p1a: Ceruledge|Ceruledge, M|100\/100\n|move|p2a: Ribombee|Moonblast|p1a: Ceruledge\n|-resisted|p1a: Ceruledge\n|-damage|p1a: Ceruledge|80\/100\n|\n|-heal|p1a: Ceruledge|86\/100|[from] item: Leftovers\n|upkeep\n|turn|3\n|\n|t:|1700212177\n|switch|p2a: Nihilego|Nihilego|100\/100\n|move|p1a: Ceruledge|Bulk Up|p1a: Ceruledge\n|-boost|p1a: Ceruledge|atk|1\n|-boost|p1a: Ceruledge|def|1\n|\n|-heal|p1a: Ceruledge|92\/100|[from] item: Leftovers\n|upkeep\n|turn|4\n|\n|t:|1700212194\n|-terastallize|p1a: Ceruledge|Steel\n|move|p2a: Nihilego|Meteor Beam||[still]\n|-prepare|p2a: Nihilego|Meteor Beam\n|-boost|p2a: Nihilego|spa|1\n|-enditem|p2a: Nihilego|Power Herb\n|-anim|p2a: Nihilego|Meteor Beam|p1a: Ceruledge\n|-resisted|p1a: Ceruledge\n|-damage|p1a: Ceruledge|48\/100\n|move|p1a: Ceruledge|Tera Blast|p2a: Nihilego|[anim] Tera Blast Steel\n|-supereffective|p2a: Nihilego\n|-damage|p2a: Nihilego|0 fnt\n|faint|p2a: Nihilego\n|\n|-heal|p1a: Ceruledge|54\/100|[from] item: Leftovers\n|upkeep\n|\n|t:|1700212204\n|switch|p2a: Gallade|Gallade, M|100\/100\n|turn|5\n|\n|t:|1700212219\n|detailschange|p2a: Gallade|Gallade-Mega, M\n|-mega|p2a: Gallade|Gallade|Galladite\n|move|p1a: Ceruledge|Shadow Sneak|p2a: Gallade\n|-supereffective|p2a: Gallade\n|-damage|p2a: Gallade|26\/100\n|move|p2a: Gallade|Close Combat|p1a: Ceruledge\n|-supereffective|p1a: Ceruledge\n|-damage|p1a: Ceruledge|0 fnt\n|-unboost|p2a: Gallade|def|1\n|-unboost|p2a: Gallade|spd|1\n|faint|p1a: Ceruledge\n|\n|upkeep\n|\n|t:|1700212235\n|switch|p1a: Zapdos|Zapdos|100\/100\n|turn|6\n|\n|t:|1700212239\n|move|p2a: Gallade|Psycho Cut|p1a: Zapdos\n|-crit|p1a: Zapdos\n|-damage|p1a: Zapdos|26\/100\n|move|p1a: Zapdos|Volt Switch|p2a: Gallade\n|-damage|p2a: Gallade|0 fnt\n|faint|p2a: Gallade\n|\n|t:|1700212248\n|switch|p1a: Venusaur|Venusaur, F|100\/100|[from] Volt Switch\n|\n|upkeep\n|\n|t:|1700212257\n|switch|p2a: Ribombee|Ribombee, M|100\/100\n|turn|7\n|\n|t:|1700212269\n|detailschange|p1a: Venusaur|Venusaur-Mega, F\n|-mega|p1a: Venusaur|Venusaur|Venusaurite\n|move|p2a: Ribombee|Bug Buzz|p1a: Venusaur\n|-damage|p1a: Venusaur|75\/100\n|move|p1a: Venusaur|Leech Seed|p2a: Ribombee\n|-start|p2a: Ribombee|move: Leech Seed\n|\n|-damage|p2a: Ribombee|88\/100|[from] Leech Seed|[of] p1a: Venusaur\n|-heal|p1a: Venusaur|86\/100|[silent]\n|upkeep\n|turn|8\n|\n|t:|1700212279\n|move|p2a: Ribombee|Sticky Web|p1a: Venusaur\n|-sidestart|p1: shenye|move: Sticky Web\n|move|p1a: Venusaur|Toxic|p2a: Ribombee\n|-status|p2a: Ribombee|tox\n|\n|-damage|p2a: Ribombee|76\/100 tox|[from] Leech Seed|[of] p1a: Venusaur\n|-heal|p1a: Venusaur|97\/100|[silent]\n|-damage|p2a: Ribombee|70\/100 tox|[from] psn\n|upkeep\n|turn|9\n|\n|t:|1700212286\n|move|p2a: Ribombee|Bug Buzz|p1a: Venusaur\n|-damage|p1a: Venusaur|70\/100\n|move|p1a: Venusaur|Leaf Storm|p2a: Ribombee\n|-resisted|p2a: Ribombee\n|-damage|p2a: Ribombee|24\/100 tox\n|-unboost|p1a: Venusaur|spa|2\n|\n|-damage|p2a: Ribombee|12\/100 tox|[from] Leech Seed|[of] p1a: Venusaur\n|-heal|p1a: Venusaur|80\/100|[silent]\n|-damage|p2a: Ribombee|0 fnt|[from] psn\n|faint|p2a: Ribombee\n|upkeep\n|\n|t:|1700212294\n|switch|p2a: Sylveon|Sylveon, F, shiny|100\/100\n|turn|10\n|\n|t:|1700212302\n|-terastallize|p2a: Sylveon|Steel\n|move|p2a: Sylveon|Calm Mind|p2a: Sylveon\n|-boost|p2a: Sylveon|spa|1\n|-boost|p2a: Sylveon|spd|1\n|move|p1a: Venusaur|Leech Seed|p2a: Sylveon\n|-start|p2a: Sylveon|move: Leech Seed\n|\n|-damage|p2a: Sylveon|88\/100|[from] Leech Seed|[of] p1a: Venusaur\n|-heal|p1a: Venusaur|94\/100|[silent]\n|upkeep\n|turn|11\n|\n|t:|1700212328\n|switch|p1a: Infernape|Infernape, M|100\/100\n|-activate|p1a: Infernape|move: Sticky Web\n|-unboost|p1a: Infernape|spe|1\n|move|p2a: Sylveon|Hyper Voice|p1a: Infernape\n|-enditem|p1a: Infernape|Focus Sash\n|-damage|p1a: Infernape|1\/100\n|-enditem|p2a: Sylveon|Throat Spray\n|-boost|p2a: Sylveon|spa|1|[from] item: Throat Spray\n|\n|-damage|p2a: Sylveon|76\/100|[from] Leech Seed|[of] p1a: Infernape\n|-heal|p1a: Infernape|15\/100|[silent]\n|upkeep\n|turn|12\n|\n|t:|1700212350\n|move|p1a: Infernape|Fake Out|p2a: Sylveon\n|-resisted|p2a: Sylveon\n|-damage|p2a: Sylveon|66\/100\n|cant|p2a: Sylveon|flinch\n|\n|-damage|p2a: Sylveon|54\/100|[from] Leech Seed|[of] p1a: Infernape\n|-heal|p1a: Infernape|29\/100|[silent]\n|upkeep\n|turn|13\n|\n|t:|1700212359\n|switch|p1a: Corviknight|Corviknight, M|100\/100\n|move|p2a: Sylveon|Draining Kiss|p1a: Corviknight\n|-resisted|p1a: Corviknight\n|-damage|p1a: Corviknight|84\/100\n|-heal|p2a: Sylveon|68\/100|[from] drain|[of] p1a: Corviknight\n|-damage|p2a: Sylveon|52\/100|[from] item: Rocky Helmet|[of] p1a: Corviknight\n|\n|-damage|p2a: Sylveon|39\/100|[from] Leech Seed|[of] p1a: Corviknight\n|-heal|p1a: Corviknight|95\/100|[silent]\n|upkeep\n|turn|14\n|\n|t:|1700212369\n|move|p2a: Sylveon|Hyper Voice|p1a: Corviknight\n|-resisted|p1a: Corviknight\n|-damage|p1a: Corviknight|57\/100\n|move|p1a: Corviknight|Defog|p2a: Sylveon\n|-unboost|p2a: Sylveon|evasion|1\n|-sideend|p1: shenye|Sticky Web|[from] move: Defog|[of] p1a: Corviknight\n|\n|-damage|p2a: Sylveon|27\/100|[from] Leech Seed|[of] p1a: Corviknight\n|-heal|p1a: Corviknight|68\/100|[silent]\n|upkeep\n|turn|15\n|\n|t:|1700212379\n|move|p2a: Sylveon|Hyper Voice|p1a: Corviknight\n|-resisted|p1a: Corviknight\n|-damage|p1a: Corviknight|27\/100\n|move|p1a: Corviknight|Roost|p1a: Corviknight\n|-heal|p1a: Corviknight|77\/100\n|-singleturn|p1a: Corviknight|move: Roost\n|\n|-damage|p2a: Sylveon|14\/100|[from] Leech Seed|[of] p1a: Corviknight\n|-heal|p1a: Corviknight|87\/100|[silent]\n|upkeep\n|turn|16\n|\n|t:|1700212393\n|move|p2a: Sylveon|Hyper Voice|p1a: Corviknight\n|-resisted|p1a: Corviknight\n|-damage|p1a: Corviknight|51\/100\n|move|p1a: Corviknight|Roost|p1a: Corviknight\n|-heal|p1a: Corviknight|100\/100\n|-singleturn|p1a: Corviknight|move: Roost\n|\n|-damage|p2a: Sylveon|2\/100|[from] Leech Seed|[of] p1a: Corviknight\n|upkeep\n|turn|17\n|\n|t:|1700212406\n|move|p2a: Sylveon|Hyper Voice|p1a: Corviknight\n|-resisted|p1a: Corviknight\n|-damage|p1a: Corviknight|59\/100\n|move|p1a: Corviknight|Taunt|p2a: Sylveon\n|-start|p2a: Sylveon|move: Taunt\n|\n|-damage|p2a: Sylveon|0 fnt|[from] Leech Seed|[of] p1a: Corviknight\n|-heal|p1a: Corviknight|60\/100|[silent]\n|faint|p2a: Sylveon\n|upkeep\n|\n|t:|1700212410\n|switch|p2a: Meloetta|Meloetta|100\/100\n|turn|18\n|\n|t:|1700212422\n|move|p2a: Meloetta|Relic Song|p1a: Corviknight\n|-resisted|p1a: Corviknight\n|-damage|p1a: Corviknight|50\/100\n|-formechange|p2a: Meloetta|Meloetta-Pirouette|[msg]\n|move|p1a: Corviknight|Roost|p1a: Corviknight\n|-heal|p1a: Corviknight|99\/100\n|-singleturn|p1a: Corviknight|move: Roost\n|\n|upkeep\n|turn|19\n|\n|t:|1700212436\n|move|p2a: Meloetta|Fire Punch|p1a: Corviknight\n|-supereffective|p1a: Corviknight\n|-damage|p1a: Corviknight|63\/100\n|-damage|p2a: Meloetta|84\/100|[from] item: Rocky Helmet|[of] p1a: Corviknight\n|move|p1a: Corviknight|Body Press|p2a: Meloetta\n|-supereffective|p2a: Meloetta\n|-damage|p2a: Meloetta|34\/100\n|\n|-heal|p2a: Meloetta|40\/100|[from] item: Leftovers\n|upkeep\n|turn|20\n|\n|t:|1700212447\n|move|p2a: Meloetta|Relic Song|p1a: Corviknight\n|-resisted|p1a: Corviknight\n|-damage|p1a: Corviknight|56\/100\n|-formechange|p2a: Meloetta|Meloetta|[msg]\n|move|p1a: Corviknight|Body Press|p2a: Meloetta\n|-damage|p2a: Meloetta|15\/100\n|\n|-heal|p2a: Meloetta|21\/100|[from] item: Leftovers\n|upkeep\n|turn|21\n|\n|t:|1700212455\n|move|p2a: Meloetta|Relic Song|p1a: Corviknight\n|-resisted|p1a: Corviknight\n|-damage|p1a: Corviknight|45\/100\n|-formechange|p2a: Meloetta|Meloetta-Pirouette|[msg]\n|move|p1a: Corviknight|Body Press|p2a: Meloetta\n|-supereffective|p2a: Meloetta\n|-damage|p2a: Meloetta|0 fnt\n|faint|p2a: Meloetta\n|\n|upkeep\n|\n|t:|1700212462\n|switch|p2a: Manaphy|Manaphy|100\/100\n|turn|22\n|\n|t:|1700212467\n|move|p2a: Manaphy|Tail Glow|p2a: Manaphy\n|-boost|p2a: Manaphy|spa|3\n|move|p1a: Corviknight|Roost|p1a: Corviknight\n|-heal|p1a: Corviknight|95\/100\n|-singleturn|p1a: Corviknight|move: Roost\n|\n|upkeep\n|turn|23\n|\n|t:|1700212495\n|move|p2a: Manaphy|Tail Glow|p2a: Manaphy\n|-boost|p2a: Manaphy|spa|3\n|move|p1a: Corviknight|Body Press|p2a: Manaphy\n|-damage|p2a: Manaphy|78\/100\n|\n|-heal|p2a: Manaphy|84\/100|[from] item: Leftovers\n|upkeep\n|turn|24\n|\n|t:|1700212502\n|move|p2a: Manaphy|Scald|p1a: Corviknight\n|-damage|p1a: Corviknight|0 fnt\n|faint|p1a: Corviknight\n|\n|-heal|p2a: Manaphy|90\/100|[from] item: Leftovers\n|upkeep\n|\n|t:|1700212509\n|switch|p1a: Venusaur|Venusaur-Mega, F|94\/100\n|turn|25\n|\n|t:|1700212514\n|move|p2a: Manaphy|Scald|p1a: Venusaur\n|-resisted|p1a: Venusaur\n|-damage|p1a: Venusaur|44\/100\n|move|p1a: Venusaur|Leech Seed|p2a: Manaphy\n|-start|p2a: Manaphy|move: Leech Seed\n|\n|-heal|p2a: Manaphy|96\/100|[from] item: Leftovers\n|-damage|p2a: Manaphy|84\/100|[from] Leech Seed|[of] p1a: Venusaur\n|-heal|p1a: Venusaur|58\/100|[silent]\n|upkeep\n|turn|26\n|\n|t:|1700212527\n|move|p2a: Manaphy|Scald|p1a: Venusaur\n|-resisted|p1a: Venusaur\n|-damage|p1a: Venusaur|5\/100\n|move|p1a: Venusaur|Synthesis|p1a: Venusaur\n|-heal|p1a: Venusaur|55\/100\n|\n|-heal|p2a: Manaphy|90\/100|[from] item: Leftovers\n|-damage|p2a: Manaphy|78\/100|[from] Leech Seed|[of] p1a: Venusaur\n|-heal|p1a: Venusaur|69\/100|[silent]\n|upkeep\n|turn|27\n|-message|sylveonlover1223 forfeited.\n|\n|win|shenye\n|raw|shenye's rating: 1203 &rarr; <strong>1230<\/strong><br \/>(+27 for winning)\n|raw|sylveonlover1223's rating: 1232 &rarr; <strong>1205<\/strong><br \/>(-27 for losing)\n|l|\u2606sylveonlover1223\n","uploadtime":1700212540,"views":4,"p1id":"shenye","p2id":"sylveonlover1223","formatid":"gen9nationaldex","rating":1205,"private":0,"password":""}