{"id":"gen9nationaldex-1991377961","p1":"Kawaiizaki","p2":"Joaovictor2","format":"[Gen 9] National Dex","log":"|j|\u2606Kawaiizaki\n|j|\u2606Joaovictor2\n|t:|1700072107\n|gametype|singles\n|player|p1|Kawaiizaki|clerkf|1160\n|player|p2|Joaovictor2|koga|1134\n|teamsize|p1|6\n|teamsize|p2|6\n|gen|9\n|tier|[Gen 9] National Dex\n|rated|\n|rule|HP Percentage Mod: HP is shown in percentages\n|rule|Endless Battle Clause: Forcing endless battles is banned\n|rule|OHKO Clause: OHKO moves are banned\n|rule|Evasion Clause: Evasion abilities, items, and moves are banned\n|rule|Evasion Abilities Clause: Evasion abilities are banned\n|rule|Evasion Items Clause: Evasion items are banned\n|rule|Evasion Moves Clause: Evasion moves are banned\n|rule|Species Clause: Limit one of each Pok\u00e9mon\n|rule|Sleep Clause Mod: Limit one foe put to sleep\n|clearpoke\n|poke|p1|Gardevoir, F|\n|poke|p1|Pyukumuku, F|\n|poke|p1|Rotom-Fan|\n|poke|p1|Mawile, F|\n|poke|p1|Zangoose, F|\n|poke|p1|Ninetales-Alola, F|\n|poke|p2|Garchomp, M|\n|poke|p2|Cresselia, F|\n|poke|p2|Crawdaunt, F|\n|poke|p2|Amoonguss, M|\n|poke|p2|Blaziken, M|\n|poke|p2|Tyranitar, F|\n|teampreview\n|\n|t:|1700072122\n|start\n|switch|p1a: Liiwi|Mawile, F|100\/100\n|switch|p2a: Cresselia|Cresselia, F|100\/100\n|-ability|p1a: Liiwi|Intimidate|boost\n|-unboost|p2a: Cresselia|atk|1\n|turn|1\n|\n|t:|1700072136\n|move|p1a: Liiwi|Stealth Rock|p2a: Cresselia\n|-sidestart|p2: Joaovictor2|move: Stealth Rock\n|move|p2a: Cresselia|Trick Room|p2a: Cresselia\n|-fieldstart|move: Trick Room|[of] p2a: Cresselia\n|\n|upkeep\n|turn|2\n|\n|t:|1700072148\n|switch|p1a: Tapioka|Pyukumuku, F|100\/100\n|switch|p2a: Crawdaunt|Crawdaunt, F|100\/100\n|-damage|p2a: Crawdaunt|88\/100|[from] Stealth Rock\n|\n|upkeep\n|turn|3\n|\n|t:|1700072156\n|-terastallize|p2a: Crawdaunt|Water\n|move|p1a: Tapioka|Toxic|p2a: Crawdaunt\n|-status|p2a: Crawdaunt|tox\n|move|p2a: Crawdaunt|Swords Dance|p2a: Crawdaunt\n|-boost|p2a: Crawdaunt|atk|2\n|\n|-damage|p2a: Crawdaunt|82\/100 tox|[from] psn\n|upkeep\n|turn|4\n|\n|t:|1700072173\n|switch|p1a: Liiwi|Mawile, F|100\/100\n|-ability|p1a: Liiwi|Intimidate|boost\n|-unboost|p2a: Crawdaunt|atk|1\n|move|p2a: Crawdaunt|Swords Dance|p2a: Crawdaunt\n|-boost|p2a: Crawdaunt|atk|2\n|\n|-damage|p2a: Crawdaunt|70\/100 tox|[from] psn\n|upkeep\n|turn|5\n|\n|t:|1700072189\n|move|p1a: Liiwi|Super Fang|p2a: Crawdaunt\n|-damage|p2a: Crawdaunt|35\/100 tox\n|move|p2a: Crawdaunt|Liquidation|p1a: Liiwi\n|-damage|p1a: Liiwi|0 fnt\n|-damage|p2a: Crawdaunt|19\/100 tox|[from] item: Rocky Helmet|[of] p1a: Liiwi\n|faint|p1a: Liiwi\n|\n|-damage|p2a: Crawdaunt|1\/100 tox|[from] psn\n|-fieldend|move: Trick Room\n|upkeep\n|\n|t:|1700072201\n|switch|p1a: Zisa|Zangoose, F|100\/100\n|turn|6\n|\n|t:|1700072211\n|move|p1a: Zisa|Quick Attack|p2a: Crawdaunt\n|-damage|p2a: Crawdaunt|0 fnt\n|faint|p2a: Crawdaunt\n|\n|-status|p1a: Zisa|tox|[from] item: Toxic Orb\n|upkeep\n|\n|t:|1700072228\n|switch|p2a: Garchomp|Garchomp, M|100\/100\n|-damage|p2a: Garchomp|94\/100|[from] Stealth Rock\n|turn|7\n|\n|t:|1700072238\n|switch|p1a: Lola|Ninetales-Alola, F|100\/100\n|-weather|Snow|[from] ability: Snow Warning|[of] p1a: Lola\n|move|p2a: Garchomp|Earthquake|p1a: Lola\n|-damage|p1a: Lola|39\/100\n|\n|-weather|Snow|[upkeep]\n|upkeep\n|turn|8\n|\n|t:|1700072252\n|move|p1a: Lola|Blizzard|p2a: Garchomp\n|-supereffective|p2a: Garchomp\n|-damage|p2a: Garchomp|0 fnt\n|faint|p2a: Garchomp\n|\n|-weather|Snow|[upkeep]\n|upkeep\n|\n|t:|1700072268\n|switch|p2a: Amoonguss|Amoonguss, M|100\/100\n|-damage|p2a: Amoonguss|88\/100|[from] Stealth Rock\n|turn|9\n|\n|t:|1700072276\n|move|p1a: Lola|Blizzard|p2a: Amoonguss\n|-supereffective|p2a: Amoonguss\n|-damage|p2a: Amoonguss|13\/100\n|move|p2a: Amoonguss|Spore|p1a: Lola\n|-status|p1a: Lola|slp|[from] move: Spore\n|\n|-weather|Snow|[upkeep]\n|-heal|p2a: Amoonguss|20\/100|[from] item: Leftovers\n|upkeep\n|turn|10\n|\n|t:|1700072296\n|switch|p1a: Garden|Gardevoir, F, shiny|100\/100\n|-ability|p1a: Garden|Effect Spore|[from] ability: Trace|[of] p2a: Amoonguss\n|switch|p2a: Blaziken|Blaziken, M|100\/100\n|-damage|p2a: Blaziken|88\/100|[from] Stealth Rock\n|\n|-weather|Snow|[upkeep]\n|upkeep\n|turn|11\n|\n|t:|1700072314\n|move|p1a: Garden|Psychic|p2a: Blaziken\n|-supereffective|p2a: Blaziken\n|-damage|p2a: Blaziken|0 fnt\n|faint|p2a: Blaziken\n|\n|-weather|none\n|upkeep\n|\n|t:|1700072321\n|switch|p2a: Tyranitar|Tyranitar, F|100\/100\n|-damage|p2a: Tyranitar|88\/100|[from] Stealth Rock\n|-weather|Sandstorm|[from] ability: Sand Stream|[of] p2a: Tyranitar\n|turn|12\n|\n|t:|1700072335\n|switch|p1a: Tapioka|Pyukumuku, F|100\/100\n|move|p2a: Tyranitar|Earthquake|p1a: Tapioka\n|-damage|p1a: Tapioka|62\/100\n|\n|-weather|Sandstorm|[upkeep]\n|-damage|p1a: Tapioka|56\/100|[from] Sandstorm\n|-heal|p1a: Tapioka|62\/100|[from] item: Leftovers\n|upkeep\n|turn|13\n|\n|t:|1700072348\n|move|p2a: Tyranitar|Earthquake|p1a: Tapioka\n|-damage|p1a: Tapioka|21\/100\n|move|p1a: Tapioka|Soak|p2a: Tyranitar\n|-start|p2a: Tyranitar|typechange|Water\n|\n|-weather|Sandstorm|[upkeep]\n|-damage|p2a: Tyranitar|82\/100|[from] Sandstorm\n|-damage|p1a: Tapioka|15\/100|[from] Sandstorm\n|-heal|p1a: Tapioka|21\/100|[from] item: Leftovers\n|upkeep\n|turn|14\n|\n|t:|1700072361\n|move|p1a: Tapioka|Protect|p1a: Tapioka\n|-singleturn|p1a: Tapioka|Protect\n|move|p2a: Tyranitar|Earthquake|p1a: Tapioka\n|-activate|p1a: Tapioka|move: Protect\n|\n|-weather|Sandstorm|[upkeep]\n|-damage|p2a: Tyranitar|76\/100|[from] Sandstorm\n|-damage|p1a: Tapioka|15\/100|[from] Sandstorm\n|-heal|p1a: Tapioka|21\/100|[from] item: Leftovers\n|upkeep\n|turn|15\n|\n|t:|1700072374\n|switch|p1a: Root|Rotom-Fan, shiny|100\/100\n|move|p2a: Tyranitar|Earthquake|p1a: Root\n|-immune|p1a: Root\n|\n|-weather|Sandstorm|[upkeep]\n|-damage|p1a: Root|94\/100|[from] Sandstorm\n|-damage|p2a: Tyranitar|70\/100|[from] Sandstorm\n|-heal|p1a: Root|100\/100|[from] item: Leftovers\n|upkeep\n|turn|16\n|\n|t:|1700072388\n|switch|p2a: Cresselia|Cresselia, F|100\/100\n|-damage|p2a: Cresselia|88\/100|[from] Stealth Rock\n|move|p1a: Root|Volt Switch|p2a: Cresselia\n|-damage|p2a: Cresselia|68\/100\n|\n|t:|1700072396\n|switch|p1a: Zisa|Zangoose, F|100\/100 tox|[from] Volt Switch\n|\n|-weather|none\n|-damage|p1a: Zisa|94\/100 tox|[from] psn\n|upkeep\n|turn|17\n|\n|t:|1700072413\n|move|p1a: Zisa|Facade|p2a: Cresselia\n|-damage|p2a: Cresselia|0 fnt\n|faint|p2a: Cresselia\n|\n|-damage|p1a: Zisa|82\/100 tox|[from] psn\n|upkeep\n|\n|t:|1700072420\n|switch|p2a: Tyranitar|Tyranitar, F|70\/100\n|-damage|p2a: Tyranitar|57\/100|[from] Stealth Rock\n|-weather|Sandstorm|[from] ability: Sand Stream|[of] p2a: Tyranitar\n|turn|18\n|\n|t:|1700072435\n|move|p1a: Zisa|Facade|p2a: Tyranitar\n|-resisted|p2a: Tyranitar\n|-crit|p2a: Tyranitar\n|-damage|p2a: Tyranitar|1\/100\n|move|p2a: Tyranitar|Dark Pulse|p1a: Zisa\n|-damage|p1a: Zisa|31\/100 tox\n|\n|-weather|Sandstorm|[upkeep]\n|-damage|p1a: Zisa|24\/100 tox|[from] Sandstorm\n|-damage|p1a: Zisa|6\/100 tox|[from] psn\n|upkeep\n|turn|19\n|\n|t:|1700072448\n|switch|p2a: Amoonguss|Amoonguss, M|20\/100\n|-damage|p2a: Amoonguss|7\/100|[from] Stealth Rock\n|move|p1a: Zisa|Quick Attack|p2a: Amoonguss\n|-damage|p2a: Amoonguss|0 fnt\n|faint|p2a: Amoonguss\n|\n|-weather|Sandstorm|[upkeep]\n|-damage|p1a: Zisa|0 fnt|[from] Sandstorm\n|faint|p1a: Zisa\n|upkeep\n|\n|t:|1700072462\n|switch|p1a: Tapioka|Pyukumuku, F|21\/100\n|switch|p2a: Tyranitar|Tyranitar, F|1\/100\n|-damage|p2a: Tyranitar|0 fnt|[from] Stealth Rock\n|faint|p2a: Tyranitar\n|\n|win|Kawaiizaki\n|raw|Kawaiizaki's rating: 1160 &rarr; <strong>1183<\/strong><br \/>(+23 for winning)\n|raw|Joaovictor2's rating: 1134 &rarr; <strong>1111<\/strong><br \/>(-23 for losing)\n","uploadtime":1700072472,"views":8,"p1id":"kawaiizaki","p2id":"joaovictor2","formatid":"gen9nationaldex","rating":1111,"private":0,"password":""}