{"id":"gen9nationaldex-1992813700","p1":"QuoiseSSBM","p2":"Trainer-Yanwu","format":"[Gen 9] National Dex","log":"|j|\u2606QuoiseSSBM\n|j|\u2606Trainer-Yanwu\n|t:|1700237723\n|gametype|singles\n|player|p1|QuoiseSSBM|guitarist|1360\n|player|p2|Trainer-Yanwu|fisherman|1293\n|teamsize|p1|6\n|teamsize|p2|6\n|gen|9\n|tier|[Gen 9] National Dex\n|rated|\n|rule|HP Percentage Mod: HP is shown in percentages\n|rule|Endless Battle Clause: Forcing endless battles is banned\n|rule|OHKO Clause: OHKO moves are banned\n|rule|Evasion Clause: Evasion abilities, items, and moves are banned\n|rule|Evasion Abilities Clause: Evasion abilities are banned\n|rule|Evasion Items Clause: Evasion items are banned\n|rule|Evasion Moves Clause: Evasion moves are banned\n|rule|Species Clause: Limit one of each Pok\u00e9mon\n|rule|Sleep Clause Mod: Limit one foe put to sleep\n|clearpoke\n|poke|p1|Tapu Lele|\n|poke|p1|Sneasler, F|\n|poke|p1|Pelipper, F|\n|poke|p1|Swampert, F|\n|poke|p1|Ferrothorn, F|\n|poke|p1|Zapdos|\n|poke|p2|Pelipper, M|\n|poke|p2|Swampert, M|\n|poke|p2|Ludicolo, M|\n|poke|p2|Zapdos|\n|poke|p2|Ferrothorn, M|\n|poke|p2|Kingdra, M|\n|teampreview\n|\n|t:|1700237737\n|start\n|switch|p1a: Ferrothorn|Ferrothorn, F|100\/100\n|switch|p2a: Ferrothorn|Ferrothorn, M|100\/100\n|turn|1\n|\n|t:|1700237743\n|move|p2a: Ferrothorn|Body Press|p1a: Ferrothorn\n|-supereffective|p1a: Ferrothorn\n|-damage|p1a: Ferrothorn|56\/100\n|-damage|p2a: Ferrothorn|88\/100|[from] ability: Iron Barbs|[of] p1a: Ferrothorn\n|move|p1a: Ferrothorn|Stealth Rock|p2a: Ferrothorn\n|-sidestart|p2: Trainer-Yanwu|move: Stealth Rock\n|\n|-heal|p2a: Ferrothorn|94\/100|[from] item: Leftovers\n|-heal|p1a: Ferrothorn|62\/100|[from] item: Leftovers\n|upkeep\n|turn|2\n|\n|t:|1700237750\n|switch|p1a: Tapu Lele|Tapu Lele|100\/100\n|-fieldstart|move: Psychic Terrain|[from] ability: Psychic Surge|[of] p1a: Tapu Lele\n|move|p2a: Ferrothorn|Stealth Rock|p1a: Tapu Lele\n|-sidestart|p1: QuoiseSSBM|move: Stealth Rock\n|\n|-heal|p2a: Ferrothorn|100\/100|[from] item: Leftovers\n|upkeep\n|turn|3\n|\n|t:|1700237757\n|move|p1a: Tapu Lele|Focus Blast|p2a: Ferrothorn|[miss]\n|-miss|p1a: Tapu Lele|p2a: Ferrothorn\n|move|p2a: Ferrothorn|Gyro Ball|p1a: Tapu Lele\n|-supereffective|p1a: Tapu Lele\n|-damage|p1a: Tapu Lele|0 fnt\n|faint|p1a: Tapu Lele\n|\n|upkeep\n|\n|t:|1700237761\n|switch|p1a: Sneasler|Sneasler, F|100\/100\n|-damage|p1a: Sneasler|95\/100|[from] Stealth Rock\n|-enditem|p1a: Sneasler|Psychic Seed\n|-boost|p1a: Sneasler|spd|1|[from] item: Psychic Seed\n|turn|4\n|\n|t:|1700237774\n|move|p1a: Sneasler|Close Combat|p2a: Ferrothorn\n|-supereffective|p2a: Ferrothorn\n|-damage|p2a: Ferrothorn|25\/100\n|-unboost|p1a: Sneasler|def|1\n|-unboost|p1a: Sneasler|spd|1\n|-damage|p1a: Sneasler|82\/100|[from] ability: Iron Barbs|[of] p2a: Ferrothorn\n|move|p2a: Ferrothorn|Gyro Ball|p1a: Sneasler\n|-crit|p1a: Sneasler\n|-damage|p1a: Sneasler|0 fnt\n|faint|p1a: Sneasler\n|\n|-heal|p2a: Ferrothorn|32\/100|[from] item: Leftovers\n|upkeep\n|\n|t:|1700237783\n|switch|p1a: Pelipper|Pelipper, F|100\/100\n|-damage|p1a: Pelipper|76\/100|[from] Stealth Rock\n|-weather|RainDance|[from] ability: Drizzle|[of] p1a: Pelipper\n|turn|5\n|\n|t:|1700237790\n|move|p1a: Pelipper|Scald|p2a: Ferrothorn\n|-resisted|p2a: Ferrothorn\n|-damage|p2a: Ferrothorn|15\/100\n|-status|p2a: Ferrothorn|brn\n|move|p2a: Ferrothorn|Leech Seed|p1a: Pelipper\n|-start|p1a: Pelipper|move: Leech Seed\n|\n|-weather|RainDance|[upkeep]\n|-heal|p2a: Ferrothorn|21\/100 brn|[from] item: Leftovers\n|-damage|p1a: Pelipper|63\/100|[from] Leech Seed|[of] p2a: Ferrothorn\n|-heal|p2a: Ferrothorn|32\/100 brn|[silent]\n|-damage|p2a: Ferrothorn|26\/100 brn|[from] brn\n|upkeep\n|turn|6\n|\n|t:|1700237804\n|switch|p2a: Zapdos|Zapdos|100\/100\n|-damage|p2a: Zapdos|76\/100|[from] Stealth Rock\n|move|p1a: Pelipper|Defog|p2a: Zapdos\n|-unboost|p2a: Zapdos|evasion|1\n|-sideend|p2: Trainer-Yanwu|Stealth Rock|[from] move: Defog|[of] p1a: Pelipper\n|-sideend|p1: QuoiseSSBM|Stealth Rock|[from] move: Defog|[of] p1a: Pelipper\n|-fieldend|move: Psychic Terrain\n|\n|-weather|RainDance|[upkeep]\n|-damage|p1a: Pelipper|51\/100|[from] Leech Seed|[of] p2a: Zapdos\n|-heal|p2a: Zapdos|88\/100|[silent]\n|upkeep\n|turn|7\n|\n|t:|1700237814\n|switch|p1a: Swampert|Swampert, F|100\/100\n|move|p2a: Zapdos|Thunder|p1a: Swampert\n|-immune|p1a: Swampert\n|\n|-weather|RainDance|[upkeep]\n|upkeep\n|turn|8\n|\n|t:|1700237824\n|detailschange|p1a: Swampert|Swampert-Mega, F\n|-mega|p1a: Swampert|Swampert|Swampertite\n|move|p1a: Swampert|Ice Punch|p2a: Zapdos\n|-supereffective|p2a: Zapdos\n|-damage|p2a: Zapdos|20\/100\n|move|p2a: Zapdos|Weather Ball|p1a: Swampert\n|-damage|p1a: Swampert|51\/100\n|\n|-weather|RainDance|[upkeep]\n|upkeep\n|turn|9\n|\n|t:|1700237836\n|move|p1a: Swampert|Waterfall|p2a: Zapdos\n|-damage|p2a: Zapdos|0 fnt\n|faint|p2a: Zapdos\n|\n|-weather|RainDance|[upkeep]\n|upkeep\n|\n|t:|1700237839\n|switch|p2a: Ludicolo|Ludicolo, M|100\/100\n|turn|10\n|\n|t:|1700237846\n|move|p1a: Swampert|Flip Turn|p2a: Ludicolo\n|-resisted|p2a: Ludicolo\n|-damage|p2a: Ludicolo|82\/100\n|\n|t:|1700237851\n|switch|p1a: Zapdos|Zapdos|100\/100|[from] Flip Turn\n|move|p2a: Ludicolo|Giga Drain|p1a: Zapdos\n|-resisted|p1a: Zapdos\n|-damage|p1a: Zapdos|82\/100\n|-heal|p2a: Ludicolo|92\/100|[from] drain|[of] p1a: Zapdos\n|\n|-weather|RainDance|[upkeep]\n|upkeep\n|turn|11\n|\n|t:|1700237866\n|switch|p2a: Swampert|Swampert, M|100\/100\n|move|p1a: Zapdos|Hurricane|p2a: Swampert\n|-damage|p2a: Swampert|43\/100\n|-start|p2a: Swampert|confusion\n|\n|-weather|RainDance|[upkeep]\n|upkeep\n|turn|12\n|\n|t:|1700237880\n|switch|p1a: Ferrothorn|Ferrothorn, F|62\/100\n|detailschange|p2a: Swampert|Swampert-Mega, M\n|-mega|p2a: Swampert|Swampert|Swampertite\n|-activate|p2a: Swampert|confusion\n|-damage|p2a: Swampert|28\/100|[from] confusion\n|\n|-weather|none\n|-heal|p1a: Ferrothorn|69\/100|[from] item: Leftovers\n|upkeep\n|turn|13\n|\n|t:|1700237886\n|-activate|p2a: Swampert|confusion\n|move|p2a: Swampert|Low Kick|p1a: Ferrothorn\n|-supereffective|p1a: Ferrothorn\n|-damage|p1a: Ferrothorn|11\/100\n|-damage|p2a: Swampert|15\/100|[from] ability: Iron Barbs|[of] p1a: Ferrothorn\n|move|p1a: Ferrothorn|Power Whip|p2a: Swampert|[miss]\n|-miss|p1a: Ferrothorn|p2a: Swampert\n|\n|-heal|p1a: Ferrothorn|17\/100|[from] item: Leftovers\n|upkeep\n|turn|14\n|\n|t:|1700237895\n|-activate|p2a: Swampert|confusion\n|-damage|p2a: Swampert|0 fnt|[from] confusion\n|faint|p2a: Swampert\n|move|p1a: Ferrothorn|Power Whip|p2: Swampert|[notarget]\n|-fail|p1a: Ferrothorn\n|\n|-heal|p1a: Ferrothorn|23\/100|[from] item: Leftovers\n|upkeep\n|\n|t:|1700237908\n|switch|p2a: Ferrothorn|Ferrothorn, M|26\/100 brn\n|turn|15\n|\n|t:|1700237912\n|move|p2a: Ferrothorn|Body Press|p1a: Ferrothorn\n|-supereffective|p1a: Ferrothorn\n|-damage|p1a: Ferrothorn|2\/100\n|-damage|p2a: Ferrothorn|14\/100 brn|[from] ability: Iron Barbs|[of] p1a: Ferrothorn\n|move|p1a: Ferrothorn|Stealth Rock|p2a: Ferrothorn\n|-sidestart|p2: Trainer-Yanwu|move: Stealth Rock\n|\n|-heal|p1a: Ferrothorn|8\/100|[from] item: Leftovers\n|-heal|p2a: Ferrothorn|20\/100 brn|[from] item: Leftovers\n|-damage|p2a: Ferrothorn|14\/100 brn|[from] brn\n|upkeep\n|turn|16\n|\n|t:|1700237931\n|switch|p1a: Pelipper|Pelipper, F|51\/100\n|-weather|RainDance|[from] ability: Drizzle|[of] p1a: Pelipper\n|move|p2a: Ferrothorn|Body Press|p1a: Pelipper\n|-resisted|p1a: Pelipper\n|-damage|p1a: Pelipper|45\/100\n|\n|-weather|RainDance|[upkeep]\n|-heal|p2a: Ferrothorn|20\/100 brn|[from] item: Leftovers\n|-damage|p2a: Ferrothorn|14\/100 brn|[from] brn\n|upkeep\n|turn|17\n|\n|t:|1700237939\n|move|p1a: Pelipper|Scald|p2a: Ferrothorn\n|-resisted|p2a: Ferrothorn\n|-damage|p2a: Ferrothorn|0 fnt\n|faint|p2a: Ferrothorn\n|\n|-weather|RainDance|[upkeep]\n|upkeep\n|\n|t:|1700237945\n|switch|p2a: Kingdra|Kingdra, M|100\/100\n|-damage|p2a: Kingdra|88\/100|[from] Stealth Rock\n|turn|18\n|\n|t:|1700237954\n|move|p2a: Kingdra|Dragon Pulse|p1a: Pelipper\n|-damage|p1a: Pelipper|0 fnt\n|faint|p1a: Pelipper\n|\n|-weather|RainDance|[upkeep]\n|upkeep\n|\n|t:|1700237959\n|switch|p1a: Ferrothorn|Ferrothorn, F|8\/100\n|turn|19\n|\n|t:|1700237968\n|move|p2a: Kingdra|Dragon Pulse|p1a: Ferrothorn\n|-resisted|p1a: Ferrothorn\n|-damage|p1a: Ferrothorn|0 fnt\n|faint|p1a: Ferrothorn\n|\n|-weather|RainDance|[upkeep]\n|upkeep\n|\n|t:|1700237971\n|switch|p1a: Zapdos|Zapdos|82\/100\n|turn|20\n|\n|t:|1700237978\n|-terastallize|p2a: Kingdra|Dragon\n|move|p2a: Kingdra|Dragon Pulse|p1a: Zapdos\n|-damage|p1a: Zapdos|0 fnt\n|faint|p1a: Zapdos\n|\n|-weather|RainDance|[upkeep]\n|upkeep\n|\n|t:|1700237982\n|switch|p1a: Swampert|Swampert-Mega, F|51\/100\n|turn|21\n|\n|t:|1700237984\n|move|p2a: Kingdra|Dragon Pulse|p1a: Swampert\n|-damage|p1a: Swampert|0 fnt\n|faint|p1a: Swampert\n|\n|win|Trainer-Yanwu\n|raw|QuoiseSSBM's rating: 1360 &rarr; <strong>1336<\/strong><br \/>(-24 for losing)\n|raw|Trainer-Yanwu's rating: 1293 &rarr; <strong>1323<\/strong><br \/>(+30 for winning)\n|l|\u2606QuoiseSSBM\n","uploadtime":1700238006,"views":9,"p1id":"quoisessbm","p2id":"traineryanwu","formatid":"gen9nationaldex","rating":1323,"private":0,"password":""}