{"id":"gen9nationaldex-1989249773","p1":"Fabrizio8","p2":"WSoldat","format":"[Gen 9] National Dex","log":"|j|\u2606Fabrizio8\n|j|\u2606WSoldat\n|t:|1699827964\n|gametype|singles\n|player|p1|Fabrizio8|roxie|\n|player|p2|WSoldat|n|\n|teamsize|p1|6\n|teamsize|p2|6\n|gen|9\n|tier|[Gen 9] National Dex\n|rule|HP Percentage Mod: HP is shown in percentages\n|rule|Endless Battle Clause: Forcing endless battles is banned\n|rule|OHKO Clause: OHKO moves are banned\n|rule|Evasion Clause: Evasion abilities, items, and moves are banned\n|rule|Evasion Abilities Clause: Evasion abilities are banned\n|rule|Evasion Items Clause: Evasion items are banned\n|rule|Evasion Moves Clause: Evasion moves are banned\n|rule|Species Clause: Limit one of each Pok\u00e9mon\n|rule|Sleep Clause Mod: Limit one foe put to sleep\n|clearpoke\n|poke|p1|Glimmora, F|\n|poke|p1|Okidogi, M|\n|poke|p1|Hydreigon, F|\n|poke|p1|Toxtricity, M|\n|poke|p1|Beedrill, F|\n|poke|p1|Slowbro-Galar, M|\n|poke|p2|Corviknight, M|\n|poke|p2|Clodsire, M|\n|poke|p2|Goodra-Hisui, M|\n|poke|p2|Xurkitree|\n|poke|p2|Zapdos-Galar|\n|poke|p2|Scizor, F|\n|teampreview\n|inactive|Battle timer is ON: inactive players will automatically lose when time's up. (requested by WSoldat)\n|c|\u2606Fabrizio8|se viene violacion\n|inactiveoff|Battle timer is now OFF.\n|c|\u2606Fabrizio8|mmm rico\n|j| Sylveon(404)\n|c| Sylveon(404)|ola flaco\n|c|\u2606Fabrizio8|veamos, es un equipo acero, muy counter de tu parte pero sigamos\n|\n|t:|1699828015\n|start\n|switch|p1a: cummora|Glimmora, F, shiny|100\/100\n|switch|p2a: Ricardo|Clodsire, M|100\/100\n|turn|1\n|c| Sylveon(404)|paso\n|c| Sylveon(404)|el link?\n|c|\u2606WSoldat|El equipo cambio bastante desde la ultima vez que lo vi\n|c|\u2606Fabrizio8|sip\n|c|\u2606WSoldat|Me gusta\n|j| lolowtf09\n|c| lolowtf09|uwu\n|\n|t:|1699828053\n|move|p1a: cummora|Toxic|p2a: Ricardo\n|-status|p2a: Ricardo|tox\n|move|p2a: Ricardo|Stealth Rock|p1a: cummora\n|-sidestart|p1: Fabrizio8|move: Stealth Rock\n|\n|-damage|p2a: Ricardo|94\/100 tox|[from] psn\n|upkeep\n|turn|2\n|j| matu 1402\n|c|\u2606Fabrizio8|no se, me gusta jugar este team\n|c|\u2606WSoldat|Lo sabia\n|\n|t:|1699828077\n|switch|p1a: tsohg olra|Hydreigon, F|100\/100\n|-damage|p1a: tsohg olra|88\/100|[from] Stealth Rock\n|move|p2a: Ricardo|Earthquake|p1a: tsohg olra\n|-immune|p1a: tsohg olra|[from] ability: Levitate\n|\n|-heal|p2a: Ricardo|100\/100 tox|[from] item: Leftovers\n|-damage|p2a: Ricardo|88\/100 tox|[from] psn\n|upkeep\n|turn|3\n|c|\u2606WSoldat|Tiene corrosion\n|\n|t:|1699828092\n|move|p1a: tsohg olra|Nasty Plot|p1a: tsohg olra\n|-boost|p1a: tsohg olra|spa|2\n|move|p2a: Ricardo|Toxic|p1a: tsohg olra\n|-status|p1a: tsohg olra|tox\n|\n|-heal|p2a: Ricardo|94\/100 tox|[from] item: Leftovers\n|-damage|p1a: tsohg olra|82\/100 tox|[from] psn\n|-damage|p2a: Ricardo|75\/100 tox|[from] psn\n|upkeep\n|turn|4\n|c| matu 1402|Es amistoso?\n|\n|t:|1699828117\n|move|p1a: tsohg olra|Draco Meteor|p2a: Ricardo\n|-damage|p2a: Ricardo|39\/100 tox\n|-unboost|p1a: tsohg olra|spa|2\n|move|p2a: Ricardo|Earthquake|p1a: tsohg olra\n|-immune|p1a: tsohg olra|[from] ability: Levitate\n|\n|-heal|p2a: Ricardo|45\/100 tox|[from] item: Leftovers\n|-damage|p1a: tsohg olra|70\/100 tox|[from] psn\n|-damage|p2a: Ricardo|20\/100 tox|[from] psn\n|upkeep\n|turn|5\n|c|\u2606WSoldat|Nop\n|c|\u2606Fabrizio8|que\n|c| matu 1402|Ricardo hdp\n|\n|t:|1699828136\n|move|p1a: tsohg olra|Nasty Plot|p1a: tsohg olra\n|-boost|p1a: tsohg olra|spa|2\n|move|p2a: Ricardo|Earthquake|p1a: tsohg olra\n|-immune|p1a: tsohg olra|[from] ability: Levitate\n|\n|-heal|p2a: Ricardo|26\/100 tox|[from] item: Leftovers\n|-damage|p1a: tsohg olra|51\/100 tox|[from] psn\n|-damage|p2a: Ricardo|0 fnt|[from] psn\n|faint|p2a: Ricardo\n|upkeep\n|c| matu 1402|Uff ricardo seguro que si en la primera fallo en la segunda le afecta\n|\n|t:|1699828172\n|switch|p2a: Elver Galarga|Zapdos-Galar|100\/100\n|turn|6\n|\n|t:|1699828193\n|switch|p1a: Slowbro|Slowbro-Galar, M|100\/100\n|-damage|p1a: Slowbro|88\/100|[from] Stealth Rock\n|move|p2a: Elver Galarga|Thunderous Kick|p1a: Slowbro\n|-resisted|p1a: Slowbro\n|-damage|p1a: Slowbro|77\/100\n|-unboost|p1a: Slowbro|def|1\n|\n|-heal|p1a: Slowbro|83\/100|[from] item: Black Sludge\n|upkeep\n|turn|7\n|-activate|p1a: Slowbro|ability: Quick Draw\n|\n|t:|1699828214\n|switch|p2a: Corvos|Corviknight, M|100\/100\n|-ability|p2a: Corvos|Pressure\n|move|p1a: Slowbro|Psychic|p2a: Corvos\n|-resisted|p2a: Corvos\n|-damage|p2a: Corvos|80\/100\n|\n|-heal|p1a: Slowbro|89\/100|[from] item: Black Sludge\n|upkeep\n|turn|8\n|\n|t:|1699828235\n|switch|p2a: Babo SA .Inc|Goodra-Hisui, M|100\/100\n|move|p1a: Slowbro|Psychic|p2a: Babo SA .Inc\n|-resisted|p2a: Babo SA .Inc\n|-damage|p2a: Babo SA .Inc|94\/100\n|\n|-heal|p1a: Slowbro|95\/100|[from] item: Black Sludge\n|upkeep\n|turn|9\n|c| matu 1402|Zzz\n|c| lolowtf09|y el femboy?\n|c| matu 1402|Si no es amistoso entoces es de liga?\n|c|\u2606WSoldat|Si po\n|\n|t:|1699828282\n|switch|p1a: tsohg olra|Hydreigon, F|51\/100 tox\n|-damage|p1a: tsohg olra|39\/100 tox|[from] Stealth Rock\n|move|p2a: Babo SA .Inc|Knock Off|p1a: tsohg olra\n|-resisted|p1a: tsohg olra\n|-crit|p1a: tsohg olra\n|-damage|p1a: tsohg olra|21\/100 tox\n|-enditem|p1a: tsohg olra|Expert Belt|[from] move: Knock Off|[of] p2a: Babo SA .Inc\n|\n|-damage|p1a: tsohg olra|15\/100 tox|[from] psn\n|upkeep\n|turn|10\n|c| Sylveon(404)|si mama huevo\n|c| Sylveon(404)|QUE\n|c| matu 1402|Ao\n|c| Sylveon(404)|CINTA EXPERTO\n|c| matu 1402|So\n|\n|t:|1699828300\n|move|p1a: tsohg olra|Flamethrower|p2a: Babo SA .Inc\n|-damage|p2a: Babo SA .Inc|83\/100\n|move|p2a: Babo SA .Inc|Knock Off|p1a: tsohg olra\n|-resisted|p1a: tsohg olra\n|-damage|p1a: tsohg olra|7\/100 tox\n|\n|-damage|p1a: tsohg olra|0 fnt|[from] psn\n|faint|p1a: tsohg olra\n|upkeep\n|c| Sylveon(404)|UN ESPECIAL\n|c| matu 1402|Si\n|c| matu 1402|Si\n|c|\u2606Fabrizio8|verga\n|\n|t:|1699828312\n|switch|p1a: cummora|Glimmora, F, shiny|100\/100\n|-damage|p1a: cummora|88\/100|[from] Stealth Rock\n|turn|11\n|c| matu 1402|Cinta experto potencia los mv supee efectivos\n|c| Sylveon(404)|no\n|c| matu 1402|Si\n|\n|t:|1699828330\n|move|p1a: cummora|Toxic|p2a: Babo SA .Inc\n|-status|p2a: Babo SA .Inc|tox\n|move|p2a: Babo SA .Inc|Flash Cannon|p1a: cummora\n|-supereffective|p1a: cummora\n|-damage|p1a: cummora|33\/100\n|\n|-damage|p2a: Babo SA .Inc|77\/100 tox|[from] psn\n|upkeep\n|turn|12\n|c| Sylveon(404)|aumenta la potencia de ataques\n|c| matu 1402|Eso\n|\n|t:|1699828340\n|move|p1a: cummora|Power Gem|p2a: Babo SA .Inc\n|-resisted|p2a: Babo SA .Inc\n|-damage|p2a: Babo SA .Inc|71\/100 tox\n|move|p2a: Babo SA .Inc|Flash Cannon|p1a: cummora\n|-supereffective|p1a: cummora\n|-damage|p1a: cummora|0 fnt\n|faint|p1a: cummora\n|\n|-damage|p2a: Babo SA .Inc|58\/100 tox|[from] psn\n|upkeep\n|c| Sylveon(404)|en 1.3 creo\n|c| matu 1402|Tiene sentido entonces\n|\n|t:|1699828352\n|switch|p1a: toxico|Toxtricity, M|100\/100\n|-damage|p1a: toxico|88\/100|[from] Stealth Rock\n|turn|13\n|c| lolowtf09|no tiene tierra viva?\n|c| matu 1402|Por qu\u00e9 te es raro?\n|c| Sylveon(404)|por q\n|c| Sylveon(404)|se usa\n|\n|t:|1699828367\n|move|p1a: toxico|Shift Gear|p1a: toxico\n|-boost|p1a: toxico|spe|2\n|-boost|p1a: toxico|atk|1\n|move|p2a: Babo SA .Inc|Knock Off|p1a: toxico\n|-damage|p1a: toxico|53\/100\n|-enditem|p1a: toxico|Throat Spray|[from] move: Knock Off|[of] p2a: Babo SA .Inc\n|\n|-damage|p2a: Babo SA .Inc|40\/100 tox|[from] psn\n|upkeep\n|turn|14\n|c| matu 1402|Usa un fisico fabri\n|c| Sylveon(404)|live or\n|c| Sylveon(404)|o scarf\n|\n|t:|1699828385\n|move|p1a: toxico|Boomburst|p2a: Babo SA .Inc\n|-resisted|p2a: Babo SA .Inc\n|-crit|p2a: Babo SA .Inc\n|-damage|p2a: Babo SA .Inc|26\/100 tox\n|move|p2a: Babo SA .Inc|Draco Meteor|p1a: toxico\n|-damage|p1a: toxico|0 fnt\n|-unboost|p2a: Babo SA .Inc|spa|2\n|faint|p1a: toxico\n|\n|-damage|p2a: Babo SA .Inc|2\/100 tox|[from] psn\n|upkeep\n|c|\u2606Fabrizio8|bueno\n|c|\u2606Fabrizio8|jeje\n|\n|t:|1699828400\n|switch|p1a: todo bien|Okidogi, M|100\/100\n|-damage|p1a: todo bien|95\/100|[from] Stealth Rock\n|turn|15\n|\n|t:|1699828408\n|move|p1a: todo bien|Drain Punch|p2a: Babo SA .Inc\n|-supereffective|p2a: Babo SA .Inc\n|-damage|p2a: Babo SA .Inc|0 fnt\n|-heal|p1a: todo bien|95\/100|[from] drain|[of] p2a: Babo SA .Inc\n|faint|p2a: Babo SA .Inc\n|\n|upkeep\n|c| matu 1402|Tiene un beedrill con ataque de tierra y no lo usa\n|\n|t:|1699828419\n|switch|p2a: Tamo'Elecricos|Xurkitree|100\/100\n|turn|16\n|c| matu 1402|Y uno de lucha\n|c| Sylveon(404)|q mama huevp\n|\n|t:|1699828431\n|-zpower|p2a: Tamo'Elecricos\n|move|p2a: Tamo'Elecricos|Z-Hypnosis|p1a: todo bien|[anim]Hypnosis|[miss]\n|-boost|p2a: Tamo'Elecricos|spe|1|[zeffect]\n|-miss|p2a: Tamo'Elecricos|p1a: todo bien\n|move|p1a: todo bien|Gunk Shot|p2a: Tamo'Elecricos\n|-damage|p2a: Tamo'Elecricos|13\/100\n|-status|p2a: Tamo'Elecricos|psn\n|\n|-damage|p2a: Tamo'Elecricos|0 fnt|[from] psn\n|faint|p2a: Tamo'Elecricos\n|upkeep\n|c|\u2606Fabrizio8|khe\n|\n|t:|1699828451\n|switch|p2a: Ernesto Tijeras|Scizor, F|100\/100\n|turn|17\n|\n|t:|1699828458\n|detailschange|p2a: Ernesto Tijeras|Scizor-Mega, F\n|-mega|p2a: Ernesto Tijeras|Scizor|Scizorite\n|move|p2a: Ernesto Tijeras|Swords Dance|p2a: Ernesto Tijeras\n|-boost|p2a: Ernesto Tijeras|atk|2\n|move|p1a: todo bien|Knock Off|p2a: Ernesto Tijeras\n|-crit|p2a: Ernesto Tijeras\n|-damage|p2a: Ernesto Tijeras|75\/100\n|\n|upkeep\n|turn|18\n|c| matu 1402|Nl se porque pense que era siniestro xd\n|\n|t:|1699828468\n|move|p2a: Ernesto Tijeras|Swords Dance|p2a: Ernesto Tijeras\n|-boost|p2a: Ernesto Tijeras|atk|2\n|move|p1a: todo bien|Drain Punch|p2a: Ernesto Tijeras\n|-damage|p2a: Ernesto Tijeras|47\/100\n|-heal|p1a: todo bien|100\/100|[from] drain|[of] p2a: Ernesto Tijeras\n|\n|upkeep\n|turn|19\n|c| lolowtf09|ganale der\n|\n|t:|1699828478\n|move|p2a: Ernesto Tijeras|Bullet Punch|p1a: todo bien\n|-damage|p1a: todo bien|24\/100\n|move|p1a: todo bien|Drain Punch|p2a: Ernesto Tijeras\n|-damage|p2a: Ernesto Tijeras|19\/100\n|-heal|p1a: todo bien|40\/100|[from] drain|[of] p2a: Ernesto Tijeras\n|\n|upkeep\n|turn|20\n|\n|t:|1699828487\n|move|p2a: Ernesto Tijeras|Bullet Punch|p1a: todo bien\n|-damage|p1a: todo bien|0 fnt\n|faint|p1a: todo bien\n|\n|upkeep\n|c| matu 1402|Tu puedes Fabri\n|\n|t:|1699828501\n|switch|p1a: Slowbro|Slowbro-Galar, M|95\/100\n|-damage|p1a: Slowbro|83\/100|[from] Stealth Rock\n|turn|21\n|c| matu 1402|Slowbro y barres\n|\n|t:|1699828507\n|move|p2a: Ernesto Tijeras|Bullet Punch|p1a: Slowbro\n|-damage|p1a: Slowbro|0 fnt\n|faint|p1a: Slowbro\n|\n|upkeep\n|\n|t:|1699828512\n|switch|p1a: Beedrill|Beedrill, F|100\/100\n|-damage|p1a: Beedrill|75\/100|[from] Stealth Rock\n|turn|22\n|c| matu 1402|Noo\n|c|\u2606WSoldat|Gg\n|c| matu 1402|Se cancela\n|\n|t:|1699828518\n|detailschange|p1a: Beedrill|Beedrill-Mega, F\n|-mega|p1a: Beedrill|Beedrill|Beedrillite\n|move|p2a: Ernesto Tijeras|Bullet Punch|p1a: Beedrill\n|-damage|p1a: Beedrill|0 fnt\n|faint|p1a: Beedrill\n|\n|win|WSoldat\n|c| matu 1402|F\n|c| lolowtf09|esooooooo\n|l| Sylveon(404)\n|c|\u2606Fabrizio8|bueno gg\n|c|\u2606WSoldat|No debiste aver dejado que me bosste\n|c| matu 1402|No vi qie estaba a +4 xd\n|l|\u2606Fabrizio8\n|c| lolowtf09|ya mandame\n|c| matu 1402|Gg\n|l| matu 1402\n","uploadtime":1699828541,"views":18,"p1id":"fabrizio8","p2id":"wsoldat","formatid":"gen9nationaldex","rating":0,"private":0,"password":""}