{"id":"gen9nationaldex-1996964049","p1":"Gen 4 da best","p2":"TunraKing","format":"[Gen 9] National Dex","log":"|html|<div class=\"broadcast-blue\"><strong>[Gen 9] National Dex is currently suspecting Sneasler! For information on how to participate check out the <a href=\"https:\/\/www.smogon.com\/forums\/threads\/sv-national-dex-suspect-8-just-dance.3731534\/\">suspect thread<\/a>.<\/strong><\/div>\n|j|\u2606Gen 4 da best\n|j|\u2606TunraKing\n|t:|1700750294\n|gametype|singles\n|player|p1|Gen 4 da best|cynthia-gen7|\n|player|p2|TunraKing|veteran|\n|teamsize|p1|6\n|teamsize|p2|6\n|gen|9\n|tier|[Gen 9] National Dex\n|rule|HP Percentage Mod: HP is shown in percentages\n|rule|Endless Battle Clause: Forcing endless battles is banned\n|rule|OHKO Clause: OHKO moves are banned\n|rule|Evasion Clause: Evasion abilities, items, and moves are banned\n|rule|Evasion Abilities Clause: Evasion abilities are banned\n|rule|Evasion Items Clause: Evasion items are banned\n|rule|Evasion Moves Clause: Evasion moves are banned\n|rule|Species Clause: Limit one of each Pok\u00e9mon\n|rule|Sleep Clause Mod: Limit one foe put to sleep\n|clearpoke\n|poke|p1|Gardevoir, F|\n|poke|p1|Banette, F|\n|poke|p1|Lopunny, F|\n|poke|p1|Vaporeon, F|\n|poke|p1|Zoroark-Hisui, F|\n|poke|p1|Milotic, F|\n|poke|p2|Kommo-o, M|\n|poke|p2|Clefable, F|\n|poke|p2|Corviknight, M|\n|poke|p2|Mimikyu, F|\n|poke|p2|Ferrothorn, M|\n|poke|p2|Togekiss, F|\n|teampreview\n|c|\u2606Gen 4 da best|Massive balls\n|c|\u2606Gen 4 da best|That\u2019s not the same team\n|c|\u2606Gen 4 da best|you lied to me\n|c|\u2606TunraKing|Get ready to get destroyed!\n|c|\u2606TunraKing|Kommo-o go!\n|\n|t:|1700750331\n|start\n|switch|p1a: UOAAAAGH|Lopunny, F|100\/100\n|switch|p2a: Froggory Swashbuck|Kommo-o, M|100\/100\n|turn|1\n|c|\u2606Gen 4 da best|Oh\n|\n|t:|1700750347\n|move|p1a: UOAAAAGH|U-turn|p2a: Froggory Swashbuck\n|-resisted|p2a: Froggory Swashbuck\n|-damage|p2a: Froggory Swashbuck|92\/100\n|\n|t:|1700750350\n|switch|p1a: Breedable|Vaporeon, F, shiny|100\/100|[from] U-turn\n|move|p2a: Froggory Swashbuck|Poison Jab|p1a: Breedable\n|-damage|p1a: Breedable|74\/100\n|-status|p1a: Breedable|psn\n|-damage|p2a: Froggory Swashbuck|82\/100|[from] item: Life Orb\n|\n|-heal|p1a: Breedable|80\/100 psn|[from] item: Leftovers\n|-damage|p1a: Breedable|68\/100 psn|[from] psn\n|upkeep\n|turn|2\n|\n|t:|1700750379\n|switch|p2a: FAT FLYING FUCK|Togekiss, F, shiny|100\/100\n|move|p1a: Breedable|Yawn|p2a: FAT FLYING FUCK\n|-start|p2a: FAT FLYING FUCK|move: Yawn|[of] p1a: Breedable\n|\n|-heal|p1a: Breedable|74\/100 psn|[from] item: Leftovers\n|-damage|p1a: Breedable|61\/100 psn|[from] psn\n|upkeep\n|turn|3\n|\n|t:|1700750394\n|move|p2a: FAT FLYING FUCK|Thunder Wave||[still]\n|-fail|p2a: FAT FLYING FUCK\n|move|p1a: Breedable|Heal Bell|p1a: Breedable\n|-activate|p1a: Breedable|move: Heal Bell\n|-curestatus|p1a: Breedable|psn|[msg]\n|\n|-heal|p1a: Breedable|67\/100|[from] item: Leftovers\n|-end|p2a: FAT FLYING FUCK|move: Yawn|[silent]\n|-status|p2a: FAT FLYING FUCK|slp\n|upkeep\n|turn|4\n|c|\u2606Gen 4 da best|Massive mind size\n|\n|t:|1700750407\n|switch|p2a: GRASSPERSON|Ferrothorn, M|100\/100\n|move|p1a: Breedable|Wish|p1a: Breedable\n|\n|-heal|p1a: Breedable|74\/100|[from] item: Leftovers\n|upkeep\n|turn|5\n|\n|t:|1700750416\n|move|p2a: GRASSPERSON|Leech Seed|p1a: Breedable\n|-start|p1a: Breedable|move: Leech Seed\n|move|p1a: Breedable|Roar|p2a: GRASSPERSON\n|drag|p2a: I hate this mon|Mimikyu, F, shiny|100\/100\n|\n|-heal|p1a: Breedable|100\/100|[from] move: Wish|[wisher] Breedable\n|-damage|p1a: Breedable|88\/100|[from] Leech Seed|[of] p2a: I hate this mon\n|upkeep\n|turn|6\n|c|\u2606Gen 4 da best|Get outta here mf\n|c|\u2606TunraKing|ty\n|c|\u2606Gen 4 da best|Nooo not this bitch\n|c|\u2606Gen 4 da best|Mimikyu now means \u2018homosexual\u2019\n|\n|t:|1700750466\n|switch|p1a: UOAAAAGH|Lopunny, F|100\/100\n|move|p2a: I hate this mon|Shadow Claw|p1a: UOAAAAGH\n|-immune|p1a: UOAAAAGH\n|\n|upkeep\n|turn|7\n|\n|t:|1700750478\n|switch|p2a: Clairington Gnirle|Clefable, F|100\/100\n|move|p1a: UOAAAAGH|U-turn|p2a: Clairington Gnirle\n|-resisted|p2a: Clairington Gnirle\n|-damage|p2a: Clairington Gnirle|94\/100\n|\n|t:|1700750488\n|switch|p1a: The Fingerer|Banette, F|100\/100|[from] U-turn\n|\n|-heal|p2a: Clairington Gnirle|99\/100|[from] item: Leftovers\n|upkeep\n|turn|8\n|c|\u2606Gen 4 da best|After this ima play HG with lil bro\n|inactive|Battle timer is ON: inactive players will automatically lose when time's up. (requested by Gen 4 da best)\n|\n|t:|1700750519\n|detailschange|p1a: The Fingerer|Banette-Mega, F\n|-mega|p1a: The Fingerer|Banette|Banettite\n|move|p1a: The Fingerer|Swords Dance|p1a: The Fingerer\n|-boost|p1a: The Fingerer|atk|2\n|move|p2a: Clairington Gnirle|Moonblast|p1a: The Fingerer\n|-damage|p1a: The Fingerer|60\/100\n|\n|-heal|p2a: Clairington Gnirle|100\/100|[from] item: Leftovers\n|upkeep\n|turn|9\n|c|\u2606Gen 4 da best|Hurry\n|\n|t:|1700750531\n|move|p1a: The Fingerer|Poltergeist|p2a: Clairington Gnirle\n|-activate|p2a: Clairington Gnirle|move: Poltergeist|Leftovers\n|-damage|p2a: Clairington Gnirle|0 fnt\n|faint|p2a: Clairington Gnirle\n|\n|upkeep\n|c|\u2606TunraKing|why it so strong\n|\n|t:|1700750544\n|switch|p2a: FAT FLYING FUCK|Togekiss, F, shiny|100\/100 slp\n|turn|10\n|c|\u2606Gen 4 da best|Because fingering\n|\n|t:|1700750547\n|cant|p2a: FAT FLYING FUCK|slp\n|move|p1a: The Fingerer|Poltergeist|p2a: FAT FLYING FUCK\n|-activate|p2a: FAT FLYING FUCK|move: Poltergeist|Choice Scarf\n|-damage|p2a: FAT FLYING FUCK|0 fnt\n|faint|p2a: FAT FLYING FUCK\n|\n|upkeep\n|\n|t:|1700750555\n|switch|p2a: GRASSPERSON|Ferrothorn, M|100\/100\n|turn|11\n|c|\u2606TunraKing|just explain asshat\n|\n|t:|1700750570\n|move|p2a: GRASSPERSON|Protect|p2a: GRASSPERSON\n|-singleturn|p2a: GRASSPERSON|Protect\n|move|p1a: The Fingerer|Poltergeist|p2a: GRASSPERSON\n|-activate|p2a: GRASSPERSON|move: Protect\n|\n|upkeep\n|turn|12\n|c|\u2606Gen 4 da best|It base 110\n|\n|t:|1700750577\n|move|p2a: GRASSPERSON|Protect||[still]\n|-fail|p2a: GRASSPERSON\n|move|p1a: The Fingerer|Poltergeist|p2a: GRASSPERSON\n|-activate|p2a: GRASSPERSON|move: Poltergeist|Leftovers\n|-damage|p2a: GRASSPERSON|13\/100\n|\n|-heal|p2a: GRASSPERSON|20\/100|[from] item: Leftovers\n|upkeep\n|turn|13\n|c|\u2606Gen 4 da best|STAB ghost too\n|\n|t:|1700750587\n|move|p2a: GRASSPERSON|Protect|p2a: GRASSPERSON\n|-singleturn|p2a: GRASSPERSON|Protect\n|move|p1a: The Fingerer|Poltergeist|p2a: GRASSPERSON\n|-activate|p2a: GRASSPERSON|move: Protect\n|\n|-heal|p2a: GRASSPERSON|26\/100|[from] item: Leftovers\n|upkeep\n|turn|14\n|c|\u2606Gen 4 da best|Stop stalling cunt\n|\n|t:|1700750597\n|move|p2a: GRASSPERSON|Protect||[still]\n|-fail|p2a: GRASSPERSON\n|move|p1a: The Fingerer|Poltergeist|p2a: GRASSPERSON\n|-activate|p2a: GRASSPERSON|move: Poltergeist|Leftovers\n|-damage|p2a: GRASSPERSON|0 fnt\n|faint|p2a: GRASSPERSON\n|\n|upkeep\n|c|\u2606Gen 4 da best|I gotta play HG with lil bro man hurry\n|inactive|TunraKing has 270 seconds left.\n|c|\u2606Gen 4 da best|Mimikyu just sitting there having its Disguise on\n|c|\u2606Gen 4 da best|mf\n|c|\u2606TunraKing|knock knock\n|c|\u2606Gen 4 da best|Don\u2019t\n|\n|t:|1700750642\n|switch|p2a: I hate this mon|Mimikyu, F, shiny|100\/100\n|turn|15\n|c|\u2606Gen 4 da best|just hurry\n|\n|t:|1700750646\n|move|p2a: I hate this mon|Shadow Sneak|p1a: The Fingerer\n|-supereffective|p1a: The Fingerer\n|-damage|p1a: The Fingerer|4\/100\n|-damage|p2a: I hate this mon|91\/100|[from] item: Life Orb\n|move|p1a: The Fingerer|Destiny Bond|p1a: The Fingerer\n|-singlemove|p1a: The Fingerer|Destiny Bond\n|\n|upkeep\n|turn|16\n|c|\u2606Gen 4 da best|Come at me\n|inactive|TunraKing has 270 seconds left.\n|\n|t:|1700750656\n|switch|p2a: Froggory Swashbuck|Kommo-o, M|82\/100\n|move|p1a: The Fingerer|Destiny Bond||[still]\n|-fail|p1a: The Fingerer\n|\n|upkeep\n|turn|17\n|\n|t:|1700750663\n|move|p2a: Froggory Swashbuck|Poison Jab|p1a: The Fingerer\n|-resisted|p1a: The Fingerer\n|-damage|p1a: The Fingerer|0 fnt\n|faint|p1a: The Fingerer\n|-damage|p2a: Froggory Swashbuck|72\/100|[from] item: Life Orb\n|\n|upkeep\n|\n|t:|1700750667\n|switch|p1a: UOAAAAGH|Lopunny, F|100\/100\n|turn|18\n|\n|t:|1700750675\n|move|p1a: UOAAAAGH|Nasty Plot|p1a: UOAAAAGH\n|-boost|p1a: UOAAAAGH|spa|2\n|move|p2a: Froggory Swashbuck|Poison Jab|p1a: UOAAAAGH\n|-resisted|p1a: UOAAAAGH\n|-damage|p1a: UOAAAAGH|64\/100\n|replace|p1a: Furry :0|Zoroark-Hisui, F\n|-end|p1a: Furry :0|Illusion\n|-damage|p2a: Froggory Swashbuck|62\/100|[from] item: Life Orb\n|\n|upkeep\n|turn|19\n|n|\u203dTunraKing|tunraking\n|c|\u2606Gen 4 da best|H U R R Y B R U H\n|inactive|TunraKing has 270 seconds left.\n|\n|t:|1700750711\n|move|p1a: Furry :0|Hyper Voice|p2a: Froggory Swashbuck\n|-damage|p2a: Froggory Swashbuck|0 fnt\n|faint|p2a: Froggory Swashbuck\n|-enditem|p1a: Furry :0|Throat Spray\n|-boost|p1a: Furry :0|spa|1|[from] item: Throat Spray\n|\n|upkeep\n|\n|t:|1700750718\n|switch|p2a: I hate this mon|Mimikyu, F, shiny|91\/100\n|turn|20\n|\n|t:|1700750722\n|move|p2a: I hate this mon|Shadow Sneak|p1a: Furry :0\n|-immune|p1a: Furry :0\n|move|p1a: Furry :0|Flamethrower|p2a: I hate this mon\n|-activate|p2a: I hate this mon|ability: Disguise\n|-damage|p2a: I hate this mon|91\/100\n|detailschange|p2a: I hate this mon|Mimikyu-Busted, F, shiny\n|-damage|p2a: I hate this mon|78\/100|[from] pokemon: Mimikyu-Busted\n|\n|upkeep\n|turn|21\n|c|\u2606Gen 4 da best|Nuh uh\n|inactive|TunraKing has 270 seconds left.\n|\n|t:|1700750733\n|move|p1a: Furry :0|Shadow Ball|p2a: I hate this mon\n|-supereffective|p2a: I hate this mon\n|-damage|p2a: I hate this mon|0 fnt\n|faint|p2a: I hate this mon\n|\n|upkeep\n|c|\u2606Gen 4 da best|Normal type\n|inactive|TunraKing has 270 seconds left.\n|\n|t:|1700750738\n|switch|p2a: Caliburn II|Corviknight, M, shiny|100\/100\n|turn|22\n|c|\u2606Gen 4 da best|immune to spooky\n|inactive|TunraKing has 270 seconds left.\n|\n|t:|1700750750\n|move|p1a: Furry :0|Flamethrower|p2a: Caliburn II\n|-supereffective|p2a: Caliburn II\n|-damage|p2a: Caliburn II|1\/100\n|move|p2a: Caliburn II|Iron Defense|p2a: Caliburn II\n|-boost|p2a: Caliburn II|def|2\n|\n|-heal|p2a: Caliburn II|8\/100|[from] item: Leftovers\n|upkeep\n|turn|23\n|inactive|TunraKing has 270 seconds left.\n|\n|t:|1700750761\n|-terastallize|p2a: Caliburn II|Ground\n|move|p1a: Furry :0|Shadow Ball|p2a: Caliburn II\n|-damage|p2a: Caliburn II|0 fnt\n|faint|p2a: Caliburn II\n|\n|win|Gen 4 da best\n","uploadtime":1700750697,"views":8,"p1id":"gen4dabest","p2id":"tunraking","formatid":"gen9nationaldex","rating":0,"private":0,"password":""}