{"id":"gen9nationaldex-1991003140","p1":"angzilovefansher","p2":"Simon C4","format":"[Gen 9] National Dex","log":"|j|\u2606angzilovefansher\n|j|\u2606Simon C4\n|t:|1700026247\n|gametype|singles\n|player|p1|angzilovefansher|norman|1426\n|player|p2|Simon C4|265|1444\n|teamsize|p1|6\n|teamsize|p2|6\n|gen|9\n|tier|[Gen 9] National Dex\n|rated|\n|rule|HP Percentage Mod: HP is shown in percentages\n|rule|Endless Battle Clause: Forcing endless battles is banned\n|rule|OHKO Clause: OHKO moves are banned\n|rule|Evasion Clause: Evasion abilities, items, and moves are banned\n|rule|Evasion Abilities Clause: Evasion abilities are banned\n|rule|Evasion Items Clause: Evasion items are banned\n|rule|Evasion Moves Clause: Evasion moves are banned\n|rule|Species Clause: Limit one of each Pok\u00e9mon\n|rule|Sleep Clause Mod: Limit one foe put to sleep\n|clearpoke\n|poke|p1|Ursaluna, F|\n|poke|p1|Porygon2|\n|poke|p1|Exploud, F|\n|poke|p1|Ditto|\n|poke|p1|Audino, F|\n|poke|p1|Cinccino, M|\n|poke|p2|Gengar, M|\n|poke|p2|Tapu Lele|\n|poke|p2|Ting-Lu|\n|poke|p2|Corviknight, M|\n|poke|p2|Lopunny, F|\n|poke|p2|Dragonite, M|\n|teampreview\n|\n|t:|1700026260\n|start\n|switch|p1a: Audino|Audino, F|100\/100\n|switch|p2a: Lopunny|Lopunny, F|100\/100\n|turn|1\n|\n|t:|1700026268\n|detailschange|p2a: Lopunny|Lopunny-Mega, F\n|-mega|p2a: Lopunny|Lopunny|Lopunnite\n|detailschange|p1a: Audino|Audino-Mega, F\n|-mega|p1a: Audino|Audino|Audinite\n|move|p2a: Lopunny|Fake Out|p1a: Audino\n|-damage|p1a: Audino|87\/100\n|cant|p1a: Audino|flinch\n|\n|upkeep\n|turn|2\n|\n|t:|1700026282\n|switch|p2a: Ting-Lu|Ting-Lu|100\/100\n|-ability|p2a: Ting-Lu|Vessel of Ruin\n|move|p1a: Audino|Dazzling Gleam|p2a: Ting-Lu\n|-supereffective|p2a: Ting-Lu\n|-damage|p2a: Ting-Lu|81\/100\n|\n|-heal|p2a: Ting-Lu|88\/100|[from] item: Leftovers\n|upkeep\n|turn|3\n|\n|t:|1700026293\n|switch|p1a: Ursaluna|Ursaluna, F|100\/100\n|move|p2a: Ting-Lu|Stealth Rock|p1a: Ursaluna\n|-sidestart|p1: angzilovefansher|move: Stealth Rock\n|\n|-heal|p2a: Ting-Lu|94\/100|[from] item: Leftovers\n|-status|p1a: Ursaluna|brn|[from] item: Flame Orb\n|upkeep\n|turn|4\n|\n|t:|1700026301\n|move|p1a: Ursaluna|Facade|p2a: Ting-Lu\n|-damage|p2a: Ting-Lu|23\/100\n|move|p2a: Ting-Lu|Whirlwind|p1a: Ursaluna\n|drag|p1a: Cinccino|Cinccino, M|100\/100\n|-damage|p1a: Cinccino|88\/100|[from] Stealth Rock\n|\n|-heal|p2a: Ting-Lu|29\/100|[from] item: Leftovers\n|upkeep\n|turn|5\n|\n|t:|1700026324\n|move|p1a: Cinccino|Bullet Seed|p2a: Ting-Lu\n|-supereffective|p2a: Ting-Lu\n|-damage|p2a: Ting-Lu|18\/100\n|-supereffective|p2a: Ting-Lu\n|-damage|p2a: Ting-Lu|6\/100\n|-supereffective|p2a: Ting-Lu\n|-damage|p2a: Ting-Lu|0 fnt\n|faint|p2a: Ting-Lu\n|-hitcount|p2: Ting-Lu|3\n|\n|upkeep\n|\n|t:|1700026332\n|switch|p2a: Lopunny|Lopunny-Mega, F|100\/100\n|turn|6\n|\n|t:|1700026336\n|switch|p1a: Audino|Audino-Mega, F|87\/100\n|-damage|p1a: Audino|75\/100|[from] Stealth Rock\n|move|p2a: Lopunny|Fake Out|p1a: Audino\n|-damage|p1a: Audino|59\/100\n|\n|upkeep\n|turn|7\n|\n|t:|1700026344\n|switch|p2a: Gengar|Gengar, M|100\/100\n|move|p1a: Audino|Trick Room|p1a: Audino\n|-fieldstart|move: Trick Room|[of] p1a: Audino\n|\n|upkeep\n|turn|8\n|\n|t:|1700026358\n|move|p1a: Audino|Healing Wish|p1a: Audino\n|faint|p1a: Audino\n|move|p2a: Gengar|Sludge Wave|p1: Audino|[notarget]\n|-fail|p2a: Gengar\n|\n|upkeep\n|\n|t:|1700026361\n|switch|p1a: Exploud|Exploud, F|100\/100\n|-damage|p1a: Exploud|88\/100|[from] Stealth Rock\n|turn|9\n|\n|t:|1700026374\n|switch|p2a: Corviknight|Corviknight, M|100\/100\n|-ability|p2a: Corviknight|Pressure\n|-terastallize|p1a: Exploud|Normal\n|move|p1a: Exploud|Boomburst|p2a: Corviknight\n|-resisted|p2a: Corviknight\n|-damage|p2a: Corviknight|44\/100\n|\n|upkeep\n|turn|10\n|\n|t:|1700026387\n|move|p2a: Corviknight|Brave Bird|p1a: Exploud\n|-damage|p1a: Exploud|42\/100\n|-damage|p2a: Corviknight|29\/100|[from] Recoil\n|move|p1a: Exploud|Boomburst|p2a: Corviknight\n|-resisted|p2a: Corviknight\n|-damage|p2a: Corviknight|0 fnt\n|faint|p2a: Corviknight\n|\n|upkeep\n|\n|t:|1700026397\n|switch|p2a: Lopunny|Lopunny-Mega, F|100\/100\n|turn|11\n|\n|t:|1700026403\n|switch|p1a: Porygon2|Porygon2|100\/100\n|-damage|p1a: Porygon2|88\/100|[from] Stealth Rock\n|-ability|p1a: Porygon2|Scrappy|[from] ability: Trace|[of] p2a: Lopunny\n|move|p2a: Lopunny|Fake Out|p1a: Porygon2\n|-damage|p1a: Porygon2|79\/100\n|\n|-fieldend|move: Trick Room\n|upkeep\n|turn|12\n|\n|t:|1700026415\n|move|p2a: Lopunny|Close Combat|p1a: Porygon2\n|-supereffective|p1a: Porygon2\n|-damage|p1a: Porygon2|19\/100\n|-unboost|p2a: Lopunny|def|1\n|-unboost|p2a: Lopunny|spd|1\n|move|p1a: Porygon2|Trick Room|p1a: Porygon2\n|-fieldstart|move: Trick Room|[of] p1a: Porygon2\n|\n|upkeep\n|turn|13\n|\n|t:|1700026431\n|switch|p2a: Gengar|Gengar, M|100\/100\n|move|p1a: Porygon2|Teleport|p1a: Porygon2\n|\n|t:|1700026433\n|switch|p1a: Exploud|Exploud, F, tera:Normal|42\/100|[from] Teleport\n|-heal|p1a: Exploud|100\/100|[from] move: Healing Wish\n|-damage|p1a: Exploud|88\/100|[from] Stealth Rock\n|\n|upkeep\n|turn|14\n|\n|t:|1700026445\n|move|p1a: Exploud|Boomburst|p2a: Gengar\n|-damage|p2a: Gengar|0 fnt\n|faint|p2a: Gengar\n|\n|upkeep\n|inactive|Battle timer is ON: inactive players will automatically lose when time's up. (requested by angzilovefansher)\n|\n|t:|1700026451\n|switch|p2a: Lopunny|Lopunny-Mega, F|100\/100\n|turn|15\n|\n|t:|1700026455\n|switch|p1a: Ursaluna|Ursaluna, F|100\/100 brn\n|-damage|p1a: Ursaluna|94\/100 brn|[from] Stealth Rock\n|move|p2a: Lopunny|Fake Out|p1a: Ursaluna\n|-damage|p1a: Ursaluna|78\/100 brn\n|\n|-damage|p1a: Ursaluna|72\/100 brn|[from] brn\n|upkeep\n|turn|16\n|\n|t:|1700026470\n|switch|p2a: Dragonite|Dragonite, M|100\/100\n|move|p1a: Ursaluna|Facade|p2a: Dragonite\n|-crit|p2a: Dragonite\n|-damage|p2a: Dragonite|0 fnt\n|faint|p2a: Dragonite\n|\n|-damage|p1a: Ursaluna|66\/100 brn|[from] brn\n|-fieldend|move: Trick Room\n|upkeep\n|\n|t:|1700026480\n|switch|p2a: Lopunny|Lopunny-Mega, F|100\/100\n|turn|17\n|\n|t:|1700026485\n|move|p2a: Lopunny|Fake Out|p1a: Ursaluna\n|-damage|p1a: Ursaluna|50\/100 brn\n|cant|p1a: Ursaluna|flinch\n|\n|-damage|p1a: Ursaluna|44\/100 brn|[from] brn\n|upkeep\n|turn|18\n|\n|t:|1700026494\n|move|p2a: Lopunny|Close Combat|p1a: Ursaluna\n|-supereffective|p1a: Ursaluna\n|-damage|p1a: Ursaluna|0 fnt\n|-unboost|p2a: Lopunny|def|1\n|-unboost|p2a: Lopunny|spd|1\n|faint|p1a: Ursaluna\n|\n|upkeep\n|\n|t:|1700026497\n|switch|p1a: Ditto|Ditto|100\/100\n|-damage|p1a: Ditto|88\/100|[from] Stealth Rock\n|-transform|p1a: Ditto|p2a: Lopunny|[from] ability: Imposter\n|turn|19\n|\n|t:|1700026507\n|switch|p2a: Tapu Lele|Tapu Lele|100\/100\n|-fieldstart|move: Psychic Terrain|[from] ability: Psychic Surge|[of] p2a: Tapu Lele\n|move|p1a: Ditto|Close Combat|p2a: Tapu Lele\n|-resisted|p2a: Tapu Lele\n|-damage|p2a: Tapu Lele|75\/100\n|-unboost|p1a: Ditto|def|1\n|-unboost|p1a: Ditto|spd|1\n|\n|upkeep\n|turn|20\n|\n|t:|1700026527\n|switch|p1a: Porygon2|Porygon2|19\/100\n|-damage|p1a: Porygon2|7\/100|[from] Stealth Rock\n|-ability|p1a: Porygon2|Psychic Surge|[from] ability: Trace|[of] p2a: Tapu Lele\n|-terastallize|p2a: Tapu Lele|Psychic\n|move|p2a: Tapu Lele|Psyshock|p1a: Porygon2\n|-crit|p1a: Porygon2\n|-damage|p1a: Porygon2|0 fnt\n|faint|p1a: Porygon2\n|\n|upkeep\n|\n|t:|1700026530\n|switch|p1a: Cinccino|Cinccino, M|88\/100\n|-damage|p1a: Cinccino|76\/100|[from] Stealth Rock\n|turn|21\n|\n|t:|1700026542\n|move|p2a: Tapu Lele|Psyshock|p1a: Cinccino\n|-damage|p1a: Cinccino|0 fnt\n|faint|p1a: Cinccino\n|\n|upkeep\n|\n|t:|1700026547\n|switch|p1a: Ditto|Ditto|88\/100\n|-damage|p1a: Ditto|76\/100|[from] Stealth Rock\n|-transform|p1a: Ditto|p2a: Tapu Lele|[from] ability: Imposter\n|-start|p1a: Ditto|typechange|Psychic\/Fairy|[silent]\n|turn|22\n|\n|t:|1700026558\n|move|p2a: Tapu Lele|Psyshock|p1a: Ditto\n|-resisted|p1a: Ditto\n|-damage|p1a: Ditto|27\/100\n|-enditem|p1a: Ditto|Red Card|[of] p2a: Tapu Lele\n|drag|p2a: Lopunny|Lopunny-Mega, F|100\/100\n|move|p1a: Ditto|Moonblast|p2a: Lopunny\n|-supereffective|p2a: Lopunny\n|-damage|p2a: Lopunny|0 fnt\n|faint|p2a: Lopunny\n|\n|upkeep\n|\n|t:|1700026568\n|switch|p2a: Tapu Lele|Tapu Lele, tera:Psychic|75\/100\n|turn|23\n|\n|t:|1700026572\n|move|p2a: Tapu Lele|Psyshock|p1a: Ditto\n|-resisted|p1a: Ditto\n|-damage|p1a: Ditto|0 fnt\n|faint|p1a: Ditto\n|\n|-fieldend|move: Psychic Terrain\n|upkeep\n|\n|t:|1700026574\n|switch|p1a: Exploud|Exploud, F, tera:Normal|88\/100\n|-damage|p1a: Exploud|76\/100|[from] Stealth Rock\n|turn|24\n|\n|t:|1700026582\n|move|p2a: Tapu Lele|Psyshock|p1a: Exploud\n|-damage|p1a: Exploud|7\/100\n|move|p1a: Exploud|Boomburst|p2a: Tapu Lele\n|-damage|p2a: Tapu Lele|0 fnt\n|faint|p2a: Tapu Lele\n|\n|win|angzilovefansher\n|raw|angzilovefansher's rating: 1426 &rarr; <strong>1447<\/strong><br \/>(+21 for winning)\n|raw|Simon C4's rating: 1444 &rarr; <strong>1423<\/strong><br \/>(-21 for losing)\n|l|\u2606Simon C4\n","uploadtime":1700026588,"views":12,"p1id":"angzilovefansher","p2id":"simonc4","formatid":"gen9nationaldex","rating":1423,"private":0,"password":""}