{"id":"gen9nationaldex-1989927664","p1":"97Graham","p2":"Z4A4Z","format":"[Gen 9] National Dex","log":"|j|\u260697Graham\n|j|\u2606Z4A4Z\n|t:|1699907460\n|gametype|singles\n|player|p1|97Graham|punkguy-gen7|1581\n|player|p2|Z4A4Z|unknown|1811\n|teamsize|p1|6\n|teamsize|p2|6\n|gen|9\n|tier|[Gen 9] National Dex\n|rated|\n|rule|HP Percentage Mod: HP is shown in percentages\n|rule|Endless Battle Clause: Forcing endless battles is banned\n|rule|OHKO Clause: OHKO moves are banned\n|rule|Evasion Clause: Evasion abilities, items, and moves are banned\n|rule|Evasion Abilities Clause: Evasion abilities are banned\n|rule|Evasion Items Clause: Evasion items are banned\n|rule|Evasion Moves Clause: Evasion moves are banned\n|rule|Species Clause: Limit one of each Pok\u00e9mon\n|rule|Sleep Clause Mod: Limit one foe put to sleep\n|clearpoke\n|poke|p1|Sceptile, M|\n|poke|p1|Glimmora, M|\n|poke|p1|Iron Valiant|\n|poke|p1|Garchomp, F|\n|poke|p1|Volcarona, F|\n|poke|p1|Tapu Lele|\n|poke|p2|Charizard, F|\n|poke|p2|Blastoise, M|\n|poke|p2|Venusaur, F|\n|poke|p2|Dragonite, M|\n|poke|p2|Rhydon, M|\n|poke|p2|Chansey, F|\n|teampreview\n|inactive|Battle timer is ON: inactive players will automatically lose when time's up. (requested by Z4A4Z)\n|\n|t:|1699907466\n|start\n|switch|p1a: Goodyear|Glimmora, M|100\/100\n|switch|p2a: Essence of Water|Blastoise, M, shiny|100\/100\n|turn|1\n|\n|t:|1699907480\n|move|p1a: Goodyear|Power Gem|p2a: Essence of Water\n|-damage|p2a: Essence of Water|74\/100\n|move|p2a: Essence of Water|Hydro Pump|p1a: Goodyear\n|-supereffective|p1a: Goodyear\n|-damage|p1a: Goodyear|18\/100\n|\n|-heal|p2a: Essence of Water|80\/100|[from] item: Leftovers\n|upkeep\n|turn|2\n|\n|t:|1699907485\n|move|p1a: Goodyear|Stealth Rock|p2a: Essence of Water\n|-sidestart|p2: Z4A4Z|move: Stealth Rock\n|move|p2a: Essence of Water|Rapid Spin|p1a: Goodyear\n|-resisted|p1a: Goodyear\n|-crit|p1a: Goodyear\n|-damage|p1a: Goodyear|10\/100\n|-boost|p2a: Essence of Water|spe|1\n|-activate|p1a: Goodyear|ability: Toxic Debris\n|-sidestart|p2: Z4A4Z|move: Toxic Spikes\n|-sideend|p2: Z4A4Z|Toxic Spikes|[from] move: Rapid Spin|[of] p2a: Essence of Water\n|-sideend|p2: Z4A4Z|Stealth Rock|[from] move: Rapid Spin|[of] p2a: Essence of Water\n|\n|-heal|p2a: Essence of Water|86\/100|[from] item: Leftovers\n|upkeep\n|turn|3\n|\n|t:|1699907489\n|move|p1a: Goodyear|Power Gem|p2a: Essence of Water\n|-damage|p2a: Essence of Water|59\/100\n|move|p2a: Essence of Water|Rapid Spin|p1a: Goodyear\n|-resisted|p1a: Goodyear\n|-damage|p1a: Goodyear|5\/100\n|-boost|p2a: Essence of Water|spe|1\n|-activate|p1a: Goodyear|ability: Toxic Debris\n|-sidestart|p2: Z4A4Z|move: Toxic Spikes\n|-sideend|p2: Z4A4Z|Toxic Spikes|[from] move: Rapid Spin|[of] p2a: Essence of Water\n|\n|-heal|p2a: Essence of Water|65\/100|[from] item: Leftovers\n|upkeep\n|turn|4\n|\n|t:|1699907493\n|move|p2a: Essence of Water|Rapid Spin|p1a: Goodyear\n|-resisted|p1a: Goodyear\n|-damage|p1a: Goodyear|0 fnt\n|-boost|p2a: Essence of Water|spe|1\n|-activate|p1a: Goodyear|ability: Toxic Debris\n|-sidestart|p2: Z4A4Z|move: Toxic Spikes\n|-sideend|p2: Z4A4Z|Toxic Spikes|[from] move: Rapid Spin|[of] p2a: Essence of Water\n|faint|p1a: Goodyear\n|\n|-heal|p2a: Essence of Water|71\/100|[from] item: Leftovers\n|upkeep\n|\n|t:|1699907500\n|switch|p1a: Logan Paul|Sceptile, M|100\/100\n|turn|5\n|j| Senkest\n|\n|t:|1699907506\n|switch|p2a: Essence of Grass|Venusaur, F, shiny|100\/100\n|move|p1a: Logan Paul|Leaf Blade|p2a: Essence of Grass\n|-resisted|p2a: Essence of Grass\n|-damage|p2a: Essence of Grass|91\/100\n|\n|-heal|p2a: Essence of Grass|97\/100|[from] item: Leftovers\n|upkeep\n|turn|6\n|\n|t:|1699907511\n|-terastallize|p1a: Logan Paul|Flying\n|move|p1a: Logan Paul|Swagger|p2a: Essence of Grass\n|-boost|p2a: Essence of Grass|atk|2\n|-enditem|p1a: Logan Paul|Mirror Herb\n|-boost|p1a: Logan Paul|atk|2|[from] item: Mirror Herb\n|-start|p2a: Essence of Grass|confusion\n|-activate|p2a: Essence of Grass|confusion\n|-damage|p2a: Essence of Grass|82\/100|[from] confusion\n|\n|-heal|p2a: Essence of Grass|88\/100|[from] item: Leftovers\n|upkeep\n|turn|7\n|\n|t:|1699907516\n|switch|p2a: Essence of Marowak|Rhydon, M, shiny|100\/100\n|move|p1a: Logan Paul|Acrobatics|p2a: Essence of Marowak\n|-resisted|p2a: Essence of Marowak\n|-damage|p2a: Essence of Marowak|84\/100\n|\n|upkeep\n|turn|8\n|\n|t:|1699907519\n|-terastallize|p2a: Essence of Marowak|Water\n|move|p1a: Logan Paul|Leaf Blade|p2a: Essence of Marowak\n|-supereffective|p2a: Essence of Marowak\n|-damage|p2a: Essence of Marowak|32\/100\n|move|p2a: Essence of Marowak|Counter|p1a: Logan Paul\n|-damage|p1a: Logan Paul|0 fnt\n|faint|p1a: Logan Paul\n|\n|upkeep\n|\n|t:|1699907525\n|switch|p1a: Possible Power|Iron Valiant|100\/100\n|-enditem|p1a: Possible Power|Booster Energy\n|-activate|p1a: Possible Power|ability: Quark Drive|[fromitem]\n|-start|p1a: Possible Power|quarkdrivespe\n|turn|9\n|\n|t:|1699907532\n|switch|p2a: Essence of Fire|Charizard, F, shiny|100\/100\n|move|p1a: Possible Power|Calm Mind|p1a: Possible Power\n|-boost|p1a: Possible Power|spa|1\n|-boost|p1a: Possible Power|spd|1\n|\n|upkeep\n|turn|10\n|\n|t:|1699907534\n|detailschange|p2a: Essence of Fire|Charizard-Mega-Y, F, shiny\n|-mega|p2a: Essence of Fire|Charizard|Charizardite Y\n|-weather|SunnyDay|[from] ability: Drought|[of] p2a: Essence of Fire\n|move|p1a: Possible Power|Thunderbolt|p2a: Essence of Fire\n|-supereffective|p2a: Essence of Fire\n|-damage|p2a: Essence of Fire|28\/100\n|move|p2a: Essence of Fire|Overheat|p1a: Possible Power\n|-damage|p1a: Possible Power|0 fnt\n|-unboost|p2a: Essence of Fire|spa|2\n|faint|p1a: Possible Power\n|-end|p1a: Possible Power|Quark Drive|[silent]\n|\n|-weather|SunnyDay|[upkeep]\n|upkeep\n|\n|t:|1699907540\n|switch|p1a: Slurch|Volcarona, F|100\/100\n|turn|11\n|\n|t:|1699907546\n|switch|p1a: RUDAKKA|Garchomp, F|100\/100\n|switch|p2a: Essence of Marowak|Rhydon, M, shiny, tera:Water|32\/100\n|\n|-weather|SunnyDay|[upkeep]\n|upkeep\n|turn|12\n|\n|t:|1699907549\n|move|p1a: RUDAKKA|Earthquake|p2a: Essence of Marowak\n|-damage|p2a: Essence of Marowak|15\/100\n|move|p2a: Essence of Marowak|Stealth Rock|p1a: RUDAKKA\n|-sidestart|p1: 97Graham|move: Stealth Rock\n|\n|-weather|SunnyDay|[upkeep]\n|upkeep\n|turn|13\n|\n|t:|1699907553\n|move|p1a: RUDAKKA|Swords Dance|p1a: RUDAKKA\n|-boost|p1a: RUDAKKA|atk|2\n|move|p2a: Essence of Marowak|Earthquake|p1a: RUDAKKA\n|-damage|p1a: RUDAKKA|55\/100\n|\n|-weather|SunnyDay|[upkeep]\n|upkeep\n|turn|14\n|\n|t:|1699907560\n|switch|p2a: Essence of Water|Blastoise, M, shiny|71\/100\n|move|p1a: RUDAKKA|Earthquake|p2a: Essence of Water\n|-damage|p2a: Essence of Water|0 fnt\n|faint|p2a: Essence of Water\n|\n|-weather|none\n|upkeep\n|\n|t:|1699907563\n|switch|p2a: Essence of Fire|Charizard-Mega-Y, F, shiny|28\/100\n|-weather|SunnyDay|[from] ability: Drought|[of] p2a: Essence of Fire\n|turn|15\n|\n|t:|1699907577\n|switch|p2a: Essence of Marowak|Rhydon, M, shiny, tera:Water|15\/100\n|move|p1a: RUDAKKA|Fire Fang|p2a: Essence of Marowak\n|-resisted|p2a: Essence of Marowak\n|-damage|p2a: Essence of Marowak|3\/100\n|\n|-weather|SunnyDay|[upkeep]\n|upkeep\n|turn|16\n|\n|t:|1699907582\n|move|p1a: RUDAKKA|Earthquake|p2a: Essence of Marowak\n|-damage|p2a: Essence of Marowak|0 fnt\n|faint|p2a: Essence of Marowak\n|\n|-weather|SunnyDay|[upkeep]\n|upkeep\n|\n|t:|1699907584\n|switch|p2a: Essence of Grass|Venusaur, F, shiny|88\/100\n|turn|17\n|\n|t:|1699907589\n|move|p2a: Essence of Grass|Giga Drain|p1a: RUDAKKA\n|-damage|p1a: RUDAKKA|25\/100\n|-heal|p2a: Essence of Grass|100\/100|[from] drain|[of] p1a: RUDAKKA\n|move|p1a: RUDAKKA|Earthquake|p2a: Essence of Grass\n|-damage|p2a: Essence of Grass|0 fnt\n|faint|p2a: Essence of Grass\n|\n|-weather|SunnyDay|[upkeep]\n|upkeep\n|\n|t:|1699907591\n|switch|p2a: Essence of Kanto|Dragonite, M|100\/100\n|turn|18\n|\n|t:|1699907593\n|move|p2a: Essence of Kanto|Extreme Speed|p1a: RUDAKKA\n|-damage|p1a: RUDAKKA|0 fnt\n|-damage|p2a: Essence of Kanto|88\/100|[from] ability: Rough Skin|[of] p1a: RUDAKKA\n|faint|p1a: RUDAKKA\n|\n|-weather|SunnyDay|[upkeep]\n|upkeep\n|l| Senkest\n|\n|t:|1699907599\n|switch|p1a: Oh god no|Tapu Lele|100\/100\n|-damage|p1a: Oh god no|88\/100|[from] Stealth Rock\n|-fieldstart|move: Psychic Terrain|[from] ability: Psychic Surge|[of] p1a: Oh god no\n|turn|19\n|\n|t:|1699907602\n|switch|p2a: Essence of Fire|Charizard-Mega-Y, F, shiny|28\/100\n|move|p1a: Oh god no|Calm Mind|p1a: Oh god no\n|-boost|p1a: Oh god no|spa|1\n|-boost|p1a: Oh god no|spd|1\n|\n|-weather|none\n|-heal|p1a: Oh god no|94\/100|[from] item: Leftovers\n|upkeep\n|turn|20\n|\n|t:|1699907611\n|move|p1a: Oh god no|Stored Power|p2a: Essence of Fire\n|-crit|p2a: Essence of Fire\n|-damage|p2a: Essence of Fire|0 fnt\n|faint|p2a: Essence of Fire\n|\n|-heal|p1a: Oh god no|99\/100|[from] item: Leftovers\n|upkeep\n|\n|t:|1699907613\n|switch|p2a: Essence of Ghost|Chansey, F, shiny|100\/100\n|turn|21\n|\n|t:|1699907617\n|move|p1a: Oh god no|Calm Mind|p1a: Oh god no\n|-boost|p1a: Oh god no|spa|1\n|-boost|p1a: Oh god no|spd|1\n|move|p2a: Essence of Ghost|Seismic Toss|p1a: Oh god no\n|-damage|p1a: Oh god no|71\/100\n|\n|-heal|p1a: Oh god no|77\/100|[from] item: Leftovers\n|upkeep\n|turn|22\n|\n|t:|1699907623\n|move|p1a: Oh god no|Calm Mind|p1a: Oh god no\n|-boost|p1a: Oh god no|spa|1\n|-boost|p1a: Oh god no|spd|1\n|move|p2a: Essence of Ghost|Seismic Toss|p1a: Oh god no\n|-damage|p1a: Oh god no|48\/100\n|\n|-heal|p1a: Oh god no|54\/100|[from] item: Leftovers\n|upkeep\n|turn|23\n|\n|t:|1699907634\n|move|p1a: Oh god no|Stored Power|p2a: Essence of Ghost\n|-crit|p2a: Essence of Ghost\n|-damage|p2a: Essence of Ghost|7\/100\n|move|p2a: Essence of Ghost|Seismic Toss|p1a: Oh god no\n|-damage|p1a: Oh god no|25\/100\n|\n|-heal|p1a: Oh god no|31\/100|[from] item: Leftovers\n|-fieldend|move: Psychic Terrain\n|upkeep\n|turn|24\n|\n|t:|1699907636\n|move|p1a: Oh god no|Draining Kiss|p2a: Essence of Ghost\n|-damage|p2a: Essence of Ghost|0 fnt\n|-heal|p1a: Oh god no|42\/100|[from] drain|[of] p2a: Essence of Ghost\n|faint|p2a: Essence of Ghost\n|\n|-heal|p1a: Oh god no|48\/100|[from] item: Leftovers\n|upkeep\n|\n|t:|1699907638\n|switch|p2a: Essence of Kanto|Dragonite, M|88\/100\n|turn|25\n|\n|t:|1699907643\n|move|p1a: Oh god no|Draining Kiss|p2a: Essence of Kanto\n|-supereffective|p2a: Essence of Kanto\n|-damage|p2a: Essence of Kanto|0 fnt\n|-heal|p1a: Oh god no|100\/100|[from] drain|[of] p2a: Essence of Kanto\n|faint|p2a: Essence of Kanto\n|\n|win|97Graham\n|raw|97Graham's rating: 1581 &rarr; <strong>1613<\/strong><br \/>(+32 for winning)\n|raw|Z4A4Z's rating: 1811 &rarr; <strong>1779<\/strong><br \/>(-32 for losing)\n|l|\u2606Z4A4Z\n","uploadtime":1699907656,"views":29,"p1id":"97graham","p2id":"z4a4z","formatid":"gen9nationaldex","rating":1613,"private":0,"password":""}