{"id":"gen9nationaldex-1993272888","p1":"eldar_bey","p2":"mtyqjltz6","format":"[Gen 9] National Dex","log":"|j|\u2606eldar_bey\n|j|\u2606mtyqjltz6\n|t:|1700288043\n|gametype|singles\n|player|p1|eldar_bey|nate|1170\n|player|p2|mtyqjltz6|elesa|1159\n|teamsize|p1|6\n|teamsize|p2|6\n|gen|9\n|tier|[Gen 9] National Dex\n|rated|\n|rule|HP Percentage Mod: HP is shown in percentages\n|rule|Endless Battle Clause: Forcing endless battles is banned\n|rule|OHKO Clause: OHKO moves are banned\n|rule|Evasion Clause: Evasion abilities, items, and moves are banned\n|rule|Evasion Abilities Clause: Evasion abilities are banned\n|rule|Evasion Items Clause: Evasion items are banned\n|rule|Evasion Moves Clause: Evasion moves are banned\n|rule|Species Clause: Limit one of each Pok\u00e9mon\n|rule|Sleep Clause Mod: Limit one foe put to sleep\n|clearpoke\n|poke|p1|Alakazam, M|\n|poke|p1|Zeraora|\n|poke|p1|Reuniclus, M|\n|poke|p1|Zapdos|\n|poke|p1|Ferrothorn, M|\n|poke|p1|Whimsicott, M|\n|poke|p2|Raticate, M|\n|poke|p2|Slowking-Galar, M|\n|poke|p2|Diancie|\n|poke|p2|Rillaboom, F|\n|poke|p2|Zapdos|\n|poke|p2|Blacephalon|\n|teampreview\n|inactive|Battle timer is ON: inactive players will automatically lose when time's up. (requested by mtyqjltz6)\n|\n|t:|1700288070\n|start\n|switch|p1a: Whimsicott|Whimsicott, M|100\/100\n|switch|p2a: Zapdos|Zapdos|100\/100\n|turn|1\n|\n|t:|1700288086\n|switch|p1a: Ferrothorn|Ferrothorn, M|100\/100\n|move|p2a: Zapdos|Hurricane|p1a: Ferrothorn|[miss]\n|-miss|p2a: Zapdos|p1a: Ferrothorn\n|\n|upkeep\n|turn|2\n|\n|t:|1700288093\n|move|p2a: Zapdos|Volt Switch|p1a: Ferrothorn\n|-resisted|p1a: Ferrothorn\n|-damage|p1a: Ferrothorn|90\/100\n|\n|t:|1700288106\n|switch|p2a: Blacephalon|Blacephalon|100\/100|[from] Volt Switch\n|move|p1a: Ferrothorn|Leech Seed|p2a: Blacephalon\n|-start|p2a: Blacephalon|move: Leech Seed\n|\n|-heal|p1a: Ferrothorn|96\/100|[from] item: Leftovers\n|-damage|p2a: Blacephalon|88\/100|[from] Leech Seed|[of] p1a: Ferrothorn\n|-heal|p1a: Ferrothorn|100\/100|[silent]\n|upkeep\n|turn|3\n|\n|t:|1700288117\n|move|p1a: Ferrothorn|Protect|p1a: Ferrothorn\n|-singleturn|p1a: Ferrothorn|Protect\n|move|p2a: Blacephalon|Flamethrower|p1a: Ferrothorn\n|-activate|p1a: Ferrothorn|move: Protect\n|\n|-damage|p2a: Blacephalon|76\/100|[from] Leech Seed|[of] p1a: Ferrothorn\n|upkeep\n|turn|4\n|\n|t:|1700288135\n|switch|p1a: Alakazam|Alakazam, M|100\/100\n|move|p2a: Blacephalon|Flamethrower|p1a: Alakazam\n|-damage|p1a: Alakazam|30\/100\n|\n|-damage|p2a: Blacephalon|64\/100|[from] Leech Seed|[of] p1a: Alakazam\n|-heal|p1a: Alakazam|42\/100|[silent]\n|upkeep\n|turn|5\n|\n|t:|1700288151\n|move|p2a: Blacephalon|Flamethrower|p1a: Alakazam\n|-damage|p1a: Alakazam|0 fnt\n|faint|p1a: Alakazam\n|-ability|p2a: Blacephalon|Beast Boost|boost\n|-boost|p2a: Blacephalon|spa|1\n|\n|upkeep\n|\n|t:|1700288157\n|switch|p1a: Whimsicott|Whimsicott, M|100\/100\n|turn|6\n|\n|t:|1700288162\n|switch|p2a: Zapdos|Zapdos|100\/100\n|move|p1a: Whimsicott|Stun Spore|p2a: Zapdos\n|-immune|p2a: Zapdos\n|\n|upkeep\n|turn|7\n|\n|t:|1700288175\n|switch|p1a: Zeraora|Zeraora|100\/100\n|move|p2a: Zapdos|Hurricane|p1a: Zeraora\n|-resisted|p1a: Zeraora\n|-damage|p1a: Zeraora|73\/100\n|\n|upkeep\n|turn|8\n|\n|t:|1700288185\n|switch|p2a: Rillaboom|Rillaboom, F|100\/100\n|-fieldstart|move: Grassy Terrain|[from] ability: Grassy Surge|[of] p2a: Rillaboom\n|-zpower|p1a: Zeraora\n|move|p1a: Zeraora|Z-Bulk Up|p1a: Zeraora|[anim]Bulk Up\n|-boost|p1a: Zeraora|atk|1|[zeffect]\n|-boost|p1a: Zeraora|atk|1\n|-boost|p1a: Zeraora|def|1\n|\n|-heal|p1a: Zeraora|79\/100|[from] Grassy Terrain\n|upkeep\n|turn|9\n|\n|t:|1700288202\n|move|p2a: Rillaboom|Grassy Glide|p1a: Zeraora\n|-damage|p1a: Zeraora|26\/100\n|move|p1a: Zeraora|Bulk Up|p1a: Zeraora\n|-boost|p1a: Zeraora|atk|1\n|-boost|p1a: Zeraora|def|1\n|\n|-heal|p1a: Zeraora|32\/100|[from] Grassy Terrain\n|upkeep\n|turn|10\n|\n|t:|1700288208\n|move|p2a: Rillaboom|Grassy Glide|p1a: Zeraora\n|-damage|p1a: Zeraora|0 fnt\n|faint|p1a: Zeraora\n|\n|upkeep\n|\n|t:|1700288215\n|switch|p1a: Ferrothorn|Ferrothorn, M|100\/100\n|turn|11\n|\n|t:|1700288223\n|switch|p2a: Zapdos|Zapdos|100\/100\n|move|p1a: Ferrothorn|Body Press|p2a: Zapdos\n|-resisted|p2a: Zapdos\n|-damage|p2a: Zapdos|91\/100\n|\n|upkeep\n|turn|12\n|-message|eldar_bey forfeited.\n|\n|win|mtyqjltz6\n|raw|eldar_bey's rating: 1170 &rarr; <strong>1144<\/strong><br \/>(-26 for losing)\n|raw|mtyqjltz6's rating: 1159 &rarr; <strong>1185<\/strong><br \/>(+26 for winning)\n|l|\u2606eldar_bey\n","uploadtime":1700288239,"views":8,"p1id":"eldarbey","p2id":"mtyqjltz6","formatid":"gen9nationaldex","rating":1144,"private":0,"password":""}