{"id":"gen9nationaldex-1996759412","p1":"mhqsqwer","p2":"Richie2016","format":"[Gen 9] National Dex","log":"|html|<div class=\"broadcast-blue\"><strong>[Gen 9] National Dex is currently suspecting Sneasler! For information on how to participate check out the <a href=\"https:\/\/www.smogon.com\/forums\/threads\/sv-national-dex-suspect-8-just-dance.3731534\/\">suspect thread<\/a>.<\/strong><\/div>\n|j|\u2606mhqsqwer\n|j|\u2606Richie2016\n|t:|1700720451\n|gametype|singles\n|player|p1|mhqsqwer|102|1643\n|player|p2|Richie2016|cynthia|1531\n|teamsize|p1|6\n|teamsize|p2|6\n|gen|9\n|tier|[Gen 9] National Dex\n|rated|\n|rule|HP Percentage Mod: HP is shown in percentages\n|rule|Endless Battle Clause: Forcing endless battles is banned\n|rule|OHKO Clause: OHKO moves are banned\n|rule|Evasion Clause: Evasion abilities, items, and moves are banned\n|rule|Evasion Abilities Clause: Evasion abilities are banned\n|rule|Evasion Items Clause: Evasion items are banned\n|rule|Evasion Moves Clause: Evasion moves are banned\n|rule|Species Clause: Limit one of each Pok\u00e9mon\n|rule|Sleep Clause Mod: Limit one foe put to sleep\n|clearpoke\n|poke|p1|Garchomp, M|\n|poke|p1|Heatran, M|\n|poke|p1|Rillaboom, M|\n|poke|p1|Urshifu-*, M|\n|poke|p1|Zapdos|\n|poke|p1|Gardevoir, M|\n|poke|p2|Lopunny, F|\n|poke|p2|Alomomola, F|\n|poke|p2|Moltres|\n|poke|p2|Ferrothorn, F|\n|poke|p2|Gliscor, F|\n|poke|p2|Greninja-*, M|\n|teampreview\n|inactive|Battle timer is ON: inactive players will automatically lose when time's up. (requested by mhqsqwer)\n|\n|t:|1700720472\n|start\n|switch|p1a: Rillaboom|Rillaboom, M|100\/100\n|switch|p2a: Gliscor|Gliscor, F, shiny|100\/100\n|-fieldstart|move: Grassy Terrain|[from] ability: Grassy Surge|[of] p1a: Rillaboom\n|turn|1\n|\n|t:|1700720482\n|switch|p2a: Moltres|Moltres|100\/100\n|move|p1a: Rillaboom|Wood Hammer|p2a: Moltres\n|-resisted|p2a: Moltres\n|-damage|p2a: Moltres|74\/100\n|-damage|p1a: Rillaboom|91\/100|[from] Recoil\n|\n|-heal|p1a: Rillaboom|97\/100|[from] Grassy Terrain\n|upkeep\n|turn|2\n|\n|t:|1700720496\n|switch|p1a: Garchomp|Garchomp, M|100\/100\n|move|p2a: Moltres|Mystical Fire|p1a: Garchomp\n|-resisted|p1a: Garchomp\n|-damage|p1a: Garchomp|84\/100\n|-unboost|p1a: Garchomp|spa|1\n|\n|-heal|p1a: Garchomp|90\/100|[from] Grassy Terrain\n|upkeep\n|turn|3\n|\n|t:|1700720508\n|switch|p2a: Gliscor|Gliscor, F, shiny|100\/100\n|move|p1a: Garchomp|Stealth Rock|p2a: Gliscor\n|-sidestart|p2: Richie2016|move: Stealth Rock\n|\n|-heal|p1a: Garchomp|96\/100|[from] Grassy Terrain\n|-status|p2a: Gliscor|tox|[from] item: Toxic Orb\n|upkeep\n|turn|4\n|\n|t:|1700720516\n|move|p1a: Garchomp|Swords Dance|p1a: Garchomp\n|-boost|p1a: Garchomp|atk|2\n|move|p2a: Gliscor|Toxic|p1a: Garchomp\n|-status|p1a: Garchomp|tox\n|\n|-heal|p1a: Garchomp|100\/100 tox|[from] Grassy Terrain\n|-damage|p1a: Garchomp|94\/100 tox|[from] psn\n|upkeep\n|turn|5\n|j| CapitandelEspacio\n|\n|t:|1700720531\n|move|p1a: Garchomp|Earthquake|p2a: Gliscor\n|-immune|p2a: Gliscor\n|move|p2a: Gliscor|Earthquake|p1a: Garchomp\n|-damage|p1a: Garchomp|77\/100 tox\n|\n|-heal|p1a: Garchomp|83\/100 tox|[from] Grassy Terrain\n|-damage|p1a: Garchomp|71\/100 tox|[from] psn\n|-fieldend|move: Grassy Terrain\n|upkeep\n|turn|6\n|\n|t:|1700720550\n|-terastallize|p2a: Gliscor|Fairy\n|-zpower|p1a: Garchomp\n|move|p1a: Garchomp|Devastating Drake|p2a: Gliscor|[zeffect]\n|-immune|p2a: Gliscor\n|move|p2a: Gliscor|Earthquake|p1a: Garchomp\n|-damage|p1a: Garchomp|40\/100 tox\n|\n|-damage|p1a: Garchomp|22\/100 tox|[from] psn\n|upkeep\n|turn|7\n|\n|t:|1700720567\n|switch|p2a: Moltres|Moltres|74\/100\n|move|p1a: Garchomp|Outrage|p2a: Moltres\n|-damage|p2a: Moltres|0 fnt\n|faint|p2a: Moltres\n|\n|-damage|p1a: Garchomp|0 fnt|[from] psn\n|faint|p1a: Garchomp\n|upkeep\n|\n|t:|1700720583\n|switch|p1a: Rillaboom|Rillaboom, M|97\/100\n|switch|p2a: Gliscor|Gliscor, F, shiny, tera:Fairy|100\/100 tox\n|-fieldstart|move: Grassy Terrain|[from] ability: Grassy Surge|[of] p1a: Rillaboom\n|-damage|p2a: Gliscor|88\/100 tox|[from] Stealth Rock\n|turn|8\n|\n|t:|1700720594\n|move|p1a: Rillaboom|Knock Off|p2a: Gliscor\n|-resisted|p2a: Gliscor\n|-damage|p2a: Gliscor|66\/100 tox\n|-enditem|p2a: Gliscor|Toxic Orb|[from] move: Knock Off|[of] p1a: Rillaboom\n|move|p2a: Gliscor|Stealth Rock|p1a: Rillaboom\n|-sidestart|p1: mhqsqwer|move: Stealth Rock\n|\n|-heal|p1a: Rillaboom|100\/100|[from] Grassy Terrain\n|-heal|p2a: Gliscor|73\/100 tox|[from] Grassy Terrain\n|-heal|p2a: Gliscor|85\/100 tox|[from] ability: Poison Heal\n|upkeep\n|turn|9\n|\n|t:|1700720610\n|switch|p1a: Zapdos|Zapdos|100\/100\n|move|p2a: Gliscor|Toxic|p1a: Zapdos\n|-status|p1a: Zapdos|tox\n|\n|-heal|p2a: Gliscor|91\/100 tox|[from] Grassy Terrain\n|-damage|p1a: Zapdos|94\/100 tox|[from] psn\n|-heal|p2a: Gliscor|100\/100 tox|[from] ability: Poison Heal\n|upkeep\n|turn|10\n|\n|t:|1700720624\n|move|p1a: Zapdos|Defog|p2a: Gliscor\n|-unboost|p2a: Gliscor|evasion|1\n|-sideend|p2: Richie2016|Stealth Rock|[from] move: Defog|[of] p1a: Zapdos\n|-sideend|p1: mhqsqwer|Stealth Rock|[from] move: Defog|[of] p1a: Zapdos\n|-fieldend|move: Grassy Terrain\n|move|p2a: Gliscor|Toxic|p1a: Zapdos\n|-fail|p1a: Zapdos|tox\n|\n|-damage|p1a: Zapdos|82\/100 tox|[from] psn\n|upkeep\n|turn|11\n|inactive|mhqsqwer has 120 seconds left.\n|\n|t:|1700720640\n|move|p1a: Zapdos|U-turn|p2a: Gliscor\n|-resisted|p2a: Gliscor\n|-damage|p2a: Gliscor|95\/100 tox\n|\n|t:|1700720643\n|switch|p1a: Gardevoir|Gardevoir, M, shiny|100\/100|[from] U-turn\n|-ability|p1a: Gardevoir|Poison Heal|[from] ability: Trace|[of] p2a: Gliscor\n|move|p2a: Gliscor|Stealth Rock|p1a: Gardevoir\n|-sidestart|p1: mhqsqwer|move: Stealth Rock\n|\n|-heal|p2a: Gliscor|100\/100 tox|[from] ability: Poison Heal\n|upkeep\n|turn|12\n|\n|t:|1700720656\n|move|p1a: Gardevoir|Hyper Voice|p2a: Gliscor\n|-damage|p2a: Gliscor|75\/100 tox\n|move|p2a: Gliscor|Earthquake|p1a: Gardevoir\n|-damage|p1a: Gardevoir|42\/100\n|\n|-heal|p2a: Gliscor|88\/100 tox|[from] ability: Poison Heal\n|upkeep\n|turn|13\n|l| CapitandelEspacio\n|\n|t:|1700720670\n|detailschange|p1a: Gardevoir|Gardevoir-Mega, M, shiny\n|-mega|p1a: Gardevoir|Gardevoir|Gardevoirite\n|move|p1a: Gardevoir|Hyper Voice|p2a: Gliscor\n|-damage|p2a: Gliscor|32\/100 tox\n|move|p2a: Gliscor|Earthquake|p1a: Gardevoir\n|-damage|p1a: Gardevoir|0 fnt\n|faint|p1a: Gardevoir\n|\n|-heal|p2a: Gliscor|44\/100 tox|[from] ability: Poison Heal\n|upkeep\n|inactive|mhqsqwer has 120 seconds left.\n|\n|t:|1700720685\n|switch|p1a: Urshifu|Urshifu-Rapid-Strike, M|100\/100\n|-damage|p1a: Urshifu|94\/100|[from] Stealth Rock\n|turn|14\n|\n|t:|1700720692\n|switch|p2a: Alomomola|Alomomola, F|100\/100\n|move|p1a: Urshifu|Close Combat|p2a: Alomomola\n|-damage|p2a: Alomomola|65\/100\n|-unboost|p1a: Urshifu|def|1\n|-unboost|p1a: Urshifu|spd|1\n|\n|upkeep\n|turn|15\n|\n|t:|1700720702\n|switch|p1a: Zapdos|Zapdos|82\/100 tox\n|move|p2a: Alomomola|Flip Turn|p1a: Zapdos\n|-damage|p1a: Zapdos|70\/100 tox\n|-status|p2a: Alomomola|par|[from] ability: Static|[of] p1a: Zapdos\n|\n|t:|1700720717\n|switch|p2a: Lopunny|Lopunny, F, shiny|100\/100|[from] Flip Turn\n|\n|-damage|p1a: Zapdos|64\/100 tox|[from] psn\n|upkeep\n|turn|16\n|\n|t:|1700720728\n|move|p2a: Lopunny|Fake Out|p1a: Zapdos\n|-damage|p1a: Zapdos|53\/100 tox\n|cant|p1a: Zapdos|flinch\n|\n|-damage|p1a: Zapdos|41\/100 tox|[from] psn\n|upkeep\n|turn|17\n|\n|t:|1700720741\n|move|p2a: Lopunny|U-turn|p1a: Zapdos\n|-resisted|p1a: Zapdos\n|-damage|p1a: Zapdos|34\/100 tox\n|\n|t:|1700720746\n|switch|p2a: Gliscor|Gliscor, F, shiny, tera:Fairy|44\/100 tox|[from] U-turn\n|move|p1a: Zapdos|Defog|p2a: Gliscor\n|-unboost|p2a: Gliscor|evasion|1\n|-sideend|p1: mhqsqwer|Stealth Rock|[from] move: Defog|[of] p1a: Zapdos\n|\n|-damage|p1a: Zapdos|16\/100 tox|[from] psn\n|-heal|p2a: Gliscor|57\/100 tox|[from] ability: Poison Heal\n|upkeep\n|turn|18\n|\n|t:|1700720758\n|move|p1a: Zapdos|Roost|p1a: Zapdos\n|-heal|p1a: Zapdos|66\/100 tox\n|-singleturn|p1a: Zapdos|move: Roost\n|move|p2a: Gliscor|Stealth Rock|p1a: Zapdos\n|-sidestart|p1: mhqsqwer|move: Stealth Rock\n|\n|-damage|p1a: Zapdos|41\/100 tox|[from] psn\n|-heal|p2a: Gliscor|69\/100 tox|[from] ability: Poison Heal\n|upkeep\n|turn|19\n|\n|t:|1700720768\n|move|p1a: Zapdos|U-turn|p2a: Gliscor\n|-resisted|p2a: Gliscor\n|-damage|p2a: Gliscor|64\/100 tox\n|\n|t:|1700720773\n|switch|p1a: Heatran|Heatran, M|100\/100|[from] U-turn\n|-damage|p1a: Heatran|88\/100|[from] Stealth Rock\n|move|p2a: Gliscor|Earthquake|p1a: Heatran\n|-supereffective|p1a: Heatran\n|-damage|p1a: Heatran|0 fnt\n|faint|p1a: Heatran\n|\n|-heal|p2a: Gliscor|77\/100 tox|[from] ability: Poison Heal\n|upkeep\n|-message|mhqsqwer forfeited.\n|\n|win|Richie2016\n|raw|mhqsqwer's rating: 1643 &rarr; <strong>1617<\/strong><br \/>(-26 for losing)\n|raw|Richie2016's rating: 1531 &rarr; <strong>1557<\/strong><br \/>(+26 for winning)\n|l|\u2606mhqsqwer\n","uploadtime":1700720785,"views":1,"p1id":"mhqsqwer","p2id":"richie2016","formatid":"gen9nationaldex","rating":1557,"private":0,"password":""}