{"id":"gen9nationaldex-1993013214","p1":"kanotation","p2":"Codradin","format":"[Gen 9] National Dex","log":"|j|\u2606kanotation\n|j|\u2606Codradin\n|t:|1700255475\n|gametype|singles\n|player|p1|kanotation|red-masters|\n|player|p2|Codradin|lucy|\n|teamsize|p1|6\n|teamsize|p2|6\n|gen|9\n|tier|[Gen 9] National Dex\n|rule|HP Percentage Mod: HP is shown in percentages\n|rule|Endless Battle Clause: Forcing endless battles is banned\n|rule|OHKO Clause: OHKO moves are banned\n|rule|Evasion Clause: Evasion abilities, items, and moves are banned\n|rule|Evasion Abilities Clause: Evasion abilities are banned\n|rule|Evasion Items Clause: Evasion items are banned\n|rule|Evasion Moves Clause: Evasion moves are banned\n|rule|Species Clause: Limit one of each Pok\u00e9mon\n|rule|Sleep Clause Mod: Limit one foe put to sleep\n|clearpoke\n|poke|p1|Blastoise, M|\n|poke|p1|Charizard, M|\n|poke|p1|Venusaur, M|\n|poke|p1|Pikachu, F|\n|poke|p1|Espeon, M|\n|poke|p1|Snorlax, M|\n|poke|p2|Charizard, F|\n|poke|p2|Zapdos|\n|poke|p2|Nidoking, M|\n|poke|p2|Vileplume, M|\n|poke|p2|Arcanine-Hisui, F|\n|poke|p2|Lapras, F|\n|teampreview\n|\n|t:|1700255528\n|start\n|switch|p1a: Blastoise|Blastoise, M|100\/100\n|switch|p2a: Royal|Nidoking, M|100\/100\n|turn|1\n|\n|t:|1700255537\n|move|p2a: Royal|Taunt|p1a: Blastoise\n|-start|p1a: Blastoise|move: Taunt\n|cant|p1a: Blastoise|move: Taunt|Shell Smash\n|\n|upkeep\n|turn|2\n|\n|t:|1700255543\n|-terastallize|p2a: Royal|Poison\n|move|p2a: Royal|Sludge Wave|p1a: Blastoise\n|-damage|p1a: Blastoise|15\/100\n|move|p1a: Blastoise|Hydro Pump|p2a: Royal\n|-damage|p2a: Royal|39\/100\n|\n|upkeep\n|turn|3\n|\n|t:|1700255553\n|move|p2a: Royal|Sludge Wave|p1a: Blastoise\n|-damage|p1a: Blastoise|0 fnt\n|faint|p1a: Blastoise\n|\n|upkeep\n|\n|t:|1700255557\n|switch|p1a: Pikachu|Pikachu, F|100\/100\n|turn|4\n|\n|t:|1700255564\n|move|p1a: Pikachu|Volt Switch|p2a: Royal\n|-damage|p2a: Royal|0 fnt\n|faint|p2a: Royal\n|\n|t:|1700255575\n|switch|p1a: Espeon|Espeon, M|100\/100|[from] Volt Switch\n|\n|upkeep\n|\n|t:|1700255591\n|switch|p2a: Miki|Charizard, F|100\/100\n|turn|5\n|\n|t:|1700255602\n|detailschange|p2a: Miki|Charizard-Mega-Y, F\n|-mega|p2a: Miki|Charizard|Charizardite Y\n|-weather|SunnyDay|[from] ability: Drought|[of] p2a: Miki\n|move|p1a: Espeon|Psychic|p2a: Miki\n|-damage|p2a: Miki|52\/100\n|move|p2a: Miki|Flamethrower|p1a: Espeon\n|-damage|p1a: Espeon|0 fnt\n|faint|p1a: Espeon\n|\n|-weather|SunnyDay|[upkeep]\n|upkeep\n|\n|t:|1700255633\n|switch|p1a: Charizard|Charizard, M|100\/100\n|turn|6\n|\n|t:|1700255661\n|switch|p2a: Venge|Arcanine-Hisui, F|100\/100\n|detailschange|p1a: Charizard|Charizard-Mega-X, M\n|-mega|p1a: Charizard|Charizard|Charizardite X\n|move|p1a: Charizard|Dragon Dance|p1a: Charizard\n|-boost|p1a: Charizard|atk|1\n|-boost|p1a: Charizard|spe|1\n|\n|-weather|SunnyDay|[upkeep]\n|upkeep\n|turn|7\n|\n|t:|1700255689\n|move|p1a: Charizard|Flare Blitz|p2a: Venge\n|-resisted|p2a: Venge\n|-damage|p2a: Venge|41\/100\n|-damage|p1a: Charizard|79\/100|[from] Recoil\n|move|p2a: Venge|Head Smash|p1a: Charizard\n|-supereffective|p1a: Charizard\n|-damage|p1a: Charizard|0 fnt\n|faint|p1a: Charizard\n|\n|-weather|SunnyDay|[upkeep]\n|upkeep\n|\n|t:|1700255703\n|switch|p1a: Venusaur|Venusaur, M|100\/100\n|turn|8\n|\n|t:|1700255713\n|switch|p2a: Miki|Charizard-Mega-Y, F|52\/100\n|move|p1a: Venusaur|Sludge Bomb|p2a: Miki\n|-damage|p2a: Miki|21\/100\n|\n|-weather|SunnyDay|[upkeep]\n|upkeep\n|turn|9\n|\n|t:|1700255731\n|move|p1a: Venusaur|Sludge Bomb|p2a: Miki\n|-damage|p2a: Miki|0 fnt\n|faint|p2a: Miki\n|\n|-weather|none\n|upkeep\n|\n|t:|1700255736\n|switch|p2a: Venge|Arcanine-Hisui, F|41\/100\n|turn|10\n|\n|t:|1700255760\n|move|p2a: Venge|Flare Blitz|p1a: Venusaur\n|-supereffective|p1a: Venusaur\n|-damage|p1a: Venusaur|0 fnt\n|faint|p1a: Venusaur\n|\n|upkeep\n|\n|t:|1700255767\n|switch|p1a: Pikachu|Pikachu, F|100\/100\n|turn|11\n|\n|t:|1700255791\n|move|p1a: Pikachu|Extreme Speed|p2a: Venge\n|-resisted|p2a: Venge\n|-damage|p2a: Venge|22\/100\n|move|p2a: Venge|Flare Blitz|p1a: Pikachu\n|-damage|p1a: Pikachu|0 fnt\n|faint|p1a: Pikachu\n|\n|upkeep\n|\n|t:|1700255795\n|switch|p1a: Snorlax|Snorlax, M|100\/100\n|turn|12\n|\n|t:|1700255805\n|move|p2a: Venge|Flare Blitz|p1a: Snorlax\n|-crit|p1a: Snorlax\n|-damage|p1a: Snorlax|0 fnt\n|faint|p1a: Snorlax\n|\n|win|Codradin\n","uploadtime":1700256427,"views":8,"p1id":"kanotation","p2id":"codradin","formatid":"gen9nationaldex","rating":0,"private":0,"password":""}