{"id":"gen9nationaldex-1996631877","p1":"Mollymiltoast","p2":"nfyhsueryfgius","format":"[Gen 9] National Dex","log":"|html|<div class=\"broadcast-blue\"><strong>[Gen 9] National Dex is currently suspecting Sneasler! For information on how to participate check out the <a href=\"https:\/\/www.smogon.com\/forums\/threads\/sv-national-dex-suspect-8-just-dance.3731534\/\">suspect thread<\/a>.<\/strong><\/div>\n|j|\u2606Mollymiltoast\n|j|\u2606nfyhsueryfgius\n|t:|1700702915\n|gametype|singles\n|player|p1|Mollymiltoast|cyclist|1785\n|player|p2|nfyhsueryfgius|ghetsis|1808\n|teamsize|p1|6\n|teamsize|p2|6\n|gen|9\n|tier|[Gen 9] National Dex\n|rated|\n|rule|HP Percentage Mod: HP is shown in percentages\n|rule|Endless Battle Clause: Forcing endless battles is banned\n|rule|OHKO Clause: OHKO moves are banned\n|rule|Evasion Clause: Evasion abilities, items, and moves are banned\n|rule|Evasion Abilities Clause: Evasion abilities are banned\n|rule|Evasion Items Clause: Evasion items are banned\n|rule|Evasion Moves Clause: Evasion moves are banned\n|rule|Species Clause: Limit one of each Pok\u00e9mon\n|rule|Sleep Clause Mod: Limit one foe put to sleep\n|clearpoke\n|poke|p1|Tapu Fini|\n|poke|p1|Bisharp, M|\n|poke|p1|Dragonite, M|\n|poke|p1|Ting-Lu|\n|poke|p1|Iron Moth|\n|poke|p1|Kartana|\n|poke|p2|Alomomola, M|\n|poke|p2|Slowking-Galar, F|\n|poke|p2|Gliscor, F|\n|poke|p2|Tyranitar, F|\n|poke|p2|Ferrothorn, F|\n|poke|p2|Tornadus-Therian, M|\n|teampreview\n|\n|t:|1700702924\n|start\n|switch|p1a: Ting-Lu|Ting-Lu|100\/100\n|switch|p2a: Tornadus|Tornadus-Therian, M|100\/100\n|-ability|p1a: Ting-Lu|Vessel of Ruin\n|turn|1\n|\n|t:|1700702928\n|move|p2a: Tornadus|Nasty Plot|p2a: Tornadus\n|-boost|p2a: Tornadus|spa|2\n|move|p1a: Ting-Lu|Ruination|p2a: Tornadus\n|-damage|p2a: Tornadus|51\/100\n|\n|upkeep\n|turn|2\n|\n|t:|1700702931\n|move|p2a: Tornadus|Focus Blast|p1a: Ting-Lu\n|-supereffective|p1a: Ting-Lu\n|-damage|p1a: Ting-Lu|49\/100\n|move|p1a: Ting-Lu|Whirlwind|p2a: Tornadus\n|drag|p2a: Slowking|Slowking-Galar, F|100\/100\n|\n|-heal|p1a: Ting-Lu|55\/100|[from] item: Leftovers\n|upkeep\n|turn|3\n|\n|t:|1700702941\n|switch|p2a: Gliscor|Gliscor, F|100\/100\n|move|p1a: Ting-Lu|Stealth Rock|p2a: Gliscor\n|-sidestart|p2: nfyhsueryfgius|move: Stealth Rock\n|\n|-heal|p1a: Ting-Lu|62\/100|[from] item: Leftovers\n|-status|p2a: Gliscor|tox|[from] item: Toxic Orb\n|upkeep\n|turn|4\n|\n|t:|1700702945\n|switch|p2a: Tornadus|Tornadus-Therian, M|84\/100\n|-damage|p2a: Tornadus|59\/100|[from] Stealth Rock\n|switch|p1a: Tapu Fini|Tapu Fini|100\/100\n|-fieldstart|move: Misty Terrain|[from] ability: Misty Surge|[of] p1a: Tapu Fini\n|\n|upkeep\n|turn|5\n|\n|t:|1700702950\n|move|p2a: Tornadus|Defog|p1a: Tapu Fini\n|-unboost|p1a: Tapu Fini|evasion|1\n|-sideend|p2: nfyhsueryfgius|Stealth Rock|[from] move: Defog|[of] p2a: Tornadus\n|-fieldend|Misty Terrain\n|move|p1a: Tapu Fini|Calm Mind|p1a: Tapu Fini\n|-boost|p1a: Tapu Fini|spa|1\n|-boost|p1a: Tapu Fini|spd|1\n|\n|upkeep\n|turn|6\n|\n|t:|1700702955\n|switch|p2a: Ferrothorn|Ferrothorn, F|100\/100\n|switch|p1a: Iron Moth|Iron Moth|100\/100\n|\n|upkeep\n|turn|7\n|\n|t:|1700702958\n|switch|p2a: Tyranitar|Tyranitar, F|100\/100\n|-weather|Sandstorm|[from] ability: Sand Stream|[of] p2a: Tyranitar\n|move|p1a: Iron Moth|U-turn|p2a: Tyranitar\n|-supereffective|p2a: Tyranitar\n|-damage|p2a: Tyranitar|82\/100\n|\n|t:|1700702964\n|-end|p1a: Iron Moth|Quark Drive|[silent]\n|switch|p1a: Ting-Lu|Ting-Lu|62\/100|[from] U-turn\n|-ability|p1a: Ting-Lu|Vessel of Ruin\n|\n|-weather|Sandstorm|[upkeep]\n|-heal|p1a: Ting-Lu|68\/100|[from] item: Leftovers\n|upkeep\n|turn|8\n|\n|t:|1700702967\n|switch|p2a: Ferrothorn|Ferrothorn, F|100\/100\n|move|p1a: Ting-Lu|Ruination|p2a: Ferrothorn\n|-damage|p2a: Ferrothorn|50\/100\n|\n|-weather|Sandstorm|[upkeep]\n|-heal|p1a: Ting-Lu|74\/100|[from] item: Leftovers\n|-heal|p2a: Ferrothorn|57\/100|[from] item: Leftovers\n|upkeep\n|turn|9\n|\n|t:|1700702970\n|move|p1a: Ting-Lu|Earthquake|p2a: Ferrothorn\n|-damage|p2a: Ferrothorn|30\/100\n|move|p2a: Ferrothorn|Leech Seed|p1a: Ting-Lu\n|-start|p1a: Ting-Lu|move: Leech Seed\n|\n|-weather|Sandstorm|[upkeep]\n|-heal|p1a: Ting-Lu|80\/100|[from] item: Leftovers\n|-heal|p2a: Ferrothorn|36\/100|[from] item: Leftovers\n|-damage|p1a: Ting-Lu|68\/100|[from] Leech Seed|[of] p2a: Ferrothorn\n|-heal|p2a: Ferrothorn|54\/100|[silent]\n|upkeep\n|turn|10\n|\n|t:|1700702979\n|switch|p1a: Iron Moth|Iron Moth|100\/100\n|move|p2a: Ferrothorn|Knock Off|p1a: Iron Moth\n|-damage|p1a: Iron Moth|65\/100\n|-enditem|p1a: Iron Moth|Heavy-Duty Boots|[from] move: Knock Off|[of] p2a: Ferrothorn\n|\n|-weather|Sandstorm|[upkeep]\n|-damage|p1a: Iron Moth|59\/100|[from] Sandstorm\n|-heal|p2a: Ferrothorn|61\/100|[from] item: Leftovers\n|upkeep\n|turn|11\n|\n|t:|1700702984\n|switch|p2a: Tyranitar|Tyranitar, F|82\/100\n|move|p1a: Iron Moth|U-turn|p2a: Tyranitar\n|-supereffective|p2a: Tyranitar\n|-damage|p2a: Tyranitar|64\/100\n|\n|t:|1700702987\n|-end|p1a: Iron Moth|Quark Drive|[silent]\n|switch|p1a: Bisharp|Bisharp, M|100\/100|[from] U-turn\n|\n|-weather|none\n|upkeep\n|turn|12\n|\n|t:|1700702990\n|switch|p2a: Tornadus|Tornadus-Therian, M|92\/100\n|move|p1a: Bisharp|Swords Dance|p1a: Bisharp\n|-boost|p1a: Bisharp|atk|2\n|\n|upkeep\n|turn|13\n|\n|t:|1700703028\n|switch|p2a: Gliscor|Gliscor, F|100\/100 tox\n|switch|p1a: Tapu Fini|Tapu Fini|100\/100\n|-fieldstart|move: Misty Terrain|[from] ability: Misty Surge|[of] p1a: Tapu Fini\n|\n|upkeep\n|turn|14\n|\n|t:|1700703036\n|switch|p2a: Ferrothorn|Ferrothorn, F|61\/100\n|move|p1a: Tapu Fini|Taunt|p2a: Ferrothorn\n|-start|p2a: Ferrothorn|move: Taunt\n|\n|-heal|p2a: Ferrothorn|67\/100|[from] item: Leftovers\n|upkeep\n|turn|15\n|\n|t:|1700703042\n|switch|p1a: Bisharp|Bisharp, M|100\/100\n|move|p2a: Ferrothorn|Power Whip|p1a: Bisharp\n|-resisted|p1a: Bisharp\n|-damage|p1a: Bisharp|77\/100\n|\n|-heal|p2a: Ferrothorn|73\/100|[from] item: Leftovers\n|upkeep\n|turn|16\n|\n|t:|1700703047\n|move|p1a: Bisharp|Swords Dance|p1a: Bisharp\n|-boost|p1a: Bisharp|atk|2\n|move|p2a: Ferrothorn|Knock Off|p1a: Bisharp\n|-resisted|p1a: Bisharp\n|-damage|p1a: Bisharp|68\/100\n|\n|-heal|p2a: Ferrothorn|79\/100|[from] item: Leftovers\n|-end|p2a: Ferrothorn|move: Taunt\n|upkeep\n|turn|17\n|\n|t:|1700703055\n|switch|p2a: Gliscor|Gliscor, F|100\/100 tox\n|move|p1a: Bisharp|Throat Chop|p2a: Gliscor\n|-damage|p2a: Gliscor|28\/100 tox\n|-start|p2a: Gliscor|Throat Chop|[silent]\n|\n|-heal|p2a: Gliscor|41\/100 tox|[from] ability: Poison Heal\n|-fieldend|Misty Terrain\n|upkeep\n|turn|18\n|\n|t:|1700703062\n|move|p1a: Bisharp|Sucker Punch||[still]\n|-fail|p1a: Bisharp\n|move|p2a: Gliscor|Roost|p2a: Gliscor\n|-heal|p2a: Gliscor|91\/100 tox\n|-singleturn|p2a: Gliscor|move: Roost\n|\n|-heal|p2a: Gliscor|100\/100 tox|[from] ability: Poison Heal\n|-end|p2a: Gliscor|Throat Chop|[silent]\n|upkeep\n|turn|19\n|\n|t:|1700703064\n|switch|p1a: Dragonite|Dragonite, M|100\/100\n|move|p2a: Gliscor|Earthquake|p1a: Dragonite\n|-immune|p1a: Dragonite\n|\n|upkeep\n|turn|20\n|\n|t:|1700703072\n|switch|p2a: Alomomola|Alomomola, M|100\/100\n|switch|p1a: Bisharp|Bisharp, M|68\/100\n|\n|upkeep\n|turn|21\n|\n|t:|1700703075\n|move|p1a: Bisharp|Swords Dance|p1a: Bisharp\n|-boost|p1a: Bisharp|atk|2\n|move|p2a: Alomomola|Flip Turn|p1a: Bisharp\n|-damage|p1a: Bisharp|46\/100\n|\n|t:|1700703077\n|switch|p2a: Gliscor|Gliscor, F|100\/100 tox|[from] Flip Turn\n|\n|upkeep\n|turn|22\n|\n|t:|1700703078\n|switch|p1a: Dragonite|Dragonite, M|100\/100\n|move|p2a: Gliscor|Earthquake|p1a: Dragonite\n|-immune|p1a: Dragonite\n|\n|upkeep\n|turn|23\n|\n|t:|1700703084\n|switch|p2a: Alomomola|Alomomola, M|100\/100\n|switch|p1a: Ting-Lu|Ting-Lu|68\/100\n|-ability|p1a: Ting-Lu|Vessel of Ruin\n|\n|-heal|p1a: Ting-Lu|74\/100|[from] item: Leftovers\n|upkeep\n|turn|24\n|\n|t:|1700703089\n|move|p2a: Alomomola|Toxic|p1a: Ting-Lu\n|-status|p1a: Ting-Lu|tox\n|move|p1a: Ting-Lu|Stealth Rock|p2a: Alomomola\n|-sidestart|p2: nfyhsueryfgius|move: Stealth Rock\n|\n|-heal|p1a: Ting-Lu|80\/100 tox|[from] item: Leftovers\n|-damage|p1a: Ting-Lu|74\/100 tox|[from] psn\n|upkeep\n|turn|25\n|\n|t:|1700703095\n|switch|p1a: Tapu Fini|Tapu Fini|100\/100\n|-fieldstart|move: Misty Terrain|[from] ability: Misty Surge|[of] p1a: Tapu Fini\n|move|p2a: Alomomola|Wish|p2a: Alomomola\n|\n|upkeep\n|turn|26\n|j| xuxiansheng\n|\n|t:|1700703102\n|move|p1a: Tapu Fini|Calm Mind|p1a: Tapu Fini\n|-boost|p1a: Tapu Fini|spa|1\n|-boost|p1a: Tapu Fini|spd|1\n|move|p2a: Alomomola|Flip Turn|p1a: Tapu Fini\n|-resisted|p1a: Tapu Fini\n|-damage|p1a: Tapu Fini|93\/100\n|\n|t:|1700703104\n|switch|p2a: Tyranitar|Tyranitar, F|64\/100|[from] Flip Turn\n|-damage|p2a: Tyranitar|52\/100|[from] Stealth Rock\n|-weather|Sandstorm|[from] ability: Sand Stream|[of] p2a: Tyranitar\n|\n|-weather|Sandstorm|[upkeep]\n|-damage|p1a: Tapu Fini|87\/100|[from] Sandstorm\n|-heal|p2a: Tyranitar|100\/100|[from] move: Wish|[wisher] Alomomola\n|-heal|p1a: Tapu Fini|93\/100|[from] item: Leftovers\n|upkeep\n|turn|27\n|\n|t:|1700703114\n|switch|p1a: Iron Moth|Iron Moth|59\/100\n|switch|p2a: Ferrothorn|Ferrothorn, F|79\/100\n|-damage|p2a: Ferrothorn|73\/100|[from] Stealth Rock\n|\n|-weather|Sandstorm|[upkeep]\n|-damage|p1a: Iron Moth|53\/100|[from] Sandstorm\n|-heal|p2a: Ferrothorn|79\/100|[from] item: Leftovers\n|upkeep\n|turn|28\n|\n|t:|1700703124\n|switch|p2a: Gliscor|Gliscor, F|100\/100 tox\n|-damage|p2a: Gliscor|88\/100 tox|[from] Stealth Rock\n|move|p1a: Iron Moth|Sludge Wave|p2a: Gliscor\n|-resisted|p2a: Gliscor\n|-damage|p2a: Gliscor|68\/100 tox\n|\n|-weather|Sandstorm|[upkeep]\n|-damage|p1a: Iron Moth|47\/100|[from] Sandstorm\n|-heal|p2a: Gliscor|80\/100 tox|[from] ability: Poison Heal\n|upkeep\n|turn|29\n|\n|t:|1700703128\n|move|p1a: Iron Moth|Flamethrower|p2a: Gliscor\n|-damage|p2a: Gliscor|36\/100 tox\n|move|p2a: Gliscor|Swords Dance|p2a: Gliscor\n|-boost|p2a: Gliscor|atk|2\n|\n|-weather|Sandstorm|[upkeep]\n|-damage|p1a: Iron Moth|41\/100|[from] Sandstorm\n|-heal|p2a: Gliscor|49\/100 tox|[from] ability: Poison Heal\n|-fieldend|Misty Terrain\n|upkeep\n|turn|30\n|\n|t:|1700703137\n|move|p1a: Iron Moth|U-turn|p2a: Gliscor\n|-resisted|p2a: Gliscor\n|-damage|p2a: Gliscor|44\/100 tox\n|j| CCCCold\n|\n|t:|1700703144\n|-end|p1a: Iron Moth|Quark Drive|[silent]\n|switch|p1a: Dragonite|Dragonite, M|100\/100|[from] U-turn\n|move|p2a: Gliscor|Roost|p2a: Gliscor\n|-heal|p2a: Gliscor|94\/100 tox\n|-singleturn|p2a: Gliscor|move: Roost\n|\n|-weather|none\n|-heal|p2a: Gliscor|100\/100 tox|[from] ability: Poison Heal\n|upkeep\n|turn|31\n|\n|t:|1700703146\n|switch|p2a: Alomomola|Alomomola, M|100\/100\n|move|p1a: Dragonite|Ice Beam|p2a: Alomomola\n|-resisted|p2a: Alomomola\n|-damage|p2a: Alomomola|91\/100\n|\n|upkeep\n|turn|32\n|\n|t:|1700703151\n|switch|p1a: Tapu Fini|Tapu Fini|93\/100\n|-fieldstart|move: Misty Terrain|[from] ability: Misty Surge|[of] p1a: Tapu Fini\n|move|p2a: Alomomola|Toxic|p1a: Tapu Fini\n|-activate|p1a: Tapu Fini|move: Misty Terrain\n|\n|-heal|p1a: Tapu Fini|99\/100|[from] item: Leftovers\n|upkeep\n|turn|33\n|\n|t:|1700703156\n|move|p1a: Tapu Fini|Taunt|p2a: Alomomola\n|-start|p2a: Alomomola|move: Taunt\n|move|p2a: Alomomola|Flip Turn|p1a: Tapu Fini\n|-resisted|p1a: Tapu Fini\n|-damage|p1a: Tapu Fini|91\/100\n|\n|t:|1700703158\n|switch|p2a: Ferrothorn|Ferrothorn, F|79\/100|[from] Flip Turn\n|-damage|p2a: Ferrothorn|73\/100|[from] Stealth Rock\n|\n|-heal|p1a: Tapu Fini|98\/100|[from] item: Leftovers\n|-heal|p2a: Ferrothorn|79\/100|[from] item: Leftovers\n|upkeep\n|turn|34\n|\n|t:|1700703164\n|switch|p1a: Kartana|Kartana|100\/100\n|move|p2a: Ferrothorn|Power Whip|p1a: Kartana|[miss]\n|-miss|p2a: Ferrothorn|p1a: Kartana\n|\n|-heal|p2a: Ferrothorn|86\/100|[from] item: Leftovers\n|upkeep\n|turn|35\n|\n|t:|1700703173\n|switch|p2a: Tornadus|Tornadus-Therian, M|100\/100\n|-damage|p2a: Tornadus|76\/100|[from] Stealth Rock\n|move|p1a: Kartana|Knock Off|p2a: Tornadus\n|-crit|p2a: Tornadus\n|-damage|p2a: Tornadus|18\/100\n|\n|upkeep\n|turn|36\n|\n|t:|1700703177\n|switch|p2a: Tyranitar|Tyranitar, F|100\/100\n|-damage|p2a: Tyranitar|88\/100|[from] Stealth Rock\n|-weather|Sandstorm|[from] ability: Sand Stream|[of] p2a: Tyranitar\n|move|p1a: Kartana|Knock Off|p2a: Tyranitar\n|-resisted|p2a: Tyranitar\n|-damage|p2a: Tyranitar|76\/100\n|\n|-weather|Sandstorm|[upkeep]\n|-fieldend|Misty Terrain\n|upkeep\n|turn|37\n|\n|t:|1700703183\n|switch|p1a: Ting-Lu|Ting-Lu|74\/100 tox\n|-ability|p1a: Ting-Lu|Vessel of Ruin\n|detailschange|p2a: Tyranitar|Tyranitar-Mega, F\n|-mega|p2a: Tyranitar|Tyranitar|Tyranitarite\n|move|p2a: Tyranitar|Knock Off|p1a: Ting-Lu\n|-resisted|p1a: Ting-Lu\n|-damage|p1a: Ting-Lu|55\/100 tox\n|-enditem|p1a: Ting-Lu|Leftovers|[from] move: Knock Off|[of] p2a: Tyranitar\n|\n|-weather|Sandstorm|[upkeep]\n|-damage|p1a: Ting-Lu|49\/100 tox|[from] psn\n|upkeep\n|turn|38\n|\n|t:|1700703193\n|move|p2a: Tyranitar|Stealth Rock|p1a: Ting-Lu\n|-sidestart|p1: Mollymiltoast|move: Stealth Rock\n|move|p1a: Ting-Lu|Ruination|p2a: Tyranitar\n|-damage|p2a: Tyranitar|38\/100\n|\n|-weather|Sandstorm|[upkeep]\n|-damage|p1a: Ting-Lu|37\/100 tox|[from] psn\n|upkeep\n|turn|39\n|\n|t:|1700703197\n|switch|p2a: Alomomola|Alomomola, M|100\/100\n|switch|p1a: Kartana|Kartana|100\/100\n|-damage|p1a: Kartana|94\/100|[from] Stealth Rock\n|\n|-weather|Sandstorm|[upkeep]\n|-damage|p2a: Alomomola|94\/100|[from] Sandstorm\n|upkeep\n|turn|40\n|\n|t:|1700703204\n|move|p2a: Alomomola|Protect|p2a: Alomomola\n|-singleturn|p2a: Alomomola|Protect\n|move|p1a: Kartana|Leaf Blade|p2a: Alomomola\n|-activate|p2a: Alomomola|move: Protect\n|\n|-weather|none\n|upkeep\n|turn|41\n|\n|t:|1700703217\n|switch|p1a: Bisharp|Bisharp, M|46\/100\n|-damage|p1a: Bisharp|40\/100|[from] Stealth Rock\n|switch|p2a: Ferrothorn|Ferrothorn, F|86\/100\n|-damage|p2a: Ferrothorn|79\/100|[from] Stealth Rock\n|\n|-heal|p2a: Ferrothorn|86\/100|[from] item: Leftovers\n|upkeep\n|turn|42\n|\n|t:|1700703231\n|switch|p2a: Gliscor|Gliscor, F|100\/100 tox\n|-damage|p2a: Gliscor|88\/100 tox|[from] Stealth Rock\n|-zpower|p1a: Bisharp\n|move|p1a: Bisharp|Black Hole Eclipse|p2a: Gliscor|[zeffect]\n|-damage|p2a: Gliscor|14\/100 tox\n|\n|-heal|p2a: Gliscor|26\/100 tox|[from] ability: Poison Heal\n|upkeep\n|turn|43\n|\n|t:|1700703237\n|move|p1a: Bisharp|Swords Dance|p1a: Bisharp\n|-boost|p1a: Bisharp|atk|2\n|move|p2a: Gliscor|Roost|p2a: Gliscor\n|-heal|p2a: Gliscor|76\/100 tox\n|-singleturn|p2a: Gliscor|move: Roost\n|\n|-heal|p2a: Gliscor|89\/100 tox|[from] ability: Poison Heal\n|upkeep\n|turn|44\n|c|\u2606Mollymiltoast|oh\n|\n|t:|1700703257\n|move|p1a: Bisharp|Iron Head|p2a: Gliscor\n|-damage|p2a: Gliscor|15\/100 tox\n|move|p2a: Gliscor|Earthquake|p1a: Bisharp\n|-supereffective|p1a: Bisharp\n|-damage|p1a: Bisharp|0 fnt\n|faint|p1a: Bisharp\n|\n|-heal|p2a: Gliscor|27\/100 tox|[from] ability: Poison Heal\n|upkeep\n|\n|t:|1700703270\n|switch|p1a: Kartana|Kartana|94\/100\n|-damage|p1a: Kartana|88\/100|[from] Stealth Rock\n|turn|45\n|\n|t:|1700703277\n|switch|p2a: Slowking|Slowking-Galar, F|100\/100\n|move|p1a: Kartana|Knock Off|p2a: Slowking\n|-supereffective|p2a: Slowking\n|-damage|p2a: Slowking|3\/100\n|-enditem|p2a: Slowking|Heavy-Duty Boots|[from] move: Knock Off|[of] p1a: Kartana\n|\n|upkeep\n|turn|46\n|\n|t:|1700703282\n|switch|p2a: Tyranitar|Tyranitar-Mega, F|38\/100\n|-damage|p2a: Tyranitar|26\/100|[from] Stealth Rock\n|-weather|Sandstorm|[from] ability: Sand Stream|[of] p2a: Tyranitar\n|move|p1a: Kartana|Knock Off|p2a: Tyranitar\n|-resisted|p2a: Tyranitar\n|-damage|p2a: Tyranitar|16\/100\n|\n|-weather|Sandstorm|[upkeep]\n|upkeep\n|turn|47\n|\n|t:|1700703289\n|move|p1a: Kartana|Knock Off|p2a: Tyranitar\n|-resisted|p2a: Tyranitar\n|-damage|p2a: Tyranitar|7\/100\n|move|p2a: Tyranitar|Knock Off|p1a: Kartana\n|-damage|p1a: Kartana|19\/100\n|-enditem|p1a: Kartana|Choice Scarf|[from] move: Knock Off|[of] p2a: Tyranitar\n|\n|-weather|Sandstorm|[upkeep]\n|upkeep\n|turn|48\n|\n|t:|1700703298\n|move|p1a: Kartana|Knock Off|p2a: Tyranitar\n|-resisted|p2a: Tyranitar\n|-damage|p2a: Tyranitar|0 fnt\n|faint|p2a: Tyranitar\n|-ability|p1a: Kartana|Beast Boost|boost\n|-boost|p1a: Kartana|atk|1\n|\n|-weather|Sandstorm|[upkeep]\n|upkeep\n|\n|t:|1700703300\n|switch|p2a: Tornadus|Tornadus-Therian, M|51\/100\n|-damage|p2a: Tornadus|26\/100|[from] Stealth Rock\n|turn|49\n|\n|t:|1700703304\n|switch|p1a: Dragonite|Dragonite, M|100\/100\n|move|p2a: Tornadus|Hurricane|p1a: Dragonite\n|-damage|p1a: Dragonite|82\/100\n|-start|p1a: Dragonite|confusion\n|\n|-weather|Sandstorm|[upkeep]\n|-damage|p2a: Tornadus|20\/100|[from] Sandstorm\n|-damage|p1a: Dragonite|76\/100|[from] Sandstorm\n|upkeep\n|turn|50\n|\n|t:|1700703309\n|-zpower|p2a: Tornadus\n|move|p2a: Tornadus|Supersonic Skystrike|p1a: Dragonite|[zeffect]\n|-damage|p1a: Dragonite|12\/100\n|-activate|p1a: Dragonite|confusion\n|move|p1a: Dragonite|Roost|p1a: Dragonite\n|-heal|p1a: Dragonite|62\/100\n|-singleturn|p1a: Dragonite|move: Roost\n|\n|-weather|none\n|upkeep\n|turn|51\n|\n|t:|1700703314\n|move|p2a: Tornadus|Defog|p1a: Dragonite\n|-unboost|p1a: Dragonite|evasion|1\n|-sideend|p1: Mollymiltoast|Stealth Rock|[from] move: Defog|[of] p2a: Tornadus\n|-sideend|p2: nfyhsueryfgius|Stealth Rock|[from] move: Defog|[of] p2a: Tornadus\n|-end|p1a: Dragonite|confusion\n|move|p1a: Dragonite|Roost|p1a: Dragonite\n|-heal|p1a: Dragonite|100\/100\n|-singleturn|p1a: Dragonite|move: Roost\n|\n|upkeep\n|turn|52\n|\n|t:|1700703318\n|switch|p2a: Slowking|Slowking-Galar, F|36\/100\n|move|p1a: Dragonite|Ice Beam|p2a: Slowking\n|-damage|p2a: Slowking|25\/100\n|\n|upkeep\n|turn|53\n|\n|t:|1700703321\n|switch|p2a: Alomomola|Alomomola, M|100\/100\n|move|p1a: Dragonite|Earthquake|p2a: Alomomola\n|-damage|p2a: Alomomola|83\/100\n|\n|upkeep\n|turn|54\n|\n|t:|1700703335\n|switch|p1a: Tapu Fini|Tapu Fini|98\/100\n|-fieldstart|move: Misty Terrain|[from] ability: Misty Surge|[of] p1a: Tapu Fini\n|move|p2a: Alomomola|Wish|p2a: Alomomola\n|\n|-heal|p1a: Tapu Fini|100\/100|[from] item: Leftovers\n|upkeep\n|turn|55\n|\n|t:|1700703350\n|move|p1a: Tapu Fini|Calm Mind|p1a: Tapu Fini\n|-boost|p1a: Tapu Fini|spa|1\n|-boost|p1a: Tapu Fini|spd|1\n|move|p2a: Alomomola|Flip Turn|p1a: Tapu Fini\n|-resisted|p1a: Tapu Fini\n|-damage|p1a: Tapu Fini|93\/100\n|\n|t:|1700703354\n|switch|p2a: Tornadus|Tornadus-Therian, M|53\/100|[from] Flip Turn\n|\n|-heal|p2a: Tornadus|100\/100|[from] move: Wish|[wisher] Alomomola\n|-heal|p1a: Tapu Fini|99\/100|[from] item: Leftovers\n|upkeep\n|turn|56\n|\n|t:|1700703358\n|switch|p2a: Ferrothorn|Ferrothorn, F|86\/100\n|move|p1a: Tapu Fini|Calm Mind|p1a: Tapu Fini\n|-boost|p1a: Tapu Fini|spa|1\n|-boost|p1a: Tapu Fini|spd|1\n|\n|-heal|p1a: Tapu Fini|100\/100|[from] item: Leftovers\n|-heal|p2a: Ferrothorn|92\/100|[from] item: Leftovers\n|upkeep\n|turn|57\n|\n|t:|1700703365\n|-terastallize|p1a: Tapu Fini|Grass\n|move|p1a: Tapu Fini|Calm Mind|p1a: Tapu Fini\n|-boost|p1a: Tapu Fini|spa|1\n|-boost|p1a: Tapu Fini|spd|1\n|move|p2a: Ferrothorn|Power Whip|p1a: Tapu Fini\n|-resisted|p1a: Tapu Fini\n|-damage|p1a: Tapu Fini|84\/100\n|\n|-heal|p1a: Tapu Fini|90\/100|[from] item: Leftovers\n|-heal|p2a: Ferrothorn|98\/100|[from] item: Leftovers\n|upkeep\n|turn|58\n|\n|t:|1700703373\n|move|p1a: Tapu Fini|Calm Mind|p1a: Tapu Fini\n|-boost|p1a: Tapu Fini|spa|1\n|-boost|p1a: Tapu Fini|spd|1\n|move|p2a: Ferrothorn|Knock Off|p1a: Tapu Fini\n|-damage|p1a: Tapu Fini|72\/100\n|-enditem|p1a: Tapu Fini|Leftovers|[from] move: Knock Off|[of] p2a: Ferrothorn\n|\n|-heal|p2a: Ferrothorn|100\/100|[from] item: Leftovers\n|-fieldend|Misty Terrain\n|upkeep\n|turn|59\n|\n|t:|1700703376\n|move|p1a: Tapu Fini|Calm Mind|p1a: Tapu Fini\n|-boost|p1a: Tapu Fini|spa|1\n|-boost|p1a: Tapu Fini|spd|1\n|move|p2a: Ferrothorn|Leech Seed|p1a: Tapu Fini\n|-immune|p1a: Tapu Fini\n|\n|upkeep\n|turn|60\n|\n|t:|1700703382\n|move|p1a: Tapu Fini|Calm Mind|p1a: Tapu Fini\n|-boost|p1a: Tapu Fini|spa|1\n|-boost|p1a: Tapu Fini|spd|1\n|move|p2a: Ferrothorn|Power Whip|p1a: Tapu Fini|[miss]\n|-miss|p2a: Ferrothorn|p1a: Tapu Fini\n|\n|upkeep\n|turn|61\n|\n|t:|1700703389\n|move|p1a: Tapu Fini|Stored Power|p2a: Ferrothorn\n|-resisted|p2a: Ferrothorn\n|-damage|p2a: Ferrothorn|6\/100\n|move|p2a: Ferrothorn|Power Whip|p1a: Tapu Fini\n|-resisted|p1a: Tapu Fini\n|-damage|p1a: Tapu Fini|56\/100\n|\n|-heal|p2a: Ferrothorn|12\/100|[from] item: Leftovers\n|upkeep\n|turn|62\n|\n|t:|1700703396\n|move|p1a: Tapu Fini|Stored Power|p2a: Ferrothorn\n|-resisted|p2a: Ferrothorn\n|-damage|p2a: Ferrothorn|0 fnt\n|faint|p2a: Ferrothorn\n|\n|upkeep\n|\n|t:|1700703398\n|switch|p2a: Tornadus|Tornadus-Therian, M|100\/100\n|turn|63\n|\n|t:|1700703401\n|move|p2a: Tornadus|Hurricane|p1a: Tapu Fini\n|-supereffective|p1a: Tapu Fini\n|-damage|p1a: Tapu Fini|39\/100\n|-start|p1a: Tapu Fini|confusion\n|-activate|p1a: Tapu Fini|confusion\n|-damage|p1a: Tapu Fini|34\/100|[from] confusion\n|\n|upkeep\n|turn|64\n|\n|t:|1700703405\n|move|p2a: Tornadus|Hurricane|p1a: Tapu Fini\n|-supereffective|p1a: Tapu Fini\n|-damage|p1a: Tapu Fini|16\/100\n|-end|p1a: Tapu Fini|confusion\n|move|p1a: Tapu Fini|Draining Kiss|p2a: Tornadus\n|-damage|p2a: Tornadus|12\/100\n|-heal|p1a: Tapu Fini|79\/100|[from] drain|[of] p2a: Tornadus\n|\n|upkeep\n|turn|65\n|-message|nfyhsueryfgius forfeited.\n|\n|win|Mollymiltoast\n|raw|Mollymiltoast's rating: 1785 &rarr; <strong>1806<\/strong><br \/>(+21 for winning)\n|raw|nfyhsueryfgius's rating: 1808 &rarr; <strong>1787<\/strong><br \/>(-21 for losing)\n|l|\u2606nfyhsueryfgius\n|c|\u2606Mollymiltoast|Gg\n","uploadtime":1700703421,"views":42,"p1id":"mollymiltoast","p2id":"nfyhsueryfgius","formatid":"gen9nationaldex","rating":1787,"private":0,"password":""}