{"id":"gen9nationaldex-1991225311","p1":"coolmanbestguy123","p2":"carlitos250903","format":"[Gen 9] National Dex","log":"|j|\u2606coolmanbestguy123\n|j|\u2606carlitos250903\n|inactive|Battle timer is ON: inactive players will automatically lose when time's up.\n|t:|1700058957\n|gametype|singles\n|player|p1|coolmanbestguy123|diantha|\n|player|p2|carlitos250903|artist-gen4|\n|teamsize|p1|6\n|teamsize|p2|6\n|gen|9\n|tier|[Gen 9] National Dex\n|rated|Tournament battle\n|rule|HP Percentage Mod: HP is shown in percentages\n|rule|Endless Battle Clause: Forcing endless battles is banned\n|rule|OHKO Clause: OHKO moves are banned\n|rule|Evasion Clause: Evasion abilities, items, and moves are banned\n|rule|Evasion Abilities Clause: Evasion abilities are banned\n|rule|Evasion Items Clause: Evasion items are banned\n|rule|Evasion Moves Clause: Evasion moves are banned\n|rule|Species Clause: Limit one of each Pok\u00e9mon\n|rule|Sleep Clause Mod: Limit one foe put to sleep\n|rule|Terastal Clause: You cannot Terastallize\n|clearpoke\n|poke|p1|Sneasler, F|\n|poke|p1|Gardevoir, F|\n|poke|p1|Samurott-Hisui, F|\n|poke|p1|Landorus-Therian, M|\n|poke|p1|Heatran, M|\n|poke|p1|Tornadus-Therian, M|\n|poke|p2|Barraskewda, M|\n|poke|p2|Pelipper, M|\n|poke|p2|Tornadus-Therian, M|\n|poke|p2|Ferrothorn, M|\n|poke|p2|Swampert, M|\n|poke|p2|Magnezone|\n|teampreview\n|inactive|coolmanbestguy123 also wants the timer to be on.\n|c|\u2606carlitos250903|gl hf!\n|c|\u2606coolmanbestguy123|u2\n|j| Epicgamergod69\n|inactive|coolmanbestguy123 has 120 seconds left.\n|j| Aesiro13\n|l| Epicgamergod69\n|inactive|carlitos250903 has 120 seconds left.\n|\n|t:|1700059017\n|start\n|switch|p1a: Ceaseless Majesty|Samurott-Hisui, F|100\/100\n|switch|p2a: Pelipper|Pelipper, M|100\/100\n|-weather|RainDance|[from] ability: Drizzle|[of] p2a: Pelipper\n|turn|1\n|j| Velcroc\n|\n|t:|1700059027\n|move|p1a: Ceaseless Majesty|Ceaseless Edge|p2a: Pelipper|[miss]\n|-miss|p1a: Ceaseless Majesty|p2a: Pelipper\n|move|p2a: Pelipper|Hurricane|p1a: Ceaseless Majesty\n|-damage|p1a: Ceaseless Majesty|64\/100\n|\n|-weather|RainDance|[upkeep]\n|upkeep\n|turn|2\n|c|\u2606coolmanbestguy123|...\n|\n|t:|1700059033\n|move|p1a: Ceaseless Majesty|Ceaseless Edge|p2a: Pelipper\n|-damage|p2a: Pelipper|67\/100\n|-sidestart|p2: carlitos250903|Spikes\n|move|p2a: Pelipper|U-turn|p1a: Ceaseless Majesty\n|-supereffective|p1a: Ceaseless Majesty\n|-damage|p1a: Ceaseless Majesty|41\/100\n|\n|t:|1700059046\n|switch|p2a: Tornadus|Tornadus-Therian, M, shiny|100\/100|[from] U-turn\n|\n|-weather|RainDance|[upkeep]\n|upkeep\n|turn|3\n|\n|t:|1700059054\n|move|p1a: Ceaseless Majesty|Aqua Jet|p2a: Tornadus\n|-damage|p2a: Tornadus|68\/100\n|move|p2a: Tornadus|Hurricane|p1a: Ceaseless Majesty\n|-damage|p1a: Ceaseless Majesty|0 fnt\n|faint|p1a: Ceaseless Majesty\n|\n|-weather|RainDance|[upkeep]\n|upkeep\n|\n|t:|1700059065\n|switch|p1a: Boo!|Tornadus-Therian, M|100\/100\n|turn|4\n|\n|t:|1700059072\n|move|p2a: Tornadus|Knock Off|p1a: Boo!\n|-damage|p1a: Boo!|81\/100\n|move|p1a: Boo!|Knock Off|p2a: Tornadus\n|-damage|p2a: Tornadus|44\/100\n|-enditem|p2a: Tornadus|Heavy-Duty Boots|[from] move: Knock Off|[of] p1a: Boo!\n|\n|-weather|RainDance|[upkeep]\n|upkeep\n|turn|5\n|\n|t:|1700059088\n|move|p2a: Tornadus|U-turn|p1a: Boo!\n|-resisted|p1a: Boo!\n|-damage|p1a: Boo!|71\/100\n|\n|t:|1700059091\n|switch|p2a: Ferrothorn|Ferrothorn, M, shiny|100\/100|[from] U-turn\n|-damage|p2a: Ferrothorn|88\/100|[from] Spikes\n|-zpower|p1a: Boo!\n|move|p1a: Boo!|Supersonic Skystrike|p2a: Ferrothorn|[zeffect]\n|-damage|p2a: Ferrothorn|32\/100\n|\n|-weather|RainDance|[upkeep]\n|-heal|p2a: Ferrothorn|38\/100|[from] item: Leftovers\n|upkeep\n|turn|6\n|\n|t:|1700059103\n|move|p1a: Boo!|Focus Blast|p2a: Ferrothorn|[miss]\n|-miss|p1a: Boo!|p2a: Ferrothorn\n|move|p2a: Ferrothorn|Leech Seed|p1a: Boo!\n|-start|p1a: Boo!|move: Leech Seed\n|\n|-weather|RainDance|[upkeep]\n|-heal|p2a: Ferrothorn|44\/100|[from] item: Leftovers\n|-damage|p1a: Boo!|58\/100|[from] Leech Seed|[of] p2a: Ferrothorn\n|-heal|p2a: Ferrothorn|54\/100|[silent]\n|upkeep\n|turn|7\n|c|\u2606carlitos250903|sorry\n|\n|t:|1700059115\n|move|p1a: Boo!|Focus Blast|p2a: Ferrothorn\n|-supereffective|p2a: Ferrothorn\n|-damage|p2a: Ferrothorn|9\/100\n|move|p2a: Ferrothorn|Stealth Rock|p1a: Boo!\n|-sidestart|p1: coolmanbestguy123|move: Stealth Rock\n|\n|-weather|RainDance|[upkeep]\n|-heal|p2a: Ferrothorn|15\/100|[from] item: Leftovers\n|-damage|p1a: Boo!|46\/100|[from] Leech Seed|[of] p2a: Ferrothorn\n|-heal|p2a: Ferrothorn|26\/100|[silent]\n|upkeep\n|turn|8\n|\n|t:|1700059122\n|switch|p2a: Tornadus|Tornadus-Therian, M, shiny|77\/100\n|move|p1a: Boo!|Hurricane|p2a: Tornadus\n|-damage|p2a: Tornadus|23\/100\n|\n|-weather|none\n|-damage|p1a: Boo!|34\/100|[from] Leech Seed|[of] p2a: Tornadus\n|-heal|p2a: Tornadus|33\/100|[silent]\n|upkeep\n|turn|9\n|\n|t:|1700059133\n|switch|p1a: Lalalando|Landorus-Therian, M|100\/100\n|-damage|p1a: Lalalando|88\/100|[from] Stealth Rock\n|-ability|p1a: Lalalando|Intimidate|boost\n|-unboost|p2a: Tornadus|atk|1\n|move|p2a: Tornadus|Hurricane|p1a: Lalalando\n|-damage|p1a: Lalalando|44\/100\n|\n|upkeep\n|turn|10\n|\n|t:|1700059147\n|switch|p2a: Ferrothorn|Ferrothorn, M, shiny|26\/100\n|-damage|p2a: Ferrothorn|13\/100|[from] Spikes\n|move|p1a: Lalalando|Defog|p2a: Ferrothorn\n|-unboost|p2a: Ferrothorn|evasion|1\n|-sideend|p2: carlitos250903|Spikes|[from] move: Defog|[of] p1a: Lalalando\n|-sideend|p1: coolmanbestguy123|Stealth Rock|[from] move: Defog|[of] p1a: Lalalando\n|\n|-heal|p2a: Ferrothorn|19\/100|[from] item: Leftovers\n|upkeep\n|turn|11\n|l| Aesiro13\n|\n|t:|1700059154\n|switch|p2a: Tornadus|Tornadus-Therian, M, shiny|66\/100\n|move|p1a: Lalalando|Earthquake|p2a: Tornadus\n|-immune|p2a: Tornadus\n|\n|upkeep\n|turn|12\n|\n|t:|1700059162\n|move|p2a: Tornadus|Knock Off|p1a: Lalalando\n|-damage|p1a: Lalalando|31\/100\n|-damage|p2a: Tornadus|50\/100|[from] item: Rocky Helmet|[of] p1a: Lalalando\n|-enditem|p1a: Lalalando|Rocky Helmet|[from] move: Knock Off|[of] p2a: Tornadus\n|move|p1a: Lalalando|Stealth Rock|p2a: Tornadus\n|-sidestart|p2: carlitos250903|move: Stealth Rock\n|\n|upkeep\n|turn|13\n|\n|t:|1700059171\n|move|p2a: Tornadus|Defog|p1a: Lalalando\n|-unboost|p1a: Lalalando|evasion|1\n|-sideend|p2: carlitos250903|Stealth Rock|[from] move: Defog|[of] p2a: Tornadus\n|move|p1a: Lalalando|U-turn|p2a: Tornadus\n|-resisted|p2a: Tornadus\n|-crit|p2a: Tornadus\n|-damage|p2a: Tornadus|29\/100\n|\n|t:|1700059175\n|switch|p1a: Child Support|Sneasler, F|100\/100|[from] U-turn\n|\n|upkeep\n|turn|14\n|\n|t:|1700059183\n|switch|p2a: Ferrothorn|Ferrothorn, M, shiny|19\/100\n|move|p1a: Child Support|Fake Out|p2a: Ferrothorn\n|-resisted|p2a: Ferrothorn\n|-damage|p2a: Ferrothorn|14\/100\n|-activate|p2a: Ferrothorn|ability: Iron Barbs\n|-activate|p1a: Child Support|item: Protective Pads\n|\n|-heal|p2a: Ferrothorn|20\/100|[from] item: Leftovers\n|upkeep\n|turn|15\n|\n|t:|1700059191\n|move|p1a: Child Support|Close Combat|p2a: Ferrothorn\n|-supereffective|p2a: Ferrothorn\n|-damage|p2a: Ferrothorn|0 fnt\n|-unboost|p1a: Child Support|def|1\n|-unboost|p1a: Child Support|spd|1\n|-activate|p2a: Ferrothorn|ability: Iron Barbs\n|-activate|p1a: Child Support|item: Protective Pads\n|faint|p2a: Ferrothorn\n|\n|upkeep\n|\n|t:|1700059198\n|switch|p2a: Pelipper|Pelipper, M|67\/100\n|-weather|RainDance|[from] ability: Drizzle|[of] p2a: Pelipper\n|turn|16\n|\n|t:|1700059204\n|move|p1a: Child Support|U-turn|p2a: Pelipper\n|-resisted|p2a: Pelipper\n|-damage|p2a: Pelipper|57\/100\n|\n|t:|1700059210\n|switch|p1a: Lalalando|Landorus-Therian, M|31\/100|[from] U-turn\n|-ability|p1a: Lalalando|Intimidate|boost\n|-unboost|p2a: Pelipper|atk|1\n|move|p2a: Pelipper|U-turn|p1a: Lalalando\n|-resisted|p1a: Lalalando\n|-damage|p1a: Lalalando|29\/100\n|\n|t:|1700059215\n|switch|p2a: Swampert|Swampert, M, shiny|100\/100|[from] U-turn\n|\n|-weather|RainDance|[upkeep]\n|upkeep\n|turn|17\n|\n|t:|1700059224\n|detailschange|p2a: Swampert|Swampert-Mega, M, shiny\n|-mega|p2a: Swampert|Swampert|Swampertite\n|move|p2a: Swampert|Bulk Up|p2a: Swampert\n|-boost|p2a: Swampert|atk|1\n|-boost|p2a: Swampert|def|1\n|move|p1a: Lalalando|Stealth Rock|p2a: Swampert\n|-sidestart|p2: carlitos250903|move: Stealth Rock\n|\n|-weather|RainDance|[upkeep]\n|upkeep\n|turn|18\n|\n|t:|1700059233\n|move|p2a: Swampert|Bulk Up|p2a: Swampert\n|-boost|p2a: Swampert|atk|1\n|-boost|p2a: Swampert|def|1\n|move|p1a: Lalalando|U-turn|p2a: Swampert\n|-damage|p2a: Swampert|90\/100\n|\n|t:|1700059239\n|switch|p1a: Child Support|Sneasler, F|100\/100|[from] U-turn\n|\n|-weather|RainDance|[upkeep]\n|upkeep\n|turn|19\n|\n|t:|1700059244\n|move|p1a: Child Support|Fake Out|p2a: Swampert\n|-damage|p2a: Swampert|84\/100\n|-status|p2a: Swampert|psn|[from] ability: Poison Touch|[of] p1a: Child Support\n|cant|p2a: Swampert|flinch\n|\n|-weather|RainDance|[upkeep]\n|-damage|p2a: Swampert|71\/100 psn|[from] psn\n|upkeep\n|turn|20\n|\n|t:|1700059252\n|switch|p1a: Lalalando|Landorus-Therian, M|29\/100\n|-ability|p1a: Lalalando|Intimidate|boost\n|-unboost|p2a: Swampert|atk|1\n|move|p2a: Swampert|Waterfall|p1a: Lalalando\n|-supereffective|p1a: Lalalando\n|-damage|p1a: Lalalando|0 fnt\n|faint|p1a: Lalalando\n|\n|-weather|RainDance|[upkeep]\n|-damage|p2a: Swampert|59\/100 psn|[from] psn\n|upkeep\n|\n|t:|1700059256\n|switch|p1a: Child Support|Sneasler, F|100\/100\n|turn|21\n|\n|t:|1700059262\n|move|p1a: Child Support|Fake Out|p2a: Swampert\n|-damage|p2a: Swampert|52\/100 psn\n|cant|p2a: Swampert|flinch\n|\n|-weather|RainDance|[upkeep]\n|-damage|p2a: Swampert|40\/100 psn|[from] psn\n|upkeep\n|turn|22\n|\n|t:|1700059270\n|switch|p1a: Boo!|Tornadus-Therian, M|67\/100\n|move|p2a: Swampert|Waterfall|p1a: Boo!\n|-damage|p1a: Boo!|0 fnt\n|faint|p1a: Boo!\n|\n|-weather|RainDance|[upkeep]\n|-damage|p2a: Swampert|28\/100 psn|[from] psn\n|upkeep\n|\n|t:|1700059278\n|switch|p1a: Child Support|Sneasler, F|100\/100\n|turn|23\n|\n|t:|1700059281\n|move|p1a: Child Support|Fake Out|p2a: Swampert\n|-damage|p2a: Swampert|21\/100 psn\n|cant|p2a: Swampert|flinch\n|\n|-weather|none\n|-damage|p2a: Swampert|9\/100 psn|[from] psn\n|upkeep\n|turn|24\n|\n|t:|1700059288\n|move|p1a: Child Support|Close Combat|p2a: Swampert\n|-damage|p2a: Swampert|0 fnt\n|-unboost|p1a: Child Support|def|1\n|-unboost|p1a: Child Support|spd|1\n|faint|p2a: Swampert\n|\n|upkeep\n|\n|t:|1700059298\n|switch|p2a: Pelipper|Pelipper, M|57\/100\n|-damage|p2a: Pelipper|32\/100|[from] Stealth Rock\n|-weather|RainDance|[from] ability: Drizzle|[of] p2a: Pelipper\n|turn|25\n|\n|t:|1700059305\n|move|p1a: Child Support|Dire Claw|p2a: Pelipper\n|-damage|p2a: Pelipper|0 fnt\n|faint|p2a: Pelipper\n|\n|-weather|RainDance|[upkeep]\n|upkeep\n|\n|t:|1700059310\n|switch|p2a: Barraskewda|Barraskewda, M|100\/100\n|-damage|p2a: Barraskewda|88\/100|[from] Stealth Rock\n|turn|26\n|\n|t:|1700059338\n|switch|p1a: Gardevoir|Gardevoir, F|100\/100\n|move|p2a: Barraskewda|Liquidation|p1a: Gardevoir\n|-damage|p1a: Gardevoir|0 fnt\n|faint|p1a: Gardevoir\n|\n|-weather|RainDance|[upkeep]\n|upkeep\n|\n|t:|1700059343\n|switch|p1a: Child Support|Sneasler, F|100\/100\n|turn|27\n|\n|t:|1700059346\n|move|p1a: Child Support|Fake Out|p2a: Barraskewda\n|-damage|p2a: Barraskewda|62\/100\n|cant|p2a: Barraskewda|flinch\n|\n|-weather|RainDance|[upkeep]\n|upkeep\n|turn|28\n|\n|t:|1700059355\n|move|p2a: Barraskewda|Liquidation|p1a: Child Support\n|-damage|p1a: Child Support|0 fnt\n|faint|p1a: Child Support\n|\n|-weather|RainDance|[upkeep]\n|upkeep\n|\n|t:|1700059359\n|switch|p1a: Danger!|Heatran, M|100\/100\n|turn|29\n|\n|t:|1700059364\n|move|p2a: Barraskewda|Liquidation|p1a: Danger!\n|-supereffective|p1a: Danger!\n|-damage|p1a: Danger!|0 fnt\n|faint|p1a: Danger!\n|\n|win|carlitos250903\n|n|\u2606coolmanbestguy123|coolmanbestguy123\n|n|\u2606carlitos250903|carlitos250903\n|n| Velcroc|velcroc\n","uploadtime":1700059365,"views":4,"p1id":"coolmanbestguy123","p2id":"carlitos250903","formatid":"gen9nationaldex","rating":0,"private":0,"password":""}