{"id":"gen9nationaldex-1998508698","p1":"mixco","p2":"famus123","format":"[Gen 9] National Dex","log":"|html|<div class=\"broadcast-blue\"><strong>[Gen 9] National Dex is currently suspecting Sneasler! For information on how to participate check out the <a href=\"https:\/\/www.smogon.com\/forums\/threads\/sv-national-dex-suspect-8-just-dance.3731534\/\">suspect thread<\/a>.<\/strong><\/div>\n|j|\u2606mixco\n|j|\u2606famus123\n|t:|1700950328\n|gametype|singles\n|player|p1|mixco|penny|\n|player|p2|famus123|kukui|\n|teamsize|p1|6\n|teamsize|p2|6\n|gen|9\n|tier|[Gen 9] National Dex\n|rule|HP Percentage Mod: HP is shown in percentages\n|rule|Endless Battle Clause: Forcing endless battles is banned\n|rule|OHKO Clause: OHKO moves are banned\n|rule|Evasion Clause: Evasion abilities, items, and moves are banned\n|rule|Evasion Abilities Clause: Evasion abilities are banned\n|rule|Evasion Items Clause: Evasion items are banned\n|rule|Evasion Moves Clause: Evasion moves are banned\n|rule|Species Clause: Limit one of each Pok\u00e9mon\n|rule|Sleep Clause Mod: Limit one foe put to sleep\n|clearpoke\n|poke|p1|Torkoal, M|\n|poke|p1|Cinderace, M|\n|poke|p1|Sandy Shocks|\n|poke|p1|Scovillain, M|\n|poke|p1|Mantine, M|\n|poke|p1|Great Tusk|\n|poke|p2|Tyranitar, F|\n|poke|p2|Alomomola, F|\n|poke|p2|Moltres|\n|poke|p2|Excadrill, F|\n|poke|p2|Celesteela|\n|poke|p2|Ogerpon-Cornerstone, F|\n|teampreview\n|\n|t:|1700950363\n|start\n|switch|p1a: Great Tusk|Great Tusk|100\/100\n|switch|p2a: the pajas|Moltres|100\/100\n|turn|1\n|inactive|Battle timer is ON: inactive players will automatically lose when time's up. (requested by famus123)\n|\n|t:|1700950369\n|-end|p1a: Great Tusk|Protosynthesis|[silent]\n|switch|p1a: Mantine|Mantine, M|100\/100\n|move|p2a: the pajas|Toxic|p1a: Mantine\n|-status|p1a: Mantine|tox\n|\n|-damage|p1a: Mantine|94\/100 tox|[from] psn\n|upkeep\n|turn|2\n|\n|t:|1700950378\n|switch|p2a: oxxo|Tyranitar, F|100\/100\n|-weather|Sandstorm|[from] ability: Sand Stream|[of] p2a: oxxo\n|move|p1a: Mantine|Scald|p2a: oxxo\n|-supereffective|p2a: oxxo\n|-damage|p2a: oxxo|74\/100\n|-status|p2a: oxxo|brn\n|\n|-weather|Sandstorm|[upkeep]\n|-damage|p1a: Mantine|88\/100 tox|[from] Sandstorm\n|-damage|p1a: Mantine|76\/100 tox|[from] psn\n|-damage|p2a: oxxo|68\/100 brn|[from] brn\n|upkeep\n|turn|3\n|\n|t:|1700950382\n|switch|p1a: Great Tusk|Great Tusk|100\/100\n|detailschange|p2a: oxxo|Tyranitar-Mega, F\n|-mega|p2a: oxxo|Tyranitar|Tyranitarite\n|move|p2a: oxxo|Stealth Rock|p1a: Great Tusk\n|-sidestart|p1: mixco|move: Stealth Rock\n|\n|-weather|Sandstorm|[upkeep]\n|-damage|p2a: oxxo|61\/100 brn|[from] brn\n|upkeep\n|turn|4\n|\n|t:|1700950392\n|switch|p2a: the pajas|Moltres|100\/100\n|move|p1a: Great Tusk|Stealth Rock|p2a: the pajas\n|-sidestart|p2: famus123|move: Stealth Rock\n|\n|-weather|Sandstorm|[upkeep]\n|-damage|p2a: the pajas|94\/100|[from] Sandstorm\n|upkeep\n|turn|5\n|\n|t:|1700950398\n|-end|p1a: Great Tusk|Protosynthesis|[silent]\n|switch|p1a: Mantine|Mantine, M|76\/100 tox\n|move|p2a: the pajas|Flamethrower|p1a: Mantine\n|-resisted|p1a: Mantine\n|-damage|p1a: Mantine|66\/100 tox\n|\n|-weather|Sandstorm|[upkeep]\n|-damage|p2a: the pajas|88\/100|[from] Sandstorm\n|-damage|p1a: Mantine|60\/100 tox|[from] Sandstorm\n|-damage|p1a: Mantine|54\/100 tox|[from] psn\n|upkeep\n|turn|6\n|\n|t:|1700950404\n|move|p2a: the pajas|Defog|p1a: Mantine\n|-unboost|p1a: Mantine|evasion|1\n|-sideend|p1: mixco|Stealth Rock|[from] move: Defog|[of] p2a: the pajas\n|-sideend|p2: famus123|Stealth Rock|[from] move: Defog|[of] p2a: the pajas\n|move|p1a: Mantine|Roost|p1a: Mantine\n|-heal|p1a: Mantine|100\/100 tox\n|-singleturn|p1a: Mantine|move: Roost\n|\n|-weather|none\n|-damage|p1a: Mantine|88\/100 tox|[from] psn\n|upkeep\n|turn|7\n|\n|t:|1700950411\n|switch|p1a: Torkoal|Torkoal, M|100\/100\n|-weather|SunnyDay|[from] ability: Drought|[of] p1a: Torkoal\n|move|p2a: the pajas|Flamethrower|p1a: Torkoal\n|-resisted|p1a: Torkoal\n|-damage|p1a: Torkoal|71\/100\n|\n|-weather|SunnyDay|[upkeep]\n|upkeep\n|turn|8\n|\n|t:|1700950419\n|move|p2a: the pajas|Toxic|p1a: Torkoal\n|-status|p1a: Torkoal|tox\n|move|p1a: Torkoal|Yawn|p2a: the pajas\n|-start|p2a: the pajas|move: Yawn|[of] p1a: Torkoal\n|\n|-weather|SunnyDay|[upkeep]\n|-damage|p1a: Torkoal|65\/100 tox|[from] psn\n|upkeep\n|turn|9\n|\n|t:|1700950423\n|switch|p2a: stardust|Alomomola, F, shiny|100\/100\n|move|p1a: Torkoal|Stealth Rock|p2a: stardust\n|-sidestart|p2: famus123|move: Stealth Rock\n|\n|-weather|SunnyDay|[upkeep]\n|-damage|p1a: Torkoal|52\/100 tox|[from] psn\n|upkeep\n|turn|10\n|\n|t:|1700950428\n|switch|p1a: Sandy Shocks|Sandy Shocks|100\/100\n|-activate|p1a: Sandy Shocks|ability: Protosynthesis\n|-start|p1a: Sandy Shocks|protosynthesisspa\n|move|p2a: stardust|Flip Turn|p1a: Sandy Shocks\n|-supereffective|p1a: Sandy Shocks\n|-damage|p1a: Sandy Shocks|82\/100\n|\n|t:|1700950432\n|switch|p2a: oxxo|Tyranitar-Mega, F|61\/100 brn|[from] Flip Turn\n|-damage|p2a: oxxo|49\/100 brn|[from] Stealth Rock\n|-weather|Sandstorm|[from] ability: Sand Stream|[of] p2a: oxxo\n|-end|p1a: Sandy Shocks|Protosynthesis\n|\n|-weather|Sandstorm|[upkeep]\n|-damage|p2a: oxxo|43\/100 brn|[from] brn\n|upkeep\n|turn|11\n|\n|t:|1700950445\n|move|p1a: Sandy Shocks|Volt Switch|p2a: oxxo\n|-damage|p2a: oxxo|25\/100 brn\n|\n|t:|1700950449\n|-end|p1a: Sandy Shocks|Protosynthesis|[silent]\n|switch|p1a: Great Tusk|Great Tusk|100\/100|[from] Volt Switch\n|move|p2a: oxxo|Knock Off|p1a: Great Tusk\n|-resisted|p1a: Great Tusk\n|-damage|p1a: Great Tusk|93\/100\n|-enditem|p1a: Great Tusk|Leftovers|[from] move: Knock Off|[of] p2a: oxxo\n|\n|-weather|Sandstorm|[upkeep]\n|-damage|p2a: oxxo|19\/100 brn|[from] brn\n|upkeep\n|turn|12\n|\n|t:|1700950454\n|move|p2a: oxxo|Stealth Rock|p1a: Great Tusk\n|-sidestart|p1: mixco|move: Stealth Rock\n|move|p1a: Great Tusk|Knock Off|p2a: oxxo\n|-resisted|p2a: oxxo\n|-damage|p2a: oxxo|13\/100 brn\n|\n|-weather|Sandstorm|[upkeep]\n|-damage|p2a: oxxo|7\/100 brn|[from] brn\n|upkeep\n|turn|13\n|j| GabrieLopez\n|\n|t:|1700950458\n|switch|p2a: the pajas|Moltres|88\/100\n|move|p1a: Great Tusk|Knock Off|p2a: the pajas\n|-damage|p2a: the pajas|67\/100\n|-enditem|p2a: the pajas|Heavy-Duty Boots|[from] move: Knock Off|[of] p1a: Great Tusk\n|\n|-weather|Sandstorm|[upkeep]\n|-damage|p2a: the pajas|61\/100|[from] Sandstorm\n|upkeep\n|turn|14\n|\n|t:|1700950465\n|-end|p1a: Great Tusk|Protosynthesis|[silent]\n|switch|p1a: Mantine|Mantine, M|88\/100 tox\n|move|p2a: the pajas|Flamethrower|p1a: Mantine\n|-resisted|p1a: Mantine\n|-damage|p1a: Mantine|79\/100 tox\n|\n|-weather|none\n|-damage|p1a: Mantine|73\/100 tox|[from] psn\n|upkeep\n|turn|15\n|\n|t:|1700950471\n|move|p2a: the pajas|Defog|p1a: Mantine\n|-unboost|p1a: Mantine|evasion|1\n|-sideend|p1: mixco|Stealth Rock|[from] move: Defog|[of] p2a: the pajas\n|-sideend|p2: famus123|Stealth Rock|[from] move: Defog|[of] p2a: the pajas\n|move|p1a: Mantine|Scald|p2a: the pajas\n|-supereffective|p2a: the pajas\n|-damage|p2a: the pajas|9\/100\n|\n|-damage|p1a: Mantine|61\/100 tox|[from] psn\n|upkeep\n|turn|16\n|\n|t:|1700950475\n|switch|p1a: Torkoal|Torkoal, M|52\/100 tox\n|-weather|SunnyDay|[from] ability: Drought|[of] p1a: Torkoal\n|move|p2a: the pajas|Roost|p2a: the pajas\n|-heal|p2a: the pajas|59\/100\n|-singleturn|p2a: the pajas|move: Roost\n|\n|-weather|SunnyDay|[upkeep]\n|-damage|p1a: Torkoal|46\/100 tox|[from] psn\n|upkeep\n|turn|17\n|\n|t:|1700950487\n|move|p2a: the pajas|Roost|p2a: the pajas\n|-heal|p2a: the pajas|100\/100\n|-singleturn|p2a: the pajas|move: Roost\n|move|p1a: Torkoal|Stealth Rock|p2a: the pajas\n|-sidestart|p2: famus123|move: Stealth Rock\n|\n|-weather|SunnyDay|[upkeep]\n|-damage|p1a: Torkoal|34\/100 tox|[from] psn\n|upkeep\n|turn|18\n|\n|t:|1700950494\n|switch|p1a: Sandy Shocks|Sandy Shocks|82\/100\n|-activate|p1a: Sandy Shocks|ability: Protosynthesis\n|-start|p1a: Sandy Shocks|protosynthesisspa\n|move|p2a: the pajas|Flamethrower|p1a: Sandy Shocks\n|-damage|p1a: Sandy Shocks|11\/100\n|-status|p1a: Sandy Shocks|brn\n|\n|-weather|SunnyDay|[upkeep]\n|-damage|p1a: Sandy Shocks|5\/100 brn|[from] brn\n|upkeep\n|turn|19\n|\n|t:|1700950504\n|switch|p2a: spin or eq ?|Excadrill, F|100\/100\n|-damage|p2a: spin or eq ?|97\/100|[from] Stealth Rock\n|move|p1a: Sandy Shocks|Volt Switch|p2a: spin or eq ?\n|-immune|p2a: spin or eq ?\n|\n|-weather|SunnyDay|[upkeep]\n|-damage|p1a: Sandy Shocks|0 fnt|[from] brn\n|faint|p1a: Sandy Shocks\n|-end|p1a: Sandy Shocks|Protosynthesis|[silent]\n|upkeep\n|\n|t:|1700950511\n|switch|p1a: Scovillain|Scovillain, M|100\/100\n|turn|20\n|\n|t:|1700950516\n|switch|p2a: oxxo|Tyranitar-Mega, F|7\/100 brn\n|-damage|p2a: oxxo|0 fnt|[from] Stealth Rock\n|faint|p2a: oxxo\n|move|p1a: Scovillain|Overheat|p2: oxxo|[notarget]\n|-fail|p1a: Scovillain\n|\n|-weather|SunnyDay|[upkeep]\n|upkeep\n|\n|t:|1700950527\n|switch|p2a: the pajas|Moltres|100\/100\n|-damage|p2a: the pajas|51\/100|[from] Stealth Rock\n|turn|21\n|\n|t:|1700950539\n|-terastallize|p1a: Scovillain|Fire\n|move|p1a: Scovillain|Overheat|p2a: the pajas|[miss]\n|-miss|p1a: Scovillain|p2a: the pajas\n|move|p2a: the pajas|Toxic|p1a: Scovillain\n|-status|p1a: Scovillain|tox\n|\n|-weather|SunnyDay|[upkeep]\n|-damage|p1a: Scovillain|95\/100 tox|[from] psn\n|upkeep\n|turn|22\n|c|\u2606mixco|Dios mio\n|\n|t:|1700950554\n|move|p1a: Scovillain|Overheat|p2a: the pajas\n|-resisted|p2a: the pajas\n|-damage|p2a: the pajas|0 fnt\n|-unboost|p1a: Scovillain|spa|2\n|faint|p2a: the pajas\n|-damage|p1a: Scovillain|85\/100 tox|[from] item: Life Orb\n|\n|-weather|SunnyDay|[upkeep]\n|-damage|p1a: Scovillain|73\/100 tox|[from] psn\n|upkeep\n|\n|t:|1700950568\n|switch|p2a: stardust|Alomomola, F, shiny|100\/100\n|-damage|p2a: stardust|88\/100|[from] Stealth Rock\n|turn|23\n|\n|t:|1700950574\n|switch|p1a: Mantine|Mantine, M|61\/100 tox\n|move|p2a: stardust|Protect||[still]\n|-fail|p2a: stardust\n|\n|-weather|none\n|-damage|p1a: Mantine|55\/100 tox|[from] psn\n|upkeep\n|turn|24\n|\n|t:|1700950584\n|move|p1a: Mantine|Roost|p1a: Mantine\n|-heal|p1a: Mantine|100\/100 tox\n|-singleturn|p1a: Mantine|move: Roost\n|move|p2a: stardust|Flip Turn|p1a: Mantine\n|-immune|p1a: Mantine|[from] ability: Water Absorb\n|\n|-damage|p1a: Mantine|88\/100 tox|[from] psn\n|upkeep\n|turn|25\n|c|\u2606famus123|mierd\n|c|\u2606famus123|siempre se me olvida\n|c|\u2606famus123|la cochina habilidad\n|\n|t:|1700950603\n|move|p1a: Mantine|Scald|p2a: stardust\n|-resisted|p2a: stardust\n|-damage|p2a: stardust|76\/100\n|move|p2a: stardust|Toxic|p1a: Mantine\n|-fail|p1a: Mantine|tox\n|\n|-damage|p1a: Mantine|70\/100 tox|[from] psn\n|upkeep\n|turn|26\n|\n|t:|1700950609\n|move|p1a: Mantine|Toxic|p2a: stardust\n|-status|p2a: stardust|tox\n|move|p2a: stardust|Toxic|p1a: Mantine\n|-fail|p1a: Mantine|tox\n|\n|-damage|p1a: Mantine|45\/100 tox|[from] psn\n|-damage|p2a: stardust|70\/100 tox|[from] psn\n|upkeep\n|turn|27\n|\n|t:|1700950615\n|switch|p1a: Torkoal|Torkoal, M|34\/100 tox\n|-weather|SunnyDay|[from] ability: Drought|[of] p1a: Torkoal\n|move|p2a: stardust|Toxic|p1a: Torkoal\n|-fail|p1a: Torkoal|tox\n|\n|-weather|SunnyDay|[upkeep]\n|-damage|p2a: stardust|58\/100 tox|[from] psn\n|-damage|p1a: Torkoal|28\/100 tox|[from] psn\n|upkeep\n|turn|28\n|\n|t:|1700950621\n|switch|p2a: spin or eq ?|Excadrill, F|97\/100\n|-damage|p2a: spin or eq ?|94\/100|[from] Stealth Rock\n|switch|p1a: Mantine|Mantine, M|45\/100 tox\n|\n|-weather|SunnyDay|[upkeep]\n|-damage|p1a: Mantine|39\/100 tox|[from] psn\n|upkeep\n|turn|29\n|\n|t:|1700950624\n|switch|p1a: Great Tusk|Great Tusk|93\/100\n|-activate|p1a: Great Tusk|ability: Protosynthesis\n|-start|p1a: Great Tusk|protosynthesisdef\n|move|p2a: spin or eq ?|Rapid Spin|p1a: Great Tusk\n|-damage|p1a: Great Tusk|86\/100\n|-boost|p2a: spin or eq ?|spe|1\n|-sideend|p2: famus123|Stealth Rock|[from] move: Rapid Spin|[of] p2a: spin or eq ?\n|\n|-weather|SunnyDay|[upkeep]\n|upkeep\n|turn|30\n|\n|t:|1700950633\n|move|p2a: spin or eq ?|Swords Dance|p2a: spin or eq ?\n|-boost|p2a: spin or eq ?|atk|2\n|move|p1a: Great Tusk|Body Press|p2a: spin or eq ?\n|-supereffective|p2a: spin or eq ?\n|-damage|p2a: spin or eq ?|0 fnt\n|faint|p2a: spin or eq ?\n|\n|-weather|SunnyDay|[upkeep]\n|upkeep\n|\n|t:|1700950638\n|switch|p2a: Celesteela|Celesteela|100\/100\n|turn|31\n|\n|t:|1700950649\n|-end|p1a: Great Tusk|Protosynthesis|[silent]\n|switch|p1a: Nico|Cinderace, M|100\/100\n|move|p2a: Celesteela|Flamethrower|p1a: Nico\n|-resisted|p1a: Nico\n|-damage|p1a: Nico|76\/100\n|\n|-weather|SunnyDay|[upkeep]\n|upkeep\n|turn|32\n|\n|t:|1700950656\n|switch|p2a: stardust|Alomomola, F, shiny|91\/100 tox\n|move|p1a: Nico|Pyro Ball|p2a: stardust\n|-resisted|p2a: stardust\n|-damage|p2a: stardust|53\/100 tox\n|\n|-weather|SunnyDay|[upkeep]\n|-damage|p2a: stardust|47\/100 tox|[from] psn\n|upkeep\n|turn|33\n|\n|t:|1700950668\n|switch|p1a: Mantine|Mantine, M|39\/100 tox\n|move|p2a: stardust|Flip Turn|p1a: Mantine\n|-heal|p1a: Mantine|64\/100 tox|[from] ability: Water Absorb|[of] p2a: stardust\n|\n|-weather|SunnyDay|[upkeep]\n|-damage|p1a: Mantine|58\/100 tox|[from] psn\n|-damage|p2a: stardust|35\/100 tox|[from] psn\n|upkeep\n|turn|34\n|\n|t:|1700950674\n|switch|p2a: taku lapu|Ogerpon-Cornerstone, F|100\/100\n|move|p1a: Mantine|Roost|p1a: Mantine\n|-heal|p1a: Mantine|100\/100 tox\n|-singleturn|p1a: Mantine|move: Roost\n|\n|-weather|none\n|-damage|p1a: Mantine|88\/100 tox|[from] psn\n|upkeep\n|turn|35\n|\n|t:|1700950680\n|switch|p1a: Great Tusk|Great Tusk|86\/100\n|move|p2a: taku lapu|Swords Dance|p2a: taku lapu\n|-boost|p2a: taku lapu|atk|2\n|\n|upkeep\n|turn|36\n|\n|t:|1700950695\n|move|p2a: taku lapu|Swords Dance|p2a: taku lapu\n|-boost|p2a: taku lapu|atk|2\n|move|p1a: Great Tusk|Body Press|p2a: taku lapu\n|-supereffective|p2a: taku lapu\n|-ability|p2a: taku lapu|Sturdy\n|-damage|p2a: taku lapu|1\/100\n|\n|upkeep\n|turn|37\n|\n|t:|1700950700\n|move|p2a: taku lapu|Horn Leech|p1a: Great Tusk\n|-supereffective|p1a: Great Tusk\n|-damage|p1a: Great Tusk|0 fnt\n|-heal|p2a: taku lapu|63\/100|[from] drain|[of] p1a: Great Tusk\n|faint|p1a: Great Tusk\n|-end|p1a: Great Tusk|Protosynthesis|[silent]\n|\n|upkeep\n|\n|t:|1700950702\n|switch|p1a: Nico|Cinderace, M|76\/100\n|turn|38\n|\n|t:|1700950707\n|switch|p2a: stardust|Alomomola, F, shiny|68\/100 tox\n|move|p1a: Nico|U-turn|p2a: stardust\n|-start|p1a: Nico|typechange|Bug|[from] ability: Libero\n|-damage|p2a: stardust|41\/100 tox\n|-damage|p1a: Nico|60\/100|[from] item: Rocky Helmet|[of] p2a: stardust\n|\n|t:|1700950727\n|switch|p1a: Torkoal|Torkoal, M|28\/100 tox|[from] U-turn\n|-weather|SunnyDay|[from] ability: Drought|[of] p1a: Torkoal\n|\n|-weather|SunnyDay|[upkeep]\n|-damage|p2a: stardust|35\/100 tox|[from] psn\n|-damage|p1a: Torkoal|22\/100 tox|[from] psn\n|upkeep\n|turn|39\n|\n|t:|1700950733\n|move|p2a: stardust|Healing Wish|p2a: stardust\n|faint|p2a: stardust\n|move|p1a: Torkoal|Stealth Rock|p2: stardust\n|-sidestart|p2: famus123|move: Stealth Rock\n|\n|-weather|SunnyDay|[upkeep]\n|-damage|p1a: Torkoal|9\/100 tox|[from] psn\n|upkeep\n|\n|t:|1700950734\n|switch|p2a: taku lapu|Ogerpon-Cornerstone, F|63\/100\n|-heal|p2a: taku lapu|100\/100|[from] move: Healing Wish\n|-damage|p2a: taku lapu|88\/100|[from] Stealth Rock\n|turn|40\n|\n|t:|1700950742\n|move|p2a: taku lapu|Ivy Cudgel|p1a: Torkoal|[anim] Ivy Cudgel Rock\n|-supereffective|p1a: Torkoal\n|-damage|p1a: Torkoal|0 fnt\n|faint|p1a: Torkoal\n|\n|-weather|SunnyDay|[upkeep]\n|upkeep\n|\n|t:|1700950752\n|switch|p1a: Nico|Cinderace, M|60\/100\n|turn|41\n|\n|t:|1700950760\n|-terastallize|p2a: taku lapu|Rock\n|detailschange|p2a: taku lapu|Ogerpon-Cornerstone-Tera, F, tera:Rock\n|-ability|p2a: taku lapu|Embody Aspect (Cornerstone)|boost\n|-boost|p2a: taku lapu|def|1\n|move|p1a: Nico|U-turn|p2a: taku lapu\n|-start|p1a: Nico|typechange|Bug|[from] ability: Libero\n|-damage|p2a: taku lapu|43\/100\n|\n|t:|1700950768\n|switch|p1a: Mantine|Mantine, M|88\/100 tox|[from] U-turn\n|move|p2a: taku lapu|Ivy Cudgel|p1a: Mantine|[anim] Ivy Cudgel Rock\n|-supereffective|p1a: Mantine\n|-damage|p1a: Mantine|0 fnt\n|faint|p1a: Mantine\n|\n|-weather|SunnyDay|[upkeep]\n|upkeep\n|\n|t:|1700950772\n|switch|p1a: Scovillain|Scovillain, M, tera:Fire|73\/100 tox\n|turn|42\n|\n|t:|1700950777\n|move|p1a: Scovillain|Overheat|p2a: taku lapu\n|-resisted|p2a: taku lapu\n|-damage|p2a: taku lapu|0 fnt\n|-unboost|p1a: Scovillain|spa|2\n|faint|p2a: taku lapu\n|-damage|p1a: Scovillain|63\/100 tox|[from] item: Life Orb\n|\n|-weather|SunnyDay|[upkeep]\n|-damage|p1a: Scovillain|57\/100 tox|[from] psn\n|upkeep\n|\n|t:|1700950780\n|switch|p2a: Celesteela|Celesteela|100\/100\n|-damage|p2a: Celesteela|88\/100|[from] Stealth Rock\n|turn|43\n|\n|t:|1700950783\n|move|p1a: Scovillain|Overheat|p2a: Celesteela\n|-supereffective|p2a: Celesteela\n|-damage|p2a: Celesteela|0 fnt\n|-unboost|p1a: Scovillain|spa|2\n|faint|p2a: Celesteela\n|-damage|p1a: Scovillain|47\/100 tox|[from] item: Life Orb\n|\n|win|mixco\n|c|\u2606famus123|ggg\n|c|\u2606mixco|gg\n|l|\u2606famus123\n","uploadtime":1700950806,"views":11,"p1id":"mixco","p2id":"famus123","formatid":"gen9nationaldex","rating":0,"private":0,"password":""}