{"id":"gen9nationaldex-1999630329","p1":"A-fishing-kobold","p2":"Iamnewmeta","format":"[Gen 9] National Dex","log":"|html|<div class=\"broadcast-blue\"><strong>[Gen 9] National Dex is currently suspecting Sneasler! For information on how to participate check out the <a href=\"https:\/\/www.smogon.com\/forums\/threads\/sv-national-dex-suspect-8-just-dance.3731534\/\">suspect thread<\/a>.<\/strong><\/div>\n|j|\u2606A-fishing-kobold\n|j|\u2606Iamnewmeta\n|t:|1701102785\n|gametype|singles\n|player|p1|A-fishing-kobold|fisherman-gen4|1213\n|player|p2|Iamnewmeta|marnie-masters|1159\n|teamsize|p1|6\n|teamsize|p2|6\n|gen|9\n|tier|[Gen 9] National Dex\n|rated|\n|rule|HP Percentage Mod: HP is shown in percentages\n|rule|Endless Battle Clause: Forcing endless battles is banned\n|rule|OHKO Clause: OHKO moves are banned\n|rule|Evasion Clause: Evasion abilities, items, and moves are banned\n|rule|Evasion Abilities Clause: Evasion abilities are banned\n|rule|Evasion Items Clause: Evasion items are banned\n|rule|Evasion Moves Clause: Evasion moves are banned\n|rule|Species Clause: Limit one of each Pok\u00e9mon\n|rule|Sleep Clause Mod: Limit one foe put to sleep\n|clearpoke\n|poke|p1|Aggron, M|\n|poke|p1|Ribombee, M|\n|poke|p1|Iron Valiant|\n|poke|p1|Medicham, M|\n|poke|p1|Shuckle, M|\n|poke|p1|Ogerpon-Wellspring, F|\n|poke|p2|Swampert, M|\n|poke|p2|Serperior, F|\n|poke|p2|Dragonite, M|\n|poke|p2|Corviknight, M|\n|poke|p2|Tapu Koko|\n|poke|p2|Blaziken, M|\n|teampreview\n|inactive|Battle timer is ON: inactive players will automatically lose when time's up. (requested by A-fishing-kobold)\n|\n|t:|1701102801\n|start\n|switch|p1a: Ribombee|Ribombee, M|100\/100\n|switch|p2a: Kroolik|Swampert, M|100\/100\n|turn|1\n|\n|t:|1701102807\n|move|p1a: Ribombee|Energy Ball|p2a: Kroolik\n|-supereffective|p2a: Kroolik\n|-damage|p2a: Kroolik|1\/100\n|move|p2a: Kroolik|Stealth Rock|p1a: Ribombee\n|-sidestart|p1: A-fishing-kobold|move: Stealth Rock\n|\n|upkeep\n|turn|2\n|\n|t:|1701102814\n|move|p1a: Ribombee|Sticky Web|p2a: Kroolik\n|-sidestart|p2: Iamnewmeta|move: Sticky Web\n|move|p2a: Kroolik|Flip Turn|p1a: Ribombee\n|-damage|p1a: Ribombee|59\/100\n|\n|t:|1701102822\n|switch|p2a: Russel Krow|Corviknight, M|100\/100|[from] Flip Turn\n|-ability|p2a: Russel Krow|Pressure\n|\n|upkeep\n|turn|3\n|\n|t:|1701102830\n|switch|p1a: Medicham|Medicham, M|100\/100\n|-damage|p1a: Medicham|94\/100|[from] Stealth Rock\n|move|p2a: Russel Krow|U-turn|p1a: Medicham\n|-damage|p1a: Medicham|71\/100\n|\n|t:|1701102851\n|switch|p2a: LibraLicksToes|Serperior, F|100\/100|[from] U-turn\n|-activate|p2a: LibraLicksToes|move: Sticky Web\n|-boost|p2a: LibraLicksToes|spe|1\n|\n|upkeep\n|turn|4\n|\n|t:|1701102857\n|detailschange|p1a: Medicham|Medicham-Mega, M\n|-mega|p1a: Medicham|Medicham|Medichamite\n|move|p2a: LibraLicksToes|Substitute|p2a: LibraLicksToes\n|-start|p2a: LibraLicksToes|Substitute\n|-damage|p2a: LibraLicksToes|76\/100\n|move|p1a: Medicham|Ice Punch|p2a: LibraLicksToes\n|-supereffective|p2a: LibraLicksToes\n|-end|p2a: LibraLicksToes|Substitute\n|\n|-heal|p2a: LibraLicksToes|82\/100|[from] item: Leftovers\n|upkeep\n|turn|5\n|\n|t:|1701102866\n|move|p2a: LibraLicksToes|Leaf Storm|p1a: Medicham\n|-damage|p1a: Medicham|0 fnt\n|-boost|p2a: LibraLicksToes|spa|2\n|faint|p1a: Medicham\n|\n|-heal|p2a: LibraLicksToes|88\/100|[from] item: Leftovers\n|upkeep\n|\n|t:|1701102871\n|switch|p1a: Iron Valiant|Iron Valiant|100\/100\n|-damage|p1a: Iron Valiant|94\/100|[from] Stealth Rock\n|-enditem|p1a: Iron Valiant|Booster Energy\n|-activate|p1a: Iron Valiant|ability: Quark Drive|[fromitem]\n|-start|p1a: Iron Valiant|quarkdrivespe\n|turn|6\n|j|+Wildfiree\n|l|+Wildfiree\n|\n|t:|1701102879\n|move|p1a: Iron Valiant|Moonblast|p2a: LibraLicksToes\n|-damage|p2a: LibraLicksToes|26\/100\n|move|p2a: LibraLicksToes|Substitute|p2a: LibraLicksToes\n|-start|p2a: LibraLicksToes|Substitute\n|-damage|p2a: LibraLicksToes|1\/100\n|\n|-heal|p2a: LibraLicksToes|7\/100|[from] item: Leftovers\n|upkeep\n|turn|7\n|\n|t:|1701102887\n|move|p1a: Iron Valiant|Moonblast|p2a: LibraLicksToes\n|-end|p2a: LibraLicksToes|Substitute\n|move|p2a: LibraLicksToes|Leaf Storm|p1a: Iron Valiant\n|-damage|p1a: Iron Valiant|0 fnt\n|-boost|p2a: LibraLicksToes|spa|2\n|faint|p1a: Iron Valiant\n|-end|p1a: Iron Valiant|Quark Drive|[silent]\n|\n|-heal|p2a: LibraLicksToes|14\/100|[from] item: Leftovers\n|upkeep\n|\n|t:|1701102898\n|switch|p1a: Ogerpon|Ogerpon-Wellspring, F|100\/100\n|-damage|p1a: Ogerpon|88\/100|[from] Stealth Rock\n|turn|8\n|\n|t:|1701102903\n|move|p2a: LibraLicksToes|Leaf Storm|p1a: Ogerpon\n|-damage|p1a: Ogerpon|0 fnt\n|-boost|p2a: LibraLicksToes|spa|2\n|faint|p1a: Ogerpon\n|\n|-heal|p2a: LibraLicksToes|20\/100|[from] item: Leftovers\n|upkeep\n|-message|A-fishing-kobold forfeited.\n|\n|win|Iamnewmeta\n|raw|A-fishing-kobold's rating: 1213 &rarr; <strong>1184<\/strong><br \/>(-29 for losing)\n|raw|Iamnewmeta's rating: 1159 &rarr; <strong>1188<\/strong><br \/>(+29 for winning)\n|l|\u2606A-fishing-kobold\n","uploadtime":1701102912,"views":6,"p1id":"afishingkobold","p2id":"iamnewmeta","formatid":"gen9nationaldex","rating":1184,"private":0,"password":""}