{"id":"gen9nationaldex-1992872674","p1":"sephdoespokemon","p2":"Francoise Fat","format":"[Gen 9] National Dex","log":"|j|\u2606sephdoespokemon\n|j|\u2606Francoise Fat\n|t:|1700242774\n|gametype|singles\n|player|p1|sephdoespokemon|265|1220\n|player|p2|Francoise Fat|rosa-masters|1288\n|teamsize|p1|6\n|teamsize|p2|6\n|gen|9\n|tier|[Gen 9] National Dex\n|rated|\n|rule|HP Percentage Mod: HP is shown in percentages\n|rule|Endless Battle Clause: Forcing endless battles is banned\n|rule|OHKO Clause: OHKO moves are banned\n|rule|Evasion Clause: Evasion abilities, items, and moves are banned\n|rule|Evasion Abilities Clause: Evasion abilities are banned\n|rule|Evasion Items Clause: Evasion items are banned\n|rule|Evasion Moves Clause: Evasion moves are banned\n|rule|Species Clause: Limit one of each Pok\u00e9mon\n|rule|Sleep Clause Mod: Limit one foe put to sleep\n|clearpoke\n|poke|p1|Gardevoir, F|\n|poke|p1|Serperior, M|\n|poke|p1|Ninjask, M|\n|poke|p1|Landorus-Therian, M|\n|poke|p1|Ursaluna, F|\n|poke|p1|Chandelure, F|\n|poke|p2|Tyranitar, M|\n|poke|p2|Aggron, F|\n|poke|p2|Garchomp, F|\n|poke|p2|Dracozolt|\n|poke|p2|Houndstone, M|\n|poke|p2|Iron Treads|\n|teampreview\n|\n|t:|1700242807\n|start\n|switch|p1a: Ursaluna|Ursaluna, F|100\/100\n|switch|p2a: Tyranitar|Tyranitar, M, shiny|100\/100\n|-weather|Sandstorm|[from] ability: Sand Stream|[of] p2a: Tyranitar\n|turn|1\n|\n|t:|1700242814\n|move|p2a: Tyranitar|Knock Off|p1a: Ursaluna\n|-damage|p1a: Ursaluna|60\/100\n|-enditem|p1a: Ursaluna|Flame Orb|[from] move: Knock Off|[of] p2a: Tyranitar\n|move|p1a: Ursaluna|Close Combat|p2a: Tyranitar\n|-supereffective|p2a: Tyranitar\n|-damage|p2a: Tyranitar|0 fnt\n|-unboost|p1a: Ursaluna|def|1\n|-unboost|p1a: Ursaluna|spd|1\n|faint|p2a: Tyranitar\n|\n|-weather|Sandstorm|[upkeep]\n|upkeep\n|\n|t:|1700242826\n|switch|p2a: Iron Treads|Iron Treads|100\/100\n|-enditem|p2a: Iron Treads|Booster Energy\n|-activate|p2a: Iron Treads|ability: Quark Drive|[fromitem]\n|-start|p2a: Iron Treads|quarkdrivespe\n|turn|2\n|\n|t:|1700242832\n|-terastallize|p2a: Iron Treads|Ice\n|move|p2a: Iron Treads|Ice Spinner|p1a: Ursaluna\n|-supereffective|p1a: Ursaluna\n|-damage|p1a: Ursaluna|0 fnt\n|faint|p1a: Ursaluna\n|\n|-weather|Sandstorm|[upkeep]\n|-damage|p2a: Iron Treads|94\/100|[from] Sandstorm\n|upkeep\n|\n|t:|1700242839\n|switch|p1a: Chandelure|Chandelure, F|100\/100\n|turn|3\n|\n|t:|1700242842\n|move|p2a: Iron Treads|Earthquake|p1a: Chandelure\n|-supereffective|p1a: Chandelure\n|-damage|p1a: Chandelure|0 fnt\n|faint|p1a: Chandelure\n|\n|-weather|Sandstorm|[upkeep]\n|-damage|p2a: Iron Treads|88\/100|[from] Sandstorm\n|upkeep\n|\n|t:|1700242848\n|switch|p1a: Landorus|Landorus-Therian, M|100\/100\n|-ability|p1a: Landorus|Intimidate|boost\n|-unboost|p2a: Iron Treads|atk|1\n|turn|4\n|\n|t:|1700242853\n|move|p2a: Iron Treads|Ice Spinner|p1a: Landorus\n|-supereffective|p1a: Landorus\n|-damage|p1a: Landorus|0 fnt\n|faint|p1a: Landorus\n|\n|-weather|Sandstorm|[upkeep]\n|-damage|p2a: Iron Treads|82\/100|[from] Sandstorm\n|upkeep\n|\n|t:|1700242860\n|switch|p1a: Ninjask|Ninjask, M|100\/100\n|turn|5\n|\n|t:|1700242868\n|move|p2a: Iron Treads|Ice Spinner|p1a: Ninjask\n|-supereffective|p1a: Ninjask\n|-enditem|p1a: Ninjask|Focus Sash\n|-damage|p1a: Ninjask|1\/100\n|move|p1a: Ninjask|Acrobatics|p2a: Iron Treads\n|-damage|p2a: Iron Treads|43\/100\n|\n|-weather|Sandstorm|[upkeep]\n|-damage|p2a: Iron Treads|36\/100|[from] Sandstorm\n|-damage|p1a: Ninjask|0 fnt|[from] Sandstorm\n|faint|p1a: Ninjask\n|upkeep\n|\n|t:|1700242875\n|switch|p1a: Serperior|Serperior, M|100\/100\n|turn|6\n|\n|t:|1700242879\n|move|p2a: Iron Treads|Ice Spinner|p1a: Serperior\n|-supereffective|p1a: Serperior\n|-damage|p1a: Serperior|40\/100\n|move|p1a: Serperior|Leaf Storm|p2a: Iron Treads\n|-damage|p2a: Iron Treads|0 fnt\n|-boost|p1a: Serperior|spa|2\n|faint|p2a: Iron Treads\n|-end|p2a: Iron Treads|Quark Drive|[silent]\n|\n|-weather|Sandstorm|[upkeep]\n|-damage|p1a: Serperior|34\/100|[from] Sandstorm\n|upkeep\n|\n|t:|1700242883\n|switch|p2a: Dracozolt|Dracozolt|100\/100\n|turn|7\n|\n|t:|1700242887\n|move|p2a: Dracozolt|Bolt Beak|p1a: Serperior\n|-resisted|p1a: Serperior\n|-damage|p1a: Serperior|0 fnt\n|faint|p1a: Serperior\n|\n|-weather|Sandstorm|[upkeep]\n|upkeep\n|\n|t:|1700242891\n|switch|p1a: Gardevoir|Gardevoir, F|100\/100\n|turn|8\n|\n|t:|1700242894\n|detailschange|p1a: Gardevoir|Gardevoir-Mega, F\n|-mega|p1a: Gardevoir|Gardevoir|Gardevoirite\n|move|p2a: Dracozolt|Bolt Beak|p1a: Gardevoir\n|-damage|p1a: Gardevoir|0 fnt\n|faint|p1a: Gardevoir\n|\n|win|Francoise Fat\n|raw|sephdoespokemon's rating: 1220 &rarr; <strong>1200<\/strong><br \/>(-20 for losing)\n|raw|Francoise Fat's rating: 1288 &rarr; <strong>1308<\/strong><br \/>(+20 for winning)\n|c|\u2606sephdoespokemon|welp\n|c|\u2606sephdoespokemon|gg\n|c|\u2606Francoise Fat|gl on next\n|c|\u2606Francoise Fat|i think'\n|c|\u2606Francoise Fat|hmm\n|c|\u2606sephdoespokemon|u too\n|c|\u2606Francoise Fat|you could invest a little more bulk into lando\n|c|\u2606Francoise Fat|i know there are like a million combos\n|c|\u2606Francoise Fat|the OHKO wasnt guaranteed methinks\n|c|\u2606sephdoespokemon|it's just a speed clear for some other things\n|c|\u2606Francoise Fat|right right i get that\n|c|\u2606Francoise Fat|youll make it work\n|c|\u2606sephdoespokemon|i don't see a lot of speed boosted by terrain to be honest\n|c|\u2606Francoise Fat|be well son\n|c|\u2606sephdoespokemon|see ya\n","uploadtime":1700242899,"views":7,"p1id":"sephdoespokemon","p2id":"francoisefat","formatid":"gen9nationaldex","rating":1200,"private":0,"password":""}