{"id":"gen9nationaldex-1988696713","p1":"Accelerater01","p2":"alawyscriticalhit","format":"[Gen 9] National Dex","log":"|j|\u2606Accelerater01\n|j|\u2606alawyscriticalhit\n|t:|1699751854\n|gametype|singles\n|player|p1|Accelerater01|101|1584\n|player|p2|alawyscriticalhit|brycen|1665\n|teamsize|p1|6\n|teamsize|p2|6\n|gen|9\n|tier|[Gen 9] National Dex\n|rated|\n|rule|HP Percentage Mod: HP is shown in percentages\n|rule|Endless Battle Clause: Forcing endless battles is banned\n|rule|OHKO Clause: OHKO moves are banned\n|rule|Evasion Clause: Evasion abilities, items, and moves are banned\n|rule|Evasion Abilities Clause: Evasion abilities are banned\n|rule|Evasion Items Clause: Evasion items are banned\n|rule|Evasion Moves Clause: Evasion moves are banned\n|rule|Species Clause: Limit one of each Pok\u00e9mon\n|rule|Sleep Clause Mod: Limit one foe put to sleep\n|clearpoke\n|poke|p1|Lopunny, F|\n|poke|p1|Hoopa-Unbound|\n|poke|p1|Braviary-Hisui, M|\n|poke|p1|Tapu Lele|\n|poke|p1|Iron Treads|\n|poke|p1|Tyranitar, M|\n|poke|p2|Garchomp, F|\n|poke|p2|Zamazenta-*|\n|poke|p2|Banette, F|\n|poke|p2|Kommo-o, M|\n|poke|p2|Samurott-Hisui, M|\n|poke|p2|Kleavor, M|\n|teampreview\n|inactive|Battle timer is ON: inactive players will automatically lose when time's up. (requested by alawyscriticalhit)\n|\n|t:|1699751870\n|start\n|switch|p1a: Iron Treads|Iron Treads, shiny|100\/100\n|switch|p2a: Kleavor|Kleavor, M|100\/100\n|-enditem|p1a: Iron Treads|Booster Energy\n|-activate|p1a: Iron Treads|ability: Quark Drive|[fromitem]\n|-start|p1a: Iron Treads|quarkdrivespe\n|turn|1\n|j| arrito\n|\n|t:|1699751879\n|move|p1a: Iron Treads|Stealth Rock|p2a: Kleavor\n|-sidestart|p2: alawyscriticalhit|move: Stealth Rock\n|move|p2a: Kleavor|Tailwind|p2a: Kleavor\n|-sidestart|p2: alawyscriticalhit|move: Tailwind\n|\n|upkeep\n|turn|2\n|\n|t:|1699751890\n|move|p2a: Kleavor|Close Combat|p1a: Iron Treads\n|-supereffective|p1a: Iron Treads\n|-crit|p1a: Iron Treads\n|-damage|p1a: Iron Treads|0 fnt\n|-unboost|p2a: Kleavor|def|1\n|-unboost|p2a: Kleavor|spd|1\n|faint|p1a: Iron Treads\n|-end|p1a: Iron Treads|Quark Drive|[silent]\n|\n|upkeep\n|\n|t:|1699751910\n|switch|p1a: Tyranitar|Tyranitar, M, shiny|100\/100\n|-weather|Sandstorm|[from] ability: Sand Stream|[of] p1a: Tyranitar\n|turn|3\n|\n|t:|1699751917\n|-terastallize|p1a: Tyranitar|Ghost\n|move|p2a: Kleavor|Stone Axe|p1a: Tyranitar\n|-damage|p1a: Tyranitar|53\/100\n|-sidestart|p1: Accelerater01|move: Stealth Rock\n|move|p1a: Tyranitar|Stone Edge|p2a: Kleavor\n|-supereffective|p2a: Kleavor\n|-enditem|p2a: Kleavor|Focus Sash\n|-damage|p2a: Kleavor|1\/100\n|\n|-weather|Sandstorm|[upkeep]\n|-damage|p1a: Tyranitar|47\/100|[from] Sandstorm\n|-heal|p1a: Tyranitar|53\/100|[from] item: Leftovers\n|upkeep\n|turn|4\n|\n|t:|1699751930\n|move|p2a: Kleavor|Stone Axe|p1a: Tyranitar\n|-damage|p1a: Tyranitar|5\/100\n|move|p1a: Tyranitar|Pursuit|p2a: Kleavor\n|-damage|p2a: Kleavor|0 fnt\n|faint|p2a: Kleavor\n|\n|-weather|Sandstorm|[upkeep]\n|-damage|p1a: Tyranitar|0 fnt|[from] Sandstorm\n|faint|p1a: Tyranitar\n|-sideend|p2: alawyscriticalhit|move: Tailwind\n|upkeep\n|\n|t:|1699751948\n|switch|p2a: Garchomp|Garchomp, F|100\/100\n|switch|p1a: Tapu Lele|Tapu Lele, shiny|100\/100\n|-damage|p1a: Tapu Lele|88\/100|[from] Stealth Rock\n|-fieldstart|move: Psychic Terrain|[from] ability: Psychic Surge|[of] p1a: Tapu Lele\n|-damage|p2a: Garchomp|94\/100|[from] Stealth Rock\n|turn|5\n|\n|t:|1699751959\n|-terastallize|p2a: Garchomp|Fire\n|move|p1a: Tapu Lele|Moonblast|p2a: Garchomp\n|-resisted|p2a: Garchomp\n|-damage|p2a: Garchomp|67\/100\n|move|p2a: Garchomp|Earthquake|p1a: Tapu Lele\n|-damage|p1a: Tapu Lele|0 fnt\n|faint|p1a: Tapu Lele\n|-damage|p2a: Garchomp|57\/100|[from] item: Life Orb\n|\n|-weather|Sandstorm|[upkeep]\n|-damage|p2a: Garchomp|51\/100|[from] Sandstorm\n|upkeep\n|inactive|Accelerater01 has 120 seconds left.\n|\n|t:|1699751985\n|switch|p1a: Lopunny|Lopunny, F|100\/100\n|-damage|p1a: Lopunny|88\/100|[from] Stealth Rock\n|turn|6\n|inactive|Accelerater01 has 120 seconds left.\n|\n|t:|1699751995\n|detailschange|p1a: Lopunny|Lopunny-Mega, F\n|-mega|p1a: Lopunny|Lopunny|Lopunnite\n|move|p1a: Lopunny|Close Combat|p2a: Garchomp\n|-damage|p2a: Garchomp|0 fnt\n|-unboost|p1a: Lopunny|def|1\n|-unboost|p1a: Lopunny|spd|1\n|-damage|p1a: Lopunny|76\/100|[from] ability: Rough Skin|[of] p2a: Garchomp\n|faint|p2a: Garchomp\n|\n|-weather|Sandstorm|[upkeep]\n|-damage|p1a: Lopunny|70\/100|[from] Sandstorm\n|upkeep\n|\n|t:|1699752011\n|switch|p2a: Samurott|Samurott-Hisui, M|100\/100\n|-damage|p2a: Samurott|88\/100|[from] Stealth Rock\n|turn|7\n|inactive|Accelerater01 has 120 seconds left.\n|\n|t:|1699752027\n|move|p2a: Samurott|Aqua Jet|p1a: Lopunny\n|-activate|p1a: Lopunny|move: Psychic Terrain\n|move|p1a: Lopunny|Close Combat|p2a: Samurott\n|-supereffective|p2a: Samurott\n|-damage|p2a: Samurott|0 fnt\n|-unboost|p1a: Lopunny|def|1\n|-unboost|p1a: Lopunny|spd|1\n|faint|p2a: Samurott\n|\n|-weather|none\n|upkeep\n|\n|t:|1699752045\n|switch|p2a: Zamazenta|Zamazenta|100\/100\n|-damage|p2a: Zamazenta|94\/100|[from] Stealth Rock\n|-ability|p2a: Zamazenta|Dauntless Shield|boost\n|-boost|p2a: Zamazenta|def|1\n|turn|8\n|\n|t:|1699752052\n|switch|p1a: Hoopa|Hoopa-Unbound|100\/100\n|-damage|p1a: Hoopa|88\/100|[from] Stealth Rock\n|move|p2a: Zamazenta|Iron Defense|p2a: Zamazenta\n|-boost|p2a: Zamazenta|def|2\n|\n|-heal|p2a: Zamazenta|100\/100|[from] item: Leftovers\n|upkeep\n|turn|9\n|\n|t:|1699752069\n|move|p2a: Zamazenta|Body Press|p1a: Hoopa\n|-damage|p1a: Hoopa|0 fnt\n|faint|p1a: Hoopa\n|\n|-fieldend|move: Psychic Terrain\n|upkeep\n|\n|t:|1699752073\n|switch|p1a: Braviary|Braviary-Hisui, M, shiny|100\/100\n|-damage|p1a: Braviary|76\/100|[from] Stealth Rock\n|turn|10\n|\n|t:|1699752084\n|move|p2a: Zamazenta|Crunch|p1a: Braviary\n|-supereffective|p1a: Braviary\n|-damage|p1a: Braviary|22\/100\n|move|p1a: Braviary|Esper Wing|p2a: Zamazenta\n|-supereffective|p2a: Zamazenta\n|-damage|p2a: Zamazenta|42\/100\n|-boost|p1a: Braviary|spe|1\n|\n|-heal|p2a: Zamazenta|48\/100|[from] item: Leftovers\n|upkeep\n|turn|11\n|\n|t:|1699752093\n|-zpower|p1a: Braviary\n|move|p1a: Braviary|Supersonic Skystrike|p2a: Zamazenta|[zeffect]\n|-supereffective|p2a: Zamazenta\n|-damage|p2a: Zamazenta|0 fnt\n|faint|p2a: Zamazenta\n|\n|upkeep\n|\n|t:|1699752098\n|switch|p2a: Banette|Banette, F|100\/100\n|-damage|p2a: Banette|88\/100|[from] Stealth Rock\n|turn|12\n|\n|t:|1699752102\n|switch|p1a: Lopunny|Lopunny-Mega, F|70\/100\n|-damage|p1a: Lopunny|64\/100|[from] Stealth Rock\n|detailschange|p2a: Banette|Banette-Mega, F\n|-mega|p2a: Banette|Banette|Banettite\n|move|p2a: Banette|Shadow Sneak|p1a: Lopunny\n|-immune|p1a: Lopunny\n|\n|upkeep\n|turn|13\n|\n|t:|1699752110\n|move|p1a: Lopunny|Fake Out|p2a: Banette\n|-damage|p2a: Banette|54\/100\n|cant|p2a: Banette|flinch\n|\n|upkeep\n|turn|14\n|\n|t:|1699752117\n|move|p1a: Lopunny|Quick Attack|p2a: Banette\n|-damage|p2a: Banette|17\/100\n|move|p2a: Banette|Encore|p1a: Lopunny\n|-start|p1a: Lopunny|Encore\n|\n|upkeep\n|turn|15\n|\n|t:|1699752125\n|switch|p2a: Kommo-o|Kommo-o, M|100\/100\n|-damage|p2a: Kommo-o|94\/100|[from] Stealth Rock\n|move|p1a: Lopunny|Quick Attack|p2a: Kommo-o\n|-damage|p2a: Kommo-o|72\/100\n|\n|upkeep\n|turn|16\n|\n|t:|1699752132\n|switch|p1a: Braviary|Braviary-Hisui, M, shiny|22\/100\n|-damage|p1a: Braviary|0 fnt|[from] Stealth Rock\n|faint|p1a: Braviary\n|-zpower|p2a: Kommo-o\n|move|p2a: Kommo-o|Clangorous Soulblaze|p1: Braviary|[zeffect]|[notarget]\n|-fail|p2a: Kommo-o\n|\n|upkeep\n|\n|t:|1699752140\n|switch|p1a: Lopunny|Lopunny-Mega, F|64\/100\n|-damage|p1a: Lopunny|58\/100|[from] Stealth Rock\n|turn|17\n|\n|t:|1699752150\n|move|p1a: Lopunny|Fake Out|p2a: Kommo-o\n|-damage|p2a: Kommo-o|53\/100\n|cant|p2a: Kommo-o|flinch\n|\n|upkeep\n|turn|18\n|\n|t:|1699752155\n|move|p1a: Lopunny|Close Combat|p2a: Kommo-o\n|-damage|p2a: Kommo-o|0 fnt\n|-unboost|p1a: Lopunny|def|1\n|-unboost|p1a: Lopunny|spd|1\n|faint|p2a: Kommo-o\n|\n|upkeep\n|\n|t:|1699752159\n|switch|p2a: Banette|Banette-Mega, F|17\/100\n|-damage|p2a: Banette|5\/100|[from] Stealth Rock\n|turn|19\n|\n|t:|1699752162\n|move|p1a: Lopunny|Quick Attack|p2a: Banette\n|-damage|p2a: Banette|0 fnt\n|faint|p2a: Banette\n|\n|win|Accelerater01\n|raw|Accelerater01's rating: 1584 &rarr; <strong>1609<\/strong><br \/>(+25 for winning)\n|raw|alawyscriticalhit's rating: 1665 &rarr; <strong>1640<\/strong><br \/>(-25 for losing)\n|l|\u2606alawyscriticalhit\n|l| arrito\n","uploadtime":1699752338,"views":5,"p1id":"accelerater01","p2id":"alawyscriticalhit","formatid":"gen9nationaldex","rating":1609,"private":0,"password":""}