{"id":"gen9nationaldex-1988212303","p1":"TheKeaToSuccess","p2":"CowmanderJBBWN","format":"[Gen 9] National Dex","log":"|j|\u2606TheKeaToSuccess\n|j|\u2606CowmanderJBBWN\n|t:|1699686321\n|gametype|singles\n|player|p1|TheKeaToSuccess|169|1358\n|player|p2|CowmanderJBBWN|janitor|1320\n|teamsize|p1|6\n|teamsize|p2|6\n|gen|9\n|tier|[Gen 9] National Dex\n|rated|\n|rule|HP Percentage Mod: HP is shown in percentages\n|rule|Endless Battle Clause: Forcing endless battles is banned\n|rule|OHKO Clause: OHKO moves are banned\n|rule|Evasion Clause: Evasion abilities, items, and moves are banned\n|rule|Evasion Abilities Clause: Evasion abilities are banned\n|rule|Evasion Items Clause: Evasion items are banned\n|rule|Evasion Moves Clause: Evasion moves are banned\n|rule|Species Clause: Limit one of each Pok\u00e9mon\n|rule|Sleep Clause Mod: Limit one foe put to sleep\n|clearpoke\n|poke|p1|Sableye, M|\n|poke|p1|Spiritomb, F|\n|poke|p1|Alomomola, F|\n|poke|p1|Slowking-Galar, M|\n|poke|p1|Ribombee, F|\n|poke|p1|Lokix, M|\n|poke|p2|Magcargo, M|\n|poke|p2|Omastar, M|\n|poke|p2|Tapu Lele|\n|poke|p2|Wo-Chien|\n|poke|p2|Goodra-Hisui, M|\n|poke|p2|Escavalier, M|\n|teampreview\n|\n|t:|1699686326\n|start\n|switch|p1a: Sableye|Sableye, M|100\/100\n|switch|p2a: Magcargo|Magcargo, M|100\/100\n|turn|1\n|\n|t:|1699686335\n|detailschange|p1a: Sableye|Sableye-Mega, M\n|-mega|p1a: Sableye|Sableye|Sablenite\n|move|p2a: Magcargo|Overheat|p1a: Sableye\n|-damage|p1a: Sableye|65\/100\n|-unboost|p2a: Magcargo|spa|2\n|move|p1a: Sableye|Toxic|p2a: Magcargo\n|-status|p2a: Magcargo|tox\n|\n|-damage|p2a: Magcargo|94\/100 tox|[from] psn\n|upkeep\n|turn|2\n|\n|t:|1699686346\n|switch|p2a: Escavalier|Escavalier, M|100\/100\n|move|p1a: Sableye|Recover|p1a: Sableye\n|-heal|p1a: Sableye|100\/100\n|\n|upkeep\n|turn|3\n|\n|t:|1699686352\n|move|p1a: Sableye|Will-O-Wisp|p2a: Escavalier\n|-status|p2a: Escavalier|brn\n|move|p2a: Escavalier|Megahorn|p1a: Sableye|[miss]\n|-miss|p2a: Escavalier|p1a: Sableye\n|\n|-damage|p2a: Escavalier|94\/100 brn|[from] brn\n|upkeep\n|turn|4\n|\n|t:|1699686361\n|move|p2a: Escavalier|Megahorn|p1a: Sableye\n|-damage|p1a: Sableye|70\/100\n|move|p1a: Sableye|Hex|p2a: Escavalier\n|-damage|p2a: Escavalier|71\/100 brn\n|\n|-damage|p2a: Escavalier|65\/100 brn|[from] brn\n|upkeep\n|turn|5\n|\n|t:|1699686370\n|switch|p1a: Alomomola|Alomomola, F|100\/100\n|move|p2a: Escavalier|Megahorn|p1a: Alomomola|[miss]\n|-miss|p2a: Escavalier|p1a: Alomomola\n|\n|-damage|p2a: Escavalier|59\/100 brn|[from] brn\n|upkeep\n|turn|6\n|\n|t:|1699686380\n|move|p1a: Alomomola|Flip Turn|p2a: Escavalier\n|-damage|p2a: Escavalier|42\/100 brn\n|\n|t:|1699686387\n|switch|p1a: Spiritomb|Spiritomb, F|100\/100|[from] Flip Turn\n|move|p2a: Escavalier|Knock Off|p1a: Spiritomb\n|-damage|p1a: Spiritomb|82\/100\n|-damage|p2a: Escavalier|26\/100 brn|[from] item: Rocky Helmet|[of] p1a: Spiritomb\n|-enditem|p1a: Spiritomb|Rocky Helmet|[from] move: Knock Off|[of] p2a: Escavalier\n|\n|-damage|p2a: Escavalier|20\/100 brn|[from] brn\n|upkeep\n|turn|7\n|\n|t:|1699686400\n|move|p1a: Spiritomb|Shadow Sneak|p2a: Escavalier\n|-damage|p2a: Escavalier|6\/100 brn\n|move|p2a: Escavalier|Megahorn|p1a: Spiritomb\n|-damage|p1a: Spiritomb|30\/100\n|\n|-damage|p2a: Escavalier|0 fnt|[from] brn\n|faint|p2a: Escavalier\n|upkeep\n|\n|t:|1699686418\n|switch|p2a: Goodra|Goodra-Hisui, M|100\/100\n|turn|8\n|\n|t:|1699686424\n|move|p2a: Goodra|Curse|p2a: Goodra\n|-unboost|p2a: Goodra|spe|1\n|-boost|p2a: Goodra|atk|1\n|-boost|p2a: Goodra|def|1\n|move|p1a: Spiritomb|Pain Split|p2a: Goodra\n|-sethp|p2a: Goodra|61\/100|[from] move: Pain Split|[silent]\n|-sethp|p1a: Spiritomb|86\/100|[from] move: Pain Split\n|\n|upkeep\n|turn|9\n|\n|t:|1699686433\n|move|p1a: Spiritomb|Will-O-Wisp|p2a: Goodra|[miss]\n|-miss|p1a: Spiritomb|p2a: Goodra\n|move|p2a: Goodra|Curse|p2a: Goodra\n|-unboost|p2a: Goodra|spe|1\n|-boost|p2a: Goodra|atk|1\n|-boost|p2a: Goodra|def|1\n|\n|upkeep\n|turn|10\n|\n|t:|1699686440\n|move|p1a: Spiritomb|Will-O-Wisp|p2a: Goodra\n|-status|p2a: Goodra|brn\n|move|p2a: Goodra|Heavy Slam|p1a: Spiritomb\n|-damage|p1a: Spiritomb|58\/100\n|\n|-damage|p2a: Goodra|55\/100 brn|[from] brn\n|upkeep\n|turn|11\n|\n|t:|1699686450\n|switch|p1a: Alomomola|Alomomola, F|100\/100\n|move|p2a: Goodra|Curse|p2a: Goodra\n|-unboost|p2a: Goodra|spe|1\n|-boost|p2a: Goodra|atk|1\n|-boost|p2a: Goodra|def|1\n|\n|-damage|p2a: Goodra|49\/100 brn|[from] brn\n|upkeep\n|turn|12\n|\n|t:|1699686459\n|move|p1a: Alomomola|Wish|p1a: Alomomola\n|move|p2a: Goodra|Curse|p2a: Goodra\n|-unboost|p2a: Goodra|spe|1\n|-boost|p2a: Goodra|atk|1\n|-boost|p2a: Goodra|def|1\n|\n|-damage|p2a: Goodra|43\/100 brn|[from] brn\n|upkeep\n|turn|13\n|\n|t:|1699686473\n|move|p1a: Alomomola|Flip Turn|p2a: Goodra\n|-resisted|p2a: Goodra\n|-damage|p2a: Goodra|41\/100 brn\n|-ability|p2a: Goodra|Gooey\n|-unboost|p1a: Alomomola|spe|1\n|\n|t:|1699686478\n|switch|p1a: Spiritomb|Spiritomb, F|58\/100|[from] Flip Turn\n|move|p2a: Goodra|Dragon Tail|p1a: Spiritomb\n|-damage|p1a: Spiritomb|25\/100\n|drag|p1a: Lokix|Lokix, M|100\/100\n|\n|-damage|p2a: Goodra|35\/100 brn|[from] brn\n|upkeep\n|turn|14\n|\n|t:|1699686495\n|-terastallize|p1a: Lokix|Bug\n|move|p1a: Lokix|First Impression|p2a: Goodra\n|-resisted|p2a: Goodra\n|-damage|p2a: Goodra|13\/100 brn\n|-ability|p2a: Goodra|Gooey\n|-unboost|p1a: Lokix|spe|1\n|move|p2a: Goodra|Rest|p2a: Goodra\n|-status|p2a: Goodra|slp|[from] move: Rest\n|-heal|p2a: Goodra|100\/100 slp|[silent]\n|-enditem|p2a: Goodra|Chesto Berry|[eat]\n|-curestatus|p2a: Goodra|slp|[msg]\n|\n|upkeep\n|turn|15\n|\n|t:|1699686512\n|switch|p1a: Spiritomb|Spiritomb, F|25\/100\n|move|p2a: Goodra|Heavy Slam|p1a: Spiritomb\n|-damage|p1a: Spiritomb|0 fnt\n|faint|p1a: Spiritomb\n|\n|upkeep\n|\n|t:|1699686521\n|switch|p1a: Sableye|Sableye-Mega, M|70\/100\n|turn|16\n|\n|t:|1699686537\n|move|p1a: Sableye|Will-O-Wisp|p2a: Goodra|[miss]\n|-miss|p1a: Sableye|p2a: Goodra\n|move|p2a: Goodra|Curse|p2a: Goodra\n|-unboost|p2a: Goodra|spe|1\n|-boost|p2a: Goodra|atk|1\n|-boost|p2a: Goodra|def|1\n|\n|upkeep\n|turn|17\n|\n|t:|1699686544\n|move|p1a: Sableye|Will-O-Wisp|p2a: Goodra\n|-status|p2a: Goodra|brn\n|move|p2a: Goodra|Curse|p2a: Goodra\n|-unboost|p2a: Goodra|spe|1\n|-boost|p2a: Goodra|atk|1\n|-boost|p2a: Goodra|def|1\n|\n|-damage|p2a: Goodra|94\/100 brn|[from] brn\n|upkeep\n|turn|18\n|\n|t:|1699686557\n|move|p1a: Sableye|Recover|p1a: Sableye\n|-heal|p1a: Sableye|100\/100\n|move|p2a: Goodra|Heavy Slam|p1a: Sableye\n|-damage|p1a: Sableye|68\/100\n|\n|-damage|p2a: Goodra|88\/100 brn|[from] brn\n|upkeep\n|turn|19\n|\n|t:|1699686565\n|move|p1a: Sableye|Hex|p2a: Goodra\n|-damage|p2a: Goodra|64\/100 brn\n|move|p2a: Goodra|Heavy Slam|p1a: Sableye\n|-damage|p1a: Sableye|32\/100\n|\n|-damage|p2a: Goodra|58\/100 brn|[from] brn\n|upkeep\n|turn|20\n|\n|t:|1699686574\n|move|p1a: Sableye|Recover|p1a: Sableye\n|-heal|p1a: Sableye|82\/100\n|move|p2a: Goodra|Heavy Slam|p1a: Sableye\n|-damage|p1a: Sableye|46\/100\n|\n|-damage|p2a: Goodra|52\/100 brn|[from] brn\n|upkeep\n|turn|21\n|\n|t:|1699686582\n|move|p1a: Sableye|Hex|p2a: Goodra\n|-damage|p2a: Goodra|25\/100 brn\n|move|p2a: Goodra|Heavy Slam|p1a: Sableye\n|-damage|p1a: Sableye|9\/100\n|\n|-damage|p2a: Goodra|19\/100 brn|[from] brn\n|upkeep\n|turn|22\n|\n|t:|1699686591\n|move|p1a: Sableye|Hex|p2a: Goodra\n|-damage|p2a: Goodra|0 fnt\n|faint|p2a: Goodra\n|\n|upkeep\n|\n|t:|1699686598\n|switch|p2a: Wo-Chien|Wo-Chien|100\/100\n|-ability|p2a: Wo-Chien|Tablets of Ruin\n|turn|23\n|\n|t:|1699686613\n|switch|p1a: Alomomola|Alomomola, F|100\/100\n|move|p2a: Wo-Chien|Giga Drain|p1a: Alomomola\n|-supereffective|p1a: Alomomola\n|-damage|p1a: Alomomola|39\/100\n|\n|upkeep\n|turn|24\n|\n|t:|1699686623\n|switch|p1a: Slowking|Slowking-Galar, M|100\/100\n|move|p2a: Wo-Chien|Giga Drain|p1a: Slowking\n|-resisted|p1a: Slowking\n|-damage|p1a: Slowking|94\/100\n|\n|upkeep\n|turn|25\n|\n|t:|1699686632\n|move|p2a: Wo-Chien|Ruination|p1a: Slowking\n|-damage|p1a: Slowking|47\/100\n|move|p1a: Slowking|Sludge Bomb|p2a: Wo-Chien\n|-supereffective|p2a: Wo-Chien\n|-damage|p2a: Wo-Chien|65\/100\n|\n|-heal|p2a: Wo-Chien|71\/100|[from] item: Leftovers\n|upkeep\n|turn|26\n|\n|t:|1699686642\n|move|p2a: Wo-Chien|Leech Seed|p1a: Slowking\n|-start|p1a: Slowking|move: Leech Seed\n|move|p1a: Slowking|Chilly Reception|p1a: Slowking\n|-weather|Snow\n|\n|t:|1699686648\n|switch|p1a: Alomomola|Alomomola, F|72\/100|[from] Chilly Reception\n|\n|-weather|Snow|[upkeep]\n|-heal|p2a: Wo-Chien|77\/100|[from] item: Leftovers\n|upkeep\n|turn|27\n|\n|t:|1699686659\n|switch|p1a: Slowking|Slowking-Galar, M|80\/100\n|move|p2a: Wo-Chien|Giga Drain|p1a: Slowking\n|-resisted|p1a: Slowking\n|-damage|p1a: Slowking|73\/100\n|-heal|p2a: Wo-Chien|81\/100|[from] drain|[of] p1a: Slowking\n|\n|-weather|Snow|[upkeep]\n|-heal|p2a: Wo-Chien|87\/100|[from] item: Leftovers\n|upkeep\n|turn|28\n|\n|t:|1699686671\n|move|p2a: Wo-Chien|Protect|p2a: Wo-Chien\n|-singleturn|p2a: Wo-Chien|Protect\n|move|p1a: Slowking|Sludge Bomb|p2a: Wo-Chien\n|-activate|p2a: Wo-Chien|move: Protect\n|\n|-weather|Snow|[upkeep]\n|-heal|p2a: Wo-Chien|93\/100|[from] item: Leftovers\n|upkeep\n|turn|29\n|\n|t:|1699686682\n|-terastallize|p2a: Wo-Chien|Poison\n|move|p2a: Wo-Chien|Ruination|p1a: Slowking\n|-damage|p1a: Slowking|37\/100\n|move|p1a: Slowking|Sludge Bomb|p2a: Wo-Chien\n|-resisted|p2a: Wo-Chien\n|-damage|p2a: Wo-Chien|85\/100\n|\n|-weather|Snow|[upkeep]\n|-heal|p2a: Wo-Chien|91\/100|[from] item: Leftovers\n|upkeep\n|turn|30\n|\n|t:|1699686695\n|move|p2a: Wo-Chien|Ruination|p1a: Slowking\n|-damage|p1a: Slowking|19\/100\n|move|p1a: Slowking|Chilly Reception|p1a: Slowking\n|\n|t:|1699686716\n|switch|p1a: Alomomola|Alomomola, F|100\/100|[from] Chilly Reception\n|\n|-weather|none\n|-heal|p2a: Wo-Chien|97\/100|[from] item: Leftovers\n|upkeep\n|turn|31\n|\n|t:|1699686723\n|move|p2a: Wo-Chien|Leech Seed|p1a: Alomomola\n|-start|p1a: Alomomola|move: Leech Seed\n|move|p1a: Alomomola|Wish|p1a: Alomomola\n|\n|-heal|p2a: Wo-Chien|100\/100|[from] item: Leftovers\n|-damage|p1a: Alomomola|88\/100|[from] Leech Seed|[of] p2a: Wo-Chien\n|upkeep\n|turn|32\n|\n|t:|1699686733\n|move|p2a: Wo-Chien|Protect|p2a: Wo-Chien\n|-singleturn|p2a: Wo-Chien|Protect\n|move|p1a: Alomomola|Flip Turn|p2a: Wo-Chien\n|-activate|p2a: Wo-Chien|move: Protect\n|\n|-heal|p1a: Alomomola|100\/100|[from] move: Wish|[wisher] Alomomola\n|-damage|p1a: Alomomola|88\/100|[from] Leech Seed|[of] p2a: Wo-Chien\n|upkeep\n|turn|33\n|\n|t:|1699686743\n|move|p2a: Wo-Chien|Giga Drain|p1a: Alomomola\n|-supereffective|p1a: Alomomola\n|-damage|p1a: Alomomola|28\/100\n|move|p1a: Alomomola|Wish|p1a: Alomomola\n|\n|-damage|p1a: Alomomola|16\/100|[from] Leech Seed|[of] p2a: Wo-Chien\n|upkeep\n|turn|34\n|\n|t:|1699686753\n|switch|p1a: Ribombee|Ribombee, F|100\/100\n|move|p2a: Wo-Chien|Leech Seed|p1a: Ribombee\n|-start|p1a: Ribombee|move: Leech Seed\n|\n|-damage|p1a: Ribombee|88\/100|[from] Leech Seed|[of] p2a: Wo-Chien\n|upkeep\n|turn|35\n|\n|t:|1699686762\n|move|p1a: Ribombee|Psychic|p2a: Wo-Chien\n|-supereffective|p2a: Wo-Chien\n|-damage|p2a: Wo-Chien|59\/100\n|move|p2a: Wo-Chien|Ruination|p1a: Ribombee\n|-damage|p1a: Ribombee|44\/100\n|\n|-heal|p2a: Wo-Chien|65\/100|[from] item: Leftovers\n|-damage|p1a: Ribombee|32\/100|[from] Leech Seed|[of] p2a: Wo-Chien\n|-heal|p2a: Wo-Chien|74\/100|[silent]\n|upkeep\n|turn|36\n|\n|t:|1699686772\n|switch|p1a: Slowking|Slowking-Galar, M|52\/100\n|move|p2a: Wo-Chien|Protect||[still]\n|-fail|p2a: Wo-Chien\n|\n|-heal|p2a: Wo-Chien|80\/100|[from] item: Leftovers\n|upkeep\n|turn|37\n|\n|t:|1699686780\n|switch|p2a: Magcargo|Magcargo, M|94\/100 tox\n|move|p1a: Slowking|Chilly Reception|p1a: Slowking\n|-weather|Snow\n|\n|t:|1699686787\n|switch|p1a: Sableye|Sableye-Mega, M|9\/100|[from] Chilly Reception\n|\n|-weather|Snow|[upkeep]\n|-damage|p2a: Magcargo|88\/100 tox|[from] psn\n|upkeep\n|turn|38\n|\n|t:|1699686798\n|switch|p1a: Alomomola|Alomomola, F|49\/100\n|move|p2a: Magcargo|Overheat|p1a: Alomomola\n|-resisted|p1a: Alomomola\n|-damage|p1a: Alomomola|25\/100\n|-unboost|p2a: Magcargo|spa|2\n|\n|-weather|Snow|[upkeep]\n|-damage|p2a: Magcargo|76\/100 tox|[from] psn\n|upkeep\n|turn|39\n|\n|t:|1699686808\n|move|p1a: Alomomola|Wish|p1a: Alomomola\n|move|p2a: Magcargo|Stealth Rock|p1a: Alomomola\n|-sidestart|p1: TheKeaToSuccess|move: Stealth Rock\n|\n|-weather|Snow|[upkeep]\n|-damage|p2a: Magcargo|57\/100 tox|[from] psn\n|upkeep\n|turn|40\n|\n|t:|1699686815\n|switch|p2a: Wo-Chien|Wo-Chien, tera:Poison|80\/100\n|-ability|p2a: Wo-Chien|Tablets of Ruin\n|move|p1a: Alomomola|Flip Turn|p2a: Wo-Chien\n|-damage|p2a: Wo-Chien|70\/100\n|\n|t:|1699686822\n|switch|p1a: Ribombee|Ribombee, F|32\/100|[from] Flip Turn\n|-damage|p1a: Ribombee|7\/100|[from] Stealth Rock\n|\n|-weather|Snow|[upkeep]\n|-heal|p1a: Ribombee|100\/100|[from] move: Wish|[wisher] Alomomola\n|-heal|p2a: Wo-Chien|76\/100|[from] item: Leftovers\n|upkeep\n|turn|41\n|\n|t:|1699686834\n|move|p1a: Ribombee|Psychic|p2a: Wo-Chien\n|-supereffective|p2a: Wo-Chien\n|-damage|p2a: Wo-Chien|39\/100\n|move|p2a: Wo-Chien|Leech Seed|p1a: Ribombee\n|-start|p1a: Ribombee|move: Leech Seed\n|\n|-weather|none\n|-heal|p2a: Wo-Chien|45\/100|[from] item: Leftovers\n|-damage|p1a: Ribombee|88\/100|[from] Leech Seed|[of] p2a: Wo-Chien\n|-heal|p2a: Wo-Chien|54\/100|[silent]\n|upkeep\n|turn|42\n|\n|t:|1699686849\n|switch|p1a: Alomomola|Alomomola, F|58\/100\n|-damage|p1a: Alomomola|46\/100|[from] Stealth Rock\n|move|p2a: Wo-Chien|Protect||[still]\n|-fail|p2a: Wo-Chien\n|\n|-heal|p2a: Wo-Chien|60\/100|[from] item: Leftovers\n|upkeep\n|turn|43\n|\n|t:|1699686862\n|switch|p1a: Slowking|Slowking-Galar, M|85\/100\n|-damage|p1a: Slowking|73\/100|[from] Stealth Rock\n|move|p2a: Wo-Chien|Giga Drain|p1a: Slowking\n|-resisted|p1a: Slowking\n|-damage|p1a: Slowking|66\/100\n|-heal|p2a: Wo-Chien|64\/100|[from] drain|[of] p1a: Slowking\n|\n|-heal|p2a: Wo-Chien|70\/100|[from] item: Leftovers\n|upkeep\n|turn|44\n|\n|t:|1699686875\n|move|p2a: Wo-Chien|Ruination|p1a: Slowking\n|-damage|p1a: Slowking|33\/100\n|move|p1a: Slowking|Chilly Reception|p1a: Slowking\n|-weather|Snow\n|\n|t:|1699686881\n|switch|p1a: Lokix|Lokix, M, tera:Bug|100\/100|[from] Chilly Reception\n|-damage|p1a: Lokix|75\/100|[from] Stealth Rock\n|\n|-weather|Snow|[upkeep]\n|-heal|p2a: Wo-Chien|76\/100|[from] item: Leftovers\n|upkeep\n|turn|45\n|c|\u2606CowmanderJBBWN|man why are you so smart this is so annoying lmao\n|\n|t:|1699686893\n|move|p2a: Wo-Chien|Protect|p2a: Wo-Chien\n|-singleturn|p2a: Wo-Chien|Protect\n|move|p1a: Lokix|U-turn|p2a: Wo-Chien\n|-activate|p2a: Wo-Chien|move: Protect\n|\n|-weather|Snow|[upkeep]\n|-heal|p2a: Wo-Chien|82\/100|[from] item: Leftovers\n|upkeep\n|turn|46\n|\n|t:|1699686902\n|switch|p2a: Magcargo|Magcargo, M|57\/100 tox\n|move|p1a: Lokix|U-turn|p2a: Magcargo\n|-resisted|p2a: Magcargo\n|-damage|p2a: Magcargo|11\/100 tox\n|\n|t:|1699686908\n|switch|p1a: Sableye|Sableye-Mega, M|9\/100|[from] U-turn\n|-damage|p1a: Sableye|0 fnt|[from] Stealth Rock\n|faint|p1a: Sableye\n|\n|-weather|Snow|[upkeep]\n|-damage|p2a: Magcargo|5\/100 tox|[from] psn\n|upkeep\n|c|\u2606CowmanderJBBWN|ok finally i killed one\n|\n|t:|1699686923\n|switch|p1a: Alomomola|Alomomola, F|79\/100\n|-damage|p1a: Alomomola|67\/100|[from] Stealth Rock\n|turn|47\n|\n|t:|1699686930\n|switch|p2a: Wo-Chien|Wo-Chien, tera:Poison|82\/100\n|-ability|p2a: Wo-Chien|Tablets of Ruin\n|move|p1a: Alomomola|Wish|p1a: Alomomola\n|\n|-weather|Snow|[upkeep]\n|-heal|p2a: Wo-Chien|88\/100|[from] item: Leftovers\n|upkeep\n|turn|48\n|\n|t:|1699686941\n|switch|p1a: Lokix|Lokix, M, tera:Bug|75\/100\n|-damage|p1a: Lokix|50\/100|[from] Stealth Rock\n|move|p2a: Wo-Chien|Leech Seed|p1a: Lokix\n|-start|p1a: Lokix|move: Leech Seed\n|\n|-weather|none\n|-heal|p1a: Lokix|100\/100|[from] move: Wish|[wisher] Alomomola\n|-heal|p2a: Wo-Chien|94\/100|[from] item: Leftovers\n|-damage|p1a: Lokix|88\/100|[from] Leech Seed|[of] p2a: Wo-Chien\n|-heal|p2a: Wo-Chien|100\/100|[silent]\n|upkeep\n|turn|49\n|\n|t:|1699686954\n|switch|p1a: Slowking|Slowking-Galar, M|66\/100\n|-damage|p1a: Slowking|54\/100|[from] Stealth Rock\n|switch|p2a: Magcargo|Magcargo, M|5\/100 tox\n|\n|-damage|p2a: Magcargo|0 fnt|[from] psn\n|faint|p2a: Magcargo\n|upkeep\n|c|\u2606CowmanderJBBWN|aofjwkwpwo youre so smart\n|\n|t:|1699686970\n|switch|p2a: Tapu Lele|Tapu Lele|100\/100\n|-fieldstart|move: Psychic Terrain|[from] ability: Psychic Surge|[of] p2a: Tapu Lele\n|turn|50\n|\n|t:|1699686979\n|move|p2a: Tapu Lele|Future Sight|p1a: Slowking\n|-start|p2a: Tapu Lele|move: Future Sight\n|move|p1a: Slowking|Sludge Bomb|p2a: Tapu Lele\n|-supereffective|p2a: Tapu Lele\n|-damage|p2a: Tapu Lele|24\/100\n|\n|upkeep\n|turn|51\n|\n|t:|1699686988\n|switch|p2a: Wo-Chien|Wo-Chien, tera:Poison|100\/100\n|-ability|p2a: Wo-Chien|Tablets of Ruin\n|move|p1a: Slowking|Chilly Reception|p1a: Slowking\n|-weather|Snow\n|\n|t:|1699686997\n|switch|p1a: Alomomola|Alomomola, F|99\/100|[from] Chilly Reception\n|-damage|p1a: Alomomola|88\/100|[from] Stealth Rock\n|\n|-weather|Snow|[upkeep]\n|upkeep\n|turn|52\n|\n|t:|1699687006\n|move|p2a: Wo-Chien|Leech Seed|p1a: Alomomola\n|-start|p1a: Alomomola|move: Leech Seed\n|move|p1a: Alomomola|Flip Turn|p2a: Wo-Chien\n|-damage|p2a: Wo-Chien|88\/100\n|\n|t:|1699687011\n|switch|p1a: Slowking|Slowking-Galar, M|87\/100|[from] Flip Turn\n|-damage|p1a: Slowking|75\/100|[from] Stealth Rock\n|\n|-weather|Snow|[upkeep]\n|-end|p1a: Slowking|move: Future Sight\n|-damage|p1a: Slowking|25\/100\n|-heal|p2a: Wo-Chien|94\/100|[from] item: Leftovers\n|upkeep\n|turn|53\n|\n|t:|1699687026\n|move|p2a: Wo-Chien|Giga Drain|p1a: Slowking\n|-resisted|p1a: Slowking\n|-damage|p1a: Slowking|18\/100\n|-heal|p2a: Wo-Chien|98\/100|[from] drain|[of] p1a: Slowking\n|move|p1a: Slowking|Chilly Reception|p1a: Slowking\n|\n|t:|1699687038\n|switch|p1a: Ribombee|Ribombee, F|88\/100|[from] Chilly Reception\n|-damage|p1a: Ribombee|63\/100|[from] Stealth Rock\n|\n|-weather|Snow|[upkeep]\n|-heal|p2a: Wo-Chien|100\/100|[from] item: Leftovers\n|upkeep\n|turn|54\n|c|\u2606CowmanderJBBWN|oh the terrain\n|c|\u2606CowmanderJBBWN|ohhohoho\n|\n|t:|1699687063\n|move|p2a: Wo-Chien|Protect|p2a: Wo-Chien\n|-singleturn|p2a: Wo-Chien|Protect\n|move|p1a: Ribombee|Psychic|p2a: Wo-Chien\n|-activate|p2a: Wo-Chien|move: Protect\n|\n|-weather|Snow|[upkeep]\n|upkeep\n|turn|55\n|c|\u2606CowmanderJBBWN|you smart genius\n|\n|t:|1699687081\n|switch|p2a: Tapu Lele|Tapu Lele|24\/100\n|move|p1a: Ribombee|Psychic|p2a: Tapu Lele\n|-resisted|p2a: Tapu Lele\n|-damage|p2a: Tapu Lele|0 fnt\n|faint|p2a: Tapu Lele\n|\n|-weather|none\n|upkeep\n|\n|t:|1699687083\n|switch|p2a: Omastar|Omastar, M|100\/100\n|turn|56\n|\n|t:|1699687097\n|switch|p1a: Alomomola|Alomomola, F|100\/100\n|-damage|p1a: Alomomola|88\/100|[from] Stealth Rock\n|move|p2a: Omastar|Shell Smash|p2a: Omastar\n|-unboost|p2a: Omastar|def|1\n|-unboost|p2a: Omastar|spd|1\n|-boost|p2a: Omastar|atk|2\n|-boost|p2a: Omastar|spa|2\n|-boost|p2a: Omastar|spe|2\n|\n|upkeep\n|turn|57\n|\n|t:|1699687107\n|move|p2a: Omastar|Meteor Beam||[still]\n|-prepare|p2a: Omastar|Meteor Beam\n|-boost|p2a: Omastar|spa|1\n|-enditem|p2a: Omastar|Power Herb\n|-anim|p2a: Omastar|Meteor Beam|p1a: Alomomola\n|-damage|p1a: Alomomola|0 fnt\n|faint|p1a: Alomomola\n|\n|-fieldend|move: Psychic Terrain\n|upkeep\n|\n|t:|1699687116\n|switch|p1a: Ribombee|Ribombee, F|63\/100\n|-damage|p1a: Ribombee|39\/100|[from] Stealth Rock\n|turn|58\n|\n|t:|1699687122\n|move|p1a: Ribombee|Energy Ball|p2a: Omastar\n|-supereffective|p2a: Omastar\n|-damage|p2a: Omastar|0 fnt\n|faint|p2a: Omastar\n|\n|upkeep\n|c|\u2606CowmanderJBBWN|oh\n|\n|t:|1699687136\n|switch|p2a: Wo-Chien|Wo-Chien, tera:Poison|100\/100\n|-ability|p2a: Wo-Chien|Tablets of Ruin\n|turn|59\n|c|\u2606CowmanderJBBWN|that ribombee is so sneaky\n|\n|t:|1699687145\n|switch|p1a: Slowking|Slowking-Galar, M|51\/100\n|-damage|p1a: Slowking|38\/100|[from] Stealth Rock\n|move|p2a: Wo-Chien|Leech Seed|p1a: Slowking\n|-start|p1a: Slowking|move: Leech Seed\n|\n|-damage|p1a: Slowking|26\/100|[from] Leech Seed|[of] p2a: Wo-Chien\n|upkeep\n|turn|60\n|\n|t:|1699687154\n|move|p2a: Wo-Chien|Ruination|p1a: Slowking\n|-damage|p1a: Slowking|13\/100\n|move|p1a: Slowking|Chilly Reception|p1a: Slowking\n|-weather|Snow\n|\n|t:|1699687162\n|switch|p1a: Ribombee|Ribombee, F|39\/100|[from] Chilly Reception\n|-damage|p1a: Ribombee|14\/100|[from] Stealth Rock\n|\n|-weather|Snow|[upkeep]\n|upkeep\n|turn|61\n|\n|t:|1699687172\n|move|p1a: Ribombee|Psychic|p2a: Wo-Chien\n|-supereffective|p2a: Wo-Chien\n|-damage|p2a: Wo-Chien|58\/100\n|move|p2a: Wo-Chien|Giga Drain|p1a: Ribombee\n|-resisted|p1a: Ribombee\n|-damage|p1a: Ribombee|0 fnt\n|-heal|p2a: Wo-Chien|63\/100|[from] drain|[of] p1a: Ribombee\n|faint|p1a: Ribombee\n|\n|-weather|Snow|[upkeep]\n|-heal|p2a: Wo-Chien|69\/100|[from] item: Leftovers\n|upkeep\n|\n|t:|1699687188\n|switch|p1a: Lokix|Lokix, M, tera:Bug|88\/100\n|-damage|p1a: Lokix|63\/100|[from] Stealth Rock\n|turn|62\n|\n|t:|1699687197\n|move|p2a: Wo-Chien|Protect|p2a: Wo-Chien\n|-singleturn|p2a: Wo-Chien|Protect\n|move|p1a: Lokix|U-turn|p2a: Wo-Chien\n|-activate|p2a: Wo-Chien|move: Protect\n|\n|-weather|Snow|[upkeep]\n|-heal|p2a: Wo-Chien|75\/100|[from] item: Leftovers\n|upkeep\n|turn|63\n|\n|t:|1699687205\n|move|p1a: Lokix|U-turn|p2a: Wo-Chien\n|-resisted|p2a: Wo-Chien\n|-damage|p2a: Wo-Chien|25\/100\n|\n|t:|1699687208\n|switch|p1a: Slowking|Slowking-Galar, M|46\/100|[from] U-turn\n|-damage|p1a: Slowking|34\/100|[from] Stealth Rock\n|move|p2a: Wo-Chien|Leech Seed|p1a: Slowking\n|-start|p1a: Slowking|move: Leech Seed\n|\n|-weather|Snow|[upkeep]\n|-heal|p2a: Wo-Chien|31\/100|[from] item: Leftovers\n|-damage|p1a: Slowking|22\/100|[from] Leech Seed|[of] p2a: Wo-Chien\n|-heal|p2a: Wo-Chien|44\/100|[silent]\n|upkeep\n|turn|64\n|c|\u2606CowmanderJBBWN|yikes that hits hard\n|\n|t:|1699687220\n|move|p2a: Wo-Chien|Giga Drain|p1a: Slowking\n|-resisted|p1a: Slowking\n|-damage|p1a: Slowking|14\/100\n|-heal|p2a: Wo-Chien|48\/100|[from] drain|[of] p1a: Slowking\n|move|p1a: Slowking|Chilly Reception|p1a: Slowking\n|\n|t:|1699687227\n|switch|p1a: Lokix|Lokix, M, tera:Bug|63\/100|[from] Chilly Reception\n|-damage|p1a: Lokix|38\/100|[from] Stealth Rock\n|\n|-weather|none\n|-heal|p2a: Wo-Chien|54\/100|[from] item: Leftovers\n|upkeep\n|turn|65\n|\n|t:|1699687239\n|move|p2a: Wo-Chien|Protect|p2a: Wo-Chien\n|-singleturn|p2a: Wo-Chien|Protect\n|move|p1a: Lokix|Axe Kick|p2a: Wo-Chien\n|-activate|p2a: Wo-Chien|move: Protect\n|-damage|p1a: Lokix|0 fnt|[from] highjumpkick\n|faint|p1a: Lokix\n|\n|-heal|p2a: Wo-Chien|60\/100|[from] item: Leftovers\n|upkeep\n|c|\u2606CowmanderJBBWN|what\n|\n|t:|1699687249\n|switch|p1a: Slowking|Slowking-Galar, M|47\/100\n|-damage|p1a: Slowking|35\/100|[from] Stealth Rock\n|turn|66\n|\n|t:|1699687254\n|move|p2a: Wo-Chien|Leech Seed|p1a: Slowking\n|-start|p1a: Slowking|move: Leech Seed\n|move|p1a: Slowking|Ice Beam|p2a: Wo-Chien\n|-damage|p2a: Wo-Chien|49\/100\n|\n|-heal|p2a: Wo-Chien|55\/100|[from] item: Leftovers\n|-damage|p1a: Slowking|22\/100|[from] Leech Seed|[of] p2a: Wo-Chien\n|-heal|p2a: Wo-Chien|68\/100|[silent]\n|upkeep\n|turn|67\n|\n|t:|1699687266\n|move|p2a: Wo-Chien|Ruination|p1a: Slowking\n|-damage|p1a: Slowking|11\/100\n|move|p1a: Slowking|Ice Beam|p2a: Wo-Chien\n|-damage|p2a: Wo-Chien|55\/100\n|\n|-heal|p2a: Wo-Chien|61\/100|[from] item: Leftovers\n|-damage|p1a: Slowking|0 fnt|[from] Leech Seed|[of] p2a: Wo-Chien\n|-heal|p2a: Wo-Chien|73\/100|[silent]\n|faint|p1a: Slowking\n|\n|win|CowmanderJBBWN\n|upkeep\n|raw|TheKeaToSuccess's rating: 1358 &rarr; <strong>1336<\/strong><br \/>(-22 for losing)\n|raw|CowmanderJBBWN's rating: 1320 &rarr; <strong>1342<\/strong><br \/>(+22 for winning)\n|c|\u2606CowmanderJBBWN|that was a really close battle\n|c|\u2606TheKeaToSuccess|Gg\n|c|\u2606CowmanderJBBWN|Gg\n|l|\u2606TheKeaToSuccess\n|c|\u2606CowmanderJBBWN|holy cow that was great\n","uploadtime":1699687295,"views":16,"p1id":"thekeatosuccess","p2id":"cowmanderjbbwn","formatid":"gen9nationaldex","rating":1336,"private":0,"password":""}