{"id":"gen9nationaldex-1988840606","p1":"ijchu","p2":"mannmilk","format":"[Gen 9] National Dex","log":"|j|\u2606ijchu\n|j|\u2606mannmilk\n|t:|1699771514\n|gametype|singles\n|player|p1|ijchu|swimmer-gen4dp|1082\n|player|p2|mannmilk|clown|1190\n|teamsize|p1|6\n|teamsize|p2|6\n|gen|9\n|tier|[Gen 9] National Dex\n|rated|\n|rule|HP Percentage Mod: HP is shown in percentages\n|rule|Endless Battle Clause: Forcing endless battles is banned\n|rule|OHKO Clause: OHKO moves are banned\n|rule|Evasion Clause: Evasion abilities, items, and moves are banned\n|rule|Evasion Abilities Clause: Evasion abilities are banned\n|rule|Evasion Items Clause: Evasion items are banned\n|rule|Evasion Moves Clause: Evasion moves are banned\n|rule|Species Clause: Limit one of each Pok\u00e9mon\n|rule|Sleep Clause Mod: Limit one foe put to sleep\n|clearpoke\n|poke|p1|Diancie|\n|poke|p1|Kartana|\n|poke|p1|Leavanny, F|\n|poke|p1|Skeledirge, M|\n|poke|p1|Gliscor, M|\n|poke|p1|Urshifu-*, M|\n|poke|p2|Polteageist|\n|poke|p2|Jirachi|\n|poke|p2|Cinderace, M|\n|poke|p2|Lopunny, F|\n|poke|p2|Ninetales-Alola, M|\n|poke|p2|Manaphy|\n|teampreview\n|\n|t:|1699771522\n|start\n|switch|p1a: Leavanny|Leavanny, F, shiny|100\/100\n|switch|p2a: Lopunny|Lopunny, F|100\/100\n|turn|1\n|inactive|Battle timer is ON: inactive players will automatically lose when time's up. (requested by mannmilk)\n|\n|t:|1699771531\n|detailschange|p2a: Lopunny|Lopunny-Mega, F\n|-mega|p2a: Lopunny|Lopunny|Lopunnite\n|move|p2a: Lopunny|Fake Out|p1a: Leavanny\n|-damage|p1a: Leavanny|76\/100\n|cant|p1a: Leavanny|flinch\n|\n|upkeep\n|turn|2\n|\n|t:|1699771536\n|move|p2a: Lopunny|Triple Axel|p1a: Leavanny\n|-supereffective|p1a: Leavanny\n|-damage|p1a: Leavanny|59\/100\n|-hitcount|p1a: Leavanny|1\n|move|p1a: Leavanny|Sticky Web|p2a: Lopunny\n|-sidestart|p2: mannmilk|move: Sticky Web\n|\n|upkeep\n|turn|3\n|\n|t:|1699771544\n|move|p2a: Lopunny|Triple Axel|p1a: Leavanny\n|-supereffective|p1a: Leavanny\n|-damage|p1a: Leavanny|43\/100\n|-supereffective|p1a: Leavanny\n|-damage|p1a: Leavanny|7\/100\n|-supereffective|p1a: Leavanny\n|-damage|p1a: Leavanny|0 fnt\n|faint|p1a: Leavanny\n|-hitcount|p1: Leavanny|3\n|\n|upkeep\n|\n|t:|1699771561\n|switch|p1a: Kartana|Kartana, shiny|100\/100\n|turn|4\n|\n|t:|1699771573\n|move|p2a: Lopunny|Drain Punch|p1a: Kartana\n|-supereffective|p1a: Kartana\n|-damage|p1a: Kartana|9\/100\n|-zpower|p1a: Kartana\n|move|p1a: Kartana|All-Out Pummeling|p2a: Lopunny|[zeffect]\n|-supereffective|p2a: Lopunny\n|-damage|p2a: Lopunny|0 fnt\n|faint|p2a: Lopunny\n|-ability|p1a: Kartana|Beast Boost|boost\n|-boost|p1a: Kartana|atk|1\n|\n|upkeep\n|\n|t:|1699771579\n|switch|p2a: Cinderace|Cinderace, M|100\/100\n|turn|5\n|\n|t:|1699771590\n|move|p2a: Cinderace|Court Change|p2a: Cinderace\n|-start|p2a: Cinderace|typechange|Normal|[from] ability: Libero\n|-swapsideconditions\n|-activate|p2a: Cinderace|move: Court Change\n|move|p1a: Kartana|Sacred Sword|p2a: Cinderace\n|-supereffective|p2a: Cinderace\n|-damage|p2a: Cinderace|0 fnt\n|faint|p2a: Cinderace\n|-ability|p1a: Kartana|Beast Boost|boost\n|-boost|p1a: Kartana|atk|1\n|\n|upkeep\n|\n|t:|1699771598\n|switch|p2a: Polteageist|Polteageist|100\/100\n|turn|6\n|\n|t:|1699771603\n|move|p1a: Kartana|Knock Off|p2a: Polteageist\n|-supereffective|p2a: Polteageist\n|-enditem|p2a: Polteageist|Focus Sash\n|-damage|p2a: Polteageist|1\/100\n|-ability|p2a: Polteageist|Weak Armor|boost\n|-unboost|p2a: Polteageist|def|1\n|-boost|p2a: Polteageist|spe|2\n|move|p2a: Polteageist|Shell Smash|p2a: Polteageist\n|-unboost|p2a: Polteageist|def|1\n|-unboost|p2a: Polteageist|spd|1\n|-boost|p2a: Polteageist|atk|2\n|-boost|p2a: Polteageist|spa|2\n|-boost|p2a: Polteageist|spe|2\n|\n|upkeep\n|turn|7\n|\n|t:|1699771611\n|move|p2a: Polteageist|Stored Power|p1a: Kartana\n|-resisted|p1a: Kartana\n|-crit|p1a: Kartana\n|-damage|p1a: Kartana|0 fnt\n|faint|p1a: Kartana\n|\n|upkeep\n|\n|t:|1699771613\n|switch|p1a: Urshifu|Urshifu-Rapid-Strike, M|100\/100\n|-activate|p1a: Urshifu|move: Sticky Web\n|-unboost|p1a: Urshifu|spe|1\n|turn|8\n|\n|t:|1699771621\n|move|p1a: Urshifu|Aqua Jet|p2a: Polteageist\n|-damage|p2a: Polteageist|0 fnt\n|faint|p2a: Polteageist\n|\n|upkeep\n|\n|t:|1699771624\n|switch|p2a: Ninetales|Ninetales-Alola, M|100\/100\n|-weather|Snow|[from] ability: Snow Warning|[of] p2a: Ninetales\n|turn|9\n|\n|t:|1699771635\n|move|p2a: Ninetales|Aurora Veil|p2a: Ninetales\n|-sidestart|p2: mannmilk|move: Aurora Veil\n|move|p1a: Urshifu|Surging Strikes|p2a: Ninetales\n|-crit|p2a: Ninetales\n|-damage|p2a: Ninetales|82\/100\n|-crit|p2a: Ninetales\n|-damage|p2a: Ninetales|62\/100\n|-crit|p2a: Ninetales\n|-damage|p2a: Ninetales|43\/100\n|-hitcount|p2a: Ninetales|3\n|\n|-weather|Snow|[upkeep]\n|upkeep\n|turn|10\n|\n|t:|1699771646\n|move|p2a: Ninetales|Moonblast|p1a: Urshifu\n|-supereffective|p1a: Urshifu\n|-damage|p1a: Urshifu|0 fnt\n|faint|p1a: Urshifu\n|\n|-weather|Snow|[upkeep]\n|upkeep\n|\n|t:|1699771662\n|switch|p1a: Skeledirge|Skeledirge, M|100\/100\n|-activate|p1a: Skeledirge|move: Sticky Web\n|-unboost|p1a: Skeledirge|spe|1\n|turn|11\n|\n|t:|1699771670\n|switch|p2a: Manaphy|Manaphy|100\/100\n|-terastallize|p1a: Skeledirge|Fire\n|move|p1a: Skeledirge|Torch Song|p2a: Manaphy\n|-resisted|p2a: Manaphy\n|-damage|p2a: Manaphy|89\/100\n|-boost|p1a: Skeledirge|spa|1\n|\n|-weather|Snow|[upkeep]\n|-heal|p2a: Manaphy|96\/100|[from] item: Leftovers\n|upkeep\n|turn|12\n|\n|t:|1699771691\n|move|p2a: Manaphy|Skill Swap|p1a: Skeledirge\n|-activate|p2a: Manaphy|move: Skill Swap|Unaware|Hydration|[of] p1a: Skeledirge\n|move|p1a: Skeledirge|Torch Song|p2a: Manaphy\n|-resisted|p2a: Manaphy\n|-damage|p2a: Manaphy|84\/100\n|-boost|p1a: Skeledirge|spa|1\n|\n|-weather|Snow|[upkeep]\n|-heal|p2a: Manaphy|91\/100|[from] item: Leftovers\n|upkeep\n|turn|13\n|c|\u2606mannmilk|huh?\n|\n|t:|1699771702\n|move|p2a: Manaphy|Heart Swap|p1a: Skeledirge\n|-swapboost|p2a: Manaphy|p1a: Skeledirge|[from] move: Heart Swap\n|move|p1a: Skeledirge|Torch Song|p2a: Manaphy\n|-resisted|p2a: Manaphy\n|-damage|p2a: Manaphy|78\/100\n|-boost|p1a: Skeledirge|spa|1\n|\n|-weather|none\n|-heal|p2a: Manaphy|85\/100|[from] item: Leftovers\n|upkeep\n|turn|14\n|\n|t:|1699771715\n|move|p1a: Skeledirge|Torch Song|p2a: Manaphy\n|-resisted|p2a: Manaphy\n|-damage|p2a: Manaphy|74\/100\n|-boost|p1a: Skeledirge|spa|1\n|move|p2a: Manaphy|Scald|p1a: Skeledirge\n|-supereffective|p1a: Skeledirge\n|-damage|p1a: Skeledirge|0 fnt\n|faint|p1a: Skeledirge\n|\n|-heal|p2a: Manaphy|80\/100|[from] item: Leftovers\n|upkeep\n|\n|t:|1699771719\n|switch|p1a: Diancie|Diancie|100\/100\n|-activate|p1a: Diancie|move: Sticky Web\n|-fail|p1a: Diancie|unboost|[from] ability: Clear Body|[of] p1a: Diancie\n|turn|15\n|\n|t:|1699771727\n|detailschange|p1a: Diancie|Diancie-Mega\n|-mega|p1a: Diancie|Diancie|Diancite\n|move|p1a: Diancie|Play Rough|p2a: Manaphy\n|-damage|p2a: Manaphy|57\/100\n|move|p2a: Manaphy|Scald|p1a: Diancie\n|-supereffective|p1a: Diancie\n|-damage|p1a: Diancie|0 fnt\n|faint|p1a: Diancie\n|\n|-heal|p2a: Manaphy|63\/100|[from] item: Leftovers\n|upkeep\n|\n|t:|1699771732\n|switch|p1a: Gliscor|Gliscor, M, shiny|100\/100\n|turn|16\n|\n|t:|1699771734\n|move|p1a: Gliscor|Protect|p1a: Gliscor\n|-singleturn|p1a: Gliscor|Protect\n|move|p2a: Manaphy|Scald|p1a: Gliscor\n|-activate|p1a: Gliscor|move: Protect\n|\n|-heal|p2a: Manaphy|69\/100|[from] item: Leftovers\n|-sideend|p2: mannmilk|move: Aurora Veil\n|-status|p1a: Gliscor|tox|[from] item: Toxic Orb\n|upkeep\n|turn|17\n|\n|t:|1699771737\n|move|p1a: Gliscor|Earthquake|p2a: Manaphy\n|-damage|p2a: Manaphy|42\/100\n|move|p2a: Manaphy|Scald|p1a: Gliscor\n|-supereffective|p1a: Gliscor\n|-damage|p1a: Gliscor|10\/100 tox\n|\n|-heal|p2a: Manaphy|49\/100|[from] item: Leftovers\n|-heal|p1a: Gliscor|23\/100 tox|[from] ability: Poison Heal\n|upkeep\n|turn|18\n|\n|t:|1699771745\n|move|p1a: Gliscor|Protect|p1a: Gliscor\n|-singleturn|p1a: Gliscor|Protect\n|move|p2a: Manaphy|Skill Swap|p1a: Gliscor\n|-activate|p1a: Gliscor|move: Protect\n|\n|-heal|p2a: Manaphy|55\/100|[from] item: Leftovers\n|-heal|p1a: Gliscor|35\/100 tox|[from] ability: Poison Heal\n|upkeep\n|turn|19\n|\n|t:|1699771756\n|move|p1a: Gliscor|Earthquake|p2a: Manaphy\n|-damage|p2a: Manaphy|25\/100\n|move|p2a: Manaphy|Skill Swap|p1a: Gliscor\n|-activate|p2a: Manaphy|move: Skill Swap|Poison Heal|Unaware|[of] p1a: Gliscor\n|\n|-heal|p2a: Manaphy|31\/100|[from] item: Leftovers\n|-damage|p1a: Gliscor|16\/100 tox|[from] psn\n|upkeep\n|turn|20\n|\n|t:|1699771761\n|move|p1a: Gliscor|Protect|p1a: Gliscor\n|-singleturn|p1a: Gliscor|Protect\n|move|p2a: Manaphy|Shadow Ball|p1a: Gliscor\n|-activate|p1a: Gliscor|move: Protect\n|\n|-heal|p2a: Manaphy|37\/100|[from] item: Leftovers\n|-damage|p1a: Gliscor|0 fnt|[from] psn\n|faint|p1a: Gliscor\n|\n|win|mannmilk\n|upkeep\n|raw|ijchu's rating: 1082 &rarr; <strong>1066<\/strong><br \/>(-16 for losing)\n|raw|mannmilk's rating: 1190 &rarr; <strong>1207<\/strong><br \/>(+17 for winning)\n","uploadtime":1699771767,"views":11,"p1id":"ijchu","p2id":"mannmilk","formatid":"gen9nationaldex","rating":1066,"private":0,"password":""}