{"id":"gen9nationaldex-1993783493","p1":"pineapple Lee","p2":"Likey2003","format":"[Gen 9] National Dex","log":"|j|\u2606pineapple Lee\n|j|\u2606Likey2003\n|t:|1700356767\n|gametype|singles\n|player|p1|pineapple Lee|alain|1191\n|player|p2|Likey2003|cynthia-gen4|1218\n|teamsize|p1|6\n|teamsize|p2|6\n|gen|9\n|tier|[Gen 9] National Dex\n|rated|\n|rule|HP Percentage Mod: HP is shown in percentages\n|rule|Endless Battle Clause: Forcing endless battles is banned\n|rule|OHKO Clause: OHKO moves are banned\n|rule|Evasion Clause: Evasion abilities, items, and moves are banned\n|rule|Evasion Abilities Clause: Evasion abilities are banned\n|rule|Evasion Items Clause: Evasion items are banned\n|rule|Evasion Moves Clause: Evasion moves are banned\n|rule|Species Clause: Limit one of each Pok\u00e9mon\n|rule|Sleep Clause Mod: Limit one foe put to sleep\n|clearpoke\n|poke|p1|Weavile, M|\n|poke|p1|Iron Valiant|\n|poke|p1|Dragonite, M|\n|poke|p1|Scizor, F|\n|poke|p1|Hoopa-Unbound|\n|poke|p1|Glimmora, F|\n|poke|p2|Absol, F|\n|poke|p2|Celebi|\n|poke|p2|Sableye, F|\n|poke|p2|Meowscarada, M|\n|poke|p2|Iron Moth|\n|poke|p2|Garganacl, M|\n|teampreview\n|inactive|Battle timer is ON: inactive players will automatically lose when time's up. (requested by pineapple Lee)\n|\n|t:|1700356776\n|start\n|switch|p1a: Scizor|Scizor, F|100\/100\n|switch|p2a: Meowscarada|Meowscarada, M, shiny|100\/100\n|turn|1\n|\n|t:|1700356788\n|detailschange|p1a: Scizor|Scizor-Mega, F\n|-mega|p1a: Scizor|Scizor|Scizorite\n|move|p1a: Scizor|Bullet Punch|p2a: Meowscarada\n|-damage|p2a: Meowscarada|45\/100\n|move|p2a: Meowscarada|U-turn|p1a: Scizor\n|-start|p2a: Meowscarada|typechange|Bug|[from] ability: Protean\n|-resisted|p1a: Scizor\n|-damage|p1a: Scizor|84\/100\n|\n|t:|1700356797\n|switch|p2a: Iron Moth|Iron Moth|100\/100|[from] U-turn\n|-enditem|p2a: Iron Moth|Booster Energy\n|-activate|p2a: Iron Moth|ability: Quark Drive|[fromitem]\n|-start|p2a: Iron Moth|quarkdrivespe\n|\n|upkeep\n|turn|2\n|\n|t:|1700356816\n|switch|p1a: Dragonite|Dragonite, M, shiny|100\/100\n|move|p2a: Iron Moth|Fiery Dance|p1a: Dragonite\n|-resisted|p1a: Dragonite\n|-damage|p1a: Dragonite|91\/100\n|-boost|p2a: Iron Moth|spa|1\n|\n|upkeep\n|turn|3\n|\n|t:|1700356822\n|-terastallize|p2a: Iron Moth|Ice\n|move|p2a: Iron Moth|Tera Blast|p1a: Dragonite|[anim] Tera Blast Ice\n|-supereffective|p1a: Dragonite\n|-damage|p1a: Dragonite|0 fnt\n|faint|p1a: Dragonite\n|\n|upkeep\n|\n|t:|1700356828\n|switch|p1a: Scizor|Scizor-Mega, F|84\/100\n|turn|4\n|\n|t:|1700356832\n|move|p1a: Scizor|Bullet Punch|p2a: Iron Moth\n|-supereffective|p2a: Iron Moth\n|-damage|p2a: Iron Moth|0 fnt\n|faint|p2a: Iron Moth\n|-end|p2a: Iron Moth|Quark Drive|[silent]\n|\n|upkeep\n|\n|t:|1700356839\n|switch|p2a: Sableye|Sableye, F|100\/100\n|turn|5\n|\n|t:|1700356854\n|switch|p1a: Iron Valiant|Iron Valiant|100\/100\n|-enditem|p1a: Iron Valiant|Booster Energy\n|-activate|p1a: Iron Valiant|ability: Quark Drive|[fromitem]\n|-start|p1a: Iron Valiant|quarkdrivespe\n|move|p2a: Sableye|Will-O-Wisp|p1a: Iron Valiant\n|-status|p1a: Iron Valiant|brn\n|\n|-damage|p1a: Iron Valiant|94\/100 brn|[from] brn\n|upkeep\n|turn|6\n|\n|t:|1700356862\n|switch|p2a: Celebi|Celebi, shiny|100\/100\n|move|p1a: Iron Valiant|Calm Mind|p1a: Iron Valiant\n|-boost|p1a: Iron Valiant|spa|1\n|-boost|p1a: Iron Valiant|spd|1\n|\n|-damage|p1a: Iron Valiant|88\/100 brn|[from] brn\n|upkeep\n|turn|7\n|\n|t:|1700356871\n|move|p1a: Iron Valiant|Moonblast|p2a: Celebi\n|-damage|p2a: Celebi|34\/100\n|move|p2a: Celebi|Leech Seed|p1a: Iron Valiant\n|-start|p1a: Iron Valiant|move: Leech Seed\n|\n|-damage|p1a: Iron Valiant|76\/100 brn|[from] Leech Seed|[of] p2a: Celebi\n|-heal|p2a: Celebi|44\/100|[silent]\n|-damage|p1a: Iron Valiant|69\/100 brn|[from] brn\n|upkeep\n|turn|8\n|\n|t:|1700356877\n|switch|p2a: Garganacl|Garganacl, M|100\/100\n|move|p1a: Iron Valiant|Moonblast|p2a: Garganacl\n|-crit|p2a: Garganacl\n|-damage|p2a: Garganacl|28\/100\n|\n|-heal|p2a: Garganacl|34\/100|[from] item: Leftovers\n|-damage|p1a: Iron Valiant|57\/100 brn|[from] Leech Seed|[of] p2a: Garganacl\n|-heal|p2a: Garganacl|43\/100|[silent]\n|-damage|p1a: Iron Valiant|51\/100 brn|[from] brn\n|upkeep\n|turn|9\n|\n|t:|1700356886\n|switch|p2a: Sableye|Sableye, F|100\/100\n|move|p1a: Iron Valiant|Calm Mind|p1a: Iron Valiant\n|-boost|p1a: Iron Valiant|spa|1\n|-boost|p1a: Iron Valiant|spd|1\n|\n|-damage|p1a: Iron Valiant|38\/100 brn|[from] Leech Seed|[of] p2a: Sableye\n|-damage|p1a: Iron Valiant|32\/100 brn|[from] brn\n|upkeep\n|turn|10\n|\n|t:|1700356890\n|move|p2a: Sableye|Fake Out|p1a: Iron Valiant\n|-damage|p1a: Iron Valiant|18\/100 brn\n|cant|p1a: Iron Valiant|flinch\n|\n|-damage|p1a: Iron Valiant|5\/100 brn|[from] Leech Seed|[of] p2a: Sableye\n|-damage|p1a: Iron Valiant|0 fnt|[from] brn\n|faint|p1a: Iron Valiant\n|-end|p1a: Iron Valiant|Quark Drive|[silent]\n|upkeep\n|\n|t:|1700356902\n|switch|p1a: Scizor|Scizor-Mega, F|84\/100\n|turn|11\n|\n|t:|1700356908\n|switch|p1a: Glimmora|Glimmora, F|100\/100\n|move|p2a: Sableye|Will-O-Wisp|p1a: Glimmora|[miss]\n|-miss|p2a: Sableye|p1a: Glimmora\n|\n|upkeep\n|turn|12\n|\n|t:|1700356919\n|switch|p2a: Garganacl|Garganacl, M|43\/100\n|move|p1a: Glimmora|Mortal Spin|p2a: Garganacl\n|-resisted|p2a: Garganacl\n|-damage|p2a: Garganacl|41\/100\n|\n|-heal|p2a: Garganacl|47\/100|[from] item: Leftovers\n|upkeep\n|turn|13\n|\n|t:|1700356927\n|switch|p1a: Hoopa|Hoopa-Unbound|100\/100\n|move|p2a: Garganacl|Recover|p2a: Garganacl\n|-heal|p2a: Garganacl|97\/100\n|\n|-heal|p2a: Garganacl|100\/100|[from] item: Leftovers\n|upkeep\n|turn|14\n|\n|t:|1700356931\n|move|p1a: Hoopa|Focus Blast|p2a: Garganacl\n|-supereffective|p2a: Garganacl\n|-damage|p2a: Garganacl|16\/100\n|-damage|p1a: Hoopa|91\/100|[from] item: Life Orb\n|move|p2a: Garganacl|Salt Cure|p1a: Hoopa\n|-damage|p1a: Hoopa|65\/100\n|-start|p1a: Hoopa|Salt Cure\n|\n|-heal|p2a: Garganacl|22\/100|[from] item: Leftovers\n|-damage|p1a: Hoopa|53\/100|[from] Salt Cure\n|upkeep\n|turn|15\n|\n|t:|1700356948\n|switch|p2a: Sableye|Sableye, F|100\/100\n|move|p1a: Hoopa|Dark Pulse|p2a: Sableye\n|-damage|p2a: Sableye|3\/100\n|-damage|p1a: Hoopa|43\/100|[from] item: Life Orb\n|\n|-damage|p1a: Hoopa|31\/100|[from] Salt Cure\n|upkeep\n|turn|16\n|\n|t:|1700356960\n|switch|p1a: Glimmora|Glimmora, F|100\/100\n|move|p2a: Sableye|Fake Out|p1a: Glimmora\n|-resisted|p1a: Glimmora\n|-damage|p1a: Glimmora|95\/100\n|-activate|p1a: Glimmora|ability: Toxic Debris\n|-sidestart|p2: Likey2003|move: Toxic Spikes\n|\n|upkeep\n|turn|17\n|\n|t:|1700356976\n|switch|p1a: Scizor|Scizor-Mega, F|84\/100\n|move|p2a: Sableye|Recover|p2a: Sableye\n|-heal|p2a: Sableye|53\/100\n|\n|upkeep\n|turn|18\n|inactive|Likey2003 has 120 seconds left.\n|\n|t:|1700357030\n|switch|p1a: Glimmora|Glimmora, F|95\/100\n|move|p2a: Sableye|Will-O-Wisp|p1a: Glimmora|[miss]\n|-miss|p2a: Sableye|p1a: Glimmora\n|\n|upkeep\n|turn|19\n|\n|t:|1700357043\n|move|p2a: Sableye|Recover|p2a: Sableye\n|-heal|p2a: Sableye|100\/100\n|move|p1a: Glimmora|Sludge Bomb|p2a: Sableye\n|-resisted|p2a: Sableye\n|-damage|p2a: Sableye|62\/100\n|\n|upkeep\n|turn|20\n|\n|t:|1700357049\n|move|p1a: Glimmora|Sludge Bomb|p2a: Sableye\n|-resisted|p2a: Sableye\n|-damage|p2a: Sableye|22\/100\n|move|p2a: Sableye|Knock Off|p1a: Glimmora\n|-crit|p1a: Glimmora\n|-damage|p1a: Glimmora|20\/100\n|-activate|p1a: Glimmora|ability: Toxic Debris\n|-sidestart|p2: Likey2003|move: Toxic Spikes\n|-enditem|p1a: Glimmora|Focus Sash|[from] move: Knock Off|[of] p2a: Sableye\n|\n|upkeep\n|turn|21\n|\n|t:|1700357060\n|move|p2a: Sableye|Recover|p2a: Sableye\n|-heal|p2a: Sableye|72\/100\n|move|p1a: Glimmora|Sludge Bomb|p2a: Sableye\n|-resisted|p2a: Sableye\n|-damage|p2a: Sableye|37\/100\n|\n|upkeep\n|turn|22\n|\n|t:|1700357077\n|move|p2a: Sableye|Recover|p2a: Sableye\n|-heal|p2a: Sableye|87\/100\n|move|p1a: Glimmora|Mortal Spin|p2a: Sableye\n|-resisted|p2a: Sableye\n|-damage|p2a: Sableye|82\/100\n|-status|p2a: Sableye|psn\n|\n|-damage|p2a: Sableye|69\/100 psn|[from] psn\n|upkeep\n|turn|23\n|\n|t:|1700357083\n|move|p1a: Glimmora|Sludge Bomb|p2a: Sableye\n|-resisted|p2a: Sableye\n|-damage|p2a: Sableye|30\/100 psn\n|move|p2a: Sableye|Knock Off|p1a: Glimmora\n|-crit|p1a: Glimmora\n|-damage|p1a: Glimmora|0 fnt\n|faint|p1a: Glimmora\n|\n|-damage|p2a: Sableye|18\/100 psn|[from] psn\n|upkeep\n|\n|t:|1700357095\n|switch|p1a: Weavile|Weavile, M|100\/100\n|turn|24\n|\n|t:|1700357101\n|switch|p2a: Celebi|Celebi, shiny|44\/100\n|-status|p2a: Celebi|tox\n|move|p1a: Weavile|Beat Up|p2a: Celebi\n|-supereffective|p2a: Celebi\n|-damage|p2a: Celebi|28\/100 tox\n|-supereffective|p2a: Celebi\n|-damage|p2a: Celebi|6\/100 tox\n|-enditem|p2a: Celebi|Mago Berry|[eat]\n|-heal|p2a: Celebi|39\/100 tox|[from] item: Mago Berry\n|-supereffective|p2a: Celebi\n|-damage|p2a: Celebi|18\/100 tox\n|-hitcount|p2a: Celebi|3\n|\n|-damage|p2a: Celebi|12\/100 tox|[from] psn\n|upkeep\n|turn|25\n|\n|t:|1700357115\n|move|p1a: Weavile|Beat Up|p2a: Celebi\n|-supereffective|p2a: Celebi\n|-damage|p2a: Celebi|0 fnt\n|faint|p2a: Celebi\n|-hitcount|p2: Celebi|1\n|\n|upkeep\n|\n|t:|1700357126\n|switch|p2a: Meowscarada|Meowscarada, M, shiny|45\/100\n|-status|p2a: Meowscarada|tox\n|turn|26\n|\n|t:|1700357132\n|move|p1a: Weavile|Triple Axel|p2a: Meowscarada\n|-supereffective|p2a: Meowscarada\n|-damage|p2a: Meowscarada|12\/100 tox\n|-supereffective|p2a: Meowscarada\n|-damage|p2a: Meowscarada|0 fnt\n|faint|p2a: Meowscarada\n|-hitcount|p2: Meowscarada|2\n|\n|upkeep\n|\n|t:|1700357136\n|switch|p2a: Absol|Absol, F|100\/100\n|-status|p2a: Absol|tox\n|turn|27\n|\n|t:|1700357142\n|move|p1a: Weavile|Brick Break|p2a: Absol\n|-supereffective|p2a: Absol\n|-damage|p2a: Absol|0 fnt\n|faint|p2a: Absol\n|\n|upkeep\n|\n|t:|1700357145\n|switch|p2a: Garganacl|Garganacl, M|22\/100\n|turn|28\n|\n|t:|1700357148\n|move|p1a: Weavile|Brick Break|p2a: Garganacl\n|-supereffective|p2a: Garganacl\n|-damage|p2a: Garganacl|0 fnt\n|faint|p2a: Garganacl\n|\n|upkeep\n|\n|t:|1700357151\n|switch|p2a: Sableye|Sableye, F|18\/100 psn\n|turn|29\n|\n|t:|1700357155\n|move|p2a: Sableye|Recover|p2a: Sableye\n|-heal|p2a: Sableye|68\/100 psn\n|move|p1a: Weavile|Swords Dance|p1a: Weavile\n|-boost|p1a: Weavile|atk|2\n|\n|-damage|p2a: Sableye|55\/100 psn|[from] psn\n|upkeep\n|turn|30\n|\n|t:|1700357158\n|move|p2a: Sableye|Will-O-Wisp|p1a: Weavile\n|-hint|Since gen 7, Dark is immune to Prankster moves.\n|-immune|p1a: Weavile\n|move|p1a: Weavile|Triple Axel|p2a: Sableye\n|-damage|p2a: Sableye|27\/100 psn\n|-damage|p2a: Sableye|0 fnt\n|faint|p2a: Sableye\n|-hitcount|p2: Sableye|2\n|\n|win|pineapple Lee\n|raw|pineapple Lee's rating: 1191 &rarr; <strong>1218<\/strong><br \/>(+27 for winning)\n|raw|Likey2003's rating: 1218 &rarr; <strong>1191<\/strong><br \/>(-27 for losing)\n|l|\u2606Likey2003\n","uploadtime":1700357183,"views":7,"p1id":"pineapplelee","p2id":"likey2003","formatid":"gen9nationaldex","rating":1191,"private":0,"password":""}