{"id":"gen9nationaldex-1994282932","p1":"Chris Issun","p2":"LePokeRoi","format":"[Gen 9] National Dex","log":"|j|\u2606Chris Issun\n|j|\u2606LePokeRoi\n|t:|1700426816\n|gametype|singles\n|player|p1|Chris Issun|maid|\n|player|p2|LePokeRoi|giovanni|\n|teamsize|p1|6\n|teamsize|p2|6\n|gen|9\n|tier|[Gen 9] National Dex\n|rule|HP Percentage Mod: HP is shown in percentages\n|rule|Endless Battle Clause: Forcing endless battles is banned\n|rule|OHKO Clause: OHKO moves are banned\n|rule|Evasion Clause: Evasion abilities, items, and moves are banned\n|rule|Evasion Abilities Clause: Evasion abilities are banned\n|rule|Evasion Items Clause: Evasion items are banned\n|rule|Evasion Moves Clause: Evasion moves are banned\n|rule|Species Clause: Limit one of each Pok\u00e9mon\n|rule|Sleep Clause Mod: Limit one foe put to sleep\n|clearpoke\n|poke|p1|Ninetales-Alola, F|\n|poke|p1|Magnezone|\n|poke|p1|Iron Valiant|\n|poke|p1|Ursaluna, M|\n|poke|p1|Moltres|\n|poke|p1|Tapu Fini|\n|poke|p2|Slowking-Galar, F|\n|poke|p2|Scizor, M|\n|poke|p2|Serperior, M|\n|poke|p2|Rotom-Wash|\n|poke|p2|Conkeldurr, F|\n|poke|p2|Weezing-Galar, M|\n|teampreview\n|j| DuxPraetorRex\n|\n|t:|1700426862\n|start\n|switch|p1a: Auto Zone|Magnezone|100\/100\n|switch|p2a: Viscera|Scizor, M|100\/100\n|turn|1\n|\n|t:|1700426919\n|-terastallize|p2a: Viscera|Bug\n|move|p2a: Viscera|U-turn|p1a: Auto Zone\n|-resisted|p1a: Auto Zone\n|-damage|p1a: Auto Zone|68\/100\n|\n|t:|1700426928\n|switch|p2a: GE|Rotom-Wash|100\/100|[from] U-turn\n|move|p1a: Auto Zone|Hidden Power|p2a: GE\n|-resisted|p2a: GE\n|-damage|p2a: GE|86\/100\n|\n|upkeep\n|turn|2\n|\n|t:|1700426950\n|move|p2a: GE|Volt Switch|p1a: Auto Zone\n|-resisted|p1a: Auto Zone\n|-damage|p1a: Auto Zone|57\/100\n|\n|t:|1700426964\n|switch|p2a: Viscera|Scizor, M, tera:Bug|100\/100|[from] Volt Switch\n|move|p1a: Auto Zone|Volt Switch|p2a: Viscera\n|-damage|p2a: Viscera|49\/100\n|\n|t:|1700426977\n|switch|p1a: Moldrei|Moltres|100\/100|[from] Volt Switch\n|-ability|p1a: Moldrei|Pressure\n|\n|upkeep\n|turn|3\n|c|\u2606LePokeRoi|i like your Moltres name\n|c|\u2606Chris Issun|Thanks, it's one of my favorites I've come up with\n|\n|t:|1700427030\n|switch|p2a: GE|Rotom-Wash|86\/100\n|move|p1a: Moldrei|U-turn|p2a: GE\n|-damage|p2a: GE|66\/100\n|\n|t:|1700427040\n|switch|p1a: Ursula|Ninetales-Alola, F|100\/100|[from] U-turn\n|-weather|Snow|[from] ability: Snow Warning|[of] p1a: Ursula\n|\n|-weather|Snow|[upkeep]\n|upkeep\n|turn|4\n|\n|t:|1700427062\n|move|p2a: GE|Volt Switch|p1a: Ursula\n|-damage|p1a: Ursula|64\/100\n|\n|t:|1700427065\n|switch|p2a: I'm Joe-King|Slowking-Galar, F|100\/100|[from] Volt Switch\n|move|p1a: Ursula|Aurora Veil|p1a: Ursula\n|-sidestart|p1: Chris Issun|move: Aurora Veil\n|\n|-weather|Snow|[upkeep]\n|upkeep\n|turn|5\n|\n|t:|1700427097\n|switch|p1a: Auto Zone|Magnezone|57\/100\n|move|p2a: I'm Joe-King|Scald|p1a: Auto Zone\n|-damage|p1a: Auto Zone|49\/100\n|-status|p1a: Auto Zone|brn\n|\n|-weather|Snow|[upkeep]\n|-damage|p1a: Auto Zone|43\/100 brn|[from] brn\n|upkeep\n|turn|6\n|\n|t:|1700427118\n|move|p1a: Auto Zone|Volt Switch|p2a: I'm Joe-King\n|-damage|p2a: I'm Joe-King|76\/100\n|\n|t:|1700427123\n|switch|p1a: Beary|Ursaluna, M|100\/100|[from] Volt Switch\n|move|p2a: I'm Joe-King|Eerie Spell|p1a: Beary\n|-damage|p1a: Beary|88\/100\n|\n|-weather|Snow|[upkeep]\n|-status|p1a: Beary|brn|[from] item: Flame Orb\n|upkeep\n|turn|7\n|\n|t:|1700427146\n|switch|p2a: Dimmadome|Weezing-Galar, M|100\/100\n|-ability|p2a: Dimmadome|Neutralizing Gas\n|move|p1a: Beary|Trailblaze|p2a: Dimmadome\n|-resisted|p2a: Dimmadome\n|-damage|p2a: Dimmadome|96\/100\n|-boost|p1a: Beary|spe|1\n|\n|-weather|none\n|-heal|p2a: Dimmadome|100\/100|[from] item: Black Sludge\n|-damage|p1a: Beary|81\/100 brn|[from] brn\n|upkeep\n|turn|8\n|\n|t:|1700427173\n|move|p1a: Beary|Earthquake|p2a: Dimmadome\n|-supereffective|p2a: Dimmadome\n|-damage|p2a: Dimmadome|52\/100\n|move|p2a: Dimmadome|Clear Smog|p1a: Beary\n|-resisted|p1a: Beary\n|-crit|p1a: Beary\n|-damage|p1a: Beary|71\/100 brn\n|-clearboost|p1a: Beary\n|\n|-heal|p2a: Dimmadome|58\/100|[from] item: Black Sludge\n|-damage|p1a: Beary|65\/100 brn|[from] brn\n|upkeep\n|turn|9\n|\n|t:|1700427189\n|move|p2a: Dimmadome|Pain Split|p1a: Beary\n|-sethp|p1a: Beary|53\/100 brn|[from] move: Pain Split|[silent]\n|-sethp|p2a: Dimmadome|74\/100|[from] move: Pain Split\n|move|p1a: Beary|Earthquake|p2a: Dimmadome\n|-supereffective|p2a: Dimmadome\n|-damage|p2a: Dimmadome|19\/100\n|\n|-heal|p2a: Dimmadome|25\/100|[from] item: Black Sludge\n|-damage|p1a: Beary|47\/100 brn|[from] brn\n|upkeep\n|turn|10\n|\n|t:|1700427201\n|-end|p2a: Dimmadome|ability: Neutralizing Gas\n|switch|p2a: GE|Rotom-Wash|66\/100\n|move|p1a: Beary|Drain Punch|p2a: GE\n|-damage|p2a: GE|3\/100\n|-heal|p1a: Beary|64\/100 brn|[from] drain|[of] p2a: GE\n|\n|-damage|p1a: Beary|58\/100 brn|[from] brn\n|upkeep\n|turn|11\n|\n|t:|1700427223\n|move|p2a: GE|Hydro Pump|p1a: Beary\n|-supereffective|p1a: Beary\n|-damage|p1a: Beary|15\/100 brn\n|move|p1a: Beary|Drain Punch|p2a: GE\n|-damage|p2a: GE|0 fnt\n|-heal|p1a: Beary|16\/100 brn|[from] drain|[of] p2a: GE\n|faint|p2a: GE\n|\n|-damage|p1a: Beary|10\/100 brn|[from] brn\n|-sideend|p1: Chris Issun|move: Aurora Veil\n|upkeep\n|\n|t:|1700427239\n|switch|p2a: Majesty|Serperior, M|100\/100\n|turn|12\n|\n|t:|1700427246\n|move|p2a: Majesty|Leaf Storm|p1a: Beary\n|-supereffective|p1a: Beary\n|-damage|p1a: Beary|0 fnt\n|-boost|p2a: Majesty|spa|2\n|faint|p1a: Beary\n|\n|upkeep\n|\n|t:|1700427305\n|switch|p1a: Ursula|Ninetales-Alola, F|64\/100\n|-weather|Snow|[from] ability: Snow Warning|[of] p1a: Ursula\n|turn|13\n|\n|t:|1700427357\n|move|p2a: Majesty|Leaf Storm|p1a: Ursula\n|-damage|p1a: Ursula|0 fnt\n|-boost|p2a: Majesty|spa|2\n|faint|p1a: Ursula\n|\n|-weather|Snow|[upkeep]\n|upkeep\n|\n|t:|1700427368\n|switch|p1a: Moldrei|Moltres|100\/100\n|-ability|p1a: Moldrei|Pressure\n|turn|14\n|\n|t:|1700427404\n|switch|p2a: Dimmadome|Weezing-Galar, M|25\/100\n|-ability|p2a: Dimmadome|Neutralizing Gas\n|move|p1a: Moldrei|Flamethrower|p2a: Dimmadome\n|-damage|p2a: Dimmadome|0 fnt\n|faint|p2a: Dimmadome\n|-end|p2a: Dimmadome|ability: Neutralizing Gas\n|-ability|p1a: Moldrei|Pressure\n|\n|-weather|Snow|[upkeep]\n|upkeep\n|\n|t:|1700427423\n|switch|p2a: I'm Joe-King|Slowking-Galar, F|100\/100\n|turn|15\n|\n|t:|1700427446\n|move|p1a: Moldrei|U-turn|p2a: I'm Joe-King\n|-damage|p2a: I'm Joe-King|86\/100\n|\n|t:|1700427487\n|switch|p1a: Tapu Fishy|Tapu Fini|100\/100|[from] U-turn\n|-fieldstart|move: Misty Terrain|[from] ability: Misty Surge|[of] p1a: Tapu Fishy\n|move|p2a: I'm Joe-King|Scald|p1a: Tapu Fishy\n|-resisted|p1a: Tapu Fishy\n|-damage|p1a: Tapu Fishy|91\/100\n|\n|-weather|Snow|[upkeep]\n|upkeep\n|turn|16\n|\n|t:|1700427524\n|move|p1a: Tapu Fishy|Ice Beam|p2a: I'm Joe-King\n|-damage|p2a: I'm Joe-King|60\/100\n|move|p2a: I'm Joe-King|Sludge Bomb|p1a: Tapu Fishy\n|-supereffective|p1a: Tapu Fishy\n|-damage|p1a: Tapu Fishy|24\/100\n|\n|-weather|Snow|[upkeep]\n|upkeep\n|turn|17\n|\n|t:|1700427533\n|move|p1a: Tapu Fishy|Ice Beam|p2a: I'm Joe-King\n|-damage|p2a: I'm Joe-King|35\/100\n|move|p2a: I'm Joe-King|Slack Off|p2a: I'm Joe-King\n|-heal|p2a: I'm Joe-King|85\/100\n|\n|-weather|none\n|upkeep\n|turn|18\n|\n|t:|1700427566\n|switch|p1a: Auto Zone|Magnezone|43\/100 brn\n|move|p2a: I'm Joe-King|Slack Off|p2a: I'm Joe-King\n|-heal|p2a: I'm Joe-King|100\/100\n|\n|-damage|p1a: Auto Zone|37\/100 brn|[from] brn\n|upkeep\n|turn|19\n|\n|t:|1700427577\n|move|p1a: Auto Zone|Flash Cannon|p2a: I'm Joe-King\n|-damage|p2a: I'm Joe-King|69\/100\n|move|p2a: I'm Joe-King|Scald|p1a: Auto Zone\n|-damage|p1a: Auto Zone|22\/100 brn\n|\n|-damage|p1a: Auto Zone|16\/100 brn|[from] brn\n|-fieldend|Misty Terrain\n|upkeep\n|turn|20\n|\n|t:|1700427618\n|move|p1a: Auto Zone|Flash Cannon|p2a: I'm Joe-King\n|-damage|p2a: I'm Joe-King|37\/100\n|move|p2a: I'm Joe-King|Slack Off|p2a: I'm Joe-King\n|-heal|p2a: I'm Joe-King|88\/100\n|\n|-damage|p1a: Auto Zone|10\/100 brn|[from] brn\n|upkeep\n|turn|21\n|\n|t:|1700427652\n|move|p1a: Auto Zone|Flash Cannon|p2a: I'm Joe-King\n|-damage|p2a: I'm Joe-King|55\/100\n|move|p2a: I'm Joe-King|Slack Off|p2a: I'm Joe-King\n|-heal|p2a: I'm Joe-King|100\/100\n|\n|-damage|p1a: Auto Zone|4\/100 brn|[from] brn\n|upkeep\n|turn|22\n|\n|t:|1700427660\n|move|p1a: Auto Zone|Flash Cannon|p2a: I'm Joe-King\n|-damage|p2a: I'm Joe-King|68\/100\n|move|p2a: I'm Joe-King|Slack Off|p2a: I'm Joe-King\n|-heal|p2a: I'm Joe-King|100\/100\n|\n|-damage|p1a: Auto Zone|0 fnt|[from] brn\n|faint|p1a: Auto Zone\n|upkeep\n|\n|t:|1700427667\n|switch|p1a: KOS-MOS|Iron Valiant|100\/100\n|turn|23\n|\n|t:|1700427692\n|-terastallize|p1a: KOS-MOS|Electric\n|move|p1a: KOS-MOS|Thunderbolt|p2a: I'm Joe-King\n|-damage|p2a: I'm Joe-King|60\/100\n|move|p2a: I'm Joe-King|Scald|p1a: KOS-MOS\n|-damage|p1a: KOS-MOS|64\/100\n|\n|upkeep\n|turn|24\n|\n|t:|1700427765\n|switch|p2a: IT|Conkeldurr, F|100\/100\n|move|p1a: KOS-MOS|Thunderbolt|p2a: IT\n|-damage|p2a: IT|26\/100\n|\n|-status|p2a: IT|brn|[from] item: Flame Orb\n|upkeep\n|turn|25\n|\n|t:|1700427783\n|-end|p1a: KOS-MOS|Quark Drive|[silent]\n|switch|p1a: Moldrei|Moltres|100\/100\n|-ability|p1a: Moldrei|Pressure\n|move|p2a: IT|Mach Punch|p1a: Moldrei\n|-resisted|p1a: Moldrei\n|-damage|p1a: Moldrei|87\/100\n|\n|-damage|p2a: IT|20\/100 brn|[from] brn\n|upkeep\n|turn|26\n|\n|t:|1700427816\n|move|p1a: Moldrei|Flamethrower|p2a: IT\n|-damage|p2a: IT|0 fnt\n|faint|p2a: IT\n|\n|upkeep\n|\n|t:|1700427821\n|switch|p2a: I'm Joe-King|Slowking-Galar, F|93\/100\n|turn|27\n|\n|t:|1700427832\n|move|p1a: Moldrei|Flamethrower|p2a: I'm Joe-King\n|-damage|p2a: I'm Joe-King|67\/100\n|move|p2a: I'm Joe-King|Sludge Bomb|p1a: Moldrei\n|-damage|p1a: Moldrei|55\/100\n|\n|upkeep\n|turn|28\n|\n|t:|1700427842\n|move|p1a: Moldrei|Roost|p1a: Moldrei\n|-heal|p1a: Moldrei|100\/100\n|-singleturn|p1a: Moldrei|move: Roost\n|move|p2a: I'm Joe-King|Sludge Bomb|p1a: Moldrei\n|-crit|p1a: Moldrei\n|-damage|p1a: Moldrei|49\/100\n|\n|upkeep\n|turn|29\n|\n|t:|1700427854\n|move|p1a: Moldrei|Roost|p1a: Moldrei\n|-heal|p1a: Moldrei|99\/100\n|-singleturn|p1a: Moldrei|move: Roost\n|move|p2a: I'm Joe-King|Eerie Spell|p1a: Moldrei\n|-damage|p1a: Moldrei|69\/100\n|-activate|p1a: Moldrei|move: Eerie Spell|Roost|3\n|\n|upkeep\n|turn|30\n|\n|t:|1700427866\n|move|p1a: Moldrei|Flamethrower|p2a: I'm Joe-King\n|-damage|p2a: I'm Joe-King|41\/100\n|move|p2a: I'm Joe-King|Slack Off|p2a: I'm Joe-King\n|-heal|p2a: I'm Joe-King|91\/100\n|\n|upkeep\n|turn|31\n|\n|t:|1700427875\n|move|p1a: Moldrei|Flamethrower|p2a: I'm Joe-King\n|-damage|p2a: I'm Joe-King|64\/100\n|-status|p2a: I'm Joe-King|brn\n|move|p2a: I'm Joe-King|Sludge Bomb|p1a: Moldrei\n|-damage|p1a: Moldrei|34\/100\n|-status|p1a: Moldrei|psn\n|\n|-damage|p1a: Moldrei|21\/100 psn|[from] psn\n|-damage|p2a: I'm Joe-King|58\/100 brn|[from] brn\n|upkeep\n|turn|32\n|\n|t:|1700427889\n|move|p1a: Moldrei|Roost|p1a: Moldrei\n|-heal|p1a: Moldrei|72\/100 psn\n|-singleturn|p1a: Moldrei|move: Roost\n|move|p2a: I'm Joe-King|Eerie Spell|p1a: Moldrei\n|-damage|p1a: Moldrei|43\/100 psn\n|-activate|p1a: Moldrei|move: Eerie Spell|Roost|2\n|\n|-damage|p1a: Moldrei|31\/100 psn|[from] psn\n|-damage|p2a: I'm Joe-King|52\/100 brn|[from] brn\n|upkeep\n|turn|33\n|\n|t:|1700427917\n|move|p1a: Moldrei|U-turn|p2a: I'm Joe-King\n|-damage|p2a: I'm Joe-King|37\/100 brn\n|\n|t:|1700427920\n|switch|p1a: KOS-MOS|Iron Valiant, tera:Electric|64\/100|[from] U-turn\n|move|p2a: I'm Joe-King|Slack Off|p2a: I'm Joe-King\n|-heal|p2a: I'm Joe-King|87\/100 brn\n|\n|-damage|p2a: I'm Joe-King|81\/100 brn|[from] brn\n|upkeep\n|turn|34\n|\n|t:|1700427959\n|move|p1a: KOS-MOS|Thunderbolt|p2a: I'm Joe-King\n|-crit|p2a: I'm Joe-King\n|-damage|p2a: I'm Joe-King|19\/100 brn\n|move|p2a: I'm Joe-King|Sludge Bomb|p1a: KOS-MOS\n|-damage|p1a: KOS-MOS|6\/100\n|-status|p1a: KOS-MOS|psn\n|\n|-damage|p1a: KOS-MOS|0 fnt|[from] psn\n|faint|p1a: KOS-MOS\n|-end|p1a: KOS-MOS|Quark Drive|[silent]\n|-damage|p2a: I'm Joe-King|12\/100 brn|[from] brn\n|upkeep\n|\n|t:|1700427976\n|switch|p1a: Tapu Fishy|Tapu Fini|24\/100\n|-fieldstart|move: Misty Terrain|[from] ability: Misty Surge|[of] p1a: Tapu Fishy\n|turn|35\n|\n|t:|1700427983\n|switch|p2a: Majesty|Serperior, M|100\/100\n|move|p1a: Tapu Fishy|Ice Beam|p2a: Majesty\n|-supereffective|p2a: Majesty\n|-damage|p2a: Majesty|6\/100\n|\n|-heal|p2a: Majesty|12\/100|[from] item: Leftovers\n|upkeep\n|turn|36\n|\n|t:|1700427991\n|move|p2a: Majesty|Leaf Storm|p1a: Tapu Fishy\n|-supereffective|p1a: Tapu Fishy\n|-damage|p1a: Tapu Fishy|0 fnt\n|-boost|p2a: Majesty|spa|2\n|faint|p1a: Tapu Fishy\n|\n|-heal|p2a: Majesty|18\/100|[from] item: Leftovers\n|upkeep\n|\n|t:|1700427998\n|switch|p1a: Moldrei|Moltres|31\/100 psn\n|-ability|p1a: Moldrei|Pressure\n|turn|37\n|\n|t:|1700428007\n|move|p2a: Majesty|Leaf Storm|p1a: Moldrei\n|-resisted|p1a: Moldrei\n|-damage|p1a: Moldrei|7\/100 psn\n|-boost|p2a: Majesty|spa|2\n|move|p1a: Moldrei|Flamethrower|p2a: Majesty\n|-supereffective|p2a: Majesty\n|-damage|p2a: Majesty|0 fnt\n|faint|p2a: Majesty\n|\n|-damage|p1a: Moldrei|0 fnt|[from] psn\n|faint|p1a: Moldrei\n|\n|win|LePokeRoi\n|upkeep\n|c|\u2606Chris Issun|gg\n","uploadtime":1700428020,"views":16,"p1id":"chrisissun","p2id":"lepokeroi","formatid":"gen9nationaldex","rating":0,"private":0,"password":""}