{"id":"gen9nationaldex-1998001277","p1":"syjrt","p2":"burnpoke","format":"[Gen 9] National Dex","log":"|html|<div class=\"broadcast-blue\"><strong>[Gen 9] National Dex is currently suspecting Sneasler! For information on how to participate check out the <a href=\"https:\/\/www.smogon.com\/forums\/threads\/sv-national-dex-suspect-8-just-dance.3731534\/\">suspect thread<\/a>.<\/strong><\/div>\n|j|\u2606syjrt\n|j|\u2606burnpoke\n|t:|1700877445\n|gametype|singles\n|player|p1|syjrt|lady-gen4|1040\n|player|p2|burnpoke|lucas|1032\n|teamsize|p1|6\n|teamsize|p2|6\n|gen|9\n|tier|[Gen 9] National Dex\n|rated|\n|rule|HP Percentage Mod: HP is shown in percentages\n|rule|Endless Battle Clause: Forcing endless battles is banned\n|rule|OHKO Clause: OHKO moves are banned\n|rule|Evasion Clause: Evasion abilities, items, and moves are banned\n|rule|Evasion Abilities Clause: Evasion abilities are banned\n|rule|Evasion Items Clause: Evasion items are banned\n|rule|Evasion Moves Clause: Evasion moves are banned\n|rule|Species Clause: Limit one of each Pok\u00e9mon\n|rule|Sleep Clause Mod: Limit one foe put to sleep\n|clearpoke\n|poke|p1|Great Tusk|\n|poke|p1|Ursaluna, M|\n|poke|p1|Landorus-Therian, M|\n|poke|p1|Tapu Koko|\n|poke|p1|Diancie|\n|poke|p1|Iron Valiant|\n|poke|p2|Steelix, M|\n|poke|p2|Iron Valiant|\n|poke|p2|Lopunny, F|\n|poke|p2|Scizor, F|\n|poke|p2|Landorus-Therian, M|\n|poke|p2|Swampert, M|\n|teampreview\n|c|\u2606burnpoke|glhf\n|\n|t:|1700877467\n|start\n|switch|p1a: Diancie|Diancie|100\/100\n|switch|p2a: Scizor|Scizor, F|100\/100\n|turn|1\n|\n|t:|1700877474\n|detailschange|p1a: Diancie|Diancie-Mega\n|-mega|p1a: Diancie|Diancie|Diancite\n|move|p1a: Diancie|Mystical Fire|p2a: Scizor\n|-supereffective|p2a: Scizor\n|-damage|p2a: Scizor|0 fnt\n|faint|p2a: Scizor\n|\n|upkeep\n|\n|t:|1700877480\n|switch|p2a: Swampert|Swampert, M|100\/100\n|turn|2\n|\n|t:|1700877492\n|switch|p1a: Tapu Koko|Tapu Koko|100\/100\n|-fieldstart|move: Electric Terrain|[from] ability: Electric Surge|[of] p1a: Tapu Koko\n|detailschange|p2a: Swampert|Swampert-Mega, M\n|-mega|p2a: Swampert|Swampert|Swampertite\n|move|p2a: Swampert|Dive||[still]\n|-prepare|p2a: Swampert|Dive\n|\n|upkeep\n|turn|3\n|\n|t:|1700877501\n|-terastallize|p1a: Tapu Koko|Grass\n|move|p1a: Tapu Koko|Roost||[still]\n|-fail|p1a: Tapu Koko|heal\n|move|p2a: Swampert|Dive|p1a: Tapu Koko|[from]lockedmove\n|-resisted|p1a: Tapu Koko\n|-damage|p1a: Tapu Koko|70\/100\n|\n|upkeep\n|turn|4\n|\n|t:|1700877512\n|switch|p2a: Lopunny|Lopunny, F|100\/100\n|move|p1a: Tapu Koko|Grass Knot|p2a: Lopunny\n|-damage|p2a: Lopunny|67\/100\n|\n|upkeep\n|turn|5\n|\n|t:|1700877518\n|move|p2a: Lopunny|Fake Out|p1a: Tapu Koko\n|-damage|p1a: Tapu Koko|50\/100\n|cant|p1a: Tapu Koko|flinch\n|\n|upkeep\n|turn|6\n|\n|t:|1700877525\n|move|p1a: Tapu Koko|U-turn|p2a: Lopunny\n|-damage|p2a: Lopunny|43\/100\n|\n|t:|1700877534\n|switch|p1a: Iron Valiant|Iron Valiant|100\/100|[from] U-turn\n|-activate|p1a: Iron Valiant|ability: Quark Drive\n|-start|p1a: Iron Valiant|quarkdrivespe\n|move|p2a: Lopunny|Close Combat|p1a: Iron Valiant\n|-resisted|p1a: Iron Valiant\n|-damage|p1a: Iron Valiant|82\/100\n|-unboost|p2a: Lopunny|def|1\n|-unboost|p2a: Lopunny|spd|1\n|\n|-fieldend|move: Electric Terrain\n|-end|p1a: Iron Valiant|Quark Drive\n|upkeep\n|-enditem|p1a: Iron Valiant|Booster Energy\n|-activate|p1a: Iron Valiant|ability: Quark Drive|[fromitem]\n|-start|p1a: Iron Valiant|quarkdrivespe\n|turn|7\n|\n|t:|1700877574\n|switch|p2a: Landorus|Landorus-Therian, M|100\/100\n|-ability|p2a: Landorus|Intimidate|boost\n|-unboost|p1a: Iron Valiant|atk|1\n|move|p1a: Iron Valiant|Swords Dance|p1a: Iron Valiant\n|-boost|p1a: Iron Valiant|atk|2\n|\n|upkeep\n|turn|8\n|\n|t:|1700877582\n|move|p1a: Iron Valiant|Knock Off|p2a: Landorus\n|-crit|p2a: Landorus\n|-damage|p2a: Landorus|15\/100\n|-enditem|p2a: Landorus|Leftovers|[from] move: Knock Off|[of] p1a: Iron Valiant\n|move|p2a: Landorus|Sandsear Storm|p1a: Iron Valiant\n|-damage|p1a: Iron Valiant|20\/100\n|\n|upkeep\n|turn|9\n|\n|t:|1700877593\n|move|p1a: Iron Valiant|Knock Off|p2a: Landorus\n|-damage|p2a: Landorus|0 fnt\n|faint|p2a: Landorus\n|\n|upkeep\n|\n|t:|1700877597\n|switch|p2a: Swampert|Swampert-Mega, M|100\/100\n|turn|10\n|\n|t:|1700877602\n|move|p1a: Iron Valiant|Close Combat|p2a: Swampert\n|-damage|p2a: Swampert|39\/100\n|-unboost|p1a: Iron Valiant|def|1\n|-unboost|p1a: Iron Valiant|spd|1\n|move|p2a: Swampert|Flip Turn|p1a: Iron Valiant\n|-damage|p1a: Iron Valiant|0 fnt\n|faint|p1a: Iron Valiant\n|-end|p1a: Iron Valiant|Quark Drive|[silent]\n|\n|t:|1700877609\n|switch|p2a: Steelix|Steelix, M|100\/100|[from] Flip Turn\n|\n|upkeep\n|\n|t:|1700877615\n|switch|p1a: Diancie|Diancie-Mega|100\/100\n|turn|11\n|\n|t:|1700877620\n|move|p1a: Diancie|Mystical Fire|p2a: Steelix\n|-supereffective|p2a: Steelix\n|-damage|p2a: Steelix|27\/100\n|-unboost|p2a: Steelix|spa|1\n|move|p2a: Steelix|Iron Defense|p2a: Steelix\n|-boost|p2a: Steelix|def|2\n|\n|upkeep\n|turn|12\n|-message|burnpoke forfeited.\n|\n|win|syjrt\n|raw|syjrt's rating: 1040 &rarr; <strong>1073<\/strong><br \/>(+33 for winning)\n|raw|burnpoke's rating: 1032 &rarr; <strong>1018<\/strong><br \/>(-14 for losing)\n|l|\u2606burnpoke\n","uploadtime":1700877840,"views":4,"p1id":"syjrt","p2id":"burnpoke","formatid":"gen9nationaldex","rating":1018,"private":0,"password":""}