{"id":"gen9nationaldex-1992546576","p1":"mtyqjltz5","p2":"JachiMalz","format":"[Gen 9] National Dex","log":"|j|\u2606mtyqjltz5\n|j|\u2606JachiMalz\n|t:|1700203346\n|gametype|singles\n|player|p1|mtyqjltz5|elesa|1474\n|player|p2|JachiMalz|rocketgruntf|1470\n|teamsize|p1|6\n|teamsize|p2|6\n|gen|9\n|tier|[Gen 9] National Dex\n|rated|\n|rule|HP Percentage Mod: HP is shown in percentages\n|rule|Endless Battle Clause: Forcing endless battles is banned\n|rule|OHKO Clause: OHKO moves are banned\n|rule|Evasion Clause: Evasion abilities, items, and moves are banned\n|rule|Evasion Abilities Clause: Evasion abilities are banned\n|rule|Evasion Items Clause: Evasion items are banned\n|rule|Evasion Moves Clause: Evasion moves are banned\n|rule|Species Clause: Limit one of each Pok\u00e9mon\n|rule|Sleep Clause Mod: Limit one foe put to sleep\n|clearpoke\n|poke|p1|Pidgeot, M|\n|poke|p1|Rotom-Wash|\n|poke|p1|Slowking-Galar, M|\n|poke|p1|Rillaboom, M|\n|poke|p1|Ceruledge, M|\n|poke|p1|Great Tusk|\n|poke|p2|Reuniclus, M|\n|poke|p2|Tapu Lele|\n|poke|p2|Gastrodon, M|\n|poke|p2|Keldeo-Resolute|\n|poke|p2|Sneasler, M|\n|poke|p2|Great Tusk|\n|teampreview\n|inactive|Battle timer is ON: inactive players will automatically lose when time's up. (requested by mtyqjltz5)\n|\n|t:|1700203365\n|start\n|switch|p1a: Slowking|Slowking-Galar, M, shiny|100\/100\n|switch|p2a: Tapu Lele|Tapu Lele|100\/100\n|-fieldstart|move: Psychic Terrain|[from] ability: Psychic Surge|[of] p2a: Tapu Lele\n|turn|1\n|\n|t:|1700203375\n|switch|p2a: Reuniclus|Reuniclus, M|100\/100\n|move|p1a: Slowking|Thunder Wave|p2a: Reuniclus\n|-status|p2a: Reuniclus|par\n|\n|upkeep\n|turn|2\n|\n|t:|1700203387\n|move|p1a: Slowking|Chilly Reception|p1a: Slowking\n|-weather|Snow\n|\n|t:|1700203395\n|switch|p1a: Ceruledge|Ceruledge, M|100\/100|[from] Chilly Reception\n|move|p2a: Reuniclus|Calm Mind|p2a: Reuniclus\n|-boost|p2a: Reuniclus|spa|1\n|-boost|p2a: Reuniclus|spd|1\n|\n|-weather|Snow|[upkeep]\n|upkeep\n|turn|3\n|inactive|JachiMalz has 120 seconds left.\n|\n|t:|1700203445\n|move|p1a: Ceruledge|Swords Dance|p1a: Ceruledge\n|-boost|p1a: Ceruledge|atk|2\n|move|p2a: Reuniclus|Stored Power|p1a: Ceruledge\n|-damage|p1a: Ceruledge|40\/100\n|\n|-weather|Snow|[upkeep]\n|upkeep\n|turn|4\n|\n|t:|1700203451\n|move|p1a: Ceruledge|Bitter Blade|p2a: Reuniclus\n|-damage|p2a: Reuniclus|38\/100 par\n|-heal|p1a: Ceruledge|86\/100|[from] drain|[of] p2a: Reuniclus\n|cant|p2a: Reuniclus|par\n|\n|-weather|Snow|[upkeep]\n|upkeep\n|turn|5\n|inactive|JachiMalz has 120 seconds left.\n|\n|t:|1700203460\n|move|p1a: Ceruledge|Bitter Blade|p2a: Reuniclus\n|-damage|p2a: Reuniclus|0 fnt\n|-heal|p1a: Ceruledge|100\/100|[from] drain|[of] p2a: Reuniclus\n|faint|p2a: Reuniclus\n|\n|-weather|Snow|[upkeep]\n|upkeep\n|\n|t:|1700203461\n|switch|p2a: Keldeo|Keldeo-Resolute|100\/100\n|turn|6\n|inactive|mtyqjltz5 has 120 seconds left.\n|inactive|mtyqjltz5 has 90 seconds left.\n|inactive|mtyqjltz5 has 60 seconds left.\n|\n|t:|1700203559\n|-terastallize|p1a: Ceruledge|Grass\n|move|p2a: Keldeo|Hydro Pump|p1a: Ceruledge\n|-resisted|p1a: Ceruledge\n|-damage|p1a: Ceruledge|48\/100\n|move|p1a: Ceruledge|Poltergeist|p2a: Keldeo\n|-activate|p2a: Keldeo|move: Poltergeist|Choice Specs\n|-damage|p2a: Keldeo|0 fnt\n|faint|p2a: Keldeo\n|\n|-weather|none\n|upkeep\n|\n|t:|1700203569\n|switch|p2a: Sneasler|Sneasler, M|100\/100\n|-enditem|p2a: Sneasler|Psychic Seed\n|-boost|p2a: Sneasler|spd|1|[from] item: Psychic Seed\n|turn|7\n|inactive|mtyqjltz5 has 60 seconds left.\n|\n|t:|1700203593\n|move|p2a: Sneasler|Dire Claw|p1a: Ceruledge\n|-supereffective|p1a: Ceruledge\n|-damage|p1a: Ceruledge|0 fnt\n|faint|p1a: Ceruledge\n|\n|upkeep\n|\n|t:|1700203596\n|switch|p1a: Rotom|Rotom-Wash, shiny|100\/100\n|turn|8\n|\n|t:|1700203600\n|move|p2a: Sneasler|Swords Dance|p2a: Sneasler\n|-boost|p2a: Sneasler|atk|2\n|move|p1a: Rotom|Will-O-Wisp|p2a: Sneasler|[miss]\n|-miss|p1a: Rotom|p2a: Sneasler\n|\n|-fieldend|move: Psychic Terrain\n|upkeep\n|turn|9\n|\n|t:|1700203605\n|move|p2a: Sneasler|Close Combat|p1a: Rotom\n|-damage|p1a: Rotom|0 fnt\n|-unboost|p2a: Sneasler|def|1\n|-unboost|p2a: Sneasler|spd|1\n|faint|p1a: Rotom\n|\n|upkeep\n|\n|t:|1700203619\n|switch|p1a: Rillaboom|Rillaboom, M|100\/100\n|-fieldstart|move: Grassy Terrain|[from] ability: Grassy Surge|[of] p1a: Rillaboom\n|turn|10\n|\n|t:|1700203625\n|move|p1a: Rillaboom|Grassy Glide|p2a: Sneasler\n|-resisted|p2a: Sneasler\n|-crit|p2a: Sneasler\n|-damage|p2a: Sneasler|0 fnt\n|faint|p2a: Sneasler\n|\n|upkeep\n|\n|t:|1700203629\n|switch|p2a: Tapu Lele|Tapu Lele|100\/100\n|-fieldstart|move: Psychic Terrain|[from] ability: Psychic Surge|[of] p2a: Tapu Lele\n|turn|11\n|inactive|mtyqjltz5 has 60 seconds left.\n|\n|t:|1700203665\n|switch|p1a: Great Tusk|Great Tusk|100\/100\n|move|p2a: Tapu Lele|Calm Mind|p2a: Tapu Lele\n|-boost|p2a: Tapu Lele|spa|1\n|-boost|p2a: Tapu Lele|spd|1\n|\n|upkeep\n|turn|12\n|inactive|mtyqjltz5 has 60 seconds left.\n|\n|t:|1700203687\n|move|p2a: Tapu Lele|Draining Kiss|p1a: Great Tusk\n|-supereffective|p1a: Great Tusk\n|-damage|p1a: Great Tusk|3\/100\n|-zpower|p1a: Great Tusk\n|move|p1a: Great Tusk|Continental Crush|p2a: Tapu Lele|[zeffect]\n|-damage|p2a: Tapu Lele|11\/100\n|\n|upkeep\n|turn|13\n|\n|t:|1700203694\n|move|p2a: Tapu Lele|Draining Kiss|p1a: Great Tusk\n|-supereffective|p1a: Great Tusk\n|-damage|p1a: Great Tusk|0 fnt\n|-heal|p2a: Tapu Lele|13\/100|[from] drain|[of] p1a: Great Tusk\n|faint|p1a: Great Tusk\n|-end|p1a: Great Tusk|Protosynthesis|[silent]\n|\n|upkeep\n|\n|t:|1700203696\n|switch|p1a: Rillaboom|Rillaboom, M|100\/100\n|-fieldstart|move: Grassy Terrain|[from] ability: Grassy Surge|[of] p1a: Rillaboom\n|turn|14\n|\n|t:|1700203701\n|move|p1a: Rillaboom|Grassy Glide|p2a: Tapu Lele\n|-damage|p2a: Tapu Lele|0 fnt\n|faint|p2a: Tapu Lele\n|\n|upkeep\n|\n|t:|1700203703\n|switch|p2a: Great Tusk|Great Tusk|100\/100\n|-enditem|p2a: Great Tusk|Booster Energy\n|-activate|p2a: Great Tusk|ability: Protosynthesis|[fromitem]\n|-start|p2a: Great Tusk|protosynthesisspe\n|turn|15\n|\n|t:|1700203708\n|move|p1a: Rillaboom|Grassy Glide|p2a: Great Tusk\n|-supereffective|p2a: Great Tusk\n|-damage|p2a: Great Tusk|25\/100\n|move|p2a: Great Tusk|Ice Spinner|p1a: Rillaboom\n|-supereffective|p1a: Rillaboom\n|-damage|p1a: Rillaboom|45\/100\n|-fieldend|move: Grassy Terrain\n|\n|upkeep\n|turn|16\n|\n|t:|1700203720\n|switch|p1a: Slowking|Slowking-Galar, M, shiny|100\/100\n|move|p2a: Great Tusk|Ice Spinner|p1a: Slowking\n|-damage|p1a: Slowking|77\/100\n|\n|upkeep\n|turn|17\n|\n|t:|1700203734\n|move|p2a: Great Tusk|Headlong Rush|p1a: Slowking\n|-supereffective|p1a: Slowking\n|-damage|p1a: Slowking|0 fnt\n|-unboost|p2a: Great Tusk|def|1\n|-unboost|p2a: Great Tusk|spd|1\n|faint|p1a: Slowking\n|\n|upkeep\n|\n|t:|1700203737\n|switch|p1a: Rillaboom|Rillaboom, M|45\/100\n|-fieldstart|move: Grassy Terrain|[from] ability: Grassy Surge|[of] p1a: Rillaboom\n|turn|18\n|\n|t:|1700203740\n|move|p1a: Rillaboom|Grassy Glide|p2a: Great Tusk\n|-supereffective|p2a: Great Tusk\n|-damage|p2a: Great Tusk|0 fnt\n|faint|p2a: Great Tusk\n|-end|p2a: Great Tusk|Protosynthesis|[silent]\n|\n|-heal|p1a: Rillaboom|51\/100|[from] Grassy Terrain\n|upkeep\n|\n|t:|1700203741\n|switch|p2a: Gastrodon|Gastrodon, M|100\/100\n|turn|19\n|\n|t:|1700203756\n|switch|p1a: Pidgeot|Pidgeot, M, shiny|100\/100\n|-terastallize|p2a: Gastrodon|Water\n|move|p2a: Gastrodon|Acid Armor|p2a: Gastrodon\n|-boost|p2a: Gastrodon|def|2\n|\n|upkeep\n|turn|20\n|\n|t:|1700203766\n|detailschange|p1a: Pidgeot|Pidgeot-Mega, M, shiny\n|-mega|p1a: Pidgeot|Pidgeot|Pidgeotite\n|move|p1a: Pidgeot|Hurricane|p2a: Gastrodon\n|-damage|p2a: Gastrodon|59\/100\n|move|p2a: Gastrodon|Acid Armor|p2a: Gastrodon\n|-boost|p2a: Gastrodon|def|2\n|\n|-heal|p2a: Gastrodon|65\/100|[from] Grassy Terrain\n|upkeep\n|turn|21\n|\n|t:|1700203776\n|move|p1a: Pidgeot|Hurricane|p2a: Gastrodon\n|-damage|p2a: Gastrodon|29\/100\n|move|p2a: Gastrodon|Recover|p2a: Gastrodon\n|-heal|p2a: Gastrodon|79\/100\n|\n|-heal|p2a: Gastrodon|85\/100|[from] Grassy Terrain\n|upkeep\n|turn|22\n|\n|t:|1700203782\n|move|p1a: Pidgeot|Hurricane|p2a: Gastrodon\n|-damage|p2a: Gastrodon|44\/100\n|move|p2a: Gastrodon|Ice Beam|p1a: Pidgeot\n|-supereffective|p1a: Pidgeot\n|-damage|p1a: Pidgeot|51\/100\n|\n|-heal|p2a: Gastrodon|50\/100|[from] Grassy Terrain\n|-fieldend|move: Grassy Terrain\n|upkeep\n|turn|23\n|\n|t:|1700203788\n|move|p1a: Pidgeot|Hurricane|p2a: Gastrodon\n|-damage|p2a: Gastrodon|12\/100\n|-start|p2a: Gastrodon|confusion\n|-enditem|p2a: Gastrodon|Lum Berry|[eat]\n|-end|p2a: Gastrodon|confusion\n|move|p2a: Gastrodon|Recover|p2a: Gastrodon\n|-heal|p2a: Gastrodon|62\/100\n|\n|upkeep\n|turn|24\n|\n|t:|1700203795\n|move|p1a: Pidgeot|Hurricane|p2a: Gastrodon\n|-damage|p2a: Gastrodon|21\/100\n|-start|p2a: Gastrodon|confusion\n|-activate|p2a: Gastrodon|confusion\n|-damage|p2a: Gastrodon|19\/100|[from] confusion\n|\n|upkeep\n|turn|25\n|inactive|mtyqjltz5 has 120 seconds left.\n|\n|t:|1700203801\n|move|p1a: Pidgeot|Hurricane|p2a: Gastrodon\n|-damage|p2a: Gastrodon|0 fnt\n|faint|p2a: Gastrodon\n|\n|win|mtyqjltz5\n|raw|mtyqjltz5's rating: 1474 &rarr; <strong>1494<\/strong><br \/>(+20 for winning)\n|raw|JachiMalz's rating: 1470 &rarr; <strong>1450<\/strong><br \/>(-20 for losing)\n|l|\u2606JachiMalz\n","uploadtime":1700203811,"views":4,"p1id":"mtyqjltz5","p2id":"jachimalz","formatid":"gen9nationaldex","rating":1450,"private":0,"password":""}