{"id":"gen9nationaldex-1988232335","p1":"Autistic_Rabbit","p2":"linmouren","format":"[Gen 9] National Dex","log":"|j|\u2606Autistic_Rabbit\n|j|\u2606linmouren\n|t:|1699690479\n|gametype|singles\n|player|p1|Autistic_Rabbit|dawn|1451\n|player|p2|linmouren|dawn|1371\n|teamsize|p1|6\n|teamsize|p2|6\n|gen|9\n|tier|[Gen 9] National Dex\n|rated|\n|rule|HP Percentage Mod: HP is shown in percentages\n|rule|Endless Battle Clause: Forcing endless battles is banned\n|rule|OHKO Clause: OHKO moves are banned\n|rule|Evasion Clause: Evasion abilities, items, and moves are banned\n|rule|Evasion Abilities Clause: Evasion abilities are banned\n|rule|Evasion Items Clause: Evasion items are banned\n|rule|Evasion Moves Clause: Evasion moves are banned\n|rule|Species Clause: Limit one of each Pok\u00e9mon\n|rule|Sleep Clause Mod: Limit one foe put to sleep\n|clearpoke\n|poke|p1|Tapu Koko|\n|poke|p1|Barraskewda, F|\n|poke|p1|Pelipper, F|\n|poke|p1|Sneasler, M|\n|poke|p1|Gliscor, M|\n|poke|p1|Ferrothorn, M|\n|poke|p2|Landorus-Therian, M|\n|poke|p2|Heatran, M|\n|poke|p2|Buzzwole|\n|poke|p2|Tapu Lele|\n|poke|p2|Sneasler, M|\n|poke|p2|Garchomp, M|\n|teampreview\n|inactive|Battle timer is ON: inactive players will automatically lose when time's up. (requested by linmouren)\n|\n|t:|1699690492\n|start\n|switch|p1a: Barraskewda|Barraskewda, F|100\/100\n|switch|p2a: Tapu Lele|Tapu Lele|100\/100\n|-fieldstart|move: Psychic Terrain|[from] ability: Psychic Surge|[of] p2a: Tapu Lele\n|turn|1\n|\n|t:|1699690500\n|switch|p1a: Ferrothorn|Ferrothorn, M|100\/100\n|-zpower|p2a: Tapu Lele\n|move|p2a: Tapu Lele|Shattered Psyche|p1a: Ferrothorn|[zeffect]\n|-resisted|p1a: Ferrothorn\n|-damage|p1a: Ferrothorn|53\/100\n|-enditem|p1a: Ferrothorn|Eject Button\n|\n|t:|1699690512\n|switch|p1a: Tapu Koko|Tapu Koko|100\/100\n|-fieldstart|move: Electric Terrain|[from] ability: Electric Surge|[of] p1a: Tapu Koko\n|\n|upkeep\n|turn|2\n|\n|t:|1699690519\n|move|p1a: Tapu Koko|Volt Switch|p2a: Tapu Lele\n|-damage|p2a: Tapu Lele|62\/100\n|\n|t:|1699690526\n|switch|p1a: Ferrothorn|Ferrothorn, M|53\/100|[from] Volt Switch\n|move|p2a: Tapu Lele|Future Sight|p1a: Ferrothorn\n|-start|p2a: Tapu Lele|move: Future Sight\n|\n|upkeep\n|turn|3\n|\n|t:|1699690534\n|switch|p2a: Heatran|Heatran, M|100\/100\n|move|p1a: Ferrothorn|Spikes|p2a: Heatran\n|-sidestart|p2: linmouren|Spikes\n|\n|upkeep\n|turn|4\n|\n|t:|1699690544\n|move|p2a: Heatran|Magma Storm|p1a: Ferrothorn\n|-supereffective|p1a: Ferrothorn\n|-damage|p1a: Ferrothorn|0 fnt\n|faint|p1a: Ferrothorn\n|\n|-hint|Future Sight did not hit because the target is fainted.\n|upkeep\n|\n|t:|1699690550\n|switch|p1a: Barraskewda|Barraskewda, F|100\/100\n|turn|5\n|\n|t:|1699690558\n|switch|p2a: Buzzwole|Buzzwole|100\/100\n|-damage|p2a: Buzzwole|88\/100|[from] Spikes\n|-terastallize|p1a: Barraskewda|Water\n|move|p1a: Barraskewda|Liquidation|p2a: Buzzwole\n|-damage|p2a: Buzzwole|29\/100\n|-damage|p1a: Barraskewda|84\/100|[from] item: Rocky Helmet|[of] p2a: Buzzwole\n|\n|-fieldend|move: Electric Terrain\n|upkeep\n|turn|6\n|\n|t:|1699690566\n|move|p1a: Barraskewda|Liquidation|p2a: Buzzwole\n|-damage|p2a: Buzzwole|0 fnt\n|-damage|p1a: Barraskewda|68\/100|[from] item: Rocky Helmet|[of] p2a: Buzzwole\n|faint|p2a: Buzzwole\n|\n|upkeep\n|\n|t:|1699690569\n|switch|p2a: Landorus|Landorus-Therian, M|100\/100\n|-ability|p2a: Landorus|Intimidate|boost\n|-unboost|p1a: Barraskewda|atk|1\n|turn|7\n|\n|t:|1699690573\n|switch|p1a: Pelipper|Pelipper, F|100\/100\n|-weather|RainDance|[from] ability: Drizzle|[of] p1a: Pelipper\n|-terastallize|p2a: Landorus|Water\n|move|p2a: Landorus|U-turn|p1a: Pelipper\n|-resisted|p1a: Pelipper\n|-damage|p1a: Pelipper|88\/100\n|\n|t:|1699690578\n|switch|p2a: Tapu Lele|Tapu Lele|62\/100|[from] U-turn\n|-damage|p2a: Tapu Lele|50\/100|[from] Spikes\n|-fieldstart|move: Psychic Terrain|[from] ability: Psychic Surge|[of] p2a: Tapu Lele\n|\n|-weather|RainDance|[upkeep]\n|upkeep\n|turn|8\n|\n|t:|1699690587\n|switch|p1a: Gliscor|Gliscor, M|100\/100\n|move|p2a: Tapu Lele|Future Sight|p1a: Gliscor\n|-start|p2a: Tapu Lele|move: Future Sight\n|\n|-weather|RainDance|[upkeep]\n|-status|p1a: Gliscor|tox|[from] item: Toxic Orb\n|upkeep\n|turn|9\n|\n|t:|1699690593\n|move|p2a: Tapu Lele|Psychic|p1a: Gliscor\n|-damage|p1a: Gliscor|38\/100 tox\n|move|p1a: Gliscor|Stealth Rock|p2a: Tapu Lele\n|-sidestart|p2: linmouren|move: Stealth Rock\n|\n|-weather|RainDance|[upkeep]\n|-heal|p1a: Gliscor|50\/100 tox|[from] ability: Poison Heal\n|upkeep\n|turn|10\n|\n|t:|1699690602\n|move|p2a: Tapu Lele|Psychic|p1a: Gliscor\n|-damage|p1a: Gliscor|0 fnt\n|faint|p1a: Gliscor\n|\n|-weather|RainDance|[upkeep]\n|-hint|Future Sight did not hit because the target is fainted.\n|upkeep\n|\n|t:|1699690606\n|switch|p1a: Barraskewda|Barraskewda, F, tera:Water|68\/100\n|turn|11\n|\n|t:|1699690612\n|switch|p2a: Landorus|Landorus-Therian, M, tera:Water|100\/100\n|-damage|p2a: Landorus|88\/100|[from] Spikes\n|-damage|p2a: Landorus|76\/100|[from] Stealth Rock\n|-ability|p2a: Landorus|Intimidate|boost\n|-unboost|p1a: Barraskewda|atk|1\n|move|p1a: Barraskewda|Liquidation|p2a: Landorus\n|-resisted|p2a: Landorus\n|-damage|p2a: Landorus|47\/100\n|-damage|p1a: Barraskewda|51\/100|[from] item: Rocky Helmet|[of] p2a: Landorus\n|\n|-weather|RainDance|[upkeep]\n|-fieldend|move: Psychic Terrain\n|upkeep\n|turn|12\n|\n|t:|1699690624\n|switch|p1a: Tapu Koko|Tapu Koko|100\/100\n|-fieldstart|move: Electric Terrain|[from] ability: Electric Surge|[of] p1a: Tapu Koko\n|move|p2a: Landorus|Earthquake|p1a: Tapu Koko\n|-supereffective|p1a: Tapu Koko\n|-damage|p1a: Tapu Koko|0 fnt\n|faint|p1a: Tapu Koko\n|\n|-weather|RainDance|[upkeep]\n|upkeep\n|\n|t:|1699690630\n|switch|p1a: Sneasler|Sneasler, M|100\/100\n|-enditem|p1a: Sneasler|Electric Seed\n|-boost|p1a: Sneasler|def|1|[from] item: Electric Seed\n|turn|13\n|\n|t:|1699690639\n|move|p1a: Sneasler|Close Combat|p2a: Landorus\n|-damage|p2a: Landorus|2\/100\n|-unboost|p1a: Sneasler|def|1\n|-unboost|p1a: Sneasler|spd|1\n|-damage|p1a: Sneasler|84\/100|[from] item: Rocky Helmet|[of] p2a: Landorus\n|move|p2a: Landorus|Earthquake|p1a: Sneasler\n|-supereffective|p1a: Sneasler\n|-damage|p1a: Sneasler|0 fnt\n|faint|p1a: Sneasler\n|\n|-weather|RainDance|[upkeep]\n|upkeep\n|\n|t:|1699690646\n|switch|p1a: Barraskewda|Barraskewda, F, tera:Water|51\/100\n|turn|14\n|c|\u2606linmouren|nb\u571f\u732b\n|\n|t:|1699690664\n|move|p1a: Barraskewda|Liquidation|p2a: Landorus\n|-resisted|p2a: Landorus\n|-damage|p2a: Landorus|0 fnt\n|-damage|p1a: Barraskewda|35\/100|[from] item: Rocky Helmet|[of] p2a: Landorus\n|faint|p2a: Landorus\n|\n|-weather|none\n|upkeep\n|\n|t:|1699690668\n|switch|p2a: Tapu Lele|Tapu Lele|50\/100\n|-damage|p2a: Tapu Lele|37\/100|[from] Spikes\n|-damage|p2a: Tapu Lele|25\/100|[from] Stealth Rock\n|-fieldstart|move: Psychic Terrain|[from] ability: Psychic Surge|[of] p2a: Tapu Lele\n|turn|15\n|c|\u2606Autistic_Rabbit|\u662f\u8fd9\u6837\u7684\n|\n|t:|1699690676\n|move|p1a: Barraskewda|Liquidation|p2a: Tapu Lele\n|-damage|p2a: Tapu Lele|0 fnt\n|faint|p2a: Tapu Lele\n|\n|upkeep\n|\n|t:|1699690679\n|switch|p2a: Sneasler|Sneasler, M|100\/100\n|-damage|p2a: Sneasler|88\/100|[from] Spikes\n|-damage|p2a: Sneasler|82\/100|[from] Stealth Rock\n|-enditem|p2a: Sneasler|Psychic Seed\n|-boost|p2a: Sneasler|spd|1|[from] item: Psychic Seed\n|turn|16\n|\n|t:|1699690684\n|switch|p1a: Pelipper|Pelipper, F|88\/100\n|-weather|RainDance|[from] ability: Drizzle|[of] p1a: Pelipper\n|move|p2a: Sneasler|Dire Claw|p1a: Pelipper\n|-damage|p1a: Pelipper|47\/100\n|-status|p1a: Pelipper|par\n|\n|-weather|RainDance|[upkeep]\n|upkeep\n|turn|17\n|\n|t:|1699690695\n|move|p2a: Sneasler|Dire Claw|p1a: Pelipper\n|-damage|p1a: Pelipper|2\/100 par\n|move|p1a: Pelipper|Hurricane|p2a: Sneasler\n|-supereffective|p2a: Sneasler\n|-damage|p2a: Sneasler|22\/100\n|\n|-weather|RainDance|[upkeep]\n|upkeep\n|turn|18\n|\n|t:|1699690699\n|move|p2a: Sneasler|Dire Claw|p1a: Pelipper\n|-damage|p1a: Pelipper|0 fnt\n|faint|p1a: Pelipper\n|\n|-weather|RainDance|[upkeep]\n|upkeep\n|\n|t:|1699690702\n|switch|p1a: Barraskewda|Barraskewda, F, tera:Water|35\/100\n|turn|19\n|\n|t:|1699690705\n|move|p1a: Barraskewda|Liquidation|p2a: Sneasler\n|-damage|p2a: Sneasler|0 fnt\n|faint|p2a: Sneasler\n|\n|-weather|RainDance|[upkeep]\n|-fieldend|move: Psychic Terrain\n|upkeep\n|\n|t:|1699690709\n|switch|p2a: Heatran|Heatran, M|100\/100\n|-damage|p2a: Heatran|88\/100|[from] Spikes\n|-damage|p2a: Heatran|76\/100|[from] Stealth Rock\n|turn|20\n|\n|t:|1699690715\n|move|p2a: Heatran|Protect|p2a: Heatran\n|-singleturn|p2a: Heatran|Protect\n|move|p1a: Barraskewda|Liquidation|p2a: Heatran\n|-activate|p2a: Heatran|move: Protect\n|\n|-weather|RainDance|[upkeep]\n|-heal|p2a: Heatran|82\/100|[from] item: Leftovers\n|upkeep\n|turn|21\n|\n|t:|1699690719\n|move|p2a: Heatran|Protect|p2a: Heatran\n|-singleturn|p2a: Heatran|Protect\n|move|p1a: Barraskewda|Liquidation|p2a: Heatran\n|-activate|p2a: Heatran|move: Protect\n|\n|-weather|RainDance|[upkeep]\n|-heal|p2a: Heatran|88\/100|[from] item: Leftovers\n|upkeep\n|turn|22\n|c|\u2606Autistic_Rabbit|= =\n|\n|t:|1699690725\n|move|p2a: Heatran|Protect||[still]\n|-fail|p2a: Heatran\n|move|p1a: Barraskewda|Liquidation|p2a: Heatran\n|-supereffective|p2a: Heatran\n|-damage|p2a: Heatran|0 fnt\n|faint|p2a: Heatran\n|\n|-weather|RainDance|[upkeep]\n|upkeep\n|c|\u2606Autistic_Rabbit|\u4e09\u8fde\u4fdd\u6211\uff1f\n|\n|t:|1699690730\n|switch|p2a: Garchomp|Garchomp, M|100\/100\n|-damage|p2a: Garchomp|88\/100|[from] Spikes\n|-damage|p2a: Garchomp|82\/100|[from] Stealth Rock\n|turn|23\n|\n|t:|1699690733\n|move|p1a: Barraskewda|Liquidation|p2a: Garchomp\n|-damage|p2a: Garchomp|0 fnt\n|-damage|p1a: Barraskewda|23\/100|[from] ability: Rough Skin|[of] p2a: Garchomp\n|faint|p2a: Garchomp\n|\n|win|Autistic_Rabbit\n|raw|Autistic_Rabbit's rating: 1451 &rarr; <strong>1466<\/strong><br \/>(+15 for winning)\n|raw|linmouren's rating: 1371 &rarr; <strong>1356<\/strong><br \/>(-15 for losing)\n|c|\u2606Autistic_Rabbit|\u771f\u7684\u662f\n|l|\u2606linmouren\n","uploadtime":1699690743,"views":20,"p1id":"autisticrabbit","p2id":"linmouren","formatid":"gen9nationaldex","rating":1356,"private":0,"password":""}