{"id":"gen9nationaldex-1988980960","p1":"Lycutie","p2":"sgsegesgeah","format":"[Gen 9] National Dex","log":"|j|\u2606Lycutie\n|j|\u2606sgsegesgeah\n|t:|1699797902\n|gametype|singles\n|player|p1|Lycutie|klara|1476\n|player|p2|sgsegesgeah|roark|1548\n|teamsize|p1|6\n|teamsize|p2|6\n|gen|9\n|tier|[Gen 9] National Dex\n|rated|\n|rule|HP Percentage Mod: HP is shown in percentages\n|rule|Endless Battle Clause: Forcing endless battles is banned\n|rule|OHKO Clause: OHKO moves are banned\n|rule|Evasion Clause: Evasion abilities, items, and moves are banned\n|rule|Evasion Abilities Clause: Evasion abilities are banned\n|rule|Evasion Items Clause: Evasion items are banned\n|rule|Evasion Moves Clause: Evasion moves are banned\n|rule|Species Clause: Limit one of each Pok\u00e9mon\n|rule|Sleep Clause Mod: Limit one foe put to sleep\n|clearpoke\n|poke|p1|Pelipper, F|\n|poke|p1|Swampert, F|\n|poke|p1|Urshifu-*, F|\n|poke|p1|Greninja-*, M|\n|poke|p1|Venusaur, F|\n|poke|p1|Hatterene, F|\n|poke|p2|Tyranitar, M|\n|poke|p2|Garganacl, M|\n|poke|p2|Aggron, F|\n|poke|p2|Cradily, F|\n|poke|p2|Glimmora, F|\n|poke|p2|Solrock|\n|teampreview\n|inactive|Battle timer is ON: inactive players will automatically lose when time's up. (requested by Lycutie)\n|inactive|Lycutie has 120 seconds left.\n|c|\u2606Lycutie|\u0111m t\u1ee5t rate vc\u0111\n|\n|t:|1699797939\n|start\n|switch|p1a: Venusaur|Venusaur, F|100\/100\n|switch|p2a: Garganacl|Garganacl, M|100\/100\n|turn|1\n|\n|t:|1699797949\n|-terastallize|p2a: Garganacl|Ghost\n|move|p1a: Venusaur|Leech Seed|p2a: Garganacl\n|-start|p2a: Garganacl|move: Leech Seed\n|move|p2a: Garganacl|Salt Cure|p1a: Venusaur\n|-damage|p1a: Venusaur|86\/100\n|-start|p1a: Venusaur|Salt Cure\n|\n|-heal|p1a: Venusaur|92\/100|[from] item: Leftovers\n|-damage|p2a: Garganacl|88\/100|[from] Leech Seed|[of] p1a: Venusaur\n|-heal|p1a: Venusaur|100\/100|[silent]\n|-damage|p1a: Venusaur|88\/100|[from] Salt Cure\n|upkeep\n|turn|2\n|\n|t:|1699797961\n|switch|p2a: Cradily|Cradily, F|100\/100\n|move|p1a: Venusaur|Knock Off|p2a: Cradily\n|-damage|p2a: Cradily|88\/100\n|-enditem|p2a: Cradily|Binding Band|[from] move: Knock Off|[of] p1a: Venusaur\n|\n|-heal|p1a: Venusaur|94\/100|[from] item: Leftovers\n|-damage|p1a: Venusaur|82\/100|[from] Salt Cure\n|upkeep\n|turn|3\n|\n|t:|1699797979\n|switch|p1a: Pelipper|Pelipper, F|100\/100\n|-weather|RainDance|[from] ability: Drizzle|[of] p1a: Pelipper\n|move|p2a: Cradily|Infestation|p1a: Pelipper\n|-resisted|p1a: Pelipper\n|-damage|p1a: Pelipper|98\/100\n|-activate|p1a: Pelipper|move: Infestation|[of] p2a: Cradily\n|\n|-weather|RainDance|[upkeep]\n|-damage|p1a: Pelipper|86\/100|[from] move: Infestation|[partiallytrapped]\n|upkeep\n|turn|4\n|j| ieatdonuteveryday\n|\n|t:|1699797992\n|switch|p2a: Tyranitar|Tyranitar, M|100\/100\n|-weather|Sandstorm|[from] ability: Sand Stream|[of] p2a: Tyranitar\n|move|p1a: Pelipper|U-turn|p2a: Tyranitar\n|-supereffective|p2a: Tyranitar\n|-damage|p2a: Tyranitar|89\/100\n|inactive|Lycutie has 120 seconds left.\n|c|\u2606Lycutie|nhi\u1ec1u game ch\u1ee9 ba, 1 game k n\u00f3i l\u00ean j c\u1ea3\n|\n|t:|1699798024\n|switch|p1a: Swampert|Swampert, F|100\/100|[from] U-turn\n|\n|-weather|Sandstorm|[upkeep]\n|upkeep\n|turn|5\n|c| ieatdonuteveryday|ok \u0111\u1ec3 t xem\n|\n|t:|1699798036\n|switch|p2a: Cradily|Cradily, F|88\/100\n|detailschange|p1a: Swampert|Swampert-Mega, F\n|-mega|p1a: Swampert|Swampert|Swampertite\n|move|p1a: Swampert|Flip Turn|p2a: Cradily\n|-ability|p2a: Cradily|Storm Drain|boost\n|-boost|p2a: Cradily|spa|1\n|\n|-weather|Sandstorm|[upkeep]\n|upkeep\n|turn|6\n|c| ieatdonuteveryday|lol\n|\n|t:|1699798054\n|switch|p1a: Pelipper|Pelipper, F|86\/100\n|-weather|RainDance|[from] ability: Drizzle|[of] p1a: Pelipper\n|move|p2a: Cradily|Leech Seed|p1a: Pelipper|[miss]\n|-miss|p2a: Cradily|p1a: Pelipper\n|\n|-weather|RainDance|[upkeep]\n|upkeep\n|turn|7\n|\n|t:|1699798066\n|move|p1a: Pelipper|U-turn|p2a: Cradily\n|-supereffective|p2a: Cradily\n|-damage|p2a: Cradily|76\/100\n|\n|t:|1699798073\n|switch|p1a: Venusaur|Venusaur, F|82\/100|[from] U-turn\n|move|p2a: Cradily|Leech Seed|p1a: Venusaur\n|-immune|p1a: Venusaur\n|\n|-weather|RainDance|[upkeep]\n|-heal|p1a: Venusaur|88\/100|[from] item: Leftovers\n|upkeep\n|turn|8\n|\n|t:|1699798085\n|move|p1a: Venusaur|Protect|p1a: Venusaur\n|-singleturn|p1a: Venusaur|Protect\n|move|p2a: Cradily|Infestation|p1a: Venusaur\n|-activate|p1a: Venusaur|move: Protect\n|\n|-weather|RainDance|[upkeep]\n|-heal|p1a: Venusaur|94\/100|[from] item: Leftovers\n|upkeep\n|turn|9\n|\n|t:|1699798105\n|switch|p1a: Urshifu|Urshifu-Rapid-Strike, F|100\/100\n|move|p2a: Cradily|Infestation|p1a: Urshifu\n|-resisted|p1a: Urshifu\n|-damage|p1a: Urshifu|97\/100\n|-activate|p1a: Urshifu|move: Infestation|[of] p2a: Cradily\n|\n|-weather|RainDance|[upkeep]\n|-damage|p1a: Urshifu|84\/100|[from] move: Infestation|[partiallytrapped]\n|upkeep\n|turn|10\n|\n|t:|1699798129\n|switch|p2a: Solrock|Solrock|100\/100\n|move|p1a: Urshifu|U-turn|p2a: Solrock\n|-supereffective|p2a: Solrock\n|-damage|p2a: Solrock|60\/100\n|\n|t:|1699798136\n|switch|p1a: Swampert|Swampert-Mega, F|100\/100|[from] U-turn\n|\n|-weather|RainDance|[upkeep]\n|upkeep\n|turn|11\n|\n|t:|1699798145\n|switch|p2a: Cradily|Cradily, F|76\/100\n|move|p1a: Swampert|Stealth Rock|p2a: Cradily\n|-sidestart|p2: sgsegesgeah|move: Stealth Rock\n|\n|-weather|RainDance|[upkeep]\n|upkeep\n|turn|12\n|\n|t:|1699798157\n|move|p1a: Swampert|Earthquake|p2a: Cradily\n|-damage|p2a: Cradily|37\/100\n|move|p2a: Cradily|Block|p1a: Swampert\n|-activate|p1a: Swampert|trapped\n|\n|-weather|RainDance|[upkeep]\n|upkeep\n|turn|13\n|c| ieatdonuteveryday|:))))))\n|c| ieatdonuteveryday|block h\u01a1i \u0111\u00e1\n|\n|t:|1699798178\n|move|p1a: Swampert|Earthquake|p2a: Cradily\n|-damage|p2a: Cradily|0 fnt\n|faint|p2a: Cradily\n|\n|-weather|none\n|upkeep\n|\n|t:|1699798181\n|switch|p2a: Glimmora|Glimmora, F|100\/100\n|-damage|p2a: Glimmora|88\/100|[from] Stealth Rock\n|turn|14\n|inactive|Lycutie has 120 seconds left.\n|\n|t:|1699798191\n|switch|p1a: Pelipper|Pelipper, F|86\/100\n|-weather|RainDance|[from] ability: Drizzle|[of] p1a: Pelipper\n|move|p2a: Glimmora|Mortal Spin|p1a: Pelipper\n|-damage|p1a: Pelipper|80\/100\n|-status|p1a: Pelipper|psn\n|-sideend|p2: sgsegesgeah|Stealth Rock|[from] move: Mortal Spin|[of] p2a: Glimmora\n|\n|-weather|RainDance|[upkeep]\n|-damage|p1a: Pelipper|68\/100 psn|[from] psn\n|upkeep\n|turn|15\n|inactive|Lycutie has 120 seconds left.\n|\n|t:|1699798210\n|switch|p1a: Swampert|Swampert-Mega, F|100\/100\n|move|p2a: Glimmora|Mortal Spin|p1a: Swampert\n|-resisted|p1a: Swampert\n|-damage|p1a: Swampert|98\/100\n|-status|p1a: Swampert|psn\n|\n|-weather|RainDance|[upkeep]\n|-damage|p1a: Swampert|86\/100 psn|[from] psn\n|upkeep\n|turn|16\n|inactive|Lycutie has 120 seconds left.\n|\n|t:|1699798230\n|switch|p2a: Solrock|Solrock|60\/100\n|move|p1a: Swampert|Flip Turn|p2a: Solrock\n|-supereffective|p2a: Solrock\n|-damage|p2a: Solrock|0 fnt\n|faint|p2a: Solrock\n|\n|t:|1699798245\n|switch|p1a: Venusaur|Venusaur, F|94\/100|[from] Flip Turn\n|\n|-weather|RainDance|[upkeep]\n|-heal|p1a: Venusaur|99\/100|[from] item: Leftovers\n|upkeep\n|\n|t:|1699798249\n|switch|p2a: Tyranitar|Tyranitar, M|89\/100\n|-weather|Sandstorm|[from] ability: Sand Stream|[of] p2a: Tyranitar\n|turn|17\n|\n|t:|1699798259\n|move|p1a: Venusaur|Leech Seed|p2a: Tyranitar\n|-start|p2a: Tyranitar|move: Leech Seed\n|move|p2a: Tyranitar|Knock Off|p1a: Venusaur\n|-damage|p1a: Venusaur|53\/100\n|-enditem|p1a: Venusaur|Leftovers|[from] move: Knock Off|[of] p2a: Tyranitar\n|\n|-weather|Sandstorm|[upkeep]\n|-damage|p1a: Venusaur|47\/100|[from] Sandstorm\n|-damage|p2a: Tyranitar|76\/100|[from] Leech Seed|[of] p1a: Venusaur\n|-heal|p1a: Venusaur|60\/100|[silent]\n|upkeep\n|turn|18\n|\n|t:|1699798270\n|switch|p2a: Glimmora|Glimmora, F|88\/100\n|move|p1a: Venusaur|Sleep Powder|p2a: Glimmora|[miss]\n|-miss|p1a: Venusaur|p2a: Glimmora\n|\n|-weather|Sandstorm|[upkeep]\n|-damage|p1a: Venusaur|54\/100|[from] Sandstorm\n|upkeep\n|turn|19\n|\n|t:|1699798281\n|switch|p1a: Pelipper|Pelipper, F|68\/100 psn\n|-weather|RainDance|[from] ability: Drizzle|[of] p1a: Pelipper\n|move|p2a: Glimmora|Sludge Wave|p1a: Pelipper\n|-damage|p1a: Pelipper|5\/100 psn\n|\n|-weather|RainDance|[upkeep]\n|-damage|p1a: Pelipper|0 fnt|[from] psn\n|faint|p1a: Pelipper\n|upkeep\n|inactive|Lycutie has 90 seconds left.\n|\n|t:|1699798305\n|switch|p1a: Greninja|Greninja, M|100\/100\n|turn|20\n|inactive|Lycutie has 90 seconds left.\n|\n|t:|1699798315\n|switch|p2a: Tyranitar|Tyranitar, M|76\/100\n|-weather|Sandstorm|[from] ability: Sand Stream|[of] p2a: Tyranitar\n|move|p1a: Greninja|Hydro Pump|p2a: Tyranitar\n|-supereffective|p2a: Tyranitar\n|-damage|p2a: Tyranitar|48\/100\n|\n|-weather|Sandstorm|[upkeep]\n|-damage|p1a: Greninja|95\/100|[from] Sandstorm\n|upkeep\n|turn|21\n|inactive|Lycutie has 90 seconds left.\n|c| ieatdonuteveryday|-1 rain\n|\n|t:|1699798344\n|switch|p1a: Venusaur|Venusaur, F|54\/100\n|move|p2a: Tyranitar|Rock Blast|p1a: Venusaur\n|-damage|p1a: Venusaur|41\/100\n|-damage|p1a: Venusaur|28\/100\n|-damage|p1a: Venusaur|14\/100\n|-damage|p1a: Venusaur|2\/100\n|-hitcount|p1a: Venusaur|4\n|\n|-weather|Sandstorm|[upkeep]\n|-damage|p1a: Venusaur|0 fnt|[from] Sandstorm\n|faint|p1a: Venusaur\n|upkeep\n|c| ieatdonuteveryday|dice:)?\n|inactive|Lycutie has 60 seconds left.\n|\n|t:|1699798380\n|switch|p1a: Swampert|Swampert-Mega, F|86\/100 psn\n|turn|22\n|inactive|Lycutie has 60 seconds left.\n|\n|t:|1699798387\n|switch|p2a: Glimmora|Glimmora, F|88\/100\n|move|p1a: Swampert|Earthquake|p2a: Glimmora\n|-supereffective|p2a: Glimmora\n|-damage|p2a: Glimmora|0 fnt\n|-activate|p2a: Glimmora|ability: Toxic Debris\n|-sidestart|p1: Lycutie|move: Toxic Spikes\n|faint|p2a: Glimmora\n|\n|-weather|Sandstorm|[upkeep]\n|-damage|p1a: Swampert|73\/100 psn|[from] psn\n|upkeep\n|c|\u2606Lycutie|dice c\u1eb9c\n|c|\u2606Lycutie|:((\n|\n|t:|1699798402\n|switch|p2a: Aggron|Aggron, F|100\/100\n|turn|23\n|\n|t:|1699798408\n|detailschange|p2a: Aggron|Aggron-Mega, F\n|-mega|p2a: Aggron|Aggron|Aggronite\n|move|p1a: Swampert|Flip Turn|p2a: Aggron\n|-damage|p2a: Aggron|86\/100\n|\n|t:|1699798417\n|switch|p1a: Hatterene|Hatterene, F|100\/100|[from] Flip Turn\n|-status|p1a: Hatterene|psn\n|move|p2a: Aggron|Iron Defense|p2a: Aggron\n|-boost|p2a: Aggron|def|2\n|\n|-weather|Sandstorm|[upkeep]\n|-damage|p1a: Hatterene|95\/100 psn|[from] Sandstorm\n|-damage|p1a: Hatterene|82\/100 psn|[from] psn\n|upkeep\n|turn|24\n|c| ieatdonuteveryday|siuuu\n|c| ieatdonuteveryday|rip\n|\n|t:|1699798436\n|switch|p2a: Garganacl|Garganacl, M, tera:Ghost|88\/100\n|move|p1a: Hatterene|Nuzzle|p2a: Garganacl\n|-damage|p2a: Garganacl|85\/100\n|\n|-weather|none\n|-damage|p1a: Hatterene|70\/100 psn|[from] psn\n|upkeep\n|turn|25\n|inactive|Lycutie has 60 seconds left.\n|\n|t:|1699798464\n|switch|p1a: Swampert|Swampert-Mega, F|73\/100 psn\n|move|p2a: Garganacl|Iron Defense|p2a: Garganacl\n|-boost|p2a: Garganacl|def|2\n|\n|-damage|p1a: Swampert|61\/100 psn|[from] psn\n|upkeep\n|turn|26\n|c|\u2606Lycutie|\u0111cu\n|c| ieatdonuteveryday|:)))\n|\n|t:|1699798480\n|move|p1a: Swampert|Waterfall|p2a: Garganacl\n|-damage|p2a: Garganacl|69\/100\n|cant|p2a: Garganacl|flinch\n|\n|-damage|p1a: Swampert|49\/100 psn|[from] psn\n|upkeep\n|turn|27\n|\n|t:|1699798487\n|move|p1a: Swampert|Stealth Rock|p2a: Garganacl\n|-sidestart|p2: sgsegesgeah|move: Stealth Rock\n|move|p2a: Garganacl|Recover|p2a: Garganacl\n|-heal|p2a: Garganacl|100\/100\n|\n|-damage|p1a: Swampert|36\/100 psn|[from] psn\n|upkeep\n|turn|28\n|\n|t:|1699798494\n|move|p1a: Swampert|Earthquake|p2a: Garganacl\n|-damage|p2a: Garganacl|79\/100\n|move|p2a: Garganacl|Iron Defense|p2a: Garganacl\n|-boost|p2a: Garganacl|def|2\n|\n|-damage|p1a: Swampert|24\/100 psn|[from] psn\n|upkeep\n|turn|29\n|inactive|Lycutie has 60 seconds left.\n|\n|t:|1699798502\n|move|p1a: Swampert|Earthquake|p2a: Garganacl\n|-damage|p2a: Garganacl|65\/100\n|move|p2a: Garganacl|Recover|p2a: Garganacl\n|-heal|p2a: Garganacl|100\/100\n|\n|-damage|p1a: Swampert|12\/100 psn|[from] psn\n|upkeep\n|turn|30\n|c| ieatdonuteveryday|h ch\u1ec9 c\u00f3 c\u1ea5u \u0111\u1ec3 gren ho\u1eb7c shifu \u0103n th\u00f4i\n|\n|t:|1699798510\n|move|p1a: Swampert|Waterfall|p2a: Garganacl\n|-damage|p2a: Garganacl|89\/100\n|cant|p2a: Garganacl|flinch\n|\n|-damage|p1a: Swampert|0 fnt|[from] psn\n|faint|p1a: Swampert\n|upkeep\n|c| ieatdonuteveryday|m\u00e0 c\u00f3 v\u1ebb \u0111 \u0111c\n|c| ieatdonuteveryday|:))\n|inactive|Lycutie has 60 seconds left.\n|\n|t:|1699798521\n|switch|p1a: Greninja|Greninja, M|95\/100\n|-status|p1a: Greninja|psn\n|turn|31\n|inactive|Lycutie has 60 seconds left.\n|\n|t:|1699798533\n|move|p1a: Greninja|Dark Pulse|p2a: Garganacl\n|-supereffective|p2a: Garganacl\n|-damage|p2a: Garganacl|44\/100\n|-enditem|p2a: Garganacl|Maranga Berry|[eat]\n|-boost|p2a: Garganacl|spd|1|[from] item: Maranga Berry\n|cant|p2a: Garganacl|flinch\n|\n|-damage|p1a: Greninja|82\/100 psn|[from] psn\n|upkeep\n|turn|32\n|inactive|Lycutie has 60 seconds left.\n|c|\u2606Lycutie|\u0111cu bi\u1ebft nagy\n|\n|t:|1699798550\n|move|p1a: Greninja|Dark Pulse|p2a: Garganacl\n|-supereffective|p2a: Garganacl\n|-damage|p2a: Garganacl|14\/100\n|move|p2a: Garganacl|Recover|p2a: Garganacl\n|-heal|p2a: Garganacl|64\/100\n|\n|-damage|p1a: Greninja|70\/100 psn|[from] psn\n|upkeep\n|turn|33\n|c| ieatdonuteveryday|flinch ph\u00e1t nx l\u00e0 win ba\n|inactive|Lycutie has 60 seconds left.\n|c| ieatdonuteveryday|:)\n|c|\u2606Lycutie|c\u00f3 c\u00e1i ddb ba:))\n|\n|t:|1699798565\n|move|p1a: Greninja|Dark Pulse|p2a: Garganacl\n|-supereffective|p2a: Garganacl\n|-damage|p2a: Garganacl|35\/100\n|cant|p2a: Garganacl|flinch\n|\n|-damage|p1a: Greninja|58\/100 psn|[from] psn\n|upkeep\n|turn|34\n|inactive|Lycutie has 60 seconds left.\n|\n|t:|1699798574\n|move|p1a: Greninja|Dark Pulse|p2a: Garganacl\n|-supereffective|p2a: Garganacl\n|-damage|p2a: Garganacl|6\/100\n|cant|p2a: Garganacl|flinch\n|\n|-damage|p1a: Greninja|45\/100 psn|[from] psn\n|upkeep\n|turn|35\n|c| ieatdonuteveryday|hay\n|inactive|Lycutie has 60 seconds left.\n|\n|t:|1699798588\n|move|p1a: Greninja|Dark Pulse|p2a: Garganacl\n|-supereffective|p2a: Garganacl\n|-damage|p2a: Garganacl|0 fnt\n|faint|p2a: Garganacl\n|-ability|p1a: Greninja|Battle Bond|boost\n|-boost|p1a: Greninja|atk|1\n|-boost|p1a: Greninja|spa|1\n|-boost|p1a: Greninja|spe|1\n|-activate|p1a: Greninja|ability: Battle Bond\n|\n|-damage|p1a: Greninja|33\/100 psn|[from] psn\n|upkeep\n|\n|t:|1699798591\n|switch|p2a: Tyranitar|Tyranitar, M|48\/100\n|-damage|p2a: Tyranitar|36\/100|[from] Stealth Rock\n|-weather|Sandstorm|[from] ability: Sand Stream|[of] p2a: Tyranitar\n|turn|36\n|c| ieatdonuteveryday|ko ph\u1ea3i spec dk :)\n|\n|t:|1699798605\n|move|p1a: Greninja|Water Shuriken|p2a: Tyranitar\n|-supereffective|p2a: Tyranitar\n|-damage|p2a: Tyranitar|31\/100\n|-supereffective|p2a: Tyranitar\n|-damage|p2a: Tyranitar|25\/100\n|-supereffective|p2a: Tyranitar\n|-damage|p2a: Tyranitar|19\/100\n|-supereffective|p2a: Tyranitar\n|-damage|p2a: Tyranitar|14\/100\n|-hitcount|p2a: Tyranitar|4\n|move|p2a: Tyranitar|Pursuit|p1a: Greninja\n|-resisted|p1a: Greninja\n|-damage|p1a: Greninja|18\/100 psn\n|\n|-weather|Sandstorm|[upkeep]\n|-damage|p1a: Greninja|12\/100 psn|[from] Sandstorm\n|-damage|p1a: Greninja|0 fnt|[from] psn\n|faint|p1a: Greninja\n|upkeep\n|c|\u2606Lycutie|\u0111m\n|c| ieatdonuteveryday|bro\n|inactive|Lycutie has 60 seconds left.\n|c|\u2606Lycutie|t s\u1ee3 pump x\u1ecbt:))\n|\n|t:|1699798626\n|switch|p1a: Urshifu|Urshifu-Rapid-Strike, F|84\/100\n|-status|p1a: Urshifu|psn\n|turn|37\n|\n|t:|1699798642\n|move|p1a: Urshifu|Close Combat|p2a: Tyranitar\n|-supereffective|p2a: Tyranitar\n|-damage|p2a: Tyranitar|0 fnt\n|-unboost|p1a: Urshifu|def|1\n|-unboost|p1a: Urshifu|spd|1\n|faint|p2a: Tyranitar\n|\n|-weather|Sandstorm|[upkeep]\n|-damage|p1a: Urshifu|78\/100 psn|[from] Sandstorm\n|-damage|p1a: Urshifu|66\/100 psn|[from] psn\n|upkeep\n|\n|t:|1699798645\n|switch|p2a: Aggron|Aggron-Mega, F|86\/100\n|-damage|p2a: Aggron|80\/100|[from] Stealth Rock\n|turn|38\n|c| ieatdonuteveryday|thua r ba\n|\n|t:|1699798652\n|move|p1a: Urshifu|Close Combat|p2a: Aggron\n|-supereffective|p2a: Aggron\n|-damage|p2a: Aggron|43\/100\n|-unboost|p1a: Urshifu|def|1\n|-unboost|p1a: Urshifu|spd|1\n|move|p2a: Aggron|Iron Defense|p2a: Aggron\n|-boost|p2a: Aggron|def|2\n|\n|-weather|Sandstorm|[upkeep]\n|-damage|p1a: Urshifu|60\/100 psn|[from] Sandstorm\n|-damage|p1a: Urshifu|47\/100 psn|[from] psn\n|upkeep\n|turn|39\n|inactive|Lycutie has 60 seconds left.\n|\n|t:|1699798665\n|move|p1a: Urshifu|Close Combat|p2a: Aggron\n|-supereffective|p2a: Aggron\n|-damage|p2a: Aggron|23\/100\n|-unboost|p1a: Urshifu|def|1\n|-unboost|p1a: Urshifu|spd|1\n|move|p2a: Aggron|Body Press|p1a: Urshifu\n|-damage|p1a: Urshifu|0 fnt\n|faint|p1a: Urshifu\n|\n|-weather|Sandstorm|[upkeep]\n|upkeep\n|c| ieatdonuteveryday|kooo\n|\n|t:|1699798674\n|switch|p1a: Hatterene|Hatterene, F|70\/100 psn\n|turn|40\n|inactive|Lycutie has 60 seconds left.\n|\n|t:|1699798688\n|-terastallize|p1a: Hatterene|Psychic\n|move|p2a: Aggron|Rest|p2a: Aggron\n|-status|p2a: Aggron|slp|[from] move: Rest\n|-heal|p2a: Aggron|100\/100 slp|[silent]\n|move|p1a: Hatterene|Draining Kiss|p2a: Aggron\n|-resisted|p2a: Aggron\n|-damage|p2a: Aggron|88\/100 slp\n|-heal|p1a: Hatterene|80\/100 psn|[from] drain|[of] p2a: Aggron\n|\n|-weather|none\n|-damage|p1a: Hatterene|68\/100 psn|[from] psn\n|upkeep\n|turn|41\n|c| ieatdonuteveryday|:))))))))\n|inactive|Lycutie has 60 seconds left.\n|c|\u2606Lycutie|\u0111cu:))\n|c| ieatdonuteveryday|\u0111 c\u1ee9u \u0111c\n|\n|t:|1699798708\n|cant|p2a: Aggron|slp\n|move|p2a: Aggron|Sleep Talk|p2a: Aggron\n|move|p2a: Aggron|Body Press|p1a: Hatterene|[from]move: Sleep Talk\n|-resisted|p1a: Hatterene\n|-damage|p1a: Hatterene|32\/100 psn\n|move|p1a: Hatterene|Psyshock|p2a: Aggron\n|-resisted|p2a: Aggron\n|-damage|p2a: Aggron|83\/100 slp\n|\n|-damage|p1a: Hatterene|20\/100 psn|[from] psn\n|upkeep\n|turn|42\n|\n|t:|1699798719\n|cant|p2a: Aggron|slp\n|move|p2a: Aggron|Sleep Talk|p2a: Aggron\n|move|p2a: Aggron|Rest||[from]move: Sleep Talk|[still]\n|-fail|p2a: Aggron\n|move|p1a: Hatterene|Draining Kiss|p2a: Aggron\n|-resisted|p2a: Aggron\n|-damage|p2a: Aggron|70\/100 slp\n|-heal|p1a: Hatterene|30\/100 psn|[from] drain|[of] p2a: Aggron\n|\n|-damage|p1a: Hatterene|18\/100 psn|[from] psn\n|upkeep\n|turn|43\n|c|\u2606Lycutie|t ph\u00e1 70 rate r:))\n|c|\u2606sgsegesgeah|you got lucky, 4 flinches and u still lost\n|\n|t:|1699798738\n|-curestatus|p2a: Aggron|slp|[msg]\n|move|p2a: Aggron|Body Press|p1a: Hatterene\n|-resisted|p1a: Hatterene\n|-damage|p1a: Hatterene|0 fnt\n|faint|p1a: Hatterene\n|\n|win|sgsegesgeah\n|raw|Lycutie's rating: 1476 &rarr; <strong>1460<\/strong><br \/>(-16 for losing)\n|raw|sgsegesgeah's rating: 1548 &rarr; <strong>1564<\/strong><br \/>(+16 for winning)\n","uploadtime":1699798743,"views":4,"p1id":"lycutie","p2id":"sgsegesgeah","formatid":"gen9nationaldex","rating":1460,"private":0,"password":""}