{"id":"gen9nationaldex-1990334427","p1":"Daimnik","p2":"CapnTophat","format":"[Gen 9] National Dex","log":"|j|\u2606Daimnik\n|j|\u2606CapnTophat\n|t:|1699958376\n|gametype|singles\n|player|p1|Daimnik|janitor|1662\n|player|p2|CapnTophat|wallace|1682\n|teamsize|p1|6\n|teamsize|p2|6\n|gen|9\n|tier|[Gen 9] National Dex\n|rated|\n|rule|HP Percentage Mod: HP is shown in percentages\n|rule|Endless Battle Clause: Forcing endless battles is banned\n|rule|OHKO Clause: OHKO moves are banned\n|rule|Evasion Clause: Evasion abilities, items, and moves are banned\n|rule|Evasion Abilities Clause: Evasion abilities are banned\n|rule|Evasion Items Clause: Evasion items are banned\n|rule|Evasion Moves Clause: Evasion moves are banned\n|rule|Species Clause: Limit one of each Pok\u00e9mon\n|rule|Sleep Clause Mod: Limit one foe put to sleep\n|clearpoke\n|poke|p1|Breloom, M|\n|poke|p1|Iron Treads|\n|poke|p1|Bisharp, F|\n|poke|p1|Pinsir, F|\n|poke|p1|Gengar, M|\n|poke|p1|Greninja-*, M|\n|poke|p2|Heracross, M|\n|poke|p2|Sneasler, M|\n|poke|p2|Rillaboom, F|\n|poke|p2|Heatran, F|\n|poke|p2|Gliscor, M|\n|poke|p2|Alomomola, F|\n|teampreview\n|inactive|Battle timer is ON: inactive players will automatically lose when time's up. (requested by CapnTophat)\n|\n|t:|1699958404\n|start\n|switch|p1a: Future|Iron Treads|100\/100\n|switch|p2a: Rillaboom|Rillaboom, F|100\/100\n|-fieldstart|move: Grassy Terrain|[from] ability: Grassy Surge|[of] p2a: Rillaboom\n|turn|1\n|\n|t:|1699958408\n|move|p1a: Future|Stealth Rock|p2a: Rillaboom\n|-sidestart|p2: CapnTophat|move: Stealth Rock\n|move|p2a: Rillaboom|High Horsepower|p1a: Future\n|-supereffective|p1a: Future\n|-damage|p1a: Future|10\/100\n|\n|-heal|p1a: Future|16\/100|[from] Grassy Terrain\n|upkeep\n|turn|2\n|\n|t:|1699958417\n|-end|p1a: Future|Quark Drive|[silent]\n|switch|p1a: Stormy Bugzy|Pinsir, F|100\/100\n|move|p2a: Rillaboom|High Horsepower|p1a: Stormy Bugzy\n|-resisted|p1a: Stormy Bugzy\n|-damage|p1a: Stormy Bugzy|67\/100\n|\n|-heal|p1a: Stormy Bugzy|73\/100|[from] Grassy Terrain\n|upkeep\n|turn|3\n|\n|t:|1699958427\n|switch|p2a: Alomomola|Alomomola, F|100\/100\n|-damage|p2a: Alomomola|88\/100|[from] Stealth Rock\n|move|p1a: Stormy Bugzy|Swords Dance|p1a: Stormy Bugzy\n|-boost|p1a: Stormy Bugzy|atk|2\n|\n|-heal|p1a: Stormy Bugzy|79\/100|[from] Grassy Terrain\n|-heal|p2a: Alomomola|94\/100|[from] Grassy Terrain\n|upkeep\n|turn|4\n|\n|t:|1699958434\n|detailschange|p1a: Stormy Bugzy|Pinsir-Mega, F\n|-mega|p1a: Stormy Bugzy|Pinsir|Pinsirite\n|move|p1a: Stormy Bugzy|Frustration|p2a: Alomomola\n|-damage|p2a: Alomomola|16\/100\n|-enditem|p2a: Alomomola|Red Card|[of] p1a: Stormy Bugzy\n|drag|p1a: Future|Iron Treads|16\/100\n|move|p2a: Alomomola|Wish|p2a: Alomomola\n|\n|-heal|p1a: Future|22\/100|[from] Grassy Terrain\n|-heal|p2a: Alomomola|22\/100|[from] Grassy Terrain\n|upkeep\n|turn|5\n|\n|t:|1699958445\n|move|p2a: Alomomola|Protect|p2a: Alomomola\n|-singleturn|p2a: Alomomola|Protect\n|move|p1a: Future|Endeavor|p2a: Alomomola\n|-activate|p2a: Alomomola|move: Protect\n|\n|-heal|p2a: Alomomola|72\/100|[from] move: Wish|[wisher] Alomomola\n|-heal|p1a: Future|28\/100|[from] Grassy Terrain\n|-heal|p2a: Alomomola|78\/100|[from] Grassy Terrain\n|-fieldend|move: Grassy Terrain\n|upkeep\n|turn|6\n|\n|t:|1699958451\n|move|p1a: Future|Endeavor|p2a: Alomomola\n|-damage|p2a: Alomomola|17\/100\n|move|p2a: Alomomola|Wish|p2a: Alomomola\n|\n|upkeep\n|turn|7\n|\n|t:|1699958458\n|move|p2a: Alomomola|Protect|p2a: Alomomola\n|-singleturn|p2a: Alomomola|Protect\n|move|p1a: Future|Endeavor|p2a: Alomomola\n|-activate|p2a: Alomomola|move: Protect\n|\n|-heal|p2a: Alomomola|67\/100|[from] move: Wish|[wisher] Alomomola\n|upkeep\n|turn|8\n|\n|t:|1699958464\n|move|p1a: Future|Endeavor|p2a: Alomomola\n|-damage|p2a: Alomomola|17\/100\n|move|p2a: Alomomola|Wish|p2a: Alomomola\n|\n|upkeep\n|turn|9\n|\n|t:|1699958476\n|move|p2a: Alomomola|Protect|p2a: Alomomola\n|-singleturn|p2a: Alomomola|Protect\n|move|p1a: Future|Earthquake|p2a: Alomomola\n|-activate|p2a: Alomomola|move: Protect\n|\n|-heal|p2a: Alomomola|67\/100|[from] move: Wish|[wisher] Alomomola\n|upkeep\n|turn|10\n|\n|t:|1699958479\n|move|p1a: Future|Endeavor|p2a: Alomomola\n|-damage|p2a: Alomomola|17\/100\n|move|p2a: Alomomola|Flip Turn|p1a: Future\n|-supereffective|p1a: Future\n|-damage|p1a: Future|2\/100\n|\n|t:|1699958484\n|switch|p2a: Gliscor|Gliscor, M|100\/100|[from] Flip Turn\n|-damage|p2a: Gliscor|88\/100|[from] Stealth Rock\n|\n|-status|p2a: Gliscor|tox|[from] item: Toxic Orb\n|upkeep\n|turn|11\n|\n|t:|1699958487\n|move|p1a: Future|Endeavor|p2a: Gliscor\n|-damage|p2a: Gliscor|2\/100 tox\n|move|p2a: Gliscor|Defog|p1a: Future\n|-unboost|p1a: Future|evasion|1\n|-sideend|p2: CapnTophat|Stealth Rock|[from] move: Defog|[of] p2a: Gliscor\n|\n|-heal|p2a: Gliscor|14\/100 tox|[from] ability: Poison Heal\n|upkeep\n|turn|12\n|\n|t:|1699958492\n|move|p1a: Future|Stealth Rock|p2a: Gliscor\n|-sidestart|p2: CapnTophat|move: Stealth Rock\n|move|p2a: Gliscor|Roost|p2a: Gliscor\n|-heal|p2a: Gliscor|64\/100 tox\n|-singleturn|p2a: Gliscor|move: Roost\n|\n|-heal|p2a: Gliscor|77\/100 tox|[from] ability: Poison Heal\n|upkeep\n|turn|13\n|\n|t:|1699958495\n|move|p1a: Future|Endeavor|p2a: Gliscor\n|-damage|p2a: Gliscor|2\/100 tox\n|move|p2a: Gliscor|Defog|p1a: Future\n|-unboost|p1a: Future|evasion|1\n|-sideend|p2: CapnTophat|Stealth Rock|[from] move: Defog|[of] p2a: Gliscor\n|\n|-heal|p2a: Gliscor|14\/100 tox|[from] ability: Poison Heal\n|upkeep\n|turn|14\n|j| slobadd\n|\n|t:|1699958506\n|move|p1a: Future|Rapid Spin|p2a: Gliscor\n|-damage|p2a: Gliscor|0 fnt\n|-boost|p1a: Future|spe|1\n|faint|p2a: Gliscor\n|\n|upkeep\n|\n|t:|1699958508\n|switch|p2a: Rillaboom|Rillaboom, F|100\/100\n|-fieldstart|move: Grassy Terrain|[from] ability: Grassy Surge|[of] p2a: Rillaboom\n|turn|15\n|\n|t:|1699958512\n|-end|p1a: Future|Quark Drive|[silent]\n|switch|p1a: Stormy Bugzy|Pinsir-Mega, F|79\/100\n|move|p2a: Rillaboom|Grassy Glide|p1a: Stormy Bugzy\n|-resisted|p1a: Stormy Bugzy\n|-damage|p1a: Stormy Bugzy|64\/100\n|\n|upkeep\n|turn|16\n|\n|t:|1699958523\n|switch|p2a: Sneasler|Sneasler, M|100\/100\n|-enditem|p2a: Sneasler|Grassy Seed\n|-boost|p2a: Sneasler|def|1|[from] item: Grassy Seed\n|move|p1a: Stormy Bugzy|Swords Dance|p1a: Stormy Bugzy\n|-boost|p1a: Stormy Bugzy|atk|2\n|\n|upkeep\n|turn|17\n|\n|t:|1699958526\n|-terastallize|p2a: Sneasler|Flying\n|move|p1a: Stormy Bugzy|Quick Attack|p2a: Sneasler\n|-damage|p2a: Sneasler|46\/100\n|move|p2a: Sneasler|Acrobatics|p1a: Stormy Bugzy\n|-supereffective|p1a: Stormy Bugzy\n|-damage|p1a: Stormy Bugzy|0 fnt\n|faint|p1a: Stormy Bugzy\n|\n|upkeep\n|\n|t:|1699958555\n|switch|p1a: M Huncho|Bisharp, F|100\/100\n|turn|18\n|\n|t:|1699958569\n|-terastallize|p1a: M Huncho|Flying\n|move|p2a: Sneasler|Close Combat|p1a: M Huncho\n|-resisted|p1a: M Huncho\n|-damage|p1a: M Huncho|72\/100\n|-unboost|p2a: Sneasler|def|1\n|-unboost|p2a: Sneasler|spd|1\n|move|p1a: M Huncho|Swords Dance|p1a: M Huncho\n|-boost|p1a: M Huncho|atk|2\n|\n|upkeep\n|turn|19\n|\n|t:|1699958576\n|move|p1a: M Huncho|Sucker Punch|p2a: Sneasler\n|-damage|p2a: Sneasler|0 fnt\n|faint|p2a: Sneasler\n|\n|-fieldend|move: Grassy Terrain\n|upkeep\n|\n|t:|1699958578\n|switch|p2a: Alomomola|Alomomola, F|51\/100\n|turn|20\n|\n|t:|1699958580\n|move|p1a: M Huncho|Knock Off|p2a: Alomomola\n|-damage|p2a: Alomomola|15\/100\n|move|p2a: Alomomola|Wish|p2a: Alomomola\n|\n|upkeep\n|turn|21\n|\n|t:|1699958585\n|move|p2a: Alomomola|Protect|p2a: Alomomola\n|-singleturn|p2a: Alomomola|Protect\n|move|p1a: M Huncho|Swords Dance|p1a: M Huncho\n|-boost|p1a: M Huncho|atk|2\n|\n|-heal|p2a: Alomomola|64\/100|[from] move: Wish|[wisher] Alomomola\n|upkeep\n|turn|22\n|\n|t:|1699958589\n|move|p1a: M Huncho|Knock Off|p2a: Alomomola\n|-damage|p2a: Alomomola|2\/100\n|move|p2a: Alomomola|Toxic|p1a: M Huncho\n|-status|p1a: M Huncho|tox\n|\n|-damage|p1a: M Huncho|66\/100 tox|[from] psn\n|upkeep\n|turn|23\n|\n|t:|1699958595\n|move|p2a: Alomomola|Protect|p2a: Alomomola\n|-singleturn|p2a: Alomomola|Protect\n|move|p1a: M Huncho|Swords Dance|p1a: M Huncho\n|-boost|p1a: M Huncho|atk|2\n|\n|-damage|p1a: M Huncho|54\/100 tox|[from] psn\n|upkeep\n|turn|24\n|\n|t:|1699958600\n|move|p2a: Alomomola|Protect|p2a: Alomomola\n|-singleturn|p2a: Alomomola|Protect\n|move|p1a: M Huncho|Iron Head|p2a: Alomomola\n|-activate|p2a: Alomomola|move: Protect\n|\n|-damage|p1a: M Huncho|36\/100 tox|[from] psn\n|upkeep\n|turn|25\n|\n|t:|1699958604\n|move|p1a: M Huncho|Iron Head|p2a: Alomomola\n|-resisted|p2a: Alomomola\n|-damage|p2a: Alomomola|0 fnt\n|faint|p2a: Alomomola\n|\n|-damage|p1a: M Huncho|12\/100 tox|[from] psn\n|upkeep\n|c|\u2606Daimnik|piussy alomola\n|\n|t:|1699958606\n|switch|p2a: Rillaboom|Rillaboom, F|100\/100\n|-fieldstart|move: Grassy Terrain|[from] ability: Grassy Surge|[of] p2a: Rillaboom\n|turn|26\n|c|\u2606Daimnik|fkn heart shaped pokemon\n|c|\u2606Daimnik|man up\n|\n|t:|1699958620\n|move|p2a: Rillaboom|Grassy Glide|p1a: M Huncho\n|-resisted|p1a: M Huncho\n|-damage|p1a: M Huncho|0 fnt\n|faint|p1a: M Huncho\n|\n|upkeep\n|c|\u2606CapnTophat|Skill issue\n|j| KoKohs\n|inactive|Daimnik has 120 seconds left.\n|\n|t:|1699958667\n|switch|p1a: Biggie Small|Gengar, M|100\/100\n|turn|27\n|\n|t:|1699958672\n|switch|p2a: Heatran|Heatran, F|100\/100\n|move|p1a: Biggie Small|Shadow Ball|p2a: Heatran\n|-crit|p2a: Heatran\n|-damage|p2a: Heatran|63\/100\n|\n|-heal|p2a: Heatran|69\/100|[from] Grassy Terrain\n|-heal|p2a: Heatran|76\/100|[from] item: Leftovers\n|upkeep\n|turn|28\n|\n|t:|1699958690\n|switch|p1a: Future|Iron Treads|2\/100\n|move|p2a: Heatran|Earth Power|p1a: Future\n|-supereffective|p1a: Future\n|-damage|p1a: Future|0 fnt\n|faint|p1a: Future\n|-end|p1a: Future|Quark Drive|[silent]\n|\n|-heal|p2a: Heatran|82\/100|[from] Grassy Terrain\n|-heal|p2a: Heatran|88\/100|[from] item: Leftovers\n|upkeep\n|\n|t:|1699958694\n|switch|p1a: Lil Baby|Breloom, M|100\/100\n|turn|29\n|\n|t:|1699958700\n|switch|p2a: Rillaboom|Rillaboom, F|100\/100\n|move|p1a: Lil Baby|Close Combat|p2a: Rillaboom\n|-damage|p2a: Rillaboom|35\/100\n|-unboost|p1a: Lil Baby|def|1\n|-unboost|p1a: Lil Baby|spd|1\n|\n|-heal|p2a: Rillaboom|42\/100|[from] Grassy Terrain\n|upkeep\n|turn|30\n|inactive|Daimnik has 120 seconds left.\n|\n|t:|1699958713\n|switch|p2a: Heracross|Heracross, M|100\/100\n|move|p1a: Lil Baby|Close Combat|p2a: Heracross\n|-resisted|p2a: Heracross\n|-damage|p2a: Heracross|55\/100\n|-unboost|p1a: Lil Baby|def|1\n|-unboost|p1a: Lil Baby|spd|1\n|\n|-heal|p2a: Heracross|61\/100|[from] Grassy Terrain\n|-fieldend|move: Grassy Terrain\n|upkeep\n|turn|31\n|\n|t:|1699958723\n|detailschange|p2a: Heracross|Heracross-Mega, M\n|-mega|p2a: Heracross|Heracross|Heracronite\n|move|p2a: Heracross|Bullet Seed|p1a: Lil Baby\n|-resisted|p1a: Lil Baby\n|-damage|p1a: Lil Baby|82\/100\n|-resisted|p1a: Lil Baby\n|-damage|p1a: Lil Baby|64\/100\n|-resisted|p1a: Lil Baby\n|-crit|p1a: Lil Baby\n|-damage|p1a: Lil Baby|38\/100\n|-resisted|p1a: Lil Baby\n|-damage|p1a: Lil Baby|21\/100\n|-resisted|p1a: Lil Baby\n|-damage|p1a: Lil Baby|4\/100\n|-hitcount|p1a: Lil Baby|5\n|move|p1a: Lil Baby|Spore|p2a: Heracross\n|-status|p2a: Heracross|slp|[from] move: Spore\n|\n|upkeep\n|turn|32\n|inactive|Daimnik has 120 seconds left.\n|\n|t:|1699958742\n|cant|p2a: Heracross|slp\n|move|p1a: Lil Baby|Close Combat|p2a: Heracross\n|-resisted|p2a: Heracross\n|-damage|p2a: Heracross|31\/100 slp\n|-unboost|p1a: Lil Baby|def|1\n|-unboost|p1a: Lil Baby|spd|1\n|\n|upkeep\n|turn|33\n|\n|t:|1699958747\n|-curestatus|p2a: Heracross|slp|[msg]\n|move|p2a: Heracross|Bullet Seed|p1a: Lil Baby\n|-resisted|p1a: Lil Baby\n|-damage|p1a: Lil Baby|0 fnt\n|faint|p1a: Lil Baby\n|-hitcount|p1: Lil Baby|1\n|\n|upkeep\n|\n|t:|1699958756\n|switch|p1a: Biggie Small|Gengar, M|100\/100\n|turn|34\n|\n|t:|1699958759\n|move|p1a: Biggie Small|Shadow Ball|p2a: Heracross\n|-damage|p2a: Heracross|0 fnt\n|faint|p2a: Heracross\n|\n|upkeep\n|\n|t:|1699958761\n|switch|p2a: Heatran|Heatran, F|88\/100\n|turn|35\n|\n|t:|1699958769\n|switch|p1a: La F\u00e8ve|Greninja, M|100\/100\n|switch|p2a: Rillaboom|Rillaboom, F|42\/100\n|-fieldstart|move: Grassy Terrain|[from] ability: Grassy Surge|[of] p2a: Rillaboom\n|\n|-heal|p2a: Rillaboom|48\/100|[from] Grassy Terrain\n|upkeep\n|turn|36\n|\n|t:|1699958776\n|switch|p1a: Biggie Small|Gengar, M|100\/100\n|move|p2a: Rillaboom|Grassy Glide|p1a: Biggie Small\n|-resisted|p1a: Biggie Small\n|-damage|p1a: Biggie Small|46\/100\n|\n|-heal|p1a: Biggie Small|52\/100|[from] Grassy Terrain\n|-heal|p2a: Rillaboom|54\/100|[from] Grassy Terrain\n|upkeep\n|turn|37\n|\n|t:|1699958781\n|switch|p1a: La F\u00e8ve|Greninja, M|100\/100\n|move|p2a: Rillaboom|Grassy Glide|p1a: La F\u00e8ve\n|-supereffective|p1a: La F\u00e8ve\n|-damage|p1a: La F\u00e8ve|0 fnt\n|faint|p1a: La F\u00e8ve\n|\n|-heal|p2a: Rillaboom|60\/100|[from] Grassy Terrain\n|upkeep\n|\n|t:|1699958786\n|switch|p1a: Biggie Small|Gengar, M|52\/100\n|turn|38\n|c|\u2606CapnTophat|I\u2019m nice with it\n|-message|Daimnik forfeited.\n|\n|win|CapnTophat\n|raw|Daimnik's rating: 1662 &rarr; <strong>1643<\/strong><br \/>(-19 for losing)\n|raw|CapnTophat's rating: 1682 &rarr; <strong>1701<\/strong><br \/>(+19 for winning)\n|l|\u2606Daimnik\n","uploadtime":1699958819,"views":4,"p1id":"daimnik","p2id":"capntophat","formatid":"gen9nationaldex","rating":1643,"private":0,"password":""}