{"id":"gen9nationaldex-1998329081","p1":"mariopan","p2":"mrpovea","format":"[Gen 9] National Dex","log":"|html|<div class=\"broadcast-blue\"><strong>[Gen 9] National Dex is currently suspecting Sneasler! For information on how to participate check out the <a href=\"https:\/\/www.smogon.com\/forums\/threads\/sv-national-dex-suspect-8-just-dance.3731534\/\">suspect thread<\/a>.<\/strong><\/div>\n|j|\u2606mariopan\n|j|\u2606mrpovea\n|t:|1700930092\n|gametype|singles\n|player|p1|mariopan|hilbert|\n|player|p2|mrpovea|169|\n|teamsize|p1|6\n|teamsize|p2|6\n|gen|9\n|tier|[Gen 9] National Dex\n|rule|HP Percentage Mod: HP is shown in percentages\n|rule|Endless Battle Clause: Forcing endless battles is banned\n|rule|OHKO Clause: OHKO moves are banned\n|rule|Evasion Clause: Evasion abilities, items, and moves are banned\n|rule|Evasion Abilities Clause: Evasion abilities are banned\n|rule|Evasion Items Clause: Evasion items are banned\n|rule|Evasion Moves Clause: Evasion moves are banned\n|rule|Species Clause: Limit one of each Pok\u00e9mon\n|rule|Sleep Clause Mod: Limit one foe put to sleep\n|clearpoke\n|poke|p1|Garganacl, F|\n|poke|p1|Glimmora, F|\n|poke|p1|Aerodactyl, M|\n|poke|p1|Shuckle, M|\n|poke|p1|Cradily, M|\n|poke|p1|Tyranitar, M|\n|poke|p2|Typhlosion, M|\n|poke|p2|Ampharos, F|\n|poke|p2|Heracross, F|\n|poke|p2|Fearow, M|\n|poke|p2|Lapras, F|\n|poke|p2|Tyranitar, M|\n|teampreview\n|\n|t:|1700930122\n|start\n|switch|p1a: Tyranitar|Tyranitar, M|100\/100\n|switch|p2a: Lapras|Lapras, F|100\/100\n|-weather|Sandstorm|[from] ability: Sand Stream|[of] p1a: Tyranitar\n|turn|1\n|\n|t:|1700930133\n|switch|p1a: Cradily|Cradily, M|100\/100\n|move|p2a: Lapras|Surf|p1a: Cradily\n|-ability|p1a: Cradily|Storm Drain|boost\n|-boost|p1a: Cradily|spa|1\n|\n|-weather|Sandstorm|[upkeep]\n|-damage|p2a: Lapras|94\/100|[from] Sandstorm\n|-heal|p2a: Lapras|100\/100|[from] item: Leftovers\n|upkeep\n|turn|2\n|\n|t:|1700930157\n|move|p2a: Lapras|Psychic|p1a: Cradily\n|-damage|p1a: Cradily|87\/100\n|-unboost|p1a: Cradily|spd|1\n|move|p1a: Cradily|Toxic|p2a: Lapras\n|-status|p2a: Lapras|tox\n|\n|-weather|Sandstorm|[upkeep]\n|-damage|p2a: Lapras|94\/100 tox|[from] Sandstorm\n|-heal|p2a: Lapras|100\/100 tox|[from] item: Leftovers\n|-heal|p1a: Cradily|94\/100|[from] item: Leftovers\n|-damage|p2a: Lapras|94\/100 tox|[from] psn\n|upkeep\n|turn|3\n|\n|t:|1700930196\n|switch|p2a: Typhlosion|Typhlosion, M|100\/100\n|move|p1a: Cradily|Giga Drain|p2a: Typhlosion\n|-resisted|p2a: Typhlosion\n|-damage|p2a: Typhlosion|81\/100\n|-heal|p1a: Cradily|100\/100|[from] drain|[of] p2a: Typhlosion\n|\n|-weather|Sandstorm|[upkeep]\n|-damage|p2a: Typhlosion|75\/100|[from] Sandstorm\n|upkeep\n|turn|4\n|\n|t:|1700930219\n|move|p2a: Typhlosion|Eruption|p1a: Cradily\n|-damage|p1a: Cradily|60\/100\n|move|p1a: Cradily|Ancient Power|p2a: Typhlosion\n|-supereffective|p2a: Typhlosion\n|-damage|p2a: Typhlosion|8\/100\n|\n|-weather|Sandstorm|[upkeep]\n|-damage|p2a: Typhlosion|2\/100|[from] Sandstorm\n|-heal|p1a: Cradily|66\/100|[from] item: Leftovers\n|upkeep\n|turn|5\n|\n|t:|1700930232\n|switch|p1a: Garganacl|Garganacl, F|100\/100\n|move|p2a: Typhlosion|Eruption|p1a: Garganacl\n|-resisted|p1a: Garganacl\n|-damage|p1a: Garganacl|99\/100\n|\n|-weather|Sandstorm|[upkeep]\n|-damage|p2a: Typhlosion|0 fnt|[from] Sandstorm\n|faint|p2a: Typhlosion\n|upkeep\n|\n|t:|1700930245\n|switch|p2a: Lapras|Lapras, F|94\/100 tox\n|turn|6\n|l|\u2606mrpovea\n|player|p2|\n|\n|t:|1700930275\n|switch|p1a: Cradily|Cradily, M|66\/100\n|move|p2a: Lapras|Ancient Power|p1a: Cradily\n|-damage|p1a: Cradily|57\/100\n|\n|-weather|Sandstorm|[upkeep]\n|-damage|p2a: Lapras|88\/100 tox|[from] Sandstorm\n|-heal|p2a: Lapras|94\/100 tox|[from] item: Leftovers\n|-heal|p1a: Cradily|63\/100|[from] item: Leftovers\n|-damage|p2a: Lapras|88\/100 tox|[from] psn\n|upkeep\n|turn|7\n|j|\u2606mrpovea\n|player|p2|mrpovea|169\n|\n|t:|1700930291\n|move|p2a: Lapras|Freeze-Dry|p1a: Cradily\n|-supereffective|p1a: Cradily\n|-damage|p1a: Cradily|28\/100\n|move|p1a: Cradily|Ancient Power|p2a: Lapras\n|-supereffective|p2a: Lapras\n|-damage|p2a: Lapras|62\/100 tox\n|\n|-weather|Sandstorm|[upkeep]\n|-damage|p2a: Lapras|56\/100 tox|[from] Sandstorm\n|-heal|p2a: Lapras|62\/100 tox|[from] item: Leftovers\n|-heal|p1a: Cradily|34\/100|[from] item: Leftovers\n|-damage|p2a: Lapras|50\/100 tox|[from] psn\n|upkeep\n|turn|8\n|\n|t:|1700930305\n|move|p2a: Lapras|Freeze-Dry|p1a: Cradily\n|-supereffective|p1a: Cradily\n|-damage|p1a: Cradily|2\/100\n|move|p1a: Cradily|Recover|p1a: Cradily\n|-heal|p1a: Cradily|52\/100\n|\n|-weather|none\n|-heal|p2a: Lapras|56\/100 tox|[from] item: Leftovers\n|-heal|p1a: Cradily|58\/100|[from] item: Leftovers\n|-damage|p2a: Lapras|38\/100 tox|[from] psn\n|upkeep\n|turn|9\n|\n|t:|1700930315\n|switch|p1a: Tyranitar|Tyranitar, M|100\/100\n|-weather|Sandstorm|[from] ability: Sand Stream|[of] p1a: Tyranitar\n|move|p2a: Lapras|Freeze-Dry|p1a: Tyranitar\n|-damage|p1a: Tyranitar|86\/100\n|\n|-weather|Sandstorm|[upkeep]\n|-damage|p2a: Lapras|32\/100 tox|[from] Sandstorm\n|-heal|p2a: Lapras|38\/100 tox|[from] item: Leftovers\n|-damage|p2a: Lapras|14\/100 tox|[from] psn\n|upkeep\n|turn|10\n|\n|t:|1700930379\n|move|p1a: Tyranitar|Knock Off|p2a: Lapras\n|-damage|p2a: Lapras|0 fnt\n|-enditem|p2a: Lapras|Leftovers|[from] move: Knock Off|[of] p1a: Tyranitar\n|faint|p2a: Lapras\n|\n|-weather|Sandstorm|[upkeep]\n|upkeep\n|\n|t:|1700930394\n|switch|p2a: Ampharos|Ampharos, F|100\/100\n|turn|11\n|\n|t:|1700930408\n|switch|p1a: Shuckle|Shuckle, M|100\/100\n|move|p2a: Ampharos|Dazzling Gleam|p1a: Shuckle\n|-damage|p1a: Shuckle|87\/100\n|-enditem|p1a: Shuckle|Red Card|[of] p2a: Ampharos\n|drag|p2a: Fearow|Fearow, M|100\/100\n|\n|-weather|Sandstorm|[upkeep]\n|-damage|p2a: Fearow|95\/100|[from] Sandstorm\n|upkeep\n|turn|12\n|\n|t:|1700930433\n|move|p2a: Fearow|Drill Peck|p1a: Shuckle\n|-damage|p1a: Shuckle|68\/100\n|move|p1a: Shuckle|Stealth Rock|p2a: Fearow\n|-sidestart|p2: mrpovea|move: Stealth Rock\n|\n|-weather|Sandstorm|[upkeep]\n|-damage|p2a: Fearow|89\/100|[from] Sandstorm\n|upkeep\n|turn|13\n|\n|t:|1700930449\n|move|p2a: Fearow|Drill Peck|p1a: Shuckle\n|-damage|p1a: Shuckle|49\/100\n|move|p1a: Shuckle|Sticky Web|p2a: Fearow\n|-sidestart|p2: mrpovea|move: Sticky Web\n|\n|-weather|Sandstorm|[upkeep]\n|-damage|p2a: Fearow|83\/100|[from] Sandstorm\n|upkeep\n|turn|14\n|\n|t:|1700930465\n|switch|p1a: Garganacl|Garganacl, F|99\/100\n|move|p2a: Fearow|Drill Peck|p1a: Garganacl\n|-resisted|p1a: Garganacl\n|-damage|p1a: Garganacl|90\/100\n|\n|-weather|Sandstorm|[upkeep]\n|-damage|p2a: Fearow|77\/100|[from] Sandstorm\n|upkeep\n|turn|15\n|\n|t:|1700930474\n|-terastallize|p2a: Fearow|Normal\n|move|p2a: Fearow|Drill Run|p1a: Garganacl\n|-supereffective|p1a: Garganacl\n|-crit|p1a: Garganacl\n|-damage|p1a: Garganacl|27\/100\n|move|p1a: Garganacl|Salt Cure|p2a: Fearow\n|-damage|p2a: Fearow|51\/100\n|-start|p2a: Fearow|Salt Cure\n|\n|-weather|Sandstorm|[upkeep]\n|-damage|p2a: Fearow|46\/100|[from] Sandstorm\n|-damage|p2a: Fearow|33\/100|[from] Salt Cure\n|upkeep\n|turn|16\n|\n|t:|1700930494\n|switch|p1a: Shuckle|Shuckle, M|49\/100\n|move|p2a: Fearow|Drill Run|p1a: Shuckle\n|-damage|p1a: Shuckle|37\/100\n|\n|-weather|none\n|-damage|p2a: Fearow|21\/100|[from] Salt Cure\n|upkeep\n|turn|17\n|\n|t:|1700930504\n|switch|p1a: Tyranitar|Tyranitar, M|86\/100\n|-weather|Sandstorm|[from] ability: Sand Stream|[of] p1a: Tyranitar\n|move|p2a: Fearow|Drill Peck|p1a: Tyranitar\n|-resisted|p1a: Tyranitar\n|-damage|p1a: Tyranitar|73\/100\n|\n|-weather|Sandstorm|[upkeep]\n|-damage|p2a: Fearow|15\/100|[from] Sandstorm\n|-damage|p2a: Fearow|3\/100|[from] Salt Cure\n|upkeep\n|turn|18\n|\n|t:|1700930519\n|move|p2a: Fearow|Drill Run|p1a: Tyranitar\n|-supereffective|p1a: Tyranitar\n|-damage|p1a: Tyranitar|34\/100\n|move|p1a: Tyranitar|Knock Off|p2a: Fearow\n|-damage|p2a: Fearow|0 fnt\n|-enditem|p2a: Fearow|Scope Lens|[from] move: Knock Off|[of] p1a: Tyranitar\n|faint|p2a: Fearow\n|\n|-weather|Sandstorm|[upkeep]\n|upkeep\n|\n|t:|1700930535\n|switch|p2a: Tyranitar|Tyranitar, M|100\/100\n|-ability|p2a: Tyranitar|Unnerve\n|-damage|p2a: Tyranitar|88\/100|[from] Stealth Rock\n|-activate|p2a: Tyranitar|move: Sticky Web\n|-unboost|p2a: Tyranitar|spe|1\n|turn|19\n|\n|t:|1700930553\n|move|p1a: Tyranitar|Low Kick|p2a: Tyranitar\n|-supereffective|p2a: Tyranitar\n|-damage|p2a: Tyranitar|0 fnt\n|-damage|p1a: Tyranitar|17\/100|[from] item: Rocky Helmet|[of] p2a: Tyranitar\n|faint|p2a: Tyranitar\n|\n|-weather|Sandstorm|[upkeep]\n|upkeep\n|\n|t:|1700930563\n|switch|p2a: Heracross|Heracross, F|100\/100\n|-damage|p2a: Heracross|88\/100|[from] Stealth Rock\n|-activate|p2a: Heracross|move: Sticky Web\n|-unboost|p2a: Heracross|spe|1\n|turn|20\n|\n|t:|1700930571\n|detailschange|p2a: Heracross|Heracross-Mega, F\n|-mega|p2a: Heracross|Heracross|Heracronite\n|move|p1a: Tyranitar|Thunder Wave|p2a: Heracross\n|-status|p2a: Heracross|par\n|move|p2a: Heracross|Arm Thrust|p1a: Tyranitar\n|-supereffective|p1a: Tyranitar\n|-damage|p1a: Tyranitar|0 fnt\n|faint|p1a: Tyranitar\n|-hitcount|p1: Tyranitar|1\n|\n|-weather|Sandstorm|[upkeep]\n|-damage|p2a: Heracross|82\/100 par|[from] Sandstorm\n|upkeep\n|\n|t:|1700930589\n|switch|p1a: Garganacl|Garganacl, F|27\/100\n|turn|21\n|\n|t:|1700930595\n|-terastallize|p1a: Garganacl|Ghost\n|move|p1a: Garganacl|Recover|p1a: Garganacl\n|-heal|p1a: Garganacl|77\/100\n|cant|p2a: Heracross|par\n|\n|-weather|Sandstorm|[upkeep]\n|-damage|p1a: Garganacl|71\/100|[from] Sandstorm\n|-damage|p2a: Heracross|76\/100 par|[from] Sandstorm\n|upkeep\n|turn|22\n|\n|t:|1700930605\n|move|p1a: Garganacl|Salt Cure|p2a: Heracross\n|-damage|p2a: Heracross|65\/100 par\n|-start|p2a: Heracross|Salt Cure\n|move|p2a: Heracross|Bullet Seed|p1a: Garganacl\n|-damage|p1a: Garganacl|62\/100\n|-damage|p1a: Garganacl|53\/100\n|-damage|p1a: Garganacl|45\/100\n|-damage|p1a: Garganacl|36\/100\n|-damage|p1a: Garganacl|27\/100\n|-hitcount|p1a: Garganacl|5\n|\n|-weather|Sandstorm|[upkeep]\n|-damage|p1a: Garganacl|21\/100|[from] Sandstorm\n|-damage|p2a: Heracross|59\/100 par|[from] Sandstorm\n|-damage|p2a: Heracross|47\/100 par|[from] Salt Cure\n|upkeep\n|turn|23\n|\n|t:|1700930625\n|move|p1a: Garganacl|Salt Cure|p2a: Heracross\n|-damage|p2a: Heracross|35\/100 par\n|move|p2a: Heracross|Bullet Seed|p1a: Garganacl\n|-damage|p1a: Garganacl|13\/100\n|-damage|p1a: Garganacl|4\/100\n|-damage|p1a: Garganacl|0 fnt\n|faint|p1a: Garganacl\n|-hitcount|p1: Garganacl|3\n|\n|-weather|Sandstorm|[upkeep]\n|-damage|p2a: Heracross|29\/100 par|[from] Sandstorm\n|-damage|p2a: Heracross|16\/100 par|[from] Salt Cure\n|upkeep\n|\n|t:|1700930638\n|switch|p1a: Aerodactyl|Aerodactyl, M|100\/100\n|turn|24\n|\n|t:|1700930647\n|detailschange|p1a: Aerodactyl|Aerodactyl-Mega, M\n|-mega|p1a: Aerodactyl|Aerodactyl|Aerodactylite\n|move|p1a: Aerodactyl|Earthquake|p2a: Heracross\n|-resisted|p2a: Heracross\n|-damage|p2a: Heracross|0 fnt\n|faint|p2a: Heracross\n|\n|-weather|none\n|upkeep\n|\n|t:|1700930656\n|switch|p2a: Ampharos|Ampharos, F|100\/100\n|-damage|p2a: Ampharos|88\/100|[from] Stealth Rock\n|-activate|p2a: Ampharos|move: Sticky Web\n|-unboost|p2a: Ampharos|spe|1\n|turn|25\n|\n|t:|1700930664\n|move|p1a: Aerodactyl|Earthquake|p2a: Ampharos\n|-supereffective|p2a: Ampharos\n|-crit|p2a: Ampharos\n|-damage|p2a: Ampharos|0 fnt\n|faint|p2a: Ampharos\n|\n|win|mariopan\n","uploadtime":1700930685,"views":5,"p1id":"mariopan","p2id":"mrpovea","formatid":"gen9nationaldex","rating":0,"private":0,"password":""}