{"id":"gen9nationaldex-1989773991","p1":"HaxxorCat","p2":"xcvbreafdb","format":"[Gen 9] National Dex","log":"|j|\u2606HaxxorCat\n|j|\u2606xcvbreafdb\n|t:|1699894576\n|gametype|singles\n|player|p1|HaxxorCat|acerola|1044\n|player|p2|xcvbreafdb|li|1053\n|teamsize|p1|6\n|teamsize|p2|6\n|gen|9\n|tier|[Gen 9] National Dex\n|rated|\n|rule|HP Percentage Mod: HP is shown in percentages\n|rule|Endless Battle Clause: Forcing endless battles is banned\n|rule|OHKO Clause: OHKO moves are banned\n|rule|Evasion Clause: Evasion abilities, items, and moves are banned\n|rule|Evasion Abilities Clause: Evasion abilities are banned\n|rule|Evasion Items Clause: Evasion items are banned\n|rule|Evasion Moves Clause: Evasion moves are banned\n|rule|Species Clause: Limit one of each Pok\u00e9mon\n|rule|Sleep Clause Mod: Limit one foe put to sleep\n|clearpoke\n|poke|p1|Banette, M|\n|poke|p1|Sinistcha-Masterpiece|\n|poke|p1|Decidueye, M|\n|poke|p1|Aegislash, M|\n|poke|p1|Drifblim, M|\n|poke|p1|Mimikyu, F|\n|poke|p2|Garganacl, F|\n|poke|p2|Sinistcha|\n|poke|p2|Tinkaton, F|\n|poke|p2|Gliscor, M|\n|poke|p2|Iron Treads|\n|poke|p2|Urshifu-*, M|\n|teampreview\n|inactive|Battle timer is ON: inactive players will automatically lose when time's up. (requested by xcvbreafdb)\n|inactive|HaxxorCat also wants the timer to be on.\n|\n|t:|1699894597\n|start\n|switch|p1a: Decidueye|Decidueye, M, shiny|100\/100\n|switch|p2a: Tinkaton|Tinkaton, F|100\/100\n|-item|p2a: Tinkaton|Air Balloon\n|turn|1\n|\n|t:|1699894606\n|move|p2a: Tinkaton|Knock Off|p1a: Decidueye\n|-supereffective|p1a: Decidueye\n|-damage|p1a: Decidueye|52\/100\n|-enditem|p1a: Decidueye|Focus Sash|[from] move: Knock Off|[of] p2a: Tinkaton\n|move|p1a: Decidueye|Swords Dance|p1a: Decidueye\n|-boost|p1a: Decidueye|atk|2\n|\n|upkeep\n|turn|2\n|\n|t:|1699894614\n|move|p2a: Tinkaton|Encore|p1a: Decidueye\n|-start|p1a: Decidueye|Encore\n|move|p1a: Decidueye|Swords Dance|p1a: Decidueye\n|-boost|p1a: Decidueye|atk|2\n|\n|upkeep\n|turn|3\n|\n|t:|1699894623\n|move|p2a: Tinkaton|Stealth Rock|p1a: Decidueye\n|-sidestart|p1: HaxxorCat|move: Stealth Rock\n|move|p1a: Decidueye|Swords Dance|p1a: Decidueye\n|-boost|p1a: Decidueye|atk|2\n|\n|upkeep\n|turn|4\n|\n|t:|1699894628\n|move|p2a: Tinkaton|Knock Off|p1a: Decidueye\n|-supereffective|p1a: Decidueye\n|-damage|p1a: Decidueye|17\/100\n|move|p1a: Decidueye|Swords Dance|p1a: Decidueye\n|-boost|p1a: Decidueye|atk|0\n|\n|-end|p1a: Decidueye|Encore\n|upkeep\n|turn|5\n|\n|t:|1699894639\n|move|p1a: Decidueye|Sucker Punch||[still]\n|-fail|p1a: Decidueye\n|move|p2a: Tinkaton|Encore|p1a: Decidueye\n|-start|p1a: Decidueye|Encore\n|\n|upkeep\n|turn|6\n|\n|t:|1699894649\n|move|p1a: Decidueye|Sucker Punch||[still]\n|-fail|p1a: Decidueye\n|move|p2a: Tinkaton|Thunder Wave|p1a: Decidueye\n|-status|p1a: Decidueye|par\n|\n|upkeep\n|turn|7\n|\n|t:|1699894658\n|switch|p2a: Gliscor|Gliscor, M|100\/100\n|move|p1a: Decidueye|Sucker Punch||[still]\n|-fail|p1a: Decidueye\n|\n|-status|p2a: Gliscor|tox|[from] item: Toxic Orb\n|upkeep\n|turn|8\n|\n|t:|1699894667\n|switch|p1a: Drifblim|Drifblim, M, shiny|100\/100\n|-damage|p1a: Drifblim|76\/100|[from] Stealth Rock\n|move|p2a: Gliscor|Spikes|p1a: Drifblim\n|-sidestart|p1: HaxxorCat|Spikes\n|\n|-status|p1a: Drifblim|brn|[from] item: Flame Orb\n|upkeep\n|turn|9\n|\n|t:|1699894688\n|move|p2a: Gliscor|Protect|p2a: Gliscor\n|-singleturn|p2a: Gliscor|Protect\n|move|p1a: Drifblim|Defog|p2a: Gliscor\n|-activate|p2a: Gliscor|move: Protect\n|\n|-damage|p1a: Drifblim|69\/100 brn|[from] brn\n|upkeep\n|turn|10\n|\n|t:|1699894703\n|switch|p2a: Garganacl|Garganacl, F|100\/100\n|move|p1a: Drifblim|Shadow Ball|p2a: Garganacl\n|-damage|p2a: Garganacl|81\/100\n|-unboost|p2a: Garganacl|spd|1\n|\n|-heal|p2a: Garganacl|87\/100|[from] item: Leftovers\n|-damage|p1a: Drifblim|63\/100 brn|[from] brn\n|upkeep\n|turn|11\n|\n|t:|1699894714\n|move|p1a: Drifblim|Defog|p2a: Garganacl\n|-unboost|p2a: Garganacl|evasion|1\n|-sideend|p1: HaxxorCat|Spikes|[from] move: Defog|[of] p1a: Drifblim\n|-sideend|p1: HaxxorCat|Stealth Rock|[from] move: Defog|[of] p1a: Drifblim\n|move|p2a: Garganacl|Salt Cure|p1a: Drifblim\n|-supereffective|p1a: Drifblim\n|-damage|p1a: Drifblim|36\/100 brn\n|-start|p1a: Drifblim|Salt Cure\n|\n|-heal|p2a: Garganacl|94\/100|[from] item: Leftovers\n|-damage|p1a: Drifblim|30\/100 brn|[from] brn\n|-damage|p1a: Drifblim|17\/100 brn|[from] Salt Cure\n|upkeep\n|turn|12\n|inactive|xcvbreafdb has 120 seconds left.\n|\n|t:|1699894734\n|move|p1a: Drifblim|Tailwind|p1a: Drifblim\n|-sidestart|p1: HaxxorCat|move: Tailwind\n|move|p2a: Garganacl|Salt Cure|p1a: Drifblim\n|-supereffective|p1a: Drifblim\n|-damage|p1a: Drifblim|0 fnt\n|faint|p1a: Drifblim\n|\n|-heal|p2a: Garganacl|99\/100|[from] item: Leftovers\n|upkeep\n|\n|t:|1699894737\n|switch|p1a: Sinistcha|Sinistcha-Masterpiece, shiny|100\/100\n|turn|13\n|\n|t:|1699894744\n|switch|p2a: Tinkaton|Tinkaton, F|100\/100\n|-item|p2a: Tinkaton|Air Balloon\n|move|p1a: Sinistcha|Calm Mind|p1a: Sinistcha\n|-boost|p1a: Sinistcha|spa|1\n|-boost|p1a: Sinistcha|spd|1\n|\n|upkeep\n|turn|14\n|\n|t:|1699894752\n|move|p1a: Sinistcha|Scald|p2a: Tinkaton\n|-damage|p2a: Tinkaton|64\/100\n|-enditem|p2a: Tinkaton|Air Balloon\n|move|p2a: Tinkaton|Encore|p1a: Sinistcha\n|-start|p1a: Sinistcha|Encore\n|\n|upkeep\n|turn|15\n|\n|t:|1699894762\n|switch|p2a: Sinistcha|Sinistcha|100\/100\n|move|p1a: Sinistcha|Scald|p2a: Sinistcha\n|-resisted|p2a: Sinistcha\n|-damage|p2a: Sinistcha|77\/100\n|\n|-heal|p2a: Sinistcha|83\/100|[from] item: Leftovers\n|-sideend|p1: HaxxorCat|move: Tailwind\n|upkeep\n|turn|16\n|\n|t:|1699894774\n|switch|p1a: Decidueye|Decidueye, M, shiny|17\/100 par\n|move|p2a: Sinistcha|Shadow Ball|p1a: Decidueye\n|-supereffective|p1a: Decidueye\n|-damage|p1a: Decidueye|0 fnt\n|faint|p1a: Decidueye\n|\n|-heal|p2a: Sinistcha|89\/100|[from] item: Leftovers\n|upkeep\n|\n|t:|1699894779\n|switch|p1a: Banette|Banette, M, shiny|100\/100\n|turn|17\n|\n|t:|1699894788\n|switch|p2a: Garganacl|Garganacl, F|99\/100\n|detailschange|p1a: Banette|Banette-Mega, M, shiny\n|-mega|p1a: Banette|Banette|Banettite\n|move|p1a: Banette|Trick Room|p1a: Banette\n|-fieldstart|move: Trick Room|[of] p1a: Banette\n|\n|-heal|p2a: Garganacl|100\/100|[from] item: Leftovers\n|upkeep\n|turn|18\n|\n|t:|1699894796\n|move|p2a: Garganacl|Salt Cure|p1a: Banette\n|-damage|p1a: Banette|83\/100\n|-start|p1a: Banette|Salt Cure\n|move|p1a: Banette|Knock Off|p2a: Garganacl\n|-damage|p2a: Garganacl|71\/100\n|-enditem|p2a: Garganacl|Leftovers|[from] move: Knock Off|[of] p1a: Banette\n|\n|-damage|p1a: Banette|70\/100|[from] Salt Cure\n|upkeep\n|turn|19\n|\n|t:|1699894814\n|switch|p1a: Aegislash|Aegislash, M, shiny|100\/100\n|move|p2a: Garganacl|Recover|p2a: Garganacl\n|-heal|p2a: Garganacl|100\/100\n|\n|upkeep\n|turn|20\n|\n|t:|1699894823\n|-terastallize|p2a: Garganacl|Water\n|move|p2a: Garganacl|Salt Cure|p1a: Aegislash\n|-resisted|p1a: Aegislash\n|-crit|p1a: Aegislash\n|-damage|p1a: Aegislash|93\/100\n|-start|p1a: Aegislash|Salt Cure\n|move|p1a: Aegislash|Swords Dance|p1a: Aegislash\n|-boost|p1a: Aegislash|atk|2\n|\n|-heal|p1a: Aegislash|99\/100|[from] item: Leftovers\n|-damage|p1a: Aegislash|74\/100|[from] Salt Cure\n|upkeep\n|turn|21\n|\n|t:|1699894838\n|switch|p2a: Tinkaton|Tinkaton, F|64\/100\n|move|p1a: Aegislash|Swords Dance|p1a: Aegislash\n|-boost|p1a: Aegislash|atk|2\n|\n|-heal|p1a: Aegislash|80\/100|[from] item: Leftovers\n|-damage|p1a: Aegislash|55\/100|[from] Salt Cure\n|-fieldend|move: Trick Room\n|upkeep\n|turn|22\n|\n|t:|1699894852\n|move|p2a: Tinkaton|Encore|p1a: Aegislash\n|-start|p1a: Aegislash|Encore\n|move|p1a: Aegislash|Swords Dance|p1a: Aegislash\n|-boost|p1a: Aegislash|atk|2\n|\n|-heal|p1a: Aegislash|62\/100|[from] item: Leftovers\n|-damage|p1a: Aegislash|37\/100|[from] Salt Cure\n|upkeep\n|turn|23\n|c|\u2606HaxxorCat|Se fuder\n|c|\u2606HaxxorCat|Se mata filho da outa\n|c|\u2606xcvbreafdb|?\n|n|\u203dHaxxorCat|haxxorcat\n|c|&|\/log HaxxorCat was locked from talking by Artemis. (\u2606HaxxorCat: Se mata filho da outa)\n|c|&|\/raw <small>This action was done automatically. Want to learn more about the AI? <a href=\"https:\/\/www.smogon.com\/forums\/threads\/3570628\/#post-9056769\">Visit the information thread<\/a>.<\/small>\n|-message|HaxxorCat forfeited.\n|\n|win|xcvbreafdb\n|raw|HaxxorCat's rating: 1044 &rarr; <strong>1028<\/strong><br \/>(-16 for losing)\n|raw|xcvbreafdb's rating: 1053 &rarr; <strong>1084<\/strong><br \/>(+31 for winning)\n","uploadtime":1699894867,"views":4,"p1id":"haxxorcat","p2id":"xcvbreafdb","formatid":"gen9nationaldex","rating":1028,"private":0,"password":""}