{"id":"gen9nationaldex-2000222241","p1":"sgyyds","p2":"WhoisFranz","format":"[Gen 9] National Dex","log":"|html|<div class=\"broadcast-blue\"><strong>[Gen 9] National Dex is currently suspecting Sneasler! For information on how to participate check out the <a href=\"https:\/\/www.smogon.com\/forums\/threads\/sv-national-dex-suspect-8-just-dance.3731534\/\">suspect thread<\/a>.<\/strong><\/div>\n|j|\u2606sgyyds\n|j|\u2606WhoisFranz\n|t:|1701174134\n|gametype|singles\n|player|p1|sgyyds|lucas|1056\n|player|p2|WhoisFranz|unknown|1035\n|teamsize|p1|6\n|teamsize|p2|6\n|gen|9\n|tier|[Gen 9] National Dex\n|rated|\n|rule|HP Percentage Mod: HP is shown in percentages\n|rule|Endless Battle Clause: Forcing endless battles is banned\n|rule|OHKO Clause: OHKO moves are banned\n|rule|Evasion Clause: Evasion abilities, items, and moves are banned\n|rule|Evasion Abilities Clause: Evasion abilities are banned\n|rule|Evasion Items Clause: Evasion items are banned\n|rule|Evasion Moves Clause: Evasion moves are banned\n|rule|Species Clause: Limit one of each Pok\u00e9mon\n|rule|Sleep Clause Mod: Limit one foe put to sleep\n|clearpoke\n|poke|p1|Torkoal, F|\n|poke|p1|Snorlax, F|\n|poke|p1|Rotom-Wash|\n|poke|p1|Scyther, F|\n|poke|p1|Samurott-Hisui, M|\n|poke|p1|Meowscarada, M|\n|poke|p2|Garchomp, M|\n|poke|p2|Metagross|\n|poke|p2|Starmie|\n|poke|p2|Maushold-Four|\n|poke|p2|Heatran, M|\n|poke|p2|Nosepass, L1, F|\n|teampreview\n|inactive|Battle timer is ON: inactive players will automatically lose when time's up. (requested by WhoisFranz)\n|\n|t:|1701174141\n|start\n|switch|p1a: Scyther|Scyther, F|100\/100\n|switch|p2a: Heatran|Heatran, M, shiny|100\/100\n|-item|p2a: Heatran|Air Balloon\n|turn|1\n|\n|t:|1701174150\n|-terastallize|p1a: Scyther|Flying\n|move|p1a: Scyther|Swords Dance|p1a: Scyther\n|-boost|p1a: Scyther|atk|2\n|move|p2a: Heatran|Taunt|p1a: Scyther\n|-start|p1a: Scyther|move: Taunt\n|\n|upkeep\n|turn|2\n|\n|t:|1701174162\n|move|p1a: Scyther|Close Combat|p2a: Heatran\n|-supereffective|p2a: Heatran\n|-damage|p2a: Heatran|0 fnt\n|-unboost|p1a: Scyther|def|1\n|-unboost|p1a: Scyther|spd|1\n|-enditem|p2a: Heatran|Air Balloon\n|faint|p2a: Heatran\n|\n|upkeep\n|\n|t:|1701174171\n|switch|p2a: Nosepass|Nosepass, L1, F, shiny|100\/100\n|turn|3\n|\n|t:|1701174176\n|move|p1a: Scyther|Close Combat|p2a: Nosepass\n|-supereffective|p2a: Nosepass\n|-ability|p2a: Nosepass|Sturdy\n|-damage|p2a: Nosepass|10\/100\n|-unboost|p1a: Scyther|def|1\n|-unboost|p1a: Scyther|spd|1\n|-enditem|p2a: Nosepass|Berry Juice\n|-heal|p2a: Nosepass|100\/100|[from] item: Berry Juice\n|move|p2a: Nosepass|Toxic|p1a: Scyther\n|-status|p1a: Scyther|tox\n|\n|-damage|p1a: Scyther|94\/100 tox|[from] psn\n|upkeep\n|turn|4\n|\n|t:|1701174188\n|move|p1a: Scyther|Close Combat|p2a: Nosepass\n|-supereffective|p2a: Nosepass\n|-ability|p2a: Nosepass|Sturdy\n|-damage|p2a: Nosepass|10\/100\n|-unboost|p1a: Scyther|def|1\n|-unboost|p1a: Scyther|spd|1\n|move|p2a: Nosepass|Pain Split|p1a: Scyther\n|-sethp|p1a: Scyther|48\/100 tox|[from] move: Pain Split|[silent]\n|-sethp|p2a: Nosepass|100\/100|[from] move: Pain Split\n|\n|-damage|p1a: Scyther|35\/100 tox|[from] psn\n|-end|p1a: Scyther|move: Taunt\n|upkeep\n|turn|5\n|\n|t:|1701174200\n|move|p1a: Scyther|Swords Dance|p1a: Scyther\n|-boost|p1a: Scyther|atk|2\n|move|p2a: Nosepass|Pain Split|p1a: Scyther\n|-sethp|p1a: Scyther|20\/100 tox|[from] move: Pain Split|[silent]\n|-sethp|p2a: Nosepass|100\/100|[from] move: Pain Split\n|\n|-damage|p1a: Scyther|1\/100 tox|[from] psn\n|upkeep\n|turn|6\n|\n|t:|1701174209\n|move|p1a: Scyther|Close Combat|p2a: Nosepass\n|-supereffective|p2a: Nosepass\n|-ability|p2a: Nosepass|Sturdy\n|-damage|p2a: Nosepass|10\/100\n|-unboost|p1a: Scyther|def|1\n|-unboost|p1a: Scyther|spd|1\n|move|p2a: Nosepass|Pain Split|p1a: Scyther\n|-sethp|p1a: Scyther|1\/100 tox|[from] move: Pain Split|[silent]\n|-sethp|p2a: Nosepass|10\/100|[from] move: Pain Split\n|\n|-damage|p1a: Scyther|0 fnt|[from] psn\n|faint|p1a: Scyther\n|upkeep\n|\n|t:|1701174226\n|switch|p1a: Torkoal|Torkoal, F|100\/100\n|-weather|SunnyDay|[from] ability: Drought|[of] p1a: Torkoal\n|turn|7\n|\n|t:|1701174234\n|move|p1a: Torkoal|Lava Plume|p2a: Nosepass\n|-resisted|p2a: Nosepass\n|-damage|p2a: Nosepass|0 fnt\n|faint|p2a: Nosepass\n|\n|-weather|SunnyDay|[upkeep]\n|upkeep\n|\n|t:|1701174242\n|switch|p2a: Garchomp|Garchomp, M|100\/100\n|turn|8\n|\n|t:|1701174248\n|switch|p1a: Meowscarada|Meowscarada, M|100\/100\n|move|p2a: Garchomp|Swords Dance|p2a: Garchomp\n|-boost|p2a: Garchomp|atk|2\n|\n|-weather|SunnyDay|[upkeep]\n|upkeep\n|turn|9\n|\n|t:|1701174271\n|move|p1a: Meowscarada|Play Rough|p2a: Garchomp\n|-start|p1a: Meowscarada|typechange|Fairy|[from] ability: Protean\n|-supereffective|p2a: Garchomp\n|-damage|p2a: Garchomp|17\/100\n|-damage|p1a: Meowscarada|88\/100|[from] ability: Rough Skin|[of] p2a: Garchomp\n|move|p2a: Garchomp|Scale Shot|p1a: Meowscarada\n|-immune|p1a: Meowscarada\n|\n|-weather|SunnyDay|[upkeep]\n|upkeep\n|turn|10\n|\n|t:|1701174281\n|move|p1a: Meowscarada|Play Rough|p2a: Garchomp\n|-supereffective|p2a: Garchomp\n|-damage|p2a: Garchomp|0 fnt\n|-damage|p1a: Meowscarada|76\/100|[from] ability: Rough Skin|[of] p2a: Garchomp\n|faint|p2a: Garchomp\n|\n|-weather|SunnyDay|[upkeep]\n|upkeep\n|\n|t:|1701174292\n|switch|p2a: Metagross|Metagross, shiny|100\/100\n|turn|11\n|\n|t:|1701174295\n|switch|p1a: Torkoal|Torkoal, F|100\/100\n|move|p2a: Metagross|Gravity|p2a: Metagross\n|-fieldstart|move: Gravity\n|\n|-weather|none\n|upkeep\n|turn|12\n|\n|t:|1701174301\n|move|p2a: Metagross|Earthquake|p1a: Torkoal\n|-supereffective|p1a: Torkoal\n|-damage|p1a: Torkoal|58\/100\n|move|p1a: Torkoal|Lava Plume|p2a: Metagross\n|-supereffective|p2a: Metagross\n|-damage|p2a: Metagross|40\/100\n|-status|p2a: Metagross|brn\n|\n|-damage|p2a: Metagross|34\/100 brn|[from] brn\n|upkeep\n|turn|13\n|\n|t:|1701174310\n|move|p2a: Metagross|Earthquake|p1a: Torkoal\n|-supereffective|p1a: Torkoal\n|-damage|p1a: Torkoal|37\/100\n|move|p1a: Torkoal|Lava Plume|p2a: Metagross\n|-supereffective|p2a: Metagross\n|-damage|p2a: Metagross|0 fnt\n|faint|p2a: Metagross\n|\n|upkeep\n|\n|t:|1701174334\n|switch|p2a: Starmie|Starmie, shiny|100\/100\n|turn|14\n|\n|t:|1701174339\n|move|p2a: Starmie|Hydro Pump|p1a: Torkoal\n|-supereffective|p1a: Torkoal\n|-damage|p1a: Torkoal|0 fnt\n|faint|p1a: Torkoal\n|\n|upkeep\n|\n|t:|1701174344\n|switch|p1a: Meowscarada|Meowscarada, M|76\/100\n|turn|15\n|\n|t:|1701174349\n|move|p1a: Meowscarada|Flower Trick|p2a: Starmie\n|-start|p1a: Meowscarada|typechange|Grass|[from] ability: Protean\n|-supereffective|p2a: Starmie\n|-crit|p2a: Starmie\n|-damage|p2a: Starmie|0 fnt\n|faint|p2a: Starmie\n|\n|-fieldend|move: Gravity\n|upkeep\n|\n|t:|1701174356\n|switch|p2a: Maushold|Maushold-Four|100\/100\n|turn|16\n|\n|t:|1701174359\n|-terastallize|p2a: Maushold|Normal\n|move|p1a: Meowscarada|Flower Trick|p2a: Maushold\n|-crit|p2a: Maushold\n|-damage|p2a: Maushold|17\/100\n|move|p2a: Maushold|Population Bomb|p1a: Meowscarada\n|-damage|p1a: Meowscarada|60\/100\n|-damage|p1a: Meowscarada|44\/100\n|-damage|p1a: Meowscarada|28\/100\n|-damage|p1a: Meowscarada|14\/100\n|-hitcount|p1a: Meowscarada|4\n|\n|upkeep\n|turn|17\n|-message|WhoisFranz forfeited.\n|\n|win|sgyyds\n|raw|sgyyds's rating: 1056 &rarr; <strong>1086<\/strong><br \/>(+30 for winning)\n|raw|WhoisFranz's rating: 1035 &rarr; <strong>1021<\/strong><br \/>(-14 for losing)\n|l|\u2606WhoisFranz\n","uploadtime":1701174383,"views":11,"p1id":"sgyyds","p2id":"whoisfranz","formatid":"gen9nationaldex","rating":1021,"private":0,"password":""}