{"id":"gen9nationaldex-1995920609","p1":"Capnoob62087","p2":"Pikablue Fan","format":"[Gen 9] National Dex","log":"|html|<div class=\"broadcast-blue\"><strong>[Gen 9] National Dex is currently suspecting Sneasler! For information on how to participate check out the <a href=\"https:\/\/www.smogon.com\/forums\/threads\/sv-national-dex-suspect-8-just-dance.3731534\/\">suspect thread<\/a>.<\/strong><\/div>\n|j|\u2606Capnoob62087\n|j|\u2606Pikablue Fan\n|t:|1700617565\n|gametype|singles\n|player|p1|Capnoob62087|265|1121\n|player|p2|Pikablue Fan|gambler|1041\n|teamsize|p1|6\n|teamsize|p2|6\n|gen|9\n|tier|[Gen 9] National Dex\n|rated|\n|rule|HP Percentage Mod: HP is shown in percentages\n|rule|Endless Battle Clause: Forcing endless battles is banned\n|rule|OHKO Clause: OHKO moves are banned\n|rule|Evasion Clause: Evasion abilities, items, and moves are banned\n|rule|Evasion Abilities Clause: Evasion abilities are banned\n|rule|Evasion Items Clause: Evasion items are banned\n|rule|Evasion Moves Clause: Evasion moves are banned\n|rule|Species Clause: Limit one of each Pok\u00e9mon\n|rule|Sleep Clause Mod: Limit one foe put to sleep\n|clearpoke\n|poke|p1|Slowbro, F|\n|poke|p1|Charizard, F|\n|poke|p1|Nidoking, M|\n|poke|p1|Muk-Alola, M|\n|poke|p1|Pikachu, M|\n|poke|p1|Hitmonchan, M|\n|poke|p2|Galvantula, F|\n|poke|p2|Gyarados, F|\n|poke|p2|Salamence, M|\n|poke|p2|Urshifu-*, F|\n|poke|p2|Garganacl, M|\n|poke|p2|Toxapex, M|\n|teampreview\n|inactive|Battle timer is ON: inactive players will automatically lose when time's up. (requested by Pikablue Fan)\n|\n|t:|1700617572\n|start\n|switch|p1a: Pikachu|Pikachu, M|100\/100\n|switch|p2a: Galvantula|Galvantula, F|100\/100\n|turn|1\n|\n|t:|1700617586\n|move|p2a: Galvantula|Sticky Web|p1a: Pikachu\n|-sidestart|p1: Capnoob62087|move: Sticky Web\n|move|p1a: Pikachu|Trailblaze|p2a: Galvantula\n|-resisted|p2a: Galvantula\n|-damage|p2a: Galvantula|81\/100\n|-boost|p1a: Pikachu|spe|1\n|\n|upkeep\n|turn|2\n|\n|t:|1700617592\n|move|p1a: Pikachu|Trailblaze|p2a: Galvantula\n|-resisted|p2a: Galvantula\n|-damage|p2a: Galvantula|61\/100\n|-boost|p1a: Pikachu|spe|1\n|move|p2a: Galvantula|Bug Buzz|p1a: Pikachu\n|-damage|p1a: Pikachu|0 fnt\n|faint|p1a: Pikachu\n|\n|upkeep\n|\n|t:|1700617619\n|switch|p1a: Muk|Muk-Alola, M|100\/100\n|-activate|p1a: Muk|move: Sticky Web\n|-unboost|p1a: Muk|spe|1\n|turn|3\n|\n|t:|1700617631\n|move|p2a: Galvantula|Thunder|p1a: Muk\n|-damage|p1a: Muk|67\/100\n|move|p1a: Muk|Knock Off|p2a: Galvantula\n|-damage|p2a: Galvantula|0 fnt\n|-enditem|p2a: Galvantula|Focus Sash|[from] move: Knock Off|[of] p1a: Muk\n|faint|p2a: Galvantula\n|\n|-heal|p1a: Muk|73\/100|[from] item: Black Sludge\n|upkeep\n|\n|t:|1700617644\n|switch|p2a: Gyarados|Gyarados, F|100\/100\n|-ability|p2a: Gyarados|Intimidate|boost\n|-unboost|p1a: Muk|atk|1\n|turn|4\n|\n|t:|1700617649\n|switch|p1a: Slowbro|Slowbro, F|100\/100\n|-activate|p1a: Slowbro|move: Sticky Web\n|-unboost|p1a: Slowbro|spe|1\n|move|p2a: Gyarados|Dragon Dance|p2a: Gyarados\n|-boost|p2a: Gyarados|atk|1\n|-boost|p2a: Gyarados|spe|1\n|\n|upkeep\n|turn|5\n|\n|t:|1700617657\n|move|p2a: Gyarados|Crunch|p1a: Slowbro\n|-supereffective|p1a: Slowbro\n|-damage|p1a: Slowbro|50\/100\n|-damage|p2a: Gyarados|84\/100|[from] item: Rocky Helmet|[of] p1a: Slowbro\n|move|p1a: Slowbro|Thunder Wave|p2a: Gyarados\n|-status|p2a: Gyarados|par\n|\n|upkeep\n|turn|6\n|\n|t:|1700617669\n|switch|p1a: Muk|Muk-Alola, M|73\/100\n|-activate|p1a: Muk|move: Sticky Web\n|-unboost|p1a: Muk|spe|1\n|cant|p2a: Gyarados|par\n|\n|-heal|p1a: Muk|79\/100|[from] item: Black Sludge\n|upkeep\n|turn|7\n|\n|t:|1700617684\n|move|p2a: Gyarados|Waterfall|p1a: Muk\n|-crit|p1a: Muk\n|-damage|p1a: Muk|0 fnt\n|faint|p1a: Muk\n|\n|upkeep\n|\n|t:|1700617700\n|switch|p1a: Hitmonchan|Hitmonchan, M|100\/100\n|-activate|p1a: Hitmonchan|move: Sticky Web\n|-unboost|p1a: Hitmonchan|spe|1\n|turn|8\n|\n|t:|1700617709\n|move|p1a: Hitmonchan|Bullet Punch|p2a: Gyarados\n|-resisted|p2a: Gyarados\n|-damage|p2a: Gyarados|74\/100 par\n|move|p2a: Gyarados|Waterfall|p1a: Hitmonchan\n|-damage|p1a: Hitmonchan|4\/100\n|\n|upkeep\n|turn|9\n|\n|t:|1700617717\n|move|p2a: Gyarados|Waterfall|p1a: Hitmonchan\n|-damage|p1a: Hitmonchan|0 fnt\n|faint|p1a: Hitmonchan\n|\n|upkeep\n|\n|t:|1700617722\n|switch|p1a: Slowbro|Slowbro, F|83\/100\n|-activate|p1a: Slowbro|move: Sticky Web\n|-unboost|p1a: Slowbro|spe|1\n|turn|10\n|\n|t:|1700617728\n|move|p2a: Gyarados|Dragon Dance|p2a: Gyarados\n|-boost|p2a: Gyarados|atk|1\n|-boost|p2a: Gyarados|spe|1\n|move|p1a: Slowbro|Future Sight|p2a: Gyarados\n|-start|p1a: Slowbro|move: Future Sight\n|\n|upkeep\n|turn|11\n|\n|t:|1700617733\n|move|p2a: Gyarados|Dragon Dance|p2a: Gyarados\n|-boost|p2a: Gyarados|atk|1\n|-boost|p2a: Gyarados|spe|1\n|move|p1a: Slowbro|Teleport|p1a: Slowbro\n|\n|t:|1700617737\n|switch|p1a: Nidoking|Nidoking, M|100\/100|[from] Teleport\n|-activate|p1a: Nidoking|move: Sticky Web\n|-unboost|p1a: Nidoking|spe|1\n|\n|upkeep\n|turn|12\n|\n|t:|1700617745\n|move|p2a: Gyarados|Waterfall|p1a: Nidoking\n|-supereffective|p1a: Nidoking\n|-damage|p1a: Nidoking|0 fnt\n|faint|p1a: Nidoking\n|\n|-end|p2a: Gyarados|move: Future Sight\n|-damage|p2a: Gyarados|32\/100 par\n|upkeep\n|\n|t:|1700617754\n|switch|p1a: Slowbro|Slowbro, F|100\/100\n|-activate|p1a: Slowbro|move: Sticky Web\n|-unboost|p1a: Slowbro|spe|1\n|turn|13\n|\n|t:|1700617758\n|move|p2a: Gyarados|Crunch|p1a: Slowbro\n|-supereffective|p1a: Slowbro\n|-damage|p1a: Slowbro|20\/100\n|-damage|p2a: Gyarados|16\/100 par|[from] item: Rocky Helmet|[of] p1a: Slowbro\n|move|p1a: Slowbro|Future Sight|p2a: Gyarados\n|-start|p1a: Slowbro|move: Future Sight\n|\n|upkeep\n|turn|14\n|\n|t:|1700617767\n|cant|p2a: Gyarados|par\n|move|p1a: Slowbro|Teleport|p1a: Slowbro\n|\n|t:|1700617770\n|switch|p1a: Charizard|Charizard, F|100\/100|[from] Teleport\n|\n|upkeep\n|turn|15\n|\n|t:|1700617780\n|move|p1a: Charizard|Outrage|p2a: Gyarados\n|-damage|p2a: Gyarados|0 fnt\n|faint|p2a: Gyarados\n|\n|-hint|Future Sight did not hit because the target is fainted.\n|upkeep\n|\n|t:|1700617786\n|switch|p2a: Urshifu|Urshifu-Rapid-Strike, F|100\/100\n|turn|16\n|\n|t:|1700617795\n|move|p2a: Urshifu|Surging Strikes|p1a: Charizard\n|-supereffective|p1a: Charizard\n|-crit|p1a: Charizard\n|-damage|p1a: Charizard|47\/100\n|-supereffective|p1a: Charizard\n|-crit|p1a: Charizard\n|-damage|p1a: Charizard|0 fnt\n|faint|p1a: Charizard\n|-hitcount|p1: Charizard|2\n|\n|upkeep\n|\n|t:|1700617801\n|switch|p1a: Slowbro|Slowbro, F|53\/100\n|-activate|p1a: Slowbro|move: Sticky Web\n|-unboost|p1a: Slowbro|spe|1\n|turn|17\n|\n|t:|1700617807\n|switch|p2a: Toxapex|Toxapex, M|100\/100\n|move|p1a: Slowbro|Scald|p2a: Toxapex\n|-resisted|p2a: Toxapex\n|-damage|p2a: Toxapex|90\/100\n|-status|p2a: Toxapex|brn\n|\n|-heal|p2a: Toxapex|96\/100 brn|[from] item: Black Sludge\n|-damage|p2a: Toxapex|90\/100 brn|[from] brn\n|upkeep\n|turn|18\n|\n|t:|1700617818\n|move|p2a: Toxapex|Toxic|p1a: Slowbro\n|-status|p1a: Slowbro|tox\n|move|p1a: Slowbro|Future Sight|p2a: Toxapex\n|-start|p1a: Slowbro|move: Future Sight\n|\n|-heal|p2a: Toxapex|96\/100 brn|[from] item: Black Sludge\n|-damage|p1a: Slowbro|47\/100 tox|[from] psn\n|-damage|p2a: Toxapex|90\/100 brn|[from] brn\n|upkeep\n|turn|19\n|\n|t:|1700617829\n|move|p2a: Toxapex|Knock Off|p1a: Slowbro\n|-supereffective|p1a: Slowbro\n|-damage|p1a: Slowbro|39\/100 tox\n|-damage|p2a: Toxapex|73\/100 brn|[from] item: Rocky Helmet|[of] p1a: Slowbro\n|-enditem|p1a: Slowbro|Rocky Helmet|[from] move: Knock Off|[of] p2a: Toxapex\n|move|p1a: Slowbro|Scald|p2a: Toxapex\n|-resisted|p2a: Toxapex\n|-damage|p2a: Toxapex|62\/100 brn\n|\n|-heal|p2a: Toxapex|67\/100 brn|[from] item: Black Sludge\n|-damage|p1a: Slowbro|26\/100 tox|[from] psn\n|-damage|p2a: Toxapex|62\/100 brn|[from] brn\n|upkeep\n|turn|20\n|\n|t:|1700617841\n|move|p2a: Toxapex|Recover|p2a: Toxapex\n|-heal|p2a: Toxapex|100\/100 brn\n|move|p1a: Slowbro|Scald|p2a: Toxapex\n|-resisted|p2a: Toxapex\n|-damage|p2a: Toxapex|89\/100 brn\n|\n|-end|p2a: Toxapex|move: Future Sight\n|-supereffective|p2a: Toxapex\n|-damage|p2a: Toxapex|18\/100 brn\n|-heal|p2a: Toxapex|24\/100 brn|[from] item: Black Sludge\n|-damage|p1a: Slowbro|8\/100 tox|[from] psn\n|-damage|p2a: Toxapex|18\/100 brn|[from] brn\n|upkeep\n|turn|21\n|\n|t:|1700617853\n|move|p2a: Toxapex|Baneful Bunker|p2a: Toxapex\n|-singleturn|p2a: Toxapex|move: Protect\n|move|p1a: Slowbro|Future Sight|p2a: Toxapex\n|-start|p1a: Slowbro|move: Future Sight\n|\n|-heal|p2a: Toxapex|24\/100 brn|[from] item: Black Sludge\n|-damage|p1a: Slowbro|0 fnt|[from] psn\n|faint|p1a: Slowbro\n|\n|win|Pikablue Fan\n|upkeep\n|raw|Capnoob62087's rating: 1121 &rarr; <strong>1090<\/strong><br \/>(-31 for losing)\n|raw|Pikablue Fan's rating: 1041 &rarr; <strong>1083<\/strong><br \/>(+42 for winning)\n|c|\u2606Pikablue Fan|gg\\\n","uploadtime":1700617866,"views":0,"p1id":"capnoob62087","p2id":"pikabluefan","formatid":"gen9nationaldex","rating":1083,"private":0,"password":""}