{"id":"gen9nationaldex-1987655051","p1":"Andrews Finn3","p2":"angzilovefansher","format":"[Gen 9] National Dex","log":"|j|\u2606Andrews Finn3\n|j|\u2606angzilovefansher\n|t:|1699624492\n|gametype|singles\n|player|p1|Andrews Finn3|steven|1315\n|player|p2|angzilovefansher|norman|1297\n|teamsize|p1|6\n|teamsize|p2|6\n|gen|9\n|tier|[Gen 9] National Dex\n|rated|\n|rule|HP Percentage Mod: HP is shown in percentages\n|rule|Endless Battle Clause: Forcing endless battles is banned\n|rule|OHKO Clause: OHKO moves are banned\n|rule|Evasion Clause: Evasion abilities, items, and moves are banned\n|rule|Evasion Abilities Clause: Evasion abilities are banned\n|rule|Evasion Items Clause: Evasion items are banned\n|rule|Evasion Moves Clause: Evasion moves are banned\n|rule|Species Clause: Limit one of each Pok\u00e9mon\n|rule|Sleep Clause Mod: Limit one foe put to sleep\n|clearpoke\n|poke|p1|Kartana|\n|poke|p1|Volcarona, M|\n|poke|p1|Samurott-Hisui, F|\n|poke|p1|Iron Valiant|\n|poke|p1|Tapu Lele|\n|poke|p1|Landorus-Therian, M|\n|poke|p2|Ursaluna, M|\n|poke|p2|Farigiraf, M|\n|poke|p2|Exploud, F|\n|poke|p2|Ditto|\n|poke|p2|Audino, M|\n|poke|p2|Cinccino, M|\n|teampreview\n|\n|t:|1699624501\n|start\n|switch|p1a: Samurott|Samurott-Hisui, F|100\/100\n|switch|p2a: Audino|Audino, M|100\/100\n|turn|1\n|\n|t:|1699624514\n|move|p1a: Samurott|Ceaseless Edge|p2a: Audino\n|-damage|p2a: Audino|66\/100\n|-sidestart|p2: angzilovefansher|Spikes\n|move|p2a: Audino|Toxic|p1a: Samurott\n|-status|p1a: Samurott|tox\n|\n|-damage|p1a: Samurott|94\/100 tox|[from] psn\n|upkeep\n|turn|2\n|\n|t:|1699624521\n|detailschange|p2a: Audino|Audino-Mega, M\n|-mega|p2a: Audino|Audino|Audinite\n|move|p1a: Samurott|Ceaseless Edge|p2a: Audino\n|-resisted|p2a: Audino\n|-damage|p2a: Audino|53\/100\n|-sidestart|p2: angzilovefansher|Spikes\n|move|p2a: Audino|Trick Room|p2a: Audino\n|-fieldstart|move: Trick Room|[of] p2a: Audino\n|\n|-damage|p1a: Samurott|82\/100 tox|[from] psn\n|upkeep\n|turn|3\n|\n|t:|1699624533\n|switch|p2a: Ursaluna|Ursaluna, M|100\/100\n|-damage|p2a: Ursaluna|84\/100|[from] Spikes\n|move|p1a: Samurott|Ceaseless Edge|p2a: Ursaluna\n|-damage|p2a: Ursaluna|54\/100\n|-sidestart|p2: angzilovefansher|Spikes\n|\n|-damage|p1a: Samurott|63\/100 tox|[from] psn\n|-status|p2a: Ursaluna|brn|[from] item: Flame Orb\n|upkeep\n|turn|4\n|\n|t:|1699624541\n|move|p1a: Samurott|Sucker Punch|p2a: Ursaluna\n|-damage|p2a: Ursaluna|32\/100 brn\n|move|p2a: Ursaluna|Drain Punch|p1a: Samurott\n|-supereffective|p1a: Samurott\n|-damage|p1a: Samurott|0 fnt\n|-heal|p2a: Ursaluna|54\/100 brn|[from] drain|[of] p1a: Samurott\n|faint|p1a: Samurott\n|\n|-damage|p2a: Ursaluna|48\/100 brn|[from] brn\n|upkeep\n|\n|t:|1699624559\n|switch|p1a: Kartana|Kartana|100\/100\n|turn|5\n|inactive|Battle timer is ON: inactive players will automatically lose when time's up. (requested by angzilovefansher)\n|\n|t:|1699624563\n|switch|p1a: Landorus|Landorus-Therian, M|100\/100\n|-ability|p1a: Landorus|Intimidate|boost\n|-unboost|p2a: Ursaluna|atk|1\n|move|p2a: Ursaluna|Drain Punch|p1a: Landorus\n|-resisted|p1a: Landorus\n|-damage|p1a: Landorus|83\/100\n|-heal|p2a: Ursaluna|54\/100 brn|[from] drain|[of] p1a: Landorus\n|\n|-damage|p2a: Ursaluna|48\/100 brn|[from] brn\n|upkeep\n|turn|6\n|\n|t:|1699624590\n|switch|p1a: Kartana|Kartana|100\/100\n|move|p2a: Ursaluna|Facade|p1a: Kartana\n|-resisted|p1a: Kartana\n|-damage|p1a: Kartana|64\/100\n|\n|-damage|p2a: Ursaluna|42\/100 brn|[from] brn\n|-fieldend|move: Trick Room\n|upkeep\n|turn|7\n|inactive|angzilovefansher has 120 seconds left.\n|\n|t:|1699624631\n|switch|p2a: Farigiraf|Farigiraf, M|100\/100\n|-damage|p2a: Farigiraf|75\/100|[from] Spikes\n|move|p1a: Kartana|Sacred Sword|p2a: Farigiraf\n|-damage|p2a: Farigiraf|33\/100\n|-damage|p1a: Kartana|55\/100|[from] item: Life Orb\n|\n|upkeep\n|turn|8\n|\n|t:|1699624644\n|move|p1a: Kartana|Knock Off|p2a: Farigiraf\n|-supereffective|p2a: Farigiraf\n|-damage|p2a: Farigiraf|0 fnt\n|-enditem|p2a: Farigiraf|Light Clay|[from] move: Knock Off|[of] p1a: Kartana\n|faint|p2a: Farigiraf\n|-ability|p1a: Kartana|Beast Boost|boost\n|-boost|p1a: Kartana|spe|1\n|-damage|p1a: Kartana|45\/100|[from] item: Life Orb\n|\n|upkeep\n|\n|t:|1699624651\n|switch|p2a: Cinccino|Cinccino, M|100\/100\n|-damage|p2a: Cinccino|76\/100|[from] Spikes\n|turn|9\n|-message|angzilovefansher forfeited.\n|\n|win|Andrews Finn3\n|raw|Andrews Finn3's rating: 1315 &rarr; <strong>1334<\/strong><br \/>(+19 for winning)\n|raw|angzilovefansher's rating: 1297 &rarr; <strong>1273<\/strong><br \/>(-24 for losing)\n|l|\u2606angzilovefansher\n","uploadtime":1699624665,"views":4,"p1id":"andrewsfinn3","p2id":"angzilovefansher","formatid":"gen9nationaldex","rating":1273,"private":0,"password":""}