{"id":"gen9nationaldex-1999763171","p1":"Kurenaiwing","p2":"lakechu","format":"[Gen 9] National Dex","log":"|html|<div class=\"broadcast-blue\"><strong>[Gen 9] National Dex is currently suspecting Sneasler! For information on how to participate check out the <a href=\"https:\/\/www.smogon.com\/forums\/threads\/sv-national-dex-suspect-8-just-dance.3731534\/\">suspect thread<\/a>.<\/strong><\/div>\n|j|\u2606Kurenaiwing\n|j|\u2606lakechu\n|t:|1701114487\n|gametype|singles\n|player|p1|Kurenaiwing|pokemonrangerf-gen4|1345\n|player|p2|lakechu|266|1453\n|teamsize|p1|6\n|teamsize|p2|6\n|gen|9\n|tier|[Gen 9] National Dex\n|rated|\n|rule|HP Percentage Mod: HP is shown in percentages\n|rule|Endless Battle Clause: Forcing endless battles is banned\n|rule|OHKO Clause: OHKO moves are banned\n|rule|Evasion Clause: Evasion abilities, items, and moves are banned\n|rule|Evasion Abilities Clause: Evasion abilities are banned\n|rule|Evasion Items Clause: Evasion items are banned\n|rule|Evasion Moves Clause: Evasion moves are banned\n|rule|Species Clause: Limit one of each Pok\u00e9mon\n|rule|Sleep Clause Mod: Limit one foe put to sleep\n|clearpoke\n|poke|p1|Chandelure, M|\n|poke|p1|Mawile, F|\n|poke|p1|Meowscarada, M|\n|poke|p1|Rotom-Wash|\n|poke|p1|Ninetales-Alola, F|\n|poke|p1|Landorus-Therian, M|\n|poke|p2|Ceruledge, F|\n|poke|p2|Braviary-Hisui, M|\n|poke|p2|Ferrothorn, M|\n|poke|p2|Pikachu, F|\n|poke|p2|Garganacl, M|\n|poke|p2|Absol, M|\n|teampreview\n|inactive|Battle timer is ON: inactive players will automatically lose when time's up. (requested by lakechu)\n|\n|t:|1701114506\n|start\n|switch|p1a: Chandelure|Chandelure, M|100\/100\n|switch|p2a: Pikachu|Pikachu, F|100\/100\n|turn|1\n|\n|t:|1701114517\n|move|p1a: Chandelure|Trick|p2a: Pikachu\n|-activate|p1a: Chandelure|move: Trick|[of] p2a: Pikachu\n|-item|p2a: Pikachu|Choice Scarf|[from] move: Trick\n|-item|p1a: Chandelure|Light Ball|[from] move: Trick\n|move|p2a: Pikachu|Knock Off|p1a: Chandelure\n|-supereffective|p1a: Chandelure\n|-damage|p1a: Chandelure|44\/100\n|-enditem|p1a: Chandelure|Light Ball|[from] move: Knock Off|[of] p2a: Pikachu\n|\n|upkeep\n|turn|2\n|\n|t:|1701114540\n|switch|p2a: Garganacl|Garganacl, M|100\/100\n|switch|p1a: Mawile|Mawile, F|100\/100\n|-ability|p1a: Mawile|Intimidate|boost\n|-unboost|p2a: Garganacl|atk|1\n|\n|upkeep\n|turn|3\n|\n|t:|1701114552\n|detailschange|p1a: Mawile|Mawile-Mega, F\n|-mega|p1a: Mawile|Mawile|Mawilite\n|move|p1a: Mawile|Iron Head|p2a: Garganacl\n|-supereffective|p2a: Garganacl\n|-damage|p2a: Garganacl|0 fnt\n|faint|p2a: Garganacl\n|\n|upkeep\n|\n|t:|1701114566\n|switch|p2a: \u4e00\u5200\u65a9|Ceruledge, F|100\/100\n|turn|4\n|\n|t:|1701114576\n|switch|p1a: Landorus|Landorus-Therian, M|100\/100\n|-ability|p1a: Landorus|Intimidate|boost\n|-unboost|p2a: \u4e00\u5200\u65a9|atk|1\n|move|p2a: \u4e00\u5200\u65a9|Bitter Blade|p1a: Landorus\n|-damage|p1a: Landorus|64\/100\n|\n|upkeep\n|turn|5\n|\n|t:|1701114587\n|switch|p2a: Braviary|Braviary-Hisui, M, shiny|100\/100\n|move|p1a: Landorus|Stealth Rock|p2a: Braviary\n|-sidestart|p2: lakechu|move: Stealth Rock\n|\n|upkeep\n|turn|6\n|\n|t:|1701114594\n|move|p2a: Braviary|Agility|p2a: Braviary\n|-boost|p2a: Braviary|spe|2\n|move|p1a: Landorus|Explosion|p2a: Braviary\n|-damage|p2a: Braviary|0 fnt\n|faint|p1a: Landorus\n|faint|p2a: Braviary\n|\n|upkeep\n|\n|t:|1701114609\n|switch|p2a: Ferrothorn|Ferrothorn, M|100\/100\n|switch|p1a: Rotom|Rotom-Wash|100\/100\n|-damage|p2a: Ferrothorn|94\/100|[from] Stealth Rock\n|turn|7\n|\n|t:|1701114617\n|move|p1a: Rotom|Will-O-Wisp|p2a: Ferrothorn\n|-status|p2a: Ferrothorn|brn\n|move|p2a: Ferrothorn|Stealth Rock|p1a: Rotom\n|-sidestart|p1: Kurenaiwing|move: Stealth Rock\n|\n|-damage|p2a: Ferrothorn|88\/100 brn|[from] brn\n|upkeep\n|turn|8\n|\n|t:|1701114627\n|move|p1a: Rotom|Volt Switch|p2a: Ferrothorn\n|-resisted|p2a: Ferrothorn\n|-damage|p2a: Ferrothorn|78\/100 brn\n|\n|t:|1701114631\n|switch|p1a: Meowscarada|Meowscarada, M|100\/100|[from] Volt Switch\n|-damage|p1a: Meowscarada|88\/100|[from] Stealth Rock\n|move|p2a: Ferrothorn|Leech Seed|p1a: Meowscarada\n|-immune|p1a: Meowscarada\n|\n|-damage|p2a: Ferrothorn|72\/100 brn|[from] brn\n|upkeep\n|turn|9\n|\n|t:|1701114641\n|switch|p2a: Pikachu|Pikachu, F|100\/100\n|-damage|p2a: Pikachu|88\/100|[from] Stealth Rock\n|move|p1a: Meowscarada|Knock Off|p2a: Pikachu\n|-start|p1a: Meowscarada|typechange|Dark|[from] ability: Protean\n|-damage|p2a: Pikachu|0 fnt\n|-enditem|p2a: Pikachu|Choice Scarf|[from] move: Knock Off|[of] p1a: Meowscarada\n|faint|p2a: Pikachu\n|\n|upkeep\n|\n|t:|1701114650\n|switch|p2a: \u4e00\u5200\u65a9|Ceruledge, F|100\/100\n|-damage|p2a: \u4e00\u5200\u65a9|75\/100|[from] Stealth Rock\n|turn|10\n|\n|t:|1701114662\n|move|p2a: \u4e00\u5200\u65a9|Endure|p2a: \u4e00\u5200\u65a9\n|-singleturn|p2a: \u4e00\u5200\u65a9|move: Endure\n|move|p1a: Meowscarada|Knock Off|p2a: \u4e00\u5200\u65a9\n|-supereffective|p2a: \u4e00\u5200\u65a9\n|-activate|p2a: \u4e00\u5200\u65a9|move: Endure\n|-damage|p2a: \u4e00\u5200\u65a9|1\/100\n|-ability|p2a: \u4e00\u5200\u65a9|Weak Armor|boost\n|-unboost|p2a: \u4e00\u5200\u65a9|def|1\n|-boost|p2a: \u4e00\u5200\u65a9|spe|2\n|-enditem|p2a: \u4e00\u5200\u65a9|Weakness Policy\n|-boost|p2a: \u4e00\u5200\u65a9|atk|2|[from] item: Weakness Policy\n|-boost|p2a: \u4e00\u5200\u65a9|spa|2|[from] item: Weakness Policy\n|\n|upkeep\n|turn|11\n|\n|t:|1701114683\n|switch|p1a: Chandelure|Chandelure, M|44\/100\n|-damage|p1a: Chandelure|19\/100|[from] Stealth Rock\n|move|p2a: \u4e00\u5200\u65a9|Bitter Blade|p1a: Chandelure\n|-start|p1a: Chandelure|ability: Flash Fire\n|\n|upkeep\n|turn|12\n|\n|t:|1701114694\n|move|p2a: \u4e00\u5200\u65a9|Shadow Sneak|p1a: Chandelure\n|-supereffective|p1a: Chandelure\n|-damage|p1a: Chandelure|0 fnt\n|faint|p1a: Chandelure\n|\n|upkeep\n|\n|t:|1701114698\n|switch|p1a: Mawile|Mawile-Mega, F|100\/100\n|-damage|p1a: Mawile|94\/100|[from] Stealth Rock\n|turn|13\n|\n|t:|1701114703\n|move|p2a: \u4e00\u5200\u65a9|Endure|p2a: \u4e00\u5200\u65a9\n|-singleturn|p2a: \u4e00\u5200\u65a9|move: Endure\n|move|p1a: Mawile|Sucker Punch||[still]\n|-fail|p1a: Mawile\n|\n|upkeep\n|turn|14\n|\n|t:|1701114712\n|move|p2a: \u4e00\u5200\u65a9|Shadow Sneak|p1a: Mawile\n|-damage|p1a: Mawile|54\/100\n|move|p1a: Mawile|Sucker Punch||[still]\n|-fail|p1a: Mawile\n|\n|upkeep\n|turn|15\n|\n|t:|1701114723\n|move|p2a: \u4e00\u5200\u65a9|Endure|p2a: \u4e00\u5200\u65a9\n|-singleturn|p2a: \u4e00\u5200\u65a9|move: Endure\n|move|p1a: Mawile|Sucker Punch||[still]\n|-fail|p1a: Mawile\n|\n|upkeep\n|turn|16\n|\n|t:|1701114732\n|move|p2a: \u4e00\u5200\u65a9|Shadow Sneak|p1a: Mawile\n|-damage|p1a: Mawile|13\/100\n|move|p1a: Mawile|Sucker Punch||[still]\n|-fail|p1a: Mawile\n|\n|upkeep\n|turn|17\n|\n|t:|1701114743\n|move|p2a: \u4e00\u5200\u65a9|Shadow Sneak|p1a: Mawile\n|-damage|p1a: Mawile|0 fnt\n|faint|p1a: Mawile\n|\n|upkeep\n|\n|t:|1701114747\n|switch|p1a: Rotom|Rotom-Wash|100\/100\n|-damage|p1a: Rotom|88\/100|[from] Stealth Rock\n|turn|18\n|\n|t:|1701114752\n|move|p2a: \u4e00\u5200\u65a9|Poltergeist|p1a: Rotom\n|-activate|p1a: Rotom|move: Poltergeist|Leftovers\n|-damage|p1a: Rotom|0 fnt\n|faint|p1a: Rotom\n|\n|upkeep\n|\n|t:|1701114762\n|switch|p1a: Ninetales|Ninetales-Alola, F|100\/100\n|-damage|p1a: Ninetales|76\/100|[from] Stealth Rock\n|-weather|Snow|[from] ability: Snow Warning|[of] p1a: Ninetales\n|turn|19\n|\n|t:|1701114775\n|-terastallize|p1a: Ninetales|Water\n|move|p2a: \u4e00\u5200\u65a9|Bitter Blade|p1a: Ninetales\n|-resisted|p1a: Ninetales\n|-damage|p1a: Ninetales|0 fnt\n|-heal|p2a: \u4e00\u5200\u65a9|38\/100|[from] drain|[of] p1a: Ninetales\n|faint|p1a: Ninetales\n|\n|-weather|Snow|[upkeep]\n|upkeep\n|-message|Kurenaiwing forfeited.\n|\n|win|lakechu\n|raw|Kurenaiwing's rating: 1345 &rarr; <strong>1331<\/strong><br \/>(-14 for losing)\n|raw|lakechu's rating: 1453 &rarr; <strong>1467<\/strong><br \/>(+14 for winning)\n|l|\u2606Kurenaiwing\n","uploadtime":1701114792,"views":2,"p1id":"kurenaiwing","p2id":"lakechu","formatid":"gen9nationaldex","rating":1331,"private":0,"password":""}