{"id":"gen9nationaldex-1990808774","p1":"el Cicero","p2":"torkoal da ravina","format":"[Gen 9] National Dex","log":"|j|\u2606el Cicero\n|j|\u2606torkoal da ravina\n|t:|1700002986\n|gametype|singles\n|player|p1|el Cicero|ethan|1029\n|player|p2|torkoal da ravina|lance|1091\n|teamsize|p1|6\n|teamsize|p2|6\n|gen|9\n|tier|[Gen 9] National Dex\n|rated|\n|rule|HP Percentage Mod: HP is shown in percentages\n|rule|Endless Battle Clause: Forcing endless battles is banned\n|rule|OHKO Clause: OHKO moves are banned\n|rule|Evasion Clause: Evasion abilities, items, and moves are banned\n|rule|Evasion Abilities Clause: Evasion abilities are banned\n|rule|Evasion Items Clause: Evasion items are banned\n|rule|Evasion Moves Clause: Evasion moves are banned\n|rule|Species Clause: Limit one of each Pok\u00e9mon\n|rule|Sleep Clause Mod: Limit one foe put to sleep\n|clearpoke\n|poke|p1|Charizard, M|\n|poke|p1|Magnezone|\n|poke|p1|Meowscarada, F|\n|poke|p1|Urshifu-*, F|\n|poke|p1|Eelektross, M|\n|poke|p1|Iron Valiant|\n|poke|p2|Glaceon, M|\n|poke|p2|Sylveon, M|\n|poke|p2|Espeon, M|\n|poke|p2|Umbreon, M|\n|poke|p2|Leafeon, F|\n|poke|p2|Jolteon, M|\n|teampreview\n|\n|t:|1700003007\n|start\n|switch|p1a: Eelektross|Eelektross, M|100\/100\n|switch|p2a: Jolteon|Jolteon, M, shiny|100\/100\n|turn|1\n|\n|t:|1700003016\n|move|p2a: Jolteon|Volt Switch|p1a: Eelektross\n|-resisted|p1a: Eelektross\n|-damage|p1a: Eelektross|81\/100\n|\n|t:|1700003029\n|switch|p2a: Umbreon|Umbreon, M, shiny|100\/100|[from] Volt Switch\n|move|p1a: Eelektross|Close Combat|p2a: Umbreon\n|-supereffective|p2a: Umbreon\n|-damage|p2a: Umbreon|36\/100\n|-unboost|p1a: Eelektross|def|1\n|-unboost|p1a: Eelektross|spd|1\n|\n|-heal|p2a: Umbreon|42\/100|[from] item: Leftovers\n|upkeep\n|turn|2\n|\n|t:|1700003042\n|move|p2a: Umbreon|Protect|p2a: Umbreon\n|-singleturn|p2a: Umbreon|Protect\n|move|p1a: Eelektross|Close Combat|p2a: Umbreon\n|-activate|p2a: Umbreon|move: Protect\n|\n|-heal|p2a: Umbreon|48\/100|[from] item: Leftovers\n|upkeep\n|turn|3\n|\n|t:|1700003062\n|move|p2a: Umbreon|Protect||[still]\n|-fail|p2a: Umbreon\n|move|p1a: Eelektross|Close Combat|p2a: Umbreon\n|-supereffective|p2a: Umbreon\n|-damage|p2a: Umbreon|0 fnt\n|-unboost|p1a: Eelektross|def|1\n|-unboost|p1a: Eelektross|spd|1\n|faint|p2a: Umbreon\n|\n|upkeep\n|\n|t:|1700003070\n|switch|p2a: Espeon|Espeon, M, shiny|100\/100\n|turn|4\n|\n|t:|1700003082\n|move|p2a: Espeon|Psychic|p1a: Eelektross\n|-damage|p1a: Eelektross|0 fnt\n|faint|p1a: Eelektross\n|\n|upkeep\n|\n|t:|1700003092\n|switch|p1a: Meowscarada|Meowscarada, F|100\/100\n|turn|5\n|\n|t:|1700003098\n|-terastallize|p2a: Espeon|Fairy\n|move|p2a: Espeon|Tera Blast|p1a: Meowscarada|[anim] Tera Blast Fairy\n|-supereffective|p1a: Meowscarada\n|-damage|p1a: Meowscarada|0 fnt\n|faint|p1a: Meowscarada\n|\n|upkeep\n|\n|t:|1700003106\n|switch|p1a: Magnezone|Magnezone|100\/100\n|-item|p1a: Magnezone|Air Balloon\n|turn|6\n|\n|t:|1700003117\n|move|p2a: Espeon|Psychic|p1a: Magnezone\n|-resisted|p1a: Magnezone\n|-damage|p1a: Magnezone|77\/100\n|-enditem|p1a: Magnezone|Air Balloon\n|move|p1a: Magnezone|Steel Roller||[still]\n|-fail|p1a: Magnezone\n|\n|upkeep\n|turn|7\n|\n|t:|1700003135\n|switch|p2a: Leafeon|Leafeon, F, shiny|100\/100\n|move|p1a: Magnezone|Hidden Power|p2a: Leafeon\n|-supereffective|p2a: Leafeon\n|-crit|p2a: Leafeon\n|-damage|p2a: Leafeon|13\/100\n|\n|upkeep\n|turn|8\n|\n|t:|1700003143\n|move|p2a: Leafeon|Leaf Blade|p1a: Magnezone\n|-resisted|p1a: Magnezone\n|-damage|p1a: Magnezone|56\/100\n|move|p1a: Magnezone|Hidden Power|p2a: Leafeon\n|-supereffective|p2a: Leafeon\n|-damage|p2a: Leafeon|0 fnt\n|faint|p2a: Leafeon\n|\n|upkeep\n|\n|t:|1700003159\n|switch|p2a: Jolteon|Jolteon, M, shiny|100\/100\n|turn|9\n|\n|t:|1700003174\n|move|p2a: Jolteon|Volt Switch|p1a: Magnezone\n|-resisted|p1a: Magnezone\n|-damage|p1a: Magnezone|32\/100\n|\n|t:|1700003180\n|switch|p2a: Sylveon|Sylveon, M, shiny|100\/100|[from] Volt Switch\n|move|p1a: Magnezone|Signal Beam|p2a: Sylveon\n|-resisted|p2a: Sylveon\n|-damage|p2a: Sylveon|95\/100\n|\n|-heal|p2a: Sylveon|100\/100|[from] item: Leftovers\n|upkeep\n|turn|10\n|\n|t:|1700003192\n|move|p2a: Sylveon|Yawn|p1a: Magnezone\n|-start|p1a: Magnezone|move: Yawn|[of] p2a: Sylveon\n|move|p1a: Magnezone|Hidden Power|p2a: Sylveon\n|-damage|p2a: Sylveon|91\/100\n|\n|-heal|p2a: Sylveon|97\/100|[from] item: Leftovers\n|upkeep\n|turn|11\n|\n|t:|1700003210\n|move|p2a: Sylveon|Hyper Voice|p1a: Magnezone\n|-resisted|p1a: Magnezone\n|-damage|p1a: Magnezone|13\/100\n|move|p1a: Magnezone|Hidden Power|p2a: Sylveon\n|-damage|p2a: Sylveon|89\/100\n|\n|-heal|p2a: Sylveon|95\/100|[from] item: Leftovers\n|-end|p1a: Magnezone|move: Yawn|[silent]\n|-status|p1a: Magnezone|slp\n|upkeep\n|turn|12\n|\n|t:|1700003225\n|switch|p2a: Jolteon|Jolteon, M, shiny|100\/100\n|cant|p1a: Magnezone|slp\n|\n|upkeep\n|turn|13\n|\n|t:|1700003236\n|move|p2a: Jolteon|Volt Switch|p1a: Magnezone\n|-resisted|p1a: Magnezone\n|-damage|p1a: Magnezone|0 fnt\n|faint|p1a: Magnezone\n|\n|t:|1700003245\n|switch|p2a: Sylveon|Sylveon, M, shiny|95\/100|[from] Volt Switch\n|\n|-heal|p2a: Sylveon|100\/100|[from] item: Leftovers\n|upkeep\n|\n|t:|1700003256\n|switch|p1a: Iron Valiant|Iron Valiant|100\/100\n|turn|14\n|\n|t:|1700003266\n|move|p1a: Iron Valiant|Poison Jab|p2a: Sylveon\n|-supereffective|p2a: Sylveon\n|-damage|p2a: Sylveon|41\/100\n|move|p2a: Sylveon|Hyper Voice|p1a: Iron Valiant\n|-supereffective|p1a: Iron Valiant\n|-damage|p1a: Iron Valiant|22\/100\n|\n|-heal|p2a: Sylveon|47\/100|[from] item: Leftovers\n|upkeep\n|turn|15\n|\n|t:|1700003277\n|move|p2a: Sylveon|Protect|p2a: Sylveon\n|-singleturn|p2a: Sylveon|Protect\n|move|p1a: Iron Valiant|Poison Jab|p2a: Sylveon\n|-activate|p2a: Sylveon|move: Protect\n|\n|-heal|p2a: Sylveon|53\/100|[from] item: Leftovers\n|upkeep\n|turn|16\n|\n|t:|1700003289\n|move|p1a: Iron Valiant|Poison Jab|p2a: Sylveon\n|-supereffective|p2a: Sylveon\n|-damage|p2a: Sylveon|0 fnt\n|faint|p2a: Sylveon\n|\n|upkeep\n|\n|t:|1700003294\n|switch|p2a: Jolteon|Jolteon, M, shiny|100\/100\n|turn|17\n|\n|t:|1700003304\n|move|p2a: Jolteon|Volt Switch|p1a: Iron Valiant\n|-damage|p1a: Iron Valiant|0 fnt\n|faint|p1a: Iron Valiant\n|-end|p1a: Iron Valiant|Quark Drive|[silent]\n|\n|t:|1700003318\n|switch|p2a: Espeon|Espeon, M, shiny, tera:Fairy|100\/100|[from] Volt Switch\n|\n|upkeep\n|\n|t:|1700003325\n|switch|p1a: Charizard|Charizard, M|100\/100\n|turn|18\n|\n|t:|1700003331\n|detailschange|p1a: Charizard|Charizard-Mega-Y, M\n|-mega|p1a: Charizard|Charizard|Charizardite Y\n|-weather|SunnyDay|[from] ability: Drought|[of] p1a: Charizard\n|move|p2a: Espeon|Psychic|p1a: Charizard\n|-damage|p1a: Charizard|51\/100\n|move|p1a: Charizard|Flamethrower|p2a: Espeon\n|-damage|p2a: Espeon|0 fnt\n|faint|p2a: Espeon\n|\n|-weather|SunnyDay|[upkeep]\n|upkeep\n|\n|t:|1700003339\n|switch|p2a: Jolteon|Jolteon, M, shiny|100\/100\n|turn|19\n|\n|t:|1700003346\n|move|p2a: Jolteon|Volt Switch|p1a: Charizard\n|-supereffective|p1a: Charizard\n|-crit|p1a: Charizard\n|-damage|p1a: Charizard|0 fnt\n|faint|p1a: Charizard\n|\n|t:|1700003350\n|switch|p2a: Glaceon|Glaceon, M, shiny|100\/100|[from] Volt Switch\n|\n|-weather|SunnyDay|[upkeep]\n|upkeep\n|\n|t:|1700003357\n|switch|p1a: Urshifu|Urshifu-Rapid-Strike, F|100\/100\n|turn|20\n|\n|t:|1700003365\n|move|p1a: Urshifu|Drain Punch|p2a: Glaceon\n|-supereffective|p2a: Glaceon\n|-damage|p2a: Glaceon|48\/100\n|move|p2a: Glaceon|Freeze-Dry|p1a: Urshifu\n|-supereffective|p1a: Urshifu\n|-damage|p1a: Urshifu|10\/100\n|\n|-weather|SunnyDay|[upkeep]\n|upkeep\n|turn|21\n|\n|t:|1700003378\n|move|p2a: Glaceon|Protect|p2a: Glaceon\n|-singleturn|p2a: Glaceon|Protect\n|move|p1a: Urshifu|Drain Punch|p2a: Glaceon\n|-supereffective|p2a: Glaceon\n|-damage|p2a: Glaceon|0 fnt\n|-heal|p1a: Urshifu|34\/100|[from] drain|[of] p2a: Glaceon\n|faint|p2a: Glaceon\n|\n|-weather|SunnyDay|[upkeep]\n|upkeep\n|\n|t:|1700003385\n|switch|p2a: Jolteon|Jolteon, M, shiny|100\/100\n|turn|22\n|\n|t:|1700003401\n|move|p2a: Jolteon|Volt Switch|p1a: Urshifu\n|-supereffective|p1a: Urshifu\n|-damage|p1a: Urshifu|0 fnt\n|faint|p1a: Urshifu\n|\n|win|torkoal da ravina\n|raw|el Cicero's rating: 1029 &rarr; <strong>1017<\/strong><br \/>(-12 for losing)\n|raw|torkoal da ravina's rating: 1091 &rarr; <strong>1113<\/strong><br \/>(+22 for winning)\n|l|\u2606el Cicero\n","uploadtime":1700003412,"views":25,"p1id":"elcicero","p2id":"torkoaldaravina","formatid":"gen9nationaldex","rating":1017,"private":0,"password":""}