{"id":"gen9nationaldex-1994601304","p1":"GymLeaderSurge2023","p2":"pricicle","format":"[Gen 9] National Dex","log":"|html|<div class=\"broadcast-blue\"><strong>[Gen 9] National Dex is currently suspecting Sneasler! For information on how to participate check out the <a href=\"https:\/\/www.smogon.com\/forums\/threads\/sv-national-dex-suspect-8-just-dance.3731534\/\">suspect thread<\/a>.<\/strong><\/div>\n|j|\u2606GymLeaderSurge2023\n|j|\u2606pricicle\n|t:|1700467411\n|gametype|singles\n|player|p1|GymLeaderSurge2023|ltsurge|\n|player|p2|pricicle|101|\n|teamsize|p1|6\n|teamsize|p2|6\n|gen|9\n|tier|[Gen 9] National Dex\n|rule|HP Percentage Mod: HP is shown in percentages\n|rule|Endless Battle Clause: Forcing endless battles is banned\n|rule|OHKO Clause: OHKO moves are banned\n|rule|Evasion Clause: Evasion abilities, items, and moves are banned\n|rule|Evasion Abilities Clause: Evasion abilities are banned\n|rule|Evasion Items Clause: Evasion items are banned\n|rule|Evasion Moves Clause: Evasion moves are banned\n|rule|Species Clause: Limit one of each Pok\u00e9mon\n|rule|Sleep Clause Mod: Limit one foe put to sleep\n|clearpoke\n|poke|p1|Tapu Koko|\n|poke|p1|Raichu-Alola, F|\n|poke|p1|Manectric, F|\n|poke|p1|Iron Valiant|\n|poke|p1|Iron Treads|\n|poke|p1|Sandy Shocks|\n|poke|p2|Dondozo, F|\n|poke|p2|Mienshao, M|\n|poke|p2|Okidogi, M|\n|poke|p2|Typhlosion-Hisui, M|\n|poke|p2|Florges, F|\n|poke|p2|Noivern, F|\n|teampreview\n|inactive|Battle timer is ON: inactive players will automatically lose when time's up. (requested by GymLeaderSurge2023)\n|\n|t:|1700467468\n|start\n|switch|p1a: Tapu Koko|Tapu Koko, shiny|100\/100\n|switch|p2a: Okidogi|Okidogi, M|100\/100\n|-fieldstart|move: Electric Terrain|[from] ability: Electric Surge|[of] p1a: Tapu Koko\n|turn|1\n|j| Fairy Mercedes\n|inactive|pricicle has 270 seconds left.\n|\n|t:|1700467506\n|switch|p2a: Mienshao|Mienshao, M|100\/100\n|move|p1a: Tapu Koko|U-turn|p2a: Mienshao\n|-resisted|p2a: Mienshao\n|-damage|p2a: Mienshao|83\/100\n|inactive|GymLeaderSurge2023 has 270 seconds left.\n|\n|t:|1700467530\n|switch|p1a: Iron Valiant|Iron Valiant|100\/100|[from] U-turn\n|-activate|p1a: Iron Valiant|ability: Quark Drive\n|-start|p1a: Iron Valiant|quarkdrivespe\n|\n|upkeep\n|turn|2\n|\n|t:|1700467540\n|move|p1a: Iron Valiant|Moonblast|p2a: Mienshao\n|-supereffective|p2a: Mienshao\n|-damage|p2a: Mienshao|0 fnt\n|faint|p2a: Mienshao\n|-damage|p1a: Iron Valiant|91\/100|[from] item: Life Orb\n|\n|upkeep\n|inactive|pricicle has 270 seconds left.\n|\n|t:|1700467560\n|switch|p2a: Noivern|Noivern, F|100\/100\n|-item|p1a: Iron Valiant|Life Orb|[from] ability: Frisk|[of] p2a: Noivern|[identify]\n|turn|3\n|inactive|pricicle has 270 seconds left.\n|\n|t:|1700467565\n|move|p1a: Iron Valiant|Moonblast|p2a: Noivern\n|-supereffective|p2a: Noivern\n|-damage|p2a: Noivern|0 fnt\n|faint|p2a: Noivern\n|-damage|p1a: Iron Valiant|81\/100|[from] item: Life Orb\n|\n|upkeep\n|inactive|pricicle has 270 seconds left.\n|inactive|pricicle has 240 seconds left.\n|\n|t:|1700467602\n|switch|p2a: Dondozo|Dondozo, F|100\/100\n|turn|4\n|inactive|pricicle has 240 seconds left.\n|\n|t:|1700467618\n|move|p1a: Iron Valiant|Thunderbolt|p2a: Dondozo\n|-supereffective|p2a: Dondozo\n|-damage|p2a: Dondozo|32\/100\n|-damage|p1a: Iron Valiant|71\/100|[from] item: Life Orb\n|move|p2a: Dondozo|Wave Crash|p1a: Iron Valiant\n|-damage|p1a: Iron Valiant|0 fnt\n|faint|p1a: Iron Valiant\n|-end|p1a: Iron Valiant|Quark Drive|[silent]\n|-damage|p2a: Dondozo|19\/100|[from] Recoil\n|\n|upkeep\n|\n|t:|1700467622\n|switch|p1a: Raichu|Raichu-Alola, F, shiny|100\/100\n|turn|5\n|inactive|pricicle has 240 seconds left.\n|\n|t:|1700467640\n|move|p1a: Raichu|Electro Ball|p2a: Dondozo\n|-supereffective|p2a: Dondozo\n|-damage|p2a: Dondozo|0 fnt\n|faint|p2a: Dondozo\n|\n|upkeep\n|\n|t:|1700467660\n|switch|p2a: Okidogi|Okidogi, M|100\/100\n|turn|6\n|\n|t:|1700467673\n|-zpower|p1a: Raichu\n|move|p1a: Raichu|Shattered Psyche|p2a: Okidogi|[zeffect]\n|-supereffective|p2a: Okidogi\n|-damage|p2a: Okidogi|0 fnt\n|faint|p2a: Okidogi\n|\n|upkeep\n|\n|t:|1700467685\n|switch|p2a: Typhlosion|Typhlosion-Hisui, M|100\/100\n|turn|7\n|\n|t:|1700467712\n|switch|p1a: Sandy Shocks|Sandy Shocks|100\/100\n|-enditem|p1a: Sandy Shocks|Booster Energy\n|-activate|p1a: Sandy Shocks|ability: Protosynthesis|[fromitem]\n|-start|p1a: Sandy Shocks|protosynthesisspe\n|move|p2a: Typhlosion|Earthquake|p1a: Sandy Shocks\n|-supereffective|p1a: Sandy Shocks\n|-damage|p1a: Sandy Shocks|58\/100\n|\n|upkeep\n|turn|8\n|inactive|pricicle has 240 seconds left.\n|\n|t:|1700467739\n|move|p1a: Sandy Shocks|Earth Power|p2a: Typhlosion\n|-supereffective|p2a: Typhlosion\n|-damage|p2a: Typhlosion|0 fnt\n|faint|p2a: Typhlosion\n|\n|-fieldend|move: Electric Terrain\n|upkeep\n|\n|t:|1700467745\n|switch|p2a: Florges|Florges, F|100\/100\n|turn|9\n|\n|t:|1700467755\n|move|p1a: Sandy Shocks|Earth Power|p2a: Florges\n|-damage|p2a: Florges|65\/100\n|move|p2a: Florges|Moonblast|p1a: Sandy Shocks\n|-damage|p1a: Sandy Shocks|0 fnt\n|faint|p1a: Sandy Shocks\n|-end|p1a: Sandy Shocks|Protosynthesis|[silent]\n|\n|upkeep\n|\n|t:|1700467758\n|switch|p1a: Iron Treads|Iron Treads|100\/100\n|turn|10\n|inactive|pricicle has 240 seconds left.\n|\n|t:|1700467777\n|move|p1a: Iron Treads|Steel Beam|p2a: Florges\n|-supereffective|p2a: Florges\n|-damage|p2a: Florges|0 fnt\n|-damage|p1a: Iron Treads|50\/100|[from] steelbeam\n|faint|p2a: Florges\n|\n|win|GymLeaderSurge2023\n","uploadtime":1700467782,"views":5,"p1id":"gymleadersurge2023","p2id":"pricicle","formatid":"gen9nationaldex","rating":0,"private":0,"password":""}