{"id":"gen9nationaldex-1989752177","p1":"Shuvam124","p2":"GoldShocker","format":"[Gen 9] National Dex","log":"|j|\u2606Shuvam124\n|j|\u2606GoldShocker\n|t:|1699892725\n|gametype|singles\n|player|p1|Shuvam124|steven|\n|player|p2|GoldShocker|policeman-gen4|\n|teamsize|p1|6\n|teamsize|p2|6\n|gen|9\n|tier|[Gen 9] National Dex\n|rule|HP Percentage Mod: HP is shown in percentages\n|rule|Endless Battle Clause: Forcing endless battles is banned\n|rule|OHKO Clause: OHKO moves are banned\n|rule|Evasion Clause: Evasion abilities, items, and moves are banned\n|rule|Evasion Abilities Clause: Evasion abilities are banned\n|rule|Evasion Items Clause: Evasion items are banned\n|rule|Evasion Moves Clause: Evasion moves are banned\n|rule|Species Clause: Limit one of each Pok\u00e9mon\n|rule|Sleep Clause Mod: Limit one foe put to sleep\n|clearpoke\n|poke|p1|Ninetales-Alola, M|\n|poke|p1|Arctozolt|\n|poke|p1|Walrein, F|\n|poke|p1|Garganacl, F|\n|poke|p1|Kyurem|\n|poke|p1|Sandslash-Alola, F|\n|poke|p2|Garchomp, M|\n|poke|p2|Cinderace, M|\n|poke|p2|Pelipper, M|\n|poke|p2|Swampert, M|\n|poke|p2|Dragonite, M|\n|poke|p2|Urshifu-*, M|\n|teampreview\n|\n|t:|1699892740\n|start\n|switch|p1a: Ninetales|Ninetales-Alola, M|100\/100\n|switch|p2a: Pelipper|Pelipper, M|100\/100\n|-weather|Snow|[from] ability: Snow Warning|[of] p1a: Ninetales\n|-weather|RainDance|[from] ability: Drizzle|[of] p2a: Pelipper\n|turn|1\n|\n|t:|1699892757\n|move|p1a: Ninetales|Aurora Veil||[still]\n|-fail|p1a: Ninetales\n|move|p2a: Pelipper|Hurricane|p1a: Ninetales\n|-damage|p1a: Ninetales|65\/100\n|\n|-weather|RainDance|[upkeep]\n|upkeep\n|turn|2\n|\n|t:|1699892778\n|move|p1a: Ninetales|Freeze-Dry|p2a: Pelipper\n|-supereffective|p2a: Pelipper\n|-damage|p2a: Pelipper|0 fnt\n|faint|p2a: Pelipper\n|\n|-weather|RainDance|[upkeep]\n|upkeep\n|\n|t:|1699892794\n|switch|p2a: Cinderace|Cinderace, M|100\/100\n|turn|3\n|\n|t:|1699892800\n|switch|p1a: Garganacl|Garganacl, F|100\/100\n|move|p2a: Cinderace|Pyro Ball|p1a: Garganacl\n|-resisted|p1a: Garganacl\n|-crit|p1a: Garganacl\n|-damage|p1a: Garganacl|90\/100\n|\n|-weather|RainDance|[upkeep]\n|upkeep\n|turn|4\n|\n|t:|1699892807\n|move|p2a: Cinderace|High Jump Kick|p1a: Garganacl\n|-supereffective|p1a: Garganacl\n|-damage|p1a: Garganacl|46\/100\n|move|p1a: Garganacl|Salt Cure|p2a: Cinderace\n|-supereffective|p2a: Cinderace\n|-damage|p2a: Cinderace|61\/100\n|-start|p2a: Cinderace|Salt Cure\n|\n|-weather|RainDance|[upkeep]\n|-damage|p2a: Cinderace|48\/100|[from] Salt Cure\n|upkeep\n|turn|5\n|j| h1rsfr\n|j| Gaurav Charizard x\n|\n|t:|1699892822\n|move|p2a: Cinderace|High Jump Kick|p1a: Garganacl\n|-supereffective|p1a: Garganacl\n|-damage|p1a: Garganacl|4\/100\n|-enditem|p1a: Garganacl|Aguav Berry|[eat]\n|-heal|p1a: Garganacl|37\/100|[from] item: Aguav Berry\n|move|p1a: Garganacl|Earth Power|p2a: Cinderace\n|-supereffective|p2a: Cinderace\n|-damage|p2a: Cinderace|14\/100\n|\n|-weather|RainDance|[upkeep]\n|-damage|p2a: Cinderace|1\/100|[from] Salt Cure\n|upkeep\n|turn|6\n|c| h1rsfr|Aukat dikhadi\n|\n|t:|1699892838\n|move|p2a: Cinderace|High Jump Kick|p1a: Garganacl\n|-supereffective|p1a: Garganacl\n|-damage|p1a: Garganacl|0 fnt\n|faint|p1a: Garganacl\n|\n|-weather|RainDance|[upkeep]\n|-damage|p2a: Cinderace|0 fnt|[from] Salt Cure\n|faint|p2a: Cinderace\n|upkeep\n|c| h1rsfr|Yep\n|c| h1rsfr|Good\n|\n|t:|1699892846\n|switch|p2a: Garchomp|Garchomp, M|100\/100\n|switch|p1a: Ninetales|Ninetales-Alola, M|65\/100\n|-weather|Snow|[from] ability: Snow Warning|[of] p1a: Ninetales\n|turn|7\n|\n|t:|1699892855\n|switch|p2a: Swampert|Swampert, M|100\/100\n|move|p1a: Ninetales|Freeze-Dry|p2a: Swampert\n|-supereffective|p2a: Swampert\n|-damage|p2a: Swampert|2\/100\n|\n|-weather|Snow|[upkeep]\n|upkeep\n|turn|8\n|j| Blazzeon\n|c| Blazzeon|Tru h\n|\n|t:|1699892864\n|detailschange|p2a: Swampert|Swampert-Mega, M\n|-mega|p2a: Swampert|Swampert|Swampertite\n|move|p1a: Ninetales|Freeze-Dry|p2a: Swampert\n|-supereffective|p2a: Swampert\n|-damage|p2a: Swampert|0 fnt\n|faint|p2a: Swampert\n|\n|-weather|Snow|[upkeep]\n|upkeep\n|c| h1rsfr|Abe ni\n|\n|t:|1699892869\n|switch|p2a: Urshifu|Urshifu-Rapid-Strike, M|100\/100\n|turn|9\n|c| h1rsfr|Are glt kia\n|c| Blazzeon|Are\n|j| Kartik thats it\n|\n|t:|1699892881\n|move|p2a: Urshifu|Surging Strikes|p1a: Ninetales\n|-crit|p1a: Ninetales\n|-damage|p1a: Ninetales|50\/100\n|-crit|p1a: Ninetales\n|-damage|p1a: Ninetales|33\/100\n|-crit|p1a: Ninetales\n|-damage|p1a: Ninetales|16\/100\n|-hitcount|p1a: Ninetales|3\n|move|p1a: Ninetales|Freeze-Dry|p2a: Urshifu\n|-supereffective|p2a: Urshifu\n|-damage|p2a: Urshifu|41\/100\n|\n|-weather|Snow|[upkeep]\n|upkeep\n|turn|10\n|c| Kartik thats it|Yay\n|c| h1rsfr|Aurora veil se phele 9tails mardo bhai vrna dikkat hoga\n|c| h1rsfr|Yes do it\n|\n|t:|1699892907\n|switch|p1a: Walrein|Walrein, F|100\/100\n|move|p2a: Urshifu|Surging Strikes|p1a: Walrein\n|-resisted|p1a: Walrein\n|-crit|p1a: Walrein\n|-damage|p1a: Walrein|95\/100\n|-resisted|p1a: Walrein\n|-crit|p1a: Walrein\n|-damage|p1a: Walrein|88\/100\n|-resisted|p1a: Walrein\n|-crit|p1a: Walrein\n|-damage|p1a: Walrein|83\/100\n|-hitcount|p1a: Walrein|3\n|\n|-weather|Snow|[upkeep]\n|-heal|p1a: Walrein|89\/100|[from] ability: Ice Body\n|-heal|p1a: Walrein|95\/100|[from] item: Leftovers\n|upkeep\n|turn|11\n|c| h1rsfr|Surgin strikes one more\n|c| h1rsfr|Fuk ab kro fighting move koi\n|\n|t:|1699892928\n|-terastallize|p2a: Urshifu|Water\n|move|p2a: Urshifu|Surging Strikes|p1a: Walrein\n|-resisted|p1a: Walrein\n|-crit|p1a: Walrein\n|-damage|p1a: Walrein|87\/100\n|-resisted|p1a: Walrein\n|-crit|p1a: Walrein\n|-damage|p1a: Walrein|79\/100\n|-resisted|p1a: Walrein\n|-crit|p1a: Walrein\n|-damage|p1a: Walrein|70\/100\n|-hitcount|p1a: Walrein|3\n|move|p1a: Walrein|Ice Beam|p2a: Urshifu\n|-resisted|p2a: Urshifu\n|-damage|p2a: Urshifu|20\/100\n|\n|-weather|Snow|[upkeep]\n|-heal|p1a: Walrein|76\/100|[from] ability: Ice Body\n|-heal|p1a: Walrein|83\/100|[from] item: Leftovers\n|upkeep\n|turn|12\n|c| Blazzeon|....\n|c| h1rsfr|Glt krdia\n|c| Gaurav Charizard x|\ud83d\udc80\ud83d\udc80\n|c| h1rsfr|Fighting move kro\n|c| Blazzeon|Fighting move ni h kya\n|c| Kartik thats it|Fighting move\n|c| Kartik thats it|Cc\n|c|\u2606GoldShocker|choice scarf\n|\n|t:|1699892956\n|move|p2a: Urshifu|Surging Strikes|p1a: Walrein\n|-resisted|p1a: Walrein\n|-crit|p1a: Walrein\n|-damage|p1a: Walrein|75\/100\n|-resisted|p1a: Walrein\n|-crit|p1a: Walrein\n|-damage|p1a: Walrein|68\/100\n|-resisted|p1a: Walrein\n|-crit|p1a: Walrein\n|-damage|p1a: Walrein|61\/100\n|-hitcount|p1a: Walrein|3\n|move|p1a: Walrein|Toxic|p2a: Urshifu|[miss]\n|-miss|p1a: Walrein|p2a: Urshifu\n|\n|-weather|Snow|[upkeep]\n|-heal|p1a: Walrein|67\/100|[from] ability: Ice Body\n|-heal|p1a: Walrein|73\/100|[from] item: Leftovers\n|upkeep\n|turn|13\n|c| Blazzeon|Switch\n|c| h1rsfr|Switch ktlo\n|\n|t:|1699892971\n|switch|p2a: Garchomp|Garchomp, M|100\/100\n|move|p1a: Walrein|Super Fang|p2a: Garchomp\n|-damage|p2a: Garchomp|51\/100\n|-damage|p1a: Walrein|60\/100|[from] ability: Rough Skin|[of] p2a: Garchomp\n|\n|-weather|Snow|[upkeep]\n|-heal|p1a: Walrein|67\/100|[from] ability: Ice Body\n|-heal|p1a: Walrein|73\/100|[from] item: Leftovers\n|upkeep\n|turn|14\n|c| Blazzeon|Urshifu hi kuch krskta h\n|c| h1rsfr|Yep\n|c| Blazzeon|Swagger\n|c| h1rsfr|Swagger\n|\n|t:|1699892987\n|move|p2a: Garchomp|Swagger|p1a: Walrein\n|-boost|p1a: Walrein|atk|2\n|-enditem|p2a: Garchomp|Mirror Herb\n|-boost|p2a: Garchomp|atk|2|[from] item: Mirror Herb\n|-start|p1a: Walrein|confusion\n|-activate|p1a: Walrein|confusion\n|move|p1a: Walrein|Ice Beam|p2a: Garchomp\n|-supereffective|p2a: Garchomp\n|-damage|p2a: Garchomp|0 fnt\n|faint|p2a: Garchomp\n|\n|-weather|none\n|-heal|p1a: Walrein|79\/100|[from] item: Leftovers\n|upkeep\n|c| Blazzeon|Bc\n|\n|t:|1699892998\n|switch|p2a: Dragonite|Dragonite, M|100\/100\n|turn|15\n|c|\u2606Shuvam124|Haha Lol\n|c| Blazzeon|Luck iska\n|\n|t:|1699893002\n|-zpower|p2a: Dragonite\n|move|p2a: Dragonite|Devastating Drake|p1a: Walrein|[zeffect]\n|-damage|p1a: Walrein|5\/100\n|-activate|p1a: Walrein|confusion\n|move|p1a: Walrein|Ice Beam|p2a: Dragonite\n|-supereffective|p2a: Dragonite\n|-damage|p2a: Dragonite|35\/100\n|\n|-heal|p1a: Walrein|11\/100|[from] item: Leftovers\n|upkeep\n|turn|16\n|c| h1rsfr|Ex speed\n|c| Blazzeon|Confuse ni hua\n|\n|t:|1699893015\n|move|p2a: Dragonite|Extreme Speed|p1a: Walrein\n|-damage|p1a: Walrein|0 fnt\n|faint|p1a: Walrein\n|\n|upkeep\n|c| Blazzeon|Luck h\n|\n|t:|1699893019\n|switch|p1a: Ninetales|Ninetales-Alola, M|16\/100\n|-weather|Snow|[from] ability: Snow Warning|[of] p1a: Ninetales\n|turn|17\n|c| Blazzeon|Ex speed\n|\n|t:|1699893023\n|move|p2a: Dragonite|Extreme Speed|p1a: Ninetales\n|-damage|p1a: Ninetales|0 fnt\n|faint|p1a: Ninetales\n|\n|-weather|Snow|[upkeep]\n|upkeep\n|c| h1rsfr|Ex speed\n|c| h1rsfr|Nice\n|\n|t:|1699893029\n|switch|p1a: Arctozolt|Arctozolt|100\/100\n|turn|18\n|c| Kartik thats it|Yay\n|c| Blazzeon|Ex speed\n|\n|t:|1699893038\n|move|p1a: Arctozolt|Bolt Beak|p2a: Dragonite\n|-damage|p2a: Dragonite|0 fnt\n|faint|p2a: Dragonite\n|\n|-weather|Snow|[upkeep]\n|upkeep\n|\n|t:|1699893043\n|switch|p2a: Urshifu|Urshifu-Rapid-Strike, M, tera:Water|20\/100\n|turn|19\n|c| Blazzeon|?\ud83d\uddff\n|\n|t:|1699893049\n|move|p1a: Arctozolt|Bolt Beak|p2a: Urshifu\n|-supereffective|p2a: Urshifu\n|-damage|p2a: Urshifu|0 fnt\n|faint|p2a: Urshifu\n|\n|win|Shuvam124\n","uploadtime":1699893056,"views":8,"p1id":"shuvam124","p2id":"goldshocker","formatid":"gen9nationaldex","rating":0,"private":0,"password":""}