{"id":"gen9nationaldex-1987143184","p1":"isaacC306","p2":"babbona","format":"[Gen 9] National Dex","log":"|j|\u2606isaacC306\n|j|\u2606babbona\n|t:|1699559642\n|gametype|singles\n|player|p1|isaacC306|cyclist-gen4|1063\n|player|p2|babbona|ghetsis-gen5bw|1132\n|teamsize|p1|6\n|teamsize|p2|6\n|gen|9\n|tier|[Gen 9] National Dex\n|rated|\n|rule|HP Percentage Mod: HP is shown in percentages\n|rule|Endless Battle Clause: Forcing endless battles is banned\n|rule|OHKO Clause: OHKO moves are banned\n|rule|Evasion Clause: Evasion abilities, items, and moves are banned\n|rule|Evasion Abilities Clause: Evasion abilities are banned\n|rule|Evasion Items Clause: Evasion items are banned\n|rule|Evasion Moves Clause: Evasion moves are banned\n|rule|Species Clause: Limit one of each Pok\u00e9mon\n|rule|Sleep Clause Mod: Limit one foe put to sleep\n|clearpoke\n|poke|p1|Umbreon, F|\n|poke|p1|Porygon-Z|\n|poke|p1|Aegislash, M|\n|poke|p1|Aggron, F|\n|poke|p1|Mudsdale, M|\n|poke|p1|Talonflame, M|\n|poke|p2|Hawlucha, M|\n|poke|p2|Ribombee, F|\n|poke|p2|Charizard, M|\n|poke|p2|Volcarona, F|\n|poke|p2|Heatran, M|\n|poke|p2|Clefable, M|\n|teampreview\n|inactive|Battle timer is ON: inactive players will automatically lose when time's up. (requested by isaacC306)\n|\n|t:|1699559646\n|start\n|switch|p1a: Aggron|Aggron, F|100\/100\n|switch|p2a: Polly|Ribombee, F|100\/100\n|turn|1\n|\n|t:|1699559652\n|move|p2a: Polly|Sticky Web|p1a: Aggron\n|-sidestart|p1: isaacC306|move: Sticky Web\n|move|p1a: Aggron|Stealth Rock|p2a: Polly\n|-sidestart|p2: babbona|move: Stealth Rock\n|\n|upkeep\n|turn|2\n|\n|t:|1699559655\n|move|p2a: Polly|Stun Spore|p1a: Aggron\n|-status|p1a: Aggron|par\n|move|p1a: Aggron|Head Smash|p2a: Polly|[miss]\n|-miss|p1a: Aggron|p2a: Polly\n|\n|upkeep\n|turn|3\n|\n|t:|1699559661\n|move|p2a: Polly|Tailwind|p2a: Polly\n|-sidestart|p2: babbona|move: Tailwind\n|move|p1a: Aggron|Head Smash|p2a: Polly\n|-supereffective|p2a: Polly\n|-enditem|p2a: Polly|Focus Sash\n|-damage|p2a: Polly|1\/100\n|\n|upkeep\n|turn|4\n|\n|t:|1699559666\n|move|p2a: Polly|U-turn|p1a: Aggron\n|-resisted|p1a: Aggron\n|-damage|p1a: Aggron|96\/100 par\n|\n|t:|1699559673\n|switch|p2a: Kirby|Clefable, M|100\/100|[from] U-turn\n|-damage|p2a: Kirby|88\/100|[from] Stealth Rock\n|move|p1a: Aggron|Earthquake|p2a: Kirby\n|-damage|p2a: Kirby|52\/100\n|\n|-heal|p2a: Kirby|58\/100|[from] item: Leftovers\n|upkeep\n|turn|5\n|\n|t:|1699559681\n|move|p2a: Kirby|Cosmic Power|p2a: Kirby\n|-boost|p2a: Kirby|def|1\n|-boost|p2a: Kirby|spd|1\n|move|p1a: Aggron|Head Smash|p2a: Kirby\n|-crit|p2a: Kirby\n|-damage|p2a: Kirby|0 fnt\n|faint|p2a: Kirby\n|\n|upkeep\n|\n|t:|1699559696\n|switch|p2a: Magmo|Heatran, M|100\/100\n|-damage|p2a: Magmo|88\/100|[from] Stealth Rock\n|turn|6\n|\n|t:|1699559701\n|move|p2a: Magmo|Magma Storm|p1a: Aggron\n|-damage|p1a: Aggron|3\/100 par\n|-activate|p1a: Aggron|move: Magma Storm|[of] p2a: Magmo\n|move|p1a: Aggron|Earthquake|p2a: Magmo\n|-supereffective|p2a: Magmo\n|-damage|p2a: Magmo|0 fnt\n|faint|p2a: Magmo\n|\n|-end|p1a: Aggron|Magma Storm|[partiallytrapped]|[silent]\n|-sideend|p2: babbona|move: Tailwind\n|upkeep\n|\n|t:|1699559711\n|switch|p2a: Kermit|Hawlucha, M|100\/100\n|-damage|p2a: Kermit|88\/100|[from] Stealth Rock\n|turn|7\n|\n|t:|1699559715\n|move|p2a: Kermit|Endure|p2a: Kermit\n|-singleturn|p2a: Kermit|move: Endure\n|move|p1a: Aggron|Head Smash|p2a: Kermit\n|-activate|p2a: Kermit|move: Endure\n|-damage|p2a: Kermit|1\/100\n|-enditem|p2a: Kermit|Liechi Berry|[eat]\n|-boost|p2a: Kermit|atk|1|[from] item: Liechi Berry\n|\n|upkeep\n|turn|8\n|\n|t:|1699559723\n|move|p2a: Kermit|Close Combat|p1a: Aggron\n|-supereffective|p1a: Aggron\n|-crit|p1a: Aggron\n|-damage|p1a: Aggron|0 fnt\n|-unboost|p2a: Kermit|def|1\n|-unboost|p2a: Kermit|spd|1\n|faint|p1a: Aggron\n|\n|upkeep\n|\n|t:|1699559733\n|switch|p1a: Aegislash|Aegislash, M|100\/100\n|-activate|p1a: Aegislash|move: Sticky Web\n|-unboost|p1a: Aegislash|spe|1\n|turn|9\n|\n|t:|1699559743\n|-formechange|p1a: Aegislash|Aegislash-Blade||[from] ability: Stance Change\n|move|p1a: Aegislash|Shadow Sneak|p2a: Kermit\n|-damage|p2a: Kermit|0 fnt\n|faint|p2a: Kermit\n|\n|upkeep\n|\n|t:|1699559751\n|switch|p2a: Dino|Charizard, M|100\/100\n|-damage|p2a: Dino|51\/100|[from] Stealth Rock\n|turn|10\n|\n|t:|1699559756\n|detailschange|p2a: Dino|Charizard-Mega-X, M\n|-mega|p2a: Dino|Charizard|Charizardite X\n|-formechange|p1a: Aegislash|Aegislash||[from] ability: Stance Change\n|move|p1a: Aegislash|King's Shield|p1a: Aegislash\n|-singleturn|p1a: Aegislash|Protect\n|move|p2a: Dino|Dragon Dance|p2a: Dino\n|-boost|p2a: Dino|atk|1\n|-boost|p2a: Dino|spe|1\n|\n|upkeep\n|turn|11\n|\n|t:|1699559764\n|move|p2a: Dino|Blaze Kick|p1a: Aegislash\n|-supereffective|p1a: Aegislash\n|-damage|p1a: Aegislash|0 fnt\n|-damage|p2a: Dino|34\/100|[from] item: Rocky Helmet|[of] p1a: Aegislash\n|faint|p1a: Aegislash\n|\n|upkeep\n|\n|t:|1699559770\n|switch|p1a: Porygon-Z|Porygon-Z, shiny|100\/100\n|-activate|p1a: Porygon-Z|move: Sticky Web\n|-unboost|p1a: Porygon-Z|spe|1\n|turn|12\n|\n|t:|1699559775\n|move|p2a: Dino|Blaze Kick|p1a: Porygon-Z\n|-damage|p1a: Porygon-Z|0 fnt\n|faint|p1a: Porygon-Z\n|\n|upkeep\n|\n|t:|1699559780\n|switch|p1a: Mudsdale|Mudsdale, M|100\/100\n|-activate|p1a: Mudsdale|move: Sticky Web\n|-unboost|p1a: Mudsdale|spe|1\n|turn|13\n|\n|t:|1699559792\n|move|p2a: Dino|Dragon Dance|p2a: Dino\n|-boost|p2a: Dino|atk|1\n|-boost|p2a: Dino|spe|1\n|move|p1a: Mudsdale|Iron Defense|p1a: Mudsdale\n|-boost|p1a: Mudsdale|def|2\n|\n|upkeep\n|turn|14\n|\n|t:|1699559797\n|move|p2a: Dino|Dragon Dance|p2a: Dino\n|-boost|p2a: Dino|atk|1\n|-boost|p2a: Dino|spe|1\n|move|p1a: Mudsdale|Iron Defense|p1a: Mudsdale\n|-boost|p1a: Mudsdale|def|2\n|\n|upkeep\n|turn|15\n|\n|t:|1699559802\n|move|p2a: Dino|Dragon Dance|p2a: Dino\n|-boost|p2a: Dino|atk|1\n|-boost|p2a: Dino|spe|1\n|move|p1a: Mudsdale|Iron Defense|p1a: Mudsdale\n|-boost|p1a: Mudsdale|def|2\n|\n|upkeep\n|turn|16\n|\n|t:|1699559808\n|move|p2a: Dino|Dragon Claw|p1a: Mudsdale\n|-damage|p1a: Mudsdale|63\/100\n|move|p1a: Mudsdale|Earthquake|p2a: Dino\n|-supereffective|p2a: Dino\n|-damage|p2a: Dino|0 fnt\n|faint|p2a: Dino\n|\n|-heal|p1a: Mudsdale|69\/100|[from] item: Leftovers\n|upkeep\n|\n|t:|1699559812\n|switch|p2a: Strawberry|Volcarona, F|100\/100\n|turn|17\n|\n|t:|1699559819\n|-terastallize|p2a: Strawberry|Flying\n|move|p2a: Strawberry|Quiver Dance|p2a: Strawberry\n|-boost|p2a: Strawberry|spa|1\n|-boost|p2a: Strawberry|spd|1\n|-boost|p2a: Strawberry|spe|1\n|move|p1a: Mudsdale|Earthquake|p2a: Strawberry\n|-immune|p2a: Strawberry\n|\n|-heal|p1a: Mudsdale|75\/100|[from] item: Leftovers\n|upkeep\n|turn|18\n|\n|t:|1699559827\n|move|p2a: Strawberry|Tera Blast|p1a: Mudsdale|[anim] Tera Blast Flying\n|-damage|p1a: Mudsdale|36\/100\n|move|p1a: Mudsdale|Close Combat|p2a: Strawberry\n|-resisted|p2a: Strawberry\n|-damage|p2a: Strawberry|83\/100\n|-unboost|p1a: Mudsdale|def|1\n|-unboost|p1a: Mudsdale|spd|1\n|\n|-heal|p1a: Mudsdale|42\/100|[from] item: Leftovers\n|upkeep\n|turn|19\n|\n|t:|1699559835\n|move|p2a: Strawberry|Quiver Dance|p2a: Strawberry\n|-boost|p2a: Strawberry|spa|1\n|-boost|p2a: Strawberry|spd|1\n|-boost|p2a: Strawberry|spe|1\n|move|p1a: Mudsdale|Close Combat|p2a: Strawberry\n|-resisted|p2a: Strawberry\n|-damage|p2a: Strawberry|66\/100\n|-unboost|p1a: Mudsdale|def|1\n|-unboost|p1a: Mudsdale|spd|1\n|-status|p1a: Mudsdale|brn|[from] ability: Flame Body|[of] p2a: Strawberry\n|\n|-heal|p1a: Mudsdale|49\/100 brn|[from] item: Leftovers\n|-damage|p1a: Mudsdale|42\/100 brn|[from] brn\n|upkeep\n|turn|20\n|\n|t:|1699559847\n|move|p2a: Strawberry|Tera Blast|p1a: Mudsdale|[anim] Tera Blast Flying\n|-damage|p1a: Mudsdale|0 fnt\n|faint|p1a: Mudsdale\n|\n|upkeep\n|\n|t:|1699559851\n|switch|p1a: Talonflame|Talonflame, M|100\/100\n|turn|21\n|\n|t:|1699559856\n|move|p1a: Talonflame|Brave Bird|p2a: Strawberry\n|-damage|p2a: Strawberry|20\/100\n|-damage|p1a: Talonflame|81\/100|[from] Recoil\n|move|p2a: Strawberry|Tera Blast|p1a: Talonflame|[anim] Tera Blast Flying\n|-damage|p1a: Talonflame|0 fnt\n|faint|p1a: Talonflame\n|\n|upkeep\n|\n|t:|1699559866\n|switch|p1a: Umbreon|Umbreon, F|100\/100\n|-activate|p1a: Umbreon|move: Sticky Web\n|-unboost|p1a: Umbreon|spe|1\n|turn|22\n|\n|t:|1699559870\n|move|p1a: Umbreon|Sucker Punch||[still]\n|-fail|p1a: Umbreon\n|move|p2a: Strawberry|Roost|p2a: Strawberry\n|-heal|p2a: Strawberry|70\/100\n|-hint|If a Flying Terastallized Pokemon uses Roost, it remains Flying-type.\n|\n|upkeep\n|turn|23\n|\n|t:|1699559876\n|move|p1a: Umbreon|Sucker Punch||[still]\n|-fail|p1a: Umbreon\n|move|p2a: Strawberry|Roost|p2a: Strawberry\n|-heal|p2a: Strawberry|100\/100\n|-hint|If a Flying Terastallized Pokemon uses Roost, it remains Flying-type.\n|\n|upkeep\n|turn|24\n|\n|t:|1699559882\n|move|p1a: Umbreon|Sucker Punch|p2a: Strawberry\n|-crit|p2a: Strawberry\n|-damage|p2a: Strawberry|76\/100\n|-status|p1a: Umbreon|brn|[from] ability: Flame Body|[of] p2a: Strawberry\n|move|p2a: Strawberry|Fiery Dance|p1a: Umbreon\n|-damage|p1a: Umbreon|56\/100 brn\n|-boost|p2a: Strawberry|spa|1\n|\n|-damage|p1a: Umbreon|50\/100 brn|[from] brn\n|upkeep\n|turn|25\n|\n|t:|1699559893\n|move|p2a: Strawberry|Fiery Dance|p1a: Umbreon\n|-crit|p1a: Umbreon\n|-damage|p1a: Umbreon|0 fnt\n|-boost|p2a: Strawberry|spa|1\n|faint|p1a: Umbreon\n|\n|win|babbona\n|raw|isaacC306's rating: 1063 &rarr; <strong>1047<\/strong><br \/>(-16 for losing)\n|raw|babbona's rating: 1132 &rarr; <strong>1152<\/strong><br \/>(+20 for winning)\n|c|\u2606babbona|gg\n|l|\u2606isaacC306\n","uploadtime":1699559898,"views":4,"p1id":"isaacc306","p2id":"babbona","formatid":"gen9nationaldex","rating":1047,"private":0,"password":""}