{"id":"gen9nationaldex-1999946459","p1":"PhantomXenos","p2":"HaggenDaz","format":"[Gen 9] National Dex","log":"|html|<div class=\"broadcast-blue\"><strong>[Gen 9] National Dex is currently suspecting Sneasler! For information on how to participate check out the <a href=\"https:\/\/www.smogon.com\/forums\/threads\/sv-national-dex-suspect-8-just-dance.3731534\/\">suspect thread<\/a>.<\/strong><\/div>\n|j|\u2606PhantomXenos\n|j|\u2606HaggenDaz\n|t:|1701133205\n|gametype|singles\n|player|p1|PhantomXenos|biker-gen4|\n|player|p2|HaggenDaz|266|\n|teamsize|p1|6\n|teamsize|p2|6\n|gen|9\n|tier|[Gen 9] National Dex\n|rule|HP Percentage Mod: HP is shown in percentages\n|rule|Endless Battle Clause: Forcing endless battles is banned\n|rule|OHKO Clause: OHKO moves are banned\n|rule|Evasion Clause: Evasion abilities, items, and moves are banned\n|rule|Evasion Abilities Clause: Evasion abilities are banned\n|rule|Evasion Items Clause: Evasion items are banned\n|rule|Evasion Moves Clause: Evasion moves are banned\n|rule|Species Clause: Limit one of each Pok\u00e9mon\n|rule|Sleep Clause Mod: Limit one foe put to sleep\n|clearpoke\n|poke|p1|Slowbro, M|\n|poke|p1|Honchkrow, F|\n|poke|p1|Raticate-Alola, F|\n|poke|p1|Serperior, F|\n|poke|p1|Meowscarada, F|\n|poke|p1|Metagross|\n|poke|p2|Kleavor, M|\n|poke|p2|Araquanid, F|\n|poke|p2|Forretress, M|\n|poke|p2|Scizor, F|\n|poke|p2|Yanmega, F|\n|poke|p2|Centiskorch, M|\n|teampreview\n|inactive|Battle timer is ON: inactive players will automatically lose when time's up. (requested by HaggenDaz)\n|j| Prekoniker\n|c|\u2606HaggenDaz|eyoo\n|c|\u2606HaggenDaz|it's prekoniker\n|c| Prekoniker|shhhht im not here\n|inactive|PhantomXenos has 270 seconds left.\n|c|\u2606HaggenDaz|woops\n|\n|t:|1701133242\n|start\n|switch|p1a: Meowscarada|Meowscarada, F|100\/100\n|switch|p2a: Forretress|Forretress, M|100\/100\n|turn|1\n|\n|t:|1701133248\n|move|p1a: Meowscarada|U-turn|p2a: Forretress\n|-start|p1a: Meowscarada|typechange|Bug|[from] ability: Protean\n|-resisted|p2a: Forretress\n|-damage|p2a: Forretress|88\/100\n|\n|t:|1701133250\n|switch|p1a: Honchkrow|Honchkrow, F|100\/100|[from] U-turn\n|move|p2a: Forretress|Counter|p1a: Honchkrow\n|-damage|p1a: Honchkrow|74\/100\n|\n|-heal|p2a: Forretress|94\/100|[from] item: Leftovers\n|upkeep\n|turn|2\n|\n|t:|1701133257\n|move|p1a: Honchkrow|Heat Wave|p2a: Forretress\n|-supereffective|p2a: Forretress\n|-damage|p2a: Forretress|0 fnt\n|faint|p2a: Forretress\n|-ability|p1a: Honchkrow|Moxie|boost\n|-boost|p1a: Honchkrow|atk|1\n|\n|upkeep\n|\n|t:|1701133260\n|switch|p2a: Kleavor|Kleavor, M|100\/100\n|turn|3\n|\n|t:|1701133265\n|switch|p1a: Slowbro|Slowbro, M|100\/100\n|move|p2a: Kleavor|Stone Axe|p1a: Slowbro\n|-damage|p1a: Slowbro|69\/100\n|-sidestart|p1: PhantomXenos|move: Stealth Rock\n|\n|-heal|p1a: Slowbro|75\/100|[from] item: Leftovers\n|upkeep\n|turn|4\n|\n|t:|1701133270\n|switch|p2a: Araquanid|Araquanid, F|100\/100\n|move|p1a: Slowbro|Scald|p2a: Araquanid\n|-resisted|p2a: Araquanid\n|-damage|p2a: Araquanid|93\/100\n|\n|-heal|p2a: Araquanid|99\/100|[from] item: Leftovers\n|-heal|p1a: Slowbro|81\/100|[from] item: Leftovers\n|upkeep\n|turn|5\n|\n|t:|1701133276\n|move|p2a: Araquanid|Iron Defense|p2a: Araquanid\n|-boost|p2a: Araquanid|def|2\n|move|p1a: Slowbro|Toxic|p2a: Araquanid\n|-status|p2a: Araquanid|tox\n|\n|-heal|p2a: Araquanid|100\/100 tox|[from] item: Leftovers\n|-heal|p1a: Slowbro|87\/100|[from] item: Leftovers\n|-damage|p2a: Araquanid|94\/100 tox|[from] psn\n|upkeep\n|turn|6\n|\n|t:|1701133285\n|move|p2a: Araquanid|Toxic|p1a: Slowbro\n|-status|p1a: Slowbro|tox\n|move|p1a: Slowbro|Fire Blast|p2a: Araquanid\n|-damage|p2a: Araquanid|87\/100 tox\n|\n|-heal|p2a: Araquanid|93\/100 tox|[from] item: Leftovers\n|-heal|p1a: Slowbro|93\/100 tox|[from] item: Leftovers\n|-damage|p2a: Araquanid|81\/100 tox|[from] psn\n|-damage|p1a: Slowbro|87\/100 tox|[from] psn\n|upkeep\n|turn|7\n|\n|t:|1701133297\n|move|p2a: Araquanid|Liquidation|p1a: Slowbro\n|-resisted|p1a: Slowbro\n|-damage|p1a: Slowbro|74\/100 tox\n|-unboost|p1a: Slowbro|def|1\n|move|p1a: Slowbro|Fire Blast|p2a: Araquanid\n|-damage|p2a: Araquanid|73\/100 tox\n|\n|-heal|p2a: Araquanid|79\/100 tox|[from] item: Leftovers\n|-heal|p1a: Slowbro|80\/100 tox|[from] item: Leftovers\n|-damage|p2a: Araquanid|61\/100 tox|[from] psn\n|-damage|p1a: Slowbro|68\/100 tox|[from] psn\n|upkeep\n|turn|8\n|\n|t:|1701133304\n|switch|p2a: Centiskorch|Centiskorch, M|100\/100\n|move|p1a: Slowbro|Slack Off|p1a: Slowbro\n|-heal|p1a: Slowbro|100\/100 tox\n|\n|-damage|p1a: Slowbro|82\/100 tox|[from] psn\n|upkeep\n|turn|9\n|\n|t:|1701133318\n|switch|p2a: Araquanid|Araquanid, F|61\/100 tox\n|switch|p1a: Raticate|Raticate-Alola, F|100\/100\n|-damage|p1a: Raticate|88\/100|[from] Stealth Rock\n|\n|-heal|p2a: Araquanid|67\/100 tox|[from] item: Leftovers\n|-damage|p2a: Araquanid|61\/100 tox|[from] psn\n|upkeep\n|turn|10\n|\n|t:|1701133335\n|move|p1a: Raticate|Double-Edge|p2a: Araquanid\n|-damage|p2a: Araquanid|0 fnt\n|faint|p2a: Araquanid\n|-damage|p1a: Raticate|65\/100|[from] Recoil\n|\n|upkeep\n|\n|t:|1701133352\n|switch|p2a: Scizor|Scizor, F|100\/100\n|turn|11\n|\n|t:|1701133357\n|move|p1a: Raticate|Double-Edge|p2a: Scizor\n|-resisted|p2a: Scizor\n|-damage|p2a: Scizor|69\/100\n|-damage|p1a: Raticate|53\/100|[from] Recoil\n|move|p2a: Scizor|Swords Dance|p2a: Scizor\n|-boost|p2a: Scizor|atk|2\n|\n|upkeep\n|turn|12\n|\n|t:|1701133360\n|move|p1a: Raticate|Sucker Punch|p2a: Scizor\n|-damage|p2a: Scizor|30\/100\n|move|p2a: Scizor|Bullet Punch|p1a: Raticate\n|-damage|p1a: Raticate|0 fnt\n|faint|p1a: Raticate\n|\n|upkeep\n|\n|t:|1701133386\n|switch|p1a: Honchkrow|Honchkrow, F|74\/100\n|-damage|p1a: Honchkrow|49\/100|[from] Stealth Rock\n|turn|13\n|\n|t:|1701133390\n|move|p1a: Honchkrow|Sucker Punch|p2a: Scizor\n|-damage|p2a: Scizor|0 fnt\n|faint|p2a: Scizor\n|-ability|p1a: Honchkrow|Moxie|boost\n|-boost|p1a: Honchkrow|atk|1\n|\n|upkeep\n|\n|t:|1701133395\n|switch|p2a: Kleavor|Kleavor, M|100\/100\n|turn|14\n|\n|t:|1701133403\n|move|p1a: Honchkrow|Sucker Punch|p2a: Kleavor\n|-damage|p2a: Kleavor|46\/100\n|move|p2a: Kleavor|U-turn|p1a: Honchkrow\n|-damage|p1a: Honchkrow|0 fnt\n|faint|p1a: Honchkrow\n|\n|t:|1701133427\n|switch|p2a: Yanmega|Yanmega, F|100\/100|[from] U-turn\n|\n|upkeep\n|\n|t:|1701133431\n|switch|p1a: Meowscarada|Meowscarada, F|100\/100\n|-damage|p1a: Meowscarada|88\/100|[from] Stealth Rock\n|turn|15\n|\n|t:|1701133437\n|switch|p2a: Kleavor|Kleavor, M|46\/100\n|move|p1a: Meowscarada|Acrobatics|p2a: Kleavor\n|-start|p1a: Meowscarada|typechange|Flying|[from] ability: Protean\n|-damage|p2a: Kleavor|3\/100\n|\n|upkeep\n|turn|16\n|\n|t:|1701133444\n|move|p1a: Meowscarada|Acrobatics|p2a: Kleavor\n|-damage|p2a: Kleavor|0 fnt\n|faint|p2a: Kleavor\n|\n|upkeep\n|c|\u2606HaggenDaz|ggs!\n|\n|t:|1701133453\n|switch|p2a: Centiskorch|Centiskorch, M|100\/100\n|turn|17\n|\n|t:|1701133462\n|move|p1a: Meowscarada|Acrobatics|p2a: Centiskorch\n|-supereffective|p2a: Centiskorch\n|-damage|p2a: Centiskorch|0 fnt\n|faint|p2a: Centiskorch\n|\n|upkeep\n|\n|t:|1701133469\n|switch|p2a: Yanmega|Yanmega, F|100\/100\n|turn|18\n|\n|t:|1701133475\n|move|p1a: Meowscarada|Acrobatics|p2a: Yanmega\n|-supereffective|p2a: Yanmega\n|-damage|p2a: Yanmega|12\/100\n|move|p2a: Yanmega|Bug Buzz|p1a: Meowscarada\n|-resisted|p1a: Meowscarada\n|-damage|p1a: Meowscarada|0 fnt\n|faint|p1a: Meowscarada\n|\n|upkeep\n|\n|t:|1701133487\n|switch|p1a: Slowbro|Slowbro, M|100\/100 tox\n|-damage|p1a: Slowbro|88\/100 tox|[from] Stealth Rock\n|turn|19\n|\n|t:|1701133490\n|move|p2a: Yanmega|Bug Buzz|p1a: Slowbro\n|-supereffective|p1a: Slowbro\n|-damage|p1a: Slowbro|0 fnt\n|faint|p1a: Slowbro\n|\n|upkeep\n|\n|t:|1701133494\n|switch|p1a: Serperior|Serperior, F|100\/100\n|-damage|p1a: Serperior|88\/100|[from] Stealth Rock\n|turn|20\n|\n|t:|1701133496\n|move|p1a: Serperior|Hidden Power|p2a: Yanmega\n|-supereffective|p2a: Yanmega\n|-damage|p2a: Yanmega|0 fnt\n|faint|p2a: Yanmega\n|\n|win|PhantomXenos\n|c|\u2606PhantomXenos|ggs\n","uploadtime":1701133502,"views":15,"p1id":"phantomxenos","p2id":"haggendaz","formatid":"gen9nationaldex","rating":0,"private":0,"password":""}