{"id":"gen9nationaldex-1989602697","p1":"0Fiamma0","p2":"zIIsammyIIz","format":"[Gen 9] National Dex","log":"|j|\u26060Fiamma0\n|j|\u2606zIIsammyIIz\n|t:|1699877510\n|gametype|singles\n|player|p1|0Fiamma0|lucas|1181\n|player|p2|zIIsammyIIz|169|1185\n|teamsize|p1|6\n|teamsize|p2|6\n|gen|9\n|tier|[Gen 9] National Dex\n|rated|\n|rule|HP Percentage Mod: HP is shown in percentages\n|rule|Endless Battle Clause: Forcing endless battles is banned\n|rule|OHKO Clause: OHKO moves are banned\n|rule|Evasion Clause: Evasion abilities, items, and moves are banned\n|rule|Evasion Abilities Clause: Evasion abilities are banned\n|rule|Evasion Items Clause: Evasion items are banned\n|rule|Evasion Moves Clause: Evasion moves are banned\n|rule|Species Clause: Limit one of each Pok\u00e9mon\n|rule|Sleep Clause Mod: Limit one foe put to sleep\n|clearpoke\n|poke|p1|Ursaluna, M|\n|poke|p1|Amoonguss, F|\n|poke|p1|Heliolisk, M|\n|poke|p1|Torkoal, F|\n|poke|p1|Aromatisse, M|\n|poke|p1|Weavile, F|\n|poke|p2|Sneasler, F|\n|poke|p2|Garganacl, M|\n|poke|p2|Volcarona, F|\n|poke|p2|Great Tusk|\n|poke|p2|Toxapex, F|\n|poke|p2|Tapu Lele|\n|teampreview\n|\n|t:|1699877528\n|start\n|switch|p1a: Heliolisk|Heliolisk, M|100\/100\n|switch|p2a: Garganacl|Garganacl, M|100\/100\n|turn|1\n|\n|t:|1699877536\n|move|p1a: Heliolisk|Focus Blast|p2a: Garganacl\n|-supereffective|p2a: Garganacl\n|-damage|p2a: Garganacl|6\/100\n|-damage|p1a: Heliolisk|91\/100|[from] item: Life Orb\n|move|p2a: Garganacl|Stealth Rock|p1a: Heliolisk\n|-sidestart|p1: 0Fiamma0|move: Stealth Rock\n|\n|-heal|p2a: Garganacl|12\/100|[from] item: Leftovers\n|upkeep\n|turn|2\n|\n|t:|1699877546\n|switch|p2a: Tapu Lele|Tapu Lele|100\/100\n|-fieldstart|move: Psychic Terrain|[from] ability: Psychic Surge|[of] p2a: Tapu Lele\n|move|p1a: Heliolisk|Volt Switch|p2a: Tapu Lele\n|-damage|p2a: Tapu Lele|53\/100\n|-damage|p1a: Heliolisk|81\/100|[from] item: Life Orb\n|\n|t:|1699877562\n|switch|p1a: Torkoal|Torkoal, F|100\/100|[from] Volt Switch\n|-weather|SunnyDay|[from] ability: Drought|[of] p1a: Torkoal\n|\n|-weather|SunnyDay|[upkeep]\n|upkeep\n|turn|3\n|\n|t:|1699877569\n|move|p2a: Tapu Lele|Reflect|p2a: Tapu Lele\n|-sidestart|p2: zIIsammyIIz|Reflect\n|move|p1a: Torkoal|Rapid Spin|p2a: Tapu Lele\n|-damage|p2a: Tapu Lele|47\/100\n|-boost|p1a: Torkoal|spe|1\n|-sideend|p1: 0Fiamma0|Stealth Rock|[from] move: Rapid Spin|[of] p1a: Torkoal\n|\n|-weather|SunnyDay|[upkeep]\n|upkeep\n|turn|4\n|\n|t:|1699877579\n|move|p2a: Tapu Lele|Dazzling Gleam|p1a: Torkoal\n|-resisted|p1a: Torkoal\n|-damage|p1a: Torkoal|73\/100\n|move|p1a: Torkoal|Stealth Rock|p2a: Tapu Lele\n|-sidestart|p2: zIIsammyIIz|move: Stealth Rock\n|\n|-weather|SunnyDay|[upkeep]\n|upkeep\n|turn|5\n|\n|t:|1699877590\n|move|p2a: Tapu Lele|Extrasensory|p1a: Torkoal\n|-damage|p1a: Torkoal|0 fnt\n|faint|p1a: Torkoal\n|\n|-weather|SunnyDay|[upkeep]\n|upkeep\n|inactive|Battle timer is ON: inactive players will automatically lose when time's up. (requested by zIIsammyIIz)\n|\n|t:|1699877612\n|switch|p1a: Heliolisk|Heliolisk, M|81\/100\n|turn|6\n|\n|t:|1699877621\n|move|p1a: Heliolisk|Hyper Voice|p2a: Tapu Lele\n|-damage|p2a: Tapu Lele|0 fnt\n|faint|p2a: Tapu Lele\n|-damage|p1a: Heliolisk|71\/100|[from] item: Life Orb\n|\n|-weather|none\n|upkeep\n|\n|t:|1699877629\n|switch|p2a: Sneasler|Sneasler, F|100\/100\n|-damage|p2a: Sneasler|95\/100|[from] Stealth Rock\n|-enditem|p2a: Sneasler|Psychic Seed\n|-boost|p2a: Sneasler|spd|1|[from] item: Psychic Seed\n|turn|7\n|\n|t:|1699877641\n|switch|p1a: Ursaluna|Ursaluna, M|100\/100\n|move|p2a: Sneasler|Close Combat|p1a: Ursaluna\n|-supereffective|p1a: Ursaluna\n|-damage|p1a: Ursaluna|2\/100\n|-unboost|p2a: Sneasler|def|1\n|-unboost|p2a: Sneasler|spd|1\n|\n|-sideend|p2: zIIsammyIIz|Reflect\n|-status|p1a: Ursaluna|brn|[from] item: Flame Orb\n|upkeep\n|turn|8\n|\n|t:|1699877652\n|move|p2a: Sneasler|Acrobatics|p1a: Ursaluna\n|-damage|p1a: Ursaluna|0 fnt\n|faint|p1a: Ursaluna\n|\n|upkeep\n|\n|t:|1699877667\n|switch|p1a: Weavile|Weavile, F|100\/100\n|-ability|p1a: Weavile|Pressure\n|turn|9\n|\n|t:|1699877675\n|move|p2a: Sneasler|Close Combat|p1a: Weavile\n|-supereffective|p1a: Weavile\n|-enditem|p1a: Weavile|Focus Sash\n|-damage|p1a: Weavile|1\/100\n|-unboost|p2a: Sneasler|def|1\n|-unboost|p2a: Sneasler|spd|1\n|move|p1a: Weavile|Ice Spinner|p2a: Sneasler\n|-damage|p2a: Sneasler|0 fnt\n|-fieldend|move: Psychic Terrain\n|faint|p2a: Sneasler\n|\n|upkeep\n|\n|t:|1699877687\n|switch|p2a: Toxapex|Toxapex, F|100\/100\n|-damage|p2a: Toxapex|88\/100|[from] Stealth Rock\n|turn|10\n|\n|t:|1699877708\n|move|p1a: Weavile|Knock Off|p2a: Toxapex\n|-damage|p2a: Toxapex|59\/100\n|-enditem|p2a: Toxapex|Leftovers|[from] move: Knock Off|[of] p1a: Weavile\n|move|p2a: Toxapex|Scald|p1a: Weavile\n|-damage|p1a: Weavile|0 fnt\n|faint|p1a: Weavile\n|\n|upkeep\n|\n|t:|1699877715\n|switch|p1a: Heliolisk|Heliolisk, M|71\/100\n|turn|11\n|\n|t:|1699877723\n|switch|p2a: Great Tusk|Great Tusk|100\/100\n|-damage|p2a: Great Tusk|98\/100|[from] Stealth Rock\n|-enditem|p2a: Great Tusk|Booster Energy\n|-activate|p2a: Great Tusk|ability: Protosynthesis|[fromitem]\n|-start|p2a: Great Tusk|protosynthesisatk\n|move|p1a: Heliolisk|Thunderbolt|p2a: Great Tusk\n|-immune|p2a: Great Tusk\n|\n|upkeep\n|turn|12\n|\n|t:|1699877739\n|switch|p1a: Aromatisse|Aromatisse, M|100\/100\n|-terastallize|p2a: Great Tusk|Ground\n|move|p2a: Great Tusk|Rapid Spin|p1a: Aromatisse\n|-damage|p1a: Aromatisse|84\/100\n|-boost|p2a: Great Tusk|spe|1\n|-sideend|p2: zIIsammyIIz|Stealth Rock|[from] move: Rapid Spin|[of] p2a: Great Tusk\n|\n|-heal|p1a: Aromatisse|90\/100|[from] item: Leftovers\n|upkeep\n|turn|13\n|\n|t:|1699877762\n|move|p2a: Great Tusk|Headlong Rush|p1a: Aromatisse\n|-damage|p1a: Aromatisse|14\/100\n|-unboost|p2a: Great Tusk|def|1\n|-unboost|p2a: Great Tusk|spd|1\n|move|p1a: Aromatisse|Moonblast|p2a: Great Tusk\n|-damage|p2a: Great Tusk|24\/100\n|\n|-heal|p1a: Aromatisse|20\/100|[from] item: Leftovers\n|upkeep\n|turn|14\n|inactive|0Fiamma0 has 120 seconds left.\n|\n|t:|1699877796\n|move|p2a: Great Tusk|Rapid Spin|p1a: Aromatisse\n|-damage|p1a: Aromatisse|1\/100\n|-boost|p2a: Great Tusk|spe|1\n|move|p1a: Aromatisse|Moonblast|p2a: Great Tusk\n|-damage|p2a: Great Tusk|0 fnt\n|faint|p2a: Great Tusk\n|-end|p2a: Great Tusk|Protosynthesis|[silent]\n|\n|-heal|p1a: Aromatisse|8\/100|[from] item: Leftovers\n|upkeep\n|inactive|zIIsammyIIz has 120 seconds left.\n|\n|t:|1699877812\n|switch|p2a: Volcarona|Volcarona, F|100\/100\n|turn|15\n|inactive|zIIsammyIIz has 120 seconds left.\n|\n|t:|1699877818\n|move|p2a: Volcarona|Fiery Dance|p1a: Aromatisse\n|-damage|p1a: Aromatisse|0 fnt\n|-boost|p2a: Volcarona|spa|1\n|faint|p1a: Aromatisse\n|\n|upkeep\n|\n|t:|1699877823\n|switch|p1a: Heliolisk|Heliolisk, M|71\/100\n|turn|16\n|\n|t:|1699877835\n|-terastallize|p1a: Heliolisk|Electric\n|move|p1a: Heliolisk|Volt Switch|p2a: Volcarona\n|-damage|p2a: Volcarona|54\/100\n|-damage|p1a: Heliolisk|61\/100|[from] item: Life Orb\n|\n|t:|1699877840\n|switch|p1a: Amoonguss|Amoonguss, F|100\/100|[from] Volt Switch\n|move|p2a: Volcarona|Giga Drain|p1a: Amoonguss\n|-resisted|p1a: Amoonguss\n|-damage|p1a: Amoonguss|92\/100\n|-heal|p2a: Volcarona|59\/100|[from] drain|[of] p1a: Amoonguss\n|\n|-heal|p1a: Amoonguss|98\/100|[from] item: Leftovers\n|upkeep\n|turn|17\n|\n|t:|1699877850\n|move|p2a: Volcarona|Fiery Dance|p1a: Amoonguss\n|-supereffective|p1a: Amoonguss\n|-damage|p1a: Amoonguss|0 fnt\n|-boost|p2a: Volcarona|spa|1\n|faint|p1a: Amoonguss\n|\n|upkeep\n|\n|t:|1699877853\n|switch|p1a: Heliolisk|Heliolisk, M, tera:Electric|61\/100\n|turn|18\n|\n|t:|1699877866\n|move|p1a: Heliolisk|Thunderbolt|p2a: Volcarona\n|-damage|p2a: Volcarona|0 fnt\n|faint|p2a: Volcarona\n|-damage|p1a: Heliolisk|51\/100|[from] item: Life Orb\n|\n|upkeep\n|\n|t:|1699877874\n|switch|p2a: Garganacl|Garganacl, M|12\/100\n|turn|19\n|\n|t:|1699877879\n|move|p1a: Heliolisk|Thunderbolt|p2a: Garganacl\n|-crit|p2a: Garganacl\n|-damage|p2a: Garganacl|0 fnt\n|faint|p2a: Garganacl\n|-damage|p1a: Heliolisk|42\/100|[from] item: Life Orb\n|\n|upkeep\n|\n|t:|1699877885\n|switch|p2a: Toxapex|Toxapex, F|93\/100\n|turn|20\n|\n|t:|1699877888\n|move|p1a: Heliolisk|Thunderbolt|p2a: Toxapex\n|-supereffective|p2a: Toxapex\n|-damage|p2a: Toxapex|0 fnt\n|faint|p2a: Toxapex\n|-damage|p1a: Heliolisk|32\/100|[from] item: Life Orb\n|\n|win|0Fiamma0\n|raw|0Fiamma0's rating: 1181 &rarr; <strong>1206<\/strong><br \/>(+25 for winning)\n|raw|zIIsammyIIz's rating: 1185 &rarr; <strong>1160<\/strong><br \/>(-25 for losing)\n|l|\u2606zIIsammyIIz\n|l|\u26060Fiamma0\n|j|\u26060Fiamma0\n|player|p1|0Fiamma0|lucas\n","uploadtime":1699877905,"views":5,"p1id":"0fiamma0","p2id":"ziisammyiiz","formatid":"gen9nationaldex","rating":1160,"private":0,"password":""}