{"id":"gen9nationaldex-1998673653","p1":"parasiticdrill","p2":"MzQiull","format":"[Gen 9] National Dex","log":"|html|<div class=\"broadcast-blue\"><strong>[Gen 9] National Dex is currently suspecting Sneasler! For information on how to participate check out the <a href=\"https:\/\/www.smogon.com\/forums\/threads\/sv-national-dex-suspect-8-just-dance.3731534\/\">suspect thread<\/a>.<\/strong><\/div>\n|j|\u2606parasiticdrill\n|j|\u2606MzQiull\n|t:|1700970693\n|gametype|singles\n|player|p1|parasiticdrill|giovanni|1498\n|player|p2|MzQiull|acerola|1560\n|teamsize|p1|6\n|teamsize|p2|6\n|gen|9\n|tier|[Gen 9] National Dex\n|rated|\n|rule|HP Percentage Mod: HP is shown in percentages\n|rule|Endless Battle Clause: Forcing endless battles is banned\n|rule|OHKO Clause: OHKO moves are banned\n|rule|Evasion Clause: Evasion abilities, items, and moves are banned\n|rule|Evasion Abilities Clause: Evasion abilities are banned\n|rule|Evasion Items Clause: Evasion items are banned\n|rule|Evasion Moves Clause: Evasion moves are banned\n|rule|Species Clause: Limit one of each Pok\u00e9mon\n|rule|Sleep Clause Mod: Limit one foe put to sleep\n|clearpoke\n|poke|p1|Beedrill, M|\n|poke|p1|Landorus-Therian, M|\n|poke|p1|Hoopa-Unbound|\n|poke|p1|Mandibuzz, F|\n|poke|p1|Ogerpon-Wellspring, F|\n|poke|p1|Slowking-Galar, M|\n|poke|p2|Torkoal, M|\n|poke|p2|Charizard, M|\n|poke|p2|Whimsicott, M|\n|poke|p2|Urshifu-*, F|\n|poke|p2|Hatterene, F|\n|poke|p2|Arcanine-Hisui, F|\n|teampreview\n|inactive|Battle timer is ON: inactive players will automatically lose when time's up. (requested by MzQiull)\n|\n|t:|1700970701\n|start\n|switch|p1a: Hoopa|Hoopa-Unbound|100\/100\n|switch|p2a: \u5403\u6211\u9b3c\u706b!|Torkoal, M|100\/100\n|-weather|SunnyDay|[from] ability: Drought|[of] p2a: \u5403\u6211\u9b3c\u706b!\n|turn|1\n|\n|t:|1700970713\n|switch|p2a: \u5e3d\u5b50\u59d0|Hatterene, F|100\/100\n|-terastallize|p1a: Hoopa|Dark\n|move|p1a: Hoopa|Hyperspace Fury|p2a: \u5e3d\u5b50\u59d0\n|-damage|p2a: \u5e3d\u5b50\u59d0|5\/100\n|-unboost|p1a: Hoopa|def|1\n|-enditem|p2a: \u5e3d\u5b50\u59d0|Eject Button\n|\n|t:|1700970720\n|switch|p2a: \u4ea6\u80fd\u5c60\u9f99|Whimsicott, M|100\/100\n|\n|-weather|SunnyDay|[upkeep]\n|upkeep\n|turn|2\n|\n|t:|1700970728\n|move|p2a: \u4ea6\u80fd\u5c60\u9f99|Tailwind|p2a: \u4ea6\u80fd\u5c60\u9f99\n|-sidestart|p2: MzQiull|move: Tailwind\n|move|p1a: Hoopa|Hyperspace Fury|p2a: \u4ea6\u80fd\u5c60\u9f99\n|-resisted|p2a: \u4ea6\u80fd\u5c60\u9f99\n|-damage|p2a: \u4ea6\u80fd\u5c60\u9f99|15\/100\n|-unboost|p1a: Hoopa|def|1\n|-enditem|p2a: \u4ea6\u80fd\u5c60\u9f99|Eject Button\n|\n|t:|1700970735\n|switch|p2a: \u5b87\u5b99\u65e0\u654cx\u55b7|Charizard, M|100\/100\n|\n|-weather|SunnyDay|[upkeep]\n|-damage|p2a: \u5b87\u5b99\u65e0\u654cx\u55b7|88\/100|[from] ability: Solar Power|[of] p2a: \u5b87\u5b99\u65e0\u654cx\u55b7\n|upkeep\n|turn|3\n|\n|t:|1700970754\n|-terastallize|p2a: \u5b87\u5b99\u65e0\u654cx\u55b7|Fire\n|move|p2a: \u5b87\u5b99\u65e0\u654cx\u55b7|Weather Ball|p1a: Hoopa\n|-damage|p1a: Hoopa|0 fnt\n|faint|p1a: Hoopa\n|\n|-weather|SunnyDay|[upkeep]\n|-damage|p2a: \u5b87\u5b99\u65e0\u654cx\u55b7|76\/100|[from] ability: Solar Power|[of] p2a: \u5b87\u5b99\u65e0\u654cx\u55b7\n|upkeep\n|\n|t:|1700970762\n|switch|p1a: Slowking|Slowking-Galar, M|100\/100\n|turn|4\n|\n|t:|1700970770\n|move|p2a: \u5b87\u5b99\u65e0\u654cx\u55b7|Weather Ball|p1a: Slowking\n|-damage|p1a: Slowking|0 fnt\n|faint|p1a: Slowking\n|\n|-weather|SunnyDay|[upkeep]\n|-damage|p2a: \u5b87\u5b99\u65e0\u654cx\u55b7|63\/100|[from] ability: Solar Power|[of] p2a: \u5b87\u5b99\u65e0\u654cx\u55b7\n|upkeep\n|\n|t:|1700970778\n|switch|p1a: Ogerpon|Ogerpon-Wellspring, F|100\/100\n|turn|5\n|\n|t:|1700970795\n|switch|p1a: Mandibuzz|Mandibuzz, F|100\/100\n|move|p2a: \u5b87\u5b99\u65e0\u654cx\u55b7|Weather Ball|p1a: Mandibuzz\n|-damage|p1a: Mandibuzz|0 fnt\n|faint|p1a: Mandibuzz\n|\n|-weather|SunnyDay|[upkeep]\n|-damage|p2a: \u5b87\u5b99\u65e0\u654cx\u55b7|51\/100|[from] ability: Solar Power|[of] p2a: \u5b87\u5b99\u65e0\u654cx\u55b7\n|-sideend|p2: MzQiull|move: Tailwind\n|upkeep\n|\n|t:|1700970798\n|switch|p1a: Ogerpon|Ogerpon-Wellspring, F|100\/100\n|turn|6\n|\n|t:|1700970803\n|move|p1a: Ogerpon|Ivy Cudgel|p2a: \u5b87\u5b99\u65e0\u654cx\u55b7|[anim] Ivy Cudgel Water\n|-supereffective|p2a: \u5b87\u5b99\u65e0\u654cx\u55b7\n|-damage|p2a: \u5b87\u5b99\u65e0\u654cx\u55b7|0 fnt\n|faint|p2a: \u5b87\u5b99\u65e0\u654cx\u55b7\n|\n|-weather|SunnyDay|[upkeep]\n|upkeep\n|\n|t:|1700970808\n|switch|p2a: \u5403\u6211\u9b3c\u706b!|Torkoal, M|100\/100\n|turn|7\n|\n|t:|1700970810\n|move|p1a: Ogerpon|Taunt|p2a: \u5403\u6211\u9b3c\u706b!\n|-start|p2a: \u5403\u6211\u9b3c\u706b!|move: Taunt\n|cant|p2a: \u5403\u6211\u9b3c\u706b!|move: Taunt|Will-O-Wisp\n|\n|-weather|SunnyDay|[upkeep]\n|upkeep\n|turn|8\n|\n|t:|1700970817\n|switch|p2a: \u5e3d\u5b50\u59d0|Hatterene, F|5\/100\n|move|p1a: Ogerpon|Swords Dance|p1a: Ogerpon\n|-boost|p1a: Ogerpon|atk|2\n|\n|-weather|none\n|upkeep\n|turn|9\n|\n|t:|1700970824\n|move|p1a: Ogerpon|Horn Leech|p2a: \u5e3d\u5b50\u59d0\n|-damage|p2a: \u5e3d\u5b50\u59d0|0 fnt\n|faint|p2a: \u5e3d\u5b50\u59d0\n|\n|upkeep\n|\n|t:|1700970830\n|switch|p2a: \u5403\u6211\u9b3c\u706b!|Torkoal, M|100\/100\n|-weather|SunnyDay|[from] ability: Drought|[of] p2a: \u5403\u6211\u9b3c\u706b!\n|turn|10\n|\n|t:|1700970835\n|move|p1a: Ogerpon|Taunt|p2a: \u5403\u6211\u9b3c\u706b!\n|-start|p2a: \u5403\u6211\u9b3c\u706b!|move: Taunt\n|move|p2a: \u5403\u6211\u9b3c\u706b!|Explosion|p1a: Ogerpon\n|-crit|p1a: Ogerpon\n|-damage|p1a: Ogerpon|11\/100\n|faint|p2a: \u5403\u6211\u9b3c\u706b!\n|\n|-weather|SunnyDay|[upkeep]\n|upkeep\n|\n|t:|1700970837\n|switch|p2a: \u4ea6\u80fd\u5c60\u9f99|Whimsicott, M|15\/100\n|turn|11\n|\n|t:|1700970844\n|move|p2a: \u4ea6\u80fd\u5c60\u9f99|Moonblast|p1a: Ogerpon\n|-damage|p1a: Ogerpon|0 fnt\n|faint|p1a: Ogerpon\n|\n|-weather|SunnyDay|[upkeep]\n|upkeep\n|\n|t:|1700970847\n|switch|p1a: Beedrill|Beedrill, M, shiny|100\/100\n|turn|12\n|inactive|MzQiull has 120 seconds left.\n|\n|t:|1700970879\n|detailschange|p1a: Beedrill|Beedrill-Mega, M, shiny\n|-mega|p1a: Beedrill|Beedrill|Beedrillite\n|move|p2a: \u4ea6\u80fd\u5c60\u9f99|Tailwind|p2a: \u4ea6\u80fd\u5c60\u9f99\n|-sidestart|p2: MzQiull|move: Tailwind\n|move|p1a: Beedrill|Poison Jab|p2a: \u4ea6\u80fd\u5c60\u9f99\n|-supereffective|p2a: \u4ea6\u80fd\u5c60\u9f99\n|-damage|p2a: \u4ea6\u80fd\u5c60\u9f99|0 fnt\n|faint|p2a: \u4ea6\u80fd\u5c60\u9f99\n|\n|-weather|SunnyDay|[upkeep]\n|upkeep\n|\n|t:|1700970881\n|switch|p2a: Arcanine|Arcanine-Hisui, F|100\/100\n|turn|13\n|\n|t:|1700970894\n|move|p2a: Arcanine|Flare Blitz|p1a: Beedrill\n|-supereffective|p1a: Beedrill\n|-damage|p1a: Beedrill|0 fnt\n|faint|p1a: Beedrill\n|\n|-weather|SunnyDay|[upkeep]\n|upkeep\n|\n|t:|1700970896\n|switch|p1a: Landorus|Landorus-Therian, M, shiny|100\/100\n|-ability|p1a: Landorus|Intimidate|boost\n|-unboost|p2a: Arcanine|atk|1\n|turn|14\n|\n|t:|1700970899\n|move|p2a: Arcanine|Flare Blitz|p1a: Landorus\n|-damage|p1a: Landorus|61\/100\n|-damage|p2a: Arcanine|84\/100|[from] item: Rocky Helmet|[of] p1a: Landorus\n|move|p1a: Landorus|Earthquake|p2a: Arcanine\n|-supereffective|p2a: Arcanine\n|-damage|p2a: Arcanine|0 fnt\n|faint|p2a: Arcanine\n|\n|-weather|SunnyDay|[upkeep]\n|upkeep\n|\n|t:|1700970902\n|switch|p2a: cb\u4e8c\u500d\u62b5\u6297\u90fd\u6740\u7ed9\u4f60\u770b|Urshifu-Rapid-Strike, F|100\/100\n|turn|15\n|\n|t:|1700970909\n|move|p2a: cb\u4e8c\u500d\u62b5\u6297\u90fd\u6740\u7ed9\u4f60\u770b|Swords Dance|p2a: cb\u4e8c\u500d\u62b5\u6297\u90fd\u6740\u7ed9\u4f60\u770b\n|-boost|p2a: cb\u4e8c\u500d\u62b5\u6297\u90fd\u6740\u7ed9\u4f60\u770b|atk|2\n|move|p1a: Landorus|Earthquake|p2a: cb\u4e8c\u500d\u62b5\u6297\u90fd\u6740\u7ed9\u4f60\u770b\n|-damage|p2a: cb\u4e8c\u500d\u62b5\u6297\u90fd\u6740\u7ed9\u4f60\u770b|54\/100\n|\n|-weather|SunnyDay|[upkeep]\n|-sideend|p2: MzQiull|move: Tailwind\n|upkeep\n|turn|16\n|\n|t:|1700970914\n|-zpower|p2a: cb\u4e8c\u500d\u62b5\u6297\u90fd\u6740\u7ed9\u4f60\u770b\n|move|p2a: cb\u4e8c\u500d\u62b5\u6297\u90fd\u6740\u7ed9\u4f60\u770b|Hydro Vortex|p1a: Landorus|[zeffect]\n|-supereffective|p1a: Landorus\n|-damage|p1a: Landorus|0 fnt\n|faint|p1a: Landorus\n|\n|win|MzQiull\n|raw|parasiticdrill's rating: 1498 &rarr; <strong>1482<\/strong><br \/>(-16 for losing)\n|raw|MzQiull's rating: 1560 &rarr; <strong>1576<\/strong><br \/>(+16 for winning)\n|l|\u2606parasiticdrill\n","uploadtime":1700970922,"views":9,"p1id":"parasiticdrill","p2id":"mzqiull","formatid":"gen9nationaldex","rating":1482,"private":0,"password":""}