{"id":"gen9nationaldex-1992654630","p1":"Sulo","p2":"Forever1507","format":"[Gen 9] National Dex","log":"|j|\u2606Sulo\n|j|\u2606Forever1507\n|inactive|Battle timer is ON: inactive players will automatically lose when time's up.\n|t:|1700221004\n|gametype|singles\n|player|p1|Sulo|#psstaffm|\n|player|p2|Forever1507|170|\n|teamsize|p1|6\n|teamsize|p2|6\n|gen|9\n|tier|[Gen 9] National Dex\n|rated|Tournament battle\n|rule|HP Percentage Mod: HP is shown in percentages\n|rule|Endless Battle Clause: Forcing endless battles is banned\n|rule|OHKO Clause: OHKO moves are banned\n|rule|Evasion Clause: Evasion abilities, items, and moves are banned\n|rule|Evasion Abilities Clause: Evasion abilities are banned\n|rule|Evasion Items Clause: Evasion items are banned\n|rule|Evasion Moves Clause: Evasion moves are banned\n|rule|Species Clause: Limit one of each Pok\u00e9mon\n|rule|Sleep Clause Mod: Limit one foe put to sleep\n|clearpoke\n|poke|p1|Ogerpon-Wellspring, F|\n|poke|p1|Landorus-Therian, M|\n|poke|p1|Tapu Lele|\n|poke|p1|Zamazenta-*|\n|poke|p1|Heatran, M|\n|poke|p1|Slowking-Galar, F|\n|poke|p2|Charizard, F|\n|poke|p2|Kommo-o, F|\n|poke|p2|Rillaboom, F|\n|poke|p2|Sneasler, M|\n|poke|p2|Volcarona, M|\n|poke|p2|Rotom-Wash|\n|teampreview\n|inactive|Sulo also wants the timer to be on.\n|c|\u2606Sulo|hf\n|c|\u2606Forever1507|hf\n|j| T100 ASO\n|\n|t:|1700221030\n|start\n|switch|p1a: Slowking|Slowking-Galar, F|100\/100\n|switch|p2a: Rotom|Rotom-Wash|100\/100\n|turn|1\n|\n|t:|1700221038\n|move|p2a: Rotom|Volt Switch|p1a: Slowking\n|-damage|p1a: Slowking|81\/100\n|\n|t:|1700221045\n|switch|p2a: Rillaboom|Rillaboom, F|100\/100|[from] Volt Switch\n|-fieldstart|move: Grassy Terrain|[from] ability: Grassy Surge|[of] p2a: Rillaboom\n|move|p1a: Slowking|Future Sight|p2a: Rillaboom\n|-start|p1a: Slowking|move: Future Sight\n|\n|-heal|p1a: Slowking|88\/100|[from] Grassy Terrain\n|upkeep\n|turn|2\n|\n|t:|1700221050\n|move|p2a: Rillaboom|U-turn|p1a: Slowking\n|-damage|p1a: Slowking|58\/100\n|\n|t:|1700221053\n|switch|p2a: Volcarona|Volcarona, M|100\/100|[from] U-turn\n|move|p1a: Slowking|Thunder Wave|p2a: Volcarona\n|-status|p2a: Volcarona|par\n|\n|-heal|p1a: Slowking|64\/100|[from] Grassy Terrain\n|upkeep\n|turn|3\n|\n|t:|1700221058\n|move|p2a: Volcarona|Quiver Dance|p2a: Volcarona\n|-boost|p2a: Volcarona|spa|1\n|-boost|p2a: Volcarona|spd|1\n|-boost|p2a: Volcarona|spe|1\n|move|p1a: Slowking|Chilly Reception|p1a: Slowking\n|-weather|Snow\n|\n|t:|1700221062\n|switch|p1a: Ogerpon|Ogerpon-Wellspring, F|100\/100|[from] Chilly Reception\n|\n|-weather|Snow|[upkeep]\n|-end|p2a: Volcarona|move: Future Sight\n|-damage|p2a: Volcarona|69\/100 par\n|-heal|p2a: Volcarona|75\/100 par|[from] Grassy Terrain\n|upkeep\n|turn|4\n|\n|t:|1700221074\n|move|p1a: Ogerpon|Ivy Cudgel|p2a: Volcarona|[anim] Ivy Cudgel Water\n|-supereffective|p2a: Volcarona\n|-damage|p2a: Volcarona|0 fnt\n|faint|p2a: Volcarona\n|\n|-weather|Snow|[upkeep]\n|upkeep\n|\n|t:|1700221077\n|switch|p2a: Rotom|Rotom-Wash|100\/100\n|turn|5\n|\n|t:|1700221083\n|switch|p1a: Landorus|Landorus-Therian, M|100\/100\n|-ability|p1a: Landorus|Intimidate|boost\n|-unboost|p2a: Rotom|atk|1\n|move|p2a: Rotom|Will-O-Wisp|p1a: Landorus\n|-status|p1a: Landorus|brn\n|\n|-weather|Snow|[upkeep]\n|-damage|p1a: Landorus|94\/100 brn|[from] brn\n|-fieldend|move: Grassy Terrain\n|upkeep\n|turn|6\n|\n|t:|1700221097\n|switch|p2a: Charizard|Charizard, F|100\/100\n|move|p1a: Landorus|Toxic|p2a: Charizard\n|-status|p2a: Charizard|tox\n|\n|-weather|Snow|[upkeep]\n|-damage|p2a: Charizard|94\/100 tox|[from] psn\n|-damage|p1a: Landorus|88\/100 brn|[from] brn\n|upkeep\n|turn|7\n|\n|t:|1700221103\n|switch|p1a: Slowking|Slowking-Galar, F|97\/100\n|detailschange|p2a: Charizard|Charizard-Mega-X, F\n|-mega|p2a: Charizard|Charizard|Charizardite X\n|move|p2a: Charizard|Dragon Dance|p2a: Charizard\n|-boost|p2a: Charizard|atk|1\n|-boost|p2a: Charizard|spe|1\n|\n|-weather|none\n|-damage|p2a: Charizard|82\/100 tox|[from] psn\n|upkeep\n|turn|8\n|\n|t:|1700221109\n|move|p2a: Charizard|Earthquake|p1a: Slowking\n|-supereffective|p1a: Slowking\n|-damage|p1a: Slowking|23\/100\n|move|p1a: Slowking|Chilly Reception|p1a: Slowking\n|-weather|Snow\n|\n|t:|1700221115\n|switch|p1a: Zamazenta|Zamazenta|100\/100|[from] Chilly Reception\n|-ability|p1a: Zamazenta|Dauntless Shield|boost\n|-boost|p1a: Zamazenta|def|1\n|\n|-weather|Snow|[upkeep]\n|-damage|p2a: Charizard|64\/100 tox|[from] psn\n|upkeep\n|turn|9\n|\n|t:|1700221121\n|move|p2a: Charizard|Flare Blitz|p1a: Zamazenta\n|-damage|p1a: Zamazenta|29\/100\n|-status|p1a: Zamazenta|brn\n|-damage|p2a: Charizard|38\/100 tox|[from] Recoil\n|move|p1a: Zamazenta|Close Combat|p2a: Charizard\n|-damage|p2a: Charizard|6\/100 tox\n|-unboost|p1a: Zamazenta|def|1\n|-unboost|p1a: Zamazenta|spd|1\n|\n|-weather|Snow|[upkeep]\n|-damage|p2a: Charizard|0 fnt|[from] psn\n|faint|p2a: Charizard\n|-damage|p1a: Zamazenta|22\/100 brn|[from] brn\n|upkeep\n|c|\u2606Sulo|..\n|\n|t:|1700221129\n|switch|p2a: Rillaboom|Rillaboom, F|100\/100\n|-fieldstart|move: Grassy Terrain|[from] ability: Grassy Surge|[of] p2a: Rillaboom\n|turn|10\n|\n|t:|1700221137\n|move|p1a: Zamazenta|Close Combat|p2a: Rillaboom\n|-damage|p2a: Rillaboom|68\/100\n|-unboost|p1a: Zamazenta|def|1\n|-unboost|p1a: Zamazenta|spd|1\n|move|p2a: Rillaboom|U-turn|p1a: Zamazenta\n|-resisted|p1a: Zamazenta\n|-damage|p1a: Zamazenta|0 fnt\n|faint|p1a: Zamazenta\n|\n|t:|1700221151\n|switch|p2a: Kommo-o|Kommo-o, F|100\/100|[from] U-turn\n|\n|-weather|Snow|[upkeep]\n|upkeep\n|c| T100 ASO|wait\n|\n|t:|1700221155\n|switch|p1a: Tapu Lele|Tapu Lele|100\/100\n|-fieldstart|move: Psychic Terrain|[from] ability: Psychic Surge|[of] p1a: Tapu Lele\n|turn|11\n|\n|t:|1700221162\n|switch|p2a: Rillaboom|Rillaboom, F|68\/100\n|-fieldstart|move: Grassy Terrain|[from] ability: Grassy Surge|[of] p2a: Rillaboom\n|move|p1a: Tapu Lele|Psychic|p2a: Rillaboom\n|-damage|p2a: Rillaboom|2\/100\n|\n|-weather|Snow|[upkeep]\n|-heal|p2a: Rillaboom|8\/100|[from] Grassy Terrain\n|upkeep\n|turn|12\n|c| T100 ASO|nvm\n|\n|t:|1700221171\n|switch|p1a: Landorus|Landorus-Therian, M|88\/100 brn\n|-ability|p1a: Landorus|Intimidate|boost\n|-unboost|p2a: Rillaboom|atk|1\n|move|p2a: Rillaboom|U-turn|p1a: Landorus\n|-resisted|p1a: Landorus\n|-damage|p1a: Landorus|80\/100 brn\n|-damage|p2a: Rillaboom|0 fnt|[from] item: Rocky Helmet|[of] p1a: Landorus\n|faint|p2a: Rillaboom\n|\n|-weather|none\n|-damage|p1a: Landorus|74\/100 brn|[from] brn\n|upkeep\n|\n|t:|1700221184\n|switch|p2a: Sneasler|Sneasler, M|100\/100\n|-enditem|p2a: Sneasler|Grassy Seed\n|-boost|p2a: Sneasler|def|1|[from] item: Grassy Seed\n|turn|13\n|\n|t:|1700221194\n|move|p2a: Sneasler|Swords Dance|p2a: Sneasler\n|-boost|p2a: Sneasler|atk|2\n|move|p1a: Landorus|Toxic|p2a: Sneasler\n|-immune|p2a: Sneasler\n|\n|-damage|p1a: Landorus|68\/100 brn|[from] brn\n|upkeep\n|turn|14\n|\n|t:|1700221201\n|move|p2a: Sneasler|Swords Dance|p2a: Sneasler\n|-boost|p2a: Sneasler|atk|2\n|move|p1a: Landorus|U-turn|p2a: Sneasler\n|-resisted|p2a: Sneasler\n|-damage|p2a: Sneasler|97\/100\n|inactive|Sulo has 120 seconds left.\n|\n|t:|1700221235\n|switch|p1a: Slowking|Slowking-Galar, F|56\/100|[from] U-turn\n|\n|-heal|p2a: Sneasler|100\/100|[from] Grassy Terrain\n|-heal|p1a: Slowking|62\/100|[from] Grassy Terrain\n|upkeep\n|turn|15\n|\n|t:|1700221242\n|-terastallize|p2a: Sneasler|Flying\n|-terastallize|p1a: Slowking|Steel\n|move|p2a: Sneasler|Acrobatics|p1a: Slowking\n|-resisted|p1a: Slowking\n|-damage|p1a: Slowking|0 fnt\n|faint|p1a: Slowking\n|\n|-fieldend|move: Grassy Terrain\n|upkeep\n|c|\u2606Sulo|sigh\n|inactive|Sulo has 120 seconds left.\n|-message|Sulo forfeited.\n|\n|win|Forever1507\n|n|\u2606Sulo|sulo\n|n|\u2606Forever1507|forever1507\n|n| T100 ASO|t100aso\n","uploadtime":1700221260,"views":4,"p1id":"sulo","p2id":"forever1507","formatid":"gen9nationaldex","rating":0,"private":0,"password":""}