{"id":"gen9nationaldex-1992892352","p1":"BrrFrostbyte","p2":"TeamGardevoir123","format":"[Gen 9] National Dex","log":"|j|\u2606BrrFrostbyte\n|j|\u2606TeamGardevoir123\n|t:|1700244469\n|gametype|singles\n|player|p1|BrrFrostbyte|richboy-gen4|1111\n|player|p2|TeamGardevoir123|wally|1181\n|teamsize|p1|6\n|teamsize|p2|6\n|gen|9\n|tier|[Gen 9] National Dex\n|rated|\n|rule|HP Percentage Mod: HP is shown in percentages\n|rule|Endless Battle Clause: Forcing endless battles is banned\n|rule|OHKO Clause: OHKO moves are banned\n|rule|Evasion Clause: Evasion abilities, items, and moves are banned\n|rule|Evasion Abilities Clause: Evasion abilities are banned\n|rule|Evasion Items Clause: Evasion items are banned\n|rule|Evasion Moves Clause: Evasion moves are banned\n|rule|Species Clause: Limit one of each Pok\u00e9mon\n|rule|Sleep Clause Mod: Limit one foe put to sleep\n|clearpoke\n|poke|p1|Venusaur, M|\n|poke|p1|Raichu, M|\n|poke|p1|Nidoking, M|\n|poke|p1|Arcanine, M|\n|poke|p1|Lapras, F|\n|poke|p1|Dragonite, M|\n|poke|p2|Lycanroc-Midnight, F|\n|poke|p2|Gardevoir, F|\n|poke|p2|Meowscarada, F|\n|poke|p2|Eevee, M|\n|poke|p2|Talonflame, M|\n|poke|p2|Garchomp, M|\n|teampreview\n|\n|t:|1700244472\n|start\n|switch|p1a: Raichu|Raichu, M|100\/100\n|switch|p2a: Talonflame|Talonflame, M|100\/100\n|turn|1\n|\n|t:|1700244481\n|switch|p2a: Garchomp|Garchomp, M|100\/100\n|move|p1a: Raichu|Thunder Punch|p2a: Garchomp\n|-immune|p2a: Garchomp\n|\n|upkeep\n|turn|2\n|\n|t:|1700244489\n|move|p1a: Raichu|Iron Tail|p2a: Garchomp\n|-damage|p2a: Garchomp|72\/100\n|-damage|p1a: Raichu|88\/100|[from] ability: Rough Skin|[of] p2a: Garchomp\n|move|p2a: Garchomp|Stealth Rock|p1a: Raichu\n|-sidestart|p1: BrrFrostbyte|move: Stealth Rock\n|\n|upkeep\n|turn|3\n|\n|t:|1700244496\n|move|p1a: Raichu|Brick Break|p2a: Garchomp\n|-damage|p2a: Garchomp|51\/100\n|-damage|p1a: Raichu|76\/100|[from] ability: Rough Skin|[of] p2a: Garchomp\n|move|p2a: Garchomp|Earthquake|p1a: Raichu\n|-supereffective|p1a: Raichu\n|-damage|p1a: Raichu|0 fnt\n|faint|p1a: Raichu\n|-damage|p2a: Garchomp|41\/100|[from] item: Life Orb\n|\n|upkeep\n|\n|t:|1700244501\n|switch|p1a: Arcanine|Arcanine, M|100\/100\n|-damage|p1a: Arcanine|76\/100|[from] Stealth Rock\n|-ability|p1a: Arcanine|Intimidate|boost\n|-unboost|p2a: Garchomp|atk|1\n|turn|4\n|\n|t:|1700244509\n|switch|p2a: Talonflame|Talonflame, M|100\/100\n|move|p1a: Arcanine|Play Rough|p2a: Talonflame\n|-resisted|p2a: Talonflame\n|-damage|p2a: Talonflame|84\/100\n|\n|upkeep\n|turn|5\n|\n|t:|1700244517\n|move|p2a: Talonflame|Tailwind|p2a: Talonflame\n|-sidestart|p2: TeamGardevoir123|move: Tailwind\n|move|p1a: Arcanine|Crunch|p2a: Talonflame\n|-crit|p2a: Talonflame\n|-damage|p2a: Talonflame|36\/100\n|\n|upkeep\n|turn|6\n|\n|t:|1700244522\n|move|p2a: Talonflame|U-turn|p1a: Arcanine\n|-resisted|p1a: Arcanine\n|-damage|p1a: Arcanine|66\/100\n|\n|t:|1700244531\n|switch|p2a: Lycanroc|Lycanroc-Midnight, F|100\/100|[from] U-turn\n|move|p1a: Arcanine|Crunch|p2a: Lycanroc\n|-damage|p2a: Lycanroc|64\/100\n|\n|upkeep\n|turn|7\n|\n|t:|1700244574\n|move|p2a: Lycanroc|Trailblaze|p1a: Arcanine\n|-resisted|p1a: Arcanine\n|-damage|p1a: Arcanine|55\/100\n|-boost|p2a: Lycanroc|spe|1\n|move|p1a: Arcanine|Crunch|p2a: Lycanroc\n|-damage|p2a: Lycanroc|30\/100\n|\n|upkeep\n|turn|8\n|\n|t:|1700244604\n|move|p2a: Lycanroc|Stone Edge|p1a: Arcanine\n|-supereffective|p1a: Arcanine\n|-crit|p1a: Arcanine\n|-damage|p1a: Arcanine|0 fnt\n|faint|p1a: Arcanine\n|\n|-sideend|p2: TeamGardevoir123|move: Tailwind\n|upkeep\n|\n|t:|1700244607\n|switch|p1a: Venusaur|Venusaur, M|100\/100\n|-damage|p1a: Venusaur|88\/100|[from] Stealth Rock\n|turn|9\n|\n|t:|1700244619\n|detailschange|p1a: Venusaur|Venusaur-Mega, M\n|-mega|p1a: Venusaur|Venusaur|Venusaurite\n|-zpower|p2a: Lycanroc\n|move|p2a: Lycanroc|Splintered Stormshards|p1a: Venusaur|[zeffect]\n|-damage|p1a: Venusaur|0 fnt\n|faint|p1a: Venusaur\n|\n|upkeep\n|\n|t:|1700244634\n|switch|p1a: Lapras|Lapras, F|100\/100\n|-damage|p1a: Lapras|76\/100|[from] Stealth Rock\n|turn|10\n|\n|t:|1700244639\n|-terastallize|p1a: Lapras|Water\n|move|p2a: Lycanroc|Stone Edge|p1a: Lapras\n|-damage|p1a: Lapras|30\/100\n|move|p1a: Lapras|Liquidation|p2a: Lycanroc\n|-supereffective|p2a: Lycanroc\n|-damage|p2a: Lycanroc|0 fnt\n|faint|p2a: Lycanroc\n|\n|upkeep\n|\n|t:|1700244651\n|switch|p2a: Talonflame|Talonflame, M|36\/100\n|turn|11\n|\n|t:|1700244654\n|move|p2a: Talonflame|Tailwind|p2a: Talonflame\n|-sidestart|p2: TeamGardevoir123|move: Tailwind\n|move|p1a: Lapras|Liquidation|p2a: Talonflame\n|-supereffective|p2a: Talonflame\n|-damage|p2a: Talonflame|0 fnt\n|faint|p2a: Talonflame\n|\n|upkeep\n|\n|t:|1700244659\n|switch|p2a: Eevee|Eevee, M|100\/100\n|turn|12\n|\n|t:|1700244663\n|move|p2a: Eevee|Protect|p2a: Eevee\n|-singleturn|p2a: Eevee|Protect\n|move|p1a: Lapras|Liquidation|p2a: Eevee\n|-activate|p2a: Eevee|move: Protect\n|\n|upkeep\n|turn|13\n|\n|t:|1700244670\n|move|p2a: Eevee|Last Resort|p1a: Lapras\n|-damage|p1a: Lapras|0 fnt\n|faint|p1a: Lapras\n|\n|upkeep\n|\n|t:|1700244672\n|switch|p1a: Nidoking|Nidoking, M|100\/100\n|-damage|p1a: Nidoking|95\/100|[from] Stealth Rock\n|turn|14\n|\n|t:|1700244680\n|move|p2a: Eevee|Last Resort|p1a: Nidoking\n|-damage|p1a: Nidoking|0 fnt\n|faint|p1a: Nidoking\n|\n|-sideend|p2: TeamGardevoir123|move: Tailwind\n|upkeep\n|\n|t:|1700244682\n|switch|p1a: Dragonite|Dragonite, M|100\/100\n|-damage|p1a: Dragonite|76\/100|[from] Stealth Rock\n|turn|15\n|\n|t:|1700244690\n|move|p1a: Dragonite|Dragon Dance|p1a: Dragonite\n|-boost|p1a: Dragonite|atk|1\n|-boost|p1a: Dragonite|spe|1\n|move|p2a: Eevee|Last Resort|p1a: Dragonite\n|-damage|p1a: Dragonite|1\/100\n|\n|upkeep\n|turn|16\n|\n|t:|1700244698\n|move|p1a: Dragonite|Dragon Claw|p2a: Eevee\n|-crit|p2a: Eevee\n|-damage|p2a: Eevee|0 fnt\n|faint|p2a: Eevee\n|\n|upkeep\n|\n|t:|1700244704\n|switch|p2a: Spriggan|Meowscarada, F|100\/100\n|turn|17\n|\n|t:|1700244709\n|move|p2a: Spriggan|Sucker Punch|p1a: Dragonite\n|-start|p2a: Spriggan|typechange|Dark|[from] ability: Protean\n|-damage|p1a: Dragonite|0 fnt\n|faint|p1a: Dragonite\n|\n|win|TeamGardevoir123\n|raw|BrrFrostbyte's rating: 1111 &rarr; <strong>1091<\/strong><br \/>(-20 for losing)\n|raw|TeamGardevoir123's rating: 1181 &rarr; <strong>1201<\/strong><br \/>(+20 for winning)\n|l|\u2606BrrFrostbyte\n","uploadtime":1700244718,"views":12,"p1id":"brrfrostbyte","p2id":"teamgardevoir123","formatid":"gen9nationaldex","rating":1091,"private":0,"password":""}