{"id":"gen9nationaldex-1990684985","p1":"JogadorCaro","p2":"ordja2","format":"[Gen 9] National Dex","log":"|j|\u2606JogadorCaro\n|j|\u2606ordja2\n|t:|1699991612\n|gametype|singles\n|player|p1|JogadorCaro|tate|1766\n|player|p2|ordja2|170|1806\n|teamsize|p1|6\n|teamsize|p2|6\n|gen|9\n|tier|[Gen 9] National Dex\n|rated|\n|rule|HP Percentage Mod: HP is shown in percentages\n|rule|Endless Battle Clause: Forcing endless battles is banned\n|rule|OHKO Clause: OHKO moves are banned\n|rule|Evasion Clause: Evasion abilities, items, and moves are banned\n|rule|Evasion Abilities Clause: Evasion abilities are banned\n|rule|Evasion Items Clause: Evasion items are banned\n|rule|Evasion Moves Clause: Evasion moves are banned\n|rule|Species Clause: Limit one of each Pok\u00e9mon\n|rule|Sleep Clause Mod: Limit one foe put to sleep\n|clearpoke\n|poke|p1|Garganacl, F|\n|poke|p1|Zamazenta-*|\n|poke|p1|Volcarona, F|\n|poke|p1|Hoopa-Unbound|\n|poke|p1|Dondozo, F|\n|poke|p1|Rotom-Wash|\n|poke|p2|Garchomp, F|\n|poke|p2|Ogerpon-Wellspring, F|\n|poke|p2|Dondozo, F|\n|poke|p2|Heatran, M|\n|poke|p2|Zapdos|\n|poke|p2|Chansey, F|\n|teampreview\n|\n|t:|1699991625\n|start\n|switch|p1a: mulher|Rotom-Wash|100\/100\n|switch|p2a: Zapdos|Zapdos|100\/100\n|turn|1\n|\n|t:|1699991631\n|-terastallize|p2a: Zapdos|Electric\n|move|p2a: Zapdos|Volt Switch|p1a: mulher\n|-damage|p1a: mulher|61\/100\n|\n|t:|1699991636\n|switch|p2a: Garchomp|Garchomp, F|100\/100|[from] Volt Switch\n|move|p1a: mulher|Volt Switch|p2a: Garchomp\n|-immune|p2a: Garchomp\n|\n|-heal|p1a: mulher|67\/100|[from] item: Leftovers\n|upkeep\n|turn|2\n|\n|t:|1699991643\n|switch|p2a: Zapdos|Zapdos, tera:Electric|100\/100\n|move|p1a: mulher|Hydro Pump|p2a: Zapdos\n|-damage|p2a: Zapdos|57\/100\n|\n|-heal|p1a: mulher|74\/100|[from] item: Leftovers\n|upkeep\n|turn|3\n|\n|t:|1699991650\n|move|p2a: Zapdos|Volt Switch|p1a: mulher\n|-damage|p1a: mulher|39\/100\n|j| GracieVGC\n|\n|t:|1699991654\n|switch|p2a: Garchomp|Garchomp, F|100\/100|[from] Volt Switch\n|move|p1a: mulher|Volt Switch|p2a: Garchomp\n|-immune|p2a: Garchomp\n|\n|-heal|p1a: mulher|46\/100|[from] item: Leftovers\n|upkeep\n|turn|4\n|\n|t:|1699991661\n|move|p2a: Garchomp|Outrage|p1a: mulher\n|-damage|p1a: mulher|0 fnt\n|faint|p1a: mulher\n|\n|upkeep\n|\n|t:|1699991668\n|switch|p1a: Toji|Zamazenta|100\/100\n|-ability|p1a: Toji|Dauntless Shield|boost\n|-boost|p1a: Toji|def|1\n|turn|5\n|\n|t:|1699991672\n|move|p2a: Garchomp|Outrage|p1a: Toji|[from]lockedmove\n|-damage|p1a: Toji|58\/100\n|move|p1a: Toji|Close Combat|p2a: Garchomp\n|-damage|p2a: Garchomp|18\/100\n|-unboost|p1a: Toji|def|1\n|-unboost|p1a: Toji|spd|1\n|-damage|p1a: Toji|45\/100|[from] ability: Rough Skin|[of] p2a: Garchomp\n|\n|upkeep\n|turn|6\n|\n|t:|1699991681\n|switch|p1a: Mahoraga|Garganacl, F|100\/100\n|move|p2a: Garchomp|Outrage|p1a: Mahoraga|[from]lockedmove\n|-damage|p1a: Mahoraga|64\/100\n|-start|p2a: Garchomp|confusion|[fatigue]\n|\n|-heal|p1a: Mahoraga|70\/100|[from] item: Leftovers\n|upkeep\n|turn|7\n|\n|t:|1699991690\n|-activate|p2a: Garchomp|confusion\n|move|p2a: Garchomp|Outrage|p1a: Mahoraga\n|-damage|p1a: Mahoraga|37\/100\n|move|p1a: Mahoraga|Body Press|p2a: Garchomp\n|-damage|p2a: Garchomp|0 fnt\n|-damage|p1a: Mahoraga|24\/100|[from] ability: Rough Skin|[of] p2a: Garchomp\n|faint|p2a: Garchomp\n|\n|-heal|p1a: Mahoraga|30\/100|[from] item: Leftovers\n|upkeep\n|\n|t:|1699991700\n|switch|p2a: Ogerpon|Ogerpon-Wellspring, F|100\/100\n|turn|8\n|\n|t:|1699991704\n|move|p2a: Ogerpon|Ivy Cudgel|p1a: Mahoraga|[anim] Ivy Cudgel Water\n|-supereffective|p1a: Mahoraga\n|-damage|p1a: Mahoraga|0 fnt\n|faint|p1a: Mahoraga\n|\n|upkeep\n|\n|t:|1699991709\n|switch|p1a: Toji|Zamazenta|45\/100\n|turn|9\n|\n|t:|1699991715\n|switch|p2a: Dondozo|Dondozo, F|100\/100\n|move|p1a: Toji|Close Combat|p2a: Dondozo\n|-damage|p2a: Dondozo|62\/100\n|-unboost|p1a: Toji|def|1\n|-unboost|p1a: Toji|spd|1\n|\n|-heal|p2a: Dondozo|68\/100|[from] item: Leftovers\n|upkeep\n|turn|10\n|\n|t:|1699991728\n|switch|p1a: Agito|Hoopa-Unbound|100\/100\n|move|p2a: Dondozo|Wave Crash|p1a: Agito\n|-damage|p1a: Agito|34\/100\n|-damage|p2a: Dondozo|55\/100|[from] Recoil\n|\n|-heal|p2a: Dondozo|61\/100|[from] item: Leftovers\n|upkeep\n|turn|11\n|\n|t:|1699991736\n|switch|p2a: Chansey|Chansey, F|100\/100\n|move|p1a: Agito|Psychic|p2a: Chansey\n|-damage|p2a: Chansey|75\/100\n|\n|upkeep\n|turn|12\n|\n|t:|1699991743\n|switch|p1a: Bale\u00e3o|Dondozo, F|100\/100\n|move|p2a: Chansey|Wish|p2a: Chansey\n|\n|upkeep\n|turn|13\n|\n|t:|1699991751\n|switch|p2a: Zapdos|Zapdos, tera:Electric|57\/100\n|move|p1a: Bale\u00e3o|Wave Crash|p2a: Zapdos\n|-damage|p2a: Zapdos|4\/100\n|-damage|p1a: Bale\u00e3o|89\/100|[from] Recoil\n|\n|-heal|p2a: Zapdos|100\/100|[from] move: Wish|[wisher] Chansey\n|-heal|p1a: Bale\u00e3o|95\/100|[from] item: Leftovers\n|upkeep\n|turn|14\n|\n|t:|1699991761\n|switch|p1a: Endeavor|Volcarona, F|100\/100\n|move|p2a: Zapdos|Volt Switch|p1a: Endeavor\n|-damage|p1a: Endeavor|54\/100\n|\n|t:|1699991766\n|switch|p2a: Ogerpon|Ogerpon-Wellspring, F|100\/100|[from] Volt Switch\n|\n|upkeep\n|turn|15\n|\n|t:|1699991770\n|move|p2a: Ogerpon|Ivy Cudgel|p1a: Endeavor|[anim] Ivy Cudgel Water\n|-supereffective|p1a: Endeavor\n|-damage|p1a: Endeavor|0 fnt\n|faint|p1a: Endeavor\n|\n|upkeep\n|\n|t:|1699991773\n|switch|p1a: Toji|Zamazenta|45\/100\n|turn|16\n|\n|t:|1699991782\n|switch|p2a: Zapdos|Zapdos, tera:Electric|100\/100\n|move|p1a: Toji|Close Combat|p2a: Zapdos\n|-damage|p2a: Zapdos|0 fnt\n|-unboost|p1a: Toji|def|1\n|-unboost|p1a: Toji|spd|1\n|-status|p1a: Toji|par|[from] ability: Static|[of] p2a: Zapdos\n|faint|p2a: Zapdos\n|\n|upkeep\n|\n|t:|1699991791\n|switch|p2a: Ogerpon|Ogerpon-Wellspring, F|100\/100\n|turn|17\n|\n|t:|1699991795\n|switch|p1a: Agito|Hoopa-Unbound|34\/100\n|move|p2a: Ogerpon|Ivy Cudgel|p1a: Agito|[anim] Ivy Cudgel Water\n|-damage|p1a: Agito|0 fnt\n|faint|p1a: Agito\n|\n|upkeep\n|\n|t:|1699991796\n|switch|p1a: Toji|Zamazenta|45\/100 par\n|turn|18\n|\n|t:|1699991802\n|move|p2a: Ogerpon|Ivy Cudgel|p1a: Toji|[anim] Ivy Cudgel Water\n|-crit|p1a: Toji\n|-damage|p1a: Toji|0 fnt\n|faint|p1a: Toji\n|\n|upkeep\n|-message|JogadorCaro forfeited.\n|\n|win|ordja2\n|raw|JogadorCaro's rating: 1766 &rarr; <strong>1748<\/strong><br \/>(-18 for losing)\n|raw|ordja2's rating: 1806 &rarr; <strong>1824<\/strong><br \/>(+18 for winning)\n|l|\u2606JogadorCaro\n","uploadtime":1699991813,"views":12,"p1id":"jogadorcaro","p2id":"ordja2","formatid":"gen9nationaldex","rating":1748,"private":0,"password":""}