{"id":"gen9nationaldex-1996739890","p1":"MMM12341234124","p2":"GAGA233","format":"[Gen 9] National Dex","log":"|html|<div class=\"broadcast-blue\"><strong>[Gen 9] National Dex is currently suspecting Sneasler! For information on how to participate check out the <a href=\"https:\/\/www.smogon.com\/forums\/threads\/sv-national-dex-suspect-8-just-dance.3731534\/\">suspect thread<\/a>.<\/strong><\/div>\n|j|\u2606MMM12341234124\n|j|\u2606GAGA233\n|t:|1700717205\n|gametype|singles\n|player|p1|MMM12341234124|iris|1539\n|player|p2|GAGA233|101|1651\n|teamsize|p1|6\n|teamsize|p2|6\n|gen|9\n|tier|[Gen 9] National Dex\n|rated|\n|rule|HP Percentage Mod: HP is shown in percentages\n|rule|Endless Battle Clause: Forcing endless battles is banned\n|rule|OHKO Clause: OHKO moves are banned\n|rule|Evasion Clause: Evasion abilities, items, and moves are banned\n|rule|Evasion Abilities Clause: Evasion abilities are banned\n|rule|Evasion Items Clause: Evasion items are banned\n|rule|Evasion Moves Clause: Evasion moves are banned\n|rule|Species Clause: Limit one of each Pok\u00e9mon\n|rule|Sleep Clause Mod: Limit one foe put to sleep\n|clearpoke\n|poke|p1|Nihilego|\n|poke|p1|Ting-Lu|\n|poke|p1|Moltres|\n|poke|p1|Scizor, M|\n|poke|p1|Kommo-o, M|\n|poke|p1|Great Tusk|\n|poke|p2|Ogerpon, F|\n|poke|p2|Corviknight, F|\n|poke|p2|Clodsire, F|\n|poke|p2|Tyranitar, M|\n|poke|p2|Tapu Fini|\n|poke|p2|Banette, F|\n|teampreview\n|inactive|Battle timer is ON: inactive players will automatically lose when time's up. (requested by MMM12341234124)\n|l|\u2606GAGA233\n|inactive|GAGA233 disconnected and has a minute to reconnect!\n|player|p2|\n|j|\u2606GAGA233\n|inactive|GAGA233 reconnected and has 140 seconds left.\n|player|p2|GAGA233|101\n|\n|t:|1700717235\n|start\n|switch|p1a: Moltres|Moltres|100\/100\n|switch|p2a: Tyranitar|Tyranitar, M|100\/100\n|-weather|Sandstorm|[from] ability: Sand Stream|[of] p2a: Tyranitar\n|turn|1\n|j| Mollymiltoast\n|\n|t:|1700717241\n|switch|p1a: \u770b\u5230\u53d7\u961f\u5c31\u6295|Ting-Lu|100\/100\n|-ability|p1a: \u770b\u5230\u53d7\u961f\u5c31\u6295|Vessel of Ruin\n|move|p2a: Tyranitar|Ice Beam|p1a: \u770b\u5230\u53d7\u961f\u5c31\u6295\n|-supereffective|p1a: \u770b\u5230\u53d7\u961f\u5c31\u6295\n|-damage|p1a: \u770b\u5230\u53d7\u961f\u5c31\u6295|79\/100\n|\n|-weather|Sandstorm|[upkeep]\n|-heal|p1a: \u770b\u5230\u53d7\u961f\u5c31\u6295|85\/100|[from] item: Leftovers\n|upkeep\n|turn|2\n|\n|t:|1700717251\n|switch|p2a: Tapu Fini|Tapu Fini|100\/100\n|-fieldstart|move: Misty Terrain|[from] ability: Misty Surge|[of] p2a: Tapu Fini\n|move|p1a: \u770b\u5230\u53d7\u961f\u5c31\u6295|Stealth Rock|p2a: Tapu Fini\n|-sidestart|p2: GAGA233|move: Stealth Rock\n|\n|-weather|Sandstorm|[upkeep]\n|-damage|p2a: Tapu Fini|94\/100|[from] Sandstorm\n|-heal|p2a: Tapu Fini|100\/100|[from] item: Leftovers\n|-heal|p1a: \u770b\u5230\u53d7\u961f\u5c31\u6295|92\/100|[from] item: Leftovers\n|upkeep\n|turn|3\n|\n|t:|1700717261\n|move|p2a: Tapu Fini|Defog|p1a: \u770b\u5230\u53d7\u961f\u5c31\u6295\n|-unboost|p1a: \u770b\u5230\u53d7\u961f\u5c31\u6295|evasion|1\n|-sideend|p2: GAGA233|Stealth Rock|[from] move: Defog|[of] p2a: Tapu Fini\n|-fieldend|Misty Terrain\n|move|p1a: \u770b\u5230\u53d7\u961f\u5c31\u6295|Ruination|p2a: Tapu Fini\n|-damage|p2a: Tapu Fini|50\/100\n|\n|-weather|Sandstorm|[upkeep]\n|-damage|p2a: Tapu Fini|44\/100|[from] Sandstorm\n|-heal|p2a: Tapu Fini|50\/100|[from] item: Leftovers\n|-heal|p1a: \u770b\u5230\u53d7\u961f\u5c31\u6295|98\/100|[from] item: Leftovers\n|upkeep\n|turn|4\n|\n|t:|1700717267\n|move|p2a: Tapu Fini|Taunt|p1a: \u770b\u5230\u53d7\u961f\u5c31\u6295\n|-start|p1a: \u770b\u5230\u53d7\u961f\u5c31\u6295|move: Taunt\n|cant|p1a: \u770b\u5230\u53d7\u961f\u5c31\u6295|move: Taunt|Stealth Rock\n|\n|-weather|Sandstorm|[upkeep]\n|-damage|p2a: Tapu Fini|44\/100|[from] Sandstorm\n|-heal|p2a: Tapu Fini|50\/100|[from] item: Leftovers\n|-heal|p1a: \u770b\u5230\u53d7\u961f\u5c31\u6295|100\/100|[from] item: Leftovers\n|upkeep\n|turn|5\n|\n|t:|1700717270\n|move|p2a: Tapu Fini|Draining Kiss|p1a: \u770b\u5230\u53d7\u961f\u5c31\u6295\n|-supereffective|p1a: \u770b\u5230\u53d7\u961f\u5c31\u6295\n|-damage|p1a: \u770b\u5230\u53d7\u961f\u5c31\u6295|86\/100\n|-heal|p2a: Tapu Fini|66\/100|[from] drain|[of] p1a: \u770b\u5230\u53d7\u961f\u5c31\u6295\n|move|p1a: \u770b\u5230\u53d7\u961f\u5c31\u6295|Ruination|p2a: Tapu Fini\n|-damage|p2a: Tapu Fini|33\/100\n|\n|-weather|none\n|-heal|p2a: Tapu Fini|39\/100|[from] item: Leftovers\n|-heal|p1a: \u770b\u5230\u53d7\u961f\u5c31\u6295|93\/100|[from] item: Leftovers\n|upkeep\n|turn|6\n|\n|t:|1700717282\n|switch|p1a: Scizor|Scizor, M|100\/100\n|move|p2a: Tapu Fini|Calm Mind|p2a: Tapu Fini\n|-boost|p2a: Tapu Fini|spa|1\n|-boost|p2a: Tapu Fini|spd|1\n|\n|-heal|p2a: Tapu Fini|46\/100|[from] item: Leftovers\n|upkeep\n|turn|7\n|\n|t:|1700717289\n|switch|p2a: Corviknight|Corviknight, F|100\/100\n|-ability|p2a: Corviknight|Pressure\n|detailschange|p1a: Scizor|Scizor-Mega, M\n|-mega|p1a: Scizor|Scizor|Scizorite\n|move|p1a: Scizor|Bullet Punch|p2a: Corviknight\n|-resisted|p2a: Corviknight\n|-damage|p2a: Corviknight|89\/100\n|\n|upkeep\n|turn|8\n|\n|t:|1700717297\n|switch|p1a: Moltres|Moltres|100\/100\n|move|p2a: Corviknight|U-turn|p1a: Moltres\n|-resisted|p1a: Moltres\n|-damage|p1a: Moltres|98\/100\n|-status|p2a: Corviknight|brn|[from] ability: Flame Body|[of] p1a: Moltres\n|\n|t:|1700717305\n|switch|p2a: Banette|Banette, F|100\/100|[from] U-turn\n|-item|p1a: Moltres|Heavy-Duty Boots|[from] ability: Frisk|[of] p2a: Banette|[identify]\n|\n|upkeep\n|turn|9\n|\n|t:|1700717312\n|detailschange|p2a: Banette|Banette-Mega, F\n|-mega|p2a: Banette|Banette|Banettite\n|move|p2a: Banette|Poltergeist|p1a: Moltres\n|-activate|p1a: Moltres|move: Poltergeist|Heavy-Duty Boots\n|-damage|p1a: Moltres|43\/100\n|move|p1a: Moltres|Toxic|p2a: Banette\n|-status|p2a: Banette|tox\n|\n|-damage|p2a: Banette|95\/100 tox|[from] psn\n|upkeep\n|turn|10\n|\n|t:|1700717324\n|switch|p2a: Ogerpon|Ogerpon, F|100\/100\n|move|p1a: Moltres|Roost|p1a: Moltres\n|-heal|p1a: Moltres|93\/100\n|-singleturn|p1a: Moltres|move: Roost\n|\n|upkeep\n|turn|11\n|\n|t:|1700717332\n|switch|p2a: Banette|Banette-Mega, F|95\/100 tox\n|move|p1a: Moltres|Mystical Fire|p2a: Banette\n|-damage|p2a: Banette|52\/100 tox\n|-unboost|p2a: Banette|spa|1\n|\n|-damage|p2a: Banette|46\/100 tox|[from] psn\n|upkeep\n|turn|12\n|\n|t:|1700717338\n|move|p2a: Banette|Poltergeist|p1a: Moltres\n|-activate|p1a: Moltres|move: Poltergeist|Heavy-Duty Boots\n|-damage|p1a: Moltres|38\/100\n|move|p1a: Moltres|Mystical Fire|p2a: Banette\n|-damage|p2a: Banette|1\/100 tox\n|-unboost|p2a: Banette|spa|1\n|\n|-damage|p2a: Banette|0 fnt|[from] psn\n|faint|p2a: Banette\n|upkeep\n|\n|t:|1700717346\n|switch|p2a: Ogerpon|Ogerpon, F|100\/100\n|turn|13\n|\n|t:|1700717359\n|move|p2a: Ogerpon|Rock Tomb|p1a: Moltres\n|-supereffective|p1a: Moltres\n|-damage|p1a: Moltres|0 fnt\n|faint|p1a: Moltres\n|\n|upkeep\n|\n|t:|1700717371\n|switch|p1a: \u522b\u73a9\u53d7\u4e86|Kommo-o, M|100\/100\n|turn|14\n|\n|t:|1700717376\n|switch|p2a: Clodsire|Clodsire, F|100\/100\n|-zpower|p1a: \u522b\u73a9\u53d7\u4e86\n|move|p1a: \u522b\u73a9\u53d7\u4e86|Clangorous Soulblaze|p2a: Clodsire|[zeffect]\n|-damage|p2a: Clodsire|58\/100\n|-boost|p1a: \u522b\u73a9\u53d7\u4e86|atk|1\n|-boost|p1a: \u522b\u73a9\u53d7\u4e86|def|1\n|-boost|p1a: \u522b\u73a9\u53d7\u4e86|spa|1\n|-boost|p1a: \u522b\u73a9\u53d7\u4e86|spd|1\n|-boost|p1a: \u522b\u73a9\u53d7\u4e86|spe|1\n|\n|-heal|p2a: Clodsire|64\/100|[from] item: Leftovers\n|upkeep\n|turn|15\n|\n|t:|1700717382\n|move|p1a: \u522b\u73a9\u53d7\u4e86|Boomburst|p2a: Clodsire\n|-damage|p2a: Clodsire|31\/100\n|move|p2a: Clodsire|Toxic|p1a: \u522b\u73a9\u53d7\u4e86\n|-status|p1a: \u522b\u73a9\u53d7\u4e86|tox\n|\n|-heal|p2a: Clodsire|37\/100|[from] item: Leftovers\n|-damage|p1a: \u522b\u73a9\u53d7\u4e86|94\/100 tox|[from] psn\n|upkeep\n|turn|16\n|\n|t:|1700717387\n|move|p1a: \u522b\u73a9\u53d7\u4e86|Clanging Scales|p2a: Clodsire\n|-damage|p2a: Clodsire|0 fnt\n|faint|p2a: Clodsire\n|-unboost|p1a: \u522b\u73a9\u53d7\u4e86|def|1\n|\n|-damage|p1a: \u522b\u73a9\u53d7\u4e86|82\/100 tox|[from] psn\n|upkeep\n|\n|t:|1700717396\n|switch|p2a: Tyranitar|Tyranitar, M|100\/100\n|-weather|Sandstorm|[from] ability: Sand Stream|[of] p2a: Tyranitar\n|turn|17\n|\n|t:|1700717409\n|switch|p2a: Tapu Fini|Tapu Fini|46\/100\n|-fieldstart|move: Misty Terrain|[from] ability: Misty Surge|[of] p2a: Tapu Fini\n|move|p1a: \u522b\u73a9\u53d7\u4e86|Clanging Scales|p2a: Tapu Fini\n|-immune|p2a: Tapu Fini\n|\n|-weather|Sandstorm|[upkeep]\n|-damage|p1a: \u522b\u73a9\u53d7\u4e86|76\/100 tox|[from] Sandstorm\n|-damage|p2a: Tapu Fini|39\/100|[from] Sandstorm\n|-heal|p2a: Tapu Fini|46\/100|[from] item: Leftovers\n|-damage|p1a: \u522b\u73a9\u53d7\u4e86|57\/100 tox|[from] psn\n|upkeep\n|turn|18\n|\n|t:|1700717435\n|move|p1a: \u522b\u73a9\u53d7\u4e86|Flash Cannon|p2a: Tapu Fini\n|-damage|p2a: Tapu Fini|16\/100\n|move|p2a: Tapu Fini|Draining Kiss|p1a: \u522b\u73a9\u53d7\u4e86\n|-supereffective|p1a: \u522b\u73a9\u53d7\u4e86\n|-damage|p1a: \u522b\u73a9\u53d7\u4e86|10\/100 tox\n|-heal|p2a: Tapu Fini|45\/100|[from] drain|[of] p1a: \u522b\u73a9\u53d7\u4e86\n|\n|-weather|Sandstorm|[upkeep]\n|-damage|p1a: \u522b\u73a9\u53d7\u4e86|4\/100 tox|[from] Sandstorm\n|-damage|p2a: Tapu Fini|39\/100|[from] Sandstorm\n|-heal|p2a: Tapu Fini|45\/100|[from] item: Leftovers\n|-damage|p1a: \u522b\u73a9\u53d7\u4e86|0 fnt|[from] psn\n|faint|p1a: \u522b\u73a9\u53d7\u4e86\n|upkeep\n|\n|t:|1700717439\n|switch|p1a: Scizor|Scizor-Mega, M|100\/100\n|turn|19\n|\n|t:|1700717450\n|switch|p2a: Corviknight|Corviknight, F|89\/100 brn\n|-ability|p2a: Corviknight|Pressure\n|move|p1a: Scizor|Bullet Punch|p2a: Corviknight\n|-resisted|p2a: Corviknight\n|-damage|p2a: Corviknight|78\/100 brn\n|\n|-weather|Sandstorm|[upkeep]\n|-damage|p2a: Corviknight|72\/100 brn|[from] brn\n|upkeep\n|turn|20\n|\n|t:|1700717455\n|switch|p1a: \u770b\u5230\u53d7\u961f\u5c31\u6295|Ting-Lu|93\/100\n|-ability|p1a: \u770b\u5230\u53d7\u961f\u5c31\u6295|Vessel of Ruin\n|move|p2a: Corviknight|Iron Defense|p2a: Corviknight\n|-boost|p2a: Corviknight|def|2\n|\n|-weather|Sandstorm|[upkeep]\n|-heal|p1a: \u770b\u5230\u53d7\u961f\u5c31\u6295|99\/100|[from] item: Leftovers\n|-damage|p2a: Corviknight|66\/100 brn|[from] brn\n|upkeep\n|turn|21\n|\n|t:|1700717458\n|move|p2a: Corviknight|Body Press|p1a: \u770b\u5230\u53d7\u961f\u5c31\u6295\n|-supereffective|p1a: \u770b\u5230\u53d7\u961f\u5c31\u6295\n|-damage|p1a: \u770b\u5230\u53d7\u961f\u5c31\u6295|71\/100\n|move|p1a: \u770b\u5230\u53d7\u961f\u5c31\u6295|Stealth Rock|p2a: Corviknight\n|-sidestart|p2: GAGA233|move: Stealth Rock\n|\n|-weather|none\n|-heal|p1a: \u770b\u5230\u53d7\u961f\u5c31\u6295|78\/100|[from] item: Leftovers\n|-damage|p2a: Corviknight|59\/100 brn|[from] brn\n|-fieldend|Misty Terrain\n|upkeep\n|turn|22\n|\n|t:|1700717463\n|move|p2a: Corviknight|Body Press|p1a: \u770b\u5230\u53d7\u961f\u5c31\u6295\n|-supereffective|p1a: \u770b\u5230\u53d7\u961f\u5c31\u6295\n|-damage|p1a: \u770b\u5230\u53d7\u961f\u5c31\u6295|48\/100\n|move|p1a: \u770b\u5230\u53d7\u961f\u5c31\u6295|Whirlwind|p2a: Corviknight\n|drag|p2a: Ogerpon|Ogerpon, F|100\/100\n|\n|-heal|p1a: \u770b\u5230\u53d7\u961f\u5c31\u6295|54\/100|[from] item: Leftovers\n|upkeep\n|turn|23\n|\n|t:|1700717470\n|-terastallize|p1a: \u770b\u5230\u53d7\u961f\u5c31\u6295|Poison\n|move|p2a: Ogerpon|Swords Dance|p2a: Ogerpon\n|-boost|p2a: Ogerpon|atk|2\n|move|p1a: \u770b\u5230\u53d7\u961f\u5c31\u6295|Ruination|p2a: Ogerpon\n|-damage|p2a: Ogerpon|51\/100\n|\n|-heal|p1a: \u770b\u5230\u53d7\u961f\u5c31\u6295|60\/100|[from] item: Leftovers\n|upkeep\n|turn|24\n|\n|t:|1700717478\n|move|p2a: Ogerpon|Ivy Cudgel|p1a: \u770b\u5230\u53d7\u961f\u5c31\u6295\n|-resisted|p1a: \u770b\u5230\u53d7\u961f\u5c31\u6295\n|-damage|p1a: \u770b\u5230\u53d7\u961f\u5c31\u6295|35\/100\n|move|p1a: \u770b\u5230\u53d7\u961f\u5c31\u6295|Whirlwind|p2a: Ogerpon\n|drag|p2a: Tapu Fini|Tapu Fini|45\/100\n|-damage|p2a: Tapu Fini|33\/100|[from] Stealth Rock\n|-fieldstart|move: Misty Terrain|[from] ability: Misty Surge|[of] p2a: Tapu Fini\n|\n|-heal|p2a: Tapu Fini|39\/100|[from] item: Leftovers\n|-heal|p1a: \u770b\u5230\u53d7\u961f\u5c31\u6295|42\/100|[from] item: Leftovers\n|upkeep\n|turn|25\n|\n|t:|1700717492\n|move|p2a: Tapu Fini|Defog|p1a: \u770b\u5230\u53d7\u961f\u5c31\u6295\n|-unboost|p1a: \u770b\u5230\u53d7\u961f\u5c31\u6295|evasion|1\n|-sideend|p2: GAGA233|Stealth Rock|[from] move: Defog|[of] p2a: Tapu Fini\n|-fieldend|Misty Terrain\n|move|p1a: \u770b\u5230\u53d7\u961f\u5c31\u6295|Earthquake|p2a: Tapu Fini\n|-damage|p2a: Tapu Fini|14\/100\n|\n|-heal|p2a: Tapu Fini|20\/100|[from] item: Leftovers\n|-heal|p1a: \u770b\u5230\u53d7\u961f\u5c31\u6295|48\/100|[from] item: Leftovers\n|upkeep\n|turn|26\n|\n|t:|1700717499\n|move|p2a: Tapu Fini|Taunt|p1a: \u770b\u5230\u53d7\u961f\u5c31\u6295\n|-start|p1a: \u770b\u5230\u53d7\u961f\u5c31\u6295|move: Taunt\n|move|p1a: \u770b\u5230\u53d7\u961f\u5c31\u6295|Earthquake|p2a: Tapu Fini\n|-damage|p2a: Tapu Fini|0 fnt\n|faint|p2a: Tapu Fini\n|\n|-heal|p1a: \u770b\u5230\u53d7\u961f\u5c31\u6295|54\/100|[from] item: Leftovers\n|upkeep\n|\n|t:|1700717501\n|switch|p2a: Tyranitar|Tyranitar, M|100\/100\n|-weather|Sandstorm|[from] ability: Sand Stream|[of] p2a: Tyranitar\n|turn|27\n|\n|t:|1700717505\n|move|p2a: Tyranitar|Earthquake|p1a: \u770b\u5230\u53d7\u961f\u5c31\u6295\n|-supereffective|p1a: \u770b\u5230\u53d7\u961f\u5c31\u6295\n|-damage|p1a: \u770b\u5230\u53d7\u961f\u5c31\u6295|22\/100\n|move|p1a: \u770b\u5230\u53d7\u961f\u5c31\u6295|Earthquake|p2a: Tyranitar\n|-supereffective|p2a: Tyranitar\n|-damage|p2a: Tyranitar|19\/100\n|\n|-weather|Sandstorm|[upkeep]\n|-damage|p1a: \u770b\u5230\u53d7\u961f\u5c31\u6295|16\/100|[from] Sandstorm\n|-heal|p1a: \u770b\u5230\u53d7\u961f\u5c31\u6295|22\/100|[from] item: Leftovers\n|upkeep\n|turn|28\n|\n|t:|1700717510\n|move|p2a: Tyranitar|Earthquake|p1a: \u770b\u5230\u53d7\u961f\u5c31\u6295\n|-supereffective|p1a: \u770b\u5230\u53d7\u961f\u5c31\u6295\n|-damage|p1a: \u770b\u5230\u53d7\u961f\u5c31\u6295|0 fnt\n|faint|p1a: \u770b\u5230\u53d7\u961f\u5c31\u6295\n|\n|-weather|Sandstorm|[upkeep]\n|upkeep\n|\n|t:|1700717515\n|switch|p1a: Scizor|Scizor-Mega, M|100\/100\n|turn|29\n|\n|t:|1700717519\n|move|p2a: Tyranitar|Fire Blast|p1a: Scizor\n|-supereffective|p1a: Scizor\n|-damage|p1a: Scizor|0 fnt\n|faint|p1a: Scizor\n|\n|-weather|Sandstorm|[upkeep]\n|upkeep\n|\n|t:|1700717527\n|switch|p1a: Nihilego|Nihilego, shiny|100\/100\n|turn|30\n|\n|t:|1700717530\n|move|p1a: Nihilego|Grass Knot|p2a: Tyranitar\n|-supereffective|p2a: Tyranitar\n|-damage|p2a: Tyranitar|0 fnt\n|faint|p2a: Tyranitar\n|-ability|p1a: Nihilego|Beast Boost|boost\n|-boost|p1a: Nihilego|spe|1\n|\n|-weather|Sandstorm|[upkeep]\n|upkeep\n|\n|t:|1700717534\n|switch|p2a: Ogerpon|Ogerpon, F|51\/100\n|turn|31\n|\n|t:|1700717540\n|-terastallize|p2a: Ogerpon|Grass\n|detailschange|p2a: Ogerpon|Ogerpon-Teal-Tera, F, tera:Grass\n|-ability|p2a: Ogerpon|Embody Aspect (Teal)|boost\n|-boost|p2a: Ogerpon|spe|1\n|move|p2a: Ogerpon|Ivy Cudgel|p1a: Nihilego\n|-damage|p1a: Nihilego|0 fnt\n|faint|p1a: Nihilego\n|\n|-weather|none\n|upkeep\n|\n|t:|1700717550\n|switch|p1a: Great Tusk|Great Tusk|100\/100\n|-enditem|p1a: Great Tusk|Booster Energy\n|-activate|p1a: Great Tusk|ability: Protosynthesis|[fromitem]\n|-start|p1a: Great Tusk|protosynthesisatk\n|turn|32\n|\n|t:|1700717553\n|move|p2a: Ogerpon|Ivy Cudgel|p1a: Great Tusk\n|-supereffective|p1a: Great Tusk\n|-damage|p1a: Great Tusk|25\/100\n|move|p1a: Great Tusk|Ice Spinner|p2a: Ogerpon\n|-supereffective|p2a: Ogerpon\n|-crit|p2a: Ogerpon\n|-damage|p2a: Ogerpon|0 fnt\n|faint|p2a: Ogerpon\n|\n|upkeep\n|\n|t:|1700717557\n|switch|p2a: Corviknight|Corviknight, F|59\/100 brn\n|-ability|p2a: Corviknight|Pressure\n|turn|33\n|j| kingambit player\n|\n|t:|1700717562\n|move|p1a: Great Tusk|Ice Spinner|p2a: Corviknight\n|-crit|p2a: Corviknight\n|-damage|p2a: Corviknight|25\/100 brn\n|move|p2a: Corviknight|Roost|p2a: Corviknight\n|-heal|p2a: Corviknight|75\/100 brn\n|-singleturn|p2a: Corviknight|move: Roost\n|\n|-damage|p2a: Corviknight|69\/100 brn|[from] brn\n|upkeep\n|turn|34\n|l| Mollymiltoast\n|\n|t:|1700717567\n|move|p1a: Great Tusk|Ice Spinner|p2a: Corviknight\n|-damage|p2a: Corviknight|44\/100 brn\n|move|p2a: Corviknight|Roost|p2a: Corviknight\n|-heal|p2a: Corviknight|94\/100 brn\n|-singleturn|p2a: Corviknight|move: Roost\n|\n|-damage|p2a: Corviknight|88\/100 brn|[from] brn\n|upkeep\n|turn|35\n|\n|t:|1700717572\n|move|p1a: Great Tusk|Ice Spinner|p2a: Corviknight\n|-damage|p2a: Corviknight|63\/100 brn\n|move|p2a: Corviknight|Iron Defense|p2a: Corviknight\n|-boost|p2a: Corviknight|def|2\n|\n|-damage|p2a: Corviknight|57\/100 brn|[from] brn\n|upkeep\n|turn|36\n|\n|t:|1700717575\n|move|p1a: Great Tusk|Ice Spinner|p2a: Corviknight\n|-crit|p2a: Corviknight\n|-damage|p2a: Corviknight|19\/100 brn\n|move|p2a: Corviknight|Roost|p2a: Corviknight\n|-heal|p2a: Corviknight|69\/100 brn\n|-singleturn|p2a: Corviknight|move: Roost\n|\n|-damage|p2a: Corviknight|63\/100 brn|[from] brn\n|upkeep\n|turn|37\n|\n|t:|1700717578\n|move|p1a: Great Tusk|Close Combat|p2a: Corviknight\n|-damage|p2a: Corviknight|36\/100 brn\n|-unboost|p1a: Great Tusk|def|1\n|-unboost|p1a: Great Tusk|spd|1\n|move|p2a: Corviknight|Body Press|p1a: Great Tusk\n|-damage|p1a: Great Tusk|0 fnt\n|faint|p1a: Great Tusk\n|-end|p1a: Great Tusk|Protosynthesis|[silent]\n|\n|win|GAGA233\n|raw|MMM12341234124's rating: 1539 &rarr; <strong>1525<\/strong><br \/>(-14 for losing)\n|raw|GAGA233's rating: 1651 &rarr; <strong>1665<\/strong><br \/>(+14 for winning)\n|l|\u2606MMM12341234124\n","uploadtime":1700717585,"views":4,"p1id":"mmm12341234124","p2id":"gaga233","formatid":"gen9nationaldex","rating":1525,"private":0,"password":""}