{"id":"gen9nationaldex-1988874086","p1":"Cakela","p2":"NASakura","format":"[Gen 9] National Dex","log":"|j|\u2606Cakela\n|j|\u2606NASakura\n|t:|1699778620\n|gametype|singles\n|player|p1|Cakela|steven|\n|player|p2|NASakura|may-contest|\n|teamsize|p1|6\n|teamsize|p2|6\n|gen|9\n|tier|[Gen 9] National Dex\n|rule|HP Percentage Mod: HP is shown in percentages\n|rule|Endless Battle Clause: Forcing endless battles is banned\n|rule|OHKO Clause: OHKO moves are banned\n|rule|Evasion Clause: Evasion abilities, items, and moves are banned\n|rule|Evasion Abilities Clause: Evasion abilities are banned\n|rule|Evasion Items Clause: Evasion items are banned\n|rule|Evasion Moves Clause: Evasion moves are banned\n|rule|Species Clause: Limit one of each Pok\u00e9mon\n|rule|Sleep Clause Mod: Limit one foe put to sleep\n|clearpoke\n|poke|p1|Zoroark-Hisui, F|\n|poke|p1|Sudowoodo, F|\n|poke|p1|Amoonguss, F|\n|poke|p1|Banette, F|\n|poke|p1|Victini|\n|poke|p1|Mew|\n|poke|p2|Alomomola, F|\n|poke|p2|Gliscor, M|\n|poke|p2|Skeledirge, F|\n|poke|p2|Scizor, M|\n|poke|p2|Chansey, F|\n|poke|p2|Sinistcha-Masterpiece|\n|teampreview\n|inactive|Battle timer is ON: inactive players will automatically lose when time's up. (requested by NASakura)\n|inactive|Cakela has 270 seconds left.\n|\n|t:|1699778663\n|start\n|switch|p1a: Amoonguss|Amoonguss, F|100\/100\n|switch|p2a: Gliscor|Gliscor, M|100\/100\n|turn|1\n|\n|t:|1699778679\n|move|p2a: Gliscor|Protect|p2a: Gliscor\n|-singleturn|p2a: Gliscor|Protect\n|move|p1a: Amoonguss|Hyper Voice|p2a: Gliscor\n|-activate|p2a: Gliscor|move: Protect\n|\n|-status|p2a: Gliscor|tox|[from] item: Toxic Orb\n|upkeep\n|turn|2\n|\n|t:|1699778694\n|switch|p1a: Victini|Victini|100\/100\n|switch|p2a: Skeledirge|Skeledirge, F|100\/100\n|\n|upkeep\n|turn|3\n|\n|t:|1699778712\n|switch|p1a: Sudowoodo|Sudowoodo, F, shiny|100\/100\n|move|p2a: Skeledirge|Earth Power|p1a: Sudowoodo\n|-supereffective|p1a: Sudowoodo\n|-damage|p1a: Sudowoodo|19\/100\n|\n|upkeep\n|turn|4\n|c|\u2606NASakura|\u8fd9\u4ec0\u4e48\u9b3c\n|-enditem|p1a: Sudowoodo|Custap Berry|[eat]\n|-activate|p1a: Sudowoodo|item: Custap Berry|[consumed]\n|\n|t:|1699778727\n|switch|p2a: Gliscor|Gliscor, M|100\/100 tox\n|move|p1a: Sudowoodo|Stealth Rock|p2a: Gliscor\n|-sidestart|p2: NASakura|move: Stealth Rock\n|\n|upkeep\n|turn|5\n|\n|t:|1699778733\n|move|p2a: Gliscor|Defog|p1a: Sudowoodo\n|-unboost|p1a: Sudowoodo|evasion|1\n|-sideend|p2: NASakura|Stealth Rock|[from] move: Defog|[of] p2a: Gliscor\n|move|p1a: Sudowoodo|Explosion|p2a: Gliscor\n|-damage|p2a: Gliscor|41\/100 tox\n|faint|p1a: Sudowoodo\n|\n|-heal|p2a: Gliscor|53\/100 tox|[from] ability: Poison Heal\n|upkeep\n|\n|t:|1699778740\n|switch|p1a: Amoonguss|Amoonguss, F|100\/100\n|turn|6\n|\n|t:|1699778744\n|move|p2a: Gliscor|Protect|p2a: Gliscor\n|-singleturn|p2a: Gliscor|Protect\n|replace|p1a: Zoroark|Zoroark-Hisui, F\n|-end|p1a: Zoroark|Illusion\n|-zpower|p1a: Zoroark\n|move|p1a: Zoroark|Z-Happy Hour|p1a: Zoroark|[anim]Happy Hour\n|-boost|p1a: Zoroark|atk|1|[zeffect]\n|-boost|p1a: Zoroark|def|1|[zeffect]\n|-boost|p1a: Zoroark|spa|1|[zeffect]\n|-boost|p1a: Zoroark|spd|1|[zeffect]\n|-boost|p1a: Zoroark|spe|1|[zeffect]\n|\n|-heal|p2a: Gliscor|65\/100 tox|[from] ability: Poison Heal\n|upkeep\n|turn|7\n|c|\u2606Cakela|\u8ddf\u4f60\u7206\u4e86\uff01\n|\n|t:|1699778760\n|move|p1a: Zoroark|Hyper Voice|p2a: Gliscor\n|-damage|p2a: Gliscor|0 fnt\n|faint|p2a: Gliscor\n|\n|upkeep\n|\n|t:|1699778768\n|switch|p2a: Skeledirge|Skeledirge, F|100\/100\n|turn|8\n|\n|t:|1699778777\n|move|p1a: Zoroark|Shadow Ball|p2a: Skeledirge\n|-supereffective|p2a: Skeledirge\n|-damage|p2a: Skeledirge|37\/100\n|move|p2a: Skeledirge|Will-O-Wisp|p1a: Zoroark\n|-status|p1a: Zoroark|brn\n|\n|-heal|p2a: Skeledirge|43\/100|[from] item: Leftovers\n|-damage|p1a: Zoroark|95\/100 brn|[from] brn\n|upkeep\n|turn|9\n|\n|t:|1699778782\n|-terastallize|p2a: Skeledirge|Fairy\n|move|p1a: Zoroark|Shadow Ball|p2a: Skeledirge\n|-damage|p2a: Skeledirge|17\/100\n|move|p2a: Skeledirge|Slack Off|p2a: Skeledirge\n|-heal|p2a: Skeledirge|67\/100\n|\n|-heal|p2a: Skeledirge|73\/100|[from] item: Leftovers\n|-damage|p1a: Zoroark|89\/100 brn|[from] brn\n|upkeep\n|turn|10\n|\n|t:|1699778788\n|move|p1a: Zoroark|Hyper Voice|p2a: Skeledirge\n|-damage|p2a: Skeledirge|39\/100\n|move|p2a: Skeledirge|Torch Song|p1a: Zoroark\n|-damage|p1a: Zoroark|25\/100 brn\n|-boost|p2a: Skeledirge|spa|1\n|\n|-heal|p2a: Skeledirge|45\/100|[from] item: Leftovers\n|-damage|p1a: Zoroark|19\/100 brn|[from] brn\n|upkeep\n|turn|11\n|\n|t:|1699778797\n|move|p1a: Zoroark|Hyper Voice|p2a: Skeledirge\n|-damage|p2a: Skeledirge|9\/100\n|move|p2a: Skeledirge|Slack Off|p2a: Skeledirge\n|-heal|p2a: Skeledirge|59\/100\n|\n|-heal|p2a: Skeledirge|65\/100|[from] item: Leftovers\n|-damage|p1a: Zoroark|13\/100 brn|[from] brn\n|upkeep\n|turn|12\n|\n|t:|1699778803\n|switch|p1a: Banette|Banette, F|100\/100\n|move|p2a: Skeledirge|Slack Off|p2a: Skeledirge\n|-heal|p2a: Skeledirge|100\/100\n|\n|upkeep\n|turn|13\n|\n|t:|1699778809\n|switch|p2a: \u5c0f\u86cb|Chansey, F|100\/100\n|detailschange|p1a: Banette|Banette-Mega, F\n|-mega|p1a: Banette|Banette|Banettite\n|move|p1a: Banette|Encore||[still]\n|-fail|p1a: Banette\n|\n|upkeep\n|turn|14\n|\n|t:|1699778814\n|switch|p1a: Amoonguss|Amoonguss, F|100\/100\n|move|p2a: \u5c0f\u86cb|Stealth Rock|p1a: Amoonguss\n|-sidestart|p1: Cakela|move: Stealth Rock\n|\n|upkeep\n|turn|15\n|\n|t:|1699778822\n|switch|p2a: \u7237\u7237\u6ce1\u7684\u8336|Sinistcha-Masterpiece, shiny|100\/100\n|move|p1a: Amoonguss|Toxic|p2a: \u7237\u7237\u6ce1\u7684\u8336\n|-status|p2a: \u7237\u7237\u6ce1\u7684\u8336|tox\n|\n|-damage|p2a: \u7237\u7237\u6ce1\u7684\u8336|94\/100 tox|[from] psn\n|upkeep\n|turn|16\n|\n|t:|1699778831\n|move|p2a: \u7237\u7237\u6ce1\u7684\u8336|Calm Mind|p2a: \u7237\u7237\u6ce1\u7684\u8336\n|-boost|p2a: \u7237\u7237\u6ce1\u7684\u8336|spa|1\n|-boost|p2a: \u7237\u7237\u6ce1\u7684\u8336|spd|1\n|move|p1a: Amoonguss|Foul Play|p2a: \u7237\u7237\u6ce1\u7684\u8336\n|-supereffective|p2a: \u7237\u7237\u6ce1\u7684\u8336\n|-damage|p2a: \u7237\u7237\u6ce1\u7684\u8336|80\/100 tox\n|\n|-heal|p2a: \u7237\u7237\u6ce1\u7684\u8336|87\/100 tox|[from] item: Leftovers\n|-damage|p2a: \u7237\u7237\u6ce1\u7684\u8336|74\/100 tox|[from] psn\n|upkeep\n|turn|17\n|\n|t:|1699778840\n|move|p2a: \u7237\u7237\u6ce1\u7684\u8336|Shadow Ball|p1a: Amoonguss\n|-damage|p1a: Amoonguss|55\/100\n|move|p1a: Amoonguss|Clear Smog|p2a: \u7237\u7237\u6ce1\u7684\u8336\n|-damage|p2a: \u7237\u7237\u6ce1\u7684\u8336|63\/100 tox\n|-clearboost|p2a: \u7237\u7237\u6ce1\u7684\u8336\n|\n|-heal|p2a: \u7237\u7237\u6ce1\u7684\u8336|69\/100 tox|[from] item: Leftovers\n|-heal|p1a: Amoonguss|62\/100|[from] item: Leftovers\n|-damage|p2a: \u7237\u7237\u6ce1\u7684\u8336|51\/100 tox|[from] psn\n|upkeep\n|turn|18\n|c|\u2606NASakura|g\n|\n|t:|1699778848\n|move|p2a: \u7237\u7237\u6ce1\u7684\u8336|Shadow Ball|p1a: Amoonguss\n|-damage|p1a: Amoonguss|34\/100\n|move|p1a: Amoonguss|Foul Play|p2a: \u7237\u7237\u6ce1\u7684\u8336\n|-supereffective|p2a: \u7237\u7237\u6ce1\u7684\u8336\n|-damage|p2a: \u7237\u7237\u6ce1\u7684\u8336|37\/100 tox\n|\n|-heal|p2a: \u7237\u7237\u6ce1\u7684\u8336|43\/100 tox|[from] item: Leftovers\n|-heal|p1a: Amoonguss|41\/100|[from] item: Leftovers\n|-damage|p2a: \u7237\u7237\u6ce1\u7684\u8336|18\/100 tox|[from] psn\n|upkeep\n|turn|19\n|\n|t:|1699778857\n|switch|p1a: Banette|Banette-Mega, F|13\/100 brn\n|-damage|p1a: Banette|1\/100 brn|[from] Stealth Rock\n|move|p2a: \u7237\u7237\u6ce1\u7684\u8336|Shadow Ball|p1a: Banette\n|-immune|p1a: Banette\n|\n|-heal|p2a: \u7237\u7237\u6ce1\u7684\u8336|25\/100 tox|[from] item: Leftovers\n|-damage|p2a: \u7237\u7237\u6ce1\u7684\u8336|0 fnt|[from] psn\n|faint|p2a: \u7237\u7237\u6ce1\u7684\u8336\n|-damage|p1a: Banette|0 fnt|[from] brn\n|faint|p1a: Banette\n|upkeep\n|\n|t:|1699778869\n|switch|p1a: Mew|Mew, shiny|100\/100\n|switch|p2a: Scizor|Scizor, M|100\/100\n|-damage|p1a: Mew|88\/100|[from] Stealth Rock\n|turn|20\n|\n|t:|1699778876\n|detailschange|p2a: Scizor|Scizor-Mega, M\n|-mega|p2a: Scizor|Scizor|Scizorite\n|move|p1a: Mew|Cosmic Power|p1a: Mew\n|-boost|p1a: Mew|def|1\n|-boost|p1a: Mew|spd|1\n|move|p2a: Scizor|Knock Off|p1a: Mew\n|-supereffective|p1a: Mew\n|-damage|p1a: Mew|41\/100\n|-enditem|p1a: Mew|Covert Cloak|[from] move: Knock Off|[of] p2a: Scizor\n|\n|upkeep\n|turn|21\n|\n|t:|1699778885\n|move|p1a: Mew|Cosmic Power|p1a: Mew\n|-boost|p1a: Mew|def|1\n|-boost|p1a: Mew|spd|1\n|move|p2a: Scizor|Swords Dance|p2a: Scizor\n|-boost|p2a: Scizor|atk|2\n|\n|upkeep\n|turn|22\n|\n|t:|1699778890\n|move|p1a: Mew|Roost|p1a: Mew\n|-heal|p1a: Mew|91\/100\n|-singleturn|p1a: Mew|move: Roost\n|move|p2a: Scizor|Swords Dance|p2a: Scizor\n|-boost|p2a: Scizor|atk|2\n|\n|upkeep\n|turn|23\n|\n|t:|1699778900\n|-terastallize|p1a: Mew|Poison\n|move|p2a: Scizor|Bullet Punch|p1a: Mew\n|-damage|p1a: Mew|43\/100\n|move|p1a: Mew|Cosmic Power|p1a: Mew\n|-boost|p1a: Mew|def|1\n|-boost|p1a: Mew|spd|1\n|\n|upkeep\n|turn|24\n|\n|t:|1699778912\n|move|p1a: Mew|Stored Power|p2a: Scizor\n|-resisted|p2a: Scizor\n|-damage|p2a: Scizor|78\/100\n|move|p2a: Scizor|Swords Dance|p2a: Scizor\n|-boost|p2a: Scizor|atk|2\n|\n|upkeep\n|turn|25\n|\n|t:|1699778918\n|move|p1a: Mew|Body Press|p2a: Scizor\n|-damage|p2a: Scizor|42\/100\n|move|p2a: Scizor|Knock Off|p1a: Mew\n|-damage|p1a: Mew|8\/100\n|\n|upkeep\n|turn|26\n|\n|t:|1699778924\n|move|p1a: Mew|Roost|p1a: Mew\n|-heal|p1a: Mew|58\/100\n|move|p2a: Scizor|Roost|p2a: Scizor\n|-heal|p2a: Scizor|93\/100\n|-singleturn|p2a: Scizor|move: Roost\n|\n|upkeep\n|turn|27\n|\n|t:|1699778927\n|move|p2a: Scizor|Bullet Punch|p1a: Mew\n|-damage|p1a: Mew|11\/100\n|move|p1a: Mew|Roost|p1a: Mew\n|-heal|p1a: Mew|61\/100\n|\n|upkeep\n|turn|28\n|\n|t:|1699778932\n|move|p2a: Scizor|Bullet Punch|p1a: Mew\n|-damage|p1a: Mew|9\/100\n|move|p1a: Mew|Cosmic Power|p1a: Mew\n|-boost|p1a: Mew|def|1\n|-boost|p1a: Mew|spd|1\n|\n|upkeep\n|turn|29\n|\n|t:|1699778937\n|move|p2a: Scizor|Bullet Punch|p1a: Mew\n|-damage|p1a: Mew|0 fnt\n|faint|p1a: Mew\n|\n|upkeep\n|\n|t:|1699778940\n|switch|p1a: Victini|Victini|100\/100\n|-damage|p1a: Victini|75\/100|[from] Stealth Rock\n|turn|30\n|\n|t:|1699778946\n|move|p2a: Scizor|Bullet Punch|p1a: Victini\n|-resisted|p1a: Victini\n|-damage|p1a: Victini|12\/100\n|-enditem|p1a: Victini|Salac Berry|[eat]\n|-boost|p1a: Victini|spe|1|[from] item: Salac Berry\n|move|p1a: Victini|V-create|p2a: Scizor\n|-supereffective|p2a: Scizor\n|-damage|p2a: Scizor|0 fnt\n|-unboost|p1a: Victini|spe|1\n|-unboost|p1a: Victini|def|1\n|-unboost|p1a: Victini|spd|1\n|faint|p2a: Scizor\n|\n|upkeep\n|\n|t:|1699778954\n|switch|p2a: Alomomola|Alomomola, F|100\/100\n|turn|31\n|\n|t:|1699778958\n|move|p1a: Victini|Taunt|p2a: Alomomola\n|-start|p2a: Alomomola|move: Taunt\n|cant|p2a: Alomomola|move: Taunt|Toxic\n|\n|upkeep\n|turn|32\n|\n|t:|1699778961\n|move|p1a: Victini|Taunt||[still]\n|-fail|p1a: Victini\n|move|p2a: Alomomola|Scald|p1a: Victini\n|-supereffective|p1a: Victini\n|-damage|p1a: Victini|0 fnt\n|faint|p1a: Victini\n|\n|upkeep\n|\n|t:|1699778969\n|switch|p1a: Amoonguss|Amoonguss, F|74\/100\n|-damage|p1a: Amoonguss|61\/100|[from] Stealth Rock\n|turn|33\n|c|\u2606NASakura|gg\n|\n|t:|1699778975\n|move|p2a: Alomomola|Scald|p1a: Amoonguss\n|-resisted|p1a: Amoonguss\n|-crit|p1a: Amoonguss\n|-damage|p1a: Amoonguss|53\/100\n|move|p1a: Amoonguss|Toxic|p2a: Alomomola\n|-status|p2a: Alomomola|tox\n|\n|-heal|p1a: Amoonguss|59\/100|[from] item: Leftovers\n|-damage|p2a: Alomomola|94\/100 tox|[from] psn\n|-end|p2a: Alomomola|move: Taunt\n|upkeep\n|turn|34\n|\n|t:|1699778981\n|switch|p2a: \u5c0f\u86cb|Chansey, F|100\/100\n|move|p1a: Amoonguss|Foul Play|p2a: \u5c0f\u86cb\n|-damage|p2a: \u5c0f\u86cb|99\/100\n|\n|-heal|p1a: Amoonguss|65\/100|[from] item: Leftovers\n|upkeep\n|turn|35\n|\n|t:|1699778986\n|move|p2a: \u5c0f\u86cb|Seismic Toss|p1a: Amoonguss\n|-damage|p1a: Amoonguss|42\/100\n|move|p1a: Amoonguss|Spore|p2a: \u5c0f\u86cb\n|-status|p2a: \u5c0f\u86cb|slp|[from] move: Spore\n|\n|-heal|p1a: Amoonguss|48\/100|[from] item: Leftovers\n|upkeep\n|turn|36\n|\n|t:|1699778992\n|-curestatus|p2a: \u5c0f\u86cb|slp|[from] ability: Natural Cure\n|switch|p2a: Skeledirge|Skeledirge, F, tera:Fairy|100\/100\n|switch|p1a: Banette|Banette-Mega, F|100\/100\n|-damage|p1a: Banette|88\/100|[from] Stealth Rock\n|\n|upkeep\n|turn|37\n|c|\u2606NASakura|\uff1f\n|c|\u2606NASakura|\u8fd9\u4e2a\u662f\u4ec0\u4e48\n|\n|t:|1699779015\n|switch|p2a: \u5c0f\u86cb|Chansey, F|99\/100\n|move|p1a: Banette|Poltergeist|p2a: \u5c0f\u86cb\n|-immune|p2a: \u5c0f\u86cb\n|\n|upkeep\n|turn|38\n|\n|t:|1699779022\n|switch|p1a: Amoonguss|Amoonguss, F|82\/100\n|-damage|p1a: Amoonguss|69\/100|[from] Stealth Rock\n|switch|p2a: Alomomola|Alomomola, F|100\/100 tox\n|\n|-heal|p1a: Amoonguss|75\/100|[from] item: Leftovers\n|-damage|p2a: Alomomola|94\/100 tox|[from] psn\n|upkeep\n|turn|39\n|\n|t:|1699779026\n|move|p2a: Alomomola|Flip Turn|p1a: Amoonguss\n|-resisted|p1a: Amoonguss\n|-damage|p1a: Amoonguss|69\/100\n|\n|t:|1699779029\n|switch|p2a: \u5c0f\u86cb|Chansey, F|99\/100|[from] Flip Turn\n|move|p1a: Amoonguss|Foul Play|p2a: \u5c0f\u86cb\n|-damage|p2a: \u5c0f\u86cb|99\/100\n|\n|-heal|p1a: Amoonguss|75\/100|[from] item: Leftovers\n|upkeep\n|turn|40\n|\n|t:|1699779039\n|move|p2a: \u5c0f\u86cb|Wish|p2a: \u5c0f\u86cb\n|move|p1a: Amoonguss|Toxic|p2a: \u5c0f\u86cb\n|-status|p2a: \u5c0f\u86cb|tox\n|\n|-heal|p1a: Amoonguss|82\/100|[from] item: Leftovers\n|-damage|p2a: \u5c0f\u86cb|93\/100 tox|[from] psn\n|upkeep\n|turn|41\n|\n|t:|1699779054\n|-curestatus|p2a: \u5c0f\u86cb|tox|[from] ability: Natural Cure\n|switch|p2a: Alomomola|Alomomola, F|100\/100 tox\n|move|p1a: Amoonguss|Toxic|p2a: Alomomola\n|-fail|p2a: Alomomola|tox\n|\n|-heal|p1a: Amoonguss|88\/100|[from] item: Leftovers\n|-damage|p2a: Alomomola|94\/100 tox|[from] psn\n|upkeep\n|turn|42\n|\n|t:|1699779060\n|move|p2a: Alomomola|Scald|p1a: Amoonguss\n|-resisted|p1a: Amoonguss\n|-damage|p1a: Amoonguss|82\/100\n|move|p1a: Amoonguss|Foul Play|p2a: Alomomola\n|-damage|p2a: Alomomola|86\/100 tox\n|-damage|p1a: Amoonguss|65\/100|[from] item: Rocky Helmet|[of] p2a: Alomomola\n|\n|-heal|p1a: Amoonguss|71\/100|[from] item: Leftovers\n|-damage|p2a: Alomomola|74\/100 tox|[from] psn\n|upkeep\n|turn|43\n|\n|t:|1699779070\n|move|p2a: Alomomola|Wish|p2a: Alomomola\n|move|p1a: Amoonguss|Toxic|p2a: Alomomola\n|-fail|p2a: Alomomola|tox\n|\n|-heal|p1a: Amoonguss|77\/100|[from] item: Leftovers\n|-damage|p2a: Alomomola|55\/100 tox|[from] psn\n|upkeep\n|turn|44\n|\n|t:|1699779072\n|move|p2a: Alomomola|Scald|p1a: Amoonguss\n|-resisted|p1a: Amoonguss\n|-damage|p1a: Amoonguss|71\/100\n|-status|p1a: Amoonguss|brn\n|move|p1a: Amoonguss|Toxic|p2a: Alomomola\n|-fail|p2a: Alomomola|tox\n|\n|-heal|p2a: Alomomola|100\/100 tox|[from] move: Wish|[wisher] Alomomola\n|-heal|p1a: Amoonguss|78\/100 brn|[from] item: Leftovers\n|-damage|p2a: Alomomola|76\/100 tox|[from] psn\n|-damage|p1a: Amoonguss|71\/100 brn|[from] brn\n|upkeep\n|turn|45\n|\n|t:|1699779077\n|switch|p2a: \u5c0f\u86cb|Chansey, F|93\/100\n|move|p1a: Amoonguss|Toxic|p2a: \u5c0f\u86cb\n|-status|p2a: \u5c0f\u86cb|tox\n|\n|-heal|p1a: Amoonguss|78\/100 brn|[from] item: Leftovers\n|-damage|p2a: \u5c0f\u86cb|87\/100 tox|[from] psn\n|-damage|p1a: Amoonguss|71\/100 brn|[from] brn\n|upkeep\n|turn|46\n|\n|t:|1699779084\n|switch|p1a: Banette|Banette-Mega, F|88\/100\n|-damage|p1a: Banette|76\/100|[from] Stealth Rock\n|move|p2a: \u5c0f\u86cb|Wish|p2a: \u5c0f\u86cb\n|\n|-damage|p2a: \u5c0f\u86cb|74\/100 tox|[from] psn\n|upkeep\n|turn|47\n|\n|t:|1699779091\n|-curestatus|p2a: \u5c0f\u86cb|tox|[from] ability: Natural Cure\n|switch|p2a: Alomomola|Alomomola, F|100\/100 tox\n|move|p1a: Banette|Poltergeist|p2a: Alomomola\n|-activate|p2a: Alomomola|move: Poltergeist|Rocky Helmet\n|-crit|p2a: Alomomola\n|-damage|p2a: Alomomola|43\/100 tox\n|\n|-heal|p2a: Alomomola|100\/100 tox|[from] move: Wish|[wisher] \u5c0f\u86cb\n|-damage|p2a: Alomomola|94\/100 tox|[from] psn\n|upkeep\n|turn|48\n|\n|t:|1699779100\n|move|p1a: Banette|Poltergeist|p2a: Alomomola\n|-activate|p2a: Alomomola|move: Poltergeist|Rocky Helmet\n|-damage|p2a: Alomomola|55\/100 tox\n|move|p2a: Alomomola|Flip Turn|p1a: Banette\n|-damage|p1a: Banette|50\/100\n|\n|t:|1699779108\n|switch|p2a: \u5c0f\u86cb|Chansey, F|74\/100|[from] Flip Turn\n|\n|upkeep\n|turn|49\n|\n|t:|1699779121\n|switch|p2a: Alomomola|Alomomola, F|88\/100 tox\n|move|p1a: Banette|Poltergeist|p2a: Alomomola\n|-activate|p2a: Alomomola|move: Poltergeist|Rocky Helmet\n|-damage|p2a: Alomomola|54\/100 tox\n|\n|-damage|p2a: Alomomola|48\/100 tox|[from] psn\n|upkeep\n|turn|50\n|\n|t:|1699779129\n|move|p1a: Banette|Poltergeist|p2a: Alomomola|[miss]\n|-miss|p1a: Banette|p2a: Alomomola\n|move|p2a: Alomomola|Scald|p1a: Banette\n|-damage|p1a: Banette|30\/100\n|\n|-damage|p2a: Alomomola|35\/100 tox|[from] psn\n|upkeep\n|turn|51\n|\n|t:|1699779145\n|switch|p2a: \u5c0f\u86cb|Chansey, F|74\/100\n|move|p1a: Banette|Poltergeist|p2a: \u5c0f\u86cb\n|-immune|p2a: \u5c0f\u86cb\n|\n|upkeep\n|turn|52\n|\n|t:|1699779148\n|move|p1a: Banette|Will-O-Wisp|p2a: \u5c0f\u86cb|[miss]\n|-miss|p1a: Banette|p2a: \u5c0f\u86cb\n|move|p2a: \u5c0f\u86cb|Wish|p2a: \u5c0f\u86cb\n|\n|upkeep\n|turn|53\n|\n|t:|1699779153\n|switch|p2a: Alomomola|Alomomola, F|69\/100 tox\n|move|p1a: Banette|Poltergeist|p2a: Alomomola\n|-activate|p2a: Alomomola|move: Poltergeist|Rocky Helmet\n|-damage|p2a: Alomomola|34\/100 tox\n|\n|-heal|p2a: Alomomola|99\/100 tox|[from] move: Wish|[wisher] \u5c0f\u86cb\n|-damage|p2a: Alomomola|94\/100 tox|[from] psn\n|upkeep\n|turn|54\n|\n|t:|1699779156\n|move|p1a: Banette|Poltergeist|p2a: Alomomola\n|-activate|p2a: Alomomola|move: Poltergeist|Rocky Helmet\n|-damage|p2a: Alomomola|59\/100 tox\n|move|p2a: Alomomola|Toxic|p1a: Banette\n|-status|p1a: Banette|tox\n|\n|-damage|p1a: Banette|24\/100 tox|[from] psn\n|-damage|p2a: Alomomola|47\/100 tox|[from] psn\n|upkeep\n|turn|55\n|\n|t:|1699779166\n|move|p1a: Banette|Encore|p2a: Alomomola\n|-start|p2a: Alomomola|Encore\n|move|p2a: Alomomola|Toxic|p1a: Banette\n|-fail|p1a: Banette|tox\n|\n|-damage|p1a: Banette|12\/100 tox|[from] psn\n|-damage|p2a: Alomomola|28\/100 tox|[from] psn\n|upkeep\n|turn|56\n|\n|t:|1699779171\n|switch|p2a: \u5c0f\u86cb|Chansey, F|74\/100\n|move|p1a: Banette|Destiny Bond|p1a: Banette\n|-singlemove|p1a: Banette|Destiny Bond\n|\n|-damage|p1a: Banette|0 fnt|[from] psn\n|faint|p1a: Banette\n|upkeep\n|\n|t:|1699779176\n|switch|p1a: Amoonguss|Amoonguss, F|100\/100 brn\n|-damage|p1a: Amoonguss|88\/100 brn|[from] Stealth Rock\n|turn|57\n|-message|Cakela forfeited.\n|\n|win|NASakura\n","uploadtime":1699779188,"views":9,"p1id":"cakela","p2id":"nasakura","formatid":"gen9nationaldex","rating":0,"private":0,"password":""}