{"id":"gen9nationaldex-1995427400","p1":"starlitbox","p2":"Yhin","format":"[Gen 9] National Dex","log":"|html|<div class=\"broadcast-blue\"><strong>[Gen 9] National Dex is currently suspecting Sneasler! For information on how to participate check out the <a href=\"https:\/\/www.smogon.com\/forums\/threads\/sv-national-dex-suspect-8-just-dance.3731534\/\">suspect thread<\/a>.<\/strong><\/div>\n|j|\u2606starlitbox\n|j|\u2606Yhin\n|t:|1700569418\n|gametype|singles\n|player|p1|starlitbox|silver|1366\n|player|p2|Yhin|cynthia|1437\n|teamsize|p1|6\n|teamsize|p2|6\n|gen|9\n|tier|[Gen 9] National Dex\n|rated|\n|rule|HP Percentage Mod: HP is shown in percentages\n|rule|Endless Battle Clause: Forcing endless battles is banned\n|rule|OHKO Clause: OHKO moves are banned\n|rule|Evasion Clause: Evasion abilities, items, and moves are banned\n|rule|Evasion Abilities Clause: Evasion abilities are banned\n|rule|Evasion Items Clause: Evasion items are banned\n|rule|Evasion Moves Clause: Evasion moves are banned\n|rule|Species Clause: Limit one of each Pok\u00e9mon\n|rule|Sleep Clause Mod: Limit one foe put to sleep\n|clearpoke\n|poke|p1|Landorus-Therian, M|\n|poke|p1|Greninja-*, M|\n|poke|p1|Volcarona, F|\n|poke|p1|Iron Valiant|\n|poke|p1|Ogerpon-Wellspring, F|\n|poke|p1|Tapu Koko|\n|poke|p2|Banette, F|\n|poke|p2|Heatran, F|\n|poke|p2|Alomomola, M|\n|poke|p2|Landorus-Therian, M|\n|poke|p2|Tapu Lele|\n|poke|p2|Samurott-Hisui, M|\n|teampreview\n|\n|t:|1700569427\n|start\n|switch|p1a: Ogerpon|Ogerpon-Wellspring, F|100\/100\n|switch|p2a: Samurott|Samurott-Hisui, M|100\/100\n|turn|1\n|inactive|Battle timer is ON: inactive players will automatically lose when time's up. (requested by Yhin)\n|\n|t:|1700569434\n|move|p1a: Ogerpon|U-turn|p2a: Samurott\n|-supereffective|p2a: Samurott\n|-damage|p2a: Samurott|29\/100\n|\n|t:|1700569446\n|switch|p1a: Tapu Koko|Tapu Koko|100\/100|[from] U-turn\n|-fieldstart|move: Electric Terrain|[from] ability: Electric Surge|[of] p1a: Tapu Koko\n|move|p2a: Samurott|Ceaseless Edge|p1a: Tapu Koko\n|-resisted|p1a: Tapu Koko\n|-damage|p1a: Tapu Koko|70\/100\n|-sidestart|p1: starlitbox|Spikes\n|\n|upkeep\n|turn|2\n|\n|t:|1700569464\n|switch|p2a: Landorus|Landorus-Therian, M|100\/100\n|-ability|p2a: Landorus|Intimidate|boost\n|-unboost|p1a: Tapu Koko|atk|1\n|move|p1a: Tapu Koko|Dazzling Gleam|p2a: Landorus\n|-damage|p2a: Landorus|61\/100\n|\n|upkeep\n|turn|3\n|\n|t:|1700569476\n|switch|p1a: Landorus|Landorus-Therian, M|100\/100\n|-ability|p1a: Landorus|Intimidate|boost\n|-unboost|p2a: Landorus|atk|1\n|move|p2a: Landorus|Stealth Rock|p1a: Landorus\n|-sidestart|p1: starlitbox|move: Stealth Rock\n|\n|upkeep\n|turn|4\n|\n|t:|1700569487\n|move|p2a: Landorus|U-turn|p1a: Landorus\n|-resisted|p1a: Landorus\n|-damage|p1a: Landorus|92\/100\n|\n|t:|1700569506\n|switch|p2a: Tapu Lele|Tapu Lele|100\/100|[from] U-turn\n|-fieldstart|move: Psychic Terrain|[from] ability: Psychic Surge|[of] p2a: Tapu Lele\n|move|p1a: Landorus|Knock Off|p2a: Tapu Lele\n|-damage|p2a: Tapu Lele|38\/100\n|-enditem|p2a: Tapu Lele|Choice Scarf|[from] move: Knock Off|[of] p1a: Landorus\n|\n|-heal|p1a: Landorus|98\/100|[from] item: Leftovers\n|upkeep\n|turn|5\n|\n|t:|1700569523\n|move|p2a: Tapu Lele|Moonblast|p1a: Landorus\n|-damage|p1a: Landorus|49\/100\n|move|p1a: Landorus|Defog|p2a: Tapu Lele\n|-unboost|p2a: Tapu Lele|evasion|1\n|-sideend|p1: starlitbox|Spikes|[from] move: Defog|[of] p1a: Landorus\n|-sideend|p1: starlitbox|Stealth Rock|[from] move: Defog|[of] p1a: Landorus\n|-fieldend|move: Psychic Terrain\n|\n|-heal|p1a: Landorus|55\/100|[from] item: Leftovers\n|upkeep\n|turn|6\n|\n|t:|1700569543\n|switch|p2a: Alomomola|Alomomola, M|100\/100\n|move|p1a: Landorus|U-turn|p2a: Alomomola\n|-damage|p2a: Alomomola|84\/100\n|\n|t:|1700569552\n|switch|p1a: Ogerpon|Ogerpon-Wellspring, F|100\/100|[from] U-turn\n|\n|upkeep\n|turn|7\n|\n|t:|1700569569\n|move|p1a: Ogerpon|Horn Leech|p2a: Alomomola\n|-supereffective|p2a: Alomomola\n|-damage|p2a: Alomomola|39\/100\n|move|p2a: Alomomola|Toxic|p1a: Ogerpon\n|-status|p1a: Ogerpon|tox\n|\n|-damage|p1a: Ogerpon|95\/100 tox|[from] psn\n|upkeep\n|turn|8\n|\n|t:|1700569586\n|switch|p2a: Landorus|Landorus-Therian, M|61\/100\n|-ability|p2a: Landorus|Intimidate|boost\n|-unboost|p1a: Ogerpon|atk|1\n|move|p1a: Ogerpon|Horn Leech|p2a: Landorus\n|-damage|p2a: Landorus|25\/100\n|-heal|p1a: Ogerpon|100\/100 tox|[from] drain|[of] p2a: Landorus\n|\n|-damage|p1a: Ogerpon|89\/100 tox|[from] psn\n|upkeep\n|turn|9\n|\n|t:|1700569599\n|move|p1a: Ogerpon|Horn Leech|p2a: Landorus\n|-damage|p2a: Landorus|0 fnt\n|-heal|p1a: Ogerpon|100\/100 tox|[from] drain|[of] p2a: Landorus\n|faint|p2a: Landorus\n|\n|-damage|p1a: Ogerpon|83\/100 tox|[from] psn\n|upkeep\n|-message|Yhin forfeited.\n|\n|win|starlitbox\n|raw|starlitbox's rating: 1366 &rarr; <strong>1390<\/strong><br \/>(+24 for winning)\n|raw|Yhin's rating: 1437 &rarr; <strong>1413<\/strong><br \/>(-24 for losing)\n|l|\u2606Yhin\n","uploadtime":1700569615,"views":8,"p1id":"starlitbox","p2id":"yhin","formatid":"gen9nationaldex","rating":1390,"private":0,"password":""}