{"id":"gen9nationaldex-1999136418","p1":"RunicPower419","p2":"Huryuijujilo","format":"[Gen 9] National Dex","log":"|html|<div class=\"broadcast-blue\"><strong>[Gen 9] National Dex is currently suspecting Sneasler! For information on how to participate check out the <a href=\"https:\/\/www.smogon.com\/forums\/threads\/sv-national-dex-suspect-8-just-dance.3731534\/\">suspect thread<\/a>.<\/strong><\/div>\n|j|\u2606RunicPower419\n|j|\u2606Huryuijujilo\n|inactive|Battle timer is ON: inactive players will automatically lose when time's up.\n|t:|1701037095\n|gametype|singles\n|player|p1|RunicPower419|red-masters|\n|player|p2|Huryuijujilo|clown|\n|teamsize|p1|6\n|teamsize|p2|6\n|gen|9\n|tier|[Gen 9] National Dex\n|rated|Tournament battle\n|rule|HP Percentage Mod: HP is shown in percentages\n|rule|Endless Battle Clause: Forcing endless battles is banned\n|rule|OHKO Clause: OHKO moves are banned\n|rule|Evasion Clause: Evasion abilities, items, and moves are banned\n|rule|Evasion Abilities Clause: Evasion abilities are banned\n|rule|Evasion Items Clause: Evasion items are banned\n|rule|Evasion Moves Clause: Evasion moves are banned\n|rule|Species Clause: Limit one of each Pok\u00e9mon\n|rule|Sleep Clause Mod: Limit one foe put to sleep\n|clearpoke\n|poke|p1|Zapdos|\n|poke|p1|Ting-Lu|\n|poke|p1|Alomomola, F|\n|poke|p1|Heatran, F|\n|poke|p1|Lopunny, F|\n|poke|p1|Slowking-Galar, F|\n|poke|p2|Venusaur, F|\n|poke|p2|Parasect, M|\n|poke|p2|Heatran, F|\n|poke|p2|Gastrodon-East, F|\n|poke|p2|Moltres|\n|poke|p2|Raticate, F|\n|teampreview\n|inactive|RunicPower419 also wants the timer to be on.\n|j| SirGnarlson\n|c|\u2606RunicPower419|Glhf\n|\n|t:|1701037108\n|start\n|switch|p1a: Lopunny|Lopunny, F|100\/100\n|switch|p2a: Gastrodon|Gastrodon-East, F|100\/100\n|turn|1\n|inactive|RunicPower419 has 120 seconds left.\n|\n|t:|1701037146\n|switch|p2a: Moltres|Moltres|100\/100\n|detailschange|p1a: Lopunny|Lopunny-Mega, F\n|-mega|p1a: Lopunny|Lopunny|Lopunnite\n|move|p1a: Lopunny|Fake Out|p2a: Moltres\n|-damage|p2a: Moltres|81\/100\n|\n|upkeep\n|turn|2\n|c|\u2606Huryuijujilo|glhd\n|\n|t:|1701037158\n|move|p1a: Lopunny|U-turn|p2a: Moltres\n|-resisted|p2a: Moltres\n|-damage|p2a: Moltres|76\/100\n|inactive|RunicPower419 has 120 seconds left.\n|\n|t:|1701037173\n|switch|p1a: Slowking|Slowking-Galar, F|100\/100|[from] U-turn\n|move|p2a: Moltres|Ancient Power|p1a: Slowking\n|-damage|p1a: Slowking|85\/100\n|\n|upkeep\n|turn|3\n|\n|t:|1701037181\n|switch|p2a: Heatran|Heatran, F|100\/100\n|move|p1a: Slowking|Future Sight|p2a: Heatran\n|-start|p1a: Slowking|move: Future Sight\n|\n|upkeep\n|turn|4\n|inactive|RunicPower419 has 120 seconds left.\n|\n|t:|1701037208\n|switch|p1a: Heatran|Heatran, F|100\/100\n|move|p2a: Heatran|Earth Power|p1a: Heatran\n|-supereffective|p1a: Heatran\n|-damage|p1a: Heatran|16\/100\n|\n|-heal|p1a: Heatran|22\/100|[from] item: Leftovers\n|upkeep\n|turn|5\n|\n|t:|1701037232\n|switch|p1a: Ting-Lu|Ting-Lu|100\/100\n|-ability|p1a: Ting-Lu|Vessel of Ruin\n|move|p2a: Heatran|Protect||[still]\n|-fail|p2a: Heatran\n|\n|-end|p2a: Heatran|move: Future Sight\n|-resisted|p2a: Heatran\n|-damage|p2a: Heatran|87\/100\n|-heal|p2a: Heatran|93\/100|[from] item: Leftovers\n|upkeep\n|turn|6\n|\n|t:|1701037255\n|switch|p2a: Gastrodon|Gastrodon-East, F|100\/100\n|move|p1a: Ting-Lu|Earthquake|p2a: Gastrodon\n|-damage|p2a: Gastrodon|67\/100\n|\n|upkeep\n|turn|7\n|\n|t:|1701037262\n|switch|p1a: Slowking|Slowking-Galar, F|100\/100\n|move|p2a: Gastrodon|Toxic|p1a: Slowking\n|-immune|p1a: Slowking\n|\n|upkeep\n|turn|8\n|\n|t:|1701037269\n|move|p2a: Gastrodon|Earth Power|p1a: Slowking\n|-supereffective|p1a: Slowking\n|-damage|p1a: Slowking|54\/100\n|move|p1a: Slowking|Chilly Reception|p1a: Slowking\n|-weather|Snow\n|\n|t:|1701037271\n|switch|p1a: Lopunny|Lopunny-Mega, F|100\/100|[from] Chilly Reception\n|\n|-weather|Snow|[upkeep]\n|upkeep\n|turn|9\n|\n|t:|1701037280\n|switch|p2a: Parasect|Parasect, M|100\/100\n|move|p1a: Lopunny|Frustration|p2a: Parasect\n|-damage|p2a: Parasect|44\/100\n|\n|-weather|Snow|[upkeep]\n|upkeep\n|turn|10\n|\n|t:|1701037289\n|switch|p1a: Slowking|Slowking-Galar, F|88\/100\n|switch|p2a: Moltres|Moltres|76\/100\n|\n|-weather|Snow|[upkeep]\n|upkeep\n|turn|11\n|\n|t:|1701037298\n|switch|p2a: Venusaur|Venusaur, F|100\/100\n|move|p1a: Slowking|Thunder Wave|p2a: Venusaur\n|-status|p2a: Venusaur|par\n|\n|-weather|Snow|[upkeep]\n|upkeep\n|turn|12\n|\n|t:|1701037315\n|detailschange|p2a: Venusaur|Venusaur-Mega, F\n|-mega|p2a: Venusaur|Venusaur|Venusaurite\n|move|p2a: Venusaur|Sleep Powder|p1a: Slowking\n|-status|p1a: Slowking|slp|[from] move: Sleep Powder\n|cant|p1a: Slowking|slp\n|\n|-weather|none\n|upkeep\n|turn|13\n|\n|t:|1701037328\n|switch|p2a: Raticate|Raticate, F|100\/100\n|-curestatus|p1a: Slowking|slp|[msg]\n|move|p1a: Slowking|Future Sight|p2a: Raticate\n|-start|p1a: Slowking|move: Future Sight\n|\n|-status|p2a: Raticate|brn|[from] item: Flame Orb\n|upkeep\n|turn|14\n|\n|t:|1701037341\n|switch|p2a: Heatran|Heatran, F|93\/100\n|switch|p1a: Zapdos|Zapdos, shiny|100\/100\n|\n|-heal|p2a: Heatran|99\/100|[from] item: Leftovers\n|upkeep\n|turn|15\n|inactive|RunicPower419 has 120 seconds left.\n|\n|t:|1701037377\n|move|p1a: Zapdos|Volt Switch|p2a: Heatran\n|-damage|p2a: Heatran|73\/100\n|\n|t:|1701037380\n|switch|p1a: Ting-Lu|Ting-Lu|100\/100|[from] Volt Switch\n|-ability|p1a: Ting-Lu|Vessel of Ruin\n|move|p2a: Heatran|Magma Storm|p1a: Ting-Lu|[miss]\n|-miss|p2a: Heatran|p1a: Ting-Lu\n|\n|-end|p2a: Heatran|move: Future Sight\n|-resisted|p2a: Heatran\n|-damage|p2a: Heatran|58\/100\n|-heal|p2a: Heatran|64\/100|[from] item: Leftovers\n|upkeep\n|turn|16\n|inactive|RunicPower419 has 120 seconds left.\n|\n|t:|1701037399\n|switch|p2a: Parasect|Parasect, M|44\/100\n|move|p1a: Ting-Lu|Earthquake|p2a: Parasect\n|-resisted|p2a: Parasect\n|-damage|p2a: Parasect|35\/100\n|\n|upkeep\n|turn|17\n|inactive|RunicPower419 has 120 seconds left.\n|\n|t:|1701037415\n|switch|p1a: Slowking|Slowking-Galar, F|100\/100\n|move|p2a: Parasect|Spore|p1a: Slowking\n|-status|p1a: Slowking|slp|[from] move: Spore\n|\n|upkeep\n|turn|18\n|inactive|RunicPower419 has 120 seconds left.\n|\n|t:|1701037422\n|move|p2a: Parasect|Swords Dance|p2a: Parasect\n|-boost|p2a: Parasect|atk|2\n|cant|p1a: Slowking|slp\n|\n|upkeep\n|turn|19\n|\n|t:|1701037430\n|switch|p1a: Zapdos|Zapdos, shiny|100\/100\n|move|p2a: Parasect|Knock Off|p1a: Zapdos\n|-damage|p1a: Zapdos|68\/100\n|-status|p2a: Parasect|par|[from] ability: Static|[of] p1a: Zapdos\n|-enditem|p1a: Zapdos|Heavy-Duty Boots|[from] move: Knock Off|[of] p2a: Parasect\n|\n|upkeep\n|turn|20\n|\n|t:|1701037439\n|switch|p2a: Gastrodon|Gastrodon-East, F|67\/100\n|move|p1a: Zapdos|Volt Switch|p2a: Gastrodon\n|-immune|p2a: Gastrodon\n|\n|upkeep\n|turn|21\n|\n|t:|1701037446\n|switch|p1a: Alomomola|Alomomola, F, shiny|100\/100\n|move|p2a: Gastrodon|Earth Power|p1a: Alomomola\n|-damage|p1a: Alomomola|69\/100\n|\n|upkeep\n|turn|22\n|\n|t:|1701037457\n|switch|p2a: Venusaur|Venusaur-Mega, F|100\/100 par\n|move|p1a: Alomomola|Wish|p1a: Alomomola\n|\n|upkeep\n|turn|23\n|\n|t:|1701037468\n|switch|p1a: Slowking|Slowking-Galar, F|100\/100 slp\n|move|p2a: Venusaur|Earth Power|p1a: Slowking\n|-supereffective|p1a: Slowking\n|-damage|p1a: Slowking|58\/100 slp\n|\n|-heal|p1a: Slowking|100\/100 slp|[from] move: Wish|[wisher] Alomomola\n|upkeep\n|turn|24\n|\n|t:|1701037481\n|switch|p2a: Raticate|Raticate, F|100\/100 brn\n|cant|p1a: Slowking|slp\n|\n|-damage|p2a: Raticate|95\/100 brn|[from] brn\n|upkeep\n|turn|25\n|\n|t:|1701037497\n|switch|p1a: Zapdos|Zapdos, shiny|68\/100\n|move|p2a: Raticate|Swords Dance|p2a: Raticate\n|-boost|p2a: Raticate|atk|2\n|\n|-damage|p2a: Raticate|89\/100 brn|[from] brn\n|upkeep\n|turn|26\n|\n|t:|1701037505\n|move|p2a: Raticate|Facade|p1a: Zapdos\n|-damage|p1a: Zapdos|0 fnt\n|faint|p1a: Zapdos\n|\n|-damage|p2a: Raticate|83\/100 brn|[from] brn\n|upkeep\n|\n|t:|1701037509\n|switch|p1a: Lopunny|Lopunny-Mega, F|100\/100\n|turn|27\n|\n|t:|1701037517\n|switch|p2a: Moltres|Moltres|76\/100\n|move|p1a: Lopunny|Fake Out|p2a: Moltres\n|-damage|p2a: Moltres|58\/100\n|\n|upkeep\n|turn|28\n|\n|t:|1701037523\n|move|p1a: Lopunny|U-turn|p2a: Moltres\n|-resisted|p2a: Moltres\n|-damage|p2a: Moltres|52\/100\n|\n|t:|1701037526\n|switch|p1a: Heatran|Heatran, F|22\/100|[from] U-turn\n|move|p2a: Moltres|Roost|p2a: Moltres\n|-heal|p2a: Moltres|100\/100\n|-singleturn|p2a: Moltres|move: Roost\n|\n|-heal|p1a: Heatran|28\/100|[from] item: Leftovers\n|upkeep\n|turn|29\n|\n|t:|1701037538\n|move|p2a: Moltres|Ancient Power|p1a: Heatran\n|-damage|p1a: Heatran|13\/100\n|-boost|p2a: Moltres|atk|1\n|-boost|p2a: Moltres|def|1\n|-boost|p2a: Moltres|spa|1\n|-boost|p2a: Moltres|spd|1\n|-boost|p2a: Moltres|spe|1\n|move|p1a: Heatran|Stealth Rock|p2a: Moltres\n|-sidestart|p2: Huryuijujilo|move: Stealth Rock\n|\n|-heal|p1a: Heatran|19\/100|[from] item: Leftovers\n|upkeep\n|turn|30\n|inactive|RunicPower419 has 120 seconds left.\n|\n|t:|1701037582\n|move|p2a: Moltres|Ancient Power|p1a: Heatran\n|-damage|p1a: Heatran|0 fnt\n|faint|p1a: Heatran\n|\n|upkeep\n|\n|t:|1701037587\n|switch|p1a: Alomomola|Alomomola, F, shiny|100\/100\n|turn|31\n|\n|t:|1701037593\n|move|p2a: Moltres|Ancient Power|p1a: Alomomola\n|-damage|p1a: Alomomola|72\/100\n|move|p1a: Alomomola|Toxic|p2a: Moltres|[miss]\n|-miss|p1a: Alomomola|p2a: Moltres\n|\n|upkeep\n|turn|32\n|\n|t:|1701037600\n|switch|p2a: Venusaur|Venusaur-Mega, F|100\/100 par\n|-damage|p2a: Venusaur|88\/100 par|[from] Stealth Rock\n|move|p1a: Alomomola|Toxic||[still]\n|-fail|p1a: Alomomola\n|\n|upkeep\n|turn|33\n|\n|t:|1701037611\n|switch|p1a: Slowking|Slowking-Galar, F|100\/100 slp\n|cant|p2a: Venusaur|par\n|\n|upkeep\n|turn|34\n|\n|t:|1701037630\n|move|p2a: Venusaur|Sleep Powder|p1a: Slowking\n|-fail|p1a: Slowking|slp\n|cant|p1a: Slowking|slp\n|\n|upkeep\n|turn|35\n|\n|t:|1701037636\n|move|p2a: Venusaur|Giga Drain|p1a: Slowking\n|-resisted|p1a: Slowking\n|-damage|p1a: Slowking|88\/100 slp\n|-heal|p2a: Venusaur|96\/100 par|[from] drain|[of] p1a: Slowking\n|-curestatus|p1a: Slowking|slp|[msg]\n|move|p1a: Slowking|Future Sight|p2a: Venusaur\n|-start|p1a: Slowking|move: Future Sight\n|\n|upkeep\n|turn|36\n|\n|t:|1701037644\n|move|p2a: Venusaur|Sleep Powder|p1a: Slowking|[miss]\n|-miss|p2a: Venusaur|p1a: Slowking\n|move|p1a: Slowking|Chilly Reception|p1a: Slowking\n|-weather|Snow\n|\n|t:|1701037650\n|switch|p1a: Lopunny|Lopunny-Mega, F|100\/100|[from] Chilly Reception\n|\n|-weather|Snow|[upkeep]\n|upkeep\n|turn|37\n|\n|t:|1701037656\n|switch|p2a: Heatran|Heatran, F|64\/100\n|-damage|p2a: Heatran|52\/100|[from] Stealth Rock\n|move|p1a: Lopunny|Frustration|p2a: Heatran\n|-resisted|p2a: Heatran\n|-damage|p2a: Heatran|25\/100\n|\n|-weather|Snow|[upkeep]\n|-end|p2a: Heatran|move: Future Sight\n|-resisted|p2a: Heatran\n|-damage|p2a: Heatran|6\/100\n|-heal|p2a: Heatran|13\/100|[from] item: Leftovers\n|upkeep\n|turn|38\n|\n|t:|1701037669\n|switch|p2a: Moltres|Moltres|100\/100\n|move|p1a: Lopunny|Frustration|p2a: Moltres\n|-damage|p2a: Moltres|48\/100\n|-status|p1a: Lopunny|brn|[from] ability: Flame Body|[of] p2a: Moltres\n|\n|-weather|Snow|[upkeep]\n|-damage|p1a: Lopunny|95\/100 brn|[from] brn\n|upkeep\n|turn|39\n|\n|t:|1701037680\n|switch|p1a: Slowking|Slowking-Galar, F|100\/100\n|move|p2a: Moltres|Roost|p2a: Moltres\n|-heal|p2a: Moltres|98\/100\n|-singleturn|p2a: Moltres|move: Roost\n|\n|-weather|Snow|[upkeep]\n|upkeep\n|turn|40\n|\n|t:|1701037688\n|move|p2a: Moltres|Defog|p1a: Slowking\n|-unboost|p1a: Slowking|evasion|1\n|-sideend|p2: Huryuijujilo|Stealth Rock|[from] move: Defog|[of] p2a: Moltres\n|move|p1a: Slowking|Future Sight|p2a: Moltres\n|-start|p1a: Slowking|move: Future Sight\n|\n|-weather|none\n|upkeep\n|turn|41\n|\n|t:|1701037700\n|move|p2a: Moltres|Flamethrower|p1a: Slowking\n|-damage|p1a: Slowking|67\/100\n|move|p1a: Slowking|Sludge Bomb|p2a: Moltres\n|-damage|p2a: Moltres|56\/100\n|\n|upkeep\n|turn|42\n|\n|t:|1701037709\n|switch|p2a: Heatran|Heatran, F|13\/100\n|move|p1a: Slowking|Thunder Wave|p2a: Heatran\n|-status|p2a: Heatran|par\n|\n|-end|p2a: Heatran|move: Future Sight\n|-resisted|p2a: Heatran\n|-damage|p2a: Heatran|0 fnt\n|faint|p2a: Heatran\n|upkeep\n|\n|t:|1701037722\n|switch|p2a: Gastrodon|Gastrodon-East, F|67\/100\n|turn|43\n|\n|t:|1701037737\n|move|p2a: Gastrodon|Earth Power|p1a: Slowking\n|-supereffective|p1a: Slowking\n|-damage|p1a: Slowking|16\/100\n|move|p1a: Slowking|Future Sight|p2a: Gastrodon\n|-start|p1a: Slowking|move: Future Sight\n|\n|upkeep\n|turn|44\n|\n|t:|1701037746\n|switch|p1a: Lopunny|Lopunny-Mega, F|95\/100 brn\n|move|p2a: Gastrodon|Earth Power|p1a: Lopunny\n|-crit|p1a: Lopunny\n|-damage|p1a: Lopunny|30\/100 brn\n|\n|-damage|p1a: Lopunny|24\/100 brn|[from] brn\n|upkeep\n|turn|45\n|\n|t:|1701037756\n|switch|p2a: Parasect|Parasect, M|35\/100 par\n|move|p1a: Lopunny|Fake Out|p2a: Parasect\n|-damage|p2a: Parasect|25\/100 par\n|\n|-end|p2a: Parasect|move: Future Sight\n|-damage|p2a: Parasect|0 fnt\n|faint|p2a: Parasect\n|-damage|p1a: Lopunny|19\/100 brn|[from] brn\n|upkeep\n|\n|t:|1701037767\n|switch|p2a: Raticate|Raticate, F|83\/100 brn\n|turn|46\n|\n|t:|1701037770\n|move|p2a: Raticate|Quick Attack|p1a: Lopunny\n|-damage|p1a: Lopunny|0 fnt\n|faint|p1a: Lopunny\n|\n|-damage|p2a: Raticate|77\/100 brn|[from] brn\n|upkeep\n|\n|t:|1701037774\n|switch|p1a: Ting-Lu|Ting-Lu|100\/100\n|-ability|p1a: Ting-Lu|Vessel of Ruin\n|turn|47\n|\n|t:|1701037784\n|switch|p2a: Moltres|Moltres|56\/100\n|move|p1a: Ting-Lu|Ruination|p2a: Moltres\n|-damage|p2a: Moltres|28\/100\n|\n|upkeep\n|turn|48\n|\n|t:|1701037791\n|switch|p1a: Alomomola|Alomomola, F, shiny|100\/100\n|move|p2a: Moltres|Flamethrower|p1a: Alomomola\n|-resisted|p1a: Alomomola\n|-damage|p1a: Alomomola|80\/100\n|\n|upkeep\n|turn|49\n|\n|t:|1701037803\n|switch|p2a: Venusaur|Venusaur-Mega, F|96\/100 par\n|move|p1a: Alomomola|Toxic||[still]\n|-fail|p1a: Alomomola\n|\n|upkeep\n|turn|50\n|\n|t:|1701037810\n|switch|p1a: Slowking|Slowking-Galar, F|49\/100\n|cant|p2a: Venusaur|par\n|\n|upkeep\n|turn|51\n|\n|t:|1701037815\n|move|p2a: Venusaur|Sleep Powder|p1a: Slowking|[miss]\n|-miss|p2a: Venusaur|p1a: Slowking\n|move|p1a: Slowking|Future Sight|p2a: Venusaur\n|-start|p1a: Slowking|move: Future Sight\n|\n|upkeep\n|turn|52\n|\n|t:|1701037821\n|move|p2a: Venusaur|Sleep Powder|p1a: Slowking\n|-status|p1a: Slowking|slp|[from] move: Sleep Powder\n|cant|p1a: Slowking|slp\n|\n|upkeep\n|turn|53\n|\n|t:|1701037829\n|switch|p2a: Moltres|Moltres|28\/100\n|switch|p1a: Alomomola|Alomomola, F, shiny|100\/100\n|\n|-end|p2a: Moltres|move: Future Sight\n|-damage|p2a: Moltres|0 fnt\n|faint|p2a: Moltres\n|upkeep\n|\n|t:|1701037840\n|switch|p2a: Raticate|Raticate, F|77\/100 brn\n|turn|54\n|\n|t:|1701037847\n|move|p2a: Raticate|Swords Dance|p2a: Raticate\n|-boost|p2a: Raticate|atk|2\n|move|p1a: Alomomola|Flip Turn|p2a: Raticate\n|-damage|p2a: Raticate|46\/100 brn\n|\n|t:|1701037849\n|switch|p1a: Ting-Lu|Ting-Lu|100\/100|[from] Flip Turn\n|-ability|p1a: Ting-Lu|Vessel of Ruin\n|\n|-damage|p2a: Raticate|40\/100 brn|[from] brn\n|upkeep\n|turn|55\n|\n|t:|1701037860\n|-terastallize|p2a: Raticate|Normal\n|move|p2a: Raticate|Facade|p1a: Ting-Lu\n|-damage|p1a: Ting-Lu|0 fnt\n|faint|p1a: Ting-Lu\n|\n|-damage|p2a: Raticate|34\/100 brn|[from] brn\n|upkeep\n|\n|t:|1701037868\n|switch|p1a: Alomomola|Alomomola, F, shiny|100\/100\n|turn|56\n|\n|t:|1701037872\n|move|p2a: Raticate|Facade|p1a: Alomomola\n|-damage|p1a: Alomomola|0 fnt\n|faint|p1a: Alomomola\n|\n|-damage|p2a: Raticate|28\/100 brn|[from] brn\n|upkeep\n|\n|t:|1701037874\n|switch|p1a: Slowking|Slowking-Galar, F|83\/100 slp\n|turn|57\n|c|\u2606RunicPower419|gg\n|c|\u2606Huryuijujilo|Gg\n|\n|t:|1701037885\n|move|p2a: Raticate|Facade|p1a: Slowking\n|-damage|p1a: Slowking|0 fnt\n|faint|p1a: Slowking\n|\n|win|Huryuijujilo\n|n|\u2606RunicPower419|runicpower419\n|n|\u2606Huryuijujilo|huryuijujilo\n|n| SirGnarlson|sirgnarlson\n|l|\u2606RunicPower419\n","uploadtime":1701037892,"views":1,"p1id":"runicpower419","p2id":"huryuijujilo","formatid":"gen9nationaldex","rating":0,"private":0,"password":""}