{"id":"gen9nationaldex-1988483356","p1":"baigei_sez","p2":"nidokingphysical3","format":"[Gen 9] National Dex","log":"|j|\u2606baigei_sez\n|j|\u2606nidokingphysical3\n|t:|1699727793\n|gametype|singles\n|player|p1|baigei_sez|102|1376\n|player|p2|nidokingphysical3|beauty|1425\n|teamsize|p1|6\n|teamsize|p2|6\n|gen|9\n|tier|[Gen 9] National Dex\n|rated|\n|rule|HP Percentage Mod: HP is shown in percentages\n|rule|Endless Battle Clause: Forcing endless battles is banned\n|rule|OHKO Clause: OHKO moves are banned\n|rule|Evasion Clause: Evasion abilities, items, and moves are banned\n|rule|Evasion Abilities Clause: Evasion abilities are banned\n|rule|Evasion Items Clause: Evasion items are banned\n|rule|Evasion Moves Clause: Evasion moves are banned\n|rule|Species Clause: Limit one of each Pok\u00e9mon\n|rule|Sleep Clause Mod: Limit one foe put to sleep\n|clearpoke\n|poke|p1|Landorus-Therian, M|\n|poke|p1|Chansey, F|\n|poke|p1|Moltres|\n|poke|p1|Kartana|\n|poke|p1|Tapu Lele|\n|poke|p1|Ferrothorn, M|\n|poke|p2|Keldeo-Resolute|\n|poke|p2|Slowking-Galar, F|\n|poke|p2|Hydreigon, F|\n|poke|p2|Ferrothorn, M|\n|poke|p2|Iron Valiant|\n|poke|p2|Tapu Koko|\n|teampreview\n|c|\u2606nidokingphysical3|gl\n|inactive|Battle timer is ON: inactive players will automatically lose when time's up. (requested by nidokingphysical3)\n|\n|t:|1699727799\n|start\n|switch|p1a: Tapu Lele|Tapu Lele|100\/100\n|switch|p2a: Keldeo|Keldeo-Resolute|100\/100\n|-fieldstart|move: Psychic Terrain|[from] ability: Psychic Surge|[of] p1a: Tapu Lele\n|turn|1\n|\n|t:|1699727804\n|switch|p2a: Ferrothorn|Ferrothorn, M, shiny|100\/100\n|move|p1a: Tapu Lele|Thunderbolt|p2a: Ferrothorn\n|-resisted|p2a: Ferrothorn\n|-damage|p2a: Ferrothorn|90\/100\n|\n|upkeep\n|turn|2\n|\n|t:|1699727809\n|switch|p1a: Moltres|Moltres|100\/100\n|move|p2a: Ferrothorn|Knock Off|p1a: Moltres\n|-damage|p1a: Moltres|87\/100\n|-enditem|p1a: Moltres|Heavy-Duty Boots|[from] move: Knock Off|[of] p2a: Ferrothorn\n|\n|upkeep\n|turn|3\n|\n|t:|1699727817\n|switch|p2a: Slowking|Slowking-Galar, F|100\/100\n|move|p1a: Moltres|Flamethrower|p2a: Slowking\n|-damage|p2a: Slowking|80\/100\n|\n|upkeep\n|turn|4\n|\n|t:|1699727824\n|switch|p1a: Chansey|Chansey, F|100\/100\n|move|p2a: Slowking|Future Sight|p1a: Chansey\n|-start|p2a: Slowking|move: Future Sight\n|\n|upkeep\n|turn|5\n|\n|t:|1699727830\n|move|p1a: Chansey|Seismic Toss|p2a: Slowking\n|-damage|p2a: Slowking|55\/100\n|move|p2a: Slowking|Chilly Reception|p2a: Slowking\n|-weather|Snow\n|\n|t:|1699727833\n|switch|p2a: Ferrothorn|Ferrothorn, M, shiny|90\/100|[from] Chilly Reception\n|\n|-weather|Snow|[upkeep]\n|-fieldend|move: Psychic Terrain\n|upkeep\n|turn|6\n|\n|t:|1699727839\n|switch|p1a: Ferrothorn|Ferrothorn, M|100\/100\n|move|p2a: Ferrothorn|Stealth Rock|p1a: Ferrothorn\n|-sidestart|p1: baigei_sez|move: Stealth Rock\n|\n|-weather|Snow|[upkeep]\n|-end|p1a: Ferrothorn|move: Future Sight\n|-resisted|p1a: Ferrothorn\n|-damage|p1a: Ferrothorn|82\/100\n|-heal|p1a: Ferrothorn|89\/100|[from] item: Leftovers\n|upkeep\n|turn|7\n|\n|t:|1699727851\n|move|p1a: Ferrothorn|Leech Seed|p2a: Ferrothorn\n|-immune|p2a: Ferrothorn\n|move|p2a: Ferrothorn|Knock Off|p1a: Ferrothorn\n|-damage|p1a: Ferrothorn|76\/100\n|-damage|p2a: Ferrothorn|77\/100|[from] ability: Iron Barbs|[of] p1a: Ferrothorn\n|-enditem|p1a: Ferrothorn|Leftovers|[from] move: Knock Off|[of] p2a: Ferrothorn\n|\n|-weather|Snow|[upkeep]\n|upkeep\n|turn|8\n|\n|t:|1699727861\n|move|p1a: Ferrothorn|Body Press|p2a: Ferrothorn\n|-supereffective|p2a: Ferrothorn\n|-damage|p2a: Ferrothorn|36\/100\n|-damage|p1a: Ferrothorn|63\/100|[from] ability: Iron Barbs|[of] p2a: Ferrothorn\n|-damage|p1a: Ferrothorn|47\/100|[from] item: Rocky Helmet|[of] p2a: Ferrothorn\n|move|p2a: Ferrothorn|Leech Seed|p1a: Ferrothorn\n|-immune|p1a: Ferrothorn\n|\n|-weather|Snow|[upkeep]\n|upkeep\n|turn|9\n|\n|t:|1699727878\n|switch|p2a: Slowking|Slowking-Galar, F|88\/100\n|move|p1a: Ferrothorn|Leech Seed|p2a: Slowking\n|-start|p2a: Slowking|move: Leech Seed\n|\n|-weather|none\n|-damage|p2a: Slowking|75\/100|[from] Leech Seed|[of] p1a: Ferrothorn\n|-heal|p1a: Ferrothorn|61\/100|[silent]\n|upkeep\n|turn|10\n|\n|t:|1699727884\n|switch|p1a: Landorus|Landorus-Therian, M|100\/100\n|-damage|p1a: Landorus|88\/100|[from] Stealth Rock\n|-ability|p1a: Landorus|Intimidate|boost\n|-unboost|p2a: Slowking|atk|1\n|move|p2a: Slowking|Flamethrower|p1a: Landorus\n|-damage|p1a: Landorus|63\/100\n|-status|p1a: Landorus|brn\n|\n|-heal|p1a: Landorus|69\/100 brn|[from] item: Leftovers\n|-damage|p2a: Slowking|63\/100|[from] Leech Seed|[of] p1a: Landorus\n|-heal|p1a: Landorus|82\/100 brn|[silent]\n|-damage|p1a: Landorus|76\/100 brn|[from] brn\n|upkeep\n|turn|11\n|\n|t:|1699727898\n|switch|p2a: Hydreigon|Hydreigon, F|100\/100\n|move|p1a: Landorus|U-turn|p2a: Hydreigon\n|-supereffective|p2a: Hydreigon\n|-damage|p2a: Hydreigon|69\/100\n|\n|t:|1699727902\n|switch|p1a: Chansey|Chansey, F|100\/100|[from] U-turn\n|-damage|p1a: Chansey|88\/100|[from] Stealth Rock\n|\n|-heal|p2a: Hydreigon|75\/100|[from] item: Leftovers\n|upkeep\n|turn|12\n|\n|t:|1699727908\n|switch|p2a: Slowking|Slowking-Galar, F|96\/100\n|move|p1a: Chansey|Heal Bell|p1a: Chansey\n|-activate|p1a: Chansey|move: Heal Bell\n|-curestatus|p1: Landorus|brn|[msg]\n|\n|upkeep\n|turn|13\n|\n|t:|1699727916\n|move|p1a: Chansey|Seismic Toss|p2a: Slowking\n|-damage|p2a: Slowking|71\/100\n|move|p2a: Slowking|Future Sight|p1a: Chansey\n|-start|p2a: Slowking|move: Future Sight\n|\n|upkeep\n|turn|14\n|\n|t:|1699727929\n|move|p1a: Chansey|Seismic Toss|p2a: Slowking\n|-damage|p2a: Slowking|45\/100\n|move|p2a: Slowking|Chilly Reception|p2a: Slowking\n|-weather|Snow\n|\n|t:|1699727935\n|switch|p2a: Keldeo|Keldeo-Resolute|100\/100|[from] Chilly Reception\n|\n|-weather|Snow|[upkeep]\n|upkeep\n|turn|15\n|\n|t:|1699727942\n|switch|p1a: Ferrothorn|Ferrothorn, M|61\/100\n|-damage|p1a: Ferrothorn|54\/100|[from] Stealth Rock\n|move|p2a: Keldeo|Flip Turn|p1a: Ferrothorn\n|-resisted|p1a: Ferrothorn\n|-damage|p1a: Ferrothorn|50\/100\n|-damage|p2a: Keldeo|88\/100|[from] ability: Iron Barbs|[of] p1a: Ferrothorn\n|\n|t:|1699727957\n|switch|p2a: Slowking|Slowking-Galar, F|79\/100|[from] Flip Turn\n|\n|-weather|Snow|[upkeep]\n|-end|p1a: Ferrothorn|move: Future Sight\n|-resisted|p1a: Ferrothorn\n|-damage|p1a: Ferrothorn|31\/100\n|upkeep\n|turn|16\n|\n|t:|1699727966\n|move|p1a: Ferrothorn|Leech Seed|p2a: Slowking\n|-start|p2a: Slowking|move: Leech Seed\n|move|p2a: Slowking|Future Sight|p1a: Ferrothorn\n|-start|p2a: Slowking|move: Future Sight\n|\n|-weather|Snow|[upkeep]\n|-damage|p2a: Slowking|66\/100|[from] Leech Seed|[of] p1a: Ferrothorn\n|-heal|p1a: Ferrothorn|45\/100|[silent]\n|upkeep\n|turn|17\n|\n|t:|1699727973\n|move|p1a: Ferrothorn|Body Press|p2a: Slowking\n|-resisted|p2a: Slowking\n|-damage|p2a: Slowking|59\/100\n|move|p2a: Slowking|Flamethrower|p1a: Ferrothorn\n|-supereffective|p1a: Ferrothorn\n|-damage|p1a: Ferrothorn|0 fnt\n|faint|p1a: Ferrothorn\n|\n|-weather|Snow|[upkeep]\n|upkeep\n|\n|t:|1699727978\n|switch|p1a: Tapu Lele|Tapu Lele|100\/100\n|-damage|p1a: Tapu Lele|88\/100|[from] Stealth Rock\n|-fieldstart|move: Psychic Terrain|[from] ability: Psychic Surge|[of] p1a: Tapu Lele\n|turn|18\n|\n|t:|1699727997\n|switch|p2a: Ferrothorn|Ferrothorn, M, shiny|36\/100\n|move|p1a: Tapu Lele|Shadow Ball|p2a: Ferrothorn\n|-damage|p2a: Ferrothorn|16\/100\n|\n|-weather|none\n|-end|p1a: Tapu Lele|move: Future Sight\n|-resisted|p1a: Tapu Lele\n|-damage|p1a: Tapu Lele|55\/100\n|upkeep\n|turn|19\n|\n|t:|1699728004\n|switch|p2a: Slowking|Slowking-Galar, F|92\/100\n|move|p1a: Tapu Lele|Shadow Ball|p2a: Slowking\n|-supereffective|p2a: Slowking\n|-damage|p2a: Slowking|61\/100\n|-unboost|p2a: Slowking|spd|1\n|\n|upkeep\n|turn|20\n|\n|t:|1699728010\n|switch|p2a: Hydreigon|Hydreigon, F|75\/100\n|move|p1a: Tapu Lele|Shadow Ball|p2a: Hydreigon\n|-resisted|p2a: Hydreigon\n|-damage|p2a: Hydreigon|59\/100\n|\n|-heal|p2a: Hydreigon|65\/100|[from] item: Leftovers\n|upkeep\n|turn|21\n|\n|t:|1699728017\n|switch|p1a: Chansey|Chansey, F|88\/100\n|-damage|p1a: Chansey|75\/100|[from] Stealth Rock\n|move|p2a: Hydreigon|Dark Pulse|p1a: Chansey\n|-damage|p1a: Chansey|66\/100\n|\n|-heal|p2a: Hydreigon|71\/100|[from] item: Leftovers\n|upkeep\n|turn|22\n|\n|t:|1699728023\n|switch|p2a: Slowking|Slowking-Galar, F|94\/100\n|move|p1a: Chansey|Seismic Toss|p2a: Slowking\n|-damage|p2a: Slowking|69\/100\n|\n|-fieldend|move: Psychic Terrain\n|upkeep\n|turn|23\n|\n|t:|1699728029\n|move|p1a: Chansey|Toxic|p2a: Slowking\n|-immune|p2a: Slowking\n|move|p2a: Slowking|Future Sight|p1a: Chansey\n|-start|p2a: Slowking|move: Future Sight\n|\n|upkeep\n|turn|24\n|\n|t:|1699728033\n|move|p1a: Chansey|Soft-Boiled|p1a: Chansey\n|-heal|p1a: Chansey|100\/100\n|move|p2a: Slowking|Chilly Reception|p2a: Slowking\n|-weather|Snow\n|\n|t:|1699728036\n|switch|p2a: Keldeo|Keldeo-Resolute|88\/100|[from] Chilly Reception\n|\n|-weather|Snow|[upkeep]\n|upkeep\n|turn|25\n|\n|t:|1699728042\n|switch|p1a: Kartana|Kartana|100\/100\n|-damage|p1a: Kartana|94\/100|[from] Stealth Rock\n|move|p2a: Keldeo|Secret Sword|p1a: Kartana\n|-supereffective|p1a: Kartana\n|-damage|p1a: Kartana|0 fnt\n|faint|p1a: Kartana\n|\n|-weather|Snow|[upkeep]\n|-hint|Future Sight did not hit because the target is fainted.\n|upkeep\n|\n|t:|1699728048\n|switch|p1a: Tapu Lele|Tapu Lele|55\/100\n|-damage|p1a: Tapu Lele|42\/100|[from] Stealth Rock\n|-fieldstart|move: Psychic Terrain|[from] ability: Psychic Surge|[of] p1a: Tapu Lele\n|turn|26\n|\n|t:|1699728053\n|switch|p2a: Ferrothorn|Ferrothorn, M, shiny|16\/100\n|move|p1a: Tapu Lele|Moonblast|p2a: Ferrothorn\n|-resisted|p2a: Ferrothorn\n|-damage|p2a: Ferrothorn|0 fnt\n|faint|p2a: Ferrothorn\n|\n|-weather|Snow|[upkeep]\n|upkeep\n|\n|t:|1699728056\n|switch|p2a: Slowking|Slowking-Galar, F|100\/100\n|turn|27\n|\n|t:|1699728061\n|switch|p1a: Chansey|Chansey, F|100\/100\n|-damage|p1a: Chansey|88\/100|[from] Stealth Rock\n|move|p2a: Slowking|Chilly Reception|p2a: Slowking\n|\n|t:|1699728067\n|switch|p2a: Keldeo|Keldeo-Resolute|88\/100|[from] Chilly Reception\n|\n|-weather|Snow|[upkeep]\n|upkeep\n|turn|28\n|\n|t:|1699728071\n|switch|p1a: Moltres|Moltres|87\/100\n|-damage|p1a: Moltres|37\/100|[from] Stealth Rock\n|move|p2a: Keldeo|Secret Sword|p1a: Moltres\n|-resisted|p1a: Moltres\n|-damage|p1a: Moltres|21\/100\n|\n|-weather|none\n|upkeep\n|turn|29\n|\n|t:|1699728080\n|switch|p2a: Slowking|Slowking-Galar, F|100\/100\n|move|p1a: Moltres|Roost|p1a: Moltres\n|-heal|p1a: Moltres|71\/100\n|-singleturn|p1a: Moltres|move: Roost\n|\n|upkeep\n|turn|30\n|\n|t:|1699728084\n|move|p1a: Moltres|Defog|p2a: Slowking\n|-unboost|p2a: Slowking|evasion|1\n|-sideend|p1: baigei_sez|Stealth Rock|[from] move: Defog|[of] p1a: Moltres\n|-fieldend|move: Psychic Terrain\n|move|p2a: Slowking|Future Sight|p1a: Moltres\n|-start|p2a: Slowking|move: Future Sight\n|\n|upkeep\n|turn|31\n|\n|t:|1699728088\n|move|p1a: Moltres|Will-O-Wisp|p2a: Slowking\n|-status|p2a: Slowking|brn\n|move|p2a: Slowking|Chilly Reception|p2a: Slowking\n|-weather|Snow\n|\n|t:|1699728091\n|switch|p2a: Tapu Koko|Tapu Koko|100\/100|[from] Chilly Reception\n|-fieldstart|move: Electric Terrain|[from] ability: Electric Surge|[of] p2a: Tapu Koko\n|\n|-weather|Snow|[upkeep]\n|upkeep\n|turn|32\n|\n|t:|1699728094\n|switch|p1a: Chansey|Chansey, F|88\/100\n|move|p2a: Tapu Koko|Hidden Power|p1a: Chansey\n|-damage|p1a: Chansey|83\/100\n|\n|-weather|Snow|[upkeep]\n|-end|p1a: Chansey|move: Future Sight\n|-damage|p1a: Chansey|72\/100\n|upkeep\n|turn|33\n|\n|t:|1699728101\n|switch|p2a: Slowking|Slowking-Galar, F|100\/100 brn\n|switch|p1a: Landorus|Landorus-Therian, M|76\/100\n|-ability|p1a: Landorus|Intimidate|boost\n|-unboost|p2a: Slowking|atk|1\n|\n|-weather|Snow|[upkeep]\n|-heal|p1a: Landorus|82\/100|[from] item: Leftovers\n|-damage|p2a: Slowking|94\/100 brn|[from] brn\n|upkeep\n|turn|34\n|\n|t:|1699728109\n|move|p1a: Landorus|Stealth Rock|p2a: Slowking\n|-sidestart|p2: nidokingphysical3|move: Stealth Rock\n|move|p2a: Slowking|Chilly Reception|p2a: Slowking\n|\n|t:|1699728127\n|switch|p2a: Hydreigon|Hydreigon, F|71\/100|[from] Chilly Reception\n|-damage|p2a: Hydreigon|59\/100|[from] Stealth Rock\n|\n|-weather|Snow|[upkeep]\n|-heal|p2a: Hydreigon|65\/100|[from] item: Leftovers\n|-heal|p1a: Landorus|88\/100|[from] item: Leftovers\n|upkeep\n|turn|35\n|\n|t:|1699728134\n|switch|p1a: Chansey|Chansey, F|72\/100\n|move|p2a: Hydreigon|Substitute|p2a: Hydreigon\n|-start|p2a: Hydreigon|Substitute\n|-damage|p2a: Hydreigon|40\/100\n|\n|-weather|none\n|-heal|p2a: Hydreigon|46\/100|[from] item: Leftovers\n|-fieldend|move: Electric Terrain\n|upkeep\n|turn|36\n|\n|t:|1699728145\n|switch|p2a: Slowking|Slowking-Galar, F|100\/100 brn\n|move|p1a: Chansey|Toxic||[still]\n|-fail|p1a: Chansey\n|\n|-damage|p2a: Slowking|94\/100 brn|[from] brn\n|upkeep\n|turn|37\n|\n|t:|1699728151\n|move|p1a: Chansey|Seismic Toss|p2a: Slowking\n|-damage|p2a: Slowking|69\/100 brn\n|move|p2a: Slowking|Sludge Bomb|p1a: Chansey\n|-crit|p1a: Chansey\n|-damage|p1a: Chansey|60\/100\n|\n|-damage|p2a: Slowking|63\/100 brn|[from] brn\n|upkeep\n|turn|38\n|\n|t:|1699728156\n|move|p1a: Chansey|Soft-Boiled|p1a: Chansey\n|-heal|p1a: Chansey|100\/100\n|move|p2a: Slowking|Sludge Bomb|p1a: Chansey\n|-damage|p1a: Chansey|93\/100\n|\n|-damage|p2a: Slowking|57\/100 brn|[from] brn\n|upkeep\n|turn|39\n|\n|t:|1699728160\n|move|p1a: Chansey|Seismic Toss|p2a: Slowking\n|-damage|p2a: Slowking|31\/100 brn\n|move|p2a: Slowking|Chilly Reception|p2a: Slowking\n|-weather|Snow\n|\n|t:|1699728165\n|switch|p2a: Hydreigon|Hydreigon, F|46\/100|[from] Chilly Reception\n|-damage|p2a: Hydreigon|34\/100|[from] Stealth Rock\n|\n|-weather|Snow|[upkeep]\n|-heal|p2a: Hydreigon|40\/100|[from] item: Leftovers\n|upkeep\n|turn|40\n|c|\u2606nidokingphysical3|omds I miscliked\n|\n|t:|1699728174\n|switch|p2a: Slowking|Slowking-Galar, F|65\/100 brn\n|move|p1a: Chansey|Seismic Toss|p2a: Slowking\n|-damage|p2a: Slowking|39\/100 brn\n|\n|-weather|Snow|[upkeep]\n|-damage|p2a: Slowking|33\/100 brn|[from] brn\n|upkeep\n|turn|41\n|\n|t:|1699728178\n|move|p1a: Chansey|Seismic Toss|p2a: Slowking\n|-damage|p2a: Slowking|8\/100 brn\n|move|p2a: Slowking|Chilly Reception|p2a: Slowking\n|\n|t:|1699728181\n|switch|p2a: Keldeo|Keldeo-Resolute|88\/100|[from] Chilly Reception\n|-damage|p2a: Keldeo|82\/100|[from] Stealth Rock\n|\n|-weather|Snow|[upkeep]\n|upkeep\n|turn|42\n|\n|t:|1699728191\n|move|p2a: Keldeo|Hydro Pump|p1a: Chansey\n|-crit|p1a: Chansey\n|-damage|p1a: Chansey|71\/100\n|move|p1a: Chansey|Toxic|p2a: Keldeo\n|-status|p2a: Keldeo|tox\n|\n|-weather|Snow|[upkeep]\n|-damage|p2a: Keldeo|76\/100 tox|[from] psn\n|upkeep\n|turn|43\n|\n|t:|1699728200\n|switch|p2a: Slowking|Slowking-Galar, F|41\/100 brn\n|switch|p1a: Landorus|Landorus-Therian, M|88\/100\n|-ability|p1a: Landorus|Intimidate|boost\n|-unboost|p2a: Slowking|atk|1\n|\n|-weather|none\n|-heal|p1a: Landorus|94\/100|[from] item: Leftovers\n|-damage|p2a: Slowking|35\/100 brn|[from] brn\n|upkeep\n|turn|44\n|\n|t:|1699728207\n|move|p1a: Landorus|Earthquake|p2a: Slowking\n|-supereffective|p2a: Slowking\n|-damage|p2a: Slowking|0 fnt\n|faint|p2a: Slowking\n|\n|-heal|p1a: Landorus|99\/100|[from] item: Leftovers\n|upkeep\n|\n|t:|1699728212\n|switch|p2a: Keldeo|Keldeo-Resolute|76\/100 tox\n|-damage|p2a: Keldeo|70\/100 tox|[from] Stealth Rock\n|turn|45\n|\n|t:|1699728217\n|move|p2a: Keldeo|Hydro Pump|p1a: Landorus\n|-supereffective|p1a: Landorus\n|-damage|p1a: Landorus|0 fnt\n|faint|p1a: Landorus\n|\n|-damage|p2a: Keldeo|63\/100 tox|[from] psn\n|upkeep\n|\n|t:|1699728221\n|switch|p1a: Tapu Lele|Tapu Lele|42\/100\n|-fieldstart|move: Psychic Terrain|[from] ability: Psychic Surge|[of] p1a: Tapu Lele\n|turn|46\n|\n|t:|1699728230\n|switch|p2a: Tapu Koko|Tapu Koko|100\/100\n|-damage|p2a: Tapu Koko|88\/100|[from] Stealth Rock\n|-fieldstart|move: Electric Terrain|[from] ability: Electric Surge|[of] p2a: Tapu Koko\n|move|p1a: Tapu Lele|Shadow Ball|p2a: Tapu Koko\n|-damage|p2a: Tapu Koko|49\/100\n|\n|upkeep\n|turn|47\n|\n|t:|1699728238\n|move|p2a: Tapu Koko|U-turn|p1a: Tapu Lele\n|-damage|p1a: Tapu Lele|17\/100\n|\n|t:|1699728241\n|switch|p2a: Hydreigon|Hydreigon, F|40\/100|[from] U-turn\n|-damage|p2a: Hydreigon|28\/100|[from] Stealth Rock\n|move|p1a: Tapu Lele|Shadow Ball|p2a: Hydreigon\n|-resisted|p2a: Hydreigon\n|-damage|p2a: Hydreigon|11\/100\n|\n|-heal|p2a: Hydreigon|17\/100|[from] item: Leftovers\n|upkeep\n|turn|48\n|\n|t:|1699728246\n|move|p1a: Tapu Lele|Shadow Ball|p2a: Hydreigon\n|-resisted|p2a: Hydreigon\n|-damage|p2a: Hydreigon|1\/100\n|-unboost|p2a: Hydreigon|spd|1\n|move|p2a: Hydreigon|Dark Pulse|p1a: Tapu Lele\n|-damage|p1a: Tapu Lele|0 fnt\n|faint|p1a: Tapu Lele\n|\n|-heal|p2a: Hydreigon|8\/100|[from] item: Leftovers\n|upkeep\n|\n|t:|1699728255\n|switch|p1a: Chansey|Chansey, F|71\/100\n|turn|49\n|\n|t:|1699728258\n|move|p2a: Hydreigon|Dark Pulse|p1a: Chansey\n|-damage|p1a: Chansey|61\/100\n|move|p1a: Chansey|Seismic Toss|p2a: Hydreigon\n|-damage|p2a: Hydreigon|0 fnt\n|faint|p2a: Hydreigon\n|\n|upkeep\n|\n|t:|1699728272\n|switch|p2a: Keldeo|Keldeo-Resolute|63\/100 tox\n|-damage|p2a: Keldeo|57\/100 tox|[from] Stealth Rock\n|turn|50\n|\n|t:|1699728279\n|switch|p1a: Moltres|Moltres|71\/100\n|move|p2a: Keldeo|Secret Sword|p1a: Moltres\n|-resisted|p1a: Moltres\n|-damage|p1a: Moltres|55\/100\n|\n|-damage|p2a: Keldeo|51\/100 tox|[from] psn\n|-fieldend|move: Electric Terrain\n|upkeep\n|turn|51\n|\n|t:|1699728284\n|switch|p2a: Tapu Koko|Tapu Koko|49\/100\n|-damage|p2a: Tapu Koko|36\/100|[from] Stealth Rock\n|-fieldstart|move: Electric Terrain|[from] ability: Electric Surge|[of] p2a: Tapu Koko\n|move|p1a: Moltres|Roost|p1a: Moltres\n|-heal|p1a: Moltres|100\/100\n|-singleturn|p1a: Moltres|move: Roost\n|\n|upkeep\n|turn|52\n|\n|t:|1699728290\n|switch|p1a: Chansey|Chansey, F|61\/100\n|move|p2a: Tapu Koko|Thunderbolt|p1a: Chansey\n|-damage|p1a: Chansey|49\/100\n|\n|upkeep\n|turn|53\n|\n|t:|1699728296\n|switch|p2a: Iron Valiant|Iron Valiant|100\/100\n|-damage|p2a: Iron Valiant|94\/100|[from] Stealth Rock\n|-activate|p2a: Iron Valiant|ability: Quark Drive\n|-start|p2a: Iron Valiant|quarkdrivespe\n|move|p1a: Chansey|Soft-Boiled|p1a: Chansey\n|-heal|p1a: Chansey|99\/100\n|\n|upkeep\n|turn|54\n|\n|t:|1699728303\n|switch|p1a: Moltres|Moltres|100\/100\n|move|p2a: Iron Valiant|Encore||[still]\n|-fail|p2a: Iron Valiant\n|\n|upkeep\n|turn|55\n|\n|t:|1699728306\n|move|p2a: Iron Valiant|Thunderbolt|p1a: Moltres\n|-supereffective|p1a: Moltres\n|-damage|p1a: Moltres|29\/100\n|move|p1a: Moltres|Will-O-Wisp|p2a: Iron Valiant\n|-status|p2a: Iron Valiant|brn\n|\n|-damage|p2a: Iron Valiant|88\/100 brn|[from] brn\n|-fieldend|move: Electric Terrain\n|-end|p2a: Iron Valiant|Quark Drive\n|upkeep\n|turn|56\n|\n|t:|1699728313\n|switch|p1a: Chansey|Chansey, F|99\/100\n|move|p2a: Iron Valiant|Thunderbolt|p1a: Chansey\n|-damage|p1a: Chansey|93\/100\n|\n|-damage|p2a: Iron Valiant|82\/100 brn|[from] brn\n|upkeep\n|turn|57\n|\n|t:|1699728317\n|-zpower|p2a: Iron Valiant\n|move|p2a: Iron Valiant|All-Out Pummeling|p1a: Chansey|[zeffect]\n|-supereffective|p1a: Chansey\n|-damage|p1a: Chansey|50\/100\n|move|p1a: Chansey|Toxic||[still]\n|-fail|p1a: Chansey\n|\n|-damage|p2a: Iron Valiant|76\/100 brn|[from] brn\n|upkeep\n|turn|58\n|\n|t:|1699728320\n|move|p2a: Iron Valiant|Focus Blast|p1a: Chansey|[miss]\n|-miss|p2a: Iron Valiant|p1a: Chansey\n|move|p1a: Chansey|Soft-Boiled|p1a: Chansey\n|-heal|p1a: Chansey|99\/100\n|\n|-damage|p2a: Iron Valiant|69\/100 brn|[from] brn\n|upkeep\n|turn|59\n|\n|t:|1699728324\n|move|p2a: Iron Valiant|Encore|p1a: Chansey\n|-start|p1a: Chansey|Encore\n|move|p1a: Chansey|Soft-Boiled|p1a: Chansey\n|-heal|p1a: Chansey|100\/100\n|\n|-damage|p2a: Iron Valiant|63\/100 brn|[from] brn\n|upkeep\n|turn|60\n|\n|t:|1699728334\n|-end|p2a: Iron Valiant|Quark Drive|[silent]\n|switch|p2a: Keldeo|Keldeo-Resolute|51\/100 tox\n|-damage|p2a: Keldeo|45\/100 tox|[from] Stealth Rock\n|switch|p1a: Moltres|Moltres|29\/100\n|\n|-damage|p2a: Keldeo|39\/100 tox|[from] psn\n|upkeep\n|turn|61\n|\n|t:|1699728339\n|move|p2a: Keldeo|Flip Turn|p1a: Moltres\n|-supereffective|p1a: Moltres\n|-damage|p1a: Moltres|10\/100\n|\n|t:|1699728342\n|switch|p2a: Iron Valiant|Iron Valiant|63\/100 brn|[from] Flip Turn\n|-damage|p2a: Iron Valiant|57\/100 brn|[from] Stealth Rock\n|move|p1a: Moltres|Roost|p1a: Moltres\n|-heal|p1a: Moltres|60\/100\n|-singleturn|p1a: Moltres|move: Roost\n|\n|-damage|p2a: Iron Valiant|51\/100 brn|[from] brn\n|upkeep\n|turn|62\n|\n|t:|1699728349\n|switch|p1a: Chansey|Chansey, F|100\/100\n|move|p2a: Iron Valiant|Thunderbolt|p1a: Chansey\n|-damage|p1a: Chansey|93\/100\n|-status|p1a: Chansey|par\n|\n|-damage|p2a: Iron Valiant|45\/100 brn|[from] brn\n|upkeep\n|turn|63\n|\n|t:|1699728355\n|-end|p2a: Iron Valiant|Quark Drive|[silent]\n|switch|p2a: Tapu Koko|Tapu Koko|36\/100\n|-damage|p2a: Tapu Koko|24\/100|[from] Stealth Rock\n|-fieldstart|move: Electric Terrain|[from] ability: Electric Surge|[of] p2a: Tapu Koko\n|cant|p1a: Chansey|par\n|\n|upkeep\n|turn|64\n|\n|t:|1699728360\n|-curestatus|p1a: Chansey|par|[from] ability: Natural Cure\n|switch|p1a: Moltres|Moltres|60\/100\n|move|p2a: Tapu Koko|U-turn|p1a: Moltres\n|-resisted|p1a: Moltres\n|-damage|p1a: Moltres|58\/100\n|\n|t:|1699728364\n|switch|p2a: Keldeo|Keldeo-Resolute|39\/100 tox|[from] U-turn\n|-damage|p2a: Keldeo|33\/100 tox|[from] Stealth Rock\n|\n|-damage|p2a: Keldeo|26\/100 tox|[from] psn\n|upkeep\n|turn|65\n|\n|t:|1699728369\n|move|p2a: Keldeo|Hydro Pump|p1a: Moltres\n|-supereffective|p1a: Moltres\n|-damage|p1a: Moltres|0 fnt\n|faint|p1a: Moltres\n|\n|-damage|p2a: Keldeo|14\/100 tox|[from] psn\n|upkeep\n|\n|t:|1699728371\n|switch|p1a: Chansey|Chansey, F|93\/100\n|turn|66\n|\n|t:|1699728376\n|switch|p2a: Tapu Koko|Tapu Koko|24\/100\n|-damage|p2a: Tapu Koko|11\/100|[from] Stealth Rock\n|move|p1a: Chansey|Seismic Toss|p2a: Tapu Koko\n|-damage|p2a: Tapu Koko|0 fnt\n|faint|p2a: Tapu Koko\n|\n|upkeep\n|\n|t:|1699728381\n|switch|p2a: Iron Valiant|Iron Valiant|45\/100 brn\n|-damage|p2a: Iron Valiant|38\/100 brn|[from] Stealth Rock\n|-activate|p2a: Iron Valiant|ability: Quark Drive\n|-start|p2a: Iron Valiant|quarkdrivespe\n|turn|67\n|\n|t:|1699728385\n|move|p2a: Iron Valiant|Focus Blast|p1a: Chansey|[miss]\n|-miss|p2a: Iron Valiant|p1a: Chansey\n|move|p1a: Chansey|Seismic Toss|p2a: Iron Valiant\n|-damage|p2a: Iron Valiant|4\/100 brn\n|\n|-damage|p2a: Iron Valiant|0 fnt|[from] brn\n|faint|p2a: Iron Valiant\n|-end|p2a: Iron Valiant|Quark Drive|[silent]\n|-fieldend|move: Electric Terrain\n|upkeep\n|\n|t:|1699728389\n|switch|p2a: Keldeo|Keldeo-Resolute|14\/100 tox\n|-damage|p2a: Keldeo|8\/100 tox|[from] Stealth Rock\n|turn|68\n|\n|t:|1699728392\n|-terastallize|p2a: Keldeo|Water\n|move|p2a: Keldeo|Secret Sword|p1a: Chansey\n|-supereffective|p1a: Chansey\n|-damage|p1a: Chansey|0 fnt\n|faint|p1a: Chansey\n|\n|win|nidokingphysical3\n|raw|baigei_sez's rating: 1376 &rarr; <strong>1359<\/strong><br \/>(-17 for losing)\n|raw|nidokingphysical3's rating: 1425 &rarr; <strong>1442<\/strong><br \/>(+17 for winning)\n|c|\u2606nidokingphysical3|gg\n|l|\u2606baigei_sez\n","uploadtime":1699728400,"views":5,"p1id":"baigeisez","p2id":"nidokingphysical3","formatid":"gen9nationaldex","rating":1359,"private":0,"password":""}