{"id":"gen9nationaldex-1993523191","p1":"Qapi","p2":"Skye32","format":"[Gen 9] National Dex","log":"|j|\u2606Qapi\n|j|\u2606Skye32\n|t:|1700327780\n|gametype|singles\n|player|p1|Qapi|pokemaniac|\n|player|p2|Skye32|170|\n|teamsize|p1|6\n|teamsize|p2|6\n|gen|9\n|tier|[Gen 9] National Dex\n|rule|HP Percentage Mod: HP is shown in percentages\n|rule|Endless Battle Clause: Forcing endless battles is banned\n|rule|OHKO Clause: OHKO moves are banned\n|rule|Evasion Clause: Evasion abilities, items, and moves are banned\n|rule|Evasion Abilities Clause: Evasion abilities are banned\n|rule|Evasion Items Clause: Evasion items are banned\n|rule|Evasion Moves Clause: Evasion moves are banned\n|rule|Species Clause: Limit one of each Pok\u00e9mon\n|rule|Sleep Clause Mod: Limit one foe put to sleep\n|clearpoke\n|poke|p1|Maushold|\n|poke|p1|Urshifu-*, F|\n|poke|p1|Grimmsnarl, M|\n|poke|p1|Garganacl, F|\n|poke|p1|Sinistcha|\n|poke|p1|Volcarona, F|\n|poke|p2|Ogerpon-Cornerstone, F|\n|poke|p2|Tyranitar, F|\n|poke|p2|Glimmora, M|\n|poke|p2|Garganacl, M|\n|poke|p2|Minior-Violet|\n|poke|p2|Excadrill, F|\n|teampreview\n|\n|t:|1700327813\n|start\n|switch|p1a: Grimmsnarl|Grimmsnarl, M|100\/100\n|switch|p2a: Minior|Minior-Violet|100\/100\n|-formechange|p2a: Minior|Minior-Meteor||[from] ability: Shields Down\n|turn|1\n|\n|t:|1700327832\n|switch|p2a: Tyranitar|Tyranitar, F|100\/100\n|-weather|Sandstorm|[from] ability: Sand Stream|[of] p2a: Tyranitar\n|move|p1a: Grimmsnarl|Trick|p2a: Tyranitar\n|-hint|Since gen 7, Dark is immune to Prankster moves.\n|-immune|p2a: Tyranitar\n|\n|-weather|Sandstorm|[upkeep]\n|-damage|p1a: Grimmsnarl|94\/100|[from] Sandstorm\n|upkeep\n|turn|2\n|\n|t:|1700327855\n|detailschange|p2a: Tyranitar|Tyranitar-Mega, F\n|-mega|p2a: Tyranitar|Tyranitar|Tyranitarite\n|move|p2a: Tyranitar|Dragon Dance|p2a: Tyranitar\n|-boost|p2a: Tyranitar|atk|1\n|-boost|p2a: Tyranitar|spe|1\n|move|p1a: Grimmsnarl|Spirit Break|p2a: Tyranitar\n|-supereffective|p2a: Tyranitar\n|-damage|p2a: Tyranitar|58\/100\n|-unboost|p2a: Tyranitar|spa|1\n|\n|-weather|Sandstorm|[upkeep]\n|-damage|p1a: Grimmsnarl|88\/100|[from] Sandstorm\n|upkeep\n|turn|3\n|\n|t:|1700327868\n|move|p2a: Tyranitar|Earthquake|p1a: Grimmsnarl\n|-damage|p1a: Grimmsnarl|10\/100\n|move|p1a: Grimmsnarl|Spirit Break|p2a: Tyranitar\n|-supereffective|p2a: Tyranitar\n|-damage|p2a: Tyranitar|18\/100\n|-unboost|p2a: Tyranitar|spa|1\n|\n|-weather|Sandstorm|[upkeep]\n|-damage|p1a: Grimmsnarl|4\/100|[from] Sandstorm\n|upkeep\n|turn|4\n|\n|t:|1700327877\n|move|p2a: Tyranitar|Earthquake|p1a: Grimmsnarl\n|-crit|p1a: Grimmsnarl\n|-damage|p1a: Grimmsnarl|0 fnt\n|faint|p1a: Grimmsnarl\n|\n|-weather|Sandstorm|[upkeep]\n|upkeep\n|\n|t:|1700327889\n|switch|p1a: Urshifu|Urshifu-Rapid-Strike, F|100\/100\n|turn|5\n|\n|t:|1700327923\n|switch|p2a: Ogerpon|Ogerpon-Cornerstone, F|100\/100\n|move|p1a: Urshifu|Aqua Jet|p2a: Ogerpon\n|-damage|p2a: Ogerpon|73\/100\n|\n|-weather|none\n|upkeep\n|turn|6\n|\n|t:|1700327941\n|move|p2a: Ogerpon|Trailblaze|p1a: Urshifu\n|-supereffective|p1a: Urshifu\n|-damage|p1a: Urshifu|41\/100\n|-boost|p2a: Ogerpon|spe|1\n|move|p1a: Urshifu|Swords Dance|p1a: Urshifu\n|-boost|p1a: Urshifu|atk|2\n|\n|upkeep\n|turn|7\n|\n|t:|1700327952\n|move|p1a: Urshifu|Aqua Jet|p2a: Ogerpon\n|-damage|p2a: Ogerpon|19\/100\n|move|p2a: Ogerpon|Trailblaze|p1a: Urshifu\n|-supereffective|p1a: Urshifu\n|-damage|p1a: Urshifu|0 fnt\n|-boost|p2a: Ogerpon|spe|1\n|faint|p1a: Urshifu\n|\n|upkeep\n|\n|t:|1700327959\n|switch|p1a: Sinistcha|Sinistcha|100\/100\n|turn|8\n|\n|t:|1700327982\n|move|p2a: Ogerpon|Ivy Cudgel|p1a: Sinistcha|[anim] Ivy Cudgel Rock\n|-damage|p1a: Sinistcha|50\/100\n|move|p1a: Sinistcha|Matcha Gotcha|p2a: Ogerpon\n|-damage|p2a: Ogerpon|0 fnt\n|-heal|p1a: Sinistcha|58\/100|[from] drain|[of] p2a: Ogerpon\n|faint|p2a: Ogerpon\n|\n|-heal|p1a: Sinistcha|64\/100|[from] item: Leftovers\n|upkeep\n|j| TexanFarmersMarket\n|\n|t:|1700327996\n|switch|p2a: Glimmora|Glimmora, M|100\/100\n|turn|9\n|c| TexanFarmersMarket|am i late?\n|\n|t:|1700328014\n|switch|p1a: Garganacl|Garganacl, F|100\/100\n|move|p2a: Glimmora|Sludge Wave|p1a: Garganacl\n|-resisted|p1a: Garganacl\n|-damage|p1a: Garganacl|84\/100\n|\n|-heal|p1a: Garganacl|90\/100|[from] item: Leftovers\n|upkeep\n|turn|10\n|\n|t:|1700328033\n|switch|p2a: Tyranitar|Tyranitar-Mega, F|18\/100\n|-weather|Sandstorm|[from] ability: Sand Stream|[of] p2a: Tyranitar\n|move|p1a: Garganacl|Iron Defense|p1a: Garganacl\n|-boost|p1a: Garganacl|def|2\n|\n|-weather|Sandstorm|[upkeep]\n|-heal|p1a: Garganacl|96\/100|[from] item: Leftovers\n|upkeep\n|turn|11\n|\n|t:|1700328050\n|move|p2a: Tyranitar|Dragon Dance|p2a: Tyranitar\n|-boost|p2a: Tyranitar|atk|1\n|-boost|p2a: Tyranitar|spe|1\n|move|p1a: Garganacl|Iron Defense|p1a: Garganacl\n|-boost|p1a: Garganacl|def|2\n|\n|-weather|Sandstorm|[upkeep]\n|-heal|p1a: Garganacl|100\/100|[from] item: Leftovers\n|upkeep\n|turn|12\n|\n|t:|1700328059\n|move|p2a: Tyranitar|Earthquake|p1a: Garganacl\n|-supereffective|p1a: Garganacl\n|-damage|p1a: Garganacl|67\/100\n|move|p1a: Garganacl|Body Press|p2a: Tyranitar\n|-supereffective|p2a: Tyranitar\n|-damage|p2a: Tyranitar|0 fnt\n|faint|p2a: Tyranitar\n|\n|-weather|Sandstorm|[upkeep]\n|-heal|p1a: Garganacl|74\/100|[from] item: Leftovers\n|upkeep\n|l| TexanFarmersMarket\n|\n|t:|1700328077\n|switch|p2a: Excadrill|Excadrill, F|100\/100\n|turn|13\n|\n|t:|1700328096\n|move|p2a: Excadrill|Iron Head|p1a: Garganacl\n|-supereffective|p1a: Garganacl\n|-damage|p1a: Garganacl|41\/100\n|cant|p1a: Garganacl|flinch\n|\n|-weather|Sandstorm|[upkeep]\n|-heal|p1a: Garganacl|47\/100|[from] item: Leftovers\n|upkeep\n|turn|14\n|\n|t:|1700328106\n|move|p2a: Excadrill|Iron Head|p1a: Garganacl\n|-supereffective|p1a: Garganacl\n|-damage|p1a: Garganacl|16\/100\n|move|p1a: Garganacl|Recover|p1a: Garganacl\n|-heal|p1a: Garganacl|66\/100\n|\n|-weather|none\n|-heal|p1a: Garganacl|72\/100|[from] item: Leftovers\n|upkeep\n|turn|15\n|\n|t:|1700328115\n|move|p2a: Excadrill|Iron Head|p1a: Garganacl\n|-supereffective|p1a: Garganacl\n|-damage|p1a: Garganacl|41\/100\n|cant|p1a: Garganacl|flinch\n|\n|-heal|p1a: Garganacl|47\/100|[from] item: Leftovers\n|upkeep\n|turn|16\n|\n|t:|1700328123\n|move|p2a: Excadrill|Iron Head|p1a: Garganacl\n|-supereffective|p1a: Garganacl\n|-damage|p1a: Garganacl|17\/100\n|move|p1a: Garganacl|Recover|p1a: Garganacl\n|-heal|p1a: Garganacl|67\/100\n|\n|-heal|p1a: Garganacl|73\/100|[from] item: Leftovers\n|upkeep\n|turn|17\n|\n|t:|1700328132\n|move|p2a: Excadrill|Iron Head|p1a: Garganacl\n|-supereffective|p1a: Garganacl\n|-damage|p1a: Garganacl|43\/100\n|move|p1a: Garganacl|Salt Cure|p2a: Excadrill\n|-resisted|p2a: Excadrill\n|-damage|p2a: Excadrill|95\/100\n|-start|p2a: Excadrill|Salt Cure\n|\n|-heal|p1a: Garganacl|50\/100|[from] item: Leftovers\n|-damage|p2a: Excadrill|70\/100|[from] Salt Cure\n|upkeep\n|turn|18\n|\n|t:|1700328142\n|move|p2a: Excadrill|Iron Head|p1a: Garganacl\n|-supereffective|p1a: Garganacl\n|-damage|p1a: Garganacl|18\/100\n|move|p1a: Garganacl|Recover|p1a: Garganacl\n|-heal|p1a: Garganacl|68\/100\n|\n|-heal|p1a: Garganacl|75\/100|[from] item: Leftovers\n|-damage|p2a: Excadrill|45\/100|[from] Salt Cure\n|upkeep\n|turn|19\n|\n|t:|1700328153\n|move|p2a: Excadrill|Iron Head|p1a: Garganacl\n|-supereffective|p1a: Garganacl\n|-damage|p1a: Garganacl|40\/100\n|cant|p1a: Garganacl|flinch\n|\n|-heal|p1a: Garganacl|47\/100|[from] item: Leftovers\n|-damage|p2a: Excadrill|20\/100|[from] Salt Cure\n|upkeep\n|turn|20\n|\n|t:|1700328162\n|move|p2a: Excadrill|Iron Head|p1a: Garganacl\n|-supereffective|p1a: Garganacl\n|-damage|p1a: Garganacl|15\/100\n|move|p1a: Garganacl|Recover|p1a: Garganacl\n|-heal|p1a: Garganacl|65\/100\n|\n|-heal|p1a: Garganacl|72\/100|[from] item: Leftovers\n|-damage|p2a: Excadrill|0 fnt|[from] Salt Cure\n|faint|p2a: Excadrill\n|upkeep\n|\n|t:|1700328179\n|switch|p2a: Glimmora|Glimmora, M|100\/100\n|turn|21\n|\n|t:|1700328188\n|switch|p1a: Sinistcha|Sinistcha|64\/100\n|move|p2a: Glimmora|Earth Power|p1a: Sinistcha\n|-resisted|p1a: Sinistcha\n|-damage|p1a: Sinistcha|45\/100\n|\n|-heal|p1a: Sinistcha|51\/100|[from] item: Leftovers\n|upkeep\n|turn|22\n|\n|t:|1700328199\n|switch|p2a: Garganacl|Garganacl, M|100\/100\n|move|p1a: Sinistcha|Calm Mind|p1a: Sinistcha\n|-boost|p1a: Sinistcha|spa|1\n|-boost|p1a: Sinistcha|spd|1\n|\n|-heal|p1a: Sinistcha|57\/100|[from] item: Leftovers\n|upkeep\n|turn|23\n|\n|t:|1700328211\n|-terastallize|p2a: Garganacl|Grass\n|move|p1a: Sinistcha|Calm Mind|p1a: Sinistcha\n|-boost|p1a: Sinistcha|spa|1\n|-boost|p1a: Sinistcha|spd|1\n|move|p2a: Garganacl|Iron Defense|p2a: Garganacl\n|-boost|p2a: Garganacl|def|2\n|\n|-heal|p1a: Sinistcha|63\/100|[from] item: Leftovers\n|upkeep\n|turn|24\n|\n|t:|1700328232\n|move|p1a: Sinistcha|Shadow Ball|p2a: Garganacl\n|-crit|p2a: Garganacl\n|-damage|p2a: Garganacl|63\/100\n|move|p2a: Garganacl|Salt Cure|p1a: Sinistcha\n|-damage|p1a: Sinistcha|51\/100\n|-start|p1a: Sinistcha|Salt Cure\n|\n|-heal|p1a: Sinistcha|57\/100|[from] item: Leftovers\n|-heal|p2a: Garganacl|69\/100|[from] item: Leftovers\n|-damage|p1a: Sinistcha|45\/100|[from] Salt Cure\n|upkeep\n|turn|25\n|\n|t:|1700328242\n|move|p1a: Sinistcha|Calm Mind|p1a: Sinistcha\n|-boost|p1a: Sinistcha|spa|1\n|-boost|p1a: Sinistcha|spd|1\n|move|p2a: Garganacl|Recover|p2a: Garganacl\n|-heal|p2a: Garganacl|100\/100\n|\n|-heal|p1a: Sinistcha|51\/100|[from] item: Leftovers\n|-damage|p1a: Sinistcha|38\/100|[from] Salt Cure\n|upkeep\n|turn|26\n|\n|t:|1700328251\n|move|p1a: Sinistcha|Shadow Ball|p2a: Garganacl\n|-damage|p2a: Garganacl|71\/100\n|move|p2a: Garganacl|Salt Cure|p1a: Sinistcha\n|-damage|p1a: Sinistcha|27\/100\n|\n|-heal|p1a: Sinistcha|33\/100|[from] item: Leftovers\n|-heal|p2a: Garganacl|77\/100|[from] item: Leftovers\n|-damage|p1a: Sinistcha|21\/100|[from] Salt Cure\n|upkeep\n|turn|27\n|\n|t:|1700328258\n|move|p1a: Sinistcha|Strength Sap|p2a: Garganacl\n|-unboost|p2a: Garganacl|atk|1\n|-heal|p1a: Sinistcha|89\/100\n|move|p2a: Garganacl|Recover|p2a: Garganacl\n|-heal|p2a: Garganacl|100\/100\n|\n|-heal|p1a: Sinistcha|95\/100|[from] item: Leftovers\n|-damage|p1a: Sinistcha|83\/100|[from] Salt Cure\n|upkeep\n|turn|28\n|\n|t:|1700328266\n|move|p1a: Sinistcha|Calm Mind|p1a: Sinistcha\n|-boost|p1a: Sinistcha|spa|1\n|-boost|p1a: Sinistcha|spd|1\n|move|p2a: Garganacl|Iron Defense|p2a: Garganacl\n|-boost|p2a: Garganacl|def|2\n|\n|-heal|p1a: Sinistcha|89\/100|[from] item: Leftovers\n|-damage|p1a: Sinistcha|77\/100|[from] Salt Cure\n|upkeep\n|turn|29\n|\n|t:|1700328309\n|move|p1a: Sinistcha|Calm Mind|p1a: Sinistcha\n|-boost|p1a: Sinistcha|spa|1\n|-boost|p1a: Sinistcha|spd|1\n|move|p2a: Garganacl|Iron Defense|p2a: Garganacl\n|-boost|p2a: Garganacl|def|2\n|\n|-heal|p1a: Sinistcha|83\/100|[from] item: Leftovers\n|-damage|p1a: Sinistcha|70\/100|[from] Salt Cure\n|upkeep\n|turn|30\n|\n|t:|1700328318\n|move|p1a: Sinistcha|Calm Mind|p1a: Sinistcha\n|-boost|p1a: Sinistcha|spa|1\n|-boost|p1a: Sinistcha|spd|1\n|move|p2a: Garganacl|Salt Cure|p1a: Sinistcha\n|-damage|p1a: Sinistcha|62\/100\n|\n|-heal|p1a: Sinistcha|68\/100|[from] item: Leftovers\n|-damage|p1a: Sinistcha|56\/100|[from] Salt Cure\n|upkeep\n|turn|31\n|\n|t:|1700328322\n|move|p1a: Sinistcha|Matcha Gotcha|p2a: Garganacl\n|-resisted|p2a: Garganacl\n|-damage|p2a: Garganacl|55\/100\n|-heal|p1a: Sinistcha|83\/100|[from] drain|[of] p2a: Garganacl\n|move|p2a: Garganacl|Recover|p2a: Garganacl\n|-heal|p2a: Garganacl|100\/100\n|\n|-heal|p1a: Sinistcha|89\/100|[from] item: Leftovers\n|-damage|p1a: Sinistcha|77\/100|[from] Salt Cure\n|upkeep\n|turn|32\n|\n|t:|1700328344\n|move|p1a: Sinistcha|Shadow Ball|p2a: Garganacl\n|-damage|p2a: Garganacl|57\/100\n|move|p2a: Garganacl|Recover|p2a: Garganacl\n|-heal|p2a: Garganacl|100\/100\n|\n|-heal|p1a: Sinistcha|83\/100|[from] item: Leftovers\n|-damage|p1a: Sinistcha|70\/100|[from] Salt Cure\n|upkeep\n|turn|33\n|\n|t:|1700328352\n|move|p1a: Sinistcha|Shadow Ball|p2a: Garganacl\n|-damage|p2a: Garganacl|51\/100\n|move|p2a: Garganacl|Salt Cure|p1a: Sinistcha\n|-damage|p1a: Sinistcha|63\/100\n|\n|-heal|p1a: Sinistcha|69\/100|[from] item: Leftovers\n|-heal|p2a: Garganacl|57\/100|[from] item: Leftovers\n|-damage|p1a: Sinistcha|57\/100|[from] Salt Cure\n|upkeep\n|turn|34\n|\n|t:|1700328358\n|move|p1a: Sinistcha|Shadow Ball|p2a: Garganacl\n|-damage|p2a: Garganacl|14\/100\n|-unboost|p2a: Garganacl|spd|1\n|move|p2a: Garganacl|Recover|p2a: Garganacl\n|-heal|p2a: Garganacl|64\/100\n|\n|-heal|p1a: Sinistcha|63\/100|[from] item: Leftovers\n|-heal|p2a: Garganacl|71\/100|[from] item: Leftovers\n|-damage|p1a: Sinistcha|50\/100|[from] Salt Cure\n|upkeep\n|turn|35\n|\n|t:|1700328366\n|move|p1a: Sinistcha|Shadow Ball|p2a: Garganacl\n|-crit|p2a: Garganacl\n|-damage|p2a: Garganacl|0 fnt\n|faint|p2a: Garganacl\n|\n|-heal|p1a: Sinistcha|56\/100|[from] item: Leftovers\n|-damage|p1a: Sinistcha|44\/100|[from] Salt Cure\n|upkeep\n|\n|t:|1700328384\n|switch|p2a: Glimmora|Glimmora, M|100\/100\n|turn|36\n|\n|t:|1700328393\n|move|p2a: Glimmora|Sludge Wave|p1a: Sinistcha\n|-damage|p1a: Sinistcha|28\/100\n|move|p1a: Sinistcha|Matcha Gotcha|p2a: Glimmora\n|-damage|p2a: Glimmora|0 fnt\n|-heal|p1a: Sinistcha|73\/100|[from] drain|[of] p2a: Glimmora\n|faint|p2a: Glimmora\n|\n|-heal|p1a: Sinistcha|79\/100|[from] item: Leftovers\n|-damage|p1a: Sinistcha|66\/100|[from] Salt Cure\n|upkeep\n|\n|t:|1700328402\n|switch|p2a: Minior|Minior-Violet|100\/100\n|-formechange|p2a: Minior|Minior-Meteor||[from] ability: Shields Down\n|turn|37\n|\n|t:|1700328410\n|move|p2a: Minior|Shell Smash|p2a: Minior\n|-unboost|p2a: Minior|def|1\n|-unboost|p2a: Minior|spd|1\n|-boost|p2a: Minior|atk|2\n|-boost|p2a: Minior|spa|2\n|-boost|p2a: Minior|spe|2\n|-enditem|p2a: Minior|White Herb\n|-clearnegativeboost|p2a: Minior|[silent]\n|move|p1a: Sinistcha|Matcha Gotcha|p2a: Minior|[miss]\n|-miss|p1a: Sinistcha|p2a: Minior\n|\n|-heal|p1a: Sinistcha|72\/100|[from] item: Leftovers\n|-damage|p1a: Sinistcha|60\/100|[from] Salt Cure\n|upkeep\n|turn|38\n|\n|t:|1700328428\n|-terastallize|p1a: Sinistcha|Steel\n|move|p2a: Minior|Psychic|p1a: Sinistcha\n|-resisted|p1a: Sinistcha\n|-crit|p1a: Sinistcha\n|-damage|p1a: Sinistcha|24\/100\n|move|p1a: Sinistcha|Matcha Gotcha|p2a: Minior\n|-damage|p2a: Minior|0 fnt\n|-heal|p1a: Sinistcha|62\/100|[from] drain|[of] p2a: Minior\n|faint|p2a: Minior\n|\n|win|Qapi\n","uploadtime":1700328450,"views":8,"p1id":"qapi","p2id":"skye32","formatid":"gen9nationaldex","rating":0,"private":0,"password":""}