{"id":"gen9nationaldex-1996597099","p1":"Bl3ZingR4ge","p2":"JustGonerSire","format":"[Gen 9] National Dex","log":"|html|<div class=\"broadcast-blue\"><strong>[Gen 9] National Dex is currently suspecting Sneasler! For information on how to participate check out the <a href=\"https:\/\/www.smogon.com\/forums\/threads\/sv-national-dex-suspect-8-just-dance.3731534\/\">suspect thread<\/a>.<\/strong><\/div>\n|j|\u2606Bl3ZingR4ge\n|j|\u2606JustGonerSire\n|t:|1700698703\n|gametype|singles\n|player|p1|Bl3ZingR4ge|hilbert-wonderlauncher|1030\n|player|p2|JustGonerSire|1|1050\n|teamsize|p1|6\n|teamsize|p2|6\n|gen|9\n|tier|[Gen 9] National Dex\n|rated|\n|rule|HP Percentage Mod: HP is shown in percentages\n|rule|Endless Battle Clause: Forcing endless battles is banned\n|rule|OHKO Clause: OHKO moves are banned\n|rule|Evasion Clause: Evasion abilities, items, and moves are banned\n|rule|Evasion Abilities Clause: Evasion abilities are banned\n|rule|Evasion Items Clause: Evasion items are banned\n|rule|Evasion Moves Clause: Evasion moves are banned\n|rule|Species Clause: Limit one of each Pok\u00e9mon\n|rule|Sleep Clause Mod: Limit one foe put to sleep\n|clearpoke\n|poke|p1|Cinderace, M|\n|poke|p1|Pikachu-Partner, M|\n|poke|p1|Zoroark-Hisui, F|\n|poke|p1|Flareon, F|\n|poke|p1|Gardevoir, F|\n|poke|p1|Lopunny, M|\n|poke|p2|Toxapex, F|\n|poke|p2|Garganacl, F|\n|poke|p2|Ferrothorn, F|\n|poke|p2|Clodsire, F|\n|poke|p2|Gyarados, F|\n|poke|p2|Sneasler, F|\n|teampreview\n|\n|t:|1700698716\n|start\n|switch|p1a: Crystal|Gardevoir, F, shiny|100\/100\n|switch|p2a: Garganacl|Garganacl, F|100\/100\n|turn|1\n|\n|t:|1700698737\n|switch|p2a: Toxapex|Toxapex, F|100\/100\n|-terastallize|p1a: Crystal|Dark\n|move|p1a: Crystal|Dark Pulse|p2a: Toxapex\n|-damage|p2a: Toxapex|74\/100\n|\n|-heal|p2a: Toxapex|80\/100|[from] item: Leftovers\n|upkeep\n|turn|2\n|\n|t:|1700698750\n|move|p1a: Crystal|Bitter Malice|p2a: Toxapex\n|-damage|p2a: Toxapex|51\/100\n|-unboost|p2a: Toxapex|atk|1\n|move|p2a: Toxapex|Toxic Spikes|p1a: Crystal\n|-sidestart|p1: Bl3ZingR4ge|move: Toxic Spikes\n|\n|-heal|p2a: Toxapex|57\/100|[from] item: Leftovers\n|upkeep\n|turn|3\n|\n|t:|1700698763\n|move|p2a: Toxapex|Baneful Bunker|p2a: Toxapex\n|-singleturn|p2a: Toxapex|move: Protect\n|move|p1a: Crystal|Dark Pulse|p2a: Toxapex\n|-activate|p2a: Toxapex|move: Protect\n|\n|-heal|p2a: Toxapex|64\/100|[from] item: Leftovers\n|upkeep\n|turn|4\n|\n|t:|1700698772\n|move|p1a: Crystal|Phantom Force||[still]\n|-prepare|p1a: Crystal|Phantom Force\n|move|p2a: Toxapex|Scald|p1a: Crystal|[miss]\n|-miss|p2a: Toxapex|p1a: Crystal\n|\n|-heal|p2a: Toxapex|70\/100|[from] item: Leftovers\n|upkeep\n|turn|5\n|\n|t:|1700698780\n|move|p2a: Toxapex|Baneful Bunker|p2a: Toxapex\n|-singleturn|p2a: Toxapex|move: Protect\n|move|p1a: Crystal|Phantom Force|p2a: Toxapex|[from]lockedmove\n|-activate|p2a: Toxapex|move: Phantom Force|[broken]\n|-damage|p2a: Toxapex|40\/100\n|\n|-heal|p2a: Toxapex|46\/100|[from] item: Leftovers\n|upkeep\n|turn|6\n|\n|t:|1700698790\n|move|p1a: Crystal|Phantom Force||[still]\n|-prepare|p1a: Crystal|Phantom Force\n|move|p2a: Toxapex|Recover|p2a: Toxapex\n|-heal|p2a: Toxapex|96\/100\n|\n|-heal|p2a: Toxapex|100\/100|[from] item: Leftovers\n|upkeep\n|turn|7\n|\n|t:|1700698797\n|move|p1a: Crystal|Phantom Force|p2a: Toxapex|[from]lockedmove\n|-damage|p2a: Toxapex|71\/100\n|move|p2a: Toxapex|Scald|p1a: Crystal\n|-damage|p1a: Crystal|63\/100\n|-status|p1a: Crystal|brn\n|replace|p1a: Kasumi|Zoroark-Hisui, F\n|-end|p1a: Kasumi|Illusion\n|\n|-heal|p2a: Toxapex|77\/100|[from] item: Leftovers\n|-damage|p1a: Kasumi|57\/100 brn|[from] brn\n|upkeep\n|turn|8\n|\n|t:|1700698810\n|move|p1a: Kasumi|Dark Pulse|p2a: Toxapex\n|-damage|p2a: Toxapex|50\/100\n|move|p2a: Toxapex|Toxic Spikes|p1a: Kasumi\n|-sidestart|p1: Bl3ZingR4ge|move: Toxic Spikes\n|\n|-heal|p2a: Toxapex|56\/100|[from] item: Leftovers\n|-damage|p1a: Kasumi|51\/100 brn|[from] brn\n|upkeep\n|turn|9\n|\n|t:|1700698820\n|move|p1a: Kasumi|Bitter Malice|p2a: Toxapex\n|-crit|p2a: Toxapex\n|-damage|p2a: Toxapex|11\/100\n|-unboost|p2a: Toxapex|atk|1\n|move|p2a: Toxapex|Recover|p2a: Toxapex\n|-heal|p2a: Toxapex|61\/100\n|\n|-heal|p2a: Toxapex|67\/100|[from] item: Leftovers\n|-damage|p1a: Kasumi|45\/100 brn|[from] brn\n|upkeep\n|turn|10\n|\n|t:|1700698833\n|move|p1a: Kasumi|Dark Pulse|p2a: Toxapex\n|-damage|p2a: Toxapex|42\/100\n|move|p2a: Toxapex|Recover|p2a: Toxapex\n|-heal|p2a: Toxapex|92\/100\n|\n|-heal|p2a: Toxapex|98\/100|[from] item: Leftovers\n|-damage|p1a: Kasumi|39\/100 brn|[from] brn\n|upkeep\n|turn|11\n|\n|t:|1700698842\n|move|p1a: Kasumi|Bitter Malice|p2a: Toxapex\n|-crit|p2a: Toxapex\n|-damage|p2a: Toxapex|52\/100\n|-unboost|p2a: Toxapex|atk|1\n|move|p2a: Toxapex|Scald|p1a: Kasumi\n|-damage|p1a: Kasumi|6\/100 brn\n|\n|-heal|p2a: Toxapex|58\/100|[from] item: Leftovers\n|-damage|p1a: Kasumi|0 fnt|[from] brn\n|faint|p1a: Kasumi\n|upkeep\n|\n|t:|1700698859\n|switch|p1a: Matchstick|Flareon, F|100\/100\n|-status|p1a: Matchstick|tox\n|turn|12\n|\n|t:|1700698869\n|move|p1a: Matchstick|Overheat|p2a: Toxapex|[miss]\n|-miss|p1a: Matchstick|p2a: Toxapex\n|move|p2a: Toxapex|Recover|p2a: Toxapex\n|-heal|p2a: Toxapex|100\/100\n|\n|-damage|p1a: Matchstick|95\/100 tox|[from] psn\n|upkeep\n|turn|13\n|\n|t:|1700698877\n|move|p1a: Matchstick|Overheat|p2a: Toxapex\n|-resisted|p2a: Toxapex\n|-damage|p2a: Toxapex|87\/100\n|-unboost|p1a: Matchstick|spa|2\n|move|p2a: Toxapex|Scald|p1a: Matchstick\n|-supereffective|p1a: Matchstick\n|-damage|p1a: Matchstick|62\/100 tox\n|\n|-heal|p2a: Toxapex|94\/100|[from] item: Leftovers\n|-damage|p1a: Matchstick|50\/100 tox|[from] psn\n|upkeep\n|turn|14\n|\n|t:|1700698890\n|move|p1a: Matchstick|Copycat|p1a: Matchstick\n|move|p1a: Matchstick|Scald|p2a: Toxapex|[from]move: Copycat\n|-resisted|p2a: Toxapex\n|-damage|p2a: Toxapex|91\/100\n|move|p2a: Toxapex|Scald|p1a: Matchstick\n|-supereffective|p1a: Matchstick\n|-damage|p1a: Matchstick|21\/100 tox\n|\n|-heal|p2a: Toxapex|97\/100|[from] item: Leftovers\n|-damage|p1a: Matchstick|3\/100 tox|[from] psn\n|upkeep\n|turn|15\n|\n|t:|1700698902\n|move|p2a: Toxapex|Baneful Bunker|p2a: Toxapex\n|-singleturn|p2a: Toxapex|move: Protect\n|move|p1a: Matchstick|Iron Tail|p2a: Toxapex\n|-activate|p2a: Toxapex|move: Protect\n|\n|-heal|p2a: Toxapex|100\/100|[from] item: Leftovers\n|-damage|p1a: Matchstick|0 fnt|[from] psn\n|faint|p1a: Matchstick\n|upkeep\n|\n|t:|1700698912\n|switch|p1a: Lopunny|Lopunny, M|100\/100\n|-status|p1a: Lopunny|tox\n|turn|16\n|\n|t:|1700698918\n|detailschange|p1a: Lopunny|Lopunny-Mega, M\n|-mega|p1a: Lopunny|Lopunny|Lopunnite\n|move|p1a: Lopunny|Drain Punch|p2a: Toxapex\n|-resisted|p2a: Toxapex\n|-damage|p2a: Toxapex|87\/100\n|move|p2a: Toxapex|Scald|p1a: Lopunny\n|-damage|p1a: Lopunny|77\/100 tox\n|\n|-heal|p2a: Toxapex|93\/100|[from] item: Leftovers\n|-damage|p1a: Lopunny|71\/100 tox|[from] psn\n|upkeep\n|turn|17\n|\n|t:|1700698932\n|move|p1a: Lopunny|Mega Kick|p2a: Toxapex\n|-damage|p2a: Toxapex|50\/100\n|move|p2a: Toxapex|Scald|p1a: Lopunny\n|-damage|p1a: Lopunny|49\/100 tox\n|\n|-heal|p2a: Toxapex|57\/100|[from] item: Leftovers\n|-damage|p1a: Lopunny|37\/100 tox|[from] psn\n|upkeep\n|turn|18\n|\n|t:|1700698942\n|move|p1a: Lopunny|Mega Kick|p2a: Toxapex|[miss]\n|-miss|p1a: Lopunny|p2a: Toxapex\n|move|p2a: Toxapex|Recover|p2a: Toxapex\n|-heal|p2a: Toxapex|100\/100\n|\n|-damage|p1a: Lopunny|19\/100 tox|[from] psn\n|upkeep\n|turn|19\n|\n|t:|1700698952\n|move|p2a: Toxapex|Baneful Bunker|p2a: Toxapex\n|-singleturn|p2a: Toxapex|move: Protect\n|move|p1a: Lopunny|Mega Kick|p2a: Toxapex\n|-activate|p2a: Toxapex|move: Protect\n|\n|-damage|p1a: Lopunny|0 fnt|[from] psn\n|faint|p1a: Lopunny\n|upkeep\n|\n|t:|1700698960\n|switch|p1a: Crystal|Gardevoir, F, shiny|100\/100\n|-status|p1a: Crystal|tox\n|-ability|p1a: Crystal|Regenerator|[from] ability: Trace|[of] p2a: Toxapex\n|turn|20\n|\n|t:|1700698974\n|-terastallize|p2a: Toxapex|Water\n|move|p1a: Crystal|Shadow Ball|p2a: Toxapex\n|-damage|p2a: Toxapex|84\/100\n|move|p2a: Toxapex|Scald|p1a: Crystal\n|-damage|p1a: Crystal|75\/100 tox\n|\n|-heal|p2a: Toxapex|90\/100|[from] item: Leftovers\n|-damage|p1a: Crystal|68\/100 tox|[from] psn\n|upkeep\n|turn|21\n|\n|t:|1700698988\n|switch|p1a: Blacklight|Pikachu-Partner, M|100\/100\n|-status|p1a: Blacklight|tox\n|move|p2a: Toxapex|Scald|p1a: Blacklight\n|-damage|p1a: Blacklight|34\/100 tox\n|\n|-heal|p2a: Toxapex|96\/100|[from] item: Leftovers\n|-damage|p1a: Blacklight|28\/100 tox|[from] psn\n|upkeep\n|turn|22\n|\n|t:|1700698998\n|move|p1a: Blacklight|Thunder Punch|p2a: Toxapex\n|-supereffective|p2a: Toxapex\n|-damage|p2a: Toxapex|58\/100\n|move|p2a: Toxapex|Recover|p2a: Toxapex\n|-heal|p2a: Toxapex|100\/100\n|\n|-damage|p1a: Blacklight|16\/100 tox|[from] psn\n|upkeep\n|turn|23\n|\n|t:|1700699009\n|move|p1a: Blacklight|Electroweb|p2a: Toxapex\n|-supereffective|p2a: Toxapex\n|-damage|p2a: Toxapex|85\/100\n|-unboost|p2a: Toxapex|spe|1\n|move|p2a: Toxapex|Scald|p1a: Blacklight\n|-damage|p1a: Blacklight|0 fnt\n|faint|p1a: Blacklight\n|\n|-heal|p2a: Toxapex|91\/100|[from] item: Leftovers\n|upkeep\n|\n|t:|1700699020\n|switch|p1a: Crystal|Gardevoir, F, shiny|100\/100 tox\n|-ability|p1a: Crystal|Regenerator|[from] ability: Trace|[of] p2a: Toxapex\n|turn|24\n|\n|t:|1700699029\n|move|p1a: Crystal|Moonblast|p2a: Toxapex\n|-crit|p2a: Toxapex\n|-damage|p2a: Toxapex|48\/100\n|move|p2a: Toxapex|Scald|p1a: Crystal\n|-damage|p1a: Crystal|77\/100 tox\n|\n|-heal|p2a: Toxapex|54\/100|[from] item: Leftovers\n|-damage|p1a: Crystal|71\/100 tox|[from] psn\n|upkeep\n|turn|25\n|\n|t:|1700699040\n|move|p1a: Crystal|Moonblast|p2a: Toxapex\n|-damage|p2a: Toxapex|25\/100\n|move|p2a: Toxapex|Recover|p2a: Toxapex\n|-heal|p2a: Toxapex|75\/100\n|\n|-heal|p2a: Toxapex|81\/100|[from] item: Leftovers\n|-damage|p1a: Crystal|58\/100 tox|[from] psn\n|upkeep\n|turn|26\n|\n|t:|1700699051\n|move|p1a: Crystal|Moonblast|p2a: Toxapex\n|-damage|p2a: Toxapex|51\/100\n|move|p2a: Toxapex|Scald|p1a: Crystal\n|-damage|p1a: Crystal|33\/100 tox\n|\n|-heal|p2a: Toxapex|58\/100|[from] item: Leftovers\n|-damage|p1a: Crystal|15\/100 tox|[from] psn\n|upkeep\n|turn|27\n|\n|t:|1700699061\n|move|p1a: Crystal|Moonblast|p2a: Toxapex\n|-damage|p2a: Toxapex|27\/100\n|move|p2a: Toxapex|Scald|p1a: Crystal\n|-damage|p1a: Crystal|0 fnt\n|faint|p1a: Crystal\n|\n|-heal|p2a: Toxapex|33\/100|[from] item: Leftovers\n|upkeep\n|\n|t:|1700699071\n|switch|p1a: Scorcher|Cinderace, M|100\/100\n|-status|p1a: Scorcher|tox\n|turn|28\n|\n|t:|1700699077\n|move|p1a: Scorcher|Shadow Ball|p2a: Toxapex\n|-damage|p2a: Toxapex|25\/100\n|move|p2a: Toxapex|Recover|p2a: Toxapex\n|-heal|p2a: Toxapex|75\/100\n|\n|-heal|p2a: Toxapex|81\/100|[from] item: Leftovers\n|-damage|p1a: Scorcher|95\/100 tox|[from] psn\n|upkeep\n|turn|29\n|\n|t:|1700699088\n|move|p1a: Scorcher|Blaze Kick|p2a: Toxapex\n|-resisted|p2a: Toxapex\n|-damage|p2a: Toxapex|66\/100\n|move|p2a: Toxapex|Scald|p1a: Scorcher\n|-supereffective|p1a: Scorcher\n|-damage|p1a: Scorcher|27\/100 tox\n|\n|-heal|p2a: Toxapex|72\/100|[from] item: Leftovers\n|-damage|p1a: Scorcher|15\/100 tox|[from] psn\n|upkeep\n|turn|30\n|\n|t:|1700699099\n|move|p2a: Toxapex|Scald|p1a: Scorcher\n|-supereffective|p1a: Scorcher\n|-damage|p1a: Scorcher|0 fnt\n|faint|p1a: Scorcher\n|\n|win|JustGonerSire\n|raw|Bl3ZingR4ge's rating: 1030 &rarr; <strong>1016<\/strong><br \/>(-14 for losing)\n|raw|JustGonerSire's rating: 1050 &rarr; <strong>1081<\/strong><br \/>(+31 for winning)\n|l|\u2606Bl3ZingR4ge\n","uploadtime":1700699107,"views":8,"p1id":"bl3zingr4ge","p2id":"justgonersire","formatid":"gen9nationaldex","rating":1016,"private":0,"password":""}