{"id":"gen9nationaldex-1993456065","p1":"notunnatt","p2":"LazzyGudetama","format":"[Gen 9] National Dex","log":"|j|\u2606notunnatt\n|j|\u2606LazzyGudetama\n|t:|1700320118\n|gametype|singles\n|player|p1|notunnatt|101|1111\n|player|p2|LazzyGudetama|hanbei-conquest|1000\n|teamsize|p1|6\n|teamsize|p2|6\n|gen|9\n|tier|[Gen 9] National Dex\n|rated|\n|rule|HP Percentage Mod: HP is shown in percentages\n|rule|Endless Battle Clause: Forcing endless battles is banned\n|rule|OHKO Clause: OHKO moves are banned\n|rule|Evasion Clause: Evasion abilities, items, and moves are banned\n|rule|Evasion Abilities Clause: Evasion abilities are banned\n|rule|Evasion Items Clause: Evasion items are banned\n|rule|Evasion Moves Clause: Evasion moves are banned\n|rule|Species Clause: Limit one of each Pok\u00e9mon\n|rule|Sleep Clause Mod: Limit one foe put to sleep\n|clearpoke\n|poke|p1|Gliscor, M|\n|poke|p1|Zapdos|\n|poke|p1|Serperior, F|\n|poke|p1|Clefable, M|\n|poke|p1|Tangrowth, M|\n|poke|p1|Breloom, M|\n|poke|p2|Pineco, L1, M|\n|poke|p2|Magnemite, L1|\n|poke|p2|Cottonee, L1, M|\n|poke|p2|Taillow, L1, M|\n|poke|p2|Aron, L1, M|\n|poke|p2|Lechonk, L1, M|\n|teampreview\n|c|\u2606notunnatt|gl hhf\n|inactive|Battle timer is ON: inactive players will automatically lose when time's up. (requested by LazzyGudetama)\n|\n|t:|1700320140\n|start\n|switch|p1a: Gliscor|Gliscor, M|100\/100\n|switch|p2a: BleyBlade|Pineco, L1, M, shiny|100\/100\n|turn|1\n|\n|t:|1700320145\n|move|p1a: Gliscor|Stealth Rock|p2a: BleyBlade\n|-sidestart|p2: LazzyGudetama|move: Stealth Rock\n|move|p2a: BleyBlade|Toxic Spikes|p1a: Gliscor\n|-sidestart|p1: notunnatt|move: Toxic Spikes\n|\n|-status|p1a: Gliscor|tox|[from] item: Toxic Orb\n|upkeep\n|turn|2\n|\n|t:|1700320151\n|move|p1a: Gliscor|Swords Dance|p1a: Gliscor\n|-boost|p1a: Gliscor|atk|2\n|move|p2a: BleyBlade|Stealth Rock|p1a: Gliscor\n|-sidestart|p1: notunnatt|move: Stealth Rock\n|\n|upkeep\n|turn|3\n|\n|t:|1700320156\n|move|p1a: Gliscor|Earthquake|p2a: BleyBlade\n|-resisted|p2a: BleyBlade\n|-ability|p2a: BleyBlade|Sturdy\n|-damage|p2a: BleyBlade|9\/100\n|-enditem|p2a: BleyBlade|Berry Juice\n|-heal|p2a: BleyBlade|100\/100|[from] item: Berry Juice\n|move|p2a: BleyBlade|Pain Split|p1a: Gliscor\n|-sethp|p1a: Gliscor|52\/100 tox|[from] move: Pain Split|[silent]\n|-sethp|p2a: BleyBlade|100\/100|[from] move: Pain Split\n|\n|-heal|p1a: Gliscor|65\/100 tox|[from] ability: Poison Heal\n|upkeep\n|turn|4\n|\n|t:|1700320163\n|move|p1a: Gliscor|Earthquake|p2a: BleyBlade\n|-resisted|p2a: BleyBlade\n|-ability|p2a: BleyBlade|Sturdy\n|-damage|p2a: BleyBlade|9\/100\n|move|p2a: BleyBlade|Rapid Spin|p1a: Gliscor\n|-damage|p1a: Gliscor|64\/100 tox\n|-boost|p2a: BleyBlade|spe|1\n|-sideend|p2: LazzyGudetama|Stealth Rock|[from] move: Rapid Spin|[of] p2a: BleyBlade\n|\n|-heal|p1a: Gliscor|77\/100 tox|[from] ability: Poison Heal\n|upkeep\n|turn|5\n|\n|t:|1700320172\n|switch|p2a: Just a Parnk|Cottonee, L1, M, shiny|100\/100\n|move|p1a: Gliscor|Earthquake|p2a: Just a Parnk\n|-resisted|p2a: Just a Parnk\n|-enditem|p2a: Just a Parnk|Focus Sash\n|-damage|p2a: Just a Parnk|9\/100\n|\n|-heal|p1a: Gliscor|89\/100 tox|[from] ability: Poison Heal\n|upkeep\n|turn|6\n|\n|t:|1700320182\n|move|p2a: Just a Parnk|Leech Seed|p1a: Gliscor\n|-start|p1a: Gliscor|move: Leech Seed\n|move|p1a: Gliscor|Earthquake|p2a: Just a Parnk\n|-resisted|p2a: Just a Parnk\n|-damage|p2a: Just a Parnk|0 fnt\n|faint|p2a: Just a Parnk\n|\n|-heal|p1a: Gliscor|100\/100 tox|[from] ability: Poison Heal\n|upkeep\n|\n|t:|1700320191\n|switch|p2a: Red Eyes Dragon|Aron, L1, M, shiny|100\/100\n|turn|7\n|c|\u2606notunnatt|i am NOT loosing to a troll team lol\n|\n|t:|1700320196\n|move|p1a: Gliscor|Earthquake|p2a: Red Eyes Dragon\n|-supereffective|p2a: Red Eyes Dragon\n|-ability|p2a: Red Eyes Dragon|Sturdy\n|-damage|p2a: Red Eyes Dragon|9\/100\n|move|p2a: Red Eyes Dragon|Sandstorm|p2a: Red Eyes Dragon\n|-weather|Sandstorm\n|\n|-weather|Sandstorm|[upkeep]\n|-damage|p1a: Gliscor|88\/100 tox|[from] Leech Seed|[of] p2a: Red Eyes Dragon\n|-heal|p2a: Red Eyes Dragon|100\/100|[silent]\n|-heal|p1a: Gliscor|100\/100 tox|[from] ability: Poison Heal\n|upkeep\n|turn|8\n|\n|t:|1700320215\n|move|p1a: Gliscor|Stealth Rock|p2a: Red Eyes Dragon\n|-sidestart|p2: LazzyGudetama|move: Stealth Rock\n|move|p2a: Red Eyes Dragon|Endeavor|p1a: Gliscor\n|-damage|p1a: Gliscor|5\/100 tox\n|\n|-weather|Sandstorm|[upkeep]\n|-damage|p1a: Gliscor|0 fnt|[from] Leech Seed|[of] p2a: Red Eyes Dragon\n|faint|p1a: Gliscor\n|upkeep\n|c|\u2606LazzyGudetama|are u sure ?\n|\n|t:|1700320223\n|switch|p1a: Zapdos|Zapdos|100\/100\n|-damage|p1a: Zapdos|75\/100|[from] Stealth Rock\n|-ability|p1a: Zapdos|Pressure\n|turn|9\n|\n|t:|1700320226\n|move|p1a: Zapdos|Defog|p2a: Red Eyes Dragon\n|-unboost|p2a: Red Eyes Dragon|evasion|1\n|-sideend|p2: LazzyGudetama|Stealth Rock|[from] move: Defog|[of] p1a: Zapdos\n|-sideend|p1: notunnatt|Toxic Spikes|[from] move: Defog|[of] p1a: Zapdos\n|-sideend|p1: notunnatt|Stealth Rock|[from] move: Defog|[of] p1a: Zapdos\n|move|p2a: Red Eyes Dragon|Endeavor|p1a: Zapdos\n|-damage|p1a: Zapdos|4\/100\n|\n|-weather|Sandstorm|[upkeep]\n|-damage|p1a: Zapdos|0 fnt|[from] Sandstorm\n|faint|p1a: Zapdos\n|upkeep\n|\n|t:|1700320238\n|switch|p1a: Serperior|Serperior, F|100\/100\n|turn|10\n|\n|t:|1700320250\n|-terastallize|p1a: Serperior|Grass\n|move|p1a: Serperior|Leaf Storm|p2a: Red Eyes Dragon\n|-ability|p2a: Red Eyes Dragon|Sturdy\n|-damage|p2a: Red Eyes Dragon|9\/100\n|-boost|p1a: Serperior|spa|2\n|move|p2a: Red Eyes Dragon|Endeavor|p1a: Serperior\n|-damage|p1a: Serperior|1\/100\n|-heal|p2a: Red Eyes Dragon|100\/100|[from] item: Shell Bell|[of] p1a: Serperior\n|\n|-weather|Sandstorm|[upkeep]\n|-damage|p1a: Serperior|0 fnt|[from] Sandstorm\n|faint|p1a: Serperior\n|upkeep\n|\n|t:|1700320263\n|switch|p1a: Breloom|Breloom, M|100\/100\n|turn|11\n|\n|t:|1700320269\n|move|p1a: Breloom|Mach Punch|p2a: Red Eyes Dragon\n|-supereffective|p2a: Red Eyes Dragon\n|-ability|p2a: Red Eyes Dragon|Sturdy\n|-damage|p2a: Red Eyes Dragon|9\/100\n|move|p2a: Red Eyes Dragon|Endeavor|p1a: Breloom\n|-damage|p1a: Breloom|1\/100\n|-heal|p2a: Red Eyes Dragon|100\/100|[from] item: Shell Bell|[of] p1a: Breloom\n|\n|-weather|none\n|upkeep\n|turn|12\n|\n|t:|1700320284\n|switch|p2a: BleyBlade|Pineco, L1, M, shiny|9\/100\n|move|p1a: Breloom|Mach Punch|p2a: BleyBlade\n|-resisted|p2a: BleyBlade\n|-damage|p2a: BleyBlade|0 fnt\n|faint|p2a: BleyBlade\n|\n|upkeep\n|\n|t:|1700320296\n|switch|p2a: Magneto|Magnemite, L1, shiny|100\/100\n|turn|13\n|\n|t:|1700320300\n|move|p1a: Breloom|Mach Punch|p2a: Magneto\n|-supereffective|p2a: Magneto\n|-ability|p2a: Magneto|Sturdy\n|-damage|p2a: Magneto|10\/100\n|-enditem|p2a: Magneto|Oran Berry|[eat]\n|-heal|p2a: Magneto|100\/100|[from] item: Oran Berry\n|move|p2a: Magneto|Toxic|p1a: Breloom\n|-status|p1a: Breloom|tox\n|\n|-damage|p1a: Breloom|0 fnt|[from] psn\n|faint|p1a: Breloom\n|upkeep\n|\n|t:|1700320325\n|switch|p1a: Tangrowth|Tangrowth, M|100\/100\n|turn|14\n|c|\u2606LazzyGudetama|:)\n|\n|t:|1700320331\n|move|p1a: Tangrowth|Hidden Power|p2a: Magneto\n|-resisted|p2a: Magneto\n|-ability|p2a: Magneto|Sturdy\n|-damage|p2a: Magneto|10\/100\n|move|p2a: Magneto|Recycle|p2a: Magneto\n|-item|p2a: Magneto|Oran Berry|[from] move: Recycle\n|-enditem|p2a: Magneto|Oran Berry|[eat]\n|-heal|p2a: Magneto|100\/100|[from] item: Oran Berry\n|\n|upkeep\n|turn|15\n|\n|t:|1700320341\n|move|p1a: Tangrowth|Knock Off|p2a: Magneto\n|-ability|p2a: Magneto|Sturdy\n|-damage|p2a: Magneto|10\/100\n|move|p2a: Magneto|Recycle|p2a: Magneto\n|-item|p2a: Magneto|Oran Berry|[from] move: Recycle\n|-enditem|p2a: Magneto|Oran Berry|[eat]\n|-heal|p2a: Magneto|100\/100|[from] item: Oran Berry\n|\n|upkeep\n|turn|16\n|\n|t:|1700320353\n|move|p2a: Magneto|Protect|p2a: Magneto\n|-singleturn|p2a: Magneto|Protect\n|move|p1a: Tangrowth|Knock Off|p2a: Magneto\n|-activate|p2a: Magneto|move: Protect\n|\n|upkeep\n|turn|17\n|\n|t:|1700320368\n|move|p1a: Tangrowth|Knock Off|p2a: Magneto\n|-ability|p2a: Magneto|Sturdy\n|-damage|p2a: Magneto|10\/100\n|move|p2a: Magneto|Recycle|p2a: Magneto\n|-item|p2a: Magneto|Oran Berry|[from] move: Recycle\n|-enditem|p2a: Magneto|Oran Berry|[eat]\n|-heal|p2a: Magneto|100\/100|[from] item: Oran Berry\n|\n|upkeep\n|turn|18\n|\n|t:|1700320382\n|switch|p1a: Clefable|Clefable, M|100\/100\n|switch|p2a: Spider-Cerdo|Lechonk, L1, M, shiny|100\/100\n|\n|upkeep\n|turn|19\n|\n|t:|1700320389\n|move|p1a: Clefable|Calm Mind|p1a: Clefable\n|-boost|p1a: Clefable|spa|1\n|-boost|p1a: Clefable|spd|1\n|move|p2a: Spider-Cerdo|Yawn|p1a: Clefable\n|-start|p1a: Clefable|move: Yawn|[of] p2a: Spider-Cerdo\n|\n|upkeep\n|turn|20\n|\n|t:|1700320404\n|move|p1a: Clefable|Moonblast|p2a: Spider-Cerdo\n|-enditem|p2a: Spider-Cerdo|Focus Sash\n|-damage|p2a: Spider-Cerdo|8\/100\n|move|p2a: Spider-Cerdo|Endeavor|p1a: Clefable\n|-damage|p1a: Clefable|1\/100\n|\n|-heal|p1a: Clefable|7\/100|[from] item: Leftovers\n|-end|p1a: Clefable|move: Yawn|[silent]\n|-status|p1a: Clefable|slp\n|upkeep\n|turn|21\n|-message|notunnatt forfeited.\n|\n|win|LazzyGudetama\n|raw|notunnatt's rating: 1111 &rarr; <strong>1081<\/strong><br \/>(-30 for losing)\n|raw|LazzyGudetama's rating: 1040 &rarr; <strong>1081<\/strong><br \/>(+41 for winning)\n|l|\u2606notunnatt\n|c|\u2606LazzyGudetama|xd\n","uploadtime":1700320415,"views":9,"p1id":"notunnatt","p2id":"lazzygudetama","formatid":"gen9nationaldex","rating":1081,"private":0,"password":""}