{"id":"gen9nationaldex-1997753193","p1":"I like bug alots","p2":"Qfkl","format":"[Gen 9] National Dex","log":"|html|<div class=\"broadcast-blue\"><strong>[Gen 9] National Dex is currently suspecting Sneasler! For information on how to participate check out the <a href=\"https:\/\/www.smogon.com\/forums\/threads\/sv-national-dex-suspect-8-just-dance.3731534\/\">suspect thread<\/a>.<\/strong><\/div>\n|j|\u2606I like bug alots\n|j|\u2606Qfkl\n|t:|1700848998\n|gametype|singles\n|player|p1|I like bug alots|bugcatcher-gen4dp|1374\n|player|p2|Qfkl|cynthia-gen4|1291\n|teamsize|p1|6\n|teamsize|p2|6\n|gen|9\n|tier|[Gen 9] National Dex\n|rated|\n|rule|HP Percentage Mod: HP is shown in percentages\n|rule|Endless Battle Clause: Forcing endless battles is banned\n|rule|OHKO Clause: OHKO moves are banned\n|rule|Evasion Clause: Evasion abilities, items, and moves are banned\n|rule|Evasion Abilities Clause: Evasion abilities are banned\n|rule|Evasion Items Clause: Evasion items are banned\n|rule|Evasion Moves Clause: Evasion moves are banned\n|rule|Species Clause: Limit one of each Pok\u00e9mon\n|rule|Sleep Clause Mod: Limit one foe put to sleep\n|clearpoke\n|poke|p1|Kleavor, F|\n|poke|p1|Volcarona, F|\n|poke|p1|Araquanid, M|\n|poke|p1|Pinsir, F|\n|poke|p1|Yanmega, M|\n|poke|p1|Rabsca, M|\n|poke|p2|Hawlucha, F|\n|poke|p2|Rotom-Wash|\n|poke|p2|Banette, F|\n|poke|p2|Sneasler, M|\n|poke|p2|Tapu Koko|\n|poke|p2|Kartana|\n|teampreview\n|\n|t:|1700849011\n|start\n|switch|p1a: Kleavor|Kleavor, F|100\/100\n|switch|p2a: Tapu Koko|Tapu Koko|100\/100\n|-fieldstart|move: Electric Terrain|[from] ability: Electric Surge|[of] p2a: Tapu Koko\n|turn|1\n|\n|t:|1700849016\n|move|p1a: Kleavor|Stone Axe|p2a: Tapu Koko\n|-damage|p2a: Tapu Koko|34\/100\n|-sidestart|p2: Qfkl|move: Stealth Rock\n|move|p2a: Tapu Koko|Volt Switch|p1a: Kleavor\n|-damage|p1a: Kleavor|37\/100\n|\n|t:|1700849019\n|switch|p2a: Sneasler|Sneasler, M|100\/100|[from] Volt Switch\n|-damage|p2a: Sneasler|95\/100|[from] Stealth Rock\n|-enditem|p2a: Sneasler|Electric Seed\n|-boost|p2a: Sneasler|def|1|[from] item: Electric Seed\n|\n|upkeep\n|turn|2\n|\n|t:|1700849025\n|move|p2a: Sneasler|Swords Dance|p2a: Sneasler\n|-boost|p2a: Sneasler|atk|2\n|move|p1a: Kleavor|Stone Axe|p2a: Sneasler\n|-resisted|p2a: Sneasler\n|-crit|p2a: Sneasler\n|-damage|p2a: Sneasler|32\/100\n|\n|upkeep\n|turn|3\n|\n|t:|1700849032\n|move|p2a: Sneasler|Acrobatics|p1a: Kleavor\n|-damage|p1a: Kleavor|0 fnt\n|faint|p1a: Kleavor\n|\n|upkeep\n|\n|t:|1700849037\n|switch|p1a: Pinsir|Pinsir, F|100\/100\n|turn|4\n|\n|t:|1700849041\n|detailschange|p1a: Pinsir|Pinsir-Mega, F\n|-mega|p1a: Pinsir|Pinsir|Pinsirite\n|move|p1a: Pinsir|Quick Attack|p2a: Sneasler\n|-supereffective|p2a: Sneasler\n|-damage|p2a: Sneasler|0 fnt\n|faint|p2a: Sneasler\n|\n|upkeep\n|\n|t:|1700849055\n|switch|p2a: Rotom|Rotom-Wash|100\/100\n|-damage|p2a: Rotom|88\/100|[from] Stealth Rock\n|turn|5\n|\n|t:|1700849060\n|switch|p1a: Araquanid|Araquanid, M|100\/100\n|move|p2a: Rotom|Defog|p1a: Araquanid\n|-unboost|p1a: Araquanid|evasion|1\n|-sideend|p2: Qfkl|Stealth Rock|[from] move: Defog|[of] p2a: Rotom\n|-fieldend|move: Electric Terrain\n|\n|-heal|p2a: Rotom|94\/100|[from] item: Leftovers\n|upkeep\n|turn|6\n|\n|t:|1700849067\n|move|p2a: Rotom|Volt Switch|p1a: Araquanid\n|-supereffective|p1a: Araquanid\n|-damage|p1a: Araquanid|48\/100\n|\n|t:|1700849070\n|switch|p2a: Tapu Koko|Tapu Koko|34\/100|[from] Volt Switch\n|-fieldstart|move: Electric Terrain|[from] ability: Electric Surge|[of] p2a: Tapu Koko\n|move|p1a: Araquanid|Swagger|p2a: Tapu Koko\n|-boost|p2a: Tapu Koko|atk|2\n|-enditem|p1a: Araquanid|Mirror Herb\n|-boost|p1a: Araquanid|atk|2|[from] item: Mirror Herb\n|-start|p2a: Tapu Koko|confusion\n|\n|upkeep\n|turn|7\n|\n|t:|1700849082\n|-activate|p2a: Tapu Koko|confusion\n|move|p2a: Tapu Koko|Volt Switch|p1a: Araquanid\n|-supereffective|p1a: Araquanid\n|-damage|p1a: Araquanid|0 fnt\n|faint|p1a: Araquanid\n|\n|t:|1700849090\n|switch|p2a: Banette|Banette, F|100\/100|[from] Volt Switch\n|\n|upkeep\n|\n|t:|1700849098\n|switch|p1a: Yanmega|Yanmega, M|100\/100\n|turn|8\n|\n|t:|1700849104\n|detailschange|p2a: Banette|Banette-Mega, F\n|-mega|p2a: Banette|Banette|Banettite\n|move|p2a: Banette|Thunder Wave|p1a: Yanmega\n|-status|p1a: Yanmega|par\n|move|p1a: Yanmega|Bug Buzz|p2a: Banette\n|-resisted|p2a: Banette\n|-damage|p2a: Banette|75\/100\n|-enditem|p1a: Yanmega|Throat Spray\n|-boost|p1a: Yanmega|spa|1|[from] item: Throat Spray\n|\n|-ability|p1a: Yanmega|Speed Boost|boost\n|-boost|p1a: Yanmega|spe|1\n|upkeep\n|turn|9\n|\n|t:|1700849111\n|move|p1a: Yanmega|Detect|p1a: Yanmega\n|-singleturn|p1a: Yanmega|Protect\n|move|p2a: Banette|Poltergeist||[still]\n|-fail|p2a: Banette\n|\n|-ability|p1a: Yanmega|Speed Boost|boost\n|-boost|p1a: Yanmega|spe|1\n|upkeep\n|turn|10\n|\n|t:|1700849118\n|cant|p1a: Yanmega|par\n|move|p2a: Banette|Poltergeist||[still]\n|-fail|p2a: Banette\n|\n|-fieldend|move: Electric Terrain\n|-ability|p1a: Yanmega|Speed Boost|boost\n|-boost|p1a: Yanmega|spe|1\n|upkeep\n|turn|11\n|\n|t:|1700849122\n|move|p1a: Yanmega|Air Slash|p2a: Banette\n|-damage|p2a: Banette|12\/100\n|move|p2a: Banette|Poltergeist||[still]\n|-fail|p2a: Banette\n|\n|-ability|p1a: Yanmega|Speed Boost|boost\n|-boost|p1a: Yanmega|spe|1\n|upkeep\n|turn|12\n|\n|t:|1700849130\n|move|p2a: Banette|Destiny Bond|p2a: Banette\n|-singlemove|p2a: Banette|Destiny Bond\n|move|p1a: Yanmega|Bug Buzz|p2a: Banette\n|-resisted|p2a: Banette\n|-damage|p2a: Banette|0 fnt\n|faint|p2a: Banette\n|-activate|p2a: Banette|move: Destiny Bond\n|faint|p1a: Yanmega\n|\n|upkeep\n|\n|t:|1700849136\n|switch|p1a: Volcarona|Volcarona, F|100\/100\n|switch|p2a: Tapu Koko|Tapu Koko|34\/100\n|-fieldstart|move: Electric Terrain|[from] ability: Electric Surge|[of] p2a: Tapu Koko\n|turn|13\n|\n|t:|1700849140\n|move|p2a: Tapu Koko|Volt Switch|p1a: Volcarona\n|-damage|p1a: Volcarona|69\/100\n|\n|t:|1700849144\n|switch|p2a: Hawlucha|Hawlucha, F|100\/100|[from] Volt Switch\n|-enditem|p2a: Hawlucha|Electric Seed\n|-boost|p2a: Hawlucha|def|1|[from] item: Electric Seed\n|move|p1a: Volcarona|Quiver Dance|p1a: Volcarona\n|-boost|p1a: Volcarona|spa|1\n|-boost|p1a: Volcarona|spd|1\n|-boost|p1a: Volcarona|spe|1\n|\n|upkeep\n|turn|14\n|\n|t:|1700849155\n|-terastallize|p1a: Volcarona|Water\n|move|p2a: Hawlucha|Acrobatics|p1a: Volcarona\n|-damage|p1a: Volcarona|15\/100\n|-status|p2a: Hawlucha|brn|[from] ability: Flame Body|[of] p1a: Volcarona\n|move|p1a: Volcarona|Flamethrower|p2a: Hawlucha\n|-damage|p2a: Hawlucha|0 fnt\n|faint|p2a: Hawlucha\n|\n|upkeep\n|\n|t:|1700849165\n|switch|p2a: Rotom|Rotom-Wash|94\/100\n|turn|15\n|\n|t:|1700849169\n|move|p1a: Volcarona|Roost|p1a: Volcarona\n|-heal|p1a: Volcarona|65\/100\n|move|p2a: Rotom|Volt Switch|p1a: Volcarona\n|-supereffective|p1a: Volcarona\n|-damage|p1a: Volcarona|33\/100\n|\n|t:|1700849172\n|switch|p2a: Tapu Koko|Tapu Koko|34\/100|[from] Volt Switch\n|\n|upkeep\n|turn|16\n|\n|t:|1700849180\n|move|p2a: Tapu Koko|Thunderbolt|p1a: Volcarona\n|-supereffective|p1a: Volcarona\n|-damage|p1a: Volcarona|0 fnt\n|faint|p1a: Volcarona\n|\n|upkeep\n|\n|t:|1700849188\n|switch|p1a: Rabsca|Rabsca, M|100\/100\n|turn|17\n|\n|t:|1700849195\n|move|p2a: Tapu Koko|Volt Switch|p1a: Rabsca\n|-damage|p1a: Rabsca|62\/100\n|\n|t:|1700849198\n|switch|p2a: Kartana|Kartana|100\/100|[from] Volt Switch\n|move|p1a: Rabsca|Calm Mind|p1a: Rabsca\n|-boost|p1a: Rabsca|spa|1\n|-boost|p1a: Rabsca|spd|1\n|\n|-heal|p1a: Rabsca|69\/100|[from] item: Leftovers\n|-fieldend|move: Electric Terrain\n|upkeep\n|turn|18\n|\n|t:|1700849204\n|move|p2a: Kartana|Knock Off|p1a: Rabsca\n|-supereffective|p1a: Rabsca\n|-damage|p1a: Rabsca|4\/100\n|-enditem|p1a: Rabsca|Leftovers|[from] move: Knock Off|[of] p2a: Kartana\n|move|p1a: Rabsca|Earth Power|p2a: Kartana\n|-damage|p2a: Kartana|0 fnt\n|faint|p2a: Kartana\n|\n|upkeep\n|\n|t:|1700849214\n|switch|p2a: Tapu Koko|Tapu Koko|34\/100\n|-fieldstart|move: Electric Terrain|[from] ability: Electric Surge|[of] p2a: Tapu Koko\n|turn|19\n|\n|t:|1700849217\n|move|p2a: Tapu Koko|Volt Switch|p1a: Rabsca\n|-damage|p1a: Rabsca|0 fnt\n|faint|p1a: Rabsca\n|\n|t:|1700849220\n|switch|p2a: Rotom|Rotom-Wash|94\/100|[from] Volt Switch\n|\n|-heal|p2a: Rotom|100\/100|[from] item: Leftovers\n|upkeep\n|c|\u2606I like bug alots|ggwp\n|\n|t:|1700849254\n|switch|p1a: Pinsir|Pinsir-Mega, F|100\/100\n|turn|20\n|\n|t:|1700849258\n|move|p1a: Pinsir|Swords Dance|p1a: Pinsir\n|-boost|p1a: Pinsir|atk|2\n|move|p2a: Rotom|Will-O-Wisp|p1a: Pinsir|[miss]\n|-miss|p2a: Rotom|p1a: Pinsir\n|\n|upkeep\n|turn|21\n|\n|t:|1700849264\n|-terastallize|p2a: Rotom|Electric\n|move|p1a: Pinsir|Return|p2a: Rotom\n|-resisted|p2a: Rotom\n|-damage|p2a: Rotom|0 fnt\n|faint|p2a: Rotom\n|\n|upkeep\n|\n|t:|1700849271\n|switch|p2a: Tapu Koko|Tapu Koko|34\/100\n|turn|22\n|\n|t:|1700849274\n|move|p1a: Pinsir|Quick Attack|p2a: Tapu Koko\n|-resisted|p2a: Tapu Koko\n|-damage|p2a: Tapu Koko|0 fnt\n|faint|p2a: Tapu Koko\n|\n|win|I like bug alots\n|raw|I like bug alots's rating: 1374 &rarr; <strong>1389<\/strong><br \/>(+15 for winning)\n|raw|Qfkl's rating: 1291 &rarr; <strong>1272<\/strong><br \/>(-19 for losing)\n|l|\u2606Qfkl\n","uploadtime":1700849288,"views":5,"p1id":"ilikebugalots","p2id":"qfkl","formatid":"gen9nationaldex","rating":1272,"private":0,"password":""}