{"id":"gen9nationaldex-1988239770","p1":"The power of ROCK","p2":"FlamingThunderG0d","format":"[Gen 9] National Dex","log":"|j|\u2606The power of ROCK\n|j|\u2606FlamingThunderG0d\n|t:|1699692134\n|gametype|singles\n|player|p1|The power of ROCK|roark|\n|player|p2|FlamingThunderG0d|byron|\n|teamsize|p1|6\n|teamsize|p2|6\n|gen|9\n|tier|[Gen 9] National Dex\n|rule|HP Percentage Mod: HP is shown in percentages\n|rule|Endless Battle Clause: Forcing endless battles is banned\n|rule|OHKO Clause: OHKO moves are banned\n|rule|Evasion Clause: Evasion abilities, items, and moves are banned\n|rule|Evasion Abilities Clause: Evasion abilities are banned\n|rule|Evasion Items Clause: Evasion items are banned\n|rule|Evasion Moves Clause: Evasion moves are banned\n|rule|Species Clause: Limit one of each Pok\u00e9mon\n|rule|Sleep Clause Mod: Limit one foe put to sleep\n|clearpoke\n|poke|p1|Tyranitar, M|\n|poke|p1|Garganacl, M|\n|poke|p1|Aggron, F|\n|poke|p1|Cradily, F|\n|poke|p1|Glimmora, M|\n|poke|p1|Stakataka|\n|poke|p2|Zapdos|\n|poke|p2|Rotom-Wash|\n|poke|p2|Magnezone|\n|poke|p2|Iron Hands|\n|poke|p2|Xurkitree|\n|poke|p2|Tapu Koko|\n|teampreview\n|c|\u2606The power of ROCK|Welcome to the ROCK gym\n|c|\u2606FlamingThunderG0d|i'ma shock you soul out rocky boy\n|j| lupla\n|\n|t:|1699692246\n|start\n|switch|p1a: Glimmora|Glimmora, M|100\/100\n|switch|p2a: Tapu Koko|Tapu Koko|100\/100\n|-fieldstart|move: Electric Terrain|[from] ability: Electric Surge|[of] p2a: Tapu Koko\n|turn|1\n|\n|t:|1699692256\n|switch|p2a: Magnezone|Magnezone|100\/100\n|move|p1a: Glimmora|Sludge Wave|p2a: Magnezone\n|-immune|p2a: Magnezone\n|\n|upkeep\n|turn|2\n|l| lupla\n|\n|t:|1699692262\n|switch|p1a: Tyranitar|Tyranitar, M|100\/100\n|-weather|Sandstorm|[from] ability: Sand Stream|[of] p1a: Tyranitar\n|move|p2a: Magnezone|Volt Switch|p1a: Tyranitar\n|-damage|p1a: Tyranitar|86\/100\n|\n|t:|1699692265\n|switch|p2a: Iron Hands|Iron Hands|100\/100|[from] Volt Switch\n|-activate|p2a: Iron Hands|ability: Quark Drive\n|-start|p2a: Iron Hands|quarkdriveatk\n|\n|-weather|Sandstorm|[upkeep]\n|-damage|p2a: Iron Hands|94\/100|[from] Sandstorm\n|upkeep\n|turn|3\n|\n|t:|1699692270\n|switch|p1a: Glimmora|Glimmora, M|100\/100\n|move|p2a: Iron Hands|Drain Punch|p1a: Glimmora\n|-damage|p1a: Glimmora|25\/100\n|-heal|p2a: Iron Hands|100\/100|[from] drain|[of] p1a: Glimmora\n|-activate|p1a: Glimmora|ability: Toxic Debris\n|-sidestart|p2: FlamingThunderG0d|move: Toxic Spikes\n|\n|-weather|Sandstorm|[upkeep]\n|-damage|p2a: Iron Hands|94\/100|[from] Sandstorm\n|upkeep\n|turn|4\n|\n|t:|1699692275\n|-end|p2a: Iron Hands|Quark Drive|[silent]\n|switch|p2a: Rotom|Rotom-Wash|100\/100\n|move|p1a: Glimmora|Earth Power|p2a: Rotom\n|-immune|p2a: Rotom|[from] ability: Levitate\n|\n|-weather|Sandstorm|[upkeep]\n|-damage|p2a: Rotom|94\/100|[from] Sandstorm\n|-heal|p2a: Rotom|100\/100|[from] item: Leftovers\n|upkeep\n|turn|5\n|\n|t:|1699692280\n|switch|p1a: Garganacl|Garganacl, M|100\/100\n|move|p2a: Rotom|Volt Switch|p1a: Garganacl\n|-damage|p1a: Garganacl|89\/100\n|-enditem|p1a: Garganacl|Maranga Berry|[eat]\n|-boost|p1a: Garganacl|spd|1|[from] item: Maranga Berry\n|\n|t:|1699692285\n|switch|p2a: Zapdos|Zapdos|100\/100|[from] Volt Switch\n|\n|-weather|Sandstorm|[upkeep]\n|-damage|p2a: Zapdos|94\/100|[from] Sandstorm\n|upkeep\n|turn|6\n|\n|t:|1699692294\n|move|p2a: Zapdos|Defog|p1a: Garganacl\n|-unboost|p1a: Garganacl|evasion|1\n|-sideend|p2: FlamingThunderG0d|Toxic Spikes|[from] move: Defog|[of] p2a: Zapdos\n|-fieldend|move: Electric Terrain\n|move|p1a: Garganacl|Iron Defense|p1a: Garganacl\n|-boost|p1a: Garganacl|def|2\n|\n|-weather|none\n|upkeep\n|turn|7\n|\n|t:|1699692304\n|switch|p2a: Tapu Koko|Tapu Koko|100\/100\n|-fieldstart|move: Electric Terrain|[from] ability: Electric Surge|[of] p2a: Tapu Koko\n|move|p1a: Garganacl|Salt Cure|p2a: Tapu Koko\n|-damage|p2a: Tapu Koko|81\/100\n|-start|p2a: Tapu Koko|Salt Cure\n|\n|-damage|p2a: Tapu Koko|69\/100|[from] Salt Cure\n|upkeep\n|turn|8\n|\n|t:|1699692308\n|move|p2a: Tapu Koko|U-turn|p1a: Garganacl\n|-damage|p1a: Garganacl|83\/100\n|\n|t:|1699692311\n|switch|p2a: Iron Hands|Iron Hands|94\/100|[from] U-turn\n|-activate|p2a: Iron Hands|ability: Quark Drive\n|-start|p2a: Iron Hands|quarkdriveatk\n|move|p1a: Garganacl|Iron Defense|p1a: Garganacl\n|-boost|p1a: Garganacl|def|2\n|\n|upkeep\n|turn|9\n|\n|t:|1699692315\n|-terastallize|p1a: Garganacl|Ghost\n|move|p2a: Iron Hands|Swords Dance|p2a: Iron Hands\n|-boost|p2a: Iron Hands|atk|2\n|move|p1a: Garganacl|Salt Cure|p2a: Iron Hands\n|-resisted|p2a: Iron Hands\n|-damage|p2a: Iron Hands|90\/100\n|-start|p2a: Iron Hands|Salt Cure\n|\n|-damage|p2a: Iron Hands|77\/100|[from] Salt Cure\n|upkeep\n|turn|10\n|\n|t:|1699692319\n|move|p2a: Iron Hands|Thunder Punch|p1a: Garganacl\n|-damage|p1a: Garganacl|44\/100\n|move|p1a: Garganacl|Iron Defense|p1a: Garganacl\n|-boost|p1a: Garganacl|def|2\n|\n|-damage|p2a: Iron Hands|65\/100|[from] Salt Cure\n|upkeep\n|turn|11\n|\n|t:|1699692323\n|-end|p2a: Iron Hands|Quark Drive|[silent]\n|switch|p2a: Xurkitree|Xurkitree|100\/100\n|move|p1a: Garganacl|Recover|p1a: Garganacl\n|-heal|p1a: Garganacl|94\/100\n|\n|upkeep\n|turn|12\n|\n|t:|1699692329\n|-terastallize|p2a: Xurkitree|Electric\n|move|p2a: Xurkitree|Electro Ball|p1a: Garganacl\n|-damage|p1a: Garganacl|32\/100\n|move|p1a: Garganacl|Body Press|p2a: Xurkitree\n|-damage|p2a: Xurkitree|0 fnt\n|faint|p2a: Xurkitree\n|\n|upkeep\n|\n|t:|1699692341\n|switch|p2a: Tapu Koko|Tapu Koko|69\/100\n|turn|13\n|\n|t:|1699692348\n|move|p2a: Tapu Koko|Thunderbolt|p1a: Garganacl\n|-damage|p1a: Garganacl|13\/100\n|move|p1a: Garganacl|Recover|p1a: Garganacl\n|-heal|p1a: Garganacl|63\/100\n|\n|upkeep\n|turn|14\n|\n|t:|1699692360\n|move|p2a: Tapu Koko|U-turn|p1a: Garganacl\n|-resisted|p1a: Garganacl\n|-damage|p1a: Garganacl|61\/100\n|\n|t:|1699692363\n|switch|p2a: Iron Hands|Iron Hands|65\/100|[from] U-turn\n|-activate|p2a: Iron Hands|ability: Quark Drive\n|-start|p2a: Iron Hands|quarkdriveatk\n|move|p1a: Garganacl|Recover|p1a: Garganacl\n|-heal|p1a: Garganacl|100\/100\n|\n|-fieldend|move: Electric Terrain\n|-end|p2a: Iron Hands|Quark Drive\n|upkeep\n|turn|15\n|\n|t:|1699692367\n|-end|p2a: Iron Hands|Quark Drive|[silent]\n|switch|p2a: Rotom|Rotom-Wash|100\/100\n|move|p1a: Garganacl|Body Press|p2a: Rotom\n|-crit|p2a: Rotom\n|-damage|p2a: Rotom|0 fnt\n|faint|p2a: Rotom\n|\n|upkeep\n|\n|t:|1699692371\n|switch|p2a: Tapu Koko|Tapu Koko|69\/100\n|-fieldstart|move: Electric Terrain|[from] ability: Electric Surge|[of] p2a: Tapu Koko\n|turn|16\n|\n|t:|1699692376\n|move|p2a: Tapu Koko|U-turn|p1a: Garganacl\n|-resisted|p1a: Garganacl\n|-crit|p1a: Garganacl\n|-damage|p1a: Garganacl|93\/100\n|\n|t:|1699692381\n|switch|p2a: Zapdos|Zapdos|94\/100|[from] U-turn\n|move|p1a: Garganacl|Salt Cure|p2a: Zapdos\n|-supereffective|p2a: Zapdos\n|-damage|p2a: Zapdos|74\/100\n|-start|p2a: Zapdos|Salt Cure\n|\n|-damage|p2a: Zapdos|62\/100|[from] Salt Cure\n|upkeep\n|turn|17\n|\n|t:|1699692384\n|move|p2a: Zapdos|Discharge|p1a: Garganacl\n|-damage|p1a: Garganacl|79\/100\n|move|p1a: Garganacl|Body Press|p2a: Zapdos\n|-resisted|p2a: Zapdos\n|-damage|p2a: Zapdos|28\/100\n|\n|-damage|p2a: Zapdos|16\/100|[from] Salt Cure\n|upkeep\n|turn|18\n|\n|t:|1699692388\n|move|p2a: Zapdos|Discharge|p1a: Garganacl\n|-damage|p1a: Garganacl|66\/100\n|move|p1a: Garganacl|Salt Cure|p2a: Zapdos\n|-supereffective|p2a: Zapdos\n|-damage|p2a: Zapdos|0 fnt\n|faint|p2a: Zapdos\n|\n|upkeep\n|\n|t:|1699692391\n|switch|p2a: Iron Hands|Iron Hands|65\/100\n|-activate|p2a: Iron Hands|ability: Quark Drive\n|-start|p2a: Iron Hands|quarkdriveatk\n|turn|19\n|\n|t:|1699692394\n|move|p2a: Iron Hands|Swords Dance|p2a: Iron Hands\n|-boost|p2a: Iron Hands|atk|2\n|move|p1a: Garganacl|Body Press|p2a: Iron Hands\n|-damage|p2a: Iron Hands|0 fnt\n|faint|p2a: Iron Hands\n|-end|p2a: Iron Hands|Quark Drive|[silent]\n|\n|upkeep\n|c|\u2606FlamingThunderG0d|i lose\n|-message|FlamingThunderG0d forfeited.\n|\n|win|The power of ROCK\n|l|\u2606FlamingThunderG0d\n|c|\u2606The power of ROCK|yeah gg xD\n","uploadtime":1699692408,"views":12,"p1id":"thepowerofrock","p2id":"flamingthunderg0d","formatid":"gen9nationaldex","rating":0,"private":0,"password":""}