{"id":"gen9nationaldex-1994871001","p1":"Adriux15","p2":"0rTheSpecial0ne","format":"[Gen 9] National Dex","log":"|html|<div class=\"broadcast-blue\"><strong>[Gen 9] National Dex is currently suspecting Sneasler! For information on how to participate check out the <a href=\"https:\/\/www.smogon.com\/forums\/threads\/sv-national-dex-suspect-8-just-dance.3731534\/\">suspect thread<\/a>.<\/strong><\/div>\n|j|\u2606Adriux15\n|j|\u26060rTheSpecial0ne\n|inactive|Battle timer is ON: inactive players will automatically lose when time's up.\n|t:|1700500381\n|gametype|singles\n|player|p1|Adriux15|steven|\n|player|p2|0rTheSpecial0ne|teammates|\n|teamsize|p1|6\n|teamsize|p2|6\n|gen|9\n|tier|[Gen 9] National Dex\n|rated|Tournament battle\n|rule|HP Percentage Mod: HP is shown in percentages\n|rule|Endless Battle Clause: Forcing endless battles is banned\n|rule|OHKO Clause: OHKO moves are banned\n|rule|Evasion Clause: Evasion abilities, items, and moves are banned\n|rule|Evasion Abilities Clause: Evasion abilities are banned\n|rule|Evasion Items Clause: Evasion items are banned\n|rule|Evasion Moves Clause: Evasion moves are banned\n|rule|Species Clause: Limit one of each Pok\u00e9mon\n|rule|Sleep Clause Mod: Limit one foe put to sleep\n|clearpoke\n|poke|p1|Pelipper, F|\n|poke|p1|Basculegion, M|\n|poke|p1|Greninja-*, F|\n|poke|p1|Gastrodon, F|\n|poke|p1|Thundurus-Therian, M|\n|poke|p1|Urshifu-*, M|\n|poke|p2|Arcanine, M|\n|poke|p2|Lopunny, M|\n|poke|p2|Cresselia, F|\n|poke|p2|Clefable, F|\n|poke|p2|Ribombee, M|\n|poke|p2|Porygon-Z|\n|teampreview\n|inactive|0rTheSpecial0ne also wants the timer to be on.\n|\n|t:|1700500407\n|start\n|switch|p1a: Pelipper|Pelipper, F|100\/100\n|switch|p2a: Ribombee|Ribombee, M, shiny|100\/100\n|-weather|RainDance|[from] ability: Drizzle|[of] p1a: Pelipper\n|turn|1\n|\n|t:|1700500414\n|move|p2a: Ribombee|Sticky Web|p1a: Pelipper\n|-sidestart|p1: Adriux15|move: Sticky Web\n|move|p1a: Pelipper|Hurricane|p2a: Ribombee\n|-supereffective|p2a: Ribombee\n|-enditem|p2a: Ribombee|Focus Sash\n|-damage|p2a: Ribombee|1\/100\n|\n|-weather|RainDance|[upkeep]\n|upkeep\n|turn|2\n|\n|t:|1700500422\n|move|p2a: Ribombee|Moonblast|p1a: Pelipper\n|-damage|p1a: Pelipper|47\/100\n|move|p1a: Pelipper|Hurricane|p2a: Ribombee\n|-supereffective|p2a: Ribombee\n|-damage|p2a: Ribombee|0 fnt\n|faint|p2a: Ribombee\n|\n|-weather|RainDance|[upkeep]\n|upkeep\n|\n|t:|1700500429\n|switch|p2a: Porygon-Z|Porygon-Z|100\/100\n|turn|3\n|\n|t:|1700500435\n|switch|p1a: Gastrodon|Gastrodon, F|100\/100\n|-activate|p1a: Gastrodon|move: Sticky Web\n|-unboost|p1a: Gastrodon|spe|1\n|-zpower|p2a: Porygon-Z\n|move|p2a: Porygon-Z|Z-Conversion|p2a: Porygon-Z|[anim]Conversion\n|-boost|p2a: Porygon-Z|atk|1|[zeffect]\n|-boost|p2a: Porygon-Z|def|1|[zeffect]\n|-boost|p2a: Porygon-Z|spa|1|[zeffect]\n|-boost|p2a: Porygon-Z|spd|1|[zeffect]\n|-boost|p2a: Porygon-Z|spe|1|[zeffect]\n|-start|p2a: Porygon-Z|typechange|Ghost\n|\n|-weather|RainDance|[upkeep]\n|upkeep\n|turn|4\n|\n|t:|1700500449\n|move|p2a: Porygon-Z|Shadow Ball|p1a: Gastrodon\n|-damage|p1a: Gastrodon|28\/100\n|move|p1a: Gastrodon|Hydro Pump|p2a: Porygon-Z\n|-damage|p2a: Porygon-Z|45\/100\n|\n|-weather|RainDance|[upkeep]\n|-heal|p1a: Gastrodon|34\/100|[from] item: Leftovers\n|upkeep\n|turn|5\n|\n|t:|1700500457\n|move|p2a: Porygon-Z|Tri Attack|p1a: Gastrodon\n|-damage|p1a: Gastrodon|0 fnt\n|faint|p1a: Gastrodon\n|\n|-weather|RainDance|[upkeep]\n|upkeep\n|\n|t:|1700500463\n|switch|p1a: Greninja|Greninja, F, shiny|100\/100\n|-activate|p1a: Greninja|move: Sticky Web\n|-unboost|p1a: Greninja|spe|1\n|turn|6\n|\n|t:|1700500467\n|move|p2a: Porygon-Z|Tri Attack|p1a: Greninja\n|-damage|p1a: Greninja|38\/100\n|-status|p1a: Greninja|par\n|move|p1a: Greninja|Dark Pulse|p2a: Porygon-Z\n|-start|p1a: Greninja|typechange|Dark|[from] ability: Protean\n|-supereffective|p2a: Porygon-Z\n|-damage|p2a: Porygon-Z|0 fnt\n|faint|p2a: Porygon-Z\n|\n|-weather|RainDance|[upkeep]\n|upkeep\n|\n|t:|1700500478\n|switch|p2a: Clefable|Clefable, F, shiny|100\/100\n|turn|7\n|\n|t:|1700500482\n|move|p2a: Clefable|Cosmic Power|p2a: Clefable\n|-boost|p2a: Clefable|def|1\n|-boost|p2a: Clefable|spd|1\n|move|p1a: Greninja|Hydro Pump|p2a: Clefable\n|-damage|p2a: Clefable|68\/100\n|\n|-weather|RainDance|[upkeep]\n|-heal|p2a: Clefable|74\/100|[from] item: Leftovers\n|upkeep\n|turn|8\n|\n|t:|1700500490\n|move|p2a: Clefable|Cosmic Power|p2a: Clefable\n|-boost|p2a: Clefable|def|1\n|-boost|p2a: Clefable|spd|1\n|move|p1a: Greninja|Hydro Pump|p2a: Clefable|[miss]\n|-miss|p1a: Greninja|p2a: Clefable\n|\n|-weather|none\n|-heal|p2a: Clefable|80\/100|[from] item: Leftovers\n|upkeep\n|turn|9\n|\n|t:|1700500499\n|move|p2a: Clefable|Cosmic Power|p2a: Clefable\n|-boost|p2a: Clefable|def|1\n|-boost|p2a: Clefable|spd|1\n|cant|p1a: Greninja|par\n|\n|-heal|p2a: Clefable|86\/100|[from] item: Leftovers\n|upkeep\n|turn|10\n|\n|t:|1700500506\n|move|p2a: Clefable|Cosmic Power|p2a: Clefable\n|-boost|p2a: Clefable|def|1\n|-boost|p2a: Clefable|spd|1\n|move|p1a: Greninja|Toxic Spikes|p2a: Clefable\n|-sidestart|p2: 0rTheSpecial0ne|move: Toxic Spikes\n|\n|-heal|p2a: Clefable|92\/100|[from] item: Leftovers\n|upkeep\n|turn|11\n|\n|t:|1700500512\n|move|p2a: Clefable|Cosmic Power|p2a: Clefable\n|-boost|p2a: Clefable|def|1\n|-boost|p2a: Clefable|spd|1\n|cant|p1a: Greninja|par\n|\n|-heal|p2a: Clefable|98\/100|[from] item: Leftovers\n|upkeep\n|turn|12\n|\n|t:|1700500518\n|move|p2a: Clefable|Cosmic Power|p2a: Clefable\n|-boost|p2a: Clefable|def|1\n|-boost|p2a: Clefable|spd|1\n|cant|p1a: Greninja|par\n|\n|-heal|p2a: Clefable|100\/100|[from] item: Leftovers\n|upkeep\n|turn|13\n|\n|t:|1700500525\n|move|p2a: Clefable|Moonblast|p1a: Greninja\n|-supereffective|p1a: Greninja\n|-damage|p1a: Greninja|0 fnt\n|faint|p1a: Greninja\n|\n|upkeep\n|\n|t:|1700500529\n|switch|p1a: Pelipper|Pelipper, F|47\/100\n|-weather|RainDance|[from] ability: Drizzle|[of] p1a: Pelipper\n|turn|14\n|\n|t:|1700500533\n|move|p1a: Pelipper|Hydro Pump|p2a: Clefable\n|-damage|p2a: Clefable|83\/100\n|move|p2a: Clefable|Stored Power|p1a: Pelipper\n|-damage|p1a: Pelipper|0 fnt\n|faint|p1a: Pelipper\n|\n|-weather|RainDance|[upkeep]\n|-heal|p2a: Clefable|90\/100|[from] item: Leftovers\n|upkeep\n|c|\u26060rTheSpecial0ne|ggg\n|\n|t:|1700500543\n|switch|p1a: Urshifu|Urshifu-Rapid-Strike, M|100\/100\n|-activate|p1a: Urshifu|move: Sticky Web\n|-unboost|p1a: Urshifu|spe|1\n|turn|15\n|\n|t:|1700500557\n|-terastallize|p1a: Urshifu|Water\n|move|p1a: Urshifu|Surging Strikes|p2a: Clefable\n|-crit|p2a: Clefable\n|-damage|p2a: Clefable|34\/100\n|-crit|p2a: Clefable\n|-damage|p2a: Clefable|0 fnt\n|faint|p2a: Clefable\n|-hitcount|p2: Clefable|2\n|\n|-weather|RainDance|[upkeep]\n|upkeep\n|\n|t:|1700500563\n|switch|p2a: Arcanine|Arcanine, M, shiny|100\/100\n|-status|p2a: Arcanine|psn\n|-ability|p2a: Arcanine|Intimidate|boost\n|-unboost|p1a: Urshifu|atk|1\n|turn|16\n|\n|t:|1700500569\n|switch|p1a: Thundurus|Thundurus-Therian, M, shiny|100\/100\n|move|p2a: Arcanine|Will-O-Wisp|p1a: Thundurus|[miss]\n|-miss|p2a: Arcanine|p1a: Thundurus\n|\n|-weather|RainDance|[upkeep]\n|-damage|p2a: Arcanine|88\/100 psn|[from] psn\n|upkeep\n|turn|17\n|\n|t:|1700500575\n|move|p1a: Thundurus|Thunder|p2a: Arcanine\n|-crit|p2a: Arcanine\n|-damage|p2a: Arcanine|0 fnt\n|faint|p2a: Arcanine\n|\n|-weather|RainDance|[upkeep]\n|upkeep\n|\n|t:|1700500579\n|switch|p2a: Cresselia|Cresselia, F, shiny|100\/100\n|turn|18\n|\n|t:|1700500582\n|-terastallize|p2a: Cresselia|Poison\n|move|p1a: Thundurus|Thunder|p2a: Cresselia\n|-damage|p2a: Cresselia|60\/100\n|move|p2a: Cresselia|Calm Mind|p2a: Cresselia\n|-boost|p2a: Cresselia|spa|1\n|-boost|p2a: Cresselia|spd|1\n|\n|-weather|RainDance|[upkeep]\n|-heal|p2a: Cresselia|66\/100|[from] item: Leftovers\n|upkeep\n|turn|19\n|\n|t:|1700500592\n|move|p1a: Thundurus|Thunder|p2a: Cresselia\n|-damage|p2a: Cresselia|37\/100\n|-status|p2a: Cresselia|par\n|cant|p2a: Cresselia|par\n|\n|-weather|RainDance|[upkeep]\n|-heal|p2a: Cresselia|44\/100 par|[from] item: Leftovers\n|upkeep\n|turn|20\n|c|\u26060rTheSpecial0ne|xDDDDDDDDDDDDDDDDDDDD\n|\n|t:|1700500602\n|move|p1a: Thundurus|Thunder|p2a: Cresselia\n|-damage|p2a: Cresselia|16\/100 par\n|cant|p2a: Cresselia|par\n|\n|-weather|RainDance|[upkeep]\n|-heal|p2a: Cresselia|22\/100 par|[from] item: Leftovers\n|upkeep\n|turn|21\n|\n|t:|1700500609\n|move|p1a: Thundurus|Thunder|p2a: Cresselia\n|-damage|p2a: Cresselia|0 fnt\n|faint|p2a: Cresselia\n|\n|-weather|none\n|upkeep\n|\n|t:|1700500612\n|switch|p2a: Lopunny|Lopunny, M, shiny|100\/100\n|-status|p2a: Lopunny|psn\n|turn|22\n|\n|t:|1700500617\n|detailschange|p2a: Lopunny|Lopunny-Mega, M, shiny\n|-mega|p2a: Lopunny|Lopunny|Lopunnite\n|move|p2a: Lopunny|Fake Out|p1a: Thundurus\n|-damage|p1a: Thundurus|74\/100\n|cant|p1a: Thundurus|flinch\n|\n|-damage|p2a: Lopunny|88\/100 psn|[from] psn\n|upkeep\n|turn|23\n|\n|t:|1700500624\n|move|p2a: Lopunny|Ice Punch|p1a: Thundurus\n|-supereffective|p1a: Thundurus\n|-damage|p1a: Thundurus|6\/100\n|move|p1a: Thundurus|Focus Blast|p2a: Lopunny\n|-supereffective|p2a: Lopunny\n|-damage|p2a: Lopunny|0 fnt\n|faint|p2a: Lopunny\n|\n|win|Adriux15\n|n|\u2606Adriux15|adriux15\n|n|\u26060rTheSpecial0ne|0rthespecial0ne\n|l|\u26060rTheSpecial0ne\n|c|\u2606Adriux15|GG\n|j| Diegogris\n","uploadtime":1700500895,"views":10,"p1id":"adriux15","p2id":"0rthespecial0ne","formatid":"gen9nationaldex","rating":0,"private":0,"password":""}