{"id":"gen9nationaldex-1992574761","p1":"Ismashpans","p2":"bunniiiiiis","format":"[Gen 9] National Dex","log":"|j|\u203dIsmashpans\n|j|\u2606bunniiiiiis\n|t:|1700208456\n|gametype|singles\n|player|p1|Ismashpans|265|1175\n|player|p2|bunniiiiiis|lady|1277\n|teamsize|p1|6\n|teamsize|p2|6\n|gen|9\n|tier|[Gen 9] National Dex\n|rated|\n|rule|HP Percentage Mod: HP is shown in percentages\n|rule|Endless Battle Clause: Forcing endless battles is banned\n|rule|OHKO Clause: OHKO moves are banned\n|rule|Evasion Clause: Evasion abilities, items, and moves are banned\n|rule|Evasion Abilities Clause: Evasion abilities are banned\n|rule|Evasion Items Clause: Evasion items are banned\n|rule|Evasion Moves Clause: Evasion moves are banned\n|rule|Species Clause: Limit one of each Pok\u00e9mon\n|rule|Sleep Clause Mod: Limit one foe put to sleep\n|clearpoke\n|poke|p1|Magnezone|\n|poke|p1|Breloom, M|\n|poke|p1|Salamence, F|\n|poke|p1|Ursaring, M|\n|poke|p1|Heracross, F|\n|poke|p1|Grimmsnarl, M|\n|poke|p2|Victini|\n|poke|p2|Tapu Lele|\n|poke|p2|Alakazam, M|\n|poke|p2|Blacephalon|\n|poke|p2|Slowbro, F|\n|poke|p2|Meowscarada, F|\n|teampreview\n|c|\u2606bunniiiiiis|glhf\n|inactive|Battle timer is ON: inactive players will automatically lose when time's up. (requested by Ismashpans)\n|\n|t:|1700208483\n|start\n|switch|p1a: Grimmsnarl|Grimmsnarl, M|100\/100\n|switch|p2a: Meowscarada|Meowscarada, F|100\/100\n|turn|1\n|\n|t:|1700208492\n|move|p1a: Grimmsnarl|Light Screen|p1a: Grimmsnarl\n|-sidestart|p1: Ismashpans|move: Light Screen\n|move|p2a: Meowscarada|Play Rough|p1a: Grimmsnarl\n|-start|p2a: Meowscarada|typechange|Fairy|[from] ability: Protean\n|-supereffective|p1a: Grimmsnarl\n|-damage|p1a: Grimmsnarl|0 fnt\n|faint|p1a: Grimmsnarl\n|\n|upkeep\n|\n|t:|1700208500\n|switch|p1a: Magnezone|Magnezone|100\/100\n|turn|2\n|\n|t:|1700208515\n|switch|p2a: Tapu Lele|Tapu Lele|100\/100\n|-fieldstart|move: Psychic Terrain|[from] ability: Psychic Surge|[of] p2a: Tapu Lele\n|-terastallize|p1a: Magnezone|Flying\n|move|p1a: Magnezone|Tera Blast|p2a: Tapu Lele|[anim] Tera Blast Flying\n|-damage|p2a: Tapu Lele|55\/100\n|\n|upkeep\n|turn|3\n|\n|t:|1700208535\n|-terastallize|p2a: Tapu Lele|Psychic\n|move|p2a: Tapu Lele|Psyshock|p1a: Magnezone\n|-damage|p1a: Magnezone|67\/100\n|move|p1a: Magnezone|Flash Cannon|p2a: Tapu Lele\n|-damage|p2a: Tapu Lele|7\/100\n|\n|upkeep\n|turn|4\n|\n|t:|1700208546\n|move|p2a: Tapu Lele|Psychic|p1a: Magnezone\n|-damage|p1a: Magnezone|38\/100\n|-unboost|p1a: Magnezone|spd|1\n|move|p1a: Magnezone|Volt Switch|p2a: Tapu Lele\n|-crit|p2a: Tapu Lele\n|-damage|p2a: Tapu Lele|0 fnt\n|faint|p2a: Tapu Lele\n|\n|t:|1700208550\n|switch|p1a: Salamence|Salamence, F|100\/100|[from] Volt Switch\n|\n|upkeep\n|\n|t:|1700208557\n|switch|p2a: Slowbro|Slowbro, F|100\/100\n|turn|5\n|\n|t:|1700208566\n|detailschange|p2a: Slowbro|Slowbro-Mega, F\n|-mega|p2a: Slowbro|Slowbro|Slowbronite\n|move|p1a: Salamence|Dual Wingbeat|p2a: Slowbro\n|-damage|p2a: Slowbro|91\/100\n|-damage|p2a: Slowbro|80\/100\n|-hitcount|p2a: Slowbro|2\n|move|p2a: Slowbro|Ice Beam|p1a: Salamence\n|-supereffective|p1a: Salamence\n|-damage|p1a: Salamence|41\/100\n|\n|upkeep\n|turn|6\n|\n|t:|1700208577\n|move|p1a: Salamence|Earthquake|p2a: Slowbro\n|-damage|p2a: Slowbro|63\/100\n|move|p2a: Slowbro|Ice Beam|p1a: Salamence\n|-supereffective|p1a: Salamence\n|-damage|p1a: Salamence|0 fnt\n|faint|p1a: Salamence\n|\n|upkeep\n|\n|t:|1700208582\n|switch|p1a: Magnezone|Magnezone, tera:Flying|38\/100\n|turn|7\n|\n|t:|1700208587\n|switch|p2a: Victini|Victini|100\/100\n|move|p1a: Magnezone|Thunderbolt|p2a: Victini\n|-damage|p2a: Victini|53\/100\n|\n|upkeep\n|turn|8\n|\n|t:|1700208592\n|-zpower|p2a: Victini\n|move|p2a: Victini|Z-Celebrate|p2a: Victini|[anim]Celebrate\n|-boost|p2a: Victini|atk|1|[zeffect]\n|-boost|p2a: Victini|def|1|[zeffect]\n|-boost|p2a: Victini|spa|1|[zeffect]\n|-boost|p2a: Victini|spd|1|[zeffect]\n|-boost|p2a: Victini|spe|1|[zeffect]\n|-activate|p2a: Victini|move: Celebrate\n|move|p1a: Magnezone|Tera Blast|p2a: Victini|[anim] Tera Blast Flying\n|-damage|p2a: Victini|23\/100\n|\n|-sideend|p1: Ismashpans|move: Light Screen\n|upkeep\n|turn|9\n|\n|t:|1700208596\n|move|p2a: Victini|Searing Shot|p1a: Magnezone\n|-damage|p1a: Magnezone|0 fnt\n|faint|p1a: Magnezone\n|\n|-fieldend|move: Psychic Terrain\n|upkeep\n|\n|t:|1700208598\n|switch|p1a: Ursaring|Ursaring, M|100\/100\n|turn|10\n|\n|t:|1700208605\n|move|p2a: Victini|Stored Power|p1a: Ursaring\n|-damage|p1a: Ursaring|0 fnt\n|faint|p1a: Ursaring\n|\n|upkeep\n|\n|t:|1700208607\n|switch|p1a: Heracross|Heracross, F|100\/100\n|turn|11\n|\n|t:|1700208610\n|move|p2a: Victini|Stored Power|p1a: Heracross\n|-supereffective|p1a: Heracross\n|-damage|p1a: Heracross|0 fnt\n|faint|p1a: Heracross\n|\n|upkeep\n|\n|t:|1700208612\n|switch|p1a: Breloom|Breloom, M|100\/100\n|turn|12\n|\n|t:|1700208615\n|move|p1a: Breloom|Mach Punch|p2a: Victini\n|-resisted|p2a: Victini\n|-damage|p2a: Victini|13\/100\n|move|p2a: Victini|Stored Power|p1a: Breloom\n|-supereffective|p1a: Breloom\n|-damage|p1a: Breloom|0 fnt\n|faint|p1a: Breloom\n|\n|win|bunniiiiiis\n|raw|Ismashpans's rating: 1175 &rarr; <strong>1157<\/strong><br \/>(-18 for losing)\n|raw|bunniiiiiis's rating: 1277 &rarr; <strong>1295<\/strong><br \/>(+18 for winning)\n|l|\u203dIsmashpans\n|c|\u2606bunniiiiiis|gg\n|l|\u2606bunniiiiiis\n|j|\u2606bunniiiiiis\n|player|p2|bunniiiiiis|lady\n","uploadtime":1700208676,"views":17,"p1id":"ismashpans","p2id":"bunniiiiiis","formatid":"gen9nationaldex","rating":1157,"private":0,"password":""}