{"id":"gen9nationaldex-1993934753","p1":"udusadj","p2":"The Critical God","format":"[Gen 9] National Dex","log":"|j|\u2606udusadj\n|j|\u203dThe Critical God\n|t:|1700378240\n|gametype|singles\n|player|p1|udusadj|265|1000\n|player|p2|The Critical God|101|1006\n|teamsize|p1|6\n|teamsize|p2|6\n|gen|9\n|tier|[Gen 9] National Dex\n|rated|\n|rule|HP Percentage Mod: HP is shown in percentages\n|rule|Endless Battle Clause: Forcing endless battles is banned\n|rule|OHKO Clause: OHKO moves are banned\n|rule|Evasion Clause: Evasion abilities, items, and moves are banned\n|rule|Evasion Abilities Clause: Evasion abilities are banned\n|rule|Evasion Items Clause: Evasion items are banned\n|rule|Evasion Moves Clause: Evasion moves are banned\n|rule|Species Clause: Limit one of each Pok\u00e9mon\n|rule|Sleep Clause Mod: Limit one foe put to sleep\n|clearpoke\n|poke|p1|Mawile, F|\n|poke|p1|Volcarona, M|\n|poke|p1|Landorus-Therian, M|\n|poke|p1|Umbreon, F|\n|poke|p1|Samurott-Hisui, M|\n|poke|p1|Gengar, M|\n|poke|p2|Grimmsnarl, M|\n|poke|p2|Garganacl, F|\n|poke|p2|Gliscor, M|\n|poke|p2|Alomomola, M|\n|poke|p2|Kommo-o, F|\n|poke|p2|Corviknight, M|\n|teampreview\n|\n|t:|1700378259\n|start\n|switch|p1a: Landorus|Landorus-Therian, M|100\/100\n|switch|p2a: Grimmsnarl|Grimmsnarl, M|100\/100\n|-ability|p1a: Landorus|Intimidate|boost\n|-unboost|p2a: Grimmsnarl|atk|1\n|turn|1\n|\n|t:|1700378269\n|move|p2a: Grimmsnarl|Taunt|p1a: Landorus\n|-start|p1a: Landorus|move: Taunt\n|cant|p1a: Landorus|move: Taunt|Toxic\n|\n|upkeep\n|turn|2\n|\n|t:|1700378275\n|move|p2a: Grimmsnarl|Reflect|p2a: Grimmsnarl\n|-sidestart|p2: The Critical God|Reflect\n|move|p1a: Landorus|Earthquake|p2a: Grimmsnarl\n|-damage|p2a: Grimmsnarl|70\/100\n|\n|upkeep\n|turn|3\n|\n|t:|1700378281\n|move|p2a: Grimmsnarl|Parting Shot|p1a: Landorus\n|-unboost|p1a: Landorus|atk|1\n|-unboost|p1a: Landorus|spa|1\n|\n|t:|1700378284\n|switch|p2a: Gliscor|Gliscor, M|100\/100|[from] Parting Shot\n|move|p1a: Landorus|Earthquake|p2a: Gliscor\n|-immune|p2a: Gliscor\n|\n|-end|p1a: Landorus|move: Taunt\n|-status|p2a: Gliscor|tox|[from] item: Toxic Orb\n|upkeep\n|turn|4\n|\n|t:|1700378289\n|move|p2a: Gliscor|Toxic|p1a: Landorus\n|-status|p1a: Landorus|tox\n|move|p1a: Landorus|Defog|p2a: Gliscor\n|-unboost|p2a: Gliscor|evasion|1\n|-sideend|p2: The Critical God|Reflect\n|\n|-damage|p1a: Landorus|94\/100 tox|[from] psn\n|upkeep\n|turn|5\n|\n|t:|1700378295\n|move|p2a: Gliscor|Spikes|p1a: Landorus\n|-sidestart|p1: udusadj|Spikes\n|move|p1a: Landorus|U-turn|p2a: Gliscor\n|-resisted|p2a: Gliscor\n|-damage|p2a: Gliscor|95\/100 tox\n|\n|t:|1700378304\n|switch|p1a: Gengar|Gengar, M|100\/100|[from] U-turn\n|-damage|p1a: Gengar|88\/100|[from] Spikes\n|\n|-heal|p2a: Gliscor|100\/100 tox|[from] ability: Poison Heal\n|upkeep\n|turn|6\n|\n|t:|1700378310\n|-terastallize|p1a: Gengar|Flying\n|move|p1a: Gengar|Nasty Plot|p1a: Gengar\n|-boost|p1a: Gengar|spa|2\n|move|p2a: Gliscor|Earthquake|p1a: Gengar\n|-immune|p1a: Gengar\n|\n|upkeep\n|turn|7\n|\n|t:|1700378319\n|move|p1a: Gengar|Shadow Ball|p2a: Gliscor\n|-crit|p2a: Gliscor\n|-damage|p2a: Gliscor|0 fnt\n|faint|p2a: Gliscor\n|-damage|p1a: Gengar|78\/100|[from] item: Life Orb\n|\n|upkeep\n|\n|t:|1700378328\n|switch|p2a: Kommo-o|Kommo-o, F|100\/100\n|turn|8\n|\n|t:|1700378331\n|move|p1a: Gengar|Shadow Ball|p2a: Kommo-o\n|-immune|p2a: Kommo-o|[from] ability: Bulletproof\n|-zpower|p2a: Kommo-o\n|move|p2a: Kommo-o|Clangorous Soulblaze|p1a: Gengar|[zeffect]\n|-damage|p1a: Gengar|0 fnt\n|-start|p2a: Kommo-o|Disable|Clangorous Soulblaze|[from] ability: Cursed Body|[of] p1a: Gengar\n|faint|p1a: Gengar\n|-boost|p2a: Kommo-o|atk|1\n|-boost|p2a: Kommo-o|def|1\n|-boost|p2a: Kommo-o|spa|1\n|-boost|p2a: Kommo-o|spd|1\n|-boost|p2a: Kommo-o|spe|1\n|\n|upkeep\n|\n|t:|1700378341\n|switch|p1a: Landorus|Landorus-Therian, M|94\/100 tox\n|-ability|p1a: Landorus|Intimidate|boost\n|-unboost|p2a: Kommo-o|atk|1\n|turn|9\n|\n|t:|1700378348\n|switch|p1a: Mawile|Mawile, F|100\/100\n|-damage|p1a: Mawile|88\/100|[from] Spikes\n|-ability|p1a: Mawile|Intimidate|boost\n|-unboost|p2a: Kommo-o|atk|1\n|move|p2a: Kommo-o|Clanging Scales|p1a: Mawile\n|-immune|p1a: Mawile\n|\n|upkeep\n|turn|10\n|\n|t:|1700378358\n|detailschange|p1a: Mawile|Mawile-Mega, F\n|-mega|p1a: Mawile|Mawile|Mawilite\n|move|p2a: Kommo-o|Drain Punch|p1a: Mawile\n|-damage|p1a: Mawile|72\/100\n|move|p1a: Mawile|Play Rough|p2a: Kommo-o\n|-supereffective|p2a: Kommo-o\n|-damage|p2a: Kommo-o|0 fnt\n|faint|p2a: Kommo-o\n|\n|upkeep\n|\n|t:|1700378366\n|switch|p2a: Garganacl|Garganacl, F|100\/100\n|turn|11\n|\n|t:|1700378373\n|move|p1a: Mawile|Iron Head|p2a: Garganacl\n|-supereffective|p2a: Garganacl\n|-damage|p2a: Garganacl|17\/100\n|move|p2a: Garganacl|Iron Defense|p2a: Garganacl\n|-boost|p2a: Garganacl|def|2\n|\n|-heal|p2a: Garganacl|24\/100|[from] item: Leftovers\n|upkeep\n|turn|12\n|\n|t:|1700378378\n|move|p1a: Mawile|Iron Head|p2a: Garganacl\n|-supereffective|p2a: Garganacl\n|-damage|p2a: Garganacl|0 fnt\n|faint|p2a: Garganacl\n|\n|upkeep\n|\n|t:|1700378382\n|switch|p2a: Corviknight|Corviknight, M|100\/100\n|turn|13\n|\n|t:|1700378384\n|move|p2a: Corviknight|Iron Defense|p2a: Corviknight\n|-boost|p2a: Corviknight|def|2\n|move|p1a: Mawile|Swords Dance|p1a: Mawile\n|-boost|p1a: Mawile|atk|2\n|\n|upkeep\n|turn|14\n|\n|t:|1700378390\n|move|p2a: Corviknight|Iron Defense|p2a: Corviknight\n|-boost|p2a: Corviknight|def|2\n|move|p1a: Mawile|Swords Dance|p1a: Mawile\n|-boost|p1a: Mawile|atk|2\n|\n|upkeep\n|turn|15\n|\n|t:|1700378401\n|move|p1a: Mawile|Sucker Punch||[still]\n|-fail|p1a: Mawile\n|move|p2a: Corviknight|Iron Defense|p2a: Corviknight\n|-boost|p2a: Corviknight|def|2\n|\n|upkeep\n|turn|16\n|\n|t:|1700378418\n|switch|p1a: Landorus|Landorus-Therian, M|94\/100 tox\n|-ability|p1a: Landorus|Intimidate|boost\n|-ability|p2a: Corviknight|Mirror Armor\n|-unboost|p1a: Landorus|atk|1\n|move|p2a: Corviknight|Body Press|p1a: Landorus\n|-resisted|p1a: Landorus\n|-damage|p1a: Landorus|64\/100 tox\n|-damage|p2a: Corviknight|84\/100|[from] item: Rocky Helmet|[of] p1a: Landorus\n|\n|-heal|p2a: Corviknight|90\/100|[from] item: Leftovers\n|-damage|p1a: Landorus|58\/100 tox|[from] psn\n|upkeep\n|turn|17\n|\n|t:|1700378426\n|move|p1a: Landorus|Defog|p2a: Corviknight\n|-ability|p2a: Corviknight|Mirror Armor\n|-unboost|p1a: Landorus|evasion|1\n|-sideend|p1: udusadj|Spikes|[from] move: Defog|[of] p1a: Landorus\n|move|p2a: Corviknight|Iron Head|p1a: Landorus\n|-damage|p1a: Landorus|31\/100 tox\n|-damage|p2a: Corviknight|73\/100|[from] item: Rocky Helmet|[of] p1a: Landorus\n|\n|-heal|p2a: Corviknight|79\/100|[from] item: Leftovers\n|-damage|p1a: Landorus|19\/100 tox|[from] psn\n|upkeep\n|turn|18\n|\n|t:|1700378436\n|move|p1a: Landorus|Earthquake|p2a: Corviknight\n|-immune|p2a: Corviknight\n|move|p2a: Corviknight|Iron Head|p1a: Landorus\n|-damage|p1a: Landorus|0 fnt\n|-damage|p2a: Corviknight|63\/100|[from] item: Rocky Helmet|[of] p1a: Landorus\n|faint|p1a: Landorus\n|\n|-heal|p2a: Corviknight|69\/100|[from] item: Leftovers\n|upkeep\n|\n|t:|1700378439\n|switch|p1a: Volcarona|Volcarona, M|100\/100\n|turn|19\n|\n|t:|1700378444\n|move|p1a: Volcarona|Fiery Dance|p2a: Corviknight\n|-supereffective|p2a: Corviknight\n|-damage|p2a: Corviknight|0 fnt\n|faint|p2a: Corviknight\n|\n|upkeep\n|-message|The Critical God forfeited.\n|\n|win|udusadj\n|raw|udusadj's rating: 1000 &rarr; <strong>1041<\/strong><br \/>(+41 for winning)\n|raw|The Critical God's rating: 1006 &rarr; <strong>1000<\/strong><br \/>(-6 for losing)\n|l|\u203dThe Critical God\n","uploadtime":1700378460,"views":11,"p1id":"udusadj","p2id":"thecriticalgod","formatid":"gen9nationaldex","rating":1000,"private":0,"password":""}