{"id":"gen9nationaldex-1991377141","p1":"elvisma","p2":"salpicadura","format":"[Gen 9] National Dex","log":"|j|\u2606elvisma\n|j|\u2606salpicadura\n|t:|1700072042\n|gametype|singles\n|player|p1|elvisma|red-masters|1678\n|player|p2|salpicadura|fisherman-gen4|1635\n|teamsize|p1|6\n|teamsize|p2|6\n|gen|9\n|tier|[Gen 9] National Dex\n|rated|\n|rule|HP Percentage Mod: HP is shown in percentages\n|rule|Endless Battle Clause: Forcing endless battles is banned\n|rule|OHKO Clause: OHKO moves are banned\n|rule|Evasion Clause: Evasion abilities, items, and moves are banned\n|rule|Evasion Abilities Clause: Evasion abilities are banned\n|rule|Evasion Items Clause: Evasion items are banned\n|rule|Evasion Moves Clause: Evasion moves are banned\n|rule|Species Clause: Limit one of each Pok\u00e9mon\n|rule|Sleep Clause Mod: Limit one foe put to sleep\n|clearpoke\n|poke|p1|Azelf|\n|poke|p1|Charizard, F|\n|poke|p1|Ribombee, M|\n|poke|p1|Great Tusk|\n|poke|p1|Ogerpon-Wellspring, F|\n|poke|p1|Victini|\n|poke|p2|Ferrothorn, F|\n|poke|p2|Tapu Koko|\n|poke|p2|Garganacl, F|\n|poke|p2|Gliscor, F|\n|poke|p2|Samurott-Hisui, M|\n|poke|p2|Scizor, F|\n|teampreview\n|j| slobadd\n|inactive|Battle timer is ON: inactive players will automatically lose when time's up. (requested by salpicadura)\n|\n|t:|1700072059\n|start\n|switch|p1a: V create spam|Victini|100\/100\n|switch|p2a: Tapu Koko|Tapu Koko|100\/100\n|-fieldstart|move: Electric Terrain|[from] ability: Electric Surge|[of] p2a: Tapu Koko\n|turn|1\n|\n|t:|1700072063\n|switch|p2a: Garganacl|Garganacl, F|100\/100\n|-zpower|p1a: V create spam\n|move|p1a: V create spam|Z-Celebrate|p1a: V create spam|[anim]Celebrate\n|-boost|p1a: V create spam|atk|1|[zeffect]\n|-boost|p1a: V create spam|def|1|[zeffect]\n|-boost|p1a: V create spam|spa|1|[zeffect]\n|-boost|p1a: V create spam|spd|1|[zeffect]\n|-boost|p1a: V create spam|spe|1|[zeffect]\n|-activate|p1a: V create spam|move: Celebrate\n|\n|upkeep\n|turn|2\n|c|\u2606elvisma|salt man\n|\n|t:|1700072070\n|move|p1a: V create spam|Energy Ball|p2a: Garganacl\n|-supereffective|p2a: Garganacl\n|-damage|p2a: Garganacl|50\/100\n|move|p2a: Garganacl|Salt Cure|p1a: V create spam\n|-supereffective|p1a: V create spam\n|-damage|p1a: V create spam|82\/100\n|-start|p1a: V create spam|Salt Cure\n|\n|-heal|p2a: Garganacl|56\/100|[from] item: Leftovers\n|-damage|p1a: V create spam|70\/100|[from] Salt Cure\n|upkeep\n|turn|3\n|\n|t:|1700072077\n|move|p1a: V create spam|Stored Power|p2a: Garganacl\n|-damage|p2a: Garganacl|7\/100\n|move|p2a: Garganacl|Recover|p2a: Garganacl\n|-heal|p2a: Garganacl|57\/100\n|\n|-heal|p2a: Garganacl|63\/100|[from] item: Leftovers\n|-damage|p1a: V create spam|58\/100|[from] Salt Cure\n|upkeep\n|turn|4\n|\n|t:|1700072086\n|move|p1a: V create spam|Energy Ball|p2a: Garganacl\n|-supereffective|p2a: Garganacl\n|-damage|p2a: Garganacl|15\/100\n|move|p2a: Garganacl|Recover|p2a: Garganacl\n|-heal|p2a: Garganacl|65\/100\n|\n|-heal|p2a: Garganacl|71\/100|[from] item: Leftovers\n|-damage|p1a: V create spam|45\/100|[from] Salt Cure\n|upkeep\n|turn|5\n|\n|t:|1700072092\n|move|p1a: V create spam|Energy Ball|p2a: Garganacl\n|-supereffective|p2a: Garganacl\n|-damage|p2a: Garganacl|19\/100\n|move|p2a: Garganacl|Recover|p2a: Garganacl\n|-heal|p2a: Garganacl|69\/100\n|\n|-heal|p2a: Garganacl|75\/100|[from] item: Leftovers\n|-damage|p1a: V create spam|33\/100|[from] Salt Cure\n|-fieldend|move: Electric Terrain\n|upkeep\n|turn|6\n|l| slobadd\n|\n|t:|1700072097\n|move|p1a: V create spam|Energy Ball|p2a: Garganacl\n|-supereffective|p2a: Garganacl\n|-damage|p2a: Garganacl|25\/100\n|move|p2a: Garganacl|Recover|p2a: Garganacl\n|-heal|p2a: Garganacl|75\/100\n|\n|-heal|p2a: Garganacl|81\/100|[from] item: Leftovers\n|-damage|p1a: V create spam|21\/100|[from] Salt Cure\n|upkeep\n|turn|7\n|\n|t:|1700072100\n|move|p1a: V create spam|Energy Ball|p2a: Garganacl\n|-supereffective|p2a: Garganacl\n|-damage|p2a: Garganacl|25\/100\n|move|p2a: Garganacl|Salt Cure|p1a: V create spam\n|-supereffective|p1a: V create spam\n|-damage|p1a: V create spam|3\/100\n|\n|-heal|p2a: Garganacl|32\/100|[from] item: Leftovers\n|-damage|p1a: V create spam|0 fnt|[from] Salt Cure\n|faint|p1a: V create spam\n|upkeep\n|j| xsk123\n|\n|t:|1700072110\n|switch|p1a: TUSK SWEEP|Great Tusk|100\/100\n|-enditem|p1a: TUSK SWEEP|Booster Energy\n|-activate|p1a: TUSK SWEEP|ability: Protosynthesis|[fromitem]\n|-start|p1a: TUSK SWEEP|protosynthesisatk\n|turn|8\n|c|\u2606elvisma|big boi tussssk\n|inactive|salpicadura has 120 seconds left.\n|inactive|salpicadura has 90 seconds left.\n|inactive|salpicadura has 60 seconds left.\n|c|\u2606elvisma|ello you alive\n|\n|t:|1700072221\n|switch|p2a: Scizor|Scizor, F|100\/100\n|move|p1a: TUSK SWEEP|Rapid Spin|p2a: Scizor\n|-resisted|p2a: Scizor\n|-damage|p2a: Scizor|93\/100\n|-boost|p1a: TUSK SWEEP|spe|1\n|\n|upkeep\n|turn|9\n|\n|t:|1700072225\n|detailschange|p2a: Scizor|Scizor-Mega, F\n|-mega|p2a: Scizor|Scizor|Scizorite\n|move|p1a: TUSK SWEEP|Headlong Rush|p2a: Scizor\n|-damage|p2a: Scizor|45\/100\n|-unboost|p1a: TUSK SWEEP|def|1\n|-unboost|p1a: TUSK SWEEP|spd|1\n|move|p2a: Scizor|U-turn|p1a: TUSK SWEEP\n|-resisted|p1a: TUSK SWEEP\n|-damage|p1a: TUSK SWEEP|81\/100\n|\n|t:|1700072245\n|switch|p2a: Ferrothorn|Ferrothorn, F|100\/100|[from] U-turn\n|\n|upkeep\n|turn|10\n|\n|t:|1700072247\n|-terastallize|p2a: Ferrothorn|Water\n|move|p1a: TUSK SWEEP|Headlong Rush|p2a: Ferrothorn\n|-damage|p2a: Ferrothorn|44\/100\n|-unboost|p1a: TUSK SWEEP|def|1\n|-unboost|p1a: TUSK SWEEP|spd|1\n|-damage|p1a: TUSK SWEEP|69\/100|[from] ability: Iron Barbs|[of] p2a: Ferrothorn\n|move|p2a: Ferrothorn|Gyro Ball|p1a: TUSK SWEEP\n|-damage|p1a: TUSK SWEEP|0 fnt\n|faint|p1a: TUSK SWEEP\n|-end|p1a: TUSK SWEEP|Protosynthesis|[silent]\n|\n|-heal|p2a: Ferrothorn|50\/100|[from] item: Leftovers\n|upkeep\n|\n|t:|1700072256\n|switch|p1a: touchgrassdrinkH2O|Ogerpon-Wellspring, F|100\/100\n|turn|11\n|inactive|salpicadura has 60 seconds left.\n|\n|t:|1700072286\n|switch|p2a: Scizor|Scizor-Mega, F|45\/100\n|move|p1a: touchgrassdrinkH2O|Swords Dance|p1a: touchgrassdrinkH2O\n|-boost|p1a: touchgrassdrinkH2O|atk|2\n|\n|upkeep\n|turn|12\n|\n|t:|1700072289\n|move|p1a: touchgrassdrinkH2O|Ivy Cudgel|p2a: Scizor|[anim] Ivy Cudgel Water\n|-damage|p2a: Scizor|0 fnt\n|faint|p2a: Scizor\n|\n|upkeep\n|\n|t:|1700072292\n|switch|p2a: Tapu Koko|Tapu Koko|100\/100\n|-fieldstart|move: Electric Terrain|[from] ability: Electric Surge|[of] p2a: Tapu Koko\n|turn|13\n|inactive|salpicadura has 60 seconds left.\n|\n|t:|1700072305\n|move|p2a: Tapu Koko|Volt Switch|p1a: touchgrassdrinkH2O\n|-damage|p1a: touchgrassdrinkH2O|55\/100\n|c|\u2606elvisma|i can just horn leech anything\n|\n|t:|1700072307\n|switch|p2a: Ferrothorn|Ferrothorn, F, tera:Water|50\/100|[from] Volt Switch\n|move|p1a: touchgrassdrinkH2O|Horn Leech|p2a: Ferrothorn\n|-supereffective|p2a: Ferrothorn\n|-damage|p2a: Ferrothorn|0 fnt\n|-heal|p1a: touchgrassdrinkH2O|85\/100|[from] drain|[of] p2a: Ferrothorn\n|-damage|p1a: touchgrassdrinkH2O|72\/100|[from] ability: Iron Barbs|[of] p2a: Ferrothorn\n|faint|p2a: Ferrothorn\n|\n|upkeep\n|\n|t:|1700072309\n|switch|p2a: Tapu Koko|Tapu Koko|100\/100\n|turn|14\n|\n|t:|1700072313\n|move|p2a: Tapu Koko|Volt Switch|p1a: touchgrassdrinkH2O\n|-damage|p1a: touchgrassdrinkH2O|25\/100\n|\n|t:|1700072319\n|switch|p2a: Garganacl|Garganacl, F|32\/100|[from] Volt Switch\n|move|p1a: touchgrassdrinkH2O|Horn Leech|p2a: Garganacl\n|-supereffective|p2a: Garganacl\n|-damage|p2a: Garganacl|0 fnt\n|-heal|p1a: touchgrassdrinkH2O|46\/100|[from] drain|[of] p2a: Garganacl\n|faint|p2a: Garganacl\n|\n|upkeep\n|\n|t:|1700072321\n|switch|p2a: Tapu Koko|Tapu Koko|100\/100\n|turn|15\n|\n|t:|1700072324\n|switch|p1a: ZA BEE|Ribombee, M|100\/100\n|move|p2a: Tapu Koko|Thunderbolt|p1a: ZA BEE\n|-damage|p1a: ZA BEE|10\/100\n|\n|upkeep\n|turn|16\n|inactive|salpicadura has 90 seconds left.\n|\n|t:|1700072350\n|move|p2a: Tapu Koko|Thunderbolt|p1a: ZA BEE\n|-damage|p1a: ZA BEE|0 fnt\n|faint|p1a: ZA BEE\n|\n|upkeep\n|\n|t:|1700072354\n|switch|p1a: ampheros|Charizard, F|100\/100\n|turn|17\n|\n|t:|1700072376\n|detailschange|p1a: ampheros|Charizard-Mega-X, F\n|-mega|p1a: ampheros|Charizard|Charizardite X\n|move|p2a: Tapu Koko|Thunderbolt|p1a: ampheros\n|-resisted|p1a: ampheros\n|-damage|p1a: ampheros|69\/100\n|move|p1a: ampheros|Dragon Dance|p1a: ampheros\n|-boost|p1a: ampheros|atk|1\n|-boost|p1a: ampheros|spe|1\n|\n|-fieldend|move: Electric Terrain\n|upkeep\n|turn|18\n|\n|t:|1700072383\n|move|p1a: ampheros|Fire Punch|p2a: Tapu Koko\n|-damage|p2a: Tapu Koko|0 fnt\n|faint|p2a: Tapu Koko\n|\n|upkeep\n|\n|t:|1700072386\n|switch|p2a: Gliscor|Gliscor, F|100\/100\n|turn|19\n|\n|t:|1700072389\n|move|p1a: ampheros|Dragon Claw|p2a: Gliscor\n|-damage|p2a: Gliscor|39\/100\n|move|p2a: Gliscor|Earthquake|p1a: ampheros\n|-supereffective|p1a: ampheros\n|-damage|p1a: ampheros|0 fnt\n|faint|p1a: ampheros\n|\n|-status|p2a: Gliscor|tox|[from] item: Toxic Orb\n|upkeep\n|\n|t:|1700072393\n|switch|p1a: touchgrassdrinkH2O|Ogerpon-Wellspring, F|46\/100\n|turn|20\n|\n|t:|1700072397\n|move|p1a: touchgrassdrinkH2O|Ivy Cudgel|p2a: Gliscor|[anim] Ivy Cudgel Water\n|-supereffective|p2a: Gliscor\n|-damage|p2a: Gliscor|0 fnt\n|faint|p2a: Gliscor\n|\n|upkeep\n|\n|t:|1700072402\n|switch|p2a: Samurott|Samurott-Hisui, M|100\/100\n|turn|21\n|\n|t:|1700072406\n|move|p2a: Samurott|Sucker Punch|p1a: touchgrassdrinkH2O\n|-damage|p1a: touchgrassdrinkH2O|0 fnt\n|faint|p1a: touchgrassdrinkH2O\n|\n|upkeep\n|\n|t:|1700072408\n|switch|p1a: pls dont u-turn|Azelf|100\/100\n|turn|22\n|\n|t:|1700072415\n|-terastallize|p1a: pls dont u-turn|Electric\n|move|p2a: Samurott|Sucker Punch|p1a: pls dont u-turn\n|-damage|p1a: pls dont u-turn|45\/100\n|move|p1a: pls dont u-turn|Thunderbolt|p2a: Samurott\n|-supereffective|p2a: Samurott\n|-damage|p2a: Samurott|13\/100\n|\n|upkeep\n|turn|23\n|c|\u2606elvisma|its sashed\n|c|\u2606elvisma|isnt it\n|c|\u2606salpicadura|gg\n|c|\u2606elvisma|no\n|c|\u2606elvisma|wtf\n|c|\u2606elvisma|is that\n|c|\u2606elvisma|asssult vest\n|c|\u2606elvisma|or just spd\n|c|\u2606salpicadura|yeah\n|c|\u2606salpicadura|av\n|c|\u2606elvisma|dam\n|\n|t:|1700072443\n|move|p2a: Samurott|Sucker Punch|p1a: pls dont u-turn\n|-crit|p1a: pls dont u-turn\n|-damage|p1a: pls dont u-turn|0 fnt\n|faint|p1a: pls dont u-turn\n|\n|win|salpicadura\n|raw|elvisma's rating: 1678 &rarr; <strong>1656<\/strong><br \/>(-22 for losing)\n|raw|salpicadura's rating: 1635 &rarr; <strong>1657<\/strong><br \/>(+22 for winning)\n","uploadtime":1700072447,"views":4,"p1id":"elvisma","p2id":"salpicadura","formatid":"gen9nationaldex","rating":1656,"private":0,"password":""}