{"id":"gen9nationaldex-1997944450","p1":"KingProdG","p2":"SeanboyQ","format":"[Gen 9] National Dex","log":"|html|<div class=\"broadcast-blue\"><strong>[Gen 9] National Dex is currently suspecting Sneasler! For information on how to participate check out the <a href=\"https:\/\/www.smogon.com\/forums\/threads\/sv-national-dex-suspect-8-just-dance.3731534\/\">suspect thread<\/a>.<\/strong><\/div>\n|j|\u2606KingProdG\n|j|\u2606SeanboyQ\n|t:|1700870455\n|gametype|singles\n|player|p1|KingProdG|biker-gen4|1137\n|player|p2|SeanboyQ|1|1200\n|teamsize|p1|6\n|teamsize|p2|6\n|gen|9\n|tier|[Gen 9] National Dex\n|rated|\n|rule|HP Percentage Mod: HP is shown in percentages\n|rule|Endless Battle Clause: Forcing endless battles is banned\n|rule|OHKO Clause: OHKO moves are banned\n|rule|Evasion Clause: Evasion abilities, items, and moves are banned\n|rule|Evasion Abilities Clause: Evasion abilities are banned\n|rule|Evasion Items Clause: Evasion items are banned\n|rule|Evasion Moves Clause: Evasion moves are banned\n|rule|Species Clause: Limit one of each Pok\u00e9mon\n|rule|Sleep Clause Mod: Limit one foe put to sleep\n|clearpoke\n|poke|p1|Banette, M|\n|poke|p1|Espeon, F|\n|poke|p1|Greninja-*, M|\n|poke|p1|Tapu Koko|\n|poke|p1|Snorlax, F|\n|poke|p1|Arctovish|\n|poke|p2|Slither Wing|\n|poke|p2|Glimmora, F|\n|poke|p2|Urshifu-*, F|\n|poke|p2|Hoopa-Unbound|\n|poke|p2|Sableye, M|\n|poke|p2|Kartana|\n|teampreview\n|\n|t:|1700870466\n|start\n|switch|p1a: Greninja|Greninja, M|100\/100\n|switch|p2a: Glimmora|Glimmora, F|100\/100\n|turn|1\n|\n|t:|1700870481\n|move|p1a: Greninja|Water Shuriken|p2a: Glimmora\n|-supereffective|p2a: Glimmora\n|-damage|p2a: Glimmora|78\/100\n|-supereffective|p2a: Glimmora\n|-damage|p2a: Glimmora|59\/100\n|-hitcount|p2a: Glimmora|2\n|move|p2a: Glimmora|Stealth Rock|p1a: Greninja\n|-sidestart|p1: KingProdG|move: Stealth Rock\n|\n|upkeep\n|turn|2\n|\n|t:|1700870497\n|-terastallize|p2a: Glimmora|Grass\n|move|p1a: Greninja|Spikes|p2a: Glimmora\n|-sidestart|p2: SeanboyQ|Spikes\n|move|p2a: Glimmora|Energy Ball|p1a: Greninja\n|-supereffective|p1a: Greninja\n|-damage|p1a: Greninja|0 fnt\n|faint|p1a: Greninja\n|\n|upkeep\n|\n|t:|1700870505\n|switch|p1a: Banette|Banette, M|100\/100\n|-damage|p1a: Banette|88\/100|[from] Stealth Rock\n|-item|p2a: Glimmora|Focus Sash|[from] ability: Frisk|[of] p1a: Banette|[identify]\n|turn|3\n|\n|t:|1700870510\n|detailschange|p1a: Banette|Banette-Mega, M\n|-mega|p1a: Banette|Banette|Banettite\n|move|p1a: Banette|Calm Mind|p1a: Banette\n|-boost|p1a: Banette|spa|1\n|-boost|p1a: Banette|spd|1\n|move|p2a: Glimmora|Mortal Spin|p1a: Banette\n|-resisted|p1a: Banette\n|-damage|p1a: Banette|85\/100\n|-status|p1a: Banette|psn\n|-sideend|p2: SeanboyQ|Spikes|[from] move: Mortal Spin|[of] p2a: Glimmora\n|\n|-damage|p1a: Banette|73\/100 psn|[from] psn\n|upkeep\n|turn|4\n|\n|t:|1700870522\n|move|p1a: Banette|Curse|p2a: Glimmora\n|-start|p2a: Glimmora|Curse|[of] p1a: Banette\n|-damage|p1a: Banette|23\/100 psn\n|move|p2a: Glimmora|Energy Ball|p1a: Banette\n|-damage|p1a: Banette|0 fnt\n|faint|p1a: Banette\n|\n|-damage|p2a: Glimmora|34\/100|[from] Curse\n|upkeep\n|\n|t:|1700870530\n|switch|p1a: Arctovish|Arctovish, shiny|100\/100\n|-damage|p1a: Arctovish|76\/100|[from] Stealth Rock\n|turn|5\n|\n|t:|1700870534\n|move|p2a: Glimmora|Energy Ball|p1a: Arctovish\n|-supereffective|p1a: Arctovish\n|-damage|p1a: Arctovish|0 fnt\n|faint|p1a: Arctovish\n|\n|-damage|p2a: Glimmora|9\/100|[from] Curse\n|upkeep\n|\n|t:|1700870541\n|switch|p1a: Snorlax|Snorlax, F|100\/100\n|-damage|p1a: Snorlax|88\/100|[from] Stealth Rock\n|turn|6\n|\n|t:|1700870545\n|move|p2a: Glimmora|Energy Ball|p1a: Snorlax\n|-damage|p1a: Snorlax|62\/100\n|move|p1a: Snorlax|Curse|p1a: Snorlax\n|-unboost|p1a: Snorlax|spe|1\n|-boost|p1a: Snorlax|atk|1\n|-boost|p1a: Snorlax|def|1\n|\n|-damage|p2a: Glimmora|0 fnt|[from] Curse\n|faint|p2a: Glimmora\n|upkeep\n|\n|t:|1700870554\n|switch|p2a: Slither Wing|Slither Wing|100\/100\n|turn|7\n|\n|t:|1700870563\n|move|p2a: Slither Wing|Will-O-Wisp|p1a: Snorlax\n|-status|p1a: Snorlax|brn\n|-zpower|p1a: Snorlax\n|move|p1a: Snorlax|Pulverizing Pancake|p2a: Slither Wing|[zeffect]\n|-damage|p2a: Slither Wing|24\/100\n|\n|-damage|p1a: Snorlax|56\/100 brn|[from] brn\n|upkeep\n|turn|8\n|\n|t:|1700870573\n|move|p2a: Slither Wing|Close Combat|p1a: Snorlax\n|-supereffective|p1a: Snorlax\n|-damage|p1a: Snorlax|0 fnt\n|-unboost|p2a: Slither Wing|def|1\n|-unboost|p2a: Slither Wing|spd|1\n|faint|p1a: Snorlax\n|\n|upkeep\n|\n|t:|1700870577\n|switch|p1a: Espeon|Espeon, F|100\/100\n|-damage|p1a: Espeon|88\/100|[from] Stealth Rock\n|turn|9\n|\n|t:|1700870583\n|move|p1a: Espeon|Shadow Ball|p2a: Slither Wing\n|-damage|p2a: Slither Wing|0 fnt\n|faint|p2a: Slither Wing\n|-end|p2a: Slither Wing|Protosynthesis|[silent]\n|\n|-heal|p1a: Espeon|94\/100|[from] item: Leftovers\n|upkeep\n|\n|t:|1700870590\n|switch|p2a: Sableye|Sableye, M|100\/100\n|turn|10\n|\n|t:|1700870595\n|detailschange|p2a: Sableye|Sableye-Mega, M\n|-mega|p2a: Sableye|Sableye|Sablenite\n|move|p1a: Espeon|Mud-Slap|p2a: Sableye\n|-damage|p2a: Sableye|94\/100\n|-unboost|p2a: Sableye|accuracy|1\n|move|p2a: Sableye|Knock Off|p1a: Espeon\n|-supereffective|p1a: Espeon\n|-damage|p1a: Espeon|0 fnt\n|-enditem|p1a: Espeon|Leftovers|[from] move: Knock Off|[of] p2a: Sableye\n|faint|p1a: Espeon\n|\n|upkeep\n|\n|t:|1700870601\n|switch|p1a: Tapu Koko|Tapu Koko|100\/100\n|-damage|p1a: Tapu Koko|88\/100|[from] Stealth Rock\n|-fieldstart|move: Electric Terrain|[from] ability: Electric Surge|[of] p1a: Tapu Koko\n|turn|11\n|\n|t:|1700870608\n|move|p1a: Tapu Koko|Iron Defense|p1a: Tapu Koko\n|-boost|p1a: Tapu Koko|def|2\n|move|p2a: Sableye|Toxic|p1a: Tapu Koko|[miss]\n|-miss|p2a: Sableye|p1a: Tapu Koko\n|\n|upkeep\n|turn|12\n|\n|t:|1700870614\n|move|p1a: Tapu Koko|Dazzling Gleam|p2a: Sableye\n|-supereffective|p2a: Sableye\n|-damage|p2a: Sableye|21\/100\n|move|p2a: Sableye|Toxic|p1a: Tapu Koko|[miss]\n|-miss|p2a: Sableye|p1a: Tapu Koko\n|\n|upkeep\n|turn|13\n|\n|t:|1700870619\n|move|p1a: Tapu Koko|Dazzling Gleam|p2a: Sableye\n|-supereffective|p2a: Sableye\n|-damage|p2a: Sableye|0 fnt\n|faint|p2a: Sableye\n|\n|upkeep\n|\n|t:|1700870627\n|switch|p2a: Kartana|Kartana|100\/100\n|turn|14\n|\n|t:|1700870637\n|-terastallize|p1a: Tapu Koko|Steel\n|move|p2a: Kartana|Smart Strike|p1a: Tapu Koko\n|-resisted|p1a: Tapu Koko\n|-damage|p1a: Tapu Koko|72\/100\n|-damage|p2a: Kartana|84\/100|[from] item: Rocky Helmet|[of] p1a: Tapu Koko\n|move|p1a: Tapu Koko|Sky Drop||[still]\n|-prepare|p1a: Tapu Koko|Sky Drop|p2a: Kartana\n|\n|upkeep\n|turn|15\n|\n|t:|1700870645\n|move|p1a: Tapu Koko|Sky Drop|p2a: Kartana|[from]lockedmove\n|-damage|p2a: Kartana|68\/100\n|-end|p2a: Kartana|Sky Drop\n|\n|-fieldend|move: Electric Terrain\n|upkeep\n|turn|16\n|\n|t:|1700870654\n|switch|p2a: Hoopa|Hoopa-Unbound|100\/100\n|move|p1a: Tapu Koko|Dazzling Gleam|p2a: Hoopa\n|-supereffective|p2a: Hoopa\n|-damage|p2a: Hoopa|46\/100\n|\n|-heal|p2a: Hoopa|52\/100|[from] item: Leftovers\n|upkeep\n|turn|17\n|\n|t:|1700870663\n|move|p1a: Tapu Koko|Dazzling Gleam|p2a: Hoopa\n|-supereffective|p2a: Hoopa\n|-damage|p2a: Hoopa|0 fnt\n|faint|p2a: Hoopa\n|\n|upkeep\n|\n|t:|1700870667\n|switch|p2a: Urshifu|Urshifu-Rapid-Strike, F|100\/100\n|turn|18\n|\n|t:|1700870673\n|move|p1a: Tapu Koko|Dazzling Gleam|p2a: Urshifu\n|-supereffective|p2a: Urshifu\n|-damage|p2a: Urshifu|0 fnt\n|faint|p2a: Urshifu\n|\n|upkeep\n|\n|t:|1700870676\n|switch|p2a: Kartana|Kartana|68\/100\n|turn|19\n|\n|t:|1700870684\n|move|p2a: Kartana|Sacred Sword|p1a: Tapu Koko\n|-supereffective|p1a: Tapu Koko\n|-damage|p1a: Tapu Koko|0 fnt\n|-damage|p2a: Kartana|51\/100|[from] item: Rocky Helmet|[of] p1a: Tapu Koko\n|faint|p1a: Tapu Koko\n|\n|win|SeanboyQ\n|raw|KingProdG's rating: 1137 &rarr; <strong>1116<\/strong><br \/>(-21 for losing)\n|raw|SeanboyQ's rating: 1200 &rarr; <strong>1221<\/strong><br \/>(+21 for winning)\n|l|\u2606KingProdG\n","uploadtime":1700870698,"views":1,"p1id":"kingprodg","p2id":"seanboyq","formatid":"gen9nationaldex","rating":1116,"private":0,"password":""}