{"id":"gen9nationaldex-1990678546","p1":"Chili D Dewd","p2":"DrivingPrune1","format":"[Gen 9] National Dex","log":"|j|\u2606Chili D Dewd\n|j|\u2606DrivingPrune1\n|t:|1699991074\n|gametype|singles\n|player|p1|Chili D Dewd|flint|1503\n|player|p2|DrivingPrune1|265|1564\n|teamsize|p1|6\n|teamsize|p2|6\n|gen|9\n|tier|[Gen 9] National Dex\n|rated|\n|rule|HP Percentage Mod: HP is shown in percentages\n|rule|Endless Battle Clause: Forcing endless battles is banned\n|rule|OHKO Clause: OHKO moves are banned\n|rule|Evasion Clause: Evasion abilities, items, and moves are banned\n|rule|Evasion Abilities Clause: Evasion abilities are banned\n|rule|Evasion Items Clause: Evasion items are banned\n|rule|Evasion Moves Clause: Evasion moves are banned\n|rule|Species Clause: Limit one of each Pok\u00e9mon\n|rule|Sleep Clause Mod: Limit one foe put to sleep\n|clearpoke\n|poke|p1|Scovillain, F|\n|poke|p1|Torkoal, M|\n|poke|p1|Great Tusk|\n|poke|p1|Houndoom, F|\n|poke|p1|Tapu Lele|\n|poke|p1|Rotom-Wash|\n|poke|p2|Gliscor, F|\n|poke|p2|Garganacl, M|\n|poke|p2|Blissey, F|\n|poke|p2|Dondozo, M|\n|poke|p2|Corviknight, M|\n|poke|p2|Toxapex, F|\n|teampreview\n|inactive|Battle timer is ON: inactive players will automatically lose when time's up. (requested by DrivingPrune1)\n|\n|t:|1699991089\n|start\n|switch|p1a: Torkoal|Torkoal, M|100\/100\n|switch|p2a: Garganacl|Garganacl, M|100\/100\n|-weather|SunnyDay|[from] ability: Drought|[of] p1a: Torkoal\n|turn|1\n|\n|t:|1699991092\n|move|p2a: Garganacl|Salt Cure|p1a: Torkoal\n|-supereffective|p1a: Torkoal\n|-damage|p1a: Torkoal|82\/100\n|-start|p1a: Torkoal|Salt Cure\n|move|p1a: Torkoal|Stealth Rock|p2a: Garganacl\n|-sidestart|p2: DrivingPrune1|move: Stealth Rock\n|\n|-weather|SunnyDay|[upkeep]\n|-damage|p1a: Torkoal|70\/100|[from] Salt Cure\n|upkeep\n|turn|2\n|\n|t:|1699991094\n|switch|p1a: Tapu Lele|Tapu Lele|100\/100\n|-fieldstart|move: Psychic Terrain|[from] ability: Psychic Surge|[of] p1a: Tapu Lele\n|move|p2a: Garganacl|Stealth Rock|p1a: Tapu Lele\n|-sidestart|p1: Chili D Dewd|move: Stealth Rock\n|\n|-weather|SunnyDay|[upkeep]\n|upkeep\n|turn|3\n|\n|t:|1699991096\n|move|p2a: Garganacl|Protect|p2a: Garganacl\n|-singleturn|p2a: Garganacl|Protect\n|move|p1a: Tapu Lele|Future Sight|p2a: Garganacl\n|-start|p1a: Tapu Lele|move: Future Sight\n|\n|-weather|SunnyDay|[upkeep]\n|upkeep\n|turn|4\n|\n|t:|1699991099\n|switch|p1a: Great Tusk|Great Tusk|100\/100\n|-damage|p1a: Great Tusk|98\/100|[from] Stealth Rock\n|-activate|p1a: Great Tusk|ability: Protosynthesis\n|-start|p1a: Great Tusk|protosynthesisatk\n|move|p2a: Garganacl|Salt Cure|p1a: Great Tusk\n|-resisted|p1a: Great Tusk\n|-damage|p1a: Great Tusk|95\/100\n|-start|p1a: Great Tusk|Salt Cure\n|\n|-weather|SunnyDay|[upkeep]\n|-damage|p1a: Great Tusk|83\/100|[from] Salt Cure\n|upkeep\n|turn|5\n|\n|t:|1699991103\n|switch|p2a: Corviknight|Corviknight, M|100\/100\n|-ability|p2a: Corviknight|Pressure\n|move|p1a: Great Tusk|Rapid Spin|p2a: Corviknight\n|-resisted|p2a: Corviknight\n|-damage|p2a: Corviknight|93\/100\n|-boost|p1a: Great Tusk|spe|1\n|-sideend|p1: Chili D Dewd|Stealth Rock|[from] move: Rapid Spin|[of] p1a: Great Tusk\n|\n|-weather|SunnyDay|[upkeep]\n|-end|p2a: Corviknight|move: Future Sight\n|-resisted|p2a: Corviknight\n|-damage|p2a: Corviknight|56\/100\n|-damage|p1a: Great Tusk|70\/100|[from] Salt Cure\n|upkeep\n|turn|6\n|\n|t:|1699991108\n|-zpower|p1a: Great Tusk\n|move|p1a: Great Tusk|Subzero Slammer|p2a: Corviknight|[zeffect]\n|-damage|p2a: Corviknight|11\/100\n|move|p2a: Corviknight|Roost|p2a: Corviknight\n|-heal|p2a: Corviknight|61\/100\n|-singleturn|p2a: Corviknight|move: Roost\n|\n|-weather|SunnyDay|[upkeep]\n|-damage|p1a: Great Tusk|58\/100|[from] Salt Cure\n|-fieldend|move: Psychic Terrain\n|upkeep\n|turn|7\n|\n|t:|1699991111\n|move|p1a: Great Tusk|Close Combat|p2a: Corviknight\n|-damage|p2a: Corviknight|10\/100\n|-unboost|p1a: Great Tusk|def|1\n|-unboost|p1a: Great Tusk|spd|1\n|move|p2a: Corviknight|Roost|p2a: Corviknight\n|-heal|p2a: Corviknight|60\/100\n|-singleturn|p2a: Corviknight|move: Roost\n|\n|-weather|SunnyDay|[upkeep]\n|-damage|p1a: Great Tusk|46\/100|[from] Salt Cure\n|upkeep\n|turn|8\n|\n|t:|1699991120\n|-end|p1a: Great Tusk|Protosynthesis|[silent]\n|switch|p1a: Rotom|Rotom-Wash|100\/100\n|move|p2a: Corviknight|Roost|p2a: Corviknight\n|-heal|p2a: Corviknight|100\/100\n|-singleturn|p2a: Corviknight|move: Roost\n|\n|-weather|none\n|upkeep\n|turn|9\n|\n|t:|1699991126\n|switch|p2a: Gliscor|Gliscor, F|100\/100\n|-damage|p2a: Gliscor|88\/100|[from] Stealth Rock\n|move|p1a: Rotom|Volt Switch|p2a: Gliscor\n|-immune|p2a: Gliscor\n|\n|-status|p2a: Gliscor|tox|[from] item: Toxic Orb\n|upkeep\n|turn|10\n|\n|t:|1699991129\n|move|p2a: Gliscor|Protect|p2a: Gliscor\n|-singleturn|p2a: Gliscor|Protect\n|move|p1a: Rotom|Hydro Pump|p2a: Gliscor\n|-activate|p2a: Gliscor|move: Protect\n|\n|-heal|p2a: Gliscor|100\/100 tox|[from] ability: Poison Heal\n|upkeep\n|turn|11\n|\n|t:|1699991132\n|switch|p2a: Blissey|Blissey, F|100\/100\n|switch|p1a: Torkoal|Torkoal, M|70\/100\n|-weather|SunnyDay|[from] ability: Drought|[of] p1a: Torkoal\n|\n|-weather|SunnyDay|[upkeep]\n|upkeep\n|turn|12\n|\n|t:|1699991138\n|switch|p1a: Rotom|Rotom-Wash|100\/100\n|move|p2a: Blissey|Toxic|p1a: Rotom\n|-status|p1a: Rotom|tox\n|\n|-weather|SunnyDay|[upkeep]\n|-damage|p1a: Rotom|95\/100 tox|[from] psn\n|upkeep\n|turn|13\n|\n|t:|1699991140\n|switch|p1a: Houndoom|Houndoom, F|100\/100\n|move|p2a: Blissey|Seismic Toss|p1a: Houndoom\n|-damage|p1a: Houndoom|66\/100\n|\n|-weather|SunnyDay|[upkeep]\n|upkeep\n|turn|14\n|\n|t:|1699991143\n|move|p2a: Blissey|Protect|p2a: Blissey\n|-singleturn|p2a: Blissey|Protect\n|move|p1a: Houndoom|Nasty Plot|p1a: Houndoom\n|-boost|p1a: Houndoom|spa|2\n|\n|-weather|SunnyDay|[upkeep]\n|upkeep\n|turn|15\n|c|\u2606Chili D Dewd|Does EVERYTHING have protect?\n|\n|t:|1699991162\n|detailschange|p1a: Houndoom|Houndoom-Mega, F\n|-mega|p1a: Houndoom|Houndoom|Houndoominite\n|move|p1a: Houndoom|Flamethrower|p2a: Blissey\n|-damage|p2a: Blissey|17\/100\n|move|p2a: Blissey|Wish|p2a: Blissey\n|\n|-weather|SunnyDay|[upkeep]\n|-damage|p1a: Houndoom|54\/100|[from] ability: Solar Power|[of] p1a: Houndoom\n|upkeep\n|turn|16\n|\n|t:|1699991168\n|move|p2a: Blissey|Protect|p2a: Blissey\n|-singleturn|p2a: Blissey|Protect\n|move|p1a: Houndoom|Flame Charge|p2a: Blissey\n|-activate|p2a: Blissey|move: Protect\n|\n|-weather|SunnyDay|[upkeep]\n|-damage|p1a: Houndoom|41\/100|[from] ability: Solar Power|[of] p1a: Houndoom\n|-heal|p2a: Blissey|67\/100|[from] move: Wish|[wisher] Blissey\n|upkeep\n|turn|17\n|\n|t:|1699991174\n|switch|p2a: Toxapex|Toxapex, F|100\/100\n|move|p1a: Houndoom|Flamethrower|p2a: Toxapex\n|-resisted|p2a: Toxapex\n|-damage|p2a: Toxapex|6\/100\n|\n|-weather|SunnyDay|[upkeep]\n|-damage|p1a: Houndoom|29\/100|[from] ability: Solar Power|[of] p1a: Houndoom\n|upkeep\n|turn|18\n|\n|t:|1699991179\n|switch|p2a: Garganacl|Garganacl, M|100\/100\n|-damage|p2a: Garganacl|88\/100|[from] Stealth Rock\n|move|p1a: Houndoom|Dark Pulse|p2a: Garganacl\n|-damage|p2a: Garganacl|0 fnt\n|faint|p2a: Garganacl\n|\n|-weather|none\n|upkeep\n|\n|t:|1699991183\n|switch|p2a: Blissey|Blissey, F|67\/100\n|turn|19\n|\n|t:|1699991186\n|move|p1a: Houndoom|Flamethrower|p2a: Blissey\n|-damage|p2a: Blissey|32\/100\n|move|p2a: Blissey|Wish|p2a: Blissey\n|\n|upkeep\n|turn|20\n|\n|t:|1699991190\n|move|p2a: Blissey|Protect|p2a: Blissey\n|-singleturn|p2a: Blissey|Protect\n|move|p1a: Houndoom|Nasty Plot|p1a: Houndoom\n|-boost|p1a: Houndoom|spa|2\n|\n|-heal|p2a: Blissey|82\/100|[from] move: Wish|[wisher] Blissey\n|upkeep\n|turn|21\n|\n|t:|1699991193\n|move|p1a: Houndoom|Flamethrower|p2a: Blissey\n|-damage|p2a: Blissey|30\/100\n|move|p2a: Blissey|Seismic Toss|p1a: Houndoom\n|-damage|p1a: Houndoom|0 fnt\n|faint|p1a: Houndoom\n|\n|upkeep\n|\n|t:|1699991198\n|switch|p1a: Torkoal|Torkoal, M|70\/100\n|-weather|SunnyDay|[from] ability: Drought|[of] p1a: Torkoal\n|turn|22\n|\n|t:|1699991202\n|move|p2a: Blissey|Wish|p2a: Blissey\n|move|p1a: Torkoal|Body Press|p2a: Blissey\n|-supereffective|p2a: Blissey\n|-damage|p2a: Blissey|0 fnt\n|faint|p2a: Blissey\n|\n|-weather|SunnyDay|[upkeep]\n|upkeep\n|\n|t:|1699991209\n|switch|p2a: Gliscor|Gliscor, F|100\/100 tox\n|-damage|p2a: Gliscor|88\/100 tox|[from] Stealth Rock\n|turn|23\n|\n|t:|1699991212\n|switch|p1a: Great Tusk|Great Tusk|46\/100\n|-activate|p1a: Great Tusk|ability: Protosynthesis\n|-start|p1a: Great Tusk|protosynthesisatk\n|move|p2a: Gliscor|Earthquake|p1a: Great Tusk\n|-damage|p1a: Great Tusk|21\/100\n|\n|-weather|SunnyDay|[upkeep]\n|-heal|p2a: Gliscor|100\/100 tox|[from] move: Wish|[wisher] Blissey\n|upkeep\n|turn|24\n|\n|t:|1699991215\n|move|p1a: Great Tusk|Ice Spinner|p2a: Gliscor\n|-supereffective|p2a: Gliscor\n|-damage|p2a: Gliscor|10\/100 tox\n|move|p2a: Gliscor|Earthquake|p1a: Great Tusk\n|-damage|p1a: Great Tusk|0 fnt\n|faint|p1a: Great Tusk\n|-end|p1a: Great Tusk|Protosynthesis|[silent]\n|\n|-weather|SunnyDay|[upkeep]\n|-heal|p2a: Gliscor|23\/100 tox|[from] ability: Poison Heal\n|upkeep\n|\n|t:|1699991218\n|switch|p1a: Scovillain|Scovillain, F|100\/100\n|turn|25\n|\n|t:|1699991224\n|move|p1a: Scovillain|Growth|p1a: Scovillain\n|-boost|p1a: Scovillain|atk|2\n|-boost|p1a: Scovillain|spa|2\n|move|p2a: Gliscor|Knock Off|p1a: Scovillain\n|-damage|p1a: Scovillain|55\/100\n|-enditem|p1a: Scovillain|Life Orb|[from] move: Knock Off|[of] p2a: Gliscor\n|\n|-weather|SunnyDay|[upkeep]\n|-heal|p2a: Gliscor|35\/100 tox|[from] ability: Poison Heal\n|upkeep\n|turn|26\n|\n|t:|1699991227\n|move|p1a: Scovillain|Giga Drain|p2a: Gliscor\n|-damage|p2a: Gliscor|0 fnt\n|-heal|p1a: Scovillain|78\/100|[from] drain|[of] p2a: Gliscor\n|faint|p2a: Gliscor\n|\n|-weather|SunnyDay|[upkeep]\n|upkeep\n|\n|t:|1699991232\n|switch|p2a: Dondozo|Dondozo, M|100\/100\n|turn|27\n|\n|t:|1699991234\n|-terastallize|p2a: Dondozo|Dragon\n|move|p1a: Scovillain|Giga Drain|p2a: Dondozo\n|-resisted|p2a: Dondozo\n|-damage|p2a: Dondozo|84\/100\n|-heal|p1a: Scovillain|93\/100|[from] drain|[of] p2a: Dondozo\n|move|p2a: Dondozo|Body Press|p1a: Scovillain\n|-damage|p1a: Scovillain|33\/100\n|\n|-weather|SunnyDay|[upkeep]\n|upkeep\n|turn|28\n|\n|t:|1699991237\n|switch|p1a: Tapu Lele|Tapu Lele|100\/100\n|-fieldstart|move: Psychic Terrain|[from] ability: Psychic Surge|[of] p1a: Tapu Lele\n|move|p2a: Dondozo|Body Press|p1a: Tapu Lele\n|-resisted|p1a: Tapu Lele\n|-damage|p1a: Tapu Lele|91\/100\n|\n|-weather|SunnyDay|[upkeep]\n|upkeep\n|turn|29\n|\n|t:|1699991240\n|switch|p2a: Corviknight|Corviknight, M|100\/100\n|-ability|p2a: Corviknight|Pressure\n|move|p1a: Tapu Lele|Moonblast|p2a: Corviknight\n|-resisted|p2a: Corviknight\n|-crit|p2a: Corviknight\n|-damage|p2a: Corviknight|65\/100\n|\n|-weather|none\n|upkeep\n|turn|30\n|\n|t:|1699991243\n|switch|p1a: Torkoal|Torkoal, M|70\/100\n|-weather|SunnyDay|[from] ability: Drought|[of] p1a: Torkoal\n|move|p2a: Corviknight|Roost|p2a: Corviknight\n|-heal|p2a: Corviknight|100\/100\n|-singleturn|p2a: Corviknight|move: Roost\n|\n|-weather|SunnyDay|[upkeep]\n|upkeep\n|turn|31\n|\n|t:|1699991249\n|switch|p2a: Toxapex|Toxapex, F|40\/100\n|switch|p1a: Rotom|Rotom-Wash|95\/100 tox\n|\n|-weather|SunnyDay|[upkeep]\n|-heal|p1a: Rotom|100\/100 tox|[from] item: Leftovers\n|-damage|p1a: Rotom|95\/100 tox|[from] psn\n|upkeep\n|turn|32\n|\n|t:|1699991254\n|switch|p2a: Dondozo|Dondozo, M, tera:Dragon|84\/100\n|move|p1a: Rotom|Volt Switch|p2a: Dondozo\n|-resisted|p2a: Dondozo\n|-damage|p2a: Dondozo|73\/100\n|\n|t:|1699991256\n|switch|p1a: Tapu Lele|Tapu Lele|91\/100|[from] Volt Switch\n|\n|-weather|SunnyDay|[upkeep]\n|-fieldend|move: Psychic Terrain\n|upkeep\n|turn|33\n|\n|t:|1699991260\n|switch|p2a: Toxapex|Toxapex, F|73\/100\n|move|p1a: Tapu Lele|Future Sight|p2a: Toxapex\n|-start|p1a: Tapu Lele|move: Future Sight\n|\n|-weather|SunnyDay|[upkeep]\n|upkeep\n|turn|34\n|\n|t:|1699991263\n|switch|p1a: Rotom|Rotom-Wash|95\/100 tox\n|move|p2a: Toxapex|Toxic Spikes|p1a: Rotom\n|-sidestart|p1: Chili D Dewd|move: Toxic Spikes\n|\n|-weather|SunnyDay|[upkeep]\n|-heal|p1a: Rotom|100\/100 tox|[from] item: Leftovers\n|-damage|p1a: Rotom|95\/100 tox|[from] psn\n|upkeep\n|turn|35\n|\n|t:|1699991270\n|switch|p2a: Corviknight|Corviknight, M|100\/100\n|-ability|p2a: Corviknight|Pressure\n|move|p1a: Rotom|Defog|p2a: Corviknight\n|-unboost|p2a: Corviknight|evasion|1\n|-sideend|p2: DrivingPrune1|Stealth Rock|[from] move: Defog|[of] p1a: Rotom\n|-sideend|p1: Chili D Dewd|Toxic Spikes|[from] move: Defog|[of] p1a: Rotom\n|\n|-weather|SunnyDay|[upkeep]\n|-end|p2a: Corviknight|move: Future Sight\n|-resisted|p2a: Corviknight\n|-damage|p2a: Corviknight|72\/100\n|-heal|p1a: Rotom|100\/100 tox|[from] item: Leftovers\n|-damage|p1a: Rotom|89\/100 tox|[from] psn\n|upkeep\n|turn|36\n|\n|t:|1699991274\n|switch|p2a: Dondozo|Dondozo, M, tera:Dragon|73\/100\n|move|p1a: Rotom|Volt Switch|p2a: Dondozo\n|-resisted|p2a: Dondozo\n|-damage|p2a: Dondozo|62\/100\n|\n|t:|1699991276\n|switch|p1a: Tapu Lele|Tapu Lele|91\/100|[from] Volt Switch\n|-fieldstart|move: Psychic Terrain|[from] ability: Psychic Surge|[of] p1a: Tapu Lele\n|\n|-weather|SunnyDay|[upkeep]\n|upkeep\n|turn|37\n|-message|DrivingPrune1 forfeited.\n|\n|win|Chili D Dewd\n|raw|Chili D Dewd's rating: 1503 &rarr; <strong>1526<\/strong><br \/>(+23 for winning)\n|raw|DrivingPrune1's rating: 1564 &rarr; <strong>1541<\/strong><br \/>(-23 for losing)\n|l|\u2606DrivingPrune1\n","uploadtime":1699991288,"views":3,"p1id":"chiliddewd","p2id":"drivingprune1","formatid":"gen9nationaldex","rating":1526,"private":0,"password":""}