{"id":"gen9nationaldex-1994281583","p1":"Muk_pegajoso","p2":"ShinyScarfy","format":"[Gen 9] National Dex","log":"|j|\u2606Muk_pegajoso\n|j|\u2606ShinyScarfy\n|t:|1700426676\n|gametype|singles\n|player|p1|Muk_pegajoso|blue|1403\n|player|p2|ShinyScarfy|alec-anime|1439\n|teamsize|p1|6\n|teamsize|p2|6\n|gen|9\n|tier|[Gen 9] National Dex\n|rated|\n|rule|HP Percentage Mod: HP is shown in percentages\n|rule|Endless Battle Clause: Forcing endless battles is banned\n|rule|OHKO Clause: OHKO moves are banned\n|rule|Evasion Clause: Evasion abilities, items, and moves are banned\n|rule|Evasion Abilities Clause: Evasion abilities are banned\n|rule|Evasion Items Clause: Evasion items are banned\n|rule|Evasion Moves Clause: Evasion moves are banned\n|rule|Species Clause: Limit one of each Pok\u00e9mon\n|rule|Sleep Clause Mod: Limit one foe put to sleep\n|clearpoke\n|poke|p1|Hoopa-Unbound|\n|poke|p1|Volcanion|\n|poke|p1|Landorus-Therian, M|\n|poke|p1|Lopunny, F|\n|poke|p1|Tapu Fini|\n|poke|p1|Rotom-Wash|\n|poke|p2|Zoroark-Hisui, M|\n|poke|p2|Togekiss, F|\n|poke|p2|Samurott-Hisui, M|\n|poke|p2|Gliscor, M|\n|poke|p2|Lopunny, F|\n|poke|p2|Skarmory, M|\n|teampreview\n|inactive|Battle timer is ON: inactive players will automatically lose when time's up. (requested by ShinyScarfy)\n|\n|t:|1700426696\n|start\n|switch|p1a: Rotom|Rotom-Wash|100\/100\n|switch|p2a: Togekiss|Togekiss, F|100\/100\n|turn|1\n|\n|t:|1700426701\n|switch|p2a: Gliscor|Gliscor, M|100\/100\n|move|p1a: Rotom|Volt Switch|p2a: Gliscor\n|-immune|p2a: Gliscor\n|\n|-status|p2a: Gliscor|tox|[from] item: Toxic Orb\n|upkeep\n|turn|2\n|\n|t:|1700426719\n|switch|p2a: Samurott|Samurott-Hisui, M|100\/100\n|move|p1a: Rotom|Hydro Pump|p2a: Samurott\n|-resisted|p2a: Samurott\n|-damage|p2a: Samurott|66\/100\n|\n|upkeep\n|turn|3\n|\n|t:|1700426726\n|move|p2a: Samurott|Ceaseless Edge|p1a: Rotom\n|-damage|p1a: Rotom|38\/100\n|-sidestart|p1: Muk_pegajoso|Spikes\n|move|p1a: Rotom|Volt Switch|p2a: Samurott\n|-supereffective|p2a: Samurott\n|-damage|p2a: Samurott|0 fnt\n|faint|p2a: Samurott\n|\n|t:|1700426733\n|switch|p1a: Tapu Fini|Tapu Fini|100\/100|[from] Volt Switch\n|-damage|p1a: Tapu Fini|88\/100|[from] Spikes\n|-fieldstart|move: Misty Terrain|[from] ability: Misty Surge|[of] p1a: Tapu Fini\n|\n|-heal|p1a: Tapu Fini|94\/100|[from] item: Leftovers\n|upkeep\n|\n|t:|1700426747\n|switch|p2a: Togekiss|Togekiss, F|100\/100\n|turn|4\n|\n|t:|1700426756\n|move|p1a: Tapu Fini|Scald|p2a: Togekiss\n|-damage|p2a: Togekiss|75\/100\n|-status|p2a: Togekiss|brn\n|move|p2a: Togekiss|Draining Kiss|p1a: Tapu Fini\n|-damage|p1a: Tapu Fini|73\/100\n|-heal|p2a: Togekiss|93\/100 brn|[from] drain|[of] p1a: Tapu Fini\n|\n|-heal|p1a: Tapu Fini|79\/100|[from] item: Leftovers\n|-damage|p2a: Togekiss|87\/100 brn|[from] brn\n|upkeep\n|turn|5\n|\n|t:|1700426761\n|move|p1a: Tapu Fini|Calm Mind|p1a: Tapu Fini\n|-boost|p1a: Tapu Fini|spa|1\n|-boost|p1a: Tapu Fini|spd|1\n|move|p2a: Togekiss|Ancient Power|p1a: Tapu Fini\n|-damage|p1a: Tapu Fini|67\/100\n|-boost|p2a: Togekiss|atk|1\n|-boost|p2a: Togekiss|def|1\n|-boost|p2a: Togekiss|spa|1\n|-boost|p2a: Togekiss|spd|1\n|-boost|p2a: Togekiss|spe|1\n|\n|-heal|p1a: Tapu Fini|73\/100|[from] item: Leftovers\n|-damage|p2a: Togekiss|81\/100 brn|[from] brn\n|upkeep\n|turn|6\n|\n|t:|1700426767\n|move|p2a: Togekiss|Ancient Power|p1a: Tapu Fini\n|-damage|p1a: Tapu Fini|54\/100\n|-boost|p2a: Togekiss|atk|1\n|-boost|p2a: Togekiss|def|1\n|-boost|p2a: Togekiss|spa|1\n|-boost|p2a: Togekiss|spd|1\n|-boost|p2a: Togekiss|spe|1\n|move|p1a: Tapu Fini|Haze|p1a: Tapu Fini\n|-clearallboost\n|\n|-heal|p1a: Tapu Fini|60\/100|[from] item: Leftovers\n|-damage|p2a: Togekiss|74\/100 brn|[from] brn\n|upkeep\n|turn|7\n|\n|t:|1700426772\n|move|p1a: Tapu Fini|Calm Mind|p1a: Tapu Fini\n|-boost|p1a: Tapu Fini|spa|1\n|-boost|p1a: Tapu Fini|spd|1\n|move|p2a: Togekiss|Ancient Power|p1a: Tapu Fini\n|-damage|p1a: Tapu Fini|49\/100\n|-boost|p2a: Togekiss|atk|1\n|-boost|p2a: Togekiss|def|1\n|-boost|p2a: Togekiss|spa|1\n|-boost|p2a: Togekiss|spd|1\n|-boost|p2a: Togekiss|spe|1\n|\n|-heal|p1a: Tapu Fini|55\/100|[from] item: Leftovers\n|-damage|p2a: Togekiss|68\/100 brn|[from] brn\n|-fieldend|Misty Terrain\n|upkeep\n|turn|8\n|\n|t:|1700426777\n|move|p2a: Togekiss|Tri Attack|p1a: Tapu Fini\n|-damage|p1a: Tapu Fini|31\/100\n|-status|p1a: Tapu Fini|par\n|move|p1a: Tapu Fini|Haze|p1a: Tapu Fini\n|-clearallboost\n|\n|-heal|p1a: Tapu Fini|37\/100 par|[from] item: Leftovers\n|-damage|p2a: Togekiss|62\/100 brn|[from] brn\n|upkeep\n|turn|9\n|\n|t:|1700426783\n|move|p2a: Togekiss|Ancient Power|p1a: Tapu Fini\n|-damage|p1a: Tapu Fini|19\/100 par\n|cant|p1a: Tapu Fini|par\n|\n|-heal|p1a: Tapu Fini|25\/100 par|[from] item: Leftovers\n|-damage|p2a: Togekiss|56\/100 brn|[from] brn\n|upkeep\n|turn|10\n|\n|t:|1700426787\n|move|p2a: Togekiss|Ancient Power|p1a: Tapu Fini\n|-damage|p1a: Tapu Fini|7\/100 par\n|move|p1a: Tapu Fini|Draining Kiss|p2a: Togekiss\n|-crit|p2a: Togekiss\n|-damage|p2a: Togekiss|32\/100 brn\n|-heal|p1a: Tapu Fini|24\/100 par|[from] drain|[of] p2a: Togekiss\n|\n|-heal|p1a: Tapu Fini|30\/100 par|[from] item: Leftovers\n|-damage|p2a: Togekiss|26\/100 brn|[from] brn\n|upkeep\n|turn|11\n|\n|t:|1700426793\n|move|p2a: Togekiss|Air Slash|p1a: Tapu Fini\n|-damage|p1a: Tapu Fini|0 fnt\n|faint|p1a: Tapu Fini\n|\n|-damage|p2a: Togekiss|20\/100 brn|[from] brn\n|upkeep\n|\n|t:|1700426799\n|switch|p1a: Rotom|Rotom-Wash|38\/100\n|turn|12\n|\n|t:|1700426804\n|move|p1a: Rotom|Hydro Pump|p2a: Togekiss\n|-damage|p2a: Togekiss|0 fnt\n|faint|p2a: Togekiss\n|\n|-heal|p1a: Rotom|44\/100|[from] item: Leftovers\n|upkeep\n|\n|t:|1700426815\n|switch|p2a: Skarmory|Skarmory, M|100\/100\n|turn|13\n|\n|t:|1700426822\n|move|p2a: Skarmory|Hyper Voice|p1a: Rotom\n|-damage|p1a: Rotom|0 fnt\n|faint|p1a: Rotom\n|\n|upkeep\n|\n|t:|1700426833\n|switch|p1a: Hoopa|Hoopa-Unbound|100\/100\n|-damage|p1a: Hoopa|88\/100|[from] Spikes\n|turn|14\n|\n|t:|1700426845\n|switch|p2a: Skarmory|Skarmory, M|100\/100\n|move|p1a: Hoopa|Hyperspace Fury|p2a: Skarmory\n|-damage|p2a: Skarmory|35\/100\n|-unboost|p1a: Hoopa|def|1\n|-damage|p1a: Hoopa|78\/100|[from] item: Life Orb\n|\n|upkeep\n|turn|15\n|\n|t:|1700426854\n|move|p2a: Skarmory|Brave Bird|p1a: Hoopa\n|-damage|p1a: Hoopa|0 fnt\n|faint|p1a: Hoopa\n|-damage|p2a: Skarmory|6\/100|[from] Recoil\n|\n|upkeep\n|\n|t:|1700426857\n|switch|p1a: Landorus|Landorus-Therian, M|100\/100\n|-ability|p1a: Landorus|Intimidate|boost\n|-unboost|p2a: Skarmory|atk|1\n|turn|16\n|\n|t:|1700426861\n|move|p1a: Landorus|Knock Off|p2a: Skarmory\n|-crit|p2a: Skarmory\n|-damage|p2a: Skarmory|0 fnt\n|-enditem|p2a: Skarmory|Heavy-Duty Boots|[from] move: Knock Off|[of] p1a: Landorus\n|faint|p2a: Skarmory\n|\n|upkeep\n|\n|t:|1700426869\n|switch|p2a: Lopunny|Lopunny, F|100\/100\n|turn|17\n|\n|t:|1700426874\n|detailschange|p2a: Lopunny|Lopunny-Mega, F\n|-mega|p2a: Lopunny|Lopunny|Lopunnite\n|move|p2a: Lopunny|Fake Out|p1a: Landorus\n|-damage|p1a: Landorus|76\/100\n|cant|p1a: Landorus|flinch\n|\n|upkeep\n|turn|18\n|\n|t:|1700426880\n|move|p2a: Lopunny|Triple Axel|p1a: Landorus\n|-supereffective|p1a: Landorus\n|-damage|p1a: Landorus|41\/100\n|-supereffective|p1a: Landorus\n|-damage|p1a: Landorus|0 fnt\n|faint|p1a: Landorus\n|-hitcount|p1: Landorus|2\n|\n|upkeep\n|\n|t:|1700426893\n|switch|p1a: Lopunny|Lopunny, F|100\/100\n|-damage|p1a: Lopunny|88\/100|[from] Spikes\n|turn|19\n|\n|t:|1700426896\n|detailschange|p1a: Lopunny|Lopunny-Mega, F\n|-mega|p1a: Lopunny|Lopunny|Lopunnite\n|move|p1a: Lopunny|Fake Out|p2a: Lopunny\n|-damage|p2a: Lopunny|70\/100\n|cant|p2a: Lopunny|flinch\n|\n|upkeep\n|turn|20\n|\n|t:|1700426901\n|move|p2a: Lopunny|Close Combat|p1a: Lopunny\n|-supereffective|p1a: Lopunny\n|-damage|p1a: Lopunny|0 fnt\n|-unboost|p2a: Lopunny|def|1\n|-unboost|p2a: Lopunny|spd|1\n|faint|p1a: Lopunny\n|\n|upkeep\n|\n|t:|1700426903\n|switch|p1a: Volcanion|Volcanion|100\/100\n|-damage|p1a: Volcanion|88\/100|[from] Spikes\n|turn|21\n|\n|t:|1700426907\n|move|p2a: Lopunny|Return|p1a: Volcanion\n|-damage|p1a: Volcanion|45\/100\n|move|p1a: Volcanion|Steam Eruption|p2a: Lopunny\n|-damage|p2a: Lopunny|0 fnt\n|faint|p2a: Lopunny\n|\n|upkeep\n|\n|t:|1700426913\n|switch|p2a: Gliscor|Gliscor, M|100\/100\n|turn|22\n|\n|t:|1700426919\n|-terastallize|p1a: Volcanion|Bug\n|replace|p2a: Zoroark|Zoroark-Hisui, M\n|-end|p2a: Zoroark|Illusion\n|-zpower|p2a: Zoroark\n|move|p2a: Zoroark|Breakneck Blitz|p1a: Volcanion|[zeffect]\n|-damage|p1a: Volcanion|0 fnt\n|faint|p1a: Volcanion\n|\n|win|ShinyScarfy\n|raw|Muk_pegajoso's rating: 1403 &rarr; <strong>1385<\/strong><br \/>(-18 for losing)\n|raw|ShinyScarfy's rating: 1439 &rarr; <strong>1457<\/strong><br \/>(+18 for winning)\n","uploadtime":1700426941,"views":4,"p1id":"mukpegajoso","p2id":"shinyscarfy","formatid":"gen9nationaldex","rating":1385,"private":0,"password":""}