{"id":"gen9nationaldex-1993857436","p1":"IVIac07","p2":"Carrotfromkanto","format":"[Gen 9] National Dex","log":"|j|\u2606IVIac07\n|j|\u2606Carrotfromkanto\n|t:|1700366077\n|gametype|singles\n|player|p1|IVIac07|265|1051\n|player|p2|Carrotfromkanto|may|1155\n|teamsize|p1|6\n|teamsize|p2|6\n|gen|9\n|tier|[Gen 9] National Dex\n|rated|\n|rule|HP Percentage Mod: HP is shown in percentages\n|rule|Endless Battle Clause: Forcing endless battles is banned\n|rule|OHKO Clause: OHKO moves are banned\n|rule|Evasion Clause: Evasion abilities, items, and moves are banned\n|rule|Evasion Abilities Clause: Evasion abilities are banned\n|rule|Evasion Items Clause: Evasion items are banned\n|rule|Evasion Moves Clause: Evasion moves are banned\n|rule|Species Clause: Limit one of each Pok\u00e9mon\n|rule|Sleep Clause Mod: Limit one foe put to sleep\n|clearpoke\n|poke|p1|Rabsca, F|\n|poke|p1|Vikavolt, M|\n|poke|p1|Shuckle, M|\n|poke|p1|Heracross, F|\n|poke|p1|Escavalier, M|\n|poke|p1|Orbeetle, M|\n|poke|p2|Walrein, F|\n|poke|p2|Corsola-Galar, M|\n|poke|p2|Weezing-Galar, F|\n|poke|p2|Blissey, F|\n|poke|p2|Corviknight, M|\n|poke|p2|Quagsire, M|\n|teampreview\n|\n|t:|1700366090\n|start\n|switch|p1a: Shuckle|Shuckle, M, shiny|100\/100\n|switch|p2a: Walrein|Walrein, F|100\/100\n|turn|1\n|\n|t:|1700366097\n|move|p2a: Walrein|Substitute|p2a: Walrein\n|-start|p2a: Walrein|Substitute\n|-damage|p2a: Walrein|76\/100\n|move|p1a: Shuckle|Shell Smash|p1a: Shuckle\n|-boost|p1a: Shuckle|def|1\n|-boost|p1a: Shuckle|spd|1\n|-unboost|p1a: Shuckle|atk|2\n|-unboost|p1a: Shuckle|spa|2\n|-unboost|p1a: Shuckle|spe|2\n|\n|upkeep\n|turn|2\n|\n|t:|1700366104\n|move|p2a: Walrein|Encore|p1a: Shuckle\n|-start|p1a: Shuckle|Encore\n|move|p1a: Shuckle|Shell Smash|p1a: Shuckle\n|-boost|p1a: Shuckle|def|1\n|-boost|p1a: Shuckle|spd|1\n|-unboost|p1a: Shuckle|atk|2\n|-unboost|p1a: Shuckle|spa|2\n|-unboost|p1a: Shuckle|spe|2\n|\n|upkeep\n|turn|3\n|\n|t:|1700366112\n|move|p2a: Walrein|Whirlpool|p1a: Shuckle\n|-supereffective|p1a: Shuckle\n|-damage|p1a: Shuckle|93\/100\n|-activate|p1a: Shuckle|move: Whirlpool|[of] p2a: Walrein\n|move|p1a: Shuckle|Shell Smash|p1a: Shuckle\n|-boost|p1a: Shuckle|def|1\n|-boost|p1a: Shuckle|spd|1\n|-unboost|p1a: Shuckle|atk|2\n|-unboost|p1a: Shuckle|spa|2\n|-unboost|p1a: Shuckle|spe|2\n|\n|-damage|p1a: Shuckle|77\/100|[from] move: Whirlpool|[partiallytrapped]\n|upkeep\n|turn|4\n|\n|t:|1700366122\n|move|p2a: Walrein|Super Fang|p1a: Shuckle|[miss]\n|-miss|p2a: Walrein|p1a: Shuckle\n|move|p1a: Shuckle|Shell Smash|p1a: Shuckle\n|-boost|p1a: Shuckle|def|1\n|-boost|p1a: Shuckle|spd|1\n|-unboost|p1a: Shuckle|atk|0\n|-unboost|p1a: Shuckle|spa|0\n|-unboost|p1a: Shuckle|spe|0\n|\n|-damage|p1a: Shuckle|60\/100|[from] move: Whirlpool|[partiallytrapped]\n|-end|p1a: Shuckle|Encore\n|upkeep\n|turn|5\n|\n|t:|1700366134\n|move|p2a: Walrein|Super Fang|p1a: Shuckle\n|-damage|p1a: Shuckle|30\/100\n|-damage|p2a: Walrein|59\/100|[from] item: Rocky Helmet|[of] p1a: Shuckle\n|move|p1a: Shuckle|Shell Smash|p1a: Shuckle\n|-boost|p1a: Shuckle|def|1\n|-boost|p1a: Shuckle|spd|1\n|-unboost|p1a: Shuckle|atk|0\n|-unboost|p1a: Shuckle|spa|0\n|-unboost|p1a: Shuckle|spe|0\n|\n|-damage|p1a: Shuckle|14\/100|[from] move: Whirlpool|[partiallytrapped]\n|upkeep\n|turn|6\n|\n|t:|1700366145\n|move|p2a: Walrein|Whirlpool|p1a: Shuckle\n|-supereffective|p1a: Shuckle\n|-damage|p1a: Shuckle|8\/100\n|move|p1a: Shuckle|Rest|p1a: Shuckle\n|-status|p1a: Shuckle|slp|[from] move: Rest\n|-heal|p1a: Shuckle|100\/100 slp|[silent]\n|\n|-damage|p1a: Shuckle|84\/100 slp|[from] move: Whirlpool|[partiallytrapped]\n|upkeep\n|turn|7\n|\n|t:|1700366160\n|move|p2a: Walrein|Super Fang|p1a: Shuckle\n|-damage|p1a: Shuckle|42\/100 slp\n|-damage|p2a: Walrein|42\/100|[from] item: Rocky Helmet|[of] p1a: Shuckle\n|cant|p1a: Shuckle|slp\n|\n|-damage|p1a: Shuckle|26\/100 slp|[from] move: Whirlpool|[partiallytrapped]\n|upkeep\n|turn|8\n|\n|t:|1700366171\n|move|p2a: Walrein|Whirlpool|p1a: Shuckle|[miss]\n|-miss|p2a: Walrein|p1a: Shuckle\n|cant|p1a: Shuckle|slp\n|\n|-end|p1a: Shuckle|Whirlpool|[partiallytrapped]\n|upkeep\n|turn|9\n|\n|t:|1700366181\n|move|p2a: Walrein|Encore|p1a: Shuckle\n|-start|p1a: Shuckle|Encore\n|-curestatus|p1a: Shuckle|slp|[msg]\n|move|p1a: Shuckle|Rest|p1a: Shuckle\n|-status|p1a: Shuckle|slp|[from] move: Rest\n|-heal|p1a: Shuckle|100\/100 slp|[silent]\n|\n|upkeep\n|turn|10\n|\n|t:|1700366189\n|move|p2a: Walrein|Whirlpool|p1a: Shuckle\n|-supereffective|p1a: Shuckle\n|-damage|p1a: Shuckle|96\/100 slp\n|-activate|p1a: Shuckle|move: Whirlpool|[of] p2a: Walrein\n|cant|p1a: Shuckle|slp\n|\n|-damage|p1a: Shuckle|79\/100 slp|[from] move: Whirlpool|[partiallytrapped]\n|upkeep\n|turn|11\n|\n|t:|1700366207\n|move|p2a: Walrein|Whirlpool|p1a: Shuckle\n|-supereffective|p1a: Shuckle\n|-damage|p1a: Shuckle|74\/100 slp\n|cant|p1a: Shuckle|slp\n|\n|-damage|p1a: Shuckle|58\/100 slp|[from] move: Whirlpool|[partiallytrapped]\n|-end|p1a: Shuckle|Encore\n|upkeep\n|turn|12\n|\n|t:|1700366215\n|move|p2a: Walrein|Encore|p1a: Shuckle\n|-start|p1a: Shuckle|Encore\n|-curestatus|p1a: Shuckle|slp|[msg]\n|move|p1a: Shuckle|Rest|p1a: Shuckle\n|-status|p1a: Shuckle|slp|[from] move: Rest\n|-heal|p1a: Shuckle|100\/100 slp|[silent]\n|\n|-damage|p1a: Shuckle|84\/100 slp|[from] move: Whirlpool|[partiallytrapped]\n|upkeep\n|turn|13\n|\n|t:|1700366235\n|move|p2a: Walrein|Super Fang|p1a: Shuckle\n|-damage|p1a: Shuckle|42\/100 slp\n|-damage|p2a: Walrein|26\/100|[from] item: Rocky Helmet|[of] p1a: Shuckle\n|cant|p1a: Shuckle|slp\n|\n|-damage|p1a: Shuckle|26\/100 slp|[from] move: Whirlpool|[partiallytrapped]\n|upkeep\n|turn|14\n|\n|t:|1700366243\n|switch|p2a: Corsola|Corsola-Galar, M|100\/100\n|cant|p1a: Shuckle|slp\n|\n|-end|p1a: Shuckle|Whirlpool|[partiallytrapped]\n|-end|p1a: Shuckle|Encore\n|upkeep\n|turn|15\n|\n|t:|1700366250\n|move|p2a: Corsola|Night Shade|p1a: Shuckle\n|-damage|p1a: Shuckle|0 fnt\n|faint|p1a: Shuckle\n|\n|upkeep\n|c|\u2606Carrotfromkanto|lol\n|\n|t:|1700366265\n|switch|p1a: Orbeetle|Orbeetle, M|100\/100\n|-item|p2a: Corsola|Eviolite|[from] ability: Frisk|[of] p1a: Orbeetle|[identify]\n|turn|16\n|\n|t:|1700366275\n|move|p1a: Orbeetle|Light Screen|p1a: Orbeetle\n|-sidestart|p1: IVIac07|move: Light Screen\n|move|p2a: Corsola|Stealth Rock|p1a: Orbeetle\n|-sidestart|p1: IVIac07|move: Stealth Rock\n|\n|upkeep\n|turn|17\n|\n|t:|1700366282\n|move|p1a: Orbeetle|Reflect|p1a: Orbeetle\n|-sidestart|p1: IVIac07|Reflect\n|move|p2a: Corsola|Will-O-Wisp|p1a: Orbeetle|[miss]\n|-miss|p2a: Corsola|p1a: Orbeetle\n|\n|upkeep\n|turn|18\n|\n|t:|1700366289\n|move|p2a: Corsola|Will-O-Wisp|p1a: Orbeetle\n|-status|p1a: Orbeetle|brn\n|move|p1a: Orbeetle|Trick Room|p1a: Orbeetle\n|-fieldstart|move: Trick Room|[of] p1a: Orbeetle\n|\n|-damage|p1a: Orbeetle|94\/100 brn|[from] brn\n|upkeep\n|turn|19\n|\n|t:|1700366296\n|move|p2a: Corsola|Night Shade|p1a: Orbeetle\n|-damage|p1a: Orbeetle|63\/100 brn\n|move|p1a: Orbeetle|U-turn|p2a: Corsola\n|-resisted|p2a: Corsola\n|-damage|p2a: Corsola|99\/100\n|\n|t:|1700366307\n|switch|p1a: Vikavolt|Vikavolt, M, shiny|100\/100|[from] U-turn\n|-damage|p1a: Vikavolt|76\/100|[from] Stealth Rock\n|\n|upkeep\n|turn|20\n|\n|t:|1700366312\n|switch|p2a: Blissey|Blissey, F|100\/100\n|move|p1a: Vikavolt|Bug Buzz|p2a: Blissey\n|-damage|p2a: Blissey|71\/100\n|\n|upkeep\n|turn|21\n|\n|t:|1700366318\n|switch|p1a: Heracross|Heracross, F, shiny|100\/100\n|-damage|p1a: Heracross|88\/100|[from] Stealth Rock\n|move|p2a: Blissey|Toxic|p1a: Heracross|[miss]\n|-miss|p2a: Blissey|p1a: Heracross\n|\n|upkeep\n|turn|22\n|\n|t:|1700366329\n|switch|p2a: Walrein|Walrein, F|26\/100\n|move|p1a: Heracross|Swords Dance|p1a: Heracross\n|-boost|p1a: Heracross|atk|2\n|\n|-fieldend|move: Trick Room\n|upkeep\n|turn|23\n|\n|t:|1700366343\n|detailschange|p1a: Heracross|Heracross-Mega, F, shiny\n|-mega|p1a: Heracross|Heracross|Heracronite\n|move|p2a: Walrein|Encore|p1a: Heracross\n|-start|p1a: Heracross|Encore\n|move|p1a: Heracross|Swords Dance|p1a: Heracross\n|-boost|p1a: Heracross|atk|2\n|\n|-sideend|p1: IVIac07|move: Light Screen\n|upkeep\n|turn|24\n|\n|t:|1700366350\n|move|p2a: Walrein|Whirlpool|p1a: Heracross\n|-damage|p1a: Heracross|74\/100\n|-activate|p1a: Heracross|move: Whirlpool|[of] p2a: Walrein\n|move|p1a: Heracross|Swords Dance|p1a: Heracross\n|-boost|p1a: Heracross|atk|2\n|\n|-damage|p1a: Heracross|58\/100|[from] move: Whirlpool|[partiallytrapped]\n|-sideend|p1: IVIac07|Reflect\n|upkeep\n|turn|25\n|\n|t:|1700366359\n|move|p2a: Walrein|Super Fang|p1a: Heracross\n|-damage|p1a: Heracross|29\/100\n|move|p1a: Heracross|Swords Dance|p1a: Heracross\n|-boost|p1a: Heracross|atk|0\n|\n|-damage|p1a: Heracross|12\/100|[from] move: Whirlpool|[partiallytrapped]\n|-end|p1a: Heracross|Encore\n|upkeep\n|turn|26\n|c|\u2606Carrotfromkanto|lol\n|\n|t:|1700366369\n|move|p2a: Walrein|Encore|p1a: Heracross\n|-start|p1a: Heracross|Encore\n|move|p1a: Heracross|Swords Dance|p1a: Heracross\n|-boost|p1a: Heracross|atk|0\n|\n|-damage|p1a: Heracross|0 fnt|[from] move: Whirlpool|[partiallytrapped]\n|faint|p1a: Heracross\n|upkeep\n|\n|t:|1700366386\n|switch|p1a: Orbeetle|Orbeetle, M|63\/100 brn\n|-damage|p1a: Orbeetle|38\/100 brn|[from] Stealth Rock\n|-item|p2a: Walrein|Binding Band|[from] ability: Frisk|[of] p1a: Orbeetle|[identify]\n|turn|27\n|\n|t:|1700366392\n|switch|p2a: Blissey|Blissey, F|71\/100\n|move|p1a: Orbeetle|Light Screen|p1a: Orbeetle\n|-sidestart|p1: IVIac07|move: Light Screen\n|\n|-damage|p1a: Orbeetle|32\/100 brn|[from] brn\n|upkeep\n|turn|28\n|\n|t:|1700366397\n|move|p2a: Blissey|Wish|p2a: Blissey\n|move|p1a: Orbeetle|Trick Room|p1a: Orbeetle\n|-fieldstart|move: Trick Room|[of] p1a: Orbeetle\n|\n|-damage|p1a: Orbeetle|26\/100 brn|[from] brn\n|upkeep\n|turn|29\n|\n|t:|1700366402\n|switch|p2a: Walrein|Walrein, F|26\/100\n|move|p1a: Orbeetle|U-turn|p2a: Walrein\n|-damage|p2a: Walrein|21\/100\n|\n|t:|1700366407\n|switch|p1a: Escavalier|Escavalier, M|100\/100|[from] U-turn\n|-damage|p1a: Escavalier|88\/100|[from] Stealth Rock\n|\n|-heal|p2a: Walrein|100\/100|[from] move: Wish|[wisher] Blissey\n|upkeep\n|turn|30\n|-message|IVIac07 forfeited.\n|\n|win|Carrotfromkanto\n|raw|IVIac07's rating: 1051 &rarr; <strong>1038<\/strong><br \/>(-13 for losing)\n|raw|Carrotfromkanto's rating: 1155 &rarr; <strong>1173<\/strong><br \/>(+18 for winning)\n|l|\u2606IVIac07\n","uploadtime":1700366431,"views":14,"p1id":"iviac07","p2id":"carrotfromkanto","formatid":"gen9nationaldex","rating":1038,"private":0,"password":""}