{"id":"gen9nationaldex-1989091194","p1":"huangrice","p2":"Munchback","format":"[Gen 9] National Dex","log":"|j|\u2606huangrice\n|j|\u2606Munchback\n|t:|1699811180\n|gametype|singles\n|player|p1|huangrice|supernerd|1208\n|player|p2|Munchback|veteran|1297\n|teamsize|p1|6\n|teamsize|p2|6\n|gen|9\n|tier|[Gen 9] National Dex\n|rated|\n|rule|HP Percentage Mod: HP is shown in percentages\n|rule|Endless Battle Clause: Forcing endless battles is banned\n|rule|OHKO Clause: OHKO moves are banned\n|rule|Evasion Clause: Evasion abilities, items, and moves are banned\n|rule|Evasion Abilities Clause: Evasion abilities are banned\n|rule|Evasion Items Clause: Evasion items are banned\n|rule|Evasion Moves Clause: Evasion moves are banned\n|rule|Species Clause: Limit one of each Pok\u00e9mon\n|rule|Sleep Clause Mod: Limit one foe put to sleep\n|clearpoke\n|poke|p1|Latias, F|\n|poke|p1|Blacephalon|\n|poke|p1|Keldeo-Resolute|\n|poke|p1|Tornadus-Therian, M|\n|poke|p1|Jirachi|\n|poke|p1|Primarina, M|\n|poke|p2|Arbok, F|\n|poke|p2|Landorus-Therian, M|\n|poke|p2|Gliscor, M|\n|poke|p2|Alomomola, F|\n|poke|p2|Toxapex, M|\n|poke|p2|Clodsire, M|\n|teampreview\n|inactive|Battle timer is ON: inactive players will automatically lose when time's up. (requested by huangrice)\n|\n|t:|1699811186\n|start\n|switch|p1a: Jirachi|Jirachi|100\/100\n|switch|p2a: Landorus|Landorus-Therian, M|100\/100\n|-ability|p2a: Landorus|Intimidate|boost\n|-unboost|p1a: Jirachi|atk|1\n|turn|1\n|\n|t:|1699811201\n|switch|p1a: Keldeo|Keldeo-Resolute|100\/100\n|move|p2a: Landorus|U-turn|p1a: Keldeo\n|-resisted|p1a: Keldeo\n|-damage|p1a: Keldeo|86\/100\n|\n|t:|1699811205\n|switch|p2a: Arbok|Arbok, F|100\/100|[from] U-turn\n|-ability|p2a: Arbok|Intimidate|boost\n|-unboost|p1a: Keldeo|atk|1\n|\n|upkeep\n|turn|2\n|\n|t:|1699811215\n|move|p1a: Keldeo|Hydro Pump|p2a: Arbok|[miss]\n|-miss|p1a: Keldeo|p2a: Arbok\n|move|p2a: Arbok|Toxic|p1a: Keldeo\n|-status|p1a: Keldeo|tox\n|\n|-damage|p1a: Keldeo|80\/100 tox|[from] psn\n|upkeep\n|turn|3\n|\n|t:|1699811223\n|switch|p2a: Toxapex|Toxapex, M|100\/100\n|move|p1a: Keldeo|Hydro Pump|p2a: Toxapex\n|-resisted|p2a: Toxapex\n|-damage|p2a: Toxapex|79\/100\n|\n|-damage|p1a: Keldeo|67\/100 tox|[from] psn\n|upkeep\n|turn|4\n|\n|t:|1699811241\n|switch|p1a: Latias|Latias, F|100\/100\n|move|p2a: Toxapex|Knock Off|p1a: Latias\n|-supereffective|p1a: Latias\n|-damage|p1a: Latias|75\/100\n|\n|upkeep\n|turn|5\n|\n|t:|1699811257\n|switch|p2a: Gliscor|Gliscor, M|100\/100\n|detailschange|p1a: Latias|Latias-Mega, F\n|-mega|p1a: Latias|Latias|Latiasite\n|move|p1a: Latias|Thunderbolt|p2a: Gliscor\n|-immune|p2a: Gliscor\n|\n|-status|p2a: Gliscor|tox|[from] item: Toxic Orb\n|upkeep\n|turn|6\n|\n|t:|1699811269\n|switch|p1a: Keldeo|Keldeo-Resolute|67\/100 tox\n|move|p2a: Gliscor|Toxic|p1a: Keldeo\n|-fail|p1a: Keldeo|tox\n|\n|-damage|p1a: Keldeo|61\/100 tox|[from] psn\n|upkeep\n|turn|7\n|\n|t:|1699811279\n|move|p2a: Gliscor|Protect|p2a: Gliscor\n|-singleturn|p2a: Gliscor|Protect\n|move|p1a: Keldeo|Surf|p2a: Gliscor\n|-activate|p2a: Gliscor|move: Protect\n|\n|-damage|p1a: Keldeo|49\/100 tox|[from] psn\n|upkeep\n|turn|8\n|\n|t:|1699811290\n|switch|p1a: Primarina|Primarina, M|100\/100\n|switch|p2a: Toxapex|Toxapex, M|100\/100\n|\n|upkeep\n|turn|9\n|\n|t:|1699811305\n|move|p1a: Primarina|Moonblast|p2a: Toxapex\n|-resisted|p2a: Toxapex\n|-damage|p2a: Toxapex|91\/100\n|-unboost|p2a: Toxapex|spa|1\n|move|p2a: Toxapex|Sludge Bomb|p1a: Primarina\n|-supereffective|p1a: Primarina\n|-damage|p1a: Primarina|69\/100\n|\n|-heal|p1a: Primarina|75\/100|[from] item: Leftovers\n|upkeep\n|turn|10\n|\n|t:|1699811317\n|switch|p1a: Tornadus|Tornadus-Therian, M|100\/100\n|move|p2a: Toxapex|Knock Off|p1a: Tornadus\n|-damage|p1a: Tornadus|82\/100\n|-damage|p2a: Toxapex|74\/100|[from] item: Rocky Helmet|[of] p1a: Tornadus\n|-enditem|p1a: Tornadus|Rocky Helmet|[from] move: Knock Off|[of] p2a: Toxapex\n|\n|upkeep\n|turn|11\n|\n|t:|1699811328\n|move|p1a: Tornadus|Hurricane|p2a: Toxapex\n|-damage|p2a: Toxapex|55\/100\n|move|p2a: Toxapex|Sludge Bomb|p1a: Tornadus\n|-damage|p1a: Tornadus|63\/100\n|-status|p1a: Tornadus|psn\n|\n|-damage|p1a: Tornadus|50\/100 psn|[from] psn\n|upkeep\n|turn|12\n|\n|t:|1699811342\n|switch|p1a: Latias|Latias-Mega, F|75\/100\n|switch|p2a: Alomomola|Alomomola, F|100\/100\n|\n|upkeep\n|turn|13\n|inactive|huangrice has 120 seconds left.\n|\n|t:|1699811367\n|switch|p2a: Landorus|Landorus-Therian, M|100\/100\n|-ability|p2a: Landorus|Intimidate|boost\n|-unboost|p1a: Latias|atk|1\n|move|p1a: Latias|Thunderbolt|p2a: Landorus\n|-immune|p2a: Landorus\n|\n|upkeep\n|turn|14\n|inactive|huangrice has 120 seconds left.\n|\n|t:|1699811394\n|switch|p1a: Keldeo|Keldeo-Resolute|49\/100 tox\n|move|p2a: Landorus|U-turn|p1a: Keldeo\n|-resisted|p1a: Keldeo\n|-damage|p1a: Keldeo|33\/100 tox\n|\n|t:|1699811399\n|switch|p2a: Alomomola|Alomomola, F|100\/100|[from] U-turn\n|\n|-damage|p1a: Keldeo|27\/100 tox|[from] psn\n|upkeep\n|turn|15\n|\n|t:|1699811414\n|switch|p1a: Latias|Latias-Mega, F|75\/100\n|move|p2a: Alomomola|Flip Turn|p1a: Latias\n|-resisted|p1a: Latias\n|-damage|p1a: Latias|69\/100\n|\n|t:|1699811432\n|switch|p2a: Landorus|Landorus-Therian, M|100\/100|[from] Flip Turn\n|-ability|p2a: Landorus|Intimidate|boost\n|-unboost|p1a: Latias|atk|1\n|\n|upkeep\n|turn|16\n|\n|t:|1699811441\n|move|p2a: Landorus|U-turn|p1a: Latias\n|-supereffective|p1a: Latias\n|-damage|p1a: Latias|20\/100\n|\n|t:|1699811446\n|switch|p2a: Clodsire|Clodsire, M|100\/100|[from] U-turn\n|move|p1a: Latias|Psychic|p2a: Clodsire\n|-supereffective|p2a: Clodsire\n|-damage|p2a: Clodsire|44\/100\n|\n|-heal|p2a: Clodsire|50\/100|[from] item: Leftovers\n|upkeep\n|turn|17\n|inactive|huangrice has 120 seconds left.\n|\n|t:|1699811468\n|-terastallize|p2a: Clodsire|Water\n|move|p1a: Latias|Psychic|p2a: Clodsire\n|-damage|p2a: Clodsire|23\/100\n|move|p2a: Clodsire|Recover|p2a: Clodsire\n|-heal|p2a: Clodsire|73\/100\n|\n|-heal|p2a: Clodsire|80\/100|[from] item: Leftovers\n|upkeep\n|turn|18\n|\n|t:|1699811482\n|switch|p2a: Landorus|Landorus-Therian, M|100\/100\n|-ability|p2a: Landorus|Intimidate|boost\n|-unboost|p1a: Latias|atk|1\n|move|p1a: Latias|Roost|p1a: Latias\n|-heal|p1a: Latias|70\/100\n|-singleturn|p1a: Latias|move: Roost\n|\n|upkeep\n|turn|19\n|\n|t:|1699811506\n|move|p2a: Landorus|Stealth Rock|p1a: Latias\n|-sidestart|p1: huangrice|move: Stealth Rock\n|move|p1a: Latias|Psychic|p2a: Landorus\n|-damage|p2a: Landorus|37\/100\n|\n|upkeep\n|turn|20\n|\n|t:|1699811515\n|switch|p2a: Clodsire|Clodsire, M, tera:Water|80\/100\n|move|p1a: Latias|Psychic|p2a: Clodsire\n|-damage|p2a: Clodsire|52\/100\n|\n|-heal|p2a: Clodsire|58\/100|[from] item: Leftovers\n|upkeep\n|turn|21\n|inactive|huangrice has 120 seconds left.\n|\n|t:|1699811539\n|switch|p2a: Gliscor|Gliscor, M|100\/100 tox\n|move|p1a: Latias|Thunderbolt|p2a: Gliscor\n|-immune|p2a: Gliscor\n|\n|upkeep\n|turn|22\n|\n|t:|1699811556\n|switch|p1a: Primarina|Primarina, M|75\/100\n|-damage|p1a: Primarina|63\/100|[from] Stealth Rock\n|move|p2a: Gliscor|Toxic|p1a: Primarina\n|-status|p1a: Primarina|tox\n|\n|-heal|p1a: Primarina|69\/100 tox|[from] item: Leftovers\n|-damage|p1a: Primarina|63\/100 tox|[from] psn\n|upkeep\n|turn|23\n|\n|t:|1699811569\n|move|p2a: Gliscor|Protect|p2a: Gliscor\n|-singleturn|p2a: Gliscor|Protect\n|move|p1a: Primarina|Scald|p2a: Gliscor\n|-activate|p2a: Gliscor|move: Protect\n|\n|-heal|p1a: Primarina|69\/100 tox|[from] item: Leftovers\n|-damage|p1a: Primarina|57\/100 tox|[from] psn\n|upkeep\n|turn|24\n|inactive|huangrice has 90 seconds left.\n|\n|t:|1699811590\n|switch|p2a: Toxapex|Toxapex, M|88\/100\n|move|p1a: Primarina|Scald|p2a: Toxapex\n|-resisted|p2a: Toxapex\n|-damage|p2a: Toxapex|80\/100\n|\n|-heal|p1a: Primarina|63\/100 tox|[from] item: Leftovers\n|-damage|p1a: Primarina|45\/100 tox|[from] psn\n|upkeep\n|turn|25\n|inactive|huangrice has 90 seconds left.\n|\n|t:|1699811602\n|move|p1a: Primarina|Rest|p1a: Primarina\n|-status|p1a: Primarina|slp|[from] move: Rest\n|-heal|p1a: Primarina|100\/100 slp|[silent]\n|move|p2a: Toxapex|Knock Off|p1a: Primarina\n|-resisted|p1a: Primarina\n|-damage|p1a: Primarina|94\/100 slp\n|-enditem|p1a: Primarina|Leftovers|[from] move: Knock Off|[of] p2a: Toxapex\n|\n|upkeep\n|turn|26\n|inactive|huangrice has 90 seconds left.\n|\n|t:|1699811619\n|switch|p1a: Latias|Latias-Mega, F|70\/100\n|-damage|p1a: Latias|58\/100|[from] Stealth Rock\n|move|p2a: Toxapex|Sludge Bomb|p1a: Latias\n|-damage|p1a: Latias|38\/100\n|\n|upkeep\n|turn|27\n|inactive|huangrice has 90 seconds left.\n|inactive|Munchback has 120 seconds left.\n|\n|t:|1699811656\n|move|p1a: Latias|Psychic|p2a: Toxapex\n|-supereffective|p2a: Toxapex\n|-damage|p2a: Toxapex|31\/100\n|move|p2a: Toxapex|Knock Off|p1a: Latias\n|-supereffective|p1a: Latias\n|-damage|p1a: Latias|18\/100\n|\n|upkeep\n|turn|28\n|inactive|Munchback has 120 seconds left.\n|inactive|huangrice has 90 seconds left.\n|\n|t:|1699811675\n|switch|p2a: Alomomola|Alomomola, F|100\/100\n|move|p1a: Latias|Psychic|p2a: Alomomola\n|-damage|p2a: Alomomola|43\/100\n|\n|-heal|p2a: Alomomola|49\/100|[from] item: Leftovers\n|upkeep\n|turn|29\n|inactive|huangrice has 90 seconds left.\n|\n|t:|1699811691\n|switch|p2a: Clodsire|Clodsire, M, tera:Water|58\/100\n|move|p1a: Latias|Roost|p1a: Latias\n|-heal|p1a: Latias|68\/100\n|-singleturn|p1a: Latias|move: Roost\n|\n|-heal|p2a: Clodsire|64\/100|[from] item: Leftovers\n|upkeep\n|turn|30\n|\n|t:|1699811711\n|move|p1a: Latias|Thunderbolt|p2a: Clodsire\n|-supereffective|p2a: Clodsire\n|-damage|p2a: Clodsire|27\/100\n|move|p2a: Clodsire|Recover|p2a: Clodsire\n|-heal|p2a: Clodsire|77\/100\n|\n|-heal|p2a: Clodsire|83\/100|[from] item: Leftovers\n|upkeep\n|turn|31\n|inactive|huangrice has 60 seconds left.\n|\n|t:|1699811734\n|switch|p2a: Gliscor|Gliscor, M|100\/100 tox\n|move|p1a: Latias|Thunderbolt|p2a: Gliscor\n|-immune|p2a: Gliscor\n|\n|upkeep\n|turn|32\n|inactive|huangrice has 60 seconds left.\n|\n|t:|1699811752\n|switch|p1a: Primarina|Primarina, M|94\/100 slp\n|-damage|p1a: Primarina|82\/100 slp|[from] Stealth Rock\n|move|p2a: Gliscor|Toxic||[still]\n|-fail|p2a: Gliscor\n|\n|upkeep\n|turn|33\n|inactive|huangrice has 60 seconds left.\n|\n|t:|1699811763\n|switch|p2a: Alomomola|Alomomola, F|83\/100\n|cant|p1a: Primarina|slp\n|move|p1a: Primarina|Sleep Talk|p1a: Primarina\n|move|p1a: Primarina|Scald|p2a: Alomomola|[from]move: Sleep Talk\n|-resisted|p2a: Alomomola\n|-damage|p2a: Alomomola|63\/100\n|\n|-heal|p2a: Alomomola|70\/100|[from] item: Leftovers\n|upkeep\n|turn|34\n|inactive|huangrice has 60 seconds left.\n|\n|t:|1699811791\n|switch|p1a: Jirachi|Jirachi|100\/100\n|-damage|p1a: Jirachi|94\/100|[from] Stealth Rock\n|move|p2a: Alomomola|Wish|p2a: Alomomola\n|\n|-heal|p1a: Jirachi|100\/100|[from] item: Leftovers\n|-heal|p2a: Alomomola|76\/100|[from] item: Leftovers\n|upkeep\n|turn|35\n|\n|t:|1699811806\n|move|p1a: Jirachi|Iron Head|p2a: Alomomola\n|-resisted|p2a: Alomomola\n|-damage|p2a: Alomomola|68\/100\n|cant|p2a: Alomomola|flinch\n|\n|-heal|p2a: Alomomola|100\/100|[from] move: Wish|[wisher] Alomomola\n|upkeep\n|turn|36\n|\n|t:|1699811816\n|move|p1a: Jirachi|Stealth Rock|p2a: Alomomola\n|-sidestart|p2: Munchback|move: Stealth Rock\n|move|p2a: Alomomola|Wish|p2a: Alomomola\n|\n|upkeep\n|turn|37\n|\n|t:|1699811832\n|move|p1a: Jirachi|U-turn|p2a: Alomomola\n|-damage|p2a: Alomomola|92\/100\n|\n|t:|1699811841\n|switch|p1a: Primarina|Primarina, M|82\/100 slp|[from] U-turn\n|-damage|p1a: Primarina|69\/100 slp|[from] Stealth Rock\n|move|p2a: Alomomola|Flip Turn|p1a: Primarina\n|-resisted|p1a: Primarina\n|-damage|p1a: Primarina|62\/100 slp\n|\n|t:|1699811853\n|switch|p2a: Gliscor|Gliscor, M|100\/100 tox|[from] Flip Turn\n|-damage|p2a: Gliscor|88\/100 tox|[from] Stealth Rock\n|\n|-heal|p2a: Gliscor|100\/100 tox|[from] move: Wish|[wisher] Alomomola\n|upkeep\n|turn|38\n|\n|t:|1699811870\n|move|p2a: Gliscor|Defog|p1a: Primarina\n|-unboost|p1a: Primarina|evasion|1\n|-sideend|p1: huangrice|Stealth Rock|[from] move: Defog|[of] p2a: Gliscor\n|-sideend|p2: Munchback|Stealth Rock|[from] move: Defog|[of] p2a: Gliscor\n|cant|p1a: Primarina|slp\n|\n|upkeep\n|turn|39\n|\n|t:|1699811879\n|switch|p2a: Toxapex|Toxapex, M|64\/100\n|-curestatus|p1a: Primarina|slp|[msg]\n|move|p1a: Primarina|Sleep Talk||[still]\n|-fail|p1a: Primarina\n|\n|upkeep\n|turn|40\n|\n|t:|1699811893\n|switch|p1a: Latias|Latias-Mega, F|68\/100\n|move|p2a: Toxapex|Knock Off|p1a: Latias\n|-supereffective|p1a: Latias\n|-damage|p1a: Latias|49\/100\n|\n|upkeep\n|turn|41\n|\n|t:|1699811901\n|move|p1a: Latias|Psychic|p2a: Toxapex\n|-supereffective|p2a: Toxapex\n|-damage|p2a: Toxapex|15\/100\n|move|p2a: Toxapex|Sludge Bomb|p1a: Latias\n|-damage|p1a: Latias|29\/100\n|\n|upkeep\n|turn|42\n|\n|t:|1699811910\n|switch|p2a: Clodsire|Clodsire, M, tera:Water|83\/100\n|move|p1a: Latias|Psychic|p2a: Clodsire\n|-damage|p2a: Clodsire|58\/100\n|\n|-heal|p2a: Clodsire|65\/100|[from] item: Leftovers\n|upkeep\n|turn|43\n|inactive|huangrice has 60 seconds left.\n|\n|t:|1699811927\n|move|p1a: Latias|Roost|p1a: Latias\n|-heal|p1a: Latias|79\/100\n|-singleturn|p1a: Latias|move: Roost\n|move|p2a: Clodsire|Toxic Spikes|p1a: Latias\n|-sidestart|p1: huangrice|move: Toxic Spikes\n|\n|-heal|p2a: Clodsire|71\/100|[from] item: Leftovers\n|upkeep\n|turn|44\n|inactive|huangrice has 60 seconds left.\n|\n|t:|1699811947\n|switch|p1a: Primarina|Primarina, M|62\/100\n|-status|p1a: Primarina|psn\n|move|p2a: Clodsire|Toxic Spikes|p1a: Primarina\n|-sidestart|p1: huangrice|move: Toxic Spikes\n|\n|-heal|p2a: Clodsire|77\/100|[from] item: Leftovers\n|-damage|p1a: Primarina|50\/100 psn|[from] psn\n|upkeep\n|turn|45\n|inactive|huangrice has 60 seconds left.\n|\n|t:|1699811964\n|switch|p2a: Toxapex|Toxapex, M|48\/100\n|move|p1a: Primarina|Rest|p1a: Primarina\n|-status|p1a: Primarina|slp|[from] move: Rest\n|-heal|p1a: Primarina|100\/100 slp|[silent]\n|\n|upkeep\n|turn|46\n|\n|t:|1699811975\n|switch|p2a: Arbok|Arbok, F|100\/100\n|-ability|p2a: Arbok|Intimidate|boost\n|-unboost|p1a: Primarina|atk|1\n|cant|p1a: Primarina|slp\n|move|p1a: Primarina|Sleep Talk|p1a: Primarina\n|move|p1a: Primarina|Rest||[from]move: Sleep Talk|[still]\n|-fail|p1a: Primarina\n|\n|upkeep\n|turn|47\n|\n|t:|1699812003\n|switch|p1a: Latias|Latias-Mega, F|79\/100\n|move|p2a: Arbok|Switcheroo||[still]\n|-fail|p2a: Arbok\n|\n|upkeep\n|turn|48\n|\n|t:|1699812016\n|switch|p2a: Clodsire|Clodsire, M, tera:Water|77\/100\n|move|p1a: Latias|Psychic|p2a: Clodsire\n|-damage|p2a: Clodsire|50\/100\n|\n|-heal|p2a: Clodsire|56\/100|[from] item: Leftovers\n|upkeep\n|turn|49\n|\n|t:|1699812029\n|move|p1a: Latias|Thunderbolt|p2a: Clodsire\n|-supereffective|p2a: Clodsire\n|-damage|p2a: Clodsire|23\/100\n|move|p2a: Clodsire|Recover|p2a: Clodsire\n|-heal|p2a: Clodsire|73\/100\n|\n|-heal|p2a: Clodsire|79\/100|[from] item: Leftovers\n|upkeep\n|turn|50\n|\n|t:|1699812041\n|move|p1a: Latias|Thunderbolt|p2a: Clodsire\n|-supereffective|p2a: Clodsire\n|-damage|p2a: Clodsire|45\/100\n|move|p2a: Clodsire|Recover|p2a: Clodsire\n|-heal|p2a: Clodsire|95\/100\n|\n|-heal|p2a: Clodsire|100\/100|[from] item: Leftovers\n|upkeep\n|turn|51\n|\n|t:|1699812050\n|switch|p2a: Landorus|Landorus-Therian, M|37\/100\n|-ability|p2a: Landorus|Intimidate|boost\n|-unboost|p1a: Latias|atk|1\n|move|p1a: Latias|Roost|p1a: Latias\n|-heal|p1a: Latias|100\/100\n|-singleturn|p1a: Latias|move: Roost\n|\n|upkeep\n|turn|52\n|\n|t:|1699812063\n|move|p2a: Landorus|U-turn|p1a: Latias\n|-supereffective|p1a: Latias\n|-damage|p1a: Latias|49\/100\n|\n|t:|1699812068\n|switch|p2a: Clodsire|Clodsire, M, tera:Water|100\/100|[from] U-turn\n|move|p1a: Latias|Psychic|p2a: Clodsire\n|-damage|p2a: Clodsire|76\/100\n|\n|-heal|p2a: Clodsire|83\/100|[from] item: Leftovers\n|upkeep\n|turn|53\n|inactive|huangrice has 60 seconds left.\n|\n|t:|1699812075\n|move|p1a: Latias|Roost|p1a: Latias\n|-heal|p1a: Latias|99\/100\n|-singleturn|p1a: Latias|move: Roost\n|move|p2a: Clodsire|Earthquake|p1a: Latias\n|-immune|p1a: Latias|[from] ability: Levitate\n|\n|-heal|p2a: Clodsire|89\/100|[from] item: Leftovers\n|upkeep\n|turn|54\n|inactive|huangrice has 60 seconds left.\n|\n|t:|1699812088\n|move|p1a: Latias|Thunderbolt|p2a: Clodsire\n|-supereffective|p2a: Clodsire\n|-damage|p2a: Clodsire|56\/100\n|move|p2a: Clodsire|Recover|p2a: Clodsire\n|-heal|p2a: Clodsire|100\/100\n|\n|upkeep\n|turn|55\n|\n|t:|1699812096\n|switch|p2a: Gliscor|Gliscor, M|100\/100 tox\n|move|p1a: Latias|Thunderbolt|p2a: Gliscor\n|-immune|p2a: Gliscor\n|\n|upkeep\n|turn|56\n|\n|t:|1699812105\n|move|p1a: Latias|Psychic|p2a: Gliscor\n|-damage|p2a: Gliscor|62\/100 tox\n|move|p2a: Gliscor|Toxic|p1a: Latias\n|-status|p1a: Latias|tox\n|\n|-damage|p1a: Latias|94\/100 tox|[from] psn\n|-heal|p2a: Gliscor|74\/100 tox|[from] ability: Poison Heal\n|upkeep\n|turn|57\n|inactive|huangrice has 60 seconds left.\n|\n|t:|1699812133\n|move|p2a: Gliscor|Protect|p2a: Gliscor\n|-singleturn|p2a: Gliscor|Protect\n|move|p1a: Latias|Psychic|p2a: Gliscor\n|-activate|p2a: Gliscor|move: Protect\n|\n|-damage|p1a: Latias|82\/100 tox|[from] psn\n|-heal|p2a: Gliscor|86\/100 tox|[from] ability: Poison Heal\n|upkeep\n|turn|58\n|inactive|huangrice has 60 seconds left.\n|\n|t:|1699812145\n|move|p1a: Latias|Roost|p1a: Latias\n|-heal|p1a: Latias|100\/100 tox\n|-singleturn|p1a: Latias|move: Roost\n|move|p2a: Gliscor|Toxic|p1a: Latias\n|-fail|p1a: Latias|tox\n|\n|-damage|p1a: Latias|83\/100 tox|[from] psn\n|-heal|p2a: Gliscor|99\/100 tox|[from] ability: Poison Heal\n|upkeep\n|turn|59\n|inactive|huangrice has 60 seconds left.\n|\n|t:|1699812157\n|move|p2a: Gliscor|Protect|p2a: Gliscor\n|-singleturn|p2a: Gliscor|Protect\n|move|p1a: Latias|Psychic|p2a: Gliscor\n|-activate|p2a: Gliscor|move: Protect\n|\n|-damage|p1a: Latias|59\/100 tox|[from] psn\n|-heal|p2a: Gliscor|100\/100 tox|[from] ability: Poison Heal\n|upkeep\n|turn|60\n|inactive|huangrice has 60 seconds left.\n|\n|t:|1699812167\n|move|p1a: Latias|Roost|p1a: Latias\n|-heal|p1a: Latias|100\/100 tox\n|-singleturn|p1a: Latias|move: Roost\n|move|p2a: Gliscor|Earthquake|p1a: Latias\n|-immune|p1a: Latias|[from] ability: Levitate\n|\n|-damage|p1a: Latias|71\/100 tox|[from] psn\n|upkeep\n|turn|61\n|inactive|huangrice has 60 seconds left.\n|\n|t:|1699812189\n|switch|p1a: Tornadus|Tornadus-Therian, M|83\/100 psn\n|move|p2a: Gliscor|Protect||[still]\n|-fail|p2a: Gliscor\n|\n|-damage|p1a: Tornadus|71\/100 psn|[from] psn\n|upkeep\n|turn|62\n|\n|t:|1699812199\n|move|p2a: Gliscor|Protect|p2a: Gliscor\n|-singleturn|p2a: Gliscor|Protect\n|move|p1a: Tornadus|Knock Off|p2a: Gliscor\n|-activate|p2a: Gliscor|move: Protect\n|\n|-damage|p1a: Tornadus|59\/100 psn|[from] psn\n|upkeep\n|turn|63\n|inactive|huangrice has 60 seconds left.\n|\n|t:|1699812213\n|move|p1a: Tornadus|Defog|p2a: Gliscor\n|-unboost|p2a: Gliscor|evasion|1\n|-sideend|p1: huangrice|Toxic Spikes|[from] move: Defog|[of] p1a: Tornadus\n|move|p2a: Gliscor|Toxic||[still]\n|-fail|p2a: Gliscor\n|\n|-damage|p1a: Tornadus|46\/100 psn|[from] psn\n|upkeep\n|turn|64\n|inactive|huangrice has 60 seconds left.\n|\n|t:|1699812225\n|move|p1a: Tornadus|Knock Off|p2a: Gliscor\n|-damage|p2a: Gliscor|84\/100 tox\n|-enditem|p2a: Gliscor|Toxic Orb|[from] move: Knock Off|[of] p1a: Tornadus\n|move|p2a: Gliscor|Earthquake|p1a: Tornadus\n|-immune|p1a: Tornadus\n|\n|-damage|p1a: Tornadus|34\/100 psn|[from] psn\n|-heal|p2a: Gliscor|96\/100 tox|[from] ability: Poison Heal\n|upkeep\n|turn|65\n|inactive|huangrice has 60 seconds left.\n|\n|t:|1699812245\n|move|p1a: Tornadus|U-turn|p2a: Gliscor\n|-resisted|p2a: Gliscor\n|-damage|p2a: Gliscor|90\/100 tox\n|\n|t:|1699812250\n|switch|p1a: Latias|Latias-Mega, F|71\/100 tox|[from] U-turn\n|move|p2a: Gliscor|Earthquake|p1a: Latias\n|-immune|p1a: Latias|[from] ability: Levitate\n|\n|-damage|p1a: Latias|65\/100 tox|[from] psn\n|-heal|p2a: Gliscor|100\/100 tox|[from] ability: Poison Heal\n|upkeep\n|turn|66\n|inactive|huangrice has 60 seconds left.\n|\n|t:|1699812261\n|move|p1a: Latias|Psychic|p2a: Gliscor\n|-damage|p2a: Gliscor|59\/100 tox\n|move|p2a: Gliscor|Toxic|p1a: Latias\n|-fail|p1a: Latias|tox\n|\n|-damage|p1a: Latias|53\/100 tox|[from] psn\n|-heal|p2a: Gliscor|71\/100 tox|[from] ability: Poison Heal\n|upkeep\n|turn|67\n|inactive|huangrice has 60 seconds left.\n|\n|t:|1699812275\n|move|p2a: Gliscor|Protect|p2a: Gliscor\n|-singleturn|p2a: Gliscor|Protect\n|move|p1a: Latias|Roost|p1a: Latias\n|-heal|p1a: Latias|100\/100 tox\n|-singleturn|p1a: Latias|move: Roost\n|\n|-damage|p1a: Latias|83\/100 tox|[from] psn\n|-heal|p2a: Gliscor|84\/100 tox|[from] ability: Poison Heal\n|upkeep\n|turn|68\n|inactive|huangrice has 60 seconds left.\n|\n|t:|1699812287\n|move|p1a: Latias|Psychic|p2a: Gliscor\n|-damage|p2a: Gliscor|44\/100 tox\n|move|p2a: Gliscor|Defog|p1a: Latias\n|-unboost|p1a: Latias|evasion|1\n|\n|-damage|p1a: Latias|59\/100 tox|[from] psn\n|-heal|p2a: Gliscor|56\/100 tox|[from] ability: Poison Heal\n|upkeep\n|turn|69\n|inactive|huangrice has 60 seconds left.\n|\n|t:|1699812307\n|switch|p1a: Jirachi|Jirachi|100\/100\n|move|p2a: Gliscor|Protect||[still]\n|-fail|p2a: Gliscor\n|\n|-heal|p2a: Gliscor|69\/100 tox|[from] ability: Poison Heal\n|upkeep\n|turn|70\n|\n|t:|1699812316\n|move|p1a: Jirachi|Iron Head|p2a: Gliscor\n|-damage|p2a: Gliscor|45\/100 tox\n|cant|p2a: Gliscor|flinch\n|\n|-heal|p2a: Gliscor|58\/100 tox|[from] ability: Poison Heal\n|upkeep\n|turn|71\n|inactive|huangrice has 60 seconds left.\n|\n|t:|1699812323\n|move|p2a: Gliscor|Protect|p2a: Gliscor\n|-singleturn|p2a: Gliscor|Protect\n|move|p1a: Jirachi|Iron Head|p2a: Gliscor\n|-activate|p2a: Gliscor|move: Protect\n|\n|-heal|p2a: Gliscor|70\/100 tox|[from] ability: Poison Heal\n|upkeep\n|turn|72\n|\n|t:|1699812332\n|move|p1a: Jirachi|Iron Head|p2a: Gliscor\n|-damage|p2a: Gliscor|47\/100 tox\n|cant|p2a: Gliscor|flinch\n|\n|-heal|p2a: Gliscor|60\/100 tox|[from] ability: Poison Heal\n|upkeep\n|turn|73\n|\n|t:|1699812340\n|move|p2a: Gliscor|Protect|p2a: Gliscor\n|-singleturn|p2a: Gliscor|Protect\n|move|p1a: Jirachi|Stealth Rock|p2a: Gliscor\n|-sidestart|p2: Munchback|move: Stealth Rock\n|\n|-heal|p2a: Gliscor|72\/100 tox|[from] ability: Poison Heal\n|upkeep\n|turn|74\n|\n|t:|1699812348\n|move|p1a: Jirachi|Iron Head|p2a: Gliscor\n|-damage|p2a: Gliscor|51\/100 tox\n|cant|p2a: Gliscor|flinch\n|\n|-heal|p2a: Gliscor|63\/100 tox|[from] ability: Poison Heal\n|upkeep\n|turn|75\n|\n|t:|1699812354\n|move|p1a: Jirachi|Iron Head|p2a: Gliscor\n|-damage|p2a: Gliscor|42\/100 tox\n|cant|p2a: Gliscor|flinch\n|\n|-heal|p2a: Gliscor|54\/100 tox|[from] ability: Poison Heal\n|upkeep\n|turn|76\n|\n|t:|1699812361\n|move|p1a: Jirachi|Iron Head|p2a: Gliscor\n|-damage|p2a: Gliscor|33\/100 tox\n|move|p2a: Gliscor|Defog|p1a: Jirachi\n|-unboost|p1a: Jirachi|evasion|1\n|-sideend|p2: Munchback|Stealth Rock|[from] move: Defog|[of] p2a: Gliscor\n|\n|-heal|p2a: Gliscor|45\/100 tox|[from] ability: Poison Heal\n|upkeep\n|turn|77\n|inactive|huangrice has 90 seconds left.\n|\n|t:|1699812369\n|move|p2a: Gliscor|Protect|p2a: Gliscor\n|-singleturn|p2a: Gliscor|Protect\n|move|p1a: Jirachi|Iron Head|p2a: Gliscor\n|-activate|p2a: Gliscor|move: Protect\n|\n|-heal|p2a: Gliscor|58\/100 tox|[from] ability: Poison Heal\n|upkeep\n|turn|78\n|inactive|huangrice has 90 seconds left.\n|\n|t:|1699812384\n|move|p1a: Jirachi|Stealth Rock|p2a: Gliscor\n|-sidestart|p2: Munchback|move: Stealth Rock\n|move|p2a: Gliscor|Earthquake|p1a: Jirachi\n|-supereffective|p1a: Jirachi\n|-damage|p1a: Jirachi|48\/100\n|\n|-heal|p1a: Jirachi|54\/100|[from] item: Leftovers\n|-heal|p2a: Gliscor|70\/100 tox|[from] ability: Poison Heal\n|upkeep\n|turn|79\n|inactive|huangrice has 90 seconds left.\n|\n|t:|1699812398\n|switch|p1a: Tornadus|Tornadus-Therian, M|67\/100 psn\n|move|p2a: Gliscor|Defog|p1a: Tornadus\n|-unboost|p1a: Tornadus|evasion|1\n|-sideend|p2: Munchback|Stealth Rock|[from] move: Defog|[of] p2a: Gliscor\n|\n|-damage|p1a: Tornadus|54\/100 psn|[from] psn\n|-heal|p2a: Gliscor|83\/100 tox|[from] ability: Poison Heal\n|upkeep\n|turn|80\n|inactive|huangrice has 90 seconds left.\n|\n|t:|1699812410\n|switch|p2a: Toxapex|Toxapex, M|81\/100\n|move|p1a: Tornadus|Hurricane|p2a: Toxapex\n|-damage|p2a: Toxapex|61\/100\n|-start|p2a: Toxapex|confusion\n|\n|-damage|p1a: Tornadus|42\/100 psn|[from] psn\n|upkeep\n|turn|81\n|inactive|huangrice has 90 seconds left.\n|\n|t:|1699812425\n|switch|p1a: Jirachi|Jirachi|54\/100\n|-activate|p2a: Toxapex|confusion\n|-damage|p2a: Toxapex|56\/100|[from] confusion\n|\n|-heal|p1a: Jirachi|60\/100|[from] item: Leftovers\n|upkeep\n|turn|82\n|\n|t:|1699812432\n|move|p1a: Jirachi|Iron Head|p2a: Toxapex\n|-resisted|p2a: Toxapex\n|-damage|p2a: Toxapex|45\/100\n|cant|p2a: Toxapex|flinch\n|\n|-heal|p1a: Jirachi|67\/100|[from] item: Leftovers\n|upkeep\n|turn|83\n|\n|t:|1699812439\n|move|p1a: Jirachi|Iron Head|p2a: Toxapex\n|-resisted|p2a: Toxapex\n|-damage|p2a: Toxapex|34\/100\n|-activate|p2a: Toxapex|confusion\n|move|p2a: Toxapex|Scald|p1a: Jirachi\n|-damage|p1a: Jirachi|50\/100\n|\n|-heal|p1a: Jirachi|56\/100|[from] item: Leftovers\n|upkeep\n|turn|84\n|\n|t:|1699812448\n|move|p1a: Jirachi|Iron Head|p2a: Toxapex\n|-resisted|p2a: Toxapex\n|-damage|p2a: Toxapex|23\/100\n|cant|p2a: Toxapex|flinch\n|\n|-heal|p1a: Jirachi|62\/100|[from] item: Leftovers\n|upkeep\n|turn|85\n|\n|t:|1699812456\n|switch|p2a: Alomomola|Alomomola, F|100\/100\n|move|p1a: Jirachi|Iron Head|p2a: Alomomola\n|-resisted|p2a: Alomomola\n|-crit|p2a: Alomomola\n|-damage|p2a: Alomomola|90\/100\n|\n|-heal|p1a: Jirachi|69\/100|[from] item: Leftovers\n|-heal|p2a: Alomomola|96\/100|[from] item: Leftovers\n|upkeep\n|turn|86\n|\n|t:|1699812469\n|move|p1a: Jirachi|Stealth Rock|p2a: Alomomola\n|-sidestart|p2: Munchback|move: Stealth Rock\n|move|p2a: Alomomola|Wish|p2a: Alomomola\n|\n|-heal|p1a: Jirachi|75\/100|[from] item: Leftovers\n|-heal|p2a: Alomomola|100\/100|[from] item: Leftovers\n|upkeep\n|turn|87\n|\n|t:|1699812482\n|move|p1a: Jirachi|Stealth Rock||[still]\n|-fail|p1a: Jirachi\n|move|p2a: Alomomola|Flip Turn|p1a: Jirachi\n|-damage|p1a: Jirachi|61\/100\n|\n|t:|1699812486\n|switch|p2a: Landorus|Landorus-Therian, M|37\/100|[from] Flip Turn\n|-damage|p2a: Landorus|25\/100|[from] Stealth Rock\n|-ability|p2a: Landorus|Intimidate|boost\n|-unboost|p1a: Jirachi|atk|1\n|\n|-heal|p2a: Landorus|100\/100|[from] move: Wish|[wisher] Alomomola\n|-heal|p1a: Jirachi|68\/100|[from] item: Leftovers\n|upkeep\n|turn|88\n|inactive|huangrice has 120 seconds left.\n|\n|t:|1699812505\n|switch|p1a: Tornadus|Tornadus-Therian, M|75\/100 psn\n|move|p2a: Landorus|U-turn|p1a: Tornadus\n|-resisted|p1a: Tornadus\n|-damage|p1a: Tornadus|60\/100 psn\n|\n|t:|1699812510\n|switch|p2a: Alomomola|Alomomola, F|100\/100|[from] U-turn\n|-damage|p2a: Alomomola|88\/100|[from] Stealth Rock\n|\n|-heal|p2a: Alomomola|94\/100|[from] item: Leftovers\n|-damage|p1a: Tornadus|48\/100 psn|[from] psn\n|upkeep\n|turn|89\n|inactive|huangrice has 120 seconds left.\n|\n|t:|1699812536\n|switch|p1a: Primarina|Primarina, M|100\/100 slp\n|move|p2a: Alomomola|Protect||[still]\n|-fail|p2a: Alomomola\n|\n|-heal|p2a: Alomomola|100\/100|[from] item: Leftovers\n|upkeep\n|turn|90\n|\n|t:|1699812543\n|cant|p1a: Primarina|slp\n|move|p1a: Primarina|Sleep Talk|p1a: Primarina\n|move|p1a: Primarina|Moonblast|p2a: Alomomola|[from]move: Sleep Talk\n|-damage|p2a: Alomomola|52\/100\n|move|p2a: Alomomola|Flip Turn|p1a: Primarina\n|-resisted|p1a: Primarina\n|-damage|p1a: Primarina|94\/100 slp\n|\n|t:|1699812555\n|switch|p2a: Gliscor|Gliscor, M|83\/100 tox|[from] Flip Turn\n|-damage|p2a: Gliscor|70\/100 tox|[from] Stealth Rock\n|\n|-heal|p2a: Gliscor|83\/100 tox|[from] ability: Poison Heal\n|upkeep\n|turn|91\n|\n|t:|1699812568\n|move|p2a: Gliscor|Defog|p1a: Primarina\n|-unboost|p1a: Primarina|evasion|1\n|-sideend|p2: Munchback|Stealth Rock|[from] move: Defog|[of] p2a: Gliscor\n|-curestatus|p1a: Primarina|slp|[msg]\n|move|p1a: Primarina|Sleep Talk||[still]\n|-fail|p1a: Primarina\n|\n|-heal|p2a: Gliscor|95\/100 tox|[from] ability: Poison Heal\n|upkeep\n|turn|92\n|\n|t:|1699812579\n|switch|p2a: Toxapex|Toxapex, M|57\/100\n|move|p1a: Primarina|Scald|p2a: Toxapex\n|-resisted|p2a: Toxapex\n|-damage|p2a: Toxapex|48\/100\n|\n|upkeep\n|turn|93\n|\n|t:|1699812588\n|move|p1a: Primarina|Moonblast|p2a: Toxapex\n|-resisted|p2a: Toxapex\n|-damage|p2a: Toxapex|38\/100\n|move|p2a: Toxapex|Knock Off|p1a: Primarina\n|-resisted|p1a: Primarina\n|-damage|p1a: Primarina|90\/100\n|\n|upkeep\n|turn|94\n|inactive|huangrice has 90 seconds left.\n|\n|t:|1699812606\n|switch|p1a: Latias|Latias-Mega, F|59\/100 tox\n|move|p2a: Toxapex|Scald|p1a: Latias\n|-resisted|p1a: Latias\n|-damage|p1a: Latias|49\/100 tox\n|\n|-damage|p1a: Latias|43\/100 tox|[from] psn\n|upkeep\n|turn|95\n|\n|t:|1699812615\n|switch|p2a: Clodsire|Clodsire, M, tera:Water|100\/100\n|move|p1a: Latias|Psychic|p2a: Clodsire\n|-damage|p2a: Clodsire|74\/100\n|\n|-heal|p2a: Clodsire|80\/100|[from] item: Leftovers\n|-damage|p1a: Latias|31\/100 tox|[from] psn\n|upkeep\n|turn|96\n|inactive|huangrice has 60 seconds left.\n|\n|t:|1699812660\n|switch|p1a: Tornadus|Tornadus-Therian, M|81\/100 psn\n|move|p2a: Clodsire|Toxic Spikes|p1a: Tornadus\n|-sidestart|p1: huangrice|move: Toxic Spikes\n|\n|-heal|p2a: Clodsire|86\/100|[from] item: Leftovers\n|-damage|p1a: Tornadus|68\/100 psn|[from] psn\n|upkeep\n|turn|97\n|\n|t:|1699812673\n|move|p1a: Tornadus|Defog|p2a: Clodsire\n|-unboost|p2a: Clodsire|evasion|1\n|-sideend|p1: huangrice|Toxic Spikes|[from] move: Defog|[of] p1a: Tornadus\n|move|p2a: Clodsire|Toxic Spikes|p1a: Tornadus\n|-sidestart|p1: huangrice|move: Toxic Spikes\n|\n|-heal|p2a: Clodsire|93\/100|[from] item: Leftovers\n|-damage|p1a: Tornadus|56\/100 psn|[from] psn\n|upkeep\n|turn|98\n|\n|t:|1699812680\n|move|p1a: Tornadus|Defog|p2a: Clodsire\n|-unboost|p2a: Clodsire|evasion|1\n|-sideend|p1: huangrice|Toxic Spikes|[from] move: Defog|[of] p1a: Tornadus\n|move|p2a: Clodsire|Toxic Spikes|p1a: Tornadus\n|-sidestart|p1: huangrice|move: Toxic Spikes\n|\n|-heal|p2a: Clodsire|99\/100|[from] item: Leftovers\n|-damage|p1a: Tornadus|44\/100 psn|[from] psn\n|upkeep\n|turn|99\n|\n|t:|1699812690\n|switch|p1a: Primarina|Primarina, M|90\/100\n|-status|p1a: Primarina|psn\n|switch|p2a: Landorus|Landorus-Therian, M|100\/100\n|-ability|p2a: Landorus|Intimidate|boost\n|-unboost|p1a: Primarina|atk|1\n|\n|-damage|p1a: Primarina|77\/100 psn|[from] psn\n|upkeep\n|turn|100\n|inactive|huangrice has 30 seconds left.\n|\n|t:|1699812713\n|-terastallize|p1a: Primarina|Water\n|move|p2a: Landorus|U-turn|p1a: Primarina\n|-damage|p1a: Primarina|54\/100 psn\n|\n|t:|1699812721\n|switch|p2a: Toxapex|Toxapex, M|72\/100|[from] U-turn\n|move|p1a: Primarina|Scald|p2a: Toxapex\n|-resisted|p2a: Toxapex\n|-damage|p2a: Toxapex|60\/100\n|\n|-damage|p1a: Primarina|42\/100 psn|[from] psn\n|upkeep\n|turn|101\n|\n|t:|1699812730\n|move|p1a: Primarina|Rest|p1a: Primarina\n|-status|p1a: Primarina|slp|[from] move: Rest\n|-heal|p1a: Primarina|100\/100 slp|[silent]\n|move|p2a: Toxapex|Acid Spray|p1a: Primarina\n|-damage|p1a: Primarina|90\/100 slp\n|-unboost|p1a: Primarina|spd|2\n|\n|upkeep\n|turn|102\n|inactive|huangrice has 30 seconds left.\n|inactive|huangrice has 20 seconds left.\n|\n|t:|1699812751\n|switch|p1a: Jirachi|Jirachi|68\/100\n|move|p2a: Toxapex|Sludge Bomb|p1a: Jirachi\n|-immune|p1a: Jirachi\n|\n|-heal|p1a: Jirachi|74\/100|[from] item: Leftovers\n|upkeep\n|turn|103\n|inactive|huangrice has 25 seconds left this turn.\n|inactive|huangrice has 20 seconds left.\n|\n|t:|1699812758\n|move|p1a: Jirachi|Iron Head|p2a: Toxapex\n|-resisted|p2a: Toxapex\n|-damage|p2a: Toxapex|50\/100\n|move|p2a: Toxapex|Knock Off|p1a: Jirachi\n|-supereffective|p1a: Jirachi\n|-damage|p1a: Jirachi|49\/100\n|-enditem|p1a: Jirachi|Leftovers|[from] move: Knock Off|[of] p2a: Toxapex\n|\n|upkeep\n|turn|104\n|inactive|huangrice has 25 seconds left this turn.\n|inactive|huangrice has 20 seconds left.\n|\n|t:|1699812768\n|switch|p2a: Alomomola|Alomomola, F|86\/100\n|move|p1a: Jirachi|Healing Wish|p1a: Jirachi\n|faint|p1a: Jirachi\n|\n|-heal|p2a: Alomomola|92\/100|[from] item: Leftovers\n|upkeep\n|inactive|huangrice has 25 seconds left this turn.\n|inactive|huangrice has 20 seconds left.\n|\n|t:|1699812776\n|switch|p1a: Latias|Latias-Mega, F|31\/100 tox\n|-heal|p1a: Latias|100\/100|[from] move: Healing Wish\n|turn|105\n|inactive|huangrice has 25 seconds left this turn.\n|inactive|huangrice has 20 seconds left.\n|\n|t:|1699812781\n|switch|p1a: Tornadus|Tornadus-Therian, M|77\/100 psn\n|move|p2a: Alomomola|Toxic||[still]\n|-fail|p2a: Alomomola\n|\n|-heal|p2a: Alomomola|98\/100|[from] item: Leftovers\n|-damage|p1a: Tornadus|64\/100 psn|[from] psn\n|upkeep\n|turn|106\n|inactive|huangrice has 25 seconds left this turn.\n|inactive|huangrice has 20 seconds left.\n|inactive|huangrice has 15 seconds left.\n|\n|t:|1699812791\n|move|p2a: Alomomola|Protect|p2a: Alomomola\n|-singleturn|p2a: Alomomola|Protect\n|move|p1a: Tornadus|Defog|p2a: Alomomola\n|-activate|p2a: Alomomola|move: Protect\n|\n|-heal|p2a: Alomomola|100\/100|[from] item: Leftovers\n|-damage|p1a: Tornadus|52\/100 psn|[from] psn\n|upkeep\n|turn|107\n|inactive|huangrice has 20 seconds left this turn.\n|inactive|huangrice has 15 seconds left.\n|\n|t:|1699812801\n|move|p1a: Tornadus|Defog|p2a: Alomomola\n|-unboost|p2a: Alomomola|evasion|1\n|-sideend|p1: huangrice|Toxic Spikes|[from] move: Defog|[of] p1a: Tornadus\n|move|p2a: Alomomola|Flip Turn|p1a: Tornadus\n|-damage|p1a: Tornadus|32\/100 psn\n|inactive|huangrice has 20 seconds left this turn.\n|\n|t:|1699812819\n|switch|p2a: Landorus|Landorus-Therian, M|100\/100|[from] Flip Turn\n|-ability|p2a: Landorus|Intimidate|boost\n|-unboost|p1a: Tornadus|atk|1\n|\n|-damage|p1a: Tornadus|20\/100 psn|[from] psn\n|upkeep\n|turn|108\n|inactive|huangrice has 25 seconds left this turn.\n|inactive|huangrice has 20 seconds left.\n|inactive|huangrice has 15 seconds left.\n|\n|t:|1699812833\n|switch|p1a: Latias|Latias-Mega, F|100\/100\n|move|p2a: Landorus|U-turn|p1a: Latias\n|-supereffective|p1a: Latias\n|-damage|p1a: Latias|53\/100\n|inactive|huangrice has 20 seconds left this turn.\n|\n|t:|1699812846\n|switch|p2a: Alomomola|Alomomola, F|100\/100|[from] U-turn\n|\n|upkeep\n|turn|109\n|inactive|huangrice has 25 seconds left this turn.\n|inactive|huangrice has 20 seconds left.\n|\n|t:|1699812854\n|switch|p1a: Primarina|Primarina, M, tera:Water|90\/100 slp\n|move|p2a: Alomomola|Toxic||[still]\n|-fail|p2a: Alomomola\n|\n|upkeep\n|turn|110\n|inactive|huangrice has 25 seconds left this turn.\n|inactive|huangrice has 20 seconds left.\n|inactive|huangrice has 15 seconds left.\n|\n|t:|1699812865\n|cant|p1a: Primarina|slp\n|move|p2a: Alomomola|Flip Turn|p1a: Primarina\n|-resisted|p1a: Primarina\n|-damage|p1a: Primarina|84\/100 slp\n|inactive|huangrice has 20 seconds left this turn.\n|\n|t:|1699812870\n|switch|p2a: Arbok|Arbok, F|100\/100|[from] Flip Turn\n|-ability|p2a: Arbok|Intimidate|boost\n|-unboost|p1a: Primarina|atk|1\n|\n|upkeep\n|turn|111\n|inactive|huangrice has 25 seconds left this turn.\n|inactive|huangrice has 20 seconds left.\n|\n|t:|1699812875\n|move|p2a: Arbok|Substitute|p2a: Arbok\n|-start|p2a: Arbok|Substitute\n|-damage|p2a: Arbok|75\/100\n|cant|p1a: Primarina|slp\n|move|p1a: Primarina|Sleep Talk|p1a: Primarina\n|move|p1a: Primarina|Moonblast|p2a: Arbok|[from]move: Sleep Talk\n|-resisted|p2a: Arbok\n|-end|p2a: Arbok|Substitute\n|\n|-heal|p2a: Arbok|82\/100|[from] item: Black Sludge\n|upkeep\n|turn|112\n|inactive|huangrice has 25 seconds left this turn.\n|inactive|huangrice has 20 seconds left.\n|inactive|huangrice has 15 seconds left.\n|inactive|huangrice has 10 seconds left.\n|\n|t:|1699812891\n|move|p2a: Arbok|Substitute|p2a: Arbok\n|-start|p2a: Arbok|Substitute\n|-damage|p2a: Arbok|57\/100\n|-curestatus|p1a: Primarina|slp|[msg]\n|move|p1a: Primarina|Moonblast|p2a: Arbok\n|-resisted|p2a: Arbok\n|-activate|p2a: Arbok|move: Substitute|[damage]\n|\n|-heal|p2a: Arbok|63\/100|[from] item: Black Sludge\n|upkeep\n|turn|113\n|inactive|huangrice has 15 seconds left this turn.\n|inactive|huangrice has 10 seconds left.\n|inactive|huangrice has 5 seconds left.\n|\n|t:|1699812906\n|move|p2a: Arbok|Switcheroo|p1a: Primarina\n|-activate|p2a: Arbok|move: Trick|[of] p1a: Primarina\n|-item|p1a: Primarina|Black Sludge|[from] move: Switcheroo\n|-enditem|p2a: Arbok|Black Sludge|[silent]|[from] move: Switcheroo\n|move|p1a: Primarina|Moonblast|p2a: Arbok\n|-resisted|p2a: Arbok\n|-end|p2a: Arbok|Substitute\n|\n|-damage|p1a: Primarina|71\/100|[from] item: Black Sludge\n|upkeep\n|turn|114\n|inactive|huangrice has 10 seconds left this turn.\n|inactive|huangrice has 5 seconds left.\n|\n|t:|1699812913\n|switch|p2a: Toxapex|Toxapex, M|84\/100\n|move|p1a: Primarina|Moonblast|p2a: Toxapex\n|-resisted|p2a: Toxapex\n|-damage|p2a: Toxapex|73\/100\n|-unboost|p2a: Toxapex|spa|1\n|\n|-damage|p1a: Primarina|59\/100|[from] item: Black Sludge\n|upkeep\n|turn|115\n|inactive|huangrice has 10 seconds left this turn.\n|inactive|huangrice has 5 seconds left.\n|inactiveoff|Battle timer is now OFF.\n|\n|t:|1699812926\n|switch|p1a: Latias|Latias-Mega, F|53\/100\n|move|p2a: Toxapex|Acid Spray|p1a: Latias\n|-damage|p1a: Latias|47\/100\n|-unboost|p1a: Latias|spd|2\n|\n|upkeep\n|turn|116\n|\n|t:|1699812935\n|move|p1a: Latias|Thunderbolt|p2a: Toxapex\n|-supereffective|p2a: Toxapex\n|-crit|p2a: Toxapex\n|-damage|p2a: Toxapex|26\/100\n|move|p2a: Toxapex|Sludge Bomb|p1a: Latias\n|-damage|p1a: Latias|18\/100\n|\n|upkeep\n|turn|117\n|\n|t:|1699812944\n|switch|p2a: Clodsire|Clodsire, M, tera:Water|99\/100\n|move|p1a: Latias|Thunderbolt|p2a: Clodsire\n|-supereffective|p2a: Clodsire\n|-damage|p2a: Clodsire|65\/100\n|-status|p2a: Clodsire|par\n|\n|-heal|p2a: Clodsire|71\/100 par|[from] item: Leftovers\n|upkeep\n|turn|118\n|\n|t:|1699812955\n|switch|p1a: Primarina|Primarina, M, tera:Water|59\/100\n|move|p2a: Clodsire|Toxic Spikes|p1a: Primarina\n|-sidestart|p1: huangrice|move: Toxic Spikes\n|\n|-damage|p1a: Primarina|47\/100|[from] item: Black Sludge\n|-heal|p2a: Clodsire|77\/100 par|[from] item: Leftovers\n|upkeep\n|turn|119\n|\n|t:|1699812966\n|move|p1a: Primarina|Rest|p1a: Primarina\n|-status|p1a: Primarina|slp|[from] move: Rest\n|-heal|p1a: Primarina|100\/100 slp|[silent]\n|cant|p2a: Clodsire|par\n|\n|-damage|p1a: Primarina|88\/100 slp|[from] item: Black Sludge\n|-heal|p2a: Clodsire|83\/100 par|[from] item: Leftovers\n|upkeep\n|turn|120\n|\n|t:|1699812978\n|cant|p1a: Primarina|slp\n|move|p1a: Primarina|Sleep Talk|p1a: Primarina\n|move|p1a: Primarina|Moonblast|p2a: Clodsire|[from]move: Sleep Talk\n|-damage|p2a: Clodsire|63\/100 par\n|-unboost|p2a: Clodsire|spa|1\n|cant|p2a: Clodsire|par\n|\n|-damage|p1a: Primarina|76\/100 slp|[from] item: Black Sludge\n|-heal|p2a: Clodsire|69\/100 par|[from] item: Leftovers\n|upkeep\n|turn|121\n|\n|t:|1699812989\n|cant|p1a: Primarina|slp\n|move|p1a: Primarina|Sleep Talk|p1a: Primarina\n|move|p1a: Primarina|Rest||[from]move: Sleep Talk|[still]\n|-fail|p1a: Primarina\n|move|p2a: Clodsire|Toxic Spikes|p1a: Primarina\n|-sidestart|p1: huangrice|move: Toxic Spikes\n|\n|-damage|p1a: Primarina|63\/100 slp|[from] item: Black Sludge\n|-heal|p2a: Clodsire|75\/100 par|[from] item: Leftovers\n|upkeep\n|turn|122\n|\n|t:|1699813010\n|-curestatus|p1a: Primarina|slp|[msg]\n|move|p1a: Primarina|Moonblast|p2a: Clodsire\n|-crit|p2a: Clodsire\n|-damage|p2a: Clodsire|42\/100 par\n|-unboost|p2a: Clodsire|spa|1\n|move|p2a: Clodsire|Earthquake|p1a: Primarina\n|-damage|p1a: Primarina|40\/100\n|\n|-damage|p1a: Primarina|28\/100|[from] item: Black Sludge\n|-heal|p2a: Clodsire|49\/100 par|[from] item: Leftovers\n|upkeep\n|turn|123\n|\n|t:|1699813021\n|move|p1a: Primarina|Rest|p1a: Primarina\n|-status|p1a: Primarina|slp|[from] move: Rest\n|-heal|p1a: Primarina|100\/100 slp|[silent]\n|move|p2a: Clodsire|Recover|p2a: Clodsire\n|-heal|p2a: Clodsire|99\/100 par\n|\n|-damage|p1a: Primarina|88\/100 slp|[from] item: Black Sludge\n|-heal|p2a: Clodsire|100\/100 par|[from] item: Leftovers\n|upkeep\n|turn|124\n|\n|t:|1699813031\n|switch|p2a: Alomomola|Alomomola, F|100\/100\n|cant|p1a: Primarina|slp\n|move|p1a: Primarina|Sleep Talk|p1a: Primarina\n|move|p1a: Primarina|Scald|p2a: Alomomola|[from]move: Sleep Talk\n|-resisted|p2a: Alomomola\n|-damage|p2a: Alomomola|73\/100\n|\n|-damage|p1a: Primarina|76\/100 slp|[from] item: Black Sludge\n|-heal|p2a: Alomomola|79\/100|[from] item: Leftovers\n|upkeep\n|turn|125\n|\n|t:|1699813056\n|cant|p1a: Primarina|slp\n|move|p1a: Primarina|Sleep Talk|p1a: Primarina\n|move|p1a: Primarina|Scald|p2a: Alomomola|[from]move: Sleep Talk\n|-resisted|p2a: Alomomola\n|-damage|p2a: Alomomola|52\/100\n|move|p2a: Alomomola|Wish|p2a: Alomomola\n|\n|-damage|p1a: Primarina|63\/100 slp|[from] item: Black Sludge\n|-heal|p2a: Alomomola|58\/100|[from] item: Leftovers\n|upkeep\n|turn|126\n|\n|t:|1699813074\n|switch|p1a: Latias|Latias-Mega, F|18\/100\n|move|p2a: Alomomola|Flip Turn|p1a: Latias\n|-resisted|p1a: Latias\n|-damage|p1a: Latias|11\/100\n|\n|t:|1699813078\n|switch|p2a: Landorus|Landorus-Therian, M|100\/100|[from] Flip Turn\n|-ability|p2a: Landorus|Intimidate|boost\n|-unboost|p1a: Latias|atk|1\n|\n|upkeep\n|turn|127\n|\n|t:|1699813090\n|switch|p1a: Primarina|Primarina, M, tera:Water|63\/100 slp\n|move|p2a: Landorus|U-turn|p1a: Primarina\n|-damage|p1a: Primarina|41\/100 slp\n|\n|t:|1699813097\n|switch|p2a: Arbok|Arbok, F|63\/100|[from] U-turn\n|-ability|p2a: Arbok|Intimidate|boost\n|-unboost|p1a: Primarina|atk|1\n|\n|-damage|p1a: Primarina|29\/100 slp|[from] item: Black Sludge\n|upkeep\n|turn|128\n|\n|t:|1699813112\n|move|p2a: Arbok|Substitute|p2a: Arbok\n|-start|p2a: Arbok|Substitute\n|-damage|p2a: Arbok|38\/100\n|-curestatus|p1a: Primarina|slp|[msg]\n|move|p1a: Primarina|Scald|p2a: Arbok\n|-end|p2a: Arbok|Substitute\n|\n|-damage|p1a: Primarina|16\/100|[from] item: Black Sludge\n|upkeep\n|turn|129\n|\n|t:|1699813121\n|move|p2a: Arbok|Protect|p2a: Arbok\n|-singleturn|p2a: Arbok|Protect\n|move|p1a: Primarina|Rest|p1a: Primarina\n|-status|p1a: Primarina|slp|[from] move: Rest\n|-heal|p1a: Primarina|100\/100 slp|[silent]\n|\n|-damage|p1a: Primarina|88\/100 slp|[from] item: Black Sludge\n|upkeep\n|turn|130\n|\n|t:|1699813131\n|move|p2a: Arbok|Substitute|p2a: Arbok\n|-start|p2a: Arbok|Substitute\n|-damage|p2a: Arbok|13\/100\n|cant|p1a: Primarina|slp\n|move|p1a: Primarina|Sleep Talk|p1a: Primarina\n|move|p1a: Primarina|Rest||[from]move: Sleep Talk|[still]\n|-fail|p1a: Primarina\n|\n|-damage|p1a: Primarina|76\/100 slp|[from] item: Black Sludge\n|upkeep\n|turn|131\n|\n|t:|1699813144\n|move|p2a: Arbok|Toxic||[still]\n|-fail|p2a: Arbok\n|cant|p1a: Primarina|slp\n|move|p1a: Primarina|Sleep Talk|p1a: Primarina\n|move|p1a: Primarina|Rest||[from]move: Sleep Talk|[still]\n|-fail|p1a: Primarina\n|\n|-damage|p1a: Primarina|63\/100 slp|[from] item: Black Sludge\n|upkeep\n|turn|132\n|\n|t:|1699813155\n|move|p2a: Arbok|Toxic||[still]\n|-fail|p2a: Arbok\n|-curestatus|p1a: Primarina|slp|[msg]\n|move|p1a: Primarina|Moonblast|p2a: Arbok\n|-resisted|p2a: Arbok\n|-activate|p2a: Arbok|move: Substitute|[damage]\n|\n|-damage|p1a: Primarina|51\/100|[from] item: Black Sludge\n|upkeep\n|turn|133\n|\n|t:|1699813173\n|move|p2a: Arbok|Toxic|p1a: Primarina\n|-status|p1a: Primarina|tox\n|move|p1a: Primarina|Moonblast|p2a: Arbok\n|-resisted|p2a: Arbok\n|-end|p2a: Arbok|Substitute\n|\n|-damage|p1a: Primarina|39\/100 tox|[from] item: Black Sludge\n|-damage|p1a: Primarina|33\/100 tox|[from] psn\n|upkeep\n|turn|134\n|\n|t:|1699813183\n|switch|p2a: Toxapex|Toxapex, M|59\/100\n|move|p1a: Primarina|Moonblast|p2a: Toxapex\n|-resisted|p2a: Toxapex\n|-damage|p2a: Toxapex|49\/100\n|\n|-damage|p1a: Primarina|20\/100 tox|[from] item: Black Sludge\n|-damage|p1a: Primarina|8\/100 tox|[from] psn\n|upkeep\n|turn|135\n|\n|t:|1699813192\n|move|p1a: Primarina|Rest|p1a: Primarina\n|-status|p1a: Primarina|slp|[from] move: Rest\n|-heal|p1a: Primarina|100\/100 slp|[silent]\n|move|p2a: Toxapex|Acid Spray|p1a: Primarina\n|-damage|p1a: Primarina|90\/100 slp\n|-unboost|p1a: Primarina|spd|2\n|\n|-damage|p1a: Primarina|77\/100 slp|[from] item: Black Sludge\n|upkeep\n|turn|136\n|\n|t:|1699813202\n|cant|p1a: Primarina|slp\n|move|p1a: Primarina|Sleep Talk|p1a: Primarina\n|move|p1a: Primarina|Scald|p2a: Toxapex|[from]move: Sleep Talk\n|-resisted|p2a: Toxapex\n|-damage|p2a: Toxapex|37\/100\n|-status|p2a: Toxapex|brn\n|move|p2a: Toxapex|Sludge Bomb|p1a: Primarina\n|-damage|p1a: Primarina|36\/100 slp\n|\n|-damage|p1a: Primarina|24\/100 slp|[from] item: Black Sludge\n|-damage|p2a: Toxapex|32\/100 brn|[from] brn\n|upkeep\n|turn|137\n|\n|t:|1699813220\n|cant|p1a: Primarina|slp\n|move|p2a: Toxapex|Sludge Bomb|p1a: Primarina\n|-damage|p1a: Primarina|0 fnt\n|faint|p1a: Primarina\n|\n|-damage|p2a: Toxapex|26\/100 brn|[from] brn\n|upkeep\n|\n|t:|1699813238\n|switch|p1a: Keldeo|Keldeo-Resolute|27\/100 tox\n|turn|138\n|\n|t:|1699813249\n|switch|p2a: Clodsire|Clodsire, M, tera:Water|100\/100 par\n|move|p1a: Keldeo|Hydro Pump|p2a: Clodsire|[miss]\n|-miss|p1a: Keldeo|p2a: Clodsire\n|\n|-damage|p1a: Keldeo|21\/100 tox|[from] psn\n|upkeep\n|turn|139\n|\n|t:|1699813262\n|switch|p1a: Latias|Latias-Mega, F|11\/100\n|move|p2a: Clodsire|Earthquake|p1a: Latias\n|-immune|p1a: Latias|[from] ability: Levitate\n|\n|upkeep\n|turn|140\n|\n|t:|1699813269\n|move|p1a: Latias|Thunderbolt|p2a: Clodsire\n|-supereffective|p2a: Clodsire\n|-damage|p2a: Clodsire|64\/100 par\n|move|p2a: Clodsire|Recover|p2a: Clodsire\n|-heal|p2a: Clodsire|100\/100 par\n|\n|upkeep\n|turn|141\n|\n|t:|1699813277\n|switch|p2a: Landorus|Landorus-Therian, M|100\/100\n|-ability|p2a: Landorus|Intimidate|boost\n|-unboost|p1a: Latias|atk|1\n|move|p1a: Latias|Thunderbolt|p2a: Landorus\n|-immune|p2a: Landorus\n|\n|upkeep\n|turn|142\n|\n|t:|1699813293\n|switch|p1a: Tornadus|Tornadus-Therian, M|53\/100 psn\n|move|p2a: Landorus|U-turn|p1a: Tornadus\n|-resisted|p1a: Tornadus\n|-damage|p1a: Tornadus|38\/100 psn\n|\n|t:|1699813303\n|switch|p2a: Alomomola|Alomomola, F|91\/100|[from] U-turn\n|\n|-heal|p2a: Alomomola|98\/100|[from] item: Leftovers\n|-damage|p1a: Tornadus|26\/100 psn|[from] psn\n|upkeep\n|turn|143\n|\n|t:|1699813314\n|move|p2a: Alomomola|Protect|p2a: Alomomola\n|-singleturn|p2a: Alomomola|Protect\n|move|p1a: Tornadus|Hurricane|p2a: Alomomola\n|-activate|p2a: Alomomola|move: Protect\n|\n|-heal|p2a: Alomomola|100\/100|[from] item: Leftovers\n|-damage|p1a: Tornadus|13\/100 psn|[from] psn\n|upkeep\n|turn|144\n|\n|t:|1699813333\n|switch|p1a: Blacephalon|Blacephalon|100\/100\n|-status|p1a: Blacephalon|tox\n|move|p2a: Alomomola|Flip Turn|p1a: Blacephalon\n|-supereffective|p1a: Blacephalon\n|-damage|p1a: Blacephalon|22\/100 tox\n|\n|t:|1699813342\n|switch|p2a: Landorus|Landorus-Therian, M|100\/100|[from] Flip Turn\n|-ability|p2a: Landorus|Intimidate|boost\n|-unboost|p1a: Blacephalon|atk|1\n|\n|-damage|p1a: Blacephalon|16\/100 tox|[from] psn\n|upkeep\n|turn|145\n|\n|t:|1699813361\n|switch|p1a: Tornadus|Tornadus-Therian, M|46\/100 psn\n|switch|p2a: Clodsire|Clodsire, M, tera:Water|100\/100 par\n|\n|-damage|p1a: Tornadus|34\/100 psn|[from] psn\n|upkeep\n|turn|146\n|\n|t:|1699813379\n|switch|p2a: Alomomola|Alomomola, F|100\/100\n|move|p1a: Tornadus|Defog|p2a: Alomomola\n|-unboost|p2a: Alomomola|evasion|1\n|-sideend|p1: huangrice|Toxic Spikes|[from] move: Defog|[of] p1a: Tornadus\n|\n|-damage|p1a: Tornadus|21\/100 psn|[from] psn\n|upkeep\n|turn|147\n|\n|t:|1699813390\n|move|p1a: Tornadus|Knock Off|p2a: Alomomola\n|-damage|p2a: Alomomola|89\/100\n|-enditem|p2a: Alomomola|Leftovers|[from] move: Knock Off|[of] p1a: Tornadus\n|move|p2a: Alomomola|Flip Turn|p1a: Tornadus\n|-damage|p1a: Tornadus|2\/100 psn\n|\n|t:|1699813398\n|switch|p2a: Gliscor|Gliscor, M|95\/100 tox|[from] Flip Turn\n|\n|-damage|p1a: Tornadus|0 fnt|[from] psn\n|faint|p1a: Tornadus\n|-heal|p2a: Gliscor|100\/100 tox|[from] ability: Poison Heal\n|upkeep\n|\n|t:|1699813408\n|switch|p1a: Latias|Latias-Mega, F|11\/100\n|turn|148\n|\n|t:|1699813415\n|move|p1a: Latias|Thunderbolt|p2a: Gliscor\n|-immune|p2a: Gliscor\n|move|p2a: Gliscor|Toxic|p1a: Latias\n|-status|p1a: Latias|tox\n|\n|-damage|p1a: Latias|5\/100 tox|[from] psn\n|upkeep\n|turn|149\n|\n|t:|1699813425\n|move|p2a: Gliscor|Protect|p2a: Gliscor\n|-singleturn|p2a: Gliscor|Protect\n|move|p1a: Latias|Hidden Power|p2a: Gliscor\n|-activate|p2a: Gliscor|move: Protect\n|\n|-damage|p1a: Latias|0 fnt|[from] psn\n|faint|p1a: Latias\n|upkeep\n|\n|t:|1699813434\n|switch|p1a: Blacephalon|Blacephalon|16\/100 tox\n|turn|150\n|\n|t:|1699813443\n|switch|p2a: Toxapex|Toxapex, M|59\/100 brn\n|move|p1a: Blacephalon|Fire Blast|p2a: Toxapex\n|-resisted|p2a: Toxapex\n|-damage|p2a: Toxapex|43\/100 brn\n|\n|-damage|p1a: Blacephalon|10\/100 tox|[from] psn\n|-damage|p2a: Toxapex|37\/100 brn|[from] brn\n|upkeep\n|turn|151\n|\n|t:|1699813456\n|switch|p1a: Keldeo|Keldeo-Resolute|21\/100 tox\n|switch|p2a: Alomomola|Alomomola, F|100\/100\n|\n|-damage|p1a: Keldeo|14\/100 tox|[from] psn\n|upkeep\n|turn|152\n|\n|t:|1699813477\n|move|p2a: Alomomola|Protect|p2a: Alomomola\n|-singleturn|p2a: Alomomola|Protect\n|move|p1a: Keldeo|Secret Sword|p2a: Alomomola\n|-activate|p2a: Alomomola|move: Protect\n|\n|-damage|p1a: Keldeo|2\/100 tox|[from] psn\n|upkeep\n|turn|153\n|\n|t:|1699813487\n|move|p1a: Keldeo|Secret Sword|p2a: Alomomola\n|-damage|p2a: Alomomola|67\/100\n|move|p2a: Alomomola|Flip Turn|p1a: Keldeo\n|-resisted|p1a: Keldeo\n|-damage|p1a: Keldeo|0 fnt\n|faint|p1a: Keldeo\n|\n|t:|1699813491\n|switch|p2a: Clodsire|Clodsire, M, tera:Water|100\/100 par|[from] Flip Turn\n|\n|upkeep\n|\n|t:|1699813496\n|switch|p1a: Blacephalon|Blacephalon|10\/100 tox\n|turn|154\n|\n|t:|1699813502\n|move|p1a: Blacephalon|Shadow Ball|p2a: Clodsire\n|-crit|p2a: Clodsire\n|-damage|p2a: Clodsire|60\/100 par\n|cant|p2a: Clodsire|par\n|\n|-heal|p2a: Clodsire|66\/100 par|[from] item: Leftovers\n|-damage|p1a: Blacephalon|4\/100 tox|[from] psn\n|upkeep\n|turn|155\n|\n|t:|1699813515\n|move|p1a: Blacephalon|Shadow Ball|p2a: Clodsire\n|-damage|p2a: Clodsire|40\/100 par\n|move|p2a: Clodsire|Earthquake|p1a: Blacephalon\n|-supereffective|p1a: Blacephalon\n|-damage|p1a: Blacephalon|0 fnt\n|faint|p1a: Blacephalon\n|\n|win|Munchback\n|raw|huangrice's rating: 1208 &rarr; <strong>1189<\/strong><br \/>(-19 for losing)\n|raw|Munchback's rating: 1297 &rarr; <strong>1316<\/strong><br \/>(+19 for winning)\n|c|\u2606Munchback|gg\n|l|\u2606huangrice\n|l|\u2606Munchback\n|j|\u2606huangrice\n|player|p1|huangrice|supernerd\n","uploadtime":1699813574,"views":14,"p1id":"huangrice","p2id":"munchback","formatid":"gen9nationaldex","rating":1189,"private":0,"password":""}