{"id":"gen9nationaldex-1990183504","p1":"trenko","p2":"stepback wemby","format":"[Gen 9] National Dex","log":"|j|\u2606trenko\n|j|\u2606stepback wemby\n|t:|1699934114\n|gametype|singles\n|player|p1|trenko|pokekid|\n|player|p2|stepback wemby|caitlin|\n|teamsize|p1|6\n|teamsize|p2|6\n|gen|9\n|tier|[Gen 9] National Dex\n|rule|HP Percentage Mod: HP is shown in percentages\n|rule|Endless Battle Clause: Forcing endless battles is banned\n|rule|OHKO Clause: OHKO moves are banned\n|rule|Evasion Clause: Evasion abilities, items, and moves are banned\n|rule|Evasion Abilities Clause: Evasion abilities are banned\n|rule|Evasion Items Clause: Evasion items are banned\n|rule|Evasion Moves Clause: Evasion moves are banned\n|rule|Species Clause: Limit one of each Pok\u00e9mon\n|rule|Sleep Clause Mod: Limit one foe put to sleep\n|clearpoke\n|poke|p1|Mew|\n|poke|p1|Landorus-Therian, M|\n|poke|p1|Hatterene, F|\n|poke|p1|Tapu Koko|\n|poke|p1|Gyarados, M|\n|poke|p1|Hawlucha, M|\n|poke|p2|Weezing-Galar, F|\n|poke|p2|Alakazam, M|\n|poke|p2|Heatran, M|\n|poke|p2|Rillaboom, F|\n|poke|p2|Scizor, F|\n|poke|p2|Cresselia, F|\n|teampreview\n|c|\u2606stepback wemby|?\n|c|\u2606stepback wemby|why is alakazam\n|c|\u2606stepback wemby|over\n|c|\u2606stepback wemby|heezing likle that\n|c|\u2606stepback wemby|LMFAO\n|\n|t:|1699934138\n|start\n|switch|p1a: stand proud arty|Tapu Koko|100\/100\n|switch|p2a: PERC 60|Scizor, F, shiny|100\/100\n|-fieldstart|move: Electric Terrain|[from] ability: Electric Surge|[of] p1a: stand proud arty\n|turn|1\n|\n|t:|1699934142\n|switch|p1a: Homelandor|Landorus-Therian, M|100\/100\n|-ability|p1a: Homelandor|Intimidate|boost\n|-unboost|p2a: PERC 60|atk|1\n|move|p2a: PERC 60|Bullet Punch|p1a: Homelandor\n|-damage|p1a: Homelandor|88\/100\n|\n|upkeep\n|turn|2\n|j| Keykard\n|j| homixide poopoo\n|j| alpha4k\n|j| jonglobobe\n|j| kensei4k\n|j| Megakid20\n|j| tidaltao\n|l| jonglobobe\n|\n|t:|1699934181\n|move|p1a: Homelandor|Stealth Rock|p2a: PERC 60\n|-sidestart|p2: stepback wemby|move: Stealth Rock\n|move|p2a: PERC 60|U-turn|p1a: Homelandor\n|-resisted|p1a: Homelandor\n|-damage|p1a: Homelandor|80\/100\n|j| jonglobobe\n|\n|t:|1699934195\n|switch|p2a: AYAHUASCA|Cresselia, F, shiny|100\/100|[from] U-turn\n|-damage|p2a: AYAHUASCA|88\/100|[from] Stealth Rock\n|\n|upkeep\n|turn|3\n|\n|t:|1699934203\n|move|p2a: AYAHUASCA|Ice Beam|p1a: Homelandor\n|-supereffective|p1a: Homelandor\n|-enditem|p1a: Homelandor|Yache Berry|[eat]\n|-enditem|p1a: Homelandor|Yache Berry|[weaken]\n|-damage|p1a: Homelandor|29\/100\n|move|p1a: Homelandor|U-turn|p2a: AYAHUASCA\n|-supereffective|p2a: AYAHUASCA\n|-damage|p2a: AYAHUASCA|53\/100\n|\n|t:|1699934209\n|switch|p1a: the cooler catfish|Gyarados, M|100\/100|[from] U-turn\n|-ability|p1a: the cooler catfish|Intimidate|boost\n|-unboost|p2a: AYAHUASCA|atk|1\n|\n|upkeep\n|turn|4\n|\n|t:|1699934217\n|switch|p2a: Just some gas|Weezing-Galar, F, shiny|100\/100\n|-damage|p2a: Just some gas|88\/100|[from] Stealth Rock\n|move|p1a: the cooler catfish|Substitute|p1a: the cooler catfish\n|-start|p1a: the cooler catfish|Substitute\n|-damage|p1a: the cooler catfish|76\/100\n|\n|upkeep\n|turn|5\n|\n|t:|1699934225\n|move|p1a: the cooler catfish|Dragon Dance|p1a: the cooler catfish\n|-boost|p1a: the cooler catfish|atk|1\n|-boost|p1a: the cooler catfish|spe|1\n|move|p2a: Just some gas|Sludge Bomb|p1a: the cooler catfish\n|-activate|p1a: the cooler catfish|move: Substitute|[damage]\n|\n|-fieldend|move: Electric Terrain\n|upkeep\n|turn|6\n|c|\u2606stepback wemby|gg\n|\n|t:|1699934230\n|move|p1a: the cooler catfish|Dragon Dance|p1a: the cooler catfish\n|-boost|p1a: the cooler catfish|atk|1\n|-boost|p1a: the cooler catfish|spe|1\n|move|p2a: Just some gas|Sludge Bomb|p1a: the cooler catfish\n|-end|p1a: the cooler catfish|Substitute\n|\n|upkeep\n|turn|7\n|c| kensei4k|dayum\n|c| Megakid20|oh noo\n|\n|t:|1699934239\n|move|p1a: the cooler catfish|Substitute|p1a: the cooler catfish\n|-start|p1a: the cooler catfish|Substitute\n|-damage|p1a: the cooler catfish|51\/100\n|move|p2a: Just some gas|Strange Steam|p1a: the cooler catfish\n|-end|p1a: the cooler catfish|Substitute\n|\n|upkeep\n|turn|8\n|\n|t:|1699934244\n|move|p1a: the cooler catfish|Crunch|p2a: Just some gas\n|-resisted|p2a: Just some gas\n|-damage|p2a: Just some gas|73\/100\n|-damage|p1a: the cooler catfish|34\/100|[from] item: Rocky Helmet|[of] p2a: Just some gas\n|move|p2a: Just some gas|Strange Steam|p1a: the cooler catfish\n|-damage|p1a: the cooler catfish|11\/100\n|\n|upkeep\n|turn|9\n|c|\u2606stepback wemby|joseph joestar: niceeeeee\n|c| Megakid20|what is happening\n|c| jonglobobe|\u2606stepback wemby: joseph joestar: niceeeeee\n|\n|t:|1699934261\n|switch|p1a: stand proud arty|Tapu Koko|100\/100\n|-fieldstart|move: Electric Terrain|[from] ability: Electric Surge|[of] p1a: stand proud arty\n|move|p2a: Just some gas|Sludge Bomb|p1a: stand proud arty\n|-supereffective|p1a: stand proud arty\n|-damage|p1a: stand proud arty|28\/100\n|\n|upkeep\n|turn|10\n|c| homixide poopoo|jonglobobe: \u2606stepback wemby: joseph joestar: niceeeeee\n|c|\u2606stepback wemby|homixide poopoo: jonglobobe: \u2606stepback wemby: joseph joestar: niceeeeee\n|c| Megakid20|trenko\n|c| Keykard|\u2606stepback wemby: homixide poopoo: jonglobobe: \u2606stepback wemby: joseph joestar: niceeeeee\n|c| Megakid20|homixide poopoo: jonglobobe: \u2606stepback wemby: joseph joestar: niceeeeee\n|c| kensei4k|Keykard: \u2606stepback wemby: homixide poopoo: jonglobobe: \u2606stepback wemby: joseph joestar: niceeeeee\n|c| jonglobobe|kensei4k: Keykard: \u2606stepback wemby: homixide poopoo: jonglobobe: \u2606stepback wemby: joseph joestar: niceeeeee\n|\n|t:|1699934312\n|move|p1a: stand proud arty|Thunderbolt|p2a: Just some gas\n|-damage|p2a: Just some gas|9\/100\n|move|p2a: Just some gas|Sludge Bomb|p1a: stand proud arty\n|-supereffective|p1a: stand proud arty\n|-damage|p1a: stand proud arty|0 fnt\n|faint|p1a: stand proud arty\n|\n|upkeep\n|c| Megakid20|dude\n|\n|t:|1699934329\n|switch|p1a: the cooler catfish|Gyarados, M|11\/100\n|-ability|p1a: the cooler catfish|Intimidate|boost\n|-unboost|p2a: Just some gas|atk|1\n|turn|11\n|\n|t:|1699934331\n|detailschange|p1a: the cooler catfish|Gyarados-Mega, M\n|-mega|p1a: the cooler catfish|Gyarados|Gyaradosite\n|-ability|p1a: the cooler catfish|Mold Breaker\n|move|p1a: the cooler catfish|Crunch|p2a: Just some gas\n|-resisted|p2a: Just some gas\n|-damage|p2a: Just some gas|0 fnt\n|-damage|p1a: the cooler catfish|0 fnt|[from] item: Rocky Helmet|[of] p2a: Just some gas\n|faint|p2a: Just some gas\n|faint|p1a: the cooler catfish\n|\n|upkeep\n|c| Megakid20|weezing galar\n|c| homixide poopoo|jonglobobe: kensei4k: Keykard: \u2606stepback wemby: homixide poopoo: jonglobobe: \u2606stepback wemby: joseph joestar: niceeeeee\n|c| Megakid20|weezing galar's kd this match is insane\n|c| Megakid20|2 for 1\n|\n|t:|1699934356\n|switch|p1a: nah i'd win|Mew|100\/100\n|switch|p2a: PERC 60|Scizor, F, shiny|100\/100\n|-damage|p2a: PERC 60|88\/100|[from] Stealth Rock\n|turn|12\n|\n|t:|1699934360\n|move|p1a: nah i'd win|Roost||[still]\n|-fail|p1a: nah i'd win|heal\n|move|p2a: PERC 60|U-turn|p1a: nah i'd win\n|-supereffective|p1a: nah i'd win\n|-damage|p1a: nah i'd win|60\/100\n|c|\u2606stepback wemby|why am i being trolled\n|c|\u2606trenko|i thougt you would outspeed\n|\n|t:|1699934384\n|switch|p2a: AYAHUASCA|Cresselia, F, shiny|53\/100|[from] U-turn\n|-damage|p2a: AYAHUASCA|40\/100|[from] Stealth Rock\n|\n|-heal|p1a: nah i'd win|67\/100|[from] item: Leftovers\n|upkeep\n|turn|13\n|c|\u2606trenko|im dumb\n|\n|t:|1699934389\n|switch|p1a: Homelandor|Landorus-Therian, M|29\/100\n|-ability|p1a: Homelandor|Intimidate|boost\n|-unboost|p2a: AYAHUASCA|atk|1\n|move|p2a: AYAHUASCA|Shadow Ball|p1a: Homelandor\n|-damage|p1a: Homelandor|7\/100\n|\n|-fieldend|move: Electric Terrain\n|upkeep\n|turn|14\n|\n|t:|1699934396\n|move|p2a: AYAHUASCA|Shadow Ball|p1a: Homelandor\n|-damage|p1a: Homelandor|0 fnt\n|faint|p1a: Homelandor\n|\n|upkeep\n|\n|t:|1699934400\n|switch|p1a: But tonight I|Hatterene, F|100\/100\n|turn|15\n|c| Keykard|if it makes you feel better, i didnt think you would outspeed\n|c|\u2606trenko|ok\n|l| jonglobobe\n|\n|t:|1699934428\n|switch|p2a: PERC 60|Scizor, F, shiny|88\/100\n|-damage|p2a: PERC 60|76\/100|[from] Stealth Rock\n|move|p1a: But tonight I|Calm Mind|p1a: But tonight I\n|-boost|p1a: But tonight I|spa|1\n|-boost|p1a: But tonight I|spd|1\n|\n|upkeep\n|turn|16\n|\n|t:|1699934433\n|move|p2a: PERC 60|U-turn|p1a: But tonight I\n|-damage|p1a: But tonight I|75\/100\n|\n|t:|1699934435\n|switch|p2a: AYAHUASCA|Cresselia, F, shiny|40\/100|[from] U-turn\n|-damage|p2a: AYAHUASCA|28\/100|[from] Stealth Rock\n|move|p1a: But tonight I|Calm Mind|p1a: But tonight I\n|-boost|p1a: But tonight I|spa|1\n|-boost|p1a: But tonight I|spd|1\n|\n|-heal|p1a: But tonight I|81\/100|[from] item: Leftovers\n|upkeep\n|turn|17\n|\n|t:|1699934439\n|move|p2a: AYAHUASCA|Trick|p1a: But tonight I\n|-activate|p2a: AYAHUASCA|move: Trick|[of] p1a: But tonight I\n|-item|p1a: But tonight I|Choice Scarf|[from] move: Trick\n|-item|p2a: AYAHUASCA|Leftovers|[from] move: Trick\n|move|p1a: But tonight I|Draining Kiss|p2a: AYAHUASCA\n|-crit|p2a: AYAHUASCA\n|-damage|p2a: AYAHUASCA|0 fnt\n|-heal|p1a: But tonight I|100\/100|[from] drain|[of] p2a: AYAHUASCA\n|faint|p2a: AYAHUASCA\n|\n|upkeep\n|\n|t:|1699934462\n|switch|p2a: PERC 60|Scizor, F, shiny|76\/100\n|-damage|p2a: PERC 60|64\/100|[from] Stealth Rock\n|turn|18\n|\n|t:|1699934466\n|switch|p1a: nah i'd win|Mew|67\/100\n|move|p2a: PERC 60|Roost|p2a: PERC 60\n|-heal|p2a: PERC 60|100\/100\n|-singleturn|p2a: PERC 60|move: Roost\n|\n|-heal|p1a: nah i'd win|73\/100|[from] item: Leftovers\n|upkeep\n|turn|19\n|\n|t:|1699934470\n|move|p1a: nah i'd win|Roost|p1a: nah i'd win\n|-heal|p1a: nah i'd win|100\/100\n|-singleturn|p1a: nah i'd win|move: Roost\n|move|p2a: PERC 60|U-turn|p1a: nah i'd win\n|-supereffective|p1a: nah i'd win\n|-damage|p1a: nah i'd win|57\/100\n|\n|t:|1699934476\n|switch|p2a: DPH|Heatran, M, shiny|100\/100|[from] U-turn\n|-damage|p2a: DPH|88\/100|[from] Stealth Rock\n|-item|p2a: DPH|Air Balloon\n|\n|-heal|p1a: nah i'd win|63\/100|[from] item: Leftovers\n|upkeep\n|turn|20\n|\n|t:|1699934480\n|move|p1a: nah i'd win|Roost|p1a: nah i'd win\n|-heal|p1a: nah i'd win|100\/100\n|-singleturn|p1a: nah i'd win|move: Roost\n|move|p2a: DPH|Magma Storm|p1a: nah i'd win\n|-damage|p1a: nah i'd win|51\/100\n|-activate|p1a: nah i'd win|move: Magma Storm|[of] p2a: DPH\n|\n|-heal|p1a: nah i'd win|57\/100|[from] item: Leftovers\n|-damage|p1a: nah i'd win|45\/100|[from] move: Magma Storm|[partiallytrapped]\n|upkeep\n|turn|21\n|\n|t:|1699934490\n|move|p1a: nah i'd win|Roost|p1a: nah i'd win\n|-heal|p1a: nah i'd win|95\/100\n|-singleturn|p1a: nah i'd win|move: Roost\n|move|p2a: DPH|Magma Storm|p1a: nah i'd win\n|-damage|p1a: nah i'd win|52\/100\n|\n|-heal|p1a: nah i'd win|58\/100|[from] item: Leftovers\n|-damage|p1a: nah i'd win|46\/100|[from] move: Magma Storm|[partiallytrapped]\n|upkeep\n|turn|22\n|\n|t:|1699934497\n|move|p1a: nah i'd win|Roost|p1a: nah i'd win\n|-heal|p1a: nah i'd win|96\/100\n|-singleturn|p1a: nah i'd win|move: Roost\n|move|p2a: DPH|Flash Cannon|p1a: nah i'd win\n|-damage|p1a: nah i'd win|61\/100\n|-unboost|p1a: nah i'd win|spd|1\n|\n|-heal|p1a: nah i'd win|67\/100|[from] item: Leftovers\n|-damage|p1a: nah i'd win|54\/100|[from] move: Magma Storm|[partiallytrapped]\n|upkeep\n|turn|23\n|\n|t:|1699934504\n|move|p1a: nah i'd win|Block|p2a: DPH\n|-activate|p2a: DPH|trapped\n|move|p2a: DPH|Flash Cannon|p1a: nah i'd win\n|-damage|p1a: nah i'd win|1\/100\n|\n|-heal|p1a: nah i'd win|7\/100|[from] item: Leftovers\n|-damage|p1a: nah i'd win|0 fnt|[from] move: Magma Storm|[partiallytrapped]\n|faint|p1a: nah i'd win\n|upkeep\n|\n|t:|1699934507\n|switch|p1a: Hawesome Sauce!|Hawlucha, M|100\/100\n|-ability|p1a: Hawesome Sauce!|Mold Breaker\n|turn|24\n|c|\u2606stepback wemby|!dt block\n|raw|<ul class=\"utilichart\"><li class=\"result\"><span class=\"col movenamecol\"><a href=\"https:\/\/dex.pokemonshowdown.com\/moves\/block\">Block<\/a><\/span> <span class=\"col typecol\"><img src=\"\/\/play.pokemonshowdown.com\/sprites\/types\/Normal.png\" alt=\"Normal\" width=\"32\" height=\"14\"><img src=\"\/\/play.pokemonshowdown.com\/sprites\/categories\/Status.png\" alt=\"Status\" width=\"32\" height=\"14\"><\/span> <span class=\"col widelabelcol\"><em>Accuracy<\/em><br>\u2014<\/span> <span class=\"col pplabelcol\"><em>PP<\/em><br>8<\/span> <span class=\"col movedesccol\">Prevents the target from switching out.<\/span> <\/li><li style=\"clear:both\"><\/li><\/ul>\n|raw|<font size=\"1\"><font color=\"#686868\">Priority:<\/font> 0&nbsp;|&ThickSpace;<font color=\"#686868\">Gen:<\/font> 3&nbsp;|&ThickSpace;&#10003; Bypasses Protect&nbsp;|&ThickSpace;&#10003; Bounceable&nbsp;|&ThickSpace;<font color=\"#686868\">Z-Effect:<\/font>  Defense +1&nbsp;|&ThickSpace;<font color=\"#686868\">Target:<\/font> One Adjacent Pok\u00e9mon<\/font>\n\n|c|\u2606stepback wemby|CAN I SWITCH OR NO\n|c| homixide poopoo|yes\n|\n|t:|1699934522\n|move|p1a: Hawesome Sauce!|Substitute|p1a: Hawesome Sauce!\n|-start|p1a: Hawesome Sauce!|Substitute\n|-damage|p1a: Hawesome Sauce!|75\/100\n|move|p2a: DPH|Will-O-Wisp||[still]\n|-fail|p2a: DPH\n|\n|upkeep\n|turn|25\n|\n|t:|1699934525\n|move|p1a: Hawesome Sauce!|Swords Dance|p1a: Hawesome Sauce!\n|-boost|p1a: Hawesome Sauce!|atk|2\n|move|p2a: DPH|Flash Cannon|p1a: Hawesome Sauce!\n|-end|p1a: Hawesome Sauce!|Substitute\n|\n|upkeep\n|turn|26\n|\n|t:|1699934538\n|move|p1a: Hawesome Sauce!|Substitute|p1a: Hawesome Sauce!\n|-start|p1a: Hawesome Sauce!|Substitute\n|-damage|p1a: Hawesome Sauce!|50\/100\n|move|p2a: DPH|Flash Cannon|p1a: Hawesome Sauce!\n|-end|p1a: Hawesome Sauce!|Substitute\n|\n|upkeep\n|turn|27\n|\n|t:|1699934540\n|move|p1a: Hawesome Sauce!|Close Combat|p2a: DPH\n|-supereffective|p2a: DPH\n|-damage|p2a: DPH|0 fnt\n|-unboost|p1a: Hawesome Sauce!|def|1\n|-unboost|p1a: Hawesome Sauce!|spd|1\n|-enditem|p2a: DPH|Air Balloon\n|faint|p2a: DPH\n|\n|upkeep\n|\n|t:|1699934549\n|switch|p2a: doirick chinny|Alakazam, M|100\/100\n|turn|28\n|c| kensei4k|doirick chinny\n|\n|t:|1699934566\n|switch|p1a: But tonight I|Hatterene, F|100\/100\n|move|p2a: doirick chinny|Shadow Ball|p1a: But tonight I\n|-supereffective|p1a: But tonight I\n|-damage|p1a: But tonight I|35\/100\n|\n|upkeep\n|turn|29\n|\n|t:|1699934573\n|-terastallize|p1a: But tonight I|Ground\n|move|p2a: doirick chinny|Shadow Ball|p1a: But tonight I\n|-damage|p1a: But tonight I|4\/100\n|move|p1a: But tonight I|Draining Kiss|p2a: doirick chinny\n|-damage|p2a: doirick chinny|67\/100\n|-heal|p1a: But tonight I|24\/100|[from] drain|[of] p2a: doirick chinny\n|\n|upkeep\n|turn|30\n|\n|t:|1699934575\n|move|p2a: doirick chinny|Psychic|p1a: But tonight I\n|-crit|p1a: But tonight I\n|-damage|p1a: But tonight I|0 fnt\n|faint|p1a: But tonight I\n|\n|upkeep\n|\n|t:|1699934578\n|switch|p1a: Hawesome Sauce!|Hawlucha, M|50\/100\n|-ability|p1a: Hawesome Sauce!|Mold Breaker\n|turn|31\n|c|\u2606stepback wemby|gg\n|\n|t:|1699934581\n|move|p2a: doirick chinny|Psychic|p1a: Hawesome Sauce!\n|-supereffective|p1a: Hawesome Sauce!\n|-damage|p1a: Hawesome Sauce!|0 fnt\n|faint|p1a: Hawesome Sauce!\n|\n|win|stepback wemby\n|c|\u2606trenko|gg\n|l| kensei4k\n|l| alpha4k\n|j| jonglobobe\n","uploadtime":1699934585,"views":12,"p1id":"trenko","p2id":"stepbackwemby","formatid":"gen9nationaldex","rating":0,"private":0,"password":""}