{"id":"gen9nationaldex-1994115618","p1":"LipeZero","p2":"Sqrtlboi","format":"[Gen 9] National Dex","log":"|j|\u2606LipeZero\n|j|\u2606Sqrtlboi\n|t:|1700408714\n|gametype|singles\n|player|p1|LipeZero|n|1182\n|player|p2|Sqrtlboi|cheren|1171\n|teamsize|p1|6\n|teamsize|p2|6\n|gen|9\n|tier|[Gen 9] National Dex\n|rated|\n|rule|HP Percentage Mod: HP is shown in percentages\n|rule|Endless Battle Clause: Forcing endless battles is banned\n|rule|OHKO Clause: OHKO moves are banned\n|rule|Evasion Clause: Evasion abilities, items, and moves are banned\n|rule|Evasion Abilities Clause: Evasion abilities are banned\n|rule|Evasion Items Clause: Evasion items are banned\n|rule|Evasion Moves Clause: Evasion moves are banned\n|rule|Species Clause: Limit one of each Pok\u00e9mon\n|rule|Sleep Clause Mod: Limit one foe put to sleep\n|clearpoke\n|poke|p1|Flygon, F|\n|poke|p1|Kommo-o, M|\n|poke|p1|Cloyster, M|\n|poke|p1|Armarouge, F|\n|poke|p1|Ferrothorn, M|\n|poke|p1|Mimikyu, M|\n|poke|p2|Bisharp, F|\n|poke|p2|Tapu Lele|\n|poke|p2|Kommo-o, M|\n|poke|p2|Galvantula, M|\n|poke|p2|Slowbro, F|\n|poke|p2|Corviknight, F|\n|teampreview\n|inactive|Battle timer is ON: inactive players will automatically lose when time's up. (requested by Sqrtlboi)\n|\n|t:|1700408722\n|start\n|switch|p1a: Babi Babydoll|Flygon, F|100\/100\n|switch|p2a: Galvantula|Galvantula, M|100\/100\n|turn|1\n|\n|t:|1700408729\n|move|p2a: Galvantula|Sticky Web|p1a: Babi Babydoll\n|-sidestart|p1: LipeZero|move: Sticky Web\n|move|p1a: Babi Babydoll|Dragon Dance|p1a: Babi Babydoll\n|-boost|p1a: Babi Babydoll|atk|1\n|-boost|p1a: Babi Babydoll|spe|1\n|\n|upkeep\n|turn|2\n|\n|t:|1700408735\n|move|p1a: Babi Babydoll|Earthquake|p2a: Galvantula\n|-enditem|p2a: Galvantula|Focus Sash\n|-damage|p2a: Galvantula|1\/100\n|move|p2a: Galvantula|Bug Buzz|p1a: Babi Babydoll\n|-damage|p1a: Babi Babydoll|46\/100\n|\n|upkeep\n|turn|3\n|\n|t:|1700408743\n|switch|p2a: Corviknight|Corviknight, F|100\/100\n|-ability|p2a: Corviknight|Pressure\n|move|p1a: Babi Babydoll|Scale Shot|p2a: Corviknight\n|-resisted|p2a: Corviknight\n|-damage|p2a: Corviknight|96\/100\n|-resisted|p2a: Corviknight\n|-damage|p2a: Corviknight|91\/100\n|-resisted|p2a: Corviknight\n|-damage|p2a: Corviknight|86\/100\n|-resisted|p2a: Corviknight\n|-damage|p2a: Corviknight|81\/100\n|-resisted|p2a: Corviknight\n|-damage|p2a: Corviknight|76\/100\n|-hitcount|p2a: Corviknight|5\n|-unboost|p1a: Babi Babydoll|def|1\n|-boost|p1a: Babi Babydoll|spe|1\n|\n|upkeep\n|turn|4\n|\n|t:|1700408759\n|move|p1a: Babi Babydoll|Defog|p2a: Corviknight\n|-unboost|p2a: Corviknight|evasion|1\n|-sideend|p1: LipeZero|Sticky Web|[from] move: Defog|[of] p1a: Babi Babydoll\n|move|p2a: Corviknight|Iron Head|p1a: Babi Babydoll\n|-damage|p1a: Babi Babydoll|0 fnt\n|faint|p1a: Babi Babydoll\n|\n|upkeep\n|\n|t:|1700408767\n|switch|p1a: Kaz|Armarouge, F|100\/100\n|turn|5\n|\n|t:|1700408773\n|move|p1a: Kaz|Calm Mind|p1a: Kaz\n|-boost|p1a: Kaz|spa|1\n|-boost|p1a: Kaz|spd|1\n|move|p2a: Corviknight|U-turn|p1a: Kaz\n|-crit|p1a: Kaz\n|-damage|p1a: Kaz|77\/100\n|-ability|p1a: Kaz|Weak Armor|boost\n|-unboost|p1a: Kaz|def|1\n|-boost|p1a: Kaz|spe|2\n|\n|t:|1700408783\n|switch|p2a: Slowbro|Slowbro, F|100\/100|[from] U-turn\n|\n|upkeep\n|turn|6\n|\n|t:|1700408793\n|move|p1a: Kaz|Calm Mind|p1a: Kaz\n|-boost|p1a: Kaz|spa|1\n|-boost|p1a: Kaz|spd|1\n|move|p2a: Slowbro|Scald|p1a: Kaz\n|-supereffective|p1a: Kaz\n|-damage|p1a: Kaz|50\/100\n|-enditem|p1a: Kaz|Weakness Policy\n|-boost|p1a: Kaz|atk|2|[from] item: Weakness Policy\n|-boost|p1a: Kaz|spa|2|[from] item: Weakness Policy\n|\n|upkeep\n|turn|7\n|\n|t:|1700408803\n|move|p1a: Kaz|Energy Ball|p2a: Slowbro\n|-supereffective|p2a: Slowbro\n|-damage|p2a: Slowbro|0 fnt\n|faint|p2a: Slowbro\n|\n|upkeep\n|\n|t:|1700408813\n|switch|p2a: Tapu Lele|Tapu Lele|100\/100\n|-fieldstart|move: Psychic Terrain|[from] ability: Psychic Surge|[of] p2a: Tapu Lele\n|turn|8\n|\n|t:|1700408819\n|move|p2a: Tapu Lele|Psychic|p1a: Kaz\n|-resisted|p1a: Kaz\n|-damage|p1a: Kaz|35\/100\n|move|p1a: Kaz|Armor Cannon|p2a: Tapu Lele\n|-damage|p2a: Tapu Lele|0 fnt\n|-unboost|p1a: Kaz|def|1\n|-unboost|p1a: Kaz|spd|1\n|faint|p2a: Tapu Lele\n|\n|upkeep\n|\n|t:|1700408829\n|switch|p2a: Corviknight|Corviknight, F|76\/100\n|-ability|p2a: Corviknight|Pressure\n|turn|9\n|\n|t:|1700408833\n|move|p1a: Kaz|Armor Cannon|p2a: Corviknight\n|-supereffective|p2a: Corviknight\n|-damage|p2a: Corviknight|0 fnt\n|-unboost|p1a: Kaz|def|1\n|-unboost|p1a: Kaz|spd|1\n|faint|p2a: Corviknight\n|\n|upkeep\n|\n|t:|1700408844\n|switch|p2a: Galvantula|Galvantula, M|1\/100\n|turn|10\n|\n|t:|1700408848\n|move|p1a: Kaz|Stored Power|p2a: Galvantula\n|-damage|p2a: Galvantula|0 fnt\n|faint|p2a: Galvantula\n|\n|upkeep\n|\n|t:|1700408856\n|switch|p2a: Kommo-o|Kommo-o, M|100\/100\n|turn|11\n|\n|t:|1700408865\n|-terastallize|p2a: Kommo-o|Steel\n|move|p1a: Kaz|Stored Power|p2a: Kommo-o\n|-resisted|p2a: Kommo-o\n|-damage|p2a: Kommo-o|0 fnt\n|faint|p2a: Kommo-o\n|\n|upkeep\n|\n|t:|1700408869\n|switch|p2a: Bisharp|Bisharp, F|100\/100\n|turn|12\n|\n|t:|1700408874\n|move|p1a: Kaz|Armor Cannon|p2a: Bisharp\n|-supereffective|p2a: Bisharp\n|-damage|p2a: Bisharp|0 fnt\n|-unboost|p1a: Kaz|def|1\n|-unboost|p1a: Kaz|spd|1\n|faint|p2a: Bisharp\n|\n|win|LipeZero\n|raw|LipeZero's rating: 1182 &rarr; <strong>1206<\/strong><br \/>(+24 for winning)\n|raw|Sqrtlboi's rating: 1171 &rarr; <strong>1147<\/strong><br \/>(-24 for losing)\n|l|\u2606Sqrtlboi\n","uploadtime":1700408883,"views":9,"p1id":"lipezero","p2id":"sqrtlboi","formatid":"gen9nationaldex","rating":1147,"private":0,"password":""}