{"id":"gen9nationaldex-1992877205","p1":"noobmaster9817","p2":"DemonStealthRouge","format":"[Gen 9] National Dex","log":"|j|\u2606noobmaster9817\n|j|\u2606DemonStealthRouge\n|t:|1700243155\n|gametype|singles\n|player|p1|noobmaster9817|policeman-gen4|1050\n|player|p2|DemonStealthRouge|cynthia-masters3|1017\n|teamsize|p1|6\n|teamsize|p2|6\n|gen|9\n|tier|[Gen 9] National Dex\n|rated|\n|rule|HP Percentage Mod: HP is shown in percentages\n|rule|Endless Battle Clause: Forcing endless battles is banned\n|rule|OHKO Clause: OHKO moves are banned\n|rule|Evasion Clause: Evasion abilities, items, and moves are banned\n|rule|Evasion Abilities Clause: Evasion abilities are banned\n|rule|Evasion Items Clause: Evasion items are banned\n|rule|Evasion Moves Clause: Evasion moves are banned\n|rule|Species Clause: Limit one of each Pok\u00e9mon\n|rule|Sleep Clause Mod: Limit one foe put to sleep\n|clearpoke\n|poke|p1|Gyarados, M|\n|poke|p1|Zamazenta-*|\n|poke|p1|Aegislash, F|\n|poke|p1|Gliscor, M|\n|poke|p1|Terrakion|\n|poke|p1|Tornadus-Therian, M|\n|poke|p2|Sneasler, F|\n|poke|p2|Ninetales-Alola, F|\n|poke|p2|Tatsugiri-Droopy, F|\n|poke|p2|Mienshao, F|\n|poke|p2|Croagunk, F|\n|poke|p2|Zoroark-Hisui, F|\n|teampreview\n|inactive|Battle timer is ON: inactive players will automatically lose when time's up. (requested by noobmaster9817)\n|\n|t:|1700243168\n|start\n|switch|p1a: Gliscor|Gliscor, M, shiny|100\/100\n|switch|p2a: Ninetales|Ninetales-Alola, F, shiny|100\/100\n|-weather|Snow|[from] ability: Snow Warning|[of] p2a: Ninetales\n|turn|1\n|\n|t:|1700243179\n|switch|p1a: Aegislash|Aegislash, F, shiny|100\/100\n|move|p2a: Ninetales|Ice Beam|p1a: Aegislash\n|-resisted|p1a: Aegislash\n|-damage|p1a: Aegislash|87\/100\n|\n|-weather|Snow|[upkeep]\n|-heal|p1a: Aegislash|93\/100|[from] item: Leftovers\n|upkeep\n|turn|2\n|\n|t:|1700243189\n|move|p2a: Ninetales|Dark Pulse|p1a: Aegislash\n|-supereffective|p1a: Aegislash\n|-damage|p1a: Aegislash|59\/100\n|-formechange|p1a: Aegislash|Aegislash-Blade||[from] ability: Stance Change\n|move|p1a: Aegislash|Flash Cannon|p2a: Ninetales\n|-supereffective|p2a: Ninetales\n|-damage|p2a: Ninetales|0 fnt\n|faint|p2a: Ninetales\n|\n|-weather|Snow|[upkeep]\n|-heal|p1a: Aegislash|65\/100|[from] item: Leftovers\n|upkeep\n|\n|t:|1700243207\n|switch|p2a: Mienshao|Mienshao, F, shiny|100\/100\n|turn|3\n|\n|t:|1700243217\n|-formechange|p1a: Aegislash|Aegislash||[from] ability: Stance Change\n|move|p1a: Aegislash|King's Shield|p1a: Aegislash\n|-singleturn|p1a: Aegislash|Protect\n|move|p2a: Mienshao|Dark Pulse|p1a: Aegislash\n|-activate|p1a: Aegislash|move: Protect\n|\n|-weather|Snow|[upkeep]\n|-heal|p1a: Aegislash|71\/100|[from] item: Leftovers\n|upkeep\n|turn|4\n|\n|t:|1700243228\n|move|p2a: Mienshao|Dark Pulse|p1a: Aegislash\n|-supereffective|p1a: Aegislash\n|-damage|p1a: Aegislash|26\/100\n|-formechange|p1a: Aegislash|Aegislash-Blade||[from] ability: Stance Change\n|move|p1a: Aegislash|Flash Cannon|p2a: Mienshao\n|-damage|p2a: Mienshao|5\/100\n|replace|p2a: Zoroark|Zoroark-Hisui, F\n|-end|p2a: Zoroark|Illusion\n|\n|-weather|Snow|[upkeep]\n|-heal|p1a: Aegislash|33\/100|[from] item: Leftovers\n|upkeep\n|turn|5\n|\n|t:|1700243243\n|switch|p1a: Gliscor|Gliscor, M, shiny|100\/100\n|move|p2a: Zoroark|Dark Pulse|p1a: Gliscor\n|-damage|p1a: Gliscor|74\/100\n|\n|-weather|Snow|[upkeep]\n|-status|p1a: Gliscor|tox|[from] item: Toxic Orb\n|upkeep\n|turn|6\n|\n|t:|1700243263\n|switch|p2a: Tatsugiri|Tatsugiri-Droopy, F|100\/100\n|move|p1a: Gliscor|Earthquake|p2a: Tatsugiri\n|-damage|p2a: Tatsugiri|34\/100\n|\n|-weather|Snow|[upkeep]\n|-heal|p1a: Gliscor|87\/100 tox|[from] ability: Poison Heal\n|upkeep\n|turn|7\n|\n|t:|1700243271\n|move|p2a: Tatsugiri|Icy Wind|p1a: Gliscor\n|-supereffective|p1a: Gliscor\n|-damage|p1a: Gliscor|28\/100 tox\n|-unboost|p1a: Gliscor|spe|1\n|move|p1a: Gliscor|Earthquake|p2a: Tatsugiri\n|-damage|p2a: Tatsugiri|0 fnt\n|faint|p2a: Tatsugiri\n|\n|-weather|Snow|[upkeep]\n|-heal|p1a: Gliscor|40\/100 tox|[from] ability: Poison Heal\n|upkeep\n|\n|t:|1700243284\n|switch|p2a: Mienshao|Mienshao, F, shiny|5\/100\n|turn|8\n|\n|t:|1700243294\n|move|p2a: Mienshao|Hyper Voice|p1a: Gliscor\n|-damage|p1a: Gliscor|0 fnt\n|faint|p1a: Gliscor\n|\n|-weather|none\n|upkeep\n|\n|t:|1700243311\n|switch|p1a: Tornadus|Tornadus-Therian, M, shiny|100\/100\n|turn|9\n|\n|t:|1700243333\n|switch|p2a: Croagunk|Croagunk, F, shiny|100\/100\n|move|p1a: Tornadus|Knock Off|p2a: Croagunk\n|-resisted|p2a: Croagunk\n|-damage|p2a: Croagunk|85\/100\n|-enditem|p2a: Croagunk|Eviolite|[from] move: Knock Off|[of] p1a: Tornadus\n|\n|upkeep\n|turn|10\n|\n|t:|1700243341\n|move|p2a: Croagunk|Sucker Punch|p1a: Tornadus\n|-damage|p1a: Tornadus|82\/100\n|move|p1a: Tornadus|Hurricane|p2a: Croagunk|[miss]\n|-miss|p1a: Tornadus|p2a: Croagunk\n|\n|upkeep\n|turn|11\n|\n|t:|1700243345\n|move|p2a: Croagunk|Bullet Punch|p1a: Tornadus\n|-damage|p1a: Tornadus|72\/100\n|move|p1a: Tornadus|Hurricane|p2a: Croagunk\n|-supereffective|p2a: Croagunk\n|-damage|p2a: Croagunk|0 fnt\n|faint|p2a: Croagunk\n|\n|upkeep\n|\n|t:|1700243348\n|switch|p2a: Sneasler|Sneasler, F|100\/100\n|turn|12\n|\n|t:|1700243353\n|move|p1a: Tornadus|U-turn|p2a: Sneasler\n|-resisted|p2a: Sneasler\n|-damage|p2a: Sneasler|94\/100\n|\n|t:|1700243356\n|switch|p1a: Aegislash|Aegislash, F, shiny|33\/100|[from] U-turn\n|move|p2a: Sneasler|Dire Claw|p1a: Aegislash\n|-immune|p1a: Aegislash\n|\n|-heal|p1a: Aegislash|39\/100|[from] item: Leftovers\n|upkeep\n|turn|13\n|\n|t:|1700243363\n|move|p2a: Sneasler|Night Slash|p1a: Aegislash\n|-supereffective|p1a: Aegislash\n|-damage|p1a: Aegislash|0 fnt\n|faint|p1a: Aegislash\n|\n|upkeep\n|\n|t:|1700243368\n|switch|p1a: Zamazenta|Zamazenta, shiny|100\/100\n|-ability|p1a: Zamazenta|Dauntless Shield|boost\n|-boost|p1a: Zamazenta|def|1\n|turn|14\n|\n|t:|1700243376\n|-zpower|p1a: Zamazenta\n|move|p1a: Zamazenta|Gigavolt Havoc|p2a: Sneasler|[zeffect]\n|-damage|p2a: Sneasler|0 fnt\n|faint|p2a: Sneasler\n|\n|upkeep\n|\n|t:|1700243385\n|switch|p2a: Mienshao|Mienshao, F, shiny|5\/100\n|turn|15\n|\n|t:|1700243390\n|move|p1a: Zamazenta|Wild Charge|p2a: Mienshao\n|-damage|p2a: Mienshao|0 fnt\n|replace|p2a: Zoroark|Zoroark-Hisui, F\n|-end|p2a: Zoroark|Illusion\n|faint|p2a: Zoroark\n|-damage|p1a: Zamazenta|99\/100|[from] Recoil\n|\n|upkeep\n|\n|t:|1700243392\n|switch|p2a: Mienshao|Mienshao, F, shiny|100\/100\n|turn|16\n|\n|t:|1700243395\n|move|p2a: Mienshao|Fake Out|p1a: Zamazenta\n|-damage|p1a: Zamazenta|90\/100\n|cant|p1a: Zamazenta|flinch\n|\n|upkeep\n|turn|17\n|\n|t:|1700243404\n|move|p1a: Zamazenta|Close Combat|p2a: Mienshao\n|-damage|p2a: Mienshao|0 fnt\n|-unboost|p1a: Zamazenta|def|1\n|-unboost|p1a: Zamazenta|spd|1\n|faint|p2a: Mienshao\n|\n|win|noobmaster9817\n|raw|noobmaster9817's rating: 1050 &rarr; <strong>1079<\/strong><br \/>(+29 for winning)\n|raw|DemonStealthRouge's rating: 1017 &rarr; <strong>1006<\/strong><br \/>(-11 for losing)\n|l|\u2606DemonStealthRouge\n","uploadtime":1700243412,"views":6,"p1id":"noobmaster9817","p2id":"demonstealthrouge","formatid":"gen9nationaldex","rating":1006,"private":0,"password":""}