{"id":"gen9nationaldex-1994475718","p1":"chaoticgem","p2":"addosd","format":"[Gen 9] National Dex","log":"|j|\u2606chaoticgem\n|j|\u2606addosd\n|t:|1700448275\n|gametype|singles\n|player|p1|chaoticgem|265|1143\n|player|p2|addosd|2|1097\n|teamsize|p1|6\n|teamsize|p2|6\n|gen|9\n|tier|[Gen 9] National Dex\n|rated|\n|rule|HP Percentage Mod: HP is shown in percentages\n|rule|Endless Battle Clause: Forcing endless battles is banned\n|rule|OHKO Clause: OHKO moves are banned\n|rule|Evasion Clause: Evasion abilities, items, and moves are banned\n|rule|Evasion Abilities Clause: Evasion abilities are banned\n|rule|Evasion Items Clause: Evasion items are banned\n|rule|Evasion Moves Clause: Evasion moves are banned\n|rule|Species Clause: Limit one of each Pok\u00e9mon\n|rule|Sleep Clause Mod: Limit one foe put to sleep\n|clearpoke\n|poke|p1|Minior|\n|poke|p1|Greninja-*, M|\n|poke|p1|Jirachi|\n|poke|p1|Charizard, M|\n|poke|p1|Togekiss, F|\n|poke|p1|Kartana|\n|poke|p2|Tyranitar, M|\n|poke|p2|Barbaracle, M|\n|poke|p2|Mantine, M|\n|poke|p2|Zapdos|\n|poke|p2|Blacephalon|\n|poke|p2|Ferrothorn, F|\n|teampreview\n|inactive|Battle timer is ON: inactive players will automatically lose when time's up. (requested by chaoticgem)\n|\n|t:|1700448280\n|start\n|switch|p1a: Minior|Minior|100\/100\n|switch|p2a: Tyranitar|Tyranitar, M|100\/100\n|-formechange|p1a: Minior|Minior-Meteor||[from] ability: Shields Down\n|-weather|Sandstorm|[from] ability: Sand Stream|[of] p2a: Tyranitar\n|turn|1\n|\n|t:|1700448298\n|switch|p2a: Mantine|Mantine, M, shiny|100\/100\n|move|p1a: Minior|Shell Smash|p1a: Minior\n|-unboost|p1a: Minior|def|1\n|-unboost|p1a: Minior|spd|1\n|-boost|p1a: Minior|atk|2\n|-boost|p1a: Minior|spa|2\n|-boost|p1a: Minior|spe|2\n|\n|-weather|Sandstorm|[upkeep]\n|-damage|p2a: Mantine|94\/100|[from] Sandstorm\n|-heal|p2a: Mantine|100\/100|[from] item: Leftovers\n|upkeep\n|turn|2\n|\n|t:|1700448303\n|move|p1a: Minior|Shell Smash|p1a: Minior\n|-unboost|p1a: Minior|def|1\n|-unboost|p1a: Minior|spd|1\n|-boost|p1a: Minior|atk|2\n|-boost|p1a: Minior|spa|2\n|-boost|p1a: Minior|spe|2\n|move|p2a: Mantine|Haze|p2a: Mantine\n|-clearallboost\n|\n|-weather|Sandstorm|[upkeep]\n|-damage|p2a: Mantine|94\/100|[from] Sandstorm\n|-heal|p2a: Mantine|100\/100|[from] item: Leftovers\n|upkeep\n|turn|3\n|\n|t:|1700448309\n|move|p1a: Minior|Shell Smash|p1a: Minior\n|-unboost|p1a: Minior|def|1\n|-unboost|p1a: Minior|spd|1\n|-boost|p1a: Minior|atk|2\n|-boost|p1a: Minior|spa|2\n|-boost|p1a: Minior|spe|2\n|move|p2a: Mantine|Toxic|p1a: Minior\n|-immune|p1a: Minior|[from] ability: Shields Down\n|\n|-weather|Sandstorm|[upkeep]\n|-damage|p2a: Mantine|94\/100|[from] Sandstorm\n|-heal|p2a: Mantine|100\/100|[from] item: Leftovers\n|upkeep\n|turn|4\n|\n|t:|1700448315\n|move|p1a: Minior|Earthquake|p2a: Mantine\n|-immune|p2a: Mantine\n|move|p2a: Mantine|Haze|p2a: Mantine\n|-clearallboost\n|\n|-weather|Sandstorm|[upkeep]\n|-damage|p2a: Mantine|94\/100|[from] Sandstorm\n|-heal|p2a: Mantine|100\/100|[from] item: Leftovers\n|upkeep\n|turn|5\n|\n|t:|1700448319\n|move|p1a: Minior|Stone Edge|p2a: Mantine\n|-supereffective|p2a: Mantine\n|-damage|p2a: Mantine|41\/100\n|move|p2a: Mantine|Scald|p1a: Minior\n|-supereffective|p1a: Minior\n|-damage|p1a: Minior|57\/100\n|\n|-weather|none\n|-heal|p2a: Mantine|47\/100|[from] item: Leftovers\n|upkeep\n|turn|6\n|\n|t:|1700448325\n|switch|p2a: Ferrothorn|Ferrothorn, F|100\/100\n|move|p1a: Minior|Stone Edge|p2a: Ferrothorn\n|-resisted|p2a: Ferrothorn\n|-damage|p2a: Ferrothorn|90\/100\n|\n|-heal|p2a: Ferrothorn|97\/100|[from] item: Leftovers\n|upkeep\n|turn|7\n|\n|t:|1700448333\n|move|p1a: Minior|Shell Smash|p1a: Minior\n|-unboost|p1a: Minior|def|1\n|-unboost|p1a: Minior|spd|1\n|-boost|p1a: Minior|atk|2\n|-boost|p1a: Minior|spa|2\n|-boost|p1a: Minior|spe|2\n|move|p2a: Ferrothorn|Gyro Ball|p1a: Minior\n|-supereffective|p1a: Minior\n|-damage|p1a: Minior|0 fnt\n|faint|p1a: Minior\n|\n|-heal|p2a: Ferrothorn|100\/100|[from] item: Leftovers\n|upkeep\n|\n|t:|1700448335\n|switch|p1a: Charizard|Charizard, M|100\/100\n|turn|8\n|\n|t:|1700448339\n|switch|p2a: Tyranitar|Tyranitar, M|100\/100\n|-weather|Sandstorm|[from] ability: Sand Stream|[of] p2a: Tyranitar\n|detailschange|p1a: Charizard|Charizard-Mega-X, M\n|-mega|p1a: Charizard|Charizard|Charizardite X\n|move|p1a: Charizard|Dragon Dance|p1a: Charizard\n|-boost|p1a: Charizard|atk|1\n|-boost|p1a: Charizard|spe|1\n|\n|-weather|Sandstorm|[upkeep]\n|-damage|p1a: Charizard|94\/100|[from] Sandstorm\n|upkeep\n|turn|9\n|\n|t:|1700448344\n|detailschange|p2a: Tyranitar|Tyranitar-Mega, M\n|-mega|p2a: Tyranitar|Tyranitar|Tyranitarite\n|move|p1a: Charizard|Earthquake|p2a: Tyranitar\n|-supereffective|p2a: Tyranitar\n|-damage|p2a: Tyranitar|13\/100\n|move|p2a: Tyranitar|Earthquake|p1a: Charizard\n|-supereffective|p1a: Charizard\n|-damage|p1a: Charizard|0 fnt\n|faint|p1a: Charizard\n|\n|-weather|Sandstorm|[upkeep]\n|upkeep\n|\n|t:|1700448349\n|switch|p1a: Greninja|Greninja, M|100\/100\n|turn|10\n|\n|t:|1700448353\n|switch|p2a: Mantine|Mantine, M, shiny|47\/100\n|move|p1a: Greninja|Water Shuriken|p2a: Mantine\n|-heal|p2a: Mantine|72\/100|[from] ability: Water Absorb|[of] p1a: Greninja\n|\n|-weather|Sandstorm|[upkeep]\n|-damage|p1a: Greninja|95\/100|[from] Sandstorm\n|-damage|p2a: Mantine|65\/100|[from] Sandstorm\n|-heal|p2a: Mantine|72\/100|[from] item: Leftovers\n|upkeep\n|turn|11\n|\n|t:|1700448368\n|switch|p1a: Jirachi|Jirachi|100\/100\n|move|p2a: Mantine|Roost|p2a: Mantine\n|-heal|p2a: Mantine|100\/100\n|-singleturn|p2a: Mantine|move: Roost\n|\n|-weather|Sandstorm|[upkeep]\n|-damage|p2a: Mantine|94\/100|[from] Sandstorm\n|-heal|p2a: Mantine|100\/100|[from] item: Leftovers\n|upkeep\n|turn|12\n|\n|t:|1700448391\n|-terastallize|p1a: Jirachi|Steel\n|move|p1a: Jirachi|Meteor Mash|p2a: Mantine\n|-resisted|p2a: Mantine\n|-damage|p2a: Mantine|77\/100\n|-boost|p1a: Jirachi|atk|1\n|move|p2a: Mantine|Scald|p1a: Jirachi\n|-damage|p1a: Jirachi|77\/100\n|-status|p1a: Jirachi|brn\n|\n|-weather|none\n|-heal|p2a: Mantine|83\/100|[from] item: Leftovers\n|-damage|p1a: Jirachi|71\/100 brn|[from] brn\n|upkeep\n|turn|13\n|\n|t:|1700448402\n|switch|p1a: Kartana|Kartana|100\/100\n|switch|p2a: Ferrothorn|Ferrothorn, F|100\/100\n|\n|upkeep\n|turn|14\n|\n|t:|1700448406\n|move|p2a: Ferrothorn|Protect|p2a: Ferrothorn\n|-singleturn|p2a: Ferrothorn|Protect\n|move|p1a: Kartana|Sacred Sword|p2a: Ferrothorn\n|-activate|p2a: Ferrothorn|move: Protect\n|\n|upkeep\n|turn|15\n|\n|t:|1700448411\n|switch|p2a: Blacephalon|Blacephalon|100\/100\n|move|p1a: Kartana|Sacred Sword|p2a: Blacephalon\n|-immune|p2a: Blacephalon\n|\n|upkeep\n|turn|16\n|\n|t:|1700448418\n|switch|p1a: Greninja|Greninja, M|95\/100\n|move|p2a: Blacephalon|Flamethrower|p1a: Greninja\n|-resisted|p1a: Greninja\n|-damage|p1a: Greninja|28\/100\n|\n|upkeep\n|turn|17\n|\n|t:|1700448427\n|switch|p2a: Mantine|Mantine, M, shiny|83\/100\n|move|p1a: Greninja|Dark Pulse|p2a: Mantine\n|-damage|p2a: Mantine|60\/100\n|\n|-heal|p2a: Mantine|66\/100|[from] item: Leftovers\n|upkeep\n|turn|18\n|\n|t:|1700448436\n|switch|p1a: Togekiss|Togekiss, F|100\/100\n|move|p2a: Mantine|Roost|p2a: Mantine\n|-heal|p2a: Mantine|100\/100\n|-singleturn|p2a: Mantine|move: Roost\n|\n|upkeep\n|turn|19\n|\n|t:|1700448458\n|move|p1a: Togekiss|Air Slash|p2a: Mantine\n|-damage|p2a: Mantine|60\/100\n|cant|p2a: Mantine|flinch\n|\n|-heal|p2a: Mantine|67\/100|[from] item: Leftovers\n|upkeep\n|turn|20\n|\n|t:|1700448463\n|move|p1a: Togekiss|Air Slash|p2a: Mantine\n|-damage|p2a: Mantine|29\/100\n|cant|p2a: Mantine|flinch\n|\n|-heal|p2a: Mantine|35\/100|[from] item: Leftovers\n|upkeep\n|turn|21\n|\n|t:|1700448468\n|switch|p2a: Tyranitar|Tyranitar-Mega, M|13\/100\n|-weather|Sandstorm|[from] ability: Sand Stream|[of] p2a: Tyranitar\n|move|p1a: Togekiss|Air Slash|p2a: Tyranitar\n|-resisted|p2a: Tyranitar\n|-damage|p2a: Tyranitar|1\/100\n|\n|-weather|Sandstorm|[upkeep]\n|-damage|p1a: Togekiss|94\/100|[from] Sandstorm\n|upkeep\n|turn|22\n|\n|t:|1700448483\n|switch|p2a: Mantine|Mantine, M, shiny|35\/100\n|move|p1a: Togekiss|Air Slash|p2a: Mantine\n|-damage|p2a: Mantine|0 fnt\n|faint|p2a: Mantine\n|\n|-weather|Sandstorm|[upkeep]\n|-damage|p1a: Togekiss|88\/100|[from] Sandstorm\n|upkeep\n|\n|t:|1700448485\n|switch|p2a: Barbaracle|Barbaracle, M|100\/100\n|turn|23\n|\n|t:|1700448489\n|move|p1a: Togekiss|Air Slash|p2a: Barbaracle\n|-resisted|p2a: Barbaracle\n|-damage|p2a: Barbaracle|74\/100\n|cant|p2a: Barbaracle|flinch\n|\n|-weather|Sandstorm|[upkeep]\n|-damage|p1a: Togekiss|82\/100|[from] Sandstorm\n|upkeep\n|turn|24\n|\n|t:|1700448493\n|move|p1a: Togekiss|Air Slash|p2a: Barbaracle\n|-resisted|p2a: Barbaracle\n|-damage|p2a: Barbaracle|48\/100\n|cant|p2a: Barbaracle|flinch\n|\n|-weather|Sandstorm|[upkeep]\n|-damage|p1a: Togekiss|76\/100|[from] Sandstorm\n|upkeep\n|turn|25\n|\n|t:|1700448497\n|move|p1a: Togekiss|Air Slash|p2a: Barbaracle\n|-resisted|p2a: Barbaracle\n|-damage|p2a: Barbaracle|22\/100\n|move|p2a: Barbaracle|Shell Smash|p2a: Barbaracle\n|-unboost|p2a: Barbaracle|def|1\n|-unboost|p2a: Barbaracle|spd|1\n|-boost|p2a: Barbaracle|atk|2\n|-boost|p2a: Barbaracle|spa|2\n|-boost|p2a: Barbaracle|spe|2\n|-enditem|p2a: Barbaracle|White Herb\n|-clearnegativeboost|p2a: Barbaracle|[silent]\n|\n|-weather|none\n|upkeep\n|turn|26\n|\n|t:|1700448504\n|switch|p1a: Greninja|Greninja, M|28\/100\n|move|p2a: Barbaracle|Liquidation|p1a: Greninja\n|-resisted|p1a: Greninja\n|-damage|p1a: Greninja|0 fnt\n|faint|p1a: Greninja\n|\n|upkeep\n|\n|t:|1700448507\n|switch|p1a: Kartana|Kartana|100\/100\n|turn|27\n|\n|t:|1700448512\n|move|p1a: Kartana|Leaf Blade|p2a: Barbaracle\n|-supereffective|p2a: Barbaracle\n|-damage|p2a: Barbaracle|0 fnt\n|faint|p2a: Barbaracle\n|-ability|p1a: Kartana|Beast Boost|boost\n|-boost|p1a: Kartana|atk|1\n|\n|upkeep\n|\n|t:|1700448516\n|switch|p2a: Ferrothorn|Ferrothorn, F|100\/100\n|turn|28\n|\n|t:|1700448521\n|switch|p1a: Togekiss|Togekiss, F|76\/100\n|move|p2a: Ferrothorn|Body Press|p1a: Togekiss\n|-resisted|p1a: Togekiss\n|-damage|p1a: Togekiss|69\/100\n|\n|upkeep\n|turn|29\n|\n|t:|1700448524\n|move|p1a: Togekiss|Flamethrower|p2a: Ferrothorn\n|-supereffective|p2a: Ferrothorn\n|-damage|p2a: Ferrothorn|0 fnt\n|faint|p2a: Ferrothorn\n|\n|upkeep\n|\n|t:|1700448527\n|switch|p2a: Tyranitar|Tyranitar-Mega, M|1\/100\n|-weather|Sandstorm|[from] ability: Sand Stream|[of] p2a: Tyranitar\n|turn|30\n|\n|t:|1700448534\n|move|p1a: Togekiss|Flamethrower|p2a: Tyranitar\n|-resisted|p2a: Tyranitar\n|-damage|p2a: Tyranitar|0 fnt\n|faint|p2a: Tyranitar\n|\n|-weather|Sandstorm|[upkeep]\n|-damage|p1a: Togekiss|63\/100|[from] Sandstorm\n|upkeep\n|\n|t:|1700448541\n|switch|p2a: Blacephalon|Blacephalon|100\/100\n|turn|31\n|\n|t:|1700448547\n|switch|p1a: Jirachi|Jirachi, tera:Steel|71\/100 brn\n|move|p2a: Blacephalon|Flamethrower|p1a: Jirachi\n|-supereffective|p1a: Jirachi\n|-damage|p1a: Jirachi|0 fnt\n|faint|p1a: Jirachi\n|-ability|p2a: Blacephalon|Beast Boost|boost\n|-boost|p2a: Blacephalon|spa|1\n|\n|-weather|Sandstorm|[upkeep]\n|-damage|p2a: Blacephalon|94\/100|[from] Sandstorm\n|upkeep\n|\n|t:|1700448553\n|switch|p1a: Togekiss|Togekiss, F|63\/100\n|turn|32\n|\n|t:|1700448563\n|move|p2a: Blacephalon|Flamethrower|p1a: Togekiss\n|-damage|p1a: Togekiss|0 fnt\n|faint|p1a: Togekiss\n|-ability|p2a: Blacephalon|Beast Boost|boost\n|-boost|p2a: Blacephalon|spa|1\n|\n|-weather|Sandstorm|[upkeep]\n|-damage|p2a: Blacephalon|88\/100|[from] Sandstorm\n|upkeep\n|\n|t:|1700448567\n|switch|p1a: Kartana|Kartana|100\/100\n|turn|33\n|\n|t:|1700448571\n|-terastallize|p2a: Blacephalon|Grass\n|move|p1a: Kartana|Knock Off|p2a: Blacephalon\n|-damage|p2a: Blacephalon|0 fnt\n|-enditem|p2a: Blacephalon|Choice Specs|[from] move: Knock Off|[of] p1a: Kartana\n|faint|p2a: Blacephalon\n|-ability|p1a: Kartana|Beast Boost|boost\n|-boost|p1a: Kartana|atk|1\n|\n|-weather|Sandstorm|[upkeep]\n|upkeep\n|\n|t:|1700448573\n|switch|p2a: Zapdos|Zapdos|100\/100\n|turn|34\n|\n|t:|1700448581\n|move|p1a: Kartana|Knock Off|p2a: Zapdos\n|-damage|p2a: Zapdos|50\/100\n|-enditem|p2a: Zapdos|Heavy-Duty Boots|[from] move: Knock Off|[of] p1a: Kartana\n|move|p2a: Zapdos|Roost|p2a: Zapdos\n|-heal|p2a: Zapdos|100\/100\n|-singleturn|p2a: Zapdos|move: Roost\n|\n|-weather|none\n|upkeep\n|turn|35\n|\n|t:|1700448593\n|move|p1a: Kartana|Knock Off|p2a: Zapdos\n|-damage|p2a: Zapdos|70\/100\n|move|p2a: Zapdos|Hurricane|p1a: Kartana\n|-damage|p1a: Kartana|0 fnt\n|faint|p1a: Kartana\n|\n|win|addosd\n|raw|chaoticgem's rating: 1143 &rarr; <strong>1115<\/strong><br \/>(-28 for losing)\n|raw|addosd's rating: 1097 &rarr; <strong>1126<\/strong><br \/>(+29 for winning)\n|l|\u2606addosd\n","uploadtime":1700448605,"views":17,"p1id":"chaoticgem","p2id":"addosd","formatid":"gen9nationaldex","rating":1115,"private":0,"password":""}