{"id":"gen9nationaldex-1996476670","p1":"Eduzin_BR","p2":"dn_kolsa","format":"[Gen 9] National Dex","log":"|html|<div class=\"broadcast-blue\"><strong>[Gen 9] National Dex is currently suspecting Sneasler! For information on how to participate check out the <a href=\"https:\/\/www.smogon.com\/forums\/threads\/sv-national-dex-suspect-8-just-dance.3731534\/\">suspect thread<\/a>.<\/strong><\/div>\n|j|\u2606Eduzin_BR\n|j|\u2606dn_kolsa\n|t:|1700685756\n|gametype|singles\n|player|p1|Eduzin_BR|wallace|1079\n|player|p2|dn_kolsa|benga|1052\n|teamsize|p1|4\n|teamsize|p2|2\n|gen|9\n|tier|[Gen 9] National Dex\n|rated|\n|rule|HP Percentage Mod: HP is shown in percentages\n|rule|Endless Battle Clause: Forcing endless battles is banned\n|rule|OHKO Clause: OHKO moves are banned\n|rule|Evasion Clause: Evasion abilities, items, and moves are banned\n|rule|Evasion Abilities Clause: Evasion abilities are banned\n|rule|Evasion Items Clause: Evasion items are banned\n|rule|Evasion Moves Clause: Evasion moves are banned\n|rule|Species Clause: Limit one of each Pok\u00e9mon\n|rule|Sleep Clause Mod: Limit one foe put to sleep\n|clearpoke\n|poke|p1|Lopunny, F|\n|poke|p1|Gardevoir, F|\n|poke|p1|Vaporeon, F|\n|poke|p1|Machamp, M|\n|poke|p2|Ninetales-Alola, M|\n|poke|p2|Metagross|\n|teampreview\n|inactive|Battle timer is ON: inactive players will automatically lose when time's up. (requested by Eduzin_BR)\n|\n|t:|1700685763\n|start\n|switch|p1a: SUS|Lopunny, F, shiny|100\/100\n|switch|p2a: Ninetales|Ninetales-Alola, M|100\/100\n|-weather|Snow|[from] ability: Snow Warning|[of] p2a: Ninetales\n|turn|1\n|\n|t:|1700685772\n|detailschange|p1a: SUS|Lopunny-Mega, F, shiny\n|-mega|p1a: SUS|Lopunny|Lopunnite\n|move|p1a: SUS|Fake Out|p2a: Ninetales\n|-damage|p2a: Ninetales|80\/100\n|cant|p2a: Ninetales|flinch\n|\n|-weather|Snow|[upkeep]\n|upkeep\n|turn|2\n|\n|t:|1700685783\n|move|p1a: SUS|Return|p2a: Ninetales\n|-damage|p2a: Ninetales|27\/100\n|move|p2a: Ninetales|Aurora Veil|p2a: Ninetales\n|-sidestart|p2: dn_kolsa|move: Aurora Veil\n|\n|-weather|Snow|[upkeep]\n|upkeep\n|turn|3\n|\n|t:|1700685793\n|switch|p2a: Metagross|Metagross|100\/100\n|move|p1a: SUS|Return|p2a: Metagross\n|-resisted|p2a: Metagross\n|-damage|p2a: Metagross|88\/100\n|\n|-weather|Snow|[upkeep]\n|upkeep\n|turn|4\n|\n|t:|1700685803\n|move|p1a: SUS|Close Combat|p2a: Metagross\n|-damage|p2a: Metagross|57\/100\n|-unboost|p1a: SUS|def|1\n|-unboost|p1a: SUS|spd|1\n|move|p2a: Metagross|Agility|p2a: Metagross\n|-boost|p2a: Metagross|spe|2\n|\n|-weather|Snow|[upkeep]\n|upkeep\n|turn|5\n|\n|t:|1700685814\n|switch|p1a: Did you vaporeon|Vaporeon, F|100\/100\n|move|p2a: Metagross|Cosmic Power|p2a: Metagross\n|-boost|p2a: Metagross|def|1\n|-boost|p2a: Metagross|spd|1\n|\n|-weather|none\n|upkeep\n|turn|6\n|\n|t:|1700685825\n|move|p2a: Metagross|Cosmic Power|p2a: Metagross\n|-boost|p2a: Metagross|def|1\n|-boost|p2a: Metagross|spd|1\n|move|p1a: Did you vaporeon|Acid Armor|p1a: Did you vaporeon\n|-boost|p1a: Did you vaporeon|def|2\n|\n|-sideend|p2: dn_kolsa|move: Aurora Veil\n|upkeep\n|turn|7\n|\n|t:|1700685835\n|move|p2a: Metagross|Body Press|p1a: Did you vaporeon\n|-damage|p1a: Did you vaporeon|80\/100\n|move|p1a: Did you vaporeon|Acid Armor|p1a: Did you vaporeon\n|-boost|p1a: Did you vaporeon|def|2\n|\n|-heal|p1a: Did you vaporeon|86\/100|[from] item: Leftovers\n|upkeep\n|turn|8\n|\n|t:|1700685843\n|move|p2a: Metagross|Body Press|p1a: Did you vaporeon\n|-damage|p1a: Did you vaporeon|72\/100\n|move|p1a: Did you vaporeon|Acid Armor|p1a: Did you vaporeon\n|-boost|p1a: Did you vaporeon|def|2\n|\n|-heal|p1a: Did you vaporeon|78\/100|[from] item: Leftovers\n|upkeep\n|turn|9\n|\n|t:|1700685852\n|move|p2a: Metagross|Meteor Mash|p1a: Did you vaporeon\n|-resisted|p1a: Did you vaporeon\n|-damage|p1a: Did you vaporeon|72\/100\n|-boost|p2a: Metagross|atk|1\n|move|p1a: Did you vaporeon|Calm Mind|p1a: Did you vaporeon\n|-boost|p1a: Did you vaporeon|spa|1\n|-boost|p1a: Did you vaporeon|spd|1\n|\n|-heal|p1a: Did you vaporeon|78\/100|[from] item: Leftovers\n|upkeep\n|turn|10\n|\n|t:|1700685862\n|move|p2a: Metagross|Meteor Mash|p1a: Did you vaporeon\n|-resisted|p1a: Did you vaporeon\n|-damage|p1a: Did you vaporeon|69\/100\n|-boost|p2a: Metagross|atk|1\n|move|p1a: Did you vaporeon|Calm Mind|p1a: Did you vaporeon\n|-boost|p1a: Did you vaporeon|spa|1\n|-boost|p1a: Did you vaporeon|spd|1\n|\n|-heal|p1a: Did you vaporeon|75\/100|[from] item: Leftovers\n|upkeep\n|turn|11\n|\n|t:|1700685873\n|move|p2a: Metagross|Meteor Mash|p1a: Did you vaporeon\n|-resisted|p1a: Did you vaporeon\n|-damage|p1a: Did you vaporeon|64\/100\n|-boost|p2a: Metagross|atk|1\n|move|p1a: Did you vaporeon|Calm Mind|p1a: Did you vaporeon\n|-boost|p1a: Did you vaporeon|spa|1\n|-boost|p1a: Did you vaporeon|spd|1\n|\n|-heal|p1a: Did you vaporeon|70\/100|[from] item: Leftovers\n|upkeep\n|turn|12\n|\n|t:|1700685883\n|move|p2a: Metagross|Meteor Mash|p1a: Did you vaporeon\n|-resisted|p1a: Did you vaporeon\n|-damage|p1a: Did you vaporeon|55\/100\n|move|p1a: Did you vaporeon|Calm Mind|p1a: Did you vaporeon\n|-boost|p1a: Did you vaporeon|spa|1\n|-boost|p1a: Did you vaporeon|spd|1\n|\n|-heal|p1a: Did you vaporeon|62\/100|[from] item: Leftovers\n|upkeep\n|turn|13\n|\n|t:|1700685900\n|move|p2a: Metagross|Meteor Mash|p1a: Did you vaporeon\n|-resisted|p1a: Did you vaporeon\n|-damage|p1a: Did you vaporeon|46\/100\n|move|p1a: Did you vaporeon|Calm Mind|p1a: Did you vaporeon\n|-boost|p1a: Did you vaporeon|spa|1\n|-boost|p1a: Did you vaporeon|spd|1\n|\n|-heal|p1a: Did you vaporeon|52\/100|[from] item: Leftovers\n|upkeep\n|turn|14\n|\n|t:|1700685909\n|move|p2a: Metagross|Meteor Mash|p1a: Did you vaporeon\n|-resisted|p1a: Did you vaporeon\n|-damage|p1a: Did you vaporeon|37\/100\n|-boost|p2a: Metagross|atk|1\n|move|p1a: Did you vaporeon|Calm Mind|p1a: Did you vaporeon\n|-boost|p1a: Did you vaporeon|spa|1\n|-boost|p1a: Did you vaporeon|spd|1\n|\n|-heal|p1a: Did you vaporeon|43\/100|[from] item: Leftovers\n|upkeep\n|turn|15\n|\n|t:|1700685922\n|-terastallize|p1a: Did you vaporeon|Water\n|move|p2a: Metagross|Meteor Mash|p1a: Did you vaporeon\n|-resisted|p1a: Did you vaporeon\n|-damage|p1a: Did you vaporeon|26\/100\n|move|p1a: Did you vaporeon|Hydro Pump|p2a: Metagross\n|-damage|p2a: Metagross|0 fnt\n|faint|p2a: Metagross\n|\n|-heal|p1a: Did you vaporeon|32\/100|[from] item: Leftovers\n|upkeep\n|\n|t:|1700685934\n|switch|p2a: Ninetales|Ninetales-Alola, M|27\/100\n|-weather|Snow|[from] ability: Snow Warning|[of] p2a: Ninetales\n|turn|16\n|\n|t:|1700685944\n|move|p2a: Ninetales|Moonblast|p1a: Did you vaporeon\n|-damage|p1a: Did you vaporeon|23\/100\n|move|p1a: Did you vaporeon|Stored Power|p2a: Ninetales\n|-damage|p2a: Ninetales|0 fnt\n|faint|p2a: Ninetales\n|\n|win|Eduzin_BR\n|raw|Eduzin_BR's rating: 1079 &rarr; <strong>1105<\/strong><br \/>(+26 for winning)\n|raw|dn_kolsa's rating: 1052 &rarr; <strong>1036<\/strong><br \/>(-16 for losing)\n|l|\u2606dn_kolsa\n","uploadtime":1700685951,"views":6,"p1id":"eduzinbr","p2id":"dnkolsa","formatid":"gen9nationaldex","rating":1036,"private":0,"password":""}