{"id":"gen9nationaldex-1995891215","p1":"Bigchurra","p2":"KyosukeKamijou","format":"[Gen 9] National Dex","log":"|html|<div class=\"broadcast-blue\"><strong>[Gen 9] National Dex is currently suspecting Sneasler! For information on how to participate check out the <a href=\"https:\/\/www.smogon.com\/forums\/threads\/sv-national-dex-suspect-8-just-dance.3731534\/\">suspect thread<\/a>.<\/strong><\/div>\n|j|\u2606Bigchurra\n|j|\u2606KyosukeKamijou\n|t:|1700614184\n|gametype|singles\n|player|p1|Bigchurra|169|1241\n|player|p2|KyosukeKamijou|ghetsis|1299\n|teamsize|p1|6\n|teamsize|p2|6\n|gen|9\n|tier|[Gen 9] National Dex\n|rated|\n|rule|HP Percentage Mod: HP is shown in percentages\n|rule|Endless Battle Clause: Forcing endless battles is banned\n|rule|OHKO Clause: OHKO moves are banned\n|rule|Evasion Clause: Evasion abilities, items, and moves are banned\n|rule|Evasion Abilities Clause: Evasion abilities are banned\n|rule|Evasion Items Clause: Evasion items are banned\n|rule|Evasion Moves Clause: Evasion moves are banned\n|rule|Species Clause: Limit one of each Pok\u00e9mon\n|rule|Sleep Clause Mod: Limit one foe put to sleep\n|clearpoke\n|poke|p1|Ambipom, F|\n|poke|p1|Zoroark-Hisui, F|\n|poke|p1|Chansey, F|\n|poke|p1|Lopunny, M|\n|poke|p1|Porygon-Z|\n|poke|p1|Slaking, F|\n|poke|p2|Kommo-o, M|\n|poke|p2|Great Tusk|\n|poke|p2|Ogerpon-Cornerstone, F|\n|poke|p2|Charizard, M|\n|poke|p2|Greninja-*, M|\n|poke|p2|Volcarona, F|\n|teampreview\n|\n|t:|1700614200\n|start\n|switch|p1a: El pajas|Ambipom, F|100\/100\n|switch|p2a: Change Dragon|Charizard, M|100\/100\n|turn|1\n|\n|t:|1700614208\n|switch|p2a: PapillonOhger|Volcarona, F, shiny|100\/100\n|move|p1a: El pajas|Fake Out|p2a: PapillonOhger\n|-enditem|p1a: El pajas|Normal Gem|[from] gem\n|-damage|p2a: PapillonOhger|47\/100\n|\n|upkeep\n|turn|2\n|\n|t:|1700614216\n|move|p1a: El pajas|Acrobatics|p2a: PapillonOhger\n|-supereffective|p2a: PapillonOhger\n|-damage|p2a: PapillonOhger|0 fnt\n|faint|p2a: PapillonOhger\n|\n|upkeep\n|\n|t:|1700614221\n|switch|p2a: Onisister|Ogerpon-Cornerstone, F|100\/100\n|turn|3\n|\n|t:|1700614228\n|move|p2a: Onisister|Spiky Shield|p2a: Onisister\n|-singleturn|p2a: Onisister|move: Protect\n|move|p1a: El pajas|Double Hit|p2a: Onisister\n|-activate|p2a: Onisister|move: Protect\n|-damage|p1a: El pajas|88\/100|[from] Spiky Shield|[of] p2a: Onisister\n|\n|upkeep\n|turn|4\n|\n|t:|1700614236\n|move|p1a: El pajas|Double Hit|p2a: Onisister\n|-resisted|p2a: Onisister\n|-crit|p2a: Onisister\n|-damage|p2a: Onisister|82\/100\n|-resisted|p2a: Onisister\n|-damage|p2a: Onisister|69\/100\n|-hitcount|p2a: Onisister|2\n|move|p2a: Onisister|Leech Seed|p1a: El pajas\n|-start|p1a: El pajas|move: Leech Seed\n|\n|-damage|p1a: El pajas|76\/100|[from] Leech Seed|[of] p2a: Onisister\n|-heal|p2a: Onisister|79\/100|[silent]\n|upkeep\n|turn|5\n|\n|t:|1700614248\n|switch|p1a: Slaking|Slaking, F|100\/100\n|move|p2a: Onisister|Horn Leech|p1a: Slaking\n|-damage|p1a: Slaking|72\/100\n|-heal|p2a: Onisister|96\/100|[from] drain|[of] p1a: Slaking\n|\n|upkeep\n|turn|6\n|\n|t:|1700614275\n|switch|p1a: Ofuuuu|Chansey, F|100\/100\n|move|p2a: Onisister|Spiky Shield||[still]\n|-fail|p2a: Onisister\n|\n|upkeep\n|turn|7\n|\n|t:|1700614287\n|move|p1a: Ofuuuu|Sludge Bomb|p2a: Onisister\n|-damage|p2a: Onisister|65\/100\n|move|p2a: Onisister|Leech Seed|p1a: Ofuuuu\n|-start|p1a: Ofuuuu|move: Leech Seed\n|\n|-damage|p1a: Ofuuuu|88\/100|[from] Leech Seed|[of] p2a: Onisister\n|-heal|p2a: Onisister|74\/100|[silent]\n|upkeep\n|turn|8\n|\n|t:|1700614296\n|switch|p1a: Slaking|Slaking, F|72\/100\n|move|p2a: Onisister|Spiky Shield||[still]\n|-fail|p2a: Onisister\n|\n|upkeep\n|turn|9\n|\n|t:|1700614309\n|move|p2a: Onisister|Horn Leech|p1a: Slaking\n|-damage|p1a: Slaking|46\/100\n|-heal|p2a: Onisister|89\/100|[from] drain|[of] p1a: Slaking\n|-zpower|p1a: Slaking\n|move|p1a: Slaking|Breakneck Blitz|p2a: Onisister|[zeffect]\n|-resisted|p2a: Onisister\n|-damage|p2a: Onisister|22\/100\n|\n|upkeep\n|turn|10\n|\n|t:|1700614322\n|switch|p1a: El pajas|Ambipom, F|76\/100\n|move|p2a: Onisister|Leech Seed|p1a: El pajas\n|-start|p1a: El pajas|move: Leech Seed\n|\n|-damage|p1a: El pajas|63\/100|[from] Leech Seed|[of] p2a: Onisister\n|-heal|p2a: Onisister|32\/100|[silent]\n|upkeep\n|turn|11\n|\n|t:|1700614335\n|move|p2a: Onisister|Spiky Shield|p2a: Onisister\n|-singleturn|p2a: Onisister|move: Protect\n|move|p1a: El pajas|Fire Punch|p2a: Onisister\n|-activate|p2a: Onisister|move: Protect\n|-damage|p1a: El pajas|51\/100|[from] Spiky Shield|[of] p2a: Onisister\n|\n|-damage|p1a: El pajas|39\/100|[from] Leech Seed|[of] p2a: Onisister\n|-heal|p2a: Onisister|42\/100|[silent]\n|upkeep\n|turn|12\n|\n|t:|1700614353\n|move|p2a: Onisister|Spiky Shield||[still]\n|-fail|p2a: Onisister\n|move|p1a: El pajas|Acrobatics|p2a: Onisister\n|-damage|p2a: Onisister|10\/100\n|\n|-damage|p1a: El pajas|26\/100|[from] Leech Seed|[of] p2a: Onisister\n|-heal|p2a: Onisister|20\/100|[silent]\n|upkeep\n|turn|13\n|\n|t:|1700614362\n|switch|p1a: Ofuuuu|Chansey, F|88\/100\n|move|p2a: Onisister|Spiky Shield||[still]\n|-fail|p2a: Onisister\n|\n|upkeep\n|turn|14\n|\n|t:|1700614368\n|move|p1a: Ofuuuu|Sludge Bomb|p2a: Onisister\n|-damage|p2a: Onisister|0 fnt\n|faint|p2a: Onisister\n|\n|upkeep\n|\n|t:|1700614374\n|switch|p2a: Ryuranger|Kommo-o, M|100\/100\n|turn|15\n|\n|t:|1700614382\n|switch|p1a: El pajas|Ambipom, F|26\/100\n|-zpower|p2a: Ryuranger\n|move|p2a: Ryuranger|Clangorous Soulblaze|p1a: El pajas|[zeffect]\n|-damage|p1a: El pajas|0 fnt\n|faint|p1a: El pajas\n|-boost|p2a: Ryuranger|atk|1\n|-boost|p2a: Ryuranger|def|1\n|-boost|p2a: Ryuranger|spa|1\n|-boost|p2a: Ryuranger|spd|1\n|-boost|p2a: Ryuranger|spe|1\n|\n|upkeep\n|\n|t:|1700614408\n|switch|p1a: Carne de trapito|Lopunny, M, shiny|100\/100\n|turn|16\n|\n|t:|1700614412\n|detailschange|p1a: Carne de trapito|Lopunny-Mega, M, shiny\n|-mega|p1a: Carne de trapito|Lopunny|Lopunnite\n|move|p1a: Carne de trapito|Fake Out|p2a: Ryuranger\n|-damage|p2a: Ryuranger|86\/100\n|cant|p2a: Ryuranger|flinch\n|\n|upkeep\n|turn|17\n|\n|t:|1700614420\n|move|p2a: Ryuranger|Aura Sphere|p1a: Carne de trapito\n|-supereffective|p1a: Carne de trapito\n|-damage|p1a: Carne de trapito|0 fnt\n|faint|p1a: Carne de trapito\n|\n|upkeep\n|\n|t:|1700614426\n|switch|p1a: Ofuuuu|Chansey, F|88\/100\n|turn|18\n|\n|t:|1700614430\n|move|p1a: Ofuuuu|Trick||[still]\n|-fail|p1a: Ofuuuu\n|move|p2a: Ryuranger|Aura Sphere|p1a: Ofuuuu\n|-immune|p1a: Ofuuuu\n|\n|upkeep\n|turn|19\n|\n|t:|1700614441\n|switch|p1a: Slaking|Slaking, F|46\/100\n|move|p2a: Ryuranger|Flamethrower|p1a: Slaking\n|-damage|p1a: Slaking|5\/100\n|\n|upkeep\n|turn|20\n|\n|t:|1700614450\n|move|p2a: Ryuranger|Aura Sphere|p1a: Slaking\n|-supereffective|p1a: Slaking\n|-damage|p1a: Slaking|0 fnt\n|faint|p1a: Slaking\n|\n|upkeep\n|\n|t:|1700614463\n|switch|p1a: Ofuuuu|Chansey, F|100\/100\n|turn|21\n|\n|t:|1700614467\n|move|p2a: Ryuranger|Flamethrower|p1a: Ofuuuu\n|-damage|p1a: Ofuuuu|89\/100\n|move|p1a: Ofuuuu|Thunder Wave|p2a: Ryuranger\n|-status|p2a: Ryuranger|par\n|\n|upkeep\n|turn|22\n|\n|t:|1700614474\n|switch|p1a: Ofuuuu|Chansey, F|88\/100\n|move|p2a: Ryuranger|Aura Sphere|p1a: Ofuuuu\n|-immune|p1a: Ofuuuu\n|\n|upkeep\n|turn|23\n|\n|t:|1700614497\n|move|p1a: Ofuuuu|Sludge Bomb|p2a: Ryuranger\n|-immune|p2a: Ryuranger|[from] ability: Bulletproof\n|move|p2a: Ryuranger|Flash Cannon|p1a: Ofuuuu\n|-damage|p1a: Ofuuuu|23\/100\n|replace|p1a: qui\u00e9n soy ?|Zoroark-Hisui, F\n|-end|p1a: qui\u00e9n soy ?|Illusion\n|\n|upkeep\n|turn|24\n|\n|t:|1700614509\n|switch|p1a: Ofuuuu|Chansey, F|89\/100\n|move|p2a: Ryuranger|Flash Cannon|p1a: Ofuuuu\n|-damage|p1a: Ofuuuu|79\/100\n|\n|upkeep\n|turn|25\n|\n|t:|1700614519\n|move|p2a: Ryuranger|Aura Sphere|p1a: Ofuuuu\n|-supereffective|p1a: Ofuuuu\n|-damage|p1a: Ofuuuu|48\/100\n|move|p1a: Ofuuuu|Seismic Toss|p2a: Ryuranger\n|-damage|p2a: Ryuranger|52\/100 par\n|\n|upkeep\n|turn|26\n|\n|t:|1700614528\n|move|p2a: Ryuranger|Flash Cannon|p1a: Ofuuuu\n|-damage|p1a: Ofuuuu|37\/100\n|move|p1a: Ofuuuu|Soft-Boiled|p1a: Ofuuuu\n|-heal|p1a: Ofuuuu|87\/100\n|\n|upkeep\n|turn|27\n|\n|t:|1700614535\n|move|p2a: Ryuranger|Flash Cannon|p1a: Ofuuuu\n|-crit|p1a: Ofuuuu\n|-damage|p1a: Ofuuuu|72\/100\n|move|p1a: Ofuuuu|Stealth Rock|p2a: Ryuranger\n|-sidestart|p2: KyosukeKamijou|move: Stealth Rock\n|\n|upkeep\n|turn|28\n|\n|t:|1700614542\n|cant|p2a: Ryuranger|par\n|move|p1a: Ofuuuu|Seismic Toss|p2a: Ryuranger\n|-damage|p2a: Ryuranger|17\/100 par\n|\n|upkeep\n|turn|29\n|\n|t:|1700614549\n|move|p2a: Ryuranger|Flash Cannon|p1a: Ofuuuu\n|-damage|p1a: Ofuuuu|60\/100\n|move|p1a: Ofuuuu|Seismic Toss|p2a: Ryuranger\n|-damage|p2a: Ryuranger|0 fnt\n|faint|p2a: Ryuranger\n|\n|upkeep\n|\n|t:|1700614556\n|switch|p2a: Mammothranger|Great Tusk|100\/100\n|-damage|p2a: Mammothranger|98\/100|[from] Stealth Rock\n|turn|30\n|\n|t:|1700614565\n|switch|p1a: Ofuuuu|Chansey, F|23\/100\n|move|p2a: Mammothranger|Headlong Rush|p1a: Ofuuuu\n|-damage|p1a: Ofuuuu|0 fnt\n|-unboost|p2a: Mammothranger|def|1\n|-unboost|p2a: Mammothranger|spd|1\n|replace|p1a: qui\u00e9n soy ?|Zoroark-Hisui, F\n|-end|p1a: qui\u00e9n soy ?|Illusion\n|faint|p1a: qui\u00e9n soy ?\n|\n|upkeep\n|\n|t:|1700614575\n|switch|p1a: Porygon-Z|Porygon-Z|100\/100\n|turn|31\n|\n|t:|1700614589\n|-end|p2a: Mammothranger|Protosynthesis|[silent]\n|switch|p2a: Ninja Black|Greninja, M, shiny|100\/100\n|-damage|p2a: Ninja Black|88\/100|[from] Stealth Rock\n|-terastallize|p1a: Porygon-Z|Normal\n|move|p1a: Porygon-Z|Tri Attack|p2a: Ninja Black\n|-damage|p2a: Ninja Black|0 fnt\n|faint|p2a: Ninja Black\n|\n|upkeep\n|\n|t:|1700614599\n|switch|p2a: Change Dragon|Charizard, M|100\/100\n|-damage|p2a: Change Dragon|51\/100|[from] Stealth Rock\n|turn|32\n|\n|t:|1700614605\n|detailschange|p2a: Change Dragon|Charizard-Mega-Y, M\n|-mega|p2a: Change Dragon|Charizard|Charizardite Y\n|-weather|SunnyDay|[from] ability: Drought|[of] p2a: Change Dragon\n|move|p2a: Change Dragon|Defog|p1a: Porygon-Z\n|-unboost|p1a: Porygon-Z|evasion|1\n|-sideend|p2: KyosukeKamijou|Stealth Rock|[from] move: Defog|[of] p2a: Change Dragon\n|move|p1a: Porygon-Z|Tri Attack|p2a: Change Dragon\n|-damage|p2a: Change Dragon|0 fnt\n|faint|p2a: Change Dragon\n|\n|-weather|SunnyDay|[upkeep]\n|upkeep\n|\n|t:|1700614614\n|switch|p2a: Mammothranger|Great Tusk|98\/100\n|-activate|p2a: Mammothranger|ability: Protosynthesis\n|-start|p2a: Mammothranger|protosynthesisatk\n|turn|33\n|\n|t:|1700614628\n|switch|p1a: Ofuuuu|Chansey, F|60\/100\n|-terastallize|p2a: Mammothranger|Ground\n|move|p2a: Mammothranger|Headlong Rush|p1a: Ofuuuu\n|-damage|p1a: Ofuuuu|0 fnt\n|-unboost|p2a: Mammothranger|def|1\n|-unboost|p2a: Mammothranger|spd|1\n|faint|p1a: Ofuuuu\n|\n|-weather|SunnyDay|[upkeep]\n|upkeep\n|\n|t:|1700614640\n|switch|p1a: Porygon-Z|Porygon-Z, tera:Normal|100\/100\n|turn|34\n|\n|t:|1700614647\n|move|p2a: Mammothranger|Headlong Rush|p1a: Porygon-Z\n|-damage|p1a: Porygon-Z|0 fnt\n|-unboost|p2a: Mammothranger|def|1\n|-unboost|p2a: Mammothranger|spd|1\n|faint|p1a: Porygon-Z\n|\n|win|KyosukeKamijou\n|raw|Bigchurra's rating: 1241 &rarr; <strong>1220<\/strong><br \/>(-21 for losing)\n|raw|KyosukeKamijou's rating: 1299 &rarr; <strong>1320<\/strong><br \/>(+21 for winning)\n","uploadtime":1700614655,"views":1,"p1id":"bigchurra","p2id":"kyosukekamijou","formatid":"gen9nationaldex","rating":1220,"private":0,"password":""}