{"id":"gen9nationaldex-1995929094","p1":"InsBAPlayer","p2":"Viruskilleryt2","format":"[Gen 9] National Dex","log":"|html|<div class=\"broadcast-blue\"><strong>[Gen 9] National Dex is currently suspecting Sneasler! For information on how to participate check out the <a href=\"https:\/\/www.smogon.com\/forums\/threads\/sv-national-dex-suspect-8-just-dance.3731534\/\">suspect thread<\/a>.<\/strong><\/div>\n|j|\u2606InsBAPlayer\n|j|\u2606Viruskilleryt2\n|t:|1700618527\n|gametype|singles\n|player|p1|InsBAPlayer|101|1136\n|player|p2|Viruskilleryt2|102|1181\n|teamsize|p1|6\n|teamsize|p2|6\n|gen|9\n|tier|[Gen 9] National Dex\n|rated|\n|rule|HP Percentage Mod: HP is shown in percentages\n|rule|Endless Battle Clause: Forcing endless battles is banned\n|rule|OHKO Clause: OHKO moves are banned\n|rule|Evasion Clause: Evasion abilities, items, and moves are banned\n|rule|Evasion Abilities Clause: Evasion abilities are banned\n|rule|Evasion Items Clause: Evasion items are banned\n|rule|Evasion Moves Clause: Evasion moves are banned\n|rule|Species Clause: Limit one of each Pok\u00e9mon\n|rule|Sleep Clause Mod: Limit one foe put to sleep\n|clearpoke\n|poke|p1|Tapu Koko|\n|poke|p1|Pincurchin, F|\n|poke|p1|Raichu-Alola, F|\n|poke|p1|Serperior, F|\n|poke|p1|Galvantula, M|\n|poke|p1|Manectric, M|\n|poke|p2|Krookodile, F|\n|poke|p2|Greninja-*, F|\n|poke|p2|Charizard, F|\n|poke|p2|Kleavor, F|\n|poke|p2|Sceptile, F|\n|poke|p2|Toxtricity, F|\n|teampreview\n|inactive|Battle timer is ON: inactive players will automatically lose when time's up. (requested by InsBAPlayer)\n|c|\u2606Viruskilleryt2|Ooo electric\n|c|\u2606Viruskilleryt2|I like that type\n|c|\u2606Viruskilleryt2|glhf\n|inactive|InsBAPlayer has 120 seconds left.\n|inactive|InsBAPlayer has 90 seconds left.\n|\n|t:|1700618589\n|start\n|switch|p1a: Galvantula|Galvantula, M|100\/100\n|switch|p2a: the rockler|Kleavor, F|100\/100\n|turn|1\n|inactive|InsBAPlayer has 120 seconds left.\n|inactive|InsBAPlayer has 90 seconds left.\n|inactive|InsBAPlayer has 60 seconds left.\n|c|\u2606Viruskilleryt2|Uhh\n|c|\u2606Viruskilleryt2|you there?\n|\n|t:|1700618702\n|move|p1a: Galvantula|Sticky Web|p2a: the rockler\n|-sidestart|p2: Viruskilleryt2|move: Sticky Web\n|move|p2a: the rockler|Stone Axe|p1a: Galvantula\n|-supereffective|p1a: Galvantula\n|-enditem|p1a: Galvantula|Focus Sash\n|-damage|p1a: Galvantula|1\/100\n|-sidestart|p1: InsBAPlayer|move: Stealth Rock\n|-damage|p2a: the rockler|91\/100|[from] item: Life Orb\n|\n|upkeep\n|turn|2\n|\n|t:|1700618710\n|move|p1a: Galvantula|Rising Voltage|p2a: the rockler\n|-damage|p2a: the rockler|56\/100\n|move|p2a: the rockler|Stone Axe|p1a: Galvantula\n|-supereffective|p1a: Galvantula\n|-damage|p1a: Galvantula|0 fnt\n|faint|p1a: Galvantula\n|-damage|p2a: the rockler|46\/100|[from] item: Life Orb\n|\n|upkeep\n|\n|t:|1700618718\n|switch|p1a: Serperior|Serperior, F|100\/100\n|-damage|p1a: Serperior|88\/100|[from] Stealth Rock\n|turn|3\n|\n|t:|1700618724\n|move|p1a: Serperior|Glare|p2a: the rockler\n|-status|p2a: the rockler|par\n|move|p2a: the rockler|Roost|p2a: the rockler\n|-heal|p2a: the rockler|96\/100 par\n|-singleturn|p2a: the rockler|move: Roost\n|\n|-heal|p1a: Serperior|94\/100|[from] item: Leftovers\n|upkeep\n|turn|4\n|inactive|InsBAPlayer has 60 seconds left.\n|\n|t:|1700618736\n|move|p1a: Serperior|Leech Seed|p2a: the rockler\n|-start|p2a: the rockler|move: Leech Seed\n|move|p2a: the rockler|X-Scissor|p1a: Serperior\n|-supereffective|p1a: Serperior\n|-damage|p1a: Serperior|0 fnt\n|faint|p1a: Serperior\n|-damage|p2a: the rockler|86\/100 par|[from] item: Life Orb\n|\n|upkeep\n|inactive|InsBAPlayer has 60 seconds left.\n|\n|t:|1700618745\n|switch|p1a: Tapu Koko|Tapu Koko|100\/100\n|-damage|p1a: Tapu Koko|88\/100|[from] Stealth Rock\n|-fieldstart|move: Electric Terrain|[from] ability: Electric Surge|[of] p1a: Tapu Koko\n|turn|5\n|\n|t:|1700618751\n|move|p1a: Tapu Koko|Brave Bird|p2a: the rockler\n|-damage|p2a: the rockler|41\/100 par\n|-damage|p1a: Tapu Koko|73\/100|[from] Recoil\n|cant|p2a: the rockler|par\n|\n|-damage|p2a: the rockler|29\/100 par|[from] Leech Seed|[of] p1a: Tapu Koko\n|-heal|p1a: Tapu Koko|86\/100|[silent]\n|upkeep\n|turn|6\n|\n|t:|1700618756\n|move|p1a: Tapu Koko|Brave Bird|p2a: the rockler\n|-damage|p2a: the rockler|0 fnt\n|faint|p2a: the rockler\n|-damage|p1a: Tapu Koko|76\/100|[from] Recoil\n|\n|upkeep\n|\n|t:|1700618759\n|switch|p2a: Toxtricity|Toxtricity, F, shiny|100\/100\n|-activate|p2a: Toxtricity|move: Sticky Web\n|-unboost|p2a: Toxtricity|spe|1\n|turn|7\n|inactive|InsBAPlayer has 60 seconds left.\n|\n|t:|1700618797\n|move|p1a: Tapu Koko|Brave Bird|p2a: Toxtricity\n|-resisted|p2a: Toxtricity\n|-damage|p2a: Toxtricity|72\/100\n|-damage|p1a: Tapu Koko|66\/100|[from] Recoil\n|move|p2a: Toxtricity|Shift Gear|p2a: Toxtricity\n|-boost|p2a: Toxtricity|spe|2\n|-boost|p2a: Toxtricity|atk|1\n|\n|upkeep\n|turn|8\n|inactive|InsBAPlayer has 60 seconds left.\n|\n|t:|1700618827\n|move|p1a: Tapu Koko|U-turn|p2a: Toxtricity\n|-resisted|p2a: Toxtricity\n|-damage|p2a: Toxtricity|55\/100\n|\n|t:|1700618831\n|switch|p1a: Pincurchin|Pincurchin, F|100\/100|[from] U-turn\n|-damage|p1a: Pincurchin|88\/100|[from] Stealth Rock\n|move|p2a: Toxtricity|Boomburst|p1a: Pincurchin\n|-damage|p1a: Pincurchin|18\/100\n|-enditem|p2a: Toxtricity|Throat Spray\n|-boost|p2a: Toxtricity|spa|1|[from] item: Throat Spray\n|\n|upkeep\n|turn|9\n|\n|t:|1700618839\n|-terastallize|p2a: Toxtricity|Normal\n|move|p2a: Toxtricity|Boomburst|p1a: Pincurchin\n|-damage|p1a: Pincurchin|0 fnt\n|faint|p1a: Pincurchin\n|\n|upkeep\n|inactive|InsBAPlayer has 60 seconds left.\n|\n|t:|1700618855\n|switch|p1a: Raichu|Raichu-Alola, F|100\/100\n|turn|10\n|inactive|InsBAPlayer has 60 seconds left.\n|\n|t:|1700618863\n|-terastallize|p1a: Raichu|Electric\n|move|p1a: Raichu|Electro Ball|p2a: Toxtricity\n|-damage|p2a: Toxtricity|0 fnt\n|faint|p2a: Toxtricity\n|\n|upkeep\n|\n|t:|1700618875\n|switch|p2a: Charcoal|Charizard, F|100\/100\n|turn|11\n|inactive|InsBAPlayer has 60 seconds left.\n|\n|t:|1700618897\n|detailschange|p2a: Charcoal|Charizard-Mega-Y, F\n|-mega|p2a: Charcoal|Charizard|Charizardite Y\n|-weather|SunnyDay|[from] ability: Drought|[of] p2a: Charcoal\n|move|p1a: Raichu|Electro Ball|p2a: Charcoal\n|-supereffective|p2a: Charcoal\n|-damage|p2a: Charcoal|0 fnt\n|faint|p2a: Charcoal\n|\n|-weather|SunnyDay|[upkeep]\n|upkeep\n|\n|t:|1700618908\n|switch|p2a: raxter|Krookodile, F|100\/100\n|-activate|p2a: raxter|move: Sticky Web\n|-unboost|p2a: raxter|spe|1\n|turn|12\n|inactive|InsBAPlayer has 60 seconds left.\n|\n|t:|1700618944\n|move|p1a: Raichu|Nasty Plot|p1a: Raichu\n|-boost|p1a: Raichu|spa|2\n|move|p2a: raxter|Earthquake|p1a: Raichu\n|-supereffective|p1a: Raichu\n|-damage|p1a: Raichu|0 fnt\n|faint|p1a: Raichu\n|-ability|p2a: raxter|Moxie|boost\n|-boost|p2a: raxter|atk|1\n|-damage|p2a: raxter|91\/100|[from] item: Life Orb\n|\n|-weather|SunnyDay|[upkeep]\n|-fieldend|move: Electric Terrain\n|upkeep\n|\n|t:|1700618948\n|switch|p1a: Tapu Koko|Tapu Koko|66\/100\n|-damage|p1a: Tapu Koko|53\/100|[from] Stealth Rock\n|-fieldstart|move: Electric Terrain|[from] ability: Electric Surge|[of] p1a: Tapu Koko\n|turn|13\n|\n|t:|1700618952\n|move|p1a: Tapu Koko|U-turn|p2a: raxter\n|-supereffective|p2a: raxter\n|-damage|p2a: raxter|36\/100\n|\n|t:|1700618955\n|switch|p1a: Manectric|Manectric, M|100\/100|[from] U-turn\n|-damage|p1a: Manectric|88\/100|[from] Stealth Rock\n|move|p2a: raxter|Earthquake|p1a: Manectric\n|-supereffective|p1a: Manectric\n|-damage|p1a: Manectric|0 fnt\n|faint|p1a: Manectric\n|-ability|p2a: raxter|Moxie|boost\n|-boost|p2a: raxter|atk|1\n|-damage|p2a: raxter|26\/100|[from] item: Life Orb\n|\n|-weather|SunnyDay|[upkeep]\n|upkeep\n|\n|t:|1700618960\n|switch|p1a: Tapu Koko|Tapu Koko|53\/100\n|-damage|p1a: Tapu Koko|41\/100|[from] Stealth Rock\n|turn|14\n|\n|t:|1700618962\n|move|p1a: Tapu Koko|U-turn|p2a: raxter\n|-supereffective|p2a: raxter\n|-damage|p2a: raxter|0 fnt\n|faint|p2a: raxter\n|\n|-weather|SunnyDay|[upkeep]\n|upkeep\n|\n|t:|1700618964\n|switch|p2a: storm|Greninja, F|100\/100\n|-activate|p2a: storm|move: Sticky Web\n|-unboost|p2a: storm|spe|1\n|turn|15\n|\n|t:|1700618966\n|move|p1a: Tapu Koko|U-turn|p2a: storm\n|-supereffective|p2a: storm\n|-damage|p2a: storm|46\/100\n|move|p2a: storm|U-turn|p1a: Tapu Koko\n|-start|p2a: storm|typechange|Bug|[from] ability: Protean\n|-resisted|p1a: Tapu Koko\n|-damage|p1a: Tapu Koko|26\/100\n|\n|t:|1700618968\n|switch|p2a: slash|Sceptile, F|100\/100|[from] U-turn\n|-activate|p2a: slash|move: Sticky Web\n|-unboost|p2a: slash|spe|1\n|\n|-weather|none\n|upkeep\n|turn|16\n|\n|t:|1700618973\n|move|p1a: Tapu Koko|U-turn|p2a: slash\n|-supereffective|p2a: slash\n|-damage|p2a: slash|18\/100\n|-enditem|p2a: slash|Weakness Policy\n|-boost|p2a: slash|atk|2|[from] item: Weakness Policy\n|-boost|p2a: slash|spa|2|[from] item: Weakness Policy\n|move|p2a: slash|Earthquake|p1a: Tapu Koko\n|-supereffective|p1a: Tapu Koko\n|-damage|p1a: Tapu Koko|0 fnt\n|faint|p1a: Tapu Koko\n|\n|win|Viruskilleryt2\n|raw|InsBAPlayer's rating: 1136 &rarr; <strong>1114<\/strong><br \/>(-22 for losing)\n|raw|Viruskilleryt2's rating: 1181 &rarr; <strong>1203<\/strong><br \/>(+22 for winning)\n|l|\u2606InsBAPlayer\n|c|\u2606Viruskilleryt2|Gg\n","uploadtime":1700618990,"views":0,"p1id":"insbaplayer","p2id":"viruskilleryt2","formatid":"gen9nationaldex","rating":1114,"private":0,"password":""}