{"id":"gen9nationaldex-1994046735","p1":"Dove6","p2":"shuijun1\u82cd\u708e\u5203\u9b3c\u4fa0","format":"[Gen 9] National Dex","log":"|j|\u2606Dove6\n|j|\u2606shuijun1\u82cd\u708e\u5203\u9b3c\u4fa0\n|t:|1700399387\n|gametype|singles\n|player|p1|Dove6|hero2-conquest|1635\n|player|p2|shuijun1\u82cd\u708e\u5203\u9b3c\u4fa0|iono|1498\n|teamsize|p1|6\n|teamsize|p2|6\n|gen|9\n|tier|[Gen 9] National Dex\n|rated|\n|rule|HP Percentage Mod: HP is shown in percentages\n|rule|Endless Battle Clause: Forcing endless battles is banned\n|rule|OHKO Clause: OHKO moves are banned\n|rule|Evasion Clause: Evasion abilities, items, and moves are banned\n|rule|Evasion Abilities Clause: Evasion abilities are banned\n|rule|Evasion Items Clause: Evasion items are banned\n|rule|Evasion Moves Clause: Evasion moves are banned\n|rule|Species Clause: Limit one of each Pok\u00e9mon\n|rule|Sleep Clause Mod: Limit one foe put to sleep\n|clearpoke\n|poke|p1|Weavile, M|\n|poke|p1|Landorus-Therian, M|\n|poke|p1|Zapdos|\n|poke|p1|Volcanion|\n|poke|p1|Ursaluna, M|\n|poke|p1|Kartana|\n|poke|p2|Alomomola, F|\n|poke|p2|Slowking-Galar, F|\n|poke|p2|Samurott-Hisui, F|\n|poke|p2|Zygarde-10%|\n|poke|p2|Zamazenta-*|\n|poke|p2|Thundurus-Therian, M|\n|teampreview\n|\n|t:|1700399407\n|start\n|switch|p1a: Kartana|Kartana, shiny|100\/100\n|switch|p2a: Zamazenta|Zamazenta|100\/100\n|-ability|p2a: Zamazenta|Dauntless Shield|boost\n|-boost|p2a: Zamazenta|def|1\n|turn|1\n|\n|t:|1700399419\n|switch|p1a: Zapdos|Zapdos, shiny|100\/100\n|move|p2a: Zamazenta|Iron Defense|p2a: Zamazenta\n|-boost|p2a: Zamazenta|def|2\n|\n|upkeep\n|turn|2\n|\n|t:|1700399428\n|-terastallize|p2a: Zamazenta|Electric\n|move|p2a: Zamazenta|Body Press|p1a: Zapdos\n|-resisted|p1a: Zapdos\n|-damage|p1a: Zapdos|69\/100\n|move|p1a: Zapdos|Discharge|p2a: Zamazenta\n|-resisted|p2a: Zamazenta\n|-damage|p2a: Zamazenta|88\/100\n|\n|-heal|p2a: Zamazenta|94\/100|[from] item: Leftovers\n|upkeep\n|turn|3\n|\n|t:|1700399439\n|move|p2a: Zamazenta|Iron Defense|p2a: Zamazenta\n|-boost|p2a: Zamazenta|def|2\n|move|p1a: Zapdos|U-turn|p2a: Zamazenta\n|-damage|p2a: Zamazenta|91\/100\n|\n|t:|1700399450\n|switch|p1a: Volcanion|Volcanion|100\/100|[from] U-turn\n|\n|-heal|p2a: Zamazenta|97\/100|[from] item: Leftovers\n|upkeep\n|turn|4\n|\n|t:|1700399454\n|-terastallize|p1a: Volcanion|Fairy\n|move|p2a: Zamazenta|Body Press|p1a: Volcanion\n|-resisted|p1a: Volcanion\n|-damage|p1a: Volcanion|66\/100\n|move|p1a: Volcanion|Toxic|p2a: Zamazenta\n|-status|p2a: Zamazenta|tox\n|\n|-heal|p2a: Zamazenta|100\/100 tox|[from] item: Leftovers\n|-damage|p2a: Zamazenta|94\/100 tox|[from] psn\n|upkeep\n|turn|5\n|\n|t:|1700399462\n|move|p2a: Zamazenta|Body Press|p1a: Volcanion\n|-resisted|p1a: Volcanion\n|-damage|p1a: Volcanion|30\/100\n|move|p1a: Volcanion|Steam Eruption|p2a: Zamazenta\n|-damage|p2a: Zamazenta|58\/100 tox\n|\n|-heal|p2a: Zamazenta|65\/100 tox|[from] item: Leftovers\n|-damage|p2a: Zamazenta|52\/100 tox|[from] psn\n|upkeep\n|turn|6\n|\n|t:|1700399472\n|switch|p1a: Landorus|Landorus-Therian, M, shiny|100\/100\n|-ability|p1a: Landorus|Intimidate|boost\n|-unboost|p2a: Zamazenta|atk|1\n|move|p2a: Zamazenta|Body Press|p1a: Landorus\n|-resisted|p1a: Landorus\n|-damage|p1a: Landorus|46\/100\n|\n|-heal|p2a: Zamazenta|58\/100 tox|[from] item: Leftovers\n|-heal|p1a: Landorus|52\/100|[from] item: Leftovers\n|-damage|p2a: Zamazenta|40\/100 tox|[from] psn\n|upkeep\n|turn|7\n|\n|t:|1700399491\n|switch|p1a: Volcanion|Volcanion, tera:Fairy|30\/100\n|move|p2a: Zamazenta|Body Press|p1a: Volcanion\n|-resisted|p1a: Volcanion\n|-damage|p1a: Volcanion|0 fnt\n|faint|p1a: Volcanion\n|\n|-heal|p2a: Zamazenta|46\/100 tox|[from] item: Leftovers\n|-damage|p2a: Zamazenta|21\/100 tox|[from] psn\n|upkeep\n|\n|t:|1700399497\n|switch|p1a: Zapdos|Zapdos, shiny|69\/100\n|turn|8\n|\n|t:|1700399502\n|switch|p2a: Zygarde|Zygarde-10%|100\/100\n|-ability|p2a: Zygarde|Aura Break\n|move|p1a: Zapdos|Roost|p1a: Zapdos\n|-heal|p1a: Zapdos|100\/100\n|-singleturn|p1a: Zapdos|move: Roost\n|\n|upkeep\n|turn|9\n|\n|t:|1700399507\n|move|p2a: Zygarde|Thousand Arrows|p1a: Zapdos\n|-damage|p1a: Zapdos|62\/100\n|-start|p1a: Zapdos|Smack Down\n|-damage|p2a: Zygarde|91\/100|[from] item: Life Orb\n|move|p1a: Zapdos|Hurricane|p2a: Zygarde\n|-damage|p2a: Zygarde|17\/100\n|\n|upkeep\n|turn|10\n|\n|t:|1700399516\n|switch|p1a: Landorus|Landorus-Therian, M, shiny|52\/100\n|-ability|p1a: Landorus|Intimidate|boost\n|-unboost|p2a: Zygarde|atk|1\n|move|p2a: Zygarde|Glare|p1a: Landorus\n|-status|p1a: Landorus|par\n|\n|-heal|p1a: Landorus|59\/100 par|[from] item: Leftovers\n|upkeep\n|turn|11\n|\n|t:|1700399525\n|switch|p2a: Alomomola|Alomomola, F|100\/100\n|move|p1a: Landorus|U-turn|p2a: Alomomola\n|-damage|p2a: Alomomola|89\/100\n|-damage|p1a: Landorus|42\/100 par|[from] item: Rocky Helmet|[of] p2a: Alomomola\n|\n|t:|1700399531\n|switch|p1a: Zapdos|Zapdos, shiny|62\/100|[from] U-turn\n|\n|upkeep\n|turn|12\n|\n|t:|1700399537\n|move|p1a: Zapdos|Hurricane|p2a: Alomomola\n|-damage|p2a: Alomomola|33\/100\n|move|p2a: Alomomola|Wish|p2a: Alomomola\n|\n|upkeep\n|turn|13\n|\n|t:|1700399546\n|switch|p1a: Kartana|Kartana, shiny|100\/100\n|switch|p2a: Zamazenta|Zamazenta, tera:Electric|21\/100 tox\n|\n|-heal|p2a: Zamazenta|90\/100 tox|[from] move: Wish|[wisher] Alomomola\n|-heal|p2a: Zamazenta|96\/100 tox|[from] item: Leftovers\n|-damage|p2a: Zamazenta|90\/100 tox|[from] psn\n|upkeep\n|turn|14\n|\n|t:|1700399557\n|move|p1a: Kartana|Leaf Blade|p2a: Zamazenta\n|-damage|p2a: Zamazenta|46\/100 tox\n|move|p2a: Zamazenta|Body Press|p1a: Kartana\n|-supereffective|p1a: Kartana\n|-damage|p1a: Kartana|26\/100\n|\n|-heal|p2a: Zamazenta|52\/100 tox|[from] item: Leftovers\n|-damage|p2a: Zamazenta|40\/100 tox|[from] psn\n|upkeep\n|turn|15\n|\n|t:|1700399567\n|move|p1a: Kartana|Leaf Blade|p2a: Zamazenta\n|-damage|p2a: Zamazenta|0 fnt\n|faint|p2a: Zamazenta\n|-ability|p1a: Kartana|Beast Boost|boost\n|-boost|p1a: Kartana|atk|1\n|\n|upkeep\n|inactive|Battle timer is ON: inactive players will automatically lose when time's up. (requested by Dove6)\n|\n|t:|1700399575\n|switch|p2a: Zygarde|Zygarde-10%|17\/100\n|-ability|p2a: Zygarde|Aura Break\n|turn|16\n|\n|t:|1700399578\n|move|p2a: Zygarde|Extreme Speed|p1a: Kartana\n|-resisted|p1a: Kartana\n|-damage|p1a: Kartana|10\/100\n|-damage|p2a: Zygarde|8\/100|[from] item: Life Orb\n|move|p1a: Kartana|Leaf Blade|p2a: Zygarde\n|-damage|p2a: Zygarde|0 fnt\n|faint|p2a: Zygarde\n|-ability|p1a: Kartana|Beast Boost|boost\n|-boost|p1a: Kartana|atk|1\n|\n|upkeep\n|\n|t:|1700399589\n|switch|p2a: Samurott|Samurott-Hisui, F|100\/100\n|turn|17\n|\n|t:|1700399594\n|move|p2a: Samurott|Aqua Jet|p1a: Kartana\n|-resisted|p1a: Kartana\n|-damage|p1a: Kartana|0 fnt\n|faint|p1a: Kartana\n|\n|upkeep\n|\n|t:|1700399600\n|switch|p1a: Zapdos|Zapdos, shiny|62\/100\n|turn|18\n|\n|t:|1700399604\n|switch|p2a: Thundurus|Thundurus-Therian, M|100\/100\n|move|p1a: Zapdos|Roost|p1a: Zapdos\n|-heal|p1a: Zapdos|100\/100\n|-singleturn|p1a: Zapdos|move: Roost\n|\n|upkeep\n|turn|19\n|\n|t:|1700399609\n|switch|p1a: Landorus|Landorus-Therian, M, shiny|42\/100 par\n|-ability|p1a: Landorus|Intimidate|boost\n|-unboost|p2a: Thundurus|atk|1\n|move|p2a: Thundurus|Sludge Wave|p1a: Landorus\n|-resisted|p1a: Landorus\n|-damage|p1a: Landorus|28\/100 par\n|\n|-heal|p1a: Landorus|34\/100 par|[from] item: Leftovers\n|upkeep\n|turn|20\n|\n|t:|1700399617\n|move|p2a: Thundurus|Hidden Power|p1a: Landorus\n|-supereffective|p1a: Landorus\n|-crit|p1a: Landorus\n|-damage|p1a: Landorus|0 fnt\n|faint|p1a: Landorus\n|\n|upkeep\n|\n|t:|1700399624\n|switch|p1a: Weavile|Weavile, M, shiny|100\/100\n|-ability|p1a: Weavile|Pressure\n|turn|21\n|\n|t:|1700399630\n|move|p1a: Weavile|Knock Off|p2a: Thundurus\n|-damage|p2a: Thundurus|0 fnt\n|-enditem|p2a: Thundurus|Heavy-Duty Boots|[from] move: Knock Off|[of] p1a: Weavile\n|faint|p2a: Thundurus\n|\n|upkeep\n|\n|t:|1700399635\n|switch|p2a: Samurott|Samurott-Hisui, F|100\/100\n|turn|22\n|\n|t:|1700399640\n|move|p1a: Weavile|Knock Off|p2a: Samurott\n|-resisted|p2a: Samurott\n|-damage|p2a: Samurott|58\/100\n|-enditem|p2a: Samurott|Choice Band|[from] move: Knock Off|[of] p1a: Weavile\n|move|p2a: Samurott|Ceaseless Edge|p1a: Weavile\n|-resisted|p1a: Weavile\n|-damage|p1a: Weavile|62\/100\n|-sidestart|p1: Dove6|Spikes\n|\n|upkeep\n|turn|23\n|\n|t:|1700399649\n|move|p1a: Weavile|Knock Off|p2a: Samurott\n|-resisted|p2a: Samurott\n|-damage|p2a: Samurott|25\/100\n|move|p2a: Samurott|Ceaseless Edge|p1a: Weavile\n|-resisted|p1a: Weavile\n|-damage|p1a: Weavile|22\/100\n|-sidestart|p1: Dove6|Spikes\n|\n|upkeep\n|turn|24\n|\n|t:|1700399655\n|move|p2a: Samurott|Aqua Jet|p1a: Weavile\n|-damage|p1a: Weavile|0 fnt\n|faint|p1a: Weavile\n|\n|upkeep\n|\n|t:|1700399659\n|switch|p1a: Zapdos|Zapdos, shiny|100\/100\n|turn|25\n|\n|t:|1700399664\n|move|p2a: Samurott|Aqua Cutter|p1a: Zapdos\n|-damage|p1a: Zapdos|64\/100\n|move|p1a: Zapdos|U-turn|p2a: Samurott\n|-supereffective|p2a: Samurott\n|-damage|p2a: Samurott|0 fnt\n|faint|p2a: Samurott\n|\n|t:|1700399667\n|switch|p1a: Ursaluna|Ursaluna, M, shiny|100\/100|[from] U-turn\n|-damage|p1a: Ursaluna|84\/100|[from] Spikes\n|\n|-status|p1a: Ursaluna|brn|[from] item: Flame Orb\n|upkeep\n|\n|t:|1700399677\n|switch|p2a: Alomomola|Alomomola, F|67\/100\n|turn|26\n|\n|t:|1700399683\n|move|p2a: Alomomola|Protect|p2a: Alomomola\n|-singleturn|p2a: Alomomola|Protect\n|move|p1a: Ursaluna|Facade|p2a: Alomomola\n|-activate|p2a: Alomomola|move: Protect\n|\n|-damage|p1a: Ursaluna|78\/100 brn|[from] brn\n|upkeep\n|turn|27\n|\n|t:|1700399691\n|move|p1a: Ursaluna|Facade|p2a: Alomomola\n|-damage|p2a: Alomomola|0 fnt\n|-damage|p1a: Ursaluna|61\/100 brn|[from] item: Rocky Helmet|[of] p2a: Alomomola\n|faint|p2a: Alomomola\n|\n|-damage|p1a: Ursaluna|55\/100 brn|[from] brn\n|upkeep\n|\n|t:|1700399694\n|switch|p2a: Slowking|Slowking-Galar, F|100\/100\n|turn|28\n|\n|t:|1700399707\n|move|p1a: Ursaluna|Facade|p2a: Slowking\n|-damage|p2a: Slowking|0 fnt\n|faint|p2a: Slowking\n|\n|win|Dove6\n|raw|Dove6's rating: 1635 &rarr; <strong>1647<\/strong><br \/>(+12 for winning)\n|raw|shuijun1\u82cd\u708e\u5203\u9b3c\u4fa0's rating: 1498 &rarr; <strong>1486<\/strong><br \/>(-12 for losing)\n|l|\u2606shuijun1\u82cd\u708e\u5203\u9b3c\u4fa0\n|c|\u2606Dove6|gg\n","uploadtime":1700399719,"views":5,"p1id":"dove6","p2id":"shuijun1","formatid":"gen9nationaldex","rating":1486,"private":0,"password":""}