{"id":"gen9nationaldex-2000665772","p1":"adem","p2":"gewwge","format":"[Gen 9] National Dex","log":"|html|<div class=\"broadcast-blue\"><strong>[Gen 9] National Dex is currently suspecting Sneasler! For information on how to participate check out the <a href=\"https:\/\/www.smogon.com\/forums\/threads\/sv-national-dex-suspect-8-just-dance.3731534\/\">suspect thread<\/a>.<\/strong><\/div>\n|j|\u2606adem\n|j|\u2606gewwge\n|inactive|Battle timer is ON: inactive players will automatically lose when time's up.\n|t:|1701216346\n|gametype|singles\n|player|p1|adem|#adem|\n|player|p2|gewwge|lucas|\n|teamsize|p1|6\n|teamsize|p2|6\n|gen|9\n|tier|[Gen 9] National Dex\n|rated|Tournament battle\n|rule|HP Percentage Mod: HP is shown in percentages\n|rule|Endless Battle Clause: Forcing endless battles is banned\n|rule|OHKO Clause: OHKO moves are banned\n|rule|Evasion Clause: Evasion abilities, items, and moves are banned\n|rule|Evasion Abilities Clause: Evasion abilities are banned\n|rule|Evasion Items Clause: Evasion items are banned\n|rule|Evasion Moves Clause: Evasion moves are banned\n|rule|Species Clause: Limit one of each Pok\u00e9mon\n|rule|Sleep Clause Mod: Limit one foe put to sleep\n|clearpoke\n|poke|p1|Ogerpon-Wellspring, F|\n|poke|p1|Latias, F|\n|poke|p1|Ferrothorn, M|\n|poke|p1|Landorus-Therian, M|\n|poke|p1|Clefable, F|\n|poke|p1|Volcarona, F|\n|poke|p2|Medicham, F|\n|poke|p2|Tapu Koko|\n|poke|p2|Iron Moth|\n|poke|p2|Great Tusk|\n|poke|p2|Samurott-Hisui, M|\n|poke|p2|Moltres|\n|teampreview\n|c|\u2606adem|Hf\n|c|\u2606gewwge|u2\n|\n|t:|1701216366\n|start\n|switch|p1a: Landorus|Landorus-Therian, M|100\/100\n|switch|p2a: Moltres|Moltres|100\/100\n|-ability|p1a: Landorus|Intimidate|boost\n|-unboost|p2a: Moltres|atk|1\n|turn|1\n|\n|t:|1701216369\n|move|p1a: Landorus|Stone Edge|p2a: Moltres\n|-supereffective|p2a: Moltres\n|-damage|p2a: Moltres|0 fnt\n|faint|p2a: Moltres\n|\n|upkeep\n|j|+Slash Death\n|\n|t:|1701216372\n|switch|p2a: Great Tusk|Great Tusk|100\/100\n|turn|2\n|\n|t:|1701216378\n|switch|p1a: Clefable|Clefable, F|100\/100\n|move|p2a: Great Tusk|Stealth Rock|p1a: Clefable\n|-sidestart|p1: adem|move: Stealth Rock\n|\n|upkeep\n|turn|3\n|\n|t:|1701216384\n|-end|p2a: Great Tusk|Protosynthesis|[silent]\n|switch|p2a: Iron Moth|Iron Moth|100\/100\n|move|p1a: Clefable|Stealth Rock|p2a: Iron Moth\n|-sidestart|p2: gewwge|move: Stealth Rock\n|\n|upkeep\n|turn|4\n|\n|t:|1701216401\n|switch|p1a: Latias|Latias, F|100\/100\n|-damage|p1a: Latias|88\/100|[from] Stealth Rock\n|move|p2a: Iron Moth|Sludge Wave|p1a: Latias\n|-damage|p1a: Latias|45\/100\n|\n|upkeep\n|turn|5\n|\n|t:|1701216404\n|-end|p2a: Iron Moth|Quark Drive|[silent]\n|switch|p2a: Samurott|Samurott-Hisui, M, shiny|100\/100\n|-damage|p2a: Samurott|88\/100|[from] Stealth Rock\n|detailschange|p1a: Latias|Latias-Mega, F\n|-mega|p1a: Latias|Latias|Latiasite\n|move|p1a: Latias|Recover|p1a: Latias\n|-heal|p1a: Latias|95\/100\n|\n|upkeep\n|turn|6\n|\n|t:|1701216413\n|switch|p1a: Ogerpon|Ogerpon-Wellspring, F|100\/100\n|-damage|p1a: Ogerpon|88\/100|[from] Stealth Rock\n|move|p2a: Samurott|Ceaseless Edge|p1a: Ogerpon\n|-damage|p1a: Ogerpon|28\/100\n|-sidestart|p1: adem|Spikes\n|\n|upkeep\n|turn|7\n|\n|t:|1701216417\n|move|p2a: Samurott|Sucker Punch|p1a: Ogerpon\n|-damage|p1a: Ogerpon|0 fnt\n|faint|p1a: Ogerpon\n|\n|upkeep\n|c|\u2606adem|i forgot this giy has 0 bulk\n|c|\u2606gewwge|rip\n|\n|t:|1701216435\n|switch|p1a: Clefable|Clefable, F|100\/100\n|turn|8\n|\n|t:|1701216441\n|-terastallize|p2a: Samurott|Water\n|move|p2a: Samurott|Aqua Cutter|p1a: Clefable\n|-damage|p1a: Clefable|48\/100\n|move|p1a: Clefable|Knock Off|p2a: Samurott\n|-damage|p2a: Samurott|70\/100\n|-enditem|p2a: Samurott|Assault Vest|[from] move: Knock Off|[of] p1a: Clefable\n|\n|upkeep\n|turn|9\n|\n|t:|1701216450\n|move|p2a: Samurott|Knock Off|p1a: Clefable\n|-resisted|p1a: Clefable\n|-damage|p1a: Clefable|29\/100\n|-damage|p2a: Samurott|53\/100|[from] item: Rocky Helmet|[of] p1a: Clefable\n|-enditem|p1a: Clefable|Rocky Helmet|[from] move: Knock Off|[of] p2a: Samurott\n|move|p1a: Clefable|Soft-Boiled|p1a: Clefable\n|-heal|p1a: Clefable|79\/100\n|\n|upkeep\n|turn|10\n|\n|t:|1701216456\n|switch|p1a: Ferrothorn|Ferrothorn, M|100\/100\n|-damage|p1a: Ferrothorn|94\/100|[from] Stealth Rock\n|-damage|p1a: Ferrothorn|82\/100|[from] Spikes\n|move|p2a: Samurott|Aqua Cutter|p1a: Ferrothorn\n|-resisted|p1a: Ferrothorn\n|-damage|p1a: Ferrothorn|61\/100\n|\n|-heal|p1a: Ferrothorn|67\/100|[from] item: Leftovers\n|upkeep\n|turn|11\n|\n|t:|1701216474\n|move|p2a: Samurott|Knock Off|p1a: Ferrothorn\n|-damage|p1a: Ferrothorn|39\/100\n|-damage|p2a: Samurott|41\/100|[from] ability: Iron Barbs|[of] p1a: Ferrothorn\n|-enditem|p1a: Ferrothorn|Leftovers|[from] move: Knock Off|[of] p2a: Samurott\n|move|p1a: Ferrothorn|Power Whip|p2a: Samurott|[miss]\n|-miss|p1a: Ferrothorn|p2a: Samurott\n|\n|upkeep\n|turn|12\n|c|\u2606gewwge|mb\n|c|\u2606adem|Flop\n|\n|t:|1701216488\n|move|p2a: Samurott|Ceaseless Edge|p1a: Ferrothorn\n|-damage|p1a: Ferrothorn|10\/100\n|-damage|p2a: Samurott|28\/100|[from] ability: Iron Barbs|[of] p1a: Ferrothorn\n|-sidestart|p1: adem|Spikes\n|move|p1a: Ferrothorn|Power Whip|p2a: Samurott\n|-supereffective|p2a: Samurott\n|-damage|p2a: Samurott|0 fnt\n|faint|p2a: Samurott\n|\n|upkeep\n|\n|t:|1701216493\n|switch|p2a: Tapu Koko|Tapu Koko|100\/100\n|-damage|p2a: Tapu Koko|88\/100|[from] Stealth Rock\n|-fieldstart|move: Electric Terrain|[from] ability: Electric Surge|[of] p2a: Tapu Koko\n|turn|13\n|\n|t:|1701216498\n|move|p2a: Tapu Koko|Dazzling Gleam|p1a: Ferrothorn\n|-resisted|p1a: Ferrothorn\n|-damage|p1a: Ferrothorn|0 fnt\n|faint|p1a: Ferrothorn\n|\n|upkeep\n|\n|t:|1701216507\n|switch|p1a: Volcarona|Volcarona, F|100\/100\n|turn|14\n|\n|t:|1701216510\n|move|p2a: Tapu Koko|Taunt|p1a: Volcarona\n|-start|p1a: Volcarona|move: Taunt\n|cant|p1a: Volcarona|move: Taunt|Quiver Dance\n|\n|upkeep\n|turn|15\n|c|\u2606adem|oh nah\n|c|\u2606adem|mot real\n|\n|t:|1701216519\n|switch|p1a: Landorus|Landorus-Therian, M|100\/100\n|-damage|p1a: Landorus|88\/100|[from] Stealth Rock\n|-ability|p1a: Landorus|Intimidate|boost\n|-unboost|p2a: Tapu Koko|atk|1\n|move|p2a: Tapu Koko|Thunderbolt|p1a: Landorus\n|-immune|p1a: Landorus\n|\n|upkeep\n|turn|16\n|\n|t:|1701216521\n|switch|p2a: Great Tusk|Great Tusk|100\/100\n|-damage|p2a: Great Tusk|97\/100|[from] Stealth Rock\n|move|p1a: Landorus|Earthquake|p2a: Great Tusk\n|-damage|p2a: Great Tusk|73\/100\n|\n|upkeep\n|turn|17\n|\n|t:|1701216533\n|switch|p1a: Clefable|Clefable, F|79\/100\n|move|p2a: Great Tusk|Rapid Spin|p1a: Clefable\n|-damage|p1a: Clefable|67\/100\n|-boost|p2a: Great Tusk|spe|1\n|-sideend|p2: gewwge|Stealth Rock|[from] move: Rapid Spin|[of] p2a: Great Tusk\n|\n|-fieldend|move: Electric Terrain\n|upkeep\n|turn|18\n|\n|t:|1701216539\n|move|p2a: Great Tusk|Earthquake|p1a: Clefable\n|-damage|p1a: Clefable|33\/100\n|move|p1a: Clefable|Moonblast|p2a: Great Tusk\n|-supereffective|p2a: Great Tusk\n|-damage|p2a: Great Tusk|0 fnt\n|faint|p2a: Great Tusk\n|-end|p2a: Great Tusk|Protosynthesis|[silent]\n|\n|upkeep\n|\n|t:|1701216552\n|switch|p2a: Medicham|Medicham, F|100\/100\n|turn|19\n|\n|t:|1701216557\n|detailschange|p2a: Medicham|Medicham-Mega, F\n|-mega|p2a: Medicham|Medicham|Medichamite\n|move|p2a: Medicham|Zen Headbutt|p1a: Clefable|[miss]\n|-miss|p2a: Medicham|p1a: Clefable\n|move|p1a: Clefable|Soft-Boiled|p1a: Clefable\n|-heal|p1a: Clefable|83\/100\n|\n|upkeep\n|turn|20\n|c|\u2606adem|Mb\n|c|\u2606gewwge|nw\n|\n|t:|1701216565\n|move|p2a: Medicham|Zen Headbutt|p1a: Clefable\n|-damage|p1a: Clefable|26\/100\n|move|p1a: Clefable|Moonblast|p2a: Medicham\n|-supereffective|p2a: Medicham\n|-damage|p2a: Medicham|5\/100\n|\n|upkeep\n|turn|21\n|j| new york method\n|\n|t:|1701216577\n|move|p2a: Medicham|Zen Headbutt|p1a: Clefable\n|-damage|p1a: Clefable|0 fnt\n|faint|p1a: Clefable\n|\n|upkeep\n|c|\u2606gewwge|ah that clef staying ended me\n|\n|t:|1701216581\n|switch|p1a: Landorus|Landorus-Therian, M|88\/100\n|-damage|p1a: Landorus|76\/100|[from] Stealth Rock\n|-ability|p1a: Landorus|Intimidate|boost\n|-unboost|p2a: Medicham|atk|1\n|turn|22\n|c|\u2606adem|maybe\n|c|\u2606gewwge|thought u'd keep it\n|c|\u2606adem|o think lando still\n|c|\u2606adem|won tho\n|c|\u2606adem|or volc\n|c|\u2606gewwge|volc wins\n|c|\u2606adem|yeah\n|\n|t:|1701216608\n|move|p2a: Medicham|Bullet Punch|p1a: Landorus\n|-damage|p1a: Landorus|61\/100\n|move|p1a: Landorus|Earthquake|p2a: Medicham\n|-damage|p2a: Medicham|0 fnt\n|faint|p2a: Medicham\n|\n|upkeep\n|\n|t:|1701216611\n|switch|p2a: Iron Moth|Iron Moth|100\/100\n|turn|23\n|c|\u2606adem|gg\n|\n|t:|1701216620\n|move|p2a: Iron Moth|Overheat|p1a: Landorus\n|-damage|p1a: Landorus|0 fnt\n|-unboost|p2a: Iron Moth|spa|2\n|faint|p1a: Landorus\n|\n|upkeep\n|c|\u2606adem|wait\n|c|\u2606adem|what\n|c|\u2606gewwge|dw\n|c|\u2606adem|were u not\n|c|\u2606adem|wait\n|c|\u2606adem|im so dumb\n|c|\u2606adem|dawg i thoight u were boots\n|c|\u2606adem|i forgot how rocks worked\n|inactive|adem has 120 seconds left.\n|c|\u2606adem|forna second\n|\n|t:|1701216650\n|switch|p1a: Volcarona|Volcarona, F|100\/100\n|turn|24\n|\n|t:|1701216653\n|-end|p2a: Iron Moth|Quark Drive|[silent]\n|switch|p2a: Tapu Koko|Tapu Koko|88\/100\n|-fieldstart|move: Electric Terrain|[from] ability: Electric Surge|[of] p2a: Tapu Koko\n|move|p1a: Volcarona|Quiver Dance|p1a: Volcarona\n|-boost|p1a: Volcarona|spa|1\n|-boost|p1a: Volcarona|spd|1\n|-boost|p1a: Volcarona|spe|1\n|\n|upkeep\n|turn|25\n|\n|t:|1701216659\n|-terastallize|p1a: Volcarona|Grass\n|move|p1a: Volcarona|Quiver Dance|p1a: Volcarona\n|-boost|p1a: Volcarona|spa|1\n|-boost|p1a: Volcarona|spd|1\n|-boost|p1a: Volcarona|spe|1\n|move|p2a: Tapu Koko|Thunderbolt|p1a: Volcarona\n|-resisted|p1a: Volcarona\n|-crit|p1a: Volcarona\n|-damage|p1a: Volcarona|74\/100\n|\n|upkeep\n|turn|26\n|\n|t:|1701216664\n|move|p1a: Volcarona|Quiver Dance|p1a: Volcarona\n|-boost|p1a: Volcarona|spa|1\n|-boost|p1a: Volcarona|spd|1\n|-boost|p1a: Volcarona|spe|1\n|-zpower|p2a: Tapu Koko\n|move|p2a: Tapu Koko|Twinkle Tackle|p1a: Volcarona|[zeffect]\n|-damage|p1a: Volcarona|55\/100\n|\n|upkeep\n|turn|27\n|\n|t:|1701216667\n|move|p1a: Volcarona|Quiver Dance|p1a: Volcarona\n|-boost|p1a: Volcarona|spa|1\n|-boost|p1a: Volcarona|spd|1\n|-boost|p1a: Volcarona|spe|1\n|move|p2a: Tapu Koko|Taunt|p1a: Volcarona\n|-start|p1a: Volcarona|move: Taunt\n|\n|upkeep\n|turn|28\n|\n|t:|1701216670\n|move|p1a: Volcarona|Giga Drain|p2a: Tapu Koko\n|-damage|p2a: Tapu Koko|0 fnt\n|-heal|p1a: Volcarona|89\/100|[from] drain|[of] p2a: Tapu Koko\n|faint|p2a: Tapu Koko\n|\n|-fieldend|move: Electric Terrain\n|upkeep\n|\n|t:|1701216672\n|switch|p2a: Iron Moth|Iron Moth|100\/100\n|turn|29\n|\n|t:|1701216674\n|move|p1a: Volcarona|Flamethrower|p2a: Iron Moth\n|-resisted|p2a: Iron Moth\n|-damage|p2a: Iron Moth|37\/100\n|move|p2a: Iron Moth|Sludge Wave|p1a: Volcarona\n|-supereffective|p1a: Volcarona\n|-damage|p1a: Volcarona|65\/100\n|\n|upkeep\n|turn|30\n|c|\u2606adem|gg\n|\n|t:|1701216679\n|move|p1a: Volcarona|Flamethrower|p2a: Iron Moth\n|-resisted|p2a: Iron Moth\n|-damage|p2a: Iron Moth|0 fnt\n|faint|p2a: Iron Moth\n|-end|p2a: Iron Moth|Quark Drive|[silent]\n|\n|win|adem\n|n|\u2606adem|adem\n|n|\u2606gewwge|gewwge\n|n| Slash Death|slashdeath\n|n| new york method|newyorkmethod\n|c|\u2606adem|wp\n","uploadtime":1701216683,"views":0,"p1id":"adem","p2id":"gewwge","formatid":"gen9nationaldex","rating":0,"private":0,"password":""}