{"id":"gen9nationaldex-1989168415","p1":"Kingpetty1998","p2":"RandoTestAccount","format":"[Gen 9] National Dex","log":"|j|\u2606Kingpetty1998\n|j|\u2606RandoTestAccount\n|t:|1699819453\n|gametype|singles\n|player|p1|Kingpetty1998|265|1147\n|player|p2|RandoTestAccount|pokemonrangerf|1116\n|teamsize|p1|6\n|teamsize|p2|6\n|gen|9\n|tier|[Gen 9] National Dex\n|rated|\n|rule|HP Percentage Mod: HP is shown in percentages\n|rule|Endless Battle Clause: Forcing endless battles is banned\n|rule|OHKO Clause: OHKO moves are banned\n|rule|Evasion Clause: Evasion abilities, items, and moves are banned\n|rule|Evasion Abilities Clause: Evasion abilities are banned\n|rule|Evasion Items Clause: Evasion items are banned\n|rule|Evasion Moves Clause: Evasion moves are banned\n|rule|Species Clause: Limit one of each Pok\u00e9mon\n|rule|Sleep Clause Mod: Limit one foe put to sleep\n|clearpoke\n|poke|p1|Gliscor, F|\n|poke|p1|Greninja-*, M|\n|poke|p1|Arcanine-Hisui, M|\n|poke|p1|Latios, M|\n|poke|p1|Copperajah, M|\n|poke|p1|Zoroark-Hisui, M|\n|poke|p2|Umbreon, F|\n|poke|p2|Excadrill, F|\n|poke|p2|Corviknight, F|\n|poke|p2|Tapu Fini|\n|poke|p2|Sableye, F|\n|poke|p2|Dragalge, F|\n|teampreview\n|inactive|Battle timer is ON: inactive players will automatically lose when time's up. (requested by RandoTestAccount)\n|\n|t:|1699819488\n|start\n|switch|p1a: Gliscor|Gliscor, F|100\/100\n|switch|p2a: The Droplet Tear|Tapu Fini, shiny|100\/100\n|-fieldstart|move: Misty Terrain|[from] ability: Misty Surge|[of] p2a: The Droplet Tear\n|turn|1\n|\n|t:|1699819498\n|move|p1a: Gliscor|Hyper Voice|p2a: The Droplet Tear\n|-damage|p2a: The Droplet Tear|67\/100\n|-enditem|p1a: Gliscor|Throat Spray\n|-boost|p1a: Gliscor|spa|1|[from] item: Throat Spray\n|move|p2a: The Droplet Tear|Scald|p1a: Gliscor\n|-damage|p1a: Gliscor|46\/100\n|replace|p1a: Zoroark|Zoroark-Hisui, M\n|-end|p1a: Zoroark|Illusion\n|\n|-heal|p2a: The Droplet Tear|73\/100|[from] item: Leftovers\n|upkeep\n|turn|2\n|\n|t:|1699819513\n|move|p1a: Zoroark|Hyper Voice|p2a: The Droplet Tear\n|-damage|p2a: The Droplet Tear|22\/100\n|move|p2a: The Droplet Tear|Moonblast|p1a: Zoroark\n|-damage|p1a: Zoroark|0 fnt\n|faint|p1a: Zoroark\n|\n|-heal|p2a: The Droplet Tear|28\/100|[from] item: Leftovers\n|upkeep\n|\n|t:|1699819520\n|switch|p1a: Greninja|Greninja, M|100\/100\n|turn|3\n|\n|t:|1699819531\n|switch|p2a: Agony Steelheart|Dragalge, F, shiny|100\/100\n|move|p1a: Greninja|Scald|p2a: Agony Steelheart\n|-resisted|p2a: Agony Steelheart\n|-damage|p2a: Agony Steelheart|87\/100\n|\n|-heal|p2a: Agony Steelheart|93\/100|[from] item: Black Sludge\n|upkeep\n|turn|4\n|\n|t:|1699819546\n|switch|p1a: Gliscor|Gliscor, F|100\/100\n|move|p2a: Agony Steelheart|Acid Spray|p1a: Gliscor\n|-resisted|p1a: Gliscor\n|-crit|p1a: Gliscor\n|-damage|p1a: Gliscor|88\/100\n|-unboost|p1a: Gliscor|spd|2\n|\n|-heal|p2a: Agony Steelheart|99\/100|[from] item: Black Sludge\n|-status|p1a: Gliscor|tox|[from] item: Toxic Orb\n|upkeep\n|turn|5\n|\n|t:|1699819563\n|move|p1a: Gliscor|Protect|p1a: Gliscor\n|-singleturn|p1a: Gliscor|Protect\n|move|p2a: Agony Steelheart|Dragon Pulse|p1a: Gliscor\n|-activate|p1a: Gliscor|move: Protect\n|\n|-heal|p2a: Agony Steelheart|100\/100|[from] item: Black Sludge\n|-heal|p1a: Gliscor|99\/100 tox|[from] ability: Poison Heal\n|-fieldend|Misty Terrain\n|upkeep\n|turn|6\n|\n|t:|1699819575\n|move|p1a: Gliscor|Earthquake|p2a: Agony Steelheart\n|-supereffective|p2a: Agony Steelheart\n|-damage|p2a: Agony Steelheart|25\/100\n|move|p2a: Agony Steelheart|Hidden Power|p1a: Gliscor\n|-damage|p1a: Gliscor|76\/100 tox\n|\n|-heal|p2a: Agony Steelheart|31\/100|[from] item: Black Sludge\n|-heal|p1a: Gliscor|88\/100 tox|[from] ability: Poison Heal\n|upkeep\n|turn|7\n|\n|t:|1699819594\n|switch|p2a: Ephialtes Keeper|Corviknight, F, shiny|100\/100\n|-ability|p2a: Ephialtes Keeper|Pressure\n|move|p1a: Gliscor|Earthquake|p2a: Ephialtes Keeper\n|-immune|p2a: Ephialtes Keeper\n|\n|-heal|p1a: Gliscor|99\/100 tox|[from] ability: Poison Heal\n|upkeep\n|turn|8\n|\n|t:|1699819599\n|switch|p2a: Spectre of Emerald|Sableye, F, shiny|100\/100\n|move|p1a: Gliscor|Knock Off|p2a: Spectre of Emerald\n|-damage|p2a: Spectre of Emerald|85\/100\n|\n|-heal|p1a: Gliscor|100\/100 tox|[from] ability: Poison Heal\n|upkeep\n|turn|9\n|\n|t:|1699819616\n|detailschange|p2a: Spectre of Emerald|Sableye-Mega, F, shiny\n|-mega|p2a: Spectre of Emerald|Sableye|Sablenite\n|move|p1a: Gliscor|Earthquake|p2a: Spectre of Emerald\n|-damage|p2a: Spectre of Emerald|61\/100\n|move|p2a: Spectre of Emerald|Calm Mind|p2a: Spectre of Emerald\n|-boost|p2a: Spectre of Emerald|spa|1\n|-boost|p2a: Spectre of Emerald|spd|1\n|\n|upkeep\n|turn|10\n|\n|t:|1699819623\n|switch|p1a: Copperajah|Copperajah, M|100\/100\n|move|p2a: Spectre of Emerald|Recover|p2a: Spectre of Emerald\n|-heal|p2a: Spectre of Emerald|100\/100\n|\n|upkeep\n|turn|11\n|\n|t:|1699819641\n|move|p2a: Spectre of Emerald|Will-O-Wisp|p1a: Copperajah\n|-status|p1a: Copperajah|brn\n|move|p1a: Copperajah|Whirlwind|p2a: Spectre of Emerald\n|move|p2a: Spectre of Emerald|Whirlwind|p1a: Copperajah|[from]ability: Magic Bounce\n|drag|p1a: Gliscor|Gliscor, F|100\/100 tox\n|\n|upkeep\n|turn|12\n|\n|t:|1699819653\n|switch|p1a: Copperajah|Copperajah, M|100\/100 brn\n|move|p2a: Spectre of Emerald|Calm Mind|p2a: Spectre of Emerald\n|-boost|p2a: Spectre of Emerald|spa|1\n|-boost|p2a: Spectre of Emerald|spd|1\n|\n|-damage|p1a: Copperajah|94\/100 brn|[from] brn\n|upkeep\n|turn|13\n|\n|t:|1699819658\n|move|p1a: Copperajah|Rest|p1a: Copperajah\n|-status|p1a: Copperajah|slp|[from] move: Rest\n|-heal|p1a: Copperajah|100\/100 slp|[silent]\n|move|p2a: Spectre of Emerald|Calm Mind|p2a: Spectre of Emerald\n|-boost|p2a: Spectre of Emerald|spa|1\n|-boost|p2a: Spectre of Emerald|spd|1\n|\n|upkeep\n|turn|14\n|\n|t:|1699819671\n|cant|p1a: Copperajah|slp\n|move|p2a: Spectre of Emerald|Calm Mind|p2a: Spectre of Emerald\n|-boost|p2a: Spectre of Emerald|spa|1\n|-boost|p2a: Spectre of Emerald|spd|1\n|\n|upkeep\n|turn|15\n|\n|t:|1699819674\n|cant|p1a: Copperajah|slp\n|move|p2a: Spectre of Emerald|Calm Mind|p2a: Spectre of Emerald\n|-boost|p2a: Spectre of Emerald|spa|1\n|-boost|p2a: Spectre of Emerald|spd|1\n|\n|upkeep\n|turn|16\n|\n|t:|1699819694\n|-curestatus|p1a: Copperajah|slp|[msg]\n|move|p1a: Copperajah|Iron Head|p2a: Spectre of Emerald\n|-damage|p2a: Spectre of Emerald|72\/100\n|move|p2a: Spectre of Emerald|Calm Mind|p2a: Spectre of Emerald\n|-boost|p2a: Spectre of Emerald|spa|1\n|-boost|p2a: Spectre of Emerald|spd|1\n|\n|upkeep\n|turn|17\n|\n|t:|1699819700\n|move|p1a: Copperajah|Iron Head|p2a: Spectre of Emerald\n|-damage|p2a: Spectre of Emerald|42\/100\n|move|p2a: Spectre of Emerald|Will-O-Wisp|p1a: Copperajah\n|-status|p1a: Copperajah|brn\n|\n|-damage|p1a: Copperajah|94\/100 brn|[from] brn\n|upkeep\n|turn|18\n|\n|t:|1699819710\n|move|p1a: Copperajah|Iron Head|p2a: Spectre of Emerald\n|-damage|p2a: Spectre of Emerald|27\/100\n|move|p2a: Spectre of Emerald|Recover|p2a: Spectre of Emerald\n|-heal|p2a: Spectre of Emerald|77\/100\n|\n|-heal|p1a: Copperajah|100\/100 brn|[from] item: Leftovers\n|-damage|p1a: Copperajah|94\/100 brn|[from] brn\n|upkeep\n|turn|19\n|\n|t:|1699819718\n|switch|p1a: Arcanine|Arcanine-Hisui, M|100\/100\n|-ability|p1a: Arcanine|Intimidate|boost\n|-unboost|p2a: Spectre of Emerald|atk|1\n|move|p2a: Spectre of Emerald|Recover|p2a: Spectre of Emerald\n|-heal|p2a: Spectre of Emerald|100\/100\n|\n|upkeep\n|turn|20\n|\n|t:|1699819729\n|move|p1a: Arcanine|Head Smash|p2a: Spectre of Emerald\n|-damage|p2a: Spectre of Emerald|55\/100\n|-damage|p1a: Arcanine|79\/100|[from] Recoil\n|move|p2a: Spectre of Emerald|Dark Pulse|p1a: Arcanine\n|-damage|p1a: Arcanine|0 fnt\n|faint|p1a: Arcanine\n|\n|upkeep\n|-message|Kingpetty1998 forfeited.\n|\n|win|RandoTestAccount\n|raw|Kingpetty1998's rating: 1147 &rarr; <strong>1120<\/strong><br \/>(-27 for losing)\n|raw|RandoTestAccount's rating: 1116 &rarr; <strong>1143<\/strong><br \/>(+27 for winning)\n|l|\u2606Kingpetty1998\n","uploadtime":1699819753,"views":4,"p1id":"kingpetty1998","p2id":"randotestaccount","formatid":"gen9nationaldex","rating":1120,"private":0,"password":""}