{"id":"gen9nationaldex-2000243938","p1":"isuck124567778","p2":"Algi73thereal1lmao","format":"[Gen 9] National Dex","log":"|html|<div class=\"broadcast-blue\"><strong>[Gen 9] National Dex is currently suspecting Sneasler! For information on how to participate check out the <a href=\"https:\/\/www.smogon.com\/forums\/threads\/sv-national-dex-suspect-8-just-dance.3731534\/\">suspect thread<\/a>.<\/strong><\/div>\n|j|\u2606isuck124567778\n|j|\u2606Algi73thereal1lmao\n|t:|1701176811\n|gametype|singles\n|player|p1|isuck124567778|266|1108\n|player|p2|Algi73thereal1lmao|ingo|1097\n|teamsize|p1|6\n|teamsize|p2|6\n|gen|9\n|tier|[Gen 9] National Dex\n|rated|\n|rule|HP Percentage Mod: HP is shown in percentages\n|rule|Endless Battle Clause: Forcing endless battles is banned\n|rule|OHKO Clause: OHKO moves are banned\n|rule|Evasion Clause: Evasion abilities, items, and moves are banned\n|rule|Evasion Abilities Clause: Evasion abilities are banned\n|rule|Evasion Items Clause: Evasion items are banned\n|rule|Evasion Moves Clause: Evasion moves are banned\n|rule|Species Clause: Limit one of each Pok\u00e9mon\n|rule|Sleep Clause Mod: Limit one foe put to sleep\n|clearpoke\n|poke|p1|Heatran, F|\n|poke|p1|Tapu Fini|\n|poke|p1|Landorus-Therian, M|\n|poke|p1|Greninja-*, M|\n|poke|p1|Latios, M|\n|poke|p1|Meowscarada, M|\n|poke|p2|Dragonite, F|\n|poke|p2|Ninetales-Alola, M|\n|poke|p2|Venusaur, M|\n|poke|p2|Goodra-Hisui, F|\n|poke|p2|Cinderace, F|\n|poke|p2|Greninja-*, M|\n|teampreview\n|\n|t:|1701176825\n|start\n|switch|p1a: Tapu Fini|Tapu Fini|100\/100\n|switch|p2a: Ninetales|Ninetales-Alola, M|100\/100\n|-weather|Snow|[from] ability: Snow Warning|[of] p2a: Ninetales\n|-fieldstart|move: Misty Terrain|[from] ability: Misty Surge|[of] p1a: Tapu Fini\n|turn|1\n|inactive|Battle timer is ON: inactive players will automatically lose when time's up. (requested by Algi73thereal1lmao)\n|\n|t:|1701176836\n|move|p2a: Ninetales|Freeze-Dry|p1a: Tapu Fini\n|-supereffective|p1a: Tapu Fini\n|-damage|p1a: Tapu Fini|66\/100\n|move|p1a: Tapu Fini|Scald|p2a: Ninetales\n|-damage|p2a: Ninetales|66\/100\n|\n|-weather|Snow|[upkeep]\n|-heal|p2a: Ninetales|72\/100|[from] item: Leftovers\n|-heal|p1a: Tapu Fini|72\/100|[from] item: Leftovers\n|upkeep\n|turn|2\n|\n|t:|1701176852\n|switch|p1a: Heatran|Heatran, F|100\/100\n|move|p2a: Ninetales|Freeze-Dry|p1a: Heatran\n|-resisted|p1a: Heatran\n|-damage|p1a: Heatran|96\/100\n|\n|-weather|Snow|[upkeep]\n|-heal|p2a: Ninetales|79\/100|[from] item: Leftovers\n|-heal|p1a: Heatran|100\/100|[from] item: Leftovers\n|upkeep\n|turn|3\n|\n|t:|1701176863\n|switch|p2a: Venusaur|Venusaur, M|100\/100\n|move|p1a: Heatran|Magma Storm|p2a: Venusaur\n|-supereffective|p2a: Venusaur\n|-damage|p2a: Venusaur|0 fnt\n|faint|p2a: Venusaur\n|\n|-weather|Snow|[upkeep]\n|upkeep\n|\n|t:|1701176870\n|switch|p2a: Greninja|Greninja, M|100\/100\n|turn|4\n|\n|t:|1701176887\n|switch|p1a: Meowscarada|Meowscarada, M|100\/100\n|move|p2a: Greninja|Water Shuriken|p1a: Meowscarada\n|-resisted|p1a: Meowscarada\n|-damage|p1a: Meowscarada|94\/100\n|-resisted|p1a: Meowscarada\n|-damage|p1a: Meowscarada|88\/100\n|-resisted|p1a: Meowscarada\n|-damage|p1a: Meowscarada|81\/100\n|-hitcount|p1a: Meowscarada|3\n|\n|-weather|Snow|[upkeep]\n|upkeep\n|turn|5\n|\n|t:|1701176902\n|switch|p2a: Ninetales|Ninetales-Alola, M|79\/100\n|move|p1a: Meowscarada|U-turn|p2a: Ninetales\n|-start|p1a: Meowscarada|typechange|Bug|[from] ability: Protean\n|-resisted|p2a: Ninetales\n|-damage|p2a: Ninetales|53\/100\n|\n|t:|1701176916\n|switch|p1a: Heatran|Heatran, F|100\/100|[from] U-turn\n|\n|-weather|none\n|-heal|p2a: Ninetales|60\/100|[from] item: Leftovers\n|-fieldend|Misty Terrain\n|upkeep\n|turn|6\n|\n|t:|1701176924\n|switch|p2a: Greninja|Greninja, M|100\/100\n|move|p1a: Heatran|Magma Storm|p2a: Greninja\n|-resisted|p2a: Greninja\n|-damage|p2a: Greninja|65\/100\n|-activate|p2a: Greninja|move: Magma Storm|[of] p1a: Heatran\n|\n|-damage|p2a: Greninja|53\/100|[from] move: Magma Storm|[partiallytrapped]\n|upkeep\n|turn|7\n|\n|t:|1701176934\n|switch|p1a: Meowscarada|Meowscarada, M|81\/100\n|move|p2a: Greninja|Water Shuriken|p1a: Meowscarada\n|-resisted|p1a: Meowscarada\n|-damage|p1a: Meowscarada|74\/100\n|-resisted|p1a: Meowscarada\n|-damage|p1a: Meowscarada|67\/100\n|-resisted|p1a: Meowscarada\n|-damage|p1a: Meowscarada|61\/100\n|-resisted|p1a: Meowscarada\n|-damage|p1a: Meowscarada|55\/100\n|-resisted|p1a: Meowscarada\n|-damage|p1a: Meowscarada|48\/100\n|-hitcount|p1a: Meowscarada|5\n|\n|-end|p2a: Greninja|Magma Storm|[partiallytrapped]|[silent]\n|upkeep\n|turn|8\n|\n|t:|1701176947\n|switch|p2a: Cinderace|Cinderace, F|100\/100\n|move|p1a: Meowscarada|Flower Trick|p2a: Cinderace\n|-start|p1a: Meowscarada|typechange|Grass|[from] ability: Protean\n|-resisted|p2a: Cinderace\n|-crit|p2a: Cinderace\n|-damage|p2a: Cinderace|47\/100\n|\n|-heal|p2a: Cinderace|53\/100|[from] item: Leftovers\n|upkeep\n|turn|9\n|inactive|isuck124567778 has 120 seconds left.\n|\n|t:|1701176968\n|switch|p1a: Tapu Fini|Tapu Fini|72\/100\n|-fieldstart|move: Misty Terrain|[from] ability: Misty Surge|[of] p1a: Tapu Fini\n|move|p2a: Cinderace|Pyro Ball|p1a: Tapu Fini|[miss]\n|-miss|p2a: Cinderace|p1a: Tapu Fini\n|\n|-heal|p2a: Cinderace|59\/100|[from] item: Leftovers\n|-heal|p1a: Tapu Fini|78\/100|[from] item: Leftovers\n|upkeep\n|turn|10\n|inactive|isuck124567778 has 120 seconds left.\n|\n|t:|1701176980\n|switch|p2a: Ninetales|Ninetales-Alola, M|60\/100\n|-weather|Snow|[from] ability: Snow Warning|[of] p2a: Ninetales\n|move|p1a: Tapu Fini|Moonblast|p2a: Ninetales\n|-damage|p2a: Ninetales|25\/100\n|\n|-weather|Snow|[upkeep]\n|-heal|p2a: Ninetales|31\/100|[from] item: Leftovers\n|-heal|p1a: Tapu Fini|84\/100|[from] item: Leftovers\n|upkeep\n|turn|11\n|inactive|isuck124567778 has 120 seconds left.\n|\n|t:|1701176991\n|move|p2a: Ninetales|Draining Kiss|p1a: Tapu Fini\n|-damage|p1a: Tapu Fini|71\/100\n|-heal|p2a: Ninetales|42\/100|[from] drain|[of] p1a: Tapu Fini\n|move|p1a: Tapu Fini|Moonblast|p2a: Ninetales\n|-damage|p2a: Ninetales|2\/100\n|\n|-weather|Snow|[upkeep]\n|-heal|p2a: Ninetales|8\/100|[from] item: Leftovers\n|-heal|p1a: Tapu Fini|77\/100|[from] item: Leftovers\n|upkeep\n|turn|12\n|inactive|isuck124567778 has 120 seconds left.\n|\n|t:|1701177003\n|switch|p1a: Greninja|Greninja, M|100\/100\n|move|p2a: Ninetales|Freeze-Dry|p1a: Greninja\n|-supereffective|p1a: Greninja\n|-damage|p1a: Greninja|13\/100\n|\n|-weather|Snow|[upkeep]\n|-heal|p2a: Ninetales|14\/100|[from] item: Leftovers\n|upkeep\n|turn|13\n|\n|t:|1701177012\n|move|p1a: Greninja|Water Shuriken|p2a: Ninetales\n|-damage|p2a: Ninetales|2\/100\n|-damage|p2a: Ninetales|0 fnt\n|faint|p2a: Ninetales\n|-ability|p1a: Greninja|Battle Bond|boost\n|-boost|p1a: Greninja|atk|1\n|-boost|p1a: Greninja|spa|1\n|-boost|p1a: Greninja|spe|1\n|-activate|p1a: Greninja|ability: Battle Bond\n|-hitcount|p2: Ninetales|2\n|\n|-weather|Snow|[upkeep]\n|-fieldend|Misty Terrain\n|upkeep\n|\n|t:|1701177023\n|switch|p2a: Goodra|Goodra-Hisui, F|100\/100\n|turn|14\n|\n|t:|1701177039\n|switch|p1a: Latios|Latios, M|100\/100\n|move|p2a: Goodra|Dragon Tail|p1a: Latios\n|-supereffective|p1a: Latios\n|-damage|p1a: Latios|45\/100\n|drag|p1a: Meowscarada|Meowscarada, M|48\/100\n|\n|-weather|none\n|upkeep\n|turn|15\n|\n|t:|1701177054\n|move|p1a: Meowscarada|Play Rough|p2a: Goodra\n|-start|p1a: Meowscarada|typechange|Fairy|[from] ability: Protean\n|-damage|p2a: Goodra|61\/100\n|move|p2a: Goodra|Dragon Tail|p1a: Meowscarada\n|-immune|p1a: Meowscarada\n|\n|upkeep\n|turn|16\n|\n|t:|1701177064\n|move|p1a: Meowscarada|Play Rough|p2a: Goodra\n|-damage|p2a: Goodra|17\/100\n|-enditem|p2a: Goodra|Wiki Berry|[eat]\n|-heal|p2a: Goodra|50\/100|[from] item: Wiki Berry\n|move|p2a: Goodra|Flash Cannon|p1a: Meowscarada\n|-supereffective|p1a: Meowscarada\n|-damage|p1a: Meowscarada|0 fnt\n|faint|p1a: Meowscarada\n|\n|upkeep\n|\n|t:|1701177075\n|switch|p1a: Heatran|Heatran, F|100\/100\n|turn|17\n|\n|t:|1701177084\n|switch|p2a: Greninja|Greninja, M|53\/100\n|move|p1a: Heatran|Magma Storm|p2a: Greninja\n|-resisted|p2a: Greninja\n|-damage|p2a: Greninja|18\/100\n|-activate|p2a: Greninja|move: Magma Storm|[of] p1a: Heatran\n|\n|-damage|p2a: Greninja|6\/100|[from] move: Magma Storm|[partiallytrapped]\n|upkeep\n|turn|18\n|\n|t:|1701177096\n|switch|p1a: Tapu Fini|Tapu Fini|77\/100\n|-fieldstart|move: Misty Terrain|[from] ability: Misty Surge|[of] p1a: Tapu Fini\n|move|p2a: Greninja|Water Shuriken|p1a: Tapu Fini\n|-resisted|p1a: Tapu Fini\n|-damage|p1a: Tapu Fini|73\/100\n|-resisted|p1a: Tapu Fini\n|-damage|p1a: Tapu Fini|69\/100\n|-resisted|p1a: Tapu Fini\n|-damage|p1a: Tapu Fini|65\/100\n|-resisted|p1a: Tapu Fini\n|-damage|p1a: Tapu Fini|61\/100\n|-hitcount|p1a: Tapu Fini|4\n|\n|-heal|p1a: Tapu Fini|68\/100|[from] item: Leftovers\n|-end|p2a: Greninja|Magma Storm|[partiallytrapped]|[silent]\n|upkeep\n|turn|19\n|\n|t:|1701177113\n|move|p2a: Greninja|Shadow Sneak|p1a: Tapu Fini\n|-damage|p1a: Tapu Fini|60\/100\n|move|p1a: Tapu Fini|Moonblast|p2a: Greninja\n|-supereffective|p2a: Greninja\n|-damage|p2a: Greninja|0 fnt\n|faint|p2a: Greninja\n|\n|-heal|p1a: Tapu Fini|66\/100|[from] item: Leftovers\n|upkeep\n|\n|t:|1701177122\n|switch|p2a: Goodra|Goodra-Hisui, F|50\/100\n|turn|20\n|\n|t:|1701177131\n|move|p1a: Tapu Fini|Moonblast|p2a: Goodra\n|-damage|p2a: Goodra|27\/100\n|move|p2a: Goodra|Flash Cannon|p1a: Tapu Fini\n|-damage|p1a: Tapu Fini|45\/100\n|\n|-heal|p1a: Tapu Fini|51\/100|[from] item: Leftovers\n|upkeep\n|turn|21\n|\n|t:|1701177140\n|move|p1a: Tapu Fini|Moonblast|p2a: Goodra\n|-damage|p2a: Goodra|4\/100\n|-unboost|p2a: Goodra|spa|1\n|move|p2a: Goodra|Flash Cannon|p1a: Tapu Fini\n|-damage|p1a: Tapu Fini|38\/100\n|\n|-heal|p1a: Tapu Fini|44\/100|[from] item: Leftovers\n|upkeep\n|turn|22\n|\n|t:|1701177149\n|move|p1a: Tapu Fini|Moonblast|p2a: Goodra\n|-damage|p2a: Goodra|0 fnt\n|faint|p2a: Goodra\n|\n|-heal|p1a: Tapu Fini|50\/100|[from] item: Leftovers\n|-fieldend|Misty Terrain\n|upkeep\n|\n|t:|1701177156\n|switch|p2a: Cinderace|Cinderace, F|59\/100\n|turn|23\n|\n|t:|1701177165\n|move|p2a: Cinderace|Pyro Ball|p1a: Tapu Fini\n|-resisted|p1a: Tapu Fini\n|-damage|p1a: Tapu Fini|26\/100\n|-status|p1a: Tapu Fini|brn\n|move|p1a: Tapu Fini|Moonblast|p2a: Cinderace\n|-resisted|p2a: Cinderace\n|-damage|p2a: Cinderace|35\/100\n|\n|-heal|p2a: Cinderace|41\/100|[from] item: Leftovers\n|-heal|p1a: Tapu Fini|32\/100 brn|[from] item: Leftovers\n|-damage|p1a: Tapu Fini|26\/100 brn|[from] brn\n|upkeep\n|turn|24\n|\n|t:|1701177179\n|switch|p1a: Landorus|Landorus-Therian, M|100\/100\n|-ability|p1a: Landorus|Intimidate|boost\n|-unboost|p2a: Cinderace|atk|1\n|move|p2a: Cinderace|Pyro Ball|p1a: Landorus|[miss]\n|-miss|p2a: Cinderace|p1a: Landorus\n|\n|-heal|p2a: Cinderace|47\/100|[from] item: Leftovers\n|upkeep\n|turn|25\n|\n|t:|1701177189\n|switch|p2a: Dragonite|Dragonite, F|100\/100\n|move|p1a: Landorus|Stone Edge|p2a: Dragonite\n|-supereffective|p2a: Dragonite\n|-damage|p2a: Dragonite|29\/100\n|\n|upkeep\n|turn|26\n|\n|t:|1701177202\n|move|p1a: Landorus|Stone Edge|p2a: Dragonite\n|-supereffective|p2a: Dragonite\n|-damage|p2a: Dragonite|0 fnt\n|faint|p2a: Dragonite\n|\n|upkeep\n|\n|t:|1701177207\n|switch|p2a: Cinderace|Cinderace, F|47\/100\n|turn|27\n|\n|t:|1701177222\n|move|p1a: Landorus|Stone Edge|p2a: Cinderace\n|-supereffective|p2a: Cinderace\n|-damage|p2a: Cinderace|0 fnt\n|faint|p2a: Cinderace\n|\n|win|isuck124567778\n|raw|isuck124567778's rating: 1108 &rarr; <strong>1132<\/strong><br \/>(+24 for winning)\n|raw|Algi73thereal1lmao's rating: 1097 &rarr; <strong>1073<\/strong><br \/>(-24 for losing)\n","uploadtime":1701177229,"views":11,"p1id":"isuck124567778","p2id":"algi73thereal1lmao","formatid":"gen9nationaldex","rating":1073,"private":0,"password":""}