{"id":"gen9nationaldex-1987828136","p1":"OG Regulator","p2":"Nerdygolem513","format":"[Gen 9] National Dex","log":"|j|\u2606OG Regulator\n|j|\u2606Nerdygolem513\n|t:|1699640566\n|gametype|singles\n|player|p1|OG Regulator|265|1211\n|player|p2|Nerdygolem513|burglar|1143\n|teamsize|p1|6\n|teamsize|p2|6\n|gen|9\n|tier|[Gen 9] National Dex\n|rated|\n|rule|HP Percentage Mod: HP is shown in percentages\n|rule|Endless Battle Clause: Forcing endless battles is banned\n|rule|OHKO Clause: OHKO moves are banned\n|rule|Evasion Clause: Evasion abilities, items, and moves are banned\n|rule|Evasion Abilities Clause: Evasion abilities are banned\n|rule|Evasion Items Clause: Evasion items are banned\n|rule|Evasion Moves Clause: Evasion moves are banned\n|rule|Species Clause: Limit one of each Pok\u00e9mon\n|rule|Sleep Clause Mod: Limit one foe put to sleep\n|clearpoke\n|poke|p1|Entei|\n|poke|p1|Feraligatr, M|\n|poke|p1|Celebi|\n|poke|p1|Tyranitar, M|\n|poke|p1|Gliscor, M|\n|poke|p1|Forretress, M|\n|poke|p2|Shuckle, M|\n|poke|p2|Serperior, M|\n|poke|p2|Malamar, F|\n|poke|p2|Aerodactyl, F|\n|poke|p2|Landorus-Therian, M|\n|poke|p2|Rotom|\n|teampreview\n|\n|t:|1699640582\n|start\n|switch|p1a: Forretress|Forretress, M|100\/100\n|switch|p2a: 17 inches|Shuckle, M, shiny|100\/100\n|turn|1\n|\n|t:|1699640590\n|move|p1a: Forretress|Stealth Rock|p2a: 17 inches\n|-sidestart|p2: Nerdygolem513|move: Stealth Rock\n|move|p2a: 17 inches|Sticky Web|p1a: Forretress\n|-sidestart|p1: OG Regulator|move: Sticky Web\n|\n|upkeep\n|turn|2\n|\n|t:|1699640593\n|move|p1a: Forretress|Gyro Ball|p2a: 17 inches\n|-supereffective|p2a: 17 inches\n|-damage|p2a: 17 inches|93\/100\n|-enditem|p2a: 17 inches|Red Card|[of] p1a: Forretress\n|drag|p1a: Entei|Entei|100\/100\n|move|p2a: 17 inches|Stealth Rock|p1a: Entei\n|-sidestart|p1: OG Regulator|move: Stealth Rock\n|\n|upkeep\n|turn|3\n|\n|t:|1699640599\n|move|p1a: Entei|Iron Head|p2a: 17 inches\n|-supereffective|p2a: 17 inches\n|-damage|p2a: 17 inches|55\/100\n|move|p2a: 17 inches|Knock Off|p1a: Entei\n|-damage|p1a: Entei|95\/100\n|-enditem|p1a: Entei|Heavy-Duty Boots|[from] move: Knock Off|[of] p2a: 17 inches\n|\n|upkeep\n|turn|4\n|\n|t:|1699640604\n|move|p1a: Entei|Iron Head|p2a: 17 inches\n|-supereffective|p2a: 17 inches\n|-damage|p2a: 17 inches|20\/100\n|move|p2a: 17 inches|Toxic|p1a: Entei\n|-status|p1a: Entei|tox\n|\n|-damage|p1a: Entei|89\/100 tox|[from] psn\n|upkeep\n|turn|5\n|\n|t:|1699640610\n|move|p1a: Entei|Iron Head|p2a: 17 inches\n|-supereffective|p2a: 17 inches\n|-damage|p2a: 17 inches|0 fnt\n|faint|p2a: 17 inches\n|\n|-damage|p1a: Entei|76\/100 tox|[from] psn\n|upkeep\n|\n|t:|1699640616\n|switch|p2a: Tom|Rotom|100\/100\n|-damage|p2a: Tom|88\/100|[from] Stealth Rock\n|turn|6\n|\n|t:|1699640629\n|switch|p1a: Tyranitar|Tyranitar, M, shiny|100\/100\n|-activate|p1a: Tyranitar|move: Sticky Web\n|-unboost|p1a: Tyranitar|spe|1\n|-damage|p1a: Tyranitar|88\/100|[from] Stealth Rock\n|-weather|Sandstorm|[from] ability: Sand Stream|[of] p1a: Tyranitar\n|move|p2a: Tom|Hex|p1a: Tyranitar\n|-resisted|p1a: Tyranitar\n|-damage|p1a: Tyranitar|83\/100\n|\n|-weather|Sandstorm|[upkeep]\n|-damage|p2a: Tom|82\/100|[from] Sandstorm\n|upkeep\n|turn|7\n|\n|t:|1699640638\n|move|p2a: Tom|Will-O-Wisp|p1a: Tyranitar\n|-status|p1a: Tyranitar|brn\n|move|p1a: Tyranitar|Pursuit|p2a: Tom\n|-supereffective|p2a: Tom\n|-damage|p2a: Tom|43\/100\n|\n|-weather|Sandstorm|[upkeep]\n|-damage|p2a: Tom|37\/100|[from] Sandstorm\n|-damage|p1a: Tyranitar|77\/100 brn|[from] brn\n|upkeep\n|turn|8\n|\n|t:|1699640644\n|move|p2a: Tom|Volt Switch|p1a: Tyranitar\n|-damage|p1a: Tyranitar|66\/100 brn\n|inactive|Battle timer is ON: inactive players will automatically lose when time's up. (requested by OG Regulator)\n|\n|t:|1699640656\n|switch|p2a: Sirperior|Serperior, M|100\/100|[from] Volt Switch\n|-damage|p2a: Sirperior|88\/100|[from] Stealth Rock\n|move|p1a: Tyranitar|Stone Edge|p2a: Sirperior\n|-damage|p2a: Sirperior|49\/100\n|\n|-weather|Sandstorm|[upkeep]\n|-damage|p2a: Sirperior|43\/100|[from] Sandstorm\n|-damage|p1a: Tyranitar|60\/100 brn|[from] brn\n|upkeep\n|turn|9\n|\n|t:|1699640679\n|move|p2a: Sirperior|Leaf Storm|p1a: Tyranitar\n|-supereffective|p1a: Tyranitar\n|-crit|p1a: Tyranitar\n|-damage|p1a: Tyranitar|0 fnt\n|-boost|p2a: Sirperior|spa|2\n|faint|p1a: Tyranitar\n|\n|-weather|Sandstorm|[upkeep]\n|-damage|p2a: Sirperior|37\/100|[from] Sandstorm\n|upkeep\n|\n|t:|1699640685\n|switch|p1a: Forretress|Forretress, M|100\/100\n|-activate|p1a: Forretress|move: Sticky Web\n|-unboost|p1a: Forretress|spe|1\n|-damage|p1a: Forretress|88\/100|[from] Stealth Rock\n|turn|10\n|\n|t:|1699640692\n|switch|p2a: Tom|Rotom|37\/100\n|-damage|p2a: Tom|24\/100|[from] Stealth Rock\n|move|p1a: Forretress|Rapid Spin|p2a: Tom\n|-immune|p2a: Tom\n|\n|-weather|none\n|upkeep\n|turn|11\n|\n|t:|1699640707\n|move|p2a: Tom|Will-O-Wisp|p1a: Forretress|[miss]\n|-miss|p2a: Tom|p1a: Forretress\n|move|p1a: Forretress|Volt Switch|p2a: Tom\n|-resisted|p2a: Tom\n|-damage|p2a: Tom|14\/100\n|\n|t:|1699640712\n|switch|p1a: Gliscor|Gliscor, M|100\/100|[from] Volt Switch\n|-damage|p1a: Gliscor|88\/100|[from] Stealth Rock\n|\n|-status|p1a: Gliscor|tox|[from] item: Toxic Orb\n|upkeep\n|turn|12\n|\n|t:|1699640717\n|move|p2a: Tom|Hidden Power|p1a: Gliscor\n|-supereffective|p1a: Gliscor\n|-damage|p1a: Gliscor|8\/100 tox\n|move|p1a: Gliscor|U-turn|p2a: Tom\n|-resisted|p2a: Tom\n|-damage|p2a: Tom|1\/100\n|\n|t:|1699640721\n|switch|p1a: Forretress|Forretress, M|88\/100|[from] U-turn\n|-activate|p1a: Forretress|move: Sticky Web\n|-unboost|p1a: Forretress|spe|1\n|-damage|p1a: Forretress|76\/100|[from] Stealth Rock\n|\n|upkeep\n|turn|13\n|\n|t:|1699640736\n|move|p2a: Tom|Will-O-Wisp|p1a: Forretress\n|-status|p1a: Forretress|brn\n|move|p1a: Forretress|Gyro Ball|p2a: Tom\n|-resisted|p2a: Tom\n|-damage|p2a: Tom|0 fnt\n|faint|p2a: Tom\n|\n|-damage|p1a: Forretress|69\/100 brn|[from] brn\n|upkeep\n|\n|t:|1699640747\n|switch|p2a: Aerodactyl|Aerodactyl, F|100\/100\n|-damage|p2a: Aerodactyl|76\/100|[from] Stealth Rock\n|turn|14\n|\n|t:|1699640751\n|detailschange|p2a: Aerodactyl|Aerodactyl-Mega, F\n|-mega|p2a: Aerodactyl|Aerodactyl|Aerodactylite\n|move|p2a: Aerodactyl|Fire Fang|p1a: Forretress\n|-supereffective|p1a: Forretress\n|-damage|p1a: Forretress|0 fnt\n|-damage|p2a: Aerodactyl|59\/100|[from] item: Rocky Helmet|[of] p1a: Forretress\n|faint|p1a: Forretress\n|\n|upkeep\n|\n|t:|1699640767\n|switch|p1a: Feraligatr|Feraligatr, M|100\/100\n|-activate|p1a: Feraligatr|move: Sticky Web\n|-unboost|p1a: Feraligatr|spe|1\n|-damage|p1a: Feraligatr|88\/100|[from] Stealth Rock\n|turn|15\n|\n|t:|1699640777\n|switch|p2a: Lovely|Malamar, F|100\/100\n|-damage|p2a: Lovely|88\/100|[from] Stealth Rock\n|move|p1a: Feraligatr|Liquidation|p2a: Lovely\n|-damage|p2a: Lovely|17\/100\n|\n|-heal|p2a: Lovely|23\/100|[from] item: Leftovers\n|upkeep\n|turn|16\n|\n|t:|1699640796\n|move|p1a: Feraligatr|Liquidation|p2a: Lovely\n|-damage|p2a: Lovely|0 fnt\n|faint|p2a: Lovely\n|\n|upkeep\n|\n|t:|1699640801\n|switch|p2a: Sirperior|Serperior, M|37\/100\n|-damage|p2a: Sirperior|25\/100|[from] Stealth Rock\n|turn|17\n|\n|t:|1699640809\n|switch|p1a: Entei|Entei|76\/100 tox\n|-activate|p1a: Entei|move: Sticky Web\n|-unboost|p1a: Entei|spe|1\n|-damage|p1a: Entei|51\/100 tox|[from] Stealth Rock\n|move|p2a: Sirperior|Leaf Storm|p1a: Entei\n|-resisted|p1a: Entei\n|-damage|p1a: Entei|20\/100 tox\n|-boost|p2a: Sirperior|spa|2\n|\n|-damage|p1a: Entei|14\/100 tox|[from] psn\n|upkeep\n|turn|18\n|\n|t:|1699640813\n|move|p1a: Entei|Extreme Speed|p2a: Sirperior\n|-damage|p2a: Sirperior|0 fnt\n|faint|p2a: Sirperior\n|\n|-damage|p1a: Entei|2\/100 tox|[from] psn\n|upkeep\n|\n|t:|1699640826\n|switch|p2a: Aerodactyl|Aerodactyl-Mega, F|59\/100\n|-damage|p2a: Aerodactyl|34\/100|[from] Stealth Rock\n|turn|19\n|\n|t:|1699640840\n|move|p1a: Entei|Extreme Speed|p2a: Aerodactyl\n|-resisted|p2a: Aerodactyl\n|-crit|p2a: Aerodactyl\n|-damage|p2a: Aerodactyl|8\/100\n|move|p2a: Aerodactyl|Earthquake|p1a: Entei\n|-supereffective|p1a: Entei\n|-damage|p1a: Entei|0 fnt\n|faint|p1a: Entei\n|\n|upkeep\n|\n|t:|1699640847\n|switch|p1a: Gliscor|Gliscor, M|8\/100 tox\n|-damage|p1a: Gliscor|0 fnt|[from] Stealth Rock\n|faint|p1a: Gliscor\n|\n|t:|1699640850\n|switch|p1a: Feraligatr|Feraligatr, M|88\/100\n|-activate|p1a: Feraligatr|move: Sticky Web\n|-unboost|p1a: Feraligatr|spe|1\n|-damage|p1a: Feraligatr|75\/100|[from] Stealth Rock\n|turn|20\n|\n|t:|1699640859\n|move|p2a: Aerodactyl|Dual Wingbeat|p1a: Feraligatr\n|-damage|p1a: Feraligatr|42\/100\n|-damage|p1a: Feraligatr|11\/100\n|-hitcount|p1a: Feraligatr|2\n|move|p1a: Feraligatr|Liquidation|p2a: Aerodactyl\n|-supereffective|p2a: Aerodactyl\n|-damage|p2a: Aerodactyl|0 fnt\n|faint|p2a: Aerodactyl\n|\n|upkeep\n|\n|t:|1699640866\n|switch|p2a: The T sis|Landorus-Therian, M|100\/100\n|-damage|p2a: The T sis|88\/100|[from] Stealth Rock\n|-ability|p2a: The T sis|Intimidate|boost\n|-unboost|p1a: Feraligatr|atk|1\n|turn|21\n|\n|t:|1699640871\n|-terastallize|p2a: The T sis|Dragon\n|move|p2a: The T sis|Outrage|p1a: Feraligatr\n|-damage|p1a: Feraligatr|0 fnt\n|faint|p1a: Feraligatr\n|\n|upkeep\n|\n|t:|1699640873\n|switch|p1a: Celebi|Celebi|100\/100\n|-activate|p1a: Celebi|move: Sticky Web\n|-unboost|p1a: Celebi|spe|1\n|-damage|p1a: Celebi|88\/100|[from] Stealth Rock\n|turn|22\n|\n|t:|1699640886\n|move|p2a: The T sis|Outrage|p1a: Celebi|[from]lockedmove\n|-damage|p1a: Celebi|19\/100\n|move|p1a: Celebi|Psychic|p2a: The T sis\n|-damage|p2a: The T sis|13\/100\n|\n|upkeep\n|turn|23\n|\n|t:|1699640894\n|move|p2a: The T sis|Outrage|p1a: Celebi|[from]lockedmove\n|-damage|p1a: Celebi|0 fnt\n|faint|p1a: Celebi\n|-start|p2a: The T sis|confusion|[fatigue]\n|\n|win|Nerdygolem513\n|raw|OG Regulator's rating: 1211 &rarr; <strong>1181<\/strong><br \/>(-30 for losing)\n|raw|Nerdygolem513's rating: 1143 &rarr; <strong>1173<\/strong><br \/>(+30 for winning)\n|l|\u2606OG Regulator\n","uploadtime":1699640913,"views":4,"p1id":"ogregulator","p2id":"nerdygolem513","formatid":"gen9nationaldex","rating":1173,"private":0,"password":""}