{"id":"gen9nationaldex-1996847879","p1":"bigshoota","p2":"NDSNEZ untruwu","format":"[Gen 9] National Dex","log":"|html|<div class=\"broadcast-blue\"><strong>[Gen 9] National Dex is currently suspecting Sneasler! For information on how to participate check out the <a href=\"https:\/\/www.smogon.com\/forums\/threads\/sv-national-dex-suspect-8-just-dance.3731534\/\">suspect thread<\/a>.<\/strong><\/div>\n|j|\u2606bigshoota\n|j|\u2606NDSNEZ untruwu\n|t:|1700734880\n|gametype|singles\n|player|p1|bigshoota|skyla|1081\n|player|p2|NDSNEZ untruwu|psychic-gen2|1040\n|teamsize|p1|6\n|teamsize|p2|6\n|gen|9\n|tier|[Gen 9] National Dex\n|rated|\n|rule|HP Percentage Mod: HP is shown in percentages\n|rule|Endless Battle Clause: Forcing endless battles is banned\n|rule|OHKO Clause: OHKO moves are banned\n|rule|Evasion Clause: Evasion abilities, items, and moves are banned\n|rule|Evasion Abilities Clause: Evasion abilities are banned\n|rule|Evasion Items Clause: Evasion items are banned\n|rule|Evasion Moves Clause: Evasion moves are banned\n|rule|Species Clause: Limit one of each Pok\u00e9mon\n|rule|Sleep Clause Mod: Limit one foe put to sleep\n|clearpoke\n|poke|p1|Kingdra, F|\n|poke|p1|Steelix, F|\n|poke|p1|Mismagius, M|\n|poke|p1|Honchkrow, F|\n|poke|p1|Jellicent, F|\n|poke|p1|Klefki, M|\n|poke|p2|Alomomola, F|\n|poke|p2|Clodsire, M|\n|poke|p2|Skeledirge, M|\n|poke|p2|Mew|\n|poke|p2|Dondozo, F|\n|poke|p2|Corviknight, F|\n|teampreview\n|inactive|Battle timer is ON: inactive players will automatically lose when time's up. (requested by NDSNEZ untruwu)\n|\n|t:|1700734904\n|start\n|switch|p1a: Jellicent|Jellicent, F|100\/100\n|switch|p2a: Alomomola|Alomomola, F|100\/100\n|turn|1\n|\n|t:|1700734914\n|move|p1a: Jellicent|Toxic|p2a: Alomomola\n|-status|p2a: Alomomola|tox\n|move|p2a: Alomomola|Knock Off|p1a: Jellicent\n|-supereffective|p1a: Jellicent\n|-damage|p1a: Jellicent|63\/100\n|-enditem|p1a: Jellicent|Leftovers|[from] move: Knock Off|[of] p2a: Alomomola\n|\n|-damage|p2a: Alomomola|94\/100 tox|[from] psn\n|upkeep\n|turn|2\n|\n|t:|1700734920\n|switch|p2a: Mew|Mew|100\/100\n|move|p1a: Jellicent|Recover|p1a: Jellicent\n|-heal|p1a: Jellicent|100\/100\n|\n|upkeep\n|turn|3\n|\n|t:|1700734924\n|move|p2a: Mew|Toxic|p1a: Jellicent\n|-status|p1a: Jellicent|tox\n|move|p1a: Jellicent|Toxic|p2a: Mew\n|-status|p2a: Mew|tox\n|-activate|p2a: Mew|ability: Synchronize\n|-fail|p1a: Jellicent|tox\n|\n|-damage|p2a: Mew|94\/100 tox|[from] psn\n|-damage|p1a: Jellicent|94\/100 tox|[from] psn\n|upkeep\n|turn|4\n|\n|t:|1700734927\n|switch|p1a: Mismagius|Mismagius, M|100\/100\n|move|p2a: Mew|Stealth Rock|p1a: Mismagius\n|-sidestart|p1: bigshoota|move: Stealth Rock\n|\n|-damage|p2a: Mew|82\/100 tox|[from] psn\n|upkeep\n|turn|5\n|\n|t:|1700734931\n|switch|p2a: Clodsire|Clodsire, M|100\/100\n|move|p1a: Mismagius|Heal Bell|p1a: Mismagius\n|-activate|p1a: Mismagius|move: Heal Bell\n|-curestatus|p1: Jellicent|tox|[msg]\n|\n|upkeep\n|turn|6\n|\n|t:|1700734935\n|move|p1a: Mismagius|Will-O-Wisp|p2a: Clodsire\n|-status|p2a: Clodsire|brn\n|move|p2a: Clodsire|Toxic|p1a: Mismagius\n|-status|p1a: Mismagius|tox\n|\n|-damage|p1a: Mismagius|94\/100 tox|[from] psn\n|-damage|p2a: Clodsire|94\/100 brn|[from] brn\n|upkeep\n|turn|7\n|\n|t:|1700734938\n|move|p1a: Mismagius|Heal Bell|p1a: Mismagius\n|-activate|p1a: Mismagius|move: Heal Bell\n|-curestatus|p1a: Mismagius|tox|[msg]\n|move|p2a: Clodsire|Spikes|p1a: Mismagius\n|-sidestart|p1: bigshoota|Spikes\n|\n|-heal|p1a: Mismagius|100\/100|[from] item: Leftovers\n|-heal|p2a: Clodsire|100\/100 brn|[from] item: Black Sludge\n|-damage|p2a: Clodsire|94\/100 brn|[from] brn\n|upkeep\n|turn|8\n|\n|t:|1700734942\n|switch|p1a: Honchkrow|Honchkrow, F|100\/100\n|-damage|p1a: Honchkrow|76\/100|[from] Stealth Rock\n|move|p2a: Clodsire|Spikes|p1a: Honchkrow\n|-sidestart|p1: bigshoota|Spikes\n|\n|-heal|p1a: Honchkrow|82\/100|[from] item: Leftovers\n|-heal|p2a: Clodsire|100\/100 brn|[from] item: Black Sludge\n|-damage|p2a: Clodsire|94\/100 brn|[from] brn\n|upkeep\n|turn|9\n|\n|t:|1700734950\n|switch|p2a: Corviknight|Corviknight, F|100\/100\n|-ability|p2a: Corviknight|Pressure\n|move|p1a: Honchkrow|Defog|p2a: Corviknight\n|-unboost|p2a: Corviknight|evasion|1\n|-sideend|p1: bigshoota|Spikes|[from] move: Defog|[of] p1a: Honchkrow\n|-sideend|p1: bigshoota|Stealth Rock|[from] move: Defog|[of] p1a: Honchkrow\n|\n|-heal|p1a: Honchkrow|88\/100|[from] item: Leftovers\n|upkeep\n|turn|10\n|\n|t:|1700734957\n|switch|p1a: Jellicent|Jellicent, F|94\/100\n|move|p2a: Corviknight|U-turn|p1a: Jellicent\n|-resisted|p1a: Jellicent\n|-damage|p1a: Jellicent|86\/100\n|\n|t:|1700734974\n|switch|p2a: Skeledirge|Skeledirge, M|100\/100|[from] U-turn\n|\n|upkeep\n|turn|11\n|\n|t:|1700734978\n|move|p2a: Skeledirge|Hex|p1a: Jellicent\n|-supereffective|p1a: Jellicent\n|-damage|p1a: Jellicent|59\/100\n|move|p1a: Jellicent|Toxic|p2a: Skeledirge\n|-status|p2a: Skeledirge|tox\n|\n|-damage|p2a: Skeledirge|94\/100 tox|[from] psn\n|upkeep\n|turn|12\n|\n|t:|1700734982\n|switch|p2a: Alomomola|Alomomola, F|100\/100 tox\n|move|p1a: Jellicent|Recover|p1a: Jellicent\n|-heal|p1a: Jellicent|100\/100\n|\n|-damage|p2a: Alomomola|94\/100 tox|[from] psn\n|upkeep\n|turn|13\n|\n|t:|1700734986\n|move|p1a: Jellicent|Hex|p2a: Alomomola\n|-damage|p2a: Alomomola|59\/100 tox\n|move|p2a: Alomomola|Flip Turn|p1a: Jellicent\n|-immune|p1a: Jellicent|[from] ability: Water Absorb\n|\n|-damage|p2a: Alomomola|46\/100 tox|[from] psn\n|upkeep\n|turn|14\n|\n|t:|1700734991\n|switch|p2a: Corviknight|Corviknight, F|100\/100\n|-ability|p2a: Corviknight|Pressure\n|move|p1a: Jellicent|Hex|p2a: Corviknight\n|-damage|p2a: Corviknight|83\/100\n|\n|upkeep\n|turn|15\n|\n|t:|1700734995\n|move|p2a: Corviknight|U-turn|p1a: Jellicent\n|-resisted|p1a: Jellicent\n|-damage|p1a: Jellicent|93\/100\n|\n|t:|1700734998\n|switch|p2a: Alomomola|Alomomola, F|80\/100 tox|[from] U-turn\n|move|p1a: Jellicent|Will-O-Wisp||[still]\n|-fail|p1a: Jellicent\n|\n|-damage|p2a: Alomomola|74\/100 tox|[from] psn\n|upkeep\n|turn|16\n|\n|t:|1700735002\n|switch|p2a: Corviknight|Corviknight, F|83\/100\n|-ability|p2a: Corviknight|Pressure\n|move|p1a: Jellicent|Hex|p2a: Corviknight\n|-crit|p2a: Corviknight\n|-damage|p2a: Corviknight|56\/100\n|\n|upkeep\n|turn|17\n|\n|t:|1700735005\n|move|p2a: Corviknight|Roost|p2a: Corviknight\n|-heal|p2a: Corviknight|100\/100\n|-singleturn|p2a: Corviknight|move: Roost\n|move|p1a: Jellicent|Will-O-Wisp|p2a: Corviknight\n|-status|p2a: Corviknight|brn\n|\n|-damage|p2a: Corviknight|94\/100 brn|[from] brn\n|upkeep\n|turn|18\n|\n|t:|1700735021\n|switch|p1a: Kingdra|Kingdra, F|100\/100\n|move|p2a: Corviknight|U-turn|p1a: Kingdra\n|-damage|p1a: Kingdra|92\/100\n|\n|t:|1700735026\n|switch|p2a: Mew|Mew|82\/100 tox|[from] U-turn\n|\n|-damage|p2a: Mew|76\/100 tox|[from] psn\n|upkeep\n|turn|19\n|\n|t:|1700735034\n|switch|p1a: Mismagius|Mismagius, M|100\/100\n|move|p2a: Mew|Stealth Rock|p1a: Mismagius\n|-sidestart|p1: bigshoota|move: Stealth Rock\n|\n|-damage|p2a: Mew|63\/100 tox|[from] psn\n|upkeep\n|turn|20\n|\n|t:|1700735043\n|switch|p2a: Clodsire|Clodsire, M|94\/100 brn\n|move|p1a: Mismagius|Hex|p2a: Clodsire\n|-damage|p2a: Clodsire|71\/100 brn\n|\n|-heal|p2a: Clodsire|78\/100 brn|[from] item: Black Sludge\n|-damage|p2a: Clodsire|71\/100 brn|[from] brn\n|upkeep\n|turn|21\n|\n|t:|1700735064\n|move|p1a: Mismagius|Hex|p2a: Clodsire\n|-damage|p2a: Clodsire|48\/100 brn\n|move|p2a: Clodsire|Toxic|p1a: Mismagius\n|-status|p1a: Mismagius|tox\n|\n|-heal|p2a: Clodsire|54\/100 brn|[from] item: Black Sludge\n|-damage|p1a: Mismagius|94\/100 tox|[from] psn\n|-damage|p2a: Clodsire|48\/100 brn|[from] brn\n|upkeep\n|turn|22\n|\n|t:|1700735070\n|switch|p1a: Kingdra|Kingdra, F|92\/100\n|-damage|p1a: Kingdra|79\/100|[from] Stealth Rock\n|move|p2a: Clodsire|Recover|p2a: Clodsire\n|-heal|p2a: Clodsire|98\/100 brn\n|\n|-heal|p2a: Clodsire|100\/100 brn|[from] item: Black Sludge\n|-damage|p2a: Clodsire|94\/100 brn|[from] brn\n|upkeep\n|turn|23\n|\n|t:|1700735077\n|move|p1a: Kingdra|Substitute|p1a: Kingdra\n|-start|p1a: Kingdra|Substitute\n|-damage|p1a: Kingdra|54\/100\n|move|p2a: Clodsire|Toxic||[still]\n|-fail|p2a: Clodsire\n|\n|-heal|p2a: Clodsire|100\/100 brn|[from] item: Black Sludge\n|-damage|p2a: Clodsire|94\/100 brn|[from] brn\n|upkeep\n|turn|24\n|\n|t:|1700735087\n|switch|p2a: Corviknight|Corviknight, F|94\/100 brn\n|-ability|p2a: Corviknight|Pressure\n|move|p1a: Kingdra|Focus Energy|p1a: Kingdra\n|-start|p1a: Kingdra|move: Focus Energy\n|\n|-damage|p2a: Corviknight|88\/100 brn|[from] brn\n|upkeep\n|turn|25\n|\n|t:|1700735102\n|move|p1a: Kingdra|Surf|p2a: Corviknight\n|-crit|p2a: Corviknight\n|-damage|p2a: Corviknight|7\/100 brn\n|move|p2a: Corviknight|U-turn|p1a: Kingdra\n|-activate|p1a: Kingdra|move: Substitute|[damage]\n|\n|t:|1700735109\n|switch|p2a: Mew|Mew|63\/100 tox|[from] U-turn\n|\n|-damage|p2a: Mew|57\/100 tox|[from] psn\n|upkeep\n|turn|26\n|\n|t:|1700735114\n|move|p1a: Kingdra|Surf|p2a: Mew\n|-crit|p2a: Mew\n|-damage|p2a: Mew|1\/100 tox\n|move|p2a: Mew|Knock Off|p1a: Kingdra\n|-end|p1a: Kingdra|Substitute\n|\n|-damage|p2a: Mew|0 fnt|[from] psn\n|faint|p2a: Mew\n|upkeep\n|\n|t:|1700735128\n|switch|p2a: Clodsire|Clodsire, M|94\/100 brn\n|turn|27\n|\n|t:|1700735132\n|move|p1a: Kingdra|Substitute|p1a: Kingdra\n|-start|p1a: Kingdra|Substitute\n|-damage|p1a: Kingdra|30\/100\n|move|p2a: Clodsire|Earthquake|p1a: Kingdra\n|-activate|p1a: Kingdra|move: Substitute|[damage]\n|\n|-heal|p2a: Clodsire|100\/100 brn|[from] item: Black Sludge\n|-damage|p2a: Clodsire|94\/100 brn|[from] brn\n|upkeep\n|turn|28\n|\n|t:|1700735134\n|move|p1a: Kingdra|Draco Meteor|p2a: Clodsire\n|-crit|p2a: Clodsire\n|-damage|p2a: Clodsire|17\/100 brn\n|-unboost|p1a: Kingdra|spa|2\n|move|p2a: Clodsire|Earthquake|p1a: Kingdra\n|-end|p1a: Kingdra|Substitute\n|\n|-heal|p2a: Clodsire|23\/100 brn|[from] item: Black Sludge\n|-damage|p2a: Clodsire|17\/100 brn|[from] brn\n|upkeep\n|turn|29\n|\n|t:|1700735147\n|-terastallize|p2a: Clodsire|Dragon\n|move|p1a: Kingdra|Draco Meteor|p2a: Clodsire\n|-supereffective|p2a: Clodsire\n|-crit|p2a: Clodsire\n|-damage|p2a: Clodsire|0 fnt\n|-unboost|p1a: Kingdra|spa|2\n|faint|p2a: Clodsire\n|\n|upkeep\n|-message|NDSNEZ untruwu forfeited.\n|\n|win|bigshoota\n|raw|bigshoota's rating: 1107 &rarr; <strong>1127<\/strong><br \/>(+20 for winning)\n|raw|NDSNEZ untruwu's rating: 1040 &rarr; <strong>1027<\/strong><br \/>(-13 for losing)\n|l|\u2606NDSNEZ untruwu\n","uploadtime":1700735159,"views":1,"p1id":"bigshoota","p2id":"ndsnezuntruwu","formatid":"gen9nationaldex","rating":1027,"private":0,"password":""}