{"id":"gen9nationaldex-1995184770","p1":"kezzybear","p2":"Followers of Roxy","format":"[Gen 9] National Dex","log":"|html|<div class=\"broadcast-blue\"><strong>[Gen 9] National Dex is currently suspecting Sneasler! For information on how to participate check out the <a href=\"https:\/\/www.smogon.com\/forums\/threads\/sv-national-dex-suspect-8-just-dance.3731534\/\">suspect thread<\/a>.<\/strong><\/div>\n|j|\u2606kezzybear\n|j|\u2606Followers of Roxy\n|t:|1700532084\n|gametype|singles\n|player|p1|kezzybear|265|1428\n|player|p2|Followers of Roxy|riley|1459\n|teamsize|p1|6\n|teamsize|p2|6\n|gen|9\n|tier|[Gen 9] National Dex\n|rated|\n|rule|HP Percentage Mod: HP is shown in percentages\n|rule|Endless Battle Clause: Forcing endless battles is banned\n|rule|OHKO Clause: OHKO moves are banned\n|rule|Evasion Clause: Evasion abilities, items, and moves are banned\n|rule|Evasion Abilities Clause: Evasion abilities are banned\n|rule|Evasion Items Clause: Evasion items are banned\n|rule|Evasion Moves Clause: Evasion moves are banned\n|rule|Species Clause: Limit one of each Pok\u00e9mon\n|rule|Sleep Clause Mod: Limit one foe put to sleep\n|clearpoke\n|poke|p1|Blaziken, F|\n|poke|p1|Glimmora, M|\n|poke|p1|Garganacl, F|\n|poke|p1|Urshifu-*, F|\n|poke|p1|Medicham, F|\n|poke|p1|Dragonite, F|\n|poke|p2|Diancie|\n|poke|p2|Corviknight, M|\n|poke|p2|Toxapex, F|\n|poke|p2|Urshifu-*, M|\n|poke|p2|Clefable, F|\n|poke|p2|Azumarill, F|\n|teampreview\n|inactive|Battle timer is ON: inactive players will automatically lose when time's up. (requested by kezzybear)\n|\n|t:|1700532089\n|start\n|switch|p1a: Medicham|Medicham, F|100\/100\n|switch|p2a: Azumarill|Azumarill, F, shiny|100\/100\n|turn|1\n|\n|t:|1700532096\n|detailschange|p1a: Medicham|Medicham-Mega, F\n|-mega|p1a: Medicham|Medicham|Medichamite\n|move|p2a: Azumarill|Protect|p2a: Azumarill\n|-singleturn|p2a: Azumarill|Protect\n|move|p1a: Medicham|Fake Out|p2a: Azumarill\n|-activate|p2a: Azumarill|move: Protect\n|\n|upkeep\n|turn|2\n|\n|t:|1700532104\n|switch|p1a: Glimmora|Glimmora, M|100\/100\n|move|p2a: Azumarill|Encore||[still]\n|-fail|p2a: Azumarill\n|\n|upkeep\n|turn|3\n|\n|t:|1700532109\n|move|p2a: Azumarill|Protect|p2a: Azumarill\n|-singleturn|p2a: Azumarill|Protect\n|move|p1a: Glimmora|Mortal Spin|p2a: Azumarill\n|-activate|p2a: Azumarill|move: Protect\n|\n|upkeep\n|turn|4\n|c|\u2606kezzybear|Roxy can lick my ass\n|n|\u203dkezzybear|kezzybear\n|c|&|\/log kezzybear was locked from talking by Artemis for a week. (\u2606kezzybear: Roxy can lick my ass)\n|c|&|\/raw <small>This action was done automatically. Want to learn more about the AI? <a href=\"https:\/\/www.smogon.com\/forums\/threads\/3570628\/#post-9056769\">Visit the information thread<\/a>.<\/small>\n|\n|t:|1700532133\n|switch|p2a: Corviknight|Corviknight, M, shiny|100\/100\n|move|p1a: Glimmora|Mortal Spin|p2a: Corviknight\n|-immune|p2a: Corviknight\n|\n|upkeep\n|turn|5\n|\n|t:|1700532139\n|move|p1a: Glimmora|Stealth Rock|p2a: Corviknight\n|-sidestart|p2: Followers of Roxy|move: Stealth Rock\n|move|p2a: Corviknight|U-turn|p1a: Glimmora\n|-resisted|p1a: Glimmora\n|-damage|p1a: Glimmora|92\/100\n|-activate|p1a: Glimmora|ability: Toxic Debris\n|-sidestart|p2: Followers of Roxy|move: Toxic Spikes\n|\n|t:|1700532155\n|switch|p2a: Urshifu|Urshifu-Rapid-Strike, M|100\/100|[from] U-turn\n|-damage|p2a: Urshifu|94\/100|[from] Stealth Rock\n|-status|p2a: Urshifu|psn\n|\n|-damage|p2a: Urshifu|82\/100 psn|[from] psn\n|upkeep\n|turn|6\n|\n|t:|1700532162\n|switch|p1a: Urshifu|Urshifu-Rapid-Strike, F|100\/100\n|move|p2a: Urshifu|Surging Strikes|p1a: Urshifu\n|-resisted|p1a: Urshifu\n|-crit|p1a: Urshifu\n|-damage|p1a: Urshifu|90\/100\n|-resisted|p1a: Urshifu\n|-crit|p1a: Urshifu\n|-damage|p1a: Urshifu|79\/100\n|-resisted|p1a: Urshifu\n|-crit|p1a: Urshifu\n|-damage|p1a: Urshifu|69\/100\n|-hitcount|p1a: Urshifu|3\n|\n|-damage|p2a: Urshifu|70\/100 psn|[from] psn\n|upkeep\n|turn|7\n|\n|t:|1700532173\n|switch|p2a: Toxapex|Toxapex, F|100\/100\n|-damage|p2a: Toxapex|88\/100|[from] Stealth Rock\n|-sideend|p2: Followers of Roxy|move: Toxic Spikes|[of] p2a: Toxapex\n|move|p1a: Urshifu|Close Combat|p2a: Toxapex\n|-resisted|p2a: Toxapex\n|-crit|p2a: Toxapex\n|-damage|p2a: Toxapex|39\/100\n|-unboost|p1a: Urshifu|def|1\n|-unboost|p1a: Urshifu|spd|1\n|-damage|p1a: Urshifu|52\/100|[from] item: Rocky Helmet|[of] p2a: Toxapex\n|\n|upkeep\n|turn|8\n|\n|t:|1700532183\n|switch|p1a: Garganacl|Garganacl, F|100\/100\n|switch|p2a: Corviknight|Corviknight, M, shiny|100\/100\n|-damage|p2a: Corviknight|88\/100|[from] Stealth Rock\n|\n|upkeep\n|turn|9\n|\n|t:|1700532189\n|-terastallize|p1a: Garganacl|Fairy\n|move|p2a: Corviknight|Defog|p1a: Garganacl\n|-unboost|p1a: Garganacl|evasion|1\n|-sideend|p2: Followers of Roxy|Stealth Rock|[from] move: Defog|[of] p2a: Corviknight\n|move|p1a: Garganacl|Salt Cure|p2a: Corviknight\n|-damage|p2a: Corviknight|79\/100\n|-start|p2a: Corviknight|Salt Cure\n|\n|-damage|p2a: Corviknight|54\/100|[from] Salt Cure\n|upkeep\n|turn|10\n|\n|t:|1700532200\n|move|p2a: Corviknight|Roost|p2a: Corviknight\n|-heal|p2a: Corviknight|100\/100\n|-singleturn|p2a: Corviknight|move: Roost\n|move|p1a: Garganacl|Iron Defense|p1a: Garganacl\n|-boost|p1a: Garganacl|def|2\n|\n|-damage|p2a: Corviknight|76\/100|[from] Salt Cure\n|upkeep\n|turn|11\n|\n|t:|1700532207\n|move|p2a: Corviknight|U-turn|p1a: Garganacl\n|-resisted|p1a: Garganacl\n|-damage|p1a: Garganacl|98\/100\n|\n|t:|1700532217\n|switch|p2a: Toxapex|Toxapex, F|73\/100|[from] U-turn\n|move|p1a: Garganacl|Iron Defense|p1a: Garganacl\n|-boost|p1a: Garganacl|def|2\n|\n|-heal|p1a: Garganacl|100\/100|[from] item: Leftovers\n|upkeep\n|turn|12\n|\n|t:|1700532228\n|move|p1a: Garganacl|Salt Cure|p2a: Toxapex\n|-damage|p2a: Toxapex|63\/100\n|-start|p2a: Toxapex|Salt Cure\n|move|p2a: Toxapex|Toxic Spikes|p1a: Garganacl\n|-sidestart|p1: kezzybear|move: Toxic Spikes\n|\n|-damage|p2a: Toxapex|38\/100|[from] Salt Cure\n|upkeep\n|turn|13\n|\n|t:|1700532236\n|move|p1a: Garganacl|Body Press|p2a: Toxapex\n|-resisted|p2a: Toxapex\n|-crit|p2a: Toxapex\n|-damage|p2a: Toxapex|0 fnt\n|-damage|p1a: Garganacl|84\/100|[from] item: Rocky Helmet|[of] p2a: Toxapex\n|faint|p2a: Toxapex\n|\n|-heal|p1a: Garganacl|90\/100|[from] item: Leftovers\n|upkeep\n|\n|t:|1700532263\n|switch|p2a: Urshifu|Urshifu-Rapid-Strike, M|70\/100 psn\n|turn|14\n|\n|t:|1700532270\n|-terastallize|p2a: Urshifu|Water\n|move|p2a: Urshifu|Surging Strikes|p1a: Garganacl\n|-crit|p1a: Garganacl\n|-damage|p1a: Garganacl|71\/100\n|-crit|p1a: Garganacl\n|-damage|p1a: Garganacl|51\/100\n|-crit|p1a: Garganacl\n|-damage|p1a: Garganacl|33\/100\n|-hitcount|p1a: Garganacl|3\n|move|p1a: Garganacl|Salt Cure|p2a: Urshifu\n|-damage|p2a: Urshifu|56\/100 psn\n|-start|p2a: Urshifu|Salt Cure\n|\n|-heal|p1a: Garganacl|39\/100|[from] item: Leftovers\n|-damage|p2a: Urshifu|44\/100 psn|[from] psn\n|-damage|p2a: Urshifu|19\/100 psn|[from] Salt Cure\n|upkeep\n|turn|15\n|\n|t:|1700532278\n|move|p2a: Urshifu|Surging Strikes|p1a: Garganacl\n|-crit|p1a: Garganacl\n|-damage|p1a: Garganacl|19\/100\n|-crit|p1a: Garganacl\n|-damage|p1a: Garganacl|0 fnt\n|faint|p1a: Garganacl\n|-hitcount|p1: Garganacl|2\n|\n|-damage|p2a: Urshifu|7\/100 psn|[from] psn\n|-damage|p2a: Urshifu|0 fnt|[from] Salt Cure\n|faint|p2a: Urshifu\n|upkeep\n|\n|t:|1700532286\n|switch|p2a: Clefable|Clefable, F|100\/100\n|switch|p1a: Glimmora|Glimmora, M|92\/100\n|-sideend|p1: kezzybear|move: Toxic Spikes|[of] p1a: Glimmora\n|turn|16\n|\n|t:|1700532292\n|switch|p2a: Corviknight|Corviknight, M, shiny|76\/100\n|move|p1a: Glimmora|Mortal Spin|p2a: Corviknight\n|-immune|p2a: Corviknight\n|\n|upkeep\n|turn|17\n|\n|t:|1700532308\n|switch|p1a: Blaziken|Blaziken, F|100\/100\n|move|p2a: Corviknight|Body Press|p1a: Blaziken\n|-damage|p1a: Blaziken|58\/100\n|\n|upkeep\n|turn|18\n|\n|t:|1700532317\n|switch|p2a: Clefable|Clefable, F|100\/100\n|move|p1a: Blaziken|Flare Blitz|p2a: Clefable\n|-damage|p2a: Clefable|27\/100\n|-status|p2a: Clefable|brn\n|-damage|p1a: Blaziken|28\/100|[from] Recoil\n|-damage|p1a: Blaziken|18\/100|[from] item: Life Orb\n|\n|-heal|p2a: Clefable|33\/100 brn|[from] item: Leftovers\n|-damage|p2a: Clefable|27\/100 brn|[from] brn\n|-ability|p1a: Blaziken|Speed Boost|boost\n|-boost|p1a: Blaziken|spe|1\n|upkeep\n|turn|19\n|\n|t:|1700532328\n|switch|p2a: Azumarill|Azumarill, F, shiny|100\/100\n|move|p1a: Blaziken|Flare Blitz|p2a: Azumarill\n|-resisted|p2a: Azumarill\n|-damage|p2a: Azumarill|70\/100\n|-damage|p1a: Blaziken|1\/100|[from] item: Rocky Helmet|[of] p2a: Azumarill\n|-damage|p1a: Blaziken|0 fnt|[from] Recoil\n|faint|p1a: Blaziken\n|\n|upkeep\n|\n|t:|1700532338\n|switch|p1a: Medicham|Medicham-Mega, F|100\/100\n|turn|20\n|\n|t:|1700532341\n|move|p2a: Azumarill|Protect|p2a: Azumarill\n|-singleturn|p2a: Azumarill|Protect\n|move|p1a: Medicham|Fake Out|p2a: Azumarill\n|-activate|p2a: Azumarill|move: Protect\n|\n|upkeep\n|turn|21\n|inactive|kezzybear has 120 seconds left.\n|\n|t:|1700532395\n|switch|p2a: Corviknight|Corviknight, M, shiny|76\/100\n|move|p1a: Medicham|Zen Headbutt|p2a: Corviknight\n|-resisted|p2a: Corviknight\n|-damage|p2a: Corviknight|53\/100\n|-damage|p1a: Medicham|84\/100|[from] item: Rocky Helmet|[of] p2a: Corviknight\n|\n|upkeep\n|turn|22\n|\n|t:|1700532401\n|move|p1a: Medicham|Close Combat|p2a: Corviknight\n|-damage|p2a: Corviknight|0 fnt\n|-unboost|p1a: Medicham|def|1\n|-unboost|p1a: Medicham|spd|1\n|-damage|p1a: Medicham|68\/100|[from] item: Rocky Helmet|[of] p2a: Corviknight\n|faint|p2a: Corviknight\n|\n|upkeep\n|\n|t:|1700532409\n|switch|p2a: Diancie|Diancie|100\/100\n|turn|23\n|\n|t:|1700532414\n|switch|p2a: Azumarill|Azumarill, F, shiny|70\/100\n|move|p1a: Medicham|Bullet Punch|p2a: Azumarill\n|-damage|p2a: Azumarill|53\/100\n|-damage|p1a: Medicham|51\/100|[from] item: Rocky Helmet|[of] p2a: Azumarill\n|\n|upkeep\n|turn|24\n|inactive|kezzybear has 120 seconds left.\n|\n|t:|1700532432\n|switch|p1a: Glimmora|Glimmora, M|92\/100\n|move|p2a: Azumarill|Encore||[still]\n|-fail|p2a: Azumarill\n|\n|upkeep\n|turn|25\n|\n|t:|1700532445\n|move|p1a: Glimmora|Mortal Spin|p2a: Azumarill\n|-supereffective|p2a: Azumarill\n|-damage|p2a: Azumarill|43\/100\n|-status|p2a: Azumarill|psn\n|-damage|p1a: Glimmora|75\/100|[from] item: Rocky Helmet|[of] p2a: Azumarill\n|move|p2a: Azumarill|Whirlpool|p1a: Glimmora\n|-supereffective|p1a: Glimmora\n|-damage|p1a: Glimmora|51\/100\n|-activate|p1a: Glimmora|move: Whirlpool|[of] p2a: Azumarill\n|\n|-damage|p2a: Azumarill|31\/100 psn|[from] psn\n|-damage|p1a: Glimmora|39\/100|[from] move: Whirlpool|[partiallytrapped]\n|upkeep\n|turn|26\n|\n|t:|1700532450\n|move|p1a: Glimmora|Stealth Rock|p2a: Azumarill\n|-sidestart|p2: Followers of Roxy|move: Stealth Rock\n|move|p2a: Azumarill|Whirlpool|p1a: Glimmora\n|-supereffective|p1a: Glimmora\n|-damage|p1a: Glimmora|17\/100\n|\n|-damage|p2a: Azumarill|18\/100 psn|[from] psn\n|-damage|p1a: Glimmora|5\/100|[from] move: Whirlpool|[partiallytrapped]\n|upkeep\n|turn|27\n|\n|t:|1700532455\n|move|p2a: Azumarill|Protect|p2a: Azumarill\n|-singleturn|p2a: Azumarill|Protect\n|move|p1a: Glimmora|Power Gem|p2a: Azumarill\n|-activate|p2a: Azumarill|move: Protect\n|\n|-damage|p2a: Azumarill|6\/100 psn|[from] psn\n|-damage|p1a: Glimmora|0 fnt|[from] move: Whirlpool|[partiallytrapped]\n|faint|p1a: Glimmora\n|upkeep\n|\n|t:|1700532459\n|switch|p1a: Medicham|Medicham-Mega, F|51\/100\n|turn|28\n|\n|t:|1700532462\n|move|p1a: Medicham|Fake Out|p2a: Azumarill\n|-damage|p2a: Azumarill|0 fnt\n|-damage|p1a: Medicham|35\/100|[from] item: Rocky Helmet|[of] p2a: Azumarill\n|faint|p2a: Azumarill\n|\n|upkeep\n|\n|t:|1700532465\n|switch|p2a: Clefable|Clefable, F|27\/100 brn\n|-damage|p2a: Clefable|15\/100 brn|[from] Stealth Rock\n|turn|29\n|\n|t:|1700532470\n|move|p1a: Medicham|Bullet Punch|p2a: Clefable\n|-supereffective|p2a: Clefable\n|-damage|p2a: Clefable|0 fnt\n|faint|p2a: Clefable\n|\n|upkeep\n|\n|t:|1700532472\n|switch|p2a: Diancie|Diancie|100\/100\n|-damage|p2a: Diancie|88\/100|[from] Stealth Rock\n|turn|30\n|\n|t:|1700532476\n|move|p1a: Medicham|Bullet Punch|p2a: Diancie\n|-supereffective|p2a: Diancie\n|-damage|p2a: Diancie|5\/100\n|move|p2a: Diancie|Draining Kiss|p1a: Medicham\n|-supereffective|p1a: Medicham\n|-damage|p1a: Medicham|0 fnt\n|-heal|p2a: Diancie|30\/100|[from] drain|[of] p1a: Medicham\n|faint|p1a: Medicham\n|\n|upkeep\n|\n|t:|1700532479\n|switch|p1a: Urshifu|Urshifu-Rapid-Strike, F|52\/100\n|turn|31\n|\n|t:|1700532482\n|detailschange|p2a: Diancie|Diancie-Mega\n|-mega|p2a: Diancie|Diancie|Diancite\n|move|p2a: Diancie|Draining Kiss|p1a: Urshifu\n|-supereffective|p1a: Urshifu\n|-damage|p1a: Urshifu|0 fnt\n|-heal|p2a: Diancie|79\/100|[from] drain|[of] p1a: Urshifu\n|faint|p1a: Urshifu\n|\n|upkeep\n|\n|t:|1700532495\n|switch|p1a: Dragonite|Dragonite, F|100\/100\n|turn|32\n|\n|t:|1700532499\n|move|p2a: Diancie|Mystical Fire|p1a: Dragonite\n|-resisted|p1a: Dragonite\n|-damage|p1a: Dragonite|93\/100\n|-unboost|p1a: Dragonite|spa|1\n|move|p1a: Dragonite|Dragon Dance|p1a: Dragonite\n|-boost|p1a: Dragonite|atk|1\n|-boost|p1a: Dragonite|spe|1\n|\n|upkeep\n|turn|33\n|\n|t:|1700532508\n|move|p1a: Dragonite|Earthquake|p2a: Diancie\n|-supereffective|p2a: Diancie\n|-damage|p2a: Diancie|0 fnt\n|faint|p2a: Diancie\n|\n|win|kezzybear\n|raw|kezzybear's rating: 1428 &rarr; <strong>1450<\/strong><br \/>(+22 for winning)\n|raw|Followers of Roxy's rating: 1459 &rarr; <strong>1437<\/strong><br \/>(-22 for losing)\n","uploadtime":1700532119,"views":5,"p1id":"kezzybear","p2id":"followersofroxy","formatid":"gen9nationaldex","rating":1437,"private":0,"password":""}