{"id":"gen9nationaldex-1994357856","p1":"NotAmazingYT","p2":"Baymax37","format":"[Gen 9] National Dex","log":"|j|\u2606NotAmazingYT\n|j|\u2606Baymax37\n|t:|1700434787\n|gametype|singles\n|player|p1|NotAmazingYT|102|1196\n|player|p2|Baymax37|bugcatcher-gen4dp|1268\n|teamsize|p1|6\n|teamsize|p2|6\n|gen|9\n|tier|[Gen 9] National Dex\n|rated|\n|rule|HP Percentage Mod: HP is shown in percentages\n|rule|Endless Battle Clause: Forcing endless battles is banned\n|rule|OHKO Clause: OHKO moves are banned\n|rule|Evasion Clause: Evasion abilities, items, and moves are banned\n|rule|Evasion Abilities Clause: Evasion abilities are banned\n|rule|Evasion Items Clause: Evasion items are banned\n|rule|Evasion Moves Clause: Evasion moves are banned\n|rule|Species Clause: Limit one of each Pok\u00e9mon\n|rule|Sleep Clause Mod: Limit one foe put to sleep\n|clearpoke\n|poke|p1|Garchomp, M|\n|poke|p1|Gliscor, M|\n|poke|p1|Heatran, M|\n|poke|p1|Manaphy|\n|poke|p1|Zoroark-Hisui, M|\n|poke|p1|Weavile, M|\n|poke|p2|Glimmora, F|\n|poke|p2|Zapdos|\n|poke|p2|Pelipper, F|\n|poke|p2|Basculegion, M|\n|poke|p2|Ting-Lu|\n|poke|p2|Victini|\n|teampreview\n|inactive|Battle timer is ON: inactive players will automatically lose when time's up. (requested by NotAmazingYT)\n|j| Ste868\n|\n|t:|1700434823\n|start\n|switch|p1a: Heatran|Heatran, M|100\/100\n|switch|p2a: Pelipper|Pelipper, F, shiny|100\/100\n|-weather|RainDance|[from] ability: Drizzle|[of] p2a: Pelipper\n|turn|1\n|\n|t:|1700434843\n|switch|p1a: Manaphy|Manaphy|100\/100\n|move|p2a: Pelipper|U-turn|p1a: Manaphy\n|-damage|p1a: Manaphy|93\/100\n|\n|t:|1700434854\n|switch|p2a: Zapdos|Zapdos, shiny|100\/100|[from] U-turn\n|\n|-weather|RainDance|[upkeep]\n|upkeep\n|turn|2\n|\n|t:|1700434864\n|switch|p1a: Garchomp|Garchomp, M|100\/100\n|move|p2a: Zapdos|Weather Ball|p1a: Garchomp\n|-damage|p1a: Garchomp|23\/100\n|-damage|p2a: Zapdos|91\/100|[from] item: Life Orb\n|\n|-weather|RainDance|[upkeep]\n|upkeep\n|turn|3\n|\n|t:|1700434887\n|switch|p2a: Ting-Lu|Ting-Lu|100\/100\n|-ability|p2a: Ting-Lu|Vessel of Ruin\n|switch|p1a: Manaphy|Manaphy|93\/100\n|\n|-weather|RainDance|[upkeep]\n|upkeep\n|turn|4\n|\n|t:|1700434900\n|switch|p2a: Zapdos|Zapdos, shiny|91\/100\n|move|p1a: Manaphy|Tail Glow|p1a: Manaphy\n|-boost|p1a: Manaphy|spa|3\n|\n|-weather|RainDance|[upkeep]\n|upkeep\n|turn|5\n|\n|t:|1700434907\n|move|p1a: Manaphy|Surf|p2a: Zapdos\n|-damage|p2a: Zapdos|0 fnt\n|faint|p2a: Zapdos\n|\n|-weather|RainDance|[upkeep]\n|upkeep\n|inactive|Baymax37 has 120 seconds left.\n|c|\u2606Baymax37|u won the tie and the match...\n|\n|t:|1700434939\n|switch|p2a: Victini|Victini|100\/100\n|turn|6\n|\n|t:|1700434944\n|move|p2a: Victini|Bolt Strike|p1a: Manaphy\n|-supereffective|p1a: Manaphy\n|-damage|p1a: Manaphy|28\/100\n|move|p1a: Manaphy|Surf|p2a: Victini\n|-supereffective|p2a: Victini\n|-damage|p2a: Victini|0 fnt\n|faint|p2a: Victini\n|\n|-weather|RainDance|[upkeep]\n|upkeep\n|inactive|Baymax37 has 120 seconds left.\n|\n|t:|1700434961\n|switch|p2a: Basculegion|Basculegion, M, shiny|100\/100\n|turn|7\n|\n|t:|1700434967\n|move|p2a: Basculegion|Phantom Force||[still]\n|-prepare|p2a: Basculegion|Phantom Force\n|move|p1a: Manaphy|Energy Ball|p2a: Basculegion|[miss]\n|-miss|p1a: Manaphy|p2a: Basculegion\n|\n|-weather|RainDance|[upkeep]\n|upkeep\n|turn|8\n|inactive|Baymax37 has 120 seconds left.\n|\n|t:|1700434974\n|switch|p1a: Weavile|Weavile, M|100\/100\n|move|p2a: Basculegion|Phantom Force|p1a: Weavile|[from]lockedmove\n|-immune|p1a: Weavile\n|\n|-weather|none\n|upkeep\n|turn|9\n|\n|t:|1700434983\n|switch|p2a: Pelipper|Pelipper, F, shiny|100\/100\n|-weather|RainDance|[from] ability: Drizzle|[of] p2a: Pelipper\n|move|p1a: Weavile|Grass Knot|p2a: Pelipper\n|-damage|p2a: Pelipper|74\/100\n|\n|-weather|RainDance|[upkeep]\n|upkeep\n|turn|10\n|\n|t:|1700435003\n|switch|p1a: Gliscor|Gliscor, M|100\/100\n|move|p2a: Pelipper|U-turn|p1a: Gliscor\n|-resisted|p1a: Gliscor\n|-damage|p1a: Gliscor|98\/100\n|\n|t:|1700435009\n|switch|p2a: Basculegion|Basculegion, M, shiny|100\/100|[from] U-turn\n|\n|-weather|RainDance|[upkeep]\n|-status|p1a: Gliscor|tox|[from] item: Toxic Orb\n|upkeep\n|turn|11\n|\n|t:|1700435032\n|switch|p1a: Manaphy|Manaphy|28\/100\n|move|p2a: Basculegion|Psychic Fangs|p1a: Manaphy\n|-damage|p1a: Manaphy|0 fnt\n|faint|p1a: Manaphy\n|\n|-weather|RainDance|[upkeep]\n|upkeep\n|\n|t:|1700435046\n|switch|p1a: Weavile|Weavile, M|100\/100\n|-ability|p1a: Weavile|Pressure\n|turn|12\n|\n|t:|1700435065\n|-activate|p2a: Basculegion|move: Pursuit\n|move|p1a: Weavile|Pursuit|p2a: Basculegion|[from]Pursuit\n|-supereffective|p2a: Basculegion\n|-damage|p2a: Basculegion|0 fnt\n|faint|p2a: Basculegion\n|-hint|A Pokemon can't switch between when it runs out of HP and when it faints\n|\n|-weather|RainDance|[upkeep]\n|upkeep\n|c|\u2606Baymax37|gg\n|c|\u2606NotAmazingYT|gg\n|\n|t:|1700435079\n|switch|p2a: Glimmora|Glimmora, F|100\/100\n|turn|13\n|inactive|Baymax37 has 120 seconds left.\n|inactive|Baymax37 has 90 seconds left.\n|\n|t:|1700435152\n|switch|p1a: Heatran|Heatran, M|100\/100\n|move|p2a: Glimmora|Sludge Bomb|p1a: Heatran\n|-immune|p1a: Heatran\n|\n|-weather|RainDance|[upkeep]\n|upkeep\n|turn|14\n|\n|t:|1700435164\n|move|p1a: Heatran|Magma Storm|p2a: Glimmora|[miss]\n|-miss|p1a: Heatran|p2a: Glimmora\n|move|p2a: Glimmora|Power Gem|p1a: Heatran\n|-damage|p1a: Heatran|75\/100\n|\n|-weather|RainDance|[upkeep]\n|-heal|p1a: Heatran|81\/100|[from] item: Leftovers\n|upkeep\n|turn|15\n|inactive|Baymax37 has 60 seconds left.\n|\n|t:|1700435186\n|switch|p2a: Ting-Lu|Ting-Lu|100\/100\n|-ability|p2a: Ting-Lu|Vessel of Ruin\n|move|p1a: Heatran|Magma Storm|p2a: Ting-Lu\n|-damage|p2a: Ting-Lu|92\/100\n|-activate|p2a: Ting-Lu|move: Magma Storm|[of] p1a: Heatran\n|\n|-weather|RainDance|[upkeep]\n|-heal|p1a: Heatran|87\/100|[from] item: Leftovers\n|-heal|p2a: Ting-Lu|98\/100|[from] item: Leftovers\n|-damage|p2a: Ting-Lu|86\/100|[from] move: Magma Storm|[partiallytrapped]\n|upkeep\n|turn|16\n|inactive|Baymax37 has 60 seconds left.\n|\n|t:|1700435199\n|switch|p1a: Gliscor|Gliscor, M|98\/100 tox\n|move|p2a: Ting-Lu|Ruination|p1a: Gliscor\n|-damage|p1a: Gliscor|49\/100 tox\n|\n|-weather|none\n|-heal|p2a: Ting-Lu|92\/100|[from] item: Leftovers\n|-heal|p1a: Gliscor|62\/100 tox|[from] ability: Poison Heal\n|-end|p2a: Ting-Lu|Magma Storm|[partiallytrapped]|[silent]\n|upkeep\n|turn|17\n|inactive|Baymax37 has 60 seconds left.\n|\n|t:|1700435225\n|move|p1a: Gliscor|Roost|p1a: Gliscor\n|-heal|p1a: Gliscor|100\/100 tox\n|-singleturn|p1a: Gliscor|move: Roost\n|move|p2a: Ting-Lu|Stealth Rock|p1a: Gliscor\n|-sidestart|p1: NotAmazingYT|move: Stealth Rock\n|\n|-heal|p2a: Ting-Lu|98\/100|[from] item: Leftovers\n|upkeep\n|turn|18\n|\n|t:|1700435230\n|move|p1a: Gliscor|Toxic|p2a: Ting-Lu\n|-status|p2a: Ting-Lu|tox\n|move|p2a: Ting-Lu|Ruination|p1a: Gliscor\n|-damage|p1a: Gliscor|50\/100 tox\n|\n|-heal|p2a: Ting-Lu|100\/100 tox|[from] item: Leftovers\n|-heal|p1a: Gliscor|63\/100 tox|[from] ability: Poison Heal\n|-damage|p2a: Ting-Lu|94\/100 tox|[from] psn\n|upkeep\n|turn|19\n|\n|t:|1700435242\n|move|p1a: Gliscor|Defog|p2a: Ting-Lu\n|-unboost|p2a: Ting-Lu|evasion|1\n|-sideend|p1: NotAmazingYT|Stealth Rock|[from] move: Defog|[of] p1a: Gliscor\n|move|p2a: Ting-Lu|Whirlwind|p1a: Gliscor\n|drag|p1a: Weavile|Weavile, M|100\/100\n|-ability|p1a: Weavile|Pressure\n|\n|-heal|p2a: Ting-Lu|100\/100 tox|[from] item: Leftovers\n|-damage|p2a: Ting-Lu|88\/100 tox|[from] psn\n|upkeep\n|turn|20\n|\n|t:|1700435256\n|move|p1a: Weavile|Triple Axel|p2a: Ting-Lu\n|-supereffective|p2a: Ting-Lu\n|-crit|p2a: Ting-Lu\n|-damage|p2a: Ting-Lu|64\/100 tox\n|-supereffective|p2a: Ting-Lu\n|-damage|p2a: Ting-Lu|34\/100 tox\n|-supereffective|p2a: Ting-Lu\n|-damage|p2a: Ting-Lu|0 fnt\n|faint|p2a: Ting-Lu\n|-hitcount|p2: Ting-Lu|3\n|\n|upkeep\n|inactive|Baymax37 has 60 seconds left.\n|c|\u2606Baymax37|can u send us a copy <3 ?\n|c|\u2606NotAmazingYT|a copy?\n|c|\u2606NotAmazingYT|of the import?\n|c|\u2606Baymax37|of the team\n|inactive|Baymax37 has 30 seconds left.\n|c|\u2606Baymax37|we need to study it\n|c|\u2606Baymax37|we're noobs\n|inactive|Baymax37 has 20 seconds left.\n|\n|t:|1700435319\n|switch|p2a: Pelipper|Pelipper, F, shiny|74\/100\n|-weather|RainDance|[from] ability: Drizzle|[of] p2a: Pelipper\n|turn|21\n|inactive|Baymax37 has 30 seconds left this turn.\n|\n|t:|1700435326\n|move|p1a: Weavile|Triple Axel|p2a: Pelipper\n|-damage|p2a: Pelipper|62\/100\n|-hitcount|p2a: Pelipper|1\n|move|p2a: Pelipper|Hydro Pump|p1a: Weavile\n|-damage|p1a: Weavile|24\/100\n|\n|-weather|RainDance|[upkeep]\n|upkeep\n|turn|22\n|c| Ste868|pls <3\n|c|\u2606NotAmazingYT|sure at the end\n|inactive|Baymax37 has 30 seconds left.\n|c| Ste868|thanks\n|c|\u2606Baymax37|thanks fr\n|inactive|Baymax37 has 20 seconds left.\n|\n|t:|1700435342\n|move|p1a: Weavile|Triple Axel|p2a: Pelipper\n|-damage|p2a: Pelipper|51\/100\n|-damage|p2a: Pelipper|27\/100\n|-damage|p2a: Pelipper|0 fnt\n|faint|p2a: Pelipper\n|-hitcount|p2: Pelipper|3\n|\n|-weather|RainDance|[upkeep]\n|upkeep\n|inactive|Baymax37 has 25 seconds left this turn.\n|inactive|Baymax37 has 20 seconds left.\n|\n|t:|1700435348\n|switch|p2a: Glimmora|Glimmora, F|100\/100\n|turn|23\n|inactive|Baymax37 has 30 seconds left this turn.\n|\n|t:|1700435364\n|move|p1a: Weavile|Triple Axel|p2a: Glimmora\n|-crit|p2a: Glimmora\n|-damage|p2a: Glimmora|76\/100\n|-activate|p2a: Glimmora|ability: Toxic Debris\n|-sidestart|p1: NotAmazingYT|move: Toxic Spikes\n|-damage|p2a: Glimmora|47\/100\n|-activate|p2a: Glimmora|ability: Toxic Debris\n|-sidestart|p1: NotAmazingYT|move: Toxic Spikes\n|-damage|p2a: Glimmora|1\/100\n|-hitcount|p2a: Glimmora|3\n|move|p2a: Glimmora|Power Gem|p1a: Weavile\n|-supereffective|p1a: Weavile\n|-damage|p1a: Weavile|0 fnt\n|faint|p1a: Weavile\n|\n|-weather|RainDance|[upkeep]\n|upkeep\n|\n|t:|1700435374\n|switch|p1a: Heatran|Heatran, M|100\/100\n|-status|p1a: Heatran|tox\n|turn|24\n|\n|t:|1700435386\n|move|p1a: Heatran|Hyper Voice|p2a: Glimmora\n|-resisted|p2a: Glimmora\n|-damage|p2a: Glimmora|0 fnt\n|faint|p2a: Glimmora\n|\n|win|NotAmazingYT\n|raw|NotAmazingYT's rating: 1215 &rarr; <strong>1244<\/strong><br \/>(+29 for winning)\n|raw|Baymax37's rating: 1268 &rarr; <strong>1239<\/strong><br \/>(-29 for losing)\n|c| Ste868|gg\n|c|\u2606Baymax37|gg\n|c|\u2606NotAmazingYT|save the match using upload and replay to see the team\n|c|\u2606Baymax37|its ok nvm\n|c| Ste868|ok thanks\n|l|\u2606NotAmazingYT\n|c|\u2606Baymax37|have a good evening\n","uploadtime":1700435446,"views":4,"p1id":"notamazingyt","p2id":"baymax37","formatid":"gen9nationaldex","rating":1239,"private":0,"password":""}