{"id":"gen9nationaldex-1995714379","p1":"Vuridia","p2":"Smitty47401","format":"[Gen 9] National Dex","log":"|html|<div class=\"broadcast-blue\"><strong>[Gen 9] National Dex is currently suspecting Sneasler! For information on how to participate check out the <a href=\"https:\/\/www.smogon.com\/forums\/threads\/sv-national-dex-suspect-8-just-dance.3731534\/\">suspect thread<\/a>.<\/strong><\/div>\n|j|\u2606Vuridia\n|j|\u2606Smitty47401\n|t:|1700596360\n|gametype|singles\n|player|p1|Vuridia|cheryl|\n|player|p2|Smitty47401|brawly|\n|teamsize|p1|6\n|teamsize|p2|6\n|gen|9\n|tier|[Gen 9] National Dex\n|rule|HP Percentage Mod: HP is shown in percentages\n|rule|Endless Battle Clause: Forcing endless battles is banned\n|rule|OHKO Clause: OHKO moves are banned\n|rule|Evasion Clause: Evasion abilities, items, and moves are banned\n|rule|Evasion Abilities Clause: Evasion abilities are banned\n|rule|Evasion Items Clause: Evasion items are banned\n|rule|Evasion Moves Clause: Evasion moves are banned\n|rule|Species Clause: Limit one of each Pok\u00e9mon\n|rule|Sleep Clause Mod: Limit one foe put to sleep\n|clearpoke\n|poke|p1|Gardevoir, F|\n|poke|p1|Snorlax, F|\n|poke|p1|Clodsire, M|\n|poke|p1|Celebi|\n|poke|p1|Xurkitree|\n|poke|p1|Milotic, F|\n|poke|p2|Zamazenta-*|\n|poke|p2|Greninja-*, M|\n|poke|p2|Steelix, M|\n|poke|p2|Blissey, F|\n|poke|p2|Ninetales-Alola, F|\n|poke|p2|Darmanitan, M|\n|teampreview\n|\n|t:|1700596443\n|start\n|switch|p1a: Fae|Celebi, shiny|100\/100\n|switch|p2a: Greninja|Greninja, M|100\/100\n|turn|1\n|\n|t:|1700596459\n|move|p1a: Fae|Magic Coat|p1a: Fae\n|-singleturn|p1a: Fae|move: Magic Coat\n|move|p2a: Greninja|Dark Pulse|p1a: Fae\n|-start|p2a: Greninja|typechange|Dark|[from] ability: Protean\n|-supereffective|p1a: Fae\n|-damage|p1a: Fae|18\/100\n|\n|upkeep\n|turn|2\n|\n|t:|1700596498\n|switch|p1a: Famine|Snorlax, F, shiny|100\/100\n|move|p2a: Greninja|Dark Pulse|p1a: Famine\n|-damage|p1a: Famine|78\/100\n|\n|-heal|p1a: Famine|84\/100|[from] item: Leftovers\n|upkeep\n|turn|3\n|\n|t:|1700596520\n|move|p2a: Greninja|Spikes|p1a: Famine\n|-sidestart|p1: Vuridia|Spikes\n|move|p1a: Famine|Brick Break|p2a: Greninja\n|-supereffective|p2a: Greninja\n|-damage|p2a: Greninja|24\/100\n|\n|-heal|p1a: Famine|90\/100|[from] item: Leftovers\n|upkeep\n|turn|4\n|\n|t:|1700596535\n|switch|p2a: Zamazenta|Zamazenta|100\/100\n|-ability|p2a: Zamazenta|Dauntless Shield|boost\n|-boost|p2a: Zamazenta|def|1\n|move|p1a: Famine|Heat Crash|p2a: Zamazenta\n|-damage|p2a: Zamazenta|88\/100\n|\n|-heal|p1a: Famine|96\/100|[from] item: Leftovers\n|upkeep\n|turn|5\n|\n|t:|1700596566\n|switch|p1a: Goodest Boi|Clodsire, M|100\/100\n|-damage|p1a: Goodest Boi|88\/100|[from] Spikes\n|move|p2a: Zamazenta|Close Combat|p1a: Goodest Boi\n|-resisted|p1a: Goodest Boi\n|-damage|p1a: Goodest Boi|59\/100\n|-unboost|p2a: Zamazenta|def|1\n|-unboost|p2a: Zamazenta|spd|1\n|\n|-heal|p1a: Goodest Boi|65\/100|[from] item: Black Sludge\n|upkeep\n|turn|6\n|\n|t:|1700596655\n|switch|p2a: Blissey|Blissey, F|100\/100\n|move|p1a: Goodest Boi|Counter||[still]\n|-fail|p1a: Goodest Boi\n|\n|-heal|p1a: Goodest Boi|71\/100|[from] item: Black Sludge\n|upkeep\n|turn|7\n|\n|t:|1700596668\n|move|p2a: Blissey|Ice Beam|p1a: Goodest Boi\n|-supereffective|p1a: Goodest Boi\n|-damage|p1a: Goodest Boi|45\/100\n|move|p1a: Goodest Boi|Gunk Shot|p2a: Blissey\n|-damage|p2a: Blissey|62\/100\n|\n|-heal|p2a: Blissey|68\/100|[from] item: Leftovers\n|-heal|p1a: Goodest Boi|51\/100|[from] item: Black Sludge\n|upkeep\n|turn|8\n|\n|t:|1700596682\n|move|p2a: Blissey|Ice Beam|p1a: Goodest Boi\n|-supereffective|p1a: Goodest Boi\n|-damage|p1a: Goodest Boi|22\/100\n|move|p1a: Goodest Boi|Recover|p1a: Goodest Boi\n|-heal|p1a: Goodest Boi|72\/100\n|\n|-heal|p2a: Blissey|74\/100|[from] item: Leftovers\n|-heal|p1a: Goodest Boi|78\/100|[from] item: Black Sludge\n|upkeep\n|turn|9\n|\n|t:|1700596732\n|move|p2a: Blissey|Ice Beam|p1a: Goodest Boi\n|-supereffective|p1a: Goodest Boi\n|-damage|p1a: Goodest Boi|50\/100\n|move|p1a: Goodest Boi|Counter||[still]\n|-fail|p1a: Goodest Boi\n|\n|-heal|p2a: Blissey|80\/100|[from] item: Leftovers\n|-heal|p1a: Goodest Boi|56\/100|[from] item: Black Sludge\n|upkeep\n|turn|10\n|\n|t:|1700596755\n|move|p2a: Blissey|Soft-Boiled|p2a: Blissey\n|-heal|p2a: Blissey|100\/100\n|move|p1a: Goodest Boi|Recover|p1a: Goodest Boi\n|-heal|p1a: Goodest Boi|100\/100\n|\n|upkeep\n|turn|11\n|\n|t:|1700596771\n|move|p2a: Blissey|Ice Beam|p1a: Goodest Boi\n|-supereffective|p1a: Goodest Boi\n|-damage|p1a: Goodest Boi|70\/100\n|move|p1a: Goodest Boi|Gunk Shot|p2a: Blissey\n|-damage|p2a: Blissey|64\/100\n|\n|-heal|p2a: Blissey|70\/100|[from] item: Leftovers\n|-heal|p1a: Goodest Boi|76\/100|[from] item: Black Sludge\n|upkeep\n|turn|12\n|\n|t:|1700596779\n|move|p2a: Blissey|Ice Beam|p1a: Goodest Boi\n|-supereffective|p1a: Goodest Boi\n|-damage|p1a: Goodest Boi|51\/100\n|move|p1a: Goodest Boi|Gunk Shot|p2a: Blissey\n|-damage|p2a: Blissey|32\/100\n|\n|-heal|p2a: Blissey|38\/100|[from] item: Leftovers\n|-heal|p1a: Goodest Boi|57\/100|[from] item: Black Sludge\n|upkeep\n|turn|13\n|\n|t:|1700596788\n|move|p2a: Blissey|Soft-Boiled|p2a: Blissey\n|-heal|p2a: Blissey|88\/100\n|move|p1a: Goodest Boi|Gunk Shot|p2a: Blissey\n|-damage|p2a: Blissey|53\/100\n|\n|-heal|p2a: Blissey|59\/100|[from] item: Leftovers\n|-heal|p1a: Goodest Boi|63\/100|[from] item: Black Sludge\n|upkeep\n|turn|14\n|\n|t:|1700596798\n|move|p2a: Blissey|Ice Beam|p1a: Goodest Boi\n|-supereffective|p1a: Goodest Boi\n|-crit|p1a: Goodest Boi\n|-damage|p1a: Goodest Boi|23\/100\n|move|p1a: Goodest Boi|Earthquake|p2a: Blissey\n|-damage|p2a: Blissey|29\/100\n|\n|-heal|p2a: Blissey|35\/100|[from] item: Leftovers\n|-heal|p1a: Goodest Boi|29\/100|[from] item: Black Sludge\n|upkeep\n|turn|15\n|\n|t:|1700596818\n|switch|p1a: Grace|Gardevoir, F, shiny|100\/100\n|-damage|p1a: Grace|88\/100|[from] Spikes\n|-ability|p1a: Grace|Healer|[from] ability: Trace|[of] p2a: Blissey\n|move|p2a: Blissey|Ice Beam|p1a: Grace\n|-damage|p1a: Grace|69\/100\n|\n|-heal|p2a: Blissey|41\/100|[from] item: Leftovers\n|upkeep\n|turn|16\n|\n|t:|1700596881\n|switch|p1a: Famine|Snorlax, F, shiny|96\/100\n|-damage|p1a: Famine|84\/100|[from] Spikes\n|switch|p2a: Steelix|Steelix, M, shiny|100\/100\n|\n|-heal|p1a: Famine|90\/100|[from] item: Leftovers\n|upkeep\n|turn|17\n|\n|t:|1700596892\n|detailschange|p2a: Steelix|Steelix-Mega, M, shiny\n|-mega|p2a: Steelix|Steelix|Steelixite\n|move|p1a: Famine|Earthquake|p2a: Steelix\n|-supereffective|p2a: Steelix\n|-damage|p2a: Steelix|73\/100\n|move|p2a: Steelix|Body Press|p1a: Famine\n|-supereffective|p1a: Famine\n|-damage|p1a: Famine|26\/100\n|\n|-heal|p1a: Famine|33\/100|[from] item: Leftovers\n|upkeep\n|turn|18\n|\n|t:|1700596927\n|move|p1a: Famine|Brick Break|p2a: Steelix\n|-supereffective|p2a: Steelix\n|-damage|p2a: Steelix|52\/100\n|move|p2a: Steelix|Stealth Rock|p1a: Famine\n|-sidestart|p1: Vuridia|move: Stealth Rock\n|\n|-heal|p1a: Famine|39\/100|[from] item: Leftovers\n|upkeep\n|turn|19\n|\n|t:|1700596937\n|move|p1a: Famine|Rock Slide|p2a: Steelix|[miss]\n|-miss|p1a: Famine|p2a: Steelix\n|move|p2a: Steelix|Body Press|p1a: Famine\n|-supereffective|p1a: Famine\n|-damage|p1a: Famine|0 fnt\n|faint|p1a: Famine\n|\n|upkeep\n|\n|t:|1700596944\n|switch|p1a: Abyss|Milotic, F, shiny|100\/100\n|-damage|p1a: Abyss|88\/100|[from] Spikes\n|-damage|p1a: Abyss|76\/100|[from] Stealth Rock\n|turn|20\n|\n|t:|1700597015\n|move|p1a: Abyss|Scald|p2a: Steelix\n|-supereffective|p2a: Steelix\n|-damage|p2a: Steelix|0 fnt\n|faint|p2a: Steelix\n|\n|upkeep\n|\n|t:|1700597054\n|switch|p2a: Zamazenta|Zamazenta|88\/100\n|turn|21\n|\n|t:|1700597064\n|move|p2a: Zamazenta|Close Combat|p1a: Abyss\n|-damage|p1a: Abyss|0 fnt\n|-unboost|p2a: Zamazenta|def|1\n|-unboost|p2a: Zamazenta|spd|1\n|faint|p1a: Abyss\n|\n|upkeep\n|\n|t:|1700597076\n|switch|p1a: Grace|Gardevoir, F, shiny|69\/100\n|-damage|p1a: Grace|56\/100|[from] Spikes\n|-damage|p1a: Grace|44\/100|[from] Stealth Rock\n|-ability|p1a: Grace|Dauntless Shield|boost\n|-boost|p1a: Grace|def|1\n|-ability|p1a: Grace|Dauntless Shield|[from] ability: Trace|[of] p2a: Zamazenta\n|turn|22\n|\n|t:|1700597097\n|move|p1a: Grace|Psychic|p2a: Zamazenta\n|-supereffective|p2a: Zamazenta\n|-damage|p2a: Zamazenta|0 fnt\n|faint|p2a: Zamazenta\n|\n|upkeep\n|\n|t:|1700597127\n|switch|p2a: Fire Hulk|Darmanitan, M, shiny|100\/100\n|turn|23\n|\n|t:|1700597150\n|move|p1a: Grace|Psychic|p2a: Fire Hulk\n|-damage|p2a: Fire Hulk|30\/100\n|move|p2a: Fire Hulk|Fire Punch|p1a: Grace\n|-damage|p1a: Grace|0 fnt\n|faint|p1a: Grace\n|\n|upkeep\n|\n|t:|1700597161\n|switch|p1a: Plughead|Xurkitree, shiny|100\/100\n|-damage|p1a: Plughead|88\/100|[from] Stealth Rock\n|-item|p1a: Plughead|Air Balloon\n|turn|24\n|\n|t:|1700597196\n|switch|p2a: Blissey|Blissey, F|41\/100\n|move|p1a: Plughead|Hidden Power|p2a: Blissey\n|-damage|p2a: Blissey|30\/100\n|\n|-heal|p2a: Blissey|36\/100|[from] item: Leftovers\n|upkeep\n|turn|25\n|\n|t:|1700597213\n|move|p1a: Plughead|Thunderbolt|p2a: Blissey\n|-damage|p2a: Blissey|13\/100\n|move|p2a: Blissey|Ice Beam|p1a: Plughead\n|-damage|p1a: Plughead|65\/100\n|-enditem|p1a: Plughead|Air Balloon\n|\n|-heal|p2a: Blissey|19\/100|[from] item: Leftovers\n|upkeep\n|turn|26\n|\n|t:|1700597290\n|switch|p2a: Fire Hulk|Darmanitan, M, shiny|30\/100\n|move|p1a: Plughead|Thunderbolt|p2a: Fire Hulk\n|-damage|p2a: Fire Hulk|0 fnt\n|faint|p2a: Fire Hulk\n|-ability|p1a: Plughead|Beast Boost|boost\n|-boost|p1a: Plughead|spa|1\n|\n|upkeep\n|\n|t:|1700597308\n|switch|p2a: Ninetales|Ninetales-Alola, F, shiny|100\/100\n|-weather|Snow|[from] ability: Snow Warning|[of] p2a: Ninetales\n|turn|27\n|\n|t:|1700597318\n|move|p2a: Ninetales|Moonblast|p1a: Plughead\n|-damage|p1a: Plughead|13\/100\n|move|p1a: Plughead|Thunderbolt|p2a: Ninetales\n|-damage|p2a: Ninetales|0 fnt\n|faint|p2a: Ninetales\n|-ability|p1a: Plughead|Beast Boost|boost\n|-boost|p1a: Plughead|spa|1\n|\n|-weather|Snow|[upkeep]\n|upkeep\n|\n|t:|1700597341\n|switch|p2a: Blissey|Blissey, F|19\/100\n|turn|28\n|\n|t:|1700597347\n|move|p1a: Plughead|Thunderbolt|p2a: Blissey\n|-damage|p2a: Blissey|0 fnt\n|faint|p2a: Blissey\n|-ability|p1a: Plughead|Beast Boost|boost\n|-boost|p1a: Plughead|spa|1\n|\n|-weather|Snow|[upkeep]\n|upkeep\n|\n|t:|1700597353\n|switch|p2a: Greninja|Greninja, M|24\/100\n|turn|29\n|\n|t:|1700597365\n|move|p2a: Greninja|Ice Beam|p1a: Plughead\n|-start|p2a: Greninja|typechange|Ice|[from] ability: Protean\n|-damage|p1a: Plughead|0 fnt\n|faint|p1a: Plughead\n|\n|-weather|Snow|[upkeep]\n|upkeep\n|\n|t:|1700597372\n|switch|p1a: Goodest Boi|Clodsire, M|29\/100\n|-damage|p1a: Goodest Boi|17\/100|[from] Spikes\n|-damage|p1a: Goodest Boi|11\/100|[from] Stealth Rock\n|turn|30\n|\n|t:|1700597384\n|move|p2a: Greninja|Ice Beam|p1a: Goodest Boi\n|-supereffective|p1a: Goodest Boi\n|-damage|p1a: Goodest Boi|0 fnt\n|faint|p1a: Goodest Boi\n|\n|-weather|Snow|[upkeep]\n|upkeep\n|\n|t:|1700597389\n|switch|p1a: Fae|Celebi, shiny|18\/100\n|turn|31\n|\n|t:|1700597411\n|move|p2a: Greninja|Ice Beam|p1a: Fae\n|-supereffective|p1a: Fae\n|-damage|p1a: Fae|0 fnt\n|faint|p1a: Fae\n|\n|win|Smitty47401\n|l|\u2606Vuridia\n","uploadtime":1700597494,"views":18,"p1id":"vuridia","p2id":"smitty47401","formatid":"gen9nationaldex","rating":0,"private":0,"password":""}