{"id":"gen9nationaldex-1990663815","p1":"Uyijogamer","p2":"trailer broooo","format":"[Gen 9] National Dex","log":"|j|\u2606Uyijogamer\n|j|\u2606trailer broooo\n|t:|1699989857\n|gametype|singles\n|player|p1|Uyijogamer|ash|1000\n|player|p2|trailer broooo|102|1000\n|teamsize|p1|6\n|teamsize|p2|6\n|gen|9\n|tier|[Gen 9] National Dex\n|rated|\n|rule|HP Percentage Mod: HP is shown in percentages\n|rule|Endless Battle Clause: Forcing endless battles is banned\n|rule|OHKO Clause: OHKO moves are banned\n|rule|Evasion Clause: Evasion abilities, items, and moves are banned\n|rule|Evasion Abilities Clause: Evasion abilities are banned\n|rule|Evasion Items Clause: Evasion items are banned\n|rule|Evasion Moves Clause: Evasion moves are banned\n|rule|Species Clause: Limit one of each Pok\u00e9mon\n|rule|Sleep Clause Mod: Limit one foe put to sleep\n|clearpoke\n|poke|p1|Greninja-*, M|\n|poke|p1|Pawmot, M|\n|poke|p1|Volcarona, M|\n|poke|p1|Serperior, M|\n|poke|p1|Aegislash, F|\n|poke|p1|Hatterene, F|\n|poke|p2|Cinderace, F|\n|poke|p2|Zapdos|\n|poke|p2|Ogerpon-Wellspring, F|\n|poke|p2|Slowking-Galar, M|\n|poke|p2|Ting-Lu|\n|poke|p2|Dondozo, F|\n|teampreview\n|inactive|Battle timer is ON: inactive players will automatically lose when time's up. (requested by trailer broooo)\n|\n|t:|1699989868\n|start\n|switch|p1a: Aegislash|Aegislash, F|100\/100\n|switch|p2a: Cinderace|Cinderace, F|100\/100\n|turn|1\n|\n|t:|1699989872\n|move|p2a: Cinderace|Will-O-Wisp|p1a: Aegislash\n|-status|p1a: Aegislash|brn\n|move|p1a: Aegislash|Destiny Bond|p1a: Aegislash\n|-singlemove|p1a: Aegislash|Destiny Bond\n|\n|-damage|p1a: Aegislash|94\/100 brn|[from] brn\n|upkeep\n|turn|2\n|\n|t:|1699989878\n|switch|p2a: Ting-Lu|Ting-Lu|100\/100\n|-ability|p2a: Ting-Lu|Vessel of Ruin\n|move|p1a: Aegislash|Destiny Bond||[still]\n|-fail|p1a: Aegislash\n|\n|-damage|p1a: Aegislash|88\/100 brn|[from] brn\n|upkeep\n|turn|3\n|\n|t:|1699989881\n|move|p1a: Aegislash|Destiny Bond|p1a: Aegislash\n|-singlemove|p1a: Aegislash|Destiny Bond\n|move|p2a: Ting-Lu|Earthquake|p1a: Aegislash\n|-supereffective|p1a: Aegislash\n|-damage|p1a: Aegislash|26\/100 brn\n|\n|-damage|p1a: Aegislash|20\/100 brn|[from] brn\n|upkeep\n|turn|4\n|\n|t:|1699989891\n|-formechange|p1a: Aegislash|Aegislash-Blade||[from] ability: Stance Change\n|move|p1a: Aegislash|Close Combat|p2a: Ting-Lu\n|-supereffective|p2a: Ting-Lu\n|-damage|p2a: Ting-Lu|66\/100\n|-unboost|p1a: Aegislash|def|1\n|-unboost|p1a: Aegislash|spd|1\n|-damage|p1a: Aegislash|10\/100 brn|[from] item: Life Orb\n|move|p2a: Ting-Lu|Stealth Rock|p1a: Aegislash\n|-sidestart|p1: Uyijogamer|move: Stealth Rock\n|\n|-heal|p2a: Ting-Lu|72\/100|[from] item: Leftovers\n|-damage|p1a: Aegislash|4\/100 brn|[from] brn\n|upkeep\n|turn|5\n|\n|t:|1699989898\n|switch|p2a: Slowking|Slowking-Galar, M|100\/100\n|move|p1a: Aegislash|Destiny Bond|p1a: Aegislash\n|-singlemove|p1a: Aegislash|Destiny Bond\n|\n|-damage|p1a: Aegislash|0 fnt|[from] brn\n|faint|p1a: Aegislash\n|upkeep\n|\n|t:|1699989905\n|switch|p1a: Pawmot|Pawmot, M|100\/100\n|-damage|p1a: Pawmot|94\/100|[from] Stealth Rock\n|turn|6\n|\n|t:|1699989911\n|move|p1a: Pawmot|Double Shock|p2a: Slowking\n|-damage|p2a: Slowking|55\/100\n|-start|p1a: Pawmot|typechange|???\/Fighting|[from] move: Double Shock\n|move|p2a: Slowking|Sludge Bomb|p1a: Pawmot\n|-damage|p1a: Pawmot|38\/100\n|\n|-heal|p1a: Pawmot|44\/100|[from] item: Leftovers\n|upkeep\n|turn|7\n|\n|t:|1699989919\n|switch|p2a: Ting-Lu|Ting-Lu|72\/100\n|-ability|p2a: Ting-Lu|Vessel of Ruin\n|move|p1a: Pawmot|Double Shock||[still]\n|-fail|p1a: Pawmot|move: Double Shock\n|\n|-heal|p1a: Pawmot|50\/100|[from] item: Leftovers\n|-heal|p2a: Ting-Lu|79\/100|[from] item: Leftovers\n|upkeep\n|turn|8\n|\n|t:|1699989925\n|switch|p2a: Zapdos|Zapdos|100\/100\n|move|p1a: Pawmot|Ice Punch|p2a: Zapdos\n|-supereffective|p2a: Zapdos\n|-damage|p2a: Zapdos|52\/100\n|\n|-heal|p1a: Pawmot|56\/100|[from] item: Leftovers\n|upkeep\n|turn|9\n|\n|t:|1699989935\n|move|p1a: Pawmot|Ice Punch|p2a: Zapdos\n|-supereffective|p2a: Zapdos\n|-damage|p2a: Zapdos|4\/100\n|move|p2a: Zapdos|Hurricane|p1a: Pawmot\n|-supereffective|p1a: Pawmot\n|-damage|p1a: Pawmot|0 fnt\n|faint|p1a: Pawmot\n|\n|upkeep\n|\n|t:|1699989943\n|switch|p1a: Hatterene|Hatterene, F|100\/100\n|-damage|p1a: Hatterene|88\/100|[from] Stealth Rock\n|turn|10\n|\n|t:|1699989949\n|move|p2a: Zapdos|Roost|p2a: Zapdos\n|-heal|p2a: Zapdos|54\/100\n|-singleturn|p2a: Zapdos|move: Roost\n|move|p1a: Hatterene|Calm Mind|p1a: Hatterene\n|-boost|p1a: Hatterene|spa|1\n|-boost|p1a: Hatterene|spd|1\n|\n|-heal|p1a: Hatterene|94\/100|[from] item: Leftovers\n|upkeep\n|turn|11\n|\n|t:|1699989953\n|move|p2a: Zapdos|Volt Switch|p1a: Hatterene\n|-damage|p1a: Hatterene|74\/100\n|\n|t:|1699989957\n|switch|p2a: Slowking|Slowking-Galar, M|88\/100|[from] Volt Switch\n|move|p1a: Hatterene|Mystical Fire|p2a: Slowking\n|-damage|p2a: Slowking|50\/100\n|-unboost|p2a: Slowking|spa|1\n|\n|-heal|p1a: Hatterene|80\/100|[from] item: Leftovers\n|upkeep\n|turn|12\n|\n|t:|1699989963\n|move|p2a: Slowking|Sludge Bomb|p1a: Hatterene\n|-supereffective|p1a: Hatterene\n|-damage|p1a: Hatterene|48\/100\n|-status|p1a: Hatterene|psn\n|move|p1a: Hatterene|Psychic|p2a: Slowking\n|-damage|p2a: Slowking|0 fnt\n|faint|p2a: Slowking\n|\n|-heal|p1a: Hatterene|54\/100 psn|[from] item: Leftovers\n|-damage|p1a: Hatterene|41\/100 psn|[from] psn\n|upkeep\n|\n|t:|1699989967\n|switch|p2a: Ogerpon|Ogerpon-Wellspring, F|100\/100\n|turn|13\n|\n|t:|1699989972\n|move|p2a: Ogerpon|Ivy Cudgel|p1a: Hatterene|[anim] Ivy Cudgel Water\n|-damage|p1a: Hatterene|0 fnt\n|faint|p1a: Hatterene\n|\n|upkeep\n|\n|t:|1699989976\n|switch|p1a: Serperior|Serperior, M|100\/100\n|-damage|p1a: Serperior|88\/100|[from] Stealth Rock\n|turn|14\n|\n|t:|1699989991\n|move|p1a: Serperior|Glare|p2a: Ogerpon\n|-status|p2a: Ogerpon|par\n|move|p2a: Ogerpon|Knock Off|p1a: Serperior\n|-damage|p1a: Serperior|39\/100\n|-enditem|p1a: Serperior|Leftovers|[from] move: Knock Off|[of] p2a: Ogerpon\n|\n|upkeep\n|turn|15\n|\n|t:|1699990000\n|move|p1a: Serperior|Leaf Storm|p2a: Ogerpon\n|-damage|p2a: Ogerpon|44\/100 par\n|-boost|p1a: Serperior|spa|2\n|cant|p2a: Ogerpon|par\n|\n|upkeep\n|turn|16\n|\n|t:|1699990006\n|move|p1a: Serperior|Leaf Storm|p2a: Ogerpon\n|-damage|p2a: Ogerpon|0 fnt\n|-boost|p1a: Serperior|spa|2\n|faint|p2a: Ogerpon\n|\n|upkeep\n|\n|t:|1699990007\n|switch|p2a: Dondozo|Dondozo, F|100\/100\n|turn|17\n|\n|t:|1699990010\n|-terastallize|p2a: Dondozo|Fairy\n|move|p1a: Serperior|Leaf Storm|p2a: Dondozo\n|-damage|p2a: Dondozo|54\/100\n|-boost|p1a: Serperior|spa|2\n|move|p2a: Dondozo|Avalanche|p1a: Serperior\n|-supereffective|p1a: Serperior\n|-damage|p1a: Serperior|0 fnt\n|faint|p1a: Serperior\n|\n|upkeep\n|\n|t:|1699990020\n|switch|p1a: Volcarona|Volcarona, M|100\/100\n|-damage|p1a: Volcarona|51\/100|[from] Stealth Rock\n|turn|18\n|\n|t:|1699990026\n|switch|p2a: Cinderace|Cinderace, F|100\/100\n|-terastallize|p1a: Volcarona|Bug\n|move|p1a: Volcarona|Giga Drain|p2a: Cinderace\n|-resisted|p2a: Cinderace\n|-damage|p2a: Cinderace|81\/100\n|-heal|p1a: Volcarona|62\/100|[from] drain|[of] p2a: Cinderace\n|\n|-heal|p1a: Volcarona|68\/100|[from] item: Leftovers\n|upkeep\n|turn|19\n|\n|t:|1699990032\n|move|p2a: Cinderace|Pyro Ball|p1a: Volcarona\n|-supereffective|p1a: Volcarona\n|-damage|p1a: Volcarona|0 fnt\n|faint|p1a: Volcarona\n|\n|upkeep\n|\n|t:|1699990035\n|switch|p1a: Greninja|Greninja, M|100\/100\n|-damage|p1a: Greninja|88\/100|[from] Stealth Rock\n|turn|20\n|\n|t:|1699990043\n|move|p1a: Greninja|Water Shuriken|p2a: Cinderace\n|-supereffective|p2a: Cinderace\n|-damage|p2a: Cinderace|66\/100\n|-supereffective|p2a: Cinderace\n|-damage|p2a: Cinderace|48\/100\n|-hitcount|p2a: Cinderace|2\n|move|p2a: Cinderace|U-turn|p1a: Greninja\n|-supereffective|p1a: Greninja\n|-damage|p1a: Greninja|24\/100\n|\n|t:|1699990047\n|switch|p2a: Ting-Lu|Ting-Lu|79\/100|[from] U-turn\n|-ability|p2a: Ting-Lu|Vessel of Ruin\n|\n|-heal|p2a: Ting-Lu|85\/100|[from] item: Leftovers\n|upkeep\n|turn|21\n|\n|t:|1699990051\n|move|p1a: Greninja|Water Shuriken|p2a: Ting-Lu\n|-supereffective|p2a: Ting-Lu\n|-damage|p2a: Ting-Lu|79\/100\n|-supereffective|p2a: Ting-Lu\n|-damage|p2a: Ting-Lu|72\/100\n|-supereffective|p2a: Ting-Lu\n|-damage|p2a: Ting-Lu|66\/100\n|-supereffective|p2a: Ting-Lu\n|-damage|p2a: Ting-Lu|60\/100\n|-hitcount|p2a: Ting-Lu|4\n|move|p2a: Ting-Lu|Earthquake|p1a: Greninja\n|-damage|p1a: Greninja|0 fnt\n|faint|p1a: Greninja\n|\n|win|trailer broooo\n|raw|Uyijogamer's rating: 1000 &rarr; <strong>1000<\/strong><br \/>(+0 for losing)\n|raw|trailer broooo's rating: 1000 &rarr; <strong>1040<\/strong><br \/>(+40 for winning)\n|l|\u2606Uyijogamer\n|c|\u2606trailer broooo|\/log trailer broooo made this room public.\n","uploadtime":1699990065,"views":4,"p1id":"uyijogamer","p2id":"trailerbroooo","formatid":"gen9nationaldex","rating":1000,"private":0,"password":""}