{"id":"gen9nationaldex-1988019779","p1":"Manzanero Armando","p2":"Sherman Klump","format":"[Gen 9] National Dex","log":"|j|\u2606Manzanero Armando\n|j|\u2606Sherman Klump\n|t:|1699659888\n|gametype|singles\n|player|p1|Manzanero Armando|hilbert-wonderlauncher|1080\n|player|p2|Sherman Klump|hiker-gen4|1075\n|teamsize|p1|6\n|teamsize|p2|1\n|gen|9\n|tier|[Gen 9] National Dex\n|rated|\n|rule|HP Percentage Mod: HP is shown in percentages\n|rule|Endless Battle Clause: Forcing endless battles is banned\n|rule|OHKO Clause: OHKO moves are banned\n|rule|Evasion Clause: Evasion abilities, items, and moves are banned\n|rule|Evasion Abilities Clause: Evasion abilities are banned\n|rule|Evasion Items Clause: Evasion items are banned\n|rule|Evasion Moves Clause: Evasion moves are banned\n|rule|Species Clause: Limit one of each Pok\u00e9mon\n|rule|Sleep Clause Mod: Limit one foe put to sleep\n|clearpoke\n|poke|p1|Xurkitree|\n|poke|p1|Mightyena, F|\n|poke|p1|Beedrill, F|\n|poke|p1|Chandelure, M|\n|poke|p1|Bouffalant, M|\n|poke|p1|Ribombee, M|\n|poke|p2|Kommo-o, M|\n|teampreview\n|inactive|Battle timer is ON: inactive players will automatically lose when time's up. (requested by Sherman Klump)\n|\n|t:|1699659892\n|start\n|switch|p1a: Ribombee|Ribombee, M|100\/100\n|switch|p2a: Buddy Love|Kommo-o, M|100\/100\n|turn|1\n|\n|t:|1699659900\n|-terastallize|p2a: Buddy Love|Steel\n|move|p1a: Ribombee|Moonblast|p2a: Buddy Love\n|-resisted|p2a: Buddy Love\n|-damage|p2a: Buddy Love|83\/100\n|move|p2a: Buddy Love|Clangorous Soul|p2a: Buddy Love\n|-boost|p2a: Buddy Love|atk|1\n|-boost|p2a: Buddy Love|def|1\n|-boost|p2a: Buddy Love|spa|1\n|-boost|p2a: Buddy Love|spd|1\n|-boost|p2a: Buddy Love|spe|1\n|-damage|p2a: Buddy Love|50\/100\n|\n|upkeep\n|turn|2\n|\n|t:|1699659913\n|move|p2a: Buddy Love|Clangorous Soul|p2a: Buddy Love\n|-boost|p2a: Buddy Love|atk|1\n|-boost|p2a: Buddy Love|def|1\n|-boost|p2a: Buddy Love|spa|1\n|-boost|p2a: Buddy Love|spd|1\n|-boost|p2a: Buddy Love|spe|1\n|-damage|p2a: Buddy Love|17\/100\n|move|p1a: Ribombee|Moonblast|p2a: Buddy Love\n|-resisted|p2a: Buddy Love\n|-damage|p2a: Buddy Love|9\/100\n|-unboost|p2a: Buddy Love|spa|1\n|\n|upkeep\n|turn|3\n|\n|t:|1699659925\n|move|p2a: Buddy Love|Rest|p2a: Buddy Love\n|-status|p2a: Buddy Love|slp|[from] move: Rest\n|-heal|p2a: Buddy Love|100\/100 slp|[silent]\n|-enditem|p2a: Buddy Love|Chesto Berry|[eat]\n|-curestatus|p2a: Buddy Love|slp|[msg]\n|move|p1a: Ribombee|Moonblast|p2a: Buddy Love\n|-resisted|p2a: Buddy Love\n|-damage|p2a: Buddy Love|92\/100\n|-unboost|p2a: Buddy Love|spa|1\n|\n|upkeep\n|turn|4\n|\n|t:|1699659937\n|move|p2a: Buddy Love|Clangorous Soul|p2a: Buddy Love\n|-boost|p2a: Buddy Love|atk|1\n|-boost|p2a: Buddy Love|def|1\n|-boost|p2a: Buddy Love|spa|1\n|-boost|p2a: Buddy Love|spd|1\n|-boost|p2a: Buddy Love|spe|1\n|-damage|p2a: Buddy Love|59\/100\n|move|p1a: Ribombee|Stun Spore|p2a: Buddy Love\n|-status|p2a: Buddy Love|par\n|\n|upkeep\n|turn|5\n|\n|t:|1699659952\n|move|p1a: Ribombee|Moonblast|p2a: Buddy Love\n|-resisted|p2a: Buddy Love\n|-damage|p2a: Buddy Love|52\/100 par\n|-unboost|p2a: Buddy Love|spa|1\n|cant|p2a: Buddy Love|par\n|\n|upkeep\n|turn|6\n|\n|t:|1699659960\n|move|p1a: Ribombee|Moonblast|p2a: Buddy Love\n|-resisted|p2a: Buddy Love\n|-damage|p2a: Buddy Love|45\/100 par\n|move|p2a: Buddy Love|Clangorous Soul|p2a: Buddy Love\n|-boost|p2a: Buddy Love|atk|1\n|-boost|p2a: Buddy Love|def|1\n|-boost|p2a: Buddy Love|spa|1\n|-boost|p2a: Buddy Love|spd|1\n|-boost|p2a: Buddy Love|spe|1\n|-damage|p2a: Buddy Love|12\/100 par\n|\n|upkeep\n|turn|7\n|\n|t:|1699659971\n|cant|p2a: Buddy Love|par\n|move|p1a: Ribombee|Moonblast|p2a: Buddy Love\n|-resisted|p2a: Buddy Love\n|-damage|p2a: Buddy Love|6\/100 par\n|\n|upkeep\n|turn|8\n|\n|t:|1699659989\n|switch|p1a: Chandelure|Chandelure, M|100\/100\n|move|p2a: Buddy Love|Rest|p2a: Buddy Love\n|-status|p2a: Buddy Love|slp|[from] move: Rest\n|-heal|p2a: Buddy Love|100\/100 slp|[silent]\n|\n|upkeep\n|turn|9\n|\n|t:|1699659998\n|cant|p2a: Buddy Love|slp\n|move|p2a: Buddy Love|Sleep Talk|p2a: Buddy Love\n|move|p2a: Buddy Love|Clangorous Soul|p2a: Buddy Love|[from]move: Sleep Talk\n|-boost|p2a: Buddy Love|atk|1\n|-boost|p2a: Buddy Love|def|1\n|-boost|p2a: Buddy Love|spa|1\n|-boost|p2a: Buddy Love|spd|1\n|-boost|p2a: Buddy Love|spe|1\n|-damage|p2a: Buddy Love|68\/100 slp\n|move|p1a: Chandelure|Flamethrower|p2a: Buddy Love\n|-supereffective|p2a: Buddy Love\n|-damage|p2a: Buddy Love|28\/100 slp\n|\n|upkeep\n|turn|10\n|\n|t:|1699660012\n|cant|p2a: Buddy Love|slp\n|move|p2a: Buddy Love|Sleep Talk|p2a: Buddy Love\n|move|p2a: Buddy Love|Iron Head|p1a: Chandelure|[from]move: Sleep Talk\n|-resisted|p1a: Chandelure\n|-damage|p1a: Chandelure|0 fnt\n|faint|p1a: Chandelure\n|\n|upkeep\n|\n|t:|1699660020\n|switch|p1a: Bouffalant|Bouffalant, M, shiny|100\/100\n|turn|11\n|\n|t:|1699660024\n|-curestatus|p2a: Buddy Love|slp|[msg]\n|move|p2a: Buddy Love|Iron Head|p1a: Bouffalant\n|-damage|p1a: Bouffalant|0 fnt\n|faint|p1a: Bouffalant\n|\n|upkeep\n|\n|t:|1699660033\n|switch|p1a: Beedrill|Beedrill, F|100\/100\n|turn|12\n|\n|t:|1699660037\n|detailschange|p1a: Beedrill|Beedrill-Mega, F\n|-mega|p1a: Beedrill|Beedrill|Beedrillite\n|move|p2a: Buddy Love|Iron Head|p1a: Beedrill\n|-damage|p1a: Beedrill|0 fnt\n|faint|p1a: Beedrill\n|\n|upkeep\n|-message|Manzanero Armando forfeited.\n|\n|win|Sherman Klump\n|raw|Manzanero Armando's rating: 1080 &rarr; <strong>1058<\/strong><br \/>(-22 for losing)\n|raw|Sherman Klump's rating: 1075 &rarr; <strong>1104<\/strong><br \/>(+29 for winning)\n|l|\u2606Manzanero Armando\n","uploadtime":1699660046,"views":5,"p1id":"manzaneroarmando","p2id":"shermanklump","formatid":"gen9nationaldex","rating":1058,"private":0,"password":""}