{"id":"gen9nationaldex-1998733671","p1":"roshi2000","p2":"Dreamingiscool","format":"[Gen 9] National Dex","log":"|html|<div class=\"broadcast-blue\"><strong>[Gen 9] National Dex is currently suspecting Sneasler! For information on how to participate check out the <a href=\"https:\/\/www.smogon.com\/forums\/threads\/sv-national-dex-suspect-8-just-dance.3731534\/\">suspect thread<\/a>.<\/strong><\/div>\n|j|\u2606roshi2000\n|j|\u2606Dreamingiscool\n|t:|1700979917\n|gametype|singles\n|player|p1|roshi2000|clerk-boss|1202\n|player|p2|Dreamingiscool|ingo|1130\n|teamsize|p1|6\n|teamsize|p2|6\n|gen|9\n|tier|[Gen 9] National Dex\n|rated|\n|rule|HP Percentage Mod: HP is shown in percentages\n|rule|Endless Battle Clause: Forcing endless battles is banned\n|rule|OHKO Clause: OHKO moves are banned\n|rule|Evasion Clause: Evasion abilities, items, and moves are banned\n|rule|Evasion Abilities Clause: Evasion abilities are banned\n|rule|Evasion Items Clause: Evasion items are banned\n|rule|Evasion Moves Clause: Evasion moves are banned\n|rule|Species Clause: Limit one of each Pok\u00e9mon\n|rule|Sleep Clause Mod: Limit one foe put to sleep\n|clearpoke\n|poke|p1|Electivire, M|\n|poke|p1|Steelix, M|\n|poke|p1|Lapras, F|\n|poke|p1|Gengar, M|\n|poke|p1|Snorlax, M|\n|poke|p1|Charizard, M|\n|poke|p2|Tinkaton, F|\n|poke|p2|Corviknight, M|\n|poke|p2|Weavile, M|\n|poke|p2|Centiskorch, F|\n|poke|p2|Venusaur, M|\n|poke|p2|Gliscor, M|\n|teampreview\n|\n|t:|1700979923\n|start\n|switch|p1a: Pain|Electivire, M|100\/100\n|switch|p2a: Tinkaton|Tinkaton, F|100\/100\n|turn|1\n|inactive|Battle timer is ON: inactive players will automatically lose when time's up. (requested by roshi2000)\n|\n|t:|1700979930\n|move|p2a: Tinkaton|Fake Out|p1a: Pain\n|-damage|p1a: Pain|90\/100\n|cant|p1a: Pain|flinch\n|\n|-heal|p1a: Pain|96\/100|[from] item: Leftovers\n|upkeep\n|turn|2\n|\n|t:|1700979937\n|move|p1a: Pain|Thunder Wave|p2a: Tinkaton\n|-status|p2a: Tinkaton|par\n|move|p2a: Tinkaton|Stealth Rock|p1a: Pain\n|-sidestart|p1: roshi2000|move: Stealth Rock\n|\n|-heal|p1a: Pain|100\/100|[from] item: Leftovers\n|upkeep\n|turn|3\n|\n|t:|1700979944\n|move|p1a: Pain|Power-Up Punch|p2a: Tinkaton\n|-damage|p2a: Tinkaton|91\/100 par\n|-boost|p1a: Pain|atk|1\n|move|p2a: Tinkaton|Encore|p1a: Pain\n|-start|p1a: Pain|Encore\n|\n|-heal|p2a: Tinkaton|97\/100 par|[from] item: Leftovers\n|upkeep\n|turn|4\n|\n|t:|1700979955\n|switch|p1a: Big Boss|Snorlax, M|100\/100\n|-damage|p1a: Big Boss|88\/100|[from] Stealth Rock\n|move|p2a: Tinkaton|Knock Off|p1a: Big Boss\n|-damage|p1a: Big Boss|74\/100\n|-enditem|p1a: Big Boss|Leftovers|[from] move: Knock Off|[of] p2a: Tinkaton\n|\n|-heal|p2a: Tinkaton|100\/100 par|[from] item: Leftovers\n|upkeep\n|turn|5\n|\n|t:|1700979964\n|switch|p1a: X|Charizard, M, shiny|100\/100\n|-damage|p1a: X|50\/100|[from] Stealth Rock\n|move|p2a: Tinkaton|Encore||[still]\n|-fail|p2a: Tinkaton\n|\n|upkeep\n|turn|6\n|\n|t:|1700979972\n|switch|p2a: Gliscor|Gliscor, M|100\/100\n|move|p1a: X|Fire Punch|p2a: Gliscor\n|-damage|p2a: Gliscor|87\/100\n|\n|-status|p2a: Gliscor|tox|[from] item: Toxic Orb\n|upkeep\n|turn|7\n|\n|t:|1700979979\n|move|p1a: X|Roost|p1a: X\n|-heal|p1a: X|100\/100\n|-singleturn|p1a: X|move: Roost\n|move|p2a: Gliscor|Acrobatics|p1a: X\n|-damage|p1a: X|83\/100\n|\n|-heal|p2a: Gliscor|99\/100 tox|[from] ability: Poison Heal\n|upkeep\n|turn|8\n|\n|t:|1700979987\n|move|p1a: X|Dragon Dance|p1a: X\n|-boost|p1a: X|atk|1\n|-boost|p1a: X|spe|1\n|move|p2a: Gliscor|Swords Dance|p2a: Gliscor\n|-boost|p2a: Gliscor|atk|2\n|\n|-heal|p2a: Gliscor|100\/100 tox|[from] ability: Poison Heal\n|upkeep\n|turn|9\n|\n|t:|1700979995\n|move|p1a: X|Dragon Dance|p1a: X\n|-boost|p1a: X|atk|1\n|-boost|p1a: X|spe|1\n|move|p2a: Gliscor|Acrobatics|p1a: X\n|-damage|p1a: X|46\/100\n|\n|upkeep\n|turn|10\n|\n|t:|1700980003\n|detailschange|p1a: X|Charizard-Mega-X, M, shiny\n|-mega|p1a: X|Charizard|Charizardite X\n|move|p1a: X|Dragon Claw|p2a: Gliscor\n|-damage|p2a: Gliscor|47\/100 tox\n|move|p2a: Gliscor|Fling|p1a: X\n|-damage|p1a: X|34\/100\n|-status|p1a: X|tox\n|-enditem|p2a: Gliscor|Toxic Orb|[from] move: Fling\n|\n|-damage|p1a: X|28\/100 tox|[from] psn\n|-heal|p2a: Gliscor|59\/100 tox|[from] ability: Poison Heal\n|upkeep\n|turn|11\n|\n|t:|1700980014\n|move|p1a: X|Roost|p1a: X\n|-heal|p1a: X|78\/100 tox\n|-singleturn|p1a: X|move: Roost\n|move|p2a: Gliscor|Earthquake|p1a: X\n|-supereffective|p1a: X\n|-damage|p1a: X|0 fnt\n|faint|p1a: X\n|\n|-heal|p2a: Gliscor|72\/100 tox|[from] ability: Poison Heal\n|upkeep\n|-message|roshi2000 forfeited.\n|\n|win|Dreamingiscool\n|raw|roshi2000's rating: 1202 &rarr; <strong>1172<\/strong><br \/>(-30 for losing)\n|raw|Dreamingiscool's rating: 1130 &rarr; <strong>1160<\/strong><br \/>(+30 for winning)\n|l|\u2606roshi2000\n","uploadtime":1700980024,"views":1,"p1id":"roshi2000","p2id":"dreamingiscool","formatid":"gen9nationaldex","rating":1160,"private":0,"password":""}