{"id":"gen9nationaldex-1996569656","p1":"hadahada","p2":"Yuanshen61\u6211\u8981\u73a9\u539f\u795e","format":"[Gen 9] National Dex","log":"|html|<div class=\"broadcast-blue\"><strong>[Gen 9] National Dex is currently suspecting Sneasler! For information on how to participate check out the <a href=\"https:\/\/www.smogon.com\/forums\/threads\/sv-national-dex-suspect-8-just-dance.3731534\/\">suspect thread<\/a>.<\/strong><\/div>\n|j|\u2606hadahada\n|j|\u2606Yuanshen61\u6211\u8981\u73a9\u539f\u795e\n|t:|1700695436\n|gametype|singles\n|player|p1|hadahada|2|1636\n|player|p2|Yuanshen61\u6211\u8981\u73a9\u539f\u795e|dawn-contest|1469\n|teamsize|p1|6\n|teamsize|p2|6\n|gen|9\n|tier|[Gen 9] National Dex\n|rated|\n|rule|HP Percentage Mod: HP is shown in percentages\n|rule|Endless Battle Clause: Forcing endless battles is banned\n|rule|OHKO Clause: OHKO moves are banned\n|rule|Evasion Clause: Evasion abilities, items, and moves are banned\n|rule|Evasion Abilities Clause: Evasion abilities are banned\n|rule|Evasion Items Clause: Evasion items are banned\n|rule|Evasion Moves Clause: Evasion moves are banned\n|rule|Species Clause: Limit one of each Pok\u00e9mon\n|rule|Sleep Clause Mod: Limit one foe put to sleep\n|clearpoke\n|poke|p1|Excadrill, F|\n|poke|p1|Lopunny, F|\n|poke|p1|Corviknight, M|\n|poke|p1|Kommo-o, M|\n|poke|p1|Garganacl, M|\n|poke|p1|Ceruledge, M|\n|poke|p2|Ditto|\n|poke|p2|Alomomola, F|\n|poke|p2|Lopunny, F|\n|poke|p2|Xurkitree|\n|poke|p2|Corviknight, F|\n|poke|p2|Zoroark, F|\n|teampreview\n|inactive|Battle timer is ON: inactive players will automatically lose when time's up. (requested by Yuanshen61\u6211\u8981\u73a9\u539f\u795e)\n|\n|t:|1700695452\n|start\n|switch|p1a: Kommo-o|Kommo-o, M|100\/100\n|switch|p2a: Lopunny|Lopunny, F|100\/100\n|turn|1\n|\n|t:|1700695459\n|switch|p1a: Corviknight|Corviknight, M|100\/100\n|detailschange|p2a: Lopunny|Lopunny-Mega, F\n|-mega|p2a: Lopunny|Lopunny|Lopunnite\n|move|p2a: Lopunny|Fake Out|p1a: Corviknight\n|-resisted|p1a: Corviknight\n|-damage|p1a: Corviknight|94\/100\n|-damage|p2a: Lopunny|84\/100|[from] item: Rocky Helmet|[of] p1a: Corviknight\n|\n|upkeep\n|turn|2\n|\n|t:|1700695465\n|move|p2a: Lopunny|U-turn|p1a: Corviknight\n|-resisted|p1a: Corviknight\n|-damage|p1a: Corviknight|91\/100\n|-damage|p2a: Lopunny|67\/100|[from] item: Rocky Helmet|[of] p1a: Corviknight\n|\n|t:|1700695468\n|switch|p2a: Xurkitree|Xurkitree|100\/100|[from] U-turn\n|move|p1a: Corviknight|U-turn|p2a: Xurkitree\n|-damage|p2a: Xurkitree|78\/100\n|\n|t:|1700695486\n|switch|p1a: Ceruledge|Ceruledge, M|100\/100|[from] U-turn\n|\n|upkeep\n|turn|3\n|\n|t:|1700695497\n|switch|p2a: Lopunny|Lopunny-Mega, F|67\/100\n|move|p1a: Ceruledge|Poltergeist|p2a: Lopunny\n|-immune|p2a: Lopunny\n|\n|upkeep\n|turn|4\n|\n|t:|1700695506\n|switch|p1a: Corviknight|Corviknight, M|91\/100\n|move|p2a: Lopunny|Fake Out|p1a: Corviknight\n|-resisted|p1a: Corviknight\n|-damage|p1a: Corviknight|85\/100\n|-damage|p2a: Lopunny|51\/100|[from] item: Rocky Helmet|[of] p1a: Corviknight\n|\n|upkeep\n|turn|5\n|\n|t:|1700695509\n|switch|p2a: Alomomola|Alomomola, F|100\/100\n|move|p1a: Corviknight|U-turn|p2a: Alomomola\n|-damage|p2a: Alomomola|93\/100\n|\n|t:|1700695519\n|switch|p1a: Ceruledge|Ceruledge, M|100\/100|[from] U-turn\n|\n|upkeep\n|turn|6\n|\n|t:|1700695522\n|move|p1a: Ceruledge|Swords Dance|p1a: Ceruledge\n|-boost|p1a: Ceruledge|atk|2\n|move|p2a: Alomomola|Flip Turn|p1a: Ceruledge\n|-supereffective|p1a: Ceruledge\n|-damage|p1a: Ceruledge|57\/100\n|-ability|p1a: Ceruledge|Weak Armor|boost\n|-unboost|p1a: Ceruledge|def|1\n|-boost|p1a: Ceruledge|spe|2\n|\n|t:|1700695525\n|switch|p2a: Ditto|Ditto|100\/100|[from] Flip Turn\n|-transform|p2a: Ditto|p1a: Ceruledge|[from] ability: Imposter\n|\n|upkeep\n|turn|7\n|\n|t:|1700695529\n|move|p2a: Ditto|Shadow Sneak|p1a: Ceruledge\n|-supereffective|p1a: Ceruledge\n|-damage|p1a: Ceruledge|0 fnt\n|faint|p1a: Ceruledge\n|\n|upkeep\n|\n|t:|1700695535\n|switch|p1a: Excadrill|Excadrill, F|100\/100\n|-ability|p1a: Excadrill|Mold Breaker\n|turn|8\n|\n|t:|1700695540\n|switch|p2a: Alomomola|Alomomola, F|100\/100\n|move|p1a: Excadrill|Swords Dance|p1a: Excadrill\n|-boost|p1a: Excadrill|atk|2\n|\n|upkeep\n|turn|9\n|\n|t:|1700695543\n|move|p1a: Excadrill|Earthquake|p2a: Alomomola\n|-damage|p2a: Alomomola|43\/100\n|move|p2a: Alomomola|Flip Turn|p1a: Excadrill\n|-supereffective|p1a: Excadrill\n|-damage|p1a: Excadrill|57\/100\n|\n|t:|1700695546\n|switch|p2a: Xurkitree|Xurkitree|100\/100|[from] Flip Turn\n|\n|upkeep\n|turn|10\n|\n|t:|1700695553\n|switch|p1a: Kommo-o|Kommo-o, M|100\/100\n|move|p2a: Xurkitree|Flamethrower|p1a: Kommo-o\n|-resisted|p1a: Kommo-o\n|-damage|p1a: Kommo-o|84\/100\n|\n|upkeep\n|turn|11\n|\n|t:|1700695559\n|move|p2a: Xurkitree|Dark Pulse|p1a: Kommo-o\n|-resisted|p1a: Kommo-o\n|-damage|p1a: Kommo-o|60\/100\n|move|p1a: Kommo-o|Clanging Scales|p2a: Xurkitree\n|-damage|p2a: Xurkitree|4\/100\n|replace|p2a: Zoroark|Zoroark, F\n|-end|p2a: Zoroark|Illusion\n|-unboost|p1a: Kommo-o|def|1\n|\n|upkeep\n|turn|12\n|\n|t:|1700695566\n|move|p2a: Zoroark|Dark Pulse|p1a: Kommo-o\n|-resisted|p1a: Kommo-o\n|-damage|p1a: Kommo-o|37\/100\n|cant|p1a: Kommo-o|flinch\n|\n|upkeep\n|turn|13\n|\n|t:|1700695569\n|move|p2a: Zoroark|Dark Pulse|p1a: Kommo-o\n|-resisted|p1a: Kommo-o\n|-damage|p1a: Kommo-o|11\/100\n|move|p1a: Kommo-o|Flamethrower|p2a: Zoroark\n|-crit|p2a: Zoroark\n|-damage|p2a: Zoroark|0 fnt\n|faint|p2a: Zoroark\n|\n|upkeep\n|\n|t:|1700695573\n|switch|p2a: Lopunny|Lopunny-Mega, F|51\/100\n|turn|14\n|\n|t:|1700695576\n|switch|p1a: Corviknight|Corviknight, M|85\/100\n|move|p2a: Lopunny|U-turn|p1a: Corviknight\n|-resisted|p1a: Corviknight\n|-damage|p1a: Corviknight|81\/100\n|-damage|p2a: Lopunny|34\/100|[from] item: Rocky Helmet|[of] p1a: Corviknight\n|\n|t:|1700695579\n|switch|p2a: Xurkitree|Xurkitree|78\/100|[from] U-turn\n|\n|upkeep\n|turn|15\n|\n|t:|1700695582\n|switch|p1a: Excadrill|Excadrill, F|57\/100\n|-ability|p1a: Excadrill|Mold Breaker\n|-zpower|p2a: Xurkitree\n|move|p2a: Xurkitree|Z-Hypnosis|p1a: Excadrill|[anim]Hypnosis\n|-boost|p2a: Xurkitree|spe|1|[zeffect]\n|-status|p1a: Excadrill|slp|[from] move: Hypnosis\n|\n|upkeep\n|turn|16\n|\n|t:|1700695586\n|move|p2a: Xurkitree|Tail Glow|p2a: Xurkitree\n|-boost|p2a: Xurkitree|spa|3\n|cant|p1a: Excadrill|slp\n|\n|upkeep\n|turn|17\n|\n|t:|1700695588\n|move|p2a: Xurkitree|Energy Ball|p1a: Excadrill\n|-damage|p1a: Excadrill|0 fnt\n|faint|p1a: Excadrill\n|-ability|p2a: Xurkitree|Beast Boost|boost\n|-boost|p2a: Xurkitree|spa|1\n|\n|upkeep\n|\n|t:|1700695591\n|switch|p1a: Lopunny|Lopunny, F|100\/100\n|turn|18\n|\n|t:|1700695594\n|detailschange|p1a: Lopunny|Lopunny-Mega, F\n|-mega|p1a: Lopunny|Lopunny|Lopunnite\n|move|p1a: Lopunny|Fake Out|p2a: Xurkitree\n|-damage|p2a: Xurkitree|47\/100\n|cant|p2a: Xurkitree|flinch\n|\n|upkeep\n|turn|19\n|\n|t:|1700695598\n|switch|p1a: Kommo-o|Kommo-o, M|11\/100\n|move|p2a: Xurkitree|Thunderbolt|p1a: Kommo-o\n|-resisted|p1a: Kommo-o\n|-damage|p1a: Kommo-o|0 fnt\n|faint|p1a: Kommo-o\n|-ability|p2a: Xurkitree|Beast Boost|boost\n|-boost|p2a: Xurkitree|spa|1\n|\n|upkeep\n|\n|t:|1700695600\n|switch|p1a: Lopunny|Lopunny-Mega, F|100\/100\n|turn|20\n|\n|t:|1700695604\n|move|p1a: Lopunny|Fake Out|p2a: Xurkitree\n|-damage|p2a: Xurkitree|17\/100\n|cant|p2a: Xurkitree|flinch\n|\n|upkeep\n|turn|21\n|\n|t:|1700695607\n|switch|p1a: Corviknight|Corviknight, M|81\/100\n|move|p2a: Xurkitree|Thunderbolt|p1a: Corviknight\n|-supereffective|p1a: Corviknight\n|-damage|p1a: Corviknight|0 fnt\n|faint|p1a: Corviknight\n|-ability|p2a: Xurkitree|Beast Boost|boost\n|-boost|p2a: Xurkitree|spa|1\n|\n|upkeep\n|\n|t:|1700695608\n|switch|p1a: Lopunny|Lopunny-Mega, F|100\/100\n|turn|22\n|\n|t:|1700695611\n|move|p1a: Lopunny|Fake Out|p2a: Xurkitree\n|-damage|p2a: Xurkitree|0 fnt\n|faint|p2a: Xurkitree\n|\n|upkeep\n|\n|t:|1700695618\n|switch|p2a: Alomomola|Alomomola, F|77\/100\n|turn|23\n|\n|t:|1700695620\n|move|p1a: Lopunny|Return|p2a: Alomomola\n|-damage|p2a: Alomomola|48\/100\n|move|p2a: Alomomola|Flip Turn|p1a: Lopunny\n|-damage|p1a: Lopunny|79\/100\n|\n|t:|1700695626\n|switch|p2a: Ditto|Ditto|100\/100|[from] Flip Turn\n|-transform|p2a: Ditto|p1a: Lopunny|[from] ability: Imposter\n|\n|upkeep\n|turn|24\n|\n|t:|1700695629\n|move|p2a: Ditto|Close Combat|p1a: Lopunny\n|-supereffective|p1a: Lopunny\n|-damage|p1a: Lopunny|0 fnt\n|-unboost|p2a: Ditto|def|1\n|-unboost|p2a: Ditto|spd|1\n|faint|p1a: Lopunny\n|\n|upkeep\n|\n|t:|1700695630\n|switch|p1a: Garganacl|Garganacl, M|100\/100\n|turn|25\n|\n|t:|1700695632\n|-terastallize|p1a: Garganacl|Fairy\n|move|p2a: Ditto|Close Combat|p1a: Garganacl\n|-resisted|p1a: Garganacl\n|-damage|p1a: Garganacl|77\/100\n|-unboost|p2a: Ditto|def|1\n|-unboost|p2a: Ditto|spd|1\n|move|p1a: Garganacl|Iron Defense|p1a: Garganacl\n|-boost|p1a: Garganacl|def|2\n|\n|-heal|p1a: Garganacl|84\/100|[from] item: Leftovers\n|upkeep\n|turn|26\n|\n|t:|1700695638\n|switch|p2a: Corviknight|Corviknight, F|100\/100\n|-ability|p2a: Corviknight|Pressure\n|move|p1a: Garganacl|Iron Defense|p1a: Garganacl\n|-boost|p1a: Garganacl|def|2\n|\n|-heal|p1a: Garganacl|90\/100|[from] item: Leftovers\n|upkeep\n|turn|27\n|\n|t:|1700695640\n|move|p2a: Corviknight|Iron Head|p1a: Garganacl\n|-supereffective|p1a: Garganacl\n|-damage|p1a: Garganacl|79\/100\n|move|p1a: Garganacl|Iron Defense|p1a: Garganacl\n|-boost|p1a: Garganacl|def|2\n|\n|-heal|p1a: Garganacl|85\/100|[from] item: Leftovers\n|upkeep\n|turn|28\n|\n|t:|1700695643\n|move|p2a: Corviknight|Iron Head|p1a: Garganacl\n|-supereffective|p1a: Garganacl\n|-damage|p1a: Garganacl|77\/100\n|cant|p1a: Garganacl|flinch\n|\n|-heal|p1a: Garganacl|83\/100|[from] item: Leftovers\n|upkeep\n|turn|29\n|\n|t:|1700695646\n|move|p2a: Corviknight|Iron Head|p1a: Garganacl\n|-supereffective|p1a: Garganacl\n|-damage|p1a: Garganacl|75\/100\n|move|p1a: Garganacl|Salt Cure|p2a: Corviknight\n|-damage|p2a: Corviknight|89\/100\n|-start|p2a: Corviknight|Salt Cure\n|\n|-heal|p2a: Corviknight|95\/100|[from] item: Leftovers\n|-heal|p1a: Garganacl|81\/100|[from] item: Leftovers\n|-damage|p2a: Corviknight|70\/100|[from] Salt Cure\n|upkeep\n|turn|30\n|\n|t:|1700695656\n|move|p2a: Corviknight|U-turn|p1a: Garganacl\n|-resisted|p1a: Garganacl\n|-damage|p1a: Garganacl|79\/100\n|\n|t:|1700695657\n|switch|p2a: Ditto|Ditto|100\/100|[from] U-turn\n|-transform|p2a: Ditto|p1a: Garganacl|[from] ability: Imposter\n|move|p1a: Garganacl|Body Press|p2a: Ditto\n|-supereffective|p2a: Ditto\n|-damage|p2a: Ditto|57\/100\n|\n|-heal|p1a: Garganacl|86\/100|[from] item: Leftovers\n|upkeep\n|-start|p2a: Ditto|typechange|Rock|[silent]\n|turn|31\n|\n|t:|1700695663\n|-terastallize|p2a: Ditto|Ghost\n|move|p2a: Ditto|Salt Cure|p1a: Garganacl\n|-damage|p1a: Garganacl|83\/100\n|-start|p1a: Garganacl|Salt Cure\n|move|p1a: Garganacl|Salt Cure|p2a: Ditto\n|-crit|p2a: Ditto\n|-damage|p2a: Ditto|38\/100\n|-start|p2a: Ditto|Salt Cure\n|\n|-heal|p1a: Garganacl|89\/100|[from] item: Leftovers\n|-damage|p2a: Ditto|26\/100|[from] Salt Cure\n|-damage|p1a: Garganacl|77\/100|[from] Salt Cure\n|upkeep\n|turn|32\n|\n|t:|1700695674\n|switch|p2a: Alomomola|Alomomola, F|81\/100\n|move|p1a: Garganacl|Salt Cure|p2a: Alomomola\n|-damage|p2a: Alomomola|74\/100\n|-start|p2a: Alomomola|Salt Cure\n|\n|-heal|p1a: Garganacl|83\/100|[from] item: Leftovers\n|-damage|p2a: Alomomola|49\/100|[from] Salt Cure\n|-damage|p1a: Garganacl|71\/100|[from] Salt Cure\n|upkeep\n|turn|33\n|\n|t:|1700695676\n|move|p2a: Alomomola|Flip Turn|p1a: Garganacl\n|-damage|p1a: Garganacl|68\/100\n|\n|t:|1700695678\n|switch|p2a: Ditto|Ditto, tera:Ghost|26\/100|[from] Flip Turn\n|-transform|p2a: Ditto|p1a: Garganacl|[from] ability: Imposter\n|move|p1a: Garganacl|Body Press|p2a: Ditto\n|-immune|p2a: Ditto\n|\n|-heal|p1a: Garganacl|75\/100|[from] item: Leftovers\n|-damage|p1a: Garganacl|62\/100|[from] Salt Cure\n|upkeep\n|turn|34\n|\n|t:|1700695682\n|move|p2a: Ditto|Recover|p2a: Ditto\n|-heal|p2a: Ditto|76\/100\n|move|p1a: Garganacl|Salt Cure|p2a: Ditto\n|-damage|p2a: Ditto|72\/100\n|-start|p2a: Ditto|Salt Cure\n|\n|-heal|p1a: Garganacl|68\/100|[from] item: Leftovers\n|-damage|p2a: Ditto|60\/100|[from] Salt Cure\n|-damage|p1a: Garganacl|56\/100|[from] Salt Cure\n|upkeep\n|turn|35\n|\n|t:|1700695689\n|move|p2a: Ditto|Recover|p2a: Ditto\n|-heal|p2a: Ditto|100\/100\n|move|p1a: Garganacl|Body Press|p2a: Ditto\n|-immune|p2a: Ditto\n|\n|-heal|p1a: Garganacl|62\/100|[from] item: Leftovers\n|-damage|p2a: Ditto|88\/100|[from] Salt Cure\n|-damage|p1a: Garganacl|50\/100|[from] Salt Cure\n|upkeep\n|turn|36\n|\n|t:|1700695699\n|switch|p2a: Lopunny|Lopunny-Mega, F|34\/100\n|move|p1a: Garganacl|Recover|p1a: Garganacl\n|-heal|p1a: Garganacl|99\/100\n|\n|-heal|p1a: Garganacl|100\/100|[from] item: Leftovers\n|-damage|p1a: Garganacl|88\/100|[from] Salt Cure\n|upkeep\n|turn|37\n|\n|t:|1700695703\n|move|p2a: Lopunny|Fake Out|p1a: Garganacl\n|-damage|p1a: Garganacl|84\/100\n|cant|p1a: Garganacl|flinch\n|\n|-heal|p1a: Garganacl|90\/100|[from] item: Leftovers\n|-damage|p1a: Garganacl|78\/100|[from] Salt Cure\n|upkeep\n|turn|38\n|\n|t:|1700695705\n|move|p2a: Lopunny|U-turn|p1a: Garganacl\n|-resisted|p1a: Garganacl\n|-damage|p1a: Garganacl|76\/100\n|\n|t:|1700695708\n|switch|p2a: Ditto|Ditto, tera:Ghost|88\/100|[from] U-turn\n|-transform|p2a: Ditto|p1a: Garganacl|[from] ability: Imposter\n|move|p1a: Garganacl|Salt Cure|p2a: Ditto\n|-damage|p2a: Ditto|85\/100\n|-start|p2a: Ditto|Salt Cure\n|\n|-heal|p1a: Garganacl|82\/100|[from] item: Leftovers\n|-damage|p2a: Ditto|72\/100|[from] Salt Cure\n|-damage|p1a: Garganacl|70\/100|[from] Salt Cure\n|upkeep\n|turn|39\n|\n|t:|1700695713\n|move|p2a: Ditto|Body Press|p1a: Garganacl\n|-resisted|p1a: Garganacl\n|-damage|p1a: Garganacl|62\/100\n|move|p1a: Garganacl|Salt Cure|p2a: Ditto\n|-damage|p2a: Ditto|68\/100\n|\n|-heal|p1a: Garganacl|68\/100|[from] item: Leftovers\n|-damage|p2a: Ditto|56\/100|[from] Salt Cure\n|-damage|p1a: Garganacl|56\/100|[from] Salt Cure\n|upkeep\n|turn|40\n|\n|t:|1700695720\n|switch|p2a: Alomomola|Alomomola, F|82\/100\n|move|p1a: Garganacl|Iron Defense|p1a: Garganacl\n|-boost|p1a: Garganacl|def|0\n|\n|-heal|p1a: Garganacl|62\/100|[from] item: Leftovers\n|-damage|p1a: Garganacl|50\/100|[from] Salt Cure\n|upkeep\n|turn|41\n|\n|t:|1700695725\n|move|p2a: Alomomola|Wish|p2a: Alomomola\n|move|p1a: Garganacl|Recover|p1a: Garganacl\n|-heal|p1a: Garganacl|99\/100\n|\n|-heal|p1a: Garganacl|100\/100|[from] item: Leftovers\n|-damage|p1a: Garganacl|88\/100|[from] Salt Cure\n|upkeep\n|turn|42\n|\n|t:|1700695727\n|move|p2a: Alomomola|Flip Turn|p1a: Garganacl\n|-damage|p1a: Garganacl|85\/100\n|\n|t:|1700695729\n|switch|p2a: Ditto|Ditto, tera:Ghost|56\/100|[from] Flip Turn\n|-transform|p2a: Ditto|p1a: Garganacl|[from] ability: Imposter\n|move|p1a: Garganacl|Body Press|p2a: Ditto\n|-immune|p2a: Ditto\n|\n|-heal|p2a: Ditto|100\/100|[from] move: Wish|[wisher] Alomomola\n|-heal|p1a: Garganacl|91\/100|[from] item: Leftovers\n|-damage|p1a: Garganacl|79\/100|[from] Salt Cure\n|upkeep\n|turn|43\n|-message|hadahada forfeited.\n|\n|win|Yuanshen61\u6211\u8981\u73a9\u539f\u795e\n|raw|hadahada's rating: 1636 &rarr; <strong>1607<\/strong><br \/>(-29 for losing)\n|raw|Yuanshen61\u6211\u8981\u73a9\u539f\u795e's rating: 1469 &rarr; <strong>1498<\/strong><br \/>(+29 for winning)\n|l|\u2606hadahada\n","uploadtime":1700695738,"views":3,"p1id":"hadahada","p2id":"yuanshen61","formatid":"gen9nationaldex","rating":1498,"private":0,"password":""}