{"id":"gen9nationaldex-1995024132","p1":"sittingduck1080","p2":"Takete72","format":"[Gen 9] National Dex","log":"|html|<div class=\"broadcast-blue\"><strong>[Gen 9] National Dex is currently suspecting Sneasler! For information on how to participate check out the <a href=\"https:\/\/www.smogon.com\/forums\/threads\/sv-national-dex-suspect-8-just-dance.3731534\/\">suspect thread<\/a>.<\/strong><\/div>\n|j|\u2606sittingduck1080\n|j|\u2606Takete72\n|t:|1700514488\n|gametype|singles\n|player|p1|sittingduck1080|rocketgrunt|1378\n|player|p2|Takete72|backpacker|1417\n|teamsize|p1|6\n|teamsize|p2|6\n|gen|9\n|tier|[Gen 9] National Dex\n|rated|\n|rule|HP Percentage Mod: HP is shown in percentages\n|rule|Endless Battle Clause: Forcing endless battles is banned\n|rule|OHKO Clause: OHKO moves are banned\n|rule|Evasion Clause: Evasion abilities, items, and moves are banned\n|rule|Evasion Abilities Clause: Evasion abilities are banned\n|rule|Evasion Items Clause: Evasion items are banned\n|rule|Evasion Moves Clause: Evasion moves are banned\n|rule|Species Clause: Limit one of each Pok\u00e9mon\n|rule|Sleep Clause Mod: Limit one foe put to sleep\n|clearpoke\n|poke|p1|Heatran, F|\n|poke|p1|Scizor, M|\n|poke|p1|Tornadus-Therian, M|\n|poke|p1|Slowbro, M|\n|poke|p1|Gliscor, M|\n|poke|p1|Iron Valiant|\n|poke|p2|Aegislash, F|\n|poke|p2|Torterra, M|\n|poke|p2|Gyarados, F|\n|poke|p2|Kommo-o, M|\n|poke|p2|Togekiss, F|\n|poke|p2|Volcarona, F|\n|teampreview\n|inactive|Battle timer is ON: inactive players will automatically lose when time's up. (requested by sittingduck1080)\n|\n|t:|1700514515\n|start\n|switch|p1a: Gliscor|Gliscor, M|100\/100\n|switch|p2a: Kommo-o|Kommo-o, M|100\/100\n|turn|1\n|\n|t:|1700514523\n|-zpower|p2a: Kommo-o\n|move|p2a: Kommo-o|Clangorous Soulblaze|p1a: Gliscor|[zeffect]\n|-damage|p1a: Gliscor|3\/100\n|-boost|p2a: Kommo-o|atk|1\n|-boost|p2a: Kommo-o|def|1\n|-boost|p2a: Kommo-o|spa|1\n|-boost|p2a: Kommo-o|spd|1\n|-boost|p2a: Kommo-o|spe|1\n|move|p1a: Gliscor|Toxic|p2a: Kommo-o\n|-status|p2a: Kommo-o|tox\n|\n|-damage|p2a: Kommo-o|94\/100 tox|[from] psn\n|-status|p1a: Gliscor|tox|[from] item: Toxic Orb\n|upkeep\n|turn|2\n|\n|t:|1700514542\n|move|p1a: Gliscor|Protect|p1a: Gliscor\n|-singleturn|p1a: Gliscor|Protect\n|move|p2a: Kommo-o|Flash Cannon|p1a: Gliscor\n|-activate|p1a: Gliscor|move: Protect\n|\n|-damage|p2a: Kommo-o|82\/100 tox|[from] psn\n|-heal|p1a: Gliscor|15\/100 tox|[from] ability: Poison Heal\n|upkeep\n|turn|3\n|\n|t:|1700514559\n|switch|p1a: Heatran|Heatran, F|100\/100\n|move|p2a: Kommo-o|Shock Wave|p1a: Heatran\n|-damage|p1a: Heatran|84\/100\n|\n|-heal|p1a: Heatran|90\/100|[from] item: Leftovers\n|-damage|p2a: Kommo-o|63\/100 tox|[from] psn\n|upkeep\n|turn|4\n|\n|t:|1700514570\n|move|p1a: Heatran|Protect|p1a: Heatran\n|-singleturn|p1a: Heatran|Protect\n|move|p2a: Kommo-o|Aura Sphere|p1a: Heatran\n|-activate|p1a: Heatran|move: Protect\n|\n|-heal|p1a: Heatran|96\/100|[from] item: Leftovers\n|-damage|p2a: Kommo-o|39\/100 tox|[from] psn\n|upkeep\n|turn|5\n|\n|t:|1700514587\n|switch|p1a: Slowbro|Slowbro, M|100\/100\n|move|p2a: Kommo-o|Aura Sphere|p1a: Slowbro\n|-resisted|p1a: Slowbro\n|-damage|p1a: Slowbro|73\/100\n|\n|-damage|p2a: Kommo-o|8\/100 tox|[from] psn\n|upkeep\n|turn|6\n|\n|t:|1700514603\n|switch|p1a: Heatran|Heatran, F|96\/100\n|move|p2a: Kommo-o|Shock Wave|p1a: Heatran\n|-damage|p1a: Heatran|78\/100\n|\n|-heal|p1a: Heatran|84\/100|[from] item: Leftovers\n|-damage|p2a: Kommo-o|0 fnt|[from] psn\n|faint|p2a: Kommo-o\n|upkeep\n|\n|t:|1700514619\n|switch|p2a: Togekiss|Togekiss, F|100\/100\n|turn|7\n|\n|t:|1700514629\n|move|p1a: Heatran|Toxic|p2a: Togekiss\n|-status|p2a: Togekiss|tox\n|move|p2a: Togekiss|Thunder Wave|p1a: Heatran\n|-status|p1a: Heatran|par\n|\n|-heal|p1a: Heatran|91\/100 par|[from] item: Leftovers\n|-damage|p2a: Togekiss|94\/100 tox|[from] psn\n|upkeep\n|turn|8\n|\n|t:|1700514639\n|switch|p2a: Gyarados|Gyarados, F, shiny|100\/100\n|-ability|p2a: Gyarados|Intimidate|boost\n|-unboost|p1a: Heatran|atk|1\n|move|p1a: Heatran|Magma Storm|p2a: Gyarados\n|-resisted|p2a: Gyarados\n|-damage|p2a: Gyarados|78\/100\n|-activate|p2a: Gyarados|move: Magma Storm|[of] p1a: Heatran\n|\n|-heal|p1a: Heatran|97\/100 par|[from] item: Leftovers\n|-damage|p2a: Gyarados|66\/100|[from] move: Magma Storm|[partiallytrapped]\n|upkeep\n|turn|9\n|\n|t:|1700514663\n|switch|p1a: Scizor|Scizor, M|100\/100\n|move|p2a: Gyarados|Dragon Dance|p2a: Gyarados\n|-boost|p2a: Gyarados|atk|1\n|-boost|p2a: Gyarados|spe|1\n|\n|-end|p2a: Gyarados|Magma Storm|[partiallytrapped]|[silent]\n|upkeep\n|turn|10\n|\n|t:|1700514680\n|detailschange|p1a: Scizor|Scizor-Mega, M\n|-mega|p1a: Scizor|Scizor|Scizorite\n|move|p2a: Gyarados|Waterfall|p1a: Scizor\n|-crit|p1a: Scizor\n|-damage|p1a: Scizor|39\/100\n|move|p1a: Scizor|U-turn|p2a: Gyarados\n|-resisted|p2a: Gyarados\n|-damage|p2a: Gyarados|45\/100\n|inactive|sittingduck1080 has 120 seconds left.\n|\n|t:|1700514696\n|switch|p1a: Iron Valiant|Iron Valiant|100\/100|[from] U-turn\n|-enditem|p1a: Iron Valiant|Booster Energy\n|-activate|p1a: Iron Valiant|ability: Quark Drive|[fromitem]\n|-start|p1a: Iron Valiant|quarkdrivespe\n|\n|upkeep\n|turn|11\n|\n|t:|1700514707\n|detailschange|p2a: Gyarados|Gyarados-Mega, F, shiny\n|-mega|p2a: Gyarados|Gyarados|Gyaradosite\n|-ability|p2a: Gyarados|Mold Breaker\n|move|p1a: Iron Valiant|Spirit Break|p2a: Gyarados\n|-supereffective|p2a: Gyarados\n|-damage|p2a: Gyarados|0 fnt\n|faint|p2a: Gyarados\n|\n|upkeep\n|\n|t:|1700514719\n|switch|p2a: Aegislash|Aegislash, F, shiny|100\/100\n|turn|12\n|inactive|sittingduck1080 has 120 seconds left.\n|\n|t:|1700514751\n|-end|p1a: Iron Valiant|Quark Drive|[silent]\n|switch|p1a: Heatran|Heatran, F|97\/100 par\n|move|p2a: Aegislash|Swords Dance|p2a: Aegislash\n|-boost|p2a: Aegislash|atk|2\n|\n|-heal|p1a: Heatran|100\/100 par|[from] item: Leftovers\n|upkeep\n|turn|13\n|inactive|sittingduck1080 has 120 seconds left.\n|\n|t:|1700514767\n|move|p2a: Aegislash|Swords Dance|p2a: Aegislash\n|-boost|p2a: Aegislash|atk|2\n|move|p1a: Heatran|Magma Storm|p2a: Aegislash\n|-supereffective|p2a: Aegislash\n|-damage|p2a: Aegislash|39\/100\n|-activate|p2a: Aegislash|move: Magma Storm|[of] p1a: Heatran\n|\n|-damage|p2a: Aegislash|26\/100|[from] move: Magma Storm|[partiallytrapped]\n|upkeep\n|turn|14\n|inactive|sittingduck1080 has 120 seconds left.\n|\n|t:|1700514778\n|cant|p1a: Heatran|par\n|-formechange|p2a: Aegislash|Aegislash-Blade||[from] ability: Stance Change\n|move|p2a: Aegislash|Shadow Sneak|p1a: Heatran\n|-damage|p1a: Heatran|48\/100 par\n|\n|-heal|p1a: Heatran|55\/100 par|[from] item: Leftovers\n|-damage|p2a: Aegislash|14\/100|[from] move: Magma Storm|[partiallytrapped]\n|upkeep\n|turn|15\n|\n|t:|1700514789\n|move|p1a: Heatran|Protect|p1a: Heatran\n|-singleturn|p1a: Heatran|Protect\n|move|p2a: Aegislash|Shadow Sneak|p1a: Heatran\n|-activate|p1a: Heatran|move: Protect\n|\n|-heal|p1a: Heatran|61\/100 par|[from] item: Leftovers\n|-damage|p2a: Aegislash|2\/100|[from] move: Magma Storm|[partiallytrapped]\n|upkeep\n|turn|16\n|\n|t:|1700514804\n|move|p2a: Aegislash|Gyro Ball|p1a: Heatran\n|-resisted|p1a: Heatran\n|-damage|p1a: Heatran|52\/100 par\n|move|p1a: Heatran|Earth Power|p2a: Aegislash\n|-supereffective|p2a: Aegislash\n|-damage|p2a: Aegislash|0 fnt\n|faint|p2a: Aegislash\n|\n|-heal|p1a: Heatran|59\/100 par|[from] item: Leftovers\n|upkeep\n|\n|t:|1700514813\n|switch|p2a: Torterra|Torterra, M|100\/100\n|turn|17\n|\n|t:|1700514824\n|-terastallize|p2a: Torterra|Steel\n|move|p2a: Torterra|Shell Smash|p2a: Torterra\n|-unboost|p2a: Torterra|def|1\n|-unboost|p2a: Torterra|spd|1\n|-boost|p2a: Torterra|atk|2\n|-boost|p2a: Torterra|spa|2\n|-boost|p2a: Torterra|spe|2\n|-enditem|p2a: Torterra|White Herb\n|-clearnegativeboost|p2a: Torterra|[silent]\n|cant|p1a: Heatran|par\n|\n|-heal|p1a: Heatran|65\/100 par|[from] item: Leftovers\n|upkeep\n|turn|18\n|inactive|sittingduck1080 has 120 seconds left.\n|\n|t:|1700514854\n|-terastallize|p1a: Heatran|Grass\n|move|p2a: Torterra|Earthquake|p1a: Heatran\n|-resisted|p1a: Heatran\n|-damage|p1a: Heatran|24\/100 par\n|move|p1a: Heatran|Magma Storm|p2a: Torterra\n|-supereffective|p2a: Torterra\n|-damage|p2a: Torterra|3\/100\n|-activate|p2a: Torterra|move: Magma Storm|[of] p1a: Heatran\n|\n|-heal|p1a: Heatran|31\/100 par|[from] item: Leftovers\n|-damage|p2a: Torterra|0 fnt|[from] move: Magma Storm|[partiallytrapped]\n|faint|p2a: Torterra\n|upkeep\n|\n|t:|1700514861\n|switch|p2a: Volcarona|Volcarona, F, shiny|100\/100\n|turn|19\n|inactive|sittingduck1080 has 120 seconds left.\n|\n|t:|1700514872\n|move|p2a: Volcarona|Quiver Dance|p2a: Volcarona\n|-boost|p2a: Volcarona|spa|1\n|-boost|p2a: Volcarona|spd|1\n|-boost|p2a: Volcarona|spe|1\n|move|p1a: Heatran|Toxic|p2a: Volcarona\n|-status|p2a: Volcarona|tox\n|\n|-heal|p1a: Heatran|37\/100 par|[from] item: Leftovers\n|-damage|p2a: Volcarona|94\/100 tox|[from] psn\n|upkeep\n|turn|20\n|inactive|sittingduck1080 has 120 seconds left.\n|\n|t:|1700514885\n|cant|p1a: Heatran|par\n|move|p2a: Volcarona|Bug Buzz|p1a: Heatran\n|-supereffective|p1a: Heatran\n|-damage|p1a: Heatran|0 fnt\n|faint|p1a: Heatran\n|\n|-damage|p2a: Volcarona|82\/100 tox|[from] psn\n|upkeep\n|inactive|sittingduck1080 has 120 seconds left.\n|\n|t:|1700514895\n|switch|p1a: Gliscor|Gliscor, M|15\/100 tox\n|turn|21\n|\n|t:|1700514907\n|switch|p2a: Togekiss|Togekiss, F|94\/100 tox\n|move|p1a: Gliscor|Protect||[still]\n|-fail|p1a: Gliscor\n|\n|-heal|p2a: Togekiss|100\/100 tox|[from] item: Leftovers\n|-heal|p1a: Gliscor|28\/100 tox|[from] ability: Poison Heal\n|-damage|p2a: Togekiss|94\/100 tox|[from] psn\n|upkeep\n|turn|22\n|\n|t:|1700514923\n|move|p1a: Gliscor|Stealth Rock|p2a: Togekiss\n|-sidestart|p2: Takete72|move: Stealth Rock\n|move|p2a: Togekiss|Dazzling Gleam|p1a: Gliscor\n|-damage|p1a: Gliscor|0 fnt\n|faint|p1a: Gliscor\n|\n|-heal|p2a: Togekiss|100\/100 tox|[from] item: Leftovers\n|-damage|p2a: Togekiss|88\/100 tox|[from] psn\n|upkeep\n|\n|t:|1700514934\n|switch|p1a: Scizor|Scizor-Mega, M|39\/100\n|turn|23\n|\n|t:|1700514939\n|move|p1a: Scizor|Bullet Punch|p2a: Togekiss\n|-supereffective|p2a: Togekiss\n|-damage|p2a: Togekiss|32\/100 tox\n|move|p2a: Togekiss|Thunder Wave|p1a: Scizor\n|-status|p1a: Scizor|par\n|\n|-heal|p2a: Togekiss|38\/100 tox|[from] item: Leftovers\n|-damage|p2a: Togekiss|20\/100 tox|[from] psn\n|upkeep\n|turn|24\n|\n|t:|1700514954\n|move|p1a: Scizor|Bullet Punch|p2a: Togekiss\n|-supereffective|p2a: Togekiss\n|-damage|p2a: Togekiss|0 fnt\n|faint|p2a: Togekiss\n|\n|upkeep\n|\n|t:|1700514961\n|switch|p2a: Volcarona|Volcarona, F, shiny|82\/100 tox\n|turn|25\n|\n|t:|1700514969\n|move|p1a: Scizor|Bullet Punch|p2a: Volcarona\n|-resisted|p2a: Volcarona\n|-damage|p2a: Volcarona|59\/100 tox\n|move|p2a: Volcarona|Quiver Dance|p2a: Volcarona\n|-boost|p2a: Volcarona|spa|1\n|-boost|p2a: Volcarona|spd|1\n|-boost|p2a: Volcarona|spe|1\n|\n|-damage|p2a: Volcarona|53\/100 tox|[from] psn\n|upkeep\n|turn|26\n|\n|t:|1700514980\n|move|p1a: Scizor|Bullet Punch|p2a: Volcarona\n|-resisted|p2a: Volcarona\n|-crit|p2a: Volcarona\n|-damage|p2a: Volcarona|21\/100 tox\n|move|p2a: Volcarona|Flamethrower|p1a: Scizor\n|-supereffective|p1a: Scizor\n|-damage|p1a: Scizor|0 fnt\n|faint|p1a: Scizor\n|\n|-damage|p2a: Volcarona|9\/100 tox|[from] psn\n|upkeep\n|\n|t:|1700514991\n|switch|p1a: Slowbro|Slowbro, M|100\/100\n|turn|27\n|\n|t:|1700514998\n|switch|p1a: Tornadus|Tornadus-Therian, M|100\/100\n|move|p2a: Volcarona|Bug Buzz|p1a: Tornadus\n|-resisted|p1a: Tornadus\n|-damage|p1a: Tornadus|61\/100\n|\n|-damage|p2a: Volcarona|0 fnt|[from] psn\n|faint|p2a: Volcarona\n|\n|win|sittingduck1080\n|upkeep\n|raw|sittingduck1080's rating: 1378 &rarr; <strong>1400<\/strong><br \/>(+22 for winning)\n|raw|Takete72's rating: 1417 &rarr; <strong>1395<\/strong><br \/>(-22 for losing)\n|l|\u2606Takete72\n","uploadtime":1700515019,"views":4,"p1id":"sittingduck1080","p2id":"takete72","formatid":"gen9nationaldex","rating":1395,"private":0,"password":""}