{"id":"gen9nationaldex-1988898825","p1":"Freedom Demon","p2":"XYStarshine.\u661f\u8000","format":"[Gen 9] National Dex","log":"|j|\u2606Freedom Demon\n|j|\u2606XYStarshine.\u661f\u8000\n|t:|1699783729\n|gametype|singles\n|player|p1|Freedom Demon|gambler|1552\n|player|p2|XYStarshine.\u661f\u8000|psychic-lgpe|1626\n|teamsize|p1|6\n|teamsize|p2|6\n|gen|9\n|tier|[Gen 9] National Dex\n|rated|\n|rule|HP Percentage Mod: HP is shown in percentages\n|rule|Endless Battle Clause: Forcing endless battles is banned\n|rule|OHKO Clause: OHKO moves are banned\n|rule|Evasion Clause: Evasion abilities, items, and moves are banned\n|rule|Evasion Abilities Clause: Evasion abilities are banned\n|rule|Evasion Items Clause: Evasion items are banned\n|rule|Evasion Moves Clause: Evasion moves are banned\n|rule|Species Clause: Limit one of each Pok\u00e9mon\n|rule|Sleep Clause Mod: Limit one foe put to sleep\n|clearpoke\n|poke|p1|Sneasler, M|\n|poke|p1|Hoopa-Unbound|\n|poke|p1|Corviknight, M|\n|poke|p1|Rillaboom, F|\n|poke|p1|Banette, M|\n|poke|p1|Alomomola, F|\n|poke|p2|Ceruledge, M|\n|poke|p2|Great Tusk|\n|poke|p2|Iron Valiant|\n|poke|p2|Banette, F|\n|poke|p2|Volcanion|\n|poke|p2|Serperior, F|\n|teampreview\n|\n|t:|1699783742\n|start\n|switch|p1a: \u72c2\u86ee\u9b54\u5c0a|Hoopa-Unbound|100\/100\n|switch|p2a: Volcanion|Volcanion|100\/100\n|turn|1\n|\n|t:|1699783756\n|move|p2a: Volcanion|Steam Eruption|p1a: \u72c2\u86ee\u9b54\u5c0a\n|-damage|p1a: \u72c2\u86ee\u9b54\u5c0a|57\/100\n|move|p1a: \u72c2\u86ee\u9b54\u5c0a|Thunderbolt|p2a: Volcanion\n|-supereffective|p2a: Volcanion\n|-damage|p2a: Volcanion|0 fnt\n|faint|p2a: Volcanion\n|\n|upkeep\n|\n|t:|1699783769\n|switch|p2a: Banette|Banette, F, shiny|100\/100\n|-item|p1a: \u72c2\u86ee\u9b54\u5c0a|Choice Specs|[from] ability: Frisk|[of] p2a: Banette|[identify]\n|turn|2\n|\n|t:|1699783783\n|switch|p1a: \u5143\u83b2\u4ed9\u5c0a|Rillaboom, F|100\/100\n|-fieldstart|move: Grassy Terrain|[from] ability: Grassy Surge|[of] p1a: \u5143\u83b2\u4ed9\u5c0a\n|detailschange|p2a: Banette|Banette-Mega, F, shiny\n|-mega|p2a: Banette|Banette|Banettite\n|move|p2a: Banette|Poltergeist|p1a: \u5143\u83b2\u4ed9\u5c0a\n|-activate|p1a: \u5143\u83b2\u4ed9\u5c0a|move: Poltergeist|Meadow Plate\n|-damage|p1a: \u5143\u83b2\u4ed9\u5c0a|31\/100\n|\n|-heal|p1a: \u5143\u83b2\u4ed9\u5c0a|37\/100|[from] Grassy Terrain\n|upkeep\n|turn|3\n|\n|t:|1699783799\n|switch|p2a: Ceruledge|Ceruledge, M|100\/100\n|switch|p1a: Alomomola|Alomomola, F|100\/100\n|\n|upkeep\n|turn|4\n|\n|t:|1699783806\n|switch|p2a: Serperior|Serperior, F, shiny|100\/100\n|move|p1a: Alomomola|Toxic|p2a: Serperior\n|-status|p2a: Serperior|tox\n|\n|-damage|p2a: Serperior|94\/100 tox|[from] psn\n|upkeep\n|turn|5\n|\n|t:|1699783823\n|move|p1a: Alomomola|Protect|p1a: Alomomola\n|-singleturn|p1a: Alomomola|Protect\n|move|p2a: Serperior|Leaf Storm|p1a: Alomomola\n|-activate|p1a: Alomomola|move: Protect\n|\n|-heal|p2a: Serperior|100\/100 tox|[from] Grassy Terrain\n|-damage|p2a: Serperior|88\/100 tox|[from] psn\n|upkeep\n|turn|6\n|\n|t:|1699783833\n|move|p2a: Serperior|Glare|p1a: Alomomola\n|-status|p1a: Alomomola|par\n|move|p1a: Alomomola|Wish|p1a: Alomomola\n|\n|-heal|p2a: Serperior|94\/100 tox|[from] Grassy Terrain\n|-heal|p2a: Serperior|100\/100 tox|[from] item: Leftovers\n|-damage|p2a: Serperior|82\/100 tox|[from] psn\n|-fieldend|move: Grassy Terrain\n|upkeep\n|turn|7\n|\n|t:|1699783837\n|move|p1a: Alomomola|Protect|p1a: Alomomola\n|-singleturn|p1a: Alomomola|Protect\n|move|p2a: Serperior|Substitute|p2a: Serperior\n|-start|p2a: Serperior|Substitute\n|-damage|p2a: Serperior|57\/100 tox\n|\n|-heal|p2a: Serperior|63\/100 tox|[from] item: Leftovers\n|-damage|p2a: Serperior|39\/100 tox|[from] psn\n|upkeep\n|turn|8\n|\n|t:|1699783846\n|-terastallize|p1a: Alomomola|Dragon\n|move|p2a: Serperior|Leaf Storm|p1a: Alomomola|[miss]\n|-miss|p2a: Serperior|p1a: Alomomola\n|cant|p1a: Alomomola|par\n|\n|-heal|p2a: Serperior|45\/100 tox|[from] item: Leftovers\n|-damage|p2a: Serperior|14\/100 tox|[from] psn\n|upkeep\n|turn|9\n|\n|t:|1699783859\n|switch|p2a: Iron Valiant|Iron Valiant, shiny|100\/100\n|-enditem|p2a: Iron Valiant|Booster Energy\n|-activate|p2a: Iron Valiant|ability: Quark Drive|[fromitem]\n|-start|p2a: Iron Valiant|quarkdrivespe\n|move|p1a: Alomomola|Flip Turn|p2a: Iron Valiant\n|-damage|p2a: Iron Valiant|79\/100\n|\n|t:|1699783878\n|switch|p1a: \u76d7\u5929\u9b54\u5c0a|Corviknight, M|100\/100|[from] Flip Turn\n|-ability|p1a: \u76d7\u5929\u9b54\u5c0a|Pressure\n|\n|upkeep\n|turn|10\n|\n|t:|1699783884\n|-terastallize|p2a: Iron Valiant|Steel\n|move|p2a: Iron Valiant|Swords Dance|p2a: Iron Valiant\n|-boost|p2a: Iron Valiant|atk|2\n|move|p1a: \u76d7\u5929\u9b54\u5c0a|Brave Bird|p2a: Iron Valiant\n|-resisted|p2a: Iron Valiant\n|-damage|p2a: Iron Valiant|57\/100\n|-damage|p1a: \u76d7\u5929\u9b54\u5c0a|95\/100|[from] Recoil\n|\n|upkeep\n|turn|11\n|\n|t:|1699783890\n|move|p2a: Iron Valiant|Encore|p1a: \u76d7\u5929\u9b54\u5c0a\n|-start|p1a: \u76d7\u5929\u9b54\u5c0a|Encore\n|move|p1a: \u76d7\u5929\u9b54\u5c0a|Brave Bird|p2a: Iron Valiant\n|-resisted|p2a: Iron Valiant\n|-damage|p2a: Iron Valiant|34\/100\n|-damage|p1a: \u76d7\u5929\u9b54\u5c0a|90\/100|[from] Recoil\n|\n|upkeep\n|turn|12\n|\n|t:|1699783913\n|switch|p1a: Banette|Banette, M|100\/100\n|move|p2a: Iron Valiant|Knock Off|p1a: Banette\n|-supereffective|p1a: Banette\n|-damage|p1a: Banette|0 fnt\n|faint|p1a: Banette\n|\n|upkeep\n|\n|t:|1699783935\n|switch|p1a: Alomomola|Alomomola, F, tera:Dragon|100\/100 par\n|turn|13\n|\n|t:|1699783968\n|move|p2a: Iron Valiant|Knock Off|p1a: Alomomola\n|-damage|p1a: Alomomola|61\/100 par\n|-enditem|p1a: Alomomola|Heavy-Duty Boots|[from] move: Knock Off|[of] p2a: Iron Valiant\n|move|p1a: Alomomola|Flip Turn|p2a: Iron Valiant\n|-damage|p2a: Iron Valiant|14\/100\n|\n|t:|1699783972\n|switch|p1a: \u5143\u83b2\u4ed9\u5c0a|Rillaboom, F|37\/100|[from] Flip Turn\n|-fieldstart|move: Grassy Terrain|[from] ability: Grassy Surge|[of] p1a: \u5143\u83b2\u4ed9\u5c0a\n|\n|-heal|p2a: Iron Valiant|20\/100|[from] Grassy Terrain\n|-heal|p1a: \u5143\u83b2\u4ed9\u5c0a|44\/100|[from] Grassy Terrain\n|upkeep\n|turn|14\n|\n|t:|1699783977\n|-end|p2a: Iron Valiant|Quark Drive|[silent]\n|switch|p2a: Ceruledge|Ceruledge, M|100\/100\n|move|p1a: \u5143\u83b2\u4ed9\u5c0a|Grassy Glide|p2a: Ceruledge\n|-resisted|p2a: Ceruledge\n|-damage|p2a: Ceruledge|64\/100\n|-ability|p2a: Ceruledge|Weak Armor|boost\n|-unboost|p2a: Ceruledge|def|1\n|-boost|p2a: Ceruledge|spe|2\n|\n|-heal|p2a: Ceruledge|71\/100|[from] Grassy Terrain\n|-heal|p1a: \u5143\u83b2\u4ed9\u5c0a|50\/100|[from] Grassy Terrain\n|upkeep\n|turn|15\n|\n|t:|1699783990\n|move|p1a: \u5143\u83b2\u4ed9\u5c0a|Grassy Glide|p2a: Ceruledge\n|-resisted|p2a: Ceruledge\n|-damage|p2a: Ceruledge|22\/100\n|-ability|p2a: Ceruledge|Weak Armor|boost\n|-unboost|p2a: Ceruledge|def|1\n|-boost|p2a: Ceruledge|spe|2\n|move|p2a: Ceruledge|Bitter Blade|p1a: \u5143\u83b2\u4ed9\u5c0a\n|-supereffective|p1a: \u5143\u83b2\u4ed9\u5c0a\n|-damage|p1a: \u5143\u83b2\u4ed9\u5c0a|0 fnt\n|-heal|p2a: Ceruledge|56\/100|[from] drain|[of] p1a: \u5143\u83b2\u4ed9\u5c0a\n|faint|p1a: \u5143\u83b2\u4ed9\u5c0a\n|\n|-heal|p2a: Ceruledge|62\/100|[from] Grassy Terrain\n|upkeep\n|\n|t:|1699784003\n|switch|p1a: \u5e7d\u9b42\u9b54\u5c0a|Sneasler, M|100\/100\n|-enditem|p1a: \u5e7d\u9b42\u9b54\u5c0a|Grassy Seed\n|-boost|p1a: \u5e7d\u9b42\u9b54\u5c0a|def|1|[from] item: Grassy Seed\n|turn|16\n|\n|t:|1699784013\n|move|p2a: Ceruledge|Endure|p2a: Ceruledge\n|-singleturn|p2a: Ceruledge|move: Endure\n|move|p1a: \u5e7d\u9b42\u9b54\u5c0a|Acrobatics|p2a: Ceruledge\n|-activate|p2a: Ceruledge|move: Endure\n|-damage|p2a: Ceruledge|1\/100\n|-ability|p2a: Ceruledge|Weak Armor|boost\n|-unboost|p2a: Ceruledge|def|1\n|-boost|p2a: Ceruledge|spe|2\n|\n|-heal|p2a: Ceruledge|7\/100|[from] Grassy Terrain\n|upkeep\n|turn|17\n|\n|t:|1699784030\n|move|p2a: Ceruledge|Bitter Blade|p1a: \u5e7d\u9b42\u9b54\u5c0a\n|-damage|p1a: \u5e7d\u9b42\u9b54\u5c0a|46\/100\n|-heal|p2a: Ceruledge|36\/100|[from] drain|[of] p1a: \u5e7d\u9b42\u9b54\u5c0a\n|move|p1a: \u5e7d\u9b42\u9b54\u5c0a|Acrobatics|p2a: Ceruledge\n|-damage|p2a: Ceruledge|0 fnt\n|faint|p2a: Ceruledge\n|\n|-heal|p1a: \u5e7d\u9b42\u9b54\u5c0a|52\/100|[from] Grassy Terrain\n|-fieldend|move: Grassy Terrain\n|upkeep\n|\n|t:|1699784034\n|switch|p2a: Great Tusk|Great Tusk|100\/100\n|-enditem|p2a: Great Tusk|Booster Energy\n|-activate|p2a: Great Tusk|ability: Protosynthesis|[fromitem]\n|-start|p2a: Great Tusk|protosynthesisspe\n|turn|18\n|\n|t:|1699784039\n|move|p1a: \u5e7d\u9b42\u9b54\u5c0a|Acrobatics|p2a: Great Tusk\n|-supereffective|p2a: Great Tusk\n|-damage|p2a: Great Tusk|49\/100\n|move|p2a: Great Tusk|Headlong Rush|p1a: \u5e7d\u9b42\u9b54\u5c0a\n|-supereffective|p1a: \u5e7d\u9b42\u9b54\u5c0a\n|-damage|p1a: \u5e7d\u9b42\u9b54\u5c0a|0 fnt\n|-unboost|p2a: Great Tusk|def|1\n|-unboost|p2a: Great Tusk|spd|1\n|faint|p1a: \u5e7d\u9b42\u9b54\u5c0a\n|\n|upkeep\n|\n|t:|1699784048\n|switch|p1a: \u76d7\u5929\u9b54\u5c0a|Corviknight, M|90\/100\n|-ability|p1a: \u76d7\u5929\u9b54\u5c0a|Pressure\n|turn|19\n|\n|t:|1699784060\n|-end|p2a: Great Tusk|Protosynthesis|[silent]\n|switch|p2a: Banette|Banette-Mega, F, shiny|100\/100\n|move|p1a: \u76d7\u5929\u9b54\u5c0a|Brave Bird|p2a: Banette\n|-damage|p2a: Banette|45\/100\n|-damage|p1a: \u76d7\u5929\u9b54\u5c0a|76\/100|[from] Recoil\n|\n|upkeep\n|turn|20\n|\n|t:|1699784070\n|switch|p2a: Serperior|Serperior, F, shiny|14\/100 tox\n|move|p1a: \u76d7\u5929\u9b54\u5c0a|Brave Bird|p2a: Serperior\n|-supereffective|p2a: Serperior\n|-damage|p2a: Serperior|0 fnt\n|faint|p2a: Serperior\n|-damage|p1a: \u76d7\u5929\u9b54\u5c0a|73\/100|[from] Recoil\n|\n|upkeep\n|\n|t:|1699784077\n|switch|p2a: Iron Valiant|Iron Valiant, shiny, tera:Steel|20\/100\n|turn|21\n|\n|t:|1699784079\n|move|p2a: Iron Valiant|Close Combat|p1a: \u76d7\u5929\u9b54\u5c0a\n|-damage|p1a: \u76d7\u5929\u9b54\u5c0a|38\/100\n|-unboost|p2a: Iron Valiant|def|1\n|-unboost|p2a: Iron Valiant|spd|1\n|-damage|p2a: Iron Valiant|3\/100|[from] item: Rocky Helmet|[of] p1a: \u76d7\u5929\u9b54\u5c0a\n|move|p1a: \u76d7\u5929\u9b54\u5c0a|Brave Bird|p2a: Iron Valiant\n|-resisted|p2a: Iron Valiant\n|-damage|p2a: Iron Valiant|0 fnt\n|faint|p2a: Iron Valiant\n|-end|p2a: Iron Valiant|Quark Drive|[silent]\n|-damage|p1a: \u76d7\u5929\u9b54\u5c0a|38\/100|[from] Recoil\n|\n|upkeep\n|\n|t:|1699784083\n|switch|p2a: Banette|Banette-Mega, F, shiny|45\/100\n|turn|22\n|\n|t:|1699784085\n|move|p2a: Banette|Poltergeist|p1a: \u76d7\u5929\u9b54\u5c0a\n|-activate|p1a: \u76d7\u5929\u9b54\u5c0a|move: Poltergeist|Rocky Helmet\n|-damage|p1a: \u76d7\u5929\u9b54\u5c0a|0 fnt\n|faint|p1a: \u76d7\u5929\u9b54\u5c0a\n|\n|upkeep\n|\n|t:|1699784091\n|switch|p1a: Alomomola|Alomomola, F, tera:Dragon|94\/100 par\n|turn|23\n|\n|t:|1699784096\n|switch|p2a: Great Tusk|Great Tusk|49\/100\n|cant|p1a: Alomomola|par\n|\n|upkeep\n|turn|24\n|\n|t:|1699784105\n|move|p2a: Great Tusk|Ice Spinner|p1a: Alomomola\n|-supereffective|p1a: Alomomola\n|-damage|p1a: Alomomola|67\/100 par\n|move|p1a: Alomomola|Toxic|p2a: Great Tusk\n|-status|p2a: Great Tusk|tox\n|\n|-damage|p2a: Great Tusk|43\/100 tox|[from] psn\n|upkeep\n|turn|25\n|\n|t:|1699784108\n|move|p2a: Great Tusk|Ice Spinner|p1a: Alomomola\n|-supereffective|p1a: Alomomola\n|-damage|p1a: Alomomola|38\/100 par\n|move|p1a: Alomomola|Wish|p1a: Alomomola\n|\n|-damage|p2a: Great Tusk|31\/100 tox|[from] psn\n|upkeep\n|turn|26\n|\n|t:|1699784112\n|-end|p2a: Great Tusk|Protosynthesis|[silent]\n|switch|p2a: Banette|Banette-Mega, F, shiny|45\/100\n|move|p1a: Alomomola|Protect||[still]\n|-fail|p1a: Alomomola\n|\n|-heal|p1a: Alomomola|88\/100 par|[from] move: Wish|[wisher] Alomomola\n|upkeep\n|turn|27\n|\n|t:|1699784116\n|move|p2a: Banette|Encore|p1a: Alomomola\n|-start|p1a: Alomomola|Encore\n|move|p1a: Alomomola|Protect||[still]\n|-fail|p1a: Alomomola\n|\n|upkeep\n|turn|28\n|\n|t:|1699784118\n|switch|p1a: \u72c2\u86ee\u9b54\u5c0a|Hoopa-Unbound|57\/100\n|move|p2a: Banette|Poltergeist|p1a: \u72c2\u86ee\u9b54\u5c0a\n|-activate|p1a: \u72c2\u86ee\u9b54\u5c0a|move: Poltergeist|Choice Specs\n|-damage|p1a: \u72c2\u86ee\u9b54\u5c0a|0 fnt\n|faint|p1a: \u72c2\u86ee\u9b54\u5c0a\n|\n|upkeep\n|\n|t:|1699784125\n|switch|p1a: Alomomola|Alomomola, F, tera:Dragon|100\/100 par\n|turn|29\n|\n|t:|1699784141\n|switch|p2a: Great Tusk|Great Tusk|31\/100 tox\n|move|p1a: Alomomola|Toxic|p2a: Great Tusk\n|-fail|p2a: Great Tusk|tox\n|\n|-damage|p2a: Great Tusk|24\/100 tox|[from] psn\n|upkeep\n|turn|30\n|\n|t:|1699784151\n|move|p2a: Great Tusk|Ice Spinner|p1a: Alomomola\n|-supereffective|p1a: Alomomola\n|-damage|p1a: Alomomola|72\/100 par\n|move|p1a: Alomomola|Toxic|p2a: Great Tusk\n|-fail|p2a: Great Tusk|tox\n|\n|-damage|p2a: Great Tusk|12\/100 tox|[from] psn\n|upkeep\n|turn|31\n|\n|t:|1699784155\n|move|p2a: Great Tusk|Ice Spinner|p1a: Alomomola\n|-supereffective|p1a: Alomomola\n|-damage|p1a: Alomomola|44\/100 par\n|move|p1a: Alomomola|Toxic|p2a: Great Tusk\n|-fail|p2a: Great Tusk|tox\n|\n|-damage|p2a: Great Tusk|0 fnt|[from] psn\n|faint|p2a: Great Tusk\n|-end|p2a: Great Tusk|Protosynthesis|[silent]\n|upkeep\n|\n|t:|1699784158\n|switch|p2a: Banette|Banette-Mega, F, shiny|45\/100\n|turn|32\n|\n|t:|1699784165\n|move|p2a: Banette|Infestation|p1a: Alomomola\n|-damage|p1a: Alomomola|40\/100 par\n|-activate|p1a: Alomomola|move: Infestation|[of] p2a: Banette\n|cant|p1a: Alomomola|par\n|\n|-damage|p1a: Alomomola|27\/100 par|[from] move: Infestation|[partiallytrapped]\n|upkeep\n|turn|33\n|\n|t:|1699784171\n|move|p2a: Banette|Encore|p1a: Alomomola\n|-start|p1a: Alomomola|Encore\n|cant|p1a: Alomomola|par\n|\n|-damage|p1a: Alomomola|15\/100 par|[from] move: Infestation|[partiallytrapped]\n|upkeep\n|turn|34\n|c|\u2606Freedom Demon|\u3002\u3002\n|\n|t:|1699784179\n|move|p2a: Banette|Infestation|p1a: Alomomola\n|-damage|p1a: Alomomola|10\/100 par\n|move|p1a: Alomomola|Toxic|p2a: Banette\n|-status|p2a: Banette|tox\n|\n|-damage|p2a: Banette|39\/100 tox|[from] psn\n|-damage|p1a: Alomomola|0 fnt|[from] move: Infestation|[partiallytrapped]\n|faint|p1a: Alomomola\n|\n|win|XYStarshine.\u661f\u8000\n|upkeep\n|raw|Freedom Demon's rating: 1552 &rarr; <strong>1536<\/strong><br \/>(-16 for losing)\n|raw|XYStarshine.\u661f\u8000's rating: 1626 &rarr; <strong>1642<\/strong><br \/>(+16 for winning)\n|c|\u2606XYStarshine.\u661f\u8000|sry\n|l|\u2606Freedom Demon\n","uploadtime":1699784304,"views":4,"p1id":"freedomdemon","p2id":"xystarshine","formatid":"gen9nationaldex","rating":1536,"private":0,"password":""}