{"id":"gen9nationaldex-1993789623","p1":"akxhdwy","p2":"As cheu","format":"[Gen 9] National Dex","log":"|j|\u2606akxhdwy\n|j|\u2606As cheu\n|t:|1700357504\n|gametype|singles\n|player|p1|akxhdwy|swimmerf|1625\n|player|p2|As cheu|officeworker|1659\n|teamsize|p1|6\n|teamsize|p2|6\n|gen|9\n|tier|[Gen 9] National Dex\n|rated|\n|rule|HP Percentage Mod: HP is shown in percentages\n|rule|Endless Battle Clause: Forcing endless battles is banned\n|rule|OHKO Clause: OHKO moves are banned\n|rule|Evasion Clause: Evasion abilities, items, and moves are banned\n|rule|Evasion Abilities Clause: Evasion abilities are banned\n|rule|Evasion Items Clause: Evasion items are banned\n|rule|Evasion Moves Clause: Evasion moves are banned\n|rule|Species Clause: Limit one of each Pok\u00e9mon\n|rule|Sleep Clause Mod: Limit one foe put to sleep\n|clearpoke\n|poke|p1|Tapu Bulu|\n|poke|p1|Great Tusk|\n|poke|p1|Cresselia, F|\n|poke|p1|Bisharp, M|\n|poke|p1|Zapdos|\n|poke|p1|Heatran, F|\n|poke|p2|Steelix, M|\n|poke|p2|Hatterene, F|\n|poke|p2|Greninja-*, M|\n|poke|p2|Marowak-Alola, M|\n|poke|p2|Medicham, F|\n|poke|p2|Salamence, M|\n|teampreview\n|inactive|Battle timer is ON: inactive players will automatically lose when time's up. (requested by As cheu)\n|j| sleeptaik\n|\n|t:|1700357536\n|start\n|switch|p1a: Tapu Bulu|Tapu Bulu|100\/100\n|switch|p2a: Greninja|Greninja, M|100\/100\n|-fieldstart|move: Grassy Terrain|[from] ability: Grassy Surge|[of] p1a: Tapu Bulu\n|turn|1\n|\n|t:|1700357544\n|move|p2a: Greninja|Ice Beam|p1a: Tapu Bulu\n|-start|p2a: Greninja|typechange|Ice|[from] ability: Protean\n|-supereffective|p1a: Tapu Bulu\n|-damage|p1a: Tapu Bulu|2\/100\n|move|p1a: Tapu Bulu|Stone Edge|p2a: Greninja|[miss]\n|-miss|p1a: Tapu Bulu|p2a: Greninja\n|\n|-heal|p1a: Tapu Bulu|8\/100|[from] Grassy Terrain\n|-heal|p1a: Tapu Bulu|14\/100|[from] item: Leftovers\n|upkeep\n|turn|2\n|\n|t:|1700357557\n|switch|p2a: Medicham|Medicham, F|100\/100\n|switch|p1a: Bisharp|Bisharp, M|100\/100\n|\n|upkeep\n|turn|3\n|\n|t:|1700357567\n|switch|p1a: Zapdos|Zapdos|100\/100\n|detailschange|p2a: Medicham|Medicham-Mega, F\n|-mega|p2a: Medicham|Medicham|Medichamite\n|move|p2a: Medicham|Close Combat|p1a: Zapdos\n|-resisted|p1a: Zapdos\n|-damage|p1a: Zapdos|55\/100\n|-unboost|p2a: Medicham|def|1\n|-unboost|p2a: Medicham|spd|1\n|\n|upkeep\n|turn|4\n|\n|t:|1700357576\n|move|p2a: Medicham|Zen Headbutt|p1a: Zapdos\n|-damage|p1a: Zapdos|0 fnt\n|faint|p1a: Zapdos\n|\n|upkeep\n|\n|t:|1700357586\n|switch|p1a: Cresselia|Cresselia, F|100\/100\n|-enditem|p1a: Cresselia|Grassy Seed\n|-boost|p1a: Cresselia|def|1|[from] item: Grassy Seed\n|turn|5\n|\n|t:|1700357593\n|switch|p2a: \u963f\u83ca|Steelix, M|100\/100\n|move|p1a: Cresselia|Calm Mind|p1a: Cresselia\n|-boost|p1a: Cresselia|spa|1\n|-boost|p1a: Cresselia|spd|1\n|\n|-fieldend|move: Grassy Terrain\n|upkeep\n|turn|6\n|\n|t:|1700357613\n|-terastallize|p1a: Cresselia|Poison\n|move|p1a: Cresselia|Calm Mind|p1a: Cresselia\n|-boost|p1a: Cresselia|spa|1\n|-boost|p1a: Cresselia|spd|1\n|move|p2a: \u963f\u83ca|Toxic|p1a: Cresselia\n|-immune|p1a: Cresselia\n|\n|upkeep\n|turn|7\n|\n|t:|1700357622\n|move|p1a: Cresselia|Calm Mind|p1a: Cresselia\n|-boost|p1a: Cresselia|spa|1\n|-boost|p1a: Cresselia|spd|1\n|move|p2a: \u963f\u83ca|Roar|p1a: Cresselia\n|drag|p1a: Tapu Bulu|Tapu Bulu|14\/100\n|-fieldstart|move: Grassy Terrain|[from] ability: Grassy Surge|[of] p1a: Tapu Bulu\n|\n|-heal|p1a: Tapu Bulu|20\/100|[from] Grassy Terrain\n|-heal|p1a: Tapu Bulu|26\/100|[from] item: Leftovers\n|upkeep\n|turn|8\n|\n|t:|1700357631\n|move|p1a: Tapu Bulu|Horn Leech|p2a: \u963f\u83ca\n|-damage|p2a: \u963f\u83ca|73\/100\n|-heal|p1a: Tapu Bulu|43\/100|[from] drain|[of] p2a: \u963f\u83ca\n|-damage|p1a: Tapu Bulu|27\/100|[from] item: Rocky Helmet|[of] p2a: \u963f\u83ca\n|move|p2a: \u963f\u83ca|Toxic|p1a: Tapu Bulu\n|-status|p1a: Tapu Bulu|tox\n|\n|-heal|p1a: Tapu Bulu|33\/100 tox|[from] Grassy Terrain\n|-heal|p1a: Tapu Bulu|39\/100 tox|[from] item: Leftovers\n|-heal|p2a: \u963f\u83ca|79\/100|[from] Grassy Terrain\n|-damage|p1a: Tapu Bulu|33\/100 tox|[from] psn\n|upkeep\n|turn|9\n|\n|t:|1700357643\n|move|p1a: Tapu Bulu|Swords Dance|p1a: Tapu Bulu\n|-boost|p1a: Tapu Bulu|atk|2\n|move|p2a: \u963f\u83ca|Stealth Rock|p1a: Tapu Bulu\n|-sidestart|p1: akxhdwy|move: Stealth Rock\n|\n|-heal|p1a: Tapu Bulu|39\/100 tox|[from] Grassy Terrain\n|-heal|p1a: Tapu Bulu|45\/100 tox|[from] item: Leftovers\n|-heal|p2a: \u963f\u83ca|85\/100|[from] Grassy Terrain\n|-damage|p1a: Tapu Bulu|33\/100 tox|[from] psn\n|upkeep\n|turn|10\n|\n|t:|1700357648\n|move|p1a: Tapu Bulu|Horn Leech|p2a: \u963f\u83ca\n|-damage|p2a: \u963f\u83ca|25\/100\n|-heal|p1a: Tapu Bulu|69\/100 tox|[from] drain|[of] p2a: \u963f\u83ca\n|-damage|p1a: Tapu Bulu|53\/100 tox|[from] item: Rocky Helmet|[of] p2a: \u963f\u83ca\n|move|p2a: \u963f\u83ca|Roar|p1a: Tapu Bulu\n|drag|p1a: Cresselia|Cresselia, F, tera:Poison|100\/100\n|-damage|p1a: Cresselia|88\/100|[from] Stealth Rock\n|\n|-heal|p2a: \u963f\u83ca|31\/100|[from] Grassy Terrain\n|upkeep\n|turn|11\n|\n|t:|1700357655\n|move|p1a: Cresselia|Calm Mind|p1a: Cresselia\n|-boost|p1a: Cresselia|spa|1\n|-boost|p1a: Cresselia|spd|1\n|move|p2a: \u963f\u83ca|Roar|p1a: Cresselia\n|drag|p1a: Tapu Bulu|Tapu Bulu|53\/100 tox\n|-damage|p1a: Tapu Bulu|41\/100 tox|[from] Stealth Rock\n|\n|-heal|p1a: Tapu Bulu|47\/100 tox|[from] Grassy Terrain\n|-heal|p1a: Tapu Bulu|53\/100 tox|[from] item: Leftovers\n|-heal|p2a: \u963f\u83ca|37\/100|[from] Grassy Terrain\n|-damage|p1a: Tapu Bulu|47\/100 tox|[from] psn\n|-fieldend|move: Grassy Terrain\n|upkeep\n|turn|12\n|\n|t:|1700357672\n|switch|p2a: \u5c0f\u5c0f\u560e\u5566|Marowak-Alola, M|100\/100\n|move|p1a: Tapu Bulu|Close Combat|p2a: \u5c0f\u5c0f\u560e\u5566\n|-immune|p2a: \u5c0f\u5c0f\u560e\u5566\n|\n|-heal|p1a: Tapu Bulu|53\/100 tox|[from] item: Leftovers\n|-damage|p1a: Tapu Bulu|41\/100 tox|[from] psn\n|upkeep\n|turn|13\n|\n|t:|1700357680\n|move|p1a: Tapu Bulu|Stone Edge|p2a: \u5c0f\u5c0f\u560e\u5566\n|-supereffective|p2a: \u5c0f\u5c0f\u560e\u5566\n|-damage|p2a: \u5c0f\u5c0f\u560e\u5566|20\/100\n|move|p2a: \u5c0f\u5c0f\u560e\u5566|Knock Off|p1a: Tapu Bulu\n|-resisted|p1a: Tapu Bulu\n|-damage|p1a: Tapu Bulu|17\/100 tox\n|-enditem|p1a: Tapu Bulu|Leftovers|[from] move: Knock Off|[of] p2a: \u5c0f\u5c0f\u560e\u5566\n|\n|-damage|p1a: Tapu Bulu|0 fnt|[from] psn\n|faint|p1a: Tapu Bulu\n|upkeep\n|\n|t:|1700357690\n|switch|p1a: Bisharp|Bisharp, M|100\/100\n|-damage|p1a: Bisharp|94\/100|[from] Stealth Rock\n|turn|14\n|\n|t:|1700357702\n|move|p2a: \u5c0f\u5c0f\u560e\u5566|Flare Blitz|p1a: Bisharp\n|-supereffective|p1a: Bisharp\n|-crit|p1a: Bisharp\n|-damage|p1a: Bisharp|0 fnt\n|faint|p1a: Bisharp\n|\n|upkeep\n|\n|t:|1700357710\n|switch|p1a: Great Tusk|Great Tusk|100\/100\n|-damage|p1a: Great Tusk|98\/100|[from] Stealth Rock\n|turn|15\n|\n|t:|1700357715\n|move|p1a: Great Tusk|Ice Spinner|p2a: \u5c0f\u5c0f\u560e\u5566\n|-resisted|p2a: \u5c0f\u5c0f\u560e\u5566\n|-damage|p2a: \u5c0f\u5c0f\u560e\u5566|6\/100\n|move|p2a: \u5c0f\u5c0f\u560e\u5566|Flare Blitz|p1a: Great Tusk\n|-damage|p1a: Great Tusk|43\/100\n|\n|upkeep\n|turn|16\n|\n|t:|1700357722\n|move|p1a: Great Tusk|Ice Spinner|p2a: \u5c0f\u5c0f\u560e\u5566\n|-resisted|p2a: \u5c0f\u5c0f\u560e\u5566\n|-damage|p2a: \u5c0f\u5c0f\u560e\u5566|0 fnt\n|faint|p2a: \u5c0f\u5c0f\u560e\u5566\n|\n|upkeep\n|\n|t:|1700357727\n|switch|p2a: Medicham|Medicham-Mega, F|100\/100\n|turn|17\n|\n|t:|1700357736\n|move|p2a: Medicham|Fake Out|p1a: Great Tusk\n|-damage|p1a: Great Tusk|24\/100\n|cant|p1a: Great Tusk|flinch\n|\n|upkeep\n|turn|18\n|\n|t:|1700357749\n|switch|p2a: \u963f\u83ca|Steelix, M|37\/100\n|move|p1a: Great Tusk|Headlong Rush|p2a: \u963f\u83ca\n|-supereffective|p2a: \u963f\u83ca\n|-crit|p2a: \u963f\u83ca\n|-damage|p2a: \u963f\u83ca|0 fnt\n|-unboost|p1a: Great Tusk|def|1\n|-unboost|p1a: Great Tusk|spd|1\n|-damage|p1a: Great Tusk|8\/100|[from] item: Rocky Helmet|[of] p2a: \u963f\u83ca\n|faint|p2a: \u963f\u83ca\n|\n|upkeep\n|\n|t:|1700357753\n|switch|p2a: Medicham|Medicham-Mega, F|100\/100\n|turn|19\n|\n|t:|1700357757\n|move|p2a: Medicham|Fake Out|p1a: Great Tusk\n|-damage|p1a: Great Tusk|0 fnt\n|faint|p1a: Great Tusk\n|-end|p1a: Great Tusk|Protosynthesis|[silent]\n|\n|upkeep\n|\n|t:|1700357759\n|switch|p1a: Cresselia|Cresselia, F, tera:Poison|88\/100\n|-damage|p1a: Cresselia|76\/100|[from] Stealth Rock\n|turn|20\n|\n|t:|1700357763\n|move|p2a: Medicham|Zen Headbutt|p1a: Cresselia\n|-supereffective|p1a: Cresselia\n|-damage|p1a: Cresselia|0 fnt\n|faint|p1a: Cresselia\n|\n|upkeep\n|-message|akxhdwy forfeited.\n|\n|win|As cheu\n|raw|akxhdwy's rating: 1625 &rarr; <strong>1607<\/strong><br \/>(-18 for losing)\n|raw|As cheu's rating: 1659 &rarr; <strong>1677<\/strong><br \/>(+18 for winning)\n|l|\u2606akxhdwy\n","uploadtime":1700357771,"views":15,"p1id":"akxhdwy","p2id":"ascheu","formatid":"gen9nationaldex","rating":1607,"private":0,"password":""}