{"id":"gen9nationaldex-1993476161","p1":"southeast sirius","p2":"steannm","format":"[Gen 9] National Dex","log":"|j|\u2606southeast sirius\n|j|\u2606steannm\n|t:|1700322504\n|gametype|singles\n|player|p1|southeast sirius|swimmerf-gen6|\n|player|p2|steannm|bugcatcher-gen4dp|\n|teamsize|p1|6\n|teamsize|p2|6\n|gen|9\n|tier|[Gen 9] National Dex\n|rule|HP Percentage Mod: HP is shown in percentages\n|rule|Endless Battle Clause: Forcing endless battles is banned\n|rule|OHKO Clause: OHKO moves are banned\n|rule|Evasion Clause: Evasion abilities, items, and moves are banned\n|rule|Evasion Abilities Clause: Evasion abilities are banned\n|rule|Evasion Items Clause: Evasion items are banned\n|rule|Evasion Moves Clause: Evasion moves are banned\n|rule|Species Clause: Limit one of each Pok\u00e9mon\n|rule|Sleep Clause Mod: Limit one foe put to sleep\n|clearpoke\n|poke|p1|Iron Treads|\n|poke|p1|Pinsir, F|\n|poke|p1|Tapu Koko|\n|poke|p1|Sneasler, F|\n|poke|p1|Magnezone|\n|poke|p1|Staraptor, M|\n|poke|p2|Slowking-Galar, F|\n|poke|p2|Ursaluna, F|\n|poke|p2|Blacephalon|\n|poke|p2|Tapu Lele|\n|poke|p2|Scizor, F|\n|poke|p2|Dragonite, M|\n|teampreview\n|\n|t:|1700322518\n|start\n|switch|p1a: Magnezone|Magnezone|100\/100\n|switch|p2a: Tapu Lele|Tapu Lele|100\/100\n|-fieldstart|move: Psychic Terrain|[from] ability: Psychic Surge|[of] p2a: Tapu Lele\n|turn|1\n|\n|t:|1700322533\n|switch|p2a: Scizor|Scizor, F|100\/100\n|move|p1a: Magnezone|Volt Switch|p2a: Scizor\n|-damage|p2a: Scizor|45\/100\n|\n|t:|1700322538\n|switch|p1a: Tapu Koko|Tapu Koko|100\/100|[from] Volt Switch\n|-fieldstart|move: Electric Terrain|[from] ability: Electric Surge|[of] p1a: Tapu Koko\n|\n|upkeep\n|turn|2\n|\n|t:|1700322552\n|switch|p1a: Magnezone|Magnezone|100\/100\n|switch|p2a: Slowking|Slowking-Galar, F|100\/100\n|\n|upkeep\n|turn|3\n|\n|t:|1700322558\n|switch|p1a: Iron Treads|Iron Treads|100\/100\n|-activate|p1a: Iron Treads|ability: Quark Drive\n|-start|p1a: Iron Treads|quarkdrivespe\n|-item|p1a: Iron Treads|Air Balloon\n|move|p2a: Slowking|Trick Room|p2a: Slowking\n|-fieldstart|move: Trick Room|[of] p2a: Slowking\n|\n|upkeep\n|turn|4\n|\n|t:|1700322568\n|move|p2a: Slowking|Chilly Reception|p2a: Slowking\n|-weather|Snow\n|\n|t:|1700322581\n|switch|p2a: Scizor|Scizor, F|45\/100|[from] Chilly Reception\n|move|p1a: Iron Treads|Stealth Rock|p2a: Scizor\n|-sidestart|p2: steannm|move: Stealth Rock\n|\n|-weather|Snow|[upkeep]\n|upkeep\n|turn|5\n|\n|t:|1700322589\n|detailschange|p2a: Scizor|Scizor-Mega, F\n|-mega|p2a: Scizor|Scizor|Scizorite\n|move|p2a: Scizor|Close Combat|p1a: Iron Treads\n|-supereffective|p1a: Iron Treads\n|-damage|p1a: Iron Treads|16\/100\n|-unboost|p2a: Scizor|def|1\n|-unboost|p2a: Scizor|spd|1\n|-enditem|p1a: Iron Treads|Air Balloon\n|move|p1a: Iron Treads|Earthquake|p2a: Scizor\n|-damage|p2a: Scizor|3\/100\n|\n|-weather|Snow|[upkeep]\n|-fieldend|move: Electric Terrain\n|-end|p1a: Iron Treads|Quark Drive\n|upkeep\n|turn|6\n|\n|t:|1700322607\n|move|p2a: Scizor|Close Combat|p1a: Iron Treads\n|-supereffective|p1a: Iron Treads\n|-damage|p1a: Iron Treads|0 fnt\n|-unboost|p2a: Scizor|def|1\n|-unboost|p2a: Scizor|spd|1\n|faint|p1a: Iron Treads\n|-end|p1a: Iron Treads|Quark Drive|[silent]\n|\n|-weather|Snow|[upkeep]\n|upkeep\n|\n|t:|1700322611\n|switch|p1a: Pinsir|Pinsir, F|100\/100\n|turn|7\n|\n|t:|1700322620\n|detailschange|p1a: Pinsir|Pinsir-Mega, F\n|-mega|p1a: Pinsir|Pinsir|Pinsirite\n|move|p1a: Pinsir|Quick Attack|p2a: Scizor\n|-damage|p2a: Scizor|0 fnt\n|faint|p2a: Scizor\n|\n|-weather|Snow|[upkeep]\n|-fieldend|move: Trick Room\n|upkeep\n|\n|t:|1700322630\n|switch|p2a: Blacephalon|Blacephalon|100\/100\n|-damage|p2a: Blacephalon|75\/100|[from] Stealth Rock\n|turn|8\n|\n|t:|1700322640\n|switch|p1a: Tapu Koko|Tapu Koko|100\/100\n|-fieldstart|move: Electric Terrain|[from] ability: Electric Surge|[of] p1a: Tapu Koko\n|move|p2a: Blacephalon|Fire Blast|p1a: Tapu Koko\n|-damage|p1a: Tapu Koko|14\/100\n|\n|-weather|none\n|upkeep\n|turn|9\n|\n|t:|1700322655\n|move|p1a: Tapu Koko|Volt Switch|p2a: Blacephalon\n|-damage|p2a: Blacephalon|15\/100\n|\n|t:|1700322663\n|switch|p1a: Magnezone|Magnezone|100\/100|[from] Volt Switch\n|move|p2a: Blacephalon|Fire Blast|p1a: Magnezone\n|-supereffective|p1a: Magnezone\n|-damage|p1a: Magnezone|0 fnt\n|faint|p1a: Magnezone\n|-ability|p2a: Blacephalon|Beast Boost|boost\n|-boost|p2a: Blacephalon|spe|1\n|\n|upkeep\n|\n|t:|1700322673\n|switch|p1a: Pinsir|Pinsir-Mega, F|100\/100\n|turn|10\n|\n|t:|1700322679\n|move|p1a: Pinsir|Quick Attack|p2a: Blacephalon\n|-damage|p2a: Blacephalon|0 fnt\n|faint|p2a: Blacephalon\n|\n|upkeep\n|\n|t:|1700322690\n|switch|p2a: Slowking|Slowking-Galar, F|100\/100\n|-damage|p2a: Slowking|88\/100|[from] Stealth Rock\n|turn|11\n|\n|t:|1700322693\n|move|p1a: Pinsir|Swords Dance|p1a: Pinsir\n|-boost|p1a: Pinsir|atk|2\n|move|p2a: Slowking|Trick Room|p2a: Slowking\n|-fieldstart|move: Trick Room|[of] p2a: Slowking\n|\n|-heal|p2a: Slowking|94\/100|[from] item: Black Sludge\n|upkeep\n|turn|12\n|\n|t:|1700322699\n|move|p2a: Slowking|Sludge Bomb|p1a: Pinsir\n|-damage|p1a: Pinsir|54\/100\n|move|p1a: Pinsir|Frustration|p2a: Slowking\n|-damage|p2a: Slowking|0 fnt\n|faint|p2a: Slowking\n|\n|-fieldend|move: Electric Terrain\n|upkeep\n|\n|t:|1700322705\n|switch|p2a: Ursaluna|Ursaluna, F|100\/100\n|-damage|p2a: Ursaluna|94\/100|[from] Stealth Rock\n|turn|13\n|\n|t:|1700322709\n|-terastallize|p2a: Ursaluna|Normal\n|move|p1a: Pinsir|Quick Attack|p2a: Ursaluna\n|-damage|p2a: Ursaluna|58\/100\n|move|p2a: Ursaluna|Facade|p1a: Pinsir\n|-damage|p1a: Pinsir|0 fnt\n|faint|p1a: Pinsir\n|\n|-status|p2a: Ursaluna|brn|[from] item: Flame Orb\n|upkeep\n|\n|t:|1700322715\n|switch|p1a: Tapu Koko|Tapu Koko|14\/100\n|-fieldstart|move: Electric Terrain|[from] ability: Electric Surge|[of] p1a: Tapu Koko\n|turn|14\n|\n|t:|1700322719\n|switch|p1a: Staraptor|Staraptor, M|100\/100\n|move|p2a: Ursaluna|Facade|p1a: Staraptor\n|-damage|p1a: Staraptor|0 fnt\n|faint|p1a: Staraptor\n|\n|-damage|p2a: Ursaluna|52\/100 brn|[from] brn\n|upkeep\n|\n|t:|1700322721\n|switch|p1a: Tapu Koko|Tapu Koko|14\/100\n|turn|15\n|\n|t:|1700322729\n|move|p2a: Ursaluna|Facade|p1a: Tapu Koko\n|-damage|p1a: Tapu Koko|0 fnt\n|faint|p1a: Tapu Koko\n|\n|-damage|p2a: Ursaluna|46\/100 brn|[from] brn\n|-fieldend|move: Trick Room\n|upkeep\n|\n|t:|1700322731\n|switch|p1a: Sneasler|Sneasler, F|100\/100\n|-enditem|p1a: Sneasler|Electric Seed\n|-boost|p1a: Sneasler|def|1|[from] item: Electric Seed\n|turn|16\n|\n|t:|1700322741\n|move|p1a: Sneasler|Close Combat|p2a: Ursaluna\n|-supereffective|p2a: Ursaluna\n|-damage|p2a: Ursaluna|0 fnt\n|-unboost|p1a: Sneasler|def|1\n|-unboost|p1a: Sneasler|spd|1\n|faint|p2a: Ursaluna\n|\n|upkeep\n|\n|t:|1700322745\n|switch|p2a: Tapu Lele|Tapu Lele|100\/100\n|-damage|p2a: Tapu Lele|88\/100|[from] Stealth Rock\n|-fieldstart|move: Psychic Terrain|[from] ability: Psychic Surge|[of] p2a: Tapu Lele\n|turn|17\n|\n|t:|1700322749\n|move|p1a: Sneasler|Dire Claw|p2a: Tapu Lele\n|-supereffective|p2a: Tapu Lele\n|-damage|p2a: Tapu Lele|0 fnt\n|faint|p2a: Tapu Lele\n|\n|upkeep\n|\n|t:|1700322752\n|switch|p2a: Dragonite|Dragonite, M|100\/100\n|turn|18\n|\n|t:|1700322755\n|-terastallize|p1a: Sneasler|Flying\n|move|p1a: Sneasler|Dire Claw|p2a: Dragonite\n|-damage|p2a: Dragonite|77\/100\n|-status|p2a: Dragonite|slp\n|cant|p2a: Dragonite|slp\n|\n|upkeep\n|turn|19\n|\n|t:|1700322770\n|move|p1a: Sneasler|Swords Dance|p1a: Sneasler\n|-boost|p1a: Sneasler|atk|2\n|-curestatus|p2a: Dragonite|slp|[msg]\n|move|p2a: Dragonite|Dragon Dance|p2a: Dragonite\n|-boost|p2a: Dragonite|atk|1\n|-boost|p2a: Dragonite|spe|1\n|\n|upkeep\n|turn|20\n|\n|t:|1700322778\n|move|p1a: Sneasler|Acrobatics|p2a: Dragonite\n|-damage|p2a: Dragonite|0 fnt\n|faint|p2a: Dragonite\n|\n|win|southeast sirius\n","uploadtime":1700322782,"views":14,"p1id":"southeastsirius","p2id":"steannm","formatid":"gen9nationaldex","rating":0,"private":0,"password":""}