{"id":"gen9nationaldex-1993433129","p1":"Anhkiet","p2":"ghyaljy","format":"[Gen 9] National Dex","log":"|j|\u2606Anhkiet\n|j|\u2606ghyaljy\n|t:|1700317268\n|gametype|singles\n|player|p1|Anhkiet|102|1619\n|player|p2|ghyaljy|archer|1701\n|teamsize|p1|6\n|teamsize|p2|6\n|gen|9\n|tier|[Gen 9] National Dex\n|rated|\n|rule|HP Percentage Mod: HP is shown in percentages\n|rule|Endless Battle Clause: Forcing endless battles is banned\n|rule|OHKO Clause: OHKO moves are banned\n|rule|Evasion Clause: Evasion abilities, items, and moves are banned\n|rule|Evasion Abilities Clause: Evasion abilities are banned\n|rule|Evasion Items Clause: Evasion items are banned\n|rule|Evasion Moves Clause: Evasion moves are banned\n|rule|Species Clause: Limit one of each Pok\u00e9mon\n|rule|Sleep Clause Mod: Limit one foe put to sleep\n|clearpoke\n|poke|p1|Pelipper, F|\n|poke|p1|Serperior, M|\n|poke|p1|Gorebyss, F|\n|poke|p1|Barraskewda, F|\n|poke|p1|Ogerpon-Wellspring, F|\n|poke|p1|Beedrill, M|\n|poke|p2|Landorus-Therian, M|\n|poke|p2|Hoopa-Unbound|\n|poke|p2|Medicham, M|\n|poke|p2|Urshifu-*, F|\n|poke|p2|Dondozo, F|\n|poke|p2|Zapdos|\n|teampreview\n|\n|t:|1700317277\n|start\n|switch|p1a: Pelipper|Pelipper, F|100\/100\n|switch|p2a: Zapdos|Zapdos|100\/100\n|-weather|RainDance|[from] ability: Drizzle|[of] p1a: Pelipper\n|turn|1\n|inactive|Battle timer is ON: inactive players will automatically lose when time's up. (requested by Anhkiet)\n|\n|t:|1700317281\n|switch|p1a: Serperior|Serperior, M|100\/100\n|move|p2a: Zapdos|Volt Switch|p1a: Serperior\n|-resisted|p1a: Serperior\n|-damage|p1a: Serperior|86\/100\n|\n|t:|1700317288\n|switch|p2a: Landorus|Landorus-Therian, M|100\/100|[from] Volt Switch\n|-ability|p2a: Landorus|Intimidate|boost\n|-boost|p1a: Serperior|atk|1\n|\n|-weather|RainDance|[upkeep]\n|-heal|p1a: Serperior|92\/100|[from] item: Leftovers\n|upkeep\n|turn|2\n|\n|t:|1700317313\n|move|p1a: Serperior|Hidden Power|p2a: Landorus\n|-supereffective|p2a: Landorus\n|-damage|p2a: Landorus|75\/100\n|move|p2a: Landorus|U-turn|p1a: Serperior\n|-supereffective|p1a: Serperior\n|-damage|p1a: Serperior|40\/100\n|\n|t:|1700317324\n|switch|p2a: Urshifu|Urshifu-Rapid-Strike, F|100\/100|[from] U-turn\n|\n|-weather|RainDance|[upkeep]\n|-heal|p1a: Serperior|47\/100|[from] item: Leftovers\n|upkeep\n|turn|3\n|\n|t:|1700317341\n|move|p2a: Urshifu|U-turn|p1a: Serperior\n|-supereffective|p1a: Serperior\n|-damage|p1a: Serperior|0 fnt\n|faint|p1a: Serperior\n|\n|t:|1700317347\n|switch|p2a: Dondozo|Dondozo, F|100\/100|[from] U-turn\n|\n|-weather|RainDance|[upkeep]\n|upkeep\n|\n|t:|1700317350\n|switch|p1a: Pelipper|Pelipper, F|100\/100\n|turn|4\n|\n|t:|1700317357\n|switch|p2a: Zapdos|Zapdos|100\/100\n|move|p1a: Pelipper|Hurricane|p2a: Zapdos\n|-resisted|p2a: Zapdos\n|-damage|p2a: Zapdos|74\/100\n|\n|-weather|RainDance|[upkeep]\n|upkeep\n|turn|5\n|\n|t:|1700317376\n|move|p2a: Zapdos|Volt Switch|p1a: Pelipper\n|-supereffective|p1a: Pelipper\n|-damage|p1a: Pelipper|0 fnt\n|faint|p1a: Pelipper\n|\n|t:|1700317381\n|switch|p2a: Dondozo|Dondozo, F|100\/100|[from] Volt Switch\n|\n|-weather|RainDance|[upkeep]\n|upkeep\n|\n|t:|1700317400\n|switch|p1a: Ogerpon|Ogerpon-Wellspring, F|100\/100\n|turn|6\n|inactive|ghyaljy has 120 seconds left.\n|\n|t:|1700317438\n|-terastallize|p2a: Dondozo|Dragon\n|move|p1a: Ogerpon|Power Whip|p2a: Dondozo\n|-resisted|p2a: Dondozo\n|-damage|p2a: Dondozo|81\/100\n|move|p2a: Dondozo|Curse|p2a: Dondozo\n|-unboost|p2a: Dondozo|spe|1\n|-boost|p2a: Dondozo|atk|1\n|-boost|p2a: Dondozo|def|1\n|\n|-weather|RainDance|[upkeep]\n|upkeep\n|turn|7\n|inactive|ghyaljy has 120 seconds left.\n|\n|t:|1700317448\n|switch|p2a: Landorus|Landorus-Therian, M|75\/100\n|-ability|p2a: Landorus|Intimidate|boost\n|-unboost|p1a: Ogerpon|atk|1\n|move|p1a: Ogerpon|Ivy Cudgel|p2a: Landorus|[anim] Ivy Cudgel Water\n|-supereffective|p2a: Landorus\n|-damage|p2a: Landorus|0 fnt\n|faint|p2a: Landorus\n|\n|-weather|RainDance|[upkeep]\n|upkeep\n|inactive|ghyaljy has 120 seconds left.\n|\n|t:|1700317455\n|switch|p2a: Urshifu|Urshifu-Rapid-Strike, F|100\/100\n|turn|8\n|\n|t:|1700317459\n|switch|p1a: Beedrill|Beedrill, M|100\/100\n|move|p2a: Urshifu|U-turn|p1a: Beedrill\n|-resisted|p1a: Beedrill\n|-damage|p1a: Beedrill|69\/100\n|\n|t:|1700317473\n|switch|p2a: Zapdos|Zapdos|74\/100|[from] U-turn\n|\n|-weather|none\n|upkeep\n|turn|9\n|\n|t:|1700317485\n|detailschange|p1a: Beedrill|Beedrill-Mega, M\n|-mega|p1a: Beedrill|Beedrill|Beedrillite\n|move|p1a: Beedrill|Poison Jab|p2a: Zapdos\n|-damage|p2a: Zapdos|30\/100\n|-status|p2a: Zapdos|psn\n|move|p2a: Zapdos|Roost|p2a: Zapdos\n|-heal|p2a: Zapdos|80\/100 psn\n|-singleturn|p2a: Zapdos|move: Roost\n|\n|-damage|p2a: Zapdos|67\/100 psn|[from] psn\n|upkeep\n|turn|10\n|\n|t:|1700317495\n|switch|p2a: Urshifu|Urshifu-Rapid-Strike, F|100\/100\n|move|p1a: Beedrill|Swords Dance|p1a: Beedrill\n|-boost|p1a: Beedrill|atk|2\n|\n|upkeep\n|turn|11\n|\n|t:|1700317504\n|move|p2a: Urshifu|U-turn|p1a: Beedrill\n|-resisted|p1a: Beedrill\n|-damage|p1a: Beedrill|37\/100\n|\n|t:|1700317508\n|switch|p2a: Dondozo|Dondozo, F, tera:Dragon|81\/100|[from] U-turn\n|move|p1a: Beedrill|Poison Jab|p2a: Dondozo\n|-damage|p2a: Dondozo|47\/100\n|-status|p2a: Dondozo|psn\n|\n|-damage|p2a: Dondozo|35\/100 psn|[from] psn\n|upkeep\n|turn|12\n|\n|t:|1700317518\n|move|p1a: Beedrill|Poison Jab|p2a: Dondozo\n|-damage|p2a: Dondozo|1\/100 psn\n|move|p2a: Dondozo|Wave Crash|p1a: Beedrill\n|-damage|p1a: Beedrill|0 fnt\n|faint|p1a: Beedrill\n|-damage|p2a: Dondozo|0 fnt|[from] Recoil\n|faint|p2a: Dondozo\n|\n|upkeep\n|\n|t:|1700317531\n|switch|p1a: Barraskewda|Barraskewda, F|100\/100\n|switch|p2a: Urshifu|Urshifu-Rapid-Strike, F|100\/100\n|turn|13\n|\n|t:|1700317534\n|move|p2a: Urshifu|Close Combat|p1a: Barraskewda\n|-damage|p1a: Barraskewda|0 fnt\n|-unboost|p2a: Urshifu|def|1\n|-unboost|p2a: Urshifu|spd|1\n|faint|p1a: Barraskewda\n|\n|upkeep\n|\n|t:|1700317539\n|switch|p1a: Ogerpon|Ogerpon-Wellspring, F|100\/100\n|turn|14\n|\n|t:|1700317546\n|switch|p2a: Hoopa|Hoopa-Unbound|100\/100\n|move|p1a: Ogerpon|Trailblaze|p2a: Hoopa\n|-damage|p2a: Hoopa|53\/100\n|-boost|p1a: Ogerpon|spe|1\n|\n|upkeep\n|turn|15\n|\n|t:|1700317551\n|move|p1a: Ogerpon|Ivy Cudgel|p2a: Hoopa|[anim] Ivy Cudgel Water\n|-crit|p2a: Hoopa\n|-damage|p2a: Hoopa|0 fnt\n|faint|p2a: Hoopa\n|\n|upkeep\n|\n|t:|1700317553\n|switch|p2a: Zapdos|Zapdos|67\/100 psn\n|turn|16\n|inactive|Anhkiet has 120 seconds left.\n|\n|t:|1700317586\n|move|p1a: Ogerpon|Ivy Cudgel|p2a: Zapdos|[anim] Ivy Cudgel Water\n|-damage|p2a: Zapdos|26\/100 psn\n|move|p2a: Zapdos|Hurricane|p1a: Ogerpon\n|-supereffective|p1a: Ogerpon\n|-damage|p1a: Ogerpon|0 fnt\n|faint|p1a: Ogerpon\n|\n|-damage|p2a: Zapdos|13\/100 psn|[from] psn\n|upkeep\n|inactive|Anhkiet has 120 seconds left.\n|\n|t:|1700317591\n|switch|p1a: Gorebyss|Gorebyss, F|100\/100\n|turn|17\n|\n|t:|1700317598\n|move|p2a: Zapdos|Volt Switch|p1a: Gorebyss\n|-supereffective|p1a: Gorebyss\n|-damage|p1a: Gorebyss|6\/100\n|\n|t:|1700317603\n|switch|p2a: Urshifu|Urshifu-Rapid-Strike, F|100\/100|[from] Volt Switch\n|move|p1a: Gorebyss|Shell Smash|p1a: Gorebyss\n|-unboost|p1a: Gorebyss|def|1\n|-unboost|p1a: Gorebyss|spd|1\n|-boost|p1a: Gorebyss|atk|2\n|-boost|p1a: Gorebyss|spa|2\n|-boost|p1a: Gorebyss|spe|2\n|\n|upkeep\n|turn|18\n|\n|t:|1700317613\n|-terastallize|p1a: Gorebyss|Fairy\n|move|p2a: Urshifu|Surging Strikes|p1a: Gorebyss\n|-crit|p1a: Gorebyss\n|-damage|p1a: Gorebyss|0 fnt\n|faint|p1a: Gorebyss\n|-hitcount|p1: Gorebyss|1\n|\n|win|ghyaljy\n|raw|Anhkiet's rating: 1604 &rarr; <strong>1589<\/strong><br \/>(-15 for losing)\n|raw|ghyaljy's rating: 1701 &rarr; <strong>1716<\/strong><br \/>(+15 for winning)\n|l|\u2606Anhkiet\n","uploadtime":1700317621,"views":9,"p1id":"anhkiet","p2id":"ghyaljy","formatid":"gen9nationaldex","rating":1589,"private":0,"password":""}