{"id":"gen9nationaldex-1995056720","p1":"MIH zelkeo","p2":"ItsMarMol","format":"[Gen 9] National Dex","log":"|html|<div class=\"broadcast-blue\"><strong>[Gen 9] National Dex is currently suspecting Sneasler! For information on how to participate check out the <a href=\"https:\/\/www.smogon.com\/forums\/threads\/sv-national-dex-suspect-8-just-dance.3731534\/\">suspect thread<\/a>.<\/strong><\/div>\n|j|\u2606MIH zelkeo\n|j|\u2606ItsMarMol\n|t:|1700517871\n|gametype|singles\n|player|p1|MIH zelkeo|nessa|\n|player|p2|ItsMarMol|hugh|\n|teamsize|p1|6\n|teamsize|p2|6\n|gen|9\n|tier|[Gen 9] National Dex\n|rule|HP Percentage Mod: HP is shown in percentages\n|rule|Endless Battle Clause: Forcing endless battles is banned\n|rule|OHKO Clause: OHKO moves are banned\n|rule|Evasion Clause: Evasion abilities, items, and moves are banned\n|rule|Evasion Abilities Clause: Evasion abilities are banned\n|rule|Evasion Items Clause: Evasion items are banned\n|rule|Evasion Moves Clause: Evasion moves are banned\n|rule|Species Clause: Limit one of each Pok\u00e9mon\n|rule|Sleep Clause Mod: Limit one foe put to sleep\n|clearpoke\n|poke|p1|Talonflame, M|\n|poke|p1|Sylveon, M|\n|poke|p1|Charizard, F|\n|poke|p1|Volcanion|\n|poke|p1|Greninja-*, F|\n|poke|p1|Lucario, F|\n|poke|p2|Iron Valiant|\n|poke|p2|Iron Moth|\n|poke|p2|Iron Treads|\n|poke|p2|Iron Hands|\n|poke|p2|Iron Thorns|\n|poke|p2|Iron Leaves|\n|teampreview\n|c|\u2606ItsMarMol|q equipo ese esueeeeeeee\n|\n|t:|1700517917\n|start\n|switch|p1a: Talonflame|Talonflame, M|100\/100\n|switch|p2a: Iron Treads|Iron Treads|100\/100\n|turn|1\n|j| Vaictador\n|\n|t:|1700517929\n|move|p1a: Talonflame|Flare Blitz|p2a: Iron Treads\n|-supereffective|p2a: Iron Treads\n|-damage|p2a: Iron Treads|18\/100\n|-damage|p1a: Talonflame|73\/100|[from] Recoil\n|move|p2a: Iron Treads|Electric Terrain|p2a: Iron Treads\n|-fieldstart|move: Electric Terrain\n|-activate|p2a: Iron Treads|ability: Quark Drive\n|-start|p2a: Iron Treads|quarkdrivespe\n|\n|-heal|p2a: Iron Treads|24\/100|[from] item: Leftovers\n|upkeep\n|turn|2\n|\n|t:|1700517940\n|move|p2a: Iron Treads|Stealth Rock|p1a: Talonflame\n|-sidestart|p1: MIH zelkeo|move: Stealth Rock\n|move|p1a: Talonflame|Flare Blitz|p2a: Iron Treads\n|-supereffective|p2a: Iron Treads\n|-damage|p2a: Iron Treads|0 fnt\n|faint|p2a: Iron Treads\n|-end|p2a: Iron Treads|Quark Drive|[silent]\n|-damage|p1a: Talonflame|65\/100|[from] Recoil\n|\n|upkeep\n|\n|t:|1700517954\n|switch|p2a: Iron Leaves|Iron Leaves|100\/100\n|-activate|p2a: Iron Leaves|ability: Quark Drive\n|-start|p2a: Iron Leaves|quarkdrivespe\n|turn|3\n|\n|t:|1700517973\n|switch|p1a: Greninja|Greninja, F|100\/100\n|-damage|p1a: Greninja|88\/100|[from] Stealth Rock\n|move|p2a: Iron Leaves|Psyblade|p1a: Greninja\n|-immune|p1a: Greninja\n|\n|upkeep\n|turn|4\n|\n|t:|1700517991\n|move|p1a: Greninja|U-turn|p2a: Iron Leaves\n|-start|p1a: Greninja|typechange|Bug|[from] ability: Protean\n|-supereffective|p2a: Iron Leaves\n|-damage|p2a: Iron Leaves|0 fnt\n|faint|p2a: Iron Leaves\n|-end|p2a: Iron Leaves|Quark Drive|[silent]\n|\n|t:|1700517997\n|switch|p1a: Talonflame|Talonflame, M|65\/100|[from] U-turn\n|\n|upkeep\n|\n|t:|1700518009\n|switch|p2a: Iron Hands|Iron Hands|100\/100\n|-activate|p2a: Iron Hands|ability: Quark Drive\n|-start|p2a: Iron Hands|quarkdriveatk\n|turn|5\n|l| Vaictador\n|c|\u2606MIH zelkeo|carajo\n|c|\u2606MIH zelkeo|esto anda hard\n|c|\u2606MIH zelkeo|mmm\n|j| Jose307505\n|c|\u2606ItsMarMol|re tryhard yo, en tutoria de fisica mientras estoy en una semifinal\n|c|\u2606ItsMarMol|god\n|j| Vaictador\n|\n|t:|1700518155\n|switch|p1a: Lucario|Lucario, F|100\/100\n|-damage|p1a: Lucario|98\/100|[from] Stealth Rock\n|move|p2a: Iron Hands|Wild Charge|p1a: Lucario\n|-crit|p1a: Lucario\n|-damage|p1a: Lucario|0 fnt\n|faint|p1a: Lucario\n|-damage|p2a: Iron Hands|87\/100|[from] Recoil\n|\n|-fieldend|move: Electric Terrain\n|-end|p2a: Iron Hands|Quark Drive\n|upkeep\n|inactive|Battle timer is ON: inactive players will automatically lose when time's up. (requested by MIH zelkeo)\n|c|\u2606ItsMarMol|u\n|c|\u2606ItsMarMol|te quiero hands\n|inactive|MIH zelkeo has 270 seconds left.\n|\n|t:|1700518191\n|switch|p1a: Charizard|Charizard, F|100\/100\n|-damage|p1a: Charizard|51\/100|[from] Stealth Rock\n|turn|6\n|\n|t:|1700518217\n|detailschange|p1a: Charizard|Charizard-Mega-Y, F\n|-mega|p1a: Charizard|Charizard|Charizardite Y\n|-weather|SunnyDay|[from] ability: Drought|[of] p1a: Charizard\n|move|p1a: Charizard|Scorching Sands|p2a: Iron Hands\n|-supereffective|p2a: Iron Hands\n|-damage|p2a: Iron Hands|54\/100\n|move|p2a: Iron Hands|Wild Charge|p1a: Charizard\n|-supereffective|p1a: Charizard\n|-damage|p1a: Charizard|0 fnt\n|faint|p1a: Charizard\n|-damage|p2a: Iron Hands|46\/100|[from] Recoil\n|\n|-weather|SunnyDay|[upkeep]\n|upkeep\n|c|\u2606ItsMarMol|godd\n|inactive|MIH zelkeo has 270 seconds left.\n|\n|t:|1700518248\n|switch|p1a: Sylveon|Sylveon, M|100\/100\n|-damage|p1a: Sylveon|88\/100|[from] Stealth Rock\n|turn|7\n|inactive|ItsMarMol has 270 seconds left.\n|\n|t:|1700518279\n|-terastallize|p1a: Sylveon|Ground\n|move|p1a: Sylveon|Hyper Voice|p2a: Iron Hands\n|-supereffective|p2a: Iron Hands\n|-damage|p2a: Iron Hands|0 fnt\n|faint|p2a: Iron Hands\n|-end|p2a: Iron Hands|Quark Drive|[silent]\n|\n|-weather|SunnyDay|[upkeep]\n|-heal|p1a: Sylveon|94\/100|[from] item: Leftovers\n|upkeep\n|inactive|ItsMarMol has 240 seconds left.\n|\n|t:|1700518327\n|switch|p2a: Iron Thorns|Iron Thorns|100\/100\n|-enditem|p2a: Iron Thorns|Booster Energy\n|-activate|p2a: Iron Thorns|ability: Quark Drive|[fromitem]\n|-start|p2a: Iron Thorns|quarkdriveatk\n|turn|8\n|\n|t:|1700518346\n|-terastallize|p2a: Iron Thorns|Grass\n|move|p1a: Sylveon|Protect|p1a: Sylveon\n|-singleturn|p1a: Sylveon|Protect\n|move|p2a: Iron Thorns|Dragon Dance|p2a: Iron Thorns\n|-boost|p2a: Iron Thorns|atk|1\n|-boost|p2a: Iron Thorns|spe|1\n|\n|-weather|SunnyDay|[upkeep]\n|-heal|p1a: Sylveon|99\/100|[from] item: Leftovers\n|upkeep\n|turn|9\n|inactive|ItsMarMol has 240 seconds left.\n|inactive|ItsMarMol has 210 seconds left.\n|\n|t:|1700518395\n|move|p2a: Iron Thorns|Dragon Dance|p2a: Iron Thorns\n|-boost|p2a: Iron Thorns|atk|1\n|-boost|p2a: Iron Thorns|spe|1\n|move|p1a: Sylveon|Hyper Voice|p2a: Iron Thorns\n|-damage|p2a: Iron Thorns|53\/100\n|\n|-weather|SunnyDay|[upkeep]\n|-heal|p1a: Sylveon|100\/100|[from] item: Leftovers\n|upkeep\n|turn|10\n|\n|t:|1700518406\n|move|p2a: Iron Thorns|Earthquake|p1a: Sylveon\n|-damage|p1a: Sylveon|20\/100\n|move|p1a: Sylveon|Hyper Voice|p2a: Iron Thorns\n|-damage|p2a: Iron Thorns|7\/100\n|\n|-weather|none\n|-heal|p1a: Sylveon|26\/100|[from] item: Leftovers\n|upkeep\n|turn|11\n|inactive|ItsMarMol has 210 seconds left.\n|\n|t:|1700518416\n|move|p2a: Iron Thorns|Earthquake|p1a: Sylveon\n|-crit|p1a: Sylveon\n|-damage|p1a: Sylveon|0 fnt\n|faint|p1a: Sylveon\n|\n|upkeep\n|\n|t:|1700518419\n|switch|p1a: Greninja|Greninja, F|88\/100\n|-damage|p1a: Greninja|76\/100|[from] Stealth Rock\n|turn|12\n|\n|t:|1700518427\n|move|p1a: Greninja|U-turn|p2a: Iron Thorns\n|-start|p1a: Greninja|typechange|Bug|[from] ability: Protean\n|-supereffective|p2a: Iron Thorns\n|-damage|p2a: Iron Thorns|0 fnt\n|faint|p2a: Iron Thorns\n|-end|p2a: Iron Thorns|Quark Drive|[silent]\n|\n|t:|1700518432\n|switch|p1a: Volcanion|Volcanion|100\/100|[from] U-turn\n|\n|upkeep\n|\n|t:|1700518443\n|switch|p2a: Iron Valiant|Iron Valiant|100\/100\n|-enditem|p2a: Iron Valiant|Booster Energy\n|-activate|p2a: Iron Valiant|ability: Quark Drive|[fromitem]\n|-start|p2a: Iron Valiant|quarkdrivespe\n|turn|13\n|inactive|ItsMarMol has 210 seconds left.\n|\n|t:|1700518469\n|move|p2a: Iron Valiant|Close Combat|p1a: Volcanion\n|-damage|p1a: Volcanion|52\/100\n|-unboost|p2a: Iron Valiant|def|1\n|-unboost|p2a: Iron Valiant|spd|1\n|move|p1a: Volcanion|Flamethrower|p2a: Iron Valiant\n|-damage|p2a: Iron Valiant|0 fnt\n|faint|p2a: Iron Valiant\n|-end|p2a: Iron Valiant|Quark Drive|[silent]\n|\n|upkeep\n|inactive|ItsMarMol has 210 seconds left.\n|\n|t:|1700518475\n|switch|p2a: Iron Moth|Iron Moth|100\/100\n|turn|14\n|inactive|ItsMarMol has 210 seconds left.\n|\n|t:|1700518502\n|move|p2a: Iron Moth|Sludge Wave|p1a: Volcanion\n|-damage|p1a: Volcanion|0 fnt\n|faint|p1a: Volcanion\n|\n|upkeep\n|\n|t:|1700518515\n|switch|p1a: Talonflame|Talonflame, M|65\/100\n|turn|15\n|\n|t:|1700518527\n|move|p2a: Iron Moth|Sludge Wave|p1a: Talonflame\n|-damage|p1a: Talonflame|0 fnt\n|faint|p1a: Talonflame\n|\n|upkeep\n|\n|t:|1700518534\n|switch|p1a: Greninja|Greninja, F|76\/100\n|-damage|p1a: Greninja|64\/100|[from] Stealth Rock\n|turn|16\n|\n|t:|1700518554\n|move|p1a: Greninja|Surf|p2a: Iron Moth\n|-start|p1a: Greninja|typechange|Water|[from] ability: Protean\n|-supereffective|p2a: Iron Moth\n|-damage|p2a: Iron Moth|32\/100\n|move|p2a: Iron Moth|Sludge Wave|p1a: Greninja\n|-damage|p1a: Greninja|0 fnt\n|faint|p1a: Greninja\n|\n|win|ItsMarMol\n|c|\u2606ItsMarMol|GODDDDDDDDDDDDD\n|l| Vaictador\n","uploadtime":1700518591,"views":14,"p1id":"mihzelkeo","p2id":"itsmarmol","formatid":"gen9nationaldex","rating":0,"private":0,"password":""}