{"id":"gen9nationaldex-1996570374","p1":"Onlymanever","p2":"Ash Ketchum344","format":"[Gen 9] National Dex","log":"|html|<div class=\"broadcast-blue\"><strong>[Gen 9] National Dex is currently suspecting Sneasler! For information on how to participate check out the <a href=\"https:\/\/www.smogon.com\/forums\/threads\/sv-national-dex-suspect-8-just-dance.3731534\/\">suspect thread<\/a>.<\/strong><\/div>\n|j|\u203dOnlymanever\n|j|\u2606Ash Ketchum344\n|t:|1700695518\n|gametype|singles\n|player|p1|Onlymanever|lyra|1056\n|player|p2|Ash Ketchum344|lucas-gen4pt|1000\n|teamsize|p1|6\n|teamsize|p2|6\n|gen|9\n|tier|[Gen 9] National Dex\n|rated|\n|rule|HP Percentage Mod: HP is shown in percentages\n|rule|Endless Battle Clause: Forcing endless battles is banned\n|rule|OHKO Clause: OHKO moves are banned\n|rule|Evasion Clause: Evasion abilities, items, and moves are banned\n|rule|Evasion Abilities Clause: Evasion abilities are banned\n|rule|Evasion Items Clause: Evasion items are banned\n|rule|Evasion Moves Clause: Evasion moves are banned\n|rule|Species Clause: Limit one of each Pok\u00e9mon\n|rule|Sleep Clause Mod: Limit one foe put to sleep\n|clearpoke\n|poke|p1|Inteleon, M|\n|poke|p1|Gallade, M|\n|poke|p1|Arcanine, M|\n|poke|p1|Staraptor, M|\n|poke|p1|Sandslash-Alola, F|\n|poke|p1|Electivire, F|\n|poke|p2|Garchomp, M|\n|poke|p2|Togekiss, M|\n|poke|p2|Gastrodon, F|\n|poke|p2|Roserade, F|\n|poke|p2|Milotic, F|\n|poke|p2|Spiritomb, F|\n|teampreview\n|inactive|Battle timer is ON: inactive players will automatically lose when time's up. (requested by Ash Ketchum344)\n|\n|t:|1700695558\n|start\n|switch|p1a: Inteleon|Inteleon, M|100\/100\n|switch|p2a: Spiritomb|Spiritomb, F|100\/100\n|turn|1\n|\n|t:|1700695566\n|switch|p1a: Arcanine|Arcanine, M|100\/100\n|move|p2a: Spiritomb|Sucker Punch||[still]\n|-fail|p2a: Spiritomb\n|\n|upkeep\n|turn|2\n|\n|t:|1700695572\n|move|p1a: Arcanine|Howl|p1a: Arcanine\n|-boost|p1a: Arcanine|atk|1\n|move|p2a: Spiritomb|Hypnosis|p1a: Arcanine\n|-status|p1a: Arcanine|slp|[from] move: Hypnosis\n|\n|upkeep\n|turn|3\n|\n|t:|1700695584\n|cant|p1a: Arcanine|slp\n|move|p2a: Spiritomb|Dream Eater|p1a: Arcanine\n|-damage|p1a: Arcanine|72\/100 slp\n|\n|-heal|p1a: Arcanine|78\/100 slp|[from] item: Leftovers\n|upkeep\n|turn|4\n|\n|t:|1700695592\n|-curestatus|p1a: Arcanine|slp|[msg]\n|move|p1a: Arcanine|Howl|p1a: Arcanine\n|-boost|p1a: Arcanine|atk|1\n|move|p2a: Spiritomb|Dream Eater|p1a: Arcanine\n|-immune|p1a: Arcanine\n|\n|-heal|p1a: Arcanine|84\/100|[from] item: Leftovers\n|upkeep\n|turn|5\n|\n|t:|1700695603\n|move|p1a: Arcanine|Raging Fury|p2a: Spiritomb\n|-damage|p2a: Spiritomb|0 fnt\n|faint|p2a: Spiritomb\n|\n|-heal|p1a: Arcanine|90\/100|[from] item: Leftovers\n|upkeep\n|\n|t:|1700695610\n|switch|p2a: Garchomp|Garchomp, M|100\/100\n|turn|6\n|\n|t:|1700695613\n|move|p2a: Garchomp|Earthquake|p1a: Arcanine\n|-supereffective|p1a: Arcanine\n|-damage|p1a: Arcanine|0 fnt\n|faint|p1a: Arcanine\n|\n|upkeep\n|\n|t:|1700695619\n|switch|p1a: Inteleon|Inteleon, M|100\/100\n|turn|7\n|\n|t:|1700695625\n|detailschange|p2a: Garchomp|Garchomp-Mega, M\n|-mega|p2a: Garchomp|Garchomp|Garchompite\n|move|p2a: Garchomp|Dragon Claw|p1a: Inteleon\n|-damage|p1a: Inteleon|7\/100\n|move|p1a: Inteleon|Ice Beam|p2a: Garchomp\n|-supereffective|p2a: Garchomp\n|-damage|p2a: Garchomp|0 fnt\n|faint|p2a: Garchomp\n|\n|-heal|p1a: Inteleon|13\/100|[from] item: Leftovers\n|upkeep\n|\n|t:|1700695637\n|switch|p2a: Milotic|Milotic, F|100\/100\n|turn|8\n|\n|t:|1700695655\n|move|p1a: Inteleon|Ice Beam|p2a: Milotic\n|-resisted|p2a: Milotic\n|-damage|p2a: Milotic|88\/100\n|move|p2a: Milotic|Draining Kiss|p1a: Inteleon\n|-damage|p1a: Inteleon|0 fnt\n|-heal|p2a: Milotic|96\/100|[from] drain|[of] p1a: Inteleon\n|faint|p1a: Inteleon\n|\n|upkeep\n|\n|t:|1700695664\n|switch|p1a: Electivire|Electivire, F|100\/100\n|turn|9\n|\n|t:|1700695669\n|-zpower|p2a: Milotic\n|move|p2a: Milotic|Twinkle Tackle|p1a: Electivire|[zeffect]\n|-damage|p1a: Electivire|60\/100\n|move|p1a: Electivire|Meditate|p1a: Electivire\n|-boost|p1a: Electivire|atk|1\n|\n|-heal|p1a: Electivire|66\/100|[from] item: Leftovers\n|upkeep\n|turn|10\n|\n|t:|1700695683\n|move|p2a: Milotic|Hydro Pump|p1a: Electivire\n|-damage|p1a: Electivire|0 fnt\n|faint|p1a: Electivire\n|\n|upkeep\n|\n|t:|1700695691\n|switch|p1a: Staraptor|Staraptor, M|100\/100\n|turn|11\n|\n|t:|1700695698\n|move|p1a: Staraptor|Brave Bird|p2a: Milotic\n|-damage|p2a: Milotic|0 fnt\n|faint|p2a: Milotic\n|-damage|p1a: Staraptor|67\/100|[from] Recoil\n|\n|-heal|p1a: Staraptor|73\/100|[from] item: Leftovers\n|upkeep\n|\n|t:|1700695702\n|switch|p2a: Togekiss|Togekiss, M|100\/100\n|turn|12\n|\n|t:|1700695709\n|switch|p1a: Sandslash|Sandslash-Alola, F|100\/100\n|move|p2a: Togekiss|Ancient Power|p1a: Sandslash\n|-damage|p1a: Sandslash|78\/100\n|\n|-heal|p1a: Sandslash|84\/100|[from] item: Leftovers\n|upkeep\n|turn|13\n|\n|t:|1700695718\n|switch|p2a: Gastrodon|Gastrodon, F|100\/100\n|move|p1a: Sandslash|Iron Head|p2a: Gastrodon\n|-resisted|p2a: Gastrodon\n|-damage|p2a: Gastrodon|82\/100\n|\n|-heal|p1a: Sandslash|90\/100|[from] item: Leftovers\n|-heal|p2a: Gastrodon|89\/100|[from] item: Leftovers\n|upkeep\n|turn|14\n|\n|t:|1700695730\n|switch|p1a: Staraptor|Staraptor, M|73\/100\n|move|p2a: Gastrodon|Sandstorm|p2a: Gastrodon\n|-weather|Sandstorm\n|\n|-weather|Sandstorm|[upkeep]\n|-damage|p1a: Staraptor|67\/100|[from] Sandstorm\n|-heal|p1a: Staraptor|73\/100|[from] item: Leftovers\n|-heal|p2a: Gastrodon|95\/100|[from] item: Leftovers\n|upkeep\n|turn|15\n|\n|t:|1700695740\n|move|p1a: Staraptor|Work Up|p1a: Staraptor\n|-boost|p1a: Staraptor|atk|1\n|-boost|p1a: Staraptor|spa|1\n|move|p2a: Gastrodon|Rock Slide|p1a: Staraptor\n|-supereffective|p1a: Staraptor\n|-damage|p1a: Staraptor|0 fnt\n|faint|p1a: Staraptor\n|\n|-weather|Sandstorm|[upkeep]\n|-heal|p2a: Gastrodon|100\/100|[from] item: Leftovers\n|upkeep\n|\n|t:|1700695752\n|switch|p1a: Gallade|Gallade, M|100\/100\n|turn|16\n|\n|t:|1700695759\n|move|p1a: Gallade|Bulk Up|p1a: Gallade\n|-boost|p1a: Gallade|atk|1\n|-boost|p1a: Gallade|def|1\n|move|p2a: Gastrodon|Earthquake|p1a: Gallade\n|-damage|p1a: Gallade|50\/100\n|\n|-weather|Sandstorm|[upkeep]\n|-damage|p1a: Gallade|44\/100|[from] Sandstorm\n|-heal|p1a: Gallade|50\/100|[from] item: Leftovers\n|upkeep\n|turn|17\n|\n|t:|1700695774\n|-terastallize|p1a: Gallade|Psychic\n|move|p1a: Gallade|Psycho Cut|p2a: Gastrodon\n|-damage|p2a: Gastrodon|0 fnt\n|faint|p2a: Gastrodon\n|\n|-weather|Sandstorm|[upkeep]\n|-damage|p1a: Gallade|44\/100|[from] Sandstorm\n|-heal|p1a: Gallade|50\/100|[from] item: Leftovers\n|upkeep\n|\n|t:|1700695788\n|switch|p2a: Togekiss|Togekiss, M|100\/100\n|turn|18\n|\n|t:|1700695797\n|switch|p1a: Sandslash|Sandslash-Alola, F|90\/100\n|move|p2a: Togekiss|Air Cutter|p1a: Sandslash\n|-resisted|p1a: Sandslash\n|-crit|p1a: Sandslash\n|-damage|p1a: Sandslash|65\/100\n|\n|-weather|none\n|-heal|p1a: Sandslash|70\/100|[from] item: Leftovers\n|upkeep\n|turn|19\n|\n|t:|1700695807\n|-terastallize|p2a: Togekiss|Fairy\n|move|p2a: Togekiss|Dazzling Gleam|p1a: Sandslash\n|-resisted|p1a: Sandslash\n|-damage|p1a: Sandslash|37\/100\n|move|p1a: Sandslash|Ice Spinner|p2a: Togekiss\n|-damage|p2a: Togekiss|61\/100\n|\n|-heal|p1a: Sandslash|43\/100|[from] item: Leftovers\n|upkeep\n|turn|20\n|\n|t:|1700695819\n|move|p2a: Togekiss|Dazzling Gleam|p1a: Sandslash\n|-resisted|p1a: Sandslash\n|-damage|p1a: Sandslash|11\/100\n|move|p1a: Sandslash|Iron Head|p2a: Togekiss\n|-supereffective|p2a: Togekiss\n|-damage|p2a: Togekiss|0 fnt\n|faint|p2a: Togekiss\n|\n|-heal|p1a: Sandslash|17\/100|[from] item: Leftovers\n|upkeep\n|\n|t:|1700695824\n|switch|p2a: Roserade|Roserade, F|100\/100\n|turn|21\n|\n|t:|1700695835\n|move|p1a: Sandslash|Ice Shard|p2a: Roserade\n|-supereffective|p2a: Roserade\n|-damage|p2a: Roserade|32\/100\n|move|p2a: Roserade|Extrasensory|p1a: Sandslash\n|-resisted|p1a: Sandslash\n|-damage|p1a: Sandslash|0 fnt\n|faint|p1a: Sandslash\n|\n|upkeep\n|\n|t:|1700695843\n|switch|p1a: Gallade|Gallade, M, tera:Psychic|50\/100\n|turn|22\n|\n|t:|1700695847\n|move|p2a: Roserade|Leaf Storm|p1a: Gallade\n|-damage|p1a: Gallade|0 fnt\n|-unboost|p2a: Roserade|spa|2\n|faint|p1a: Gallade\n|\n|win|Ash Ketchum344\n|raw|Onlymanever's rating: 1056 &rarr; <strong>1035<\/strong><br \/>(-21 for losing)\n|raw|Ash Ketchum344's rating: 1000 &rarr; <strong>1046<\/strong><br \/>(+46 for winning)\n|l|\u203dOnlymanever\n","uploadtime":1700695856,"views":1,"p1id":"onlymanever","p2id":"ashketchum344","formatid":"gen9nationaldex","rating":1035,"private":0,"password":""}