{"id":"gen9nationaldex-1999830965","p1":"34ThirtyFour","p2":"NovembersEve","format":"[Gen 9] National Dex","log":"|html|<div class=\"broadcast-blue\"><strong>[Gen 9] National Dex is currently suspecting Sneasler! For information on how to participate check out the <a href=\"https:\/\/www.smogon.com\/forums\/threads\/sv-national-dex-suspect-8-just-dance.3731534\/\">suspect thread<\/a>.<\/strong><\/div>\n|j|\u260634ThirtyFour\n|j|\u2606NovembersEve\n|t:|1701120768\n|gametype|singles\n|player|p1|34ThirtyFour|ruinmaniac|1189\n|player|p2|NovembersEve|dawn|1208\n|teamsize|p1|6\n|teamsize|p2|6\n|gen|9\n|tier|[Gen 9] National Dex\n|rated|\n|rule|HP Percentage Mod: HP is shown in percentages\n|rule|Endless Battle Clause: Forcing endless battles is banned\n|rule|OHKO Clause: OHKO moves are banned\n|rule|Evasion Clause: Evasion abilities, items, and moves are banned\n|rule|Evasion Abilities Clause: Evasion abilities are banned\n|rule|Evasion Items Clause: Evasion items are banned\n|rule|Evasion Moves Clause: Evasion moves are banned\n|rule|Species Clause: Limit one of each Pok\u00e9mon\n|rule|Sleep Clause Mod: Limit one foe put to sleep\n|clearpoke\n|poke|p1|Darmanitan, F|\n|poke|p1|Skeledirge, M|\n|poke|p1|Armarouge, F|\n|poke|p1|Talonflame, M|\n|poke|p1|Torkoal, M|\n|poke|p1|Camerupt, M|\n|poke|p2|Vaporeon, F|\n|poke|p2|Arcanine-Hisui, F|\n|poke|p2|Flygon, F|\n|poke|p2|Serperior, F|\n|poke|p2|Cradily, F|\n|poke|p2|Nihilego|\n|teampreview\n|inactive|Battle timer is ON: inactive players will automatically lose when time's up. (requested by NovembersEve)\n|\n|t:|1701120785\n|start\n|switch|p1a: Darmanitan|Darmanitan, F|100\/100\n|switch|p2a: Flaps|Flygon, F|100\/100\n|turn|1\n|\n|t:|1701120790\n|-terastallize|p1a: Darmanitan|Fire\n|move|p2a: Flaps|Earthquake|p1a: Darmanitan\n|-supereffective|p1a: Darmanitan\n|-damage|p1a: Darmanitan|0 fnt\n|faint|p1a: Darmanitan\n|\n|upkeep\n|\n|t:|1701120796\n|switch|p1a: Armarouge|Armarouge, F|100\/100\n|turn|2\n|\n|t:|1701120800\n|move|p1a: Armarouge|Endure|p1a: Armarouge\n|-singleturn|p1a: Armarouge|move: Endure\n|move|p2a: Flaps|Earthquake|p1a: Armarouge\n|-supereffective|p1a: Armarouge\n|-damage|p1a: Armarouge|33\/100\n|-ability|p1a: Armarouge|Weak Armor|boost\n|-unboost|p1a: Armarouge|def|1\n|-boost|p1a: Armarouge|spe|2\n|-enditem|p1a: Armarouge|Weakness Policy\n|-boost|p1a: Armarouge|atk|2|[from] item: Weakness Policy\n|-boost|p1a: Armarouge|spa|2|[from] item: Weakness Policy\n|\n|upkeep\n|turn|3\n|\n|t:|1701120809\n|move|p1a: Armarouge|Stored Power|p2a: Flaps\n|-damage|p2a: Flaps|0 fnt\n|faint|p2a: Flaps\n|\n|upkeep\n|\n|t:|1701120814\n|switch|p2a: Rawr|Arcanine-Hisui, F|100\/100\n|turn|4\n|\n|t:|1701120820\n|move|p1a: Armarouge|Endure|p1a: Armarouge\n|-singleturn|p1a: Armarouge|move: Endure\n|move|p2a: Rawr|Extreme Speed|p1a: Armarouge\n|-activate|p1a: Armarouge|move: Endure\n|-damage|p1a: Armarouge|1\/100\n|-ability|p1a: Armarouge|Weak Armor|boost\n|-unboost|p1a: Armarouge|def|1\n|-boost|p1a: Armarouge|spe|2\n|\n|upkeep\n|turn|5\n|\n|t:|1701120828\n|switch|p1a: Skeledirge|Skeledirge, M|100\/100\n|move|p2a: Rawr|Extreme Speed|p1a: Skeledirge\n|-immune|p1a: Skeledirge\n|\n|upkeep\n|turn|6\n|\n|t:|1701120836\n|switch|p1a: Armarouge|Armarouge, F|1\/100\n|move|p2a: Rawr|Head Smash|p1a: Armarouge\n|-supereffective|p1a: Armarouge\n|-damage|p1a: Armarouge|0 fnt\n|faint|p1a: Armarouge\n|\n|upkeep\n|\n|t:|1701120839\n|switch|p1a: Camerupt|Camerupt, M, shiny|100\/100\n|turn|7\n|\n|t:|1701120851\n|switch|p2a: Copypasta|Vaporeon, F|100\/100\n|detailschange|p1a: Camerupt|Camerupt-Mega, M, shiny\n|-mega|p1a: Camerupt|Camerupt|Cameruptite\n|move|p1a: Camerupt|Earth Power|p2a: Copypasta\n|-damage|p2a: Copypasta|49\/100\n|\n|-heal|p2a: Copypasta|56\/100|[from] item: Leftovers\n|upkeep\n|turn|8\n|\n|t:|1701120863\n|switch|p1a: Torkoal|Torkoal, M|100\/100\n|-weather|SunnyDay|[from] ability: Drought|[of] p1a: Torkoal\n|move|p2a: Copypasta|Calm Mind|p2a: Copypasta\n|-boost|p2a: Copypasta|spa|1\n|-boost|p2a: Copypasta|spd|1\n|\n|-weather|SunnyDay|[upkeep]\n|-heal|p2a: Copypasta|62\/100|[from] item: Leftovers\n|upkeep\n|turn|9\n|\n|t:|1701120871\n|move|p2a: Copypasta|Calm Mind|p2a: Copypasta\n|-boost|p2a: Copypasta|spa|1\n|-boost|p2a: Copypasta|spd|1\n|move|p1a: Torkoal|Stealth Rock|p2a: Copypasta\n|-sidestart|p2: NovembersEve|move: Stealth Rock\n|\n|-weather|SunnyDay|[upkeep]\n|-heal|p2a: Copypasta|68\/100|[from] item: Leftovers\n|upkeep\n|turn|10\n|\n|t:|1701120879\n|move|p2a: Copypasta|Calm Mind|p2a: Copypasta\n|-boost|p2a: Copypasta|spa|1\n|-boost|p2a: Copypasta|spd|1\n|move|p1a: Torkoal|Explosion|p2a: Copypasta\n|-damage|p2a: Copypasta|32\/100\n|faint|p1a: Torkoal\n|\n|-weather|SunnyDay|[upkeep]\n|-heal|p2a: Copypasta|38\/100|[from] item: Leftovers\n|upkeep\n|\n|t:|1701120890\n|switch|p1a: Talonflame|Talonflame, M|100\/100\n|turn|11\n|\n|t:|1701120892\n|move|p1a: Talonflame|Dual Wingbeat|p2a: Copypasta\n|-damage|p2a: Copypasta|26\/100\n|-damage|p2a: Copypasta|14\/100\n|-hitcount|p2a: Copypasta|2\n|move|p2a: Copypasta|Acid Armor|p2a: Copypasta\n|-boost|p2a: Copypasta|def|2\n|\n|-weather|SunnyDay|[upkeep]\n|-heal|p2a: Copypasta|20\/100|[from] item: Leftovers\n|upkeep\n|turn|12\n|\n|t:|1701120901\n|move|p1a: Talonflame|Dual Wingbeat|p2a: Copypasta\n|-damage|p2a: Copypasta|13\/100\n|-damage|p2a: Copypasta|7\/100\n|-hitcount|p2a: Copypasta|2\n|move|p2a: Copypasta|Stored Power|p1a: Talonflame\n|-damage|p1a: Talonflame|0 fnt\n|faint|p1a: Talonflame\n|\n|-weather|SunnyDay|[upkeep]\n|-heal|p2a: Copypasta|13\/100|[from] item: Leftovers\n|upkeep\n|\n|t:|1701120904\n|switch|p1a: Camerupt|Camerupt-Mega, M, shiny|100\/100\n|turn|13\n|\n|t:|1701120913\n|move|p2a: Copypasta|Stored Power|p1a: Camerupt\n|-damage|p1a: Camerupt|0 fnt\n|faint|p1a: Camerupt\n|\n|-weather|SunnyDay|[upkeep]\n|-heal|p2a: Copypasta|19\/100|[from] item: Leftovers\n|upkeep\n|l|\u260634ThirtyFour\n|inactive|34ThirtyFour disconnected and has a minute to reconnect!\n|player|p1|\n|inactive|34ThirtyFour has 30 seconds to reconnect!\n|inactive|34ThirtyFour has 20 seconds to reconnect!\n|inactive|34ThirtyFour has 15 seconds to reconnect!\n|inactive|34ThirtyFour has 10 seconds to reconnect!\n|inactive|34ThirtyFour has 5 seconds to reconnect!\n|-message|34ThirtyFour lost due to inactivity.\n|\n|win|NovembersEve\n|raw|34ThirtyFour's rating: 1189 &rarr; <strong>1165<\/strong><br \/>(-24 for losing)\n|raw|NovembersEve's rating: 1208 &rarr; <strong>1232<\/strong><br \/>(+24 for winning)\n","uploadtime":1701120976,"views":1,"p1id":"34thirtyfour","p2id":"novemberseve","formatid":"gen9nationaldex","rating":1165,"private":0,"password":""}