{"id":"gen9nationaldex-1989768156","p1":"perv51","p2":"EvelynIsBased","format":"[Gen 9] National Dex","log":"|j|\u2606perv51\n|j|\u2606EvelynIsBased\n|t:|1699894080\n|gametype|singles\n|player|p1|perv51|jasmine|1103\n|player|p2|EvelynIsBased|guitarist|1202\n|teamsize|p1|6\n|teamsize|p2|6\n|gen|9\n|tier|[Gen 9] National Dex\n|rated|\n|rule|HP Percentage Mod: HP is shown in percentages\n|rule|Endless Battle Clause: Forcing endless battles is banned\n|rule|OHKO Clause: OHKO moves are banned\n|rule|Evasion Clause: Evasion abilities, items, and moves are banned\n|rule|Evasion Abilities Clause: Evasion abilities are banned\n|rule|Evasion Items Clause: Evasion items are banned\n|rule|Evasion Moves Clause: Evasion moves are banned\n|rule|Species Clause: Limit one of each Pok\u00e9mon\n|rule|Sleep Clause Mod: Limit one foe put to sleep\n|clearpoke\n|poke|p1|Swellow, M|\n|poke|p1|Gardevoir, F|\n|poke|p1|Machamp, M|\n|poke|p1|Toxapex, F|\n|poke|p1|Ninetales-Alola, F|\n|poke|p1|Xurkitree|\n|poke|p2|Cloyster, F|\n|poke|p2|Ambipom, F|\n|poke|p2|Urshifu-*, M|\n|poke|p2|Magnezone|\n|poke|p2|Heracross, M|\n|poke|p2|Haxorus, M|\n|teampreview\n|\n|t:|1699894094\n|start\n|switch|p1a: Sett|Machamp, M|100\/100\n|switch|p2a: Magnezone|Magnezone, shiny|100\/100\n|turn|1\n|\n|t:|1699894107\n|move|p1a: Sett|Dynamic Punch|p2a: Magnezone\n|-supereffective|p2a: Magnezone\n|-damage|p2a: Magnezone|0 fnt\n|faint|p2a: Magnezone\n|\n|upkeep\n|\n|t:|1699894120\n|switch|p2a: Cloyster|Cloyster, F|100\/100\n|turn|2\n|\n|t:|1699894122\n|-terastallize|p2a: Cloyster|Ghost\n|move|p2a: Cloyster|Shell Smash|p2a: Cloyster\n|-unboost|p2a: Cloyster|def|1\n|-unboost|p2a: Cloyster|spd|1\n|-boost|p2a: Cloyster|atk|2\n|-boost|p2a: Cloyster|spa|2\n|-boost|p2a: Cloyster|spe|2\n|-enditem|p2a: Cloyster|White Herb\n|-clearnegativeboost|p2a: Cloyster|[silent]\n|move|p1a: Sett|Dynamic Punch|p2a: Cloyster\n|-immune|p2a: Cloyster\n|\n|upkeep\n|turn|3\n|\n|t:|1699894133\n|move|p2a: Cloyster|Icicle Spear|p1a: Sett\n|-damage|p1a: Sett|79\/100\n|-damage|p1a: Sett|57\/100\n|-damage|p1a: Sett|34\/100\n|-damage|p1a: Sett|10\/100\n|-damage|p1a: Sett|0 fnt\n|faint|p1a: Sett\n|-hitcount|p1: Sett|5\n|\n|upkeep\n|\n|t:|1699894139\n|switch|p1a: Ahri|Ninetales-Alola, F, shiny|100\/100\n|-weather|Snow|[from] ability: Snow Warning|[of] p1a: Ahri\n|turn|4\n|\n|t:|1699894141\n|move|p2a: Cloyster|Rock Blast|p1a: Ahri\n|-supereffective|p1a: Ahri\n|-damage|p1a: Ahri|64\/100\n|-supereffective|p1a: Ahri\n|-damage|p1a: Ahri|29\/100\n|-supereffective|p1a: Ahri\n|-damage|p1a: Ahri|0 fnt\n|faint|p1a: Ahri\n|-hitcount|p1: Ahri|3\n|\n|-weather|Snow|[upkeep]\n|upkeep\n|\n|t:|1699894146\n|switch|p1a: Akali|Toxapex, F|100\/100\n|turn|5\n|\n|t:|1699894154\n|move|p1a: Akali|Baneful Bunker|p1a: Akali\n|-singleturn|p1a: Akali|move: Protect\n|move|p2a: Cloyster|Rock Blast|p1a: Akali\n|-activate|p1a: Akali|move: Protect\n|\n|-weather|Snow|[upkeep]\n|upkeep\n|turn|6\n|\n|t:|1699894160\n|move|p2a: Cloyster|Rock Blast|p1a: Akali\n|-damage|p1a: Akali|89\/100\n|-damage|p1a: Akali|77\/100\n|-damage|p1a: Akali|64\/100\n|-damage|p1a: Akali|52\/100\n|-damage|p1a: Akali|40\/100\n|-hitcount|p1a: Akali|5\n|move|p1a: Akali|Pain Split|p2a: Cloyster\n|-sethp|p2a: Cloyster|70\/100|[from] move: Pain Split|[silent]\n|-sethp|p1a: Akali|70\/100|[from] move: Pain Split\n|\n|-weather|Snow|[upkeep]\n|upkeep\n|turn|7\n|\n|t:|1699894169\n|move|p2a: Cloyster|Shell Smash|p2a: Cloyster\n|-unboost|p2a: Cloyster|def|1\n|-unboost|p2a: Cloyster|spd|1\n|-boost|p2a: Cloyster|atk|2\n|-boost|p2a: Cloyster|spa|2\n|-boost|p2a: Cloyster|spe|2\n|move|p1a: Akali|Toxic Spikes|p2a: Cloyster\n|-sidestart|p2: EvelynIsBased|move: Toxic Spikes\n|\n|-weather|Snow|[upkeep]\n|upkeep\n|turn|8\n|\n|t:|1699894179\n|move|p2a: Cloyster|Shell Smash|p2a: Cloyster\n|-unboost|p2a: Cloyster|def|1\n|-unboost|p2a: Cloyster|spd|1\n|-boost|p2a: Cloyster|atk|2\n|-boost|p2a: Cloyster|spa|2\n|-boost|p2a: Cloyster|spe|2\n|move|p1a: Akali|Pain Split|p2a: Cloyster\n|-sethp|p2a: Cloyster|70\/100|[from] move: Pain Split|[silent]\n|-sethp|p1a: Akali|70\/100|[from] move: Pain Split\n|\n|-weather|none\n|upkeep\n|turn|9\n|\n|t:|1699894186\n|move|p2a: Cloyster|Rock Blast|p1a: Akali\n|-damage|p1a: Akali|47\/100\n|-damage|p1a: Akali|24\/100\n|-damage|p1a: Akali|0 fnt\n|faint|p1a: Akali\n|-hitcount|p1: Akali|3\n|\n|upkeep\n|\n|t:|1699894191\n|switch|p1a: Quinn|Swellow, M|100\/100\n|turn|10\n|\n|t:|1699894194\n|move|p2a: Cloyster|Icicle Spear|p1a: Quinn\n|-supereffective|p1a: Quinn\n|-damage|p1a: Quinn|0 fnt\n|faint|p1a: Quinn\n|-hitcount|p1: Quinn|1\n|\n|upkeep\n|-message|perv51 forfeited.\n|\n|win|EvelynIsBased\n|raw|perv51's rating: 1103 &rarr; <strong>1085<\/strong><br \/>(-18 for losing)\n|raw|EvelynIsBased's rating: 1202 &rarr; <strong>1220<\/strong><br \/>(+18 for winning)\n|l|\u2606perv51\n","uploadtime":1699894202,"views":5,"p1id":"perv51","p2id":"evelynisbased","formatid":"gen9nationaldex","rating":1085,"private":0,"password":""}