{"id":"gen9nationaldex-1997206675","p1":"Alraakun","p2":"YorguisMorguis","format":"[Gen 9] National Dex","log":"|html|<div class=\"broadcast-blue\"><strong>[Gen 9] National Dex is currently suspecting Sneasler! For information on how to participate check out the <a href=\"https:\/\/www.smogon.com\/forums\/threads\/sv-national-dex-suspect-8-just-dance.3731534\/\">suspect thread<\/a>.<\/strong><\/div>\n|j|\u2606Alraakun\n|j|\u2606YorguisMorguis\n|t:|1700775535\n|gametype|singles\n|player|p1|Alraakun|n|\n|player|p2|YorguisMorguis|102|\n|teamsize|p1|6\n|teamsize|p2|6\n|gen|9\n|tier|[Gen 9] National Dex\n|rule|HP Percentage Mod: HP is shown in percentages\n|rule|Endless Battle Clause: Forcing endless battles is banned\n|rule|OHKO Clause: OHKO moves are banned\n|rule|Evasion Clause: Evasion abilities, items, and moves are banned\n|rule|Evasion Abilities Clause: Evasion abilities are banned\n|rule|Evasion Items Clause: Evasion items are banned\n|rule|Evasion Moves Clause: Evasion moves are banned\n|rule|Species Clause: Limit one of each Pok\u00e9mon\n|rule|Sleep Clause Mod: Limit one foe put to sleep\n|clearpoke\n|poke|p1|Landorus-Therian, M|\n|poke|p1|Tapu Koko|\n|poke|p1|Garchomp, F|\n|poke|p1|Kartana|\n|poke|p1|Volcarona, M|\n|poke|p1|Meowscarada, F|\n|poke|p2|Aggron, M|\n|poke|p2|Reuniclus, M|\n|poke|p2|Jolteon, M|\n|poke|p2|Mantine, M|\n|poke|p2|Malamar, F|\n|poke|p2|Clodsire, F|\n|teampreview\n|j| Guillarco28\n|\n|t:|1700775616\n|start\n|switch|p1a: Meowscarada|Meowscarada, F|100\/100\n|switch|p2a: Quien?|Clodsire, F|100\/100\n|turn|1\n|\n|t:|1700775627\n|move|p1a: Meowscarada|U-turn|p2a: Quien?\n|-resisted|p2a: Quien?\n|-damage|p2a: Quien?|90\/100\n|\n|t:|1700775645\n|switch|p1a: Garchomp|Garchomp, F|100\/100|[from] U-turn\n|move|p2a: Quien?|Yawn|p1a: Garchomp\n|-start|p1a: Garchomp|move: Yawn|[of] p2a: Quien?\n|\n|upkeep\n|turn|2\n|\n|t:|1700775656\n|switch|p1a: Landorus|Landorus-Therian, M|100\/100\n|-ability|p1a: Landorus|Intimidate|boost\n|-unboost|p2a: Quien?|atk|1\n|move|p2a: Quien?|Stealth Rock|p1a: Landorus\n|-sidestart|p1: Alraakun|move: Stealth Rock\n|\n|upkeep\n|turn|3\n|\n|t:|1700775669\n|move|p1a: Landorus|Earthquake|p2a: Quien?\n|-supereffective|p2a: Quien?\n|-damage|p2a: Quien?|0 fnt\n|faint|p2a: Quien?\n|\n|upkeep\n|\n|t:|1700775694\n|switch|p2a: Malapecora|Malamar, F|100\/100\n|turn|4\n|\n|t:|1700775725\n|move|p2a: Malapecora|Superpower|p1a: Landorus\n|-resisted|p1a: Landorus\n|-damage|p1a: Landorus|79\/100\n|-boost|p2a: Malapecora|atk|1\n|-boost|p2a: Malapecora|def|1\n|move|p1a: Landorus|Earthquake|p2a: Malapecora\n|-damage|p2a: Malapecora|58\/100\n|\n|upkeep\n|turn|5\n|\n|t:|1700775740\n|move|p2a: Malapecora|Superpower|p1a: Landorus\n|-resisted|p1a: Landorus\n|-damage|p1a: Landorus|46\/100\n|-boost|p2a: Malapecora|atk|1\n|-boost|p2a: Malapecora|def|1\n|move|p1a: Landorus|Earthquake|p2a: Malapecora\n|-damage|p2a: Malapecora|22\/100\n|\n|upkeep\n|turn|6\n|\n|t:|1700775754\n|move|p2a: Malapecora|Superpower|p1a: Landorus\n|-resisted|p1a: Landorus\n|-damage|p1a: Landorus|0 fnt\n|-boost|p2a: Malapecora|atk|1\n|-boost|p2a: Malapecora|def|1\n|faint|p1a: Landorus\n|\n|upkeep\n|\n|t:|1700775767\n|switch|p1a: Volcarona|Volcarona, M|100\/100\n|turn|7\n|\n|t:|1700775774\n|move|p2a: Malapecora|Superpower|p1a: Volcarona\n|-resisted|p1a: Volcarona\n|-damage|p1a: Volcarona|35\/100\n|-boost|p2a: Malapecora|atk|1\n|-boost|p2a: Malapecora|def|1\n|move|p1a: Volcarona|Quiver Dance|p1a: Volcarona\n|-boost|p1a: Volcarona|spa|1\n|-boost|p1a: Volcarona|spd|1\n|-boost|p1a: Volcarona|spe|1\n|\n|upkeep\n|turn|8\n|c|\u2606Alraakun|missclick\n|\n|t:|1700775821\n|switch|p1a: Meowscarada|Meowscarada, F|100\/100\n|-damage|p1a: Meowscarada|88\/100|[from] Stealth Rock\n|move|p2a: Malapecora|Superpower|p1a: Meowscarada\n|-supereffective|p1a: Meowscarada\n|-damage|p1a: Meowscarada|0 fnt\n|-boost|p2a: Malapecora|atk|1\n|-boost|p2a: Malapecora|def|1\n|faint|p1a: Meowscarada\n|\n|upkeep\n|\n|t:|1700775826\n|switch|p1a: Garchomp|Garchomp, F|100\/100\n|-damage|p1a: Garchomp|94\/100|[from] Stealth Rock\n|turn|9\n|\n|t:|1700775861\n|detailschange|p1a: Garchomp|Garchomp-Mega, F\n|-mega|p1a: Garchomp|Garchomp|Garchompite\n|move|p2a: Malapecora|Superpower|p1a: Garchomp\n|-crit|p1a: Garchomp\n|-damage|p1a: Garchomp|0 fnt\n|-boost|p2a: Malapecora|atk|1\n|-boost|p2a: Malapecora|def|1\n|faint|p1a: Garchomp\n|\n|upkeep\n|\n|t:|1700775885\n|switch|p1a: Kartana|Kartana|100\/100\n|-damage|p1a: Kartana|94\/100|[from] Stealth Rock\n|turn|10\n|\n|t:|1700775927\n|-terastallize|p1a: Kartana|Fighting\n|move|p2a: Malapecora|Superpower|p1a: Kartana\n|-damage|p1a: Kartana|0 fnt\n|faint|p1a: Kartana\n|\n|upkeep\n|\n|t:|1700775936\n|switch|p1a: Tapu Koko|Tapu Koko|100\/100\n|-damage|p1a: Tapu Koko|88\/100|[from] Stealth Rock\n|-fieldstart|move: Electric Terrain|[from] ability: Electric Surge|[of] p1a: Tapu Koko\n|turn|11\n|\n|t:|1700775958\n|move|p1a: Tapu Koko|Dazzling Gleam|p2a: Malapecora\n|-supereffective|p2a: Malapecora\n|-damage|p2a: Malapecora|0 fnt\n|faint|p2a: Malapecora\n|-damage|p1a: Tapu Koko|78\/100|[from] item: Life Orb\n|\n|upkeep\n|\n|t:|1700775974\n|switch|p2a: Manto rayo|Mantine, M|100\/100\n|turn|12\n|\n|t:|1700775984\n|-terastallize|p2a: Manto rayo|Normal\n|move|p1a: Tapu Koko|Thunderbolt|p2a: Manto rayo\n|-damage|p2a: Manto rayo|61\/100\n|-damage|p1a: Tapu Koko|68\/100|[from] item: Life Orb\n|move|p2a: Manto rayo|Tailwind|p2a: Manto rayo\n|-sidestart|p2: YorguisMorguis|move: Tailwind\n|\n|-heal|p2a: Manto rayo|68\/100|[from] item: Leftovers\n|upkeep\n|turn|13\n|\n|t:|1700775997\n|move|p1a: Tapu Koko|Thunderbolt|p2a: Manto rayo\n|-damage|p2a: Manto rayo|33\/100\n|-damage|p1a: Tapu Koko|58\/100|[from] item: Life Orb\n|move|p2a: Manto rayo|Confuse Ray|p1a: Tapu Koko\n|-start|p1a: Tapu Koko|confusion\n|\n|-heal|p2a: Manto rayo|39\/100|[from] item: Leftovers\n|upkeep\n|turn|14\n|\n|t:|1700776026\n|-activate|p1a: Tapu Koko|confusion\n|move|p1a: Tapu Koko|Thunderbolt|p2a: Manto rayo\n|-damage|p2a: Manto rayo|3\/100\n|-damage|p1a: Tapu Koko|48\/100|[from] item: Life Orb\n|move|p2a: Manto rayo|Air Slash|p1a: Tapu Koko\n|-resisted|p1a: Tapu Koko\n|-damage|p1a: Tapu Koko|32\/100\n|\n|-heal|p2a: Manto rayo|9\/100|[from] item: Leftovers\n|upkeep\n|turn|15\n|\n|t:|1700776044\n|-activate|p1a: Tapu Koko|confusion\n|move|p1a: Tapu Koko|Thunderbolt|p2a: Manto rayo\n|-damage|p2a: Manto rayo|0 fnt\n|faint|p2a: Manto rayo\n|-damage|p1a: Tapu Koko|22\/100|[from] item: Life Orb\n|\n|-sideend|p2: YorguisMorguis|move: Tailwind\n|-fieldend|move: Electric Terrain\n|upkeep\n|\n|t:|1700776059\n|switch|p2a: Green Peace|Aggron, M|100\/100\n|turn|16\n|\n|t:|1700776067\n|detailschange|p2a: Green Peace|Aggron-Mega, M\n|-mega|p2a: Green Peace|Aggron|Aggronite\n|-activate|p1a: Tapu Koko|confusion\n|move|p1a: Tapu Koko|Grass Knot|p2a: Green Peace\n|-resisted|p2a: Green Peace\n|-damage|p2a: Green Peace|77\/100\n|-damage|p1a: Tapu Koko|12\/100|[from] item: Life Orb\n|move|p2a: Green Peace|Iron Head|p1a: Tapu Koko\n|-damage|p1a: Tapu Koko|0 fnt\n|faint|p1a: Tapu Koko\n|\n|upkeep\n|\n|t:|1700776073\n|switch|p1a: Volcarona|Volcarona, M|35\/100\n|turn|17\n|\n|t:|1700776087\n|move|p1a: Volcarona|Fiery Dance|p2a: Green Peace\n|-supereffective|p2a: Green Peace\n|-damage|p2a: Green Peace|0 fnt\n|-boost|p1a: Volcarona|spa|1\n|faint|p2a: Green Peace\n|\n|upkeep\n|\n|t:|1700776097\n|switch|p2a: Perrito piloto|Jolteon, M|100\/100\n|-item|p2a: Perrito piloto|Air Balloon\n|turn|18\n|\n|t:|1700776110\n|move|p2a: Perrito piloto|Volt Switch|p1a: Volcarona\n|-damage|p1a: Volcarona|0 fnt\n|faint|p1a: Volcarona\n|\n|win|YorguisMorguis\n","uploadtime":1700776117,"views":20,"p1id":"alraakun","p2id":"yorguismorguis","formatid":"gen9nationaldex","rating":0,"private":0,"password":""}