{"id":"gen9nationaldex-1998414426","p1":"Prtbl_Trash","p2":"Over158","format":"[Gen 9] National Dex","log":"|html|<div class=\"broadcast-blue\"><strong>[Gen 9] National Dex is currently suspecting Sneasler! For information on how to participate check out the <a href=\"https:\/\/www.smogon.com\/forums\/threads\/sv-national-dex-suspect-8-just-dance.3731534\/\">suspect thread<\/a>.<\/strong><\/div>\n|j|\u2606Prtbl_Trash\n|j|\u2606Over158\n|t:|1700939673\n|gametype|singles\n|player|p1|Prtbl_Trash|rosa|1348\n|player|p2|Over158|colress|1215\n|teamsize|p1|6\n|teamsize|p2|6\n|gen|9\n|tier|[Gen 9] National Dex\n|rated|\n|rule|HP Percentage Mod: HP is shown in percentages\n|rule|Endless Battle Clause: Forcing endless battles is banned\n|rule|OHKO Clause: OHKO moves are banned\n|rule|Evasion Clause: Evasion abilities, items, and moves are banned\n|rule|Evasion Abilities Clause: Evasion abilities are banned\n|rule|Evasion Items Clause: Evasion items are banned\n|rule|Evasion Moves Clause: Evasion moves are banned\n|rule|Species Clause: Limit one of each Pok\u00e9mon\n|rule|Sleep Clause Mod: Limit one foe put to sleep\n|clearpoke\n|poke|p1|Toxtricity, M|\n|poke|p1|Corviknight, F|\n|poke|p1|Hydreigon, M|\n|poke|p1|Clefable, F|\n|poke|p1|Rillaboom, M|\n|poke|p1|Urshifu-*, F|\n|poke|p2|Incineroar, M|\n|poke|p2|Ogerpon-Wellspring, F|\n|poke|p2|Gliscor, M|\n|poke|p2|Slowbro-Galar, F|\n|poke|p2|Diancie|\n|poke|p2|Rotom|\n|teampreview\n|inactive|Battle timer is ON: inactive players will automatically lose when time's up. (requested by Over158)\n|inactive|Prtbl_Trash also wants the timer to be on.\n|\n|t:|1700939681\n|start\n|switch|p1a: Corviknight|Corviknight, F|100\/100\n|switch|p2a: Slowbro|Slowbro-Galar, F, shiny|100\/100\n|-ability|p1a: Corviknight|Pressure\n|turn|1\n|\n|t:|1700939685\n|move|p1a: Corviknight|U-turn|p2a: Slowbro\n|-damage|p2a: Slowbro|91\/100\n|\n|t:|1700939692\n|switch|p1a: Clefable|Clefable, F|100\/100|[from] U-turn\n|move|p2a: Slowbro|Calm Mind|p2a: Slowbro\n|-boost|p2a: Slowbro|spa|1\n|-boost|p2a: Slowbro|spd|1\n|\n|upkeep\n|turn|2\n|\n|t:|1700939696\n|move|p1a: Clefable|Thunder Wave|p2a: Slowbro\n|-status|p2a: Slowbro|par\n|move|p2a: Slowbro|Calm Mind|p2a: Slowbro\n|-boost|p2a: Slowbro|spa|1\n|-boost|p2a: Slowbro|spd|1\n|\n|upkeep\n|turn|3\n|\n|t:|1700939699\n|move|p1a: Clefable|Knock Off|p2a: Slowbro\n|-supereffective|p2a: Slowbro\n|-damage|p2a: Slowbro|77\/100 par\n|cant|p2a: Slowbro|par\n|\n|upkeep\n|turn|4\n|\n|t:|1700939704\n|switch|p1a: Urshifu|Urshifu-Rapid-Strike, F|100\/100\n|move|p2a: Slowbro|Slack Off|p2a: Slowbro\n|-heal|p2a: Slowbro|100\/100 par\n|\n|upkeep\n|turn|5\n|\n|t:|1700939711\n|detailschange|p2a: Slowbro|Slowbro-Mega, F, shiny\n|-mega|p2a: Slowbro|Slowbro|Slowbronite\n|-terastallize|p1a: Urshifu|Water\n|move|p1a: Urshifu|Swords Dance|p1a: Urshifu\n|-boost|p1a: Urshifu|atk|2\n|move|p2a: Slowbro|Scald|p1a: Urshifu\n|-resisted|p1a: Urshifu\n|-damage|p1a: Urshifu|51\/100\n|\n|upkeep\n|turn|6\n|\n|t:|1700939738\n|move|p1a: Urshifu|Close Combat|p2a: Slowbro\n|-resisted|p2a: Slowbro\n|-damage|p2a: Slowbro|77\/100 par\n|-unboost|p1a: Urshifu|def|1\n|-unboost|p1a: Urshifu|spd|1\n|move|p2a: Slowbro|Shell Side Arm|p1a: Urshifu|[anim] Shell Side Arm Special\n|-damage|p1a: Urshifu|0 fnt\n|-hint|Special Shell Side Arm\n|faint|p1a: Urshifu\n|\n|upkeep\n|\n|t:|1700939742\n|switch|p1a: Toxtricity|Toxtricity, M|100\/100\n|turn|7\n|\n|t:|1700939746\n|move|p1a: Toxtricity|Boomburst|p2a: Slowbro\n|-damage|p2a: Slowbro|29\/100 par\n|move|p2a: Slowbro|Slack Off|p2a: Slowbro\n|-heal|p2a: Slowbro|79\/100 par\n|\n|upkeep\n|turn|8\n|\n|t:|1700939749\n|move|p1a: Toxtricity|Boomburst|p2a: Slowbro\n|-damage|p2a: Slowbro|31\/100 par\n|move|p2a: Slowbro|Scald|p1a: Toxtricity\n|-damage|p1a: Toxtricity|0 fnt\n|faint|p1a: Toxtricity\n|\n|upkeep\n|\n|t:|1700939756\n|switch|p1a: Rillaboom|Rillaboom, M|100\/100\n|-fieldstart|move: Grassy Terrain|[from] ability: Grassy Surge|[of] p1a: Rillaboom\n|turn|9\n|\n|t:|1700939759\n|move|p1a: Rillaboom|U-turn|p2a: Slowbro\n|-supereffective|p2a: Slowbro\n|-damage|p2a: Slowbro|0 fnt\n|faint|p2a: Slowbro\n|\n|t:|1700939767\n|switch|p1a: Clefable|Clefable, F|100\/100|[from] U-turn\n|\n|upkeep\n|\n|t:|1700939772\n|switch|p2a: Gliscor|Gliscor, M, shiny|100\/100\n|turn|10\n|\n|t:|1700939776\n|move|p2a: Gliscor|Toxic|p1a: Clefable\n|-status|p1a: Clefable|tox\n|move|p1a: Clefable|Knock Off|p2a: Gliscor\n|-damage|p2a: Gliscor|91\/100\n|-enditem|p2a: Gliscor|Toxic Orb|[from] move: Knock Off|[of] p1a: Clefable\n|\n|upkeep\n|turn|11\n|\n|t:|1700939781\n|move|p2a: Gliscor|Earthquake|p1a: Clefable\n|-damage|p1a: Clefable|87\/100 tox\n|move|p1a: Clefable|Moonblast|p2a: Gliscor\n|-damage|p2a: Gliscor|55\/100\n|\n|-heal|p1a: Clefable|93\/100 tox|[from] Grassy Terrain\n|-heal|p1a: Clefable|99\/100 tox|[from] item: Leftovers\n|upkeep\n|turn|12\n|\n|t:|1700939786\n|move|p2a: Gliscor|Fire Fang|p1a: Clefable\n|-damage|p1a: Clefable|85\/100 tox\n|move|p1a: Clefable|Moonblast|p2a: Gliscor\n|-damage|p2a: Gliscor|15\/100\n|\n|-heal|p1a: Clefable|91\/100 tox|[from] Grassy Terrain\n|-heal|p1a: Clefable|97\/100 tox|[from] item: Leftovers\n|upkeep\n|turn|13\n|\n|t:|1700939792\n|move|p2a: Gliscor|Fire Fang|p1a: Clefable\n|-damage|p1a: Clefable|86\/100 tox\n|move|p1a: Clefable|Moonblast|p2a: Gliscor\n|-damage|p2a: Gliscor|0 fnt\n|faint|p2a: Gliscor\n|\n|-heal|p1a: Clefable|92\/100 tox|[from] Grassy Terrain\n|-heal|p1a: Clefable|98\/100 tox|[from] item: Leftovers\n|-fieldend|move: Grassy Terrain\n|upkeep\n|\n|t:|1700939809\n|switch|p2a: Rotom|Rotom|100\/100\n|turn|14\n|\n|t:|1700939813\n|move|p2a: Rotom|Shadow Ball|p1a: Clefable\n|-damage|p1a: Clefable|63\/100 tox\n|-damage|p2a: Rotom|91\/100|[from] item: Life Orb\n|move|p1a: Clefable|Knock Off|p2a: Rotom\n|-supereffective|p2a: Rotom\n|-damage|p2a: Rotom|41\/100\n|-enditem|p2a: Rotom|Life Orb|[from] move: Knock Off|[of] p1a: Clefable\n|\n|-heal|p1a: Clefable|69\/100 tox|[from] item: Leftovers\n|upkeep\n|turn|15\n|\n|t:|1700939823\n|move|p2a: Rotom|Shadow Ball|p1a: Clefable\n|-damage|p1a: Clefable|40\/100 tox\n|move|p1a: Clefable|Soft-Boiled|p1a: Clefable\n|-heal|p1a: Clefable|90\/100 tox\n|\n|-heal|p1a: Clefable|96\/100 tox|[from] item: Leftovers\n|upkeep\n|turn|16\n|\n|t:|1700939828\n|move|p2a: Rotom|Shadow Ball|p1a: Clefable\n|-damage|p1a: Clefable|68\/100 tox\n|move|p1a: Clefable|Moonblast|p2a: Rotom\n|-damage|p2a: Rotom|0 fnt\n|faint|p2a: Rotom\n|\n|-heal|p1a: Clefable|74\/100 tox|[from] item: Leftovers\n|upkeep\n|\n|t:|1700939836\n|switch|p2a: Ogerpon|Ogerpon-Wellspring, F|100\/100\n|turn|17\n|\n|t:|1700939840\n|move|p2a: Ogerpon|Spiky Shield|p2a: Ogerpon\n|-singleturn|p2a: Ogerpon|move: Protect\n|move|p1a: Clefable|Thunder Wave|p2a: Ogerpon\n|-activate|p2a: Ogerpon|move: Protect\n|\n|-heal|p1a: Clefable|80\/100 tox|[from] item: Leftovers\n|upkeep\n|turn|18\n|\n|t:|1700939845\n|-terastallize|p2a: Ogerpon|Water\n|detailschange|p2a: Ogerpon|Ogerpon-Wellspring-Tera, F, tera:Water\n|-ability|p2a: Ogerpon|Embody Aspect (Wellspring)|boost\n|-boost|p2a: Ogerpon|spd|1\n|move|p2a: Ogerpon|Ivy Cudgel|p1a: Clefable|[anim] Ivy Cudgel Water\n|-damage|p1a: Clefable|14\/100 tox\n|move|p1a: Clefable|Thunder Wave|p2a: Ogerpon\n|-status|p2a: Ogerpon|par\n|\n|-heal|p1a: Clefable|20\/100 tox|[from] item: Leftovers\n|upkeep\n|turn|19\n|\n|t:|1700939857\n|move|p2a: Ogerpon|Spiky Shield|p2a: Ogerpon\n|-singleturn|p2a: Ogerpon|move: Protect\n|move|p1a: Clefable|Soft-Boiled|p1a: Clefable\n|-heal|p1a: Clefable|70\/100 tox\n|\n|-heal|p1a: Clefable|76\/100 tox|[from] item: Leftovers\n|upkeep\n|turn|20\n|\n|t:|1700939865\n|switch|p1a: Rillaboom|Rillaboom, M|100\/100\n|-fieldstart|move: Grassy Terrain|[from] ability: Grassy Surge|[of] p1a: Rillaboom\n|move|p2a: Ogerpon|Ivy Cudgel|p1a: Rillaboom|[anim] Ivy Cudgel Water\n|-resisted|p1a: Rillaboom\n|-damage|p1a: Rillaboom|55\/100\n|\n|-heal|p1a: Rillaboom|61\/100|[from] Grassy Terrain\n|upkeep\n|turn|21\n|\n|t:|1700939871\n|move|p1a: Rillaboom|U-turn|p2a: Ogerpon\n|-damage|p2a: Ogerpon|52\/100 par\n|\n|t:|1700939873\n|switch|p1a: Corviknight|Corviknight, F|100\/100|[from] U-turn\n|-ability|p1a: Corviknight|Pressure\n|move|p2a: Ogerpon|U-turn|p1a: Corviknight\n|-resisted|p1a: Corviknight\n|-crit|p1a: Corviknight\n|-damage|p1a: Corviknight|94\/100\n|-damage|p2a: Ogerpon|35\/100 par|[from] item: Rocky Helmet|[of] p1a: Corviknight\n|\n|t:|1700939876\n|switch|p2a: Incineroar|Incineroar, M, shiny|100\/100|[from] U-turn\n|-ability|p2a: Incineroar|Intimidate|boost\n|-unboost|p1a: Corviknight|atk|1\n|\n|upkeep\n|turn|22\n|\n|t:|1700939880\n|move|p1a: Corviknight|U-turn|p2a: Incineroar\n|-crit|p2a: Incineroar\n|-damage|p2a: Incineroar|78\/100\n|\n|t:|1700939884\n|switch|p1a: Hydreigon|Hydreigon, M|100\/100|[from] U-turn\n|move|p2a: Incineroar|Flare Blitz|p1a: Hydreigon\n|-resisted|p1a: Hydreigon\n|-damage|p1a: Hydreigon|62\/100\n|-damage|p2a: Incineroar|68\/100|[from] Recoil\n|\n|-heal|p2a: Incineroar|74\/100|[from] Grassy Terrain\n|upkeep\n|turn|23\n|\n|t:|1700939889\n|move|p1a: Hydreigon|Stealth Rock|p2a: Incineroar\n|-sidestart|p2: Over158|move: Stealth Rock\n|move|p2a: Incineroar|Leech Life|p1a: Hydreigon\n|-supereffective|p1a: Hydreigon\n|-damage|p1a: Hydreigon|0 fnt\n|-heal|p2a: Incineroar|99\/100|[from] drain|[of] p1a: Hydreigon\n|faint|p1a: Hydreigon\n|\n|-heal|p2a: Incineroar|100\/100|[from] Grassy Terrain\n|upkeep\n|\n|t:|1700939893\n|switch|p1a: Clefable|Clefable, F|76\/100 tox\n|turn|24\n|\n|t:|1700939897\n|move|p2a: Incineroar|Flare Blitz|p1a: Clefable\n|-damage|p1a: Clefable|21\/100 tox\n|-damage|p2a: Incineroar|82\/100|[from] Recoil\n|move|p1a: Clefable|Thunder Wave|p2a: Incineroar\n|-status|p2a: Incineroar|par\n|\n|-heal|p1a: Clefable|27\/100 tox|[from] Grassy Terrain\n|-heal|p1a: Clefable|33\/100 tox|[from] item: Leftovers\n|-heal|p2a: Incineroar|88\/100 par|[from] Grassy Terrain\n|-fieldend|move: Grassy Terrain\n|upkeep\n|turn|25\n|\n|t:|1700939910\n|move|p1a: Clefable|Soft-Boiled|p1a: Clefable\n|-heal|p1a: Clefable|83\/100 tox\n|cant|p2a: Incineroar|par\n|\n|-heal|p1a: Clefable|89\/100 tox|[from] item: Leftovers\n|upkeep\n|turn|26\n|\n|t:|1700939914\n|move|p1a: Clefable|Knock Off|p2a: Incineroar\n|-resisted|p2a: Incineroar\n|-damage|p2a: Incineroar|83\/100 par\n|-zpower|p2a: Incineroar\n|move|p2a: Incineroar|Malicious Moonsault|p1a: Clefable|[zeffect]\n|-resisted|p1a: Clefable\n|-damage|p1a: Clefable|49\/100 tox\n|\n|-heal|p1a: Clefable|55\/100 tox|[from] item: Leftovers\n|upkeep\n|turn|27\n|\n|t:|1700939923\n|move|p1a: Clefable|Soft-Boiled|p1a: Clefable\n|-heal|p1a: Clefable|100\/100 tox\n|move|p2a: Incineroar|Flare Blitz|p1a: Clefable\n|-damage|p1a: Clefable|42\/100 tox\n|-damage|p2a: Incineroar|64\/100 par|[from] Recoil\n|\n|-heal|p1a: Clefable|48\/100 tox|[from] item: Leftovers\n|upkeep\n|turn|28\n|\n|t:|1700939932\n|move|p1a: Clefable|Soft-Boiled|p1a: Clefable\n|-heal|p1a: Clefable|98\/100 tox\n|move|p2a: Incineroar|Flare Blitz|p1a: Clefable\n|-damage|p1a: Clefable|41\/100 tox\n|-damage|p2a: Incineroar|45\/100 par|[from] Recoil\n|\n|-heal|p1a: Clefable|47\/100 tox|[from] item: Leftovers\n|upkeep\n|turn|29\n|\n|t:|1700939940\n|move|p1a: Clefable|Soft-Boiled|p1a: Clefable\n|-heal|p1a: Clefable|97\/100 tox\n|cant|p2a: Incineroar|par\n|\n|-heal|p1a: Clefable|100\/100 tox|[from] item: Leftovers\n|upkeep\n|turn|30\n|\n|t:|1700939944\n|move|p1a: Clefable|Moonblast|p2a: Incineroar\n|-crit|p2a: Incineroar\n|-damage|p2a: Incineroar|0 fnt\n|faint|p2a: Incineroar\n|\n|upkeep\n|\n|t:|1700939947\n|switch|p2a: Diancie|Diancie, shiny|100\/100\n|-damage|p2a: Diancie|88\/100|[from] Stealth Rock\n|turn|31\n|\n|t:|1700939952\n|move|p1a: Clefable|Moonblast|p2a: Diancie\n|-damage|p2a: Diancie|71\/100\n|move|p2a: Diancie|Diamond Storm|p1a: Clefable\n|-damage|p1a: Clefable|69\/100 tox\n|-boost|p2a: Diancie|def|2\n|\n|-heal|p1a: Clefable|75\/100 tox|[from] item: Leftovers\n|upkeep\n|turn|32\n|\n|t:|1700939956\n|move|p1a: Clefable|Thunder Wave|p2a: Diancie\n|-status|p2a: Diancie|par\n|move|p2a: Diancie|Diamond Storm|p1a: Clefable\n|-damage|p1a: Clefable|42\/100 tox\n|\n|-heal|p1a: Clefable|48\/100 tox|[from] item: Leftovers\n|upkeep\n|turn|33\n|\n|t:|1700939962\n|move|p1a: Clefable|Moonblast|p2a: Diancie\n|-crit|p2a: Diancie\n|-damage|p2a: Diancie|47\/100 par\n|cant|p2a: Diancie|par\n|\n|-heal|p1a: Clefable|55\/100 tox|[from] item: Leftovers\n|upkeep\n|turn|34\n|\n|t:|1700939966\n|move|p1a: Clefable|Moonblast|p2a: Diancie\n|-damage|p2a: Diancie|32\/100 par\n|move|p2a: Diancie|Diamond Storm|p1a: Clefable\n|-damage|p1a: Clefable|24\/100 tox\n|\n|-heal|p1a: Clefable|30\/100 tox|[from] item: Leftovers\n|upkeep\n|turn|35\n|\n|t:|1700939972\n|move|p1a: Clefable|Soft-Boiled|p1a: Clefable\n|-heal|p1a: Clefable|80\/100 tox\n|move|p2a: Diancie|Diamond Storm|p1a: Clefable\n|-damage|p1a: Clefable|48\/100 tox\n|\n|-heal|p1a: Clefable|55\/100 tox|[from] item: Leftovers\n|upkeep\n|turn|36\n|\n|t:|1700939975\n|move|p1a: Clefable|Moonblast|p2a: Diancie\n|-damage|p2a: Diancie|14\/100 par\n|move|p2a: Diancie|Diamond Storm|p1a: Clefable\n|-damage|p1a: Clefable|21\/100 tox\n|\n|-heal|p1a: Clefable|27\/100 tox|[from] item: Leftovers\n|upkeep\n|turn|37\n|\n|t:|1700939981\n|move|p1a: Clefable|Soft-Boiled|p1a: Clefable\n|-heal|p1a: Clefable|77\/100 tox\n|move|p2a: Diancie|Body Press|p1a: Clefable\n|-resisted|p1a: Clefable\n|-damage|p1a: Clefable|55\/100 tox\n|\n|-heal|p1a: Clefable|61\/100 tox|[from] item: Leftovers\n|upkeep\n|turn|38\n|\n|t:|1700939986\n|move|p1a: Clefable|Moonblast|p2a: Diancie\n|-damage|p2a: Diancie|0 fnt\n|faint|p2a: Diancie\n|\n|-heal|p1a: Clefable|67\/100 tox|[from] item: Leftovers\n|upkeep\n|\n|t:|1700939987\n|switch|p2a: Ogerpon|Ogerpon-Wellspring-Tera, F, tera:Water|35\/100 par\n|-damage|p2a: Ogerpon|23\/100 par|[from] Stealth Rock\n|-ability|p2a: Ogerpon|Embody Aspect (Wellspring)|boost\n|-boost|p2a: Ogerpon|spd|1\n|turn|39\n|\n|t:|1700939990\n|move|p2a: Ogerpon|Ivy Cudgel|p1a: Clefable|[anim] Ivy Cudgel Water\n|-damage|p1a: Clefable|2\/100 tox\n|move|p1a: Clefable|Moonblast|p2a: Ogerpon\n|-damage|p2a: Ogerpon|0 fnt\n|faint|p2a: Ogerpon\n|\n|win|Prtbl_Trash\n|raw|Prtbl_Trash's rating: 1348 &rarr; <strong>1361<\/strong><br \/>(+13 for winning)\n|raw|Over158's rating: 1215 &rarr; <strong>1199<\/strong><br \/>(-16 for losing)\n|l|\u2606Over158\n","uploadtime":1700940001,"views":12,"p1id":"prtbltrash","p2id":"over158","formatid":"gen9nationaldex","rating":1199,"private":0,"password":""}