{"id":"gen9nationaldex-1995841751","p1":"MorganDexter","p2":"TheStroker","format":"[Gen 9] National Dex","log":"|html|<div class=\"broadcast-blue\"><strong>[Gen 9] National Dex is currently suspecting Sneasler! For information on how to participate check out the <a href=\"https:\/\/www.smogon.com\/forums\/threads\/sv-national-dex-suspect-8-just-dance.3731534\/\">suspect thread<\/a>.<\/strong><\/div>\n|j|\u2606MorganDexter\n|j|\u2606TheStroker\n|t:|1700608591\n|gametype|singles\n|player|p1|MorganDexter|burglar|1588\n|player|p2|TheStroker|janitor|1535\n|teamsize|p1|6\n|teamsize|p2|6\n|gen|9\n|tier|[Gen 9] National Dex\n|rated|\n|rule|HP Percentage Mod: HP is shown in percentages\n|rule|Endless Battle Clause: Forcing endless battles is banned\n|rule|OHKO Clause: OHKO moves are banned\n|rule|Evasion Clause: Evasion abilities, items, and moves are banned\n|rule|Evasion Abilities Clause: Evasion abilities are banned\n|rule|Evasion Items Clause: Evasion items are banned\n|rule|Evasion Moves Clause: Evasion moves are banned\n|rule|Species Clause: Limit one of each Pok\u00e9mon\n|rule|Sleep Clause Mod: Limit one foe put to sleep\n|clearpoke\n|poke|p1|Tyrantrum, M|\n|poke|p1|Garganacl, M|\n|poke|p1|Grimmsnarl, M|\n|poke|p1|Clefable, M|\n|poke|p1|Ferrothorn, F|\n|poke|p1|Meowscarada, F|\n|poke|p2|Skeledirge, F|\n|poke|p2|Ditto|\n|poke|p2|Zangoose, M|\n|poke|p2|Mightyena, M|\n|poke|p2|Landorus-Therian, M|\n|poke|p2|Sneasler, F|\n|teampreview\n|j| kung fu pokechu\n|\n|t:|1700608606\n|start\n|switch|p1a: Tyrantrum|Tyrantrum, M|100\/100\n|switch|p2a: Rather mighty|Mightyena, M|100\/100\n|-ability|p2a: Rather mighty|Intimidate|boost\n|-unboost|p1a: Tyrantrum|atk|1\n|turn|1\n|\n|t:|1700608615\n|switch|p1a: Clefable|Clefable, M|100\/100\n|move|p2a: Rather mighty|Counter||[still]\n|-fail|p2a: Rather mighty\n|\n|upkeep\n|turn|2\n|inactive|Battle timer is ON: inactive players will automatically lose when time's up. (requested by TheStroker)\n|\n|t:|1700608623\n|move|p2a: Rather mighty|Taunt|p1a: Clefable\n|-start|p1a: Clefable|move: Taunt\n|move|p1a: Clefable|Moonblast|p2a: Rather mighty\n|-supereffective|p2a: Rather mighty\n|-enditem|p2a: Rather mighty|Focus Sash\n|-damage|p2a: Rather mighty|1\/100\n|-unboost|p2a: Rather mighty|spa|1\n|\n|upkeep\n|turn|3\n|\n|t:|1700608634\n|switch|p2a: Not flamboyant|Skeledirge, F|100\/100\n|move|p1a: Clefable|Seismic Toss|p2a: Not flamboyant\n|-immune|p2a: Not flamboyant\n|\n|upkeep\n|turn|4\n|\n|t:|1700608644\n|move|p2a: Not flamboyant|Torch Song|p1a: Clefable\n|-damage|p1a: Clefable|72\/100\n|-boost|p2a: Not flamboyant|spa|1\n|move|p1a: Clefable|Moonblast|p2a: Not flamboyant\n|-resisted|p2a: Not flamboyant\n|-damage|p2a: Not flamboyant|85\/100\n|\n|-end|p1a: Clefable|move: Taunt\n|upkeep\n|turn|5\n|\n|t:|1700608669\n|move|p2a: Not flamboyant|Torch Song|p1a: Clefable\n|-damage|p1a: Clefable|32\/100\n|-boost|p2a: Not flamboyant|spa|1\n|-enditem|p1a: Clefable|Sitrus Berry|[eat]\n|-heal|p1a: Clefable|57\/100|[from] item: Sitrus Berry\n|move|p1a: Clefable|Moonblast|p2a: Not flamboyant\n|-resisted|p2a: Not flamboyant\n|-damage|p2a: Not flamboyant|68\/100\n|\n|upkeep\n|turn|6\n|\n|t:|1700608682\n|move|p2a: Not flamboyant|Torch Song|p1a: Clefable\n|-crit|p1a: Clefable\n|-damage|p1a: Clefable|0 fnt\n|-boost|p2a: Not flamboyant|spa|1\n|faint|p1a: Clefable\n|\n|upkeep\n|\n|t:|1700608689\n|switch|p1a: Meowscarada|Meowscarada, F, shiny|100\/100\n|turn|7\n|\n|t:|1700608694\n|switch|p2a: Rather mighty|Mightyena, M|1\/100\n|-ability|p2a: Rather mighty|Intimidate|boost\n|-unboost|p1a: Meowscarada|atk|1\n|move|p1a: Meowscarada|Knock Off|p2a: Rather mighty\n|-start|p1a: Meowscarada|typechange|Dark|[from] ability: Protean\n|-resisted|p2a: Rather mighty\n|-crit|p2a: Rather mighty\n|-damage|p2a: Rather mighty|0 fnt\n|faint|p2a: Rather mighty\n|\n|upkeep\n|j| gayspotter2\n|\n|t:|1700608710\n|switch|p2a: cancer noob luck|Sneasler, F|100\/100\n|-item|p2a: cancer noob luck|Air Balloon\n|turn|8\n|\n|t:|1700608731\n|switch|p1a: Grimmsnarl|Grimmsnarl, M|100\/100\n|move|p2a: cancer noob luck|Swords Dance|p2a: cancer noob luck\n|-boost|p2a: cancer noob luck|atk|2\n|\n|upkeep\n|turn|9\n|\n|t:|1700608742\n|move|p1a: Grimmsnarl|Reflect|p1a: Grimmsnarl\n|-sidestart|p1: MorganDexter|Reflect\n|move|p2a: cancer noob luck|Dire Claw|p1a: Grimmsnarl\n|-supereffective|p1a: Grimmsnarl\n|-damage|p1a: Grimmsnarl|23\/100\n|\n|upkeep\n|turn|10\n|\n|t:|1700608755\n|move|p1a: Grimmsnarl|Parting Shot|p2a: cancer noob luck\n|-unboost|p2a: cancer noob luck|atk|1\n|-unboost|p2a: cancer noob luck|spa|1\n|\n|t:|1700608765\n|switch|p1a: Tyrantrum|Tyrantrum, M|100\/100|[from] Parting Shot\n|move|p2a: cancer noob luck|Dire Claw|p1a: Tyrantrum\n|-resisted|p1a: Tyrantrum\n|-damage|p1a: Tyrantrum|85\/100\n|\n|upkeep\n|turn|11\n|inactive|MorganDexter has 120 seconds left.\n|\n|t:|1700608790\n|move|p1a: Tyrantrum|Ice Fang|p2a: cancer noob luck\n|-damage|p2a: cancer noob luck|64\/100\n|-enditem|p2a: cancer noob luck|Air Balloon\n|move|p2a: cancer noob luck|Close Combat|p1a: Tyrantrum\n|-supereffective|p1a: Tyrantrum\n|-damage|p1a: Tyrantrum|0 fnt\n|-unboost|p2a: cancer noob luck|def|1\n|-unboost|p2a: cancer noob luck|spd|1\n|faint|p1a: Tyrantrum\n|\n|upkeep\n|inactive|MorganDexter has 120 seconds left.\n|\n|t:|1700608806\n|switch|p1a: Meowscarada|Meowscarada, F, shiny|100\/100\n|turn|12\n|\n|t:|1700608812\n|-terastallize|p2a: cancer noob luck|Flying\n|move|p2a: cancer noob luck|Acrobatics|p1a: Meowscarada\n|-supereffective|p1a: Meowscarada\n|-damage|p1a: Meowscarada|0 fnt\n|faint|p1a: Meowscarada\n|\n|upkeep\n|\n|t:|1700608820\n|switch|p1a: Garganacl|Garganacl, M, shiny|100\/100\n|turn|13\n|\n|t:|1700608827\n|-terastallize|p1a: Garganacl|Ghost\n|move|p2a: cancer noob luck|Swords Dance|p2a: cancer noob luck\n|-boost|p2a: cancer noob luck|atk|2\n|move|p1a: Garganacl|Iron Defense|p1a: Garganacl\n|-boost|p1a: Garganacl|def|2\n|\n|upkeep\n|turn|14\n|\n|t:|1700608849\n|switch|p2a: oooooooooooooo|Landorus-Therian, M|100\/100\n|-ability|p2a: oooooooooooooo|Intimidate|boost\n|-unboost|p1a: Garganacl|atk|1\n|move|p1a: Garganacl|Salt Cure|p2a: oooooooooooooo\n|-damage|p2a: oooooooooooooo|90\/100\n|-start|p2a: oooooooooooooo|Salt Cure\n|\n|-heal|p2a: oooooooooooooo|96\/100|[from] item: Leftovers\n|-damage|p2a: oooooooooooooo|84\/100|[from] Salt Cure\n|upkeep\n|turn|15\n|\n|t:|1700608864\n|switch|p2a: Not edited|Ditto|100\/100\n|-transform|p2a: Not edited|p1a: Garganacl|[from] ability: Imposter\n|move|p1a: Garganacl|Body Press|p2a: Not edited\n|-supereffective|p2a: Not edited\n|-damage|p2a: Not edited|57\/100\n|\n|upkeep\n|-start|p2a: Not edited|typechange|Rock|[silent]\n|turn|16\n|inactive|MorganDexter has 120 seconds left.\n|\n|t:|1700608879\n|move|p2a: Not edited|Salt Cure|p1a: Garganacl\n|-damage|p1a: Garganacl|99\/100\n|-start|p1a: Garganacl|Salt Cure\n|move|p1a: Garganacl|Body Press|p2a: Not edited\n|-supereffective|p2a: Not edited\n|-crit|p2a: Not edited\n|-damage|p2a: Not edited|0 fnt\n|faint|p2a: Not edited\n|\n|-heal|p1a: Garganacl|100\/100|[from] item: Leftovers\n|-damage|p1a: Garganacl|88\/100|[from] Salt Cure\n|-sideend|p1: MorganDexter|Reflect\n|upkeep\n|\n|t:|1700608892\n|switch|p2a: oooooooooooooo|Landorus-Therian, M|84\/100\n|-ability|p2a: oooooooooooooo|Intimidate|boost\n|-unboost|p1a: Garganacl|atk|1\n|turn|17\n|\n|t:|1700608897\n|move|p2a: oooooooooooooo|Substitute|p2a: oooooooooooooo\n|-start|p2a: oooooooooooooo|Substitute\n|-damage|p2a: oooooooooooooo|59\/100\n|move|p1a: Garganacl|Salt Cure|p2a: oooooooooooooo\n|-activate|p2a: oooooooooooooo|move: Substitute|[damage]\n|\n|-heal|p2a: oooooooooooooo|65\/100|[from] item: Leftovers\n|-heal|p1a: Garganacl|94\/100|[from] item: Leftovers\n|-damage|p1a: Garganacl|82\/100|[from] Salt Cure\n|upkeep\n|turn|18\n|\n|t:|1700608908\n|move|p2a: oooooooooooooo|Bulk Up|p2a: oooooooooooooo\n|-boost|p2a: oooooooooooooo|atk|1\n|-boost|p2a: oooooooooooooo|def|1\n|move|p1a: Garganacl|Iron Defense|p1a: Garganacl\n|-boost|p1a: Garganacl|def|2\n|\n|-heal|p2a: oooooooooooooo|71\/100|[from] item: Leftovers\n|-heal|p1a: Garganacl|88\/100|[from] item: Leftovers\n|-damage|p1a: Garganacl|76\/100|[from] Salt Cure\n|upkeep\n|turn|19\n|\n|t:|1700608919\n|move|p2a: oooooooooooooo|Bulk Up|p2a: oooooooooooooo\n|-boost|p2a: oooooooooooooo|atk|1\n|-boost|p2a: oooooooooooooo|def|1\n|move|p1a: Garganacl|Body Press|p2a: oooooooooooooo\n|-resisted|p2a: oooooooooooooo\n|-end|p2a: oooooooooooooo|Substitute\n|\n|-heal|p2a: oooooooooooooo|77\/100|[from] item: Leftovers\n|-heal|p1a: Garganacl|82\/100|[from] item: Leftovers\n|-damage|p1a: Garganacl|70\/100|[from] Salt Cure\n|upkeep\n|turn|20\n|\n|t:|1700608930\n|move|p2a: oooooooooooooo|Substitute|p2a: oooooooooooooo\n|-start|p2a: oooooooooooooo|Substitute\n|-damage|p2a: oooooooooooooo|52\/100\n|move|p1a: Garganacl|Body Press|p2a: oooooooooooooo\n|-resisted|p2a: oooooooooooooo\n|-activate|p2a: oooooooooooooo|move: Substitute|[damage]\n|\n|-heal|p2a: oooooooooooooo|58\/100|[from] item: Leftovers\n|-heal|p1a: Garganacl|76\/100|[from] item: Leftovers\n|-damage|p1a: Garganacl|63\/100|[from] Salt Cure\n|upkeep\n|turn|21\n|\n|t:|1700608944\n|switch|p1a: Grimmsnarl|Grimmsnarl, M|23\/100\n|move|p2a: oooooooooooooo|Bulk Up|p2a: oooooooooooooo\n|-boost|p2a: oooooooooooooo|atk|1\n|-boost|p2a: oooooooooooooo|def|1\n|\n|-heal|p2a: oooooooooooooo|64\/100|[from] item: Leftovers\n|upkeep\n|turn|22\n|\n|t:|1700608955\n|move|p1a: Grimmsnarl|Reflect|p1a: Grimmsnarl\n|-sidestart|p1: MorganDexter|Reflect\n|move|p2a: oooooooooooooo|Bulk Up|p2a: oooooooooooooo\n|-boost|p2a: oooooooooooooo|atk|1\n|-boost|p2a: oooooooooooooo|def|1\n|\n|-heal|p2a: oooooooooooooo|70\/100|[from] item: Leftovers\n|upkeep\n|turn|23\n|\n|t:|1700608973\n|move|p2a: oooooooooooooo|Bulk Up|p2a: oooooooooooooo\n|-boost|p2a: oooooooooooooo|atk|1\n|-boost|p2a: oooooooooooooo|def|1\n|move|p1a: Grimmsnarl|Spirit Break|p2a: oooooooooooooo\n|-end|p2a: oooooooooooooo|Substitute\n|\n|-heal|p2a: oooooooooooooo|77\/100|[from] item: Leftovers\n|upkeep\n|turn|24\n|\n|t:|1700608991\n|move|p2a: oooooooooooooo|Substitute|p2a: oooooooooooooo\n|-start|p2a: oooooooooooooo|Substitute\n|-damage|p2a: oooooooooooooo|52\/100\n|move|p1a: Grimmsnarl|Spirit Break|p2a: oooooooooooooo\n|-activate|p2a: oooooooooooooo|move: Substitute|[damage]\n|\n|-heal|p2a: oooooooooooooo|58\/100|[from] item: Leftovers\n|upkeep\n|turn|25\n|\n|t:|1700609001\n|move|p2a: oooooooooooooo|Bulk Up|p2a: oooooooooooooo\n|-boost|p2a: oooooooooooooo|atk|1\n|-boost|p2a: oooooooooooooo|def|1\n|move|p1a: Grimmsnarl|Spirit Break|p2a: oooooooooooooo\n|-activate|p2a: oooooooooooooo|move: Substitute|[damage]\n|\n|-heal|p2a: oooooooooooooo|64\/100|[from] item: Leftovers\n|upkeep\n|turn|26\n|\n|t:|1700609010\n|move|p2a: oooooooooooooo|Earthquake|p1a: Grimmsnarl\n|-damage|p1a: Grimmsnarl|0 fnt\n|faint|p1a: Grimmsnarl\n|\n|-heal|p2a: oooooooooooooo|70\/100|[from] item: Leftovers\n|upkeep\n|\n|t:|1700609018\n|switch|p1a: Garganacl|Garganacl, M, shiny, tera:Ghost|63\/100\n|turn|27\n|\n|t:|1700609022\n|move|p2a: oooooooooooooo|Knock Off|p1a: Garganacl\n|-supereffective|p1a: Garganacl\n|-damage|p1a: Garganacl|0 fnt\n|-enditem|p1a: Garganacl|Leftovers|[from] move: Knock Off|[of] p2a: oooooooooooooo\n|faint|p1a: Garganacl\n|\n|-heal|p2a: oooooooooooooo|76\/100|[from] item: Leftovers\n|upkeep\n|\n|t:|1700609032\n|switch|p1a: Ferrothorn|Ferrothorn, F|100\/100\n|turn|28\n|\n|t:|1700609036\n|move|p2a: oooooooooooooo|Earthquake|p1a: Ferrothorn\n|-damage|p1a: Ferrothorn|39\/100\n|move|p1a: Ferrothorn|Leech Seed|p2a: oooooooooooooo|[miss]\n|-miss|p1a: Ferrothorn|p2a: oooooooooooooo\n|\n|-heal|p2a: oooooooooooooo|82\/100|[from] item: Leftovers\n|-heal|p1a: Ferrothorn|45\/100|[from] item: Leftovers\n|upkeep\n|turn|29\n|\n|t:|1700609051\n|move|p2a: oooooooooooooo|Earthquake|p1a: Ferrothorn\n|-crit|p1a: Ferrothorn\n|-damage|p1a: Ferrothorn|0 fnt\n|faint|p1a: Ferrothorn\n|\n|win|TheStroker\n|raw|MorganDexter's rating: 1588 &rarr; <strong>1565<\/strong><br \/>(-23 for losing)\n|raw|TheStroker's rating: 1535 &rarr; <strong>1558<\/strong><br \/>(+23 for winning)\n|l|\u2606MorganDexter\n","uploadtime":1700609058,"views":13,"p1id":"morgandexter","p2id":"thestroker","formatid":"gen9nationaldex","rating":1558,"private":0,"password":""}