{"id":"gen9nationaldex-1991735441","p1":"Theadonia","p2":"theqalt","format":"[Gen 9] National Dex","log":"|j|\u2606Theadonia\n|j|\u2606theqalt\n|t:|1700108711\n|gametype|singles\n|player|p1|Theadonia|roxie|1190\n|player|p2|theqalt|lucas|1090\n|teamsize|p1|6\n|teamsize|p2|6\n|gen|9\n|tier|[Gen 9] National Dex\n|rated|\n|rule|HP Percentage Mod: HP is shown in percentages\n|rule|Endless Battle Clause: Forcing endless battles is banned\n|rule|OHKO Clause: OHKO moves are banned\n|rule|Evasion Clause: Evasion abilities, items, and moves are banned\n|rule|Evasion Abilities Clause: Evasion abilities are banned\n|rule|Evasion Items Clause: Evasion items are banned\n|rule|Evasion Moves Clause: Evasion moves are banned\n|rule|Species Clause: Limit one of each Pok\u00e9mon\n|rule|Sleep Clause Mod: Limit one foe put to sleep\n|clearpoke\n|poke|p1|Torterra, F|\n|poke|p1|Furret, M|\n|poke|p1|Ribombee, F|\n|poke|p1|Arcanine-Hisui, M|\n|poke|p1|Gyarados, M|\n|poke|p1|Muk-Alola, M|\n|poke|p2|Pinsir, F|\n|poke|p2|Landorus-Therian, M|\n|poke|p2|Excadrill, F|\n|poke|p2|Urshifu-*, M|\n|poke|p2|Zapdos|\n|poke|p2|Ninetales-Alola, F|\n|teampreview\n|inactive|Battle timer is ON: inactive players will automatically lose when time's up. (requested by theqalt)\n|\n|t:|1700108736\n|start\n|switch|p1a: Arcanine|Arcanine-Hisui, M, shiny|100\/100\n|switch|p2a: Landorus|Landorus-Therian, M|100\/100\n|-ability|p2a: Landorus|Intimidate|boost\n|-unboost|p1a: Arcanine|atk|1\n|turn|1\n|\n|t:|1700108746\n|switch|p1a: Furret|Furret, M|100\/100\n|-item|p2a: Landorus|Focus Sash|[from] ability: Frisk|[of] p1a: Furret|[identify]\n|move|p2a: Landorus|Stealth Rock|p1a: Furret\n|-sidestart|p1: Theadonia|move: Stealth Rock\n|\n|upkeep\n|turn|2\n|\n|t:|1700108756\n|move|p2a: Landorus|Earthquake|p1a: Furret\n|-damage|p1a: Furret|18\/100\n|move|p1a: Furret|Tidy Up|p1a: Furret\n|-sideend|p1: Theadonia|Stealth Rock\n|-activate|p1a: Furret|move: Tidy Up\n|-boost|p1a: Furret|atk|1\n|-boost|p1a: Furret|spe|1\n|\n|upkeep\n|turn|3\n|\n|t:|1700108762\n|move|p1a: Furret|Return|p2a: Landorus\n|-damage|p2a: Landorus|33\/100\n|move|p2a: Landorus|Earthquake|p1a: Furret\n|-damage|p1a: Furret|0 fnt\n|faint|p1a: Furret\n|\n|upkeep\n|\n|t:|1700108768\n|switch|p1a: Ribombee|Ribombee, F|100\/100\n|turn|4\n|\n|t:|1700108773\n|move|p1a: Ribombee|Moonblast|p2a: Landorus\n|-damage|p2a: Landorus|0 fnt\n|faint|p2a: Landorus\n|\n|upkeep\n|\n|t:|1700108777\n|switch|p2a: Excadrill|Excadrill, F|100\/100\n|-ability|p2a: Excadrill|Mold Breaker\n|turn|5\n|\n|t:|1700108783\n|move|p1a: Ribombee|Stun Spore|p2a: Excadrill|[miss]\n|-miss|p1a: Ribombee|p2a: Excadrill\n|move|p2a: Excadrill|Iron Head|p1a: Ribombee\n|-supereffective|p1a: Ribombee\n|-enditem|p1a: Ribombee|Focus Sash\n|-damage|p1a: Ribombee|1\/100\n|\n|upkeep\n|turn|6\n|\n|t:|1700108805\n|switch|p2a: Ninetales|Ninetales-Alola, F|100\/100\n|-weather|Snow|[from] ability: Snow Warning|[of] p2a: Ninetales\n|move|p1a: Ribombee|Stun Spore|p2a: Ninetales\n|-status|p2a: Ninetales|par\n|\n|-weather|Snow|[upkeep]\n|upkeep\n|turn|7\n|\n|t:|1700108818\n|move|p1a: Ribombee|Sticky Web|p2a: Ninetales\n|-sidestart|p2: theqalt|move: Sticky Web\n|cant|p2a: Ninetales|par\n|\n|-weather|Snow|[upkeep]\n|upkeep\n|turn|8\n|\n|t:|1700108823\n|move|p1a: Ribombee|Moonblast|p2a: Ninetales\n|-damage|p2a: Ninetales|58\/100 par\n|move|p2a: Ninetales|Freeze-Dry|p1a: Ribombee\n|-damage|p1a: Ribombee|0 fnt\n|faint|p1a: Ribombee\n|\n|-weather|Snow|[upkeep]\n|upkeep\n|\n|t:|1700108829\n|switch|p1a: Muk|Muk-Alola, M, shiny|100\/100\n|turn|9\n|\n|t:|1700108833\n|cant|p2a: Ninetales|par\n|move|p1a: Muk|Acid Armor|p1a: Muk\n|-boost|p1a: Muk|def|2\n|\n|-weather|Snow|[upkeep]\n|upkeep\n|turn|10\n|\n|t:|1700108836\n|cant|p2a: Ninetales|par\n|move|p1a: Muk|Poison Jab|p2a: Ninetales\n|-supereffective|p2a: Ninetales\n|-damage|p2a: Ninetales|0 fnt\n|faint|p2a: Ninetales\n|\n|-weather|none\n|upkeep\n|\n|t:|1700108842\n|switch|p2a: Zapdos|Zapdos|100\/100\n|turn|11\n|\n|t:|1700108846\n|-zpower|p2a: Zapdos\n|move|p2a: Zapdos|Supersonic Skystrike|p1a: Muk|[zeffect]\n|-damage|p1a: Muk|24\/100\n|move|p1a: Muk|Poison Jab|p2a: Zapdos\n|-damage|p2a: Zapdos|59\/100\n|\n|-heal|p1a: Muk|30\/100|[from] item: Black Sludge\n|upkeep\n|turn|12\n|\n|t:|1700108857\n|move|p2a: Zapdos|Hurricane|p1a: Muk|[miss]\n|-miss|p2a: Zapdos|p1a: Muk\n|move|p1a: Muk|Knock Off|p2a: Zapdos\n|-damage|p2a: Zapdos|25\/100\n|-status|p1a: Muk|par|[from] ability: Static|[of] p2a: Zapdos\n|-status|p2a: Zapdos|psn|[from] ability: Poison Touch|[of] p1a: Muk\n|\n|-heal|p1a: Muk|36\/100 par|[from] item: Black Sludge\n|-damage|p2a: Zapdos|13\/100 psn|[from] psn\n|upkeep\n|turn|13\n|c|\u2606theqalt|fu\n|-message|theqalt forfeited.\n|\n|win|Theadonia\n|raw|Theadonia's rating: 1190 &rarr; <strong>1208<\/strong><br \/>(+18 for winning)\n|raw|theqalt's rating: 1090 &rarr; <strong>1073<\/strong><br \/>(-17 for losing)\n|l|\u2606theqalt\n|c|\u2606Theadonia|uwu\n","uploadtime":1700108904,"views":16,"p1id":"theadonia","p2id":"theqalt","formatid":"gen9nationaldex","rating":1073,"private":0,"password":""}