{"id":"gen9nationaldex-1997503469","p1":"inner peas","p2":"yddy_petter","format":"[Gen 9] National Dex","log":"|html|<div class=\"broadcast-blue\"><strong>[Gen 9] National Dex is currently suspecting Sneasler! For information on how to participate check out the <a href=\"https:\/\/www.smogon.com\/forums\/threads\/sv-national-dex-suspect-8-just-dance.3731534\/\">suspect thread<\/a>.<\/strong><\/div>\n|j|\u2606inner peas\n|j|\u2606yddy_petter\n|t:|1700816612\n|gametype|singles\n|player|p1|inner peas|baker|1142\n|player|p2|yddy_petter|psychic-lgpe|1239\n|teamsize|p1|6\n|teamsize|p2|6\n|gen|9\n|tier|[Gen 9] National Dex\n|rated|\n|rule|HP Percentage Mod: HP is shown in percentages\n|rule|Endless Battle Clause: Forcing endless battles is banned\n|rule|OHKO Clause: OHKO moves are banned\n|rule|Evasion Clause: Evasion abilities, items, and moves are banned\n|rule|Evasion Abilities Clause: Evasion abilities are banned\n|rule|Evasion Items Clause: Evasion items are banned\n|rule|Evasion Moves Clause: Evasion moves are banned\n|rule|Species Clause: Limit one of each Pok\u00e9mon\n|rule|Sleep Clause Mod: Limit one foe put to sleep\n|clearpoke\n|poke|p1|Blastoise, M|\n|poke|p1|Chimecho, F|\n|poke|p1|Copperajah, M|\n|poke|p1|Dedenne, F|\n|poke|p1|Leavanny, M|\n|poke|p1|Nidoking, M|\n|poke|p2|Rillaboom, F|\n|poke|p2|Heatran, F|\n|poke|p2|Urshifu-*, M|\n|poke|p2|Slowking-Galar, F|\n|poke|p2|Thundurus-Therian, M|\n|poke|p2|Weezing-Galar, F|\n|teampreview\n|inactive|Battle timer is ON: inactive players will automatically lose when time's up. (requested by yddy_petter)\n|\n|t:|1700816638\n|start\n|switch|p1a: minh|Chimecho, F|100\/100\n|switch|p2a: Urshifu|Urshifu-Rapid-Strike, M|100\/100\n|turn|1\n|\n|t:|1700816644\n|move|p2a: Urshifu|U-turn|p1a: minh\n|-supereffective|p1a: minh\n|-damage|p1a: minh|16\/100\n|-enditem|p1a: minh|Oran Berry|[eat]\n|-heal|p1a: minh|19\/100|[from] item: Oran Berry\n|\n|t:|1700816649\n|switch|p2a: Slowking|Slowking-Galar, F|100\/100|[from] U-turn\n|move|p1a: minh|Extrasensory|p2a: Slowking\n|-damage|p2a: Slowking|78\/100\n|\n|upkeep\n|turn|2\n|\n|t:|1700816654\n|move|p1a: minh|Thunder Wave|p2a: Slowking|[miss]\n|-miss|p1a: minh|p2a: Slowking\n|move|p2a: Slowking|Future Sight|p1a: minh\n|-start|p2a: Slowking|move: Future Sight\n|\n|upkeep\n|turn|3\n|\n|t:|1700816669\n|switch|p2a: Thundurus|Thundurus-Therian, M|100\/100\n|move|p1a: minh|Extrasensory|p2a: Thundurus\n|-damage|p2a: Thundurus|59\/100\n|\n|upkeep\n|turn|4\n|\n|t:|1700816680\n|move|p2a: Thundurus|Volt Switch|p1a: minh\n|-damage|p1a: minh|0 fnt\n|faint|p1a: minh\n|\n|t:|1700816700\n|switch|p2a: Slowking|Slowking-Galar, F|100\/100|[from] Volt Switch\n|\n|-hint|Future Sight did not hit because the target is fainted.\n|upkeep\n|\n|t:|1700816713\n|switch|p1a: RockyHelmet|Nidoking, M|100\/100\n|turn|5\n|inactive|yddy_petter has 120 seconds left.\n|\n|t:|1700816740\n|move|p1a: RockyHelmet|Stealth Rock|p2a: Slowking\n|-sidestart|p2: yddy_petter|move: Stealth Rock\n|move|p2a: Slowking|Chilly Reception|p2a: Slowking\n|-weather|Snow\n|\n|t:|1700816743\n|switch|p2a: Urshifu|Urshifu-Rapid-Strike, M|100\/100|[from] Chilly Reception\n|-damage|p2a: Urshifu|94\/100|[from] Stealth Rock\n|\n|-weather|Snow|[upkeep]\n|upkeep\n|turn|6\n|\n|t:|1700816748\n|-terastallize|p1a: RockyHelmet|Grass\n|move|p2a: Urshifu|Surging Strikes|p1a: RockyHelmet\n|-resisted|p1a: RockyHelmet\n|-crit|p1a: RockyHelmet\n|-damage|p1a: RockyHelmet|88\/100\n|-damage|p2a: Urshifu|78\/100|[from] item: Rocky Helmet|[of] p1a: RockyHelmet\n|-resisted|p1a: RockyHelmet\n|-crit|p1a: RockyHelmet\n|-damage|p1a: RockyHelmet|77\/100\n|-damage|p2a: Urshifu|61\/100|[from] item: Rocky Helmet|[of] p1a: RockyHelmet\n|-resisted|p1a: RockyHelmet\n|-crit|p1a: RockyHelmet\n|-damage|p1a: RockyHelmet|64\/100\n|-damage|p2a: Urshifu|45\/100|[from] item: Rocky Helmet|[of] p1a: RockyHelmet\n|-hitcount|p1a: RockyHelmet|3\n|move|p1a: RockyHelmet|Earthquake|p2a: Urshifu\n|-damage|p2a: Urshifu|7\/100\n|\n|-weather|Snow|[upkeep]\n|upkeep\n|turn|7\n|\n|t:|1700816763\n|-terastallize|p2a: Urshifu|Water\n|move|p1a: RockyHelmet|Sucker Punch|p2a: Urshifu\n|-damage|p2a: Urshifu|0 fnt\n|faint|p2a: Urshifu\n|\n|-weather|Snow|[upkeep]\n|upkeep\n|inactive|yddy_petter has 120 seconds left.\n|\n|t:|1700816796\n|switch|p2a: Weezing|Weezing-Galar, F|100\/100\n|-ability|p2a: Weezing|Neutralizing Gas\n|-damage|p2a: Weezing|88\/100|[from] Stealth Rock\n|turn|8\n|\n|t:|1700816807\n|move|p1a: RockyHelmet|Earthquake|p2a: Weezing\n|-supereffective|p2a: Weezing\n|-damage|p2a: Weezing|43\/100\n|move|p2a: Weezing|Will-O-Wisp|p1a: RockyHelmet\n|-status|p1a: RockyHelmet|brn\n|\n|-weather|Snow|[upkeep]\n|-heal|p2a: Weezing|49\/100|[from] item: Leftovers\n|-damage|p1a: RockyHelmet|58\/100 brn|[from] brn\n|upkeep\n|turn|9\n|\n|t:|1700816823\n|move|p1a: RockyHelmet|Super Fang|p2a: Weezing\n|-damage|p2a: Weezing|25\/100\n|move|p2a: Weezing|Toxic Spikes|p1a: RockyHelmet\n|-sidestart|p1: inner peas|move: Toxic Spikes\n|\n|-weather|none\n|-heal|p2a: Weezing|31\/100|[from] item: Leftovers\n|-damage|p1a: RockyHelmet|52\/100 brn|[from] brn\n|upkeep\n|turn|10\n|\n|t:|1700816830\n|-end|p2a: Weezing|ability: Neutralizing Gas\n|switch|p2a: Rillaboom|Rillaboom, F|100\/100\n|-damage|p2a: Rillaboom|88\/100|[from] Stealth Rock\n|-fieldstart|move: Grassy Terrain|[from] ability: Grassy Surge|[of] p2a: Rillaboom\n|move|p1a: RockyHelmet|Earthquake|p2a: Rillaboom\n|-resisted|p2a: Rillaboom\n|-damage|p2a: Rillaboom|83\/100\n|\n|-heal|p2a: Rillaboom|90\/100|[from] Grassy Terrain\n|-heal|p1a: RockyHelmet|58\/100 brn|[from] Grassy Terrain\n|-damage|p1a: RockyHelmet|52\/100 brn|[from] brn\n|upkeep\n|turn|11\n|inactive|yddy_petter has 120 seconds left.\n|\n|t:|1700816869\n|move|p2a: Rillaboom|U-turn|p1a: RockyHelmet\n|-supereffective|p1a: RockyHelmet\n|-damage|p1a: RockyHelmet|0 fnt\n|-damage|p2a: Rillaboom|73\/100|[from] item: Rocky Helmet|[of] p1a: RockyHelmet\n|faint|p1a: RockyHelmet\n|\n|t:|1700816873\n|switch|p2a: Thundurus|Thundurus-Therian, M|59\/100|[from] U-turn\n|-damage|p2a: Thundurus|34\/100|[from] Stealth Rock\n|\n|upkeep\n|\n|t:|1700816881\n|switch|p1a: hgfduisjfp|Dedenne, F|100\/100\n|-status|p1a: hgfduisjfp|psn\n|turn|12\n|inactive|yddy_petter has 120 seconds left.\n|\n|t:|1700816911\n|switch|p2a: Slowking|Slowking-Galar, F|100\/100\n|move|p1a: hgfduisjfp|Dazzling Gleam|p2a: Slowking\n|-resisted|p2a: Slowking\n|-crit|p2a: Slowking\n|-damage|p2a: Slowking|85\/100\n|\n|-heal|p2a: Slowking|92\/100|[from] Grassy Terrain\n|-damage|p1a: hgfduisjfp|88\/100 psn|[from] psn\n|upkeep\n|turn|13\n|\n|t:|1700816915\n|move|p1a: hgfduisjfp|Nuzzle|p2a: Slowking\n|-damage|p2a: Slowking|89\/100\n|-status|p2a: Slowking|par\n|move|p2a: Slowking|Future Sight|p1a: hgfduisjfp\n|-start|p2a: Slowking|move: Future Sight\n|\n|-heal|p1a: hgfduisjfp|94\/100 psn|[from] Grassy Terrain\n|-heal|p2a: Slowking|95\/100 par|[from] Grassy Terrain\n|-damage|p1a: hgfduisjfp|82\/100 psn|[from] psn\n|upkeep\n|turn|14\n|\n|t:|1700816925\n|move|p1a: hgfduisjfp|Volt Switch|p2a: Slowking\n|-damage|p2a: Slowking|75\/100 par\n|\n|t:|1700816926\n|switch|p1a: elepant|Copperajah, M|100\/100|[from] Volt Switch\n|move|p2a: Slowking|Sludge Bomb|p1a: elepant\n|-immune|p1a: elepant\n|\n|-heal|p2a: Slowking|81\/100 par|[from] Grassy Terrain\n|-fieldend|move: Grassy Terrain\n|upkeep\n|turn|15\n|inactive|yddy_petter has 120 seconds left.\n|\n|t:|1700816955\n|switch|p2a: Heatran|Heatran, F|100\/100\n|-damage|p2a: Heatran|88\/100|[from] Stealth Rock\n|move|p1a: elepant|Heavy Slam|p2a: Heatran\n|-resisted|p2a: Heatran\n|-damage|p2a: Heatran|81\/100\n|\n|-end|p1a: elepant|move: Future Sight\n|-resisted|p1a: elepant\n|-damage|p1a: elepant|83\/100\n|-heal|p2a: Heatran|87\/100|[from] item: Leftovers\n|upkeep\n|turn|16\n|\n|t:|1700816976\n|move|p2a: Heatran|Magma Storm|p1a: elepant\n|-supereffective|p1a: elepant\n|-damage|p1a: elepant|15\/100\n|-activate|p1a: elepant|move: Magma Storm|[of] p2a: Heatran\n|move|p1a: elepant|Rollout|p2a: Heatran\n|-damage|p2a: Heatran|78\/100\n|\n|-heal|p2a: Heatran|85\/100|[from] item: Leftovers\n|-damage|p1a: elepant|3\/100|[from] move: Magma Storm|[partiallytrapped]\n|upkeep\n|turn|17\n|inactive|yddy_petter has 120 seconds left.\n|\n|t:|1700816984\n|move|p2a: Heatran|Stealth Rock|p1a: elepant\n|-sidestart|p1: inner peas|move: Stealth Rock\n|move|p1a: elepant|Rollout|p2a: Heatran|[from]lockedmove\n|-damage|p2a: Heatran|65\/100\n|\n|-heal|p2a: Heatran|71\/100|[from] item: Leftovers\n|-damage|p1a: elepant|0 fnt|[from] move: Magma Storm|[partiallytrapped]\n|faint|p1a: elepant\n|upkeep\n|\n|t:|1700816998\n|switch|p1a: NPBA|Blastoise, M|100\/100\n|-status|p1a: NPBA|psn\n|-damage|p1a: NPBA|88\/100 psn|[from] Stealth Rock\n|turn|18\n|\n|t:|1700817012\n|switch|p2a: Slowking|Slowking-Galar, F|100\/100 par\n|move|p1a: NPBA|Ice Beam|p2a: Slowking\n|-damage|p2a: Slowking|83\/100 par\n|\n|-damage|p1a: NPBA|76\/100 psn|[from] psn\n|upkeep\n|turn|19\n|\n|t:|1700817019\n|move|p1a: NPBA|Shell Smash|p1a: NPBA\n|-unboost|p1a: NPBA|def|1\n|-unboost|p1a: NPBA|spd|1\n|-boost|p1a: NPBA|atk|2\n|-boost|p1a: NPBA|spa|2\n|-boost|p1a: NPBA|spe|2\n|-enditem|p1a: NPBA|White Herb\n|-clearnegativeboost|p1a: NPBA|[silent]\n|cant|p2a: Slowking|par\n|\n|-damage|p1a: NPBA|63\/100 psn|[from] psn\n|upkeep\n|turn|20\n|\n|t:|1700817024\n|move|p1a: NPBA|Surf|p2a: Slowking\n|-damage|p2a: Slowking|26\/100 par\n|cant|p2a: Slowking|par\n|\n|-damage|p1a: NPBA|51\/100 psn|[from] psn\n|upkeep\n|turn|21\n|\n|t:|1700817028\n|move|p1a: NPBA|Ice Beam|p2a: Slowking\n|-damage|p2a: Slowking|0 fnt\n|faint|p2a: Slowking\n|\n|-damage|p1a: NPBA|39\/100 psn|[from] psn\n|upkeep\n|\n|t:|1700817030\n|switch|p2a: Heatran|Heatran, F|71\/100\n|-damage|p2a: Heatran|59\/100|[from] Stealth Rock\n|turn|22\n|\n|t:|1700817033\n|move|p1a: NPBA|Surf|p2a: Heatran\n|-supereffective|p2a: Heatran\n|-damage|p2a: Heatran|0 fnt\n|faint|p2a: Heatran\n|\n|-damage|p1a: NPBA|26\/100 psn|[from] psn\n|upkeep\n|\n|t:|1700817035\n|switch|p2a: Rillaboom|Rillaboom, F|73\/100\n|-damage|p2a: Rillaboom|61\/100|[from] Stealth Rock\n|-fieldstart|move: Grassy Terrain|[from] ability: Grassy Surge|[of] p2a: Rillaboom\n|turn|23\n|\n|t:|1700817037\n|move|p2a: Rillaboom|Grassy Glide|p1a: NPBA\n|-supereffective|p1a: NPBA\n|-damage|p1a: NPBA|0 fnt\n|faint|p1a: NPBA\n|\n|-heal|p2a: Rillaboom|67\/100|[from] Grassy Terrain\n|upkeep\n|\n|t:|1700817043\n|switch|p1a: Lindwurm|Leavanny, M|100\/100\n|-status|p1a: Lindwurm|psn\n|-damage|p1a: Lindwurm|76\/100 psn|[from] Stealth Rock\n|turn|24\n|\n|t:|1700817045\n|switch|p2a: Weezing|Weezing-Galar, F|31\/100\n|-ability|p2a: Weezing|Neutralizing Gas\n|-damage|p2a: Weezing|19\/100|[from] Stealth Rock\n|move|p1a: Lindwurm|X-Scissor|p2a: Weezing\n|-resisted|p2a: Weezing\n|-damage|p2a: Weezing|13\/100\n|\n|-heal|p1a: Lindwurm|82\/100 psn|[from] Grassy Terrain\n|-heal|p1a: Lindwurm|88\/100 psn|[from] item: Leftovers\n|-heal|p2a: Weezing|19\/100|[from] Grassy Terrain\n|-heal|p2a: Weezing|25\/100|[from] item: Leftovers\n|-damage|p1a: Lindwurm|76\/100 psn|[from] psn\n|upkeep\n|turn|25\n|\n|t:|1700817050\n|move|p1a: Lindwurm|Tera Blast|p2a: Weezing\n|-damage|p2a: Weezing|7\/100\n|move|p2a: Weezing|Strange Steam|p1a: Lindwurm\n|-damage|p1a: Lindwurm|39\/100 psn\n|-start|p1a: Lindwurm|confusion\n|\n|-heal|p1a: Lindwurm|45\/100 psn|[from] Grassy Terrain\n|-heal|p1a: Lindwurm|51\/100 psn|[from] item: Leftovers\n|-heal|p2a: Weezing|13\/100|[from] Grassy Terrain\n|-heal|p2a: Weezing|19\/100|[from] item: Leftovers\n|-damage|p1a: Lindwurm|39\/100 psn|[from] psn\n|upkeep\n|turn|26\n|\n|t:|1700817058\n|-activate|p1a: Lindwurm|confusion\n|move|p1a: Lindwurm|Tera Blast|p2a: Weezing\n|-damage|p2a: Weezing|0 fnt\n|faint|p2a: Weezing\n|-end|p2a: Weezing|ability: Neutralizing Gas\n|\n|-heal|p1a: Lindwurm|45\/100 psn|[from] Grassy Terrain\n|-heal|p1a: Lindwurm|51\/100 psn|[from] item: Leftovers\n|-damage|p1a: Lindwurm|39\/100 psn|[from] psn\n|upkeep\n|\n|t:|1700817067\n|switch|p2a: Rillaboom|Rillaboom, F|67\/100\n|-damage|p2a: Rillaboom|55\/100|[from] Stealth Rock\n|turn|27\n|\n|t:|1700817077\n|move|p2a: Rillaboom|Grassy Glide|p1a: Lindwurm\n|-resisted|p1a: Lindwurm\n|-damage|p1a: Lindwurm|18\/100 psn\n|-activate|p1a: Lindwurm|confusion\n|move|p1a: Lindwurm|X-Scissor|p2a: Rillaboom\n|-supereffective|p2a: Rillaboom\n|-damage|p2a: Rillaboom|0 fnt\n|faint|p2a: Rillaboom\n|\n|-heal|p1a: Lindwurm|24\/100 psn|[from] Grassy Terrain\n|-heal|p1a: Lindwurm|30\/100 psn|[from] item: Leftovers\n|-damage|p1a: Lindwurm|18\/100 psn|[from] psn\n|-fieldend|move: Grassy Terrain\n|upkeep\n|\n|t:|1700817081\n|switch|p2a: Thundurus|Thundurus-Therian, M|34\/100\n|-damage|p2a: Thundurus|10\/100|[from] Stealth Rock\n|turn|28\n|\n|t:|1700817086\n|move|p2a: Thundurus|Tera Blast|p1a: Lindwurm\n|-damage|p1a: Lindwurm|0 fnt\n|faint|p1a: Lindwurm\n|\n|upkeep\n|\n|t:|1700817087\n|switch|p1a: hgfduisjfp|Dedenne, F|82\/100 psn\n|-damage|p1a: hgfduisjfp|70\/100 psn|[from] Stealth Rock\n|turn|29\n|\n|t:|1700817090\n|move|p2a: Thundurus|Tera Blast|p1a: hgfduisjfp\n|-damage|p1a: hgfduisjfp|15\/100 psn\n|-enditem|p1a: hgfduisjfp|Sitrus Berry|[eat]\n|-heal|p1a: hgfduisjfp|39\/100 psn|[from] item: Sitrus Berry\n|-heal|p1a: hgfduisjfp|72\/100 psn|[from] ability: Cheek Pouch\n|move|p1a: hgfduisjfp|Dazzling Gleam|p2a: Thundurus\n|-damage|p2a: Thundurus|0 fnt\n|faint|p2a: Thundurus\n|\n|win|inner peas\n|raw|inner peas's rating: 1142 &rarr; <strong>1174<\/strong><br \/>(+32 for winning)\n|raw|yddy_petter's rating: 1237 &rarr; <strong>1205<\/strong><br \/>(-32 for losing)\n|l|\u2606yddy_petter\n","uploadtime":1700817109,"views":10,"p1id":"innerpeas","p2id":"yddypetter","formatid":"gen9nationaldex","rating":1174,"private":0,"password":""}