{"id":"gen9nationaldex-1994108588","p1":"Bumpers362","p2":"DetectiveGyro","format":"[Gen 9] National Dex","log":"|j|\u2606Bumpers362\n|j|\u2606DetectiveGyro\n|t:|1700407865\n|gametype|singles\n|player|p1|Bumpers362|steven|1336\n|player|p2|DetectiveGyro|benga|1408\n|teamsize|p1|6\n|teamsize|p2|6\n|gen|9\n|tier|[Gen 9] National Dex\n|rated|\n|rule|HP Percentage Mod: HP is shown in percentages\n|rule|Endless Battle Clause: Forcing endless battles is banned\n|rule|OHKO Clause: OHKO moves are banned\n|rule|Evasion Clause: Evasion abilities, items, and moves are banned\n|rule|Evasion Abilities Clause: Evasion abilities are banned\n|rule|Evasion Items Clause: Evasion items are banned\n|rule|Evasion Moves Clause: Evasion moves are banned\n|rule|Species Clause: Limit one of each Pok\u00e9mon\n|rule|Sleep Clause Mod: Limit one foe put to sleep\n|clearpoke\n|poke|p1|Beedrill, M|\n|poke|p1|Umbreon, M|\n|poke|p1|Grimmsnarl, M|\n|poke|p1|Garganacl, M|\n|poke|p1|Iron Moth|\n|poke|p1|Gliscor, M|\n|poke|p2|Kommo-o, M|\n|poke|p2|Glimmora, F|\n|poke|p2|Xurkitree|\n|poke|p2|Landorus-Therian, M|\n|poke|p2|Garganacl, M|\n|poke|p2|Hoopa-Unbound|\n|teampreview\n|inactive|Battle timer is ON: inactive players will automatically lose when time's up. (requested by Bumpers362)\n|c|\u2606DetectiveGyro|gl hf\n|\n|t:|1700407884\n|start\n|switch|p1a: Gliscor|Gliscor, M|100\/100\n|switch|p2a: Glimmora|Glimmora, F|100\/100\n|turn|1\n|\n|t:|1700407889\n|move|p2a: Glimmora|Stealth Rock|p1a: Gliscor\n|-sidestart|p1: Bumpers362|move: Stealth Rock\n|move|p1a: Gliscor|Earthquake|p2a: Glimmora\n|-supereffective|p2a: Glimmora\n|-enditem|p2a: Glimmora|Focus Sash\n|-damage|p2a: Glimmora|1\/100\n|-activate|p2a: Glimmora|ability: Toxic Debris\n|-sidestart|p1: Bumpers362|move: Toxic Spikes\n|\n|-status|p1a: Gliscor|tox|[from] item: Toxic Orb\n|upkeep\n|turn|2\n|\n|t:|1700407899\n|move|p2a: Glimmora|Energy Ball|p1a: Gliscor\n|-damage|p1a: Gliscor|71\/100 tox\n|move|p1a: Gliscor|Earthquake|p2a: Glimmora\n|-supereffective|p2a: Glimmora\n|-damage|p2a: Glimmora|0 fnt\n|-activate|p2a: Glimmora|ability: Toxic Debris\n|-sidestart|p1: Bumpers362|move: Toxic Spikes\n|faint|p2a: Glimmora\n|\n|-heal|p1a: Gliscor|84\/100 tox|[from] ability: Poison Heal\n|upkeep\n|\n|t:|1700407909\n|switch|p2a: Hoopa|Hoopa-Unbound|100\/100\n|turn|3\n|\n|t:|1700407913\n|move|p2a: Hoopa|Knock Off|p1a: Gliscor\n|-damage|p1a: Gliscor|14\/100 tox\n|-enditem|p1a: Gliscor|Toxic Orb|[from] move: Knock Off|[of] p2a: Hoopa\n|move|p1a: Gliscor|Defog|p2a: Hoopa\n|-unboost|p2a: Hoopa|evasion|1\n|-sideend|p1: Bumpers362|Toxic Spikes|[from] move: Defog|[of] p1a: Gliscor\n|-sideend|p1: Bumpers362|Stealth Rock|[from] move: Defog|[of] p1a: Gliscor\n|\n|-heal|p1a: Gliscor|26\/100 tox|[from] ability: Poison Heal\n|upkeep\n|turn|4\n|\n|t:|1700407921\n|move|p1a: Gliscor|Protect|p1a: Gliscor\n|-singleturn|p1a: Gliscor|Protect\n|move|p2a: Hoopa|Knock Off|p1a: Gliscor\n|-activate|p1a: Gliscor|move: Protect\n|\n|-heal|p1a: Gliscor|39\/100 tox|[from] ability: Poison Heal\n|upkeep\n|turn|5\n|\n|t:|1700407932\n|switch|p1a: Grimmsnarl|Grimmsnarl, M|100\/100\n|move|p2a: Hoopa|Knock Off|p1a: Grimmsnarl\n|-resisted|p1a: Grimmsnarl\n|-damage|p1a: Grimmsnarl|71\/100\n|-enditem|p1a: Grimmsnarl|Light Clay|[from] move: Knock Off|[of] p2a: Hoopa\n|\n|upkeep\n|turn|6\n|\n|t:|1700407941\n|switch|p2a: Garganacl|Garganacl, M|100\/100\n|move|p1a: Grimmsnarl|Reflect|p1a: Grimmsnarl\n|-sidestart|p1: Bumpers362|Reflect\n|\n|upkeep\n|turn|7\n|\n|t:|1700407948\n|switch|p1a: Garganacl|Garganacl, M|100\/100\n|move|p2a: Garganacl|Salt Cure|p1a: Garganacl\n|-damage|p1a: Garganacl|97\/100\n|-start|p1a: Garganacl|Salt Cure\n|\n|-heal|p1a: Garganacl|100\/100|[from] item: Leftovers\n|-damage|p1a: Garganacl|88\/100|[from] Salt Cure\n|upkeep\n|turn|8\n|\n|t:|1700407957\n|-terastallize|p2a: Garganacl|Water\n|move|p2a: Garganacl|Earthquake|p1a: Garganacl\n|-supereffective|p1a: Garganacl\n|-damage|p1a: Garganacl|75\/100\n|move|p1a: Garganacl|Salt Cure|p2a: Garganacl\n|-damage|p2a: Garganacl|93\/100\n|-start|p2a: Garganacl|Salt Cure\n|\n|-heal|p1a: Garganacl|82\/100|[from] item: Leftovers\n|-heal|p2a: Garganacl|99\/100|[from] item: Leftovers\n|-damage|p2a: Garganacl|74\/100|[from] Salt Cure\n|-damage|p1a: Garganacl|69\/100|[from] Salt Cure\n|upkeep\n|turn|9\n|\n|t:|1700407970\n|move|p1a: Garganacl|Iron Defense|p1a: Garganacl\n|-boost|p1a: Garganacl|def|2\n|move|p2a: Garganacl|Curse|p2a: Garganacl\n|-unboost|p2a: Garganacl|spe|1\n|-boost|p2a: Garganacl|atk|1\n|-boost|p2a: Garganacl|def|1\n|\n|-heal|p1a: Garganacl|75\/100|[from] item: Leftovers\n|-heal|p2a: Garganacl|80\/100|[from] item: Leftovers\n|-damage|p1a: Garganacl|63\/100|[from] Salt Cure\n|-damage|p2a: Garganacl|55\/100|[from] Salt Cure\n|upkeep\n|turn|10\n|\n|t:|1700407981\n|move|p1a: Garganacl|Recover|p1a: Garganacl\n|-heal|p1a: Garganacl|100\/100\n|move|p2a: Garganacl|Recover|p2a: Garganacl\n|-heal|p2a: Garganacl|100\/100\n|\n|-damage|p1a: Garganacl|88\/100|[from] Salt Cure\n|-damage|p2a: Garganacl|75\/100|[from] Salt Cure\n|-sideend|p1: Bumpers362|Reflect\n|upkeep\n|turn|11\n|\n|t:|1700407988\n|switch|p2a: Landorus|Landorus-Therian, M|100\/100\n|-ability|p2a: Landorus|Intimidate|boost\n|-unboost|p1a: Garganacl|atk|1\n|move|p1a: Garganacl|Iron Defense|p1a: Garganacl\n|-boost|p1a: Garganacl|def|2\n|\n|-heal|p1a: Garganacl|94\/100|[from] item: Leftovers\n|-damage|p1a: Garganacl|82\/100|[from] Salt Cure\n|upkeep\n|turn|12\n|\n|t:|1700407999\n|-terastallize|p1a: Garganacl|Ghost\n|move|p2a: Landorus|Earthquake|p1a: Garganacl\n|-damage|p1a: Garganacl|73\/100\n|move|p1a: Garganacl|Salt Cure|p2a: Landorus\n|-damage|p2a: Landorus|91\/100\n|-start|p2a: Landorus|Salt Cure\n|\n|-heal|p1a: Garganacl|79\/100|[from] item: Leftovers\n|-damage|p2a: Landorus|79\/100|[from] Salt Cure\n|-damage|p1a: Garganacl|67\/100|[from] Salt Cure\n|upkeep\n|turn|13\n|\n|t:|1700408008\n|switch|p2a: Hoopa|Hoopa-Unbound|100\/100\n|move|p1a: Garganacl|Body Press|p2a: Hoopa\n|-damage|p2a: Hoopa|0 fnt\n|faint|p2a: Hoopa\n|\n|-heal|p1a: Garganacl|73\/100|[from] item: Leftovers\n|-damage|p1a: Garganacl|61\/100|[from] Salt Cure\n|upkeep\n|\n|t:|1700408018\n|switch|p2a: Xurkitree|Xurkitree|100\/100\n|turn|14\n|\n|t:|1700408024\n|-zpower|p2a: Xurkitree\n|move|p2a: Xurkitree|Z-Hypnosis|p1a: Garganacl|[anim]Hypnosis|[miss]\n|-boost|p2a: Xurkitree|spe|1|[zeffect]\n|-miss|p2a: Xurkitree|p1a: Garganacl\n|move|p1a: Garganacl|Body Press|p2a: Xurkitree\n|-damage|p2a: Xurkitree|0 fnt\n|faint|p2a: Xurkitree\n|\n|-heal|p1a: Garganacl|67\/100|[from] item: Leftovers\n|-damage|p1a: Garganacl|54\/100|[from] Salt Cure\n|upkeep\n|c|\u2606DetectiveGyro|sick\n|\n|t:|1700408037\n|switch|p2a: Landorus|Landorus-Therian, M|79\/100\n|-ability|p2a: Landorus|Intimidate|boost\n|-unboost|p1a: Garganacl|atk|1\n|turn|15\n|\n|t:|1700408041\n|move|p2a: Landorus|Stone Edge|p1a: Garganacl\n|-damage|p1a: Garganacl|48\/100\n|move|p1a: Garganacl|Recover|p1a: Garganacl\n|-heal|p1a: Garganacl|98\/100\n|\n|-heal|p1a: Garganacl|100\/100|[from] item: Leftovers\n|-damage|p1a: Garganacl|88\/100|[from] Salt Cure\n|upkeep\n|turn|16\n|\n|t:|1700408048\n|move|p2a: Landorus|Stone Edge|p1a: Garganacl\n|-damage|p1a: Garganacl|82\/100\n|move|p1a: Garganacl|Body Press|p2a: Landorus\n|-resisted|p2a: Landorus\n|-damage|p2a: Landorus|27\/100\n|\n|-heal|p1a: Garganacl|88\/100|[from] item: Leftovers\n|-damage|p1a: Garganacl|75\/100|[from] Salt Cure\n|upkeep\n|turn|17\n|\n|t:|1700408056\n|move|p2a: Landorus|Stone Edge|p1a: Garganacl\n|-damage|p1a: Garganacl|69\/100\n|move|p1a: Garganacl|Iron Defense|p1a: Garganacl\n|-boost|p1a: Garganacl|def|2\n|\n|-heal|p1a: Garganacl|75\/100|[from] item: Leftovers\n|-damage|p1a: Garganacl|63\/100|[from] Salt Cure\n|upkeep\n|turn|18\n|\n|t:|1700408063\n|move|p2a: Landorus|Stone Edge|p1a: Garganacl\n|-damage|p1a: Garganacl|58\/100\n|move|p1a: Garganacl|Body Press|p2a: Landorus\n|-resisted|p2a: Landorus\n|-crit|p2a: Landorus\n|-damage|p2a: Landorus|0 fnt\n|faint|p2a: Landorus\n|\n|-heal|p1a: Garganacl|64\/100|[from] item: Leftovers\n|-damage|p1a: Garganacl|52\/100|[from] Salt Cure\n|upkeep\n|\n|t:|1700408073\n|switch|p2a: Garganacl|Garganacl, M, tera:Water|75\/100\n|turn|19\n|\n|t:|1700408077\n|move|p1a: Garganacl|Salt Cure|p2a: Garganacl\n|-damage|p2a: Garganacl|72\/100\n|-start|p2a: Garganacl|Salt Cure\n|move|p2a: Garganacl|Earthquake|p1a: Garganacl\n|-damage|p1a: Garganacl|49\/100\n|\n|-heal|p1a: Garganacl|55\/100|[from] item: Leftovers\n|-heal|p2a: Garganacl|78\/100|[from] item: Leftovers\n|-damage|p1a: Garganacl|43\/100|[from] Salt Cure\n|-damage|p2a: Garganacl|53\/100|[from] Salt Cure\n|upkeep\n|turn|20\n|\n|t:|1700408087\n|move|p1a: Garganacl|Recover|p1a: Garganacl\n|-heal|p1a: Garganacl|93\/100\n|move|p2a: Garganacl|Earthquake|p1a: Garganacl\n|-crit|p1a: Garganacl\n|-damage|p1a: Garganacl|73\/100\n|\n|-heal|p1a: Garganacl|79\/100|[from] item: Leftovers\n|-heal|p2a: Garganacl|59\/100|[from] item: Leftovers\n|-damage|p2a: Garganacl|34\/100|[from] Salt Cure\n|-damage|p1a: Garganacl|67\/100|[from] Salt Cure\n|upkeep\n|turn|21\n|\n|t:|1700408096\n|move|p2a: Garganacl|Earthquake|p1a: Garganacl\n|-damage|p1a: Garganacl|64\/100\n|move|p1a: Garganacl|Body Press|p2a: Garganacl\n|-damage|p2a: Garganacl|0 fnt\n|faint|p2a: Garganacl\n|\n|-heal|p1a: Garganacl|70\/100|[from] item: Leftovers\n|-damage|p1a: Garganacl|58\/100|[from] Salt Cure\n|upkeep\n|\n|t:|1700408105\n|switch|p2a: Kommo-o|Kommo-o, M|100\/100\n|turn|22\n|\n|t:|1700408108\n|move|p2a: Kommo-o|Belly Drum|p2a: Kommo-o\n|-damage|p2a: Kommo-o|50\/100\n|-setboost|p2a: Kommo-o|atk|6|[from] move: Belly Drum\n|move|p1a: Garganacl|Body Press|p2a: Kommo-o\n|-damage|p2a: Kommo-o|0 fnt\n|faint|p2a: Kommo-o\n|\n|win|Bumpers362\n|raw|Bumpers362's rating: 1336 &rarr; <strong>1360<\/strong><br \/>(+24 for winning)\n|raw|DetectiveGyro's rating: 1408 &rarr; <strong>1384<\/strong><br \/>(-24 for losing)\n","uploadtime":1700408118,"views":7,"p1id":"bumpers362","p2id":"detectivegyro","formatid":"gen9nationaldex","rating":1360,"private":0,"password":""}