{"id":"gen9nationaldex-1991355709","p1":"Quik_pl","p2":"HitsuxHitsu","format":"[Gen 9] National Dex","log":"|j|\u2606Quik_pl\n|j|\u2606HitsuxHitsu\n|t:|1700070262\n|gametype|singles\n|player|p1|Quik_pl|guitarist-gen4|\n|player|p2|HitsuxHitsu|1|\n|teamsize|p1|6\n|teamsize|p2|6\n|gen|9\n|tier|[Gen 9] National Dex\n|rule|HP Percentage Mod: HP is shown in percentages\n|rule|Endless Battle Clause: Forcing endless battles is banned\n|rule|OHKO Clause: OHKO moves are banned\n|rule|Evasion Clause: Evasion abilities, items, and moves are banned\n|rule|Evasion Abilities Clause: Evasion abilities are banned\n|rule|Evasion Items Clause: Evasion items are banned\n|rule|Evasion Moves Clause: Evasion moves are banned\n|rule|Species Clause: Limit one of each Pok\u00e9mon\n|rule|Sleep Clause Mod: Limit one foe put to sleep\n|clearpoke\n|poke|p1|Wyrdeer, F|\n|poke|p1|Vaporeon, M|\n|poke|p1|Dedenne, M|\n|poke|p1|Gliscor, F|\n|poke|p1|Bronzong|\n|poke|p1|Spidops, M|\n|poke|p2|Cresselia, F|\n|poke|p2|Audino, M|\n|poke|p2|Gliscor, M|\n|poke|p2|Bronzong|\n|poke|p2|Vaporeon, F|\n|poke|p2|Probopass, F|\n|teampreview\n|c|\u2606HitsuxHitsu|hf\n|c|\u2606Quik_pl|glhf\n|\n|t:|1700070302\n|start\n|switch|p1a: Spidops|Spidops, M|100\/100\n|switch|p2a: Bocchi The Magnet|Probopass, F|100\/100\n|turn|1\n|\n|t:|1700070313\n|move|p2a: Bocchi The Magnet|Volt Switch|p1a: Spidops\n|-damage|p1a: Spidops|81\/100\n|l|\u2606HitsuxHitsu\n|player|p2|\n|c|\u2606Quik_pl|?>\n|c|\u2606Quik_pl|?\n|j|\u2606HitsuxHitsu\n|player|p2|HitsuxHitsu|1\n|inactive|Battle timer is ON: inactive players will automatically lose when time's up. (requested by Quik_pl)\n|c|\u2606HitsuxHitsu|sorki net\n|c|\u2606Quik_pl|spoko\n|\n|t:|1700070342\n|switch|p2a: Bocchi The Claw|Gliscor, M|100\/100|[from] Volt Switch\n|move|p1a: Spidops|Sticky Web|p2a: Bocchi The Claw\n|-sidestart|p2: HitsuxHitsu|move: Sticky Web\n|\n|-status|p2a: Bocchi The Claw|tox|[from] item: Toxic Orb\n|upkeep\n|turn|2\n|\n|t:|1700070359\n|move|p1a: Spidops|Silk Trap|p1a: Spidops\n|-singleturn|p1a: Spidops|Protect\n|move|p2a: Bocchi The Claw|Toxic|p1a: Spidops|[miss]\n|-miss|p2a: Bocchi The Claw|p1a: Spidops\n|\n|upkeep\n|turn|3\n|\n|t:|1700070370\n|switch|p1a: Bronzong|Bronzong|100\/100\n|move|p2a: Bocchi The Claw|Spikes|p1a: Bronzong\n|-sidestart|p1: Quik_pl|Spikes\n|\n|upkeep\n|turn|4\n|\n|t:|1700070377\n|move|p2a: Bocchi The Claw|Spikes|p1a: Bronzong\n|-sidestart|p1: Quik_pl|Spikes\n|move|p1a: Bronzong|Stealth Rock|p2a: Bocchi The Claw\n|-sidestart|p2: HitsuxHitsu|move: Stealth Rock\n|\n|upkeep\n|turn|5\n|\n|t:|1700070391\n|switch|p1a: Gliscor|Gliscor, F|100\/100\n|move|p2a: Bocchi The Claw|Spikes|p1a: Gliscor\n|-sidestart|p1: Quik_pl|Spikes\n|\n|-status|p1a: Gliscor|tox|[from] item: Toxic Orb\n|upkeep\n|turn|6\n|\n|t:|1700070400\n|switch|p2a: Bocchi The Scald|Vaporeon, F, shiny|100\/100\n|-activate|p2a: Bocchi The Scald|move: Sticky Web\n|-unboost|p2a: Bocchi The Scald|spe|1\n|-damage|p2a: Bocchi The Scald|88\/100|[from] Stealth Rock\n|move|p1a: Gliscor|Facade|p2a: Bocchi The Scald\n|-damage|p2a: Bocchi The Scald|62\/100\n|\n|-heal|p2a: Bocchi The Scald|68\/100|[from] item: Leftovers\n|upkeep\n|turn|7\n|\n|t:|1700070417\n|switch|p1a: Bronzong|Bronzong|100\/100\n|move|p2a: Bocchi The Scald|Scald|p1a: Bronzong\n|-damage|p1a: Bronzong|74\/100\n|\n|-heal|p2a: Bocchi The Scald|74\/100|[from] item: Leftovers\n|-heal|p1a: Bronzong|80\/100|[from] item: Leftovers\n|upkeep\n|turn|8\n|\n|t:|1700070426\n|move|p2a: Bocchi The Scald|Wish|p2a: Bocchi The Scald\n|move|p1a: Bronzong|Toxic|p2a: Bocchi The Scald\n|-status|p2a: Bocchi The Scald|tox\n|\n|-heal|p2a: Bocchi The Scald|80\/100 tox|[from] item: Leftovers\n|-heal|p1a: Bronzong|86\/100|[from] item: Leftovers\n|-damage|p2a: Bocchi The Scald|74\/100 tox|[from] psn\n|upkeep\n|turn|9\n|\n|t:|1700070439\n|move|p2a: Bocchi The Scald|Flip Turn|p1a: Bronzong\n|-damage|p1a: Bronzong|77\/100\n|\n|t:|1700070459\n|switch|p2a: Bocchi The Awe|Audino, M, shiny|100\/100|[from] Flip Turn\n|-activate|p2a: Bocchi The Awe|move: Sticky Web\n|-unboost|p2a: Bocchi The Awe|spe|1\n|-damage|p2a: Bocchi The Awe|88\/100|[from] Stealth Rock\n|move|p1a: Bronzong|Gyro Ball|p2a: Bocchi The Awe\n|-damage|p2a: Bocchi The Awe|80\/100\n|\n|-heal|p2a: Bocchi The Awe|100\/100|[from] move: Wish|[wisher] Bocchi The Scald\n|-heal|p1a: Bronzong|83\/100|[from] item: Leftovers\n|upkeep\n|turn|10\n|\n|t:|1700070471\n|move|p2a: Bocchi The Awe|Heal Bell|p2a: Bocchi The Awe\n|-activate|p2a: Bocchi The Awe|move: Heal Bell\n|-curestatus|p2: Bocchi The Scald|tox|[msg]\n|-curestatus|p2: Bocchi The Claw|tox|[msg]\n|move|p1a: Bronzong|Toxic|p2a: Bocchi The Awe\n|-status|p2a: Bocchi The Awe|tox\n|\n|-heal|p1a: Bronzong|90\/100|[from] item: Leftovers\n|-damage|p2a: Bocchi The Awe|94\/100 tox|[from] psn\n|upkeep\n|turn|11\n|\n|t:|1700070491\n|switch|p1a: Spidops|Spidops, M|81\/100\n|-damage|p1a: Spidops|56\/100|[from] Spikes\n|move|p2a: Bocchi The Awe|Wish|p2a: Bocchi The Awe\n|\n|-damage|p2a: Bocchi The Awe|82\/100 tox|[from] psn\n|upkeep\n|turn|12\n|\n|t:|1700070500\n|move|p1a: Spidops|Spikes|p2a: Bocchi The Awe\n|-sidestart|p2: HitsuxHitsu|Spikes\n|move|p2a: Bocchi The Awe|Heal Bell|p2a: Bocchi The Awe\n|-activate|p2a: Bocchi The Awe|move: Heal Bell\n|-curestatus|p2a: Bocchi The Awe|tox|[msg]\n|\n|-heal|p2a: Bocchi The Awe|100\/100|[from] move: Wish|[wisher] Bocchi The Awe\n|upkeep\n|turn|13\n|\n|t:|1700070508\n|move|p1a: Spidops|Spikes|p2a: Bocchi The Awe\n|-sidestart|p2: HitsuxHitsu|Spikes\n|move|p2a: Bocchi The Awe|Hyper Voice|p1a: Spidops\n|-damage|p1a: Spidops|31\/100\n|\n|upkeep\n|turn|14\n|\n|t:|1700070514\n|move|p1a: Spidops|Spikes|p2a: Bocchi The Awe\n|-sidestart|p2: HitsuxHitsu|Spikes\n|move|p2a: Bocchi The Awe|Hyper Voice|p1a: Spidops\n|-damage|p1a: Spidops|7\/100\n|\n|upkeep\n|turn|15\n|\n|t:|1700070522\n|move|p1a: Spidops|Silk Trap|p1a: Spidops\n|-singleturn|p1a: Spidops|Protect\n|move|p2a: Bocchi The Awe|Hyper Voice|p1a: Spidops\n|-activate|p1a: Spidops|move: Protect\n|\n|upkeep\n|turn|16\n|\n|t:|1700070528\n|switch|p1a: Bronzong|Bronzong|90\/100\n|move|p2a: Bocchi The Awe|Hyper Voice|p1a: Bronzong\n|-resisted|p1a: Bronzong\n|-damage|p1a: Bronzong|81\/100\n|\n|-heal|p1a: Bronzong|87\/100|[from] item: Leftovers\n|upkeep\n|turn|17\n|\n|t:|1700070547\n|switch|p2a: Bocchi The Claw|Gliscor, M|100\/100\n|-damage|p2a: Bocchi The Claw|88\/100|[from] Stealth Rock\n|move|p1a: Bronzong|Toxic|p2a: Bocchi The Claw\n|-status|p2a: Bocchi The Claw|tox\n|\n|-heal|p1a: Bronzong|93\/100|[from] item: Leftovers\n|-heal|p2a: Bocchi The Claw|100\/100 tox|[from] ability: Poison Heal\n|upkeep\n|turn|18\n|\n|t:|1700070559\n|move|p2a: Bocchi The Claw|Earthquake|p1a: Bronzong\n|-immune|p1a: Bronzong|[from] ability: Levitate\n|move|p1a: Bronzong|Gyro Ball|p2a: Bocchi The Claw\n|-damage|p2a: Bocchi The Claw|83\/100 tox\n|\n|-heal|p1a: Bronzong|99\/100|[from] item: Leftovers\n|-heal|p2a: Bocchi The Claw|95\/100 tox|[from] ability: Poison Heal\n|upkeep\n|turn|19\n|\n|t:|1700070572\n|move|p2a: Bocchi The Claw|Spikes||[still]\n|-fail|p2a: Bocchi The Claw\n|move|p1a: Bronzong|Zen Headbutt|p2a: Bocchi The Claw\n|-crit|p2a: Bocchi The Claw\n|-damage|p2a: Bocchi The Claw|70\/100 tox\n|\n|-heal|p1a: Bronzong|100\/100|[from] item: Leftovers\n|-heal|p2a: Bocchi The Claw|83\/100 tox|[from] ability: Poison Heal\n|upkeep\n|turn|20\n|\n|t:|1700070591\n|switch|p2a: Bocchi The Ball|Bronzong|100\/100\n|-damage|p2a: Bocchi The Ball|94\/100|[from] Stealth Rock\n|move|p1a: Bronzong|Gyro Ball|p2a: Bocchi The Ball\n|-resisted|p2a: Bocchi The Ball\n|-damage|p2a: Bocchi The Ball|90\/100\n|\n|upkeep\n|turn|21\n|\n|t:|1700070608\n|move|p1a: Bronzong|Zen Headbutt|p2a: Bocchi The Ball\n|-resisted|p2a: Bocchi The Ball\n|-damage|p2a: Bocchi The Ball|85\/100\n|move|p2a: Bocchi The Ball|Trick Room|p2a: Bocchi The Ball\n|-fieldstart|move: Trick Room|[of] p2a: Bocchi The Ball\n|\n|upkeep\n|turn|22\n|\n|t:|1700070619\n|move|p1a: Bronzong|Gyro Ball|p2a: Bocchi The Ball\n|-resisted|p2a: Bocchi The Ball\n|-damage|p2a: Bocchi The Ball|81\/100\n|move|p2a: Bocchi The Ball|Zen Headbutt|p1a: Bronzong\n|-resisted|p1a: Bronzong\n|-damage|p1a: Bronzong|95\/100\n|\n|-heal|p1a: Bronzong|100\/100|[from] item: Leftovers\n|upkeep\n|turn|23\n|\n|t:|1700070629\n|move|p2a: Bocchi The Ball|Zen Headbutt|p1a: Bronzong\n|-resisted|p1a: Bronzong\n|-damage|p1a: Bronzong|95\/100\n|move|p1a: Bronzong|Zen Headbutt|p2a: Bocchi The Ball\n|-resisted|p2a: Bocchi The Ball\n|-damage|p2a: Bocchi The Ball|76\/100\n|\n|-heal|p1a: Bronzong|100\/100|[from] item: Leftovers\n|upkeep\n|turn|24\n|\n|t:|1700070640\n|switch|p2a: Bocchi The Scald|Vaporeon, F, shiny|74\/100\n|-activate|p2a: Bocchi The Scald|move: Sticky Web\n|-unboost|p2a: Bocchi The Scald|spe|1\n|-damage|p2a: Bocchi The Scald|62\/100|[from] Stealth Rock\n|-damage|p2a: Bocchi The Scald|37\/100|[from] Spikes\n|move|p1a: Bronzong|Zen Headbutt|p2a: Bocchi The Scald\n|-damage|p2a: Bocchi The Scald|19\/100\n|\n|-heal|p2a: Bocchi The Scald|25\/100|[from] item: Leftovers\n|upkeep\n|turn|25\n|c|\u2606Quik_pl|ja mam czas\n|c|\u2606Quik_pl|XD\n|\n|t:|1700070657\n|move|p1a: Bronzong|Zen Headbutt|p2a: Bocchi The Scald\n|-damage|p2a: Bocchi The Scald|8\/100\n|move|p2a: Bocchi The Scald|Wish|p2a: Bocchi The Scald\n|\n|-heal|p2a: Bocchi The Scald|15\/100|[from] item: Leftovers\n|-fieldend|move: Trick Room\n|upkeep\n|turn|26\n|\n|t:|1700070665\n|move|p2a: Bocchi The Scald|Scald|p1a: Bronzong\n|-damage|p1a: Bronzong|74\/100\n|-status|p1a: Bronzong|brn\n|move|p1a: Bronzong|Toxic|p2a: Bocchi The Scald\n|-status|p2a: Bocchi The Scald|tox\n|\n|-heal|p2a: Bocchi The Scald|65\/100 tox|[from] move: Wish|[wisher] Bocchi The Scald\n|-heal|p2a: Bocchi The Scald|71\/100 tox|[from] item: Leftovers\n|-heal|p1a: Bronzong|80\/100 brn|[from] item: Leftovers\n|-damage|p2a: Bocchi The Scald|65\/100 tox|[from] psn\n|-damage|p1a: Bronzong|74\/100 brn|[from] brn\n|upkeep\n|turn|27\n|inactive|Quik_pl has 270 seconds left.\n|\n|t:|1700070693\n|switch|p1a: Vaporeon|Vaporeon, M|100\/100\n|-damage|p1a: Vaporeon|75\/100|[from] Spikes\n|move|p2a: Bocchi The Scald|Wish|p2a: Bocchi The Scald\n|\n|-heal|p1a: Vaporeon|82\/100|[from] item: Leftovers\n|-heal|p2a: Bocchi The Scald|71\/100 tox|[from] item: Leftovers\n|-damage|p2a: Bocchi The Scald|58\/100 tox|[from] psn\n|upkeep\n|turn|28\n|inactive|Quik_pl has 270 seconds left.\n|\n|t:|1700070705\n|switch|p2a: Bocchi The Awe|Audino, M, shiny|100\/100\n|-activate|p2a: Bocchi The Awe|move: Sticky Web\n|-unboost|p2a: Bocchi The Awe|spe|1\n|-damage|p2a: Bocchi The Awe|88\/100|[from] Stealth Rock\n|-damage|p2a: Bocchi The Awe|63\/100|[from] Spikes\n|move|p1a: Vaporeon|Wish|p1a: Vaporeon\n|\n|-heal|p2a: Bocchi The Awe|100\/100|[from] move: Wish|[wisher] Bocchi The Scald\n|-heal|p1a: Vaporeon|88\/100|[from] item: Leftovers\n|upkeep\n|turn|29\n|inactive|Quik_pl has 270 seconds left.\n|\n|t:|1700070719\n|move|p1a: Vaporeon|Scald|p2a: Bocchi The Awe\n|-damage|p2a: Bocchi The Awe|70\/100\n|move|p2a: Bocchi The Awe|Hyper Voice|p1a: Vaporeon\n|-damage|p1a: Vaporeon|77\/100\n|\n|-heal|p1a: Vaporeon|100\/100|[from] move: Wish|[wisher] Vaporeon\n|upkeep\n|turn|30\n|inactive|Quik_pl has 270 seconds left.\n|\n|t:|1700070729\n|detailschange|p2a: Bocchi The Awe|Audino-Mega, M, shiny\n|-mega|p2a: Bocchi The Awe|Audino|Audinite\n|move|p1a: Vaporeon|Scald|p2a: Bocchi The Awe\n|-damage|p2a: Bocchi The Awe|48\/100\n|move|p2a: Bocchi The Awe|Draining Kiss|p1a: Vaporeon\n|-damage|p1a: Vaporeon|92\/100\n|-heal|p2a: Bocchi The Awe|55\/100|[from] drain|[of] p1a: Vaporeon\n|\n|-heal|p1a: Vaporeon|98\/100|[from] item: Leftovers\n|upkeep\n|turn|31\n|inactive|Quik_pl has 270 seconds left.\n|\n|t:|1700070740\n|move|p1a: Vaporeon|Scald|p2a: Bocchi The Awe\n|-damage|p2a: Bocchi The Awe|35\/100\n|move|p2a: Bocchi The Awe|Wish|p2a: Bocchi The Awe\n|\n|-heal|p1a: Vaporeon|100\/100|[from] item: Leftovers\n|upkeep\n|turn|32\n|\n|t:|1700070748\n|move|p1a: Vaporeon|Scald|p2a: Bocchi The Awe\n|-damage|p2a: Bocchi The Awe|16\/100\n|move|p2a: Bocchi The Awe|Draining Kiss|p1a: Vaporeon\n|-damage|p1a: Vaporeon|93\/100\n|-heal|p2a: Bocchi The Awe|22\/100|[from] drain|[of] p1a: Vaporeon\n|\n|-heal|p2a: Bocchi The Awe|72\/100|[from] move: Wish|[wisher] Bocchi The Awe\n|-heal|p1a: Vaporeon|99\/100|[from] item: Leftovers\n|upkeep\n|turn|33\n|\n|t:|1700070758\n|move|p1a: Vaporeon|Scald|p2a: Bocchi The Awe\n|-damage|p2a: Bocchi The Awe|54\/100\n|move|p2a: Bocchi The Awe|Wish|p2a: Bocchi The Awe\n|\n|-heal|p1a: Vaporeon|100\/100|[from] item: Leftovers\n|upkeep\n|turn|34\n|\n|t:|1700070765\n|switch|p2a: Bocchi The Scald|Vaporeon, F, shiny|58\/100 tox\n|-activate|p2a: Bocchi The Scald|move: Sticky Web\n|-unboost|p2a: Bocchi The Scald|spe|1\n|-damage|p2a: Bocchi The Scald|46\/100 tox|[from] Stealth Rock\n|-damage|p2a: Bocchi The Scald|21\/100 tox|[from] Spikes\n|move|p1a: Vaporeon|Toxic|p2a: Bocchi The Scald\n|-fail|p2a: Bocchi The Scald|tox\n|\n|-heal|p2a: Bocchi The Scald|65\/100 tox|[from] move: Wish|[wisher] Bocchi The Awe\n|-heal|p2a: Bocchi The Scald|71\/100 tox|[from] item: Leftovers\n|-damage|p2a: Bocchi The Scald|65\/100 tox|[from] psn\n|upkeep\n|turn|35\n|\n|t:|1700070780\n|switch|p2a: Bocchi The Claw|Gliscor, M|83\/100 tox\n|-damage|p2a: Bocchi The Claw|70\/100 tox|[from] Stealth Rock\n|move|p1a: Vaporeon|Protect||[still]\n|-fail|p1a: Vaporeon\n|\n|-heal|p2a: Bocchi The Claw|83\/100 tox|[from] ability: Poison Heal\n|upkeep\n|turn|36\n|\n|t:|1700070784\n|move|p2a: Bocchi The Claw|Toxic|p1a: Vaporeon\n|-status|p1a: Vaporeon|tox\n|move|p1a: Vaporeon|Scald|p2a: Bocchi The Claw\n|-supereffective|p2a: Bocchi The Claw\n|-damage|p2a: Bocchi The Claw|9\/100 tox\n|\n|-heal|p2a: Bocchi The Claw|22\/100 tox|[from] ability: Poison Heal\n|-damage|p1a: Vaporeon|94\/100 tox|[from] psn\n|upkeep\n|turn|37\n|\n|t:|1700070798\n|switch|p2a: Bocchi The Scald|Vaporeon, F, shiny|65\/100 tox\n|-activate|p2a: Bocchi The Scald|move: Sticky Web\n|-unboost|p2a: Bocchi The Scald|spe|1\n|-damage|p2a: Bocchi The Scald|52\/100 tox|[from] Stealth Rock\n|-damage|p2a: Bocchi The Scald|27\/100 tox|[from] Spikes\n|move|p1a: Vaporeon|Scald|p2a: Bocchi The Scald\n|-heal|p2a: Bocchi The Scald|52\/100 tox|[from] ability: Water Absorb|[of] p1a: Vaporeon\n|\n|-heal|p1a: Vaporeon|100\/100 tox|[from] item: Leftovers\n|-heal|p2a: Bocchi The Scald|59\/100 tox|[from] item: Leftovers\n|-damage|p1a: Vaporeon|88\/100 tox|[from] psn\n|-damage|p2a: Bocchi The Scald|52\/100 tox|[from] psn\n|upkeep\n|turn|38\n|inactive|Quik_pl has 270 seconds left.\n|\n|t:|1700070834\n|switch|p1a: Gliscor|Gliscor, F|100\/100 tox\n|move|p2a: Bocchi The Scald|Wish|p2a: Bocchi The Scald\n|\n|-heal|p2a: Bocchi The Scald|59\/100 tox|[from] item: Leftovers\n|-damage|p2a: Bocchi The Scald|46\/100 tox|[from] psn\n|upkeep\n|turn|39\n|inactive|Quik_pl has 270 seconds left.\n|\n|t:|1700070850\n|move|p1a: Gliscor|Facade|p2a: Bocchi The Scald\n|-damage|p2a: Bocchi The Scald|17\/100 tox\n|move|p2a: Bocchi The Scald|Scald|p1a: Gliscor\n|-supereffective|p1a: Gliscor\n|-damage|p1a: Gliscor|19\/100 tox\n|\n|-heal|p2a: Bocchi The Scald|67\/100 tox|[from] move: Wish|[wisher] Bocchi The Scald\n|-heal|p2a: Bocchi The Scald|73\/100 tox|[from] item: Leftovers\n|-heal|p1a: Gliscor|32\/100 tox|[from] ability: Poison Heal\n|-damage|p2a: Bocchi The Scald|55\/100 tox|[from] psn\n|upkeep\n|turn|40\n|inactive|Quik_pl has 270 seconds left.\n|\n|t:|1700070862\n|switch|p1a: Vaporeon|Vaporeon, M|88\/100 tox\n|-damage|p1a: Vaporeon|63\/100 tox|[from] Spikes\n|move|p2a: Bocchi The Scald|Scald|p1a: Vaporeon\n|-heal|p1a: Vaporeon|88\/100 tox|[from] ability: Water Absorb|[of] p2a: Bocchi The Scald\n|\n|-heal|p1a: Vaporeon|94\/100 tox|[from] item: Leftovers\n|-heal|p2a: Bocchi The Scald|61\/100 tox|[from] item: Leftovers\n|-damage|p1a: Vaporeon|88\/100 tox|[from] psn\n|-damage|p2a: Bocchi The Scald|36\/100 tox|[from] psn\n|upkeep\n|turn|41\n|inactive|Quik_pl has 270 seconds left.\n|\n|t:|1700070876\n|move|p1a: Vaporeon|Wish|p1a: Vaporeon\n|move|p2a: Bocchi The Scald|Wish|p2a: Bocchi The Scald\n|\n|-heal|p1a: Vaporeon|94\/100 tox|[from] item: Leftovers\n|-heal|p2a: Bocchi The Scald|42\/100 tox|[from] item: Leftovers\n|-damage|p1a: Vaporeon|82\/100 tox|[from] psn\n|-damage|p2a: Bocchi The Scald|11\/100 tox|[from] psn\n|upkeep\n|turn|42\n|\n|t:|1700070885\n|move|p1a: Vaporeon|Protect|p1a: Vaporeon\n|-singleturn|p1a: Vaporeon|Protect\n|move|p2a: Bocchi The Scald|Haze|p2a: Bocchi The Scald\n|-clearallboost\n|\n|-heal|p2a: Bocchi The Scald|61\/100 tox|[from] move: Wish|[wisher] Bocchi The Scald\n|-heal|p1a: Vaporeon|100\/100 tox|[from] move: Wish|[wisher] Vaporeon\n|-heal|p2a: Bocchi The Scald|67\/100 tox|[from] item: Leftovers\n|-damage|p1a: Vaporeon|82\/100 tox|[from] psn\n|-damage|p2a: Bocchi The Scald|30\/100 tox|[from] psn\n|upkeep\n|turn|43\n|\n|t:|1700070899\n|switch|p2a: Bocchi The Snore|Cresselia, F|100\/100\n|-damage|p2a: Bocchi The Snore|88\/100|[from] Stealth Rock\n|move|p1a: Vaporeon|Wish|p1a: Vaporeon\n|\n|-heal|p2a: Bocchi The Snore|94\/100|[from] item: Leftovers\n|-heal|p1a: Vaporeon|88\/100 tox|[from] item: Leftovers\n|-damage|p1a: Vaporeon|63\/100 tox|[from] psn\n|upkeep\n|turn|44\n|inactive|Quik_pl has 270 seconds left.\n|\n|t:|1700070915\n|switch|p2a: Bocchi The Magnet|Probopass, F|100\/100\n|-activate|p2a: Bocchi The Magnet|move: Sticky Web\n|-unboost|p2a: Bocchi The Magnet|spe|1\n|-damage|p2a: Bocchi The Magnet|94\/100|[from] Stealth Rock\n|-damage|p2a: Bocchi The Magnet|69\/100|[from] Spikes\n|move|p1a: Vaporeon|Toxic|p2a: Bocchi The Magnet\n|-immune|p2a: Bocchi The Magnet\n|\n|-heal|p1a: Vaporeon|100\/100 tox|[from] move: Wish|[wisher] Vaporeon\n|-damage|p1a: Vaporeon|69\/100 tox|[from] psn\n|upkeep\n|turn|45\n|\n|t:|1700070923\n|switch|p1a: Gliscor|Gliscor, F|32\/100 tox\n|move|p2a: Bocchi The Magnet|Taunt|p1a: Gliscor\n|-start|p1a: Gliscor|move: Taunt\n|\n|-heal|p1a: Gliscor|44\/100 tox|[from] ability: Poison Heal\n|upkeep\n|turn|46\n|\n|t:|1700070932\n|-terastallize|p2a: Bocchi The Magnet|Rock\n|move|p1a: Gliscor|Earthquake|p2a: Bocchi The Magnet\n|-supereffective|p2a: Bocchi The Magnet\n|-damage|p2a: Bocchi The Magnet|8\/100\n|move|p2a: Bocchi The Magnet|Hidden Power|p1a: Gliscor\n|-supereffective|p1a: Gliscor\n|-damage|p1a: Gliscor|0 fnt\n|faint|p1a: Gliscor\n|\n|upkeep\n|inactive|Quik_pl has 270 seconds left.\n|\n|t:|1700070950\n|switch|p1a: Vaporeon|Vaporeon, M|69\/100 tox\n|-damage|p1a: Vaporeon|44\/100 tox|[from] Spikes\n|turn|47\n|\n|t:|1700070962\n|move|p1a: Vaporeon|Wish|p1a: Vaporeon\n|move|p2a: Bocchi The Magnet|Volt Switch|p1a: Vaporeon\n|-supereffective|p1a: Vaporeon\n|-damage|p1a: Vaporeon|25\/100 tox\n|\n|t:|1700070971\n|switch|p2a: Bocchi The Awe|Audino-Mega, M, shiny|54\/100|[from] Volt Switch\n|-activate|p2a: Bocchi The Awe|move: Sticky Web\n|-unboost|p2a: Bocchi The Awe|spe|1\n|-damage|p2a: Bocchi The Awe|41\/100|[from] Stealth Rock\n|-damage|p2a: Bocchi The Awe|16\/100|[from] Spikes\n|\n|-heal|p1a: Vaporeon|32\/100 tox|[from] item: Leftovers\n|-damage|p1a: Vaporeon|25\/100 tox|[from] psn\n|upkeep\n|turn|48\n|\n|t:|1700070983\n|move|p1a: Vaporeon|Protect|p1a: Vaporeon\n|-singleturn|p1a: Vaporeon|Protect\n|move|p2a: Bocchi The Awe|Wish|p2a: Bocchi The Awe\n|\n|-heal|p1a: Vaporeon|75\/100 tox|[from] move: Wish|[wisher] Vaporeon\n|-heal|p1a: Vaporeon|82\/100 tox|[from] item: Leftovers\n|-damage|p1a: Vaporeon|69\/100 tox|[from] psn\n|upkeep\n|turn|49\n|\n|t:|1700070992\n|move|p1a: Vaporeon|Scald|p2a: Bocchi The Awe\n|-damage|p2a: Bocchi The Awe|0 fnt\n|faint|p2a: Bocchi The Awe\n|\n|-heal|p1a: Vaporeon|75\/100 tox|[from] item: Leftovers\n|-damage|p1a: Vaporeon|57\/100 tox|[from] psn\n|upkeep\n|\n|t:|1700071007\n|switch|p2a: Bocchi The Ball|Bronzong|76\/100\n|-damage|p2a: Bocchi The Ball|70\/100|[from] Stealth Rock\n|turn|50\n|\n|t:|1700071025\n|switch|p1a: Bronzong|Bronzong|74\/100 brn\n|switch|p2a: Bocchi The Magnet|Probopass, F, tera:Rock|8\/100\n|-activate|p2a: Bocchi The Magnet|move: Sticky Web\n|-unboost|p2a: Bocchi The Magnet|spe|1\n|-damage|p2a: Bocchi The Magnet|0 fnt|[from] Stealth Rock\n|faint|p2a: Bocchi The Magnet\n|\n|-heal|p1a: Bronzong|80\/100 brn|[from] item: Leftovers\n|-damage|p1a: Bronzong|74\/100 brn|[from] brn\n|upkeep\n|\n|t:|1700071031\n|switch|p2a: Bocchi The Claw|Gliscor, M|22\/100 tox\n|-damage|p2a: Bocchi The Claw|9\/100 tox|[from] Stealth Rock\n|turn|51\n|\n|t:|1700071041\n|move|p2a: Bocchi The Claw|Roost|p2a: Bocchi The Claw\n|-heal|p2a: Bocchi The Claw|59\/100 tox\n|-singleturn|p2a: Bocchi The Claw|move: Roost\n|move|p1a: Bronzong|Gyro Ball|p2a: Bocchi The Claw\n|-damage|p2a: Bocchi The Claw|49\/100 tox\n|\n|-heal|p1a: Bronzong|80\/100 brn|[from] item: Leftovers\n|-heal|p2a: Bocchi The Claw|62\/100 tox|[from] ability: Poison Heal\n|-damage|p1a: Bronzong|74\/100 brn|[from] brn\n|upkeep\n|turn|52\n|inactive|Quik_pl has 270 seconds left.\n|\n|t:|1700071082\n|move|p2a: Bocchi The Claw|Earthquake|p1a: Bronzong\n|-immune|p1a: Bronzong|[from] ability: Levitate\n|move|p1a: Bronzong|Toxic|p2a: Bocchi The Claw\n|-fail|p2a: Bocchi The Claw|tox\n|\n|-heal|p1a: Bronzong|80\/100 brn|[from] item: Leftovers\n|-heal|p2a: Bocchi The Claw|74\/100 tox|[from] ability: Poison Heal\n|-damage|p1a: Bronzong|74\/100 brn|[from] brn\n|upkeep\n|turn|53\n|\n|t:|1700071098\n|move|p2a: Bocchi The Claw|Spikes||[still]\n|-fail|p2a: Bocchi The Claw\n|move|p1a: Bronzong|Zen Headbutt|p2a: Bocchi The Claw\n|-damage|p2a: Bocchi The Claw|66\/100 tox\n|\n|-heal|p1a: Bronzong|80\/100 brn|[from] item: Leftovers\n|-heal|p2a: Bocchi The Claw|78\/100 tox|[from] ability: Poison Heal\n|-damage|p1a: Bronzong|74\/100 brn|[from] brn\n|upkeep\n|turn|54\n|\n|t:|1700071118\n|switch|p1a: Wyrdeer|Wyrdeer, F|100\/100\n|-damage|p1a: Wyrdeer|76\/100|[from] Spikes\n|-ability|p1a: Wyrdeer|Intimidate|boost\n|-unboost|p2a: Bocchi The Claw|atk|1\n|move|p2a: Bocchi The Claw|Spikes||[still]\n|-fail|p2a: Bocchi The Claw\n|\n|-heal|p2a: Bocchi The Claw|91\/100 tox|[from] ability: Poison Heal\n|upkeep\n|turn|55\n|inactive|Quik_pl has 240 seconds left.\n|\n|t:|1700071143\n|-terastallize|p1a: Wyrdeer|Normal\n|move|p1a: Wyrdeer|Body Slam|p2a: Bocchi The Claw\n|-damage|p2a: Bocchi The Claw|57\/100 tox\n|move|p2a: Bocchi The Claw|Toxic|p1a: Wyrdeer\n|-status|p1a: Wyrdeer|tox\n|\n|-damage|p1a: Wyrdeer|70\/100 tox|[from] psn\n|-heal|p2a: Bocchi The Claw|70\/100 tox|[from] ability: Poison Heal\n|upkeep\n|turn|56\n|\n|t:|1700071153\n|move|p1a: Wyrdeer|Body Slam|p2a: Bocchi The Claw\n|-damage|p2a: Bocchi The Claw|36\/100 tox\n|move|p2a: Bocchi The Claw|Roost|p2a: Bocchi The Claw\n|-heal|p2a: Bocchi The Claw|86\/100 tox\n|-singleturn|p2a: Bocchi The Claw|move: Roost\n|\n|-damage|p1a: Wyrdeer|58\/100 tox|[from] psn\n|-heal|p2a: Bocchi The Claw|98\/100 tox|[from] ability: Poison Heal\n|upkeep\n|turn|57\n|\n|t:|1700071161\n|switch|p1a: Bronzong|Bronzong|74\/100 brn\n|move|p2a: Bocchi The Claw|Earthquake|p1a: Bronzong\n|-immune|p1a: Bronzong|[from] ability: Levitate\n|\n|-heal|p1a: Bronzong|80\/100 brn|[from] item: Leftovers\n|-heal|p2a: Bocchi The Claw|100\/100 tox|[from] ability: Poison Heal\n|-damage|p1a: Bronzong|74\/100 brn|[from] brn\n|upkeep\n|turn|58\n|inactive|Quik_pl has 240 seconds left.\n|\n|t:|1700071187\n|switch|p1a: Wyrdeer|Wyrdeer, F, tera:Normal|58\/100 tox\n|-damage|p1a: Wyrdeer|33\/100 tox|[from] Spikes\n|-ability|p1a: Wyrdeer|Intimidate|boost\n|-unboost|p2a: Bocchi The Claw|atk|1\n|move|p2a: Bocchi The Claw|Spikes||[still]\n|-fail|p2a: Bocchi The Claw\n|\n|-damage|p1a: Wyrdeer|27\/100 tox|[from] psn\n|upkeep\n|turn|59\n|inactive|Quik_pl has 240 seconds left.\n|\n|t:|1700071196\n|switch|p1a: Vaporeon|Vaporeon, M|57\/100 tox\n|-damage|p1a: Vaporeon|32\/100 tox|[from] Spikes\n|move|p2a: Bocchi The Claw|Spikes||[still]\n|-fail|p2a: Bocchi The Claw\n|\n|-heal|p1a: Vaporeon|38\/100 tox|[from] item: Leftovers\n|-damage|p1a: Vaporeon|32\/100 tox|[from] psn\n|upkeep\n|turn|60\n|inactive|Quik_pl has 240 seconds left.\n|\n|t:|1700071208\n|move|p2a: Bocchi The Claw|Earthquake|p1a: Vaporeon\n|-damage|p1a: Vaporeon|12\/100 tox\n|move|p1a: Vaporeon|Wish|p1a: Vaporeon\n|\n|-heal|p1a: Vaporeon|18\/100 tox|[from] item: Leftovers\n|-damage|p1a: Vaporeon|6\/100 tox|[from] psn\n|upkeep\n|turn|61\n|\n|t:|1700071214\n|switch|p2a: Bocchi The Scald|Vaporeon, F, shiny|30\/100 tox\n|-activate|p2a: Bocchi The Scald|move: Sticky Web\n|-unboost|p2a: Bocchi The Scald|spe|1\n|-damage|p2a: Bocchi The Scald|17\/100 tox|[from] Stealth Rock\n|-damage|p2a: Bocchi The Scald|0 fnt|[from] Spikes\n|faint|p2a: Bocchi The Scald\n|move|p1a: Vaporeon|Protect||[still]\n|-fail|p1a: Vaporeon\n|\n|-heal|p1a: Vaporeon|56\/100 tox|[from] move: Wish|[wisher] Vaporeon\n|-heal|p1a: Vaporeon|62\/100 tox|[from] item: Leftovers\n|-damage|p1a: Vaporeon|43\/100 tox|[from] psn\n|upkeep\n|\n|t:|1700071220\n|switch|p2a: Bocchi The Ball|Bronzong|70\/100\n|-damage|p2a: Bocchi The Ball|64\/100|[from] Stealth Rock\n|turn|62\n|\n|t:|1700071239\n|move|p1a: Vaporeon|Wish|p1a: Vaporeon\n|move|p2a: Bocchi The Ball|Zen Headbutt|p1a: Vaporeon|[miss]\n|-miss|p2a: Bocchi The Ball|p1a: Vaporeon\n|\n|-heal|p1a: Vaporeon|50\/100 tox|[from] item: Leftovers\n|-damage|p1a: Vaporeon|25\/100 tox|[from] psn\n|upkeep\n|turn|63\n|\n|t:|1700071248\n|move|p1a: Vaporeon|Protect|p1a: Vaporeon\n|-singleturn|p1a: Vaporeon|Protect\n|move|p2a: Bocchi The Ball|Trick Room|p2a: Bocchi The Ball\n|-fieldstart|move: Trick Room|[of] p2a: Bocchi The Ball\n|\n|-heal|p1a: Vaporeon|75\/100 tox|[from] move: Wish|[wisher] Vaporeon\n|-heal|p1a: Vaporeon|81\/100 tox|[from] item: Leftovers\n|-damage|p1a: Vaporeon|50\/100 tox|[from] psn\n|upkeep\n|turn|64\n|\n|t:|1700071257\n|switch|p1a: Bronzong|Bronzong|74\/100 brn\n|move|p2a: Bocchi The Ball|Zen Headbutt|p1a: Bronzong\n|-resisted|p1a: Bronzong\n|-damage|p1a: Bronzong|68\/100 brn\n|\n|-heal|p1a: Bronzong|74\/100 brn|[from] item: Leftovers\n|-damage|p1a: Bronzong|68\/100 brn|[from] brn\n|upkeep\n|turn|65\n|\n|t:|1700071275\n|move|p2a: Bocchi The Ball|Zen Headbutt|p1a: Bronzong\n|-resisted|p1a: Bronzong\n|-damage|p1a: Bronzong|62\/100 brn\n|move|p1a: Bronzong|Zen Headbutt|p2a: Bocchi The Ball\n|-resisted|p2a: Bocchi The Ball\n|-damage|p2a: Bocchi The Ball|61\/100\n|\n|-heal|p1a: Bronzong|68\/100 brn|[from] item: Leftovers\n|-damage|p1a: Bronzong|62\/100 brn|[from] brn\n|upkeep\n|turn|66\n|\n|t:|1700071291\n|move|p2a: Bocchi The Ball|Zen Headbutt|p1a: Bronzong\n|-resisted|p1a: Bronzong\n|-damage|p1a: Bronzong|56\/100 brn\n|move|p1a: Bronzong|Zen Headbutt|p2a: Bocchi The Ball\n|-resisted|p2a: Bocchi The Ball\n|-damage|p2a: Bocchi The Ball|58\/100\n|\n|-heal|p1a: Bronzong|62\/100 brn|[from] item: Leftovers\n|-damage|p1a: Bronzong|56\/100 brn|[from] brn\n|upkeep\n|turn|67\n|\n|t:|1700071303\n|move|p1a: Bronzong|Zen Headbutt|p2a: Bocchi The Ball|[miss]\n|-miss|p1a: Bronzong|p2a: Bocchi The Ball\n|move|p2a: Bocchi The Ball|Zen Headbutt|p1a: Bronzong\n|-resisted|p1a: Bronzong\n|-damage|p1a: Bronzong|50\/100 brn\n|\n|-heal|p1a: Bronzong|57\/100 brn|[from] item: Leftovers\n|-damage|p1a: Bronzong|50\/100 brn|[from] brn\n|-fieldend|move: Trick Room\n|upkeep\n|turn|68\n|\n|t:|1700071318\n|move|p2a: Bocchi The Ball|Zen Headbutt|p1a: Bronzong\n|-resisted|p1a: Bronzong\n|-damage|p1a: Bronzong|44\/100 brn\n|move|p1a: Bronzong|Zen Headbutt|p2a: Bocchi The Ball\n|-resisted|p2a: Bocchi The Ball\n|-damage|p2a: Bocchi The Ball|56\/100\n|\n|-heal|p1a: Bronzong|50\/100 brn|[from] item: Leftovers\n|-damage|p1a: Bronzong|44\/100 brn|[from] brn\n|upkeep\n|turn|69\n|inactive|Quik_pl has 240 seconds left.\n|\n|t:|1700071353\n|switch|p1a: Dedenne|Dedenne, M|100\/100\n|-damage|p1a: Dedenne|76\/100|[from] Spikes\n|move|p2a: Bocchi The Ball|Zen Headbutt|p1a: Dedenne\n|-crit|p1a: Dedenne\n|-damage|p1a: Dedenne|0 fnt\n|faint|p1a: Dedenne\n|\n|upkeep\n|c|\u2606Quik_pl|kurwa kryt\n|inactive|Quik_pl has 210 seconds left.\n|\n|t:|1700071372\n|switch|p1a: Vaporeon|Vaporeon, M|50\/100 tox\n|-damage|p1a: Vaporeon|25\/100 tox|[from] Spikes\n|turn|70\n|inactive|Quik_pl has 210 seconds left.\n|\n|t:|1700071383\n|move|p1a: Vaporeon|Wish|p1a: Vaporeon\n|move|p2a: Bocchi The Ball|Zen Headbutt|p1a: Vaporeon\n|-damage|p1a: Vaporeon|0 fnt\n|faint|p1a: Vaporeon\n|\n|upkeep\n|inactive|Quik_pl has 210 seconds left.\n|\n|t:|1700071394\n|switch|p1a: Wyrdeer|Wyrdeer, F, tera:Normal|27\/100 tox\n|-damage|p1a: Wyrdeer|2\/100 tox|[from] Spikes\n|-ability|p1a: Wyrdeer|Intimidate|boost\n|-unboost|p2a: Bocchi The Ball|atk|1\n|turn|71\n|inactive|Quik_pl has 210 seconds left.\n|\n|t:|1700071405\n|move|p1a: Wyrdeer|Throat Chop|p2a: Bocchi The Ball\n|-supereffective|p2a: Bocchi The Ball\n|-damage|p2a: Bocchi The Ball|14\/100\n|-start|p2a: Bocchi The Ball|Throat Chop|[silent]\n|-enditem|p2a: Bocchi The Ball|Weakness Policy\n|-boost|p2a: Bocchi The Ball|atk|2|[from] item: Weakness Policy\n|-boost|p2a: Bocchi The Ball|spa|2|[from] item: Weakness Policy\n|move|p2a: Bocchi The Ball|Zen Headbutt|p1a: Wyrdeer|[miss]\n|-miss|p2a: Bocchi The Ball|p1a: Wyrdeer\n|\n|-heal|p1a: Wyrdeer|69\/100 tox|[from] move: Wish|[wisher] Vaporeon\n|-damage|p1a: Wyrdeer|63\/100 tox|[from] psn\n|upkeep\n|turn|72\n|inactive|Quik_pl has 210 seconds left.\n|\n|t:|1700071416\n|switch|p2a: Bocchi The Claw|Gliscor, M|100\/100 tox\n|-damage|p2a: Bocchi The Claw|88\/100 tox|[from] Stealth Rock\n|move|p1a: Wyrdeer|Throat Chop|p2a: Bocchi The Claw\n|-damage|p2a: Bocchi The Claw|73\/100 tox\n|-start|p2a: Bocchi The Claw|Throat Chop|[silent]\n|\n|-damage|p1a: Wyrdeer|51\/100 tox|[from] psn\n|-heal|p2a: Bocchi The Claw|86\/100 tox|[from] ability: Poison Heal\n|upkeep\n|turn|73\n|\n|t:|1700071426\n|switch|p1a: Bronzong|Bronzong|44\/100 brn\n|move|p2a: Bocchi The Claw|Earthquake|p1a: Bronzong\n|-immune|p1a: Bronzong|[from] ability: Levitate\n|\n|-heal|p1a: Bronzong|50\/100 brn|[from] item: Leftovers\n|-heal|p2a: Bocchi The Claw|98\/100 tox|[from] ability: Poison Heal\n|-damage|p1a: Bronzong|44\/100 brn|[from] brn\n|-end|p2a: Bocchi The Claw|Throat Chop|[silent]\n|upkeep\n|turn|74\n|inactive|Quik_pl has 210 seconds left.\n|\n|t:|1700071445\n|switch|p2a: Bocchi The Snore|Cresselia, F|94\/100\n|-damage|p2a: Bocchi The Snore|82\/100|[from] Stealth Rock\n|move|p1a: Bronzong|Zen Headbutt|p2a: Bocchi The Snore\n|-resisted|p2a: Bocchi The Snore\n|-damage|p2a: Bocchi The Snore|78\/100\n|\n|-heal|p2a: Bocchi The Snore|85\/100|[from] item: Leftovers\n|-heal|p1a: Bronzong|50\/100 brn|[from] item: Leftovers\n|-damage|p1a: Bronzong|44\/100 brn|[from] brn\n|upkeep\n|turn|75\n|\n|t:|1700071451\n|move|p2a: Bocchi The Snore|Calm Mind|p2a: Bocchi The Snore\n|-boost|p2a: Bocchi The Snore|spa|1\n|-boost|p2a: Bocchi The Snore|spd|1\n|move|p1a: Bronzong|Toxic|p2a: Bocchi The Snore\n|-status|p2a: Bocchi The Snore|tox\n|\n|-heal|p2a: Bocchi The Snore|91\/100 tox|[from] item: Leftovers\n|-heal|p1a: Bronzong|50\/100 brn|[from] item: Leftovers\n|-damage|p2a: Bocchi The Snore|85\/100 tox|[from] psn\n|-damage|p1a: Bronzong|44\/100 brn|[from] brn\n|upkeep\n|turn|76\n|\n|t:|1700071463\n|move|p2a: Bocchi The Snore|Calm Mind|p2a: Bocchi The Snore\n|-boost|p2a: Bocchi The Snore|spa|1\n|-boost|p2a: Bocchi The Snore|spd|1\n|move|p1a: Bronzong|Gyro Ball|p2a: Bocchi The Snore\n|-damage|p2a: Bocchi The Snore|78\/100 tox\n|\n|-heal|p2a: Bocchi The Snore|84\/100 tox|[from] item: Leftovers\n|-heal|p1a: Bronzong|50\/100 brn|[from] item: Leftovers\n|-damage|p2a: Bocchi The Snore|72\/100 tox|[from] psn\n|-damage|p1a: Bronzong|44\/100 brn|[from] brn\n|upkeep\n|turn|77\n|\n|t:|1700071474\n|move|p2a: Bocchi The Snore|Stored Power|p1a: Bronzong\n|-resisted|p1a: Bronzong\n|-damage|p1a: Bronzong|32\/100 brn\n|move|p1a: Bronzong|Gyro Ball|p2a: Bocchi The Snore\n|-damage|p2a: Bocchi The Snore|65\/100 tox\n|\n|-heal|p2a: Bocchi The Snore|71\/100 tox|[from] item: Leftovers\n|-heal|p1a: Bronzong|38\/100 brn|[from] item: Leftovers\n|-damage|p2a: Bocchi The Snore|53\/100 tox|[from] psn\n|-damage|p1a: Bronzong|32\/100 brn|[from] brn\n|upkeep\n|turn|78\n|inactive|Quik_pl has 210 seconds left.\n|\n|t:|1700071507\n|move|p2a: Bocchi The Snore|Stored Power|p1a: Bronzong\n|-resisted|p1a: Bronzong\n|-damage|p1a: Bronzong|21\/100 brn\n|move|p1a: Bronzong|Gyro Ball|p2a: Bocchi The Snore\n|-damage|p2a: Bocchi The Snore|46\/100 tox\n|\n|-heal|p2a: Bocchi The Snore|52\/100 tox|[from] item: Leftovers\n|-heal|p1a: Bronzong|27\/100 brn|[from] item: Leftovers\n|-damage|p2a: Bocchi The Snore|28\/100 tox|[from] psn\n|-damage|p1a: Bronzong|21\/100 brn|[from] brn\n|upkeep\n|turn|79\n|\n|t:|1700071521\n|move|p2a: Bocchi The Snore|Moonlight|p2a: Bocchi The Snore\n|-heal|p2a: Bocchi The Snore|78\/100 tox\n|move|p1a: Bronzong|Zen Headbutt|p2a: Bocchi The Snore|[miss]\n|-miss|p1a: Bronzong|p2a: Bocchi The Snore\n|\n|-heal|p2a: Bocchi The Snore|84\/100 tox|[from] item: Leftovers\n|-heal|p1a: Bronzong|27\/100 brn|[from] item: Leftovers\n|-damage|p2a: Bocchi The Snore|53\/100 tox|[from] psn\n|-damage|p1a: Bronzong|21\/100 brn|[from] brn\n|upkeep\n|turn|80\n|\n|t:|1700071533\n|move|p2a: Bocchi The Snore|Stored Power|p1a: Bronzong\n|-resisted|p1a: Bronzong\n|-damage|p1a: Bronzong|9\/100 brn\n|move|p1a: Bronzong|Zen Headbutt|p2a: Bocchi The Snore\n|-resisted|p2a: Bocchi The Snore\n|-damage|p2a: Bocchi The Snore|50\/100 tox\n|\n|-heal|p2a: Bocchi The Snore|56\/100 tox|[from] item: Leftovers\n|-heal|p1a: Bronzong|15\/100 brn|[from] item: Leftovers\n|-damage|p2a: Bocchi The Snore|20\/100 tox|[from] psn\n|-damage|p1a: Bronzong|9\/100 brn|[from] brn\n|upkeep\n|turn|81\n|\n|t:|1700071556\n|switch|p2a: Bocchi The Ball|Bronzong|14\/100\n|-damage|p2a: Bocchi The Ball|7\/100|[from] Stealth Rock\n|move|p1a: Bronzong|Zen Headbutt|p2a: Bocchi The Ball\n|-resisted|p2a: Bocchi The Ball\n|-damage|p2a: Bocchi The Ball|5\/100\n|\n|-heal|p1a: Bronzong|15\/100 brn|[from] item: Leftovers\n|-damage|p1a: Bronzong|9\/100 brn|[from] brn\n|upkeep\n|turn|82\n|\n|t:|1700071569\n|move|p1a: Bronzong|Zen Headbutt|p2a: Bocchi The Ball\n|-resisted|p2a: Bocchi The Ball\n|-damage|p2a: Bocchi The Ball|2\/100\n|cant|p2a: Bocchi The Ball|flinch\n|\n|-heal|p1a: Bronzong|15\/100 brn|[from] item: Leftovers\n|-damage|p1a: Bronzong|9\/100 brn|[from] brn\n|upkeep\n|turn|83\n|\n|t:|1700071578\n|move|p2a: Bocchi The Ball|Zen Headbutt|p1a: Bronzong\n|-resisted|p1a: Bronzong\n|-damage|p1a: Bronzong|3\/100 brn\n|move|p1a: Bronzong|Zen Headbutt|p2a: Bocchi The Ball\n|-resisted|p2a: Bocchi The Ball\n|-damage|p2a: Bocchi The Ball|0 fnt\n|faint|p2a: Bocchi The Ball\n|\n|-heal|p1a: Bronzong|10\/100 brn|[from] item: Leftovers\n|-damage|p1a: Bronzong|3\/100 brn|[from] brn\n|upkeep\n|l|\u2606HitsuxHitsu\n|inactive|HitsuxHitsu disconnected and has 300 seconds to reconnect!\n|player|p2|\n|c|\u2606Quik_pl|kluczowy flinch\n|inactive|HitsuxHitsu has 270 seconds to reconnect!\n|inactive|HitsuxHitsu has 240 seconds to reconnect!\n|j|\u2606HitsuxHitsu\n|inactive|HitsuxHitsu reconnected and has 295 seconds left.\n|player|p2|HitsuxHitsu|1\n|\n|t:|1700071659\n|switch|p2a: Bocchi The Snore|Cresselia, F|20\/100 tox\n|-damage|p2a: Bocchi The Snore|7\/100 tox|[from] Stealth Rock\n|turn|84\n|inactive|Quik_pl has 210 seconds left.\n|\n|t:|1700071668\n|move|p2a: Bocchi The Snore|Moonlight|p2a: Bocchi The Snore\n|-heal|p2a: Bocchi The Snore|57\/100 tox\n|move|p1a: Bronzong|Zen Headbutt|p2a: Bocchi The Snore\n|-resisted|p2a: Bocchi The Snore\n|-damage|p2a: Bocchi The Snore|54\/100 tox\n|\n|-heal|p2a: Bocchi The Snore|60\/100 tox|[from] item: Leftovers\n|-heal|p1a: Bronzong|10\/100 brn|[from] item: Leftovers\n|-damage|p2a: Bocchi The Snore|54\/100 tox|[from] psn\n|-damage|p1a: Bronzong|3\/100 brn|[from] brn\n|upkeep\n|turn|85\n|inactive|Quik_pl has 210 seconds left.\n|\n|t:|1700071680\n|move|p2a: Bocchi The Snore|Stored Power|p1a: Bronzong\n|-resisted|p1a: Bronzong\n|-damage|p1a: Bronzong|2\/100 brn\n|move|p1a: Bronzong|Zen Headbutt|p2a: Bocchi The Snore\n|-resisted|p2a: Bocchi The Snore\n|-damage|p2a: Bocchi The Snore|51\/100 tox\n|\n|-heal|p2a: Bocchi The Snore|57\/100 tox|[from] item: Leftovers\n|-heal|p1a: Bronzong|8\/100 brn|[from] item: Leftovers\n|-damage|p2a: Bocchi The Snore|45\/100 tox|[from] psn\n|-damage|p1a: Bronzong|2\/100 brn|[from] brn\n|upkeep\n|turn|86\n|inactive|Quik_pl has 210 seconds left.\n|\n|t:|1700071691\n|move|p2a: Bocchi The Snore|Stored Power|p1a: Bronzong\n|-resisted|p1a: Bronzong\n|-damage|p1a: Bronzong|1\/100 brn\n|move|p1a: Bronzong|Zen Headbutt|p2a: Bocchi The Snore\n|-resisted|p2a: Bocchi The Snore\n|-damage|p2a: Bocchi The Snore|42\/100 tox\n|\n|-heal|p2a: Bocchi The Snore|48\/100 tox|[from] item: Leftovers\n|-heal|p1a: Bronzong|7\/100 brn|[from] item: Leftovers\n|-damage|p2a: Bocchi The Snore|30\/100 tox|[from] psn\n|-damage|p1a: Bronzong|1\/100 brn|[from] brn\n|upkeep\n|turn|87\n|inactive|Quik_pl has 210 seconds left.\n|c|\u2606Quik_pl|dos\u0142ownie 2 hp\n|c|\u2606Quik_pl|XD\n|\n|t:|1700071711\n|move|p2a: Bocchi The Snore|Stored Power|p1a: Bronzong\n|-resisted|p1a: Bronzong\n|-damage|p1a: Bronzong|0 fnt\n|faint|p1a: Bronzong\n|\n|-heal|p2a: Bocchi The Snore|36\/100 tox|[from] item: Leftovers\n|-damage|p2a: Bocchi The Snore|12\/100 tox|[from] psn\n|upkeep\n|\n|t:|1700071732\n|switch|p1a: Wyrdeer|Wyrdeer, F, tera:Normal|51\/100 tox\n|-damage|p1a: Wyrdeer|26\/100 tox|[from] Spikes\n|-ability|p1a: Wyrdeer|Intimidate|boost\n|-unboost|p2a: Bocchi The Snore|atk|1\n|turn|88\n|\n|t:|1700071739\n|switch|p2a: Bocchi The Claw|Gliscor, M|98\/100 tox\n|-damage|p2a: Bocchi The Claw|86\/100 tox|[from] Stealth Rock\n|move|p1a: Wyrdeer|Body Slam|p2a: Bocchi The Claw\n|-damage|p2a: Bocchi The Claw|51\/100 tox\n|\n|-damage|p1a: Wyrdeer|20\/100 tox|[from] psn\n|-heal|p2a: Bocchi The Claw|63\/100 tox|[from] ability: Poison Heal\n|upkeep\n|turn|89\n|\n|t:|1700071752\n|move|p1a: Wyrdeer|Body Slam|p2a: Bocchi The Claw\n|-damage|p2a: Bocchi The Claw|30\/100 tox\n|move|p2a: Bocchi The Claw|Roost|p2a: Bocchi The Claw\n|-heal|p2a: Bocchi The Claw|80\/100 tox\n|-singleturn|p2a: Bocchi The Claw|move: Roost\n|\n|-damage|p1a: Wyrdeer|8\/100 tox|[from] psn\n|-heal|p2a: Bocchi The Claw|92\/100 tox|[from] ability: Poison Heal\n|upkeep\n|turn|90\n|\n|t:|1700071767\n|move|p1a: Wyrdeer|Body Slam|p2a: Bocchi The Claw\n|-damage|p2a: Bocchi The Claw|57\/100 tox\n|move|p2a: Bocchi The Claw|Earthquake|p1a: Wyrdeer\n|-damage|p1a: Wyrdeer|0 fnt\n|faint|p1a: Wyrdeer\n|\n|-heal|p2a: Bocchi The Claw|70\/100 tox|[from] ability: Poison Heal\n|upkeep\n|c|\u2606HitsuxHitsu|gg\n|\n|t:|1700071776\n|switch|p1a: Spidops|Spidops, M|7\/100\n|-damage|p1a: Spidops|0 fnt|[from] Spikes\n|faint|p1a: Spidops\n|\n|win|HitsuxHitsu\n|c|\u2606Quik_pl|gg\n","uploadtime":1700071788,"views":22,"p1id":"quikpl","p2id":"hitsuxhitsu","formatid":"gen9nationaldex","rating":0,"private":0,"password":""}