{"id":"gen9nationaldex-1990666366","p1":"wenguiming","p2":"K. Repola","format":"[Gen 9] National Dex","log":"|j|\u2606wenguiming\n|j|\u2606K. Repola\n|t:|1699990074\n|gametype|singles\n|player|p1|wenguiming|pokekid|1329\n|player|p2|K. Repola|gentleman|1435\n|teamsize|p1|6\n|teamsize|p2|6\n|gen|9\n|tier|[Gen 9] National Dex\n|rated|\n|rule|HP Percentage Mod: HP is shown in percentages\n|rule|Endless Battle Clause: Forcing endless battles is banned\n|rule|OHKO Clause: OHKO moves are banned\n|rule|Evasion Clause: Evasion abilities, items, and moves are banned\n|rule|Evasion Abilities Clause: Evasion abilities are banned\n|rule|Evasion Items Clause: Evasion items are banned\n|rule|Evasion Moves Clause: Evasion moves are banned\n|rule|Species Clause: Limit one of each Pok\u00e9mon\n|rule|Sleep Clause Mod: Limit one foe put to sleep\n|clearpoke\n|poke|p1|Ursaluna, M|\n|poke|p1|Tapu Koko|\n|poke|p1|Toxapex, F|\n|poke|p1|Weavile, M|\n|poke|p1|Gliscor, F|\n|poke|p1|Scizor, M|\n|poke|p2|Koffing, F|\n|poke|p2|Corsola-Galar, M|\n|poke|p2|Glimmora, F|\n|poke|p2|Whimsicott, M|\n|poke|p2|Corviknight, M|\n|poke|p2|Blissey, F|\n|teampreview\n|c|\u2606K. Repola|greetings\n|\n|t:|1699990096\n|start\n|switch|p1a: Tapu Koko|Tapu Koko, shiny|100\/100\n|switch|p2a: Kimalle|Glimmora, F|100\/100\n|-fieldstart|move: Electric Terrain|[from] ability: Electric Surge|[of] p1a: Tapu Koko\n|turn|1\n|\n|t:|1699990105\n|move|p2a: Kimalle|Sludge Wave|p1a: Tapu Koko\n|-supereffective|p1a: Tapu Koko\n|-crit|p1a: Tapu Koko\n|-damage|p1a: Tapu Koko|0 fnt\n|faint|p1a: Tapu Koko\n|\n|upkeep\n|\n|t:|1699990115\n|switch|p1a: Scizor|Scizor, M|100\/100\n|turn|2\n|\n|t:|1699990125\n|switch|p2a: \u0160\u00f6k\u00f6|Koffing, F, shiny|100\/100\n|-ability|p2a: \u0160\u00f6k\u00f6|Neutralizing Gas\n|detailschange|p1a: Scizor|Scizor-Mega, M\n|-mega|p1a: Scizor|Scizor|Scizorite\n|move|p1a: Scizor|Bullet Punch|p2a: \u0160\u00f6k\u00f6\n|-damage|p2a: \u0160\u00f6k\u00f6|85\/100\n|\n|upkeep\n|turn|3\n|\n|t:|1699990135\n|move|p1a: Scizor|U-turn|p2a: \u0160\u00f6k\u00f6\n|-resisted|p2a: \u0160\u00f6k\u00f6\n|-damage|p2a: \u0160\u00f6k\u00f6|72\/100\n|\n|t:|1699990148\n|switch|p1a: Toxapex|Toxapex, F|100\/100|[from] U-turn\n|move|p2a: \u0160\u00f6k\u00f6|Flamethrower|p1a: Toxapex\n|-resisted|p1a: Toxapex\n|-damage|p1a: Toxapex|95\/100\n|\n|upkeep\n|turn|4\n|\n|t:|1699990157\n|-end|p2a: \u0160\u00f6k\u00f6|ability: Neutralizing Gas\n|switch|p2a: Emmi|Blissey, F|100\/100\n|move|p1a: Toxapex|Scald|p2a: Emmi\n|-damage|p2a: Emmi|94\/100\n|\n|-heal|p2a: Emmi|100\/100|[from] item: Leftovers\n|upkeep\n|turn|5\n|\n|t:|1699990171\n|switch|p1a: Gliscor|Gliscor, F, shiny|100\/100\n|move|p2a: Emmi|Teleport|p2a: Emmi\n|\n|t:|1699990180\n|switch|p2a: Lumu|Whimsicott, M|100\/100|[from] Teleport\n|\n|-fieldend|move: Electric Terrain\n|-status|p1a: Gliscor|tox|[from] item: Toxic Orb\n|upkeep\n|turn|6\n|\n|t:|1699990196\n|switch|p1a: Scizor|Scizor-Mega, M|100\/100\n|move|p2a: Lumu|Switcheroo||[still]\n|-fail|p2a: Lumu\n|\n|upkeep\n|turn|7\n|\n|t:|1699990210\n|switch|p2a: Ritari Peloton|Corviknight, M|100\/100\n|move|p1a: Scizor|U-turn|p2a: Ritari Peloton\n|-resisted|p2a: Ritari Peloton\n|-damage|p2a: Ritari Peloton|95\/100\n|-damage|p1a: Scizor|84\/100|[from] item: Rocky Helmet|[of] p2a: Ritari Peloton\n|\n|t:|1699990228\n|switch|p1a: Weavile|Weavile, M|100\/100|[from] U-turn\n|-ability|p1a: Weavile|Pressure\n|\n|upkeep\n|turn|8\n|\n|t:|1699990235\n|move|p1a: Weavile|Triple Axel|p2a: Ritari Peloton\n|-crit|p2a: Ritari Peloton\n|-damage|p2a: Ritari Peloton|80\/100\n|-damage|p1a: Weavile|84\/100|[from] item: Rocky Helmet|[of] p2a: Ritari Peloton\n|-damage|p2a: Ritari Peloton|60\/100\n|-damage|p1a: Weavile|68\/100|[from] item: Rocky Helmet|[of] p2a: Ritari Peloton\n|-damage|p2a: Ritari Peloton|27\/100\n|-damage|p1a: Weavile|51\/100|[from] item: Rocky Helmet|[of] p2a: Ritari Peloton\n|-hitcount|p2a: Ritari Peloton|3\n|move|p2a: Ritari Peloton|U-turn|p1a: Weavile\n|-supereffective|p1a: Weavile\n|-damage|p1a: Weavile|0 fnt\n|faint|p1a: Weavile\n|\n|t:|1699990261\n|switch|p2a: \u0160\u00f6k\u00f6|Koffing, F, shiny|72\/100|[from] U-turn\n|-ability|p2a: \u0160\u00f6k\u00f6|Neutralizing Gas\n|\n|upkeep\n|\n|t:|1699990274\n|switch|p1a: Gliscor|Gliscor, F, shiny|100\/100 tox\n|turn|9\n|\n|t:|1699990289\n|-terastallize|p2a: \u0160\u00f6k\u00f6|Flying\n|move|p1a: Gliscor|U-turn|p2a: \u0160\u00f6k\u00f6\n|-resisted|p2a: \u0160\u00f6k\u00f6\n|-damage|p2a: \u0160\u00f6k\u00f6|66\/100\n|\n|t:|1699990297\n|switch|p1a: Scizor|Scizor-Mega, M|84\/100|[from] U-turn\n|move|p2a: \u0160\u00f6k\u00f6|Pain Split|p1a: Scizor\n|-sethp|p1a: Scizor|69\/100|[from] move: Pain Split|[silent]\n|-sethp|p2a: \u0160\u00f6k\u00f6|84\/100|[from] move: Pain Split\n|\n|upkeep\n|turn|10\n|\n|t:|1699990308\n|move|p1a: Scizor|U-turn|p2a: \u0160\u00f6k\u00f6\n|-resisted|p2a: \u0160\u00f6k\u00f6\n|-damage|p2a: \u0160\u00f6k\u00f6|72\/100\n|\n|t:|1699990312\n|switch|p1a: Ursaluna|Ursaluna, M|100\/100|[from] U-turn\n|move|p2a: \u0160\u00f6k\u00f6|Flamethrower|p1a: Ursaluna\n|-damage|p1a: Ursaluna|87\/100\n|-status|p1a: Ursaluna|brn\n|\n|-damage|p1a: Ursaluna|80\/100 brn|[from] brn\n|upkeep\n|turn|11\n|\n|t:|1699990324\n|move|p1a: Ursaluna|Swords Dance|p1a: Ursaluna\n|-boost|p1a: Ursaluna|atk|2\n|move|p2a: \u0160\u00f6k\u00f6|Pain Split|p1a: Ursaluna\n|-sethp|p1a: Ursaluna|64\/100 brn|[from] move: Pain Split|[silent]\n|-sethp|p2a: \u0160\u00f6k\u00f6|96\/100|[from] move: Pain Split\n|\n|-damage|p1a: Ursaluna|58\/100 brn|[from] brn\n|upkeep\n|turn|12\n|\n|t:|1699990335\n|move|p1a: Ursaluna|Swords Dance|p1a: Ursaluna\n|-boost|p1a: Ursaluna|atk|2\n|move|p2a: \u0160\u00f6k\u00f6|Haze|p2a: \u0160\u00f6k\u00f6\n|-clearallboost\n|\n|-damage|p1a: Ursaluna|52\/100 brn|[from] brn\n|upkeep\n|turn|13\n|\n|t:|1699990344\n|move|p1a: Ursaluna|Swords Dance|p1a: Ursaluna\n|-boost|p1a: Ursaluna|atk|2\n|move|p2a: \u0160\u00f6k\u00f6|Flamethrower|p1a: Ursaluna\n|-damage|p1a: Ursaluna|39\/100 brn\n|\n|-damage|p1a: Ursaluna|33\/100 brn|[from] brn\n|upkeep\n|turn|14\n|\n|t:|1699990354\n|move|p1a: Ursaluna|Facade|p2a: \u0160\u00f6k\u00f6\n|-damage|p2a: \u0160\u00f6k\u00f6|0 fnt\n|faint|p2a: \u0160\u00f6k\u00f6\n|-end|p2a: \u0160\u00f6k\u00f6|ability: Neutralizing Gas\n|\n|-damage|p1a: Ursaluna|27\/100 brn|[from] brn\n|upkeep\n|\n|t:|1699990374\n|switch|p2a: Kimalle|Glimmora, F|100\/100\n|turn|15\n|\n|t:|1699990387\n|switch|p1a: Scizor|Scizor-Mega, M|69\/100\n|move|p2a: Kimalle|Earth Power|p1a: Scizor\n|-damage|p1a: Scizor|40\/100\n|\n|upkeep\n|turn|16\n|inactive|Battle timer is ON: inactive players will automatically lose when time's up. (requested by wenguiming)\n|\n|t:|1699990402\n|switch|p2a: Korkki|Corsola-Galar, M|100\/100\n|move|p1a: Scizor|U-turn|p2a: Korkki\n|-resisted|p2a: Korkki\n|-damage|p2a: Korkki|92\/100\n|\n|t:|1699990414\n|switch|p1a: Ursaluna|Ursaluna, M|27\/100 brn|[from] U-turn\n|\n|-damage|p1a: Ursaluna|21\/100 brn|[from] brn\n|upkeep\n|turn|17\n|\n|t:|1699990421\n|move|p1a: Ursaluna|Headlong Rush|p2a: Korkki\n|-damage|p2a: Korkki|34\/100\n|-unboost|p1a: Ursaluna|def|1\n|-unboost|p1a: Ursaluna|spd|1\n|move|p2a: Korkki|Ice Beam|p1a: Ursaluna\n|-supereffective|p1a: Ursaluna\n|-damage|p1a: Ursaluna|0 fnt\n|faint|p1a: Ursaluna\n|\n|upkeep\n|-message|wenguiming forfeited.\n|\n|win|K. Repola\n|raw|wenguiming's rating: 1329 &rarr; <strong>1315<\/strong><br \/>(-14 for losing)\n|raw|K. Repola's rating: 1435 &rarr; <strong>1449<\/strong><br \/>(+14 for winning)\n|l|\u2606wenguiming\n|c|\u2606K. Repola|gg\n","uploadtime":1699990456,"views":15,"p1id":"wenguiming","p2id":"krepola","formatid":"gen9nationaldex","rating":1315,"private":0,"password":""}