{"id":"gen9nationaldex-1998179351","p1":"Sonanta","p2":"baigu2","format":"[Gen 9] National Dex","log":"|html|<div class=\"broadcast-blue\"><strong>[Gen 9] National Dex is currently suspecting Sneasler! For information on how to participate check out the <a href=\"https:\/\/www.smogon.com\/forums\/threads\/sv-national-dex-suspect-8-just-dance.3731534\/\">suspect thread<\/a>.<\/strong><\/div>\n|j|\u2606Sonanta\n|j|\u2606baigu2\n|t:|1700907312\n|gametype|singles\n|player|p1|Sonanta|flint|1612\n|player|p2|baigu2|265|1782\n|teamsize|p1|6\n|teamsize|p2|6\n|gen|9\n|tier|[Gen 9] National Dex\n|rated|\n|rule|HP Percentage Mod: HP is shown in percentages\n|rule|Endless Battle Clause: Forcing endless battles is banned\n|rule|OHKO Clause: OHKO moves are banned\n|rule|Evasion Clause: Evasion abilities, items, and moves are banned\n|rule|Evasion Abilities Clause: Evasion abilities are banned\n|rule|Evasion Items Clause: Evasion items are banned\n|rule|Evasion Moves Clause: Evasion moves are banned\n|rule|Species Clause: Limit one of each Pok\u00e9mon\n|rule|Sleep Clause Mod: Limit one foe put to sleep\n|clearpoke\n|poke|p1|Garchomp, F|\n|poke|p1|Dondozo, M|\n|poke|p1|Scizor, M|\n|poke|p1|Chansey, F|\n|poke|p1|Zapdos|\n|poke|p1|Heatran, M|\n|poke|p2|Ursaluna, F|\n|poke|p2|Slowking, M|\n|poke|p2|Corviknight, M|\n|poke|p2|Hoopa-Unbound|\n|poke|p2|Dragonite, M|\n|poke|p2|Tapu Koko|\n|teampreview\n|inactive|Battle timer is ON: inactive players will automatically lose when time's up. (requested by baigu2)\n|inactive|Sonanta has 120 seconds left.\n|\n|t:|1700907372\n|start\n|switch|p1a: Dragon hunter|Garchomp, F, shiny|100\/100\n|switch|p2a: Tapu Koko|Tapu Koko|100\/100\n|-fieldstart|move: Electric Terrain|[from] ability: Electric Surge|[of] p2a: Tapu Koko\n|turn|1\n|\n|t:|1700907384\n|switch|p2a: Corviknight|Corviknight, M|100\/100\n|-ability|p2a: Corviknight|Pressure\n|-terastallize|p1a: Dragon hunter|Ground\n|move|p1a: Dragon hunter|Earthquake|p2a: Corviknight\n|-immune|p2a: Corviknight\n|\n|upkeep\n|turn|2\n|\n|t:|1700907394\n|switch|p1a: Zapdos|Zapdos|100\/100\n|move|p2a: Corviknight|U-turn|p1a: Zapdos\n|-resisted|p1a: Zapdos\n|-damage|p1a: Zapdos|95\/100\n|-status|p2a: Corviknight|par|[from] ability: Static|[of] p1a: Zapdos\n|\n|t:|1700907399\n|switch|p2a: \u718a\u5927|Ursaluna, F|100\/100|[from] U-turn\n|\n|-status|p2a: \u718a\u5927|brn|[from] item: Flame Orb\n|upkeep\n|turn|3\n|\n|t:|1700907424\n|switch|p1a: iron-bug|Scizor, M|100\/100\n|-terastallize|p2a: \u718a\u5927|Normal\n|move|p2a: \u718a\u5927|Facade|p1a: iron-bug\n|-resisted|p1a: iron-bug\n|-damage|p1a: iron-bug|13\/100\n|\n|-damage|p2a: \u718a\u5927|94\/100 brn|[from] brn\n|upkeep\n|turn|4\n|\n|t:|1700907435\n|switch|p2a: Corviknight|Corviknight, M|100\/100 par\n|-ability|p2a: Corviknight|Pressure\n|detailschange|p1a: iron-bug|Scizor-Mega, M\n|-mega|p1a: iron-bug|Scizor|Scizorite\n|move|p1a: iron-bug|Close Combat|p2a: Corviknight\n|-damage|p2a: Corviknight|71\/100 par\n|-unboost|p1a: iron-bug|def|1\n|-unboost|p1a: iron-bug|spd|1\n|-damage|p1a: iron-bug|0 fnt|[from] item: Rocky Helmet|[of] p2a: Corviknight\n|faint|p1a: iron-bug\n|\n|upkeep\n|inactive|Sonanta has 120 seconds left.\n|\n|t:|1700907447\n|switch|p1a: magna|Heatran, M|100\/100\n|turn|5\n|\n|t:|1700907452\n|switch|p2a: Slowking|Slowking, M|100\/100\n|move|p1a: magna|Eruption|p2a: Slowking\n|-resisted|p2a: Slowking\n|-damage|p2a: Slowking|73\/100\n|\n|-fieldend|move: Electric Terrain\n|upkeep\n|turn|6\n|inactive|Sonanta has 120 seconds left.\n|\n|t:|1700907468\n|switch|p1a: Dondozo|Dondozo, M, shiny|100\/100\n|move|p2a: Slowking|Trick Room|p2a: Slowking\n|-fieldstart|move: Trick Room|[of] p2a: Slowking\n|\n|upkeep\n|turn|7\n|\n|t:|1700907477\n|move|p1a: Dondozo|Curse|p1a: Dondozo\n|-unboost|p1a: Dondozo|spe|1\n|-boost|p1a: Dondozo|atk|1\n|-boost|p1a: Dondozo|def|1\n|move|p2a: Slowking|Teleport|p2a: Slowking\n|\n|t:|1700907481\n|switch|p2a: Tapu Koko|Tapu Koko|100\/100|[from] Teleport\n|-fieldstart|move: Electric Terrain|[from] ability: Electric Surge|[of] p2a: Tapu Koko\n|\n|upkeep\n|turn|8\n|\n|t:|1700907488\n|move|p1a: Dondozo|Wave Crash|p2a: Tapu Koko\n|-damage|p2a: Tapu Koko|10\/100\n|-damage|p1a: Dondozo|84\/100|[from] Recoil\n|move|p2a: Tapu Koko|Thunderbolt|p1a: Dondozo\n|-supereffective|p1a: Dondozo\n|-damage|p1a: Dondozo|0 fnt\n|faint|p1a: Dondozo\n|\n|upkeep\n|inactive|Sonanta has 120 seconds left.\n|\n|t:|1700907508\n|switch|p1a: Chansey|Chansey, F|100\/100\n|turn|9\n|\n|t:|1700907512\n|switch|p2a: Slowking|Slowking, M|100\/100\n|move|p1a: Chansey|Seismic Toss|p2a: Slowking\n|-damage|p2a: Slowking|75\/100\n|\n|upkeep\n|turn|10\n|\n|t:|1700907518\n|move|p1a: Chansey|Toxic|p2a: Slowking\n|-status|p2a: Slowking|tox\n|move|p2a: Slowking|Teleport|p2a: Slowking\n|\n|t:|1700907522\n|switch|p2a: Hoopa|Hoopa-Unbound|100\/100|[from] Teleport\n|\n|-fieldend|move: Trick Room\n|upkeep\n|turn|11\n|\n|t:|1700907538\n|switch|p1a: magna|Heatran, M|100\/100\n|move|p2a: Hoopa|Nasty Plot|p2a: Hoopa\n|-boost|p2a: Hoopa|spa|2\n|\n|-fieldend|move: Electric Terrain\n|upkeep\n|turn|12\n|\n|t:|1700907546\n|move|p1a: magna|Eruption|p2a: Hoopa\n|-damage|p2a: Hoopa|26\/100\n|move|p2a: Hoopa|Focus Blast|p1a: magna\n|-supereffective|p1a: magna\n|-damage|p1a: magna|0 fnt\n|faint|p1a: magna\n|\n|upkeep\n|inactive|Sonanta has 120 seconds left.\n|\n|t:|1700907577\n|switch|p1a: Zapdos|Zapdos|95\/100\n|turn|13\n|\n|t:|1700907583\n|switch|p2a: Corviknight|Corviknight, M|71\/100 par\n|-ability|p2a: Corviknight|Pressure\n|move|p1a: Zapdos|Volt Switch|p2a: Corviknight\n|-supereffective|p2a: Corviknight\n|-damage|p2a: Corviknight|16\/100 par\n|\n|t:|1700907590\n|switch|p1a: Dragon hunter|Garchomp, F, shiny, tera:Ground|100\/100|[from] Volt Switch\n|\n|upkeep\n|turn|14\n|\n|t:|1700907602\n|switch|p1a: Zapdos|Zapdos|95\/100\n|switch|p2a: \u718a\u5927|Ursaluna, F, tera:Normal|94\/100 brn\n|\n|-damage|p2a: \u718a\u5927|88\/100 brn|[from] brn\n|upkeep\n|turn|15\n|\n|t:|1700907609\n|move|p1a: Zapdos|Volt Switch|p2a: \u718a\u5927\n|-damage|p2a: \u718a\u5927|61\/100 brn\n|\n|t:|1700907613\n|switch|p1a: Chansey|Chansey, F|100\/100|[from] Volt Switch\n|move|p2a: \u718a\u5927|Facade|p1a: Chansey\n|-damage|p1a: Chansey|0 fnt\n|faint|p1a: Chansey\n|\n|-damage|p2a: \u718a\u5927|55\/100 brn|[from] brn\n|upkeep\n|\n|t:|1700907623\n|switch|p1a: Dragon hunter|Garchomp, F, shiny, tera:Ground|100\/100\n|turn|16\n|\n|t:|1700907628\n|switch|p2a: Hoopa|Hoopa-Unbound|26\/100\n|move|p1a: Dragon hunter|Earthquake|p2a: Hoopa\n|-damage|p2a: Hoopa|0 fnt\n|faint|p2a: Hoopa\n|\n|upkeep\n|\n|t:|1700907632\n|switch|p2a: Dragonite|Dragonite, M|100\/100\n|turn|17\n|\n|t:|1700907636\n|switch|p1a: Zapdos|Zapdos|95\/100\n|move|p2a: Dragonite|Outrage|p1a: Zapdos\n|-damage|p1a: Zapdos|20\/100\n|\n|upkeep\n|turn|18\n|\n|t:|1700907646\n|move|p1a: Zapdos|Hidden Power|p2a: Dragonite\n|-supereffective|p2a: Dragonite\n|-damage|p2a: Dragonite|71\/100\n|move|p2a: Dragonite|Outrage|p1a: Zapdos|[from]lockedmove\n|-damage|p1a: Zapdos|0 fnt\n|faint|p1a: Zapdos\n|-start|p2a: Dragonite|confusion|[fatigue]\n|\n|upkeep\n|\n|t:|1700907658\n|switch|p1a: Dragon hunter|Garchomp, F, shiny, tera:Ground|100\/100\n|turn|19\n|\n|t:|1700907664\n|move|p1a: Dragon hunter|Outrage|p2a: Dragonite\n|-supereffective|p2a: Dragonite\n|-damage|p2a: Dragonite|0 fnt\n|faint|p2a: Dragonite\n|\n|upkeep\n|\n|t:|1700907669\n|switch|p2a: Tapu Koko|Tapu Koko|10\/100\n|-fieldstart|move: Electric Terrain|[from] ability: Electric Surge|[of] p2a: Tapu Koko\n|turn|20\n|\n|t:|1700907677\n|move|p1a: Dragon hunter|Outrage|p2a: Tapu Koko|[from]lockedmove\n|-immune|p2a: Tapu Koko\n|move|p2a: Tapu Koko|Dazzling Gleam|p1a: Dragon hunter\n|-damage|p1a: Dragon hunter|44\/100\n|\n|upkeep\n|turn|21\n|\n|t:|1700907684\n|move|p1a: Dragon hunter|Outrage|p2a: Tapu Koko\n|-immune|p2a: Tapu Koko\n|move|p2a: Tapu Koko|Dazzling Gleam|p1a: Dragon hunter\n|-damage|p1a: Dragon hunter|0 fnt\n|faint|p1a: Dragon hunter\n|\n|win|baigu2\n|raw|Sonanta's rating: 1612 &rarr; <strong>1601<\/strong><br \/>(-11 for losing)\n|raw|baigu2's rating: 1782 &rarr; <strong>1793<\/strong><br \/>(+11 for winning)\n","uploadtime":1700907688,"views":0,"p1id":"sonanta","p2id":"baigu2","formatid":"gen9nationaldex","rating":1601,"private":0,"password":""}