{"id":"gen9nationaldex-1999944100","p1":"HaggenDaz","p2":"PhantomXenos","format":"[Gen 9] National Dex","log":"|html|<div class=\"broadcast-blue\"><strong>[Gen 9] National Dex is currently suspecting Sneasler! For information on how to participate check out the <a href=\"https:\/\/www.smogon.com\/forums\/threads\/sv-national-dex-suspect-8-just-dance.3731534\/\">suspect thread<\/a>.<\/strong><\/div>\n|j|\u2606HaggenDaz\n|j|\u2606PhantomXenos\n|t:|1701132938\n|gametype|singles\n|player|p1|HaggenDaz|266|\n|player|p2|PhantomXenos|biker-gen4|\n|teamsize|p1|6\n|teamsize|p2|6\n|gen|9\n|tier|[Gen 9] National Dex\n|rule|HP Percentage Mod: HP is shown in percentages\n|rule|Endless Battle Clause: Forcing endless battles is banned\n|rule|OHKO Clause: OHKO moves are banned\n|rule|Evasion Clause: Evasion abilities, items, and moves are banned\n|rule|Evasion Abilities Clause: Evasion abilities are banned\n|rule|Evasion Items Clause: Evasion items are banned\n|rule|Evasion Moves Clause: Evasion moves are banned\n|rule|Species Clause: Limit one of each Pok\u00e9mon\n|rule|Sleep Clause Mod: Limit one foe put to sleep\n|clearpoke\n|poke|p1|Kleavor, F|\n|poke|p1|Araquanid, M|\n|poke|p1|Forretress, M|\n|poke|p1|Scizor, F|\n|poke|p1|Yanmega, F|\n|poke|p1|Centiskorch, M|\n|poke|p2|Slowbro, F|\n|poke|p2|Honchkrow, M|\n|poke|p2|Raticate-Alola, F|\n|poke|p2|Serperior, F|\n|poke|p2|Meowscarada, F|\n|poke|p2|Metagross|\n|teampreview\n|inactive|Battle timer is ON: inactive players will automatically lose when time's up. (requested by HaggenDaz)\n|\n|t:|1701132955\n|start\n|switch|p1a: Yanmega|Yanmega, F|100\/100\n|switch|p2a: Metagross|Metagross|100\/100\n|turn|1\n|\n|t:|1701132960\n|move|p1a: Yanmega|Bug Buzz|p2a: Metagross\n|-damage|p2a: Metagross|44\/100\n|move|p2a: Metagross|Rock Slide|p1a: Yanmega\n|-supereffective|p1a: Yanmega\n|-damage|p1a: Yanmega|0 fnt\n|faint|p1a: Yanmega\n|\n|-heal|p2a: Metagross|50\/100|[from] item: Leftovers\n|upkeep\n|\n|t:|1701132978\n|switch|p1a: Scizor|Scizor, F|100\/100\n|turn|2\n|\n|t:|1701132986\n|move|p2a: Metagross|Stealth Rock|p1a: Scizor\n|-sidestart|p1: HaggenDaz|move: Stealth Rock\n|move|p1a: Scizor|Swords Dance|p1a: Scizor\n|-boost|p1a: Scizor|atk|2\n|\n|-heal|p2a: Metagross|57\/100|[from] item: Leftovers\n|upkeep\n|turn|3\n|\n|t:|1701132994\n|move|p2a: Metagross|Rock Slide|p1a: Scizor\n|-damage|p1a: Scizor|75\/100\n|cant|p1a: Scizor|flinch\n|\n|-heal|p2a: Metagross|63\/100|[from] item: Leftovers\n|upkeep\n|turn|4\n|\n|t:|1701133000\n|move|p2a: Metagross|Rock Slide|p1a: Scizor\n|-damage|p1a: Scizor|45\/100\n|move|p1a: Scizor|U-turn|p2a: Metagross\n|-damage|p2a: Metagross|0 fnt\n|faint|p2a: Metagross\n|\n|t:|1701133005\n|switch|p1a: Forretress|Forretress, M|100\/100|[from] U-turn\n|-damage|p1a: Forretress|88\/100|[from] Stealth Rock\n|\n|-heal|p1a: Forretress|94\/100|[from] item: Leftovers\n|upkeep\n|\n|t:|1701133029\n|switch|p2a: Slowbro|Slowbro, F|100\/100\n|turn|5\n|\n|t:|1701133033\n|move|p2a: Slowbro|Fire Blast|p1a: Forretress\n|-supereffective|p1a: Forretress\n|-damage|p1a: Forretress|0 fnt\n|faint|p1a: Forretress\n|\n|upkeep\n|\n|t:|1701133043\n|switch|p1a: Centiskorch|Centiskorch, M|100\/100\n|-damage|p1a: Centiskorch|51\/100|[from] Stealth Rock\n|turn|6\n|j| Prekoniker\n|\n|t:|1701133052\n|move|p1a: Centiskorch|Burn Up|p2a: Slowbro\n|-resisted|p2a: Slowbro\n|-damage|p2a: Slowbro|78\/100\n|-start|p1a: Centiskorch|typechange|???\/Bug|[from] move: Burn Up\n|move|p2a: Slowbro|Scald|p1a: Centiskorch\n|-damage|p1a: Centiskorch|25\/100\n|\n|-heal|p2a: Slowbro|84\/100|[from] item: Leftovers\n|upkeep\n|turn|7\n|\n|t:|1701133061\n|move|p1a: Centiskorch|Rest|p1a: Centiskorch\n|-status|p1a: Centiskorch|slp|[from] move: Rest\n|-heal|p1a: Centiskorch|100\/100 slp|[silent]\n|-enditem|p1a: Centiskorch|Chesto Berry|[eat]\n|-curestatus|p1a: Centiskorch|slp|[msg]\n|move|p2a: Slowbro|Toxic|p1a: Centiskorch\n|-status|p1a: Centiskorch|tox\n|\n|-heal|p2a: Slowbro|90\/100|[from] item: Leftovers\n|-damage|p1a: Centiskorch|94\/100 tox|[from] psn\n|upkeep\n|turn|8\n|\n|t:|1701133073\n|move|p1a: Centiskorch|Coil|p1a: Centiskorch\n|-boost|p1a: Centiskorch|atk|1\n|-boost|p1a: Centiskorch|def|1\n|-boost|p1a: Centiskorch|accuracy|1\n|move|p2a: Slowbro|Fire Blast|p1a: Centiskorch\n|-start|p1a: Centiskorch|ability: Flash Fire\n|\n|-heal|p2a: Slowbro|96\/100|[from] item: Leftovers\n|-damage|p1a: Centiskorch|82\/100 tox|[from] psn\n|upkeep\n|turn|9\n|\n|t:|1701133078\n|move|p1a: Centiskorch|Coil|p1a: Centiskorch\n|-boost|p1a: Centiskorch|atk|1\n|-boost|p1a: Centiskorch|def|1\n|-boost|p1a: Centiskorch|accuracy|1\n|move|p2a: Slowbro|Scald|p1a: Centiskorch\n|-damage|p1a: Centiskorch|56\/100 tox\n|\n|-heal|p2a: Slowbro|100\/100|[from] item: Leftovers\n|-damage|p1a: Centiskorch|38\/100 tox|[from] psn\n|upkeep\n|turn|10\n|\n|t:|1701133085\n|switch|p2a: Honchkrow|Honchkrow, M|100\/100\n|move|p1a: Centiskorch|Rest|p1a: Centiskorch\n|-status|p1a: Centiskorch|slp|[from] move: Rest\n|-heal|p1a: Centiskorch|100\/100 slp|[silent]\n|\n|upkeep\n|turn|11\n|\n|t:|1701133089\n|move|p2a: Honchkrow|Brave Bird|p1a: Centiskorch\n|-supereffective|p1a: Centiskorch\n|-damage|p1a: Centiskorch|23\/100 slp\n|-damage|p2a: Honchkrow|70\/100|[from] Recoil\n|cant|p1a: Centiskorch|slp\n|\n|upkeep\n|turn|12\n|\n|t:|1701133092\n|move|p2a: Honchkrow|Brave Bird|p1a: Centiskorch\n|-supereffective|p1a: Centiskorch\n|-crit|p1a: Centiskorch\n|-damage|p1a: Centiskorch|0 fnt\n|faint|p1a: Centiskorch\n|-ability|p2a: Honchkrow|Moxie|boost\n|-boost|p2a: Honchkrow|atk|1\n|-damage|p2a: Honchkrow|61\/100|[from] Recoil\n|\n|upkeep\n|\n|t:|1701133097\n|switch|p1a: Kleavor|Kleavor, F|100\/100\n|-damage|p1a: Kleavor|75\/100|[from] Stealth Rock\n|turn|13\n|\n|t:|1701133119\n|switch|p2a: Serperior|Serperior, F|100\/100\n|move|p1a: Kleavor|Stone Axe|p2a: Serperior\n|-damage|p2a: Serperior|25\/100\n|-sidestart|p2: PhantomXenos|move: Stealth Rock\n|\n|-heal|p2a: Serperior|31\/100|[from] item: Leftovers\n|upkeep\n|turn|14\n|\n|t:|1701133134\n|move|p2a: Serperior|Glare|p1a: Kleavor\n|-status|p1a: Kleavor|par\n|move|p1a: Kleavor|U-turn|p2a: Serperior\n|-supereffective|p2a: Serperior\n|-damage|p2a: Serperior|0 fnt\n|faint|p2a: Serperior\n|\n|t:|1701133136\n|switch|p1a: Araquanid|Araquanid, M|100\/100|[from] U-turn\n|-damage|p1a: Araquanid|76\/100|[from] Stealth Rock\n|\n|-heal|p1a: Araquanid|82\/100|[from] item: Leftovers\n|upkeep\n|\n|t:|1701133143\n|switch|p2a: Meowscarada|Meowscarada, F|100\/100\n|-damage|p2a: Meowscarada|88\/100|[from] Stealth Rock\n|turn|15\n|\n|t:|1701133155\n|move|p2a: Meowscarada|Acrobatics|p1a: Araquanid\n|-start|p2a: Meowscarada|typechange|Flying|[from] ability: Protean\n|-supereffective|p1a: Araquanid\n|-damage|p1a: Araquanid|0 fnt\n|faint|p1a: Araquanid\n|\n|upkeep\n|\n|t:|1701133159\n|switch|p1a: Scizor|Scizor, F|45\/100\n|-damage|p1a: Scizor|33\/100|[from] Stealth Rock\n|turn|16\n|\n|t:|1701133166\n|move|p2a: Meowscarada|Acrobatics|p1a: Scizor\n|-damage|p1a: Scizor|0 fnt\n|faint|p1a: Scizor\n|\n|upkeep\n|\n|t:|1701133168\n|switch|p1a: Kleavor|Kleavor, F|75\/100 par\n|-damage|p1a: Kleavor|50\/100 par|[from] Stealth Rock\n|turn|17\n|\n|t:|1701133170\n|move|p2a: Meowscarada|Acrobatics|p1a: Kleavor\n|-damage|p1a: Kleavor|10\/100 par\n|move|p1a: Kleavor|Stone Axe|p2a: Meowscarada\n|-supereffective|p2a: Meowscarada\n|-damage|p2a: Meowscarada|0 fnt\n|faint|p2a: Meowscarada\n|\n|upkeep\n|\n|t:|1701133174\n|switch|p2a: Honchkrow|Honchkrow, M|61\/100\n|-damage|p2a: Honchkrow|37\/100|[from] Stealth Rock\n|turn|18\n|\n|t:|1701133176\n|move|p2a: Honchkrow|Sucker Punch|p1a: Kleavor\n|-damage|p1a: Kleavor|0 fnt\n|faint|p1a: Kleavor\n|\n|win|PhantomXenos\n|c|\u2606HaggenDaz|ggs!\n|c|\u2606PhantomXenos|ggs\n|c|\u2606PhantomXenos|bo3\n","uploadtime":1701133181,"views":12,"p1id":"haggendaz","p2id":"phantomxenos","formatid":"gen9nationaldex","rating":0,"private":0,"password":""}