{"id":"gen9nationaldex-1997871860","p1":"Nonno Sandslash","p2":"Gregory Mirabella","format":"[Gen 9] National Dex","log":"|html|<div class=\"broadcast-blue\"><strong>[Gen 9] National Dex is currently suspecting Sneasler! For information on how to participate check out the <a href=\"https:\/\/www.smogon.com\/forums\/threads\/sv-national-dex-suspect-8-just-dance.3731534\/\">suspect thread<\/a>.<\/strong><\/div>\n|j|\u2606Nonno Sandslash\n|j|\u2606Gregory Mirabella\n|t:|1700862055\n|gametype|singles\n|player|p1|Nonno Sandslash|wattson|1337\n|player|p2|Gregory Mirabella|lusamine-nihilego|1405\n|teamsize|p1|6\n|teamsize|p2|6\n|gen|9\n|tier|[Gen 9] National Dex\n|rated|\n|rule|HP Percentage Mod: HP is shown in percentages\n|rule|Endless Battle Clause: Forcing endless battles is banned\n|rule|OHKO Clause: OHKO moves are banned\n|rule|Evasion Clause: Evasion abilities, items, and moves are banned\n|rule|Evasion Abilities Clause: Evasion abilities are banned\n|rule|Evasion Items Clause: Evasion items are banned\n|rule|Evasion Moves Clause: Evasion moves are banned\n|rule|Species Clause: Limit one of each Pok\u00e9mon\n|rule|Sleep Clause Mod: Limit one foe put to sleep\n|clearpoke\n|poke|p1|Charizard, M|\n|poke|p1|Xatu, F|\n|poke|p1|Galvantula, F|\n|poke|p1|Shaymin|\n|poke|p1|Tentacruel, M|\n|poke|p1|Mamoswine, M|\n|poke|p2|Tyranitar, F|\n|poke|p2|Excadrill, F|\n|poke|p2|Heatran, M|\n|poke|p2|Corviknight, F|\n|poke|p2|Alomomola, F|\n|poke|p2|Aggron, F|\n|teampreview\n|c|\u2606Gregory Mirabella|glhf\n|inactive|Battle timer is ON: inactive players will automatically lose when time's up. (requested by Nonno Sandslash)\n|\n|t:|1700862067\n|start\n|switch|p1a: Shaymin|Shaymin|100\/100\n|switch|p2a: Colossus|Tyranitar, F, shiny|100\/100\n|-weather|Sandstorm|[from] ability: Sand Stream|[of] p2a: Colossus\n|turn|1\n|inactive|Nonno Sandslash has 120 seconds left.\n|\n|t:|1700862112\n|move|p1a: Shaymin|Seed Flare|p2a: Colossus\n|-supereffective|p2a: Colossus\n|-damage|p2a: Colossus|27\/100\n|-unboost|p2a: Colossus|spd|2\n|move|p2a: Colossus|Stealth Rock|p1a: Shaymin\n|-sidestart|p1: Nonno Sandslash|move: Stealth Rock\n|\n|-weather|Sandstorm|[upkeep]\n|-damage|p1a: Shaymin|94\/100|[from] Sandstorm\n|-heal|p1a: Shaymin|100\/100|[from] item: Leftovers\n|upkeep\n|turn|2\n|\n|t:|1700862123\n|switch|p2a: Cartman|Heatran, M|100\/100\n|move|p1a: Shaymin|Seed Flare|p2a: Cartman\n|-resisted|p2a: Cartman\n|-damage|p2a: Cartman|87\/100\n|-unboost|p2a: Cartman|spd|2\n|\n|-weather|Sandstorm|[upkeep]\n|-damage|p1a: Shaymin|94\/100|[from] Sandstorm\n|-heal|p1a: Shaymin|100\/100|[from] item: Leftovers\n|upkeep\n|turn|3\n|inactive|Nonno Sandslash has 120 seconds left.\n|\n|t:|1700862134\n|move|p2a: Cartman|Eruption|p1a: Shaymin\n|-supereffective|p1a: Shaymin\n|-damage|p1a: Shaymin|0 fnt\n|faint|p1a: Shaymin\n|\n|-weather|Sandstorm|[upkeep]\n|upkeep\n|\n|t:|1700862137\n|switch|p1a: Tentacruel|Tentacruel, M|100\/100\n|-damage|p1a: Tentacruel|88\/100|[from] Stealth Rock\n|-item|p1a: Tentacruel|Air Balloon\n|turn|4\n|\n|t:|1700862165\n|switch|p2a: Tybur|Excadrill, F, shiny|100\/100\n|move|p1a: Tentacruel|Rapid Spin|p2a: Tybur\n|-resisted|p2a: Tybur\n|-damage|p2a: Tybur|94\/100\n|-boost|p1a: Tentacruel|spe|1\n|-sideend|p1: Nonno Sandslash|Stealth Rock|[from] move: Rapid Spin|[of] p1a: Tentacruel\n|\n|-weather|Sandstorm|[upkeep]\n|-damage|p1a: Tentacruel|82\/100|[from] Sandstorm\n|upkeep\n|turn|5\n|inactive|Gregory Mirabella has 120 seconds left.\n|\n|t:|1700862185\n|move|p2a: Tybur|Rock Slide|p1a: Tentacruel\n|-damage|p1a: Tentacruel|57\/100\n|-enditem|p1a: Tentacruel|Air Balloon\n|cant|p1a: Tentacruel|flinch\n|\n|-weather|Sandstorm|[upkeep]\n|-damage|p1a: Tentacruel|51\/100|[from] Sandstorm\n|upkeep\n|turn|6\n|inactive|Gregory Mirabella has 120 seconds left.\n|c|\u2606Gregory Mirabella|sorry\n|c|\u2606Gregory Mirabella|it was my only option\n|\n|t:|1700862198\n|-terastallize|p1a: Tentacruel|Water\n|move|p2a: Tybur|Earthquake|p1a: Tentacruel\n|-damage|p1a: Tentacruel|0 fnt\n|faint|p1a: Tentacruel\n|\n|-weather|Sandstorm|[upkeep]\n|upkeep\n|\n|t:|1700862209\n|switch|p1a: Charizard|Charizard, M|100\/100\n|turn|7\n|\n|t:|1700862215\n|detailschange|p1a: Charizard|Charizard-Mega-Y, M\n|-mega|p1a: Charizard|Charizard|Charizardite Y\n|-weather|SunnyDay|[from] ability: Drought|[of] p1a: Charizard\n|move|p1a: Charizard|Weather Ball|p2a: Tybur\n|-supereffective|p2a: Tybur\n|-damage|p2a: Tybur|0 fnt\n|faint|p2a: Tybur\n|\n|-weather|SunnyDay|[upkeep]\n|upkeep\n|inactive|Gregory Mirabella has 120 seconds left.\n|\n|t:|1700862225\n|switch|p2a: Colossus|Tyranitar, F, shiny|27\/100\n|-weather|Sandstorm|[from] ability: Sand Stream|[of] p2a: Colossus\n|turn|8\n|\n|t:|1700862247\n|switch|p1a: Xatu|Xatu, F|100\/100\n|switch|p2a: Paths|Alomomola, F, shiny|100\/100\n|\n|-weather|Sandstorm|[upkeep]\n|-damage|p1a: Xatu|95\/100|[from] Sandstorm\n|-damage|p2a: Paths|94\/100|[from] Sandstorm\n|upkeep\n|turn|9\n|inactive|Nonno Sandslash has 120 seconds left.\n|\n|t:|1700862267\n|move|p1a: Xatu|Night Shade|p2a: Paths\n|-damage|p2a: Paths|76\/100\n|move|p2a: Paths|Wish|p2a: Paths\n|\n|-weather|Sandstorm|[upkeep]\n|-damage|p1a: Xatu|89\/100|[from] Sandstorm\n|-damage|p2a: Paths|69\/100|[from] Sandstorm\n|upkeep\n|turn|10\n|inactive|Nonno Sandslash has 120 seconds left.\n|\n|t:|1700862282\n|move|p1a: Xatu|Night Shade|p2a: Paths\n|-damage|p2a: Paths|51\/100\n|move|p2a: Paths|Flip Turn|p1a: Xatu\n|-damage|p1a: Xatu|67\/100\n|-damage|p2a: Paths|34\/100|[from] item: Rocky Helmet|[of] p1a: Xatu\n|\n|t:|1700862289\n|switch|p2a: Colossus|Tyranitar, F, shiny|27\/100|[from] Flip Turn\n|\n|-weather|Sandstorm|[upkeep]\n|-damage|p1a: Xatu|61\/100|[from] Sandstorm\n|-heal|p2a: Colossus|100\/100|[from] move: Wish|[wisher] Paths\n|upkeep\n|turn|11\n|inactive|Nonno Sandslash has 120 seconds left.\n|\n|t:|1700862314\n|move|p2a: Colossus|Pursuit|p1a: Xatu\n|-supereffective|p1a: Xatu\n|-damage|p1a: Xatu|3\/100\n|-damage|p2a: Colossus|84\/100|[from] item: Rocky Helmet|[of] p1a: Xatu\n|move|p1a: Xatu|Night Shade|p2a: Colossus\n|-damage|p2a: Colossus|55\/100\n|\n|-weather|Sandstorm|[upkeep]\n|-damage|p1a: Xatu|0 fnt|[from] Sandstorm\n|faint|p1a: Xatu\n|upkeep\n|\n|t:|1700862325\n|switch|p1a: Galvantula|Galvantula, F, shiny|100\/100\n|turn|12\n|\n|t:|1700862334\n|-zpower|p1a: Galvantula\n|move|p1a: Galvantula|Savage Spin-Out|p2a: Colossus|[zeffect]\n|-supereffective|p2a: Colossus\n|-damage|p2a: Colossus|0 fnt\n|faint|p2a: Colossus\n|\n|-weather|Sandstorm|[upkeep]\n|-damage|p1a: Galvantula|94\/100|[from] Sandstorm\n|upkeep\n|\n|t:|1700862350\n|switch|p2a: The Armored|Aggron, F, shiny|100\/100\n|turn|13\n|inactive|Nonno Sandslash has 120 seconds left.\n|\n|t:|1700862386\n|detailschange|p2a: The Armored|Aggron-Mega, F, shiny\n|-mega|p2a: The Armored|Aggron|Aggronite\n|move|p1a: Galvantula|Thunder|p2a: The Armored\n|-damage|p2a: The Armored|47\/100\n|move|p2a: The Armored|Body Press|p1a: Galvantula\n|-resisted|p1a: Galvantula\n|-damage|p1a: Galvantula|61\/100\n|\n|-weather|Sandstorm|[upkeep]\n|-damage|p1a: Galvantula|55\/100|[from] Sandstorm\n|upkeep\n|turn|14\n|c|\u2606Gregory Mirabella|right\n|c|\u2606Gregory Mirabella|bur resists fighting\n|c|\u2606Gregory Mirabella|*bug\n|inactive|Gregory Mirabella has 120 seconds left.\n|\n|t:|1700862408\n|switch|p2a: Cartman|Heatran, M|87\/100\n|move|p1a: Galvantula|Thunder|p2a: Cartman\n|-damage|p2a: Cartman|36\/100\n|-status|p2a: Cartman|par\n|\n|-weather|Sandstorm|[upkeep]\n|-damage|p1a: Galvantula|49\/100|[from] Sandstorm\n|upkeep\n|turn|15\n|inactive|Gregory Mirabella has 120 seconds left.\n|c|\u2606Gregory Mirabella|okay i lose\n|c|\u2606Gregory Mirabella|gg\n|\n|t:|1700862429\n|switch|p2a: The Armored|Aggron-Mega, F, shiny|47\/100\n|move|p1a: Galvantula|Thunder|p2a: The Armored\n|-damage|p2a: The Armored|0 fnt\n|faint|p2a: The Armored\n|\n|-weather|none\n|upkeep\n|\n|t:|1700862438\n|switch|p2a: Falco|Corviknight, F, shiny|100\/100\n|-ability|p2a: Falco|Pressure\n|turn|16\n|inactive|Gregory Mirabella has 120 seconds left.\n|\n|t:|1700862443\n|-terastallize|p2a: Falco|Ground\n|move|p1a: Galvantula|Thunder|p2a: Falco\n|-immune|p2a: Falco\n|move|p2a: Falco|Brave Bird|p1a: Galvantula\n|-damage|p1a: Galvantula|0 fnt\n|faint|p1a: Galvantula\n|-damage|p2a: Falco|89\/100|[from] Recoil\n|\n|-heal|p2a: Falco|95\/100|[from] item: Leftovers\n|upkeep\n|\n|t:|1700862449\n|switch|p1a: Charizard|Charizard-Mega-Y, M|100\/100\n|-weather|SunnyDay|[from] ability: Drought|[of] p1a: Charizard\n|turn|17\n|\n|t:|1700862461\n|move|p1a: Charizard|Solar Beam||[still]\n|-prepare|p1a: Charizard|Solar Beam\n|-anim|p1a: Charizard|Solar Beam|p2a: Falco\n|-supereffective|p2a: Falco\n|-damage|p2a: Falco|20\/100\n|move|p2a: Falco|Brave Bird|p1a: Charizard\n|-damage|p1a: Charizard|50\/100\n|-damage|p2a: Falco|8\/100|[from] Recoil\n|\n|-weather|SunnyDay|[upkeep]\n|-heal|p2a: Falco|14\/100|[from] item: Leftovers\n|upkeep\n|turn|18\n|inactive|Nonno Sandslash has 120 seconds left.\n|inactive|Gregory Mirabella has 120 seconds left.\n|\n|t:|1700862478\n|switch|p2a: Cartman|Heatran, M|36\/100 par\n|move|p1a: Charizard|Solar Beam||[still]\n|-prepare|p1a: Charizard|Solar Beam\n|-anim|p1a: Charizard|Solar Beam|p2a: Cartman\n|-resisted|p2a: Cartman\n|-damage|p2a: Cartman|24\/100 par\n|\n|-weather|SunnyDay|[upkeep]\n|upkeep\n|turn|19\n|\n|t:|1700862488\n|switch|p2a: Falco|Corviknight, F, shiny, tera:Ground|14\/100\n|-ability|p2a: Falco|Pressure\n|move|p1a: Charizard|Roost|p1a: Charizard\n|-heal|p1a: Charizard|99\/100\n|-singleturn|p1a: Charizard|move: Roost\n|\n|-weather|SunnyDay|[upkeep]\n|-heal|p2a: Falco|20\/100|[from] item: Leftovers\n|upkeep\n|turn|20\n|\n|t:|1700862499\n|switch|p2a: Cartman|Heatran, M|24\/100 par\n|move|p1a: Charizard|Weather Ball|p2a: Cartman\n|-start|p2a: Cartman|ability: Flash Fire\n|\n|-weather|SunnyDay|[upkeep]\n|upkeep\n|turn|21\n|\n|t:|1700862511\n|switch|p1a: Mamoswine|Mamoswine, M|100\/100\n|move|p2a: Cartman|Lava Plume|p1a: Mamoswine\n|-supereffective|p1a: Mamoswine\n|-enditem|p1a: Mamoswine|Focus Sash\n|-damage|p1a: Mamoswine|1\/100\n|\n|-weather|none\n|upkeep\n|turn|22\n|\n|t:|1700862522\n|-end|p2a: Cartman|ability: Flash Fire|[silent]\n|switch|p2a: Paths|Alomomola, F, shiny|67\/100\n|move|p1a: Mamoswine|Earthquake|p2a: Paths\n|-damage|p2a: Paths|42\/100\n|\n|upkeep\n|turn|23\n|\n|t:|1700862529\n|switch|p1a: Charizard|Charizard-Mega-Y, M|99\/100\n|-weather|SunnyDay|[from] ability: Drought|[of] p1a: Charizard\n|move|p2a: Paths|Wish|p2a: Paths\n|\n|-weather|SunnyDay|[upkeep]\n|upkeep\n|turn|24\n|\n|t:|1700862545\n|switch|p2a: Cartman|Heatran, M|24\/100 par\n|move|p1a: Charizard|Solar Beam||[still]\n|-prepare|p1a: Charizard|Solar Beam\n|-anim|p1a: Charizard|Solar Beam|p2a: Cartman\n|-resisted|p2a: Cartman\n|-damage|p2a: Cartman|13\/100 par\n|\n|-weather|SunnyDay|[upkeep]\n|-heal|p2a: Cartman|96\/100 par|[from] move: Wish|[wisher] Paths\n|upkeep\n|turn|25\n|inactive|Nonno Sandslash has 120 seconds left.\n|inactive|Nonno Sandslash has 90 seconds left.\n|\n|t:|1700862602\n|switch|p1a: Mamoswine|Mamoswine, M|1\/100\n|switch|p2a: Falco|Corviknight, F, shiny, tera:Ground|20\/100\n|-ability|p2a: Falco|Pressure\n|\n|-weather|SunnyDay|[upkeep]\n|-heal|p2a: Falco|26\/100|[from] item: Leftovers\n|upkeep\n|turn|26\n|\n|t:|1700862615\n|move|p1a: Mamoswine|Ice Shard|p2a: Falco\n|-supereffective|p2a: Falco\n|-damage|p2a: Falco|0 fnt\n|faint|p2a: Falco\n|\n|-weather|SunnyDay|[upkeep]\n|upkeep\n|\n|t:|1700862621\n|switch|p2a: Paths|Alomomola, F, shiny|75\/100\n|turn|27\n|\n|t:|1700862627\n|move|p1a: Mamoswine|Endeavor|p2a: Paths\n|-damage|p2a: Paths|1\/100\n|move|p2a: Paths|Flip Turn|p1a: Mamoswine\n|-supereffective|p1a: Mamoswine\n|-damage|p1a: Mamoswine|0 fnt\n|faint|p1a: Mamoswine\n|\n|t:|1700862634\n|switch|p2a: Cartman|Heatran, M|96\/100 par|[from] Flip Turn\n|\n|-weather|none\n|upkeep\n|\n|t:|1700862658\n|switch|p1a: Charizard|Charizard-Mega-Y, M|99\/100\n|-weather|SunnyDay|[from] ability: Drought|[of] p1a: Charizard\n|turn|28\n|\n|t:|1700862673\n|move|p1a: Charizard|Solar Beam||[still]\n|-prepare|p1a: Charizard|Solar Beam\n|-anim|p1a: Charizard|Solar Beam|p2a: Cartman\n|-resisted|p2a: Cartman\n|-damage|p2a: Cartman|84\/100 par\n|move|p2a: Cartman|Lava Plume|p1a: Charizard\n|-resisted|p1a: Charizard\n|-damage|p1a: Charizard|66\/100\n|\n|-weather|SunnyDay|[upkeep]\n|upkeep\n|turn|29\n|\n|t:|1700862682\n|move|p1a: Charizard|Solar Beam||[still]\n|-prepare|p1a: Charizard|Solar Beam\n|-anim|p1a: Charizard|Solar Beam|p2a: Cartman\n|-resisted|p2a: Cartman\n|-damage|p2a: Cartman|72\/100 par\n|move|p2a: Cartman|Lava Plume|p1a: Charizard\n|-resisted|p1a: Charizard\n|-damage|p1a: Charizard|35\/100\n|\n|-weather|SunnyDay|[upkeep]\n|upkeep\n|turn|30\n|\n|t:|1700862691\n|move|p1a: Charizard|Roost|p1a: Charizard\n|-heal|p1a: Charizard|85\/100\n|-singleturn|p1a: Charizard|move: Roost\n|move|p2a: Cartman|Lava Plume|p1a: Charizard\n|-resisted|p1a: Charizard\n|-damage|p1a: Charizard|53\/100\n|\n|-weather|SunnyDay|[upkeep]\n|upkeep\n|turn|31\n|inactive|Nonno Sandslash has 120 seconds left.\n|\n|t:|1700862700\n|move|p1a: Charizard|Solar Beam||[still]\n|-prepare|p1a: Charizard|Solar Beam\n|-anim|p1a: Charizard|Solar Beam|p2a: Cartman\n|-resisted|p2a: Cartman\n|-damage|p2a: Cartman|61\/100 par\n|move|p2a: Cartman|Lava Plume|p1a: Charizard\n|-resisted|p1a: Charizard\n|-crit|p1a: Charizard\n|-damage|p1a: Charizard|6\/100\n|\n|-weather|SunnyDay|[upkeep]\n|upkeep\n|turn|32\n|\n|t:|1700862710\n|switch|p2a: Paths|Alomomola, F, shiny|34\/100\n|move|p1a: Charizard|Roost|p1a: Charizard\n|-heal|p1a: Charizard|56\/100\n|-singleturn|p1a: Charizard|move: Roost\n|\n|-weather|none\n|upkeep\n|turn|33\n|-message|Nonno Sandslash forfeited.\n|\n|win|Gregory Mirabella\n|raw|Nonno Sandslash's rating: 1337 &rarr; <strong>1321<\/strong><br \/>(-16 for losing)\n|raw|Gregory Mirabella's rating: 1405 &rarr; <strong>1421<\/strong><br \/>(+16 for winning)\n|l|\u2606Nonno Sandslash\n|c|\u2606Gregory Mirabella|gg\n|c|\u2606Gregory Mirabella|wp\n|c|\u2606Gregory Mirabella|nice team\n","uploadtime":1700862756,"views":1,"p1id":"nonnosandslash","p2id":"gregorymirabella","formatid":"gen9nationaldex","rating":1321,"private":0,"password":""}