{"id":"gen9nationaldex-1998091503","p1":"108130958085102a","p2":"LDP333","format":"[Gen 9] National Dex","log":"|html|<div class=\"broadcast-blue\"><strong>[Gen 9] National Dex is currently suspecting Sneasler! For information on how to participate check out the <a href=\"https:\/\/www.smogon.com\/forums\/threads\/sv-national-dex-suspect-8-just-dance.3731534\/\">suspect thread<\/a>.<\/strong><\/div>\n|j|\u2606108130958085102a\n|j|\u2606LDP333\n|t:|1700889839\n|gametype|singles\n|player|p1|108130958085102a|dawn|1678\n|player|p2|LDP333|riley|1651\n|teamsize|p1|6\n|teamsize|p2|6\n|gen|9\n|tier|[Gen 9] National Dex\n|rated|\n|rule|HP Percentage Mod: HP is shown in percentages\n|rule|Endless Battle Clause: Forcing endless battles is banned\n|rule|OHKO Clause: OHKO moves are banned\n|rule|Evasion Clause: Evasion abilities, items, and moves are banned\n|rule|Evasion Abilities Clause: Evasion abilities are banned\n|rule|Evasion Items Clause: Evasion items are banned\n|rule|Evasion Moves Clause: Evasion moves are banned\n|rule|Species Clause: Limit one of each Pok\u00e9mon\n|rule|Sleep Clause Mod: Limit one foe put to sleep\n|clearpoke\n|poke|p1|Ursaluna, F|\n|poke|p1|Corviknight, M|\n|poke|p1|Dondozo, M|\n|poke|p1|Iron Valiant|\n|poke|p1|Banette, M|\n|poke|p1|Hoopa-Unbound|\n|poke|p2|Tyranitar, F|\n|poke|p2|Kommo-o, M|\n|poke|p2|Rillaboom, F|\n|poke|p2|Sneasler, M|\n|poke|p2|Ogerpon-Cornerstone, F|\n|poke|p2|Zapdos|\n|teampreview\n|\n|t:|1700889847\n|start\n|switch|p1a: Corviknight|Corviknight, M|100\/100\n|switch|p2a: Tyranitar|Tyranitar, F|100\/100\n|-weather|Sandstorm|[from] ability: Sand Stream|[of] p2a: Tyranitar\n|turn|1\n|\n|t:|1700889850\n|detailschange|p2a: Tyranitar|Tyranitar-Mega, F\n|-mega|p2a: Tyranitar|Tyranitar|Tyranitarite\n|move|p2a: Tyranitar|Stealth Rock|p1a: Corviknight\n|-sidestart|p1: 108130958085102a|move: Stealth Rock\n|move|p1a: Corviknight|U-turn|p2a: Tyranitar\n|-supereffective|p2a: Tyranitar\n|-damage|p2a: Tyranitar|81\/100\n|\n|t:|1700889860\n|switch|p1a: Ursaluna|Ursaluna, F|100\/100|[from] U-turn\n|-damage|p1a: Ursaluna|94\/100|[from] Stealth Rock\n|\n|-weather|Sandstorm|[upkeep]\n|-status|p1a: Ursaluna|brn|[from] item: Flame Orb\n|upkeep\n|turn|2\n|\n|t:|1700889864\n|switch|p2a: Zapdos|Zapdos|100\/100\n|move|p1a: Ursaluna|Headlong Rush|p2a: Zapdos\n|-immune|p2a: Zapdos\n|\n|-weather|Sandstorm|[upkeep]\n|-damage|p2a: Zapdos|94\/100|[from] Sandstorm\n|-damage|p1a: Ursaluna|88\/100 brn|[from] brn\n|upkeep\n|turn|3\n|\n|t:|1700889870\n|move|p2a: Zapdos|Hurricane|p1a: Ursaluna\n|-damage|p1a: Ursaluna|38\/100 brn\n|-start|p1a: Ursaluna|confusion\n|-activate|p1a: Ursaluna|confusion\n|move|p1a: Ursaluna|Facade|p2a: Zapdos\n|-damage|p2a: Zapdos|7\/100\n|\n|-weather|Sandstorm|[upkeep]\n|-damage|p2a: Zapdos|0 fnt|[from] Sandstorm\n|faint|p2a: Zapdos\n|-damage|p1a: Ursaluna|31\/100 brn|[from] brn\n|upkeep\n|\n|t:|1700889875\n|switch|p2a: Ogerpon|Ogerpon-Cornerstone, F|100\/100\n|turn|4\n|\n|t:|1700889877\n|switch|p1a: Corviknight|Corviknight, M|100\/100\n|-damage|p1a: Corviknight|88\/100|[from] Stealth Rock\n|move|p2a: Ogerpon|Trailblaze|p1a: Corviknight\n|-resisted|p1a: Corviknight\n|-damage|p1a: Corviknight|83\/100\n|-boost|p2a: Ogerpon|spe|1\n|\n|-weather|Sandstorm|[upkeep]\n|upkeep\n|turn|5\n|\n|t:|1700889885\n|move|p2a: Ogerpon|Swords Dance|p2a: Ogerpon\n|-boost|p2a: Ogerpon|atk|2\n|move|p1a: Corviknight|Roost|p1a: Corviknight\n|-heal|p1a: Corviknight|100\/100\n|-singleturn|p1a: Corviknight|move: Roost\n|\n|-weather|none\n|upkeep\n|turn|6\n|\n|t:|1700889901\n|switch|p1a: Ursaluna|Ursaluna, F|31\/100 brn\n|-damage|p1a: Ursaluna|25\/100 brn|[from] Stealth Rock\n|move|p2a: Ogerpon|Trailblaze|p1a: Ursaluna\n|-supereffective|p1a: Ursaluna\n|-damage|p1a: Ursaluna|0 fnt\n|-boost|p2a: Ogerpon|spe|1\n|faint|p1a: Ursaluna\n|\n|upkeep\n|\n|t:|1700889904\n|switch|p1a: Banette|Banette, M|100\/100\n|-damage|p1a: Banette|88\/100|[from] Stealth Rock\n|-item|p2a: Ogerpon|Cornerstone Mask|[from] ability: Frisk|[of] p1a: Banette|[identify]\n|turn|7\n|\n|t:|1700889910\n|switch|p2a: Tyranitar|Tyranitar-Mega, F|81\/100\n|-weather|Sandstorm|[from] ability: Sand Stream|[of] p2a: Tyranitar\n|detailschange|p1a: Banette|Banette-Mega, M\n|-mega|p1a: Banette|Banette|Banettite\n|move|p1a: Banette|Destiny Bond|p1a: Banette\n|-singlemove|p1a: Banette|Destiny Bond\n|\n|-weather|Sandstorm|[upkeep]\n|-damage|p1a: Banette|82\/100|[from] Sandstorm\n|upkeep\n|turn|8\n|\n|t:|1700889921\n|move|p1a: Banette|Destiny Bond||[still]\n|-fail|p1a: Banette\n|move|p2a: Tyranitar|Knock Off|p1a: Banette\n|-supereffective|p1a: Banette\n|-damage|p1a: Banette|0 fnt\n|faint|p1a: Banette\n|\n|-weather|Sandstorm|[upkeep]\n|upkeep\n|-message|108130958085102a forfeited.\n|\n|win|LDP333\n|raw|108130958085102a's rating: 1678 &rarr; <strong>1656<\/strong><br \/>(-22 for losing)\n|raw|LDP333's rating: 1651 &rarr; <strong>1673<\/strong><br \/>(+22 for winning)\n|l|\u2606108130958085102a\n","uploadtime":1700889934,"views":1,"p1id":"108130958085102a","p2id":"ldp333","formatid":"gen9nationaldex","rating":1656,"private":0,"password":""}