{"id":"gen9nationaldex-1987896262","p1":"HolyChomper","p2":"Masorad","format":"[Gen 9] National Dex","log":"|j|\u2606HolyChomper\n|j|\u2606Masorad\n|t:|1699646907\n|gametype|singles\n|player|p1|HolyChomper|crasherwake|1093\n|player|p2|Masorad|hugh|1208\n|teamsize|p1|6\n|teamsize|p2|6\n|gen|9\n|tier|[Gen 9] National Dex\n|rated|\n|rule|HP Percentage Mod: HP is shown in percentages\n|rule|Endless Battle Clause: Forcing endless battles is banned\n|rule|OHKO Clause: OHKO moves are banned\n|rule|Evasion Clause: Evasion abilities, items, and moves are banned\n|rule|Evasion Abilities Clause: Evasion abilities are banned\n|rule|Evasion Items Clause: Evasion items are banned\n|rule|Evasion Moves Clause: Evasion moves are banned\n|rule|Species Clause: Limit one of each Pok\u00e9mon\n|rule|Sleep Clause Mod: Limit one foe put to sleep\n|clearpoke\n|poke|p1|Pelipper, M|\n|poke|p1|Swampert, M|\n|poke|p1|Overqwil, F|\n|poke|p1|Goodra, F|\n|poke|p1|Kilowattrel, F|\n|poke|p1|Scizor, F|\n|poke|p2|Hoopa|\n|poke|p2|Sableye, F|\n|poke|p2|Garchomp, M|\n|poke|p2|Swellow, M|\n|poke|p2|Volcarona, F|\n|poke|p2|Registeel|\n|teampreview\n|c|\u2606HolyChomper|glhf\n|\n|t:|1699646917\n|start\n|switch|p1a: Scizor|Scizor, F|100\/100\n|switch|p2a: Greta|Hoopa|100\/100\n|turn|1\n|\n|t:|1699646923\n|move|p2a: Greta|Shadow Ball|p1a: Scizor\n|-damage|p1a: Scizor|43\/100\n|move|p1a: Scizor|U-turn|p2a: Greta\n|-damage|p2a: Greta|34\/100\n|\n|t:|1699646932\n|switch|p1a: Overqwil|Overqwil, F|100\/100|[from] U-turn\n|\n|upkeep\n|turn|2\n|\n|t:|1699646943\n|switch|p2a: Otto|Garchomp, M|100\/100\n|move|p1a: Overqwil|Swords Dance|p1a: Overqwil\n|-boost|p1a: Overqwil|atk|2\n|\n|upkeep\n|turn|3\n|\n|t:|1699646949\n|move|p1a: Overqwil|Aqua Jet|p2a: Otto\n|-damage|p2a: Otto|77\/100\n|-damage|p1a: Overqwil|88\/100|[from] ability: Rough Skin|[of] p2a: Otto\n|move|p2a: Otto|Scale Shot|p1a: Overqwil\n|-damage|p1a: Overqwil|75\/100\n|-crit|p1a: Overqwil\n|-damage|p1a: Overqwil|53\/100\n|-damage|p1a: Overqwil|39\/100\n|-damage|p1a: Overqwil|26\/100\n|-hitcount|p1a: Overqwil|4\n|-unboost|p2a: Otto|def|1\n|-boost|p2a: Otto|spe|1\n|-enditem|p2a: Otto|White Herb\n|-clearnegativeboost|p2a: Otto|[silent]\n|\n|-heal|p1a: Overqwil|32\/100|[from] item: Black Sludge\n|upkeep\n|turn|4\n|\n|t:|1699646966\n|switch|p1a: Pelipper|Pelipper, M|100\/100\n|-weather|RainDance|[from] ability: Drizzle|[of] p1a: Pelipper\n|move|p2a: Otto|Scale Shot|p1a: Pelipper\n|-damage|p1a: Pelipper|92\/100\n|-damage|p1a: Pelipper|83\/100\n|-hitcount|p1a: Pelipper|2\n|-unboost|p2a: Otto|def|1\n|-boost|p2a: Otto|spe|1\n|\n|-weather|RainDance|[upkeep]\n|upkeep\n|turn|5\n|\n|t:|1699646979\n|move|p2a: Otto|Swords Dance|p2a: Otto\n|-boost|p2a: Otto|atk|2\n|move|p1a: Pelipper|U-turn|p2a: Otto\n|-damage|p2a: Otto|66\/100\n|-damage|p1a: Pelipper|71\/100|[from] ability: Rough Skin|[of] p2a: Otto\n|\n|t:|1699646986\n|switch|p1a: Swampert|Swampert, M|100\/100|[from] U-turn\n|\n|-weather|RainDance|[upkeep]\n|upkeep\n|turn|6\n|\n|t:|1699646993\n|detailschange|p1a: Swampert|Swampert-Mega, M\n|-mega|p1a: Swampert|Swampert|Swampertite\n|-terastallize|p2a: Otto|Water\n|move|p2a: Otto|Aqua Tail|p1a: Swampert\n|-damage|p1a: Swampert|0 fnt\n|faint|p1a: Swampert\n|\n|-weather|RainDance|[upkeep]\n|upkeep\n|c|\u2606HolyChomper|oh damn\n|c|\u2606HolyChomper|gg my friend\n|c|\u2606HolyChomper|can't kill that\n|-message|HolyChomper forfeited.\n|\n|win|Masorad\n|raw|HolyChomper's rating: 1093 &rarr; <strong>1077<\/strong><br \/>(-16 for losing)\n|raw|Masorad's rating: 1208 &rarr; <strong>1225<\/strong><br \/>(+17 for winning)\n|l|\u2606HolyChomper\n","uploadtime":1699647021,"views":4,"p1id":"holychomper","p2id":"masorad","formatid":"gen9nationaldex","rating":1077,"private":0,"password":""}