{"id":"gen9nationaldex-1994788429","p1":"Abrazzzzzzzzu","p2":"The little ones","format":"[Gen 9] National Dex","log":"|html|<div class=\"broadcast-blue\"><strong>[Gen 9] National Dex is currently suspecting Sneasler! For information on how to participate check out the <a href=\"https:\/\/www.smogon.com\/forums\/threads\/sv-national-dex-suspect-8-just-dance.3731534\/\">suspect thread<\/a>.<\/strong><\/div>\n|j|\u2606Abrazzzzzzzzu\n|j|\u2606The little ones\n|t:|1700492844\n|gametype|singles\n|player|p1|Abrazzzzzzzzu|cowgirl|1000\n|player|p2|The little ones|burglar|1029\n|teamsize|p1|6\n|teamsize|p2|6\n|gen|9\n|tier|[Gen 9] National Dex\n|rated|\n|rule|HP Percentage Mod: HP is shown in percentages\n|rule|Endless Battle Clause: Forcing endless battles is banned\n|rule|OHKO Clause: OHKO moves are banned\n|rule|Evasion Clause: Evasion abilities, items, and moves are banned\n|rule|Evasion Abilities Clause: Evasion abilities are banned\n|rule|Evasion Items Clause: Evasion items are banned\n|rule|Evasion Moves Clause: Evasion moves are banned\n|rule|Species Clause: Limit one of each Pok\u00e9mon\n|rule|Sleep Clause Mod: Limit one foe put to sleep\n|clearpoke\n|poke|p1|Drampa, M|\n|poke|p1|Fezandipiti, M|\n|poke|p1|Sandy Shocks|\n|poke|p1|Medicham, F|\n|poke|p1|Avalugg-Hisui, M|\n|poke|p1|Sinistcha|\n|poke|p2|Diancie|\n|poke|p2|Clodsire, F|\n|poke|p2|Iron Valiant|\n|poke|p2|Aegislash, F|\n|poke|p2|Sneasler, M|\n|poke|p2|Garganacl, M|\n|teampreview\n|\n|t:|1700492862\n|start\n|switch|p1a: Sandy Shocks|Sandy Shocks|100\/100\n|switch|p2a: Clodsire|Clodsire, F|100\/100\n|-enditem|p1a: Sandy Shocks|Booster Energy\n|-activate|p1a: Sandy Shocks|ability: Protosynthesis|[fromitem]\n|-start|p1a: Sandy Shocks|protosynthesisspe\n|turn|1\n|\n|t:|1700492874\n|move|p1a: Sandy Shocks|Stealth Rock|p2a: Clodsire\n|-sidestart|p2: The little ones|move: Stealth Rock\n|move|p2a: Clodsire|Counter||[still]\n|-fail|p2a: Clodsire\n|\n|upkeep\n|turn|2\n|\n|t:|1700492880\n|move|p1a: Sandy Shocks|Spikes|p2a: Clodsire\n|-sidestart|p2: The little ones|Spikes\n|move|p2a: Clodsire|Ancient Power|p1a: Sandy Shocks\n|-resisted|p1a: Sandy Shocks\n|-damage|p1a: Sandy Shocks|93\/100\n|\n|upkeep\n|turn|3\n|\n|t:|1700492887\n|move|p1a: Sandy Shocks|Spikes|p2a: Clodsire\n|-sidestart|p2: The little ones|Spikes\n|move|p2a: Clodsire|Chilling Water|p1a: Sandy Shocks\n|-supereffective|p1a: Sandy Shocks\n|-damage|p1a: Sandy Shocks|68\/100\n|-unboost|p1a: Sandy Shocks|atk|1\n|\n|upkeep\n|turn|4\n|\n|t:|1700492894\n|move|p1a: Sandy Shocks|Spikes|p2a: Clodsire\n|-sidestart|p2: The little ones|Spikes\n|move|p2a: Clodsire|Chilling Water|p1a: Sandy Shocks\n|-supereffective|p1a: Sandy Shocks\n|-damage|p1a: Sandy Shocks|45\/100\n|-unboost|p1a: Sandy Shocks|atk|1\n|\n|upkeep\n|turn|5\n|\n|t:|1700492913\n|move|p1a: Sandy Shocks|Earthquake|p2a: Clodsire\n|-supereffective|p2a: Clodsire\n|-damage|p2a: Clodsire|66\/100\n|move|p2a: Clodsire|Chilling Water|p1a: Sandy Shocks\n|-supereffective|p1a: Sandy Shocks\n|-damage|p1a: Sandy Shocks|21\/100\n|-unboost|p1a: Sandy Shocks|atk|1\n|\n|upkeep\n|turn|6\n|\n|t:|1700492925\n|move|p1a: Sandy Shocks|Earthquake|p2a: Clodsire\n|-supereffective|p2a: Clodsire\n|-damage|p2a: Clodsire|42\/100\n|move|p2a: Clodsire|Chilling Water|p1a: Sandy Shocks\n|-supereffective|p1a: Sandy Shocks\n|-damage|p1a: Sandy Shocks|0 fnt\n|faint|p1a: Sandy Shocks\n|-end|p1a: Sandy Shocks|Protosynthesis|[silent]\n|\n|upkeep\n|\n|t:|1700492933\n|switch|p1a: Sinistcha|Sinistcha|100\/100\n|turn|7\n|\n|t:|1700492940\n|move|p1a: Sinistcha|Phantom Force||[still]\n|-prepare|p1a: Sinistcha|Phantom Force\n|move|p2a: Clodsire|Curse|p2a: Clodsire\n|-unboost|p2a: Clodsire|spe|1\n|-boost|p2a: Clodsire|atk|1\n|-boost|p2a: Clodsire|def|1\n|\n|upkeep\n|turn|8\n|\n|t:|1700492948\n|move|p1a: Sinistcha|Phantom Force|p2a: Clodsire|[from]lockedmove\n|-damage|p2a: Clodsire|26\/100\n|move|p2a: Clodsire|Counter|p1a: Sinistcha\n|-immune|p1a: Sinistcha\n|\n|upkeep\n|turn|9\n|\n|t:|1700492955\n|move|p1a: Sinistcha|Matcha Gotcha|p2a: Clodsire\n|-damage|p2a: Clodsire|0 fnt\n|faint|p2a: Clodsire\n|\n|upkeep\n|\n|t:|1700492965\n|switch|p2a: Diancie|Diancie|100\/100\n|-damage|p2a: Diancie|88\/100|[from] Stealth Rock\n|-damage|p2a: Diancie|63\/100|[from] Spikes\n|turn|10\n|\n|t:|1700492972\n|move|p2a: Diancie|Diamond Storm|p1a: Sinistcha\n|-damage|p1a: Sinistcha|59\/100\n|move|p1a: Sinistcha|Scald|p2a: Diancie\n|-supereffective|p2a: Diancie\n|-damage|p2a: Diancie|7\/100\n|-status|p2a: Diancie|brn\n|\n|-heal|p1a: Sinistcha|65\/100|[from] item: Leftovers\n|-damage|p2a: Diancie|0 fnt|[from] brn\n|faint|p2a: Diancie\n|upkeep\n|\n|t:|1700492985\n|switch|p2a: Garganacl|Garganacl, M|100\/100\n|-damage|p2a: Garganacl|88\/100|[from] Stealth Rock\n|-damage|p2a: Garganacl|63\/100|[from] Spikes\n|turn|11\n|\n|t:|1700492992\n|move|p1a: Sinistcha|Matcha Gotcha|p2a: Garganacl\n|-supereffective|p2a: Garganacl\n|-damage|p2a: Garganacl|0 fnt\n|-heal|p1a: Sinistcha|100\/100|[from] drain|[of] p2a: Garganacl\n|faint|p2a: Garganacl\n|\n|upkeep\n|\n|t:|1700493001\n|switch|p2a: Aegislash|Aegislash, F|100\/100\n|-damage|p2a: Aegislash|94\/100|[from] Stealth Rock\n|-damage|p2a: Aegislash|69\/100|[from] Spikes\n|turn|12\n|\n|t:|1700493012\n|move|p1a: Sinistcha|Scald|p2a: Aegislash\n|-damage|p2a: Aegislash|58\/100\n|-status|p2a: Aegislash|brn\n|-formechange|p2a: Aegislash|Aegislash-Blade||[from] ability: Stance Change\n|move|p2a: Aegislash|Air Slash|p1a: Sinistcha\n|-supereffective|p1a: Sinistcha\n|-damage|p1a: Sinistcha|42\/100\n|\n|-heal|p1a: Sinistcha|48\/100|[from] item: Leftovers\n|-damage|p2a: Aegislash|52\/100 brn|[from] brn\n|upkeep\n|turn|13\n|\n|t:|1700493024\n|move|p1a: Sinistcha|Matcha Gotcha|p2a: Aegislash\n|-resisted|p2a: Aegislash\n|-damage|p2a: Aegislash|34\/100 brn\n|-heal|p1a: Sinistcha|57\/100|[from] drain|[of] p2a: Aegislash\n|move|p2a: Aegislash|Air Slash|p1a: Sinistcha\n|-supereffective|p1a: Sinistcha\n|-damage|p1a: Sinistcha|3\/100\n|\n|-heal|p1a: Sinistcha|9\/100|[from] item: Leftovers\n|-damage|p2a: Aegislash|28\/100 brn|[from] brn\n|upkeep\n|turn|14\n|\n|t:|1700493038\n|switch|p1a: Avalugg|Avalugg-Hisui, M, shiny|100\/100\n|move|p2a: Aegislash|Frustration|p1a: Avalugg\n|-resisted|p1a: Avalugg\n|-damage|p1a: Avalugg|97\/100\n|\n|-damage|p2a: Aegislash|21\/100 brn|[from] brn\n|upkeep\n|turn|15\n|\n|t:|1700493055\n|move|p2a: Aegislash|Air Slash|p1a: Avalugg\n|-resisted|p1a: Avalugg\n|-damage|p1a: Avalugg|72\/100\n|move|p1a: Avalugg|Earthquake|p2a: Aegislash\n|-supereffective|p2a: Aegislash\n|-damage|p2a: Aegislash|0 fnt\n|faint|p2a: Aegislash\n|\n|upkeep\n|\n|t:|1700493064\n|switch|p2a: Iron Valiant|Iron Valiant|100\/100\n|-damage|p2a: Iron Valiant|94\/100|[from] Stealth Rock\n|-damage|p2a: Iron Valiant|69\/100|[from] Spikes\n|-enditem|p2a: Iron Valiant|Booster Energy\n|-activate|p2a: Iron Valiant|ability: Quark Drive|[fromitem]\n|-start|p2a: Iron Valiant|quarkdriveatk\n|turn|16\n|\n|t:|1700493072\n|move|p2a: Iron Valiant|Aura Sphere|p1a: Avalugg\n|-supereffective|p1a: Avalugg\n|-damage|p1a: Avalugg|0 fnt\n|faint|p1a: Avalugg\n|\n|upkeep\n|\n|t:|1700493086\n|switch|p1a: Sinistcha|Sinistcha|9\/100\n|turn|17\n|\n|t:|1700493091\n|move|p2a: Iron Valiant|Brick Break|p1a: Sinistcha\n|-immune|p1a: Sinistcha\n|move|p1a: Sinistcha|Matcha Gotcha|p2a: Iron Valiant\n|-damage|p2a: Iron Valiant|0 fnt\n|-heal|p1a: Sinistcha|38\/100|[from] drain|[of] p2a: Iron Valiant\n|faint|p2a: Iron Valiant\n|-end|p2a: Iron Valiant|Quark Drive|[silent]\n|\n|-heal|p1a: Sinistcha|44\/100|[from] item: Leftovers\n|upkeep\n|\n|t:|1700493103\n|switch|p2a: Sneasler|Sneasler, M|100\/100\n|-damage|p2a: Sneasler|95\/100|[from] Stealth Rock\n|-damage|p2a: Sneasler|70\/100|[from] Spikes\n|turn|18\n|\n|t:|1700493108\n|move|p2a: Sneasler|Dig||[still]\n|-prepare|p2a: Sneasler|Dig\n|move|p1a: Sinistcha|Matcha Gotcha|p2a: Sneasler|[miss]\n|-miss|p1a: Sinistcha|p2a: Sneasler\n|\n|-heal|p1a: Sinistcha|50\/100|[from] item: Leftovers\n|upkeep\n|turn|19\n|\n|t:|1700493118\n|switch|p1a: Medicham|Medicham, F, shiny|100\/100\n|move|p2a: Sneasler|Dig|p1a: Medicham|[from]lockedmove\n|-damage|p1a: Medicham|56\/100\n|\n|upkeep\n|turn|20\n|\n|t:|1700493126\n|detailschange|p1a: Medicham|Medicham-Mega, F, shiny\n|-mega|p1a: Medicham|Medicham|Medichamite\n|move|p2a: Sneasler|Dig||[still]\n|-prepare|p2a: Sneasler|Dig\n|move|p1a: Medicham|Bulk Up|p1a: Medicham\n|-boost|p1a: Medicham|atk|1\n|-boost|p1a: Medicham|def|1\n|\n|upkeep\n|turn|21\n|\n|t:|1700493134\n|move|p2a: Sneasler|Dig|p1a: Medicham|[from]lockedmove\n|-damage|p1a: Medicham|32\/100\n|move|p1a: Medicham|Recover|p1a: Medicham\n|-heal|p1a: Medicham|82\/100\n|\n|upkeep\n|turn|22\n|\n|t:|1700493146\n|move|p1a: Medicham|Bullet Punch|p2a: Sneasler\n|-damage|p2a: Sneasler|18\/100\n|-damage|p1a: Medicham|66\/100|[from] item: Rocky Helmet|[of] p2a: Sneasler\n|move|p2a: Sneasler|Dire Claw|p1a: Medicham\n|-damage|p1a: Medicham|29\/100\n|-status|p1a: Medicham|par\n|\n|upkeep\n|turn|23\n|\n|t:|1700493157\n|move|p1a: Medicham|Bullet Punch|p2a: Sneasler\n|-damage|p2a: Sneasler|0 fnt\n|-damage|p1a: Medicham|13\/100 par|[from] item: Rocky Helmet|[of] p2a: Sneasler\n|faint|p2a: Sneasler\n|\n|win|Abrazzzzzzzzu\n|raw|Abrazzzzzzzzu's rating: 1000 &rarr; <strong>1043<\/strong><br \/>(+43 for winning)\n|raw|The little ones's rating: 1029 &rarr; <strong>1013<\/strong><br \/>(-16 for losing)\n|l|\u2606The little ones\n","uploadtime":1700493168,"views":1,"p1id":"abrazzzzzzzzu","p2id":"thelittleones","formatid":"gen9nationaldex","rating":1013,"private":0,"password":""}