{"id":"gen9nationaldex-1998765652","p1":"dthesrg","p2":"kilhousevanhouten","format":"[Gen 9] National Dex","log":"|html|<div class=\"broadcast-blue\"><strong>[Gen 9] National Dex is currently suspecting Sneasler! For information on how to participate check out the <a href=\"https:\/\/www.smogon.com\/forums\/threads\/sv-national-dex-suspect-8-just-dance.3731534\/\">suspect thread<\/a>.<\/strong><\/div>\n|j|\u2606dthesrg\n|j|\u2606kilhousevanhouten\n|t:|1700986234\n|gametype|singles\n|player|p1|dthesrg|2|1128\n|player|p2|kilhousevanhouten|cameraman|1212\n|teamsize|p1|6\n|teamsize|p2|6\n|gen|9\n|tier|[Gen 9] National Dex\n|rated|\n|rule|HP Percentage Mod: HP is shown in percentages\n|rule|Endless Battle Clause: Forcing endless battles is banned\n|rule|OHKO Clause: OHKO moves are banned\n|rule|Evasion Clause: Evasion abilities, items, and moves are banned\n|rule|Evasion Abilities Clause: Evasion abilities are banned\n|rule|Evasion Items Clause: Evasion items are banned\n|rule|Evasion Moves Clause: Evasion moves are banned\n|rule|Species Clause: Limit one of each Pok\u00e9mon\n|rule|Sleep Clause Mod: Limit one foe put to sleep\n|clearpoke\n|poke|p1|Moltres|\n|poke|p1|Kommo-o, M|\n|poke|p1|Urshifu-*, M|\n|poke|p1|Garganacl, M|\n|poke|p1|Lopunny, M|\n|poke|p1|Clodsire, M|\n|poke|p2|Garchomp, F|\n|poke|p2|Hawlucha, M|\n|poke|p2|Volcarona, F|\n|poke|p2|Ceruledge, F|\n|poke|p2|Munkidori, M|\n|poke|p2|Tyranitar, F|\n|teampreview\n|inactive|Battle timer is ON: inactive players will automatically lose when time's up. (requested by kilhousevanhouten)\n|\n|t:|1700986251\n|start\n|switch|p1a: Lopunny|Lopunny, M|100\/100\n|switch|p2a: Adrenae|Volcarona, F|100\/100\n|turn|1\n|\n|t:|1700986263\n|detailschange|p1a: Lopunny|Lopunny-Mega, M\n|-mega|p1a: Lopunny|Lopunny|Lopunnite\n|-terastallize|p2a: Adrenae|Water\n|move|p1a: Lopunny|Fake Out|p2a: Adrenae\n|-damage|p2a: Adrenae|69\/100\n|-status|p1a: Lopunny|brn|[from] ability: Flame Body|[of] p2a: Adrenae\n|cant|p2a: Adrenae|flinch\n|\n|-damage|p1a: Lopunny|95\/100 brn|[from] brn\n|upkeep\n|turn|2\n|\n|t:|1700986282\n|switch|p1a: Urshifu|Urshifu-Rapid-Strike, M|100\/100\n|move|p2a: Adrenae|Quiver Dance|p2a: Adrenae\n|-boost|p2a: Adrenae|spa|1\n|-boost|p2a: Adrenae|spd|1\n|-boost|p2a: Adrenae|spe|1\n|\n|upkeep\n|turn|3\n|\n|t:|1700986286\n|move|p1a: Urshifu|Close Combat|p2a: Adrenae\n|-damage|p2a: Adrenae|0 fnt\n|-unboost|p1a: Urshifu|def|1\n|-unboost|p1a: Urshifu|spd|1\n|-status|p1a: Urshifu|brn|[from] ability: Flame Body|[of] p2a: Adrenae\n|faint|p2a: Adrenae\n|\n|-damage|p1a: Urshifu|94\/100 brn|[from] brn\n|upkeep\n|\n|t:|1700986292\n|switch|p2a: rick flair|Hawlucha, M|100\/100\n|-ability|p2a: rick flair|Mold Breaker\n|turn|4\n|\n|t:|1700986295\n|switch|p1a: Moltres|Moltres|100\/100\n|move|p2a: rick flair|Acrobatics|p1a: Moltres\n|-damage|p1a: Moltres|67\/100\n|\n|upkeep\n|turn|5\n|\n|t:|1700986313\n|switch|p2a: the element|Tyranitar, F|100\/100\n|-weather|Sandstorm|[from] ability: Sand Stream|[of] p2a: the element\n|move|p1a: Moltres|Roost|p1a: Moltres\n|-heal|p1a: Moltres|100\/100\n|-singleturn|p1a: Moltres|move: Roost\n|\n|-weather|Sandstorm|[upkeep]\n|-damage|p1a: Moltres|94\/100|[from] Sandstorm\n|upkeep\n|turn|6\n|\n|t:|1700986324\n|switch|p1a: Urshifu|Urshifu-Rapid-Strike, M|94\/100 brn\n|detailschange|p2a: the element|Tyranitar-Mega, F\n|-mega|p2a: the element|Tyranitar|Tyranitarite\n|move|p2a: the element|Knock Off|p1a: Urshifu\n|-resisted|p1a: Urshifu\n|-damage|p1a: Urshifu|63\/100 brn\n|-enditem|p1a: Urshifu|Choice Scarf|[from] move: Knock Off|[of] p2a: the element\n|\n|-weather|Sandstorm|[upkeep]\n|-damage|p1a: Urshifu|57\/100 brn|[from] Sandstorm\n|-damage|p1a: Urshifu|51\/100 brn|[from] brn\n|upkeep\n|turn|7\n|\n|t:|1700986332\n|move|p1a: Urshifu|Close Combat|p2a: the element\n|-supereffective|p2a: the element\n|-crit|p2a: the element\n|-damage|p2a: the element|0 fnt\n|-unboost|p1a: Urshifu|def|1\n|-unboost|p1a: Urshifu|spd|1\n|faint|p2a: the element\n|\n|-weather|Sandstorm|[upkeep]\n|-damage|p1a: Urshifu|44\/100 brn|[from] Sandstorm\n|-damage|p1a: Urshifu|38\/100 brn|[from] brn\n|upkeep\n|\n|t:|1700986344\n|switch|p2a: rick flair|Hawlucha, M|100\/100\n|-ability|p2a: rick flair|Mold Breaker\n|turn|8\n|\n|t:|1700986350\n|move|p2a: rick flair|Acrobatics|p1a: Urshifu\n|-supereffective|p1a: Urshifu\n|-damage|p1a: Urshifu|0 fnt\n|faint|p1a: Urshifu\n|\n|-weather|Sandstorm|[upkeep]\n|-damage|p2a: rick flair|94\/100|[from] Sandstorm\n|upkeep\n|\n|t:|1700986362\n|switch|p1a: Moltres|Moltres|94\/100\n|turn|9\n|\n|t:|1700986374\n|move|p2a: rick flair|Acrobatics|p1a: Moltres\n|-damage|p1a: Moltres|65\/100\n|move|p1a: Moltres|Flamethrower|p2a: rick flair\n|-damage|p2a: rick flair|34\/100\n|\n|-weather|none\n|upkeep\n|turn|10\n|\n|t:|1700986385\n|move|p2a: rick flair|Close Combat|p1a: Moltres\n|-resisted|p1a: Moltres\n|-damage|p1a: Moltres|48\/100\n|-unboost|p2a: rick flair|def|1\n|-unboost|p2a: rick flair|spd|1\n|move|p1a: Moltres|Roost|p1a: Moltres\n|-heal|p1a: Moltres|98\/100\n|-singleturn|p1a: Moltres|move: Roost\n|\n|upkeep\n|turn|11\n|\n|t:|1700986391\n|switch|p2a: big scrunch|Garchomp, F|100\/100\n|move|p1a: Moltres|Flamethrower|p2a: big scrunch\n|-resisted|p2a: big scrunch\n|-damage|p2a: big scrunch|81\/100\n|-status|p2a: big scrunch|brn\n|\n|-damage|p2a: big scrunch|75\/100 brn|[from] brn\n|upkeep\n|turn|12\n|\n|t:|1700986404\n|switch|p1a: Lopunny|Lopunny-Mega, M|95\/100 brn\n|move|p2a: big scrunch|Liquidation|p1a: Lopunny\n|-damage|p1a: Lopunny|74\/100 brn\n|\n|-damage|p1a: Lopunny|68\/100 brn|[from] brn\n|-damage|p2a: big scrunch|69\/100 brn|[from] brn\n|upkeep\n|turn|13\n|\n|t:|1700986410\n|move|p1a: Lopunny|Triple Axel|p2a: big scrunch\n|-supereffective|p2a: big scrunch\n|-damage|p2a: big scrunch|54\/100 brn\n|-damage|p1a: Lopunny|56\/100 brn|[from] ability: Rough Skin|[of] p2a: big scrunch\n|-supereffective|p2a: big scrunch\n|-damage|p2a: big scrunch|23\/100 brn\n|-damage|p1a: Lopunny|44\/100 brn|[from] ability: Rough Skin|[of] p2a: big scrunch\n|-supereffective|p2a: big scrunch\n|-damage|p2a: big scrunch|0 fnt\n|-damage|p1a: Lopunny|31\/100 brn|[from] ability: Rough Skin|[of] p2a: big scrunch\n|faint|p2a: big scrunch\n|-hitcount|p2: big scrunch|3\n|\n|-damage|p1a: Lopunny|26\/100 brn|[from] brn\n|upkeep\n|\n|t:|1700986420\n|switch|p2a: trae|Munkidori, M|100\/100\n|turn|14\n|\n|t:|1700986426\n|move|p1a: Lopunny|Return|p2a: trae\n|-damage|p2a: trae|57\/100\n|move|p2a: trae|Psychic|p1a: Lopunny\n|-supereffective|p1a: Lopunny\n|-damage|p1a: Lopunny|0 fnt\n|faint|p1a: Lopunny\n|\n|upkeep\n|\n|t:|1700986435\n|switch|p1a: Garganacl|Garganacl, M|100\/100\n|turn|15\n|\n|t:|1700986444\n|move|p2a: trae|Sludge Bomb|p1a: Garganacl\n|-resisted|p1a: Garganacl\n|-damage|p1a: Garganacl|85\/100\n|move|p1a: Garganacl|Salt Cure|p2a: trae\n|-damage|p2a: trae|35\/100\n|-start|p2a: trae|Salt Cure\n|\n|-heal|p1a: Garganacl|91\/100|[from] item: Leftovers\n|-damage|p2a: trae|22\/100|[from] Salt Cure\n|upkeep\n|turn|16\n|\n|t:|1700986449\n|move|p2a: trae|Psychic|p1a: Garganacl\n|-damage|p1a: Garganacl|60\/100\n|move|p1a: Garganacl|Iron Defense|p1a: Garganacl\n|-boost|p1a: Garganacl|def|2\n|\n|-heal|p1a: Garganacl|66\/100|[from] item: Leftovers\n|-damage|p2a: trae|10\/100|[from] Salt Cure\n|upkeep\n|turn|17\n|\n|t:|1700986456\n|move|p2a: trae|Psychic|p1a: Garganacl\n|-damage|p1a: Garganacl|31\/100\n|move|p1a: Garganacl|Recover|p1a: Garganacl\n|-heal|p1a: Garganacl|81\/100\n|\n|-heal|p1a: Garganacl|87\/100|[from] item: Leftovers\n|-damage|p2a: trae|0 fnt|[from] Salt Cure\n|faint|p2a: trae\n|upkeep\n|\n|t:|1700986459\n|switch|p2a: rick flair|Hawlucha, M|34\/100\n|-ability|p2a: rick flair|Mold Breaker\n|turn|18\n|\n|t:|1700986463\n|-terastallize|p1a: Garganacl|Water\n|move|p2a: rick flair|Power-Up Punch|p1a: Garganacl\n|-damage|p1a: Garganacl|81\/100\n|-boost|p2a: rick flair|atk|1\n|move|p1a: Garganacl|Salt Cure|p2a: rick flair\n|-damage|p2a: rick flair|14\/100\n|-start|p2a: rick flair|Salt Cure\n|\n|-heal|p1a: Garganacl|88\/100|[from] item: Leftovers\n|-damage|p2a: rick flair|1\/100|[from] Salt Cure\n|upkeep\n|turn|19\n|\n|t:|1700986469\n|move|p2a: rick flair|Acrobatics|p1a: Garganacl\n|-damage|p1a: Garganacl|64\/100\n|move|p1a: Garganacl|Recover|p1a: Garganacl\n|-heal|p1a: Garganacl|100\/100\n|\n|-damage|p2a: rick flair|0 fnt|[from] Salt Cure\n|faint|p2a: rick flair\n|upkeep\n|\n|t:|1700986476\n|switch|p2a: cut man|Ceruledge, F|100\/100\n|turn|20\n|\n|t:|1700986479\n|move|p2a: cut man|Fire Spin|p1a: Garganacl\n|-resisted|p1a: Garganacl\n|-damage|p1a: Garganacl|98\/100\n|-activate|p1a: Garganacl|move: Fire Spin|[of] p2a: cut man\n|move|p1a: Garganacl|Salt Cure|p2a: cut man\n|-supereffective|p2a: cut man\n|-damage|p2a: cut man|55\/100\n|-start|p2a: cut man|Salt Cure\n|-ability|p2a: cut man|Weak Armor|boost\n|-unboost|p2a: cut man|def|1\n|-boost|p2a: cut man|spe|2\n|\n|-heal|p1a: Garganacl|100\/100|[from] item: Leftovers\n|-damage|p2a: cut man|43\/100|[from] Salt Cure\n|-damage|p1a: Garganacl|88\/100|[from] move: Fire Spin|[partiallytrapped]\n|upkeep\n|turn|21\n|\n|t:|1700986486\n|move|p2a: cut man|Bitter Blade|p1a: Garganacl\n|-resisted|p1a: Garganacl\n|-damage|p1a: Garganacl|80\/100\n|-heal|p2a: cut man|48\/100|[from] drain|[of] p1a: Garganacl\n|move|p1a: Garganacl|Salt Cure|p2a: cut man\n|-supereffective|p2a: cut man\n|-damage|p2a: cut man|0 fnt\n|faint|p2a: cut man\n|\n|win|dthesrg\n|raw|dthesrg's rating: 1128 &rarr; <strong>1159<\/strong><br \/>(+31 for winning)\n|raw|kilhousevanhouten's rating: 1212 &rarr; <strong>1181<\/strong><br \/>(-31 for losing)\n|l|\u2606kilhousevanhouten\n","uploadtime":1700986495,"views":5,"p1id":"dthesrg","p2id":"kilhousevanhouten","formatid":"gen9nationaldex","rating":1159,"private":0,"password":""}