{"id":"gen9nationaldex-1992477972","p1":"woodsliberty","p2":"bigdubwes","format":"[Gen 9] National Dex","log":"|j|\u2606woodsliberty\n|j|\u2606bigdubwes\n|t:|1700192518\n|gametype|singles\n|player|p1|woodsliberty|hilbert-wonderlauncher|1171\n|player|p2|bigdubwes|sailor|1100\n|teamsize|p1|6\n|teamsize|p2|6\n|gen|9\n|tier|[Gen 9] National Dex\n|rated|\n|rule|HP Percentage Mod: HP is shown in percentages\n|rule|Endless Battle Clause: Forcing endless battles is banned\n|rule|OHKO Clause: OHKO moves are banned\n|rule|Evasion Clause: Evasion abilities, items, and moves are banned\n|rule|Evasion Abilities Clause: Evasion abilities are banned\n|rule|Evasion Items Clause: Evasion items are banned\n|rule|Evasion Moves Clause: Evasion moves are banned\n|rule|Species Clause: Limit one of each Pok\u00e9mon\n|rule|Sleep Clause Mod: Limit one foe put to sleep\n|clearpoke\n|poke|p1|Dragonite, M|\n|poke|p1|Alomomola, M|\n|poke|p1|Bisharp, F|\n|poke|p1|Lopunny, F|\n|poke|p1|Iron Moth|\n|poke|p1|Gliscor, M|\n|poke|p2|Corviknight, M|\n|poke|p2|Kyurem|\n|poke|p2|Torkoal, F|\n|poke|p2|Venusaur, M|\n|poke|p2|Lopunny, F|\n|poke|p2|Gastrodon, F|\n|teampreview\n|\n|t:|1700192547\n|start\n|switch|p1a: Iron Moth|Iron Moth|100\/100\n|switch|p2a: Lopunny|Lopunny, F|100\/100\n|turn|1\n|inactive|Battle timer is ON: inactive players will automatically lose when time's up. (requested by woodsliberty)\n|\n|t:|1700192595\n|-end|p1a: Iron Moth|Quark Drive|[silent]\n|switch|p1a: Alomomola|Alomomola, M|100\/100\n|move|p2a: Lopunny|U-turn|p1a: Alomomola\n|-damage|p1a: Alomomola|90\/100\n|-damage|p2a: Lopunny|84\/100|[from] item: Rocky Helmet|[of] p1a: Alomomola\n|\n|t:|1700192610\n|switch|p2a: Gastrodon|Gastrodon, F|100\/100|[from] U-turn\n|\n|upkeep\n|turn|2\n|\n|t:|1700192619\n|move|p1a: Alomomola|Toxic|p2a: Gastrodon\n|-status|p2a: Gastrodon|tox\n|move|p2a: Gastrodon|Toxic|p1a: Alomomola\n|-status|p1a: Alomomola|tox\n|\n|-damage|p1a: Alomomola|84\/100 tox|[from] psn\n|-damage|p2a: Gastrodon|94\/100 tox|[from] psn\n|upkeep\n|turn|3\n|\n|t:|1700192629\n|move|p1a: Alomomola|Toxic|p2a: Gastrodon|[miss]\n|-miss|p1a: Alomomola|p2a: Gastrodon\n|move|p2a: Gastrodon|Earthquake|p1a: Alomomola\n|-damage|p1a: Alomomola|66\/100 tox\n|\n|-heal|p2a: Gastrodon|100\/100 tox|[from] item: Leftovers\n|-damage|p1a: Alomomola|53\/100 tox|[from] psn\n|-damage|p2a: Gastrodon|88\/100 tox|[from] psn\n|upkeep\n|turn|4\n|\n|t:|1700192647\n|move|p1a: Alomomola|Wish|p1a: Alomomola\n|move|p2a: Gastrodon|Clear Smog|p1a: Alomomola\n|-damage|p1a: Alomomola|43\/100 tox\n|-clearboost|p1a: Alomomola\n|\n|-heal|p2a: Gastrodon|94\/100 tox|[from] item: Leftovers\n|-damage|p1a: Alomomola|25\/100 tox|[from] psn\n|-damage|p2a: Gastrodon|76\/100 tox|[from] psn\n|upkeep\n|turn|5\n|\n|t:|1700192662\n|switch|p1a: Iron Moth|Iron Moth|100\/100\n|move|p2a: Gastrodon|Recover|p2a: Gastrodon\n|-heal|p2a: Gastrodon|100\/100 tox\n|\n|-damage|p2a: Gastrodon|76\/100 tox|[from] psn\n|upkeep\n|turn|6\n|\n|t:|1700192677\n|-terastallize|p2a: Gastrodon|Water\n|move|p1a: Iron Moth|Energy Ball|p2a: Gastrodon\n|-supereffective|p2a: Gastrodon\n|-damage|p2a: Gastrodon|29\/100 tox\n|-unboost|p2a: Gastrodon|spd|1\n|move|p2a: Gastrodon|Earthquake|p1a: Iron Moth\n|-supereffective|p1a: Iron Moth\n|-damage|p1a: Iron Moth|0 fnt\n|faint|p1a: Iron Moth\n|-end|p1a: Iron Moth|Quark Drive|[silent]\n|\n|-heal|p2a: Gastrodon|36\/100 tox|[from] item: Leftovers\n|-damage|p2a: Gastrodon|5\/100 tox|[from] psn\n|upkeep\n|\n|t:|1700192689\n|switch|p1a: Lopunny|Lopunny, F|100\/100\n|turn|7\n|inactive|bigdubwes has 120 seconds left.\n|\n|t:|1700192721\n|switch|p2a: Kyurem|Kyurem|100\/100\n|-ability|p2a: Kyurem|Pressure\n|detailschange|p1a: Lopunny|Lopunny-Mega, F\n|-mega|p1a: Lopunny|Lopunny|Lopunnite\n|move|p1a: Lopunny|Close Combat|p2a: Kyurem\n|-supereffective|p2a: Kyurem\n|-damage|p2a: Kyurem|1\/100\n|-unboost|p1a: Lopunny|def|1\n|-unboost|p1a: Lopunny|spd|1\n|\n|-heal|p2a: Kyurem|7\/100|[from] item: Leftovers\n|upkeep\n|turn|8\n|inactive|bigdubwes has 120 seconds left.\n|\n|t:|1700192740\n|move|p1a: Lopunny|Close Combat|p2a: Kyurem\n|-supereffective|p2a: Kyurem\n|-damage|p2a: Kyurem|0 fnt\n|-unboost|p1a: Lopunny|def|1\n|-unboost|p1a: Lopunny|spd|1\n|faint|p2a: Kyurem\n|\n|upkeep\n|\n|t:|1700192751\n|switch|p2a: Lopunny|Lopunny, F|84\/100\n|turn|9\n|\n|t:|1700192766\n|switch|p1a: Alomomola|Alomomola, M|58\/100 tox\n|detailschange|p2a: Lopunny|Lopunny-Mega, F\n|-mega|p2a: Lopunny|Lopunny|Lopunnite\n|move|p2a: Lopunny|Close Combat|p1a: Alomomola\n|-damage|p1a: Alomomola|18\/100 tox\n|-unboost|p2a: Lopunny|def|1\n|-unboost|p2a: Lopunny|spd|1\n|-damage|p2a: Lopunny|67\/100|[from] item: Rocky Helmet|[of] p1a: Alomomola\n|\n|-damage|p1a: Alomomola|12\/100 tox|[from] psn\n|upkeep\n|turn|10\n|\n|t:|1700192782\n|switch|p1a: Gliscor|Gliscor, M|100\/100\n|move|p2a: Lopunny|Fake Out||[still]\n|-hint|Fake Out only works on your first turn out.\n|-fail|p2a: Lopunny\n|\n|-status|p1a: Gliscor|tox|[from] item: Toxic Orb\n|upkeep\n|turn|11\n|\n|t:|1700192793\n|move|p2a: Lopunny|U-turn|p1a: Gliscor\n|-resisted|p1a: Gliscor\n|-damage|p1a: Gliscor|91\/100 tox\n|\n|t:|1700192805\n|switch|p2a: Torkoal|Torkoal, F|100\/100|[from] U-turn\n|move|p1a: Gliscor|Stealth Rock|p2a: Torkoal\n|-sidestart|p2: bigdubwes|move: Stealth Rock\n|\n|-heal|p1a: Gliscor|100\/100 tox|[from] ability: Poison Heal\n|upkeep\n|turn|12\n|\n|t:|1700192818\n|move|p1a: Gliscor|Earthquake|p2a: Torkoal\n|-supereffective|p2a: Torkoal\n|-damage|p2a: Torkoal|60\/100\n|move|p2a: Torkoal|Stealth Rock|p1a: Gliscor\n|-sidestart|p1: woodsliberty|move: Stealth Rock\n|\n|upkeep\n|turn|13\n|\n|t:|1700192828\n|move|p1a: Gliscor|Toxic|p2a: Torkoal|[miss]\n|-miss|p1a: Gliscor|p2a: Torkoal\n|move|p2a: Torkoal|Lava Plume|p1a: Gliscor\n|-damage|p1a: Gliscor|79\/100 tox\n|\n|-heal|p1a: Gliscor|92\/100 tox|[from] ability: Poison Heal\n|upkeep\n|turn|14\n|\n|t:|1700192839\n|switch|p2a: Corviknight|Corviknight, M|100\/100\n|-damage|p2a: Corviknight|88\/100|[from] Stealth Rock\n|-ability|p2a: Corviknight|Pressure\n|move|p1a: Gliscor|Toxic|p2a: Corviknight\n|-immune|p2a: Corviknight\n|\n|-heal|p2a: Corviknight|94\/100|[from] item: Leftovers\n|-heal|p1a: Gliscor|100\/100 tox|[from] ability: Poison Heal\n|upkeep\n|turn|15\n|inactive|bigdubwes has 90 seconds left.\n|\n|t:|1700192872\n|switch|p1a: Alomomola|Alomomola, M|45\/100 tox\n|-damage|p1a: Alomomola|32\/100 tox|[from] Stealth Rock\n|move|p2a: Corviknight|Body Press|p1a: Alomomola\n|-damage|p1a: Alomomola|18\/100 tox\n|-damage|p2a: Corviknight|78\/100|[from] item: Rocky Helmet|[of] p1a: Alomomola\n|\n|-heal|p2a: Corviknight|84\/100|[from] item: Leftovers\n|-damage|p1a: Alomomola|12\/100 tox|[from] psn\n|upkeep\n|turn|16\n|inactive|woodsliberty has 120 seconds left.\n|\n|t:|1700192908\n|switch|p1a: Gliscor|Gliscor, M|100\/100 tox\n|-damage|p1a: Gliscor|88\/100 tox|[from] Stealth Rock\n|move|p2a: Corviknight|Defog|p1a: Gliscor\n|-unboost|p1a: Gliscor|evasion|1\n|-sideend|p1: woodsliberty|Stealth Rock|[from] move: Defog|[of] p2a: Corviknight\n|-sideend|p2: bigdubwes|Stealth Rock|[from] move: Defog|[of] p2a: Corviknight\n|\n|-heal|p2a: Corviknight|90\/100|[from] item: Leftovers\n|-heal|p1a: Gliscor|100\/100 tox|[from] ability: Poison Heal\n|upkeep\n|turn|17\n|inactive|woodsliberty has 120 seconds left.\n|\n|t:|1700192927\n|move|p1a: Gliscor|Stealth Rock|p2a: Corviknight\n|-sidestart|p2: bigdubwes|move: Stealth Rock\n|move|p2a: Corviknight|Body Press|p1a: Gliscor\n|-resisted|p1a: Gliscor\n|-damage|p1a: Gliscor|90\/100 tox\n|\n|-heal|p2a: Corviknight|96\/100|[from] item: Leftovers\n|-heal|p1a: Gliscor|100\/100 tox|[from] ability: Poison Heal\n|upkeep\n|turn|18\n|inactive|woodsliberty has 120 seconds left.\n|\n|t:|1700192937\n|switch|p1a: Alomomola|Alomomola, M|45\/100 tox\n|move|p2a: Corviknight|Defog|p1a: Alomomola\n|-unboost|p1a: Alomomola|evasion|1\n|-sideend|p2: bigdubwes|Stealth Rock|[from] move: Defog|[of] p2a: Corviknight\n|\n|-heal|p2a: Corviknight|100\/100|[from] item: Leftovers\n|-damage|p1a: Alomomola|39\/100 tox|[from] psn\n|upkeep\n|turn|19\n|\n|t:|1700192953\n|move|p2a: Corviknight|Body Press|p1a: Alomomola\n|-damage|p1a: Alomomola|23\/100 tox\n|-damage|p2a: Corviknight|84\/100|[from] item: Rocky Helmet|[of] p1a: Alomomola\n|move|p1a: Alomomola|Wish|p1a: Alomomola\n|\n|-heal|p2a: Corviknight|90\/100|[from] item: Leftovers\n|-damage|p1a: Alomomola|11\/100 tox|[from] psn\n|upkeep\n|turn|20\n|\n|t:|1700192966\n|move|p1a: Alomomola|Protect|p1a: Alomomola\n|-singleturn|p1a: Alomomola|Protect\n|move|p2a: Corviknight|U-turn|p1a: Alomomola\n|-activate|p1a: Alomomola|move: Protect\n|\n|-heal|p1a: Alomomola|61\/100 tox|[from] move: Wish|[wisher] Alomomola\n|-heal|p2a: Corviknight|96\/100|[from] item: Leftovers\n|-damage|p1a: Alomomola|42\/100 tox|[from] psn\n|upkeep\n|turn|21\n|inactive|bigdubwes has 60 seconds left.\n|\n|t:|1700192984\n|switch|p1a: Lopunny|Lopunny-Mega, F|100\/100\n|move|p2a: Corviknight|Body Press|p1a: Lopunny\n|-supereffective|p1a: Lopunny\n|-damage|p1a: Lopunny|28\/100\n|\n|-heal|p2a: Corviknight|100\/100|[from] item: Leftovers\n|upkeep\n|turn|22\n|inactive|bigdubwes has 60 seconds left.\n|\n|t:|1700193001\n|move|p1a: Lopunny|Fake Out|p2a: Corviknight\n|-resisted|p2a: Corviknight\n|-damage|p2a: Corviknight|94\/100\n|cant|p2a: Corviknight|flinch\n|\n|-heal|p2a: Corviknight|99\/100|[from] item: Leftovers\n|upkeep\n|turn|23\n|inactive|bigdubwes has 60 seconds left.\n|\n|t:|1700193010\n|switch|p1a: Gliscor|Gliscor, M|100\/100 tox\n|move|p2a: Corviknight|Body Press|p1a: Gliscor\n|-resisted|p1a: Gliscor\n|-damage|p1a: Gliscor|91\/100 tox\n|\n|-heal|p2a: Corviknight|100\/100|[from] item: Leftovers\n|-heal|p1a: Gliscor|100\/100 tox|[from] ability: Poison Heal\n|upkeep\n|turn|24\n|inactive|bigdubwes has 60 seconds left.\n|inactive|bigdubwes has 30 seconds left.\n|\n|t:|1700193060\n|move|p1a: Gliscor|Stealth Rock|p2a: Corviknight\n|-sidestart|p2: bigdubwes|move: Stealth Rock\n|move|p2a: Corviknight|Body Press|p1a: Gliscor\n|-resisted|p1a: Gliscor\n|-damage|p1a: Gliscor|90\/100 tox\n|\n|-heal|p1a: Gliscor|100\/100 tox|[from] ability: Poison Heal\n|upkeep\n|turn|25\n|inactive|bigdubwes has 30 seconds left.\n|\n|t:|1700193073\n|move|p1a: Gliscor|Stealth Rock||[still]\n|-fail|p1a: Gliscor\n|move|p2a: Corviknight|Defog|p1a: Gliscor\n|-unboost|p1a: Gliscor|evasion|1\n|-sideend|p2: bigdubwes|Stealth Rock|[from] move: Defog|[of] p2a: Corviknight\n|\n|upkeep\n|turn|26\n|inactive|bigdubwes has 30 seconds left.\n|\n|t:|1700193088\n|move|p1a: Gliscor|Stealth Rock|p2a: Corviknight\n|-sidestart|p2: bigdubwes|move: Stealth Rock\n|move|p2a: Corviknight|U-turn|p1a: Gliscor\n|-resisted|p1a: Gliscor\n|-crit|p1a: Gliscor\n|-damage|p1a: Gliscor|92\/100 tox\n|inactive|bigdubwes has 30 seconds left.\n|inactive|bigdubwes has 20 seconds left.\n|inactive|bigdubwes has 15 seconds left.\n|inactive|bigdubwes has 10 seconds left.\n|\n|t:|1700193114\n|switch|p2a: Torkoal|Torkoal, F|60\/100|[from] U-turn\n|-damage|p2a: Torkoal|35\/100|[from] Stealth Rock\n|\n|-heal|p1a: Gliscor|100\/100 tox|[from] ability: Poison Heal\n|upkeep\n|turn|27\n|inactive|bigdubwes has 20 seconds left this turn.\n|inactive|bigdubwes has 15 seconds left.\n|\n|t:|1700193123\n|move|p1a: Gliscor|Earthquake|p2a: Torkoal\n|-supereffective|p2a: Torkoal\n|-damage|p2a: Torkoal|0 fnt\n|faint|p2a: Torkoal\n|\n|upkeep\n|inactive|bigdubwes has 20 seconds left this turn.\n|inactive|bigdubwes has 15 seconds left.\n|\n|t:|1700193129\n|switch|p2a: Lopunny|Lopunny-Mega, F|67\/100\n|-damage|p2a: Lopunny|61\/100|[from] Stealth Rock\n|turn|28\n|inactive|bigdubwes has 25 seconds left this turn.\n|inactive|bigdubwes has 20 seconds left.\n|\n|t:|1700193137\n|move|p2a: Lopunny|Return|p1a: Gliscor\n|-damage|p1a: Gliscor|52\/100 tox\n|move|p1a: Gliscor|Toxic|p2a: Lopunny\n|-status|p2a: Lopunny|tox\n|\n|-damage|p2a: Lopunny|55\/100 tox|[from] psn\n|-heal|p1a: Gliscor|65\/100 tox|[from] ability: Poison Heal\n|upkeep\n|turn|29\n|inactive|bigdubwes has 30 seconds left this turn.\n|inactive|bigdubwes has 20 seconds left.\n|inactive|bigdubwes has 15 seconds left.\n|\n|t:|1700193153\n|move|p2a: Lopunny|U-turn|p1a: Gliscor\n|-resisted|p1a: Gliscor\n|-damage|p1a: Gliscor|55\/100 tox\n|inactive|bigdubwes has 20 seconds left this turn.\n|\n|t:|1700193156\n|switch|p2a: Corviknight|Corviknight, M|100\/100|[from] U-turn\n|-damage|p2a: Corviknight|88\/100|[from] Stealth Rock\n|-ability|p2a: Corviknight|Pressure\n|move|p1a: Gliscor|Roost|p1a: Gliscor\n|-heal|p1a: Gliscor|100\/100 tox\n|-singleturn|p1a: Gliscor|move: Roost\n|\n|-heal|p2a: Corviknight|94\/100|[from] item: Leftovers\n|upkeep\n|turn|30\n|inactive|bigdubwes has 30 seconds left this turn.\n|inactive|bigdubwes has 20 seconds left.\n|\n|t:|1700193178\n|switch|p1a: Dragonite|Dragonite, M|100\/100\n|move|p2a: Corviknight|Defog|p1a: Dragonite\n|-unboost|p1a: Dragonite|evasion|1\n|-sideend|p2: bigdubwes|Stealth Rock|[from] move: Defog|[of] p2a: Corviknight\n|\n|-heal|p2a: Corviknight|100\/100|[from] item: Leftovers\n|upkeep\n|turn|31\n|inactive|bigdubwes has 30 seconds left this turn.\n|inactive|bigdubwes has 20 seconds left.\n|\n|t:|1700193189\n|move|p1a: Dragonite|Curse|p1a: Dragonite\n|-unboost|p1a: Dragonite|spe|1\n|-boost|p1a: Dragonite|atk|1\n|-boost|p1a: Dragonite|def|1\n|move|p2a: Corviknight|Body Press|p1a: Dragonite\n|-resisted|p1a: Dragonite\n|-damage|p1a: Dragonite|97\/100\n|\n|upkeep\n|turn|32\n|inactive|bigdubwes has 30 seconds left this turn.\n|\n|t:|1700193197\n|move|p2a: Corviknight|U-turn|p1a: Dragonite\n|-resisted|p1a: Dragonite\n|-damage|p1a: Dragonite|93\/100\n|inactive|bigdubwes has 30 seconds left this turn.\n|\n|t:|1700193203\n|switch|p2a: Lopunny|Lopunny-Mega, F|55\/100 tox|[from] U-turn\n|move|p1a: Dragonite|Curse|p1a: Dragonite\n|-unboost|p1a: Dragonite|spe|1\n|-boost|p1a: Dragonite|atk|1\n|-boost|p1a: Dragonite|def|1\n|\n|-damage|p2a: Lopunny|50\/100 tox|[from] psn\n|upkeep\n|turn|33\n|inactive|bigdubwes has 30 seconds left.\n|\n|t:|1700193213\n|move|p1a: Dragonite|Extreme Speed|p2a: Lopunny\n|-damage|p2a: Lopunny|0 fnt\n|faint|p2a: Lopunny\n|\n|upkeep\n|inactive|bigdubwes has 30 seconds left.\n|\n|t:|1700193220\n|switch|p2a: Venusaur|Venusaur, M|100\/100\n|turn|34\n|\n|t:|1700193227\n|move|p2a: Venusaur|Sludge Bomb|p1a: Dragonite\n|-damage|p1a: Dragonite|46\/100\n|-damage|p2a: Venusaur|91\/100|[from] item: Life Orb\n|move|p1a: Dragonite|Earthquake|p2a: Venusaur\n|-damage|p2a: Venusaur|0 fnt\n|faint|p2a: Venusaur\n|\n|upkeep\n|\n|t:|1700193234\n|switch|p2a: Corviknight|Corviknight, M|100\/100\n|-ability|p2a: Corviknight|Pressure\n|turn|35\n|\n|t:|1700193241\n|move|p2a: Corviknight|Body Press|p1a: Dragonite\n|-resisted|p1a: Dragonite\n|-damage|p1a: Dragonite|41\/100\n|move|p1a: Dragonite|Roost|p1a: Dragonite\n|-heal|p1a: Dragonite|91\/100\n|-singleturn|p1a: Dragonite|move: Roost\n|\n|upkeep\n|turn|36\n|\n|t:|1700193249\n|move|p2a: Corviknight|Body Press|p1a: Dragonite\n|-resisted|p1a: Dragonite\n|-damage|p1a: Dragonite|85\/100\n|move|p1a: Dragonite|Curse|p1a: Dragonite\n|-unboost|p1a: Dragonite|spe|1\n|-boost|p1a: Dragonite|atk|1\n|-boost|p1a: Dragonite|def|1\n|\n|upkeep\n|turn|37\n|\n|t:|1700193257\n|move|p2a: Corviknight|Body Press|p1a: Dragonite\n|-resisted|p1a: Dragonite\n|-damage|p1a: Dragonite|81\/100\n|move|p1a: Dragonite|Curse|p1a: Dragonite\n|-unboost|p1a: Dragonite|spe|1\n|-boost|p1a: Dragonite|atk|1\n|-boost|p1a: Dragonite|def|1\n|\n|upkeep\n|turn|38\n|\n|t:|1700193266\n|move|p2a: Corviknight|Body Press|p1a: Dragonite\n|-resisted|p1a: Dragonite\n|-damage|p1a: Dragonite|77\/100\n|move|p1a: Dragonite|Curse|p1a: Dragonite\n|-unboost|p1a: Dragonite|spe|1\n|-boost|p1a: Dragonite|atk|1\n|-boost|p1a: Dragonite|def|1\n|\n|upkeep\n|turn|39\n|inactive|bigdubwes has 60 seconds left.\n|\n|t:|1700193278\n|move|p2a: Corviknight|Body Press|p1a: Dragonite\n|-resisted|p1a: Dragonite\n|-damage|p1a: Dragonite|74\/100\n|move|p1a: Dragonite|Roost|p1a: Dragonite\n|-heal|p1a: Dragonite|100\/100\n|-singleturn|p1a: Dragonite|move: Roost\n|\n|upkeep\n|turn|40\n|inactive|bigdubwes has 60 seconds left.\n|\n|t:|1700193286\n|move|p2a: Corviknight|Body Press|p1a: Dragonite\n|-resisted|p1a: Dragonite\n|-damage|p1a: Dragonite|99\/100\n|move|p1a: Dragonite|Curse|p1a: Dragonite\n|-unboost|p1a: Dragonite|spe|1\n|-boost|p1a: Dragonite|atk|1\n|-boost|p1a: Dragonite|def|1\n|\n|upkeep\n|turn|41\n|inactive|bigdubwes has 60 seconds left.\n|\n|t:|1700193296\n|move|p1a: Dragonite|Extreme Speed|p2a: Corviknight\n|-resisted|p2a: Corviknight\n|-damage|p2a: Corviknight|64\/100\n|move|p2a: Corviknight|U-turn|p1a: Dragonite\n|-resisted|p1a: Dragonite\n|-crit|p1a: Dragonite\n|-damage|p1a: Dragonite|90\/100\n|inactive|bigdubwes has 60 seconds left.\n|\n|t:|1700193303\n|switch|p2a: Gastrodon|Gastrodon, F, tera:Water|5\/100 tox|[from] U-turn\n|\n|-heal|p2a: Gastrodon|11\/100 tox|[from] item: Leftovers\n|-damage|p2a: Gastrodon|5\/100 tox|[from] psn\n|upkeep\n|turn|42\n|inactive|bigdubwes has 60 seconds left.\n|\n|t:|1700193314\n|move|p1a: Dragonite|Extreme Speed|p2a: Gastrodon\n|-damage|p2a: Gastrodon|0 fnt\n|faint|p2a: Gastrodon\n|\n|upkeep\n|\n|t:|1700193318\n|switch|p2a: Corviknight|Corviknight, M|64\/100\n|-ability|p2a: Corviknight|Pressure\n|turn|43\n|\n|t:|1700193329\n|move|p1a: Dragonite|Extreme Speed|p2a: Corviknight\n|-resisted|p2a: Corviknight\n|-damage|p2a: Corviknight|26\/100\n|move|p2a: Corviknight|Body Press|p1a: Dragonite\n|-resisted|p1a: Dragonite\n|-damage|p1a: Dragonite|87\/100\n|\n|-heal|p2a: Corviknight|32\/100|[from] item: Leftovers\n|upkeep\n|turn|44\n|\n|t:|1700193338\n|move|p1a: Dragonite|Extreme Speed|p2a: Corviknight\n|-resisted|p2a: Corviknight\n|-crit|p2a: Corviknight\n|-damage|p2a: Corviknight|0 fnt\n|faint|p2a: Corviknight\n|\n|win|woodsliberty\n|raw|woodsliberty's rating: 1171 &rarr; <strong>1191<\/strong><br \/>(+20 for winning)\n|raw|bigdubwes's rating: 1100 &rarr; <strong>1080<\/strong><br \/>(-20 for losing)\n|c|\u2606bigdubwes|gg\n|l|\u2606bigdubwes\n|c|\u2606woodsliberty|gg\n","uploadtime":1700193352,"views":7,"p1id":"woodsliberty","p2id":"bigdubwes","formatid":"gen9nationaldex","rating":1080,"private":0,"password":""}