{"id":"gen9nationaldex-1988667208","p1":"a wild Pooninja","p2":"A wild greeninja","format":"[Gen 9] National Dex","log":"|j|\u2606a wild Pooninja\n|j|\u2606A wild greeninja\n|t:|1699748249\n|gametype|singles\n|player|p1|a wild Pooninja|102|\n|player|p2|A wild greeninja|hilbert-wonderlauncher|\n|teamsize|p1|6\n|teamsize|p2|6\n|gen|9\n|tier|[Gen 9] National Dex\n|rule|HP Percentage Mod: HP is shown in percentages\n|rule|Endless Battle Clause: Forcing endless battles is banned\n|rule|OHKO Clause: OHKO moves are banned\n|rule|Evasion Clause: Evasion abilities, items, and moves are banned\n|rule|Evasion Abilities Clause: Evasion abilities are banned\n|rule|Evasion Items Clause: Evasion items are banned\n|rule|Evasion Moves Clause: Evasion moves are banned\n|rule|Species Clause: Limit one of each Pok\u00e9mon\n|rule|Sleep Clause Mod: Limit one foe put to sleep\n|clearpoke\n|poke|p1|Banette, M|\n|poke|p1|Pawmot, M|\n|poke|p1|Machamp, M|\n|poke|p1|Hoopa-Unbound|\n|poke|p1|Alomomola, M|\n|poke|p1|Great Tusk|\n|poke|p2|Greninja-*, M|\n|poke|p2|Celesteela|\n|poke|p2|Swoobat, F|\n|poke|p2|Uxie|\n|poke|p2|Tyranitar, M|\n|poke|p2|Ferrothorn, F|\n|teampreview\n|inactive|Battle timer is ON: inactive players will automatically lose when time's up. (requested by A wild greeninja)\n|\n|t:|1699748270\n|start\n|switch|p1a: The cold guy|Machamp, M|100\/100\n|switch|p2a: Tyranitar|Tyranitar, M|100\/100\n|-weather|Sandstorm|[from] ability: Sand Stream|[of] p2a: Tyranitar\n|turn|1\n|\n|t:|1699748287\n|move|p2a: Tyranitar|Stealth Rock|p1a: The cold guy\n|-sidestart|p1: a wild Pooninja|move: Stealth Rock\n|move|p1a: The cold guy|Stone Edge|p2a: Tyranitar\n|-damage|p2a: Tyranitar|74\/100\n|\n|-weather|Sandstorm|[upkeep]\n|-damage|p1a: The cold guy|94\/100|[from] Sandstorm\n|-heal|p1a: The cold guy|100\/100|[from] item: Leftovers\n|upkeep\n|turn|2\n|\n|t:|1699748295\n|switch|p2a: Uxie|Uxie|100\/100\n|move|p1a: The cold guy|Dynamic Punch|p2a: Uxie\n|-resisted|p2a: Uxie\n|-damage|p2a: Uxie|82\/100\n|-start|p2a: Uxie|confusion\n|\n|-weather|Sandstorm|[upkeep]\n|-damage|p2a: Uxie|76\/100|[from] Sandstorm\n|-damage|p1a: The cold guy|94\/100|[from] Sandstorm\n|-heal|p2a: Uxie|82\/100|[from] item: Leftovers\n|-heal|p1a: The cold guy|100\/100|[from] item: Leftovers\n|upkeep\n|turn|3\n|\n|t:|1699748317\n|switch|p1a: Hoopa|Hoopa-Unbound|100\/100\n|-damage|p1a: Hoopa|88\/100|[from] Stealth Rock\n|-activate|p2a: Uxie|confusion\n|move|p2a: Uxie|Encore||[still]\n|-fail|p2a: Uxie\n|\n|-weather|Sandstorm|[upkeep]\n|-damage|p1a: Hoopa|82\/100|[from] Sandstorm\n|-damage|p2a: Uxie|76\/100|[from] Sandstorm\n|-heal|p2a: Uxie|82\/100|[from] item: Leftovers\n|upkeep\n|turn|4\n|inactive|a wild Pooninja has 270 seconds left.\n|\n|t:|1699748353\n|move|p1a: Hoopa|Fling|p2a: Uxie\n|-supereffective|p2a: Uxie\n|-damage|p2a: Uxie|0 fnt\n|-enditem|p1a: Hoopa|Big Nugget|[from] move: Fling\n|faint|p2a: Uxie\n|\n|-weather|Sandstorm|[upkeep]\n|-damage|p1a: Hoopa|76\/100|[from] Sandstorm\n|upkeep\n|\n|t:|1699748367\n|switch|p2a: Ferrothorn|Ferrothorn, F|100\/100\n|turn|5\n|\n|t:|1699748393\n|switch|p1a: The cold guy|Machamp, M|100\/100\n|-damage|p1a: The cold guy|94\/100|[from] Stealth Rock\n|move|p2a: Ferrothorn|Toxic|p1a: The cold guy\n|-status|p1a: The cold guy|tox\n|\n|-weather|Sandstorm|[upkeep]\n|-damage|p1a: The cold guy|88\/100 tox|[from] Sandstorm\n|-heal|p1a: The cold guy|94\/100 tox|[from] item: Leftovers\n|-damage|p1a: The cold guy|88\/100 tox|[from] psn\n|upkeep\n|turn|6\n|\n|t:|1699748403\n|move|p1a: The cold guy|Fire Blast|p2a: Ferrothorn\n|-supereffective|p2a: Ferrothorn\n|-damage|p2a: Ferrothorn|30\/100\n|-status|p2a: Ferrothorn|brn\n|move|p2a: Ferrothorn|Knock Off|p1a: The cold guy\n|-resisted|p1a: The cold guy\n|-damage|p1a: The cold guy|82\/100 tox\n|-enditem|p1a: The cold guy|Leftovers|[from] move: Knock Off|[of] p2a: Ferrothorn\n|\n|-weather|Sandstorm|[upkeep]\n|-damage|p1a: The cold guy|76\/100 tox|[from] Sandstorm\n|-damage|p1a: The cold guy|64\/100 tox|[from] psn\n|-damage|p2a: Ferrothorn|24\/100 brn|[from] brn\n|upkeep\n|turn|7\n|\n|t:|1699748414\n|switch|p2a: Tyranitar|Tyranitar, M|74\/100\n|move|p1a: The cold guy|Dynamic Punch|p2a: Tyranitar\n|-supereffective|p2a: Tyranitar\n|-damage|p2a: Tyranitar|0 fnt\n|faint|p2a: Tyranitar\n|\n|-weather|Sandstorm|[upkeep]\n|-damage|p1a: The cold guy|58\/100 tox|[from] Sandstorm\n|-damage|p1a: The cold guy|40\/100 tox|[from] psn\n|upkeep\n|\n|t:|1699748423\n|switch|p2a: Swoobat|Swoobat, F|100\/100\n|turn|8\n|\n|t:|1699748429\n|move|p2a: Swoobat|Air Slash|p1a: The cold guy\n|-supereffective|p1a: The cold guy\n|-damage|p1a: The cold guy|0 fnt\n|faint|p1a: The cold guy\n|\n|-weather|none\n|upkeep\n|\n|t:|1699748436\n|switch|p1a: Hoopa|Hoopa-Unbound|76\/100\n|-damage|p1a: Hoopa|64\/100|[from] Stealth Rock\n|turn|9\n|inactive|a wild Pooninja has 270 seconds left.\n|\n|t:|1699748445\n|switch|p2a: Celesteela|Celesteela|100\/100\n|move|p1a: Hoopa|Dark Pulse|p2a: Celesteela\n|-damage|p2a: Celesteela|55\/100\n|-item|p1a: Hoopa|Power Herb|[from] ability: Magician|[of] p2a: Celesteela\n|\n|upkeep\n|turn|10\n|inactive|a wild Pooninja has 270 seconds left.\n|inactive|a wild Pooninja has 240 seconds left.\n|\n|t:|1699748503\n|move|p1a: Hoopa|Dark Pulse|p2a: Celesteela\n|-damage|p2a: Celesteela|13\/100\n|move|p2a: Celesteela|Autotomize|p2a: Celesteela\n|-boost|p2a: Celesteela|spe|2\n|-start|p2a: Celesteela|Autotomize\n|\n|upkeep\n|turn|11\n|\n|t:|1699748514\n|move|p2a: Celesteela|Energy Ball|p1a: Hoopa\n|-damage|p1a: Hoopa|38\/100\n|move|p1a: Hoopa|Fling|p2a: Celesteela\n|-damage|p2a: Celesteela|8\/100\n|-enditem|p1a: Hoopa|Power Herb|[from] move: Fling\n|\n|upkeep\n|turn|12\n|\n|t:|1699748536\n|move|p2a: Celesteela|Air Slash|p1a: Hoopa|[miss]\n|-miss|p2a: Celesteela|p1a: Hoopa\n|move|p1a: Hoopa|Dark Pulse|p2a: Celesteela\n|-damage|p2a: Celesteela|0 fnt\n|faint|p2a: Celesteela\n|\n|upkeep\n|\n|t:|1699748540\n|switch|p2a: Greninja|Greninja, M|100\/100\n|turn|13\n|\n|t:|1699748551\n|move|p2a: Greninja|Surf|p1a: Hoopa\n|-start|p2a: Greninja|typechange|Water|[from] ability: Protean\n|-damage|p1a: Hoopa|3\/100\n|move|p1a: Hoopa|Psychic|p2a: Greninja\n|-damage|p2a: Greninja|3\/100\n|-item|p1a: Hoopa|Choice Scarf|[from] ability: Magician|[of] p2a: Greninja\n|\n|upkeep\n|turn|14\n|\n|t:|1699748561\n|move|p1a: Hoopa|Psychic|p2a: Greninja\n|-crit|p2a: Greninja\n|-damage|p2a: Greninja|0 fnt\n|faint|p2a: Greninja\n|\n|upkeep\n|\n|t:|1699748570\n|switch|p2a: Swoobat|Swoobat, F|100\/100\n|turn|15\n|\n|t:|1699748578\n|switch|p1a: Banette|Banette, M|100\/100\n|-damage|p1a: Banette|88\/100|[from] Stealth Rock\n|move|p2a: Swoobat|Calm Mind|p2a: Swoobat\n|-boost|p2a: Swoobat|spa|2\n|-boost|p2a: Swoobat|spd|2\n|\n|upkeep\n|turn|16\n|inactive|a wild Pooninja has 240 seconds left.\n|\n|t:|1699748598\n|detailschange|p1a: Banette|Banette-Mega, M\n|-mega|p1a: Banette|Banette|Banettite\n|move|p1a: Banette|Destiny Bond|p1a: Banette\n|-singlemove|p1a: Banette|Destiny Bond\n|move|p2a: Swoobat|Stored Power|p1a: Banette\n|-damage|p1a: Banette|7\/100\n|\n|upkeep\n|turn|17\n|\n|t:|1699748620\n|switch|p2a: Ferrothorn|Ferrothorn, F|24\/100 brn\n|move|p1a: Banette|Knock Off|p2a: Ferrothorn\n|-damage|p2a: Ferrothorn|0 fnt\n|-damage|p1a: Banette|0 fnt|[from] ability: Iron Barbs|[of] p2a: Ferrothorn\n|faint|p2a: Ferrothorn\n|faint|p1a: Banette\n|\n|upkeep\n|inactive|a wild Pooninja has 240 seconds left.\n|\n|t:|1699748633\n|switch|p1a: Pawmot|Pawmot, M|100\/100\n|switch|p2a: Swoobat|Swoobat, F|100\/100\n|-damage|p1a: Pawmot|94\/100|[from] Stealth Rock\n|turn|18\n|\n|t:|1699748636\n|-terastallize|p1a: Pawmot|Electric\n|move|p2a: Swoobat|Air Slash|p1a: Pawmot\n|-resisted|p1a: Pawmot\n|-damage|p1a: Pawmot|69\/100\n|cant|p1a: Pawmot|flinch\n|\n|upkeep\n|turn|19\n|\n|t:|1699748645\n|-terastallize|p2a: Swoobat|Psychic\n|move|p2a: Swoobat|Energy Ball|p1a: Pawmot\n|-damage|p1a: Pawmot|27\/100\n|-unboost|p1a: Pawmot|spd|1\n|move|p1a: Pawmot|Revival Blessing|p1a: Pawmot\n|\n|t:|1699748652\n|-heal|p1: Banette|50\/100|[from] move: Revival Blessing\n|\n|upkeep\n|turn|20\n|\n|t:|1699748657\n|move|p2a: Swoobat|Calm Mind|p2a: Swoobat\n|-boost|p2a: Swoobat|spa|2\n|-boost|p2a: Swoobat|spd|2\n|move|p1a: Pawmot|Thunder Punch|p2a: Swoobat\n|-damage|p2a: Swoobat|0 fnt\n|faint|p2a: Swoobat\n|-damage|p1a: Pawmot|17\/100|[from] item: Life Orb\n|\n|win|a wild Pooninja\n","uploadtime":1699748666,"views":30,"p1id":"awildpooninja","p2id":"awildgreeninja","formatid":"gen9nationaldex","rating":0,"private":0,"password":""}