{"id":"gen9nationaldex-2000007913","p1":"notaltaccount","p2":"eusoufael","format":"[Gen 9] National Dex","log":"|html|<div class=\"broadcast-blue\"><strong>[Gen 9] National Dex is currently suspecting Sneasler! For information on how to participate check out the <a href=\"https:\/\/www.smogon.com\/forums\/threads\/sv-national-dex-suspect-8-just-dance.3731534\/\">suspect thread<\/a>.<\/strong><\/div>\n|j|\u2606notaltaccount\n|j|\u2606eusoufael\n|t:|1701140510\n|gametype|singles\n|player|p1|notaltaccount|acerola-masters|1120\n|player|p2|eusoufael|ethan|1035\n|teamsize|p1|6\n|teamsize|p2|6\n|gen|9\n|tier|[Gen 9] National Dex\n|rated|\n|rule|HP Percentage Mod: HP is shown in percentages\n|rule|Endless Battle Clause: Forcing endless battles is banned\n|rule|OHKO Clause: OHKO moves are banned\n|rule|Evasion Clause: Evasion abilities, items, and moves are banned\n|rule|Evasion Abilities Clause: Evasion abilities are banned\n|rule|Evasion Items Clause: Evasion items are banned\n|rule|Evasion Moves Clause: Evasion moves are banned\n|rule|Species Clause: Limit one of each Pok\u00e9mon\n|rule|Sleep Clause Mod: Limit one foe put to sleep\n|clearpoke\n|poke|p1|Celesteela|\n|poke|p1|Lanturn, F|\n|poke|p1|Landorus-Therian, M|\n|poke|p1|Alomomola, F|\n|poke|p1|Absol, M|\n|poke|p1|Eldegoss, F|\n|poke|p2|Electivire, M|\n|poke|p2|Charizard, M|\n|poke|p2|Torterra, M|\n|poke|p2|Gengar, F|\n|poke|p2|Dragonite, M|\n|poke|p2|Gyarados, F|\n|teampreview\n|inactive|Battle timer is ON: inactive players will automatically lose when time's up. (requested by notaltaccount)\n|\n|t:|1701140515\n|start\n|switch|p1a: Absol|Absol, M|100\/100\n|switch|p2a: Gina|Gyarados, F|100\/100\n|-ability|p2a: Gina|Intimidate|boost\n|-unboost|p1a: Absol|atk|1\n|turn|1\n|\n|t:|1701140528\n|detailschange|p1a: Absol|Absol-Mega, M\n|-mega|p1a: Absol|Absol|Absolite\n|move|p1a: Absol|Will-O-Wisp|p2a: Gina\n|-status|p2a: Gina|brn\n|move|p2a: Gina|Aqua Tail|p1a: Absol\n|-damage|p1a: Absol|61\/100\n|\n|-damage|p2a: Gina|94\/100 brn|[from] brn\n|upkeep\n|turn|2\n|\n|t:|1701140539\n|move|p1a: Absol|Wish|p1a: Absol\n|move|p2a: Gina|Aqua Tail|p1a: Absol\n|-damage|p1a: Absol|23\/100\n|\n|-damage|p2a: Gina|88\/100 brn|[from] brn\n|upkeep\n|turn|3\n|\n|t:|1701140544\n|move|p1a: Absol|Protect|p1a: Absol\n|-singleturn|p1a: Absol|Protect\n|move|p2a: Gina|Aqua Tail|p1a: Absol\n|-activate|p1a: Absol|move: Protect\n|\n|-heal|p1a: Absol|73\/100|[from] move: Wish|[wisher] Absol\n|-damage|p2a: Gina|82\/100 brn|[from] brn\n|upkeep\n|turn|4\n|\n|t:|1701140550\n|move|p1a: Absol|Wish|p1a: Absol\n|move|p2a: Gina|Aqua Tail|p1a: Absol\n|-damage|p1a: Absol|37\/100\n|\n|-damage|p2a: Gina|76\/100 brn|[from] brn\n|upkeep\n|turn|5\n|\n|t:|1701140562\n|move|p1a: Absol|Protect|p1a: Absol\n|-singleturn|p1a: Absol|Protect\n|move|p2a: Gina|Dragon Tail|p1a: Absol\n|-activate|p1a: Absol|move: Protect\n|\n|-heal|p1a: Absol|87\/100|[from] move: Wish|[wisher] Absol\n|-damage|p2a: Gina|70\/100 brn|[from] brn\n|upkeep\n|turn|6\n|\n|t:|1701140567\n|move|p1a: Absol|Knock Off|p2a: Gina\n|-damage|p2a: Gina|26\/100 brn\n|-enditem|p2a: Gina|Heavy-Duty Boots|[from] move: Knock Off|[of] p1a: Absol\n|move|p2a: Gina|Dragon Tail|p1a: Absol\n|-damage|p1a: Absol|68\/100\n|drag|p1a: Celesteela|Celesteela|100\/100\n|\n|-damage|p2a: Gina|20\/100 brn|[from] brn\n|upkeep\n|turn|7\n|\n|t:|1701140581\n|move|p2a: Gina|Aqua Tail|p1a: Celesteela\n|-damage|p1a: Celesteela|85\/100\n|-damage|p2a: Gina|3\/100 brn|[from] item: Rocky Helmet|[of] p1a: Celesteela\n|move|p1a: Celesteela|Leech Seed|p2a: Gina\n|-start|p2a: Gina|move: Leech Seed\n|\n|-damage|p2a: Gina|0 fnt|[from] Leech Seed|[of] p1a: Celesteela\n|-heal|p1a: Celesteela|87\/100|[silent]\n|faint|p2a: Gina\n|upkeep\n|\n|t:|1701140588\n|switch|p2a: Charles|Charizard, M|100\/100\n|turn|8\n|\n|t:|1701140606\n|switch|p1a: Lanturn|Lanturn, F|100\/100\n|detailschange|p2a: Charles|Charizard-Mega-Y, M\n|-mega|p2a: Charles|Charizard|Charizardite Y\n|-weather|SunnyDay|[from] ability: Drought|[of] p2a: Charles\n|move|p2a: Charles|Flamethrower|p1a: Lanturn\n|-resisted|p1a: Lanturn\n|-damage|p1a: Lanturn|76\/100\n|\n|-weather|SunnyDay|[upkeep]\n|-heal|p1a: Lanturn|82\/100|[from] item: Leftovers\n|upkeep\n|turn|9\n|\n|t:|1701140621\n|move|p1a: Lanturn|Protect|p1a: Lanturn\n|-singleturn|p1a: Lanturn|Protect\n|move|p2a: Charles|Solar Beam||[still]\n|-prepare|p2a: Charles|Solar Beam\n|-anim|p2a: Charles|Solar Beam|p1a: Lanturn\n|-activate|p1a: Lanturn|move: Protect\n|\n|-weather|SunnyDay|[upkeep]\n|-heal|p1a: Lanturn|88\/100|[from] item: Leftovers\n|upkeep\n|turn|10\n|\n|t:|1701140630\n|-terastallize|p1a: Lanturn|Flying\n|move|p2a: Charles|Solar Beam||[still]\n|-prepare|p2a: Charles|Solar Beam\n|-anim|p2a: Charles|Solar Beam|p1a: Lanturn\n|-resisted|p1a: Lanturn\n|-damage|p1a: Lanturn|73\/100\n|move|p1a: Lanturn|Volt Switch|p2a: Charles\n|-supereffective|p2a: Charles\n|-damage|p2a: Charles|61\/100\n|\n|t:|1701140647\n|switch|p1a: Eldegoss|Eldegoss, F|100\/100|[from] Volt Switch\n|\n|-weather|SunnyDay|[upkeep]\n|upkeep\n|turn|11\n|\n|t:|1701140653\n|switch|p1a: Lanturn|Lanturn, F, tera:Flying|73\/100\n|move|p2a: Charles|Flamethrower|p1a: Lanturn\n|-damage|p1a: Lanturn|20\/100\n|\n|-weather|SunnyDay|[upkeep]\n|-heal|p1a: Lanturn|26\/100|[from] item: Leftovers\n|upkeep\n|turn|12\n|\n|t:|1701140663\n|move|p1a: Lanturn|Protect|p1a: Lanturn\n|-singleturn|p1a: Lanturn|Protect\n|move|p2a: Charles|Thunder Punch|p1a: Lanturn\n|-activate|p1a: Lanturn|move: Protect\n|\n|-weather|none\n|-heal|p1a: Lanturn|32\/100|[from] item: Leftovers\n|upkeep\n|turn|13\n|\n|t:|1701140672\n|move|p2a: Charles|Thunder Punch|p1a: Lanturn\n|-heal|p1a: Lanturn|57\/100|[from] ability: Volt Absorb|[of] p2a: Charles\n|move|p1a: Lanturn|Scald|p2a: Charles\n|-supereffective|p2a: Charles\n|-damage|p2a: Charles|15\/100\n|\n|-heal|p1a: Lanturn|63\/100|[from] item: Leftovers\n|upkeep\n|turn|14\n|\n|t:|1701140684\n|switch|p2a: Hilda|Gengar, F|100\/100\n|move|p1a: Lanturn|Protect||[still]\n|-fail|p1a: Lanturn\n|\n|-heal|p1a: Lanturn|70\/100|[from] item: Leftovers\n|upkeep\n|turn|15\n|\n|t:|1701140691\n|move|p2a: Hilda|Curse|p1a: Lanturn\n|-start|p1a: Lanturn|Curse|[of] p2a: Hilda\n|-damage|p2a: Hilda|50\/100\n|move|p1a: Lanturn|Volt Switch|p2a: Hilda\n|-damage|p2a: Hilda|23\/100\n|\n|t:|1701140700\n|switch|p1a: Absol|Absol-Mega, M|68\/100|[from] Volt Switch\n|\n|-heal|p2a: Hilda|30\/100|[from] item: Leftovers\n|upkeep\n|turn|16\n|\n|t:|1701140714\n|switch|p2a: Malik|Torterra, M|100\/100\n|move|p1a: Absol|Knock Off|p2a: Malik\n|-damage|p2a: Malik|71\/100\n|-enditem|p2a: Malik|Leftovers|[from] move: Knock Off|[of] p1a: Absol\n|\n|upkeep\n|turn|17\n|\n|t:|1701140722\n|move|p1a: Absol|Will-O-Wisp|p2a: Malik\n|-status|p2a: Malik|brn\n|move|p2a: Malik|Leech Seed|p1a: Absol\n|move|p1a: Absol|Leech Seed|p2a: Malik|[from]ability: Magic Bounce\n|-immune|p2a: Malik\n|\n|-damage|p2a: Malik|65\/100 brn|[from] brn\n|upkeep\n|turn|18\n|\n|t:|1701140733\n|move|p1a: Absol|Wish|p1a: Absol\n|move|p2a: Malik|Earthquake|p1a: Absol\n|-damage|p1a: Absol|40\/100\n|\n|-damage|p2a: Malik|59\/100 brn|[from] brn\n|upkeep\n|turn|19\n|\n|t:|1701140740\n|move|p1a: Absol|Knock Off|p2a: Malik\n|-damage|p2a: Malik|39\/100 brn\n|move|p2a: Malik|Roar|p1a: Absol\n|move|p1a: Absol|Roar|p2a: Malik|[from]ability: Magic Bounce\n|drag|p2a: Hilda|Gengar, F|30\/100\n|\n|-heal|p1a: Absol|90\/100|[from] move: Wish|[wisher] Absol\n|-heal|p2a: Hilda|36\/100|[from] item: Leftovers\n|upkeep\n|turn|20\n|inactive|eusoufael has 120 seconds left.\n|inactive|eusoufael has 90 seconds left.\n|inactive|eusoufael has 60 seconds left.\n|\n|t:|1701140842\n|move|p1a: Absol|Knock Off|p2a: Hilda\n|-supereffective|p2a: Hilda\n|-damage|p2a: Hilda|0 fnt\n|-enditem|p2a: Hilda|Leftovers|[from] move: Knock Off|[of] p1a: Absol\n|faint|p2a: Hilda\n|\n|upkeep\n|inactive|eusoufael has 30 seconds left.\n|\n|t:|1701140877\n|switch|p2a: Charles|Charizard-Mega-Y, M|15\/100\n|-weather|SunnyDay|[from] ability: Drought|[of] p2a: Charles\n|turn|21\n|inactive|eusoufael has 30 seconds left.\n|inactive|eusoufael has 20 seconds left.\n|\n|t:|1701140894\n|move|p1a: Absol|Knock Off|p2a: Charles\n|-damage|p2a: Charles|0 fnt\n|faint|p2a: Charles\n|\n|-weather|SunnyDay|[upkeep]\n|upkeep\n|inactive|eusoufael has 25 seconds left this turn.\n|inactive|eusoufael has 20 seconds left.\n|\n|t:|1701140901\n|switch|p2a: Diego|Dragonite, M|100\/100\n|turn|22\n|inactive|eusoufael has 30 seconds left this turn.\n|\n|t:|1701140908\n|move|p1a: Absol|Will-O-Wisp|p2a: Diego\n|-status|p2a: Diego|brn\n|move|p2a: Diego|Draco Meteor|p1a: Absol\n|-damage|p1a: Absol|0 fnt\n|-unboost|p2a: Diego|spa|2\n|faint|p1a: Absol\n|\n|-weather|SunnyDay|[upkeep]\n|-damage|p2a: Diego|94\/100 brn|[from] brn\n|upkeep\n|inactive|eusoufael has 30 seconds left this turn.\n|\n|t:|1701140930\n|switch|p1a: Celesteela|Celesteela|87\/100\n|turn|23\n|inactive|eusoufael has 30 seconds left.\n|inactive|eusoufael has 20 seconds left.\n|\n|t:|1701140951\n|move|p1a: Celesteela|Protect|p1a: Celesteela\n|-singleturn|p1a: Celesteela|Protect\n|move|p2a: Diego|Draco Meteor|p1a: Celesteela\n|-activate|p1a: Celesteela|move: Protect\n|\n|-weather|SunnyDay|[upkeep]\n|-damage|p2a: Diego|88\/100 brn|[from] brn\n|upkeep\n|turn|24\n|inactive|eusoufael has 30 seconds left this turn.\n|\n|t:|1701140959\n|move|p2a: Diego|Draco Meteor|p1a: Celesteela\n|-resisted|p1a: Celesteela\n|-damage|p1a: Celesteela|73\/100\n|-unboost|p2a: Diego|spa|2\n|move|p1a: Celesteela|Leech Seed|p2a: Diego\n|-start|p2a: Diego|move: Leech Seed\n|\n|-weather|SunnyDay|[upkeep]\n|-damage|p2a: Diego|76\/100 brn|[from] Leech Seed|[of] p1a: Celesteela\n|-heal|p1a: Celesteela|85\/100|[silent]\n|-damage|p2a: Diego|69\/100 brn|[from] brn\n|upkeep\n|turn|25\n|\n|t:|1701140969\n|switch|p2a: Eli|Electivire, M, shiny|100\/100\n|move|p1a: Celesteela|Heavy Slam|p2a: Eli\n|-resisted|p2a: Eli\n|-damage|p2a: Eli|69\/100\n|\n|-weather|none\n|-heal|p2a: Eli|75\/100|[from] item: Leftovers\n|upkeep\n|turn|26\n|inactive|eusoufael has 30 seconds left.\n|\n|t:|1701140993\n|switch|p1a: Eldegoss|Eldegoss, F|100\/100\n|move|p2a: Eli|Ice Punch|p1a: Eldegoss\n|-supereffective|p1a: Eldegoss\n|-damage|p1a: Eldegoss|39\/100\n|\n|-heal|p2a: Eli|81\/100|[from] item: Leftovers\n|upkeep\n|turn|27\n|inactive|eusoufael has 30 seconds left.\n|inactive|notaltaccount has 120 seconds left.\n|\n|t:|1701141016\n|switch|p1a: Celesteela|Celesteela|85\/100\n|move|p2a: Eli|Earthquake|p1a: Celesteela\n|-immune|p1a: Celesteela\n|\n|-heal|p2a: Eli|87\/100|[from] item: Leftovers\n|upkeep\n|turn|28\n|inactive|notaltaccount has 120 seconds left.\n|inactive|eusoufael has 30 seconds left.\n|\n|t:|1701141032\n|move|p2a: Eli|Fire Punch|p1a: Celesteela\n|-supereffective|p1a: Celesteela\n|-damage|p1a: Celesteela|50\/100\n|-status|p1a: Celesteela|brn\n|-damage|p2a: Eli|71\/100|[from] item: Rocky Helmet|[of] p1a: Celesteela\n|move|p1a: Celesteela|Leech Seed|p2a: Eli\n|-start|p2a: Eli|move: Leech Seed\n|\n|-heal|p2a: Eli|77\/100|[from] item: Leftovers\n|-damage|p2a: Eli|64\/100|[from] Leech Seed|[of] p1a: Celesteela\n|-heal|p1a: Celesteela|60\/100 brn|[silent]\n|-damage|p1a: Celesteela|54\/100 brn|[from] brn\n|upkeep\n|turn|29\n|inactive|notaltaccount has 120 seconds left.\n|inactive|eusoufael has 30 seconds left.\n|\n|t:|1701141046\n|switch|p1a: Lanturn|Lanturn, F, tera:Flying|70\/100\n|move|p2a: Eli|Fire Punch|p1a: Lanturn\n|-damage|p1a: Lanturn|38\/100\n|\n|-heal|p2a: Eli|71\/100|[from] item: Leftovers\n|-heal|p1a: Lanturn|44\/100|[from] item: Leftovers\n|-damage|p2a: Eli|58\/100|[from] Leech Seed|[of] p1a: Lanturn\n|-heal|p1a: Lanturn|52\/100|[silent]\n|upkeep\n|turn|30\n|inactive|eusoufael has 30 seconds left.\n|\n|t:|1701141057\n|move|p1a: Lanturn|Protect|p1a: Lanturn\n|-singleturn|p1a: Lanturn|Protect\n|move|p2a: Eli|Ice Punch|p1a: Lanturn\n|-activate|p1a: Lanturn|move: Protect\n|\n|-heal|p2a: Eli|64\/100|[from] item: Leftovers\n|-heal|p1a: Lanturn|58\/100|[from] item: Leftovers\n|-damage|p2a: Eli|52\/100|[from] Leech Seed|[of] p1a: Lanturn\n|-heal|p1a: Lanturn|66\/100|[silent]\n|upkeep\n|turn|31\n|inactive|eusoufael has 30 seconds left.\n|\n|t:|1701141071\n|switch|p1a: Alomomola|Alomomola, F|100\/100\n|move|p2a: Eli|Ice Punch|p1a: Alomomola\n|-resisted|p1a: Alomomola\n|-damage|p1a: Alomomola|93\/100\n|-status|p1a: Alomomola|frz\n|\n|-heal|p2a: Eli|58\/100|[from] item: Leftovers\n|-heal|p1a: Alomomola|99\/100 frz|[from] item: Leftovers\n|-damage|p2a: Eli|46\/100|[from] Leech Seed|[of] p1a: Alomomola\n|-heal|p1a: Alomomola|100\/100 frz|[silent]\n|upkeep\n|turn|32\n|inactive|eusoufael has 30 seconds left.\n|\n|t:|1701141082\n|switch|p2a: Malik|Torterra, M|39\/100 brn\n|switch|p1a: Landorus|Landorus-Therian, M|100\/100\n|-ability|p1a: Landorus|Intimidate|boost\n|-unboost|p2a: Malik|atk|1\n|\n|-damage|p2a: Malik|33\/100 brn|[from] brn\n|upkeep\n|turn|33\n|inactive|eusoufael has 30 seconds left.\n|\n|t:|1701141093\n|move|p1a: Landorus|U-turn|p2a: Malik\n|-supereffective|p2a: Malik\n|-damage|p2a: Malik|7\/100 brn\n|\n|t:|1701141101\n|switch|p1a: Lanturn|Lanturn, F, tera:Flying|66\/100|[from] U-turn\n|move|p2a: Malik|Giga Drain|p1a: Lanturn\n|-resisted|p1a: Lanturn\n|-damage|p1a: Lanturn|57\/100\n|-heal|p2a: Malik|12\/100 brn|[from] drain|[of] p1a: Lanturn\n|\n|-heal|p1a: Lanturn|63\/100|[from] item: Leftovers\n|-damage|p2a: Malik|6\/100 brn|[from] brn\n|upkeep\n|turn|34\n|\n|t:|1701141113\n|switch|p2a: Diego|Dragonite, M|69\/100 brn\n|move|p1a: Lanturn|Heal Bell|p1a: Lanturn\n|-activate|p1a: Lanturn|move: Heal Bell\n|-curestatus|p1: Alomomola|frz|[msg]\n|-curestatus|p1: Celesteela|brn|[msg]\n|\n|-heal|p1a: Lanturn|69\/100|[from] item: Leftovers\n|-damage|p2a: Diego|63\/100 brn|[from] brn\n|upkeep\n|turn|35\n|\n|t:|1701141127\n|move|p1a: Lanturn|Protect|p1a: Lanturn\n|-singleturn|p1a: Lanturn|Protect\n|move|p2a: Diego|Draco Meteor|p1a: Lanturn\n|-activate|p1a: Lanturn|move: Protect\n|\n|-heal|p1a: Lanturn|75\/100|[from] item: Leftovers\n|-damage|p2a: Diego|57\/100 brn|[from] brn\n|upkeep\n|turn|36\n|\n|t:|1701141135\n|switch|p1a: Eldegoss|Eldegoss, F|72\/100\n|move|p2a: Diego|Draco Meteor|p1a: Eldegoss\n|-damage|p1a: Eldegoss|44\/100\n|-unboost|p2a: Diego|spa|2\n|\n|-damage|p2a: Diego|51\/100 brn|[from] brn\n|upkeep\n|turn|37\n|\n|t:|1701141145\n|move|p2a: Diego|Roost|p2a: Diego\n|-heal|p2a: Diego|100\/100 brn\n|-singleturn|p2a: Diego|move: Roost\n|move|p1a: Eldegoss|Giga Drain|p2a: Diego\n|-resisted|p2a: Diego\n|-damage|p2a: Diego|96\/100 brn\n|-heal|p1a: Eldegoss|47\/100|[from] drain|[of] p2a: Diego\n|\n|-damage|p2a: Diego|90\/100 brn|[from] brn\n|upkeep\n|turn|38\n|\n|t:|1701141158\n|switch|p2a: Eli|Electivire, M, shiny|46\/100\n|switch|p1a: Celesteela|Celesteela|54\/100\n|\n|-heal|p2a: Eli|52\/100|[from] item: Leftovers\n|upkeep\n|turn|39\n|\n|t:|1701141169\n|switch|p1a: Alomomola|Alomomola, F|100\/100\n|move|p2a: Eli|Ice Punch|p1a: Alomomola\n|-resisted|p1a: Alomomola\n|-damage|p1a: Alomomola|94\/100\n|\n|-heal|p2a: Eli|58\/100|[from] item: Leftovers\n|-heal|p1a: Alomomola|99\/100|[from] item: Leftovers\n|upkeep\n|turn|40\n|\n|t:|1701141180\n|move|p2a: Eli|Ice Punch|p1a: Alomomola\n|-resisted|p1a: Alomomola\n|-damage|p1a: Alomomola|93\/100\n|move|p1a: Alomomola|Wish|p1a: Alomomola\n|\n|-heal|p2a: Eli|64\/100|[from] item: Leftovers\n|-heal|p1a: Alomomola|99\/100|[from] item: Leftovers\n|upkeep\n|turn|41\n|inactive|eusoufael has 60 seconds left.\n|\n|t:|1701141187\n|move|p2a: Eli|Thunder Punch|p1a: Alomomola\n|-supereffective|p1a: Alomomola\n|-damage|p1a: Alomomola|59\/100\n|move|p1a: Alomomola|Scald|p2a: Eli\n|-damage|p2a: Eli|48\/100\n|\n|-heal|p1a: Alomomola|100\/100|[from] move: Wish|[wisher] Alomomola\n|-heal|p2a: Eli|54\/100|[from] item: Leftovers\n|upkeep\n|turn|42\n|\n|t:|1701141196\n|move|p2a: Eli|Thunder Punch|p1a: Alomomola\n|-supereffective|p1a: Alomomola\n|-damage|p1a: Alomomola|59\/100\n|move|p1a: Alomomola|Wish|p1a: Alomomola\n|\n|-heal|p2a: Eli|60\/100|[from] item: Leftovers\n|-heal|p1a: Alomomola|65\/100|[from] item: Leftovers\n|upkeep\n|turn|43\n|\n|t:|1701141204\n|move|p2a: Eli|Thunder Punch|p1a: Alomomola\n|-supereffective|p1a: Alomomola\n|-crit|p1a: Alomomola\n|-damage|p1a: Alomomola|0 fnt\n|faint|p1a: Alomomola\n|\n|-heal|p2a: Eli|66\/100|[from] item: Leftovers\n|upkeep\n|\n|t:|1701141209\n|switch|p1a: Celesteela|Celesteela|54\/100\n|turn|44\n|\n|t:|1701141223\n|move|p2a: Eli|Fire Punch|p1a: Celesteela\n|-supereffective|p1a: Celesteela\n|-damage|p1a: Celesteela|22\/100\n|-damage|p2a: Eli|50\/100|[from] item: Rocky Helmet|[of] p1a: Celesteela\n|move|p1a: Celesteela|Leech Seed|p2a: Eli|[miss]\n|-miss|p1a: Celesteela|p2a: Eli\n|\n|-heal|p2a: Eli|56\/100|[from] item: Leftovers\n|upkeep\n|turn|45\n|\n|t:|1701141234\n|switch|p1a: Lanturn|Lanturn, F, tera:Flying|75\/100\n|move|p2a: Eli|Fire Punch|p1a: Lanturn\n|-damage|p1a: Lanturn|45\/100\n|\n|-heal|p2a: Eli|62\/100|[from] item: Leftovers\n|-heal|p1a: Lanturn|51\/100|[from] item: Leftovers\n|upkeep\n|turn|46\n|inactive|eusoufael has 90 seconds left.\n|\n|t:|1701141247\n|move|p1a: Lanturn|Protect|p1a: Lanturn\n|-singleturn|p1a: Lanturn|Protect\n|move|p2a: Eli|Ice Punch|p1a: Lanturn\n|-activate|p1a: Lanturn|move: Protect\n|\n|-heal|p2a: Eli|68\/100|[from] item: Leftovers\n|-heal|p1a: Lanturn|57\/100|[from] item: Leftovers\n|upkeep\n|turn|47\n|inactive|eusoufael has 90 seconds left.\n|\n|t:|1701141254\n|switch|p1a: Celesteela|Celesteela|22\/100\n|move|p2a: Eli|Ice Punch|p1a: Celesteela\n|-damage|p1a: Celesteela|5\/100\n|-damage|p2a: Eli|52\/100|[from] item: Rocky Helmet|[of] p1a: Celesteela\n|\n|-heal|p2a: Eli|58\/100|[from] item: Leftovers\n|upkeep\n|turn|48\n|inactive|eusoufael has 90 seconds left.\n|\n|t:|1701141274\n|move|p2a: Eli|Thunder Punch|p1a: Celesteela\n|-supereffective|p1a: Celesteela\n|-damage|p1a: Celesteela|0 fnt\n|-damage|p2a: Eli|41\/100|[from] item: Rocky Helmet|[of] p1a: Celesteela\n|faint|p1a: Celesteela\n|\n|-heal|p2a: Eli|48\/100|[from] item: Leftovers\n|upkeep\n|\n|t:|1701141278\n|switch|p1a: Landorus|Landorus-Therian, M|100\/100\n|-ability|p1a: Landorus|Intimidate|boost\n|-unboost|p2a: Eli|atk|1\n|turn|49\n|inactive|eusoufael has 90 seconds left.\n|\n|t:|1701141288\n|-terastallize|p2a: Eli|Flying\n|move|p2a: Eli|Ice Punch|p1a: Landorus\n|-supereffective|p1a: Landorus\n|-damage|p1a: Landorus|49\/100\n|-enditem|p1a: Landorus|Sitrus Berry|[eat]\n|-heal|p1a: Landorus|74\/100|[from] item: Sitrus Berry\n|move|p1a: Landorus|Earthquake|p2a: Eli\n|-immune|p2a: Eli\n|\n|-heal|p2a: Eli|54\/100|[from] item: Leftovers\n|upkeep\n|turn|50\n|inactive|eusoufael has 90 seconds left.\n|\n|t:|1701141299\n|move|p2a: Eli|Ice Punch|p1a: Landorus\n|-supereffective|p1a: Landorus\n|-damage|p1a: Landorus|21\/100\n|move|p1a: Landorus|Knock Off|p2a: Eli\n|-damage|p2a: Eli|11\/100\n|-enditem|p2a: Eli|Leftovers|[from] move: Knock Off|[of] p1a: Landorus\n|\n|upkeep\n|turn|51\n|\n|t:|1701141310\n|move|p2a: Eli|Ice Punch|p1a: Landorus\n|-supereffective|p1a: Landorus\n|-damage|p1a: Landorus|0 fnt\n|faint|p1a: Landorus\n|\n|upkeep\n|\n|t:|1701141313\n|switch|p1a: Eldegoss|Eldegoss, F|80\/100\n|turn|52\n|\n|t:|1701141320\n|move|p2a: Eli|Fire Punch|p1a: Eldegoss\n|-supereffective|p1a: Eldegoss\n|-damage|p1a: Eldegoss|38\/100\n|move|p1a: Eldegoss|Giga Drain|p2a: Eli\n|-resisted|p2a: Eli\n|-damage|p2a: Eli|0 fnt\n|-heal|p1a: Eldegoss|43\/100|[from] drain|[of] p2a: Eli\n|faint|p2a: Eli\n|\n|upkeep\n|\n|t:|1701141334\n|switch|p2a: Diego|Dragonite, M|90\/100 brn\n|turn|53\n|\n|t:|1701141338\n|switch|p1a: Lanturn|Lanturn, F, tera:Flying|57\/100\n|move|p2a: Diego|Air Slash|p1a: Lanturn\n|-damage|p1a: Lanturn|33\/100\n|\n|-heal|p1a: Lanturn|39\/100|[from] item: Leftovers\n|-damage|p2a: Diego|84\/100 brn|[from] brn\n|upkeep\n|turn|54\n|\n|t:|1701141345\n|move|p1a: Lanturn|Protect|p1a: Lanturn\n|-singleturn|p1a: Lanturn|Protect\n|move|p2a: Diego|Draco Meteor|p1a: Lanturn\n|-activate|p1a: Lanturn|move: Protect\n|\n|-heal|p1a: Lanturn|46\/100|[from] item: Leftovers\n|-damage|p2a: Diego|77\/100 brn|[from] brn\n|upkeep\n|turn|55\n|inactive|eusoufael has 120 seconds left.\n|\n|t:|1701141354\n|switch|p1a: Eldegoss|Eldegoss, F|76\/100\n|move|p2a: Diego|Draco Meteor|p1a: Eldegoss\n|-damage|p1a: Eldegoss|50\/100\n|-unboost|p2a: Diego|spa|2\n|\n|-damage|p2a: Diego|71\/100 brn|[from] brn\n|upkeep\n|turn|56\n|\n|t:|1701141364\n|switch|p1a: Lanturn|Lanturn, F, tera:Flying|46\/100\n|move|p2a: Diego|Roost|p2a: Diego\n|-heal|p2a: Diego|100\/100 brn\n|-singleturn|p2a: Diego|move: Roost\n|\n|-heal|p1a: Lanturn|52\/100|[from] item: Leftovers\n|-damage|p2a: Diego|94\/100 brn|[from] brn\n|upkeep\n|turn|57\n|\n|t:|1701141377\n|move|p2a: Diego|Air Slash|p1a: Lanturn\n|-damage|p1a: Lanturn|41\/100\n|move|p1a: Lanturn|Scald|p2a: Diego\n|-resisted|p2a: Diego\n|-damage|p2a: Diego|85\/100 brn\n|\n|-heal|p1a: Lanturn|47\/100|[from] item: Leftovers\n|-damage|p2a: Diego|79\/100 brn|[from] brn\n|upkeep\n|turn|58\n|\n|t:|1701141382\n|move|p1a: Lanturn|Protect|p1a: Lanturn\n|-singleturn|p1a: Lanturn|Protect\n|move|p2a: Diego|Air Slash|p1a: Lanturn\n|-activate|p1a: Lanturn|move: Protect\n|\n|-heal|p1a: Lanturn|53\/100|[from] item: Leftovers\n|-damage|p2a: Diego|73\/100 brn|[from] brn\n|upkeep\n|turn|59\n|\n|t:|1701141388\n|move|p2a: Diego|Air Slash|p1a: Lanturn\n|-crit|p1a: Lanturn\n|-damage|p1a: Lanturn|18\/100\n|move|p1a: Lanturn|Scald|p2a: Diego\n|-resisted|p2a: Diego\n|-damage|p2a: Diego|63\/100 brn\n|\n|-heal|p1a: Lanturn|24\/100|[from] item: Leftovers\n|-damage|p2a: Diego|57\/100 brn|[from] brn\n|upkeep\n|turn|60\n|\n|t:|1701141392\n|move|p1a: Lanturn|Protect|p1a: Lanturn\n|-singleturn|p1a: Lanturn|Protect\n|move|p2a: Diego|Air Slash|p1a: Lanturn\n|-activate|p1a: Lanturn|move: Protect\n|\n|-heal|p1a: Lanturn|30\/100|[from] item: Leftovers\n|-damage|p2a: Diego|51\/100 brn|[from] brn\n|upkeep\n|turn|61\n|\n|t:|1701141399\n|move|p2a: Diego|Air Slash|p1a: Lanturn|[miss]\n|-miss|p2a: Diego|p1a: Lanturn\n|move|p1a: Lanturn|Scald|p2a: Diego\n|-resisted|p2a: Diego\n|-damage|p2a: Diego|42\/100 brn\n|\n|-heal|p1a: Lanturn|36\/100|[from] item: Leftovers\n|-damage|p2a: Diego|35\/100 brn|[from] brn\n|upkeep\n|turn|62\n|\n|t:|1701141408\n|move|p2a: Diego|Roost|p2a: Diego\n|-heal|p2a: Diego|85\/100 brn\n|-singleturn|p2a: Diego|move: Roost\n|move|p1a: Lanturn|Volt Switch|p2a: Diego\n|-resisted|p2a: Diego\n|-damage|p2a: Diego|77\/100 brn\n|\n|t:|1701141410\n|switch|p1a: Eldegoss|Eldegoss, F|84\/100|[from] Volt Switch\n|\n|-damage|p2a: Diego|71\/100 brn|[from] brn\n|upkeep\n|turn|63\n|\n|t:|1701141416\n|move|p2a: Diego|Air Slash|p1a: Eldegoss\n|-supereffective|p1a: Eldegoss\n|-damage|p1a: Eldegoss|67\/100\n|cant|p1a: Eldegoss|flinch\n|\n|-damage|p2a: Diego|65\/100 brn|[from] brn\n|upkeep\n|turn|64\n|\n|t:|1701141422\n|move|p2a: Diego|Air Slash|p1a: Eldegoss\n|-supereffective|p1a: Eldegoss\n|-damage|p1a: Eldegoss|50\/100\n|cant|p1a: Eldegoss|flinch\n|\n|-damage|p2a: Diego|59\/100 brn|[from] brn\n|upkeep\n|turn|65\n|\n|t:|1701141428\n|switch|p1a: Lanturn|Lanturn, F, tera:Flying|36\/100\n|move|p2a: Diego|Air Slash|p1a: Lanturn\n|-damage|p1a: Lanturn|23\/100\n|\n|-heal|p1a: Lanturn|30\/100|[from] item: Leftovers\n|-damage|p2a: Diego|52\/100 brn|[from] brn\n|upkeep\n|turn|66\n|\n|t:|1701141434\n|move|p1a: Lanturn|Protect|p1a: Lanturn\n|-singleturn|p1a: Lanturn|Protect\n|move|p2a: Diego|Air Slash|p1a: Lanturn\n|-activate|p1a: Lanturn|move: Protect\n|\n|-heal|p1a: Lanturn|36\/100|[from] item: Leftovers\n|-damage|p2a: Diego|46\/100 brn|[from] brn\n|upkeep\n|turn|67\n|\n|t:|1701141444\n|move|p2a: Diego|Air Slash|p1a: Lanturn\n|-damage|p1a: Lanturn|24\/100\n|move|p1a: Lanturn|Volt Switch|p2a: Diego\n|-damage|p2a: Diego|29\/100 brn\n|\n|t:|1701141446\n|switch|p1a: Eldegoss|Eldegoss, F|84\/100|[from] Volt Switch\n|\n|-damage|p2a: Diego|23\/100 brn|[from] brn\n|upkeep\n|turn|68\n|\n|t:|1701141453\n|move|p2a: Diego|Roost|p2a: Diego\n|-heal|p2a: Diego|73\/100 brn\n|-singleturn|p2a: Diego|move: Roost\n|move|p1a: Eldegoss|Giga Drain|p2a: Diego\n|-resisted|p2a: Diego\n|-damage|p2a: Diego|62\/100 brn\n|-heal|p1a: Eldegoss|90\/100|[from] drain|[of] p2a: Diego\n|\n|-damage|p2a: Diego|56\/100 brn|[from] brn\n|upkeep\n|turn|69\n|\n|t:|1701141472\n|move|p2a: Diego|Roost|p2a: Diego\n|-heal|p2a: Diego|100\/100 brn\n|-singleturn|p2a: Diego|move: Roost\n|move|p1a: Eldegoss|Rapid Spin|p2a: Diego\n|-damage|p2a: Diego|98\/100 brn\n|-boost|p1a: Eldegoss|spe|1\n|-damage|p1a: Eldegoss|73\/100|[from] item: Rocky Helmet|[of] p2a: Diego\n|\n|-damage|p2a: Diego|92\/100 brn|[from] brn\n|upkeep\n|turn|70\n|\n|t:|1701141484\n|switch|p2a: Malik|Torterra, M|6\/100 brn\n|move|p1a: Eldegoss|Giga Drain|p2a: Malik\n|-damage|p2a: Malik|0 fnt\n|-heal|p1a: Eldegoss|77\/100|[from] drain|[of] p2a: Malik\n|faint|p2a: Malik\n|\n|upkeep\n|\n|t:|1701141490\n|switch|p2a: Diego|Dragonite, M|92\/100 brn\n|turn|71\n|\n|t:|1701141496\n|move|p1a: Eldegoss|Giga Drain|p2a: Diego\n|-resisted|p2a: Diego\n|-damage|p2a: Diego|87\/100 brn\n|-heal|p1a: Eldegoss|80\/100|[from] drain|[of] p2a: Diego\n|move|p2a: Diego|Air Slash|p1a: Eldegoss\n|-supereffective|p1a: Eldegoss\n|-damage|p1a: Eldegoss|46\/100\n|\n|-damage|p2a: Diego|81\/100 brn|[from] brn\n|upkeep\n|turn|72\n|\n|t:|1701141513\n|switch|p1a: Lanturn|Lanturn, F, tera:Flying|24\/100\n|move|p2a: Diego|Air Slash|p1a: Lanturn\n|-damage|p1a: Lanturn|2\/100\n|\n|-heal|p1a: Lanturn|8\/100|[from] item: Leftovers\n|-damage|p2a: Diego|75\/100 brn|[from] brn\n|upkeep\n|turn|73\n|\n|t:|1701141521\n|move|p1a: Lanturn|Protect|p1a: Lanturn\n|-singleturn|p1a: Lanturn|Protect\n|move|p2a: Diego|Air Slash|p1a: Lanturn\n|-activate|p1a: Lanturn|move: Protect\n|\n|-heal|p1a: Lanturn|15\/100|[from] item: Leftovers\n|-damage|p2a: Diego|68\/100 brn|[from] brn\n|upkeep\n|turn|74\n|\n|t:|1701141530\n|switch|p1a: Eldegoss|Eldegoss, F|80\/100\n|move|p2a: Diego|Air Slash|p1a: Eldegoss|[miss]\n|-miss|p2a: Diego|p1a: Eldegoss\n|\n|-damage|p2a: Diego|62\/100 brn|[from] brn\n|upkeep\n|turn|75\n|\n|t:|1701141541\n|move|p2a: Diego|Air Slash|p1a: Eldegoss\n|-supereffective|p1a: Eldegoss\n|-damage|p1a: Eldegoss|46\/100\n|cant|p1a: Eldegoss|flinch\n|\n|-damage|p2a: Diego|56\/100 brn|[from] brn\n|upkeep\n|turn|76\n|\n|t:|1701141548\n|switch|p1a: Lanturn|Lanturn, F, tera:Flying|15\/100\n|move|p2a: Diego|Air Slash|p1a: Lanturn\n|-damage|p1a: Lanturn|0 fnt\n|faint|p1a: Lanturn\n|\n|-damage|p2a: Diego|50\/100 brn|[from] brn\n|upkeep\n|-message|notaltaccount forfeited.\n|\n|win|eusoufael\n|raw|notaltaccount's rating: 1120 &rarr; <strong>1089<\/strong><br \/>(-31 for losing)\n|raw|eusoufael's rating: 1035 &rarr; <strong>1078<\/strong><br \/>(+43 for winning)\n|l|\u2606notaltaccount\n","uploadtime":1701141563,"views":11,"p1id":"notaltaccount","p2id":"eusoufael","formatid":"gen9nationaldex","rating":1078,"private":0,"password":""}