{"id":"gen9nationaldex-1996543075","p1":"akakPUMPKIN","p2":"Zur12","format":"[Gen 9] National Dex","log":"|html|<div class=\"broadcast-blue\"><strong>[Gen 9] National Dex is currently suspecting Sneasler! For information on how to participate check out the <a href=\"https:\/\/www.smogon.com\/forums\/threads\/sv-national-dex-suspect-8-just-dance.3731534\/\">suspect thread<\/a>.<\/strong><\/div>\n|j|\u2606akakPUMPKIN\n|j|\u2606Zur12\n|inactive|Battle timer is ON: inactive players will automatically lose when time's up.\n|t:|1700692472\n|gametype|singles\n|player|p1|akakPUMPKIN|doubleteam|\n|player|p2|Zur12|koga-lgpe|\n|teamsize|p1|6\n|teamsize|p2|6\n|gen|9\n|tier|[Gen 9] National Dex\n|rated|Tournament battle\n|rule|HP Percentage Mod: HP is shown in percentages\n|rule|Endless Battle Clause: Forcing endless battles is banned\n|rule|OHKO Clause: OHKO moves are banned\n|rule|Evasion Clause: Evasion abilities, items, and moves are banned\n|rule|Evasion Abilities Clause: Evasion abilities are banned\n|rule|Evasion Items Clause: Evasion items are banned\n|rule|Evasion Moves Clause: Evasion moves are banned\n|rule|Species Clause: Limit one of each Pok\u00e9mon\n|rule|Sleep Clause Mod: Limit one foe put to sleep\n|clearpoke\n|poke|p1|Hippowdon, F|\n|poke|p1|Skarmory, F|\n|poke|p1|Garganacl, F|\n|poke|p1|Lopunny, F|\n|poke|p1|Toxapex, F|\n|poke|p1|Mandibuzz, F|\n|poke|p2|Garchomp, F|\n|poke|p2|Tapu Koko|\n|poke|p2|Medicham, M|\n|poke|p2|Kartana|\n|poke|p2|Moltres|\n|poke|p2|Garganacl, M|\n|teampreview\n|inactive|akakPUMPKIN also wants the timer to be on.\n|\n|t:|1700692488\n|start\n|switch|p1a: IANBRANDONANDERSON|Skarmory, F|100\/100\n|switch|p2a: Garchomp|Garchomp, F|100\/100\n|turn|1\n|\n|t:|1700692492\n|move|p2a: Garchomp|Stealth Rock|p1a: IANBRANDONANDERSON\n|-sidestart|p1: akakPUMPKIN|move: Stealth Rock\n|move|p1a: IANBRANDONANDERSON|Iron Defense|p1a: IANBRANDONANDERSON\n|-boost|p1a: IANBRANDONANDERSON|def|2\n|\n|upkeep\n|turn|2\n|\n|t:|1700692495\n|move|p2a: Garchomp|Spikes|p1a: IANBRANDONANDERSON\n|-sidestart|p1: akakPUMPKIN|Spikes\n|move|p1a: IANBRANDONANDERSON|Spikes|p2a: Garchomp\n|-sidestart|p2: Zur12|Spikes\n|\n|upkeep\n|turn|3\n|\n|t:|1700692499\n|move|p1a: IANBRANDONANDERSON|Spikes|p2a: Garchomp\n|-sidestart|p2: Zur12|Spikes\n|move|p2a: Garchomp|Dragon Tail|p1a: IANBRANDONANDERSON\n|-resisted|p1a: IANBRANDONANDERSON\n|-damage|p1a: IANBRANDONANDERSON|96\/100\n|-damage|p2a: Garchomp|84\/100|[from] item: Rocky Helmet|[of] p1a: IANBRANDONANDERSON\n|drag|p1a: CHUCKLES|Mandibuzz, F|100\/100\n|\n|upkeep\n|turn|4\n|\n|t:|1700692516\n|switch|p2a: Tapu Koko|Tapu Koko|100\/100\n|-damage|p2a: Tapu Koko|84\/100|[from] Spikes\n|-fieldstart|move: Electric Terrain|[from] ability: Electric Surge|[of] p2a: Tapu Koko\n|move|p1a: CHUCKLES|Toxic|p2a: Tapu Koko\n|-status|p2a: Tapu Koko|tox\n|\n|-damage|p2a: Tapu Koko|78\/100 tox|[from] psn\n|upkeep\n|turn|5\n|\n|t:|1700692521\n|switch|p1a: BALLHOG|Hippowdon, F|100\/100\n|-damage|p1a: BALLHOG|94\/100|[from] Stealth Rock\n|-damage|p1a: BALLHOG|82\/100|[from] Spikes\n|-weather|Sandstorm|[from] ability: Sand Stream|[of] p1a: BALLHOG\n|move|p2a: Tapu Koko|U-turn|p1a: BALLHOG\n|-damage|p1a: BALLHOG|71\/100\n|\n|t:|1700692528\n|switch|p2a: Medicham|Medicham, M|100\/100|[from] U-turn\n|-damage|p2a: Medicham|84\/100|[from] Spikes\n|\n|-weather|Sandstorm|[upkeep]\n|-damage|p2a: Medicham|78\/100|[from] Sandstorm\n|-heal|p1a: BALLHOG|77\/100|[from] item: Leftovers\n|upkeep\n|turn|6\n|\n|t:|1700692534\n|switch|p1a: IANBRANDONANDERSON|Skarmory, F|96\/100\n|-damage|p1a: IANBRANDONANDERSON|84\/100|[from] Stealth Rock\n|detailschange|p2a: Medicham|Medicham-Mega, M\n|-mega|p2a: Medicham|Medicham|Medichamite\n|move|p2a: Medicham|Close Combat|p1a: IANBRANDONANDERSON\n|-damage|p1a: IANBRANDONANDERSON|23\/100\n|-unboost|p2a: Medicham|def|1\n|-unboost|p2a: Medicham|spd|1\n|-damage|p2a: Medicham|61\/100|[from] item: Rocky Helmet|[of] p1a: IANBRANDONANDERSON\n|\n|-weather|Sandstorm|[upkeep]\n|-damage|p2a: Medicham|55\/100|[from] Sandstorm\n|upkeep\n|turn|7\n|\n|t:|1700692544\n|switch|p1a: 7 INCH CUBANS|Toxapex, F, shiny|100\/100\n|move|p2a: Medicham|Zen Headbutt|p1a: 7 INCH CUBANS\n|-supereffective|p1a: 7 INCH CUBANS\n|-damage|p1a: 7 INCH CUBANS|21\/100\n|\n|-weather|Sandstorm|[upkeep]\n|-damage|p2a: Medicham|49\/100|[from] Sandstorm\n|-damage|p1a: 7 INCH CUBANS|15\/100|[from] Sandstorm\n|upkeep\n|turn|8\n|\n|t:|1700692557\n|switch|p1a: IANBRANDONANDERSON|Skarmory, F|23\/100\n|-damage|p1a: IANBRANDONANDERSON|10\/100|[from] Stealth Rock\n|move|p2a: Medicham|Close Combat|p1a: IANBRANDONANDERSON\n|-damage|p1a: IANBRANDONANDERSON|0 fnt\n|-unboost|p2a: Medicham|def|1\n|-unboost|p2a: Medicham|spd|1\n|-damage|p2a: Medicham|33\/100|[from] item: Rocky Helmet|[of] p1a: IANBRANDONANDERSON\n|faint|p1a: IANBRANDONANDERSON\n|\n|-weather|Sandstorm|[upkeep]\n|-damage|p2a: Medicham|27\/100|[from] Sandstorm\n|-fieldend|move: Electric Terrain\n|upkeep\n|\n|t:|1700692560\n|switch|p1a: #8B572A|Lopunny, F|100\/100\n|-damage|p1a: #8B572A|88\/100|[from] Stealth Rock\n|-damage|p1a: #8B572A|76\/100|[from] Spikes\n|turn|9\n|\n|t:|1700692562\n|switch|p2a: Garchomp|Garchomp, F|84\/100\n|-damage|p2a: Garchomp|68\/100|[from] Spikes\n|detailschange|p1a: #8B572A|Lopunny-Mega, F\n|-mega|p1a: #8B572A|Lopunny|Lopunnite\n|move|p1a: #8B572A|Frustration|p2a: Garchomp\n|-damage|p2a: Garchomp|31\/100\n|-damage|p1a: #8B572A|64\/100|[from] ability: Rough Skin|[of] p2a: Garchomp\n|-damage|p1a: #8B572A|47\/100|[from] item: Rocky Helmet|[of] p2a: Garchomp\n|\n|-weather|none\n|upkeep\n|turn|10\n|\n|t:|1700692577\n|switch|p1a: CHUCKLES|Mandibuzz, F|100\/100\n|move|p2a: Garchomp|Spikes|p1a: CHUCKLES\n|-sidestart|p1: akakPUMPKIN|Spikes\n|\n|upkeep\n|turn|11\n|\n|t:|1700692584\n|switch|p2a: Moltres|Moltres|100\/100\n|move|p1a: CHUCKLES|Defog|p2a: Moltres\n|-unboost|p2a: Moltres|evasion|1\n|-sideend|p2: Zur12|Spikes|[from] move: Defog|[of] p1a: CHUCKLES\n|-sideend|p1: akakPUMPKIN|Spikes|[from] move: Defog|[of] p1a: CHUCKLES\n|-sideend|p1: akakPUMPKIN|Stealth Rock|[from] move: Defog|[of] p1a: CHUCKLES\n|\n|upkeep\n|turn|12\n|\n|t:|1700692595\n|move|p2a: Moltres|U-turn|p1a: CHUCKLES\n|-damage|p1a: CHUCKLES|91\/100\n|\n|t:|1700692597\n|switch|p2a: Tapu Koko|Tapu Koko|78\/100 tox|[from] U-turn\n|-fieldstart|move: Electric Terrain|[from] ability: Electric Surge|[of] p2a: Tapu Koko\n|move|p1a: CHUCKLES|Toxic|p2a: Tapu Koko\n|-fail|p2a: Tapu Koko|tox\n|\n|-damage|p2a: Tapu Koko|72\/100 tox|[from] psn\n|upkeep\n|turn|13\n|\n|t:|1700692601\n|move|p2a: Tapu Koko|U-turn|p1a: CHUCKLES\n|-damage|p1a: CHUCKLES|79\/100\n|\n|t:|1700692605\n|switch|p2a: Moltres|Moltres|100\/100|[from] U-turn\n|move|p1a: CHUCKLES|Knock Off|p2a: Moltres\n|-damage|p2a: Moltres|81\/100\n|-enditem|p2a: Moltres|Heavy-Duty Boots|[from] move: Knock Off|[of] p1a: CHUCKLES\n|\n|upkeep\n|turn|14\n|\n|t:|1700692611\n|move|p2a: Moltres|U-turn|p1a: CHUCKLES\n|-damage|p1a: CHUCKLES|69\/100\n|\n|t:|1700692613\n|switch|p2a: Tapu Koko|Tapu Koko|72\/100 tox|[from] U-turn\n|move|p1a: CHUCKLES|Knock Off|p2a: Tapu Koko\n|-resisted|p2a: Tapu Koko\n|-damage|p2a: Tapu Koko|60\/100 tox\n|\n|-damage|p2a: Tapu Koko|54\/100 tox|[from] psn\n|upkeep\n|turn|15\n|\n|t:|1700692624\n|move|p2a: Tapu Koko|U-turn|p1a: CHUCKLES\n|-damage|p1a: CHUCKLES|58\/100\n|\n|t:|1700692635\n|switch|p2a: Garchomp|Garchomp, F|31\/100|[from] U-turn\n|move|p1a: CHUCKLES|Roost|p1a: CHUCKLES\n|-heal|p1a: CHUCKLES|100\/100\n|-singleturn|p1a: CHUCKLES|move: Roost\n|\n|upkeep\n|turn|16\n|\n|t:|1700692641\n|switch|p2a: Moltres|Moltres|81\/100\n|move|p1a: CHUCKLES|Toxic|p2a: Moltres\n|-status|p2a: Moltres|tox\n|\n|-damage|p2a: Moltres|75\/100 tox|[from] psn\n|-fieldend|move: Electric Terrain\n|upkeep\n|turn|17\n|\n|t:|1700692657\n|move|p2a: Moltres|U-turn|p1a: CHUCKLES\n|-damage|p1a: CHUCKLES|90\/100\n|\n|t:|1700692659\n|switch|p2a: Tapu Koko|Tapu Koko|54\/100 tox|[from] U-turn\n|-fieldstart|move: Electric Terrain|[from] ability: Electric Surge|[of] p2a: Tapu Koko\n|move|p1a: CHUCKLES|Knock Off|p2a: Tapu Koko\n|-resisted|p2a: Tapu Koko\n|-crit|p2a: Tapu Koko\n|-damage|p2a: Tapu Koko|39\/100 tox\n|\n|-damage|p2a: Tapu Koko|33\/100 tox|[from] psn\n|upkeep\n|turn|18\n|\n|t:|1700692667\n|switch|p1a: BALLHOG|Hippowdon, F|77\/100\n|-weather|Sandstorm|[from] ability: Sand Stream|[of] p1a: BALLHOG\n|move|p2a: Tapu Koko|Roost|p2a: Tapu Koko\n|-heal|p2a: Tapu Koko|83\/100 tox\n|-singleturn|p2a: Tapu Koko|move: Roost\n|\n|-weather|Sandstorm|[upkeep]\n|-damage|p2a: Tapu Koko|77\/100 tox|[from] Sandstorm\n|-heal|p1a: BALLHOG|84\/100|[from] item: Leftovers\n|-damage|p2a: Tapu Koko|65\/100 tox|[from] psn\n|upkeep\n|turn|19\n|\n|t:|1700692674\n|move|p2a: Tapu Koko|U-turn|p1a: BALLHOG\n|-damage|p1a: BALLHOG|73\/100\n|\n|t:|1700692677\n|switch|p2a: Garchomp|Garchomp, F|31\/100|[from] U-turn\n|move|p1a: BALLHOG|Stealth Rock|p2a: Garchomp\n|-sidestart|p2: Zur12|move: Stealth Rock\n|\n|-weather|Sandstorm|[upkeep]\n|-heal|p1a: BALLHOG|79\/100|[from] item: Leftovers\n|upkeep\n|turn|20\n|\n|t:|1700692687\n|move|p2a: Garchomp|Stealth Rock|p1a: BALLHOG\n|-sidestart|p1: akakPUMPKIN|move: Stealth Rock\n|move|p1a: BALLHOG|Earthquake|p2a: Garchomp\n|-damage|p2a: Garchomp|9\/100\n|\n|-weather|Sandstorm|[upkeep]\n|-heal|p1a: BALLHOG|85\/100|[from] item: Leftovers\n|upkeep\n|turn|21\n|\n|t:|1700692693\n|move|p2a: Garchomp|Earthquake|p1a: BALLHOG\n|-crit|p1a: BALLHOG\n|-damage|p1a: BALLHOG|40\/100\n|move|p1a: BALLHOG|Earthquake|p2a: Garchomp\n|-damage|p2a: Garchomp|0 fnt\n|faint|p2a: Garchomp\n|\n|-weather|Sandstorm|[upkeep]\n|-heal|p1a: BALLHOG|46\/100|[from] item: Leftovers\n|-fieldend|move: Electric Terrain\n|upkeep\n|\n|t:|1700692704\n|switch|p2a: Kartana|Kartana|100\/100\n|-damage|p2a: Kartana|94\/100|[from] Stealth Rock\n|turn|22\n|\n|t:|1700692721\n|switch|p1a: GROGNAR RUBBLE|Garganacl, F|100\/100\n|-damage|p1a: GROGNAR RUBBLE|88\/100|[from] Stealth Rock\n|move|p2a: Kartana|Smart Strike|p1a: GROGNAR RUBBLE\n|-supereffective|p1a: GROGNAR RUBBLE\n|-damage|p1a: GROGNAR RUBBLE|24\/100\n|\n|-weather|none\n|-heal|p1a: GROGNAR RUBBLE|30\/100|[from] item: Leftovers\n|upkeep\n|turn|23\n|\n|t:|1700692731\n|switch|p2a: Tapu Koko|Tapu Koko|65\/100 tox\n|-damage|p2a: Tapu Koko|52\/100 tox|[from] Stealth Rock\n|-fieldstart|move: Electric Terrain|[from] ability: Electric Surge|[of] p2a: Tapu Koko\n|switch|p1a: 7 INCH CUBANS|Toxapex, F, shiny|48\/100\n|\n|-damage|p2a: Tapu Koko|46\/100 tox|[from] psn\n|upkeep\n|turn|24\n|\n|t:|1700692735\n|move|p2a: Tapu Koko|Thunderbolt|p1a: 7 INCH CUBANS\n|-supereffective|p1a: 7 INCH CUBANS\n|-damage|p1a: 7 INCH CUBANS|0 fnt\n|faint|p1a: 7 INCH CUBANS\n|\n|-damage|p2a: Tapu Koko|34\/100 tox|[from] psn\n|upkeep\n|\n|t:|1700692738\n|switch|p1a: #8B572A|Lopunny-Mega, F|47\/100\n|-damage|p1a: #8B572A|41\/100|[from] Stealth Rock\n|turn|25\n|\n|t:|1700692742\n|switch|p2a: Moltres|Moltres|75\/100 tox\n|-damage|p2a: Moltres|25\/100 tox|[from] Stealth Rock\n|move|p1a: #8B572A|Frustration|p2a: Moltres\n|-damage|p2a: Moltres|0 fnt\n|-status|p1a: #8B572A|brn|[from] ability: Flame Body|[of] p2a: Moltres\n|faint|p2a: Moltres\n|\n|-damage|p1a: #8B572A|36\/100 brn|[from] brn\n|upkeep\n|\n|t:|1700692762\n|switch|p2a: Kartana|Kartana|94\/100\n|-damage|p2a: Kartana|88\/100|[from] Stealth Rock\n|turn|26\n|\n|t:|1700692768\n|move|p2a: Kartana|Smart Strike|p1a: #8B572A\n|-damage|p1a: #8B572A|0 fnt\n|faint|p1a: #8B572A\n|-ability|p2a: Kartana|Beast Boost|boost\n|-boost|p2a: Kartana|atk|1\n|\n|upkeep\n|-message|akakPUMPKIN forfeited.\n|\n|win|Zur12\n|n|\u2606akakPUMPKIN|akakpumpkin\n|n|\u2606Zur12|zur12\n","uploadtime":1700692774,"views":1,"p1id":"akakpumpkin","p2id":"zur12","formatid":"gen9nationaldex","rating":0,"private":0,"password":""}