{"id":"gen9nationaldex-1999764521","p1":"Maxer59","p2":"ItsAMatterOfTime","format":"[Gen 9] National Dex","log":"|html|<div class=\"broadcast-blue\"><strong>[Gen 9] National Dex is currently suspecting Sneasler! For information on how to participate check out the <a href=\"https:\/\/www.smogon.com\/forums\/threads\/sv-national-dex-suspect-8-just-dance.3731534\/\">suspect thread<\/a>.<\/strong><\/div>\n|j|\u2606Maxer59\n|j|\u2606ItsAMatterOfTime\n|t:|1701114604\n|gametype|singles\n|player|p1|Maxer59|lucas|1168\n|player|p2|ItsAMatterOfTime|doubleteam|1110\n|teamsize|p1|6\n|teamsize|p2|6\n|gen|9\n|tier|[Gen 9] National Dex\n|rated|\n|rule|HP Percentage Mod: HP is shown in percentages\n|rule|Endless Battle Clause: Forcing endless battles is banned\n|rule|OHKO Clause: OHKO moves are banned\n|rule|Evasion Clause: Evasion abilities, items, and moves are banned\n|rule|Evasion Abilities Clause: Evasion abilities are banned\n|rule|Evasion Items Clause: Evasion items are banned\n|rule|Evasion Moves Clause: Evasion moves are banned\n|rule|Species Clause: Limit one of each Pok\u00e9mon\n|rule|Sleep Clause Mod: Limit one foe put to sleep\n|clearpoke\n|poke|p1|Ninjask, F|\n|poke|p1|Shuckle, M|\n|poke|p1|Durant, M|\n|poke|p1|Vivillon, M|\n|poke|p1|Golisopod, M|\n|poke|p1|Heracross, F|\n|poke|p2|Regigigas|\n|poke|p2|Ninetales-Alola, F|\n|poke|p2|Charizard, F|\n|poke|p2|Lycanroc, F|\n|poke|p2|Tyranitar, M|\n|poke|p2|Venusaur, M|\n|teampreview\n|inactive|Battle timer is ON: inactive players will automatically lose when time's up. (requested by ItsAMatterOfTime)\n|inactive|Maxer59 also wants the timer to be on.\n|\n|t:|1701114619\n|start\n|switch|p1a: Shuckle|Shuckle, M|100\/100\n|switch|p2a: Ninetales|Ninetales-Alola, F|100\/100\n|-weather|Snow|[from] ability: Snow Warning|[of] p2a: Ninetales\n|turn|1\n|\n|t:|1701114627\n|move|p2a: Ninetales|Aurora Veil|p2a: Ninetales\n|-sidestart|p2: ItsAMatterOfTime|move: Aurora Veil\n|move|p1a: Shuckle|Infestation|p2a: Ninetales\n|-resisted|p2a: Ninetales\n|-damage|p2a: Ninetales|99\/100\n|-activate|p2a: Ninetales|move: Infestation|[of] p1a: Shuckle\n|\n|-weather|Snow|[upkeep]\n|-damage|p2a: Ninetales|88\/100|[from] move: Infestation|[partiallytrapped]\n|upkeep\n|turn|2\n|c|\u2606ItsAMatterOfTime|!weak shuckle\n|c| ItsAMatterOfTime|\/raw <div class=\"infobox\">Shuckle (ignoring abilities):<br \/><span class=\"message-effect-weak\">Weaknesses<\/span>: Rock, Steel, Water<br \/><span class=\"message-effect-resist\">Resistances<\/span>: Normal, Poison<br \/><span class=\"message-effect-immune\">Immunities<\/span>: Sandstorm damage<\/div>\n|\n|t:|1701114644\n|move|p2a: Ninetales|Moonblast|p1a: Shuckle\n|-damage|p1a: Shuckle|85\/100\n|move|p1a: Shuckle|Sticky Web|p2a: Ninetales\n|-sidestart|p2: ItsAMatterOfTime|move: Sticky Web\n|\n|-weather|Snow|[upkeep]\n|-heal|p1a: Shuckle|91\/100|[from] item: Leftovers\n|-damage|p2a: Ninetales|76\/100|[from] move: Infestation|[partiallytrapped]\n|upkeep\n|turn|3\n|c|\u2606ItsAMatterOfTime|damn it be tanky\n|\n|t:|1701114661\n|move|p2a: Ninetales|Moonblast|p1a: Shuckle\n|-damage|p1a: Shuckle|74\/100\n|-unboost|p1a: Shuckle|spa|1\n|move|p1a: Shuckle|Stealth Rock|p2a: Ninetales\n|-sidestart|p2: ItsAMatterOfTime|move: Stealth Rock\n|\n|-weather|Snow|[upkeep]\n|-heal|p1a: Shuckle|80\/100|[from] item: Leftovers\n|-damage|p2a: Ninetales|63\/100|[from] move: Infestation|[partiallytrapped]\n|upkeep\n|turn|4\n|\n|t:|1701114671\n|move|p2a: Ninetales|Blizzard|p1a: Shuckle\n|-crit|p1a: Shuckle\n|-damage|p1a: Shuckle|52\/100\n|move|p1a: Shuckle|Toxic|p2a: Ninetales\n|-status|p2a: Ninetales|tox\n|\n|-weather|Snow|[upkeep]\n|-heal|p1a: Shuckle|58\/100|[from] item: Leftovers\n|-damage|p2a: Ninetales|57\/100 tox|[from] psn\n|-damage|p2a: Ninetales|45\/100 tox|[from] move: Infestation|[partiallytrapped]\n|upkeep\n|turn|5\n|\n|t:|1701114693\n|move|p2a: Ninetales|Aurora Veil||[still]\n|-fail|p2a: Ninetales\n|move|p1a: Shuckle|Infestation|p2a: Ninetales\n|-resisted|p2a: Ninetales\n|-damage|p2a: Ninetales|45\/100 tox\n|\n|-weather|none\n|-heal|p1a: Shuckle|64\/100|[from] item: Leftovers\n|-damage|p2a: Ninetales|33\/100 tox|[from] psn\n|-end|p2a: Ninetales|Infestation|[partiallytrapped]\n|upkeep\n|turn|6\n|\n|t:|1701114706\n|switch|p2a: Tyranitar|Tyranitar, M|100\/100\n|-activate|p2a: Tyranitar|move: Sticky Web\n|-unboost|p2a: Tyranitar|spe|1\n|-damage|p2a: Tyranitar|88\/100|[from] Stealth Rock\n|-weather|Sandstorm|[from] ability: Sand Stream|[of] p2a: Tyranitar\n|move|p1a: Shuckle|Infestation|p2a: Tyranitar\n|-supereffective|p2a: Tyranitar\n|-damage|p2a: Tyranitar|88\/100\n|-activate|p2a: Tyranitar|move: Infestation|[of] p1a: Shuckle\n|\n|-weather|Sandstorm|[upkeep]\n|-heal|p1a: Shuckle|70\/100|[from] item: Leftovers\n|-damage|p2a: Tyranitar|76\/100|[from] move: Infestation|[partiallytrapped]\n|upkeep\n|turn|7\n|\n|t:|1701114723\n|move|p2a: Tyranitar|Rock Slide|p1a: Shuckle\n|-supereffective|p1a: Shuckle\n|-damage|p1a: Shuckle|23\/100\n|move|p1a: Shuckle|Toxic|p2a: Tyranitar\n|-status|p2a: Tyranitar|tox\n|\n|-weather|Sandstorm|[upkeep]\n|-heal|p1a: Shuckle|29\/100|[from] item: Leftovers\n|-damage|p2a: Tyranitar|70\/100 tox|[from] psn\n|-damage|p2a: Tyranitar|57\/100 tox|[from] move: Infestation|[partiallytrapped]\n|upkeep\n|turn|8\n|\n|t:|1701114737\n|move|p2a: Tyranitar|Rock Slide|p1a: Shuckle\n|-supereffective|p1a: Shuckle\n|-damage|p1a: Shuckle|0 fnt\n|faint|p1a: Shuckle\n|\n|-weather|Sandstorm|[upkeep]\n|-damage|p2a: Tyranitar|45\/100 tox|[from] psn\n|-end|p2a: Tyranitar|Infestation|[partiallytrapped]|[silent]\n|-sideend|p2: ItsAMatterOfTime|move: Aurora Veil\n|upkeep\n|\n|t:|1701114744\n|switch|p1a: Heracross|Heracross, F|100\/100\n|turn|9\n|\n|t:|1701114750\n|move|p1a: Heracross|Brick Break|p2a: Tyranitar\n|-supereffective|p2a: Tyranitar\n|-damage|p2a: Tyranitar|0 fnt\n|faint|p2a: Tyranitar\n|\n|-weather|Sandstorm|[upkeep]\n|-damage|p1a: Heracross|95\/100|[from] Sandstorm\n|-status|p1a: Heracross|brn|[from] item: Flame Orb\n|upkeep\n|\n|t:|1701114757\n|switch|p2a: Lycanroc|Lycanroc, F, shiny|100\/100\n|-activate|p2a: Lycanroc|move: Sticky Web\n|-unboost|p2a: Lycanroc|spe|1\n|-damage|p2a: Lycanroc|88\/100|[from] Stealth Rock\n|turn|10\n|\n|t:|1701114764\n|-zpower|p2a: Lycanroc\n|move|p2a: Lycanroc|Splintered Stormshards|p1a: Heracross|[zeffect]\n|-damage|p1a: Heracross|0 fnt\n|faint|p1a: Heracross\n|\n|-weather|none\n|upkeep\n|\n|t:|1701114782\n|switch|p1a: Durant|Durant, M|100\/100\n|turn|11\n|c|\u2606ItsAMatterOfTime|!weak durant\n|c| ItsAMatterOfTime|\/raw <div class=\"infobox\">Durant (ignoring abilities):<br \/><span class=\"message-effect-weak\">Weaknesses<\/span>: <b>Fire<\/b><br \/><span class=\"message-effect-resist\">Resistances<\/span>: Bug, Dragon, Fairy, <b>Grass<\/b>, Ice, Normal, Psychic, Steel<br \/><span class=\"message-effect-immune\">Immunities<\/span>: Poison, Sandstorm damage, Toxic<\/div>\n|\n|t:|1701114795\n|move|p1a: Durant|Iron Head|p2a: Lycanroc\n|-supereffective|p2a: Lycanroc\n|-damage|p2a: Lycanroc|0 fnt\n|faint|p2a: Lycanroc\n|\n|upkeep\n|\n|t:|1701114799\n|switch|p2a: Charizard|Charizard, F|100\/100\n|-damage|p2a: Charizard|51\/100|[from] Stealth Rock\n|turn|12\n|\n|t:|1701114825\n|switch|p1a: Ninjask|Ninjask, F|100\/100\n|detailschange|p2a: Charizard|Charizard-Mega-Y, F\n|-mega|p2a: Charizard|Charizard|Charizardite Y\n|-weather|SunnyDay|[from] ability: Drought|[of] p2a: Charizard\n|move|p2a: Charizard|Blaze Kick|p1a: Ninjask|[miss]\n|-miss|p2a: Charizard|p1a: Ninjask\n|\n|-weather|SunnyDay|[upkeep]\n|upkeep\n|turn|13\n|\n|t:|1701114834\n|move|p1a: Ninjask|Swords Dance|p1a: Ninjask\n|-boost|p1a: Ninjask|atk|2\n|move|p2a: Charizard|Blaze Kick|p1a: Ninjask\n|-supereffective|p1a: Ninjask\n|-enditem|p1a: Ninjask|Focus Sash\n|-damage|p1a: Ninjask|1\/100\n|-status|p1a: Ninjask|brn\n|\n|-weather|SunnyDay|[upkeep]\n|-damage|p1a: Ninjask|0 fnt|[from] brn\n|faint|p1a: Ninjask\n|upkeep\n|\n|t:|1701114849\n|switch|p1a: Golisopod|Golisopod, M|100\/100\n|turn|14\n|c|\u2606ItsAMatterOfTime|!weak golisopod\n|c| ItsAMatterOfTime|\/raw <div class=\"infobox\">Golisopod (ignoring abilities):<br \/><span class=\"message-effect-weak\">Weaknesses<\/span>: Electric, Flying, Rock<br \/><span class=\"message-effect-resist\">Resistances<\/span>: Fighting, Ground, Ice, Steel, Water<br \/><span class=\"message-effect-immune\">Immunities<\/span>: <font color=#999999>None<\/font><\/div>\n|\n|t:|1701114861\n|switch|p2a: Venusaur|Venusaur, M|100\/100\n|-activate|p2a: Venusaur|move: Sticky Web\n|-unboost|p2a: Venusaur|spe|1\n|-damage|p2a: Venusaur|88\/100|[from] Stealth Rock\n|move|p1a: Golisopod|Aqua Jet|p2a: Venusaur\n|-resisted|p2a: Venusaur\n|-damage|p2a: Venusaur|82\/100\n|\n|-weather|SunnyDay|[upkeep]\n|upkeep\n|turn|15\n|\n|t:|1701114880\n|switch|p1a: Durant|Durant, M|100\/100\n|move|p2a: Venusaur|Solar Beam||[still]\n|-prepare|p2a: Venusaur|Solar Beam\n|-anim|p2a: Venusaur|Solar Beam|p1a: Durant\n|-resisted|p1a: Durant\n|-damage|p1a: Durant|67\/100\n|\n|-weather|SunnyDay|[upkeep]\n|upkeep\n|turn|16\n|\n|t:|1701114898\n|move|p1a: Durant|X-Scissor|p2a: Venusaur|[miss]\n|-miss|p1a: Durant|p2a: Venusaur\n|move|p2a: Venusaur|Weather Ball|p1a: Durant\n|-supereffective|p1a: Durant\n|-damage|p1a: Durant|0 fnt\n|faint|p1a: Durant\n|\n|-weather|none\n|upkeep\n|\n|t:|1701114905\n|switch|p1a: Vivillon|Vivillon, M|100\/100\n|turn|17\n|\n|t:|1701114912\n|move|p1a: Vivillon|Hurricane|p2a: Venusaur\n|-supereffective|p2a: Venusaur\n|-damage|p2a: Venusaur|0 fnt\n|faint|p2a: Venusaur\n|\n|upkeep\n|c|\u2606ItsAMatterOfTime|!weak vivillon\n|c| ItsAMatterOfTime|\/raw <div class=\"infobox\">Vivillon (ignoring abilities):<br \/><span class=\"message-effect-weak\">Weaknesses<\/span>: Electric, Fire, Flying, Ice, <b>Rock<\/b><br \/><span class=\"message-effect-resist\">Resistances<\/span>: Bug, <b>Fighting<\/b>, <b>Grass<\/b><br \/><span class=\"message-effect-immune\">Immunities<\/span>: Ground<\/div>\n|\n|t:|1701114923\n|switch|p2a: Ninetales|Ninetales-Alola, F|33\/100 tox\n|-activate|p2a: Ninetales|move: Sticky Web\n|-unboost|p2a: Ninetales|spe|1\n|-damage|p2a: Ninetales|8\/100 tox|[from] Stealth Rock\n|-weather|Snow|[from] ability: Snow Warning|[of] p2a: Ninetales\n|turn|18\n|\n|t:|1701114932\n|switch|p1a: Golisopod|Golisopod, M|100\/100\n|move|p2a: Ninetales|Aurora Veil|p2a: Ninetales\n|-sidestart|p2: ItsAMatterOfTime|move: Aurora Veil\n|\n|-weather|Snow|[upkeep]\n|-damage|p2a: Ninetales|2\/100 tox|[from] psn\n|upkeep\n|turn|19\n|\n|t:|1701114945\n|move|p1a: Golisopod|First Impression|p2a: Ninetales\n|-resisted|p2a: Ninetales\n|-damage|p2a: Ninetales|0 fnt\n|faint|p2a: Ninetales\n|\n|-weather|Snow|[upkeep]\n|upkeep\n|\n|t:|1701114952\n|switch|p2a: Regigigas|Regigigas|100\/100\n|-activate|p2a: Regigigas|move: Sticky Web\n|-unboost|p2a: Regigigas|spe|1\n|-damage|p2a: Regigigas|88\/100|[from] Stealth Rock\n|-start|p2a: Regigigas|ability: Slow Start\n|turn|20\n|c|\u2606ItsAMatterOfTime|!weak golisopod\n|c| ItsAMatterOfTime|\/raw <div class=\"infobox\">Golisopod (ignoring abilities):<br \/><span class=\"message-effect-weak\">Weaknesses<\/span>: Electric, Flying, Rock<br \/><span class=\"message-effect-resist\">Resistances<\/span>: Fighting, Ground, Ice, Steel, Water<br \/><span class=\"message-effect-immune\">Immunities<\/span>: <font color=#999999>None<\/font><\/div>\n|\n|t:|1701114976\n|-terastallize|p2a: Regigigas|Electric\n|move|p1a: Golisopod|Razor Shell|p2a: Regigigas\n|-damage|p2a: Regigigas|75\/100\n|move|p2a: Regigigas|Heat Crash|p1a: Golisopod\n|-damage|p1a: Golisopod|88\/100\n|\n|-weather|Snow|[upkeep]\n|upkeep\n|turn|21\n|\n|t:|1701114989\n|move|p1a: Golisopod|Razor Shell|p2a: Regigigas\n|-damage|p2a: Regigigas|61\/100\n|-unboost|p2a: Regigigas|def|1\n|move|p2a: Regigigas|Heat Crash|p1a: Golisopod\n|-damage|p1a: Golisopod|75\/100\n|\n|-weather|Snow|[upkeep]\n|upkeep\n|turn|22\n|\n|t:|1701114998\n|move|p1a: Golisopod|Razor Shell|p2a: Regigigas\n|-damage|p2a: Regigigas|39\/100\n|move|p2a: Regigigas|Heat Crash|p1a: Golisopod\n|-damage|p1a: Golisopod|62\/100\n|\n|-weather|none\n|upkeep\n|turn|23\n|\n|t:|1701115005\n|move|p1a: Golisopod|Razor Shell|p2a: Regigigas\n|-damage|p2a: Regigigas|19\/100\n|-unboost|p2a: Regigigas|def|1\n|move|p2a: Regigigas|Rest|p2a: Regigigas\n|-status|p2a: Regigigas|slp|[from] move: Rest\n|-heal|p2a: Regigigas|100\/100 slp|[silent]\n|-enditem|p2a: Regigigas|Chesto Berry|[eat]\n|-curestatus|p2a: Regigigas|slp|[msg]\n|\n|upkeep\n|turn|24\n|\n|t:|1701115015\n|move|p1a: Golisopod|Razor Shell|p2a: Regigigas\n|-damage|p2a: Regigigas|71\/100\n|-unboost|p2a: Regigigas|def|1\n|move|p2a: Regigigas|Heat Crash|p1a: Golisopod\n|-damage|p1a: Golisopod|49\/100\n|-activate|p1a: Golisopod|ability: Emergency Exit\n|\n|t:|1701115024\n|switch|p1a: Vivillon|Vivillon, M|100\/100\n|\n|-end|p2a: Regigigas|Slow Start\n|upkeep\n|turn|25\n|\n|t:|1701115031\n|move|p1a: Vivillon|Sleep Powder|p2a: Regigigas\n|-status|p2a: Regigigas|slp|[from] move: Sleep Powder\n|cant|p2a: Regigigas|slp\n|\n|-sideend|p2: ItsAMatterOfTime|move: Aurora Veil\n|upkeep\n|turn|26\n|c|\u2606ItsAMatterOfTime|damn\n|\n|t:|1701115044\n|switch|p1a: Golisopod|Golisopod, M|49\/100\n|-curestatus|p2a: Regigigas|slp|[msg]\n|move|p2a: Regigigas|Heat Crash|p1a: Golisopod\n|-damage|p1a: Golisopod|24\/100\n|\n|upkeep\n|turn|27\n|c|\u2606ItsAMatterOfTime|i just removed sleep talk from it\n|c|\u2606ItsAMatterOfTime|oh that works\n|\n|t:|1701115055\n|-terastallize|p1a: Golisopod|Bug\n|move|p1a: Golisopod|First Impression|p2a: Regigigas\n|-damage|p2a: Regigigas|0 fnt\n|faint|p2a: Regigigas\n|-end|p2a: Regigigas|Slow Start|[silent]\n|\n|upkeep\n|c|\u2606ItsAMatterOfTime|!data first impression\n|raw|<ul class=\"utilichart\"><li class=\"result\"><span class=\"col movenamecol\"><a href=\"https:\/\/dex.pokemonshowdown.com\/moves\/firstimpression\">First Impression<\/a><\/span> <span class=\"col typecol\"><img src=\"\/\/play.pokemonshowdown.com\/sprites\/types\/Bug.png\" alt=\"Bug\" width=\"32\" height=\"14\"><img src=\"\/\/play.pokemonshowdown.com\/sprites\/categories\/Physical.png\" alt=\"Physical\" width=\"32\" height=\"14\"><\/span> <span class=\"col labelcol\"><em>Power<\/em><br>90<\/span> <span class=\"col widelabelcol\"><em>Accuracy<\/em><br>100%<\/span> <span class=\"col pplabelcol\"><em>PP<\/em><br>16<\/span> <span class=\"col movedesccol\">Hits first. First turn out only.<\/span> <\/li><li style=\"clear:both\"><\/li><\/ul>\n\n|\n|t:|1701115066\n|switch|p2a: Charizard|Charizard-Mega-Y, F|51\/100\n|-damage|p2a: Charizard|1\/100|[from] Stealth Rock\n|-weather|SunnyDay|[from] ability: Drought|[of] p2a: Charizard\n|turn|28\n|c|\u2606ItsAMatterOfTime|!weak golisopod\n|c| ItsAMatterOfTime|\/raw <div class=\"infobox\">Golisopod (ignoring abilities):<br \/><span class=\"message-effect-weak\">Weaknesses<\/span>: Electric, Flying, Rock<br \/><span class=\"message-effect-resist\">Resistances<\/span>: Fighting, Ground, Ice, Steel, Water<br \/><span class=\"message-effect-immune\">Immunities<\/span>: <font color=#999999>None<\/font><\/div>\n|\n|t:|1701115095\n|move|p1a: Golisopod|Aqua Jet|p2a: Charizard\n|-supereffective|p2a: Charizard\n|-damage|p2a: Charizard|0 fnt\n|faint|p2a: Charizard\n|\n|win|Maxer59\n|raw|Maxer59's rating: 1168 &rarr; <strong>1189<\/strong><br \/>(+21 for winning)\n|raw|ItsAMatterOfTime's rating: 1110 &rarr; <strong>1089<\/strong><br \/>(-21 for losing)\n|c|\u2606ItsAMatterOfTime|gg\n|l|\u2606ItsAMatterOfTime\n","uploadtime":1701115120,"views":7,"p1id":"maxer59","p2id":"itsamatteroftime","formatid":"gen9nationaldex","rating":1089,"private":0,"password":""}