{"id":"gen9nationaldex-1998503850","p1":"projectLimestone","p2":"LordGoruta","format":"[Gen 9] National Dex","log":"|html|<div class=\"broadcast-blue\"><strong>[Gen 9] National Dex is currently suspecting Sneasler! For information on how to participate check out the <a href=\"https:\/\/www.smogon.com\/forums\/threads\/sv-national-dex-suspect-8-just-dance.3731534\/\">suspect thread<\/a>.<\/strong><\/div>\n|j|\u2606projectLimestone\n|j|\u2606LordGoruta\n|t:|1700949775\n|gametype|singles\n|player|p1|projectLimestone|2|1240\n|player|p2|LordGoruta|eusine|1308\n|teamsize|p1|6\n|teamsize|p2|6\n|gen|9\n|tier|[Gen 9] National Dex\n|rated|\n|rule|HP Percentage Mod: HP is shown in percentages\n|rule|Endless Battle Clause: Forcing endless battles is banned\n|rule|OHKO Clause: OHKO moves are banned\n|rule|Evasion Clause: Evasion abilities, items, and moves are banned\n|rule|Evasion Abilities Clause: Evasion abilities are banned\n|rule|Evasion Items Clause: Evasion items are banned\n|rule|Evasion Moves Clause: Evasion moves are banned\n|rule|Species Clause: Limit one of each Pok\u00e9mon\n|rule|Sleep Clause Mod: Limit one foe put to sleep\n|clearpoke\n|poke|p1|Medicham, M|\n|poke|p1|Ferrothorn, M|\n|poke|p1|Tapu Koko|\n|poke|p1|Iron Moth|\n|poke|p1|Landorus-Therian, M|\n|poke|p1|Alomomola, L99, M|\n|poke|p2|Cottonee, F|\n|poke|p2|Torterra, M|\n|poke|p2|Aurorus, M|\n|poke|p2|Beedrill, M|\n|poke|p2|Victini|\n|poke|p2|Haxorus, F|\n|teampreview\n|\n|t:|1700949808\n|start\n|switch|p1a: Medicham|Medicham, M|100\/100\n|switch|p2a: Aurorus|Aurorus, M, shiny|100\/100\n|-weather|Snow|[from] ability: Snow Warning|[of] p2a: Aurorus\n|turn|1\n|\n|t:|1700949813\n|switch|p2a: Cottonee|Cottonee, F|100\/100\n|detailschange|p1a: Medicham|Medicham-Mega, M\n|-mega|p1a: Medicham|Medicham|Medichamite\n|move|p1a: Medicham|Fake Out|p2a: Cottonee\n|-damage|p2a: Cottonee|72\/100\n|\n|-weather|Snow|[upkeep]\n|upkeep\n|turn|2\n|\n|t:|1700949827\n|switch|p1a: Ferrothorn|Ferrothorn, M|100\/100\n|move|p2a: Cottonee|Encore||[still]\n|-fail|p2a: Cottonee\n|\n|-weather|Snow|[upkeep]\n|upkeep\n|turn|3\n|\n|t:|1700949830\n|move|p2a: Cottonee|Taunt|p1a: Ferrothorn\n|-start|p1a: Ferrothorn|move: Taunt\n|move|p1a: Ferrothorn|Gyro Ball|p2a: Cottonee\n|-supereffective|p2a: Cottonee\n|-damage|p2a: Cottonee|0 fnt\n|faint|p2a: Cottonee\n|\n|-weather|Snow|[upkeep]\n|upkeep\n|\n|t:|1700949835\n|switch|p2a: Aurorus|Aurorus, M, shiny|100\/100\n|turn|4\n|\n|t:|1700949840\n|move|p2a: Aurorus|Aurora Veil|p2a: Aurorus\n|-sidestart|p2: LordGoruta|move: Aurora Veil\n|move|p1a: Ferrothorn|Gyro Ball|p2a: Aurorus\n|-supereffective|p2a: Aurorus\n|-damage|p2a: Aurorus|68\/100\n|\n|-weather|Snow|[upkeep]\n|upkeep\n|turn|5\n|\n|t:|1700949844\n|move|p2a: Aurorus|Stealth Rock|p1a: Ferrothorn\n|-sidestart|p1: projectLimestone|move: Stealth Rock\n|move|p1a: Ferrothorn|Knock Off|p2a: Aurorus\n|-damage|p2a: Aurorus|62\/100\n|-enditem|p2a: Aurorus|Light Clay|[from] move: Knock Off|[of] p1a: Ferrothorn\n|\n|-weather|none\n|-end|p1a: Ferrothorn|move: Taunt\n|upkeep\n|turn|6\n|\n|t:|1700949857\n|move|p1a: Ferrothorn|Spikes|p2a: Aurorus\n|-sidestart|p2: LordGoruta|Spikes\n|move|p2a: Aurorus|Roar|p1a: Ferrothorn\n|drag|p1a: Tapu Koko|Tapu Koko|100\/100\n|-fieldstart|move: Electric Terrain|[from] ability: Electric Surge|[of] p1a: Tapu Koko\n|\n|upkeep\n|turn|7\n|\n|t:|1700949862\n|move|p1a: Tapu Koko|Volt Switch|p2a: Aurorus\n|-damage|p2a: Aurorus|48\/100\n|\n|t:|1700949865\n|switch|p1a: Ferrothorn|Ferrothorn, M|100\/100|[from] Volt Switch\n|-damage|p1a: Ferrothorn|95\/100|[from] Stealth Rock\n|move|p2a: Aurorus|Roar|p1a: Ferrothorn\n|drag|p1a: Iron Moth|Iron Moth|100\/100\n|-activate|p1a: Iron Moth|ability: Quark Drive\n|-start|p1a: Iron Moth|quarkdrivespe\n|\n|upkeep\n|turn|8\n|\n|t:|1700949872\n|-end|p1a: Iron Moth|Quark Drive|[silent]\n|switch|p1a: Ferrothorn|Ferrothorn, M|95\/100\n|-damage|p1a: Ferrothorn|89\/100|[from] Stealth Rock\n|move|p2a: Aurorus|Roar|p1a: Ferrothorn\n|drag|p1a: Iron Moth|Iron Moth|100\/100\n|-activate|p1a: Iron Moth|ability: Quark Drive\n|-start|p1a: Iron Moth|quarkdrivespe\n|\n|upkeep\n|turn|9\n|\n|t:|1700949890\n|-end|p1a: Iron Moth|Quark Drive|[silent]\n|switch|p1a: Ferrothorn|Ferrothorn, M|89\/100\n|-damage|p1a: Ferrothorn|83\/100|[from] Stealth Rock\n|move|p2a: Aurorus|Roar|p1a: Ferrothorn\n|drag|p1a: Alomomola|Alomomola, L99, M|100\/100\n|\n|upkeep\n|turn|10\n|\n|t:|1700949897\n|move|p2a: Aurorus|Freeze-Dry|p1a: Alomomola\n|-supereffective|p1a: Alomomola\n|-damage|p1a: Alomomola|63\/100\n|move|p1a: Alomomola|Wish|p1a: Alomomola\n|\n|-fieldend|move: Electric Terrain\n|upkeep\n|turn|11\n|\n|t:|1700949902\n|switch|p1a: Ferrothorn|Ferrothorn, M|83\/100\n|-damage|p1a: Ferrothorn|77\/100|[from] Stealth Rock\n|move|p2a: Aurorus|Freeze-Dry|p1a: Ferrothorn\n|-damage|p1a: Ferrothorn|57\/100\n|\n|-heal|p1a: Ferrothorn|100\/100|[from] move: Wish|[wisher] Alomomola\n|-sideend|p2: LordGoruta|move: Aurora Veil\n|upkeep\n|turn|12\n|\n|t:|1700949908\n|switch|p2a: I hate this one|Victini|100\/100\n|-damage|p2a: I hate this one|88\/100|[from] Spikes\n|move|p1a: Ferrothorn|Gyro Ball|p2a: I hate this one\n|-resisted|p2a: I hate this one\n|-damage|p2a: I hate this one|62\/100\n|\n|upkeep\n|turn|13\n|\n|t:|1700949913\n|switch|p1a: Alomomola|Alomomola, L99, M|96\/100\n|-zpower|p2a: I hate this one\n|move|p2a: I hate this one|Z-Celebrate|p2a: I hate this one|[anim]Celebrate\n|-boost|p2a: I hate this one|atk|1|[zeffect]\n|-boost|p2a: I hate this one|def|1|[zeffect]\n|-boost|p2a: I hate this one|spa|1|[zeffect]\n|-boost|p2a: I hate this one|spd|1|[zeffect]\n|-boost|p2a: I hate this one|spe|1|[zeffect]\n|-activate|p2a: I hate this one|move: Celebrate\n|\n|upkeep\n|turn|14\n|\n|t:|1700949918\n|move|p2a: I hate this one|Charge Beam|p1a: Alomomola\n|-supereffective|p1a: Alomomola\n|-damage|p1a: Alomomola|54\/100\n|-boost|p2a: I hate this one|spa|1\n|move|p1a: Alomomola|Flip Turn|p2a: I hate this one\n|-supereffective|p2a: I hate this one\n|-crit|p2a: I hate this one\n|-damage|p2a: I hate this one|15\/100\n|\n|t:|1700949922\n|switch|p1a: Medicham|Medicham-Mega, M|100\/100|[from] Flip Turn\n|-damage|p1a: Medicham|94\/100|[from] Stealth Rock\n|\n|upkeep\n|turn|15\n|\n|t:|1700949924\n|move|p1a: Medicham|Fake Out|p2a: I hate this one\n|-damage|p2a: I hate this one|0 fnt\n|faint|p2a: I hate this one\n|\n|upkeep\n|\n|t:|1700949927\n|switch|p2a: Haxorus|Haxorus, F|100\/100\n|-damage|p2a: Haxorus|88\/100|[from] Spikes\n|-ability|p2a: Haxorus|Mold Breaker\n|turn|16\n|\n|t:|1700949939\n|move|p1a: Medicham|Ice Punch|p2a: Haxorus\n|-supereffective|p2a: Haxorus\n|-damage|p2a: Haxorus|0 fnt\n|faint|p2a: Haxorus\n|\n|upkeep\n|-message|LordGoruta forfeited.\n|\n|win|projectLimestone\n|raw|projectLimestone's rating: 1240 &rarr; <strong>1270<\/strong><br \/>(+30 for winning)\n|raw|LordGoruta's rating: 1308 &rarr; <strong>1284<\/strong><br \/>(-24 for losing)\n|l|\u2606LordGoruta\n|l|\u2606projectLimestone\n","uploadtime":1700950224,"views":1,"p1id":"projectlimestone","p2id":"lordgoruta","formatid":"gen9nationaldex","rating":1270,"private":0,"password":""}