{"id":"gen9nationaldex-1990099481","p1":"NDUU9SCRN PugGud","p2":"coolmanbestguy123","format":"[Gen 9] National Dex","log":"|j|\u2606NDUU9SCRN PugGud\n|j|\u2606coolmanbestguy123\n|inactive|Battle timer is ON: inactive players will automatically lose when time's up.\n|t:|1699924460\n|gametype|singles\n|player|p1|NDUU9SCRN PugGud|ash-kalos|\n|player|p2|coolmanbestguy123|volo|\n|teamsize|p1|6\n|teamsize|p2|6\n|gen|9\n|tier|[Gen 9] National Dex\n|rated|Tournament battle\n|rule|HP Percentage Mod: HP is shown in percentages\n|rule|Endless Battle Clause: Forcing endless battles is banned\n|rule|OHKO Clause: OHKO moves are banned\n|rule|Evasion Clause: Evasion abilities, items, and moves are banned\n|rule|Evasion Abilities Clause: Evasion abilities are banned\n|rule|Evasion Items Clause: Evasion items are banned\n|rule|Evasion Moves Clause: Evasion moves are banned\n|rule|Species Clause: Limit one of each Pok\u00e9mon\n|rule|Sleep Clause Mod: Limit one foe put to sleep\n|clearpoke\n|poke|p1|Ribombee, F|\n|poke|p1|Ogerpon-Wellspring, F|\n|poke|p1|Tapu Lele|\n|poke|p1|Zacian-*|\n|poke|p1|Dragonite, M|\n|poke|p1|Sneasler, F|\n|poke|p2|Ogerpon-Wellspring, F|\n|poke|p2|Dragonite, F|\n|poke|p2|Sneasler, F|\n|poke|p2|Zacian-*|\n|poke|p2|Glimmora, F|\n|poke|p2|Blaziken, M|\n|teampreview\n|inactive|NDUU9SCRN PugGud also wants the timer to be on.\n|inactive|coolmanbestguy123 also wants the timer to be on.\n|\n|t:|1699924487\n|start\n|switch|p1a: Ribombee|Ribombee, F|100\/100\n|switch|p2a: Zacian|Zacian-Crowned|100\/100\n|-ability|p2a: Zacian|Intrepid Sword|boost\n|-boost|p2a: Zacian|atk|1\n|turn|1\n|\n|t:|1699924512\n|move|p2a: Zacian|Behemoth Blade|p1a: Ribombee\n|-supereffective|p1a: Ribombee\n|-enditem|p1a: Ribombee|Focus Sash\n|-damage|p1a: Ribombee|1\/100\n|move|p1a: Ribombee|Stun Spore|p2a: Zacian\n|-status|p2a: Zacian|par\n|\n|upkeep\n|turn|2\n|\n|t:|1699924521\n|move|p1a: Ribombee|Sticky Web|p2a: Zacian\n|-sidestart|p2: coolmanbestguy123|move: Sticky Web\n|move|p2a: Zacian|Behemoth Blade|p1a: Ribombee\n|-supereffective|p1a: Ribombee\n|-damage|p1a: Ribombee|0 fnt\n|faint|p1a: Ribombee\n|\n|upkeep\n|\n|t:|1699924529\n|switch|p1a: Dragonite|Dragonite, M|100\/100\n|turn|3\n|\n|t:|1699924532\n|move|p1a: Dragonite|Earthquake|p2a: Zacian\n|-supereffective|p2a: Zacian\n|-damage|p2a: Zacian|33\/100 par\n|move|p2a: Zacian|Play Rough|p1a: Dragonite\n|-supereffective|p1a: Dragonite\n|-damage|p1a: Dragonite|17\/100\n|\n|upkeep\n|turn|4\n|\n|t:|1699924536\n|move|p1a: Dragonite|Earthquake|p2a: Zacian\n|-supereffective|p2a: Zacian\n|-damage|p2a: Zacian|0 fnt\n|faint|p2a: Zacian\n|\n|upkeep\n|\n|t:|1699924543\n|switch|p2a: plug|Glimmora, F|100\/100\n|-activate|p2a: plug|move: Sticky Web\n|-unboost|p2a: plug|spe|1\n|turn|5\n|\n|t:|1699924548\n|switch|p1a: Zacian|Zacian-Crowned|100\/100\n|-ability|p1a: Zacian|Intrepid Sword|boost\n|-boost|p1a: Zacian|atk|1\n|move|p2a: plug|Mortal Spin|p1a: Zacian\n|-immune|p1a: Zacian\n|\n|upkeep\n|turn|6\n|\n|t:|1699924552\n|move|p1a: Zacian|Behemoth Blade|p2a: plug\n|-supereffective|p2a: plug\n|-enditem|p2a: plug|Focus Sash\n|-damage|p2a: plug|1\/100\n|-activate|p2a: plug|ability: Toxic Debris\n|-sidestart|p1: NDUU9SCRN PugGud|move: Toxic Spikes\n|move|p2a: plug|Earth Power|p1a: Zacian\n|-supereffective|p1a: Zacian\n|-damage|p1a: Zacian|38\/100\n|\n|upkeep\n|turn|7\n|\n|t:|1699924568\n|switch|p2a: thy end is now|Sneasler, F|100\/100\n|-item|p2a: thy end is now|Air Balloon\n|move|p1a: Zacian|Play Rough|p2a: thy end is now\n|-damage|p2a: thy end is now|0 fnt\n|-enditem|p2a: thy end is now|Air Balloon\n|faint|p2a: thy end is now\n|\n|upkeep\n|j| Potatofromsinnoh\n|\n|t:|1699924579\n|switch|p2a: Da Biggest D|Dragonite, F|100\/100\n|turn|8\n|\n|t:|1699924582\n|move|p1a: Zacian|Play Rough|p2a: Da Biggest D\n|-supereffective|p2a: Da Biggest D\n|-damage|p2a: Da Biggest D|11\/100\n|move|p2a: Da Biggest D|Earthquake|p1a: Zacian\n|-supereffective|p1a: Zacian\n|-damage|p1a: Zacian|0 fnt\n|faint|p1a: Zacian\n|\n|upkeep\n|\n|t:|1699924597\n|switch|p1a: Dragonite|Dragonite, M|17\/100\n|turn|9\n|c| Potatofromsinnoh|it so over zacian bros\n|j| Oculars\u2655\n|c| Potatofromsinnoh|joever one might say\n|c| Oculars\u2655|no ditto\n|c| Oculars\u2655|suprised\n|j| Toxic Ariados\n|\n|t:|1699924619\n|move|p2a: Da Biggest D|Extreme Speed|p1a: Dragonite\n|-damage|p1a: Dragonite|0 fnt\n|faint|p1a: Dragonite\n|\n|upkeep\n|c| Potatofromsinnoh|OOOOO\n|\n|t:|1699924628\n|switch|p1a: Sneasler|Sneasler, F|100\/100\n|-sideend|p1: NDUU9SCRN PugGud|move: Toxic Spikes|[of] p1a: Sneasler\n|turn|10\n|c| Potatofromsinnoh|skilled play\n|\n|t:|1699924634\n|switch|p1a: Tapu Lele|Tapu Lele|100\/100\n|-fieldstart|move: Psychic Terrain|[from] ability: Psychic Surge|[of] p1a: Tapu Lele\n|move|p2a: Da Biggest D|Extreme Speed|p1a: Tapu Lele\n|-activate|p1a: Tapu Lele|move: Psychic Terrain\n|\n|upkeep\n|turn|11\n|c| Potatofromsinnoh|greatest play of all time\n|c|\u2606coolmanbestguy123|i should have eqed\n|\n|t:|1699924644\n|move|p1a: Tapu Lele|Psychic|p2a: Da Biggest D\n|-damage|p2a: Da Biggest D|0 fnt\n|faint|p2a: Da Biggest D\n|\n|upkeep\n|c| Oculars\u2655|ez shamone\n|\n|t:|1699924647\n|switch|p2a: Its Oger|Ogerpon-Wellspring, F|100\/100\n|-activate|p2a: Its Oger|move: Sticky Web\n|-unboost|p2a: Its Oger|spe|1\n|turn|12\n|c| Potatofromsinnoh|shouldve dd\n|\n|t:|1699924652\n|-terastallize|p1a: Tapu Lele|Psychic\n|move|p1a: Tapu Lele|Psychic|p2a: Its Oger\n|-crit|p2a: Its Oger\n|-damage|p2a: Its Oger|0 fnt\n|faint|p2a: Its Oger\n|\n|upkeep\n|c|\u2606coolmanbestguy123|honestly deserved after last game\n|\n|t:|1699924668\n|switch|p2a: plug|Glimmora, F|1\/100\n|-activate|p2a: plug|move: Sticky Web\n|-unboost|p2a: plug|spe|1\n|turn|13\n|\n|t:|1699924671\n|move|p1a: Tapu Lele|Psychic|p2a: plug\n|-supereffective|p2a: plug\n|-damage|p2a: plug|0 fnt\n|faint|p2a: plug\n|\n|upkeep\n|c| Potatofromsinnoh|was that a roll without crit?\n|\n|t:|1699924673\n|switch|p2a: KFC|Blaziken, M|100\/100\n|-activate|p2a: KFC|move: Sticky Web\n|-unboost|p2a: KFC|spe|1\n|turn|14\n|\n|t:|1699924677\n|move|p2a: KFC|Protect|p2a: KFC\n|-singleturn|p2a: KFC|Protect\n|move|p1a: Tapu Lele|Psychic|p2a: KFC\n|-activate|p2a: KFC|move: Protect\n|\n|-fieldend|move: Psychic Terrain\n|-ability|p2a: KFC|Speed Boost|boost\n|-boost|p2a: KFC|spe|1\n|upkeep\n|turn|15\n|\n|t:|1699924686\n|move|p1a: Tapu Lele|Psychic|p2a: KFC\n|-supereffective|p2a: KFC\n|-damage|p2a: KFC|0 fnt\n|faint|p2a: KFC\n|\n|win|NDUU9SCRN PugGud\n|n|\u2606NDUU9SCRN PugGud|nduu9scrnpuggud\n|n|\u2606coolmanbestguy123|coolmanbestguy123\n|n| Potatofromsinnoh|potatofromsinnoh\n|n| Oculars\u2655|oculars\n|n| Toxic Ariados|toxicariados\n","uploadtime":1699924699,"views":5,"p1id":"nduu9scrnpuggud","p2id":"coolmanbestguy123","formatid":"gen9nationaldex","rating":0,"private":0,"password":""}