{"id":"gen9nationaldex-1996755248","p1":"celax","p2":"Reivya","format":"[Gen 9] National Dex","log":"|html|<div class=\"broadcast-blue\"><strong>[Gen 9] National Dex is currently suspecting Sneasler! For information on how to participate check out the <a href=\"https:\/\/www.smogon.com\/forums\/threads\/sv-national-dex-suspect-8-just-dance.3731534\/\">suspect thread<\/a>.<\/strong><\/div>\n|j|\u2606celax\n|j|\u2606Reivya\n|t:|1700719722\n|gametype|singles\n|player|p1|celax|101|1075\n|player|p2|Reivya|pokemonbreederf-gen4|1117\n|teamsize|p1|6\n|teamsize|p2|6\n|gen|9\n|tier|[Gen 9] National Dex\n|rated|\n|rule|HP Percentage Mod: HP is shown in percentages\n|rule|Endless Battle Clause: Forcing endless battles is banned\n|rule|OHKO Clause: OHKO moves are banned\n|rule|Evasion Clause: Evasion abilities, items, and moves are banned\n|rule|Evasion Abilities Clause: Evasion abilities are banned\n|rule|Evasion Items Clause: Evasion items are banned\n|rule|Evasion Moves Clause: Evasion moves are banned\n|rule|Species Clause: Limit one of each Pok\u00e9mon\n|rule|Sleep Clause Mod: Limit one foe put to sleep\n|clearpoke\n|poke|p1|Mawile, M|\n|poke|p1|Marowak-Alola, F|\n|poke|p1|Hatterene, F|\n|poke|p1|Cresselia, F|\n|poke|p1|Porygon2|\n|poke|p1|Ursaluna, F|\n|poke|p2|Gardevoir, F|\n|poke|p2|Lopunny, F|\n|poke|p2|Tsareena, F|\n|poke|p2|Gothitelle, F|\n|poke|p2|Lilligant, F|\n|poke|p2|Vaporeon, F|\n|teampreview\n|c|\u2606Reivya|glhf\n|\n|t:|1700719737\n|start\n|switch|p1a: Hatterene|Hatterene, F|100\/100\n|switch|p2a: Tsareena|Tsareena, F|100\/100\n|turn|1\n|\n|t:|1700719765\n|move|p2a: Tsareena|Knock Off|p1a: Hatterene\n|-damage|p1a: Hatterene|59\/100\n|-enditem|p1a: Hatterene|Focus Sash|[from] move: Knock Off|[of] p2a: Tsareena\n|move|p1a: Hatterene|Trick Room|p1a: Hatterene\n|-fieldstart|move: Trick Room|[of] p1a: Hatterene\n|\n|upkeep\n|turn|2\n|\n|t:|1700719783\n|switch|p2a: Vaporeon|Vaporeon, F|100\/100\n|move|p1a: Hatterene|Mystical Fire|p2a: Vaporeon\n|-resisted|p2a: Vaporeon\n|-damage|p2a: Vaporeon|88\/100\n|-unboost|p2a: Vaporeon|spa|1\n|\n|-heal|p2a: Vaporeon|95\/100|[from] item: Leftovers\n|upkeep\n|turn|3\n|\n|t:|1700719796\n|switch|p1a: Mawile|Mawile, M|100\/100\n|-ability|p1a: Mawile|Intimidate|boost\n|-unboost|p2a: Vaporeon|atk|1\n|move|p2a: Vaporeon|Wish|p2a: Vaporeon\n|\n|-heal|p2a: Vaporeon|100\/100|[from] item: Leftovers\n|upkeep\n|turn|4\n|\n|t:|1700719812\n|switch|p2a: Lopunny|Lopunny, F|100\/100\n|detailschange|p1a: Mawile|Mawile-Mega, M\n|-mega|p1a: Mawile|Mawile|Mawilite\n|move|p1a: Mawile|Play Rough|p2a: Lopunny\n|-damage|p2a: Lopunny|0 fnt\n|faint|p2a: Lopunny\n|\n|upkeep\n|\n|t:|1700719828\n|switch|p2a: Vaporeon|Vaporeon, F|100\/100\n|turn|5\n|\n|t:|1700719840\n|move|p1a: Mawile|Play Rough|p2a: Vaporeon\n|-damage|p2a: Vaporeon|34\/100\n|move|p2a: Vaporeon|Flip Turn|p1a: Mawile\n|-damage|p1a: Mawile|88\/100\n|\n|t:|1700719851\n|switch|p2a: Lilligant|Lilligant, F|100\/100|[from] Flip Turn\n|\n|-fieldend|move: Trick Room\n|upkeep\n|turn|6\n|inactive|Battle timer is ON: inactive players will automatically lose when time's up. (requested by celax)\n|\n|t:|1700719877\n|switch|p1a: Hatterene|Hatterene, F|59\/100\n|move|p2a: Lilligant|Quiver Dance|p2a: Lilligant\n|-boost|p2a: Lilligant|spa|1\n|-boost|p2a: Lilligant|spd|1\n|-boost|p2a: Lilligant|spe|1\n|\n|upkeep\n|turn|7\n|\n|t:|1700719894\n|move|p2a: Lilligant|Giga Drain|p1a: Hatterene\n|-damage|p1a: Hatterene|7\/100\n|move|p1a: Hatterene|Trick Room|p1a: Hatterene\n|-fieldstart|move: Trick Room|[of] p1a: Hatterene\n|\n|upkeep\n|turn|8\n|\n|t:|1700719918\n|move|p1a: Hatterene|Misty Explosion|p2a: Lilligant\n|-damage|p2a: Lilligant|41\/100\n|faint|p1a: Hatterene\n|move|p2a: Lilligant|Sleep Powder|p1: Hatterene|[notarget]\n|-fail|p2a: Lilligant\n|\n|upkeep\n|\n|t:|1700719928\n|switch|p1a: Mawile|Mawile-Mega, M|88\/100\n|turn|9\n|\n|t:|1700719934\n|move|p1a: Mawile|Fire Fang|p2a: Lilligant\n|-supereffective|p2a: Lilligant\n|-damage|p2a: Lilligant|0 fnt\n|faint|p2a: Lilligant\n|\n|upkeep\n|\n|t:|1700719952\n|switch|p2a: Gardevoir|Gardevoir, F|100\/100\n|turn|10\n|\n|t:|1700719961\n|move|p2a: Gardevoir|Endure|p2a: Gardevoir\n|-singleturn|p2a: Gardevoir|move: Endure\n|move|p1a: Mawile|Fire Fang|p2a: Gardevoir\n|-damage|p2a: Gardevoir|28\/100\n|\n|upkeep\n|turn|11\n|\n|t:|1700719968\n|move|p2a: Gardevoir|Endure||[still]\n|-fail|p2a: Gardevoir\n|move|p1a: Mawile|Sucker Punch||[still]\n|-fail|p1a: Mawile\n|\n|-fieldend|move: Trick Room\n|upkeep\n|turn|12\n|\n|t:|1700719980\n|switch|p2a: Gothitelle|Gothitelle, F|100\/100\n|move|p1a: Mawile|Sucker Punch||[still]\n|-fail|p1a: Mawile\n|\n|upkeep\n|turn|13\n|\n|t:|1700719993\n|switch|p1a: Porygon2|Porygon2|100\/100\n|-ability|p1a: Porygon2|Competitive|[from] ability: Trace|[of] p2a: Gothitelle\n|move|p2a: Gothitelle|Thunder Wave|p1a: Porygon2\n|-status|p1a: Porygon2|par\n|\n|upkeep\n|turn|14\n|\n|t:|1700720009\n|switch|p2a: Vaporeon|Vaporeon, F|34\/100\n|move|p1a: Porygon2|Trick Room|p1a: Porygon2\n|-fieldstart|move: Trick Room|[of] p1a: Porygon2\n|\n|-heal|p2a: Vaporeon|40\/100|[from] item: Leftovers\n|upkeep\n|turn|15\n|\n|t:|1700720018\n|cant|p1a: Porygon2|par\n|move|p2a: Vaporeon|Wish|p2a: Vaporeon\n|\n|-heal|p2a: Vaporeon|46\/100|[from] item: Leftovers\n|upkeep\n|turn|16\n|\n|t:|1700720025\n|switch|p2a: Gardevoir|Gardevoir, F|28\/100\n|move|p1a: Porygon2|Thunderbolt|p2a: Gardevoir\n|-damage|p2a: Gardevoir|5\/100\n|\n|-heal|p2a: Gardevoir|89\/100|[from] move: Wish|[wisher] Vaporeon\n|upkeep\n|turn|17\n|\n|t:|1700720038\n|switch|p1a: Ursaluna|Ursaluna, F|100\/100\n|move|p2a: Gardevoir|Draining Kiss|p1a: Ursaluna\n|-damage|p1a: Ursaluna|78\/100\n|-heal|p2a: Gardevoir|100\/100|[from] drain|[of] p1a: Ursaluna\n|\n|-status|p1a: Ursaluna|brn|[from] item: Flame Orb\n|upkeep\n|turn|18\n|\n|t:|1700720054\n|move|p2a: Gardevoir|Endure|p2a: Gardevoir\n|-singleturn|p2a: Gardevoir|move: Endure\n|move|p1a: Ursaluna|Facade|p2a: Gardevoir\n|-activate|p2a: Gardevoir|move: Endure\n|-damage|p2a: Gardevoir|1\/100\n|\n|-damage|p1a: Ursaluna|72\/100 brn|[from] brn\n|-fieldend|move: Trick Room\n|upkeep\n|turn|19\n|inactive|Reivya has 120 seconds left.\n|\n|t:|1700720079\n|switch|p2a: Tsareena|Tsareena, F|100\/100\n|switch|p1a: Porygon2|Porygon2|100\/100 par\n|-ability|p1a: Porygon2|Queenly Majesty|[from] ability: Trace|[of] p2a: Tsareena\n|\n|upkeep\n|turn|20\n|\n|t:|1700720089\n|move|p2a: Tsareena|Taunt|p1a: Porygon2\n|-start|p1a: Porygon2|move: Taunt\n|cant|p1a: Porygon2|move: Taunt|Trick Room\n|\n|upkeep\n|turn|21\n|\n|t:|1700720095\n|move|p2a: Tsareena|Power Whip|p1a: Porygon2|[miss]\n|-miss|p2a: Tsareena|p1a: Porygon2\n|move|p1a: Porygon2|Ice Beam|p2a: Tsareena\n|-supereffective|p2a: Tsareena\n|-damage|p2a: Tsareena|54\/100\n|\n|upkeep\n|turn|22\n|\n|t:|1700720106\n|switch|p1a: Marowak|Marowak-Alola, F|100\/100\n|move|p2a: Tsareena|Power Whip|p1a: Marowak\n|-resisted|p1a: Marowak\n|-damage|p1a: Marowak|68\/100\n|\n|upkeep\n|turn|23\n|inactive|Reivya has 120 seconds left.\n|\n|t:|1700720147\n|move|p2a: Tsareena|Knock Off|p1a: Marowak\n|-supereffective|p1a: Marowak\n|-damage|p1a: Marowak|1\/100\n|-enditem|p1a: Marowak|Thick Club|[from] move: Knock Off|[of] p2a: Tsareena\n|move|p1a: Marowak|Poltergeist|p2a: Tsareena|[miss]\n|-miss|p1a: Marowak|p2a: Tsareena\n|\n|upkeep\n|turn|24\n|\n|t:|1700720162\n|move|p2a: Tsareena|Knock Off|p1a: Marowak\n|-supereffective|p1a: Marowak\n|-damage|p1a: Marowak|0 fnt\n|faint|p1a: Marowak\n|\n|upkeep\n|\n|t:|1700720166\n|switch|p1a: Cresselia|Cresselia, F|100\/100\n|turn|25\n|\n|t:|1700720178\n|move|p2a: Tsareena|Taunt|p1a: Cresselia\n|-start|p1a: Cresselia|move: Taunt\n|cant|p1a: Cresselia|move: Taunt|Trick Room\n|\n|upkeep\n|turn|26\n|\n|t:|1700720183\n|move|p1a: Cresselia|Ice Beam|p2a: Tsareena\n|-supereffective|p2a: Tsareena\n|-damage|p2a: Tsareena|22\/100\n|move|p2a: Tsareena|Knock Off|p1a: Cresselia\n|-supereffective|p1a: Cresselia\n|-enditem|p1a: Cresselia|Colbur Berry|[eat]\n|-enditem|p1a: Cresselia|Colbur Berry|[weaken]\n|-damage|p1a: Cresselia|81\/100\n|\n|upkeep\n|turn|27\n|inactive|Reivya has 120 seconds left.\n|\n|t:|1700720194\n|switch|p2a: Gothitelle|Gothitelle, F|100\/100\n|move|p1a: Cresselia|Ice Beam|p2a: Gothitelle\n|-damage|p2a: Gothitelle|84\/100\n|\n|-heal|p2a: Gothitelle|91\/100|[from] item: Leftovers\n|-end|p1a: Cresselia|move: Taunt\n|upkeep\n|turn|28\n|inactive|Reivya has 120 seconds left.\n|\n|t:|1700720203\n|move|p2a: Gothitelle|Thunder Wave|p1a: Cresselia\n|-status|p1a: Cresselia|par\n|move|p1a: Cresselia|Trick Room|p1a: Cresselia\n|-fieldstart|move: Trick Room|[of] p1a: Cresselia\n|\n|-heal|p2a: Gothitelle|97\/100|[from] item: Leftovers\n|upkeep\n|turn|29\n|inactive|Reivya has 120 seconds left.\n|\n|t:|1700720218\n|cant|p1a: Cresselia|par\n|move|p2a: Gothitelle|Calm Mind|p2a: Gothitelle\n|-boost|p2a: Gothitelle|spa|1\n|-boost|p2a: Gothitelle|spd|1\n|\n|-heal|p2a: Gothitelle|100\/100|[from] item: Leftovers\n|upkeep\n|turn|30\n|\n|t:|1700720228\n|move|p1a: Cresselia|Lunar Dance|p1a: Cresselia\n|faint|p1a: Cresselia\n|move|p2a: Gothitelle|Calm Mind|p2a: Gothitelle\n|-boost|p2a: Gothitelle|spa|1\n|-boost|p2a: Gothitelle|spd|1\n|\n|upkeep\n|\n|t:|1700720243\n|switch|p1a: Mawile|Mawile-Mega, M|88\/100\n|-heal|p1a: Mawile|100\/100|[from] move: Lunar Dance\n|turn|31\n|\n|t:|1700720250\n|move|p1a: Mawile|Fire Fang|p2a: Gothitelle\n|-damage|p2a: Gothitelle|55\/100\n|move|p2a: Gothitelle|Calm Mind|p2a: Gothitelle\n|-boost|p2a: Gothitelle|spa|1\n|-boost|p2a: Gothitelle|spd|1\n|\n|-heal|p2a: Gothitelle|61\/100|[from] item: Leftovers\n|upkeep\n|turn|32\n|\n|t:|1700720262\n|move|p1a: Mawile|Play Rough|p2a: Gothitelle\n|-damage|p2a: Gothitelle|0 fnt\n|faint|p2a: Gothitelle\n|\n|-fieldend|move: Trick Room\n|upkeep\n|\n|t:|1700720273\n|switch|p2a: Vaporeon|Vaporeon, F|46\/100\n|turn|33\n|\n|t:|1700720278\n|move|p2a: Vaporeon|Wish|p2a: Vaporeon\n|move|p1a: Mawile|Play Rough|p2a: Vaporeon\n|-damage|p2a: Vaporeon|0 fnt\n|faint|p2a: Vaporeon\n|\n|upkeep\n|\n|t:|1700720291\n|switch|p2a: Gardevoir|Gardevoir, F|1\/100\n|turn|34\n|\n|t:|1700720302\n|switch|p1a: Porygon2|Porygon2|100\/100 par\n|-ability|p1a: Porygon2|Synchronize|[from] ability: Trace|[of] p2a: Gardevoir\n|move|p2a: Gardevoir|Endure||[still]\n|-fail|p2a: Gardevoir\n|\n|-heal|p2a: Gardevoir|85\/100|[from] move: Wish|[wisher] Vaporeon\n|upkeep\n|turn|35\n|\n|t:|1700720324\n|move|p2a: Gardevoir|Draining Kiss|p1a: Porygon2\n|-damage|p1a: Porygon2|84\/100 par\n|-heal|p2a: Gardevoir|100\/100|[from] drain|[of] p1a: Porygon2\n|move|p1a: Porygon2|Trick Room|p1a: Porygon2\n|-fieldstart|move: Trick Room|[of] p1a: Porygon2\n|\n|upkeep\n|turn|36\n|\n|t:|1700720341\n|-terastallize|p2a: Gardevoir|Electric\n|cant|p1a: Porygon2|par\n|move|p2a: Gardevoir|Thunderbolt|p1a: Porygon2\n|-damage|p1a: Porygon2|56\/100 par\n|\n|upkeep\n|turn|37\n|\n|t:|1700720350\n|move|p1a: Porygon2|Ice Beam|p2a: Gardevoir\n|-damage|p2a: Gardevoir|78\/100\n|move|p2a: Gardevoir|Draining Kiss|p1a: Porygon2\n|-damage|p1a: Porygon2|41\/100 par\n|-heal|p2a: Gardevoir|94\/100|[from] drain|[of] p1a: Porygon2\n|\n|upkeep\n|turn|38\n|\n|t:|1700720362\n|switch|p1a: Ursaluna|Ursaluna, F|72\/100 brn\n|move|p2a: Gardevoir|Draining Kiss|p1a: Ursaluna\n|-damage|p1a: Ursaluna|48\/100 brn\n|-heal|p2a: Gardevoir|100\/100|[from] drain|[of] p1a: Ursaluna\n|\n|-damage|p1a: Ursaluna|42\/100 brn|[from] brn\n|upkeep\n|turn|39\n|\n|t:|1700720377\n|move|p1a: Ursaluna|Swords Dance|p1a: Ursaluna\n|-boost|p1a: Ursaluna|atk|2\n|move|p2a: Gardevoir|Draining Kiss|p1a: Ursaluna\n|-damage|p1a: Ursaluna|20\/100 brn\n|\n|-damage|p1a: Ursaluna|13\/100 brn|[from] brn\n|-fieldend|move: Trick Room\n|upkeep\n|turn|40\n|\n|t:|1700720388\n|switch|p1a: Porygon2|Porygon2|41\/100 par\n|-ability|p1a: Porygon2|Synchronize|[from] ability: Trace|[of] p2a: Gardevoir\n|move|p2a: Gardevoir|Draining Kiss|p1a: Porygon2\n|-damage|p1a: Porygon2|25\/100 par\n|\n|upkeep\n|turn|41\n|\n|t:|1700720395\n|move|p2a: Gardevoir|Thunderbolt|p1a: Porygon2\n|-damage|p1a: Porygon2|0 fnt\n|faint|p1a: Porygon2\n|\n|upkeep\n|\n|t:|1700720399\n|switch|p1a: Mawile|Mawile-Mega, M|100\/100\n|turn|42\n|\n|t:|1700720402\n|move|p2a: Gardevoir|Endure|p2a: Gardevoir\n|-singleturn|p2a: Gardevoir|move: Endure\n|move|p1a: Mawile|Sucker Punch||[still]\n|-fail|p1a: Mawile\n|\n|upkeep\n|turn|43\n|\n|t:|1700720410\n|move|p1a: Mawile|Sucker Punch|p2a: Gardevoir\n|-damage|p2a: Gardevoir|22\/100\n|move|p2a: Gardevoir|Thunderbolt|p1a: Mawile\n|-damage|p1a: Mawile|49\/100\n|\n|upkeep\n|turn|44\n|\n|t:|1700720420\n|move|p2a: Gardevoir|Endure|p2a: Gardevoir\n|-singleturn|p2a: Gardevoir|move: Endure\n|move|p1a: Mawile|Sucker Punch||[still]\n|-fail|p1a: Mawile\n|\n|upkeep\n|turn|45\n|\n|t:|1700720426\n|move|p2a: Gardevoir|Endure|p2a: Gardevoir\n|-singleturn|p2a: Gardevoir|move: Endure\n|move|p1a: Mawile|Sucker Punch||[still]\n|-fail|p1a: Mawile\n|\n|upkeep\n|turn|46\n|\n|t:|1700720432\n|move|p2a: Gardevoir|Endure|p2a: Gardevoir\n|-singleturn|p2a: Gardevoir|move: Endure\n|move|p1a: Mawile|Sucker Punch||[still]\n|-fail|p1a: Mawile\n|\n|upkeep\n|turn|47\n|\n|t:|1700720442\n|move|p1a: Mawile|Sucker Punch|p2a: Gardevoir\n|-damage|p2a: Gardevoir|0 fnt\n|faint|p2a: Gardevoir\n|\n|upkeep\n|\n|t:|1700720447\n|switch|p2a: Tsareena|Tsareena, F|22\/100\n|turn|48\n|\n|t:|1700720462\n|move|p1a: Mawile|Sucker Punch||[still]\n|cant|p2a: Tsareena|ability: Queenly Majesty|Sucker Punch|[of] p1a: Mawile\n|move|p2a: Tsareena|Power Whip|p1a: Mawile\n|-resisted|p1a: Mawile\n|-damage|p1a: Mawile|19\/100\n|\n|upkeep\n|turn|49\n|\n|t:|1700720470\n|move|p2a: Tsareena|Power Whip|p1a: Mawile\n|-resisted|p1a: Mawile\n|-damage|p1a: Mawile|0 fnt\n|faint|p1a: Mawile\n|\n|upkeep\n|\n|t:|1700720473\n|switch|p1a: Ursaluna|Ursaluna, F|13\/100 brn\n|turn|50\n|\n|t:|1700720480\n|move|p2a: Tsareena|Knock Off|p1a: Ursaluna\n|-damage|p1a: Ursaluna|0 fnt\n|-enditem|p1a: Ursaluna|Flame Orb|[from] move: Knock Off|[of] p2a: Tsareena\n|faint|p1a: Ursaluna\n|\n|win|Reivya\n|raw|celax's rating: 1075 &rarr; <strong>1056<\/strong><br \/>(-19 for losing)\n|raw|Reivya's rating: 1117 &rarr; <strong>1139<\/strong><br \/>(+22 for winning)\n|c|\u2606Reivya|ggwp\n","uploadtime":1700720490,"views":3,"p1id":"celax","p2id":"reivya","formatid":"gen9nationaldex","rating":1056,"private":0,"password":""}