{"id":"gen9nationaldex-1989957140","p1":"Slapping Kids","p2":"Applejuicebruh","format":"[Gen 9] National Dex","log":"|j|\u2606Slapping Kids\n|j|\u203dApplejuicebruh\n|t:|1699910085\n|gametype|singles\n|player|p1|Slapping Kids|fisherman-gen4|1150\n|player|p2|Applejuicebruh|crasherwake|1081\n|teamsize|p1|6\n|teamsize|p2|6\n|gen|9\n|tier|[Gen 9] National Dex\n|rated|\n|rule|HP Percentage Mod: HP is shown in percentages\n|rule|Endless Battle Clause: Forcing endless battles is banned\n|rule|OHKO Clause: OHKO moves are banned\n|rule|Evasion Clause: Evasion abilities, items, and moves are banned\n|rule|Evasion Abilities Clause: Evasion abilities are banned\n|rule|Evasion Items Clause: Evasion items are banned\n|rule|Evasion Moves Clause: Evasion moves are banned\n|rule|Species Clause: Limit one of each Pok\u00e9mon\n|rule|Sleep Clause Mod: Limit one foe put to sleep\n|clearpoke\n|poke|p1|Clodsire, M|\n|poke|p1|Clefable, M|\n|poke|p1|Kartana|\n|poke|p1|Gengar, M|\n|poke|p1|Greninja-*, M|\n|poke|p1|Garchomp, F|\n|poke|p2|Beedrill, M|\n|poke|p2|Victini|\n|poke|p2|Togekiss, M|\n|poke|p2|Hawlucha, M|\n|poke|p2|Feraligatr, M|\n|poke|p2|Blastoise, M|\n|teampreview\n|inactive|Battle timer is ON: inactive players will automatically lose when time's up. (requested by Slapping Kids)\n|c|\u2606Slapping Kids|Good luck, have fun!\n|\n|t:|1699910106\n|start\n|switch|p1a: Clodsire|Clodsire, M|100\/100\n|switch|p2a: Feraligatr|Feraligatr, M, shiny|100\/100\n|turn|1\n|\n|t:|1699910111\n|move|p2a: Feraligatr|Ice Punch|p1a: Clodsire\n|-supereffective|p1a: Clodsire\n|-damage|p1a: Clodsire|55\/100\n|move|p1a: Clodsire|Toxic Spikes|p2a: Feraligatr\n|-sidestart|p2: Applejuicebruh|move: Toxic Spikes\n|\n|-heal|p1a: Clodsire|61\/100|[from] item: Leftovers\n|upkeep\n|turn|2\n|\n|t:|1699910121\n|move|p2a: Feraligatr|Ice Punch|p1a: Clodsire\n|-supereffective|p1a: Clodsire\n|-damage|p1a: Clodsire|11\/100\n|move|p1a: Clodsire|Recover|p1a: Clodsire\n|-heal|p1a: Clodsire|61\/100\n|\n|-heal|p1a: Clodsire|67\/100|[from] item: Leftovers\n|upkeep\n|turn|3\n|\n|t:|1699910128\n|move|p2a: Feraligatr|Ice Punch|p1a: Clodsire\n|-supereffective|p1a: Clodsire\n|-damage|p1a: Clodsire|16\/100\n|move|p1a: Clodsire|Recover|p1a: Clodsire\n|-heal|p1a: Clodsire|66\/100\n|\n|-heal|p1a: Clodsire|73\/100|[from] item: Leftovers\n|upkeep\n|turn|4\n|\n|t:|1699910135\n|move|p2a: Feraligatr|Ice Punch|p1a: Clodsire\n|-supereffective|p1a: Clodsire\n|-damage|p1a: Clodsire|19\/100\n|move|p1a: Clodsire|Recover|p1a: Clodsire\n|-heal|p1a: Clodsire|69\/100\n|\n|-heal|p1a: Clodsire|75\/100|[from] item: Leftovers\n|upkeep\n|turn|5\n|\n|t:|1699910142\n|switch|p2a: Beedrill|Beedrill, M, shiny|100\/100\n|-sideend|p2: Applejuicebruh|move: Toxic Spikes|[of] p2a: Beedrill\n|move|p1a: Clodsire|Recover|p1a: Clodsire\n|-heal|p1a: Clodsire|100\/100\n|\n|upkeep\n|turn|6\n|\n|t:|1699910150\n|detailschange|p2a: Beedrill|Beedrill-Mega, M, shiny\n|-mega|p2a: Beedrill|Beedrill|Beedrillite\n|move|p2a: Beedrill|Drill Run|p1a: Clodsire\n|-supereffective|p1a: Clodsire\n|-damage|p1a: Clodsire|43\/100\n|move|p1a: Clodsire|Stealth Rock|p2a: Beedrill\n|-sidestart|p2: Applejuicebruh|move: Stealth Rock\n|\n|-heal|p1a: Clodsire|49\/100|[from] item: Leftovers\n|upkeep\n|turn|7\n|\n|t:|1699910170\n|move|p2a: Beedrill|Fell Stinger|p1a: Clodsire\n|-resisted|p1a: Clodsire\n|-damage|p1a: Clodsire|28\/100\n|move|p1a: Clodsire|Toxic Spikes|p2a: Beedrill\n|-sidestart|p2: Applejuicebruh|move: Toxic Spikes\n|\n|-heal|p1a: Clodsire|34\/100|[from] item: Leftovers\n|upkeep\n|turn|8\n|\n|t:|1699910176\n|move|p2a: Beedrill|Drill Run|p1a: Clodsire\n|-supereffective|p1a: Clodsire\n|-damage|p1a: Clodsire|0 fnt\n|faint|p1a: Clodsire\n|\n|upkeep\n|\n|t:|1699910181\n|switch|p1a: Clefable|Clefable, M|100\/100\n|turn|9\n|\n|t:|1699910186\n|move|p2a: Beedrill|Poison Jab|p1a: Clefable\n|-supereffective|p1a: Clefable\n|-damage|p1a: Clefable|0 fnt\n|faint|p1a: Clefable\n|\n|upkeep\n|\n|t:|1699910191\n|switch|p1a: Garchomp|Garchomp, F|100\/100\n|turn|10\n|\n|t:|1699910195\n|move|p2a: Beedrill|Drill Run|p1a: Garchomp\n|-damage|p1a: Garchomp|69\/100\n|-damage|p2a: Beedrill|88\/100|[from] ability: Rough Skin|[of] p1a: Garchomp\n|move|p1a: Garchomp|Scale Shot|p2a: Beedrill\n|-damage|p2a: Beedrill|56\/100\n|-damage|p2a: Beedrill|20\/100\n|-hitcount|p2a: Beedrill|2\n|-unboost|p1a: Garchomp|def|1\n|-boost|p1a: Garchomp|spe|1\n|\n|-heal|p1a: Garchomp|75\/100|[from] item: Leftovers\n|upkeep\n|turn|11\n|\n|t:|1699910208\n|move|p1a: Garchomp|Fire Fang|p2a: Beedrill\n|-supereffective|p2a: Beedrill\n|-damage|p2a: Beedrill|0 fnt\n|faint|p2a: Beedrill\n|\n|-heal|p1a: Garchomp|81\/100|[from] item: Leftovers\n|upkeep\n|\n|t:|1699910219\n|switch|p2a: Togekiss|Togekiss, M|100\/100\n|turn|12\n|\n|t:|1699910228\n|move|p1a: Garchomp|Fire Fang|p2a: Togekiss\n|-damage|p2a: Togekiss|79\/100\n|move|p2a: Togekiss|Draining Kiss|p1a: Garchomp\n|-supereffective|p1a: Garchomp\n|-damage|p1a: Garchomp|34\/100\n|-heal|p2a: Togekiss|100\/100|[from] drain|[of] p1a: Garchomp\n|-damage|p2a: Togekiss|88\/100|[from] ability: Rough Skin|[of] p1a: Garchomp\n|\n|-heal|p1a: Garchomp|40\/100|[from] item: Leftovers\n|upkeep\n|turn|13\n|\n|t:|1699910243\n|-terastallize|p1a: Garchomp|Fairy\n|move|p1a: Garchomp|Swords Dance|p1a: Garchomp\n|-boost|p1a: Garchomp|atk|2\n|move|p2a: Togekiss|Air Slash|p1a: Garchomp\n|-damage|p1a: Garchomp|1\/100\n|\n|-heal|p1a: Garchomp|7\/100|[from] item: Leftovers\n|upkeep\n|turn|14\n|\n|t:|1699910252\n|move|p1a: Garchomp|Fire Fang|p2a: Togekiss\n|-damage|p2a: Togekiss|46\/100\n|move|p2a: Togekiss|Ancient Power|p1a: Garchomp\n|-damage|p1a: Garchomp|0 fnt\n|faint|p1a: Garchomp\n|\n|upkeep\n|\n|t:|1699910266\n|switch|p1a: Kartana|Kartana|100\/100\n|turn|15\n|\n|t:|1699910272\n|-zpower|p1a: Kartana\n|move|p1a: Kartana|Breakneck Blitz|p2a: Togekiss|[zeffect]\n|-damage|p2a: Togekiss|0 fnt\n|faint|p2a: Togekiss\n|-ability|p1a: Kartana|Beast Boost|boost\n|-boost|p1a: Kartana|atk|1\n|\n|upkeep\n|\n|t:|1699910281\n|switch|p2a: Victini|Victini|100\/100\n|-damage|p2a: Victini|76\/100|[from] Stealth Rock\n|-status|p2a: Victini|psn\n|turn|16\n|\n|t:|1699910294\n|move|p1a: Kartana|Giga Impact|p2a: Victini\n|-damage|p2a: Victini|0 fnt\n|-mustrecharge|p1a: Kartana\n|faint|p2a: Victini\n|-ability|p1a: Kartana|Beast Boost|boost\n|-boost|p1a: Kartana|atk|1\n|\n|upkeep\n|\n|t:|1699910299\n|switch|p2a: Blastoise|Blastoise, M, shiny|100\/100\n|-damage|p2a: Blastoise|88\/100|[from] Stealth Rock\n|-status|p2a: Blastoise|psn\n|turn|17\n|\n|t:|1699910304\n|cant|p1a: Kartana|recharge\n|move|p2a: Blastoise|Shell Smash|p2a: Blastoise\n|-unboost|p2a: Blastoise|def|1\n|-unboost|p2a: Blastoise|spd|1\n|-boost|p2a: Blastoise|atk|2\n|-boost|p2a: Blastoise|spa|2\n|-boost|p2a: Blastoise|spe|2\n|-enditem|p2a: Blastoise|White Herb\n|-clearnegativeboost|p2a: Blastoise|[silent]\n|\n|-damage|p2a: Blastoise|76\/100 psn|[from] psn\n|upkeep\n|turn|18\n|\n|t:|1699910314\n|move|p2a: Blastoise|Scald|p1a: Kartana\n|-resisted|p1a: Kartana\n|-crit|p1a: Kartana\n|-damage|p1a: Kartana|0 fnt\n|faint|p1a: Kartana\n|\n|-damage|p2a: Blastoise|63\/100 psn|[from] psn\n|upkeep\n|\n|t:|1699910322\n|switch|p1a: Gengar|Gengar, M|100\/100\n|turn|19\n|\n|t:|1699910331\n|move|p2a: Blastoise|Scald|p1a: Gengar\n|-damage|p1a: Gengar|0 fnt\n|-start|p2a: Blastoise|Disable|Scald|[from] ability: Cursed Body|[of] p1a: Gengar\n|faint|p1a: Gengar\n|\n|-damage|p2a: Blastoise|51\/100 psn|[from] psn\n|upkeep\n|\n|t:|1699910338\n|switch|p1a: Greninja|Greninja, M|100\/100\n|turn|20\n|\n|t:|1699910346\n|move|p2a: Blastoise|Aura Sphere|p1a: Greninja\n|-supereffective|p1a: Greninja\n|-damage|p1a: Greninja|0 fnt\n|faint|p1a: Greninja\n|\n|win|Applejuicebruh\n|raw|Slapping Kids's rating: 1150 &rarr; <strong>1120<\/strong><br \/>(-30 for losing)\n|raw|Applejuicebruh's rating: 1081 &rarr; <strong>1114<\/strong><br \/>(+33 for winning)\n","uploadtime":1699910368,"views":4,"p1id":"slappingkids","p2id":"applejuicebruh","formatid":"gen9nationaldex","rating":1114,"private":0,"password":""}