{"id":"gen9nationaldex-1997812403","p1":"EMEnt","p2":"PlatinPark","format":"[Gen 9] National Dex","log":"|html|<div class=\"broadcast-blue\"><strong>[Gen 9] National Dex is currently suspecting Sneasler! For information on how to participate check out the <a href=\"https:\/\/www.smogon.com\/forums\/threads\/sv-national-dex-suspect-8-just-dance.3731534\/\">suspect thread<\/a>.<\/strong><\/div>\n|j|\u2606EMEnt\n|j|\u2606PlatinPark\n|t:|1700855366\n|gametype|singles\n|player|p1|EMEnt|blackbelt-gen4dp|1356\n|player|p2|PlatinPark|1|1430\n|teamsize|p1|6\n|teamsize|p2|6\n|gen|9\n|tier|[Gen 9] National Dex\n|rated|\n|rule|HP Percentage Mod: HP is shown in percentages\n|rule|Endless Battle Clause: Forcing endless battles is banned\n|rule|OHKO Clause: OHKO moves are banned\n|rule|Evasion Clause: Evasion abilities, items, and moves are banned\n|rule|Evasion Abilities Clause: Evasion abilities are banned\n|rule|Evasion Items Clause: Evasion items are banned\n|rule|Evasion Moves Clause: Evasion moves are banned\n|rule|Species Clause: Limit one of each Pok\u00e9mon\n|rule|Sleep Clause Mod: Limit one foe put to sleep\n|clearpoke\n|poke|p1|Empoleon, F|\n|poke|p1|Latios, M|\n|poke|p1|Ferrothorn, M|\n|poke|p1|Garchomp, M|\n|poke|p1|Diancie|\n|poke|p1|Gliscor, M|\n|poke|p2|Salazzle, F|\n|poke|p2|Poliwrath, F|\n|poke|p2|Vileplume, M|\n|poke|p2|Gliscor, F|\n|poke|p2|Wigglytuff, F|\n|poke|p2|Forretress, F|\n|teampreview\n|inactive|Battle timer is ON: inactive players will automatically lose when time's up. (requested by PlatinPark)\n|\n|t:|1700855400\n|start\n|switch|p1a: Aether|Latios, M|100\/100\n|switch|p2a: Gliscor|Gliscor, F|100\/100\n|turn|1\n|\n|t:|1700855413\n|move|p1a: Aether|Reflect|p1a: Aether\n|-sidestart|p1: EMEnt|Reflect\n|move|p2a: Gliscor|Stealth Rock|p1a: Aether\n|-sidestart|p1: EMEnt|move: Stealth Rock\n|\n|-status|p2a: Gliscor|tox|[from] item: Toxic Orb\n|upkeep\n|turn|2\n|\n|t:|1700855420\n|move|p1a: Aether|Light Screen|p1a: Aether\n|-sidestart|p1: EMEnt|move: Light Screen\n|move|p2a: Gliscor|Knock Off|p1a: Aether\n|-supereffective|p1a: Aether\n|-damage|p1a: Aether|75\/100\n|-enditem|p1a: Aether|Light Clay|[from] move: Knock Off|[of] p2a: Gliscor\n|\n|upkeep\n|turn|3\n|\n|t:|1700855428\n|move|p1a: Aether|Tailwind|p1a: Aether\n|-sidestart|p1: EMEnt|move: Tailwind\n|move|p2a: Gliscor|Knock Off|p1a: Aether\n|-supereffective|p1a: Aether\n|-damage|p1a: Aether|59\/100\n|\n|upkeep\n|turn|4\n|\n|t:|1700855436\n|switch|p2a: Wigglytuff|Wigglytuff, F|100\/100\n|move|p1a: Aether|Draco Meteor|p2a: Wigglytuff\n|-immune|p2a: Wigglytuff\n|\n|upkeep\n|turn|5\n|\n|t:|1700855444\n|switch|p1a: Yami|Empoleon, F|100\/100\n|-damage|p1a: Yami|94\/100|[from] Stealth Rock\n|move|p2a: Wigglytuff|Reflect|p2a: Wigglytuff\n|-sidestart|p2: PlatinPark|Reflect\n|\n|upkeep\n|turn|6\n|\n|t:|1700855452\n|move|p1a: Yami|Yawn|p2a: Wigglytuff\n|-start|p2a: Wigglytuff|move: Yawn|[of] p1a: Yami\n|move|p2a: Wigglytuff|Light Screen|p2a: Wigglytuff\n|-sidestart|p2: PlatinPark|move: Light Screen\n|\n|-sideend|p1: EMEnt|move: Tailwind\n|upkeep\n|turn|7\n|\n|t:|1700855458\n|switch|p2a: Gliscor|Gliscor, F|100\/100 tox\n|move|p1a: Yami|Agility|p1a: Yami\n|-boost|p1a: Yami|spe|2\n|\n|upkeep\n|turn|8\n|\n|t:|1700855471\n|-zpower|p1a: Yami\n|move|p1a: Yami|Hydro Vortex|p2a: Gliscor|[zeffect]\n|-supereffective|p2a: Gliscor\n|-damage|p2a: Gliscor|28\/100 tox\n|move|p2a: Gliscor|Earthquake|p1a: Yami\n|-supereffective|p1a: Yami\n|-crit|p1a: Yami\n|-damage|p1a: Yami|0 fnt\n|faint|p1a: Yami\n|\n|-heal|p2a: Gliscor|40\/100 tox|[from] ability: Poison Heal\n|-sideend|p1: EMEnt|Reflect\n|upkeep\n|inactive|EMEnt has 120 seconds left.\n|\n|t:|1700855511\n|switch|p1a: Garchomp|Garchomp, M|100\/100\n|-damage|p1a: Garchomp|94\/100|[from] Stealth Rock\n|turn|9\n|\n|t:|1700855535\n|switch|p2a: Wigglytuff|Wigglytuff, F|100\/100\n|move|p1a: Garchomp|Swords Dance|p1a: Garchomp\n|-boost|p1a: Garchomp|atk|2\n|\n|-sideend|p1: EMEnt|move: Light Screen\n|upkeep\n|turn|10\n|inactive|EMEnt has 120 seconds left.\n|\n|t:|1700855554\n|move|p1a: Garchomp|Earthquake|p2a: Wigglytuff\n|-damage|p2a: Wigglytuff|34\/100\n|move|p2a: Wigglytuff|Dazzling Gleam|p1a: Garchomp\n|-supereffective|p1a: Garchomp\n|-damage|p1a: Garchomp|38\/100\n|\n|upkeep\n|turn|11\n|inactive|EMEnt has 120 seconds left.\n|\n|t:|1700855562\n|switch|p2a: Gliscor|Gliscor, F|40\/100 tox\n|move|p1a: Garchomp|Earthquake|p2a: Gliscor\n|-immune|p2a: Gliscor\n|\n|-heal|p2a: Gliscor|52\/100 tox|[from] ability: Poison Heal\n|upkeep\n|turn|12\n|\n|t:|1700855570\n|move|p1a: Garchomp|Scale Shot|p2a: Gliscor\n|-damage|p2a: Gliscor|43\/100 tox\n|-damage|p2a: Gliscor|32\/100 tox\n|-damage|p2a: Gliscor|23\/100 tox\n|-damage|p2a: Gliscor|12\/100 tox\n|-hitcount|p2a: Gliscor|4\n|-unboost|p1a: Garchomp|def|1\n|-boost|p1a: Garchomp|spe|1\n|move|p2a: Gliscor|Knock Off|p1a: Garchomp\n|-damage|p1a: Garchomp|7\/100\n|-damage|p2a: Gliscor|0 fnt|[from] ability: Rough Skin|[of] p1a: Garchomp\n|faint|p2a: Gliscor\n|\n|-sideend|p2: PlatinPark|Reflect\n|upkeep\n|\n|t:|1700855583\n|switch|p2a: Poliwrath|Poliwrath, F|100\/100\n|turn|13\n|\n|t:|1700855593\n|move|p1a: Garchomp|Scale Shot|p2a: Poliwrath\n|-crit|p2a: Poliwrath\n|-damage|p2a: Poliwrath|57\/100\n|-damage|p2a: Poliwrath|26\/100\n|-damage|p2a: Poliwrath|0 fnt\n|faint|p2a: Poliwrath\n|-hitcount|p2: Poliwrath|3\n|-unboost|p1a: Garchomp|def|1\n|-boost|p1a: Garchomp|spe|1\n|\n|-sideend|p2: PlatinPark|move: Light Screen\n|upkeep\n|\n|t:|1700855600\n|switch|p2a: Vileplume|Vileplume, M|100\/100\n|turn|14\n|\n|t:|1700855615\n|move|p1a: Garchomp|Earthquake|p2a: Vileplume\n|-damage|p2a: Vileplume|26\/100\n|move|p2a: Vileplume|Giga Drain|p1a: Garchomp\n|-damage|p1a: Garchomp|0 fnt\n|-heal|p2a: Vileplume|30\/100|[from] drain|[of] p1a: Garchomp\n|faint|p1a: Garchomp\n|\n|upkeep\n|\n|t:|1700855628\n|switch|p1a: Neo|Gliscor, M|100\/100\n|-damage|p1a: Neo|88\/100|[from] Stealth Rock\n|turn|15\n|\n|t:|1700855635\n|move|p1a: Neo|Swords Dance|p1a: Neo\n|-boost|p1a: Neo|atk|2\n|move|p2a: Vileplume|Strength Sap|p1a: Neo\n|-unboost|p1a: Neo|atk|1\n|-heal|p2a: Vileplume|100\/100\n|\n|-status|p1a: Neo|tox|[from] item: Toxic Orb\n|upkeep\n|turn|16\n|\n|t:|1700855646\n|move|p1a: Neo|Swords Dance|p1a: Neo\n|-boost|p1a: Neo|atk|2\n|move|p2a: Vileplume|Leech Seed|p1a: Neo\n|-start|p1a: Neo|move: Leech Seed\n|\n|-damage|p1a: Neo|76\/100 tox|[from] Leech Seed|[of] p2a: Vileplume\n|-heal|p1a: Neo|88\/100 tox|[from] ability: Poison Heal\n|upkeep\n|turn|17\n|\n|t:|1700855655\n|move|p1a: Neo|Swords Dance|p1a: Neo\n|-boost|p1a: Neo|atk|2\n|move|p2a: Vileplume|Strength Sap|p1a: Neo\n|-unboost|p1a: Neo|atk|1\n|\n|-damage|p1a: Neo|76\/100 tox|[from] Leech Seed|[of] p2a: Vileplume\n|-heal|p1a: Neo|88\/100 tox|[from] ability: Poison Heal\n|upkeep\n|turn|18\n|\n|t:|1700855664\n|switch|p2a: Salazzle|Salazzle, F|100\/100\n|move|p1a: Neo|Swords Dance|p1a: Neo\n|-boost|p1a: Neo|atk|2\n|\n|-damage|p1a: Neo|76\/100 tox|[from] Leech Seed|[of] p2a: Salazzle\n|-heal|p1a: Neo|88\/100 tox|[from] ability: Poison Heal\n|upkeep\n|turn|19\n|\n|t:|1700855677\n|-terastallize|p1a: Neo|Normal\n|move|p2a: Salazzle|Encore|p1a: Neo\n|-start|p1a: Neo|Encore\n|move|p1a: Neo|Swords Dance|p1a: Neo\n|-boost|p1a: Neo|atk|0\n|\n|-damage|p1a: Neo|76\/100 tox|[from] Leech Seed|[of] p2a: Salazzle\n|-heal|p1a: Neo|88\/100 tox|[from] ability: Poison Heal\n|upkeep\n|turn|20\n|\n|t:|1700855690\n|switch|p1a: Aether|Latios, M|59\/100\n|-damage|p1a: Aether|47\/100|[from] Stealth Rock\n|move|p2a: Salazzle|Substitute|p2a: Salazzle\n|-start|p2a: Salazzle|Substitute\n|-damage|p2a: Salazzle|75\/100\n|\n|-heal|p2a: Salazzle|82\/100|[from] item: Leftovers\n|upkeep\n|turn|21\n|\n|t:|1700855696\n|move|p2a: Salazzle|Toxic|p1a: Aether\n|-status|p1a: Aether|tox\n|move|p1a: Aether|Light Screen|p1a: Aether\n|-sidestart|p1: EMEnt|move: Light Screen\n|\n|-heal|p2a: Salazzle|88\/100|[from] item: Leftovers\n|-damage|p1a: Aether|41\/100 tox|[from] psn\n|upkeep\n|turn|22\n|\n|t:|1700855706\n|move|p2a: Salazzle|Encore|p1a: Aether\n|-start|p1a: Aether|Encore\n|move|p1a: Aether|Light Screen||[still]\n|-fail|p1a: Aether\n|\n|-heal|p2a: Salazzle|94\/100|[from] item: Leftovers\n|-damage|p1a: Aether|29\/100 tox|[from] psn\n|upkeep\n|turn|23\n|\n|t:|1700855716\n|switch|p1a: Bianca|Diancie|100\/100\n|-damage|p1a: Bianca|88\/100|[from] Stealth Rock\n|move|p2a: Salazzle|Toxic|p1a: Bianca\n|-status|p1a: Bianca|tox\n|\n|-heal|p2a: Salazzle|99\/100|[from] item: Leftovers\n|-damage|p1a: Bianca|82\/100 tox|[from] psn\n|upkeep\n|turn|24\n|\n|t:|1700855725\n|detailschange|p1a: Bianca|Diancie-Mega\n|-mega|p1a: Bianca|Diancie|Diancite\n|move|p2a: Salazzle|Protect|p2a: Salazzle\n|-singleturn|p2a: Salazzle|Protect\n|move|p1a: Bianca|Earth Power|p2a: Salazzle\n|-activate|p2a: Salazzle|move: Protect\n|\n|-heal|p2a: Salazzle|100\/100|[from] item: Leftovers\n|-damage|p1a: Bianca|69\/100 tox|[from] psn\n|upkeep\n|turn|25\n|\n|t:|1700855742\n|move|p2a: Salazzle|Protect||[still]\n|-fail|p2a: Salazzle\n|move|p1a: Bianca|Earth Power|p2a: Salazzle\n|-supereffective|p2a: Salazzle\n|-end|p2a: Salazzle|Substitute\n|\n|-damage|p1a: Bianca|51\/100 tox|[from] psn\n|-sideend|p1: EMEnt|move: Light Screen\n|upkeep\n|turn|26\n|\n|t:|1700855751\n|move|p2a: Salazzle|Protect|p2a: Salazzle\n|-singleturn|p2a: Salazzle|Protect\n|move|p1a: Bianca|Earth Power|p2a: Salazzle\n|-activate|p2a: Salazzle|move: Protect\n|\n|-damage|p1a: Bianca|26\/100 tox|[from] psn\n|upkeep\n|turn|27\n|\n|t:|1700855755\n|move|p2a: Salazzle|Substitute|p2a: Salazzle\n|-start|p2a: Salazzle|Substitute\n|-damage|p2a: Salazzle|75\/100\n|move|p1a: Bianca|Earth Power|p2a: Salazzle\n|-supereffective|p2a: Salazzle\n|-end|p2a: Salazzle|Substitute\n|\n|-heal|p2a: Salazzle|82\/100|[from] item: Leftovers\n|-damage|p1a: Bianca|0 fnt|[from] psn\n|faint|p1a: Bianca\n|upkeep\n|\n|t:|1700855772\n|switch|p1a: Neo|Gliscor, M, tera:Normal|88\/100 tox\n|-damage|p1a: Neo|76\/100 tox|[from] Stealth Rock\n|turn|28\n|\n|t:|1700855784\n|move|p2a: Salazzle|Substitute|p2a: Salazzle\n|-start|p2a: Salazzle|Substitute\n|-damage|p2a: Salazzle|57\/100\n|move|p1a: Neo|Earthquake|p2a: Salazzle\n|-supereffective|p2a: Salazzle\n|-end|p2a: Salazzle|Substitute\n|\n|-heal|p2a: Salazzle|63\/100|[from] item: Leftovers\n|-heal|p1a: Neo|88\/100 tox|[from] ability: Poison Heal\n|upkeep\n|turn|29\n|\n|t:|1700855795\n|switch|p2a: Vileplume|Vileplume, M|100\/100\n|move|p1a: Neo|Earthquake|p2a: Vileplume\n|-damage|p2a: Vileplume|67\/100\n|\n|-heal|p1a: Neo|100\/100 tox|[from] ability: Poison Heal\n|upkeep\n|turn|30\n|\n|t:|1700855804\n|move|p1a: Neo|Swords Dance|p1a: Neo\n|-boost|p1a: Neo|atk|2\n|move|p2a: Vileplume|Strength Sap|p1a: Neo\n|-unboost|p1a: Neo|atk|1\n|-heal|p2a: Vileplume|100\/100\n|\n|upkeep\n|turn|31\n|\n|t:|1700855811\n|move|p1a: Neo|Swords Dance|p1a: Neo\n|-boost|p1a: Neo|atk|2\n|move|p2a: Vileplume|Leech Seed|p1a: Neo\n|-start|p1a: Neo|move: Leech Seed\n|\n|-damage|p1a: Neo|88\/100 tox|[from] Leech Seed|[of] p2a: Vileplume\n|-heal|p1a: Neo|100\/100 tox|[from] ability: Poison Heal\n|upkeep\n|turn|32\n|\n|t:|1700855824\n|switch|p2a: Salazzle|Salazzle, F|63\/100\n|move|p1a: Neo|Facade|p2a: Salazzle\n|-damage|p2a: Salazzle|0 fnt\n|faint|p2a: Salazzle\n|\n|upkeep\n|\n|t:|1700855829\n|switch|p2a: Forretress|Forretress, F|100\/100\n|turn|33\n|\n|t:|1700855834\n|move|p1a: Neo|Earthquake|p2a: Forretress\n|-damage|p2a: Forretress|35\/100\n|move|p2a: Forretress|Body Press|p1a: Neo\n|-supereffective|p1a: Neo\n|-crit|p1a: Neo\n|-damage|p1a: Neo|16\/100 tox\n|\n|-heal|p2a: Forretress|41\/100|[from] item: Leftovers\n|-damage|p1a: Neo|4\/100 tox|[from] Leech Seed|[of] p2a: Forretress\n|-heal|p2a: Forretress|53\/100|[silent]\n|-heal|p1a: Neo|16\/100 tox|[from] ability: Poison Heal\n|upkeep\n|turn|34\n|\n|t:|1700855846\n|move|p1a: Neo|Roost|p1a: Neo\n|-heal|p1a: Neo|66\/100 tox\n|move|p2a: Forretress|Body Press|p1a: Neo\n|-supereffective|p1a: Neo\n|-damage|p1a: Neo|15\/100 tox\n|\n|-heal|p2a: Forretress|60\/100|[from] item: Leftovers\n|-damage|p1a: Neo|3\/100 tox|[from] Leech Seed|[of] p2a: Forretress\n|-heal|p2a: Forretress|71\/100|[silent]\n|-heal|p1a: Neo|15\/100 tox|[from] ability: Poison Heal\n|upkeep\n|turn|35\n|\n|t:|1700855863\n|move|p1a: Neo|Earthquake|p2a: Forretress\n|-damage|p2a: Forretress|3\/100\n|move|p2a: Forretress|Body Press|p1a: Neo\n|-supereffective|p1a: Neo\n|-damage|p1a: Neo|0 fnt\n|faint|p1a: Neo\n|\n|-heal|p2a: Forretress|10\/100|[from] item: Leftovers\n|upkeep\n|\n|t:|1700855872\n|switch|p1a: Metal Face Doom|Ferrothorn, M|100\/100\n|-damage|p1a: Metal Face Doom|94\/100|[from] Stealth Rock\n|turn|36\n|\n|t:|1700855879\n|move|p2a: Forretress|Volt Switch|p1a: Metal Face Doom\n|-resisted|p1a: Metal Face Doom\n|-damage|p1a: Metal Face Doom|89\/100\n|\n|t:|1700855883\n|switch|p2a: Vileplume|Vileplume, M|100\/100|[from] Volt Switch\n|move|p1a: Metal Face Doom|Thunder Wave|p2a: Vileplume|[miss]\n|-miss|p1a: Metal Face Doom|p2a: Vileplume\n|\n|-heal|p1a: Metal Face Doom|96\/100|[from] item: Leftovers\n|upkeep\n|turn|37\n|\n|t:|1700855894\n|switch|p2a: Wigglytuff|Wigglytuff, F|34\/100\n|move|p1a: Metal Face Doom|Knock Off|p2a: Wigglytuff\n|-resisted|p2a: Wigglytuff\n|-damage|p2a: Wigglytuff|19\/100\n|-enditem|p2a: Wigglytuff|Light Clay|[from] move: Knock Off|[of] p1a: Metal Face Doom\n|\n|-heal|p1a: Metal Face Doom|100\/100|[from] item: Leftovers\n|upkeep\n|turn|38\n|\n|t:|1700855906\n|move|p2a: Wigglytuff|Wish|p2a: Wigglytuff\n|move|p1a: Metal Face Doom|Knock Off|p2a: Wigglytuff\n|-resisted|p2a: Wigglytuff\n|-damage|p2a: Wigglytuff|10\/100\n|-start|p1a: Metal Face Doom|Attract|[from] ability: Cute Charm|[of] p2a: Wigglytuff\n|\n|upkeep\n|turn|39\n|\n|t:|1700855930\n|switch|p2a: Forretress|Forretress, F|10\/100\n|-end|p1a: Metal Face Doom|Attract|[silent]\n|move|p1a: Metal Face Doom|Leech Seed|p2a: Forretress\n|-start|p2a: Forretress|move: Leech Seed\n|\n|-heal|p2a: Forretress|78\/100|[from] move: Wish|[wisher] Wigglytuff\n|-heal|p2a: Forretress|84\/100|[from] item: Leftovers\n|-damage|p2a: Forretress|72\/100|[from] Leech Seed|[of] p1a: Metal Face Doom\n|upkeep\n|turn|40\n|\n|t:|1700855941\n|switch|p1a: Aether|Latios, M|29\/100 tox\n|-damage|p1a: Aether|16\/100 tox|[from] Stealth Rock\n|move|p2a: Forretress|Volt Switch|p1a: Aether\n|-resisted|p1a: Aether\n|-damage|p1a: Aether|12\/100 tox\n|\n|t:|1700855948\n|switch|p2a: Wigglytuff|Wigglytuff, F|10\/100|[from] Volt Switch\n|\n|-damage|p1a: Aether|6\/100 tox|[from] psn\n|upkeep\n|turn|41\n|\n|t:|1700855957\n|move|p1a: Aether|Reflect|p1a: Aether\n|-sidestart|p1: EMEnt|Reflect\n|move|p2a: Wigglytuff|Wish|p2a: Wigglytuff\n|\n|-damage|p1a: Aether|0 fnt|[from] psn\n|faint|p1a: Aether\n|upkeep\n|\n|t:|1700855964\n|switch|p1a: Metal Face Doom|Ferrothorn, M|100\/100\n|-damage|p1a: Metal Face Doom|94\/100|[from] Stealth Rock\n|turn|42\n|\n|t:|1700855974\n|move|p2a: Wigglytuff|Reflect|p2a: Wigglytuff\n|-sidestart|p2: PlatinPark|Reflect\n|move|p1a: Metal Face Doom|Thunder Wave|p2a: Wigglytuff\n|-status|p2a: Wigglytuff|par\n|\n|-heal|p2a: Wigglytuff|60\/100 par|[from] move: Wish|[wisher] Wigglytuff\n|-heal|p1a: Metal Face Doom|100\/100|[from] item: Leftovers\n|upkeep\n|turn|43\n|\n|t:|1700855983\n|move|p1a: Metal Face Doom|Knock Off|p2a: Wigglytuff\n|-resisted|p2a: Wigglytuff\n|-damage|p2a: Wigglytuff|55\/100 par\n|cant|p2a: Wigglytuff|par\n|\n|upkeep\n|turn|44\n|\n|t:|1700855990\n|move|p1a: Metal Face Doom|Leech Seed|p2a: Wigglytuff\n|-start|p2a: Wigglytuff|move: Leech Seed\n|move|p2a: Wigglytuff|Wish|p2a: Wigglytuff\n|\n|-damage|p2a: Wigglytuff|43\/100 par|[from] Leech Seed|[of] p1a: Metal Face Doom\n|upkeep\n|turn|45\n|\n|t:|1700855999\n|switch|p2a: Forretress|Forretress, F|72\/100\n|move|p1a: Metal Face Doom|Stealth Rock|p2a: Forretress\n|-sidestart|p2: PlatinPark|move: Stealth Rock\n|\n|-heal|p2a: Forretress|100\/100|[from] move: Wish|[wisher] Wigglytuff\n|-sideend|p1: EMEnt|Reflect\n|upkeep\n|turn|46\n|\n|t:|1700856007\n|move|p2a: Forretress|Rapid Spin|p1a: Metal Face Doom\n|-resisted|p1a: Metal Face Doom\n|-damage|p1a: Metal Face Doom|98\/100\n|-boost|p2a: Forretress|spe|1\n|-damage|p2a: Forretress|88\/100|[from] ability: Iron Barbs|[of] p1a: Metal Face Doom\n|-sideend|p2: PlatinPark|Stealth Rock|[from] move: Rapid Spin|[of] p2a: Forretress\n|move|p1a: Metal Face Doom|Knock Off|p2a: Forretress\n|-damage|p2a: Forretress|83\/100\n|-enditem|p2a: Forretress|Leftovers|[from] move: Knock Off|[of] p1a: Metal Face Doom\n|\n|-heal|p1a: Metal Face Doom|100\/100|[from] item: Leftovers\n|-sideend|p2: PlatinPark|Reflect\n|upkeep\n|turn|47\n|\n|t:|1700856021\n|move|p2a: Forretress|Body Press|p1a: Metal Face Doom\n|-supereffective|p1a: Metal Face Doom\n|-damage|p1a: Metal Face Doom|61\/100\n|-damage|p2a: Forretress|70\/100|[from] ability: Iron Barbs|[of] p1a: Metal Face Doom\n|move|p1a: Metal Face Doom|Leech Seed|p2a: Forretress\n|-start|p2a: Forretress|move: Leech Seed\n|\n|-heal|p1a: Metal Face Doom|68\/100|[from] item: Leftovers\n|-damage|p2a: Forretress|58\/100|[from] Leech Seed|[of] p1a: Metal Face Doom\n|-heal|p1a: Metal Face Doom|80\/100|[silent]\n|upkeep\n|turn|48\n|\n|t:|1700856034\n|move|p2a: Forretress|Volt Switch|p1a: Metal Face Doom\n|-resisted|p1a: Metal Face Doom\n|-damage|p1a: Metal Face Doom|75\/100\n|\n|t:|1700856037\n|switch|p2a: Wigglytuff|Wigglytuff, F|43\/100 par|[from] Volt Switch\n|move|p1a: Metal Face Doom|Thunder Wave|p2a: Wigglytuff\n|-fail|p2a: Wigglytuff|par\n|\n|-heal|p1a: Metal Face Doom|81\/100|[from] item: Leftovers\n|upkeep\n|turn|49\n|\n|t:|1700856042\n|move|p1a: Metal Face Doom|Leech Seed|p2a: Wigglytuff|[miss]\n|-miss|p1a: Metal Face Doom|p2a: Wigglytuff\n|move|p2a: Wigglytuff|Wish|p2a: Wigglytuff\n|\n|-heal|p1a: Metal Face Doom|88\/100|[from] item: Leftovers\n|upkeep\n|turn|50\n|\n|t:|1700856048\n|move|p1a: Metal Face Doom|Leech Seed|p2a: Wigglytuff\n|-start|p2a: Wigglytuff|move: Leech Seed\n|move|p2a: Wigglytuff|Reflect|p2a: Wigglytuff\n|-sidestart|p2: PlatinPark|Reflect\n|\n|-heal|p2a: Wigglytuff|93\/100 par|[from] move: Wish|[wisher] Wigglytuff\n|-heal|p1a: Metal Face Doom|94\/100|[from] item: Leftovers\n|-damage|p2a: Wigglytuff|80\/100 par|[from] Leech Seed|[of] p1a: Metal Face Doom\n|-heal|p1a: Metal Face Doom|100\/100|[silent]\n|upkeep\n|turn|51\n|\n|t:|1700856062\n|switch|p2a: Forretress|Forretress, F|58\/100\n|move|p1a: Metal Face Doom|Stealth Rock|p2a: Forretress\n|-sidestart|p2: PlatinPark|move: Stealth Rock\n|\n|upkeep\n|turn|52\n|\n|t:|1700856068\n|move|p2a: Forretress|Rapid Spin|p1a: Metal Face Doom\n|-resisted|p1a: Metal Face Doom\n|-damage|p1a: Metal Face Doom|98\/100\n|-boost|p2a: Forretress|spe|1\n|-damage|p2a: Forretress|45\/100|[from] ability: Iron Barbs|[of] p1a: Metal Face Doom\n|-sideend|p2: PlatinPark|Stealth Rock|[from] move: Rapid Spin|[of] p2a: Forretress\n|move|p1a: Metal Face Doom|Knock Off|p2a: Forretress\n|-damage|p2a: Forretress|41\/100\n|\n|-heal|p1a: Metal Face Doom|100\/100|[from] item: Leftovers\n|upkeep\n|turn|53\n|\n|t:|1700856081\n|move|p2a: Forretress|Volt Switch|p1a: Metal Face Doom\n|-resisted|p1a: Metal Face Doom\n|-damage|p1a: Metal Face Doom|96\/100\n|\n|t:|1700856084\n|switch|p2a: Wigglytuff|Wigglytuff, F|80\/100 par|[from] Volt Switch\n|move|p1a: Metal Face Doom|Leech Seed|p2a: Wigglytuff\n|-start|p2a: Wigglytuff|move: Leech Seed\n|\n|-heal|p1a: Metal Face Doom|100\/100|[from] item: Leftovers\n|-damage|p2a: Wigglytuff|68\/100 par|[from] Leech Seed|[of] p1a: Metal Face Doom\n|upkeep\n|turn|54\n|\n|t:|1700856096\n|move|p1a: Metal Face Doom|Knock Off|p2a: Wigglytuff\n|-resisted|p2a: Wigglytuff\n|-damage|p2a: Wigglytuff|64\/100 par\n|cant|p2a: Wigglytuff|par\n|\n|-damage|p2a: Wigglytuff|51\/100 par|[from] Leech Seed|[of] p1a: Metal Face Doom\n|-sideend|p2: PlatinPark|Reflect\n|upkeep\n|turn|55\n|\n|t:|1700856101\n|move|p1a: Metal Face Doom|Knock Off|p2a: Wigglytuff\n|-resisted|p2a: Wigglytuff\n|-damage|p2a: Wigglytuff|42\/100 par\n|move|p2a: Wigglytuff|Wish|p2a: Wigglytuff\n|\n|-damage|p2a: Wigglytuff|29\/100 par|[from] Leech Seed|[of] p1a: Metal Face Doom\n|upkeep\n|turn|56\n|\n|t:|1700856110\n|switch|p2a: Forretress|Forretress, F|41\/100\n|move|p1a: Metal Face Doom|Knock Off|p2a: Forretress\n|-damage|p2a: Forretress|34\/100\n|\n|-heal|p2a: Forretress|100\/100|[from] move: Wish|[wisher] Wigglytuff\n|upkeep\n|turn|57\n|\n|t:|1700856125\n|move|p2a: Forretress|Body Press|p1a: Metal Face Doom\n|-supereffective|p1a: Metal Face Doom\n|-damage|p1a: Metal Face Doom|65\/100\n|-damage|p2a: Forretress|88\/100|[from] ability: Iron Barbs|[of] p1a: Metal Face Doom\n|move|p1a: Metal Face Doom|Thunder Wave|p2a: Forretress\n|-status|p2a: Forretress|par\n|\n|-heal|p1a: Metal Face Doom|72\/100|[from] item: Leftovers\n|upkeep\n|turn|58\n|\n|t:|1700856138\n|move|p1a: Metal Face Doom|Stealth Rock|p2a: Forretress\n|-sidestart|p2: PlatinPark|move: Stealth Rock\n|move|p2a: Forretress|Body Press|p1a: Metal Face Doom\n|-supereffective|p1a: Metal Face Doom\n|-damage|p1a: Metal Face Doom|32\/100\n|-damage|p2a: Forretress|76\/100 par|[from] ability: Iron Barbs|[of] p1a: Metal Face Doom\n|\n|-heal|p1a: Metal Face Doom|39\/100|[from] item: Leftovers\n|upkeep\n|turn|59\n|\n|t:|1700856147\n|move|p1a: Metal Face Doom|Leech Seed|p2a: Forretress\n|-start|p2a: Forretress|move: Leech Seed\n|cant|p2a: Forretress|par\n|\n|-heal|p1a: Metal Face Doom|45\/100|[from] item: Leftovers\n|-damage|p2a: Forretress|63\/100 par|[from] Leech Seed|[of] p1a: Metal Face Doom\n|-heal|p1a: Metal Face Doom|57\/100|[silent]\n|upkeep\n|turn|60\n|\n|t:|1700856158\n|move|p1a: Metal Face Doom|Knock Off|p2a: Forretress\n|-damage|p2a: Forretress|54\/100 par\n|move|p2a: Forretress|Rapid Spin|p1a: Metal Face Doom\n|-resisted|p1a: Metal Face Doom\n|-damage|p1a: Metal Face Doom|54\/100\n|-boost|p2a: Forretress|spe|1\n|-damage|p2a: Forretress|42\/100 par|[from] ability: Iron Barbs|[of] p1a: Metal Face Doom\n|-end|p2a: Forretress|Leech Seed|[from] move: Rapid Spin|[of] p2a: Forretress\n|-sideend|p2: PlatinPark|Stealth Rock|[from] move: Rapid Spin|[of] p2a: Forretress\n|\n|-heal|p1a: Metal Face Doom|61\/100|[from] item: Leftovers\n|upkeep\n|turn|61\n|\n|t:|1700856174\n|move|p2a: Forretress|Volt Switch|p1a: Metal Face Doom\n|-resisted|p1a: Metal Face Doom\n|-damage|p1a: Metal Face Doom|56\/100\n|\n|t:|1700856178\n|switch|p2a: Wigglytuff|Wigglytuff, F|29\/100 par|[from] Volt Switch\n|move|p1a: Metal Face Doom|Knock Off|p2a: Wigglytuff\n|-resisted|p2a: Wigglytuff\n|-damage|p2a: Wigglytuff|20\/100 par\n|-start|p1a: Metal Face Doom|Attract|[from] ability: Cute Charm|[of] p2a: Wigglytuff\n|\n|-heal|p1a: Metal Face Doom|62\/100|[from] item: Leftovers\n|upkeep\n|turn|62\n|\n|t:|1700856195\n|-activate|p1a: Metal Face Doom|move: Attract|[of] p2a: Wigglytuff\n|cant|p1a: Metal Face Doom|Attract\n|cant|p2a: Wigglytuff|par\n|\n|-heal|p1a: Metal Face Doom|69\/100|[from] item: Leftovers\n|upkeep\n|turn|63\n|\n|t:|1700856200\n|-activate|p1a: Metal Face Doom|move: Attract|[of] p2a: Wigglytuff\n|move|p1a: Metal Face Doom|Leech Seed|p2a: Wigglytuff\n|-start|p2a: Wigglytuff|move: Leech Seed\n|move|p2a: Wigglytuff|Wish|p2a: Wigglytuff\n|\n|-heal|p1a: Metal Face Doom|75\/100|[from] item: Leftovers\n|-damage|p2a: Wigglytuff|7\/100 par|[from] Leech Seed|[of] p1a: Metal Face Doom\n|-heal|p1a: Metal Face Doom|92\/100|[silent]\n|upkeep\n|turn|64\n|\n|t:|1700856212\n|switch|p2a: Forretress|Forretress, F|42\/100 par\n|-end|p1a: Metal Face Doom|Attract|[silent]\n|move|p1a: Metal Face Doom|Knock Off|p2a: Forretress\n|-damage|p2a: Forretress|35\/100 par\n|\n|-heal|p2a: Forretress|100\/100 par|[from] move: Wish|[wisher] Wigglytuff\n|-heal|p1a: Metal Face Doom|98\/100|[from] item: Leftovers\n|upkeep\n|turn|65\n|\n|t:|1700856224\n|move|p1a: Metal Face Doom|Leech Seed|p2a: Forretress\n|-start|p2a: Forretress|move: Leech Seed\n|move|p2a: Forretress|Body Press|p1a: Metal Face Doom\n|-supereffective|p1a: Metal Face Doom\n|-damage|p1a: Metal Face Doom|61\/100\n|-damage|p2a: Forretress|88\/100 par|[from] ability: Iron Barbs|[of] p1a: Metal Face Doom\n|\n|-heal|p1a: Metal Face Doom|67\/100|[from] item: Leftovers\n|-damage|p2a: Forretress|76\/100 par|[from] Leech Seed|[of] p1a: Metal Face Doom\n|-heal|p1a: Metal Face Doom|79\/100|[silent]\n|upkeep\n|turn|66\n|\n|t:|1700856242\n|switch|p2a: Wigglytuff|Wigglytuff, F|7\/100 par\n|move|p1a: Metal Face Doom|Stealth Rock|p2a: Wigglytuff\n|-sidestart|p2: PlatinPark|move: Stealth Rock\n|\n|-heal|p1a: Metal Face Doom|86\/100|[from] item: Leftovers\n|upkeep\n|turn|67\n|\n|t:|1700856250\n|move|p1a: Metal Face Doom|Knock Off|p2a: Wigglytuff\n|-resisted|p2a: Wigglytuff\n|-damage|p2a: Wigglytuff|0 fnt\n|faint|p2a: Wigglytuff\n|\n|-heal|p1a: Metal Face Doom|92\/100|[from] item: Leftovers\n|upkeep\n|\n|t:|1700856253\n|switch|p2a: Forretress|Forretress, F|76\/100 par\n|-damage|p2a: Forretress|63\/100 par|[from] Stealth Rock\n|turn|68\n|\n|t:|1700856267\n|move|p1a: Metal Face Doom|Leech Seed|p2a: Forretress\n|-start|p2a: Forretress|move: Leech Seed\n|move|p2a: Forretress|Volt Switch|p1a: Metal Face Doom\n|-resisted|p1a: Metal Face Doom\n|-damage|p1a: Metal Face Doom|88\/100\n|\n|t:|1700856272\n|switch|p2a: Vileplume|Vileplume, M|100\/100|[from] Volt Switch\n|-damage|p2a: Vileplume|88\/100|[from] Stealth Rock\n|\n|-heal|p1a: Metal Face Doom|94\/100|[from] item: Leftovers\n|upkeep\n|turn|69\n|\n|t:|1700856279\n|switch|p2a: Forretress|Forretress, F|63\/100 par\n|-damage|p2a: Forretress|51\/100 par|[from] Stealth Rock\n|move|p1a: Metal Face Doom|Knock Off|p2a: Forretress\n|-damage|p2a: Forretress|42\/100 par\n|\n|-heal|p1a: Metal Face Doom|99\/100|[from] item: Leftovers\n|upkeep\n|turn|70\n|\n|t:|1700856294\n|move|p1a: Metal Face Doom|Knock Off|p2a: Forretress\n|-damage|p2a: Forretress|35\/100 par\n|cant|p2a: Forretress|par\n|\n|-heal|p1a: Metal Face Doom|100\/100|[from] item: Leftovers\n|upkeep\n|turn|71\n|\n|t:|1700856305\n|move|p1a: Metal Face Doom|Knock Off|p2a: Forretress\n|-damage|p2a: Forretress|27\/100 par\n|move|p2a: Forretress|Volt Switch|p1a: Metal Face Doom\n|-resisted|p1a: Metal Face Doom\n|-damage|p1a: Metal Face Doom|96\/100\n|\n|t:|1700856310\n|switch|p2a: Vileplume|Vileplume, M|88\/100|[from] Volt Switch\n|-damage|p2a: Vileplume|76\/100|[from] Stealth Rock\n|\n|-heal|p1a: Metal Face Doom|100\/100|[from] item: Leftovers\n|upkeep\n|turn|72\n|\n|t:|1700856317\n|move|p2a: Vileplume|Strength Sap|p1a: Metal Face Doom\n|-unboost|p1a: Metal Face Doom|atk|1\n|-heal|p2a: Vileplume|100\/100\n|move|p1a: Metal Face Doom|Knock Off|p2a: Vileplume\n|-damage|p2a: Vileplume|89\/100\n|-damage|p1a: Metal Face Doom|84\/100|[from] item: Rocky Helmet|[of] p2a: Vileplume\n|-enditem|p2a: Vileplume|Rocky Helmet|[from] move: Knock Off|[of] p1a: Metal Face Doom\n|\n|-heal|p1a: Metal Face Doom|90\/100|[from] item: Leftovers\n|upkeep\n|turn|73\n|\n|t:|1700856344\n|move|p2a: Vileplume|Strength Sap|p1a: Metal Face Doom\n|-unboost|p1a: Metal Face Doom|atk|1\n|-heal|p2a: Vileplume|100\/100\n|move|p1a: Metal Face Doom|Leech Seed|p2a: Vileplume\n|-immune|p2a: Vileplume\n|\n|-heal|p1a: Metal Face Doom|97\/100|[from] item: Leftovers\n|upkeep\n|turn|74\n|\n|t:|1700856356\n|move|p2a: Vileplume|Giga Drain|p1a: Metal Face Doom\n|-resisted|p1a: Metal Face Doom\n|-damage|p1a: Metal Face Doom|90\/100\n|move|p1a: Metal Face Doom|Knock Off|p2a: Vileplume\n|-damage|p2a: Vileplume|95\/100\n|\n|-heal|p1a: Metal Face Doom|97\/100|[from] item: Leftovers\n|upkeep\n|turn|75\n|\n|t:|1700856368\n|move|p2a: Vileplume|Giga Drain|p1a: Metal Face Doom\n|-resisted|p1a: Metal Face Doom\n|-damage|p1a: Metal Face Doom|91\/100\n|-heal|p2a: Vileplume|98\/100|[from] drain|[of] p1a: Metal Face Doom\n|move|p1a: Metal Face Doom|Thunder Wave|p2a: Vileplume|[miss]\n|-miss|p1a: Metal Face Doom|p2a: Vileplume\n|\n|-heal|p1a: Metal Face Doom|97\/100|[from] item: Leftovers\n|upkeep\n|turn|76\n|\n|t:|1700856383\n|move|p2a: Vileplume|Giga Drain|p1a: Metal Face Doom\n|-resisted|p1a: Metal Face Doom\n|-crit|p1a: Metal Face Doom\n|-damage|p1a: Metal Face Doom|88\/100\n|-heal|p2a: Vileplume|100\/100|[from] drain|[of] p1a: Metal Face Doom\n|move|p1a: Metal Face Doom|Thunder Wave|p2a: Vileplume\n|-status|p2a: Vileplume|par\n|\n|-heal|p1a: Metal Face Doom|94\/100|[from] item: Leftovers\n|upkeep\n|turn|77\n|\n|t:|1700856398\n|move|p1a: Metal Face Doom|Knock Off|p2a: Vileplume\n|-damage|p2a: Vileplume|95\/100 par\n|move|p2a: Vileplume|Giga Drain|p1a: Metal Face Doom\n|-resisted|p1a: Metal Face Doom\n|-damage|p1a: Metal Face Doom|89\/100\n|-heal|p2a: Vileplume|98\/100 par|[from] drain|[of] p1a: Metal Face Doom\n|\n|-heal|p1a: Metal Face Doom|95\/100|[from] item: Leftovers\n|upkeep\n|turn|78\n|\n|t:|1700856407\n|move|p1a: Metal Face Doom|Knock Off|p2a: Vileplume\n|-damage|p2a: Vileplume|93\/100 par\n|cant|p2a: Vileplume|par\n|\n|-heal|p1a: Metal Face Doom|100\/100|[from] item: Leftovers\n|upkeep\n|turn|79\n|c|\u2606EMEnt|lol\n|\n|t:|1700856423\n|move|p1a: Metal Face Doom|Knock Off|p2a: Vileplume\n|-damage|p2a: Vileplume|87\/100 par\n|move|p2a: Vileplume|Giga Drain|p1a: Metal Face Doom\n|-resisted|p1a: Metal Face Doom\n|-damage|p1a: Metal Face Doom|94\/100\n|-heal|p2a: Vileplume|90\/100 par|[from] drain|[of] p1a: Metal Face Doom\n|\n|-heal|p1a: Metal Face Doom|100\/100|[from] item: Leftovers\n|upkeep\n|turn|80\n|\n|t:|1700856433\n|move|p1a: Metal Face Doom|Knock Off|p2a: Vileplume\n|-damage|p2a: Vileplume|84\/100 par\n|move|p2a: Vileplume|Giga Drain|p1a: Metal Face Doom\n|-resisted|p1a: Metal Face Doom\n|-damage|p1a: Metal Face Doom|95\/100\n|-heal|p2a: Vileplume|88\/100 par|[from] drain|[of] p1a: Metal Face Doom\n|\n|-heal|p1a: Metal Face Doom|100\/100|[from] item: Leftovers\n|upkeep\n|turn|81\n|\n|t:|1700856443\n|move|p1a: Metal Face Doom|Knock Off|p2a: Vileplume\n|-damage|p2a: Vileplume|82\/100 par\n|move|p2a: Vileplume|Giga Drain|p1a: Metal Face Doom\n|-resisted|p1a: Metal Face Doom\n|-damage|p1a: Metal Face Doom|94\/100\n|-heal|p2a: Vileplume|85\/100 par|[from] drain|[of] p1a: Metal Face Doom\n|\n|-heal|p1a: Metal Face Doom|100\/100|[from] item: Leftovers\n|upkeep\n|turn|82\n|\n|t:|1700856451\n|move|p1a: Metal Face Doom|Knock Off|p2a: Vileplume\n|-damage|p2a: Vileplume|80\/100 par\n|move|p2a: Vileplume|Giga Drain|p1a: Metal Face Doom\n|-resisted|p1a: Metal Face Doom\n|-damage|p1a: Metal Face Doom|95\/100\n|-heal|p2a: Vileplume|83\/100 par|[from] drain|[of] p1a: Metal Face Doom\n|\n|-heal|p1a: Metal Face Doom|100\/100|[from] item: Leftovers\n|upkeep\n|turn|83\n|\n|t:|1700856460\n|move|p1a: Metal Face Doom|Knock Off|p2a: Vileplume\n|-damage|p2a: Vileplume|77\/100 par\n|move|p2a: Vileplume|Giga Drain|p1a: Metal Face Doom\n|-resisted|p1a: Metal Face Doom\n|-damage|p1a: Metal Face Doom|95\/100\n|-heal|p2a: Vileplume|80\/100 par|[from] drain|[of] p1a: Metal Face Doom\n|\n|-heal|p1a: Metal Face Doom|100\/100|[from] item: Leftovers\n|upkeep\n|turn|84\n|\n|t:|1700856468\n|move|p1a: Metal Face Doom|Knock Off|p2a: Vileplume\n|-damage|p2a: Vileplume|74\/100 par\n|move|p2a: Vileplume|Giga Drain|p1a: Metal Face Doom\n|-resisted|p1a: Metal Face Doom\n|-damage|p1a: Metal Face Doom|94\/100\n|-heal|p2a: Vileplume|77\/100 par|[from] drain|[of] p1a: Metal Face Doom\n|\n|-heal|p1a: Metal Face Doom|100\/100|[from] item: Leftovers\n|upkeep\n|turn|85\n|\n|t:|1700856476\n|move|p1a: Metal Face Doom|Knock Off|p2a: Vileplume\n|-damage|p2a: Vileplume|72\/100 par\n|move|p2a: Vileplume|Giga Drain|p1a: Metal Face Doom\n|-resisted|p1a: Metal Face Doom\n|-damage|p1a: Metal Face Doom|94\/100\n|-heal|p2a: Vileplume|75\/100 par|[from] drain|[of] p1a: Metal Face Doom\n|\n|-heal|p1a: Metal Face Doom|100\/100|[from] item: Leftovers\n|upkeep\n|turn|86\n|\n|t:|1700856487\n|move|p1a: Metal Face Doom|Stealth Rock||[still]\n|-fail|p1a: Metal Face Doom\n|move|p2a: Vileplume|Giga Drain|p1a: Metal Face Doom\n|-resisted|p1a: Metal Face Doom\n|-damage|p1a: Metal Face Doom|94\/100\n|-heal|p2a: Vileplume|78\/100 par|[from] drain|[of] p1a: Metal Face Doom\n|\n|-heal|p1a: Metal Face Doom|100\/100|[from] item: Leftovers\n|upkeep\n|turn|87\n|\n|t:|1700856502\n|move|p1a: Metal Face Doom|Knock Off|p2a: Vileplume\n|-damage|p2a: Vileplume|72\/100 par\n|move|p2a: Vileplume|Toxic|p1a: Metal Face Doom\n|-immune|p1a: Metal Face Doom\n|\n|upkeep\n|turn|88\n|\n|t:|1700856507\n|move|p1a: Metal Face Doom|Stealth Rock||[still]\n|-fail|p1a: Metal Face Doom\n|move|p2a: Vileplume|Toxic|p1a: Metal Face Doom\n|-immune|p1a: Metal Face Doom\n|\n|upkeep\n|turn|89\n|\n|t:|1700856512\n|move|p1a: Metal Face Doom|Stealth Rock||[still]\n|-fail|p1a: Metal Face Doom\n|cant|p2a: Vileplume|par\n|\n|upkeep\n|turn|90\n|\n|t:|1700856517\n|move|p1a: Metal Face Doom|Stealth Rock||[still]\n|-fail|p1a: Metal Face Doom\n|cant|p2a: Vileplume|par\n|\n|upkeep\n|turn|91\n|\n|t:|1700856521\n|move|p1a: Metal Face Doom|Stealth Rock||[still]\n|-fail|p1a: Metal Face Doom\n|move|p2a: Vileplume|Toxic|p1a: Metal Face Doom\n|-immune|p1a: Metal Face Doom\n|\n|upkeep\n|turn|92\n|\n|t:|1700856529\n|move|p1a: Metal Face Doom|Stealth Rock||[still]\n|-fail|p1a: Metal Face Doom\n|cant|p2a: Vileplume|par\n|\n|upkeep\n|turn|93\n|\n|t:|1700856535\n|move|p1a: Metal Face Doom|Stealth Rock||[still]\n|-fail|p1a: Metal Face Doom\n|move|p2a: Vileplume|Strength Sap|p1a: Metal Face Doom\n|-unboost|p1a: Metal Face Doom|atk|1\n|-heal|p2a: Vileplume|100\/100 par\n|\n|upkeep\n|turn|94\n|\n|t:|1700856542\n|move|p1a: Metal Face Doom|Stealth Rock||[still]\n|-fail|p1a: Metal Face Doom\n|move|p2a: Vileplume|Toxic|p1a: Metal Face Doom\n|-immune|p1a: Metal Face Doom\n|\n|upkeep\n|turn|95\n|\n|t:|1700856547\n|move|p1a: Metal Face Doom|Stealth Rock||[still]\n|-fail|p1a: Metal Face Doom\n|move|p2a: Vileplume|Toxic|p1a: Metal Face Doom\n|-immune|p1a: Metal Face Doom\n|\n|upkeep\n|turn|96\n|\n|t:|1700856552\n|move|p1a: Metal Face Doom|Stealth Rock||[still]\n|-fail|p1a: Metal Face Doom\n|move|p2a: Vileplume|Toxic|p1a: Metal Face Doom\n|-immune|p1a: Metal Face Doom\n|\n|upkeep\n|turn|97\n|\n|t:|1700856557\n|move|p1a: Metal Face Doom|Stealth Rock||[still]\n|-fail|p1a: Metal Face Doom\n|move|p2a: Vileplume|Toxic|p1a: Metal Face Doom\n|-immune|p1a: Metal Face Doom\n|\n|upkeep\n|turn|98\n|\n|t:|1700856563\n|move|p1a: Metal Face Doom|Stealth Rock||[still]\n|-fail|p1a: Metal Face Doom\n|move|p2a: Vileplume|Toxic|p1a: Metal Face Doom\n|-immune|p1a: Metal Face Doom\n|\n|upkeep\n|turn|99\n|\n|t:|1700856568\n|move|p1a: Metal Face Doom|Stealth Rock||[still]\n|-fail|p1a: Metal Face Doom\n|move|p2a: Vileplume|Toxic|p1a: Metal Face Doom\n|-immune|p1a: Metal Face Doom\n|\n|upkeep\n|turn|100\n|\n|t:|1700856572\n|move|p1a: Metal Face Doom|Stealth Rock||[still]\n|-fail|p1a: Metal Face Doom\n|move|p2a: Vileplume|Toxic|p1a: Metal Face Doom\n|-immune|p1a: Metal Face Doom\n|\n|upkeep\n|turn|101\n|\n|t:|1700856575\n|move|p1a: Metal Face Doom|Stealth Rock||[still]\n|-fail|p1a: Metal Face Doom\n|move|p2a: Vileplume|Toxic|p1a: Metal Face Doom\n|-immune|p1a: Metal Face Doom\n|\n|upkeep\n|turn|102\n|\n|t:|1700856576\n|move|p1a: Metal Face Doom|Stealth Rock||[still]\n|-fail|p1a: Metal Face Doom\n|move|p2a: Vileplume|Toxic|p1a: Metal Face Doom\n|-immune|p1a: Metal Face Doom\n|\n|upkeep\n|turn|103\n|\n|t:|1700856578\n|move|p1a: Metal Face Doom|Stealth Rock||[still]\n|-fail|p1a: Metal Face Doom\n|move|p2a: Vileplume|Leech Seed|p1a: Metal Face Doom\n|-immune|p1a: Metal Face Doom\n|\n|upkeep\n|turn|104\n|\n|t:|1700856580\n|move|p1a: Metal Face Doom|Stealth Rock||[still]\n|-fail|p1a: Metal Face Doom\n|move|p2a: Vileplume|Leech Seed|p1a: Metal Face Doom\n|-immune|p1a: Metal Face Doom\n|\n|upkeep\n|turn|105\n|\n|t:|1700856584\n|move|p1a: Metal Face Doom|Stealth Rock||[still]\n|-fail|p1a: Metal Face Doom\n|move|p2a: Vileplume|Leech Seed|p1a: Metal Face Doom\n|-immune|p1a: Metal Face Doom\n|\n|upkeep\n|turn|106\n|\n|t:|1700856589\n|move|p1a: Metal Face Doom|Stealth Rock||[still]\n|-fail|p1a: Metal Face Doom\n|move|p2a: Vileplume|Leech Seed|p1a: Metal Face Doom\n|-immune|p1a: Metal Face Doom\n|\n|upkeep\n|turn|107\n|\n|t:|1700856594\n|move|p1a: Metal Face Doom|Stealth Rock||[still]\n|-fail|p1a: Metal Face Doom\n|move|p2a: Vileplume|Leech Seed|p1a: Metal Face Doom\n|-immune|p1a: Metal Face Doom\n|\n|upkeep\n|turn|108\n|\n|t:|1700856596\n|move|p1a: Metal Face Doom|Stealth Rock||[still]\n|-fail|p1a: Metal Face Doom\n|cant|p2a: Vileplume|par\n|\n|upkeep\n|turn|109\n|\n|t:|1700856597\n|move|p1a: Metal Face Doom|Stealth Rock||[still]\n|-fail|p1a: Metal Face Doom\n|move|p2a: Vileplume|Leech Seed|p1a: Metal Face Doom\n|-immune|p1a: Metal Face Doom\n|\n|upkeep\n|turn|110\n|\n|t:|1700856599\n|move|p1a: Metal Face Doom|Stealth Rock||[still]\n|-fail|p1a: Metal Face Doom\n|cant|p2a: Vileplume|par\n|\n|upkeep\n|turn|111\n|\n|t:|1700856601\n|move|p1a: Metal Face Doom|Stealth Rock||[still]\n|-fail|p1a: Metal Face Doom\n|move|p2a: Vileplume|Leech Seed|p1a: Metal Face Doom\n|-immune|p1a: Metal Face Doom\n|\n|upkeep\n|turn|112\n|\n|t:|1700856603\n|move|p1a: Metal Face Doom|Stealth Rock||[still]\n|-fail|p1a: Metal Face Doom\n|move|p2a: Vileplume|Leech Seed|p1a: Metal Face Doom\n|-immune|p1a: Metal Face Doom\n|\n|upkeep\n|turn|113\n|\n|t:|1700856604\n|move|p1a: Metal Face Doom|Stealth Rock||[still]\n|-fail|p1a: Metal Face Doom\n|cant|p2a: Vileplume|par\n|\n|upkeep\n|turn|114\n|\n|t:|1700856606\n|move|p1a: Metal Face Doom|Stealth Rock||[still]\n|-fail|p1a: Metal Face Doom\n|cant|p2a: Vileplume|par\n|\n|upkeep\n|turn|115\n|\n|t:|1700856613\n|move|p1a: Metal Face Doom|Thunder Wave|p2a: Vileplume\n|-fail|p2a: Vileplume|par\n|cant|p2a: Vileplume|par\n|\n|upkeep\n|turn|116\n|\n|t:|1700856617\n|switch|p2a: Forretress|Forretress, F|27\/100 par\n|-damage|p2a: Forretress|15\/100 par|[from] Stealth Rock\n|move|p1a: Metal Face Doom|Thunder Wave|p2a: Forretress\n|-fail|p2a: Forretress|par\n|\n|upkeep\n|turn|117\n|\n|t:|1700856628\n|move|p1a: Metal Face Doom|Knock Off|p2a: Forretress\n|-damage|p2a: Forretress|11\/100 par\n|move|p2a: Forretress|Rapid Spin|p1a: Metal Face Doom\n|-resisted|p1a: Metal Face Doom\n|-damage|p1a: Metal Face Doom|98\/100\n|-boost|p2a: Forretress|spe|1\n|-damage|p2a: Forretress|0 fnt|[from] ability: Iron Barbs|[of] p1a: Metal Face Doom\n|faint|p2a: Forretress\n|\n|-heal|p1a: Metal Face Doom|100\/100|[from] item: Leftovers\n|upkeep\n|\n|t:|1700856634\n|switch|p2a: Vileplume|Vileplume, M|100\/100 par\n|-damage|p2a: Vileplume|88\/100 par|[from] Stealth Rock\n|turn|118\n|\n|t:|1700856660\n|move|p1a: Metal Face Doom|Thunder Wave|p2a: Vileplume\n|-fail|p2a: Vileplume|par\n|cant|p2a: Vileplume|par\n|\n|upkeep\n|turn|119\n|\n|t:|1700856672\n|move|p1a: Metal Face Doom|Thunder Wave|p2a: Vileplume\n|-fail|p2a: Vileplume|par\n|move|p2a: Vileplume|Leech Seed|p1a: Metal Face Doom\n|-immune|p1a: Metal Face Doom\n|\n|upkeep\n|turn|120\n|\n|t:|1700856680\n|move|p1a: Metal Face Doom|Thunder Wave|p2a: Vileplume\n|-fail|p2a: Vileplume|par\n|move|p2a: Vileplume|Leech Seed|p1a: Metal Face Doom\n|-immune|p1a: Metal Face Doom\n|\n|upkeep\n|turn|121\n|\n|t:|1700856686\n|move|p1a: Metal Face Doom|Thunder Wave|p2a: Vileplume\n|-fail|p2a: Vileplume|par\n|cant|p2a: Vileplume|par\n|\n|upkeep\n|turn|122\n|\n|t:|1700856696\n|move|p1a: Metal Face Doom|Thunder Wave|p2a: Vileplume\n|-fail|p2a: Vileplume|par\n|move|p2a: Vileplume|Leech Seed|p1a: Metal Face Doom\n|-immune|p1a: Metal Face Doom\n|\n|upkeep\n|turn|123\n|\n|t:|1700856703\n|move|p1a: Metal Face Doom|Thunder Wave|p2a: Vileplume\n|-fail|p2a: Vileplume|par\n|move|p2a: Vileplume|Leech Seed|p1a: Metal Face Doom\n|-immune|p1a: Metal Face Doom\n|\n|upkeep\n|turn|124\n|\n|t:|1700856710\n|move|p1a: Metal Face Doom|Leech Seed|p2a: Vileplume\n|-immune|p2a: Vileplume\n|move|p2a: Vileplume|Toxic|p1a: Metal Face Doom\n|-immune|p1a: Metal Face Doom\n|\n|upkeep\n|turn|125\n|\n|t:|1700856712\n|move|p1a: Metal Face Doom|Leech Seed|p2a: Vileplume\n|-immune|p2a: Vileplume\n|cant|p2a: Vileplume|par\n|\n|upkeep\n|turn|126\n|\n|t:|1700856715\n|move|p1a: Metal Face Doom|Leech Seed|p2a: Vileplume\n|-immune|p2a: Vileplume\n|move|p2a: Vileplume|Toxic|p1a: Metal Face Doom\n|-immune|p1a: Metal Face Doom\n|\n|upkeep\n|turn|127\n|\n|t:|1700856723\n|move|p1a: Metal Face Doom|Leech Seed|p2a: Vileplume\n|-immune|p2a: Vileplume\n|move|p2a: Vileplume|Toxic|p1a: Metal Face Doom\n|-immune|p1a: Metal Face Doom\n|\n|upkeep\n|turn|128\n|\n|t:|1700856727\n|move|p1a: Metal Face Doom|Leech Seed|p2a: Vileplume\n|-immune|p2a: Vileplume\n|move|p2a: Vileplume|Toxic|p1a: Metal Face Doom\n|-immune|p1a: Metal Face Doom\n|\n|upkeep\n|turn|129\n|inactive|EMEnt has 120 seconds left.\n|\n|t:|1700856758\n|move|p1a: Metal Face Doom|Thunder Wave|p2a: Vileplume\n|-fail|p2a: Vileplume|par\n|move|p2a: Vileplume|Leech Seed|p1a: Metal Face Doom\n|-immune|p1a: Metal Face Doom\n|\n|upkeep\n|turn|130\n|inactive|EMEnt has 120 seconds left.\n|\n|t:|1700856766\n|move|p1a: Metal Face Doom|Thunder Wave|p2a: Vileplume\n|-fail|p2a: Vileplume|par\n|move|p2a: Vileplume|Leech Seed|p1a: Metal Face Doom\n|-immune|p1a: Metal Face Doom\n|\n|upkeep\n|turn|131\n|inactive|EMEnt has 120 seconds left.\n|\n|t:|1700856776\n|move|p1a: Metal Face Doom|Thunder Wave|p2a: Vileplume\n|-fail|p2a: Vileplume|par\n|move|p2a: Vileplume|Strength Sap|p1a: Metal Face Doom\n|-unboost|p1a: Metal Face Doom|atk|1\n|-heal|p2a: Vileplume|100\/100 par\n|\n|upkeep\n|turn|132\n|inactive|EMEnt has 120 seconds left.\n|\n|t:|1700856785\n|move|p1a: Metal Face Doom|Thunder Wave|p2a: Vileplume|[miss]\n|-miss|p1a: Metal Face Doom|p2a: Vileplume\n|cant|p2a: Vileplume|par\n|\n|upkeep\n|turn|133\n|inactive|EMEnt has 120 seconds left.\n|\n|t:|1700856790\n|move|p1a: Metal Face Doom|Thunder Wave|p2a: Vileplume\n|-fail|p2a: Vileplume|par\n|move|p2a: Vileplume|Giga Drain|p1a: Metal Face Doom\n|-resisted|p1a: Metal Face Doom\n|-damage|p1a: Metal Face Doom|95\/100\n|\n|-heal|p1a: Metal Face Doom|100\/100|[from] item: Leftovers\n|upkeep\n|turn|134\n|inactive|EMEnt has 120 seconds left.\n|\n|t:|1700856797\n|move|p1a: Metal Face Doom|Thunder Wave|p2a: Vileplume\n|-fail|p2a: Vileplume|par\n|move|p2a: Vileplume|Giga Drain|p1a: Metal Face Doom\n|-resisted|p1a: Metal Face Doom\n|-damage|p1a: Metal Face Doom|94\/100\n|\n|-heal|p1a: Metal Face Doom|100\/100|[from] item: Leftovers\n|upkeep\n|turn|135\n|\n|t:|1700856802\n|move|p1a: Metal Face Doom|Thunder Wave|p2a: Vileplume\n|-fail|p2a: Vileplume|par\n|move|p2a: Vileplume|Giga Drain|p1a: Metal Face Doom\n|-resisted|p1a: Metal Face Doom\n|-damage|p1a: Metal Face Doom|95\/100\n|\n|-heal|p1a: Metal Face Doom|100\/100|[from] item: Leftovers\n|upkeep\n|turn|136\n|\n|t:|1700856806\n|move|p1a: Metal Face Doom|Thunder Wave|p2a: Vileplume\n|-fail|p2a: Vileplume|par\n|cant|p2a: Vileplume|par\n|\n|upkeep\n|turn|137\n|\n|t:|1700856809\n|move|p1a: Metal Face Doom|Thunder Wave|p2a: Vileplume\n|-fail|p2a: Vileplume|par\n|move|p2a: Vileplume|Strength Sap|p1a: Metal Face Doom\n|-unboost|p1a: Metal Face Doom|atk|1\n|\n|upkeep\n|turn|138\n|\n|t:|1700856813\n|move|p1a: Metal Face Doom|Thunder Wave|p2a: Vileplume\n|-fail|p2a: Vileplume|par\n|cant|p2a: Vileplume|par\n|\n|upkeep\n|turn|139\n|\n|t:|1700856821\n|move|p1a: Metal Face Doom|Thunder Wave|p2a: Vileplume\n|-fail|p2a: Vileplume|par\n|cant|p2a: Vileplume|par\n|\n|upkeep\n|turn|140\n|\n|t:|1700856829\n|move|p1a: Metal Face Doom|Thunder Wave|p2a: Vileplume\n|-fail|p2a: Vileplume|par\n|move|p2a: Vileplume|Strength Sap|p1a: Metal Face Doom\n|-unboost|p1a: Metal Face Doom|atk|1\n|\n|upkeep\n|turn|141\n|\n|t:|1700856835\n|move|p1a: Metal Face Doom|Thunder Wave|p2a: Vileplume\n|-fail|p2a: Vileplume|par\n|move|p2a: Vileplume|Strength Sap||[still]\n|-fail|p2a: Vileplume\n|\n|upkeep\n|turn|142\n|\n|t:|1700856841\n|move|p1a: Metal Face Doom|Thunder Wave|p2a: Vileplume\n|-fail|p2a: Vileplume|par\n|move|p2a: Vileplume|Strength Sap||[still]\n|-fail|p2a: Vileplume\n|\n|upkeep\n|turn|143\n|\n|t:|1700856847\n|move|p1a: Metal Face Doom|Thunder Wave|p2a: Vileplume\n|-fail|p2a: Vileplume|par\n|move|p2a: Vileplume|Strength Sap||[still]\n|-fail|p2a: Vileplume\n|\n|upkeep\n|turn|144\n|\n|t:|1700856852\n|move|p1a: Metal Face Doom|Thunder Wave|p2a: Vileplume\n|-fail|p2a: Vileplume|par\n|move|p2a: Vileplume|Strength Sap||[still]\n|-fail|p2a: Vileplume\n|\n|upkeep\n|turn|145\n|\n|t:|1700856857\n|move|p1a: Metal Face Doom|Thunder Wave|p2a: Vileplume\n|-fail|p2a: Vileplume|par\n|cant|p2a: Vileplume|par\n|\n|upkeep\n|turn|146\n|\n|t:|1700856862\n|move|p1a: Metal Face Doom|Thunder Wave|p2a: Vileplume\n|-fail|p2a: Vileplume|par\n|move|p2a: Vileplume|Strength Sap||[still]\n|-fail|p2a: Vileplume\n|\n|upkeep\n|turn|147\n|\n|t:|1700856868\n|move|p1a: Metal Face Doom|Knock Off|p2a: Vileplume\n|-damage|p2a: Vileplume|98\/100 par\n|cant|p2a: Vileplume|par\n|\n|upkeep\n|turn|148\n|\n|t:|1700856872\n|move|p1a: Metal Face Doom|Knock Off|p2a: Vileplume\n|-damage|p2a: Vileplume|95\/100 par\n|move|p2a: Vileplume|Strength Sap||[still]\n|-fail|p2a: Vileplume\n|\n|upkeep\n|turn|149\n|\n|t:|1700856878\n|move|p1a: Metal Face Doom|Knock Off|p2a: Vileplume\n|-damage|p2a: Vileplume|92\/100 par\n|cant|p2a: Vileplume|par\n|\n|upkeep\n|turn|150\n|\n|t:|1700856884\n|move|p1a: Metal Face Doom|Knock Off|p2a: Vileplume\n|-damage|p2a: Vileplume|89\/100 par\n|move|p2a: Vileplume|Strength Sap||[still]\n|-fail|p2a: Vileplume\n|\n|upkeep\n|turn|151\n|\n|t:|1700856894\n|-activate|p1a: Metal Face Doom|move: Struggle\n|move|p1a: Metal Face Doom|Struggle|p2a: Vileplume\n|-damage|p2a: Vileplume|87\/100 par\n|-damage|p1a: Metal Face Doom|75\/100|[from] recoil\n|cant|p2a: Vileplume|par\n|\n|-heal|p1a: Metal Face Doom|82\/100|[from] item: Leftovers\n|upkeep\n|turn|152\n|\n|t:|1700856902\n|-activate|p1a: Metal Face Doom|move: Struggle\n|move|p1a: Metal Face Doom|Struggle|p2a: Vileplume\n|-damage|p2a: Vileplume|85\/100 par\n|-damage|p1a: Metal Face Doom|57\/100|[from] recoil\n|-activate|p2a: Vileplume|move: Struggle\n|move|p2a: Vileplume|Struggle|p1a: Metal Face Doom\n|-damage|p1a: Metal Face Doom|53\/100\n|-damage|p2a: Vileplume|72\/100 par|[from] ability: Iron Barbs|[of] p1a: Metal Face Doom\n|-damage|p2a: Vileplume|47\/100 par|[from] recoil\n|\n|-heal|p1a: Metal Face Doom|59\/100|[from] item: Leftovers\n|upkeep\n|turn|153\n|\n|t:|1700856913\n|-activate|p1a: Metal Face Doom|move: Struggle\n|move|p1a: Metal Face Doom|Struggle|p2a: Vileplume\n|-crit|p2a: Vileplume\n|-damage|p2a: Vileplume|34\/100 par\n|-damage|p1a: Metal Face Doom|34\/100|[from] recoil\n|-activate|p2a: Vileplume|move: Struggle\n|move|p2a: Vileplume|Struggle|p1a: Metal Face Doom\n|-damage|p1a: Metal Face Doom|29\/100\n|-damage|p2a: Vileplume|21\/100 par|[from] ability: Iron Barbs|[of] p1a: Metal Face Doom\n|-damage|p2a: Vileplume|0 fnt|[from] recoil\n|faint|p2a: Vileplume\n|\n|win|EMEnt\n|raw|EMEnt's rating: 1356 &rarr; <strong>1380<\/strong><br \/>(+24 for winning)\n|raw|PlatinPark's rating: 1430 &rarr; <strong>1406<\/strong><br \/>(-24 for losing)\n|c|\u2606EMEnt|gg\n|c|\u2606EMEnt|ez\n","uploadtime":1700856942,"views":3,"p1id":"ement","p2id":"platinpark","formatid":"gen9nationaldex","rating":1380,"private":0,"password":""}