{"id":"gen9nationaldex-1997183840","p1":"ericmont","p2":"AjoFC","format":"[Gen 9] National Dex","log":"|html|<div class=\"broadcast-blue\"><strong>[Gen 9] National Dex is currently suspecting Sneasler! For information on how to participate check out the <a href=\"https:\/\/www.smogon.com\/forums\/threads\/sv-national-dex-suspect-8-just-dance.3731534\/\">suspect thread<\/a>.<\/strong><\/div>\n|j|\u2606ericmont\n|j|\u2606AjoFC\n|t:|1700773125\n|gametype|singles\n|player|p1|ericmont|bertha|\n|player|p2|AjoFC|juggler|\n|teamsize|p1|6\n|teamsize|p2|6\n|gen|9\n|tier|[Gen 9] National Dex\n|rule|HP Percentage Mod: HP is shown in percentages\n|rule|Endless Battle Clause: Forcing endless battles is banned\n|rule|OHKO Clause: OHKO moves are banned\n|rule|Evasion Clause: Evasion abilities, items, and moves are banned\n|rule|Evasion Abilities Clause: Evasion abilities are banned\n|rule|Evasion Items Clause: Evasion items are banned\n|rule|Evasion Moves Clause: Evasion moves are banned\n|rule|Species Clause: Limit one of each Pok\u00e9mon\n|rule|Sleep Clause Mod: Limit one foe put to sleep\n|clearpoke\n|poke|p1|Tapu Koko|\n|poke|p1|Iron Valiant|\n|poke|p1|Hawlucha, M|\n|poke|p1|Iron Moth|\n|poke|p1|Greninja-*, M|\n|poke|p1|Scizor, F|\n|poke|p2|Maushold-Four|\n|poke|p2|Lopunny, F|\n|poke|p2|Ditto|\n|poke|p2|Porygon-Z|\n|poke|p2|Zoroark-Hisui, F|\n|poke|p2|Dondozo, F|\n|teampreview\n|inactive|Battle timer is ON: inactive players will automatically lose when time's up. (requested by AjoFC)\n|j| Gamer00ooO\n|c|\u2606ericmont|Glhf\n|c| Gamer00ooO|Hola\n|\n|t:|1700773151\n|start\n|switch|p1a: Tapu \u00f1alo|Tapu Koko|100\/100\n|switch|p2a: Spamton|Porygon-Z|100\/100\n|-fieldstart|move: Electric Terrain|[from] ability: Electric Surge|[of] p1a: Tapu \u00f1alo\n|turn|1\n|\n|t:|1700773159\n|move|p1a: Tapu \u00f1alo|Thunderbolt|p2a: Spamton\n|-damage|p2a: Spamton|38\/100\n|-status|p2a: Spamton|par\n|-zpower|p2a: Spamton\n|move|p2a: Spamton|Z-Conversion|p2a: Spamton|[anim]Conversion\n|-boost|p2a: Spamton|atk|1|[zeffect]\n|-boost|p2a: Spamton|def|1|[zeffect]\n|-boost|p2a: Spamton|spa|1|[zeffect]\n|-boost|p2a: Spamton|spd|1|[zeffect]\n|-boost|p2a: Spamton|spe|1|[zeffect]\n|-start|p2a: Spamton|typechange|Electric\n|\n|upkeep\n|turn|2\n|c|\u2606ericmont|f\n|\n|t:|1700773179\n|move|p1a: Tapu \u00f1alo|U-turn|p2a: Spamton\n|-crit|p2a: Spamton\n|-damage|p2a: Spamton|5\/100 par\n|c|\u2606ericmont|q mala suerte\n|j| WSoldat\n|c|\u2606ericmont|XD\n|c|\u2606ericmont|perdon\n|c| Gamer00ooO|Ni tanto\n|c|\u2606AjoFC|\ud83e\udd75\n|inactive|ericmont has 270 seconds left.\n|c|\u2606AjoFC|Empezamos fuertes\n|c| Gamer00ooO|Es un 30%\n|c| Gamer00ooO|Si\n|c|\u2606AjoFC|Pero despu\u00e9s cr\u00edtico\n|c|\u2606AjoFC|Con 4%\n|c|\u2606ericmont|sera tbolt?\n|\n|t:|1700773231\n|switch|p1a: El pinzas|Scizor, F|100\/100|[from] U-turn\n|move|p2a: Spamton|Discharge|p1a: El pinzas\n|-damage|p1a: El pinzas|0 fnt\n|faint|p1a: El pinzas\n|\n|upkeep\n|c|\u2606ericmont|Ok\n|inactive|ericmont has 240 seconds left.\n|\n|t:|1700773242\n|switch|p1a: Pollita|Iron Moth|100\/100\n|-activate|p1a: Pollita|ability: Quark Drive\n|-start|p1a: Pollita|quarkdrivespe\n|turn|3\n|\n|t:|1700773248\n|move|p1a: Pollita|Fiery Dance|p2a: Spamton\n|-damage|p2a: Spamton|0 fnt\n|faint|p2a: Spamton\n|\n|upkeep\n|c|\u2606ericmont|Me encanta\n|\n|t:|1700773254\n|switch|p2a: OwO|Lopunny, F|100\/100\n|turn|4\n|c|\u2606ericmont|No boost\n|\n|t:|1700773261\n|-end|p1a: Pollita|Quark Drive|[silent]\n|switch|p1a: Andale wey|Hawlucha, M|100\/100\n|-enditem|p1a: Andale wey|Electric Seed\n|-boost|p1a: Andale wey|def|1|[from] item: Electric Seed\n|detailschange|p2a: OwO|Lopunny-Mega, F\n|-mega|p2a: OwO|Lopunny|Lopunnite\n|move|p2a: OwO|Fake Out|p1a: Andale wey\n|-damage|p1a: Andale wey|80\/100\n|\n|upkeep\n|turn|5\n|\n|t:|1700773271\n|switch|p2a: Harvest|Maushold-Four|100\/100\n|move|p1a: Andale wey|Acrobatics|p2a: Harvest\n|-damage|p2a: Harvest|20\/100\n|\n|upkeep\n|turn|6\n|\n|t:|1700773278\n|move|p1a: Andale wey|Acrobatics|p2a: Harvest\n|-damage|p2a: Harvest|0 fnt\n|faint|p2a: Harvest\n|\n|upkeep\n|c|\u2606AjoFC|Hice miss click \ud83d\ude05\n|\n|t:|1700773297\n|switch|p2a: Hola|Dondozo, F|100\/100\n|turn|7\n|c| Gamer00ooO|Quien ser\u00e1\n|c|\u2606AjoFC|Dondozo\n|c| Gamer00ooO|Quien ser\u00e1\n|\n|t:|1700773309\n|move|p1a: Andale wey|Taunt|p2a: Hola\n|-start|p2a: Hola|move: Taunt\n|cant|p2a: Hola|move: Taunt|Curse\n|\n|upkeep\n|turn|8\n|c| Gamer00ooO|Zoroark-Hisui\n|\n|t:|1700773321\n|switch|p2a: SOY TU XD|Ditto|100\/100\n|-transform|p2a: SOY TU XD|p1a: Andale wey|[from] ability: Imposter\n|move|p1a: Andale wey|Acrobatics|p2a: SOY TU XD\n|-supereffective|p2a: SOY TU XD\n|-damage|p2a: SOY TU XD|10\/100\n|\n|-fieldend|move: Electric Terrain\n|upkeep\n|turn|9\n|c| Gamer00ooO|Miss click eso pasa\n|\n|t:|1700773333\n|-terastallize|p1a: Andale wey|Steel\n|move|p1a: Andale wey|Acrobatics|p2a: SOY TU XD\n|-supereffective|p2a: SOY TU XD\n|-damage|p2a: SOY TU XD|0 fnt\n|faint|p2a: SOY TU XD\n|\n|upkeep\n|\n|t:|1700773343\n|switch|p2a: OwO|Lopunny-Mega, F|100\/100\n|turn|10\n|\n|t:|1700773349\n|move|p2a: OwO|Fake Out|p1a: Andale wey\n|-resisted|p1a: Andale wey\n|-damage|p1a: Andale wey|69\/100\n|cant|p1a: Andale wey|flinch\n|\n|upkeep\n|turn|11\n|\n|t:|1700773356\n|move|p1a: Andale wey|Acrobatics|p2a: OwO\n|-supereffective|p2a: OwO\n|-damage|p2a: OwO|0 fnt\n|faint|p2a: OwO\n|\n|upkeep\n|\n|t:|1700773365\n|switch|p2a: Hola|Dondozo, F|100\/100\n|turn|12\n|\n|t:|1700773379\n|move|p1a: Andale wey|Acrobatics|p2a: Hola\n|-damage|p2a: Hola|6\/100\n|replace|p2a: MONDONGO|Zoroark-Hisui, F\n|-end|p2a: MONDONGO|Illusion\n|move|p2a: MONDONGO|Flamethrower|p1a: Andale wey\n|-supereffective|p1a: Andale wey\n|-damage|p1a: Andale wey|0 fnt\n|faint|p1a: Andale wey\n|\n|upkeep\n|\n|t:|1700773392\n|switch|p1a: Tapu \u00f1alo|Tapu Koko|100\/100\n|-fieldstart|move: Electric Terrain|[from] ability: Electric Surge|[of] p1a: Tapu \u00f1alo\n|turn|13\n|c| Gamer00ooO|Los sab\u00eda\n|c|\u2606ericmont|dondozo sweep?\n|\n|t:|1700773405\n|move|p1a: Tapu \u00f1alo|U-turn|p2a: MONDONGO\n|-resisted|p2a: MONDONGO\n|-damage|p2a: MONDONGO|0 fnt\n|faint|p2a: MONDONGO\n|\n|t:|1700773409\n|switch|p1a: Bailarin|Iron Valiant|100\/100|[from] U-turn\n|-activate|p1a: Bailarin|ability: Quark Drive\n|-start|p1a: Bailarin|quarkdrivespe\n|\n|upkeep\n|\n|t:|1700773415\n|switch|p2a: Hola|Dondozo, F|100\/100\n|turn|14\n|\n|t:|1700773422\n|-terastallize|p2a: Hola|Electric\n|move|p1a: Bailarin|Thunderbolt|p2a: Hola\n|-resisted|p2a: Hola\n|-damage|p2a: Hola|84\/100\n|-damage|p1a: Bailarin|91\/100|[from] item: Life Orb\n|move|p2a: Hola|Curse|p2a: Hola\n|-unboost|p2a: Hola|spe|1\n|-boost|p2a: Hola|atk|1\n|-boost|p2a: Hola|def|1\n|\n|-heal|p2a: Hola|91\/100|[from] item: Leftovers\n|upkeep\n|turn|15\n|c| Gamer00ooO|Es Zoroark-Hisui\n|c|\u2606ericmont|es dondozo\n|\n|t:|1700773440\n|move|p1a: Bailarin|Moonblast|p2a: Hola\n|-damage|p2a: Hola|52\/100\n|-unboost|p2a: Hola|spa|1\n|-damage|p1a: Bailarin|81\/100|[from] item: Life Orb\n|move|p2a: Hola|Curse|p2a: Hola\n|-unboost|p2a: Hola|spe|1\n|-boost|p2a: Hola|atk|1\n|-boost|p2a: Hola|def|1\n|\n|-heal|p2a: Hola|59\/100|[from] item: Leftovers\n|upkeep\n|turn|16\n|\n|t:|1700773452\n|move|p1a: Bailarin|Moonblast|p2a: Hola\n|-damage|p2a: Hola|17\/100\n|-damage|p1a: Bailarin|71\/100|[from] item: Life Orb\n|move|p2a: Hola|Rest||[still]\n|-activate|p2a: Hola|move: Electric Terrain\n|-fail|p2a: Hola\n|\n|-heal|p2a: Hola|24\/100|[from] item: Leftovers\n|upkeep\n|turn|17\n|c|\u2606ericmont|Gg\n|j| Cristian7gg\n|c|\u2606AjoFC|Nunca lo hab\u00eda tan mal en un combate\n|c|\u2606AjoFC|Losiento Eric\n|inactive|AjoFC has 270 seconds left.\n|\n|t:|1700773478\n|move|p1a: Bailarin|Moonblast|p2a: Hola\n|-damage|p2a: Hola|0 fnt\n|faint|p2a: Hola\n|-damage|p1a: Bailarin|62\/100|[from] item: Life Orb\n|\n|win|ericmont\n|c|\u2606AjoFC|GG\n","uploadtime":1700773485,"views":15,"p1id":"ericmont","p2id":"ajofc","formatid":"gen9nationaldex","rating":0,"private":0,"password":""}