{"id":"gen9nationaldex-1993373862","p1":"HemachandraGodLike","p2":"koodagameplay","format":"[Gen 9] National Dex","log":"|j|\u2606HemachandraGodLike\n|j|\u2606koodagameplay\n|t:|1700308205\n|gametype|singles\n|player|p1|HemachandraGodLike|hilbert-wonderlauncher|1129\n|player|p2|koodagameplay|pokemonbreederf-gen4|1060\n|teamsize|p1|6\n|teamsize|p2|6\n|gen|9\n|tier|[Gen 9] National Dex\n|rated|\n|rule|HP Percentage Mod: HP is shown in percentages\n|rule|Endless Battle Clause: Forcing endless battles is banned\n|rule|OHKO Clause: OHKO moves are banned\n|rule|Evasion Clause: Evasion abilities, items, and moves are banned\n|rule|Evasion Abilities Clause: Evasion abilities are banned\n|rule|Evasion Items Clause: Evasion items are banned\n|rule|Evasion Moves Clause: Evasion moves are banned\n|rule|Species Clause: Limit one of each Pok\u00e9mon\n|rule|Sleep Clause Mod: Limit one foe put to sleep\n|clearpoke\n|poke|p1|Great Tusk|\n|poke|p1|Kartana|\n|poke|p1|Kommo-o, M|\n|poke|p1|Iron Moth|\n|poke|p1|Gyarados, M|\n|poke|p1|Garchomp, M|\n|poke|p2|Dragonair, F|\n|poke|p2|Pikachu, F|\n|poke|p2|Dodrio, M|\n|poke|p2|Quaquaval, F|\n|poke|p2|Garchomp, F|\n|poke|p2|Lopunny, M|\n|teampreview\n|inactive|Battle timer is ON: inactive players will automatically lose when time's up. (requested by HemachandraGodLike)\n|\n|t:|1700308218\n|start\n|switch|p1a: Garchomp|Garchomp, M|100\/100\n|switch|p2a: Determination|Dragonair, F, shiny|100\/100\n|turn|1\n|\n|t:|1700308233\n|move|p1a: Garchomp|Scale Shot|p2a: Determination\n|-supereffective|p2a: Determination\n|-damage|p2a: Determination|77\/100\n|-supereffective|p2a: Determination\n|-damage|p2a: Determination|57\/100\n|-supereffective|p2a: Determination\n|-damage|p2a: Determination|33\/100\n|-supereffective|p2a: Determination\n|-damage|p2a: Determination|10\/100\n|-supereffective|p2a: Determination\n|-damage|p2a: Determination|0 fnt\n|faint|p2a: Determination\n|-hitcount|p2: Determination|5\n|-unboost|p1a: Garchomp|def|1\n|-boost|p1a: Garchomp|spe|1\n|\n|upkeep\n|\n|t:|1700308246\n|switch|p2a: Joker|Lopunny, M|100\/100\n|turn|2\n|\n|t:|1700308252\n|switch|p1a: Great Tusk|Great Tusk|100\/100\n|-enditem|p1a: Great Tusk|Booster Energy\n|-activate|p1a: Great Tusk|ability: Protosynthesis|[fromitem]\n|-start|p1a: Great Tusk|protosynthesisatk\n|detailschange|p2a: Joker|Lopunny-Mega, M\n|-mega|p2a: Joker|Lopunny|Lopunnite\n|move|p2a: Joker|Fake Out|p1a: Great Tusk\n|-damage|p1a: Great Tusk|86\/100\n|\n|upkeep\n|turn|3\n|\n|t:|1700308261\n|move|p2a: Joker|Triple Axel|p1a: Great Tusk\n|-supereffective|p1a: Great Tusk\n|-damage|p1a: Great Tusk|76\/100\n|-supereffective|p1a: Great Tusk\n|-damage|p1a: Great Tusk|57\/100\n|-supereffective|p1a: Great Tusk\n|-damage|p1a: Great Tusk|30\/100\n|-hitcount|p1a: Great Tusk|3\n|move|p1a: Great Tusk|Close Combat|p2a: Joker\n|-supereffective|p2a: Joker\n|-damage|p2a: Joker|0 fnt\n|-unboost|p1a: Great Tusk|def|1\n|-unboost|p1a: Great Tusk|spd|1\n|faint|p2a: Joker\n|\n|upkeep\n|\n|t:|1700308273\n|switch|p2a: Carnaval|Quaquaval, F|100\/100\n|turn|4\n|\n|t:|1700308283\n|-end|p1a: Great Tusk|Protosynthesis|[silent]\n|switch|p1a: Kartana|Kartana|100\/100\n|-terastallize|p2a: Carnaval|Water\n|move|p2a: Carnaval|Aqua Step|p1a: Kartana\n|-resisted|p1a: Kartana\n|-damage|p1a: Kartana|70\/100\n|-boost|p2a: Carnaval|spe|1\n|\n|upkeep\n|turn|5\n|\n|t:|1700308294\n|switch|p2a: Rage|Dodrio, M|100\/100\n|move|p1a: Kartana|Tailwind|p1a: Kartana\n|-sidestart|p1: HemachandraGodLike|move: Tailwind\n|\n|upkeep\n|turn|6\n|\n|t:|1700308299\n|move|p1a: Kartana|Sacred Sword|p2a: Rage\n|-damage|p2a: Rage|30\/100\n|move|p2a: Rage|Knock Off|p1a: Kartana\n|-damage|p1a: Kartana|41\/100\n|-enditem|p1a: Kartana|Focus Sash|[from] move: Knock Off|[of] p2a: Rage\n|\n|upkeep\n|turn|7\n|\n|t:|1700308306\n|move|p1a: Kartana|Sacred Sword|p2a: Rage\n|-damage|p2a: Rage|0 fnt\n|faint|p2a: Rage\n|-ability|p1a: Kartana|Beast Boost|boost\n|-boost|p1a: Kartana|atk|1\n|\n|upkeep\n|\n|t:|1700308313\n|switch|p2a: Ash|Pikachu, F|100\/100\n|turn|8\n|\n|t:|1700308316\n|move|p2a: Ash|Fake Out|p1a: Kartana\n|-resisted|p1a: Kartana\n|-damage|p1a: Kartana|32\/100\n|cant|p1a: Kartana|flinch\n|\n|-sideend|p1: HemachandraGodLike|move: Tailwind\n|upkeep\n|turn|9\n|\n|t:|1700308323\n|move|p2a: Ash|Extreme Speed|p1a: Kartana\n|-resisted|p1a: Kartana\n|-damage|p1a: Kartana|16\/100\n|move|p1a: Kartana|Leaf Blade|p2a: Ash\n|-damage|p2a: Ash|0 fnt\n|faint|p2a: Ash\n|-ability|p1a: Kartana|Beast Boost|boost\n|-boost|p1a: Kartana|atk|1\n|\n|upkeep\n|\n|t:|1700308332\n|switch|p2a: Carnaval|Quaquaval, F, tera:Water|100\/100\n|turn|10\n|\n|t:|1700308335\n|move|p2a: Carnaval|Aqua Step|p1a: Kartana\n|-resisted|p1a: Kartana\n|-damage|p1a: Kartana|0 fnt\n|-boost|p2a: Carnaval|spe|1\n|faint|p1a: Kartana\n|-ability|p2a: Carnaval|Moxie|boost\n|-boost|p2a: Carnaval|atk|1\n|\n|upkeep\n|\n|t:|1700308340\n|switch|p1a: Gyarados|Gyarados, M|100\/100\n|turn|11\n|\n|t:|1700308345\n|detailschange|p1a: Gyarados|Gyarados-Mega, M\n|-mega|p1a: Gyarados|Gyarados|Gyaradosite\n|-ability|p1a: Gyarados|Mold Breaker\n|move|p2a: Carnaval|Aqua Step|p1a: Gyarados\n|-resisted|p1a: Gyarados\n|-damage|p1a: Gyarados|56\/100\n|-boost|p2a: Carnaval|spe|1\n|move|p1a: Gyarados|Dragon Dance|p1a: Gyarados\n|-boost|p1a: Gyarados|atk|1\n|-boost|p1a: Gyarados|spe|1\n|\n|upkeep\n|turn|12\n|\n|t:|1700308354\n|move|p2a: Carnaval|Aqua Step|p1a: Gyarados\n|-resisted|p1a: Gyarados\n|-damage|p1a: Gyarados|16\/100\n|-boost|p2a: Carnaval|spe|1\n|move|p1a: Gyarados|Crunch|p2a: Carnaval\n|-damage|p2a: Carnaval|2\/100\n|\n|upkeep\n|turn|13\n|\n|t:|1700308362\n|switch|p1a: Kommo-o|Kommo-o, M|100\/100\n|move|p2a: Carnaval|Aqua Step|p1a: Kommo-o\n|-resisted|p1a: Kommo-o\n|-damage|p1a: Kommo-o|60\/100\n|-boost|p2a: Carnaval|spe|1\n|\n|upkeep\n|turn|14\n|\n|t:|1700308369\n|move|p2a: Carnaval|Aqua Step|p1a: Kommo-o\n|-resisted|p1a: Kommo-o\n|-crit|p1a: Kommo-o\n|-damage|p1a: Kommo-o|0 fnt\n|-boost|p2a: Carnaval|spe|1\n|faint|p1a: Kommo-o\n|-ability|p2a: Carnaval|Moxie|boost\n|-boost|p2a: Carnaval|atk|1\n|\n|upkeep\n|\n|t:|1700308372\n|switch|p1a: Garchomp|Garchomp, M|100\/100\n|turn|15\n|\n|t:|1700308380\n|-terastallize|p1a: Garchomp|Dragon\n|move|p2a: Carnaval|Aqua Step|p1a: Garchomp\n|-resisted|p1a: Garchomp\n|-damage|p1a: Garchomp|43\/100\n|-boost|p2a: Carnaval|spe|1\n|-damage|p2a: Carnaval|0 fnt|[from] ability: Rough Skin|[of] p1a: Garchomp\n|faint|p2a: Carnaval\n|move|p1a: Garchomp|Poison Jab|p2: Carnaval|[notarget]\n|-fail|p1a: Garchomp\n|\n|upkeep\n|\n|t:|1700308389\n|switch|p2a: Cynthia|Garchomp, F|100\/100\n|turn|16\n|\n|t:|1700308392\n|move|p2a: Cynthia|Dragon Claw|p1a: Garchomp\n|-supereffective|p1a: Garchomp\n|-damage|p1a: Garchomp|0 fnt\n|-damage|p2a: Cynthia|88\/100|[from] ability: Rough Skin|[of] p1a: Garchomp\n|faint|p1a: Garchomp\n|\n|upkeep\n|\n|t:|1700308396\n|switch|p1a: Gyarados|Gyarados-Mega, M|16\/100\n|-ability|p1a: Gyarados|Mold Breaker\n|turn|17\n|\n|t:|1700308401\n|move|p2a: Cynthia|Earthquake|p1a: Gyarados\n|-damage|p1a: Gyarados|0 fnt\n|faint|p1a: Gyarados\n|\n|upkeep\n|\n|t:|1700308404\n|switch|p1a: Great Tusk|Great Tusk|30\/100\n|turn|18\n|\n|t:|1700308408\n|move|p2a: Cynthia|Earthquake|p1a: Great Tusk\n|-damage|p1a: Great Tusk|0 fnt\n|faint|p1a: Great Tusk\n|-end|p1a: Great Tusk|Protosynthesis|[silent]\n|\n|upkeep\n|\n|t:|1700308410\n|switch|p1a: Iron Moth|Iron Moth|100\/100\n|-enditem|p1a: Iron Moth|Booster Energy\n|-activate|p1a: Iron Moth|ability: Quark Drive|[fromitem]\n|-start|p1a: Iron Moth|quarkdrivespa\n|turn|19\n|\n|t:|1700308415\n|move|p2a: Cynthia|Earthquake|p1a: Iron Moth\n|-supereffective|p1a: Iron Moth\n|-damage|p1a: Iron Moth|0 fnt\n|faint|p1a: Iron Moth\n|-end|p1a: Iron Moth|Quark Drive|[silent]\n|\n|win|koodagameplay\n|raw|HemachandraGodLike's rating: 1129 &rarr; <strong>1099<\/strong><br \/>(-30 for losing)\n|raw|koodagameplay's rating: 1060 &rarr; <strong>1097<\/strong><br \/>(+37 for winning)\n|l|\u2606HemachandraGodLike\n|c|\u2606koodagameplay|gg\n","uploadtime":1700308576,"views":7,"p1id":"hemachandragodlike","p2id":"koodagameplay","formatid":"gen9nationaldex","rating":1097,"private":0,"password":""}