{"id":"gen9nationaldex-1996804752","p1":"Homeboss","p2":"xiaozhifensi","format":"[Gen 9] National Dex","log":"|html|<div class=\"broadcast-blue\"><strong>[Gen 9] National Dex is currently suspecting Sneasler! For information on how to participate check out the <a href=\"https:\/\/www.smogon.com\/forums\/threads\/sv-national-dex-suspect-8-just-dance.3731534\/\">suspect thread<\/a>.<\/strong><\/div>\n|j|\u2606Homeboss\n|j|\u2606xiaozhifensi\n|t:|1700728130\n|gametype|singles\n|player|p1|Homeboss|ninjaboy|1335\n|player|p2|xiaozhifensi|ash-kalos|1450\n|teamsize|p1|6\n|teamsize|p2|6\n|gen|9\n|tier|[Gen 9] National Dex\n|rated|\n|rule|HP Percentage Mod: HP is shown in percentages\n|rule|Endless Battle Clause: Forcing endless battles is banned\n|rule|OHKO Clause: OHKO moves are banned\n|rule|Evasion Clause: Evasion abilities, items, and moves are banned\n|rule|Evasion Abilities Clause: Evasion abilities are banned\n|rule|Evasion Items Clause: Evasion items are banned\n|rule|Evasion Moves Clause: Evasion moves are banned\n|rule|Species Clause: Limit one of each Pok\u00e9mon\n|rule|Sleep Clause Mod: Limit one foe put to sleep\n|clearpoke\n|poke|p1|Tyranitar, M|\n|poke|p1|Excadrill, M|\n|poke|p1|Tapu Lele|\n|poke|p1|Moltres|\n|poke|p1|Ogerpon-Wellspring, F|\n|poke|p1|Dracozolt|\n|poke|p2|Sneasler, M|\n|poke|p2|Serperior, F|\n|poke|p2|Galvantula, M|\n|poke|p2|Charizard, F|\n|poke|p2|Iron Treads|\n|poke|p2|Tapu Lele|\n|teampreview\n|inactive|Battle timer is ON: inactive players will automatically lose when time's up. (requested by xiaozhifensi)\n|\n|t:|1700728149\n|start\n|switch|p1a: Ogerpon|Ogerpon-Wellspring, F|100\/100\n|switch|p2a: \u6492\u4e2a\u7f51|Galvantula, M|100\/100\n|turn|1\n|\n|t:|1700728156\n|move|p1a: Ogerpon|Ivy Cudgel|p2a: \u6492\u4e2a\u7f51|[anim] Ivy Cudgel Water\n|-enditem|p2a: \u6492\u4e2a\u7f51|Focus Sash\n|-damage|p2a: \u6492\u4e2a\u7f51|1\/100\n|move|p2a: \u6492\u4e2a\u7f51|Sticky Web|p1a: Ogerpon\n|-sidestart|p1: Homeboss|move: Sticky Web\n|\n|upkeep\n|turn|2\n|\n|t:|1700728169\n|switch|p2a: \u654c\u4e0d\u52a8\u6211\u5c31\u52a8|Serperior, F|100\/100\n|move|p1a: Ogerpon|U-turn|p2a: \u654c\u4e0d\u52a8\u6211\u5c31\u52a8\n|-supereffective|p2a: \u654c\u4e0d\u52a8\u6211\u5c31\u52a8\n|-damage|p2a: \u654c\u4e0d\u52a8\u6211\u5c31\u52a8|34\/100\n|\n|t:|1700728182\n|switch|p1a: Moltres|Moltres|100\/100|[from] U-turn\n|\n|-heal|p2a: \u654c\u4e0d\u52a8\u6211\u5c31\u52a8|40\/100|[from] item: Leftovers\n|upkeep\n|turn|3\n|\n|t:|1700728190\n|move|p2a: \u654c\u4e0d\u52a8\u6211\u5c31\u52a8|Glare|p1a: Moltres\n|-status|p1a: Moltres|par\n|move|p1a: Moltres|Mystical Fire|p2a: \u654c\u4e0d\u52a8\u6211\u5c31\u52a8\n|-supereffective|p2a: \u654c\u4e0d\u52a8\u6211\u5c31\u52a8\n|-damage|p2a: \u654c\u4e0d\u52a8\u6211\u5c31\u52a8|0 fnt\n|faint|p2a: \u654c\u4e0d\u52a8\u6211\u5c31\u52a8\n|\n|upkeep\n|\n|t:|1700728196\n|switch|p2a: \u56fd\u4ea7\u55b7|Charizard, F|100\/100\n|turn|4\n|\n|t:|1700728203\n|detailschange|p2a: \u56fd\u4ea7\u55b7|Charizard-Mega-X, F\n|-mega|p2a: \u56fd\u4ea7\u55b7|Charizard|Charizardite X\n|move|p2a: \u56fd\u4ea7\u55b7|Flame Charge|p1a: Moltres\n|-resisted|p1a: Moltres\n|-damage|p1a: Moltres|90\/100 par\n|-boost|p2a: \u56fd\u4ea7\u55b7|spe|1\n|move|p1a: Moltres|Mystical Fire|p2a: \u56fd\u4ea7\u55b7\n|-resisted|p2a: \u56fd\u4ea7\u55b7\n|-damage|p2a: \u56fd\u4ea7\u55b7|92\/100\n|-unboost|p2a: \u56fd\u4ea7\u55b7|spa|1\n|\n|upkeep\n|turn|5\n|\n|t:|1700728214\n|move|p2a: \u56fd\u4ea7\u55b7|Belly Drum|p2a: \u56fd\u4ea7\u55b7\n|-damage|p2a: \u56fd\u4ea7\u55b7|42\/100\n|-setboost|p2a: \u56fd\u4ea7\u55b7|atk|6|[from] move: Belly Drum\n|move|p1a: Moltres|U-turn|p2a: \u56fd\u4ea7\u55b7\n|-resisted|p2a: \u56fd\u4ea7\u55b7\n|-damage|p2a: \u56fd\u4ea7\u55b7|35\/100\n|\n|t:|1700728218\n|switch|p1a: Tyranitar|Tyranitar, M|100\/100|[from] U-turn\n|-activate|p1a: Tyranitar|move: Sticky Web\n|-unboost|p1a: Tyranitar|spe|1\n|-weather|Sandstorm|[from] ability: Sand Stream|[of] p1a: Tyranitar\n|\n|-weather|Sandstorm|[upkeep]\n|-damage|p2a: \u56fd\u4ea7\u55b7|29\/100|[from] Sandstorm\n|upkeep\n|turn|6\n|\n|t:|1700728228\n|detailschange|p1a: Tyranitar|Tyranitar-Mega, M\n|-mega|p1a: Tyranitar|Tyranitar|Tyranitarite\n|move|p2a: \u56fd\u4ea7\u55b7|Dragon Claw|p1a: Tyranitar\n|-damage|p1a: Tyranitar|0 fnt\n|faint|p1a: Tyranitar\n|\n|-weather|Sandstorm|[upkeep]\n|-damage|p2a: \u56fd\u4ea7\u55b7|23\/100|[from] Sandstorm\n|upkeep\n|\n|t:|1700728235\n|switch|p1a: Excadrill|Excadrill, M|100\/100\n|-activate|p1a: Excadrill|move: Sticky Web\n|-unboost|p1a: Excadrill|spe|1\n|turn|7\n|l|\u2606Homeboss\n|inactive|Homeboss disconnected and has a minute to reconnect!\n|player|p1|\n|\n|t:|1700728256\n|move|p2a: \u56fd\u4ea7\u55b7|Flame Charge|p1a: Excadrill\n|-supereffective|p1a: Excadrill\n|-damage|p1a: Excadrill|0 fnt\n|-boost|p2a: \u56fd\u4ea7\u55b7|spe|1\n|faint|p1a: Excadrill\n|\n|-weather|Sandstorm|[upkeep]\n|-damage|p2a: \u56fd\u4ea7\u55b7|16\/100|[from] Sandstorm\n|upkeep\n|j|\u2606Homeboss\n|inactive|Homeboss reconnected and has 135 seconds left.\n|player|p1|Homeboss|ninjaboy\n|\n|t:|1700728281\n|switch|p1a: Ogerpon|Ogerpon-Wellspring, F|100\/100\n|-activate|p1a: Ogerpon|move: Sticky Web\n|-unboost|p1a: Ogerpon|spe|1\n|turn|8\n|\n|t:|1700728289\n|switch|p1a: Tapu Lele|Tapu Lele|100\/100\n|-activate|p1a: Tapu Lele|move: Sticky Web\n|-unboost|p1a: Tapu Lele|spe|1\n|-fieldstart|move: Psychic Terrain|[from] ability: Psychic Surge|[of] p1a: Tapu Lele\n|move|p2a: \u56fd\u4ea7\u55b7|Dragon Claw|p1a: Tapu Lele\n|-immune|p1a: Tapu Lele\n|\n|-weather|Sandstorm|[upkeep]\n|-damage|p2a: \u56fd\u4ea7\u55b7|10\/100|[from] Sandstorm\n|-damage|p1a: Tapu Lele|94\/100|[from] Sandstorm\n|upkeep\n|turn|9\n|\n|t:|1700728308\n|move|p2a: \u56fd\u4ea7\u55b7|Flame Charge|p1a: Tapu Lele\n|-damage|p1a: Tapu Lele|0 fnt\n|-boost|p2a: \u56fd\u4ea7\u55b7|spe|1\n|faint|p1a: Tapu Lele\n|\n|-weather|none\n|upkeep\n|-message|Homeboss forfeited.\n|\n|win|xiaozhifensi\n|raw|Homeboss's rating: 1335 &rarr; <strong>1321<\/strong><br \/>(-14 for losing)\n|raw|xiaozhifensi's rating: 1450 &rarr; <strong>1464<\/strong><br \/>(+14 for winning)\n|l|\u2606Homeboss\n","uploadtime":1700728318,"views":2,"p1id":"homeboss","p2id":"xiaozhifensi","formatid":"gen9nationaldex","rating":1321,"private":0,"password":""}