{"id":"gen9nationaldex-1994381716","p1":"DJRRRR","p2":"xiada","format":"[Gen 9] National Dex","log":"|j|\u2606DJRRRR\n|j|\u2606xiada\n|t:|1700437464\n|gametype|singles\n|player|p1|DJRRRR|roxie|1483\n|player|p2|xiada|170|1689\n|teamsize|p1|6\n|teamsize|p2|6\n|gen|9\n|tier|[Gen 9] National Dex\n|rated|\n|rule|HP Percentage Mod: HP is shown in percentages\n|rule|Endless Battle Clause: Forcing endless battles is banned\n|rule|OHKO Clause: OHKO moves are banned\n|rule|Evasion Clause: Evasion abilities, items, and moves are banned\n|rule|Evasion Abilities Clause: Evasion abilities are banned\n|rule|Evasion Items Clause: Evasion items are banned\n|rule|Evasion Moves Clause: Evasion moves are banned\n|rule|Species Clause: Limit one of each Pok\u00e9mon\n|rule|Sleep Clause Mod: Limit one foe put to sleep\n|clearpoke\n|poke|p1|Greninja-*, M|\n|poke|p1|Pelipper, M|\n|poke|p1|Barraskewda, F|\n|poke|p1|Scizor, M|\n|poke|p1|Dragonite, F|\n|poke|p1|Zapdos|\n|poke|p2|Hatterene, F|\n|poke|p2|Hoopa-Unbound|\n|poke|p2|Banette, F|\n|poke|p2|Tapu Koko|\n|poke|p2|Serperior, M|\n|poke|p2|Slowbro, M|\n|teampreview\n|inactive|Battle timer is ON: inactive players will automatically lose when time's up. (requested by DJRRRR)\n|\n|t:|1700437481\n|start\n|switch|p1a: Barraskewda|Barraskewda, F|100\/100\n|switch|p2a: Serperior|Serperior, M, shiny|100\/100\n|turn|1\n|\n|t:|1700437495\n|move|p1a: Barraskewda|Flip Turn|p2a: Serperior\n|-resisted|p2a: Serperior\n|-damage|p2a: Serperior|77\/100\n|\n|t:|1700437498\n|switch|p1a: Scizor|Scizor, M|100\/100|[from] Flip Turn\n|move|p2a: Serperior|Glare|p1a: Scizor\n|-status|p1a: Scizor|par\n|\n|-heal|p2a: Serperior|83\/100|[from] item: Leftovers\n|upkeep\n|turn|2\n|\n|t:|1700437504\n|switch|p2a: Slowbro|Slowbro, M|100\/100\n|detailschange|p1a: Scizor|Scizor-Mega, M\n|-mega|p1a: Scizor|Scizor|Scizorite\n|move|p1a: Scizor|U-turn|p2a: Slowbro\n|-supereffective|p2a: Slowbro\n|-damage|p2a: Slowbro|57\/100\n|-damage|p1a: Scizor|84\/100 par|[from] item: Rocky Helmet|[of] p2a: Slowbro\n|\n|t:|1700437511\n|switch|p1a: Zapdos|Zapdos|100\/100|[from] U-turn\n|\n|upkeep\n|turn|3\n|\n|t:|1700437515\n|switch|p2a: Hatterene|Hatterene, F|100\/100\n|move|p1a: Zapdos|Volt Switch|p2a: Hatterene\n|-damage|p2a: Hatterene|77\/100\n|\n|t:|1700437518\n|switch|p1a: Pelipper|Pelipper, M|100\/100|[from] Volt Switch\n|-weather|RainDance|[from] ability: Drizzle|[of] p1a: Pelipper\n|\n|-weather|RainDance|[upkeep]\n|upkeep\n|turn|4\n|\n|t:|1700437524\n|move|p1a: Pelipper|U-turn|p2a: Hatterene\n|-damage|p2a: Hatterene|67\/100\n|\n|t:|1700437527\n|switch|p1a: Scizor|Scizor-Mega, M|84\/100 par|[from] U-turn\n|move|p2a: Hatterene|Nuzzle|p1a: Scizor\n|-damage|p1a: Scizor|81\/100 par\n|\n|-weather|RainDance|[upkeep]\n|upkeep\n|turn|5\n|\n|t:|1700437531\n|move|p2a: Hatterene|Mystical Fire|p1a: Scizor\n|-supereffective|p1a: Scizor\n|-damage|p1a: Scizor|33\/100 par\n|-unboost|p1a: Scizor|spa|1\n|cant|p1a: Scizor|par\n|\n|-weather|RainDance|[upkeep]\n|upkeep\n|turn|6\n|\n|t:|1700437539\n|switch|p1a: Barraskewda|Barraskewda, F|100\/100\n|move|p2a: Hatterene|Mystical Fire|p1a: Barraskewda\n|-resisted|p1a: Barraskewda\n|-damage|p1a: Barraskewda|85\/100\n|-unboost|p1a: Barraskewda|spa|1\n|\n|-weather|RainDance|[upkeep]\n|upkeep\n|turn|7\n|\n|t:|1700437546\n|switch|p2a: Slowbro|Slowbro, M|91\/100\n|move|p1a: Barraskewda|Flip Turn|p2a: Slowbro\n|-resisted|p2a: Slowbro\n|-damage|p2a: Slowbro|70\/100\n|-damage|p1a: Barraskewda|68\/100|[from] item: Rocky Helmet|[of] p2a: Slowbro\n|\n|t:|1700437551\n|switch|p1a: Zapdos|Zapdos|100\/100|[from] Flip Turn\n|\n|-weather|RainDance|[upkeep]\n|upkeep\n|turn|8\n|\n|t:|1700437559\n|switch|p2a: Hoopa|Hoopa-Unbound|100\/100\n|move|p1a: Zapdos|Thunder|p2a: Hoopa\n|-damage|p2a: Hoopa|51\/100\n|-status|p2a: Hoopa|par\n|\n|-weather|RainDance|[upkeep]\n|upkeep\n|turn|9\n|\n|t:|1700437571\n|move|p1a: Zapdos|Thunder|p2a: Hoopa\n|-damage|p2a: Hoopa|1\/100 par\n|cant|p2a: Hoopa|par\n|\n|-weather|RainDance|[upkeep]\n|upkeep\n|turn|10\n|\n|t:|1700437577\n|move|p1a: Zapdos|Volt Switch|p2a: Hoopa\n|-damage|p2a: Hoopa|0 fnt\n|faint|p2a: Hoopa\n|\n|t:|1700437582\n|switch|p1a: Barraskewda|Barraskewda, F|68\/100|[from] Volt Switch\n|\n|-weather|none\n|upkeep\n|\n|t:|1700437588\n|switch|p2a: Slowbro|Slowbro, M|100\/100\n|turn|11\n|\n|t:|1700437593\n|move|p1a: Barraskewda|Flip Turn|p2a: Slowbro\n|-resisted|p2a: Slowbro\n|-damage|p2a: Slowbro|87\/100\n|-damage|p1a: Barraskewda|52\/100|[from] item: Rocky Helmet|[of] p2a: Slowbro\n|\n|t:|1700437595\n|switch|p1a: Pelipper|Pelipper, M|100\/100|[from] Flip Turn\n|-weather|RainDance|[from] ability: Drizzle|[of] p1a: Pelipper\n|move|p2a: Slowbro|Teleport|p2a: Slowbro\n|\n|t:|1700437599\n|switch|p2a: Tapu Koko|Tapu Koko|100\/100|[from] Teleport\n|-fieldstart|move: Electric Terrain|[from] ability: Electric Surge|[of] p2a: Tapu Koko\n|\n|-weather|RainDance|[upkeep]\n|upkeep\n|turn|12\n|\n|t:|1700437608\n|switch|p1a: Scizor|Scizor-Mega, M|33\/100 par\n|move|p2a: Tapu Koko|Volt Switch|p1a: Scizor\n|-damage|p1a: Scizor|0 fnt\n|faint|p1a: Scizor\n|\n|t:|1700437615\n|switch|p2a: Hatterene|Hatterene, F|67\/100|[from] Volt Switch\n|\n|-weather|RainDance|[upkeep]\n|upkeep\n|\n|t:|1700437623\n|switch|p1a: Barraskewda|Barraskewda, F|52\/100\n|turn|13\n|\n|t:|1700437627\n|switch|p2a: Slowbro|Slowbro, M|100\/100\n|move|p1a: Barraskewda|Flip Turn|p2a: Slowbro\n|-resisted|p2a: Slowbro\n|-damage|p2a: Slowbro|82\/100\n|-damage|p1a: Barraskewda|35\/100|[from] item: Rocky Helmet|[of] p2a: Slowbro\n|\n|t:|1700437629\n|switch|p1a: Zapdos|Zapdos|100\/100|[from] Flip Turn\n|\n|-weather|RainDance|[upkeep]\n|upkeep\n|turn|14\n|\n|t:|1700437636\n|switch|p2a: Hatterene|Hatterene, F|67\/100\n|move|p1a: Zapdos|Hurricane|p2a: Hatterene\n|-damage|p2a: Hatterene|30\/100\n|-start|p2a: Hatterene|confusion\n|\n|-weather|RainDance|[upkeep]\n|upkeep\n|turn|15\n|\n|t:|1700437641\n|move|p1a: Zapdos|Thunder|p2a: Hatterene\n|-damage|p2a: Hatterene|0 fnt\n|faint|p2a: Hatterene\n|\n|-weather|RainDance|[upkeep]\n|-fieldend|move: Electric Terrain\n|upkeep\n|\n|t:|1700437653\n|switch|p2a: Banette|Banette, F|100\/100\n|-item|p1a: Zapdos|Flyinium Z|[from] ability: Frisk|[of] p2a: Banette|[identify]\n|turn|16\n|\n|t:|1700437659\n|detailschange|p2a: Banette|Banette-Mega, F\n|-mega|p2a: Banette|Banette|Banettite\n|-zpower|p1a: Zapdos\n|move|p1a: Zapdos|Supersonic Skystrike|p2a: Banette|[zeffect]\n|-damage|p2a: Banette|0 fnt\n|faint|p2a: Banette\n|\n|-weather|RainDance|[upkeep]\n|upkeep\n|\n|t:|1700437666\n|switch|p2a: Tapu Koko|Tapu Koko|100\/100\n|-fieldstart|move: Electric Terrain|[from] ability: Electric Surge|[of] p2a: Tapu Koko\n|turn|17\n|\n|t:|1700437672\n|move|p2a: Tapu Koko|Thunderbolt|p1a: Zapdos\n|-damage|p1a: Zapdos|17\/100\n|move|p1a: Zapdos|Volt Switch|p2a: Tapu Koko\n|-resisted|p2a: Tapu Koko\n|-damage|p2a: Tapu Koko|75\/100\n|\n|t:|1700437678\n|switch|p1a: Barraskewda|Barraskewda, F|35\/100|[from] Volt Switch\n|\n|-weather|RainDance|[upkeep]\n|upkeep\n|turn|18\n|\n|t:|1700437682\n|switch|p2a: Slowbro|Slowbro, M|100\/100\n|move|p1a: Barraskewda|Flip Turn|p2a: Slowbro\n|-resisted|p2a: Slowbro\n|-damage|p2a: Slowbro|81\/100\n|-damage|p1a: Barraskewda|19\/100|[from] item: Rocky Helmet|[of] p2a: Slowbro\n|\n|t:|1700437687\n|switch|p1a: Greninja|Greninja, M|100\/100|[from] Flip Turn\n|\n|-weather|none\n|upkeep\n|turn|19\n|\n|t:|1700437699\n|-terastallize|p2a: Slowbro|Fairy\n|move|p1a: Greninja|Dark Pulse|p2a: Slowbro\n|-resisted|p2a: Slowbro\n|-damage|p2a: Slowbro|58\/100\n|-damage|p1a: Greninja|91\/100|[from] item: Life Orb\n|move|p2a: Slowbro|Teleport|p2a: Slowbro\n|\n|t:|1700437701\n|switch|p2a: Tapu Koko|Tapu Koko|75\/100|[from] Teleport\n|\n|upkeep\n|turn|20\n|\n|t:|1700437711\n|move|p1a: Greninja|Protect|p1a: Greninja\n|-singleturn|p1a: Greninja|Protect\n|move|p2a: Tapu Koko|Volt Switch|p1a: Greninja\n|-activate|p1a: Greninja|move: Protect\n|\n|upkeep\n|turn|21\n|\n|t:|1700437718\n|move|p1a: Greninja|Water Shuriken|p2a: Tapu Koko\n|-damage|p2a: Tapu Koko|61\/100\n|-damage|p2a: Tapu Koko|47\/100\n|-damage|p2a: Tapu Koko|33\/100\n|-damage|p2a: Tapu Koko|19\/100\n|-hitcount|p2a: Tapu Koko|4\n|-damage|p1a: Greninja|81\/100|[from] item: Life Orb\n|move|p2a: Tapu Koko|Volt Switch|p1a: Greninja\n|-supereffective|p1a: Greninja\n|-damage|p1a: Greninja|0 fnt\n|faint|p1a: Greninja\n|\n|t:|1700437725\n|switch|p2a: Slowbro|Slowbro, M, tera:Fairy|92\/100|[from] Volt Switch\n|\n|-fieldend|move: Electric Terrain\n|upkeep\n|\n|t:|1700437731\n|switch|p1a: Pelipper|Pelipper, M|100\/100\n|-weather|RainDance|[from] ability: Drizzle|[of] p1a: Pelipper\n|turn|22\n|\n|t:|1700437734\n|move|p1a: Pelipper|Toxic|p2a: Slowbro\n|-status|p2a: Slowbro|tox\n|move|p2a: Slowbro|Future Sight|p1a: Pelipper\n|-start|p2a: Slowbro|move: Future Sight\n|\n|-weather|RainDance|[upkeep]\n|-damage|p2a: Slowbro|85\/100 tox|[from] psn\n|upkeep\n|turn|23\n|\n|t:|1700437739\n|move|p1a: Pelipper|U-turn|p2a: Slowbro\n|-resisted|p2a: Slowbro\n|-damage|p2a: Slowbro|83\/100 tox\n|-damage|p1a: Pelipper|84\/100|[from] item: Rocky Helmet|[of] p2a: Slowbro\n|\n|t:|1700437743\n|switch|p1a: Barraskewda|Barraskewda, F|19\/100|[from] U-turn\n|move|p2a: Slowbro|Teleport|p2a: Slowbro\n|\n|t:|1700437747\n|switch|p2a: Serperior|Serperior, M, shiny|83\/100|[from] Teleport\n|\n|-weather|RainDance|[upkeep]\n|-heal|p2a: Serperior|89\/100|[from] item: Leftovers\n|upkeep\n|turn|24\n|\n|t:|1700437754\n|move|p1a: Barraskewda|Close Combat|p2a: Serperior\n|-damage|p2a: Serperior|28\/100\n|-unboost|p1a: Barraskewda|def|1\n|-unboost|p1a: Barraskewda|spd|1\n|move|p2a: Serperior|Substitute|p2a: Serperior\n|-start|p2a: Serperior|Substitute\n|-damage|p2a: Serperior|4\/100\n|\n|-weather|RainDance|[upkeep]\n|-end|p1a: Barraskewda|move: Future Sight\n|-damage|p1a: Barraskewda|0 fnt\n|faint|p1a: Barraskewda\n|-heal|p2a: Serperior|10\/100|[from] item: Leftovers\n|upkeep\n|\n|t:|1700437760\n|switch|p1a: Dragonite|Dragonite, F|100\/100\n|turn|25\n|\n|t:|1700437768\n|move|p1a: Dragonite|Extreme Speed|p2a: Serperior\n|-end|p2a: Serperior|Substitute\n|move|p2a: Serperior|Hidden Power|p1a: Dragonite\n|-supereffective|p1a: Dragonite\n|-damage|p1a: Dragonite|91\/100\n|\n|-weather|RainDance|[upkeep]\n|-heal|p2a: Serperior|16\/100|[from] item: Leftovers\n|upkeep\n|turn|26\n|\n|t:|1700437773\n|move|p2a: Serperior|Glare|p1a: Dragonite\n|-status|p1a: Dragonite|par\n|cant|p1a: Dragonite|par\n|\n|-weather|RainDance|[upkeep]\n|-heal|p2a: Serperior|22\/100|[from] item: Leftovers\n|upkeep\n|turn|27\n|\n|t:|1700437776\n|move|p1a: Dragonite|Extreme Speed|p2a: Serperior\n|-damage|p2a: Serperior|0 fnt\n|faint|p2a: Serperior\n|\n|-weather|RainDance|[upkeep]\n|upkeep\n|\n|t:|1700437778\n|switch|p2a: Slowbro|Slowbro, M, tera:Fairy|100\/100 tox\n|turn|28\n|\n|t:|1700437785\n|move|p1a: Dragonite|Curse|p1a: Dragonite\n|-unboost|p1a: Dragonite|spe|1\n|-boost|p1a: Dragonite|atk|1\n|-boost|p1a: Dragonite|def|1\n|move|p2a: Slowbro|Future Sight|p1a: Dragonite\n|-start|p2a: Slowbro|move: Future Sight\n|\n|-weather|RainDance|[upkeep]\n|-damage|p2a: Slowbro|94\/100 tox|[from] psn\n|upkeep\n|turn|29\n|\n|t:|1700437789\n|move|p2a: Slowbro|Scald|p1a: Dragonite\n|-resisted|p1a: Dragonite\n|-damage|p1a: Dragonite|74\/100 par\n|move|p1a: Dragonite|Curse|p1a: Dragonite\n|-unboost|p1a: Dragonite|spe|1\n|-boost|p1a: Dragonite|atk|1\n|-boost|p1a: Dragonite|def|1\n|\n|-weather|none\n|-damage|p2a: Slowbro|82\/100 tox|[from] psn\n|upkeep\n|turn|30\n|\n|t:|1700437798\n|move|p2a: Slowbro|Scald|p1a: Dragonite\n|-resisted|p1a: Dragonite\n|-damage|p1a: Dragonite|63\/100 par\n|cant|p1a: Dragonite|par\n|\n|-end|p1a: Dragonite|move: Future Sight\n|-damage|p1a: Dragonite|28\/100 par\n|-damage|p2a: Slowbro|64\/100 tox|[from] psn\n|upkeep\n|turn|31\n|\n|t:|1700437801\n|move|p2a: Slowbro|Future Sight|p1a: Dragonite\n|-start|p2a: Slowbro|move: Future Sight\n|move|p1a: Dragonite|Roost|p1a: Dragonite\n|-heal|p1a: Dragonite|78\/100 par\n|-singleturn|p1a: Dragonite|move: Roost\n|\n|-damage|p2a: Slowbro|39\/100 tox|[from] psn\n|upkeep\n|turn|32\n|\n|t:|1700437811\n|switch|p2a: Tapu Koko|Tapu Koko|19\/100\n|-fieldstart|move: Electric Terrain|[from] ability: Electric Surge|[of] p2a: Tapu Koko\n|move|p1a: Dragonite|Roost|p1a: Dragonite\n|-heal|p1a: Dragonite|100\/100 par\n|-singleturn|p1a: Dragonite|move: Roost\n|\n|upkeep\n|turn|33\n|\n|t:|1700437818\n|switch|p2a: Slowbro|Slowbro, M, tera:Fairy|73\/100 tox\n|move|p1a: Dragonite|Curse|p1a: Dragonite\n|-unboost|p1a: Dragonite|spe|1\n|-boost|p1a: Dragonite|atk|1\n|-boost|p1a: Dragonite|def|1\n|\n|-end|p1a: Dragonite|move: Future Sight\n|-damage|p1a: Dragonite|84\/100 par\n|-damage|p2a: Slowbro|67\/100 tox|[from] psn\n|upkeep\n|turn|34\n|\n|t:|1700437827\n|move|p1a: Dragonite|Earthquake|p2a: Slowbro\n|-damage|p2a: Slowbro|10\/100 tox\n|move|p2a: Slowbro|Teleport|p2a: Slowbro\n|\n|t:|1700437830\n|switch|p2a: Tapu Koko|Tapu Koko|19\/100|[from] Teleport\n|\n|upkeep\n|turn|35\n|\n|t:|1700437833\n|move|p1a: Dragonite|Extreme Speed|p2a: Tapu Koko\n|-damage|p2a: Tapu Koko|0 fnt\n|faint|p2a: Tapu Koko\n|\n|upkeep\n|-message|xiada forfeited.\n|\n|win|DJRRRR\n|raw|DJRRRR's rating: 1483 &rarr; <strong>1514<\/strong><br \/>(+31 for winning)\n|raw|xiada's rating: 1689 &rarr; <strong>1658<\/strong><br \/>(-31 for losing)\n|l|\u2606xiada\n","uploadtime":1700437840,"views":5,"p1id":"djrrrr","p2id":"xiada","formatid":"gen9nationaldex","rating":1514,"private":0,"password":""}