{"id":"gen9nationaldex-1995036992","p1":"FlameAceGaming","p2":"Honwave59","format":"[Gen 9] National Dex","log":"|html|<div class=\"broadcast-blue\"><strong>[Gen 9] National Dex is currently suspecting Sneasler! For information on how to participate check out the <a href=\"https:\/\/www.smogon.com\/forums\/threads\/sv-national-dex-suspect-8-just-dance.3731534\/\">suspect thread<\/a>.<\/strong><\/div>\n|j|\u2606FlameAceGaming\n|j|\u2606Honwave59\n|t:|1700515800\n|gametype|singles\n|player|p1|FlameAceGaming|norman|1005\n|player|p2|Honwave59|pilot|1055\n|teamsize|p1|6\n|teamsize|p2|6\n|gen|9\n|tier|[Gen 9] National Dex\n|rated|\n|rule|HP Percentage Mod: HP is shown in percentages\n|rule|Endless Battle Clause: Forcing endless battles is banned\n|rule|OHKO Clause: OHKO moves are banned\n|rule|Evasion Clause: Evasion abilities, items, and moves are banned\n|rule|Evasion Abilities Clause: Evasion abilities are banned\n|rule|Evasion Items Clause: Evasion items are banned\n|rule|Evasion Moves Clause: Evasion moves are banned\n|rule|Species Clause: Limit one of each Pok\u00e9mon\n|rule|Sleep Clause Mod: Limit one foe put to sleep\n|clearpoke\n|poke|p1|Blaziken, M|\n|poke|p1|Krookodile, M|\n|poke|p1|Volcarona, M|\n|poke|p1|Ribombee, F|\n|poke|p1|Torkoal, M|\n|poke|p1|Mimikyu, M|\n|poke|p2|Tapu Lele|\n|poke|p2|Salamence, F|\n|poke|p2|Durant, M|\n|poke|p2|Espeon, F|\n|poke|p2|Darmanitan, M|\n|poke|p2|Mew|\n|teampreview\n|inactive|Battle timer is ON: inactive players will automatically lose when time's up. (requested by FlameAceGaming)\n|inactive|Honwave59 also wants the timer to be on.\n|\n|t:|1700515812\n|start\n|switch|p1a: Blaziken|Blaziken, M|100\/100\n|switch|p2a: Kachigga my|Darmanitan, M, shiny|100\/100\n|turn|1\n|\n|t:|1700515818\n|move|p1a: Blaziken|Detect|p1a: Blaziken\n|-singleturn|p1a: Blaziken|Protect\n|move|p2a: Kachigga my|Zen Headbutt|p1a: Blaziken\n|-activate|p1a: Blaziken|move: Protect\n|\n|-ability|p1a: Blaziken|Speed Boost|boost\n|-boost|p1a: Blaziken|spe|1\n|upkeep\n|turn|2\n|\n|t:|1700515825\n|move|p1a: Blaziken|Protect||[still]\n|-fail|p1a: Blaziken\n|move|p2a: Kachigga my|Zen Headbutt|p1a: Blaziken\n|-supereffective|p1a: Blaziken\n|-damage|p1a: Blaziken|0 fnt\n|faint|p1a: Blaziken\n|\n|upkeep\n|c|\u2606Honwave59|Bro\n|c|\u2606FlameAceGaming|Yo?\n|c|\u2606Honwave59|Detect and protect are coded as one thing\n|\n|t:|1700515852\n|switch|p1a: Krookodile|Krookodile, M|100\/100\n|turn|3\n|c|\u2606Honwave59|You can't alternate them\n|c|\u2606FlameAceGaming|I see this now\n|c|\u2606Honwave59|Lol\n|c|\u2606FlameAceGaming|yeah\n|inactive|FlameAceGaming has 120 seconds left.\n|c|\u2606FlameAceGaming|i just woke up an hour ago\n|\n|t:|1700515881\n|switch|p2a: Espeon|Espeon, F|100\/100\n|move|p1a: Krookodile|Earthquake|p2a: Espeon\n|-damage|p2a: Espeon|5\/100\n|\n|upkeep\n|turn|4\n|c|\u2606Honwave59|Feel you mate\n|\n|t:|1700515891\n|move|p2a: Espeon|Trick|p1a: Krookodile\n|-activate|p2a: Espeon|move: Trick|[of] p1a: Krookodile\n|-item|p1a: Krookodile|Choice Scarf|[from] move: Trick\n|-item|p2a: Espeon|Black Glasses|[from] move: Trick\n|move|p1a: Krookodile|Dragon Tail|p2a: Espeon\n|-damage|p2a: Espeon|0 fnt\n|faint|p2a: Espeon\n|-ability|p1a: Krookodile|Moxie|boost\n|-boost|p1a: Krookodile|atk|1\n|\n|upkeep\n|\n|t:|1700515898\n|switch|p2a: Little boy|Tapu Lele|100\/100\n|-fieldstart|move: Psychic Terrain|[from] ability: Psychic Surge|[of] p2a: Little boy\n|turn|5\n|inactive|FlameAceGaming has 120 seconds left.\n|inactive|Honwave59 has 120 seconds left.\n|\n|t:|1700515951\n|switch|p1a: Volcarona|Volcarona, M|100\/100\n|move|p2a: Little boy|Moonblast|p1a: Volcarona\n|-resisted|p1a: Volcarona\n|-damage|p1a: Volcarona|64\/100\n|\n|upkeep\n|turn|6\n|inactive|FlameAceGaming has 120 seconds left.\n|\n|t:|1700515964\n|move|p1a: Volcarona|Quiver Dance|p1a: Volcarona\n|-boost|p1a: Volcarona|spa|1\n|-boost|p1a: Volcarona|spd|1\n|-boost|p1a: Volcarona|spe|1\n|move|p2a: Little boy|Moonblast|p1a: Volcarona\n|-resisted|p1a: Volcarona\n|-damage|p1a: Volcarona|39\/100\n|\n|upkeep\n|turn|7\n|inactive|FlameAceGaming has 120 seconds left.\n|\n|t:|1700515971\n|move|p1a: Volcarona|Tailwind|p1a: Volcarona\n|-sidestart|p1: FlameAceGaming|move: Tailwind\n|move|p2a: Little boy|Moonblast|p1a: Volcarona\n|-resisted|p1a: Volcarona\n|-damage|p1a: Volcarona|11\/100\n|\n|upkeep\n|turn|8\n|\n|t:|1700515977\n|move|p1a: Volcarona|Bug Buzz|p2a: Little boy\n|-damage|p2a: Little boy|29\/100\n|move|p2a: Little boy|Moonblast|p1a: Volcarona\n|-resisted|p1a: Volcarona\n|-damage|p1a: Volcarona|0 fnt\n|faint|p1a: Volcarona\n|\n|upkeep\n|inactive|FlameAceGaming has 120 seconds left.\n|\n|t:|1700515987\n|switch|p1a: Mimikyu|Mimikyu, M|100\/100\n|turn|9\n|\n|t:|1700515993\n|move|p1a: Mimikyu|Shadow Claw|p2a: Little boy\n|-supereffective|p2a: Little boy\n|-damage|p2a: Little boy|0 fnt\n|faint|p2a: Little boy\n|\n|-fieldend|move: Psychic Terrain\n|upkeep\n|\n|t:|1700515997\n|switch|p2a: Kachigga my|Darmanitan, M, shiny|100\/100\n|turn|10\n|\n|t:|1700516011\n|move|p1a: Mimikyu|Bulk Up|p1a: Mimikyu\n|-boost|p1a: Mimikyu|atk|1\n|-boost|p1a: Mimikyu|def|1\n|move|p2a: Kachigga my|U-turn|p1a: Mimikyu\n|-activate|p1a: Mimikyu|ability: Disguise\n|-damage|p1a: Mimikyu|100\/100\n|detailschange|p1a: Mimikyu|Mimikyu-Busted, M\n|-damage|p1a: Mimikyu|88\/100|[from] pokemon: Mimikyu-Busted\n|\n|t:|1700516016\n|switch|p2a: John Xina|Durant, M|100\/100|[from] U-turn\n|\n|-sideend|p1: FlameAceGaming|move: Tailwind\n|upkeep\n|turn|11\n|\n|t:|1700516024\n|move|p2a: John Xina|Iron Head|p1a: Mimikyu\n|-supereffective|p1a: Mimikyu\n|-damage|p1a: Mimikyu|0 fnt\n|faint|p1a: Mimikyu\n|\n|upkeep\n|\n|t:|1700516037\n|switch|p1a: Torkoal|Torkoal, M|100\/100\n|-weather|SunnyDay|[from] ability: Drought|[of] p1a: Torkoal\n|turn|12\n|\n|t:|1700516047\n|move|p2a: John Xina|Iron Head|p1a: Torkoal\n|-resisted|p1a: Torkoal\n|-damage|p1a: Torkoal|68\/100\n|cant|p1a: Torkoal|flinch\n|\n|-weather|SunnyDay|[upkeep]\n|upkeep\n|turn|13\n|\n|t:|1700516056\n|move|p2a: John Xina|Iron Head|p1a: Torkoal\n|-resisted|p1a: Torkoal\n|-damage|p1a: Torkoal|37\/100\n|move|p1a: Torkoal|Iron Defense|p1a: Torkoal\n|-boost|p1a: Torkoal|def|2\n|\n|-weather|SunnyDay|[upkeep]\n|upkeep\n|turn|14\n|\n|t:|1700516063\n|move|p2a: John Xina|Iron Head|p1a: Torkoal\n|-resisted|p1a: Torkoal\n|-damage|p1a: Torkoal|19\/100\n|move|p1a: Torkoal|Body Press|p2a: John Xina\n|-crit|p2a: John Xina\n|-damage|p2a: John Xina|0 fnt\n|faint|p2a: John Xina\n|\n|-weather|SunnyDay|[upkeep]\n|upkeep\n|\n|t:|1700516071\n|switch|p2a: Mew|Mew|100\/100\n|turn|15\n|\n|t:|1700516076\n|move|p2a: Mew|Focus Energy|p2a: Mew\n|-start|p2a: Mew|move: Focus Energy\n|move|p1a: Torkoal|Self-Destruct|p2a: Mew\n|-damage|p2a: Mew|47\/100\n|faint|p1a: Torkoal\n|\n|-weather|SunnyDay|[upkeep]\n|upkeep\n|\n|t:|1700516086\n|switch|p1a: Krookodile|Krookodile, M|100\/100\n|turn|16\n|\n|t:|1700516091\n|move|p1a: Krookodile|Darkest Lariat|p2a: Mew\n|-supereffective|p2a: Mew\n|-damage|p2a: Mew|0 fnt\n|faint|p2a: Mew\n|-ability|p1a: Krookodile|Moxie|boost\n|-boost|p1a: Krookodile|atk|1\n|\n|-weather|none\n|upkeep\n|\n|t:|1700516097\n|switch|p2a: Kachigga my|Darmanitan, M, shiny|100\/100\n|turn|17\n|\n|t:|1700516102\n|move|p1a: Krookodile|Darkest Lariat|p2a: Kachigga my\n|-damage|p2a: Kachigga my|0 fnt\n|faint|p2a: Kachigga my\n|-ability|p1a: Krookodile|Moxie|boost\n|-boost|p1a: Krookodile|atk|1\n|\n|upkeep\n|\n|t:|1700516105\n|switch|p2a: Salamence|Salamence, F|100\/100\n|turn|18\n|c|\u2606FlameAceGaming|BTW, Thanks for the Scarf ;)\n|\n|t:|1700516117\n|move|p1a: Krookodile|Darkest Lariat|p2a: Salamence\n|-damage|p2a: Salamence|2\/100\n|move|p2a: Salamence|Dragon Dance|p2a: Salamence\n|-boost|p2a: Salamence|atk|1\n|-boost|p2a: Salamence|spe|1\n|\n|upkeep\n|turn|19\n|c|\u2606Honwave59|Maybe i can still do it\n|\n|t:|1700516130\n|move|p1a: Krookodile|Darkest Lariat|p2a: Salamence\n|-damage|p2a: Salamence|0 fnt\n|faint|p2a: Salamence\n|\n|win|FlameAceGaming\n|raw|FlameAceGaming's rating: 1005 &rarr; <strong>1050<\/strong><br \/>(+45 for winning)\n|raw|Honwave59's rating: 1055 &rarr; <strong>1034<\/strong><br \/>(-21 for losing)\n|c|\u2606FlameAceGaming|Maybe\n|c|\u2606Honwave59|Lol\n|c|\u2606FlameAceGaming|or not...\n|c|\u2606Honwave59|Gg\n|c|\u2606FlameAceGaming|gg man\n","uploadtime":1700516150,"views":3,"p1id":"flameacegaming","p2id":"honwave59","formatid":"gen9nationaldex","rating":1034,"private":0,"password":""}