{"id":"gen9nationaldex-1998659840","p1":"RebornG","p2":"qwqwqqw","format":"[Gen 9] National Dex","log":"|html|<div class=\"broadcast-blue\"><strong>[Gen 9] National Dex is currently suspecting Sneasler! For information on how to participate check out the <a href=\"https:\/\/www.smogon.com\/forums\/threads\/sv-national-dex-suspect-8-just-dance.3731534\/\">suspect thread<\/a>.<\/strong><\/div>\n|j|\u2606RebornG\n|j|\u2606qwqwqqw\n|t:|1700968860\n|gametype|singles\n|player|p1|RebornG|elesa|1610\n|player|p2|qwqwqqw|265|1607\n|teamsize|p1|6\n|teamsize|p2|6\n|gen|9\n|tier|[Gen 9] National Dex\n|rated|\n|rule|HP Percentage Mod: HP is shown in percentages\n|rule|Endless Battle Clause: Forcing endless battles is banned\n|rule|OHKO Clause: OHKO moves are banned\n|rule|Evasion Clause: Evasion abilities, items, and moves are banned\n|rule|Evasion Abilities Clause: Evasion abilities are banned\n|rule|Evasion Items Clause: Evasion items are banned\n|rule|Evasion Moves Clause: Evasion moves are banned\n|rule|Species Clause: Limit one of each Pok\u00e9mon\n|rule|Sleep Clause Mod: Limit one foe put to sleep\n|clearpoke\n|poke|p1|Ogerpon-Cornerstone, F|\n|poke|p1|Gyarados, M|\n|poke|p1|Glimmora, M|\n|poke|p1|Volcarona, M|\n|poke|p1|Garchomp, F|\n|poke|p1|Grimmsnarl, M|\n|poke|p2|Ribombee, F|\n|poke|p2|Heatran, F|\n|poke|p2|Garchomp, F|\n|poke|p2|Medicham, M|\n|poke|p2|Manaphy|\n|poke|p2|Thundurus-Therian, M|\n|teampreview\n|inactive|Battle timer is ON: inactive players will automatically lose when time's up. (requested by RebornG)\n|\n|t:|1700968871\n|start\n|switch|p1a: Glimmora|Glimmora, M|100\/100\n|switch|p2a: stickywebQAQ|Ribombee, F|100\/100\n|turn|1\n|\n|t:|1700968877\n|-terastallize|p2a: stickywebQAQ|Steel\n|move|p2a: stickywebQAQ|Tera Blast|p1a: Glimmora|[anim] Tera Blast Steel\n|-supereffective|p1a: Glimmora\n|-damage|p1a: Glimmora|12\/100\n|move|p1a: Glimmora|Stealth Rock|p2a: stickywebQAQ\n|-sidestart|p2: qwqwqqw|move: Stealth Rock\n|\n|upkeep\n|turn|2\n|j| cmziqun\n|l| cmziqun\n|\n|t:|1700968895\n|move|p2a: stickywebQAQ|Sticky Web|p1a: Glimmora\n|-sidestart|p1: RebornG|move: Sticky Web\n|move|p1a: Glimmora|Earth Power|p2a: stickywebQAQ\n|-supereffective|p2a: stickywebQAQ\n|-enditem|p2a: stickywebQAQ|Focus Sash\n|-damage|p2a: stickywebQAQ|1\/100\n|\n|upkeep\n|turn|3\n|\n|t:|1700968912\n|switch|p1a: Volcarona|Volcarona, M, shiny|100\/100\n|move|p2a: stickywebQAQ|Tera Blast|p1a: Volcarona|[anim] Tera Blast Steel\n|-resisted|p1a: Volcarona\n|-damage|p1a: Volcarona|82\/100\n|\n|upkeep\n|turn|4\n|\n|t:|1700968922\n|move|p2a: stickywebQAQ|Stun Spore|p1a: Volcarona\n|-status|p1a: Volcarona|par\n|move|p1a: Volcarona|Bug Buzz|p2a: stickywebQAQ\n|-resisted|p2a: stickywebQAQ\n|-damage|p2a: stickywebQAQ|0 fnt\n|faint|p2a: stickywebQAQ\n|\n|upkeep\n|\n|t:|1700968935\n|switch|p2a: Garchomp|Garchomp, F|100\/100\n|-damage|p2a: Garchomp|94\/100|[from] Stealth Rock\n|turn|5\n|\n|t:|1700968939\n|move|p2a: Garchomp|Swords Dance|p2a: Garchomp\n|-boost|p2a: Garchomp|atk|2\n|move|p1a: Volcarona|Bug Buzz|p2a: Garchomp\n|-damage|p2a: Garchomp|41\/100\n|\n|upkeep\n|turn|6\n|\n|t:|1700968949\n|move|p2a: Garchomp|Earthquake|p1a: Volcarona\n|-damage|p1a: Volcarona|0 fnt\n|faint|p1a: Volcarona\n|\n|upkeep\n|\n|t:|1700968952\n|switch|p1a: Ogerpon|Ogerpon-Cornerstone, F|100\/100\n|-activate|p1a: Ogerpon|move: Sticky Web\n|-unboost|p1a: Ogerpon|spe|1\n|turn|7\n|\n|t:|1700968963\n|move|p2a: Garchomp|Earthquake|p1a: Ogerpon\n|-ability|p1a: Ogerpon|Sturdy\n|-damage|p1a: Ogerpon|1\/100\n|move|p1a: Ogerpon|Horn Leech|p2a: Garchomp\n|-damage|p2a: Garchomp|0 fnt\n|-heal|p1a: Ogerpon|25\/100|[from] drain|[of] p2a: Garchomp\n|-damage|p1a: Ogerpon|13\/100|[from] ability: Rough Skin|[of] p2a: Garchomp\n|faint|p2a: Garchomp\n|\n|upkeep\n|\n|t:|1700968974\n|switch|p2a: Thundurus|Thundurus-Therian, M|100\/100\n|turn|8\n|\n|t:|1700968978\n|move|p2a: Thundurus|Thunderbolt|p1a: Ogerpon\n|-resisted|p1a: Ogerpon\n|-damage|p1a: Ogerpon|0 fnt\n|faint|p1a: Ogerpon\n|\n|upkeep\n|\n|t:|1700968983\n|switch|p1a: Grimmsnarl|Grimmsnarl, M|100\/100\n|-activate|p1a: Grimmsnarl|move: Sticky Web\n|-unboost|p1a: Grimmsnarl|spe|1\n|turn|9\n|\n|t:|1700968987\n|move|p1a: Grimmsnarl|Light Screen|p1a: Grimmsnarl\n|-sidestart|p1: RebornG|move: Light Screen\n|move|p2a: Thundurus|Taunt|p1a: Grimmsnarl\n|-start|p1a: Grimmsnarl|move: Taunt\n|\n|upkeep\n|turn|10\n|\n|t:|1700968993\n|switch|p1a: Glimmora|Glimmora, M|12\/100\n|-activate|p1a: Glimmora|move: Sticky Web\n|-unboost|p1a: Glimmora|spe|1\n|move|p2a: Thundurus|Nasty Plot|p2a: Thundurus\n|-boost|p2a: Thundurus|spa|2\n|\n|upkeep\n|turn|11\n|\n|t:|1700969002\n|move|p2a: Thundurus|Thunderbolt|p1a: Glimmora\n|-damage|p1a: Glimmora|0 fnt\n|faint|p1a: Glimmora\n|\n|upkeep\n|\n|t:|1700969005\n|switch|p1a: Garchomp|Garchomp, F|100\/100\n|-activate|p1a: Garchomp|move: Sticky Web\n|-unboost|p1a: Garchomp|spe|1\n|turn|12\n|\n|t:|1700969012\n|move|p2a: Thundurus|Hidden Power|p1a: Garchomp\n|-supereffective|p1a: Garchomp\n|-damage|p1a: Garchomp|8\/100\n|move|p1a: Garchomp|Scale Shot|p2a: Thundurus\n|-damage|p2a: Thundurus|81\/100\n|-damage|p2a: Thundurus|61\/100\n|-damage|p2a: Thundurus|40\/100\n|-damage|p2a: Thundurus|21\/100\n|-hitcount|p2a: Thundurus|4\n|-unboost|p1a: Garchomp|def|1\n|-boost|p1a: Garchomp|spe|1\n|\n|upkeep\n|turn|13\n|\n|t:|1700969023\n|move|p1a: Garchomp|Scale Shot|p2a: Thundurus\n|-damage|p2a: Thundurus|2\/100\n|-damage|p2a: Thundurus|0 fnt\n|faint|p2a: Thundurus\n|-hitcount|p2: Thundurus|2\n|-unboost|p1a: Garchomp|def|1\n|-boost|p1a: Garchomp|spe|1\n|\n|upkeep\n|\n|t:|1700969028\n|switch|p2a: Medicham|Medicham, M|100\/100\n|-damage|p2a: Medicham|94\/100|[from] Stealth Rock\n|turn|14\n|\n|t:|1700969033\n|switch|p1a: Grimmsnarl|Grimmsnarl, M|100\/100\n|-activate|p1a: Grimmsnarl|move: Sticky Web\n|-unboost|p1a: Grimmsnarl|spe|1\n|detailschange|p2a: Medicham|Medicham-Mega, M\n|-mega|p2a: Medicham|Medicham|Medichamite\n|move|p2a: Medicham|Fake Out|p1a: Grimmsnarl\n|-damage|p1a: Grimmsnarl|79\/100\n|\n|upkeep\n|turn|15\n|j| NicksRokaya\n|\n|t:|1700969054\n|switch|p2a: Heatran|Heatran, F|100\/100\n|-damage|p2a: Heatran|88\/100|[from] Stealth Rock\n|move|p1a: Grimmsnarl|Reflect|p1a: Grimmsnarl\n|-sidestart|p1: RebornG|Reflect\n|\n|-heal|p2a: Heatran|94\/100|[from] item: Leftovers\n|upkeep\n|turn|16\n|\n|t:|1700969062\n|move|p1a: Grimmsnarl|Taunt|p2a: Heatran\n|-start|p2a: Heatran|move: Taunt\n|cant|p2a: Heatran|move: Taunt|Taunt\n|\n|-heal|p2a: Heatran|100\/100|[from] item: Leftovers\n|-sideend|p1: RebornG|move: Light Screen\n|upkeep\n|turn|17\n|\n|t:|1700969066\n|move|p1a: Grimmsnarl|Light Screen|p1a: Grimmsnarl\n|-sidestart|p1: RebornG|move: Light Screen\n|move|p2a: Heatran|Magma Storm|p1a: Grimmsnarl\n|-damage|p1a: Grimmsnarl|57\/100\n|-activate|p1a: Grimmsnarl|move: Magma Storm|[of] p2a: Heatran\n|\n|-damage|p1a: Grimmsnarl|45\/100|[from] move: Magma Storm|[partiallytrapped]\n|upkeep\n|turn|18\n|\n|t:|1700969071\n|move|p1a: Grimmsnarl|Parting Shot|p2a: Heatran\n|-unboost|p2a: Heatran|atk|1\n|-unboost|p2a: Heatran|spa|1\n|\n|t:|1700969074\n|switch|p1a: Garchomp|Garchomp, F|8\/100|[from] Parting Shot\n|-activate|p1a: Garchomp|move: Sticky Web\n|-unboost|p1a: Garchomp|spe|1\n|move|p2a: Heatran|Magma Storm|p1a: Garchomp\n|-resisted|p1a: Garchomp\n|-damage|p1a: Garchomp|0 fnt\n|faint|p1a: Garchomp\n|\n|-end|p2a: Heatran|move: Taunt\n|upkeep\n|\n|t:|1700969076\n|switch|p1a: Gyarados|Gyarados, M, shiny|100\/100\n|-ability|p1a: Gyarados|Intimidate|boost\n|-unboost|p2a: Heatran|atk|1\n|turn|19\n|\n|t:|1700969086\n|move|p1a: Gyarados|Substitute|p1a: Gyarados\n|-start|p1a: Gyarados|Substitute\n|-damage|p1a: Gyarados|76\/100\n|move|p2a: Heatran|Taunt|p1a: Gyarados\n|-start|p1a: Gyarados|move: Taunt\n|\n|upkeep\n|turn|20\n|\n|t:|1700969094\n|move|p1a: Gyarados|Waterfall|p2a: Heatran\n|-supereffective|p2a: Heatran\n|-damage|p2a: Heatran|36\/100\n|move|p2a: Heatran|Magma Storm|p1a: Gyarados\n|-resisted|p1a: Gyarados\n|-activate|p1a: Gyarados|move: Substitute|[damage]\n|\n|-heal|p2a: Heatran|42\/100|[from] item: Leftovers\n|upkeep\n|turn|21\n|\n|t:|1700969098\n|move|p1a: Gyarados|Waterfall|p2a: Heatran\n|-supereffective|p2a: Heatran\n|-damage|p2a: Heatran|0 fnt\n|faint|p2a: Heatran\n|\n|upkeep\n|\n|t:|1700969100\n|switch|p2a: Medicham|Medicham-Mega, M|94\/100\n|-damage|p2a: Medicham|88\/100|[from] Stealth Rock\n|turn|22\n|\n|t:|1700969113\n|detailschange|p1a: Gyarados|Gyarados-Mega, M, shiny\n|-mega|p1a: Gyarados|Gyarados|Gyaradosite\n|-ability|p1a: Gyarados|Mold Breaker\n|move|p2a: Medicham|Fake Out|p1a: Gyarados\n|-activate|p1a: Gyarados|move: Substitute|[damage]\n|move|p1a: Gyarados|Crunch|p2a: Medicham\n|-damage|p2a: Medicham|15\/100\n|-unboost|p2a: Medicham|def|1\n|\n|-end|p1a: Gyarados|move: Taunt\n|-sideend|p1: RebornG|Reflect\n|upkeep\n|turn|23\n|\n|t:|1700969123\n|move|p2a: Medicham|Close Combat|p1a: Gyarados\n|-supereffective|p1a: Gyarados\n|-end|p1a: Gyarados|Substitute\n|-unboost|p2a: Medicham|def|1\n|-unboost|p2a: Medicham|spd|1\n|move|p1a: Gyarados|Dragon Dance|p1a: Gyarados\n|-boost|p1a: Gyarados|atk|1\n|-boost|p1a: Gyarados|spe|1\n|\n|upkeep\n|turn|24\n|\n|t:|1700969128\n|move|p1a: Gyarados|Crunch|p2a: Medicham\n|-crit|p2a: Medicham\n|-damage|p2a: Medicham|0 fnt\n|faint|p2a: Medicham\n|\n|-sideend|p1: RebornG|move: Light Screen\n|upkeep\n|\n|t:|1700969129\n|switch|p2a: Manaphy|Manaphy|100\/100\n|-damage|p2a: Manaphy|88\/100|[from] Stealth Rock\n|turn|25\n|\n|t:|1700969133\n|move|p1a: Gyarados|Crunch|p2a: Manaphy\n|-damage|p2a: Manaphy|17\/100\n|move|p2a: Manaphy|Energy Ball|p1a: Gyarados\n|-supereffective|p1a: Gyarados\n|-damage|p1a: Gyarados|33\/100\n|\n|upkeep\n|turn|26\n|l| NicksRokaya\n|\n|t:|1700969141\n|move|p1a: Gyarados|Crunch|p2a: Manaphy\n|-damage|p2a: Manaphy|0 fnt\n|faint|p2a: Manaphy\n|\n|win|RebornG\n|raw|RebornG's rating: 1610 &rarr; <strong>1631<\/strong><br \/>(+21 for winning)\n|raw|qwqwqqw's rating: 1626 &rarr; <strong>1605<\/strong><br \/>(-21 for losing)\n|l|\u2606qwqwqqw\n","uploadtime":1700969146,"views":2,"p1id":"reborng","p2id":"qwqwqqw","formatid":"gen9nationaldex","rating":1605,"private":0,"password":""}