{"id":"gen9nationaldex-1998067713","p1":"sgyyds","p2":"GB4Life03","format":"[Gen 9] National Dex","log":"|html|<div class=\"broadcast-blue\"><strong>[Gen 9] National Dex is currently suspecting Sneasler! For information on how to participate check out the <a href=\"https:\/\/www.smogon.com\/forums\/threads\/sv-national-dex-suspect-8-just-dance.3731534\/\">suspect thread<\/a>.<\/strong><\/div>\n|j|\u2606sgyyds\n|j|\u2606GB4Life03\n|t:|1700886251\n|gametype|singles\n|player|p1|sgyyds|lucas|1000\n|player|p2|GB4Life03|1|1092\n|teamsize|p1|6\n|teamsize|p2|6\n|gen|9\n|tier|[Gen 9] National Dex\n|rated|\n|rule|HP Percentage Mod: HP is shown in percentages\n|rule|Endless Battle Clause: Forcing endless battles is banned\n|rule|OHKO Clause: OHKO moves are banned\n|rule|Evasion Clause: Evasion abilities, items, and moves are banned\n|rule|Evasion Abilities Clause: Evasion abilities are banned\n|rule|Evasion Items Clause: Evasion items are banned\n|rule|Evasion Moves Clause: Evasion moves are banned\n|rule|Species Clause: Limit one of each Pok\u00e9mon\n|rule|Sleep Clause Mod: Limit one foe put to sleep\n|clearpoke\n|poke|p1|Snorlax, M|\n|poke|p1|Torkoal, M|\n|poke|p1|Rotom-Wash|\n|poke|p1|Ferrothorn, M|\n|poke|p1|Dragonite, F|\n|poke|p1|Exploud, M|\n|poke|p2|Clodsire, F|\n|poke|p2|Greninja-*, F|\n|poke|p2|Sneasler, M|\n|poke|p2|Gengar, F|\n|poke|p2|Delphox, F|\n|poke|p2|Decidueye, F|\n|teampreview\n|\n|t:|1700886261\n|start\n|switch|p1a: Exploud|Exploud, M|100\/100\n|switch|p2a: Decidueye|Decidueye, F|100\/100\n|turn|1\n|\n|t:|1700886270\n|switch|p2a: Clodsire|Clodsire, F|100\/100\n|move|p1a: Exploud|Taunt|p2a: Clodsire\n|-start|p2a: Clodsire|move: Taunt\n|\n|upkeep\n|turn|2\n|\n|t:|1700886279\n|move|p1a: Exploud|Boomburst|p2a: Clodsire\n|-damage|p2a: Clodsire|70\/100\n|move|p2a: Clodsire|Venoshock|p1a: Exploud\n|-damage|p1a: Exploud|90\/100\n|\n|-heal|p1a: Exploud|96\/100|[from] item: Leftovers\n|-heal|p2a: Clodsire|76\/100|[from] item: Leftovers\n|upkeep\n|turn|3\n|\n|t:|1700886289\n|switch|p2a: Greninja|Greninja, F|100\/100\n|move|p1a: Exploud|Boomburst|p2a: Greninja\n|-damage|p2a: Greninja|52\/100\n|\n|-heal|p1a: Exploud|100\/100|[from] item: Leftovers\n|upkeep\n|turn|4\n|\n|t:|1700886301\n|switch|p2a: Gengar|Gengar, F|100\/100\n|switch|p1a: Ferrothorn|Ferrothorn, M|100\/100\n|\n|upkeep\n|turn|5\n|\n|t:|1700886309\n|switch|p1a: Exploud|Exploud, M|100\/100\n|move|p2a: Gengar|Will-O-Wisp|p1a: Exploud\n|-status|p1a: Exploud|brn\n|\n|-damage|p1a: Exploud|94\/100 brn|[from] brn\n|upkeep\n|turn|6\n|\n|t:|1700886316\n|move|p2a: Gengar|Focus Blast|p1a: Exploud\n|-supereffective|p1a: Exploud\n|-damage|p1a: Exploud|18\/100 brn\n|move|p1a: Exploud|Boomburst|p2a: Gengar\n|-damage|p2a: Gengar|34\/100\n|\n|-heal|p2a: Gengar|40\/100|[from] item: Black Sludge\n|-heal|p1a: Exploud|24\/100 brn|[from] item: Leftovers\n|-damage|p1a: Exploud|18\/100 brn|[from] brn\n|upkeep\n|turn|7\n|\n|t:|1700886328\n|-terastallize|p1a: Exploud|Ghost\n|move|p2a: Gengar|Sludge Bomb|p1a: Exploud\n|-resisted|p1a: Exploud\n|-damage|p1a: Exploud|0 fnt\n|faint|p1a: Exploud\n|\n|-heal|p2a: Gengar|46\/100|[from] item: Black Sludge\n|upkeep\n|\n|t:|1700886339\n|switch|p1a: Rotom|Rotom-Wash|100\/100\n|turn|8\n|\n|t:|1700886344\n|move|p2a: Gengar|Will-O-Wisp|p1a: Rotom\n|-status|p1a: Rotom|brn\n|move|p1a: Rotom|Shadow Ball|p2a: Gengar\n|-supereffective|p2a: Gengar\n|-damage|p2a: Gengar|0 fnt\n|faint|p2a: Gengar\n|\n|-damage|p1a: Rotom|94\/100 brn|[from] brn\n|upkeep\n|\n|t:|1700886355\n|switch|p2a: Clodsire|Clodsire, F|76\/100\n|turn|9\n|\n|t:|1700886363\n|switch|p1a: Ferrothorn|Ferrothorn, M|100\/100\n|move|p2a: Clodsire|Spikes|p1a: Ferrothorn\n|-sidestart|p1: sgyyds|Spikes\n|\n|-heal|p2a: Clodsire|82\/100|[from] item: Leftovers\n|upkeep\n|turn|10\n|\n|t:|1700886369\n|move|p2a: Clodsire|Yawn|p1a: Ferrothorn\n|-start|p1a: Ferrothorn|move: Yawn|[of] p2a: Clodsire\n|move|p1a: Ferrothorn|Leech Seed|p2a: Clodsire\n|-start|p2a: Clodsire|move: Leech Seed\n|\n|-heal|p2a: Clodsire|89\/100|[from] item: Leftovers\n|-damage|p2a: Clodsire|76\/100|[from] Leech Seed|[of] p1a: Ferrothorn\n|upkeep\n|turn|11\n|\n|t:|1700886374\n|switch|p1a: Torkoal|Torkoal, M|100\/100\n|-weather|SunnyDay|[from] ability: Drought|[of] p1a: Torkoal\n|move|p2a: Clodsire|Spikes|p1a: Torkoal\n|-sidestart|p1: sgyyds|Spikes\n|\n|-weather|SunnyDay|[upkeep]\n|-heal|p2a: Clodsire|82\/100|[from] item: Leftovers\n|-damage|p2a: Clodsire|70\/100|[from] Leech Seed|[of] p1a: Torkoal\n|upkeep\n|turn|12\n|\n|t:|1700886382\n|move|p2a: Clodsire|Yawn|p1a: Torkoal\n|-start|p1a: Torkoal|move: Yawn|[of] p2a: Clodsire\n|move|p1a: Torkoal|Rapid Spin|p2a: Clodsire\n|-damage|p2a: Clodsire|63\/100\n|-boost|p1a: Torkoal|spe|1\n|-sideend|p1: sgyyds|Spikes|[from] move: Rapid Spin|[of] p1a: Torkoal\n|\n|-weather|SunnyDay|[upkeep]\n|-heal|p2a: Clodsire|69\/100|[from] item: Leftovers\n|-damage|p2a: Clodsire|57\/100|[from] Leech Seed|[of] p1a: Torkoal\n|upkeep\n|turn|13\n|\n|t:|1700886393\n|switch|p1a: Rotom|Rotom-Wash|94\/100 brn\n|move|p2a: Clodsire|Toxic||[still]\n|-fail|p2a: Clodsire\n|\n|-weather|SunnyDay|[upkeep]\n|-heal|p1a: Rotom|100\/100 brn|[from] item: Leftovers\n|-heal|p2a: Clodsire|63\/100|[from] item: Leftovers\n|-damage|p2a: Clodsire|50\/100|[from] Leech Seed|[of] p1a: Rotom\n|-damage|p1a: Rotom|94\/100 brn|[from] brn\n|upkeep\n|turn|14\n|\n|t:|1700886400\n|move|p1a: Rotom|Shadow Ball|p2a: Clodsire\n|-damage|p2a: Clodsire|36\/100\n|move|p2a: Clodsire|Spikes|p1a: Rotom\n|-sidestart|p1: sgyyds|Spikes\n|\n|-weather|SunnyDay|[upkeep]\n|-heal|p1a: Rotom|100\/100 brn|[from] item: Leftovers\n|-heal|p2a: Clodsire|42\/100|[from] item: Leftovers\n|-damage|p2a: Clodsire|30\/100|[from] Leech Seed|[of] p1a: Rotom\n|-damage|p1a: Rotom|94\/100 brn|[from] brn\n|upkeep\n|turn|15\n|\n|t:|1700886413\n|move|p1a: Rotom|Nasty Plot|p1a: Rotom\n|-boost|p1a: Rotom|spa|2\n|move|p2a: Clodsire|Spikes|p1a: Rotom\n|-sidestart|p1: sgyyds|Spikes\n|\n|-weather|none\n|-heal|p1a: Rotom|100\/100 brn|[from] item: Leftovers\n|-heal|p2a: Clodsire|36\/100|[from] item: Leftovers\n|-damage|p2a: Clodsire|23\/100|[from] Leech Seed|[of] p1a: Rotom\n|-damage|p1a: Rotom|94\/100 brn|[from] brn\n|upkeep\n|turn|16\n|\n|t:|1700886420\n|move|p1a: Rotom|Nasty Plot|p1a: Rotom\n|-boost|p1a: Rotom|spa|2\n|move|p2a: Clodsire|Spikes|p1a: Rotom\n|-sidestart|p1: sgyyds|Spikes\n|\n|-heal|p1a: Rotom|100\/100 brn|[from] item: Leftovers\n|-heal|p2a: Clodsire|30\/100|[from] item: Leftovers\n|-damage|p2a: Clodsire|17\/100|[from] Leech Seed|[of] p1a: Rotom\n|-damage|p1a: Rotom|94\/100 brn|[from] brn\n|upkeep\n|turn|17\n|\n|t:|1700886426\n|move|p1a: Rotom|Nasty Plot|p1a: Rotom\n|-boost|p1a: Rotom|spa|2\n|move|p2a: Clodsire|Venoshock|p1a: Rotom\n|-damage|p1a: Rotom|83\/100 brn\n|\n|-heal|p1a: Rotom|90\/100 brn|[from] item: Leftovers\n|-heal|p2a: Clodsire|23\/100|[from] item: Leftovers\n|-damage|p2a: Clodsire|11\/100|[from] Leech Seed|[of] p1a: Rotom\n|-heal|p1a: Rotom|100\/100 brn|[silent]\n|-damage|p1a: Rotom|94\/100 brn|[from] brn\n|upkeep\n|turn|18\n|\n|t:|1700886437\n|move|p1a: Rotom|Volt Switch|p2a: Clodsire\n|-immune|p2a: Clodsire\n|move|p2a: Clodsire|Venoshock|p1a: Rotom\n|-damage|p1a: Rotom|84\/100 brn\n|\n|-heal|p1a: Rotom|91\/100 brn|[from] item: Leftovers\n|-heal|p2a: Clodsire|17\/100|[from] item: Leftovers\n|-damage|p2a: Clodsire|5\/100|[from] Leech Seed|[of] p1a: Rotom\n|-heal|p1a: Rotom|100\/100 brn|[silent]\n|-damage|p1a: Rotom|94\/100 brn|[from] brn\n|upkeep\n|turn|19\n|\n|t:|1700886450\n|move|p1a: Rotom|Volt Switch|p2a: Clodsire\n|-immune|p2a: Clodsire\n|move|p2a: Clodsire|Venoshock|p1a: Rotom\n|-damage|p1a: Rotom|83\/100 brn\n|\n|-heal|p1a: Rotom|90\/100 brn|[from] item: Leftovers\n|-heal|p2a: Clodsire|11\/100|[from] item: Leftovers\n|-damage|p2a: Clodsire|0 fnt|[from] Leech Seed|[of] p1a: Rotom\n|-heal|p1a: Rotom|100\/100 brn|[silent]\n|faint|p2a: Clodsire\n|-damage|p1a: Rotom|94\/100 brn|[from] brn\n|upkeep\n|\n|t:|1700886466\n|switch|p2a: Delphox|Delphox, F|100\/100\n|turn|20\n|\n|t:|1700886470\n|move|p2a: Delphox|Confuse Ray|p1a: Rotom\n|-start|p1a: Rotom|confusion\n|-activate|p1a: Rotom|confusion\n|move|p1a: Rotom|Hydro Pump|p2a: Delphox\n|-supereffective|p2a: Delphox\n|-enditem|p2a: Delphox|Focus Sash\n|-damage|p2a: Delphox|1\/100\n|\n|-heal|p1a: Rotom|100\/100 brn|[from] item: Leftovers\n|-damage|p1a: Rotom|94\/100 brn|[from] brn\n|upkeep\n|turn|21\n|\n|t:|1700886487\n|move|p2a: Delphox|Psychic|p1a: Rotom\n|-damage|p1a: Rotom|51\/100 brn\n|-item|p2a: Delphox|Leftovers|[from] ability: Magician|[of] p1a: Rotom\n|-activate|p1a: Rotom|confusion\n|move|p1a: Rotom|Volt Switch|p2a: Delphox\n|-damage|p2a: Delphox|0 fnt\n|faint|p2a: Delphox\n|\n|t:|1700886497\n|switch|p1a: Torkoal|Torkoal, M|100\/100|[from] Volt Switch\n|-weather|SunnyDay|[from] ability: Drought|[of] p1a: Torkoal\n|\n|-weather|SunnyDay|[upkeep]\n|upkeep\n|\n|t:|1700886507\n|switch|p2a: Sneasler|Sneasler, M|100\/100\n|turn|22\n|\n|t:|1700886514\n|move|p2a: Sneasler|Dire Claw|p1a: Torkoal\n|-damage|p1a: Torkoal|73\/100\n|move|p1a: Torkoal|Rapid Spin|p2a: Sneasler\n|-damage|p2a: Sneasler|86\/100\n|-boost|p1a: Torkoal|spe|1\n|-sideend|p1: sgyyds|Spikes|[from] move: Rapid Spin|[of] p1a: Torkoal\n|\n|-weather|SunnyDay|[upkeep]\n|upkeep\n|turn|23\n|\n|t:|1700886530\n|switch|p1a: Rotom|Rotom-Wash|51\/100 brn\n|-terastallize|p2a: Sneasler|Fighting\n|move|p2a: Sneasler|Close Combat|p1a: Rotom\n|-damage|p1a: Rotom|0 fnt\n|-unboost|p2a: Sneasler|def|1\n|-unboost|p2a: Sneasler|spd|1\n|faint|p1a: Rotom\n|\n|-weather|SunnyDay|[upkeep]\n|upkeep\n|\n|t:|1700886538\n|switch|p1a: Dragonite|Dragonite, F|100\/100\n|turn|24\n|\n|t:|1700886544\n|move|p2a: Sneasler|Dire Claw|p1a: Dragonite\n|-damage|p1a: Dragonite|76\/100\n|move|p1a: Dragonite|Earthquake|p2a: Sneasler\n|-damage|p2a: Sneasler|0 fnt\n|faint|p2a: Sneasler\n|\n|-weather|SunnyDay|[upkeep]\n|-heal|p1a: Dragonite|83\/100|[from] item: Leftovers\n|upkeep\n|\n|t:|1700886554\n|switch|p2a: Greninja|Greninja, F|52\/100\n|turn|25\n|\n|t:|1700886561\n|move|p1a: Dragonite|Extreme Speed|p2a: Greninja\n|-damage|p2a: Greninja|4\/100\n|move|p2a: Greninja|Ice Beam|p1a: Dragonite\n|-start|p2a: Greninja|typechange|Ice|[from] ability: Protean\n|-supereffective|p1a: Dragonite\n|-damage|p1a: Dragonite|0 fnt\n|faint|p1a: Dragonite\n|\n|-weather|none\n|upkeep\n|\n|t:|1700886571\n|switch|p1a: Ferrothorn|Ferrothorn, M|100\/100\n|turn|26\n|\n|t:|1700886576\n|move|p2a: Greninja|Ice Beam|p1a: Ferrothorn\n|-damage|p1a: Ferrothorn|70\/100\n|move|p1a: Ferrothorn|Leech Seed|p2a: Greninja\n|-start|p2a: Greninja|move: Leech Seed\n|\n|-heal|p1a: Ferrothorn|76\/100|[from] item: Leftovers\n|-damage|p2a: Greninja|0 fnt|[from] Leech Seed|[of] p1a: Ferrothorn\n|-heal|p1a: Ferrothorn|79\/100|[silent]\n|faint|p2a: Greninja\n|upkeep\n|\n|t:|1700886581\n|switch|p2a: Decidueye|Decidueye, F|100\/100\n|turn|27\n|\n|t:|1700886587\n|switch|p1a: Torkoal|Torkoal, M|73\/100\n|-weather|SunnyDay|[from] ability: Drought|[of] p1a: Torkoal\n|-zpower|p2a: Decidueye\n|move|p2a: Decidueye|Sinister Arrow Raid|p1a: Torkoal|[zeffect]\n|-damage|p1a: Torkoal|24\/100\n|\n|-weather|SunnyDay|[upkeep]\n|upkeep\n|turn|28\n|\n|t:|1700886600\n|move|p2a: Decidueye|Poltergeist|p1a: Torkoal\n|-activate|p1a: Torkoal|move: Poltergeist|Heavy-Duty Boots\n|-damage|p1a: Torkoal|0 fnt\n|faint|p1a: Torkoal\n|\n|-weather|SunnyDay|[upkeep]\n|upkeep\n|\n|t:|1700886603\n|switch|p1a: Snorlax|Snorlax, M|100\/100\n|turn|29\n|\n|t:|1700886609\n|move|p2a: Decidueye|Leaf Blade|p1a: Snorlax\n|-damage|p1a: Snorlax|66\/100\n|move|p1a: Snorlax|Fire Punch|p2a: Decidueye\n|-supereffective|p2a: Decidueye\n|-damage|p2a: Decidueye|35\/100\n|\n|-weather|SunnyDay|[upkeep]\n|upkeep\n|turn|30\n|\n|t:|1700886616\n|move|p2a: Decidueye|Leaf Blade|p1a: Snorlax\n|-damage|p1a: Snorlax|27\/100\n|move|p1a: Snorlax|Fire Punch|p2a: Decidueye\n|-supereffective|p2a: Decidueye\n|-crit|p2a: Decidueye\n|-damage|p2a: Decidueye|0 fnt\n|faint|p2a: Decidueye\n|\n|win|sgyyds\n|raw|sgyyds's rating: 1000 &rarr; <strong>1050<\/strong><br \/>(+50 for winning)\n|raw|GB4Life03's rating: 1092 &rarr; <strong>1062<\/strong><br \/>(-30 for losing)\n|l|\u2606GB4Life03\n","uploadtime":1700886627,"views":11,"p1id":"sgyyds","p2id":"gb4life03","formatid":"gen9nationaldex","rating":1050,"private":0,"password":""}