{"id":"gen9nationaldex-1988649031","p1":"AfuroVictini","p2":"PikachuXD317878","format":"[Gen 9] National Dex","log":"|j|\u2606AfuroVictini\n|j|\u2606PikachuXD317878\n|t:|1699746109\n|gametype|singles\n|player|p1|AfuroVictini|lillie-masters2|\n|player|p2|PikachuXD317878|pokemonranger-gen4|\n|teamsize|p1|6\n|teamsize|p2|6\n|gen|9\n|tier|[Gen 9] National Dex\n|rule|HP Percentage Mod: HP is shown in percentages\n|rule|Endless Battle Clause: Forcing endless battles is banned\n|rule|OHKO Clause: OHKO moves are banned\n|rule|Evasion Clause: Evasion abilities, items, and moves are banned\n|rule|Evasion Abilities Clause: Evasion abilities are banned\n|rule|Evasion Items Clause: Evasion items are banned\n|rule|Evasion Moves Clause: Evasion moves are banned\n|rule|Species Clause: Limit one of each Pok\u00e9mon\n|rule|Sleep Clause Mod: Limit one foe put to sleep\n|clearpoke\n|poke|p1|Iron Valiant|\n|poke|p1|Ribombee, M|\n|poke|p1|Ogerpon-Wellspring, F|\n|poke|p1|Scizor, M|\n|poke|p1|Volcarona, F|\n|poke|p1|Great Tusk|\n|poke|p2|Alomomola, M|\n|poke|p2|Great Tusk|\n|poke|p2|Iron Moth|\n|poke|p2|Rillaboom, F|\n|poke|p2|Aegislash, M|\n|poke|p2|Lopunny, F|\n|teampreview\n|inactive|Battle timer is ON: inactive players will automatically lose when time's up. (requested by PikachuXD317878)\n|c|\u2606PikachuXD317878|suerte\n|c|\u2606AfuroVictini|suerte\n|\n|t:|1699746134\n|start\n|switch|p1a: Volcarona|Volcarona, F|100\/100\n|switch|p2a: Iron Moth|Iron Moth|100\/100\n|-enditem|p2a: Iron Moth|Booster Energy\n|-activate|p2a: Iron Moth|ability: Quark Drive|[fromitem]\n|-start|p2a: Iron Moth|quarkdrivespe\n|turn|1\n|\n|t:|1699746143\n|move|p2a: Iron Moth|Fiery Dance|p1a: Volcarona\n|-damage|p1a: Volcarona|61\/100\n|move|p1a: Volcarona|Fiery Dance|p2a: Iron Moth\n|-resisted|p2a: Iron Moth\n|-damage|p2a: Iron Moth|80\/100\n|\n|upkeep\n|turn|2\n|\n|t:|1699746146\n|move|p2a: Iron Moth|Fiery Dance|p1a: Volcarona\n|-damage|p1a: Volcarona|21\/100\n|move|p1a: Volcarona|Fiery Dance|p2a: Iron Moth\n|-resisted|p2a: Iron Moth\n|-damage|p2a: Iron Moth|60\/100\n|\n|upkeep\n|turn|3\n|\n|t:|1699746150\n|move|p2a: Iron Moth|Fiery Dance|p1a: Volcarona\n|-damage|p1a: Volcarona|0 fnt\n|faint|p1a: Volcarona\n|\n|upkeep\n|\n|t:|1699746155\n|switch|p1a: Ribombee|Ribombee, M|100\/100\n|turn|4\n|\n|t:|1699746158\n|-terastallize|p2a: Iron Moth|Grass\n|move|p2a: Iron Moth|Fiery Dance|p1a: Ribombee\n|-supereffective|p1a: Ribombee\n|-enditem|p1a: Ribombee|Focus Sash\n|-damage|p1a: Ribombee|1\/100\n|move|p1a: Ribombee|Stun Spore|p2a: Iron Moth\n|-immune|p2a: Iron Moth\n|\n|upkeep\n|turn|5\n|\n|t:|1699746164\n|move|p2a: Iron Moth|Fiery Dance|p1a: Ribombee\n|-supereffective|p1a: Ribombee\n|-damage|p1a: Ribombee|0 fnt\n|faint|p1a: Ribombee\n|\n|upkeep\n|\n|t:|1699746175\n|switch|p1a: Great Tusk|Great Tusk|100\/100\n|turn|6\n|c|\u2606PikachuXD317878|50% de subir ataque especial XD\n|\n|t:|1699746180\n|move|p2a: Iron Moth|Fiery Dance|p1a: Great Tusk\n|-damage|p1a: Great Tusk|40\/100\n|-boost|p2a: Iron Moth|spa|1\n|move|p1a: Great Tusk|Ice Spinner|p2a: Iron Moth\n|-supereffective|p2a: Iron Moth\n|-damage|p2a: Iron Moth|0 fnt\n|faint|p2a: Iron Moth\n|-end|p2a: Iron Moth|Quark Drive|[silent]\n|\n|upkeep\n|c|\u2606AfuroVictini|vaya follada me has pegado\n|\n|t:|1699746192\n|switch|p2a: Lopunny|Lopunny, F|100\/100\n|turn|7\n|\n|t:|1699746207\n|-end|p1a: Great Tusk|Protosynthesis|[silent]\n|switch|p1a: Scizor|Scizor, M|100\/100\n|detailschange|p2a: Lopunny|Lopunny-Mega, F\n|-mega|p2a: Lopunny|Lopunny|Lopunnite\n|move|p2a: Lopunny|Fake Out|p1a: Scizor\n|-resisted|p1a: Scizor\n|-damage|p1a: Scizor|89\/100\n|\n|upkeep\n|turn|8\n|\n|t:|1699746213\n|detailschange|p1a: Scizor|Scizor-Mega, M\n|-mega|p1a: Scizor|Scizor|Scizorite\n|move|p2a: Lopunny|Close Combat|p1a: Scizor\n|-crit|p1a: Scizor\n|-damage|p1a: Scizor|22\/100\n|-unboost|p2a: Lopunny|def|1\n|-unboost|p2a: Lopunny|spd|1\n|move|p1a: Scizor|Close Combat|p2a: Lopunny\n|-supereffective|p2a: Lopunny\n|-damage|p2a: Lopunny|0 fnt\n|-unboost|p1a: Scizor|def|1\n|-unboost|p1a: Scizor|spd|1\n|faint|p2a: Lopunny\n|\n|upkeep\n|\n|t:|1699746217\n|switch|p2a: Aegislash|Aegislash, M|100\/100\n|turn|9\n|\n|t:|1699746222\n|switch|p1a: Great Tusk|Great Tusk|40\/100\n|move|p2a: Aegislash|Swords Dance|p2a: Aegislash\n|-boost|p2a: Aegislash|atk|2\n|\n|upkeep\n|turn|10\n|\n|t:|1699746227\n|move|p2a: Aegislash|King's Shield|p2a: Aegislash\n|-singleturn|p2a: Aegislash|Protect\n|move|p1a: Great Tusk|Headlong Rush|p2a: Aegislash\n|-activate|p2a: Aegislash|move: Protect\n|-unboost|p1a: Great Tusk|atk|1\n|\n|upkeep\n|turn|11\n|\n|t:|1699746232\n|move|p1a: Great Tusk|Headlong Rush|p2a: Aegislash\n|-supereffective|p2a: Aegislash\n|-damage|p2a: Aegislash|32\/100\n|-unboost|p1a: Great Tusk|def|1\n|-unboost|p1a: Great Tusk|spd|1\n|-formechange|p2a: Aegislash|Aegislash-Blade||[from] ability: Stance Change\n|move|p2a: Aegislash|Iron Head|p1a: Great Tusk\n|-damage|p1a: Great Tusk|0 fnt\n|faint|p1a: Great Tusk\n|-end|p1a: Great Tusk|Protosynthesis|[silent]\n|\n|-heal|p2a: Aegislash|38\/100|[from] item: Leftovers\n|upkeep\n|\n|t:|1699746249\n|switch|p1a: Ogerpon|Ogerpon-Wellspring, F|100\/100\n|turn|12\n|\n|t:|1699746253\n|-formechange|p2a: Aegislash|Aegislash||[from] ability: Stance Change\n|move|p2a: Aegislash|King's Shield|p2a: Aegislash\n|-singleturn|p2a: Aegislash|Protect\n|move|p1a: Ogerpon|Ivy Cudgel|p2a: Aegislash\n|-activate|p2a: Aegislash|move: Protect\n|\n|-heal|p2a: Aegislash|44\/100|[from] item: Leftovers\n|upkeep\n|turn|13\n|\n|t:|1699746258\n|switch|p2a: Rillaboom|Rillaboom, F|100\/100\n|-fieldstart|move: Grassy Terrain|[from] ability: Grassy Surge|[of] p2a: Rillaboom\n|move|p1a: Ogerpon|Ivy Cudgel|p2a: Rillaboom\n|-resisted|p2a: Rillaboom\n|-damage|p2a: Rillaboom|72\/100\n|\n|-heal|p2a: Rillaboom|78\/100|[from] Grassy Terrain\n|-heal|p2a: Rillaboom|84\/100|[from] item: Leftovers\n|upkeep\n|turn|14\n|\n|t:|1699746270\n|move|p1a: Ogerpon|U-turn|p2a: Rillaboom\n|-supereffective|p2a: Rillaboom\n|-damage|p2a: Rillaboom|23\/100\n|\n|t:|1699746277\n|switch|p1a: Scizor|Scizor-Mega, M|22\/100|[from] U-turn\n|move|p2a: Rillaboom|U-turn|p1a: Scizor\n|-resisted|p1a: Scizor\n|-damage|p1a: Scizor|13\/100\n|\n|t:|1699746280\n|switch|p2a: Aegislash|Aegislash, M|44\/100|[from] U-turn\n|\n|-heal|p1a: Scizor|19\/100|[from] Grassy Terrain\n|-heal|p2a: Aegislash|50\/100|[from] Grassy Terrain\n|-heal|p2a: Aegislash|57\/100|[from] item: Leftovers\n|upkeep\n|turn|15\n|\n|t:|1699746283\n|-formechange|p2a: Aegislash|Aegislash-Blade||[from] ability: Stance Change\n|move|p2a: Aegislash|Shadow Sneak|p1a: Scizor\n|-damage|p1a: Scizor|1\/100\n|move|p1a: Scizor|Roost|p1a: Scizor\n|-heal|p1a: Scizor|52\/100\n|-singleturn|p1a: Scizor|move: Roost\n|\n|-heal|p1a: Scizor|58\/100|[from] Grassy Terrain\n|-heal|p2a: Aegislash|63\/100|[from] Grassy Terrain\n|-heal|p2a: Aegislash|69\/100|[from] item: Leftovers\n|upkeep\n|turn|16\n|\n|t:|1699746293\n|move|p1a: Scizor|Roost|p1a: Scizor\n|-heal|p1a: Scizor|100\/100\n|-singleturn|p1a: Scizor|move: Roost\n|move|p2a: Aegislash|Swords Dance|p2a: Aegislash\n|-boost|p2a: Aegislash|atk|2\n|\n|-heal|p2a: Aegislash|75\/100|[from] Grassy Terrain\n|-heal|p2a: Aegislash|81\/100|[from] item: Leftovers\n|upkeep\n|turn|17\n|\n|t:|1699746300\n|-formechange|p2a: Aegislash|Aegislash||[from] ability: Stance Change\n|move|p2a: Aegislash|King's Shield|p2a: Aegislash\n|-singleturn|p2a: Aegislash|Protect\n|move|p1a: Scizor|Swords Dance|p1a: Scizor\n|-boost|p1a: Scizor|atk|2\n|\n|-heal|p2a: Aegislash|88\/100|[from] Grassy Terrain\n|-heal|p2a: Aegislash|94\/100|[from] item: Leftovers\n|-fieldend|move: Grassy Terrain\n|upkeep\n|turn|18\n|\n|t:|1699746304\n|move|p1a: Scizor|Bullet Punch|p2a: Aegislash\n|-resisted|p2a: Aegislash\n|-damage|p2a: Aegislash|63\/100\n|move|p2a: Aegislash|Swords Dance|p2a: Aegislash\n|-boost|p2a: Aegislash|atk|2\n|\n|-heal|p2a: Aegislash|70\/100|[from] item: Leftovers\n|upkeep\n|turn|19\n|\n|t:|1699746310\n|-formechange|p2a: Aegislash|Aegislash-Blade||[from] ability: Stance Change\n|move|p2a: Aegislash|Shadow Sneak|p1a: Scizor\n|-damage|p1a: Scizor|48\/100\n|move|p1a: Scizor|Swords Dance|p1a: Scizor\n|-boost|p1a: Scizor|atk|2\n|\n|-heal|p2a: Aegislash|76\/100|[from] item: Leftovers\n|upkeep\n|turn|20\n|\n|t:|1699746319\n|move|p1a: Scizor|Bullet Punch|p2a: Aegislash\n|-resisted|p2a: Aegislash\n|-damage|p2a: Aegislash|0 fnt\n|faint|p2a: Aegislash\n|\n|upkeep\n|\n|t:|1699746325\n|switch|p2a: Alomomola|Alomomola, M|100\/100\n|turn|21\n|\n|t:|1699746328\n|move|p1a: Scizor|Roost|p1a: Scizor\n|-heal|p1a: Scizor|98\/100\n|-singleturn|p1a: Scizor|move: Roost\n|move|p2a: Alomomola|Scald|p1a: Scizor\n|-damage|p1a: Scizor|86\/100\n|-status|p1a: Scizor|brn\n|\n|-damage|p1a: Scizor|80\/100 brn|[from] brn\n|upkeep\n|turn|22\n|\n|t:|1699746340\n|move|p1a: Scizor|Bullet Punch|p2a: Alomomola\n|-resisted|p2a: Alomomola\n|-damage|p2a: Alomomola|85\/100\n|move|p2a: Alomomola|Wish|p2a: Alomomola\n|\n|-damage|p1a: Scizor|73\/100 brn|[from] brn\n|upkeep\n|turn|23\n|\n|t:|1699746351\n|move|p1a: Scizor|Bullet Punch|p2a: Alomomola\n|-resisted|p2a: Alomomola\n|-damage|p2a: Alomomola|70\/100\n|move|p2a: Alomomola|Flip Turn|p1a: Scizor\n|-damage|p1a: Scizor|62\/100 brn\n|\n|t:|1699746353\n|switch|p2a: Rillaboom|Rillaboom, F|23\/100|[from] Flip Turn\n|-fieldstart|move: Grassy Terrain|[from] ability: Grassy Surge|[of] p2a: Rillaboom\n|\n|-heal|p2a: Rillaboom|97\/100|[from] move: Wish|[wisher] Alomomola\n|-heal|p2a: Rillaboom|100\/100|[from] Grassy Terrain\n|-heal|p1a: Scizor|68\/100 brn|[from] Grassy Terrain\n|-damage|p1a: Scizor|62\/100 brn|[from] brn\n|upkeep\n|turn|24\n|\n|t:|1699746359\n|switch|p2a: Alomomola|Alomomola, M|100\/100\n|move|p1a: Scizor|Close Combat|p2a: Alomomola\n|-damage|p2a: Alomomola|58\/100\n|-unboost|p1a: Scizor|def|1\n|-unboost|p1a: Scizor|spd|1\n|\n|-heal|p1a: Scizor|68\/100 brn|[from] Grassy Terrain\n|-heal|p2a: Alomomola|64\/100|[from] Grassy Terrain\n|-damage|p1a: Scizor|62\/100 brn|[from] brn\n|upkeep\n|turn|25\n|\n|t:|1699746363\n|move|p1a: Scizor|Roost|p1a: Scizor\n|-heal|p1a: Scizor|100\/100 brn\n|-singleturn|p1a: Scizor|move: Roost\n|move|p2a: Alomomola|Wish|p2a: Alomomola\n|\n|-heal|p2a: Alomomola|70\/100|[from] Grassy Terrain\n|-damage|p1a: Scizor|94\/100 brn|[from] brn\n|upkeep\n|turn|26\n|\n|t:|1699746367\n|move|p1a: Scizor|Swords Dance|p1a: Scizor\n|-boost|p1a: Scizor|atk|2\n|move|p2a: Alomomola|Flip Turn|p1a: Scizor\n|-damage|p1a: Scizor|77\/100 brn\n|\n|t:|1699746369\n|switch|p2a: Great Tusk|Great Tusk|100\/100|[from] Flip Turn\n|\n|-heal|p1a: Scizor|84\/100 brn|[from] Grassy Terrain\n|-damage|p1a: Scizor|77\/100 brn|[from] brn\n|upkeep\n|turn|27\n|\n|t:|1699746373\n|move|p1a: Scizor|Bullet Punch|p2a: Great Tusk\n|-damage|p2a: Great Tusk|43\/100\n|move|p2a: Great Tusk|Close Combat|p1a: Scizor\n|-damage|p1a: Scizor|5\/100 brn\n|-unboost|p2a: Great Tusk|def|1\n|-unboost|p2a: Great Tusk|spd|1\n|\n|-heal|p2a: Great Tusk|49\/100|[from] Grassy Terrain\n|-heal|p1a: Scizor|11\/100 brn|[from] Grassy Terrain\n|-damage|p1a: Scizor|5\/100 brn|[from] brn\n|-fieldend|move: Grassy Terrain\n|upkeep\n|turn|28\n|\n|t:|1699746379\n|-end|p2a: Great Tusk|Protosynthesis|[silent]\n|switch|p2a: Alomomola|Alomomola, M|100\/100\n|move|p1a: Scizor|Bullet Punch|p2a: Alomomola\n|-resisted|p2a: Alomomola\n|-damage|p2a: Alomomola|80\/100\n|\n|-damage|p1a: Scizor|0 fnt|[from] brn\n|faint|p1a: Scizor\n|upkeep\n|\n|t:|1699746385\n|switch|p1a: Ogerpon|Ogerpon-Wellspring, F|100\/100\n|turn|29\n|\n|t:|1699746399\n|switch|p2a: Great Tusk|Great Tusk|49\/100\n|move|p1a: Ogerpon|Swords Dance|p1a: Ogerpon\n|-boost|p1a: Ogerpon|atk|2\n|\n|upkeep\n|turn|30\n|\n|t:|1699746402\n|move|p1a: Ogerpon|Horn Leech|p2a: Great Tusk\n|-supereffective|p2a: Great Tusk\n|-damage|p2a: Great Tusk|0 fnt\n|faint|p2a: Great Tusk\n|-end|p2a: Great Tusk|Protosynthesis|[silent]\n|\n|upkeep\n|\n|t:|1699746403\n|switch|p2a: Rillaboom|Rillaboom, F|100\/100\n|-fieldstart|move: Grassy Terrain|[from] ability: Grassy Surge|[of] p2a: Rillaboom\n|turn|31\n|\n|t:|1699746406\n|move|p2a: Rillaboom|Grassy Glide|p1a: Ogerpon\n|-damage|p1a: Ogerpon|56\/100\n|move|p1a: Ogerpon|U-turn|p2a: Rillaboom\n|-supereffective|p2a: Rillaboom\n|-damage|p2a: Rillaboom|0 fnt\n|faint|p2a: Rillaboom\n|\n|t:|1699746409\n|switch|p1a: Iron Valiant|Iron Valiant|100\/100|[from] U-turn\n|\n|upkeep\n|c|\u2606PikachuXD317878|gg\n|\n|t:|1699746412\n|switch|p2a: Alomomola|Alomomola, M|100\/100\n|turn|32\n|\n|t:|1699746414\n|move|p1a: Iron Valiant|Thunderbolt|p2a: Alomomola\n|-supereffective|p2a: Alomomola\n|-damage|p2a: Alomomola|0 fnt\n|faint|p2a: Alomomola\n|\n|win|AfuroVictini\n|c|\u2606AfuroVictini|gg\n|l|\u2606PikachuXD317878\n","uploadtime":1699746470,"views":10,"p1id":"afurovictini","p2id":"pikachuxd317878","formatid":"gen9nationaldex","rating":0,"private":0,"password":""}