{"id":"gen9nationaldex-1997133576","p1":"TheJesurion","p2":"Meb78910","format":"[Gen 9] National Dex","log":"|html|<div class=\"broadcast-blue\"><strong>[Gen 9] National Dex is currently suspecting Sneasler! For information on how to participate check out the <a href=\"https:\/\/www.smogon.com\/forums\/threads\/sv-national-dex-suspect-8-just-dance.3731534\/\">suspect thread<\/a>.<\/strong><\/div>\n|j|\u2606TheJesurion\n|j|\u2606Meb78910\n|t:|1700767883\n|gametype|singles\n|player|p1|TheJesurion|wattson|1194\n|player|p2|Meb78910|265|1175\n|teamsize|p1|6\n|teamsize|p2|6\n|gen|9\n|tier|[Gen 9] National Dex\n|rated|\n|rule|HP Percentage Mod: HP is shown in percentages\n|rule|Endless Battle Clause: Forcing endless battles is banned\n|rule|OHKO Clause: OHKO moves are banned\n|rule|Evasion Clause: Evasion abilities, items, and moves are banned\n|rule|Evasion Abilities Clause: Evasion abilities are banned\n|rule|Evasion Items Clause: Evasion items are banned\n|rule|Evasion Moves Clause: Evasion moves are banned\n|rule|Species Clause: Limit one of each Pok\u00e9mon\n|rule|Sleep Clause Mod: Limit one foe put to sleep\n|clearpoke\n|poke|p1|Lapras, F|\n|poke|p1|Snorlax, M|\n|poke|p1|Jolteon, M|\n|poke|p1|Rhydon, M|\n|poke|p1|Dragonite, M|\n|poke|p1|Alakazam, F|\n|poke|p2|Venusaur, M|\n|poke|p2|Arcanine-Hisui, M|\n|poke|p2|Ninetales-Alola, F|\n|poke|p2|Skarmory, F|\n|poke|p2|Starmie|\n|poke|p2|Togekiss, F|\n|teampreview\n|\n|t:|1700767897\n|start\n|switch|p1a: Lapras|Lapras, F|100\/100\n|switch|p2a: Ninetales|Ninetales-Alola, F|100\/100\n|-weather|Snow|[from] ability: Snow Warning|[of] p2a: Ninetales\n|turn|1\n|\n|t:|1700767907\n|move|p2a: Ninetales|Aurora Veil|p2a: Ninetales\n|-sidestart|p2: Meb78910|move: Aurora Veil\n|move|p1a: Lapras|Hydro Pump|p2a: Ninetales\n|-damage|p2a: Ninetales|82\/100\n|\n|-weather|Snow|[upkeep]\n|upkeep\n|turn|2\n|\n|t:|1700767930\n|switch|p2a: Skarmory|Skarmory, F|100\/100\n|move|p1a: Lapras|Ice Beam|p2a: Skarmory\n|-damage|p2a: Skarmory|81\/100\n|\n|-weather|Snow|[upkeep]\n|upkeep\n|turn|3\n|\n|t:|1700767938\n|move|p2a: Skarmory|Toxic|p1a: Lapras\n|-status|p1a: Lapras|tox\n|move|p1a: Lapras|Thunderbolt|p2a: Skarmory\n|-supereffective|p2a: Skarmory\n|-damage|p2a: Skarmory|56\/100\n|\n|-weather|Snow|[upkeep]\n|-damage|p1a: Lapras|94\/100 tox|[from] psn\n|upkeep\n|turn|4\n|\n|t:|1700767951\n|switch|p1a: Rhydon|Rhydon, M|100\/100\n|move|p2a: Skarmory|Stealth Rock|p1a: Rhydon\n|-sidestart|p1: TheJesurion|move: Stealth Rock\n|\n|-weather|Snow|[upkeep]\n|upkeep\n|turn|5\n|\n|t:|1700767960\n|move|p2a: Skarmory|Roost|p2a: Skarmory\n|-heal|p2a: Skarmory|100\/100\n|-singleturn|p2a: Skarmory|move: Roost\n|move|p1a: Rhydon|Stone Edge|p2a: Skarmory\n|-resisted|p2a: Skarmory\n|-damage|p2a: Skarmory|91\/100\n|\n|-weather|none\n|upkeep\n|turn|6\n|\n|t:|1700767978\n|switch|p2a: Ninetales|Ninetales-Alola, F|82\/100\n|-weather|Snow|[from] ability: Snow Warning|[of] p2a: Ninetales\n|switch|p1a: Alakazam|Alakazam, F|100\/100\n|\n|-weather|Snow|[upkeep]\n|upkeep\n|turn|7\n|\n|t:|1700767991\n|move|p1a: Alakazam|Calm Mind|p1a: Alakazam\n|-boost|p1a: Alakazam|spa|1\n|-boost|p1a: Alakazam|spd|1\n|move|p2a: Ninetales|Blizzard|p1a: Alakazam\n|-damage|p1a: Alakazam|62\/100\n|\n|-weather|Snow|[upkeep]\n|upkeep\n|turn|8\n|inactive|Battle timer is ON: inactive players will automatically lose when time's up. (requested by TheJesurion)\n|\n|t:|1700768010\n|move|p1a: Alakazam|Calm Mind|p1a: Alakazam\n|-boost|p1a: Alakazam|spa|1\n|-boost|p1a: Alakazam|spd|1\n|move|p2a: Ninetales|Encore|p1a: Alakazam\n|-start|p1a: Alakazam|Encore\n|\n|-weather|Snow|[upkeep]\n|-sideend|p2: Meb78910|move: Aurora Veil\n|upkeep\n|turn|9\n|\n|t:|1700768017\n|move|p1a: Alakazam|Calm Mind|p1a: Alakazam\n|-boost|p1a: Alakazam|spa|1\n|-boost|p1a: Alakazam|spd|1\n|move|p2a: Ninetales|Aurora Veil|p2a: Ninetales\n|-sidestart|p2: Meb78910|move: Aurora Veil\n|\n|-weather|Snow|[upkeep]\n|upkeep\n|turn|10\n|\n|t:|1700768025\n|switch|p2a: Skarmory|Skarmory, F|91\/100\n|move|p1a: Alakazam|Calm Mind|p1a: Alakazam\n|-boost|p1a: Alakazam|spa|1\n|-boost|p1a: Alakazam|spd|1\n|\n|-weather|none\n|upkeep\n|turn|11\n|\n|t:|1700768033\n|move|p1a: Alakazam|Calm Mind|p1a: Alakazam\n|-boost|p1a: Alakazam|spa|1\n|-boost|p1a: Alakazam|spd|1\n|move|p2a: Skarmory|Whirlwind|p1a: Alakazam\n|drag|p1a: Dragonite|Dragonite, M|100\/100\n|-damage|p1a: Dragonite|76\/100|[from] Stealth Rock\n|\n|upkeep\n|turn|12\n|\n|t:|1700768043\n|move|p2a: Skarmory|Toxic|p1a: Dragonite\n|-status|p1a: Dragonite|tox\n|move|p1a: Dragonite|Outrage|p2a: Skarmory\n|-resisted|p2a: Skarmory\n|-damage|p2a: Skarmory|74\/100\n|-damage|p1a: Dragonite|59\/100 tox|[from] item: Rocky Helmet|[of] p2a: Skarmory\n|\n|-damage|p1a: Dragonite|53\/100 tox|[from] psn\n|upkeep\n|turn|13\n|-message|TheJesurion forfeited.\n|\n|win|Meb78910\n|raw|TheJesurion's rating: 1194 &rarr; <strong>1168<\/strong><br \/>(-26 for losing)\n|raw|Meb78910's rating: 1175 &rarr; <strong>1201<\/strong><br \/>(+26 for winning)\n|l|\u2606TheJesurion\n","uploadtime":1700768078,"views":25,"p1id":"thejesurion","p2id":"meb78910","formatid":"gen9nationaldex","rating":1168,"private":0,"password":""}