{"id":"gen9nationaldex-1999463698","p1":"AesirEcho","p2":"Bulka4000","format":"[Gen 9] National Dex","log":"|html|<div class=\"broadcast-blue\"><strong>[Gen 9] National Dex is currently suspecting Sneasler! For information on how to participate check out the <a href=\"https:\/\/www.smogon.com\/forums\/threads\/sv-national-dex-suspect-8-just-dance.3731534\/\">suspect thread<\/a>.<\/strong><\/div>\n|j|\u2606AesirEcho\n|j|\u2606Bulka4000\n|t:|1701084490\n|gametype|singles\n|player|p1|AesirEcho|ethan-masters|\n|player|p2|Bulka4000|265|\n|teamsize|p1|6\n|teamsize|p2|6\n|gen|9\n|tier|[Gen 9] National Dex\n|rule|HP Percentage Mod: HP is shown in percentages\n|rule|Endless Battle Clause: Forcing endless battles is banned\n|rule|OHKO Clause: OHKO moves are banned\n|rule|Evasion Clause: Evasion abilities, items, and moves are banned\n|rule|Evasion Abilities Clause: Evasion abilities are banned\n|rule|Evasion Items Clause: Evasion items are banned\n|rule|Evasion Moves Clause: Evasion moves are banned\n|rule|Species Clause: Limit one of each Pok\u00e9mon\n|rule|Sleep Clause Mod: Limit one foe put to sleep\n|clearpoke\n|poke|p1|Tornadus-Therian, M|\n|poke|p1|Landorus-Therian, M|\n|poke|p1|Ogerpon-Wellspring, F|\n|poke|p1|Rotom-Wash|\n|poke|p1|Heatran, F|\n|poke|p1|Garganacl, M|\n|poke|p2|Gengar, F|\n|poke|p2|Zamazenta-*|\n|poke|p2|Garchomp, M|\n|poke|p2|Ting-Lu|\n|poke|p2|Skeledirge, M|\n|poke|p2|Rotom-Wash|\n|teampreview\n|\n|t:|1701084507\n|start\n|switch|p1a: Dominus Terrae|Landorus-Therian, M|100\/100\n|switch|p2a: Rotom|Rotom-Wash|100\/100\n|-ability|p1a: Dominus Terrae|Intimidate|boost\n|-unboost|p2a: Rotom|atk|1\n|turn|1\n|\n|t:|1701084517\n|move|p1a: Dominus Terrae|U-turn|p2a: Rotom\n|-damage|p2a: Rotom|81\/100\n|\n|t:|1701084520\n|switch|p1a: Victor Mare|Ogerpon-Wellspring, F|100\/100|[from] U-turn\n|move|p2a: Rotom|Hydro Pump|p1a: Victor Mare\n|-immune|p1a: Victor Mare|[from] ability: Water Absorb\n|\n|-heal|p2a: Rotom|87\/100|[from] item: Leftovers\n|upkeep\n|turn|2\n|\n|t:|1701084528\n|move|p1a: Victor Mare|Swords Dance|p1a: Victor Mare\n|-boost|p1a: Victor Mare|atk|2\n|move|p2a: Rotom|Will-O-Wisp|p1a: Victor Mare\n|-status|p1a: Victor Mare|brn\n|\n|-heal|p2a: Rotom|94\/100|[from] item: Leftovers\n|-damage|p1a: Victor Mare|95\/100 brn|[from] brn\n|upkeep\n|turn|3\n|\n|t:|1701084540\n|move|p1a: Victor Mare|Trailblaze|p2a: Rotom\n|-supereffective|p2a: Rotom\n|-damage|p2a: Rotom|47\/100\n|-boost|p1a: Victor Mare|spe|1\n|move|p2a: Rotom|Volt Switch|p1a: Victor Mare\n|-damage|p1a: Victor Mare|62\/100 brn\n|j| ttheus\n|\n|t:|1701084558\n|switch|p2a: Zamazenta|Zamazenta|100\/100|[from] Volt Switch\n|-ability|p2a: Zamazenta|Dauntless Shield|boost\n|-boost|p2a: Zamazenta|def|1\n|\n|-damage|p1a: Victor Mare|56\/100 brn|[from] brn\n|upkeep\n|turn|4\n|\n|t:|1701084565\n|move|p1a: Victor Mare|Play Rough|p2a: Zamazenta\n|-supereffective|p2a: Zamazenta\n|-damage|p2a: Zamazenta|56\/100\n|move|p2a: Zamazenta|Wild Charge|p1a: Victor Mare\n|-damage|p1a: Victor Mare|0 fnt\n|faint|p1a: Victor Mare\n|-damage|p2a: Zamazenta|43\/100|[from] Recoil\n|\n|upkeep\n|\n|t:|1701084571\n|switch|p1a: Dominus Terrae|Landorus-Therian, M|100\/100\n|-ability|p1a: Dominus Terrae|Intimidate|boost\n|-unboost|p2a: Zamazenta|atk|1\n|turn|5\n|c| ttheus|vai bulka\n|c| ttheus|krl\n|c| ttheus|vamo\n|\n|t:|1701084592\n|switch|p2a: Rotom|Rotom-Wash|47\/100\n|move|p1a: Dominus Terrae|U-turn|p2a: Rotom\n|-damage|p2a: Rotom|27\/100\n|\n|t:|1701084597\n|switch|p1a: Dominus Petrae|Garganacl, M|100\/100|[from] U-turn\n|\n|-heal|p2a: Rotom|33\/100|[from] item: Leftovers\n|upkeep\n|turn|6\n|\n|t:|1701084607\n|move|p2a: Rotom|Hydro Pump|p1a: Dominus Petrae\n|-supereffective|p1a: Dominus Petrae\n|-damage|p1a: Dominus Petrae|53\/100\n|move|p1a: Dominus Petrae|Salt Cure|p2a: Rotom\n|-damage|p2a: Rotom|22\/100\n|-start|p2a: Rotom|Salt Cure\n|\n|-heal|p2a: Rotom|28\/100|[from] item: Leftovers\n|-heal|p1a: Dominus Petrae|59\/100|[from] item: Leftovers\n|-damage|p2a: Rotom|3\/100|[from] Salt Cure\n|upkeep\n|turn|7\n|\n|t:|1701084621\n|move|p1a: Dominus Petrae|Protect|p1a: Dominus Petrae\n|-singleturn|p1a: Dominus Petrae|Protect\n|move|p2a: Rotom|Hydro Pump|p1a: Dominus Petrae\n|-activate|p1a: Dominus Petrae|move: Protect\n|\n|-heal|p2a: Rotom|10\/100|[from] item: Leftovers\n|-heal|p1a: Dominus Petrae|65\/100|[from] item: Leftovers\n|-damage|p2a: Rotom|0 fnt|[from] Salt Cure\n|faint|p2a: Rotom\n|upkeep\n|\n|t:|1701084647\n|switch|p2a: Zamazenta|Zamazenta|43\/100\n|turn|8\n|\n|t:|1701084654\n|switch|p1a: Dominus Terrae|Landorus-Therian, M|100\/100\n|-ability|p1a: Dominus Terrae|Intimidate|boost\n|-unboost|p2a: Zamazenta|atk|1\n|move|p2a: Zamazenta|Close Combat|p1a: Dominus Terrae\n|-resisted|p1a: Dominus Terrae\n|-damage|p1a: Dominus Terrae|63\/100\n|-unboost|p2a: Zamazenta|def|1\n|-unboost|p2a: Zamazenta|spd|1\n|\n|upkeep\n|turn|9\n|\n|t:|1701084672\n|switch|p2a: Garchomp|Garchomp, M|100\/100\n|move|p1a: Dominus Terrae|Earthquake|p2a: Garchomp\n|-crit|p2a: Garchomp\n|-damage|p2a: Garchomp|22\/100\n|\n|upkeep\n|turn|10\n|\n|t:|1701084683\n|move|p1a: Dominus Terrae|Earthquake|p2a: Garchomp\n|-damage|p2a: Garchomp|0 fnt\n|faint|p2a: Garchomp\n|\n|upkeep\n|\n|t:|1701084693\n|switch|p2a: Zamazenta|Zamazenta|43\/100\n|turn|11\n|\n|t:|1701084697\n|move|p1a: Dominus Terrae|Earthquake|p2a: Zamazenta\n|-damage|p2a: Zamazenta|0 fnt\n|faint|p2a: Zamazenta\n|\n|upkeep\n|\n|t:|1701084713\n|switch|p2a: Gengar|Gengar, F|100\/100\n|turn|12\n|\n|t:|1701084718\n|switch|p1a: Dominus Petrae|Garganacl, M|65\/100\n|move|p2a: Gengar|Shadow Ball|p1a: Dominus Petrae\n|-damage|p1a: Dominus Petrae|51\/100\n|-unboost|p1a: Dominus Petrae|spd|1\n|\n|-heal|p1a: Dominus Petrae|57\/100|[from] item: Leftovers\n|upkeep\n|turn|13\n|\n|t:|1701084732\n|switch|p2a: Ting-Lu|Ting-Lu|100\/100\n|-ability|p2a: Ting-Lu|Vessel of Ruin\n|move|p1a: Dominus Petrae|Recover|p1a: Dominus Petrae\n|-heal|p1a: Dominus Petrae|100\/100\n|\n|upkeep\n|turn|14\n|\n|t:|1701084742\n|move|p2a: Ting-Lu|Earthquake|p1a: Dominus Petrae\n|-supereffective|p1a: Dominus Petrae\n|-crit|p1a: Dominus Petrae\n|-damage|p1a: Dominus Petrae|28\/100\n|move|p1a: Dominus Petrae|Salt Cure|p2a: Ting-Lu\n|-resisted|p2a: Ting-Lu\n|-damage|p2a: Ting-Lu|97\/100\n|-start|p2a: Ting-Lu|Salt Cure\n|\n|-heal|p2a: Ting-Lu|100\/100|[from] item: Leftovers\n|-heal|p1a: Dominus Petrae|34\/100|[from] item: Leftovers\n|-damage|p2a: Ting-Lu|88\/100|[from] Salt Cure\n|upkeep\n|turn|15\n|\n|t:|1701084758\n|switch|p1a: Miles Tonitrui|Rotom-Wash|100\/100\n|move|p2a: Ting-Lu|Ruination|p1a: Miles Tonitrui\n|-damage|p1a: Miles Tonitrui|50\/100\n|\n|-heal|p1a: Miles Tonitrui|57\/100|[from] item: Leftovers\n|-heal|p2a: Ting-Lu|94\/100|[from] item: Leftovers\n|-damage|p2a: Ting-Lu|82\/100|[from] Salt Cure\n|upkeep\n|turn|16\n|\n|t:|1701084774\n|move|p1a: Miles Tonitrui|Will-O-Wisp|p2a: Ting-Lu\n|-status|p2a: Ting-Lu|brn\n|move|p2a: Ting-Lu|Whirlwind|p1a: Miles Tonitrui\n|drag|p1a: Mantichora|Heatran, F|100\/100\n|\n|-heal|p2a: Ting-Lu|88\/100 brn|[from] item: Leftovers\n|-damage|p2a: Ting-Lu|82\/100 brn|[from] brn\n|-damage|p2a: Ting-Lu|69\/100 brn|[from] Salt Cure\n|upkeep\n|turn|17\n|\n|t:|1701084785\n|switch|p1a: Miles Tonitrui|Rotom-Wash|57\/100\n|move|p2a: Ting-Lu|Earthquake|p1a: Miles Tonitrui\n|-immune|p1a: Miles Tonitrui|[from] ability: Levitate\n|\n|-heal|p1a: Miles Tonitrui|63\/100|[from] item: Leftovers\n|-heal|p2a: Ting-Lu|76\/100 brn|[from] item: Leftovers\n|-damage|p2a: Ting-Lu|69\/100 brn|[from] brn\n|-damage|p2a: Ting-Lu|57\/100 brn|[from] Salt Cure\n|upkeep\n|turn|18\n|\n|t:|1701084796\n|move|p1a: Miles Tonitrui|Hydro Pump|p2a: Ting-Lu\n|-supereffective|p2a: Ting-Lu\n|-damage|p2a: Ting-Lu|26\/100 brn\n|move|p2a: Ting-Lu|Ruination|p1a: Miles Tonitrui\n|-damage|p1a: Miles Tonitrui|32\/100\n|\n|-heal|p1a: Miles Tonitrui|38\/100|[from] item: Leftovers\n|-heal|p2a: Ting-Lu|32\/100 brn|[from] item: Leftovers\n|-damage|p2a: Ting-Lu|26\/100 brn|[from] brn\n|-damage|p2a: Ting-Lu|14\/100 brn|[from] Salt Cure\n|upkeep\n|turn|19\n|\n|t:|1701084810\n|move|p1a: Miles Tonitrui|Hydro Pump|p2a: Ting-Lu\n|-supereffective|p2a: Ting-Lu\n|-damage|p2a: Ting-Lu|0 fnt\n|faint|p2a: Ting-Lu\n|\n|-heal|p1a: Miles Tonitrui|44\/100|[from] item: Leftovers\n|upkeep\n|\n|t:|1701084842\n|switch|p2a: Gengar|Gengar, F|100\/100\n|turn|20\n|\n|t:|1701084846\n|switch|p1a: Dominus Petrae|Garganacl, M|34\/100\n|move|p2a: Gengar|Trick|p1a: Dominus Petrae\n|-activate|p2a: Gengar|move: Trick|[of] p1a: Dominus Petrae\n|-item|p1a: Dominus Petrae|Choice Scarf|[from] move: Trick\n|-item|p2a: Gengar|Leftovers|[from] move: Trick\n|\n|upkeep\n|turn|21\n|\n|t:|1701084860\n|move|p2a: Gengar|Nasty Plot|p2a: Gengar\n|-boost|p2a: Gengar|spa|2\n|move|p1a: Dominus Petrae|Stealth Rock|p2a: Gengar\n|-sidestart|p2: Bulka4000|move: Stealth Rock\n|\n|upkeep\n|turn|22\n|\n|t:|1701084873\n|switch|p1a: Mantichora|Heatran, F|100\/100\n|move|p2a: Gengar|Shadow Ball|p1a: Mantichora\n|-damage|p1a: Mantichora|44\/100\n|\n|-heal|p1a: Mantichora|50\/100|[from] item: Leftovers\n|upkeep\n|turn|23\n|\n|t:|1701084886\n|move|p2a: Gengar|Shadow Ball|p1a: Mantichora\n|-damage|p1a: Mantichora|0 fnt\n|faint|p1a: Mantichora\n|\n|upkeep\n|\n|t:|1701084891\n|switch|p1a: Dominus Terrae|Landorus-Therian, M|63\/100\n|-ability|p1a: Dominus Terrae|Intimidate|boost\n|-unboost|p2a: Gengar|atk|1\n|turn|24\n|\n|t:|1701084898\n|move|p1a: Dominus Terrae|Earthquake|p2a: Gengar\n|-supereffective|p2a: Gengar\n|-damage|p2a: Gengar|0 fnt\n|faint|p2a: Gengar\n|\n|upkeep\n|\n|t:|1701084904\n|switch|p2a: Skeledirge|Skeledirge, M|100\/100\n|turn|25\n|\n|t:|1701084923\n|move|p1a: Dominus Terrae|Earthquake|p2a: Skeledirge\n|-supereffective|p2a: Skeledirge\n|-damage|p2a: Skeledirge|27\/100\n|move|p2a: Skeledirge|Will-O-Wisp|p1a: Dominus Terrae\n|-status|p1a: Dominus Terrae|brn\n|\n|-damage|p1a: Dominus Terrae|57\/100 brn|[from] brn\n|upkeep\n|turn|26\n|\n|t:|1701084932\n|move|p1a: Dominus Terrae|Earthquake|p2a: Skeledirge\n|-supereffective|p2a: Skeledirge\n|-damage|p2a: Skeledirge|0 fnt\n|faint|p2a: Skeledirge\n|\n|win|AesirEcho\n","uploadtime":1701084939,"views":1,"p1id":"aesirecho","p2id":"bulka4000","formatid":"gen9nationaldex","rating":0,"private":0,"password":""}