{"id":"gen9nationaldex-1988535851","p1":"PeppsiAsiEs","p2":"matu 1402","format":"[Gen 9] National Dex","log":"|j|\u2606PeppsiAsiEs\n|j|\u2606matu 1402\n|t:|1699733436\n|gametype|singles\n|player|p1|PeppsiAsiEs|poppy|\n|player|p2|matu 1402|cheren-gen5bw2|\n|teamsize|p1|6\n|teamsize|p2|6\n|gen|9\n|tier|[Gen 9] National Dex\n|rule|HP Percentage Mod: HP is shown in percentages\n|rule|Endless Battle Clause: Forcing endless battles is banned\n|rule|OHKO Clause: OHKO moves are banned\n|rule|Evasion Clause: Evasion abilities, items, and moves are banned\n|rule|Evasion Abilities Clause: Evasion abilities are banned\n|rule|Evasion Items Clause: Evasion items are banned\n|rule|Evasion Moves Clause: Evasion moves are banned\n|rule|Species Clause: Limit one of each Pok\u00e9mon\n|rule|Sleep Clause Mod: Limit one foe put to sleep\n|clearpoke\n|poke|p1|Darmanitan, F|\n|poke|p1|Ferrothorn, F|\n|poke|p1|Jellicent, M|\n|poke|p1|Volcarona, F|\n|poke|p1|Landorus-Therian, M|\n|poke|p1|Bisharp, M|\n|poke|p2|Enamorus, F|\n|poke|p2|Samurott-Hisui, M|\n|poke|p2|Zapdos-Galar|\n|poke|p2|Corviknight, M|\n|poke|p2|Slowking-Galar, F|\n|poke|p2|Polteageist|\n|teampreview\n|inactive|Battle timer is ON: inactive players will automatically lose when time's up. (requested by matu 1402)\n|c|\u2606PeppsiAsiEs|Vale tio\n|j| Sylveon(404)\n|j| AjoFC\n|\n|t:|1699733463\n|start\n|switch|p1a: Daruma|Darmanitan, F|100\/100\n|switch|p2a: Zapdos kanto|Zapdos-Galar, shiny|100\/100\n|turn|1\n|j| Sai4rr\n|c|\u2606matu 1402|Entonces si Fabri no aparece puedo pelear con su team tambien? (Si gano este)\n|\n|t:|1699733484\n|-terastallize|p1a: Daruma|Fire\n|move|p1a: Daruma|Flare Blitz|p2a: Zapdos kanto\n|-damage|p2a: Zapdos kanto|0 fnt\n|faint|p2a: Zapdos kanto\n|-damage|p1a: Daruma|70\/100|[from] Recoil\n|\n|upkeep\n|c|\u2606PeppsiAsiEs|Si\n|\n|t:|1699733488\n|switch|p2a: Mi primera paja|Enamorus, F|100\/100\n|turn|2\n|l| Sylveon(404)\n|l| AjoFC\n|\n|t:|1699733498\n|switch|p1a: Mr. Fishy|Jellicent, M|100\/100\n|move|p2a: Mi primera paja|Earth Power|p1a: Mr. Fishy\n|-damage|p1a: Mr. Fishy|82\/100\n|\n|-heal|p1a: Mr. Fishy|88\/100|[from] item: Leftovers\n|upkeep\n|turn|3\n|\n|t:|1699733505\n|switch|p2a: Hermanos lento|Slowking-Galar, F|100\/100\n|move|p1a: Mr. Fishy|Toxic|p2a: Hermanos lento\n|-immune|p2a: Hermanos lento\n|\n|-heal|p1a: Mr. Fishy|95\/100|[from] item: Leftovers\n|upkeep\n|turn|4\n|j| Sylveon(404)\n|\n|t:|1699733514\n|switch|p1a: Sergio|Landorus-Therian, M, shiny|100\/100\n|-ability|p1a: Sergio|Intimidate|boost\n|-unboost|p2a: Hermanos lento|atk|1\n|move|p2a: Hermanos lento|Flamethrower|p1a: Sergio\n|-damage|p1a: Sergio|69\/100\n|\n|upkeep\n|turn|5\n|j| WSoldat\n|\n|t:|1699733523\n|move|p1a: Sergio|U-turn|p2a: Hermanos lento\n|-damage|p2a: Hermanos lento|71\/100\n|\n|t:|1699733533\n|switch|p1a: Mr. Fishy|Jellicent, M|95\/100|[from] U-turn\n|move|p2a: Hermanos lento|Ice Beam|p1a: Mr. Fishy\n|-resisted|p1a: Mr. Fishy\n|-damage|p1a: Mr. Fishy|88\/100\n|\n|-heal|p1a: Mr. Fishy|95\/100|[from] item: Leftovers\n|upkeep\n|turn|6\n|\n|t:|1699733550\n|switch|p2a: Doy asco lo se|Corviknight, M, shiny|100\/100\n|-ability|p2a: Doy asco lo se|Pressure\n|move|p1a: Mr. Fishy|Scald|p2a: Doy asco lo se\n|-damage|p2a: Doy asco lo se|75\/100\n|\n|-heal|p1a: Mr. Fishy|100\/100|[from] item: Leftovers\n|upkeep\n|turn|7\n|\n|t:|1699733564\n|switch|p2a: El pibito Edgy|Samurott-Hisui, M|100\/100\n|switch|p1a: Mothra|Volcarona, F, shiny|100\/100\n|\n|upkeep\n|turn|8\n|c|\u2606PeppsiAsiEs|Si gano esto finolo estar\u00eda orgulloso de mi\n|\n|t:|1699733582\n|switch|p1a: Pelopincho|Ferrothorn, F|100\/100\n|switch|p2a: Reyna isabella|Polteageist|100\/100\n|\n|upkeep\n|turn|9\n|c|\u2606PeppsiAsiEs|yo confi\u00f3\n|\n|t:|1699733587\n|move|p2a: Reyna isabella|Shadow Ball|p1a: Pelopincho\n|-damage|p1a: Pelopincho|67\/100\n|-unboost|p1a: Pelopincho|spd|1\n|move|p1a: Pelopincho|Thunder Wave|p2a: Reyna isabella\n|-status|p2a: Reyna isabella|par\n|\n|upkeep\n|turn|10\n|\n|t:|1699733596\n|switch|p1a: B7|Bisharp, M|100\/100\n|move|p2a: Reyna isabella|Shell Smash|p2a: Reyna isabella\n|-unboost|p2a: Reyna isabella|def|1\n|-unboost|p2a: Reyna isabella|spd|1\n|-boost|p2a: Reyna isabella|atk|2\n|-boost|p2a: Reyna isabella|spa|2\n|-boost|p2a: Reyna isabella|spe|2\n|\n|upkeep\n|turn|11\n|c| Sai4rr|Pelea de 100 turnos\n|\n|t:|1699733602\n|move|p1a: B7|Sucker Punch|p2a: Reyna isabella\n|-supereffective|p2a: Reyna isabella\n|-enditem|p2a: Reyna isabella|Focus Sash\n|-damage|p2a: Reyna isabella|1\/100 par\n|-ability|p2a: Reyna isabella|Weak Armor|boost\n|-unboost|p2a: Reyna isabella|def|1\n|-boost|p2a: Reyna isabella|spe|2\n|move|p2a: Reyna isabella|Shadow Ball|p1a: B7\n|-resisted|p1a: B7\n|-damage|p1a: B7|39\/100\n|\n|upkeep\n|turn|12\n|\n|t:|1699733612\n|move|p1a: B7|Sucker Punch||[still]\n|-fail|p1a: B7\n|move|p2a: Reyna isabella|Strength Sap|p1a: B7\n|-unboost|p1a: B7|atk|1\n|-ability|p1a: B7|Defiant|boost\n|-boost|p1a: B7|atk|2\n|-heal|p2a: Reyna isabella|100\/100 par\n|\n|upkeep\n|turn|13\n|c|\u2606matu 1402|\u00c6\n|\n|t:|1699733627\n|switch|p2a: Doy asco lo se|Corviknight, M, shiny|75\/100\n|-ability|p2a: Doy asco lo se|Pressure\n|switch|p1a: Mr. Fishy|Jellicent, M|100\/100\n|\n|upkeep\n|turn|14\n|\n|t:|1699733640\n|switch|p2a: Hermanos lento|Slowking-Galar, F|100\/100\n|switch|p1a: Mothra|Volcarona, F, shiny|100\/100\n|\n|upkeep\n|turn|15\n|\n|t:|1699733660\n|switch|p1a: Mr. Fishy|Jellicent, M|100\/100\n|move|p2a: Hermanos lento|Eerie Spell|p1a: Mr. Fishy\n|-damage|p1a: Mr. Fishy|83\/100\n|\n|-heal|p1a: Mr. Fishy|89\/100|[from] item: Leftovers\n|upkeep\n|turn|16\n|\n|t:|1699733667\n|move|p1a: Mr. Fishy|Taunt|p2a: Hermanos lento\n|-start|p2a: Hermanos lento|move: Taunt\n|move|p2a: Hermanos lento|Ice Beam|p1a: Mr. Fishy\n|-resisted|p1a: Mr. Fishy\n|-damage|p1a: Mr. Fishy|83\/100\n|\n|-heal|p1a: Mr. Fishy|89\/100|[from] item: Leftovers\n|upkeep\n|turn|17\n|\n|t:|1699733672\n|move|p1a: Mr. Fishy|Scald|p2a: Hermanos lento\n|-damage|p2a: Hermanos lento|90\/100\n|-status|p2a: Hermanos lento|brn\n|move|p2a: Hermanos lento|Ice Beam|p1a: Mr. Fishy\n|-resisted|p1a: Mr. Fishy\n|-damage|p1a: Mr. Fishy|82\/100\n|\n|-heal|p1a: Mr. Fishy|89\/100|[from] item: Leftovers\n|-damage|p2a: Hermanos lento|84\/100 brn|[from] brn\n|upkeep\n|turn|18\n|\n|t:|1699733686\n|switch|p1a: B7|Bisharp, M|39\/100\n|move|p2a: Hermanos lento|Ice Beam|p1a: B7\n|-resisted|p1a: B7\n|-damage|p1a: B7|23\/100\n|\n|-damage|p2a: Hermanos lento|78\/100 brn|[from] brn\n|-end|p2a: Hermanos lento|move: Taunt\n|upkeep\n|turn|19\n|c|\u2606matu 1402|Dis 1 buscando la congelaci\u00f3n\n|\n|t:|1699733703\n|move|p1a: B7|Knock Off|p2a: Hermanos lento\n|-supereffective|p2a: Hermanos lento\n|-damage|p2a: Hermanos lento|0 fnt\n|-enditem|p2a: Hermanos lento|Assault Vest|[from] move: Knock Off|[of] p1a: B7\n|faint|p2a: Hermanos lento\n|\n|upkeep\n|\n|t:|1699733710\n|switch|p2a: Mi primera paja|Enamorus, F|100\/100\n|turn|20\n|c|\u2606PeppsiAsiEs|Dia 1 tratando de que martu no busque la jaqueada\n|\n|t:|1699733713\n|switch|p1a: Mr. Fishy|Jellicent, M|89\/100\n|move|p2a: Mi primera paja|Moonblast|p1a: Mr. Fishy\n|-damage|p1a: Mr. Fishy|56\/100\n|-unboost|p1a: Mr. Fishy|spa|1\n|\n|-heal|p1a: Mr. Fishy|62\/100|[from] item: Leftovers\n|upkeep\n|turn|21\n|\n|t:|1699733723\n|move|p2a: Mi primera paja|Moonblast|p1a: Mr. Fishy\n|-damage|p1a: Mr. Fishy|31\/100\n|move|p1a: Mr. Fishy|Recover|p1a: Mr. Fishy\n|-heal|p1a: Mr. Fishy|81\/100\n|\n|-heal|p1a: Mr. Fishy|88\/100|[from] item: Leftovers\n|upkeep\n|turn|22\n|c|\u2606PeppsiAsiEs|matu*\n|\n|t:|1699733733\n|switch|p2a: El pibito Edgy|Samurott-Hisui, M|100\/100\n|move|p1a: Mr. Fishy|Toxic|p2a: El pibito Edgy\n|-status|p2a: El pibito Edgy|tox\n|\n|-heal|p1a: Mr. Fishy|94\/100|[from] item: Leftovers\n|-damage|p2a: El pibito Edgy|94\/100 tox|[from] psn\n|upkeep\n|turn|23\n|c|\u2606matu 1402|Como odio que llevn 3 stalls\n|\n|t:|1699733746\n|switch|p1a: Pelopincho|Ferrothorn, F|67\/100\n|move|p2a: El pibito Edgy|Ceaseless Edge|p1a: Pelopincho\n|-damage|p1a: Pelopincho|41\/100\n|-damage|p2a: El pibito Edgy|82\/100 tox|[from] ability: Iron Barbs|[of] p1a: Pelopincho\n|-damage|p2a: El pibito Edgy|65\/100 tox|[from] item: Rocky Helmet|[of] p1a: Pelopincho\n|-sidestart|p1: PeppsiAsiEs|Spikes\n|\n|-damage|p2a: El pibito Edgy|53\/100 tox|[from] psn\n|upkeep\n|turn|24\n|c|\u2606PeppsiAsiEs|3 stalls?\n|c|\u2606PeppsiAsiEs|llevo 2 wey\n|j| KillerZodiac03\n|\n|t:|1699733757\n|switch|p2a: Doy asco lo se|Corviknight, M, shiny|75\/100\n|-ability|p2a: Doy asco lo se|Pressure\n|move|p1a: Pelopincho|Leech Seed|p2a: Doy asco lo se|[miss]\n|-miss|p1a: Pelopincho|p2a: Doy asco lo se\n|\n|upkeep\n|turn|25\n|\n|t:|1699733765\n|switch|p2a: El pibito Edgy|Samurott-Hisui, M|53\/100 tox\n|switch|p1a: Mothra|Volcarona, F, shiny|100\/100\n|\n|-damage|p2a: El pibito Edgy|47\/100 tox|[from] psn\n|upkeep\n|turn|26\n|c|\u2606PeppsiAsiEs|Ola zodiac\n|c|\u2606PeppsiAsiEs|estas presenciando una semifinal\n|\n|t:|1699733779\n|switch|p2a: Mi primera paja|Enamorus, F|100\/100\n|move|p1a: Mothra|Giga Drain|p2a: Mi primera paja\n|-resisted|p2a: Mi primera paja\n|-damage|p2a: Mi primera paja|80\/100\n|\n|upkeep\n|turn|27\n|c|\u2606matu 1402|Ando apurado\n|c|\u2606matu 1402|Ataca rapido\n|c|\u2606PeppsiAsiEs|eso es lo que hago bb\n|\n|t:|1699733795\n|switch|p1a: Mr. Fishy|Jellicent, M|94\/100\n|-damage|p1a: Mr. Fishy|81\/100|[from] Spikes\n|move|p2a: Mi primera paja|Moonblast|p1a: Mr. Fishy\n|-damage|p1a: Mr. Fishy|51\/100\n|\n|-heal|p1a: Mr. Fishy|57\/100|[from] item: Leftovers\n|upkeep\n|turn|28\n|\n|t:|1699733803\n|switch|p2a: El pibito Edgy|Samurott-Hisui, M|47\/100 tox\n|move|p1a: Mr. Fishy|Recover|p1a: Mr. Fishy\n|-heal|p1a: Mr. Fishy|100\/100\n|\n|-damage|p2a: El pibito Edgy|40\/100 tox|[from] psn\n|upkeep\n|turn|29\n|\n|t:|1699733810\n|switch|p1a: Sergio|Landorus-Therian, M, shiny|69\/100\n|-ability|p1a: Sergio|Intimidate|boost\n|-unboost|p2a: El pibito Edgy|atk|1\n|move|p2a: El pibito Edgy|Ceaseless Edge|p1a: Sergio\n|-damage|p1a: Sergio|33\/100\n|-sidestart|p1: PeppsiAsiEs|Spikes\n|\n|-damage|p2a: El pibito Edgy|28\/100 tox|[from] psn\n|upkeep\n|turn|30\n|c|\u2606matu 1402|Thanks bb\n|\n|t:|1699733823\n|move|p1a: Sergio|U-turn|p2a: El pibito Edgy\n|-supereffective|p2a: El pibito Edgy\n|-damage|p2a: El pibito Edgy|0 fnt\n|faint|p2a: El pibito Edgy\n|\n|t:|1699733836\n|switch|p1a: Mothra|Volcarona, F, shiny|100\/100|[from] U-turn\n|\n|upkeep\n|\n|t:|1699733842\n|switch|p2a: Reyna isabella|Polteageist|100\/100 par\n|turn|31\n|\n|t:|1699733846\n|move|p1a: Mothra|Quiver Dance|p1a: Mothra\n|-boost|p1a: Mothra|spa|1\n|-boost|p1a: Mothra|spd|1\n|-boost|p1a: Mothra|spe|1\n|move|p2a: Reyna isabella|Shadow Ball|p1a: Mothra\n|-damage|p1a: Mothra|70\/100\n|\n|upkeep\n|turn|32\n|\n|t:|1699733853\n|move|p1a: Mothra|Fiery Dance|p2a: Reyna isabella\n|-damage|p2a: Reyna isabella|22\/100 par\n|-boost|p1a: Mothra|spa|1\n|move|p2a: Reyna isabella|Shell Smash|p2a: Reyna isabella\n|-unboost|p2a: Reyna isabella|def|1\n|-unboost|p2a: Reyna isabella|spd|1\n|-boost|p2a: Reyna isabella|atk|2\n|-boost|p2a: Reyna isabella|spa|2\n|-boost|p2a: Reyna isabella|spe|2\n|\n|upkeep\n|turn|33\n|c|\u2606matu 1402|Uff\n|-message|matu 1402 forfeited.\n|\n|win|PeppsiAsiEs\n|l|\u2606matu 1402\n|c|\u2606PeppsiAsiEs|GG\n|c|\u2606PeppsiAsiEs|VAMOSSSSSSSS\n","uploadtime":1699733881,"views":21,"p1id":"peppsiasies","p2id":"matu1402","formatid":"gen9nationaldex","rating":0,"private":0,"password":""}