{"id":"gen9nationaldex-1990010881","p1":"JogadorCaro","p2":"Eve L Duehr","format":"[Gen 9] National Dex","log":"|j|\u2606JogadorCaro\n|j|\u203dEve L Duehr\n|t:|1699915132\n|gametype|singles\n|player|p1|JogadorCaro|tate|1643\n|player|p2|Eve L Duehr|giovanni-gen3|1532\n|teamsize|p1|6\n|teamsize|p2|6\n|gen|9\n|tier|[Gen 9] National Dex\n|rated|\n|rule|HP Percentage Mod: HP is shown in percentages\n|rule|Endless Battle Clause: Forcing endless battles is banned\n|rule|OHKO Clause: OHKO moves are banned\n|rule|Evasion Clause: Evasion abilities, items, and moves are banned\n|rule|Evasion Abilities Clause: Evasion abilities are banned\n|rule|Evasion Items Clause: Evasion items are banned\n|rule|Evasion Moves Clause: Evasion moves are banned\n|rule|Species Clause: Limit one of each Pok\u00e9mon\n|rule|Sleep Clause Mod: Limit one foe put to sleep\n|clearpoke\n|poke|p1|Garganacl, F|\n|poke|p1|Zamazenta-*|\n|poke|p1|Volcarona, F|\n|poke|p1|Hoopa-Unbound|\n|poke|p1|Dondozo, M|\n|poke|p1|Rotom-Wash|\n|poke|p2|Dondozo, F|\n|poke|p2|Jellicent, F|\n|poke|p2|Aggron, M|\n|poke|p2|Chansey, F|\n|poke|p2|Slowking-Galar, M|\n|poke|p2|Gliscor, M|\n|teampreview\n|inactive|Battle timer is ON: inactive players will automatically lose when time's up. (requested by Eve L Duehr)\n|c|\u2606JogadorCaro|a really heavy team\n|\n|t:|1699915147\n|start\n|switch|p1a: mulher|Rotom-Wash|100\/100\n|switch|p2a: Jellicent|Jellicent, F|100\/100\n|turn|1\n|\n|t:|1699915151\n|move|p1a: mulher|Volt Switch|p2a: Jellicent\n|-supereffective|p2a: Jellicent\n|-damage|p2a: Jellicent|70\/100\n|\n|t:|1699915155\n|switch|p1a: Agito|Hoopa-Unbound|100\/100|[from] Volt Switch\n|move|p2a: Jellicent|Toxic|p1a: Agito\n|-status|p1a: Agito|tox\n|\n|-heal|p2a: Jellicent|76\/100|[from] item: Leftovers\n|-damage|p1a: Agito|95\/100 tox|[from] psn\n|upkeep\n|turn|2\n|\n|t:|1699915162\n|switch|p2a: Aggron|Aggron, M|100\/100\n|move|p1a: Agito|Dark Pulse|p2a: Aggron\n|-ability|p2a: Aggron|Sturdy\n|-damage|p2a: Aggron|1\/100\n|\n|-damage|p1a: Agito|83\/100 tox|[from] psn\n|upkeep\n|turn|3\n|\n|t:|1699915175\n|switch|p2a: Chansey|Chansey, F|100\/100\n|move|p1a: Agito|Dark Pulse|p2a: Chansey\n|-damage|p2a: Chansey|83\/100\n|\n|-damage|p1a: Agito|65\/100 tox|[from] psn\n|upkeep\n|turn|4\n|\n|t:|1699915183\n|switch|p1a: mulher|Rotom-Wash|100\/100\n|-terastallize|p2a: Chansey|Ghost\n|move|p2a: Chansey|Seismic Toss|p1a: mulher\n|-damage|p1a: mulher|68\/100\n|\n|-heal|p1a: mulher|74\/100|[from] item: Leftovers\n|upkeep\n|turn|5\n|\n|t:|1699915187\n|move|p1a: mulher|Hydro Pump|p2a: Chansey\n|-damage|p2a: Chansey|75\/100\n|move|p2a: Chansey|Stealth Rock|p1a: mulher\n|-sidestart|p1: JogadorCaro|move: Stealth Rock\n|\n|-heal|p1a: mulher|80\/100|[from] item: Leftovers\n|upkeep\n|turn|6\n|\n|t:|1699915193\n|move|p1a: mulher|Defog|p2a: Chansey\n|-unboost|p2a: Chansey|evasion|1\n|-sideend|p1: JogadorCaro|Stealth Rock|[from] move: Defog|[of] p1a: mulher\n|move|p2a: Chansey|Wish|p2a: Chansey\n|\n|-heal|p1a: mulher|86\/100|[from] item: Leftovers\n|upkeep\n|turn|7\n|\n|t:|1699915197\n|switch|p2a: Jellicent|Jellicent, F|76\/100\n|move|p1a: mulher|Volt Switch|p2a: Jellicent\n|-supereffective|p2a: Jellicent\n|-damage|p2a: Jellicent|47\/100\n|\n|t:|1699915206\n|switch|p1a: Agito|Hoopa-Unbound|65\/100 tox|[from] Volt Switch\n|\n|-heal|p2a: Jellicent|100\/100|[from] move: Wish|[wisher] Chansey\n|-damage|p1a: Agito|59\/100 tox|[from] psn\n|upkeep\n|turn|8\n|\n|t:|1699915214\n|move|p1a: Agito|Dark Pulse|p2a: Jellicent\n|-supereffective|p2a: Jellicent\n|-damage|p2a: Jellicent|8\/100\n|move|p2a: Jellicent|Strength Sap|p1a: Agito\n|-unboost|p1a: Agito|atk|1\n|-heal|p2a: Jellicent|81\/100\n|\n|-heal|p2a: Jellicent|87\/100|[from] item: Leftovers\n|-damage|p1a: Agito|47\/100 tox|[from] psn\n|upkeep\n|turn|9\n|\n|t:|1699915222\n|switch|p2a: Chansey|Chansey, F, tera:Ghost|75\/100\n|move|p1a: Agito|Dark Pulse|p2a: Chansey\n|-supereffective|p2a: Chansey\n|-damage|p2a: Chansey|42\/100\n|\n|-damage|p1a: Agito|29\/100 tox|[from] psn\n|upkeep\n|turn|10\n|\n|t:|1699915230\n|switch|p1a: Toji|Zamazenta|100\/100\n|-ability|p1a: Toji|Dauntless Shield|boost\n|-boost|p1a: Toji|def|1\n|move|p2a: Chansey|Seismic Toss|p1a: Toji\n|-damage|p1a: Toji|70\/100\n|\n|upkeep\n|turn|11\n|\n|t:|1699915236\n|switch|p2a: Aggron|Aggron, M|1\/100\n|move|p1a: Toji|Crunch|p2a: Aggron\n|-damage|p2a: Aggron|0 fnt\n|faint|p2a: Aggron\n|\n|upkeep\n|\n|t:|1699915238\n|switch|p2a: Gliscor|Gliscor, M|100\/100\n|turn|12\n|\n|t:|1699915245\n|switch|p1a: mulher|Rotom-Wash|86\/100\n|move|p2a: Gliscor|Knock Off|p1a: mulher\n|-damage|p1a: mulher|64\/100\n|-enditem|p1a: mulher|Leftovers|[from] move: Knock Off|[of] p2a: Gliscor\n|\n|-status|p2a: Gliscor|tox|[from] item: Toxic Orb\n|upkeep\n|turn|13\n|\n|t:|1699915249\n|switch|p2a: Jellicent|Jellicent, F|87\/100\n|move|p1a: mulher|Volt Switch|p2a: Jellicent\n|-supereffective|p2a: Jellicent\n|-crit|p2a: Jellicent\n|-damage|p2a: Jellicent|44\/100\n|\n|t:|1699915257\n|switch|p1a: Toji|Zamazenta|70\/100|[from] Volt Switch\n|\n|-heal|p2a: Jellicent|50\/100|[from] item: Leftovers\n|upkeep\n|turn|14\n|\n|t:|1699915260\n|switch|p2a: Dondozo|Dondozo, F|100\/100\n|move|p1a: Toji|Ice Fang|p2a: Dondozo\n|-resisted|p2a: Dondozo\n|-damage|p2a: Dondozo|93\/100\n|\n|-heal|p2a: Dondozo|99\/100|[from] item: Leftovers\n|upkeep\n|turn|15\n|\n|t:|1699915268\n|switch|p1a: mulher|Rotom-Wash|64\/100\n|switch|p2a: Slowking|Slowking-Galar, M|100\/100\n|\n|upkeep\n|turn|16\n|\n|t:|1699915276\n|move|p1a: mulher|Pain Split|p2a: Slowking\n|-sethp|p2a: Slowking|75\/100|[from] move: Pain Split|[silent]\n|-sethp|p1a: mulher|97\/100|[from] move: Pain Split\n|move|p2a: Slowking|Chilly Reception|p2a: Slowking\n|-weather|Snow\n|\n|t:|1699915279\n|switch|p2a: Chansey|Chansey, F, tera:Ghost|42\/100|[from] Chilly Reception\n|\n|-weather|Snow|[upkeep]\n|upkeep\n|turn|17\n|\n|t:|1699915284\n|move|p1a: mulher|Volt Switch|p2a: Chansey\n|-damage|p2a: Chansey|36\/100\n|\n|t:|1699915290\n|switch|p1a: Toji|Zamazenta|70\/100|[from] Volt Switch\n|move|p2a: Chansey|Wish|p2a: Chansey\n|\n|-weather|Snow|[upkeep]\n|upkeep\n|turn|18\n|\n|t:|1699915299\n|switch|p2a: Gliscor|Gliscor, M|100\/100 tox\n|move|p1a: Toji|Crunch|p2a: Gliscor\n|-damage|p2a: Gliscor|76\/100 tox\n|\n|-weather|Snow|[upkeep]\n|-heal|p2a: Gliscor|100\/100 tox|[from] move: Wish|[wisher] Chansey\n|upkeep\n|turn|19\n|\n|t:|1699915306\n|switch|p1a: mulher|Rotom-Wash|97\/100\n|move|p2a: Gliscor|U-turn|p1a: mulher\n|-damage|p1a: mulher|79\/100\n|\n|t:|1699915313\n|switch|p2a: Jellicent|Jellicent, F|50\/100|[from] U-turn\n|\n|-weather|Snow|[upkeep]\n|-heal|p2a: Jellicent|56\/100|[from] item: Leftovers\n|upkeep\n|turn|20\n|\n|t:|1699915316\n|move|p1a: mulher|Volt Switch|p2a: Jellicent\n|-supereffective|p2a: Jellicent\n|-damage|p2a: Jellicent|26\/100\n|\n|t:|1699915326\n|switch|p1a: Endeavor|Volcarona, F|100\/100|[from] Volt Switch\n|move|p2a: Jellicent|Strength Sap|p1a: Endeavor\n|-unboost|p1a: Endeavor|atk|1\n|-heal|p2a: Jellicent|54\/100\n|\n|-weather|none\n|-heal|p2a: Jellicent|60\/100|[from] item: Leftovers\n|upkeep\n|turn|21\n|\n|t:|1699915331\n|move|p1a: Endeavor|Giga Drain|p2a: Jellicent\n|-supereffective|p2a: Jellicent\n|-damage|p2a: Jellicent|27\/100\n|move|p2a: Jellicent|Toxic|p1a: Endeavor\n|-status|p1a: Endeavor|tox\n|\n|-heal|p2a: Jellicent|33\/100|[from] item: Leftovers\n|-damage|p1a: Endeavor|94\/100 tox|[from] psn\n|upkeep\n|turn|22\n|\n|t:|1699915338\n|switch|p1a: Toji|Zamazenta|70\/100\n|switch|p2a: Slowking|Slowking-Galar, M|100\/100\n|\n|upkeep\n|turn|23\n|\n|t:|1699915347\n|switch|p2a: Gliscor|Gliscor, M|100\/100 tox\n|move|p1a: Toji|Crunch|p2a: Gliscor\n|-damage|p2a: Gliscor|76\/100 tox\n|\n|-heal|p2a: Gliscor|89\/100 tox|[from] ability: Poison Heal\n|upkeep\n|turn|24\n|\n|t:|1699915352\n|switch|p1a: mulher|Rotom-Wash|79\/100\n|move|p2a: Gliscor|Knock Off|p1a: mulher\n|-damage|p1a: mulher|65\/100\n|\n|-heal|p2a: Gliscor|100\/100 tox|[from] ability: Poison Heal\n|upkeep\n|turn|25\n|\n|t:|1699915357\n|switch|p2a: Slowking|Slowking-Galar, M|100\/100\n|move|p1a: mulher|Volt Switch|p2a: Slowking\n|-damage|p2a: Slowking|86\/100\n|\n|t:|1699915363\n|switch|p1a: Agito|Hoopa-Unbound|29\/100 tox|[from] Volt Switch\n|\n|-damage|p1a: Agito|23\/100 tox|[from] psn\n|upkeep\n|turn|26\n|\n|t:|1699915371\n|move|p1a: Agito|Dark Pulse|p2a: Slowking\n|-supereffective|p2a: Slowking\n|-damage|p2a: Slowking|0 fnt\n|faint|p2a: Slowking\n|\n|-damage|p1a: Agito|11\/100 tox|[from] psn\n|upkeep\n|\n|t:|1699915375\n|switch|p2a: Chansey|Chansey, F, tera:Ghost|36\/100\n|turn|27\n|\n|t:|1699915378\n|move|p1a: Agito|Dark Pulse|p2a: Chansey\n|-supereffective|p2a: Chansey\n|-damage|p2a: Chansey|0 fnt\n|faint|p2a: Chansey\n|\n|-damage|p1a: Agito|0 fnt|[from] psn\n|faint|p1a: Agito\n|upkeep\n|\n|t:|1699915398\n|switch|p1a: mulher|Rotom-Wash|65\/100\n|switch|p2a: Gliscor|Gliscor, M|100\/100 tox\n|turn|28\n|\n|t:|1699915404\n|move|p1a: mulher|Hydro Pump|p2a: Gliscor|[miss]\n|-miss|p1a: mulher|p2a: Gliscor\n|move|p2a: Gliscor|U-turn|p1a: mulher\n|-damage|p1a: mulher|48\/100\n|\n|t:|1699915407\n|switch|p2a: Jellicent|Jellicent, F|33\/100|[from] U-turn\n|\n|-heal|p2a: Jellicent|39\/100|[from] item: Leftovers\n|upkeep\n|turn|29\n|\n|t:|1699915411\n|move|p1a: mulher|Volt Switch|p2a: Jellicent\n|-supereffective|p2a: Jellicent\n|-damage|p2a: Jellicent|12\/100\n|\n|t:|1699915416\n|switch|p1a: Endeavor|Volcarona, F|94\/100 tox|[from] Volt Switch\n|move|p2a: Jellicent|Strength Sap|p1a: Endeavor\n|-unboost|p1a: Endeavor|atk|1\n|-heal|p2a: Jellicent|40\/100\n|\n|-heal|p2a: Jellicent|46\/100|[from] item: Leftovers\n|-damage|p1a: Endeavor|88\/100 tox|[from] psn\n|upkeep\n|turn|30\n|\n|t:|1699915421\n|move|p1a: Endeavor|Quiver Dance|p1a: Endeavor\n|-boost|p1a: Endeavor|spa|1\n|-boost|p1a: Endeavor|spd|1\n|-boost|p1a: Endeavor|spe|1\n|move|p2a: Jellicent|Strength Sap|p1a: Endeavor\n|-unboost|p1a: Endeavor|atk|1\n|-heal|p2a: Jellicent|64\/100\n|\n|-heal|p2a: Jellicent|70\/100|[from] item: Leftovers\n|-damage|p1a: Endeavor|76\/100 tox|[from] psn\n|upkeep\n|turn|31\n|\n|t:|1699915426\n|move|p1a: Endeavor|Quiver Dance|p1a: Endeavor\n|-boost|p1a: Endeavor|spa|1\n|-boost|p1a: Endeavor|spd|1\n|-boost|p1a: Endeavor|spe|1\n|move|p2a: Jellicent|Whirlpool|p1a: Endeavor\n|-supereffective|p1a: Endeavor\n|-damage|p1a: Endeavor|64\/100 tox\n|-activate|p1a: Endeavor|move: Whirlpool|[of] p2a: Jellicent\n|\n|-heal|p2a: Jellicent|76\/100|[from] item: Leftovers\n|-damage|p1a: Endeavor|46\/100 tox|[from] psn\n|-damage|p1a: Endeavor|34\/100 tox|[from] move: Whirlpool|[partiallytrapped]\n|upkeep\n|turn|32\n|\n|t:|1699915429\n|move|p1a: Endeavor|Giga Drain|p2a: Jellicent\n|-supereffective|p2a: Jellicent\n|-damage|p2a: Jellicent|18\/100\n|-heal|p1a: Endeavor|72\/100 tox|[from] drain|[of] p2a: Jellicent\n|move|p2a: Jellicent|Strength Sap|p1a: Endeavor\n|-unboost|p1a: Endeavor|atk|1\n|-heal|p2a: Jellicent|31\/100\n|\n|-heal|p2a: Jellicent|38\/100|[from] item: Leftovers\n|-damage|p1a: Endeavor|48\/100 tox|[from] psn\n|-damage|p1a: Endeavor|36\/100 tox|[from] move: Whirlpool|[partiallytrapped]\n|upkeep\n|turn|33\n|\n|t:|1699915434\n|switch|p2a: Gliscor|Gliscor, M|100\/100 tox\n|move|p1a: Endeavor|Giga Drain|p2a: Gliscor\n|-damage|p2a: Gliscor|40\/100 tox\n|-heal|p1a: Endeavor|70\/100 tox|[from] drain|[of] p2a: Gliscor\n|\n|-damage|p1a: Endeavor|40\/100 tox|[from] psn\n|-heal|p2a: Gliscor|52\/100 tox|[from] ability: Poison Heal\n|-end|p1a: Endeavor|Whirlpool|[partiallytrapped]|[silent]\n|upkeep\n|turn|34\n|\n|t:|1699915439\n|move|p1a: Endeavor|Giga Drain|p2a: Gliscor\n|-damage|p2a: Gliscor|0 fnt\n|-heal|p1a: Endeavor|69\/100 tox|[from] drain|[of] p2a: Gliscor\n|faint|p2a: Gliscor\n|\n|-damage|p1a: Endeavor|33\/100 tox|[from] psn\n|upkeep\n|\n|t:|1699915444\n|switch|p2a: Dondozo|Dondozo, F|99\/100\n|turn|35\n|c|\u2606JogadorCaro|thankiiiiiiiiiiiiiiiiiiiing\n|c|\u2606JogadorCaro|tanking*\n|\n|t:|1699915453\n|switch|p1a: mulher|Rotom-Wash|48\/100\n|move|p2a: Dondozo|Waterfall|p1a: mulher\n|-resisted|p1a: mulher\n|-damage|p1a: mulher|33\/100\n|\n|-heal|p2a: Dondozo|100\/100|[from] item: Leftovers\n|upkeep\n|turn|36\n|\n|t:|1699915477\n|switch|p2a: Jellicent|Jellicent, F|38\/100\n|move|p1a: mulher|Pain Split|p2a: Jellicent\n|-sethp|p2a: Jellicent|31\/100|[from] move: Pain Split|[silent]\n|-sethp|p1a: mulher|42\/100|[from] move: Pain Split\n|\n|-heal|p2a: Jellicent|38\/100|[from] item: Leftovers\n|upkeep\n|turn|37\n|c|\u2606JogadorCaro|why i said \"thanking\"?\n|\n|t:|1699915491\n|move|p1a: mulher|Volt Switch|p2a: Jellicent\n|-supereffective|p2a: Jellicent\n|-damage|p2a: Jellicent|9\/100\n|inactive|JogadorCaro has 120 seconds left.\n|\n|t:|1699915526\n|switch|p1a: Endeavor|Volcarona, F|33\/100 tox|[from] Volt Switch\n|move|p2a: Jellicent|Strength Sap|p1a: Endeavor\n|-unboost|p1a: Endeavor|atk|1\n|-heal|p2a: Jellicent|37\/100\n|\n|-heal|p2a: Jellicent|43\/100|[from] item: Leftovers\n|-damage|p1a: Endeavor|27\/100 tox|[from] psn\n|upkeep\n|turn|38\n|j| serving up heat\n|l| serving up heat\n|\n|t:|1699915542\n|move|p1a: Endeavor|Giga Drain|p2a: Jellicent\n|-supereffective|p2a: Jellicent\n|-damage|p2a: Jellicent|14\/100\n|-heal|p1a: Endeavor|46\/100 tox|[from] drain|[of] p2a: Jellicent\n|move|p2a: Jellicent|Strength Sap|p1a: Endeavor\n|-unboost|p1a: Endeavor|atk|1\n|-heal|p2a: Jellicent|32\/100\n|\n|-heal|p2a: Jellicent|38\/100|[from] item: Leftovers\n|-damage|p1a: Endeavor|33\/100 tox|[from] psn\n|upkeep\n|turn|39\n|\n|t:|1699915550\n|move|p1a: Endeavor|Giga Drain|p2a: Jellicent\n|-supereffective|p2a: Jellicent\n|-damage|p2a: Jellicent|4\/100\n|-heal|p1a: Endeavor|55\/100 tox|[from] drain|[of] p2a: Jellicent\n|move|p2a: Jellicent|Strength Sap|p1a: Endeavor\n|-unboost|p1a: Endeavor|atk|1\n|-heal|p2a: Jellicent|18\/100\n|\n|-heal|p2a: Jellicent|25\/100|[from] item: Leftovers\n|-damage|p1a: Endeavor|37\/100 tox|[from] psn\n|upkeep\n|turn|40\n|\n|t:|1699915553\n|switch|p2a: Dondozo|Dondozo, F|100\/100\n|move|p1a: Endeavor|Giga Drain|p2a: Dondozo\n|-supereffective|p2a: Dondozo\n|-damage|p2a: Dondozo|47\/100\n|-heal|p1a: Endeavor|80\/100 tox|[from] drain|[of] p2a: Dondozo\n|\n|-heal|p2a: Dondozo|53\/100|[from] item: Leftovers\n|-damage|p1a: Endeavor|56\/100 tox|[from] psn\n|upkeep\n|turn|41\n|\n|t:|1699915559\n|move|p1a: Endeavor|Giga Drain|p2a: Dondozo\n|-supereffective|p2a: Dondozo\n|-damage|p2a: Dondozo|0 fnt\n|-heal|p1a: Endeavor|99\/100 tox|[from] drain|[of] p2a: Dondozo\n|faint|p2a: Dondozo\n|\n|-damage|p1a: Endeavor|68\/100 tox|[from] psn\n|upkeep\n|-message|Eve L Duehr forfeited.\n|\n|win|JogadorCaro\n|raw|JogadorCaro's rating: 1643 &rarr; <strong>1657<\/strong><br \/>(+14 for winning)\n|raw|Eve L Duehr's rating: 1532 &rarr; <strong>1518<\/strong><br \/>(-14 for losing)\n|l|\u203dEve L Duehr\n","uploadtime":1699915567,"views":18,"p1id":"jogadorcaro","p2id":"evelduehr","formatid":"gen9nationaldex","rating":1518,"private":0,"password":""}