{"id":"gen9nationaldex-1988176383","p1":"World_Conqueror","p2":"Blake-Mamba","format":"[Gen 9] National Dex","log":"|j|\u2606World_Conqueror\n|j|\u2606Blake-Mamba\n|t:|1699679891\n|gametype|singles\n|player|p1|World_Conqueror|ghetsis|1245\n|player|p2|Blake-Mamba|juan|1354\n|teamsize|p1|6\n|teamsize|p2|6\n|gen|9\n|tier|[Gen 9] National Dex\n|rated|\n|rule|HP Percentage Mod: HP is shown in percentages\n|rule|Endless Battle Clause: Forcing endless battles is banned\n|rule|OHKO Clause: OHKO moves are banned\n|rule|Evasion Clause: Evasion abilities, items, and moves are banned\n|rule|Evasion Abilities Clause: Evasion abilities are banned\n|rule|Evasion Items Clause: Evasion items are banned\n|rule|Evasion Moves Clause: Evasion moves are banned\n|rule|Species Clause: Limit one of each Pok\u00e9mon\n|rule|Sleep Clause Mod: Limit one foe put to sleep\n|clearpoke\n|poke|p1|Volcarona, F|\n|poke|p1|Galvantula, F|\n|poke|p1|Scizor, M|\n|poke|p1|Araquanid, F|\n|poke|p1|Beedrill, F|\n|poke|p1|Accelgor, M|\n|poke|p2|Cinccino, M|\n|poke|p2|Zebstrika, F|\n|poke|p2|Ferrothorn, F|\n|poke|p2|Seismitoad, F|\n|poke|p2|Krookodile, F|\n|poke|p2|Emboar, F|\n|teampreview\n|inactive|Battle timer is ON: inactive players will automatically lose when time's up. (requested by World_Conqueror)\n|\n|t:|1699679899\n|start\n|switch|p1a: Galvantula|Galvantula, F|100\/100\n|switch|p2a: Cinccino|Cinccino, M|100\/100\n|turn|1\n|\n|t:|1699679909\n|switch|p1a: Volcarona|Volcarona, F|100\/100\n|move|p2a: Cinccino|Rock Blast|p1a: Volcarona\n|-supereffective|p1a: Volcarona\n|-damage|p1a: Volcarona|7\/100\n|-supereffective|p1a: Volcarona\n|-damage|p1a: Volcarona|0 fnt\n|faint|p1a: Volcarona\n|-hitcount|p1: Volcarona|2\n|-damage|p2a: Cinccino|91\/100|[from] item: Life Orb\n|\n|upkeep\n|\n|t:|1699679914\n|switch|p1a: Galvantula|Galvantula, F|100\/100\n|turn|2\n|\n|t:|1699679921\n|switch|p1a: Scizor|Scizor, M|100\/100\n|move|p2a: Cinccino|Rock Blast|p1a: Scizor|[miss]\n|-miss|p2a: Cinccino|p1a: Scizor\n|\n|upkeep\n|turn|3\n|\n|t:|1699679928\n|switch|p2a: Ferrothorn|Ferrothorn, F|100\/100\n|move|p1a: Scizor|Swords Dance|p1a: Scizor\n|-boost|p1a: Scizor|atk|2\n|\n|upkeep\n|turn|4\n|\n|t:|1699679936\n|move|p1a: Scizor|Swords Dance|p1a: Scizor\n|-boost|p1a: Scizor|atk|2\n|move|p2a: Ferrothorn|Iron Defense|p2a: Ferrothorn\n|-boost|p2a: Ferrothorn|def|2\n|\n|upkeep\n|turn|5\n|\n|t:|1699679942\n|move|p1a: Scizor|Knock Off|p2a: Ferrothorn\n|-damage|p2a: Ferrothorn|68\/100\n|-damage|p1a: Scizor|88\/100|[from] ability: Iron Barbs|[of] p2a: Ferrothorn\n|-damage|p1a: Scizor|72\/100|[from] item: Rocky Helmet|[of] p2a: Ferrothorn\n|-enditem|p2a: Ferrothorn|Rocky Helmet|[from] move: Knock Off|[of] p1a: Scizor\n|move|p2a: Ferrothorn|Leech Seed|p1a: Scizor\n|-start|p1a: Scizor|move: Leech Seed\n|\n|-damage|p1a: Scizor|59\/100|[from] Leech Seed|[of] p2a: Ferrothorn\n|-heal|p2a: Ferrothorn|80\/100|[silent]\n|upkeep\n|turn|6\n|\n|t:|1699679953\n|switch|p1a: Galvantula|Galvantula, F|100\/100\n|move|p2a: Ferrothorn|Body Press|p1a: Galvantula\n|-resisted|p1a: Galvantula\n|-damage|p1a: Galvantula|46\/100\n|\n|upkeep\n|turn|7\n|\n|t:|1699679961\n|switch|p2a: Zebstrika|Zebstrika, F, shiny|100\/100\n|move|p1a: Galvantula|Sticky Web|p2a: Zebstrika\n|-sidestart|p2: Blake-Mamba|move: Sticky Web\n|\n|upkeep\n|turn|8\n|\n|t:|1699679974\n|-terastallize|p1a: Galvantula|Grass\n|move|p1a: Galvantula|Giga Drain|p2a: Zebstrika\n|-ability|p2a: Zebstrika|Sap Sipper|boost\n|-boost|p2a: Zebstrika|atk|1\n|move|p2a: Zebstrika|Flame Charge|p1a: Galvantula\n|-supereffective|p1a: Galvantula\n|-damage|p1a: Galvantula|0 fnt\n|-boost|p2a: Zebstrika|spe|1\n|faint|p1a: Galvantula\n|\n|upkeep\n|-message|World_Conqueror forfeited.\n|\n|win|Blake-Mamba\n|raw|World_Conqueror's rating: 1245 &rarr; <strong>1228<\/strong><br \/>(-17 for losing)\n|raw|Blake-Mamba's rating: 1354 &rarr; <strong>1368<\/strong><br \/>(+14 for winning)\n|l|\u2606World_Conqueror\n","uploadtime":1699679994,"views":4,"p1id":"worldconqueror","p2id":"blakemamba","formatid":"gen9nationaldex","rating":1228,"private":0,"password":""}