{"id":"gen9nationaldex-1988754113","p1":"ggagain","p2":"poklmn","format":"[Gen 9] National Dex","log":"|j|\u203dggagain\n|j|\u2606poklmn\n|t:|1699758824\n|gametype|singles\n|player|p1|ggagain|fisherman-gen4|1638\n|player|p2|poklmn|dawn|1546\n|teamsize|p1|6\n|teamsize|p2|6\n|gen|9\n|tier|[Gen 9] National Dex\n|rated|\n|rule|HP Percentage Mod: HP is shown in percentages\n|rule|Endless Battle Clause: Forcing endless battles is banned\n|rule|OHKO Clause: OHKO moves are banned\n|rule|Evasion Clause: Evasion abilities, items, and moves are banned\n|rule|Evasion Abilities Clause: Evasion abilities are banned\n|rule|Evasion Items Clause: Evasion items are banned\n|rule|Evasion Moves Clause: Evasion moves are banned\n|rule|Species Clause: Limit one of each Pok\u00e9mon\n|rule|Sleep Clause Mod: Limit one foe put to sleep\n|clearpoke\n|poke|p1|Alomomola, F|\n|poke|p1|Ditto|\n|poke|p1|Zamazenta-*|\n|poke|p1|Gliscor, F|\n|poke|p1|Victini|\n|poke|p1|Goodra-Hisui, M|\n|poke|p2|Charizard, M|\n|poke|p2|Serperior, F|\n|poke|p2|Tyranitar, M|\n|poke|p2|Great Tusk|\n|poke|p2|Alomomola, M|\n|poke|p2|Aegislash, M|\n|teampreview\n|inactive|Battle timer is ON: inactive players will automatically lose when time's up. (requested by poklmn)\n|\n|t:|1699758831\n|start\n|switch|p1a: Victini|Victini|100\/100\n|switch|p2a: Tyranitar|Tyranitar, M|100\/100\n|-weather|Sandstorm|[from] ability: Sand Stream|[of] p2a: Tyranitar\n|turn|1\n|\n|t:|1699758838\n|move|p1a: Victini|U-turn|p2a: Tyranitar\n|-supereffective|p2a: Tyranitar\n|-damage|p2a: Tyranitar|68\/100\n|\n|t:|1699758841\n|switch|p1a: Alomomola|Alomomola, F|100\/100|[from] U-turn\n|move|p2a: Tyranitar|Stealth Rock|p1a: Alomomola\n|-sidestart|p1: ggagain|move: Stealth Rock\n|\n|-weather|Sandstorm|[upkeep]\n|-damage|p1a: Alomomola|94\/100|[from] Sandstorm\n|upkeep\n|turn|2\n|\n|t:|1699758854\n|move|p1a: Alomomola|Knock Off|p2a: Tyranitar\n|-resisted|p2a: Tyranitar\n|-damage|p2a: Tyranitar|61\/100\n|-enditem|p2a: Tyranitar|Shuca Berry|[from] move: Knock Off|[of] p1a: Alomomola\n|move|p2a: Tyranitar|Knock Off|p1a: Alomomola\n|-damage|p1a: Alomomola|72\/100\n|-damage|p2a: Tyranitar|45\/100|[from] item: Rocky Helmet|[of] p1a: Alomomola\n|-enditem|p1a: Alomomola|Rocky Helmet|[from] move: Knock Off|[of] p2a: Tyranitar\n|\n|-weather|Sandstorm|[upkeep]\n|-damage|p1a: Alomomola|66\/100|[from] Sandstorm\n|upkeep\n|turn|3\n|\n|t:|1699758868\n|switch|p2a: Serperior|Serperior, F|100\/100\n|move|p1a: Alomomola|Knock Off|p2a: Serperior\n|-damage|p2a: Serperior|80\/100\n|-enditem|p2a: Serperior|Leftovers|[from] move: Knock Off|[of] p1a: Alomomola\n|\n|-weather|Sandstorm|[upkeep]\n|-damage|p2a: Serperior|74\/100|[from] Sandstorm\n|-damage|p1a: Alomomola|59\/100|[from] Sandstorm\n|upkeep\n|turn|4\n|\n|t:|1699758874\n|switch|p1a: Goodra|Goodra-Hisui, M|100\/100\n|-damage|p1a: Goodra|94\/100|[from] Stealth Rock\n|move|p2a: Serperior|Substitute|p2a: Serperior\n|-start|p2a: Serperior|Substitute\n|-damage|p2a: Serperior|49\/100\n|\n|-weather|Sandstorm|[upkeep]\n|-damage|p2a: Serperior|43\/100|[from] Sandstorm\n|upkeep\n|turn|5\n|\n|t:|1699758881\n|move|p2a: Serperior|Glare|p1a: Goodra\n|-status|p1a: Goodra|par\n|move|p1a: Goodra|Ice Beam|p2a: Serperior\n|-supereffective|p2a: Serperior\n|-end|p2a: Serperior|Substitute\n|\n|-weather|none\n|upkeep\n|turn|6\n|\n|t:|1699758891\n|switch|p2a: Charizard|Charizard, M|100\/100\n|move|p1a: Goodra|Ice Beam|p2a: Charizard\n|-damage|p2a: Charizard|58\/100\n|-status|p2a: Charizard|frz\n|\n|upkeep\n|turn|7\n|\n|t:|1699758898\n|detailschange|p2a: Charizard|Charizard-Mega-Y, M\n|-mega|p2a: Charizard|Charizard|Charizardite Y\n|-weather|SunnyDay|[from] ability: Drought|[of] p2a: Charizard\n|cant|p2a: Charizard|frz\n|move|p1a: Goodra|Thunderbolt|p2a: Charizard\n|-supereffective|p2a: Charizard\n|-damage|p2a: Charizard|0 fnt\n|faint|p2a: Charizard\n|\n|-weather|SunnyDay|[upkeep]\n|upkeep\n|\n|t:|1699758905\n|switch|p2a: Great Tusk|Great Tusk|100\/100\n|-activate|p2a: Great Tusk|ability: Protosynthesis\n|-start|p2a: Great Tusk|protosynthesisatk\n|turn|8\n|\n|t:|1699758910\n|switch|p1a: Alomomola|Alomomola, F|93\/100\n|-damage|p1a: Alomomola|80\/100|[from] Stealth Rock\n|-zpower|p2a: Great Tusk\n|move|p2a: Great Tusk|Continental Crush|p1a: Alomomola|[zeffect]\n|-damage|p1a: Alomomola|33\/100\n|\n|-weather|SunnyDay|[upkeep]\n|upkeep\n|turn|9\n|\n|t:|1699758922\n|switch|p1a: Gliscor|Gliscor, F|100\/100\n|-damage|p1a: Gliscor|88\/100|[from] Stealth Rock\n|move|p2a: Great Tusk|Headlong Rush|p1a: Gliscor\n|-immune|p1a: Gliscor\n|\n|-weather|SunnyDay|[upkeep]\n|-status|p1a: Gliscor|tox|[from] item: Toxic Orb\n|upkeep\n|turn|10\n|\n|t:|1699758931\n|-end|p2a: Great Tusk|Protosynthesis|[silent]\n|switch|p2a: Tyranitar|Tyranitar, M|45\/100\n|-weather|Sandstorm|[from] ability: Sand Stream|[of] p2a: Tyranitar\n|switch|p1a: Alomomola|Alomomola, F|66\/100\n|-damage|p1a: Alomomola|54\/100|[from] Stealth Rock\n|\n|-weather|Sandstorm|[upkeep]\n|-damage|p1a: Alomomola|48\/100|[from] Sandstorm\n|upkeep\n|turn|11\n|\n|t:|1699758940\n|switch|p2a: Alomomola|Alomomola, M, shiny|100\/100\n|move|p1a: Alomomola|Wish|p1a: Alomomola\n|\n|-weather|Sandstorm|[upkeep]\n|-damage|p1a: Alomomola|42\/100|[from] Sandstorm\n|-damage|p2a: Alomomola|94\/100|[from] Sandstorm\n|upkeep\n|turn|12\n|\n|t:|1699758951\n|move|p1a: Alomomola|Knock Off|p2a: Alomomola\n|-damage|p2a: Alomomola|85\/100\n|-enditem|p2a: Alomomola|Heavy-Duty Boots|[from] move: Knock Off|[of] p1a: Alomomola\n|move|p2a: Alomomola|Toxic|p1a: Alomomola\n|-status|p1a: Alomomola|tox\n|\n|-weather|Sandstorm|[upkeep]\n|-damage|p1a: Alomomola|36\/100 tox|[from] Sandstorm\n|-damage|p2a: Alomomola|78\/100|[from] Sandstorm\n|-heal|p1a: Alomomola|86\/100 tox|[from] move: Wish|[wisher] Alomomola\n|-damage|p1a: Alomomola|79\/100 tox|[from] psn\n|upkeep\n|turn|13\n|\n|t:|1699758963\n|move|p1a: Alomomola|Toxic|p2a: Alomomola\n|-status|p2a: Alomomola|tox\n|move|p2a: Alomomola|Wish|p2a: Alomomola\n|\n|-weather|Sandstorm|[upkeep]\n|-damage|p1a: Alomomola|73\/100 tox|[from] Sandstorm\n|-damage|p2a: Alomomola|72\/100 tox|[from] Sandstorm\n|-damage|p1a: Alomomola|61\/100 tox|[from] psn\n|-damage|p2a: Alomomola|66\/100 tox|[from] psn\n|upkeep\n|turn|14\n|\n|t:|1699758968\n|move|p1a: Alomomola|Flip Turn|p2a: Alomomola\n|-resisted|p2a: Alomomola\n|-damage|p2a: Alomomola|62\/100 tox\n|\n|t:|1699758970\n|switch|p1a: Gliscor|Gliscor, F|88\/100 tox|[from] Flip Turn\n|-damage|p1a: Gliscor|76\/100 tox|[from] Stealth Rock\n|move|p2a: Alomomola|Flip Turn|p1a: Gliscor\n|-supereffective|p1a: Gliscor\n|-damage|p1a: Gliscor|50\/100 tox\n|\n|t:|1699758973\n|switch|p2a: Tyranitar|Tyranitar, M|45\/100|[from] Flip Turn\n|\n|-weather|none\n|-heal|p2a: Tyranitar|100\/100|[from] move: Wish|[wisher] Alomomola\n|-heal|p1a: Gliscor|63\/100 tox|[from] ability: Poison Heal\n|upkeep\n|turn|15\n|\n|t:|1699758984\n|move|p1a: Gliscor|U-turn|p2a: Tyranitar\n|-supereffective|p2a: Tyranitar\n|-damage|p2a: Tyranitar|78\/100\n|\n|t:|1699758988\n|switch|p1a: Alomomola|Alomomola, F|94\/100 tox|[from] U-turn\n|-damage|p1a: Alomomola|82\/100 tox|[from] Stealth Rock\n|move|p2a: Tyranitar|Ice Beam|p1a: Alomomola\n|-resisted|p1a: Alomomola\n|-damage|p1a: Alomomola|64\/100 tox\n|\n|-damage|p1a: Alomomola|58\/100 tox|[from] psn\n|upkeep\n|turn|16\n|\n|t:|1699758997\n|switch|p2a: Alomomola|Alomomola, M, shiny|95\/100 tox\n|move|p1a: Alomomola|Wish|p1a: Alomomola\n|\n|-damage|p1a: Alomomola|46\/100 tox|[from] psn\n|-damage|p2a: Alomomola|89\/100 tox|[from] psn\n|upkeep\n|turn|17\n|\n|t:|1699759002\n|move|p1a: Alomomola|Flip Turn|p2a: Alomomola\n|-resisted|p2a: Alomomola\n|-damage|p2a: Alomomola|85\/100 tox\n|\n|t:|1699759004\n|switch|p1a: Gliscor|Gliscor, F|63\/100 tox|[from] Flip Turn\n|-damage|p1a: Gliscor|50\/100 tox|[from] Stealth Rock\n|move|p2a: Alomomola|Wish|p2a: Alomomola\n|\n|-heal|p1a: Gliscor|100\/100 tox|[from] move: Wish|[wisher] Alomomola\n|-damage|p2a: Alomomola|72\/100 tox|[from] psn\n|upkeep\n|turn|18\n|\n|t:|1699759012\n|move|p1a: Gliscor|Defog|p2a: Alomomola\n|-unboost|p2a: Alomomola|evasion|1\n|-sideend|p1: ggagain|Stealth Rock|[from] move: Defog|[of] p1a: Gliscor\n|move|p2a: Alomomola|Flip Turn|p1a: Gliscor\n|-supereffective|p1a: Gliscor\n|-damage|p1a: Gliscor|75\/100 tox\n|\n|t:|1699759018\n|switch|p2a: Serperior|Serperior, F|43\/100|[from] Flip Turn\n|\n|-heal|p2a: Serperior|100\/100|[from] move: Wish|[wisher] Alomomola\n|-heal|p1a: Gliscor|88\/100 tox|[from] ability: Poison Heal\n|upkeep\n|turn|19\n|\n|t:|1699759024\n|switch|p1a: Goodra|Goodra-Hisui, M|94\/100 par\n|move|p2a: Serperior|Leaf Storm|p1a: Goodra\n|-ability|p1a: Goodra|Sap Sipper|boost\n|-boost|p1a: Goodra|atk|1\n|\n|upkeep\n|turn|20\n|\n|t:|1699759044\n|switch|p2a: Great Tusk|Great Tusk|100\/100\n|move|p1a: Goodra|Ice Beam|p2a: Great Tusk\n|-supereffective|p2a: Great Tusk\n|-damage|p2a: Great Tusk|14\/100\n|\n|upkeep\n|turn|21\n|\n|t:|1699759051\n|switch|p1a: Alomomola|Alomomola, F|79\/100 tox\n|move|p2a: Great Tusk|Headlong Rush|p1a: Alomomola\n|-damage|p1a: Alomomola|45\/100 tox\n|-unboost|p2a: Great Tusk|def|1\n|-unboost|p2a: Great Tusk|spd|1\n|\n|-damage|p1a: Alomomola|39\/100 tox|[from] psn\n|upkeep\n|turn|22\n|\n|t:|1699759057\n|switch|p1a: Gliscor|Gliscor, F|88\/100 tox\n|move|p2a: Great Tusk|Head Smash|p1a: Gliscor\n|-damage|p1a: Gliscor|44\/100 tox\n|-damage|p2a: Great Tusk|0 fnt|[from] Recoil\n|faint|p2a: Great Tusk\n|-end|p2a: Great Tusk|Protosynthesis|[silent]\n|\n|-heal|p1a: Gliscor|56\/100 tox|[from] ability: Poison Heal\n|upkeep\n|\n|t:|1699759070\n|switch|p2a: Tyranitar|Tyranitar, M|78\/100\n|-weather|Sandstorm|[from] ability: Sand Stream|[of] p2a: Tyranitar\n|turn|23\n|\n|t:|1699759074\n|move|p1a: Gliscor|U-turn|p2a: Tyranitar\n|-supereffective|p2a: Tyranitar\n|-damage|p2a: Tyranitar|52\/100\n|\n|t:|1699759078\n|switch|p1a: Alomomola|Alomomola, F|72\/100 tox|[from] U-turn\n|move|p2a: Tyranitar|Stealth Rock|p1a: Alomomola\n|-sidestart|p1: ggagain|move: Stealth Rock\n|\n|-weather|Sandstorm|[upkeep]\n|-damage|p1a: Alomomola|66\/100 tox|[from] Sandstorm\n|-damage|p1a: Alomomola|59\/100 tox|[from] psn\n|upkeep\n|turn|24\n|\n|t:|1699759087\n|move|p1a: Alomomola|Wish|p1a: Alomomola\n|move|p2a: Tyranitar|Ice Beam|p1a: Alomomola\n|-resisted|p1a: Alomomola\n|-damage|p1a: Alomomola|42\/100 tox\n|\n|-weather|Sandstorm|[upkeep]\n|-damage|p1a: Alomomola|36\/100 tox|[from] Sandstorm\n|-damage|p1a: Alomomola|23\/100 tox|[from] psn\n|upkeep\n|turn|25\n|\n|t:|1699759105\n|switch|p1a: Zamazenta|Zamazenta|100\/100\n|-damage|p1a: Zamazenta|94\/100|[from] Stealth Rock\n|-ability|p1a: Zamazenta|Dauntless Shield|boost\n|-boost|p1a: Zamazenta|def|1\n|move|p2a: Tyranitar|Ice Beam|p1a: Zamazenta\n|-damage|p1a: Zamazenta|68\/100\n|\n|-weather|Sandstorm|[upkeep]\n|-damage|p1a: Zamazenta|62\/100|[from] Sandstorm\n|-heal|p1a: Zamazenta|100\/100|[from] move: Wish|[wisher] Alomomola\n|upkeep\n|turn|26\n|\n|t:|1699759119\n|switch|p2a: Aegislash|Aegislash, M|100\/100\n|move|p1a: Zamazenta|Crunch|p2a: Aegislash\n|-supereffective|p2a: Aegislash\n|-damage|p2a: Aegislash|26\/100\n|\n|-weather|Sandstorm|[upkeep]\n|-damage|p1a: Zamazenta|94\/100|[from] Sandstorm\n|-heal|p2a: Aegislash|33\/100|[from] item: Leftovers\n|upkeep\n|turn|27\n|\n|t:|1699759125\n|move|p2a: Aegislash|King's Shield|p2a: Aegislash\n|-singleturn|p2a: Aegislash|Protect\n|move|p1a: Zamazenta|Crunch|p2a: Aegislash\n|-activate|p2a: Aegislash|move: Protect\n|-unboost|p1a: Zamazenta|atk|1\n|\n|-weather|none\n|-heal|p2a: Aegislash|39\/100|[from] item: Leftovers\n|upkeep\n|turn|28\n|\n|t:|1699759133\n|switch|p2a: Alomomola|Alomomola, M, shiny|100\/100 tox\n|move|p1a: Zamazenta|Crunch|p2a: Alomomola\n|-damage|p2a: Alomomola|85\/100 tox\n|\n|-damage|p2a: Alomomola|79\/100 tox|[from] psn\n|upkeep\n|turn|29\n|\n|t:|1699759141\n|switch|p1a: Gliscor|Gliscor, F|56\/100 tox\n|-damage|p1a: Gliscor|44\/100 tox|[from] Stealth Rock\n|move|p2a: Alomomola|Wish|p2a: Alomomola\n|\n|-heal|p1a: Gliscor|56\/100 tox|[from] ability: Poison Heal\n|-damage|p2a: Alomomola|66\/100 tox|[from] psn\n|upkeep\n|turn|30\n|\n|t:|1699759143\n|move|p1a: Gliscor|Defog|p2a: Alomomola\n|-unboost|p2a: Alomomola|evasion|1\n|-sideend|p1: ggagain|Stealth Rock|[from] move: Defog|[of] p1a: Gliscor\n|move|p2a: Alomomola|Flip Turn|p1a: Gliscor\n|-supereffective|p1a: Gliscor\n|-damage|p1a: Gliscor|29\/100 tox\n|\n|t:|1699759148\n|switch|p2a: Aegislash|Aegislash, M|39\/100|[from] Flip Turn\n|\n|-heal|p2a: Aegislash|100\/100|[from] move: Wish|[wisher] Alomomola\n|-heal|p1a: Gliscor|41\/100 tox|[from] ability: Poison Heal\n|upkeep\n|turn|31\n|\n|t:|1699759158\n|switch|p2a: Alomomola|Alomomola, M, shiny|99\/100 tox\n|move|p1a: Gliscor|U-turn|p2a: Alomomola\n|-damage|p2a: Alomomola|92\/100 tox\n|\n|t:|1699759168\n|switch|p1a: Goodra|Goodra-Hisui, M|94\/100 par|[from] U-turn\n|\n|-damage|p2a: Alomomola|85\/100 tox|[from] psn\n|upkeep\n|turn|32\n|\n|t:|1699759176\n|move|p2a: Alomomola|Flip Turn|p1a: Goodra\n|-resisted|p1a: Goodra\n|-damage|p1a: Goodra|87\/100 par\n|\n|t:|1699759183\n|switch|p2a: Tyranitar|Tyranitar, M|52\/100|[from] Flip Turn\n|-weather|Sandstorm|[from] ability: Sand Stream|[of] p2a: Tyranitar\n|move|p1a: Goodra|Thunderbolt|p2a: Tyranitar\n|-crit|p2a: Tyranitar\n|-damage|p2a: Tyranitar|28\/100\n|\n|-weather|Sandstorm|[upkeep]\n|upkeep\n|turn|33\n|\n|t:|1699759192\n|switch|p1a: Alomomola|Alomomola, F|57\/100 tox\n|move|p2a: Tyranitar|Fire Blast|p1a: Alomomola\n|-resisted|p1a: Alomomola\n|-damage|p1a: Alomomola|37\/100 tox\n|\n|-weather|Sandstorm|[upkeep]\n|-damage|p1a: Alomomola|30\/100 tox|[from] Sandstorm\n|-damage|p1a: Alomomola|24\/100 tox|[from] psn\n|upkeep\n|turn|34\n|inactive|ggagain has 120 seconds left.\n|\n|t:|1699759224\n|switch|p2a: Alomomola|Alomomola, M, shiny|100\/100 tox\n|move|p1a: Alomomola|Flip Turn|p2a: Alomomola\n|-resisted|p2a: Alomomola\n|-damage|p2a: Alomomola|96\/100 tox\n|inactive|ggagain has 120 seconds left.\n|\n|t:|1699759245\n|switch|p1a: Victini|Victini|100\/100|[from] Flip Turn\n|\n|-weather|Sandstorm|[upkeep]\n|-damage|p1a: Victini|94\/100|[from] Sandstorm\n|-damage|p2a: Alomomola|90\/100 tox|[from] Sandstorm\n|-damage|p2a: Alomomola|84\/100 tox|[from] psn\n|upkeep\n|turn|35\n|\n|t:|1699759252\n|move|p1a: Victini|Trick|p2a: Alomomola\n|-activate|p1a: Victini|move: Trick|[of] p2a: Alomomola\n|-item|p2a: Alomomola|Choice Scarf|[from] move: Trick\n|-enditem|p1a: Victini|Choice Scarf|[silent]|[from] move: Trick\n|move|p2a: Alomomola|Flip Turn|p1a: Victini\n|-supereffective|p1a: Victini\n|-damage|p1a: Victini|59\/100\n|\n|t:|1699759267\n|switch|p2a: Serperior|Serperior, F|100\/100|[from] Flip Turn\n|\n|-weather|Sandstorm|[upkeep]\n|-damage|p2a: Serperior|94\/100|[from] Sandstorm\n|-damage|p1a: Victini|53\/100|[from] Sandstorm\n|upkeep\n|turn|36\n|\n|t:|1699759275\n|switch|p1a: Goodra|Goodra-Hisui, M|87\/100 par\n|move|p2a: Serperior|Hidden Power|p1a: Goodra\n|-damage|p1a: Goodra|81\/100 par\n|\n|-weather|none\n|upkeep\n|turn|37\n|\n|t:|1699759284\n|switch|p2a: Aegislash|Aegislash, M|100\/100\n|move|p1a: Goodra|Draco Meteor|p2a: Aegislash\n|-resisted|p2a: Aegislash\n|-damage|p2a: Aegislash|82\/100\n|-unboost|p1a: Goodra|spa|2\n|\n|-heal|p2a: Aegislash|88\/100|[from] item: Leftovers\n|upkeep\n|turn|38\n|inactive|ggagain has 120 seconds left.\n|\n|t:|1699759304\n|switch|p1a: Gliscor|Gliscor, F|41\/100 tox\n|-formechange|p2a: Aegislash|Aegislash-Blade||[from] ability: Stance Change\n|move|p2a: Aegislash|Close Combat|p1a: Gliscor\n|-resisted|p1a: Gliscor\n|-damage|p1a: Gliscor|28\/100 tox\n|-unboost|p2a: Aegislash|def|1\n|-unboost|p2a: Aegislash|spd|1\n|\n|-heal|p2a: Aegislash|95\/100|[from] item: Leftovers\n|-heal|p1a: Gliscor|40\/100 tox|[from] ability: Poison Heal\n|upkeep\n|turn|39\n|inactive|ggagain has 120 seconds left.\n|\n|t:|1699759319\n|switch|p2a: Alomomola|Alomomola, M, shiny|100\/100 tox\n|move|p1a: Gliscor|U-turn|p2a: Alomomola\n|-damage|p2a: Alomomola|93\/100 tox\n|inactive|ggagain has 120 seconds left.\n|\n|t:|1699759325\n|switch|p1a: Alomomola|Alomomola, F|58\/100 tox|[from] U-turn\n|\n|-damage|p2a: Alomomola|87\/100 tox|[from] psn\n|-damage|p1a: Alomomola|51\/100 tox|[from] psn\n|upkeep\n|turn|40\n|\n|t:|1699759329\n|move|p2a: Alomomola|Wish|p2a: Alomomola\n|move|p1a: Alomomola|Wish|p1a: Alomomola\n|\n|-damage|p2a: Alomomola|74\/100 tox|[from] psn\n|-damage|p1a: Alomomola|39\/100 tox|[from] psn\n|upkeep\n|turn|41\n|\n|t:|1699759335\n|switch|p2a: Tyranitar|Tyranitar, M|28\/100\n|-weather|Sandstorm|[from] ability: Sand Stream|[of] p2a: Tyranitar\n|move|p1a: Alomomola|Flip Turn|p2a: Tyranitar\n|-supereffective|p2a: Tyranitar\n|-crit|p2a: Tyranitar\n|-damage|p2a: Tyranitar|0 fnt\n|faint|p2a: Tyranitar\n|-message|poklmn forfeited.\n|\n|t:|1699759347\n|switch|p1a: Victini|Victini|53\/100|[from] Flip Turn\n|\n|-weather|Sandstorm|[upkeep]\n|-damage|p1a: Victini|46\/100|[from] Sandstorm\n|-heal|p1a: Victini|100\/100|[from] move: Wish|[wisher] Alomomola\n|upkeep\n|\n|win|ggagain\n|raw|ggagain's rating: 1638 &rarr; <strong>1653<\/strong><br \/>(+15 for winning)\n|raw|poklmn's rating: 1546 &rarr; <strong>1531<\/strong><br \/>(-15 for losing)\n|l|\u2606poklmn\n","uploadtime":1699759357,"views":4,"p1id":"ggagain","p2id":"poklmn","formatid":"gen9nationaldex","rating":1531,"private":0,"password":""}