{"id":"gen9nationaldex-1998167056","p1":"ldsadsadcsf","p2":"CheezeyMemes","format":"[Gen 9] National Dex","log":"|html|<div class=\"broadcast-blue\"><strong>[Gen 9] National Dex is currently suspecting Sneasler! For information on how to participate check out the <a href=\"https:\/\/www.smogon.com\/forums\/threads\/sv-national-dex-suspect-8-just-dance.3731534\/\">suspect thread<\/a>.<\/strong><\/div>\n|j|\u2606ldsadsadcsf\n|j|\u2606CheezeyMemes\n|t:|1700904759\n|gametype|singles\n|player|p1|ldsadsadcsf|unknown|1423\n|player|p2|CheezeyMemes|fantina|1446\n|teamsize|p1|6\n|teamsize|p2|6\n|gen|9\n|tier|[Gen 9] National Dex\n|rated|\n|rule|HP Percentage Mod: HP is shown in percentages\n|rule|Endless Battle Clause: Forcing endless battles is banned\n|rule|OHKO Clause: OHKO moves are banned\n|rule|Evasion Clause: Evasion abilities, items, and moves are banned\n|rule|Evasion Abilities Clause: Evasion abilities are banned\n|rule|Evasion Items Clause: Evasion items are banned\n|rule|Evasion Moves Clause: Evasion moves are banned\n|rule|Species Clause: Limit one of each Pok\u00e9mon\n|rule|Sleep Clause Mod: Limit one foe put to sleep\n|clearpoke\n|poke|p1|Zamazenta-*|\n|poke|p1|Garganacl, M|\n|poke|p1|Heatran, F|\n|poke|p1|Zapdos|\n|poke|p1|Pinsir, M|\n|poke|p1|Landorus-Therian, M|\n|poke|p2|Corviknight, M|\n|poke|p2|Blissey, F|\n|poke|p2|Alomomola, F|\n|poke|p2|Clodsire, F|\n|poke|p2|Toxapex, F|\n|poke|p2|Tangrowth, M|\n|teampreview\n|inactive|Battle timer is ON: inactive players will automatically lose when time's up. (requested by CheezeyMemes)\n|inactive|ldsadsadcsf also wants the timer to be on.\n|j| Devonkedev\n|\n|t:|1700904766\n|start\n|switch|p1a: Landorus|Landorus-Therian, M, shiny|100\/100\n|switch|p2a: Tangrowth|Tangrowth, M|100\/100\n|-ability|p1a: Landorus|Intimidate|boost\n|-unboost|p2a: Tangrowth|atk|1\n|turn|1\n|\n|t:|1700904773\n|move|p1a: Landorus|Toxic|p2a: Tangrowth\n|-status|p2a: Tangrowth|tox\n|move|p2a: Tangrowth|Knock Off|p1a: Landorus\n|-damage|p1a: Landorus|86\/100\n|-enditem|p1a: Landorus|Leftovers|[from] move: Knock Off|[of] p2a: Tangrowth\n|\n|-damage|p2a: Tangrowth|94\/100 tox|[from] psn\n|upkeep\n|turn|2\n|\n|t:|1700904777\n|switch|p2a: Blissey|Blissey, F|100\/100\n|move|p1a: Landorus|U-turn|p2a: Blissey\n|-damage|p2a: Blissey|76\/100\n|\n|t:|1700904784\n|switch|p1a: \u85cf\u6307\u5bfc|Zamazenta|100\/100|[from] U-turn\n|-ability|p1a: \u85cf\u6307\u5bfc|Dauntless Shield|boost\n|-boost|p1a: \u85cf\u6307\u5bfc|def|1\n|\n|-heal|p2a: Blissey|82\/100|[from] item: Leftovers\n|upkeep\n|turn|3\n|l| Devonkedev\n|\n|t:|1700904788\n|switch|p2a: Toxapex|Toxapex, F|100\/100\n|move|p1a: \u85cf\u6307\u5bfc|Substitute|p1a: \u85cf\u6307\u5bfc\n|-start|p1a: \u85cf\u6307\u5bfc|Substitute\n|-damage|p1a: \u85cf\u6307\u5bfc|75\/100\n|\n|-heal|p1a: \u85cf\u6307\u5bfc|82\/100|[from] item: Leftovers\n|upkeep\n|turn|4\n|\n|t:|1700904791\n|move|p1a: \u85cf\u6307\u5bfc|Iron Defense|p1a: \u85cf\u6307\u5bfc\n|-boost|p1a: \u85cf\u6307\u5bfc|def|2\n|move|p2a: Toxapex|Haze|p2a: Toxapex\n|-clearallboost\n|\n|-heal|p1a: \u85cf\u6307\u5bfc|88\/100|[from] item: Leftovers\n|upkeep\n|turn|5\n|\n|t:|1700904800\n|switch|p1a: \u53f8\u7a7a\u9707|Zapdos, shiny|100\/100\n|move|p2a: Toxapex|Scald|p1a: \u53f8\u7a7a\u9707\n|-damage|p1a: \u53f8\u7a7a\u9707|85\/100\n|\n|upkeep\n|turn|6\n|\n|t:|1700904804\n|switch|p2a: Clodsire|Clodsire, F|100\/100\n|move|p1a: \u53f8\u7a7a\u9707|U-turn|p2a: Clodsire\n|-resisted|p2a: Clodsire\n|-crit|p2a: Clodsire\n|-damage|p2a: Clodsire|89\/100\n|\n|t:|1700904815\n|switch|p1a: \u76d0\u738b\u7237|Garganacl, M, shiny|100\/100|[from] U-turn\n|\n|-heal|p2a: Clodsire|95\/100|[from] item: Leftovers\n|upkeep\n|turn|7\n|\n|t:|1700904819\n|switch|p2a: Toxapex|Toxapex, F|100\/100\n|move|p1a: \u76d0\u738b\u7237|Salt Cure|p2a: Toxapex\n|-damage|p2a: Toxapex|92\/100\n|\n|upkeep\n|turn|8\n|\n|t:|1700904829\n|move|p1a: \u76d0\u738b\u7237|Earthquake|p2a: Toxapex\n|-supereffective|p2a: Toxapex\n|-damage|p2a: Toxapex|61\/100\n|move|p2a: Toxapex|Toxic|p1a: \u76d0\u738b\u7237\n|-immune|p1a: \u76d0\u738b\u7237|[from] ability: Purifying Salt\n|\n|upkeep\n|turn|9\n|\n|t:|1700904835\n|move|p2a: Toxapex|Recover|p2a: Toxapex\n|-heal|p2a: Toxapex|100\/100\n|move|p1a: \u76d0\u738b\u7237|Earthquake|p2a: Toxapex\n|-supereffective|p2a: Toxapex\n|-damage|p2a: Toxapex|70\/100\n|\n|upkeep\n|turn|10\n|\n|t:|1700904840\n|switch|p1a: \u94c1\u5934\u86e4\u87c6|Heatran, F, shiny|100\/100\n|move|p2a: Toxapex|Scald|p1a: \u94c1\u5934\u86e4\u87c6\n|-supereffective|p1a: \u94c1\u5934\u86e4\u87c6\n|-damage|p1a: \u94c1\u5934\u86e4\u87c6|80\/100\n|\n|-heal|p1a: \u94c1\u5934\u86e4\u87c6|87\/100|[from] item: Leftovers\n|upkeep\n|turn|11\n|\n|t:|1700904844\n|switch|p2a: Blissey|Blissey, F|82\/100\n|move|p1a: \u94c1\u5934\u86e4\u87c6|Magma Storm|p2a: Blissey\n|-damage|p2a: Blissey|69\/100\n|-activate|p2a: Blissey|move: Magma Storm|[of] p1a: \u94c1\u5934\u86e4\u87c6\n|\n|-heal|p1a: \u94c1\u5934\u86e4\u87c6|93\/100|[from] item: Leftovers\n|-heal|p2a: Blissey|75\/100|[from] item: Leftovers\n|-damage|p2a: Blissey|63\/100|[from] move: Magma Storm|[partiallytrapped]\n|upkeep\n|turn|12\n|\n|t:|1700904849\n|move|p1a: \u94c1\u5934\u86e4\u87c6|Taunt|p2a: Blissey\n|-start|p2a: Blissey|move: Taunt\n|move|p2a: Blissey|Seismic Toss|p1a: \u94c1\u5934\u86e4\u87c6\n|-damage|p1a: \u94c1\u5934\u86e4\u87c6|67\/100\n|\n|-heal|p1a: \u94c1\u5934\u86e4\u87c6|73\/100|[from] item: Leftovers\n|-heal|p2a: Blissey|69\/100|[from] item: Leftovers\n|-damage|p2a: Blissey|57\/100|[from] move: Magma Storm|[partiallytrapped]\n|upkeep\n|turn|13\n|\n|t:|1700904854\n|move|p1a: \u94c1\u5934\u86e4\u87c6|Scorching Sands|p2a: Blissey\n|-damage|p2a: Blissey|50\/100\n|-status|p2a: Blissey|brn\n|move|p2a: Blissey|Seismic Toss|p1a: \u94c1\u5934\u86e4\u87c6\n|-damage|p1a: \u94c1\u5934\u86e4\u87c6|47\/100\n|\n|-heal|p1a: \u94c1\u5934\u86e4\u87c6|53\/100|[from] item: Leftovers\n|-heal|p2a: Blissey|57\/100 brn|[from] item: Leftovers\n|-damage|p2a: Blissey|50\/100 brn|[from] brn\n|-damage|p2a: Blissey|38\/100 brn|[from] move: Magma Storm|[partiallytrapped]\n|upkeep\n|turn|14\n|\n|t:|1700904858\n|move|p1a: \u94c1\u5934\u86e4\u87c6|Protect|p1a: \u94c1\u5934\u86e4\u87c6\n|-singleturn|p1a: \u94c1\u5934\u86e4\u87c6|Protect\n|move|p2a: Blissey|Seismic Toss|p1a: \u94c1\u5934\u86e4\u87c6\n|-activate|p1a: \u94c1\u5934\u86e4\u87c6|move: Protect\n|\n|-heal|p1a: \u94c1\u5934\u86e4\u87c6|60\/100|[from] item: Leftovers\n|-heal|p2a: Blissey|44\/100 brn|[from] item: Leftovers\n|-damage|p2a: Blissey|38\/100 brn|[from] brn\n|-damage|p2a: Blissey|26\/100 brn|[from] move: Magma Storm|[partiallytrapped]\n|-end|p2a: Blissey|move: Taunt\n|upkeep\n|turn|15\n|\n|t:|1700904868\n|move|p1a: \u94c1\u5934\u86e4\u87c6|Magma Storm|p2a: Blissey\n|-damage|p2a: Blissey|12\/100 brn\n|move|p2a: Blissey|Seismic Toss|p1a: \u94c1\u5934\u86e4\u87c6\n|-damage|p1a: \u94c1\u5934\u86e4\u87c6|34\/100\n|\n|-heal|p1a: \u94c1\u5934\u86e4\u87c6|40\/100|[from] item: Leftovers\n|-heal|p2a: Blissey|18\/100 brn|[from] item: Leftovers\n|-damage|p2a: Blissey|12\/100 brn|[from] brn\n|-end|p2a: Blissey|Magma Storm|[partiallytrapped]\n|upkeep\n|turn|16\n|\n|t:|1700904876\n|-curestatus|p2a: Blissey|brn|[from] ability: Natural Cure\n|switch|p2a: Alomomola|Alomomola, F|100\/100\n|move|p1a: \u94c1\u5934\u86e4\u87c6|Scorching Sands|p2a: Alomomola\n|-damage|p2a: Alomomola|75\/100\n|-status|p2a: Alomomola|brn\n|\n|-heal|p1a: \u94c1\u5934\u86e4\u87c6|46\/100|[from] item: Leftovers\n|-damage|p2a: Alomomola|69\/100 brn|[from] brn\n|upkeep\n|turn|17\n|\n|t:|1700904882\n|move|p1a: \u94c1\u5934\u86e4\u87c6|Protect|p1a: \u94c1\u5934\u86e4\u87c6\n|-singleturn|p1a: \u94c1\u5934\u86e4\u87c6|Protect\n|move|p2a: Alomomola|Flip Turn|p1a: \u94c1\u5934\u86e4\u87c6\n|-activate|p1a: \u94c1\u5934\u86e4\u87c6|move: Protect\n|\n|-heal|p1a: \u94c1\u5934\u86e4\u87c6|52\/100|[from] item: Leftovers\n|-damage|p2a: Alomomola|63\/100 brn|[from] brn\n|upkeep\n|turn|18\n|\n|t:|1700904890\n|switch|p1a: \u7532\u54e5|Pinsir, M|100\/100\n|-ability|p1a: \u7532\u54e5|Mold Breaker\n|move|p2a: Alomomola|Wish|p2a: Alomomola\n|\n|-damage|p2a: Alomomola|57\/100 brn|[from] brn\n|upkeep\n|turn|19\n|\n|t:|1700904896\n|detailschange|p1a: \u7532\u54e5|Pinsir-Mega, M\n|-mega|p1a: \u7532\u54e5|Pinsir|Pinsirite\n|move|p1a: \u7532\u54e5|Swords Dance|p1a: \u7532\u54e5\n|-boost|p1a: \u7532\u54e5|atk|2\n|move|p2a: Alomomola|Flip Turn|p1a: \u7532\u54e5\n|-crit|p1a: \u7532\u54e5\n|-damage|p1a: \u7532\u54e5|88\/100\n|\n|t:|1700904901\n|switch|p2a: Blissey|Blissey, F|12\/100|[from] Flip Turn\n|\n|-heal|p2a: Blissey|53\/100|[from] move: Wish|[wisher] Alomomola\n|-heal|p2a: Blissey|59\/100|[from] item: Leftovers\n|upkeep\n|turn|20\n|\n|t:|1700904906\n|switch|p2a: Corviknight|Corviknight, M|100\/100\n|move|p1a: \u7532\u54e5|Return|p2a: Corviknight\n|-resisted|p2a: Corviknight\n|-damage|p2a: Corviknight|51\/100\n|-damage|p1a: \u7532\u54e5|72\/100|[from] item: Rocky Helmet|[of] p2a: Corviknight\n|\n|upkeep\n|turn|21\n|\n|t:|1700904919\n|move|p1a: \u7532\u54e5|Return|p2a: Corviknight\n|-resisted|p2a: Corviknight\n|-damage|p2a: Corviknight|0 fnt\n|-damage|p1a: \u7532\u54e5|55\/100|[from] item: Rocky Helmet|[of] p2a: Corviknight\n|faint|p2a: Corviknight\n|\n|upkeep\n|\n|t:|1700904923\n|switch|p2a: Toxapex|Toxapex, F|100\/100\n|turn|22\n|\n|t:|1700904926\n|move|p1a: \u7532\u54e5|Earthquake|p2a: Toxapex\n|-supereffective|p2a: Toxapex\n|-damage|p2a: Toxapex|0 fnt\n|faint|p2a: Toxapex\n|\n|upkeep\n|-message|CheezeyMemes forfeited.\n|\n|win|ldsadsadcsf\n|raw|ldsadsadcsf's rating: 1423 &rarr; <strong>1444<\/strong><br \/>(+21 for winning)\n|raw|CheezeyMemes's rating: 1446 &rarr; <strong>1425<\/strong><br \/>(-21 for losing)\n","uploadtime":1700904933,"views":7,"p1id":"ldsadsadcsf","p2id":"cheezeymemes","formatid":"gen9nationaldex","rating":1425,"private":0,"password":""}