{"id":"gen9nationaldex-1998012945","p1":"ciindery","p2":"BLACKMAMBA22","format":"[Gen 9] National Dex","log":"|html|<div class=\"broadcast-blue\"><strong>[Gen 9] National Dex is currently suspecting Sneasler! For information on how to participate check out the <a href=\"https:\/\/www.smogon.com\/forums\/threads\/sv-national-dex-suspect-8-just-dance.3731534\/\">suspect thread<\/a>.<\/strong><\/div>\n|j|\u2606ciindery\n|j|\u2606BLACKMAMBA22\n|t:|1700878921\n|gametype|singles\n|player|p1|ciindery|scientistf|1031\n|player|p2|BLACKMAMBA22|266|1043\n|teamsize|p1|6\n|teamsize|p2|6\n|gen|9\n|tier|[Gen 9] National Dex\n|rated|\n|rule|HP Percentage Mod: HP is shown in percentages\n|rule|Endless Battle Clause: Forcing endless battles is banned\n|rule|OHKO Clause: OHKO moves are banned\n|rule|Evasion Clause: Evasion abilities, items, and moves are banned\n|rule|Evasion Abilities Clause: Evasion abilities are banned\n|rule|Evasion Items Clause: Evasion items are banned\n|rule|Evasion Moves Clause: Evasion moves are banned\n|rule|Species Clause: Limit one of each Pok\u00e9mon\n|rule|Sleep Clause Mod: Limit one foe put to sleep\n|clearpoke\n|poke|p1|Espeon, F|\n|poke|p1|Duraludon, M|\n|poke|p1|Skarmory, F|\n|poke|p1|Coalossal, F|\n|poke|p1|Meowstic, M|\n|poke|p1|Nidoking, M|\n|poke|p2|Kleavor, M|\n|poke|p2|Tyranitar, F|\n|poke|p2|Sandaconda, F|\n|poke|p2|Dracozolt|\n|poke|p2|Glimmora, M|\n|poke|p2|Ribombee, F|\n|teampreview\n|\n|t:|1700878928\n|start\n|switch|p1a: mish|Meowstic, M|100\/100\n|switch|p2a: Kleavor|Kleavor, M|100\/100\n|turn|1\n|\n|t:|1700878937\n|move|p1a: mish|Fake Out|p2a: Kleavor\n|-resisted|p2a: Kleavor\n|-damage|p2a: Kleavor|97\/100\n|cant|p2a: Kleavor|flinch\n|\n|upkeep\n|turn|2\n|\n|t:|1700878946\n|move|p1a: mish|Reflect|p1a: mish\n|-sidestart|p1: ciindery|Reflect\n|move|p2a: Kleavor|X-Scissor|p1a: mish\n|-supereffective|p1a: mish\n|-damage|p1a: mish|28\/100\n|\n|upkeep\n|turn|3\n|\n|t:|1700878960\n|switch|p1a: Inhalador|Duraludon, M|100\/100\n|move|p2a: Kleavor|Stone Axe|p1a: Inhalador\n|-resisted|p1a: Inhalador\n|-damage|p1a: Inhalador|86\/100\n|-sidestart|p1: ciindery|move: Stealth Rock\n|\n|upkeep\n|turn|4\n|\n|t:|1700878970\n|switch|p2a: Sandaconda|Sandaconda, F|100\/100\n|move|p1a: Inhalador|Stealth Rock|p2a: Sandaconda\n|-sidestart|p2: BLACKMAMBA22|move: Stealth Rock\n|\n|upkeep\n|turn|5\n|\n|t:|1700878983\n|switch|p1a: vibrador|Skarmory, F|100\/100\n|-damage|p1a: vibrador|88\/100|[from] Stealth Rock\n|move|p2a: Sandaconda|Glare|p1a: vibrador\n|-status|p1a: vibrador|par\n|\n|-heal|p1a: vibrador|94\/100 par|[from] item: Leftovers\n|upkeep\n|turn|6\n|\n|t:|1700878998\n|move|p2a: Sandaconda|Coil|p2a: Sandaconda\n|-boost|p2a: Sandaconda|atk|1\n|-boost|p2a: Sandaconda|def|1\n|-boost|p2a: Sandaconda|accuracy|1\n|move|p1a: vibrador|Autotomize|p1a: vibrador\n|-boost|p1a: vibrador|spe|2\n|-start|p1a: vibrador|Autotomize\n|\n|-heal|p1a: vibrador|99\/100 par|[from] item: Leftovers\n|-sideend|p1: ciindery|Reflect\n|upkeep\n|turn|7\n|\n|t:|1700879012\n|cant|p1a: vibrador|par\n|move|p2a: Sandaconda|Coil|p2a: Sandaconda\n|-boost|p2a: Sandaconda|atk|1\n|-boost|p2a: Sandaconda|def|1\n|-boost|p2a: Sandaconda|accuracy|1\n|\n|-heal|p1a: vibrador|100\/100 par|[from] item: Leftovers\n|upkeep\n|turn|8\n|\n|t:|1700879020\n|move|p1a: vibrador|Brave Bird|p2a: Sandaconda\n|-damage|p2a: Sandaconda|86\/100\n|-damage|p1a: vibrador|84\/100 par|[from] item: Rocky Helmet|[of] p2a: Sandaconda\n|-weather|Sandstorm|[from] ability: Sand Spit|[of] p2a: Sandaconda\n|-damage|p1a: vibrador|80\/100 par|[from] Recoil\n|move|p2a: Sandaconda|Coil|p2a: Sandaconda\n|-boost|p2a: Sandaconda|atk|1\n|-boost|p2a: Sandaconda|def|1\n|-boost|p2a: Sandaconda|accuracy|1\n|\n|-weather|Sandstorm|[upkeep]\n|-heal|p1a: vibrador|86\/100 par|[from] item: Leftovers\n|upkeep\n|turn|9\n|\n|t:|1700879033\n|move|p1a: vibrador|Defog|p2a: Sandaconda\n|-unboost|p2a: Sandaconda|evasion|1\n|-sideend|p2: BLACKMAMBA22|Stealth Rock|[from] move: Defog|[of] p1a: vibrador\n|-sideend|p1: ciindery|Stealth Rock|[from] move: Defog|[of] p1a: vibrador\n|move|p2a: Sandaconda|Coil|p2a: Sandaconda\n|-boost|p2a: Sandaconda|atk|1\n|-boost|p2a: Sandaconda|def|1\n|-boost|p2a: Sandaconda|accuracy|1\n|\n|-weather|Sandstorm|[upkeep]\n|-heal|p1a: vibrador|92\/100 par|[from] item: Leftovers\n|upkeep\n|turn|10\n|\n|t:|1700879046\n|switch|p1a: o w o|Espeon, F|100\/100\n|move|p2a: Sandaconda|Body Press|p1a: o w o\n|-resisted|p1a: o w o\n|-damage|p1a: o w o|30\/100\n|\n|-weather|Sandstorm|[upkeep]\n|-damage|p1a: o w o|24\/100|[from] Sandstorm\n|upkeep\n|turn|11\n|\n|t:|1700879059\n|move|p1a: o w o|Trick|p2a: Sandaconda\n|-activate|p1a: o w o|move: Trick|[of] p2a: Sandaconda\n|-item|p2a: Sandaconda|Choice Specs|[from] move: Trick\n|-item|p1a: o w o|Rocky Helmet|[from] move: Trick\n|move|p2a: Sandaconda|Skitter Smack|p1a: o w o\n|-supereffective|p1a: o w o\n|-damage|p1a: o w o|0 fnt\n|-damage|p2a: Sandaconda|70\/100|[from] item: Rocky Helmet|[of] p1a: o w o\n|faint|p1a: o w o\n|\n|-weather|Sandstorm|[upkeep]\n|upkeep\n|\n|t:|1700879083\n|switch|p1a: Inhalador|Duraludon, M|86\/100\n|turn|12\n|\n|t:|1700879099\n|switch|p2a: Glimmora|Glimmora, M|100\/100\n|-terastallize|p1a: Inhalador|Dragon\n|move|p1a: Inhalador|Draco Meteor|p2a: Glimmora|[miss]\n|-miss|p1a: Inhalador|p2a: Glimmora\n|\n|-weather|none\n|upkeep\n|turn|13\n|\n|t:|1700879114\n|move|p1a: Inhalador|Body Press|p2a: Glimmora\n|-damage|p2a: Glimmora|77\/100\n|-damage|p1a: Inhalador|69\/100|[from] item: Rocky Helmet|[of] p2a: Glimmora\n|-activate|p2a: Glimmora|ability: Toxic Debris\n|-sidestart|p1: ciindery|move: Toxic Spikes\n|move|p2a: Glimmora|Mortal Spin|p1a: Inhalador\n|-damage|p1a: Inhalador|62\/100\n|-status|p1a: Inhalador|psn\n|\n|-damage|p1a: Inhalador|50\/100 psn|[from] psn\n|upkeep\n|turn|14\n|\n|t:|1700879133\n|move|p2a: Glimmora|Spiky Shield|p2a: Glimmora\n|-singleturn|p2a: Glimmora|move: Protect\n|move|p1a: Inhalador|Draco Meteor|p2a: Glimmora\n|-activate|p2a: Glimmora|move: Protect\n|\n|-damage|p1a: Inhalador|38\/100 psn|[from] psn\n|upkeep\n|turn|15\n|\n|t:|1700879153\n|switch|p2a: Tyranitar|Tyranitar, F|100\/100\n|-weather|Sandstorm|[from] ability: Sand Stream|[of] p2a: Tyranitar\n|move|p1a: Inhalador|Draco Meteor|p2a: Tyranitar\n|-damage|p2a: Tyranitar|74\/100\n|-unboost|p1a: Inhalador|spa|2\n|\n|-weather|Sandstorm|[upkeep]\n|-damage|p1a: Inhalador|31\/100 psn|[from] Sandstorm\n|-damage|p1a: Inhalador|19\/100 psn|[from] psn\n|upkeep\n|-enditem|p1a: Inhalador|Aguav Berry|[eat]\n|-heal|p1a: Inhalador|52\/100 psn|[from] item: Aguav Berry\n|turn|16\n|\n|t:|1700879169\n|move|p1a: Inhalador|Body Press|p2a: Tyranitar\n|-supereffective|p2a: Tyranitar\n|-damage|p2a: Tyranitar|0 fnt\n|faint|p2a: Tyranitar\n|\n|-weather|Sandstorm|[upkeep]\n|-damage|p1a: Inhalador|46\/100 psn|[from] Sandstorm\n|-damage|p1a: Inhalador|34\/100 psn|[from] psn\n|upkeep\n|\n|t:|1700879179\n|switch|p2a: Dracozolt|Dracozolt|100\/100\n|turn|17\n|\n|t:|1700879188\n|switch|p1a: navaja suiza|Nidoking, M|100\/100\n|-sideend|p1: ciindery|move: Toxic Spikes|[of] p1a: navaja suiza\n|move|p2a: Dracozolt|Flamethrower|p1a: navaja suiza\n|-damage|p1a: navaja suiza|87\/100\n|\n|-weather|Sandstorm|[upkeep]\n|upkeep\n|turn|18\n|\n|t:|1700879198\n|switch|p2a: Glimmora|Glimmora, M|77\/100\n|move|p1a: navaja suiza|High Horsepower|p2a: Glimmora\n|-supereffective|p2a: Glimmora\n|-damage|p2a: Glimmora|0 fnt\n|-damage|p1a: navaja suiza|70\/100|[from] item: Rocky Helmet|[of] p2a: Glimmora\n|-activate|p2a: Glimmora|ability: Toxic Debris\n|-sidestart|p1: ciindery|move: Toxic Spikes\n|faint|p2a: Glimmora\n|\n|-weather|Sandstorm|[upkeep]\n|upkeep\n|\n|t:|1700879210\n|switch|p2a: Ribombee|Ribombee, F|100\/100\n|turn|19\n|\n|t:|1700879216\n|move|p2a: Ribombee|Sticky Web|p1a: navaja suiza\n|-sidestart|p1: ciindery|move: Sticky Web\n|move|p1a: navaja suiza|Poison Jab|p2a: Ribombee\n|-supereffective|p2a: Ribombee\n|-enditem|p2a: Ribombee|Focus Sash\n|-damage|p2a: Ribombee|1\/100\n|\n|-weather|none\n|upkeep\n|turn|20\n|\n|t:|1700879230\n|move|p2a: Ribombee|Signal Beam|p1a: navaja suiza\n|-resisted|p1a: navaja suiza\n|-damage|p1a: navaja suiza|60\/100\n|move|p1a: navaja suiza|Ice Punch|p2a: Ribombee\n|-damage|p2a: Ribombee|0 fnt\n|faint|p2a: Ribombee\n|\n|upkeep\n|\n|t:|1700879245\n|switch|p2a: Sandaconda|Sandaconda, F|70\/100\n|turn|21\n|\n|t:|1700879249\n|move|p1a: navaja suiza|Ice Punch|p2a: Sandaconda\n|-supereffective|p2a: Sandaconda\n|-damage|p2a: Sandaconda|29\/100\n|-weather|Sandstorm|[from] ability: Sand Spit|[of] p2a: Sandaconda\n|move|p2a: Sandaconda|Glare|p1a: navaja suiza\n|-status|p1a: navaja suiza|par\n|\n|-weather|Sandstorm|[upkeep]\n|upkeep\n|turn|22\n|\n|t:|1700879266\n|switch|p2a: Dracozolt|Dracozolt|100\/100\n|cant|p1a: navaja suiza|par\n|\n|-weather|Sandstorm|[upkeep]\n|upkeep\n|turn|23\n|\n|t:|1700879280\n|move|p2a: Dracozolt|Rock Blast|p1a: navaja suiza|[miss]\n|-miss|p2a: Dracozolt|p1a: navaja suiza\n|cant|p1a: navaja suiza|par\n|\n|-weather|Sandstorm|[upkeep]\n|upkeep\n|turn|24\n|-message|BLACKMAMBA22 forfeited.\n|\n|win|ciindery\n|raw|ciindery's rating: 1031 &rarr; <strong>1068<\/strong><br \/>(+37 for winning)\n|raw|BLACKMAMBA22's rating: 1043 &rarr; <strong>1026<\/strong><br \/>(-17 for losing)\n|l|\u2606BLACKMAMBA22\n","uploadtime":1700879289,"views":3,"p1id":"ciindery","p2id":"blackmamba22","formatid":"gen9nationaldex","rating":1026,"private":0,"password":""}