{"id":"gen9nationaldex-1995085800","p1":"Danwine","p2":"PeppsiAsiEs","format":"[Gen 9] National Dex","log":"|html|<div class=\"broadcast-blue\"><strong>[Gen 9] National Dex is currently suspecting Sneasler! For information on how to participate check out the <a href=\"https:\/\/www.smogon.com\/forums\/threads\/sv-national-dex-suspect-8-just-dance.3731534\/\">suspect thread<\/a>.<\/strong><\/div>\n|j|\u2606Danwine\n|j|\u2606PeppsiAsiEs\n|t:|1700520964\n|gametype|singles\n|player|p1|Danwine|brycen|\n|player|p2|PeppsiAsiEs|poppy|\n|teamsize|p1|6\n|teamsize|p2|6\n|gen|9\n|tier|[Gen 9] National Dex\n|rule|HP Percentage Mod: HP is shown in percentages\n|rule|Endless Battle Clause: Forcing endless battles is banned\n|rule|OHKO Clause: OHKO moves are banned\n|rule|Evasion Clause: Evasion abilities, items, and moves are banned\n|rule|Evasion Abilities Clause: Evasion abilities are banned\n|rule|Evasion Items Clause: Evasion items are banned\n|rule|Evasion Moves Clause: Evasion moves are banned\n|rule|Species Clause: Limit one of each Pok\u00e9mon\n|rule|Sleep Clause Mod: Limit one foe put to sleep\n|clearpoke\n|poke|p1|Clodsire, F|\n|poke|p1|Volcarona, M|\n|poke|p1|Pelipper, M|\n|poke|p1|Bellibolt, F|\n|poke|p1|Sinistcha|\n|poke|p1|Garganacl, M|\n|poke|p2|Skarmory, M|\n|poke|p2|Jirachi|\n|poke|p2|Celesteela|\n|poke|p2|Bisharp, F|\n|poke|p2|Aegislash, F|\n|poke|p2|Heatran, F|\n|teampreview\n|c|\u2606Danwine|ay no el jirachi\n|j| RARMolina\n|c|\u2606PeppsiAsiEs|\u00a1Hola, Aspirante! Veo que has llegado muy lejos hasta aqu\u00ed ahora con demasiado esfuerzo conllevado a batallas esplendidas. Esta batalla, no ser\u00e1 la excepci\u00f3n\n|j| WSoldat\n|c|\u2606Danwine|ay\n|c|\u2606PeppsiAsiEs|Antes de iniciar el combate, debo preguntarle... \u00bfPrefieres romperte... o doblarte?\n|c|\u2606Danwine|que bonito\n|c|\u2606Danwine|prefiero doblarme\n|c| WSoldat|Dale pep yo se que podes, y sino, almenos lo intentaste\n|c| RARMolina|Pues te doblar\u00e1 como varilla de cobre dan xd\n|c|\u2606PeppsiAsiEs|Amiguitos de Pepito \u00a1Salid a jugar!\n|c|\u2606Danwine|premio o premio\n|\n|t:|1700521091\n|start\n|switch|p1a: Aguadios|Bellibolt, F|100\/100\n|switch|p2a: Skarmory|Skarmory, M|100\/100\n|turn|1\n|\n|t:|1700521099\n|move|p2a: Skarmory|Stealth Rock|p1a: Aguadios\n|-sidestart|p1: Danwine|move: Stealth Rock\n|move|p1a: Aguadios|Parabolic Charge|p2a: Skarmory\n|-supereffective|p2a: Skarmory\n|-ability|p2a: Skarmory|Sturdy\n|-damage|p2a: Skarmory|1\/100\n|\n|upkeep\n|turn|2\n|-enditem|p2a: Skarmory|Custap Berry|[eat]\n|-activate|p2a: Skarmory|item: Custap Berry|[consumed]\n|\n|t:|1700521108\n|move|p2a: Skarmory|Spikes|p1a: Aguadios\n|-sidestart|p1: Danwine|Spikes\n|move|p1a: Aguadios|Parabolic Charge|p2a: Skarmory\n|-supereffective|p2a: Skarmory\n|-damage|p2a: Skarmory|0 fnt\n|faint|p2a: Skarmory\n|\n|upkeep\n|\n|t:|1700521138\n|switch|p2a: Aegislash|Aegislash, F|100\/100\n|turn|3\n|\n|t:|1700521157\n|move|p2a: Aegislash|Swords Dance|p2a: Aegislash\n|-boost|p2a: Aegislash|atk|2\n|move|p1a: Aguadios|Thunderbolt|p2a: Aegislash\n|-damage|p2a: Aegislash|64\/100\n|\n|upkeep\n|turn|4\n|c| RARMolina|Pinche rana gorda me cost\u00f3 vencerla hoy en el Pok\u00e9mon z\n|\n|t:|1700521168\n|move|p2a: Aegislash|Swords Dance|p2a: Aegislash\n|-boost|p2a: Aegislash|atk|2\n|move|p1a: Aguadios|Parabolic Charge|p2a: Aegislash\n|-damage|p2a: Aegislash|41\/100\n|\n|upkeep\n|turn|5\n|\n|t:|1700521176\n|-formechange|p2a: Aegislash|Aegislash-Blade||[from] ability: Stance Change\n|move|p2a: Aegislash|Close Combat|p1a: Aguadios\n|-damage|p1a: Aguadios|0 fnt\n|-unboost|p2a: Aegislash|def|1\n|-unboost|p2a: Aegislash|spd|1\n|faint|p1a: Aguadios\n|\n|upkeep\n|\n|t:|1700521184\n|switch|p1a: Papu|Pelipper, M, shiny|100\/100\n|-weather|RainDance|[from] ability: Drizzle|[of] p1a: Papu\n|turn|6\n|\n|t:|1700521193\n|move|p2a: Aegislash|Shadow Sneak|p1a: Papu\n|-damage|p1a: Papu|13\/100\n|move|p1a: Papu|Defog|p2a: Aegislash\n|-unboost|p2a: Aegislash|evasion|1\n|-sideend|p1: Danwine|Spikes|[from] move: Defog|[of] p1a: Papu\n|-sideend|p1: Danwine|Stealth Rock|[from] move: Defog|[of] p1a: Papu\n|\n|-weather|RainDance|[upkeep]\n|upkeep\n|turn|7\n|c| RARMolina|Pep si me desconecto del server se me fue la luz ok\n|\n|t:|1700521202\n|move|p2a: Aegislash|Shadow Sneak|p1a: Papu\n|-damage|p1a: Papu|0 fnt\n|faint|p1a: Papu\n|\n|-weather|RainDance|[upkeep]\n|upkeep\n|c|\u2606PeppsiAsiEs|No hay problema molina\n|\n|t:|1700521209\n|switch|p1a: Nito|Clodsire, F|100\/100\n|turn|8\n|\n|t:|1700521216\n|move|p2a: Aegislash|Shadow Claw|p1a: Nito\n|-damage|p1a: Nito|59\/100\n|move|p1a: Nito|Earthquake|p2a: Aegislash\n|-supereffective|p2a: Aegislash\n|-damage|p2a: Aegislash|0 fnt\n|faint|p2a: Aegislash\n|\n|-weather|RainDance|[upkeep]\n|-heal|p1a: Nito|65\/100|[from] item: Black Sludge\n|upkeep\n|\n|t:|1700521225\n|switch|p2a: Celesteela|Celesteela|100\/100\n|turn|9\n|\n|t:|1700521234\n|switch|p1a: Pozolito|Sinistcha, shiny|100\/100\n|move|p2a: Celesteela|Autotomize|p2a: Celesteela\n|-boost|p2a: Celesteela|spe|2\n|-start|p2a: Celesteela|Autotomize\n|\n|-weather|RainDance|[upkeep]\n|upkeep\n|turn|10\n|\n|t:|1700521242\n|move|p2a: Celesteela|Meteor Beam||[still]\n|-prepare|p2a: Celesteela|Meteor Beam\n|-boost|p2a: Celesteela|spa|1\n|-enditem|p2a: Celesteela|Power Herb\n|-anim|p2a: Celesteela|Meteor Beam|p1a: Pozolito\n|-damage|p1a: Pozolito|51\/100\n|move|p1a: Pozolito|Calm Mind|p1a: Pozolito\n|-boost|p1a: Pozolito|spa|1\n|-boost|p1a: Pozolito|spd|1\n|\n|-weather|none\n|-heal|p1a: Pozolito|57\/100|[from] item: Leftovers\n|upkeep\n|turn|11\n|\n|t:|1700521252\n|move|p2a: Celesteela|Flamethrower|p1a: Pozolito\n|-supereffective|p1a: Pozolito\n|-crit|p1a: Pozolito\n|-damage|p1a: Pozolito|4\/100\n|move|p1a: Pozolito|Shadow Ball|p2a: Celesteela\n|-damage|p2a: Celesteela|53\/100\n|-unboost|p2a: Celesteela|spd|1\n|\n|-heal|p1a: Pozolito|10\/100|[from] item: Leftovers\n|upkeep\n|turn|12\n|\n|t:|1700521261\n|move|p2a: Celesteela|Flamethrower|p1a: Pozolito\n|-supereffective|p1a: Pozolito\n|-damage|p1a: Pozolito|0 fnt\n|faint|p1a: Pozolito\n|-ability|p2a: Celesteela|Beast Boost|boost\n|-boost|p2a: Celesteela|spa|1\n|\n|upkeep\n|\n|t:|1700521267\n|switch|p1a: Barb|Volcarona, M, shiny|100\/100\n|turn|13\n|c|\u2606PeppsiAsiEs|Mi celesteela te va a hacer puppita!\n|c|\u2606Danwine|meteor beam que es?\n|c| WSoldat|Chiste de mierda, dejame decir\n|c| WSoldat|Es rayo meteorico dan\n|\n|t:|1700521325\n|-terastallize|p1a: Barb|Grass\n|move|p2a: Celesteela|Flamethrower|p1a: Barb\n|-supereffective|p1a: Barb\n|-damage|p1a: Barb|10\/100\n|-status|p1a: Barb|brn\n|move|p1a: Barb|Quiver Dance|p1a: Barb\n|-boost|p1a: Barb|spa|1\n|-boost|p1a: Barb|spd|1\n|-boost|p1a: Barb|spe|1\n|\n|-damage|p1a: Barb|4\/100 brn|[from] brn\n|upkeep\n|turn|14\n|c|\u2606Danwine|me salio mal el predic\n|c| RARMolina|Cago\n|\n|t:|1700521350\n|switch|p2a: Heatran|Heatran, F|100\/100\n|-item|p2a: Heatran|Air Balloon\n|move|p1a: Barb|Fiery Dance|p2a: Heatran\n|-start|p2a: Heatran|ability: Flash Fire\n|\n|-damage|p1a: Barb|0 fnt|[from] brn\n|faint|p1a: Barb\n|upkeep\n|\n|t:|1700521358\n|switch|p1a: Keops|Garganacl, M|100\/100\n|turn|15\n|\n|t:|1700521372\n|-terastallize|p2a: Heatran|Grass\n|move|p2a: Heatran|Magma Storm|p1a: Keops|[miss]\n|-miss|p2a: Heatran|p1a: Keops\n|move|p1a: Keops|Iron Defense|p1a: Keops\n|-boost|p1a: Keops|def|2\n|\n|upkeep\n|turn|16\n|\n|t:|1700521380\n|move|p2a: Heatran|Magma Storm|p1a: Keops\n|-resisted|p1a: Keops\n|-damage|p1a: Keops|81\/100\n|-activate|p1a: Keops|move: Magma Storm|[of] p2a: Heatran\n|move|p1a: Keops|Salt Cure|p2a: Heatran\n|-damage|p2a: Heatran|90\/100\n|-start|p2a: Heatran|Salt Cure\n|-enditem|p2a: Heatran|Air Balloon\n|\n|-heal|p1a: Keops|87\/100|[from] item: Leftovers\n|-damage|p2a: Heatran|77\/100|[from] Salt Cure\n|-damage|p1a: Keops|75\/100|[from] move: Magma Storm|[partiallytrapped]\n|upkeep\n|turn|17\n|\n|t:|1700521391\n|move|p2a: Heatran|Earth Power|p1a: Keops\n|-supereffective|p1a: Keops\n|-damage|p1a: Keops|43\/100\n|move|p1a: Keops|Body Press|p2a: Heatran\n|-damage|p2a: Heatran|38\/100\n|\n|-heal|p1a: Keops|49\/100|[from] item: Leftovers\n|-damage|p2a: Heatran|25\/100|[from] Salt Cure\n|-damage|p1a: Keops|37\/100|[from] move: Magma Storm|[partiallytrapped]\n|upkeep\n|turn|18\n|\n|t:|1700521405\n|move|p2a: Heatran|Taunt|p1a: Keops\n|-start|p1a: Keops|move: Taunt\n|cant|p1a: Keops|move: Taunt|Recover\n|\n|-heal|p1a: Keops|43\/100|[from] item: Leftovers\n|-damage|p2a: Heatran|13\/100|[from] Salt Cure\n|-damage|p1a: Keops|30\/100|[from] move: Magma Storm|[partiallytrapped]\n|upkeep\n|turn|19\n|\n|t:|1700521416\n|move|p2a: Heatran|Earth Power|p1a: Keops\n|-supereffective|p1a: Keops\n|-damage|p1a: Keops|0 fnt\n|faint|p1a: Keops\n|\n|-damage|p2a: Heatran|0 fnt|[from] Salt Cure\n|faint|p2a: Heatran\n|upkeep\n|\n|t:|1700521425\n|switch|p2a: Celesteela|Celesteela|53\/100\n|switch|p1a: Nito|Clodsire, F|65\/100\n|turn|20\n|c|\u2606Danwine|gg\n|c|\u2606Danwine|ya no tengo con que atacar\n|\n|t:|1700521446\n|move|p2a: Celesteela|Autotomize|p2a: Celesteela\n|-boost|p2a: Celesteela|spe|2\n|-start|p2a: Celesteela|Autotomize\n|move|p1a: Nito|Earthquake|p2a: Celesteela\n|-immune|p2a: Celesteela\n|\n|-heal|p1a: Nito|72\/100|[from] item: Black Sludge\n|upkeep\n|turn|21\n|c|\u2606PeppsiAsiEs|Vamos a divertirnos un poco, mi celesteela....\n|c|\u2606Danwine|hijo de\n|\n|t:|1700521458\n|move|p2a: Celesteela|Meteor Beam||[still]\n|-prepare|p2a: Celesteela|Meteor Beam\n|-boost|p2a: Celesteela|spa|1\n|move|p1a: Nito|Earthquake|p2a: Celesteela\n|-immune|p2a: Celesteela\n|\n|-heal|p1a: Nito|78\/100|[from] item: Black Sludge\n|upkeep\n|turn|22\n|\n|t:|1700521465\n|move|p2a: Celesteela|Meteor Beam|p1a: Nito|[from]lockedmove\n|-resisted|p1a: Nito\n|-damage|p1a: Nito|69\/100\n|move|p1a: Nito|Toxic|p2a: Celesteela\n|-immune|p2a: Celesteela\n|\n|-heal|p1a: Nito|75\/100|[from] item: Black Sludge\n|upkeep\n|turn|23\n|c| RARMolina|Bro xd\n|\n|t:|1700521472\n|move|p2a: Celesteela|Meteor Beam||[still]\n|-prepare|p2a: Celesteela|Meteor Beam\n|-boost|p2a: Celesteela|spa|1\n|move|p1a: Nito|Stealth Rock|p2a: Celesteela\n|-sidestart|p2: PeppsiAsiEs|move: Stealth Rock\n|\n|-heal|p1a: Nito|81\/100|[from] item: Black Sludge\n|upkeep\n|turn|24\n|c| WSoldat|XDDD\n|\n|t:|1700521480\n|move|p2a: Celesteela|Meteor Beam|p1a: Nito|[from]lockedmove|[miss]\n|-miss|p2a: Celesteela|p1a: Nito\n|move|p1a: Nito|Recover|p1a: Nito\n|-heal|p1a: Nito|100\/100\n|\n|upkeep\n|turn|25\n|c|\u2606PeppsiAsiEs|Hasta la ultima gota\n|\n|t:|1700521488\n|move|p2a: Celesteela|Meteor Beam||[still]\n|-prepare|p2a: Celesteela|Meteor Beam\n|-boost|p2a: Celesteela|spa|1\n|move|p1a: Nito|Toxic|p2a: Celesteela\n|-immune|p2a: Celesteela\n|\n|upkeep\n|turn|26\n|c| WSoldat|Ya dejalo pep, ya esta muerto\n|\n|t:|1700521495\n|move|p2a: Celesteela|Meteor Beam|p1a: Nito|[from]lockedmove\n|-resisted|p1a: Nito\n|-damage|p1a: Nito|91\/100\n|move|p1a: Nito|Toxic|p2a: Celesteela\n|-immune|p2a: Celesteela\n|\n|-heal|p1a: Nito|97\/100|[from] item: Black Sludge\n|upkeep\n|turn|27\n|c|\u2606Danwine|a puro strungle lo matare?\n|\n|t:|1700521512\n|move|p2a: Celesteela|Meteor Beam||[still]\n|-prepare|p2a: Celesteela|Meteor Beam\n|-boost|p2a: Celesteela|spa|1\n|move|p1a: Nito|Earthquake|p2a: Celesteela\n|-immune|p2a: Celesteela\n|\n|-heal|p1a: Nito|100\/100|[from] item: Black Sludge\n|upkeep\n|turn|28\n|\n|t:|1700521521\n|move|p2a: Celesteela|Meteor Beam|p1a: Nito|[from]lockedmove\n|-resisted|p1a: Nito\n|-damage|p1a: Nito|90\/100\n|move|p1a: Nito|Recover|p1a: Nito\n|-heal|p1a: Nito|100\/100\n|\n|upkeep\n|turn|29\n|c| RARMolina|Est\u00e1 en un punto muerto\n|c| WSoldat|No llegaras dan\n|\n|t:|1700521532\n|move|p2a: Celesteela|Meteor Beam||[still]\n|-prepare|p2a: Celesteela|Meteor Beam\n|-boost|p2a: Celesteela|spa|1\n|move|p1a: Nito|Earthquake|p2a: Celesteela\n|-immune|p2a: Celesteela\n|\n|upkeep\n|turn|30\n|\n|t:|1700521539\n|move|p2a: Celesteela|Meteor Beam|p1a: Nito|[from]lockedmove\n|-resisted|p1a: Nito\n|-damage|p1a: Nito|90\/100\n|move|p1a: Nito|Stealth Rock||[still]\n|-fail|p1a: Nito\n|\n|-heal|p1a: Nito|96\/100|[from] item: Black Sludge\n|upkeep\n|turn|31\n|\n|t:|1700521546\n|move|p2a: Celesteela|Meteor Beam||[still]\n|-prepare|p2a: Celesteela|Meteor Beam\n|-boost|p2a: Celesteela|spa|1\n|move|p1a: Nito|Stealth Rock||[still]\n|-fail|p1a: Nito\n|\n|-heal|p1a: Nito|100\/100|[from] item: Black Sludge\n|upkeep\n|turn|32\n|\n|t:|1700521552\n|move|p2a: Celesteela|Meteor Beam|p1a: Nito|[from]lockedmove\n|-resisted|p1a: Nito\n|-damage|p1a: Nito|90\/100\n|move|p1a: Nito|Stealth Rock||[still]\n|-fail|p1a: Nito\n|\n|-heal|p1a: Nito|96\/100|[from] item: Black Sludge\n|upkeep\n|turn|33\n|c|\u2606PeppsiAsiEs|Que satisfacci\u00f3n la neta\n|\n|t:|1700521560\n|move|p2a: Celesteela|Autotomize|p2a: Celesteela\n|-boost|p2a: Celesteela|spe|2\n|-start|p2a: Celesteela|Autotomize\n|move|p1a: Nito|Stealth Rock||[still]\n|-fail|p1a: Nito\n|\n|-heal|p1a: Nito|100\/100|[from] item: Black Sludge\n|upkeep\n|turn|34\n|c|\u2606PeppsiAsiEs|Me revive el alma\n|c|\u2606PeppsiAsiEs|esto\n|c|\u2606Danwine|cambia de poke pepe\n|c| RARMolina|Est\u00e1 muerto pero lo que lo mantiene de pie es su deseo de pelear\n|c|\u2606Danwine|aver si sientes satisfaccion asi\n|c|\u2606Danwine|like si quieren que pep cambie de poke\n|\n|t:|1700521618\n|move|p2a: Celesteela|Autotomize|p2a: Celesteela\n|-boost|p2a: Celesteela|spe|2\n|-start|p2a: Celesteela|Autotomize\n|move|p1a: Nito|Earthquake|p2a: Celesteela\n|-immune|p2a: Celesteela\n|\n|upkeep\n|turn|35\n|l| RARMolina\n|c|\u2606PeppsiAsiEs|hasta agotarte los pp....\n|\n|t:|1700521635\n|move|p2a: Celesteela|Autotomize||[still]\n|-fail|p2a: Celesteela\n|move|p1a: Nito|Earthquake|p2a: Celesteela\n|-immune|p2a: Celesteela\n|\n|upkeep\n|turn|36\n|c|\u2606Danwine|que es lightened?\n|\n|t:|1700521644\n|move|p2a: Celesteela|Autotomize||[still]\n|-fail|p2a: Celesteela\n|move|p1a: Nito|Toxic|p2a: Celesteela\n|-immune|p2a: Celesteela\n|\n|upkeep\n|turn|37\n|c|\u2606PeppsiAsiEs|Corsola galar estar\u00eda orgullosa\n|\n|t:|1700521651\n|move|p2a: Celesteela|Autotomize||[still]\n|-fail|p2a: Celesteela\n|move|p1a: Nito|Stealth Rock||[still]\n|-fail|p1a: Nito\n|\n|upkeep\n|turn|38\n|\n|t:|1700521659\n|move|p2a: Celesteela|Autotomize||[still]\n|-fail|p2a: Celesteela\n|move|p1a: Nito|Earthquake|p2a: Celesteela\n|-immune|p2a: Celesteela\n|\n|upkeep\n|turn|39\n|\n|t:|1700521666\n|move|p2a: Celesteela|Autotomize||[still]\n|-fail|p2a: Celesteela\n|move|p1a: Nito|Earthquake|p2a: Celesteela\n|-immune|p2a: Celesteela\n|\n|upkeep\n|turn|40\n|c|\u2606Danwine|CAMBIA DE POKEMON POR FAVOR\n|c|\u2606Danwine|pa que sea un 1 vs 1\n|j| RARMolina\n|c| RARMolina|Bro\n|\n|t:|1700521705\n|move|p2a: Celesteela|Autotomize||[still]\n|-fail|p2a: Celesteela\n|move|p1a: Nito|Earthquake|p2a: Celesteela\n|-immune|p2a: Celesteela\n|\n|upkeep\n|turn|41\n|j| Insipido\n|j| Arlo Ghost\n|\n|t:|1700521712\n|move|p2a: Celesteela|Autotomize||[still]\n|-fail|p2a: Celesteela\n|move|p1a: Nito|Toxic|p2a: Celesteela\n|-immune|p2a: Celesteela\n|\n|upkeep\n|turn|42\n|j| lolowtf09\n|c|\u2606PeppsiAsiEs|vamos dan\n|c|\u2606PeppsiAsiEs|poco a poco esos pp quiero verlos 0\n|c| lolowtf09|escuche que dan esta sufriendo?\n|c| Arlo Ghost|mmmmmmmmmmmmmmmmmmm\n|c|\u2606Danwine|cambia de poke\n|c| Arlo Ghost|ya perdi\u00f3 el dan\n|c| Arlo Ghost|aunque cambie\n|j| Gamer00ooO\n|c| Arlo Ghost|no tiene nada que hacerle al celesteela\n|c| RARMolina|Eso pasa por no llegar otro movimiento de cobertura\n|j| Void280\n|c|\u2606Danwine|cambia, mato al jirachi y al bisexual\n|c|\u2606Danwine|y a puro strugle al celesteela\n|c| lolowtf09|no\n|c| lolowtf09|pep\n|c|\u2606PeppsiAsiEs|que dijiste de mi B7\n|c| lolowtf09|hazlo sufrir\n|j| ericmont\n|inactive|Battle timer is ON: inactive players will automatically lose when time's up. (requested by PeppsiAsiEs)\n|c|\u2606PeppsiAsiEs|pov: pierdes contra lolo y estas ardido\n|\n|t:|1700521802\n|move|p2a: Celesteela|Autotomize||[still]\n|-fail|p2a: Celesteela\n|move|p1a: Nito|Earthquake|p2a: Celesteela\n|-immune|p2a: Celesteela\n|\n|upkeep\n|turn|43\n|\n|t:|1700521809\n|move|p2a: Celesteela|Autotomize||[still]\n|-fail|p2a: Celesteela\n|move|p1a: Nito|Stealth Rock||[still]\n|-fail|p1a: Nito\n|\n|upkeep\n|turn|44\n|\n|t:|1700521814\n|move|p2a: Celesteela|Autotomize||[still]\n|-fail|p2a: Celesteela\n|move|p1a: Nito|Toxic|p2a: Celesteela\n|-immune|p2a: Celesteela\n|\n|upkeep\n|turn|45\n|c|\u2606Danwine|por eso odio el acero\n|\n|t:|1700521825\n|move|p2a: Celesteela|Autotomize||[still]\n|-fail|p2a: Celesteela\n|move|p1a: Nito|Toxic|p2a: Celesteela\n|-immune|p2a: Celesteela\n|\n|upkeep\n|turn|46\n|c| ericmont|dan\n|c| Void280|Retirate\n|c| lolowtf09|no\n|c| WSoldat|Pep atacalo tio\n|c| ericmont|Haz forfeit\n|c| lolowtf09|que sifra\n|c| ericmont|y ya\n|\n|t:|1700521838\n|move|p2a: Celesteela|Autotomize||[still]\n|-fail|p2a: Celesteela\n|move|p1a: Nito|Toxic|p2a: Celesteela\n|-immune|p2a: Celesteela\n|\n|upkeep\n|turn|47\n|c|\u2606Danwine|si pep\n|c| ericmont|no dejes que te vacile\n|c|\u2606Danwine|matame\n|c|\u2606Danwine|o no puedes?\n|c| RARMolina|Dan ya vete\n|c| ericmont|mira\n|c|\u2606PeppsiAsiEs|jijijiji\n|c| Insipido|Oye Dani\n|c| ericmont|te dijo q no tienes huevos a matarlo\n|c| lolowtf09|dale dan\n|c|\u2606PeppsiAsiEs|yo estoy hasta turno 1000\n|\n|t:|1700521859\n|move|p2a: Celesteela|Autotomize||[still]\n|-fail|p2a: Celesteela\n|move|p1a: Nito|Earthquake|p2a: Celesteela\n|-immune|p2a: Celesteela\n|\n|upkeep\n|turn|48\n|c| lolowtf09|se buguea y ganas\n|c|\u2606Danwine|tiene miedo el peque\u00f1o\n|c| Insipido|Para que es Pelipper si no tienes un Swift?\n|\n|t:|1700521871\n|move|p2a: Celesteela|Autotomize||[still]\n|-fail|p2a: Celesteela\n|move|p1a: Nito|Earthquake|p2a: Celesteela\n|-immune|p2a: Celesteela\n|\n|upkeep\n|turn|49\n|c| Void280|Dan, vete que solo estas perdiendo tiempo\n|c|\u2606Danwine|el tambien\n|c|\u2606PeppsiAsiEs|Chicos apuesten hasta que turno empezara a hacer struggle\n|c| ericmont|pero pep no hace nada\n|\n|t:|1700521889\n|move|p2a: Celesteela|Autotomize||[still]\n|-fail|p2a: Celesteela\n|move|p1a: Nito|Toxic|p2a: Celesteela\n|-immune|p2a: Celesteela\n|\n|upkeep\n|turn|50\n|c| Void280|El es lider, le da igual\n|c| ericmont|pep esta aburrido\n|c|\u2606Danwine|a mi igual, ma\u00f1ana lo puedo retar\n|c|\u2606PeppsiAsiEs|yo empiezo\n|c|\u2606PeppsiAsiEs|turno 5000\n|c| ericmont|Aprovechs el tiempo\n|c|\u2606Danwine|y el dia despues a ese\n|c|\u2606Danwine|y el dia despues a ese\n|c|\u2606Danwine|y asi\n|inactive|Danwine has 270 seconds left.\n|c| WSoldat|Lpm este cpmbate va a superar mi record grrrrr\n|c| Void280|No, a Sylveon empiezas ma\u00f1ana\n|c| RARMolina|Xd\n|\n|t:|1700521919\n|move|p2a: Celesteela|Autotomize||[still]\n|-fail|p2a: Celesteela\n|move|p1a: Nito|Toxic|p2a: Celesteela\n|-immune|p2a: Celesteela\n|\n|upkeep\n|turn|51\n|c| ericmont|Es facil\n|\n|t:|1700521924\n|move|p2a: Celesteela|Autotomize||[still]\n|-fail|p2a: Celesteela\n|move|p1a: Nito|Earthquake|p2a: Celesteela\n|-immune|p2a: Celesteela\n|\n|upkeep\n|turn|52\n|c|\u2606PeppsiAsiEs|este combate\n|c|\u2606PeppsiAsiEs|me revive las ganas de ser alto mando\n|c| Void280|Dos personas estanddo al pelo:\n|\n|t:|1700521941\n|move|p2a: Celesteela|Autotomize||[still]\n|-fail|p2a: Celesteela\n|move|p1a: Nito|Earthquake|p2a: Celesteela\n|-immune|p2a: Celesteela\n|\n|upkeep\n|turn|53\n|c|\u2606Danwine|matame pequepeo\n|c| ericmont|En el turno 91 empieza con struggle\n|\n|t:|1700521955\n|move|p2a: Celesteela|Autotomize||[still]\n|-fail|p2a: Celesteela\n|move|p1a: Nito|Earthquake|p2a: Celesteela\n|-immune|p2a: Celesteela\n|\n|upkeep\n|turn|54\n|\n|t:|1700521962\n|move|p2a: Celesteela|Autotomize||[still]\n|-fail|p2a: Celesteela\n|move|p1a: Nito|Toxic|p2a: Celesteela\n|-immune|p2a: Celesteela\n|\n|upkeep\n|turn|55\n|c|\u2606Danwine|terremoto sis pp\n|c| lolowtf09|que bonitos 100 turnos\n|c| RARMolina|Pep tiene corte a\u00e9reo\n|c|\u2606PeppsiAsiEs|pelea de esquizofrenicos\n|c| RARMolina|Xd\n|c| ericmont|ahora cambia\n|c| ericmont|Pep\n|c| ericmont|kejw\n|\n|t:|1700521976\n|move|p2a: Celesteela|Meteor Beam||[still]\n|-prepare|p2a: Celesteela|Meteor Beam\n|-boost|p2a: Celesteela|spa|0\n|move|p1a: Nito|Toxic|p2a: Celesteela\n|-immune|p2a: Celesteela\n|\n|upkeep\n|turn|56\n|\n|t:|1700521982\n|move|p2a: Celesteela|Meteor Beam|p1a: Nito|[from]lockedmove|[miss]\n|-miss|p2a: Celesteela|p1a: Nito\n|move|p1a: Nito|Toxic|p2a: Celesteela\n|-immune|p2a: Celesteela\n|\n|upkeep\n|turn|57\n|c| ericmont|XD\n|\n|t:|1700521988\n|move|p2a: Celesteela|Meteor Beam||[still]\n|-prepare|p2a: Celesteela|Meteor Beam\n|-boost|p2a: Celesteela|spa|0\n|move|p1a: Nito|Toxic|p2a: Celesteela\n|-immune|p2a: Celesteela\n|\n|upkeep\n|turn|58\n|\n|t:|1700521999\n|move|p2a: Celesteela|Meteor Beam|p1a: Nito|[from]lockedmove\n|-resisted|p1a: Nito\n|-damage|p1a: Nito|90\/100\n|move|p1a: Nito|Toxic|p2a: Celesteela\n|-immune|p2a: Celesteela\n|\n|-heal|p1a: Nito|96\/100|[from] item: Black Sludge\n|upkeep\n|turn|59\n|c| Insipido|Quieres llegar a los 60 turnos? Xd\n|c| ericmont|Dios\n|c| ericmont|cuanto da\u00f1o\n|c|\u2606Danwine|no puede matarme\n|\n|t:|1700522015\n|move|p2a: Celesteela|Meteor Beam||[still]\n|-prepare|p2a: Celesteela|Meteor Beam\n|-boost|p2a: Celesteela|spa|0\n|move|p1a: Nito|Toxic|p2a: Celesteela\n|-immune|p2a: Celesteela\n|\n|-heal|p1a: Nito|100\/100|[from] item: Black Sludge\n|upkeep\n|turn|60\n|l| Void280\n|\n|t:|1700522025\n|move|p2a: Celesteela|Meteor Beam|p1a: Nito|[from]lockedmove\n|-resisted|p1a: Nito\n|-damage|p1a: Nito|90\/100\n|move|p1a: Nito|Stealth Rock||[still]\n|-fail|p1a: Nito\n|\n|-heal|p1a: Nito|97\/100|[from] item: Black Sludge\n|upkeep\n|turn|61\n|c| Insipido|Tu tampoco puedes lmO\n|\n|t:|1700522033\n|move|p2a: Celesteela|Meteor Beam||[still]\n|-prepare|p2a: Celesteela|Meteor Beam\n|-boost|p2a: Celesteela|spa|0\n|move|p1a: Nito|Stealth Rock||[still]\n|-fail|p1a: Nito\n|\n|-heal|p1a: Nito|100\/100|[from] item: Black Sludge\n|upkeep\n|turn|62\n|c| ericmont|Al turno 91 empieza struggle\n|\n|t:|1700522040\n|move|p2a: Celesteela|Meteor Beam|p1a: Nito|[from]lockedmove\n|-resisted|p1a: Nito\n|-damage|p1a: Nito|91\/100\n|move|p1a: Nito|Stealth Rock||[still]\n|-fail|p1a: Nito\n|\n|-heal|p1a: Nito|97\/100|[from] item: Black Sludge\n|upkeep\n|turn|63\n|\n|t:|1700522049\n|move|p2a: Celesteela|Meteor Beam||[still]\n|-prepare|p2a: Celesteela|Meteor Beam\n|-boost|p2a: Celesteela|spa|0\n|move|p1a: Nito|Stealth Rock||[still]\n|-fail|p1a: Nito\n|\n|-heal|p1a: Nito|100\/100|[from] item: Black Sludge\n|upkeep\n|turn|64\n|\n|t:|1700522058\n|move|p2a: Celesteela|Meteor Beam|p1a: Nito|[from]lockedmove\n|-resisted|p1a: Nito\n|-damage|p1a: Nito|91\/100\n|move|p1a: Nito|Stealth Rock||[still]\n|-fail|p1a: Nito\n|\n|-heal|p1a: Nito|97\/100|[from] item: Black Sludge\n|upkeep\n|turn|65\n|c| Insipido|Pep tu jirachi tiene Zen Headbutt?\n|c|\u2606PeppsiAsiEs|si\n|\n|t:|1700522067\n|move|p2a: Celesteela|Meteor Beam||[still]\n|-prepare|p2a: Celesteela|Meteor Beam\n|-boost|p2a: Celesteela|spa|0\n|move|p1a: Nito|Stealth Rock||[still]\n|-fail|p1a: Nito\n|\n|-heal|p1a: Nito|100\/100|[from] item: Black Sludge\n|upkeep\n|turn|66\n|c| RARMolina|Xd\n|\n|t:|1700522074\n|move|p2a: Celesteela|Meteor Beam|p1a: Nito|[from]lockedmove\n|-resisted|p1a: Nito\n|-damage|p1a: Nito|91\/100\n|move|p1a: Nito|Stealth Rock||[still]\n|-fail|p1a: Nito\n|\n|-heal|p1a: Nito|97\/100|[from] item: Black Sludge\n|upkeep\n|turn|67\n|\n|t:|1700522081\n|move|p2a: Celesteela|Meteor Beam||[still]\n|-prepare|p2a: Celesteela|Meteor Beam\n|-boost|p2a: Celesteela|spa|0\n|move|p1a: Nito|Stealth Rock||[still]\n|-fail|p1a: Nito\n|\n|-heal|p1a: Nito|100\/100|[from] item: Black Sludge\n|upkeep\n|turn|68\n|j| Void280\n|\n|t:|1700522090\n|move|p2a: Celesteela|Meteor Beam|p1a: Nito|[from]lockedmove\n|-resisted|p1a: Nito\n|-damage|p1a: Nito|90\/100\n|move|p1a: Nito|Stealth Rock||[still]\n|-fail|p1a: Nito\n|\n|-heal|p1a: Nito|96\/100|[from] item: Black Sludge\n|upkeep\n|turn|69\n|c|\u2606PeppsiAsiEs|chales\n|c| Insipido|Entonces la estan alargando de puro gusto\n|c|\u2606PeppsiAsiEs|como que 32\n|c| ericmont|69\n|c| ericmont|Rico\n|\n|t:|1700522108\n|move|p2a: Celesteela|Meteor Beam||[still]\n|-prepare|p2a: Celesteela|Meteor Beam\n|-boost|p2a: Celesteela|spa|0\n|move|p1a: Nito|Stealth Rock||[still]\n|-fail|p1a: Nito\n|\n|-heal|p1a: Nito|100\/100|[from] item: Black Sludge\n|upkeep\n|turn|70\n|c| ericmont|Si pep\n|\n|t:|1700522114\n|move|p2a: Celesteela|Meteor Beam|p1a: Nito|[from]lockedmove\n|-resisted|p1a: Nito\n|-damage|p1a: Nito|90\/100\n|move|p1a: Nito|Stealth Rock||[still]\n|-fail|p1a: Nito\n|\n|-heal|p1a: Nito|96\/100|[from] item: Black Sludge\n|upkeep\n|turn|71\n|c| RARMolina|Pep podr\u00edas matar al clodsire con girachi no tiene nada que le haga da\u00f1o\n|c| ericmont|Te digo que hasta el 91\n|c| Arlo Ghost|al menos hey el dan orgullo ante todo\n|c| Arlo Ghost|sabe que perdi\u00f3\n|\n|t:|1700522129\n|move|p2a: Celesteela|Meteor Beam||[still]\n|-prepare|p2a: Celesteela|Meteor Beam\n|-boost|p2a: Celesteela|spa|0\n|move|p1a: Nito|Stealth Rock||[still]\n|-fail|p1a: Nito\n|\n|-heal|p1a: Nito|100\/100|[from] item: Black Sludge\n|upkeep\n|turn|72\n|c| Arlo Ghost|pero sigue sin abandonar\n|c|\u2606PeppsiAsiEs|quiero dejarlo traumado pa ma\u00f1ana\n|\n|t:|1700522139\n|move|p2a: Celesteela|Meteor Beam|p1a: Nito|[from]lockedmove\n|-resisted|p1a: Nito\n|-damage|p1a: Nito|91\/100\n|move|p1a: Nito|Stealth Rock||[still]\n|-fail|p1a: Nito\n|\n|-heal|p1a: Nito|97\/100|[from] item: Black Sludge\n|upkeep\n|turn|73\n|l| Gamer00ooO\n|c|\u2606PeppsiAsiEs|esa es la intenci\u00f3n de la elite 4\n|c| Void280|Le va a ir con rabia para Sylveon\n|c|\u2606PeppsiAsiEs|darte pesadillas\n|c|\u2606Danwine|na esto comparado al pinsir o hydreigon no es nada\n|\n|t:|1700522156\n|move|p2a: Celesteela|Flamethrower|p1a: Nito\n|-crit|p1a: Nito\n|-damage|p1a: Nito|75\/100\n|move|p1a: Nito|Stealth Rock||[still]\n|-fail|p1a: Nito\n|\n|-heal|p1a: Nito|82\/100|[from] item: Black Sludge\n|upkeep\n|turn|74\n|\n|t:|1700522166\n|move|p2a: Celesteela|Flamethrower|p1a: Nito\n|-damage|p1a: Nito|67\/100\n|move|p1a: Nito|Stealth Rock||[still]\n|-fail|p1a: Nito\n|\n|-heal|p1a: Nito|73\/100|[from] item: Black Sludge\n|upkeep\n|turn|75\n|\n|t:|1700522172\n|move|p2a: Celesteela|Flamethrower|p1a: Nito\n|-damage|p1a: Nito|59\/100\n|move|p1a: Nito|Stealth Rock||[still]\n|-fail|p1a: Nito\n|\n|-heal|p1a: Nito|65\/100|[from] item: Black Sludge\n|upkeep\n|turn|76\n|c| Insipido|Descarguen esto banda\n|c| ericmont|Como te va a dar problemas PINSIR\n|c| Arlo Ghost|luego pq considero a pep\n|c| Arlo Ghost|como el alto mando m\u00e1s complicado\n|c|\u2606PeppsiAsiEs|cuantos pp te quedan de stealth rock hijoeputa\n|\n|t:|1700522189\n|move|p2a: Celesteela|Flamethrower|p1a: Nito\n|-damage|p1a: Nito|50\/100\n|move|p1a: Nito|Recover|p1a: Nito\n|-heal|p1a: Nito|99\/100\n|\n|-heal|p1a: Nito|100\/100|[from] item: Black Sludge\n|upkeep\n|turn|77\n|c| ericmont|Pep\n|c|\u2606Danwine|por que si wey no manches sabes cuanta velocidad tiene?\n|c| Arlo Ghost|viendo su equipo\n|c| RARMolina|Xd\n|c| ericmont|Lo puedes mirar\n|c| ericmont|estupida\n|c| Arlo Ghost|un mega pinsir si le debe dar problemas\n|c|\u2606Danwine|y todavia tenia danza espada ese bicho\n|c|\u2606Danwine|que miedo\n|c| lolowtf09|pinsir esta comiendo palomitas ahora mismo\n|c| Void280|9 stealth y 5 recover\n|c| Arlo Ghost|aunque bueno\n|c| Arlo Ghost|con garga\n|\n|t:|1700522216\n|move|p2a: Celesteela|Flamethrower|p1a: Nito\n|-damage|p1a: Nito|86\/100\n|move|p1a: Nito|Stealth Rock||[still]\n|-fail|p1a: Nito\n|\n|-heal|p1a: Nito|92\/100|[from] item: Black Sludge\n|upkeep\n|turn|78\n|c| Arlo Ghost|deber\u00eda ser suficiente para un mega pinsir\n|c| ericmont|el garganacl se lo wallea\n|c| ericmont|xd\n|c|\u2606PeppsiAsiEs|como lo puedo mirar?\n|c| RARMolina|Lolo golisopod trajo un asado compartimos?\n|inactive|Danwine has 270 seconds left.\n|\n|t:|1700522235\n|move|p2a: Celesteela|Flamethrower|p1a: Nito\n|-damage|p1a: Nito|78\/100\n|move|p1a: Nito|Stealth Rock||[still]\n|-fail|p1a: Nito\n|\n|-heal|p1a: Nito|84\/100|[from] item: Black Sludge\n|upkeep\n|turn|79\n|c| ericmont|Dale al mon pep\n|c| ericmont|eres tonto\n|c|\u2606PeppsiAsiEs|no c mirarlo\n|c| Arlo Ghost|dale al pokemon pep\n|c|\u2606PeppsiAsiEs|ahhhhhhhh\n|c| Arlo Ghost|ah\u00ed te aparece un mini menu\n|c|\u2606PeppsiAsiEs|SE QUEDO SIN TERREMOTOS\n|c|\u2606PeppsiAsiEs|gane\n|c| Arlo Ghost|desde hace raaaaaaaaaaato\n|c| Void280|Ay dios\n|c| ericmont|Y SE DA CUENTA AHORA\n|\n|t:|1700522257\n|move|p2a: Celesteela|Flamethrower|p1a: Nito\n|-damage|p1a: Nito|69\/100\n|-status|p1a: Nito|brn\n|move|p1a: Nito|Stealth Rock||[still]\n|-fail|p1a: Nito\n|\n|-heal|p1a: Nito|75\/100 brn|[from] item: Black Sludge\n|-damage|p1a: Nito|69\/100 brn|[from] brn\n|upkeep\n|turn|80\n|c| Arlo Ghost|no tiene terremotos\n|c|\u2606Danwine|YA DESDE HACE RATO PEDAZO DE SUBNORMAL\n|c| Arlo Ghost|XD\n|c| Arlo Ghost|bueno\n|c| Arlo Ghost|al menos no te mata de un terremoto con esa quemadura\n|\n|t:|1700522270\n|move|p2a: Celesteela|Flamethrower|p1a: Nito\n|-damage|p1a: Nito|55\/100 brn\n|move|p1a: Nito|Stealth Rock||[still]\n|-fail|p1a: Nito\n|\n|-heal|p1a: Nito|61\/100 brn|[from] item: Black Sludge\n|-damage|p1a: Nito|55\/100 brn|[from] brn\n|upkeep\n|turn|81\n|c| ericmont|Que se mate por struggle pep\n|c| Void280|Lleva casi 20 turnos sin Terres\n|c| RARMolina|Xd\n|\n|t:|1700522278\n|move|p2a: Celesteela|Giga Drain|p1a: Nito\n|-damage|p1a: Nito|43\/100 brn\n|-heal|p2a: Celesteela|61\/100|[from] drain|[of] p1a: Nito\n|move|p1a: Nito|Recover|p1a: Nito\n|-heal|p1a: Nito|93\/100 brn\n|\n|-heal|p1a: Nito|99\/100 brn|[from] item: Black Sludge\n|-damage|p1a: Nito|93\/100 brn|[from] brn\n|upkeep\n|turn|82\n|c|\u2606PeppsiAsiEs|vamos quedate sin pp\n|\n|t:|1700522287\n|move|p2a: Celesteela|Giga Drain|p1a: Nito\n|-damage|p1a: Nito|80\/100 brn\n|-heal|p2a: Celesteela|70\/100|[from] drain|[of] p1a: Nito\n|move|p1a: Nito|Stealth Rock||[still]\n|-fail|p1a: Nito\n|\n|-heal|p1a: Nito|86\/100 brn|[from] item: Black Sludge\n|-damage|p1a: Nito|80\/100 brn|[from] brn\n|upkeep\n|turn|83\n|\n|t:|1700522296\n|move|p2a: Celesteela|Giga Drain|p1a: Nito\n|-damage|p1a: Nito|67\/100 brn\n|-heal|p2a: Celesteela|79\/100|[from] drain|[of] p1a: Nito\n|move|p1a: Nito|Recover|p1a: Nito\n|-heal|p1a: Nito|100\/100 brn\n|\n|-damage|p1a: Nito|94\/100 brn|[from] brn\n|upkeep\n|turn|84\n|c|\u2606PeppsiAsiEs|te matare a puro flamethrower\n|c|\u2606Danwine|es normal que este abuso me este gustando?\n|c| Arlo Ghost|aunque viendo bien\n|\n|t:|1700522309\n|move|p2a: Celesteela|Flamethrower|p1a: Nito\n|-damage|p1a: Nito|79\/100 brn\n|move|p1a: Nito|Stealth Rock||[still]\n|-fail|p1a: Nito\n|\n|-heal|p1a: Nito|85\/100 brn|[from] item: Black Sludge\n|-damage|p1a: Nito|79\/100 brn|[from] brn\n|upkeep\n|turn|85\n|c| RARMolina|Ya me falta poco\n|c| Arlo Ghost|de molina no pasa con ese equipo\n|c| ericmont|Bueno, ya casi llegamos al 91\n|\n|t:|1700522322\n|move|p2a: Celesteela|Flamethrower|p1a: Nito\n|-damage|p1a: Nito|64\/100 brn\n|move|p1a: Nito|Stealth Rock||[still]\n|-fail|p1a: Nito\n|\n|-heal|p1a: Nito|70\/100 brn|[from] item: Black Sludge\n|-damage|p1a: Nito|64\/100 brn|[from] brn\n|upkeep\n|turn|86\n|c| Arlo Ghost|salvo que sepa jugar super bien al volca\n|c| RARMolina|Xd\n|\n|t:|1700522331\n|move|p2a: Celesteela|Flamethrower|p1a: Nito\n|-damage|p1a: Nito|50\/100 brn\n|move|p1a: Nito|Recover|p1a: Nito\n|-heal|p1a: Nito|99\/100 brn\n|\n|-heal|p1a: Nito|100\/100 brn|[from] item: Black Sludge\n|-damage|p1a: Nito|94\/100 brn|[from] brn\n|upkeep\n|turn|87\n|c| lolowtf09|pasan del record de 96\n|c|\u2606Danwine|molina que tipo es?\n|c| Arlo Ghost|agua de agua\n|\n|t:|1700522347\n|move|p2a: Celesteela|Flamethrower|p1a: Nito\n|-damage|p1a: Nito|80\/100 brn\n|move|p1a: Nito|Stealth Rock||[still]\n|-fail|p1a: Nito\n|\n|-heal|p1a: Nito|86\/100 brn|[from] item: Black Sludge\n|-damage|p1a: Nito|80\/100 brn|[from] brn\n|upkeep\n|turn|88\n|c| RARMolina|Awa\n|c|\u2606Danwine|naaa si le gano\n|\n|t:|1700522354\n|move|p2a: Celesteela|Flamethrower|p1a: Nito\n|-damage|p1a: Nito|65\/100 brn\n|move|p1a: Nito|Stealth Rock||[still]\n|-fail|p1a: Nito\n|\n|-heal|p1a: Nito|71\/100 brn|[from] item: Black Sludge\n|-damage|p1a: Nito|65\/100 brn|[from] brn\n|upkeep\n|turn|89\n|c| ericmont|Si pep se pone a cambiar se llega al 97\n|c| Arlo Ghost|argumenta tu victoria\n|l| RARMolina\n|c| Void280|Se mata antes, no llega a 97\n|c|\u2606PeppsiAsiEs|vamos a terminar con estilo\n|\n|t:|1700522380\n|switch|p2a: Bisharp|Bisharp, F|100\/100\n|-damage|p2a: Bisharp|95\/100|[from] Stealth Rock\n|move|p1a: Nito|Recover|p1a: Nito\n|-heal|p1a: Nito|100\/100 brn\n|\n|-damage|p1a: Nito|94\/100 brn|[from] brn\n|upkeep\n|turn|90\n|c| Void280|Le quedan 2 Recover\n|c| Arlo Ghost|con estilo\n|c| Arlo Ghost|es ataque Z\n|c| Arlo Ghost|has el baile pep\n|\n|t:|1700522392\n|move|p2a: Bisharp|Knock Off|p1a: Nito\n|-damage|p1a: Nito|24\/100 brn\n|-enditem|p1a: Nito|Black Sludge|[from] move: Knock Off|[of] p2a: Bisharp\n|move|p1a: Nito|Recover|p1a: Nito\n|-heal|p1a: Nito|74\/100 brn\n|\n|-damage|p1a: Nito|68\/100 brn|[from] brn\n|upkeep\n|turn|91\n|c| Arlo Ghost|EL BAILE\n|c| ericmont|Nooo pep\n|\n|t:|1700522401\n|switch|p2a: Jirachi|Jirachi, shiny|100\/100\n|-damage|p2a: Jirachi|94\/100|[from] Stealth Rock\n|-activate|p1a: Nito|move: Struggle\n|move|p1a: Nito|Struggle|p2a: Jirachi\n|-damage|p2a: Jirachi|90\/100\n|-damage|p1a: Nito|43\/100 brn|[from] recoil\n|\n|-damage|p1a: Nito|36\/100 brn|[from] brn\n|upkeep\n|turn|92\n|c| ericmont|Deja que se mate solo\n|\n|t:|1700522410\n|switch|p2a: Celesteela|Celesteela|79\/100\n|-damage|p2a: Celesteela|67\/100|[from] Stealth Rock\n|-activate|p1a: Nito|move: Struggle\n|move|p1a: Nito|Struggle|p2a: Celesteela\n|-damage|p2a: Celesteela|63\/100\n|-damage|p1a: Nito|11\/100 brn|[from] recoil\n|\n|-damage|p1a: Nito|5\/100 brn|[from] brn\n|upkeep\n|turn|93\n|c|\u2606PeppsiAsiEs|que se muera por la quemadura\n|\n|t:|1700522418\n|switch|p2a: Bisharp|Bisharp, F|95\/100\n|-damage|p2a: Bisharp|89\/100|[from] Stealth Rock\n|-activate|p1a: Nito|move: Struggle\n|move|p1a: Nito|Struggle|p2a: Bisharp\n|-damage|p2a: Bisharp|83\/100\n|-damage|p1a: Nito|0 fnt|[from] recoil\n|faint|p1a: Nito\n|\n|win|PeppsiAsiEs\n|c| ericmont|Se muere por struggle\n|c| Void280|Dan se volvi\u00f3 Masoca\n|c|\u2606PeppsiAsiEs|XDDDDDDDDDDDDDDDD\n|j| RARMolina\n|c|\u2606Danwine|tremendo\n|c| lolowtf09|no pasaron el record\n|l| ericmont\n|c|\u2606Danwine|nooooo\n|c| Arlo Ghost|y eso que con volca\n|l| RARMolina\n|c| Insipido|Hab\u00eda un record?\n|c| Arlo Ghost|poder oculto tierra\n|c| Arlo Ghost|te com\u00edas a pep\n|l| Void280\n|c| Arlo Ghost|en ambos sentidos\n|l| lolowtf09\n|l| Arlo Ghost\n|l| WSoldat\n|c|\u2606Danwine|si es que me salio mal el predic\n|l|\u2606Danwine\n","uploadtime":1700522429,"views":10,"p1id":"danwine","p2id":"peppsiasies","formatid":"gen9nationaldex","rating":0,"private":0,"password":""}