{"id":"gen9nationaldex-1992247805","p1":"vicentfox","p2":"Amarutheone","format":"[Gen 9] National Dex","log":"|j|\u2606vicentfox\n|j|\u2606Amarutheone\n|t:|1700167476\n|gametype|singles\n|player|p1|vicentfox|pokemaniac|\n|player|p2|Amarutheone|hilbert-masters|\n|teamsize|p1|6\n|teamsize|p2|6\n|gen|9\n|tier|[Gen 9] National Dex\n|rule|HP Percentage Mod: HP is shown in percentages\n|rule|Endless Battle Clause: Forcing endless battles is banned\n|rule|OHKO Clause: OHKO moves are banned\n|rule|Evasion Clause: Evasion abilities, items, and moves are banned\n|rule|Evasion Abilities Clause: Evasion abilities are banned\n|rule|Evasion Items Clause: Evasion items are banned\n|rule|Evasion Moves Clause: Evasion moves are banned\n|rule|Species Clause: Limit one of each Pok\u00e9mon\n|rule|Sleep Clause Mod: Limit one foe put to sleep\n|clearpoke\n|poke|p1|Greninja-*, M|\n|poke|p1|Garchomp, M|\n|poke|p1|Xurkitree|\n|poke|p1|Charizard, M|\n|poke|p1|Blissey, F|\n|poke|p1|Hawlucha, M|\n|poke|p2|Sceptile, M|\n|poke|p2|Meowstic, M|\n|poke|p2|Seismitoad, M|\n|poke|p2|Lucario, M|\n|poke|p2|Decidueye, M|\n|poke|p2|Tapu Koko|\n|teampreview\n|\n|t:|1700167493\n|start\n|switch|p1a: Xurkitree|Xurkitree|100\/100\n|switch|p2a: Leonidas|Seismitoad, M|100\/100\n|turn|1\n|\n|t:|1700167501\n|-terastallize|p1a: Xurkitree|Electric\n|move|p1a: Xurkitree|Volt Switch|p2a: Leonidas\n|-immune|p2a: Leonidas\n|move|p2a: Leonidas|Earthquake|p1a: Xurkitree\n|-supereffective|p1a: Xurkitree\n|-damage|p1a: Xurkitree|0 fnt\n|faint|p1a: Xurkitree\n|\n|upkeep\n|\n|t:|1700167511\n|switch|p1a: Garchomp|Garchomp, M|100\/100\n|turn|2\n|\n|t:|1700167515\n|move|p1a: Garchomp|Stealth Rock|p2a: Leonidas\n|-sidestart|p2: Amarutheone|move: Stealth Rock\n|move|p2a: Leonidas|Toxic|p1a: Garchomp\n|-status|p1a: Garchomp|tox\n|\n|-damage|p1a: Garchomp|94\/100 tox|[from] psn\n|upkeep\n|turn|3\n|\n|t:|1700167524\n|-zpower|p1a: Garchomp\n|move|p1a: Garchomp|Devastating Drake|p2a: Leonidas|[zeffect]\n|-damage|p2a: Leonidas|36\/100\n|move|p2a: Leonidas|Stealth Rock|p1a: Garchomp\n|-sidestart|p1: vicentfox|move: Stealth Rock\n|\n|-heal|p2a: Leonidas|42\/100|[from] item: Leftovers\n|-damage|p1a: Garchomp|82\/100 tox|[from] psn\n|upkeep\n|turn|4\n|\n|t:|1700167535\n|switch|p2a: Nikola Tesla|Tapu Koko|100\/100\n|-damage|p2a: Nikola Tesla|88\/100|[from] Stealth Rock\n|-fieldstart|move: Electric Terrain|[from] ability: Electric Surge|[of] p2a: Nikola Tesla\n|move|p1a: Garchomp|Dragon Claw|p2a: Nikola Tesla\n|-immune|p2a: Nikola Tesla\n|\n|-damage|p1a: Garchomp|64\/100 tox|[from] psn\n|upkeep\n|turn|5\n|\n|t:|1700167546\n|move|p2a: Nikola Tesla|Dazzling Gleam|p1a: Garchomp\n|-supereffective|p1a: Garchomp\n|-damage|p1a: Garchomp|1\/100 tox\n|move|p1a: Garchomp|Earthquake|p2a: Nikola Tesla\n|-supereffective|p2a: Nikola Tesla\n|-damage|p2a: Nikola Tesla|0 fnt\n|faint|p2a: Nikola Tesla\n|\n|-damage|p1a: Garchomp|0 fnt|[from] psn\n|faint|p1a: Garchomp\n|upkeep\n|\n|t:|1700167556\n|switch|p2a: Decidueye|Decidueye, M|100\/100\n|switch|p1a: Hawlucha|Hawlucha, M|100\/100\n|-damage|p1a: Hawlucha|88\/100|[from] Stealth Rock\n|-damage|p2a: Decidueye|88\/100|[from] Stealth Rock\n|turn|6\n|\n|t:|1700167564\n|-terastallize|p2a: Decidueye|Ghost\n|move|p1a: Hawlucha|Flying Press|p2a: Decidueye\n|-immune|p2a: Decidueye\n|move|p2a: Decidueye|Poltergeist|p1a: Hawlucha\n|-activate|p1a: Hawlucha|move: Poltergeist|Choice Band\n|-damage|p1a: Hawlucha|0 fnt\n|faint|p1a: Hawlucha\n|\n|upkeep\n|\n|t:|1700167575\n|switch|p1a: Blissey|Blissey, F|100\/100\n|-damage|p1a: Blissey|88\/100|[from] Stealth Rock\n|turn|7\n|\n|t:|1700167581\n|move|p1a: Blissey|Protect|p1a: Blissey\n|-singleturn|p1a: Blissey|Protect\n|move|p2a: Decidueye|Leaf Blade|p1a: Blissey\n|-activate|p1a: Blissey|move: Protect\n|\n|-heal|p1a: Blissey|94\/100|[from] item: Leftovers\n|upkeep\n|turn|8\n|\n|t:|1700167588\n|switch|p2a: Satoshi|Lucario, M|100\/100\n|-damage|p2a: Satoshi|98\/100|[from] Stealth Rock\n|move|p1a: Blissey|Seismic Toss|p2a: Satoshi\n|-damage|p2a: Satoshi|62\/100\n|\n|-heal|p1a: Blissey|99\/100|[from] item: Leftovers\n|-fieldend|move: Electric Terrain\n|upkeep\n|turn|9\n|\n|t:|1700167597\n|move|p1a: Blissey|Protect|p1a: Blissey\n|-singleturn|p1a: Blissey|Protect\n|move|p2a: Satoshi|Close Combat|p1a: Blissey\n|-activate|p1a: Blissey|move: Protect\n|\n|-heal|p1a: Blissey|100\/100|[from] item: Leftovers\n|upkeep\n|turn|10\n|\n|t:|1700167608\n|switch|p1a: Charizard|Charizard, M, shiny|100\/100\n|-damage|p1a: Charizard|51\/100|[from] Stealth Rock\n|move|p2a: Satoshi|Close Combat|p1a: Charizard\n|-resisted|p1a: Charizard\n|-damage|p1a: Charizard|0 fnt\n|-unboost|p2a: Satoshi|def|1\n|-unboost|p2a: Satoshi|spd|1\n|faint|p1a: Charizard\n|-damage|p2a: Satoshi|52\/100|[from] item: Life Orb\n|\n|upkeep\n|\n|t:|1700167619\n|switch|p1a: Blissey|Blissey, F|100\/100\n|-damage|p1a: Blissey|88\/100|[from] Stealth Rock\n|turn|11\n|\n|t:|1700167624\n|move|p1a: Blissey|Protect|p1a: Blissey\n|-singleturn|p1a: Blissey|Protect\n|move|p2a: Satoshi|Close Combat|p1a: Blissey\n|-activate|p1a: Blissey|move: Protect\n|\n|-heal|p1a: Blissey|94\/100|[from] item: Leftovers\n|upkeep\n|turn|12\n|\n|t:|1700167631\n|move|p2a: Satoshi|Close Combat|p1a: Blissey\n|-supereffective|p1a: Blissey\n|-damage|p1a: Blissey|0 fnt\n|-unboost|p2a: Satoshi|def|1\n|-unboost|p2a: Satoshi|spd|1\n|faint|p1a: Blissey\n|-damage|p2a: Satoshi|42\/100|[from] item: Life Orb\n|\n|upkeep\n|\n|t:|1700167639\n|switch|p1a: Greninja|Greninja, M, shiny|100\/100\n|-damage|p1a: Greninja|88\/100|[from] Stealth Rock\n|turn|13\n|\n|t:|1700167644\n|switch|p2a: Leonidas|Seismitoad, M|42\/100\n|-damage|p2a: Leonidas|36\/100|[from] Stealth Rock\n|move|p1a: Greninja|Ice Beam|p2a: Leonidas\n|-start|p1a: Greninja|typechange|Ice|[from] ability: Protean\n|-damage|p2a: Leonidas|0 fnt\n|faint|p2a: Leonidas\n|-damage|p1a: Greninja|78\/100|[from] item: Life Orb\n|\n|upkeep\n|\n|t:|1700167652\n|switch|p2a: Satoshi|Lucario, M|42\/100\n|-damage|p2a: Satoshi|39\/100|[from] Stealth Rock\n|turn|14\n|\n|t:|1700167657\n|move|p1a: Greninja|Grass Knot|p2a: Satoshi\n|-resisted|p2a: Satoshi\n|-damage|p2a: Satoshi|14\/100\n|-damage|p1a: Greninja|69\/100|[from] item: Life Orb\n|move|p2a: Satoshi|Blaze Kick|p1a: Greninja\n|-supereffective|p1a: Greninja\n|-damage|p1a: Greninja|0 fnt\n|faint|p1a: Greninja\n|-damage|p2a: Satoshi|4\/100|[from] item: Life Orb\n|\n|win|Amarutheone\n|l|\u2606vicentfox\n","uploadtime":1700168604,"views":6,"p1id":"vicentfox","p2id":"amarutheone","formatid":"gen9nationaldex","rating":0,"private":0,"password":""}