{"id":"gen9nationaldex-1995357231","p1":"kimi777","p2":"Cropptown","format":"[Gen 9] National Dex","log":"|html|<div class=\"broadcast-blue\"><strong>[Gen 9] National Dex is currently suspecting Sneasler! For information on how to participate check out the <a href=\"https:\/\/www.smogon.com\/forums\/threads\/sv-national-dex-suspect-8-just-dance.3731534\/\">suspect thread<\/a>.<\/strong><\/div>\n|j|\u2606kimi777\n|j|\u2606Cropptown\n|t:|1700559257\n|gametype|singles\n|player|p1|kimi777|giovanni|1375\n|player|p2|Cropptown|170|1262\n|teamsize|p1|6\n|teamsize|p2|6\n|gen|9\n|tier|[Gen 9] National Dex\n|rated|\n|rule|HP Percentage Mod: HP is shown in percentages\n|rule|Endless Battle Clause: Forcing endless battles is banned\n|rule|OHKO Clause: OHKO moves are banned\n|rule|Evasion Clause: Evasion abilities, items, and moves are banned\n|rule|Evasion Abilities Clause: Evasion abilities are banned\n|rule|Evasion Items Clause: Evasion items are banned\n|rule|Evasion Moves Clause: Evasion moves are banned\n|rule|Species Clause: Limit one of each Pok\u00e9mon\n|rule|Sleep Clause Mod: Limit one foe put to sleep\n|clearpoke\n|poke|p1|Farigiraf, F|\n|poke|p1|Tyrantrum, F|\n|poke|p1|Beedrill, M|\n|poke|p1|Chesnaught, M|\n|poke|p1|Wailord, F|\n|poke|p1|Quaquaval, M|\n|poke|p2|Diancie|\n|poke|p2|Chandelure, M|\n|poke|p2|Hippowdon, F|\n|poke|p2|Corviknight, F|\n|poke|p2|Glaceon, M|\n|poke|p2|Dracozolt|\n|teampreview\n|inactive|Battle timer is ON: inactive players will automatically lose when time's up. (requested by kimi777)\n|\n|t:|1700559278\n|start\n|switch|p1a: Wailord|Wailord, F, shiny|100\/100\n|switch|p2a: Corviknight|Corviknight, F|100\/100\n|-ability|p1a: Wailord|Pressure\n|turn|1\n|\n|t:|1700559285\n|-terastallize|p1a: Wailord|Water\n|move|p1a: Wailord|Water Spout|p2a: Corviknight\n|-crit|p2a: Corviknight\n|-damage|p2a: Corviknight|0 fnt\n|faint|p2a: Corviknight\n|\n|upkeep\n|\n|t:|1700559305\n|switch|p2a: Hippowdon|Hippowdon, F|100\/100\n|-weather|Sandstorm|[from] ability: Sand Stream|[of] p2a: Hippowdon\n|turn|2\n|l|\u2606kimi777\n|inactive|kimi777 disconnected and has a minute to reconnect!\n|player|p1|\n|j|\u2606kimi777\n|inactive|kimi777 reconnected and has 140 seconds left.\n|player|p1|kimi777|giovanni\n|\n|t:|1700559318\n|switch|p2a: Glaceon|Glaceon, M|100\/100\n|move|p1a: Wailord|Water Spout|p2a: Glaceon\n|-damage|p2a: Glaceon|38\/100\n|\n|-weather|Sandstorm|[upkeep]\n|-damage|p1a: Wailord|94\/100|[from] Sandstorm\n|-damage|p2a: Glaceon|32\/100|[from] Sandstorm\n|-heal|p2a: Glaceon|38\/100|[from] item: Leftovers\n|upkeep\n|turn|3\n|\n|t:|1700559328\n|move|p2a: Glaceon|Protect|p2a: Glaceon\n|-singleturn|p2a: Glaceon|Protect\n|move|p1a: Wailord|Water Spout|p2a: Glaceon\n|-activate|p2a: Glaceon|move: Protect\n|\n|-weather|Sandstorm|[upkeep]\n|-damage|p1a: Wailord|88\/100|[from] Sandstorm\n|-damage|p2a: Glaceon|32\/100|[from] Sandstorm\n|-heal|p2a: Glaceon|38\/100|[from] item: Leftovers\n|upkeep\n|turn|4\n|\n|t:|1700559332\n|move|p1a: Wailord|Water Spout|p2a: Glaceon\n|-damage|p2a: Glaceon|0 fnt\n|faint|p2a: Glaceon\n|\n|-weather|Sandstorm|[upkeep]\n|-damage|p1a: Wailord|82\/100|[from] Sandstorm\n|upkeep\n|\n|t:|1700559335\n|switch|p2a: Dracozolt|Dracozolt|100\/100\n|turn|5\n|\n|t:|1700559341\n|switch|p1a: Chesnaught|Chesnaught, M, shiny|100\/100\n|-terastallize|p2a: Dracozolt|Electric\n|move|p2a: Dracozolt|Bolt Beak|p1a: Chesnaught\n|-resisted|p1a: Chesnaught\n|-damage|p1a: Chesnaught|61\/100\n|\n|-weather|Sandstorm|[upkeep]\n|-damage|p1a: Chesnaught|55\/100|[from] Sandstorm\n|-heal|p1a: Chesnaught|61\/100|[from] item: Leftovers\n|upkeep\n|turn|6\n|\n|t:|1700559354\n|switch|p2a: Chandelure|Chandelure, M|100\/100\n|move|p1a: Chesnaught|Body Press|p2a: Chandelure\n|-immune|p2a: Chandelure\n|\n|-weather|none\n|-heal|p1a: Chesnaught|67\/100|[from] item: Leftovers\n|upkeep\n|turn|7\n|\n|t:|1700559364\n|move|p2a: Chandelure|Psychic|p1a: Chesnaught\n|-supereffective|p1a: Chesnaught\n|-damage|p1a: Chesnaught|0 fnt\n|faint|p1a: Chesnaught\n|\n|upkeep\n|\n|t:|1700559366\n|switch|p1a: Wailord|Wailord, F, shiny, tera:Water|82\/100\n|-ability|p1a: Wailord|Pressure\n|turn|8\n|\n|t:|1700559370\n|move|p2a: Chandelure|Psychic|p1a: Wailord\n|-damage|p1a: Wailord|36\/100\n|move|p1a: Wailord|Scald|p2a: Chandelure\n|-supereffective|p2a: Chandelure\n|-damage|p2a: Chandelure|0 fnt\n|faint|p2a: Chandelure\n|\n|upkeep\n|\n|t:|1700559377\n|switch|p2a: Hippowdon|Hippowdon, F|100\/100\n|-weather|Sandstorm|[from] ability: Sand Stream|[of] p2a: Hippowdon\n|turn|9\n|\n|t:|1700559384\n|switch|p2a: Diancie|Diancie|100\/100\n|move|p1a: Wailord|Scald|p2a: Diancie\n|-supereffective|p2a: Diancie\n|-damage|p2a: Diancie|40\/100\n|\n|-weather|Sandstorm|[upkeep]\n|-damage|p1a: Wailord|29\/100|[from] Sandstorm\n|upkeep\n|turn|10\n|\n|t:|1700559394\n|detailschange|p2a: Diancie|Diancie-Mega\n|-mega|p2a: Diancie|Diancie|Diancite\n|move|p1a: Wailord|Scald|p2a: Diancie\n|-supereffective|p2a: Diancie\n|-damage|p2a: Diancie|0 fnt\n|faint|p2a: Diancie\n|\n|-weather|Sandstorm|[upkeep]\n|-damage|p1a: Wailord|23\/100|[from] Sandstorm\n|upkeep\n|\n|t:|1700559398\n|switch|p2a: Dracozolt|Dracozolt, tera:Electric|100\/100\n|turn|11\n|\n|t:|1700559401\n|move|p2a: Dracozolt|Bolt Beak|p1a: Wailord\n|-supereffective|p1a: Wailord\n|-damage|p1a: Wailord|0 fnt\n|faint|p1a: Wailord\n|\n|-weather|Sandstorm|[upkeep]\n|upkeep\n|\n|t:|1700559407\n|switch|p1a: Farigiraf|Farigiraf, F, shiny|100\/100\n|turn|12\n|\n|t:|1700559411\n|move|p1a: Farigiraf|Protect|p1a: Farigiraf\n|-singleturn|p1a: Farigiraf|Protect\n|move|p2a: Dracozolt|Bolt Beak|p1a: Farigiraf\n|-activate|p1a: Farigiraf|move: Protect\n|\n|-weather|Sandstorm|[upkeep]\n|-damage|p1a: Farigiraf|94\/100|[from] Sandstorm\n|-heal|p1a: Farigiraf|100\/100|[from] item: Leftovers\n|upkeep\n|turn|13\n|\n|t:|1700559415\n|move|p2a: Dracozolt|Bolt Beak|p1a: Farigiraf\n|-damage|p1a: Farigiraf|33\/100\n|move|p1a: Farigiraf|Wish|p1a: Farigiraf\n|\n|-weather|none\n|-heal|p1a: Farigiraf|39\/100|[from] item: Leftovers\n|upkeep\n|turn|14\n|\n|t:|1700559422\n|switch|p2a: Hippowdon|Hippowdon, F|100\/100\n|-weather|Sandstorm|[from] ability: Sand Stream|[of] p2a: Hippowdon\n|move|p1a: Farigiraf|Protect||[still]\n|-fail|p1a: Farigiraf\n|\n|-weather|Sandstorm|[upkeep]\n|-damage|p1a: Farigiraf|33\/100|[from] Sandstorm\n|-heal|p1a: Farigiraf|83\/100|[from] move: Wish|[wisher] Farigiraf\n|-heal|p1a: Farigiraf|89\/100|[from] item: Leftovers\n|upkeep\n|turn|15\n|\n|t:|1700559429\n|move|p1a: Farigiraf|Hyper Voice|p2a: Hippowdon\n|-damage|p2a: Hippowdon|74\/100\n|move|p2a: Hippowdon|Yawn|p1a: Farigiraf\n|-start|p1a: Farigiraf|move: Yawn|[of] p2a: Hippowdon\n|\n|-weather|Sandstorm|[upkeep]\n|-damage|p1a: Farigiraf|83\/100|[from] Sandstorm\n|-heal|p1a: Farigiraf|89\/100|[from] item: Leftovers\n|-heal|p2a: Hippowdon|81\/100|[from] item: Leftovers\n|upkeep\n|turn|16\n|\n|t:|1700559435\n|switch|p1a: Quaquaval|Quaquaval, M, shiny|100\/100\n|move|p2a: Hippowdon|Earthquake|p1a: Quaquaval\n|-damage|p1a: Quaquaval|51\/100\n|\n|-weather|Sandstorm|[upkeep]\n|-damage|p1a: Quaquaval|45\/100|[from] Sandstorm\n|-heal|p2a: Hippowdon|87\/100|[from] item: Leftovers\n|upkeep\n|turn|17\n|\n|t:|1700559445\n|switch|p2a: Dracozolt|Dracozolt, tera:Electric|100\/100\n|move|p1a: Quaquaval|Aqua Step|p2a: Dracozolt\n|-damage|p2a: Dracozolt|57\/100\n|-boost|p1a: Quaquaval|spe|1\n|\n|-weather|Sandstorm|[upkeep]\n|-damage|p1a: Quaquaval|39\/100|[from] Sandstorm\n|upkeep\n|turn|18\n|\n|t:|1700559449\n|move|p1a: Quaquaval|Aqua Jet|p2a: Dracozolt\n|-damage|p2a: Dracozolt|36\/100\n|move|p2a: Dracozolt|Bolt Beak|p1a: Quaquaval\n|-supereffective|p1a: Quaquaval\n|-damage|p1a: Quaquaval|0 fnt\n|faint|p1a: Quaquaval\n|\n|-weather|none\n|upkeep\n|\n|t:|1700559452\n|switch|p1a: Beedrill|Beedrill, M|100\/100\n|turn|19\n|\n|t:|1700559456\n|switch|p2a: Hippowdon|Hippowdon, F|87\/100\n|-weather|Sandstorm|[from] ability: Sand Stream|[of] p2a: Hippowdon\n|detailschange|p1a: Beedrill|Beedrill-Mega, M\n|-mega|p1a: Beedrill|Beedrill|Beedrillite\n|move|p1a: Beedrill|U-turn|p2a: Hippowdon\n|-damage|p2a: Hippowdon|52\/100\n|\n|t:|1700559458\n|switch|p1a: Tyrantrum|Tyrantrum, F, shiny|100\/100|[from] U-turn\n|\n|-weather|Sandstorm|[upkeep]\n|-heal|p2a: Hippowdon|58\/100|[from] item: Leftovers\n|upkeep\n|turn|20\n|\n|t:|1700559465\n|move|p1a: Tyrantrum|Dragon Dance|p1a: Tyrantrum\n|-boost|p1a: Tyrantrum|atk|1\n|-boost|p1a: Tyrantrum|spe|1\n|move|p2a: Hippowdon|Earthquake|p1a: Tyrantrum\n|-supereffective|p1a: Tyrantrum\n|-damage|p1a: Tyrantrum|26\/100\n|\n|-weather|Sandstorm|[upkeep]\n|-heal|p2a: Hippowdon|64\/100|[from] item: Leftovers\n|upkeep\n|turn|21\n|\n|t:|1700559469\n|move|p1a: Tyrantrum|Earthquake|p2a: Hippowdon\n|-damage|p2a: Hippowdon|27\/100\n|move|p2a: Hippowdon|Earthquake|p1a: Tyrantrum\n|-supereffective|p1a: Tyrantrum\n|-damage|p1a: Tyrantrum|0 fnt\n|faint|p1a: Tyrantrum\n|\n|-weather|Sandstorm|[upkeep]\n|-heal|p2a: Hippowdon|33\/100|[from] item: Leftovers\n|upkeep\n|\n|t:|1700559471\n|switch|p1a: Farigiraf|Farigiraf, F, shiny|89\/100\n|turn|22\n|\n|t:|1700559474\n|move|p1a: Farigiraf|Hyper Voice|p2a: Hippowdon\n|-damage|p2a: Hippowdon|10\/100\n|move|p2a: Hippowdon|Yawn|p1a: Farigiraf\n|-start|p1a: Farigiraf|move: Yawn|[of] p2a: Hippowdon\n|\n|-weather|Sandstorm|[upkeep]\n|-damage|p1a: Farigiraf|83\/100|[from] Sandstorm\n|-heal|p1a: Farigiraf|89\/100|[from] item: Leftovers\n|-heal|p2a: Hippowdon|16\/100|[from] item: Leftovers\n|upkeep\n|turn|23\n|\n|t:|1700559478\n|move|p1a: Farigiraf|Hyper Voice|p2a: Hippowdon\n|-damage|p2a: Hippowdon|0 fnt\n|faint|p2a: Hippowdon\n|\n|-weather|none\n|-heal|p1a: Farigiraf|95\/100|[from] item: Leftovers\n|-end|p1a: Farigiraf|move: Yawn|[silent]\n|-status|p1a: Farigiraf|slp\n|upkeep\n|\n|t:|1700559481\n|switch|p2a: Dracozolt|Dracozolt, tera:Electric|36\/100\n|turn|24\n|\n|t:|1700559484\n|move|p2a: Dracozolt|Bolt Beak|p1a: Farigiraf\n|-damage|p1a: Farigiraf|32\/100 slp\n|cant|p1a: Farigiraf|slp\n|\n|-heal|p1a: Farigiraf|38\/100 slp|[from] item: Leftovers\n|upkeep\n|turn|25\n|\n|t:|1700559487\n|move|p2a: Dracozolt|Bolt Beak|p1a: Farigiraf\n|-crit|p1a: Farigiraf\n|-damage|p1a: Farigiraf|0 fnt\n|faint|p1a: Farigiraf\n|\n|upkeep\n|\n|t:|1700559490\n|switch|p1a: Beedrill|Beedrill-Mega, M|100\/100\n|turn|26\n|\n|t:|1700559491\n|move|p1a: Beedrill|U-turn|p2a: Dracozolt\n|-damage|p2a: Dracozolt|0 fnt\n|faint|p2a: Dracozolt\n|\n|win|kimi777\n|raw|kimi777's rating: 1375 &rarr; <strong>1389<\/strong><br \/>(+14 for winning)\n|raw|Cropptown's rating: 1262 &rarr; <strong>1245<\/strong><br \/>(-17 for losing)\n|l|\u2606Cropptown\n","uploadtime":1700559602,"views":4,"p1id":"kimi777","p2id":"cropptown","formatid":"gen9nationaldex","rating":1245,"private":0,"password":""}