{"id":"gen9nationaldex-1991331389","p1":"HitsuxHitsu","p2":"Rafal1133","format":"[Gen 9] National Dex","log":"|j|\u2606HitsuxHitsu\n|j|\u2606Rafal1133\n|t:|1700068250\n|gametype|singles\n|player|p1|HitsuxHitsu|1|\n|player|p2|Rafal1133|170|\n|teamsize|p1|6\n|teamsize|p2|6\n|gen|9\n|tier|[Gen 9] National Dex\n|rule|HP Percentage Mod: HP is shown in percentages\n|rule|Endless Battle Clause: Forcing endless battles is banned\n|rule|OHKO Clause: OHKO moves are banned\n|rule|Evasion Clause: Evasion abilities, items, and moves are banned\n|rule|Evasion Abilities Clause: Evasion abilities are banned\n|rule|Evasion Items Clause: Evasion items are banned\n|rule|Evasion Moves Clause: Evasion moves are banned\n|rule|Species Clause: Limit one of each Pok\u00e9mon\n|rule|Sleep Clause Mod: Limit one foe put to sleep\n|clearpoke\n|poke|p1|Cresselia, F|\n|poke|p1|Audino, F|\n|poke|p1|Gliscor, M|\n|poke|p1|Bronzong|\n|poke|p1|Vaporeon, F|\n|poke|p1|Arbok, M|\n|poke|p2|Scream Tail|\n|poke|p2|Staraptor, F|\n|poke|p2|Salazzle, F|\n|poke|p2|Ampharos, F|\n|poke|p2|Cryogonal|\n|poke|p2|Spidops, F|\n|teampreview\n|c|\u2606Rafal1133|glgl\n|c|\u2606HitsuxHitsu|hfhf\n|\n|t:|1700068312\n|start\n|switch|p1a: kcoR ehT IhccoB|Arbok, M, shiny|100\/100\n|switch|p2a: Scream Tail|Scream Tail|100\/100\n|-ability|p1a: kcoR ehT IhccoB|Intimidate|boost\n|-unboost|p2a: Scream Tail|atk|1\n|turn|1\n|\n|t:|1700068325\n|-end|p2a: Scream Tail|Protosynthesis|[silent]\n|switch|p2a: Spidops|Spidops, F|100\/100\n|switch|p1a: Bocchi The Snore|Cresselia, F|100\/100\n|\n|upkeep\n|turn|2\n|\n|t:|1700068331\n|switch|p1a: kcoR ehT IhccoB|Arbok, M, shiny|100\/100\n|-ability|p1a: kcoR ehT IhccoB|Intimidate|boost\n|-unboost|p2a: Spidops|atk|1\n|move|p2a: Spidops|Sticky Web|p1a: kcoR ehT IhccoB\n|-sidestart|p1: HitsuxHitsu|move: Sticky Web\n|\n|upkeep\n|turn|3\n|\n|t:|1700068337\n|move|p1a: kcoR ehT IhccoB|Coil|p1a: kcoR ehT IhccoB\n|-boost|p1a: kcoR ehT IhccoB|atk|1\n|-boost|p1a: kcoR ehT IhccoB|def|1\n|-boost|p1a: kcoR ehT IhccoB|accuracy|1\n|move|p2a: Spidops|Circle Throw|p1a: kcoR ehT IhccoB\n|-resisted|p1a: kcoR ehT IhccoB\n|-crit|p1a: kcoR ehT IhccoB\n|-damage|p1a: kcoR ehT IhccoB|84\/100\n|drag|p1a: Bocchi The Claw|Gliscor, M|100\/100\n|\n|-status|p1a: Bocchi The Claw|tox|[from] item: Toxic Orb\n|upkeep\n|turn|4\n|\n|t:|1700068343\n|switch|p2a: Cryogonal|Cryogonal|100\/100\n|move|p1a: Bocchi The Claw|Spikes|p2a: Cryogonal\n|-sidestart|p2: Rafal1133|Spikes\n|\n|upkeep\n|turn|5\n|\n|t:|1700068351\n|switch|p1a: Bocchi The Snore|Cresselia, F|100\/100\n|move|p2a: Cryogonal|Rapid Spin|p1a: Bocchi The Snore\n|-damage|p1a: Bocchi The Snore|97\/100\n|-boost|p2a: Cryogonal|spe|1\n|-sideend|p2: Rafal1133|Spikes|[from] move: Rapid Spin|[of] p2a: Cryogonal\n|\n|-heal|p1a: Bocchi The Snore|100\/100|[from] item: Leftovers\n|upkeep\n|turn|6\n|\n|t:|1700068357\n|switch|p2a: Scream Tail|Scream Tail|100\/100\n|move|p1a: Bocchi The Snore|Calm Mind|p1a: Bocchi The Snore\n|-boost|p1a: Bocchi The Snore|spa|1\n|-boost|p1a: Bocchi The Snore|spd|1\n|\n|upkeep\n|turn|7\n|\n|t:|1700068360\n|move|p2a: Scream Tail|Thunder Wave|p1a: Bocchi The Snore\n|-status|p1a: Bocchi The Snore|par\n|move|p1a: Bocchi The Snore|Toxic|p2a: Scream Tail\n|-status|p2a: Scream Tail|tox\n|\n|-damage|p2a: Scream Tail|94\/100 tox|[from] psn\n|upkeep\n|turn|8\n|\n|t:|1700068367\n|move|p2a: Scream Tail|Wish|p2a: Scream Tail\n|move|p1a: Bocchi The Snore|Calm Mind|p1a: Bocchi The Snore\n|-boost|p1a: Bocchi The Snore|spa|1\n|-boost|p1a: Bocchi The Snore|spd|1\n|\n|-heal|p2a: Scream Tail|100\/100 tox|[from] item: Leftovers\n|-damage|p2a: Scream Tail|88\/100 tox|[from] psn\n|upkeep\n|turn|9\n|\n|t:|1700068370\n|-end|p2a: Scream Tail|Protosynthesis|[silent]\n|switch|p2a: Staraptor|Staraptor, F|100\/100\n|move|p1a: Bocchi The Snore|Calm Mind|p1a: Bocchi The Snore\n|-boost|p1a: Bocchi The Snore|spa|1\n|-boost|p1a: Bocchi The Snore|spd|1\n|\n|upkeep\n|turn|10\n|\n|t:|1700068416\n|move|p2a: Staraptor|Brave Bird|p1a: Bocchi The Snore\n|-damage|p1a: Bocchi The Snore|51\/100 par\n|-damage|p2a: Staraptor|77\/100|[from] Recoil\n|-damage|p2a: Staraptor|67\/100|[from] item: Life Orb\n|move|p1a: Bocchi The Snore|Moonlight|p1a: Bocchi The Snore\n|-heal|p1a: Bocchi The Snore|100\/100 par\n|\n|upkeep\n|turn|11\n|\n|t:|1700068424\n|switch|p1a: Bocchi The Ball|Bronzong|100\/100\n|move|p2a: Staraptor|Double-Edge|p1a: Bocchi The Ball\n|-resisted|p1a: Bocchi The Ball\n|-crit|p1a: Bocchi The Ball\n|-damage|p1a: Bocchi The Ball|43\/100\n|-damage|p2a: Staraptor|46\/100|[from] Recoil\n|-damage|p2a: Staraptor|37\/100|[from] item: Life Orb\n|\n|upkeep\n|turn|12\n|\n|t:|1700068436\n|switch|p1a: Bocchi The Claw|Gliscor, M|100\/100 tox\n|move|p2a: Staraptor|Double-Edge|p1a: Bocchi The Claw\n|-damage|p1a: Bocchi The Claw|41\/100 tox\n|-damage|p2a: Staraptor|14\/100|[from] Recoil\n|-damage|p2a: Staraptor|4\/100|[from] item: Life Orb\n|\n|-heal|p1a: Bocchi The Claw|53\/100 tox|[from] ability: Poison Heal\n|upkeep\n|turn|13\n|\n|t:|1700068456\n|switch|p2a: Cryogonal|Cryogonal|100\/100\n|switch|p1a: Bocchi The Ball|Bronzong|43\/100\n|\n|upkeep\n|turn|14\n|\n|t:|1700068464\n|move|p2a: Cryogonal|Freeze-Dry|p1a: Bocchi The Ball\n|-resisted|p1a: Bocchi The Ball\n|-damage|p1a: Bocchi The Ball|30\/100\n|move|p1a: Bocchi The Ball|Gyro Ball|p2a: Cryogonal\n|-supereffective|p2a: Cryogonal\n|-damage|p2a: Cryogonal|0 fnt\n|faint|p2a: Cryogonal\n|\n|upkeep\n|\n|t:|1700068472\n|switch|p2a: Salazzle|Salazzle, F|100\/100\n|turn|15\n|\n|t:|1700068484\n|switch|p1a: Bocchi The Awe|Audino, F, shiny|100\/100\n|-activate|p1a: Bocchi The Awe|move: Sticky Web\n|-unboost|p1a: Bocchi The Awe|spe|1\n|move|p2a: Salazzle|Substitute|p2a: Salazzle\n|-start|p2a: Salazzle|Substitute\n|-damage|p2a: Salazzle|76\/100\n|\n|-heal|p2a: Salazzle|82\/100|[from] item: Black Sludge\n|upkeep\n|turn|16\n|\n|t:|1700068492\n|move|p2a: Salazzle|Toxic|p1a: Bocchi The Awe\n|-status|p1a: Bocchi The Awe|tox\n|move|p1a: Bocchi The Awe|Heal Bell|p1a: Bocchi The Awe\n|-activate|p1a: Bocchi The Awe|move: Heal Bell\n|-curestatus|p1a: Bocchi The Awe|tox|[msg]\n|-curestatus|p1: Bocchi The Snore|par|[msg]\n|-curestatus|p1: Bocchi The Claw|tox|[msg]\n|\n|-heal|p2a: Salazzle|88\/100|[from] item: Black Sludge\n|upkeep\n|turn|17\n|j| Elite four lai\n|\n|t:|1700068501\n|switch|p1a: Bocchi The Scald|Vaporeon, F, shiny|100\/100\n|-activate|p1a: Bocchi The Scald|move: Sticky Web\n|-unboost|p1a: Bocchi The Scald|spe|1\n|move|p2a: Salazzle|Toxic|p1a: Bocchi The Scald\n|-status|p1a: Bocchi The Scald|tox\n|\n|-heal|p2a: Salazzle|94\/100|[from] item: Black Sludge\n|-damage|p1a: Bocchi The Scald|94\/100 tox|[from] psn\n|upkeep\n|turn|18\n|c| Elite four lai|Dajesz go Hitsu\n|\n|t:|1700068508\n|move|p2a: Salazzle|Protect|p2a: Salazzle\n|-singleturn|p2a: Salazzle|Protect\n|move|p1a: Bocchi The Scald|Scald|p2a: Salazzle\n|-activate|p2a: Salazzle|move: Protect\n|\n|-heal|p2a: Salazzle|100\/100|[from] item: Black Sludge\n|-heal|p1a: Bocchi The Scald|100\/100 tox|[from] item: Leftovers\n|-damage|p1a: Bocchi The Scald|88\/100 tox|[from] psn\n|upkeep\n|turn|19\n|\n|t:|1700068514\n|move|p2a: Salazzle|Flamethrower|p1a: Bocchi The Scald\n|-resisted|p1a: Bocchi The Scald\n|-damage|p1a: Bocchi The Scald|75\/100 tox\n|move|p1a: Bocchi The Scald|Scald|p2a: Salazzle\n|-supereffective|p2a: Salazzle\n|-end|p2a: Salazzle|Substitute\n|\n|-heal|p1a: Bocchi The Scald|81\/100 tox|[from] item: Leftovers\n|-damage|p1a: Bocchi The Scald|63\/100 tox|[from] psn\n|upkeep\n|turn|20\n|\n|t:|1700068519\n|move|p2a: Salazzle|Protect|p2a: Salazzle\n|-singleturn|p2a: Salazzle|Protect\n|move|p1a: Bocchi The Scald|Wish|p1a: Bocchi The Scald\n|\n|-heal|p1a: Bocchi The Scald|69\/100 tox|[from] item: Leftovers\n|-damage|p1a: Bocchi The Scald|44\/100 tox|[from] psn\n|upkeep\n|turn|21\n|\n|t:|1700068523\n|move|p2a: Salazzle|Substitute|p2a: Salazzle\n|-start|p2a: Salazzle|Substitute\n|-damage|p2a: Salazzle|76\/100\n|move|p1a: Bocchi The Scald|Flip Turn|p2a: Salazzle\n|-supereffective|p2a: Salazzle\n|-end|p2a: Salazzle|Substitute\n|\n|t:|1700068527\n|switch|p1a: Bocchi The Claw|Gliscor, M|53\/100|[from] Flip Turn\n|\n|-heal|p1a: Bocchi The Claw|100\/100|[from] move: Wish|[wisher] Bocchi The Scald\n|-heal|p2a: Salazzle|82\/100|[from] item: Black Sludge\n|-status|p1a: Bocchi The Claw|tox|[from] item: Toxic Orb\n|upkeep\n|turn|22\n|\n|t:|1700068543\n|switch|p2a: Spidops|Spidops, F|100\/100\n|move|p1a: Bocchi The Claw|Earthquake|p2a: Spidops\n|-resisted|p2a: Spidops\n|-damage|p2a: Spidops|85\/100\n|\n|upkeep\n|turn|23\n|\n|t:|1700068551\n|move|p1a: Bocchi The Claw|Spikes|p2a: Spidops\n|-sidestart|p2: Rafal1133|Spikes\n|move|p2a: Spidops|Leech Life|p1a: Bocchi The Claw\n|-resisted|p1a: Bocchi The Claw\n|-damage|p1a: Bocchi The Claw|93\/100 tox\n|-heal|p2a: Spidops|89\/100|[from] drain|[of] p1a: Bocchi The Claw\n|\n|-heal|p1a: Bocchi The Claw|100\/100 tox|[from] ability: Poison Heal\n|upkeep\n|turn|24\n|\n|t:|1700068556\n|move|p1a: Bocchi The Claw|Spikes|p2a: Spidops\n|-sidestart|p2: Rafal1133|Spikes\n|move|p2a: Spidops|Circle Throw|p1a: Bocchi The Claw\n|-resisted|p1a: Bocchi The Claw\n|-damage|p1a: Bocchi The Claw|97\/100 tox\n|drag|p1a: Bocchi The Awe|Audino, F, shiny|100\/100\n|-activate|p1a: Bocchi The Awe|move: Sticky Web\n|-unboost|p1a: Bocchi The Awe|spe|1\n|\n|upkeep\n|turn|25\n|\n|t:|1700068568\n|move|p1a: Bocchi The Awe|Wish|p1a: Bocchi The Awe\n|move|p2a: Spidops|Circle Throw|p1a: Bocchi The Awe\n|-supereffective|p1a: Bocchi The Awe\n|-damage|p1a: Bocchi The Awe|84\/100\n|drag|p1a: Bocchi The Ball|Bronzong|30\/100\n|\n|upkeep\n|turn|26\n|\n|t:|1700068589\n|move|p1a: Bocchi The Ball|Zen Headbutt|p2a: Spidops\n|-damage|p2a: Spidops|60\/100\n|move|p2a: Spidops|Circle Throw|p1a: Bocchi The Ball\n|-damage|p1a: Bocchi The Ball|19\/100\n|drag|p1a: Bocchi The Awe|Audino, F, shiny|100\/100\n|-activate|p1a: Bocchi The Awe|move: Sticky Web\n|-unboost|p1a: Bocchi The Awe|spe|1\n|\n|upkeep\n|turn|27\n|\n|t:|1700068600\n|move|p2a: Spidops|Leech Life|p1a: Bocchi The Awe\n|-damage|p1a: Bocchi The Awe|84\/100\n|-heal|p2a: Spidops|70\/100|[from] drain|[of] p1a: Bocchi The Awe\n|move|p1a: Bocchi The Awe|Heal Bell|p1a: Bocchi The Awe\n|-activate|p1a: Bocchi The Awe|move: Heal Bell\n|-curestatus|p1: Bocchi The Claw|tox|[msg]\n|-curestatus|p1: Bocchi The Scald|tox|[msg]\n|\n|upkeep\n|turn|28\n|l| Elite four lai\n|\n|t:|1700068608\n|detailschange|p1a: Bocchi The Awe|Audino-Mega, F, shiny\n|-mega|p1a: Bocchi The Awe|Audino|Audinite\n|move|p2a: Spidops|Toxic Spikes|p1a: Bocchi The Awe\n|-sidestart|p1: HitsuxHitsu|move: Toxic Spikes\n|move|p1a: Bocchi The Awe|Wish|p1a: Bocchi The Awe\n|\n|upkeep\n|turn|29\n|\n|t:|1700068614\n|switch|p1a: kcoR ehT IhccoB|Arbok, M, shiny|84\/100\n|-activate|p1a: kcoR ehT IhccoB|move: Sticky Web\n|-unboost|p1a: kcoR ehT IhccoB|spe|1\n|-sideend|p1: HitsuxHitsu|move: Toxic Spikes|[of] p1a: kcoR ehT IhccoB\n|-ability|p1a: kcoR ehT IhccoB|Intimidate|boost\n|-unboost|p2a: Spidops|atk|1\n|move|p2a: Spidops|Circle Throw|p1a: kcoR ehT IhccoB\n|-resisted|p1a: kcoR ehT IhccoB\n|-damage|p1a: kcoR ehT IhccoB|71\/100\n|drag|p1a: Bocchi The Snore|Cresselia, F|100\/100\n|\n|upkeep\n|turn|30\n|\n|t:|1700068619\n|move|p1a: Bocchi The Snore|Toxic|p2a: Spidops\n|-status|p2a: Spidops|tox\n|move|p2a: Spidops|Leech Life|p1a: Bocchi The Snore\n|-supereffective|p1a: Bocchi The Snore\n|-damage|p1a: Bocchi The Snore|85\/100\n|-heal|p2a: Spidops|81\/100 tox|[from] drain|[of] p1a: Bocchi The Snore\n|\n|-heal|p1a: Bocchi The Snore|91\/100|[from] item: Leftovers\n|-damage|p2a: Spidops|75\/100 tox|[from] psn\n|upkeep\n|turn|31\n|\n|t:|1700068638\n|move|p1a: Bocchi The Snore|Calm Mind|p1a: Bocchi The Snore\n|-boost|p1a: Bocchi The Snore|spa|1\n|-boost|p1a: Bocchi The Snore|spd|1\n|move|p2a: Spidops|Toxic Spikes|p1a: Bocchi The Snore\n|-sidestart|p1: HitsuxHitsu|move: Toxic Spikes\n|\n|-heal|p1a: Bocchi The Snore|97\/100|[from] item: Leftovers\n|-damage|p2a: Spidops|62\/100 tox|[from] psn\n|upkeep\n|turn|32\n|\n|t:|1700068647\n|switch|p1a: kcoR ehT IhccoB|Arbok, M, shiny|71\/100\n|-activate|p1a: kcoR ehT IhccoB|move: Sticky Web\n|-unboost|p1a: kcoR ehT IhccoB|spe|1\n|-sideend|p1: HitsuxHitsu|move: Toxic Spikes|[of] p1a: kcoR ehT IhccoB\n|-ability|p1a: kcoR ehT IhccoB|Intimidate|boost\n|-unboost|p2a: Spidops|atk|1\n|move|p2a: Spidops|Circle Throw|p1a: kcoR ehT IhccoB\n|-resisted|p1a: kcoR ehT IhccoB\n|-damage|p1a: kcoR ehT IhccoB|61\/100\n|drag|p1a: Bocchi The Scald|Vaporeon, F, shiny|44\/100\n|-activate|p1a: Bocchi The Scald|move: Sticky Web\n|-unboost|p1a: Bocchi The Scald|spe|1\n|\n|-heal|p1a: Bocchi The Scald|50\/100|[from] item: Leftovers\n|-damage|p2a: Spidops|44\/100 tox|[from] psn\n|upkeep\n|turn|33\n|\n|t:|1700068657\n|switch|p2a: Ampharos|Ampharos, F|100\/100\n|-damage|p2a: Ampharos|84\/100|[from] Spikes\n|move|p1a: Bocchi The Scald|Wish|p1a: Bocchi The Scald\n|\n|-heal|p1a: Bocchi The Scald|56\/100|[from] item: Leftovers\n|upkeep\n|turn|34\n|\n|t:|1700068666\n|switch|p1a: Bocchi The Snore|Cresselia, F|97\/100\n|detailschange|p2a: Ampharos|Ampharos-Mega, F\n|-mega|p2a: Ampharos|Ampharos|Ampharosite\n|-ability|p2a: Ampharos|Mold Breaker\n|move|p2a: Ampharos|Dragon Pulse|p1a: Bocchi The Snore\n|-damage|p1a: Bocchi The Snore|59\/100\n|\n|-heal|p1a: Bocchi The Snore|100\/100|[from] move: Wish|[wisher] Bocchi The Scald\n|upkeep\n|turn|35\n|\n|t:|1700068674\n|move|p1a: Bocchi The Snore|Calm Mind|p1a: Bocchi The Snore\n|-boost|p1a: Bocchi The Snore|spa|1\n|-boost|p1a: Bocchi The Snore|spd|1\n|move|p2a: Ampharos|Thunderbolt|p1a: Bocchi The Snore\n|-damage|p1a: Bocchi The Snore|75\/100\n|\n|-heal|p1a: Bocchi The Snore|82\/100|[from] item: Leftovers\n|upkeep\n|turn|36\n|\n|t:|1700068677\n|switch|p2a: Staraptor|Staraptor, F|4\/100\n|move|p1a: Bocchi The Snore|Calm Mind|p1a: Bocchi The Snore\n|-boost|p1a: Bocchi The Snore|spa|1\n|-boost|p1a: Bocchi The Snore|spd|1\n|\n|-heal|p1a: Bocchi The Snore|88\/100|[from] item: Leftovers\n|upkeep\n|turn|37\n|\n|t:|1700068686\n|switch|p2a: Spidops|Spidops, F|44\/100 tox\n|-damage|p2a: Spidops|27\/100 tox|[from] Spikes\n|move|p1a: Bocchi The Snore|Moonlight|p1a: Bocchi The Snore\n|-heal|p1a: Bocchi The Snore|100\/100\n|\n|-damage|p2a: Spidops|21\/100 tox|[from] psn\n|upkeep\n|turn|38\n|\n|t:|1700068689\n|move|p1a: Bocchi The Snore|Stored Power|p2a: Spidops\n|-damage|p2a: Spidops|0 fnt\n|faint|p2a: Spidops\n|\n|upkeep\n|\n|t:|1700068693\n|switch|p2a: Scream Tail|Scream Tail|88\/100 tox\n|-damage|p2a: Scream Tail|71\/100 tox|[from] Spikes\n|turn|39\n|\n|t:|1700068696\n|move|p2a: Scream Tail|Thunder Wave|p1a: Bocchi The Snore\n|-status|p1a: Bocchi The Snore|par\n|move|p1a: Bocchi The Snore|Calm Mind|p1a: Bocchi The Snore\n|-boost|p1a: Bocchi The Snore|spa|1\n|-boost|p1a: Bocchi The Snore|spd|1\n|\n|-heal|p2a: Scream Tail|78\/100 tox|[from] item: Leftovers\n|-damage|p2a: Scream Tail|71\/100 tox|[from] psn\n|upkeep\n|turn|40\n|c|\u2606Rafal1133|Tego sie obawia\u0142em dlatego zmieni\u0142em sklad ^^\n|\n|t:|1700068710\n|move|p2a: Scream Tail|Wish|p2a: Scream Tail\n|move|p1a: Bocchi The Snore|Stored Power|p2a: Scream Tail\n|-resisted|p2a: Scream Tail\n|-damage|p2a: Scream Tail|40\/100 tox\n|\n|-heal|p2a: Scream Tail|47\/100 tox|[from] item: Leftovers\n|-damage|p2a: Scream Tail|34\/100 tox|[from] psn\n|upkeep\n|turn|41\n|\n|t:|1700068719\n|move|p2a: Scream Tail|Play Rough|p1a: Bocchi The Snore|[miss]\n|-miss|p2a: Scream Tail|p1a: Bocchi The Snore\n|cant|p1a: Bocchi The Snore|par\n|\n|-heal|p2a: Scream Tail|84\/100 tox|[from] move: Wish|[wisher] Scream Tail\n|-heal|p2a: Scream Tail|90\/100 tox|[from] item: Leftovers\n|-damage|p2a: Scream Tail|72\/100 tox|[from] psn\n|upkeep\n|turn|42\n|\n|t:|1700068725\n|move|p2a: Scream Tail|Wish|p2a: Scream Tail\n|cant|p1a: Bocchi The Snore|par\n|\n|-heal|p2a: Scream Tail|78\/100 tox|[from] item: Leftovers\n|-damage|p2a: Scream Tail|53\/100 tox|[from] psn\n|upkeep\n|turn|43\n|\n|t:|1700068728\n|-end|p2a: Scream Tail|Protosynthesis|[silent]\n|switch|p2a: Staraptor|Staraptor, F|4\/100\n|move|p1a: Bocchi The Snore|Calm Mind|p1a: Bocchi The Snore\n|-boost|p1a: Bocchi The Snore|spa|1\n|-boost|p1a: Bocchi The Snore|spd|1\n|\n|-heal|p2a: Staraptor|74\/100|[from] move: Wish|[wisher] Scream Tail\n|upkeep\n|turn|44\n|\n|t:|1700068741\n|-terastallize|p2a: Staraptor|Normal\n|move|p2a: Staraptor|Double-Edge|p1a: Bocchi The Snore\n|-damage|p1a: Bocchi The Snore|32\/100 par\n|-damage|p2a: Staraptor|42\/100|[from] Recoil\n|-damage|p2a: Staraptor|32\/100|[from] item: Life Orb\n|move|p1a: Bocchi The Snore|Stored Power|p2a: Staraptor\n|-damage|p2a: Staraptor|0 fnt\n|faint|p2a: Staraptor\n|\n|-heal|p1a: Bocchi The Snore|38\/100 par|[from] item: Leftovers\n|upkeep\n|\n|t:|1700068748\n|switch|p2a: Salazzle|Salazzle, F|82\/100\n|-damage|p2a: Salazzle|65\/100|[from] Spikes\n|turn|45\n|\n|t:|1700068755\n|move|p2a: Salazzle|Toxic||[still]\n|-fail|p2a: Salazzle\n|move|p1a: Bocchi The Snore|Moonlight|p1a: Bocchi The Snore\n|-heal|p1a: Bocchi The Snore|88\/100 par\n|\n|-heal|p2a: Salazzle|72\/100|[from] item: Black Sludge\n|-heal|p1a: Bocchi The Snore|94\/100 par|[from] item: Leftovers\n|upkeep\n|turn|46\n|\n|t:|1700068759\n|move|p2a: Salazzle|Substitute|p2a: Salazzle\n|-start|p2a: Salazzle|Substitute\n|-damage|p2a: Salazzle|47\/100\n|cant|p1a: Bocchi The Snore|par\n|\n|-heal|p2a: Salazzle|53\/100|[from] item: Black Sludge\n|-heal|p1a: Bocchi The Snore|99\/100 par|[from] item: Leftovers\n|upkeep\n|turn|47\n|\n|t:|1700068763\n|move|p2a: Salazzle|Flamethrower|p1a: Bocchi The Snore\n|-crit|p1a: Bocchi The Snore\n|-damage|p1a: Bocchi The Snore|68\/100 par\n|move|p1a: Bocchi The Snore|Stored Power|p2a: Salazzle\n|-supereffective|p2a: Salazzle\n|-end|p2a: Salazzle|Substitute\n|\n|-heal|p2a: Salazzle|59\/100|[from] item: Black Sludge\n|-heal|p1a: Bocchi The Snore|74\/100 par|[from] item: Leftovers\n|upkeep\n|turn|48\n|\n|t:|1700068765\n|move|p2a: Salazzle|Protect|p2a: Salazzle\n|-singleturn|p2a: Salazzle|Protect\n|move|p1a: Bocchi The Snore|Stored Power|p2a: Salazzle\n|-activate|p2a: Salazzle|move: Protect\n|\n|-heal|p2a: Salazzle|65\/100|[from] item: Black Sludge\n|-heal|p1a: Bocchi The Snore|80\/100 par|[from] item: Leftovers\n|upkeep\n|turn|49\n|\n|t:|1700068767\n|move|p2a: Salazzle|Substitute|p2a: Salazzle\n|-start|p2a: Salazzle|Substitute\n|-damage|p2a: Salazzle|41\/100\n|move|p1a: Bocchi The Snore|Stored Power|p2a: Salazzle\n|-supereffective|p2a: Salazzle\n|-end|p2a: Salazzle|Substitute\n|\n|-heal|p2a: Salazzle|47\/100|[from] item: Black Sludge\n|-heal|p1a: Bocchi The Snore|86\/100 par|[from] item: Leftovers\n|upkeep\n|turn|50\n|\n|t:|1700068770\n|move|p2a: Salazzle|Protect|p2a: Salazzle\n|-singleturn|p2a: Salazzle|Protect\n|move|p1a: Bocchi The Snore|Stored Power|p2a: Salazzle\n|-activate|p2a: Salazzle|move: Protect\n|\n|-heal|p2a: Salazzle|53\/100|[from] item: Black Sludge\n|-heal|p1a: Bocchi The Snore|92\/100 par|[from] item: Leftovers\n|upkeep\n|turn|51\n|\n|t:|1700068774\n|move|p2a: Salazzle|Substitute|p2a: Salazzle\n|-start|p2a: Salazzle|Substitute\n|-damage|p2a: Salazzle|28\/100\n|move|p1a: Bocchi The Snore|Stored Power|p2a: Salazzle\n|-supereffective|p2a: Salazzle\n|-end|p2a: Salazzle|Substitute\n|\n|-heal|p2a: Salazzle|34\/100|[from] item: Black Sludge\n|-heal|p1a: Bocchi The Snore|98\/100 par|[from] item: Leftovers\n|upkeep\n|turn|52\n|\n|t:|1700068777\n|move|p2a: Salazzle|Protect|p2a: Salazzle\n|-singleturn|p2a: Salazzle|Protect\n|move|p1a: Bocchi The Snore|Stored Power|p2a: Salazzle\n|-activate|p2a: Salazzle|move: Protect\n|\n|-heal|p2a: Salazzle|41\/100|[from] item: Black Sludge\n|-heal|p1a: Bocchi The Snore|100\/100 par|[from] item: Leftovers\n|upkeep\n|turn|53\n|\n|t:|1700068779\n|move|p2a: Salazzle|Substitute|p2a: Salazzle\n|-start|p2a: Salazzle|Substitute\n|-damage|p2a: Salazzle|16\/100\n|move|p1a: Bocchi The Snore|Stored Power|p2a: Salazzle\n|-supereffective|p2a: Salazzle\n|-end|p2a: Salazzle|Substitute\n|\n|-heal|p2a: Salazzle|22\/100|[from] item: Black Sludge\n|upkeep\n|turn|54\n|\n|t:|1700068783\n|move|p2a: Salazzle|Protect|p2a: Salazzle\n|-singleturn|p2a: Salazzle|Protect\n|move|p1a: Bocchi The Snore|Calm Mind|p1a: Bocchi The Snore\n|-boost|p1a: Bocchi The Snore|spa|1\n|-boost|p1a: Bocchi The Snore|spd|1\n|\n|-heal|p2a: Salazzle|28\/100|[from] item: Black Sludge\n|upkeep\n|turn|55\n|\n|t:|1700068787\n|move|p2a: Salazzle|Substitute|p2a: Salazzle\n|-start|p2a: Salazzle|Substitute\n|-damage|p2a: Salazzle|3\/100\n|move|p1a: Bocchi The Snore|Stored Power|p2a: Salazzle\n|-supereffective|p2a: Salazzle\n|-end|p2a: Salazzle|Substitute\n|\n|-heal|p2a: Salazzle|10\/100|[from] item: Black Sludge\n|upkeep\n|turn|56\n|c|\u2606Rafal1133|a moze jakis paraliz xd\n|\n|t:|1700068795\n|move|p2a: Salazzle|Flamethrower|p1a: Bocchi The Snore\n|-damage|p1a: Bocchi The Snore|94\/100 par\n|move|p1a: Bocchi The Snore|Calm Mind|p1a: Bocchi The Snore\n|-boost|p1a: Bocchi The Snore|spa|1\n|-boost|p1a: Bocchi The Snore|spd|1\n|\n|-heal|p2a: Salazzle|16\/100|[from] item: Black Sludge\n|-heal|p1a: Bocchi The Snore|99\/100 par|[from] item: Leftovers\n|upkeep\n|turn|57\n|\n|t:|1700068800\n|move|p2a: Salazzle|Protect|p2a: Salazzle\n|-singleturn|p2a: Salazzle|Protect\n|move|p1a: Bocchi The Snore|Stored Power|p2a: Salazzle\n|-activate|p2a: Salazzle|move: Protect\n|\n|-heal|p2a: Salazzle|22\/100|[from] item: Black Sludge\n|-heal|p1a: Bocchi The Snore|100\/100 par|[from] item: Leftovers\n|upkeep\n|turn|58\n|\n|t:|1700068805\n|move|p2a: Salazzle|Protect||[still]\n|-fail|p2a: Salazzle\n|move|p1a: Bocchi The Snore|Stored Power|p2a: Salazzle\n|-supereffective|p2a: Salazzle\n|-damage|p2a: Salazzle|0 fnt\n|faint|p2a: Salazzle\n|\n|upkeep\n|c|\u2606Rafal1133|Gdzie tam xd\n|\n|t:|1700068814\n|switch|p2a: Scream Tail|Scream Tail|53\/100 tox\n|-damage|p2a: Scream Tail|36\/100 tox|[from] Spikes\n|turn|59\n|\n|t:|1700068817\n|move|p2a: Scream Tail|Wish|p2a: Scream Tail\n|move|p1a: Bocchi The Snore|Stored Power|p2a: Scream Tail\n|-resisted|p2a: Scream Tail\n|-damage|p2a: Scream Tail|0 fnt\n|faint|p2a: Scream Tail\n|-end|p2a: Scream Tail|Protosynthesis|[silent]\n|\n|upkeep\n|\n|t:|1700068820\n|switch|p2a: Ampharos|Ampharos-Mega, F|84\/100\n|-damage|p2a: Ampharos|67\/100|[from] Spikes\n|-ability|p2a: Ampharos|Mold Breaker\n|turn|60\n|c|\u2606Rafal1133|gg\n|\n|t:|1700068824\n|move|p2a: Ampharos|Dragon Pulse|p1a: Bocchi The Snore\n|-damage|p1a: Bocchi The Snore|91\/100 par\n|move|p1a: Bocchi The Snore|Stored Power|p2a: Ampharos\n|-damage|p2a: Ampharos|0 fnt\n|faint|p2a: Ampharos\n|\n|win|HitsuxHitsu\n|c|\u2606HitsuxHitsu|gg\n|c|\u2606HitsuxHitsu|kocham stall\n|c|\u2606Rafal1133|Num\n","uploadtime":1700068830,"views":27,"p1id":"hitsuxhitsu","p2id":"rafal1133","formatid":"gen9nationaldex","rating":0,"private":0,"password":""}