{"id":"gen9nationaldex-1990000467","p1":"Icey37","p2":"fleefflaff","format":"[Gen 9] National Dex","log":"|j|\u203dIcey37\n|j|\u2606fleefflaff\n|t:|1699914107\n|gametype|singles\n|player|p1|Icey37|bea|1552\n|player|p2|fleefflaff|pokekid|1521\n|teamsize|p1|6\n|teamsize|p2|6\n|gen|9\n|tier|[Gen 9] National Dex\n|rated|\n|rule|HP Percentage Mod: HP is shown in percentages\n|rule|Endless Battle Clause: Forcing endless battles is banned\n|rule|OHKO Clause: OHKO moves are banned\n|rule|Evasion Clause: Evasion abilities, items, and moves are banned\n|rule|Evasion Abilities Clause: Evasion abilities are banned\n|rule|Evasion Items Clause: Evasion items are banned\n|rule|Evasion Moves Clause: Evasion moves are banned\n|rule|Species Clause: Limit one of each Pok\u00e9mon\n|rule|Sleep Clause Mod: Limit one foe put to sleep\n|clearpoke\n|poke|p1|Hydreigon, F|\n|poke|p1|Ferrothorn, M|\n|poke|p1|Diancie|\n|poke|p1|Ogerpon-Wellspring, F|\n|poke|p1|Alomomola, F|\n|poke|p1|Dragonite, F|\n|poke|p2|Porygon-Z|\n|poke|p2|Zapdos|\n|poke|p2|Slowking-Galar, M|\n|poke|p2|Great Tusk|\n|poke|p2|Samurott-Hisui, M|\n|poke|p2|Iron Valiant|\n|teampreview\n|inactive|Battle timer is ON: inactive players will automatically lose when time's up. (requested by Icey37)\n|\n|t:|1699914115\n|start\n|switch|p1a: Hydreigon|Hydreigon, F|100\/100\n|switch|p2a: Porygon-Z|Porygon-Z|100\/100\n|-ability|p2a: Porygon-Z|Download|boost\n|-boost|p2a: Porygon-Z|atk|1\n|turn|1\n|\n|t:|1699914123\n|move|p1a: Hydreigon|U-turn|p2a: Porygon-Z\n|-damage|p2a: Porygon-Z|79\/100\n|\n|t:|1699914128\n|switch|p1a: Dragonite|Dragonite, F|100\/100|[from] U-turn\n|move|p2a: Porygon-Z|Ice Beam|p1a: Dragonite\n|-supereffective|p1a: Dragonite\n|-damage|p1a: Dragonite|37\/100\n|\n|upkeep\n|turn|2\n|\n|t:|1699914137\n|switch|p1a: Alomomola|Alomomola, F|100\/100\n|move|p2a: Porygon-Z|Ice Beam|p1a: Alomomola\n|-resisted|p1a: Alomomola\n|-damage|p1a: Alomomola|76\/100\n|\n|upkeep\n|turn|3\n|\n|t:|1699914140\n|switch|p2a: Slowking|Slowking-Galar, M|100\/100\n|move|p1a: Alomomola|Flip Turn|p2a: Slowking\n|-damage|p2a: Slowking|84\/100\n|\n|t:|1699914154\n|switch|p1a: Hydreigon|Hydreigon, F|100\/100|[from] Flip Turn\n|\n|upkeep\n|turn|4\n|\n|t:|1699914166\n|move|p1a: Hydreigon|Dark Pulse|p2a: Slowking\n|-supereffective|p2a: Slowking\n|-damage|p2a: Slowking|31\/100\n|move|p2a: Slowking|Chilly Reception|p2a: Slowking\n|-weather|Snow\n|\n|t:|1699914175\n|switch|p2a: Great Tusk|Great Tusk|100\/100|[from] Chilly Reception\n|\n|-weather|Snow|[upkeep]\n|upkeep\n|turn|5\n|\n|t:|1699914179\n|switch|p1a: Alomomola|Alomomola, F|100\/100\n|move|p2a: Great Tusk|Rapid Spin|p1a: Alomomola\n|-damage|p1a: Alomomola|89\/100\n|-boost|p2a: Great Tusk|spe|1\n|\n|-weather|Snow|[upkeep]\n|upkeep\n|turn|6\n|\n|t:|1699914186\n|-end|p2a: Great Tusk|Protosynthesis|[silent]\n|switch|p2a: Zapdos|Zapdos|100\/100\n|move|p1a: Alomomola|Flip Turn|p2a: Zapdos\n|-damage|p2a: Zapdos|88\/100\n|\n|t:|1699914192\n|switch|p1a: Diancie|Diancie|100\/100|[from] Flip Turn\n|\n|-weather|Snow|[upkeep]\n|upkeep\n|turn|7\n|\n|t:|1699914200\n|switch|p2a: Slowking|Slowking-Galar, M|65\/100\n|detailschange|p1a: Diancie|Diancie-Mega\n|-mega|p1a: Diancie|Diancie|Diancite\n|move|p1a: Diancie|Rock Polish|p1a: Diancie\n|-boost|p1a: Diancie|spe|2\n|\n|-weather|Snow|[upkeep]\n|upkeep\n|turn|8\n|\n|t:|1699914207\n|move|p1a: Diancie|Diamond Storm|p2a: Slowking\n|-damage|p2a: Slowking|6\/100\n|-boost|p1a: Diancie|def|2\n|move|p2a: Slowking|Slack Off|p2a: Slowking\n|-heal|p2a: Slowking|56\/100\n|\n|-weather|none\n|upkeep\n|turn|9\n|\n|t:|1699914212\n|move|p1a: Diancie|Diamond Storm|p2a: Slowking\n|-damage|p2a: Slowking|0 fnt\n|faint|p2a: Slowking\n|\n|upkeep\n|\n|t:|1699914223\n|switch|p2a: Iron Valiant|Iron Valiant|100\/100\n|-enditem|p2a: Iron Valiant|Booster Energy\n|-activate|p2a: Iron Valiant|ability: Quark Drive|[fromitem]\n|-start|p2a: Iron Valiant|quarkdrivespe\n|turn|10\n|\n|t:|1699914229\n|-terastallize|p2a: Iron Valiant|Fairy\n|move|p1a: Diancie|Play Rough|p2a: Iron Valiant\n|-damage|p2a: Iron Valiant|34\/100\n|-unboost|p2a: Iron Valiant|atk|1\n|move|p2a: Iron Valiant|Moonblast|p1a: Diancie\n|-damage|p1a: Diancie|37\/100\n|-unboost|p1a: Diancie|spa|1\n|\n|upkeep\n|turn|11\n|\n|t:|1699914240\n|-end|p2a: Iron Valiant|Quark Drive|[silent]\n|switch|p2a: Zapdos|Zapdos|88\/100\n|move|p1a: Diancie|Diamond Storm|p2a: Zapdos\n|-supereffective|p2a: Zapdos\n|-damage|p2a: Zapdos|3\/100\n|\n|upkeep\n|turn|12\n|\n|t:|1699914248\n|move|p1a: Diancie|Diamond Storm|p2a: Zapdos\n|-supereffective|p2a: Zapdos\n|-damage|p2a: Zapdos|0 fnt\n|faint|p2a: Zapdos\n|\n|upkeep\n|\n|t:|1699914253\n|switch|p2a: Great Tusk|Great Tusk|100\/100\n|turn|13\n|\n|t:|1699914256\n|move|p1a: Diancie|Play Rough|p2a: Great Tusk\n|-supereffective|p2a: Great Tusk\n|-damage|p2a: Great Tusk|16\/100\n|move|p2a: Great Tusk|Close Combat|p1a: Diancie\n|-damage|p1a: Diancie|0 fnt\n|-unboost|p2a: Great Tusk|def|1\n|-unboost|p2a: Great Tusk|spd|1\n|faint|p1a: Diancie\n|\n|-heal|p2a: Great Tusk|23\/100|[from] item: Leftovers\n|upkeep\n|\n|t:|1699914264\n|switch|p1a: Ogerpon|Ogerpon-Wellspring, F|100\/100\n|turn|14\n|\n|t:|1699914270\n|move|p1a: Ogerpon|Swords Dance|p1a: Ogerpon\n|-boost|p1a: Ogerpon|atk|2\n|move|p2a: Great Tusk|Close Combat|p1a: Ogerpon\n|-damage|p1a: Ogerpon|15\/100\n|-unboost|p2a: Great Tusk|def|1\n|-unboost|p2a: Great Tusk|spd|1\n|\n|-heal|p2a: Great Tusk|29\/100|[from] item: Leftovers\n|upkeep\n|turn|15\n|\n|t:|1699914277\n|move|p1a: Ogerpon|Horn Leech|p2a: Great Tusk\n|-supereffective|p2a: Great Tusk\n|-damage|p2a: Great Tusk|0 fnt\n|-heal|p1a: Ogerpon|32\/100|[from] drain|[of] p2a: Great Tusk\n|faint|p2a: Great Tusk\n|-end|p2a: Great Tusk|Protosynthesis|[silent]\n|\n|upkeep\n|\n|t:|1699914280\n|switch|p2a: Samurott|Samurott-Hisui, M|100\/100\n|turn|16\n|\n|t:|1699914284\n|switch|p1a: Alomomola|Alomomola, F|100\/100\n|move|p2a: Samurott|Sacred Sword|p1a: Alomomola\n|-damage|p1a: Alomomola|78\/100\n|\n|upkeep\n|turn|17\n|\n|t:|1699914289\n|switch|p2a: Iron Valiant|Iron Valiant, tera:Fairy|34\/100\n|move|p1a: Alomomola|Toxic|p2a: Iron Valiant\n|-status|p2a: Iron Valiant|tox\n|\n|-damage|p2a: Iron Valiant|28\/100 tox|[from] psn\n|upkeep\n|turn|18\n|\n|t:|1699914293\n|move|p2a: Iron Valiant|Encore|p1a: Alomomola\n|-start|p1a: Alomomola|Encore\n|move|p1a: Alomomola|Toxic|p2a: Iron Valiant\n|-fail|p2a: Iron Valiant|tox\n|\n|-damage|p2a: Iron Valiant|15\/100 tox|[from] psn\n|upkeep\n|turn|19\n|\n|t:|1699914298\n|switch|p1a: Ferrothorn|Ferrothorn, M|100\/100\n|move|p2a: Iron Valiant|Knock Off|p1a: Ferrothorn\n|-damage|p1a: Ferrothorn|81\/100\n|-damage|p2a: Iron Valiant|3\/100 tox|[from] ability: Iron Barbs|[of] p1a: Ferrothorn\n|-enditem|p1a: Ferrothorn|Leftovers|[from] move: Knock Off|[of] p2a: Iron Valiant\n|\n|-damage|p2a: Iron Valiant|0 fnt|[from] psn\n|faint|p2a: Iron Valiant\n|-end|p2a: Iron Valiant|Quark Drive|[silent]\n|upkeep\n|\n|t:|1699914301\n|switch|p2a: Porygon-Z|Porygon-Z|79\/100\n|-ability|p2a: Porygon-Z|Download|boost\n|-boost|p2a: Porygon-Z|spa|1\n|turn|20\n|\n|t:|1699914306\n|move|p2a: Porygon-Z|Tri Attack|p1a: Ferrothorn\n|-resisted|p1a: Ferrothorn\n|-damage|p1a: Ferrothorn|38\/100\n|move|p1a: Ferrothorn|Leech Seed|p2a: Porygon-Z\n|-start|p2a: Porygon-Z|move: Leech Seed\n|\n|-damage|p2a: Porygon-Z|67\/100|[from] Leech Seed|[of] p1a: Ferrothorn\n|-heal|p1a: Ferrothorn|49\/100|[silent]\n|upkeep\n|turn|21\n|\n|t:|1699914318\n|switch|p2a: Samurott|Samurott-Hisui, M|100\/100\n|move|p1a: Ferrothorn|Thunder Wave|p2a: Samurott\n|-status|p2a: Samurott|par\n|\n|upkeep\n|turn|22\n|inactive|fleefflaff has 120 seconds left.\n|l|\u2606fleefflaff\n|inactive|fleefflaff disconnected and has a minute to reconnect!\n|player|p2|\n|inactive|fleefflaff has 30 seconds to reconnect!\n|j|\u2606fleefflaff\n|inactive|fleefflaff reconnected and has 90 seconds left.\n|player|p2|fleefflaff|pokekid\n|\n|t:|1699914394\n|cant|p2a: Samurott|par\n|move|p1a: Ferrothorn|Stealth Rock|p2a: Samurott\n|-sidestart|p2: fleefflaff|move: Stealth Rock\n|\n|upkeep\n|turn|23\n|\n|t:|1699914399\n|move|p2a: Samurott|Sacred Sword|p1a: Ferrothorn\n|-supereffective|p1a: Ferrothorn\n|-crit|p1a: Ferrothorn\n|-damage|p1a: Ferrothorn|0 fnt\n|-damage|p2a: Samurott|88\/100 par|[from] ability: Iron Barbs|[of] p1a: Ferrothorn\n|faint|p1a: Ferrothorn\n|\n|upkeep\n|\n|t:|1699914407\n|switch|p1a: Hydreigon|Hydreigon, F|100\/100\n|turn|24\n|\n|t:|1699914410\n|move|p1a: Hydreigon|U-turn|p2a: Samurott\n|-supereffective|p2a: Samurott\n|-damage|p2a: Samurott|48\/100 par\n|\n|t:|1699914417\n|switch|p1a: Alomomola|Alomomola, F|100\/100|[from] U-turn\n|move|p2a: Samurott|Sacred Sword|p1a: Alomomola\n|-damage|p1a: Alomomola|75\/100\n|\n|upkeep\n|turn|25\n|\n|t:|1699914422\n|switch|p2a: Porygon-Z|Porygon-Z|67\/100\n|-damage|p2a: Porygon-Z|55\/100|[from] Stealth Rock\n|-ability|p2a: Porygon-Z|Download|boost\n|-boost|p2a: Porygon-Z|spa|1\n|move|p1a: Alomomola|Flip Turn|p2a: Porygon-Z\n|-damage|p2a: Porygon-Z|33\/100\n|\n|t:|1699914435\n|switch|p1a: Hydreigon|Hydreigon, F|100\/100|[from] Flip Turn\n|\n|upkeep\n|turn|26\n|\n|t:|1699914443\n|switch|p1a: Dragonite|Dragonite, F|37\/100\n|switch|p2a: Samurott|Samurott-Hisui, M|48\/100 par\n|-damage|p2a: Samurott|35\/100 par|[from] Stealth Rock\n|\n|upkeep\n|turn|27\n|inactive|fleefflaff has 120 seconds left.\n|\n|t:|1699914458\n|cant|p2a: Samurott|par\n|move|p1a: Dragonite|Roost|p1a: Dragonite\n|-heal|p1a: Dragonite|87\/100\n|-singleturn|p1a: Dragonite|move: Roost\n|\n|upkeep\n|turn|28\n|\n|t:|1699914467\n|move|p2a: Samurott|Ceaseless Edge|p1a: Dragonite\n|-damage|p1a: Dragonite|44\/100\n|-sidestart|p1: Icey37|Spikes\n|move|p1a: Dragonite|Dragon Tail|p2a: Samurott\n|-damage|p2a: Samurott|1\/100 par\n|drag|p2a: Porygon-Z|Porygon-Z|33\/100\n|-damage|p2a: Porygon-Z|20\/100|[from] Stealth Rock\n|-ability|p2a: Porygon-Z|Download|boost\n|-boost|p2a: Porygon-Z|atk|1\n|\n|upkeep\n|turn|29\n|\n|t:|1699914490\n|move|p2a: Porygon-Z|Tri Attack|p1a: Dragonite\n|-damage|p1a: Dragonite|0 fnt\n|faint|p1a: Dragonite\n|\n|upkeep\n|inactive|Icey37 has 120 seconds left.\n|\n|t:|1699914511\n|switch|p1a: Alomomola|Alomomola, F|100\/100\n|turn|30\n|\n|t:|1699914513\n|move|p2a: Porygon-Z|Tri Attack|p1a: Alomomola\n|-damage|p1a: Alomomola|42\/100\n|move|p1a: Alomomola|Flip Turn|p2a: Porygon-Z\n|-damage|p2a: Porygon-Z|0 fnt\n|faint|p2a: Porygon-Z\n|inactive|Icey37 has 120 seconds left.\n|\n|t:|1699914524\n|switch|p1a: Ogerpon|Ogerpon-Wellspring, F|32\/100|[from] Flip Turn\n|-damage|p1a: Ogerpon|20\/100|[from] Spikes\n|\n|upkeep\n|\n|t:|1699914527\n|switch|p2a: Samurott|Samurott-Hisui, M|1\/100 par\n|-damage|p2a: Samurott|0 fnt|[from] Stealth Rock\n|faint|p2a: Samurott\n|\n|win|Icey37\n|raw|Icey37's rating: 1552 &rarr; <strong>1570<\/strong><br \/>(+18 for winning)\n|raw|fleefflaff's rating: 1521 &rarr; <strong>1503<\/strong><br \/>(-18 for losing)\n|l|\u2606fleefflaff\n|l|\u203dIcey37\n|j|\u203dIcey37\n|player|p1|Icey37|bea\n|n|\u203dIcey37|icey37\n","uploadtime":1699914642,"views":6,"p1id":"icey37","p2id":"fleefflaff","formatid":"gen9nationaldex","rating":1503,"private":0,"password":""}