{"id":"gen9nationaldex-1988156792","p1":"Longke","p2":"trix_n_trsh","format":"[Gen 9] National Dex","log":"|j|\u2606Longke\n|j|\u2606trix_n_trsh\n|t:|1699676912\n|gametype|singles\n|player|p1|Longke|hilbert-wonderlauncher|1308\n|player|p2|trix_n_trsh|pokemonbreeder-gen4|1349\n|teamsize|p1|6\n|teamsize|p2|6\n|gen|9\n|tier|[Gen 9] National Dex\n|rated|\n|rule|HP Percentage Mod: HP is shown in percentages\n|rule|Endless Battle Clause: Forcing endless battles is banned\n|rule|OHKO Clause: OHKO moves are banned\n|rule|Evasion Clause: Evasion abilities, items, and moves are banned\n|rule|Evasion Abilities Clause: Evasion abilities are banned\n|rule|Evasion Items Clause: Evasion items are banned\n|rule|Evasion Moves Clause: Evasion moves are banned\n|rule|Species Clause: Limit one of each Pok\u00e9mon\n|rule|Sleep Clause Mod: Limit one foe put to sleep\n|clearpoke\n|poke|p1|Dragonite, F|\n|poke|p1|Kommo-o, M|\n|poke|p1|Rillaboom, F|\n|poke|p1|Heatran, F|\n|poke|p1|Dondozo, F|\n|poke|p1|Charizard, F|\n|poke|p2|Gliscor, F|\n|poke|p2|Tyranitar, F|\n|poke|p2|Ursaluna, M|\n|poke|p2|Great Tusk|\n|poke|p2|Gastrodon, F|\n|poke|p2|Goodra, F|\n|teampreview\n|inactive|Battle timer is ON: inactive players will automatically lose when time's up. (requested by trix_n_trsh)\n|inactive|Longke has 120 seconds left.\n|\n|t:|1699676944\n|start\n|switch|p1a: Kommo-o|Kommo-o, M|100\/100\n|switch|p2a: Goodra|Goodra, F|100\/100\n|turn|1\n|\n|t:|1699676954\n|-zpower|p1a: Kommo-o\n|move|p1a: Kommo-o|Clangorous Soulblaze|p2a: Goodra|[zeffect]\n|-supereffective|p2a: Goodra\n|-damage|p2a: Goodra|30\/100\n|-boost|p1a: Kommo-o|atk|1\n|-boost|p1a: Kommo-o|def|1\n|-boost|p1a: Kommo-o|spa|1\n|-boost|p1a: Kommo-o|spd|1\n|-boost|p1a: Kommo-o|spe|1\n|move|p2a: Goodra|Dragon Pulse|p1a: Kommo-o\n|-supereffective|p1a: Kommo-o\n|-damage|p1a: Kommo-o|32\/100\n|\n|upkeep\n|turn|2\n|\n|t:|1699676974\n|move|p1a: Kommo-o|Flash Cannon|p2a: Goodra\n|-damage|p2a: Goodra|16\/100\n|move|p2a: Goodra|Dragon Pulse|p1a: Kommo-o\n|-supereffective|p1a: Kommo-o\n|-crit|p1a: Kommo-o\n|-damage|p1a: Kommo-o|0 fnt\n|faint|p1a: Kommo-o\n|\n|upkeep\n|\n|t:|1699676990\n|switch|p1a: Charizard|Charizard, F|100\/100\n|turn|3\n|\n|t:|1699676996\n|detailschange|p1a: Charizard|Charizard-Mega-Y, F\n|-mega|p1a: Charizard|Charizard|Charizardite Y\n|-weather|SunnyDay|[from] ability: Drought|[of] p1a: Charizard\n|move|p1a: Charizard|Dragon Pulse|p2a: Goodra\n|-supereffective|p2a: Goodra\n|-damage|p2a: Goodra|0 fnt\n|faint|p2a: Goodra\n|\n|-weather|SunnyDay|[upkeep]\n|upkeep\n|\n|t:|1699677001\n|switch|p2a: Tyranitar|Tyranitar, F|100\/100\n|-weather|Sandstorm|[from] ability: Sand Stream|[of] p2a: Tyranitar\n|turn|4\n|\n|t:|1699677007\n|switch|p1a: Dondozo|Dondozo, F|100\/100\n|move|p2a: Tyranitar|Stealth Rock|p1a: Dondozo\n|-sidestart|p1: Longke|move: Stealth Rock\n|\n|-weather|Sandstorm|[upkeep]\n|-damage|p1a: Dondozo|94\/100|[from] Sandstorm\n|upkeep\n|turn|5\n|\n|t:|1699677024\n|move|p2a: Tyranitar|Knock Off|p1a: Dondozo\n|-damage|p1a: Dondozo|66\/100\n|-damage|p2a: Tyranitar|84\/100|[from] item: Rocky Helmet|[of] p1a: Dondozo\n|-enditem|p1a: Dondozo|Rocky Helmet|[from] move: Knock Off|[of] p2a: Tyranitar\n|move|p1a: Dondozo|Wave Crash|p2a: Tyranitar\n|-supereffective|p2a: Tyranitar\n|-damage|p2a: Tyranitar|19\/100\n|-damage|p1a: Dondozo|50\/100|[from] Recoil\n|\n|-weather|Sandstorm|[upkeep]\n|-damage|p1a: Dondozo|43\/100|[from] Sandstorm\n|upkeep\n|turn|6\n|\n|t:|1699677038\n|switch|p2a: Gastrodon|Gastrodon, F|100\/100\n|move|p1a: Dondozo|Rest|p1a: Dondozo\n|-status|p1a: Dondozo|slp|[from] move: Rest\n|-heal|p1a: Dondozo|100\/100 slp|[silent]\n|\n|-weather|Sandstorm|[upkeep]\n|-damage|p1a: Dondozo|94\/100 slp|[from] Sandstorm\n|upkeep\n|turn|7\n|\n|t:|1699677052\n|move|p2a: Gastrodon|Earth Power|p1a: Dondozo\n|-damage|p1a: Dondozo|69\/100 slp\n|cant|p1a: Dondozo|slp\n|move|p1a: Dondozo|Sleep Talk|p1a: Dondozo\n|move|p1a: Dondozo|Avalanche|p2a: Gastrodon|[from]move: Sleep Talk\n|-damage|p2a: Gastrodon|71\/100\n|\n|-weather|Sandstorm|[upkeep]\n|-damage|p1a: Dondozo|63\/100 slp|[from] Sandstorm\n|-heal|p2a: Gastrodon|77\/100|[from] item: Leftovers\n|upkeep\n|turn|8\n|\n|t:|1699677067\n|switch|p1a: Rillaboom|Rillaboom, F|100\/100\n|-damage|p1a: Rillaboom|88\/100|[from] Stealth Rock\n|-fieldstart|move: Grassy Terrain|[from] ability: Grassy Surge|[of] p1a: Rillaboom\n|move|p2a: Gastrodon|Earth Power|p1a: Rillaboom\n|-resisted|p1a: Rillaboom\n|-damage|p1a: Rillaboom|73\/100\n|\n|-weather|Sandstorm|[upkeep]\n|-damage|p1a: Rillaboom|67\/100|[from] Sandstorm\n|-heal|p1a: Rillaboom|73\/100|[from] Grassy Terrain\n|-heal|p2a: Gastrodon|83\/100|[from] Grassy Terrain\n|-heal|p2a: Gastrodon|89\/100|[from] item: Leftovers\n|upkeep\n|turn|9\n|\n|t:|1699677090\n|move|p2a: Gastrodon|Protect|p2a: Gastrodon\n|-singleturn|p2a: Gastrodon|Protect\n|move|p1a: Rillaboom|Grassy Glide|p2a: Gastrodon\n|-activate|p2a: Gastrodon|move: Protect\n|\n|-weather|Sandstorm|[upkeep]\n|-damage|p1a: Rillaboom|67\/100|[from] Sandstorm\n|-heal|p1a: Rillaboom|73\/100|[from] Grassy Terrain\n|-heal|p2a: Gastrodon|95\/100|[from] Grassy Terrain\n|-heal|p2a: Gastrodon|100\/100|[from] item: Leftovers\n|upkeep\n|turn|10\n|inactive|Longke has 120 seconds left.\n|\n|t:|1699677109\n|switch|p2a: Gliscor|Gliscor, F|100\/100\n|move|p1a: Rillaboom|Grassy Glide|p2a: Gliscor\n|-damage|p2a: Gliscor|56\/100\n|-damage|p1a: Rillaboom|63\/100|[from] item: Life Orb\n|\n|-weather|Sandstorm|[upkeep]\n|-damage|p1a: Rillaboom|57\/100|[from] Sandstorm\n|-heal|p1a: Rillaboom|63\/100|[from] Grassy Terrain\n|-status|p2a: Gliscor|tox|[from] item: Toxic Orb\n|upkeep\n|turn|11\n|inactive|Longke has 120 seconds left.\n|\n|t:|1699677139\n|switch|p1a: Dondozo|Dondozo, F|63\/100 slp\n|-damage|p1a: Dondozo|51\/100 slp|[from] Stealth Rock\n|move|p2a: Gliscor|Protect||[still]\n|-fail|p2a: Gliscor\n|\n|-weather|none\n|-heal|p1a: Dondozo|57\/100 slp|[from] Grassy Terrain\n|-heal|p2a: Gliscor|69\/100 tox|[from] ability: Poison Heal\n|upkeep\n|turn|12\n|\n|t:|1699677152\n|switch|p2a: Gastrodon|Gastrodon, F|100\/100\n|cant|p1a: Dondozo|slp\n|move|p1a: Dondozo|Sleep Talk|p1a: Dondozo\n|move|p1a: Dondozo|Rest||[from]move: Sleep Talk|[still]\n|-fail|p1a: Dondozo\n|\n|-heal|p1a: Dondozo|63\/100 slp|[from] Grassy Terrain\n|-fieldend|move: Grassy Terrain\n|upkeep\n|turn|13\n|\n|t:|1699677168\n|move|p2a: Gastrodon|Scald|p1a: Dondozo\n|-resisted|p1a: Dondozo\n|-damage|p1a: Dondozo|50\/100 slp\n|-curestatus|p1a: Dondozo|slp|[msg]\n|move|p1a: Dondozo|Avalanche|p2a: Gastrodon\n|-damage|p2a: Gastrodon|75\/100\n|\n|-heal|p2a: Gastrodon|81\/100|[from] item: Leftovers\n|upkeep\n|turn|14\n|\n|t:|1699677184\n|switch|p1a: Rillaboom|Rillaboom, F|63\/100\n|-damage|p1a: Rillaboom|51\/100|[from] Stealth Rock\n|-fieldstart|move: Grassy Terrain|[from] ability: Grassy Surge|[of] p1a: Rillaboom\n|move|p2a: Gastrodon|Scald|p1a: Rillaboom\n|-resisted|p1a: Rillaboom\n|-damage|p1a: Rillaboom|39\/100\n|-status|p1a: Rillaboom|brn\n|\n|-heal|p1a: Rillaboom|45\/100 brn|[from] Grassy Terrain\n|-heal|p2a: Gastrodon|87\/100|[from] Grassy Terrain\n|-heal|p2a: Gastrodon|93\/100|[from] item: Leftovers\n|-damage|p1a: Rillaboom|39\/100 brn|[from] brn\n|upkeep\n|turn|15\n|inactive|Longke has 90 seconds left.\n|\n|t:|1699677218\n|move|p2a: Gastrodon|Protect|p2a: Gastrodon\n|-singleturn|p2a: Gastrodon|Protect\n|move|p1a: Rillaboom|Grassy Glide|p2a: Gastrodon\n|-activate|p2a: Gastrodon|move: Protect\n|\n|-heal|p1a: Rillaboom|45\/100 brn|[from] Grassy Terrain\n|-heal|p2a: Gastrodon|99\/100|[from] Grassy Terrain\n|-heal|p2a: Gastrodon|100\/100|[from] item: Leftovers\n|-damage|p1a: Rillaboom|39\/100 brn|[from] brn\n|upkeep\n|turn|16\n|\n|t:|1699677229\n|switch|p2a: Gliscor|Gliscor, F|69\/100 tox\n|move|p1a: Rillaboom|Grassy Glide|p2a: Gliscor\n|-damage|p2a: Gliscor|46\/100 tox\n|-damage|p1a: Rillaboom|29\/100 brn|[from] item: Life Orb\n|\n|-heal|p1a: Rillaboom|35\/100 brn|[from] Grassy Terrain\n|-heal|p2a: Gliscor|59\/100 tox|[from] ability: Poison Heal\n|-damage|p1a: Rillaboom|29\/100 brn|[from] brn\n|upkeep\n|turn|17\n|\n|t:|1699677242\n|move|p2a: Gliscor|Protect|p2a: Gliscor\n|-singleturn|p2a: Gliscor|Protect\n|move|p1a: Rillaboom|Knock Off|p2a: Gliscor\n|-activate|p2a: Gliscor|move: Protect\n|\n|-heal|p1a: Rillaboom|35\/100 brn|[from] Grassy Terrain\n|-heal|p2a: Gliscor|71\/100 tox|[from] ability: Poison Heal\n|-damage|p1a: Rillaboom|29\/100 brn|[from] brn\n|upkeep\n|turn|18\n|\n|t:|1699677255\n|move|p1a: Rillaboom|Grassy Glide|p2a: Gliscor\n|-damage|p2a: Gliscor|50\/100 tox\n|-damage|p1a: Rillaboom|19\/100 brn|[from] item: Life Orb\n|move|p2a: Gliscor|Dual Wingbeat|p1a: Rillaboom\n|-supereffective|p1a: Rillaboom\n|-damage|p1a: Rillaboom|0 fnt\n|faint|p1a: Rillaboom\n|-hitcount|p1: Rillaboom|1\n|\n|-heal|p2a: Gliscor|62\/100 tox|[from] ability: Poison Heal\n|-fieldend|move: Grassy Terrain\n|upkeep\n|\n|t:|1699677267\n|switch|p1a: Dragonite|Dragonite, F|100\/100\n|-damage|p1a: Dragonite|76\/100|[from] Stealth Rock\n|turn|19\n|\n|t:|1699677277\n|switch|p2a: Great Tusk|Great Tusk|100\/100\n|-terastallize|p1a: Dragonite|Normal\n|move|p1a: Dragonite|Extreme Speed|p2a: Great Tusk\n|-damage|p2a: Great Tusk|48\/100\n|\n|upkeep\n|turn|20\n|inactive|Longke has 60 seconds left.\n|\n|t:|1699677299\n|switch|p1a: Dondozo|Dondozo, F|50\/100\n|-damage|p1a: Dondozo|37\/100|[from] Stealth Rock\n|move|p2a: Great Tusk|Close Combat|p1a: Dondozo\n|-damage|p1a: Dondozo|1\/100\n|-unboost|p2a: Great Tusk|def|1\n|-unboost|p2a: Great Tusk|spd|1\n|\n|upkeep\n|turn|21\n|inactive|Longke has 60 seconds left.\n|\n|t:|1699677316\n|move|p2a: Great Tusk|Rapid Spin|p1a: Dondozo\n|-damage|p1a: Dondozo|0 fnt\n|-boost|p2a: Great Tusk|spe|1\n|faint|p1a: Dondozo\n|\n|upkeep\n|\n|t:|1699677322\n|switch|p1a: Dragonite|Dragonite, F, tera:Normal|76\/100\n|-damage|p1a: Dragonite|63\/100|[from] Stealth Rock\n|turn|22\n|inactive|Longke has 60 seconds left.\n|\n|t:|1699677327\n|move|p1a: Dragonite|Extreme Speed|p2a: Great Tusk\n|-damage|p2a: Great Tusk|0 fnt\n|faint|p2a: Great Tusk\n|-end|p2a: Great Tusk|Protosynthesis|[silent]\n|\n|upkeep\n|\n|t:|1699677330\n|switch|p2a: Ursaluna|Ursaluna, M|100\/100\n|turn|23\n|\n|t:|1699677336\n|move|p2a: Ursaluna|Protect|p2a: Ursaluna\n|-singleturn|p2a: Ursaluna|Protect\n|move|p1a: Dragonite|Extreme Speed|p2a: Ursaluna\n|-activate|p2a: Ursaluna|move: Protect\n|\n|upkeep\n|turn|24\n|\n|t:|1699677343\n|move|p1a: Dragonite|Extreme Speed|p2a: Ursaluna\n|-damage|p2a: Ursaluna|62\/100\n|move|p2a: Ursaluna|Body Press|p1a: Dragonite\n|-supereffective|p1a: Dragonite\n|-damage|p1a: Dragonite|5\/100\n|\n|-heal|p2a: Ursaluna|68\/100|[from] item: Leftovers\n|upkeep\n|turn|25\n|\n|t:|1699677354\n|move|p1a: Dragonite|Extreme Speed|p2a: Ursaluna\n|-damage|p2a: Ursaluna|33\/100\n|move|p2a: Ursaluna|Facade|p1a: Dragonite\n|-damage|p1a: Dragonite|0 fnt\n|faint|p1a: Dragonite\n|\n|-heal|p2a: Ursaluna|39\/100|[from] item: Leftovers\n|upkeep\n|\n|t:|1699677362\n|switch|p1a: Heatran|Heatran, F|100\/100\n|-damage|p1a: Heatran|88\/100|[from] Stealth Rock\n|turn|26\n|\n|t:|1699677371\n|move|p2a: Ursaluna|Protect|p2a: Ursaluna\n|-singleturn|p2a: Ursaluna|Protect\n|move|p1a: Heatran|Magma Storm|p2a: Ursaluna\n|-activate|p2a: Ursaluna|move: Protect\n|\n|-heal|p1a: Heatran|94\/100|[from] item: Leftovers\n|-heal|p2a: Ursaluna|45\/100|[from] item: Leftovers\n|upkeep\n|turn|27\n|inactive|Longke has 90 seconds left.\n|\n|t:|1699677380\n|move|p1a: Heatran|Magma Storm|p2a: Ursaluna|[miss]\n|-miss|p1a: Heatran|p2a: Ursaluna\n|move|p2a: Ursaluna|Headlong Rush|p1a: Heatran\n|-supereffective|p1a: Heatran\n|-damage|p1a: Heatran|0 fnt\n|-unboost|p2a: Ursaluna|def|1\n|-unboost|p2a: Ursaluna|spd|1\n|faint|p1a: Heatran\n|\n|-heal|p2a: Ursaluna|52\/100|[from] item: Leftovers\n|upkeep\n|inactive|Longke has 90 seconds left.\n|\n|t:|1699677391\n|switch|p1a: Charizard|Charizard-Mega-Y, F|100\/100\n|-damage|p1a: Charizard|51\/100|[from] Stealth Rock\n|-weather|SunnyDay|[from] ability: Drought|[of] p1a: Charizard\n|turn|28\n|inactive|Longke has 90 seconds left.\n|\n|t:|1699677412\n|move|p1a: Charizard|Solar Beam||[still]\n|-prepare|p1a: Charizard|Solar Beam\n|-anim|p1a: Charizard|Solar Beam|p2a: Ursaluna\n|-supereffective|p2a: Ursaluna\n|-damage|p2a: Ursaluna|0 fnt\n|faint|p2a: Ursaluna\n|\n|-weather|SunnyDay|[upkeep]\n|upkeep\n|\n|t:|1699677417\n|switch|p2a: Tyranitar|Tyranitar, F|19\/100\n|-weather|Sandstorm|[from] ability: Sand Stream|[of] p2a: Tyranitar\n|turn|29\n|\n|t:|1699677429\n|move|p1a: Charizard|Dragon Pulse|p2a: Tyranitar\n|-damage|p2a: Tyranitar|0 fnt\n|faint|p2a: Tyranitar\n|\n|-weather|Sandstorm|[upkeep]\n|-damage|p1a: Charizard|45\/100|[from] Sandstorm\n|upkeep\n|\n|t:|1699677433\n|switch|p2a: Gastrodon|Gastrodon, F|100\/100\n|turn|30\n|\n|t:|1699677440\n|move|p1a: Charizard|Solar Beam||[still]\n|-prepare|p1a: Charizard|Solar Beam\n|move|p2a: Gastrodon|Scald|p1a: Charizard\n|-supereffective|p1a: Charizard\n|-damage|p1a: Charizard|0 fnt\n|faint|p1a: Charizard\n|\n|win|trix_n_trsh\n|raw|Longke's rating: 1308 &rarr; <strong>1290<\/strong><br \/>(-18 for losing)\n|raw|trix_n_trsh's rating: 1349 &rarr; <strong>1367<\/strong><br \/>(+18 for winning)\n|l|\u2606Longke\n|c|\u2606trix_n_trsh|gg\n","uploadtime":1699677452,"views":6,"p1id":"longke","p2id":"trixntrsh","formatid":"gen9nationaldex","rating":1290,"private":0,"password":""}