{"id":"gen9nationaldex-1997393315","p1":"Clayllll","p2":"BadPoc","format":"[Gen 9] National Dex","log":"|html|<div class=\"broadcast-blue\"><strong>[Gen 9] National Dex is currently suspecting Sneasler! For information on how to participate check out the <a href=\"https:\/\/www.smogon.com\/forums\/threads\/sv-national-dex-suspect-8-just-dance.3731534\/\">suspect thread<\/a>.<\/strong><\/div>\n|j|\u2606Clayllll\n|j|\u2606BadPoc\n|t:|1700798353\n|gametype|singles\n|player|p1|Clayllll|flannery|\n|player|p2|BadPoc|wallace|\n|teamsize|p1|6\n|teamsize|p2|6\n|gen|9\n|tier|[Gen 9] National Dex\n|rule|HP Percentage Mod: HP is shown in percentages\n|rule|Endless Battle Clause: Forcing endless battles is banned\n|rule|OHKO Clause: OHKO moves are banned\n|rule|Evasion Clause: Evasion abilities, items, and moves are banned\n|rule|Evasion Abilities Clause: Evasion abilities are banned\n|rule|Evasion Items Clause: Evasion items are banned\n|rule|Evasion Moves Clause: Evasion moves are banned\n|rule|Species Clause: Limit one of each Pok\u00e9mon\n|rule|Sleep Clause Mod: Limit one foe put to sleep\n|clearpoke\n|poke|p1|Torkoal, F|\n|poke|p1|Typhlosion-Hisui, F|\n|poke|p1|Salazzle, F|\n|poke|p1|Arcanine, F|\n|poke|p1|Volcarona, F|\n|poke|p1|Coalossal, M|\n|poke|p2|Volcarona, M|\n|poke|p2|Marowak-Alola, M|\n|poke|p2|Ninetales, F|\n|poke|p2|Salazzle, F|\n|poke|p2|Oricorio, F|\n|poke|p2|Delphox, M|\n|teampreview\n|inactive|Battle timer is ON: inactive players will automatically lose when time's up. (requested by BadPoc)\n|\n|t:|1700798367\n|start\n|switch|p1a: Gwen|Salazzle, F, shiny|100\/100\n|switch|p2a: Delphox|Delphox, M|100\/100\n|turn|1\n|\n|t:|1700798376\n|move|p1a: Gwen|Toxic Spikes|p2a: Delphox\n|-sidestart|p2: BadPoc|move: Toxic Spikes\n|move|p2a: Delphox|Future Sight|p1a: Gwen\n|-start|p2a: Delphox|move: Future Sight\n|\n|upkeep\n|turn|2\n|\n|t:|1700798382\n|move|p1a: Gwen|Substitute|p1a: Gwen\n|-start|p1a: Gwen|Substitute\n|-damage|p1a: Gwen|76\/100\n|move|p2a: Delphox|Light Screen|p2a: Delphox\n|-sidestart|p2: BadPoc|move: Light Screen\n|\n|-heal|p1a: Gwen|82\/100|[from] item: Black Sludge\n|upkeep\n|turn|3\n|\n|t:|1700798390\n|move|p1a: Gwen|Toxic|p2a: Delphox\n|-status|p2a: Delphox|tox\n|move|p2a: Delphox|Reflect|p2a: Delphox\n|-sidestart|p2: BadPoc|Reflect\n|\n|-end|p1a: Gwen|move: Future Sight\n|-supereffective|p1a: Gwen\n|-end|p1a: Gwen|Substitute\n|-heal|p1a: Gwen|88\/100|[from] item: Black Sludge\n|-damage|p2a: Delphox|94\/100 tox|[from] psn\n|upkeep\n|turn|4\n|\n|t:|1700798401\n|move|p1a: Gwen|Substitute|p1a: Gwen\n|-start|p1a: Gwen|Substitute\n|-damage|p1a: Gwen|63\/100\n|move|p2a: Delphox|Future Sight|p1a: Gwen\n|-start|p2a: Delphox|move: Future Sight\n|\n|-heal|p1a: Gwen|70\/100|[from] item: Black Sludge\n|-damage|p2a: Delphox|82\/100 tox|[from] psn\n|upkeep\n|turn|5\n|\n|t:|1700798410\n|switch|p2a: Sala|Salazzle, F|100\/100\n|-sideend|p2: BadPoc|move: Toxic Spikes|[of] p2a: Sala\n|move|p1a: Gwen|Dragon Pulse|p2a: Sala\n|-damage|p2a: Sala|82\/100\n|\n|-heal|p1a: Gwen|76\/100|[from] item: Black Sludge\n|-heal|p2a: Sala|88\/100|[from] item: Leftovers\n|upkeep\n|turn|6\n|\n|t:|1700798423\n|move|p1a: Gwen|Toxic Spikes|p2a: Sala\n|-sidestart|p2: BadPoc|move: Toxic Spikes\n|move|p2a: Sala|Substitute|p2a: Sala\n|-start|p2a: Sala|Substitute\n|-damage|p2a: Sala|63\/100\n|\n|-end|p1a: Gwen|move: Future Sight\n|-supereffective|p1a: Gwen\n|-end|p1a: Gwen|Substitute\n|-heal|p1a: Gwen|82\/100|[from] item: Black Sludge\n|-heal|p2a: Sala|69\/100|[from] item: Leftovers\n|upkeep\n|turn|7\n|\n|t:|1700798434\n|move|p1a: Gwen|Substitute|p1a: Gwen\n|-start|p1a: Gwen|Substitute\n|-damage|p1a: Gwen|57\/100\n|move|p2a: Sala|Toxic||[still]\n|-fail|p2a: Sala\n|\n|-heal|p1a: Gwen|63\/100|[from] item: Black Sludge\n|-heal|p2a: Sala|75\/100|[from] item: Leftovers\n|upkeep\n|turn|8\n|\n|t:|1700798444\n|move|p1a: Gwen|Dragon Pulse|p2a: Sala\n|-activate|p2a: Sala|move: Substitute|[damage]\n|move|p2a: Sala|Flamethrower|p1a: Gwen\n|-resisted|p1a: Gwen\n|-end|p1a: Gwen|Substitute\n|\n|-heal|p1a: Gwen|70\/100|[from] item: Black Sludge\n|-heal|p2a: Sala|81\/100|[from] item: Leftovers\n|upkeep\n|turn|9\n|\n|t:|1700798458\n|switch|p1a: Fogueira santa|Coalossal, M, shiny|100\/100\n|move|p2a: Sala|Flamethrower|p1a: Fogueira santa\n|-resisted|p1a: Fogueira santa\n|-damage|p1a: Fogueira santa|92\/100\n|-ability|p1a: Fogueira santa|Steam Engine|boost\n|-boost|p1a: Fogueira santa|spe|6\n|\n|-heal|p1a: Fogueira santa|98\/100|[from] item: Leftovers\n|-heal|p2a: Sala|87\/100|[from] item: Leftovers\n|-sideend|p2: BadPoc|move: Light Screen\n|upkeep\n|turn|10\n|\n|t:|1700798471\n|move|p1a: Fogueira santa|Stealth Rock|p2a: Sala\n|-sidestart|p2: BadPoc|move: Stealth Rock\n|move|p2a: Sala|Toxic|p1a: Fogueira santa\n|-status|p1a: Fogueira santa|tox\n|\n|-heal|p1a: Fogueira santa|100\/100 tox|[from] item: Leftovers\n|-heal|p2a: Sala|93\/100|[from] item: Leftovers\n|-damage|p1a: Fogueira santa|94\/100 tox|[from] psn\n|-sideend|p2: BadPoc|Reflect\n|upkeep\n|turn|11\n|\n|t:|1700798482\n|move|p2a: Sala|Protect|p2a: Sala\n|-singleturn|p2a: Sala|Protect\n|move|p1a: Fogueira santa|Earthquake|p2a: Sala\n|-activate|p2a: Sala|move: Protect\n|\n|-heal|p1a: Fogueira santa|100\/100 tox|[from] item: Leftovers\n|-heal|p2a: Sala|99\/100|[from] item: Leftovers\n|-damage|p1a: Fogueira santa|88\/100 tox|[from] psn\n|upkeep\n|turn|12\n|\n|t:|1700798497\n|move|p1a: Fogueira santa|Earthquake|p2a: Sala\n|-supereffective|p2a: Sala\n|-end|p2a: Sala|Substitute\n|move|p2a: Sala|Substitute|p2a: Sala\n|-start|p2a: Sala|Substitute\n|-damage|p2a: Sala|74\/100\n|\n|-heal|p1a: Fogueira santa|94\/100 tox|[from] item: Leftovers\n|-heal|p2a: Sala|80\/100|[from] item: Leftovers\n|-damage|p1a: Fogueira santa|76\/100 tox|[from] psn\n|upkeep\n|turn|13\n|\n|t:|1700798510\n|move|p2a: Sala|Protect|p2a: Sala\n|-singleturn|p2a: Sala|Protect\n|move|p1a: Fogueira santa|Earthquake|p2a: Sala\n|-activate|p2a: Sala|move: Protect\n|\n|-heal|p1a: Fogueira santa|82\/100 tox|[from] item: Leftovers\n|-heal|p2a: Sala|86\/100|[from] item: Leftovers\n|-damage|p1a: Fogueira santa|58\/100 tox|[from] psn\n|upkeep\n|turn|14\n|\n|t:|1700798528\n|move|p1a: Fogueira santa|Earthquake|p2a: Sala\n|-supereffective|p2a: Sala\n|-end|p2a: Sala|Substitute\n|move|p2a: Sala|Toxic|p1a: Fogueira santa\n|-fail|p1a: Fogueira santa|tox\n|\n|-heal|p1a: Fogueira santa|64\/100 tox|[from] item: Leftovers\n|-heal|p2a: Sala|92\/100|[from] item: Leftovers\n|-damage|p1a: Fogueira santa|33\/100 tox|[from] psn\n|upkeep\n|turn|15\n|\n|t:|1700798539\n|move|p2a: Sala|Protect|p2a: Sala\n|-singleturn|p2a: Sala|Protect\n|move|p1a: Fogueira santa|Earthquake|p2a: Sala\n|-activate|p2a: Sala|move: Protect\n|\n|-heal|p1a: Fogueira santa|39\/100 tox|[from] item: Leftovers\n|-heal|p2a: Sala|98\/100|[from] item: Leftovers\n|-damage|p1a: Fogueira santa|2\/100 tox|[from] psn\n|upkeep\n|turn|16\n|\n|t:|1700798553\n|switch|p2a: Festiva|Oricorio, F|100\/100\n|-damage|p2a: Festiva|51\/100|[from] Stealth Rock\n|move|p1a: Fogueira santa|Earthquake|p2a: Festiva\n|-immune|p2a: Festiva\n|\n|-heal|p1a: Fogueira santa|9\/100 tox|[from] item: Leftovers\n|-heal|p2a: Festiva|57\/100|[from] item: Leftovers\n|-damage|p1a: Fogueira santa|0 fnt|[from] psn\n|faint|p1a: Fogueira santa\n|upkeep\n|\n|t:|1700798565\n|switch|p1a: Febre|Arcanine, F, shiny|100\/100\n|-ability|p1a: Febre|Intimidate|boost\n|-unboost|p2a: Festiva|atk|1\n|turn|17\n|\n|t:|1700798576\n|move|p1a: Febre|Extreme Speed|p2a: Festiva\n|-damage|p2a: Festiva|22\/100\n|move|p2a: Festiva|Quiver Dance|p2a: Festiva\n|-boost|p2a: Festiva|spa|1\n|-boost|p2a: Festiva|spd|1\n|-boost|p2a: Festiva|spe|1\n|\n|-heal|p2a: Festiva|28\/100|[from] item: Leftovers\n|upkeep\n|turn|18\n|\n|t:|1700798585\n|move|p1a: Febre|Extreme Speed|p2a: Festiva\n|-damage|p2a: Festiva|0 fnt\n|faint|p2a: Festiva\n|\n|upkeep\n|\n|t:|1700798595\n|switch|p2a: Delphox|Delphox, M|82\/100 tox\n|-damage|p2a: Delphox|57\/100 tox|[from] Stealth Rock\n|turn|19\n|\n|t:|1700798600\n|move|p1a: Febre|Extreme Speed|p2a: Delphox\n|-damage|p2a: Delphox|25\/100 tox\n|move|p2a: Delphox|Reflect|p2a: Delphox\n|-sidestart|p2: BadPoc|Reflect\n|\n|-damage|p2a: Delphox|19\/100 tox|[from] psn\n|upkeep\n|turn|20\n|\n|t:|1700798611\n|move|p1a: Febre|Extreme Speed|p2a: Delphox\n|-damage|p2a: Delphox|3\/100 tox\n|move|p2a: Delphox|Light Screen|p2a: Delphox\n|-sidestart|p2: BadPoc|move: Light Screen\n|\n|-damage|p2a: Delphox|0 fnt|[from] psn\n|faint|p2a: Delphox\n|upkeep\n|\n|t:|1700798619\n|switch|p2a: Sala|Salazzle, F|98\/100\n|-sideend|p2: BadPoc|move: Toxic Spikes|[of] p2a: Sala\n|-damage|p2a: Sala|73\/100|[from] Stealth Rock\n|turn|21\n|\n|t:|1700798631\n|switch|p2a: Flama|Ninetales, F|100\/100\n|-damage|p2a: Flama|75\/100|[from] Stealth Rock\n|-weather|SunnyDay|[from] ability: Drought|[of] p2a: Flama\n|move|p1a: Febre|Extreme Speed|p2a: Flama\n|-damage|p2a: Flama|57\/100\n|\n|-weather|SunnyDay|[upkeep]\n|upkeep\n|turn|22\n|\n|t:|1700798643\n|move|p2a: Flama|Nasty Plot|p2a: Flama\n|-boost|p2a: Flama|spa|2\n|move|p1a: Febre|Heat Crash|p2a: Flama\n|-resisted|p2a: Flama\n|-damage|p2a: Flama|27\/100\n|\n|-weather|SunnyDay|[upkeep]\n|upkeep\n|turn|23\n|\n|t:|1700798655\n|move|p2a: Flama|Agility|p2a: Flama\n|-boost|p2a: Flama|spe|2\n|move|p1a: Febre|Heat Crash|p2a: Flama\n|-resisted|p2a: Flama\n|-damage|p2a: Flama|0 fnt\n|faint|p2a: Flama\n|\n|-weather|SunnyDay|[upkeep]\n|upkeep\n|\n|t:|1700798662\n|switch|p2a: Vodoo|Marowak-Alola, M|100\/100\n|-damage|p2a: Vodoo|76\/100|[from] Stealth Rock\n|turn|24\n|\n|t:|1700798670\n|move|p1a: Febre|Heat Crash|p2a: Vodoo\n|-resisted|p2a: Vodoo\n|-damage|p2a: Vodoo|55\/100\n|move|p2a: Vodoo|Flame Charge|p1a: Febre\n|-resisted|p1a: Febre\n|-damage|p1a: Febre|67\/100\n|-boost|p2a: Vodoo|spe|1\n|\n|-weather|SunnyDay|[upkeep]\n|upkeep\n|turn|25\n|\n|t:|1700798682\n|switch|p1a: Gwen|Salazzle, F, shiny|70\/100\n|move|p2a: Vodoo|Flame Charge|p1a: Gwen\n|-resisted|p1a: Gwen\n|-damage|p1a: Gwen|24\/100\n|-boost|p2a: Vodoo|spe|1\n|\n|-weather|none\n|-heal|p1a: Gwen|31\/100|[from] item: Black Sludge\n|upkeep\n|turn|26\n|\n|t:|1700798696\n|move|p2a: Vodoo|Earthquake|p1a: Gwen\n|-supereffective|p1a: Gwen\n|-damage|p1a: Gwen|0 fnt\n|faint|p1a: Gwen\n|\n|-sideend|p2: BadPoc|Reflect\n|upkeep\n|\n|t:|1700798703\n|switch|p1a: Brisadin|Torkoal, F, shiny|100\/100\n|-weather|SunnyDay|[from] ability: Drought|[of] p1a: Brisadin\n|turn|27\n|\n|t:|1700798715\n|move|p2a: Vodoo|Earthquake|p1a: Brisadin\n|-supereffective|p1a: Brisadin\n|-damage|p1a: Brisadin|32\/100\n|move|p1a: Brisadin|Curse|p1a: Brisadin\n|-unboost|p1a: Brisadin|spe|1\n|-boost|p1a: Brisadin|atk|1\n|-boost|p1a: Brisadin|def|1\n|\n|-weather|SunnyDay|[upkeep]\n|-sideend|p2: BadPoc|move: Light Screen\n|upkeep\n|turn|28\n|\n|t:|1700798725\n|move|p2a: Vodoo|Earthquake|p1a: Brisadin\n|-supereffective|p1a: Brisadin\n|-damage|p1a: Brisadin|0 fnt\n|faint|p1a: Brisadin\n|\n|-weather|SunnyDay|[upkeep]\n|upkeep\n|\n|t:|1700798732\n|switch|p1a: Ma-konha|Typhlosion-Hisui, F, shiny|100\/100\n|turn|29\n|\n|t:|1700798736\n|move|p2a: Vodoo|Earthquake|p1a: Ma-konha\n|-supereffective|p1a: Ma-konha\n|-damage|p1a: Ma-konha|0 fnt\n|faint|p1a: Ma-konha\n|\n|-weather|SunnyDay|[upkeep]\n|upkeep\n|\n|t:|1700798744\n|switch|p1a: Yane fil\u00e9|Volcarona, F, shiny|100\/100\n|turn|30\n|\n|t:|1700798749\n|move|p2a: Vodoo|Shadow Bone|p1a: Yane fil\u00e9\n|-damage|p1a: Yane fil\u00e9|7\/100\n|move|p1a: Yane fil\u00e9|Quiver Dance|p1a: Yane fil\u00e9\n|-boost|p1a: Yane fil\u00e9|spa|1\n|-boost|p1a: Yane fil\u00e9|spd|1\n|-boost|p1a: Yane fil\u00e9|spe|1\n|\n|-weather|SunnyDay|[upkeep]\n|upkeep\n|turn|31\n|\n|t:|1700798758\n|move|p1a: Yane fil\u00e9|Air Slash|p2a: Vodoo\n|-damage|p2a: Vodoo|0 fnt\n|faint|p2a: Vodoo\n|\n|-weather|SunnyDay|[upkeep]\n|upkeep\n|\n|t:|1700798772\n|switch|p2a: Sala|Salazzle, F|73\/100\n|-damage|p2a: Sala|48\/100|[from] Stealth Rock\n|turn|32\n|\n|t:|1700798779\n|move|p1a: Yane fil\u00e9|Air Slash|p2a: Sala\n|-damage|p2a: Sala|0 fnt\n|faint|p2a: Sala\n|\n|-weather|SunnyDay|[upkeep]\n|upkeep\n|\n|t:|1700798781\n|switch|p2a: Sol|Volcarona, M|100\/100\n|-damage|p2a: Sol|51\/100|[from] Stealth Rock\n|turn|33\n|\n|t:|1700798789\n|-terastallize|p2a: Sol|Fire\n|move|p1a: Yane fil\u00e9|Air Slash|p2a: Sol\n|-damage|p2a: Sol|8\/100\n|move|p2a: Sol|Air Slash|p1a: Yane fil\u00e9\n|-supereffective|p1a: Yane fil\u00e9\n|-damage|p1a: Yane fil\u00e9|0 fnt\n|faint|p1a: Yane fil\u00e9\n|\n|-weather|SunnyDay|[upkeep]\n|-heal|p2a: Sol|14\/100|[from] item: Leftovers\n|upkeep\n|\n|t:|1700798803\n|switch|p1a: Febre|Arcanine, F, shiny|67\/100\n|-ability|p1a: Febre|Intimidate|boost\n|-unboost|p2a: Sol|atk|1\n|turn|34\n|c|\u2606BadPoc|:(\n|\n|t:|1700798809\n|move|p1a: Febre|Extreme Speed|p2a: Sol\n|-damage|p2a: Sol|0 fnt\n|faint|p2a: Sol\n|\n|win|Clayllll\n","uploadtime":1700798830,"views":24,"p1id":"clayllll","p2id":"badpoc","formatid":"gen9nationaldex","rating":0,"private":0,"password":""}