{"id":"gen9nationaldex-1987361199","p1":"CrispyBlegh","p2":"RandoTestAccount","format":"[Gen 9] National Dex","log":"|j|\u2606CrispyBlegh\n|j|\u2606RandoTestAccount\n|t:|1699581770\n|gametype|singles\n|player|p1|CrispyBlegh|guitarist-gen4|1367\n|player|p2|RandoTestAccount|pokemonrangerf|1320\n|teamsize|p1|6\n|teamsize|p2|6\n|gen|9\n|tier|[Gen 9] National Dex\n|rated|\n|rule|HP Percentage Mod: HP is shown in percentages\n|rule|Endless Battle Clause: Forcing endless battles is banned\n|rule|OHKO Clause: OHKO moves are banned\n|rule|Evasion Clause: Evasion abilities, items, and moves are banned\n|rule|Evasion Abilities Clause: Evasion abilities are banned\n|rule|Evasion Items Clause: Evasion items are banned\n|rule|Evasion Moves Clause: Evasion moves are banned\n|rule|Species Clause: Limit one of each Pok\u00e9mon\n|rule|Sleep Clause Mod: Limit one foe put to sleep\n|clearpoke\n|poke|p1|Blaziken, F|\n|poke|p1|Mr. Mime, M|\n|poke|p1|Seaking, F|\n|poke|p1|Masquerain, M|\n|poke|p1|Uxie|\n|poke|p1|Brute Bonnet|\n|poke|p2|Umbreon, F|\n|poke|p2|Excadrill, F|\n|poke|p2|Corviknight, F|\n|poke|p2|Tapu Fini|\n|poke|p2|Sableye, F|\n|poke|p2|Dragalge, F|\n|teampreview\n|inactive|Battle timer is ON: inactive players will automatically lose when time's up. (requested by CrispyBlegh)\n|\n|t:|1699581775\n|start\n|switch|p1a: Uxie|Uxie|100\/100\n|switch|p2a: Spectre of Emerald|Sableye, F, shiny|100\/100\n|turn|1\n|\n|t:|1699581781\n|detailschange|p2a: Spectre of Emerald|Sableye-Mega, F, shiny\n|-mega|p2a: Spectre of Emerald|Sableye|Sablenite\n|move|p1a: Uxie|U-turn|p2a: Spectre of Emerald\n|-damage|p2a: Spectre of Emerald|93\/100\n|\n|t:|1699581796\n|switch|p1a: Blaziken|Blaziken, F|100\/100|[from] U-turn\n|move|p2a: Spectre of Emerald|Calm Mind|p2a: Spectre of Emerald\n|-boost|p2a: Spectre of Emerald|spa|1\n|-boost|p2a: Spectre of Emerald|spd|1\n|\n|upkeep\n|turn|2\n|\n|t:|1699581818\n|switch|p2a: Agony Steelheart|Dragalge, F, shiny|100\/100\n|move|p1a: Blaziken|Flare Blitz|p2a: Agony Steelheart\n|-resisted|p2a: Agony Steelheart\n|-damage|p2a: Agony Steelheart|52\/100\n|-damage|p1a: Blaziken|83\/100|[from] Recoil\n|\n|-heal|p2a: Agony Steelheart|58\/100|[from] item: Black Sludge\n|-ability|p1a: Blaziken|Speed Boost|boost\n|-boost|p1a: Blaziken|spe|1\n|upkeep\n|turn|3\n|\n|t:|1699581828\n|switch|p1a: Uxie|Uxie|100\/100\n|move|p2a: Agony Steelheart|Dragon Pulse|p1a: Uxie\n|-damage|p1a: Uxie|72\/100\n|\n|-heal|p1a: Uxie|78\/100|[from] item: Leftovers\n|-heal|p2a: Agony Steelheart|64\/100|[from] item: Black Sludge\n|upkeep\n|turn|4\n|\n|t:|1699581835\n|move|p1a: Uxie|U-turn|p2a: Agony Steelheart\n|-resisted|p2a: Agony Steelheart\n|-damage|p2a: Agony Steelheart|58\/100\n|\n|t:|1699581842\n|switch|p1a: Mr. Mime|Mr. Mime, M|100\/100|[from] U-turn\n|move|p2a: Agony Steelheart|Toxic|p1a: Mr. Mime\n|-status|p1a: Mr. Mime|tox\n|\n|-heal|p2a: Agony Steelheart|64\/100|[from] item: Black Sludge\n|-damage|p1a: Mr. Mime|95\/100 tox|[from] psn\n|upkeep\n|turn|5\n|\n|t:|1699581853\n|switch|p2a: Spectre of Emerald|Sableye-Mega, F, shiny|93\/100\n|move|p1a: Mr. Mime|Psyshock|p2a: Spectre of Emerald\n|-immune|p2a: Spectre of Emerald\n|\n|-damage|p1a: Mr. Mime|83\/100 tox|[from] psn\n|upkeep\n|turn|6\n|inactive|RandoTestAccount has 120 seconds left.\n|\n|t:|1699581883\n|switch|p2a: Ephialtes Keeper|Corviknight, F, shiny|100\/100\n|-ability|p2a: Ephialtes Keeper|Pressure\n|move|p1a: Mr. Mime|Icy Wind|p2a: Ephialtes Keeper\n|-damage|p2a: Ephialtes Keeper|82\/100\n|-unboost|p2a: Ephialtes Keeper|spe|1\n|\n|-damage|p1a: Mr. Mime|65\/100 tox|[from] psn\n|upkeep\n|turn|7\n|\n|t:|1699581905\n|-terastallize|p1a: Mr. Mime|Electric\n|move|p1a: Mr. Mime|Shock Wave|p2a: Ephialtes Keeper\n|-supereffective|p2a: Ephialtes Keeper\n|-damage|p2a: Ephialtes Keeper|22\/100\n|move|p2a: Ephialtes Keeper|U-turn|p1a: Mr. Mime\n|-damage|p1a: Mr. Mime|32\/100 tox\n|inactive|RandoTestAccount has 120 seconds left.\n|inactive|RandoTestAccount has 90 seconds left.\n|\n|t:|1699581959\n|switch|p2a: Agony Steelheart|Dragalge, F, shiny|64\/100|[from] U-turn\n|\n|-heal|p2a: Agony Steelheart|70\/100|[from] item: Black Sludge\n|-damage|p1a: Mr. Mime|9\/100 tox|[from] psn\n|upkeep\n|turn|8\n|inactive|RandoTestAccount has 90 seconds left.\n|\n|t:|1699581973\n|switch|p2a: Spectre of Emerald|Sableye-Mega, F, shiny|93\/100\n|move|p1a: Mr. Mime|Icy Wind|p2a: Spectre of Emerald\n|-damage|p2a: Spectre of Emerald|67\/100\n|-unboost|p2a: Spectre of Emerald|spe|1\n|\n|-damage|p1a: Mr. Mime|0 fnt|[from] psn\n|faint|p1a: Mr. Mime\n|upkeep\n|\n|t:|1699581979\n|switch|p1a: Seaking|Seaking, F|100\/100\n|turn|9\n|\n|t:|1699581990\n|move|p1a: Seaking|Waterfall|p2a: Spectre of Emerald\n|-damage|p2a: Spectre of Emerald|32\/100\n|-damage|p1a: Seaking|91\/100|[from] item: Life Orb\n|move|p2a: Spectre of Emerald|Will-O-Wisp|p1a: Seaking\n|-status|p1a: Seaking|brn\n|\n|-damage|p1a: Seaking|85\/100 brn|[from] brn\n|upkeep\n|turn|10\n|\n|t:|1699581997\n|switch|p1a: Blaziken|Blaziken, F|83\/100\n|move|p2a: Spectre of Emerald|Recover|p2a: Spectre of Emerald\n|-heal|p2a: Spectre of Emerald|82\/100\n|\n|upkeep\n|turn|11\n|\n|t:|1699582008\n|switch|p2a: The Droplet Tear|Tapu Fini, shiny|100\/100\n|-fieldstart|move: Misty Terrain|[from] ability: Misty Surge|[of] p2a: The Droplet Tear\n|move|p1a: Blaziken|Knock Off|p2a: The Droplet Tear\n|-resisted|p2a: The Droplet Tear\n|-damage|p2a: The Droplet Tear|83\/100\n|-enditem|p2a: The Droplet Tear|Leftovers|[from] move: Knock Off|[of] p1a: Blaziken\n|\n|-ability|p1a: Blaziken|Speed Boost|boost\n|-boost|p1a: Blaziken|spe|1\n|upkeep\n|turn|12\n|\n|t:|1699582024\n|switch|p1a: Seaking|Seaking, F|85\/100 brn\n|move|p2a: The Droplet Tear|Scald|p1a: Seaking\n|-resisted|p1a: Seaking\n|-damage|p1a: Seaking|70\/100 brn\n|\n|-damage|p1a: Seaking|64\/100 brn|[from] brn\n|upkeep\n|turn|13\n|\n|t:|1699582033\n|move|p2a: The Droplet Tear|Calm Mind|p2a: The Droplet Tear\n|-boost|p2a: The Droplet Tear|spa|1\n|-boost|p2a: The Droplet Tear|spd|1\n|move|p1a: Seaking|Drill Run|p2a: The Droplet Tear\n|-crit|p2a: The Droplet Tear\n|-damage|p2a: The Droplet Tear|67\/100\n|-damage|p1a: Seaking|54\/100 brn|[from] item: Life Orb\n|\n|-damage|p1a: Seaking|48\/100 brn|[from] brn\n|upkeep\n|turn|14\n|inactive|RandoTestAccount has 120 seconds left.\n|\n|t:|1699582060\n|move|p2a: The Droplet Tear|Substitute|p2a: The Droplet Tear\n|-start|p2a: The Droplet Tear|Substitute\n|-damage|p2a: The Droplet Tear|42\/100\n|move|p1a: Seaking|Waterfall|p2a: The Droplet Tear\n|-resisted|p2a: The Droplet Tear\n|-activate|p2a: The Droplet Tear|move: Substitute|[damage]\n|-damage|p1a: Seaking|38\/100 brn|[from] item: Life Orb\n|\n|-damage|p1a: Seaking|32\/100 brn|[from] brn\n|upkeep\n|turn|15\n|\n|t:|1699582063\n|move|p2a: The Droplet Tear|Calm Mind|p2a: The Droplet Tear\n|-boost|p2a: The Droplet Tear|spa|1\n|-boost|p2a: The Droplet Tear|spd|1\n|move|p1a: Seaking|Waterfall|p2a: The Droplet Tear\n|-resisted|p2a: The Droplet Tear\n|-activate|p2a: The Droplet Tear|move: Substitute|[damage]\n|-damage|p1a: Seaking|22\/100 brn|[from] item: Life Orb\n|\n|-damage|p1a: Seaking|16\/100 brn|[from] brn\n|-fieldend|Misty Terrain\n|upkeep\n|turn|16\n|\n|t:|1699582087\n|move|p2a: The Droplet Tear|Calm Mind|p2a: The Droplet Tear\n|-boost|p2a: The Droplet Tear|spa|1\n|-boost|p2a: The Droplet Tear|spd|1\n|move|p1a: Seaking|Waterfall|p2a: The Droplet Tear\n|-resisted|p2a: The Droplet Tear\n|-end|p2a: The Droplet Tear|Substitute\n|-damage|p1a: Seaking|6\/100 brn|[from] item: Life Orb\n|\n|-damage|p1a: Seaking|0 fnt|[from] brn\n|faint|p1a: Seaking\n|upkeep\n|\n|t:|1699582095\n|switch|p1a: Masquerain|Masquerain, M|100\/100\n|-ability|p1a: Masquerain|Intimidate|boost\n|-unboost|p2a: The Droplet Tear|atk|1\n|turn|17\n|\n|t:|1699582119\n|switch|p2a: Spectre of Emerald|Sableye-Mega, F, shiny|82\/100\n|move|p1a: Masquerain|Stun Spore|p2a: Spectre of Emerald\n|move|p2a: Spectre of Emerald|Stun Spore|p1a: Masquerain|[from]ability: Magic Bounce\n|-status|p1a: Masquerain|par\n|\n|upkeep\n|turn|18\n|\n|t:|1699582126\n|move|p1a: Masquerain|Ice Beam|p2a: Spectre of Emerald\n|-damage|p2a: Spectre of Emerald|57\/100\n|move|p2a: Spectre of Emerald|Calm Mind|p2a: Spectre of Emerald\n|-boost|p2a: Spectre of Emerald|spa|1\n|-boost|p2a: Spectre of Emerald|spd|1\n|\n|upkeep\n|turn|19\n|\n|t:|1699582131\n|move|p1a: Masquerain|Ice Beam|p2a: Spectre of Emerald\n|-damage|p2a: Spectre of Emerald|42\/100\n|move|p2a: Spectre of Emerald|Calm Mind|p2a: Spectre of Emerald\n|-boost|p2a: Spectre of Emerald|spa|1\n|-boost|p2a: Spectre of Emerald|spd|1\n|\n|upkeep\n|turn|20\n|\n|t:|1699582135\n|switch|p1a: Blaziken|Blaziken, F|83\/100\n|move|p2a: Spectre of Emerald|Recover|p2a: Spectre of Emerald\n|-heal|p2a: Spectre of Emerald|92\/100\n|\n|upkeep\n|turn|21\n|\n|t:|1699582144\n|move|p1a: Blaziken|Flare Blitz|p2a: Spectre of Emerald\n|-damage|p2a: Spectre of Emerald|25\/100\n|-damage|p1a: Blaziken|61\/100|[from] Recoil\n|move|p2a: Spectre of Emerald|Dark Pulse|p1a: Blaziken\n|-resisted|p1a: Blaziken\n|-damage|p1a: Blaziken|24\/100\n|\n|-ability|p1a: Blaziken|Speed Boost|boost\n|-boost|p1a: Blaziken|spe|1\n|upkeep\n|turn|22\n|\n|t:|1699582155\n|switch|p2a: The Droplet Tear|Tapu Fini, shiny|42\/100\n|-fieldstart|move: Misty Terrain|[from] ability: Misty Surge|[of] p2a: The Droplet Tear\n|move|p1a: Blaziken|Flare Blitz|p2a: The Droplet Tear\n|-resisted|p2a: The Droplet Tear\n|-damage|p2a: The Droplet Tear|11\/100\n|-damage|p1a: Blaziken|14\/100|[from] Recoil\n|\n|-ability|p1a: Blaziken|Speed Boost|boost\n|-boost|p1a: Blaziken|spe|1\n|upkeep\n|turn|23\n|\n|t:|1699582160\n|move|p1a: Blaziken|Flare Blitz|p2a: The Droplet Tear\n|-resisted|p2a: The Droplet Tear\n|-damage|p2a: The Droplet Tear|0 fnt\n|faint|p2a: The Droplet Tear\n|-damage|p1a: Blaziken|10\/100|[from] Recoil\n|\n|-ability|p1a: Blaziken|Speed Boost|boost\n|-boost|p1a: Blaziken|spe|1\n|upkeep\n|\n|t:|1699582164\n|switch|p2a: The Lonesome One|Excadrill, F, shiny|100\/100\n|-ability|p2a: The Lonesome One|Mold Breaker\n|turn|24\n|\n|t:|1699582168\n|switch|p2a: Ephialtes Keeper|Corviknight, F, shiny|22\/100\n|-ability|p2a: Ephialtes Keeper|Pressure\n|move|p1a: Blaziken|Flare Blitz|p2a: Ephialtes Keeper\n|-supereffective|p2a: Ephialtes Keeper\n|-damage|p2a: Ephialtes Keeper|0 fnt\n|-damage|p1a: Blaziken|0 fnt|[from] item: Rocky Helmet|[of] p2a: Ephialtes Keeper\n|faint|p2a: Ephialtes Keeper\n|faint|p1a: Blaziken\n|\n|upkeep\n|\n|t:|1699582181\n|switch|p1a: Brute Bonnet|Brute Bonnet|100\/100\n|switch|p2a: Spectre of Emerald|Sableye-Mega, F, shiny|25\/100\n|turn|25\n|\n|t:|1699582187\n|move|p1a: Brute Bonnet|Seed Bomb|p2a: Spectre of Emerald\n|-damage|p2a: Spectre of Emerald|0 fnt\n|faint|p2a: Spectre of Emerald\n|\n|upkeep\n|\n|t:|1699582192\n|switch|p2a: Agony Steelheart|Dragalge, F, shiny|70\/100\n|turn|26\n|\n|t:|1699582196\n|move|p1a: Brute Bonnet|Sucker Punch|p2a: Agony Steelheart\n|-damage|p2a: Agony Steelheart|23\/100\n|move|p2a: Agony Steelheart|Acid Spray|p1a: Brute Bonnet\n|-supereffective|p1a: Brute Bonnet\n|-damage|p1a: Brute Bonnet|71\/100\n|-unboost|p1a: Brute Bonnet|spd|2\n|\n|-heal|p1a: Brute Bonnet|77\/100|[from] item: Leftovers\n|-heal|p2a: Agony Steelheart|29\/100|[from] item: Black Sludge\n|-fieldend|Misty Terrain\n|upkeep\n|turn|27\n|\n|t:|1699582219\n|move|p1a: Brute Bonnet|Spore|p2a: Agony Steelheart\n|-status|p2a: Agony Steelheart|slp|[from] move: Spore\n|cant|p2a: Agony Steelheart|slp\n|\n|-heal|p1a: Brute Bonnet|84\/100|[from] item: Leftovers\n|-heal|p2a: Agony Steelheart|35\/100 slp|[from] item: Black Sludge\n|upkeep\n|turn|28\n|\n|t:|1699582226\n|move|p1a: Brute Bonnet|Seed Bomb|p2a: Agony Steelheart\n|-resisted|p2a: Agony Steelheart\n|-damage|p2a: Agony Steelheart|23\/100 slp\n|cant|p2a: Agony Steelheart|slp\n|\n|-heal|p1a: Brute Bonnet|90\/100|[from] item: Leftovers\n|-heal|p2a: Agony Steelheart|29\/100 slp|[from] item: Black Sludge\n|upkeep\n|turn|29\n|\n|t:|1699582230\n|-end|p1a: Brute Bonnet|Protosynthesis|[silent]\n|switch|p1a: Uxie|Uxie|78\/100\n|cant|p2a: Agony Steelheart|slp\n|\n|-heal|p1a: Uxie|84\/100|[from] item: Leftovers\n|-heal|p2a: Agony Steelheart|35\/100 slp|[from] item: Black Sludge\n|upkeep\n|turn|30\n|\n|t:|1699582237\n|move|p1a: Uxie|Toxic||[still]\n|-fail|p1a: Uxie\n|-curestatus|p2a: Agony Steelheart|slp|[msg]\n|move|p2a: Agony Steelheart|Toxic|p1a: Uxie\n|-status|p1a: Uxie|tox\n|\n|-heal|p1a: Uxie|90\/100 tox|[from] item: Leftovers\n|-heal|p2a: Agony Steelheart|41\/100|[from] item: Black Sludge\n|-damage|p1a: Uxie|84\/100 tox|[from] psn\n|upkeep\n|turn|31\n|\n|t:|1699582264\n|move|p1a: Uxie|Psychic|p2a: Agony Steelheart\n|-supereffective|p2a: Agony Steelheart\n|-damage|p2a: Agony Steelheart|3\/100\n|move|p2a: Agony Steelheart|Acid Spray|p1a: Uxie\n|-damage|p1a: Uxie|72\/100 tox\n|-unboost|p1a: Uxie|spd|2\n|\n|-heal|p1a: Uxie|78\/100 tox|[from] item: Leftovers\n|-heal|p2a: Agony Steelheart|9\/100|[from] item: Black Sludge\n|-damage|p1a: Uxie|65\/100 tox|[from] psn\n|upkeep\n|turn|32\n|\n|t:|1699582269\n|move|p1a: Uxie|U-turn|p2a: Agony Steelheart\n|-resisted|p2a: Agony Steelheart\n|-damage|p2a: Agony Steelheart|3\/100\n|\n|t:|1699582273\n|switch|p1a: Brute Bonnet|Brute Bonnet|90\/100|[from] U-turn\n|move|p2a: Agony Steelheart|Dragon Pulse|p1a: Brute Bonnet\n|-damage|p1a: Brute Bonnet|58\/100\n|\n|-heal|p1a: Brute Bonnet|64\/100|[from] item: Leftovers\n|-heal|p2a: Agony Steelheart|9\/100|[from] item: Black Sludge\n|upkeep\n|turn|33\n|\n|t:|1699582284\n|move|p1a: Brute Bonnet|Seed Bomb|p2a: Agony Steelheart\n|-resisted|p2a: Agony Steelheart\n|-damage|p2a: Agony Steelheart|0 fnt\n|faint|p2a: Agony Steelheart\n|\n|-heal|p1a: Brute Bonnet|70\/100|[from] item: Leftovers\n|upkeep\n|\n|t:|1699582293\n|switch|p2a: The Lonesome One|Excadrill, F, shiny|100\/100\n|-ability|p2a: The Lonesome One|Mold Breaker\n|turn|34\n|\n|t:|1699582298\n|switch|p2a: Nika Reanukko|Umbreon, F, shiny|100\/100\n|move|p1a: Brute Bonnet|Spore|p2a: Nika Reanukko\n|-status|p2a: Nika Reanukko|slp|[from] move: Spore\n|\n|-heal|p1a: Brute Bonnet|77\/100|[from] item: Leftovers\n|upkeep\n|turn|35\n|\n|t:|1699582317\n|move|p1a: Brute Bonnet|Taunt|p2a: Nika Reanukko\n|-start|p2a: Nika Reanukko|move: Taunt\n|cant|p2a: Nika Reanukko|slp\n|\n|-heal|p1a: Brute Bonnet|83\/100|[from] item: Leftovers\n|upkeep\n|turn|36\n|\n|t:|1699582320\n|move|p1a: Brute Bonnet|Seed Bomb|p2a: Nika Reanukko\n|-damage|p2a: Nika Reanukko|66\/100 slp\n|-curestatus|p2a: Nika Reanukko|slp|[msg]\n|move|p2a: Nika Reanukko|Payback|p1a: Brute Bonnet\n|-resisted|p1a: Brute Bonnet\n|-damage|p1a: Brute Bonnet|73\/100\n|\n|-heal|p1a: Brute Bonnet|79\/100|[from] item: Leftovers\n|-heal|p2a: Nika Reanukko|72\/100|[from] item: Leftovers\n|upkeep\n|turn|37\n|\n|t:|1699582326\n|move|p1a: Brute Bonnet|Spore|p2a: Nika Reanukko\n|-status|p2a: Nika Reanukko|slp|[from] move: Spore\n|cant|p2a: Nika Reanukko|slp\n|\n|-heal|p1a: Brute Bonnet|85\/100|[from] item: Leftovers\n|-heal|p2a: Nika Reanukko|78\/100 slp|[from] item: Leftovers\n|-end|p2a: Nika Reanukko|move: Taunt\n|upkeep\n|turn|38\n|\n|t:|1699582330\n|switch|p2a: The Lonesome One|Excadrill, F, shiny|100\/100\n|-ability|p2a: The Lonesome One|Mold Breaker\n|move|p1a: Brute Bonnet|Taunt|p2a: The Lonesome One\n|-start|p2a: The Lonesome One|move: Taunt\n|\n|-heal|p1a: Brute Bonnet|92\/100|[from] item: Leftovers\n|upkeep\n|turn|39\n|inactive|RandoTestAccount has 120 seconds left.\n|\n|t:|1699582372\n|move|p2a: The Lonesome One|Iron Head|p1a: Brute Bonnet\n|-damage|p1a: Brute Bonnet|54\/100\n|move|p1a: Brute Bonnet|Seed Bomb|p2a: The Lonesome One\n|-damage|p2a: The Lonesome One|39\/100\n|\n|-heal|p2a: The Lonesome One|45\/100|[from] item: Leftovers\n|-heal|p1a: Brute Bonnet|60\/100|[from] item: Leftovers\n|upkeep\n|turn|40\n|\n|t:|1699582378\n|move|p2a: The Lonesome One|Iron Head|p1a: Brute Bonnet\n|-damage|p1a: Brute Bonnet|19\/100\n|cant|p1a: Brute Bonnet|flinch\n|\n|-heal|p2a: The Lonesome One|52\/100|[from] item: Leftovers\n|-heal|p1a: Brute Bonnet|25\/100|[from] item: Leftovers\n|-end|p2a: The Lonesome One|move: Taunt\n|upkeep\n|turn|41\n|\n|t:|1699582385\n|move|p2a: The Lonesome One|Iron Head|p1a: Brute Bonnet\n|-damage|p1a: Brute Bonnet|0 fnt\n|faint|p1a: Brute Bonnet\n|-end|p1a: Brute Bonnet|Protosynthesis|[silent]\n|\n|-heal|p2a: The Lonesome One|58\/100|[from] item: Leftovers\n|upkeep\n|\n|t:|1699582388\n|switch|p1a: Masquerain|Masquerain, M|100\/100 par\n|-ability|p1a: Masquerain|Intimidate|boost\n|-unboost|p2a: The Lonesome One|atk|1\n|turn|42\n|inactive|RandoTestAccount has 120 seconds left.\n|\n|t:|1699582418\n|switch|p2a: Nika Reanukko|Umbreon, F, shiny|78\/100 slp\n|switch|p1a: Uxie|Uxie|65\/100 tox\n|\n|-heal|p1a: Uxie|72\/100 tox|[from] item: Leftovers\n|-heal|p2a: Nika Reanukko|84\/100 slp|[from] item: Leftovers\n|-damage|p1a: Uxie|65\/100 tox|[from] psn\n|upkeep\n|turn|43\n|\n|t:|1699582425\n|move|p1a: Uxie|U-turn|p2a: Nika Reanukko\n|-supereffective|p2a: Nika Reanukko\n|-damage|p2a: Nika Reanukko|67\/100 slp\n|\n|t:|1699582428\n|switch|p1a: Masquerain|Masquerain, M|100\/100 par|[from] U-turn\n|-ability|p1a: Masquerain|Intimidate|boost\n|-unboost|p2a: Nika Reanukko|atk|1\n|cant|p2a: Nika Reanukko|slp\n|\n|-heal|p2a: Nika Reanukko|73\/100 slp|[from] item: Leftovers\n|upkeep\n|turn|44\n|inactive|RandoTestAccount has 120 seconds left.\n|\n|t:|1699582442\n|move|p1a: Masquerain|Air Slash|p2a: Nika Reanukko\n|-damage|p2a: Nika Reanukko|58\/100 slp\n|cant|p2a: Nika Reanukko|slp\n|\n|-heal|p2a: Nika Reanukko|64\/100 slp|[from] item: Leftovers\n|upkeep\n|turn|45\n|\n|t:|1699582447\n|move|p1a: Masquerain|Air Slash|p2a: Nika Reanukko\n|-damage|p2a: Nika Reanukko|49\/100 slp\n|-curestatus|p2a: Nika Reanukko|slp|[msg]\n|move|p2a: Nika Reanukko|Wish|p2a: Nika Reanukko\n|\n|-heal|p2a: Nika Reanukko|55\/100|[from] item: Leftovers\n|upkeep\n|turn|46\n|\n|t:|1699582459\n|move|p1a: Masquerain|Stun Spore|p2a: Nika Reanukko\n|-status|p2a: Nika Reanukko|par\n|-activate|p2a: Nika Reanukko|ability: Synchronize\n|-fail|p1a: Masquerain|par\n|move|p2a: Nika Reanukko|Curse|p2a: Nika Reanukko\n|-unboost|p2a: Nika Reanukko|spe|1\n|-boost|p2a: Nika Reanukko|atk|1\n|-boost|p2a: Nika Reanukko|def|1\n|\n|-heal|p2a: Nika Reanukko|100\/100 par|[from] move: Wish|[wisher] Nika Reanukko\n|upkeep\n|turn|47\n|\n|t:|1699582485\n|move|p1a: Masquerain|Air Slash|p2a: Nika Reanukko\n|-damage|p2a: Nika Reanukko|86\/100 par\n|move|p2a: Nika Reanukko|Curse|p2a: Nika Reanukko\n|-unboost|p2a: Nika Reanukko|spe|1\n|-boost|p2a: Nika Reanukko|atk|1\n|-boost|p2a: Nika Reanukko|def|1\n|\n|-heal|p2a: Nika Reanukko|92\/100 par|[from] item: Leftovers\n|upkeep\n|turn|48\n|\n|t:|1699582493\n|move|p1a: Masquerain|Air Slash|p2a: Nika Reanukko\n|-damage|p2a: Nika Reanukko|77\/100 par\n|cant|p2a: Nika Reanukko|flinch\n|\n|-heal|p2a: Nika Reanukko|83\/100 par|[from] item: Leftovers\n|upkeep\n|turn|49\n|\n|t:|1699582504\n|move|p1a: Masquerain|Air Slash|p2a: Nika Reanukko\n|-damage|p2a: Nika Reanukko|69\/100 par\n|move|p2a: Nika Reanukko|Payback|p1a: Masquerain\n|-damage|p1a: Masquerain|38\/100 par\n|\n|-heal|p2a: Nika Reanukko|75\/100 par|[from] item: Leftovers\n|upkeep\n|turn|50\n|\n|t:|1699582511\n|move|p1a: Masquerain|Air Slash|p2a: Nika Reanukko\n|-damage|p2a: Nika Reanukko|60\/100 par\n|cant|p2a: Nika Reanukko|flinch\n|\n|-heal|p2a: Nika Reanukko|66\/100 par|[from] item: Leftovers\n|upkeep\n|turn|51\n|\n|t:|1699582516\n|move|p1a: Masquerain|Air Slash|p2a: Nika Reanukko\n|-damage|p2a: Nika Reanukko|50\/100 par\n|cant|p2a: Nika Reanukko|flinch\n|\n|-heal|p2a: Nika Reanukko|56\/100 par|[from] item: Leftovers\n|upkeep\n|turn|52\n|\n|t:|1699582520\n|move|p1a: Masquerain|Air Slash|p2a: Nika Reanukko\n|-damage|p2a: Nika Reanukko|40\/100 par\n|move|p2a: Nika Reanukko|Wish|p2a: Nika Reanukko\n|\n|-heal|p2a: Nika Reanukko|46\/100 par|[from] item: Leftovers\n|upkeep\n|turn|53\n|\n|t:|1699582525\n|move|p1a: Masquerain|Ice Beam|p2a: Nika Reanukko\n|-damage|p2a: Nika Reanukko|34\/100 par\n|move|p2a: Nika Reanukko|Payback|p1a: Masquerain\n|-damage|p1a: Masquerain|0 fnt\n|faint|p1a: Masquerain\n|\n|-heal|p2a: Nika Reanukko|84\/100 par|[from] move: Wish|[wisher] Nika Reanukko\n|-heal|p2a: Nika Reanukko|90\/100 par|[from] item: Leftovers\n|upkeep\n|\n|t:|1699582531\n|switch|p1a: Uxie|Uxie|65\/100 tox\n|turn|54\n|\n|t:|1699582534\n|move|p1a: Uxie|U-turn|p2a: Nika Reanukko\n|-supereffective|p2a: Nika Reanukko\n|-crit|p2a: Nika Reanukko\n|-damage|p2a: Nika Reanukko|63\/100 par\n|move|p2a: Nika Reanukko|Heal Bell|p2a: Nika Reanukko\n|-activate|p2a: Nika Reanukko|move: Heal Bell\n|-curestatus|p2a: Nika Reanukko|par|[msg]\n|\n|-heal|p1a: Uxie|72\/100 tox|[from] item: Leftovers\n|-heal|p2a: Nika Reanukko|70\/100|[from] item: Leftovers\n|-damage|p1a: Uxie|65\/100 tox|[from] psn\n|upkeep\n|turn|55\n|c|\u2606CrispyBlegh|gg\n|\n|t:|1699582540\n|move|p1a: Uxie|U-turn|p2a: Nika Reanukko\n|-supereffective|p2a: Nika Reanukko\n|-damage|p2a: Nika Reanukko|59\/100\n|move|p2a: Nika Reanukko|Wish|p2a: Nika Reanukko\n|\n|-heal|p1a: Uxie|72\/100 tox|[from] item: Leftovers\n|-heal|p2a: Nika Reanukko|65\/100|[from] item: Leftovers\n|-damage|p1a: Uxie|59\/100 tox|[from] psn\n|upkeep\n|turn|56\n|\n|t:|1699582552\n|move|p1a: Uxie|U-turn|p2a: Nika Reanukko\n|-supereffective|p2a: Nika Reanukko\n|-damage|p2a: Nika Reanukko|56\/100\n|move|p2a: Nika Reanukko|Curse|p2a: Nika Reanukko\n|-unboost|p2a: Nika Reanukko|spe|1\n|-boost|p2a: Nika Reanukko|atk|1\n|-boost|p2a: Nika Reanukko|def|1\n|\n|-heal|p2a: Nika Reanukko|100\/100|[from] move: Wish|[wisher] Nika Reanukko\n|-heal|p1a: Uxie|65\/100 tox|[from] item: Leftovers\n|-damage|p1a: Uxie|47\/100 tox|[from] psn\n|upkeep\n|turn|57\n|\n|t:|1699582557\n|move|p1a: Uxie|U-turn|p2a: Nika Reanukko\n|-supereffective|p2a: Nika Reanukko\n|-damage|p2a: Nika Reanukko|92\/100\n|move|p2a: Nika Reanukko|Payback|p1a: Uxie\n|-supereffective|p1a: Uxie\n|-damage|p1a: Uxie|0 fnt\n|faint|p1a: Uxie\n|\n|win|RandoTestAccount\n|raw|CrispyBlegh's rating: 1367 &rarr; <strong>1344<\/strong><br \/>(-23 for losing)\n|raw|RandoTestAccount's rating: 1306 &rarr; <strong>1329<\/strong><br \/>(+23 for winning)\n|l|\u2606CrispyBlegh\n","uploadtime":1699582563,"views":4,"p1id":"crispyblegh","p2id":"randotestaccount","formatid":"gen9nationaldex","rating":1329,"private":0,"password":""}