{"id":"gen9nationaldex-1991245678","p1":"Ricardo2221","p2":"ManuKun","format":"[Gen 9] National Dex","log":"|j|\u2606Ricardo2221\n|j|\u2606ManuKun\n|t:|1700060849\n|gametype|singles\n|player|p1|Ricardo2221|benga|\n|player|p2|ManuKun|marlon|\n|teamsize|p1|6\n|teamsize|p2|6\n|gen|9\n|tier|[Gen 9] National Dex\n|rule|HP Percentage Mod: HP is shown in percentages\n|rule|Endless Battle Clause: Forcing endless battles is banned\n|rule|OHKO Clause: OHKO moves are banned\n|rule|Evasion Clause: Evasion abilities, items, and moves are banned\n|rule|Evasion Abilities Clause: Evasion abilities are banned\n|rule|Evasion Items Clause: Evasion items are banned\n|rule|Evasion Moves Clause: Evasion moves are banned\n|rule|Species Clause: Limit one of each Pok\u00e9mon\n|rule|Sleep Clause Mod: Limit one foe put to sleep\n|clearpoke\n|poke|p1|Sneasler, M|\n|poke|p1|Iron Valiant|\n|poke|p1|Zapdos|\n|poke|p1|Pinsir, M|\n|poke|p1|Landorus-Therian, M|\n|poke|p1|Garganacl, M|\n|poke|p2|Pinsir, M|\n|poke|p2|Victini|\n|poke|p2|Rillaboom, F|\n|poke|p2|Rotom-Wash|\n|poke|p2|Zoroark-Hisui, F|\n|poke|p2|Dragonite, M|\n|teampreview\n|inactive|Battle timer is ON: inactive players will automatically lose when time's up. (requested by Ricardo2221)\n|\n|t:|1700060879\n|start\n|switch|p1a: Landorus|Landorus-Therian, M|100\/100\n|switch|p2a: Dragonite|Dragonite, M|100\/100\n|-ability|p1a: Landorus|Intimidate|boost\n|-unboost|p2a: Dragonite|atk|1\n|turn|1\n|\n|t:|1700060887\n|move|p2a: Dragonite|Nasty Plot|p2a: Dragonite\n|-boost|p2a: Dragonite|spa|2\n|move|p1a: Landorus|Stealth Rock|p2a: Dragonite\n|-sidestart|p2: ManuKun|move: Stealth Rock\n|\n|upkeep\n|turn|2\n|\n|t:|1700060896\n|move|p2a: Dragonite|Bitter Malice|p1a: Landorus\n|-damage|p1a: Landorus|0 fnt\n|faint|p1a: Landorus\n|-damage|p2a: Dragonite|91\/100|[from] item: Life Orb\n|\n|upkeep\n|\n|t:|1700060904\n|switch|p1a: Iron Valiant|Iron Valiant|100\/100\n|-enditem|p1a: Iron Valiant|Booster Energy\n|-activate|p1a: Iron Valiant|ability: Quark Drive|[fromitem]\n|-start|p1a: Iron Valiant|quarkdrivespe\n|turn|3\n|\n|t:|1700060928\n|move|p1a: Iron Valiant|Moonblast|p2a: Dragonite\n|-damage|p2a: Dragonite|0 fnt\n|replace|p2a: Zoroark|Zoroark-Hisui, F\n|-end|p2a: Zoroark|Illusion\n|faint|p2a: Zoroark\n|\n|upkeep\n|\n|t:|1700060943\n|switch|p2a: Rotom|Rotom-Wash|100\/100\n|-damage|p2a: Rotom|88\/100|[from] Stealth Rock\n|turn|4\n|\n|t:|1700060947\n|-terastallize|p1a: Iron Valiant|Electric\n|move|p1a: Iron Valiant|Calm Mind|p1a: Iron Valiant\n|-boost|p1a: Iron Valiant|spa|1\n|-boost|p1a: Iron Valiant|spd|1\n|move|p2a: Rotom|Will-O-Wisp|p1a: Iron Valiant|[miss]\n|-miss|p2a: Rotom|p1a: Iron Valiant\n|\n|-heal|p2a: Rotom|94\/100|[from] item: Leftovers\n|upkeep\n|turn|5\n|\n|t:|1700060956\n|move|p1a: Iron Valiant|Thunderbolt|p2a: Rotom\n|-damage|p2a: Rotom|18\/100\n|move|p2a: Rotom|Volt Switch|p1a: Iron Valiant\n|-resisted|p1a: Iron Valiant\n|-damage|p1a: Iron Valiant|81\/100\n|\n|t:|1700060961\n|switch|p2a: Rillaboom|Rillaboom, F|100\/100|[from] Volt Switch\n|-damage|p2a: Rillaboom|88\/100|[from] Stealth Rock\n|-fieldstart|move: Grassy Terrain|[from] ability: Grassy Surge|[of] p2a: Rillaboom\n|\n|-heal|p1a: Iron Valiant|87\/100|[from] Grassy Terrain\n|-heal|p2a: Rillaboom|94\/100|[from] Grassy Terrain\n|upkeep\n|turn|6\n|\n|t:|1700060966\n|-terastallize|p2a: Rillaboom|Grass\n|move|p2a: Rillaboom|Grassy Glide|p1a: Iron Valiant\n|-damage|p1a: Iron Valiant|0 fnt\n|faint|p1a: Iron Valiant\n|-end|p1a: Iron Valiant|Quark Drive|[silent]\n|\n|-heal|p2a: Rillaboom|100\/100|[from] Grassy Terrain\n|upkeep\n|\n|t:|1700060972\n|switch|p1a: Pinsir|Pinsir, M|100\/100\n|turn|7\n|\n|t:|1700060983\n|switch|p2a: Rotom|Rotom-Wash|18\/100\n|-damage|p2a: Rotom|6\/100|[from] Stealth Rock\n|detailschange|p1a: Pinsir|Pinsir-Mega, M\n|-mega|p1a: Pinsir|Pinsir|Pinsirite\n|move|p1a: Pinsir|Swords Dance|p1a: Pinsir\n|-boost|p1a: Pinsir|atk|2\n|\n|-heal|p2a: Rotom|12\/100|[from] item: Leftovers\n|upkeep\n|turn|8\n|\n|t:|1700060987\n|move|p1a: Pinsir|Quick Attack|p2a: Rotom\n|-resisted|p2a: Rotom\n|-damage|p2a: Rotom|0 fnt\n|faint|p2a: Rotom\n|\n|upkeep\n|\n|t:|1700060991\n|switch|p2a: Dragonite|Dragonite, M|100\/100\n|-damage|p2a: Dragonite|76\/100|[from] Stealth Rock\n|turn|9\n|\n|t:|1700060997\n|move|p1a: Pinsir|Return|p2a: Dragonite\n|-damage|p2a: Dragonite|0 fnt\n|faint|p2a: Dragonite\n|\n|-fieldend|move: Grassy Terrain\n|upkeep\n|\n|t:|1700061004\n|switch|p2a: Rillaboom|Rillaboom, F, tera:Grass|100\/100\n|-damage|p2a: Rillaboom|88\/100|[from] Stealth Rock\n|-fieldstart|move: Grassy Terrain|[from] ability: Grassy Surge|[of] p2a: Rillaboom\n|turn|10\n|\n|t:|1700061008\n|move|p2a: Rillaboom|Grassy Glide|p1a: Pinsir\n|-resisted|p1a: Pinsir\n|-damage|p1a: Pinsir|81\/100\n|move|p1a: Pinsir|Return|p2a: Rillaboom\n|-supereffective|p2a: Rillaboom\n|-damage|p2a: Rillaboom|0 fnt\n|faint|p2a: Rillaboom\n|\n|upkeep\n|\n|t:|1700061015\n|switch|p2a: Pinsir|Pinsir, M|100\/100\n|-damage|p2a: Pinsir|75\/100|[from] Stealth Rock\n|turn|11\n|\n|t:|1700061018\n|detailschange|p2a: Pinsir|Pinsir-Mega, M\n|-mega|p2a: Pinsir|Pinsir|Pinsirite\n|move|p1a: Pinsir|Quick Attack|p2a: Pinsir\n|-supereffective|p2a: Pinsir\n|-damage|p2a: Pinsir|0 fnt\n|faint|p2a: Pinsir\n|\n|upkeep\n|\n|t:|1700061025\n|switch|p2a: Victini|Victini|100\/100\n|-damage|p2a: Victini|76\/100|[from] Stealth Rock\n|turn|12\n|\n|t:|1700061030\n|move|p1a: Pinsir|Return|p2a: Victini\n|-damage|p2a: Victini|0 fnt\n|faint|p2a: Victini\n|\n|win|Ricardo2221\n","uploadtime":1700061042,"views":11,"p1id":"ricardo2221","p2id":"manukun","formatid":"gen9nationaldex","rating":0,"private":0,"password":""}