{"id":"gen9nationaldex-1989848727","p1":"djuiusy","p2":"JuicyJK","format":"[Gen 9] National Dex","log":"|j|\u2606djuiusy\n|j|\u2606JuicyJK\n|t:|1699900811\n|gametype|singles\n|player|p1|djuiusy|169|1129\n|player|p2|JuicyJK|101|1166\n|teamsize|p1|6\n|teamsize|p2|6\n|gen|9\n|tier|[Gen 9] National Dex\n|rated|\n|rule|HP Percentage Mod: HP is shown in percentages\n|rule|Endless Battle Clause: Forcing endless battles is banned\n|rule|OHKO Clause: OHKO moves are banned\n|rule|Evasion Clause: Evasion abilities, items, and moves are banned\n|rule|Evasion Abilities Clause: Evasion abilities are banned\n|rule|Evasion Items Clause: Evasion items are banned\n|rule|Evasion Moves Clause: Evasion moves are banned\n|rule|Species Clause: Limit one of each Pok\u00e9mon\n|rule|Sleep Clause Mod: Limit one foe put to sleep\n|clearpoke\n|poke|p1|Aegislash, F|\n|poke|p1|Xatu, F|\n|poke|p1|Ferrothorn, M|\n|poke|p1|Salazzle, F|\n|poke|p1|Cetitan, F|\n|poke|p1|Iron Valiant|\n|poke|p2|Scolipede, F|\n|poke|p2|Hydreigon, M|\n|poke|p2|Gastrodon, M|\n|poke|p2|Houndoom, M|\n|poke|p2|Ninetales-Alola, F|\n|poke|p2|Chansey, F|\n|teampreview\n|\n|t:|1699900818\n|start\n|switch|p1a: hazards|Ferrothorn, M|100\/100\n|switch|p2a: Chansey|Chansey, F|100\/100\n|-ability|p1a: hazards|Anticipation\n|turn|1\n|\n|t:|1699900827\n|move|p2a: Chansey|Stealth Rock|p1a: hazards\n|-sidestart|p1: djuiusy|move: Stealth Rock\n|move|p1a: hazards|Leech Seed|p2a: Chansey\n|-start|p2a: Chansey|move: Leech Seed\n|\n|-damage|p2a: Chansey|88\/100|[from] Leech Seed|[of] p1a: hazards\n|upkeep\n|turn|2\n|\n|t:|1699900837\n|move|p2a: Chansey|Seismic Toss|p1a: hazards\n|-damage|p1a: hazards|72\/100\n|move|p1a: hazards|Stealth Rock|p2a: Chansey\n|-sidestart|p2: JuicyJK|move: Stealth Rock\n|\n|-damage|p2a: Chansey|76\/100|[from] Leech Seed|[of] p1a: hazards\n|-heal|p1a: hazards|97\/100|[silent]\n|upkeep\n|turn|3\n|\n|t:|1699900846\n|move|p2a: Chansey|Wish|p2a: Chansey\n|move|p1a: hazards|Spikes|p2a: Chansey\n|-sidestart|p2: JuicyJK|Spikes\n|\n|-damage|p2a: Chansey|63\/100|[from] Leech Seed|[of] p1a: hazards\n|-heal|p1a: hazards|100\/100|[silent]\n|upkeep\n|turn|4\n|\n|t:|1699900855\n|switch|p2a: Houndoom|Houndoom, M|100\/100\n|-damage|p2a: Houndoom|76\/100|[from] Stealth Rock\n|-damage|p2a: Houndoom|63\/100|[from] Spikes\n|move|p1a: hazards|Spikes|p2a: Houndoom\n|-sidestart|p2: JuicyJK|Spikes\n|\n|-heal|p2a: Houndoom|100\/100|[from] move: Wish|[wisher] Chansey\n|upkeep\n|turn|5\n|\n|t:|1699900863\n|detailschange|p2a: Houndoom|Houndoom-Mega, M\n|-mega|p2a: Houndoom|Houndoom|Houndoominite\n|move|p2a: Houndoom|Flamethrower|p1a: hazards\n|-supereffective|p1a: hazards\n|-damage|p1a: hazards|0 fnt\n|faint|p1a: hazards\n|\n|upkeep\n|\n|t:|1699900868\n|switch|p1a: toxic|Salazzle, F|100\/100\n|-damage|p1a: toxic|76\/100|[from] Stealth Rock\n|turn|6\n|\n|t:|1699900874\n|move|p1a: toxic|Toxic|p2a: Houndoom\n|-status|p2a: Houndoom|tox\n|move|p2a: Houndoom|Nasty Plot|p2a: Houndoom\n|-boost|p2a: Houndoom|spa|2\n|\n|-damage|p2a: Houndoom|94\/100 tox|[from] psn\n|upkeep\n|turn|7\n|\n|t:|1699900884\n|move|p1a: toxic|Venom Drench|p2a: Houndoom\n|-unboost|p2a: Houndoom|atk|1\n|-unboost|p2a: Houndoom|spa|1\n|-unboost|p2a: Houndoom|spe|1\n|move|p2a: Houndoom|Dark Pulse|p1a: toxic\n|-damage|p1a: toxic|0 fnt\n|faint|p1a: toxic\n|\n|-damage|p2a: Houndoom|82\/100 tox|[from] psn\n|upkeep\n|\n|t:|1699900899\n|switch|p1a: sweeper|Iron Valiant|100\/100\n|-damage|p1a: sweeper|94\/100|[from] Stealth Rock\n|-enditem|p1a: sweeper|Booster Energy\n|-activate|p1a: sweeper|ability: Quark Drive|[fromitem]\n|-start|p1a: sweeper|quarkdrivespe\n|turn|8\n|\n|t:|1699900934\n|switch|p2a: Chansey|Chansey, F|63\/100\n|-damage|p2a: Chansey|51\/100|[from] Stealth Rock\n|-damage|p2a: Chansey|34\/100|[from] Spikes\n|move|p1a: sweeper|Swords Dance|p1a: sweeper\n|-boost|p1a: sweeper|atk|2\n|\n|upkeep\n|turn|9\n|\n|t:|1699900947\n|move|p1a: sweeper|Drain Punch|p2a: Chansey\n|-supereffective|p2a: Chansey\n|-damage|p2a: Chansey|0 fnt\n|-heal|p1a: sweeper|100\/100|[from] drain|[of] p2a: Chansey\n|faint|p2a: Chansey\n|\n|upkeep\n|\n|t:|1699900955\n|switch|p2a: Scolipede|Scolipede, F|100\/100\n|-damage|p2a: Scolipede|76\/100|[from] Stealth Rock\n|-damage|p2a: Scolipede|59\/100|[from] Spikes\n|turn|10\n|\n|t:|1699900964\n|move|p1a: sweeper|Psycho Cut|p2a: Scolipede\n|-supereffective|p2a: Scolipede\n|-damage|p2a: Scolipede|0 fnt\n|faint|p2a: Scolipede\n|\n|upkeep\n|\n|t:|1699900972\n|switch|p2a: Ninetales|Ninetales-Alola, F|100\/100\n|-damage|p2a: Ninetales|76\/100|[from] Stealth Rock\n|-damage|p2a: Ninetales|59\/100|[from] Spikes\n|-weather|Snow|[from] ability: Snow Warning|[of] p2a: Ninetales\n|turn|11\n|c|\u2606djuiusy|718 attack 546 speed\n|\n|t:|1699900996\n|move|p1a: sweeper|Drain Punch|p2a: Ninetales\n|-damage|p2a: Ninetales|0 fnt\n|faint|p2a: Ninetales\n|\n|-weather|Snow|[upkeep]\n|upkeep\n|\n|t:|1699901003\n|switch|p2a: Hydreigon|Hydreigon, M|100\/100\n|-damage|p2a: Hydreigon|88\/100|[from] Stealth Rock\n|turn|12\n|\n|t:|1699901011\n|move|p1a: sweeper|Spirit Break|p2a: Hydreigon\n|-supereffective|p2a: Hydreigon\n|-damage|p2a: Hydreigon|0 fnt\n|faint|p2a: Hydreigon\n|\n|-weather|Snow|[upkeep]\n|upkeep\n|\n|t:|1699901019\n|switch|p2a: Gastrodon|Gastrodon, M|100\/100\n|-damage|p2a: Gastrodon|94\/100|[from] Stealth Rock\n|-damage|p2a: Gastrodon|78\/100|[from] Spikes\n|turn|13\n|\n|t:|1699901029\n|move|p1a: sweeper|Spirit Break|p2a: Gastrodon\n|-damage|p2a: Gastrodon|10\/100\n|-unboost|p2a: Gastrodon|spa|1\n|move|p2a: Gastrodon|Sludge Wave|p1a: sweeper\n|-supereffective|p1a: sweeper\n|-damage|p1a: sweeper|48\/100\n|\n|-weather|Snow|[upkeep]\n|-heal|p2a: Gastrodon|16\/100|[from] item: Leftovers\n|upkeep\n|turn|14\n|\n|t:|1699901043\n|move|p1a: sweeper|Drain Punch|p2a: Gastrodon\n|-damage|p2a: Gastrodon|0 fnt\n|-heal|p1a: sweeper|59\/100|[from] drain|[of] p2a: Gastrodon\n|faint|p2a: Gastrodon\n|\n|-weather|Snow|[upkeep]\n|upkeep\n|\n|t:|1699901050\n|switch|p2a: Houndoom|Houndoom-Mega, M|82\/100 tox\n|-damage|p2a: Houndoom|57\/100 tox|[from] Stealth Rock\n|-damage|p2a: Houndoom|41\/100 tox|[from] Spikes\n|turn|15\n|\n|t:|1699901055\n|move|p1a: sweeper|Drain Punch|p2a: Houndoom\n|-supereffective|p2a: Houndoom\n|-damage|p2a: Houndoom|0 fnt\n|-heal|p1a: sweeper|80\/100|[from] drain|[of] p2a: Houndoom\n|faint|p2a: Houndoom\n|\n|win|djuiusy\n|raw|djuiusy's rating: 1129 &rarr; <strong>1157<\/strong><br \/>(+28 for winning)\n|raw|JuicyJK's rating: 1166 &rarr; <strong>1138<\/strong><br \/>(-28 for losing)\n|c|\u2606djuiusy|gg\n|l|\u2606JuicyJK\n","uploadtime":1699901097,"views":17,"p1id":"djuiusy","p2id":"juicyjk","formatid":"gen9nationaldex","rating":1138,"private":0,"password":""}