{"id":"gen9nationaldex-1998034316","p1":"ErikGS31","p2":"flushedxddcc","format":"[Gen 9] National Dex","log":"|html|<div class=\"broadcast-blue\"><strong>[Gen 9] National Dex is currently suspecting Sneasler! For information on how to participate check out the <a href=\"https:\/\/www.smogon.com\/forums\/threads\/sv-national-dex-suspect-8-just-dance.3731534\/\">suspect thread<\/a>.<\/strong><\/div>\n|j|\u2606ErikGS31\n|j|\u2606flushedxddcc\n|t:|1700881665\n|gametype|singles\n|player|p1|ErikGS31|pokemonranger-gen4|1164\n|player|p2|flushedxddcc|unknownf|1113\n|teamsize|p1|6\n|teamsize|p2|6\n|gen|9\n|tier|[Gen 9] National Dex\n|rated|\n|rule|HP Percentage Mod: HP is shown in percentages\n|rule|Endless Battle Clause: Forcing endless battles is banned\n|rule|OHKO Clause: OHKO moves are banned\n|rule|Evasion Clause: Evasion abilities, items, and moves are banned\n|rule|Evasion Abilities Clause: Evasion abilities are banned\n|rule|Evasion Items Clause: Evasion items are banned\n|rule|Evasion Moves Clause: Evasion moves are banned\n|rule|Species Clause: Limit one of each Pok\u00e9mon\n|rule|Sleep Clause Mod: Limit one foe put to sleep\n|clearpoke\n|poke|p1|Espeon, F|\n|poke|p1|Venusaur, F|\n|poke|p1|Golem, M|\n|poke|p1|Ampharos, F|\n|poke|p1|Arcanine, M|\n|poke|p1|Azumarill, M|\n|poke|p2|Raikou|\n|poke|p2|Victini|\n|poke|p2|Rillaboom, M|\n|poke|p2|Landorus-Therian, M|\n|poke|p2|Latias, F|\n|poke|p2|Dragonite, M|\n|teampreview\n|inactive|Battle timer is ON: inactive players will automatically lose when time's up. (requested by ErikGS31)\n|\n|t:|1700881673\n|start\n|switch|p1a: Pietro|Golem, M|100\/100\n|switch|p2a: Raikou|Raikou|100\/100\n|turn|1\n|\n|t:|1700881683\n|move|p2a: Raikou|Scald|p1a: Pietro\n|-supereffective|p1a: Pietro\n|-ability|p1a: Pietro|Sturdy\n|-damage|p1a: Pietro|1\/100\n|-status|p1a: Pietro|brn\n|-enditem|p1a: Pietro|Weakness Policy\n|-boost|p1a: Pietro|atk|2|[from] item: Weakness Policy\n|-boost|p1a: Pietro|spa|2|[from] item: Weakness Policy\n|move|p1a: Pietro|Stealth Rock|p2a: Raikou\n|-sidestart|p2: flushedxddcc|move: Stealth Rock\n|\n|-damage|p1a: Pietro|0 fnt|[from] brn\n|faint|p1a: Pietro\n|upkeep\n|\n|t:|1700881698\n|switch|p1a: Passiflora|Venusaur, F|100\/100\n|turn|2\n|\n|t:|1700881705\n|detailschange|p1a: Passiflora|Venusaur-Mega, F\n|-mega|p1a: Passiflora|Venusaur|Venusaurite\n|move|p2a: Raikou|Volt Switch|p1a: Passiflora\n|-resisted|p1a: Passiflora\n|-damage|p1a: Passiflora|88\/100\n|\n|t:|1700881718\n|switch|p2a: Latias|Latias, F|100\/100|[from] Volt Switch\n|-damage|p2a: Latias|88\/100|[from] Stealth Rock\n|move|p1a: Passiflora|Leech Seed|p2a: Latias\n|-start|p2a: Latias|move: Leech Seed\n|\n|-damage|p2a: Latias|76\/100|[from] Leech Seed|[of] p1a: Passiflora\n|-heal|p1a: Passiflora|98\/100|[silent]\n|upkeep\n|turn|3\n|\n|t:|1700881730\n|switch|p1a: Centella|Ampharos, F|100\/100\n|detailschange|p2a: Latias|Latias-Mega, F\n|-mega|p2a: Latias|Latias|Latiasite\n|move|p2a: Latias|Psychic|p1a: Centella\n|-damage|p1a: Centella|55\/100\n|\n|-heal|p1a: Centella|62\/100|[from] item: Leftovers\n|-damage|p2a: Latias|64\/100|[from] Leech Seed|[of] p1a: Centella\n|-heal|p1a: Centella|73\/100|[silent]\n|upkeep\n|turn|4\n|\n|t:|1700881744\n|move|p2a: Latias|Draco Meteor|p1a: Centella\n|-damage|p1a: Centella|5\/100\n|-unboost|p2a: Latias|spa|2\n|move|p1a: Centella|Magnetic Flux|p1a: Centella\n|-boost|p1a: Centella|def|1\n|-boost|p1a: Centella|spd|1\n|\n|-heal|p1a: Centella|11\/100|[from] item: Leftovers\n|-damage|p2a: Latias|51\/100|[from] Leech Seed|[of] p1a: Centella\n|-heal|p1a: Centella|22\/100|[silent]\n|upkeep\n|turn|5\n|\n|t:|1700881756\n|move|p2a: Latias|Draco Meteor|p1a: Centella\n|-damage|p1a: Centella|2\/100\n|-unboost|p2a: Latias|spa|2\n|move|p1a: Centella|Magnetic Flux|p1a: Centella\n|-boost|p1a: Centella|def|1\n|-boost|p1a: Centella|spd|1\n|\n|-heal|p1a: Centella|9\/100|[from] item: Leftovers\n|-damage|p2a: Latias|39\/100|[from] Leech Seed|[of] p1a: Centella\n|-heal|p1a: Centella|20\/100|[silent]\n|upkeep\n|turn|6\n|\n|t:|1700881766\n|switch|p2a: Landorus|Landorus-Therian, M|100\/100\n|-damage|p2a: Landorus|88\/100|[from] Stealth Rock\n|-ability|p2a: Landorus|Intimidate|boost\n|-unboost|p1a: Centella|atk|1\n|move|p1a: Centella|Rest|p1a: Centella\n|-status|p1a: Centella|slp|[from] move: Rest\n|-heal|p1a: Centella|100\/100 slp|[silent]\n|\n|upkeep\n|turn|7\n|\n|t:|1700881776\n|switch|p2a: Dragonite|Dragonite, M|100\/100\n|-terastallize|p1a: Centella|Flying\n|cant|p1a: Centella|slp\n|\n|upkeep\n|turn|8\n|\n|t:|1700881782\n|move|p2a: Dragonite|Curse|p2a: Dragonite\n|-unboost|p2a: Dragonite|spe|1\n|-boost|p2a: Dragonite|atk|1\n|-boost|p2a: Dragonite|def|1\n|cant|p1a: Centella|slp\n|\n|upkeep\n|turn|9\n|\n|t:|1700881787\n|-curestatus|p1a: Centella|slp|[msg]\n|move|p1a: Centella|Toxic|p2a: Dragonite\n|-status|p2a: Dragonite|tox\n|move|p2a: Dragonite|Curse|p2a: Dragonite\n|-unboost|p2a: Dragonite|spe|1\n|-boost|p2a: Dragonite|atk|1\n|-boost|p2a: Dragonite|def|1\n|\n|-damage|p2a: Dragonite|94\/100 tox|[from] psn\n|upkeep\n|turn|10\n|inactive|flushedxddcc has 120 seconds left.\n|-message|flushedxddcc forfeited.\n|\n|win|ErikGS31\n|raw|ErikGS31's rating: 1164 &rarr; <strong>1185<\/strong><br \/>(+21 for winning)\n|raw|flushedxddcc's rating: 1113 &rarr; <strong>1092<\/strong><br \/>(-21 for losing)\n|l|\u2606flushedxddcc\n","uploadtime":1700881844,"views":10,"p1id":"erikgs31","p2id":"flushedxddcc","formatid":"gen9nationaldex","rating":1092,"private":0,"password":""}