{"id":"gen9nationaldex-1997583084","p1":"zozhi","p2":"JoaKingDex(SW)","format":"[Gen 9] National Dex","log":"|html|<div class=\"broadcast-blue\"><strong>[Gen 9] National Dex is currently suspecting Sneasler! For information on how to participate check out the <a href=\"https:\/\/www.smogon.com\/forums\/threads\/sv-national-dex-suspect-8-just-dance.3731534\/\">suspect thread<\/a>.<\/strong><\/div>\n|j|\u2606zozhi\n|j|\u2606JoaKingDex(SW)\n|t:|1700828946\n|gametype|singles\n|player|p1|zozhi|marley|1267\n|player|p2|JoaKingDex(SW)|red-masters|1211\n|teamsize|p1|6\n|teamsize|p2|6\n|gen|9\n|tier|[Gen 9] National Dex\n|rated|\n|rule|HP Percentage Mod: HP is shown in percentages\n|rule|Endless Battle Clause: Forcing endless battles is banned\n|rule|OHKO Clause: OHKO moves are banned\n|rule|Evasion Clause: Evasion abilities, items, and moves are banned\n|rule|Evasion Abilities Clause: Evasion abilities are banned\n|rule|Evasion Items Clause: Evasion items are banned\n|rule|Evasion Moves Clause: Evasion moves are banned\n|rule|Species Clause: Limit one of each Pok\u00e9mon\n|rule|Sleep Clause Mod: Limit one foe put to sleep\n|clearpoke\n|poke|p1|Leavanny, F|\n|poke|p1|Heatran, M|\n|poke|p1|Charizard, M|\n|poke|p1|Torkoal, M|\n|poke|p1|Hatterene, F|\n|poke|p1|Great Tusk|\n|poke|p2|Swampert, M|\n|poke|p2|Klefki, F|\n|poke|p2|Iron Valiant|\n|poke|p2|Zapdos|\n|poke|p2|Slowking-Galar, M|\n|poke|p2|Kartana|\n|teampreview\n|\n|t:|1700828962\n|start\n|switch|p1a: Torkoal|Torkoal, M|100\/100\n|switch|p2a: Slowking|Slowking-Galar, M|100\/100\n|-weather|SunnyDay|[from] ability: Drought|[of] p1a: Torkoal\n|turn|1\n|l|\u2606JoaKingDex(SW)\n|player|p2|\n|inactive|Battle timer is ON: inactive players will automatically lose when time's up. (requested by zozhi)\n|j|\u2606JoaKingDex(SW)\n|inactive|JoaKingDex(SW) reconnected and has 130 seconds left.\n|player|p2|JoaKingDex(SW)|red-masters\n|\n|t:|1700829019\n|move|p2a: Slowking|Sludge Bomb|p1a: Torkoal\n|-damage|p1a: Torkoal|72\/100\n|move|p1a: Torkoal|Stealth Rock|p2a: Slowking\n|-sidestart|p2: JoaKingDex(SW)|move: Stealth Rock\n|\n|-weather|SunnyDay|[upkeep]\n|upkeep\n|turn|2\n|\n|t:|1700829027\n|move|p2a: Slowking|Sludge Bomb|p1a: Torkoal\n|-damage|p1a: Torkoal|42\/100\n|move|p1a: Torkoal|Will-O-Wisp|p2a: Slowking\n|-status|p2a: Slowking|brn\n|\n|-weather|SunnyDay|[upkeep]\n|-damage|p2a: Slowking|94\/100 brn|[from] brn\n|upkeep\n|turn|3\n|\n|t:|1700829042\n|switch|p1a: Heatran|Heatran, M|100\/100\n|move|p2a: Slowking|Future Sight|p1a: Heatran\n|-start|p2a: Slowking|move: Future Sight\n|\n|-weather|SunnyDay|[upkeep]\n|-damage|p2a: Slowking|88\/100 brn|[from] brn\n|upkeep\n|turn|4\n|\n|t:|1700829059\n|move|p1a: Heatran|Eruption|p2a: Slowking\n|-damage|p2a: Slowking|18\/100 brn\n|move|p2a: Slowking|Scald|p1a: Heatran\n|-supereffective|p1a: Heatran\n|-damage|p1a: Heatran|80\/100\n|\n|-weather|SunnyDay|[upkeep]\n|-damage|p2a: Slowking|11\/100 brn|[from] brn\n|upkeep\n|turn|5\n|\n|t:|1700829071\n|switch|p2a: Swampert|Swampert, M|100\/100\n|-damage|p2a: Swampert|94\/100|[from] Stealth Rock\n|move|p1a: Heatran|Eruption|p2a: Swampert\n|-resisted|p2a: Swampert\n|-damage|p2a: Swampert|13\/100\n|\n|-weather|SunnyDay|[upkeep]\n|-end|p1a: Heatran|move: Future Sight\n|-resisted|p1a: Heatran\n|-damage|p1a: Heatran|56\/100\n|upkeep\n|turn|6\n|\n|t:|1700829094\n|switch|p1a: Hatterene|Hatterene, F|100\/100\n|detailschange|p2a: Swampert|Swampert-Mega, M\n|-mega|p2a: Swampert|Swampert|Swampertite\n|move|p2a: Swampert|Earthquake|p1a: Hatterene\n|-damage|p1a: Hatterene|55\/100\n|-enditem|p1a: Hatterene|Eject Button\n|\n|t:|1700829103\n|switch|p1a: Leavanny|Leavanny, F|100\/100\n|\n|-weather|SunnyDay|[upkeep]\n|upkeep\n|turn|7\n|\n|t:|1700829108\n|switch|p2a: Kartana|Kartana|100\/100\n|-damage|p2a: Kartana|94\/100|[from] Stealth Rock\n|move|p1a: Leavanny|Switcheroo|p2a: Kartana\n|-activate|p1a: Leavanny|move: Trick|[of] p2a: Kartana\n|-item|p2a: Kartana|Choice Band|[from] move: Switcheroo\n|-item|p1a: Leavanny|Life Orb|[from] move: Switcheroo\n|\n|-weather|SunnyDay|[upkeep]\n|upkeep\n|turn|8\n|\n|t:|1700829127\n|move|p1a: Leavanny|Sticky Web|p2a: Kartana\n|-sidestart|p2: JoaKingDex(SW)|move: Sticky Web\n|move|p2a: Kartana|Sacred Sword|p1a: Leavanny\n|-resisted|p1a: Leavanny\n|-damage|p1a: Leavanny|62\/100\n|\n|-weather|none\n|upkeep\n|turn|9\n|\n|t:|1700829140\n|move|p2a: Kartana|Sacred Sword|p1a: Leavanny\n|-resisted|p1a: Leavanny\n|-damage|p1a: Leavanny|20\/100\n|move|p1a: Leavanny|Lunge|p2a: Kartana\n|-damage|p2a: Kartana|44\/100\n|-unboost|p2a: Kartana|atk|1\n|-damage|p1a: Leavanny|10\/100|[from] item: Life Orb\n|\n|upkeep\n|turn|10\n|\n|t:|1700829151\n|switch|p2a: Zapdos|Zapdos|100\/100\n|switch|p1a: Hatterene|Hatterene, F|55\/100\n|\n|upkeep\n|turn|11\n|\n|t:|1700829169\n|move|p2a: Zapdos|Defog|p1a: Hatterene\n|move|p1a: Hatterene|Defog|p2a: Zapdos|[from]ability: Magic Bounce\n|-unboost|p2a: Zapdos|evasion|1\n|-sideend|p2: JoaKingDex(SW)|Stealth Rock|[from] move: Defog|[of] p1a: Hatterene\n|-sideend|p2: JoaKingDex(SW)|Sticky Web|[from] move: Defog|[of] p1a: Hatterene\n|move|p1a: Hatterene|Calm Mind|p1a: Hatterene\n|-boost|p1a: Hatterene|spa|1\n|-boost|p1a: Hatterene|spd|1\n|\n|upkeep\n|turn|12\n|\n|t:|1700829179\n|move|p2a: Zapdos|Volt Switch|p1a: Hatterene\n|-damage|p1a: Hatterene|35\/100\n|\n|t:|1700829184\n|switch|p2a: Kartana|Kartana|44\/100|[from] Volt Switch\n|move|p1a: Hatterene|Calm Mind|p1a: Hatterene\n|-boost|p1a: Hatterene|spa|1\n|-boost|p1a: Hatterene|spd|1\n|\n|upkeep\n|turn|13\n|\n|t:|1700829205\n|move|p2a: Kartana|Sacred Sword|p1a: Hatterene\n|-resisted|p1a: Hatterene\n|-damage|p1a: Hatterene|22\/100\n|move|p1a: Hatterene|Draining Kiss|p2a: Kartana\n|-resisted|p2a: Kartana\n|-damage|p2a: Kartana|0 fnt\n|-heal|p1a: Hatterene|49\/100|[from] drain|[of] p2a: Kartana\n|faint|p2a: Kartana\n|\n|upkeep\n|\n|t:|1700829216\n|switch|p2a: Swampert|Swampert-Mega, M|13\/100\n|turn|14\n|\n|t:|1700829223\n|move|p2a: Swampert|Earthquake|p1a: Hatterene\n|-damage|p1a: Hatterene|1\/100\n|move|p1a: Hatterene|Draining Kiss|p2a: Swampert\n|-damage|p2a: Swampert|0 fnt\n|-heal|p1a: Hatterene|11\/100|[from] drain|[of] p2a: Swampert\n|faint|p2a: Swampert\n|\n|upkeep\n|\n|t:|1700829235\n|switch|p2a: Iron Valiant|Iron Valiant|100\/100\n|-enditem|p2a: Iron Valiant|Booster Energy\n|-activate|p2a: Iron Valiant|ability: Quark Drive|[fromitem]\n|-start|p2a: Iron Valiant|quarkdrivespe\n|turn|15\n|\n|t:|1700829252\n|move|p2a: Iron Valiant|Moonblast|p1a: Hatterene\n|-damage|p1a: Hatterene|0 fnt\n|faint|p1a: Hatterene\n|\n|upkeep\n|inactive|zozhi has 120 seconds left.\n|\n|t:|1700829273\n|switch|p1a: Torkoal|Torkoal, M|42\/100\n|-weather|SunnyDay|[from] ability: Drought|[of] p1a: Torkoal\n|turn|16\n|inactive|zozhi has 120 seconds left.\n|\n|t:|1700829304\n|move|p2a: Iron Valiant|Aura Sphere|p1a: Torkoal\n|-damage|p1a: Torkoal|7\/100\n|move|p1a: Torkoal|Will-O-Wisp|p2a: Iron Valiant\n|-status|p2a: Iron Valiant|brn\n|\n|-weather|SunnyDay|[upkeep]\n|-damage|p2a: Iron Valiant|94\/100 brn|[from] brn\n|upkeep\n|turn|17\n|\n|t:|1700829317\n|switch|p1a: Heatran|Heatran, M|56\/100\n|move|p2a: Iron Valiant|Aura Sphere|p1a: Heatran\n|-supereffective|p1a: Heatran\n|-damage|p1a: Heatran|0 fnt\n|faint|p1a: Heatran\n|\n|-weather|SunnyDay|[upkeep]\n|-damage|p2a: Iron Valiant|88\/100 brn|[from] brn\n|upkeep\n|\n|t:|1700829329\n|switch|p1a: Leavanny|Leavanny, F|10\/100\n|turn|18\n|\n|t:|1700829341\n|-end|p2a: Iron Valiant|Quark Drive|[silent]\n|switch|p2a: Zapdos|Zapdos|100\/100\n|move|p1a: Leavanny|Leaf Blade|p2a: Zapdos\n|-resisted|p2a: Zapdos\n|-damage|p2a: Zapdos|81\/100\n|-damage|p1a: Leavanny|0 fnt|[from] item: Life Orb\n|faint|p1a: Leavanny\n|\n|-weather|SunnyDay|[upkeep]\n|upkeep\n|\n|t:|1700829346\n|switch|p1a: Great Tusk|Great Tusk|100\/100\n|-activate|p1a: Great Tusk|ability: Protosynthesis\n|-start|p1a: Great Tusk|protosynthesisatk\n|turn|19\n|\n|t:|1700829352\n|-zpower|p1a: Great Tusk\n|move|p1a: Great Tusk|Subzero Slammer|p2a: Zapdos|[zeffect]\n|-supereffective|p2a: Zapdos\n|-damage|p2a: Zapdos|0 fnt\n|faint|p2a: Zapdos\n|\n|-weather|SunnyDay|[upkeep]\n|upkeep\n|\n|t:|1700829362\n|switch|p2a: Iron Valiant|Iron Valiant|88\/100 brn\n|turn|20\n|inactive|zozhi has 120 seconds left.\n|\n|t:|1700829379\n|-end|p1a: Great Tusk|Protosynthesis|[silent]\n|switch|p1a: Torkoal|Torkoal, M|7\/100\n|move|p2a: Iron Valiant|Moonblast|p1a: Torkoal\n|-resisted|p1a: Torkoal\n|-damage|p1a: Torkoal|0 fnt\n|faint|p1a: Torkoal\n|\n|-weather|SunnyDay|[upkeep]\n|-damage|p2a: Iron Valiant|82\/100 brn|[from] brn\n|upkeep\n|\n|t:|1700829381\n|switch|p1a: Charizard|Charizard, M|100\/100\n|turn|21\n|\n|t:|1700829391\n|-end|p2a: Iron Valiant|Quark Drive|[silent]\n|switch|p2a: Slowking|Slowking-Galar, M|45\/100 brn\n|move|p1a: Charizard|Air Slash|p2a: Slowking\n|-damage|p2a: Slowking|24\/100 brn\n|\n|-weather|SunnyDay|[upkeep]\n|-damage|p1a: Charizard|88\/100|[from] ability: Solar Power|[of] p1a: Charizard\n|-damage|p2a: Slowking|18\/100 brn|[from] brn\n|upkeep\n|turn|22\n|\n|t:|1700829399\n|move|p1a: Charizard|Dragon Dance|p1a: Charizard\n|-boost|p1a: Charizard|atk|1\n|-boost|p1a: Charizard|spe|1\n|move|p2a: Slowking|Future Sight|p1a: Charizard\n|-start|p2a: Slowking|move: Future Sight\n|\n|-weather|SunnyDay|[upkeep]\n|-damage|p1a: Charizard|76\/100|[from] ability: Solar Power|[of] p1a: Charizard\n|-damage|p2a: Slowking|12\/100 brn|[from] brn\n|upkeep\n|turn|23\n|\n|t:|1700829406\n|move|p1a: Charizard|Weather Ball|p2a: Slowking\n|-damage|p2a: Slowking|0 fnt\n|faint|p2a: Slowking\n|\n|-weather|none\n|upkeep\n|\n|t:|1700829413\n|switch|p2a: Klefki|Klefki, F|100\/100\n|turn|24\n|\n|t:|1700829415\n|detailschange|p1a: Charizard|Charizard-Mega-Y, M\n|-mega|p1a: Charizard|Charizard|Charizardite Y\n|-weather|SunnyDay|[from] ability: Drought|[of] p1a: Charizard\n|move|p2a: Klefki|Rain Dance|p2a: Klefki\n|-weather|RainDance\n|move|p1a: Charizard|Weather Ball|p2a: Klefki\n|-damage|p2a: Klefki|33\/100\n|\n|-weather|RainDance|[upkeep]\n|-end|p1a: Charizard|move: Future Sight\n|-damage|p1a: Charizard|27\/100\n|upkeep\n|turn|25\n|\n|t:|1700829429\n|move|p2a: Klefki|Thunder Wave|p1a: Charizard\n|-status|p1a: Charizard|par\n|move|p1a: Charizard|Weather Ball|p2a: Klefki\n|-damage|p2a: Klefki|0 fnt\n|faint|p2a: Klefki\n|\n|-weather|RainDance|[upkeep]\n|upkeep\n|\n|t:|1700829433\n|switch|p2a: Iron Valiant|Iron Valiant|82\/100 brn\n|turn|26\n|\n|t:|1700829438\n|move|p2a: Iron Valiant|Thunderbolt|p1a: Charizard\n|-supereffective|p1a: Charizard\n|-damage|p1a: Charizard|0 fnt\n|faint|p1a: Charizard\n|\n|-weather|RainDance|[upkeep]\n|-damage|p2a: Iron Valiant|76\/100 brn|[from] brn\n|upkeep\n|\n|t:|1700829440\n|switch|p1a: Great Tusk|Great Tusk|100\/100\n|turn|27\n|\n|t:|1700829446\n|move|p2a: Iron Valiant|Moonblast|p1a: Great Tusk\n|-supereffective|p1a: Great Tusk\n|-damage|p1a: Great Tusk|0 fnt\n|faint|p1a: Great Tusk\n|-end|p1a: Great Tusk|Protosynthesis|[silent]\n|\n|win|JoaKingDex(SW)\n|raw|zozhi's rating: 1237 &rarr; <strong>1210<\/strong><br \/>(-27 for losing)\n|raw|JoaKingDex(SW)'s rating: 1211 &rarr; <strong>1238<\/strong><br \/>(+27 for winning)\n","uploadtime":1700829451,"views":10,"p1id":"zozhi","p2id":"joakingdexsw","formatid":"gen9nationaldex","rating":1210,"private":0,"password":""}