{"id":"gen9nationaldex-1992920758","p1":"Pp_ForYouu","p2":"the6cats","format":"[Gen 9] National Dex","log":"|j|\u2606Pp_ForYouu\n|j|\u2606the6cats\n|t:|1700246957\n|gametype|singles\n|player|p1|Pp_ForYouu|swimmerf|1080\n|player|p2|the6cats|caitlin|1111\n|teamsize|p1|6\n|teamsize|p2|6\n|gen|9\n|tier|[Gen 9] National Dex\n|rated|\n|rule|HP Percentage Mod: HP is shown in percentages\n|rule|Endless Battle Clause: Forcing endless battles is banned\n|rule|OHKO Clause: OHKO moves are banned\n|rule|Evasion Clause: Evasion abilities, items, and moves are banned\n|rule|Evasion Abilities Clause: Evasion abilities are banned\n|rule|Evasion Items Clause: Evasion items are banned\n|rule|Evasion Moves Clause: Evasion moves are banned\n|rule|Species Clause: Limit one of each Pok\u00e9mon\n|rule|Sleep Clause Mod: Limit one foe put to sleep\n|clearpoke\n|poke|p1|Jirachi|\n|poke|p1|Tapu Koko|\n|poke|p1|Rotom-Wash|\n|poke|p1|Gyarados, F|\n|poke|p1|Ambipom, M|\n|poke|p1|Snorlax, F|\n|poke|p2|Umbreon, M|\n|poke|p2|Gliscor, M|\n|poke|p2|Iron Valiant|\n|poke|p2|Reuniclus, F|\n|poke|p2|Scizor, M|\n|poke|p2|Feraligatr, M|\n|teampreview\n|inactive|Battle timer is ON: inactive players will automatically lose when time's up. (requested by Pp_ForYouu)\n|\n|t:|1700246964\n|start\n|switch|p1a: Rotom|Rotom-Wash|100\/100\n|switch|p2a: Feraligatr|Feraligatr, M|100\/100\n|turn|1\n|\n|t:|1700246969\n|move|p2a: Feraligatr|Dragon Dance|p2a: Feraligatr\n|-boost|p2a: Feraligatr|atk|1\n|-boost|p2a: Feraligatr|spe|1\n|move|p1a: Rotom|Will-O-Wisp|p2a: Feraligatr\n|-status|p2a: Feraligatr|brn\n|\n|-damage|p2a: Feraligatr|94\/100 brn|[from] brn\n|upkeep\n|turn|2\n|\n|t:|1700246979\n|move|p2a: Feraligatr|Dragon Dance|p2a: Feraligatr\n|-boost|p2a: Feraligatr|atk|1\n|-boost|p2a: Feraligatr|spe|1\n|move|p1a: Rotom|Volt Switch|p2a: Feraligatr\n|-supereffective|p2a: Feraligatr\n|-damage|p2a: Feraligatr|33\/100 brn\n|\n|t:|1700247000\n|switch|p1a: Ambipom|Ambipom, M|100\/100|[from] Volt Switch\n|\n|-damage|p2a: Feraligatr|27\/100 brn|[from] brn\n|upkeep\n|turn|3\n|\n|t:|1700247015\n|-terastallize|p2a: Feraligatr|Steel\n|move|p1a: Ambipom|Fake Out|p2a: Feraligatr\n|-resisted|p2a: Feraligatr\n|-damage|p2a: Feraligatr|9\/100 brn\n|-damage|p1a: Ambipom|91\/100|[from] item: Life Orb\n|cant|p2a: Feraligatr|flinch\n|\n|-damage|p2a: Feraligatr|2\/100 brn|[from] brn\n|upkeep\n|turn|4\n|\n|t:|1700247026\n|switch|p1a: Snorlax|Snorlax, F, shiny|100\/100\n|move|p2a: Feraligatr|Liquidation|p1a: Snorlax\n|-damage|p1a: Snorlax|62\/100\n|\n|-heal|p1a: Snorlax|68\/100|[from] item: Leftovers\n|-damage|p2a: Feraligatr|0 fnt|[from] brn\n|faint|p2a: Feraligatr\n|upkeep\n|\n|t:|1700247032\n|switch|p2a: Scizor|Scizor, M|100\/100\n|turn|5\n|\n|t:|1700247047\n|detailschange|p2a: Scizor|Scizor-Mega, M\n|-mega|p2a: Scizor|Scizor|Scizorite\n|move|p2a: Scizor|Swords Dance|p2a: Scizor\n|-boost|p2a: Scizor|atk|2\n|move|p1a: Snorlax|Curse|p1a: Snorlax\n|-unboost|p1a: Snorlax|spe|1\n|-boost|p1a: Snorlax|atk|1\n|-boost|p1a: Snorlax|def|1\n|\n|-heal|p1a: Snorlax|74\/100|[from] item: Leftovers\n|upkeep\n|turn|6\n|\n|t:|1700247054\n|move|p2a: Scizor|Trailblaze|p1a: Snorlax\n|-damage|p1a: Snorlax|52\/100\n|-boost|p2a: Scizor|spe|1\n|move|p1a: Snorlax|Curse|p1a: Snorlax\n|-unboost|p1a: Snorlax|spe|1\n|-boost|p1a: Snorlax|atk|1\n|-boost|p1a: Snorlax|def|1\n|\n|-heal|p1a: Snorlax|58\/100|[from] item: Leftovers\n|upkeep\n|turn|7\n|\n|t:|1700247062\n|move|p2a: Scizor|Close Combat|p1a: Snorlax\n|-supereffective|p1a: Snorlax\n|-damage|p1a: Snorlax|5\/100\n|-unboost|p2a: Scizor|def|1\n|-unboost|p2a: Scizor|spd|1\n|move|p1a: Snorlax|Curse|p1a: Snorlax\n|-unboost|p1a: Snorlax|spe|1\n|-boost|p1a: Snorlax|atk|1\n|-boost|p1a: Snorlax|def|1\n|\n|-heal|p1a: Snorlax|11\/100|[from] item: Leftovers\n|upkeep\n|turn|8\n|\n|t:|1700247068\n|move|p2a: Scizor|Close Combat|p1a: Snorlax\n|-supereffective|p1a: Snorlax\n|-damage|p1a: Snorlax|0 fnt\n|-unboost|p2a: Scizor|def|1\n|-unboost|p2a: Scizor|spd|1\n|faint|p1a: Snorlax\n|\n|upkeep\n|\n|t:|1700247081\n|switch|p1a: Ambipom|Ambipom, M|91\/100\n|turn|9\n|\n|t:|1700247086\n|move|p1a: Ambipom|Fake Out|p2a: Scizor\n|-resisted|p2a: Scizor\n|-damage|p2a: Scizor|70\/100\n|-damage|p1a: Ambipom|81\/100|[from] item: Life Orb\n|cant|p2a: Scizor|flinch\n|\n|upkeep\n|turn|10\n|\n|t:|1700247091\n|move|p2a: Scizor|Bullet Punch|p1a: Ambipom\n|-damage|p1a: Ambipom|0 fnt\n|faint|p1a: Ambipom\n|\n|upkeep\n|\n|t:|1700247101\n|switch|p1a: Gyarados|Gyarados, F|100\/100\n|-ability|p1a: Gyarados|Intimidate|boost\n|-unboost|p2a: Scizor|atk|1\n|turn|11\n|\n|t:|1700247107\n|detailschange|p1a: Gyarados|Gyarados-Mega, F\n|-mega|p1a: Gyarados|Gyarados|Gyaradosite\n|-ability|p1a: Gyarados|Mold Breaker\n|move|p2a: Scizor|Trailblaze|p1a: Gyarados\n|-supereffective|p1a: Gyarados\n|-crit|p1a: Gyarados\n|-damage|p1a: Gyarados|0 fnt\n|-boost|p2a: Scizor|spe|1\n|faint|p1a: Gyarados\n|\n|upkeep\n|\n|t:|1700247121\n|switch|p1a: Jirachi|Jirachi|100\/100\n|turn|12\n|\n|t:|1700247127\n|move|p2a: Scizor|Close Combat|p1a: Jirachi\n|-damage|p1a: Jirachi|39\/100\n|-unboost|p2a: Scizor|def|1\n|-unboost|p2a: Scizor|spd|1\n|move|p1a: Jirachi|Iron Head|p2a: Scizor\n|-resisted|p2a: Scizor\n|-damage|p2a: Scizor|38\/100\n|\n|-heal|p1a: Jirachi|45\/100|[from] item: Leftovers\n|upkeep\n|turn|13\n|\n|t:|1700247138\n|move|p2a: Scizor|Close Combat|p1a: Jirachi\n|-damage|p1a: Jirachi|0 fnt\n|-unboost|p2a: Scizor|def|1\n|-unboost|p2a: Scizor|spd|1\n|faint|p1a: Jirachi\n|\n|upkeep\n|\n|t:|1700247142\n|switch|p1a: Tapu Koko|Tapu Koko|100\/100\n|-fieldstart|move: Electric Terrain|[from] ability: Electric Surge|[of] p1a: Tapu Koko\n|turn|14\n|-message|Pp_ForYouu forfeited.\n|\n|win|the6cats\n|raw|Pp_ForYouu's rating: 1080 &rarr; <strong>1060<\/strong><br \/>(-20 for losing)\n|raw|the6cats's rating: 1111 &rarr; <strong>1134<\/strong><br \/>(+23 for winning)\n|l|\u2606Pp_ForYouu\n","uploadtime":1700247155,"views":6,"p1id":"ppforyouu","p2id":"the6cats","formatid":"gen9nationaldex","rating":1060,"private":0,"password":""}