{"id":"gen9nationaldex-1993246901","p1":"shrzds","p2":"lenmel","format":"[Gen 9] National Dex","log":"|j|\u2606shrzds\n|j|\u2606lenmel\n|t:|1700283717\n|gametype|singles\n|player|p1|shrzds|wallace|1344\n|player|p2|lenmel|170|1346\n|teamsize|p1|6\n|teamsize|p2|6\n|gen|9\n|tier|[Gen 9] National Dex\n|rated|\n|rule|HP Percentage Mod: HP is shown in percentages\n|rule|Endless Battle Clause: Forcing endless battles is banned\n|rule|OHKO Clause: OHKO moves are banned\n|rule|Evasion Clause: Evasion abilities, items, and moves are banned\n|rule|Evasion Abilities Clause: Evasion abilities are banned\n|rule|Evasion Items Clause: Evasion items are banned\n|rule|Evasion Moves Clause: Evasion moves are banned\n|rule|Species Clause: Limit one of each Pok\u00e9mon\n|rule|Sleep Clause Mod: Limit one foe put to sleep\n|clearpoke\n|poke|p1|Pelipper, M|\n|poke|p1|Swampert, M|\n|poke|p1|Ferrothorn, F|\n|poke|p1|Zapdos|\n|poke|p1|Urshifu-*, F|\n|poke|p1|Kingdra, M|\n|poke|p2|Banette, F|\n|poke|p2|Alomomola, M|\n|poke|p2|Great Tusk|\n|poke|p2|Minior|\n|poke|p2|Iron Valiant|\n|poke|p2|Heatran, F|\n|teampreview\n|inactive|Battle timer is ON: inactive players will automatically lose when time's up. (requested by lenmel)\n|\n|t:|1700283739\n|start\n|switch|p1a: Urshifu|Urshifu-Rapid-Strike, F|100\/100\n|switch|p2a: Iron Valiant|Iron Valiant|100\/100\n|-enditem|p2a: Iron Valiant|Booster Energy\n|-activate|p2a: Iron Valiant|ability: Quark Drive|[fromitem]\n|-start|p2a: Iron Valiant|quarkdrivespe\n|turn|1\n|\n|t:|1700283753\n|switch|p1a: Ferrothorn|Ferrothorn, F, shiny|100\/100\n|move|p2a: Iron Valiant|Moonblast|p1a: Ferrothorn\n|-resisted|p1a: Ferrothorn\n|-damage|p1a: Ferrothorn|84\/100\n|\n|-heal|p1a: Ferrothorn|90\/100|[from] item: Leftovers\n|upkeep\n|turn|2\n|\n|t:|1700283783\n|-end|p2a: Iron Valiant|Quark Drive|[silent]\n|switch|p2a: Great Tusk|Great Tusk|100\/100\n|move|p1a: Ferrothorn|Stealth Rock|p2a: Great Tusk\n|-sidestart|p2: lenmel|move: Stealth Rock\n|\n|-heal|p1a: Ferrothorn|97\/100|[from] item: Leftovers\n|upkeep\n|turn|3\n|\n|t:|1700283790\n|switch|p1a: Pelipper|Pelipper, M, shiny|100\/100\n|-weather|RainDance|[from] ability: Drizzle|[of] p1a: Pelipper\n|move|p2a: Great Tusk|Rapid Spin|p1a: Pelipper\n|-damage|p1a: Pelipper|86\/100\n|-boost|p2a: Great Tusk|spe|1\n|-sideend|p2: lenmel|Stealth Rock|[from] move: Rapid Spin|[of] p2a: Great Tusk\n|\n|-weather|RainDance|[upkeep]\n|upkeep\n|turn|4\n|\n|t:|1700283803\n|-end|p2a: Great Tusk|Protosynthesis|[silent]\n|switch|p2a: Alomomola|Alomomola, M|100\/100\n|move|p1a: Pelipper|Scald|p2a: Alomomola\n|-resisted|p2a: Alomomola\n|-damage|p2a: Alomomola|83\/100\n|-status|p2a: Alomomola|brn\n|\n|-weather|RainDance|[upkeep]\n|-heal|p2a: Alomomola|89\/100 brn|[from] item: Leftovers\n|-damage|p2a: Alomomola|83\/100 brn|[from] brn\n|upkeep\n|turn|5\n|\n|t:|1700283810\n|switch|p1a: Ferrothorn|Ferrothorn, F, shiny|97\/100\n|move|p2a: Alomomola|Toxic|p1a: Ferrothorn|[miss]\n|-miss|p2a: Alomomola|p1a: Ferrothorn\n|\n|-weather|RainDance|[upkeep]\n|-heal|p2a: Alomomola|89\/100 brn|[from] item: Leftovers\n|-heal|p1a: Ferrothorn|100\/100|[from] item: Leftovers\n|-damage|p2a: Alomomola|83\/100 brn|[from] brn\n|upkeep\n|turn|6\n|\n|t:|1700283825\n|switch|p2a: Great Tusk|Great Tusk|100\/100\n|move|p1a: Ferrothorn|Stealth Rock|p2a: Great Tusk\n|-sidestart|p2: lenmel|move: Stealth Rock\n|\n|-weather|RainDance|[upkeep]\n|upkeep\n|turn|7\n|\n|t:|1700283834\n|switch|p1a: Kingdra|Kingdra, M, shiny|100\/100\n|move|p2a: Great Tusk|Rapid Spin|p1a: Kingdra\n|-damage|p1a: Kingdra|79\/100\n|-boost|p2a: Great Tusk|spe|1\n|-sideend|p2: lenmel|Stealth Rock|[from] move: Rapid Spin|[of] p2a: Great Tusk\n|\n|-weather|RainDance|[upkeep]\n|upkeep\n|turn|8\n|\n|t:|1700283858\n|move|p1a: Kingdra|Hydro Pump|p2a: Great Tusk\n|-supereffective|p2a: Great Tusk\n|-damage|p2a: Great Tusk|0 fnt\n|faint|p2a: Great Tusk\n|-end|p2a: Great Tusk|Protosynthesis|[silent]\n|\n|-weather|RainDance|[upkeep]\n|upkeep\n|\n|t:|1700283867\n|switch|p2a: Alomomola|Alomomola, M|100\/100 brn\n|turn|9\n|\n|t:|1700283873\n|move|p1a: Kingdra|Hydro Pump|p2a: Alomomola\n|-resisted|p2a: Alomomola\n|-damage|p2a: Alomomola|55\/100 brn\n|move|p2a: Alomomola|Flip Turn|p1a: Kingdra\n|-resisted|p1a: Kingdra\n|-damage|p1a: Kingdra|75\/100\n|\n|t:|1700283889\n|switch|p2a: Heatran|Heatran, F|100\/100|[from] Flip Turn\n|\n|-weather|RainDance|[upkeep]\n|upkeep\n|turn|10\n|\n|t:|1700283897\n|switch|p1a: Zapdos|Zapdos, shiny|100\/100\n|-terastallize|p2a: Heatran|Grass\n|move|p2a: Heatran|Earth Power|p1a: Zapdos\n|-immune|p1a: Zapdos\n|\n|-weather|none\n|upkeep\n|turn|11\n|\n|t:|1700283907\n|-zpower|p1a: Zapdos\n|move|p1a: Zapdos|Supersonic Skystrike|p2a: Heatran|[zeffect]\n|-supereffective|p2a: Heatran\n|-damage|p2a: Heatran|0 fnt\n|faint|p2a: Heatran\n|\n|upkeep\n|\n|t:|1700283917\n|switch|p2a: Iron Valiant|Iron Valiant|100\/100\n|turn|12\n|\n|t:|1700283920\n|move|p2a: Iron Valiant|Calm Mind|p2a: Iron Valiant\n|-boost|p2a: Iron Valiant|spa|1\n|-boost|p2a: Iron Valiant|spd|1\n|move|p1a: Zapdos|Volt Switch|p2a: Iron Valiant\n|-damage|p2a: Iron Valiant|61\/100\n|\n|t:|1700283928\n|switch|p1a: Ferrothorn|Ferrothorn, F, shiny|100\/100|[from] Volt Switch\n|\n|upkeep\n|turn|13\n|\n|t:|1700283938\n|-terastallize|p1a: Ferrothorn|Ghost\n|move|p2a: Iron Valiant|Focus Blast|p1a: Ferrothorn\n|-immune|p1a: Ferrothorn\n|move|p1a: Ferrothorn|Gyro Ball|p2a: Iron Valiant\n|-supereffective|p2a: Iron Valiant\n|-crit|p2a: Iron Valiant\n|-damage|p2a: Iron Valiant|0 fnt\n|faint|p2a: Iron Valiant\n|-end|p2a: Iron Valiant|Quark Drive|[silent]\n|\n|upkeep\n|-message|lenmel forfeited.\n|\n|win|shrzds\n|raw|shrzds's rating: 1344 &rarr; <strong>1364<\/strong><br \/>(+20 for winning)\n|raw|lenmel's rating: 1346 &rarr; <strong>1326<\/strong><br \/>(-20 for losing)\n|l|\u2606lenmel\n","uploadtime":1700283954,"views":17,"p1id":"shrzds","p2id":"lenmel","formatid":"gen9nationaldex","rating":1326,"private":0,"password":""}