{"id":"gen9nationaldex-1992706458","p1":"abWang","p2":"ouxiaonengshou","format":"[Gen 9] National Dex","log":"|j|\u2606abWang\n|j|\u2606ouxiaonengshou\n|t:|1700227468\n|gametype|singles\n|player|p1|abWang|169|1122\n|player|p2|ouxiaonengshou|iris-gen5bw2|1185\n|teamsize|p1|6\n|teamsize|p2|6\n|gen|9\n|tier|[Gen 9] National Dex\n|rated|\n|rule|HP Percentage Mod: HP is shown in percentages\n|rule|Endless Battle Clause: Forcing endless battles is banned\n|rule|OHKO Clause: OHKO moves are banned\n|rule|Evasion Clause: Evasion abilities, items, and moves are banned\n|rule|Evasion Abilities Clause: Evasion abilities are banned\n|rule|Evasion Items Clause: Evasion items are banned\n|rule|Evasion Moves Clause: Evasion moves are banned\n|rule|Species Clause: Limit one of each Pok\u00e9mon\n|rule|Sleep Clause Mod: Limit one foe put to sleep\n|clearpoke\n|poke|p1|Lopunny, F|\n|poke|p1|Tapu Lele|\n|poke|p1|Ninetales-Alola, F|\n|poke|p1|Serperior, F|\n|poke|p1|Ogerpon-Wellspring, F|\n|poke|p1|Empoleon, F|\n|poke|p2|Sudowoodo, F|\n|poke|p2|Shiftry, M|\n|poke|p2|Corviknight, M|\n|poke|p2|Swampert, M|\n|poke|p2|Pelipper, M|\n|poke|p2|Ogerpon, F|\n|teampreview\n|inactive|Battle timer is ON: inactive players will automatically lose when time's up. (requested by abWang)\n|\n|t:|1700227481\n|start\n|switch|p1a: Lopunny|Lopunny, F|100\/100\n|switch|p2a: Sudowoodo|Sudowoodo, F, shiny|100\/100\n|turn|1\n|\n|t:|1700227486\n|switch|p2a: Corviknight|Corviknight, M, shiny|100\/100\n|detailschange|p1a: Lopunny|Lopunny-Mega, F\n|-mega|p1a: Lopunny|Lopunny|Lopunnite\n|move|p1a: Lopunny|Fake Out|p2a: Corviknight\n|-resisted|p2a: Corviknight\n|-damage|p2a: Corviknight|92\/100\n|-damage|p1a: Lopunny|84\/100|[from] item: Rocky Helmet|[of] p2a: Corviknight\n|\n|upkeep\n|turn|2\n|\n|t:|1700227500\n|switch|p1a: Empoleon|Empoleon, F|100\/100\n|move|p2a: Corviknight|Body Press|p1a: Empoleon\n|-supereffective|p1a: Empoleon\n|-damage|p1a: Empoleon|63\/100\n|\n|-heal|p1a: Empoleon|69\/100|[from] item: Leftovers\n|upkeep\n|turn|3\n|\n|t:|1700227513\n|switch|p2a: Shiftry|Shiftry, M, shiny|100\/100\n|switch|p1a: Tapu Lele|Tapu Lele|100\/100\n|-fieldstart|move: Psychic Terrain|[from] ability: Psychic Surge|[of] p1a: Tapu Lele\n|\n|upkeep\n|turn|4\n|\n|t:|1700227519\n|move|p1a: Tapu Lele|Moonblast|p2a: Shiftry\n|-supereffective|p2a: Shiftry\n|-enditem|p2a: Shiftry|Focus Sash\n|-damage|p2a: Shiftry|1\/100\n|move|p2a: Shiftry|Tailwind|p2a: Shiftry\n|-sidestart|p2: ouxiaonengshou|move: Tailwind\n|-ability|p2a: Shiftry|Wind Rider|boost\n|-boost|p2a: Shiftry|atk|1\n|\n|upkeep\n|turn|5\n|\n|t:|1700227538\n|switch|p1a: Empoleon|Empoleon, F|69\/100\n|move|p2a: Shiftry|Explosion|p1a: Empoleon\n|-resisted|p1a: Empoleon\n|-damage|p1a: Empoleon|17\/100\n|faint|p2a: Shiftry\n|\n|-heal|p1a: Empoleon|23\/100|[from] item: Leftovers\n|upkeep\n|\n|t:|1700227547\n|switch|p2a: Swampert|Swampert, M|100\/100\n|turn|6\n|\n|t:|1700227552\n|switch|p1a: Ogerpon|Ogerpon-Wellspring, F|100\/100\n|detailschange|p2a: Swampert|Swampert-Mega, M\n|-mega|p2a: Swampert|Swampert|Swampertite\n|move|p2a: Swampert|Earthquake|p1a: Ogerpon\n|-resisted|p1a: Ogerpon\n|-damage|p1a: Ogerpon|63\/100\n|\n|upkeep\n|turn|7\n|\n|t:|1700227565\n|switch|p2a: Pelipper|Pelipper, M|100\/100\n|-weather|RainDance|[from] ability: Drizzle|[of] p2a: Pelipper\n|move|p1a: Ogerpon|Horn Leech|p2a: Pelipper\n|-damage|p2a: Pelipper|64\/100\n|-heal|p1a: Ogerpon|83\/100|[from] drain|[of] p2a: Pelipper\n|\n|-weather|RainDance|[upkeep]\n|-sideend|p2: ouxiaonengshou|move: Tailwind\n|-fieldend|move: Psychic Terrain\n|upkeep\n|turn|8\n|\n|t:|1700227578\n|switch|p1a: Empoleon|Empoleon, F|23\/100\n|move|p2a: Pelipper|Hurricane|p1a: Empoleon\n|-resisted|p1a: Empoleon\n|-damage|p1a: Empoleon|10\/100\n|-start|p1a: Empoleon|confusion\n|\n|-weather|RainDance|[upkeep]\n|-heal|p1a: Empoleon|16\/100|[from] item: Leftovers\n|upkeep\n|turn|9\n|\n|t:|1700227586\n|move|p2a: Pelipper|Weather Ball|p1a: Empoleon\n|-resisted|p1a: Empoleon\n|-damage|p1a: Empoleon|0 fnt\n|faint|p1a: Empoleon\n|\n|-weather|RainDance|[upkeep]\n|upkeep\n|\n|t:|1700227603\n|switch|p1a: Serperior|Serperior, F|100\/100\n|turn|10\n|\n|t:|1700227606\n|move|p1a: Serperior|Leaf Storm|p2a: Pelipper\n|-damage|p2a: Pelipper|2\/100\n|-boost|p1a: Serperior|spa|2\n|move|p2a: Pelipper|U-turn|p1a: Serperior\n|-supereffective|p1a: Serperior\n|-damage|p1a: Serperior|79\/100\n|\n|t:|1700227613\n|switch|p2a: Sudowoodo|Sudowoodo, F, shiny|100\/100|[from] U-turn\n|\n|-weather|RainDance|[upkeep]\n|-heal|p1a: Serperior|85\/100|[from] item: Leftovers\n|upkeep\n|turn|11\n|\n|t:|1700227621\n|switch|p1a: Ogerpon|Ogerpon-Wellspring, F|83\/100\n|move|p2a: Sudowoodo|Stealth Rock|p1a: Ogerpon\n|-sidestart|p1: abWang|move: Stealth Rock\n|\n|-weather|none\n|upkeep\n|turn|12\n|\n|t:|1700227628\n|move|p1a: Ogerpon|Horn Leech|p2a: Sudowoodo\n|-supereffective|p2a: Sudowoodo\n|-ability|p2a: Sudowoodo|Sturdy\n|-damage|p2a: Sudowoodo|1\/100\n|-heal|p1a: Ogerpon|100\/100|[from] drain|[of] p2a: Sudowoodo\n|move|p2a: Sudowoodo|Counter|p1a: Ogerpon\n|-damage|p1a: Ogerpon|0 fnt\n|faint|p1a: Ogerpon\n|\n|upkeep\n|\n|t:|1700227636\n|switch|p1a: Lopunny|Lopunny-Mega, F|84\/100\n|-damage|p1a: Lopunny|78\/100|[from] Stealth Rock\n|turn|13\n|\n|t:|1700227641\n|switch|p2a: Corviknight|Corviknight, M, shiny|92\/100\n|move|p1a: Lopunny|Close Combat|p2a: Corviknight\n|-damage|p2a: Corviknight|41\/100\n|-unboost|p1a: Lopunny|def|1\n|-unboost|p1a: Lopunny|spd|1\n|-damage|p1a: Lopunny|61\/100|[from] item: Rocky Helmet|[of] p2a: Corviknight\n|\n|upkeep\n|turn|14\n|\n|t:|1700227656\n|switch|p2a: Pelipper|Pelipper, M|2\/100\n|-weather|RainDance|[from] ability: Drizzle|[of] p2a: Pelipper\n|move|p1a: Lopunny|Close Combat|p2a: Pelipper\n|-resisted|p2a: Pelipper\n|-damage|p2a: Pelipper|0 fnt\n|-unboost|p1a: Lopunny|def|1\n|-unboost|p1a: Lopunny|spd|1\n|faint|p2a: Pelipper\n|\n|-weather|RainDance|[upkeep]\n|upkeep\n|\n|t:|1700227666\n|switch|p2a: Swampert|Swampert-Mega, M|100\/100\n|turn|15\n|\n|t:|1700227676\n|switch|p1a: Ninetales|Ninetales-Alola, F|100\/100\n|-damage|p1a: Ninetales|76\/100|[from] Stealth Rock\n|-weather|Snow|[from] ability: Snow Warning|[of] p1a: Ninetales\n|move|p2a: Swampert|Liquidation|p1a: Ninetales\n|-damage|p1a: Ninetales|21\/100\n|\n|-weather|Snow|[upkeep]\n|upkeep\n|turn|16\n|\n|t:|1700227695\n|switch|p2a: Corviknight|Corviknight, M, shiny|41\/100\n|move|p1a: Ninetales|Freeze-Dry|p2a: Corviknight\n|-damage|p2a: Corviknight|24\/100\n|\n|-weather|Snow|[upkeep]\n|upkeep\n|turn|17\n|\n|t:|1700227705\n|move|p1a: Ninetales|Freeze-Dry|p2a: Corviknight\n|-damage|p2a: Corviknight|5\/100\n|move|p2a: Corviknight|Iron Head|p1a: Ninetales\n|-supereffective|p1a: Ninetales\n|-damage|p1a: Ninetales|0 fnt\n|faint|p1a: Ninetales\n|\n|-weather|Snow|[upkeep]\n|upkeep\n|\n|t:|1700227713\n|switch|p1a: Serperior|Serperior, F|85\/100\n|-damage|p1a: Serperior|73\/100|[from] Stealth Rock\n|turn|18\n|\n|t:|1700227717\n|move|p1a: Serperior|Leaf Storm|p2a: Corviknight\n|-resisted|p2a: Corviknight\n|-damage|p2a: Corviknight|0 fnt\n|-boost|p1a: Serperior|spa|2\n|faint|p2a: Corviknight\n|\n|-weather|Snow|[upkeep]\n|-heal|p1a: Serperior|79\/100|[from] item: Leftovers\n|upkeep\n|\n|t:|1700227725\n|switch|p2a: Sudowoodo|Sudowoodo, F, shiny|1\/100\n|turn|19\n|-enditem|p2a: Sudowoodo|Custap Berry|[eat]\n|-activate|p2a: Sudowoodo|item: Custap Berry|[consumed]\n|\n|t:|1700227729\n|move|p2a: Sudowoodo|Explosion|p1a: Serperior\n|-damage|p1a: Serperior|0 fnt\n|faint|p2a: Sudowoodo\n|faint|p1a: Serperior\n|\n|-weather|none\n|upkeep\n|\n|t:|1700227735\n|switch|p1a: Tapu Lele|Tapu Lele|100\/100\n|switch|p2a: Ogerpon|Ogerpon, F|100\/100\n|-damage|p1a: Tapu Lele|88\/100|[from] Stealth Rock\n|-fieldstart|move: Psychic Terrain|[from] ability: Psychic Surge|[of] p1a: Tapu Lele\n|turn|20\n|\n|t:|1700227743\n|-zpower|p2a: Ogerpon\n|move|p2a: Ogerpon|Bloom Doom|p1a: Tapu Lele|[zeffect]\n|-damage|p1a: Tapu Lele|0 fnt\n|faint|p1a: Tapu Lele\n|\n|upkeep\n|\n|t:|1700227748\n|switch|p1a: Lopunny|Lopunny-Mega, F|61\/100\n|-damage|p1a: Lopunny|55\/100|[from] Stealth Rock\n|turn|21\n|\n|t:|1700227755\n|move|p1a: Lopunny|Triple Axel|p2a: Ogerpon|[miss]\n|-miss|p1a: Lopunny|p2a: Ogerpon\n|move|p2a: Ogerpon|Superpower|p1a: Lopunny\n|-supereffective|p1a: Lopunny\n|-damage|p1a: Lopunny|0 fnt\n|-unboost|p2a: Ogerpon|atk|1\n|-unboost|p2a: Ogerpon|def|1\n|faint|p1a: Lopunny\n|\n|win|ouxiaonengshou\n|raw|abWang's rating: 1122 &rarr; <strong>1101<\/strong><br \/>(-21 for losing)\n|raw|ouxiaonengshou's rating: 1185 &rarr; <strong>1206<\/strong><br \/>(+21 for winning)\n|l|\u2606abWang\n","uploadtime":1700227765,"views":5,"p1id":"abwang","p2id":"ouxiaonengshou","formatid":"gen9nationaldex","rating":1101,"private":0,"password":""}