{"id":"gen9nationaldex-1996097851","p1":"BarryVonCherry","p2":"Arzur23","format":"[Gen 9] National Dex","log":"|html|<div class=\"broadcast-blue\"><strong>[Gen 9] National Dex is currently suspecting Sneasler! For information on how to participate check out the <a href=\"https:\/\/www.smogon.com\/forums\/threads\/sv-national-dex-suspect-8-just-dance.3731534\/\">suspect thread<\/a>.<\/strong><\/div>\n|j|\u2606BarryVonCherry\n|j|\u2606Arzur23\n|t:|1700643716\n|gametype|singles\n|player|p1|BarryVonCherry|barry|1326\n|player|p2|Arzur23|169|1266\n|teamsize|p1|6\n|teamsize|p2|6\n|gen|9\n|tier|[Gen 9] National Dex\n|rated|\n|rule|HP Percentage Mod: HP is shown in percentages\n|rule|Endless Battle Clause: Forcing endless battles is banned\n|rule|OHKO Clause: OHKO moves are banned\n|rule|Evasion Clause: Evasion abilities, items, and moves are banned\n|rule|Evasion Abilities Clause: Evasion abilities are banned\n|rule|Evasion Items Clause: Evasion items are banned\n|rule|Evasion Moves Clause: Evasion moves are banned\n|rule|Species Clause: Limit one of each Pok\u00e9mon\n|rule|Sleep Clause Mod: Limit one foe put to sleep\n|clearpoke\n|poke|p1|Medicham, F|\n|poke|p1|Galvantula, F|\n|poke|p1|Blastoise, M|\n|poke|p1|Jirachi|\n|poke|p1|Infernape, M|\n|poke|p1|Tapu Lele|\n|poke|p2|Ceruledge, M|\n|poke|p2|Garganacl, F|\n|poke|p2|Dragonite, M|\n|poke|p2|Ogerpon-Wellspring, F|\n|poke|p2|Polteageist|\n|poke|p2|Noivern, F|\n|teampreview\n|\n|t:|1700643733\n|start\n|switch|p1a: Galvantula|Galvantula, F|100\/100\n|switch|p2a: Polteageist|Polteageist|100\/100\n|turn|1\n|inactive|Battle timer is ON: inactive players will automatically lose when time's up. (requested by Arzur23)\n|\n|t:|1700643741\n|move|p1a: Galvantula|Thunder Wave|p2a: Polteageist\n|-status|p2a: Polteageist|par\n|move|p2a: Polteageist|Shell Smash|p2a: Polteageist\n|-unboost|p2a: Polteageist|def|1\n|-unboost|p2a: Polteageist|spd|1\n|-boost|p2a: Polteageist|atk|2\n|-boost|p2a: Polteageist|spa|2\n|-boost|p2a: Polteageist|spe|2\n|\n|upkeep\n|turn|2\n|\n|t:|1700643767\n|move|p1a: Galvantula|Sticky Web|p2a: Polteageist\n|-sidestart|p2: Arzur23|move: Sticky Web\n|move|p2a: Polteageist|Shadow Ball|p1a: Galvantula\n|-enditem|p1a: Galvantula|Focus Sash\n|-damage|p1a: Galvantula|1\/100\n|\n|upkeep\n|turn|3\n|\n|t:|1700643772\n|move|p1a: Galvantula|Thunder|p2a: Polteageist|[miss]\n|-miss|p1a: Galvantula|p2a: Polteageist\n|move|p2a: Polteageist|Shadow Ball|p1a: Galvantula\n|-damage|p1a: Galvantula|0 fnt\n|faint|p1a: Galvantula\n|\n|upkeep\n|\n|t:|1700643778\n|switch|p1a: Jirachi|Jirachi|100\/100\n|turn|4\n|\n|t:|1700643783\n|-terastallize|p2a: Polteageist|Fighting\n|move|p1a: Jirachi|Stealth Rock|p2a: Polteageist\n|-sidestart|p2: Arzur23|move: Stealth Rock\n|move|p2a: Polteageist|Tera Blast|p1a: Jirachi|[anim] Tera Blast Fighting\n|-damage|p1a: Jirachi|10\/100\n|\n|upkeep\n|turn|5\n|\n|t:|1700643791\n|move|p1a: Jirachi|Iron Head|p2a: Polteageist\n|-damage|p2a: Polteageist|2\/100 par\n|-ability|p2a: Polteageist|Weak Armor|boost\n|-unboost|p2a: Polteageist|def|1\n|-boost|p2a: Polteageist|spe|2\n|cant|p2a: Polteageist|par\n|\n|upkeep\n|turn|6\n|\n|t:|1700643795\n|cant|p2a: Polteageist|par\n|move|p1a: Jirachi|Iron Head|p2a: Polteageist\n|-damage|p2a: Polteageist|0 fnt\n|faint|p2a: Polteageist\n|\n|upkeep\n|\n|t:|1700643799\n|switch|p2a: Ceruledge|Ceruledge, M|100\/100\n|-activate|p2a: Ceruledge|move: Sticky Web\n|-unboost|p2a: Ceruledge|spe|1\n|-damage|p2a: Ceruledge|76\/100|[from] Stealth Rock\n|turn|7\n|\n|t:|1700643804\n|move|p1a: Jirachi|Iron Head|p2a: Ceruledge\n|-resisted|p2a: Ceruledge\n|-damage|p2a: Ceruledge|50\/100\n|-ability|p2a: Ceruledge|Weak Armor|boost\n|-unboost|p2a: Ceruledge|def|1\n|-boost|p2a: Ceruledge|spe|2\n|move|p2a: Ceruledge|Bitter Blade|p1a: Jirachi\n|-supereffective|p1a: Jirachi\n|-damage|p1a: Jirachi|0 fnt\n|-heal|p2a: Ceruledge|55\/100|[from] drain|[of] p1a: Jirachi\n|faint|p1a: Jirachi\n|\n|upkeep\n|\n|t:|1700643813\n|switch|p1a: Blastoise|Blastoise, M|100\/100\n|turn|8\n|inactive|Arzur23 has 120 seconds left.\n|\n|t:|1700643863\n|move|p2a: Ceruledge|Close Combat|p1a: Blastoise\n|-damage|p1a: Blastoise|72\/100\n|-unboost|p2a: Ceruledge|def|1\n|-unboost|p2a: Ceruledge|spd|1\n|move|p1a: Blastoise|Scald|p2a: Ceruledge\n|-supereffective|p2a: Ceruledge\n|-crit|p2a: Ceruledge\n|-damage|p2a: Ceruledge|0 fnt\n|faint|p2a: Ceruledge\n|\n|upkeep\n|\n|t:|1700643874\n|switch|p2a: Dragonite|Dragonite, M|100\/100\n|turn|9\n|\n|t:|1700643878\n|move|p2a: Dragonite|Dragon Dance|p2a: Dragonite\n|-boost|p2a: Dragonite|atk|1\n|-boost|p2a: Dragonite|spe|1\n|move|p1a: Blastoise|Scald|p2a: Dragonite\n|-resisted|p2a: Dragonite\n|-damage|p2a: Dragonite|94\/100\n|\n|upkeep\n|turn|10\n|\n|t:|1700643885\n|move|p2a: Dragonite|Dragon Dance|p2a: Dragonite\n|-boost|p2a: Dragonite|atk|1\n|-boost|p2a: Dragonite|spe|1\n|move|p1a: Blastoise|Scald|p2a: Dragonite\n|-resisted|p2a: Dragonite\n|-crit|p2a: Dragonite\n|-damage|p2a: Dragonite|74\/100\n|-status|p2a: Dragonite|brn\n|\n|-damage|p2a: Dragonite|68\/100 brn|[from] brn\n|upkeep\n|turn|11\n|inactive|Arzur23 has 120 seconds left.\n|\n|t:|1700643913\n|move|p2a: Dragonite|Extreme Speed|p1a: Blastoise\n|-damage|p1a: Blastoise|52\/100\n|move|p1a: Blastoise|Scald|p2a: Dragonite\n|-resisted|p2a: Dragonite\n|-damage|p2a: Dragonite|56\/100 brn\n|\n|-damage|p2a: Dragonite|49\/100 brn|[from] brn\n|upkeep\n|turn|12\n|\n|t:|1700643922\n|move|p2a: Dragonite|Dragon Dance|p2a: Dragonite\n|-boost|p2a: Dragonite|atk|1\n|-boost|p2a: Dragonite|spe|1\n|move|p1a: Blastoise|Scald|p2a: Dragonite\n|-resisted|p2a: Dragonite\n|-damage|p2a: Dragonite|37\/100 brn\n|\n|-damage|p2a: Dragonite|31\/100 brn|[from] brn\n|upkeep\n|turn|13\n|\n|t:|1700643934\n|move|p1a: Blastoise|Protect|p1a: Blastoise\n|-singleturn|p1a: Blastoise|Protect\n|move|p2a: Dragonite|Extreme Speed|p1a: Blastoise\n|-activate|p1a: Blastoise|move: Protect\n|\n|-damage|p2a: Dragonite|25\/100 brn|[from] brn\n|upkeep\n|turn|14\n|\n|t:|1700643937\n|move|p2a: Dragonite|Extreme Speed|p1a: Blastoise\n|-damage|p1a: Blastoise|24\/100\n|move|p1a: Blastoise|Scald|p2a: Dragonite\n|-resisted|p2a: Dragonite\n|-damage|p2a: Dragonite|6\/100 brn\n|\n|-damage|p2a: Dragonite|0 fnt|[from] brn\n|faint|p2a: Dragonite\n|upkeep\n|\n|t:|1700643943\n|switch|p2a: Ogerpon|Ogerpon-Wellspring, F|100\/100\n|-activate|p2a: Ogerpon|move: Sticky Web\n|-unboost|p2a: Ogerpon|spe|1\n|-damage|p2a: Ogerpon|88\/100|[from] Stealth Rock\n|turn|15\n|\n|t:|1700643949\n|move|p2a: Ogerpon|Trailblaze|p1a: Blastoise\n|-supereffective|p1a: Blastoise\n|-damage|p1a: Blastoise|0 fnt\n|-boost|p2a: Ogerpon|spe|1\n|faint|p1a: Blastoise\n|\n|upkeep\n|\n|t:|1700643962\n|switch|p1a: Tapu Lele|Tapu Lele|100\/100\n|-fieldstart|move: Psychic Terrain|[from] ability: Psychic Surge|[of] p1a: Tapu Lele\n|turn|16\n|\n|t:|1700643980\n|move|p2a: Ogerpon|Ivy Cudgel|p1a: Tapu Lele|[anim] Ivy Cudgel Water\n|-damage|p1a: Tapu Lele|15\/100\n|move|p1a: Tapu Lele|Psychic|p2a: Ogerpon\n|-damage|p2a: Ogerpon|11\/100\n|\n|upkeep\n|turn|17\n|\n|t:|1700643985\n|move|p2a: Ogerpon|Ivy Cudgel|p1a: Tapu Lele|[anim] Ivy Cudgel Water\n|-damage|p1a: Tapu Lele|0 fnt\n|faint|p1a: Tapu Lele\n|\n|upkeep\n|\n|t:|1700643992\n|switch|p1a: Medicham|Medicham, F|100\/100\n|turn|18\n|\n|t:|1700643997\n|detailschange|p1a: Medicham|Medicham-Mega, F\n|-mega|p1a: Medicham|Medicham|Medichamite\n|move|p2a: Ogerpon|Ivy Cudgel|p1a: Medicham|[anim] Ivy Cudgel Water\n|-damage|p1a: Medicham|20\/100\n|move|p1a: Medicham|Power-Up Punch|p2a: Ogerpon\n|-damage|p2a: Ogerpon|0 fnt\n|-boost|p1a: Medicham|atk|1\n|faint|p2a: Ogerpon\n|\n|upkeep\n|\n|t:|1700644005\n|switch|p2a: Noivern|Noivern, F|100\/100\n|turn|19\n|\n|t:|1700644009\n|move|p2a: Noivern|Flamethrower|p1a: Medicham\n|-damage|p1a: Medicham|0 fnt\n|faint|p1a: Medicham\n|\n|upkeep\n|\n|t:|1700644012\n|switch|p1a: Infernape|Infernape, M|100\/100\n|turn|20\n|\n|t:|1700644022\n|-terastallize|p1a: Infernape|Fire\n|move|p2a: Noivern|Draco Meteor|p1a: Infernape\n|-damage|p1a: Infernape|11\/100\n|-unboost|p2a: Noivern|spa|2\n|move|p1a: Infernape|Fire Blast|p2a: Noivern\n|-resisted|p2a: Noivern\n|-damage|p2a: Noivern|4\/100\n|\n|-fieldend|move: Psychic Terrain\n|upkeep\n|turn|21\n|\n|t:|1700644030\n|move|p2a: Noivern|Flamethrower|p1a: Infernape\n|-resisted|p1a: Infernape\n|-damage|p1a: Infernape|1\/100\n|move|p1a: Infernape|Fire Blast|p2a: Noivern\n|-resisted|p2a: Noivern\n|-damage|p2a: Noivern|0 fnt\n|faint|p2a: Noivern\n|\n|upkeep\n|\n|t:|1700644035\n|switch|p2a: Garganacl|Garganacl, F|100\/100\n|-activate|p2a: Garganacl|move: Sticky Web\n|-unboost|p2a: Garganacl|spe|1\n|-damage|p2a: Garganacl|88\/100|[from] Stealth Rock\n|turn|22\n|\n|t:|1700644039\n|move|p1a: Infernape|Fire Blast|p2a: Garganacl\n|-resisted|p2a: Garganacl\n|-crit|p2a: Garganacl\n|-damage|p2a: Garganacl|0 fnt\n|faint|p2a: Garganacl\n|\n|win|BarryVonCherry\n|raw|BarryVonCherry's rating: 1326 &rarr; <strong>1343<\/strong><br \/>(+17 for winning)\n|raw|Arzur23's rating: 1266 &rarr; <strong>1245<\/strong><br \/>(-21 for losing)\n","uploadtime":1700644052,"views":0,"p1id":"barryvoncherry","p2id":"arzur23","formatid":"gen9nationaldex","rating":1245,"private":0,"password":""}