{"id":"gen9nationaldex-1989776764","p1":"King of Wyrms","p2":"Mitsubishienjoyer","format":"[Gen 9] National Dex","log":"|j|\u2606King of Wyrms\n|j|\u2606Mitsubishienjoyer\n|t:|1699894820\n|gametype|singles\n|player|p1|King of Wyrms|lance|1154\n|player|p2|Mitsubishienjoyer|giovanni|1128\n|teamsize|p1|6\n|teamsize|p2|6\n|gen|9\n|tier|[Gen 9] National Dex\n|rated|\n|rule|HP Percentage Mod: HP is shown in percentages\n|rule|Endless Battle Clause: Forcing endless battles is banned\n|rule|OHKO Clause: OHKO moves are banned\n|rule|Evasion Clause: Evasion abilities, items, and moves are banned\n|rule|Evasion Abilities Clause: Evasion abilities are banned\n|rule|Evasion Items Clause: Evasion items are banned\n|rule|Evasion Moves Clause: Evasion moves are banned\n|rule|Species Clause: Limit one of each Pok\u00e9mon\n|rule|Sleep Clause Mod: Limit one foe put to sleep\n|clearpoke\n|poke|p1|Charizard, F|\n|poke|p1|Garchomp, F|\n|poke|p1|Hydreigon, M|\n|poke|p1|Kommo-o, M|\n|poke|p1|Salamence, M|\n|poke|p1|Kingdra, M|\n|poke|p2|Salamence, F|\n|poke|p2|Ninjask, M|\n|poke|p2|Spinda, F|\n|poke|p2|Clamperl, M|\n|poke|p2|Seviper, M|\n|poke|p2|Mightyena, F|\n|teampreview\n|inactive|Battle timer is ON: inactive players will automatically lose when time's up. (requested by King of Wyrms)\n|\n|t:|1699894834\n|start\n|switch|p1a: Salamence|Salamence, M, shiny|100\/100\n|switch|p2a: Mightyena|Mightyena, F|100\/100\n|turn|1\n|\n|t:|1699894860\n|move|p1a: Salamence|Dragon Dance|p1a: Salamence\n|-boost|p1a: Salamence|atk|1\n|-boost|p1a: Salamence|spe|1\n|move|p2a: Mightyena|Frustration|p1a: Salamence\n|-damage|p1a: Salamence|65\/100\n|\n|upkeep\n|turn|2\n|\n|t:|1699894868\n|-terastallize|p1a: Salamence|Flying\n|move|p1a: Salamence|Dual Wingbeat|p2a: Mightyena\n|-damage|p2a: Mightyena|26\/100\n|-damage|p2a: Mightyena|0 fnt\n|faint|p2a: Mightyena\n|-ability|p1a: Salamence|Moxie|boost\n|-boost|p1a: Salamence|atk|1\n|-hitcount|p2: Mightyena|2\n|\n|upkeep\n|\n|t:|1699894891\n|switch|p2a: Kobra|Seviper, M, shiny|100\/100\n|turn|3\n|\n|t:|1699894900\n|move|p1a: Salamence|Earthquake|p2a: Kobra\n|-supereffective|p2a: Kobra\n|-damage|p2a: Kobra|0 fnt\n|faint|p2a: Kobra\n|-ability|p1a: Salamence|Moxie|boost\n|-boost|p1a: Salamence|atk|1\n|\n|upkeep\n|\n|t:|1699894907\n|switch|p2a: Spinda (with rizz)|Spinda, F|100\/100\n|turn|4\n|\n|t:|1699894924\n|move|p1a: Salamence|Dual Wingbeat|p2a: Spinda (with rizz)|[miss]\n|-miss|p1a: Salamence|p2a: Spinda (with rizz)\n|move|p2a: Spinda (with rizz)|Trick Room|p2a: Spinda (with rizz)\n|-fieldstart|move: Trick Room|[of] p2a: Spinda (with rizz)\n|\n|upkeep\n|turn|5\n|\n|t:|1699894931\n|move|p2a: Spinda (with rizz)|Attract|p1a: Salamence\n|-start|p1a: Salamence|Attract\n|-activate|p1a: Salamence|move: Attract|[of] p2a: Spinda (with rizz)\n|move|p1a: Salamence|Dual Wingbeat|p2a: Spinda (with rizz)\n|-damage|p2a: Spinda (with rizz)|0 fnt\n|faint|p2a: Spinda (with rizz)\n|-ability|p1a: Salamence|Moxie|boost\n|-boost|p1a: Salamence|atk|1\n|-hitcount|p2: Spinda (with rizz)|1\n|-end|p1a: Salamence|Attract|[silent]\n|\n|upkeep\n|\n|t:|1699894939\n|switch|p2a: Clenchperl|Clamperl, M, shiny|100\/100\n|turn|6\n|\n|t:|1699894943\n|move|p2a: Clenchperl|Ice Beam|p1a: Salamence\n|-supereffective|p1a: Salamence\n|-damage|p1a: Salamence|0 fnt\n|faint|p1a: Salamence\n|\n|upkeep\n|inactive|King of Wyrms has 120 seconds left.\n|\n|t:|1699894985\n|switch|p1a: Garchomp|Garchomp, F|100\/100\n|turn|7\n|\n|t:|1699894989\n|move|p2a: Clenchperl|Substitute|p2a: Clenchperl\n|-start|p2a: Clenchperl|Substitute\n|-damage|p2a: Clenchperl|76\/100\n|move|p1a: Garchomp|Stealth Rock|p2a: Clenchperl\n|-sidestart|p2: Mitsubishienjoyer|move: Stealth Rock\n|\n|upkeep\n|turn|8\n|\n|t:|1699894997\n|move|p2a: Clenchperl|Shell Smash|p2a: Clenchperl\n|-unboost|p2a: Clenchperl|def|1\n|-unboost|p2a: Clenchperl|spd|1\n|-boost|p2a: Clenchperl|atk|2\n|-boost|p2a: Clenchperl|spa|2\n|-boost|p2a: Clenchperl|spe|2\n|move|p1a: Garchomp|Dragon Claw|p2a: Clenchperl\n|-end|p2a: Clenchperl|Substitute\n|\n|-fieldend|move: Trick Room\n|upkeep\n|turn|9\n|\n|t:|1699895012\n|move|p2a: Clenchperl|Ice Beam|p1a: Garchomp\n|-supereffective|p1a: Garchomp\n|-damage|p1a: Garchomp|0 fnt\n|faint|p1a: Garchomp\n|\n|upkeep\n|\n|t:|1699895018\n|switch|p1a: Hydreigon|Hydreigon, M, shiny|100\/100\n|turn|10\n|\n|t:|1699895023\n|move|p2a: Clenchperl|Ice Beam|p1a: Hydreigon\n|-supereffective|p1a: Hydreigon\n|-damage|p1a: Hydreigon|0 fnt\n|faint|p1a: Hydreigon\n|\n|upkeep\n|\n|t:|1699895028\n|switch|p1a: Kingdra|Kingdra, M, shiny|100\/100\n|turn|11\n|\n|t:|1699895032\n|move|p2a: Clenchperl|Ice Beam|p1a: Kingdra\n|-damage|p1a: Kingdra|0 fnt\n|faint|p1a: Kingdra\n|\n|upkeep\n|\n|t:|1699895037\n|switch|p1a: Charizard|Charizard, F, shiny|100\/100\n|turn|12\n|\n|t:|1699895058\n|detailschange|p1a: Charizard|Charizard-Mega-X, F, shiny\n|-mega|p1a: Charizard|Charizard|Charizardite X\n|move|p2a: Clenchperl|Surf|p1a: Charizard\n|-damage|p1a: Charizard|0 fnt\n|faint|p1a: Charizard\n|\n|upkeep\n|\n|t:|1699895064\n|switch|p1a: Kommo-o|Kommo-o, M|100\/100\n|turn|13\n|\n|t:|1699895067\n|-terastallize|p2a: Clenchperl|Water\n|move|p2a: Clenchperl|Surf|p1a: Kommo-o\n|-resisted|p1a: Kommo-o\n|-damage|p1a: Kommo-o|7\/100\n|-zpower|p1a: Kommo-o\n|move|p1a: Kommo-o|Clangorous Soulblaze|p2a: Clenchperl|[zeffect]\n|-damage|p2a: Clenchperl|0 fnt\n|faint|p2a: Clenchperl\n|-boost|p1a: Kommo-o|atk|1\n|-boost|p1a: Kommo-o|def|1\n|-boost|p1a: Kommo-o|spa|1\n|-boost|p1a: Kommo-o|spd|1\n|-boost|p1a: Kommo-o|spe|1\n|\n|upkeep\n|\n|t:|1699895074\n|switch|p2a: Sheddinja|Ninjask, M|100\/100\n|-damage|p2a: Sheddinja|51\/100|[from] Stealth Rock\n|turn|14\n|\n|t:|1699895083\n|move|p2a: Sheddinja|Acrobatics|p1a: Kommo-o\n|-supereffective|p1a: Kommo-o\n|-damage|p1a: Kommo-o|0 fnt\n|faint|p1a: Kommo-o\n|\n|win|Mitsubishienjoyer\n|raw|King of Wyrms's rating: 1154 &rarr; <strong>1127<\/strong><br \/>(-27 for losing)\n|raw|Mitsubishienjoyer's rating: 1128 &rarr; <strong>1155<\/strong><br \/>(+27 for winning)\n|l|\u2606King of Wyrms\n","uploadtime":1699895091,"views":4,"p1id":"kingofwyrms","p2id":"mitsubishienjoyer","formatid":"gen9nationaldex","rating":1127,"private":0,"password":""}