{"id":"gen9nationaldex-1989263159","p1":"Xernos123","p2":"Papatineur","format":"[Gen 9] National Dex","log":"|j|\u2606Xernos123\n|j|\u2606Papatineur\n|t:|1699829397\n|gametype|singles\n|player|p1|Xernos123|cynthia-gen4|1323\n|player|p2|Papatineur|tuber|1284\n|teamsize|p1|6\n|teamsize|p2|6\n|gen|9\n|tier|[Gen 9] National Dex\n|rated|\n|rule|HP Percentage Mod: HP is shown in percentages\n|rule|Endless Battle Clause: Forcing endless battles is banned\n|rule|OHKO Clause: OHKO moves are banned\n|rule|Evasion Clause: Evasion abilities, items, and moves are banned\n|rule|Evasion Abilities Clause: Evasion abilities are banned\n|rule|Evasion Items Clause: Evasion items are banned\n|rule|Evasion Moves Clause: Evasion moves are banned\n|rule|Species Clause: Limit one of each Pok\u00e9mon\n|rule|Sleep Clause Mod: Limit one foe put to sleep\n|clearpoke\n|poke|p1|Cinderace, M|\n|poke|p1|Noivern, F|\n|poke|p1|Scizor, M|\n|poke|p1|Kommo-o-Totem, M|\n|poke|p1|Meowscarada, F|\n|poke|p1|Charizard, M|\n|poke|p2|Sandaconda, M|\n|poke|p2|Heracross, F|\n|poke|p2|Cofagrigus, F|\n|poke|p2|Torkoal, F|\n|poke|p2|Lucario, M|\n|poke|p2|Moltres|\n|teampreview\n|inactive|Battle timer is ON: inactive players will automatically lose when time's up. (requested by Xernos123)\n|\n|t:|1699829409\n|start\n|switch|p1a: Kommo-o|Kommo-o-Totem, M|100\/100\n|switch|p2a: Sandaconda|Sandaconda, M|100\/100\n|turn|1\n|\n|t:|1699829415\n|move|p1a: Kommo-o|Substitute|p1a: Kommo-o\n|-start|p1a: Kommo-o|Substitute\n|-damage|p1a: Kommo-o|75\/100\n|move|p2a: Sandaconda|Glare||[still]\n|-fail|p2a: Sandaconda\n|\n|upkeep\n|turn|2\n|\n|t:|1699829427\n|move|p1a: Kommo-o|Belly Drum|p1a: Kommo-o\n|-damage|p1a: Kommo-o|25\/100\n|-setboost|p1a: Kommo-o|atk|6|[from] move: Belly Drum\n|-enditem|p1a: Kommo-o|Salac Berry|[eat]\n|-boost|p1a: Kommo-o|spe|1|[from] item: Salac Berry\n|move|p2a: Sandaconda|Earthquake|p1a: Kommo-o\n|-end|p1a: Kommo-o|Substitute\n|\n|upkeep\n|turn|3\n|\n|t:|1699829432\n|move|p1a: Kommo-o|Drain Punch|p2a: Sandaconda\n|-damage|p2a: Sandaconda|23\/100\n|-heal|p1a: Kommo-o|71\/100|[from] drain|[of] p2a: Sandaconda\n|-damage|p1a: Kommo-o|55\/100|[from] item: Rocky Helmet|[of] p2a: Sandaconda\n|-weather|Sandstorm|[from] ability: Sand Spit|[of] p2a: Sandaconda\n|move|p2a: Sandaconda|Earthquake|p1a: Kommo-o\n|-damage|p1a: Kommo-o|20\/100\n|\n|-weather|Sandstorm|[upkeep]\n|upkeep\n|turn|4\n|\n|t:|1699829442\n|switch|p2a: Cofagrigus|Cofagrigus, F|100\/100\n|move|p1a: Kommo-o|Drain Punch|p2a: Cofagrigus\n|-immune|p2a: Cofagrigus\n|\n|-weather|Sandstorm|[upkeep]\n|-damage|p2a: Cofagrigus|94\/100|[from] Sandstorm\n|-heal|p2a: Cofagrigus|100\/100|[from] item: Leftovers\n|upkeep\n|turn|5\n|\n|t:|1699829468\n|move|p1a: Kommo-o|Earthquake|p2a: Cofagrigus\n|-damage|p2a: Cofagrigus|31\/100\n|move|p2a: Cofagrigus|Night Shade|p1a: Kommo-o\n|-damage|p1a: Kommo-o|0 fnt\n|faint|p1a: Kommo-o\n|\n|-weather|Sandstorm|[upkeep]\n|-damage|p2a: Cofagrigus|25\/100|[from] Sandstorm\n|-heal|p2a: Cofagrigus|31\/100|[from] item: Leftovers\n|upkeep\n|\n|t:|1699829483\n|switch|p1a: Charizard|Charizard, M|100\/100\n|turn|6\n|\n|t:|1699829491\n|move|p1a: Charizard|Weather Ball|p2a: Cofagrigus\n|-damage|p2a: Cofagrigus|2\/100\n|move|p2a: Cofagrigus|Night Shade|p1a: Charizard\n|-damage|p1a: Charizard|67\/100\n|\n|-weather|Sandstorm|[upkeep]\n|-damage|p1a: Charizard|61\/100|[from] Sandstorm\n|-damage|p2a: Cofagrigus|0 fnt|[from] Sandstorm\n|faint|p2a: Cofagrigus\n|upkeep\n|inactive|Papatineur has 120 seconds left.\n|\n|t:|1699829524\n|switch|p2a: Torkoal|Torkoal, F|100\/100\n|-weather|SunnyDay|[from] ability: Drought|[of] p2a: Torkoal\n|turn|7\n|\n|t:|1699829536\n|detailschange|p1a: Charizard|Charizard-Mega-Y, M\n|-mega|p1a: Charizard|Charizard|Charizardite Y\n|move|p1a: Charizard|Ancient Power|p2a: Torkoal\n|-supereffective|p2a: Torkoal\n|-damage|p2a: Torkoal|33\/100\n|move|p2a: Torkoal|Ancient Power|p1a: Charizard\n|-supereffective|p1a: Charizard\n|-damage|p1a: Charizard|0 fnt\n|faint|p1a: Charizard\n|\n|-weather|SunnyDay|[upkeep]\n|upkeep\n|\n|t:|1699829544\n|switch|p1a: Cinderace|Cinderace, M|100\/100\n|turn|8\n|\n|t:|1699829552\n|move|p1a: Cinderace|Pyro Ball|p2a: Torkoal\n|-resisted|p2a: Torkoal\n|-damage|p2a: Torkoal|2\/100\n|move|p2a: Torkoal|Earth Power|p1a: Cinderace\n|-supereffective|p1a: Cinderace\n|-damage|p1a: Cinderace|22\/100\n|-unboost|p1a: Cinderace|spd|1\n|\n|-weather|SunnyDay|[upkeep]\n|upkeep\n|turn|9\n|\n|t:|1699829559\n|move|p1a: Cinderace|Pyro Ball|p2a: Torkoal\n|-resisted|p2a: Torkoal\n|-damage|p2a: Torkoal|0 fnt\n|faint|p2a: Torkoal\n|\n|-weather|SunnyDay|[upkeep]\n|upkeep\n|\n|t:|1699829567\n|switch|p2a: Moltres|Moltres|100\/100\n|turn|10\n|\n|t:|1699829572\n|move|p1a: Cinderace|Pyro Ball|p2a: Moltres\n|-resisted|p2a: Moltres\n|-damage|p2a: Moltres|70\/100\n|move|p2a: Moltres|Scorching Sands|p1a: Cinderace\n|-supereffective|p1a: Cinderace\n|-damage|p1a: Cinderace|0 fnt\n|faint|p1a: Cinderace\n|\n|-weather|SunnyDay|[upkeep]\n|upkeep\n|\n|t:|1699829579\n|switch|p1a: Noivern|Noivern, F|100\/100\n|turn|11\n|\n|t:|1699829592\n|-terastallize|p1a: Noivern|Normal\n|move|p1a: Noivern|Boomburst|p2a: Moltres\n|-damage|p2a: Moltres|0 fnt\n|faint|p2a: Moltres\n|\n|-weather|none\n|upkeep\n|\n|t:|1699829606\n|switch|p2a: Lucario|Lucario, M|100\/100\n|turn|12\n|\n|t:|1699829616\n|switch|p1a: Scizor|Scizor, M, shiny|100\/100\n|-terastallize|p2a: Lucario|Fighting\n|move|p2a: Lucario|Aura Sphere|p1a: Scizor\n|-damage|p1a: Scizor|22\/100\n|\n|upkeep\n|turn|13\n|\n|t:|1699829632\n|switch|p2a: Sandaconda|Sandaconda, M|23\/100\n|move|p1a: Scizor|Bullet Punch|p2a: Sandaconda\n|-damage|p2a: Sandaconda|0 fnt\n|-damage|p1a: Scizor|5\/100|[from] item: Rocky Helmet|[of] p2a: Sandaconda\n|-weather|Sandstorm|[from] ability: Sand Spit|[of] p2a: Sandaconda\n|faint|p2a: Sandaconda\n|-damage|p1a: Scizor|0 fnt|[from] item: Life Orb\n|faint|p1a: Scizor\n|\n|-weather|Sandstorm|[upkeep]\n|upkeep\n|\n|t:|1699829646\n|switch|p1a: Noivern|Noivern, F, tera:Normal|100\/100\n|switch|p2a: Lucario|Lucario, M, tera:Fighting|100\/100\n|turn|14\n|\n|t:|1699829650\n|move|p1a: Noivern|Boomburst|p2a: Lucario\n|-enditem|p2a: Lucario|Focus Sash\n|-damage|p2a: Lucario|1\/100\n|move|p2a: Lucario|Aura Sphere|p1a: Noivern\n|-supereffective|p1a: Noivern\n|-damage|p1a: Noivern|0 fnt\n|faint|p1a: Noivern\n|\n|-weather|Sandstorm|[upkeep]\n|-damage|p2a: Lucario|0 fnt|[from] Sandstorm\n|faint|p2a: Lucario\n|upkeep\n|\n|t:|1699829660\n|switch|p1a: Meowscarada|Meowscarada, F|100\/100\n|switch|p2a: Heracross|Heracross, F|100\/100\n|turn|15\n|\n|t:|1699829671\n|move|p1a: Meowscarada|Play Rough|p2a: Heracross\n|-start|p1a: Meowscarada|typechange|Fairy|[from] ability: Protean\n|-supereffective|p2a: Heracross\n|-damage|p2a: Heracross|0 fnt\n|faint|p2a: Heracross\n|\n|win|Xernos123\n|raw|Xernos123's rating: 1323 &rarr; <strong>1341<\/strong><br \/>(+18 for winning)\n|raw|Papatineur's rating: 1284 &rarr; <strong>1262<\/strong><br \/>(-22 for losing)\n","uploadtime":1699829679,"views":7,"p1id":"xernos123","p2id":"papatineur","formatid":"gen9nationaldex","rating":1262,"private":0,"password":""}