{"id":"gen9nationaldex-1997797220","p1":"ghostkinggengar","p2":"A Ira de Deus","format":"[Gen 9] National Dex","log":"|html|<div class=\"broadcast-blue\"><strong>[Gen 9] National Dex is currently suspecting Sneasler! For information on how to participate check out the <a href=\"https:\/\/www.smogon.com\/forums\/threads\/sv-national-dex-suspect-8-just-dance.3731534\/\">suspect thread<\/a>.<\/strong><\/div>\n|j|\u2606ghostkinggengar\n|j|\u2606A Ira de Deus\n|t:|1700853725\n|gametype|singles\n|player|p1|ghostkinggengar|swimmerf|1772\n|player|p2|A Ira de Deus|unknown|1892\n|teamsize|p1|6\n|teamsize|p2|6\n|gen|9\n|tier|[Gen 9] National Dex\n|rated|\n|rule|HP Percentage Mod: HP is shown in percentages\n|rule|Endless Battle Clause: Forcing endless battles is banned\n|rule|OHKO Clause: OHKO moves are banned\n|rule|Evasion Clause: Evasion abilities, items, and moves are banned\n|rule|Evasion Abilities Clause: Evasion abilities are banned\n|rule|Evasion Items Clause: Evasion items are banned\n|rule|Evasion Moves Clause: Evasion moves are banned\n|rule|Species Clause: Limit one of each Pok\u00e9mon\n|rule|Sleep Clause Mod: Limit one foe put to sleep\n|clearpoke\n|poke|p1|Slowbro, M|\n|poke|p1|Ursaluna, M|\n|poke|p1|Blacephalon|\n|poke|p1|Garchomp, M|\n|poke|p1|Goodra-Hisui, F|\n|poke|p1|Moltres|\n|poke|p2|Charizard, M|\n|poke|p2|Hoopa-Unbound|\n|poke|p2|Clefable, M|\n|poke|p2|Toxapex, M|\n|poke|p2|Chansey, F|\n|poke|p2|Gliscor, M|\n|teampreview\n|inactive|Battle timer is ON: inactive players will automatically lose when time's up. (requested by ghostkinggengar)\n|\n|t:|1700853733\n|start\n|switch|p1a: Garchomp|Garchomp, M|100\/100\n|switch|p2a: Hover on Water|Toxapex, M|100\/100\n|turn|1\n|\n|t:|1700853738\n|move|p1a: Garchomp|Stealth Rock|p2a: Hover on Water\n|-sidestart|p2: A Ira de Deus|move: Stealth Rock\n|move|p2a: Hover on Water|Toxic Spikes|p1a: Garchomp\n|-sidestart|p1: ghostkinggengar|move: Toxic Spikes\n|\n|upkeep\n|turn|2\n|\n|t:|1700853743\n|switch|p2a: Flat Earth|Gliscor, M, shiny|100\/100\n|-damage|p2a: Flat Earth|88\/100|[from] Stealth Rock\n|move|p1a: Garchomp|Swords Dance|p1a: Garchomp\n|-boost|p1a: Garchomp|atk|2\n|\n|-status|p2a: Flat Earth|tox|[from] item: Toxic Orb\n|upkeep\n|turn|3\n|\n|t:|1700853752\n|switch|p2a: Forbidden Fruit|Clefable, M|100\/100\n|-damage|p2a: Forbidden Fruit|88\/100|[from] Stealth Rock\n|-zpower|p1a: Garchomp\n|move|p1a: Garchomp|Devastating Drake|p2a: Forbidden Fruit|[zeffect]\n|-immune|p2a: Forbidden Fruit\n|\n|-heal|p2a: Forbidden Fruit|94\/100|[from] item: Leftovers\n|upkeep\n|turn|4\n|\n|t:|1700853760\n|move|p2a: Forbidden Fruit|Protect|p2a: Forbidden Fruit\n|-singleturn|p2a: Forbidden Fruit|Protect\n|move|p1a: Garchomp|Earthquake|p2a: Forbidden Fruit\n|-activate|p2a: Forbidden Fruit|move: Protect\n|\n|-heal|p2a: Forbidden Fruit|99\/100|[from] item: Leftovers\n|upkeep\n|turn|5\n|\n|t:|1700853764\n|move|p1a: Garchomp|Earthquake|p2a: Forbidden Fruit\n|-damage|p2a: Forbidden Fruit|62\/100\n|move|p2a: Forbidden Fruit|Toxic|p1a: Garchomp\n|-status|p1a: Garchomp|tox\n|\n|-heal|p2a: Forbidden Fruit|68\/100|[from] item: Leftovers\n|-damage|p1a: Garchomp|94\/100 tox|[from] psn\n|upkeep\n|turn|6\n|\n|t:|1700853770\n|switch|p1a: Moltres|Moltres|100\/100\n|move|p2a: Forbidden Fruit|Wish|p2a: Forbidden Fruit\n|\n|-heal|p2a: Forbidden Fruit|74\/100|[from] item: Leftovers\n|upkeep\n|turn|7\n|\n|t:|1700853775\n|move|p1a: Moltres|U-turn|p2a: Forbidden Fruit\n|-resisted|p2a: Forbidden Fruit\n|-damage|p2a: Forbidden Fruit|68\/100\n|\n|t:|1700853779\n|switch|p1a: Goodra|Goodra-Hisui, F|100\/100|[from] U-turn\n|move|p2a: Forbidden Fruit|Toxic|p1a: Goodra\n|-immune|p1a: Goodra\n|\n|-heal|p2a: Forbidden Fruit|100\/100|[from] move: Wish|[wisher] Forbidden Fruit\n|upkeep\n|turn|8\n|\n|t:|1700853787\n|switch|p2a: Tree of Life|Chansey, F|100\/100\n|-damage|p2a: Tree of Life|88\/100|[from] Stealth Rock\n|move|p1a: Goodra|Knock Off|p2a: Tree of Life\n|-damage|p2a: Tree of Life|73\/100\n|-enditem|p2a: Tree of Life|Eviolite|[from] move: Knock Off|[of] p1a: Goodra\n|\n|upkeep\n|turn|9\n|\n|t:|1700853795\n|move|p2a: Tree of Life|Soft-Boiled|p2a: Tree of Life\n|-heal|p2a: Tree of Life|100\/100\n|move|p1a: Goodra|Dragon Tail|p2a: Tree of Life\n|-damage|p2a: Tree of Life|79\/100\n|drag|p2a: Hover on Water|Toxapex, M|100\/100\n|-damage|p2a: Hover on Water|88\/100|[from] Stealth Rock\n|\n|upkeep\n|turn|10\n|\n|t:|1700853806\n|switch|p2a: Flat Earth|Gliscor, M, shiny|88\/100 tox\n|-damage|p2a: Flat Earth|76\/100 tox|[from] Stealth Rock\n|move|p1a: Goodra|Earthquake|p2a: Flat Earth\n|-immune|p2a: Flat Earth\n|\n|-heal|p2a: Flat Earth|88\/100 tox|[from] ability: Poison Heal\n|upkeep\n|turn|11\n|\n|t:|1700853815\n|switch|p1a: Slowbro|Slowbro, M|100\/100\n|-status|p1a: Slowbro|psn\n|move|p2a: Flat Earth|Stealth Rock|p1a: Slowbro\n|-sidestart|p1: ghostkinggengar|move: Stealth Rock\n|\n|-heal|p2a: Flat Earth|100\/100 tox|[from] ability: Poison Heal\n|-damage|p1a: Slowbro|88\/100 psn|[from] psn\n|upkeep\n|turn|12\n|\n|t:|1700853818\n|move|p2a: Flat Earth|Knock Off|p1a: Slowbro\n|-supereffective|p1a: Slowbro\n|-damage|p1a: Slowbro|63\/100 psn\n|-damage|p2a: Flat Earth|84\/100 tox|[from] item: Rocky Helmet|[of] p1a: Slowbro\n|-enditem|p1a: Slowbro|Rocky Helmet|[from] move: Knock Off|[of] p2a: Flat Earth\n|move|p1a: Slowbro|Trick Room|p1a: Slowbro\n|-fieldstart|move: Trick Room|[of] p1a: Slowbro\n|\n|-damage|p1a: Slowbro|50\/100 psn|[from] psn\n|-heal|p2a: Flat Earth|96\/100 tox|[from] ability: Poison Heal\n|upkeep\n|turn|13\n|\n|t:|1700853831\n|switch|p2a: Tree of Life|Chansey, F|79\/100\n|-damage|p2a: Tree of Life|67\/100|[from] Stealth Rock\n|move|p1a: Slowbro|Teleport|p1a: Slowbro\n|\n|t:|1700853836\n|switch|p1a: Moltres|Moltres|100\/100|[from] Teleport\n|\n|upkeep\n|turn|14\n|\n|t:|1700853840\n|move|p2a: Tree of Life|Thunder Wave|p1a: Moltres\n|-status|p1a: Moltres|par\n|cant|p1a: Moltres|par\n|\n|upkeep\n|turn|15\n|\n|t:|1700853845\n|move|p1a: Moltres|Defog|p2a: Tree of Life\n|-unboost|p2a: Tree of Life|evasion|1\n|-sideend|p2: A Ira de Deus|Stealth Rock|[from] move: Defog|[of] p1a: Moltres\n|-sideend|p1: ghostkinggengar|Toxic Spikes|[from] move: Defog|[of] p1a: Moltres\n|-sideend|p1: ghostkinggengar|Stealth Rock|[from] move: Defog|[of] p1a: Moltres\n|move|p2a: Tree of Life|Soft-Boiled|p2a: Tree of Life\n|-heal|p2a: Tree of Life|100\/100\n|\n|upkeep\n|turn|16\n|\n|t:|1700853849\n|cant|p1a: Moltres|par\n|move|p2a: Tree of Life|Thunder Wave|p1a: Moltres\n|-fail|p1a: Moltres|par\n|\n|-fieldend|move: Trick Room\n|upkeep\n|turn|17\n|\n|t:|1700853851\n|cant|p1a: Moltres|par\n|move|p2a: Tree of Life|Teleport|p2a: Tree of Life\n|\n|t:|1700853854\n|switch|p2a: Flat Earth|Gliscor, M, shiny|96\/100 tox|[from] Teleport\n|\n|-heal|p2a: Flat Earth|100\/100 tox|[from] ability: Poison Heal\n|upkeep\n|turn|18\n|\n|t:|1700853857\n|move|p2a: Flat Earth|Stealth Rock|p1a: Moltres\n|-sidestart|p1: ghostkinggengar|move: Stealth Rock\n|move|p1a: Moltres|U-turn|p2a: Flat Earth\n|-resisted|p2a: Flat Earth\n|-damage|p2a: Flat Earth|94\/100 tox\n|\n|t:|1700853862\n|switch|p1a: Ursaluna|Ursaluna, M|100\/100|[from] U-turn\n|-damage|p1a: Ursaluna|94\/100|[from] Stealth Rock\n|\n|-heal|p2a: Flat Earth|100\/100 tox|[from] ability: Poison Heal\n|-status|p1a: Ursaluna|brn|[from] item: Flame Orb\n|upkeep\n|turn|19\n|\n|t:|1700853866\n|switch|p2a: Hover on Water|Toxapex, M|100\/100\n|-terastallize|p1a: Ursaluna|Normal\n|move|p1a: Ursaluna|Facade|p2a: Hover on Water\n|-damage|p2a: Hover on Water|0 fnt\n|-damage|p1a: Ursaluna|78\/100 brn|[from] item: Rocky Helmet|[of] p2a: Hover on Water\n|faint|p2a: Hover on Water\n|\n|-damage|p1a: Ursaluna|72\/100 brn|[from] brn\n|upkeep\n|\n|t:|1700853869\n|switch|p2a: Face of Abyss|Hoopa-Unbound|100\/100\n|turn|20\n|\n|t:|1700853889\n|switch|p1a: Goodra|Goodra-Hisui, F|100\/100\n|-damage|p1a: Goodra|94\/100|[from] Stealth Rock\n|-zpower|p2a: Face of Abyss\n|move|p2a: Face of Abyss|Shattered Psyche|p1a: Goodra|[zeffect]\n|-resisted|p1a: Goodra\n|-damage|p1a: Goodra|69\/100\n|\n|-heal|p1a: Goodra|75\/100|[from] item: Leftovers\n|upkeep\n|turn|21\n|\n|t:|1700853897\n|move|p2a: Face of Abyss|Nasty Plot|p2a: Face of Abyss\n|-boost|p2a: Face of Abyss|spa|2\n|move|p1a: Goodra|Draco Meteor|p2a: Face of Abyss\n|-damage|p2a: Face of Abyss|67\/100\n|-unboost|p1a: Goodra|spa|2\n|\n|-heal|p1a: Goodra|82\/100|[from] item: Leftovers\n|upkeep\n|turn|22\n|\n|t:|1700853905\n|move|p2a: Face of Abyss|Dark Pulse|p1a: Goodra\n|-damage|p1a: Goodra|33\/100\n|move|p1a: Goodra|Dragon Tail|p2a: Face of Abyss\n|-crit|p2a: Face of Abyss\n|-damage|p2a: Face of Abyss|27\/100\n|drag|p2a: Forbidden Fruit|Clefable, M|100\/100\n|\n|-heal|p1a: Goodra|39\/100|[from] item: Leftovers\n|upkeep\n|turn|23\n|\n|t:|1700853916\n|switch|p2a: Consuming Fire|Charizard, M|100\/100\n|switch|p1a: Moltres|Moltres|100\/100 par\n|\n|upkeep\n|turn|24\n|\n|t:|1700853919\n|detailschange|p2a: Consuming Fire|Charizard-Mega-X, M\n|-mega|p2a: Consuming Fire|Charizard|Charizardite X\n|move|p2a: Consuming Fire|Dragon Dance|p2a: Consuming Fire\n|-boost|p2a: Consuming Fire|atk|1\n|-boost|p2a: Consuming Fire|spe|1\n|move|p1a: Moltres|Defog|p2a: Consuming Fire\n|-unboost|p2a: Consuming Fire|evasion|1\n|-sideend|p1: ghostkinggengar|Stealth Rock|[from] move: Defog|[of] p1a: Moltres\n|\n|upkeep\n|turn|25\n|\n|t:|1700853923\n|move|p2a: Consuming Fire|Dragon Claw|p1a: Moltres\n|-damage|p1a: Moltres|29\/100 par\n|move|p1a: Moltres|U-turn|p2a: Consuming Fire\n|-resisted|p2a: Consuming Fire\n|-damage|p2a: Consuming Fire|93\/100\n|\n|t:|1700853928\n|switch|p1a: Slowbro|Slowbro, M|83\/100 psn|[from] U-turn\n|\n|-damage|p1a: Slowbro|71\/100 psn|[from] psn\n|upkeep\n|turn|26\n|\n|t:|1700853933\n|move|p2a: Consuming Fire|Dragon Dance|p2a: Consuming Fire\n|-boost|p2a: Consuming Fire|atk|1\n|-boost|p2a: Consuming Fire|spe|1\n|move|p1a: Slowbro|Trick Room|p1a: Slowbro\n|-fieldstart|move: Trick Room|[of] p1a: Slowbro\n|\n|-damage|p1a: Slowbro|59\/100 psn|[from] psn\n|upkeep\n|turn|27\n|\n|t:|1700853942\n|switch|p1a: Moltres|Moltres|29\/100 par\n|move|p2a: Consuming Fire|Dragon Claw|p1a: Moltres\n|-damage|p1a: Moltres|0 fnt\n|faint|p1a: Moltres\n|\n|upkeep\n|\n|t:|1700853948\n|switch|p1a: Ursaluna|Ursaluna, M, tera:Normal|72\/100 brn\n|turn|28\n|\n|t:|1700853964\n|switch|p2a: Tree of Life|Chansey, F|100\/100\n|move|p1a: Ursaluna|Facade|p2a: Tree of Life\n|-damage|p2a: Tree of Life|0 fnt\n|faint|p2a: Tree of Life\n|\n|-damage|p1a: Ursaluna|66\/100 brn|[from] brn\n|upkeep\n|\n|t:|1700853970\n|switch|p2a: Forbidden Fruit|Clefable, M|100\/100\n|turn|29\n|\n|t:|1700853973\n|move|p2a: Forbidden Fruit|Protect|p2a: Forbidden Fruit\n|-singleturn|p2a: Forbidden Fruit|Protect\n|move|p1a: Ursaluna|Facade|p2a: Forbidden Fruit\n|-activate|p2a: Forbidden Fruit|move: Protect\n|\n|-damage|p1a: Ursaluna|59\/100 brn|[from] brn\n|upkeep\n|turn|30\n|\n|t:|1700853977\n|move|p1a: Ursaluna|Facade|p2a: Forbidden Fruit\n|-damage|p2a: Forbidden Fruit|0 fnt\n|faint|p2a: Forbidden Fruit\n|\n|-damage|p1a: Ursaluna|53\/100 brn|[from] brn\n|-fieldend|move: Trick Room\n|upkeep\n|\n|t:|1700853985\n|switch|p2a: Face of Abyss|Hoopa-Unbound|27\/100\n|turn|31\n|\n|t:|1700853990\n|switch|p1a: Garchomp|Garchomp, M|94\/100 tox\n|move|p2a: Face of Abyss|Focus Blast|p1a: Garchomp|[miss]\n|-miss|p2a: Face of Abyss|p1a: Garchomp\n|\n|-damage|p1a: Garchomp|88\/100 tox|[from] psn\n|upkeep\n|turn|32\n|-message|A Ira de Deus forfeited.\n|\n|win|ghostkinggengar\n|raw|ghostkinggengar's rating: 1772 &rarr; <strong>1799<\/strong><br \/>(+27 for winning)\n|raw|A Ira de Deus's rating: 1892 &rarr; <strong>1865<\/strong><br \/>(-27 for losing)\n|l|\u2606A Ira de Deus\n","uploadtime":1700854007,"views":1,"p1id":"ghostkinggengar","p2id":"airadedeus","formatid":"gen9nationaldex","rating":1799,"private":0,"password":""}