{"id":"gen9nationaldex-1993666898","p1":"lati246","p2":"Eggnthemaster","format":"[Gen 9] National Dex","log":"|j|\u2606lati246\n|j|\u2606Eggnthemaster\n|t:|1700343378\n|gametype|singles\n|player|p1|lati246|dawn-gen4pt|1327\n|player|p2|Eggnthemaster|hilbert|1433\n|teamsize|p1|6\n|teamsize|p2|6\n|gen|9\n|tier|[Gen 9] National Dex\n|rated|\n|rule|HP Percentage Mod: HP is shown in percentages\n|rule|Endless Battle Clause: Forcing endless battles is banned\n|rule|OHKO Clause: OHKO moves are banned\n|rule|Evasion Clause: Evasion abilities, items, and moves are banned\n|rule|Evasion Abilities Clause: Evasion abilities are banned\n|rule|Evasion Items Clause: Evasion items are banned\n|rule|Evasion Moves Clause: Evasion moves are banned\n|rule|Species Clause: Limit one of each Pok\u00e9mon\n|rule|Sleep Clause Mod: Limit one foe put to sleep\n|clearpoke\n|poke|p1|Sneasler, F|\n|poke|p1|Scizor, F|\n|poke|p1|Ogerpon-Wellspring, F|\n|poke|p1|Tapu Lele|\n|poke|p1|Landorus-Therian, M|\n|poke|p1|Rotom-Wash|\n|poke|p2|Lopunny, F|\n|poke|p2|Kommo-o, F|\n|poke|p2|Excadrill, M|\n|poke|p2|Volcarona, M|\n|poke|p2|Serperior, F|\n|poke|p2|Kartana|\n|teampreview\n|inactive|Battle timer is ON: inactive players will automatically lose when time's up. (requested by lati246)\n|\n|t:|1700343389\n|start\n|switch|p1a: Sneasler|Sneasler, F|100\/100\n|switch|p2a: Serperior|Serperior, F|100\/100\n|turn|1\n|\n|t:|1700343393\n|move|p2a: Serperior|Protect|p2a: Serperior\n|-singleturn|p2a: Serperior|Protect\n|move|p1a: Sneasler|Dire Claw|p2a: Serperior\n|-activate|p2a: Serperior|move: Protect\n|\n|upkeep\n|turn|2\n|\n|t:|1700343401\n|switch|p2a: Excadrill|Excadrill, M|100\/100\n|-ability|p2a: Excadrill|Mold Breaker\n|move|p1a: Sneasler|Dire Claw|p2a: Excadrill\n|-immune|p2a: Excadrill\n|\n|upkeep\n|turn|3\n|\n|t:|1700343407\n|switch|p1a: Landorus|Landorus-Therian, M|100\/100\n|-ability|p1a: Landorus|Intimidate|boost\n|-unboost|p2a: Excadrill|atk|1\n|move|p2a: Excadrill|Earthquake|p1a: Landorus\n|-immune|p1a: Landorus\n|\n|upkeep\n|turn|4\n|\n|t:|1700343411\n|move|p2a: Excadrill|Stealth Rock|p1a: Landorus\n|-sidestart|p1: lati246|move: Stealth Rock\n|move|p1a: Landorus|Earthquake|p2a: Excadrill\n|-supereffective|p2a: Excadrill\n|-enditem|p2a: Excadrill|Focus Sash\n|-damage|p2a: Excadrill|1\/100\n|\n|upkeep\n|turn|5\n|\n|t:|1700343415\n|switch|p2a: Serperior|Serperior, F|100\/100\n|move|p1a: Landorus|U-turn|p2a: Serperior\n|-supereffective|p2a: Serperior\n|-damage|p2a: Serperior|55\/100\n|\n|t:|1700343419\n|switch|p1a: Sneasler|Sneasler, F|100\/100|[from] U-turn\n|-damage|p1a: Sneasler|95\/100|[from] Stealth Rock\n|\n|-heal|p2a: Serperior|62\/100|[from] item: Leftovers\n|upkeep\n|turn|6\n|\n|t:|1700343424\n|move|p2a: Serperior|Protect|p2a: Serperior\n|-singleturn|p2a: Serperior|Protect\n|move|p1a: Sneasler|Close Combat|p2a: Serperior\n|-activate|p2a: Serperior|move: Protect\n|\n|-heal|p2a: Serperior|68\/100|[from] item: Leftovers\n|upkeep\n|turn|7\n|\n|t:|1700343430\n|move|p1a: Sneasler|Close Combat|p2a: Serperior\n|-damage|p2a: Serperior|0 fnt\n|-unboost|p1a: Sneasler|def|1\n|-unboost|p1a: Sneasler|spd|1\n|faint|p2a: Serperior\n|\n|upkeep\n|\n|t:|1700343437\n|switch|p2a: Volcarona|Volcarona, M|100\/100\n|turn|8\n|\n|t:|1700343440\n|-terastallize|p1a: Sneasler|Fighting\n|move|p1a: Sneasler|Close Combat|p2a: Volcarona\n|-resisted|p2a: Volcarona\n|-enditem|p2a: Volcarona|Focus Sash\n|-damage|p2a: Volcarona|1\/100\n|-unboost|p1a: Sneasler|def|1\n|-unboost|p1a: Sneasler|spd|1\n|-status|p2a: Volcarona|psn|[from] ability: Poison Touch|[of] p1a: Sneasler\n|move|p2a: Volcarona|Quiver Dance|p2a: Volcarona\n|-boost|p2a: Volcarona|spa|1\n|-boost|p2a: Volcarona|spd|1\n|-boost|p2a: Volcarona|spe|1\n|\n|-damage|p2a: Volcarona|0 fnt|[from] psn\n|faint|p2a: Volcarona\n|upkeep\n|\n|t:|1700343458\n|switch|p2a: Kartana|Kartana|100\/100\n|turn|9\n|\n|t:|1700343466\n|switch|p1a: Rotom|Rotom-Wash|100\/100\n|-damage|p1a: Rotom|88\/100|[from] Stealth Rock\n|move|p2a: Kartana|Psycho Cut|p1a: Rotom\n|-damage|p1a: Rotom|62\/100\n|\n|-heal|p1a: Rotom|68\/100|[from] item: Leftovers\n|upkeep\n|turn|10\n|\n|t:|1700343473\n|switch|p2a: Excadrill|Excadrill, M|1\/100\n|-ability|p2a: Excadrill|Mold Breaker\n|move|p1a: Rotom|Volt Switch|p2a: Excadrill\n|-immune|p2a: Excadrill\n|\n|-heal|p1a: Rotom|75\/100|[from] item: Leftovers\n|upkeep\n|turn|11\n|\n|t:|1700343477\n|move|p2a: Excadrill|Rapid Spin|p1a: Rotom\n|-damage|p1a: Rotom|59\/100\n|-boost|p2a: Excadrill|spe|1\n|move|p1a: Rotom|Hydro Pump|p2a: Excadrill\n|-supereffective|p2a: Excadrill\n|-damage|p2a: Excadrill|0 fnt\n|faint|p2a: Excadrill\n|\n|-heal|p1a: Rotom|66\/100|[from] item: Leftovers\n|upkeep\n|\n|t:|1700343486\n|switch|p2a: Lopunny|Lopunny, F|100\/100\n|turn|12\n|\n|t:|1700343489\n|detailschange|p2a: Lopunny|Lopunny-Mega, F\n|-mega|p2a: Lopunny|Lopunny|Lopunnite\n|move|p2a: Lopunny|Fake Out|p1a: Rotom\n|-damage|p1a: Rotom|48\/100\n|cant|p1a: Rotom|flinch\n|\n|-heal|p1a: Rotom|54\/100|[from] item: Leftovers\n|upkeep\n|turn|13\n|\n|t:|1700343499\n|move|p2a: Lopunny|Close Combat|p1a: Rotom\n|-damage|p1a: Rotom|2\/100\n|-unboost|p2a: Lopunny|def|1\n|-unboost|p2a: Lopunny|spd|1\n|move|p1a: Rotom|Thunder Wave|p2a: Lopunny|[miss]\n|-miss|p1a: Rotom|p2a: Lopunny\n|\n|-heal|p1a: Rotom|9\/100|[from] item: Leftovers\n|upkeep\n|turn|14\n|\n|t:|1700343504\n|move|p2a: Lopunny|Frustration|p1a: Rotom\n|-damage|p1a: Rotom|0 fnt\n|faint|p1a: Rotom\n|\n|upkeep\n|\n|t:|1700343512\n|switch|p1a: Landorus|Landorus-Therian, M|100\/100\n|-damage|p1a: Landorus|88\/100|[from] Stealth Rock\n|-ability|p1a: Landorus|Intimidate|boost\n|-fail|p2a: Lopunny|unboost|Attack|[from] ability: Scrappy|[of] p2a: Lopunny\n|turn|15\n|\n|t:|1700343515\n|move|p2a: Lopunny|Fake Out||[still]\n|-hint|Fake Out only works on your first turn out.\n|-fail|p2a: Lopunny\n|move|p1a: Landorus|Earthquake|p2a: Lopunny\n|-damage|p2a: Lopunny|8\/100\n|\n|upkeep\n|turn|16\n|\n|t:|1700343520\n|move|p2a: Lopunny|Triple Axel|p1a: Landorus\n|-supereffective|p1a: Landorus\n|-damage|p1a: Landorus|67\/100\n|-damage|p2a: Lopunny|0 fnt|[from] item: Rocky Helmet|[of] p1a: Landorus\n|faint|p2a: Lopunny\n|-hitcount|p1a: Landorus|1\n|move|p1a: Landorus|U-turn|p2: Lopunny|[notarget]\n|-fail|p1a: Landorus\n|\n|upkeep\n|\n|t:|1700343528\n|switch|p2a: Kommo-o|Kommo-o, F|100\/100\n|turn|17\n|\n|t:|1700343532\n|move|p2a: Kommo-o|Flash Cannon|p1a: Landorus\n|-damage|p1a: Landorus|44\/100\n|move|p1a: Landorus|Defog|p2a: Kommo-o\n|-unboost|p2a: Kommo-o|evasion|1\n|-sideend|p1: lati246|Stealth Rock|[from] move: Defog|[of] p1a: Landorus\n|\n|upkeep\n|turn|18\n|\n|t:|1700343535\n|-zpower|p2a: Kommo-o\n|move|p2a: Kommo-o|Clangorous Soulblaze|p1a: Landorus|[zeffect]\n|-damage|p1a: Landorus|0 fnt\n|faint|p1a: Landorus\n|-boost|p2a: Kommo-o|atk|1\n|-boost|p2a: Kommo-o|def|1\n|-boost|p2a: Kommo-o|spa|1\n|-boost|p2a: Kommo-o|spd|1\n|-boost|p2a: Kommo-o|spe|1\n|\n|upkeep\n|\n|t:|1700343546\n|switch|p1a: Tapu Lele|Tapu Lele|100\/100\n|-fieldstart|move: Psychic Terrain|[from] ability: Psychic Surge|[of] p1a: Tapu Lele\n|turn|19\n|\n|t:|1700343550\n|move|p2a: Kommo-o|Flash Cannon|p1a: Tapu Lele\n|-supereffective|p1a: Tapu Lele\n|-damage|p1a: Tapu Lele|30\/100\n|move|p1a: Tapu Lele|Moonblast|p2a: Kommo-o\n|-supereffective|p2a: Kommo-o\n|-damage|p2a: Kommo-o|0 fnt\n|faint|p2a: Kommo-o\n|\n|upkeep\n|\n|t:|1700343552\n|switch|p2a: Kartana|Kartana|100\/100\n|turn|20\n|\n|t:|1700343563\n|switch|p1a: Scizor|Scizor, F|100\/100\n|move|p2a: Kartana|Sacred Sword|p1a: Scizor\n|-damage|p1a: Scizor|70\/100\n|\n|upkeep\n|turn|21\n|\n|t:|1700343569\n|detailschange|p1a: Scizor|Scizor-Mega, F\n|-mega|p1a: Scizor|Scizor|Scizorite\n|-terastallize|p2a: Kartana|Fighting\n|move|p2a: Kartana|Sacred Sword|p1a: Scizor\n|-damage|p1a: Scizor|31\/100\n|move|p1a: Scizor|Roost|p1a: Scizor\n|-heal|p1a: Scizor|81\/100\n|-singleturn|p1a: Scizor|move: Roost\n|\n|upkeep\n|turn|22\n|\n|t:|1700343579\n|move|p2a: Kartana|Sacred Sword|p1a: Scizor\n|-damage|p1a: Scizor|41\/100\n|move|p1a: Scizor|U-turn|p2a: Kartana\n|-resisted|p2a: Kartana\n|-damage|p2a: Kartana|82\/100\n|\n|t:|1700343585\n|switch|p1a: Sneasler|Sneasler, F, tera:Fighting|95\/100|[from] U-turn\n|\n|upkeep\n|turn|23\n|\n|t:|1700343595\n|move|p2a: Kartana|Sacred Sword|p1a: Sneasler\n|-damage|p1a: Sneasler|0 fnt\n|faint|p1a: Sneasler\n|-ability|p2a: Kartana|Beast Boost|boost\n|-boost|p2a: Kartana|atk|1\n|\n|-fieldend|move: Psychic Terrain\n|upkeep\n|\n|t:|1700343601\n|switch|p1a: Scizor|Scizor-Mega, F|41\/100\n|turn|24\n|\n|t:|1700343604\n|move|p1a: Scizor|Bullet Punch|p2a: Kartana\n|-damage|p2a: Kartana|50\/100\n|move|p2a: Kartana|Sacred Sword|p1a: Scizor\n|-damage|p1a: Scizor|0 fnt\n|faint|p1a: Scizor\n|-ability|p2a: Kartana|Beast Boost|boost\n|-boost|p2a: Kartana|atk|1\n|\n|upkeep\n|\n|t:|1700343607\n|switch|p1a: Tapu Lele|Tapu Lele|30\/100\n|-fieldstart|move: Psychic Terrain|[from] ability: Psychic Surge|[of] p1a: Tapu Lele\n|turn|25\n|\n|t:|1700343609\n|move|p2a: Kartana|Sacred Sword|p1a: Tapu Lele\n|-resisted|p1a: Tapu Lele\n|-damage|p1a: Tapu Lele|0 fnt\n|faint|p1a: Tapu Lele\n|-ability|p2a: Kartana|Beast Boost|boost\n|-boost|p2a: Kartana|atk|1\n|\n|upkeep\n|-message|lati246 forfeited.\n|\n|win|Eggnthemaster\n|raw|lati246's rating: 1327 &rarr; <strong>1313<\/strong><br \/>(-14 for losing)\n|raw|Eggnthemaster's rating: 1433 &rarr; <strong>1447<\/strong><br \/>(+14 for winning)\n|l|\u2606lati246\n|c|\u2606Eggnthemaster|Ggwp\n","uploadtime":1700343632,"views":13,"p1id":"lati246","p2id":"eggnthemaster","formatid":"gen9nationaldex","rating":1313,"private":0,"password":""}