{"id":"gen9nationaldex-1998424950","p1":"shaddngel","p2":"NDSNEZ Larrea02","format":"[Gen 9] National Dex","log":"|html|<div class=\"broadcast-blue\"><strong>[Gen 9] National Dex is currently suspecting Sneasler! For information on how to participate check out the <a href=\"https:\/\/www.smogon.com\/forums\/threads\/sv-national-dex-suspect-8-just-dance.3731534\/\">suspect thread<\/a>.<\/strong><\/div>\n|j|\u2606shaddngel\n|j|\u2606NDSNEZ Larrea02\n|t:|1700940845\n|gametype|singles\n|player|p1|shaddngel|n|1354\n|player|p2|NDSNEZ Larrea02|olivia|1435\n|teamsize|p1|6\n|teamsize|p2|6\n|gen|9\n|tier|[Gen 9] National Dex\n|rated|\n|rule|HP Percentage Mod: HP is shown in percentages\n|rule|Endless Battle Clause: Forcing endless battles is banned\n|rule|OHKO Clause: OHKO moves are banned\n|rule|Evasion Clause: Evasion abilities, items, and moves are banned\n|rule|Evasion Abilities Clause: Evasion abilities are banned\n|rule|Evasion Items Clause: Evasion items are banned\n|rule|Evasion Moves Clause: Evasion moves are banned\n|rule|Species Clause: Limit one of each Pok\u00e9mon\n|rule|Sleep Clause Mod: Limit one foe put to sleep\n|clearpoke\n|poke|p1|Zamazenta-*|\n|poke|p1|Hoopa-Unbound|\n|poke|p1|Blaziken, F|\n|poke|p1|Charizard, F|\n|poke|p1|Ninetales-Alola, F|\n|poke|p1|Kleavor, F|\n|poke|p2|Tapu Lele|\n|poke|p2|Garchomp, F|\n|poke|p2|Sneasler, F|\n|poke|p2|Landorus-Therian, M|\n|poke|p2|Ninetales-Alola, F|\n|poke|p2|Kommo-o, F|\n|teampreview\n|\n|t:|1700940850\n|start\n|switch|p1a: Ninetales|Ninetales-Alola, F|100\/100\n|switch|p2a: Landorus|Landorus-Therian, M|100\/100\n|-weather|Snow|[from] ability: Snow Warning|[of] p1a: Ninetales\n|-ability|p2a: Landorus|Intimidate|boost\n|-unboost|p1a: Ninetales|atk|1\n|turn|1\n|\n|t:|1700940856\n|switch|p2a: Ninetales|Ninetales-Alola, F|100\/100\n|move|p1a: Ninetales|Aurora Veil|p1a: Ninetales\n|-sidestart|p1: shaddngel|move: Aurora Veil\n|\n|-weather|Snow|[upkeep]\n|upkeep\n|turn|2\n|\n|t:|1700940866\n|switch|p1a: Kleavor|Kleavor, F|100\/100\n|move|p2a: Ninetales|Aurora Veil|p2a: Ninetales\n|-sidestart|p2: NDSNEZ Larrea02|move: Aurora Veil\n|\n|-weather|Snow|[upkeep]\n|upkeep\n|turn|3\n|\n|t:|1700940893\n|switch|p2a: Landorus|Landorus-Therian, M|100\/100\n|-ability|p2a: Landorus|Intimidate|boost\n|-unboost|p1a: Kleavor|atk|1\n|move|p1a: Kleavor|Stone Axe|p2a: Landorus\n|-damage|p2a: Landorus|77\/100\n|-damage|p1a: Kleavor|84\/100|[from] item: Rocky Helmet|[of] p2a: Landorus\n|-sidestart|p2: NDSNEZ Larrea02|move: Stealth Rock\n|\n|-weather|Snow|[upkeep]\n|upkeep\n|turn|4\n|\n|t:|1700940910\n|switch|p1a: Zamazenta|Zamazenta|100\/100\n|-ability|p1a: Zamazenta|Dauntless Shield|boost\n|-boost|p1a: Zamazenta|def|1\n|move|p2a: Landorus|Defog|p1a: Zamazenta\n|-unboost|p1a: Zamazenta|evasion|1\n|-sideend|p1: shaddngel|move: Aurora Veil\n|-sideend|p2: NDSNEZ Larrea02|Stealth Rock|[from] move: Defog|[of] p2a: Landorus\n|\n|-weather|Snow|[upkeep]\n|upkeep\n|turn|5\n|\n|t:|1700940917\n|move|p1a: Zamazenta|Iron Defense|p1a: Zamazenta\n|-boost|p1a: Zamazenta|def|2\n|move|p2a: Landorus|Toxic|p1a: Zamazenta\n|-status|p1a: Zamazenta|tox\n|\n|-weather|none\n|-damage|p1a: Zamazenta|94\/100 tox|[from] psn\n|upkeep\n|turn|6\n|\n|t:|1700940922\n|move|p1a: Zamazenta|Iron Defense|p1a: Zamazenta\n|-boost|p1a: Zamazenta|def|2\n|move|p2a: Landorus|U-turn|p1a: Zamazenta\n|-resisted|p1a: Zamazenta\n|-damage|p1a: Zamazenta|92\/100 tox\n|\n|t:|1700940924\n|switch|p2a: Tapu Lele|Tapu Lele|100\/100|[from] U-turn\n|-fieldstart|move: Psychic Terrain|[from] ability: Psychic Surge|[of] p2a: Tapu Lele\n|\n|-heal|p1a: Zamazenta|98\/100 tox|[from] item: Leftovers\n|-damage|p1a: Zamazenta|86\/100 tox|[from] psn\n|upkeep\n|turn|7\n|\n|t:|1700940956\n|switch|p1a: Ninetales|Ninetales-Alola, F|100\/100\n|-weather|Snow|[from] ability: Snow Warning|[of] p1a: Ninetales\n|move|p2a: Tapu Lele|Moonblast|p1a: Ninetales\n|-damage|p1a: Ninetales|39\/100\n|-unboost|p1a: Ninetales|spa|1\n|-enditem|p1a: Ninetales|Eject Button\n|\n|t:|1700940963\n|switch|p1a: Hoopa|Hoopa-Unbound|100\/100\n|\n|-weather|Snow|[upkeep]\n|upkeep\n|turn|8\n|\n|t:|1700940968\n|-terastallize|p1a: Hoopa|Steel\n|move|p2a: Tapu Lele|Moonblast|p1a: Hoopa\n|-resisted|p1a: Hoopa\n|-damage|p1a: Hoopa|77\/100\n|-unboost|p1a: Hoopa|spa|1\n|move|p1a: Hoopa|Hidden Power|p2a: Tapu Lele\n|-supereffective|p2a: Tapu Lele\n|-damage|p2a: Tapu Lele|71\/100\n|\n|-weather|Snow|[upkeep]\n|upkeep\n|turn|9\n|\n|t:|1700940985\n|switch|p2a: Garchomp|Garchomp, F|100\/100\n|switch|p1a: Charizard|Charizard, F, shiny|100\/100\n|\n|-weather|Snow|[upkeep]\n|-sideend|p2: NDSNEZ Larrea02|move: Aurora Veil\n|upkeep\n|turn|10\n|\n|t:|1700940994\n|move|p2a: Garchomp|Swords Dance|p2a: Garchomp\n|-boost|p2a: Garchomp|atk|2\n|move|p1a: Charizard|Weather Ball|p2a: Garchomp\n|-supereffective|p2a: Garchomp\n|-damage|p2a: Garchomp|0 fnt\n|faint|p2a: Garchomp\n|\n|-weather|Snow|[upkeep]\n|-fieldend|move: Psychic Terrain\n|upkeep\n|\n|t:|1700941025\n|switch|p2a: Tapu Lele|Tapu Lele|71\/100\n|-fieldstart|move: Psychic Terrain|[from] ability: Psychic Surge|[of] p2a: Tapu Lele\n|turn|11\n|\n|t:|1700941030\n|detailschange|p1a: Charizard|Charizard-Mega-Y, F, shiny\n|-mega|p1a: Charizard|Charizard|Charizardite Y\n|-weather|SunnyDay|[from] ability: Drought|[of] p1a: Charizard\n|move|p2a: Tapu Lele|Thunderbolt|p1a: Charizard\n|-supereffective|p1a: Charizard\n|-damage|p1a: Charizard|33\/100\n|move|p1a: Charizard|Weather Ball|p2a: Tapu Lele\n|-damage|p2a: Tapu Lele|0 fnt\n|faint|p2a: Tapu Lele\n|\n|-weather|SunnyDay|[upkeep]\n|upkeep\n|\n|t:|1700941038\n|switch|p2a: Sneasler|Sneasler, F|100\/100\n|-enditem|p2a: Sneasler|Psychic Seed\n|-boost|p2a: Sneasler|spd|1|[from] item: Psychic Seed\n|turn|12\n|\n|t:|1700941047\n|switch|p1a: Zamazenta|Zamazenta|86\/100 tox\n|move|p2a: Sneasler|Dire Claw|p1a: Zamazenta\n|-damage|p1a: Zamazenta|56\/100 tox\n|\n|-weather|SunnyDay|[upkeep]\n|-heal|p1a: Zamazenta|62\/100 tox|[from] item: Leftovers\n|-damage|p1a: Zamazenta|56\/100 tox|[from] psn\n|upkeep\n|turn|13\n|\n|t:|1700941052\n|move|p2a: Sneasler|Swords Dance|p2a: Sneasler\n|-boost|p2a: Sneasler|atk|2\n|move|p1a: Zamazenta|Iron Defense|p1a: Zamazenta\n|-boost|p1a: Zamazenta|def|2\n|\n|-weather|SunnyDay|[upkeep]\n|-heal|p1a: Zamazenta|62\/100 tox|[from] item: Leftovers\n|-damage|p1a: Zamazenta|50\/100 tox|[from] psn\n|upkeep\n|turn|14\n|\n|t:|1700941056\n|move|p2a: Sneasler|Acrobatics|p1a: Zamazenta\n|-supereffective|p1a: Zamazenta\n|-damage|p1a: Zamazenta|0 fnt\n|faint|p1a: Zamazenta\n|\n|-weather|SunnyDay|[upkeep]\n|upkeep\n|\n|t:|1700941070\n|switch|p1a: Blaziken|Blaziken, F, shiny|100\/100\n|turn|15\n|\n|t:|1700941083\n|move|p1a: Blaziken|Protect|p1a: Blaziken\n|-singleturn|p1a: Blaziken|Protect\n|move|p2a: Sneasler|Acrobatics|p1a: Blaziken\n|-activate|p1a: Blaziken|move: Protect\n|\n|-weather|none\n|-fieldend|move: Psychic Terrain\n|-ability|p1a: Blaziken|Speed Boost|boost\n|-boost|p1a: Blaziken|spe|1\n|upkeep\n|turn|16\n|\n|t:|1700941086\n|move|p2a: Sneasler|Acrobatics|p1a: Blaziken\n|-supereffective|p1a: Blaziken\n|-enditem|p1a: Blaziken|Focus Sash\n|-damage|p1a: Blaziken|1\/100\n|move|p1a: Blaziken|Swords Dance|p1a: Blaziken\n|-boost|p1a: Blaziken|atk|2\n|\n|-ability|p1a: Blaziken|Speed Boost|boost\n|-boost|p1a: Blaziken|spe|1\n|upkeep\n|turn|17\n|\n|t:|1700941090\n|move|p1a: Blaziken|Protect|p1a: Blaziken\n|-singleturn|p1a: Blaziken|Protect\n|move|p2a: Sneasler|Dire Claw|p1a: Blaziken\n|-activate|p1a: Blaziken|move: Protect\n|\n|-ability|p1a: Blaziken|Speed Boost|boost\n|-boost|p1a: Blaziken|spe|1\n|upkeep\n|turn|18\n|\n|t:|1700941096\n|move|p2a: Sneasler|Dire Claw|p1a: Blaziken\n|-damage|p1a: Blaziken|0 fnt\n|faint|p1a: Blaziken\n|\n|upkeep\n|\n|t:|1700941105\n|switch|p1a: Ninetales|Ninetales-Alola, F|39\/100\n|-weather|Snow|[from] ability: Snow Warning|[of] p1a: Ninetales\n|turn|19\n|\n|t:|1700941109\n|move|p2a: Sneasler|Dire Claw|p1a: Ninetales\n|-supereffective|p1a: Ninetales\n|-damage|p1a: Ninetales|0 fnt\n|faint|p1a: Ninetales\n|\n|-weather|Snow|[upkeep]\n|upkeep\n|\n|t:|1700941114\n|switch|p1a: Kleavor|Kleavor, F|84\/100\n|turn|20\n|\n|t:|1700941119\n|move|p2a: Sneasler|Acrobatics|p1a: Kleavor\n|-damage|p1a: Kleavor|0 fnt\n|faint|p1a: Kleavor\n|\n|-weather|Snow|[upkeep]\n|upkeep\n|\n|t:|1700941126\n|switch|p1a: Hoopa|Hoopa-Unbound, tera:Steel|77\/100\n|turn|21\n|\n|t:|1700941131\n|move|p2a: Sneasler|Close Combat|p1a: Hoopa\n|-supereffective|p1a: Hoopa\n|-damage|p1a: Hoopa|0 fnt\n|-unboost|p2a: Sneasler|def|1\n|-unboost|p2a: Sneasler|spd|1\n|faint|p1a: Hoopa\n|\n|-weather|Snow|[upkeep]\n|upkeep\n|\n|t:|1700941134\n|switch|p1a: Charizard|Charizard-Mega-Y, F, shiny|33\/100\n|-weather|SunnyDay|[from] ability: Drought|[of] p1a: Charizard\n|turn|22\n|c|\u2606shaddngel|wild\n|\n|t:|1700941145\n|move|p2a: Sneasler|Dire Claw|p1a: Charizard\n|-damage|p1a: Charizard|0 fnt\n|faint|p1a: Charizard\n|\n|win|NDSNEZ Larrea02\n|raw|shaddngel's rating: 1354 &rarr; <strong>1339<\/strong><br \/>(-15 for losing)\n|raw|NDSNEZ Larrea02's rating: 1448 &rarr; <strong>1463<\/strong><br \/>(+15 for winning)\n|l|\u2606NDSNEZ Larrea02\n","uploadtime":1700941149,"views":1,"p1id":"shaddngel","p2id":"ndsnezlarrea02","formatid":"gen9nationaldex","rating":1339,"private":0,"password":""}