{"id":"gen9nationaldex-1989067081","p1":"Jor99fran","p2":"JesusPizzaCrusher","format":"[Gen 9] National Dex","log":"|j|\u2606Jor99fran\n|j|\u2606JesusPizzaCrusher\n|t:|1699808552\n|gametype|singles\n|player|p1|Jor99fran|ghetsis|\n|player|p2|JesusPizzaCrusher|hugh|\n|teamsize|p1|6\n|teamsize|p2|6\n|gen|9\n|tier|[Gen 9] National Dex\n|rule|HP Percentage Mod: HP is shown in percentages\n|rule|Endless Battle Clause: Forcing endless battles is banned\n|rule|OHKO Clause: OHKO moves are banned\n|rule|Evasion Clause: Evasion abilities, items, and moves are banned\n|rule|Evasion Abilities Clause: Evasion abilities are banned\n|rule|Evasion Items Clause: Evasion items are banned\n|rule|Evasion Moves Clause: Evasion moves are banned\n|rule|Species Clause: Limit one of each Pok\u00e9mon\n|rule|Sleep Clause Mod: Limit one foe put to sleep\n|clearpoke\n|poke|p1|Lucario, F|\n|poke|p1|Toxapex, F|\n|poke|p1|Aegislash, F|\n|poke|p1|Dragonite, F|\n|poke|p1|Aerodactyl, F|\n|poke|p1|Mimikyu, F|\n|poke|p2|Blaziken, F|\n|poke|p2|Samurott-Hisui, F|\n|poke|p2|Kartana|\n|poke|p2|Great Tusk|\n|poke|p2|Moltres|\n|poke|p2|Zapdos|\n|teampreview\n|\n|t:|1699808561\n|start\n|switch|p1a: Toxapex|Toxapex, F|100\/100\n|switch|p2a: Ronin|Samurott-Hisui, F, shiny|100\/100\n|turn|1\n|\n|t:|1699808566\n|move|p2a: Ronin|Ceaseless Edge|p1a: Toxapex\n|-damage|p1a: Toxapex|58\/100\n|-sidestart|p1: Jor99fran|Spikes\n|-damage|p2a: Ronin|91\/100|[from] item: Life Orb\n|move|p1a: Toxapex|Toxic Spikes|p2a: Ronin\n|-sidestart|p2: JesusPizzaCrusher|move: Toxic Spikes\n|\n|-heal|p1a: Toxapex|64\/100|[from] item: Black Sludge\n|upkeep\n|turn|2\n|\n|t:|1699808575\n|move|p2a: Ronin|Ceaseless Edge|p1a: Toxapex\n|-damage|p1a: Toxapex|17\/100\n|-sidestart|p1: Jor99fran|Spikes\n|-damage|p2a: Ronin|81\/100|[from] item: Life Orb\n|move|p1a: Toxapex|Recover|p1a: Toxapex\n|-heal|p1a: Toxapex|67\/100\n|\n|-heal|p1a: Toxapex|74\/100|[from] item: Black Sludge\n|upkeep\n|turn|3\n|\n|t:|1699808585\n|move|p2a: Ronin|Swords Dance|p2a: Ronin\n|-boost|p2a: Ronin|atk|2\n|move|p1a: Toxapex|Toxic Spikes|p2a: Ronin\n|-sidestart|p2: JesusPizzaCrusher|move: Toxic Spikes\n|\n|-heal|p1a: Toxapex|80\/100|[from] item: Black Sludge\n|upkeep\n|turn|4\n|\n|t:|1699808592\n|move|p2a: Ronin|Ceaseless Edge|p1a: Toxapex|[miss]\n|-miss|p2a: Ronin|p1a: Toxapex\n|move|p1a: Toxapex|Recover|p1a: Toxapex\n|-heal|p1a: Toxapex|100\/100\n|\n|upkeep\n|turn|5\n|\n|t:|1699808599\n|move|p2a: Ronin|Ceaseless Edge|p1a: Toxapex\n|-damage|p1a: Toxapex|6\/100\n|-sidestart|p1: Jor99fran|Spikes\n|-damage|p2a: Ronin|71\/100|[from] item: Life Orb\n|move|p1a: Toxapex|Recover|p1a: Toxapex\n|-heal|p1a: Toxapex|56\/100\n|\n|-heal|p1a: Toxapex|63\/100|[from] item: Black Sludge\n|upkeep\n|turn|6\n|\n|t:|1699808607\n|move|p2a: Ronin|Ceaseless Edge|p1a: Toxapex\n|-damage|p1a: Toxapex|0 fnt\n|faint|p1a: Toxapex\n|-damage|p2a: Ronin|61\/100|[from] item: Life Orb\n|\n|upkeep\n|\n|t:|1699808618\n|switch|p1a: Aegislash|Aegislash, F|100\/100\n|-damage|p1a: Aegislash|75\/100|[from] Spikes\n|turn|7\n|\n|t:|1699808630\n|move|p2a: Ronin|Flip Turn|p1a: Aegislash\n|-damage|p1a: Aegislash|23\/100\n|-damage|p2a: Ronin|51\/100|[from] item: Life Orb\n|\n|t:|1699808635\n|switch|p2a: Justice|Moltres|100\/100|[from] Flip Turn\n|move|p1a: Aegislash|Toxic|p2a: Justice\n|-status|p2a: Justice|tox\n|\n|-damage|p2a: Justice|94\/100 tox|[from] psn\n|upkeep\n|turn|8\n|\n|t:|1699808644\n|move|p1a: Aegislash|King's Shield|p1a: Aegislash\n|-singleturn|p1a: Aegislash|Protect\n|move|p2a: Justice|Heat Wave|p1a: Aegislash\n|-activate|p1a: Aegislash|move: Protect\n|\n|-damage|p2a: Justice|82\/100 tox|[from] psn\n|upkeep\n|turn|9\n|\n|t:|1699808649\n|move|p2a: Justice|Heat Wave|p1a: Aegislash|[miss]\n|-miss|p2a: Justice|p1a: Aegislash\n|-formechange|p1a: Aegislash|Aegislash-Blade||[from] ability: Stance Change\n|move|p1a: Aegislash|Gyro Ball|p2a: Justice\n|-resisted|p2a: Justice\n|-crit|p2a: Justice\n|-damage|p2a: Justice|50\/100 tox\n|\n|-damage|p2a: Justice|32\/100 tox|[from] psn\n|upkeep\n|turn|10\n|c|\u2606Jor99fran|recuerdos con el gym de fuego:\n|\n|t:|1699808665\n|-formechange|p1a: Aegislash|Aegislash||[from] ability: Stance Change\n|move|p1a: Aegislash|King's Shield|p1a: Aegislash\n|-singleturn|p1a: Aegislash|Protect\n|move|p2a: Justice|Heat Wave|p1a: Aegislash\n|-activate|p1a: Aegislash|move: Protect\n|\n|-damage|p2a: Justice|8\/100 tox|[from] psn\n|upkeep\n|turn|11\n|c|\u2606Jor99fran|5 ataques\n|c|\u2606Jor99fran|todos esquivados\n|\n|t:|1699808674\n|move|p2a: Justice|Heat Wave|p1a: Aegislash\n|-supereffective|p1a: Aegislash\n|-damage|p1a: Aegislash|0 fnt\n|faint|p1a: Aegislash\n|\n|-damage|p2a: Justice|0 fnt|[from] psn\n|faint|p2a: Justice\n|upkeep\n|\n|t:|1699808689\n|switch|p2a: RULES OF NATUREEEE|Kartana, shiny|100\/100\n|switch|p1a: Lucario|Lucario, F|100\/100\n|-damage|p1a: Lucario|76\/100|[from] Spikes\n|turn|12\n|\n|t:|1699808704\n|-terastallize|p1a: Lucario|Fighting\n|move|p1a: Lucario|Vacuum Wave|p2a: RULES OF NATUREEEE\n|-supereffective|p2a: RULES OF NATUREEEE\n|-damage|p2a: RULES OF NATUREEEE|0 fnt\n|faint|p2a: RULES OF NATUREEEE\n|-damage|p1a: Lucario|66\/100|[from] item: Life Orb\n|\n|upkeep\n|\n|t:|1699808710\n|switch|p2a: Runover|Great Tusk|100\/100\n|-status|p2a: Runover|tox\n|turn|13\n|c|\u2606JesusPizzaCrusher|NOOO MI PAPELITO DEL METAL GEAR\n|c|\u2606JesusPizzaCrusher|xd\n|\n|t:|1699808725\n|move|p1a: Lucario|Focus Blast|p2a: Runover|[miss]\n|-miss|p1a: Lucario|p2a: Runover\n|move|p2a: Runover|Rapid Spin|p1a: Lucario\n|-damage|p1a: Lucario|38\/100\n|-boost|p2a: Runover|spe|1\n|-sideend|p2: JesusPizzaCrusher|Toxic Spikes|[from] move: Rapid Spin|[of] p2a: Runover\n|\n|-damage|p2a: Runover|94\/100 tox|[from] psn\n|upkeep\n|turn|14\n|c|\u2606Jor99fran|xd\n|c|\u2606Jor99fran|QUE\n|c|\u2606JesusPizzaCrusher|f o c u s  blast\n|\n|t:|1699808741\n|move|p2a: Runover|Headlong Rush|p1a: Lucario\n|-damage|p1a: Lucario|0 fnt\n|-unboost|p2a: Runover|def|1\n|-unboost|p2a: Runover|spd|1\n|faint|p1a: Lucario\n|\n|-heal|p2a: Runover|100\/100 tox|[from] item: Leftovers\n|-damage|p2a: Runover|88\/100 tox|[from] psn\n|upkeep\n|c|\u2606Jor99fran|supuestamente es onda certera\n|c|\u2606Jor99fran|pero de certero no tiene\n|c|\u2606JesusPizzaCrusher|bastante certera\n|\n|t:|1699808751\n|switch|p1a: Dragonite|Dragonite, F|100\/100\n|turn|15\n|c|\u2606JesusPizzaCrusher|le dio a ago\n|c|\u2606JesusPizzaCrusher|no a mi pokemon\n|c|\u2606JesusPizzaCrusher|pero a algo le dio (?\n|\n|t:|1699808772\n|move|p2a: Runover|Close Combat|p1a: Dragonite\n|-resisted|p1a: Dragonite\n|-damage|p1a: Dragonite|83\/100\n|-unboost|p2a: Runover|def|1\n|-unboost|p2a: Runover|spd|1\n|move|p1a: Dragonite|Dragon Dance|p1a: Dragonite\n|-boost|p1a: Dragonite|atk|1\n|-boost|p1a: Dragonite|spe|1\n|\n|-heal|p2a: Runover|94\/100 tox|[from] item: Leftovers\n|-damage|p2a: Runover|76\/100 tox|[from] psn\n|upkeep\n|turn|16\n|c|\u2606JesusPizzaCrusher|AY\n|\n|t:|1699808788\n|-end|p2a: Runover|Protosynthesis|[silent]\n|switch|p2a: Incineration|Blaziken, F, shiny|100\/100\n|move|p1a: Dragonite|Outrage|p2a: Incineration\n|-enditem|p2a: Incineration|Focus Sash\n|-damage|p2a: Incineration|1\/100\n|\n|upkeep\n|turn|17\n|c|\u2606JesusPizzaCrusher|A\n|\n|t:|1699808798\n|move|p2a: Incineration|Protect|p2a: Incineration\n|-singleturn|p2a: Incineration|Protect\n|move|p1a: Dragonite|Outrage|p2a: Incineration|[from]lockedmove\n|-activate|p2a: Incineration|move: Protect\n|-start|p1a: Dragonite|confusion|[fatigue]\n|\n|-ability|p2a: Incineration|Speed Boost|boost\n|-boost|p2a: Incineration|spe|1\n|upkeep\n|turn|18\n|\n|t:|1699808817\n|-activate|p1a: Dragonite|confusion\n|move|p1a: Dragonite|Extreme Speed|p2a: Incineration\n|-damage|p2a: Incineration|0 fnt\n|faint|p2a: Incineration\n|\n|upkeep\n|\n|t:|1699808843\n|switch|p2a: Paralyzyed|Zapdos, shiny|100\/100\n|turn|19\n|\n|t:|1699808854\n|-activate|p1a: Dragonite|confusion\n|move|p1a: Dragonite|Outrage|p2a: Paralyzyed\n|-damage|p2a: Paralyzyed|0 fnt\n|faint|p2a: Paralyzyed\n|\n|upkeep\n|c|\u2606Jor99fran|NO SE CONFUNDIO\n|c|\u2606Jor99fran|XD\n|\n|t:|1699808862\n|switch|p2a: Ronin|Samurott-Hisui, F, shiny|51\/100\n|turn|20\n|c|\u2606JesusPizzaCrusher|pipipi\n|\n|t:|1699808868\n|-end|p1a: Dragonite|confusion\n|move|p1a: Dragonite|Outrage|p2a: Ronin|[from]lockedmove\n|-damage|p2a: Ronin|0 fnt\n|faint|p2a: Ronin\n|-start|p1a: Dragonite|confusion|[fatigue]\n|\n|upkeep\n|c|\u2606Jor99fran|JEJE\n|c|\u2606JesusPizzaCrusher|Gg\n|\n|t:|1699808879\n|switch|p2a: Runover|Great Tusk|76\/100 tox\n|turn|21\n|\n|t:|1699808883\n|-activate|p1a: Dragonite|confusion\n|move|p1a: Dragonite|Outrage|p2a: Runover\n|-damage|p2a: Runover|8\/100 tox\n|move|p2a: Runover|Rapid Spin|p1a: Dragonite\n|-damage|p1a: Dragonite|62\/100\n|-boost|p2a: Runover|spe|1\n|\n|-heal|p2a: Runover|15\/100 tox|[from] item: Leftovers\n|-damage|p2a: Runover|8\/100 tox|[from] psn\n|upkeep\n|turn|22\n|\n|t:|1699808893\n|move|p2a: Runover|Rapid Spin|p1a: Dragonite\n|-damage|p1a: Dragonite|43\/100\n|-boost|p2a: Runover|spe|1\n|-activate|p1a: Dragonite|confusion\n|move|p1a: Dragonite|Outrage|p2a: Runover|[from]lockedmove\n|-damage|p2a: Runover|0 fnt\n|faint|p2a: Runover\n|-end|p2a: Runover|Protosynthesis|[silent]\n|\n|win|Jor99fran\n|c|\u2606Jor99fran|mi cara cuando\n|c|\u2606Jor99fran|mi cara cuando no se confunde\n","uploadtime":1699808908,"views":16,"p1id":"jor99fran","p2id":"jesuspizzacrusher","formatid":"gen9nationaldex","rating":0,"private":0,"password":""}