{"id":"gen9nationaldex-1992331895","p1":"zsennas","p2":"Zaynzito","format":"[Gen 9] National Dex","log":"|j|\u2606zsennas\n|j|\u2606Zaynzito\n|t:|1700175546\n|gametype|singles\n|player|p1|zsennas|chili|\n|player|p2|Zaynzito|hugh|\n|teamsize|p1|6\n|teamsize|p2|4\n|gen|9\n|tier|[Gen 9] National Dex\n|rule|HP Percentage Mod: HP is shown in percentages\n|rule|Endless Battle Clause: Forcing endless battles is banned\n|rule|OHKO Clause: OHKO moves are banned\n|rule|Evasion Clause: Evasion abilities, items, and moves are banned\n|rule|Evasion Abilities Clause: Evasion abilities are banned\n|rule|Evasion Items Clause: Evasion items are banned\n|rule|Evasion Moves Clause: Evasion moves are banned\n|rule|Species Clause: Limit one of each Pok\u00e9mon\n|rule|Sleep Clause Mod: Limit one foe put to sleep\n|clearpoke\n|poke|p1|Pichu, L10, M|\n|poke|p1|Pikipek, L10, M|\n|poke|p1|Zorua-Hisui, L10, M|\n|poke|p1|Rockruff, L10, M|\n|poke|p1|Growlithe, L10, M|\n|poke|p1|Squirtle, L10, F|\n|poke|p2|Smeargle, L10, F|\n|poke|p2|Yungoos, L10, M|\n|poke|p2|Komala, L10, F|\n|poke|p2|Helioptile, L10, M|\n|teampreview\n|\n|t:|1700175554\n|start\n|switch|p1a: Big Magro|Rockruff, L10, M|100\/100\n|switch|p2a: Komala|Komala, L10, F|100\/100\n|-ability|p2a: Komala|Comatose\n|turn|1\n|\n|t:|1700175559\n|move|p1a: Big Magro|Stone Edge|p2a: Komala\n|-damage|p2a: Komala|25\/100\n|-damage|p1a: Big Magro|94\/100|[from] item: Life Orb\n|move|p2a: Komala|Knock Off|p1a: Big Magro\n|-damage|p1a: Big Magro|4\/100\n|-enditem|p1a: Big Magro|Life Orb|[from] move: Knock Off|[of] p2a: Komala\n|\n|upkeep\n|turn|2\n|\n|t:|1700175562\n|move|p1a: Big Magro|Sucker Punch|p2a: Komala\n|-damage|p2a: Komala|0 fnt\n|faint|p2a: Komala\n|\n|upkeep\n|\n|t:|1700175567\n|switch|p2a: Smeargle|Smeargle, L10, F|100\/100\n|turn|3\n|\n|t:|1700175571\n|move|p1a: Big Magro|Sucker Punch|p2a: Smeargle\n|-damage|p2a: Smeargle|53\/100\n|move|p2a: Smeargle|Energy Ball|p1a: Big Magro\n|-supereffective|p1a: Big Magro\n|-damage|p1a: Big Magro|0 fnt\n|faint|p1a: Big Magro\n|\n|-heal|p2a: Smeargle|59\/100|[from] item: Leftovers\n|upkeep\n|\n|t:|1700175585\n|switch|p1a: Lino|Pichu, L10, M|100\/100\n|turn|4\n|\n|t:|1700175594\n|move|p2a: Smeargle|Spore|p1a: Lino\n|-status|p1a: Lino|slp|[from] move: Spore\n|cant|p1a: Lino|slp\n|\n|-heal|p2a: Smeargle|65\/100|[from] item: Leftovers\n|upkeep\n|turn|5\n|\n|t:|1700175605\n|move|p2a: Smeargle|Energy Ball|p1a: Lino\n|-damage|p1a: Lino|77\/100 slp\n|replace|p1a: Zorua|Zorua-Hisui, L10, M\n|-end|p1a: Zorua|Illusion\n|cant|p1a: Zorua|slp\n|\n|-heal|p2a: Smeargle|71\/100|[from] item: Leftovers\n|upkeep\n|turn|6\n|\n|t:|1700175614\n|move|p2a: Smeargle|Flamethrower|p1a: Zorua\n|-damage|p1a: Zorua|54\/100 slp\n|cant|p1a: Zorua|slp\n|\n|-heal|p2a: Smeargle|77\/100|[from] item: Leftovers\n|upkeep\n|turn|7\n|\n|t:|1700175620\n|move|p2a: Smeargle|Flamethrower|p1a: Zorua\n|-damage|p1a: Zorua|30\/100 slp\n|-curestatus|p1a: Zorua|slp|[msg]\n|move|p1a: Zorua|Dark Pulse|p2a: Smeargle\n|-damage|p2a: Smeargle|24\/100\n|\n|-heal|p2a: Smeargle|30\/100|[from] item: Leftovers\n|upkeep\n|turn|8\n|\n|t:|1700175624\n|move|p2a: Smeargle|Spore|p1a: Zorua\n|-status|p1a: Zorua|slp|[from] move: Spore\n|cant|p1a: Zorua|slp\n|\n|-heal|p2a: Smeargle|36\/100|[from] item: Leftovers\n|upkeep\n|turn|9\n|\n|t:|1700175627\n|switch|p1a: Zuluz\u00e3o|Growlithe, L10, M|100\/100\n|-ability|p1a: Zuluz\u00e3o|Intimidate|boost\n|-fail|p2a: Smeargle|unboost|Attack|[from] ability: Own Tempo|[of] p2a: Smeargle\n|move|p2a: Smeargle|Flamethrower|p1a: Zuluz\u00e3o\n|-resisted|p1a: Zuluz\u00e3o\n|-damage|p1a: Zuluz\u00e3o|92\/100\n|\n|-heal|p2a: Smeargle|42\/100|[from] item: Leftovers\n|upkeep\n|turn|10\n|\n|t:|1700175632\n|move|p2a: Smeargle|Scald|p1a: Zuluz\u00e3o\n|-supereffective|p1a: Zuluz\u00e3o\n|-damage|p1a: Zuluz\u00e3o|59\/100\n|move|p1a: Zuluz\u00e3o|Flare Blitz|p2a: Smeargle\n|-damage|p2a: Smeargle|0 fnt\n|faint|p2a: Smeargle\n|-damage|p1a: Zuluz\u00e3o|45\/100|[from] Recoil\n|\n|upkeep\n|\n|t:|1700175643\n|switch|p2a: Helioptile|Helioptile, L10, M|100\/100\n|turn|11\n|\n|t:|1700175649\n|move|p2a: Helioptile|Volt Switch|p1a: Zuluz\u00e3o\n|-damage|p1a: Zuluz\u00e3o|9\/100\n|\n|t:|1700175652\n|switch|p2a: Yungoos|Yungoos, L10, M|100\/100|[from] Volt Switch\n|move|p1a: Zuluz\u00e3o|Morning Sun|p1a: Zuluz\u00e3o\n|-heal|p1a: Zuluz\u00e3o|59\/100\n|\n|upkeep\n|turn|12\n|\n|t:|1700175668\n|switch|p1a: Pikipek|Pikipek, L10, M|100\/100\n|move|p2a: Yungoos|Psychic Fangs|p1a: Pikipek\n|-damage|p1a: Pikipek|10\/100\n|\n|upkeep\n|turn|13\n|\n|t:|1700175676\n|move|p1a: Pikipek|Brick Break|p2a: Yungoos\n|-supereffective|p2a: Yungoos\n|-damage|p2a: Yungoos|0 fnt\n|faint|p2a: Yungoos\n|\n|upkeep\n|\n|t:|1700175681\n|switch|p2a: Helioptile|Helioptile, L10, M|100\/100\n|turn|14\n|\n|t:|1700175690\n|move|p1a: Pikipek|Brick Break|p2a: Helioptile\n|-supereffective|p2a: Helioptile\n|-damage|p2a: Helioptile|0 fnt\n|faint|p2a: Helioptile\n|\n|win|zsennas\n","uploadtime":1700175697,"views":9,"p1id":"zsennas","p2id":"zaynzito","formatid":"gen9nationaldex","rating":0,"private":0,"password":""}