{"id":"gen9nationaldex-1987618330","p1":"YZY2014","p2":"Kobe1919810\u7262\u5927","format":"[Gen 9] National Dex","log":"|j|\u2606YZY2014\n|j|\u2606Kobe1919810\u7262\u5927\n|t:|1699620274\n|gametype|singles\n|player|p1|YZY2014|riley|1320\n|player|p2|Kobe1919810\u7262\u5927|rosa-masters2|1446\n|teamsize|p1|6\n|teamsize|p2|6\n|gen|9\n|tier|[Gen 9] National Dex\n|rated|\n|rule|HP Percentage Mod: HP is shown in percentages\n|rule|Endless Battle Clause: Forcing endless battles is banned\n|rule|OHKO Clause: OHKO moves are banned\n|rule|Evasion Clause: Evasion abilities, items, and moves are banned\n|rule|Evasion Abilities Clause: Evasion abilities are banned\n|rule|Evasion Items Clause: Evasion items are banned\n|rule|Evasion Moves Clause: Evasion moves are banned\n|rule|Species Clause: Limit one of each Pok\u00e9mon\n|rule|Sleep Clause Mod: Limit one foe put to sleep\n|clearpoke\n|poke|p1|Tapu Koko|\n|poke|p1|Iron Valiant|\n|poke|p1|Sneasler, F|\n|poke|p1|Iron Jugulis|\n|poke|p1|Ting-Lu|\n|poke|p1|Lopunny, F|\n|poke|p2|Blacephalon|\n|poke|p2|Lopunny, M|\n|poke|p2|Ting-Lu|\n|poke|p2|Zapdos|\n|poke|p2|Hatterene, F|\n|poke|p2|Greninja-*, M|\n|teampreview\n|inactive|Battle timer is ON: inactive players will automatically lose when time's up. (requested by Kobe1919810\u7262\u5927)\n|\n|t:|1699620288\n|start\n|switch|p1a: Tapu Koko|Tapu Koko|100\/100\n|switch|p2a: Lopunny|Lopunny, M|100\/100\n|-fieldstart|move: Electric Terrain|[from] ability: Electric Surge|[of] p1a: Tapu Koko\n|turn|1\n|\n|t:|1699620306\n|switch|p1a: Iron Jugulis|Iron Jugulis|100\/100\n|-activate|p1a: Iron Jugulis|ability: Quark Drive\n|-start|p1a: Iron Jugulis|quarkdrivespe\n|detailschange|p2a: Lopunny|Lopunny-Mega, M\n|-mega|p2a: Lopunny|Lopunny|Lopunnite\n|move|p2a: Lopunny|Fake Out|p1a: Iron Jugulis\n|-damage|p1a: Iron Jugulis|73\/100\n|\n|upkeep\n|turn|2\n|\n|t:|1699620318\n|switch|p2a: Zapdos|Zapdos|100\/100\n|move|p1a: Iron Jugulis|Air Slash|p2a: Zapdos\n|-resisted|p2a: Zapdos\n|-damage|p2a: Zapdos|81\/100\n|\n|upkeep\n|turn|3\n|\n|t:|1699620338\n|-end|p1a: Iron Jugulis|Quark Drive|[silent]\n|switch|p1a: Ting-Lu|Ting-Lu|100\/100\n|-ability|p1a: Ting-Lu|Vessel of Ruin\n|move|p2a: Zapdos|Volt Switch|p1a: Ting-Lu\n|-immune|p1a: Ting-Lu\n|\n|upkeep\n|turn|4\n|\n|t:|1699620348\n|switch|p2a: Hatterene|Hatterene, F|100\/100\n|move|p1a: Ting-Lu|Stealth Rock|p2a: Hatterene\n|move|p2a: Hatterene|Stealth Rock|p1a: Ting-Lu|[from]ability: Magic Bounce\n|-sidestart|p1: YZY2014|move: Stealth Rock\n|\n|upkeep\n|turn|5\n|\n|t:|1699620358\n|move|p1a: Ting-Lu|Ruination|p2a: Hatterene\n|-damage|p2a: Hatterene|50\/100\n|move|p2a: Hatterene|Draining Kiss|p1a: Ting-Lu\n|-supereffective|p1a: Ting-Lu\n|-damage|p1a: Ting-Lu|66\/100\n|-heal|p2a: Hatterene|92\/100|[from] drain|[of] p1a: Ting-Lu\n|\n|-heal|p1a: Ting-Lu|72\/100|[from] item: Leftovers\n|-heal|p2a: Hatterene|98\/100|[from] item: Leftovers\n|-fieldend|move: Electric Terrain\n|upkeep\n|turn|6\n|\n|t:|1699620367\n|switch|p1a: Tapu Koko|Tapu Koko|100\/100\n|-fieldstart|move: Electric Terrain|[from] ability: Electric Surge|[of] p1a: Tapu Koko\n|move|p2a: Hatterene|Calm Mind|p2a: Hatterene\n|-boost|p2a: Hatterene|spa|1\n|-boost|p2a: Hatterene|spd|1\n|\n|-heal|p2a: Hatterene|100\/100|[from] item: Leftovers\n|upkeep\n|turn|7\n|\n|t:|1699620377\n|move|p1a: Tapu Koko|Thunderbolt|p2a: Hatterene\n|-damage|p2a: Hatterene|65\/100\n|move|p2a: Hatterene|Draining Kiss|p1a: Tapu Koko\n|-damage|p1a: Tapu Koko|33\/100\n|-heal|p2a: Hatterene|100\/100|[from] drain|[of] p1a: Tapu Koko\n|\n|upkeep\n|turn|8\n|\n|t:|1699620383\n|move|p1a: Tapu Koko|U-turn|p2a: Hatterene\n|-damage|p2a: Hatterene|82\/100\n|\n|t:|1699620397\n|switch|p1a: Sneasler|Sneasler, F|100\/100|[from] U-turn\n|-damage|p1a: Sneasler|95\/100|[from] Stealth Rock\n|-enditem|p1a: Sneasler|Electric Seed\n|-boost|p1a: Sneasler|def|1|[from] item: Electric Seed\n|move|p2a: Hatterene|Draining Kiss|p1a: Sneasler\n|-damage|p1a: Sneasler|39\/100\n|-heal|p2a: Hatterene|100\/100|[from] drain|[of] p1a: Sneasler\n|\n|upkeep\n|turn|9\n|\n|t:|1699620413\n|-terastallize|p1a: Sneasler|Flying\n|-terastallize|p2a: Hatterene|Water\n|move|p1a: Sneasler|Acrobatics|p2a: Hatterene\n|-damage|p2a: Hatterene|38\/100\n|move|p2a: Hatterene|Draining Kiss|p1a: Sneasler\n|-damage|p1a: Sneasler|0 fnt\n|-heal|p2a: Hatterene|66\/100|[from] drain|[of] p1a: Sneasler\n|faint|p1a: Sneasler\n|\n|-heal|p2a: Hatterene|72\/100|[from] item: Leftovers\n|upkeep\n|\n|t:|1699620427\n|switch|p1a: Iron Valiant|Iron Valiant|100\/100\n|-damage|p1a: Iron Valiant|94\/100|[from] Stealth Rock\n|-activate|p1a: Iron Valiant|ability: Quark Drive\n|-start|p1a: Iron Valiant|quarkdrivespe\n|turn|10\n|\n|t:|1699620435\n|switch|p2a: Ting-Lu|Ting-Lu|100\/100\n|-ability|p2a: Ting-Lu|Vessel of Ruin\n|move|p1a: Iron Valiant|Thunderbolt|p2a: Ting-Lu\n|-immune|p2a: Ting-Lu\n|\n|-fieldend|move: Electric Terrain\n|-end|p1a: Iron Valiant|Quark Drive\n|upkeep\n|turn|11\n|\n|t:|1699620440\n|-end|p1a: Iron Valiant|Quark Drive|[silent]\n|switch|p1a: Tapu Koko|Tapu Koko|33\/100\n|-fieldstart|move: Electric Terrain|[from] ability: Electric Surge|[of] p1a: Tapu Koko\n|move|p2a: Ting-Lu|Spikes|p1a: Tapu Koko\n|-sidestart|p1: YZY2014|Spikes\n|\n|upkeep\n|turn|12\n|\n|t:|1699620445\n|move|p1a: Tapu Koko|U-turn|p2a: Ting-Lu\n|-supereffective|p2a: Ting-Lu\n|-damage|p2a: Ting-Lu|86\/100\n|\n|t:|1699620456\n|switch|p1a: Iron Jugulis|Iron Jugulis|73\/100|[from] U-turn\n|-damage|p1a: Iron Jugulis|48\/100|[from] Stealth Rock\n|-activate|p1a: Iron Jugulis|ability: Quark Drive\n|-start|p1a: Iron Jugulis|quarkdrivespe\n|move|p2a: Ting-Lu|Whirlwind|p1a: Iron Jugulis\n|-end|p1a: Iron Jugulis|Quark Drive|[silent]\n|drag|p1a: Iron Valiant|Iron Valiant|94\/100\n|-damage|p1a: Iron Valiant|88\/100|[from] Stealth Rock\n|-damage|p1a: Iron Valiant|76\/100|[from] Spikes\n|-activate|p1a: Iron Valiant|ability: Quark Drive\n|-start|p1a: Iron Valiant|quarkdrivespe\n|\n|-heal|p2a: Ting-Lu|92\/100|[from] item: Leftovers\n|upkeep\n|turn|13\n|\n|t:|1699620469\n|move|p1a: Iron Valiant|Moonblast|p2a: Ting-Lu\n|-supereffective|p2a: Ting-Lu\n|-damage|p2a: Ting-Lu|1\/100\n|-unboost|p2a: Ting-Lu|spa|1\n|move|p2a: Ting-Lu|Spikes|p1a: Iron Valiant\n|-sidestart|p1: YZY2014|Spikes\n|\n|-heal|p2a: Ting-Lu|7\/100|[from] item: Leftovers\n|upkeep\n|turn|14\n|\n|t:|1699620481\n|switch|p2a: Greninja|Greninja, M|100\/100\n|move|p1a: Iron Valiant|Moonblast|p2a: Greninja\n|-supereffective|p2a: Greninja\n|-damage|p2a: Greninja|0 fnt\n|faint|p2a: Greninja\n|\n|upkeep\n|\n|t:|1699620492\n|switch|p2a: Zapdos|Zapdos|81\/100\n|turn|15\n|\n|t:|1699620495\n|move|p1a: Iron Valiant|Moonblast|p2a: Zapdos\n|-damage|p2a: Zapdos|10\/100\n|-unboost|p2a: Zapdos|spa|1\n|move|p2a: Zapdos|Hurricane|p1a: Iron Valiant\n|-supereffective|p1a: Iron Valiant\n|-damage|p1a: Iron Valiant|0 fnt\n|faint|p1a: Iron Valiant\n|-end|p1a: Iron Valiant|Quark Drive|[silent]\n|\n|-fieldend|move: Electric Terrain\n|upkeep\n|\n|t:|1699620501\n|switch|p1a: Tapu Koko|Tapu Koko|33\/100\n|-fieldstart|move: Electric Terrain|[from] ability: Electric Surge|[of] p1a: Tapu Koko\n|turn|16\n|\n|t:|1699620510\n|move|p1a: Tapu Koko|U-turn|p2a: Zapdos\n|-resisted|p2a: Zapdos\n|-damage|p2a: Zapdos|2\/100\n|\n|t:|1699620525\n|switch|p1a: Ting-Lu|Ting-Lu|72\/100|[from] U-turn\n|-damage|p1a: Ting-Lu|66\/100|[from] Stealth Rock\n|-damage|p1a: Ting-Lu|49\/100|[from] Spikes\n|-ability|p1a: Ting-Lu|Vessel of Ruin\n|move|p2a: Zapdos|Volt Switch|p1a: Ting-Lu\n|-immune|p1a: Ting-Lu\n|\n|-heal|p1a: Ting-Lu|55\/100|[from] item: Leftovers\n|upkeep\n|turn|17\n|\n|t:|1699620534\n|switch|p2a: Hatterene|Hatterene, F, tera:Water|72\/100\n|move|p1a: Ting-Lu|Whirlwind|p2a: Hatterene\n|move|p2a: Hatterene|Whirlwind|p1a: Ting-Lu|[from]ability: Magic Bounce\n|drag|p1a: Iron Jugulis|Iron Jugulis|48\/100\n|-damage|p1a: Iron Jugulis|23\/100|[from] Stealth Rock\n|-activate|p1a: Iron Jugulis|ability: Quark Drive\n|-start|p1a: Iron Jugulis|quarkdrivespe\n|\n|-heal|p2a: Hatterene|78\/100|[from] item: Leftovers\n|upkeep\n|turn|18\n|\n|t:|1699620546\n|move|p1a: Iron Jugulis|Earth Power|p2a: Hatterene\n|-damage|p2a: Hatterene|45\/100\n|move|p2a: Hatterene|Draining Kiss|p1a: Iron Jugulis\n|-supereffective|p1a: Iron Jugulis\n|-damage|p1a: Iron Jugulis|0 fnt\n|-heal|p2a: Hatterene|63\/100|[from] drain|[of] p1a: Iron Jugulis\n|faint|p1a: Iron Jugulis\n|-end|p1a: Iron Jugulis|Quark Drive|[silent]\n|\n|-heal|p2a: Hatterene|69\/100|[from] item: Leftovers\n|upkeep\n|\n|t:|1699620550\n|switch|p1a: Tapu Koko|Tapu Koko|33\/100\n|turn|19\n|\n|t:|1699620554\n|switch|p2a: Ting-Lu|Ting-Lu|7\/100\n|-ability|p2a: Ting-Lu|Vessel of Ruin\n|move|p1a: Tapu Koko|Defog|p2a: Ting-Lu\n|-unboost|p2a: Ting-Lu|evasion|1\n|-sideend|p1: YZY2014|Spikes|[from] move: Defog|[of] p1a: Tapu Koko\n|-sideend|p1: YZY2014|Stealth Rock|[from] move: Defog|[of] p1a: Tapu Koko\n|-fieldend|move: Electric Terrain\n|\n|-heal|p2a: Ting-Lu|13\/100|[from] item: Leftovers\n|upkeep\n|turn|20\n|\n|t:|1699620559\n|move|p1a: Tapu Koko|Grass Knot|p2a: Ting-Lu\n|-supereffective|p2a: Ting-Lu\n|-damage|p2a: Ting-Lu|0 fnt\n|faint|p2a: Ting-Lu\n|\n|upkeep\n|\n|t:|1699620565\n|switch|p2a: Blacephalon|Blacephalon|100\/100\n|turn|21\n|\n|t:|1699620578\n|move|p2a: Blacephalon|Flamethrower|p1a: Tapu Koko\n|-damage|p1a: Tapu Koko|0 fnt\n|faint|p1a: Tapu Koko\n|-ability|p2a: Blacephalon|Beast Boost|boost\n|-boost|p2a: Blacephalon|spa|1\n|\n|upkeep\n|\n|t:|1699620582\n|switch|p1a: Lopunny|Lopunny, F|100\/100\n|turn|22\n|\n|t:|1699620586\n|detailschange|p1a: Lopunny|Lopunny-Mega, F\n|-mega|p1a: Lopunny|Lopunny|Lopunnite\n|move|p1a: Lopunny|Fake Out|p2a: Blacephalon\n|-damage|p2a: Blacephalon|48\/100\n|cant|p2a: Blacephalon|flinch\n|\n|upkeep\n|turn|23\n|\n|t:|1699620590\n|move|p2a: Blacephalon|Flamethrower|p1a: Lopunny\n|-damage|p1a: Lopunny|0 fnt\n|faint|p1a: Lopunny\n|-ability|p2a: Blacephalon|Beast Boost|boost\n|-boost|p2a: Blacephalon|spa|1\n|\n|upkeep\n|\n|t:|1699620596\n|switch|p1a: Ting-Lu|Ting-Lu|55\/100\n|-ability|p1a: Ting-Lu|Vessel of Ruin\n|turn|24\n|\n|t:|1699620599\n|move|p2a: Blacephalon|Flamethrower|p1a: Ting-Lu\n|-damage|p1a: Ting-Lu|0 fnt\n|faint|p1a: Ting-Lu\n|\n|win|Kobe1919810\u7262\u5927\n|raw|YZY2014's rating: 1320 &rarr; <strong>1307<\/strong><br \/>(-13 for losing)\n|raw|Kobe1919810\u7262\u5927's rating: 1446 &rarr; <strong>1459<\/strong><br \/>(+13 for winning)\n","uploadtime":1699620602,"views":5,"p1id":"yzy2014","p2id":"kobe1919810","formatid":"gen9nationaldex","rating":1307,"private":0,"password":""}