{"id":"gen9nationaldex-1989031152","p1":"gravitous","p2":"Penter","format":"[Gen 9] National Dex","log":"|j|\u2606gravitous\n|j|\u2606Penter\n|t:|1699804364\n|gametype|singles\n|player|p1|gravitous|twins-gen4dp|\n|player|p2|Penter|n|\n|teamsize|p1|6\n|teamsize|p2|6\n|gen|9\n|tier|[Gen 9] National Dex\n|rated|Tournament battle\n|rule|HP Percentage Mod: HP is shown in percentages\n|rule|Endless Battle Clause: Forcing endless battles is banned\n|rule|OHKO Clause: OHKO moves are banned\n|rule|Evasion Clause: Evasion abilities, items, and moves are banned\n|rule|Evasion Abilities Clause: Evasion abilities are banned\n|rule|Evasion Items Clause: Evasion items are banned\n|rule|Evasion Moves Clause: Evasion moves are banned\n|rule|Species Clause: Limit one of each Pok\u00e9mon\n|rule|Sleep Clause Mod: Limit one foe put to sleep\n|rule|Sleep Moves Clause: Sleep-inducing moves are banned\n|rule|Terastal Clause: You cannot Terastallize\n|clearpoke\n|poke|p1|Aerodactyl, M|\n|poke|p1|Hoopa-Unbound|\n|poke|p1|Roaring Moon|\n|poke|p1|Corviknight, F|\n|poke|p1|Toxapex, M|\n|poke|p1|Gliscor, F|\n|poke|p2|Gardevoir, F|\n|poke|p2|Toxapex, F|\n|poke|p2|Landorus-Therian, M|\n|poke|p2|Aerodactyl, M|\n|poke|p2|Roaring Moon|\n|poke|p2|Victini|\n|teampreview\n|\n|t:|1699804389\n|start\n|switch|p1a: Aerodactyl|Aerodactyl, M|100\/100\n|switch|p2a: Roaring Moon|Roaring Moon|100\/100\n|turn|1\n|j|%hidin\n|\n|t:|1699804412\n|switch|p1a: Corviknight|Corviknight, F|100\/100\n|-ability|p1a: Corviknight|Pressure\n|move|p2a: Roaring Moon|Knock Off|p1a: Corviknight\n|-damage|p1a: Corviknight|62\/100\n|-enditem|p1a: Corviknight|Leftovers|[from] move: Knock Off|[of] p2a: Roaring Moon\n|\n|upkeep\n|turn|2\n|\n|t:|1699804422\n|-end|p2a: Roaring Moon|Protosynthesis|[silent]\n|switch|p2a: Toxapex|Toxapex, F|100\/100\n|move|p1a: Corviknight|Roost|p1a: Corviknight\n|-heal|p1a: Corviknight|100\/100\n|-singleturn|p1a: Corviknight|move: Roost\n|\n|upkeep\n|turn|3\n|\n|t:|1699804428\n|move|p1a: Corviknight|U-turn|p2a: Toxapex\n|-resisted|p2a: Toxapex\n|-damage|p2a: Toxapex|96\/100\n|\n|t:|1699804430\n|switch|p1a: Toxapex|Toxapex, M|100\/100|[from] U-turn\n|move|p2a: Toxapex|Scald|p1a: Toxapex\n|-resisted|p1a: Toxapex\n|-damage|p1a: Toxapex|97\/100\n|\n|upkeep\n|turn|4\n|\n|t:|1699804507\n|move|p1a: Toxapex|Flip Turn|p2a: Toxapex\n|-resisted|p2a: Toxapex\n|-damage|p2a: Toxapex|92\/100\n|\n|t:|1699804513\n|switch|p1a: Corviknight|Corviknight, F|100\/100|[from] Flip Turn\n|-ability|p1a: Corviknight|Pressure\n|move|p2a: Toxapex|Mortal Spin|p1a: Corviknight\n|-immune|p1a: Corviknight\n|\n|upkeep\n|turn|5\n|\n|t:|1699804518\n|switch|p2a: Victini|Victini|100\/100\n|move|p1a: Corviknight|U-turn|p2a: Victini\n|-damage|p2a: Victini|86\/100\n|\n|t:|1699804519\n|switch|p1a: Gliscor|Gliscor, F|100\/100|[from] U-turn\n|\n|-status|p1a: Gliscor|tox|[from] item: Toxic Orb\n|upkeep\n|turn|6\n|l|%hidin\n|\n|t:|1699804537\n|switch|p2a: Roaring Moon|Roaring Moon|100\/100\n|move|p1a: Gliscor|Roost||[still]\n|-fail|p1a: Gliscor|heal\n|\n|upkeep\n|turn|7\n|\n|t:|1699804546\n|move|p2a: Roaring Moon|Ceaseless Edge|p1a: Gliscor\n|-damage|p1a: Gliscor|70\/100 tox\n|-sidestart|p1: gravitous|Spikes\n|move|p1a: Gliscor|Roost|p1a: Gliscor\n|-heal|p1a: Gliscor|100\/100 tox\n|-singleturn|p1a: Gliscor|move: Roost\n|\n|upkeep\n|turn|8\n|\n|t:|1699804549\n|move|p2a: Roaring Moon|Ceaseless Edge|p1a: Gliscor\n|-damage|p1a: Gliscor|70\/100 tox\n|-sidestart|p1: gravitous|Spikes\n|move|p1a: Gliscor|Defog|p2a: Roaring Moon\n|-unboost|p2a: Roaring Moon|evasion|1\n|-sideend|p1: gravitous|Spikes|[from] move: Defog|[of] p1a: Gliscor\n|\n|-heal|p1a: Gliscor|82\/100 tox|[from] ability: Poison Heal\n|upkeep\n|turn|9\n|\n|t:|1699804553\n|move|p2a: Roaring Moon|Ceaseless Edge|p1a: Gliscor\n|-damage|p1a: Gliscor|52\/100 tox\n|-sidestart|p1: gravitous|Spikes\n|move|p1a: Gliscor|Thousand Waves|p2a: Roaring Moon\n|-damage|p2a: Roaring Moon|60\/100\n|-activate|p2a: Roaring Moon|trapped\n|\n|-heal|p1a: Gliscor|65\/100 tox|[from] ability: Poison Heal\n|upkeep\n|turn|10\n|-message|Penter forfeited.\n|\n|win|gravitous\n|n|\u2606gravitous|gravitous\n|n|\u2606Penter|penter\n","uploadtime":1699804561,"views":7,"p1id":"gravitous","p2id":"penter","formatid":"gen9nationaldex","rating":0,"private":0,"password":""}