{"id":"gen9nationaldex-1988136025","p1":"mofee","p2":"ub lover 9000","format":"[Gen 9] National Dex","log":"|j|\u2606mofee\n|j|\u2606ub lover 9000\n|t:|1699674091\n|gametype|singles\n|player|p1|mofee|roxie|1199\n|player|p2|ub lover 9000|wallace|1099\n|teamsize|p1|6\n|teamsize|p2|6\n|gen|9\n|tier|[Gen 9] National Dex\n|rated|\n|rule|HP Percentage Mod: HP is shown in percentages\n|rule|Endless Battle Clause: Forcing endless battles is banned\n|rule|OHKO Clause: OHKO moves are banned\n|rule|Evasion Clause: Evasion abilities, items, and moves are banned\n|rule|Evasion Abilities Clause: Evasion abilities are banned\n|rule|Evasion Items Clause: Evasion items are banned\n|rule|Evasion Moves Clause: Evasion moves are banned\n|rule|Species Clause: Limit one of each Pok\u00e9mon\n|rule|Sleep Clause Mod: Limit one foe put to sleep\n|clearpoke\n|poke|p1|Tapu Koko|\n|poke|p1|Garchomp, F|\n|poke|p1|Rillaboom, M|\n|poke|p1|Hoopa-Unbound|\n|poke|p1|Garganacl, M|\n|poke|p1|Moltres|\n|poke|p2|Xurkitree|\n|poke|p2|Blacephalon|\n|poke|p2|Buzzwole|\n|poke|p2|Stakataka|\n|poke|p2|Celesteela|\n|poke|p2|Nihilego|\n|teampreview\n|inactive|Battle timer is ON: inactive players will automatically lose when time's up. (requested by mofee)\n|\n|t:|1699674104\n|start\n|switch|p1a: Tapu Koko|Tapu Koko|100\/100\n|switch|p2a: Blacephalon|Blacephalon|100\/100\n|-fieldstart|move: Electric Terrain|[from] ability: Electric Surge|[of] p1a: Tapu Koko\n|turn|1\n|\n|t:|1699674114\n|move|p2a: Blacephalon|Overheat|p1a: Tapu Koko\n|-damage|p1a: Tapu Koko|0 fnt\n|-unboost|p2a: Blacephalon|spa|2\n|faint|p1a: Tapu Koko\n|-ability|p2a: Blacephalon|Beast Boost|boost\n|-boost|p2a: Blacephalon|spa|1\n|\n|upkeep\n|\n|t:|1699674129\n|switch|p1a: Garchomp|Garchomp, F|100\/100\n|turn|2\n|\n|t:|1699674141\n|switch|p2a: Buzzwole|Buzzwole|100\/100\n|switch|p1a: Moltres|Moltres|100\/100\n|\n|upkeep\n|turn|3\n|\n|t:|1699674160\n|switch|p2a: Blacephalon|Blacephalon|100\/100\n|move|p1a: Moltres|U-turn|p2a: Blacephalon\n|-resisted|p2a: Blacephalon\n|-damage|p2a: Blacephalon|92\/100\n|\n|t:|1699674168\n|switch|p1a: Garchomp|Garchomp, F|100\/100|[from] U-turn\n|\n|upkeep\n|turn|4\n|\n|t:|1699674182\n|switch|p2a: Stakataka|Stakataka|100\/100\n|-item|p2a: Stakataka|Air Balloon\n|move|p1a: Garchomp|Outrage|p2a: Stakataka\n|-resisted|p2a: Stakataka\n|-damage|p2a: Stakataka|88\/100\n|-enditem|p2a: Stakataka|Air Balloon\n|\n|upkeep\n|turn|5\n|\n|t:|1699674191\n|move|p1a: Garchomp|Outrage|p2a: Stakataka|[from]lockedmove\n|-resisted|p2a: Stakataka\n|-damage|p2a: Stakataka|74\/100\n|move|p2a: Stakataka|Toxic|p1a: Garchomp\n|-status|p1a: Garchomp|tox\n|\n|-damage|p1a: Garchomp|94\/100 tox|[from] psn\n|-fieldend|move: Electric Terrain\n|upkeep\n|turn|6\n|\n|t:|1699674209\n|switch|p2a: Celesteela|Celesteela|100\/100\n|move|p1a: Garchomp|Outrage|p2a: Celesteela|[from]lockedmove\n|-resisted|p2a: Celesteela\n|-damage|p2a: Celesteela|80\/100\n|-start|p1a: Garchomp|confusion|[fatigue]\n|\n|-heal|p2a: Celesteela|86\/100|[from] item: Leftovers\n|-damage|p1a: Garchomp|82\/100 tox|[from] psn\n|upkeep\n|turn|7\n|\n|t:|1699674229\n|switch|p1a: Hoopa|Hoopa-Unbound|100\/100\n|switch|p2a: Buzzwole|Buzzwole|100\/100\n|\n|upkeep\n|turn|8\n|\n|t:|1699674243\n|switch|p1a: Moltres|Moltres|100\/100\n|move|p2a: Buzzwole|Close Combat|p1a: Moltres\n|-resisted|p1a: Moltres\n|-damage|p1a: Moltres|63\/100\n|-unboost|p2a: Buzzwole|def|1\n|-unboost|p2a: Buzzwole|spd|1\n|-status|p2a: Buzzwole|brn|[from] ability: Flame Body|[of] p1a: Moltres\n|\n|-damage|p2a: Buzzwole|94\/100 brn|[from] brn\n|upkeep\n|turn|9\n|\n|t:|1699674261\n|switch|p2a: Nihilego|Nihilego|100\/100\n|move|p1a: Moltres|U-turn|p2a: Nihilego\n|-resisted|p2a: Nihilego\n|-crit|p2a: Nihilego\n|-damage|p2a: Nihilego|84\/100\n|\n|t:|1699674270\n|switch|p1a: Rillaboom|Rillaboom, M|100\/100|[from] U-turn\n|-fieldstart|move: Grassy Terrain|[from] ability: Grassy Surge|[of] p1a: Rillaboom\n|\n|-heal|p2a: Nihilego|90\/100|[from] Grassy Terrain\n|upkeep\n|turn|10\n|\n|t:|1699674279\n|move|p1a: Rillaboom|Grassy Glide|p2a: Nihilego\n|-damage|p2a: Nihilego|0 fnt\n|faint|p2a: Nihilego\n|\n|upkeep\n|\n|t:|1699674286\n|switch|p2a: Blacephalon|Blacephalon|92\/100\n|turn|11\n|\n|t:|1699674300\n|switch|p1a: Garganacl|Garganacl, M|100\/100\n|move|p2a: Blacephalon|Overheat|p1a: Garganacl\n|-resisted|p1a: Garganacl\n|-damage|p1a: Garganacl|76\/100\n|-unboost|p2a: Blacephalon|spa|2\n|\n|-heal|p2a: Blacephalon|98\/100|[from] Grassy Terrain\n|-heal|p1a: Garganacl|82\/100|[from] Grassy Terrain\n|-heal|p1a: Garganacl|89\/100|[from] item: Leftovers\n|upkeep\n|turn|12\n|\n|t:|1699674329\n|switch|p2a: Stakataka|Stakataka|74\/100\n|move|p1a: Garganacl|Stealth Rock|p2a: Stakataka\n|-sidestart|p2: ub lover 9000|move: Stealth Rock\n|\n|-heal|p1a: Garganacl|95\/100|[from] Grassy Terrain\n|-heal|p1a: Garganacl|100\/100|[from] item: Leftovers\n|-heal|p2a: Stakataka|80\/100|[from] Grassy Terrain\n|upkeep\n|turn|13\n|\n|t:|1699674347\n|-terastallize|p1a: Garganacl|Water\n|move|p1a: Garganacl|Salt Cure|p2a: Stakataka\n|-resisted|p2a: Stakataka\n|-damage|p2a: Stakataka|77\/100\n|-start|p2a: Stakataka|Salt Cure\n|move|p2a: Stakataka|Earthquake|p1a: Garganacl\n|-damage|p1a: Garganacl|90\/100\n|\n|-heal|p1a: Garganacl|96\/100|[from] Grassy Terrain\n|-heal|p1a: Garganacl|100\/100|[from] item: Leftovers\n|-heal|p2a: Stakataka|84\/100|[from] Grassy Terrain\n|-damage|p2a: Stakataka|59\/100|[from] Salt Cure\n|-fieldend|move: Grassy Terrain\n|upkeep\n|turn|14\n|inactive|ub lover 9000 has 120 seconds left.\n|\n|t:|1699674384\n|switch|p2a: Buzzwole|Buzzwole|94\/100 brn\n|-damage|p2a: Buzzwole|82\/100 brn|[from] Stealth Rock\n|move|p1a: Garganacl|Salt Cure|p2a: Buzzwole\n|-damage|p2a: Buzzwole|73\/100 brn\n|-start|p2a: Buzzwole|Salt Cure\n|\n|-damage|p2a: Buzzwole|66\/100 brn|[from] brn\n|-damage|p2a: Buzzwole|54\/100 brn|[from] Salt Cure\n|upkeep\n|turn|15\n|inactive|ub lover 9000 has 90 seconds left.\n|\n|t:|1699674410\n|switch|p1a: Moltres|Moltres|63\/100\n|move|p2a: Buzzwole|Gyro Ball|p1a: Moltres\n|-resisted|p1a: Moltres\n|-damage|p1a: Moltres|60\/100\n|\n|-damage|p2a: Buzzwole|48\/100 brn|[from] brn\n|-damage|p2a: Buzzwole|35\/100 brn|[from] Salt Cure\n|upkeep\n|turn|16\n|inactive|ub lover 9000 has 90 seconds left.\n|\n|t:|1699674435\n|switch|p2a: Blacephalon|Blacephalon|98\/100\n|-damage|p2a: Blacephalon|73\/100|[from] Stealth Rock\n|move|p1a: Moltres|Roost|p1a: Moltres\n|-heal|p1a: Moltres|100\/100\n|-singleturn|p1a: Moltres|move: Roost\n|\n|upkeep\n|turn|17\n|\n|t:|1699674445\n|switch|p1a: Garganacl|Garganacl, M, tera:Water|100\/100\n|move|p2a: Blacephalon|Knock Off|p1a: Garganacl\n|-damage|p1a: Garganacl|80\/100\n|-enditem|p1a: Garganacl|Leftovers|[from] move: Knock Off|[of] p2a: Blacephalon\n|\n|upkeep\n|turn|18\n|\n|t:|1699674463\n|switch|p2a: Stakataka|Stakataka|59\/100\n|-damage|p2a: Stakataka|53\/100|[from] Stealth Rock\n|move|p1a: Garganacl|Salt Cure|p2a: Stakataka\n|-resisted|p2a: Stakataka\n|-damage|p2a: Stakataka|49\/100\n|-start|p2a: Stakataka|Salt Cure\n|\n|-damage|p2a: Stakataka|24\/100|[from] Salt Cure\n|upkeep\n|turn|19\n|\n|t:|1699674473\n|move|p1a: Garganacl|Recover|p1a: Garganacl\n|-heal|p1a: Garganacl|100\/100\n|move|p2a: Stakataka|Stealth Rock|p1a: Garganacl\n|-sidestart|p1: mofee|move: Stealth Rock\n|\n|-damage|p2a: Stakataka|0 fnt|[from] Salt Cure\n|faint|p2a: Stakataka\n|upkeep\n|\n|t:|1699674485\n|switch|p2a: Xurkitree|Xurkitree|100\/100\n|-damage|p2a: Xurkitree|88\/100|[from] Stealth Rock\n|turn|20\n|\n|t:|1699674496\n|move|p1a: Garganacl|Protect|p1a: Garganacl\n|-singleturn|p1a: Garganacl|Protect\n|move|p2a: Xurkitree|Tail Glow|p2a: Xurkitree\n|-boost|p2a: Xurkitree|spa|3\n|\n|upkeep\n|turn|21\n|\n|t:|1699674518\n|switch|p1a: Rillaboom|Rillaboom, M|100\/100\n|-damage|p1a: Rillaboom|88\/100|[from] Stealth Rock\n|-fieldstart|move: Grassy Terrain|[from] ability: Grassy Surge|[of] p1a: Rillaboom\n|move|p2a: Xurkitree|Dazzling Gleam|p1a: Rillaboom\n|-crit|p1a: Rillaboom\n|-damage|p1a: Rillaboom|0 fnt\n|faint|p1a: Rillaboom\n|-ability|p2a: Xurkitree|Beast Boost|boost\n|-boost|p2a: Xurkitree|spa|1\n|\n|-heal|p2a: Xurkitree|94\/100|[from] Grassy Terrain\n|upkeep\n|\n|t:|1699674528\n|switch|p1a: Garchomp|Garchomp, F|82\/100 tox\n|-damage|p1a: Garchomp|76\/100 tox|[from] Stealth Rock\n|turn|22\n|\n|t:|1699674537\n|move|p1a: Garchomp|Outrage|p2a: Xurkitree\n|-damage|p2a: Xurkitree|1\/100\n|-enditem|p2a: Xurkitree|Salac Berry|[eat]\n|-boost|p2a: Xurkitree|spe|1|[from] item: Salac Berry\n|move|p2a: Xurkitree|Energy Ball|p1a: Garchomp\n|-damage|p1a: Garchomp|0 fnt\n|faint|p1a: Garchomp\n|-ability|p2a: Xurkitree|Beast Boost|boost\n|-boost|p2a: Xurkitree|spa|1\n|\n|-heal|p2a: Xurkitree|8\/100|[from] Grassy Terrain\n|upkeep\n|\n|t:|1699674548\n|switch|p1a: Garganacl|Garganacl, M, tera:Water|100\/100\n|-damage|p1a: Garganacl|88\/100|[from] Stealth Rock\n|turn|23\n|\n|t:|1699674556\n|move|p2a: Xurkitree|Thunderbolt|p1a: Garganacl\n|-supereffective|p1a: Garganacl\n|-damage|p1a: Garganacl|0 fnt\n|faint|p1a: Garganacl\n|-ability|p2a: Xurkitree|Beast Boost|boost\n|-boost|p2a: Xurkitree|spa|1\n|\n|-heal|p2a: Xurkitree|14\/100|[from] Grassy Terrain\n|upkeep\n|-message|mofee forfeited.\n|\n|win|ub lover 9000\n|raw|mofee's rating: 1199 &rarr; <strong>1167<\/strong><br \/>(-32 for losing)\n|raw|ub lover 9000's rating: 1099 &rarr; <strong>1131<\/strong><br \/>(+32 for winning)\n|l|\u2606mofee\n","uploadtime":1699674677,"views":32,"p1id":"mofee","p2id":"ublover9000","formatid":"gen9nationaldex","rating":1131,"private":0,"password":""}