{"id":"gen9nationaldex-1988185993","p1":"gregerfgbgf","p2":"FakeDragon","format":"[Gen 9] National Dex","log":"|j|\u2606gregerfgbgf\n|j|\u2606FakeDragon\n|t:|1699681444\n|gametype|singles\n|player|p1|gregerfgbgf|guitarist|1344\n|player|p2|FakeDragon|palmer|1414\n|teamsize|p1|6\n|teamsize|p2|6\n|gen|9\n|tier|[Gen 9] National Dex\n|rated|\n|rule|HP Percentage Mod: HP is shown in percentages\n|rule|Endless Battle Clause: Forcing endless battles is banned\n|rule|OHKO Clause: OHKO moves are banned\n|rule|Evasion Clause: Evasion abilities, items, and moves are banned\n|rule|Evasion Abilities Clause: Evasion abilities are banned\n|rule|Evasion Items Clause: Evasion items are banned\n|rule|Evasion Moves Clause: Evasion moves are banned\n|rule|Species Clause: Limit one of each Pok\u00e9mon\n|rule|Sleep Clause Mod: Limit one foe put to sleep\n|clearpoke\n|poke|p1|Clawitzer, F|\n|poke|p1|Heatran, F|\n|poke|p1|Tapu Koko|\n|poke|p1|Tsareena, F|\n|poke|p1|Raichu-Alola, F|\n|poke|p1|Sneasler, F|\n|poke|p2|Volcanion|\n|poke|p2|Torkoal, F|\n|poke|p2|Charizard, F|\n|poke|p2|Samurott-Hisui, M|\n|poke|p2|Gliscor, M|\n|poke|p2|Serperior, M|\n|teampreview\n|inactive|Battle timer is ON: inactive players will automatically lose when time's up. (requested by FakeDragon)\n|\n|t:|1699681464\n|start\n|switch|p1a: Clawitzer|Clawitzer, F|100\/100\n|switch|p2a: Gliscor|Gliscor, M|100\/100\n|turn|1\n|\n|t:|1699681476\n|switch|p2a: Volcanion|Volcanion|100\/100\n|move|p1a: Clawitzer|Ice Beam|p2a: Volcanion\n|-resisted|p2a: Volcanion\n|-damage|p2a: Volcanion|86\/100\n|\n|upkeep\n|turn|2\n|\n|t:|1699681483\n|switch|p1a: Tsareena|Tsareena, F|100\/100\n|move|p2a: Volcanion|Steam Eruption|p1a: Tsareena\n|-resisted|p1a: Tsareena\n|-crit|p1a: Tsareena\n|-damage|p1a: Tsareena|45\/100\n|\n|-heal|p1a: Tsareena|51\/100|[from] item: Leftovers\n|upkeep\n|turn|3\n|\n|t:|1699681490\n|move|p2a: Volcanion|Flamethrower|p1a: Tsareena\n|-supereffective|p1a: Tsareena\n|-damage|p1a: Tsareena|0 fnt\n|faint|p1a: Tsareena\n|\n|upkeep\n|\n|t:|1699681497\n|switch|p1a: Tapu Koko|Tapu Koko|100\/100\n|-fieldstart|move: Electric Terrain|[from] ability: Electric Surge|[of] p1a: Tapu Koko\n|turn|4\n|\n|t:|1699681505\n|switch|p1a: Raichu|Raichu-Alola, F|100\/100\n|switch|p2a: Gliscor|Gliscor, M|100\/100\n|\n|-status|p2a: Gliscor|tox|[from] item: Toxic Orb\n|upkeep\n|turn|5\n|\n|t:|1699681526\n|move|p1a: Raichu|Nasty Plot|p1a: Raichu\n|-boost|p1a: Raichu|spa|2\n|move|p2a: Gliscor|Earthquake|p1a: Raichu\n|-supereffective|p1a: Raichu\n|-enditem|p1a: Raichu|Focus Sash\n|-damage|p1a: Raichu|1\/100\n|\n|upkeep\n|turn|6\n|\n|t:|1699681555\n|move|p1a: Raichu|Psychic|p2a: Gliscor\n|-damage|p2a: Gliscor|33\/100 tox\n|move|p2a: Gliscor|U-turn|p1a: Raichu\n|-supereffective|p1a: Raichu\n|-crit|p1a: Raichu\n|-damage|p1a: Raichu|0 fnt\n|faint|p1a: Raichu\n|inactive|FakeDragon has 120 seconds left.\n|\n|t:|1699681567\n|switch|p2a: Torkoal|Torkoal, F|100\/100|[from] U-turn\n|-weather|SunnyDay|[from] ability: Drought|[of] p2a: Torkoal\n|\n|-weather|SunnyDay|[upkeep]\n|upkeep\n|\n|t:|1699681597\n|switch|p1a: Heatran|Heatran, F|100\/100\n|turn|7\n|\n|t:|1699681608\n|move|p1a: Heatran|Stealth Rock|p2a: Torkoal\n|-sidestart|p2: FakeDragon|move: Stealth Rock\n|move|p2a: Torkoal|Stealth Rock|p1a: Heatran\n|-sidestart|p1: gregerfgbgf|move: Stealth Rock\n|\n|-weather|SunnyDay|[upkeep]\n|upkeep\n|turn|8\n|\n|t:|1699681613\n|move|p1a: Heatran|Earth Power|p2a: Torkoal\n|-supereffective|p2a: Torkoal\n|-damage|p2a: Torkoal|15\/100\n|-unboost|p2a: Torkoal|spd|1\n|move|p2a: Torkoal|Body Press|p1a: Heatran\n|-supereffective|p1a: Heatran\n|-damage|p1a: Heatran|48\/100\n|\n|-weather|SunnyDay|[upkeep]\n|-heal|p1a: Heatran|54\/100|[from] item: Leftovers\n|upkeep\n|turn|9\n|\n|t:|1699681623\n|move|p1a: Heatran|Magma Storm|p2a: Torkoal|[miss]\n|-miss|p1a: Heatran|p2a: Torkoal\n|move|p2a: Torkoal|Body Press|p1a: Heatran\n|-supereffective|p1a: Heatran\n|-damage|p1a: Heatran|4\/100\n|\n|-weather|SunnyDay|[upkeep]\n|-heal|p1a: Heatran|10\/100|[from] item: Leftovers\n|upkeep\n|turn|10\n|\n|t:|1699681627\n|move|p1a: Heatran|Magma Storm|p2a: Torkoal\n|-resisted|p2a: Torkoal\n|-damage|p2a: Torkoal|0 fnt\n|faint|p2a: Torkoal\n|\n|-weather|none\n|-heal|p1a: Heatran|16\/100|[from] item: Leftovers\n|upkeep\n|\n|t:|1699681630\n|switch|p2a: Samurott|Samurott-Hisui, M|100\/100\n|-damage|p2a: Samurott|88\/100|[from] Stealth Rock\n|turn|11\n|\n|t:|1699681634\n|move|p2a: Samurott|Ceaseless Edge|p1a: Heatran\n|-damage|p1a: Heatran|0 fnt\n|-sidestart|p1: gregerfgbgf|Spikes\n|faint|p1a: Heatran\n|\n|-fieldend|move: Electric Terrain\n|upkeep\n|\n|t:|1699681637\n|switch|p1a: Tapu Koko|Tapu Koko|100\/100\n|-damage|p1a: Tapu Koko|88\/100|[from] Stealth Rock\n|-damage|p1a: Tapu Koko|76\/100|[from] Spikes\n|-fieldstart|move: Electric Terrain|[from] ability: Electric Surge|[of] p1a: Tapu Koko\n|turn|12\n|\n|t:|1699681643\n|switch|p2a: Gliscor|Gliscor, M|33\/100 tox\n|-damage|p2a: Gliscor|20\/100 tox|[from] Stealth Rock\n|move|p1a: Tapu Koko|Dazzling Gleam|p2a: Gliscor\n|-damage|p2a: Gliscor|0 fnt\n|faint|p2a: Gliscor\n|\n|upkeep\n|\n|t:|1699681657\n|switch|p2a: Serperior|Serperior, M|100\/100\n|-damage|p2a: Serperior|88\/100|[from] Stealth Rock\n|turn|13\n|\n|t:|1699681668\n|move|p1a: Tapu Koko|Dazzling Gleam|p2a: Serperior\n|-damage|p2a: Serperior|48\/100\n|move|p2a: Serperior|Leaf Storm|p1a: Tapu Koko\n|-damage|p1a: Tapu Koko|8\/100\n|-boost|p2a: Serperior|spa|2\n|\n|-heal|p2a: Serperior|55\/100|[from] item: Leftovers\n|upkeep\n|turn|14\n|\n|t:|1699681694\n|switch|p2a: Charizard|Charizard, F, shiny|100\/100\n|-damage|p2a: Charizard|51\/100|[from] Stealth Rock\n|move|p1a: Tapu Koko|Dazzling Gleam|p2a: Charizard\n|-resisted|p2a: Charizard\n|-damage|p2a: Charizard|28\/100\n|\n|upkeep\n|turn|15\n|\n|t:|1699681703\n|detailschange|p2a: Charizard|Charizard-Mega-Y, F, shiny\n|-mega|p2a: Charizard|Charizard|Charizardite Y\n|-weather|SunnyDay|[from] ability: Drought|[of] p2a: Charizard\n|move|p1a: Tapu Koko|Volt Switch|p2a: Charizard\n|-supereffective|p2a: Charizard\n|-damage|p2a: Charizard|0 fnt\n|faint|p2a: Charizard\n|\n|t:|1699681705\n|switch|p1a: Sneasler|Sneasler, F|100\/100|[from] Volt Switch\n|-damage|p1a: Sneasler|95\/100|[from] Stealth Rock\n|-damage|p1a: Sneasler|82\/100|[from] Spikes\n|-enditem|p1a: Sneasler|Electric Seed\n|-boost|p1a: Sneasler|def|1|[from] item: Electric Seed\n|\n|-weather|SunnyDay|[upkeep]\n|upkeep\n|\n|t:|1699681710\n|switch|p2a: Volcanion|Volcanion|86\/100\n|turn|16\n|\n|t:|1699681722\n|move|p1a: Sneasler|Close Combat|p2a: Volcanion\n|-damage|p2a: Volcanion|24\/100\n|-unboost|p1a: Sneasler|def|1\n|-unboost|p1a: Sneasler|spd|1\n|move|p2a: Volcanion|Flamethrower|p1a: Sneasler\n|-damage|p1a: Sneasler|0 fnt\n|faint|p1a: Sneasler\n|\n|-weather|SunnyDay|[upkeep]\n|upkeep\n|\n|t:|1699681725\n|switch|p1a: Clawitzer|Clawitzer, F|100\/100\n|-damage|p1a: Clawitzer|88\/100|[from] Stealth Rock\n|-damage|p1a: Clawitzer|76\/100|[from] Spikes\n|turn|17\n|\n|t:|1699681733\n|move|p2a: Volcanion|Flamethrower|p1a: Clawitzer\n|-resisted|p1a: Clawitzer\n|-damage|p1a: Clawitzer|30\/100\n|move|p1a: Clawitzer|Terrain Pulse|p2a: Volcanion\n|-supereffective|p2a: Volcanion\n|-damage|p2a: Volcanion|0 fnt\n|faint|p2a: Volcanion\n|\n|-weather|SunnyDay|[upkeep]\n|upkeep\n|-message|gregerfgbgf forfeited.\n|\n|win|FakeDragon\n|raw|gregerfgbgf's rating: 1344 &rarr; <strong>1328<\/strong><br \/>(-16 for losing)\n|raw|FakeDragon's rating: 1414 &rarr; <strong>1430<\/strong><br \/>(+16 for winning)\n|l|\u2606gregerfgbgf\n|c|\u2606FakeDragon|gg\n","uploadtime":1699681743,"views":4,"p1id":"gregerfgbgf","p2id":"fakedragon","formatid":"gen9nationaldex","rating":1328,"private":0,"password":""}