{"id":"gen9nationaldex-1999994435","p1":"OwOMusic","p2":"KingoftheTitans","format":"[Gen 9] National Dex","log":"|html|<div class=\"broadcast-blue\"><strong>[Gen 9] National Dex is currently suspecting Sneasler! For information on how to participate check out the <a href=\"https:\/\/www.smogon.com\/forums\/threads\/sv-national-dex-suspect-8-just-dance.3731534\/\">suspect thread<\/a>.<\/strong><\/div>\n|j|\u2606OwOMusic\n|j|\u2606KingoftheTitans\n|t:|1701138873\n|gametype|singles\n|player|p1|OwOMusic|backersf|1223\n|player|p2|KingoftheTitans|101|1282\n|teamsize|p1|6\n|teamsize|p2|6\n|gen|9\n|tier|[Gen 9] National Dex\n|rated|\n|rule|HP Percentage Mod: HP is shown in percentages\n|rule|Endless Battle Clause: Forcing endless battles is banned\n|rule|OHKO Clause: OHKO moves are banned\n|rule|Evasion Clause: Evasion abilities, items, and moves are banned\n|rule|Evasion Abilities Clause: Evasion abilities are banned\n|rule|Evasion Items Clause: Evasion items are banned\n|rule|Evasion Moves Clause: Evasion moves are banned\n|rule|Species Clause: Limit one of each Pok\u00e9mon\n|rule|Sleep Clause Mod: Limit one foe put to sleep\n|clearpoke\n|poke|p1|Toxapex, F|\n|poke|p1|Tapu Koko|\n|poke|p1|Dragonite, F|\n|poke|p1|Raichu-Alola, F|\n|poke|p1|Machamp, M|\n|poke|p1|Venusaur, F|\n|poke|p2|Togekiss, M|\n|poke|p2|Magnezone|\n|poke|p2|Garchomp, F|\n|poke|p2|Torterra, M|\n|poke|p2|Scizor, M|\n|poke|p2|Quagsire, F|\n|teampreview\n|\n|t:|1701138891\n|start\n|switch|p1a: Toxapex|Toxapex, F, shiny|100\/100\n|switch|p2a: Torterra|Torterra, M|100\/100\n|turn|1\n|\n|t:|1701138899\n|switch|p2a: Magnezone|Magnezone|100\/100\n|move|p1a: Toxapex|Ice Beam|p2a: Magnezone\n|-resisted|p2a: Magnezone\n|-damage|p2a: Magnezone|94\/100\n|\n|upkeep\n|turn|2\n|\n|t:|1701138905\n|move|p2a: Magnezone|Volt Switch|p1a: Toxapex\n|-supereffective|p1a: Toxapex\n|-damage|p1a: Toxapex|18\/100\n|\n|t:|1701138910\n|switch|p2a: Quagsire|Quagsire, F|100\/100|[from] Volt Switch\n|move|p1a: Toxapex|Scald|p2a: Quagsire\n|-damage|p2a: Quagsire|80\/100\n|\n|-heal|p1a: Toxapex|24\/100|[from] item: Black Sludge\n|-heal|p2a: Quagsire|87\/100|[from] item: Leftovers\n|upkeep\n|turn|3\n|\n|t:|1701138918\n|switch|p1a: Venusaur|Venusaur, F|100\/100\n|move|p2a: Quagsire|Earthquake|p1a: Venusaur\n|-damage|p1a: Venusaur|76\/100\n|\n|-heal|p2a: Quagsire|93\/100|[from] item: Leftovers\n|upkeep\n|turn|4\n|\n|t:|1701138932\n|switch|p2a: Scizor|Scizor, M|100\/100\n|detailschange|p1a: Venusaur|Venusaur-Mega, F\n|-mega|p1a: Venusaur|Venusaur|Venusaurite\n|move|p1a: Venusaur|Leech Seed|p2a: Scizor\n|-start|p2a: Scizor|move: Leech Seed\n|\n|-damage|p2a: Scizor|88\/100|[from] Leech Seed|[of] p1a: Venusaur\n|-heal|p1a: Venusaur|86\/100|[silent]\n|upkeep\n|turn|5\n|\n|t:|1701138940\n|switch|p2a: Torterra|Torterra, M|100\/100\n|switch|p1a: Toxapex|Toxapex, F, shiny|57\/100\n|\n|-heal|p1a: Toxapex|63\/100|[from] item: Black Sludge\n|upkeep\n|turn|6\n|\n|t:|1701138950\n|switch|p1a: Venusaur|Venusaur-Mega, F|86\/100\n|move|p2a: Torterra|Shell Smash|p2a: Torterra\n|-unboost|p2a: Torterra|def|1\n|-unboost|p2a: Torterra|spd|1\n|-boost|p2a: Torterra|atk|2\n|-boost|p2a: Torterra|spa|2\n|-boost|p2a: Torterra|spe|2\n|\n|upkeep\n|turn|7\n|\n|t:|1701138958\n|move|p2a: Torterra|Headlong Rush|p1a: Venusaur\n|-damage|p1a: Venusaur|20\/100\n|-unboost|p2a: Torterra|def|1\n|-unboost|p2a: Torterra|spd|1\n|move|p1a: Venusaur|Sludge Bomb|p2a: Torterra\n|-damage|p2a: Torterra|17\/100\n|\n|upkeep\n|turn|8\n|inactive|Battle timer is ON: inactive players will automatically lose when time's up. (requested by OwOMusic)\n|\n|t:|1701138965\n|move|p2a: Torterra|Rock Blast|p1a: Venusaur\n|-damage|p1a: Venusaur|10\/100\n|-damage|p1a: Venusaur|1\/100\n|-damage|p1a: Venusaur|0 fnt\n|faint|p1a: Venusaur\n|-hitcount|p1: Venusaur|3\n|\n|upkeep\n|\n|t:|1701138972\n|switch|p1a: Dragonite|Dragonite, F|100\/100\n|turn|9\n|\n|t:|1701138990\n|switch|p2a: Quagsire|Quagsire, F|93\/100\n|move|p1a: Dragonite|Fire Punch|p2a: Quagsire\n|-resisted|p2a: Quagsire\n|-damage|p2a: Quagsire|83\/100\n|\n|-heal|p2a: Quagsire|89\/100|[from] item: Leftovers\n|upkeep\n|turn|10\n|\n|t:|1701138999\n|switch|p1a: Toxapex|Toxapex, F, shiny|97\/100\n|move|p2a: Quagsire|Toxic|p1a: Toxapex\n|-immune|p1a: Toxapex\n|\n|-heal|p2a: Quagsire|95\/100|[from] item: Leftovers\n|-heal|p1a: Toxapex|100\/100|[from] item: Black Sludge\n|upkeep\n|turn|11\n|\n|t:|1701139008\n|move|p1a: Toxapex|Ice Beam|p2a: Quagsire\n|-damage|p2a: Quagsire|80\/100\n|move|p2a: Quagsire|Earthquake|p1a: Toxapex\n|-supereffective|p1a: Toxapex\n|-damage|p1a: Toxapex|51\/100\n|\n|-heal|p2a: Quagsire|86\/100|[from] item: Leftovers\n|-heal|p1a: Toxapex|57\/100|[from] item: Black Sludge\n|upkeep\n|turn|12\n|\n|t:|1701139018\n|move|p2a: Quagsire|Earthquake|p1a: Toxapex\n|-supereffective|p1a: Toxapex\n|-damage|p1a: Toxapex|8\/100\n|move|p1a: Toxapex|Scald|p2a: Quagsire\n|-damage|p2a: Quagsire|67\/100\n|\n|-heal|p2a: Quagsire|73\/100|[from] item: Leftovers\n|-heal|p1a: Toxapex|14\/100|[from] item: Black Sludge\n|upkeep\n|turn|13\n|\n|t:|1701139027\n|move|p2a: Quagsire|Earthquake|p1a: Toxapex\n|-supereffective|p1a: Toxapex\n|-damage|p1a: Toxapex|0 fnt\n|faint|p1a: Toxapex\n|\n|-heal|p2a: Quagsire|79\/100|[from] item: Leftovers\n|upkeep\n|\n|t:|1701139031\n|switch|p1a: Machamp|Machamp, M|100\/100\n|turn|14\n|\n|t:|1701139035\n|move|p1a: Machamp|Dynamic Punch|p2a: Quagsire\n|-damage|p2a: Quagsire|38\/100\n|-start|p2a: Quagsire|confusion\n|-activate|p2a: Quagsire|confusion\n|-damage|p2a: Quagsire|32\/100|[from] confusion\n|\n|-heal|p2a: Quagsire|38\/100|[from] item: Leftovers\n|upkeep\n|turn|15\n|\n|t:|1701139043\n|switch|p2a: Togekiss|Togekiss, M|100\/100\n|move|p1a: Machamp|Knock Off|p2a: Togekiss\n|-resisted|p2a: Togekiss\n|-damage|p2a: Togekiss|81\/100\n|-enditem|p2a: Togekiss|Heavy-Duty Boots|[from] move: Knock Off|[of] p1a: Machamp\n|\n|upkeep\n|turn|16\n|\n|t:|1701139052\n|move|p2a: Togekiss|Air Slash|p1a: Machamp\n|-supereffective|p1a: Machamp\n|-damage|p1a: Machamp|56\/100\n|cant|p1a: Machamp|flinch\n|\n|upkeep\n|turn|17\n|\n|t:|1701139056\n|move|p1a: Machamp|Bullet Punch|p2a: Togekiss\n|-supereffective|p2a: Togekiss\n|-damage|p2a: Togekiss|44\/100\n|move|p2a: Togekiss|Air Slash|p1a: Machamp\n|-supereffective|p1a: Machamp\n|-damage|p1a: Machamp|11\/100\n|\n|upkeep\n|turn|18\n|\n|t:|1701139063\n|move|p1a: Machamp|Bullet Punch|p2a: Togekiss\n|-supereffective|p2a: Togekiss\n|-damage|p2a: Togekiss|11\/100\n|move|p2a: Togekiss|Dazzling Gleam|p1a: Machamp\n|-supereffective|p1a: Machamp\n|-damage|p1a: Machamp|0 fnt\n|faint|p1a: Machamp\n|\n|upkeep\n|\n|t:|1701139071\n|switch|p1a: Dragonite|Dragonite, F|100\/100\n|turn|19\n|\n|t:|1701139074\n|move|p2a: Togekiss|Thunder Wave|p1a: Dragonite|[miss]\n|-miss|p2a: Togekiss|p1a: Dragonite\n|move|p1a: Dragonite|Dragon Dance|p1a: Dragonite\n|-boost|p1a: Dragonite|atk|1\n|-boost|p1a: Dragonite|spe|1\n|\n|upkeep\n|turn|20\n|\n|t:|1701139080\n|move|p1a: Dragonite|Iron Head|p2a: Togekiss\n|-supereffective|p2a: Togekiss\n|-crit|p2a: Togekiss\n|-damage|p2a: Togekiss|0 fnt\n|faint|p2a: Togekiss\n|\n|upkeep\n|\n|t:|1701139085\n|switch|p2a: Quagsire|Quagsire, F|38\/100\n|turn|21\n|\n|t:|1701139088\n|move|p1a: Dragonite|Dragon Dance|p1a: Dragonite\n|-boost|p1a: Dragonite|atk|1\n|-boost|p1a: Dragonite|spe|1\n|move|p2a: Quagsire|Toxic|p1a: Dragonite\n|-status|p1a: Dragonite|tox\n|\n|-heal|p2a: Quagsire|44\/100|[from] item: Leftovers\n|-damage|p1a: Dragonite|94\/100 tox|[from] psn\n|upkeep\n|turn|22\n|\n|t:|1701139096\n|move|p1a: Dragonite|Iron Head|p2a: Quagsire\n|-resisted|p2a: Quagsire\n|-damage|p2a: Quagsire|33\/100\n|move|p2a: Quagsire|Haze|p2a: Quagsire\n|-clearallboost\n|\n|-heal|p2a: Quagsire|39\/100|[from] item: Leftovers\n|-damage|p1a: Dragonite|82\/100 tox|[from] psn\n|upkeep\n|turn|23\n|\n|t:|1701139105\n|switch|p2a: Torterra|Torterra, M|17\/100\n|move|p1a: Dragonite|Iron Head|p2a: Torterra\n|-damage|p2a: Torterra|0 fnt\n|faint|p2a: Torterra\n|\n|-damage|p1a: Dragonite|63\/100 tox|[from] psn\n|upkeep\n|\n|t:|1701139112\n|switch|p2a: Garchomp|Garchomp, F|100\/100\n|turn|24\n|\n|t:|1701139119\n|move|p2a: Garchomp|Dragon Claw|p1a: Dragonite\n|-supereffective|p1a: Dragonite\n|-damage|p1a: Dragonite|0 fnt\n|faint|p1a: Dragonite\n|\n|upkeep\n|\n|t:|1701139121\n|switch|p1a: Tapu Koko|Tapu Koko|100\/100\n|-fieldstart|move: Electric Terrain|[from] ability: Electric Surge|[of] p1a: Tapu Koko\n|turn|25\n|\n|t:|1701139126\n|move|p1a: Tapu Koko|Reflect|p1a: Tapu Koko\n|-sidestart|p1: OwOMusic|Reflect\n|move|p2a: Garchomp|Earthquake|p1a: Tapu Koko\n|-supereffective|p1a: Tapu Koko\n|-damage|p1a: Tapu Koko|25\/100\n|\n|upkeep\n|turn|26\n|\n|t:|1701139137\n|move|p1a: Tapu Koko|U-turn|p2a: Garchomp\n|-damage|p2a: Garchomp|77\/100\n|-damage|p1a: Tapu Koko|12\/100|[from] ability: Rough Skin|[of] p2a: Garchomp\n|\n|t:|1701139141\n|switch|p1a: Raichu|Raichu-Alola, F, shiny|100\/100|[from] U-turn\n|move|p2a: Garchomp|Iron Head|p1a: Raichu\n|-resisted|p1a: Raichu\n|-damage|p1a: Raichu|84\/100\n|\n|upkeep\n|turn|27\n|\n|t:|1701139147\n|switch|p2a: Quagsire|Quagsire, F|39\/100\n|move|p1a: Raichu|Psychic|p2a: Quagsire\n|-damage|p2a: Quagsire|0 fnt\n|faint|p2a: Quagsire\n|\n|upkeep\n|\n|t:|1701139157\n|switch|p2a: Magnezone|Magnezone|94\/100\n|turn|28\n|\n|t:|1701139170\n|move|p1a: Raichu|Psychic|p2a: Magnezone\n|-resisted|p2a: Magnezone\n|-damage|p2a: Magnezone|63\/100\n|move|p2a: Magnezone|Volt Switch|p1a: Raichu\n|-resisted|p1a: Raichu\n|-damage|p1a: Raichu|30\/100\n|\n|t:|1701139176\n|switch|p2a: Scizor|Scizor, M|88\/100|[from] Volt Switch\n|\n|upkeep\n|turn|29\n|\n|t:|1701139180\n|detailschange|p2a: Scizor|Scizor-Mega, M\n|-mega|p2a: Scizor|Scizor|Scizorite\n|move|p1a: Raichu|Psychic|p2a: Scizor\n|-resisted|p2a: Scizor\n|-damage|p2a: Scizor|49\/100\n|move|p2a: Scizor|Swords Dance|p2a: Scizor\n|-boost|p2a: Scizor|atk|2\n|\n|-fieldend|move: Electric Terrain\n|upkeep\n|turn|30\n|\n|t:|1701139188\n|switch|p1a: Tapu Koko|Tapu Koko|12\/100\n|-fieldstart|move: Electric Terrain|[from] ability: Electric Surge|[of] p1a: Tapu Koko\n|move|p2a: Scizor|Bullet Punch|p1a: Tapu Koko\n|-damage|p1a: Tapu Koko|0 fnt\n|faint|p1a: Tapu Koko\n|\n|upkeep\n|\n|t:|1701139191\n|switch|p1a: Raichu|Raichu-Alola, F, shiny|30\/100\n|turn|31\n|\n|t:|1701139199\n|move|p2a: Scizor|Bullet Punch|p1a: Raichu\n|-resisted|p1a: Raichu\n|-damage|p1a: Raichu|0 fnt\n|faint|p1a: Raichu\n|\n|win|KingoftheTitans\n|raw|OwOMusic's rating: 1223 &rarr; <strong>1202<\/strong><br \/>(-21 for losing)\n|raw|KingoftheTitans's rating: 1282 &rarr; <strong>1303<\/strong><br \/>(+21 for winning)\n|c|\u2606KingoftheTitans|gg\n|l|\u2606OwOMusic\n","uploadtime":1701139210,"views":3,"p1id":"owomusic","p2id":"kingofthetitans","formatid":"gen9nationaldex","rating":1202,"private":0,"password":""}