{"id":"gen9nationaldex-1988454282","p1":"sprayreal","p2":"nbdg","format":"[Gen 9] National Dex","log":"|j|\u2606sprayreal\n|j|\u2606nbdg\n|t:|1699724673\n|gametype|singles\n|player|p1|sprayreal|pokemonranger-gen4|\n|player|p2|nbdg|102|\n|teamsize|p1|3\n|teamsize|p2|3\n|gen|9\n|tier|[Gen 9] National Dex\n|rule|HP Percentage Mod: HP is shown in percentages\n|rule|Endless Battle Clause: Forcing endless battles is banned\n|rule|OHKO Clause: OHKO moves are banned\n|rule|Evasion Clause: Evasion abilities, items, and moves are banned\n|rule|Evasion Abilities Clause: Evasion abilities are banned\n|rule|Evasion Items Clause: Evasion items are banned\n|rule|Evasion Moves Clause: Evasion moves are banned\n|rule|Species Clause: Limit one of each Pok\u00e9mon\n|rule|Sleep Clause Mod: Limit one foe put to sleep\n|clearpoke\n|poke|p1|Mudkip, L5, F|\n|poke|p1|Ogerpon-Cornerstone, F|\n|poke|p1|Noivern, M|\n|poke|p2|Cloyster, F|\n|poke|p2|Pelipper, M|\n|poke|p2|Klefki, M|\n|teampreview\n|c|\u2606sprayreal|Ok\n|\n|t:|1699724684\n|start\n|switch|p1a: alonso|Noivern, M|100\/100\n|switch|p2a: Key|Klefki, M|100\/100\n|turn|1\n|\n|t:|1699724693\n|-terastallize|p1a: alonso|Fire\n|move|p1a: alonso|Flamethrower|p2a: Key\n|-supereffective|p2a: Key\n|-damage|p2a: Key|6\/100\n|move|p2a: Key|Trick Room|p2a: Key\n|-fieldstart|move: Trick Room|[of] p2a: Key\n|\n|-heal|p2a: Key|12\/100|[from] item: Leftovers\n|upkeep\n|turn|2\n|c|\u2606nbdg|lmao\n|c|\u2606sprayreal|NAHH\n|\n|t:|1699724701\n|move|p2a: Key|Light Screen|p2a: Key\n|-sidestart|p2: nbdg|move: Light Screen\n|move|p1a: alonso|Flamethrower|p2a: Key\n|-supereffective|p2a: Key\n|-damage|p2a: Key|0 fnt\n|faint|p2a: Key\n|\n|upkeep\n|c|\u2606nbdg|ok amazing\n|\n|t:|1699724707\n|switch|p2a: Drill|Cloyster, F|100\/100\n|turn|3\n|\n|t:|1699724712\n|move|p2a: Drill|Icicle Spear|p1a: alonso\n|-resisted|p1a: alonso\n|-crit|p1a: alonso\n|-damage|p1a: alonso|92\/100\n|-resisted|p1a: alonso\n|-damage|p1a: alonso|86\/100\n|-resisted|p1a: alonso\n|-damage|p1a: alonso|81\/100\n|-resisted|p1a: alonso\n|-damage|p1a: alonso|75\/100\n|-resisted|p1a: alonso\n|-damage|p1a: alonso|70\/100\n|-hitcount|p1a: alonso|5\n|move|p1a: alonso|Draco Meteor|p2a: Drill\n|-damage|p2a: Drill|0 fnt\n|-unboost|p1a: alonso|spa|2\n|faint|p2a: Drill\n|\n|upkeep\n|c|\u2606sprayreal|LOL\n|c|\u2606sprayreal|I RESIST\n|c|\u2606nbdg|wtf\n|\n|t:|1699724727\n|switch|p2a: rainy boy|Pelipper, M|100\/100\n|turn|4\n|c|\u2606sprayreal|IM TERA FIRE\n|c|\u2606nbdg|i should've used water LMAO\n|\n|t:|1699724738\n|move|p2a: rainy boy|Knock Off|p1a: alonso\n|-damage|p1a: alonso|53\/100\n|-enditem|p1a: alonso|Heavy-Duty Boots|[from] move: Knock Off|[of] p2a: rainy boy\n|move|p1a: alonso|Draco Meteor|p2a: rainy boy\n|-damage|p2a: rainy boy|57\/100\n|-unboost|p1a: alonso|spa|2\n|\n|upkeep\n|turn|5\n|\n|t:|1699724746\n|move|p2a: rainy boy|Acrobatics|p1a: alonso\n|-damage|p1a: alonso|25\/100\n|move|p1a: alonso|U-turn|p2a: rainy boy\n|-resisted|p2a: rainy boy\n|-damage|p2a: rainy boy|52\/100\n|\n|t:|1699724752\n|switch|p1a: noob|Ogerpon-Cornerstone, F|100\/100|[from] U-turn\n|\n|-fieldend|move: Trick Room\n|upkeep\n|turn|6\n|\n|t:|1699724757\n|move|p1a: noob|Ivy Cudgel|p2a: rainy boy\n|-supereffective|p2a: rainy boy\n|-damage|p2a: rainy boy|0 fnt\n|faint|p2a: rainy boy\n|\n|win|sprayreal\n|c|\u2606nbdg|noo!\n","uploadtime":1699724763,"views":10,"p1id":"sprayreal","p2id":"nbdg","formatid":"gen9nationaldex","rating":0,"private":0,"password":""}