{"id":"gen9nationaldex-1993697050","p1":"Genarf","p2":"Evora_Spyder","format":"[Gen 9] National Dex","log":"|j|\u2606Genarf\n|j|\u2606Evora_Spyder\n|t:|1700346688\n|gametype|singles\n|player|p1|Genarf|ghetsis-gen5bw|1081\n|player|p2|Evora_Spyder|1|1115\n|teamsize|p1|6\n|teamsize|p2|6\n|gen|9\n|tier|[Gen 9] National Dex\n|rated|\n|rule|HP Percentage Mod: HP is shown in percentages\n|rule|Endless Battle Clause: Forcing endless battles is banned\n|rule|OHKO Clause: OHKO moves are banned\n|rule|Evasion Clause: Evasion abilities, items, and moves are banned\n|rule|Evasion Abilities Clause: Evasion abilities are banned\n|rule|Evasion Items Clause: Evasion items are banned\n|rule|Evasion Moves Clause: Evasion moves are banned\n|rule|Species Clause: Limit one of each Pok\u00e9mon\n|rule|Sleep Clause Mod: Limit one foe put to sleep\n|clearpoke\n|poke|p1|Cofagrigus, M|\n|poke|p1|Bouffalant, M|\n|poke|p1|Eelektross, M|\n|poke|p1|Bisharp, F|\n|poke|p1|Seismitoad, M|\n|poke|p1|Hydreigon, M|\n|poke|p2|Beedrill, F|\n|poke|p2|Rattata, L1, F|\n|poke|p2|Skarmory, M|\n|poke|p2|Great Tusk|\n|poke|p2|Sinistcha-Masterpiece|\n|poke|p2|Slowking-Galar, M|\n|teampreview\n|inactive|Battle timer is ON: inactive players will automatically lose when time's up. (requested by Genarf)\n|c|\u2606Genarf|dennis\n|\n|t:|1700346701\n|start\n|switch|p1a: Cofagrigus|Cofagrigus, M|100\/100\n|switch|p2a: Rattata|Rattata, L1, F|100\/100\n|turn|1\n|\n|t:|1700346719\n|switch|p2a: Skarmory|Skarmory, M|100\/100\n|move|p1a: Cofagrigus|Toxic|p2a: Skarmory\n|-immune|p2a: Skarmory\n|\n|upkeep\n|turn|2\n|\n|t:|1700346727\n|switch|p1a: Eelektross|Eelektross, M|100\/100\n|move|p2a: Skarmory|Spikes|p1a: Eelektross\n|-sidestart|p1: Genarf|Spikes\n|\n|upkeep\n|turn|3\n|\n|t:|1700346736\n|switch|p2a: Great Tusk|Great Tusk|100\/100\n|move|p1a: Eelektross|Flamethrower|p2a: Great Tusk\n|-damage|p2a: Great Tusk|69\/100\n|\n|-heal|p2a: Great Tusk|75\/100|[from] item: Leftovers\n|upkeep\n|turn|4\n|\n|t:|1700346747\n|move|p1a: Eelektross|Flamethrower|p2a: Great Tusk\n|-damage|p2a: Great Tusk|40\/100\n|move|p2a: Great Tusk|Stealth Rock|p1a: Eelektross\n|-sidestart|p1: Genarf|move: Stealth Rock\n|\n|-heal|p2a: Great Tusk|46\/100|[from] item: Leftovers\n|upkeep\n|turn|5\n|\n|t:|1700346771\n|switch|p1a: Cofagrigus|Cofagrigus, M|100\/100\n|-damage|p1a: Cofagrigus|88\/100|[from] Spikes\n|-damage|p1a: Cofagrigus|76\/100|[from] Stealth Rock\n|move|p2a: Great Tusk|Close Combat|p1a: Cofagrigus\n|-immune|p1a: Cofagrigus\n|\n|-heal|p2a: Great Tusk|52\/100|[from] item: Leftovers\n|-heal|p1a: Cofagrigus|82\/100|[from] item: Leftovers\n|upkeep\n|turn|6\n|\n|t:|1700346782\n|move|p2a: Great Tusk|Headlong Rush|p1a: Cofagrigus\n|-damage|p1a: Cofagrigus|36\/100\n|-unboost|p2a: Great Tusk|def|1\n|-unboost|p2a: Great Tusk|spd|1\n|move|p1a: Cofagrigus|Shadow Ball|p2a: Great Tusk\n|-damage|p2a: Great Tusk|0 fnt\n|faint|p2a: Great Tusk\n|-end|p2a: Great Tusk|Protosynthesis|[silent]\n|\n|-heal|p1a: Cofagrigus|42\/100|[from] item: Leftovers\n|upkeep\n|inactive|Evora_Spyder has 120 seconds left.\n|\n|t:|1700346805\n|switch|p2a: Sinistcha|Sinistcha-Masterpiece|100\/100\n|turn|7\n|inactive|Evora_Spyder has 120 seconds left.\n|\n|t:|1700346810\n|move|p2a: Sinistcha|Shadow Ball|p1a: Cofagrigus\n|-supereffective|p1a: Cofagrigus\n|-damage|p1a: Cofagrigus|0 fnt\n|faint|p1a: Cofagrigus\n|\n|upkeep\n|\n|t:|1700346824\n|switch|p1a: Eelektross|Eelektross, M|100\/100\n|-damage|p1a: Eelektross|88\/100|[from] Stealth Rock\n|turn|8\n|\n|t:|1700346830\n|move|p1a: Eelektross|Crunch|p2a: Sinistcha\n|-supereffective|p2a: Sinistcha\n|-damage|p2a: Sinistcha|65\/100\n|move|p2a: Sinistcha|Strength Sap|p1a: Eelektross\n|-unboost|p1a: Eelektross|atk|1\n|-heal|p2a: Sinistcha|100\/100\n|\n|upkeep\n|turn|9\n|\n|t:|1700346839\n|switch|p1a: Bouffalant|Bouffalant, M|100\/100\n|-damage|p1a: Bouffalant|88\/100|[from] Spikes\n|-damage|p1a: Bouffalant|76\/100|[from] Stealth Rock\n|move|p2a: Sinistcha|Calm Mind|p2a: Sinistcha\n|-boost|p2a: Sinistcha|spa|1\n|-boost|p2a: Sinistcha|spd|1\n|\n|upkeep\n|turn|10\n|\n|t:|1700346862\n|move|p2a: Sinistcha|Calm Mind|p2a: Sinistcha\n|-boost|p2a: Sinistcha|spa|1\n|-boost|p2a: Sinistcha|spd|1\n|move|p1a: Bouffalant|Poison Jab|p2a: Sinistcha\n|-damage|p2a: Sinistcha|72\/100\n|\n|-heal|p2a: Sinistcha|79\/100|[from] item: Leftovers\n|upkeep\n|turn|11\n|inactive|Evora_Spyder has 120 seconds left.\n|\n|t:|1700346882\n|switch|p2a: Skarmory|Skarmory, M|100\/100\n|move|p1a: Bouffalant|Poison Jab|p2a: Skarmory\n|-immune|p2a: Skarmory\n|\n|upkeep\n|turn|12\n|\n|t:|1700346894\n|switch|p1a: Seismitoad|Seismitoad, M|100\/100\n|move|p2a: Skarmory|Spikes|p1a: Seismitoad\n|-sidestart|p1: Genarf|Spikes\n|\n|upkeep\n|turn|13\n|\n|t:|1700346904\n|switch|p2a: Sinistcha|Sinistcha-Masterpiece|79\/100\n|move|p1a: Seismitoad|Rain Dance|p1a: Seismitoad\n|-weather|RainDance\n|\n|-weather|RainDance|[upkeep]\n|-heal|p2a: Sinistcha|85\/100|[from] item: Leftovers\n|upkeep\n|turn|14\n|\n|t:|1700346915\n|move|p1a: Seismitoad|Scald|p2a: Sinistcha\n|-resisted|p2a: Sinistcha\n|-damage|p2a: Sinistcha|53\/100\n|move|p2a: Sinistcha|Calm Mind|p2a: Sinistcha\n|-boost|p2a: Sinistcha|spa|1\n|-boost|p2a: Sinistcha|spd|1\n|\n|-weather|RainDance|[upkeep]\n|-heal|p2a: Sinistcha|59\/100|[from] item: Leftovers\n|upkeep\n|turn|15\n|\n|t:|1700346920\n|move|p1a: Seismitoad|Scald|p2a: Sinistcha\n|-resisted|p2a: Sinistcha\n|-damage|p2a: Sinistcha|40\/100\n|-status|p2a: Sinistcha|brn\n|move|p2a: Sinistcha|Matcha Gotcha|p1a: Seismitoad\n|-supereffective|p1a: Seismitoad\n|-damage|p1a: Seismitoad|0 fnt\n|-heal|p2a: Sinistcha|91\/100 brn|[from] drain|[of] p1a: Seismitoad\n|faint|p1a: Seismitoad\n|\n|-weather|RainDance|[upkeep]\n|-heal|p2a: Sinistcha|97\/100 brn|[from] item: Leftovers\n|-damage|p2a: Sinistcha|94\/100 brn|[from] brn\n|upkeep\n|\n|t:|1700346935\n|switch|p1a: Bisharp|Bisharp, F|100\/100\n|-damage|p1a: Bisharp|84\/100|[from] Spikes\n|-damage|p1a: Bisharp|78\/100|[from] Stealth Rock\n|turn|16\n|\n|t:|1700346944\n|move|p2a: Sinistcha|Strength Sap|p1a: Bisharp\n|-unboost|p1a: Bisharp|atk|1\n|-ability|p1a: Bisharp|Defiant|boost\n|-boost|p1a: Bisharp|atk|2\n|-heal|p2a: Sinistcha|100\/100 brn\n|move|p1a: Bisharp|Swords Dance|p1a: Bisharp\n|-boost|p1a: Bisharp|atk|2\n|\n|-weather|RainDance|[upkeep]\n|-damage|p2a: Sinistcha|98\/100 brn|[from] brn\n|upkeep\n|turn|17\n|\n|t:|1700346958\n|move|p2a: Sinistcha|Matcha Gotcha|p1a: Bisharp\n|-resisted|p1a: Bisharp\n|-damage|p1a: Bisharp|56\/100\n|-heal|p2a: Sinistcha|100\/100 brn|[from] drain|[of] p1a: Bisharp\n|move|p1a: Bisharp|Night Slash|p2a: Sinistcha\n|-supereffective|p2a: Sinistcha\n|-damage|p2a: Sinistcha|0 fnt\n|faint|p2a: Sinistcha\n|\n|-weather|none\n|upkeep\n|\n|t:|1700346971\n|switch|p2a: Beedrill|Beedrill, F|100\/100\n|turn|18\n|\n|t:|1700346978\n|detailschange|p2a: Beedrill|Beedrill-Mega, F\n|-mega|p2a: Beedrill|Beedrill|Beedrillite\n|move|p1a: Bisharp|Sucker Punch|p2a: Beedrill\n|-damage|p2a: Beedrill|0 fnt\n|faint|p2a: Beedrill\n|\n|upkeep\n|\n|t:|1700346987\n|switch|p2a: Rattata|Rattata, L1, F|100\/100\n|turn|19\n|\n|t:|1700346994\n|switch|p1a: Bouffalant|Bouffalant, M|76\/100\n|-damage|p1a: Bouffalant|59\/100|[from] Spikes\n|-damage|p1a: Bouffalant|47\/100|[from] Stealth Rock\n|move|p2a: Rattata|Endeavor|p1a: Bouffalant\n|-damage|p1a: Bouffalant|3\/100\n|\n|upkeep\n|turn|20\n|\n|t:|1700347004\n|move|p2a: Rattata|Quick Attack|p1a: Bouffalant\n|-damage|p1a: Bouffalant|3\/100\n|move|p1a: Bouffalant|Head Charge|p2a: Rattata\n|-enditem|p2a: Rattata|Focus Sash\n|-damage|p2a: Rattata|10\/100\n|-damage|p1a: Bouffalant|2\/100|[from] Recoil\n|\n|upkeep\n|turn|21\n|\n|t:|1700347013\n|move|p1a: Bouffalant|Head Charge|p2a: Rattata\n|-damage|p2a: Rattata|0 fnt\n|faint|p2a: Rattata\n|-damage|p1a: Bouffalant|2\/100|[from] Recoil\n|\n|upkeep\n|\n|t:|1700347019\n|switch|p2a: Slowking|Slowking-Galar, M|100\/100\n|turn|22\n|\n|t:|1700347022\n|move|p1a: Bouffalant|Head Charge|p2a: Slowking\n|-damage|p2a: Slowking|0 fnt\n|faint|p2a: Slowking\n|-damage|p1a: Bouffalant|0 fnt|[from] Recoil\n|faint|p1a: Bouffalant\n|\n|upkeep\n|-message|Evora_Spyder forfeited.\n|\n|win|Genarf\n|raw|Genarf's rating: 1081 &rarr; <strong>1112<\/strong><br \/>(+31 for winning)\n|raw|Evora_Spyder's rating: 1115 &rarr; <strong>1088<\/strong><br \/>(-27 for losing)\n|l|\u2606Evora_Spyder\n","uploadtime":1700347042,"views":7,"p1id":"genarf","p2id":"evoraspyder","formatid":"gen9nationaldex","rating":1088,"private":0,"password":""}