{"id":"gen9nationaldex-1990321937","p1":"DogePkmn156","p2":"DistantAvalon","format":"[Gen 9] National Dex","log":"|j|\u2606DogePkmn156\n|j|\u2606DistantAvalon\n|t:|1699956511\n|gametype|singles\n|player|p1|DogePkmn156|ethan|1051\n|player|p2|DistantAvalon|cynthia-masters3|1000\n|teamsize|p1|6\n|teamsize|p2|6\n|gen|9\n|tier|[Gen 9] National Dex\n|rated|\n|rule|HP Percentage Mod: HP is shown in percentages\n|rule|Endless Battle Clause: Forcing endless battles is banned\n|rule|OHKO Clause: OHKO moves are banned\n|rule|Evasion Clause: Evasion abilities, items, and moves are banned\n|rule|Evasion Abilities Clause: Evasion abilities are banned\n|rule|Evasion Items Clause: Evasion items are banned\n|rule|Evasion Moves Clause: Evasion moves are banned\n|rule|Species Clause: Limit one of each Pok\u00e9mon\n|rule|Sleep Clause Mod: Limit one foe put to sleep\n|clearpoke\n|poke|p1|Charizard, M|\n|poke|p1|Gliscor, M|\n|poke|p1|Torterra, M|\n|poke|p1|Rotom-Wash|\n|poke|p1|Garganacl, M|\n|poke|p1|Ribombee, F|\n|poke|p2|Uxie|\n|poke|p2|Rabsca, M|\n|poke|p2|Crawdaunt, M|\n|poke|p2|Camerupt, M|\n|poke|p2|Stakataka|\n|poke|p2|Hatterene, F|\n|teampreview\n|inactive|Battle timer is ON: inactive players will automatically lose when time's up. (requested by DogePkmn156)\n|\n|t:|1699956530\n|start\n|switch|p1a: Gliscor|Gliscor, M|100\/100\n|switch|p2a: Uxie|Uxie|100\/100\n|turn|1\n|\n|t:|1699956533\n|move|p1a: Gliscor|Swords Dance|p1a: Gliscor\n|-boost|p1a: Gliscor|atk|2\n|move|p2a: Uxie|Trick Room|p2a: Uxie\n|-fieldstart|move: Trick Room|[of] p2a: Uxie\n|\n|-status|p1a: Gliscor|tox|[from] item: Toxic Orb\n|upkeep\n|turn|2\n|\n|t:|1699956539\n|move|p2a: Uxie|Memento|p1a: Gliscor\n|-unboost|p1a: Gliscor|atk|2\n|-unboost|p1a: Gliscor|spa|2\n|faint|p2a: Uxie\n|move|p1a: Gliscor|Dual Wingbeat|p2: Uxie|[notarget]\n|-fail|p1a: Gliscor\n|\n|upkeep\n|\n|t:|1699956545\n|switch|p2a: Crawdaunt|Crawdaunt, M|100\/100\n|turn|3\n|\n|t:|1699956549\n|switch|p1a: Rotom|Rotom-Wash|100\/100\n|move|p2a: Crawdaunt|Swords Dance|p2a: Crawdaunt\n|-boost|p2a: Crawdaunt|atk|2\n|\n|upkeep\n|turn|4\n|\n|t:|1699956554\n|move|p2a: Crawdaunt|Knock Off|p1a: Rotom\n|-damage|p1a: Rotom|0 fnt\n|-enditem|p1a: Rotom|Wide Lens|[from] move: Knock Off|[of] p2a: Crawdaunt\n|faint|p1a: Rotom\n|-damage|p2a: Crawdaunt|90\/100|[from] item: Life Orb\n|\n|upkeep\n|\n|t:|1699956565\n|switch|p1a: Tor|Torterra, M|100\/100\n|turn|5\n|\n|t:|1699956570\n|move|p2a: Crawdaunt|Knock Off|p1a: Tor\n|-damage|p1a: Tor|0 fnt\n|-enditem|p1a: Tor|Loaded Dice|[from] move: Knock Off|[of] p2a: Crawdaunt\n|faint|p1a: Tor\n|-damage|p2a: Crawdaunt|80\/100|[from] item: Life Orb\n|\n|-fieldend|move: Trick Room\n|upkeep\n|\n|t:|1699956576\n|switch|p1a: Garganacl|Garganacl, M|100\/100\n|turn|6\n|\n|t:|1699956584\n|-terastallize|p1a: Garganacl|Ghost\n|move|p2a: Crawdaunt|Aqua Jet|p1a: Garganacl\n|-damage|p1a: Garganacl|49\/100\n|-damage|p2a: Crawdaunt|70\/100|[from] item: Life Orb\n|move|p1a: Garganacl|Hammer Arm|p2a: Crawdaunt\n|-supereffective|p2a: Crawdaunt\n|-damage|p2a: Crawdaunt|0 fnt\n|-unboost|p1a: Garganacl|spe|1\n|faint|p2a: Crawdaunt\n|\n|-heal|p1a: Garganacl|55\/100|[from] item: Leftovers\n|upkeep\n|\n|t:|1699956593\n|switch|p2a: Stakataka|Stakataka|100\/100\n|turn|7\n|\n|t:|1699956597\n|move|p1a: Garganacl|Hammer Arm|p2a: Stakataka\n|-supereffective|p2a: Stakataka\n|-damage|p2a: Stakataka|37\/100\n|-unboost|p1a: Garganacl|spe|1\n|move|p2a: Stakataka|Trick Room|p2a: Stakataka\n|-fieldstart|move: Trick Room|[of] p2a: Stakataka\n|\n|-heal|p1a: Garganacl|61\/100|[from] item: Leftovers\n|upkeep\n|turn|8\n|\n|t:|1699956605\n|move|p2a: Stakataka|Gyro Ball|p1a: Garganacl\n|-damage|p1a: Garganacl|43\/100\n|-damage|p2a: Stakataka|27\/100|[from] item: Life Orb\n|move|p1a: Garganacl|Hammer Arm|p2a: Stakataka\n|-supereffective|p2a: Stakataka\n|-damage|p2a: Stakataka|0 fnt\n|-unboost|p1a: Garganacl|spe|1\n|faint|p2a: Stakataka\n|\n|-heal|p1a: Garganacl|49\/100|[from] item: Leftovers\n|upkeep\n|\n|t:|1699956611\n|switch|p2a: Camerupt|Camerupt, M|100\/100\n|turn|9\n|\n|t:|1699956620\n|detailschange|p2a: Camerupt|Camerupt-Mega, M\n|-mega|p2a: Camerupt|Camerupt|Cameruptite\n|move|p1a: Garganacl|Explosion|p2a: Camerupt\n|-damage|p2a: Camerupt|28\/100\n|faint|p1a: Garganacl\n|move|p2a: Camerupt|Eruption|p1: Garganacl|[notarget]\n|-fail|p2a: Camerupt\n|\n|upkeep\n|\n|t:|1699956625\n|switch|p1a: Gliscor|Gliscor, M|100\/100 tox\n|turn|10\n|\n|t:|1699956629\n|move|p2a: Camerupt|Hidden Power|p1a: Gliscor\n|-supereffective|p1a: Gliscor\n|-damage|p1a: Gliscor|0 fnt\n|faint|p1a: Gliscor\n|\n|upkeep\n|\n|t:|1699956631\n|switch|p1a: Char|Charizard, M, shiny|100\/100\n|turn|11\n|\n|t:|1699956647\n|detailschange|p1a: Char|Charizard-Mega-Y, M, shiny\n|-mega|p1a: Char|Charizard|Charizardite Y\n|-weather|SunnyDay|[from] ability: Drought|[of] p1a: Char\n|move|p2a: Camerupt|Hidden Power|p1a: Char\n|-damage|p1a: Char|74\/100\n|move|p1a: Char|Air Slash|p2a: Camerupt\n|-damage|p2a: Camerupt|0 fnt\n|faint|p2a: Camerupt\n|\n|-weather|SunnyDay|[upkeep]\n|-fieldend|move: Trick Room\n|upkeep\n|\n|t:|1699956652\n|switch|p2a: Rabsca|Rabsca, M|100\/100\n|turn|12\n|\n|t:|1699956655\n|move|p1a: Char|Air Slash|p2a: Rabsca|[miss]\n|-miss|p1a: Char|p2a: Rabsca\n|move|p2a: Rabsca|Trick Room|p2a: Rabsca\n|-fieldstart|move: Trick Room|[of] p2a: Rabsca\n|\n|-weather|SunnyDay|[upkeep]\n|upkeep\n|turn|13\n|\n|t:|1699956661\n|move|p2a: Rabsca|Revival Blessing|p2a: Rabsca\n|-enditem|p2a: Rabsca|Leppa Berry|[eat]\n|-activate|p2a: Rabsca|item: Leppa Berry|Revival Blessing|[consumed]\n|\n|t:|1699956663\n|-heal|p2: Crawdaunt|50\/100|[from] move: Revival Blessing\n|move|p1a: Char|Weather Ball|p2a: Rabsca\n|-supereffective|p2a: Rabsca\n|-damage|p2a: Rabsca|0 fnt\n|faint|p2a: Rabsca\n|\n|-weather|SunnyDay|[upkeep]\n|upkeep\n|\n|t:|1699956666\n|switch|p2a: Crawdaunt|Crawdaunt, M|50\/100\n|turn|14\n|\n|t:|1699956672\n|switch|p1a: Ribo|Ribombee, F|100\/100\n|-terastallize|p2a: Crawdaunt|Water\n|move|p2a: Crawdaunt|Crabhammer|p1a: Ribo\n|-damage|p1a: Ribo|0 fnt\n|faint|p1a: Ribo\n|-damage|p2a: Crawdaunt|40\/100|[from] item: Life Orb\n|\n|-weather|SunnyDay|[upkeep]\n|upkeep\n|\n|t:|1699956678\n|switch|p1a: Char|Charizard-Mega-Y, M, shiny|74\/100\n|turn|15\n|\n|t:|1699956680\n|move|p2a: Crawdaunt|Crabhammer|p1a: Char\n|-supereffective|p1a: Char\n|-damage|p1a: Char|0 fnt\n|faint|p1a: Char\n|-damage|p2a: Crawdaunt|30\/100|[from] item: Life Orb\n|\n|win|DistantAvalon\n|raw|DogePkmn156's rating: 1051 &rarr; <strong>1031<\/strong><br \/>(-20 for losing)\n|raw|DistantAvalon's rating: 1000 &rarr; <strong>1046<\/strong><br \/>(+46 for winning)\n|l|\u2606DogePkmn156\n","uploadtime":1699956685,"views":18,"p1id":"dogepkmn156","p2id":"distantavalon","formatid":"gen9nationaldex","rating":1031,"private":0,"password":""}