{"id":"gen9nationaldex-1999575721","p1":"RealMobileGamer","p2":"MrGoddessli","format":"[Gen 9] National Dex","log":"|html|<div class=\"broadcast-blue\"><strong>[Gen 9] National Dex is currently suspecting Sneasler! For information on how to participate check out the <a href=\"https:\/\/www.smogon.com\/forums\/threads\/sv-national-dex-suspect-8-just-dance.3731534\/\">suspect thread<\/a>.<\/strong><\/div>\n|j|\u2606RealMobileGamer\n|j|\u2606MrGoddessli\n|t:|1701097731\n|gametype|singles\n|player|p1|RealMobileGamer|riley|1374\n|player|p2|MrGoddessli|iris-gen5bw2|1395\n|teamsize|p1|6\n|teamsize|p2|6\n|gen|9\n|tier|[Gen 9] National Dex\n|rated|\n|rule|HP Percentage Mod: HP is shown in percentages\n|rule|Endless Battle Clause: Forcing endless battles is banned\n|rule|OHKO Clause: OHKO moves are banned\n|rule|Evasion Clause: Evasion abilities, items, and moves are banned\n|rule|Evasion Abilities Clause: Evasion abilities are banned\n|rule|Evasion Items Clause: Evasion items are banned\n|rule|Evasion Moves Clause: Evasion moves are banned\n|rule|Species Clause: Limit one of each Pok\u00e9mon\n|rule|Sleep Clause Mod: Limit one foe put to sleep\n|clearpoke\n|poke|p1|Banette, M|\n|poke|p1|Toxapex, M|\n|poke|p1|Volcarona, M|\n|poke|p1|Ting-Lu|\n|poke|p1|Garchomp, M|\n|poke|p1|Corviknight, F|\n|poke|p2|Ninetales-Alola, F|\n|poke|p2|Rillaboom, F|\n|poke|p2|Greninja-*, M|\n|poke|p2|Volcarona, M|\n|poke|p2|Blaziken, M|\n|poke|p2|Kommo-o, M|\n|teampreview\n|inactive|Battle timer is ON: inactive players will automatically lose when time's up. (requested by RealMobileGamer)\n|\n|t:|1701097754\n|start\n|switch|p1a: Ting-Lu|Ting-Lu|100\/100\n|switch|p2a: Rillaboom|Rillaboom, F, shiny|100\/100\n|-fieldstart|move: Grassy Terrain|[from] ability: Grassy Surge|[of] p2a: Rillaboom\n|-ability|p1a: Ting-Lu|Vessel of Ruin\n|turn|1\n|\n|t:|1701097769\n|move|p2a: Rillaboom|Drain Punch|p1a: Ting-Lu\n|-supereffective|p1a: Ting-Lu\n|-damage|p1a: Ting-Lu|68\/100\n|move|p1a: Ting-Lu|Stealth Rock|p2a: Rillaboom\n|-sidestart|p2: MrGoddessli|move: Stealth Rock\n|\n|-heal|p1a: Ting-Lu|74\/100|[from] Grassy Terrain\n|-heal|p1a: Ting-Lu|80\/100|[from] item: Leftovers\n|upkeep\n|turn|2\n|\n|t:|1701097778\n|move|p2a: Rillaboom|Drain Punch|p1a: Ting-Lu\n|-supereffective|p1a: Ting-Lu\n|-damage|p1a: Ting-Lu|43\/100\n|move|p1a: Ting-Lu|Spikes|p2a: Rillaboom\n|-sidestart|p2: MrGoddessli|Spikes\n|\n|-heal|p1a: Ting-Lu|50\/100|[from] Grassy Terrain\n|-heal|p1a: Ting-Lu|56\/100|[from] item: Leftovers\n|upkeep\n|turn|3\n|\n|t:|1701097794\n|move|p2a: Rillaboom|Drain Punch|p1a: Ting-Lu\n|-supereffective|p1a: Ting-Lu\n|-damage|p1a: Ting-Lu|22\/100\n|move|p1a: Ting-Lu|Memento|p2a: Rillaboom\n|-unboost|p2a: Rillaboom|atk|2\n|-unboost|p2a: Rillaboom|spa|2\n|faint|p1a: Ting-Lu\n|\n|upkeep\n|\n|t:|1701097798\n|switch|p1a: Volcarona|Volcarona, M|100\/100\n|turn|4\n|\n|t:|1701097807\n|switch|p2a: Kommo-o|Kommo-o, M|100\/100\n|-damage|p2a: Kommo-o|94\/100|[from] Stealth Rock\n|-damage|p2a: Kommo-o|82\/100|[from] Spikes\n|move|p1a: Volcarona|Quiver Dance|p1a: Volcarona\n|-boost|p1a: Volcarona|spa|1\n|-boost|p1a: Volcarona|spd|1\n|-boost|p1a: Volcarona|spe|1\n|\n|-heal|p2a: Kommo-o|88\/100|[from] Grassy Terrain\n|upkeep\n|turn|5\n|\n|t:|1701097818\n|move|p1a: Volcarona|Bug Buzz|p2a: Kommo-o\n|-resisted|p2a: Kommo-o\n|-damage|p2a: Kommo-o|45\/100\n|-unboost|p2a: Kommo-o|spd|1\n|-zpower|p2a: Kommo-o\n|move|p2a: Kommo-o|Clangorous Soulblaze|p1a: Volcarona|[zeffect]\n|-damage|p1a: Volcarona|38\/100\n|-boost|p2a: Kommo-o|atk|1\n|-boost|p2a: Kommo-o|def|1\n|-boost|p2a: Kommo-o|spa|1\n|-boost|p2a: Kommo-o|spd|1\n|-boost|p2a: Kommo-o|spe|1\n|\n|-heal|p1a: Volcarona|44\/100|[from] Grassy Terrain\n|-heal|p1a: Volcarona|50\/100|[from] item: Leftovers\n|-heal|p2a: Kommo-o|51\/100|[from] Grassy Terrain\n|-fieldend|move: Grassy Terrain\n|upkeep\n|turn|6\n|\n|t:|1701097836\n|move|p1a: Volcarona|Bug Buzz|p2a: Kommo-o\n|-resisted|p2a: Kommo-o\n|-damage|p2a: Kommo-o|5\/100\n|move|p2a: Kommo-o|Clanging Scales|p1a: Volcarona\n|-damage|p1a: Volcarona|0 fnt\n|faint|p1a: Volcarona\n|-unboost|p2a: Kommo-o|def|1\n|\n|upkeep\n|\n|t:|1701097843\n|switch|p1a: Banette|Banette, M|100\/100\n|-item|p2a: Kommo-o|Kommonium Z|[from] ability: Frisk|[of] p1a: Banette|[identify]\n|turn|7\n|\n|t:|1701097854\n|detailschange|p1a: Banette|Banette-Mega, M\n|-mega|p1a: Banette|Banette|Banettite\n|move|p1a: Banette|Shadow Sneak|p2a: Kommo-o\n|-damage|p2a: Kommo-o|0 fnt\n|faint|p2a: Kommo-o\n|\n|upkeep\n|\n|t:|1701097875\n|switch|p2a: Ninetales|Ninetales-Alola, F, shiny|100\/100\n|-damage|p2a: Ninetales|76\/100|[from] Stealth Rock\n|-damage|p2a: Ninetales|63\/100|[from] Spikes\n|-weather|Snow|[from] ability: Snow Warning|[of] p2a: Ninetales\n|turn|8\n|\n|t:|1701097881\n|move|p2a: Ninetales|Aurora Veil|p2a: Ninetales\n|-sidestart|p2: MrGoddessli|move: Aurora Veil\n|move|p1a: Banette|Poltergeist|p2a: Ninetales\n|-activate|p2a: Ninetales|move: Poltergeist|Light Clay\n|-damage|p2a: Ninetales|33\/100\n|\n|-weather|Snow|[upkeep]\n|upkeep\n|turn|9\n|\n|t:|1701097890\n|move|p2a: Ninetales|Toxic|p1a: Banette\n|-status|p1a: Banette|tox\n|move|p1a: Banette|Poltergeist|p2a: Ninetales\n|-activate|p2a: Ninetales|move: Poltergeist|Light Clay\n|-crit|p2a: Ninetales\n|-damage|p2a: Ninetales|0 fnt\n|faint|p2a: Ninetales\n|\n|-weather|Snow|[upkeep]\n|-damage|p1a: Banette|94\/100 tox|[from] psn\n|upkeep\n|\n|t:|1701097899\n|switch|p2a: Greninja|Greninja, M|100\/100\n|-damage|p2a: Greninja|88\/100|[from] Stealth Rock\n|-damage|p2a: Greninja|76\/100|[from] Spikes\n|turn|10\n|\n|t:|1701097907\n|switch|p1a: Corviknight|Corviknight, F|100\/100\n|move|p2a: Greninja|Dark Pulse|p1a: Corviknight\n|-damage|p1a: Corviknight|55\/100\n|-damage|p2a: Greninja|66\/100|[from] item: Life Orb\n|\n|-weather|Snow|[upkeep]\n|upkeep\n|turn|11\n|\n|t:|1701097915\n|-terastallize|p2a: Greninja|Water\n|move|p2a: Greninja|Surf|p1a: Corviknight\n|-damage|p1a: Corviknight|0 fnt\n|faint|p1a: Corviknight\n|-ability|p2a: Greninja|Battle Bond|boost\n|-boost|p2a: Greninja|atk|1\n|-boost|p2a: Greninja|spa|1\n|-boost|p2a: Greninja|spe|1\n|-activate|p2a: Greninja|ability: Battle Bond\n|-damage|p2a: Greninja|56\/100|[from] item: Life Orb\n|\n|-weather|Snow|[upkeep]\n|upkeep\n|\n|t:|1701097924\n|switch|p1a: Toxapex|Toxapex, M|100\/100\n|turn|12\n|\n|t:|1701097934\n|move|p2a: Greninja|Dark Pulse|p1a: Toxapex\n|-damage|p1a: Toxapex|48\/100\n|-damage|p2a: Greninja|47\/100|[from] item: Life Orb\n|cant|p1a: Toxapex|flinch\n|\n|-weather|none\n|-heal|p1a: Toxapex|54\/100|[from] item: Leftovers\n|upkeep\n|turn|13\n|\n|t:|1701097944\n|move|p1a: Toxapex|Baneful Bunker|p1a: Toxapex\n|-singleturn|p1a: Toxapex|move: Protect\n|move|p2a: Greninja|Dark Pulse|p1a: Toxapex\n|-activate|p1a: Toxapex|move: Protect\n|\n|-heal|p1a: Toxapex|60\/100|[from] item: Leftovers\n|upkeep\n|turn|14\n|\n|t:|1701097951\n|move|p2a: Greninja|Dark Pulse|p1a: Toxapex\n|-damage|p1a: Toxapex|4\/100\n|-damage|p2a: Greninja|37\/100|[from] item: Life Orb\n|move|p1a: Toxapex|Toxic|p2a: Greninja\n|-status|p2a: Greninja|tox\n|\n|-heal|p1a: Toxapex|11\/100|[from] item: Leftovers\n|-damage|p2a: Greninja|31\/100 tox|[from] psn\n|upkeep\n|turn|15\n|\n|t:|1701097962\n|move|p1a: Toxapex|Baneful Bunker|p1a: Toxapex\n|-singleturn|p1a: Toxapex|move: Protect\n|move|p2a: Greninja|Dark Pulse|p1a: Toxapex\n|-activate|p1a: Toxapex|move: Protect\n|\n|-heal|p1a: Toxapex|17\/100|[from] item: Leftovers\n|-damage|p2a: Greninja|19\/100 tox|[from] psn\n|-sideend|p2: MrGoddessli|move: Aurora Veil\n|upkeep\n|turn|16\n|\n|t:|1701097970\n|switch|p1a: Garchomp|Garchomp, M|100\/100\n|move|p2a: Greninja|Dark Pulse|p1a: Garchomp\n|-damage|p1a: Garchomp|24\/100\n|-damage|p2a: Greninja|9\/100 tox|[from] item: Life Orb\n|\n|-damage|p2a: Greninja|0 fnt|[from] psn\n|faint|p2a: Greninja\n|upkeep\n|\n|t:|1701097983\n|switch|p2a: Volcarona|Volcarona, M, shiny|100\/100\n|turn|17\n|\n|t:|1701097992\n|switch|p2a: Rillaboom|Rillaboom, F, shiny|100\/100\n|-damage|p2a: Rillaboom|88\/100|[from] Stealth Rock\n|-damage|p2a: Rillaboom|75\/100|[from] Spikes\n|-fieldstart|move: Grassy Terrain|[from] ability: Grassy Surge|[of] p2a: Rillaboom\n|-terastallize|p1a: Garchomp|Dragon\n|move|p1a: Garchomp|Scale Shot|p2a: Rillaboom\n|-damage|p2a: Rillaboom|59\/100\n|-damage|p2a: Rillaboom|42\/100\n|-damage|p2a: Rillaboom|26\/100\n|-damage|p2a: Rillaboom|8\/100\n|-hitcount|p2a: Rillaboom|4\n|-unboost|p1a: Garchomp|def|1\n|-boost|p1a: Garchomp|spe|1\n|\n|-heal|p1a: Garchomp|30\/100|[from] Grassy Terrain\n|-heal|p2a: Rillaboom|15\/100|[from] Grassy Terrain\n|upkeep\n|turn|18\n|\n|t:|1701098013\n|switch|p1a: Toxapex|Toxapex, M|50\/100\n|move|p2a: Rillaboom|Grassy Glide|p1a: Toxapex\n|-damage|p1a: Toxapex|16\/100\n|\n|-heal|p2a: Rillaboom|21\/100|[from] Grassy Terrain\n|-heal|p1a: Toxapex|22\/100|[from] Grassy Terrain\n|-heal|p1a: Toxapex|28\/100|[from] item: Leftovers\n|upkeep\n|turn|19\n|\n|t:|1701098022\n|move|p1a: Toxapex|Baneful Bunker|p1a: Toxapex\n|-singleturn|p1a: Toxapex|move: Protect\n|move|p2a: Rillaboom|Grassy Glide|p1a: Toxapex\n|-activate|p1a: Toxapex|move: Protect\n|-status|p2a: Rillaboom|psn\n|\n|-heal|p2a: Rillaboom|27\/100 psn|[from] Grassy Terrain\n|-heal|p1a: Toxapex|34\/100|[from] Grassy Terrain\n|-heal|p1a: Toxapex|41\/100|[from] item: Leftovers\n|-damage|p2a: Rillaboom|15\/100 psn|[from] psn\n|upkeep\n|turn|20\n|\n|t:|1701098039\n|switch|p1a: Banette|Banette-Mega, M|94\/100 tox\n|move|p2a: Rillaboom|Grassy Glide|p1a: Banette\n|-damage|p1a: Banette|15\/100 tox\n|\n|-heal|p2a: Rillaboom|21\/100 psn|[from] Grassy Terrain\n|-heal|p1a: Banette|21\/100 tox|[from] Grassy Terrain\n|-damage|p2a: Rillaboom|8\/100 psn|[from] psn\n|-damage|p1a: Banette|15\/100 tox|[from] psn\n|upkeep\n|turn|21\n|\n|t:|1701098050\n|move|p2a: Rillaboom|Grassy Glide|p1a: Banette\n|-damage|p1a: Banette|0 fnt\n|faint|p1a: Banette\n|\n|-heal|p2a: Rillaboom|15\/100 psn|[from] Grassy Terrain\n|-damage|p2a: Rillaboom|2\/100 psn|[from] psn\n|-fieldend|move: Grassy Terrain\n|upkeep\n|\n|t:|1701098058\n|switch|p1a: Toxapex|Toxapex, M|74\/100\n|turn|22\n|\n|t:|1701098067\n|switch|p2a: Volcarona|Volcarona, M, shiny|100\/100\n|move|p1a: Toxapex|Baneful Bunker||[still]\n|-fail|p1a: Toxapex\n|\n|-heal|p1a: Toxapex|80\/100|[from] item: Leftovers\n|upkeep\n|turn|23\n|\n|t:|1701098073\n|move|p2a: Volcarona|Quiver Dance|p2a: Volcarona\n|-boost|p2a: Volcarona|spa|1\n|-boost|p2a: Volcarona|spd|1\n|-boost|p2a: Volcarona|spe|1\n|move|p1a: Toxapex|Toxic|p2a: Volcarona\n|-status|p2a: Volcarona|tox\n|\n|-heal|p1a: Toxapex|86\/100|[from] item: Leftovers\n|-damage|p2a: Volcarona|94\/100 tox|[from] psn\n|upkeep\n|turn|24\n|\n|t:|1701098082\n|move|p2a: Volcarona|Quiver Dance|p2a: Volcarona\n|-boost|p2a: Volcarona|spa|1\n|-boost|p2a: Volcarona|spd|1\n|-boost|p2a: Volcarona|spe|1\n|move|p1a: Toxapex|Haze|p1a: Toxapex\n|-clearallboost\n|\n|-heal|p1a: Toxapex|93\/100|[from] item: Leftovers\n|-damage|p2a: Volcarona|82\/100 tox|[from] psn\n|upkeep\n|turn|25\n|\n|t:|1701098094\n|move|p2a: Volcarona|Quiver Dance|p2a: Volcarona\n|-boost|p2a: Volcarona|spa|1\n|-boost|p2a: Volcarona|spd|1\n|-boost|p2a: Volcarona|spe|1\n|move|p1a: Toxapex|Scald|p2a: Volcarona\n|-supereffective|p2a: Volcarona\n|-damage|p2a: Volcarona|60\/100 tox\n|\n|-heal|p1a: Toxapex|99\/100|[from] item: Leftovers\n|-damage|p2a: Volcarona|42\/100 tox|[from] psn\n|upkeep\n|turn|26\n|\n|t:|1701098105\n|move|p1a: Toxapex|Baneful Bunker|p1a: Toxapex\n|-singleturn|p1a: Toxapex|move: Protect\n|move|p2a: Volcarona|Giga Drain|p1a: Toxapex\n|-activate|p1a: Toxapex|move: Protect\n|\n|-heal|p1a: Toxapex|100\/100|[from] item: Leftovers\n|-damage|p2a: Volcarona|18\/100 tox|[from] psn\n|upkeep\n|turn|27\n|\n|t:|1701098114\n|switch|p2a: Blaziken|Blaziken, M|100\/100\n|-damage|p2a: Blaziken|88\/100|[from] Stealth Rock\n|-damage|p2a: Blaziken|76\/100|[from] Spikes\n|move|p1a: Toxapex|Haze|p1a: Toxapex\n|-clearallboost\n|\n|upkeep\n|turn|28\n|\n|t:|1701098128\n|move|p2a: Blaziken|Swords Dance|p2a: Blaziken\n|-boost|p2a: Blaziken|atk|2\n|move|p1a: Toxapex|Scald|p2a: Blaziken\n|-supereffective|p2a: Blaziken\n|-damage|p2a: Blaziken|24\/100\n|\n|-ability|p2a: Blaziken|Speed Boost|boost\n|-boost|p2a: Blaziken|spe|1\n|upkeep\n|turn|29\n|\n|t:|1701098144\n|move|p1a: Toxapex|Baneful Bunker|p1a: Toxapex\n|-singleturn|p1a: Toxapex|move: Protect\n|move|p2a: Blaziken|Close Combat|p1a: Toxapex\n|-activate|p1a: Toxapex|move: Protect\n|-status|p2a: Blaziken|psn\n|\n|-damage|p2a: Blaziken|11\/100 psn|[from] psn\n|-ability|p2a: Blaziken|Speed Boost|boost\n|-boost|p2a: Blaziken|spe|1\n|upkeep\n|turn|30\n|\n|t:|1701098153\n|move|p2a: Blaziken|Close Combat|p1a: Toxapex\n|-resisted|p1a: Toxapex\n|-damage|p1a: Toxapex|63\/100\n|-unboost|p2a: Blaziken|def|1\n|-unboost|p2a: Blaziken|spd|1\n|move|p1a: Toxapex|Scald|p2a: Blaziken\n|-supereffective|p2a: Blaziken\n|-damage|p2a: Blaziken|0 fnt\n|faint|p2a: Blaziken\n|\n|-heal|p1a: Toxapex|69\/100|[from] item: Leftovers\n|upkeep\n|\n|t:|1701098169\n|switch|p2a: Rillaboom|Rillaboom, F, shiny|2\/100 psn\n|-damage|p2a: Rillaboom|0 fnt|[from] Stealth Rock\n|faint|p2a: Rillaboom\n|\n|t:|1701098173\n|switch|p2a: Volcarona|Volcarona, M, shiny|18\/100 tox\n|turn|31\n|\n|t:|1701098177\n|move|p2a: Volcarona|Roost|p2a: Volcarona\n|-heal|p2a: Volcarona|68\/100 tox\n|-singleturn|p2a: Volcarona|move: Roost\n|move|p1a: Toxapex|Scald|p2a: Volcarona\n|-supereffective|p2a: Volcarona\n|-damage|p2a: Volcarona|30\/100 tox\n|\n|-heal|p1a: Toxapex|75\/100|[from] item: Leftovers\n|-damage|p2a: Volcarona|24\/100 tox|[from] psn\n|upkeep\n|turn|32\n|\n|t:|1701098187\n|move|p2a: Volcarona|Giga Drain|p1a: Toxapex\n|-damage|p1a: Toxapex|50\/100\n|-heal|p2a: Volcarona|37\/100 tox|[from] drain|[of] p1a: Toxapex\n|move|p1a: Toxapex|Scald|p2a: Volcarona\n|-supereffective|p2a: Volcarona\n|-damage|p2a: Volcarona|2\/100 tox\n|\n|-heal|p1a: Toxapex|56\/100|[from] item: Leftovers\n|-damage|p2a: Volcarona|0 fnt|[from] psn\n|faint|p2a: Volcarona\n|\n|win|RealMobileGamer\n|upkeep\n|raw|RealMobileGamer's rating: 1374 &rarr; <strong>1395<\/strong><br \/>(+21 for winning)\n|raw|MrGoddessli's rating: 1395 &rarr; <strong>1374<\/strong><br \/>(-21 for losing)\n","uploadtime":1701098199,"views":1,"p1id":"realmobilegamer","p2id":"mrgoddessli","formatid":"gen9nationaldex","rating":1374,"private":0,"password":""}