{"id":"gen9nationaldex-1988438364","p1":"roudiking","p2":"Sprocket0835","format":"[Gen 9] National Dex","log":"|j|\u2606roudiking\n|j|\u2606Sprocket0835\n|t:|1699722970\n|gametype|singles\n|player|p1|roudiking|blackbelt-gen4dp|1365\n|player|p2|Sprocket0835|hilbert|1306\n|teamsize|p1|6\n|teamsize|p2|6\n|gen|9\n|tier|[Gen 9] National Dex\n|rated|\n|rule|HP Percentage Mod: HP is shown in percentages\n|rule|Endless Battle Clause: Forcing endless battles is banned\n|rule|OHKO Clause: OHKO moves are banned\n|rule|Evasion Clause: Evasion abilities, items, and moves are banned\n|rule|Evasion Abilities Clause: Evasion abilities are banned\n|rule|Evasion Items Clause: Evasion items are banned\n|rule|Evasion Moves Clause: Evasion moves are banned\n|rule|Species Clause: Limit one of each Pok\u00e9mon\n|rule|Sleep Clause Mod: Limit one foe put to sleep\n|clearpoke\n|poke|p1|Scizor, F|\n|poke|p1|Scyther, M|\n|poke|p1|Kleavor, M|\n|poke|p1|Araquanid, M|\n|poke|p1|Volcarona, M|\n|poke|p1|Buzzwole|\n|poke|p2|Charizard, F|\n|poke|p2|Great Tusk|\n|poke|p2|Garganacl, M|\n|poke|p2|Victini|\n|poke|p2|Lilligant-Hisui, F|\n|poke|p2|Hatterene, F|\n|teampreview\n|\n|t:|1699722976\n|start\n|switch|p1a: Kleavor|Kleavor, M, shiny|100\/100\n|switch|p2a: Garganacl|Garganacl, M|100\/100\n|turn|1\n|\n|t:|1699722981\n|move|p2a: Garganacl|Protect|p2a: Garganacl\n|-singleturn|p2a: Garganacl|Protect\n|move|p1a: Kleavor|Stone Axe|p2a: Garganacl\n|-activate|p2a: Garganacl|move: Protect\n|\n|upkeep\n|turn|2\n|\n|t:|1699722984\n|move|p1a: Kleavor|Stone Axe|p2a: Garganacl\n|-damage|p2a: Garganacl|67\/100\n|-sidestart|p2: Sprocket0835|move: Stealth Rock\n|move|p2a: Garganacl|Stealth Rock|p1a: Kleavor\n|-sidestart|p1: roudiking|move: Stealth Rock\n|\n|-heal|p2a: Garganacl|73\/100|[from] item: Leftovers\n|upkeep\n|turn|3\n|\n|t:|1699722989\n|move|p1a: Kleavor|X-Scissor|p2a: Garganacl\n|-damage|p2a: Garganacl|32\/100\n|move|p2a: Garganacl|Salt Cure|p1a: Kleavor\n|-supereffective|p1a: Kleavor\n|-damage|p1a: Kleavor|68\/100\n|-start|p1a: Kleavor|Salt Cure\n|-enditem|p1a: Kleavor|Weakness Policy\n|-boost|p1a: Kleavor|atk|2|[from] item: Weakness Policy\n|-boost|p1a: Kleavor|spa|2|[from] item: Weakness Policy\n|\n|-heal|p2a: Garganacl|38\/100|[from] item: Leftovers\n|-damage|p1a: Kleavor|55\/100|[from] Salt Cure\n|upkeep\n|turn|4\n|\n|t:|1699723000\n|move|p2a: Garganacl|Protect|p2a: Garganacl\n|-singleturn|p2a: Garganacl|Protect\n|move|p1a: Kleavor|Roost|p1a: Kleavor\n|-heal|p1a: Kleavor|100\/100\n|-singleturn|p1a: Kleavor|move: Roost\n|\n|-heal|p2a: Garganacl|45\/100|[from] item: Leftovers\n|-damage|p1a: Kleavor|88\/100|[from] Salt Cure\n|upkeep\n|turn|5\n|\n|t:|1699723019\n|switch|p2a: Great Tusk|Great Tusk|100\/100\n|-damage|p2a: Great Tusk|98\/100|[from] Stealth Rock\n|move|p1a: Kleavor|X-Scissor|p2a: Great Tusk\n|-resisted|p2a: Great Tusk\n|-damage|p2a: Great Tusk|50\/100\n|\n|-heal|p2a: Great Tusk|56\/100|[from] item: Leftovers\n|-damage|p1a: Kleavor|76\/100|[from] Salt Cure\n|upkeep\n|turn|6\n|\n|t:|1699723028\n|move|p2a: Great Tusk|Rapid Spin|p1a: Kleavor\n|-resisted|p1a: Kleavor\n|-damage|p1a: Kleavor|65\/100\n|-boost|p2a: Great Tusk|spe|1\n|-sideend|p2: Sprocket0835|Stealth Rock|[from] move: Rapid Spin|[of] p2a: Great Tusk\n|move|p1a: Kleavor|X-Scissor|p2a: Great Tusk\n|-resisted|p2a: Great Tusk\n|-damage|p2a: Great Tusk|12\/100\n|\n|-heal|p2a: Great Tusk|19\/100|[from] item: Leftovers\n|-damage|p1a: Kleavor|52\/100|[from] Salt Cure\n|upkeep\n|turn|7\n|\n|t:|1699723036\n|move|p1a: Kleavor|Quick Attack|p2a: Great Tusk\n|-damage|p2a: Great Tusk|0 fnt\n|faint|p2a: Great Tusk\n|-end|p2a: Great Tusk|Protosynthesis|[silent]\n|\n|-damage|p1a: Kleavor|40\/100|[from] Salt Cure\n|upkeep\n|\n|t:|1699723053\n|switch|p2a: Charizard|Charizard, F|100\/100\n|turn|8\n|\n|t:|1699723056\n|detailschange|p2a: Charizard|Charizard-Mega-Y, F\n|-mega|p2a: Charizard|Charizard|Charizardite Y\n|-weather|SunnyDay|[from] ability: Drought|[of] p2a: Charizard\n|move|p2a: Charizard|Weather Ball|p1a: Kleavor\n|-damage|p1a: Kleavor|0 fnt\n|faint|p1a: Kleavor\n|\n|-weather|SunnyDay|[upkeep]\n|upkeep\n|\n|t:|1699723062\n|switch|p1a: Araquanid|Araquanid, M|100\/100\n|-damage|p1a: Araquanid|76\/100|[from] Stealth Rock\n|turn|9\n|\n|t:|1699723067\n|switch|p2a: Hatterene|Hatterene, F|100\/100\n|move|p1a: Araquanid|Hydro Pump|p2a: Hatterene\n|-damage|p2a: Hatterene|61\/100\n|-enditem|p2a: Hatterene|Eject Button\n|\n|t:|1699723077\n|switch|p2a: Lilligant|Lilligant-Hisui, F|100\/100\n|\n|-weather|SunnyDay|[upkeep]\n|upkeep\n|turn|10\n|\n|t:|1699723085\n|-terastallize|p2a: Lilligant|Ghost\n|move|p2a: Lilligant|Swords Dance|p2a: Lilligant\n|-boost|p2a: Lilligant|atk|2\n|move|p1a: Araquanid|Toxic|p2a: Lilligant\n|-status|p2a: Lilligant|tox\n|\n|-weather|SunnyDay|[upkeep]\n|-damage|p2a: Lilligant|94\/100 tox|[from] psn\n|upkeep\n|turn|11\n|\n|t:|1699723092\n|move|p2a: Lilligant|Solar Blade||[still]\n|-prepare|p2a: Lilligant|Solar Blade\n|-anim|p2a: Lilligant|Solar Blade|p1a: Araquanid\n|-damage|p1a: Araquanid|0 fnt\n|faint|p1a: Araquanid\n|-damage|p2a: Lilligant|84\/100 tox|[from] item: Life Orb\n|\n|-weather|SunnyDay|[upkeep]\n|-damage|p2a: Lilligant|72\/100 tox|[from] psn\n|upkeep\n|\n|t:|1699723097\n|switch|p1a: Scizor|Scizor, F|100\/100\n|-damage|p1a: Scizor|88\/100|[from] Stealth Rock\n|turn|12\n|inactive|Battle timer is ON: inactive players will automatically lose when time's up. (requested by roudiking)\n|\n|t:|1699723146\n|detailschange|p1a: Scizor|Scizor-Mega, F\n|-mega|p1a: Scizor|Scizor|Scizorite\n|move|p2a: Lilligant|Close Combat|p1a: Scizor\n|-damage|p1a: Scizor|0 fnt\n|-unboost|p2a: Lilligant|def|1\n|-unboost|p2a: Lilligant|spd|1\n|faint|p1a: Scizor\n|-damage|p2a: Lilligant|62\/100 tox|[from] item: Life Orb\n|\n|-weather|none\n|-damage|p2a: Lilligant|44\/100 tox|[from] psn\n|upkeep\n|\n|t:|1699723153\n|switch|p1a: Volcarona|Volcarona, M, shiny|100\/100\n|turn|13\n|\n|t:|1699723158\n|switch|p2a: Charizard|Charizard-Mega-Y, F|100\/100\n|-weather|SunnyDay|[from] ability: Drought|[of] p2a: Charizard\n|-terastallize|p1a: Volcarona|Fairy\n|move|p1a: Volcarona|Quiver Dance|p1a: Volcarona\n|-boost|p1a: Volcarona|spa|1\n|-boost|p1a: Volcarona|spd|1\n|-boost|p1a: Volcarona|spe|1\n|\n|-weather|SunnyDay|[upkeep]\n|upkeep\n|turn|14\n|\n|t:|1699723166\n|move|p1a: Volcarona|Quiver Dance|p1a: Volcarona\n|-boost|p1a: Volcarona|spa|1\n|-boost|p1a: Volcarona|spd|1\n|-boost|p1a: Volcarona|spe|1\n|move|p2a: Charizard|Weather Ball|p1a: Volcarona\n|-damage|p1a: Volcarona|47\/100\n|\n|-weather|SunnyDay|[upkeep]\n|upkeep\n|turn|15\n|\n|t:|1699723174\n|move|p1a: Volcarona|Air Slash|p2a: Charizard\n|-damage|p2a: Charizard|48\/100\n|move|p2a: Charizard|Weather Ball|p1a: Volcarona\n|-damage|p1a: Volcarona|0 fnt\n|faint|p1a: Volcarona\n|\n|-weather|SunnyDay|[upkeep]\n|upkeep\n|\n|t:|1699723177\n|switch|p1a: Scyther|Scyther, M, shiny|100\/100\n|-damage|p1a: Scyther|51\/100|[from] Stealth Rock\n|turn|16\n|\n|t:|1699723183\n|move|p1a: Scyther|Quick Attack|p2a: Charizard\n|-damage|p2a: Charizard|23\/100\n|move|p2a: Charizard|Weather Ball|p1a: Scyther\n|-supereffective|p1a: Scyther\n|-damage|p1a: Scyther|0 fnt\n|faint|p1a: Scyther\n|\n|-weather|SunnyDay|[upkeep]\n|upkeep\n|\n|t:|1699723185\n|switch|p1a: Buzzwole|Buzzwole, shiny|100\/100\n|-damage|p1a: Buzzwole|88\/100|[from] Stealth Rock\n|turn|17\n|\n|t:|1699723191\n|move|p1a: Buzzwole|Close Combat|p2a: Charizard\n|-resisted|p2a: Charizard\n|-damage|p2a: Charizard|0 fnt\n|-unboost|p1a: Buzzwole|def|1\n|-unboost|p1a: Buzzwole|spd|1\n|faint|p2a: Charizard\n|-ability|p1a: Buzzwole|Beast Boost|boost\n|-boost|p1a: Buzzwole|atk|1\n|\n|-weather|none\n|upkeep\n|\n|t:|1699723198\n|switch|p2a: Victini|Victini|100\/100\n|turn|18\n|\n|t:|1699723202\n|move|p1a: Buzzwole|Close Combat|p2a: Victini\n|-resisted|p2a: Victini\n|-damage|p2a: Victini|55\/100\n|-unboost|p1a: Buzzwole|def|1\n|-unboost|p1a: Buzzwole|spd|1\n|-zpower|p2a: Victini\n|move|p2a: Victini|Z-Celebrate|p2a: Victini|[anim]Celebrate\n|-boost|p2a: Victini|atk|1|[zeffect]\n|-boost|p2a: Victini|def|1|[zeffect]\n|-boost|p2a: Victini|spa|1|[zeffect]\n|-boost|p2a: Victini|spd|1|[zeffect]\n|-boost|p2a: Victini|spe|1|[zeffect]\n|-activate|p2a: Victini|move: Celebrate\n|\n|upkeep\n|turn|19\n|\n|t:|1699723206\n|move|p2a: Victini|Stored Power|p1a: Buzzwole\n|-supereffective|p1a: Buzzwole\n|-damage|p1a: Buzzwole|0 fnt\n|faint|p1a: Buzzwole\n|\n|win|Sprocket0835\n|raw|roudiking's rating: 1365 &rarr; <strong>1342<\/strong><br \/>(-23 for losing)\n|raw|Sprocket0835's rating: 1306 &rarr; <strong>1329<\/strong><br \/>(+23 for winning)\n|l|\u2606roudiking\n","uploadtime":1699723214,"views":4,"p1id":"roudiking","p2id":"sprocket0835","formatid":"gen9nationaldex","rating":1329,"private":0,"password":""}