{"id":"gen9nationaldex-1988254390","p1":"teder","p2":"steals many wives","format":"[Gen 9] National Dex","log":"|j|\u2606teder\n|j|\u2606steals many wives\n|t:|1699695353\n|gametype|singles\n|player|p1|teder|cyclist-gen4|1135\n|player|p2|steals many wives|waitress|1126\n|teamsize|p1|6\n|teamsize|p2|6\n|gen|9\n|tier|[Gen 9] National Dex\n|rated|\n|rule|HP Percentage Mod: HP is shown in percentages\n|rule|Endless Battle Clause: Forcing endless battles is banned\n|rule|OHKO Clause: OHKO moves are banned\n|rule|Evasion Clause: Evasion abilities, items, and moves are banned\n|rule|Evasion Abilities Clause: Evasion abilities are banned\n|rule|Evasion Items Clause: Evasion items are banned\n|rule|Evasion Moves Clause: Evasion moves are banned\n|rule|Species Clause: Limit one of each Pok\u00e9mon\n|rule|Sleep Clause Mod: Limit one foe put to sleep\n|clearpoke\n|poke|p1|Charizard, M|\n|poke|p1|Kommo-o, M|\n|poke|p1|Ninetales-Alola, F|\n|poke|p1|Aegislash, M|\n|poke|p1|Xurkitree|\n|poke|p1|Kleavor, F|\n|poke|p2|Zoroark-Hisui, F|\n|poke|p2|Snorlax, M|\n|poke|p2|Staraptor, M|\n|poke|p2|Pidgeot, M|\n|poke|p2|Ursaluna, M|\n|poke|p2|Purugly, M|\n|teampreview\n|inactive|Battle timer is ON: inactive players will automatically lose when time's up. (requested by teder)\n|\n|t:|1699695372\n|start\n|switch|p1a: Kleavor|Kleavor, F|100\/100\n|switch|p2a: Birb|Staraptor, M|100\/100\n|-ability|p2a: Birb|Intimidate|boost\n|-unboost|p1a: Kleavor|atk|1\n|turn|1\n|\n|t:|1699695387\n|move|p2a: Birb|Final Gambit|p1a: Kleavor\n|-damage|p1a: Kleavor|0 fnt\n|faint|p2a: Birb\n|faint|p1a: Kleavor\n|\n|upkeep\n|\n|t:|1699695394\n|switch|p2a: He Thicc|Snorlax, M|100\/100\n|switch|p1a: Aegislash|Aegislash, M, shiny|100\/100\n|turn|2\n|\n|t:|1699695404\n|move|p1a: Aegislash|Toxic|p2a: He Thicc\n|-immune|p2a: He Thicc|[from] ability: Immunity\n|move|p2a: He Thicc|Curse|p2a: He Thicc\n|-unboost|p2a: He Thicc|spe|1\n|-boost|p2a: He Thicc|atk|1\n|-boost|p2a: He Thicc|def|1\n|\n|upkeep\n|turn|3\n|\n|t:|1699695430\n|switch|p1a: Kommo-o|Kommo-o, M|100\/100\n|move|p2a: He Thicc|Curse|p2a: He Thicc\n|-unboost|p2a: He Thicc|spe|1\n|-boost|p2a: He Thicc|atk|1\n|-boost|p2a: He Thicc|def|1\n|\n|upkeep\n|turn|4\n|inactive|teder has 120 seconds left.\n|\n|t:|1699695446\n|move|p1a: Kommo-o|Bulk Up|p1a: Kommo-o\n|-boost|p1a: Kommo-o|atk|1\n|-boost|p1a: Kommo-o|def|1\n|move|p2a: He Thicc|Amnesia|p2a: He Thicc\n|-boost|p2a: He Thicc|spd|2\n|\n|upkeep\n|turn|5\n|\n|t:|1699695455\n|move|p1a: Kommo-o|Bulk Up|p1a: Kommo-o\n|-boost|p1a: Kommo-o|atk|1\n|-boost|p1a: Kommo-o|def|1\n|move|p2a: He Thicc|Curse|p2a: He Thicc\n|-unboost|p2a: He Thicc|spe|1\n|-boost|p2a: He Thicc|atk|1\n|-boost|p2a: He Thicc|def|1\n|\n|upkeep\n|turn|6\n|\n|t:|1699695468\n|-terastallize|p2a: He Thicc|Ghost\n|move|p1a: Kommo-o|Screech|p2a: He Thicc\n|-unboost|p2a: He Thicc|def|2\n|move|p2a: He Thicc|Curse|p1a: Kommo-o\n|-start|p1a: Kommo-o|Curse|[of] p2a: He Thicc\n|-damage|p2a: He Thicc|51\/100\n|\n|-damage|p1a: Kommo-o|76\/100|[from] Curse\n|upkeep\n|turn|7\n|\n|t:|1699695486\n|move|p1a: Kommo-o|Screech|p2a: He Thicc\n|-unboost|p2a: He Thicc|def|2\n|move|p2a: He Thicc|Rest|p2a: He Thicc\n|-status|p2a: He Thicc|slp|[from] move: Rest\n|-heal|p2a: He Thicc|100\/100 slp|[silent]\n|-enditem|p2a: He Thicc|Chesto Berry|[eat]\n|-curestatus|p2a: He Thicc|slp|[msg]\n|\n|-damage|p1a: Kommo-o|51\/100|[from] Curse\n|upkeep\n|turn|8\n|inactive|teder has 120 seconds left.\n|\n|t:|1699695503\n|switch|p1a: Ninetales|Ninetales-Alola, F, shiny|100\/100\n|-weather|Snow|[from] ability: Snow Warning|[of] p1a: Ninetales\n|move|p2a: He Thicc|Darkest Lariat|p1a: Ninetales\n|-resisted|p1a: Ninetales\n|-damage|p1a: Ninetales|75\/100\n|\n|-weather|Snow|[upkeep]\n|upkeep\n|turn|9\n|inactive|teder has 120 seconds left.\n|\n|t:|1699695516\n|move|p1a: Ninetales|Blizzard|p2a: He Thicc\n|-damage|p2a: He Thicc|83\/100\n|move|p2a: He Thicc|Curse|p1a: Ninetales\n|-start|p1a: Ninetales|Curse|[of] p2a: He Thicc\n|-damage|p2a: He Thicc|33\/100\n|\n|-weather|Snow|[upkeep]\n|-damage|p1a: Ninetales|50\/100|[from] Curse\n|upkeep\n|turn|10\n|inactive|teder has 120 seconds left.\n|\n|t:|1699695526\n|move|p1a: Ninetales|Blizzard|p2a: He Thicc\n|-damage|p2a: He Thicc|15\/100\n|move|p2a: He Thicc|Rest|p2a: He Thicc\n|-status|p2a: He Thicc|slp|[from] move: Rest\n|-heal|p2a: He Thicc|100\/100 slp|[silent]\n|\n|-weather|Snow|[upkeep]\n|-damage|p1a: Ninetales|25\/100|[from] Curse\n|upkeep\n|turn|11\n|inactive|teder has 120 seconds left.\n|\n|t:|1699695542\n|switch|p1a: Charizard|Charizard, M, shiny|100\/100\n|cant|p2a: He Thicc|slp\n|\n|-weather|Snow|[upkeep]\n|upkeep\n|turn|12\n|inactive|teder has 120 seconds left.\n|\n|t:|1699695557\n|switch|p1a: Aegislash|Aegislash, M, shiny|100\/100\n|cant|p2a: He Thicc|slp\n|\n|-weather|none\n|upkeep\n|turn|13\n|\n|t:|1699695569\n|-formechange|p1a: Aegislash|Aegislash-Blade||[from] ability: Stance Change\n|move|p1a: Aegislash|Shadow Sneak|p2a: He Thicc\n|-supereffective|p2a: He Thicc\n|-damage|p2a: He Thicc|57\/100 slp\n|-curestatus|p2a: He Thicc|slp|[msg]\n|move|p2a: He Thicc|Darkest Lariat|p1a: Aegislash\n|-supereffective|p1a: Aegislash\n|-damage|p1a: Aegislash|0 fnt\n|faint|p1a: Aegislash\n|\n|upkeep\n|\n|t:|1699695584\n|switch|p1a: Xurkitree|Xurkitree, shiny|100\/100\n|turn|14\n|\n|t:|1699695589\n|-terastallize|p1a: Xurkitree|Electric\n|move|p1a: Xurkitree|Thunderbolt|p2a: He Thicc\n|-damage|p2a: He Thicc|32\/100\n|move|p2a: He Thicc|Amnesia|p2a: He Thicc\n|-boost|p2a: He Thicc|spd|2\n|\n|upkeep\n|turn|15\n|-message|teder forfeited.\n|\n|win|steals many wives\n|raw|teder's rating: 1135 &rarr; <strong>1109<\/strong><br \/>(-26 for losing)\n|raw|steals many wives's rating: 1126 &rarr; <strong>1152<\/strong><br \/>(+26 for winning)\n|l|\u2606teder\n","uploadtime":1699695601,"views":4,"p1id":"teder","p2id":"stealsmanywives","formatid":"gen9nationaldex","rating":1109,"private":0,"password":""}