{"id":"gen9nationaldex-1991828714","p1":"Aegido03","p2":"EvelynIsBased","format":"[Gen 9] National Dex","log":"|j|\u2606Aegido03\n|j|\u2606EvelynIsBased\n|t:|1700124619\n|gametype|singles\n|player|p1|Aegido03|clerk|1298\n|player|p2|EvelynIsBased|doubleteam|1185\n|teamsize|p1|6\n|teamsize|p2|6\n|gen|9\n|tier|[Gen 9] National Dex\n|rated|\n|rule|HP Percentage Mod: HP is shown in percentages\n|rule|Endless Battle Clause: Forcing endless battles is banned\n|rule|OHKO Clause: OHKO moves are banned\n|rule|Evasion Clause: Evasion abilities, items, and moves are banned\n|rule|Evasion Abilities Clause: Evasion abilities are banned\n|rule|Evasion Items Clause: Evasion items are banned\n|rule|Evasion Moves Clause: Evasion moves are banned\n|rule|Species Clause: Limit one of each Pok\u00e9mon\n|rule|Sleep Clause Mod: Limit one foe put to sleep\n|clearpoke\n|poke|p1|Dragonite, M|\n|poke|p1|Banette, M|\n|poke|p1|Lurantis, F|\n|poke|p1|Ditto|\n|poke|p1|Clefable, M|\n|poke|p1|Persian, F|\n|poke|p2|Diancie|\n|poke|p2|Brambleghast, F|\n|poke|p2|Mamoswine, M|\n|poke|p2|Lycanroc-Dusk, M|\n|poke|p2|Heracross, M|\n|poke|p2|Ambipom, M|\n|teampreview\n|inactive|Battle timer is ON: inactive players will automatically lose when time's up. (requested by Aegido03)\n|inactive|EvelynIsBased has 120 seconds left.\n|inactive|EvelynIsBased has 90 seconds left.\n|inactive|EvelynIsBased has 60 seconds left.\n|\n|t:|1700124756\n|start\n|switch|p1a: Cleo|Persian, F|100\/100\n|switch|p2a: Mamoswine|Mamoswine, M|100\/100\n|turn|1\n|\n|t:|1700124761\n|move|p1a: Cleo|Fake Out|p2a: Mamoswine\n|-damage|p2a: Mamoswine|73\/100\n|-damage|p1a: Cleo|91\/100|[from] item: Life Orb\n|cant|p2a: Mamoswine|flinch\n|\n|upkeep\n|turn|2\n|\n|t:|1700124766\n|move|p1a: Cleo|Body Slam|p2a: Mamoswine\n|-damage|p2a: Mamoswine|35\/100\n|-damage|p1a: Cleo|81\/100|[from] item: Life Orb\n|move|p2a: Mamoswine|Icicle Spear|p1a: Cleo\n|-damage|p1a: Cleo|55\/100\n|-damage|p1a: Cleo|27\/100\n|-damage|p1a: Cleo|0 fnt\n|faint|p1a: Cleo\n|-hitcount|p1: Cleo|3\n|\n|upkeep\n|\n|t:|1700124773\n|switch|p1a: Ver\u00f3nica|Lurantis, F|100\/100\n|turn|3\n|\n|t:|1700124779\n|-terastallize|p1a: Ver\u00f3nica|Fighting\n|move|p2a: Mamoswine|Ice Shard|p1a: Ver\u00f3nica\n|-damage|p1a: Ver\u00f3nica|77\/100\n|move|p1a: Ver\u00f3nica|Superpower|p2a: Mamoswine\n|-supereffective|p2a: Mamoswine\n|-damage|p2a: Mamoswine|0 fnt\n|-boost|p1a: Ver\u00f3nica|atk|1\n|-boost|p1a: Ver\u00f3nica|def|1\n|faint|p2a: Mamoswine\n|\n|upkeep\n|\n|t:|1700124786\n|switch|p2a: Diancie|Diancie|100\/100\n|turn|4\n|\n|t:|1700124789\n|detailschange|p2a: Diancie|Diancie-Mega\n|-mega|p2a: Diancie|Diancie|Diancite\n|move|p2a: Diancie|Dazzling Gleam|p1a: Ver\u00f3nica\n|-supereffective|p1a: Ver\u00f3nica\n|-damage|p1a: Ver\u00f3nica|7\/100\n|move|p1a: Ver\u00f3nica|Leaf Blade|p2a: Diancie\n|-supereffective|p2a: Diancie\n|-damage|p2a: Diancie|0 fnt\n|faint|p2a: Diancie\n|\n|upkeep\n|\n|t:|1700124794\n|switch|p2a: Lycanroc|Lycanroc-Dusk, M|100\/100\n|turn|5\n|\n|t:|1700124800\n|move|p2a: Lycanroc|Accelerock|p1a: Ver\u00f3nica\n|-resisted|p1a: Ver\u00f3nica\n|-damage|p1a: Ver\u00f3nica|0 fnt\n|faint|p1a: Ver\u00f3nica\n|\n|upkeep\n|\n|t:|1700124812\n|switch|p1a: Dragonite|Dragonite, M|100\/100\n|turn|6\n|\n|t:|1700124823\n|move|p2a: Lycanroc|Rock Blast|p1a: Dragonite\n|-supereffective|p1a: Dragonite\n|-damage|p1a: Dragonite|85\/100\n|-supereffective|p1a: Dragonite\n|-damage|p1a: Dragonite|53\/100\n|-supereffective|p1a: Dragonite\n|-damage|p1a: Dragonite|24\/100\n|-supereffective|p1a: Dragonite\n|-damage|p1a: Dragonite|0 fnt\n|faint|p1a: Dragonite\n|-hitcount|p1: Dragonite|4\n|\n|upkeep\n|\n|t:|1700124842\n|switch|p1a: Nabo|Banette, M|100\/100\n|-item|p2a: Lycanroc|Loaded Dice|[from] ability: Frisk|[of] p1a: Nabo|[identify]\n|turn|7\n|\n|t:|1700124849\n|detailschange|p1a: Nabo|Banette-Mega, M\n|-mega|p1a: Nabo|Banette|Banettite\n|move|p2a: Lycanroc|Rock Blast|p1a: Nabo|[miss]\n|-miss|p2a: Lycanroc|p1a: Nabo\n|move|p1a: Nabo|Shadow Claw|p2a: Lycanroc\n|-damage|p2a: Lycanroc|17\/100\n|\n|upkeep\n|turn|8\n|\n|t:|1700124857\n|move|p1a: Nabo|Destiny Bond|p1a: Nabo\n|-singlemove|p1a: Nabo|Destiny Bond\n|move|p2a: Lycanroc|Rock Blast|p1a: Nabo\n|-damage|p1a: Nabo|79\/100\n|-crit|p1a: Nabo\n|-damage|p1a: Nabo|50\/100\n|-damage|p1a: Nabo|27\/100\n|-damage|p1a: Nabo|5\/100\n|-damage|p1a: Nabo|0 fnt\n|faint|p1a: Nabo\n|-activate|p1a: Nabo|move: Destiny Bond\n|faint|p2a: Lycanroc\n|-hitcount|p1: Nabo|5\n|\n|upkeep\n|\n|t:|1700124873\n|switch|p2a: Brambleghast|Brambleghast, F|100\/100\n|switch|p1a: Antonio|Clefable, M|100\/100\n|turn|9\n|\n|t:|1700124876\n|move|p2a: Brambleghast|Spikes|p1a: Antonio\n|-sidestart|p1: Aegido03|Spikes\n|move|p1a: Antonio|Calm Mind|p1a: Antonio\n|-boost|p1a: Antonio|spa|1\n|-boost|p1a: Antonio|spd|1\n|\n|-status|p1a: Antonio|brn|[from] item: Flame Orb\n|upkeep\n|turn|10\n|\n|t:|1700124891\n|move|p2a: Brambleghast|Bullet Seed|p1a: Antonio\n|-damage|p1a: Antonio|93\/100 brn\n|-damage|p1a: Antonio|86\/100 brn\n|-damage|p1a: Antonio|78\/100 brn\n|-damage|p1a: Antonio|71\/100 brn\n|-hitcount|p1a: Antonio|4\n|move|p1a: Antonio|Calm Mind|p1a: Antonio\n|-boost|p1a: Antonio|spa|1\n|-boost|p1a: Antonio|spd|1\n|\n|-damage|p1a: Antonio|65\/100 brn|[from] brn\n|upkeep\n|turn|11\n|\n|t:|1700124904\n|move|p2a: Brambleghast|Bullet Seed|p1a: Antonio\n|-damage|p1a: Antonio|58\/100 brn\n|-damage|p1a: Antonio|50\/100 brn\n|-damage|p1a: Antonio|44\/100 brn\n|-damage|p1a: Antonio|36\/100 brn\n|-damage|p1a: Antonio|28\/100 brn\n|-hitcount|p1a: Antonio|5\n|move|p1a: Antonio|Flamethrower|p2a: Brambleghast\n|-supereffective|p2a: Brambleghast\n|-damage|p2a: Brambleghast|0 fnt\n|faint|p2a: Brambleghast\n|\n|-damage|p1a: Antonio|22\/100 brn|[from] brn\n|upkeep\n|\n|t:|1700124916\n|switch|p2a: Ambipom|Ambipom, M|100\/100\n|turn|12\n|\n|t:|1700124919\n|move|p2a: Ambipom|Fake Out|p1a: Antonio\n|-damage|p1a: Antonio|4\/100 brn\n|cant|p1a: Antonio|flinch\n|\n|-damage|p1a: Antonio|0 fnt|[from] brn\n|faint|p1a: Antonio\n|upkeep\n|\n|t:|1700124922\n|switch|p1a: Mine|Ditto|100\/100\n|-damage|p1a: Mine|88\/100|[from] Spikes\n|-transform|p1a: Mine|p2a: Ambipom|[from] ability: Imposter\n|turn|13\n|\n|t:|1700124928\n|-terastallize|p2a: Ambipom|Ghost\n|move|p1a: Mine|Tail Slap|p2a: Ambipom\n|-immune|p2a: Ambipom\n|move|p2a: Ambipom|Tail Slap|p1a: Mine\n|-damage|p1a: Mine|61\/100\n|-damage|p1a: Mine|37\/100\n|-damage|p1a: Mine|9\/100\n|-damage|p1a: Mine|0 fnt\n|faint|p1a: Mine\n|-hitcount|p1: Mine|4\n|\n|win|EvelynIsBased\n|raw|Aegido03's rating: 1298 &rarr; <strong>1265<\/strong><br \/>(-33 for losing)\n|raw|EvelynIsBased's rating: 1185 &rarr; <strong>1218<\/strong><br \/>(+33 for winning)\n|l|\u2606Aegido03\n","uploadtime":1700124938,"views":4,"p1id":"aegido03","p2id":"evelynisbased","formatid":"gen9nationaldex","rating":1218,"private":0,"password":""}