{"id":"gen9nationaldex-1994219362","p1":"stroung tiger","p2":"hibidi bibidi","format":"[Gen 9] National Dex","log":"|j|\u2606stroung tiger\n|j|\u2606hibidi bibidi\n|t:|1700420229\n|gametype|singles\n|player|p1|stroung tiger|hilda-wonderlauncher|1396\n|player|p2|hibidi bibidi|heroine2-conquest|1463\n|teamsize|p1|6\n|teamsize|p2|6\n|gen|9\n|tier|[Gen 9] National Dex\n|rated|\n|rule|HP Percentage Mod: HP is shown in percentages\n|rule|Endless Battle Clause: Forcing endless battles is banned\n|rule|OHKO Clause: OHKO moves are banned\n|rule|Evasion Clause: Evasion abilities, items, and moves are banned\n|rule|Evasion Abilities Clause: Evasion abilities are banned\n|rule|Evasion Items Clause: Evasion items are banned\n|rule|Evasion Moves Clause: Evasion moves are banned\n|rule|Species Clause: Limit one of each Pok\u00e9mon\n|rule|Sleep Clause Mod: Limit one foe put to sleep\n|clearpoke\n|poke|p1|Beedrill, F|\n|poke|p1|Ribombee, F|\n|poke|p1|Tapu Lele|\n|poke|p1|Alomomola, F|\n|poke|p1|Zapdos|\n|poke|p1|Cyclizar, M|\n|poke|p2|Beedrill, M|\n|poke|p2|Rotom-Wash|\n|poke|p2|Gliscor, M|\n|poke|p2|Skeledirge, F|\n|poke|p2|Tyranitar, F|\n|poke|p2|Ogerpon-Wellspring, F|\n|teampreview\n|inactive|Battle timer is ON: inactive players will automatically lose when time's up. (requested by stroung tiger)\n|\n|t:|1700420246\n|start\n|switch|p1a: Ribombee|Ribombee, F|100\/100\n|switch|p2a: Beedrill|Beedrill, M, shiny|100\/100\n|turn|1\n|\n|t:|1700420255\n|detailschange|p2a: Beedrill|Beedrill-Mega, M, shiny\n|-mega|p2a: Beedrill|Beedrill|Beedrillite\n|move|p2a: Beedrill|Poison Jab|p1a: Ribombee\n|-supereffective|p1a: Ribombee\n|-enditem|p1a: Ribombee|Focus Sash\n|-damage|p1a: Ribombee|1\/100\n|move|p1a: Ribombee|Stun Spore|p2a: Beedrill\n|-status|p2a: Beedrill|par\n|\n|upkeep\n|turn|2\n|\n|t:|1700420266\n|move|p1a: Ribombee|Sticky Web|p2a: Beedrill\n|-sidestart|p2: hibidi bibidi|move: Sticky Web\n|cant|p2a: Beedrill|par\n|\n|upkeep\n|turn|3\n|\n|t:|1700420276\n|switch|p1a: Zapdos|Zapdos|100\/100\n|move|p2a: Beedrill|U-turn|p1a: Zapdos\n|-resisted|p1a: Zapdos\n|-damage|p1a: Zapdos|81\/100\n|-damage|p2a: Beedrill|84\/100 par|[from] item: Rocky Helmet|[of] p1a: Zapdos\n|\n|t:|1700420286\n|switch|p2a: Gliscor|Gliscor, M|100\/100|[from] U-turn\n|\n|-status|p2a: Gliscor|tox|[from] item: Toxic Orb\n|upkeep\n|turn|4\n|\n|t:|1700420291\n|switch|p1a: Ribombee|Ribombee, F|1\/100\n|move|p2a: Gliscor|Defog|p1a: Ribombee\n|-unboost|p1a: Ribombee|evasion|1\n|-sideend|p2: hibidi bibidi|Sticky Web|[from] move: Defog|[of] p2a: Gliscor\n|\n|upkeep\n|turn|5\n|\n|t:|1700420305\n|move|p1a: Ribombee|Sticky Web|p2a: Gliscor\n|-sidestart|p2: hibidi bibidi|move: Sticky Web\n|move|p2a: Gliscor|Earthquake|p1a: Ribombee\n|-resisted|p1a: Ribombee\n|-damage|p1a: Ribombee|0 fnt\n|faint|p1a: Ribombee\n|\n|upkeep\n|\n|t:|1700420313\n|switch|p1a: Tapu Lele|Tapu Lele|100\/100\n|-fieldstart|move: Psychic Terrain|[from] ability: Psychic Surge|[of] p1a: Tapu Lele\n|turn|6\n|\n|t:|1700420317\n|switch|p2a: Tyranitar|Tyranitar, F, shiny|100\/100\n|-activate|p2a: Tyranitar|move: Sticky Web\n|-unboost|p2a: Tyranitar|spe|1\n|-weather|Sandstorm|[from] ability: Sand Stream|[of] p2a: Tyranitar\n|move|p1a: Tapu Lele|Moonblast|p2a: Tyranitar\n|-supereffective|p2a: Tyranitar\n|-damage|p2a: Tyranitar|51\/100\n|-unboost|p2a: Tyranitar|spa|1\n|\n|-weather|Sandstorm|[upkeep]\n|-damage|p1a: Tapu Lele|94\/100|[from] Sandstorm\n|upkeep\n|turn|7\n|\n|t:|1700420333\n|switch|p1a: Alomomola|Alomomola, F|100\/100\n|move|p2a: Tyranitar|Knock Off|p1a: Alomomola\n|-damage|p1a: Alomomola|63\/100\n|-enditem|p1a: Alomomola|Leftovers|[from] move: Knock Off|[of] p2a: Tyranitar\n|\n|-weather|Sandstorm|[upkeep]\n|-damage|p1a: Alomomola|57\/100|[from] Sandstorm\n|upkeep\n|turn|8\n|\n|t:|1700420348\n|switch|p2a: Rotom|Rotom-Wash, shiny|100\/100\n|move|p1a: Alomomola|Flip Turn|p2a: Rotom\n|-resisted|p2a: Rotom\n|-damage|p2a: Rotom|94\/100\n|\n|t:|1700420359\n|switch|p1a: Beedrill|Beedrill, F|100\/100|[from] Flip Turn\n|\n|-weather|Sandstorm|[upkeep]\n|-damage|p1a: Beedrill|94\/100|[from] Sandstorm\n|-damage|p2a: Rotom|88\/100|[from] Sandstorm\n|-heal|p2a: Rotom|94\/100|[from] item: Leftovers\n|upkeep\n|turn|9\n|\n|t:|1700420371\n|detailschange|p1a: Beedrill|Beedrill-Mega, F\n|-mega|p1a: Beedrill|Beedrill|Beedrillite\n|move|p1a: Beedrill|U-turn|p2a: Rotom\n|-damage|p2a: Rotom|49\/100\n|\n|t:|1700420377\n|switch|p1a: Cyclizar|Cyclizar, M|100\/100|[from] U-turn\n|move|p2a: Rotom|Volt Switch|p1a: Cyclizar\n|-resisted|p1a: Cyclizar\n|-damage|p1a: Cyclizar|87\/100\n|\n|t:|1700420388\n|switch|p2a: Gliscor|Gliscor, M|100\/100 tox|[from] Volt Switch\n|\n|-weather|Sandstorm|[upkeep]\n|-damage|p1a: Cyclizar|80\/100|[from] Sandstorm\n|upkeep\n|turn|10\n|\n|t:|1700420395\n|move|p1a: Cyclizar|Taunt|p2a: Gliscor\n|-start|p2a: Gliscor|move: Taunt\n|cant|p2a: Gliscor|move: Taunt|Toxic\n|\n|-weather|none\n|-fieldend|move: Psychic Terrain\n|upkeep\n|turn|11\n|\n|t:|1700420404\n|switch|p2a: Skeledirge|Skeledirge, F|100\/100\n|move|p1a: Cyclizar|U-turn|p2a: Skeledirge\n|-resisted|p2a: Skeledirge\n|-damage|p2a: Skeledirge|98\/100\n|\n|t:|1700420421\n|switch|p1a: Beedrill|Beedrill-Mega, F|94\/100|[from] U-turn\n|\n|upkeep\n|turn|12\n|\n|t:|1700420430\n|move|p1a: Beedrill|U-turn|p2a: Skeledirge\n|-resisted|p2a: Skeledirge\n|-damage|p2a: Skeledirge|90\/100\n|\n|t:|1700420434\n|switch|p1a: Alomomola|Alomomola, F|90\/100|[from] U-turn\n|move|p2a: Skeledirge|Will-O-Wisp|p1a: Alomomola\n|-status|p1a: Alomomola|brn\n|\n|-damage|p1a: Alomomola|84\/100 brn|[from] brn\n|upkeep\n|turn|13\n|\n|t:|1700420444\n|switch|p2a: Ogerpon|Ogerpon-Wellspring, F|100\/100\n|-activate|p2a: Ogerpon|move: Sticky Web\n|-unboost|p2a: Ogerpon|spe|1\n|move|p1a: Alomomola|Toxic|p2a: Ogerpon\n|-status|p2a: Ogerpon|tox\n|\n|-damage|p2a: Ogerpon|95\/100 tox|[from] psn\n|-damage|p1a: Alomomola|78\/100 brn|[from] brn\n|upkeep\n|turn|14\n|\n|t:|1700420456\n|switch|p1a: Zapdos|Zapdos|81\/100\n|move|p2a: Ogerpon|Ivy Cudgel|p1a: Zapdos|[anim] Ivy Cudgel Water\n|-damage|p1a: Zapdos|39\/100\n|\n|-damage|p2a: Ogerpon|83\/100 tox|[from] psn\n|upkeep\n|turn|15\n|\n|t:|1700420470\n|switch|p2a: Gliscor|Gliscor, M|100\/100 tox\n|move|p1a: Zapdos|Roost|p1a: Zapdos\n|-heal|p1a: Zapdos|89\/100\n|-singleturn|p1a: Zapdos|move: Roost\n|\n|upkeep\n|turn|16\n|\n|t:|1700420484\n|switch|p1a: Tapu Lele|Tapu Lele|94\/100\n|-fieldstart|move: Psychic Terrain|[from] ability: Psychic Surge|[of] p1a: Tapu Lele\n|move|p2a: Gliscor|Toxic|p1a: Tapu Lele\n|-status|p1a: Tapu Lele|tox\n|\n|-damage|p1a: Tapu Lele|88\/100 tox|[from] psn\n|upkeep\n|turn|17\n|\n|t:|1700420494\n|move|p1a: Tapu Lele|Moonblast|p2a: Gliscor\n|-damage|p2a: Gliscor|36\/100 tox\n|move|p2a: Gliscor|Defog|p1a: Tapu Lele\n|-unboost|p1a: Tapu Lele|evasion|1\n|-sideend|p2: hibidi bibidi|Sticky Web|[from] move: Defog|[of] p2a: Gliscor\n|-fieldend|move: Psychic Terrain\n|\n|-damage|p1a: Tapu Lele|76\/100 tox|[from] psn\n|-heal|p2a: Gliscor|49\/100 tox|[from] ability: Poison Heal\n|upkeep\n|turn|18\n|\n|t:|1700420504\n|switch|p2a: Skeledirge|Skeledirge, F|90\/100\n|move|p1a: Tapu Lele|Moonblast|p2a: Skeledirge\n|-resisted|p2a: Skeledirge\n|-damage|p2a: Skeledirge|46\/100\n|\n|-damage|p1a: Tapu Lele|58\/100 tox|[from] psn\n|upkeep\n|turn|19\n|\n|t:|1700420515\n|switch|p1a: Alomomola|Alomomola, F|100\/100 brn\n|move|p2a: Skeledirge|Slack Off|p2a: Skeledirge\n|-heal|p2a: Skeledirge|96\/100\n|\n|-damage|p1a: Alomomola|94\/100 brn|[from] brn\n|upkeep\n|turn|20\n|\n|t:|1700420524\n|move|p2a: Skeledirge|Hex|p1a: Alomomola\n|-damage|p1a: Alomomola|56\/100 brn\n|move|p1a: Alomomola|Wish|p1a: Alomomola\n|\n|-damage|p1a: Alomomola|50\/100 brn|[from] brn\n|upkeep\n|turn|21\n|\n|t:|1700420534\n|switch|p2a: Ogerpon|Ogerpon-Wellspring, F|83\/100 tox\n|move|p1a: Alomomola|Flip Turn|p2a: Ogerpon\n|-heal|p2a: Ogerpon|100\/100 tox|[from] ability: Water Absorb|[of] p1a: Alomomola\n|\n|-heal|p1a: Alomomola|99\/100 brn|[from] move: Wish|[wisher] Alomomola\n|-damage|p2a: Ogerpon|95\/100 tox|[from] psn\n|-damage|p1a: Alomomola|94\/100 brn|[from] brn\n|upkeep\n|turn|22\n|\n|t:|1700420547\n|switch|p1a: Zapdos|Zapdos|89\/100\n|move|p2a: Ogerpon|Spikes|p1a: Zapdos\n|-sidestart|p1: stroung tiger|Spikes\n|\n|-damage|p2a: Ogerpon|83\/100 tox|[from] psn\n|upkeep\n|turn|23\n|\n|t:|1700420558\n|switch|p2a: Gliscor|Gliscor, M|49\/100 tox\n|move|p1a: Zapdos|Hurricane|p2a: Gliscor\n|-damage|p2a: Gliscor|10\/100 tox\n|-start|p2a: Gliscor|confusion\n|\n|-heal|p2a: Gliscor|23\/100 tox|[from] ability: Poison Heal\n|upkeep\n|turn|24\n|\n|t:|1700420572\n|switch|p2a: Beedrill|Beedrill-Mega, M, shiny|84\/100 par\n|move|p1a: Zapdos|Hurricane|p2a: Beedrill\n|-supereffective|p2a: Beedrill\n|-damage|p2a: Beedrill|0 fnt\n|faint|p2a: Beedrill\n|\n|upkeep\n|\n|t:|1700420581\n|switch|p2a: Tyranitar|Tyranitar, F, shiny|51\/100\n|-weather|Sandstorm|[from] ability: Sand Stream|[of] p2a: Tyranitar\n|turn|25\n|\n|t:|1700420593\n|move|p1a: Zapdos|Volt Switch|p2a: Tyranitar\n|-damage|p2a: Tyranitar|43\/100\n|\n|t:|1700420596\n|switch|p1a: Cyclizar|Cyclizar, M|100\/100|[from] Volt Switch\n|-damage|p1a: Cyclizar|88\/100|[from] Spikes\n|move|p2a: Tyranitar|Stone Edge|p1a: Cyclizar\n|-damage|p1a: Cyclizar|39\/100\n|\n|-weather|Sandstorm|[upkeep]\n|-damage|p1a: Cyclizar|33\/100|[from] Sandstorm\n|upkeep\n|turn|26\n|\n|t:|1700420611\n|move|p1a: Cyclizar|U-turn|p2a: Tyranitar\n|-supereffective|p2a: Tyranitar\n|-damage|p2a: Tyranitar|17\/100\n|-activate|p1a: Cyclizar|move: Pursuit\n|move|p2a: Tyranitar|Pursuit|p1a: Cyclizar|[from]Pursuit\n|-damage|p1a: Cyclizar|0 fnt\n|faint|p1a: Cyclizar\n|\n|-weather|Sandstorm|[upkeep]\n|upkeep\n|\n|t:|1700420622\n|switch|p1a: Beedrill|Beedrill-Mega, F|94\/100\n|-damage|p1a: Beedrill|82\/100|[from] Spikes\n|turn|27\n|\n|t:|1700420628\n|move|p1a: Beedrill|Fell Stinger|p2a: Tyranitar\n|-supereffective|p2a: Tyranitar\n|-damage|p2a: Tyranitar|0 fnt\n|faint|p2a: Tyranitar\n|-boost|p1a: Beedrill|atk|3\n|\n|-weather|Sandstorm|[upkeep]\n|-damage|p1a: Beedrill|75\/100|[from] Sandstorm\n|upkeep\n|\n|t:|1700420631\n|switch|p2a: Skeledirge|Skeledirge, F|96\/100\n|turn|28\n|\n|t:|1700420642\n|move|p1a: Beedrill|U-turn|p2a: Skeledirge\n|-resisted|p2a: Skeledirge\n|-damage|p2a: Skeledirge|89\/100\n|\n|t:|1700420653\n|switch|p1a: Alomomola|Alomomola, F|100\/100 brn|[from] U-turn\n|-damage|p1a: Alomomola|88\/100 brn|[from] Spikes\n|move|p2a: Skeledirge|Torch Song|p1a: Alomomola\n|-resisted|p1a: Alomomola\n|-damage|p1a: Alomomola|77\/100 brn\n|-boost|p2a: Skeledirge|spa|1\n|\n|-weather|Sandstorm|[upkeep]\n|-damage|p2a: Skeledirge|83\/100|[from] Sandstorm\n|-damage|p1a: Alomomola|71\/100 brn|[from] Sandstorm\n|-damage|p1a: Alomomola|64\/100 brn|[from] brn\n|upkeep\n|turn|29\n|\n|t:|1700420667\n|move|p2a: Skeledirge|Hex|p1a: Alomomola\n|-damage|p1a: Alomomola|11\/100 brn\n|move|p1a: Alomomola|Wish|p1a: Alomomola\n|\n|-weather|none\n|-damage|p1a: Alomomola|5\/100 brn|[from] brn\n|upkeep\n|turn|30\n|\n|t:|1700420685\n|switch|p1a: Tapu Lele|Tapu Lele|58\/100 tox\n|-damage|p1a: Tapu Lele|46\/100 tox|[from] Spikes\n|-fieldstart|move: Psychic Terrain|[from] ability: Psychic Surge|[of] p1a: Tapu Lele\n|move|p2a: Skeledirge|Torch Song|p1a: Tapu Lele\n|-damage|p1a: Tapu Lele|0 fnt\n|-boost|p2a: Skeledirge|spa|1\n|faint|p1a: Tapu Lele\n|\n|upkeep\n|-message|stroung tiger forfeited.\n|\n|win|hibidi bibidi\n|raw|stroung tiger's rating: 1396 &rarr; <strong>1380<\/strong><br \/>(-16 for losing)\n|raw|hibidi bibidi's rating: 1463 &rarr; <strong>1479<\/strong><br \/>(+16 for winning)\n|l|\u2606stroung tiger\n|l|\u2606hibidi bibidi\n|j|\u2606hibidi bibidi\n|player|p2|hibidi bibidi|heroine2-conquest\n","uploadtime":1700420724,"views":5,"p1id":"stroungtiger","p2id":"hibidibibidi","formatid":"gen9nationaldex","rating":1380,"private":0,"password":""}