{"id":"gen9nationaldex-1987242609","p1":"xElPalex","p2":"p4b10_mn","format":"[Gen 9] National Dex","log":"|j|\u2606xElPalex\n|j|\u2606p4b10_mn\n|t:|1699568692\n|gametype|singles\n|player|p1|xElPalex|cynthia-gen4|1093\n|player|p2|p4b10_mn|unknown|1182\n|teamsize|p1|6\n|teamsize|p2|6\n|gen|9\n|tier|[Gen 9] National Dex\n|rated|\n|rule|HP Percentage Mod: HP is shown in percentages\n|rule|Endless Battle Clause: Forcing endless battles is banned\n|rule|OHKO Clause: OHKO moves are banned\n|rule|Evasion Clause: Evasion abilities, items, and moves are banned\n|rule|Evasion Abilities Clause: Evasion abilities are banned\n|rule|Evasion Items Clause: Evasion items are banned\n|rule|Evasion Moves Clause: Evasion moves are banned\n|rule|Species Clause: Limit one of each Pok\u00e9mon\n|rule|Sleep Clause Mod: Limit one foe put to sleep\n|clearpoke\n|poke|p1|Tyranitar, F|\n|poke|p1|Iron Moth|\n|poke|p1|Iron Leaves|\n|poke|p1|Blaziken, F|\n|poke|p1|Pikachu-Original, M|\n|poke|p1|Ogerpon-Wellspring, F|\n|poke|p2|Gliscor, M|\n|poke|p2|Rillaboom, F|\n|poke|p2|Iron Moth|\n|poke|p2|Eelektross, F|\n|poke|p2|Mimikyu, F|\n|poke|p2|Swampert, F|\n|teampreview\n|\n|t:|1699568709\n|start\n|switch|p1a: Blaziken|Blaziken, F|100\/100\n|switch|p2a: Eelektross|Eelektross, F, shiny|100\/100\n|turn|1\n|\n|t:|1699568717\n|move|p1a: Blaziken|Blaze Kick|p2a: Eelektross\n|-damage|p2a: Eelektross|36\/100\n|move|p2a: Eelektross|Thunderbolt|p1a: Blaziken\n|-damage|p1a: Blaziken|31\/100\n|\n|-heal|p1a: Blaziken|37\/100|[from] item: Leftovers\n|-ability|p1a: Blaziken|Speed Boost|boost\n|-boost|p1a: Blaziken|spe|1\n|upkeep\n|turn|2\n|\n|t:|1699568736\n|switch|p2a: Gliscor|Gliscor, M|100\/100\n|move|p1a: Blaziken|Power-Up Punch|p2a: Gliscor\n|-resisted|p2a: Gliscor\n|-damage|p2a: Gliscor|92\/100\n|-boost|p1a: Blaziken|atk|1\n|\n|-heal|p1a: Blaziken|43\/100|[from] item: Leftovers\n|-ability|p1a: Blaziken|Speed Boost|boost\n|-boost|p1a: Blaziken|spe|1\n|-status|p2a: Gliscor|tox|[from] item: Toxic Orb\n|upkeep\n|turn|3\n|\n|t:|1699568752\n|switch|p1a: Ogerpon|Ogerpon-Wellspring, F|100\/100\n|move|p2a: Gliscor|Earthquake|p1a: Ogerpon\n|-resisted|p1a: Ogerpon\n|-damage|p1a: Ogerpon|78\/100\n|\n|-heal|p2a: Gliscor|100\/100 tox|[from] ability: Poison Heal\n|upkeep\n|turn|4\n|\n|t:|1699568763\n|switch|p2a: Iron Moth|Iron Moth, shiny|100\/100\n|-enditem|p2a: Iron Moth|Booster Energy\n|-activate|p2a: Iron Moth|ability: Quark Drive|[fromitem]\n|-start|p2a: Iron Moth|quarkdrivespe\n|move|p1a: Ogerpon|Ivy Cudgel|p2a: Iron Moth\n|-supereffective|p2a: Iron Moth\n|-damage|p2a: Iron Moth|0 fnt\n|faint|p2a: Iron Moth\n|-end|p2a: Iron Moth|Quark Drive|[silent]\n|\n|upkeep\n|\n|t:|1699568772\n|switch|p2a: Rillaboom|Rillaboom, F|100\/100\n|-fieldstart|move: Grassy Terrain|[from] ability: Grassy Surge|[of] p2a: Rillaboom\n|turn|5\n|\n|t:|1699568779\n|move|p1a: Ogerpon|Play Rough|p2a: Rillaboom\n|-damage|p2a: Rillaboom|60\/100\n|move|p2a: Rillaboom|Superpower|p1a: Ogerpon\n|-damage|p1a: Ogerpon|0 fnt\n|-unboost|p2a: Rillaboom|atk|1\n|-unboost|p2a: Rillaboom|def|1\n|faint|p1a: Ogerpon\n|-damage|p2a: Rillaboom|50\/100|[from] item: Life Orb\n|\n|-heal|p2a: Rillaboom|56\/100|[from] Grassy Terrain\n|upkeep\n|\n|t:|1699568794\n|switch|p1a: Iron Moth|Iron Moth|100\/100\n|turn|6\n|\n|t:|1699568809\n|switch|p2a: Swampert|Swampert, F, shiny|100\/100\n|move|p1a: Iron Moth|Fiery Dance|p2a: Swampert\n|-resisted|p2a: Swampert\n|-damage|p2a: Swampert|78\/100\n|\n|-heal|p2a: Swampert|84\/100|[from] Grassy Terrain\n|upkeep\n|turn|7\n|\n|t:|1699568827\n|-end|p1a: Iron Moth|Quark Drive|[silent]\n|switch|p1a: Iron Leaves|Iron Leaves|100\/100\n|detailschange|p2a: Swampert|Swampert-Mega, F, shiny\n|-mega|p2a: Swampert|Swampert|Swampertite\n|move|p2a: Swampert|Waterfall|p1a: Iron Leaves\n|-resisted|p1a: Iron Leaves\n|-damage|p1a: Iron Leaves|70\/100\n|\n|-heal|p1a: Iron Leaves|76\/100|[from] Grassy Terrain\n|-heal|p1a: Iron Leaves|82\/100|[from] item: Leftovers\n|-heal|p2a: Swampert|90\/100|[from] Grassy Terrain\n|upkeep\n|turn|8\n|\n|t:|1699568844\n|move|p1a: Iron Leaves|Leaf Blade|p2a: Swampert\n|-supereffective|p2a: Swampert\n|-damage|p2a: Swampert|0 fnt\n|faint|p2a: Swampert\n|\n|-heal|p1a: Iron Leaves|89\/100|[from] Grassy Terrain\n|-heal|p1a: Iron Leaves|95\/100|[from] item: Leftovers\n|upkeep\n|\n|t:|1699568856\n|switch|p2a: Mimikyu|Mimikyu, F, shiny|100\/100\n|turn|9\n|\n|t:|1699568863\n|move|p1a: Iron Leaves|Leaf Blade|p2a: Mimikyu\n|-activate|p2a: Mimikyu|ability: Disguise\n|-damage|p2a: Mimikyu|100\/100\n|detailschange|p2a: Mimikyu|Mimikyu-Busted, F, shiny\n|-damage|p2a: Mimikyu|88\/100|[from] pokemon: Mimikyu-Busted\n|-zpower|p2a: Mimikyu\n|move|p2a: Mimikyu|Let's Snuggle Forever|p1a: Iron Leaves|[zeffect]\n|-damage|p1a: Iron Leaves|0 fnt\n|faint|p1a: Iron Leaves\n|-end|p1a: Iron Leaves|Quark Drive|[silent]\n|\n|-heal|p2a: Mimikyu|94\/100|[from] Grassy Terrain\n|-fieldend|move: Grassy Terrain\n|upkeep\n|c|\u2606p4b10_mn|bro?\n|\n|t:|1699568928\n|switch|p1a: Iron Moth|Iron Moth|100\/100\n|turn|10\n|inactive|Battle timer is ON: inactive players will automatically lose when time's up. (requested by p4b10_mn)\n|inactiveoff|Battle timer is now OFF.\n|\n|t:|1699568950\n|switch|p2a: Gliscor|Gliscor, M|100\/100 tox\n|-terastallize|p1a: Iron Moth|Fire\n|move|p1a: Iron Moth|Dazzling Gleam|p2a: Gliscor\n|-damage|p2a: Gliscor|75\/100 tox\n|\n|-heal|p2a: Gliscor|88\/100 tox|[from] ability: Poison Heal\n|upkeep\n|turn|11\n|\n|t:|1699568979\n|-end|p1a: Iron Moth|Quark Drive|[silent]\n|switch|p1a: Blaziken|Blaziken, F|43\/100\n|-terastallize|p2a: Gliscor|Rock\n|move|p2a: Gliscor|Earthquake|p1a: Blaziken\n|-supereffective|p1a: Blaziken\n|-damage|p1a: Blaziken|0 fnt\n|faint|p1a: Blaziken\n|\n|-heal|p2a: Gliscor|99\/100 tox|[from] ability: Poison Heal\n|upkeep\n|\n|t:|1699569004\n|switch|p1a: Tyranitar|Tyranitar, F|100\/100\n|-weather|Sandstorm|[from] ability: Sand Stream|[of] p1a: Tyranitar\n|turn|12\n|\n|t:|1699569033\n|switch|p2a: Eelektross|Eelektross, F, shiny|36\/100\n|detailschange|p1a: Tyranitar|Tyranitar-Mega, F\n|-mega|p1a: Tyranitar|Tyranitar|Tyranitarite\n|move|p1a: Tyranitar|Ice Punch|p2a: Eelektross\n|-damage|p2a: Eelektross|0 fnt\n|faint|p2a: Eelektross\n|\n|-weather|Sandstorm|[upkeep]\n|upkeep\n|\n|t:|1699569043\n|switch|p2a: Rillaboom|Rillaboom, F|56\/100\n|-fieldstart|move: Grassy Terrain|[from] ability: Grassy Surge|[of] p2a: Rillaboom\n|turn|13\n|\n|t:|1699569057\n|move|p2a: Rillaboom|Grassy Glide|p1a: Tyranitar\n|-supereffective|p1a: Tyranitar\n|-damage|p1a: Tyranitar|36\/100\n|-damage|p2a: Rillaboom|46\/100|[from] item: Life Orb\n|move|p1a: Tyranitar|Ice Punch|p2a: Rillaboom\n|-supereffective|p2a: Rillaboom\n|-damage|p2a: Rillaboom|0 fnt\n|faint|p2a: Rillaboom\n|\n|-weather|Sandstorm|[upkeep]\n|-heal|p1a: Tyranitar|42\/100|[from] Grassy Terrain\n|upkeep\n|\n|t:|1699569070\n|switch|p2a: Mimikyu|Mimikyu-Busted, F, shiny|94\/100\n|turn|14\n|\n|t:|1699569084\n|move|p2a: Mimikyu|Shadow Claw|p1a: Tyranitar\n|-resisted|p1a: Tyranitar\n|-damage|p1a: Tyranitar|32\/100\n|move|p1a: Tyranitar|Ice Punch|p2a: Mimikyu\n|-damage|p2a: Mimikyu|38\/100\n|\n|-weather|Sandstorm|[upkeep]\n|-damage|p2a: Mimikyu|32\/100|[from] Sandstorm\n|-heal|p2a: Mimikyu|38\/100|[from] Grassy Terrain\n|-heal|p1a: Tyranitar|39\/100|[from] Grassy Terrain\n|upkeep\n|turn|15\n|\n|t:|1699569098\n|move|p2a: Mimikyu|Shadow Sneak|p1a: Tyranitar\n|-resisted|p1a: Tyranitar\n|-damage|p1a: Tyranitar|33\/100\n|move|p1a: Tyranitar|Ice Punch|p2a: Mimikyu\n|-damage|p2a: Mimikyu|0 fnt\n|faint|p2a: Mimikyu\n|\n|-weather|Sandstorm|[upkeep]\n|-heal|p1a: Tyranitar|40\/100|[from] Grassy Terrain\n|upkeep\n|\n|t:|1699569106\n|switch|p2a: Gliscor|Gliscor, M, tera:Rock|99\/100 tox\n|turn|16\n|\n|t:|1699569112\n|move|p2a: Gliscor|Earthquake|p1a: Tyranitar\n|-supereffective|p1a: Tyranitar\n|-damage|p1a: Tyranitar|16\/100\n|move|p1a: Tyranitar|Rock Blast|p2a: Gliscor\n|-damage|p2a: Gliscor|85\/100 tox\n|-damage|p2a: Gliscor|72\/100 tox\n|-hitcount|p2a: Gliscor|2\n|\n|-weather|none\n|-heal|p2a: Gliscor|78\/100 tox|[from] Grassy Terrain\n|-heal|p1a: Tyranitar|22\/100|[from] Grassy Terrain\n|-heal|p2a: Gliscor|90\/100 tox|[from] ability: Poison Heal\n|upkeep\n|turn|17\n|\n|t:|1699569135\n|switch|p1a: Iron Moth|Iron Moth, tera:Fire|100\/100\n|move|p2a: Gliscor|Earthquake|p1a: Iron Moth\n|-supereffective|p1a: Iron Moth\n|-damage|p1a: Iron Moth|37\/100\n|\n|-heal|p1a: Iron Moth|43\/100|[from] Grassy Terrain\n|-heal|p1a: Iron Moth|49\/100|[from] item: Leftovers\n|-heal|p2a: Gliscor|97\/100 tox|[from] Grassy Terrain\n|-heal|p2a: Gliscor|100\/100 tox|[from] ability: Poison Heal\n|-fieldend|move: Grassy Terrain\n|upkeep\n|turn|18\n|\n|t:|1699569149\n|move|p1a: Iron Moth|Lunge|p2a: Gliscor\n|-damage|p2a: Gliscor|89\/100 tox\n|-unboost|p2a: Gliscor|atk|1\n|move|p2a: Gliscor|Earthquake|p1a: Iron Moth\n|-supereffective|p1a: Iron Moth\n|-damage|p1a: Iron Moth|0 fnt\n|faint|p1a: Iron Moth\n|-end|p1a: Iron Moth|Quark Drive|[silent]\n|\n|-heal|p2a: Gliscor|100\/100 tox|[from] ability: Poison Heal\n|upkeep\n|\n|t:|1699569169\n|switch|p1a: Pikachu|Pikachu-Original, M|100\/100\n|turn|19\n|\n|t:|1699569174\n|move|p1a: Pikachu|Fake Out|p2a: Gliscor\n|-resisted|p2a: Gliscor\n|-damage|p2a: Gliscor|95\/100 tox\n|cant|p2a: Gliscor|flinch\n|\n|-heal|p2a: Gliscor|100\/100 tox|[from] ability: Poison Heal\n|upkeep\n|turn|20\n|\n|t:|1699569187\n|move|p1a: Pikachu|Volt Tackle|p2a: Gliscor\n|-damage|p2a: Gliscor|43\/100 tox\n|-damage|p1a: Pikachu|69\/100|[from] Recoil\n|move|p2a: Gliscor|Earthquake|p1a: Pikachu\n|-supereffective|p1a: Pikachu\n|-damage|p1a: Pikachu|0 fnt\n|faint|p1a: Pikachu\n|\n|-heal|p2a: Gliscor|56\/100 tox|[from] ability: Poison Heal\n|upkeep\n|\n|t:|1699569198\n|switch|p1a: Tyranitar|Tyranitar-Mega, F|22\/100\n|-weather|Sandstorm|[from] ability: Sand Stream|[of] p1a: Tyranitar\n|turn|21\n|\n|t:|1699569202\n|move|p2a: Gliscor|Earthquake|p1a: Tyranitar\n|-supereffective|p1a: Tyranitar\n|-damage|p1a: Tyranitar|0 fnt\n|faint|p1a: Tyranitar\n|\n|win|p4b10_mn\n|raw|xElPalex's rating: 1093 &rarr; <strong>1075<\/strong><br \/>(-18 for losing)\n|raw|p4b10_mn's rating: 1182 &rarr; <strong>1201<\/strong><br \/>(+19 for winning)\n|l|\u2606xElPalex\n|c|\u2606p4b10_mn|gliscor my hero\n","uploadtime":1699569220,"views":7,"p1id":"xelpalex","p2id":"p4b10mn","formatid":"gen9nationaldex","rating":1075,"private":0,"password":""}