{"id":"gen9nationaldex-1990117917","p1":"4G3NC Babe","p2":"mtyqjltz4","format":"[Gen 9] National Dex","log":"|j|\u26064G3NC Babe\n|j|\u2606mtyqjltz4\n|t:|1699926455\n|gametype|singles\n|player|p1|4G3NC Babe|beauty-masters|1478\n|player|p2|mtyqjltz4|elesa|1461\n|teamsize|p1|6\n|teamsize|p2|6\n|gen|9\n|tier|[Gen 9] National Dex\n|rated|\n|rule|HP Percentage Mod: HP is shown in percentages\n|rule|Endless Battle Clause: Forcing endless battles is banned\n|rule|OHKO Clause: OHKO moves are banned\n|rule|Evasion Clause: Evasion abilities, items, and moves are banned\n|rule|Evasion Abilities Clause: Evasion abilities are banned\n|rule|Evasion Items Clause: Evasion items are banned\n|rule|Evasion Moves Clause: Evasion moves are banned\n|rule|Species Clause: Limit one of each Pok\u00e9mon\n|rule|Sleep Clause Mod: Limit one foe put to sleep\n|clearpoke\n|poke|p1|Pelipper, F|\n|poke|p1|Swampert, F|\n|poke|p1|Barraskewda, F|\n|poke|p1|Crawdaunt, F|\n|poke|p1|Zapdos|\n|poke|p1|Ferrothorn, F|\n|poke|p2|Beedrill, M|\n|poke|p2|Chansey, F|\n|poke|p2|Garchomp, M|\n|poke|p2|Urshifu-*, M|\n|poke|p2|Zapdos|\n|poke|p2|Tapu Lele|\n|teampreview\n|inactive|Battle timer is ON: inactive players will automatically lose when time's up. (requested by mtyqjltz4)\n|\n|t:|1699926479\n|start\n|switch|p1a: Pelipper|Pelipper, F|100\/100\n|switch|p2a: Zapdos|Zapdos|100\/100\n|-weather|RainDance|[from] ability: Drizzle|[of] p1a: Pelipper\n|turn|1\n|\n|t:|1699926484\n|switch|p1a: Ferrothorn|Ferrothorn, F|100\/100\n|move|p2a: Zapdos|Hurricane|p1a: Ferrothorn\n|-damage|p1a: Ferrothorn|70\/100\n|-start|p1a: Ferrothorn|confusion\n|\n|-weather|RainDance|[upkeep]\n|-heal|p1a: Ferrothorn|76\/100|[from] item: Leftovers\n|upkeep\n|turn|2\n|\n|t:|1699926492\n|move|p2a: Zapdos|Volt Switch|p1a: Ferrothorn\n|-resisted|p1a: Ferrothorn\n|-damage|p1a: Ferrothorn|67\/100\n|\n|t:|1699926497\n|switch|p2a: Urshifu|Urshifu-Rapid-Strike, M|100\/100|[from] Volt Switch\n|-activate|p1a: Ferrothorn|confusion\n|move|p1a: Ferrothorn|Spikes|p2a: Urshifu\n|-sidestart|p2: mtyqjltz4|Spikes\n|\n|-weather|RainDance|[upkeep]\n|-heal|p1a: Ferrothorn|73\/100|[from] item: Leftovers\n|upkeep\n|turn|3\n|\n|t:|1699926515\n|switch|p1a: Pelipper|Pelipper, F|100\/100\n|move|p2a: Urshifu|Trailblaze|p1a: Pelipper\n|-damage|p1a: Pelipper|88\/100\n|-boost|p2a: Urshifu|spe|1\n|\n|-weather|RainDance|[upkeep]\n|upkeep\n|turn|4\n|inactive|mtyqjltz4 has 120 seconds left.\n|\n|t:|1699926541\n|switch|p2a: Chansey|Chansey, F|100\/100\n|-damage|p2a: Chansey|88\/100|[from] Spikes\n|move|p1a: Pelipper|U-turn|p2a: Chansey\n|-damage|p2a: Chansey|83\/100\n|\n|t:|1699926552\n|switch|p1a: Barraskewda|Barraskewda, F|100\/100|[from] U-turn\n|\n|-weather|RainDance|[upkeep]\n|upkeep\n|turn|5\n|\n|t:|1699926564\n|switch|p2a: Zapdos|Zapdos|100\/100\n|-terastallize|p1a: Barraskewda|Water\n|move|p1a: Barraskewda|Liquidation|p2a: Zapdos\n|-damage|p2a: Zapdos|1\/100\n|-unboost|p2a: Zapdos|def|1\n|\n|-weather|RainDance|[upkeep]\n|upkeep\n|turn|6\n|\n|t:|1699926575\n|move|p1a: Barraskewda|Liquidation|p2a: Zapdos\n|-damage|p2a: Zapdos|0 fnt\n|-status|p1a: Barraskewda|par|[from] ability: Static|[of] p2a: Zapdos\n|faint|p2a: Zapdos\n|\n|-weather|RainDance|[upkeep]\n|upkeep\n|inactive|mtyqjltz4 has 120 seconds left.\n|\n|t:|1699926618\n|switch|p2a: Urshifu|Urshifu-Rapid-Strike, M|100\/100\n|-damage|p2a: Urshifu|88\/100|[from] Spikes\n|turn|7\n|\n|t:|1699926625\n|cant|p1a: Barraskewda|par\n|move|p2a: Urshifu|Trailblaze|p1a: Barraskewda\n|-supereffective|p1a: Barraskewda\n|-damage|p1a: Barraskewda|36\/100 par\n|-boost|p2a: Urshifu|spe|1\n|\n|-weather|RainDance|[upkeep]\n|upkeep\n|turn|8\n|\n|t:|1699926634\n|move|p2a: Urshifu|Trailblaze|p1a: Barraskewda\n|-supereffective|p1a: Barraskewda\n|-damage|p1a: Barraskewda|0 fnt\n|-boost|p2a: Urshifu|spe|1\n|faint|p1a: Barraskewda\n|\n|-weather|none\n|upkeep\n|\n|t:|1699926640\n|switch|p1a: Pelipper|Pelipper, F|88\/100\n|-weather|RainDance|[from] ability: Drizzle|[of] p1a: Pelipper\n|turn|9\n|\n|t:|1699926642\n|move|p2a: Urshifu|Swords Dance|p2a: Urshifu\n|-boost|p2a: Urshifu|atk|2\n|move|p1a: Pelipper|Scald|p2a: Urshifu\n|-resisted|p2a: Urshifu\n|-damage|p2a: Urshifu|60\/100\n|\n|-weather|RainDance|[upkeep]\n|upkeep\n|turn|10\n|\n|t:|1699926650\n|move|p2a: Urshifu|Surging Strikes|p1a: Pelipper\n|-resisted|p1a: Pelipper\n|-crit|p1a: Pelipper\n|-damage|p1a: Pelipper|64\/100\n|-resisted|p1a: Pelipper\n|-crit|p1a: Pelipper\n|-damage|p1a: Pelipper|38\/100\n|-resisted|p1a: Pelipper\n|-crit|p1a: Pelipper\n|-damage|p1a: Pelipper|14\/100\n|-hitcount|p1a: Pelipper|3\n|move|p1a: Pelipper|Scald|p2a: Urshifu\n|-resisted|p2a: Urshifu\n|-damage|p2a: Urshifu|31\/100\n|\n|-weather|RainDance|[upkeep]\n|upkeep\n|turn|11\n|\n|t:|1699926663\n|switch|p1a: Ferrothorn|Ferrothorn, F|73\/100\n|move|p2a: Urshifu|Surging Strikes|p1a: Ferrothorn\n|-resisted|p1a: Ferrothorn\n|-crit|p1a: Ferrothorn\n|-damage|p1a: Ferrothorn|48\/100\n|-resisted|p1a: Ferrothorn\n|-crit|p1a: Ferrothorn\n|-damage|p1a: Ferrothorn|22\/100\n|-resisted|p1a: Ferrothorn\n|-crit|p1a: Ferrothorn\n|-damage|p1a: Ferrothorn|0 fnt\n|faint|p1a: Ferrothorn\n|-hitcount|p1: Ferrothorn|3\n|\n|-weather|RainDance|[upkeep]\n|upkeep\n|\n|t:|1699926667\n|switch|p1a: Crawdaunt|Crawdaunt, F|100\/100\n|turn|12\n|inactive|mtyqjltz4 has 120 seconds left.\n|\n|t:|1699926702\n|move|p1a: Crawdaunt|Aqua Jet|p2a: Urshifu\n|-resisted|p2a: Urshifu\n|-damage|p2a: Urshifu|1\/100\n|-damage|p1a: Crawdaunt|90\/100|[from] item: Life Orb\n|move|p2a: Urshifu|Close Combat|p1a: Crawdaunt\n|-supereffective|p1a: Crawdaunt\n|-damage|p1a: Crawdaunt|0 fnt\n|-unboost|p2a: Urshifu|def|1\n|-unboost|p2a: Urshifu|spd|1\n|faint|p1a: Crawdaunt\n|\n|-weather|RainDance|[upkeep]\n|upkeep\n|-message|4G3NC Babe forfeited.\n|\n|win|mtyqjltz4\n|raw|4G3NC Babe's rating: 1478 &rarr; <strong>1457<\/strong><br \/>(-21 for losing)\n|raw|mtyqjltz4's rating: 1461 &rarr; <strong>1482<\/strong><br \/>(+21 for winning)\n|l|\u26064G3NC Babe\n","uploadtime":1699926720,"views":10,"p1id":"4g3ncbabe","p2id":"mtyqjltz4","formatid":"gen9nationaldex","rating":1457,"private":0,"password":""}