{"id":"gen9nationaldex-1994175765","p1":"IceBerryCoffee","p2":"mcchickendareal","format":"[Gen 9] National Dex","log":"|j|\u2606IceBerryCoffee\n|j|\u2606mcchickendareal\n|t:|1700415542\n|gametype|singles\n|player|p1|IceBerryCoffee|2|1213\n|player|p2|mcchickendareal|kieran|1203\n|teamsize|p1|6\n|teamsize|p2|6\n|gen|9\n|tier|[Gen 9] National Dex\n|rated|\n|rule|HP Percentage Mod: HP is shown in percentages\n|rule|Endless Battle Clause: Forcing endless battles is banned\n|rule|OHKO Clause: OHKO moves are banned\n|rule|Evasion Clause: Evasion abilities, items, and moves are banned\n|rule|Evasion Abilities Clause: Evasion abilities are banned\n|rule|Evasion Items Clause: Evasion items are banned\n|rule|Evasion Moves Clause: Evasion moves are banned\n|rule|Species Clause: Limit one of each Pok\u00e9mon\n|rule|Sleep Clause Mod: Limit one foe put to sleep\n|clearpoke\n|poke|p1|Torkoal, F|\n|poke|p1|Buzzwole|\n|poke|p1|Kartana|\n|poke|p1|Blacephalon|\n|poke|p1|Lopunny, F|\n|poke|p1|Krookodile, M|\n|poke|p2|Slowking-Galar, F|\n|poke|p2|Toxapex, F|\n|poke|p2|Banette, F|\n|poke|p2|Ferrothorn, M|\n|poke|p2|Dondozo, F|\n|poke|p2|Mew|\n|teampreview\n|inactive|Battle timer is ON: inactive players will automatically lose when time's up. (requested by IceBerryCoffee)\n|\n|t:|1700415550\n|start\n|switch|p1a: Torkoal|Torkoal, F|100\/100\n|switch|p2a: Toxapex|Toxapex, F|100\/100\n|-weather|SunnyDay|[from] ability: Drought|[of] p1a: Torkoal\n|turn|1\n|\n|t:|1700415557\n|move|p2a: Toxapex|Infestation|p1a: Torkoal\n|-resisted|p1a: Torkoal\n|-damage|p1a: Torkoal|98\/100\n|-activate|p1a: Torkoal|move: Infestation|[of] p2a: Toxapex\n|move|p1a: Torkoal|Shell Smash|p1a: Torkoal\n|-unboost|p1a: Torkoal|def|1\n|-unboost|p1a: Torkoal|spd|1\n|-boost|p1a: Torkoal|atk|2\n|-boost|p1a: Torkoal|spa|2\n|-boost|p1a: Torkoal|spe|2\n|-enditem|p1a: Torkoal|Eject Pack\n|\n|t:|1700415576\n|switch|p1a: Krookodile|Krookodile, M|100\/100\n|\n|-weather|SunnyDay|[upkeep]\n|upkeep\n|turn|2\n|\n|t:|1700415583\n|move|p1a: Krookodile|Earthquake|p2a: Toxapex\n|-supereffective|p2a: Toxapex\n|-damage|p2a: Toxapex|19\/100\n|move|p2a: Toxapex|Infestation|p1a: Krookodile\n|-supereffective|p1a: Krookodile\n|-damage|p1a: Krookodile|87\/100\n|-activate|p1a: Krookodile|move: Infestation|[of] p2a: Toxapex\n|\n|-weather|SunnyDay|[upkeep]\n|-damage|p1a: Krookodile|75\/100|[from] move: Infestation|[partiallytrapped]\n|upkeep\n|turn|3\n|\n|t:|1700415596\n|switch|p2a: Ferrothorn|Ferrothorn, M|100\/100\n|move|p1a: Krookodile|Earthquake|p2a: Ferrothorn\n|-damage|p2a: Ferrothorn|58\/100\n|\n|-weather|SunnyDay|[upkeep]\n|-end|p1a: Krookodile|Infestation|[partiallytrapped]|[silent]\n|upkeep\n|turn|4\n|\n|t:|1700415604\n|switch|p1a: Torkoal|Torkoal, F|98\/100\n|move|p2a: Ferrothorn|Leech Seed|p1a: Torkoal\n|-start|p1a: Torkoal|move: Leech Seed\n|\n|-weather|SunnyDay|[upkeep]\n|-damage|p1a: Torkoal|86\/100|[from] Leech Seed|[of] p2a: Ferrothorn\n|-heal|p2a: Ferrothorn|70\/100|[silent]\n|upkeep\n|turn|5\n|\n|t:|1700415614\n|-terastallize|p2a: Ferrothorn|Water\n|move|p1a: Torkoal|Shell Smash|p1a: Torkoal\n|-unboost|p1a: Torkoal|def|1\n|-unboost|p1a: Torkoal|spd|1\n|-boost|p1a: Torkoal|atk|2\n|-boost|p1a: Torkoal|spa|2\n|-boost|p1a: Torkoal|spe|2\n|move|p2a: Ferrothorn|Knock Off|p1a: Torkoal\n|-damage|p1a: Torkoal|57\/100\n|-damage|p2a: Ferrothorn|60\/100|[from] item: Life Orb\n|\n|-weather|none\n|-damage|p1a: Torkoal|44\/100|[from] Leech Seed|[of] p2a: Ferrothorn\n|-heal|p2a: Ferrothorn|72\/100|[silent]\n|upkeep\n|turn|6\n|\n|t:|1700415634\n|move|p1a: Torkoal|Explosion|p2a: Ferrothorn\n|-damage|p2a: Ferrothorn|0 fnt\n|faint|p1a: Torkoal\n|faint|p2a: Ferrothorn\n|\n|upkeep\n|\n|t:|1700415646\n|switch|p1a: Blacephalon|Blacephalon|100\/100\n|switch|p2a: Mew|Mew|100\/100\n|turn|7\n|\n|t:|1700415656\n|move|p1a: Blacephalon|Shadow Ball|p2a: Mew\n|-supereffective|p2a: Mew\n|-damage|p2a: Mew|17\/100\n|move|p2a: Mew|Imprison|p2a: Mew\n|-start|p2a: Mew|move: Imprison\n|\n|upkeep\n|turn|8\n|\n|t:|1700415664\n|move|p1a: Blacephalon|Shadow Ball|p2a: Mew\n|-supereffective|p2a: Mew\n|-damage|p2a: Mew|0 fnt\n|faint|p2a: Mew\n|-ability|p1a: Blacephalon|Beast Boost|boost\n|-boost|p1a: Blacephalon|spa|1\n|\n|upkeep\n|\n|t:|1700415671\n|switch|p2a: Banette|Banette, F|100\/100\n|turn|9\n|\n|t:|1700415674\n|detailschange|p2a: Banette|Banette-Mega, F\n|-mega|p2a: Banette|Banette|Banettite\n|move|p2a: Banette|Destiny Bond|p2a: Banette\n|-singlemove|p2a: Banette|Destiny Bond\n|move|p1a: Blacephalon|Shadow Ball|p2a: Banette\n|-supereffective|p2a: Banette\n|-damage|p2a: Banette|0 fnt\n|faint|p2a: Banette\n|-activate|p2a: Banette|move: Destiny Bond\n|faint|p1a: Blacephalon\n|\n|upkeep\n|\n|t:|1700415690\n|switch|p1a: Buzzwole|Buzzwole|100\/100\n|switch|p2a: Dondozo|Dondozo, F|100\/100\n|turn|10\n|\n|t:|1700415695\n|move|p1a: Buzzwole|Thunder Punch|p2a: Dondozo\n|-supereffective|p2a: Dondozo\n|-damage|p2a: Dondozo|63\/100\n|move|p2a: Dondozo|Curse|p2a: Dondozo\n|-unboost|p2a: Dondozo|spe|1\n|-boost|p2a: Dondozo|atk|1\n|-boost|p2a: Dondozo|def|1\n|\n|-heal|p2a: Dondozo|69\/100|[from] item: Leftovers\n|upkeep\n|turn|11\n|\n|t:|1700415705\n|switch|p1a: Kartana|Kartana|100\/100\n|move|p2a: Dondozo|Curse|p2a: Dondozo\n|-unboost|p2a: Dondozo|spe|1\n|-boost|p2a: Dondozo|atk|1\n|-boost|p2a: Dondozo|def|1\n|\n|-heal|p2a: Dondozo|75\/100|[from] item: Leftovers\n|upkeep\n|turn|12\n|\n|t:|1700415715\n|-terastallize|p1a: Kartana|Grass\n|move|p1a: Kartana|Leaf Blade|p2a: Dondozo\n|-supereffective|p2a: Dondozo\n|-damage|p2a: Dondozo|31\/100\n|move|p2a: Dondozo|Curse|p2a: Dondozo\n|-unboost|p2a: Dondozo|spe|1\n|-boost|p2a: Dondozo|atk|1\n|-boost|p2a: Dondozo|def|1\n|\n|-heal|p2a: Dondozo|37\/100|[from] item: Leftovers\n|upkeep\n|turn|13\n|\n|t:|1700415724\n|move|p1a: Kartana|Leaf Blade|p2a: Dondozo\n|-supereffective|p2a: Dondozo\n|-damage|p2a: Dondozo|0 fnt\n|faint|p2a: Dondozo\n|-ability|p1a: Kartana|Beast Boost|boost\n|-boost|p1a: Kartana|atk|1\n|\n|upkeep\n|\n|t:|1700415729\n|switch|p2a: Slowking|Slowking-Galar, F|100\/100\n|turn|14\n|-message|mcchickendareal forfeited.\n|\n|win|IceBerryCoffee\n|raw|IceBerryCoffee's rating: 1213 &rarr; <strong>1237<\/strong><br \/>(+24 for winning)\n|raw|mcchickendareal's rating: 1203 &rarr; <strong>1179<\/strong><br \/>(-24 for losing)\n|l|\u2606mcchickendareal\n","uploadtime":1700415738,"views":5,"p1id":"iceberrycoffee","p2id":"mcchickendareal","formatid":"gen9nationaldex","rating":1179,"private":0,"password":""}