{"id":"gen9nationaldex-1992617199","p1":"marcelito perrito","p2":"KarmaNightraide","format":"[Gen 9] National Dex","log":"|j|\u2606marcelito perrito\n|j|\u2606KarmaNightraide\n|t:|1700215425\n|gametype|singles\n|player|p1|marcelito perrito|101|1051\n|player|p2|KarmaNightraide|unknown|1157\n|teamsize|p1|6\n|teamsize|p2|6\n|gen|9\n|tier|[Gen 9] National Dex\n|rated|\n|rule|HP Percentage Mod: HP is shown in percentages\n|rule|Endless Battle Clause: Forcing endless battles is banned\n|rule|OHKO Clause: OHKO moves are banned\n|rule|Evasion Clause: Evasion abilities, items, and moves are banned\n|rule|Evasion Abilities Clause: Evasion abilities are banned\n|rule|Evasion Items Clause: Evasion items are banned\n|rule|Evasion Moves Clause: Evasion moves are banned\n|rule|Species Clause: Limit one of each Pok\u00e9mon\n|rule|Sleep Clause Mod: Limit one foe put to sleep\n|clearpoke\n|poke|p1|Blaziken, M|\n|poke|p1|Kommo-o, M|\n|poke|p1|Zapdos-Galar|\n|poke|p1|Urshifu-*, M|\n|poke|p1|Terrakion|\n|poke|p1|Breloom, M|\n|poke|p2|Basculegion-F, F|\n|poke|p2|Mimikyu, M|\n|poke|p2|Banette, F|\n|poke|p2|Polteageist-Antique|\n|poke|p2|Skeledirge, M|\n|poke|p2|Gourgeist-*, F|\n|teampreview\n|\n|t:|1700215434\n|start\n|switch|p1a: Zapdos|Zapdos-Galar, shiny|100\/100\n|switch|p2a: Go to sleep...|Banette, F|100\/100\n|turn|1\n|\n|t:|1700215461\n|detailschange|p2a: Go to sleep...|Banette-Mega, F\n|-mega|p2a: Go to sleep...|Banette|Banettite\n|move|p2a: Go to sleep...|Destiny Bond|p2a: Go to sleep...\n|-singlemove|p2a: Go to sleep...|Destiny Bond\n|move|p1a: Zapdos|U-turn|p2a: Go to sleep...\n|-resisted|p2a: Go to sleep...\n|-damage|p2a: Go to sleep...|70\/100\n|\n|t:|1700215475\n|switch|p1a: Terrakion|Terrakion, shiny|100\/100|[from] U-turn\n|\n|upkeep\n|turn|2\n|\n|t:|1700215489\n|move|p1a: Terrakion|Earthquake|p2a: Go to sleep...\n|-damage|p2a: Go to sleep...|0 fnt\n|faint|p2a: Go to sleep...\n|-activate|p2a: Go to sleep...|move: Destiny Bond\n|faint|p1a: Terrakion\n|\n|upkeep\n|\n|t:|1700215499\n|switch|p1a: Kommo-o|Kommo-o, M, shiny|100\/100\n|switch|p2a: Wanna sip?|Polteageist-Antique|100\/100\n|turn|3\n|\n|t:|1700215507\n|-zpower|p1a: Kommo-o\n|move|p1a: Kommo-o|Clangorous Soulblaze|p2a: Wanna sip?|[zeffect]\n|-enditem|p2a: Wanna sip?|Focus Sash\n|-damage|p2a: Wanna sip?|1\/100\n|-boost|p1a: Kommo-o|atk|1\n|-boost|p1a: Kommo-o|def|1\n|-boost|p1a: Kommo-o|spa|1\n|-boost|p1a: Kommo-o|spd|1\n|-boost|p1a: Kommo-o|spe|1\n|move|p2a: Wanna sip?|Shell Smash|p2a: Wanna sip?\n|-unboost|p2a: Wanna sip?|def|1\n|-unboost|p2a: Wanna sip?|spd|1\n|-boost|p2a: Wanna sip?|atk|2\n|-boost|p2a: Wanna sip?|spa|2\n|-boost|p2a: Wanna sip?|spe|2\n|\n|upkeep\n|turn|4\n|\n|t:|1700215537\n|move|p2a: Wanna sip?|Stored Power|p1a: Kommo-o\n|-supereffective|p1a: Kommo-o\n|-damage|p1a: Kommo-o|0 fnt\n|faint|p1a: Kommo-o\n|\n|upkeep\n|\n|t:|1700215543\n|switch|p1a: Urshifu|Urshifu-Rapid-Strike, M|100\/100\n|turn|5\n|\n|t:|1700215548\n|move|p1a: Urshifu|Aqua Jet|p2a: Wanna sip?\n|-damage|p2a: Wanna sip?|0 fnt\n|faint|p2a: Wanna sip?\n|\n|upkeep\n|\n|t:|1700215565\n|switch|p2a: Pumpin|Gourgeist-Small, F|100\/100\n|turn|6\n|\n|t:|1700215585\n|switch|p1a: Blaziken|Blaziken, M, shiny|100\/100\n|-zpower|p2a: Pumpin\n|move|p2a: Pumpin|Z-Trick-or-Treat|p1a: Blaziken|[anim]Trick-or-Treat\n|-boost|p2a: Pumpin|atk|1|[zeffect]\n|-boost|p2a: Pumpin|def|1|[zeffect]\n|-boost|p2a: Pumpin|spa|1|[zeffect]\n|-boost|p2a: Pumpin|spd|1|[zeffect]\n|-boost|p2a: Pumpin|spe|1|[zeffect]\n|-start|p1a: Blaziken|typeadd|Ghost|[from] move: Trick-or-Treat\n|\n|upkeep\n|turn|7\n|\n|t:|1700215597\n|move|p1a: Blaziken|Protect|p1a: Blaziken\n|-singleturn|p1a: Blaziken|Protect\n|move|p2a: Pumpin|Poltergeist|p1a: Blaziken\n|-activate|p1a: Blaziken|move: Protect\n|\n|-ability|p1a: Blaziken|Speed Boost|boost\n|-boost|p1a: Blaziken|spe|1\n|upkeep\n|turn|8\n|\n|t:|1700215621\n|-terastallize|p1a: Blaziken|Fire\n|move|p2a: Pumpin|Poltergeist|p1a: Blaziken\n|-activate|p1a: Blaziken|move: Poltergeist|Heavy-Duty Boots\n|-damage|p1a: Blaziken|0 fnt\n|faint|p1a: Blaziken\n|\n|upkeep\n|c|\u2606KarmaNightraide|Small ones have the most speed\n|c|\u2606KarmaNightraide|Mono fighting vs mono ghost\n|c|\u2606KarmaNightraide|One OU vs a ton\n|\n|t:|1700215684\n|switch|p1a: Breloom|Breloom, M|100\/100\n|turn|9\n|-message|marcelito perrito forfeited.\n|\n|win|KarmaNightraide\n|raw|marcelito perrito's rating: 1051 &rarr; <strong>1039<\/strong><br \/>(-12 for losing)\n|raw|KarmaNightraide's rating: 1157 &rarr; <strong>1175<\/strong><br \/>(+18 for winning)\n|l|\u2606marcelito perrito\n","uploadtime":1700215705,"views":6,"p1id":"marcelitoperrito","p2id":"karmanightraide","formatid":"gen9nationaldex","rating":1039,"private":0,"password":""}