{"id":"gen9nationaldex-1994548394","p1":"PikaTheRat","p2":"KaneWritez","format":"[Gen 9] National Dex","log":"|j|\u2606PikaTheRat\n|j|\u2606KaneWritez\n|t:|1700457984\n|gametype|singles\n|player|p1|PikaTheRat|lucas|\n|player|p2|KaneWritez|102|\n|teamsize|p1|2\n|teamsize|p2|2\n|gen|9\n|tier|[Gen 9] National Dex\n|rule|HP Percentage Mod: HP is shown in percentages\n|rule|Endless Battle Clause: Forcing endless battles is banned\n|rule|OHKO Clause: OHKO moves are banned\n|rule|Evasion Clause: Evasion abilities, items, and moves are banned\n|rule|Evasion Abilities Clause: Evasion abilities are banned\n|rule|Evasion Items Clause: Evasion items are banned\n|rule|Evasion Moves Clause: Evasion moves are banned\n|rule|Species Clause: Limit one of each Pok\u00e9mon\n|rule|Sleep Clause Mod: Limit one foe put to sleep\n|clearpoke\n|poke|p1|Poliwag, L10, F|\n|poke|p1|Wooper, L7, M|\n|poke|p2|Spheal, L6, F|\n|poke|p2|Grubbin, L6, M|\n|teampreview\n|\n|t:|1700457987\n|start\n|switch|p1a: Poliwag|Poliwag, L10, F|100\/100\n|switch|p2a: Grubbin|Grubbin, L6, M|100\/100\n|turn|1\n|\n|t:|1700457997\n|move|p1a: Poliwag|Double Slap|p2a: Grubbin\n|-damage|p2a: Grubbin|83\/100\n|-damage|p2a: Grubbin|66\/100\n|-damage|p2a: Grubbin|48\/100\n|-damage|p2a: Grubbin|27\/100\n|-crit|p2a: Grubbin\n|-damage|p2a: Grubbin|0 fnt\n|faint|p2a: Grubbin\n|-hitcount|p2: Grubbin|5\n|\n|upkeep\n|\n|t:|1700458011\n|switch|p2a: Spheal|Spheal, L6, F|100\/100\n|turn|2\n|\n|t:|1700458015\n|move|p1a: Poliwag|Double Slap|p2a: Spheal\n|-damage|p2a: Spheal|89\/100\n|-damage|p2a: Spheal|74\/100\n|-hitcount|p2a: Spheal|2\n|move|p2a: Spheal|Rollout|p1a: Poliwag\n|-damage|p1a: Poliwag|94\/100\n|\n|upkeep\n|turn|3\n|\n|t:|1700458029\n|move|p1a: Poliwag|Double Slap|p2a: Spheal\n|-damage|p2a: Spheal|62\/100\n|-damage|p2a: Spheal|50\/100\n|-damage|p2a: Spheal|39\/100\n|-hitcount|p2a: Spheal|3\n|move|p2a: Spheal|Rollout|p1a: Poliwag|[from]lockedmove\n|-damage|p1a: Poliwag|81\/100\n|\n|upkeep\n|turn|4\n|\n|t:|1700458038\n|move|p1a: Poliwag|Double Slap|p2a: Spheal\n|-damage|p2a: Spheal|27\/100\n|-damage|p2a: Spheal|16\/100\n|-damage|p2a: Spheal|4\/100\n|-hitcount|p2a: Spheal|3\n|move|p2a: Spheal|Rollout|p1a: Poliwag|[from]lockedmove\n|-crit|p1a: Poliwag\n|-damage|p1a: Poliwag|49\/100\n|\n|upkeep\n|turn|5\n|\n|t:|1700458047\n|move|p1a: Poliwag|Double Slap|p2a: Spheal\n|-damage|p2a: Spheal|0 fnt\n|faint|p2a: Spheal\n|-hitcount|p2: Spheal|1\n|\n|win|PikaTheRat\n","uploadtime":1700458054,"views":29,"p1id":"pikatherat","p2id":"kanewritez","formatid":"gen9nationaldex","rating":0,"private":0,"password":""}