{"id":"gen9nationaldex-1998855092","p1":"baigu2","p2":"zxcvbnmasdfgy","format":"[Gen 9] National Dex","log":"|html|<div class=\"broadcast-blue\"><strong>[Gen 9] National Dex is currently suspecting Sneasler! For information on how to participate check out the <a href=\"https:\/\/www.smogon.com\/forums\/threads\/sv-national-dex-suspect-8-just-dance.3731534\/\">suspect thread<\/a>.<\/strong><\/div>\n|j|\u2606baigu2\n|j|\u2606zxcvbnmasdfgy\n|t:|1701003764\n|gametype|singles\n|player|p1|baigu2|169|1870\n|player|p2|zxcvbnmasdfgy|benga|1648\n|teamsize|p1|6\n|teamsize|p2|6\n|gen|9\n|tier|[Gen 9] National Dex\n|rated|\n|rule|HP Percentage Mod: HP is shown in percentages\n|rule|Endless Battle Clause: Forcing endless battles is banned\n|rule|OHKO Clause: OHKO moves are banned\n|rule|Evasion Clause: Evasion abilities, items, and moves are banned\n|rule|Evasion Abilities Clause: Evasion abilities are banned\n|rule|Evasion Items Clause: Evasion items are banned\n|rule|Evasion Moves Clause: Evasion moves are banned\n|rule|Species Clause: Limit one of each Pok\u00e9mon\n|rule|Sleep Clause Mod: Limit one foe put to sleep\n|clearpoke\n|poke|p1|Ursaluna, F|\n|poke|p1|Slowking, M|\n|poke|p1|Corviknight, M|\n|poke|p1|Hoopa-Unbound|\n|poke|p1|Dragonite, M|\n|poke|p1|Tapu Koko|\n|poke|p2|Dragonite, M|\n|poke|p2|Moltres|\n|poke|p2|Hoopa-Unbound|\n|poke|p2|Tapu Koko|\n|poke|p2|Iron Leaves|\n|poke|p2|Aggron, F|\n|teampreview\n|inactive|Battle timer is ON: inactive players will automatically lose when time's up. (requested by zxcvbnmasdfgy)\n|\n|t:|1701003778\n|start\n|switch|p1a: Tapu Koko|Tapu Koko|100\/100\n|switch|p2a: Tapu Koko|Tapu Koko|100\/100\n|-fieldstart|move: Electric Terrain|[from] ability: Electric Surge|[of] p1a: Tapu Koko\n|turn|1\n|\n|t:|1701003786\n|move|p1a: Tapu Koko|Volt Switch|p2a: Tapu Koko\n|-resisted|p2a: Tapu Koko\n|-damage|p2a: Tapu Koko|54\/100\n|\n|t:|1701003790\n|switch|p1a: \u718a\u5927|Ursaluna, F|100\/100|[from] Volt Switch\n|move|p2a: Tapu Koko|U-turn|p1a: \u718a\u5927\n|-damage|p1a: \u718a\u5927|88\/100\n|\n|t:|1701003797\n|switch|p2a: Iron Leaves|Iron Leaves|100\/100|[from] U-turn\n|-activate|p2a: Iron Leaves|ability: Quark Drive\n|-start|p2a: Iron Leaves|quarkdriveatk\n|\n|-status|p1a: \u718a\u5927|brn|[from] item: Flame Orb\n|upkeep\n|turn|2\n|\n|t:|1701003806\n|switch|p1a: Corviknight|Corviknight, M|100\/100\n|-ability|p1a: Corviknight|Pressure\n|move|p2a: Iron Leaves|Close Combat|p1a: Corviknight\n|-damage|p1a: Corviknight|54\/100\n|-unboost|p2a: Iron Leaves|def|1\n|-unboost|p2a: Iron Leaves|spd|1\n|-damage|p2a: Iron Leaves|84\/100|[from] item: Rocky Helmet|[of] p1a: Corviknight\n|\n|upkeep\n|turn|3\n|\n|t:|1701003817\n|-end|p2a: Iron Leaves|Quark Drive|[silent]\n|switch|p2a: Moltres|Moltres|100\/100\n|move|p1a: Corviknight|Roost|p1a: Corviknight\n|-heal|p1a: Corviknight|100\/100\n|-singleturn|p1a: Corviknight|move: Roost\n|\n|upkeep\n|turn|4\n|\n|t:|1701003825\n|switch|p1a: Slowking|Slowking, M|100\/100\n|move|p2a: Moltres|U-turn|p1a: Slowking\n|-supereffective|p1a: Slowking\n|-damage|p1a: Slowking|72\/100\n|\n|t:|1701003831\n|switch|p2a: Iron Leaves|Iron Leaves|84\/100|[from] U-turn\n|-activate|p2a: Iron Leaves|ability: Quark Drive\n|-start|p2a: Iron Leaves|quarkdriveatk\n|\n|upkeep\n|turn|5\n|\n|t:|1701003838\n|switch|p1a: Corviknight|Corviknight, M|100\/100\n|-ability|p1a: Corviknight|Pressure\n|move|p2a: Iron Leaves|Psyblade|p1a: Corviknight\n|-resisted|p1a: Corviknight\n|-damage|p1a: Corviknight|66\/100\n|-damage|p2a: Iron Leaves|68\/100|[from] item: Rocky Helmet|[of] p1a: Corviknight\n|\n|-fieldend|move: Electric Terrain\n|-end|p2a: Iron Leaves|Quark Drive\n|upkeep\n|turn|6\n|\n|t:|1701003853\n|-end|p2a: Iron Leaves|Quark Drive|[silent]\n|switch|p2a: Moltres|Moltres|100\/100\n|move|p1a: Corviknight|Roost|p1a: Corviknight\n|-heal|p1a: Corviknight|100\/100\n|-singleturn|p1a: Corviknight|move: Roost\n|\n|upkeep\n|turn|7\n|\n|t:|1701003862\n|switch|p1a: Slowking|Slowking, M|100\/100\n|move|p2a: Moltres|U-turn|p1a: Slowking\n|-supereffective|p1a: Slowking\n|-damage|p1a: Slowking|68\/100\n|\n|t:|1701003867\n|switch|p2a: Hoopa|Hoopa-Unbound|100\/100|[from] U-turn\n|\n|upkeep\n|turn|8\n|\n|t:|1701003877\n|switch|p1a: Tapu Koko|Tapu Koko|100\/100\n|-fieldstart|move: Electric Terrain|[from] ability: Electric Surge|[of] p1a: Tapu Koko\n|move|p2a: Hoopa|Dark Pulse|p1a: Tapu Koko\n|-resisted|p1a: Tapu Koko\n|-damage|p1a: Tapu Koko|58\/100\n|\n|upkeep\n|turn|9\n|\n|t:|1701003890\n|switch|p2a: Tapu Koko|Tapu Koko|54\/100\n|move|p1a: Tapu Koko|U-turn|p2a: Tapu Koko\n|-resisted|p2a: Tapu Koko\n|-damage|p2a: Tapu Koko|42\/100\n|\n|t:|1701003894\n|switch|p1a: Dragonite|Dragonite, M|100\/100|[from] U-turn\n|\n|upkeep\n|turn|10\n|\n|t:|1701003900\n|move|p1a: Dragonite|Extreme Speed|p2a: Tapu Koko\n|-damage|p2a: Tapu Koko|0 fnt\n|faint|p2a: Tapu Koko\n|\n|upkeep\n|\n|t:|1701003912\n|switch|p2a: Aggron|Aggron, F|100\/100\n|turn|11\n|\n|t:|1701003920\n|switch|p1a: Corviknight|Corviknight, M|100\/100\n|-ability|p1a: Corviknight|Pressure\n|move|p2a: Aggron|Head Smash|p1a: Corviknight|[miss]\n|-miss|p2a: Aggron|p1a: Corviknight\n|\n|upkeep\n|turn|12\n|\n|t:|1701003932\n|move|p2a: Aggron|Metal Burst||[still]\n|-fail|p2a: Aggron\n|move|p1a: Corviknight|U-turn|p2a: Aggron\n|-resisted|p2a: Aggron\n|-crit|p2a: Aggron\n|-damage|p2a: Aggron|92\/100\n|\n|t:|1701003938\n|switch|p1a: Hoopa|Hoopa-Unbound|100\/100|[from] U-turn\n|\n|-fieldend|move: Electric Terrain\n|upkeep\n|turn|13\n|\n|t:|1701003944\n|move|p2a: Aggron|Endure|p2a: Aggron\n|-singleturn|p2a: Aggron|move: Endure\n|-zpower|p1a: Hoopa\n|move|p1a: Hoopa|All-Out Pummeling|p2a: Aggron|[zeffect]\n|-supereffective|p2a: Aggron\n|-activate|p2a: Aggron|move: Endure\n|-damage|p2a: Aggron|1\/100\n|\n|upkeep\n|turn|14\n|-enditem|p2a: Aggron|Custap Berry|[eat]\n|-activate|p2a: Aggron|item: Custap Berry|[consumed]\n|\n|t:|1701003955\n|move|p2a: Aggron|Head Smash|p1a: Hoopa|[miss]\n|-miss|p2a: Aggron|p1a: Hoopa\n|move|p1a: Hoopa|Dark Pulse|p2a: Aggron\n|-damage|p2a: Aggron|0 fnt\n|faint|p2a: Aggron\n|\n|upkeep\n|-message|zxcvbnmasdfgy forfeited.\n|\n|win|baigu2\n|raw|baigu2's rating: 1870 &rarr; <strong>1879<\/strong><br \/>(+9 for winning)\n|raw|zxcvbnmasdfgy's rating: 1648 &rarr; <strong>1639<\/strong><br \/>(-9 for losing)\n|l|\u2606zxcvbnmasdfgy\n","uploadtime":1701003963,"views":3,"p1id":"baigu2","p2id":"zxcvbnmasdfgy","formatid":"gen9nationaldex","rating":1639,"private":0,"password":""}