{"id":"gen9nationaldex-1989661702","p1":"pmJZS","p2":"SupaSeimen","format":"[Gen 9] National Dex","log":"|j|\u2606pmJZS\n|j|\u2606SupaSeimen\n|t:|1699884413\n|gametype|singles\n|player|p1|pmJZS|colress|1461\n|player|p2|SupaSeimen|palmer|1547\n|teamsize|p1|6\n|teamsize|p2|6\n|gen|9\n|tier|[Gen 9] National Dex\n|rated|\n|rule|HP Percentage Mod: HP is shown in percentages\n|rule|Endless Battle Clause: Forcing endless battles is banned\n|rule|OHKO Clause: OHKO moves are banned\n|rule|Evasion Clause: Evasion abilities, items, and moves are banned\n|rule|Evasion Abilities Clause: Evasion abilities are banned\n|rule|Evasion Items Clause: Evasion items are banned\n|rule|Evasion Moves Clause: Evasion moves are banned\n|rule|Species Clause: Limit one of each Pok\u00e9mon\n|rule|Sleep Clause Mod: Limit one foe put to sleep\n|clearpoke\n|poke|p1|Serperior, F|\n|poke|p1|Mawile, F|\n|poke|p1|Victini|\n|poke|p1|Sneasler, F|\n|poke|p1|Tapu Koko|\n|poke|p1|Landorus-Therian, M|\n|poke|p2|Heatran, F|\n|poke|p2|Toxapex, M|\n|poke|p2|Great Tusk|\n|poke|p2|Hoopa-Unbound|\n|poke|p2|Clefable, M|\n|poke|p2|Urshifu-*, M|\n|teampreview\n|inactive|Battle timer is ON: inactive players will automatically lose when time's up. (requested by SupaSeimen)\n|\n|t:|1699884428\n|start\n|switch|p1a: \u571f\u732b|Landorus-Therian, M|100\/100\n|switch|p2a: Toxapex|Toxapex, M|100\/100\n|-ability|p1a: \u571f\u732b|Intimidate|boost\n|-unboost|p2a: Toxapex|atk|1\n|turn|1\n|\n|t:|1699884437\n|move|p1a: \u571f\u732b|Stealth Rock|p2a: Toxapex\n|-sidestart|p2: SupaSeimen|move: Stealth Rock\n|move|p2a: Toxapex|Toxic|p1a: \u571f\u732b\n|-status|p1a: \u571f\u732b|tox\n|\n|-damage|p1a: \u571f\u732b|94\/100 tox|[from] psn\n|upkeep\n|turn|2\n|\n|t:|1699884445\n|switch|p2a: Great Tusk|Great Tusk|100\/100\n|-damage|p2a: Great Tusk|98\/100|[from] Stealth Rock\n|move|p1a: \u571f\u732b|Earthquake|p2a: Great Tusk\n|-damage|p2a: Great Tusk|73\/100\n|\n|-damage|p1a: \u571f\u732b|82\/100 tox|[from] psn\n|upkeep\n|turn|3\n|\n|t:|1699884456\n|move|p1a: \u571f\u732b|Hidden Power|p2a: Great Tusk\n|-supereffective|p2a: Great Tusk\n|-crit|p2a: Great Tusk\n|-damage|p2a: Great Tusk|12\/100\n|move|p2a: Great Tusk|Rapid Spin|p1a: \u571f\u732b\n|-damage|p1a: \u571f\u732b|69\/100 tox\n|-boost|p2a: Great Tusk|spe|1\n|-damage|p2a: Great Tusk|0 fnt|[from] item: Rocky Helmet|[of] p1a: \u571f\u732b\n|faint|p2a: Great Tusk\n|-end|p2a: Great Tusk|Protosynthesis|[silent]\n|\n|-damage|p1a: \u571f\u732b|51\/100 tox|[from] psn\n|upkeep\n|inactive|SupaSeimen has 120 seconds left.\n|\n|t:|1699884484\n|switch|p2a: Urshifu|Urshifu-Rapid-Strike, M|100\/100\n|-damage|p2a: Urshifu|94\/100|[from] Stealth Rock\n|turn|4\n|inactive|SupaSeimen has 120 seconds left.\n|inactive|SupaSeimen has 90 seconds left.\n|c|\u2606SupaSeimen|Why didnt the rocks disappear?\n|\n|t:|1699884534\n|move|p2a: Urshifu|Surging Strikes|p1a: \u571f\u732b\n|-supereffective|p1a: \u571f\u732b\n|-crit|p1a: \u571f\u732b\n|-damage|p1a: \u571f\u732b|18\/100 tox\n|-damage|p2a: Urshifu|78\/100|[from] item: Rocky Helmet|[of] p1a: \u571f\u732b\n|-supereffective|p1a: \u571f\u732b\n|-crit|p1a: \u571f\u732b\n|-damage|p1a: \u571f\u732b|0 fnt\n|-damage|p2a: Urshifu|61\/100|[from] item: Rocky Helmet|[of] p1a: \u571f\u732b\n|faint|p1a: \u571f\u732b\n|-hitcount|p1: \u571f\u732b|2\n|-damage|p2a: Urshifu|51\/100|[from] item: Life Orb\n|\n|upkeep\n|\n|t:|1699884549\n|switch|p1a: \u95ea\u7535\u9e1f|Tapu Koko|100\/100\n|-fieldstart|move: Electric Terrain|[from] ability: Electric Surge|[of] p1a: \u95ea\u7535\u9e1f\n|turn|5\n|inactive|SupaSeimen has 90 seconds left.\n|\n|t:|1699884559\n|switch|p2a: Toxapex|Toxapex, M|100\/100\n|-damage|p2a: Toxapex|88\/100|[from] Stealth Rock\n|move|p1a: \u95ea\u7535\u9e1f|Thunderbolt|p2a: Toxapex\n|-supereffective|p2a: Toxapex\n|-damage|p2a: Toxapex|22\/100\n|\n|-heal|p2a: Toxapex|28\/100|[from] item: Black Sludge\n|upkeep\n|turn|6\n|inactive|SupaSeimen has 90 seconds left.\n|\n|t:|1699884572\n|move|p2a: Toxapex|Baneful Bunker|p2a: Toxapex\n|-singleturn|p2a: Toxapex|move: Protect\n|move|p1a: \u95ea\u7535\u9e1f|Thunderbolt|p2a: Toxapex\n|-activate|p2a: Toxapex|move: Protect\n|\n|-heal|p2a: Toxapex|35\/100|[from] item: Black Sludge\n|upkeep\n|turn|7\n|\n|t:|1699884582\n|switch|p2a: Hoopa|Hoopa-Unbound|100\/100\n|-damage|p2a: Hoopa|88\/100|[from] Stealth Rock\n|move|p1a: \u95ea\u7535\u9e1f|Thunderbolt|p2a: Hoopa\n|-damage|p2a: Hoopa|41\/100\n|-status|p2a: Hoopa|par\n|\n|upkeep\n|turn|8\n|inactive|pmJZS has 120 seconds left.\n|\n|t:|1699884617\n|move|p1a: \u95ea\u7535\u9e1f|U-turn|p2a: Hoopa\n|-supereffective|p2a: Hoopa\n|-damage|p2a: Hoopa|0 fnt\n|faint|p2a: Hoopa\n|c|\u2606pmJZS|\u53ef\u80fd\u56e0\u4e3a\u96c4\u4f1f\u7259\u6b7b\u4e86\n|\n|t:|1699884629\n|switch|p1a: \u5927\u732b\u54aa|Sneasler, F|100\/100|[from] U-turn\n|-enditem|p1a: \u5927\u732b\u54aa|Electric Seed\n|-boost|p1a: \u5927\u732b\u54aa|def|1|[from] item: Electric Seed\n|\n|upkeep\n|c|\u2606SupaSeimen|What?\n|\n|t:|1699884643\n|switch|p2a: Heatran|Heatran, F|100\/100\n|-damage|p2a: Heatran|88\/100|[from] Stealth Rock\n|-item|p2a: Heatran|Air Balloon\n|turn|9\n|\n|t:|1699884650\n|move|p1a: \u5927\u732b\u54aa|Close Combat|p2a: Heatran\n|-supereffective|p2a: Heatran\n|-damage|p2a: Heatran|0 fnt\n|-unboost|p1a: \u5927\u732b\u54aa|def|1\n|-unboost|p1a: \u5927\u732b\u54aa|spd|1\n|-enditem|p2a: Heatran|Air Balloon\n|faint|p2a: Heatran\n|\n|-fieldend|move: Electric Terrain\n|upkeep\n|\n|t:|1699884660\n|switch|p2a: Clefable|Clefable, M|100\/100\n|-damage|p2a: Clefable|88\/100|[from] Stealth Rock\n|turn|10\n|\n|t:|1699884667\n|switch|p1a: \u95ea\u7535\u9e1f|Tapu Koko|100\/100\n|-fieldstart|move: Electric Terrain|[from] ability: Electric Surge|[of] p1a: \u95ea\u7535\u9e1f\n|move|p2a: Clefable|Calm Mind|p2a: Clefable\n|-boost|p2a: Clefable|spa|1\n|-boost|p2a: Clefable|spd|1\n|\n|-heal|p2a: Clefable|94\/100|[from] item: Leftovers\n|upkeep\n|turn|11\n|\n|t:|1699884681\n|move|p1a: \u95ea\u7535\u9e1f|Thunderbolt|p2a: Clefable\n|-damage|p2a: Clefable|62\/100\n|move|p2a: Clefable|Calm Mind|p2a: Clefable\n|-boost|p2a: Clefable|spa|1\n|-boost|p2a: Clefable|spd|1\n|\n|-heal|p2a: Clefable|68\/100|[from] item: Leftovers\n|upkeep\n|turn|12\n|\n|t:|1699884690\n|move|p1a: \u95ea\u7535\u9e1f|Thunderbolt|p2a: Clefable\n|-damage|p2a: Clefable|44\/100\n|-status|p2a: Clefable|par\n|move|p2a: Clefable|Wish|p2a: Clefable\n|\n|-heal|p2a: Clefable|50\/100 par|[from] item: Leftovers\n|upkeep\n|turn|13\n|inactive|SupaSeimen has 120 seconds left.\n|\n|t:|1699884699\n|switch|p1a: \u53cc\u9a6c\u5c3e|Mawile, F, shiny|100\/100\n|-ability|p1a: \u53cc\u9a6c\u5c3e|Intimidate|boost\n|-unboost|p2a: Clefable|atk|1\n|cant|p2a: Clefable|par\n|\n|-heal|p2a: Clefable|99\/100 par|[from] move: Wish|[wisher] Clefable\n|-heal|p2a: Clefable|100\/100 par|[from] item: Leftovers\n|upkeep\n|turn|14\n|inactive|SupaSeimen has 120 seconds left.\n|\n|t:|1699884710\n|detailschange|p1a: \u53cc\u9a6c\u5c3e|Mawile-Mega, F, shiny\n|-mega|p1a: \u53cc\u9a6c\u5c3e|Mawile|Mawilite\n|move|p1a: \u53cc\u9a6c\u5c3e|Iron Head|p2a: Clefable\n|-supereffective|p2a: Clefable\n|-damage|p2a: Clefable|0 fnt\n|faint|p2a: Clefable\n|\n|-fieldend|move: Electric Terrain\n|upkeep\n|inactive|SupaSeimen has 120 seconds left.\n|\n|t:|1699884718\n|switch|p2a: Urshifu|Urshifu-Rapid-Strike, M|51\/100\n|-damage|p2a: Urshifu|45\/100|[from] Stealth Rock\n|turn|15\n|\n|t:|1699884728\n|move|p1a: \u53cc\u9a6c\u5c3e|Sucker Punch|p2a: Urshifu\n|-resisted|p2a: Urshifu\n|-damage|p2a: Urshifu|20\/100\n|move|p2a: Urshifu|Drain Punch|p1a: \u53cc\u9a6c\u5c3e\n|-damage|p1a: \u53cc\u9a6c\u5c3e|43\/100\n|-heal|p2a: Urshifu|40\/100|[from] drain|[of] p1a: \u53cc\u9a6c\u5c3e\n|-damage|p2a: Urshifu|30\/100|[from] item: Life Orb\n|\n|upkeep\n|turn|16\n|\n|t:|1699884740\n|move|p1a: \u53cc\u9a6c\u5c3e|Sucker Punch|p2a: Urshifu\n|-resisted|p2a: Urshifu\n|-damage|p2a: Urshifu|8\/100\n|move|p2a: Urshifu|Drain Punch|p1a: \u53cc\u9a6c\u5c3e\n|-damage|p1a: \u53cc\u9a6c\u5c3e|0 fnt\n|-heal|p2a: Urshifu|23\/100|[from] drain|[of] p1a: \u53cc\u9a6c\u5c3e\n|faint|p1a: \u53cc\u9a6c\u5c3e\n|-damage|p2a: Urshifu|13\/100|[from] item: Life Orb\n|\n|upkeep\n|\n|t:|1699884747\n|switch|p1a: \u95ea\u7535\u9e1f|Tapu Koko|100\/100\n|-fieldstart|move: Electric Terrain|[from] ability: Electric Surge|[of] p1a: \u95ea\u7535\u9e1f\n|turn|17\n|\n|t:|1699884755\n|move|p1a: \u95ea\u7535\u9e1f|Thunderbolt|p2a: Urshifu\n|-supereffective|p2a: Urshifu\n|-damage|p2a: Urshifu|0 fnt\n|faint|p2a: Urshifu\n|\n|upkeep\n|-message|SupaSeimen forfeited.\n|\n|win|pmJZS\n|raw|pmJZS's rating: 1461 &rarr; <strong>1486<\/strong><br \/>(+25 for winning)\n|raw|SupaSeimen's rating: 1547 &rarr; <strong>1522<\/strong><br \/>(-25 for losing)\n|l|\u2606SupaSeimen\n","uploadtime":1699884765,"views":4,"p1id":"pmjzs","p2id":"supaseimen","formatid":"gen9nationaldex","rating":1486,"private":0,"password":""}