{"id":"gen9nationaldex-1994928227","p1":"Fabrizio8","p2":"Cristian7gg","format":"[Gen 9] National Dex","log":"|html|<div class=\"broadcast-blue\"><strong>[Gen 9] National Dex is currently suspecting Sneasler! For information on how to participate check out the <a href=\"https:\/\/www.smogon.com\/forums\/threads\/sv-national-dex-suspect-8-just-dance.3731534\/\">suspect thread<\/a>.<\/strong><\/div>\n|j|\u2606Fabrizio8\n|j|\u2606Cristian7gg\n|t:|1700505468\n|gametype|singles\n|player|p1|Fabrizio8|266|\n|player|p2|Cristian7gg|lucas-gen4pt|\n|teamsize|p1|6\n|teamsize|p2|6\n|gen|9\n|tier|[Gen 9] National Dex\n|rule|HP Percentage Mod: HP is shown in percentages\n|rule|Endless Battle Clause: Forcing endless battles is banned\n|rule|OHKO Clause: OHKO moves are banned\n|rule|Evasion Clause: Evasion abilities, items, and moves are banned\n|rule|Evasion Abilities Clause: Evasion abilities are banned\n|rule|Evasion Items Clause: Evasion items are banned\n|rule|Evasion Moves Clause: Evasion moves are banned\n|rule|Species Clause: Limit one of each Pok\u00e9mon\n|rule|Sleep Clause Mod: Limit one foe put to sleep\n|clearpoke\n|poke|p1|Glimmora, F|\n|poke|p1|Okidogi, M|\n|poke|p1|Hydreigon, F|\n|poke|p1|Toxtricity, M|\n|poke|p1|Beedrill, F|\n|poke|p1|Slowbro-Galar, M|\n|poke|p2|Tapu Koko|\n|poke|p2|Raichu-Alola, M|\n|poke|p2|Charizard, M|\n|poke|p2|Gliscor, F|\n|poke|p2|Aegislash, F|\n|poke|p2|Dragonite, M|\n|teampreview\n|\n|t:|1700505480\n|start\n|switch|p1a: cummora|Glimmora, F, shiny|100\/100\n|switch|p2a: Papu :vvvvxdddd|Tapu Koko, shiny|100\/100\n|-fieldstart|move: Electric Terrain|[from] ability: Electric Surge|[of] p2a: Papu :vvvvxdddd\n|turn|1\n|\n|t:|1700505491\n|move|p2a: Papu :vvvvxdddd|Thunderbolt|p1a: cummora\n|-damage|p1a: cummora|50\/100\n|move|p1a: cummora|Toxic Spikes|p2a: Papu :vvvvxdddd\n|-sidestart|p2: Cristian7gg|move: Toxic Spikes\n|\n|upkeep\n|turn|2\n|c|\u2606Cristian7gg|Que\n|\n|t:|1700505513\n|move|p2a: Papu :vvvvxdddd|Thunderbolt|p1a: cummora\n|-damage|p1a: cummora|0 fnt\n|faint|p1a: cummora\n|\n|upkeep\n|c|\u2606Fabrizio8|lol\n|\n|t:|1700505528\n|switch|p1a: Slowbro|Slowbro-Galar, M|100\/100\n|turn|3\n|\n|t:|1700505532\n|move|p2a: Papu :vvvvxdddd|U-turn|p1a: Slowbro\n|-damage|p1a: Slowbro|85\/100\n|\n|t:|1700505533\n|switch|p2a: Alexis|Aegislash, F, shiny|100\/100|[from] U-turn\n|move|p1a: Slowbro|Shell Side Arm|p2a: Alexis|[anim] Shell Side Arm Physical\n|-immune|p2a: Alexis\n|\n|-heal|p1a: Slowbro|91\/100|[from] item: Black Sludge\n|upkeep\n|turn|4\n|j| WSoldat\n|\n|t:|1700505543\n|switch|p1a: tsohg olra|Hydreigon, F|100\/100\n|-formechange|p2a: Alexis|Aegislash-Blade||[from] ability: Stance Change\n|move|p2a: Alexis|Iron Head|p1a: tsohg olra\n|-damage|p1a: tsohg olra|44\/100\n|\n|upkeep\n|turn|5\n|\n|t:|1700505571\n|-terastallize|p1a: tsohg olra|Steel\n|-formechange|p2a: Alexis|Aegislash||[from] ability: Stance Change\n|move|p2a: Alexis|King's Shield|p2a: Alexis\n|-singleturn|p2a: Alexis|Protect\n|move|p1a: tsohg olra|Flamethrower|p2a: Alexis\n|-activate|p2a: Alexis|move: Protect\n|\n|upkeep\n|turn|6\n|\n|t:|1700505581\n|move|p1a: tsohg olra|Nasty Plot|p1a: tsohg olra\n|-boost|p1a: tsohg olra|spa|2\n|-formechange|p2a: Alexis|Aegislash-Blade||[from] ability: Stance Change\n|move|p2a: Alexis|Sacred Sword|p1a: tsohg olra\n|-supereffective|p1a: tsohg olra\n|-damage|p1a: tsohg olra|0 fnt\n|faint|p1a: tsohg olra\n|\n|upkeep\n|c|\u2606Fabrizio8|lol\n|\n|t:|1700505593\n|switch|p1a: todo bien|Okidogi, M|100\/100\n|turn|7\n|\n|t:|1700505596\n|switch|p2a: Pedro|Gliscor, F|100\/100\n|move|p1a: todo bien|Knock Off|p2a: Pedro\n|-damage|p2a: Pedro|79\/100\n|-enditem|p2a: Pedro|Toxic Orb|[from] move: Knock Off|[of] p1a: todo bien\n|\n|upkeep\n|turn|8\n|\n|t:|1700505615\n|move|p2a: Pedro|Defog|p1a: todo bien\n|-unboost|p1a: todo bien|evasion|1\n|-sideend|p2: Cristian7gg|Toxic Spikes|[from] move: Defog|[of] p2a: Pedro\n|-fieldend|move: Electric Terrain\n|move|p1a: todo bien|Close Combat|p2a: Pedro\n|-resisted|p2a: Pedro\n|-damage|p2a: Pedro|59\/100\n|-unboost|p1a: todo bien|def|1\n|-unboost|p1a: todo bien|spd|1\n|-status|p2a: Pedro|tox|[from] ability: Toxic Chain|[of] p1a: todo bien\n|\n|-heal|p2a: Pedro|71\/100 tox|[from] ability: Poison Heal\n|upkeep\n|turn|9\n|c|\u2606Fabrizio8|no tengo nada hielo lol\n|\n|t:|1700505641\n|switch|p1a: Slowbro|Slowbro-Galar, M|91\/100\n|move|p2a: Pedro|Earthquake|p1a: Slowbro\n|-supereffective|p1a: Slowbro\n|-damage|p1a: Slowbro|26\/100\n|\n|-heal|p1a: Slowbro|32\/100|[from] item: Black Sludge\n|-heal|p2a: Pedro|84\/100 tox|[from] ability: Poison Heal\n|upkeep\n|turn|10\n|\n|t:|1700505651\n|move|p2a: Pedro|Knock Off|p1a: Slowbro\n|-supereffective|p1a: Slowbro\n|-damage|p1a: Slowbro|0 fnt\n|-enditem|p1a: Slowbro|Black Sludge|[from] move: Knock Off|[of] p2a: Pedro\n|faint|p1a: Slowbro\n|\n|-heal|p2a: Pedro|96\/100 tox|[from] ability: Poison Heal\n|upkeep\n|\n|t:|1700505660\n|switch|p1a: Beedrill|Beedrill, F|100\/100\n|turn|11\n|\n|t:|1700505664\n|detailschange|p1a: Beedrill|Beedrill-Mega, F\n|-mega|p1a: Beedrill|Beedrill|Beedrillite\n|move|p1a: Beedrill|Frustration|p2a: Pedro\n|-damage|p2a: Pedro|68\/100 tox\n|move|p2a: Pedro|Earthquake|p1a: Beedrill\n|-damage|p1a: Beedrill|18\/100\n|\n|-heal|p2a: Pedro|80\/100 tox|[from] ability: Poison Heal\n|upkeep\n|turn|12\n|\n|t:|1700505675\n|move|p1a: Beedrill|Frustration|p2a: Pedro\n|-damage|p2a: Pedro|52\/100 tox\n|move|p2a: Pedro|Earthquake|p1a: Beedrill\n|-damage|p1a: Beedrill|0 fnt\n|faint|p1a: Beedrill\n|\n|-heal|p2a: Pedro|64\/100 tox|[from] ability: Poison Heal\n|upkeep\n|\n|t:|1700505685\n|switch|p1a: todo bien|Okidogi, M|100\/100\n|turn|13\n|\n|t:|1700505691\n|move|p2a: Pedro|Earthquake|p1a: todo bien\n|-supereffective|p1a: todo bien\n|-damage|p1a: todo bien|51\/100\n|move|p1a: todo bien|Knock Off|p2a: Pedro\n|-damage|p2a: Pedro|48\/100 tox\n|\n|-heal|p2a: Pedro|61\/100 tox|[from] ability: Poison Heal\n|upkeep\n|turn|14\n|\n|t:|1700505704\n|move|p2a: Pedro|Knock Off|p1a: todo bien\n|-resisted|p1a: todo bien\n|-damage|p1a: todo bien|43\/100\n|-enditem|p1a: todo bien|Assault Vest|[from] move: Knock Off|[of] p2a: Pedro\n|move|p1a: todo bien|Knock Off|p2a: Pedro\n|-damage|p2a: Pedro|45\/100 tox\n|\n|-heal|p2a: Pedro|57\/100 tox|[from] ability: Poison Heal\n|upkeep\n|turn|15\n|\n|t:|1700505717\n|move|p2a: Pedro|Earthquake|p1a: todo bien\n|-supereffective|p1a: todo bien\n|-damage|p1a: todo bien|0 fnt\n|faint|p1a: todo bien\n|\n|-heal|p2a: Pedro|69\/100 tox|[from] ability: Poison Heal\n|upkeep\n|c|\u2606Cristian7gg|Gg\n|\n|t:|1700505724\n|switch|p1a: toxico|Toxtricity, M|100\/100\n|turn|16\n|\n|t:|1700505728\n|-terastallize|p2a: Pedro|Steel\n|move|p1a: toxico|Boomburst|p2a: Pedro\n|-resisted|p2a: Pedro\n|-crit|p2a: Pedro\n|-damage|p2a: Pedro|21\/100 tox\n|-enditem|p1a: toxico|Throat Spray\n|-boost|p1a: toxico|spa|1|[from] item: Throat Spray\n|move|p2a: Pedro|Earthquake|p1a: toxico\n|-supereffective|p1a: toxico\n|-damage|p1a: toxico|0 fnt\n|faint|p1a: toxico\n|\n|win|Cristian7gg\n|c|\u2606Fabrizio8|lol\n","uploadtime":1700505753,"views":3,"p1id":"fabrizio8","p2id":"cristian7gg","formatid":"gen9nationaldex","rating":0,"private":0,"password":""}