{"id":"gen9nationaldex-1992101540","p1":"Feigar2004","p2":"Prestigouspenguin7","format":"[Gen 9] National Dex","log":"|j|\u2606Feigar2004\n|j|\u2606Prestigouspenguin7\n|t:|1700155209\n|gametype|singles\n|player|p1|Feigar2004|benga|1258\n|player|p2|Prestigouspenguin7|lucas|1307\n|teamsize|p1|6\n|teamsize|p2|6\n|gen|9\n|tier|[Gen 9] National Dex\n|rated|\n|rule|HP Percentage Mod: HP is shown in percentages\n|rule|Endless Battle Clause: Forcing endless battles is banned\n|rule|OHKO Clause: OHKO moves are banned\n|rule|Evasion Clause: Evasion abilities, items, and moves are banned\n|rule|Evasion Abilities Clause: Evasion abilities are banned\n|rule|Evasion Items Clause: Evasion items are banned\n|rule|Evasion Moves Clause: Evasion moves are banned\n|rule|Species Clause: Limit one of each Pok\u00e9mon\n|rule|Sleep Clause Mod: Limit one foe put to sleep\n|clearpoke\n|poke|p1|Leafeon, M|\n|poke|p1|Goodra, M|\n|poke|p1|Skarmory, M|\n|poke|p1|Corsola-Galar, F|\n|poke|p1|Tapu Koko|\n|poke|p1|Sneasler, M|\n|poke|p2|Volcarona, F|\n|poke|p2|Tapu Lele|\n|poke|p2|Urshifu-*, F|\n|poke|p2|Zapdos|\n|poke|p2|Gyarados, F|\n|poke|p2|Landorus-Therian, M|\n|teampreview\n|inactive|Battle timer is ON: inactive players will automatically lose when time's up. (requested by Feigar2004)\n|\n|t:|1700155220\n|start\n|switch|p1a: Tapu Koko|Tapu Koko|100\/100\n|switch|p2a: Lando|Landorus-Therian, M|100\/100\n|-fieldstart|move: Electric Terrain|[from] ability: Electric Surge|[of] p1a: Tapu Koko\n|-ability|p2a: Lando|Intimidate|boost\n|-unboost|p1a: Tapu Koko|atk|1\n|turn|1\n|\n|t:|1700155231\n|switch|p1a: Skarmory|Skarmory, M|100\/100\n|switch|p2a: Tapu Lele|Tapu Lele|100\/100\n|-fieldstart|move: Psychic Terrain|[from] ability: Psychic Surge|[of] p2a: Tapu Lele\n|\n|upkeep\n|turn|2\n|\n|t:|1700155237\n|move|p2a: Tapu Lele|Thunderbolt|p1a: Skarmory\n|-supereffective|p1a: Skarmory\n|-damage|p1a: Skarmory|11\/100\n|move|p1a: Skarmory|Stealth Rock|p2a: Tapu Lele\n|-sidestart|p2: Prestigouspenguin7|move: Stealth Rock\n|\n|upkeep\n|turn|3\n|\n|t:|1700155243\n|switch|p1a: Goodra|Goodra, M, shiny|100\/100\n|move|p2a: Tapu Lele|Thunderbolt|p1a: Goodra\n|-resisted|p1a: Goodra\n|-damage|p1a: Goodra|94\/100\n|\n|upkeep\n|turn|4\n|\n|t:|1700155248\n|switch|p2a: Lando|Landorus-Therian, M|100\/100\n|-damage|p2a: Lando|88\/100|[from] Stealth Rock\n|-ability|p2a: Lando|Intimidate|boost\n|-unboost|p1a: Goodra|atk|1\n|move|p1a: Goodra|Sludge Wave|p2a: Lando\n|-resisted|p2a: Lando\n|-crit|p2a: Lando\n|-damage|p2a: Lando|62\/100\n|\n|-heal|p2a: Lando|68\/100|[from] item: Leftovers\n|upkeep\n|turn|5\n|\n|t:|1700155255\n|move|p2a: Lando|Defog|p1a: Goodra\n|-unboost|p1a: Goodra|evasion|1\n|-sideend|p2: Prestigouspenguin7|Stealth Rock|[from] move: Defog|[of] p2a: Lando\n|-fieldend|move: Psychic Terrain\n|move|p1a: Goodra|Surf|p2a: Lando\n|-supereffective|p2a: Lando\n|-damage|p2a: Lando|5\/100\n|\n|-heal|p2a: Lando|11\/100|[from] item: Leftovers\n|upkeep\n|turn|6\n|\n|t:|1700155269\n|move|p2a: Lando|Stealth Rock|p1a: Goodra\n|-sidestart|p1: Feigar2004|move: Stealth Rock\n|move|p1a: Goodra|Surf|p2a: Lando\n|-supereffective|p2a: Lando\n|-damage|p2a: Lando|0 fnt\n|faint|p2a: Lando\n|\n|upkeep\n|\n|t:|1700155273\n|switch|p2a: Tapu Lele|Tapu Lele|100\/100\n|-fieldstart|move: Psychic Terrain|[from] ability: Psychic Surge|[of] p2a: Tapu Lele\n|turn|7\n|\n|t:|1700155277\n|move|p2a: Tapu Lele|Moonblast|p1a: Goodra\n|-supereffective|p1a: Goodra\n|-damage|p1a: Goodra|55\/100\n|move|p1a: Goodra|Sludge Wave|p2a: Tapu Lele\n|-supereffective|p2a: Tapu Lele\n|-damage|p2a: Tapu Lele|27\/100\n|-status|p2a: Tapu Lele|psn\n|\n|-damage|p2a: Tapu Lele|15\/100 psn|[from] psn\n|upkeep\n|turn|8\n|\n|t:|1700155302\n|switch|p1a: Corsola|Corsola-Galar, F|100\/100\n|-damage|p1a: Corsola|88\/100|[from] Stealth Rock\n|move|p2a: Tapu Lele|Moonblast|p1a: Corsola\n|-damage|p1a: Corsola|61\/100\n|-unboost|p1a: Corsola|spa|1\n|-start|p2a: Tapu Lele|Disable|Moonblast|[from] ability: Cursed Body|[of] p1a: Corsola\n|\n|-damage|p2a: Tapu Lele|2\/100 psn|[from] psn\n|upkeep\n|turn|9\n|\n|t:|1700155316\n|-activate|p2a: Tapu Lele|move: Struggle\n|move|p2a: Tapu Lele|Struggle|p1a: Corsola\n|-damage|p1a: Corsola|56\/100\n|-damage|p2a: Tapu Lele|0 fnt|[from] recoil\n|faint|p2a: Tapu Lele\n|move|p1a: Corsola|Strength Sap|p2: Tapu Lele|[notarget]\n|-fail|p1a: Corsola\n|\n|upkeep\n|inactive|Prestigouspenguin7 has 120 seconds left.\n|\n|t:|1700155357\n|switch|p2a: Volcarona|Volcarona, F|100\/100\n|turn|10\n|inactive|Feigar2004 has 120 seconds left.\n|inactive|Feigar2004 has 90 seconds left.\n|\n|t:|1700155434\n|move|p2a: Volcarona|Quiver Dance|p2a: Volcarona\n|-boost|p2a: Volcarona|spa|1\n|-boost|p2a: Volcarona|spd|1\n|-boost|p2a: Volcarona|spe|1\n|move|p1a: Corsola|Whirlpool|p2a: Volcarona\n|-supereffective|p2a: Volcarona\n|-damage|p2a: Volcarona|95\/100\n|-activate|p2a: Volcarona|move: Whirlpool|[of] p1a: Corsola\n|\n|-damage|p2a: Volcarona|83\/100|[from] move: Whirlpool|[partiallytrapped]\n|upkeep\n|turn|11\n|c|\u2606Prestigouspenguin7|Wait cursola gets headsmash\n|\n|t:|1700155458\n|move|p2a: Volcarona|Quiver Dance|p2a: Volcarona\n|-boost|p2a: Volcarona|spa|1\n|-boost|p2a: Volcarona|spd|1\n|-boost|p2a: Volcarona|spe|1\n|move|p1a: Corsola|Haze|p1a: Corsola\n|-clearallboost\n|\n|-damage|p2a: Volcarona|71\/100|[from] move: Whirlpool|[partiallytrapped]\n|-fieldend|move: Psychic Terrain\n|upkeep\n|turn|12\n|inactive|Feigar2004 has 90 seconds left.\n|\n|t:|1700155483\n|move|p2a: Volcarona|Giga Drain|p1a: Corsola\n|-damage|p1a: Corsola|40\/100\n|-heal|p2a: Volcarona|79\/100|[from] drain|[of] p1a: Corsola\n|move|p1a: Corsola|Strength Sap|p2a: Volcarona\n|-unboost|p2a: Volcarona|atk|1\n|-heal|p1a: Corsola|75\/100\n|\n|-damage|p2a: Volcarona|67\/100|[from] move: Whirlpool|[partiallytrapped]\n|upkeep\n|turn|13\n|\n|t:|1700155490\n|move|p2a: Volcarona|Quiver Dance|p2a: Volcarona\n|-boost|p2a: Volcarona|spa|1\n|-boost|p2a: Volcarona|spd|1\n|-boost|p2a: Volcarona|spe|1\n|move|p1a: Corsola|Strength Sap|p2a: Volcarona\n|-unboost|p2a: Volcarona|atk|1\n|-heal|p1a: Corsola|97\/100\n|\n|-damage|p2a: Volcarona|55\/100|[from] move: Whirlpool|[partiallytrapped]\n|upkeep\n|turn|14\n|\n|t:|1700155494\n|move|p2a: Volcarona|Giga Drain|p1a: Corsola\n|-damage|p1a: Corsola|75\/100\n|-heal|p2a: Volcarona|66\/100|[from] drain|[of] p1a: Corsola\n|move|p1a: Corsola|Haze|p1a: Corsola\n|-clearallboost\n|\n|-end|p2a: Volcarona|Whirlpool|[partiallytrapped]\n|upkeep\n|turn|15\n|inactive|Prestigouspenguin7 has 120 seconds left.\n|\n|t:|1700155513\n|switch|p2a: Gya|Gyarados, F|100\/100\n|-ability|p2a: Gya|Intimidate|boost\n|-unboost|p1a: Corsola|atk|1\n|move|p1a: Corsola|Whirlpool|p2a: Gya\n|-resisted|p2a: Gya\n|-damage|p2a: Gya|97\/100\n|-activate|p2a: Gya|move: Whirlpool|[of] p1a: Corsola\n|\n|-damage|p2a: Gya|85\/100|[from] move: Whirlpool|[partiallytrapped]\n|upkeep\n|turn|16\n|inactive|Prestigouspenguin7 has 120 seconds left.\n|\n|t:|1700155525\n|detailschange|p2a: Gya|Gyarados-Mega, F\n|-mega|p2a: Gya|Gyarados|Gyaradosite\n|-ability|p2a: Gya|Mold Breaker\n|move|p2a: Gya|Crunch|p1a: Corsola\n|-supereffective|p1a: Corsola\n|-damage|p1a: Corsola|3\/100\n|-start|p2a: Gya|Disable|Crunch|[from] ability: Cursed Body|[of] p1a: Corsola\n|move|p1a: Corsola|Will-O-Wisp|p2a: Gya\n|-status|p2a: Gya|brn\n|\n|-damage|p2a: Gya|79\/100 brn|[from] brn\n|-damage|p2a: Gya|67\/100 brn|[from] move: Whirlpool|[partiallytrapped]\n|upkeep\n|turn|17\n|inactive|Prestigouspenguin7 has 120 seconds left.\n|c|\u2606Prestigouspenguin7|What is this bulls s h i t\n|inactive|Prestigouspenguin7 has 90 seconds left.\n|c|\u2606Prestigouspenguin7|3% into disable into will o wisp hit\n|\n|t:|1700155573\n|move|p2a: Gya|Waterfall|p1a: Corsola\n|-damage|p1a: Corsola|0 fnt\n|faint|p1a: Corsola\n|\n|-damage|p2a: Gya|61\/100 brn|[from] brn\n|-end|p2a: Gya|Whirlpool|[partiallytrapped]|[silent]\n|upkeep\n|\n|t:|1700155585\n|switch|p1a: Leafeon|Leafeon, M|100\/100\n|-damage|p1a: Leafeon|88\/100|[from] Stealth Rock\n|turn|18\n|\n|t:|1700155588\n|switch|p2a: Volcarona|Volcarona, F|66\/100\n|move|p1a: Leafeon|Swords Dance|p1a: Leafeon\n|-boost|p1a: Leafeon|atk|2\n|\n|-heal|p1a: Leafeon|94\/100|[from] item: Leftovers\n|upkeep\n|turn|19\n|\n|t:|1700155595\n|switch|p1a: Skarmory|Skarmory, M|11\/100\n|-damage|p1a: Skarmory|0 fnt|[from] Stealth Rock\n|faint|p1a: Skarmory\n|move|p2a: Volcarona|Fiery Dance|p1: Skarmory|[notarget]\n|-fail|p2a: Volcarona\n|\n|upkeep\n|\n|t:|1700155607\n|switch|p1a: Tapu Koko|Tapu Koko|100\/100\n|-damage|p1a: Tapu Koko|88\/100|[from] Stealth Rock\n|-fieldstart|move: Electric Terrain|[from] ability: Electric Surge|[of] p1a: Tapu Koko\n|turn|20\n|\n|t:|1700155613\n|-terastallize|p2a: Volcarona|Grass\n|move|p1a: Tapu Koko|Thunderbolt|p2a: Volcarona\n|-resisted|p2a: Volcarona\n|-damage|p2a: Volcarona|32\/100\n|-damage|p1a: Tapu Koko|78\/100|[from] item: Life Orb\n|move|p2a: Volcarona|Quiver Dance|p2a: Volcarona\n|-boost|p2a: Volcarona|spa|1\n|-boost|p2a: Volcarona|spd|1\n|-boost|p2a: Volcarona|spe|1\n|\n|upkeep\n|turn|21\n|inactive|Feigar2004 has 120 seconds left.\n|\n|t:|1700155637\n|move|p2a: Volcarona|Giga Drain|p1a: Tapu Koko\n|-damage|p1a: Tapu Koko|0 fnt\n|-heal|p2a: Volcarona|67\/100|[from] drain|[of] p1a: Tapu Koko\n|faint|p1a: Tapu Koko\n|\n|upkeep\n|\n|t:|1700155645\n|switch|p1a: Sneasler|Sneasler, M|100\/100\n|-damage|p1a: Sneasler|95\/100|[from] Stealth Rock\n|-enditem|p1a: Sneasler|Electric Seed\n|-boost|p1a: Sneasler|def|1|[from] item: Electric Seed\n|turn|22\n|inactive|Prestigouspenguin7 has 120 seconds left.\n|\n|t:|1700155674\n|move|p1a: Sneasler|Dire Claw|p2a: Volcarona\n|-supereffective|p2a: Volcarona\n|-damage|p2a: Volcarona|0 fnt\n|faint|p2a: Volcarona\n|\n|upkeep\n|\n|t:|1700155679\n|switch|p2a: Gya|Gyarados-Mega, F|61\/100 brn\n|-ability|p2a: Gya|Mold Breaker\n|turn|23\n|inactive|Feigar2004 has 120 seconds left.\n|\n|t:|1700155707\n|move|p1a: Sneasler|Brick Break|p2a: Gya\n|-supereffective|p2a: Gya\n|-damage|p2a: Gya|0 fnt\n|faint|p2a: Gya\n|\n|upkeep\n|\n|t:|1700155714\n|switch|p2a: Uno|Zapdos|100\/100\n|turn|24\n|inactive|Feigar2004 has 120 seconds left.\n|\n|t:|1700155727\n|move|p1a: Sneasler|Dire Claw|p2a: Uno\n|-damage|p2a: Uno|64\/100\n|-status|p2a: Uno|psn\n|move|p2a: Uno|Hurricane|p1a: Sneasler\n|-supereffective|p1a: Sneasler\n|-damage|p1a: Sneasler|0 fnt\n|faint|p1a: Sneasler\n|\n|-damage|p2a: Uno|52\/100 psn|[from] psn\n|-fieldend|move: Electric Terrain\n|upkeep\n|\n|t:|1700155732\n|switch|p1a: Goodra|Goodra, M, shiny|55\/100\n|-damage|p1a: Goodra|42\/100|[from] Stealth Rock\n|turn|25\n|\n|t:|1700155734\n|move|p2a: Uno|Roost|p2a: Uno\n|-heal|p2a: Uno|100\/100 psn\n|-singleturn|p2a: Uno|move: Roost\n|move|p1a: Goodra|Dragon Pulse|p2a: Uno\n|-damage|p2a: Uno|56\/100 psn\n|\n|-damage|p2a: Uno|43\/100 psn|[from] psn\n|upkeep\n|turn|26\n|\n|t:|1700155742\n|move|p2a: Uno|Hidden Power|p1a: Goodra\n|-supereffective|p1a: Goodra\n|-damage|p1a: Goodra|26\/100\n|move|p1a: Goodra|Dragon Pulse|p2a: Uno\n|-damage|p2a: Uno|0 fnt\n|faint|p2a: Uno\n|\n|upkeep\n|\n|t:|1700155746\n|switch|p2a: Funny looking Bear|Urshifu-Rapid-Strike, F|100\/100\n|turn|27\n|\n|t:|1700155752\n|move|p2a: Funny looking Bear|Close Combat|p1a: Goodra\n|-damage|p1a: Goodra|0 fnt\n|-unboost|p2a: Funny looking Bear|def|1\n|-unboost|p2a: Funny looking Bear|spd|1\n|faint|p1a: Goodra\n|\n|upkeep\n|\n|t:|1700155755\n|switch|p1a: Leafeon|Leafeon, M|94\/100\n|-damage|p1a: Leafeon|82\/100|[from] Stealth Rock\n|turn|28\n|\n|t:|1700155758\n|move|p2a: Funny looking Bear|Close Combat|p1a: Leafeon\n|-damage|p1a: Leafeon|33\/100\n|-unboost|p2a: Funny looking Bear|def|1\n|-unboost|p2a: Funny looking Bear|spd|1\n|move|p1a: Leafeon|Leaf Blade|p2a: Funny looking Bear\n|-supereffective|p2a: Funny looking Bear\n|-damage|p2a: Funny looking Bear|0 fnt\n|faint|p2a: Funny looking Bear\n|\n|win|Feigar2004\n|raw|Feigar2004's rating: 1258 &rarr; <strong>1287<\/strong><br \/>(+29 for winning)\n|raw|Prestigouspenguin7's rating: 1307 &rarr; <strong>1284<\/strong><br \/>(-23 for losing)\n|l|\u2606Prestigouspenguin7\n","uploadtime":1700155771,"views":10,"p1id":"feigar2004","p2id":"prestigouspenguin7","formatid":"gen9nationaldex","rating":1284,"private":0,"password":""}