{"id":"gen9nationaldex-1987466138","p1":"hackilla15","p2":"Fubuki09k","format":"[Gen 9] National Dex","log":"|j|\u2606hackilla15\n|j|\u2606Fubuki09k\n|t:|1699596060\n|gametype|singles\n|player|p1|hackilla15|ethan|1193\n|player|p2|Fubuki09k|backpacker|1230\n|teamsize|p1|6\n|teamsize|p2|6\n|gen|9\n|tier|[Gen 9] National Dex\n|rated|\n|rule|HP Percentage Mod: HP is shown in percentages\n|rule|Endless Battle Clause: Forcing endless battles is banned\n|rule|OHKO Clause: OHKO moves are banned\n|rule|Evasion Clause: Evasion abilities, items, and moves are banned\n|rule|Evasion Abilities Clause: Evasion abilities are banned\n|rule|Evasion Items Clause: Evasion items are banned\n|rule|Evasion Moves Clause: Evasion moves are banned\n|rule|Species Clause: Limit one of each Pok\u00e9mon\n|rule|Sleep Clause Mod: Limit one foe put to sleep\n|clearpoke\n|poke|p1|Dragonite, M|\n|poke|p1|Sceptile, M|\n|poke|p1|Typhlosion-Hisui, M|\n|poke|p1|Corviknight, F|\n|poke|p1|Tyranitar, M|\n|poke|p1|Urshifu-*, M|\n|poke|p2|Charizard, M|\n|poke|p2|Ditto|\n|poke|p2|Gliscor, M|\n|poke|p2|Scizor, M|\n|poke|p2|Staraptor, M|\n|poke|p2|Serperior, F|\n|teampreview\n|inactive|Battle timer is ON: inactive players will automatically lose when time's up. (requested by Fubuki09k)\n|\n|t:|1699596066\n|start\n|switch|p1a: Corviknight|Corviknight, F, shiny|100\/100\n|switch|p2a: Blades|Scizor, M|100\/100\n|turn|1\n|\n|t:|1699596074\n|switch|p2a: Ichi|Charizard, M|100\/100\n|move|p1a: Corviknight|Taunt|p2a: Ichi\n|-start|p2a: Ichi|move: Taunt\n|\n|upkeep\n|turn|2\n|\n|t:|1699596084\n|detailschange|p2a: Ichi|Charizard-Mega-X, M\n|-mega|p2a: Ichi|Charizard|Charizardite X\n|move|p2a: Ichi|Flare Blitz|p1a: Corviknight\n|-supereffective|p1a: Corviknight\n|-damage|p1a: Corviknight|0 fnt\n|faint|p1a: Corviknight\n|-damage|p2a: Ichi|67\/100|[from] Recoil\n|\n|upkeep\n|\n|t:|1699596089\n|switch|p1a: Tyranitar|Tyranitar, M|100\/100\n|-weather|Sandstorm|[from] ability: Sand Stream|[of] p1a: Tyranitar\n|turn|3\n|\n|t:|1699596095\n|detailschange|p1a: Tyranitar|Tyranitar-Mega, M\n|-mega|p1a: Tyranitar|Tyranitar|Tyranitarite\n|move|p2a: Ichi|Earthquake|p1a: Tyranitar\n|-supereffective|p1a: Tyranitar\n|-damage|p1a: Tyranitar|64\/100\n|move|p1a: Tyranitar|Dragon Dance|p1a: Tyranitar\n|-boost|p1a: Tyranitar|atk|1\n|-boost|p1a: Tyranitar|spe|1\n|\n|-weather|Sandstorm|[upkeep]\n|-damage|p2a: Ichi|61\/100|[from] Sandstorm\n|-end|p2a: Ichi|move: Taunt\n|upkeep\n|turn|4\n|\n|t:|1699596109\n|move|p1a: Tyranitar|Earthquake|p2a: Ichi\n|-supereffective|p2a: Ichi\n|-crit|p2a: Ichi\n|-damage|p2a: Ichi|0 fnt\n|faint|p2a: Ichi\n|\n|-weather|Sandstorm|[upkeep]\n|upkeep\n|\n|t:|1699596116\n|switch|p2a: Blades|Scizor, M|100\/100\n|turn|5\n|\n|t:|1699596119\n|switch|p1a: Urshifu|Urshifu-Rapid-Strike, M|100\/100\n|move|p2a: Blades|Swords Dance|p2a: Blades\n|-boost|p2a: Blades|atk|2\n|\n|-weather|Sandstorm|[upkeep]\n|-damage|p1a: Urshifu|94\/100|[from] Sandstorm\n|upkeep\n|turn|6\n|\n|t:|1699596128\n|move|p1a: Urshifu|Bulk Up|p1a: Urshifu\n|-boost|p1a: Urshifu|atk|1\n|-boost|p1a: Urshifu|def|1\n|move|p2a: Blades|Dual Wingbeat|p1a: Urshifu\n|-supereffective|p1a: Urshifu\n|-damage|p1a: Urshifu|45\/100\n|-supereffective|p1a: Urshifu\n|-damage|p1a: Urshifu|2\/100\n|-hitcount|p1a: Urshifu|2\n|\n|-weather|Sandstorm|[upkeep]\n|-damage|p1a: Urshifu|0 fnt|[from] Sandstorm\n|faint|p1a: Urshifu\n|upkeep\n|\n|t:|1699596132\n|switch|p1a: Typhlosion|Typhlosion-Hisui, M, shiny|100\/100\n|-item|p2a: Blades|Leftovers|[from] ability: Frisk|[of] p1a: Typhlosion|[identify]\n|turn|7\n|inactiveoff|Battle timer is now OFF.\n|inactive|Battle timer is ON: inactive players will automatically lose when time's up. (requested by hackilla15)\n|inactive|Fubuki09k has 120 seconds left.\n|inactive|Fubuki09k has 90 seconds left.\n|\n|t:|1699596209\n|switch|p2a: Scar|Gliscor, M|100\/100\n|move|p1a: Typhlosion|Burn Up|p2a: Scar\n|-damage|p2a: Scar|31\/100\n|-start|p1a: Typhlosion|typechange|???\/Ghost|[from] move: Burn Up\n|\n|-weather|none\n|-status|p2a: Scar|tox|[from] item: Toxic Orb\n|upkeep\n|turn|8\n|inactive|Fubuki09k has 90 seconds left.\n|\n|t:|1699596221\n|move|p1a: Typhlosion|Shadow Ball|p2a: Scar\n|-damage|p2a: Scar|0 fnt\n|faint|p2a: Scar\n|\n|upkeep\n|\n|t:|1699596232\n|switch|p2a: Rimu|Ditto, shiny|100\/100\n|-transform|p2a: Rimu|p1a: Typhlosion|[from] ability: Imposter\n|-item|p1a: Typhlosion|Assault Vest|[from] ability: Frisk|[of] p2a: Rimu|[identify]\n|turn|9\n|\n|t:|1699596254\n|-terastallize|p1a: Typhlosion|Fire\n|move|p2a: Rimu|Shadow Ball|p1a: Typhlosion\n|-damage|p1a: Typhlosion|66\/100\n|move|p1a: Typhlosion|Burn Up|p2a: Rimu\n|-damage|p2a: Rimu|19\/100\n|-start|p1a: Typhlosion|typechange|Fire|[from] move: Burn Up\n|\n|upkeep\n|turn|10\n|\n|t:|1699596272\n|switch|p2a: Taka|Staraptor, M|100\/100\n|move|p1a: Typhlosion|Burn Up|p2a: Taka\n|-damage|p2a: Taka|0 fnt\n|-start|p1a: Typhlosion|typechange|Fire|[from] move: Burn Up\n|faint|p2a: Taka\n|\n|upkeep\n|inactive|Fubuki09k has 60 seconds left.\n|\n|t:|1699596295\n|switch|p2a: Rimu|Ditto, shiny|19\/100\n|-transform|p2a: Rimu|p1a: Typhlosion|[from] ability: Imposter\n|-item|p1a: Typhlosion|Assault Vest|[from] ability: Frisk|[of] p2a: Rimu|[identify]\n|-start|p2a: Rimu|typechange|???\/Ghost|[silent]\n|turn|11\n|\n|t:|1699596308\n|move|p2a: Rimu|Shadow Ball|p1a: Typhlosion\n|-damage|p1a: Typhlosion|30\/100\n|move|p1a: Typhlosion|Burn Up|p2a: Rimu\n|-damage|p2a: Rimu|0 fnt\n|-start|p1a: Typhlosion|typechange|Fire|[from] move: Burn Up\n|faint|p2a: Rimu\n|\n|upkeep\n|\n|t:|1699596318\n|switch|p2a: Kaa|Serperior, F|100\/100\n|turn|12\n|\n|t:|1699596321\n|move|p1a: Typhlosion|Burn Up|p2a: Kaa\n|-supereffective|p2a: Kaa\n|-damage|p2a: Kaa|0 fnt\n|-start|p1a: Typhlosion|typechange|Fire|[from] move: Burn Up\n|faint|p2a: Kaa\n|\n|upkeep\n|inactive|Fubuki09k has 60 seconds left.\n|inactive|Fubuki09k has 30 seconds left.\n|inactive|Fubuki09k has 20 seconds left.\n|inactive|Fubuki09k has 15 seconds left.\n|inactive|Fubuki09k has 10 seconds left.\n|inactive|Fubuki09k has 5 seconds left.\n|-message|Fubuki09k lost due to inactivity.\n|\n|win|hackilla15\n|raw|hackilla15's rating: 1193 &rarr; <strong>1219<\/strong><br \/>(+26 for winning)\n|raw|Fubuki09k's rating: 1212 &rarr; <strong>1186<\/strong><br \/>(-26 for losing)\n","uploadtime":1699596396,"views":18,"p1id":"hackilla15","p2id":"fubuki09k","formatid":"gen9nationaldex","rating":1186,"private":0,"password":""}