{"id":"gen9nationaldex-1992328813","p1":"yeet319","p2":"meincloud","format":"[Gen 9] National Dex","log":"|j|\u2606yeet319\n|j|\u2606meincloud\n|t:|1700175225\n|gametype|singles\n|player|p1|yeet319|102|1102\n|player|p2|meincloud|265|1004\n|teamsize|p1|6\n|teamsize|p2|6\n|gen|9\n|tier|[Gen 9] National Dex\n|rated|\n|rule|HP Percentage Mod: HP is shown in percentages\n|rule|Endless Battle Clause: Forcing endless battles is banned\n|rule|OHKO Clause: OHKO moves are banned\n|rule|Evasion Clause: Evasion abilities, items, and moves are banned\n|rule|Evasion Abilities Clause: Evasion abilities are banned\n|rule|Evasion Items Clause: Evasion items are banned\n|rule|Evasion Moves Clause: Evasion moves are banned\n|rule|Species Clause: Limit one of each Pok\u00e9mon\n|rule|Sleep Clause Mod: Limit one foe put to sleep\n|clearpoke\n|poke|p1|Polteageist|\n|poke|p1|Moltres-Galar|\n|poke|p1|Sinistcha|\n|poke|p1|Iron Valiant|\n|poke|p1|Cloyster, F|\n|poke|p1|Ditto|\n|poke|p2|Lucario, F|\n|poke|p2|Celesteela|\n|poke|p2|Scizor, M|\n|poke|p2|Heatran, M|\n|poke|p2|Skarmory, M|\n|poke|p2|Bisharp, M|\n|teampreview\n|c|\u2606yeet319|gl\n|inactive|Battle timer is ON: inactive players will automatically lose when time's up. (requested by yeet319)\n|\n|t:|1700175242\n|start\n|switch|p1a: Polteageist|Polteageist|100\/100\n|switch|p2a: Scizor|Scizor, M|100\/100\n|turn|1\n|\n|t:|1700175254\n|switch|p1a: Moltres|Moltres-Galar, shiny|100\/100\n|move|p2a: Scizor|Swords Dance|p2a: Scizor\n|-boost|p2a: Scizor|atk|2\n|\n|upkeep\n|turn|2\n|\n|t:|1700175267\n|move|p1a: Moltres|Nasty Plot|p1a: Moltres\n|-boost|p1a: Moltres|spa|2\n|move|p2a: Scizor|Lunge|p1a: Moltres\n|-damage|p1a: Moltres|1\/100\n|-unboost|p1a: Moltres|atk|1\n|-ability|p1a: Moltres|Berserk|boost\n|-boost|p1a: Moltres|spa|1\n|\n|upkeep\n|turn|3\n|c|\u2606yeet319|oh god\n|\n|t:|1700175276\n|move|p2a: Scizor|Bullet Punch|p1a: Moltres\n|-damage|p1a: Moltres|0 fnt\n|faint|p1a: Moltres\n|\n|upkeep\n|\n|t:|1700175280\n|switch|p1a: Iron Valiant|Iron Valiant|100\/100\n|-enditem|p1a: Iron Valiant|Booster Energy\n|-activate|p1a: Iron Valiant|ability: Quark Drive|[fromitem]\n|-start|p1a: Iron Valiant|quarkdrivespe\n|turn|4\n|\n|t:|1700175300\n|move|p2a: Scizor|Bullet Punch|p1a: Iron Valiant\n|-supereffective|p1a: Iron Valiant\n|-damage|p1a: Iron Valiant|0 fnt\n|faint|p1a: Iron Valiant\n|-end|p1a: Iron Valiant|Quark Drive|[silent]\n|\n|upkeep\n|\n|t:|1700175305\n|switch|p1a: Sinistcha|Sinistcha|100\/100\n|turn|5\n|\n|t:|1700175319\n|move|p1a: Sinistcha|Strength Sap|p2a: Scizor\n|-unboost|p2a: Scizor|atk|1\n|move|p2a: Scizor|Lunge|p1a: Sinistcha\n|-damage|p1a: Sinistcha|35\/100\n|-unboost|p1a: Sinistcha|atk|1\n|\n|-heal|p1a: Sinistcha|42\/100|[from] item: Leftovers\n|upkeep\n|turn|6\n|\n|t:|1700175325\n|move|p1a: Sinistcha|Strength Sap|p2a: Scizor\n|-unboost|p2a: Scizor|atk|1\n|-heal|p1a: Sinistcha|100\/100\n|move|p2a: Scizor|Lunge|p1a: Sinistcha\n|-damage|p1a: Sinistcha|57\/100\n|-unboost|p1a: Sinistcha|atk|1\n|\n|-heal|p1a: Sinistcha|63\/100|[from] item: Leftovers\n|upkeep\n|turn|7\n|\n|t:|1700175337\n|move|p2a: Scizor|Bullet Punch|p1a: Sinistcha\n|-damage|p1a: Sinistcha|30\/100\n|move|p1a: Sinistcha|Strength Sap|p2a: Scizor\n|-unboost|p2a: Scizor|atk|1\n|-heal|p1a: Sinistcha|100\/100\n|\n|upkeep\n|turn|8\n|\n|t:|1700175352\n|move|p1a: Sinistcha|Strength Sap|p2a: Scizor\n|-unboost|p2a: Scizor|atk|1\n|move|p2a: Scizor|Iron Head|p1a: Sinistcha\n|-damage|p1a: Sinistcha|80\/100\n|\n|-heal|p1a: Sinistcha|86\/100|[from] item: Leftovers\n|upkeep\n|turn|9\n|\n|t:|1700175367\n|switch|p2a: Lucario|Lucario, F|100\/100\n|move|p1a: Sinistcha|Calm Mind|p1a: Sinistcha\n|-boost|p1a: Sinistcha|spa|1\n|-boost|p1a: Sinistcha|spd|1\n|\n|-heal|p1a: Sinistcha|92\/100|[from] item: Leftovers\n|upkeep\n|turn|10\n|\n|t:|1700175378\n|move|p2a: Lucario|Aura Sphere|p1a: Sinistcha\n|-immune|p1a: Sinistcha\n|move|p1a: Sinistcha|Shadow Ball|p2a: Lucario\n|-enditem|p2a: Lucario|Focus Sash\n|-damage|p2a: Lucario|1\/100\n|\n|-heal|p1a: Sinistcha|98\/100|[from] item: Leftovers\n|upkeep\n|turn|11\n|\n|t:|1700175389\n|move|p2a: Lucario|Flash Cannon|p1a: Sinistcha\n|-damage|p1a: Sinistcha|68\/100\n|move|p1a: Sinistcha|Calm Mind|p1a: Sinistcha\n|-boost|p1a: Sinistcha|spa|1\n|-boost|p1a: Sinistcha|spd|1\n|\n|-heal|p1a: Sinistcha|74\/100|[from] item: Leftovers\n|upkeep\n|turn|12\n|\n|t:|1700175399\n|move|p2a: Lucario|Nasty Plot|p2a: Lucario\n|-boost|p2a: Lucario|spa|2\n|move|p1a: Sinistcha|Calm Mind|p1a: Sinistcha\n|-boost|p1a: Sinistcha|spa|1\n|-boost|p1a: Sinistcha|spd|1\n|\n|-heal|p1a: Sinistcha|80\/100|[from] item: Leftovers\n|upkeep\n|turn|13\n|\n|t:|1700175406\n|move|p2a: Lucario|Aura Sphere|p1a: Sinistcha\n|-immune|p1a: Sinistcha\n|move|p1a: Sinistcha|Shadow Ball|p2a: Lucario\n|-damage|p2a: Lucario|0 fnt\n|faint|p2a: Lucario\n|\n|-heal|p1a: Sinistcha|86\/100|[from] item: Leftovers\n|upkeep\n|\n|t:|1700175417\n|switch|p2a: Celesteela|Celesteela|100\/100\n|turn|14\n|\n|t:|1700175431\n|move|p1a: Sinistcha|Shadow Ball|p2a: Celesteela\n|-damage|p2a: Celesteela|9\/100\n|move|p2a: Celesteela|Leech Seed|p1a: Sinistcha\n|-immune|p1a: Sinistcha\n|\n|-heal|p1a: Sinistcha|92\/100|[from] item: Leftovers\n|-heal|p2a: Celesteela|15\/100|[from] item: Leftovers\n|upkeep\n|turn|15\n|\n|t:|1700175440\n|switch|p2a: Skarmory|Skarmory, M|100\/100\n|move|p1a: Sinistcha|Shadow Ball|p2a: Skarmory\n|-ability|p2a: Skarmory|Sturdy\n|-damage|p2a: Skarmory|1\/100\n|\n|-heal|p1a: Sinistcha|98\/100|[from] item: Leftovers\n|upkeep\n|turn|16\n|c|\u2606yeet319|bruuuuh\n|\n|t:|1700175454\n|move|p2a: Skarmory|Brave Bird|p1a: Sinistcha\n|-supereffective|p1a: Sinistcha\n|-damage|p1a: Sinistcha|34\/100\n|-damage|p2a: Skarmory|0 fnt|[from] Recoil\n|faint|p2a: Skarmory\n|move|p1a: Sinistcha|Matcha Gotcha|p2: Skarmory|[notarget]\n|-fail|p1a: Sinistcha\n|\n|-heal|p1a: Sinistcha|40\/100|[from] item: Leftovers\n|upkeep\n|\n|t:|1700175459\n|switch|p2a: Bisharp|Bisharp, M|100\/100\n|turn|17\n|\n|t:|1700175463\n|move|p2a: Bisharp|Foul Play|p1a: Sinistcha\n|-supereffective|p1a: Sinistcha\n|-damage|p1a: Sinistcha|24\/100\n|move|p1a: Sinistcha|Strength Sap|p2a: Bisharp\n|-unboost|p2a: Bisharp|atk|1\n|-heal|p1a: Sinistcha|90\/100\n|\n|-heal|p1a: Sinistcha|96\/100|[from] item: Leftovers\n|upkeep\n|turn|18\n|\n|t:|1700175480\n|move|p2a: Bisharp|Swords Dance|p2a: Bisharp\n|-boost|p2a: Bisharp|atk|2\n|move|p1a: Sinistcha|Matcha Gotcha|p2a: Bisharp\n|-resisted|p2a: Bisharp\n|-damage|p2a: Bisharp|32\/100\n|-heal|p1a: Sinistcha|100\/100|[from] drain|[of] p2a: Bisharp\n|\n|-heal|p2a: Bisharp|38\/100|[from] item: Leftovers\n|upkeep\n|turn|19\n|\n|t:|1700175490\n|move|p1a: Sinistcha|Strength Sap|p2a: Bisharp\n|-unboost|p2a: Bisharp|atk|1\n|move|p2a: Bisharp|Foul Play|p1a: Sinistcha\n|-supereffective|p1a: Sinistcha\n|-damage|p1a: Sinistcha|84\/100\n|\n|-heal|p1a: Sinistcha|90\/100|[from] item: Leftovers\n|-heal|p2a: Bisharp|44\/100|[from] item: Leftovers\n|upkeep\n|turn|20\n|\n|t:|1700175500\n|move|p2a: Bisharp|Swords Dance|p2a: Bisharp\n|-boost|p2a: Bisharp|atk|2\n|move|p1a: Sinistcha|Matcha Gotcha|p2a: Bisharp\n|-resisted|p2a: Bisharp\n|-damage|p2a: Bisharp|0 fnt\n|-heal|p1a: Sinistcha|100\/100|[from] drain|[of] p2a: Bisharp\n|faint|p2a: Bisharp\n|\n|upkeep\n|\n|t:|1700175509\n|switch|p2a: Heatran|Heatran, M|100\/100\n|turn|21\n|\n|t:|1700175523\n|-zpower|p2a: Heatran\n|move|p2a: Heatran|Inferno Overdrive|p1a: Sinistcha|[zeffect]\n|-supereffective|p1a: Sinistcha\n|-damage|p1a: Sinistcha|0 fnt\n|faint|p1a: Sinistcha\n|\n|upkeep\n|c|\u2606yeet319|no\n|\n|t:|1700175533\n|switch|p1a: Cloyster|Cloyster, F|100\/100\n|turn|22\n|\n|t:|1700175542\n|move|p1a: Cloyster|Shell Smash|p1a: Cloyster\n|-unboost|p1a: Cloyster|def|1\n|-unboost|p1a: Cloyster|spd|1\n|-boost|p1a: Cloyster|atk|2\n|-boost|p1a: Cloyster|spa|2\n|-boost|p1a: Cloyster|spe|2\n|move|p2a: Heatran|Earth Power|p1a: Cloyster\n|-enditem|p1a: Cloyster|Focus Sash\n|-damage|p1a: Cloyster|1\/100\n|\n|upkeep\n|turn|23\n|\n|t:|1700175573\n|move|p1a: Cloyster|Surf|p2a: Heatran\n|-supereffective|p2a: Heatran\n|-damage|p2a: Heatran|4\/100\n|move|p2a: Heatran|Fire Blast|p1a: Cloyster\n|-damage|p1a: Cloyster|0 fnt\n|faint|p1a: Cloyster\n|\n|upkeep\n|\n|t:|1700175578\n|switch|p1a: Ditto|Ditto|100\/100\n|-transform|p1a: Ditto|p2a: Heatran|[from] ability: Imposter\n|turn|24\n|\n|t:|1700175587\n|move|p2a: Heatran|Fire Blast|p1a: Ditto\n|-start|p1a: Ditto|ability: Flash Fire\n|move|p1a: Ditto|Earth Power|p2a: Heatran\n|-supereffective|p2a: Heatran\n|-damage|p2a: Heatran|0 fnt\n|faint|p2a: Heatran\n|\n|upkeep\n|\n|t:|1700175597\n|switch|p2a: Scizor|Scizor, M|100\/100\n|turn|25\n|\n|t:|1700175606\n|detailschange|p2a: Scizor|Scizor-Mega, M\n|-mega|p2a: Scizor|Scizor|Scizorite\n|move|p1a: Ditto|Fire Blast|p2a: Scizor\n|-supereffective|p2a: Scizor\n|-damage|p2a: Scizor|0 fnt\n|faint|p2a: Scizor\n|\n|upkeep\n|\n|t:|1700175611\n|switch|p2a: Celesteela|Celesteela|15\/100\n|turn|26\n|\n|t:|1700175617\n|-terastallize|p2a: Celesteela|Ground\n|move|p1a: Ditto|Fire Blast|p2a: Celesteela\n|-damage|p2a: Celesteela|0 fnt\n|faint|p2a: Celesteela\n|\n|win|yeet319\n|raw|yeet319's rating: 1102 &rarr; <strong>1120<\/strong><br \/>(+18 for winning)\n|raw|meincloud's rating: 1004 &rarr; <strong>1000<\/strong><br \/>(-4 for losing)\n|c|\u2606yeet319|gg\n|l|\u2606meincloud\n","uploadtime":1700175704,"views":10,"p1id":"yeet319","p2id":"meincloud","formatid":"gen9nationaldex","rating":1000,"private":0,"password":""}