{"id":"gen9nationaldex-1996850102","p1":"steals many wives","p2":"greengardenhose","format":"[Gen 9] National Dex","log":"|html|<div class=\"broadcast-blue\"><strong>[Gen 9] National Dex is currently suspecting Sneasler! For information on how to participate check out the <a href=\"https:\/\/www.smogon.com\/forums\/threads\/sv-national-dex-suspect-8-just-dance.3731534\/\">suspect thread<\/a>.<\/strong><\/div>\n|j|\u2606steals many wives\n|j|\u2606greengardenhose\n|t:|1700735209\n|gametype|singles\n|player|p1|steals many wives|waitress|1071\n|player|p2|greengardenhose|blackbelt-gen4dp|1136\n|teamsize|p1|6\n|teamsize|p2|6\n|gen|9\n|tier|[Gen 9] National Dex\n|rated|\n|rule|HP Percentage Mod: HP is shown in percentages\n|rule|Endless Battle Clause: Forcing endless battles is banned\n|rule|OHKO Clause: OHKO moves are banned\n|rule|Evasion Clause: Evasion abilities, items, and moves are banned\n|rule|Evasion Abilities Clause: Evasion abilities are banned\n|rule|Evasion Items Clause: Evasion items are banned\n|rule|Evasion Moves Clause: Evasion moves are banned\n|rule|Species Clause: Limit one of each Pok\u00e9mon\n|rule|Sleep Clause Mod: Limit one foe put to sleep\n|clearpoke\n|poke|p1|Volcarona, M|\n|poke|p1|Chandelure, F|\n|poke|p1|Rotom-Heat|\n|poke|p1|Victini|\n|poke|p1|Volcanion|\n|poke|p1|Charizard, F|\n|poke|p2|Rotom-Wash|\n|poke|p2|Iron Hands|\n|poke|p2|Tapu Koko|\n|poke|p2|Doublade, F|\n|poke|p2|Milotic, F|\n|poke|p2|Bisharp, F|\n|teampreview\n|\n|t:|1700735224\n|start\n|switch|p1a: Violence|Victini|100\/100\n|switch|p2a: Rotom|Rotom-Wash|100\/100\n|turn|1\n|\n|t:|1700735237\n|move|p1a: Violence|Bolt Strike|p2a: Rotom\n|-damage|p2a: Rotom|47\/100\n|move|p2a: Rotom|Hydro Pump|p1a: Violence\n|-supereffective|p1a: Violence\n|-damage|p1a: Violence|0 fnt\n|faint|p1a: Violence\n|\n|upkeep\n|\n|t:|1700735244\n|switch|p1a: Dragon Ballin'|Charizard, F|100\/100\n|turn|2\n|\n|t:|1700735256\n|detailschange|p1a: Dragon Ballin'|Charizard-Mega-X, F\n|-mega|p1a: Dragon Ballin'|Charizard|Charizardite X\n|move|p1a: Dragon Ballin'|Dragon Dance|p1a: Dragon Ballin'\n|-boost|p1a: Dragon Ballin'|atk|1\n|-boost|p1a: Dragon Ballin'|spe|1\n|move|p2a: Rotom|Hydro Pump|p1a: Dragon Ballin'\n|-damage|p1a: Dragon Ballin'|26\/100\n|\n|upkeep\n|turn|3\n|\n|t:|1700735269\n|move|p1a: Dragon Ballin'|Dragon Claw|p2a: Rotom\n|-damage|p2a: Rotom|0 fnt\n|faint|p2a: Rotom\n|\n|upkeep\n|\n|t:|1700735281\n|switch|p2a: Tapu Koko|Tapu Koko|100\/100\n|-fieldstart|move: Electric Terrain|[from] ability: Electric Surge|[of] p2a: Tapu Koko\n|turn|4\n|\n|t:|1700735287\n|move|p1a: Dragon Ballin'|Flare Blitz|p2a: Tapu Koko\n|-damage|p2a: Tapu Koko|0 fnt\n|faint|p2a: Tapu Koko\n|-damage|p1a: Dragon Ballin'|0 fnt|[from] Recoil\n|faint|p1a: Dragon Ballin'\n|\n|upkeep\n|\n|t:|1700735299\n|switch|p2a: Iron Hands|Iron Hands|100\/100\n|switch|p1a: Praise The Sun!|Volcarona, M|100\/100\n|-activate|p2a: Iron Hands|ability: Quark Drive\n|-start|p2a: Iron Hands|quarkdriveatk\n|turn|5\n|\n|t:|1700735315\n|move|p2a: Iron Hands|Fake Out|p1a: Praise The Sun!\n|-damage|p1a: Praise The Sun!|59\/100\n|-status|p2a: Iron Hands|brn|[from] ability: Flame Body|[of] p1a: Praise The Sun!\n|-damage|p2a: Iron Hands|91\/100 brn|[from] item: Life Orb\n|cant|p1a: Praise The Sun!|flinch\n|\n|-damage|p2a: Iron Hands|84\/100 brn|[from] brn\n|upkeep\n|turn|6\n|\n|t:|1700735323\n|move|p1a: Praise The Sun!|Fiery Dance|p2a: Iron Hands\n|-damage|p2a: Iron Hands|49\/100 brn\n|-boost|p1a: Praise The Sun!|spa|1\n|move|p2a: Iron Hands|Swords Dance|p2a: Iron Hands\n|-boost|p2a: Iron Hands|atk|2\n|\n|-damage|p2a: Iron Hands|43\/100 brn|[from] brn\n|upkeep\n|turn|7\n|\n|t:|1700735336\n|move|p1a: Praise The Sun!|Fiery Dance|p2a: Iron Hands\n|-damage|p2a: Iron Hands|0 fnt\n|-boost|p1a: Praise The Sun!|spa|1\n|faint|p2a: Iron Hands\n|-end|p2a: Iron Hands|Quark Drive|[silent]\n|\n|upkeep\n|\n|t:|1700735349\n|switch|p2a: Bisharp|Bisharp, F|100\/100\n|turn|8\n|\n|t:|1700735356\n|-terastallize|p2a: Bisharp|Dark\n|move|p1a: Praise The Sun!|Fiery Dance|p2a: Bisharp\n|-damage|p2a: Bisharp|9\/100\n|move|p2a: Bisharp|Knock Off|p1a: Praise The Sun!\n|-damage|p1a: Praise The Sun!|0 fnt\n|-enditem|p1a: Praise The Sun!|Heavy-Duty Boots|[from] move: Knock Off|[of] p2a: Bisharp\n|faint|p1a: Praise The Sun!\n|\n|-fieldend|move: Electric Terrain\n|upkeep\n|\n|t:|1700735366\n|switch|p1a: Easy Bake|Rotom-Heat|100\/100\n|turn|9\n|\n|t:|1700735371\n|move|p1a: Easy Bake|Volt Switch|p2a: Bisharp\n|-damage|p2a: Bisharp|0 fnt\n|faint|p2a: Bisharp\n|\n|t:|1700735377\n|switch|p1a: I Love Lamp|Chandelure, F, shiny|100\/100|[from] Volt Switch\n|\n|upkeep\n|\n|t:|1700735385\n|switch|p2a: Doublade|Doublade, F|100\/100\n|turn|10\n|\n|t:|1700735417\n|move|p2a: Doublade|Shadow Sneak|p1a: I Love Lamp\n|-supereffective|p1a: I Love Lamp\n|-damage|p1a: I Love Lamp|47\/100\n|move|p1a: I Love Lamp|Flamethrower|p2a: Doublade\n|-supereffective|p2a: Doublade\n|-damage|p2a: Doublade|0 fnt\n|faint|p2a: Doublade\n|\n|-heal|p1a: I Love Lamp|53\/100|[from] item: Leftovers\n|upkeep\n|\n|t:|1700735420\n|switch|p2a: Milotic|Milotic, F|100\/100\n|turn|11\n|\n|t:|1700735426\n|move|p1a: I Love Lamp|Curse|p2a: Milotic\n|-start|p2a: Milotic|Curse|[of] p1a: I Love Lamp\n|-damage|p1a: I Love Lamp|3\/100\n|move|p2a: Milotic|Dragon Pulse|p1a: I Love Lamp\n|-damage|p1a: I Love Lamp|0 fnt\n|faint|p1a: I Love Lamp\n|\n|-damage|p2a: Milotic|76\/100|[from] Curse\n|upkeep\n|\n|t:|1700735435\n|switch|p1a: Easy Bake|Rotom-Heat|100\/100\n|turn|12\n|\n|t:|1700735439\n|move|p1a: Easy Bake|Volt Switch|p2a: Milotic\n|-supereffective|p2a: Milotic\n|-damage|p2a: Milotic|33\/100\n|\n|t:|1700735442\n|switch|p1a: Living Onsen|Volcanion|100\/100|[from] Volt Switch\n|move|p2a: Milotic|Dragon Pulse|p1a: Living Onsen\n|-damage|p1a: Living Onsen|80\/100\n|\n|-heal|p2a: Milotic|39\/100|[from] item: Leftovers\n|-damage|p2a: Milotic|14\/100|[from] Curse\n|upkeep\n|turn|13\n|\n|t:|1700735452\n|move|p2a: Milotic|Recover|p2a: Milotic\n|-heal|p2a: Milotic|64\/100\n|move|p1a: Living Onsen|Scorching Sands|p2a: Milotic\n|-damage|p2a: Milotic|46\/100\n|\n|-heal|p2a: Milotic|52\/100|[from] item: Leftovers\n|-damage|p2a: Milotic|27\/100|[from] Curse\n|upkeep\n|turn|14\n|c|\u2606steals many wives|you delay the inevitable\n|\n|t:|1700735468\n|move|p2a: Milotic|Recover|p2a: Milotic\n|-heal|p2a: Milotic|77\/100\n|move|p1a: Living Onsen|Sludge Bomb|p2a: Milotic\n|-damage|p2a: Milotic|56\/100\n|\n|-heal|p2a: Milotic|62\/100|[from] item: Leftovers\n|-damage|p2a: Milotic|37\/100|[from] Curse\n|upkeep\n|turn|15\n|\n|t:|1700735477\n|move|p2a: Milotic|Draining Kiss|p1a: Living Onsen\n|-resisted|p1a: Living Onsen\n|-damage|p1a: Living Onsen|74\/100\n|-heal|p2a: Milotic|41\/100|[from] drain|[of] p1a: Living Onsen\n|move|p1a: Living Onsen|Sludge Bomb|p2a: Milotic\n|-damage|p2a: Milotic|17\/100\n|-status|p2a: Milotic|psn\n|\n|-heal|p2a: Milotic|23\/100 psn|[from] item: Leftovers\n|-damage|p2a: Milotic|11\/100 psn|[from] psn\n|-damage|p2a: Milotic|0 fnt|[from] Curse\n|faint|p2a: Milotic\n|\n|win|steals many wives\n|upkeep\n|raw|steals many wives's rating: 1071 &rarr; <strong>1106<\/strong><br \/>(+35 for winning)\n|raw|greengardenhose's rating: 1136 &rarr; <strong>1106<\/strong><br \/>(-30 for losing)\n|l|\u2606greengardenhose\n","uploadtime":1700735491,"views":1,"p1id":"stealsmanywives","p2id":"greengardenhose","formatid":"gen9nationaldex","rating":1106,"private":0,"password":""}