{"id":"gen9nationaldex-1987030897","p1":"p4b10_mn","p2":"Sanstheskeletonfan","format":"[Gen 9] National Dex","log":"|j|\u2606p4b10_mn\n|j|\u2606Sanstheskeletonfan\n|t:|1699550445\n|gametype|singles\n|player|p1|p4b10_mn|unknown|1130\n|player|p2|Sanstheskeletonfan|cynthia-gen4|1205\n|teamsize|p1|6\n|teamsize|p2|6\n|gen|9\n|tier|[Gen 9] National Dex\n|rated|\n|rule|HP Percentage Mod: HP is shown in percentages\n|rule|Endless Battle Clause: Forcing endless battles is banned\n|rule|OHKO Clause: OHKO moves are banned\n|rule|Evasion Clause: Evasion abilities, items, and moves are banned\n|rule|Evasion Abilities Clause: Evasion abilities are banned\n|rule|Evasion Items Clause: Evasion items are banned\n|rule|Evasion Moves Clause: Evasion moves are banned\n|rule|Species Clause: Limit one of each Pok\u00e9mon\n|rule|Sleep Clause Mod: Limit one foe put to sleep\n|clearpoke\n|poke|p1|Gliscor, M|\n|poke|p1|Rillaboom, M|\n|poke|p1|Iron Moth|\n|poke|p1|Eelektross, M|\n|poke|p1|Mimikyu, F|\n|poke|p1|Swampert, M|\n|poke|p2|Torkoal, M|\n|poke|p2|Galvantula, F|\n|poke|p2|Houndoom, M|\n|poke|p2|Kommo-o, F|\n|poke|p2|Skeledirge, M|\n|poke|p2|Combusken, F|\n|teampreview\n|inactive|Battle timer is ON: inactive players will automatically lose when time's up. (requested by Sanstheskeletonfan)\n|\n|t:|1699550459\n|start\n|switch|p1a: Eelektross|Eelektross, M, shiny|100\/100\n|switch|p2a: Vengeance..|Galvantula, F|100\/100\n|turn|1\n|\n|t:|1699550466\n|move|p2a: Vengeance..|Sticky Web|p1a: Eelektross\n|-sidestart|p1: p4b10_mn|move: Sticky Web\n|move|p1a: Eelektross|Flamethrower|p2a: Vengeance..\n|-supereffective|p2a: Vengeance..\n|-enditem|p2a: Vengeance..|Focus Sash\n|-damage|p2a: Vengeance..|1\/100\n|-status|p2a: Vengeance..|brn\n|\n|-damage|p2a: Vengeance..|0 fnt|[from] brn\n|faint|p2a: Vengeance..\n|upkeep\n|\n|t:|1699550471\n|switch|p2a: One with chees|Kommo-o, F, shiny|100\/100\n|turn|2\n|\n|t:|1699550483\n|-zpower|p2a: One with chees\n|move|p2a: One with chees|Clangorous Soulblaze|p1a: Eelektross|[zeffect]\n|-damage|p1a: Eelektross|0 fnt\n|faint|p1a: Eelektross\n|-boost|p2a: One with chees|atk|1\n|-boost|p2a: One with chees|def|1\n|-boost|p2a: One with chees|spa|1\n|-boost|p2a: One with chees|spd|1\n|-boost|p2a: One with chees|spe|1\n|\n|upkeep\n|\n|t:|1699550494\n|switch|p1a: Mimikyu|Mimikyu, F, shiny|100\/100\n|-activate|p1a: Mimikyu|move: Sticky Web\n|-unboost|p1a: Mimikyu|spe|1\n|turn|3\n|\n|t:|1699550499\n|move|p2a: One with chees|Aura Sphere|p1a: Mimikyu\n|-immune|p1a: Mimikyu\n|-zpower|p1a: Mimikyu\n|move|p1a: Mimikyu|Let's Snuggle Forever|p2a: One with chees|[zeffect]\n|-supereffective|p2a: One with chees\n|-damage|p2a: One with chees|0 fnt\n|faint|p2a: One with chees\n|\n|upkeep\n|\n|t:|1699550504\n|switch|p2a: Dirge|Skeledirge, M|100\/100\n|turn|4\n|\n|t:|1699550515\n|move|p2a: Dirge|Sunny Day|p2a: Dirge\n|-weather|SunnyDay\n|move|p1a: Mimikyu|Play Rough|p2a: Dirge|[miss]\n|-miss|p1a: Mimikyu|p2a: Dirge\n|\n|-weather|SunnyDay|[upkeep]\n|upkeep\n|turn|5\n|\n|t:|1699550521\n|move|p2a: Dirge|Flame Charge|p1a: Mimikyu\n|-activate|p1a: Mimikyu|ability: Disguise\n|-damage|p1a: Mimikyu|100\/100\n|-boost|p2a: Dirge|spe|1\n|detailschange|p1a: Mimikyu|Mimikyu-Busted, F, shiny\n|-damage|p1a: Mimikyu|88\/100|[from] pokemon: Mimikyu-Busted\n|move|p1a: Mimikyu|Play Rough|p2a: Dirge\n|-resisted|p2a: Dirge\n|-damage|p2a: Dirge|84\/100\n|\n|-weather|SunnyDay|[upkeep]\n|upkeep\n|turn|6\n|\n|t:|1699550533\n|move|p2a: Dirge|Torch Song|p1a: Mimikyu\n|-damage|p1a: Mimikyu|14\/100\n|-boost|p2a: Dirge|spa|1\n|move|p1a: Mimikyu|Shadow Claw|p2a: Dirge\n|-supereffective|p2a: Dirge\n|-damage|p2a: Dirge|30\/100\n|\n|-weather|SunnyDay|[upkeep]\n|upkeep\n|turn|7\n|\n|t:|1699550542\n|move|p1a: Mimikyu|Shadow Sneak|p2a: Dirge\n|-supereffective|p2a: Dirge\n|-damage|p2a: Dirge|0 fnt\n|faint|p2a: Dirge\n|\n|-weather|SunnyDay|[upkeep]\n|upkeep\n|\n|t:|1699550546\n|switch|p2a: \ud83d\ude0f|Combusken, F|100\/100\n|turn|8\n|\n|t:|1699550558\n|switch|p1a: Swampert|Swampert, M, shiny|100\/100\n|-activate|p1a: Swampert|move: Sticky Web\n|-unboost|p1a: Swampert|spe|1\n|move|p2a: \ud83d\ude0f|Swords Dance|p2a: \ud83d\ude0f\n|-boost|p2a: \ud83d\ude0f|atk|2\n|\n|-weather|SunnyDay|[upkeep]\n|-ability|p2a: \ud83d\ude0f|Speed Boost|boost\n|-boost|p2a: \ud83d\ude0f|spe|1\n|upkeep\n|turn|9\n|\n|t:|1699550572\n|detailschange|p1a: Swampert|Swampert-Mega, M, shiny\n|-mega|p1a: Swampert|Swampert|Swampertite\n|move|p2a: \ud83d\ude0f|Brick Break|p1a: Swampert\n|-damage|p1a: Swampert|39\/100\n|move|p1a: Swampert|Waterfall|p2a: \ud83d\ude0f\n|-supereffective|p2a: \ud83d\ude0f\n|-damage|p2a: \ud83d\ude0f|42\/100\n|\n|-weather|SunnyDay|[upkeep]\n|-ability|p2a: \ud83d\ude0f|Speed Boost|boost\n|-boost|p2a: \ud83d\ude0f|spe|1\n|upkeep\n|turn|10\n|\n|t:|1699550585\n|move|p2a: \ud83d\ude0f|Brick Break|p1a: Swampert\n|-damage|p1a: Swampert|0 fnt\n|faint|p1a: Swampert\n|\n|-weather|SunnyDay|[upkeep]\n|-ability|p2a: \ud83d\ude0f|Speed Boost|boost\n|-boost|p2a: \ud83d\ude0f|spe|1\n|upkeep\n|\n|t:|1699550594\n|switch|p1a: Gliscor|Gliscor, M|100\/100\n|turn|11\n|\n|t:|1699550598\n|move|p2a: \ud83d\ude0f|Blaze Kick|p1a: Gliscor\n|-damage|p1a: Gliscor|7\/100\n|move|p1a: Gliscor|Earthquake|p2a: \ud83d\ude0f\n|-supereffective|p2a: \ud83d\ude0f\n|-damage|p2a: \ud83d\ude0f|0 fnt\n|faint|p2a: \ud83d\ude0f\n|\n|-weather|none\n|-status|p1a: Gliscor|tox|[from] item: Toxic Orb\n|upkeep\n|\n|t:|1699550601\n|switch|p2a: Cole|Torkoal, M|100\/100\n|-weather|SunnyDay|[from] ability: Drought|[of] p2a: Cole\n|turn|12\n|\n|t:|1699550609\n|move|p1a: Gliscor|Roost|p1a: Gliscor\n|-heal|p1a: Gliscor|57\/100 tox\n|-singleturn|p1a: Gliscor|move: Roost\n|move|p2a: Cole|Lava Plume|p1a: Gliscor\n|-damage|p1a: Gliscor|23\/100 tox\n|\n|-weather|SunnyDay|[upkeep]\n|-heal|p1a: Gliscor|35\/100 tox|[from] ability: Poison Heal\n|upkeep\n|turn|13\n|\n|t:|1699550621\n|-terastallize|p1a: Gliscor|Rock\n|move|p1a: Gliscor|Earthquake|p2a: Cole\n|-supereffective|p2a: Cole\n|-damage|p2a: Cole|67\/100\n|move|p2a: Cole|Lava Plume|p1a: Gliscor\n|-resisted|p1a: Gliscor\n|-damage|p1a: Gliscor|18\/100 tox\n|\n|-weather|SunnyDay|[upkeep]\n|-heal|p1a: Gliscor|30\/100 tox|[from] ability: Poison Heal\n|upkeep\n|turn|14\n|\n|t:|1699550631\n|move|p1a: Gliscor|Earthquake|p2a: Cole\n|-supereffective|p2a: Cole\n|-damage|p2a: Cole|26\/100\n|move|p2a: Cole|Clear Smog|p1a: Gliscor\n|-resisted|p1a: Gliscor\n|-damage|p1a: Gliscor|26\/100 tox\n|-clearboost|p1a: Gliscor\n|\n|-weather|SunnyDay|[upkeep]\n|-heal|p1a: Gliscor|38\/100 tox|[from] ability: Poison Heal\n|upkeep\n|turn|15\n|\n|t:|1699550642\n|move|p1a: Gliscor|Earthquake|p2a: Cole\n|-supereffective|p2a: Cole\n|-damage|p2a: Cole|0 fnt\n|faint|p2a: Cole\n|\n|-weather|SunnyDay|[upkeep]\n|-heal|p1a: Gliscor|51\/100 tox|[from] ability: Poison Heal\n|upkeep\n|\n|t:|1699550644\n|switch|p2a: Where OU?|Houndoom, M|100\/100\n|-ability|p2a: Where OU?|Unnerve\n|turn|16\n|inactive|p4b10_mn has 120 seconds left.\n|\n|t:|1699550676\n|detailschange|p2a: Where OU?|Houndoom-Mega, M\n|-mega|p2a: Where OU?|Houndoom|Houndoominite\n|move|p2a: Where OU?|Dark Pulse|p1a: Gliscor\n|-damage|p1a: Gliscor|0 fnt\n|faint|p1a: Gliscor\n|\n|-weather|SunnyDay|[upkeep]\n|-damage|p2a: Where OU?|88\/100|[from] ability: Solar Power|[of] p2a: Where OU?\n|upkeep\n|inactive|p4b10_mn has 120 seconds left.\n|\n|t:|1699550685\n|switch|p1a: Iron Moth|Iron Moth, shiny|100\/100\n|-activate|p1a: Iron Moth|move: Sticky Web\n|-unboost|p1a: Iron Moth|spe|1\n|-enditem|p1a: Iron Moth|Booster Energy\n|-activate|p1a: Iron Moth|ability: Quark Drive|[fromitem]\n|-start|p1a: Iron Moth|quarkdrivespa\n|turn|17\n|\n|t:|1699550694\n|move|p2a: Where OU?|Dark Pulse|p1a: Iron Moth\n|-damage|p1a: Iron Moth|29\/100\n|move|p1a: Iron Moth|Sludge Wave|p2a: Where OU?\n|-damage|p2a: Where OU?|3\/100\n|\n|-weather|SunnyDay|[upkeep]\n|-damage|p2a: Where OU?|0 fnt|[from] ability: Solar Power|[of] p2a: Where OU?\n|faint|p2a: Where OU?\n|\n|win|p4b10_mn\n|upkeep\n|raw|p4b10_mn's rating: 1130 &rarr; <strong>1160<\/strong><br \/>(+30 for winning)\n|raw|Sanstheskeletonfan's rating: 1205 &rarr; <strong>1175<\/strong><br \/>(-30 for losing)\n|l|\u2606Sanstheskeletonfan\n","uploadtime":1699550706,"views":19,"p1id":"p4b10mn","p2id":"sanstheskeletonfan","formatid":"gen9nationaldex","rating":1160,"private":0,"password":""}