{"id":"gen9nationaldex-1996061211","p1":"Kothardarastrix","p2":"KazooKidOfficial","format":"[Gen 9] National Dex","log":"|html|<div class=\"broadcast-blue\"><strong>[Gen 9] National Dex is currently suspecting Sneasler! For information on how to participate check out the <a href=\"https:\/\/www.smogon.com\/forums\/threads\/sv-national-dex-suspect-8-just-dance.3731534\/\">suspect thread<\/a>.<\/strong><\/div>\n|j|\u2606Kothardarastrix\n|j|\u2606KazooKidOfficial\n|t:|1700637532\n|gametype|singles\n|player|p1|Kothardarastrix|veteran|\n|player|p2|KazooKidOfficial|saguaro|\n|teamsize|p1|6\n|teamsize|p2|6\n|gen|9\n|tier|[Gen 9] National Dex\n|rule|HP Percentage Mod: HP is shown in percentages\n|rule|Endless Battle Clause: Forcing endless battles is banned\n|rule|OHKO Clause: OHKO moves are banned\n|rule|Evasion Clause: Evasion abilities, items, and moves are banned\n|rule|Evasion Abilities Clause: Evasion abilities are banned\n|rule|Evasion Items Clause: Evasion items are banned\n|rule|Evasion Moves Clause: Evasion moves are banned\n|rule|Species Clause: Limit one of each Pok\u00e9mon\n|rule|Sleep Clause Mod: Limit one foe put to sleep\n|clearpoke\n|poke|p1|Zoroark-Hisui, F|\n|poke|p1|Weavile, M|\n|poke|p1|Glimmora, M|\n|poke|p1|Grimmsnarl, M|\n|poke|p1|Gyarados, F|\n|poke|p1|Iron Valiant|\n|poke|p2|Scizor, F|\n|poke|p2|Volcarona, F|\n|poke|p2|Lokix, M|\n|poke|p2|Venomoth, F|\n|poke|p2|Kleavor, M|\n|poke|p2|Galvantula, M|\n|teampreview\n|\n|t:|1700637547\n|start\n|switch|p1a: Glimmora|Glimmora, M|100\/100\n|switch|p2a: spoiler tag please|Galvantula, M|100\/100\n|turn|1\n|\n|t:|1700637554\n|move|p2a: spoiler tag please|Thunder Wave|p1a: Glimmora\n|-status|p1a: Glimmora|par\n|move|p1a: Glimmora|Stealth Rock|p2a: spoiler tag please\n|-sidestart|p2: KazooKidOfficial|move: Stealth Rock\n|\n|upkeep\n|turn|2\n|\n|t:|1700637562\n|move|p2a: spoiler tag please|Sticky Web|p1a: Glimmora\n|-sidestart|p1: Kothardarastrix|move: Sticky Web\n|move|p1a: Glimmora|Earth Power|p2a: spoiler tag please\n|-damage|p2a: spoiler tag please|41\/100\n|\n|upkeep\n|turn|3\n|\n|t:|1700637582\n|move|p2a: spoiler tag please|Thunder|p1a: Glimmora\n|-damage|p1a: Glimmora|36\/100 par\n|move|p1a: Glimmora|Power Gem|p2a: spoiler tag please\n|-supereffective|p2a: spoiler tag please\n|-damage|p2a: spoiler tag please|0 fnt\n|faint|p2a: spoiler tag please\n|\n|upkeep\n|\n|t:|1700637600\n|switch|p2a: mewtwo quote|Venomoth, F, shiny|100\/100\n|-damage|p2a: mewtwo quote|75\/100|[from] Stealth Rock\n|turn|4\n|\n|t:|1700637609\n|move|p2a: mewtwo quote|Substitute|p2a: mewtwo quote\n|-start|p2a: mewtwo quote|Substitute\n|-damage|p2a: mewtwo quote|50\/100\n|move|p1a: Glimmora|Mortal Spin|p2a: mewtwo quote\n|-resisted|p2a: mewtwo quote\n|-activate|p2a: mewtwo quote|move: Substitute|[damage]\n|-sideend|p1: Kothardarastrix|Sticky Web|[from] move: Mortal Spin|[of] p1a: Glimmora\n|\n|-heal|p2a: mewtwo quote|57\/100|[from] item: Black Sludge\n|upkeep\n|turn|5\n|\n|t:|1700637618\n|move|p2a: mewtwo quote|Quiver Dance|p2a: mewtwo quote\n|-boost|p2a: mewtwo quote|spa|1\n|-boost|p2a: mewtwo quote|spd|1\n|-boost|p2a: mewtwo quote|spe|1\n|cant|p1a: Glimmora|par\n|\n|-heal|p2a: mewtwo quote|63\/100|[from] item: Black Sludge\n|upkeep\n|turn|6\n|\n|t:|1700637627\n|move|p2a: mewtwo quote|Quiver Dance|p2a: mewtwo quote\n|-boost|p2a: mewtwo quote|spa|1\n|-boost|p2a: mewtwo quote|spd|1\n|-boost|p2a: mewtwo quote|spe|1\n|cant|p1a: Glimmora|par\n|\n|-heal|p2a: mewtwo quote|69\/100|[from] item: Black Sludge\n|upkeep\n|turn|7\n|\n|t:|1700637637\n|move|p2a: mewtwo quote|Quiver Dance|p2a: mewtwo quote\n|-boost|p2a: mewtwo quote|spa|1\n|-boost|p2a: mewtwo quote|spd|1\n|-boost|p2a: mewtwo quote|spe|1\n|cant|p1a: Glimmora|par\n|\n|-heal|p2a: mewtwo quote|75\/100|[from] item: Black Sludge\n|upkeep\n|turn|8\n|\n|t:|1700637645\n|move|p2a: mewtwo quote|Quiver Dance|p2a: mewtwo quote\n|-boost|p2a: mewtwo quote|spa|1\n|-boost|p2a: mewtwo quote|spd|1\n|-boost|p2a: mewtwo quote|spe|1\n|move|p1a: Glimmora|Power Gem|p2a: mewtwo quote\n|-supereffective|p2a: mewtwo quote\n|-end|p2a: mewtwo quote|Substitute\n|\n|-heal|p2a: mewtwo quote|81\/100|[from] item: Black Sludge\n|upkeep\n|turn|9\n|\n|t:|1700637658\n|move|p2a: mewtwo quote|Sludge Bomb|p1a: Glimmora\n|-resisted|p1a: Glimmora\n|-damage|p1a: Glimmora|0 fnt\n|faint|p1a: Glimmora\n|\n|-heal|p2a: mewtwo quote|87\/100|[from] item: Black Sludge\n|upkeep\n|\n|t:|1700637733\n|switch|p1a: Grimmsnarl|Grimmsnarl, M|100\/100\n|turn|10\n|\n|t:|1700637739\n|move|p1a: Grimmsnarl|Light Screen|p1a: Grimmsnarl\n|-sidestart|p1: Kothardarastrix|move: Light Screen\n|move|p2a: mewtwo quote|Substitute|p2a: mewtwo quote\n|-start|p2a: mewtwo quote|Substitute\n|-damage|p2a: mewtwo quote|62\/100\n|\n|-heal|p2a: mewtwo quote|68\/100|[from] item: Black Sludge\n|upkeep\n|turn|11\n|\n|t:|1700637752\n|-terastallize|p2a: mewtwo quote|Poison\n|move|p1a: Grimmsnarl|Reflect|p1a: Grimmsnarl\n|-sidestart|p1: Kothardarastrix|Reflect\n|move|p2a: mewtwo quote|Sludge Bomb|p1a: Grimmsnarl\n|-supereffective|p1a: Grimmsnarl\n|-damage|p1a: Grimmsnarl|0 fnt\n|faint|p1a: Grimmsnarl\n|\n|-heal|p2a: mewtwo quote|74\/100|[from] item: Black Sludge\n|upkeep\n|-message|Kothardarastrix forfeited.\n|\n|win|KazooKidOfficial\n|l|\u2606Kothardarastrix\n","uploadtime":1700637770,"views":10,"p1id":"kothardarastrix","p2id":"kazookidofficial","formatid":"gen9nationaldex","rating":0,"private":0,"password":""}