{"id":"gen9nationaldex-1989963059","p1":"Void280","p2":"matu 1402","format":"[Gen 9] National Dex","log":"|j|\u2606Void280\n|j|\u2606matu 1402\n|t:|1699910613\n|gametype|singles\n|player|p1|Void280|hilbert|\n|player|p2|matu 1402|cheren-gen5bw2|\n|teamsize|p1|6\n|teamsize|p2|6\n|gen|9\n|tier|[Gen 9] National Dex\n|rule|HP Percentage Mod: HP is shown in percentages\n|rule|Endless Battle Clause: Forcing endless battles is banned\n|rule|OHKO Clause: OHKO moves are banned\n|rule|Evasion Clause: Evasion abilities, items, and moves are banned\n|rule|Evasion Abilities Clause: Evasion abilities are banned\n|rule|Evasion Items Clause: Evasion items are banned\n|rule|Evasion Moves Clause: Evasion moves are banned\n|rule|Species Clause: Limit one of each Pok\u00e9mon\n|rule|Sleep Clause Mod: Limit one foe put to sleep\n|clearpoke\n|poke|p1|Great Tusk|\n|poke|p1|Ogerpon-Wellspring, F|\n|poke|p1|Lopunny, M|\n|poke|p1|Hydreigon, M|\n|poke|p1|Skeledirge, M|\n|poke|p1|Espeon, F|\n|poke|p2|Mimikyu, M|\n|poke|p2|Sableye, M|\n|poke|p2|Ursaluna, M|\n|poke|p2|Skeledirge, F|\n|poke|p2|Hoopa|\n|poke|p2|Corsola-Galar, F|\n|teampreview\n|inactive|Battle timer is ON: inactive players will automatically lose when time's up. (requested by matu 1402)\n|c|\u2606Void280|Uh, Ursaluna\n|c|\u2606matu 1402|Ay mam\u00e1\n|c|\u2606Void280|Tengo miedo\n|c|\u2606matu 1402|Yo pierdo\n|inactive|Void280 has 270 seconds left.\n|c|\u2606matu 1402|Segunda batalla con este team xd\n|c|\u2606Void280|no creas\n|\n|t:|1699910654\n|start\n|switch|p1a: Kilo|Great Tusk|100\/100\n|switch|p2a: Hoopa|Hoopa|100\/100\n|turn|1\n|j| Sylveon(404)\n|c| Sylveon(404)|el q pierde es puto\n|c| Sylveon(404)|:v\n|\n|t:|1699910682\n|move|p1a: Kilo|Knock Off|p2a: Hoopa\n|-supereffective|p2a: Hoopa\n|-damage|p2a: Hoopa|0 fnt\n|-enditem|p2a: Hoopa|Life Orb|[from] move: Knock Off|[of] p1a: Kilo\n|faint|p2a: Hoopa\n|\n|upkeep\n|inactive|matu 1402 has 270 seconds left.\n|c|\u2606matu 1402|Hoopa siendo hoopa\n|\n|t:|1699910706\n|switch|p2a: Mimikyu|Mimikyu, M|100\/100\n|turn|2\n|\n|t:|1699910720\n|move|p1a: Kilo|Knock Off|p2a: Mimikyu\n|-activate|p2a: Mimikyu|ability: Disguise\n|-damage|p2a: Mimikyu|100\/100\n|detailschange|p2a: Mimikyu|Mimikyu-Busted, M\n|-damage|p2a: Mimikyu|88\/100|[from] pokemon: Mimikyu-Busted\n|move|p2a: Mimikyu|Trick Room|p2a: Mimikyu\n|-fieldstart|move: Trick Room|[of] p2a: Mimikyu\n|\n|upkeep\n|turn|3\n|\n|t:|1699910743\n|-end|p1a: Kilo|Protosynthesis|[silent]\n|switch|p1a: Yuna|Ogerpon-Wellspring, F|100\/100\n|move|p2a: Mimikyu|Will-O-Wisp|p1a: Yuna\n|-status|p1a: Yuna|brn\n|\n|-damage|p1a: Yuna|95\/100 brn|[from] brn\n|upkeep\n|turn|4\n|\n|t:|1699910753\n|switch|p2a: Corsola|Corsola-Galar, F|100\/100\n|move|p1a: Yuna|Ivy Cudgel|p2a: Corsola\n|-damage|p2a: Corsola|87\/100\n|\n|-damage|p1a: Yuna|89\/100 brn|[from] brn\n|upkeep\n|turn|5\n|\n|t:|1699910769\n|switch|p2a: Ursaluna|Ursaluna, M|100\/100\n|switch|p1a: Rose|Espeon, F|100\/100\n|\n|-status|p2a: Ursaluna|brn|[from] item: Flame Orb\n|upkeep\n|turn|6\n|\n|t:|1699910780\n|switch|p1a: Ethan|Skeledirge, M|100\/100\n|move|p2a: Ursaluna|Shadow Claw|p1a: Ethan\n|-supereffective|p1a: Ethan\n|-crit|p1a: Ethan\n|-damage|p1a: Ethan|0 fnt\n|faint|p1a: Ethan\n|\n|-damage|p2a: Ursaluna|94\/100 brn|[from] brn\n|-fieldend|move: Trick Room\n|upkeep\n|\n|t:|1699910791\n|switch|p1a: Ansel|Lopunny, M, shiny|100\/100\n|turn|7\n|\n|t:|1699910803\n|switch|p2a: Mimikyu|Mimikyu-Busted, M|88\/100\n|detailschange|p1a: Ansel|Lopunny-Mega, M, shiny\n|-mega|p1a: Ansel|Lopunny|Lopunnite\n|move|p1a: Ansel|Fake Out|p2a: Mimikyu\n|-damage|p2a: Mimikyu|58\/100\n|\n|upkeep\n|turn|8\n|\n|t:|1699910813\n|move|p1a: Ansel|Triple Axel|p2a: Mimikyu\n|-damage|p2a: Mimikyu|48\/100\n|-damage|p2a: Mimikyu|29\/100\n|-damage|p2a: Mimikyu|2\/100\n|-hitcount|p2a: Mimikyu|3\n|move|p2a: Mimikyu|Drain Punch|p1a: Ansel\n|-supereffective|p1a: Ansel\n|-damage|p1a: Ansel|39\/100\n|-heal|p2a: Mimikyu|29\/100|[from] drain|[of] p1a: Ansel\n|\n|upkeep\n|turn|9\n|c|\u2606Void280|Siempre me falla, de un modo u otro\n|c|\u2606matu 1402|Xd\n|\n|t:|1699910834\n|switch|p1a: Yuna|Ogerpon-Wellspring, F|89\/100 brn\n|move|p2a: Mimikyu|Trick Room|p2a: Mimikyu\n|-fieldstart|move: Trick Room|[of] p2a: Mimikyu\n|\n|-damage|p1a: Yuna|83\/100 brn|[from] brn\n|upkeep\n|turn|10\n|\n|t:|1699910844\n|move|p2a: Mimikyu|Shadow Claw|p1a: Yuna\n|-damage|p1a: Yuna|44\/100 brn\n|move|p1a: Yuna|Ivy Cudgel|p2a: Mimikyu\n|-damage|p2a: Mimikyu|0 fnt\n|faint|p2a: Mimikyu\n|\n|-damage|p1a: Yuna|38\/100 brn|[from] brn\n|upkeep\n|\n|t:|1699910850\n|switch|p2a: Ursaluna|Ursaluna, M|94\/100 brn\n|turn|11\n|\n|t:|1699910854\n|move|p1a: Yuna|Spiky Shield|p1a: Yuna\n|-singleturn|p1a: Yuna|move: Protect\n|move|p2a: Ursaluna|Facade|p1a: Yuna\n|-activate|p1a: Yuna|move: Protect\n|-damage|p2a: Ursaluna|82\/100 brn|[from] Spiky Shield|[of] p1a: Yuna\n|\n|-damage|p2a: Ursaluna|76\/100 brn|[from] brn\n|-damage|p1a: Yuna|32\/100 brn|[from] brn\n|upkeep\n|turn|12\n|\n|t:|1699910864\n|move|p2a: Ursaluna|Facade|p1a: Yuna\n|-damage|p1a: Yuna|0 fnt\n|faint|p1a: Yuna\n|\n|-damage|p2a: Ursaluna|70\/100 brn|[from] brn\n|upkeep\n|inactive|Void280 has 270 seconds left.\n|\n|t:|1699910907\n|switch|p1a: Ansel|Lopunny-Mega, M, shiny|39\/100\n|turn|13\n|\n|t:|1699910910\n|switch|p2a: Corsola|Corsola-Galar, F|87\/100\n|move|p1a: Ansel|Fake Out|p2a: Corsola\n|-damage|p2a: Corsola|75\/100\n|\n|-fieldend|move: Trick Room\n|upkeep\n|turn|14\n|\n|t:|1699910919\n|switch|p1a: Rose|Espeon, F|100\/100\n|move|p2a: Corsola|Strength Sap|p1a: Rose\n|move|p1a: Rose|Strength Sap|p2a: Corsola|[from]ability: Magic Bounce\n|-unboost|p2a: Corsola|atk|1\n|\n|upkeep\n|turn|15\n|\n|t:|1699910932\n|switch|p2a: Sableye|Sableye, M|100\/100\n|-zpower|p1a: Rose\n|move|p1a: Rose|Z-Celebrate|p1a: Rose|[anim]Celebrate\n|-boost|p1a: Rose|atk|1|[zeffect]\n|-boost|p1a: Rose|def|1|[zeffect]\n|-boost|p1a: Rose|spa|1|[zeffect]\n|-boost|p1a: Rose|spd|1|[zeffect]\n|-boost|p1a: Rose|spe|1|[zeffect]\n|-activate|p1a: Rose|move: Celebrate\n|\n|upkeep\n|turn|16\n|c|\u2606Void280|Eso no lo sab\u00eda\n|\n|t:|1699910941\n|detailschange|p2a: Sableye|Sableye-Mega, M\n|-mega|p2a: Sableye|Sableye|Sablenite\n|move|p1a: Rose|Dazzling Gleam|p2a: Sableye\n|-supereffective|p2a: Sableye\n|-damage|p2a: Sableye|44\/100\n|move|p2a: Sableye|Foul Play|p1a: Rose\n|-supereffective|p1a: Rose\n|-damage|p1a: Rose|39\/100\n|\n|upkeep\n|turn|17\n|c|\u2606matu 1402|X2\n|\n|t:|1699910970\n|move|p1a: Rose|Dazzling Gleam|p2a: Sableye\n|-supereffective|p2a: Sableye\n|-damage|p2a: Sableye|0 fnt\n|faint|p2a: Sableye\n|\n|upkeep\n|\n|t:|1699910973\n|switch|p2a: Skeledirge|Skeledirge, F|100\/100\n|turn|18\n|\n|t:|1699910977\n|move|p1a: Rose|Stored Power|p2a: Skeledirge\n|-damage|p2a: Skeledirge|34\/100\n|move|p2a: Skeledirge|Torch Song|p1a: Rose\n|-damage|p1a: Rose|0 fnt\n|-boost|p2a: Skeledirge|spa|1\n|faint|p1a: Rose\n|-enditem|p2a: Skeledirge|Throat Spray\n|-boost|p2a: Skeledirge|spa|1|[from] item: Throat Spray\n|\n|upkeep\n|\n|t:|1699910991\n|switch|p1a: Ansel|Lopunny-Mega, M, shiny|39\/100\n|turn|19\n|\n|t:|1699910997\n|move|p1a: Ansel|Close Combat|p2a: Skeledirge\n|-damage|p2a: Skeledirge|0 fnt\n|-unboost|p1a: Ansel|def|1\n|-unboost|p1a: Ansel|spd|1\n|faint|p2a: Skeledirge\n|\n|upkeep\n|\n|t:|1699911001\n|switch|p2a: Corsola|Corsola-Galar, F|75\/100\n|turn|20\n|\n|t:|1699911006\n|switch|p1a: Hydra|Hydreigon, M|100\/100\n|move|p2a: Corsola|Stealth Rock|p1a: Hydra\n|-sidestart|p1: Void280|move: Stealth Rock\n|\n|upkeep\n|turn|21\n|\n|t:|1699911015\n|-terastallize|p2a: Corsola|Poison\n|move|p1a: Hydra|Nasty Plot|p1a: Hydra\n|-boost|p1a: Hydra|spa|2\n|move|p2a: Corsola|Strength Sap|p1a: Hydra\n|-unboost|p1a: Hydra|atk|1\n|-heal|p2a: Corsola|100\/100\n|\n|upkeep\n|turn|22\n|\n|t:|1699911022\n|move|p1a: Hydra|Earth Power|p2a: Corsola\n|-supereffective|p2a: Corsola\n|-crit|p2a: Corsola\n|-damage|p2a: Corsola|0 fnt\n|faint|p2a: Corsola\n|-damage|p1a: Hydra|91\/100|[from] item: Life Orb\n|\n|upkeep\n|\n|t:|1699911026\n|switch|p2a: Ursaluna|Ursaluna, M|70\/100 brn\n|turn|23\n|c| Sylveon(404)|VAMOS\n|c| Sylveon(404)|TU PUEDES VOID\n|\n|t:|1699911031\n|move|p1a: Hydra|Dragon Pulse|p2a: Ursaluna\n|-damage|p2a: Ursaluna|0 fnt\n|faint|p2a: Ursaluna\n|-damage|p1a: Hydra|81\/100|[from] item: Life Orb\n|\n|win|Void280\n|c|\u2606matu 1402|Gg\n|c|\u2606Void280|ggs\n|c|\u2606Void280|Buen combate\n","uploadtime":1699911040,"views":7,"p1id":"void280","p2id":"matu1402","formatid":"gen9nationaldex","rating":0,"private":0,"password":""}