{"id":"gen9nationaldex-1991697401","p1":"allivul","p2":"Archie_Star","format":"[Gen 9] National Dex","log":"|j|\u2606allivul\n|j|\u2606Archie_Star\n|t:|1700103889\n|gametype|singles\n|player|p1|allivul|265|1168\n|player|p2|Archie_Star|ethan-masters|1106\n|teamsize|p1|6\n|teamsize|p2|6\n|gen|9\n|tier|[Gen 9] National Dex\n|rated|\n|rule|HP Percentage Mod: HP is shown in percentages\n|rule|Endless Battle Clause: Forcing endless battles is banned\n|rule|OHKO Clause: OHKO moves are banned\n|rule|Evasion Clause: Evasion abilities, items, and moves are banned\n|rule|Evasion Abilities Clause: Evasion abilities are banned\n|rule|Evasion Items Clause: Evasion items are banned\n|rule|Evasion Moves Clause: Evasion moves are banned\n|rule|Species Clause: Limit one of each Pok\u00e9mon\n|rule|Sleep Clause Mod: Limit one foe put to sleep\n|clearpoke\n|poke|p1|Vaporeon, F|\n|poke|p1|Zoroark, F|\n|poke|p1|Lopunny, F|\n|poke|p1|Gardevoir, M|\n|poke|p1|Zeraora|\n|poke|p1|Salazzle, F|\n|poke|p2|Greninja-*, M|\n|poke|p2|Rillaboom, F|\n|poke|p2|Sneasler, M|\n|poke|p2|Blaziken, F|\n|poke|p2|Great Tusk|\n|poke|p2|Scizor, M|\n|teampreview\n|\n|t:|1700103896\n|start\n|switch|p1a: Lopunny|Lopunny, F, shiny|100\/100\n|switch|p2a: Rillaboom|Rillaboom, F|100\/100\n|-fieldstart|move: Grassy Terrain|[from] ability: Grassy Surge|[of] p2a: Rillaboom\n|turn|1\n|c|\u2606Archie_Star|bro?\n|\n|t:|1700103902\n|detailschange|p1a: Lopunny|Lopunny-Mega, F, shiny\n|-mega|p1a: Lopunny|Lopunny|Lopunnite\n|move|p1a: Lopunny|Fake Out|p2a: Rillaboom\n|-damage|p2a: Rillaboom|74\/100\n|cant|p2a: Rillaboom|flinch\n|\n|-heal|p2a: Rillaboom|80\/100|[from] Grassy Terrain\n|upkeep\n|turn|2\n|c|\u2606allivul|yes?\n|c|\u2606Archie_Star|nun\n|\n|t:|1700103916\n|move|p1a: Lopunny|Power-Up Punch|p2a: Rillaboom\n|-damage|p2a: Rillaboom|54\/100\n|-boost|p1a: Lopunny|atk|1\n|move|p2a: Rillaboom|Drain Punch|p1a: Lopunny\n|-supereffective|p1a: Lopunny\n|-damage|p1a: Lopunny|32\/100\n|-heal|p2a: Rillaboom|82\/100|[from] drain|[of] p1a: Lopunny\n|\n|-heal|p1a: Lopunny|38\/100|[from] Grassy Terrain\n|-heal|p2a: Rillaboom|88\/100|[from] Grassy Terrain\n|upkeep\n|turn|3\n|\n|t:|1700103926\n|move|p1a: Lopunny|Drain Punch|p2a: Rillaboom\n|-damage|p2a: Rillaboom|15\/100\n|-heal|p1a: Lopunny|84\/100|[from] drain|[of] p2a: Rillaboom\n|move|p2a: Rillaboom|Drain Punch|p1a: Lopunny\n|-supereffective|p1a: Lopunny\n|-damage|p1a: Lopunny|14\/100\n|-heal|p2a: Rillaboom|43\/100|[from] drain|[of] p1a: Lopunny\n|\n|-heal|p1a: Lopunny|20\/100|[from] Grassy Terrain\n|-heal|p2a: Rillaboom|49\/100|[from] Grassy Terrain\n|upkeep\n|turn|4\n|c|\u2606allivul|mines better\n|\n|t:|1700103937\n|move|p1a: Lopunny|Drain Punch|p2a: Rillaboom\n|-damage|p2a: Rillaboom|0 fnt\n|-heal|p1a: Lopunny|50\/100|[from] drain|[of] p2a: Rillaboom\n|faint|p2a: Rillaboom\n|\n|-heal|p1a: Lopunny|57\/100|[from] Grassy Terrain\n|upkeep\n|\n|t:|1700103942\n|switch|p2a: Sneasler|Sneasler, M, shiny|100\/100\n|-enditem|p2a: Sneasler|Grassy Seed\n|-boost|p2a: Sneasler|def|1|[from] item: Grassy Seed\n|turn|5\n|\n|t:|1700103947\n|move|p2a: Sneasler|Acrobatics|p1a: Lopunny\n|-supereffective|p1a: Lopunny\n|-damage|p1a: Lopunny|0 fnt\n|faint|p1a: Lopunny\n|\n|upkeep\n|\n|t:|1700103952\n|switch|p1a: Zeraora|Zeraora|100\/100\n|turn|6\n|\n|t:|1700103956\n|move|p2a: Sneasler|Dire Claw|p1a: Zeraora\n|-damage|p1a: Zeraora|41\/100\n|-status|p1a: Zeraora|slp\n|cant|p1a: Zeraora|slp\n|\n|-heal|p1a: Zeraora|47\/100 slp|[from] Grassy Terrain\n|upkeep\n|turn|7\n|c|\u2606Archie_Star|LMAO\n|c|\u2606allivul|well\n|c|\u2606allivul|uh\n|c|\u2606allivul|crap\n|\n|t:|1700103970\n|move|p2a: Sneasler|Swords Dance|p2a: Sneasler\n|-boost|p2a: Sneasler|atk|2\n|-curestatus|p1a: Zeraora|slp|[msg]\n|-zpower|p1a: Zeraora\n|move|p1a: Zeraora|Gigavolt Havoc|p2a: Sneasler|[zeffect]\n|-damage|p2a: Sneasler|0 fnt\n|faint|p2a: Sneasler\n|\n|-heal|p1a: Zeraora|53\/100|[from] Grassy Terrain\n|upkeep\n|c|\u2606Archie_Star|fuck\n|c|\u2606allivul|nvm\n|\n|t:|1700103983\n|switch|p2a: Great Tusk|Great Tusk|100\/100\n|-enditem|p2a: Great Tusk|Booster Energy\n|-activate|p2a: Great Tusk|ability: Protosynthesis|[fromitem]\n|-start|p2a: Great Tusk|protosynthesisatk\n|turn|8\n|c|\u2606allivul|were so zearoback\n|\n|t:|1700103988\n|move|p1a: Zeraora|Knock Off|p2a: Great Tusk\n|-resisted|p2a: Great Tusk\n|-damage|p2a: Great Tusk|93\/100\n|move|p2a: Great Tusk|Headlong Rush|p1a: Zeraora\n|-supereffective|p1a: Zeraora\n|-damage|p1a: Zeraora|0 fnt\n|-unboost|p2a: Great Tusk|def|1\n|-unboost|p2a: Great Tusk|spd|1\n|faint|p1a: Zeraora\n|\n|-heal|p2a: Great Tusk|99\/100|[from] Grassy Terrain\n|-fieldend|move: Grassy Terrain\n|upkeep\n|c|\u2606Archie_Star|i have made a continuous and severe lapse of my judgement\n|\n|t:|1700103999\n|switch|p1a: Vaporeon|Vaporeon, F|100\/100\n|turn|9\n|\n|t:|1700104002\n|move|p2a: Great Tusk|Close Combat|p1a: Vaporeon\n|-damage|p1a: Vaporeon|20\/100\n|-unboost|p2a: Great Tusk|def|1\n|-unboost|p2a: Great Tusk|spd|1\n|move|p1a: Vaporeon|Scald|p2a: Great Tusk\n|-supereffective|p2a: Great Tusk\n|-damage|p2a: Great Tusk|0 fnt\n|faint|p2a: Great Tusk\n|-end|p2a: Great Tusk|Protosynthesis|[silent]\n|\n|-heal|p1a: Vaporeon|27\/100|[from] item: Leftovers\n|upkeep\n|c|\u2606allivul|dang\n|\n|t:|1700104007\n|switch|p2a: Blaziken|Blaziken, F, shiny|100\/100\n|turn|10\n|c|\u2606allivul|the shitmon team got hands\n|\n|t:|1700104014\n|move|p2a: Blaziken|Protect|p2a: Blaziken\n|-singleturn|p2a: Blaziken|Protect\n|move|p1a: Vaporeon|Yawn|p2a: Blaziken\n|-activate|p2a: Blaziken|move: Protect\n|\n|-heal|p1a: Vaporeon|33\/100|[from] item: Leftovers\n|-ability|p2a: Blaziken|Speed Boost|boost\n|-boost|p2a: Blaziken|spe|1\n|upkeep\n|turn|11\n|\n|t:|1700104022\n|move|p2a: Blaziken|Close Combat|p1a: Vaporeon\n|-damage|p1a: Vaporeon|0 fnt\n|-unboost|p2a: Blaziken|def|1\n|-unboost|p2a: Blaziken|spd|1\n|faint|p1a: Vaporeon\n|\n|-ability|p2a: Blaziken|Speed Boost|boost\n|-boost|p2a: Blaziken|spe|1\n|upkeep\n|\n|t:|1700104030\n|switch|p1a: Salazzle|Salazzle, F, shiny|100\/100\n|turn|12\n|\n|t:|1700104035\n|move|p2a: Blaziken|Close Combat|p1a: Salazzle\n|-supereffective|p1a: Salazzle\n|-damage|p1a: Salazzle|0 fnt\n|-unboost|p2a: Blaziken|def|1\n|-unboost|p2a: Blaziken|spd|1\n|replace|p1a: Zoroark|Zoroark, F, shiny\n|-end|p1a: Zoroark|Illusion\n|faint|p1a: Zoroark\n|\n|-ability|p2a: Blaziken|Speed Boost|boost\n|-boost|p2a: Blaziken|spe|1\n|upkeep\n|c|\u2606allivul|crap\n|c|\u2606Archie_Star|rehheheheh\n|\n|t:|1700104043\n|switch|p1a: Gardevoir|Gardevoir, M|100\/100\n|turn|13\n|c|\u2606allivul|calm down scooby\n|\n|t:|1700104056\n|-zpower|p2a: Blaziken\n|move|p2a: Blaziken|Inferno Overdrive|p1a: Gardevoir|[zeffect]\n|-damage|p1a: Gardevoir|0 fnt\n|faint|p1a: Gardevoir\n|\n|-ability|p2a: Blaziken|Speed Boost|boost\n|-boost|p2a: Blaziken|spe|1\n|upkeep\n|\n|t:|1700104064\n|switch|p1a: Salazzle|Salazzle, F, shiny|100\/100\n|turn|14\n|c|\u2606allivul|dang\n|c|\u2606Archie_Star|ggs\n|c|\u2606allivul|the starter battle royal was right\n|c|\u2606allivul|gg\n|\n|t:|1700104089\n|move|p2a: Blaziken|Close Combat|p1a: Salazzle\n|-resisted|p1a: Salazzle\n|-damage|p1a: Salazzle|41\/100\n|-unboost|p2a: Blaziken|def|1\n|-unboost|p2a: Blaziken|spd|1\n|move|p1a: Salazzle|Flamethrower|p2a: Blaziken\n|-resisted|p2a: Blaziken\n|-crit|p2a: Blaziken\n|-damage|p2a: Blaziken|0 fnt\n|faint|p2a: Blaziken\n|\n|upkeep\n|c|\u2606Archie_Star|blaziken on top\n|c|\u2606Archie_Star|wtf\n|c|\u2606Archie_Star|madafacker\n|\n|t:|1700104098\n|switch|p2a: Greninja|Greninja, M|100\/100\n|turn|15\n|c|\u2606allivul|were so salazack\n|\n|t:|1700104105\n|-terastallize|p2a: Greninja|Water\n|-terastallize|p1a: Salazzle|Poison\n|move|p2a: Greninja|Water Shuriken|p1a: Salazzle\n|-damage|p1a: Salazzle|19\/100\n|-damage|p1a: Salazzle|0 fnt\n|faint|p1a: Salazzle\n|-hitcount|p1: Salazzle|2\n|-damage|p2a: Greninja|91\/100|[from] item: Life Orb\n|\n|win|Archie_Star\n|raw|allivul's rating: 1168 &rarr; <strong>1139<\/strong><br \/>(-29 for losing)\n|raw|Archie_Star's rating: 1106 &rarr; <strong>1135<\/strong><br \/>(+29 for winning)\n","uploadtime":1700104098,"views":4,"p1id":"allivul","p2id":"archiestar","formatid":"gen9nationaldex","rating":1135,"private":0,"password":""}