{"id":"gen9nationaldex-1990987994","p1":"Klee_The_Elf","p2":"Zera & Lucy","format":"[Gen 9] National Dex","log":"|j|\u2606Klee_The_Elf\n|j|\u2606Zera & Lucy\n|t:|1700023884\n|gametype|singles\n|player|p1|Klee_The_Elf|pokekid|1132\n|player|p2|Zera & Lucy|cynthia|1018\n|teamsize|p1|6\n|teamsize|p2|6\n|gen|9\n|tier|[Gen 9] National Dex\n|rated|\n|rule|HP Percentage Mod: HP is shown in percentages\n|rule|Endless Battle Clause: Forcing endless battles is banned\n|rule|OHKO Clause: OHKO moves are banned\n|rule|Evasion Clause: Evasion abilities, items, and moves are banned\n|rule|Evasion Abilities Clause: Evasion abilities are banned\n|rule|Evasion Items Clause: Evasion items are banned\n|rule|Evasion Moves Clause: Evasion moves are banned\n|rule|Species Clause: Limit one of each Pok\u00e9mon\n|rule|Sleep Clause Mod: Limit one foe put to sleep\n|clearpoke\n|poke|p1|Ariados, M|\n|poke|p1|Barbaracle, M|\n|poke|p1|Fearow, F|\n|poke|p1|Kingdra, M|\n|poke|p1|Beedrill, M|\n|poke|p1|Inteleon, M|\n|poke|p2|Pikachu, F|\n|poke|p2|Ribombee, M|\n|poke|p2|Ambipom, M|\n|poke|p2|Weavile, M|\n|poke|p2|Banette, F|\n|poke|p2|Sableye, M|\n|teampreview\n|inactive|Battle timer is ON: inactive players will automatically lose when time's up. (requested by Zera & Lucy)\n|\n|t:|1700023890\n|start\n|switch|p1a: Kingdra|Kingdra, M|100\/100\n|switch|p2a: Ribombee|Ribombee, M|100\/100\n|turn|1\n|\n|t:|1700023897\n|move|p2a: Ribombee|Sticky Web|p1a: Kingdra\n|-sidestart|p1: Klee_The_Elf|move: Sticky Web\n|move|p1a: Kingdra|Dragon Dance|p1a: Kingdra\n|-boost|p1a: Kingdra|atk|1\n|-boost|p1a: Kingdra|spe|1\n|\n|upkeep\n|turn|2\n|inactive|Klee_The_Elf has 120 seconds left.\n|\n|t:|1700023930\n|move|p1a: Kingdra|Ice Beam|p2a: Ribombee\n|-crit|p2a: Ribombee\n|-damage|p2a: Ribombee|26\/100\n|move|p2a: Ribombee|Quiver Dance|p2a: Ribombee\n|-boost|p2a: Ribombee|spa|1\n|-boost|p2a: Ribombee|spd|1\n|-boost|p2a: Ribombee|spe|1\n|\n|upkeep\n|turn|3\n|\n|t:|1700023942\n|-terastallize|p1a: Kingdra|Ice\n|move|p2a: Ribombee|Moonblast|p1a: Kingdra\n|-damage|p1a: Kingdra|17\/100\n|move|p1a: Kingdra|Dragon Dance|p1a: Kingdra\n|-boost|p1a: Kingdra|atk|1\n|-boost|p1a: Kingdra|spe|1\n|\n|upkeep\n|turn|4\n|\n|t:|1700023949\n|move|p1a: Kingdra|Ice Beam|p2a: Ribombee\n|-damage|p2a: Ribombee|0 fnt\n|faint|p2a: Ribombee\n|\n|upkeep\n|\n|t:|1700023956\n|switch|p2a: Ambipom|Ambipom, M|100\/100\n|turn|5\n|\n|t:|1700023975\n|-terastallize|p2a: Ambipom|Normal\n|move|p2a: Ambipom|Fake Out|p1a: Kingdra\n|-damage|p1a: Kingdra|0 fnt\n|faint|p1a: Kingdra\n|\n|upkeep\n|\n|t:|1700023978\n|switch|p1a: Fearow|Fearow, F|100\/100\n|turn|6\n|\n|t:|1700023985\n|move|p2a: Ambipom|U-turn|p1a: Fearow\n|-resisted|p1a: Fearow\n|-damage|p1a: Fearow|82\/100\n|\n|t:|1700023990\n|switch|p2a: Weavile|Weavile, M|100\/100|[from] U-turn\n|-ability|p2a: Weavile|Pressure\n|move|p1a: Fearow|Drill Run|p2a: Weavile\n|-damage|p2a: Weavile|61\/100\n|\n|upkeep\n|turn|7\n|\n|t:|1700023999\n|move|p2a: Weavile|Swords Dance|p2a: Weavile\n|-boost|p2a: Weavile|atk|2\n|move|p1a: Fearow|Drill Run|p2a: Weavile\n|-damage|p2a: Weavile|21\/100\n|\n|upkeep\n|turn|8\n|\n|t:|1700024006\n|move|p2a: Weavile|Ice Shard|p1a: Fearow\n|-supereffective|p1a: Fearow\n|-damage|p1a: Fearow|0 fnt\n|faint|p1a: Fearow\n|\n|upkeep\n|\n|t:|1700024011\n|switch|p1a: Barbaracle|Barbaracle, M|100\/100\n|-activate|p1a: Barbaracle|move: Sticky Web\n|-unboost|p1a: Barbaracle|spe|1\n|turn|9\n|\n|t:|1700024018\n|move|p2a: Weavile|Ice Shard|p1a: Barbaracle\n|-resisted|p1a: Barbaracle\n|-damage|p1a: Barbaracle|83\/100\n|move|p1a: Barbaracle|Rock Blast|p2a: Weavile\n|-supereffective|p2a: Weavile\n|-damage|p2a: Weavile|0 fnt\n|faint|p2a: Weavile\n|-hitcount|p2: Weavile|1\n|\n|upkeep\n|\n|t:|1700024023\n|switch|p2a: Banette|Banette, F|100\/100\n|-item|p1a: Barbaracle|Loaded Dice|[from] ability: Frisk|[of] p2a: Banette|[identify]\n|turn|10\n|\n|t:|1700024042\n|detailschange|p2a: Banette|Banette-Mega, F\n|-mega|p2a: Banette|Banette|Banettite\n|move|p2a: Banette|Destiny Bond|p2a: Banette\n|-singlemove|p2a: Banette|Destiny Bond\n|move|p1a: Barbaracle|Rock Blast|p2a: Banette\n|-damage|p2a: Banette|83\/100\n|-damage|p2a: Banette|68\/100\n|-damage|p2a: Banette|52\/100\n|-damage|p2a: Banette|36\/100\n|-damage|p2a: Banette|19\/100\n|-hitcount|p2a: Banette|5\n|\n|upkeep\n|turn|11\n|\n|t:|1700024049\n|move|p2a: Banette|Thunder Wave|p1a: Barbaracle\n|-status|p1a: Barbaracle|par\n|move|p1a: Barbaracle|Bulk Up|p1a: Barbaracle\n|-boost|p1a: Barbaracle|atk|1\n|-boost|p1a: Barbaracle|def|1\n|\n|upkeep\n|turn|12\n|\n|t:|1700024055\n|move|p2a: Banette|Destiny Bond|p2a: Banette\n|-singlemove|p2a: Banette|Destiny Bond\n|move|p1a: Barbaracle|Bulk Up|p1a: Barbaracle\n|-boost|p1a: Barbaracle|atk|1\n|-boost|p1a: Barbaracle|def|1\n|\n|upkeep\n|turn|13\n|\n|t:|1700024059\n|move|p2a: Banette|Swords Dance|p2a: Banette\n|-boost|p2a: Banette|atk|2\n|move|p1a: Barbaracle|Bulk Up|p1a: Barbaracle\n|-boost|p1a: Barbaracle|atk|1\n|-boost|p1a: Barbaracle|def|1\n|\n|upkeep\n|turn|14\n|\n|t:|1700024067\n|move|p2a: Banette|Destiny Bond|p2a: Banette\n|-singlemove|p2a: Banette|Destiny Bond\n|move|p1a: Barbaracle|Bulk Up|p1a: Barbaracle\n|-boost|p1a: Barbaracle|atk|1\n|-boost|p1a: Barbaracle|def|1\n|\n|upkeep\n|turn|15\n|\n|t:|1700024075\n|move|p2a: Banette|Swords Dance|p2a: Banette\n|-boost|p2a: Banette|atk|2\n|move|p1a: Barbaracle|Rock Blast|p2a: Banette\n|-damage|p2a: Banette|0 fnt\n|faint|p2a: Banette\n|-hitcount|p2: Banette|1\n|\n|upkeep\n|\n|t:|1700024083\n|switch|p2a: Ambipom|Ambipom, M, tera:Normal|100\/100\n|turn|16\n|\n|t:|1700024087\n|move|p2a: Ambipom|Fake Out|p1a: Barbaracle\n|-resisted|p1a: Barbaracle\n|-damage|p1a: Barbaracle|76\/100 par\n|cant|p1a: Barbaracle|flinch\n|\n|upkeep\n|turn|17\n|\n|t:|1700024093\n|move|p2a: Ambipom|Knock Off|p1a: Barbaracle\n|-damage|p1a: Barbaracle|69\/100 par\n|-enditem|p1a: Barbaracle|Loaded Dice|[from] move: Knock Off|[of] p2a: Ambipom\n|move|p1a: Barbaracle|Cross Chop|p2a: Ambipom\n|-supereffective|p2a: Ambipom\n|-damage|p2a: Ambipom|0 fnt\n|faint|p2a: Ambipom\n|\n|upkeep\n|\n|t:|1700024102\n|switch|p2a: Sableye|Sableye, M|100\/100\n|turn|18\n|\n|t:|1700024105\n|move|p2a: Sableye|Encore|p1a: Barbaracle\n|-start|p1a: Barbaracle|Encore\n|cant|p1a: Barbaracle|par\n|\n|upkeep\n|turn|19\n|\n|t:|1700024112\n|move|p2a: Sableye|Bulk Up|p2a: Sableye\n|-boost|p2a: Sableye|atk|1\n|-boost|p2a: Sableye|def|1\n|cant|p1a: Barbaracle|par\n|\n|upkeep\n|turn|20\n|\n|t:|1700024117\n|move|p2a: Sableye|Bulk Up|p2a: Sableye\n|-boost|p2a: Sableye|atk|1\n|-boost|p2a: Sableye|def|1\n|move|p1a: Barbaracle|Cross Chop|p2a: Sableye\n|-immune|p2a: Sableye\n|\n|-end|p1a: Barbaracle|Encore\n|upkeep\n|turn|21\n|\n|t:|1700024121\n|move|p2a: Sableye|Encore|p1a: Barbaracle\n|-start|p1a: Barbaracle|Encore\n|move|p1a: Barbaracle|Cross Chop|p2a: Sableye\n|-immune|p2a: Sableye\n|\n|upkeep\n|turn|22\n|\n|t:|1700024124\n|move|p2a: Sableye|Bulk Up|p2a: Sableye\n|-boost|p2a: Sableye|atk|1\n|-boost|p2a: Sableye|def|1\n|move|p1a: Barbaracle|Cross Chop|p2a: Sableye\n|-immune|p2a: Sableye\n|\n|upkeep\n|turn|23\n|\n|t:|1700024130\n|move|p2a: Sableye|Bulk Up|p2a: Sableye\n|-boost|p2a: Sableye|atk|1\n|-boost|p2a: Sableye|def|1\n|cant|p1a: Barbaracle|par\n|\n|-end|p1a: Barbaracle|Encore\n|upkeep\n|turn|24\n|\n|t:|1700024136\n|switch|p1a: Beedrill|Beedrill, M|100\/100\n|-activate|p1a: Beedrill|move: Sticky Web\n|-unboost|p1a: Beedrill|spe|1\n|move|p2a: Sableye|Encore||[still]\n|-fail|p2a: Sableye\n|\n|upkeep\n|turn|25\n|\n|t:|1700024140\n|detailschange|p1a: Beedrill|Beedrill-Mega, M\n|-mega|p1a: Beedrill|Beedrill|Beedrillite\n|move|p2a: Sableye|Sucker Punch||[still]\n|-fail|p2a: Sableye\n|move|p1a: Beedrill|Focus Energy|p1a: Beedrill\n|-start|p1a: Beedrill|move: Focus Energy\n|\n|upkeep\n|turn|26\n|\n|t:|1700024146\n|move|p2a: Sableye|Sucker Punch|p1a: Beedrill\n|-damage|p1a: Beedrill|0 fnt\n|faint|p1a: Beedrill\n|\n|upkeep\n|\n|t:|1700024156\n|switch|p1a: Ariados|Ariados, M|100\/100\n|-activate|p1a: Ariados|move: Sticky Web\n|-unboost|p1a: Ariados|spe|1\n|turn|27\n|\n|t:|1700024160\n|move|p2a: Sableye|Bulk Up|p2a: Sableye\n|-boost|p2a: Sableye|atk|1\n|-boost|p2a: Sableye|def|1\n|move|p1a: Ariados|Swords Dance|p1a: Ariados\n|-boost|p1a: Ariados|atk|2\n|\n|upkeep\n|turn|28\n|\n|t:|1700024167\n|move|p2a: Sableye|Encore|p1a: Ariados\n|-start|p1a: Ariados|Encore\n|move|p1a: Ariados|Swords Dance|p1a: Ariados\n|-boost|p1a: Ariados|atk|2\n|\n|upkeep\n|turn|29\n|\n|t:|1700024170\n|move|p2a: Sableye|Bulk Up|p2a: Sableye\n|-boost|p2a: Sableye|atk|1\n|-boost|p2a: Sableye|def|1\n|move|p1a: Ariados|Swords Dance|p1a: Ariados\n|-boost|p1a: Ariados|atk|2\n|\n|upkeep\n|turn|30\n|\n|t:|1700024176\n|move|p2a: Sableye|Disable|p1a: Ariados\n|-start|p1a: Ariados|Disable|Swords Dance\n|cant|p1a: Ariados|Disable|Swords Dance\n|\n|-end|p1a: Ariados|Encore\n|upkeep\n|turn|31\n|\n|t:|1700024186\n|move|p2a: Sableye|Sucker Punch|p1a: Ariados\n|-crit|p1a: Ariados\n|-damage|p1a: Ariados|0 fnt\n|faint|p1a: Ariados\n|\n|upkeep\n|\n|t:|1700024190\n|switch|p1a: Inteleon|Inteleon, M|100\/100\n|-activate|p1a: Inteleon|move: Sticky Web\n|-unboost|p1a: Inteleon|spe|1\n|turn|32\n|\n|t:|1700024195\n|move|p2a: Sableye|Sucker Punch|p1a: Inteleon\n|-damage|p1a: Inteleon|0 fnt\n|faint|p1a: Inteleon\n|\n|upkeep\n|\n|t:|1700024199\n|switch|p1a: Barbaracle|Barbaracle, M|69\/100 par\n|-activate|p1a: Barbaracle|move: Sticky Web\n|-unboost|p1a: Barbaracle|spe|1\n|turn|33\n|\n|t:|1700024201\n|move|p2a: Sableye|Sucker Punch||[still]\n|-fail|p2a: Sableye\n|move|p1a: Barbaracle|Bulk Up|p1a: Barbaracle\n|-boost|p1a: Barbaracle|atk|1\n|-boost|p1a: Barbaracle|def|1\n|\n|upkeep\n|turn|34\n|\n|t:|1700024204\n|move|p2a: Sableye|Encore|p1a: Barbaracle\n|-start|p1a: Barbaracle|Encore\n|move|p1a: Barbaracle|Bulk Up|p1a: Barbaracle\n|-boost|p1a: Barbaracle|atk|1\n|-boost|p1a: Barbaracle|def|1\n|\n|upkeep\n|turn|35\n|\n|t:|1700024206\n|move|p2a: Sableye|Disable|p1a: Barbaracle\n|-start|p1a: Barbaracle|Disable|Bulk Up\n|cant|p1a: Barbaracle|Disable|Bulk Up\n|\n|upkeep\n|turn|36\n|\n|t:|1700024214\n|move|p2a: Sableye|Sucker Punch|p1a: Barbaracle\n|-damage|p1a: Barbaracle|23\/100 par\n|-activate|p1a: Barbaracle|move: Struggle\n|move|p1a: Barbaracle|Struggle|p2a: Sableye\n|-damage|p2a: Sableye|87\/100\n|-damage|p1a: Barbaracle|0 fnt|[from] recoil\n|faint|p1a: Barbaracle\n|\n|win|Zera & Lucy\n|raw|Klee_The_Elf's rating: 1107 &rarr; <strong>1076<\/strong><br \/>(-31 for losing)\n|raw|Zera &amp; Lucy's rating: 1018 &rarr; <strong>1065<\/strong><br \/>(+47 for winning)\n","uploadtime":1700024222,"views":5,"p1id":"kleetheelf","p2id":"zeralucy","formatid":"gen9nationaldex","rating":1065,"private":0,"password":""}