{"id":"gen9nationaldex-1993241490","p1":"Ymerej_X","p2":"Prtbl_Trash","format":"[Gen 9] National Dex","log":"|j|\u2606Ymerej_X\n|j|\u2606Prtbl_Trash\n|t:|1700282898\n|gametype|singles\n|player|p1|Ymerej_X|grimsley|1284\n|player|p2|Prtbl_Trash|rosa|1311\n|teamsize|p1|6\n|teamsize|p2|6\n|gen|9\n|tier|[Gen 9] National Dex\n|rated|\n|rule|HP Percentage Mod: HP is shown in percentages\n|rule|Endless Battle Clause: Forcing endless battles is banned\n|rule|OHKO Clause: OHKO moves are banned\n|rule|Evasion Clause: Evasion abilities, items, and moves are banned\n|rule|Evasion Abilities Clause: Evasion abilities are banned\n|rule|Evasion Items Clause: Evasion items are banned\n|rule|Evasion Moves Clause: Evasion moves are banned\n|rule|Species Clause: Limit one of each Pok\u00e9mon\n|rule|Sleep Clause Mod: Limit one foe put to sleep\n|clearpoke\n|poke|p1|Gyarados, F|\n|poke|p1|Zapdos|\n|poke|p1|Garchomp, M|\n|poke|p1|Slowking-Galar, F|\n|poke|p1|Kartana|\n|poke|p1|Ceruledge, M|\n|poke|p2|Lokix, M|\n|poke|p2|Slowking-Galar, M|\n|poke|p2|Gliscor, F|\n|poke|p2|Empoleon, M|\n|poke|p2|Skeledirge, M|\n|poke|p2|Minior-Green|\n|teampreview\n|inactive|Battle timer is ON: inactive players will automatically lose when time's up. (requested by Prtbl_Trash)\n|\n|t:|1700282916\n|start\n|switch|p1a: Garchomp|Garchomp, M|100\/100\n|switch|p2a: Lokix|Lokix, M|100\/100\n|turn|1\n|\n|t:|1700282920\n|move|p2a: Lokix|U-turn|p1a: Garchomp\n|-damage|p1a: Garchomp|68\/100\n|-damage|p2a: Lokix|88\/100|[from] ability: Rough Skin|[of] p1a: Garchomp\n|\n|t:|1700282929\n|switch|p2a: Gliscor|Gliscor, F|100\/100|[from] U-turn\n|move|p1a: Garchomp|Stealth Rock|p2a: Gliscor\n|-sidestart|p2: Prtbl_Trash|move: Stealth Rock\n|\n|-heal|p1a: Garchomp|74\/100|[from] item: Leftovers\n|-status|p2a: Gliscor|tox|[from] item: Toxic Orb\n|upkeep\n|turn|2\n|\n|t:|1700282936\n|move|p2a: Gliscor|Defog|p1a: Garchomp\n|-unboost|p1a: Garchomp|evasion|1\n|-sideend|p2: Prtbl_Trash|Stealth Rock|[from] move: Defog|[of] p2a: Gliscor\n|move|p1a: Garchomp|Dragon Tail|p2a: Gliscor\n|-damage|p2a: Gliscor|77\/100 tox\n|drag|p2a: Skeledirge|Skeledirge, M|100\/100\n|\n|-heal|p1a: Garchomp|80\/100|[from] item: Leftovers\n|upkeep\n|turn|3\n|\n|t:|1700282948\n|move|p1a: Garchomp|Stealth Rock|p2a: Skeledirge\n|-sidestart|p2: Prtbl_Trash|move: Stealth Rock\n|move|p2a: Skeledirge|Will-O-Wisp|p1a: Garchomp\n|-status|p1a: Garchomp|brn\n|\n|-heal|p1a: Garchomp|86\/100 brn|[from] item: Leftovers\n|-damage|p1a: Garchomp|80\/100 brn|[from] brn\n|upkeep\n|turn|4\n|\n|t:|1700282958\n|move|p1a: Garchomp|Toxic|p2a: Skeledirge\n|-status|p2a: Skeledirge|tox\n|move|p2a: Skeledirge|Hex|p1a: Garchomp\n|-damage|p1a: Garchomp|41\/100 brn\n|\n|-heal|p1a: Garchomp|47\/100 brn|[from] item: Leftovers\n|-damage|p2a: Skeledirge|94\/100 tox|[from] psn\n|-damage|p1a: Garchomp|41\/100 brn|[from] brn\n|upkeep\n|turn|5\n|\n|t:|1700282965\n|switch|p2a: Gliscor|Gliscor, F|77\/100 tox\n|-damage|p2a: Gliscor|65\/100 tox|[from] Stealth Rock\n|move|p1a: Garchomp|Dragon Tail|p2a: Gliscor\n|-damage|p2a: Gliscor|54\/100 tox\n|drag|p2a: Empoleon|Empoleon, M|100\/100\n|-damage|p2a: Empoleon|94\/100|[from] Stealth Rock\n|\n|-heal|p1a: Garchomp|47\/100 brn|[from] item: Leftovers\n|-damage|p1a: Garchomp|41\/100 brn|[from] brn\n|upkeep\n|turn|6\n|\n|t:|1700282987\n|switch|p1a: Zapdos|Zapdos|100\/100\n|move|p2a: Empoleon|Flip Turn|p1a: Zapdos\n|-damage|p1a: Zapdos|88\/100\n|\n|t:|1700282998\n|switch|p2a: Minior|Minior-Green|100\/100|[from] Flip Turn\n|-damage|p2a: Minior|76\/100|[from] Stealth Rock\n|-formechange|p2a: Minior|Minior-Meteor||[from] ability: Shields Down\n|\n|upkeep\n|turn|7\n|\n|t:|1700283005\n|-terastallize|p2a: Minior|Grass\n|move|p1a: Zapdos|Discharge|p2a: Minior\n|-resisted|p2a: Minior\n|-damage|p2a: Minior|54\/100\n|move|p2a: Minior|Shell Smash|p2a: Minior\n|-unboost|p2a: Minior|def|1\n|-unboost|p2a: Minior|spd|1\n|-boost|p2a: Minior|atk|2\n|-boost|p2a: Minior|spa|2\n|-boost|p2a: Minior|spe|2\n|-enditem|p2a: Minior|White Herb\n|-clearnegativeboost|p2a: Minior|[silent]\n|\n|upkeep\n|turn|8\n|\n|t:|1700283014\n|move|p2a: Minior|Stone Edge|p1a: Zapdos\n|-supereffective|p1a: Zapdos\n|-crit|p1a: Zapdos\n|-damage|p1a: Zapdos|0 fnt\n|faint|p1a: Zapdos\n|\n|upkeep\n|\n|t:|1700283019\n|switch|p1a: Ceruledge|Ceruledge, M|100\/100\n|turn|9\n|\n|t:|1700283026\n|move|p2a: Minior|Earthquake|p1a: Ceruledge\n|-supereffective|p1a: Ceruledge\n|-enditem|p1a: Ceruledge|Focus Sash\n|-damage|p1a: Ceruledge|1\/100\n|-ability|p1a: Ceruledge|Weak Armor|boost\n|-unboost|p1a: Ceruledge|def|1\n|-boost|p1a: Ceruledge|spe|2\n|move|p1a: Ceruledge|Swords Dance|p1a: Ceruledge\n|-boost|p1a: Ceruledge|atk|2\n|\n|upkeep\n|turn|10\n|\n|t:|1700283033\n|move|p1a: Ceruledge|Bitter Blade|p2a: Minior\n|-supereffective|p2a: Minior\n|-damage|p2a: Minior|0 fnt\n|-heal|p1a: Ceruledge|25\/100|[from] drain|[of] p2a: Minior\n|faint|p2a: Minior\n|\n|upkeep\n|\n|t:|1700283036\n|switch|p2a: Lokix|Lokix, M|88\/100\n|-damage|p2a: Lokix|63\/100|[from] Stealth Rock\n|turn|11\n|\n|t:|1700283042\n|move|p2a: Lokix|First Impression|p1a: Ceruledge\n|-resisted|p1a: Ceruledge\n|-damage|p1a: Ceruledge|0 fnt\n|faint|p1a: Ceruledge\n|\n|upkeep\n|\n|t:|1700283048\n|switch|p1a: Gyarados|Gyarados, F|100\/100\n|-ability|p1a: Gyarados|Intimidate|boost\n|-unboost|p2a: Lokix|atk|1\n|turn|12\n|\n|t:|1700283057\n|switch|p2a: Slowking|Slowking-Galar, M|100\/100\n|move|p1a: Gyarados|Dragon Dance|p1a: Gyarados\n|-boost|p1a: Gyarados|atk|1\n|-boost|p1a: Gyarados|spe|1\n|\n|upkeep\n|turn|13\n|\n|t:|1700283068\n|move|p1a: Gyarados|Earthquake|p2a: Slowking\n|-supereffective|p2a: Slowking\n|-damage|p2a: Slowking|0 fnt\n|faint|p2a: Slowking\n|\n|upkeep\n|\n|t:|1700283073\n|switch|p2a: Skeledirge|Skeledirge, M|94\/100 tox\n|turn|14\n|\n|t:|1700283086\n|switch|p1a: Garchomp|Garchomp, M|41\/100 brn\n|move|p2a: Skeledirge|Will-O-Wisp|p1a: Garchomp|[miss]\n|-miss|p2a: Skeledirge|p1a: Garchomp\n|\n|-heal|p1a: Garchomp|47\/100 brn|[from] item: Leftovers\n|-damage|p2a: Skeledirge|88\/100 tox|[from] psn\n|-damage|p1a: Garchomp|41\/100 brn|[from] brn\n|upkeep\n|turn|15\n|\n|t:|1700283093\n|switch|p2a: Gliscor|Gliscor, F|54\/100 tox\n|-damage|p2a: Gliscor|42\/100 tox|[from] Stealth Rock\n|move|p1a: Garchomp|Earthquake|p2a: Gliscor\n|-immune|p2a: Gliscor\n|\n|-heal|p1a: Garchomp|47\/100 brn|[from] item: Leftovers\n|-heal|p2a: Gliscor|54\/100 tox|[from] ability: Poison Heal\n|-damage|p1a: Garchomp|41\/100 brn|[from] brn\n|upkeep\n|turn|16\n|\n|t:|1700283100\n|move|p2a: Gliscor|Defog|p1a: Garchomp\n|-unboost|p1a: Garchomp|evasion|1\n|-sideend|p2: Prtbl_Trash|Stealth Rock|[from] move: Defog|[of] p2a: Gliscor\n|move|p1a: Garchomp|Dragon Tail|p2a: Gliscor\n|-damage|p2a: Gliscor|43\/100 tox\n|drag|p2a: Empoleon|Empoleon, M|94\/100\n|\n|-heal|p1a: Garchomp|47\/100 brn|[from] item: Leftovers\n|-damage|p1a: Garchomp|41\/100 brn|[from] brn\n|upkeep\n|turn|17\n|\n|t:|1700283104\n|switch|p2a: Gliscor|Gliscor, F|43\/100 tox\n|move|p1a: Garchomp|Stealth Rock|p2a: Gliscor\n|-sidestart|p2: Prtbl_Trash|move: Stealth Rock\n|\n|-heal|p1a: Garchomp|47\/100 brn|[from] item: Leftovers\n|-heal|p2a: Gliscor|56\/100 tox|[from] ability: Poison Heal\n|-damage|p1a: Garchomp|41\/100 brn|[from] brn\n|upkeep\n|turn|18\n|\n|t:|1700283109\n|move|p2a: Gliscor|Defog|p1a: Garchomp\n|-unboost|p1a: Garchomp|evasion|1\n|-sideend|p2: Prtbl_Trash|Stealth Rock|[from] move: Defog|[of] p2a: Gliscor\n|move|p1a: Garchomp|Dragon Tail|p2a: Gliscor\n|-damage|p2a: Gliscor|45\/100 tox\n|drag|p2a: Skeledirge|Skeledirge, M|88\/100 tox\n|\n|-heal|p1a: Garchomp|47\/100 brn|[from] item: Leftovers\n|-damage|p2a: Skeledirge|82\/100 tox|[from] psn\n|-damage|p1a: Garchomp|41\/100 brn|[from] brn\n|upkeep\n|turn|19\n|\n|t:|1700283115\n|switch|p2a: Gliscor|Gliscor, F|45\/100 tox\n|move|p1a: Garchomp|Stealth Rock|p2a: Gliscor\n|-sidestart|p2: Prtbl_Trash|move: Stealth Rock\n|\n|-heal|p1a: Garchomp|47\/100 brn|[from] item: Leftovers\n|-heal|p2a: Gliscor|57\/100 tox|[from] ability: Poison Heal\n|-damage|p1a: Garchomp|41\/100 brn|[from] brn\n|upkeep\n|turn|20\n|\n|t:|1700283119\n|move|p2a: Gliscor|Stealth Rock|p1a: Garchomp\n|-sidestart|p1: Ymerej_X|move: Stealth Rock\n|move|p1a: Garchomp|Dragon Tail|p2a: Gliscor\n|-damage|p2a: Gliscor|47\/100 tox\n|drag|p2a: Empoleon|Empoleon, M|94\/100\n|-damage|p2a: Empoleon|88\/100|[from] Stealth Rock\n|\n|-heal|p1a: Garchomp|47\/100 brn|[from] item: Leftovers\n|-damage|p1a: Garchomp|41\/100 brn|[from] brn\n|upkeep\n|turn|21\n|\n|t:|1700283126\n|move|p1a: Garchomp|Earthquake|p2a: Empoleon\n|-supereffective|p2a: Empoleon\n|-damage|p2a: Empoleon|47\/100\n|move|p2a: Empoleon|Ice Beam|p1a: Garchomp\n|-supereffective|p1a: Garchomp\n|-damage|p1a: Garchomp|0 fnt\n|faint|p1a: Garchomp\n|\n|upkeep\n|\n|t:|1700283142\n|switch|p1a: Gyarados|Gyarados, F|100\/100\n|-damage|p1a: Gyarados|75\/100|[from] Stealth Rock\n|-ability|p1a: Gyarados|Intimidate|boost\n|-unboost|p2a: Empoleon|atk|1\n|-ability|p2a: Empoleon|Competitive|boost\n|-boost|p2a: Empoleon|spa|2\n|turn|22\n|\n|t:|1700283150\n|detailschange|p1a: Gyarados|Gyarados-Mega, F\n|-mega|p1a: Gyarados|Gyarados|Gyaradosite\n|-ability|p1a: Gyarados|Mold Breaker\n|move|p1a: Gyarados|Dragon Dance|p1a: Gyarados\n|-boost|p1a: Gyarados|atk|1\n|-boost|p1a: Gyarados|spe|1\n|move|p2a: Empoleon|Ice Beam|p1a: Gyarados\n|-resisted|p1a: Gyarados\n|-damage|p1a: Gyarados|49\/100\n|\n|upkeep\n|turn|23\n|\n|t:|1700283162\n|move|p1a: Gyarados|Crunch|p2a: Empoleon\n|-damage|p2a: Empoleon|0 fnt\n|faint|p2a: Empoleon\n|\n|upkeep\n|\n|t:|1700283165\n|switch|p2a: Lokix|Lokix, M|63\/100\n|-damage|p2a: Lokix|39\/100|[from] Stealth Rock\n|turn|24\n|\n|t:|1700283176\n|move|p2a: Lokix|First Impression|p1a: Gyarados\n|-supereffective|p1a: Gyarados\n|-damage|p1a: Gyarados|0 fnt\n|faint|p1a: Gyarados\n|\n|upkeep\n|\n|t:|1700283178\n|switch|p1a: Slowking|Slowking-Galar, F|100\/100\n|-damage|p1a: Slowking|88\/100|[from] Stealth Rock\n|turn|25\n|\n|t:|1700283185\n|switch|p2a: Gliscor|Gliscor, F|47\/100 tox\n|-damage|p2a: Gliscor|34\/100 tox|[from] Stealth Rock\n|move|p1a: Slowking|Ice Beam|p2a: Gliscor\n|-supereffective|p2a: Gliscor\n|-damage|p2a: Gliscor|0 fnt\n|faint|p2a: Gliscor\n|\n|upkeep\n|\n|t:|1700283193\n|switch|p2a: Lokix|Lokix, M|39\/100\n|-damage|p2a: Lokix|14\/100|[from] Stealth Rock\n|turn|26\n|\n|t:|1700283198\n|move|p2a: Lokix|Knock Off|p1a: Slowking\n|-supereffective|p1a: Slowking\n|-damage|p1a: Slowking|0 fnt\n|-damage|p2a: Lokix|0 fnt|[from] item: Rocky Helmet|[of] p1a: Slowking\n|faint|p1a: Slowking\n|faint|p2a: Lokix\n|\n|upkeep\n|\n|t:|1700283200\n|switch|p2a: Skeledirge|Skeledirge, M|82\/100 tox\n|switch|p1a: Kartana|Kartana|100\/100\n|-damage|p1a: Kartana|94\/100|[from] Stealth Rock\n|turn|27\n|\n|t:|1700283211\n|-zpower|p1a: Kartana\n|move|p1a: Kartana|Corkscrew Crash|p2a: Skeledirge|[zeffect]\n|-resisted|p2a: Skeledirge\n|-damage|p2a: Skeledirge|57\/100 tox\n|move|p2a: Skeledirge|Torch Song|p1a: Kartana\n|-supereffective|p1a: Kartana\n|-damage|p1a: Kartana|0 fnt\n|-boost|p2a: Skeledirge|spa|1\n|faint|p1a: Kartana\n|\n|win|Prtbl_Trash\n|raw|Ymerej_X's rating: 1284 &rarr; <strong>1261<\/strong><br \/>(-23 for losing)\n|raw|Prtbl_Trash's rating: 1311 &rarr; <strong>1329<\/strong><br \/>(+18 for winning)\n","uploadtime":1700283225,"views":13,"p1id":"ymerejx","p2id":"prtbltrash","formatid":"gen9nationaldex","rating":1261,"private":0,"password":""}