{"id":"gen9nationaldex-1988935967","p1":"DGP PLAYER","p2":"S0A0M0I0","format":"[Gen 9] National Dex","log":"|j|\u2606DGP PLAYER\n|j|\u2606S0A0M0I0\n|t:|1699790840\n|gametype|singles\n|player|p1|DGP PLAYER|hilda-wonderlauncher|1522\n|player|p2|S0A0M0I0|ninjaboy|1500\n|teamsize|p1|6\n|teamsize|p2|6\n|gen|9\n|tier|[Gen 9] National Dex\n|rated|\n|rule|HP Percentage Mod: HP is shown in percentages\n|rule|Endless Battle Clause: Forcing endless battles is banned\n|rule|OHKO Clause: OHKO moves are banned\n|rule|Evasion Clause: Evasion abilities, items, and moves are banned\n|rule|Evasion Abilities Clause: Evasion abilities are banned\n|rule|Evasion Items Clause: Evasion items are banned\n|rule|Evasion Moves Clause: Evasion moves are banned\n|rule|Species Clause: Limit one of each Pok\u00e9mon\n|rule|Sleep Clause Mod: Limit one foe put to sleep\n|clearpoke\n|poke|p1|Blaziken, F|\n|poke|p1|Banette, M|\n|poke|p1|Ogerpon-Wellspring, F|\n|poke|p1|Landorus-Therian, M|\n|poke|p1|Iron Valiant|\n|poke|p1|Rotom-Wash|\n|poke|p2|Deoxys-Defense|\n|poke|p2|Lopunny, F|\n|poke|p2|Tapu Fini|\n|poke|p2|Ferrothorn, M|\n|poke|p2|Landorus-Therian, M|\n|poke|p2|Tornadus-Therian, M|\n|teampreview\n|inactive|Battle timer is ON: inactive players will automatically lose when time's up. (requested by DGP PLAYER)\n|\n|t:|1699790866\n|start\n|switch|p1a: \u56f4\u5dfe\u571f\u732b|Landorus-Therian, M|100\/100\n|switch|p2a: Tapu Fini|Tapu Fini|100\/100\n|-fieldstart|move: Misty Terrain|[from] ability: Misty Surge|[of] p2a: Tapu Fini\n|-ability|p1a: \u56f4\u5dfe\u571f\u732b|Intimidate|boost\n|-unboost|p2a: Tapu Fini|atk|1\n|turn|1\n|\n|t:|1699790877\n|move|p2a: Tapu Fini|Hydro Pump|p1a: \u56f4\u5dfe\u571f\u732b|[miss]\n|-miss|p2a: Tapu Fini|p1a: \u56f4\u5dfe\u571f\u732b\n|move|p1a: \u56f4\u5dfe\u571f\u732b|U-turn|p2a: Tapu Fini\n|-resisted|p2a: Tapu Fini\n|-damage|p2a: Tapu Fini|90\/100\n|\n|t:|1699790879\n|switch|p1a: \u692a\u692a|Ogerpon-Wellspring, F|100\/100|[from] U-turn\n|\n|upkeep\n|turn|2\n|\n|t:|1699790881\n|switch|p2a: Ferrothorn|Ferrothorn, M|100\/100\n|move|p1a: \u692a\u692a|Substitute|p1a: \u692a\u692a\n|-start|p1a: \u692a\u692a|Substitute\n|-damage|p1a: \u692a\u692a|76\/100\n|\n|upkeep\n|turn|3\n|\n|t:|1699790886\n|switch|p1a: \u56f4\u5dfe\u571f\u732b|Landorus-Therian, M|100\/100\n|-ability|p1a: \u56f4\u5dfe\u571f\u732b|Intimidate|boost\n|-unboost|p2a: Ferrothorn|atk|1\n|move|p2a: Ferrothorn|Power Whip|p1a: \u56f4\u5dfe\u571f\u732b\n|-damage|p1a: \u56f4\u5dfe\u571f\u732b|84\/100\n|-damage|p2a: Ferrothorn|84\/100|[from] item: Rocky Helmet|[of] p1a: \u56f4\u5dfe\u571f\u732b\n|\n|-heal|p2a: Ferrothorn|90\/100|[from] item: Leftovers\n|upkeep\n|turn|4\n|\n|t:|1699790895\n|move|p1a: \u56f4\u5dfe\u571f\u732b|U-turn|p2a: Ferrothorn\n|-damage|p2a: Ferrothorn|76\/100\n|-damage|p1a: \u56f4\u5dfe\u571f\u732b|71\/100|[from] ability: Iron Barbs|[of] p2a: Ferrothorn\n|\n|t:|1699790899\n|switch|p1a: \u692a\u692a|Ogerpon-Wellspring, F|76\/100|[from] U-turn\n|move|p2a: Ferrothorn|Leech Seed|p1a: \u692a\u692a\n|-immune|p1a: \u692a\u692a\n|\n|-heal|p2a: Ferrothorn|82\/100|[from] item: Leftovers\n|upkeep\n|turn|5\n|\n|t:|1699790905\n|switch|p1a: \u706b\u7130\u5764|Blaziken, F|100\/100\n|move|p2a: Ferrothorn|Power Whip|p1a: \u706b\u7130\u5764\n|-resisted|p1a: \u706b\u7130\u5764\n|-damage|p1a: \u706b\u7130\u5764|81\/100\n|\n|-heal|p2a: Ferrothorn|89\/100|[from] item: Leftovers\n|-fieldend|Misty Terrain\n|upkeep\n|turn|6\n|\n|t:|1699790909\n|switch|p2a: Tapu Fini|Tapu Fini|90\/100\n|-fieldstart|move: Misty Terrain|[from] ability: Misty Surge|[of] p2a: Tapu Fini\n|move|p1a: \u706b\u7130\u5764|Swords Dance|p1a: \u706b\u7130\u5764\n|-boost|p1a: \u706b\u7130\u5764|atk|2\n|\n|-ability|p1a: \u706b\u7130\u5764|Speed Boost|boost\n|-boost|p1a: \u706b\u7130\u5764|spe|1\n|upkeep\n|turn|7\n|\n|t:|1699790915\n|switch|p1a: \u692a\u692a|Ogerpon-Wellspring, F|76\/100\n|move|p2a: Tapu Fini|Hydro Pump|p1a: \u692a\u692a\n|-heal|p1a: \u692a\u692a|100\/100|[from] ability: Water Absorb|[of] p2a: Tapu Fini\n|\n|upkeep\n|turn|8\n|\n|t:|1699790919\n|switch|p2a: Ferrothorn|Ferrothorn, M|89\/100\n|switch|p1a: \u8bc5\u5c06\u519b|Banette, M|100\/100\n|-item|p2a: Ferrothorn|Leftovers|[from] ability: Frisk|[of] p1a: \u8bc5\u5c06\u519b|[identify]\n|\n|-heal|p2a: Ferrothorn|95\/100|[from] item: Leftovers\n|upkeep\n|turn|9\n|\n|t:|1699790925\n|detailschange|p1a: \u8bc5\u5c06\u519b|Banette-Mega, M\n|-mega|p1a: \u8bc5\u5c06\u519b|Banette|Banettite\n|move|p1a: \u8bc5\u5c06\u519b|Infestation|p2a: Ferrothorn\n|-damage|p2a: Ferrothorn|92\/100\n|-activate|p2a: Ferrothorn|move: Infestation|[of] p1a: \u8bc5\u5c06\u519b\n|-damage|p1a: \u8bc5\u5c06\u519b|88\/100|[from] ability: Iron Barbs|[of] p2a: Ferrothorn\n|move|p2a: Ferrothorn|Stealth Rock|p1a: \u8bc5\u5c06\u519b\n|-sidestart|p1: DGP PLAYER|move: Stealth Rock\n|\n|-heal|p2a: Ferrothorn|98\/100|[from] item: Leftovers\n|-damage|p2a: Ferrothorn|85\/100|[from] move: Infestation|[partiallytrapped]\n|upkeep\n|turn|10\n|\n|t:|1699790930\n|move|p1a: \u8bc5\u5c06\u519b|Encore|p2a: Ferrothorn\n|-start|p2a: Ferrothorn|Encore\n|move|p2a: Ferrothorn|Stealth Rock||[still]\n|-fail|p2a: Ferrothorn\n|\n|-heal|p2a: Ferrothorn|92\/100|[from] item: Leftovers\n|-damage|p2a: Ferrothorn|79\/100|[from] move: Infestation|[partiallytrapped]\n|-fieldend|Misty Terrain\n|upkeep\n|turn|11\n|\n|t:|1699790934\n|move|p1a: \u8bc5\u5c06\u519b|Poltergeist|p2a: Ferrothorn\n|-activate|p2a: Ferrothorn|move: Poltergeist|Leftovers\n|-damage|p2a: Ferrothorn|25\/100\n|move|p2a: Ferrothorn|Stealth Rock||[still]\n|-fail|p2a: Ferrothorn\n|\n|-heal|p2a: Ferrothorn|31\/100|[from] item: Leftovers\n|-damage|p2a: Ferrothorn|19\/100|[from] move: Infestation|[partiallytrapped]\n|upkeep\n|turn|12\n|\n|t:|1699790939\n|move|p1a: \u8bc5\u5c06\u519b|Poltergeist|p2a: Ferrothorn\n|-activate|p2a: Ferrothorn|move: Poltergeist|Leftovers\n|-damage|p2a: Ferrothorn|0 fnt\n|faint|p2a: Ferrothorn\n|\n|upkeep\n|\n|t:|1699790949\n|switch|p2a: Tornadus|Tornadus-Therian, M|100\/100\n|turn|13\n|\n|t:|1699790954\n|switch|p1a: \u6d17\u8863\u673a|Rotom-Wash|100\/100\n|-damage|p1a: \u6d17\u8863\u673a|88\/100|[from] Stealth Rock\n|move|p2a: Tornadus|Hurricane|p1a: \u6d17\u8863\u673a\n|-resisted|p1a: \u6d17\u8863\u673a\n|-damage|p1a: \u6d17\u8863\u673a|73\/100\n|\n|-heal|p1a: \u6d17\u8863\u673a|79\/100|[from] item: Leftovers\n|upkeep\n|turn|14\n|\n|t:|1699790959\n|switch|p2a: Landorus|Landorus-Therian, M|100\/100\n|-ability|p2a: Landorus|Intimidate|boost\n|-unboost|p1a: \u6d17\u8863\u673a|atk|1\n|move|p1a: \u6d17\u8863\u673a|Defog|p2a: Landorus\n|-unboost|p2a: Landorus|evasion|1\n|-sideend|p1: DGP PLAYER|Stealth Rock|[from] move: Defog|[of] p1a: \u6d17\u8863\u673a\n|\n|-heal|p1a: \u6d17\u8863\u673a|85\/100|[from] item: Leftovers\n|upkeep\n|turn|15\n|\n|t:|1699790976\n|move|p2a: Landorus|Swords Dance|p2a: Landorus\n|-boost|p2a: Landorus|atk|2\n|move|p1a: \u6d17\u8863\u673a|Hydro Pump|p2a: Landorus\n|-supereffective|p2a: Landorus\n|-damage|p2a: Landorus|0 fnt\n|faint|p2a: Landorus\n|\n|-heal|p1a: \u6d17\u8863\u673a|91\/100|[from] item: Leftovers\n|upkeep\n|\n|t:|1699790980\n|switch|p2a: Deoxys|Deoxys-Defense|100\/100\n|-ability|p2a: Deoxys|Pressure\n|turn|16\n|\n|t:|1699790983\n|move|p2a: Deoxys|Cosmic Power|p2a: Deoxys\n|-boost|p2a: Deoxys|def|1\n|-boost|p2a: Deoxys|spd|1\n|move|p1a: \u6d17\u8863\u673a|Thunder Wave|p2a: Deoxys\n|-status|p2a: Deoxys|par\n|\n|-heal|p1a: \u6d17\u8863\u673a|97\/100|[from] item: Leftovers\n|upkeep\n|turn|17\n|\n|t:|1699790987\n|move|p1a: \u6d17\u8863\u673a|Volt Switch|p2a: Deoxys\n|-crit|p2a: Deoxys\n|-damage|p2a: Deoxys|71\/100 par\n|\n|t:|1699790989\n|switch|p1a: \u8bc5\u5c06\u519b|Banette-Mega, M|88\/100|[from] Volt Switch\n|move|p2a: Deoxys|Cosmic Power|p2a: Deoxys\n|-boost|p2a: Deoxys|def|1\n|-boost|p2a: Deoxys|spd|1\n|\n|upkeep\n|turn|18\n|\n|t:|1699790993\n|switch|p2a: Lopunny|Lopunny, F|100\/100\n|move|p1a: \u8bc5\u5c06\u519b|Encore||[still]\n|-fail|p1a: \u8bc5\u5c06\u519b\n|\n|upkeep\n|turn|19\n|\n|t:|1699790997\n|switch|p1a: \u56f4\u5dfe\u571f\u732b|Landorus-Therian, M|71\/100\n|-ability|p1a: \u56f4\u5dfe\u571f\u732b|Intimidate|boost\n|-unboost|p2a: Lopunny|atk|1\n|detailschange|p2a: Lopunny|Lopunny-Mega, F\n|-mega|p2a: Lopunny|Lopunny|Lopunnite\n|move|p2a: Lopunny|Fake Out|p1a: \u56f4\u5dfe\u571f\u732b\n|-damage|p1a: \u56f4\u5dfe\u571f\u732b|60\/100\n|-damage|p2a: Lopunny|84\/100|[from] item: Rocky Helmet|[of] p1a: \u56f4\u5dfe\u571f\u732b\n|\n|upkeep\n|turn|20\n|\n|t:|1699791001\n|switch|p2a: Tapu Fini|Tapu Fini|90\/100\n|-fieldstart|move: Misty Terrain|[from] ability: Misty Surge|[of] p2a: Tapu Fini\n|move|p1a: \u56f4\u5dfe\u571f\u732b|Stealth Rock|p2a: Tapu Fini\n|-sidestart|p2: S0A0M0I0|move: Stealth Rock\n|\n|upkeep\n|turn|21\n|\n|t:|1699791008\n|switch|p1a: \u692a\u692a|Ogerpon-Wellspring, F|100\/100\n|move|p2a: Tapu Fini|Defog|p1a: \u692a\u692a\n|-unboost|p1a: \u692a\u692a|evasion|1\n|-sideend|p2: S0A0M0I0|Stealth Rock|[from] move: Defog|[of] p2a: Tapu Fini\n|-fieldend|Misty Terrain\n|\n|upkeep\n|turn|22\n|\n|t:|1699791013\n|switch|p2a: Tornadus|Tornadus-Therian, M|100\/100\n|move|p1a: \u692a\u692a|Substitute|p1a: \u692a\u692a\n|-start|p1a: \u692a\u692a|Substitute\n|-damage|p1a: \u692a\u692a|76\/100\n|\n|upkeep\n|turn|23\n|\n|t:|1699791016\n|move|p2a: Tornadus|Hurricane|p1a: \u692a\u692a\n|-supereffective|p1a: \u692a\u692a\n|-end|p1a: \u692a\u692a|Substitute\n|move|p1a: \u692a\u692a|Ivy Cudgel|p2a: Tornadus\n|-damage|p2a: Tornadus|28\/100\n|\n|upkeep\n|turn|24\n|\n|t:|1699791020\n|switch|p1a: \u6d17\u8863\u673a|Rotom-Wash|97\/100\n|move|p2a: Tornadus|U-turn|p1a: \u6d17\u8863\u673a\n|-damage|p1a: \u6d17\u8863\u673a|80\/100\n|\n|t:|1699791025\n|switch|p2a: Deoxys|Deoxys-Defense|71\/100 par|[from] U-turn\n|-ability|p2a: Deoxys|Pressure\n|\n|-heal|p1a: \u6d17\u8863\u673a|86\/100|[from] item: Leftovers\n|upkeep\n|turn|25\n|\n|t:|1699791029\n|move|p1a: \u6d17\u8863\u673a|Volt Switch|p2a: Deoxys\n|-damage|p2a: Deoxys|51\/100 par\n|\n|t:|1699791032\n|switch|p1a: \u8bc5\u5c06\u519b|Banette-Mega, M|88\/100|[from] Volt Switch\n|cant|p2a: Deoxys|par\n|\n|upkeep\n|turn|26\n|\n|t:|1699791037\n|switch|p2a: Lopunny|Lopunny-Mega, F|84\/100\n|move|p1a: \u8bc5\u5c06\u519b|Poltergeist|p2a: Lopunny\n|-immune|p2a: Lopunny\n|\n|upkeep\n|turn|27\n|\n|t:|1699791047\n|switch|p2a: Tapu Fini|Tapu Fini|90\/100\n|-fieldstart|move: Misty Terrain|[from] ability: Misty Surge|[of] p2a: Tapu Fini\n|switch|p1a: \u56f4\u5dfe\u571f\u732b|Landorus-Therian, M|60\/100\n|-ability|p1a: \u56f4\u5dfe\u571f\u732b|Intimidate|boost\n|-unboost|p2a: Tapu Fini|atk|1\n|\n|upkeep\n|turn|28\n|\n|t:|1699791051\n|switch|p1a: \u692a\u692a|Ogerpon-Wellspring, F|76\/100\n|move|p2a: Tapu Fini|Moonblast|p1a: \u692a\u692a\n|-damage|p1a: \u692a\u692a|34\/100\n|\n|upkeep\n|turn|29\n|\n|t:|1699791056\n|move|p2a: Tapu Fini|Moonblast|p1a: \u692a\u692a\n|-damage|p1a: \u692a\u692a|0 fnt\n|faint|p1a: \u692a\u692a\n|\n|upkeep\n|\n|t:|1699791070\n|switch|p1a: \u6d17\u8863\u673a|Rotom-Wash|86\/100\n|turn|30\n|\n|t:|1699791075\n|switch|p2a: Deoxys|Deoxys-Defense|51\/100 par\n|-ability|p2a: Deoxys|Pressure\n|move|p1a: \u6d17\u8863\u673a|Volt Switch|p2a: Deoxys\n|-damage|p2a: Deoxys|31\/100 par\n|\n|t:|1699791079\n|switch|p1a: \u8bc5\u5c06\u519b|Banette-Mega, M|88\/100|[from] Volt Switch\n|\n|upkeep\n|turn|31\n|\n|t:|1699791083\n|switch|p2a: Lopunny|Lopunny-Mega, F|84\/100\n|move|p1a: \u8bc5\u5c06\u519b|Infestation|p2a: Lopunny\n|-resisted|p2a: Lopunny\n|-damage|p2a: Lopunny|81\/100\n|-activate|p2a: Lopunny|move: Infestation|[of] p1a: \u8bc5\u5c06\u519b\n|\n|-damage|p2a: Lopunny|69\/100|[from] move: Infestation|[partiallytrapped]\n|-fieldend|Misty Terrain\n|upkeep\n|turn|32\n|\n|t:|1699791088\n|move|p2a: Lopunny|U-turn|p1a: \u8bc5\u5c06\u519b\n|-resisted|p1a: \u8bc5\u5c06\u519b\n|-damage|p1a: \u8bc5\u5c06\u519b|71\/100\n|\n|t:|1699791093\n|switch|p2a: Deoxys|Deoxys-Defense|31\/100 par|[from] U-turn\n|-ability|p2a: Deoxys|Pressure\n|move|p1a: \u8bc5\u5c06\u519b|Poltergeist|p2a: Deoxys\n|-activate|p2a: Deoxys|move: Poltergeist|Rocky Helmet\n|-supereffective|p2a: Deoxys\n|-damage|p2a: Deoxys|0 fnt\n|faint|p2a: Deoxys\n|\n|upkeep\n|\n|t:|1699791094\n|switch|p2a: Lopunny|Lopunny-Mega, F|69\/100\n|turn|33\n|\n|t:|1699791098\n|switch|p1a: \u56f4\u5dfe\u571f\u732b|Landorus-Therian, M|60\/100\n|-ability|p1a: \u56f4\u5dfe\u571f\u732b|Intimidate|boost\n|-fail|p2a: Lopunny|unboost|Attack|[from] ability: Scrappy|[of] p2a: Lopunny\n|move|p2a: Lopunny|Frustration|p1a: \u56f4\u5dfe\u571f\u732b\n|-damage|p1a: \u56f4\u5dfe\u571f\u732b|20\/100\n|-damage|p2a: Lopunny|53\/100|[from] item: Rocky Helmet|[of] p1a: \u56f4\u5dfe\u571f\u732b\n|\n|upkeep\n|turn|34\n|\n|t:|1699791102\n|move|p2a: Lopunny|Frustration|p1a: \u56f4\u5dfe\u571f\u732b\n|-damage|p1a: \u56f4\u5dfe\u571f\u732b|0 fnt\n|-damage|p2a: Lopunny|36\/100|[from] item: Rocky Helmet|[of] p1a: \u56f4\u5dfe\u571f\u732b\n|faint|p1a: \u56f4\u5dfe\u571f\u732b\n|\n|upkeep\n|\n|t:|1699791112\n|switch|p1a: \u706b\u7130\u5764|Blaziken, F|81\/100\n|turn|35\n|\n|t:|1699791116\n|switch|p2a: Tapu Fini|Tapu Fini|90\/100\n|-fieldstart|move: Misty Terrain|[from] ability: Misty Surge|[of] p2a: Tapu Fini\n|move|p1a: \u706b\u7130\u5764|Protect||[still]\n|-fail|p1a: \u706b\u7130\u5764\n|\n|-ability|p1a: \u706b\u7130\u5764|Speed Boost|boost\n|-boost|p1a: \u706b\u7130\u5764|spe|1\n|upkeep\n|turn|36\n|\n|t:|1699791124\n|switch|p1a: \u6d17\u8863\u673a|Rotom-Wash|86\/100\n|move|p2a: Tapu Fini|Trick|p1a: \u6d17\u8863\u673a\n|-activate|p2a: Tapu Fini|move: Trick|[of] p1a: \u6d17\u8863\u673a\n|-item|p1a: \u6d17\u8863\u673a|Choice Scarf|[from] move: Trick\n|-item|p2a: Tapu Fini|Leftovers|[from] move: Trick\n|\n|-heal|p2a: Tapu Fini|96\/100|[from] item: Leftovers\n|upkeep\n|turn|37\n|\n|t:|1699791134\n|move|p1a: \u6d17\u8863\u673a|Volt Switch|p2a: Tapu Fini\n|-supereffective|p2a: Tapu Fini\n|-damage|p2a: Tapu Fini|57\/100\n|\n|t:|1699791138\n|switch|p1a: \u8bc5\u5c06\u519b|Banette-Mega, M|71\/100|[from] Volt Switch\n|move|p2a: Tapu Fini|Hydro Pump|p1a: \u8bc5\u5c06\u519b|[miss]\n|-miss|p2a: Tapu Fini|p1a: \u8bc5\u5c06\u519b\n|\n|-heal|p2a: Tapu Fini|63\/100|[from] item: Leftovers\n|upkeep\n|turn|38\n|\n|t:|1699791150\n|switch|p2a: Lopunny|Lopunny-Mega, F|36\/100\n|move|p1a: \u8bc5\u5c06\u519b|Destiny Bond|p1a: \u8bc5\u5c06\u519b\n|-singlemove|p1a: \u8bc5\u5c06\u519b|Destiny Bond\n|\n|upkeep\n|turn|39\n|\n|t:|1699791165\n|move|p2a: Lopunny|Fake Out|p1a: \u8bc5\u5c06\u519b\n|-damage|p1a: \u8bc5\u5c06\u519b|39\/100\n|cant|p1a: \u8bc5\u5c06\u519b|flinch\n|\n|-fieldend|Misty Terrain\n|upkeep\n|turn|40\n|\n|t:|1699791169\n|move|p1a: \u8bc5\u5c06\u519b|Destiny Bond|p1a: \u8bc5\u5c06\u519b\n|-singlemove|p1a: \u8bc5\u5c06\u519b|Destiny Bond\n|move|p2a: Lopunny|U-turn|p1a: \u8bc5\u5c06\u519b\n|-resisted|p1a: \u8bc5\u5c06\u519b\n|-damage|p1a: \u8bc5\u5c06\u519b|21\/100\n|\n|t:|1699791173\n|switch|p2a: Tornadus|Tornadus-Therian, M|61\/100|[from] U-turn\n|\n|upkeep\n|turn|41\n|\n|t:|1699791178\n|move|p2a: Tornadus|U-turn|p1a: \u8bc5\u5c06\u519b\n|-resisted|p1a: \u8bc5\u5c06\u519b\n|-damage|p1a: \u8bc5\u5c06\u519b|10\/100\n|\n|t:|1699791180\n|switch|p2a: Lopunny|Lopunny-Mega, F|36\/100|[from] U-turn\n|move|p1a: \u8bc5\u5c06\u519b|Poltergeist|p2a: Lopunny\n|-immune|p2a: Lopunny\n|\n|upkeep\n|turn|42\n|\n|t:|1699791183\n|switch|p1a: \u6d17\u8863\u673a|Rotom-Wash|86\/100\n|move|p2a: Lopunny|Fake Out|p1a: \u6d17\u8863\u673a\n|-damage|p1a: \u6d17\u8863\u673a|65\/100\n|\n|upkeep\n|turn|43\n|\n|t:|1699791189\n|switch|p2a: Tornadus|Tornadus-Therian, M|95\/100\n|move|p1a: \u6d17\u8863\u673a|Volt Switch|p2a: Tornadus\n|-supereffective|p2a: Tornadus\n|-damage|p2a: Tornadus|61\/100\n|\n|t:|1699791196\n|switch|p1a: \u8bc5\u5c06\u519b|Banette-Mega, M|10\/100|[from] Volt Switch\n|\n|upkeep\n|turn|44\n|\n|t:|1699791199\n|switch|p2a: Lopunny|Lopunny-Mega, F|36\/100\n|move|p1a: \u8bc5\u5c06\u519b|Destiny Bond|p1a: \u8bc5\u5c06\u519b\n|-singlemove|p1a: \u8bc5\u5c06\u519b|Destiny Bond\n|\n|upkeep\n|turn|45\n|\n|t:|1699791215\n|switch|p2a: Tornadus|Tornadus-Therian, M|94\/100\n|move|p1a: \u8bc5\u5c06\u519b|Poltergeist|p2a: Tornadus\n|-activate|p2a: Tornadus|move: Poltergeist|Assault Vest\n|-damage|p2a: Tornadus|4\/100\n|\n|upkeep\n|turn|46\n|\n|t:|1699791222\n|switch|p1a: \u6d17\u8863\u673a|Rotom-Wash|65\/100\n|move|p2a: Tornadus|U-turn|p1a: \u6d17\u8863\u673a\n|-damage|p1a: \u6d17\u8863\u673a|50\/100\n|\n|t:|1699791225\n|switch|p2a: Lopunny|Lopunny-Mega, F|36\/100|[from] U-turn\n|\n|upkeep\n|turn|47\n|\n|t:|1699791231\n|move|p2a: Lopunny|Fake Out|p1a: \u6d17\u8863\u673a\n|-damage|p1a: \u6d17\u8863\u673a|28\/100\n|cant|p1a: \u6d17\u8863\u673a|flinch\n|\n|upkeep\n|turn|48\n|\n|t:|1699791235\n|switch|p2a: Tornadus|Tornadus-Therian, M|37\/100\n|move|p1a: \u6d17\u8863\u673a|Thunder Wave|p2a: Tornadus\n|-status|p2a: Tornadus|par\n|\n|upkeep\n|turn|49\n|\n|t:|1699791241\n|move|p1a: \u6d17\u8863\u673a|Thunder Wave|p2a: Tornadus\n|-fail|p2a: Tornadus|par\n|move|p2a: Tornadus|U-turn|p1a: \u6d17\u8863\u673a\n|-damage|p1a: \u6d17\u8863\u673a|13\/100\n|\n|t:|1699791243\n|switch|p2a: Lopunny|Lopunny-Mega, F|36\/100|[from] U-turn\n|\n|upkeep\n|turn|50\n|\n|t:|1699791245\n|move|p2a: Lopunny|Fake Out|p1a: \u6d17\u8863\u673a\n|-damage|p1a: \u6d17\u8863\u673a|0 fnt\n|faint|p1a: \u6d17\u8863\u673a\n|\n|upkeep\n|\n|t:|1699791248\n|switch|p1a: \u8bc5\u5c06\u519b|Banette-Mega, M|10\/100\n|turn|51\n|\n|t:|1699791249\n|switch|p2a: Tornadus|Tornadus-Therian, M|70\/100 par\n|move|p1a: \u8bc5\u5c06\u519b|Destiny Bond|p1a: \u8bc5\u5c06\u519b\n|-singlemove|p1a: \u8bc5\u5c06\u519b|Destiny Bond\n|\n|upkeep\n|turn|52\n|\n|t:|1699791255\n|move|p1a: \u8bc5\u5c06\u519b|Poltergeist|p2a: Tornadus\n|-activate|p2a: Tornadus|move: Poltergeist|Assault Vest\n|-crit|p2a: Tornadus\n|-damage|p2a: Tornadus|0 fnt\n|faint|p2a: Tornadus\n|\n|upkeep\n|\n|t:|1699791256\n|switch|p2a: Lopunny|Lopunny-Mega, F|36\/100\n|turn|53\n|\n|t:|1699791261\n|switch|p1a: \u706b\u7130\u5764|Blaziken, F|81\/100\n|move|p2a: Lopunny|Fake Out|p1a: \u706b\u7130\u5764\n|-damage|p1a: \u706b\u7130\u5764|46\/100\n|\n|upkeep\n|turn|54\n|\n|t:|1699791266\n|switch|p2a: Tapu Fini|Tapu Fini|63\/100\n|-fieldstart|move: Misty Terrain|[from] ability: Misty Surge|[of] p2a: Tapu Fini\n|move|p1a: \u706b\u7130\u5764|Swords Dance|p1a: \u706b\u7130\u5764\n|-boost|p1a: \u706b\u7130\u5764|atk|2\n|\n|-heal|p2a: Tapu Fini|69\/100|[from] item: Leftovers\n|-ability|p1a: \u706b\u7130\u5764|Speed Boost|boost\n|-boost|p1a: \u706b\u7130\u5764|spe|1\n|upkeep\n|turn|55\n|\n|t:|1699791270\n|-zpower|p1a: \u706b\u7130\u5764\n|move|p1a: \u706b\u7130\u5764|Inferno Overdrive|p2a: Tapu Fini|[zeffect]\n|-resisted|p2a: Tapu Fini\n|-damage|p2a: Tapu Fini|0 fnt\n|faint|p2a: Tapu Fini\n|\n|-ability|p1a: \u706b\u7130\u5764|Speed Boost|boost\n|-boost|p1a: \u706b\u7130\u5764|spe|1\n|upkeep\n|\n|t:|1699791273\n|switch|p2a: Lopunny|Lopunny-Mega, F|36\/100\n|turn|56\n|\n|t:|1699791277\n|move|p1a: \u706b\u7130\u5764|Protect|p1a: \u706b\u7130\u5764\n|-singleturn|p1a: \u706b\u7130\u5764|Protect\n|move|p2a: Lopunny|Fake Out|p1a: \u706b\u7130\u5764\n|-activate|p1a: \u706b\u7130\u5764|move: Protect\n|\n|-ability|p1a: \u706b\u7130\u5764|Speed Boost|boost\n|-boost|p1a: \u706b\u7130\u5764|spe|1\n|upkeep\n|turn|57\n|\n|t:|1699791279\n|move|p1a: \u706b\u7130\u5764|Flare Blitz|p2a: Lopunny\n|-damage|p2a: Lopunny|0 fnt\n|faint|p2a: Lopunny\n|-damage|p1a: \u706b\u7130\u5764|36\/100|[from] Recoil\n|\n|win|DGP PLAYER\n|raw|DGP PLAYER's rating: 1522 &rarr; <strong>1541<\/strong><br \/>(+19 for winning)\n|raw|S0A0M0I0's rating: 1500 &rarr; <strong>1481<\/strong><br \/>(-19 for losing)\n|l|\u2606S0A0M0I0\n","uploadtime":1699791287,"views":15,"p1id":"dgpplayer","p2id":"s0a0m0i0","formatid":"gen9nationaldex","rating":1481,"private":0,"password":""}