{"id":"gen9nationaldex-1998801586","p1":"pablou_st123","p2":"SylverOmega","format":"[Gen 9] National Dex","log":"|html|<div class=\"broadcast-blue\"><strong>[Gen 9] National Dex is currently suspecting Sneasler! For information on how to participate check out the <a href=\"https:\/\/www.smogon.com\/forums\/threads\/sv-national-dex-suspect-8-just-dance.3731534\/\">suspect thread<\/a>.<\/strong><\/div>\n|j|\u2606pablou_st123\n|j|\u2606SylverOmega\n|t:|1700993804\n|gametype|singles\n|player|p1|pablou_st123|steven|\n|player|p2|SylverOmega|palmer|\n|teamsize|p1|6\n|teamsize|p2|6\n|gen|9\n|tier|[Gen 9] National Dex\n|rule|HP Percentage Mod: HP is shown in percentages\n|rule|Endless Battle Clause: Forcing endless battles is banned\n|rule|OHKO Clause: OHKO moves are banned\n|rule|Evasion Clause: Evasion abilities, items, and moves are banned\n|rule|Evasion Abilities Clause: Evasion abilities are banned\n|rule|Evasion Items Clause: Evasion items are banned\n|rule|Evasion Moves Clause: Evasion moves are banned\n|rule|Species Clause: Limit one of each Pok\u00e9mon\n|rule|Sleep Clause Mod: Limit one foe put to sleep\n|clearpoke\n|poke|p1|Meowscarada, M|\n|poke|p1|Ogerpon-Wellspring, F|\n|poke|p1|Toxapex, F|\n|poke|p1|Blacephalon|\n|poke|p1|Tornadus, M|\n|poke|p1|Diancie|\n|poke|p2|Scream Tail|\n|poke|p2|Azelf|\n|poke|p2|Indeedee, M|\n|poke|p2|Tapu Lele|\n|poke|p2|Victini|\n|poke|p2|Gallade, M|\n|teampreview\n|inactive|Battle timer is ON: inactive players will automatically lose when time's up. (requested by SylverOmega)\n|c|\u2606SylverOmega|Nhf\n|c|\u2606pablou_st123|Suerte\n|\n|t:|1700993832\n|start\n|switch|p1a: Tornadus|Tornadus, M|100\/100\n|switch|p2a: Azelf|Azelf|100\/100\n|turn|1\n|\n|t:|1700993842\n|move|p1a: Tornadus|Taunt|p2a: Azelf\n|-start|p2a: Azelf|move: Taunt\n|move|p2a: Azelf|Ice Punch|p1a: Tornadus\n|-supereffective|p1a: Tornadus\n|-damage|p1a: Tornadus|33\/100\n|-enditem|p1a: Tornadus|Eject Button\n|\n|t:|1700993856\n|switch|p1a: Meowscarada|Meowscarada, M|100\/100\n|\n|upkeep\n|turn|2\n|\n|t:|1700993866\n|move|p1a: Meowscarada|Knock Off|p2a: Azelf\n|-start|p1a: Meowscarada|typechange|Dark|[from] ability: Protean\n|-supereffective|p2a: Azelf\n|-enditem|p2a: Azelf|Focus Sash\n|-damage|p2a: Azelf|1\/100\n|-damage|p1a: Meowscarada|91\/100|[from] item: Life Orb\n|move|p2a: Azelf|U-turn|p1a: Meowscarada\n|-supereffective|p1a: Meowscarada\n|-damage|p1a: Meowscarada|10\/100\n|\n|t:|1700993878\n|switch|p2a: Victini|Victini|100\/100|[from] U-turn\n|\n|upkeep\n|turn|3\n|\n|t:|1700993888\n|move|p2a: Victini|U-turn|p1a: Meowscarada\n|-supereffective|p1a: Meowscarada\n|-damage|p1a: Meowscarada|0 fnt\n|faint|p1a: Meowscarada\n|\n|t:|1700993893\n|switch|p2a: Gallade|Gallade, M|100\/100|[from] U-turn\n|\n|upkeep\n|inactive|pablou_st123 has 270 seconds left.\n|\n|t:|1700993945\n|switch|p1a: Tornadus|Tornadus, M|33\/100\n|turn|4\n|\n|t:|1700993956\n|switch|p2a: Tapu Lele|Tapu Lele|100\/100\n|-fieldstart|move: Psychic Terrain|[from] ability: Psychic Surge|[of] p2a: Tapu Lele\n|move|p1a: Tornadus|Tailwind|p1a: Tornadus\n|-sidestart|p1: pablou_st123|move: Tailwind\n|\n|upkeep\n|turn|5\n|\n|t:|1700993968\n|move|p1a: Tornadus|Taunt|p2a: Tapu Lele\n|-activate|p2a: Tapu Lele|move: Psychic Terrain\n|move|p2a: Tapu Lele|Iron Defense|p2a: Tapu Lele\n|-boost|p2a: Tapu Lele|def|2\n|\n|upkeep\n|turn|6\n|\n|t:|1700993974\n|move|p1a: Tornadus|Rain Dance|p1a: Tornadus\n|-weather|RainDance\n|move|p2a: Tapu Lele|Iron Defense|p2a: Tapu Lele\n|-boost|p2a: Tapu Lele|def|2\n|\n|-weather|RainDance|[upkeep]\n|upkeep\n|turn|7\n|\n|t:|1700993982\n|move|p1a: Tornadus|Bleakwind Storm|p2a: Tapu Lele\n|-damage|p2a: Tapu Lele|63\/100\n|-unboost|p2a: Tapu Lele|spe|1\n|move|p2a: Tapu Lele|Iron Defense|p2a: Tapu Lele\n|-boost|p2a: Tapu Lele|def|2\n|\n|-weather|RainDance|[upkeep]\n|-heal|p2a: Tapu Lele|69\/100|[from] item: Leftovers\n|-sideend|p1: pablou_st123|move: Tailwind\n|upkeep\n|turn|8\n|\n|t:|1700993994\n|move|p1a: Tornadus|Tailwind|p1a: Tornadus\n|-sidestart|p1: pablou_st123|move: Tailwind\n|move|p2a: Tapu Lele|Calm Mind|p2a: Tapu Lele\n|-boost|p2a: Tapu Lele|spa|1\n|-boost|p2a: Tapu Lele|spd|1\n|\n|-weather|RainDance|[upkeep]\n|-heal|p2a: Tapu Lele|75\/100|[from] item: Leftovers\n|-fieldend|move: Psychic Terrain\n|upkeep\n|turn|9\n|\n|t:|1700994004\n|move|p1a: Tornadus|Bleakwind Storm|p2a: Tapu Lele\n|-damage|p2a: Tapu Lele|50\/100\n|-unboost|p2a: Tapu Lele|spe|1\n|move|p2a: Tapu Lele|Draining Kiss|p1a: Tornadus\n|-damage|p1a: Tornadus|0 fnt\n|-heal|p2a: Tapu Lele|76\/100|[from] drain|[of] p1a: Tornadus\n|faint|p1a: Tornadus\n|\n|-weather|RainDance|[upkeep]\n|-heal|p2a: Tapu Lele|82\/100|[from] item: Leftovers\n|upkeep\n|inactive|pablou_st123 has 270 seconds left.\n|\n|t:|1700994033\n|switch|p1a: Blacephalon|Blacephalon|100\/100\n|turn|10\n|\n|t:|1700994041\n|-terastallize|p1a: Blacephalon|Ghost\n|move|p1a: Blacephalon|Shadow Ball|p2a: Tapu Lele\n|-supereffective|p2a: Tapu Lele\n|-damage|p2a: Tapu Lele|0 fnt\n|faint|p2a: Tapu Lele\n|-ability|p1a: Blacephalon|Beast Boost|boost\n|-boost|p1a: Blacephalon|spa|1\n|\n|-weather|none\n|upkeep\n|\n|t:|1700994051\n|switch|p2a: Indeedee|Indeedee, M|100\/100\n|-fieldstart|move: Psychic Terrain|[from] ability: Psychic Surge|[of] p2a: Indeedee\n|turn|11\n|\n|t:|1700994059\n|switch|p1a: Toxapex|Toxapex, F|100\/100\n|-terastallize|p2a: Indeedee|Psychic\n|move|p2a: Indeedee|Expanding Force|p1a: Toxapex\n|-supereffective|p1a: Toxapex\n|-damage|p1a: Toxapex|0 fnt\n|faint|p1a: Toxapex\n|\n|-sideend|p1: pablou_st123|move: Tailwind\n|upkeep\n|\n|t:|1700994071\n|switch|p1a: Blacephalon|Blacephalon, tera:Ghost|100\/100\n|turn|12\n|\n|t:|1700994078\n|move|p2a: Indeedee|Expanding Force|p1a: Blacephalon\n|-damage|p1a: Blacephalon|0 fnt\n|faint|p1a: Blacephalon\n|\n|upkeep\n|\n|t:|1700994088\n|switch|p1a: Ogerpon|Ogerpon-Wellspring, F|100\/100\n|turn|13\n|\n|t:|1700994091\n|move|p2a: Indeedee|Expanding Force|p1a: Ogerpon\n|-damage|p1a: Ogerpon|0 fnt\n|faint|p1a: Ogerpon\n|\n|upkeep\n|\n|t:|1700994111\n|switch|p1a: Diancie|Diancie|100\/100\n|turn|14\n|\n|t:|1700994131\n|detailschange|p1a: Diancie|Diancie-Mega\n|-mega|p1a: Diancie|Diancie|Diancite\n|move|p2a: Indeedee|Expanding Force|p1a: Diancie\n|-damage|p1a: Diancie|0 fnt\n|faint|p1a: Diancie\n|\n|win|SylverOmega\n|c|\u2606pablou_st123|Ah gg\n|c|\u2606SylverOmega|Gg\n|l|\u2606SylverOmega\n|l|\u2606pablou_st123\n|j|\u2606SylverOmega\n|player|p2|SylverOmega|palmer\n","uploadtime":1700994178,"views":3,"p1id":"pabloust123","p2id":"sylveromega","formatid":"gen9nationaldex","rating":0,"private":0,"password":""}