{"id":"gen9nationaldex-2000009582","p1":"gobbyhappy1","p2":"snivy ye \u53f6\u86c7","format":"[Gen 9] National Dex","log":"|html|<div class=\"broadcast-blue\"><strong>[Gen 9] National Dex is currently suspecting Sneasler! For information on how to participate check out the <a href=\"https:\/\/www.smogon.com\/forums\/threads\/sv-national-dex-suspect-8-just-dance.3731534\/\">suspect thread<\/a>.<\/strong><\/div>\n|j|\u2606gobbyhappy1\n|j|\u2606snivy ye \u53f6\u86c7\n|t:|1701140714\n|gametype|singles\n|player|p1|gobbyhappy1|2|1563\n|player|p2|snivy ye \u53f6\u86c7|winona|1676\n|teamsize|p1|6\n|teamsize|p2|6\n|gen|9\n|tier|[Gen 9] National Dex\n|rated|\n|rule|HP Percentage Mod: HP is shown in percentages\n|rule|Endless Battle Clause: Forcing endless battles is banned\n|rule|OHKO Clause: OHKO moves are banned\n|rule|Evasion Clause: Evasion abilities, items, and moves are banned\n|rule|Evasion Abilities Clause: Evasion abilities are banned\n|rule|Evasion Items Clause: Evasion items are banned\n|rule|Evasion Moves Clause: Evasion moves are banned\n|rule|Species Clause: Limit one of each Pok\u00e9mon\n|rule|Sleep Clause Mod: Limit one foe put to sleep\n|clearpoke\n|poke|p1|Tapu Lele|\n|poke|p1|Alomomola, F|\n|poke|p1|Ogerpon-Wellspring, F|\n|poke|p1|Ferrothorn, M|\n|poke|p1|Hydreigon, M|\n|poke|p1|Lopunny, M|\n|poke|p2|Ursaluna, M|\n|poke|p2|Alomomola, M|\n|poke|p2|Serperior, M|\n|poke|p2|Victini|\n|poke|p2|Gyarados, F|\n|poke|p2|Kommo-o, F|\n|teampreview\n|inactive|Battle timer is ON: inactive players will automatically lose when time's up. (requested by gobbyhappy1)\n|inactive|snivy ye \u53f6\u86c7 also wants the timer to be on.\n|\n|t:|1701140734\n|start\n|switch|p1a: Lopunny|Lopunny, M|100\/100\n|switch|p2a: Victini|Victini|100\/100\n|turn|1\n|\n|t:|1701140739\n|switch|p2a: Alomomola|Alomomola, M|100\/100\n|detailschange|p1a: Lopunny|Lopunny-Mega, M\n|-mega|p1a: Lopunny|Lopunny|Lopunnite\n|move|p1a: Lopunny|Fake Out|p2a: Alomomola\n|-damage|p2a: Alomomola|88\/100\n|-damage|p1a: Lopunny|84\/100|[from] item: Rocky Helmet|[of] p2a: Alomomola\n|\n|upkeep\n|turn|2\n|\n|t:|1701140747\n|switch|p1a: Ferrothorn|Ferrothorn, M|100\/100\n|move|p2a: Alomomola|Flip Turn|p1a: Ferrothorn\n|-resisted|p1a: Ferrothorn\n|-damage|p1a: Ferrothorn|95\/100\n|-damage|p2a: Alomomola|76\/100|[from] ability: Iron Barbs|[of] p1a: Ferrothorn\n|\n|t:|1701140754\n|switch|p2a: Ursaluna|Ursaluna, M|100\/100|[from] Flip Turn\n|\n|-heal|p1a: Ferrothorn|100\/100|[from] item: Leftovers\n|-status|p2a: Ursaluna|brn|[from] item: Flame Orb\n|upkeep\n|turn|3\n|\n|t:|1701140781\n|move|p2a: Ursaluna|Swords Dance|p2a: Ursaluna\n|-boost|p2a: Ursaluna|atk|2\n|move|p1a: Ferrothorn|Stealth Rock|p2a: Ursaluna\n|-sidestart|p2: snivy ye \u53f6\u86c7|move: Stealth Rock\n|\n|-damage|p2a: Ursaluna|94\/100 brn|[from] brn\n|upkeep\n|turn|4\n|\n|t:|1701140792\n|move|p1a: Ferrothorn|Protect|p1a: Ferrothorn\n|-singleturn|p1a: Ferrothorn|Protect\n|move|p2a: Ursaluna|Fire Punch|p1a: Ferrothorn\n|-activate|p1a: Ferrothorn|move: Protect\n|\n|-damage|p2a: Ursaluna|88\/100 brn|[from] brn\n|upkeep\n|turn|5\n|\n|t:|1701140799\n|move|p2a: Ursaluna|Facade|p1a: Ferrothorn\n|-resisted|p1a: Ferrothorn\n|-damage|p1a: Ferrothorn|30\/100\n|-damage|p2a: Ursaluna|75\/100 brn|[from] ability: Iron Barbs|[of] p1a: Ferrothorn\n|move|p1a: Ferrothorn|Leech Seed|p2a: Ursaluna\n|-start|p2a: Ursaluna|move: Leech Seed\n|\n|-heal|p1a: Ferrothorn|37\/100|[from] item: Leftovers\n|-damage|p2a: Ursaluna|63\/100 brn|[from] Leech Seed|[of] p1a: Ferrothorn\n|-heal|p1a: Ferrothorn|53\/100|[silent]\n|-damage|p2a: Ursaluna|57\/100 brn|[from] brn\n|upkeep\n|turn|6\n|\n|t:|1701140810\n|move|p1a: Ferrothorn|Protect|p1a: Ferrothorn\n|-singleturn|p1a: Ferrothorn|Protect\n|move|p2a: Ursaluna|Swords Dance|p2a: Ursaluna\n|-boost|p2a: Ursaluna|atk|2\n|\n|-heal|p1a: Ferrothorn|59\/100|[from] item: Leftovers\n|-damage|p2a: Ursaluna|44\/100 brn|[from] Leech Seed|[of] p1a: Ferrothorn\n|-heal|p1a: Ferrothorn|76\/100|[silent]\n|-damage|p2a: Ursaluna|38\/100 brn|[from] brn\n|upkeep\n|turn|7\n|\n|t:|1701140822\n|-terastallize|p1a: Ferrothorn|Ghost\n|move|p2a: Ursaluna|Facade|p1a: Ferrothorn\n|-immune|p1a: Ferrothorn\n|move|p1a: Ferrothorn|Gyro Ball|p2a: Ursaluna\n|-damage|p2a: Ursaluna|17\/100 brn\n|\n|-heal|p1a: Ferrothorn|82\/100|[from] item: Leftovers\n|-damage|p2a: Ursaluna|5\/100 brn|[from] Leech Seed|[of] p1a: Ferrothorn\n|-heal|p1a: Ferrothorn|99\/100|[silent]\n|-damage|p2a: Ursaluna|0 fnt|[from] brn\n|faint|p2a: Ursaluna\n|upkeep\n|\n|t:|1701140837\n|switch|p2a: Gyarados|Gyarados, F|100\/100\n|-damage|p2a: Gyarados|75\/100|[from] Stealth Rock\n|-ability|p2a: Gyarados|Intimidate|boost\n|-unboost|p1a: Ferrothorn|atk|1\n|turn|8\n|\n|t:|1701140843\n|switch|p1a: Ogerpon|Ogerpon-Wellspring, F|100\/100\n|move|p2a: Gyarados|Taunt|p1a: Ogerpon\n|-start|p1a: Ogerpon|move: Taunt\n|\n|upkeep\n|turn|9\n|\n|t:|1701140849\n|move|p1a: Ogerpon|Horn Leech|p2a: Gyarados\n|-damage|p2a: Gyarados|16\/100\n|move|p2a: Gyarados|Dragon Dance|p2a: Gyarados\n|-boost|p2a: Gyarados|atk|1\n|-boost|p2a: Gyarados|spe|1\n|\n|upkeep\n|turn|10\n|\n|t:|1701140856\n|detailschange|p2a: Gyarados|Gyarados-Mega, F\n|-mega|p2a: Gyarados|Gyarados|Gyaradosite\n|-ability|p2a: Gyarados|Mold Breaker\n|move|p2a: Gyarados|Crunch|p1a: Ogerpon\n|-damage|p1a: Ogerpon|2\/100\n|move|p1a: Ogerpon|Horn Leech|p2a: Gyarados\n|-supereffective|p2a: Gyarados\n|-damage|p2a: Gyarados|0 fnt\n|-heal|p1a: Ogerpon|10\/100|[from] drain|[of] p2a: Gyarados\n|faint|p2a: Gyarados\n|\n|-end|p1a: Ogerpon|move: Taunt\n|upkeep\n|-message|snivy ye \u53f6\u86c7 forfeited.\n|\n|win|gobbyhappy1\n|raw|gobbyhappy1's rating: 1563 &rarr; <strong>1589<\/strong><br \/>(+26 for winning)\n|raw|snivy ye \u53f6\u86c7's rating: 1676 &rarr; <strong>1650<\/strong><br \/>(-26 for losing)\n|l|\u2606snivy ye \u53f6\u86c7\n","uploadtime":1701140873,"views":1,"p1id":"gobbyhappy1","p2id":"snivyye","formatid":"gen9nationaldex","rating":1589,"private":0,"password":""}