{"id":"gen9nationaldex-2000507165","p1":"Sprocket0835","p2":"jayden.lottes","format":"[Gen 9] National Dex","log":"|html|<div class=\"broadcast-blue\"><strong>[Gen 9] National Dex is currently suspecting Sneasler! For information on how to participate check out the <a href=\"https:\/\/www.smogon.com\/forums\/threads\/sv-national-dex-suspect-8-just-dance.3731534\/\">suspect thread<\/a>.<\/strong><\/div>\n|j|\u2606Sprocket0835\n|j|\u2606jayden.lottes\n|t:|1701200593\n|gametype|singles\n|player|p1|Sprocket0835|lucas|1373\n|player|p2|jayden.lottes|veteran|1308\n|teamsize|p1|6\n|teamsize|p2|6\n|gen|9\n|tier|[Gen 9] National Dex\n|rated|\n|rule|HP Percentage Mod: HP is shown in percentages\n|rule|Endless Battle Clause: Forcing endless battles is banned\n|rule|OHKO Clause: OHKO moves are banned\n|rule|Evasion Clause: Evasion abilities, items, and moves are banned\n|rule|Evasion Abilities Clause: Evasion abilities are banned\n|rule|Evasion Items Clause: Evasion items are banned\n|rule|Evasion Moves Clause: Evasion moves are banned\n|rule|Species Clause: Limit one of each Pok\u00e9mon\n|rule|Sleep Clause Mod: Limit one foe put to sleep\n|clearpoke\n|poke|p1|Kommo-o, M|\n|poke|p1|Charizard, M|\n|poke|p1|Venusaur, F|\n|poke|p1|Gliscor, F|\n|poke|p1|Clefable, F|\n|poke|p1|Ogerpon-Wellspring, F|\n|poke|p2|Mamoswine, F|\n|poke|p2|Gallade, M|\n|poke|p2|Bombirdier, F|\n|poke|p2|Sinistcha|\n|poke|p2|Cinderace, M|\n|poke|p2|Tatsugiri-Stretchy, F|\n|teampreview\n|\n|t:|1701200600\n|start\n|switch|p1a: Clefable|Clefable, F|100\/100\n|switch|p2a: Mamoswine|Mamoswine, F|100\/100\n|turn|1\n|\n|t:|1701200606\n|move|p2a: Mamoswine|Icicle Crash|p1a: Clefable\n|-damage|p1a: Clefable|63\/100\n|move|p1a: Clefable|Stealth Rock|p2a: Mamoswine\n|-sidestart|p2: jayden.lottes|move: Stealth Rock\n|\n|-heal|p1a: Clefable|69\/100|[from] item: Leftovers\n|upkeep\n|turn|2\n|\n|t:|1701200614\n|move|p2a: Mamoswine|Stealth Rock|p1a: Clefable\n|-sidestart|p1: Sprocket0835|move: Stealth Rock\n|move|p1a: Clefable|Soft-Boiled|p1a: Clefable\n|-heal|p1a: Clefable|100\/100\n|\n|upkeep\n|turn|3\n|\n|t:|1701200619\n|move|p2a: Mamoswine|Icicle Crash|p1a: Clefable\n|-damage|p1a: Clefable|66\/100\n|move|p1a: Clefable|Moonblast|p2a: Mamoswine\n|-damage|p2a: Mamoswine|53\/100\n|\n|-heal|p2a: Mamoswine|59\/100|[from] item: Leftovers\n|-heal|p1a: Clefable|72\/100|[from] item: Leftovers\n|upkeep\n|turn|4\n|\n|t:|1701200628\n|switch|p2a: Cinderace|Cinderace, M|100\/100\n|move|p1a: Clefable|Moonblast|p2a: Cinderace\n|-resisted|p2a: Cinderace\n|-crit|p2a: Cinderace\n|-damage|p2a: Cinderace|68\/100\n|\n|-heal|p1a: Clefable|78\/100|[from] item: Leftovers\n|upkeep\n|turn|5\n|\n|t:|1701200632\n|move|p2a: Cinderace|Pyro Ball|p1a: Clefable\n|-damage|p1a: Clefable|30\/100\n|move|p1a: Clefable|Thunder Wave|p2a: Cinderace|[miss]\n|-miss|p1a: Clefable|p2a: Cinderace\n|\n|-heal|p1a: Clefable|37\/100|[from] item: Leftovers\n|upkeep\n|turn|6\n|\n|t:|1701200657\n|move|p2a: Cinderace|Pyro Ball|p1a: Clefable|[miss]\n|-miss|p2a: Cinderace|p1a: Clefable\n|move|p1a: Clefable|Soft-Boiled|p1a: Clefable\n|-heal|p1a: Clefable|87\/100\n|\n|-heal|p1a: Clefable|93\/100|[from] item: Leftovers\n|upkeep\n|turn|7\n|\n|t:|1701200665\n|move|p2a: Cinderace|U-turn|p1a: Clefable\n|-start|p2a: Cinderace|typechange|Bug|[from] ability: Libero\n|-resisted|p1a: Clefable\n|-damage|p1a: Clefable|81\/100\n|\n|t:|1701200670\n|switch|p2a: Mamoswine|Mamoswine, F|59\/100|[from] U-turn\n|-damage|p2a: Mamoswine|47\/100|[from] Stealth Rock\n|move|p1a: Clefable|Thunder Wave|p2a: Mamoswine\n|-immune|p2a: Mamoswine\n|\n|-heal|p2a: Mamoswine|53\/100|[from] item: Leftovers\n|-heal|p1a: Clefable|87\/100|[from] item: Leftovers\n|upkeep\n|turn|8\n|\n|t:|1701200678\n|move|p2a: Mamoswine|Earthquake|p1a: Clefable\n|-damage|p1a: Clefable|46\/100\n|move|p1a: Clefable|Moonblast|p2a: Mamoswine\n|-damage|p2a: Mamoswine|5\/100\n|-unboost|p2a: Mamoswine|spa|1\n|\n|-heal|p2a: Mamoswine|11\/100|[from] item: Leftovers\n|-heal|p1a: Clefable|52\/100|[from] item: Leftovers\n|upkeep\n|turn|9\n|\n|t:|1701200688\n|move|p2a: Mamoswine|Icicle Crash|p1a: Clefable\n|-damage|p1a: Clefable|15\/100\n|cant|p1a: Clefable|flinch\n|\n|-heal|p2a: Mamoswine|17\/100|[from] item: Leftovers\n|-heal|p1a: Clefable|21\/100|[from] item: Leftovers\n|upkeep\n|turn|10\n|\n|t:|1701200701\n|switch|p1a: Ogerpon|Ogerpon-Wellspring, F|100\/100\n|-damage|p1a: Ogerpon|88\/100|[from] Stealth Rock\n|move|p2a: Mamoswine|Earthquake|p1a: Ogerpon\n|-resisted|p1a: Ogerpon\n|-damage|p1a: Ogerpon|51\/100\n|\n|-heal|p2a: Mamoswine|23\/100|[from] item: Leftovers\n|upkeep\n|turn|11\n|\n|t:|1701200717\n|switch|p2a: Sinistcha|Sinistcha|100\/100\n|-damage|p2a: Sinistcha|88\/100|[from] Stealth Rock\n|move|p1a: Ogerpon|Ivy Cudgel|p2a: Sinistcha|[anim] Ivy Cudgel Water\n|-resisted|p2a: Sinistcha\n|-damage|p2a: Sinistcha|65\/100\n|\n|-heal|p2a: Sinistcha|71\/100|[from] item: Leftovers\n|upkeep\n|turn|12\n|\n|t:|1701200732\n|switch|p1a: Gliscor|Gliscor, F|100\/100\n|-damage|p1a: Gliscor|88\/100|[from] Stealth Rock\n|switch|p2a: Gallade|Gallade, M|100\/100\n|-damage|p2a: Gallade|94\/100|[from] Stealth Rock\n|\n|-status|p1a: Gliscor|tox|[from] item: Toxic Orb\n|upkeep\n|turn|13\n|\n|t:|1701200740\n|move|p2a: Gallade|Aqua Cutter|p1a: Gliscor\n|-supereffective|p1a: Gliscor\n|-damage|p1a: Gliscor|31\/100 tox\n|move|p1a: Gliscor|Toxic|p2a: Gallade\n|-status|p2a: Gallade|tox\n|\n|-damage|p2a: Gallade|88\/100 tox|[from] psn\n|-heal|p1a: Gliscor|43\/100 tox|[from] ability: Poison Heal\n|upkeep\n|turn|14\n|\n|t:|1701200749\n|switch|p2a: Mamoswine|Mamoswine, F|23\/100\n|-damage|p2a: Mamoswine|11\/100|[from] Stealth Rock\n|-terastallize|p1a: Gliscor|Fairy\n|move|p1a: Gliscor|Roost|p1a: Gliscor\n|-heal|p1a: Gliscor|93\/100 tox\n|\n|-heal|p2a: Mamoswine|17\/100|[from] item: Leftovers\n|-heal|p1a: Gliscor|100\/100 tox|[from] ability: Poison Heal\n|upkeep\n|turn|15\n|\n|t:|1701200759\n|move|p2a: Mamoswine|Icicle Crash|p1a: Gliscor|[miss]\n|-miss|p2a: Mamoswine|p1a: Gliscor\n|move|p1a: Gliscor|Earthquake|p2a: Mamoswine\n|-damage|p2a: Mamoswine|0 fnt\n|faint|p2a: Mamoswine\n|\n|upkeep\n|\n|t:|1701200774\n|switch|p2a: Cinderace|Cinderace, M|68\/100\n|turn|16\n|\n|t:|1701200788\n|switch|p1a: Clefable|Clefable, F|21\/100\n|move|p2a: Cinderace|U-turn|p1a: Clefable\n|-start|p2a: Cinderace|typechange|Bug|[from] ability: Libero\n|-resisted|p1a: Clefable\n|-damage|p1a: Clefable|9\/100\n|\n|t:|1701200798\n|switch|p2a: Gallade|Gallade, M|88\/100 tox|[from] U-turn\n|-damage|p2a: Gallade|82\/100 tox|[from] Stealth Rock\n|\n|-heal|p1a: Clefable|15\/100|[from] item: Leftovers\n|-damage|p2a: Gallade|76\/100 tox|[from] psn\n|upkeep\n|turn|17\n|\n|t:|1701200805\n|switch|p1a: Ogerpon|Ogerpon-Wellspring, F|51\/100\n|-damage|p1a: Ogerpon|39\/100|[from] Stealth Rock\n|-terastallize|p2a: Gallade|Psychic\n|move|p2a: Gallade|Psycho Cut|p1a: Ogerpon\n|-damage|p1a: Ogerpon|0 fnt\n|faint|p1a: Ogerpon\n|\n|-damage|p2a: Gallade|64\/100 tox|[from] psn\n|upkeep\n|\n|t:|1701200816\n|switch|p1a: Clefable|Clefable, F|15\/100\n|turn|18\n|\n|t:|1701200819\n|move|p2a: Gallade|Psycho Cut|p1a: Clefable\n|-damage|p1a: Clefable|0 fnt\n|faint|p1a: Clefable\n|\n|-damage|p2a: Gallade|45\/100 tox|[from] psn\n|upkeep\n|\n|t:|1701200824\n|switch|p1a: Gliscor|Gliscor, F, tera:Fairy|100\/100 tox\n|-damage|p1a: Gliscor|88\/100 tox|[from] Stealth Rock\n|turn|19\n|\n|t:|1701200828\n|move|p2a: Gallade|Psycho Cut|p1a: Gliscor\n|-damage|p1a: Gliscor|29\/100 tox\n|move|p1a: Gliscor|Roost|p1a: Gliscor\n|-heal|p1a: Gliscor|79\/100 tox\n|\n|-damage|p2a: Gallade|21\/100 tox|[from] psn\n|-heal|p1a: Gliscor|91\/100 tox|[from] ability: Poison Heal\n|upkeep\n|turn|20\n|\n|t:|1701200836\n|switch|p2a: Bombirdier|Bombirdier, F|100\/100\n|-damage|p2a: Bombirdier|76\/100|[from] Stealth Rock\n|move|p1a: Gliscor|Roost|p1a: Gliscor\n|-heal|p1a: Gliscor|100\/100 tox\n|\n|-heal|p2a: Bombirdier|82\/100|[from] item: Leftovers\n|upkeep\n|turn|21\n|\n|t:|1701200843\n|move|p2a: Bombirdier|Stone Edge|p1a: Gliscor\n|-crit|p1a: Gliscor\n|-damage|p1a: Gliscor|46\/100 tox\n|move|p1a: Gliscor|Toxic|p2a: Bombirdier\n|-status|p2a: Bombirdier|tox\n|\n|-heal|p2a: Bombirdier|88\/100 tox|[from] item: Leftovers\n|-damage|p2a: Bombirdier|82\/100 tox|[from] psn\n|-heal|p1a: Gliscor|58\/100 tox|[from] ability: Poison Heal\n|upkeep\n|turn|22\n|\n|t:|1701200853\n|move|p2a: Bombirdier|Parting Shot|p1a: Gliscor\n|-unboost|p1a: Gliscor|atk|1\n|-unboost|p1a: Gliscor|spa|1\n|\n|t:|1701200857\n|switch|p2a: Tatsugiri|Tatsugiri-Stretchy, F|100\/100|[from] Parting Shot\n|-damage|p2a: Tatsugiri|88\/100|[from] Stealth Rock\n|move|p1a: Gliscor|Roost|p1a: Gliscor\n|-heal|p1a: Gliscor|100\/100 tox\n|\n|-heal|p2a: Tatsugiri|94\/100|[from] item: Leftovers\n|upkeep\n|turn|23\n|\n|t:|1701200865\n|move|p1a: Gliscor|Toxic|p2a: Tatsugiri\n|-status|p2a: Tatsugiri|tox\n|move|p2a: Tatsugiri|Rapid Spin|p1a: Gliscor\n|-damage|p1a: Gliscor|95\/100 tox\n|-boost|p2a: Tatsugiri|spe|1\n|-sideend|p2: jayden.lottes|Stealth Rock|[from] move: Rapid Spin|[of] p2a: Tatsugiri\n|\n|-heal|p2a: Tatsugiri|100\/100 tox|[from] item: Leftovers\n|-damage|p2a: Tatsugiri|94\/100 tox|[from] psn\n|-heal|p1a: Gliscor|100\/100 tox|[from] ability: Poison Heal\n|upkeep\n|turn|24\n|\n|t:|1701200872\n|move|p2a: Tatsugiri|Draco Meteor|p1a: Gliscor\n|-immune|p1a: Gliscor\n|move|p1a: Gliscor|Earthquake|p2a: Tatsugiri\n|-damage|p2a: Tatsugiri|64\/100 tox\n|\n|-heal|p2a: Tatsugiri|70\/100 tox|[from] item: Leftovers\n|-damage|p2a: Tatsugiri|58\/100 tox|[from] psn\n|upkeep\n|turn|25\n|\n|t:|1701200879\n|move|p2a: Tatsugiri|Hydro Pump|p1a: Gliscor\n|-damage|p1a: Gliscor|52\/100 tox\n|move|p1a: Gliscor|Defog|p2a: Tatsugiri\n|-unboost|p2a: Tatsugiri|evasion|1\n|-sideend|p1: Sprocket0835|Stealth Rock|[from] move: Defog|[of] p1a: Gliscor\n|\n|-heal|p2a: Tatsugiri|64\/100 tox|[from] item: Leftovers\n|-damage|p2a: Tatsugiri|45\/100 tox|[from] psn\n|-heal|p1a: Gliscor|64\/100 tox|[from] ability: Poison Heal\n|upkeep\n|turn|26\n|\n|t:|1701200883\n|move|p2a: Tatsugiri|Hydro Pump|p1a: Gliscor\n|-crit|p1a: Gliscor\n|-damage|p1a: Gliscor|0 fnt\n|faint|p1a: Gliscor\n|\n|-heal|p2a: Tatsugiri|52\/100 tox|[from] item: Leftovers\n|-damage|p2a: Tatsugiri|27\/100 tox|[from] psn\n|upkeep\n|\n|t:|1701200890\n|switch|p1a: Kommo-o|Kommo-o, M|100\/100\n|turn|27\n|\n|t:|1701200895\n|move|p2a: Tatsugiri|Draco Meteor|p1a: Kommo-o|[miss]\n|-miss|p2a: Tatsugiri|p1a: Kommo-o\n|-zpower|p1a: Kommo-o\n|move|p1a: Kommo-o|Clangorous Soulblaze|p2a: Tatsugiri|[zeffect]\n|-supereffective|p2a: Tatsugiri\n|-damage|p2a: Tatsugiri|0 fnt\n|faint|p2a: Tatsugiri\n|-boost|p1a: Kommo-o|atk|1\n|-boost|p1a: Kommo-o|def|1\n|-boost|p1a: Kommo-o|spa|1\n|-boost|p1a: Kommo-o|spd|1\n|-boost|p1a: Kommo-o|spe|1\n|\n|upkeep\n|c|\u2606jayden.lottes|why?\n|\n|t:|1701200918\n|switch|p2a: Gallade|Gallade, M, tera:Psychic|21\/100 tox\n|turn|28\n|c|\u2606Sprocket0835|its more my fault for throwning it in\n|\n|t:|1701200928\n|move|p1a: Kommo-o|Boomburst|p2a: Gallade\n|-damage|p2a: Gallade|0 fnt\n|faint|p2a: Gallade\n|\n|upkeep\n|\n|t:|1701200936\n|switch|p2a: Bombirdier|Bombirdier, F|82\/100 tox\n|turn|29\n|c|\u2606jayden.lottes|you don't really\n|\n|t:|1701200949\n|move|p1a: Kommo-o|Clanging Scales|p2a: Bombirdier\n|-damage|p2a: Bombirdier|0 fnt\n|faint|p2a: Bombirdier\n|-unboost|p1a: Kommo-o|def|1\n|\n|upkeep\n|\n|t:|1701200954\n|switch|p2a: Cinderace|Cinderace, M|68\/100\n|turn|30\n|c|\u2606Sprocket0835|no I forgot it was 2x speed, which i will k.o kommo\n|c|\u2606jayden.lottes|yeah ig...\n|c|\u2606jayden.lottes|gg wp tho\n|c|\u2606Sprocket0835|sorry for the spelling mistakes, I tend to get too excited when typing\n|\n|t:|1701200999\n|move|p1a: Kommo-o|Boomburst|p2a: Cinderace\n|-crit|p2a: Cinderace\n|-damage|p2a: Cinderace|0 fnt\n|faint|p2a: Cinderace\n|\n|upkeep\n|\n|t:|1701201006\n|switch|p2a: Sinistcha|Sinistcha|71\/100\n|turn|31\n|c|\u2606jayden.lottes|its ok\n|\n|t:|1701201012\n|move|p1a: Kommo-o|Flamethrower|p2a: Sinistcha\n|-supereffective|p2a: Sinistcha\n|-damage|p2a: Sinistcha|24\/100\n|move|p2a: Sinistcha|Shadow Ball|p1a: Kommo-o\n|-immune|p1a: Kommo-o|[from] ability: Bulletproof\n|\n|-heal|p2a: Sinistcha|31\/100|[from] item: Leftovers\n|upkeep\n|turn|32\n|\n|t:|1701201021\n|move|p1a: Kommo-o|Flamethrower|p2a: Sinistcha\n|-supereffective|p2a: Sinistcha\n|-damage|p2a: Sinistcha|0 fnt\n|faint|p2a: Sinistcha\n|\n|win|Sprocket0835\n|raw|Sprocket0835's rating: 1373 &rarr; <strong>1389<\/strong><br \/>(+16 for winning)\n|raw|jayden.lottes's rating: 1308 &rarr; <strong>1292<\/strong><br \/>(-16 for losing)\n|c|\u2606Sprocket0835|gg\n","uploadtime":1701201027,"views":14,"p1id":"sprocket0835","p2id":"jaydenlottes","formatid":"gen9nationaldex","rating":1292,"private":0,"password":""}