{"id":"gen9nationaldex-1987306298","p1":"rex9623","p2":"taner704","format":"[Gen 9] National Dex","log":"|j|\u2606rex9623\n|j|\u2606taner704\n|t:|1699575553\n|gametype|singles\n|player|p1|rex9623|265|1397\n|player|p2|taner704|hilbert|1399\n|teamsize|p1|6\n|teamsize|p2|6\n|gen|9\n|tier|[Gen 9] National Dex\n|rated|\n|rule|HP Percentage Mod: HP is shown in percentages\n|rule|Endless Battle Clause: Forcing endless battles is banned\n|rule|OHKO Clause: OHKO moves are banned\n|rule|Evasion Clause: Evasion abilities, items, and moves are banned\n|rule|Evasion Abilities Clause: Evasion abilities are banned\n|rule|Evasion Items Clause: Evasion items are banned\n|rule|Evasion Moves Clause: Evasion moves are banned\n|rule|Species Clause: Limit one of each Pok\u00e9mon\n|rule|Sleep Clause Mod: Limit one foe put to sleep\n|clearpoke\n|poke|p1|Chansey, F|\n|poke|p1|Tapu Koko|\n|poke|p1|Moltres|\n|poke|p1|Alomomola, F|\n|poke|p1|Iron Hands|\n|poke|p1|Ursaluna, F|\n|poke|p2|Tapu Lele|\n|poke|p2|Ferrothorn, M|\n|poke|p2|Excadrill, M|\n|poke|p2|Garchomp, M|\n|poke|p2|Tyranitar, M|\n|poke|p2|Hippowdon, M|\n|teampreview\n|inactive|Battle timer is ON: inactive players will automatically lose when time's up. (requested by taner704)\n|\n|t:|1699575580\n|start\n|switch|p1a: Ursaluna|Ursaluna, F|100\/100\n|switch|p2a: Tyranitar|Tyranitar, M|100\/100\n|-weather|Sandstorm|[from] ability: Sand Stream|[of] p2a: Tyranitar\n|turn|1\n|\n|t:|1699575596\n|switch|p2a: Ferrothorn|Ferrothorn, M|100\/100\n|move|p1a: Ursaluna|Drain Punch|p2a: Ferrothorn\n|-supereffective|p2a: Ferrothorn\n|-damage|p2a: Ferrothorn|65\/100\n|-damage|p1a: Ursaluna|88\/100|[from] ability: Iron Barbs|[of] p2a: Ferrothorn\n|-damage|p1a: Ursaluna|72\/100|[from] item: Rocky Helmet|[of] p2a: Ferrothorn\n|\n|-weather|Sandstorm|[upkeep]\n|-status|p1a: Ursaluna|brn|[from] item: Flame Orb\n|upkeep\n|turn|2\n|\n|t:|1699575607\n|move|p2a: Ferrothorn|Protect|p2a: Ferrothorn\n|-singleturn|p2a: Ferrothorn|Protect\n|move|p1a: Ursaluna|Fire Punch|p2a: Ferrothorn\n|-activate|p2a: Ferrothorn|move: Protect\n|\n|-weather|Sandstorm|[upkeep]\n|-damage|p1a: Ursaluna|65\/100 brn|[from] brn\n|upkeep\n|turn|3\n|\n|t:|1699575623\n|-terastallize|p2a: Ferrothorn|Water\n|move|p1a: Ursaluna|Headlong Rush|p2a: Ferrothorn\n|-damage|p2a: Ferrothorn|3\/100\n|-unboost|p1a: Ursaluna|def|1\n|-unboost|p1a: Ursaluna|spd|1\n|-damage|p1a: Ursaluna|53\/100 brn|[from] ability: Iron Barbs|[of] p2a: Ferrothorn\n|-damage|p1a: Ursaluna|36\/100 brn|[from] item: Rocky Helmet|[of] p2a: Ferrothorn\n|move|p2a: Ferrothorn|Leech Seed|p1a: Ursaluna|[miss]\n|-miss|p2a: Ferrothorn|p1a: Ursaluna\n|\n|-weather|Sandstorm|[upkeep]\n|-damage|p2a: Ferrothorn|0 fnt|[from] Sandstorm\n|faint|p2a: Ferrothorn\n|-damage|p1a: Ursaluna|30\/100 brn|[from] brn\n|upkeep\n|inactive|taner704 has 120 seconds left.\n|\n|t:|1699575649\n|switch|p2a: Excadrill|Excadrill, M|100\/100\n|turn|4\n|\n|t:|1699575658\n|switch|p1a: Alomomola|Alomomola, F|100\/100\n|move|p2a: Excadrill|Rock Tomb|p1a: Alomomola\n|-damage|p1a: Alomomola|81\/100\n|-unboost|p1a: Alomomola|spe|1\n|\n|-weather|Sandstorm|[upkeep]\n|-damage|p1a: Alomomola|74\/100|[from] Sandstorm\n|-heal|p1a: Alomomola|81\/100|[from] item: Leftovers\n|upkeep\n|turn|5\n|\n|t:|1699575670\n|switch|p2a: Tapu Lele|Tapu Lele|100\/100\n|-fieldstart|move: Psychic Terrain|[from] ability: Psychic Surge|[of] p2a: Tapu Lele\n|move|p1a: Alomomola|Wish|p1a: Alomomola\n|\n|-weather|none\n|-heal|p1a: Alomomola|87\/100|[from] item: Leftovers\n|upkeep\n|turn|6\n|\n|t:|1699575685\n|switch|p1a: Chansey|Chansey, F|100\/100\n|move|p2a: Tapu Lele|Thunderbolt|p1a: Chansey\n|-damage|p1a: Chansey|91\/100\n|\n|-heal|p1a: Chansey|100\/100|[from] move: Wish|[wisher] Alomomola\n|upkeep\n|turn|7\n|\n|t:|1699575697\n|switch|p2a: Tyranitar|Tyranitar, M|100\/100\n|-weather|Sandstorm|[from] ability: Sand Stream|[of] p2a: Tyranitar\n|move|p1a: Chansey|Thunder Wave|p2a: Tyranitar\n|-status|p2a: Tyranitar|par\n|\n|-weather|Sandstorm|[upkeep]\n|-damage|p1a: Chansey|94\/100|[from] Sandstorm\n|upkeep\n|turn|8\n|\n|t:|1699575708\n|switch|p1a: Alomomola|Alomomola, F|100\/100\n|cant|p2a: Tyranitar|par\n|\n|-weather|Sandstorm|[upkeep]\n|-damage|p1a: Alomomola|94\/100|[from] Sandstorm\n|-heal|p1a: Alomomola|100\/100|[from] item: Leftovers\n|upkeep\n|turn|9\n|\n|t:|1699575716\n|move|p1a: Alomomola|Wish|p1a: Alomomola\n|move|p2a: Tyranitar|Knock Off|p1a: Alomomola\n|-damage|p1a: Alomomola|77\/100\n|-enditem|p1a: Alomomola|Leftovers|[from] move: Knock Off|[of] p2a: Tyranitar\n|\n|-weather|Sandstorm|[upkeep]\n|-damage|p1a: Alomomola|71\/100|[from] Sandstorm\n|-fieldend|move: Psychic Terrain\n|upkeep\n|turn|10\n|\n|t:|1699575729\n|switch|p2a: Garchomp|Garchomp, M|100\/100\n|move|p1a: Alomomola|Flip Turn|p2a: Garchomp\n|-damage|p2a: Garchomp|83\/100\n|-damage|p1a: Alomomola|59\/100|[from] ability: Rough Skin|[of] p2a: Garchomp\n|\n|t:|1699575736\n|switch|p1a: Ursaluna|Ursaluna, F|30\/100 brn|[from] Flip Turn\n|\n|-weather|Sandstorm|[upkeep]\n|-heal|p1a: Ursaluna|97\/100 brn|[from] move: Wish|[wisher] Alomomola\n|-damage|p1a: Ursaluna|91\/100 brn|[from] brn\n|upkeep\n|turn|11\n|\n|t:|1699575759\n|detailschange|p2a: Garchomp|Garchomp-Mega, M\n|-mega|p2a: Garchomp|Garchomp|Garchompite\n|move|p2a: Garchomp|Earthquake|p1a: Ursaluna\n|-damage|p1a: Ursaluna|34\/100 brn\n|move|p1a: Ursaluna|Facade|p2a: Garchomp\n|-damage|p2a: Garchomp|0 fnt\n|faint|p2a: Garchomp\n|\n|-weather|none\n|-damage|p1a: Ursaluna|28\/100 brn|[from] brn\n|upkeep\n|inactive|taner704 has 120 seconds left.\n|\n|t:|1699575776\n|switch|p2a: Excadrill|Excadrill, M|100\/100\n|turn|12\n|inactive|rex9623 has 120 seconds left.\n|\n|t:|1699575811\n|switch|p1a: Alomomola|Alomomola, F|92\/100\n|move|p2a: Excadrill|Earthquake|p1a: Alomomola\n|-damage|p1a: Alomomola|48\/100\n|\n|upkeep\n|turn|13\n|\n|t:|1699575825\n|switch|p2a: Hippowdon|Hippowdon, M|100\/100\n|-weather|Sandstorm|[from] ability: Sand Stream|[of] p2a: Hippowdon\n|move|p1a: Alomomola|Wish|p1a: Alomomola\n|\n|-weather|Sandstorm|[upkeep]\n|-damage|p1a: Alomomola|42\/100|[from] Sandstorm\n|upkeep\n|turn|14\n|\n|t:|1699575834\n|move|p2a: Hippowdon|Toxic|p1a: Alomomola\n|-status|p1a: Alomomola|tox\n|move|p1a: Alomomola|Flip Turn|p2a: Hippowdon\n|-supereffective|p2a: Hippowdon\n|-damage|p2a: Hippowdon|83\/100\n|\n|t:|1699575840\n|switch|p1a: Ursaluna|Ursaluna, F|28\/100 brn|[from] Flip Turn\n|\n|-weather|Sandstorm|[upkeep]\n|-heal|p1a: Ursaluna|95\/100 brn|[from] move: Wish|[wisher] Alomomola\n|-damage|p1a: Ursaluna|88\/100 brn|[from] brn\n|upkeep\n|turn|15\n|\n|t:|1699575855\n|switch|p2a: Tyranitar|Tyranitar, M|100\/100 par\n|move|p1a: Ursaluna|Facade|p2a: Tyranitar\n|-resisted|p2a: Tyranitar\n|-damage|p2a: Tyranitar|60\/100 par\n|\n|-weather|Sandstorm|[upkeep]\n|-damage|p1a: Ursaluna|82\/100 brn|[from] brn\n|upkeep\n|turn|16\n|\n|t:|1699575864\n|move|p1a: Ursaluna|Drain Punch|p2a: Tyranitar\n|-supereffective|p2a: Tyranitar\n|-damage|p2a: Tyranitar|0 fnt\n|-heal|p1a: Ursaluna|100\/100 brn|[from] drain|[of] p2a: Tyranitar\n|faint|p2a: Tyranitar\n|\n|-weather|Sandstorm|[upkeep]\n|-damage|p1a: Ursaluna|94\/100 brn|[from] brn\n|upkeep\n|\n|t:|1699575868\n|switch|p2a: Excadrill|Excadrill, M|100\/100\n|turn|17\n|\n|t:|1699575881\n|move|p2a: Excadrill|Earthquake|p1a: Ursaluna\n|-damage|p1a: Ursaluna|24\/100 brn\n|move|p1a: Ursaluna|Drain Punch|p2a: Excadrill\n|-supereffective|p2a: Excadrill\n|-damage|p2a: Excadrill|0 fnt\n|-heal|p1a: Ursaluna|70\/100 brn|[from] drain|[of] p2a: Excadrill\n|faint|p2a: Excadrill\n|\n|-weather|Sandstorm|[upkeep]\n|-damage|p1a: Ursaluna|63\/100 brn|[from] brn\n|upkeep\n|-message|taner704 forfeited.\n|\n|win|rex9623\n|raw|rex9623's rating: 1397 &rarr; <strong>1417<\/strong><br \/>(+20 for winning)\n|raw|taner704's rating: 1399 &rarr; <strong>1379<\/strong><br \/>(-20 for losing)\n|l|\u2606taner704\n","uploadtime":1699575899,"views":16,"p1id":"rex9623","p2id":"taner704","formatid":"gen9nationaldex","rating":1379,"private":0,"password":""}