{"id":"gen9nationaldex-1991786869","p1":"yaokai233","p2":"Richie2016","format":"[Gen 9] National Dex","log":"|j|\u2606yaokai233\n|j|\u2606Richie2016\n|t:|1700117187\n|gametype|singles\n|player|p1|yaokai233|wattson|1336\n|player|p2|Richie2016|cynthia|1293\n|teamsize|p1|6\n|teamsize|p2|6\n|gen|9\n|tier|[Gen 9] National Dex\n|rated|\n|rule|HP Percentage Mod: HP is shown in percentages\n|rule|Endless Battle Clause: Forcing endless battles is banned\n|rule|OHKO Clause: OHKO moves are banned\n|rule|Evasion Clause: Evasion abilities, items, and moves are banned\n|rule|Evasion Abilities Clause: Evasion abilities are banned\n|rule|Evasion Items Clause: Evasion items are banned\n|rule|Evasion Moves Clause: Evasion moves are banned\n|rule|Species Clause: Limit one of each Pok\u00e9mon\n|rule|Sleep Clause Mod: Limit one foe put to sleep\n|clearpoke\n|poke|p1|Great Tusk|\n|poke|p1|Sneasler, M|\n|poke|p1|Rillaboom, F|\n|poke|p1|Rotom-Wash|\n|poke|p1|Diancie|\n|poke|p1|Heatran, M|\n|poke|p2|Medicham, F|\n|poke|p2|Alomomola, F|\n|poke|p2|Moltres|\n|poke|p2|Ferrothorn, F|\n|poke|p2|Gliscor, F|\n|poke|p2|Hydreigon, F|\n|teampreview\n|inactive|Battle timer is ON: inactive players will automatically lose when time's up. (requested by yaokai233)\n|\n|t:|1700117197\n|start\n|switch|p1a: Great Tusk|Great Tusk|100\/100\n|switch|p2a: Gliscor|Gliscor, F, shiny|100\/100\n|turn|1\n|\n|t:|1700117206\n|-zpower|p1a: Great Tusk\n|move|p1a: Great Tusk|Subzero Slammer|p2a: Gliscor|[zeffect]\n|-supereffective|p2a: Gliscor\n|-damage|p2a: Gliscor|0 fnt\n|faint|p2a: Gliscor\n|\n|upkeep\n|\n|t:|1700117218\n|switch|p2a: Ferrothorn|Ferrothorn, F, shiny|100\/100\n|turn|2\n|\n|t:|1700117223\n|switch|p2a: Moltres|Moltres|100\/100\n|move|p1a: Great Tusk|Stealth Rock|p2a: Moltres\n|-sidestart|p2: Richie2016|move: Stealth Rock\n|\n|upkeep\n|turn|3\n|\n|t:|1700117232\n|-end|p1a: Great Tusk|Protosynthesis|[silent]\n|switch|p1a: Heatran|Heatran, M|100\/100\n|move|p2a: Moltres|Defog|p1a: Heatran\n|-unboost|p1a: Heatran|evasion|1\n|-sideend|p2: Richie2016|Stealth Rock|[from] move: Defog|[of] p2a: Moltres\n|\n|upkeep\n|turn|4\n|\n|t:|1700117245\n|switch|p2a: Alomomola|Alomomola, F|100\/100\n|move|p1a: Heatran|Toxic|p2a: Alomomola\n|-status|p2a: Alomomola|tox\n|\n|-damage|p2a: Alomomola|94\/100 tox|[from] psn\n|upkeep\n|turn|5\n|\n|t:|1700117253\n|switch|p1a: Rillaboom|Rillaboom, F|100\/100\n|-fieldstart|move: Grassy Terrain|[from] ability: Grassy Surge|[of] p1a: Rillaboom\n|move|p2a: Alomomola|Flip Turn|p1a: Rillaboom\n|-resisted|p1a: Rillaboom\n|-damage|p1a: Rillaboom|92\/100\n|\n|t:|1700117257\n|switch|p2a: Moltres|Moltres|100\/100|[from] Flip Turn\n|\n|-heal|p1a: Rillaboom|98\/100|[from] Grassy Terrain\n|upkeep\n|turn|6\n|\n|t:|1700117266\n|switch|p2a: Hydreigon|Hydreigon, F|100\/100\n|move|p1a: Rillaboom|Fake Out|p2a: Hydreigon\n|-damage|p2a: Hydreigon|88\/100\n|\n|-heal|p1a: Rillaboom|100\/100|[from] Grassy Terrain\n|-heal|p2a: Hydreigon|94\/100|[from] item: Leftovers\n|upkeep\n|turn|7\n|\n|t:|1700117275\n|switch|p1a: Sneasler|Sneasler, M|100\/100\n|-enditem|p1a: Sneasler|Grassy Seed\n|-boost|p1a: Sneasler|def|1|[from] item: Grassy Seed\n|move|p2a: Hydreigon|Fire Spin|p1a: Sneasler\n|-damage|p1a: Sneasler|86\/100\n|-activate|p1a: Sneasler|move: Fire Spin|[of] p2a: Hydreigon\n|\n|-heal|p1a: Sneasler|92\/100|[from] Grassy Terrain\n|-heal|p2a: Hydreigon|99\/100|[from] item: Leftovers\n|-damage|p1a: Sneasler|80\/100|[from] move: Fire Spin|[partiallytrapped]\n|upkeep\n|turn|8\n|\n|t:|1700117289\n|-terastallize|p2a: Hydreigon|Poison\n|move|p1a: Sneasler|Close Combat|p2a: Hydreigon\n|-resisted|p2a: Hydreigon\n|-damage|p2a: Hydreigon|66\/100\n|-unboost|p1a: Sneasler|def|1\n|-unboost|p1a: Sneasler|spd|1\n|move|p2a: Hydreigon|Earth Power|p1a: Sneasler\n|-supereffective|p1a: Sneasler\n|-damage|p1a: Sneasler|0 fnt\n|faint|p1a: Sneasler\n|\n|-heal|p2a: Hydreigon|72\/100|[from] item: Leftovers\n|upkeep\n|\n|t:|1700117308\n|switch|p1a: Heatran|Heatran, M|100\/100\n|turn|9\n|\n|t:|1700117314\n|move|p2a: Hydreigon|Earth Power|p1a: Heatran\n|-supereffective|p1a: Heatran\n|-damage|p1a: Heatran|29\/100\n|move|p1a: Heatran|Magma Storm|p2a: Hydreigon\n|-damage|p2a: Hydreigon|44\/100\n|-activate|p2a: Hydreigon|move: Magma Storm|[of] p1a: Heatran\n|\n|-heal|p2a: Hydreigon|50\/100|[from] item: Leftovers\n|-heal|p1a: Heatran|35\/100|[from] Grassy Terrain\n|-heal|p1a: Heatran|41\/100|[from] item: Leftovers\n|-damage|p2a: Hydreigon|38\/100|[from] move: Magma Storm|[partiallytrapped]\n|-fieldend|move: Grassy Terrain\n|upkeep\n|turn|10\n|\n|t:|1700117327\n|-terastallize|p1a: Heatran|Grass\n|move|p2a: Hydreigon|Roost|p2a: Hydreigon\n|-heal|p2a: Hydreigon|88\/100\n|move|p1a: Heatran|Magma Storm|p2a: Hydreigon|[miss]\n|-miss|p1a: Heatran|p2a: Hydreigon\n|\n|-heal|p2a: Hydreigon|94\/100|[from] item: Leftovers\n|-heal|p1a: Heatran|48\/100|[from] item: Leftovers\n|-damage|p2a: Hydreigon|82\/100|[from] move: Magma Storm|[partiallytrapped]\n|upkeep\n|turn|11\n|\n|t:|1700117339\n|move|p2a: Hydreigon|Earth Power|p1a: Heatran\n|-resisted|p1a: Heatran\n|-damage|p1a: Heatran|40\/100\n|-unboost|p1a: Heatran|spd|1\n|move|p1a: Heatran|Taunt|p2a: Hydreigon\n|-start|p2a: Hydreigon|move: Taunt\n|\n|-heal|p2a: Hydreigon|88\/100|[from] item: Leftovers\n|-heal|p1a: Heatran|46\/100|[from] item: Leftovers\n|-damage|p2a: Hydreigon|76\/100|[from] move: Magma Storm|[partiallytrapped]\n|upkeep\n|turn|12\n|\n|t:|1700117351\n|move|p2a: Hydreigon|Earth Power|p1a: Heatran\n|-resisted|p1a: Heatran\n|-crit|p1a: Heatran\n|-damage|p1a: Heatran|27\/100\n|move|p1a: Heatran|Magma Storm|p2a: Hydreigon\n|-damage|p2a: Hydreigon|46\/100\n|\n|-heal|p2a: Hydreigon|53\/100|[from] item: Leftovers\n|-heal|p1a: Heatran|33\/100|[from] item: Leftovers\n|-damage|p2a: Hydreigon|40\/100|[from] move: Magma Storm|[partiallytrapped]\n|upkeep\n|turn|13\n|\n|t:|1700117362\n|move|p2a: Hydreigon|Earth Power|p1a: Heatran\n|-resisted|p1a: Heatran\n|-damage|p1a: Heatran|22\/100\n|move|p1a: Heatran|Magma Storm|p2a: Hydreigon\n|-damage|p2a: Hydreigon|10\/100\n|\n|-heal|p2a: Hydreigon|16\/100|[from] item: Leftovers\n|-heal|p1a: Heatran|28\/100|[from] item: Leftovers\n|-end|p2a: Hydreigon|Magma Storm|[partiallytrapped]\n|upkeep\n|turn|14\n|\n|t:|1700117374\n|switch|p2a: Alomomola|Alomomola, F|100\/100 tox\n|move|p1a: Heatran|Magma Storm|p2a: Alomomola\n|-resisted|p2a: Alomomola\n|-damage|p2a: Alomomola|82\/100 tox\n|-activate|p2a: Alomomola|move: Magma Storm|[of] p1a: Heatran\n|\n|-heal|p1a: Heatran|34\/100|[from] item: Leftovers\n|-damage|p2a: Alomomola|76\/100 tox|[from] psn\n|-damage|p2a: Alomomola|64\/100 tox|[from] move: Magma Storm|[partiallytrapped]\n|upkeep\n|turn|15\n|\n|t:|1700117383\n|move|p1a: Heatran|Protect|p1a: Heatran\n|-singleturn|p1a: Heatran|Protect\n|move|p2a: Alomomola|Wish|p2a: Alomomola\n|\n|-heal|p1a: Heatran|41\/100|[from] item: Leftovers\n|-damage|p2a: Alomomola|51\/100 tox|[from] psn\n|-damage|p2a: Alomomola|39\/100 tox|[from] move: Magma Storm|[partiallytrapped]\n|upkeep\n|turn|16\n|\n|t:|1700117401\n|move|p1a: Heatran|Taunt|p2a: Alomomola\n|-start|p2a: Alomomola|move: Taunt\n|move|p2a: Alomomola|Flip Turn|p1a: Heatran\n|-resisted|p1a: Heatran\n|-damage|p1a: Heatran|34\/100\n|\n|t:|1700117410\n|switch|p2a: Medicham|Medicham, F, shiny|100\/100|[from] Flip Turn\n|\n|-heal|p1a: Heatran|40\/100|[from] item: Leftovers\n|upkeep\n|turn|17\n|\n|t:|1700117420\n|detailschange|p2a: Medicham|Medicham-Mega, F, shiny\n|-mega|p2a: Medicham|Medicham|Medichamite\n|move|p2a: Medicham|Fake Out|p1a: Heatran\n|-damage|p1a: Heatran|20\/100\n|cant|p1a: Heatran|flinch\n|\n|-heal|p1a: Heatran|26\/100|[from] item: Leftovers\n|upkeep\n|turn|18\n|\n|t:|1700117427\n|move|p2a: Medicham|Ice Punch|p1a: Heatran\n|-supereffective|p1a: Heatran\n|-damage|p1a: Heatran|0 fnt\n|faint|p1a: Heatran\n|\n|upkeep\n|\n|t:|1700117435\n|switch|p1a: Diancie|Diancie|100\/100\n|turn|19\n|\n|t:|1700117447\n|switch|p2a: Alomomola|Alomomola, F|72\/100 tox\n|detailschange|p1a: Diancie|Diancie-Mega\n|-mega|p1a: Diancie|Diancie|Diancite\n|move|p1a: Diancie|Psychic|p2a: Alomomola\n|-damage|p2a: Alomomola|39\/100 tox\n|\n|-damage|p2a: Alomomola|32\/100 tox|[from] psn\n|upkeep\n|turn|20\n|\n|t:|1700117457\n|switch|p2a: Ferrothorn|Ferrothorn, F, shiny|100\/100\n|move|p1a: Diancie|Diamond Storm|p2a: Ferrothorn\n|-resisted|p2a: Ferrothorn\n|-damage|p2a: Ferrothorn|83\/100\n|\n|-heal|p2a: Ferrothorn|90\/100|[from] item: Leftovers\n|upkeep\n|turn|21\n|\n|t:|1700117471\n|switch|p1a: Rillaboom|Rillaboom, F|100\/100\n|-fieldstart|move: Grassy Terrain|[from] ability: Grassy Surge|[of] p1a: Rillaboom\n|move|p2a: Ferrothorn|Protect||[still]\n|-fail|p2a: Ferrothorn\n|\n|-heal|p2a: Ferrothorn|96\/100|[from] Grassy Terrain\n|-heal|p2a: Ferrothorn|100\/100|[from] item: Leftovers\n|upkeep\n|turn|22\n|\n|t:|1700117480\n|move|p1a: Rillaboom|Knock Off|p2a: Ferrothorn\n|-damage|p2a: Ferrothorn|79\/100\n|-damage|p1a: Rillaboom|88\/100|[from] ability: Iron Barbs|[of] p2a: Ferrothorn\n|-enditem|p2a: Ferrothorn|Leftovers|[from] move: Knock Off|[of] p1a: Rillaboom\n|move|p2a: Ferrothorn|Gyro Ball|p1a: Rillaboom\n|-damage|p1a: Rillaboom|35\/100\n|\n|-heal|p1a: Rillaboom|41\/100|[from] Grassy Terrain\n|-heal|p2a: Ferrothorn|86\/100|[from] Grassy Terrain\n|upkeep\n|turn|23\n|\n|t:|1700117491\n|switch|p1a: Rotom|Rotom-Wash|100\/100\n|move|p2a: Ferrothorn|Gyro Ball|p1a: Rotom\n|-resisted|p1a: Rotom\n|-damage|p1a: Rotom|93\/100\n|\n|-heal|p1a: Rotom|99\/100|[from] item: Leftovers\n|-heal|p2a: Ferrothorn|92\/100|[from] Grassy Terrain\n|upkeep\n|turn|24\n|\n|t:|1700117500\n|move|p1a: Rotom|Will-O-Wisp|p2a: Ferrothorn\n|-status|p2a: Ferrothorn|brn\n|move|p2a: Ferrothorn|Leech Seed|p1a: Rotom|[miss]\n|-miss|p2a: Ferrothorn|p1a: Rotom\n|\n|-heal|p1a: Rotom|100\/100|[from] item: Leftovers\n|-heal|p2a: Ferrothorn|98\/100 brn|[from] Grassy Terrain\n|-damage|p2a: Ferrothorn|92\/100 brn|[from] brn\n|upkeep\n|turn|25\n|\n|t:|1700117511\n|switch|p1a: Rillaboom|Rillaboom, F|41\/100\n|move|p2a: Ferrothorn|Gyro Ball|p1a: Rillaboom\n|-damage|p1a: Rillaboom|15\/100\n|\n|-heal|p1a: Rillaboom|21\/100|[from] Grassy Terrain\n|-heal|p2a: Ferrothorn|98\/100 brn|[from] Grassy Terrain\n|-damage|p2a: Ferrothorn|92\/100 brn|[from] brn\n|-fieldend|move: Grassy Terrain\n|upkeep\n|turn|26\n|\n|t:|1700117521\n|move|p1a: Rillaboom|Fake Out|p2a: Ferrothorn\n|-resisted|p2a: Ferrothorn\n|-damage|p2a: Ferrothorn|87\/100 brn\n|-damage|p1a: Rillaboom|9\/100|[from] ability: Iron Barbs|[of] p2a: Ferrothorn\n|cant|p2a: Ferrothorn|flinch\n|\n|-damage|p2a: Ferrothorn|81\/100 brn|[from] brn\n|upkeep\n|turn|27\n|\n|t:|1700117531\n|switch|p1a: Great Tusk|Great Tusk|100\/100\n|move|p2a: Ferrothorn|Gyro Ball|p1a: Great Tusk\n|-damage|p1a: Great Tusk|82\/100\n|\n|-damage|p2a: Ferrothorn|75\/100 brn|[from] brn\n|upkeep\n|turn|28\n|\n|t:|1700117541\n|move|p1a: Great Tusk|Rapid Spin|p2a: Ferrothorn\n|-resisted|p2a: Ferrothorn\n|-damage|p2a: Ferrothorn|68\/100 brn\n|-boost|p1a: Great Tusk|spe|1\n|-damage|p1a: Great Tusk|70\/100|[from] ability: Iron Barbs|[of] p2a: Ferrothorn\n|move|p2a: Ferrothorn|Leech Seed|p1a: Great Tusk\n|-start|p1a: Great Tusk|move: Leech Seed\n|\n|-damage|p1a: Great Tusk|58\/100|[from] Leech Seed|[of] p2a: Ferrothorn\n|-heal|p2a: Ferrothorn|81\/100 brn|[silent]\n|-damage|p2a: Ferrothorn|75\/100 brn|[from] brn\n|upkeep\n|turn|29\n|\n|t:|1700117551\n|move|p2a: Ferrothorn|Protect|p2a: Ferrothorn\n|-singleturn|p2a: Ferrothorn|Protect\n|move|p1a: Great Tusk|Headlong Rush|p2a: Ferrothorn\n|-activate|p2a: Ferrothorn|move: Protect\n|\n|-damage|p1a: Great Tusk|45\/100|[from] Leech Seed|[of] p2a: Ferrothorn\n|-heal|p2a: Ferrothorn|88\/100 brn|[silent]\n|-damage|p2a: Ferrothorn|82\/100 brn|[from] brn\n|upkeep\n|turn|30\n|\n|t:|1700117560\n|move|p1a: Great Tusk|Ice Spinner|p2a: Ferrothorn\n|-damage|p2a: Ferrothorn|62\/100 brn\n|-damage|p1a: Great Tusk|33\/100|[from] ability: Iron Barbs|[of] p2a: Ferrothorn\n|move|p2a: Ferrothorn|Power Whip|p1a: Great Tusk\n|-supereffective|p1a: Great Tusk\n|-damage|p1a: Great Tusk|7\/100\n|\n|-damage|p1a: Great Tusk|0 fnt|[from] Leech Seed|[of] p2a: Ferrothorn\n|-heal|p2a: Ferrothorn|68\/100 brn|[silent]\n|faint|p1a: Great Tusk\n|-end|p1a: Great Tusk|Protosynthesis|[silent]\n|-damage|p2a: Ferrothorn|62\/100 brn|[from] brn\n|upkeep\n|\n|t:|1700117572\n|switch|p1a: Rotom|Rotom-Wash|100\/100\n|turn|31\n|\n|t:|1700117576\n|move|p1a: Rotom|Hydro Pump|p2a: Ferrothorn|[miss]\n|-miss|p1a: Rotom|p2a: Ferrothorn\n|move|p2a: Ferrothorn|Leech Seed|p1a: Rotom|[miss]\n|-miss|p2a: Ferrothorn|p1a: Rotom\n|\n|-damage|p2a: Ferrothorn|56\/100 brn|[from] brn\n|upkeep\n|turn|32\n|\n|t:|1700117584\n|move|p1a: Rotom|Hydro Pump|p2a: Ferrothorn\n|-resisted|p2a: Ferrothorn\n|-damage|p2a: Ferrothorn|42\/100 brn\n|move|p2a: Ferrothorn|Leech Seed|p1a: Rotom\n|-start|p1a: Rotom|move: Leech Seed\n|\n|-damage|p1a: Rotom|88\/100|[from] Leech Seed|[of] p2a: Ferrothorn\n|-heal|p2a: Ferrothorn|52\/100 brn|[silent]\n|-damage|p2a: Ferrothorn|46\/100 brn|[from] brn\n|upkeep\n|turn|33\n|\n|t:|1700117593\n|move|p1a: Rotom|Volt Switch|p2a: Ferrothorn\n|-resisted|p2a: Ferrothorn\n|-damage|p2a: Ferrothorn|38\/100 brn\n|\n|t:|1700117597\n|switch|p1a: Rillaboom|Rillaboom, F|9\/100|[from] Volt Switch\n|-fieldstart|move: Grassy Terrain|[from] ability: Grassy Surge|[of] p1a: Rillaboom\n|move|p2a: Ferrothorn|Gyro Ball|p1a: Rillaboom\n|-damage|p1a: Rillaboom|0 fnt\n|faint|p1a: Rillaboom\n|\n|-heal|p2a: Ferrothorn|44\/100 brn|[from] Grassy Terrain\n|-damage|p2a: Ferrothorn|38\/100 brn|[from] brn\n|upkeep\n|\n|t:|1700117608\n|switch|p1a: Diancie|Diancie-Mega|100\/100\n|turn|34\n|\n|t:|1700117614\n|move|p1a: Diancie|Diamond Storm|p2a: Ferrothorn\n|-resisted|p2a: Ferrothorn\n|-crit|p2a: Ferrothorn\n|-damage|p2a: Ferrothorn|13\/100 brn\n|move|p2a: Ferrothorn|Gyro Ball|p1a: Diancie\n|-supereffective|p1a: Diancie\n|-damage|p1a: Diancie|0 fnt\n|faint|p1a: Diancie\n|\n|-heal|p2a: Ferrothorn|19\/100 brn|[from] Grassy Terrain\n|-damage|p2a: Ferrothorn|13\/100 brn|[from] brn\n|upkeep\n|-message|yaokai233 forfeited.\n|\n|win|Richie2016\n|raw|yaokai233's rating: 1336 &rarr; <strong>1314<\/strong><br \/>(-22 for losing)\n|raw|Richie2016's rating: 1293 &rarr; <strong>1321<\/strong><br \/>(+28 for winning)\n|l|\u2606yaokai233\n","uploadtime":1700117624,"views":4,"p1id":"yaokai233","p2id":"richie2016","formatid":"gen9nationaldex","rating":1314,"private":0,"password":""}