{"id":"gen9nationaldex-1987353241","p1":"hackilla15","p2":"chigurengo","format":"[Gen 9] National Dex","log":"|j|\u2606hackilla15\n|j|\u2606chigurengo\n|t:|1699580872\n|gametype|singles\n|player|p1|hackilla15|ethan|1153\n|player|p2|chigurengo|265|1055\n|teamsize|p1|6\n|teamsize|p2|6\n|gen|9\n|tier|[Gen 9] National Dex\n|rated|\n|rule|HP Percentage Mod: HP is shown in percentages\n|rule|Endless Battle Clause: Forcing endless battles is banned\n|rule|OHKO Clause: OHKO moves are banned\n|rule|Evasion Clause: Evasion abilities, items, and moves are banned\n|rule|Evasion Abilities Clause: Evasion abilities are banned\n|rule|Evasion Items Clause: Evasion items are banned\n|rule|Evasion Moves Clause: Evasion moves are banned\n|rule|Species Clause: Limit one of each Pok\u00e9mon\n|rule|Sleep Clause Mod: Limit one foe put to sleep\n|clearpoke\n|poke|p1|Sigilyph, M|\n|poke|p1|Morpeko, F|\n|poke|p1|Weavile, F|\n|poke|p1|Volcarona, F|\n|poke|p1|Slaking, M|\n|poke|p1|Vileplume, F|\n|poke|p2|Weavile, F|\n|poke|p2|Volcarona, F|\n|poke|p2|Gliscor, M|\n|poke|p2|Magnezone|\n|poke|p2|Ditto|\n|poke|p2|Tentacruel, F|\n|teampreview\n|inactive|Battle timer is ON: inactive players will automatically lose when time's up. (requested by hackilla15)\n|\n|t:|1699580895\n|start\n|switch|p1a: Morpeko|Morpeko, F, shiny|100\/100\n|switch|p2a: Gliscor|Gliscor, M|100\/100\n|turn|1\n|\n|t:|1699580918\n|move|p1a: Morpeko|Fake Out|p2a: Gliscor\n|-damage|p2a: Gliscor|90\/100\n|cant|p2a: Gliscor|flinch\n|\n|-formechange|p1a: Morpeko|Morpeko-Hangry||[from] ability: Hunger Switch\n|upkeep\n|turn|2\n|inactive|hackilla15 has 120 seconds left.\n|inactive|hackilla15 has 90 seconds left.\n|\n|t:|1699580980\n|move|p1a: Morpeko|Protect|p1a: Morpeko\n|-singleturn|p1a: Morpeko|Protect\n|move|p2a: Gliscor|Stealth Rock|p1a: Morpeko\n|-sidestart|p1: hackilla15|move: Stealth Rock\n|\n|-formechange|p1a: Morpeko|Morpeko||[from] ability: Hunger Switch\n|upkeep\n|turn|3\n|\n|t:|1699580989\n|move|p1a: Morpeko|Rapid Spin|p2a: Gliscor\n|-damage|p2a: Gliscor|76\/100\n|-boost|p1a: Morpeko|spe|1\n|-sideend|p1: hackilla15|Stealth Rock|[from] move: Rapid Spin|[of] p1a: Morpeko\n|move|p2a: Gliscor|U-turn|p1a: Morpeko\n|-supereffective|p1a: Morpeko\n|-damage|p1a: Morpeko|18\/100\n|-enditem|p1a: Morpeko|Red Card|[of] p2a: Gliscor\n|drag|p2a: Tentacruel|Tentacruel, F|100\/100\n|\n|-formechange|p1a: Morpeko|Morpeko-Hangry||[from] ability: Hunger Switch\n|upkeep\n|turn|4\n|\n|t:|1699581007\n|move|p1a: Morpeko|Protect|p1a: Morpeko\n|-singleturn|p1a: Morpeko|Protect\n|move|p2a: Tentacruel|Sludge Bomb|p1a: Morpeko\n|-activate|p1a: Morpeko|move: Protect\n|\n|-formechange|p1a: Morpeko|Morpeko||[from] ability: Hunger Switch\n|upkeep\n|turn|5\n|\n|t:|1699581017\n|move|p1a: Morpeko|Aura Wheel|p2a: Tentacruel\n|-supereffective|p2a: Tentacruel\n|-damage|p2a: Tentacruel|0 fnt\n|-boost|p1a: Morpeko|spe|1\n|faint|p2a: Tentacruel\n|\n|-formechange|p1a: Morpeko|Morpeko-Hangry||[from] ability: Hunger Switch\n|upkeep\n|\n|t:|1699581029\n|switch|p2a: Volcarona|Volcarona, F|100\/100\n|turn|6\n|\n|t:|1699581035\n|move|p1a: Morpeko|Aura Wheel|p2a: Volcarona\n|-damage|p2a: Volcarona|30\/100\n|-boost|p1a: Morpeko|spe|1\n|move|p2a: Volcarona|Will-O-Wisp|p1a: Morpeko|[miss]\n|-miss|p2a: Volcarona|p1a: Morpeko\n|\n|-formechange|p1a: Morpeko|Morpeko||[from] ability: Hunger Switch\n|upkeep\n|turn|7\n|\n|t:|1699581045\n|move|p1a: Morpeko|Aura Wheel|p2a: Volcarona\n|-damage|p2a: Volcarona|0 fnt\n|-boost|p1a: Morpeko|spe|1\n|faint|p2a: Volcarona\n|\n|-formechange|p1a: Morpeko|Morpeko-Hangry||[from] ability: Hunger Switch\n|upkeep\n|\n|t:|1699581056\n|switch|p2a: Ditto|Ditto|100\/100\n|turn|8\n|\n|t:|1699581064\n|switch|p1a: Slaking|Slaking, M, shiny|100\/100\n|move|p2a: Ditto|Transform|p1a: Slaking\n|-transform|p2a: Ditto|p1a: Slaking\n|\n|upkeep\n|turn|9\n|\n|t:|1699581082\n|cant|p2a: Ditto|ability: Truant\n|move|p1a: Slaking|Thunder Wave|p2a: Ditto\n|-status|p2a: Ditto|par\n|\n|upkeep\n|turn|10\n|\n|t:|1699581107\n|switch|p1a: Vileplume|Vileplume, F, shiny|100\/100\n|cant|p2a: Ditto|par\n|\n|upkeep\n|turn|11\n|\n|t:|1699581114\n|cant|p2a: Ditto|ability: Truant\n|move|p1a: Vileplume|Strength Sap|p2a: Ditto\n|-unboost|p2a: Ditto|atk|1\n|\n|upkeep\n|turn|12\n|\n|t:|1699581132\n|move|p2a: Ditto|Earthquake|p1a: Vileplume\n|-damage|p1a: Vileplume|76\/100\n|move|p1a: Vileplume|Leech Seed|p2a: Ditto\n|-start|p2a: Ditto|move: Leech Seed\n|\n|-heal|p1a: Vileplume|83\/100|[from] item: Black Sludge\n|-damage|p2a: Ditto|88\/100 par|[from] Leech Seed|[of] p1a: Vileplume\n|-heal|p1a: Vileplume|93\/100|[silent]\n|upkeep\n|turn|13\n|-message|chigurengo forfeited.\n|\n|win|hackilla15\n|raw|hackilla15's rating: 1153 &rarr; <strong>1171<\/strong><br \/>(+18 for winning)\n|raw|chigurengo's rating: 1055 &rarr; <strong>1042<\/strong><br \/>(-13 for losing)\n|l|\u2606chigurengo\n","uploadtime":1699581151,"views":18,"p1id":"hackilla15","p2id":"chigurengo","formatid":"gen9nationaldex","rating":1042,"private":0,"password":""}