{"id":"gen9nationaldex-1992788627","p1":"kraydel5","p2":"TheGameFreak55","format":"[Gen 9] National Dex","log":"|j|\u2606kraydel5\n|j|\u2606TheGameFreak55\n|t:|1700235534\n|gametype|singles\n|player|p1|kraydel5|266|1014\n|player|p2|TheGameFreak55|1|1013\n|teamsize|p1|6\n|teamsize|p2|6\n|gen|9\n|tier|[Gen 9] National Dex\n|rated|\n|rule|HP Percentage Mod: HP is shown in percentages\n|rule|Endless Battle Clause: Forcing endless battles is banned\n|rule|OHKO Clause: OHKO moves are banned\n|rule|Evasion Clause: Evasion abilities, items, and moves are banned\n|rule|Evasion Abilities Clause: Evasion abilities are banned\n|rule|Evasion Items Clause: Evasion items are banned\n|rule|Evasion Moves Clause: Evasion moves are banned\n|rule|Species Clause: Limit one of each Pok\u00e9mon\n|rule|Sleep Clause Mod: Limit one foe put to sleep\n|clearpoke\n|poke|p1|Togekiss, M|\n|poke|p1|Toxapex, F|\n|poke|p1|Grimmsnarl, M|\n|poke|p1|Incineroar, F|\n|poke|p1|Swampert, M|\n|poke|p1|Celesteela|\n|poke|p2|Raichu, M|\n|poke|p2|Metagross|\n|poke|p2|Gyarados, M|\n|poke|p2|Charizard, M|\n|poke|p2|Gardevoir, M|\n|poke|p2|Grimmsnarl, M|\n|teampreview\n|c|\u2606TheGameFreak55|hello\n|\n|t:|1700235548\n|start\n|switch|p1a: Celesteela|Celesteela|100\/100\n|switch|p2a: RoyalRed|Gyarados, M, shiny|100\/100\n|-ability|p2a: RoyalRed|Intimidate|boost\n|-unboost|p1a: Celesteela|atk|1\n|turn|1\n|\n|t:|1700235557\n|move|p2a: RoyalRed|Fire Blast|p1a: Celesteela\n|-supereffective|p1a: Celesteela\n|-damage|p1a: Celesteela|75\/100\n|move|p1a: Celesteela|Leech Seed|p2a: RoyalRed\n|-start|p2a: RoyalRed|move: Leech Seed\n|\n|-heal|p1a: Celesteela|81\/100|[from] item: Leftovers\n|-damage|p2a: RoyalRed|88\/100|[from] Leech Seed|[of] p1a: Celesteela\n|-heal|p1a: Celesteela|93\/100|[silent]\n|upkeep\n|turn|2\n|\n|t:|1700235574\n|switch|p2a: Smokey|Charizard, M, shiny|100\/100\n|move|p1a: Celesteela|Air Slash|p2a: Smokey\n|-damage|p2a: Smokey|65\/100\n|\n|-heal|p2a: Smokey|71\/100|[from] item: Leftovers\n|-heal|p1a: Celesteela|99\/100|[from] item: Leftovers\n|upkeep\n|turn|3\n|\n|t:|1700235587\n|move|p2a: Smokey|Flare Blitz|p1a: Celesteela\n|-supereffective|p1a: Celesteela\n|-damage|p1a: Celesteela|20\/100\n|-damage|p2a: Smokey|41\/100|[from] Recoil\n|move|p1a: Celesteela|Leech Seed|p2a: Smokey\n|-start|p2a: Smokey|move: Leech Seed\n|\n|-heal|p2a: Smokey|47\/100|[from] item: Leftovers\n|-heal|p1a: Celesteela|26\/100|[from] item: Leftovers\n|-damage|p2a: Smokey|35\/100|[from] Leech Seed|[of] p1a: Celesteela\n|-heal|p1a: Celesteela|37\/100|[silent]\n|upkeep\n|turn|4\n|\n|t:|1700235599\n|move|p1a: Celesteela|Protect|p1a: Celesteela\n|-singleturn|p1a: Celesteela|Protect\n|move|p2a: Smokey|Flare Blitz|p1a: Celesteela\n|-activate|p1a: Celesteela|move: Protect\n|\n|-heal|p2a: Smokey|41\/100|[from] item: Leftovers\n|-heal|p1a: Celesteela|43\/100|[from] item: Leftovers\n|-damage|p2a: Smokey|28\/100|[from] Leech Seed|[of] p1a: Celesteela\n|-heal|p1a: Celesteela|54\/100|[silent]\n|upkeep\n|turn|5\n|\n|t:|1700235615\n|switch|p1a: Swampert|Swampert, M|100\/100\n|move|p2a: Smokey|Flare Blitz|p1a: Swampert\n|-resisted|p1a: Swampert\n|-damage|p1a: Swampert|67\/100\n|-status|p1a: Swampert|brn\n|-damage|p2a: Smokey|15\/100|[from] Recoil\n|\n|-heal|p2a: Smokey|21\/100|[from] item: Leftovers\n|-damage|p2a: Smokey|9\/100|[from] Leech Seed|[of] p1a: Swampert\n|-heal|p1a: Swampert|78\/100 brn|[silent]\n|-damage|p1a: Swampert|71\/100 brn|[from] brn\n|upkeep\n|turn|6\n|c|\u2606TheGameFreak55|!weakness swampert\n|c| TheGameFreak55|\/raw <div class=\"infobox\">Swampert (ignoring abilities):<br \/><span class=\"message-effect-weak\">Weaknesses<\/span>: <b>Grass<\/b><br \/><span class=\"message-effect-resist\">Resistances<\/span>: Fire, Poison, Rock, Steel<br \/><span class=\"message-effect-immune\">Immunities<\/span>: Electric, Sandstorm damage<\/div>\n|\n|t:|1700235632\n|move|p2a: Smokey|Solar Beam||[still]\n|-prepare|p2a: Smokey|Solar Beam\n|move|p1a: Swampert|Scald|p2a: Smokey\n|-supereffective|p2a: Smokey\n|-damage|p2a: Smokey|0 fnt\n|faint|p2a: Smokey\n|\n|-damage|p1a: Swampert|65\/100 brn|[from] brn\n|upkeep\n|\n|t:|1700235652\n|switch|p2a: BluRaspberry|Gardevoir, M, shiny|100\/100\n|-ability|p2a: BluRaspberry|Torrent|[from] ability: Trace|[of] p1a: Swampert\n|turn|7\n|\n|t:|1700235673\n|switch|p1a: Grimmsnarl|Grimmsnarl, M|100\/100\n|move|p2a: BluRaspberry|Moonblast|p1a: Grimmsnarl\n|-supereffective|p1a: Grimmsnarl\n|-damage|p1a: Grimmsnarl|0 fnt\n|faint|p1a: Grimmsnarl\n|\n|upkeep\n|\n|t:|1700235681\n|switch|p1a: Celesteela|Celesteela|54\/100\n|turn|8\n|\n|t:|1700235699\n|move|p2a: BluRaspberry|Mystical Fire|p1a: Celesteela\n|-supereffective|p1a: Celesteela\n|-damage|p1a: Celesteela|11\/100\n|-unboost|p1a: Celesteela|spa|1\n|move|p1a: Celesteela|Leech Seed|p2a: BluRaspberry\n|-start|p2a: BluRaspberry|move: Leech Seed\n|\n|-heal|p1a: Celesteela|17\/100|[from] item: Leftovers\n|-damage|p2a: BluRaspberry|88\/100|[from] Leech Seed|[of] p1a: Celesteela\n|-heal|p1a: Celesteela|27\/100|[silent]\n|upkeep\n|turn|9\n|\n|t:|1700235709\n|move|p1a: Celesteela|Protect|p1a: Celesteela\n|-singleturn|p1a: Celesteela|Protect\n|move|p2a: BluRaspberry|Mystical Fire|p1a: Celesteela\n|-activate|p1a: Celesteela|move: Protect\n|\n|-heal|p1a: Celesteela|33\/100|[from] item: Leftovers\n|-damage|p2a: BluRaspberry|76\/100|[from] Leech Seed|[of] p1a: Celesteela\n|-heal|p1a: Celesteela|43\/100|[silent]\n|upkeep\n|turn|10\n|\n|t:|1700235719\n|move|p2a: BluRaspberry|Mystical Fire|p1a: Celesteela\n|-supereffective|p1a: Celesteela\n|-damage|p1a: Celesteela|3\/100\n|-unboost|p1a: Celesteela|spa|1\n|-heal|p2a: BluRaspberry|82\/100|[from] item: Shell Bell|[of] p1a: Celesteela\n|move|p1a: Celesteela|Substitute|p1a: Celesteela\n|-fail|p1a: Celesteela|move: Substitute|[weak]\n|\n|-heal|p1a: Celesteela|9\/100|[from] item: Leftovers\n|-damage|p2a: BluRaspberry|69\/100|[from] Leech Seed|[of] p1a: Celesteela\n|-heal|p1a: Celesteela|20\/100|[silent]\n|upkeep\n|turn|11\n|\n|t:|1700235732\n|move|p1a: Celesteela|Protect|p1a: Celesteela\n|-singleturn|p1a: Celesteela|Protect\n|move|p2a: BluRaspberry|Mystical Fire|p1a: Celesteela\n|-activate|p1a: Celesteela|move: Protect\n|\n|-heal|p1a: Celesteela|26\/100|[from] item: Leftovers\n|-damage|p2a: BluRaspberry|57\/100|[from] Leech Seed|[of] p1a: Celesteela\n|-heal|p1a: Celesteela|36\/100|[silent]\n|upkeep\n|turn|12\n|\n|t:|1700235744\n|switch|p1a: Swampert|Swampert, M|65\/100 brn\n|move|p2a: BluRaspberry|Mystical Fire|p1a: Swampert\n|-resisted|p1a: Swampert\n|-damage|p1a: Swampert|52\/100 brn\n|-unboost|p1a: Swampert|spa|1\n|-heal|p2a: BluRaspberry|59\/100|[from] item: Shell Bell|[of] p1a: Swampert\n|\n|-damage|p2a: BluRaspberry|47\/100|[from] Leech Seed|[of] p1a: Swampert\n|-heal|p1a: Swampert|61\/100 brn|[silent]\n|-damage|p1a: Swampert|55\/100 brn|[from] brn\n|upkeep\n|turn|13\n|\n|t:|1700235759\n|switch|p2a: RoyalRed|Gyarados, M, shiny|88\/100\n|-ability|p2a: RoyalRed|Intimidate|boost\n|-unboost|p1a: Swampert|atk|1\n|move|p1a: Swampert|Stone Edge|p2a: RoyalRed\n|-supereffective|p2a: RoyalRed\n|-damage|p2a: RoyalRed|70\/100\n|\n|-damage|p1a: Swampert|49\/100 brn|[from] brn\n|upkeep\n|turn|14\n|\n|t:|1700235775\n|switch|p1a: Celesteela|Celesteela|36\/100\n|move|p2a: RoyalRed|Earthquake|p1a: Celesteela\n|-immune|p1a: Celesteela\n|\n|-heal|p1a: Celesteela|42\/100|[from] item: Leftovers\n|upkeep\n|turn|15\n|\n|t:|1700235785\n|move|p2a: RoyalRed|Fire Blast|p1a: Celesteela\n|-supereffective|p1a: Celesteela\n|-damage|p1a: Celesteela|14\/100\n|move|p1a: Celesteela|Leech Seed|p2a: RoyalRed\n|-start|p2a: RoyalRed|move: Leech Seed\n|\n|-heal|p1a: Celesteela|20\/100|[from] item: Leftovers\n|-damage|p2a: RoyalRed|58\/100|[from] Leech Seed|[of] p1a: Celesteela\n|-heal|p1a: Celesteela|32\/100|[silent]\n|upkeep\n|turn|16\n|\n|t:|1700235797\n|move|p1a: Celesteela|Protect|p1a: Celesteela\n|-singleturn|p1a: Celesteela|Protect\n|move|p2a: RoyalRed|Fire Blast|p1a: Celesteela\n|-activate|p1a: Celesteela|move: Protect\n|\n|-heal|p1a: Celesteela|38\/100|[from] item: Leftovers\n|-damage|p2a: RoyalRed|45\/100|[from] Leech Seed|[of] p1a: Celesteela\n|-heal|p1a: Celesteela|50\/100|[silent]\n|upkeep\n|turn|17\n|\n|t:|1700235808\n|switch|p2a: RaiRai|Raichu, M, shiny|100\/100\n|switch|p1a: Swampert|Swampert, M|49\/100 brn\n|\n|-damage|p1a: Swampert|43\/100 brn|[from] brn\n|upkeep\n|turn|18\n|\n|t:|1700235823\n|switch|p2a: Casper|Grimmsnarl, M, shiny|100\/100\n|switch|p1a: Togekiss|Togekiss, M|100\/100\n|\n|upkeep\n|turn|19\n|\n|t:|1700235843\n|move|p2a: Casper|Light Screen|p2a: Casper\n|-sidestart|p2: TheGameFreak55|move: Light Screen\n|move|p1a: Togekiss|Air Slash|p2a: Casper\n|-damage|p2a: Casper|83\/100\n|\n|upkeep\n|turn|20\n|\n|t:|1700235852\n|move|p2a: Casper|Reflect|p2a: Casper\n|-sidestart|p2: TheGameFreak55|Reflect\n|move|p1a: Togekiss|Substitute|p1a: Togekiss\n|-start|p1a: Togekiss|Substitute\n|-damage|p1a: Togekiss|75\/100\n|\n|-heal|p1a: Togekiss|82\/100|[from] item: Leftovers\n|upkeep\n|turn|21\n|\n|t:|1700235861\n|move|p1a: Togekiss|Draining Kiss|p2a: Casper\n|-supereffective|p2a: Casper\n|-damage|p2a: Casper|60\/100\n|-heal|p1a: Togekiss|99\/100|[from] drain|[of] p2a: Casper\n|move|p2a: Casper|Foul Play|p1a: Togekiss\n|-resisted|p1a: Togekiss\n|-activate|p1a: Togekiss|move: Substitute|[damage]\n|\n|-heal|p1a: Togekiss|100\/100|[from] item: Leftovers\n|upkeep\n|turn|22\n|\n|t:|1700235872\n|move|p1a: Togekiss|Draining Kiss|p2a: Casper\n|-supereffective|p2a: Casper\n|-damage|p2a: Casper|36\/100\n|move|p2a: Casper|Dark Pulse|p1a: Togekiss\n|-resisted|p1a: Togekiss\n|-activate|p1a: Togekiss|move: Substitute|[damage]\n|\n|upkeep\n|turn|23\n|\n|t:|1700235880\n|switch|p2a: RaiRai|Raichu, M, shiny|100\/100\n|move|p1a: Togekiss|Draining Kiss|p2a: RaiRai\n|-damage|p2a: RaiRai|81\/100\n|\n|upkeep\n|turn|24\n|\n|t:|1700235887\n|move|p2a: RaiRai|Thunder|p1a: Togekiss\n|-supereffective|p1a: Togekiss\n|-end|p1a: Togekiss|Substitute\n|move|p1a: Togekiss|Air Slash|p2a: RaiRai\n|-resisted|p2a: RaiRai\n|-damage|p2a: RaiRai|68\/100\n|\n|upkeep\n|turn|25\n|\n|t:|1700235902\n|switch|p1a: Incineroar|Incineroar, F|100\/100\n|-ability|p1a: Incineroar|Intimidate|boost\n|-unboost|p2a: RaiRai|atk|1\n|move|p2a: RaiRai|Thunder|p1a: Incineroar\n|-damage|p1a: Incineroar|49\/100\n|-status|p1a: Incineroar|par\n|\n|upkeep\n|turn|26\n|\n|t:|1700235915\n|move|p2a: RaiRai|Surf|p1a: Incineroar\n|-supereffective|p1a: Incineroar\n|-damage|p1a: Incineroar|4\/100 par\n|-enditem|p1a: Incineroar|Weakness Policy\n|-boost|p1a: Incineroar|atk|2|[from] item: Weakness Policy\n|-boost|p1a: Incineroar|spa|2|[from] item: Weakness Policy\n|cant|p1a: Incineroar|par\n|\n|-sideend|p2: TheGameFreak55|move: Light Screen\n|upkeep\n|turn|27\n|\n|t:|1700235930\n|move|p2a: RaiRai|Surf|p1a: Incineroar\n|-supereffective|p1a: Incineroar\n|-damage|p1a: Incineroar|0 fnt\n|faint|p1a: Incineroar\n|\n|-sideend|p2: TheGameFreak55|Reflect\n|upkeep\n|\n|t:|1700235941\n|switch|p1a: Toxapex|Toxapex, F|100\/100\n|turn|28\n|\n|t:|1700235946\n|move|p2a: RaiRai|Thunder|p1a: Toxapex\n|-supereffective|p1a: Toxapex\n|-damage|p1a: Toxapex|0 fnt\n|faint|p1a: Toxapex\n|\n|upkeep\n|\n|t:|1700235953\n|switch|p1a: Togekiss|Togekiss, M|100\/100\n|turn|29\n|\n|t:|1700235956\n|move|p2a: RaiRai|Thunder|p1a: Togekiss\n|-supereffective|p1a: Togekiss\n|-damage|p1a: Togekiss|0 fnt\n|faint|p1a: Togekiss\n|\n|upkeep\n|\n|t:|1700235962\n|switch|p1a: Celesteela|Celesteela|50\/100\n|turn|30\n|c|\u2606TheGameFreak55|countered the sweep with rairai >_.\n|\n|t:|1700235995\n|move|p2a: RaiRai|Thunder|p1a: Celesteela\n|-supereffective|p1a: Celesteela\n|-damage|p1a: Celesteela|0 fnt\n|faint|p1a: Celesteela\n|\n|upkeep\n|\n|t:|1700236011\n|switch|p1a: Swampert|Swampert, M|43\/100 brn\n|turn|31\n|\n|t:|1700236017\n|move|p2a: RaiRai|Surf|p1a: Swampert\n|-damage|p1a: Swampert|15\/100 brn\n|move|p1a: Swampert|Body Slam|p2a: RaiRai\n|-damage|p2a: RaiRai|39\/100\n|\n|-damage|p1a: Swampert|9\/100 brn|[from] brn\n|upkeep\n|turn|32\n|c|\u2606TheGameFreak55|good game\n|\n|t:|1700236031\n|move|p2a: RaiRai|Surf|p1a: Swampert\n|-damage|p1a: Swampert|0 fnt\n|faint|p1a: Swampert\n|\n|win|TheGameFreak55\n|raw|kraydel5's rating: 1014 &rarr; <strong>1002<\/strong><br \/>(-12 for losing)\n|raw|TheGameFreak55's rating: 1013 &rarr; <strong>1051<\/strong><br \/>(+38 for winning)\n|c|\u2606TheGameFreak55|gg\n","uploadtime":1700236129,"views":6,"p1id":"kraydel5","p2id":"thegamefreak55","formatid":"gen9nationaldex","rating":1002,"private":0,"password":""}