{"id":"gen9nationaldex-1999335722","p1":"GABRIEL_HU","p2":"spawnmatism","format":"[Gen 9] National Dex","log":"|html|<div class=\"broadcast-blue\"><strong>[Gen 9] National Dex is currently suspecting Sneasler! For information on how to participate check out the <a href=\"https:\/\/www.smogon.com\/forums\/threads\/sv-national-dex-suspect-8-just-dance.3731534\/\">suspect thread<\/a>.<\/strong><\/div>\n|j|\u2606GABRIEL_HU\n|j|\u2606spawnmatism\n|t:|1701062268\n|gametype|singles\n|player|p1|GABRIEL_HU|guitarist|1341\n|player|p2|spawnmatism|170|1318\n|teamsize|p1|6\n|teamsize|p2|6\n|gen|9\n|tier|[Gen 9] National Dex\n|rated|\n|rule|HP Percentage Mod: HP is shown in percentages\n|rule|Endless Battle Clause: Forcing endless battles is banned\n|rule|OHKO Clause: OHKO moves are banned\n|rule|Evasion Clause: Evasion abilities, items, and moves are banned\n|rule|Evasion Abilities Clause: Evasion abilities are banned\n|rule|Evasion Items Clause: Evasion items are banned\n|rule|Evasion Moves Clause: Evasion moves are banned\n|rule|Species Clause: Limit one of each Pok\u00e9mon\n|rule|Sleep Clause Mod: Limit one foe put to sleep\n|clearpoke\n|poke|p1|Garganacl, F|\n|poke|p1|Greninja-*, M|\n|poke|p1|Zapdos|\n|poke|p1|Great Tusk|\n|poke|p1|Heatran, F|\n|poke|p1|Scizor, F|\n|poke|p2|Emboar, M|\n|poke|p2|Garchomp, M|\n|poke|p2|Hatterene, F|\n|poke|p2|Zoroark-Hisui, M|\n|poke|p2|Iron Jugulis|\n|poke|p2|Vikavolt, M|\n|teampreview\n|inactive|Battle timer is ON: inactive players will automatically lose when time's up. (requested by GABRIEL_HU)\n|\n|t:|1701062307\n|start\n|switch|p1a: Heatran|Heatran, F|100\/100\n|switch|p2a: San'Shyuum|Hatterene, F|100\/100\n|turn|1\n|\n|t:|1701062311\n|move|p2a: San'Shyuum|Bitter Malice|p1a: Heatran\n|-damage|p1a: Heatran|65\/100\n|-unboost|p1a: Heatran|atk|1\n|move|p1a: Heatran|Magma Storm|p2a: San'Shyuum\n|-damage|p2a: San'Shyuum|12\/100\n|-activate|p2a: San'Shyuum|move: Magma Storm|[of] p1a: Heatran\n|replace|p2a: Zoroark|Zoroark-Hisui, M\n|-end|p2a: Zoroark|Illusion\n|\n|-damage|p2a: Zoroark|0 fnt|[from] move: Magma Storm|[partiallytrapped]\n|faint|p2a: Zoroark\n|upkeep\n|\n|t:|1701062317\n|switch|p2a: Garchomp|Garchomp, M|100\/100\n|turn|2\n|\n|t:|1701062324\n|switch|p1a: Great Tusk|Great Tusk|100\/100\n|move|p2a: Garchomp|Stealth Rock|p1a: Great Tusk\n|-sidestart|p1: GABRIEL_HU|move: Stealth Rock\n|\n|upkeep\n|turn|3\n|\n|t:|1701062332\n|move|p2a: Garchomp|Swords Dance|p2a: Garchomp\n|-boost|p2a: Garchomp|atk|2\n|move|p1a: Great Tusk|Rapid Spin|p2a: Garchomp\n|-damage|p2a: Garchomp|83\/100\n|-boost|p1a: Great Tusk|spe|1\n|-damage|p1a: Great Tusk|88\/100|[from] ability: Rough Skin|[of] p2a: Garchomp\n|-sideend|p1: GABRIEL_HU|Stealth Rock|[from] move: Rapid Spin|[of] p1a: Great Tusk\n|\n|upkeep\n|turn|4\n|\n|t:|1701062342\n|detailschange|p2a: Garchomp|Garchomp-Mega, M\n|-mega|p2a: Garchomp|Garchomp|Garchompite\n|-zpower|p1a: Great Tusk\n|move|p1a: Great Tusk|Subzero Slammer|p2a: Garchomp|[zeffect]\n|-supereffective|p2a: Garchomp\n|-damage|p2a: Garchomp|0 fnt\n|faint|p2a: Garchomp\n|\n|upkeep\n|\n|t:|1701062348\n|switch|p2a: Huragok|Iron Jugulis|100\/100\n|-enditem|p2a: Huragok|Booster Energy\n|-activate|p2a: Huragok|ability: Quark Drive|[fromitem]\n|-start|p2a: Huragok|quarkdrivespe\n|turn|5\n|\n|t:|1701062352\n|move|p2a: Huragok|Hurricane|p1a: Great Tusk\n|-supereffective|p1a: Great Tusk\n|-damage|p1a: Great Tusk|0 fnt\n|faint|p1a: Great Tusk\n|-end|p1a: Great Tusk|Protosynthesis|[silent]\n|\n|upkeep\n|\n|t:|1701062356\n|switch|p1a: Zapdos|Zapdos|100\/100\n|turn|6\n|\n|t:|1701062365\n|move|p2a: Huragok|Dark Pulse|p1a: Zapdos\n|-damage|p1a: Zapdos|65\/100\n|move|p1a: Zapdos|Discharge|p2a: Huragok\n|-supereffective|p2a: Huragok\n|-damage|p2a: Huragok|13\/100\n|-status|p2a: Huragok|par\n|\n|upkeep\n|turn|7\n|\n|t:|1701062371\n|cant|p2a: Huragok|par\n|move|p1a: Zapdos|U-turn|p2a: Huragok\n|-damage|p2a: Huragok|0 fnt\n|faint|p2a: Huragok\n|-end|p2a: Huragok|Quark Drive|[silent]\n|\n|t:|1701062375\n|switch|p1a: Heatran|Heatran, F|65\/100|[from] U-turn\n|\n|upkeep\n|\n|t:|1701062380\n|switch|p2a: Jiralhanae|Emboar, M|100\/100\n|turn|8\n|\n|t:|1701062384\n|switch|p1a: Zapdos|Zapdos|65\/100\n|move|p2a: Jiralhanae|Hammer Arm|p1a: Zapdos\n|-resisted|p1a: Zapdos\n|-damage|p1a: Zapdos|35\/100\n|-unboost|p2a: Jiralhanae|spe|1\n|-status|p2a: Jiralhanae|par|[from] ability: Static|[of] p1a: Zapdos\n|\n|upkeep\n|turn|9\n|\n|t:|1701062389\n|switch|p2a: San'Shyuum|Hatterene, F|100\/100\n|move|p1a: Zapdos|Roost|p1a: Zapdos\n|-heal|p1a: Zapdos|85\/100\n|-singleturn|p1a: Zapdos|move: Roost\n|\n|upkeep\n|turn|10\n|\n|t:|1701062392\n|move|p1a: Zapdos|U-turn|p2a: San'Shyuum\n|-damage|p2a: San'Shyuum|87\/100\n|\n|t:|1701062395\n|switch|p1a: Heatran|Heatran, F|65\/100|[from] U-turn\n|move|p2a: San'Shyuum|Psychic|p1a: Heatran\n|-resisted|p1a: Heatran\n|-crit|p1a: Heatran\n|-damage|p1a: Heatran|42\/100\n|\n|upkeep\n|turn|11\n|\n|t:|1701062400\n|move|p1a: Heatran|Magma Storm|p2a: San'Shyuum\n|-damage|p2a: San'Shyuum|42\/100\n|-activate|p2a: San'Shyuum|move: Magma Storm|[of] p1a: Heatran\n|move|p2a: San'Shyuum|Trick Room|p2a: San'Shyuum\n|-fieldstart|move: Trick Room|[of] p2a: San'Shyuum\n|\n|-damage|p2a: San'Shyuum|30\/100|[from] move: Magma Storm|[partiallytrapped]\n|upkeep\n|turn|12\n|\n|t:|1701062418\n|move|p2a: San'Shyuum|Healing Wish|p2a: San'Shyuum\n|faint|p2a: San'Shyuum\n|move|p1a: Heatran|Magma Storm|p2: San'Shyuum|[notarget]\n|-fail|p1a: Heatran\n|\n|upkeep\n|\n|t:|1701062421\n|switch|p2a: Jiralhanae|Emboar, M|100\/100 par\n|-heal|p2a: Jiralhanae|100\/100|[from] move: Healing Wish\n|turn|13\n|\n|t:|1701062431\n|switch|p1a: Zapdos|Zapdos|85\/100\n|move|p2a: Jiralhanae|Flare Blitz|p1a: Zapdos\n|-damage|p1a: Zapdos|3\/100\n|-status|p2a: Jiralhanae|par|[from] ability: Static|[of] p1a: Zapdos\n|-damage|p2a: Jiralhanae|76\/100 par|[from] Recoil\n|\n|upkeep\n|turn|14\n|\n|t:|1701062438\n|switch|p2a: Yanme'e|Vikavolt, M|100\/100\n|switch|p1a: Heatran|Heatran, F|42\/100\n|\n|upkeep\n|turn|15\n|\n|t:|1701062444\n|move|p1a: Heatran|Protect|p1a: Heatran\n|-singleturn|p1a: Heatran|Protect\n|move|p2a: Yanme'e|Thunderbolt|p1a: Heatran\n|-activate|p1a: Heatran|move: Protect\n|\n|-fieldend|move: Trick Room\n|upkeep\n|turn|16\n|\n|t:|1701062448\n|move|p1a: Heatran|Magma Storm|p2a: Yanme'e\n|-supereffective|p2a: Yanme'e\n|-damage|p2a: Yanme'e|0 fnt\n|faint|p2a: Yanme'e\n|\n|upkeep\n|-message|spawnmatism forfeited.\n|\n|win|GABRIEL_HU\n|raw|GABRIEL_HU's rating: 1341 &rarr; <strong>1360<\/strong><br \/>(+19 for winning)\n|raw|spawnmatism's rating: 1318 &rarr; <strong>1299<\/strong><br \/>(-19 for losing)\n|l|\u2606spawnmatism\n","uploadtime":1701062457,"views":1,"p1id":"gabrielhu","p2id":"spawnmatism","formatid":"gen9nationaldex","rating":1299,"private":0,"password":""}