{"id":"gen9nationaldex-1988164616","p1":"OilBarrell","p2":"xsk123","format":"[Gen 9] National Dex","log":"|j|\u2606OilBarrell\n|j|\u2606xsk123\n|t:|1699678077\n|gametype|singles\n|player|p1|OilBarrell|clair|1419\n|player|p2|xsk123|pokefan-gen4|1464\n|teamsize|p1|6\n|teamsize|p2|6\n|gen|9\n|tier|[Gen 9] National Dex\n|rated|\n|rule|HP Percentage Mod: HP is shown in percentages\n|rule|Endless Battle Clause: Forcing endless battles is banned\n|rule|OHKO Clause: OHKO moves are banned\n|rule|Evasion Clause: Evasion abilities, items, and moves are banned\n|rule|Evasion Abilities Clause: Evasion abilities are banned\n|rule|Evasion Items Clause: Evasion items are banned\n|rule|Evasion Moves Clause: Evasion moves are banned\n|rule|Species Clause: Limit one of each Pok\u00e9mon\n|rule|Sleep Clause Mod: Limit one foe put to sleep\n|clearpoke\n|poke|p1|Reuniclus, F|\n|poke|p1|Gyarados, F|\n|poke|p1|Enamorus, F|\n|poke|p1|Oricorio, F|\n|poke|p1|Klefki, M|\n|poke|p1|Lycanroc-Dusk, M|\n|poke|p2|Slowbro, F|\n|poke|p2|Excadrill, M|\n|poke|p2|Heatran, M|\n|poke|p2|Tyranitar, F|\n|poke|p2|Gliscor, F|\n|poke|p2|Meowscarada, F|\n|teampreview\n|\n|t:|1699678095\n|start\n|switch|p1a: Lycanroc|Lycanroc-Dusk, M|100\/100\n|switch|p2a: Gliscor|Gliscor, F|100\/100\n|turn|1\n|inactive|Battle timer is ON: inactive players will automatically lose when time's up. (requested by xsk123)\n|inactive|OilBarrell has 120 seconds left.\n|\n|t:|1699678153\n|move|p2a: Gliscor|Protect|p2a: Gliscor\n|-singleturn|p2a: Gliscor|Protect\n|move|p1a: Lycanroc|Iron Head|p2a: Gliscor\n|-activate|p2a: Gliscor|move: Protect\n|\n|-status|p2a: Gliscor|tox|[from] item: Toxic Orb\n|upkeep\n|turn|2\n|\n|t:|1699678164\n|switch|p1a: Gyarados|Gyarados, F, shiny|100\/100\n|-ability|p1a: Gyarados|Intimidate|boost\n|-unboost|p2a: Gliscor|atk|1\n|move|p2a: Gliscor|Toxic|p1a: Gyarados\n|-status|p1a: Gyarados|tox\n|\n|-damage|p1a: Gyarados|94\/100 tox|[from] psn\n|upkeep\n|turn|3\n|\n|t:|1699678178\n|switch|p2a: Slowbro|Slowbro, F|100\/100\n|move|p1a: Gyarados|Dragon Dance|p1a: Gyarados\n|-boost|p1a: Gyarados|atk|1\n|-boost|p1a: Gyarados|spe|1\n|\n|-damage|p1a: Gyarados|82\/100 tox|[from] psn\n|upkeep\n|turn|4\n|\n|t:|1699678190\n|detailschange|p1a: Gyarados|Gyarados-Mega, F, shiny\n|-mega|p1a: Gyarados|Gyarados|Gyaradosite\n|-ability|p1a: Gyarados|Mold Breaker\n|move|p1a: Gyarados|Crunch|p2a: Slowbro\n|-supereffective|p2a: Slowbro\n|-damage|p2a: Slowbro|10\/100\n|-damage|p1a: Gyarados|66\/100 tox|[from] item: Rocky Helmet|[of] p2a: Slowbro\n|move|p2a: Slowbro|Teleport|p2a: Slowbro\n|\n|t:|1699678200\n|switch|p2a: Meowscarada|Meowscarada, F|100\/100|[from] Teleport\n|\n|-damage|p1a: Gyarados|48\/100 tox|[from] psn\n|upkeep\n|turn|5\n|\n|t:|1699678212\n|move|p1a: Gyarados|Waterfall|p2a: Meowscarada\n|-resisted|p2a: Meowscarada\n|-damage|p2a: Meowscarada|44\/100\n|move|p2a: Meowscarada|U-turn|p1a: Gyarados\n|-start|p2a: Meowscarada|typechange|Bug|[from] ability: Protean\n|-supereffective|p1a: Gyarados\n|-damage|p1a: Gyarados|0 fnt\n|faint|p1a: Gyarados\n|\n|t:|1699678233\n|switch|p2a: Slowbro|Slowbro, F|43\/100|[from] U-turn\n|\n|upkeep\n|\n|t:|1699678246\n|switch|p1a: Reuniclus|Reuniclus, F, shiny|100\/100\n|turn|6\n|\n|t:|1699678254\n|switch|p2a: Tyranitar|Tyranitar, F|100\/100\n|-weather|Sandstorm|[from] ability: Sand Stream|[of] p2a: Tyranitar\n|move|p1a: Reuniclus|Calm Mind|p1a: Reuniclus\n|-boost|p1a: Reuniclus|spa|1\n|-boost|p1a: Reuniclus|spd|1\n|\n|-weather|Sandstorm|[upkeep]\n|upkeep\n|turn|7\n|\n|t:|1699678265\n|switch|p1a: Klefki|Klefki, M|100\/100\n|move|p2a: Tyranitar|Thunder Wave|p1a: Klefki\n|-status|p1a: Klefki|par\n|\n|-weather|Sandstorm|[upkeep]\n|upkeep\n|turn|8\n|\n|t:|1699678270\n|switch|p2a: Gliscor|Gliscor, F|100\/100 tox\n|move|p1a: Klefki|Reflect|p1a: Klefki\n|-sidestart|p1: OilBarrell|Reflect\n|\n|-weather|Sandstorm|[upkeep]\n|upkeep\n|turn|9\n|\n|t:|1699678277\n|move|p1a: Klefki|Light Screen|p1a: Klefki\n|-sidestart|p1: OilBarrell|move: Light Screen\n|move|p2a: Gliscor|Earthquake|p1a: Klefki\n|-supereffective|p1a: Klefki\n|-damage|p1a: Klefki|67\/100 par\n|\n|-weather|Sandstorm|[upkeep]\n|upkeep\n|turn|10\n|\n|t:|1699678284\n|cant|p1a: Klefki|par\n|move|p2a: Gliscor|Defog|p1a: Klefki\n|-unboost|p1a: Klefki|evasion|1\n|-sideend|p1: OilBarrell|Reflect\n|-sideend|p1: OilBarrell|move: Light Screen\n|\n|-weather|Sandstorm|[upkeep]\n|upkeep\n|turn|11\n|\n|t:|1699678287\n|move|p1a: Klefki|Magnet Rise|p1a: Klefki\n|-start|p1a: Klefki|Magnet Rise\n|move|p2a: Gliscor|Earthquake|p1a: Klefki\n|-immune|p1a: Klefki\n|\n|-weather|Sandstorm|[upkeep]\n|upkeep\n|turn|12\n|\n|t:|1699678302\n|switch|p2a: Excadrill|Excadrill, M|100\/100\n|move|p1a: Klefki|Reflect|p1a: Klefki\n|-sidestart|p1: OilBarrell|Reflect\n|\n|-weather|Sandstorm|[upkeep]\n|upkeep\n|turn|13\n|\n|t:|1699678312\n|move|p1a: Klefki|Light Screen|p1a: Klefki\n|-sidestart|p1: OilBarrell|move: Light Screen\n|move|p2a: Excadrill|Iron Head|p1a: Klefki\n|-damage|p1a: Klefki|35\/100 par\n|\n|-weather|none\n|upkeep\n|turn|14\n|\n|t:|1699678318\n|switch|p1a: Oricorio|Oricorio, F|100\/100\n|move|p2a: Excadrill|Iron Head|p1a: Oricorio\n|-resisted|p1a: Oricorio\n|-damage|p1a: Oricorio|73\/100\n|\n|upkeep\n|turn|15\n|\n|t:|1699678329\n|switch|p2a: Heatran|Heatran, M|100\/100\n|move|p1a: Oricorio|Quiver Dance|p1a: Oricorio\n|-boost|p1a: Oricorio|spa|1\n|-boost|p1a: Oricorio|spd|1\n|-boost|p1a: Oricorio|spe|1\n|\n|upkeep\n|turn|16\n|\n|t:|1699678336\n|switch|p2a: Tyranitar|Tyranitar, F|100\/100\n|-weather|Sandstorm|[from] ability: Sand Stream|[of] p2a: Tyranitar\n|move|p1a: Oricorio|Swords Dance|p1a: Oricorio\n|-boost|p1a: Oricorio|atk|2\n|\n|-weather|Sandstorm|[upkeep]\n|-damage|p1a: Oricorio|66\/100|[from] Sandstorm\n|upkeep\n|turn|17\n|inactive|xsk123 has 120 seconds left.\n|\n|t:|1699678388\n|move|p1a: Oricorio|Dual Wingbeat|p2a: Tyranitar\n|-resisted|p2a: Tyranitar\n|-damage|p2a: Tyranitar|90\/100\n|-resisted|p2a: Tyranitar\n|-damage|p2a: Tyranitar|80\/100\n|-hitcount|p2a: Tyranitar|2\n|move|p2a: Tyranitar|Rock Slide|p1a: Oricorio\n|-supereffective|p1a: Oricorio\n|-damage|p1a: Oricorio|0 fnt\n|faint|p1a: Oricorio\n|\n|-weather|Sandstorm|[upkeep]\n|upkeep\n|\n|t:|1699678403\n|switch|p1a: Lycanroc|Lycanroc-Dusk, M|100\/100\n|turn|18\n|\n|t:|1699678411\n|switch|p2a: Gliscor|Gliscor, F|100\/100 tox\n|move|p1a: Lycanroc|Close Combat|p2a: Gliscor\n|-resisted|p2a: Gliscor\n|-damage|p2a: Gliscor|65\/100 tox\n|-unboost|p1a: Lycanroc|def|1\n|-unboost|p1a: Lycanroc|spd|1\n|\n|-weather|Sandstorm|[upkeep]\n|-heal|p2a: Gliscor|77\/100 tox|[from] ability: Poison Heal\n|upkeep\n|turn|19\n|inactive|OilBarrell has 120 seconds left.\n|inactive|OilBarrell has 90 seconds left.\n|\n|t:|1699678489\n|switch|p1a: Klefki|Klefki, M|35\/100 par\n|move|p2a: Gliscor|Toxic||[still]\n|-fail|p2a: Gliscor\n|\n|-weather|Sandstorm|[upkeep]\n|-heal|p2a: Gliscor|90\/100 tox|[from] ability: Poison Heal\n|-sideend|p1: OilBarrell|Reflect\n|upkeep\n|turn|20\n|\n|t:|1699678498\n|move|p1a: Klefki|Magnet Rise|p1a: Klefki\n|-start|p1a: Klefki|Magnet Rise\n|move|p2a: Gliscor|Earthquake|p1a: Klefki\n|-immune|p1a: Klefki\n|\n|-weather|Sandstorm|[upkeep]\n|-heal|p2a: Gliscor|100\/100 tox|[from] ability: Poison Heal\n|-sideend|p1: OilBarrell|move: Light Screen\n|upkeep\n|turn|21\n|\n|t:|1699678519\n|move|p1a: Klefki|Reflect|p1a: Klefki\n|-sidestart|p1: OilBarrell|Reflect\n|move|p2a: Gliscor|Defog|p1a: Klefki\n|-unboost|p1a: Klefki|evasion|1\n|-sideend|p1: OilBarrell|Reflect\n|\n|-weather|Sandstorm|[upkeep]\n|upkeep\n|turn|22\n|inactive|xsk123 has 120 seconds left.\n|\n|t:|1699678525\n|move|p1a: Klefki|Light Screen|p1a: Klefki\n|-sidestart|p1: OilBarrell|move: Light Screen\n|move|p2a: Gliscor|Defog|p1a: Klefki\n|-unboost|p1a: Klefki|evasion|1\n|-sideend|p1: OilBarrell|move: Light Screen\n|\n|-weather|Sandstorm|[upkeep]\n|upkeep\n|turn|23\n|\n|t:|1699678534\n|switch|p1a: Enamorus|Enamorus, F|100\/100\n|move|p2a: Gliscor|Defog|p1a: Enamorus\n|-boost|p1a: Enamorus|evasion|1\n|\n|-weather|none\n|upkeep\n|turn|24\n|inactive|OilBarrell has 90 seconds left.\n|inactive|xsk123 has 120 seconds left.\n|\n|t:|1699678556\n|move|p1a: Enamorus|Superpower|p2a: Gliscor\n|-resisted|p2a: Gliscor\n|-crit|p2a: Gliscor\n|-damage|p2a: Gliscor|83\/100 tox\n|-boost|p1a: Enamorus|atk|1\n|-boost|p1a: Enamorus|def|1\n|move|p2a: Gliscor|Toxic|p1a: Enamorus|[miss]\n|-miss|p2a: Gliscor|p1a: Enamorus\n|\n|-heal|p2a: Gliscor|96\/100 tox|[from] ability: Poison Heal\n|upkeep\n|turn|25\n|inactive|xsk123 has 120 seconds left.\n|inactive|OilBarrell has 90 seconds left.\n|\n|t:|1699678587\n|move|p1a: Enamorus|Superpower|p2a: Gliscor\n|-resisted|p2a: Gliscor\n|-damage|p2a: Gliscor|78\/100 tox\n|-boost|p1a: Enamorus|atk|1\n|-boost|p1a: Enamorus|def|1\n|move|p2a: Gliscor|Toxic|p1a: Enamorus\n|-status|p1a: Enamorus|tox\n|\n|-damage|p1a: Enamorus|94\/100 tox|[from] psn\n|-heal|p2a: Gliscor|91\/100 tox|[from] ability: Poison Heal\n|upkeep\n|turn|26\n|\n|t:|1699678593\n|move|p2a: Gliscor|Protect|p2a: Gliscor\n|-singleturn|p2a: Gliscor|Protect\n|move|p1a: Enamorus|Superpower|p2a: Gliscor\n|-activate|p2a: Gliscor|move: Protect\n|\n|-damage|p1a: Enamorus|82\/100 tox|[from] psn\n|-heal|p2a: Gliscor|100\/100 tox|[from] ability: Poison Heal\n|upkeep\n|turn|27\n|inactive|OilBarrell has 60 seconds left.\n|\n|t:|1699678630\n|switch|p2a: Slowbro|Slowbro, F|77\/100\n|move|p1a: Enamorus|Superpower|p2a: Slowbro\n|-resisted|p2a: Slowbro\n|-damage|p2a: Slowbro|57\/100\n|-boost|p1a: Enamorus|atk|1\n|-boost|p1a: Enamorus|def|1\n|-damage|p1a: Enamorus|65\/100 tox|[from] item: Rocky Helmet|[of] p2a: Slowbro\n|\n|-damage|p1a: Enamorus|47\/100 tox|[from] psn\n|upkeep\n|turn|28\n|inactive|OilBarrell has 60 seconds left.\n|\n|t:|1699678639\n|switch|p1a: Klefki|Klefki, M|35\/100 par\n|move|p2a: Slowbro|Teleport|p2a: Slowbro\n|\n|t:|1699678642\n|switch|p2a: Gliscor|Gliscor, F|100\/100 tox|[from] Teleport\n|\n|upkeep\n|turn|29\n|\n|t:|1699678650\n|move|p1a: Klefki|Light Screen|p1a: Klefki\n|-sidestart|p1: OilBarrell|move: Light Screen\n|move|p2a: Gliscor|Earthquake|p1a: Klefki\n|-supereffective|p1a: Klefki\n|-damage|p1a: Klefki|0 fnt\n|faint|p1a: Klefki\n|\n|upkeep\n|\n|t:|1699678659\n|switch|p1a: Reuniclus|Reuniclus, F, shiny|100\/100\n|turn|30\n|\n|t:|1699678666\n|switch|p2a: Tyranitar|Tyranitar, F|80\/100\n|-weather|Sandstorm|[from] ability: Sand Stream|[of] p2a: Tyranitar\n|move|p1a: Reuniclus|Acid Armor|p1a: Reuniclus\n|-boost|p1a: Reuniclus|def|2\n|\n|-weather|Sandstorm|[upkeep]\n|upkeep\n|turn|31\n|inactive|OilBarrell has 90 seconds left.\n|\n|t:|1699678678\n|move|p2a: Tyranitar|Thunder Wave|p1a: Reuniclus\n|-status|p1a: Reuniclus|par\n|move|p1a: Reuniclus|Calm Mind|p1a: Reuniclus\n|-boost|p1a: Reuniclus|spa|1\n|-boost|p1a: Reuniclus|spd|1\n|\n|-weather|Sandstorm|[upkeep]\n|upkeep\n|turn|32\n|\n|t:|1699678686\n|move|p2a: Tyranitar|Knock Off|p1a: Reuniclus\n|-supereffective|p1a: Reuniclus\n|-damage|p1a: Reuniclus|53\/100 par\n|-enditem|p1a: Reuniclus|Leftovers|[from] move: Knock Off|[of] p2a: Tyranitar\n|move|p1a: Reuniclus|Calm Mind|p1a: Reuniclus\n|-boost|p1a: Reuniclus|spa|1\n|-boost|p1a: Reuniclus|spd|1\n|\n|-weather|Sandstorm|[upkeep]\n|upkeep\n|turn|33\n|\n|t:|1699678700\n|-terastallize|p1a: Reuniclus|Bug\n|move|p2a: Tyranitar|Knock Off|p1a: Reuniclus\n|-damage|p1a: Reuniclus|38\/100 par\n|cant|p1a: Reuniclus|par\n|\n|-weather|Sandstorm|[upkeep]\n|upkeep\n|turn|34\n|\n|t:|1699678707\n|move|p2a: Tyranitar|Rock Slide|p1a: Reuniclus\n|-supereffective|p1a: Reuniclus\n|-damage|p1a: Reuniclus|2\/100 par\n|cant|p1a: Reuniclus|par\n|\n|-weather|Sandstorm|[upkeep]\n|upkeep\n|turn|35\n|\n|t:|1699678713\n|move|p2a: Tyranitar|Knock Off|p1a: Reuniclus\n|-damage|p1a: Reuniclus|0 fnt\n|faint|p1a: Reuniclus\n|\n|-weather|Sandstorm|[upkeep]\n|upkeep\n|\n|t:|1699678717\n|switch|p1a: Lycanroc|Lycanroc-Dusk, M|100\/100\n|turn|36\n|\n|t:|1699678725\n|switch|p2a: Slowbro|Slowbro, F|91\/100\n|move|p1a: Lycanroc|Close Combat|p2a: Slowbro\n|-resisted|p2a: Slowbro\n|-damage|p2a: Slowbro|67\/100\n|-unboost|p1a: Lycanroc|def|1\n|-unboost|p1a: Lycanroc|spd|1\n|-damage|p1a: Lycanroc|84\/100|[from] item: Rocky Helmet|[of] p2a: Slowbro\n|\n|-weather|Sandstorm|[upkeep]\n|-damage|p2a: Slowbro|61\/100|[from] Sandstorm\n|-sideend|p1: OilBarrell|move: Light Screen\n|upkeep\n|turn|37\n|\n|t:|1699678730\n|switch|p1a: Enamorus|Enamorus, F|47\/100 tox\n|move|p2a: Slowbro|Teleport|p2a: Slowbro\n|\n|t:|1699678735\n|switch|p2a: Excadrill|Excadrill, M|100\/100|[from] Teleport\n|\n|-weather|none\n|-damage|p1a: Enamorus|40\/100 tox|[from] psn\n|upkeep\n|turn|38\n|\n|t:|1699678751\n|switch|p2a: Slowbro|Slowbro, F|94\/100\n|move|p1a: Enamorus|Facade|p2a: Slowbro\n|-damage|p2a: Slowbro|74\/100\n|-damage|p1a: Enamorus|24\/100 tox|[from] item: Rocky Helmet|[of] p2a: Slowbro\n|\n|-damage|p1a: Enamorus|11\/100 tox|[from] psn\n|upkeep\n|turn|39\n|\n|t:|1699678759\n|switch|p1a: Lycanroc|Lycanroc-Dusk, M|84\/100\n|move|p2a: Slowbro|Teleport|p2a: Slowbro\n|\n|t:|1699678764\n|switch|p2a: Tyranitar|Tyranitar, F|80\/100|[from] Teleport\n|-weather|Sandstorm|[from] ability: Sand Stream|[of] p2a: Tyranitar\n|\n|-weather|Sandstorm|[upkeep]\n|upkeep\n|turn|40\n|\n|t:|1699678770\n|switch|p2a: Slowbro|Slowbro, F|100\/100\n|move|p1a: Lycanroc|Close Combat|p2a: Slowbro\n|-resisted|p2a: Slowbro\n|-damage|p2a: Slowbro|76\/100\n|-unboost|p1a: Lycanroc|def|1\n|-unboost|p1a: Lycanroc|spd|1\n|-damage|p1a: Lycanroc|68\/100|[from] item: Rocky Helmet|[of] p2a: Slowbro\n|\n|-weather|Sandstorm|[upkeep]\n|-damage|p2a: Slowbro|70\/100|[from] Sandstorm\n|upkeep\n|turn|41\n|\n|t:|1699678776\n|move|p1a: Lycanroc|Close Combat|p2a: Slowbro\n|-resisted|p2a: Slowbro\n|-damage|p2a: Slowbro|46\/100\n|-unboost|p1a: Lycanroc|def|1\n|-unboost|p1a: Lycanroc|spd|1\n|-damage|p1a: Lycanroc|51\/100|[from] item: Rocky Helmet|[of] p2a: Slowbro\n|move|p2a: Slowbro|Teleport|p2a: Slowbro\n|\n|t:|1699678779\n|switch|p2a: Excadrill|Excadrill, M|100\/100|[from] Teleport\n|\n|-weather|Sandstorm|[upkeep]\n|upkeep\n|turn|42\n|inactive|OilBarrell has 120 seconds left.\n|\n|t:|1699678813\n|move|p2a: Excadrill|Iron Head|p1a: Lycanroc\n|-supereffective|p1a: Lycanroc\n|-damage|p1a: Lycanroc|0 fnt\n|faint|p1a: Lycanroc\n|\n|-weather|Sandstorm|[upkeep]\n|upkeep\n|\n|t:|1699678815\n|switch|p1a: Enamorus|Enamorus, F|11\/100 tox\n|turn|43\n|\n|t:|1699678820\n|move|p2a: Excadrill|Iron Head|p1a: Enamorus\n|-supereffective|p1a: Enamorus\n|-damage|p1a: Enamorus|0 fnt\n|faint|p1a: Enamorus\n|\n|win|xsk123\n|raw|OilBarrell's rating: 1419 &rarr; <strong>1402<\/strong><br \/>(-17 for losing)\n|raw|xsk123's rating: 1464 &rarr; <strong>1481<\/strong><br \/>(+17 for winning)\n|l|\u2606OilBarrell\n","uploadtime":1699678826,"views":8,"p1id":"oilbarrell","p2id":"xsk123","formatid":"gen9nationaldex","rating":1402,"private":0,"password":""}