{"id":"gen9nationaldex-1995257380","p1":"FlyingSudowoodo","p2":"nice ct","format":"[Gen 9] National Dex","log":"|html|<div class=\"broadcast-blue\"><strong>[Gen 9] National Dex is currently suspecting Sneasler! For information on how to participate check out the <a href=\"https:\/\/www.smogon.com\/forums\/threads\/sv-national-dex-suspect-8-just-dance.3731534\/\">suspect thread<\/a>.<\/strong><\/div>\n|j|\u2606FlyingSudowoodo\n|j|\u2606nice ct\n|t:|1700542264\n|gametype|singles\n|player|p1|FlyingSudowoodo|brock|1439\n|player|p2|nice ct|dawn|1493\n|teamsize|p1|6\n|teamsize|p2|6\n|gen|9\n|tier|[Gen 9] National Dex\n|rated|\n|rule|HP Percentage Mod: HP is shown in percentages\n|rule|Endless Battle Clause: Forcing endless battles is banned\n|rule|OHKO Clause: OHKO moves are banned\n|rule|Evasion Clause: Evasion abilities, items, and moves are banned\n|rule|Evasion Abilities Clause: Evasion abilities are banned\n|rule|Evasion Items Clause: Evasion items are banned\n|rule|Evasion Moves Clause: Evasion moves are banned\n|rule|Species Clause: Limit one of each Pok\u00e9mon\n|rule|Sleep Clause Mod: Limit one foe put to sleep\n|clearpoke\n|poke|p1|Medicham, F|\n|poke|p1|Alomomola, M|\n|poke|p1|Clodsire, F|\n|poke|p1|Glimmora, F|\n|poke|p1|Tapu Lele|\n|poke|p1|Hawlucha, F|\n|poke|p2|Tapu Lele|\n|poke|p2|Diancie|\n|poke|p2|Great Tusk|\n|poke|p2|Cresselia, F|\n|poke|p2|Alomomola, M|\n|poke|p2|Sneasler, M|\n|teampreview\n|inactive|Battle timer is ON: inactive players will automatically lose when time's up. (requested by nice ct)\n|\n|t:|1700542279\n|start\n|switch|p1a: Glimmora|Glimmora, F|100\/100\n|switch|p2a: Diancie|Diancie|100\/100\n|-item|p1a: Glimmora|Air Balloon\n|turn|1\n|\n|t:|1700542287\n|detailschange|p2a: Diancie|Diancie-Mega\n|-mega|p2a: Diancie|Diancie|Diancite\n|move|p2a: Diancie|Diamond Storm|p1a: Glimmora\n|-damage|p1a: Glimmora|32\/100\n|-boost|p2a: Diancie|def|2\n|-activate|p1a: Glimmora|ability: Toxic Debris\n|-sidestart|p2: nice ct|move: Toxic Spikes\n|-enditem|p1a: Glimmora|Air Balloon\n|move|p1a: Glimmora|Flash Cannon|p2a: Diancie\n|-supereffective|p2a: Diancie\n|-damage|p2a: Diancie|0 fnt\n|faint|p2a: Diancie\n|\n|upkeep\n|\n|t:|1700542292\n|switch|p2a: Cresselia|Cresselia, F, shiny|100\/100\n|turn|2\n|\n|t:|1700542302\n|-terastallize|p2a: Cresselia|Poison\n|move|p1a: Glimmora|Mortal Spin|p2a: Cresselia\n|-resisted|p2a: Cresselia\n|-crit|p2a: Cresselia\n|-damage|p2a: Cresselia|97\/100\n|move|p2a: Cresselia|Calm Mind|p2a: Cresselia\n|-boost|p2a: Cresselia|spa|1\n|-boost|p2a: Cresselia|spd|1\n|\n|-heal|p2a: Cresselia|100\/100|[from] item: Leftovers\n|upkeep\n|turn|3\n|\n|t:|1700542311\n|switch|p1a: Alomomola|Alomomola, M|100\/100\n|move|p2a: Cresselia|Calm Mind|p2a: Cresselia\n|-boost|p2a: Cresselia|spa|1\n|-boost|p2a: Cresselia|spd|1\n|\n|upkeep\n|turn|4\n|\n|t:|1700542317\n|move|p2a: Cresselia|Substitute|p2a: Cresselia\n|-start|p2a: Cresselia|Substitute\n|-damage|p2a: Cresselia|76\/100\n|move|p1a: Alomomola|Flip Turn|p2a: Cresselia\n|-activate|p2a: Cresselia|move: Substitute|[damage]\n|\n|t:|1700542327\n|switch|p1a: Tapu Lele|Tapu Lele|100\/100|[from] Flip Turn\n|-fieldstart|move: Psychic Terrain|[from] ability: Psychic Surge|[of] p1a: Tapu Lele\n|\n|-heal|p2a: Cresselia|82\/100|[from] item: Leftovers\n|upkeep\n|turn|5\n|\n|t:|1700542334\n|move|p1a: Tapu Lele|Psychic|p2a: Cresselia\n|-supereffective|p2a: Cresselia\n|-end|p2a: Cresselia|Substitute\n|move|p2a: Cresselia|Calm Mind|p2a: Cresselia\n|-boost|p2a: Cresselia|spa|1\n|-boost|p2a: Cresselia|spd|1\n|\n|-heal|p2a: Cresselia|88\/100|[from] item: Leftovers\n|upkeep\n|turn|6\n|\n|t:|1700542344\n|-terastallize|p1a: Tapu Lele|Psychic\n|move|p1a: Tapu Lele|Psychic|p2a: Cresselia\n|-supereffective|p2a: Cresselia\n|-crit|p2a: Cresselia\n|-damage|p2a: Cresselia|0 fnt\n|faint|p2a: Cresselia\n|\n|upkeep\n|\n|t:|1700542354\n|switch|p2a: Sneasler|Sneasler, M|100\/100\n|-sideend|p2: nice ct|move: Toxic Spikes|[of] p2a: Sneasler\n|-enditem|p2a: Sneasler|Psychic Seed\n|-boost|p2a: Sneasler|spd|1|[from] item: Psychic Seed\n|turn|7\n|\n|t:|1700542361\n|switch|p1a: Glimmora|Glimmora, F|32\/100\n|move|p2a: Sneasler|Acrobatics|p1a: Glimmora\n|-resisted|p1a: Glimmora\n|-damage|p1a: Glimmora|8\/100\n|-activate|p1a: Glimmora|ability: Toxic Debris\n|-sidestart|p2: nice ct|move: Toxic Spikes\n|\n|upkeep\n|turn|8\n|\n|t:|1700542368\n|move|p2a: Sneasler|Acrobatics|p1a: Glimmora\n|-resisted|p1a: Glimmora\n|-damage|p1a: Glimmora|0 fnt\n|-activate|p1a: Glimmora|ability: Toxic Debris\n|-sidestart|p2: nice ct|move: Toxic Spikes\n|faint|p1a: Glimmora\n|\n|-fieldend|move: Psychic Terrain\n|upkeep\n|\n|t:|1700542376\n|switch|p1a: Medicham|Medicham, F|100\/100\n|turn|9\n|\n|t:|1700542380\n|detailschange|p1a: Medicham|Medicham-Mega, F\n|-mega|p1a: Medicham|Medicham|Medichamite\n|move|p1a: Medicham|Fake Out|p2a: Sneasler\n|-damage|p2a: Sneasler|62\/100\n|cant|p2a: Sneasler|flinch\n|\n|upkeep\n|turn|10\n|\n|t:|1700542386\n|switch|p1a: Alomomola|Alomomola, M|100\/100\n|move|p2a: Sneasler|Acrobatics|p1a: Alomomola\n|-damage|p1a: Alomomola|74\/100\n|\n|upkeep\n|turn|11\n|\n|t:|1700542392\n|move|p2a: Sneasler|Swords Dance|p2a: Sneasler\n|-boost|p2a: Sneasler|atk|2\n|move|p1a: Alomomola|Flip Turn|p2a: Sneasler\n|-damage|p2a: Sneasler|33\/100\n|\n|t:|1700542398\n|switch|p1a: Medicham|Medicham-Mega, F|100\/100|[from] Flip Turn\n|\n|upkeep\n|turn|12\n|\n|t:|1700542402\n|move|p1a: Medicham|Fake Out|p2a: Sneasler\n|-damage|p2a: Sneasler|0 fnt\n|faint|p2a: Sneasler\n|\n|upkeep\n|-message|nice ct forfeited.\n|\n|win|FlyingSudowoodo\n|raw|FlyingSudowoodo's rating: 1439 &rarr; <strong>1462<\/strong><br \/>(+23 for winning)\n|raw|nice ct's rating: 1493 &rarr; <strong>1470<\/strong><br \/>(-23 for losing)\n|l|\u2606nice ct\n","uploadtime":1700542410,"views":1,"p1id":"flyingsudowoodo","p2id":"nicect","formatid":"gen9nationaldex","rating":1462,"private":0,"password":""}