{"id":"gen9nationaldex-1992497306","p1":"Lylak-Plus","p2":"Bronzong","format":"[Gen 9] National Dex","log":"|j|\u2606Lylak-Plus\n|j|\u2606Bronzong\n|t:|1700195181\n|gametype|singles\n|player|p1|Lylak-Plus|skyla|\n|player|p2|Bronzong|hassel|\n|teamsize|p1|6\n|teamsize|p2|6\n|gen|9\n|tier|[Gen 9] National Dex\n|rule|HP Percentage Mod: HP is shown in percentages\n|rule|Endless Battle Clause: Forcing endless battles is banned\n|rule|OHKO Clause: OHKO moves are banned\n|rule|Evasion Clause: Evasion abilities, items, and moves are banned\n|rule|Evasion Abilities Clause: Evasion abilities are banned\n|rule|Evasion Items Clause: Evasion items are banned\n|rule|Evasion Moves Clause: Evasion moves are banned\n|rule|Species Clause: Limit one of each Pok\u00e9mon\n|rule|Sleep Clause Mod: Limit one foe put to sleep\n|clearpoke\n|poke|p1|Weavile, M|\n|poke|p1|Kleavor, M|\n|poke|p1|Qwilfish-Hisui, M|\n|poke|p1|Hatterene, F|\n|poke|p1|Typhlosion-Hisui, M|\n|poke|p1|Altaria, F|\n|poke|p2|Arcanine-Hisui, F|\n|poke|p2|Corviknight, M|\n|poke|p2|Noivern, F|\n|poke|p2|Suicune|\n|poke|p2|Dachsbun, F|\n|poke|p2|Spidops, M|\n|teampreview\n|inactive|Battle timer is ON: inactive players will automatically lose when time's up. (requested by Bronzong)\n|c|\u2606Bronzong|Tera Steel still\n|inactiveoff|Battle timer is now OFF.\n|\n|t:|1700195258\n|start\n|switch|p1a: Weavile|Weavile, M|100\/100\n|switch|p2a: Suicune|Suicune|100\/100\n|-ability|p1a: Weavile|Pressure\n|-ability|p2a: Suicune|Pressure\n|turn|1\n|\n|t:|1700195282\n|switch|p1a: Ultima|Hatterene, F|100\/100\n|move|p2a: Suicune|Iron Head|p1a: Ultima\n|-supereffective|p1a: Ultima\n|-crit|p1a: Ultima\n|-damage|p1a: Ultima|48\/100\n|\n|-heal|p1a: Ultima|53\/100|[from] item: Leftovers\n|upkeep\n|turn|2\n|\n|t:|1700195320\n|switch|p1a: Qwilfish|Qwilfish-Hisui, M|100\/100\n|-ability|p1a: Qwilfish|Intimidate|boost\n|-unboost|p2a: Suicune|atk|1\n|move|p2a: Suicune|Iron Head|p1a: Qwilfish\n|-damage|p1a: Qwilfish|93\/100\n|\n|upkeep\n|turn|3\n|\n|t:|1700195352\n|switch|p2a: Corviknight|Corviknight, M|100\/100\n|move|p1a: Qwilfish|Toxic Spikes|p2a: Corviknight\n|-sidestart|p2: Bronzong|move: Toxic Spikes\n|\n|upkeep\n|turn|4\n|\n|t:|1700195359\n|move|p1a: Qwilfish|Taunt|p2a: Corviknight\n|-start|p2a: Corviknight|move: Taunt\n|move|p2a: Corviknight|Brave Bird|p1a: Qwilfish\n|-damage|p1a: Qwilfish|63\/100\n|-damage|p2a: Corviknight|92\/100|[from] Recoil\n|\n|-heal|p2a: Corviknight|98\/100|[from] item: Leftovers\n|upkeep\n|turn|5\n|\n|t:|1700195379\n|move|p1a: Qwilfish|Spikes|p2a: Corviknight\n|-sidestart|p2: Bronzong|Spikes\n|move|p2a: Corviknight|Iron Head|p1a: Qwilfish\n|-damage|p1a: Qwilfish|45\/100\n|\n|-heal|p2a: Corviknight|100\/100|[from] item: Leftovers\n|upkeep\n|turn|6\n|\n|t:|1700195385\n|move|p1a: Qwilfish|Spikes|p2a: Corviknight\n|-sidestart|p2: Bronzong|Spikes\n|move|p2a: Corviknight|Brave Bird|p1a: Qwilfish\n|-damage|p1a: Qwilfish|14\/100\n|-damage|p2a: Corviknight|92\/100|[from] Recoil\n|\n|-heal|p2a: Corviknight|98\/100|[from] item: Leftovers\n|-end|p2a: Corviknight|move: Taunt\n|upkeep\n|turn|7\n|\n|t:|1700195396\n|move|p1a: Qwilfish|Taunt|p2a: Corviknight\n|-start|p2a: Corviknight|move: Taunt\n|cant|p2a: Corviknight|move: Taunt|Defog\n|\n|-heal|p2a: Corviknight|100\/100|[from] item: Leftovers\n|upkeep\n|turn|8\n|\n|t:|1700195408\n|move|p1a: Qwilfish|Toxic Spikes|p2a: Corviknight\n|-sidestart|p2: Bronzong|move: Toxic Spikes\n|move|p2a: Corviknight|Brave Bird|p1a: Qwilfish\n|-damage|p1a: Qwilfish|0 fnt\n|faint|p1a: Qwilfish\n|-damage|p2a: Corviknight|97\/100|[from] Recoil\n|\n|-heal|p2a: Corviknight|100\/100|[from] item: Leftovers\n|upkeep\n|\n|t:|1700195411\n|switch|p1a: Typhlosion|Typhlosion-Hisui, M|100\/100\n|-item|p2a: Corviknight|Leftovers|[from] ability: Frisk|[of] p1a: Typhlosion|[identify]\n|turn|9\n|\n|t:|1700195459\n|switch|p1a: Kleavor|Kleavor, M|100\/100\n|switch|p2a: Noivern|Noivern, F|100\/100\n|\n|upkeep\n|turn|10\n|\n|t:|1700195473\n|switch|p2a: Corviknight|Corviknight, M|100\/100\n|move|p1a: Kleavor|Stone Axe|p2a: Corviknight\n|-crit|p2a: Corviknight\n|-damage|p2a: Corviknight|34\/100\n|-sidestart|p2: Bronzong|move: Stealth Rock\n|\n|-heal|p2a: Corviknight|40\/100|[from] item: Leftovers\n|upkeep\n|turn|11\n|\n|t:|1700195483\n|move|p1a: Kleavor|Stone Axe|p2a: Corviknight\n|-damage|p2a: Corviknight|0 fnt\n|faint|p2a: Corviknight\n|\n|upkeep\n|\n|t:|1700195494\n|switch|p2a: Arcanine|Arcanine-Hisui, F|100\/100\n|-status|p2a: Arcanine|tox\n|-damage|p2a: Arcanine|84\/100 tox|[from] Spikes\n|-damage|p2a: Arcanine|59\/100 tox|[from] Stealth Rock\n|turn|12\n|\n|t:|1700195501\n|switch|p1a: Typhlosion|Typhlosion-Hisui, M|100\/100\n|-item|p2a: Arcanine|Choice Scarf|[from] ability: Frisk|[of] p1a: Typhlosion|[identify]\n|move|p2a: Arcanine|Head Smash|p1a: Typhlosion\n|-supereffective|p1a: Typhlosion\n|-damage|p1a: Typhlosion|0 fnt\n|faint|p1a: Typhlosion\n|\n|-damage|p2a: Arcanine|53\/100 tox|[from] psn\n|upkeep\n|\n|t:|1700195513\n|switch|p1a: Altaria|Altaria, F|100\/100\n|turn|13\n|\n|t:|1700195524\n|-terastallize|p1a: Altaria|Fairy\n|move|p2a: Arcanine|Head Smash|p1a: Altaria\n|-damage|p1a: Altaria|26\/100\n|move|p1a: Altaria|Cotton Guard|p1a: Altaria\n|-boost|p1a: Altaria|def|3\n|\n|-heal|p1a: Altaria|33\/100|[from] item: Leftovers\n|-damage|p2a: Arcanine|41\/100 tox|[from] psn\n|upkeep\n|turn|14\n|\n|t:|1700195539\n|move|p2a: Arcanine|Head Smash|p1a: Altaria\n|-damage|p1a: Altaria|3\/100\n|move|p1a: Altaria|Roost|p1a: Altaria\n|-heal|p1a: Altaria|53\/100\n|\n|-heal|p1a: Altaria|59\/100|[from] item: Leftovers\n|-damage|p2a: Arcanine|23\/100 tox|[from] psn\n|upkeep\n|turn|15\n|\n|t:|1700195549\n|switch|p2a: Noivern|Noivern, F|100\/100\n|move|p1a: Altaria|Roost|p1a: Altaria\n|-heal|p1a: Altaria|100\/100\n|\n|upkeep\n|turn|16\n|\n|t:|1700195582\n|switch|p2a: Spidops|Spidops, M|100\/100\n|-status|p2a: Spidops|tox\n|-damage|p2a: Spidops|84\/100 tox|[from] Spikes\n|-damage|p2a: Spidops|59\/100 tox|[from] Stealth Rock\n|move|p1a: Altaria|Ice Beam|p2a: Spidops\n|-damage|p2a: Spidops|39\/100 tox\n|\n|-damage|p2a: Spidops|33\/100 tox|[from] psn\n|upkeep\n|turn|17\n|\n|t:|1700195598\n|move|p2a: Spidops|First Impression|p1a: Altaria\n|-resisted|p1a: Altaria\n|-damage|p1a: Altaria|90\/100\n|move|p1a: Altaria|Flamethrower|p2a: Spidops\n|-supereffective|p2a: Spidops\n|-damage|p2a: Spidops|0 fnt\n|faint|p2a: Spidops\n|\n|-heal|p1a: Altaria|96\/100|[from] item: Leftovers\n|upkeep\n|\n|t:|1700195619\n|switch|p2a: Noivern|Noivern, F|100\/100\n|turn|18\n|\n|t:|1700195622\n|move|p2a: Noivern|Boomburst|p1a: Altaria\n|-damage|p1a: Altaria|65\/100\n|move|p1a: Altaria|Ice Beam|p2a: Noivern\n|-supereffective|p2a: Noivern\n|-damage|p2a: Noivern|17\/100\n|\n|-heal|p1a: Altaria|71\/100|[from] item: Leftovers\n|upkeep\n|turn|19\n|\n|t:|1700195634\n|move|p2a: Noivern|Boomburst|p1a: Altaria\n|-damage|p1a: Altaria|42\/100\n|move|p1a: Altaria|Roost|p1a: Altaria\n|-heal|p1a: Altaria|93\/100\n|\n|-heal|p1a: Altaria|99\/100|[from] item: Leftovers\n|upkeep\n|turn|20\n|\n|t:|1700195641\n|move|p2a: Noivern|Boomburst|p1a: Altaria\n|-damage|p1a: Altaria|68\/100\n|move|p1a: Altaria|Ice Beam|p2a: Noivern\n|-supereffective|p2a: Noivern\n|-crit|p2a: Noivern\n|-damage|p2a: Noivern|0 fnt\n|faint|p2a: Noivern\n|\n|-heal|p1a: Altaria|74\/100|[from] item: Leftovers\n|upkeep\n|c|\u2606Bronzong|dang gg probs\n|\n|t:|1700195653\n|switch|p2a: Arcanine|Arcanine-Hisui, F|23\/100 tox\n|-damage|p2a: Arcanine|6\/100 tox|[from] Spikes\n|-damage|p2a: Arcanine|0 fnt|[from] Stealth Rock\n|faint|p2a: Arcanine\n|\n|t:|1700195658\n|switch|p2a: Suicune|Suicune|100\/100\n|-status|p2a: Suicune|tox\n|-damage|p2a: Suicune|84\/100 tox|[from] Spikes\n|-damage|p2a: Suicune|72\/100 tox|[from] Stealth Rock\n|-ability|p2a: Suicune|Pressure\n|turn|21\n|\n|t:|1700195673\n|move|p2a: Suicune|Iron Head|p1a: Altaria\n|-supereffective|p1a: Altaria\n|-damage|p1a: Altaria|56\/100\n|cant|p1a: Altaria|flinch\n|\n|-heal|p2a: Suicune|78\/100 tox|[from] item: Leftovers\n|-heal|p1a: Altaria|63\/100|[from] item: Leftovers\n|-damage|p2a: Suicune|72\/100 tox|[from] psn\n|upkeep\n|turn|22\n|\n|t:|1700195681\n|move|p2a: Suicune|Iron Head|p1a: Altaria\n|-supereffective|p1a: Altaria\n|-damage|p1a: Altaria|45\/100\n|move|p1a: Altaria|Cotton Guard|p1a: Altaria\n|-boost|p1a: Altaria|def|3\n|\n|-heal|p2a: Suicune|78\/100 tox|[from] item: Leftovers\n|-heal|p1a: Altaria|51\/100|[from] item: Leftovers\n|-damage|p2a: Suicune|65\/100 tox|[from] psn\n|upkeep\n|turn|23\n|\n|t:|1700195689\n|move|p2a: Suicune|Iron Head|p1a: Altaria\n|-supereffective|p1a: Altaria\n|-damage|p1a: Altaria|39\/100\n|move|p1a: Altaria|Roost|p1a: Altaria\n|-heal|p1a: Altaria|89\/100\n|\n|-heal|p2a: Suicune|72\/100 tox|[from] item: Leftovers\n|-heal|p1a: Altaria|95\/100|[from] item: Leftovers\n|-damage|p2a: Suicune|53\/100 tox|[from] psn\n|upkeep\n|turn|24\n|\n|t:|1700195699\n|move|p2a: Suicune|Iron Head|p1a: Altaria\n|-supereffective|p1a: Altaria\n|-damage|p1a: Altaria|83\/100\n|move|p1a: Altaria|Ice Beam|p2a: Suicune\n|-resisted|p2a: Suicune\n|-damage|p2a: Suicune|47\/100 tox\n|\n|-heal|p2a: Suicune|53\/100 tox|[from] item: Leftovers\n|-heal|p1a: Altaria|89\/100|[from] item: Leftovers\n|-damage|p2a: Suicune|28\/100 tox|[from] psn\n|upkeep\n|turn|25\n|\n|t:|1700195710\n|move|p2a: Suicune|Iron Head|p1a: Altaria\n|-supereffective|p1a: Altaria\n|-damage|p1a: Altaria|77\/100\n|move|p1a: Altaria|Ice Beam|p2a: Suicune\n|-resisted|p2a: Suicune\n|-damage|p2a: Suicune|22\/100 tox\n|\n|-heal|p2a: Suicune|28\/100 tox|[from] item: Leftovers\n|-heal|p1a: Altaria|83\/100|[from] item: Leftovers\n|-damage|p2a: Suicune|0 fnt|[from] psn\n|faint|p2a: Suicune\n|upkeep\n|\n|t:|1700195720\n|switch|p2a: Dachsbun|Dachsbun, F|100\/100\n|-status|p2a: Dachsbun|tox\n|-damage|p2a: Dachsbun|84\/100 tox|[from] Spikes\n|-damage|p2a: Dachsbun|72\/100 tox|[from] Stealth Rock\n|turn|26\n|\n|t:|1700195730\n|-terastallize|p2a: Dachsbun|Steel\n|move|p2a: Dachsbun|Stomping Tantrum|p1a: Altaria\n|-damage|p1a: Altaria|79\/100\n|move|p1a: Altaria|Ice Beam|p2a: Dachsbun\n|-resisted|p2a: Dachsbun\n|-damage|p2a: Dachsbun|65\/100 tox\n|\n|-heal|p1a: Altaria|85\/100|[from] item: Leftovers\n|-damage|p2a: Dachsbun|59\/100 tox|[from] psn\n|upkeep\n|turn|27\n|\n|t:|1700195738\n|move|p2a: Dachsbun|Tera Blast|p1a: Altaria|[anim] Tera Blast Steel\n|-supereffective|p1a: Altaria\n|-damage|p1a: Altaria|71\/100\n|move|p1a: Altaria|Ice Beam|p2a: Dachsbun\n|-resisted|p2a: Dachsbun\n|-damage|p2a: Dachsbun|53\/100 tox\n|\n|-heal|p1a: Altaria|78\/100|[from] item: Leftovers\n|-damage|p2a: Dachsbun|41\/100 tox|[from] psn\n|upkeep\n|turn|28\n|\n|t:|1700195747\n|move|p2a: Dachsbun|Tera Blast|p1a: Altaria|[anim] Tera Blast Steel\n|-supereffective|p1a: Altaria\n|-damage|p1a: Altaria|66\/100\n|move|p1a: Altaria|Ice Beam|p2a: Dachsbun\n|-resisted|p2a: Dachsbun\n|-damage|p2a: Dachsbun|34\/100 tox\n|\n|-heal|p1a: Altaria|72\/100|[from] item: Leftovers\n|-damage|p2a: Dachsbun|16\/100 tox|[from] psn\n|upkeep\n|turn|29\n|\n|t:|1700195755\n|move|p2a: Dachsbun|Tera Blast|p1a: Altaria|[anim] Tera Blast Steel\n|-supereffective|p1a: Altaria\n|-damage|p1a: Altaria|58\/100\n|move|p1a: Altaria|Ice Beam|p2a: Dachsbun\n|-resisted|p2a: Dachsbun\n|-damage|p2a: Dachsbun|10\/100 tox\n|\n|-heal|p1a: Altaria|65\/100|[from] item: Leftovers\n|-damage|p2a: Dachsbun|0 fnt|[from] psn\n|faint|p2a: Dachsbun\n|\n|win|Lylak-Plus\n|upkeep\n","uploadtime":1700195764,"views":40,"p1id":"lylakplus","p2id":"bronzong","formatid":"gen9nationaldex","rating":0,"private":0,"password":""}