{"id":"gen9nationaldex-1998668323","p1":"GlaDos500","p2":"Yannaros","format":"[Gen 9] National Dex","log":"|html|<div class=\"broadcast-blue\"><strong>[Gen 9] National Dex is currently suspecting Sneasler! For information on how to participate check out the <a href=\"https:\/\/www.smogon.com\/forums\/threads\/sv-national-dex-suspect-8-just-dance.3731534\/\">suspect thread<\/a>.<\/strong><\/div>\n|j|\u2606GlaDos500\n|j|\u2606Yannaros\n|t:|1700969987\n|gametype|singles\n|player|p1|GlaDos500|cheren-gen5bw2|1040\n|player|p2|Yannaros|ghetsis-gen5bw|1090\n|teamsize|p1|6\n|teamsize|p2|6\n|gen|9\n|tier|[Gen 9] National Dex\n|rated|\n|rule|HP Percentage Mod: HP is shown in percentages\n|rule|Endless Battle Clause: Forcing endless battles is banned\n|rule|OHKO Clause: OHKO moves are banned\n|rule|Evasion Clause: Evasion abilities, items, and moves are banned\n|rule|Evasion Abilities Clause: Evasion abilities are banned\n|rule|Evasion Items Clause: Evasion items are banned\n|rule|Evasion Moves Clause: Evasion moves are banned\n|rule|Species Clause: Limit one of each Pok\u00e9mon\n|rule|Sleep Clause Mod: Limit one foe put to sleep\n|clearpoke\n|poke|p1|Audino, F|\n|poke|p1|Scolipede, M|\n|poke|p1|Delphox, F|\n|poke|p1|Krookodile, M|\n|poke|p1|Aegislash, M|\n|poke|p1|Ditto|\n|poke|p2|Galvantula, M|\n|poke|p2|Banette, F|\n|poke|p2|Pawmot, F|\n|poke|p2|Golurk|\n|poke|p2|Skeledirge, F|\n|poke|p2|Drifblim, M|\n|teampreview\n|c|\u2606Yannaros|uh, Delphox, cool\n|\n|t:|1700970011\n|start\n|switch|p1a: Lemonade|Delphox, F|100\/100\n|switch|p2a: Galvantula|Galvantula, M|100\/100\n|turn|1\n|\n|t:|1700970021\n|move|p1a: Lemonade|Trick|p2a: Galvantula\n|-activate|p1a: Lemonade|move: Trick|[of] p2a: Galvantula\n|-item|p2a: Galvantula|Choice Scarf|[from] move: Trick\n|-item|p1a: Lemonade|Focus Sash|[from] move: Trick\n|move|p2a: Galvantula|String Shot|p1a: Lemonade\n|-unboost|p1a: Lemonade|spe|2\n|\n|upkeep\n|turn|2\n|\n|t:|1700970037\n|move|p2a: Galvantula|String Shot|p1a: Lemonade\n|-unboost|p1a: Lemonade|spe|2\n|move|p1a: Lemonade|Skill Swap|p2a: Galvantula\n|-activate|p1a: Lemonade|move: Skill Swap|Compound Eyes|Blaze|[of] p2a: Galvantula\n|\n|upkeep\n|turn|3\n|\n|t:|1700970057\n|switch|p2a: Banette|Banette, F|100\/100\n|-item|p1a: Lemonade|Focus Sash|[from] ability: Frisk|[of] p2a: Banette|[identify]\n|move|p1a: Lemonade|Fire Blast|p2a: Banette\n|-damage|p2a: Banette|25\/100\n|\n|upkeep\n|turn|4\n|\n|t:|1700970072\n|switch|p1a: Courtesy Call|Audino, F|100\/100\n|detailschange|p2a: Banette|Banette-Mega, F\n|-mega|p2a: Banette|Banette|Banettite\n|move|p2a: Banette|Destiny Bond|p2a: Banette\n|-singlemove|p2a: Banette|Destiny Bond\n|\n|upkeep\n|turn|5\n|\n|t:|1700970083\n|move|p2a: Banette|Sucker Punch||[still]\n|-fail|p2a: Banette\n|move|p1a: Courtesy Call|Yawn|p2a: Banette\n|-start|p2a: Banette|move: Yawn|[of] p1a: Courtesy Call\n|\n|upkeep\n|turn|6\n|\n|t:|1700970098\n|switch|p2a: Pawmot|Pawmot, F|100\/100\n|move|p1a: Courtesy Call|Calm Mind|p1a: Courtesy Call\n|-boost|p1a: Courtesy Call|spa|1\n|-boost|p1a: Courtesy Call|spd|1\n|\n|upkeep\n|turn|7\n|\n|t:|1700970109\n|-terastallize|p1a: Courtesy Call|Fairy\n|move|p2a: Pawmot|Brick Break|p1a: Courtesy Call\n|-resisted|p1a: Courtesy Call\n|-damage|p1a: Courtesy Call|83\/100\n|move|p1a: Courtesy Call|Draining Kiss|p2a: Pawmot\n|-supereffective|p2a: Pawmot\n|-damage|p2a: Pawmot|23\/100\n|-heal|p1a: Courtesy Call|100\/100|[from] drain|[of] p2a: Pawmot\n|\n|upkeep\n|turn|8\n|\n|t:|1700970119\n|move|p2a: Pawmot|Wish|p2a: Pawmot\n|move|p1a: Courtesy Call|Yawn|p2a: Pawmot\n|-start|p2a: Pawmot|move: Yawn|[of] p1a: Courtesy Call\n|\n|upkeep\n|turn|9\n|\n|t:|1700970125\n|switch|p2a: Banette|Banette-Mega, F|25\/100\n|move|p1a: Courtesy Call|Calm Mind|p1a: Courtesy Call\n|-boost|p1a: Courtesy Call|spa|1\n|-boost|p1a: Courtesy Call|spd|1\n|\n|-heal|p2a: Banette|67\/100|[from] move: Wish|[wisher] Pawmot\n|upkeep\n|turn|10\n|\n|t:|1700970152\n|move|p2a: Banette|Poltergeist|p1a: Courtesy Call\n|-activate|p1a: Courtesy Call|move: Poltergeist|Leftovers\n|-damage|p1a: Courtesy Call|41\/100\n|move|p1a: Courtesy Call|Yawn|p2a: Banette\n|-start|p2a: Banette|move: Yawn|[of] p1a: Courtesy Call\n|\n|-heal|p1a: Courtesy Call|47\/100|[from] item: Leftovers\n|upkeep\n|turn|11\n|\n|t:|1700970171\n|switch|p1a: Kroko|Krookodile, M|100\/100\n|-ability|p1a: Kroko|Intimidate|boost\n|-unboost|p2a: Banette|atk|1\n|move|p2a: Banette|Poltergeist|p1a: Kroko\n|-activate|p1a: Kroko|move: Poltergeist|Leftovers\n|-resisted|p1a: Kroko\n|-damage|p1a: Kroko|80\/100\n|\n|-heal|p1a: Kroko|86\/100|[from] item: Leftovers\n|-end|p2a: Banette|move: Yawn|[silent]\n|-status|p2a: Banette|slp\n|upkeep\n|turn|12\n|\n|t:|1700970202\n|switch|p2a: Galvantula|Galvantula, M|100\/100\n|move|p1a: Kroko|Knock Off|p2a: Galvantula\n|-damage|p2a: Galvantula|12\/100\n|-enditem|p2a: Galvantula|Choice Scarf|[from] move: Knock Off|[of] p1a: Kroko\n|\n|-heal|p1a: Kroko|92\/100|[from] item: Leftovers\n|upkeep\n|turn|13\n|\n|t:|1700970224\n|move|p2a: Galvantula|String Shot|p1a: Kroko\n|-unboost|p1a: Kroko|spe|2\n|move|p1a: Kroko|Knock Off|p2a: Galvantula\n|-damage|p2a: Galvantula|0 fnt\n|faint|p2a: Galvantula\n|\n|-heal|p1a: Kroko|98\/100|[from] item: Leftovers\n|upkeep\n|\n|t:|1700970236\n|switch|p2a: Golurk|Golurk|100\/100\n|turn|14\n|\n|t:|1700970247\n|switch|p1a: Courtesy Call|Audino, F, tera:Fairy|80\/100\n|move|p2a: Golurk|Dynamic Punch|p1a: Courtesy Call\n|-resisted|p1a: Courtesy Call\n|-damage|p1a: Courtesy Call|65\/100\n|-start|p1a: Courtesy Call|confusion\n|\n|-heal|p1a: Courtesy Call|71\/100|[from] item: Leftovers\n|upkeep\n|turn|15\n|\n|t:|1700970269\n|move|p2a: Golurk|Poltergeist|p1a: Courtesy Call\n|-activate|p1a: Courtesy Call|move: Poltergeist|Leftovers\n|-damage|p1a: Courtesy Call|13\/100\n|-activate|p1a: Courtesy Call|confusion\n|move|p1a: Courtesy Call|Yawn|p2a: Golurk\n|-start|p2a: Golurk|move: Yawn|[of] p1a: Courtesy Call\n|\n|-heal|p1a: Courtesy Call|19\/100|[from] item: Leftovers\n|upkeep\n|turn|16\n|\n|t:|1700970280\n|switch|p2a: Banette|Banette-Mega, F|67\/100 slp\n|switch|p1a: Kroko|Krookodile, M|98\/100\n|-ability|p1a: Kroko|Intimidate|boost\n|-unboost|p2a: Banette|atk|1\n|\n|-heal|p1a: Kroko|100\/100|[from] item: Leftovers\n|upkeep\n|turn|17\n|\n|t:|1700970294\n|cant|p2a: Banette|slp\n|move|p1a: Kroko|Knock Off|p2a: Banette\n|-supereffective|p2a: Banette\n|-damage|p2a: Banette|0 fnt\n|faint|p2a: Banette\n|\n|upkeep\n|\n|t:|1700970299\n|switch|p2a: Pawmot|Pawmot, F|23\/100\n|turn|18\n|\n|t:|1700970308\n|switch|p1a: Courtesy Call|Audino, F, tera:Fairy|52\/100\n|move|p2a: Pawmot|Revival Blessing|p2a: Pawmot\n|\n|t:|1700970312\n|-heal|p2: Banette|50\/100|[from] move: Revival Blessing\n|\n|-heal|p1a: Courtesy Call|58\/100|[from] item: Leftovers\n|upkeep\n|turn|19\n|\n|t:|1700970323\n|move|p2a: Pawmot|Wish|p2a: Pawmot\n|move|p1a: Courtesy Call|Draining Kiss|p2a: Pawmot\n|-supereffective|p2a: Pawmot\n|-crit|p2a: Pawmot\n|-damage|p2a: Pawmot|0 fnt\n|-heal|p1a: Courtesy Call|70\/100|[from] drain|[of] p2a: Pawmot\n|faint|p2a: Pawmot\n|\n|-heal|p1a: Courtesy Call|76\/100|[from] item: Leftovers\n|upkeep\n|\n|t:|1700970330\n|switch|p2a: Banette|Banette-Mega, F|50\/100\n|turn|20\n|\n|t:|1700970334\n|move|p2a: Banette|Swords Dance|p2a: Banette\n|-boost|p2a: Banette|atk|2\n|move|p1a: Courtesy Call|Yawn|p2a: Banette\n|-start|p2a: Banette|move: Yawn|[of] p1a: Courtesy Call\n|\n|-heal|p2a: Banette|93\/100|[from] move: Wish|[wisher] Pawmot\n|-heal|p1a: Courtesy Call|82\/100|[from] item: Leftovers\n|upkeep\n|turn|21\n|inactive|Battle timer is ON: inactive players will automatically lose when time's up. (requested by GlaDos500)\n|\n|t:|1700970372\n|switch|p1a: Kroko|Krookodile, M|100\/100\n|-ability|p1a: Kroko|Intimidate|boost\n|-unboost|p2a: Banette|atk|1\n|move|p2a: Banette|Poltergeist|p1a: Kroko\n|-activate|p1a: Kroko|move: Poltergeist|Leftovers\n|-resisted|p1a: Kroko\n|-damage|p1a: Kroko|53\/100\n|\n|-heal|p1a: Kroko|59\/100|[from] item: Leftovers\n|-end|p2a: Banette|move: Yawn|[silent]\n|-status|p2a: Banette|slp\n|upkeep\n|turn|22\n|\n|t:|1700970385\n|cant|p2a: Banette|slp\n|move|p1a: Kroko|Knock Off|p2a: Banette\n|-supereffective|p2a: Banette\n|-damage|p2a: Banette|18\/100 slp\n|\n|-heal|p1a: Kroko|65\/100|[from] item: Leftovers\n|upkeep\n|turn|23\n|\n|t:|1700970394\n|-curestatus|p2a: Banette|slp|[msg]\n|move|p2a: Banette|Destiny Bond|p2a: Banette\n|-singlemove|p2a: Banette|Destiny Bond\n|move|p1a: Kroko|Knock Off|p2a: Banette\n|-supereffective|p2a: Banette\n|-damage|p2a: Banette|0 fnt\n|faint|p2a: Banette\n|-activate|p2a: Banette|move: Destiny Bond\n|faint|p1a: Kroko\n|\n|upkeep\n|\n|t:|1700970420\n|switch|p1a: Acid Chloride|Scolipede, M|100\/100\n|switch|p2a: Skeledirge|Skeledirge, F|100\/100\n|turn|24\n|\n|t:|1700970433\n|move|p1a: Acid Chloride|Rock Slide|p2a: Skeledirge\n|-supereffective|p2a: Skeledirge\n|-damage|p2a: Skeledirge|56\/100\n|move|p2a: Skeledirge|Yawn|p1a: Acid Chloride\n|-start|p1a: Acid Chloride|move: Yawn|[of] p2a: Skeledirge\n|\n|-heal|p2a: Skeledirge|63\/100|[from] item: Leftovers\n|-ability|p1a: Acid Chloride|Speed Boost|boost\n|-boost|p1a: Acid Chloride|spe|1\n|upkeep\n|turn|25\n|inactive|GlaDos500 has 120 seconds left.\n|\n|t:|1700970459\n|switch|p1a: Lemonade|Delphox, F|100\/100\n|move|p2a: Skeledirge|Fire Blast|p1a: Lemonade\n|-resisted|p1a: Lemonade\n|-damage|p1a: Lemonade|69\/100\n|\n|-heal|p2a: Skeledirge|69\/100|[from] item: Leftovers\n|upkeep\n|turn|26\n|inactive|GlaDos500 has 90 seconds left.\n|inactive|Yannaros has 120 seconds left.\n|\n|t:|1700970495\n|switch|p1a: Courtesy Call|Audino, F, tera:Fairy|100\/100\n|move|p2a: Skeledirge|Shadow Ball|p1a: Courtesy Call\n|-damage|p1a: Courtesy Call|76\/100\n|\n|-heal|p2a: Skeledirge|75\/100|[from] item: Leftovers\n|-heal|p1a: Courtesy Call|82\/100|[from] item: Leftovers\n|upkeep\n|turn|27\n|inactive|Yannaros has 120 seconds left.\n|\n|t:|1700970505\n|move|p2a: Skeledirge|Yawn|p1a: Courtesy Call\n|-start|p1a: Courtesy Call|move: Yawn|[of] p2a: Skeledirge\n|move|p1a: Courtesy Call|Yawn|p2a: Skeledirge\n|-start|p2a: Skeledirge|move: Yawn|[of] p1a: Courtesy Call\n|\n|-heal|p2a: Skeledirge|81\/100|[from] item: Leftovers\n|-heal|p1a: Courtesy Call|88\/100|[from] item: Leftovers\n|upkeep\n|turn|28\n|\n|t:|1700970516\n|switch|p2a: Drifblim|Drifblim, M|100\/100\n|move|p1a: Courtesy Call|Calm Mind|p1a: Courtesy Call\n|-boost|p1a: Courtesy Call|spa|1\n|-boost|p1a: Courtesy Call|spd|1\n|\n|-heal|p1a: Courtesy Call|94\/100|[from] item: Leftovers\n|-end|p1a: Courtesy Call|move: Yawn|[silent]\n|-status|p1a: Courtesy Call|slp\n|upkeep\n|turn|29\n|\n|t:|1700970529\n|move|p2a: Drifblim|Tailwind|p2a: Drifblim\n|-sidestart|p2: Yannaros|move: Tailwind\n|cant|p1a: Courtesy Call|slp\n|\n|-heal|p1a: Courtesy Call|99\/100 slp|[from] item: Leftovers\n|upkeep\n|turn|30\n|\n|t:|1700970540\n|move|p2a: Drifblim|Fling|p1a: Courtesy Call\n|-resisted|p1a: Courtesy Call\n|-damage|p1a: Courtesy Call|85\/100 slp\n|-enditem|p2a: Drifblim|Big Nugget|[from] move: Fling\n|cant|p1a: Courtesy Call|slp\n|\n|-heal|p1a: Courtesy Call|91\/100 slp|[from] item: Leftovers\n|upkeep\n|turn|31\n|\n|t:|1700970550\n|move|p2a: Drifblim|Acrobatics|p1a: Courtesy Call\n|-damage|p1a: Courtesy Call|47\/100 slp\n|-curestatus|p1a: Courtesy Call|slp|[msg]\n|move|p1a: Courtesy Call|Draining Kiss|p2a: Drifblim\n|-damage|p2a: Drifblim|79\/100\n|-heal|p1a: Courtesy Call|66\/100|[from] drain|[of] p2a: Drifblim\n|\n|-heal|p1a: Courtesy Call|72\/100|[from] item: Leftovers\n|upkeep\n|turn|32\n|\n|t:|1700970560\n|switch|p2a: Golurk|Golurk|100\/100\n|move|p1a: Courtesy Call|Yawn|p2a: Golurk\n|-start|p2a: Golurk|move: Yawn|[of] p1a: Courtesy Call\n|\n|-heal|p1a: Courtesy Call|79\/100|[from] item: Leftovers\n|-sideend|p2: Yannaros|move: Tailwind\n|upkeep\n|turn|33\n|inactive|GlaDos500 has 120 seconds left.\n|\n|t:|1700970569\n|switch|p2a: Skeledirge|Skeledirge, F|81\/100\n|move|p1a: Courtesy Call|Calm Mind|p1a: Courtesy Call\n|-boost|p1a: Courtesy Call|spa|1\n|-boost|p1a: Courtesy Call|spd|1\n|\n|-heal|p2a: Skeledirge|87\/100|[from] item: Leftovers\n|-heal|p1a: Courtesy Call|85\/100|[from] item: Leftovers\n|upkeep\n|turn|34\n|\n|t:|1700970578\n|move|p2a: Skeledirge|Yawn|p1a: Courtesy Call\n|-start|p1a: Courtesy Call|move: Yawn|[of] p2a: Skeledirge\n|move|p1a: Courtesy Call|Draining Kiss|p2a: Skeledirge\n|-resisted|p2a: Skeledirge\n|-damage|p2a: Skeledirge|72\/100\n|-heal|p1a: Courtesy Call|96\/100|[from] drain|[of] p2a: Skeledirge\n|\n|-heal|p2a: Skeledirge|78\/100|[from] item: Leftovers\n|-heal|p1a: Courtesy Call|100\/100|[from] item: Leftovers\n|upkeep\n|turn|35\n|\n|t:|1700970593\n|move|p2a: Skeledirge|Fire Blast|p1a: Courtesy Call\n|-damage|p1a: Courtesy Call|82\/100\n|move|p1a: Courtesy Call|Yawn|p2a: Skeledirge\n|-start|p2a: Skeledirge|move: Yawn|[of] p1a: Courtesy Call\n|\n|-heal|p2a: Skeledirge|84\/100|[from] item: Leftovers\n|-heal|p1a: Courtesy Call|88\/100|[from] item: Leftovers\n|-end|p1a: Courtesy Call|move: Yawn|[silent]\n|-status|p1a: Courtesy Call|slp\n|upkeep\n|turn|36\n|\n|t:|1700970617\n|switch|p2a: Golurk|Golurk|100\/100\n|cant|p1a: Courtesy Call|slp\n|\n|-heal|p1a: Courtesy Call|94\/100 slp|[from] item: Leftovers\n|upkeep\n|turn|37\n|\n|t:|1700970626\n|move|p2a: Golurk|Earthquake|p1a: Courtesy Call\n|-damage|p1a: Courtesy Call|39\/100 slp\n|cant|p1a: Courtesy Call|slp\n|\n|-heal|p1a: Courtesy Call|45\/100 slp|[from] item: Leftovers\n|upkeep\n|turn|38\n|inactive|GlaDos500 has 120 seconds left.\n|\n|t:|1700970655\n|move|p2a: Golurk|Earthquake|p1a: Courtesy Call\n|-damage|p1a: Courtesy Call|0 fnt\n|faint|p1a: Courtesy Call\n|\n|upkeep\n|\n|t:|1700970659\n|switch|p1a: Eye Sword|Aegislash, M|100\/100\n|turn|39\n|\n|t:|1700970671\n|-terastallize|p2a: Golurk|Steel\n|move|p1a: Eye Sword|Swords Dance|p1a: Eye Sword\n|-boost|p1a: Eye Sword|atk|2\n|move|p2a: Golurk|Poltergeist|p1a: Eye Sword\n|-activate|p1a: Eye Sword|move: Poltergeist|Weakness Policy\n|-supereffective|p1a: Eye Sword\n|-damage|p1a: Eye Sword|0 fnt\n|faint|p1a: Eye Sword\n|\n|upkeep\n|\n|t:|1700970681\n|switch|p1a: This u?|Ditto|100\/100\n|-transform|p1a: This u?|p2a: Golurk|[from] ability: Imposter\n|-start|p1a: This u?|typechange|Ground\/Ghost|[silent]\n|turn|40\n|inactive|GlaDos500 has 120 seconds left.\n|\n|t:|1700970706\n|move|p1a: This u?|Earthquake|p2a: Golurk\n|-supereffective|p2a: Golurk\n|-damage|p2a: Golurk|0 fnt\n|faint|p2a: Golurk\n|\n|upkeep\n|inactive|Yannaros has 120 seconds left.\n|inactive|Yannaros has 90 seconds left.\n|\n|t:|1700970780\n|switch|p2a: Skeledirge|Skeledirge, F|84\/100\n|turn|41\n|\n|t:|1700970783\n|move|p1a: This u?|Earthquake|p2a: Skeledirge\n|-supereffective|p2a: Skeledirge\n|-damage|p2a: Skeledirge|0 fnt\n|faint|p2a: Skeledirge\n|\n|upkeep\n|inactive|Yannaros has 90 seconds left.\n|c|\u2606Yannaros|why is it attacking first?\n|\n|t:|1700970818\n|switch|p2a: Drifblim|Drifblim, M|79\/100\n|turn|42\n|\n|t:|1700970826\n|switch|p1a: Lemonade|Delphox, F|69\/100\n|move|p2a: Drifblim|Acrobatics|p1a: Lemonade\n|-damage|p1a: Lemonade|0 fnt\n|faint|p1a: Lemonade\n|\n|upkeep\n|\n|t:|1700970832\n|switch|p1a: Acid Chloride|Scolipede, M|100\/100\n|turn|43\n|\n|t:|1700970835\n|move|p1a: Acid Chloride|Swords Dance|p1a: Acid Chloride\n|-boost|p1a: Acid Chloride|atk|2\n|move|p2a: Drifblim|Acrobatics|p1a: Acid Chloride\n|-supereffective|p1a: Acid Chloride\n|-enditem|p1a: Acid Chloride|Focus Sash\n|-damage|p1a: Acid Chloride|1\/100\n|\n|-ability|p1a: Acid Chloride|Speed Boost|boost\n|-boost|p1a: Acid Chloride|spe|1\n|upkeep\n|turn|44\n|inactive|Yannaros has 90 seconds left.\n|\n|t:|1700970846\n|move|p1a: Acid Chloride|Rock Slide|p2a: Drifblim\n|-supereffective|p2a: Drifblim\n|-damage|p2a: Drifblim|0 fnt\n|faint|p2a: Drifblim\n|\n|win|GlaDos500\n|raw|GlaDos500's rating: 1040 &rarr; <strong>1079<\/strong><br \/>(+39 for winning)\n|raw|Yannaros's rating: 1090 &rarr; <strong>1063<\/strong><br \/>(-27 for losing)\n|c|\u2606Yannaros|gg\n|l|\u2606Yannaros\n","uploadtime":1700970863,"views":9,"p1id":"glados500","p2id":"yannaros","formatid":"gen9nationaldex","rating":1063,"private":0,"password":""}