{"id":"gen9nationaldex-1991517469","p1":"dvdpoola","p2":"hackilla15","format":"[Gen 9] National Dex","log":"|j|\u2606dvdpoola\n|j|\u2606hackilla15\n|t:|1700084225\n|gametype|singles\n|player|p1|dvdpoola|clown|1210\n|player|p2|hackilla15|ethan|1196\n|teamsize|p1|6\n|teamsize|p2|6\n|gen|9\n|tier|[Gen 9] National Dex\n|rated|\n|rule|HP Percentage Mod: HP is shown in percentages\n|rule|Endless Battle Clause: Forcing endless battles is banned\n|rule|OHKO Clause: OHKO moves are banned\n|rule|Evasion Clause: Evasion abilities, items, and moves are banned\n|rule|Evasion Abilities Clause: Evasion abilities are banned\n|rule|Evasion Items Clause: Evasion items are banned\n|rule|Evasion Moves Clause: Evasion moves are banned\n|rule|Species Clause: Limit one of each Pok\u00e9mon\n|rule|Sleep Clause Mod: Limit one foe put to sleep\n|clearpoke\n|poke|p1|Iron Jugulis|\n|poke|p1|Salamence, F|\n|poke|p1|Cobalion|\n|poke|p1|Seismitoad, M|\n|poke|p1|Dachsbun, F|\n|poke|p1|Victini|\n|poke|p2|Clodsire, F|\n|poke|p2|Garganacl, M|\n|poke|p2|Volcarona, F|\n|poke|p2|Ribombee, F|\n|poke|p2|Venusaur, M|\n|poke|p2|Krookodile, M|\n|teampreview\n|inactive|Battle timer is ON: inactive players will automatically lose when time's up. (requested by hackilla15)\n|\n|t:|1700084237\n|start\n|switch|p1a: Cobalion|Cobalion|100\/100\n|switch|p2a: Ribombee|Ribombee, F, shiny|100\/100\n|turn|1\n|\n|t:|1700084247\n|move|p1a: Cobalion|Thunder Wave|p2a: Ribombee\n|-status|p2a: Ribombee|par\n|move|p2a: Ribombee|Stun Spore|p1a: Cobalion|[miss]\n|-miss|p2a: Ribombee|p1a: Cobalion\n|\n|upkeep\n|turn|2\n|\n|t:|1700084256\n|move|p1a: Cobalion|Taunt|p2a: Ribombee\n|-start|p2a: Ribombee|move: Taunt\n|cant|p2a: Ribombee|move: Taunt|Stun Spore\n|\n|upkeep\n|turn|3\n|\n|t:|1700084261\n|switch|p2a: Volcarona|Volcarona, F, shiny|100\/100\n|move|p1a: Cobalion|Stealth Rock|p2a: Volcarona\n|-sidestart|p2: hackilla15|move: Stealth Rock\n|\n|upkeep\n|turn|4\n|\n|t:|1700084272\n|move|p1a: Cobalion|Thunder Wave|p2a: Volcarona\n|-status|p2a: Volcarona|par\n|move|p2a: Volcarona|Fiery Dance|p1a: Cobalion\n|-supereffective|p1a: Cobalion\n|-damage|p1a: Cobalion|3\/100\n|\n|-heal|p1a: Cobalion|10\/100|[from] item: Leftovers\n|upkeep\n|turn|5\n|\n|t:|1700084282\n|switch|p1a: Dachsbun|Dachsbun, F|100\/100\n|cant|p2a: Volcarona|par\n|\n|upkeep\n|turn|6\n|\n|t:|1700084291\n|move|p1a: Dachsbun|Wish|p1a: Dachsbun\n|move|p2a: Volcarona|Quiver Dance|p2a: Volcarona\n|-boost|p2a: Volcarona|spa|1\n|-boost|p2a: Volcarona|spd|1\n|-boost|p2a: Volcarona|spe|1\n|\n|upkeep\n|turn|7\n|\n|t:|1700084301\n|switch|p1a: Seismitoad|Seismitoad, M|100\/100\n|move|p2a: Volcarona|Quiver Dance|p2a: Volcarona\n|-boost|p2a: Volcarona|spa|1\n|-boost|p2a: Volcarona|spd|1\n|-boost|p2a: Volcarona|spe|1\n|\n|upkeep\n|turn|8\n|\n|t:|1700084313\n|-terastallize|p2a: Volcarona|Grass\n|move|p1a: Seismitoad|Liquidation|p2a: Volcarona\n|-resisted|p2a: Volcarona\n|-damage|p2a: Volcarona|70\/100 par\n|move|p2a: Volcarona|Giga Drain|p1a: Seismitoad\n|-supereffective|p1a: Seismitoad\n|-damage|p1a: Seismitoad|0 fnt\n|-heal|p2a: Volcarona|100\/100 par|[from] drain|[of] p1a: Seismitoad\n|faint|p1a: Seismitoad\n|\n|upkeep\n|\n|t:|1700084332\n|switch|p1a: Victini|Victini|100\/100\n|turn|9\n|\n|t:|1700084338\n|move|p1a: Victini|V-create|p2a: Volcarona\n|-supereffective|p2a: Volcarona\n|-damage|p2a: Volcarona|0 fnt\n|-unboost|p1a: Victini|spe|1\n|-unboost|p1a: Victini|def|1\n|-unboost|p1a: Victini|spd|1\n|faint|p2a: Volcarona\n|\n|upkeep\n|\n|t:|1700084343\n|switch|p2a: Garganacl|Garganacl, M, shiny|100\/100\n|-damage|p2a: Garganacl|88\/100|[from] Stealth Rock\n|turn|10\n|\n|t:|1700084351\n|switch|p1a: Cobalion|Cobalion|10\/100\n|move|p2a: Garganacl|Salt Cure|p1a: Cobalion\n|-resisted|p1a: Cobalion\n|-damage|p1a: Cobalion|7\/100\n|-start|p1a: Cobalion|Salt Cure\n|\n|-heal|p1a: Cobalion|13\/100|[from] item: Leftovers\n|-heal|p2a: Garganacl|94\/100|[from] item: Leftovers\n|-damage|p1a: Cobalion|0 fnt|[from] Salt Cure\n|faint|p1a: Cobalion\n|upkeep\n|\n|t:|1700084368\n|switch|p1a: Jugulis|Iron Jugulis|100\/100\n|-enditem|p1a: Jugulis|Booster Energy\n|-activate|p1a: Jugulis|ability: Quark Drive|[fromitem]\n|-start|p1a: Jugulis|quarkdrivespe\n|turn|11\n|\n|t:|1700084374\n|move|p1a: Jugulis|Taunt|p2a: Garganacl\n|-start|p2a: Garganacl|move: Taunt\n|move|p2a: Garganacl|Salt Cure|p1a: Jugulis\n|-supereffective|p1a: Jugulis\n|-damage|p1a: Jugulis|62\/100\n|-start|p1a: Jugulis|Salt Cure\n|\n|-heal|p2a: Garganacl|100\/100|[from] item: Leftovers\n|-damage|p1a: Jugulis|49\/100|[from] Salt Cure\n|upkeep\n|turn|12\n|\n|t:|1700084386\n|switch|p2a: Clodsire|Clodsire, F, shiny|100\/100\n|-damage|p2a: Clodsire|94\/100|[from] Stealth Rock\n|move|p1a: Jugulis|Charge Beam|p2a: Clodsire\n|-immune|p2a: Clodsire\n|\n|-heal|p2a: Clodsire|100\/100|[from] item: Black Sludge\n|-damage|p1a: Jugulis|37\/100|[from] Salt Cure\n|upkeep\n|turn|13\n|\n|t:|1700084399\n|-end|p1a: Jugulis|Quark Drive|[silent]\n|switch|p1a: Salamence|Salamence, F|100\/100\n|-ability|p1a: Salamence|Intimidate|boost\n|-unboost|p2a: Clodsire|atk|1\n|move|p2a: Clodsire|Toxic Spikes|p1a: Salamence\n|-sidestart|p1: dvdpoola|move: Toxic Spikes\n|\n|upkeep\n|turn|14\n|\n|t:|1700084411\n|move|p1a: Salamence|Draco Meteor|p2a: Clodsire\n|-damage|p2a: Clodsire|65\/100\n|-unboost|p1a: Salamence|spa|2\n|move|p2a: Clodsire|Toxic Spikes|p1a: Salamence\n|-sidestart|p1: dvdpoola|move: Toxic Spikes\n|\n|-heal|p2a: Clodsire|71\/100|[from] item: Black Sludge\n|upkeep\n|turn|15\n|\n|t:|1700084437\n|switch|p1a: Victini|Victini|100\/100\n|-status|p1a: Victini|tox\n|move|p2a: Clodsire|Poison Jab|p1a: Victini\n|-damage|p1a: Victini|83\/100 tox\n|\n|-heal|p2a: Clodsire|78\/100|[from] item: Black Sludge\n|-damage|p1a: Victini|76\/100 tox|[from] psn\n|upkeep\n|turn|16\n|\n|t:|1700084452\n|move|p1a: Victini|U-turn|p2a: Clodsire\n|-resisted|p2a: Clodsire\n|-damage|p2a: Clodsire|67\/100\n|\n|t:|1700084458\n|switch|p1a: Dachsbun|Dachsbun, F|100\/100|[from] U-turn\n|-status|p1a: Dachsbun|tox\n|move|p2a: Clodsire|Recover|p2a: Clodsire\n|-heal|p2a: Clodsire|100\/100\n|\n|-damage|p1a: Dachsbun|95\/100 tox|[from] psn\n|upkeep\n|turn|17\n|\n|t:|1700084469\n|move|p1a: Dachsbun|Wish|p1a: Dachsbun\n|move|p2a: Clodsire|Poison Jab|p1a: Dachsbun\n|-supereffective|p1a: Dachsbun\n|-damage|p1a: Dachsbun|69\/100 tox\n|-damage|p2a: Clodsire|84\/100|[from] item: Rocky Helmet|[of] p1a: Dachsbun\n|\n|-heal|p2a: Clodsire|90\/100|[from] item: Black Sludge\n|-damage|p1a: Dachsbun|57\/100 tox|[from] psn\n|upkeep\n|turn|18\n|\n|t:|1700084481\n|switch|p1a: Jugulis|Iron Jugulis|37\/100\n|move|p2a: Clodsire|Poison Jab|p1a: Jugulis\n|-damage|p1a: Jugulis|17\/100\n|-status|p1a: Jugulis|psn\n|\n|-heal|p1a: Jugulis|66\/100 psn|[from] move: Wish|[wisher] Dachsbun\n|-heal|p2a: Clodsire|96\/100|[from] item: Black Sludge\n|-damage|p1a: Jugulis|53\/100 psn|[from] psn\n|upkeep\n|turn|19\n|inactive|dvdpoola has 120 seconds left.\n|\n|t:|1700084496\n|move|p1a: Jugulis|Taunt|p2a: Clodsire\n|-start|p2a: Clodsire|move: Taunt\n|move|p2a: Clodsire|Poison Jab|p1a: Jugulis\n|-damage|p1a: Jugulis|32\/100 psn\n|\n|-heal|p2a: Clodsire|100\/100|[from] item: Black Sludge\n|-damage|p1a: Jugulis|20\/100 psn|[from] psn\n|upkeep\n|turn|20\n|inactive|dvdpoola has 120 seconds left.\n|\n|t:|1700084507\n|move|p1a: Jugulis|Dark Pulse|p2a: Clodsire\n|-damage|p2a: Clodsire|77\/100\n|move|p2a: Clodsire|Poison Jab|p1a: Jugulis\n|-damage|p1a: Jugulis|1\/100 psn\n|\n|-heal|p2a: Clodsire|83\/100|[from] item: Black Sludge\n|-damage|p1a: Jugulis|0 fnt|[from] psn\n|faint|p1a: Jugulis\n|-end|p1a: Jugulis|Quark Drive|[silent]\n|upkeep\n|inactive|dvdpoola has 120 seconds left.\n|\n|t:|1700084519\n|switch|p1a: Victini|Victini|76\/100 tox\n|turn|21\n|inactive|dvdpoola has 120 seconds left.\n|\n|t:|1700084541\n|move|p1a: Victini|V-create|p2a: Clodsire\n|-damage|p2a: Clodsire|0 fnt\n|-unboost|p1a: Victini|spe|1\n|-unboost|p1a: Victini|def|1\n|-unboost|p1a: Victini|spd|1\n|faint|p2a: Clodsire\n|\n|-damage|p1a: Victini|70\/100 tox|[from] psn\n|upkeep\n|\n|t:|1700084549\n|switch|p2a: Garganacl|Garganacl, M, shiny|100\/100\n|-damage|p2a: Garganacl|88\/100|[from] Stealth Rock\n|turn|22\n|\n|t:|1700084558\n|switch|p1a: Dachsbun|Dachsbun, F|57\/100 tox\n|move|p2a: Garganacl|Curse|p2a: Garganacl\n|-unboost|p2a: Garganacl|spe|1\n|-boost|p2a: Garganacl|atk|1\n|-boost|p2a: Garganacl|def|1\n|\n|-heal|p2a: Garganacl|94\/100|[from] item: Leftovers\n|-damage|p1a: Dachsbun|51\/100 tox|[from] psn\n|upkeep\n|turn|23\n|-message|dvdpoola forfeited.\n|\n|win|hackilla15\n|raw|dvdpoola's rating: 1210 &rarr; <strong>1184<\/strong><br \/>(-26 for losing)\n|raw|hackilla15's rating: 1196 &rarr; <strong>1222<\/strong><br \/>(+26 for winning)\n","uploadtime":1700084578,"views":12,"p1id":"dvdpoola","p2id":"hackilla15","formatid":"gen9nationaldex","rating":1184,"private":0,"password":""}