{"id":"gen9nationaldex-2000401455","p1":"reimdm","p2":"rffjkbb","format":"[Gen 9] National Dex","log":"|html|<div class=\"broadcast-blue\"><strong>[Gen 9] National Dex is currently suspecting Sneasler! For information on how to participate check out the <a href=\"https:\/\/www.smogon.com\/forums\/threads\/sv-national-dex-suspect-8-just-dance.3731534\/\">suspect thread<\/a>.<\/strong><\/div>\n|j|\u2606reimdm\n|j|\u2606rffjkbb\n|t:|1701191738\n|gametype|singles\n|player|p1|reimdm|170|1122\n|player|p2|rffjkbb|1|1042\n|teamsize|p1|6\n|teamsize|p2|6\n|gen|9\n|tier|[Gen 9] National Dex\n|rated|\n|rule|HP Percentage Mod: HP is shown in percentages\n|rule|Endless Battle Clause: Forcing endless battles is banned\n|rule|OHKO Clause: OHKO moves are banned\n|rule|Evasion Clause: Evasion abilities, items, and moves are banned\n|rule|Evasion Abilities Clause: Evasion abilities are banned\n|rule|Evasion Items Clause: Evasion items are banned\n|rule|Evasion Moves Clause: Evasion moves are banned\n|rule|Species Clause: Limit one of each Pok\u00e9mon\n|rule|Sleep Clause Mod: Limit one foe put to sleep\n|clearpoke\n|poke|p1|Weavile, M|\n|poke|p1|Manaphy|\n|poke|p1|Beedrill, F|\n|poke|p1|Gliscor, M|\n|poke|p1|Tapu Koko|\n|poke|p1|Cinderace, M|\n|poke|p2|Muk-Alola, M|\n|poke|p2|Alomomola, F|\n|poke|p2|Garchomp, M|\n|poke|p2|Gliscor, M|\n|poke|p2|Great Tusk|\n|poke|p2|Corviknight, M|\n|teampreview\n|\n|t:|1701191749\n|start\n|switch|p1a: Weavile|Weavile, M|100\/100\n|switch|p2a: Muk|Muk-Alola, M|100\/100\n|-ability|p1a: Weavile|Pressure\n|turn|1\n|\n|t:|1701191761\n|move|p1a: Weavile|Taunt|p2a: Muk\n|-start|p2a: Muk|move: Taunt\n|move|p2a: Muk|Poison Jab|p1a: Weavile\n|-damage|p1a: Weavile|38\/100\n|\n|upkeep\n|turn|2\n|\n|t:|1701191769\n|move|p1a: Weavile|Triple Axel|p2a: Muk\n|-damage|p2a: Muk|87\/100\n|-damage|p2a: Muk|61\/100\n|-damage|p2a: Muk|22\/100\n|-hitcount|p2a: Muk|3\n|-damage|p1a: Weavile|28\/100|[from] item: Life Orb\n|move|p2a: Muk|Poison Jab|p1a: Weavile\n|-damage|p1a: Weavile|0 fnt\n|faint|p1a: Weavile\n|\n|upkeep\n|\n|t:|1701191782\n|switch|p1a: Beedrill|Beedrill, F|100\/100\n|turn|3\n|\n|t:|1701191790\n|switch|p2a: Alomomola|Alomomola, F|100\/100\n|detailschange|p1a: Beedrill|Beedrill-Mega, F\n|-mega|p1a: Beedrill|Beedrill|Beedrillite\n|move|p1a: Beedrill|Fell Stinger|p2a: Alomomola\n|-damage|p2a: Alomomola|78\/100\n|\n|upkeep\n|turn|4\n|\n|t:|1701191797\n|move|p1a: Beedrill|Knock Off|p2a: Alomomola\n|-damage|p2a: Alomomola|55\/100\n|-enditem|p2a: Alomomola|Heavy-Duty Boots|[from] move: Knock Off|[of] p1a: Beedrill\n|move|p2a: Alomomola|Wish|p2a: Alomomola\n|\n|upkeep\n|turn|5\n|\n|t:|1701191807\n|switch|p1a: Manaphy|Manaphy|100\/100\n|move|p2a: Alomomola|Flip Turn|p1a: Manaphy\n|-resisted|p1a: Manaphy\n|-damage|p1a: Manaphy|93\/100\n|\n|t:|1701191812\n|switch|p2a: Muk|Muk-Alola, M|22\/100|[from] Flip Turn\n|\n|-heal|p2a: Muk|80\/100|[from] move: Wish|[wisher] Alomomola\n|upkeep\n|turn|6\n|\n|t:|1701191817\n|move|p1a: Manaphy|Tail Glow|p1a: Manaphy\n|-boost|p1a: Manaphy|spa|3\n|move|p2a: Muk|Knock Off|p1a: Manaphy\n|-damage|p1a: Manaphy|44\/100\n|-enditem|p1a: Manaphy|Salac Berry|[from] move: Knock Off|[of] p2a: Muk\n|\n|upkeep\n|turn|7\n|\n|t:|1701191832\n|move|p1a: Manaphy|Surf|p2a: Muk\n|-damage|p2a: Muk|31\/100\n|move|p2a: Muk|Poison Jab|p1a: Manaphy\n|-damage|p1a: Manaphy|7\/100\n|-status|p1a: Manaphy|psn\n|\n|-damage|p1a: Manaphy|0 fnt|[from] psn\n|faint|p1a: Manaphy\n|upkeep\n|inactive|Battle timer is ON: inactive players will automatically lose when time's up. (requested by reimdm)\n|\n|t:|1701191837\n|switch|p1a: Beedrill|Beedrill-Mega, F|100\/100\n|turn|8\n|\n|t:|1701191843\n|switch|p1a: Tapu Koko|Tapu Koko|100\/100\n|-fieldstart|move: Electric Terrain|[from] ability: Electric Surge|[of] p1a: Tapu Koko\n|switch|p2a: Alomomola|Alomomola, F|89\/100\n|\n|upkeep\n|turn|9\n|\n|t:|1701191846\n|move|p2a: Alomomola|Protect|p2a: Alomomola\n|-singleturn|p2a: Alomomola|Protect\n|move|p1a: Tapu Koko|Volt Switch|p2a: Alomomola\n|-activate|p2a: Alomomola|move: Protect\n|\n|upkeep\n|turn|10\n|\n|t:|1701191850\n|switch|p2a: Gliscor|Gliscor, M|100\/100\n|move|p1a: Tapu Koko|Volt Switch|p2a: Gliscor\n|-immune|p2a: Gliscor\n|\n|-status|p2a: Gliscor|tox|[from] item: Toxic Orb\n|upkeep\n|turn|11\n|\n|t:|1701191858\n|switch|p1a: Gliscor|Gliscor, M|100\/100\n|move|p2a: Gliscor|Spikes|p1a: Gliscor\n|-sidestart|p1: reimdm|Spikes\n|\n|-status|p1a: Gliscor|tox|[from] item: Toxic Orb\n|upkeep\n|turn|12\n|\n|t:|1701191865\n|switch|p2a: Corviknight|Corviknight, M|100\/100\n|move|p1a: Gliscor|Knock Off|p2a: Corviknight\n|-damage|p2a: Corviknight|82\/100\n|-enditem|p2a: Corviknight|Covert Cloak|[from] move: Knock Off|[of] p1a: Gliscor\n|\n|-fieldend|move: Electric Terrain\n|upkeep\n|turn|13\n|\n|t:|1701191872\n|move|p1a: Gliscor|Defog|p2a: Corviknight\n|-ability|p2a: Corviknight|Mirror Armor\n|-unboost|p1a: Gliscor|evasion|1\n|-sideend|p1: reimdm|Spikes|[from] move: Defog|[of] p1a: Gliscor\n|move|p2a: Corviknight|Agility|p2a: Corviknight\n|-boost|p2a: Corviknight|spe|2\n|\n|upkeep\n|turn|14\n|\n|t:|1701191879\n|switch|p1a: Cinderace|Cinderace, M|100\/100\n|move|p2a: Corviknight|Bulk Up|p2a: Corviknight\n|-boost|p2a: Corviknight|atk|1\n|-boost|p2a: Corviknight|def|1\n|\n|upkeep\n|turn|15\n|\n|t:|1701191884\n|move|p2a: Corviknight|Bulk Up|p2a: Corviknight\n|-boost|p2a: Corviknight|atk|1\n|-boost|p2a: Corviknight|def|1\n|move|p1a: Cinderace|Pyro Ball|p2a: Corviknight\n|-supereffective|p2a: Corviknight\n|-damage|p2a: Corviknight|32\/100\n|\n|upkeep\n|turn|16\n|\n|t:|1701191897\n|move|p2a: Corviknight|Power Trip|p1a: Cinderace\n|-damage|p1a: Cinderace|1\/100\n|move|p1a: Cinderace|Pyro Ball|p2a: Corviknight\n|-supereffective|p2a: Corviknight\n|-damage|p2a: Corviknight|0 fnt\n|faint|p2a: Corviknight\n|\n|upkeep\n|\n|t:|1701191905\n|switch|p2a: Muk|Muk-Alola, M|31\/100\n|turn|17\n|\n|t:|1701191927\n|move|p2a: Muk|Shadow Sneak|p1a: Cinderace\n|-damage|p1a: Cinderace|0 fnt\n|faint|p1a: Cinderace\n|\n|upkeep\n|\n|t:|1701191941\n|switch|p1a: Tapu Koko|Tapu Koko|100\/100\n|-fieldstart|move: Electric Terrain|[from] ability: Electric Surge|[of] p1a: Tapu Koko\n|turn|18\n|\n|t:|1701191948\n|switch|p2a: Gliscor|Gliscor, M|100\/100 tox\n|move|p1a: Tapu Koko|Dazzling Gleam|p2a: Gliscor\n|-damage|p2a: Gliscor|56\/100 tox\n|\n|-heal|p2a: Gliscor|69\/100 tox|[from] ability: Poison Heal\n|upkeep\n|turn|19\n|\n|t:|1701191954\n|move|p1a: Tapu Koko|Dazzling Gleam|p2a: Gliscor\n|-damage|p2a: Gliscor|25\/100 tox\n|move|p2a: Gliscor|Roost|p2a: Gliscor\n|-heal|p2a: Gliscor|75\/100 tox\n|-singleturn|p2a: Gliscor|move: Roost\n|\n|-heal|p2a: Gliscor|87\/100 tox|[from] ability: Poison Heal\n|upkeep\n|turn|20\n|\n|t:|1701191958\n|move|p1a: Tapu Koko|Dazzling Gleam|p2a: Gliscor\n|-damage|p2a: Gliscor|49\/100 tox\n|move|p2a: Gliscor|Roost|p2a: Gliscor\n|-heal|p2a: Gliscor|99\/100 tox\n|-singleturn|p2a: Gliscor|move: Roost\n|\n|-heal|p2a: Gliscor|100\/100 tox|[from] ability: Poison Heal\n|upkeep\n|turn|21\n|\n|t:|1701191961\n|move|p1a: Tapu Koko|Dazzling Gleam|p2a: Gliscor\n|-damage|p2a: Gliscor|57\/100 tox\n|move|p2a: Gliscor|Toxic|p1a: Tapu Koko\n|-status|p1a: Tapu Koko|tox\n|\n|-damage|p1a: Tapu Koko|94\/100 tox|[from] psn\n|-heal|p2a: Gliscor|70\/100 tox|[from] ability: Poison Heal\n|upkeep\n|turn|22\n|\n|t:|1701191973\n|move|p1a: Tapu Koko|Dazzling Gleam|p2a: Gliscor\n|-damage|p2a: Gliscor|26\/100 tox\n|move|p2a: Gliscor|Roost|p2a: Gliscor\n|-heal|p2a: Gliscor|76\/100 tox\n|-singleturn|p2a: Gliscor|move: Roost\n|\n|-damage|p1a: Tapu Koko|82\/100 tox|[from] psn\n|-heal|p2a: Gliscor|89\/100 tox|[from] ability: Poison Heal\n|-fieldend|move: Electric Terrain\n|upkeep\n|turn|23\n|\n|t:|1701191983\n|move|p1a: Tapu Koko|Dazzling Gleam|p2a: Gliscor\n|-damage|p2a: Gliscor|50\/100 tox\n|move|p2a: Gliscor|Earthquake|p1a: Tapu Koko\n|-supereffective|p1a: Tapu Koko\n|-damage|p1a: Tapu Koko|0 fnt\n|faint|p1a: Tapu Koko\n|\n|-heal|p2a: Gliscor|63\/100 tox|[from] ability: Poison Heal\n|upkeep\n|\n|t:|1701191990\n|switch|p1a: Beedrill|Beedrill-Mega, F|100\/100\n|turn|24\n|\n|t:|1701192013\n|move|p1a: Beedrill|Knock Off|p2a: Gliscor\n|-damage|p2a: Gliscor|31\/100 tox\n|-enditem|p2a: Gliscor|Toxic Orb|[from] move: Knock Off|[of] p1a: Beedrill\n|move|p2a: Gliscor|Roost|p2a: Gliscor\n|-heal|p2a: Gliscor|81\/100 tox\n|-singleturn|p2a: Gliscor|move: Roost\n|\n|-heal|p2a: Gliscor|93\/100 tox|[from] ability: Poison Heal\n|upkeep\n|turn|25\n|\n|t:|1701192020\n|switch|p1a: Gliscor|Gliscor, M|100\/100 tox\n|move|p2a: Gliscor|Earthquake|p1a: Gliscor\n|-immune|p1a: Gliscor\n|\n|-heal|p2a: Gliscor|100\/100 tox|[from] ability: Poison Heal\n|upkeep\n|turn|26\n|\n|t:|1701192027\n|move|p2a: Gliscor|Spikes|p1a: Gliscor\n|-sidestart|p1: reimdm|Spikes\n|move|p1a: Gliscor|Knock Off|p2a: Gliscor\n|-damage|p2a: Gliscor|89\/100 tox\n|\n|-heal|p2a: Gliscor|100\/100 tox|[from] ability: Poison Heal\n|upkeep\n|turn|27\n|\n|t:|1701192031\n|move|p2a: Gliscor|Spikes|p1a: Gliscor\n|-sidestart|p1: reimdm|Spikes\n|move|p1a: Gliscor|Defog|p2a: Gliscor\n|-unboost|p2a: Gliscor|evasion|1\n|-sideend|p1: reimdm|Spikes|[from] move: Defog|[of] p1a: Gliscor\n|\n|upkeep\n|turn|28\n|\n|t:|1701192044\n|move|p2a: Gliscor|Spikes|p1a: Gliscor\n|-sidestart|p1: reimdm|Spikes\n|move|p1a: Gliscor|Knock Off|p2a: Gliscor\n|-damage|p2a: Gliscor|89\/100 tox\n|\n|-heal|p2a: Gliscor|100\/100 tox|[from] ability: Poison Heal\n|upkeep\n|turn|29\n|\n|t:|1701192049\n|move|p2a: Gliscor|Spikes|p1a: Gliscor\n|-sidestart|p1: reimdm|Spikes\n|move|p1a: Gliscor|Defog|p2a: Gliscor\n|-unboost|p2a: Gliscor|evasion|1\n|-sideend|p1: reimdm|Spikes|[from] move: Defog|[of] p1a: Gliscor\n|\n|upkeep\n|turn|30\n|\n|t:|1701192053\n|move|p2a: Gliscor|Spikes|p1a: Gliscor\n|-sidestart|p1: reimdm|Spikes\n|move|p1a: Gliscor|Defog|p2a: Gliscor\n|-unboost|p2a: Gliscor|evasion|1\n|-sideend|p1: reimdm|Spikes|[from] move: Defog|[of] p1a: Gliscor\n|\n|upkeep\n|turn|31\n|\n|t:|1701192057\n|move|p2a: Gliscor|Spikes|p1a: Gliscor\n|-sidestart|p1: reimdm|Spikes\n|move|p1a: Gliscor|Defog|p2a: Gliscor\n|-unboost|p2a: Gliscor|evasion|1\n|-sideend|p1: reimdm|Spikes|[from] move: Defog|[of] p1a: Gliscor\n|\n|upkeep\n|turn|32\n|\n|t:|1701192060\n|move|p2a: Gliscor|Spikes|p1a: Gliscor\n|-sidestart|p1: reimdm|Spikes\n|move|p1a: Gliscor|Defog|p2a: Gliscor\n|-unboost|p2a: Gliscor|evasion|1\n|-sideend|p1: reimdm|Spikes|[from] move: Defog|[of] p1a: Gliscor\n|\n|upkeep\n|turn|33\n|\n|t:|1701192066\n|move|p2a: Gliscor|Spikes|p1a: Gliscor\n|-sidestart|p1: reimdm|Spikes\n|move|p1a: Gliscor|Earthquake|p2a: Gliscor\n|-immune|p2a: Gliscor\n|\n|upkeep\n|turn|34\n|\n|t:|1701192069\n|move|p2a: Gliscor|Spikes|p1a: Gliscor\n|-sidestart|p1: reimdm|Spikes\n|move|p1a: Gliscor|Earthquake|p2a: Gliscor\n|-immune|p2a: Gliscor\n|\n|upkeep\n|turn|35\n|\n|t:|1701192071\n|move|p2a: Gliscor|Toxic|p1a: Gliscor\n|-fail|p1a: Gliscor|tox\n|move|p1a: Gliscor|Earthquake|p2a: Gliscor\n|-immune|p2a: Gliscor\n|\n|upkeep\n|turn|36\n|\n|t:|1701192077\n|move|p2a: Gliscor|Spikes|p1a: Gliscor\n|-sidestart|p1: reimdm|Spikes\n|move|p1a: Gliscor|Defog|p2a: Gliscor\n|-unboost|p2a: Gliscor|evasion|1\n|-sideend|p1: reimdm|Spikes|[from] move: Defog|[of] p1a: Gliscor\n|\n|upkeep\n|turn|37\n|\n|t:|1701192085\n|move|p2a: Gliscor|Spikes|p1a: Gliscor\n|-sidestart|p1: reimdm|Spikes\n|move|p1a: Gliscor|Earthquake|p2a: Gliscor\n|-immune|p2a: Gliscor\n|\n|upkeep\n|turn|38\n|\n|t:|1701192092\n|move|p2a: Gliscor|Toxic|p1a: Gliscor\n|-fail|p1a: Gliscor|tox\n|move|p1a: Gliscor|Earthquake|p2a: Gliscor\n|-immune|p2a: Gliscor\n|\n|upkeep\n|turn|39\n|\n|t:|1701192096\n|move|p2a: Gliscor|Toxic|p1a: Gliscor\n|-fail|p1a: Gliscor|tox\n|move|p1a: Gliscor|Earthquake|p2a: Gliscor\n|-immune|p2a: Gliscor\n|\n|upkeep\n|turn|40\n|\n|t:|1701192098\n|move|p2a: Gliscor|Toxic|p1a: Gliscor\n|-fail|p1a: Gliscor|tox\n|move|p1a: Gliscor|Defog|p2a: Gliscor\n|-unboost|p2a: Gliscor|evasion|0\n|-sideend|p1: reimdm|Spikes|[from] move: Defog|[of] p1a: Gliscor\n|\n|upkeep\n|turn|41\n|\n|t:|1701192100\n|move|p2a: Gliscor|Spikes|p1a: Gliscor\n|-sidestart|p1: reimdm|Spikes\n|move|p1a: Gliscor|Earthquake|p2a: Gliscor\n|-immune|p2a: Gliscor\n|\n|upkeep\n|turn|42\n|\n|t:|1701192104\n|move|p2a: Gliscor|Toxic|p1a: Gliscor\n|-fail|p1a: Gliscor|tox\n|move|p1a: Gliscor|Earthquake|p2a: Gliscor\n|-immune|p2a: Gliscor\n|\n|upkeep\n|turn|43\n|\n|t:|1701192113\n|move|p2a: Gliscor|Toxic|p1a: Gliscor\n|-fail|p1a: Gliscor|tox\n|move|p1a: Gliscor|Knock Off|p2a: Gliscor\n|-damage|p2a: Gliscor|89\/100 tox\n|\n|-heal|p2a: Gliscor|100\/100 tox|[from] ability: Poison Heal\n|upkeep\n|turn|44\n|\n|t:|1701192116\n|move|p2a: Gliscor|Toxic|p1a: Gliscor\n|-fail|p1a: Gliscor|tox\n|move|p1a: Gliscor|Knock Off|p2a: Gliscor\n|-damage|p2a: Gliscor|88\/100 tox\n|\n|-heal|p2a: Gliscor|100\/100 tox|[from] ability: Poison Heal\n|upkeep\n|turn|45\n|\n|t:|1701192120\n|move|p2a: Gliscor|Toxic|p1a: Gliscor\n|-fail|p1a: Gliscor|tox\n|move|p1a: Gliscor|Knock Off|p2a: Gliscor\n|-crit|p2a: Gliscor\n|-damage|p2a: Gliscor|84\/100 tox\n|\n|-heal|p2a: Gliscor|96\/100 tox|[from] ability: Poison Heal\n|upkeep\n|turn|46\n|\n|t:|1701192123\n|move|p2a: Gliscor|Toxic|p1a: Gliscor\n|-fail|p1a: Gliscor|tox\n|move|p1a: Gliscor|Roost||[still]\n|-fail|p1a: Gliscor|heal\n|\n|-heal|p2a: Gliscor|100\/100 tox|[from] ability: Poison Heal\n|upkeep\n|turn|47\n|\n|t:|1701192125\n|move|p2a: Gliscor|Toxic|p1a: Gliscor\n|-fail|p1a: Gliscor|tox\n|move|p1a: Gliscor|Defog|p2a: Gliscor\n|-unboost|p2a: Gliscor|evasion|0\n|-sideend|p1: reimdm|Spikes|[from] move: Defog|[of] p1a: Gliscor\n|\n|upkeep\n|turn|48\n|\n|t:|1701192144\n|move|p2a: Gliscor|Spikes|p1a: Gliscor\n|-sidestart|p1: reimdm|Spikes\n|move|p1a: Gliscor|Earthquake|p2a: Gliscor\n|-immune|p2a: Gliscor\n|\n|upkeep\n|turn|49\n|\n|t:|1701192151\n|move|p2a: Gliscor|Toxic|p1a: Gliscor\n|-fail|p1a: Gliscor|tox\n|move|p1a: Gliscor|Earthquake|p2a: Gliscor\n|-immune|p2a: Gliscor\n|\n|upkeep\n|turn|50\n|-message|reimdm forfeited.\n|\n|win|rffjkbb\n|raw|reimdm's rating: 1122 &rarr; <strong>1094<\/strong><br \/>(-28 for losing)\n|raw|rffjkbb's rating: 1078 &rarr; <strong>1110<\/strong><br \/>(+32 for winning)\n","uploadtime":1701192159,"views":0,"p1id":"reimdm","p2id":"rffjkbb","formatid":"gen9nationaldex","rating":1094,"private":0,"password":""}