{"id":"gen9nationaldex-1995871574","p1":"Vaconsio1","p2":"Bumpers362","format":"[Gen 9] National Dex","log":"|html|<div class=\"broadcast-blue\"><strong>[Gen 9] National Dex is currently suspecting Sneasler! For information on how to participate check out the <a href=\"https:\/\/www.smogon.com\/forums\/threads\/sv-national-dex-suspect-8-just-dance.3731534\/\">suspect thread<\/a>.<\/strong><\/div>\n|j|\u2606Vaconsio1\n|j|\u2606Bumpers362\n|t:|1700611924\n|gametype|singles\n|player|p1|Vaconsio1|skier|1328\n|player|p2|Bumpers362|steven|1277\n|teamsize|p1|6\n|teamsize|p2|6\n|gen|9\n|tier|[Gen 9] National Dex\n|rated|\n|rule|HP Percentage Mod: HP is shown in percentages\n|rule|Endless Battle Clause: Forcing endless battles is banned\n|rule|OHKO Clause: OHKO moves are banned\n|rule|Evasion Clause: Evasion abilities, items, and moves are banned\n|rule|Evasion Abilities Clause: Evasion abilities are banned\n|rule|Evasion Items Clause: Evasion items are banned\n|rule|Evasion Moves Clause: Evasion moves are banned\n|rule|Species Clause: Limit one of each Pok\u00e9mon\n|rule|Sleep Clause Mod: Limit one foe put to sleep\n|clearpoke\n|poke|p1|Tyranitar, F|\n|poke|p1|Lycanroc, F|\n|poke|p1|Garganacl, M|\n|poke|p1|Corviknight, F|\n|poke|p1|Jellicent, F|\n|poke|p1|Thundurus-Therian, M|\n|poke|p2|Beedrill, M|\n|poke|p2|Umbreon, M|\n|poke|p2|Grimmsnarl, M|\n|poke|p2|Garganacl, F|\n|poke|p2|Iron Moth|\n|poke|p2|Gliscor, M|\n|teampreview\n|inactive|Battle timer is ON: inactive players will automatically lose when time's up. (requested by Bumpers362)\n|\n|t:|1700611931\n|start\n|switch|p1a: Tyranitar|Tyranitar, F, shiny|100\/100\n|switch|p2a: Garganacl|Garganacl, F|100\/100\n|-weather|Sandstorm|[from] ability: Sand Stream|[of] p1a: Tyranitar\n|turn|1\n|\n|t:|1700611939\n|move|p1a: Tyranitar|Knock Off|p2a: Garganacl\n|-damage|p2a: Garganacl|78\/100\n|-enditem|p2a: Garganacl|Leftovers|[from] move: Knock Off|[of] p1a: Tyranitar\n|move|p2a: Garganacl|Body Press|p1a: Tyranitar\n|-supereffective|p1a: Tyranitar\n|-damage|p1a: Tyranitar|14\/100\n|\n|-weather|Sandstorm|[upkeep]\n|upkeep\n|turn|2\n|\n|t:|1700611949\n|switch|p1a: Jellicent|Jellicent, F, shiny|100\/100\n|move|p2a: Garganacl|Salt Cure|p1a: Jellicent\n|-damage|p1a: Jellicent|86\/100\n|-start|p1a: Jellicent|Salt Cure\n|\n|-weather|Sandstorm|[upkeep]\n|-damage|p1a: Jellicent|79\/100|[from] Sandstorm\n|-heal|p1a: Jellicent|86\/100|[from] item: Leftovers\n|-damage|p1a: Jellicent|61\/100|[from] Salt Cure\n|upkeep\n|turn|3\n|\n|t:|1700611961\n|move|p1a: Jellicent|Scald|p2a: Garganacl\n|-supereffective|p2a: Garganacl\n|-damage|p2a: Garganacl|48\/100\n|move|p2a: Garganacl|Recover|p2a: Garganacl\n|-heal|p2a: Garganacl|98\/100\n|\n|-weather|Sandstorm|[upkeep]\n|-damage|p1a: Jellicent|55\/100|[from] Sandstorm\n|-heal|p1a: Jellicent|61\/100|[from] item: Leftovers\n|-damage|p1a: Jellicent|36\/100|[from] Salt Cure\n|upkeep\n|turn|4\n|\n|t:|1700611973\n|move|p1a: Jellicent|Strength Sap|p2a: Garganacl\n|-unboost|p2a: Garganacl|atk|1\n|-heal|p1a: Jellicent|100\/100\n|move|p2a: Garganacl|Iron Defense|p2a: Garganacl\n|-boost|p2a: Garganacl|def|2\n|\n|-weather|Sandstorm|[upkeep]\n|-damage|p1a: Jellicent|94\/100|[from] Sandstorm\n|-heal|p1a: Jellicent|100\/100|[from] item: Leftovers\n|-damage|p1a: Jellicent|76\/100|[from] Salt Cure\n|upkeep\n|turn|5\n|\n|t:|1700611990\n|switch|p1a: Garganacl|Garganacl, M, shiny|100\/100\n|move|p2a: Garganacl|Iron Defense|p2a: Garganacl\n|-boost|p2a: Garganacl|def|2\n|\n|-weather|Sandstorm|[upkeep]\n|upkeep\n|turn|6\n|\n|t:|1700611998\n|-terastallize|p1a: Garganacl|Ghost\n|move|p1a: Garganacl|Salt Cure|p2a: Garganacl\n|-damage|p2a: Garganacl|95\/100\n|-start|p2a: Garganacl|Salt Cure\n|move|p2a: Garganacl|Body Press|p1a: Garganacl\n|-immune|p1a: Garganacl\n|\n|-weather|Sandstorm|[upkeep]\n|-damage|p1a: Garganacl|94\/100|[from] Sandstorm\n|-heal|p1a: Garganacl|100\/100|[from] item: Leftovers\n|-damage|p2a: Garganacl|83\/100|[from] Salt Cure\n|upkeep\n|turn|7\n|\n|t:|1700612012\n|move|p2a: Garganacl|Salt Cure|p1a: Garganacl\n|-damage|p1a: Garganacl|95\/100\n|-start|p1a: Garganacl|Salt Cure\n|move|p1a: Garganacl|Iron Defense|p1a: Garganacl\n|-boost|p1a: Garganacl|def|2\n|\n|-weather|Sandstorm|[upkeep]\n|-damage|p1a: Garganacl|89\/100|[from] Sandstorm\n|-heal|p1a: Garganacl|95\/100|[from] item: Leftovers\n|-damage|p1a: Garganacl|83\/100|[from] Salt Cure\n|-damage|p2a: Garganacl|71\/100|[from] Salt Cure\n|upkeep\n|turn|8\n|\n|t:|1700612025\n|-terastallize|p2a: Garganacl|Ghost\n|move|p2a: Garganacl|Iron Defense|p2a: Garganacl\n|-boost|p2a: Garganacl|def|2\n|move|p1a: Garganacl|Iron Defense|p1a: Garganacl\n|-boost|p1a: Garganacl|def|2\n|\n|-weather|none\n|-heal|p1a: Garganacl|89\/100|[from] item: Leftovers\n|-damage|p2a: Garganacl|58\/100|[from] Salt Cure\n|-damage|p1a: Garganacl|77\/100|[from] Salt Cure\n|upkeep\n|turn|9\n|\n|t:|1700612036\n|move|p1a: Garganacl|Iron Defense|p1a: Garganacl\n|-boost|p1a: Garganacl|def|2\n|move|p2a: Garganacl|Recover|p2a: Garganacl\n|-heal|p2a: Garganacl|100\/100\n|\n|-heal|p1a: Garganacl|83\/100|[from] item: Leftovers\n|-damage|p2a: Garganacl|88\/100|[from] Salt Cure\n|-damage|p1a: Garganacl|70\/100|[from] Salt Cure\n|upkeep\n|turn|10\n|\n|t:|1700612046\n|move|p1a: Garganacl|Salt Cure|p2a: Garganacl\n|-damage|p2a: Garganacl|86\/100\n|move|p2a: Garganacl|Salt Cure|p1a: Garganacl\n|-damage|p1a: Garganacl|69\/100\n|\n|-heal|p1a: Garganacl|75\/100|[from] item: Leftovers\n|-damage|p2a: Garganacl|74\/100|[from] Salt Cure\n|-damage|p1a: Garganacl|62\/100|[from] Salt Cure\n|upkeep\n|turn|11\n|\n|t:|1700612060\n|move|p1a: Garganacl|Body Press|p2a: Garganacl\n|-immune|p2a: Garganacl\n|move|p2a: Garganacl|Salt Cure|p1a: Garganacl\n|-damage|p1a: Garganacl|61\/100\n|\n|-heal|p1a: Garganacl|67\/100|[from] item: Leftovers\n|-damage|p1a: Garganacl|55\/100|[from] Salt Cure\n|-damage|p2a: Garganacl|62\/100|[from] Salt Cure\n|upkeep\n|turn|12\n|\n|t:|1700612071\n|switch|p2a: Gliscor|Gliscor, M|100\/100\n|move|p1a: Garganacl|Salt Cure|p2a: Gliscor\n|-damage|p2a: Gliscor|90\/100\n|-start|p2a: Gliscor|Salt Cure\n|\n|-heal|p1a: Garganacl|61\/100|[from] item: Leftovers\n|-damage|p2a: Gliscor|78\/100|[from] Salt Cure\n|-damage|p1a: Garganacl|48\/100|[from] Salt Cure\n|-status|p2a: Gliscor|tox|[from] item: Toxic Orb\n|upkeep\n|turn|13\n|\n|t:|1700612085\n|move|p2a: Gliscor|Defog|p1a: Garganacl\n|-unboost|p1a: Garganacl|evasion|1\n|move|p1a: Garganacl|Recover|p1a: Garganacl\n|-heal|p1a: Garganacl|98\/100\n|\n|-heal|p1a: Garganacl|100\/100|[from] item: Leftovers\n|-heal|p2a: Gliscor|90\/100 tox|[from] ability: Poison Heal\n|-damage|p2a: Gliscor|78\/100 tox|[from] Salt Cure\n|-damage|p1a: Garganacl|88\/100|[from] Salt Cure\n|upkeep\n|turn|14\n|\n|t:|1700612101\n|switch|p2a: Garganacl|Garganacl, F, tera:Ghost|62\/100\n|switch|p1a: Tyranitar|Tyranitar, F, shiny|14\/100\n|-weather|Sandstorm|[from] ability: Sand Stream|[of] p1a: Tyranitar\n|\n|-weather|Sandstorm|[upkeep]\n|-damage|p2a: Garganacl|55\/100|[from] Sandstorm\n|upkeep\n|turn|15\n|\n|t:|1700612115\n|move|p1a: Tyranitar|Stealth Rock|p2a: Garganacl\n|-sidestart|p2: Bumpers362|move: Stealth Rock\n|move|p2a: Garganacl|Recover|p2a: Garganacl\n|-heal|p2a: Garganacl|100\/100\n|\n|-weather|Sandstorm|[upkeep]\n|-damage|p2a: Garganacl|94\/100|[from] Sandstorm\n|upkeep\n|turn|16\n|\n|t:|1700612125\n|switch|p1a: Jellicent|Jellicent, F, shiny|76\/100\n|move|p2a: Garganacl|Salt Cure|p1a: Jellicent\n|-damage|p1a: Jellicent|62\/100\n|-start|p1a: Jellicent|Salt Cure\n|\n|-weather|Sandstorm|[upkeep]\n|-damage|p1a: Jellicent|56\/100|[from] Sandstorm\n|-damage|p2a: Garganacl|88\/100|[from] Sandstorm\n|-heal|p1a: Jellicent|62\/100|[from] item: Leftovers\n|-damage|p1a: Jellicent|38\/100|[from] Salt Cure\n|upkeep\n|turn|17\n|\n|t:|1700612138\n|move|p1a: Jellicent|Strength Sap|p2a: Garganacl\n|-unboost|p2a: Garganacl|atk|1\n|-heal|p1a: Jellicent|100\/100\n|move|p2a: Garganacl|Iron Defense|p2a: Garganacl\n|-boost|p2a: Garganacl|def|2\n|\n|-weather|Sandstorm|[upkeep]\n|-damage|p1a: Jellicent|94\/100|[from] Sandstorm\n|-damage|p2a: Garganacl|82\/100|[from] Sandstorm\n|-heal|p1a: Jellicent|100\/100|[from] item: Leftovers\n|-damage|p1a: Jellicent|76\/100|[from] Salt Cure\n|upkeep\n|turn|18\n|\n|t:|1700612154\n|switch|p1a: Thundurus|Thundurus-Therian, M, shiny|100\/100\n|move|p2a: Garganacl|Iron Defense|p2a: Garganacl\n|-boost|p2a: Garganacl|def|2\n|\n|-weather|Sandstorm|[upkeep]\n|-damage|p1a: Thundurus|94\/100|[from] Sandstorm\n|-damage|p2a: Garganacl|76\/100|[from] Sandstorm\n|upkeep\n|turn|19\n|\n|t:|1700612163\n|move|p1a: Thundurus|Dark Pulse|p2a: Garganacl\n|-supereffective|p2a: Garganacl\n|-damage|p2a: Garganacl|19\/100\n|move|p2a: Garganacl|Salt Cure|p1a: Thundurus\n|-supereffective|p1a: Thundurus\n|-damage|p1a: Thundurus|66\/100\n|-start|p1a: Thundurus|Salt Cure\n|\n|-weather|Sandstorm|[upkeep]\n|-damage|p1a: Thundurus|60\/100|[from] Sandstorm\n|-damage|p2a: Garganacl|13\/100|[from] Sandstorm\n|-damage|p1a: Thundurus|47\/100|[from] Salt Cure\n|upkeep\n|turn|20\n|\n|t:|1700612177\n|switch|p2a: Grimmsnarl|Grimmsnarl, M|100\/100\n|-damage|p2a: Grimmsnarl|88\/100|[from] Stealth Rock\n|move|p1a: Thundurus|Dark Pulse|p2a: Grimmsnarl\n|-resisted|p2a: Grimmsnarl\n|-damage|p2a: Grimmsnarl|82\/100\n|\n|-weather|Sandstorm|[upkeep]\n|-damage|p1a: Thundurus|41\/100|[from] Sandstorm\n|-damage|p2a: Grimmsnarl|76\/100|[from] Sandstorm\n|-damage|p1a: Thundurus|29\/100|[from] Salt Cure\n|upkeep\n|turn|21\n|\n|t:|1700612189\n|move|p2a: Grimmsnarl|Reflect|p2a: Grimmsnarl\n|-sidestart|p2: Bumpers362|Reflect\n|move|p1a: Thundurus|Volt Switch|p2a: Grimmsnarl\n|-damage|p2a: Grimmsnarl|44\/100\n|\n|t:|1700612195\n|switch|p1a: Garganacl|Garganacl, M, shiny, tera:Ghost|88\/100|[from] Volt Switch\n|\n|-weather|none\n|-heal|p1a: Garganacl|94\/100|[from] item: Leftovers\n|upkeep\n|turn|22\n|\n|t:|1700612203\n|switch|p2a: Gliscor|Gliscor, M|78\/100 tox\n|-damage|p2a: Gliscor|65\/100 tox|[from] Stealth Rock\n|move|p1a: Garganacl|Salt Cure|p2a: Gliscor\n|-damage|p2a: Gliscor|60\/100 tox\n|-start|p2a: Gliscor|Salt Cure\n|\n|-heal|p1a: Garganacl|100\/100|[from] item: Leftovers\n|-heal|p2a: Gliscor|72\/100 tox|[from] ability: Poison Heal\n|-damage|p2a: Gliscor|60\/100 tox|[from] Salt Cure\n|upkeep\n|turn|23\n|\n|t:|1700612215\n|switch|p1a: Jellicent|Jellicent, F, shiny|76\/100\n|move|p2a: Gliscor|Defog|p1a: Jellicent\n|-unboost|p1a: Jellicent|evasion|1\n|-sideend|p2: Bumpers362|Stealth Rock|[from] move: Defog|[of] p2a: Gliscor\n|\n|-heal|p1a: Jellicent|82\/100|[from] item: Leftovers\n|-heal|p2a: Gliscor|72\/100 tox|[from] ability: Poison Heal\n|-damage|p2a: Gliscor|60\/100 tox|[from] Salt Cure\n|upkeep\n|turn|24\n|\n|t:|1700612228\n|move|p2a: Gliscor|Toxic|p1a: Jellicent\n|-status|p1a: Jellicent|tox\n|move|p1a: Jellicent|Scald|p2a: Gliscor\n|-supereffective|p2a: Gliscor\n|-damage|p2a: Gliscor|15\/100 tox\n|\n|-heal|p1a: Jellicent|88\/100 tox|[from] item: Leftovers\n|-heal|p2a: Gliscor|27\/100 tox|[from] ability: Poison Heal\n|-damage|p1a: Jellicent|82\/100 tox|[from] psn\n|-damage|p2a: Gliscor|15\/100 tox|[from] Salt Cure\n|upkeep\n|turn|25\n|\n|t:|1700612241\n|switch|p1a: Tyranitar|Tyranitar, F, shiny|14\/100\n|-weather|Sandstorm|[from] ability: Sand Stream|[of] p1a: Tyranitar\n|move|p2a: Gliscor|Protect||[still]\n|-fail|p2a: Gliscor\n|\n|-weather|Sandstorm|[upkeep]\n|-heal|p2a: Gliscor|27\/100 tox|[from] ability: Poison Heal\n|-damage|p2a: Gliscor|15\/100 tox|[from] Salt Cure\n|upkeep\n|turn|26\n|\n|t:|1700612252\n|move|p2a: Gliscor|Earthquake|p1a: Tyranitar\n|-supereffective|p1a: Tyranitar\n|-damage|p1a: Tyranitar|0 fnt\n|faint|p1a: Tyranitar\n|\n|-weather|Sandstorm|[upkeep]\n|-heal|p2a: Gliscor|27\/100 tox|[from] ability: Poison Heal\n|-damage|p2a: Gliscor|15\/100 tox|[from] Salt Cure\n|upkeep\n|\n|t:|1700612262\n|switch|p1a: Thundurus|Thundurus-Therian, M, shiny|29\/100\n|turn|27\n|\n|t:|1700612273\n|switch|p2a: Umbreon|Umbreon, M, shiny|100\/100\n|move|p1a: Thundurus|Dark Pulse|p2a: Umbreon\n|-resisted|p2a: Umbreon\n|-damage|p2a: Umbreon|93\/100\n|\n|-weather|Sandstorm|[upkeep]\n|-damage|p1a: Thundurus|23\/100|[from] Sandstorm\n|-damage|p2a: Umbreon|87\/100|[from] Sandstorm\n|-heal|p2a: Umbreon|93\/100|[from] item: Leftovers\n|upkeep\n|turn|28\n|\n|t:|1700612289\n|move|p1a: Thundurus|Volt Switch|p2a: Umbreon\n|-damage|p2a: Umbreon|72\/100\n|\n|t:|1700612293\n|switch|p1a: Garganacl|Garganacl, M, shiny, tera:Ghost|100\/100|[from] Volt Switch\n|move|p2a: Umbreon|Toxic|p1a: Garganacl\n|-immune|p1a: Garganacl|[from] ability: Purifying Salt\n|\n|-weather|Sandstorm|[upkeep]\n|-damage|p2a: Umbreon|65\/100|[from] Sandstorm\n|-damage|p1a: Garganacl|94\/100|[from] Sandstorm\n|-heal|p2a: Umbreon|72\/100|[from] item: Leftovers\n|-heal|p1a: Garganacl|100\/100|[from] item: Leftovers\n|-sideend|p2: Bumpers362|Reflect\n|upkeep\n|turn|29\n|\n|t:|1700612307\n|move|p2a: Umbreon|Foul Play|p1a: Garganacl\n|-supereffective|p1a: Garganacl\n|-crit|p1a: Garganacl\n|-damage|p1a: Garganacl|39\/100\n|move|p1a: Garganacl|Salt Cure|p2a: Umbreon\n|-damage|p2a: Umbreon|61\/100\n|-start|p2a: Umbreon|Salt Cure\n|\n|-weather|Sandstorm|[upkeep]\n|-damage|p2a: Umbreon|55\/100|[from] Sandstorm\n|-damage|p1a: Garganacl|33\/100|[from] Sandstorm\n|-heal|p2a: Umbreon|61\/100|[from] item: Leftovers\n|-heal|p1a: Garganacl|39\/100|[from] item: Leftovers\n|-damage|p2a: Umbreon|48\/100|[from] Salt Cure\n|upkeep\n|turn|30\n|\n|t:|1700612321\n|move|p2a: Umbreon|Foul Play|p1a: Garganacl\n|-supereffective|p1a: Garganacl\n|-damage|p1a: Garganacl|2\/100\n|move|p1a: Garganacl|Recover|p1a: Garganacl\n|-heal|p1a: Garganacl|52\/100\n|\n|-weather|Sandstorm|[upkeep]\n|-damage|p2a: Umbreon|42\/100|[from] Sandstorm\n|-damage|p1a: Garganacl|46\/100|[from] Sandstorm\n|-heal|p2a: Umbreon|48\/100|[from] item: Leftovers\n|-heal|p1a: Garganacl|52\/100|[from] item: Leftovers\n|-damage|p2a: Umbreon|36\/100|[from] Salt Cure\n|upkeep\n|turn|31\n|\n|t:|1700612334\n|move|p2a: Umbreon|Wish|p2a: Umbreon\n|move|p1a: Garganacl|Recover|p1a: Garganacl\n|-heal|p1a: Garganacl|100\/100\n|\n|-weather|Sandstorm|[upkeep]\n|-damage|p2a: Umbreon|30\/100|[from] Sandstorm\n|-damage|p1a: Garganacl|94\/100|[from] Sandstorm\n|-heal|p2a: Umbreon|36\/100|[from] item: Leftovers\n|-heal|p1a: Garganacl|100\/100|[from] item: Leftovers\n|-damage|p2a: Umbreon|23\/100|[from] Salt Cure\n|upkeep\n|turn|32\n|\n|t:|1700612347\n|switch|p2a: Gliscor|Gliscor, M|15\/100 tox\n|switch|p1a: Lycanroc|Lycanroc, F, shiny|100\/100\n|\n|-weather|none\n|-heal|p2a: Gliscor|71\/100 tox|[from] move: Wish|[wisher] Umbreon\n|-heal|p2a: Gliscor|83\/100 tox|[from] ability: Poison Heal\n|upkeep\n|turn|33\n|\n|t:|1700612362\n|switch|p1a: Corviknight|Corviknight, F, shiny|100\/100\n|move|p2a: Gliscor|Defog||[still]\n|-ability|p1a: Corviknight|Mirror Armor\n|-unboost|p2a: Gliscor|evasion|1\n|-fail|p2a: Gliscor\n|\n|-heal|p2a: Gliscor|96\/100 tox|[from] ability: Poison Heal\n|upkeep\n|turn|34\n|\n|t:|1700612373\n|switch|p2a: Grimmsnarl|Grimmsnarl, M|44\/100\n|move|p1a: Corviknight|Bulk Up|p1a: Corviknight\n|-boost|p1a: Corviknight|atk|1\n|-boost|p1a: Corviknight|def|1\n|\n|upkeep\n|turn|35\n|\n|t:|1700612380\n|move|p2a: Grimmsnarl|Thunder Wave|p1a: Corviknight\n|-status|p1a: Corviknight|par\n|cant|p1a: Corviknight|par\n|\n|upkeep\n|turn|36\n|\n|t:|1700612387\n|move|p2a: Grimmsnarl|Reflect|p2a: Grimmsnarl\n|-sidestart|p2: Bumpers362|Reflect\n|move|p1a: Corviknight|Bulk Up|p1a: Corviknight\n|-boost|p1a: Corviknight|atk|1\n|-boost|p1a: Corviknight|def|1\n|\n|upkeep\n|turn|37\n|\n|t:|1700612395\n|move|p2a: Grimmsnarl|Light Screen|p2a: Grimmsnarl\n|-sidestart|p2: Bumpers362|move: Light Screen\n|cant|p1a: Corviknight|par\n|\n|upkeep\n|turn|38\n|\n|t:|1700612400\n|move|p2a: Grimmsnarl|Spirit Break|p1a: Corviknight\n|-resisted|p1a: Corviknight\n|-crit|p1a: Corviknight\n|-damage|p1a: Corviknight|81\/100 par\n|-ability|p1a: Corviknight|Mirror Armor\n|-unboost|p2a: Grimmsnarl|spa|1\n|move|p1a: Corviknight|Bulk Up|p1a: Corviknight\n|-boost|p1a: Corviknight|atk|1\n|-boost|p1a: Corviknight|def|1\n|\n|-heal|p1a: Corviknight|87\/100 par|[from] item: Leftovers\n|upkeep\n|turn|39\n|\n|t:|1700612414\n|switch|p2a: Iron Moth|Iron Moth|100\/100\n|move|p1a: Corviknight|Brave Bird|p2a: Iron Moth\n|-damage|p2a: Iron Moth|19\/100\n|-damage|p1a: Corviknight|64\/100 par|[from] Recoil\n|\n|-heal|p1a: Corviknight|70\/100 par|[from] item: Leftovers\n|upkeep\n|turn|40\n|\n|t:|1700612430\n|switch|p1a: Lycanroc|Lycanroc, F, shiny|100\/100\n|move|p2a: Iron Moth|Overheat|p1a: Lycanroc\n|-resisted|p1a: Lycanroc\n|-damage|p1a: Lycanroc|41\/100\n|-unboost|p2a: Iron Moth|spa|2\n|\n|upkeep\n|turn|41\n|\n|t:|1700612442\n|-end|p2a: Iron Moth|Quark Drive|[silent]\n|switch|p2a: Gliscor|Gliscor, M|96\/100 tox\n|move|p1a: Lycanroc|Rock Slide|p2a: Gliscor\n|-damage|p2a: Gliscor|82\/100 tox\n|\n|-heal|p2a: Gliscor|95\/100 tox|[from] ability: Poison Heal\n|upkeep\n|turn|42\n|\n|t:|1700612452\n|switch|p1a: Corviknight|Corviknight, F, shiny|70\/100 par\n|move|p2a: Gliscor|Defog||[still]\n|-ability|p1a: Corviknight|Mirror Armor\n|-unboost|p2a: Gliscor|evasion|1\n|-fail|p2a: Gliscor\n|\n|-heal|p1a: Corviknight|76\/100 par|[from] item: Leftovers\n|-heal|p2a: Gliscor|100\/100 tox|[from] ability: Poison Heal\n|upkeep\n|turn|43\n|\n|t:|1700612464\n|switch|p2a: Umbreon|Umbreon, M, shiny|23\/100\n|switch|p1a: Thundurus|Thundurus-Therian, M, shiny|23\/100\n|\n|-heal|p2a: Umbreon|29\/100|[from] item: Leftovers\n|-sideend|p2: Bumpers362|Reflect\n|upkeep\n|turn|44\n|\n|t:|1700612474\n|move|p2a: Umbreon|Protect|p2a: Umbreon\n|-singleturn|p2a: Umbreon|Protect\n|move|p1a: Thundurus|Volt Switch|p2a: Umbreon\n|-activate|p2a: Umbreon|move: Protect\n|\n|-heal|p2a: Umbreon|36\/100|[from] item: Leftovers\n|-sideend|p2: Bumpers362|move: Light Screen\n|upkeep\n|turn|45\n|\n|t:|1700612485\n|switch|p1a: Lycanroc|Lycanroc, F, shiny|41\/100\n|move|p2a: Umbreon|Wish|p2a: Umbreon\n|\n|-heal|p2a: Umbreon|42\/100|[from] item: Leftovers\n|upkeep\n|turn|46\n|\n|t:|1700612496\n|move|p2a: Umbreon|Protect|p2a: Umbreon\n|-singleturn|p2a: Umbreon|Protect\n|move|p1a: Lycanroc|Close Combat|p2a: Umbreon\n|-activate|p2a: Umbreon|move: Protect\n|\n|-heal|p2a: Umbreon|92\/100|[from] move: Wish|[wisher] Umbreon\n|-heal|p2a: Umbreon|98\/100|[from] item: Leftovers\n|upkeep\n|turn|47\n|\n|t:|1700612516\n|move|p1a: Lycanroc|Close Combat|p2a: Umbreon\n|-supereffective|p2a: Umbreon\n|-damage|p2a: Umbreon|35\/100\n|-unboost|p1a: Lycanroc|def|1\n|-unboost|p1a: Lycanroc|spd|1\n|move|p2a: Umbreon|Wish|p2a: Umbreon\n|\n|-heal|p2a: Umbreon|41\/100|[from] item: Leftovers\n|upkeep\n|turn|48\n|\n|t:|1700612527\n|move|p2a: Umbreon|Protect|p2a: Umbreon\n|-singleturn|p2a: Umbreon|Protect\n|move|p1a: Lycanroc|Rock Slide|p2a: Umbreon\n|-activate|p2a: Umbreon|move: Protect\n|\n|-heal|p2a: Umbreon|91\/100|[from] move: Wish|[wisher] Umbreon\n|-heal|p2a: Umbreon|97\/100|[from] item: Leftovers\n|upkeep\n|turn|49\n|\n|t:|1700612538\n|switch|p1a: Corviknight|Corviknight, F, shiny|76\/100 par\n|switch|p2a: Gliscor|Gliscor, M|100\/100 tox\n|\n|-heal|p1a: Corviknight|82\/100 par|[from] item: Leftovers\n|upkeep\n|turn|50\n|\n|t:|1700612548\n|switch|p2a: Umbreon|Umbreon, M, shiny|97\/100\n|move|p1a: Corviknight|Bulk Up|p1a: Corviknight\n|-boost|p1a: Corviknight|atk|1\n|-boost|p1a: Corviknight|def|1\n|\n|-heal|p2a: Umbreon|100\/100|[from] item: Leftovers\n|-heal|p1a: Corviknight|88\/100 par|[from] item: Leftovers\n|upkeep\n|turn|51\n|\n|t:|1700612558\n|move|p2a: Umbreon|Wish|p2a: Umbreon\n|move|p1a: Corviknight|Bulk Up|p1a: Corviknight\n|-boost|p1a: Corviknight|atk|1\n|-boost|p1a: Corviknight|def|1\n|\n|-heal|p1a: Corviknight|95\/100 par|[from] item: Leftovers\n|upkeep\n|turn|52\n|\n|t:|1700612566\n|switch|p2a: Garganacl|Garganacl, F, tera:Ghost|13\/100\n|move|p1a: Corviknight|Brave Bird|p2a: Garganacl\n|-damage|p2a: Garganacl|0 fnt\n|faint|p2a: Garganacl\n|-damage|p1a: Corviknight|90\/100 par|[from] Recoil\n|\n|-heal|p1a: Corviknight|96\/100 par|[from] item: Leftovers\n|upkeep\n|\n|t:|1700612572\n|switch|p2a: Iron Moth|Iron Moth|19\/100\n|turn|53\n|\n|t:|1700612583\n|switch|p1a: Jellicent|Jellicent, F, shiny|82\/100 tox\n|move|p2a: Iron Moth|Overheat|p1a: Jellicent\n|-resisted|p1a: Jellicent\n|-damage|p1a: Jellicent|46\/100 tox\n|-unboost|p2a: Iron Moth|spa|2\n|\n|-heal|p1a: Jellicent|52\/100 tox|[from] item: Leftovers\n|-damage|p1a: Jellicent|46\/100 tox|[from] psn\n|upkeep\n|turn|54\n|\n|t:|1700612596\n|-end|p2a: Iron Moth|Quark Drive|[silent]\n|switch|p2a: Gliscor|Gliscor, M|100\/100 tox\n|move|p1a: Jellicent|Strength Sap|p2a: Gliscor\n|-unboost|p2a: Gliscor|atk|1\n|-heal|p1a: Jellicent|100\/100 tox\n|\n|-damage|p1a: Jellicent|88\/100 tox|[from] psn\n|upkeep\n|turn|55\n|\n|t:|1700612611\n|switch|p1a: Thundurus|Thundurus-Therian, M, shiny|23\/100\n|move|p2a: Gliscor|Earthquake|p1a: Thundurus\n|-immune|p1a: Thundurus\n|\n|upkeep\n|turn|56\n|\n|t:|1700612621\n|switch|p1a: Corviknight|Corviknight, F, shiny|96\/100 par\n|move|p2a: Gliscor|Toxic||[still]\n|-fail|p2a: Gliscor\n|\n|-heal|p1a: Corviknight|100\/100 par|[from] item: Leftovers\n|upkeep\n|turn|57\n|\n|t:|1700612632\n|switch|p2a: Iron Moth|Iron Moth|19\/100\n|switch|p1a: Thundurus|Thundurus-Therian, M, shiny|23\/100\n|\n|upkeep\n|turn|58\n|\n|t:|1700612644\n|move|p2a: Iron Moth|Energy Ball|p1a: Thundurus\n|-resisted|p1a: Thundurus\n|-damage|p1a: Thundurus|0 fnt\n|faint|p1a: Thundurus\n|\n|upkeep\n|\n|t:|1700612660\n|switch|p1a: Garganacl|Garganacl, M, shiny, tera:Ghost|100\/100\n|turn|59\n|\n|t:|1700612667\n|move|p2a: Iron Moth|Energy Ball|p1a: Garganacl\n|-damage|p1a: Garganacl|61\/100\n|move|p1a: Garganacl|Salt Cure|p2a: Iron Moth\n|-supereffective|p2a: Iron Moth\n|-damage|p2a: Iron Moth|0 fnt\n|faint|p2a: Iron Moth\n|-end|p2a: Iron Moth|Quark Drive|[silent]\n|\n|-heal|p1a: Garganacl|67\/100|[from] item: Leftovers\n|upkeep\n|\n|t:|1700612672\n|switch|p2a: Beedrill|Beedrill, M|100\/100\n|turn|60\n|\n|t:|1700612684\n|switch|p1a: Jellicent|Jellicent, F, shiny|88\/100 tox\n|detailschange|p2a: Beedrill|Beedrill-Mega, M\n|-mega|p2a: Beedrill|Beedrill|Beedrillite\n|move|p2a: Beedrill|Knock Off|p1a: Jellicent\n|-supereffective|p1a: Jellicent\n|-damage|p1a: Jellicent|9\/100 tox\n|-enditem|p1a: Jellicent|Leftovers|[from] move: Knock Off|[of] p2a: Beedrill\n|\n|-damage|p1a: Jellicent|3\/100 tox|[from] psn\n|upkeep\n|turn|61\n|\n|t:|1700612695\n|move|p2a: Beedrill|Fell Stinger|p1a: Jellicent\n|-resisted|p1a: Jellicent\n|-damage|p1a: Jellicent|0 fnt\n|faint|p1a: Jellicent\n|-boost|p2a: Beedrill|atk|3\n|\n|upkeep\n|\n|t:|1700612703\n|switch|p1a: Corviknight|Corviknight, F, shiny|100\/100 par\n|turn|62\n|\n|t:|1700612707\n|move|p2a: Beedrill|Knock Off|p1a: Corviknight\n|-damage|p1a: Corviknight|22\/100 par\n|-enditem|p1a: Corviknight|Leftovers|[from] move: Knock Off|[of] p2a: Beedrill\n|move|p1a: Corviknight|Bulk Up|p1a: Corviknight\n|-boost|p1a: Corviknight|atk|1\n|-boost|p1a: Corviknight|def|1\n|\n|upkeep\n|turn|63\n|\n|t:|1700612715\n|move|p2a: Beedrill|Knock Off|p1a: Corviknight\n|-crit|p1a: Corviknight\n|-damage|p1a: Corviknight|0 fnt\n|faint|p1a: Corviknight\n|\n|upkeep\n|\n|t:|1700612722\n|switch|p1a: Garganacl|Garganacl, M, shiny, tera:Ghost|67\/100\n|turn|64\n|\n|t:|1700612726\n|move|p2a: Beedrill|Knock Off|p1a: Garganacl\n|-supereffective|p1a: Garganacl\n|-damage|p1a: Garganacl|0 fnt\n|-enditem|p1a: Garganacl|Leftovers|[from] move: Knock Off|[of] p2a: Beedrill\n|faint|p1a: Garganacl\n|\n|upkeep\n|-message|Vaconsio1 forfeited.\n|\n|win|Bumpers362\n|raw|Vaconsio1's rating: 1328 &rarr; <strong>1307<\/strong><br \/>(-21 for losing)\n|raw|Bumpers362's rating: 1304 &rarr; <strong>1325<\/strong><br \/>(+21 for winning)\n|l|\u2606Vaconsio1\n","uploadtime":1700612737,"views":1,"p1id":"vaconsio1","p2id":"bumpers362","formatid":"gen9nationaldex","rating":1307,"private":0,"password":""}