{"id":"gen9nationaldex-1987397914","p1":"watmynameokokk","p2":"woodsironsthereal1","format":"[Gen 9] National Dex","log":"|j|\u2606watmynameokokk\n|j|\u2606woodsironsthereal1\n|t:|1699586150\n|gametype|singles\n|player|p1|watmynameokokk|steven|1000\n|player|p2|woodsironsthereal1|1|1000\n|teamsize|p1|6\n|teamsize|p2|6\n|gen|9\n|tier|[Gen 9] National Dex\n|rated|\n|rule|HP Percentage Mod: HP is shown in percentages\n|rule|Endless Battle Clause: Forcing endless battles is banned\n|rule|OHKO Clause: OHKO moves are banned\n|rule|Evasion Clause: Evasion abilities, items, and moves are banned\n|rule|Evasion Abilities Clause: Evasion abilities are banned\n|rule|Evasion Items Clause: Evasion items are banned\n|rule|Evasion Moves Clause: Evasion moves are banned\n|rule|Species Clause: Limit one of each Pok\u00e9mon\n|rule|Sleep Clause Mod: Limit one foe put to sleep\n|clearpoke\n|poke|p1|Aerodactyl, M|\n|poke|p1|Clefable, F|\n|poke|p1|Slowbro, M|\n|poke|p1|Dragonite, M|\n|poke|p1|Garchomp, F|\n|poke|p1|Volcarona, F|\n|poke|p2|Aron, L1, M|\n|poke|p2|Ditto|\n|poke|p2|Meowscarada, F|\n|poke|p2|Rattata, L1, F|\n|poke|p2|Heatran, M|\n|poke|p2|Clodsire, M|\n|teampreview\n|\n|t:|1699586155\n|start\n|switch|p1a: Aerodactyl|Aerodactyl, M|100\/100\n|switch|p2a: Rattata|Rattata, L1, F|100\/100\n|turn|1\n|\n|t:|1699586163\n|move|p1a: Aerodactyl|Crunch|p2a: Rattata\n|-enditem|p2a: Rattata|Focus Sash\n|-damage|p2a: Rattata|10\/100\n|move|p2a: Rattata|Endeavor|p1a: Aerodactyl\n|-damage|p1a: Aerodactyl|1\/100\n|\n|upkeep\n|turn|2\n|\n|t:|1699586170\n|move|p2a: Rattata|Quick Attack|p1a: Aerodactyl\n|-resisted|p1a: Aerodactyl\n|-damage|p1a: Aerodactyl|0 fnt\n|faint|p1a: Aerodactyl\n|\n|upkeep\n|\n|t:|1699586177\n|switch|p1a: Volcarona|Volcarona, F|100\/100\n|turn|3\n|\n|t:|1699586182\n|move|p1a: Volcarona|Quiver Dance|p1a: Volcarona\n|-boost|p1a: Volcarona|spa|1\n|-boost|p1a: Volcarona|spd|1\n|-boost|p1a: Volcarona|spe|1\n|move|p2a: Rattata|Endeavor|p1a: Volcarona\n|-damage|p1a: Volcarona|1\/100\n|\n|upkeep\n|turn|4\n|\n|t:|1699586190\n|switch|p1a: Dragonite|Dragonite, M|100\/100\n|move|p2a: Rattata|Quick Attack|p1a: Dragonite\n|-damage|p1a: Dragonite|99\/100\n|\n|upkeep\n|turn|5\n|\n|t:|1699586196\n|move|p1a: Dragonite|Extreme Speed|p2a: Rattata\n|-damage|p2a: Rattata|0 fnt\n|faint|p2a: Rattata\n|\n|upkeep\n|\n|t:|1699586201\n|switch|p2a: my baby boy|Aron, L1, M, shiny|100\/100\n|turn|6\n|\n|t:|1699586210\n|move|p1a: Dragonite|Dragon Dance|p1a: Dragonite\n|-boost|p1a: Dragonite|atk|1\n|-boost|p1a: Dragonite|spe|1\n|move|p2a: my baby boy|Endeavor|p1a: Dragonite\n|-damage|p1a: Dragonite|4\/100\n|\n|upkeep\n|turn|7\n|\n|t:|1699586223\n|switch|p2a: Clodsire|Clodsire, M|100\/100\n|move|p1a: Dragonite|Extreme Speed|p2a: Clodsire\n|-damage|p2a: Clodsire|74\/100\n|\n|upkeep\n|turn|8\n|\n|t:|1699586232\n|move|p1a: Dragonite|Outrage|p2a: Clodsire\n|-damage|p2a: Clodsire|22\/100\n|move|p2a: Clodsire|Stealth Rock|p1a: Dragonite\n|-sidestart|p1: watmynameokokk|move: Stealth Rock\n|\n|upkeep\n|turn|9\n|\n|t:|1699586238\n|move|p2a: Clodsire|Protect|p2a: Clodsire\n|-singleturn|p2a: Clodsire|Protect\n|move|p1a: Dragonite|Outrage|p2a: Clodsire|[from]lockedmove\n|-activate|p2a: Clodsire|move: Protect\n|\n|upkeep\n|turn|10\n|\n|t:|1699586244\n|move|p1a: Dragonite|Outrage|p2a: Clodsire\n|-damage|p2a: Clodsire|0 fnt\n|faint|p2a: Clodsire\n|\n|upkeep\n|\n|t:|1699586250\n|switch|p2a: Ditto|Ditto|100\/100\n|-transform|p2a: Ditto|p1a: Dragonite|[from] ability: Imposter\n|turn|11\n|\n|t:|1699586255\n|move|p2a: Ditto|Extreme Speed|p1a: Dragonite\n|-damage|p1a: Dragonite|0 fnt\n|faint|p1a: Dragonite\n|\n|upkeep\n|\n|t:|1699586262\n|switch|p1a: Clefable|Clefable, F|100\/100\n|-damage|p1a: Clefable|88\/100|[from] Stealth Rock\n|turn|12\n|\n|t:|1699586268\n|move|p2a: Ditto|Dragon Dance|p2a: Ditto\n|-boost|p2a: Ditto|atk|1\n|-boost|p2a: Ditto|spe|1\n|move|p1a: Clefable|Toxic|p2a: Ditto\n|-status|p2a: Ditto|tox\n|\n|-heal|p1a: Clefable|94\/100|[from] item: Leftovers\n|-damage|p2a: Ditto|94\/100 tox|[from] psn\n|upkeep\n|turn|13\n|\n|t:|1699586280\n|-terastallize|p2a: Ditto|Normal\n|move|p2a: Ditto|Outrage|p1a: Clefable\n|-immune|p1a: Clefable\n|move|p1a: Clefable|Encore|p2a: Ditto\n|-start|p2a: Ditto|Encore\n|\n|-heal|p1a: Clefable|99\/100|[from] item: Leftovers\n|-damage|p2a: Ditto|82\/100 tox|[from] psn\n|upkeep\n|turn|14\n|\n|t:|1699586297\n|switch|p2a: my baby boy|Aron, L1, M, shiny|100\/100\n|move|p1a: Clefable|Toxic|p2a: my baby boy\n|-immune|p2a: my baby boy\n|\n|-heal|p1a: Clefable|100\/100|[from] item: Leftovers\n|upkeep\n|turn|15\n|\n|t:|1699586306\n|move|p1a: Clefable|Encore||[still]\n|-fail|p1a: Clefable\n|move|p2a: my baby boy|Attract|p1a: Clefable\n|-start|p1a: Clefable|Attract\n|\n|upkeep\n|turn|16\n|\n|t:|1699586312\n|-activate|p1a: Clefable|move: Attract|[of] p2a: my baby boy\n|cant|p1a: Clefable|Attract\n|move|p2a: my baby boy|Endeavor|p1a: Clefable\n|-damage|p1a: Clefable|4\/100\n|\n|-heal|p1a: Clefable|10\/100|[from] item: Leftovers\n|upkeep\n|turn|17\n|\n|t:|1699586325\n|switch|p1a: Garchomp|Garchomp, F|100\/100\n|-damage|p1a: Garchomp|94\/100|[from] Stealth Rock\n|move|p2a: my baby boy|Substitute|p2a: my baby boy\n|-start|p2a: my baby boy|Substitute\n|-damage|p2a: my baby boy|75\/100\n|\n|upkeep\n|turn|18\n|\n|t:|1699586337\n|move|p1a: Garchomp|Brick Break|p2a: my baby boy\n|-supereffective|p2a: my baby boy\n|-end|p2a: my baby boy|Substitute\n|-damage|p1a: Garchomp|85\/100|[from] item: Life Orb\n|move|p2a: my baby boy|Endeavor|p1a: Garchomp\n|-damage|p1a: Garchomp|3\/100\n|-damage|p2a: my baby boy|67\/100|[from] ability: Rough Skin|[of] p1a: Garchomp\n|-heal|p2a: my baby boy|100\/100|[from] item: Shell Bell|[of] p1a: Garchomp\n|\n|upkeep\n|turn|19\n|\n|t:|1699586348\n|switch|p1a: Slowbro|Slowbro, M|100\/100\n|-damage|p1a: Slowbro|88\/100|[from] Stealth Rock\n|move|p2a: my baby boy|Attract|p1a: Slowbro\n|-immune|p1a: Slowbro\n|\n|-heal|p1a: Slowbro|94\/100|[from] item: Leftovers\n|upkeep\n|turn|20\n|\n|t:|1699586362\n|move|p1a: Slowbro|Disable|p2a: my baby boy\n|-start|p2a: my baby boy|Disable|Attract\n|move|p2a: my baby boy|Endeavor|p1a: Slowbro\n|-damage|p1a: Slowbro|4\/100\n|\n|-heal|p1a: Slowbro|10\/100|[from] item: Leftovers\n|upkeep\n|turn|21\n|\n|t:|1699586374\n|switch|p2a: Heatran|Heatran, M|100\/100\n|move|p1a: Slowbro|Protect||[still]\n|-fail|p1a: Slowbro\n|\n|-heal|p1a: Slowbro|16\/100|[from] item: Leftovers\n|upkeep\n|turn|22\n|\n|t:|1699586389\n|move|p2a: Heatran|Dark Pulse|p1a: Slowbro\n|-supereffective|p1a: Slowbro\n|-damage|p1a: Slowbro|0 fnt\n|faint|p1a: Slowbro\n|\n|upkeep\n|-message|watmynameokokk forfeited.\n|\n|win|woodsironsthereal1\n|raw|watmynameokokk's rating: 1000 &rarr; <strong>1000<\/strong><br \/>(+0 for losing)\n|raw|woodsironsthereal1's rating: 1000 &rarr; <strong>1040<\/strong><br \/>(+40 for winning)\n|l|\u2606watmynameokokk\n","uploadtime":1699586406,"views":7,"p1id":"watmynameokokk","p2id":"woodsironsthereal1","formatid":"gen9nationaldex","rating":1000,"private":0,"password":""}