{"id":"gen9nationaldex-1997813140","p1":"0xyt0c1njunk1e","p2":"Chaos112","format":"[Gen 9] National Dex","log":"|html|<div class=\"broadcast-blue\"><strong>[Gen 9] National Dex is currently suspecting Sneasler! For information on how to participate check out the <a href=\"https:\/\/www.smogon.com\/forums\/threads\/sv-national-dex-suspect-8-just-dance.3731534\/\">suspect thread<\/a>.<\/strong><\/div>\n|j|\u26060xyt0c1njunk1e\n|j|\u203dChaos112\n|t:|1700855445\n|gametype|singles\n|player|p1|0xyt0c1njunk1e|iris|1354\n|player|p2|Chaos112|hilbert-wonderlauncher|1244\n|teamsize|p1|6\n|teamsize|p2|6\n|gen|9\n|tier|[Gen 9] National Dex\n|rated|\n|rule|HP Percentage Mod: HP is shown in percentages\n|rule|Endless Battle Clause: Forcing endless battles is banned\n|rule|OHKO Clause: OHKO moves are banned\n|rule|Evasion Clause: Evasion abilities, items, and moves are banned\n|rule|Evasion Abilities Clause: Evasion abilities are banned\n|rule|Evasion Items Clause: Evasion items are banned\n|rule|Evasion Moves Clause: Evasion moves are banned\n|rule|Species Clause: Limit one of each Pok\u00e9mon\n|rule|Sleep Clause Mod: Limit one foe put to sleep\n|clearpoke\n|poke|p1|Clodsire, F|\n|poke|p1|Garganacl, M|\n|poke|p1|Ferrothorn, M|\n|poke|p1|Gliscor, M|\n|poke|p1|Hatterene, F|\n|poke|p1|Blissey, F|\n|poke|p2|Scizor, M|\n|poke|p2|Umbreon, M|\n|poke|p2|Tyranitar, M|\n|poke|p2|Milotic, F|\n|poke|p2|Arcanine, F|\n|poke|p2|Gardevoir, M|\n|teampreview\n|inactive|Battle timer is ON: inactive players will automatically lose when time's up. (requested by 0xyt0c1njunk1e)\n|\n|t:|1700855451\n|start\n|switch|p1a: Ferrothorn|Ferrothorn, M|100\/100\n|switch|p2a: Gardevoir|Gardevoir, M|100\/100\n|-ability|p2a: Gardevoir|Iron Barbs|[from] ability: Trace|[of] p1a: Ferrothorn\n|turn|1\n|\n|t:|1700855459\n|move|p1a: Ferrothorn|Protect|p1a: Ferrothorn\n|-singleturn|p1a: Ferrothorn|Protect\n|move|p2a: Gardevoir|Trick|p1a: Ferrothorn\n|-activate|p1a: Ferrothorn|move: Protect\n|\n|upkeep\n|turn|2\n|\n|t:|1700855475\n|switch|p1a: Hatterene|Hatterene, F|100\/100\n|move|p2a: Gardevoir|Trick|p1a: Hatterene\n|-activate|p2a: Gardevoir|move: Trick|[of] p1a: Hatterene\n|-item|p1a: Hatterene|Choice Scarf|[from] move: Trick\n|-item|p2a: Gardevoir|Leftovers|[from] move: Trick\n|\n|upkeep\n|turn|3\n|\n|t:|1700855489\n|move|p2a: Gardevoir|Psyshock|p1a: Hatterene\n|-resisted|p1a: Hatterene\n|-damage|p1a: Hatterene|75\/100\n|move|p1a: Hatterene|Nuzzle|p2a: Gardevoir\n|-damage|p2a: Gardevoir|94\/100\n|-status|p2a: Gardevoir|par\n|-damage|p1a: Hatterene|62\/100|[from] ability: Iron Barbs|[of] p2a: Gardevoir\n|\n|-heal|p2a: Gardevoir|99\/100 par|[from] item: Leftovers\n|upkeep\n|turn|4\n|\n|t:|1700855500\n|switch|p1a: Ferrothorn|Ferrothorn, M|100\/100\n|cant|p2a: Gardevoir|par\n|\n|-heal|p2a: Gardevoir|100\/100 par|[from] item: Leftovers\n|upkeep\n|turn|5\n|\n|t:|1700855511\n|switch|p2a: Arcanine|Arcanine, F|100\/100\n|-ability|p2a: Arcanine|Intimidate|boost\n|-unboost|p1a: Ferrothorn|atk|1\n|move|p1a: Ferrothorn|Leech Seed|p2a: Arcanine\n|-start|p2a: Arcanine|move: Leech Seed\n|\n|-damage|p2a: Arcanine|88\/100|[from] Leech Seed|[of] p1a: Ferrothorn\n|upkeep\n|turn|6\n|\n|t:|1700855523\n|switch|p2a: Scizor|Scizor, M|100\/100\n|move|p1a: Ferrothorn|Protect||[still]\n|-fail|p1a: Ferrothorn\n|\n|upkeep\n|turn|7\n|\n|t:|1700855530\n|switch|p2a: Arcanine|Arcanine, F|88\/100\n|-ability|p2a: Arcanine|Intimidate|boost\n|-unboost|p1a: Ferrothorn|atk|1\n|move|p1a: Ferrothorn|Thunder Wave|p2a: Arcanine\n|-status|p2a: Arcanine|par\n|\n|upkeep\n|turn|8\n|\n|t:|1700855543\n|move|p1a: Ferrothorn|Protect|p1a: Ferrothorn\n|-singleturn|p1a: Ferrothorn|Protect\n|move|p2a: Arcanine|Will-O-Wisp|p1a: Ferrothorn\n|-activate|p1a: Ferrothorn|move: Protect\n|\n|upkeep\n|turn|9\n|\n|t:|1700855549\n|move|p2a: Arcanine|Will-O-Wisp|p1a: Ferrothorn\n|-status|p1a: Ferrothorn|brn\n|move|p1a: Ferrothorn|Leech Seed|p2a: Arcanine\n|-start|p2a: Arcanine|move: Leech Seed\n|\n|-damage|p2a: Arcanine|75\/100 par|[from] Leech Seed|[of] p1a: Ferrothorn\n|-damage|p1a: Ferrothorn|95\/100 brn|[from] brn\n|upkeep\n|turn|10\n|\n|t:|1700855559\n|switch|p2a: Umbreon|Umbreon, M|100\/100\n|move|p1a: Ferrothorn|Spikes|p2a: Umbreon\n|-sidestart|p2: Chaos112|Spikes\n|\n|-damage|p1a: Ferrothorn|89\/100 brn|[from] brn\n|upkeep\n|turn|11\n|\n|t:|1700855568\n|switch|p1a: Gliscor|Gliscor, M|100\/100\n|move|p2a: Umbreon|Heal Bell|p2a: Umbreon\n|-activate|p2a: Umbreon|move: Heal Bell\n|-curestatus|p2: Arcanine|par|[msg]\n|-curestatus|p2: Gardevoir|par|[msg]\n|\n|-status|p1a: Gliscor|tox|[from] item: Toxic Orb\n|upkeep\n|turn|12\n|\n|t:|1700855581\n|switch|p1a: Hatterene|Hatterene, F|62\/100\n|switch|p2a: Milotic|Milotic, F|100\/100\n|-damage|p2a: Milotic|88\/100|[from] Spikes\n|\n|-heal|p2a: Milotic|94\/100|[from] item: Leftovers\n|upkeep\n|turn|13\n|\n|t:|1700855592\n|switch|p2a: Umbreon|Umbreon, M|100\/100\n|move|p1a: Hatterene|Nuzzle|p2a: Umbreon\n|-damage|p2a: Umbreon|98\/100\n|-status|p2a: Umbreon|par\n|-activate|p2a: Umbreon|ability: Synchronize\n|-status|p1a: Hatterene|par\n|\n|upkeep\n|turn|14\n|\n|t:|1700855605\n|switch|p1a: Garganacl|Garganacl, M|100\/100\n|move|p2a: Umbreon|Wish|p2a: Umbreon\n|\n|upkeep\n|turn|15\n|\n|t:|1700855613\n|switch|p2a: Arcanine|Arcanine, F|75\/100\n|-damage|p2a: Arcanine|63\/100|[from] Spikes\n|-ability|p2a: Arcanine|Intimidate|boost\n|-unboost|p1a: Garganacl|atk|1\n|move|p1a: Garganacl|Salt Cure|p2a: Arcanine\n|-supereffective|p2a: Arcanine\n|-damage|p2a: Arcanine|48\/100\n|-start|p2a: Arcanine|Salt Cure\n|\n|-heal|p2a: Arcanine|99\/100|[from] move: Wish|[wisher] Umbreon\n|-damage|p2a: Arcanine|87\/100|[from] Salt Cure\n|upkeep\n|turn|16\n|\n|t:|1700855626\n|switch|p2a: Umbreon|Umbreon, M|98\/100 par\n|switch|p1a: Hatterene|Hatterene, F|62\/100 par\n|\n|upkeep\n|turn|17\n|\n|t:|1700855638\n|move|p2a: Umbreon|Dark Pulse|p1a: Hatterene\n|-damage|p1a: Hatterene|44\/100 par\n|move|p1a: Hatterene|Draining Kiss|p2a: Umbreon\n|-supereffective|p2a: Umbreon\n|-damage|p2a: Umbreon|56\/100 par\n|-heal|p1a: Hatterene|83\/100 par|[from] drain|[of] p2a: Umbreon\n|\n|upkeep\n|turn|18\n|\n|t:|1700855649\n|switch|p2a: Scizor|Scizor, M|100\/100\n|-damage|p2a: Scizor|88\/100|[from] Spikes\n|switch|p1a: Ferrothorn|Ferrothorn, M|89\/100 brn\n|\n|-damage|p1a: Ferrothorn|83\/100 brn|[from] brn\n|upkeep\n|turn|19\n|\n|t:|1700855667\n|switch|p2a: Umbreon|Umbreon, M|56\/100 par\n|move|p1a: Ferrothorn|Spikes|p2a: Umbreon\n|-sidestart|p2: Chaos112|Spikes\n|\n|-damage|p1a: Ferrothorn|77\/100 brn|[from] brn\n|upkeep\n|turn|20\n|\n|t:|1700855674\n|move|p2a: Umbreon|Wish|p2a: Umbreon\n|move|p1a: Ferrothorn|Spikes|p2a: Umbreon\n|-sidestart|p2: Chaos112|Spikes\n|\n|-damage|p1a: Ferrothorn|71\/100 brn|[from] brn\n|upkeep\n|turn|21\n|\n|t:|1700855682\n|move|p2a: Umbreon|Dark Pulse|p1a: Ferrothorn\n|-damage|p1a: Ferrothorn|56\/100 brn\n|move|p1a: Ferrothorn|Leech Seed|p2a: Umbreon\n|-start|p2a: Umbreon|move: Leech Seed\n|\n|-heal|p2a: Umbreon|100\/100 par|[from] move: Wish|[wisher] Umbreon\n|-damage|p2a: Umbreon|88\/100 par|[from] Leech Seed|[of] p1a: Ferrothorn\n|-heal|p1a: Ferrothorn|70\/100 brn|[silent]\n|-damage|p1a: Ferrothorn|64\/100 brn|[from] brn\n|upkeep\n|turn|22\n|\n|t:|1700855694\n|switch|p2a: Arcanine|Arcanine, F|87\/100\n|-damage|p2a: Arcanine|62\/100|[from] Spikes\n|-ability|p2a: Arcanine|Intimidate|boost\n|-unboost|p1a: Ferrothorn|atk|1\n|switch|p1a: Blissey|Blissey, F|100\/100\n|\n|upkeep\n|turn|23\n|\n|t:|1700855713\n|switch|p2a: Scizor|Scizor, M|88\/100\n|-damage|p2a: Scizor|63\/100|[from] Spikes\n|switch|p1a: Gliscor|Gliscor, M|100\/100 tox\n|\n|upkeep\n|turn|24\n|\n|t:|1700855722\n|move|p1a: Gliscor|Earthquake|p2a: Scizor\n|-damage|p2a: Scizor|32\/100\n|move|p2a: Scizor|Swords Dance|p2a: Scizor\n|-boost|p2a: Scizor|atk|2\n|\n|upkeep\n|turn|25\n|\n|t:|1700855729\n|switch|p1a: Ferrothorn|Ferrothorn, M|64\/100 brn\n|move|p2a: Scizor|Bullet Punch|p1a: Ferrothorn\n|-resisted|p1a: Ferrothorn\n|-damage|p1a: Ferrothorn|37\/100 brn\n|-damage|p2a: Scizor|19\/100|[from] ability: Iron Barbs|[of] p1a: Ferrothorn\n|-damage|p2a: Scizor|3\/100|[from] item: Rocky Helmet|[of] p1a: Ferrothorn\n|-damage|p2a: Scizor|0 fnt|[from] item: Life Orb\n|faint|p2a: Scizor\n|\n|-damage|p1a: Ferrothorn|31\/100 brn|[from] brn\n|upkeep\n|\n|t:|1700855742\n|switch|p2a: Umbreon|Umbreon, M|88\/100 par\n|turn|26\n|\n|t:|1700855746\n|move|p2a: Umbreon|Wish|p2a: Umbreon\n|move|p1a: Ferrothorn|Leech Seed|p2a: Umbreon\n|-start|p2a: Umbreon|move: Leech Seed\n|\n|-damage|p2a: Umbreon|76\/100 par|[from] Leech Seed|[of] p1a: Ferrothorn\n|-heal|p1a: Ferrothorn|45\/100 brn|[silent]\n|-damage|p1a: Ferrothorn|39\/100 brn|[from] brn\n|upkeep\n|turn|27\n|\n|t:|1700855754\n|switch|p2a: Arcanine|Arcanine, F|62\/100\n|-damage|p2a: Arcanine|37\/100|[from] Spikes\n|-ability|p2a: Arcanine|Intimidate|boost\n|-unboost|p1a: Ferrothorn|atk|1\n|move|p1a: Ferrothorn|Leech Seed|p2a: Arcanine\n|-start|p2a: Arcanine|move: Leech Seed\n|\n|-heal|p2a: Arcanine|89\/100|[from] move: Wish|[wisher] Umbreon\n|-damage|p2a: Arcanine|76\/100|[from] Leech Seed|[of] p1a: Ferrothorn\n|-heal|p1a: Ferrothorn|53\/100 brn|[silent]\n|-damage|p1a: Ferrothorn|47\/100 brn|[from] brn\n|upkeep\n|turn|28\n|\n|t:|1700855767\n|switch|p2a: Umbreon|Umbreon, M|76\/100 par\n|move|p1a: Ferrothorn|Thunder Wave|p2a: Umbreon\n|-fail|p2a: Umbreon|par\n|\n|-damage|p1a: Ferrothorn|41\/100 brn|[from] brn\n|upkeep\n|turn|29\n|\n|t:|1700855776\n|switch|p1a: Blissey|Blissey, F|100\/100\n|move|p2a: Umbreon|Wish|p2a: Umbreon\n|\n|upkeep\n|turn|30\n|\n|t:|1700855785\n|switch|p2a: Tyranitar|Tyranitar, M|100\/100\n|-damage|p2a: Tyranitar|75\/100|[from] Spikes\n|-weather|Sandstorm|[from] ability: Sand Stream|[of] p2a: Tyranitar\n|move|p1a: Blissey|Stealth Rock|p2a: Tyranitar\n|-sidestart|p2: Chaos112|move: Stealth Rock\n|\n|-weather|Sandstorm|[upkeep]\n|-damage|p1a: Blissey|94\/100|[from] Sandstorm\n|-heal|p2a: Tyranitar|100\/100|[from] move: Wish|[wisher] Umbreon\n|-heal|p1a: Blissey|100\/100|[from] item: Leftovers\n|upkeep\n|turn|31\n|\n|t:|1700855797\n|switch|p1a: Gliscor|Gliscor, M|100\/100 tox\n|move|p2a: Tyranitar|Knock Off|p1a: Gliscor\n|-damage|p1a: Gliscor|72\/100 tox\n|-enditem|p1a: Gliscor|Toxic Orb|[from] move: Knock Off|[of] p2a: Tyranitar\n|\n|-weather|Sandstorm|[upkeep]\n|-heal|p1a: Gliscor|85\/100 tox|[from] ability: Poison Heal\n|upkeep\n|turn|32\n|\n|t:|1700855810\n|switch|p2a: Umbreon|Umbreon, M|76\/100 par\n|move|p1a: Gliscor|Earthquake|p2a: Umbreon\n|-damage|p2a: Umbreon|58\/100 par\n|\n|-weather|Sandstorm|[upkeep]\n|-damage|p2a: Umbreon|52\/100 par|[from] Sandstorm\n|-heal|p1a: Gliscor|97\/100 tox|[from] ability: Poison Heal\n|upkeep\n|turn|33\n|\n|t:|1700855820\n|switch|p1a: Garganacl|Garganacl, M|100\/100\n|cant|p2a: Umbreon|par\n|\n|-weather|Sandstorm|[upkeep]\n|-damage|p2a: Umbreon|46\/100 par|[from] Sandstorm\n|upkeep\n|turn|34\n|\n|t:|1700855828\n|switch|p2a: Milotic|Milotic, F|94\/100\n|-damage|p2a: Milotic|69\/100|[from] Spikes\n|-damage|p2a: Milotic|57\/100|[from] Stealth Rock\n|move|p1a: Garganacl|Body Press|p2a: Milotic\n|-damage|p2a: Milotic|26\/100\n|\n|-weather|none\n|-heal|p2a: Milotic|32\/100|[from] item: Leftovers\n|upkeep\n|turn|35\n|\n|t:|1700855839\n|move|p2a: Milotic|Recover|p2a: Milotic\n|-heal|p2a: Milotic|82\/100\n|move|p1a: Garganacl|Body Press|p2a: Milotic\n|-damage|p2a: Milotic|55\/100\n|\n|-heal|p2a: Milotic|61\/100|[from] item: Leftovers\n|upkeep\n|turn|36\n|\n|t:|1700855847\n|move|p2a: Milotic|Scald|p1a: Garganacl\n|-supereffective|p1a: Garganacl\n|-damage|p1a: Garganacl|50\/100\n|move|p1a: Garganacl|Salt Cure|p2a: Milotic\n|-damage|p2a: Milotic|47\/100\n|-start|p2a: Milotic|Salt Cure\n|\n|-heal|p2a: Milotic|54\/100|[from] item: Leftovers\n|-heal|p1a: Garganacl|56\/100|[from] item: Leftovers\n|-damage|p2a: Milotic|29\/100|[from] Salt Cure\n|upkeep\n|turn|37\n|\n|t:|1700855865\n|switch|p1a: Hatterene|Hatterene, F|83\/100 par\n|move|p2a: Milotic|Recover|p2a: Milotic\n|-heal|p2a: Milotic|79\/100\n|\n|-heal|p2a: Milotic|85\/100|[from] item: Leftovers\n|-damage|p2a: Milotic|60\/100|[from] Salt Cure\n|upkeep\n|turn|38\n|\n|t:|1700855874\n|switch|p2a: Umbreon|Umbreon, M|46\/100 par\n|move|p1a: Hatterene|Draining Kiss|p2a: Umbreon\n|-supereffective|p2a: Umbreon\n|-damage|p2a: Umbreon|6\/100 par\n|-heal|p1a: Hatterene|100\/100 par|[from] drain|[of] p2a: Umbreon\n|\n|upkeep\n|turn|39\n|\n|t:|1700855884\n|switch|p2a: Gardevoir|Gardevoir, M|100\/100\n|-damage|p2a: Gardevoir|76\/100|[from] Spikes\n|-damage|p2a: Gardevoir|63\/100|[from] Stealth Rock\n|-ability|p2a: Gardevoir|Magic Bounce|[from] ability: Trace|[of] p1a: Hatterene\n|move|p1a: Hatterene|Draining Kiss|p2a: Gardevoir\n|-damage|p2a: Gardevoir|33\/100\n|\n|-heal|p2a: Gardevoir|39\/100|[from] item: Leftovers\n|upkeep\n|turn|40\n|\n|t:|1700855898\n|move|p2a: Gardevoir|Moonblast|p1a: Hatterene\n|-damage|p1a: Hatterene|46\/100 par\n|-unboost|p1a: Hatterene|spa|1\n|move|p1a: Hatterene|Draining Kiss|p2a: Gardevoir\n|-damage|p2a: Gardevoir|17\/100\n|-heal|p1a: Hatterene|61\/100 par|[from] drain|[of] p2a: Gardevoir\n|\n|-heal|p2a: Gardevoir|24\/100|[from] item: Leftovers\n|upkeep\n|turn|41\n|\n|t:|1700855909\n|switch|p1a: Clodsire|Clodsire, F|100\/100\n|move|p2a: Gardevoir|Moonblast|p1a: Clodsire\n|-resisted|p1a: Clodsire\n|-damage|p1a: Clodsire|81\/100\n|\n|-heal|p2a: Gardevoir|30\/100|[from] item: Leftovers\n|-heal|p1a: Clodsire|87\/100|[from] item: Leftovers\n|upkeep\n|turn|42\n|\n|t:|1700855920\n|move|p2a: Gardevoir|Grass Knot|p1a: Clodsire\n|-damage|p1a: Clodsire|56\/100\n|move|p1a: Clodsire|Stockpile|p1a: Clodsire\n|-start|p1a: Clodsire|stockpile1\n|-boost|p1a: Clodsire|def|1\n|-boost|p1a: Clodsire|spd|1\n|\n|-heal|p2a: Gardevoir|36\/100|[from] item: Leftovers\n|-heal|p1a: Clodsire|62\/100|[from] item: Leftovers\n|upkeep\n|turn|43\n|\n|t:|1700855930\n|move|p2a: Gardevoir|Psyshock|p1a: Clodsire\n|-supereffective|p1a: Clodsire\n|-damage|p1a: Clodsire|18\/100\n|move|p1a: Clodsire|Stockpile|p1a: Clodsire\n|-start|p1a: Clodsire|stockpile2\n|-boost|p1a: Clodsire|def|1\n|-boost|p1a: Clodsire|spd|1\n|\n|-heal|p2a: Gardevoir|42\/100|[from] item: Leftovers\n|-heal|p1a: Clodsire|24\/100|[from] item: Leftovers\n|upkeep\n|turn|44\n|\n|t:|1700855941\n|-terastallize|p1a: Clodsire|Dark\n|move|p2a: Gardevoir|Psyshock|p1a: Clodsire\n|-immune|p1a: Clodsire\n|move|p1a: Clodsire|Recover|p1a: Clodsire\n|-heal|p1a: Clodsire|74\/100\n|\n|-heal|p2a: Gardevoir|48\/100|[from] item: Leftovers\n|-heal|p1a: Clodsire|80\/100|[from] item: Leftovers\n|upkeep\n|turn|45\n|\n|t:|1700855951\n|move|p2a: Gardevoir|Moonblast|p1a: Clodsire\n|-supereffective|p1a: Clodsire\n|-damage|p1a: Clodsire|39\/100\n|move|p1a: Clodsire|Stockpile|p1a: Clodsire\n|-start|p1a: Clodsire|stockpile3\n|-boost|p1a: Clodsire|def|1\n|-boost|p1a: Clodsire|spd|1\n|\n|-heal|p2a: Gardevoir|54\/100|[from] item: Leftovers\n|-heal|p1a: Clodsire|45\/100|[from] item: Leftovers\n|upkeep\n|turn|46\n|\n|t:|1700855962\n|move|p2a: Gardevoir|Moonblast|p1a: Clodsire\n|-supereffective|p1a: Clodsire\n|-crit|p1a: Clodsire\n|-damage|p1a: Clodsire|0 fnt\n|faint|p1a: Clodsire\n|\n|-heal|p2a: Gardevoir|60\/100|[from] item: Leftovers\n|upkeep\n|\n|t:|1700855969\n|switch|p1a: Blissey|Blissey, F|100\/100\n|turn|47\n|\n|t:|1700855973\n|move|p2a: Gardevoir|Psyshock|p1a: Blissey\n|-damage|p1a: Blissey|19\/100\n|move|p1a: Blissey|Seismic Toss|p2a: Gardevoir\n|-damage|p2a: Gardevoir|24\/100\n|\n|-heal|p2a: Gardevoir|30\/100|[from] item: Leftovers\n|-heal|p1a: Blissey|25\/100|[from] item: Leftovers\n|upkeep\n|turn|48\n|\n|t:|1700855983\n|switch|p1a: Ferrothorn|Ferrothorn, M|41\/100 brn\n|move|p2a: Gardevoir|Psyshock|p1a: Ferrothorn\n|-resisted|p1a: Ferrothorn\n|-damage|p1a: Ferrothorn|28\/100 brn\n|\n|-heal|p2a: Gardevoir|37\/100|[from] item: Leftovers\n|-damage|p1a: Ferrothorn|22\/100 brn|[from] brn\n|upkeep\n|turn|49\n|\n|t:|1700855998\n|switch|p1a: Hatterene|Hatterene, F|61\/100 par\n|move|p2a: Gardevoir|Moonblast|p1a: Hatterene\n|-damage|p1a: Hatterene|6\/100 par\n|\n|-heal|p2a: Gardevoir|43\/100|[from] item: Leftovers\n|upkeep\n|turn|50\n|\n|t:|1700856006\n|move|p2a: Gardevoir|Psyshock|p1a: Hatterene\n|-resisted|p1a: Hatterene\n|-damage|p1a: Hatterene|0 fnt\n|faint|p1a: Hatterene\n|\n|-heal|p2a: Gardevoir|49\/100|[from] item: Leftovers\n|upkeep\n|\n|t:|1700856009\n|switch|p1a: Gliscor|Gliscor, M|97\/100 tox\n|turn|51\n|\n|t:|1700856016\n|move|p2a: Gardevoir|Moonblast|p1a: Gliscor\n|-damage|p1a: Gliscor|31\/100 tox\n|move|p1a: Gliscor|Earthquake|p2a: Gardevoir\n|-damage|p2a: Gardevoir|0 fnt\n|faint|p2a: Gardevoir\n|\n|-heal|p1a: Gliscor|43\/100 tox|[from] ability: Poison Heal\n|upkeep\n|\n|t:|1700856026\n|switch|p2a: Milotic|Milotic, F|60\/100\n|-damage|p2a: Milotic|35\/100|[from] Spikes\n|-damage|p2a: Milotic|23\/100|[from] Stealth Rock\n|turn|52\n|\n|t:|1700856031\n|move|p1a: Gliscor|Protect|p1a: Gliscor\n|-singleturn|p1a: Gliscor|Protect\n|move|p2a: Milotic|Scald|p1a: Gliscor\n|-activate|p1a: Gliscor|move: Protect\n|\n|-heal|p2a: Milotic|29\/100|[from] item: Leftovers\n|-heal|p1a: Gliscor|56\/100 tox|[from] ability: Poison Heal\n|upkeep\n|turn|53\n|\n|t:|1700856041\n|switch|p1a: Blissey|Blissey, F|25\/100\n|move|p2a: Milotic|Scald|p1a: Blissey\n|-damage|p1a: Blissey|17\/100\n|\n|-heal|p2a: Milotic|35\/100|[from] item: Leftovers\n|-heal|p1a: Blissey|24\/100|[from] item: Leftovers\n|upkeep\n|turn|54\n|\n|t:|1700856051\n|move|p2a: Milotic|Light Screen|p2a: Milotic\n|-sidestart|p2: Chaos112|move: Light Screen\n|move|p1a: Blissey|Soft-Boiled|p1a: Blissey\n|-heal|p1a: Blissey|74\/100\n|\n|-heal|p2a: Milotic|41\/100|[from] item: Leftovers\n|-heal|p1a: Blissey|80\/100|[from] item: Leftovers\n|upkeep\n|turn|55\n|\n|t:|1700856060\n|move|p2a: Milotic|Recover|p2a: Milotic\n|-heal|p2a: Milotic|91\/100\n|move|p1a: Blissey|Seismic Toss|p2a: Milotic\n|-damage|p2a: Milotic|65\/100\n|\n|-heal|p2a: Milotic|72\/100|[from] item: Leftovers\n|-heal|p1a: Blissey|86\/100|[from] item: Leftovers\n|upkeep\n|turn|56\n|\n|t:|1700856071\n|move|p2a: Milotic|Scald|p1a: Blissey\n|-damage|p1a: Blissey|77\/100\n|-status|p1a: Blissey|brn\n|move|p1a: Blissey|Seismic Toss|p2a: Milotic\n|-damage|p2a: Milotic|46\/100\n|\n|-heal|p2a: Milotic|52\/100|[from] item: Leftovers\n|-heal|p1a: Blissey|84\/100 brn|[from] item: Leftovers\n|-damage|p1a: Blissey|77\/100 brn|[from] brn\n|upkeep\n|turn|57\n|\n|t:|1700856087\n|move|p2a: Milotic|Recover|p2a: Milotic\n|-heal|p2a: Milotic|100\/100\n|move|p1a: Blissey|Wish|p1a: Blissey\n|\n|-heal|p1a: Blissey|84\/100 brn|[from] item: Leftovers\n|-damage|p1a: Blissey|77\/100 brn|[from] brn\n|upkeep\n|turn|58\n|\n|t:|1700856095\n|-curestatus|p1a: Blissey|brn|[from] ability: Natural Cure\n|switch|p1a: Ferrothorn|Ferrothorn, M|22\/100 brn\n|move|p2a: Milotic|Scald|p1a: Ferrothorn\n|-resisted|p1a: Ferrothorn\n|-damage|p1a: Ferrothorn|10\/100 brn\n|\n|-heal|p1a: Ferrothorn|100\/100 brn|[from] move: Wish|[wisher] Blissey\n|-damage|p1a: Ferrothorn|95\/100 brn|[from] brn\n|-sideend|p2: Chaos112|move: Light Screen\n|upkeep\n|turn|59\n|\n|t:|1700856109\n|move|p2a: Milotic|Scald|p1a: Ferrothorn\n|-resisted|p1a: Ferrothorn\n|-damage|p1a: Ferrothorn|83\/100 brn\n|move|p1a: Ferrothorn|Leech Seed|p2a: Milotic\n|-start|p2a: Milotic|move: Leech Seed\n|\n|-damage|p2a: Milotic|88\/100|[from] Leech Seed|[of] p1a: Ferrothorn\n|-heal|p1a: Ferrothorn|97\/100 brn|[silent]\n|-damage|p1a: Ferrothorn|91\/100 brn|[from] brn\n|upkeep\n|turn|60\n|\n|t:|1700856119\n|switch|p2a: Arcanine|Arcanine, F|76\/100\n|-damage|p2a: Arcanine|51\/100|[from] Spikes\n|-damage|p2a: Arcanine|26\/100|[from] Stealth Rock\n|-ability|p2a: Arcanine|Intimidate|boost\n|-unboost|p1a: Ferrothorn|atk|1\n|move|p1a: Ferrothorn|Thunder Wave|p2a: Arcanine\n|-status|p2a: Arcanine|par\n|\n|-damage|p1a: Ferrothorn|85\/100 brn|[from] brn\n|upkeep\n|turn|61\n|-message|Chaos112 forfeited.\n|\n|win|0xyt0c1njunk1e\n|raw|0xyt0c1njunk1e's rating: 1354 &rarr; <strong>1368<\/strong><br \/>(+14 for winning)\n|raw|Chaos112's rating: 1244 &rarr; <strong>1227<\/strong><br \/>(-17 for losing)\n|l|\u203dChaos112\n","uploadtime":1700856157,"views":4,"p1id":"0xyt0c1njunk1e","p2id":"chaos112","formatid":"gen9nationaldex","rating":1227,"private":0,"password":""}