{"id":"gen9nationaldex-1989437437","p1":"Durr plant100","p2":"hambroni","format":"[Gen 9] National Dex","log":"|j|\u2606Durr plant100\n|j|\u2606hambroni\n|t:|1699850358\n|gametype|singles\n|player|p1|Durr plant100|ultraforestkartenvoy|1449\n|player|p2|hambroni|lucas|1345\n|teamsize|p1|6\n|teamsize|p2|6\n|gen|9\n|tier|[Gen 9] National Dex\n|rated|\n|rule|HP Percentage Mod: HP is shown in percentages\n|rule|Endless Battle Clause: Forcing endless battles is banned\n|rule|OHKO Clause: OHKO moves are banned\n|rule|Evasion Clause: Evasion abilities, items, and moves are banned\n|rule|Evasion Abilities Clause: Evasion abilities are banned\n|rule|Evasion Items Clause: Evasion items are banned\n|rule|Evasion Moves Clause: Evasion moves are banned\n|rule|Species Clause: Limit one of each Pok\u00e9mon\n|rule|Sleep Clause Mod: Limit one foe put to sleep\n|clearpoke\n|poke|p1|Volcarona, F|\n|poke|p1|Tyranitar, M|\n|poke|p1|Excadrill, M|\n|poke|p1|Hydreigon, F|\n|poke|p1|Gliscor, F|\n|poke|p1|Aggron, M|\n|poke|p2|Torkoal, M|\n|poke|p2|Charizard, M|\n|poke|p2|Venusaur, M|\n|poke|p2|Cinderace, M|\n|poke|p2|Corviknight, M|\n|poke|p2|Blissey, F|\n|teampreview\n|inactive|Battle timer is ON: inactive players will automatically lose when time's up. (requested by Durr plant100)\n|\n|t:|1699850386\n|start\n|switch|p1a: King Ghidorah|Hydreigon, F|100\/100\n|switch|p2a: Cinderace|Cinderace, M|100\/100\n|turn|1\n|\n|t:|1699850395\n|move|p1a: King Ghidorah|Draco Meteor|p2a: Cinderace\n|-damage|p2a: Cinderace|4\/100\n|-unboost|p1a: King Ghidorah|spa|2\n|move|p2a: Cinderace|U-turn|p1a: King Ghidorah\n|-start|p2a: Cinderace|typechange|Bug|[from] ability: Libero\n|-supereffective|p1a: King Ghidorah\n|-damage|p1a: King Ghidorah|22\/100\n|\n|t:|1699850402\n|switch|p2a: oogway|Torkoal, M|100\/100|[from] U-turn\n|-weather|SunnyDay|[from] ability: Drought|[of] p2a: oogway\n|\n|-weather|SunnyDay|[upkeep]\n|upkeep\n|turn|2\n|\n|t:|1699850405\n|switch|p1a: Godzilla|Tyranitar, M|100\/100\n|-weather|Sandstorm|[from] ability: Sand Stream|[of] p1a: Godzilla\n|move|p2a: oogway|Stealth Rock|p1a: Godzilla\n|-sidestart|p1: Durr plant100|move: Stealth Rock\n|\n|-weather|Sandstorm|[upkeep]\n|-damage|p2a: oogway|94\/100|[from] Sandstorm\n|upkeep\n|turn|3\n|\n|t:|1699850411\n|switch|p2a: Corviknight|Corviknight, M|100\/100\n|-ability|p2a: Corviknight|Pressure\n|move|p1a: Godzilla|Stone Edge|p2a: Corviknight\n|-damage|p2a: Corviknight|67\/100\n|\n|-weather|Sandstorm|[upkeep]\n|upkeep\n|turn|4\n|\n|t:|1699850423\n|switch|p1a: Varan|Gliscor, F|100\/100\n|-damage|p1a: Varan|88\/100|[from] Stealth Rock\n|move|p2a: Corviknight|Roost|p2a: Corviknight\n|-heal|p2a: Corviknight|100\/100\n|-singleturn|p2a: Corviknight|move: Roost\n|\n|-weather|Sandstorm|[upkeep]\n|-status|p1a: Varan|tox|[from] item: Toxic Orb\n|upkeep\n|turn|5\n|\n|t:|1699850427\n|move|p1a: Varan|Defog|p2a: Corviknight\n|-unboost|p2a: Corviknight|evasion|1\n|-sideend|p1: Durr plant100|Stealth Rock|[from] move: Defog|[of] p1a: Varan\n|move|p2a: Corviknight|U-turn|p1a: Varan\n|-resisted|p1a: Varan\n|-damage|p1a: Varan|84\/100 tox\n|\n|t:|1699850430\n|switch|p2a: oogway|Torkoal, M|94\/100|[from] U-turn\n|-weather|SunnyDay|[from] ability: Drought|[of] p2a: oogway\n|\n|-weather|SunnyDay|[upkeep]\n|-heal|p1a: Varan|96\/100 tox|[from] ability: Poison Heal\n|upkeep\n|turn|6\n|\n|t:|1699850440\n|switch|p2a: Corviknight|Corviknight, M|100\/100\n|-ability|p2a: Corviknight|Pressure\n|move|p1a: Varan|Earthquake|p2a: Corviknight\n|-immune|p2a: Corviknight\n|\n|-weather|SunnyDay|[upkeep]\n|-heal|p1a: Varan|100\/100 tox|[from] ability: Poison Heal\n|upkeep\n|turn|7\n|\n|t:|1699850443\n|switch|p1a: Mothra|Volcarona, F, shiny|100\/100\n|move|p2a: Corviknight|U-turn|p1a: Mothra\n|-resisted|p1a: Mothra\n|-damage|p1a: Mothra|90\/100\n|\n|t:|1699850445\n|switch|p2a: Blissey|Blissey, F|100\/100|[from] U-turn\n|\n|-weather|SunnyDay|[upkeep]\n|upkeep\n|turn|8\n|\n|t:|1699850449\n|switch|p1a: Godzilla|Tyranitar, M|100\/100\n|-weather|Sandstorm|[from] ability: Sand Stream|[of] p1a: Godzilla\n|move|p2a: Blissey|Toxic|p1a: Godzilla\n|-status|p1a: Godzilla|tox\n|\n|-weather|Sandstorm|[upkeep]\n|-damage|p2a: Blissey|94\/100|[from] Sandstorm\n|-damage|p1a: Godzilla|94\/100 tox|[from] psn\n|upkeep\n|turn|9\n|\n|t:|1699850462\n|-activate|p2a: Blissey|move: Pursuit\n|move|p1a: Godzilla|Pursuit|p2a: Blissey|[from]Pursuit\n|-damage|p2a: Blissey|52\/100\n|switch|p2a: Corviknight|Corviknight, M|100\/100\n|-ability|p2a: Corviknight|Pressure\n|\n|-weather|Sandstorm|[upkeep]\n|-damage|p1a: Godzilla|82\/100 tox|[from] psn\n|upkeep\n|turn|10\n|\n|t:|1699850469\n|switch|p1a: Mothra|Volcarona, F, shiny|90\/100\n|move|p2a: Corviknight|U-turn|p1a: Mothra\n|-resisted|p1a: Mothra\n|-damage|p1a: Mothra|80\/100\n|\n|t:|1699850471\n|switch|p2a: Blissey|Blissey, F|52\/100|[from] U-turn\n|\n|-weather|Sandstorm|[upkeep]\n|-damage|p1a: Mothra|73\/100|[from] Sandstorm\n|-damage|p2a: Blissey|46\/100|[from] Sandstorm\n|upkeep\n|turn|11\n|\n|t:|1699850476\n|switch|p1a: Mechagodzilla|Aggron, M|100\/100\n|move|p2a: Blissey|Soft-Boiled|p2a: Blissey\n|-heal|p2a: Blissey|96\/100\n|\n|-weather|Sandstorm|[upkeep]\n|-damage|p2a: Blissey|90\/100|[from] Sandstorm\n|upkeep\n|turn|12\n|\n|t:|1699850482\n|switch|p2a: Corviknight|Corviknight, M|100\/100\n|-ability|p2a: Corviknight|Pressure\n|detailschange|p1a: Mechagodzilla|Aggron-Mega, M\n|-mega|p1a: Mechagodzilla|Aggron|Aggronite\n|move|p1a: Mechagodzilla|Body Press|p2a: Corviknight\n|-crit|p2a: Corviknight\n|-damage|p2a: Corviknight|57\/100\n|\n|-weather|none\n|upkeep\n|turn|13\n|\n|t:|1699850491\n|move|p1a: Mechagodzilla|Body Press|p2a: Corviknight\n|-damage|p2a: Corviknight|28\/100\n|move|p2a: Corviknight|Roost|p2a: Corviknight\n|-heal|p2a: Corviknight|78\/100\n|-singleturn|p2a: Corviknight|move: Roost\n|\n|upkeep\n|turn|14\n|\n|t:|1699850497\n|switch|p1a: King Ghidorah|Hydreigon, F|22\/100\n|move|p2a: Corviknight|Body Press|p1a: King Ghidorah\n|-supereffective|p1a: King Ghidorah\n|-damage|p1a: King Ghidorah|0 fnt\n|faint|p1a: King Ghidorah\n|\n|upkeep\n|\n|t:|1699850512\n|switch|p1a: Mechagodzilla|Aggron-Mega, M|100\/100\n|turn|15\n|\n|t:|1699850515\n|move|p1a: Mechagodzilla|Curse|p1a: Mechagodzilla\n|-unboost|p1a: Mechagodzilla|spe|1\n|-boost|p1a: Mechagodzilla|atk|1\n|-boost|p1a: Mechagodzilla|def|1\n|move|p2a: Corviknight|Body Press|p1a: Mechagodzilla\n|-supereffective|p1a: Mechagodzilla\n|-damage|p1a: Mechagodzilla|91\/100\n|\n|upkeep\n|turn|16\n|\n|t:|1699850517\n|move|p2a: Corviknight|U-turn|p1a: Mechagodzilla\n|-resisted|p1a: Mechagodzilla\n|-damage|p1a: Mechagodzilla|89\/100\n|\n|t:|1699850520\n|switch|p2a: Back Then|Charizard, M, shiny|100\/100|[from] U-turn\n|move|p1a: Mechagodzilla|Curse|p1a: Mechagodzilla\n|-unboost|p1a: Mechagodzilla|spe|1\n|-boost|p1a: Mechagodzilla|atk|1\n|-boost|p1a: Mechagodzilla|def|1\n|\n|upkeep\n|turn|17\n|\n|t:|1699850529\n|switch|p1a: Varan|Gliscor, F|100\/100 tox\n|move|p2a: Back Then|Overheat|p1a: Varan\n|-damage|p1a: Varan|0 fnt\n|-unboost|p2a: Back Then|spa|2\n|faint|p1a: Varan\n|\n|upkeep\n|\n|t:|1699850533\n|switch|p1a: Godzilla|Tyranitar, M|82\/100 tox\n|-weather|Sandstorm|[from] ability: Sand Stream|[of] p1a: Godzilla\n|turn|18\n|\n|t:|1699850536\n|-activate|p2a: Back Then|move: Pursuit\n|move|p1a: Godzilla|Pursuit|p2a: Back Then|[from]Pursuit\n|-damage|p2a: Back Then|28\/100\n|switch|p2a: Corviknight|Corviknight, M|78\/100\n|-ability|p2a: Corviknight|Pressure\n|\n|-weather|Sandstorm|[upkeep]\n|-damage|p1a: Godzilla|76\/100 tox|[from] psn\n|upkeep\n|turn|19\n|\n|t:|1699850542\n|switch|p1a: Mothra|Volcarona, F, shiny|73\/100\n|move|p2a: Corviknight|Body Press|p1a: Mothra\n|-resisted|p1a: Mothra\n|-damage|p1a: Mothra|54\/100\n|-status|p2a: Corviknight|brn|[from] ability: Flame Body|[of] p1a: Mothra\n|\n|-weather|Sandstorm|[upkeep]\n|-damage|p1a: Mothra|48\/100|[from] Sandstorm\n|-damage|p2a: Corviknight|72\/100 brn|[from] brn\n|upkeep\n|turn|20\n|\n|t:|1699850548\n|switch|p1a: Godzilla|Tyranitar, M|76\/100 tox\n|switch|p2a: Blissey|Blissey, F|90\/100\n|\n|-weather|Sandstorm|[upkeep]\n|-damage|p2a: Blissey|84\/100|[from] Sandstorm\n|-damage|p1a: Godzilla|70\/100 tox|[from] psn\n|upkeep\n|turn|21\n|\n|t:|1699850556\n|switch|p2a: Corviknight|Corviknight, M|72\/100 brn\n|-ability|p2a: Corviknight|Pressure\n|move|p1a: Godzilla|Stone Edge|p2a: Corviknight\n|-damage|p2a: Corviknight|34\/100 brn\n|\n|-weather|Sandstorm|[upkeep]\n|-damage|p1a: Godzilla|57\/100 tox|[from] psn\n|-damage|p2a: Corviknight|28\/100 brn|[from] brn\n|upkeep\n|turn|22\n|\n|t:|1699850564\n|switch|p1a: Mothra|Volcarona, F, shiny|48\/100\n|move|p2a: Corviknight|Roost|p2a: Corviknight\n|-heal|p2a: Corviknight|78\/100 brn\n|-singleturn|p2a: Corviknight|move: Roost\n|\n|-weather|none\n|-damage|p2a: Corviknight|71\/100 brn|[from] brn\n|upkeep\n|turn|23\n|\n|t:|1699850569\n|move|p1a: Mothra|Fiery Dance|p2a: Corviknight\n|-supereffective|p2a: Corviknight\n|-damage|p2a: Corviknight|0 fnt\n|faint|p2a: Corviknight\n|\n|upkeep\n|\n|t:|1699850572\n|switch|p2a: Cinderace|Cinderace, M|4\/100\n|turn|24\n|\n|t:|1699850583\n|-terastallize|p1a: Mothra|Water\n|move|p2a: Cinderace|Pyro Ball|p1a: Mothra\n|-resisted|p1a: Mothra\n|-damage|p1a: Mothra|4\/100\n|move|p1a: Mothra|Fiery Dance|p2a: Cinderace\n|-resisted|p2a: Cinderace\n|-damage|p2a: Cinderace|0 fnt\n|faint|p2a: Cinderace\n|\n|upkeep\n|\n|t:|1699850595\n|switch|p2a: Blissey|Blissey, F|84\/100\n|turn|25\n|\n|t:|1699850601\n|switch|p1a: Mechagodzilla|Aggron-Mega, M|89\/100\n|move|p2a: Blissey|Seismic Toss|p1a: Mechagodzilla\n|-damage|p1a: Mechagodzilla|60\/100\n|\n|upkeep\n|turn|26\n|\n|t:|1699850604\n|switch|p2a: oogway|Torkoal, M|94\/100\n|-weather|SunnyDay|[from] ability: Drought|[of] p2a: oogway\n|move|p1a: Mechagodzilla|Heavy Slam|p2a: oogway\n|-resisted|p2a: oogway\n|-damage|p2a: oogway|82\/100\n|\n|-weather|SunnyDay|[upkeep]\n|upkeep\n|turn|27\n|\n|t:|1699850611\n|switch|p1a: Godzilla|Tyranitar, M|57\/100 tox\n|-weather|Sandstorm|[from] ability: Sand Stream|[of] p1a: Godzilla\n|move|p2a: oogway|Lava Plume|p1a: Godzilla\n|-resisted|p1a: Godzilla\n|-damage|p1a: Godzilla|53\/100 tox\n|\n|-weather|Sandstorm|[upkeep]\n|-damage|p2a: oogway|75\/100|[from] Sandstorm\n|-damage|p1a: Godzilla|47\/100 tox|[from] psn\n|upkeep\n|turn|28\n|\n|t:|1699850620\n|switch|p2a: Blissey|Blissey, F|84\/100\n|move|p1a: Godzilla|Stone Edge|p2a: Blissey\n|-damage|p2a: Blissey|32\/100\n|\n|-weather|Sandstorm|[upkeep]\n|-damage|p2a: Blissey|25\/100|[from] Sandstorm\n|-damage|p1a: Godzilla|34\/100 tox|[from] psn\n|upkeep\n|turn|29\n|\n|t:|1699850625\n|move|p1a: Godzilla|Pursuit|p2a: Blissey\n|-damage|p2a: Blissey|6\/100\n|move|p2a: Blissey|Soft-Boiled|p2a: Blissey\n|-heal|p2a: Blissey|56\/100\n|\n|-weather|Sandstorm|[upkeep]\n|-damage|p2a: Blissey|50\/100|[from] Sandstorm\n|-damage|p1a: Godzilla|16\/100 tox|[from] psn\n|upkeep\n|turn|30\n|\n|t:|1699850628\n|move|p1a: Godzilla|Stone Edge|p2a: Blissey\n|-damage|p2a: Blissey|0 fnt\n|faint|p2a: Blissey\n|\n|-weather|Sandstorm|[upkeep]\n|-damage|p1a: Godzilla|0 fnt|[from] psn\n|faint|p1a: Godzilla\n|upkeep\n|\n|t:|1699850632\n|switch|p1a: Anguiris|Excadrill, M|100\/100\n|switch|p2a: oogway|Torkoal, M|75\/100\n|-weather|SunnyDay|[from] ability: Drought|[of] p2a: oogway\n|turn|31\n|\n|t:|1699850636\n|move|p1a: Anguiris|Earthquake|p2a: oogway\n|-supereffective|p2a: oogway\n|-damage|p2a: oogway|9\/100\n|move|p2a: oogway|Lava Plume|p1a: Anguiris\n|-supereffective|p1a: Anguiris\n|-damage|p1a: Anguiris|9\/100\n|-status|p1a: Anguiris|brn\n|\n|-weather|SunnyDay|[upkeep]\n|-damage|p1a: Anguiris|3\/100 brn|[from] brn\n|upkeep\n|turn|32\n|\n|t:|1699850640\n|switch|p2a: Back Then|Charizard, M, shiny|28\/100\n|move|p1a: Anguiris|Rapid Spin|p2a: Back Then\n|-damage|p2a: Back Then|16\/100\n|-boost|p1a: Anguiris|spe|1\n|\n|-weather|SunnyDay|[upkeep]\n|-damage|p2a: Back Then|4\/100|[from] ability: Solar Power|[of] p2a: Back Then\n|-damage|p1a: Anguiris|0 fnt|[from] brn\n|faint|p1a: Anguiris\n|upkeep\n|\n|t:|1699850645\n|switch|p1a: Mothra|Volcarona, F, shiny, tera:Water|4\/100\n|turn|33\n|\n|t:|1699850650\n|switch|p2a: oogway|Torkoal, M|9\/100\n|move|p1a: Mothra|Fiery Dance|p2a: oogway\n|-resisted|p2a: oogway\n|-damage|p2a: oogway|0 fnt\n|faint|p2a: oogway\n|\n|-weather|SunnyDay|[upkeep]\n|upkeep\n|\n|t:|1699850652\n|switch|p2a: Venusaur|Venusaur, M|100\/100\n|turn|34\n|\n|t:|1699850654\n|switch|p1a: Mechagodzilla|Aggron-Mega, M|60\/100\n|move|p2a: Venusaur|Weather Ball|p1a: Mechagodzilla\n|-supereffective|p1a: Mechagodzilla\n|-damage|p1a: Mechagodzilla|0 fnt\n|faint|p1a: Mechagodzilla\n|-damage|p2a: Venusaur|91\/100|[from] item: Life Orb\n|\n|-weather|SunnyDay|[upkeep]\n|upkeep\n|\n|t:|1699850656\n|switch|p1a: Mothra|Volcarona, F, shiny, tera:Water|4\/100\n|turn|35\n|c|\u2606hambroni|gg\n|\n|t:|1699850658\n|move|p2a: Venusaur|Weather Ball|p1a: Mothra\n|-resisted|p1a: Mothra\n|-damage|p1a: Mothra|0 fnt\n|faint|p1a: Mothra\n|-damage|p2a: Venusaur|81\/100|[from] item: Life Orb\n|\n|win|hambroni\n|raw|Durr plant100's rating: 1449 &rarr; <strong>1423<\/strong><br \/>(-26 for losing)\n|raw|hambroni's rating: 1345 &rarr; <strong>1371<\/strong><br \/>(+26 for winning)\n|l|\u2606Durr plant100\n","uploadtime":1699850663,"views":7,"p1id":"durrplant100","p2id":"hambroni","formatid":"gen9nationaldex","rating":1371,"private":0,"password":""}