{"id":"gen9nationaldex-1988496959","p1":"EBlizzyDaKid","p2":"Raiulenx9","format":"[Gen 9] National Dex","log":"|j|\u2606EBlizzyDaKid\n|j|\u2606Raiulenx9\n|t:|1699729244\n|gametype|singles\n|player|p1|EBlizzyDaKid|hugh|1239\n|player|p2|Raiulenx9|n|1174\n|teamsize|p1|6\n|teamsize|p2|6\n|gen|9\n|tier|[Gen 9] National Dex\n|rated|\n|rule|HP Percentage Mod: HP is shown in percentages\n|rule|Endless Battle Clause: Forcing endless battles is banned\n|rule|OHKO Clause: OHKO moves are banned\n|rule|Evasion Clause: Evasion abilities, items, and moves are banned\n|rule|Evasion Abilities Clause: Evasion abilities are banned\n|rule|Evasion Items Clause: Evasion items are banned\n|rule|Evasion Moves Clause: Evasion moves are banned\n|rule|Species Clause: Limit one of each Pok\u00e9mon\n|rule|Sleep Clause Mod: Limit one foe put to sleep\n|clearpoke\n|poke|p1|Snorlax, M|\n|poke|p1|Venusaur, M|\n|poke|p1|Gyarados, M|\n|poke|p1|Arcanine-Hisui, M|\n|poke|p1|Iron Hands|\n|poke|p1|Beedrill, M|\n|poke|p2|Ceruledge, M|\n|poke|p2|Ferrothorn, F|\n|poke|p2|Ninetales-Alola, F|\n|poke|p2|Sneasler, M|\n|poke|p2|Gliscor, M|\n|poke|p2|Rotom-Wash|\n|teampreview\n|\n|t:|1699729256\n|start\n|switch|p1a: Snorlax|Snorlax, M, shiny|100\/100\n|switch|p2a: Ninetales|Ninetales-Alola, F|100\/100\n|-weather|Snow|[from] ability: Snow Warning|[of] p2a: Ninetales\n|turn|1\n|\n|t:|1699729265\n|move|p2a: Ninetales|Aurora Veil|p2a: Ninetales\n|-sidestart|p2: Raiulenx9|move: Aurora Veil\n|move|p1a: Snorlax|Belly Drum|p1a: Snorlax\n|-damage|p1a: Snorlax|50\/100\n|-setboost|p1a: Snorlax|atk|6|[from] move: Belly Drum\n|\n|-weather|Snow|[upkeep]\n|-heal|p1a: Snorlax|57\/100|[from] item: Leftovers\n|upkeep\n|turn|2\n|\n|t:|1699729272\n|move|p2a: Ninetales|Encore|p1a: Snorlax\n|-start|p1a: Snorlax|Encore\n|move|p1a: Snorlax|Belly Drum||[still]\n|-fail|p1a: Snorlax\n|\n|-weather|Snow|[upkeep]\n|-heal|p1a: Snorlax|63\/100|[from] item: Leftovers\n|upkeep\n|turn|3\n|\n|t:|1699729283\n|switch|p2a: Sneasler|Sneasler, M|100\/100\n|switch|p1a: Iron Hands|Iron Hands|100\/100\n|\n|-weather|Snow|[upkeep]\n|upkeep\n|turn|4\n|\n|t:|1699729292\n|move|p2a: Sneasler|U-turn|p1a: Iron Hands\n|-resisted|p1a: Iron Hands\n|-damage|p1a: Iron Hands|89\/100\n|\n|t:|1699729296\n|switch|p2a: Ceruledge|Ceruledge, M|100\/100|[from] U-turn\n|move|p1a: Iron Hands|Drain Punch|p2a: Ceruledge\n|-immune|p2a: Ceruledge\n|\n|-weather|Snow|[upkeep]\n|-heal|p1a: Iron Hands|96\/100|[from] item: Leftovers\n|upkeep\n|turn|5\n|\n|t:|1699729303\n|move|p2a: Ceruledge|Swords Dance|p2a: Ceruledge\n|-boost|p2a: Ceruledge|atk|2\n|move|p1a: Iron Hands|Thunder Punch|p2a: Ceruledge\n|-damage|p2a: Ceruledge|70\/100\n|-ability|p2a: Ceruledge|Weak Armor|boost\n|-unboost|p2a: Ceruledge|def|1\n|-boost|p2a: Ceruledge|spe|2\n|\n|-weather|none\n|-heal|p2a: Ceruledge|76\/100|[from] item: Leftovers\n|-heal|p1a: Iron Hands|100\/100|[from] item: Leftovers\n|upkeep\n|turn|6\n|\n|t:|1699729314\n|move|p2a: Ceruledge|Swords Dance|p2a: Ceruledge\n|-boost|p2a: Ceruledge|atk|2\n|move|p1a: Iron Hands|Thunder Punch|p2a: Ceruledge\n|-damage|p2a: Ceruledge|26\/100\n|-status|p2a: Ceruledge|par\n|-ability|p2a: Ceruledge|Weak Armor|boost\n|-unboost|p2a: Ceruledge|def|1\n|-boost|p2a: Ceruledge|spe|2\n|\n|-heal|p2a: Ceruledge|32\/100 par|[from] item: Leftovers\n|upkeep\n|turn|7\n|\n|t:|1699729325\n|move|p2a: Ceruledge|Bitter Blade|p1a: Iron Hands\n|-damage|p1a: Iron Hands|7\/100\n|-heal|p2a: Ceruledge|100\/100 par|[from] drain|[of] p1a: Iron Hands\n|move|p1a: Iron Hands|Thunder Punch|p2a: Ceruledge\n|-damage|p2a: Ceruledge|39\/100 par\n|-ability|p2a: Ceruledge|Weak Armor|boost\n|-unboost|p2a: Ceruledge|def|1\n|-boost|p2a: Ceruledge|spe|2\n|\n|-heal|p2a: Ceruledge|45\/100 par|[from] item: Leftovers\n|-heal|p1a: Iron Hands|14\/100|[from] item: Leftovers\n|upkeep\n|turn|8\n|\n|t:|1699729338\n|move|p2a: Ceruledge|Bitter Blade|p1a: Iron Hands\n|-damage|p1a: Iron Hands|0 fnt\n|-heal|p2a: Ceruledge|57\/100 par|[from] drain|[of] p1a: Iron Hands\n|faint|p1a: Iron Hands\n|-end|p1a: Iron Hands|Quark Drive|[silent]\n|\n|-heal|p2a: Ceruledge|63\/100 par|[from] item: Leftovers\n|-sideend|p2: Raiulenx9|move: Aurora Veil\n|upkeep\n|\n|t:|1699729341\n|switch|p1a: Gyarados|Gyarados, M|100\/100\n|turn|9\n|\n|t:|1699729348\n|move|p2a: Ceruledge|Shadow Sneak|p1a: Gyarados\n|-damage|p1a: Gyarados|23\/100\n|move|p1a: Gyarados|Dragon Dance|p1a: Gyarados\n|-boost|p1a: Gyarados|atk|1\n|-boost|p1a: Gyarados|spe|1\n|\n|-heal|p2a: Ceruledge|69\/100 par|[from] item: Leftovers\n|upkeep\n|turn|10\n|\n|t:|1699729355\n|move|p2a: Ceruledge|Shadow Sneak|p1a: Gyarados\n|-damage|p1a: Gyarados|0 fnt\n|faint|p1a: Gyarados\n|\n|-heal|p2a: Ceruledge|75\/100 par|[from] item: Leftovers\n|upkeep\n|\n|t:|1699729357\n|switch|p1a: Mewtwo's Venusaur|Venusaur, M|100\/100\n|turn|11\n|\n|t:|1699729362\n|-terastallize|p1a: Mewtwo's Venusaur|Dragon\n|move|p2a: Ceruledge|Bitter Blade|p1a: Mewtwo's Venusaur\n|-resisted|p1a: Mewtwo's Venusaur\n|-damage|p1a: Mewtwo's Venusaur|20\/100\n|-heal|p2a: Ceruledge|100\/100 par|[from] drain|[of] p1a: Mewtwo's Venusaur\n|move|p1a: Mewtwo's Venusaur|Leech Seed|p2a: Ceruledge\n|-start|p2a: Ceruledge|move: Leech Seed\n|\n|-heal|p1a: Mewtwo's Venusaur|26\/100|[from] item: Leftovers\n|-damage|p2a: Ceruledge|88\/100 par|[from] Leech Seed|[of] p1a: Mewtwo's Venusaur\n|-heal|p1a: Mewtwo's Venusaur|38\/100|[silent]\n|upkeep\n|turn|12\n|\n|t:|1699729374\n|move|p2a: Ceruledge|Bitter Blade|p1a: Mewtwo's Venusaur\n|-resisted|p1a: Mewtwo's Venusaur\n|-damage|p1a: Mewtwo's Venusaur|0 fnt\n|-heal|p2a: Ceruledge|100\/100 par|[from] drain|[of] p1a: Mewtwo's Venusaur\n|faint|p1a: Mewtwo's Venusaur\n|\n|upkeep\n|\n|t:|1699729377\n|switch|p1a: Arcanine|Arcanine-Hisui, M, shiny|100\/100\n|turn|13\n|\n|t:|1699729382\n|move|p2a: Ceruledge|Close Combat|p1a: Arcanine\n|-supereffective|p1a: Arcanine\n|-damage|p1a: Arcanine|0 fnt\n|-unboost|p2a: Ceruledge|def|1\n|-unboost|p2a: Ceruledge|spd|1\n|faint|p1a: Arcanine\n|\n|upkeep\n|\n|t:|1699729385\n|switch|p1a: Snorlax|Snorlax, M, shiny|63\/100\n|turn|14\n|\n|t:|1699729390\n|move|p1a: Snorlax|Protect|p1a: Snorlax\n|-singleturn|p1a: Snorlax|Protect\n|move|p2a: Ceruledge|Close Combat|p1a: Snorlax\n|-activate|p1a: Snorlax|move: Protect\n|\n|-heal|p1a: Snorlax|69\/100|[from] item: Leftovers\n|-damage|p2a: Ceruledge|88\/100 par|[from] Leech Seed|[of] p1a: Snorlax\n|-heal|p1a: Snorlax|76\/100|[silent]\n|upkeep\n|turn|15\n|\n|t:|1699729399\n|cant|p2a: Ceruledge|par\n|move|p1a: Snorlax|Earthquake|p2a: Ceruledge\n|-supereffective|p2a: Ceruledge\n|-damage|p2a: Ceruledge|0 fnt\n|faint|p2a: Ceruledge\n|\n|-heal|p1a: Snorlax|83\/100|[from] item: Leftovers\n|upkeep\n|\n|t:|1699729407\n|switch|p2a: Ninetales|Ninetales-Alola, F|100\/100\n|-weather|Snow|[from] ability: Snow Warning|[of] p2a: Ninetales\n|turn|16\n|\n|t:|1699729413\n|move|p2a: Ninetales|Aurora Veil|p2a: Ninetales\n|-sidestart|p2: Raiulenx9|move: Aurora Veil\n|move|p1a: Snorlax|Belly Drum|p1a: Snorlax\n|-damage|p1a: Snorlax|33\/100\n|-setboost|p1a: Snorlax|atk|6|[from] move: Belly Drum\n|\n|-weather|Snow|[upkeep]\n|-heal|p1a: Snorlax|39\/100|[from] item: Leftovers\n|upkeep\n|turn|17\n|\n|t:|1699729420\n|move|p2a: Ninetales|Encore|p1a: Snorlax\n|-start|p1a: Snorlax|Encore\n|move|p1a: Snorlax|Belly Drum||[still]\n|-fail|p1a: Snorlax\n|\n|-weather|Snow|[upkeep]\n|-heal|p1a: Snorlax|45\/100|[from] item: Leftovers\n|upkeep\n|turn|18\n|\n|t:|1699729456\n|move|p2a: Ninetales|Freeze-Dry|p1a: Snorlax\n|-damage|p1a: Snorlax|38\/100\n|-status|p1a: Snorlax|frz\n|cant|p1a: Snorlax|frz\n|\n|-weather|Snow|[upkeep]\n|-heal|p1a: Snorlax|44\/100 frz|[from] item: Leftovers\n|upkeep\n|turn|19\n|inactive|Battle timer is ON: inactive players will automatically lose when time's up. (requested by Raiulenx9)\n|\n|t:|1699729473\n|switch|p2a: Sneasler|Sneasler, M|100\/100\n|cant|p1a: Snorlax|frz\n|\n|-weather|Snow|[upkeep]\n|-heal|p1a: Snorlax|50\/100 frz|[from] item: Leftovers\n|-end|p1a: Snorlax|Encore\n|upkeep\n|turn|20\n|\n|t:|1699729482\n|-curestatus|p1a: Snorlax|frz|[msg]\n|move|p1a: Snorlax|Protect|p1a: Snorlax\n|-singleturn|p1a: Snorlax|Protect\n|move|p2a: Sneasler|Close Combat|p1a: Snorlax\n|-activate|p1a: Snorlax|move: Protect\n|\n|-weather|none\n|-heal|p1a: Snorlax|56\/100|[from] item: Leftovers\n|upkeep\n|turn|21\n|\n|t:|1699729491\n|-terastallize|p2a: Sneasler|Fighting\n|move|p2a: Sneasler|Close Combat|p1a: Snorlax\n|-supereffective|p1a: Snorlax\n|-damage|p1a: Snorlax|0 fnt\n|-unboost|p2a: Sneasler|def|1\n|-unboost|p2a: Sneasler|spd|1\n|faint|p1a: Snorlax\n|\n|upkeep\n|\n|t:|1699729494\n|switch|p1a: Beedrill|Beedrill, M|100\/100\n|turn|22\n|\n|t:|1699729507\n|switch|p2a: Ferrothorn|Ferrothorn, F|100\/100\n|detailschange|p1a: Beedrill|Beedrill-Mega, M\n|-mega|p1a: Beedrill|Beedrill|Beedrillite\n|move|p1a: Beedrill|Poison Jab|p2a: Ferrothorn\n|-immune|p2a: Ferrothorn\n|\n|upkeep\n|turn|23\n|\n|t:|1699729514\n|move|p1a: Beedrill|Drill Run|p2a: Ferrothorn\n|-damage|p2a: Ferrothorn|91\/100\n|-damage|p1a: Beedrill|88\/100|[from] ability: Iron Barbs|[of] p2a: Ferrothorn\n|-damage|p1a: Beedrill|72\/100|[from] item: Rocky Helmet|[of] p2a: Ferrothorn\n|move|p2a: Ferrothorn|Leech Seed|p1a: Beedrill\n|-start|p1a: Beedrill|move: Leech Seed\n|\n|-damage|p1a: Beedrill|60\/100|[from] Leech Seed|[of] p2a: Ferrothorn\n|-heal|p2a: Ferrothorn|100\/100|[silent]\n|-sideend|p2: Raiulenx9|move: Aurora Veil\n|upkeep\n|turn|24\n|\n|t:|1699729527\n|move|p1a: Beedrill|Fell Stinger|p2a: Ferrothorn\n|-damage|p2a: Ferrothorn|77\/100\n|-damage|p1a: Beedrill|47\/100|[from] ability: Iron Barbs|[of] p2a: Ferrothorn\n|-damage|p1a: Beedrill|31\/100|[from] item: Rocky Helmet|[of] p2a: Ferrothorn\n|move|p2a: Ferrothorn|Gyro Ball|p1a: Beedrill\n|-damage|p1a: Beedrill|0 fnt\n|faint|p1a: Beedrill\n|\n|win|Raiulenx9\n|raw|EBlizzyDaKid's rating: 1239 &rarr; <strong>1209<\/strong><br \/>(-30 for losing)\n|raw|Raiulenx9's rating: 1174 &rarr; <strong>1204<\/strong><br \/>(+30 for winning)\n","uploadtime":1699729541,"views":22,"p1id":"eblizzydakid","p2id":"raiulenx9","formatid":"gen9nationaldex","rating":1204,"private":0,"password":""}