{"id":"gen9nationaldex-2000649036","p1":"Bluedragon463","p2":"Prtbl_Trash","format":"[Gen 9] National Dex","log":"|html|<div class=\"broadcast-blue\"><strong>[Gen 9] National Dex is currently suspecting Sneasler! For information on how to participate check out the <a href=\"https:\/\/www.smogon.com\/forums\/threads\/sv-national-dex-suspect-8-just-dance.3731534\/\">suspect thread<\/a>.<\/strong><\/div>\n|j|\u2606Bluedragon463\n|j|\u2606Prtbl_Trash\n|t:|1701214433\n|gametype|singles\n|player|p1|Bluedragon463|2|1460\n|player|p2|Prtbl_Trash|madame-gen4|1449\n|teamsize|p1|6\n|teamsize|p2|6\n|gen|9\n|tier|[Gen 9] National Dex\n|rated|\n|rule|HP Percentage Mod: HP is shown in percentages\n|rule|Endless Battle Clause: Forcing endless battles is banned\n|rule|OHKO Clause: OHKO moves are banned\n|rule|Evasion Clause: Evasion abilities, items, and moves are banned\n|rule|Evasion Abilities Clause: Evasion abilities are banned\n|rule|Evasion Items Clause: Evasion items are banned\n|rule|Evasion Moves Clause: Evasion moves are banned\n|rule|Species Clause: Limit one of each Pok\u00e9mon\n|rule|Sleep Clause Mod: Limit one foe put to sleep\n|clearpoke\n|poke|p1|Kommo-o, F|\n|poke|p1|Blacephalon|\n|poke|p1|Thundurus-Therian, M|\n|poke|p1|Sableye, F|\n|poke|p1|Urshifu-*, F|\n|poke|p1|Cloyster, M|\n|poke|p2|Weavile, F|\n|poke|p2|Rotom-Wash|\n|poke|p2|Corviknight, F|\n|poke|p2|Clefable, F|\n|poke|p2|Garchomp, F|\n|poke|p2|Skeledirge, F|\n|teampreview\n|inactive|Battle timer is ON: inactive players will automatically lose when time's up. (requested by Prtbl_Trash)\n|inactive|Bluedragon463 also wants the timer to be on.\n|\n|t:|1701214445\n|start\n|switch|p1a: Cloyster|Cloyster, M|100\/100\n|switch|p2a: Rotom|Rotom-Wash|100\/100\n|turn|1\n|\n|t:|1701214451\n|move|p1a: Cloyster|Shell Smash|p1a: Cloyster\n|-unboost|p1a: Cloyster|def|1\n|-unboost|p1a: Cloyster|spd|1\n|-boost|p1a: Cloyster|atk|2\n|-boost|p1a: Cloyster|spa|2\n|-boost|p1a: Cloyster|spe|2\n|move|p2a: Rotom|Volt Switch|p1a: Cloyster\n|-supereffective|p1a: Cloyster\n|-enditem|p1a: Cloyster|Focus Sash\n|-damage|p1a: Cloyster|1\/100\n|\n|t:|1701214461\n|switch|p2a: Weavile|Weavile, F|100\/100|[from] Volt Switch\n|-ability|p2a: Weavile|Pressure\n|\n|upkeep\n|turn|2\n|\n|t:|1701214464\n|move|p2a: Weavile|Ice Shard|p1a: Cloyster\n|-resisted|p1a: Cloyster\n|-damage|p1a: Cloyster|0 fnt\n|faint|p1a: Cloyster\n|\n|upkeep\n|\n|t:|1701214468\n|switch|p1a: Urshifu|Urshifu-Rapid-Strike, F|100\/100\n|turn|3\n|\n|t:|1701214474\n|switch|p2a: Rotom|Rotom-Wash|100\/100\n|-terastallize|p1a: Urshifu|Water\n|move|p1a: Urshifu|Surging Strikes|p2a: Rotom\n|-resisted|p2a: Rotom\n|-crit|p2a: Rotom\n|-damage|p2a: Rotom|76\/100\n|-resisted|p2a: Rotom\n|-crit|p2a: Rotom\n|-damage|p2a: Rotom|54\/100\n|-resisted|p2a: Rotom\n|-crit|p2a: Rotom\n|-damage|p2a: Rotom|33\/100\n|-hitcount|p2a: Rotom|3\n|\n|-heal|p2a: Rotom|39\/100|[from] item: Leftovers\n|upkeep\n|turn|4\n|\n|t:|1701214480\n|switch|p1a: Thundurus|Thundurus-Therian, M|100\/100\n|move|p2a: Rotom|Volt Switch|p1a: Thundurus\n|-immune|p1a: Thundurus|[from] ability: Volt Absorb\n|\n|-heal|p2a: Rotom|45\/100|[from] item: Leftovers\n|upkeep\n|turn|5\n|\n|t:|1701214487\n|move|p2a: Rotom|Protect|p2a: Rotom\n|-singleturn|p2a: Rotom|Protect\n|move|p1a: Thundurus|Thunder|p2a: Rotom\n|-activate|p2a: Rotom|move: Protect\n|\n|-heal|p2a: Rotom|51\/100|[from] item: Leftovers\n|upkeep\n|turn|6\n|\n|t:|1701214492\n|switch|p2a: Garchomp|Garchomp, F|100\/100\n|move|p1a: Thundurus|Thunder|p2a: Garchomp\n|-immune|p2a: Garchomp\n|\n|upkeep\n|turn|7\n|\n|t:|1701214495\n|move|p2a: Garchomp|Stealth Rock|p1a: Thundurus\n|-sidestart|p1: Bluedragon463|move: Stealth Rock\n|move|p1a: Thundurus|Psychic|p2a: Garchomp\n|-crit|p2a: Garchomp\n|-damage|p2a: Garchomp|44\/100\n|-unboost|p2a: Garchomp|spd|1\n|\n|upkeep\n|turn|8\n|\n|t:|1701214502\n|-zpower|p2a: Garchomp\n|move|p2a: Garchomp|Devastating Drake|p1a: Thundurus|[zeffect]\n|-damage|p1a: Thundurus|0 fnt\n|faint|p1a: Thundurus\n|\n|upkeep\n|\n|t:|1701214511\n|switch|p1a: Blacephalon|Blacephalon|100\/100\n|-damage|p1a: Blacephalon|76\/100|[from] Stealth Rock\n|turn|9\n|\n|t:|1701214516\n|switch|p2a: Clefable|Clefable, F|100\/100\n|move|p1a: Blacephalon|Shadow Ball|p2a: Clefable\n|-damage|p2a: Clefable|60\/100\n|\n|-heal|p2a: Clefable|66\/100|[from] item: Leftovers\n|upkeep\n|turn|10\n|\n|t:|1701214520\n|switch|p1a: Urshifu|Urshifu-Rapid-Strike, F, tera:Water|100\/100\n|-damage|p1a: Urshifu|88\/100|[from] Stealth Rock\n|move|p2a: Clefable|Thunder Wave|p1a: Urshifu|[miss]\n|-miss|p2a: Clefable|p1a: Urshifu\n|\n|-heal|p2a: Clefable|72\/100|[from] item: Leftovers\n|upkeep\n|turn|11\n|\n|t:|1701214530\n|-terastallize|p2a: Clefable|Water\n|move|p1a: Urshifu|Surging Strikes|p2a: Clefable\n|-resisted|p2a: Clefable\n|-crit|p2a: Clefable\n|-damage|p2a: Clefable|55\/100\n|-resisted|p2a: Clefable\n|-crit|p2a: Clefable\n|-damage|p2a: Clefable|37\/100\n|-resisted|p2a: Clefable\n|-crit|p2a: Clefable\n|-damage|p2a: Clefable|18\/100\n|-hitcount|p2a: Clefable|3\n|move|p2a: Clefable|Thunder Wave|p1a: Urshifu\n|-status|p1a: Urshifu|par\n|\n|-heal|p2a: Clefable|24\/100|[from] item: Leftovers\n|upkeep\n|turn|12\n|\n|t:|1701214535\n|move|p2a: Clefable|Soft-Boiled|p2a: Clefable\n|-heal|p2a: Clefable|74\/100\n|move|p1a: Urshifu|Surging Strikes|p2a: Clefable\n|-resisted|p2a: Clefable\n|-crit|p2a: Clefable\n|-damage|p2a: Clefable|54\/100\n|-resisted|p2a: Clefable\n|-crit|p2a: Clefable\n|-damage|p2a: Clefable|37\/100\n|-resisted|p2a: Clefable\n|-crit|p2a: Clefable\n|-damage|p2a: Clefable|16\/100\n|-hitcount|p2a: Clefable|3\n|\n|-heal|p2a: Clefable|22\/100|[from] item: Leftovers\n|upkeep\n|turn|13\n|\n|t:|1701214540\n|move|p2a: Clefable|Soft-Boiled|p2a: Clefable\n|-heal|p2a: Clefable|72\/100\n|move|p1a: Urshifu|Surging Strikes|p2a: Clefable\n|-resisted|p2a: Clefable\n|-crit|p2a: Clefable\n|-damage|p2a: Clefable|52\/100\n|-resisted|p2a: Clefable\n|-crit|p2a: Clefable\n|-damage|p2a: Clefable|34\/100\n|-resisted|p2a: Clefable\n|-crit|p2a: Clefable\n|-damage|p2a: Clefable|13\/100\n|-hitcount|p2a: Clefable|3\n|\n|-heal|p2a: Clefable|19\/100|[from] item: Leftovers\n|upkeep\n|turn|14\n|\n|t:|1701214544\n|move|p2a: Clefable|Soft-Boiled|p2a: Clefable\n|-heal|p2a: Clefable|69\/100\n|move|p1a: Urshifu|Surging Strikes|p2a: Clefable\n|-resisted|p2a: Clefable\n|-crit|p2a: Clefable\n|-damage|p2a: Clefable|50\/100\n|-resisted|p2a: Clefable\n|-crit|p2a: Clefable\n|-damage|p2a: Clefable|31\/100\n|-resisted|p2a: Clefable\n|-crit|p2a: Clefable\n|-damage|p2a: Clefable|13\/100\n|-hitcount|p2a: Clefable|3\n|\n|-heal|p2a: Clefable|19\/100|[from] item: Leftovers\n|upkeep\n|turn|15\n|\n|t:|1701214548\n|move|p2a: Clefable|Soft-Boiled|p2a: Clefable\n|-heal|p2a: Clefable|69\/100\n|move|p1a: Urshifu|Surging Strikes|p2a: Clefable\n|-resisted|p2a: Clefable\n|-crit|p2a: Clefable\n|-damage|p2a: Clefable|49\/100\n|-resisted|p2a: Clefable\n|-crit|p2a: Clefable\n|-damage|p2a: Clefable|31\/100\n|-resisted|p2a: Clefable\n|-crit|p2a: Clefable\n|-damage|p2a: Clefable|12\/100\n|-hitcount|p2a: Clefable|3\n|\n|-heal|p2a: Clefable|18\/100|[from] item: Leftovers\n|upkeep\n|turn|16\n|\n|t:|1701214552\n|move|p2a: Clefable|Soft-Boiled|p2a: Clefable\n|-heal|p2a: Clefable|68\/100\n|move|p1a: Urshifu|Surging Strikes|p2a: Clefable\n|-resisted|p2a: Clefable\n|-crit|p2a: Clefable\n|-damage|p2a: Clefable|48\/100\n|-resisted|p2a: Clefable\n|-crit|p2a: Clefable\n|-damage|p2a: Clefable|28\/100\n|-resisted|p2a: Clefable\n|-crit|p2a: Clefable\n|-damage|p2a: Clefable|10\/100\n|-hitcount|p2a: Clefable|3\n|\n|-heal|p2a: Clefable|16\/100|[from] item: Leftovers\n|upkeep\n|turn|17\n|\n|t:|1701214556\n|move|p2a: Clefable|Soft-Boiled|p2a: Clefable\n|-heal|p2a: Clefable|66\/100\n|move|p1a: Urshifu|Surging Strikes|p2a: Clefable\n|-resisted|p2a: Clefable\n|-crit|p2a: Clefable\n|-damage|p2a: Clefable|45\/100\n|-resisted|p2a: Clefable\n|-crit|p2a: Clefable\n|-damage|p2a: Clefable|27\/100\n|-resisted|p2a: Clefable\n|-crit|p2a: Clefable\n|-damage|p2a: Clefable|9\/100\n|-hitcount|p2a: Clefable|3\n|\n|-heal|p2a: Clefable|15\/100|[from] item: Leftovers\n|upkeep\n|turn|18\n|\n|t:|1701214562\n|switch|p1a: Blacephalon|Blacephalon|76\/100\n|-damage|p1a: Blacephalon|51\/100|[from] Stealth Rock\n|move|p2a: Clefable|Soft-Boiled|p2a: Clefable\n|-heal|p2a: Clefable|65\/100\n|\n|-heal|p2a: Clefable|71\/100|[from] item: Leftovers\n|upkeep\n|turn|19\n|\n|t:|1701214569\n|move|p1a: Blacephalon|Shadow Ball|p2a: Clefable\n|-damage|p2a: Clefable|32\/100\n|-unboost|p2a: Clefable|spd|1\n|move|p2a: Clefable|Knock Off|p1a: Blacephalon\n|-supereffective|p1a: Blacephalon\n|-damage|p1a: Blacephalon|0 fnt\n|-enditem|p1a: Blacephalon|Choice Scarf|[from] move: Knock Off|[of] p2a: Clefable\n|faint|p1a: Blacephalon\n|\n|-heal|p2a: Clefable|38\/100|[from] item: Leftovers\n|upkeep\n|\n|t:|1701214573\n|switch|p1a: Kommo-o|Kommo-o, F|100\/100\n|-damage|p1a: Kommo-o|94\/100|[from] Stealth Rock\n|turn|20\n|\n|t:|1701214582\n|-zpower|p1a: Kommo-o\n|move|p1a: Kommo-o|Clangorous Soulblaze|p2a: Clefable|[zeffect]\n|-damage|p2a: Clefable|0 fnt\n|faint|p2a: Clefable\n|-boost|p1a: Kommo-o|atk|1\n|-boost|p1a: Kommo-o|def|1\n|-boost|p1a: Kommo-o|spa|1\n|-boost|p1a: Kommo-o|spd|1\n|-boost|p1a: Kommo-o|spe|1\n|\n|upkeep\n|\n|t:|1701214586\n|switch|p2a: Skeledirge|Skeledirge, F|100\/100\n|turn|21\n|\n|t:|1701214591\n|move|p1a: Kommo-o|Clanging Scales|p2a: Skeledirge\n|-damage|p2a: Skeledirge|47\/100\n|-unboost|p1a: Kommo-o|def|1\n|move|p2a: Skeledirge|Will-O-Wisp|p1a: Kommo-o\n|-status|p1a: Kommo-o|brn\n|\n|-damage|p1a: Kommo-o|88\/100 brn|[from] brn\n|upkeep\n|turn|22\n|\n|t:|1701214600\n|move|p1a: Kommo-o|Clanging Scales|p2a: Skeledirge\n|-damage|p2a: Skeledirge|2\/100\n|-unboost|p1a: Kommo-o|def|1\n|move|p2a: Skeledirge|Slack Off|p2a: Skeledirge\n|-heal|p2a: Skeledirge|52\/100\n|\n|-damage|p1a: Kommo-o|82\/100 brn|[from] brn\n|upkeep\n|turn|23\n|\n|t:|1701214604\n|move|p1a: Kommo-o|Clanging Scales|p2a: Skeledirge\n|-damage|p2a: Skeledirge|1\/100\n|-unboost|p1a: Kommo-o|def|1\n|move|p2a: Skeledirge|Slack Off|p2a: Skeledirge\n|-heal|p2a: Skeledirge|51\/100\n|\n|-damage|p1a: Kommo-o|76\/100 brn|[from] brn\n|upkeep\n|turn|24\n|\n|t:|1701214611\n|switch|p2a: Corviknight|Corviknight, F|100\/100\n|-ability|p2a: Corviknight|Pressure\n|move|p1a: Kommo-o|Clanging Scales|p2a: Corviknight\n|-resisted|p2a: Corviknight\n|-damage|p2a: Corviknight|68\/100\n|-unboost|p1a: Kommo-o|def|1\n|\n|-damage|p1a: Kommo-o|70\/100 brn|[from] brn\n|upkeep\n|turn|25\n|\n|t:|1701214613\n|move|p1a: Kommo-o|Flamethrower|p2a: Corviknight\n|-supereffective|p2a: Corviknight\n|-damage|p2a: Corviknight|0 fnt\n|faint|p2a: Corviknight\n|\n|-damage|p1a: Kommo-o|63\/100 brn|[from] brn\n|upkeep\n|\n|t:|1701214617\n|switch|p2a: Weavile|Weavile, F|100\/100\n|-ability|p2a: Weavile|Pressure\n|turn|26\n|\n|t:|1701214623\n|move|p2a: Weavile|Ice Shard|p1a: Kommo-o\n|-supereffective|p1a: Kommo-o\n|-damage|p1a: Kommo-o|0 fnt\n|faint|p1a: Kommo-o\n|\n|upkeep\n|\n|t:|1701214628\n|switch|p1a: Urshifu|Urshifu-Rapid-Strike, F, tera:Water|88\/100 par\n|-damage|p1a: Urshifu|76\/100 par|[from] Stealth Rock\n|turn|27\n|\n|t:|1701214632\n|switch|p2a: Garchomp|Garchomp, F|44\/100\n|move|p1a: Urshifu|Close Combat|p2a: Garchomp\n|-damage|p2a: Garchomp|0 fnt\n|-unboost|p1a: Urshifu|def|1\n|-unboost|p1a: Urshifu|spd|1\n|-damage|p1a: Urshifu|64\/100 par|[from] ability: Rough Skin|[of] p2a: Garchomp\n|faint|p2a: Garchomp\n|\n|upkeep\n|\n|t:|1701214638\n|switch|p2a: Skeledirge|Skeledirge, F|51\/100\n|turn|28\n|\n|t:|1701214640\n|move|p2a: Skeledirge|Slack Off|p2a: Skeledirge\n|-heal|p2a: Skeledirge|100\/100\n|move|p1a: Urshifu|Close Combat|p2a: Skeledirge\n|-immune|p2a: Skeledirge\n|\n|upkeep\n|turn|29\n|\n|t:|1701214644\n|switch|p1a: Sableye|Sableye, F|100\/100\n|-damage|p1a: Sableye|88\/100|[from] Stealth Rock\n|move|p2a: Skeledirge|Torch Song|p1a: Sableye\n|-damage|p1a: Sableye|44\/100\n|-boost|p2a: Skeledirge|spa|1\n|\n|upkeep\n|turn|30\n|\n|t:|1701214651\n|detailschange|p1a: Sableye|Sableye-Mega, F\n|-mega|p1a: Sableye|Sableye|Sablenite\n|move|p2a: Skeledirge|Torch Song|p1a: Sableye\n|-damage|p1a: Sableye|0 fnt\n|-boost|p2a: Skeledirge|spa|1\n|faint|p1a: Sableye\n|\n|upkeep\n|\n|t:|1701214653\n|switch|p1a: Urshifu|Urshifu-Rapid-Strike, F, tera:Water|64\/100 par\n|-damage|p1a: Urshifu|51\/100 par|[from] Stealth Rock\n|turn|31\n|\n|t:|1701214660\n|move|p2a: Skeledirge|Hex|p1a: Urshifu\n|-damage|p1a: Urshifu|0 fnt\n|faint|p1a: Urshifu\n|\n|win|Prtbl_Trash\n|raw|Bluedragon463's rating: 1460 &rarr; <strong>1439<\/strong><br \/>(-21 for losing)\n|raw|Prtbl_Trash's rating: 1449 &rarr; <strong>1470<\/strong><br \/>(+21 for winning)\n|l|\u2606Bluedragon463\n","uploadtime":1701214684,"views":1,"p1id":"bluedragon463","p2id":"prtbltrash","formatid":"gen9nationaldex","rating":1439,"private":0,"password":""}