{"id":"gen9nationaldex-1998269687","p1":"Sleym","p2":"shaggysoloo","format":"[Gen 9] National Dex","log":"|html|<div class=\"broadcast-blue\"><strong>[Gen 9] National Dex is currently suspecting Sneasler! For information on how to participate check out the <a href=\"https:\/\/www.smogon.com\/forums\/threads\/sv-national-dex-suspect-8-just-dance.3731534\/\">suspect thread<\/a>.<\/strong><\/div>\n|j|\u2606Sleym\n|j|\u2606shaggysoloo\n|t:|1700922646\n|gametype|singles\n|player|p1|Sleym|cynthia|\n|player|p2|shaggysoloo|101|\n|teamsize|p1|6\n|teamsize|p2|6\n|gen|9\n|tier|[Gen 9] National Dex\n|rule|HP Percentage Mod: HP is shown in percentages\n|rule|Endless Battle Clause: Forcing endless battles is banned\n|rule|OHKO Clause: OHKO moves are banned\n|rule|Evasion Clause: Evasion abilities, items, and moves are banned\n|rule|Evasion Abilities Clause: Evasion abilities are banned\n|rule|Evasion Items Clause: Evasion items are banned\n|rule|Evasion Moves Clause: Evasion moves are banned\n|rule|Species Clause: Limit one of each Pok\u00e9mon\n|rule|Sleep Clause Mod: Limit one foe put to sleep\n|clearpoke\n|poke|p1|Toxapex, F|\n|poke|p1|Lapras, M|\n|poke|p1|Swampert, F|\n|poke|p1|Kingdra, F|\n|poke|p1|Golisopod, M|\n|poke|p1|Poliwrath, M|\n|poke|p2|Garchomp, F|\n|poke|p2|Swampert, F|\n|poke|p2|Golurk|\n|poke|p2|Flygon, F|\n|poke|p2|Seismitoad, F|\n|poke|p2|Torterra, M|\n|teampreview\n|\n|t:|1700922669\n|start\n|switch|p1a: Lapras|Lapras, M, shiny|100\/100\n|switch|p2a: Seismitoad|Seismitoad, F|100\/100\n|turn|1\n|\n|t:|1700922683\n|move|p2a: Seismitoad|Grass Knot|p1a: Lapras\n|-supereffective|p1a: Lapras\n|-damage|p1a: Lapras|47\/100\n|-damage|p2a: Seismitoad|84\/100|[from] item: Rocky Helmet|[of] p1a: Lapras\n|move|p1a: Lapras|Dragon Dance|p1a: Lapras\n|-boost|p1a: Lapras|atk|1\n|-boost|p1a: Lapras|spe|1\n|\n|upkeep\n|turn|2\n|\n|t:|1700922698\n|switch|p1a: Golisopod|Golisopod, M, shiny|100\/100\n|move|p2a: Seismitoad|Power Whip|p1a: Golisopod\n|-damage|p1a: Golisopod|72\/100\n|\n|upkeep\n|turn|3\n|\n|t:|1700922712\n|move|p2a: Seismitoad|Endeavor|p1a: Golisopod\n|-immune|p1a: Golisopod\n|move|p1a: Golisopod|Bug Buzz|p2a: Seismitoad\n|-damage|p2a: Seismitoad|63\/100\n|\n|upkeep\n|turn|4\n|\n|t:|1700922729\n|switch|p1a: Kingdra|Kingdra, F, shiny|100\/100\n|move|p2a: Seismitoad|Grass Knot|p1a: Kingdra\n|-damage|p1a: Kingdra|75\/100\n|\n|upkeep\n|turn|5\n|\n|t:|1700922739\n|-terastallize|p2a: Seismitoad|Water\n|move|p1a: Kingdra|Surf|p2a: Seismitoad\n|-resisted|p2a: Seismitoad\n|-damage|p2a: Seismitoad|44\/100\n|move|p2a: Seismitoad|Grass Knot|p1a: Kingdra\n|-damage|p1a: Kingdra|47\/100\n|\n|upkeep\n|turn|6\n|\n|t:|1700922751\n|switch|p2a: Flygon|Flygon, F|100\/100\n|move|p1a: Kingdra|Dragon Pulse|p2a: Flygon\n|-supereffective|p2a: Flygon\n|-damage|p2a: Flygon|20\/100\n|\n|upkeep\n|turn|7\n|\n|t:|1700922766\n|switch|p1a: Poliwrath|Poliwrath, M|100\/100\n|move|p2a: Flygon|Thunder Punch|p1a: Poliwrath\n|-supereffective|p1a: Poliwrath\n|-damage|p1a: Poliwrath|58\/100\n|\n|upkeep\n|turn|8\n|\n|t:|1700922774\n|move|p2a: Flygon|Thunder Punch|p1a: Poliwrath\n|-supereffective|p1a: Poliwrath\n|-damage|p1a: Poliwrath|12\/100\n|move|p1a: Poliwrath|Blizzard|p2a: Flygon\n|-supereffective|p2a: Flygon\n|-damage|p2a: Flygon|0 fnt\n|faint|p2a: Flygon\n|\n|upkeep\n|\n|t:|1700922783\n|switch|p2a: Garchomp|Garchomp, F|100\/100\n|turn|9\n|\n|t:|1700922789\n|detailschange|p2a: Garchomp|Garchomp-Mega, F\n|-mega|p2a: Garchomp|Garchomp|Garchompite\n|move|p2a: Garchomp|Hidden Power|p1a: Poliwrath\n|-supereffective|p1a: Poliwrath\n|-damage|p1a: Poliwrath|0 fnt\n|faint|p1a: Poliwrath\n|\n|upkeep\n|\n|t:|1700922797\n|switch|p1a: Lapras|Lapras, M, shiny|47\/100\n|turn|10\n|\n|t:|1700922804\n|move|p2a: Garchomp|Draco Meteor|p1a: Lapras\n|-damage|p1a: Lapras|4\/100\n|-unboost|p2a: Garchomp|spa|2\n|move|p1a: Lapras|Ice Beam|p2a: Garchomp\n|-supereffective|p2a: Garchomp\n|-damage|p2a: Garchomp|0 fnt\n|faint|p2a: Garchomp\n|\n|upkeep\n|\n|t:|1700922813\n|switch|p2a: Seismitoad|Seismitoad, F, tera:Water|44\/100\n|turn|11\n|\n|t:|1700922817\n|move|p2a: Seismitoad|Power Whip|p1a: Lapras\n|-supereffective|p1a: Lapras\n|-damage|p1a: Lapras|0 fnt\n|-damage|p2a: Seismitoad|28\/100|[from] item: Rocky Helmet|[of] p1a: Lapras\n|faint|p1a: Lapras\n|\n|upkeep\n|\n|t:|1700922826\n|switch|p1a: Toxapex|Toxapex, F, shiny|100\/100\n|turn|12\n|\n|t:|1700922831\n|move|p2a: Seismitoad|Grass Knot|p1a: Toxapex\n|-damage|p1a: Toxapex|93\/100\n|move|p1a: Toxapex|Toxic|p2a: Seismitoad\n|-status|p2a: Seismitoad|tox\n|\n|-damage|p2a: Seismitoad|21\/100 tox|[from] psn\n|upkeep\n|turn|13\n|\n|t:|1700922841\n|move|p2a: Seismitoad|Hydro Pump|p1a: Toxapex\n|-resisted|p1a: Toxapex\n|-damage|p1a: Toxapex|72\/100\n|move|p1a: Toxapex|Liquidation|p2a: Seismitoad\n|-resisted|p2a: Seismitoad\n|-crit|p2a: Seismitoad\n|-damage|p2a: Seismitoad|0 fnt\n|faint|p2a: Seismitoad\n|\n|upkeep\n|\n|t:|1700922861\n|switch|p2a: Swampert|Swampert, F|100\/100\n|turn|14\n|\n|t:|1700922867\n|move|p2a: Swampert|Flip Turn|p1a: Toxapex\n|-resisted|p1a: Toxapex\n|-damage|p1a: Toxapex|59\/100\n|-damage|p2a: Swampert|91\/100|[from] item: Life Orb\n|\n|t:|1700922885\n|switch|p2a: Golurk|Golurk|100\/100|[from] Flip Turn\n|move|p1a: Toxapex|Toxic|p2a: Golurk\n|-status|p2a: Golurk|tox\n|\n|-damage|p2a: Golurk|94\/100 tox|[from] psn\n|upkeep\n|turn|15\n|\n|t:|1700922896\n|move|p2a: Golurk|Thunder Punch|p1a: Toxapex\n|-supereffective|p1a: Toxapex\n|-damage|p1a: Toxapex|15\/100\n|move|p1a: Toxapex|Recover|p1a: Toxapex\n|-heal|p1a: Toxapex|65\/100\n|\n|-damage|p2a: Golurk|82\/100 tox|[from] psn\n|upkeep\n|turn|16\n|\n|t:|1700922905\n|move|p2a: Golurk|Thunder Punch|p1a: Toxapex\n|-supereffective|p1a: Toxapex\n|-damage|p1a: Toxapex|17\/100\n|-status|p1a: Toxapex|par\n|move|p1a: Toxapex|Liquidation|p2a: Golurk\n|-supereffective|p2a: Golurk\n|-crit|p2a: Golurk\n|-damage|p2a: Golurk|0 fnt\n|faint|p2a: Golurk\n|\n|upkeep\n|\n|t:|1700922916\n|switch|p2a: Swampert|Swampert, F|91\/100\n|turn|17\n|\n|t:|1700922923\n|move|p2a: Swampert|Aqua Tail|p1a: Toxapex\n|-resisted|p1a: Toxapex\n|-damage|p1a: Toxapex|0 fnt\n|faint|p1a: Toxapex\n|-damage|p2a: Swampert|81\/100|[from] item: Life Orb\n|\n|upkeep\n|\n|t:|1700922930\n|switch|p1a: Swampert|Swampert, F, shiny|100\/100\n|turn|18\n|\n|t:|1700922937\n|detailschange|p1a: Swampert|Swampert-Mega, F, shiny\n|-mega|p1a: Swampert|Swampert|Swampertite\n|move|p1a: Swampert|Liquidation|p2a: Swampert\n|-damage|p2a: Swampert|34\/100\n|move|p2a: Swampert|Hidden Power|p1a: Swampert\n|-supereffective|p1a: Swampert\n|-damage|p1a: Swampert|49\/100\n|-damage|p2a: Swampert|24\/100|[from] item: Life Orb\n|\n|upkeep\n|turn|19\n|\n|t:|1700922947\n|move|p1a: Swampert|Liquidation|p2a: Swampert\n|-damage|p2a: Swampert|0 fnt\n|faint|p2a: Swampert\n|\n|upkeep\n|\n|t:|1700922951\n|switch|p2a: Torterra|Torterra, M|100\/100\n|turn|20\n|\n|t:|1700922956\n|move|p2a: Torterra|Grass Knot|p1a: Swampert\n|-supereffective|p1a: Swampert\n|-damage|p1a: Swampert|0 fnt\n|faint|p1a: Swampert\n|\n|upkeep\n|\n|t:|1700922962\n|switch|p1a: Golisopod|Golisopod, M, shiny|72\/100\n|turn|21\n|\n|t:|1700922970\n|move|p2a: Torterra|Giga Drain|p1a: Golisopod\n|-damage|p1a: Golisopod|50\/100\n|-activate|p1a: Golisopod|ability: Emergency Exit\n|\n|t:|1700922975\n|switch|p1a: Kingdra|Kingdra, F, shiny|47\/100\n|\n|upkeep\n|turn|22\n|\n|t:|1700922980\n|move|p1a: Kingdra|Ice Beam|p2a: Torterra\n|-supereffective|p2a: Torterra\n|-damage|p2a: Torterra|0 fnt\n|faint|p2a: Torterra\n|\n|win|Sleym\n","uploadtime":1700922992,"views":15,"p1id":"sleym","p2id":"shaggysoloo","formatid":"gen9nationaldex","rating":0,"private":0,"password":""}