{"id":"gen9nationaldex-1999236885","p1":"taowang","p2":"shiyvee","format":"[Gen 9] National Dex","log":"|html|<div class=\"broadcast-blue\"><strong>[Gen 9] National Dex is currently suspecting Sneasler! For information on how to participate check out the <a href=\"https:\/\/www.smogon.com\/forums\/threads\/sv-national-dex-suspect-8-just-dance.3731534\/\">suspect thread<\/a>.<\/strong><\/div>\n|j|\u2606taowang\n|j|\u203dshiyvee\n|t:|1701049112\n|gametype|singles\n|player|p1|taowang|1|1526\n|player|p2|shiyvee|wallace|1433\n|teamsize|p1|6\n|teamsize|p2|6\n|gen|9\n|tier|[Gen 9] National Dex\n|rated|\n|rule|HP Percentage Mod: HP is shown in percentages\n|rule|Endless Battle Clause: Forcing endless battles is banned\n|rule|OHKO Clause: OHKO moves are banned\n|rule|Evasion Clause: Evasion abilities, items, and moves are banned\n|rule|Evasion Abilities Clause: Evasion abilities are banned\n|rule|Evasion Items Clause: Evasion items are banned\n|rule|Evasion Moves Clause: Evasion moves are banned\n|rule|Species Clause: Limit one of each Pok\u00e9mon\n|rule|Sleep Clause Mod: Limit one foe put to sleep\n|clearpoke\n|poke|p1|Toxapex, F|\n|poke|p1|Dondozo, F|\n|poke|p1|Garganacl, F|\n|poke|p1|Sableye, F|\n|poke|p1|Corviknight, F|\n|poke|p1|Gliscor, F|\n|poke|p2|Garchomp, F|\n|poke|p2|Slowbro, M|\n|poke|p2|Moltres|\n|poke|p2|Hatterene, F|\n|poke|p2|Tyranitar, F|\n|poke|p2|Tapu Fini|\n|teampreview\n|inactive|Battle timer is ON: inactive players will automatically lose when time's up. (requested by shiyvee)\n|\n|t:|1701049120\n|start\n|switch|p1a: Sableye|Sableye, F, shiny|100\/100\n|switch|p2a: Hatterene|Hatterene, F|100\/100\n|turn|1\n|\n|t:|1701049126\n|detailschange|p1a: Sableye|Sableye-Mega, F, shiny\n|-mega|p1a: Sableye|Sableye|Sablenite\n|move|p1a: Sableye|Protect|p1a: Sableye\n|-singleturn|p1a: Sableye|Protect\n|move|p2a: Hatterene|Calm Mind|p2a: Hatterene\n|-boost|p2a: Hatterene|spa|1\n|-boost|p2a: Hatterene|spd|1\n|\n|upkeep\n|turn|2\n|\n|t:|1701049134\n|switch|p1a: Corviknight|Corviknight, F, shiny|100\/100\n|-ability|p1a: Corviknight|Pressure\n|move|p2a: Hatterene|Draining Kiss|p1a: Corviknight\n|-resisted|p1a: Corviknight\n|-damage|p1a: Corviknight|88\/100\n|\n|-heal|p1a: Corviknight|94\/100|[from] item: Leftovers\n|upkeep\n|turn|3\n|\n|t:|1701049144\n|move|p1a: Corviknight|Iron Head|p2a: Hatterene\n|-supereffective|p2a: Hatterene\n|-damage|p2a: Hatterene|59\/100\n|cant|p2a: Hatterene|flinch\n|\n|-heal|p1a: Corviknight|99\/100|[from] item: Leftovers\n|-heal|p2a: Hatterene|65\/100|[from] item: Leftovers\n|upkeep\n|turn|4\n|\n|t:|1701049149\n|move|p1a: Corviknight|Iron Head|p2a: Hatterene\n|-supereffective|p2a: Hatterene\n|-damage|p2a: Hatterene|23\/100\n|move|p2a: Hatterene|Mystical Fire|p1a: Corviknight\n|-supereffective|p1a: Corviknight\n|-damage|p1a: Corviknight|51\/100\n|-unboost|p1a: Corviknight|spa|1\n|\n|-heal|p1a: Corviknight|57\/100|[from] item: Leftovers\n|-heal|p2a: Hatterene|29\/100|[from] item: Leftovers\n|upkeep\n|turn|5\n|\n|t:|1701049161\n|switch|p2a: Moltres|Moltres|100\/100\n|move|p1a: Corviknight|Iron Head|p2a: Moltres\n|-resisted|p2a: Moltres\n|-damage|p2a: Moltres|91\/100\n|\n|-heal|p1a: Corviknight|63\/100|[from] item: Leftovers\n|upkeep\n|turn|6\n|\n|t:|1701049164\n|switch|p1a: Garganacl|Garganacl, F|100\/100\n|move|p2a: Moltres|U-turn|p1a: Garganacl\n|-damage|p1a: Garganacl|91\/100\n|\n|t:|1701049167\n|switch|p2a: Garchomp|Garchomp, F|100\/100|[from] U-turn\n|\n|-heal|p1a: Garganacl|97\/100|[from] item: Leftovers\n|upkeep\n|turn|7\n|\n|t:|1701049174\n|switch|p1a: Gliscor|Gliscor, F, shiny|100\/100\n|detailschange|p2a: Garchomp|Garchomp-Mega, F\n|-mega|p2a: Garchomp|Garchomp|Garchompite\n|move|p2a: Garchomp|Draco Meteor|p1a: Gliscor\n|-damage|p1a: Gliscor|4\/100\n|-unboost|p2a: Garchomp|spa|2\n|\n|-status|p1a: Gliscor|tox|[from] item: Toxic Orb\n|upkeep\n|turn|8\n|\n|t:|1701049187\n|switch|p1a: Corviknight|Corviknight, F, shiny|63\/100\n|-ability|p1a: Corviknight|Pressure\n|move|p2a: Garchomp|Flamethrower|p1a: Corviknight\n|-supereffective|p1a: Corviknight\n|-damage|p1a: Corviknight|41\/100\n|\n|-heal|p1a: Corviknight|47\/100|[from] item: Leftovers\n|upkeep\n|turn|9\n|\n|t:|1701049200\n|move|p2a: Garchomp|Flamethrower|p1a: Corviknight\n|-supereffective|p1a: Corviknight\n|-damage|p1a: Corviknight|24\/100\n|move|p1a: Corviknight|Roost|p1a: Corviknight\n|-heal|p1a: Corviknight|74\/100\n|-singleturn|p1a: Corviknight|move: Roost\n|\n|-heal|p1a: Corviknight|80\/100|[from] item: Leftovers\n|upkeep\n|turn|10\n|\n|t:|1701049215\n|switch|p2a: Moltres|Moltres|91\/100\n|move|p1a: Corviknight|Iron Head|p2a: Moltres\n|-resisted|p2a: Moltres\n|-damage|p2a: Moltres|83\/100\n|\n|-heal|p1a: Corviknight|86\/100|[from] item: Leftovers\n|upkeep\n|turn|11\n|l|\u2606taowang\n|inactive|taowang disconnected and has a minute to reconnect!\n|player|p1|\n|j|\u2606taowang\n|inactive|taowang reconnected and has 125 seconds left.\n|player|p1|taowang|1\n|\n|t:|1701049244\n|switch|p1a: Garganacl|Garganacl, F|97\/100\n|move|p2a: Moltres|Flamethrower|p1a: Garganacl\n|-resisted|p1a: Garganacl\n|-damage|p1a: Garganacl|85\/100\n|\n|-heal|p1a: Garganacl|91\/100|[from] item: Leftovers\n|upkeep\n|turn|12\n|\n|t:|1701049249\n|move|p2a: Moltres|U-turn|p1a: Garganacl\n|-damage|p1a: Garganacl|81\/100\n|\n|t:|1701049252\n|switch|p2a: Garchomp|Garchomp-Mega, F|100\/100|[from] U-turn\n|move|p1a: Garganacl|Salt Cure|p2a: Garchomp\n|-resisted|p2a: Garchomp\n|-damage|p2a: Garchomp|94\/100\n|-start|p2a: Garchomp|Salt Cure\n|\n|-heal|p1a: Garganacl|87\/100|[from] item: Leftovers\n|-damage|p2a: Garchomp|82\/100|[from] Salt Cure\n|upkeep\n|turn|13\n|\n|t:|1701049260\n|move|p1a: Garganacl|Protect|p1a: Garganacl\n|-singleturn|p1a: Garganacl|Protect\n|move|p2a: Garchomp|Draco Meteor|p1a: Garganacl\n|-activate|p1a: Garganacl|move: Protect\n|\n|-heal|p1a: Garganacl|93\/100|[from] item: Leftovers\n|-damage|p2a: Garchomp|70\/100|[from] Salt Cure\n|upkeep\n|turn|14\n|\n|t:|1701049267\n|move|p2a: Garchomp|Earthquake|p1a: Garganacl\n|-supereffective|p1a: Garganacl\n|-damage|p1a: Garganacl|9\/100\n|move|p1a: Garganacl|Recover|p1a: Garganacl\n|-heal|p1a: Garganacl|60\/100\n|\n|-heal|p1a: Garganacl|66\/100|[from] item: Leftovers\n|-damage|p2a: Garchomp|57\/100|[from] Salt Cure\n|upkeep\n|turn|15\n|\n|t:|1701049277\n|switch|p2a: Tyranitar|Tyranitar, F|100\/100\n|-weather|Sandstorm|[from] ability: Sand Stream|[of] p2a: Tyranitar\n|move|p1a: Garganacl|Protect||[still]\n|-fail|p1a: Garganacl\n|\n|-weather|Sandstorm|[upkeep]\n|-heal|p1a: Garganacl|72\/100|[from] item: Leftovers\n|upkeep\n|turn|16\n|l|\u2606taowang\n|inactive|taowang disconnected and has a minute to reconnect!\n|player|p1|\n|j|\u2606taowang\n|inactive|taowang reconnected and has 120 seconds left.\n|player|p1|taowang|1\n|\n|t:|1701049313\n|move|p1a: Garganacl|Protect|p1a: Garganacl\n|-singleturn|p1a: Garganacl|Protect\n|move|p2a: Tyranitar|Knock Off|p1a: Garganacl\n|-activate|p1a: Garganacl|move: Protect\n|\n|-weather|Sandstorm|[upkeep]\n|-heal|p1a: Garganacl|78\/100|[from] item: Leftovers\n|upkeep\n|turn|17\n|\n|t:|1701049322\n|switch|p1a: Dondozo|Dondozo, F|100\/100\n|move|p2a: Tyranitar|Earthquake|p1a: Dondozo\n|-damage|p1a: Dondozo|84\/100\n|\n|-weather|Sandstorm|[upkeep]\n|-damage|p1a: Dondozo|78\/100|[from] Sandstorm\n|-heal|p1a: Dondozo|84\/100|[from] item: Leftovers\n|upkeep\n|turn|18\n|\n|t:|1701049332\n|move|p2a: Tyranitar|Knock Off|p1a: Dondozo\n|-damage|p1a: Dondozo|60\/100\n|-enditem|p1a: Dondozo|Leftovers|[from] move: Knock Off|[of] p2a: Tyranitar\n|move|p1a: Dondozo|Liquidation|p2a: Tyranitar\n|-supereffective|p2a: Tyranitar\n|-damage|p2a: Tyranitar|44\/100\n|\n|-weather|Sandstorm|[upkeep]\n|-damage|p1a: Dondozo|54\/100|[from] Sandstorm\n|upkeep\n|turn|19\n|\n|t:|1701049343\n|switch|p2a: Tapu Fini|Tapu Fini|100\/100\n|-fieldstart|move: Misty Terrain|[from] ability: Misty Surge|[of] p2a: Tapu Fini\n|move|p1a: Dondozo|Liquidation|p2a: Tapu Fini\n|-resisted|p2a: Tapu Fini\n|-damage|p2a: Tapu Fini|88\/100\n|\n|-weather|none\n|-heal|p2a: Tapu Fini|94\/100|[from] item: Leftovers\n|upkeep\n|turn|20\n|\n|t:|1701049355\n|switch|p1a: Toxapex|Toxapex, F, shiny|100\/100\n|move|p2a: Tapu Fini|Draining Kiss|p1a: Toxapex\n|-resisted|p1a: Toxapex\n|-crit|p1a: Toxapex\n|-damage|p1a: Toxapex|90\/100\n|-heal|p2a: Tapu Fini|100\/100|[from] drain|[of] p1a: Toxapex\n|\n|upkeep\n|turn|21\n|\n|t:|1701049367\n|switch|p2a: Moltres|Moltres|83\/100\n|move|p1a: Toxapex|Scald|p2a: Moltres\n|-supereffective|p2a: Moltres\n|-damage|p2a: Moltres|49\/100\n|\n|upkeep\n|turn|22\n|\n|t:|1701049375\n|switch|p1a: Garganacl|Garganacl, F|78\/100\n|move|p2a: Moltres|Roost|p2a: Moltres\n|-heal|p2a: Moltres|99\/100\n|-singleturn|p2a: Moltres|move: Roost\n|\n|-heal|p1a: Garganacl|85\/100|[from] item: Leftovers\n|upkeep\n|turn|23\n|\n|t:|1701049381\n|move|p2a: Moltres|U-turn|p1a: Garganacl\n|-damage|p1a: Garganacl|75\/100\n|\n|t:|1701049389\n|switch|p2a: Hatterene|Hatterene, F|29\/100|[from] U-turn\n|move|p1a: Garganacl|Salt Cure|p2a: Hatterene\n|-damage|p2a: Hatterene|16\/100\n|-start|p2a: Hatterene|Salt Cure\n|\n|-heal|p1a: Garganacl|81\/100|[from] item: Leftovers\n|-heal|p2a: Hatterene|22\/100|[from] item: Leftovers\n|-damage|p2a: Hatterene|10\/100|[from] Salt Cure\n|-fieldend|Misty Terrain\n|upkeep\n|turn|24\n|\n|t:|1701049394\n|move|p1a: Garganacl|Protect|p1a: Garganacl\n|-singleturn|p1a: Garganacl|Protect\n|move|p2a: Hatterene|Draining Kiss|p1a: Garganacl\n|-activate|p1a: Garganacl|move: Protect\n|\n|-heal|p1a: Garganacl|87\/100|[from] item: Leftovers\n|-heal|p2a: Hatterene|16\/100|[from] item: Leftovers\n|-damage|p2a: Hatterene|4\/100|[from] Salt Cure\n|upkeep\n|turn|25\n|\n|t:|1701049403\n|switch|p1a: Corviknight|Corviknight, F, shiny|86\/100\n|-ability|p1a: Corviknight|Pressure\n|move|p2a: Hatterene|Draining Kiss|p1a: Corviknight\n|-resisted|p1a: Corviknight\n|-damage|p1a: Corviknight|78\/100\n|-heal|p2a: Hatterene|12\/100|[from] drain|[of] p1a: Corviknight\n|\n|-heal|p1a: Corviknight|84\/100|[from] item: Leftovers\n|-heal|p2a: Hatterene|18\/100|[from] item: Leftovers\n|-damage|p2a: Hatterene|5\/100|[from] Salt Cure\n|upkeep\n|turn|26\n|\n|t:|1701049412\n|move|p1a: Corviknight|U-turn|p2a: Hatterene\n|-damage|p2a: Hatterene|0 fnt\n|faint|p2a: Hatterene\n|\n|t:|1701049418\n|switch|p1a: Garganacl|Garganacl, F|87\/100|[from] U-turn\n|\n|-heal|p1a: Garganacl|94\/100|[from] item: Leftovers\n|upkeep\n|\n|t:|1701049422\n|switch|p2a: Garchomp|Garchomp-Mega, F|57\/100\n|turn|27\n|l|\u2606taowang\n|inactive|taowang disconnected and has a minute to reconnect!\n|player|p1|\n|j|\u2606taowang\n|inactive|taowang reconnected and has 140 seconds left.\n|player|p1|taowang|1\n|\n|t:|1701049447\n|-terastallize|p1a: Garganacl|Ghost\n|move|p2a: Garchomp|Earthquake|p1a: Garganacl\n|-damage|p1a: Garganacl|55\/100\n|move|p1a: Garganacl|Salt Cure|p2a: Garchomp\n|-resisted|p2a: Garchomp\n|-damage|p2a: Garchomp|51\/100\n|-start|p2a: Garchomp|Salt Cure\n|\n|-heal|p1a: Garganacl|62\/100|[from] item: Leftovers\n|-damage|p2a: Garchomp|39\/100|[from] Salt Cure\n|upkeep\n|turn|28\n|inactive|taowang has 120 seconds left.\n|\n|t:|1701049470\n|move|p1a: Garganacl|Protect|p1a: Garganacl\n|-singleturn|p1a: Garganacl|Protect\n|move|p2a: Garchomp|Draco Meteor|p1a: Garganacl\n|-activate|p1a: Garganacl|move: Protect\n|\n|-heal|p1a: Garganacl|68\/100|[from] item: Leftovers\n|-damage|p2a: Garchomp|27\/100|[from] Salt Cure\n|upkeep\n|turn|29\n|inactive|taowang has 120 seconds left.\n|\n|t:|1701049481\n|switch|p2a: Moltres|Moltres|99\/100\n|switch|p1a: Gliscor|Gliscor, F, shiny|4\/100 tox\n|\n|-heal|p1a: Gliscor|17\/100 tox|[from] ability: Poison Heal\n|upkeep\n|turn|30\n|inactive|taowang has 120 seconds left.\n|\n|t:|1701049489\n|move|p1a: Gliscor|Roost|p1a: Gliscor\n|-heal|p1a: Gliscor|67\/100 tox\n|-singleturn|p1a: Gliscor|move: Roost\n|move|p2a: Moltres|Flamethrower|p1a: Gliscor\n|-damage|p1a: Gliscor|22\/100 tox\n|\n|-heal|p1a: Gliscor|35\/100 tox|[from] ability: Poison Heal\n|upkeep\n|turn|31\n|inactive|taowang has 120 seconds left.\n|\n|t:|1701049499\n|move|p1a: Gliscor|Roost|p1a: Gliscor\n|-heal|p1a: Gliscor|85\/100 tox\n|-singleturn|p1a: Gliscor|move: Roost\n|move|p2a: Moltres|U-turn|p1a: Gliscor\n|-damage|p1a: Gliscor|76\/100 tox\n|\n|t:|1701049509\n|switch|p2a: Tapu Fini|Tapu Fini|100\/100|[from] U-turn\n|-fieldstart|move: Misty Terrain|[from] ability: Misty Surge|[of] p2a: Tapu Fini\n|\n|-heal|p1a: Gliscor|88\/100 tox|[from] ability: Poison Heal\n|upkeep\n|turn|32\n|\n|t:|1701049523\n|switch|p1a: Corviknight|Corviknight, F, shiny|84\/100\n|-ability|p1a: Corviknight|Pressure\n|move|p2a: Tapu Fini|Draining Kiss|p1a: Corviknight\n|-resisted|p1a: Corviknight\n|-crit|p1a: Corviknight\n|-damage|p1a: Corviknight|73\/100\n|\n|-heal|p1a: Corviknight|80\/100|[from] item: Leftovers\n|upkeep\n|turn|33\n|\n|t:|1701049527\n|move|p2a: Tapu Fini|Calm Mind|p2a: Tapu Fini\n|-boost|p2a: Tapu Fini|spa|1\n|-boost|p2a: Tapu Fini|spd|1\n|move|p1a: Corviknight|Iron Head|p2a: Tapu Fini\n|-damage|p2a: Tapu Fini|80\/100\n|\n|-heal|p2a: Tapu Fini|87\/100|[from] item: Leftovers\n|-heal|p1a: Corviknight|86\/100|[from] item: Leftovers\n|upkeep\n|turn|34\n|\n|t:|1701049533\n|move|p2a: Tapu Fini|Surf|p1a: Corviknight\n|-damage|p1a: Corviknight|47\/100\n|move|p1a: Corviknight|U-turn|p2a: Tapu Fini\n|-resisted|p2a: Tapu Fini\n|-damage|p2a: Tapu Fini|80\/100\n|\n|t:|1701049536\n|switch|p1a: Toxapex|Toxapex, F, shiny|100\/100|[from] U-turn\n|\n|-heal|p2a: Tapu Fini|86\/100|[from] item: Leftovers\n|upkeep\n|turn|35\n|\n|t:|1701049548\n|move|p2a: Tapu Fini|Calm Mind|p2a: Tapu Fini\n|-boost|p2a: Tapu Fini|spa|1\n|-boost|p2a: Tapu Fini|spd|1\n|move|p1a: Toxapex|Haze|p1a: Toxapex\n|-clearallboost\n|\n|-heal|p2a: Tapu Fini|92\/100|[from] item: Leftovers\n|-fieldend|Misty Terrain\n|upkeep\n|turn|36\n|\n|t:|1701049557\n|switch|p2a: Moltres|Moltres|99\/100\n|move|p1a: Toxapex|Toxic|p2a: Moltres\n|-status|p2a: Moltres|tox\n|\n|-damage|p2a: Moltres|93\/100 tox|[from] psn\n|upkeep\n|turn|37\n|\n|t:|1701049565\n|switch|p1a: Garganacl|Garganacl, F, tera:Ghost|68\/100\n|move|p2a: Moltres|U-turn|p1a: Garganacl\n|-resisted|p1a: Garganacl\n|-damage|p1a: Garganacl|63\/100\n|\n|t:|1701049568\n|switch|p2a: Tyranitar|Tyranitar, F|44\/100|[from] U-turn\n|-weather|Sandstorm|[from] ability: Sand Stream|[of] p2a: Tyranitar\n|\n|-weather|Sandstorm|[upkeep]\n|-damage|p1a: Garganacl|57\/100|[from] Sandstorm\n|-heal|p1a: Garganacl|63\/100|[from] item: Leftovers\n|upkeep\n|turn|38\n|\n|t:|1701049574\n|-activate|p1a: Garganacl|move: Pursuit\n|move|p2a: Tyranitar|Pursuit|p1a: Garganacl|[from]Pursuit\n|-supereffective|p1a: Garganacl\n|-damage|p1a: Garganacl|0 fnt\n|faint|p1a: Garganacl\n|-hint|A Pokemon can't switch between when it runs out of HP and when it faints\n|\n|-weather|Sandstorm|[upkeep]\n|upkeep\n|\n|t:|1701049587\n|switch|p1a: Gliscor|Gliscor, F, shiny|88\/100 tox\n|turn|39\n|\n|t:|1701049599\n|-terastallize|p2a: Tyranitar|Flying\n|move|p1a: Gliscor|Earthquake|p2a: Tyranitar\n|-immune|p2a: Tyranitar\n|move|p2a: Tyranitar|Ice Punch|p1a: Gliscor\n|-supereffective|p1a: Gliscor\n|-damage|p1a: Gliscor|0 fnt\n|faint|p1a: Gliscor\n|\n|-weather|Sandstorm|[upkeep]\n|-damage|p2a: Tyranitar|38\/100|[from] Sandstorm\n|upkeep\n|-message|taowang forfeited.\n|\n|win|shiyvee\n|raw|taowang's rating: 1526 &rarr; <strong>1501<\/strong><br \/>(-25 for losing)\n|raw|shiyvee's rating: 1433 &rarr; <strong>1458<\/strong><br \/>(+25 for winning)\n|l|\u2606taowang\n","uploadtime":1701049610,"views":1,"p1id":"taowang","p2id":"shiyvee","formatid":"gen9nationaldex","rating":1458,"private":0,"password":""}