{"id":"gen9nationaldex-1992781764","p1":"SIKERNB","p2":"altseed","format":"[Gen 9] National Dex","log":"|j|\u2606SIKERNB\n|j|\u2606altseed\n|t:|1700234942\n|gametype|singles\n|player|p1|SIKERNB|266|1373\n|player|p2|altseed|salvatore|1394\n|teamsize|p1|6\n|teamsize|p2|6\n|gen|9\n|tier|[Gen 9] National Dex\n|rated|\n|rule|HP Percentage Mod: HP is shown in percentages\n|rule|Endless Battle Clause: Forcing endless battles is banned\n|rule|OHKO Clause: OHKO moves are banned\n|rule|Evasion Clause: Evasion abilities, items, and moves are banned\n|rule|Evasion Abilities Clause: Evasion abilities are banned\n|rule|Evasion Items Clause: Evasion items are banned\n|rule|Evasion Moves Clause: Evasion moves are banned\n|rule|Species Clause: Limit one of each Pok\u00e9mon\n|rule|Sleep Clause Mod: Limit one foe put to sleep\n|clearpoke\n|poke|p1|Iron Valiant|\n|poke|p1|Alomomola, F|\n|poke|p1|Kommo-o, M|\n|poke|p1|Heatran, M|\n|poke|p1|Banette, M|\n|poke|p1|Zapdos|\n|poke|p2|Landorus-Therian, M|\n|poke|p2|Pelipper, M|\n|poke|p2|Barraskewda, F|\n|poke|p2|Ferrothorn, M|\n|poke|p2|Zapdos|\n|poke|p2|Swampert, F|\n|teampreview\n|\n|t:|1700234952\n|start\n|switch|p1a: Zapdos|Zapdos|100\/100\n|switch|p2a: Landorus|Landorus-Therian, M|100\/100\n|-ability|p2a: Landorus|Intimidate|boost\n|-unboost|p1a: Zapdos|atk|1\n|turn|1\n|inactive|Battle timer is ON: inactive players will automatically lose when time's up. (requested by altseed)\n|\n|t:|1700234970\n|switch|p1a: Alomomola|Alomomola, F|100\/100\n|move|p2a: Landorus|Sludge Bomb|p1a: Alomomola\n|-damage|p1a: Alomomola|53\/100\n|\n|upkeep\n|turn|2\n|\n|t:|1700234978\n|switch|p2a: Pelipper|Pelipper, M|100\/100\n|-weather|RainDance|[from] ability: Drizzle|[of] p2a: Pelipper\n|move|p1a: Alomomola|Wish|p1a: Alomomola\n|\n|-weather|RainDance|[upkeep]\n|upkeep\n|turn|3\n|\n|t:|1700234986\n|switch|p2a: Swampert|Swampert, F|100\/100\n|move|p1a: Alomomola|Toxic|p2a: Swampert\n|-status|p2a: Swampert|tox\n|\n|-weather|RainDance|[upkeep]\n|-heal|p1a: Alomomola|100\/100|[from] move: Wish|[wisher] Alomomola\n|-damage|p2a: Swampert|94\/100 tox|[from] psn\n|upkeep\n|turn|4\n|\n|t:|1700234996\n|switch|p2a: Ferrothorn|Ferrothorn, M|100\/100\n|move|p1a: Alomomola|Chilling Water|p2a: Ferrothorn\n|-resisted|p2a: Ferrothorn\n|-damage|p2a: Ferrothorn|95\/100\n|-unboost|p2a: Ferrothorn|atk|1\n|\n|-weather|RainDance|[upkeep]\n|upkeep\n|turn|5\n|\n|t:|1700235001\n|move|p1a: Alomomola|Flip Turn|p2a: Ferrothorn\n|-resisted|p2a: Ferrothorn\n|-damage|p2a: Ferrothorn|88\/100\n|-damage|p1a: Alomomola|88\/100|[from] ability: Iron Barbs|[of] p2a: Ferrothorn\n|-damage|p1a: Alomomola|71\/100|[from] item: Rocky Helmet|[of] p2a: Ferrothorn\n|\n|t:|1700235008\n|switch|p1a: Zapdos|Zapdos|100\/100|[from] Flip Turn\n|move|p2a: Ferrothorn|Stealth Rock|p1a: Zapdos\n|-sidestart|p1: SIKERNB|move: Stealth Rock\n|\n|-weather|RainDance|[upkeep]\n|upkeep\n|turn|6\n|\n|t:|1700235019\n|switch|p2a: Landorus|Landorus-Therian, M|100\/100\n|-ability|p2a: Landorus|Intimidate|boost\n|-unboost|p1a: Zapdos|atk|1\n|move|p1a: Zapdos|Defog|p2a: Landorus\n|-unboost|p2a: Landorus|evasion|1\n|-sideend|p1: SIKERNB|Stealth Rock|[from] move: Defog|[of] p1a: Zapdos\n|\n|-weather|RainDance|[upkeep]\n|upkeep\n|turn|7\n|\n|t:|1700235028\n|switch|p1a: Alomomola|Alomomola, F|100\/100\n|move|p2a: Landorus|Weather Ball|p1a: Alomomola\n|-resisted|p1a: Alomomola\n|-damage|p1a: Alomomola|59\/100\n|\n|-weather|RainDance|[upkeep]\n|upkeep\n|turn|8\n|\n|t:|1700235037\n|switch|p2a: Ferrothorn|Ferrothorn, M|88\/100\n|move|p1a: Alomomola|Toxic|p2a: Ferrothorn\n|-immune|p2a: Ferrothorn\n|\n|-weather|RainDance|[upkeep]\n|upkeep\n|turn|9\n|\n|t:|1700235047\n|switch|p1a: Zapdos|Zapdos|100\/100\n|move|p2a: Ferrothorn|Stealth Rock|p1a: Zapdos\n|-sidestart|p1: SIKERNB|move: Stealth Rock\n|\n|-weather|none\n|upkeep\n|turn|10\n|\n|t:|1700235056\n|switch|p2a: Barraskewda|Barraskewda, F|100\/100\n|move|p1a: Zapdos|Defog|p2a: Barraskewda\n|-unboost|p2a: Barraskewda|evasion|1\n|-sideend|p1: SIKERNB|Stealth Rock|[from] move: Defog|[of] p1a: Zapdos\n|\n|upkeep\n|turn|11\n|\n|t:|1700235064\n|switch|p2a: Landorus|Landorus-Therian, M|100\/100\n|-ability|p2a: Landorus|Intimidate|boost\n|-unboost|p1a: Zapdos|atk|1\n|move|p1a: Zapdos|Volt Switch|p2a: Landorus\n|-immune|p2a: Landorus\n|\n|upkeep\n|turn|12\n|\n|t:|1700235073\n|switch|p1a: Heatran|Heatran, M, shiny|100\/100\n|move|p2a: Landorus|Sludge Bomb|p1a: Heatran\n|-immune|p1a: Heatran\n|\n|upkeep\n|turn|13\n|\n|t:|1700235082\n|switch|p2a: Pelipper|Pelipper, M|100\/100\n|-weather|RainDance|[from] ability: Drizzle|[of] p2a: Pelipper\n|move|p1a: Heatran|Stealth Rock|p2a: Pelipper\n|-sidestart|p2: altseed|move: Stealth Rock\n|\n|-weather|RainDance|[upkeep]\n|upkeep\n|turn|14\n|\n|t:|1700235089\n|move|p1a: Heatran|Magma Storm|p2a: Pelipper|[miss]\n|-miss|p1a: Heatran|p2a: Pelipper\n|move|p2a: Pelipper|U-turn|p1a: Heatran\n|-resisted|p1a: Heatran\n|-damage|p1a: Heatran|99\/100\n|\n|t:|1700235092\n|switch|p2a: Swampert|Swampert, F|94\/100 tox|[from] U-turn\n|-damage|p2a: Swampert|88\/100 tox|[from] Stealth Rock\n|\n|-weather|RainDance|[upkeep]\n|-heal|p1a: Heatran|100\/100|[from] item: Leftovers\n|-damage|p2a: Swampert|82\/100 tox|[from] psn\n|upkeep\n|turn|15\n|\n|t:|1700235096\n|detailschange|p2a: Swampert|Swampert-Mega, F\n|-mega|p2a: Swampert|Swampert|Swampertite\n|move|p1a: Heatran|Protect|p1a: Heatran\n|-singleturn|p1a: Heatran|Protect\n|move|p2a: Swampert|Flip Turn|p1a: Heatran\n|-activate|p1a: Heatran|move: Protect\n|\n|-weather|RainDance|[upkeep]\n|-damage|p2a: Swampert|70\/100 tox|[from] psn\n|upkeep\n|turn|16\n|\n|t:|1700235106\n|switch|p1a: Alomomola|Alomomola, F|92\/100\n|move|p2a: Swampert|Liquidation|p1a: Alomomola\n|-resisted|p1a: Alomomola\n|-damage|p1a: Alomomola|69\/100\n|-damage|p2a: Swampert|53\/100 tox|[from] item: Rocky Helmet|[of] p1a: Alomomola\n|\n|-weather|RainDance|[upkeep]\n|-damage|p2a: Swampert|35\/100 tox|[from] psn\n|upkeep\n|turn|17\n|\n|t:|1700235114\n|switch|p2a: Ferrothorn|Ferrothorn, M|88\/100\n|-damage|p2a: Ferrothorn|81\/100|[from] Stealth Rock\n|move|p1a: Alomomola|Flip Turn|p2a: Ferrothorn\n|-resisted|p2a: Ferrothorn\n|-damage|p2a: Ferrothorn|75\/100\n|-damage|p1a: Alomomola|57\/100|[from] ability: Iron Barbs|[of] p2a: Ferrothorn\n|-damage|p1a: Alomomola|40\/100|[from] item: Rocky Helmet|[of] p2a: Ferrothorn\n|\n|t:|1700235119\n|switch|p1a: Zapdos|Zapdos|100\/100|[from] Flip Turn\n|\n|-weather|RainDance|[upkeep]\n|upkeep\n|turn|18\n|\n|t:|1700235122\n|move|p1a: Zapdos|Hurricane|p2a: Ferrothorn\n|-damage|p2a: Ferrothorn|30\/100\n|move|p2a: Ferrothorn|Stealth Rock|p1a: Zapdos\n|-sidestart|p1: SIKERNB|move: Stealth Rock\n|\n|-weather|RainDance|[upkeep]\n|upkeep\n|turn|19\n|\n|t:|1700235132\n|switch|p2a: Barraskewda|Barraskewda, F|100\/100\n|-damage|p2a: Barraskewda|88\/100|[from] Stealth Rock\n|move|p1a: Zapdos|Hurricane|p2a: Barraskewda\n|-damage|p2a: Barraskewda|0 fnt\n|faint|p2a: Barraskewda\n|\n|-weather|RainDance|[upkeep]\n|upkeep\n|\n|t:|1700235142\n|switch|p2a: Swampert|Swampert-Mega, F|35\/100 tox\n|-damage|p2a: Swampert|29\/100 tox|[from] Stealth Rock\n|turn|20\n|\n|t:|1700235149\n|switch|p1a: Alomomola|Alomomola, F|74\/100\n|-damage|p1a: Alomomola|61\/100|[from] Stealth Rock\n|move|p2a: Swampert|Flip Turn|p1a: Alomomola\n|-resisted|p1a: Alomomola\n|-damage|p1a: Alomomola|46\/100\n|-damage|p2a: Swampert|12\/100 tox|[from] item: Rocky Helmet|[of] p1a: Alomomola\n|\n|t:|1700235153\n|switch|p2a: Zapdos|Zapdos|100\/100|[from] Flip Turn\n|\n|-weather|none\n|upkeep\n|turn|21\n|\n|t:|1700235167\n|switch|p1a: Heatran|Heatran, M, shiny|100\/100\n|-damage|p1a: Heatran|88\/100|[from] Stealth Rock\n|move|p2a: Zapdos|Defog|p1a: Heatran\n|-unboost|p1a: Heatran|evasion|1\n|-sideend|p1: SIKERNB|Stealth Rock|[from] move: Defog|[of] p2a: Zapdos\n|-sideend|p2: altseed|Stealth Rock|[from] move: Defog|[of] p2a: Zapdos\n|\n|-heal|p1a: Heatran|94\/100|[from] item: Leftovers\n|upkeep\n|turn|22\n|\n|t:|1700235176\n|move|p2a: Zapdos|Volt Switch|p1a: Heatran\n|-damage|p1a: Heatran|75\/100\n|\n|t:|1700235180\n|switch|p2a: Landorus|Landorus-Therian, M|100\/100|[from] Volt Switch\n|-ability|p2a: Landorus|Intimidate|boost\n|-unboost|p1a: Heatran|atk|1\n|move|p1a: Heatran|Toxic|p2a: Landorus\n|-status|p2a: Landorus|tox\n|\n|-heal|p1a: Heatran|81\/100|[from] item: Leftovers\n|-damage|p2a: Landorus|95\/100 tox|[from] psn\n|upkeep\n|turn|23\n|\n|t:|1700235187\n|switch|p2a: Pelipper|Pelipper, M|100\/100\n|-weather|RainDance|[from] ability: Drizzle|[of] p2a: Pelipper\n|move|p1a: Heatran|Protect||[still]\n|-fail|p1a: Heatran\n|\n|-weather|RainDance|[upkeep]\n|-heal|p1a: Heatran|87\/100|[from] item: Leftovers\n|upkeep\n|turn|24\n|\n|t:|1700235196\n|move|p1a: Heatran|Stealth Rock|p2a: Pelipper\n|-sidestart|p2: altseed|move: Stealth Rock\n|move|p2a: Pelipper|U-turn|p1a: Heatran\n|-resisted|p1a: Heatran\n|-damage|p1a: Heatran|85\/100\n|\n|t:|1700235200\n|switch|p2a: Landorus|Landorus-Therian, M|95\/100 tox|[from] U-turn\n|-damage|p2a: Landorus|82\/100 tox|[from] Stealth Rock\n|-ability|p2a: Landorus|Intimidate|boost\n|-unboost|p1a: Heatran|atk|1\n|\n|-weather|RainDance|[upkeep]\n|-heal|p1a: Heatran|92\/100|[from] item: Leftovers\n|-damage|p2a: Landorus|76\/100 tox|[from] psn\n|upkeep\n|turn|25\n|\n|t:|1700235206\n|move|p2a: Landorus|Sandsear Storm|p1a: Heatran\n|-supereffective|p1a: Heatran\n|-damage|p1a: Heatran|0 fnt\n|faint|p1a: Heatran\n|\n|-weather|RainDance|[upkeep]\n|-damage|p2a: Landorus|64\/100 tox|[from] psn\n|upkeep\n|\n|t:|1700235212\n|switch|p1a: Kommo-o|Kommo-o, M|100\/100\n|turn|26\n|\n|t:|1700235216\n|move|p2a: Landorus|Sandsear Storm|p1a: Kommo-o\n|-damage|p1a: Kommo-o|19\/100\n|-status|p1a: Kommo-o|brn\n|-zpower|p1a: Kommo-o\n|move|p1a: Kommo-o|Clangorous Soulblaze|p2a: Landorus|[zeffect]\n|-damage|p2a: Landorus|0 fnt\n|faint|p2a: Landorus\n|-boost|p1a: Kommo-o|atk|1\n|-boost|p1a: Kommo-o|def|1\n|-boost|p1a: Kommo-o|spa|1\n|-boost|p1a: Kommo-o|spd|1\n|-boost|p1a: Kommo-o|spe|1\n|\n|-weather|RainDance|[upkeep]\n|-damage|p1a: Kommo-o|13\/100 brn|[from] brn\n|upkeep\n|\n|t:|1700235222\n|switch|p2a: Swampert|Swampert-Mega, F|12\/100 tox\n|-damage|p2a: Swampert|6\/100 tox|[from] Stealth Rock\n|turn|27\n|\n|t:|1700235231\n|switch|p1a: Alomomola|Alomomola, F|80\/100\n|move|p2a: Swampert|Earthquake|p1a: Alomomola\n|-damage|p1a: Alomomola|45\/100\n|\n|-weather|RainDance|[upkeep]\n|-damage|p2a: Swampert|0 fnt|[from] psn\n|faint|p2a: Swampert\n|upkeep\n|\n|t:|1700235234\n|switch|p2a: Zapdos|Zapdos|100\/100\n|turn|28\n|\n|t:|1700235240\n|switch|p1a: Banette|Banette, M|100\/100\n|move|p2a: Zapdos|Volt Switch|p1a: Banette\n|-damage|p1a: Banette|67\/100\n|\n|t:|1700235243\n|switch|p2a: Ferrothorn|Ferrothorn, M|30\/100|[from] Volt Switch\n|-damage|p2a: Ferrothorn|24\/100|[from] Stealth Rock\n|\n|-weather|RainDance|[upkeep]\n|upkeep\n|turn|29\n|\n|t:|1700235251\n|move|p1a: Banette|Taunt|p2a: Ferrothorn\n|-start|p2a: Ferrothorn|move: Taunt\n|move|p2a: Ferrothorn|Gyro Ball|p1a: Banette\n|-damage|p1a: Banette|26\/100\n|\n|-weather|RainDance|[upkeep]\n|upkeep\n|turn|30\n|\n|t:|1700235260\n|switch|p2a: Zapdos|Zapdos|100\/100\n|detailschange|p1a: Banette|Banette-Mega, M\n|-mega|p1a: Banette|Banette|Banettite\n|move|p1a: Banette|Poltergeist|p2a: Zapdos\n|-activate|p2a: Zapdos|move: Poltergeist|Heavy-Duty Boots\n|-damage|p2a: Zapdos|46\/100\n|\n|-weather|none\n|upkeep\n|turn|31\n|\n|t:|1700235267\n|move|p1a: Banette|Destiny Bond|p1a: Banette\n|-singlemove|p1a: Banette|Destiny Bond\n|move|p2a: Zapdos|Roost|p2a: Zapdos\n|-heal|p2a: Zapdos|97\/100\n|-singleturn|p2a: Zapdos|move: Roost\n|\n|upkeep\n|turn|32\n|\n|t:|1700235275\n|move|p1a: Banette|Encore|p2a: Zapdos\n|-start|p2a: Zapdos|Encore\n|move|p2a: Zapdos|Roost|p2a: Zapdos\n|-heal|p2a: Zapdos|100\/100\n|-singleturn|p2a: Zapdos|move: Roost\n|\n|upkeep\n|turn|33\n|\n|t:|1700235280\n|switch|p2a: Ferrothorn|Ferrothorn, M|24\/100\n|-damage|p2a: Ferrothorn|18\/100|[from] Stealth Rock\n|move|p1a: Banette|Poltergeist|p2a: Ferrothorn\n|-activate|p2a: Ferrothorn|move: Poltergeist|Rocky Helmet\n|-damage|p2a: Ferrothorn|0 fnt\n|faint|p2a: Ferrothorn\n|\n|upkeep\n|\n|t:|1700235282\n|switch|p2a: Pelipper|Pelipper, M|100\/100\n|-damage|p2a: Pelipper|76\/100|[from] Stealth Rock\n|-weather|RainDance|[from] ability: Drizzle|[of] p2a: Pelipper\n|turn|34\n|\n|t:|1700235291\n|switch|p1a: Alomomola|Alomomola, F|78\/100\n|move|p2a: Pelipper|U-turn|p1a: Alomomola\n|-damage|p1a: Alomomola|74\/100\n|-damage|p2a: Pelipper|59\/100|[from] item: Rocky Helmet|[of] p1a: Alomomola\n|\n|t:|1700235296\n|switch|p2a: Zapdos|Zapdos|100\/100|[from] U-turn\n|\n|-weather|RainDance|[upkeep]\n|upkeep\n|turn|35\n|\n|t:|1700235309\n|switch|p1a: Kommo-o|Kommo-o, M|13\/100 brn\n|-terastallize|p2a: Zapdos|Steel\n|move|p2a: Zapdos|Hurricane|p1a: Kommo-o\n|-supereffective|p1a: Kommo-o\n|-damage|p1a: Kommo-o|0 fnt\n|faint|p1a: Kommo-o\n|\n|-weather|RainDance|[upkeep]\n|upkeep\n|\n|t:|1700235323\n|switch|p1a: Banette|Banette-Mega, M|26\/100\n|turn|36\n|\n|t:|1700235332\n|switch|p2a: Pelipper|Pelipper, M|59\/100\n|-damage|p2a: Pelipper|35\/100|[from] Stealth Rock\n|move|p1a: Banette|Destiny Bond|p1a: Banette\n|-singlemove|p1a: Banette|Destiny Bond\n|\n|-weather|RainDance|[upkeep]\n|upkeep\n|turn|37\n|\n|t:|1700235338\n|move|p1a: Banette|Poltergeist|p2a: Pelipper\n|-activate|p2a: Pelipper|move: Poltergeist|Damp Rock\n|-damage|p2a: Pelipper|0 fnt\n|faint|p2a: Pelipper\n|\n|-weather|RainDance|[upkeep]\n|upkeep\n|\n|t:|1700235342\n|switch|p2a: Zapdos|Zapdos, tera:Steel|100\/100\n|turn|38\n|\n|t:|1700235347\n|move|p1a: Banette|Destiny Bond|p1a: Banette\n|-singlemove|p1a: Banette|Destiny Bond\n|move|p2a: Zapdos|Volt Switch|p1a: Banette\n|-damage|p1a: Banette|0 fnt\n|faint|p1a: Banette\n|-activate|p1a: Banette|move: Destiny Bond\n|faint|p2a: Zapdos\n|\n|win|SIKERNB\n|raw|SIKERNB's rating: 1373 &rarr; <strong>1394<\/strong><br \/>(+21 for winning)\n|raw|altseed's rating: 1394 &rarr; <strong>1373<\/strong><br \/>(-21 for losing)\n|l|\u2606altseed\n","uploadtime":1700235356,"views":6,"p1id":"sikernb","p2id":"altseed","formatid":"gen9nationaldex","rating":1373,"private":0,"password":""}