{"id":"gen9nationaldex-1996101731","p1":"zxcvbnm134","p2":"daniel241595","format":"[Gen 9] National Dex","log":"|html|<div class=\"broadcast-blue\"><strong>[Gen 9] National Dex is currently suspecting Sneasler! For information on how to participate check out the <a href=\"https:\/\/www.smogon.com\/forums\/threads\/sv-national-dex-suspect-8-just-dance.3731534\/\">suspect thread<\/a>.<\/strong><\/div>\n|j|\u2606zxcvbnm134\n|j|\u2606daniel241595\n|t:|1700644335\n|gametype|singles\n|player|p1|zxcvbnm134|2|1427\n|player|p2|daniel241595|gambler|1568\n|teamsize|p1|6\n|teamsize|p2|6\n|gen|9\n|tier|[Gen 9] National Dex\n|rated|\n|rule|HP Percentage Mod: HP is shown in percentages\n|rule|Endless Battle Clause: Forcing endless battles is banned\n|rule|OHKO Clause: OHKO moves are banned\n|rule|Evasion Clause: Evasion abilities, items, and moves are banned\n|rule|Evasion Abilities Clause: Evasion abilities are banned\n|rule|Evasion Items Clause: Evasion items are banned\n|rule|Evasion Moves Clause: Evasion moves are banned\n|rule|Species Clause: Limit one of each Pok\u00e9mon\n|rule|Sleep Clause Mod: Limit one foe put to sleep\n|clearpoke\n|poke|p1|Gardevoir, F|\n|poke|p1|Kommo-o, F|\n|poke|p1|Ogerpon-Wellspring, F|\n|poke|p1|Ferrothorn, M|\n|poke|p1|Moltres|\n|poke|p1|Hoopa|\n|poke|p2|Arcanine, M|\n|poke|p2|Flygon, F|\n|poke|p2|Empoleon, M|\n|poke|p2|Eelektross, F|\n|poke|p2|Florges, F|\n|poke|p2|Kleavor, M|\n|teampreview\n|inactive|Battle timer is ON: inactive players will automatically lose when time's up. (requested by daniel241595)\n|inactive|zxcvbnm134 also wants the timer to be on.\n|\n|t:|1700644350\n|start\n|switch|p1a: Kommo-o|Kommo-o, F|100\/100\n|switch|p2a: Eelektross|Eelektross, F|100\/100\n|turn|1\n|\n|t:|1700644365\n|move|p1a: Kommo-o|Flash Cannon|p2a: Eelektross\n|-resisted|p2a: Eelektross\n|-damage|p2a: Eelektross|92\/100\n|move|p2a: Eelektross|Dragon Tail|p1a: Kommo-o\n|-supereffective|p1a: Kommo-o\n|-damage|p1a: Kommo-o|70\/100\n|drag|p1a: Ferrothorn|Ferrothorn, M|100\/100\n|\n|upkeep\n|turn|2\n|\n|t:|1700644373\n|move|p2a: Eelektross|Flamethrower|p1a: Ferrothorn\n|-supereffective|p1a: Ferrothorn\n|-damage|p1a: Ferrothorn|0 fnt\n|faint|p1a: Ferrothorn\n|\n|upkeep\n|\n|t:|1700644379\n|switch|p1a: Ogerpon|Ogerpon-Wellspring, F|100\/100\n|turn|3\n|\n|t:|1700644394\n|move|p1a: Ogerpon|Ivy Cudgel|p2a: Eelektross|[anim] Ivy Cudgel Water\n|-damage|p2a: Eelektross|29\/100\n|move|p2a: Eelektross|Volt Switch|p1a: Ogerpon\n|-damage|p1a: Ogerpon|56\/100\n|\n|t:|1700644409\n|switch|p2a: Kleavor|Kleavor, M|100\/100|[from] Volt Switch\n|\n|upkeep\n|turn|4\n|\n|t:|1700644417\n|move|p2a: Kleavor|Stone Axe|p1a: Ogerpon\n|-damage|p1a: Ogerpon|0 fnt\n|-sidestart|p1: zxcvbnm134|move: Stealth Rock\n|faint|p1a: Ogerpon\n|\n|upkeep\n|\n|t:|1700644425\n|switch|p1a: Kommo-o|Kommo-o, F|70\/100\n|-damage|p1a: Kommo-o|63\/100|[from] Stealth Rock\n|turn|5\n|\n|t:|1700644432\n|switch|p2a: Florges|Florges, F|100\/100\n|move|p1a: Kommo-o|Hidden Power|p2a: Florges\n|-damage|p2a: Florges|87\/100\n|\n|-heal|p2a: Florges|93\/100|[from] item: Leftovers\n|upkeep\n|turn|6\n|\n|t:|1700644443\n|switch|p1a: Moltres|Moltres|100\/100\n|move|p2a: Florges|Wish|p2a: Florges\n|\n|-heal|p2a: Florges|99\/100|[from] item: Leftovers\n|upkeep\n|turn|7\n|\n|t:|1700644468\n|switch|p2a: Eelektross|Eelektross, F|29\/100\n|move|p1a: Moltres|Defog|p2a: Eelektross\n|-unboost|p2a: Eelektross|evasion|1\n|-sideend|p1: zxcvbnm134|Stealth Rock|[from] move: Defog|[of] p1a: Moltres\n|\n|-heal|p2a: Eelektross|77\/100|[from] move: Wish|[wisher] Florges\n|upkeep\n|turn|8\n|\n|t:|1700644480\n|move|p1a: Moltres|Flamethrower|p2a: Eelektross\n|-damage|p2a: Eelektross|38\/100\n|move|p2a: Eelektross|Volt Switch|p1a: Moltres\n|-supereffective|p1a: Moltres\n|-damage|p1a: Moltres|33\/100\n|\n|t:|1700644484\n|switch|p2a: Kleavor|Kleavor, M|100\/100|[from] Volt Switch\n|\n|upkeep\n|turn|9\n|\n|t:|1700644496\n|move|p2a: Kleavor|Stone Axe|p1a: Moltres\n|-supereffective|p1a: Moltres\n|-damage|p1a: Moltres|0 fnt\n|-sidestart|p1: zxcvbnm134|move: Stealth Rock\n|faint|p1a: Moltres\n|\n|upkeep\n|\n|t:|1700644500\n|switch|p1a: Hoopa|Hoopa|100\/100\n|-damage|p1a: Hoopa|88\/100|[from] Stealth Rock\n|turn|10\n|\n|t:|1700644505\n|move|p2a: Kleavor|Stone Axe|p1a: Hoopa|[miss]\n|-miss|p2a: Kleavor|p1a: Hoopa\n|move|p1a: Hoopa|Substitute|p1a: Hoopa\n|-start|p1a: Hoopa|Substitute\n|-damage|p1a: Hoopa|63\/100\n|\n|-heal|p1a: Hoopa|69\/100|[from] item: Leftovers\n|upkeep\n|turn|11\n|\n|t:|1700644510\n|move|p2a: Kleavor|Stone Axe|p1a: Hoopa\n|-end|p1a: Hoopa|Substitute\n|move|p1a: Hoopa|Focus Blast|p2a: Kleavor|[miss]\n|-miss|p1a: Hoopa|p2a: Kleavor\n|\n|-heal|p1a: Hoopa|75\/100|[from] item: Leftovers\n|upkeep\n|turn|12\n|\n|t:|1700644515\n|move|p2a: Kleavor|Stone Axe|p1a: Hoopa\n|-damage|p1a: Hoopa|0 fnt\n|faint|p1a: Hoopa\n|\n|upkeep\n|\n|t:|1700644520\n|switch|p1a: Kommo-o|Kommo-o, F|63\/100\n|-damage|p1a: Kommo-o|57\/100|[from] Stealth Rock\n|turn|13\n|\n|t:|1700644525\n|switch|p2a: Florges|Florges, F|99\/100\n|move|p1a: Kommo-o|Flamethrower|p2a: Florges\n|-damage|p2a: Florges|79\/100\n|\n|-heal|p2a: Florges|85\/100|[from] item: Leftovers\n|upkeep\n|turn|14\n|\n|t:|1700644535\n|move|p1a: Kommo-o|Flash Cannon|p2a: Florges\n|-supereffective|p2a: Florges\n|-damage|p2a: Florges|53\/100\n|move|p2a: Florges|Moonblast|p1a: Kommo-o\n|-supereffective|p1a: Kommo-o\n|-damage|p1a: Kommo-o|0 fnt\n|faint|p1a: Kommo-o\n|\n|-heal|p2a: Florges|59\/100|[from] item: Leftovers\n|upkeep\n|\n|t:|1700644540\n|switch|p1a: Gardevoir|Gardevoir, F|100\/100\n|-damage|p1a: Gardevoir|88\/100|[from] Stealth Rock\n|-ability|p1a: Gardevoir|Flower Veil|[from] ability: Trace|[of] p2a: Florges\n|turn|15\n|\n|t:|1700644543\n|detailschange|p1a: Gardevoir|Gardevoir-Mega, F\n|-mega|p1a: Gardevoir|Gardevoir|Gardevoirite\n|move|p1a: Gardevoir|Hypnosis|p2a: Florges\n|-status|p2a: Florges|slp|[from] move: Hypnosis\n|cant|p2a: Florges|slp\n|\n|-heal|p2a: Florges|65\/100 slp|[from] item: Leftovers\n|upkeep\n|turn|16\n|\n|t:|1700644552\n|move|p1a: Gardevoir|Hyper Voice|p2a: Florges\n|-damage|p2a: Florges|19\/100 slp\n|cant|p2a: Florges|slp\n|\n|-heal|p2a: Florges|26\/100 slp|[from] item: Leftovers\n|upkeep\n|turn|17\n|\n|t:|1700644560\n|move|p1a: Gardevoir|Hyper Voice|p2a: Florges\n|-damage|p2a: Florges|0 fnt\n|faint|p2a: Florges\n|\n|upkeep\n|\n|t:|1700644577\n|switch|p2a: Arcanine|Arcanine, M, shiny|100\/100\n|-ability|p2a: Arcanine|Intimidate|boost\n|-unboost|p1a: Gardevoir|atk|1\n|turn|18\n|\n|t:|1700644581\n|-terastallize|p2a: Arcanine|Normal\n|move|p2a: Arcanine|Extreme Speed|p1a: Gardevoir\n|-damage|p1a: Gardevoir|0 fnt\n|faint|p1a: Gardevoir\n|\n|win|daniel241595\n|raw|zxcvbnm134's rating: 1427 &rarr; <strong>1415<\/strong><br \/>(-12 for losing)\n|raw|daniel241595's rating: 1568 &rarr; <strong>1580<\/strong><br \/>(+12 for winning)\n","uploadtime":1700644584,"views":10,"p1id":"zxcvbnm134","p2id":"daniel241595","formatid":"gen9nationaldex","rating":1415,"private":0,"password":""}