{"id":"gen9nationaldex-1994779663","p1":"ImPno","p2":"TheMuj","format":"[Gen 9] National Dex","log":"|html|<div class=\"broadcast-blue\"><strong>[Gen 9] National Dex is currently suspecting Sneasler! For information on how to participate check out the <a href=\"https:\/\/www.smogon.com\/forums\/threads\/sv-national-dex-suspect-8-just-dance.3731534\/\">suspect thread<\/a>.<\/strong><\/div>\n|j|\u2606ImPno\n|j|\u2606TheMuj\n|t:|1700491983\n|gametype|singles\n|player|p1|ImPno|ethan|1173\n|player|p2|TheMuj|ghetsis|1145\n|teamsize|p1|6\n|teamsize|p2|6\n|gen|9\n|tier|[Gen 9] National Dex\n|rated|\n|rule|HP Percentage Mod: HP is shown in percentages\n|rule|Endless Battle Clause: Forcing endless battles is banned\n|rule|OHKO Clause: OHKO moves are banned\n|rule|Evasion Clause: Evasion abilities, items, and moves are banned\n|rule|Evasion Abilities Clause: Evasion abilities are banned\n|rule|Evasion Items Clause: Evasion items are banned\n|rule|Evasion Moves Clause: Evasion moves are banned\n|rule|Species Clause: Limit one of each Pok\u00e9mon\n|rule|Sleep Clause Mod: Limit one foe put to sleep\n|clearpoke\n|poke|p1|Iron Valiant|\n|poke|p1|Blissey, F|\n|poke|p1|Scizor, M|\n|poke|p1|Greninja-*, M|\n|poke|p1|Volcarona, F|\n|poke|p1|Hatterene, F|\n|poke|p2|Ferrothorn, F|\n|poke|p2|Ogerpon-Wellspring, F|\n|poke|p2|Iron Moth|\n|poke|p2|Latios, M|\n|poke|p2|Slowking-Galar, M|\n|poke|p2|Pikachu, F|\n|teampreview\n|inactive|Battle timer is ON: inactive players will automatically lose when time's up. (requested by TheMuj)\n|\n|t:|1700491994\n|start\n|switch|p1a: Blissey|Blissey, F, shiny|100\/100\n|switch|p2a: Iron Moth|Iron Moth|100\/100\n|-enditem|p2a: Iron Moth|Booster Energy\n|-activate|p2a: Iron Moth|ability: Quark Drive|[fromitem]\n|-start|p2a: Iron Moth|quarkdrivespa\n|turn|1\n|\n|t:|1700492000\n|move|p2a: Iron Moth|Fiery Dance|p1a: Blissey\n|-damage|p1a: Blissey|80\/100\n|move|p1a: Blissey|Stealth Rock|p2a: Iron Moth\n|-sidestart|p2: TheMuj|move: Stealth Rock\n|\n|-heal|p1a: Blissey|86\/100|[from] item: Leftovers\n|upkeep\n|turn|2\n|\n|t:|1700492008\n|switch|p1a: Hatterene|Hatterene, F, shiny|100\/100\n|move|p2a: Iron Moth|Agility|p2a: Iron Moth\n|-boost|p2a: Iron Moth|spe|2\n|\n|upkeep\n|turn|3\n|\n|t:|1700492012\n|move|p2a: Iron Moth|Fiery Dance|p1a: Hatterene\n|-damage|p1a: Hatterene|53\/100\n|-boost|p2a: Iron Moth|spa|1\n|move|p1a: Hatterene|Thunder Wave|p2a: Iron Moth\n|-status|p2a: Iron Moth|par\n|\n|-heal|p1a: Hatterene|59\/100|[from] item: Leftovers\n|upkeep\n|turn|4\n|\n|t:|1700492019\n|cant|p2a: Iron Moth|par\n|move|p1a: Hatterene|Dazzling Gleam|p2a: Iron Moth\n|-resisted|p2a: Iron Moth\n|-damage|p2a: Iron Moth|92\/100 par\n|\n|-heal|p1a: Hatterene|65\/100|[from] item: Leftovers\n|upkeep\n|turn|5\n|\n|t:|1700492023\n|switch|p1a: Greninja|Greninja, M|100\/100\n|move|p2a: Iron Moth|Fiery Dance|p1a: Greninja\n|-resisted|p1a: Greninja\n|-damage|p1a: Greninja|36\/100\n|-boost|p2a: Iron Moth|spa|1\n|\n|upkeep\n|turn|6\n|\n|t:|1700492029\n|move|p1a: Greninja|Water Shuriken|p2a: Iron Moth\n|-supereffective|p2a: Iron Moth\n|-damage|p2a: Iron Moth|77\/100 par\n|-supereffective|p2a: Iron Moth\n|-damage|p2a: Iron Moth|63\/100 par\n|-supereffective|p2a: Iron Moth\n|-damage|p2a: Iron Moth|49\/100 par\n|-supereffective|p2a: Iron Moth\n|-damage|p2a: Iron Moth|35\/100 par\n|-supereffective|p2a: Iron Moth\n|-damage|p2a: Iron Moth|20\/100 par\n|-hitcount|p2a: Iron Moth|5\n|move|p2a: Iron Moth|Fiery Dance|p1a: Greninja\n|-resisted|p1a: Greninja\n|-damage|p1a: Greninja|0 fnt\n|faint|p1a: Greninja\n|\n|upkeep\n|\n|t:|1700492047\n|switch|p1a: Scizor|Scizor, M, shiny|100\/100\n|turn|7\n|\n|t:|1700492050\n|detailschange|p1a: Scizor|Scizor-Mega, M, shiny\n|-mega|p1a: Scizor|Scizor|Scizorite\n|move|p1a: Scizor|Quick Attack|p2a: Iron Moth\n|-damage|p2a: Iron Moth|0 fnt\n|faint|p2a: Iron Moth\n|-end|p2a: Iron Moth|Quark Drive|[silent]\n|\n|upkeep\n|\n|t:|1700492060\n|switch|p2a: Ferrothorn|Ferrothorn, F|100\/100\n|-damage|p2a: Ferrothorn|94\/100|[from] Stealth Rock\n|turn|8\n|\n|t:|1700492068\n|move|p1a: Scizor|Swords Dance|p1a: Scizor\n|-boost|p1a: Scizor|atk|2\n|move|p2a: Ferrothorn|Leech Seed|p1a: Scizor\n|-start|p1a: Scizor|move: Leech Seed\n|\n|-damage|p1a: Scizor|88\/100|[from] Leech Seed|[of] p2a: Ferrothorn\n|-heal|p2a: Ferrothorn|100\/100|[silent]\n|upkeep\n|turn|9\n|\n|t:|1700492074\n|move|p1a: Scizor|Swords Dance|p1a: Scizor\n|-boost|p1a: Scizor|atk|2\n|move|p2a: Ferrothorn|Gyro Ball|p1a: Scizor\n|-resisted|p1a: Scizor\n|-damage|p1a: Scizor|68\/100\n|\n|-damage|p1a: Scizor|56\/100|[from] Leech Seed|[of] p2a: Ferrothorn\n|upkeep\n|turn|10\n|\n|t:|1700492078\n|move|p1a: Scizor|Close Combat|p2a: Ferrothorn\n|-supereffective|p2a: Ferrothorn\n|-damage|p2a: Ferrothorn|0 fnt\n|-unboost|p1a: Scizor|def|1\n|-unboost|p1a: Scizor|spd|1\n|-damage|p1a: Scizor|44\/100|[from] ability: Iron Barbs|[of] p2a: Ferrothorn\n|-damage|p1a: Scizor|27\/100|[from] item: Rocky Helmet|[of] p2a: Ferrothorn\n|faint|p2a: Ferrothorn\n|\n|upkeep\n|\n|t:|1700492085\n|switch|p2a: Pikachu|Pikachu, F|100\/100\n|-damage|p2a: Pikachu|88\/100|[from] Stealth Rock\n|turn|11\n|\n|t:|1700492090\n|move|p2a: Pikachu|Fake Out|p1a: Scizor\n|-resisted|p1a: Scizor\n|-damage|p1a: Scizor|18\/100\n|cant|p1a: Scizor|flinch\n|\n|-damage|p1a: Scizor|6\/100|[from] Leech Seed|[of] p2a: Pikachu\n|-heal|p2a: Pikachu|100\/100|[silent]\n|upkeep\n|turn|12\n|\n|t:|1700492094\n|move|p2a: Pikachu|Extreme Speed|p1a: Scizor\n|-resisted|p1a: Scizor\n|-damage|p1a: Scizor|0 fnt\n|faint|p1a: Scizor\n|\n|upkeep\n|\n|t:|1700492101\n|switch|p1a: Volcarona|Volcarona, F, shiny|100\/100\n|turn|13\n|\n|t:|1700492107\n|move|p2a: Pikachu|Extreme Speed|p1a: Volcarona\n|-damage|p1a: Volcarona|49\/100\n|move|p1a: Volcarona|Quiver Dance|p1a: Volcarona\n|-boost|p1a: Volcarona|spa|1\n|-boost|p1a: Volcarona|spd|1\n|-boost|p1a: Volcarona|spe|1\n|\n|-heal|p1a: Volcarona|55\/100|[from] item: Leftovers\n|upkeep\n|turn|14\n|\n|t:|1700492113\n|move|p2a: Pikachu|Extreme Speed|p1a: Volcarona\n|-damage|p1a: Volcarona|0 fnt\n|faint|p1a: Volcarona\n|\n|upkeep\n|\n|t:|1700492124\n|switch|p1a: Blissey|Blissey, F, shiny|86\/100\n|turn|15\n|\n|t:|1700492127\n|move|p2a: Pikachu|Knock Off|p1a: Blissey\n|-damage|p1a: Blissey|51\/100\n|-enditem|p1a: Blissey|Leftovers|[from] move: Knock Off|[of] p2a: Pikachu\n|move|p1a: Blissey|Toxic|p2a: Pikachu\n|-status|p2a: Pikachu|tox\n|\n|-damage|p2a: Pikachu|94\/100 tox|[from] psn\n|upkeep\n|turn|16\n|\n|t:|1700492134\n|move|p2a: Pikachu|Volt Tackle|p1a: Blissey\n|-damage|p1a: Blissey|0 fnt\n|faint|p1a: Blissey\n|-damage|p2a: Pikachu|39\/100 tox|[from] Recoil\n|\n|-damage|p2a: Pikachu|26\/100 tox|[from] psn\n|upkeep\n|\n|t:|1700492139\n|switch|p1a: Iron Valiant|Iron Valiant, shiny|100\/100\n|turn|17\n|\n|t:|1700492144\n|move|p2a: Pikachu|Extreme Speed|p1a: Iron Valiant\n|-damage|p1a: Iron Valiant|60\/100\n|move|p1a: Iron Valiant|Swords Dance|p1a: Iron Valiant\n|-boost|p1a: Iron Valiant|atk|2\n|\n|-damage|p2a: Pikachu|8\/100 tox|[from] psn\n|upkeep\n|turn|18\n|\n|t:|1700492155\n|move|p2a: Pikachu|Extreme Speed|p1a: Iron Valiant\n|-crit|p1a: Iron Valiant\n|-damage|p1a: Iron Valiant|0 fnt\n|faint|p1a: Iron Valiant\n|-end|p1a: Iron Valiant|Quark Drive|[silent]\n|\n|-damage|p2a: Pikachu|0 fnt|[from] psn\n|faint|p2a: Pikachu\n|upkeep\n|c|\u2606ImPno|ggs\n|c|\u2606ImPno|no way\n|\n|t:|1700492167\n|switch|p1a: Hatterene|Hatterene, F, shiny|65\/100\n|switch|p2a: Slowking|Slowking-Galar, M|100\/100\n|-damage|p2a: Slowking|88\/100|[from] Stealth Rock\n|turn|19\n|\n|t:|1700492172\n|move|p2a: Slowking|Acid Spray|p1a: Hatterene\n|-supereffective|p1a: Hatterene\n|-damage|p1a: Hatterene|31\/100\n|-unboost|p1a: Hatterene|spd|2\n|move|p1a: Hatterene|Trick Room|p1a: Hatterene\n|-fieldstart|move: Trick Room|[of] p1a: Hatterene\n|\n|-heal|p1a: Hatterene|37\/100|[from] item: Leftovers\n|-heal|p2a: Slowking|94\/100|[from] item: Leftovers\n|upkeep\n|turn|20\n|\n|t:|1700492175\n|move|p1a: Hatterene|Thunder Wave|p2a: Slowking\n|-status|p2a: Slowking|par\n|move|p2a: Slowking|Acid Spray|p1a: Hatterene\n|-supereffective|p1a: Hatterene\n|-damage|p1a: Hatterene|0 fnt\n|faint|p1a: Hatterene\n|\n|win|TheMuj\n|raw|ImPno's rating: 1173 &rarr; <strong>1146<\/strong><br \/>(-27 for losing)\n|raw|TheMuj's rating: 1145 &rarr; <strong>1172<\/strong><br \/>(+27 for winning)\n|l|\u2606ImPno\n","uploadtime":1700492181,"views":14,"p1id":"impno","p2id":"themuj","formatid":"gen9nationaldex","rating":1146,"private":0,"password":""}