{"id":"gen9nationaldex-1990919746","p1":"Spler","p2":"Dragonpetim","format":"[Gen 9] National Dex","log":"|j|\u2606Spler\n|j|\u2606Dragonpetim\n|t:|1700015185\n|gametype|singles\n|player|p1|Spler|266|1561\n|player|p2|Dragonpetim|red|1577\n|teamsize|p1|6\n|teamsize|p2|6\n|gen|9\n|tier|[Gen 9] National Dex\n|rated|\n|rule|HP Percentage Mod: HP is shown in percentages\n|rule|Endless Battle Clause: Forcing endless battles is banned\n|rule|OHKO Clause: OHKO moves are banned\n|rule|Evasion Clause: Evasion abilities, items, and moves are banned\n|rule|Evasion Abilities Clause: Evasion abilities are banned\n|rule|Evasion Items Clause: Evasion items are banned\n|rule|Evasion Moves Clause: Evasion moves are banned\n|rule|Species Clause: Limit one of each Pok\u00e9mon\n|rule|Sleep Clause Mod: Limit one foe put to sleep\n|clearpoke\n|poke|p1|Zarude|\n|poke|p1|Cinderace, M|\n|poke|p1|Manaphy|\n|poke|p1|Iron Valiant|\n|poke|p1|Zapdos|\n|poke|p1|Garchomp, F|\n|poke|p2|Charizard, M|\n|poke|p2|Regidrago|\n|poke|p2|Volcanion|\n|poke|p2|Lilligant-Hisui, F|\n|poke|p2|Torkoal, M|\n|poke|p2|Pawmot, F|\n|teampreview\n|inactive|Battle timer is ON: inactive players will automatically lose when time's up. (requested by Dragonpetim)\n|\n|t:|1700015199\n|start\n|switch|p1a: Garchomp|Garchomp, F|100\/100\n|switch|p2a: Volcanion|Volcanion|100\/100\n|turn|1\n|\n|t:|1700015209\n|move|p1a: Garchomp|Swords Dance|p1a: Garchomp\n|-boost|p1a: Garchomp|atk|2\n|move|p2a: Volcanion|Steam Eruption|p1a: Garchomp\n|-damage|p1a: Garchomp|29\/100\n|\n|upkeep\n|turn|2\n|\n|t:|1700015228\n|switch|p2a: Torkoal|Torkoal, M|100\/100\n|-weather|SunnyDay|[from] ability: Drought|[of] p2a: Torkoal\n|move|p1a: Garchomp|Earthquake|p2a: Torkoal\n|-supereffective|p2a: Torkoal\n|-damage|p2a: Torkoal|0 fnt\n|faint|p2a: Torkoal\n|\n|-weather|SunnyDay|[upkeep]\n|upkeep\n|\n|t:|1700015237\n|switch|p2a: Lilligant|Lilligant-Hisui, F|100\/100\n|turn|3\n|\n|t:|1700015242\n|move|p2a: Lilligant|Ice Spinner|p1a: Garchomp\n|-supereffective|p1a: Garchomp\n|-damage|p1a: Garchomp|0 fnt\n|-damage|p2a: Lilligant|88\/100|[from] ability: Rough Skin|[of] p1a: Garchomp\n|faint|p1a: Garchomp\n|-damage|p2a: Lilligant|78\/100|[from] item: Life Orb\n|\n|-weather|SunnyDay|[upkeep]\n|upkeep\n|\n|t:|1700015256\n|switch|p1a: Cinderace|Cinderace, M|100\/100\n|turn|4\n|\n|t:|1700015261\n|move|p2a: Lilligant|Close Combat|p1a: Cinderace\n|-damage|p1a: Cinderace|0 fnt\n|-unboost|p2a: Lilligant|def|1\n|-unboost|p2a: Lilligant|spd|1\n|faint|p1a: Cinderace\n|-damage|p2a: Lilligant|68\/100|[from] item: Life Orb\n|\n|-weather|SunnyDay|[upkeep]\n|upkeep\n|\n|t:|1700015273\n|switch|p1a: Zapdos|Zapdos|100\/100\n|turn|5\n|\n|t:|1700015277\n|switch|p2a: Volcanion|Volcanion|100\/100\n|move|p1a: Zapdos|Heat Wave|p2a: Volcanion\n|-resisted|p2a: Volcanion\n|-damage|p2a: Volcanion|90\/100\n|\n|-weather|SunnyDay|[upkeep]\n|upkeep\n|turn|6\n|\n|t:|1700015287\n|move|p1a: Zapdos|Discharge|p2a: Volcanion\n|-supereffective|p2a: Volcanion\n|-damage|p2a: Volcanion|22\/100\n|move|p2a: Volcanion|Toxic|p1a: Zapdos|[miss]\n|-miss|p2a: Volcanion|p1a: Zapdos\n|\n|-weather|SunnyDay|[upkeep]\n|upkeep\n|turn|7\n|\n|t:|1700015296\n|switch|p2a: Pawmot|Pawmot, F|100\/100\n|move|p1a: Zapdos|Discharge|p2a: Pawmot\n|-immune|p2a: Pawmot|[from] ability: Volt Absorb\n|\n|-weather|SunnyDay|[upkeep]\n|upkeep\n|turn|8\n|\n|t:|1700015309\n|move|p2a: Pawmot|Double Shock|p1a: Zapdos\n|-damage|p1a: Zapdos|44\/100\n|-start|p2a: Pawmot|typechange|???\/Fighting|[from] move: Double Shock\n|-damage|p2a: Pawmot|91\/100|[from] item: Life Orb\n|move|p1a: Zapdos|Heat Wave|p2a: Pawmot\n|-damage|p2a: Pawmot|19\/100\n|-status|p2a: Pawmot|brn\n|\n|-weather|SunnyDay|[upkeep]\n|-damage|p2a: Pawmot|13\/100 brn|[from] brn\n|upkeep\n|turn|9\n|\n|t:|1700015323\n|move|p2a: Pawmot|Revival Blessing|p2a: Pawmot\n|\n|t:|1700015327\n|-heal|p2: Torkoal|50\/100|[from] move: Revival Blessing\n|move|p1a: Zapdos|Roost|p1a: Zapdos\n|-heal|p1a: Zapdos|94\/100\n|-singleturn|p1a: Zapdos|move: Roost\n|\n|-weather|none\n|-damage|p2a: Pawmot|7\/100 brn|[from] brn\n|upkeep\n|turn|10\n|\n|t:|1700015342\n|move|p2a: Pawmot|Close Combat|p1a: Zapdos\n|-resisted|p1a: Zapdos\n|-crit|p1a: Zapdos\n|-damage|p1a: Zapdos|71\/100\n|-unboost|p2a: Pawmot|def|1\n|-unboost|p2a: Pawmot|spd|1\n|-damage|p2a: Pawmot|0 fnt|[from] item: Life Orb\n|faint|p2a: Pawmot\n|move|p1a: Zapdos|Heat Wave|p2: Pawmot|[notarget]\n|-fail|p1a: Zapdos\n|\n|upkeep\n|\n|t:|1700015354\n|switch|p2a: Charizard X|Charizard, M|100\/100\n|turn|11\n|\n|t:|1700015361\n|detailschange|p2a: Charizard X|Charizard-Mega-Y, M\n|-mega|p2a: Charizard X|Charizard|Charizardite Y\n|-weather|SunnyDay|[from] ability: Drought|[of] p2a: Charizard X\n|-terastallize|p1a: Zapdos|Water\n|move|p2a: Charizard X|Fire Blast|p1a: Zapdos\n|-resisted|p1a: Zapdos\n|-damage|p1a: Zapdos|19\/100\n|move|p1a: Zapdos|Discharge|p2a: Charizard X\n|-supereffective|p2a: Charizard X\n|-damage|p2a: Charizard X|36\/100\n|\n|-weather|SunnyDay|[upkeep]\n|upkeep\n|turn|12\n|\n|t:|1700015375\n|move|p2a: Charizard X|Air Slash|p1a: Zapdos\n|-damage|p1a: Zapdos|0 fnt\n|faint|p1a: Zapdos\n|\n|-weather|SunnyDay|[upkeep]\n|upkeep\n|inactive|Spler has 120 seconds left.\n|\n|t:|1700015417\n|switch|p1a: Manaphy|Manaphy|100\/100\n|turn|13\n|\n|t:|1700015421\n|move|p1a: Manaphy|Tail Glow|p1a: Manaphy\n|-boost|p1a: Manaphy|spa|3\n|move|p2a: Charizard X|Solar Beam||[still]\n|-prepare|p2a: Charizard X|Solar Beam\n|-anim|p2a: Charizard X|Solar Beam|p1a: Manaphy\n|-supereffective|p1a: Manaphy\n|-damage|p1a: Manaphy|11\/100\n|\n|-weather|SunnyDay|[upkeep]\n|upkeep\n|turn|14\n|inactive|Spler has 120 seconds left.\n|\n|t:|1700015431\n|move|p1a: Manaphy|Dazzling Gleam|p2a: Charizard X\n|-resisted|p2a: Charizard X\n|-damage|p2a: Charizard X|4\/100\n|move|p2a: Charizard X|Air Slash|p1a: Manaphy\n|-damage|p1a: Manaphy|0 fnt\n|faint|p1a: Manaphy\n|\n|-weather|SunnyDay|[upkeep]\n|upkeep\n|inactive|Spler has 120 seconds left.\n|\n|t:|1700015441\n|switch|p1a: Zarude|Zarude|100\/100\n|turn|15\n|\n|t:|1700015448\n|move|p1a: Zarude|Knock Off|p2a: Charizard X\n|-damage|p2a: Charizard X|0 fnt\n|faint|p2a: Charizard X\n|\n|-weather|none\n|upkeep\n|\n|t:|1700015468\n|switch|p2a: I s2 Charizard|Regidrago|100\/100\n|turn|16\n|\n|t:|1700015496\n|switch|p2a: Torkoal|Torkoal, M|50\/100\n|-weather|SunnyDay|[from] ability: Drought|[of] p2a: Torkoal\n|move|p1a: Zarude|Knock Off|p2a: Torkoal\n|-damage|p2a: Torkoal|26\/100\n|-enditem|p2a: Torkoal|Heat Rock|[from] move: Knock Off|[of] p1a: Zarude\n|\n|-weather|SunnyDay|[upkeep]\n|upkeep\n|turn|17\n|\n|t:|1700015508\n|move|p1a: Zarude|Close Combat|p2a: Torkoal\n|-damage|p2a: Torkoal|3\/100\n|-unboost|p1a: Zarude|def|1\n|-unboost|p1a: Zarude|spd|1\n|move|p2a: Torkoal|Lava Plume|p1a: Zarude\n|-supereffective|p1a: Zarude\n|-enditem|p1a: Zarude|Focus Sash\n|-damage|p1a: Zarude|1\/100\n|\n|-weather|SunnyDay|[upkeep]\n|upkeep\n|turn|18\n|\n|t:|1700015520\n|move|p1a: Zarude|Knock Off|p2a: Torkoal\n|-damage|p2a: Torkoal|0 fnt\n|faint|p2a: Torkoal\n|\n|-weather|SunnyDay|[upkeep]\n|upkeep\n|\n|t:|1700015525\n|switch|p2a: Lilligant|Lilligant-Hisui, F|68\/100\n|turn|19\n|inactive|Dragonpetim has 120 seconds left.\n|\n|t:|1700015548\n|move|p2a: Lilligant|Ice Spinner|p1a: Zarude\n|-supereffective|p1a: Zarude\n|-damage|p1a: Zarude|0 fnt\n|faint|p1a: Zarude\n|-damage|p2a: Lilligant|58\/100|[from] item: Life Orb\n|\n|-weather|SunnyDay|[upkeep]\n|upkeep\n|\n|t:|1700015556\n|switch|p1a: Iron Valiant|Iron Valiant|100\/100\n|-enditem|p1a: Iron Valiant|Booster Energy\n|-activate|p1a: Iron Valiant|ability: Quark Drive|[fromitem]\n|-start|p1a: Iron Valiant|quarkdrivespe\n|turn|20\n|j| FakeDragon\n|inactive|Dragonpetim has 120 seconds left.\n|\n|t:|1700015571\n|move|p2a: Lilligant|Leaf Blade|p1a: Iron Valiant\n|-damage|p1a: Iron Valiant|33\/100\n|-damage|p2a: Lilligant|48\/100|[from] item: Life Orb\n|move|p1a: Iron Valiant|Moonblast|p2a: Lilligant\n|-supereffective|p2a: Lilligant\n|-damage|p2a: Lilligant|0 fnt\n|faint|p2a: Lilligant\n|\n|-weather|SunnyDay|[upkeep]\n|upkeep\n|inactive|Dragonpetim has 120 seconds left.\n|\n|t:|1700015580\n|switch|p2a: Volcanion|Volcanion|22\/100\n|turn|21\n|\n|t:|1700015586\n|move|p1a: Iron Valiant|Aura Sphere|p2a: Volcanion\n|-damage|p2a: Volcanion|0 fnt\n|faint|p2a: Volcanion\n|\n|-weather|SunnyDay|[upkeep]\n|upkeep\n|\n|t:|1700015591\n|switch|p2a: I s2 Charizard|Regidrago|100\/100\n|turn|22\n|\n|t:|1700015595\n|-terastallize|p2a: I s2 Charizard|Dragon\n|move|p1a: Iron Valiant|Moonblast|p2a: I s2 Charizard\n|-supereffective|p2a: I s2 Charizard\n|-damage|p2a: I s2 Charizard|0 fnt\n|faint|p2a: I s2 Charizard\n|\n|win|Spler\n|raw|Spler's rating: 1561 &rarr; <strong>1582<\/strong><br \/>(+21 for winning)\n|raw|Dragonpetim's rating: 1577 &rarr; <strong>1556<\/strong><br \/>(-21 for losing)\n|l|\u2606Dragonpetim\n","uploadtime":1700015611,"views":4,"p1id":"spler","p2id":"dragonpetim","formatid":"gen9nationaldex","rating":1556,"private":0,"password":""}