{"id":"gen9nationaldex-1990223430","p1":"Blake-Mamba","p2":"kehanW","format":"[Gen 9] National Dex","log":"|j|\u2606Blake-Mamba\n|j|\u2606kehanW\n|t:|1699939912\n|gametype|singles\n|player|p1|Blake-Mamba|juan|1364\n|player|p2|kehanW|169|1292\n|teamsize|p1|6\n|teamsize|p2|6\n|gen|9\n|tier|[Gen 9] National Dex\n|rated|\n|rule|HP Percentage Mod: HP is shown in percentages\n|rule|Endless Battle Clause: Forcing endless battles is banned\n|rule|OHKO Clause: OHKO moves are banned\n|rule|Evasion Clause: Evasion abilities, items, and moves are banned\n|rule|Evasion Abilities Clause: Evasion abilities are banned\n|rule|Evasion Items Clause: Evasion items are banned\n|rule|Evasion Moves Clause: Evasion moves are banned\n|rule|Species Clause: Limit one of each Pok\u00e9mon\n|rule|Sleep Clause Mod: Limit one foe put to sleep\n|clearpoke\n|poke|p1|Cinccino, F|\n|poke|p1|Zebstrika, F|\n|poke|p1|Ferrothorn, F|\n|poke|p1|Seismitoad, F|\n|poke|p1|Krookodile, M|\n|poke|p1|Emboar, F|\n|poke|p2|Samurott-Hisui, M|\n|poke|p2|Serperior, M|\n|poke|p2|Banette, F|\n|poke|p2|Dragonite, F|\n|poke|p2|Ogerpon-Wellspring, F|\n|poke|p2|Moltres|\n|teampreview\n|\n|t:|1699939948\n|start\n|switch|p1a: Gamble|Cinccino, F|100\/100\n|switch|p2a: Samurott|Samurott-Hisui, M|100\/100\n|turn|1\n|inactive|Battle timer is ON: inactive players will automatically lose when time's up. (requested by kehanW)\n|\n|t:|1699939958\n|switch|p2a: Banette|Banette, F|100\/100\n|move|p1a: Gamble|Bullet Seed|p2a: Banette\n|-damage|p2a: Banette|73\/100\n|-crit|p2a: Banette\n|-damage|p2a: Banette|31\/100\n|-damage|p2a: Banette|5\/100\n|-hitcount|p2a: Banette|3\n|-damage|p1a: Gamble|91\/100|[from] item: Life Orb\n|\n|upkeep\n|turn|2\n|\n|t:|1699939983\n|switch|p1a: Ferrothorn|Ferrothorn, F, shiny|100\/100\n|switch|p2a: Serperior|Serperior, M|100\/100\n|\n|upkeep\n|turn|3\n|\n|t:|1699939991\n|switch|p1a: Emboar|Emboar, F, shiny|100\/100\n|move|p2a: Serperior|Substitute|p2a: Serperior\n|-start|p2a: Serperior|Substitute\n|-damage|p2a: Serperior|76\/100\n|\n|-heal|p2a: Serperior|82\/100|[from] item: Leftovers\n|upkeep\n|turn|4\n|\n|t:|1699939999\n|move|p1a: Emboar|Flare Blitz|p2a: Serperior\n|-supereffective|p2a: Serperior\n|-end|p2a: Serperior|Substitute\n|-damage|p1a: Emboar|94\/100|[from] Recoil|[of] p2a: Serperior\n|move|p2a: Serperior|Glare|p1a: Emboar\n|-status|p1a: Emboar|par\n|\n|-heal|p2a: Serperior|88\/100|[from] item: Leftovers\n|upkeep\n|turn|5\n|inactive|Blake-Mamba has 120 seconds left.\n|\n|t:|1699940029\n|move|p2a: Serperior|Substitute|p2a: Serperior\n|-start|p2a: Serperior|Substitute\n|-damage|p2a: Serperior|63\/100\n|move|p1a: Emboar|Flare Blitz|p2a: Serperior\n|-supereffective|p2a: Serperior\n|-end|p2a: Serperior|Substitute\n|-damage|p1a: Emboar|87\/100 par|[from] Recoil|[of] p2a: Serperior\n|\n|-heal|p2a: Serperior|69\/100|[from] item: Leftovers\n|upkeep\n|turn|6\n|inactive|Blake-Mamba has 120 seconds left.\n|\n|t:|1699940039\n|move|p2a: Serperior|Substitute|p2a: Serperior\n|-start|p2a: Serperior|Substitute\n|-damage|p2a: Serperior|44\/100\n|move|p1a: Emboar|Flare Blitz|p2a: Serperior\n|-supereffective|p2a: Serperior\n|-end|p2a: Serperior|Substitute\n|-damage|p1a: Emboar|80\/100 par|[from] Recoil|[of] p2a: Serperior\n|\n|-heal|p2a: Serperior|51\/100|[from] item: Leftovers\n|upkeep\n|turn|7\n|inactive|Blake-Mamba has 120 seconds left.\n|\n|t:|1699940050\n|switch|p1a: Zebstrika|Zebstrika, F, shiny|100\/100\n|move|p2a: Serperior|Substitute|p2a: Serperior\n|-start|p2a: Serperior|Substitute\n|-damage|p2a: Serperior|26\/100\n|\n|-heal|p2a: Serperior|32\/100|[from] item: Leftovers\n|upkeep\n|turn|8\n|inactive|Blake-Mamba has 120 seconds left.\n|\n|t:|1699940063\n|move|p2a: Serperior|Leech Seed|p1a: Zebstrika\n|-ability|p1a: Zebstrika|Sap Sipper|boost\n|-boost|p1a: Zebstrika|atk|1\n|move|p1a: Zebstrika|Flame Charge|p2a: Serperior\n|-supereffective|p2a: Serperior\n|-end|p2a: Serperior|Substitute\n|-boost|p1a: Zebstrika|spe|1\n|\n|-heal|p2a: Serperior|38\/100|[from] item: Leftovers\n|upkeep\n|turn|9\n|inactive|Blake-Mamba has 120 seconds left.\n|\n|t:|1699940085\n|switch|p2a: Moltres|Moltres|100\/100\n|-ability|p2a: Moltres|Pressure\n|move|p1a: Zebstrika|Flame Charge|p2a: Moltres\n|-resisted|p2a: Moltres\n|-damage|p2a: Moltres|89\/100\n|-boost|p1a: Zebstrika|spe|1\n|\n|upkeep\n|turn|10\n|\n|t:|1699940097\n|move|p1a: Zebstrika|Wild Charge|p2a: Moltres\n|-supereffective|p2a: Moltres\n|-damage|p2a: Moltres|0 fnt\n|faint|p2a: Moltres\n|-damage|p1a: Zebstrika|71\/100|[from] Recoil\n|\n|upkeep\n|\n|t:|1699940107\n|switch|p2a: Dragonite|Dragonite, F|100\/100\n|turn|11\n|inactive|Blake-Mamba has 120 seconds left.\n|\n|t:|1699940117\n|-zpower|p1a: Zebstrika\n|move|p1a: Zebstrika|Gigavolt Havoc|p2a: Dragonite|[zeffect]\n|-damage|p2a: Dragonite|40\/100\n|move|p2a: Dragonite|Curse|p2a: Dragonite\n|-unboost|p2a: Dragonite|spe|1\n|-boost|p2a: Dragonite|atk|1\n|-boost|p2a: Dragonite|def|1\n|\n|upkeep\n|turn|12\n|inactive|Blake-Mamba has 120 seconds left.\n|\n|t:|1699940131\n|switch|p1a: Ferrothorn|Ferrothorn, F, shiny|100\/100\n|move|p2a: Dragonite|Extreme Speed|p1a: Ferrothorn\n|-resisted|p1a: Ferrothorn\n|-damage|p1a: Ferrothorn|86\/100\n|-damage|p2a: Dragonite|27\/100|[from] ability: Iron Barbs|[of] p1a: Ferrothorn\n|-damage|p2a: Dragonite|11\/100|[from] item: Rocky Helmet|[of] p1a: Ferrothorn\n|\n|upkeep\n|turn|13\n|inactive|Blake-Mamba has 120 seconds left.\n|\n|t:|1699940141\n|move|p2a: Dragonite|Roost|p2a: Dragonite\n|-heal|p2a: Dragonite|61\/100\n|-singleturn|p2a: Dragonite|move: Roost\n|move|p1a: Ferrothorn|Iron Defense|p1a: Ferrothorn\n|-boost|p1a: Ferrothorn|def|2\n|\n|upkeep\n|turn|14\n|\n|t:|1699940151\n|move|p2a: Dragonite|Roost|p2a: Dragonite\n|-heal|p2a: Dragonite|100\/100\n|-singleturn|p2a: Dragonite|move: Roost\n|move|p1a: Ferrothorn|Leech Seed|p2a: Dragonite\n|-start|p2a: Dragonite|move: Leech Seed\n|\n|-damage|p2a: Dragonite|88\/100|[from] Leech Seed|[of] p1a: Ferrothorn\n|-heal|p1a: Ferrothorn|99\/100|[silent]\n|upkeep\n|turn|15\n|\n|t:|1699940163\n|switch|p2a: Ogerpon|Ogerpon-Wellspring, F|100\/100\n|move|p1a: Ferrothorn|Body Press|p2a: Ogerpon\n|-damage|p2a: Ogerpon|26\/100\n|\n|upkeep\n|turn|16\n|\n|t:|1699940170\n|move|p2a: Ogerpon|Superpower|p1a: Ferrothorn\n|-supereffective|p1a: Ferrothorn\n|-damage|p1a: Ferrothorn|71\/100\n|-unboost|p2a: Ogerpon|atk|1\n|-unboost|p2a: Ogerpon|def|1\n|-damage|p2a: Ogerpon|14\/100|[from] ability: Iron Barbs|[of] p1a: Ferrothorn\n|-damage|p2a: Ogerpon|0 fnt|[from] item: Rocky Helmet|[of] p1a: Ferrothorn\n|faint|p2a: Ogerpon\n|move|p1a: Ferrothorn|Body Press|p2: Ogerpon|[notarget]\n|-fail|p1a: Ferrothorn\n|\n|upkeep\n|\n|t:|1699940181\n|switch|p2a: Banette|Banette, F|5\/100\n|turn|17\n|\n|t:|1699940185\n|move|p2a: Banette|Encore|p1a: Ferrothorn\n|-start|p1a: Ferrothorn|Encore\n|move|p1a: Ferrothorn|Body Press|p2a: Banette\n|-immune|p2a: Banette\n|\n|upkeep\n|turn|18\n|\n|t:|1699940197\n|switch|p1a: Emboar|Emboar, F, shiny|80\/100 par\n|detailschange|p2a: Banette|Banette-Mega, F\n|-mega|p2a: Banette|Banette|Banettite\n|move|p2a: Banette|Shadow Sneak|p1a: Emboar\n|-damage|p1a: Emboar|42\/100 par\n|\n|upkeep\n|turn|19\n|\n|t:|1699940206\n|move|p2a: Banette|Poltergeist|p1a: Emboar\n|-activate|p1a: Emboar|move: Poltergeist|Choice Scarf\n|-damage|p1a: Emboar|0 fnt\n|faint|p1a: Emboar\n|\n|upkeep\n|\n|t:|1699940218\n|switch|p1a: Krookodile|Krookodile, M|100\/100\n|turn|20\n|\n|t:|1699940223\n|move|p2a: Banette|Destiny Bond|p2a: Banette\n|-singlemove|p2a: Banette|Destiny Bond\n|move|p1a: Krookodile|Scale Shot|p2a: Banette\n|-damage|p2a: Banette|0 fnt\n|faint|p2a: Banette\n|-activate|p2a: Banette|move: Destiny Bond\n|faint|p1a: Krookodile\n|-hitcount|p2: Banette|1\n|\n|upkeep\n|\n|t:|1699940236\n|switch|p1a: Ferrothorn|Ferrothorn, F, shiny|71\/100\n|switch|p2a: Samurott|Samurott-Hisui, M|100\/100\n|turn|21\n|\n|t:|1699940242\n|move|p2a: Samurott|Knock Off|p1a: Ferrothorn\n|-damage|p1a: Ferrothorn|33\/100\n|-damage|p2a: Samurott|88\/100|[from] ability: Iron Barbs|[of] p1a: Ferrothorn\n|-damage|p2a: Samurott|72\/100|[from] item: Rocky Helmet|[of] p1a: Ferrothorn\n|-enditem|p1a: Ferrothorn|Rocky Helmet|[from] move: Knock Off|[of] p2a: Samurott\n|move|p1a: Ferrothorn|Leech Seed|p2a: Samurott\n|-start|p2a: Samurott|move: Leech Seed\n|\n|-damage|p2a: Samurott|59\/100|[from] Leech Seed|[of] p1a: Ferrothorn\n|-heal|p1a: Ferrothorn|45\/100|[silent]\n|upkeep\n|turn|22\n|\n|t:|1699940257\n|switch|p2a: Serperior|Serperior, M|38\/100\n|move|p1a: Ferrothorn|Rest|p1a: Ferrothorn\n|-status|p1a: Ferrothorn|slp|[from] move: Rest\n|-heal|p1a: Ferrothorn|100\/100 slp|[silent]\n|\n|-heal|p2a: Serperior|44\/100|[from] item: Leftovers\n|upkeep\n|turn|23\n|\n|t:|1699940267\n|switch|p1a: Zebstrika|Zebstrika, F, shiny|71\/100\n|move|p2a: Serperior|Substitute|p2a: Serperior\n|-start|p2a: Serperior|Substitute\n|-damage|p2a: Serperior|20\/100\n|\n|-heal|p2a: Serperior|26\/100|[from] item: Leftovers\n|upkeep\n|turn|24\n|\n|t:|1699940283\n|switch|p2a: Dragonite|Dragonite, F|88\/100\n|move|p1a: Zebstrika|Flame Charge|p2a: Dragonite\n|-resisted|p2a: Dragonite\n|-crit|p2a: Dragonite\n|-damage|p2a: Dragonite|77\/100\n|-boost|p1a: Zebstrika|spe|1\n|\n|upkeep\n|turn|25\n|\n|t:|1699940300\n|switch|p1a: Ferrothorn|Ferrothorn, F, shiny|100\/100 slp\n|move|p2a: Dragonite|Curse|p2a: Dragonite\n|-unboost|p2a: Dragonite|spe|1\n|-boost|p2a: Dragonite|atk|1\n|-boost|p2a: Dragonite|def|1\n|\n|upkeep\n|turn|26\n|\n|t:|1699940307\n|move|p2a: Dragonite|Curse|p2a: Dragonite\n|-unboost|p2a: Dragonite|spe|1\n|-boost|p2a: Dragonite|atk|1\n|-boost|p2a: Dragonite|def|1\n|cant|p1a: Ferrothorn|slp\n|\n|upkeep\n|turn|27\n|\n|t:|1699940314\n|move|p2a: Dragonite|Earthquake|p1a: Ferrothorn\n|-damage|p1a: Ferrothorn|57\/100 slp\n|cant|p1a: Ferrothorn|slp\n|\n|upkeep\n|turn|28\n|\n|t:|1699940322\n|move|p2a: Dragonite|Earthquake|p1a: Ferrothorn\n|-damage|p1a: Ferrothorn|15\/100 slp\n|-curestatus|p1a: Ferrothorn|slp|[msg]\n|move|p1a: Ferrothorn|Leech Seed|p2a: Dragonite\n|-start|p2a: Dragonite|move: Leech Seed\n|\n|-damage|p2a: Dragonite|64\/100|[from] Leech Seed|[of] p1a: Ferrothorn\n|-heal|p1a: Ferrothorn|29\/100|[silent]\n|upkeep\n|turn|29\n|inactive|Blake-Mamba has 120 seconds left.\n|\n|t:|1699940358\n|switch|p1a: Gamble|Cinccino, F|91\/100\n|move|p2a: Dragonite|Earthquake|p1a: Gamble\n|-damage|p1a: Gamble|0 fnt\n|faint|p1a: Gamble\n|\n|upkeep\n|\n|t:|1699940365\n|switch|p1a: Seismitoad|Seismitoad, F|100\/100\n|turn|30\n|\n|t:|1699940379\n|move|p1a: Seismitoad|Sludge Bomb|p2a: Dragonite\n|-damage|p2a: Dragonite|32\/100\n|-status|p2a: Dragonite|psn\n|move|p2a: Dragonite|Earthquake|p1a: Seismitoad\n|-damage|p1a: Seismitoad|14\/100\n|\n|-damage|p2a: Dragonite|20\/100 psn|[from] Leech Seed|[of] p1a: Seismitoad\n|-heal|p1a: Seismitoad|26\/100|[silent]\n|-damage|p2a: Dragonite|7\/100 psn|[from] psn\n|upkeep\n|turn|31\n|\n|t:|1699940392\n|switch|p1a: Ferrothorn|Ferrothorn, F, shiny|29\/100\n|move|p2a: Dragonite|Extreme Speed|p1a: Ferrothorn\n|-resisted|p1a: Ferrothorn\n|-damage|p1a: Ferrothorn|10\/100\n|-damage|p2a: Dragonite|0 fnt|[from] ability: Iron Barbs|[of] p1a: Ferrothorn\n|faint|p2a: Dragonite\n|\n|upkeep\n|\n|t:|1699940400\n|switch|p2a: Samurott|Samurott-Hisui, M|59\/100\n|turn|32\n|\n|t:|1699940407\n|move|p2a: Samurott|Ceaseless Edge|p1a: Ferrothorn\n|-damage|p1a: Ferrothorn|0 fnt\n|-damage|p2a: Samurott|47\/100|[from] ability: Iron Barbs|[of] p1a: Ferrothorn\n|-sidestart|p1: Blake-Mamba|Spikes\n|faint|p1a: Ferrothorn\n|\n|upkeep\n|\n|t:|1699940414\n|switch|p1a: Zebstrika|Zebstrika, F, shiny|71\/100\n|-damage|p1a: Zebstrika|59\/100|[from] Spikes\n|turn|33\n|\n|t:|1699940427\n|-terastallize|p2a: Samurott|Ghost\n|move|p1a: Zebstrika|Wild Charge|p2a: Samurott\n|-crit|p2a: Samurott\n|-damage|p2a: Samurott|0 fnt\n|faint|p2a: Samurott\n|-damage|p1a: Zebstrika|46\/100|[from] Recoil\n|\n|upkeep\n|\n|t:|1699940434\n|switch|p2a: Serperior|Serperior, M|26\/100\n|turn|34\n|-message|kehanW forfeited.\n|\n|win|Blake-Mamba\n|raw|Blake-Mamba's rating: 1364 &rarr; <strong>1380<\/strong><br \/>(+16 for winning)\n|raw|kehanW's rating: 1292 &rarr; <strong>1272<\/strong><br \/>(-20 for losing)\n|l|\u2606kehanW\n","uploadtime":1699940505,"views":14,"p1id":"blakemamba","p2id":"kehanw","formatid":"gen9nationaldex","rating":1272,"private":0,"password":""}