{"id":"gen9nationaldex-1993709021","p1":"MYNAMEaaaa","p2":"Phillip Blevin","format":"[Gen 9] National Dex","log":"|j|\u2606MYNAMEaaaa\n|j|\u2606Phillip Blevin\n|t:|1700348012\n|gametype|singles\n|player|p1|MYNAMEaaaa|102|1515\n|player|p2|Phillip Blevin|102|1422\n|teamsize|p1|6\n|teamsize|p2|6\n|gen|9\n|tier|[Gen 9] National Dex\n|rated|\n|rule|HP Percentage Mod: HP is shown in percentages\n|rule|Endless Battle Clause: Forcing endless battles is banned\n|rule|OHKO Clause: OHKO moves are banned\n|rule|Evasion Clause: Evasion abilities, items, and moves are banned\n|rule|Evasion Abilities Clause: Evasion abilities are banned\n|rule|Evasion Items Clause: Evasion items are banned\n|rule|Evasion Moves Clause: Evasion moves are banned\n|rule|Species Clause: Limit one of each Pok\u00e9mon\n|rule|Sleep Clause Mod: Limit one foe put to sleep\n|clearpoke\n|poke|p1|Banette, F|\n|poke|p1|Dragonite, F|\n|poke|p1|Greninja-*, M|\n|poke|p1|Rillaboom, F|\n|poke|p1|Samurott-Hisui, M|\n|poke|p1|Excadrill, M|\n|poke|p2|Tyranitar, F|\n|poke|p2|Ogerpon-Wellspring, F|\n|poke|p2|Dracozolt|\n|poke|p2|Hippowdon, M|\n|poke|p2|Excadrill, M|\n|poke|p2|Scizor, M|\n|teampreview\n|inactive|Battle timer is ON: inactive players will automatically lose when time's up. (requested by Phillip Blevin)\n|\n|t:|1700348019\n|start\n|switch|p1a: Greninja|Greninja, M|100\/100\n|switch|p2a: Ogerpon|Ogerpon-Wellspring, F|100\/100\n|turn|1\n|\n|t:|1700348027\n|move|p1a: Greninja|Dark Pulse|p2a: Ogerpon\n|-damage|p2a: Ogerpon|50\/100\n|-damage|p1a: Greninja|91\/100|[from] item: Life Orb\n|move|p2a: Ogerpon|U-turn|p1a: Greninja\n|-supereffective|p1a: Greninja\n|-damage|p1a: Greninja|0 fnt\n|faint|p1a: Greninja\n|\n|t:|1700348032\n|switch|p2a: Tyranitar|Tyranitar, F|100\/100|[from] U-turn\n|-weather|Sandstorm|[from] ability: Sand Stream|[of] p2a: Tyranitar\n|\n|-weather|Sandstorm|[upkeep]\n|upkeep\n|\n|t:|1700348039\n|switch|p1a: Samurott|Samurott-Hisui, M|100\/100\n|turn|2\n|\n|t:|1700348048\n|switch|p2a: Ogerpon|Ogerpon-Wellspring, F|50\/100\n|move|p1a: Samurott|Sacred Sword|p2a: Ogerpon\n|-damage|p2a: Ogerpon|0 fnt\n|faint|p2a: Ogerpon\n|\n|-weather|Sandstorm|[upkeep]\n|-damage|p1a: Samurott|94\/100|[from] Sandstorm\n|upkeep\n|\n|t:|1700348054\n|switch|p2a: Dracozolt|Dracozolt|100\/100\n|turn|3\n|\n|t:|1700348063\n|switch|p1a: Rillaboom|Rillaboom, F|100\/100\n|-fieldstart|move: Grassy Terrain|[from] ability: Grassy Surge|[of] p1a: Rillaboom\n|move|p2a: Dracozolt|Earthquake|p1a: Rillaboom\n|-resisted|p1a: Rillaboom\n|-damage|p1a: Rillaboom|88\/100\n|-damage|p2a: Dracozolt|91\/100|[from] item: Life Orb\n|\n|-weather|Sandstorm|[upkeep]\n|-damage|p1a: Rillaboom|82\/100|[from] Sandstorm\n|-heal|p2a: Dracozolt|97\/100|[from] Grassy Terrain\n|-heal|p1a: Rillaboom|88\/100|[from] Grassy Terrain\n|upkeep\n|turn|4\n|\n|t:|1700348074\n|move|p1a: Rillaboom|Grassy Glide|p2a: Dracozolt\n|-resisted|p2a: Dracozolt\n|-damage|p2a: Dracozolt|62\/100\n|move|p2a: Dracozolt|Fire Blast|p1a: Rillaboom\n|-supereffective|p1a: Rillaboom\n|-damage|p1a: Rillaboom|11\/100\n|-damage|p2a: Dracozolt|52\/100|[from] item: Life Orb\n|\n|-weather|Sandstorm|[upkeep]\n|-damage|p1a: Rillaboom|5\/100|[from] Sandstorm\n|-heal|p2a: Dracozolt|58\/100|[from] Grassy Terrain\n|-heal|p1a: Rillaboom|11\/100|[from] Grassy Terrain\n|upkeep\n|turn|5\n|\n|t:|1700348080\n|move|p1a: Rillaboom|Grassy Glide|p2a: Dracozolt\n|-resisted|p2a: Dracozolt\n|-damage|p2a: Dracozolt|25\/100\n|move|p2a: Dracozolt|Bolt Beak|p1a: Rillaboom\n|-resisted|p1a: Rillaboom\n|-damage|p1a: Rillaboom|0 fnt\n|faint|p1a: Rillaboom\n|-damage|p2a: Dracozolt|15\/100|[from] item: Life Orb\n|\n|-weather|none\n|-heal|p2a: Dracozolt|21\/100|[from] Grassy Terrain\n|upkeep\n|\n|t:|1700348087\n|switch|p1a: Excadrill|Excadrill, M|100\/100\n|turn|6\n|\n|t:|1700348093\n|switch|p2a: Hippowdon|Hippowdon, M|100\/100\n|-weather|Sandstorm|[from] ability: Sand Stream|[of] p2a: Hippowdon\n|move|p1a: Excadrill|Earthquake|p2a: Hippowdon\n|-damage|p2a: Hippowdon|86\/100\n|\n|-weather|Sandstorm|[upkeep]\n|-heal|p2a: Hippowdon|92\/100|[from] Grassy Terrain\n|upkeep\n|turn|7\n|\n|t:|1700348112\n|switch|p1a: Dragonite|Dragonite, F|100\/100\n|move|p2a: Hippowdon|Stealth Rock|p1a: Dragonite\n|-sidestart|p1: MYNAMEaaaa|move: Stealth Rock\n|\n|-weather|Sandstorm|[upkeep]\n|-damage|p1a: Dragonite|94\/100|[from] Sandstorm\n|-heal|p2a: Hippowdon|98\/100|[from] Grassy Terrain\n|-fieldend|move: Grassy Terrain\n|upkeep\n|turn|8\n|\n|t:|1700348127\n|move|p1a: Dragonite|Earthquake|p2a: Hippowdon\n|-damage|p2a: Hippowdon|66\/100\n|move|p2a: Hippowdon|Toxic|p1a: Dragonite\n|-status|p1a: Dragonite|tox\n|\n|-weather|Sandstorm|[upkeep]\n|-damage|p1a: Dragonite|88\/100 tox|[from] Sandstorm\n|-damage|p1a: Dragonite|82\/100 tox|[from] psn\n|upkeep\n|turn|9\n|\n|t:|1700348135\n|switch|p1a: Excadrill|Excadrill, M|100\/100\n|-damage|p1a: Excadrill|97\/100|[from] Stealth Rock\n|switch|p2a: Excadrill|Excadrill, M|100\/100\n|-item|p2a: Excadrill|Air Balloon\n|\n|-weather|Sandstorm|[upkeep]\n|upkeep\n|turn|10\n|\n|t:|1700348148\n|-terastallize|p1a: Excadrill|Ground\n|move|p1a: Excadrill|Rapid Spin|p2a: Excadrill\n|-resisted|p2a: Excadrill\n|-damage|p2a: Excadrill|86\/100\n|-boost|p1a: Excadrill|spe|1\n|-enditem|p2a: Excadrill|Air Balloon\n|-sideend|p1: MYNAMEaaaa|Stealth Rock|[from] move: Rapid Spin|[of] p1a: Excadrill\n|move|p2a: Excadrill|Swords Dance|p2a: Excadrill\n|-boost|p2a: Excadrill|atk|2\n|\n|-weather|Sandstorm|[upkeep]\n|upkeep\n|turn|11\n|l|\u2606Phillip Blevin\n|inactive|Phillip Blevin disconnected and has a minute to reconnect!\n|player|p2|\n|inactive|MYNAMEaaaa has 120 seconds left.\n|inactive|Phillip Blevin has 30 seconds to reconnect!\n|j|\u2606Phillip Blevin\n|inactive|Phillip Blevin reconnected and has 115 seconds left.\n|player|p2|Phillip Blevin|102\n|\n|t:|1700348199\n|switch|p1a: Banette|Banette, F|100\/100\n|-terastallize|p2a: Excadrill|Ground\n|move|p2a: Excadrill|Earthquake|p1a: Banette\n|-damage|p1a: Banette|0 fnt\n|faint|p1a: Banette\n|\n|-weather|Sandstorm|[upkeep]\n|upkeep\n|inactive|MYNAMEaaaa has 120 seconds left.\n|\n|t:|1700348224\n|switch|p1a: Dragonite|Dragonite, F|82\/100 tox\n|turn|12\n|\n|t:|1700348227\n|move|p1a: Dragonite|Extreme Speed|p2a: Excadrill\n|-damage|p2a: Excadrill|20\/100\n|move|p2a: Excadrill|Rock Slide|p1a: Dragonite\n|-supereffective|p1a: Dragonite\n|-damage|p1a: Dragonite|0 fnt\n|faint|p1a: Dragonite\n|\n|-weather|Sandstorm|[upkeep]\n|upkeep\n|\n|t:|1700348233\n|switch|p1a: Samurott|Samurott-Hisui, M|94\/100\n|turn|13\n|\n|t:|1700348235\n|move|p1a: Samurott|Aqua Jet|p2a: Excadrill\n|-supereffective|p2a: Excadrill\n|-damage|p2a: Excadrill|0 fnt\n|faint|p2a: Excadrill\n|\n|-weather|none\n|upkeep\n|\n|t:|1700348242\n|switch|p2a: Hippowdon|Hippowdon, M|66\/100\n|-weather|Sandstorm|[from] ability: Sand Stream|[of] p2a: Hippowdon\n|turn|14\n|\n|t:|1700348245\n|move|p1a: Samurott|Aqua Jet|p2a: Hippowdon\n|-supereffective|p2a: Hippowdon\n|-damage|p2a: Hippowdon|37\/100\n|move|p2a: Hippowdon|Stealth Rock|p1a: Samurott\n|-sidestart|p1: MYNAMEaaaa|move: Stealth Rock\n|\n|-weather|Sandstorm|[upkeep]\n|-damage|p1a: Samurott|88\/100|[from] Sandstorm\n|upkeep\n|turn|15\n|\n|t:|1700348250\n|switch|p1a: Excadrill|Excadrill, M, tera:Ground|97\/100\n|-damage|p1a: Excadrill|91\/100|[from] Stealth Rock\n|move|p2a: Hippowdon|Slack Off|p2a: Hippowdon\n|-heal|p2a: Hippowdon|87\/100\n|\n|-weather|Sandstorm|[upkeep]\n|upkeep\n|turn|16\n|\n|t:|1700348268\n|switch|p1a: Samurott|Samurott-Hisui, M|88\/100\n|-damage|p1a: Samurott|76\/100|[from] Stealth Rock\n|move|p2a: Hippowdon|Toxic|p1a: Samurott\n|-status|p1a: Samurott|tox\n|\n|-weather|Sandstorm|[upkeep]\n|-damage|p1a: Samurott|69\/100 tox|[from] Sandstorm\n|-damage|p1a: Samurott|63\/100 tox|[from] psn\n|upkeep\n|turn|17\n|\n|t:|1700348280\n|switch|p2a: Scizor|Scizor, M|100\/100\n|move|p1a: Samurott|Aqua Cutter|p2a: Scizor\n|-damage|p2a: Scizor|29\/100\n|\n|-weather|Sandstorm|[upkeep]\n|-damage|p1a: Samurott|57\/100 tox|[from] Sandstorm\n|-damage|p1a: Samurott|44\/100 tox|[from] psn\n|upkeep\n|turn|18\n|\n|t:|1700348286\n|detailschange|p2a: Scizor|Scizor-Mega, M\n|-mega|p2a: Scizor|Scizor|Scizorite\n|move|p2a: Scizor|Bullet Punch|p1a: Samurott\n|-resisted|p1a: Samurott\n|-damage|p1a: Samurott|22\/100 tox\n|move|p1a: Samurott|Aqua Cutter|p2a: Scizor\n|-damage|p2a: Scizor|0 fnt\n|faint|p2a: Scizor\n|\n|-weather|Sandstorm|[upkeep]\n|-damage|p1a: Samurott|15\/100 tox|[from] Sandstorm\n|-damage|p1a: Samurott|0 fnt|[from] psn\n|faint|p1a: Samurott\n|upkeep\n|\n|t:|1700348302\n|switch|p1a: Excadrill|Excadrill, M, tera:Ground|91\/100\n|switch|p2a: Dracozolt|Dracozolt|21\/100\n|-damage|p1a: Excadrill|85\/100|[from] Stealth Rock\n|turn|19\n|\n|t:|1700348305\n|move|p1a: Excadrill|Earthquake|p2a: Dracozolt\n|-supereffective|p2a: Dracozolt\n|-damage|p2a: Dracozolt|0 fnt\n|faint|p2a: Dracozolt\n|\n|-weather|Sandstorm|[upkeep]\n|upkeep\n|\n|t:|1700348310\n|switch|p2a: Hippowdon|Hippowdon, M|87\/100\n|turn|20\n|\n|t:|1700348313\n|move|p1a: Excadrill|Earthquake|p2a: Hippowdon\n|-damage|p2a: Hippowdon|44\/100\n|move|p2a: Hippowdon|Toxic|p1a: Excadrill\n|-status|p1a: Excadrill|tox\n|\n|-weather|Sandstorm|[upkeep]\n|-damage|p1a: Excadrill|79\/100 tox|[from] psn\n|upkeep\n|turn|21\n|\n|t:|1700348320\n|move|p1a: Excadrill|Earthquake|p2a: Hippowdon\n|-damage|p2a: Hippowdon|0 fnt\n|faint|p2a: Hippowdon\n|\n|-weather|none\n|-damage|p1a: Excadrill|67\/100 tox|[from] psn\n|upkeep\n|\n|t:|1700348322\n|switch|p2a: Tyranitar|Tyranitar, F|100\/100\n|-weather|Sandstorm|[from] ability: Sand Stream|[of] p2a: Tyranitar\n|turn|22\n|\n|t:|1700348327\n|move|p1a: Excadrill|Earthquake|p2a: Tyranitar\n|-supereffective|p2a: Tyranitar\n|-damage|p2a: Tyranitar|0 fnt\n|faint|p2a: Tyranitar\n|\n|win|MYNAMEaaaa\n|raw|MYNAMEaaaa's rating: 1515 &rarr; <strong>1530<\/strong><br \/>(+15 for winning)\n|raw|Phillip Blevin's rating: 1422 &rarr; <strong>1407<\/strong><br \/>(-15 for losing)\n","uploadtime":1700348332,"views":14,"p1id":"mynameaaaa","p2id":"phillipblevin","formatid":"gen9nationaldex","rating":1407,"private":0,"password":""}