{"id":"gen9nationaldex-1997346880","p1":"Flash241","p2":"kyato234","format":"[Gen 9] National Dex","log":"|html|<div class=\"broadcast-blue\"><strong>[Gen 9] National Dex is currently suspecting Sneasler! For information on how to participate check out the <a href=\"https:\/\/www.smogon.com\/forums\/threads\/sv-national-dex-suspect-8-just-dance.3731534\/\">suspect thread<\/a>.<\/strong><\/div>\n|j|\u2606Flash241\n|j|\u2606kyato234\n|t:|1700792341\n|gametype|singles\n|player|p1|Flash241|169|\n|player|p2|kyato234|1|\n|teamsize|p1|6\n|teamsize|p2|6\n|gen|9\n|tier|[Gen 9] National Dex\n|rule|HP Percentage Mod: HP is shown in percentages\n|rule|Endless Battle Clause: Forcing endless battles is banned\n|rule|OHKO Clause: OHKO moves are banned\n|rule|Evasion Clause: Evasion abilities, items, and moves are banned\n|rule|Evasion Abilities Clause: Evasion abilities are banned\n|rule|Evasion Items Clause: Evasion items are banned\n|rule|Evasion Moves Clause: Evasion moves are banned\n|rule|Species Clause: Limit one of each Pok\u00e9mon\n|rule|Sleep Clause Mod: Limit one foe put to sleep\n|clearpoke\n|poke|p1|Tapu Bulu|\n|poke|p1|Arctozolt|\n|poke|p1|Mienshao, F|\n|poke|p1|Snorlax, M|\n|poke|p1|Stunfisk, M|\n|poke|p1|Musharna, F|\n|poke|p2|Blissey, F|\n|poke|p2|Bibarel, M|\n|poke|p2|Walrein, M|\n|poke|p2|Magnezone|\n|poke|p2|Hariyama, M|\n|poke|p2|Kabutops, F|\n|teampreview\n|\n|t:|1700792366\n|start\n|switch|p1a: Mienshao|Mienshao, F|100\/100\n|switch|p2a: Hariyama|Hariyama, M|100\/100\n|turn|1\n|\n|t:|1700792370\n|move|p1a: Mienshao|Fake Out|p2a: Hariyama\n|-damage|p2a: Hariyama|89\/100\n|cant|p2a: Hariyama|flinch\n|\n|-status|p2a: Hariyama|brn|[from] item: Flame Orb\n|upkeep\n|turn|2\n|\n|t:|1700792376\n|move|p1a: Mienshao|U-turn|p2a: Hariyama\n|-resisted|p2a: Hariyama\n|-crit|p2a: Hariyama\n|-damage|p2a: Hariyama|75\/100 brn\n|\n|t:|1700792384\n|switch|p1a: Musharna|Musharna, F|100\/100|[from] U-turn\n|move|p2a: Hariyama|Earthquake|p1a: Musharna\n|-damage|p1a: Musharna|46\/100\n|\n|-damage|p2a: Hariyama|69\/100 brn|[from] brn\n|upkeep\n|turn|3\n|\n|t:|1700792392\n|move|p2a: Hariyama|Earthquake|p1a: Musharna\n|-damage|p1a: Musharna|0 fnt\n|faint|p1a: Musharna\n|\n|-damage|p2a: Hariyama|62\/100 brn|[from] brn\n|upkeep\n|\n|t:|1700792400\n|switch|p1a: Arctozolt|Arctozolt|100\/100\n|turn|4\n|\n|t:|1700792406\n|move|p1a: Arctozolt|Bolt Beak|p2a: Hariyama\n|-damage|p2a: Hariyama|0 fnt\n|faint|p2a: Hariyama\n|\n|upkeep\n|c|\u2606Flash241|The thinker\n|\n|t:|1700792478\n|switch|p2a: Kabutops|Kabutops, F|100\/100\n|turn|5\n|c|\u2606Flash241|Lmao\n|\n|t:|1700792483\n|move|p1a: Arctozolt|Bolt Beak|p2a: Kabutops\n|-supereffective|p2a: Kabutops\n|-enditem|p2a: Kabutops|Focus Sash\n|-damage|p2a: Kabutops|1\/100\n|-ability|p2a: Kabutops|Weak Armor|boost\n|-unboost|p2a: Kabutops|def|1\n|-boost|p2a: Kabutops|spe|2\n|move|p2a: Kabutops|Swords Dance|p2a: Kabutops\n|-boost|p2a: Kabutops|atk|2\n|\n|upkeep\n|turn|6\n|\n|t:|1700792495\n|switch|p1a: Stunfisk|Stunfisk, M|100\/100\n|move|p2a: Kabutops|Brick Break|p1a: Stunfisk\n|-damage|p1a: Stunfisk|70\/100\n|\n|-heal|p1a: Stunfisk|76\/100|[from] item: Leftovers\n|upkeep\n|turn|7\n|\n|t:|1700792501\n|move|p2a: Kabutops|Waterfall|p1a: Stunfisk\n|-supereffective|p1a: Stunfisk\n|-damage|p1a: Stunfisk|0 fnt\n|faint|p1a: Stunfisk\n|\n|upkeep\n|\n|t:|1700792504\n|switch|p1a: Mienshao|Mienshao, F|100\/100\n|turn|8\n|\n|t:|1700792519\n|move|p1a: Mienshao|Fake Out|p2a: Kabutops\n|-resisted|p2a: Kabutops\n|-damage|p2a: Kabutops|0 fnt\n|faint|p2a: Kabutops\n|\n|upkeep\n|\n|t:|1700792535\n|switch|p2a: Blissey|Blissey, F|100\/100\n|turn|9\n|\n|t:|1700792538\n|move|p1a: Mienshao|High Jump Kick|p2a: Blissey|[miss]\n|-miss|p1a: Mienshao|p2a: Blissey\n|-damage|p1a: Mienshao|50\/100|[from] highjumpkick\n|move|p2a: Blissey|Reflect|p2a: Blissey\n|-sidestart|p2: kyato234|Reflect\n|\n|upkeep\n|turn|10\n|\n|t:|1700792544\n|move|p1a: Mienshao|High Jump Kick|p2a: Blissey|[miss]\n|-miss|p1a: Mienshao|p2a: Blissey\n|-damage|p1a: Mienshao|0 fnt|[from] highjumpkick\n|faint|p1a: Mienshao\n|move|p2a: Blissey|Seismic Toss|p1: Mienshao|[notarget]\n|-fail|p2a: Blissey\n|\n|upkeep\n|\n|t:|1700792562\n|switch|p1a: Snorlax|Snorlax, M|100\/100\n|turn|11\n|\n|t:|1700792566\n|move|p2a: Blissey|Toxic|p1a: Snorlax\n|-status|p1a: Snorlax|tox\n|move|p1a: Snorlax|Curse|p1a: Snorlax\n|-unboost|p1a: Snorlax|spe|1\n|-boost|p1a: Snorlax|atk|1\n|-boost|p1a: Snorlax|def|1\n|\n|-damage|p1a: Snorlax|94\/100 tox|[from] psn\n|upkeep\n|turn|12\n|\n|t:|1700792571\n|move|p2a: Blissey|Stealth Rock|p1a: Snorlax\n|-sidestart|p1: Flash241|move: Stealth Rock\n|move|p1a: Snorlax|Body Slam|p2a: Blissey\n|-damage|p2a: Blissey|79\/100\n|\n|-heal|p2a: Blissey|85\/100|[from] item: Leftovers\n|-damage|p1a: Snorlax|82\/100 tox|[from] psn\n|upkeep\n|turn|13\n|\n|t:|1700792581\n|switch|p2a: Bibarel|Bibarel, M|100\/100\n|move|p1a: Snorlax|Curse|p1a: Snorlax\n|-unboost|p1a: Snorlax|spe|1\n|-boost|p1a: Snorlax|atk|1\n|-boost|p1a: Snorlax|def|1\n|\n|-damage|p1a: Snorlax|64\/100 tox|[from] psn\n|-sideend|p2: kyato234|Reflect\n|upkeep\n|turn|14\n|\n|t:|1700792586\n|move|p2a: Bibarel|Liquidation|p1a: Snorlax\n|-damage|p1a: Snorlax|39\/100 tox\n|-enditem|p1a: Snorlax|Sitrus Berry|[eat]\n|-heal|p1a: Snorlax|64\/100 tox|[from] item: Sitrus Berry\n|move|p1a: Snorlax|Rest|p1a: Snorlax\n|-status|p1a: Snorlax|slp|[from] move: Rest\n|-heal|p1a: Snorlax|100\/100 slp|[silent]\n|\n|upkeep\n|turn|15\n|\n|t:|1700792597\n|move|p2a: Bibarel|Liquidation|p1a: Snorlax\n|-damage|p1a: Snorlax|75\/100 slp\n|cant|p1a: Snorlax|slp\n|\n|upkeep\n|turn|16\n|\n|t:|1700792600\n|move|p2a: Bibarel|Liquidation|p1a: Snorlax\n|-damage|p1a: Snorlax|48\/100 slp\n|cant|p1a: Snorlax|slp\n|\n|upkeep\n|turn|17\n|\n|t:|1700792602\n|move|p2a: Bibarel|Liquidation|p1a: Snorlax\n|-damage|p1a: Snorlax|22\/100 slp\n|-curestatus|p1a: Snorlax|slp|[msg]\n|move|p1a: Snorlax|Body Slam|p2a: Bibarel\n|-damage|p2a: Bibarel|42\/100\n|-enditem|p2a: Bibarel|Sitrus Berry|[eat]\n|-heal|p2a: Bibarel|67\/100|[from] item: Sitrus Berry\n|\n|upkeep\n|turn|18\n|\n|t:|1700792611\n|move|p2a: Bibarel|Liquidation|p1a: Snorlax\n|-damage|p1a: Snorlax|0 fnt\n|faint|p1a: Snorlax\n|\n|upkeep\n|\n|t:|1700792621\n|switch|p1a: Arctozolt|Arctozolt|100\/100\n|-damage|p1a: Arctozolt|76\/100|[from] Stealth Rock\n|turn|19\n|\n|t:|1700792625\n|move|p2a: Bibarel|Protect|p2a: Bibarel\n|-singleturn|p2a: Bibarel|Protect\n|move|p1a: Arctozolt|Bolt Beak|p2a: Bibarel\n|-activate|p2a: Bibarel|move: Protect\n|\n|upkeep\n|turn|20\n|\n|t:|1700792632\n|move|p1a: Arctozolt|Bolt Beak|p2a: Bibarel\n|-supereffective|p2a: Bibarel\n|-damage|p2a: Bibarel|0 fnt\n|faint|p2a: Bibarel\n|\n|upkeep\n|\n|t:|1700792636\n|switch|p2a: Magnezone|Magnezone|100\/100\n|turn|21\n|\n|t:|1700792642\n|-terastallize|p1a: Arctozolt|Electric\n|move|p1a: Arctozolt|Bolt Beak|p2a: Magnezone\n|-resisted|p2a: Magnezone\n|-damage|p2a: Magnezone|55\/100\n|move|p2a: Magnezone|Flash Cannon|p1a: Arctozolt\n|-resisted|p1a: Arctozolt\n|-damage|p1a: Arctozolt|27\/100\n|-damage|p2a: Magnezone|45\/100|[from] item: Life Orb\n|\n|upkeep\n|turn|22\n|\n|t:|1700792648\n|switch|p2a: Blissey|Blissey, F|85\/100\n|move|p1a: Arctozolt|Bolt Beak|p2a: Blissey\n|-damage|p2a: Blissey|0 fnt\n|faint|p2a: Blissey\n|\n|upkeep\n|\n|t:|1700792651\n|switch|p2a: Walrein|Walrein, M|100\/100\n|turn|23\n|\n|t:|1700792668\n|-terastallize|p2a: Walrein|Ice\n|move|p1a: Arctozolt|Bolt Beak|p2a: Walrein\n|-crit|p2a: Walrein\n|-damage|p2a: Walrein|0 fnt\n|-damage|p1a: Arctozolt|10\/100|[from] item: Rocky Helmet|[of] p2a: Walrein\n|faint|p2a: Walrein\n|\n|upkeep\n|\n|t:|1700792670\n|switch|p2a: Magnezone|Magnezone|45\/100\n|turn|24\n|\n|t:|1700792673\n|move|p1a: Arctozolt|Bolt Beak|p2a: Magnezone\n|-resisted|p2a: Magnezone\n|-damage|p2a: Magnezone|3\/100\n|move|p2a: Magnezone|Thunderbolt|p1a: Arctozolt\n|-heal|p1a: Arctozolt|35\/100|[from] ability: Volt Absorb|[of] p2a: Magnezone\n|\n|upkeep\n|turn|25\n|\n|t:|1700792683\n|move|p1a: Arctozolt|Bolt Beak|p2a: Magnezone\n|-resisted|p2a: Magnezone\n|-damage|p2a: Magnezone|0 fnt\n|faint|p2a: Magnezone\n|\n|win|Flash241\n","uploadtime":1700792689,"views":8,"p1id":"flash241","p2id":"kyato234","formatid":"gen9nationaldex","rating":0,"private":0,"password":""}