{"id":"gen9nationaldex-1999484685","p1":"polgo","p2":"gDUalyn","format":"[Gen 9] National Dex","log":"|html|<div class=\"broadcast-blue\"><strong>[Gen 9] National Dex is currently suspecting Sneasler! For information on how to participate check out the <a href=\"https:\/\/www.smogon.com\/forums\/threads\/sv-national-dex-suspect-8-just-dance.3731534\/\">suspect thread<\/a>.<\/strong><\/div>\n|j|\u2606polgo\n|j|\u2606gDUalyn\n|t:|1701087531\n|gametype|singles\n|player|p1|polgo|saturn|1108\n|player|p2|gDUalyn|unknown|1061\n|teamsize|p1|6\n|teamsize|p2|6\n|gen|9\n|tier|[Gen 9] National Dex\n|rated|\n|rule|HP Percentage Mod: HP is shown in percentages\n|rule|Endless Battle Clause: Forcing endless battles is banned\n|rule|OHKO Clause: OHKO moves are banned\n|rule|Evasion Clause: Evasion abilities, items, and moves are banned\n|rule|Evasion Abilities Clause: Evasion abilities are banned\n|rule|Evasion Items Clause: Evasion items are banned\n|rule|Evasion Moves Clause: Evasion moves are banned\n|rule|Species Clause: Limit one of each Pok\u00e9mon\n|rule|Sleep Clause Mod: Limit one foe put to sleep\n|clearpoke\n|poke|p1|Volbeat, M|\n|poke|p1|Illumise, F|\n|poke|p1|Lanturn, M|\n|poke|p1|Furret, M|\n|poke|p1|Hatterene, F|\n|poke|p1|Honchkrow, M|\n|poke|p2|Clodsire, M|\n|poke|p2|Volcarona, F|\n|poke|p2|Jolteon, F|\n|poke|p2|Shuckle, M|\n|poke|p2|Lurantis, F|\n|poke|p2|Maushold-Four|\n|teampreview\n|inactive|Battle timer is ON: inactive players will automatically lose when time's up. (requested by gDUalyn)\n|inactive|polgo also wants the timer to be on.\n|\n|t:|1701087538\n|start\n|switch|p1a: Lip|Furret, M|100\/100\n|switch|p2a: Shuckle|Shuckle, M|100\/100\n|-item|p2a: Shuckle|Leftovers|[from] ability: Frisk|[of] p1a: Lip|[identify]\n|turn|1\n|\n|t:|1701087541\n|move|p1a: Lip|Trick|p2a: Shuckle\n|-activate|p1a: Lip|move: Trick|[of] p2a: Shuckle\n|-item|p2a: Shuckle|Choice Scarf|[from] move: Trick\n|-item|p1a: Lip|Leftovers|[from] move: Trick\n|move|p2a: Shuckle|Shell Smash|p2a: Shuckle\n|-boost|p2a: Shuckle|def|1\n|-boost|p2a: Shuckle|spd|1\n|-unboost|p2a: Shuckle|atk|2\n|-unboost|p2a: Shuckle|spa|2\n|-unboost|p2a: Shuckle|spe|2\n|\n|upkeep\n|turn|2\n|\n|t:|1701087549\n|move|p1a: Lip|Tidy Up|p1a: Lip\n|-boost|p1a: Lip|atk|1\n|-boost|p1a: Lip|spe|1\n|move|p2a: Shuckle|Shell Smash|p2a: Shuckle\n|-boost|p2a: Shuckle|def|1\n|-boost|p2a: Shuckle|spd|1\n|-unboost|p2a: Shuckle|atk|2\n|-unboost|p2a: Shuckle|spa|2\n|-unboost|p2a: Shuckle|spe|2\n|\n|upkeep\n|turn|3\n|\n|t:|1701087557\n|move|p1a: Lip|Tidy Up|p1a: Lip\n|-boost|p1a: Lip|atk|1\n|-boost|p1a: Lip|spe|1\n|move|p2a: Shuckle|Shell Smash|p2a: Shuckle\n|-boost|p2a: Shuckle|def|1\n|-boost|p2a: Shuckle|spd|1\n|-unboost|p2a: Shuckle|atk|2\n|-unboost|p2a: Shuckle|spa|2\n|-unboost|p2a: Shuckle|spe|2\n|\n|upkeep\n|turn|4\n|\n|t:|1701087566\n|move|p1a: Lip|Tidy Up|p1a: Lip\n|-boost|p1a: Lip|atk|1\n|-boost|p1a: Lip|spe|1\n|move|p2a: Shuckle|Shell Smash|p2a: Shuckle\n|-boost|p2a: Shuckle|def|1\n|-boost|p2a: Shuckle|spd|1\n|-unboost|p2a: Shuckle|atk|0\n|-unboost|p2a: Shuckle|spa|0\n|-unboost|p2a: Shuckle|spe|0\n|\n|upkeep\n|turn|5\n|\n|t:|1701087581\n|move|p1a: Lip|Tidy Up|p1a: Lip\n|-boost|p1a: Lip|atk|1\n|-boost|p1a: Lip|spe|1\n|move|p2a: Shuckle|Shell Smash|p2a: Shuckle\n|-boost|p2a: Shuckle|def|1\n|-boost|p2a: Shuckle|spd|1\n|-unboost|p2a: Shuckle|atk|0\n|-unboost|p2a: Shuckle|spa|0\n|-unboost|p2a: Shuckle|spe|0\n|\n|upkeep\n|turn|6\n|\n|t:|1701087590\n|move|p1a: Lip|Tidy Up|p1a: Lip\n|-boost|p1a: Lip|atk|1\n|-boost|p1a: Lip|spe|1\n|move|p2a: Shuckle|Shell Smash|p2a: Shuckle\n|-boost|p2a: Shuckle|def|1\n|-boost|p2a: Shuckle|spd|1\n|-unboost|p2a: Shuckle|atk|0\n|-unboost|p2a: Shuckle|spa|0\n|-unboost|p2a: Shuckle|spe|0\n|\n|upkeep\n|turn|7\n|\n|t:|1701087601\n|move|p1a: Lip|Trick|p2a: Shuckle\n|-activate|p1a: Lip|move: Trick|[of] p2a: Shuckle\n|-item|p2a: Shuckle|Leftovers|[from] move: Trick\n|-item|p1a: Lip|Choice Scarf|[from] move: Trick\n|move|p2a: Shuckle|Shell Smash|p2a: Shuckle\n|-boost|p2a: Shuckle|def|0\n|-boost|p2a: Shuckle|spd|0\n|-unboost|p2a: Shuckle|atk|0\n|-unboost|p2a: Shuckle|spa|0\n|-unboost|p2a: Shuckle|spe|0\n|\n|upkeep\n|turn|8\n|\n|t:|1701087606\n|move|p1a: Lip|Trick|p2a: Shuckle\n|-activate|p1a: Lip|move: Trick|[of] p2a: Shuckle\n|-item|p2a: Shuckle|Choice Scarf|[from] move: Trick\n|-item|p1a: Lip|Leftovers|[from] move: Trick\n|move|p2a: Shuckle|Gyro Ball|p1a: Lip\n|-damage|p1a: Lip|97\/100\n|\n|-heal|p1a: Lip|100\/100|[from] item: Leftovers\n|upkeep\n|turn|9\n|\n|t:|1701087617\n|move|p1a: Lip|Knock Off|p2a: Shuckle\n|-damage|p2a: Shuckle|89\/100\n|-enditem|p2a: Shuckle|Choice Scarf|[from] move: Knock Off|[of] p1a: Lip\n|move|p2a: Shuckle|Gyro Ball|p1a: Lip\n|-damage|p1a: Lip|97\/100\n|\n|-heal|p1a: Lip|100\/100|[from] item: Leftovers\n|upkeep\n|turn|10\n|\n|t:|1701087625\n|move|p1a: Lip|Tidy Up|p1a: Lip\n|-boost|p1a: Lip|atk|1\n|-boost|p1a: Lip|spe|1\n|move|p2a: Shuckle|Power Trick|p2a: Shuckle\n|-start|p2a: Shuckle|Power Trick\n|\n|upkeep\n|turn|11\n|\n|t:|1701087636\n|-terastallize|p2a: Shuckle|Fighting\n|move|p1a: Lip|Body Slam|p2a: Shuckle\n|-damage|p2a: Shuckle|0 fnt\n|faint|p2a: Shuckle\n|\n|upkeep\n|c|\u2606polgo|all that for nothing\n|\n|t:|1701087647\n|switch|p2a: Lurantis|Lurantis, F|100\/100\n|turn|12\n|\n|t:|1701087651\n|move|p1a: Lip|Body Slam|p2a: Lurantis\n|-damage|p2a: Lurantis|0 fnt\n|faint|p2a: Lurantis\n|\n|upkeep\n|\n|t:|1701087656\n|switch|p2a: Clodsire|Clodsire, M|100\/100\n|turn|13\n|\n|t:|1701087660\n|move|p1a: Lip|Knock Off|p2a: Clodsire\n|-damage|p2a: Clodsire|21\/100\n|-enditem|p2a: Clodsire|Leftovers|[from] move: Knock Off|[of] p1a: Lip\n|move|p2a: Clodsire|Earthquake|p1a: Lip\n|-damage|p1a: Lip|58\/100\n|\n|-heal|p1a: Lip|64\/100|[from] item: Leftovers\n|upkeep\n|turn|14\n|\n|t:|1701087674\n|move|p1a: Lip|Body Slam|p2a: Clodsire\n|-damage|p2a: Clodsire|0 fnt\n|faint|p2a: Clodsire\n|\n|-heal|p1a: Lip|70\/100|[from] item: Leftovers\n|upkeep\n|\n|t:|1701087677\n|switch|p2a: Volcarona|Volcarona, F|100\/100\n|turn|15\n|\n|t:|1701087681\n|move|p1a: Lip|Body Slam|p2a: Volcarona\n|-damage|p2a: Volcarona|0 fnt\n|faint|p2a: Volcarona\n|\n|-heal|p1a: Lip|76\/100|[from] item: Leftovers\n|upkeep\n|\n|t:|1701087684\n|switch|p2a: Maushold|Maushold-Four|100\/100\n|turn|16\n|c|\u2606gDUalyn|gg\n|c|\u2606polgo|this goin to the vault\n|c|\u2606gDUalyn|good strategy\n|\n|t:|1701087695\n|move|p1a: Lip|Body Slam|p2a: Maushold\n|-damage|p2a: Maushold|0 fnt\n|faint|p2a: Maushold\n|\n|-heal|p1a: Lip|82\/100|[from] item: Leftovers\n|upkeep\n|c|\u2606polgo|ty\n|-message|gDUalyn forfeited.\n|\n|win|polgo\n|raw|polgo's rating: 1108 &rarr; <strong>1130<\/strong><br \/>(+22 for winning)\n|raw|gDUalyn's rating: 1061 &rarr; <strong>1044<\/strong><br \/>(-17 for losing)\n|l|\u2606gDUalyn\n","uploadtime":1701087712,"views":1,"p1id":"polgo","p2id":"gdualyn","formatid":"gen9nationaldex","rating":1044,"private":0,"password":""}