{"id":"gen9nationaldex-1990454262","p1":"Catnavi","p2":"ggbog","format":"[Gen 9] National Dex","log":"|j|\u2606Catnavi\n|j|\u2606ggbog\n|t:|1699972504\n|gametype|singles\n|player|p1|Catnavi|lass-gen4dp|1405\n|player|p2|ggbog|twins-gen4dp|1445\n|teamsize|p1|6\n|teamsize|p2|6\n|gen|9\n|tier|[Gen 9] National Dex\n|rated|\n|rule|HP Percentage Mod: HP is shown in percentages\n|rule|Endless Battle Clause: Forcing endless battles is banned\n|rule|OHKO Clause: OHKO moves are banned\n|rule|Evasion Clause: Evasion abilities, items, and moves are banned\n|rule|Evasion Abilities Clause: Evasion abilities are banned\n|rule|Evasion Items Clause: Evasion items are banned\n|rule|Evasion Moves Clause: Evasion moves are banned\n|rule|Species Clause: Limit one of each Pok\u00e9mon\n|rule|Sleep Clause Mod: Limit one foe put to sleep\n|clearpoke\n|poke|p1|Volcanion|\n|poke|p1|Tapu Koko|\n|poke|p1|Thundurus, M|\n|poke|p1|Garchomp, M|\n|poke|p1|Scizor, M|\n|poke|p1|Iron Valiant|\n|poke|p2|Pelipper, F|\n|poke|p2|Barraskewda, F|\n|poke|p2|Scizor, M|\n|poke|p2|Zapdos|\n|poke|p2|Iron Treads|\n|poke|p2|Volcanion|\n|teampreview\n|inactive|Battle timer is ON: inactive players will automatically lose when time's up. (requested by ggbog)\n|\n|t:|1699972515\n|start\n|switch|p1a: Tapu Koko|Tapu Koko, shiny|100\/100\n|switch|p2a: Iron Treads|Iron Treads|100\/100\n|-fieldstart|move: Electric Terrain|[from] ability: Electric Surge|[of] p1a: Tapu Koko\n|-activate|p2a: Iron Treads|ability: Quark Drive\n|-start|p2a: Iron Treads|quarkdrivespd\n|turn|1\n|\n|t:|1699972522\n|switch|p1a: Thundurus|Thundurus, M|100\/100\n|move|p2a: Iron Treads|Knock Off|p1a: Thundurus\n|-damage|p1a: Thundurus|68\/100\n|-enditem|p1a: Thundurus|Eject Button|[from] move: Knock Off|[of] p2a: Iron Treads\n|\n|upkeep\n|turn|2\n|\n|t:|1699972535\n|move|p1a: Thundurus|Taunt|p2a: Iron Treads\n|-start|p2a: Iron Treads|move: Taunt\n|cant|p2a: Iron Treads|move: Taunt|Stealth Rock\n|\n|upkeep\n|turn|3\n|\n|t:|1699972553\n|switch|p1a: Garchomp|Garchomp, M, shiny|100\/100\n|move|p2a: Iron Treads|Knock Off|p1a: Garchomp\n|-damage|p1a: Garchomp|84\/100\n|-damage|p2a: Iron Treads|88\/100|[from] ability: Rough Skin|[of] p1a: Garchomp\n|\n|upkeep\n|turn|4\n|\n|t:|1699972569\n|-end|p2a: Iron Treads|Quark Drive|[silent]\n|switch|p2a: Scizor|Scizor, M|100\/100\n|move|p1a: Garchomp|Stealth Rock|p2a: Scizor\n|-sidestart|p2: ggbog|move: Stealth Rock\n|\n|upkeep\n|turn|5\n|\n|t:|1699972581\n|switch|p1a: Volcanion|Volcanion|100\/100\n|detailschange|p2a: Scizor|Scizor-Mega, M\n|-mega|p2a: Scizor|Scizor|Scizorite\n|move|p2a: Scizor|Defog|p1a: Volcanion\n|-unboost|p1a: Volcanion|evasion|1\n|-sideend|p2: ggbog|Stealth Rock|[from] move: Defog|[of] p2a: Scizor\n|-fieldend|move: Electric Terrain\n|\n|upkeep\n|turn|6\n|inactive|ggbog has 120 seconds left.\n|\n|t:|1699972602\n|switch|p2a: Volcanion|Volcanion|100\/100\n|move|p1a: Volcanion|Steam Eruption|p2a: Volcanion\n|-immune|p2a: Volcanion|[from] ability: Water Absorb\n|\n|upkeep\n|turn|7\n|\n|t:|1699972618\n|-terastallize|p1a: Volcanion|Fairy\n|move|p2a: Volcanion|Substitute|p2a: Volcanion\n|-start|p2a: Volcanion|Substitute\n|-damage|p2a: Volcanion|76\/100\n|move|p1a: Volcanion|Earth Power|p2a: Volcanion\n|-supereffective|p2a: Volcanion\n|-end|p2a: Volcanion|Substitute\n|\n|-heal|p2a: Volcanion|82\/100|[from] item: Leftovers\n|upkeep\n|turn|8\n|inactive|ggbog has 120 seconds left.\n|\n|t:|1699972635\n|-terastallize|p2a: Volcanion|Grass\n|move|p2a: Volcanion|Fire Blast|p1a: Volcanion\n|-damage|p1a: Volcanion|56\/100\n|move|p1a: Volcanion|Earth Power|p2a: Volcanion\n|-resisted|p2a: Volcanion\n|-damage|p2a: Volcanion|61\/100\n|\n|-heal|p2a: Volcanion|67\/100|[from] item: Leftovers\n|upkeep\n|turn|9\n|inactive|ggbog has 120 seconds left.\n|\n|t:|1699972663\n|move|p2a: Volcanion|Substitute|p2a: Volcanion\n|-start|p2a: Volcanion|Substitute\n|-damage|p2a: Volcanion|42\/100\n|move|p1a: Volcanion|Flamethrower|p2a: Volcanion\n|-supereffective|p2a: Volcanion\n|-end|p2a: Volcanion|Substitute\n|\n|-heal|p2a: Volcanion|48\/100|[from] item: Leftovers\n|upkeep\n|turn|10\n|\n|t:|1699972675\n|move|p2a: Volcanion|Fire Blast|p1a: Volcanion\n|-damage|p1a: Volcanion|12\/100\n|move|p1a: Volcanion|Flamethrower|p2a: Volcanion\n|-supereffective|p2a: Volcanion\n|-damage|p2a: Volcanion|0 fnt\n|faint|p2a: Volcanion\n|\n|upkeep\n|\n|t:|1699972685\n|switch|p2a: Scizor|Scizor-Mega, M|100\/100\n|turn|11\n|\n|t:|1699972695\n|switch|p1a: Thundurus|Thundurus, M|68\/100\n|move|p2a: Scizor|Bullet Punch|p1a: Thundurus\n|-resisted|p1a: Thundurus\n|-damage|p1a: Thundurus|51\/100\n|\n|upkeep\n|turn|12\n|inactive|ggbog has 120 seconds left.\n|\n|t:|1699972708\n|move|p1a: Thundurus|Taunt|p2a: Scizor\n|-start|p2a: Scizor|move: Taunt\n|move|p2a: Scizor|U-turn|p1a: Thundurus\n|-resisted|p1a: Thundurus\n|-damage|p1a: Thundurus|29\/100\n|\n|t:|1699972717\n|switch|p2a: Iron Treads|Iron Treads|88\/100|[from] U-turn\n|\n|upkeep\n|turn|13\n|inactive|ggbog has 120 seconds left.\n|\n|t:|1699972723\n|move|p1a: Thundurus|Taunt|p2a: Iron Treads\n|-start|p2a: Iron Treads|move: Taunt\n|move|p2a: Iron Treads|Rapid Spin|p1a: Thundurus\n|-damage|p1a: Thundurus|13\/100\n|-boost|p2a: Iron Treads|spe|1\n|\n|upkeep\n|turn|14\n|inactive|ggbog has 120 seconds left.\n|\n|t:|1699972737\n|switch|p1a: Garchomp|Garchomp, M, shiny|84\/100\n|move|p2a: Iron Treads|Knock Off|p1a: Garchomp\n|-damage|p1a: Garchomp|66\/100\n|-damage|p2a: Iron Treads|75\/100|[from] ability: Rough Skin|[of] p1a: Garchomp\n|\n|upkeep\n|turn|15\n|inactive|ggbog has 120 seconds left.\n|\n|t:|1699972759\n|-end|p2a: Iron Treads|Quark Drive|[silent]\n|switch|p2a: Scizor|Scizor-Mega, M|100\/100\n|move|p1a: Garchomp|Earthquake|p2a: Scizor\n|-damage|p2a: Scizor|60\/100\n|\n|upkeep\n|turn|16\n|\n|t:|1699972766\n|move|p1a: Garchomp|Earthquake|p2a: Scizor\n|-damage|p2a: Scizor|20\/100\n|move|p2a: Scizor|Roost|p2a: Scizor\n|-heal|p2a: Scizor|70\/100\n|-singleturn|p2a: Scizor|move: Roost\n|\n|upkeep\n|turn|17\n|inactive|ggbog has 120 seconds left.\n|\n|t:|1699972779\n|switch|p2a: Pelipper|Pelipper, F|100\/100\n|-weather|RainDance|[from] ability: Drizzle|[of] p2a: Pelipper\n|move|p1a: Garchomp|Earthquake|p2a: Pelipper\n|-immune|p2a: Pelipper\n|\n|-weather|RainDance|[upkeep]\n|upkeep\n|turn|18\n|inactive|ggbog has 120 seconds left.\n|\n|t:|1699972793\n|move|p1a: Garchomp|Stealth Rock|p2a: Pelipper\n|-sidestart|p2: ggbog|move: Stealth Rock\n|move|p2a: Pelipper|U-turn|p1a: Garchomp\n|-damage|p1a: Garchomp|57\/100\n|-damage|p2a: Pelipper|88\/100|[from] ability: Rough Skin|[of] p1a: Garchomp\n|\n|t:|1699972800\n|switch|p2a: Barraskewda|Barraskewda, F|100\/100|[from] U-turn\n|-damage|p2a: Barraskewda|88\/100|[from] Stealth Rock\n|\n|-weather|RainDance|[upkeep]\n|upkeep\n|turn|19\n|inactive|ggbog has 120 seconds left.\n|\n|t:|1699972806\n|switch|p1a: Thundurus|Thundurus, M|13\/100\n|move|p2a: Barraskewda|Flip Turn|p1a: Thundurus\n|-damage|p1a: Thundurus|0 fnt\n|faint|p1a: Thundurus\n|inactive|ggbog has 120 seconds left.\n|\n|t:|1699972815\n|switch|p2a: Iron Treads|Iron Treads|75\/100|[from] Flip Turn\n|\n|-weather|RainDance|[upkeep]\n|upkeep\n|\n|t:|1699972819\n|switch|p1a: Garchomp|Garchomp, M, shiny|57\/100\n|turn|20\n|\n|t:|1699972827\n|move|p1a: Garchomp|Swords Dance|p1a: Garchomp\n|-boost|p1a: Garchomp|atk|2\n|move|p2a: Iron Treads|Rapid Spin|p1a: Garchomp\n|-damage|p1a: Garchomp|44\/100\n|-boost|p2a: Iron Treads|spe|1\n|-damage|p2a: Iron Treads|63\/100|[from] ability: Rough Skin|[of] p1a: Garchomp\n|-sideend|p2: ggbog|Stealth Rock|[from] move: Rapid Spin|[of] p2a: Iron Treads\n|\n|-weather|RainDance|[upkeep]\n|upkeep\n|turn|21\n|\n|t:|1699972843\n|move|p2a: Iron Treads|Earthquake|p1a: Garchomp\n|-damage|p1a: Garchomp|8\/100\n|move|p1a: Garchomp|Earthquake|p2a: Iron Treads\n|-supereffective|p2a: Iron Treads\n|-damage|p2a: Iron Treads|0 fnt\n|faint|p2a: Iron Treads\n|-end|p2a: Iron Treads|Quark Drive|[silent]\n|\n|-weather|RainDance|[upkeep]\n|upkeep\n|\n|t:|1699972852\n|switch|p2a: Barraskewda|Barraskewda, F|88\/100\n|turn|22\n|\n|t:|1699972856\n|switch|p1a: Volcanion|Volcanion, tera:Fairy|12\/100\n|move|p2a: Barraskewda|Liquidation|p1a: Volcanion\n|-heal|p1a: Volcanion|37\/100|[from] ability: Water Absorb|[of] p2a: Barraskewda\n|\n|-weather|RainDance|[upkeep]\n|upkeep\n|turn|23\n|\n|t:|1699972868\n|switch|p2a: Scizor|Scizor-Mega, M|70\/100\n|move|p1a: Volcanion|Flamethrower|p2a: Scizor\n|-supereffective|p2a: Scizor\n|-damage|p2a: Scizor|3\/100\n|\n|-weather|RainDance|[upkeep]\n|upkeep\n|turn|24\n|\n|t:|1699972875\n|switch|p1a: Garchomp|Garchomp, M, shiny|8\/100\n|move|p2a: Scizor|Bullet Punch|p1a: Garchomp\n|-damage|p1a: Garchomp|0 fnt\n|-damage|p2a: Scizor|0 fnt|[from] ability: Rough Skin|[of] p1a: Garchomp\n|faint|p1a: Garchomp\n|faint|p2a: Scizor\n|\n|-weather|none\n|upkeep\n|\n|t:|1699972884\n|switch|p1a: Tapu Koko|Tapu Koko, shiny|100\/100\n|switch|p2a: Pelipper|Pelipper, F|88\/100\n|-fieldstart|move: Electric Terrain|[from] ability: Electric Surge|[of] p1a: Tapu Koko\n|-weather|RainDance|[from] ability: Drizzle|[of] p2a: Pelipper\n|turn|25\n|\n|t:|1699972890\n|move|p1a: Tapu Koko|Volt Switch|p2a: Pelipper\n|-supereffective|p2a: Pelipper\n|-damage|p2a: Pelipper|0 fnt\n|faint|p2a: Pelipper\n|\n|t:|1699972898\n|switch|p1a: Scizor|Scizor, M|100\/100|[from] Volt Switch\n|\n|-weather|RainDance|[upkeep]\n|upkeep\n|\n|t:|1699972907\n|switch|p2a: Zapdos|Zapdos|100\/100\n|turn|26\n|\n|t:|1699972915\n|detailschange|p1a: Scizor|Scizor-Mega, M\n|-mega|p1a: Scizor|Scizor|Scizorite\n|move|p2a: Zapdos|Heat Wave|p1a: Scizor\n|-supereffective|p1a: Scizor\n|-crit|p1a: Scizor\n|-damage|p1a: Scizor|6\/100\n|move|p1a: Scizor|U-turn|p2a: Zapdos\n|-resisted|p2a: Zapdos\n|-damage|p2a: Zapdos|75\/100\n|\n|t:|1699972925\n|switch|p1a: Iron Valiant|Iron Valiant, shiny|100\/100|[from] U-turn\n|-activate|p1a: Iron Valiant|ability: Quark Drive\n|-start|p1a: Iron Valiant|quarkdrivespe\n|\n|-weather|RainDance|[upkeep]\n|upkeep\n|turn|27\n|\n|t:|1699972935\n|move|p1a: Iron Valiant|Moonblast|p2a: Zapdos\n|-damage|p2a: Zapdos|0 fnt\n|faint|p2a: Zapdos\n|-damage|p1a: Iron Valiant|91\/100|[from] item: Life Orb\n|\n|-weather|RainDance|[upkeep]\n|upkeep\n|\n|t:|1699972939\n|switch|p2a: Barraskewda|Barraskewda, F|88\/100\n|turn|28\n|-message|ggbog forfeited.\n|\n|win|Catnavi\n|raw|Catnavi's rating: 1405 &rarr; <strong>1427<\/strong><br \/>(+22 for winning)\n|raw|ggbog's rating: 1445 &rarr; <strong>1423<\/strong><br \/>(-22 for losing)\n|l|\u2606ggbog\n","uploadtime":1699972954,"views":4,"p1id":"catnavi","p2id":"ggbog","formatid":"gen9nationaldex","rating":1423,"private":0,"password":""}