{"id":"gen9nationaldex-1996033775","p1":"Zoloap","p2":"bigndad","format":"[Gen 9] National Dex","log":"|html|<div class=\"broadcast-blue\"><strong>[Gen 9] National Dex is currently suspecting Sneasler! For information on how to participate check out the <a href=\"https:\/\/www.smogon.com\/forums\/threads\/sv-national-dex-suspect-8-just-dance.3731534\/\">suspect thread<\/a>.<\/strong><\/div>\n|j|\u2606Zoloap\n|j|\u2606bigndad\n|t:|1700632647\n|gametype|singles\n|player|p1|Zoloap|lillie-z|\n|player|p2|bigndad|102|\n|teamsize|p1|6\n|teamsize|p2|6\n|gen|9\n|tier|[Gen 9] National Dex\n|rule|HP Percentage Mod: HP is shown in percentages\n|rule|Endless Battle Clause: Forcing endless battles is banned\n|rule|OHKO Clause: OHKO moves are banned\n|rule|Evasion Clause: Evasion abilities, items, and moves are banned\n|rule|Evasion Abilities Clause: Evasion abilities are banned\n|rule|Evasion Items Clause: Evasion items are banned\n|rule|Evasion Moves Clause: Evasion moves are banned\n|rule|Species Clause: Limit one of each Pok\u00e9mon\n|rule|Sleep Clause Mod: Limit one foe put to sleep\n|clearpoke\n|poke|p1|Greninja-*, M|\n|poke|p1|Empoleon, M|\n|poke|p1|Samurott-Hisui, F|\n|poke|p1|Blastoise, M|\n|poke|p1|Quaquaval, F|\n|poke|p1|Primarina, F|\n|poke|p2|Samurott-Hisui, F|\n|poke|p2|Typhlosion-Hisui, M|\n|poke|p2|Meowscarada, F|\n|poke|p2|Serperior, F|\n|poke|p2|Skeledirge, M|\n|poke|p2|Greninja-*, M|\n|teampreview\n|c|\u2606Zoloap|glhf\n|c|\u2606bigndad|glhf\n|j| OtherMinfan\n|\n|t:|1700632680\n|start\n|switch|p1a: Primarina|Primarina, F|100\/100\n|switch|p2a: Serperior|Serperior, F|100\/100\n|turn|1\n|\n|t:|1700632714\n|move|p2a: Serperior|Leaf Storm|p1a: Primarina|[miss]\n|-miss|p2a: Serperior|p1a: Primarina\n|move|p1a: Primarina|Perish Song|p1a: Primarina\n|-start|p1a: Primarina|perish3|[silent]\n|-start|p2a: Serperior|perish3|[silent]\n|-fieldactivate|move: Perish Song\n|\n|-start|p2a: Serperior|perish3\n|-start|p1a: Primarina|perish3\n|upkeep\n|turn|2\n|\n|t:|1700632719\n|move|p2a: Serperior|Leaf Storm|p1a: Primarina\n|-supereffective|p1a: Primarina\n|-damage|p1a: Primarina|47\/100\n|-boost|p2a: Serperior|spa|2\n|move|p1a: Primarina|Whirlpool|p2a: Serperior\n|-resisted|p2a: Serperior\n|-damage|p2a: Serperior|91\/100\n|-activate|p2a: Serperior|move: Whirlpool|[of] p1a: Primarina\n|\n|-heal|p1a: Primarina|53\/100|[from] item: Leftovers\n|-damage|p2a: Serperior|78\/100|[from] move: Whirlpool|[partiallytrapped]\n|-start|p2a: Serperior|perish2\n|-start|p1a: Primarina|perish2\n|upkeep\n|turn|3\n|\n|t:|1700632723\n|move|p1a: Primarina|Protect|p1a: Primarina\n|-singleturn|p1a: Primarina|Protect\n|move|p2a: Serperior|Leaf Storm|p1a: Primarina\n|-activate|p1a: Primarina|move: Protect\n|\n|-heal|p1a: Primarina|59\/100|[from] item: Leftovers\n|-damage|p2a: Serperior|66\/100|[from] move: Whirlpool|[partiallytrapped]\n|-start|p2a: Serperior|perish1\n|-start|p1a: Primarina|perish1\n|upkeep\n|turn|4\n|\n|t:|1700632732\n|move|p1a: Primarina|Protect||[still]\n|-fail|p1a: Primarina\n|move|p2a: Serperior|Leaf Storm|p1a: Primarina\n|-supereffective|p1a: Primarina\n|-damage|p1a: Primarina|0 fnt\n|-boost|p2a: Serperior|spa|2\n|faint|p1a: Primarina\n|\n|-end|p2a: Serperior|Whirlpool|[partiallytrapped]|[silent]\n|-start|p2a: Serperior|perish0\n|upkeep\n|faint|p2a: Serperior\n|\n|t:|1700632748\n|switch|p2a: Samurott|Samurott-Hisui, F|100\/100\n|switch|p1a: Samurott|Samurott-Hisui, F|100\/100\n|turn|5\n|\n|t:|1700632795\n|switch|p1a: Empoleon|Empoleon, M|100\/100\n|move|p2a: Samurott|Sacred Sword|p1a: Empoleon\n|-supereffective|p1a: Empoleon\n|-damage|p1a: Empoleon|35\/100\n|\n|-heal|p1a: Empoleon|42\/100|[from] item: Leftovers\n|upkeep\n|turn|6\n|\n|t:|1700632826\n|move|p2a: Samurott|Sacred Sword|p1a: Empoleon\n|-supereffective|p1a: Empoleon\n|-damage|p1a: Empoleon|0 fnt\n|faint|p1a: Empoleon\n|\n|upkeep\n|\n|t:|1700632840\n|switch|p1a: Quaquaval|Quaquaval, F|100\/100\n|turn|7\n|\n|t:|1700632849\n|move|p1a: Quaquaval|Flip Turn|p2a: Samurott\n|-resisted|p2a: Samurott\n|-damage|p2a: Samurott|80\/100\n|\n|t:|1700632854\n|switch|p1a: Samurott|Samurott-Hisui, F|100\/100|[from] Flip Turn\n|move|p2a: Samurott|Sacred Sword|p1a: Samurott\n|-supereffective|p1a: Samurott\n|-enditem|p1a: Samurott|Focus Sash\n|-damage|p1a: Samurott|1\/100\n|\n|upkeep\n|turn|8\n|\n|t:|1700632858\n|move|p1a: Samurott|Sucker Punch|p2a: Samurott\n|-resisted|p2a: Samurott\n|-damage|p2a: Samurott|59\/100\n|move|p2a: Samurott|Sucker Punch||[still]\n|-fail|p2a: Samurott\n|\n|upkeep\n|turn|9\n|\n|t:|1700632865\n|move|p1a: Samurott|Ceaseless Edge|p2a: Samurott\n|-resisted|p2a: Samurott\n|-damage|p2a: Samurott|29\/100\n|-sidestart|p2: bigndad|Spikes\n|move|p2a: Samurott|Ceaseless Edge|p1a: Samurott\n|-resisted|p1a: Samurott\n|-damage|p1a: Samurott|0 fnt\n|-sidestart|p1: Zoloap|Spikes\n|faint|p1a: Samurott\n|\n|upkeep\n|\n|t:|1700632870\n|switch|p1a: Quaquaval|Quaquaval, F|100\/100\n|-damage|p1a: Quaquaval|88\/100|[from] Spikes\n|turn|10\n|\n|t:|1700632899\n|switch|p2a: Typhlosion|Typhlosion-Hisui, M|100\/100\n|-damage|p2a: Typhlosion|88\/100|[from] Spikes\n|move|p1a: Quaquaval|Aqua Step|p2a: Typhlosion\n|-supereffective|p2a: Typhlosion\n|-damage|p2a: Typhlosion|0 fnt\n|-boost|p1a: Quaquaval|spe|1\n|faint|p2a: Typhlosion\n|-ability|p1a: Quaquaval|Moxie|boost\n|-boost|p1a: Quaquaval|atk|1\n|\n|upkeep\n|\n|t:|1700632908\n|switch|p2a: Skeledirge|Skeledirge, M|100\/100\n|turn|11\n|\n|t:|1700632911\n|move|p1a: Quaquaval|Aqua Step|p2a: Skeledirge\n|-supereffective|p2a: Skeledirge\n|-damage|p2a: Skeledirge|7\/100\n|-boost|p1a: Quaquaval|spe|1\n|move|p2a: Skeledirge|Will-O-Wisp|p1a: Quaquaval\n|-status|p1a: Quaquaval|brn\n|\n|-damage|p1a: Quaquaval|82\/100 brn|[from] brn\n|upkeep\n|turn|12\n|\n|t:|1700632922\n|switch|p2a: Greninja|Greninja, M|100\/100\n|-damage|p2a: Greninja|88\/100|[from] Spikes\n|move|p1a: Quaquaval|Aqua Step|p2a: Greninja\n|-resisted|p2a: Greninja\n|-damage|p2a: Greninja|65\/100\n|-boost|p1a: Quaquaval|spe|1\n|\n|-damage|p1a: Quaquaval|76\/100 brn|[from] brn\n|upkeep\n|turn|13\n|\n|t:|1700632929\n|move|p1a: Quaquaval|Aqua Step|p2a: Greninja\n|-resisted|p2a: Greninja\n|-damage|p2a: Greninja|39\/100\n|-boost|p1a: Quaquaval|spe|1\n|move|p2a: Greninja|Extrasensory|p1a: Quaquaval\n|-supereffective|p1a: Quaquaval\n|-damage|p1a: Quaquaval|0 fnt\n|faint|p1a: Quaquaval\n|-ability|p2a: Greninja|Battle Bond|boost\n|-boost|p2a: Greninja|atk|1\n|-boost|p2a: Greninja|spa|1\n|-boost|p2a: Greninja|spe|1\n|-activate|p2a: Greninja|ability: Battle Bond\n|-damage|p2a: Greninja|30\/100|[from] item: Life Orb\n|\n|upkeep\n|\n|t:|1700632932\n|switch|p1a: Greninja|Greninja, M|100\/100\n|-damage|p1a: Greninja|88\/100|[from] Spikes\n|turn|14\n|\n|t:|1700632951\n|move|p2a: Greninja|Hydro Pump|p1a: Greninja\n|-resisted|p1a: Greninja\n|-damage|p1a: Greninja|0 fnt\n|faint|p1a: Greninja\n|-damage|p2a: Greninja|20\/100|[from] item: Life Orb\n|\n|upkeep\n|\n|t:|1700632953\n|switch|p1a: Blastoise|Blastoise, M|100\/100\n|-damage|p1a: Blastoise|88\/100|[from] Spikes\n|turn|15\n|\n|t:|1700632958\n|move|p2a: Greninja|Dark Pulse|p1a: Blastoise\n|-damage|p1a: Blastoise|0 fnt\n|faint|p1a: Blastoise\n|-damage|p2a: Greninja|10\/100|[from] item: Life Orb\n|\n|win|bigndad\n|c|\u2606Zoloap|gg\n|l| OtherMinfan\n|c|\u2606bigndad|ggwp\n","uploadtime":1700632969,"views":4,"p1id":"zoloap","p2id":"bigndad","formatid":"gen9nationaldex","rating":0,"private":0,"password":""}