{"id":"gen9nationaldex-1993409543","p1":"grass knot zygarde","p2":"hsenb\u59da\u67d0","format":"[Gen 9] National Dex","log":"|j|\u2606grass knot zygarde\n|j|\u2606hsenb\u59da\u67d0\n|t:|1700314012\n|gametype|singles\n|player|p1|grass knot zygarde|dawn|1688\n|player|p2|hsenb\u59da\u67d0|may-contest|1669\n|teamsize|p1|6\n|teamsize|p2|6\n|gen|9\n|tier|[Gen 9] National Dex\n|rated|\n|rule|HP Percentage Mod: HP is shown in percentages\n|rule|Endless Battle Clause: Forcing endless battles is banned\n|rule|OHKO Clause: OHKO moves are banned\n|rule|Evasion Clause: Evasion abilities, items, and moves are banned\n|rule|Evasion Abilities Clause: Evasion abilities are banned\n|rule|Evasion Items Clause: Evasion items are banned\n|rule|Evasion Moves Clause: Evasion moves are banned\n|rule|Species Clause: Limit one of each Pok\u00e9mon\n|rule|Sleep Clause Mod: Limit one foe put to sleep\n|clearpoke\n|poke|p1|Latios, M|\n|poke|p1|Buzzwole|\n|poke|p1|Gliscor, M|\n|poke|p1|Weavile, F|\n|poke|p1|Heatran, F|\n|poke|p1|Ogerpon-Wellspring, F|\n|poke|p2|Diancie|\n|poke|p2|Garganacl, F|\n|poke|p2|Arcanine-Hisui, M|\n|poke|p2|Nihilego|\n|poke|p2|Glimmora, M|\n|poke|p2|Kleavor, M|\n|teampreview\n|inactive|Battle timer is ON: inactive players will automatically lose when time's up. (requested by grass knot zygarde)\n|\n|t:|1700314035\n|start\n|switch|p1a: i|Gliscor, M, shiny|100\/100\n|switch|p2a: Glimmora|Glimmora, M|100\/100\n|turn|1\n|\n|t:|1700314043\n|move|p2a: Glimmora|Stealth Rock|p1a: i\n|-sidestart|p1: grass knot zygarde|move: Stealth Rock\n|move|p1a: i|Earthquake|p2a: Glimmora\n|-supereffective|p2a: Glimmora\n|-enditem|p2a: Glimmora|Focus Sash\n|-damage|p2a: Glimmora|1\/100\n|-activate|p2a: Glimmora|ability: Toxic Debris\n|-sidestart|p1: grass knot zygarde|move: Toxic Spikes\n|\n|-status|p1a: i|tox|[from] item: Toxic Orb\n|upkeep\n|turn|2\n|\n|t:|1700314047\n|move|p2a: Glimmora|Energy Ball|p1a: i\n|-damage|p1a: i|73\/100 tox\n|move|p1a: i|Defog|p2a: Glimmora\n|-unboost|p2a: Glimmora|evasion|1\n|-sideend|p1: grass knot zygarde|Toxic Spikes|[from] move: Defog|[of] p1a: i\n|-sideend|p1: grass knot zygarde|Stealth Rock|[from] move: Defog|[of] p1a: i\n|\n|-heal|p1a: i|86\/100 tox|[from] ability: Poison Heal\n|upkeep\n|turn|3\n|\n|t:|1700314058\n|move|p2a: Glimmora|Stealth Rock|p1a: i\n|-sidestart|p1: grass knot zygarde|move: Stealth Rock\n|move|p1a: i|Earthquake|p2a: Glimmora\n|-supereffective|p2a: Glimmora\n|-damage|p2a: Glimmora|0 fnt\n|-activate|p2a: Glimmora|ability: Toxic Debris\n|-sidestart|p1: grass knot zygarde|move: Toxic Spikes\n|faint|p2a: Glimmora\n|\n|-heal|p1a: i|98\/100 tox|[from] ability: Poison Heal\n|upkeep\n|\n|t:|1700314066\n|switch|p2a: Nihilego|Nihilego|100\/100\n|turn|4\n|\n|t:|1700314071\n|move|p2a: Nihilego|Meteor Beam||[still]\n|-prepare|p2a: Nihilego|Meteor Beam\n|-boost|p2a: Nihilego|spa|1\n|-enditem|p2a: Nihilego|Power Herb\n|-anim|p2a: Nihilego|Meteor Beam|p1a: i\n|-damage|p1a: i|26\/100 tox\n|move|p1a: i|Defog|p2a: Nihilego\n|-unboost|p2a: Nihilego|evasion|1\n|-sideend|p1: grass knot zygarde|Toxic Spikes|[from] move: Defog|[of] p1a: i\n|-sideend|p1: grass knot zygarde|Stealth Rock|[from] move: Defog|[of] p1a: i\n|\n|-heal|p1a: i|38\/100 tox|[from] ability: Poison Heal\n|upkeep\n|turn|5\n|\n|t:|1700314093\n|switch|p1a: \ua329\ua35f\ua074\ua14f\ua2ea\ua038\ua038\ua0a6\ua329\ua038\ua018\ua02d|Ogerpon-Wellspring, F|100\/100\n|move|p2a: Nihilego|Meteor Beam||[still]\n|-prepare|p2a: Nihilego|Meteor Beam\n|-boost|p2a: Nihilego|spa|1\n|\n|upkeep\n|turn|6\n|\n|t:|1700314101\n|move|p1a: \ua329\ua35f\ua074\ua14f\ua2ea\ua038\ua038\ua0a6\ua329\ua038\ua018\ua02d|Ivy Cudgel|p2a: Nihilego|[anim] Ivy Cudgel Water\n|-supereffective|p2a: Nihilego\n|-damage|p2a: Nihilego|0 fnt\n|faint|p2a: Nihilego\n|\n|upkeep\n|\n|t:|1700314104\n|switch|p2a: Kleavor|Kleavor, M|100\/100\n|turn|7\n|\n|t:|1700314112\n|switch|p1a: i|Gliscor, M, shiny|38\/100 tox\n|move|p2a: Kleavor|U-turn|p1a: i\n|-resisted|p1a: i\n|-damage|p1a: i|23\/100 tox\n|\n|t:|1700314119\n|switch|p2a: Arcanine|Arcanine-Hisui, M|100\/100|[from] U-turn\n|\n|-heal|p1a: i|36\/100 tox|[from] ability: Poison Heal\n|upkeep\n|turn|8\n|j| 1 em trach thu\n|\n|t:|1700314135\n|switch|p1a: nitro cell device|Buzzwole|100\/100\n|move|p2a: Arcanine|Head Smash|p1a: nitro cell device\n|-damage|p1a: nitro cell device|49\/100\n|\n|upkeep\n|turn|9\n|\n|t:|1700314143\n|move|p2a: Arcanine|Head Smash|p1a: nitro cell device\n|-damage|p1a: nitro cell device|0 fnt\n|faint|p1a: nitro cell device\n|\n|upkeep\n|\n|t:|1700314158\n|switch|p1a: \ua329\ua35f\ua074\ua14f\ua2ea\ua038\ua038\ua0a6\ua329\ua038\ua018\ua02d|Ogerpon-Wellspring, F|100\/100\n|turn|10\n|\n|t:|1700314183\n|move|p1a: \ua329\ua35f\ua074\ua14f\ua2ea\ua038\ua038\ua0a6\ua329\ua038\ua018\ua02d|Ivy Cudgel|p2a: Arcanine|[anim] Ivy Cudgel Water\n|-supereffective|p2a: Arcanine\n|-damage|p2a: Arcanine|0 fnt\n|faint|p2a: Arcanine\n|\n|upkeep\n|\n|t:|1700314187\n|switch|p2a: Kleavor|Kleavor, M|100\/100\n|turn|11\n|\n|t:|1700314196\n|-terastallize|p1a: \ua329\ua35f\ua074\ua14f\ua2ea\ua038\ua038\ua0a6\ua329\ua038\ua018\ua02d|Water\n|detailschange|p1a: \ua329\ua35f\ua074\ua14f\ua2ea\ua038\ua038\ua0a6\ua329\ua038\ua018\ua02d|Ogerpon-Wellspring-Tera, F, tera:Water\n|-ability|p1a: \ua329\ua35f\ua074\ua14f\ua2ea\ua038\ua038\ua0a6\ua329\ua038\ua018\ua02d|Embody Aspect (Wellspring)|boost\n|-boost|p1a: \ua329\ua35f\ua074\ua14f\ua2ea\ua038\ua038\ua0a6\ua329\ua038\ua018\ua02d|spd|1\n|move|p2a: Kleavor|U-turn|p1a: \ua329\ua35f\ua074\ua14f\ua2ea\ua038\ua038\ua0a6\ua329\ua038\ua018\ua02d\n|-damage|p1a: \ua329\ua35f\ua074\ua14f\ua2ea\ua038\ua038\ua0a6\ua329\ua038\ua018\ua02d|51\/100\n|\n|t:|1700314208\n|switch|p2a: Garganacl|Garganacl, F|100\/100|[from] U-turn\n|move|p1a: \ua329\ua35f\ua074\ua14f\ua2ea\ua038\ua038\ua0a6\ua329\ua038\ua018\ua02d|Ivy Cudgel|p2a: Garganacl|[anim] Ivy Cudgel Water\n|-supereffective|p2a: Garganacl\n|-damage|p2a: Garganacl|0 fnt\n|faint|p2a: Garganacl\n|\n|upkeep\n|\n|t:|1700314211\n|switch|p2a: Kleavor|Kleavor, M|100\/100\n|turn|12\n|\n|t:|1700314225\n|switch|p1a: u|Heatran, F|100\/100\n|-terastallize|p2a: Kleavor|Rock\n|move|p2a: Kleavor|Stone Axe|p1a: u\n|-damage|p1a: u|44\/100\n|-sidestart|p1: grass knot zygarde|move: Stealth Rock\n|\n|-heal|p1a: u|50\/100|[from] item: Leftovers\n|upkeep\n|turn|13\n|\n|t:|1700314235\n|move|p2a: Kleavor|Stone Axe|p1a: u\n|-damage|p1a: u|0 fnt\n|faint|p1a: u\n|\n|upkeep\n|\n|t:|1700314244\n|switch|p1a: ECHOES|Latios, M|100\/100\n|-damage|p1a: ECHOES|88\/100|[from] Stealth Rock\n|turn|14\n|\n|t:|1700314248\n|detailschange|p1a: ECHOES|Latios-Mega, M\n|-mega|p1a: ECHOES|Latios|Latiosite\n|move|p2a: Kleavor|Stone Axe|p1a: ECHOES\n|-damage|p1a: ECHOES|11\/100\n|move|p1a: ECHOES|Psychic|p2a: Kleavor\n|-damage|p2a: Kleavor|9\/100\n|\n|upkeep\n|turn|15\n|\n|t:|1700314258\n|move|p2a: Kleavor|Stone Axe|p1a: ECHOES\n|-damage|p1a: ECHOES|0 fnt\n|faint|p1a: ECHOES\n|\n|upkeep\n|\n|t:|1700314267\n|switch|p1a: Piss Cup Haircut|Weavile, F|100\/100\n|-damage|p1a: Piss Cup Haircut|76\/100|[from] Stealth Rock\n|-ability|p1a: Piss Cup Haircut|Pressure\n|turn|16\n|\n|t:|1700314276\n|switch|p2a: Diancie|Diancie|100\/100\n|move|p1a: Piss Cup Haircut|Ice Shard|p2a: Diancie\n|-damage|p2a: Diancie|68\/100\n|\n|upkeep\n|turn|17\n|\n|t:|1700314286\n|switch|p1a: i|Gliscor, M, shiny|36\/100 tox\n|-damage|p1a: i|23\/100 tox|[from] Stealth Rock\n|detailschange|p2a: Diancie|Diancie-Mega\n|-mega|p2a: Diancie|Diancie|Diancite\n|move|p2a: Diancie|Diamond Storm|p1a: i\n|-damage|p1a: i|0 fnt\n|faint|p1a: i\n|\n|upkeep\n|\n|t:|1700314297\n|switch|p1a: Piss Cup Haircut|Weavile, F|76\/100\n|-damage|p1a: Piss Cup Haircut|51\/100|[from] Stealth Rock\n|-ability|p1a: Piss Cup Haircut|Pressure\n|turn|18\n|\n|t:|1700314303\n|move|p1a: Piss Cup Haircut|Triple Axel|p2a: Diancie\n|-damage|p2a: Diancie|47\/100\n|-hitcount|p2a: Diancie|1\n|move|p2a: Diancie|Diamond Storm|p1a: Piss Cup Haircut\n|-supereffective|p1a: Piss Cup Haircut\n|-damage|p1a: Piss Cup Haircut|0 fnt\n|-boost|p2a: Diancie|def|2\n|faint|p1a: Piss Cup Haircut\n|\n|upkeep\n|c|\u2606grass knot zygarde|man come on\n|\n|t:|1700314316\n|switch|p1a: \ua329\ua35f\ua074\ua14f\ua2ea\ua038\ua038\ua0a6\ua329\ua038\ua018\ua02d|Ogerpon-Wellspring-Tera, F, tera:Water|51\/100\n|-damage|p1a: \ua329\ua35f\ua074\ua14f\ua2ea\ua038\ua038\ua0a6\ua329\ua038\ua018\ua02d|38\/100|[from] Stealth Rock\n|-ability|p1a: \ua329\ua35f\ua074\ua14f\ua2ea\ua038\ua038\ua0a6\ua329\ua038\ua018\ua02d|Embody Aspect (Wellspring)|boost\n|-boost|p1a: \ua329\ua35f\ua074\ua14f\ua2ea\ua038\ua038\ua0a6\ua329\ua038\ua018\ua02d|spd|1\n|turn|19\n|\n|t:|1700314323\n|move|p2a: Diancie|Diamond Storm|p1a: \ua329\ua35f\ua074\ua14f\ua2ea\ua038\ua038\ua0a6\ua329\ua038\ua018\ua02d\n|-damage|p1a: \ua329\ua35f\ua074\ua14f\ua2ea\ua038\ua038\ua0a6\ua329\ua038\ua018\ua02d|0 fnt\n|-boost|p2a: Diancie|def|2\n|faint|p1a: \ua329\ua35f\ua074\ua14f\ua2ea\ua038\ua038\ua0a6\ua329\ua038\ua018\ua02d\n|\n|win|hsenb\u59da\u67d0\n|raw|grass knot zygarde's rating: 1688 &rarr; <strong>1667<\/strong><br \/>(-21 for losing)\n|raw|hsenb\u59da\u67d0's rating: 1669 &rarr; <strong>1690<\/strong><br \/>(+21 for winning)\n|l|\u2606hsenb\u59da\u67d0\n","uploadtime":1700314333,"views":15,"p1id":"grassknotzygarde","p2id":"hsenb","formatid":"gen9nationaldex","rating":1667,"private":0,"password":""}