{"id":"gen9nationaldex-1989477696","p1":"zhuandayoudou","p2":"GL Lukas","format":"[Gen 9] National Dex","log":"|j|\u2606zhuandayoudou\n|j|\u2606GL Lukas\n|t:|1699857011\n|gametype|singles\n|player|p1|zhuandayoudou|169|1387\n|player|p2|GL Lukas|volkner|1397\n|teamsize|p1|6\n|teamsize|p2|6\n|gen|9\n|tier|[Gen 9] National Dex\n|rated|\n|rule|HP Percentage Mod: HP is shown in percentages\n|rule|Endless Battle Clause: Forcing endless battles is banned\n|rule|OHKO Clause: OHKO moves are banned\n|rule|Evasion Clause: Evasion abilities, items, and moves are banned\n|rule|Evasion Abilities Clause: Evasion abilities are banned\n|rule|Evasion Items Clause: Evasion items are banned\n|rule|Evasion Moves Clause: Evasion moves are banned\n|rule|Species Clause: Limit one of each Pok\u00e9mon\n|rule|Sleep Clause Mod: Limit one foe put to sleep\n|clearpoke\n|poke|p1|Banette, F|\n|poke|p1|Alomomola, M|\n|poke|p1|Landorus-Therian, M|\n|poke|p1|Heatran, M|\n|poke|p1|Hawlucha, F|\n|poke|p1|Urshifu-*, M|\n|poke|p2|Glimmora, M|\n|poke|p2|Manectric, M|\n|poke|p2|Ferrothorn, M|\n|poke|p2|Cinderace, M|\n|poke|p2|Greninja-*, M|\n|poke|p2|Great Tusk|\n|teampreview\n|\n|t:|1699857016\n|start\n|switch|p1a: Urshifu|Urshifu-Rapid-Strike, M|100\/100\n|switch|p2a: Glimmora|Glimmora, M, shiny|100\/100\n|turn|1\n|inactive|Battle timer is ON: inactive players will automatically lose when time's up. (requested by zhuandayoudou)\n|\n|t:|1699857029\n|move|p1a: Urshifu|Surging Strikes|p2a: Glimmora\n|-supereffective|p2a: Glimmora\n|-crit|p2a: Glimmora\n|-damage|p2a: Glimmora|53\/100\n|-activate|p2a: Glimmora|ability: Toxic Debris\n|-sidestart|p1: zhuandayoudou|move: Toxic Spikes\n|-supereffective|p2a: Glimmora\n|-crit|p2a: Glimmora\n|-damage|p2a: Glimmora|7\/100\n|-activate|p2a: Glimmora|ability: Toxic Debris\n|-sidestart|p1: zhuandayoudou|move: Toxic Spikes\n|-supereffective|p2a: Glimmora\n|-crit|p2a: Glimmora\n|-damage|p2a: Glimmora|0 fnt\n|faint|p2a: Glimmora\n|-hitcount|p2: Glimmora|3\n|\n|upkeep\n|\n|t:|1699857042\n|switch|p2a: Manectric|Manectric, M|100\/100\n|turn|2\n|inactive|zhuandayoudou has 120 seconds left.\n|\n|t:|1699857075\n|detailschange|p2a: Manectric|Manectric-Mega, M\n|-mega|p2a: Manectric|Manectric|Manectite\n|-ability|p2a: Manectric|Intimidate|boost\n|-unboost|p1a: Urshifu|atk|1\n|move|p1a: Urshifu|Surging Strikes|p2a: Manectric\n|-crit|p2a: Manectric\n|-damage|p2a: Manectric|68\/100\n|-crit|p2a: Manectric\n|-damage|p2a: Manectric|38\/100\n|-crit|p2a: Manectric\n|-damage|p2a: Manectric|5\/100\n|-hitcount|p2a: Manectric|3\n|move|p2a: Manectric|Overheat|p1a: Urshifu\n|-resisted|p1a: Urshifu\n|-damage|p1a: Urshifu|63\/100\n|-unboost|p2a: Manectric|spa|2\n|\n|upkeep\n|turn|3\n|inactive|GL Lukas has 120 seconds left.\n|\n|t:|1699857119\n|switch|p1a: Landorus|Landorus-Therian, M|100\/100\n|-ability|p1a: Landorus|Intimidate|boost\n|-unboost|p2a: Manectric|atk|1\n|move|p2a: Manectric|Thunderbolt|p1a: Landorus\n|-immune|p1a: Landorus\n|\n|upkeep\n|turn|4\n|\n|t:|1699857124\n|switch|p2a: Blitz|Greninja, M|100\/100\n|move|p1a: Landorus|Defog|p2a: Blitz\n|-unboost|p2a: Blitz|evasion|1\n|-sideend|p1: zhuandayoudou|Toxic Spikes|[from] move: Defog|[of] p1a: Landorus\n|\n|upkeep\n|turn|5\n|inactive|GL Lukas has 120 seconds left.\n|\n|t:|1699857135\n|switch|p1a: Alomomola|Alomomola, M, shiny|100\/100\n|move|p2a: Blitz|Surf|p1a: Alomomola\n|-resisted|p1a: Alomomola\n|-damage|p1a: Alomomola|76\/100\n|\n|upkeep\n|turn|6\n|\n|t:|1699857139\n|move|p2a: Blitz|Dark Pulse|p1a: Alomomola\n|-damage|p1a: Alomomola|37\/100\n|move|p1a: Alomomola|Toxic|p2a: Blitz\n|-status|p2a: Blitz|tox\n|\n|-damage|p2a: Blitz|95\/100 tox|[from] psn\n|upkeep\n|turn|7\n|\n|t:|1699857146\n|move|p1a: Alomomola|Protect|p1a: Alomomola\n|-singleturn|p1a: Alomomola|Protect\n|move|p2a: Blitz|Dark Pulse|p1a: Alomomola\n|-activate|p1a: Alomomola|move: Protect\n|\n|-damage|p2a: Blitz|83\/100 tox|[from] psn\n|upkeep\n|turn|8\n|\n|t:|1699857172\n|switch|p1a: Heatran|Heatran, M|100\/100\n|move|p2a: Blitz|Dark Pulse|p1a: Heatran\n|-damage|p1a: Heatran|80\/100\n|\n|-heal|p1a: Heatran|86\/100|[from] item: Leftovers\n|-damage|p2a: Blitz|65\/100 tox|[from] psn\n|upkeep\n|turn|9\n|\n|t:|1699857185\n|move|p1a: Heatran|Protect|p1a: Heatran\n|-singleturn|p1a: Heatran|Protect\n|move|p2a: Blitz|Surf|p1a: Heatran\n|-activate|p1a: Heatran|move: Protect\n|\n|-heal|p1a: Heatran|92\/100|[from] item: Leftovers\n|-damage|p2a: Blitz|41\/100 tox|[from] psn\n|upkeep\n|turn|10\n|\n|t:|1699857194\n|switch|p2a: Ryuji|Cinderace, M|100\/100\n|switch|p1a: Alomomola|Alomomola, M, shiny|70\/100\n|\n|upkeep\n|turn|11\n|\n|t:|1699857201\n|move|p2a: Ryuji|Swords Dance|p2a: Ryuji\n|-start|p2a: Ryuji|typechange|Normal|[from] ability: Libero\n|-boost|p2a: Ryuji|atk|2\n|move|p1a: Alomomola|Flip Turn|p2a: Ryuji\n|-damage|p2a: Ryuji|76\/100\n|\n|t:|1699857217\n|switch|p1a: Banette|Banette, F|100\/100|[from] Flip Turn\n|-item|p2a: Ryuji|Flame Orb|[from] ability: Frisk|[of] p1a: Banette|[identify]\n|\n|-status|p2a: Ryuji|brn|[from] item: Flame Orb\n|upkeep\n|turn|12\n|\n|t:|1699857228\n|detailschange|p1a: Banette|Banette-Mega, F\n|-mega|p1a: Banette|Banette|Banettite\n|-terastallize|p2a: Ryuji|Normal\n|move|p1a: Banette|Encore|p2a: Ryuji\n|-start|p2a: Ryuji|Encore\n|move|p2a: Ryuji|Swords Dance|p2a: Ryuji\n|-boost|p2a: Ryuji|atk|2\n|\n|-damage|p2a: Ryuji|70\/100 brn|[from] brn\n|upkeep\n|turn|13\n|-message|GL Lukas forfeited.\n|\n|win|zhuandayoudou\n|raw|zhuandayoudou's rating: 1387 &rarr; <strong>1408<\/strong><br \/>(+21 for winning)\n|raw|GL Lukas's rating: 1397 &rarr; <strong>1376<\/strong><br \/>(-21 for losing)\n|l|\u2606GL Lukas\n","uploadtime":1699857247,"views":6,"p1id":"zhuandayoudou","p2id":"gllukas","formatid":"gen9nationaldex","rating":1376,"private":0,"password":""}