{"id":"gen9nationaldex-1997170411","p1":"Emi Mana","p2":"Onlymanever","format":"[Gen 9] National Dex","log":"|html|<div class=\"broadcast-blue\"><strong>[Gen 9] National Dex is currently suspecting Sneasler! For information on how to participate check out the <a href=\"https:\/\/www.smogon.com\/forums\/threads\/sv-national-dex-suspect-8-just-dance.3731534\/\">suspect thread<\/a>.<\/strong><\/div>\n|j|\u2606Emi Mana\n|j|\u203dOnlymanever\n|t:|1700771719\n|gametype|singles\n|player|p1|Emi Mana|skyla|1000\n|player|p2|Onlymanever|lyra|1004\n|teamsize|p1|6\n|teamsize|p2|6\n|gen|9\n|tier|[Gen 9] National Dex\n|rated|\n|rule|HP Percentage Mod: HP is shown in percentages\n|rule|Endless Battle Clause: Forcing endless battles is banned\n|rule|OHKO Clause: OHKO moves are banned\n|rule|Evasion Clause: Evasion abilities, items, and moves are banned\n|rule|Evasion Abilities Clause: Evasion abilities are banned\n|rule|Evasion Items Clause: Evasion items are banned\n|rule|Evasion Moves Clause: Evasion moves are banned\n|rule|Species Clause: Limit one of each Pok\u00e9mon\n|rule|Sleep Clause Mod: Limit one foe put to sleep\n|clearpoke\n|poke|p1|Sylveon, F|\n|poke|p1|Mudsdale, F|\n|poke|p1|Iron Hands|\n|poke|p1|Glaceon, M|\n|poke|p1|Hydreigon, F|\n|poke|p1|Ninetales, M|\n|poke|p2|Mr. Mime, F|\n|poke|p2|Inteleon, F|\n|poke|p2|Gallade, M|\n|poke|p2|Arcanine, M|\n|poke|p2|Staraptor, M|\n|poke|p2|Electivire, M|\n|teampreview\n|\n|t:|1700771773\n|start\n|switch|p1a: Silk|Sylveon, F|100\/100\n|switch|p2a: Inteleon|Inteleon, F|100\/100\n|turn|1\n|inactive|Battle timer is ON: inactive players will automatically lose when time's up. (requested by Onlymanever)\n|\n|t:|1700771792\n|move|p2a: Inteleon|Snipe Shot|p1a: Silk\n|-damage|p1a: Silk|71\/100\n|move|p1a: Silk|Moonblast|p2a: Inteleon\n|-crit|p2a: Inteleon\n|-damage|p2a: Inteleon|45\/100\n|-unboost|p2a: Inteleon|spa|1\n|\n|-heal|p2a: Inteleon|51\/100|[from] item: Leftovers\n|upkeep\n|turn|2\n|\n|t:|1700771805\n|switch|p2a: Mr. Mime|Mr. Mime, F|100\/100\n|move|p1a: Silk|Moonblast|p2a: Mr. Mime\n|-damage|p2a: Mr. Mime|65\/100\n|\n|-heal|p2a: Mr. Mime|71\/100|[from] item: Leftovers\n|upkeep\n|turn|3\n|\n|t:|1700771825\n|move|p2a: Mr. Mime|Psychic|p1a: Silk\n|-damage|p1a: Silk|44\/100\n|move|p1a: Silk|Rest|p1a: Silk\n|-status|p1a: Silk|slp|[from] move: Rest\n|-heal|p1a: Silk|100\/100 slp|[silent]\n|\n|-heal|p2a: Mr. Mime|77\/100|[from] item: Leftovers\n|upkeep\n|turn|4\n|\n|t:|1700771837\n|move|p2a: Mr. Mime|Calm Mind|p2a: Mr. Mime\n|-boost|p2a: Mr. Mime|spa|1\n|-boost|p2a: Mr. Mime|spd|1\n|cant|p1a: Silk|slp\n|move|p1a: Silk|Sleep Talk|p1a: Silk\n|move|p1a: Silk|Moonblast|p2a: Mr. Mime|[from]move: Sleep Talk\n|-damage|p2a: Mr. Mime|55\/100\n|\n|-heal|p2a: Mr. Mime|61\/100|[from] item: Leftovers\n|upkeep\n|turn|5\n|\n|t:|1700771850\n|move|p2a: Mr. Mime|Calm Mind|p2a: Mr. Mime\n|-boost|p2a: Mr. Mime|spa|1\n|-boost|p2a: Mr. Mime|spd|1\n|cant|p1a: Silk|slp\n|move|p1a: Silk|Sleep Talk|p1a: Silk\n|move|p1a: Silk|Moonblast|p2a: Mr. Mime|[from]move: Sleep Talk\n|-damage|p2a: Mr. Mime|44\/100\n|\n|-heal|p2a: Mr. Mime|50\/100|[from] item: Leftovers\n|upkeep\n|turn|6\n|\n|t:|1700771873\n|switch|p1a: Emperor|Hydreigon, F|100\/100\n|move|p2a: Mr. Mime|Psychic|p1a: Emperor\n|-immune|p1a: Emperor\n|\n|-heal|p2a: Mr. Mime|56\/100|[from] item: Leftovers\n|upkeep\n|turn|7\n|\n|t:|1700771882\n|move|p1a: Emperor|Dark Pulse|p2a: Mr. Mime\n|-damage|p2a: Mr. Mime|38\/100\n|cant|p2a: Mr. Mime|flinch\n|\n|-heal|p2a: Mr. Mime|44\/100|[from] item: Leftovers\n|upkeep\n|turn|8\n|\n|t:|1700771890\n|move|p1a: Emperor|Dark Pulse|p2a: Mr. Mime\n|-damage|p2a: Mr. Mime|26\/100\n|move|p2a: Mr. Mime|Dazzling Gleam|p1a: Emperor\n|-supereffective|p1a: Emperor\n|-damage|p1a: Emperor|0 fnt\n|faint|p1a: Emperor\n|\n|-heal|p2a: Mr. Mime|32\/100|[from] item: Leftovers\n|upkeep\n|\n|t:|1700771909\n|switch|p1a: Villy|Mudsdale, F|100\/100\n|turn|9\n|\n|t:|1700771922\n|move|p2a: Mr. Mime|Psychic|p1a: Villy\n|-damage|p1a: Villy|23\/100\n|-ability|p1a: Villy|Stamina|boost\n|-boost|p1a: Villy|def|1\n|move|p1a: Villy|Earthquake|p2a: Mr. Mime\n|-damage|p2a: Mr. Mime|0 fnt\n|faint|p2a: Mr. Mime\n|\n|upkeep\n|\n|t:|1700771933\n|switch|p2a: Inteleon|Inteleon, F|51\/100\n|turn|10\n|\n|t:|1700771950\n|switch|p1a: IronMan|Iron Hands|100\/100\n|-enditem|p1a: IronMan|Booster Energy\n|-activate|p1a: IronMan|ability: Quark Drive|[fromitem]\n|-start|p1a: IronMan|quarkdriveatk\n|move|p2a: Inteleon|Snipe Shot|p1a: IronMan\n|-crit|p1a: IronMan\n|-damage|p1a: IronMan|30\/100\n|\n|-heal|p2a: Inteleon|57\/100|[from] item: Leftovers\n|upkeep\n|turn|11\n|\n|t:|1700771962\n|move|p2a: Inteleon|Snipe Shot|p1a: IronMan\n|-damage|p1a: IronMan|0 fnt\n|faint|p1a: IronMan\n|-end|p1a: IronMan|Quark Drive|[silent]\n|\n|-heal|p2a: Inteleon|63\/100|[from] item: Leftovers\n|upkeep\n|\n|t:|1700771972\n|switch|p1a: Icicle|Glaceon, M|100\/100\n|turn|12\n|\n|t:|1700771998\n|move|p2a: Inteleon|Snipe Shot|p1a: Icicle\n|-damage|p1a: Icicle|52\/100\n|move|p1a: Icicle|Freeze-Dry|p2a: Inteleon\n|-supereffective|p2a: Inteleon\n|-damage|p2a: Inteleon|0 fnt\n|faint|p2a: Inteleon\n|\n|upkeep\n|inactive|Onlymanever has 120 seconds left.\n|\n|t:|1700772010\n|switch|p2a: Arcanine|Arcanine, M|100\/100\n|turn|13\n|\n|t:|1700772017\n|-terastallize|p1a: Icicle|Rock\n|move|p2a: Arcanine|Howl|p2a: Arcanine\n|-boost|p2a: Arcanine|atk|1\n|move|p1a: Icicle|Tera Blast|p2a: Arcanine|[anim] Tera Blast Rock\n|-supereffective|p2a: Arcanine\n|-damage|p2a: Arcanine|16\/100\n|\n|-heal|p2a: Arcanine|22\/100|[from] item: Leftovers\n|upkeep\n|turn|14\n|\n|t:|1700772028\n|move|p2a: Arcanine|Close Combat|p1a: Icicle\n|-supereffective|p1a: Icicle\n|-damage|p1a: Icicle|0 fnt\n|-unboost|p2a: Arcanine|def|1\n|-unboost|p2a: Arcanine|spd|1\n|faint|p1a: Icicle\n|\n|-heal|p2a: Arcanine|28\/100|[from] item: Leftovers\n|upkeep\n|\n|t:|1700772038\n|switch|p1a: Honey|Ninetales, M|100\/100\n|turn|15\n|\n|t:|1700772042\n|move|p2a: Arcanine|Close Combat|p1a: Honey\n|-damage|p1a: Honey|31\/100\n|-unboost|p2a: Arcanine|def|1\n|-unboost|p2a: Arcanine|spd|1\n|move|p1a: Honey|Foul Play|p2a: Arcanine\n|-damage|p2a: Arcanine|0 fnt\n|faint|p2a: Arcanine\n|\n|-heal|p1a: Honey|37\/100|[from] item: Leftovers\n|upkeep\n|\n|t:|1700772053\n|switch|p2a: Staraptor|Staraptor, M|100\/100\n|turn|16\n|\n|t:|1700772064\n|move|p2a: Staraptor|Brave Bird|p1a: Honey\n|-damage|p1a: Honey|0 fnt\n|faint|p1a: Honey\n|-damage|p2a: Staraptor|90\/100|[from] Recoil\n|\n|-heal|p2a: Staraptor|96\/100|[from] item: Leftovers\n|upkeep\n|\n|t:|1700772074\n|switch|p1a: Villy|Mudsdale, F|23\/100\n|turn|17\n|\n|t:|1700772085\n|move|p2a: Staraptor|Brave Bird|p1a: Villy\n|-damage|p1a: Villy|0 fnt\n|faint|p1a: Villy\n|-damage|p2a: Staraptor|88\/100|[from] Recoil\n|\n|-heal|p2a: Staraptor|94\/100|[from] item: Leftovers\n|upkeep\n|\n|t:|1700772093\n|switch|p1a: Silk|Sylveon, F|100\/100 slp\n|turn|18\n|\n|t:|1700772101\n|move|p2a: Staraptor|Work Up|p2a: Staraptor\n|-boost|p2a: Staraptor|atk|1\n|-boost|p2a: Staraptor|spa|1\n|-curestatus|p1a: Silk|slp|[msg]\n|move|p1a: Silk|Moonblast|p2a: Staraptor\n|-damage|p2a: Staraptor|39\/100\n|-unboost|p2a: Staraptor|spa|1\n|\n|-heal|p2a: Staraptor|45\/100|[from] item: Leftovers\n|upkeep\n|turn|19\n|\n|t:|1700772112\n|move|p2a: Staraptor|Brave Bird|p1a: Silk\n|-damage|p1a: Silk|0 fnt\n|-start|p2a: Staraptor|Attract|[from] ability: Cute Charm|[of] p1a: Silk\n|faint|p1a: Silk\n|-damage|p2a: Staraptor|10\/100|[from] Recoil\n|-end|p2a: Staraptor|Attract|[silent]\n|\n|win|Onlymanever\n|raw|Emi Mana's rating: 1000 &rarr; <strong>1000<\/strong><br \/>(+0 for losing)\n|raw|Onlymanever's rating: 1004 &rarr; <strong>1043<\/strong><br \/>(+39 for winning)\n","uploadtime":1700772124,"views":4,"p1id":"emimana","p2id":"onlymanever","formatid":"gen9nationaldex","rating":1000,"private":0,"password":""}