{"id":"gen9nationaldex-1999982648","p1":"Makuto66","p2":"mr Deuzp","format":"[Gen 9] National Dex","log":"|html|<div class=\"broadcast-blue\"><strong>[Gen 9] National Dex is currently suspecting Sneasler! For information on how to participate check out the <a href=\"https:\/\/www.smogon.com\/forums\/threads\/sv-national-dex-suspect-8-just-dance.3731534\/\">suspect thread<\/a>.<\/strong><\/div>\n|j|\u203dMakuto66\n|j|\u2606mr Deuzp\n|t:|1701137474\n|gametype|singles\n|player|p1|Makuto66|riley|1190\n|player|p2|mr Deuzp|shadowtriad|1297\n|teamsize|p1|6\n|teamsize|p2|6\n|gen|9\n|tier|[Gen 9] National Dex\n|rated|\n|rule|HP Percentage Mod: HP is shown in percentages\n|rule|Endless Battle Clause: Forcing endless battles is banned\n|rule|OHKO Clause: OHKO moves are banned\n|rule|Evasion Clause: Evasion abilities, items, and moves are banned\n|rule|Evasion Abilities Clause: Evasion abilities are banned\n|rule|Evasion Items Clause: Evasion items are banned\n|rule|Evasion Moves Clause: Evasion moves are banned\n|rule|Species Clause: Limit one of each Pok\u00e9mon\n|rule|Sleep Clause Mod: Limit one foe put to sleep\n|clearpoke\n|poke|p1|Slowbro, F|\n|poke|p1|Incineroar, M|\n|poke|p1|Exeggutor-Alola, M|\n|poke|p1|Iron Valiant|\n|poke|p1|Moltres|\n|poke|p1|Diancie|\n|poke|p2|Incineroar, M|\n|poke|p2|Excadrill, M|\n|poke|p2|Primarina, F|\n|poke|p2|Sneasler, M|\n|poke|p2|Polteageist-Antique|\n|poke|p2|Moltres-Galar|\n|teampreview\n|\n|t:|1701137484\n|start\n|switch|p1a: Incineroar|Incineroar, M|100\/100\n|switch|p2a: Excadrill|Excadrill, M, shiny|100\/100\n|-ability|p2a: Excadrill|Mold Breaker\n|-ability|p1a: Incineroar|Intimidate|boost\n|-unboost|p2a: Excadrill|atk|1\n|turn|1\n|\n|t:|1701137488\n|switch|p1a: Exeggutor|Exeggutor-Alola, M|100\/100\n|move|p2a: Excadrill|Stealth Rock|p1a: Exeggutor\n|-sidestart|p1: Makuto66|move: Stealth Rock\n|\n|upkeep\n|turn|2\n|\n|t:|1701137493\n|move|p2a: Excadrill|Iron Head|p1a: Exeggutor\n|-damage|p1a: Exeggutor|69\/100\n|move|p1a: Exeggutor|Flamethrower|p2a: Excadrill\n|-supereffective|p2a: Excadrill\n|-damage|p2a: Excadrill|10\/100\n|\n|-heal|p2a: Excadrill|16\/100|[from] item: Leftovers\n|upkeep\n|turn|3\n|\n|t:|1701137504\n|switch|p2a: Incineroar|Incineroar, M, shiny|100\/100\n|-ability|p2a: Incineroar|Intimidate|boost\n|-unboost|p1a: Exeggutor|atk|1\n|move|p1a: Exeggutor|Power Whip|p2a: Incineroar\n|-resisted|p2a: Incineroar\n|-damage|p2a: Incineroar|84\/100\n|\n|upkeep\n|turn|4\n|\n|t:|1701137513\n|move|p2a: Incineroar|Fake Out|p1a: Exeggutor\n|-damage|p1a: Exeggutor|54\/100\n|cant|p1a: Exeggutor|flinch\n|\n|upkeep\n|turn|5\n|\n|t:|1701137519\n|move|p2a: Incineroar|Flare Blitz|p1a: Exeggutor\n|-damage|p1a: Exeggutor|0 fnt\n|faint|p1a: Exeggutor\n|-damage|p2a: Incineroar|69\/100|[from] Recoil\n|\n|upkeep\n|\n|t:|1701137528\n|switch|p1a: Moltres|Moltres|100\/100\n|turn|6\n|\n|t:|1701137532\n|move|p1a: Moltres|Defog|p2a: Incineroar\n|-unboost|p2a: Incineroar|evasion|1\n|-sideend|p1: Makuto66|Stealth Rock|[from] move: Defog|[of] p1a: Moltres\n|move|p2a: Incineroar|Darkest Lariat|p1a: Moltres\n|-damage|p1a: Moltres|61\/100\n|\n|upkeep\n|turn|7\n|\n|t:|1701137543\n|move|p1a: Moltres|Roost|p1a: Moltres\n|-heal|p1a: Moltres|100\/100\n|-singleturn|p1a: Moltres|move: Roost\n|move|p2a: Incineroar|U-turn|p1a: Moltres\n|-resisted|p1a: Moltres\n|-damage|p1a: Moltres|90\/100\n|\n|t:|1701137550\n|switch|p2a: Primarina|Primarina, F, shiny|100\/100|[from] U-turn\n|\n|upkeep\n|turn|8\n|\n|t:|1701137569\n|move|p1a: Moltres|Brave Bird|p2a: Primarina\n|-damage|p2a: Primarina|55\/100\n|-damage|p1a: Moltres|76\/100|[from] Recoil\n|move|p2a: Primarina|Sparkling Aria|p1a: Moltres\n|-supereffective|p1a: Moltres\n|-damage|p1a: Moltres|0 fnt\n|faint|p1a: Moltres\n|\n|upkeep\n|\n|t:|1701137578\n|switch|p1a: Iron Valiant|Iron Valiant|100\/100\n|-enditem|p1a: Iron Valiant|Booster Energy\n|-activate|p1a: Iron Valiant|ability: Quark Drive|[fromitem]\n|-start|p1a: Iron Valiant|quarkdrivespe\n|turn|9\n|\n|t:|1701137582\n|move|p1a: Iron Valiant|Calm Mind|p1a: Iron Valiant\n|-boost|p1a: Iron Valiant|spa|1\n|-boost|p1a: Iron Valiant|spd|1\n|-zpower|p2a: Primarina\n|move|p2a: Primarina|Oceanic Operetta|p1a: Iron Valiant|[zeffect]\n|-damage|p1a: Iron Valiant|0 fnt\n|faint|p1a: Iron Valiant\n|-end|p1a: Iron Valiant|Quark Drive|[silent]\n|\n|upkeep\n|-message|Makuto66 forfeited.\n|\n|win|mr Deuzp\n|raw|Makuto66's rating: 1190 &rarr; <strong>1172<\/strong><br \/>(-18 for losing)\n|raw|mr Deuzp's rating: 1297 &rarr; <strong>1315<\/strong><br \/>(+18 for winning)\n|l|\u203dMakuto66\n","uploadtime":1701137602,"views":8,"p1id":"makuto66","p2id":"mrdeuzp","formatid":"gen9nationaldex","rating":1172,"private":0,"password":""}