{"id":"gen9nationaldex-1999507341","p1":"ttheus","p2":"Trainer N 500","format":"[Gen 9] National Dex","log":"|html|<div class=\"broadcast-blue\"><strong>[Gen 9] National Dex is currently suspecting Sneasler! For information on how to participate check out the <a href=\"https:\/\/www.smogon.com\/forums\/threads\/sv-national-dex-suspect-8-just-dance.3731534\/\">suspect thread<\/a>.<\/strong><\/div>\n|j|\u2606ttheus\n|j|\u2606Trainer N 500\n|t:|1701090415\n|gametype|singles\n|player|p1|ttheus|1|1076\n|player|p2|Trainer N 500|1|1031\n|teamsize|p1|6\n|teamsize|p2|6\n|gen|9\n|tier|[Gen 9] National Dex\n|rated|\n|rule|HP Percentage Mod: HP is shown in percentages\n|rule|Endless Battle Clause: Forcing endless battles is banned\n|rule|OHKO Clause: OHKO moves are banned\n|rule|Evasion Clause: Evasion abilities, items, and moves are banned\n|rule|Evasion Abilities Clause: Evasion abilities are banned\n|rule|Evasion Items Clause: Evasion items are banned\n|rule|Evasion Moves Clause: Evasion moves are banned\n|rule|Species Clause: Limit one of each Pok\u00e9mon\n|rule|Sleep Clause Mod: Limit one foe put to sleep\n|clearpoke\n|poke|p1|Garchomp, F|\n|poke|p1|Charizard, F|\n|poke|p1|Gigalith, M|\n|poke|p1|Dracozolt|\n|poke|p1|Gliscor, M|\n|poke|p1|Ogerpon-Wellspring, F|\n|poke|p2|Conkeldurr, M|\n|poke|p2|Reuniclus, F|\n|poke|p2|Toxapex, F|\n|poke|p2|Seismitoad, M|\n|poke|p2|Diancie|\n|poke|p2|Zoroark-Hisui, F|\n|teampreview\n|inactive|Battle timer is ON: inactive players will automatically lose when time's up. (requested by Trainer N 500)\n|\n|t:|1701090441\n|start\n|switch|p1a: Gigalith|Gigalith, M, shiny|100\/100\n|switch|p2a: Diancie|Diancie, shiny|100\/100\n|-weather|Sandstorm|[from] ability: Sand Stream|[of] p1a: Gigalith\n|turn|1\n|\n|t:|1701090452\n|detailschange|p2a: Diancie|Diancie-Mega, shiny\n|-mega|p2a: Diancie|Diancie|Diancite\n|move|p2a: Diancie|Stealth Rock|p1a: Gigalith\n|-sidestart|p1: ttheus|move: Stealth Rock\n|move|p1a: Gigalith|Earthquake|p2a: Diancie\n|-supereffective|p2a: Diancie\n|-damage|p2a: Diancie|25\/100\n|\n|-weather|Sandstorm|[upkeep]\n|upkeep\n|turn|2\n|inactive|ttheus has 120 seconds left.\n|\n|t:|1701090506\n|switch|p2a: Reuniclus|Reuniclus, F, shiny|100\/100\n|move|p1a: Gigalith|Earthquake|p2a: Reuniclus\n|-damage|p2a: Reuniclus|79\/100\n|\n|-weather|Sandstorm|[upkeep]\n|upkeep\n|turn|3\n|\n|t:|1701090523\n|switch|p1a: H\u00f3rus|Gliscor, M, shiny|100\/100\n|-damage|p1a: H\u00f3rus|88\/100|[from] Stealth Rock\n|move|p2a: Reuniclus|Calm Mind|p2a: Reuniclus\n|-boost|p2a: Reuniclus|spa|1\n|-boost|p2a: Reuniclus|spd|1\n|\n|-weather|Sandstorm|[upkeep]\n|-status|p1a: H\u00f3rus|tox|[from] item: Toxic Orb\n|upkeep\n|turn|4\n|inactive|Trainer N 500 has 120 seconds left.\n|\n|t:|1701090560\n|move|p1a: H\u00f3rus|Swords Dance|p1a: H\u00f3rus\n|-boost|p1a: H\u00f3rus|atk|2\n|move|p2a: Reuniclus|Psyshock|p1a: H\u00f3rus\n|-damage|p1a: H\u00f3rus|44\/100 tox\n|\n|-weather|Sandstorm|[upkeep]\n|-heal|p1a: H\u00f3rus|57\/100 tox|[from] ability: Poison Heal\n|upkeep\n|turn|5\n|inactive|Trainer N 500 has 120 seconds left.\n|\n|t:|1701090569\n|move|p1a: H\u00f3rus|Facade|p2a: Reuniclus\n|-damage|p2a: Reuniclus|22\/100\n|move|p2a: Reuniclus|Psyshock|p1a: H\u00f3rus\n|-damage|p1a: H\u00f3rus|14\/100 tox\n|\n|-weather|none\n|-heal|p1a: H\u00f3rus|27\/100 tox|[from] ability: Poison Heal\n|upkeep\n|turn|6\n|\n|t:|1701090575\n|switch|p2a: Conkeldurr|Conkeldurr, M, shiny|100\/100\n|move|p1a: H\u00f3rus|Facade|p2a: Conkeldurr\n|-damage|p2a: Conkeldurr|10\/100\n|\n|-heal|p1a: H\u00f3rus|39\/100 tox|[from] ability: Poison Heal\n|-status|p2a: Conkeldurr|brn|[from] item: Flame Orb\n|upkeep\n|turn|7\n|\n|t:|1701090581\n|move|p2a: Conkeldurr|Mach Punch|p1a: H\u00f3rus\n|-resisted|p1a: H\u00f3rus\n|-damage|p1a: H\u00f3rus|24\/100 tox\n|move|p1a: H\u00f3rus|Roost|p1a: H\u00f3rus\n|-heal|p1a: H\u00f3rus|74\/100 tox\n|-singleturn|p1a: H\u00f3rus|move: Roost\n|\n|-heal|p1a: H\u00f3rus|87\/100 tox|[from] ability: Poison Heal\n|-damage|p2a: Conkeldurr|4\/100 brn|[from] brn\n|upkeep\n|turn|8\n|\n|t:|1701090590\n|move|p1a: H\u00f3rus|Swords Dance|p1a: H\u00f3rus\n|-boost|p1a: H\u00f3rus|atk|2\n|move|p2a: Conkeldurr|Knock Off|p1a: H\u00f3rus\n|-damage|p1a: H\u00f3rus|37\/100 tox\n|-enditem|p1a: H\u00f3rus|Toxic Orb|[from] move: Knock Off|[of] p2a: Conkeldurr\n|\n|-heal|p1a: H\u00f3rus|50\/100 tox|[from] ability: Poison Heal\n|-damage|p2a: Conkeldurr|0 fnt|[from] brn\n|faint|p2a: Conkeldurr\n|upkeep\n|\n|t:|1701090606\n|switch|p2a: Diancie|Diancie-Mega, shiny|100\/100\n|turn|9\n|inactive|Trainer N 500 has 120 seconds left.\n|\n|t:|1701090637\n|move|p2a: Diancie|Trick|p1a: H\u00f3rus\n|-activate|p2a: Diancie|move: Trick|[of] p1a: H\u00f3rus\n|-item|p1a: H\u00f3rus|Choice Specs|[from] move: Trick\n|-enditem|p2a: Diancie|Choice Specs|[silent]|[from] move: Trick\n|move|p1a: H\u00f3rus|Earthquake|p2a: Diancie\n|-damage|p2a: Diancie|0 fnt\n|replace|p2a: Zoroark|Zoroark-Hisui, F\n|-end|p2a: Zoroark|Illusion\n|faint|p2a: Zoroark\n|\n|-heal|p1a: H\u00f3rus|62\/100 tox|[from] ability: Poison Heal\n|upkeep\n|\n|t:|1701090647\n|switch|p2a: Seismitoad|Seismitoad, M, shiny|100\/100\n|turn|10\n|\n|t:|1701090650\n|move|p2a: Seismitoad|Ice Punch|p1a: H\u00f3rus\n|-supereffective|p1a: H\u00f3rus\n|-damage|p1a: H\u00f3rus|0 fnt\n|faint|p1a: H\u00f3rus\n|-damage|p2a: Seismitoad|91\/100|[from] item: Life Orb\n|\n|upkeep\n|\n|t:|1701090654\n|switch|p1a: Gigalith|Gigalith, M, shiny|100\/100\n|-damage|p1a: Gigalith|88\/100|[from] Stealth Rock\n|-weather|Sandstorm|[from] ability: Sand Stream|[of] p1a: Gigalith\n|turn|11\n|inactive|Trainer N 500 has 120 seconds left.\n|\n|t:|1701090668\n|move|p2a: Seismitoad|Liquidation|p1a: Gigalith\n|-supereffective|p1a: Gigalith\n|-damage|p1a: Gigalith|7\/100\n|-damage|p2a: Seismitoad|81\/100|[from] item: Life Orb\n|move|p1a: Gigalith|Toxic|p2a: Seismitoad\n|-status|p2a: Seismitoad|tox\n|\n|-weather|Sandstorm|[upkeep]\n|-heal|p1a: Gigalith|13\/100|[from] item: Leftovers\n|-damage|p2a: Seismitoad|75\/100 tox|[from] psn\n|upkeep\n|turn|12\n|\n|t:|1701090676\n|move|p2a: Seismitoad|Liquidation|p1a: Gigalith\n|-supereffective|p1a: Gigalith\n|-damage|p1a: Gigalith|0 fnt\n|faint|p1a: Gigalith\n|-damage|p2a: Seismitoad|65\/100 tox|[from] item: Life Orb\n|\n|-weather|Sandstorm|[upkeep]\n|-damage|p2a: Seismitoad|53\/100 tox|[from] psn\n|upkeep\n|-message|ttheus forfeited.\n|\n|win|Trainer N 500\n|raw|ttheus's rating: 1076 &rarr; <strong>1052<\/strong><br \/>(-24 for losing)\n|raw|Trainer N 500's rating: 1031 &rarr; <strong>1071<\/strong><br \/>(+40 for winning)\n|l|\u2606ttheus\n","uploadtime":1701090703,"views":1,"p1id":"ttheus","p2id":"trainern500","formatid":"gen9nationaldex","rating":1052,"private":0,"password":""}