{"id":"gen9nationaldex-1997939539","p1":"iamjustanillusion","p2":"bugmonobestmono","format":"[Gen 9] National Dex","log":"|html|<div class=\"broadcast-blue\"><strong>[Gen 9] National Dex is currently suspecting Sneasler! For information on how to participate check out the <a href=\"https:\/\/www.smogon.com\/forums\/threads\/sv-national-dex-suspect-8-just-dance.3731534\/\">suspect thread<\/a>.<\/strong><\/div>\n|j|\u2606iamjustanillusion\n|j|\u2606bugmonobestmono\n|t:|1700869857\n|gametype|singles\n|player|p1|iamjustanillusion|winona|\n|player|p2|bugmonobestmono|bugcatcher-gen4dp|\n|teamsize|p1|6\n|teamsize|p2|6\n|gen|9\n|tier|[Gen 9] National Dex\n|rule|HP Percentage Mod: HP is shown in percentages\n|rule|Endless Battle Clause: Forcing endless battles is banned\n|rule|OHKO Clause: OHKO moves are banned\n|rule|Evasion Clause: Evasion abilities, items, and moves are banned\n|rule|Evasion Abilities Clause: Evasion abilities are banned\n|rule|Evasion Items Clause: Evasion items are banned\n|rule|Evasion Moves Clause: Evasion moves are banned\n|rule|Species Clause: Limit one of each Pok\u00e9mon\n|rule|Sleep Clause Mod: Limit one foe put to sleep\n|clearpoke\n|poke|p1|Minior|\n|poke|p1|Flygon, M|\n|poke|p1|Gliscor, F|\n|poke|p1|Aerodactyl, M|\n|poke|p1|Latios, M|\n|poke|p1|Dragonite, F|\n|poke|p2|Ogerpon-Wellspring, F|\n|poke|p2|Absol, F|\n|poke|p2|Gliscor, M|\n|poke|p2|Sinistcha|\n|poke|p2|Magnezone|\n|poke|p2|Celesteela|\n|teampreview\n|inactive|Battle timer is ON: inactive players will automatically lose when time's up. (requested by bugmonobestmono)\n|c|\u2606bugmonobestmono|glhf\n|c|\u2606iamjustanillusion|helloo\n|c|\u2606iamjustanillusion|i am a goofy monke\n|c|\u2606bugmonobestmono|okay then\n|c|\u2606iamjustanillusion|go watch dragon ball\n|c|\u2606iamjustanillusion|trust me\n|\n|t:|1700869882\n|start\n|switch|p1a: Latios|Latios, M|100\/100\n|switch|p2a: Celesteela|Celesteela|100\/100\n|turn|1\n|c|\u2606iamjustanillusion|dragon ball is extra pog\n|\n|t:|1700869899\n|switch|p2a: Sinistcha|Sinistcha|100\/100\n|move|p1a: Latios|Thunderbolt|p2a: Sinistcha\n|-resisted|p2a: Sinistcha\n|-damage|p2a: Sinistcha|85\/100\n|\n|-heal|p2a: Sinistcha|91\/100|[from] item: Leftovers\n|upkeep\n|turn|2\n|\n|t:|1700869911\n|switch|p1a: Aerodactyl|Aerodactyl, M|100\/100\n|-ability|p1a: Aerodactyl|Unnerve\n|move|p2a: Sinistcha|Iron Defense|p2a: Sinistcha\n|-boost|p2a: Sinistcha|def|2\n|\n|-heal|p2a: Sinistcha|97\/100|[from] item: Leftovers\n|upkeep\n|turn|3\n|\n|t:|1700869924\n|detailschange|p1a: Aerodactyl|Aerodactyl-Mega, M\n|-mega|p1a: Aerodactyl|Aerodactyl|Aerodactylite\n|-terastallize|p2a: Sinistcha|Steel\n|move|p1a: Aerodactyl|Dual Wingbeat|p2a: Sinistcha\n|-resisted|p2a: Sinistcha\n|-damage|p2a: Sinistcha|90\/100\n|-resisted|p2a: Sinistcha\n|-damage|p2a: Sinistcha|83\/100\n|-hitcount|p2a: Sinistcha|2\n|move|p2a: Sinistcha|Iron Defense|p2a: Sinistcha\n|-boost|p2a: Sinistcha|def|2\n|\n|-heal|p2a: Sinistcha|89\/100|[from] item: Leftovers\n|upkeep\n|turn|4\n|\n|t:|1700869932\n|move|p1a: Aerodactyl|Dragon Dance|p1a: Aerodactyl\n|-boost|p1a: Aerodactyl|atk|1\n|-boost|p1a: Aerodactyl|spe|1\n|move|p2a: Sinistcha|Calm Mind|p2a: Sinistcha\n|-boost|p2a: Sinistcha|spa|1\n|-boost|p2a: Sinistcha|spd|1\n|\n|-heal|p2a: Sinistcha|95\/100|[from] item: Leftovers\n|upkeep\n|turn|5\n|\n|t:|1700869934\n|move|p1a: Aerodactyl|Dragon Dance|p1a: Aerodactyl\n|-boost|p1a: Aerodactyl|atk|1\n|-boost|p1a: Aerodactyl|spe|1\n|move|p2a: Sinistcha|Matcha Gotcha|p1a: Aerodactyl\n|-damage|p1a: Aerodactyl|35\/100\n|-heal|p2a: Sinistcha|100\/100|[from] drain|[of] p1a: Aerodactyl\n|\n|upkeep\n|turn|6\n|\n|t:|1700869937\n|move|p1a: Aerodactyl|Earthquake|p2a: Sinistcha\n|-supereffective|p2a: Sinistcha\n|-damage|p2a: Sinistcha|50\/100\n|move|p2a: Sinistcha|Matcha Gotcha|p1a: Aerodactyl\n|-damage|p1a: Aerodactyl|0 fnt\n|-heal|p2a: Sinistcha|66\/100|[from] drain|[of] p1a: Aerodactyl\n|faint|p1a: Aerodactyl\n|\n|-heal|p2a: Sinistcha|72\/100|[from] item: Leftovers\n|upkeep\n|\n|t:|1700869950\n|switch|p1a: Latios|Latios, M|100\/100\n|turn|7\n|\n|t:|1700869953\n|move|p1a: Latios|Aura Sphere|p2a: Sinistcha\n|-supereffective|p2a: Sinistcha\n|-damage|p2a: Sinistcha|33\/100\n|move|p2a: Sinistcha|Calm Mind|p2a: Sinistcha\n|-boost|p2a: Sinistcha|spa|1\n|-boost|p2a: Sinistcha|spd|1\n|\n|-heal|p2a: Sinistcha|39\/100|[from] item: Leftovers\n|upkeep\n|turn|8\n|\n|t:|1700869960\n|move|p1a: Latios|Aura Sphere|p2a: Sinistcha\n|-supereffective|p2a: Sinistcha\n|-damage|p2a: Sinistcha|9\/100\n|move|p2a: Sinistcha|Shadow Ball|p1a: Latios\n|-supereffective|p1a: Latios\n|-damage|p1a: Latios|0 fnt\n|faint|p1a: Latios\n|\n|-heal|p2a: Sinistcha|16\/100|[from] item: Leftovers\n|upkeep\n|\n|t:|1700869967\n|switch|p1a: Gliscor|Gliscor, F|100\/100\n|turn|9\n|c|\u2606iamjustanillusion|owie\n|\n|t:|1700869971\n|move|p1a: Gliscor|Earthquake|p2a: Sinistcha\n|-supereffective|p2a: Sinistcha\n|-damage|p2a: Sinistcha|0 fnt\n|faint|p2a: Sinistcha\n|\n|-status|p1a: Gliscor|tox|[from] item: Toxic Orb\n|upkeep\n|\n|t:|1700869974\n|switch|p2a: Ogerpon|Ogerpon-Wellspring, F|100\/100\n|turn|10\n|\n|t:|1700869978\n|move|p2a: Ogerpon|Swords Dance|p2a: Ogerpon\n|-boost|p2a: Ogerpon|atk|2\n|move|p1a: Gliscor|Toxic|p2a: Ogerpon\n|-status|p2a: Ogerpon|tox\n|\n|-damage|p2a: Ogerpon|94\/100 tox|[from] psn\n|upkeep\n|turn|11\n|\n|t:|1700869980\n|move|p1a: Gliscor|Protect|p1a: Gliscor\n|-singleturn|p1a: Gliscor|Protect\n|move|p2a: Ogerpon|Ivy Cudgel|p1a: Gliscor|[anim] Ivy Cudgel Water\n|-activate|p1a: Gliscor|move: Protect\n|\n|-damage|p2a: Ogerpon|82\/100 tox|[from] psn\n|upkeep\n|turn|12\n|\n|t:|1700869987\n|switch|p1a: Flygon|Flygon, M|100\/100\n|move|p2a: Ogerpon|Ivy Cudgel|p1a: Flygon|[anim] Ivy Cudgel Water\n|-damage|p1a: Flygon|0 fnt\n|faint|p1a: Flygon\n|\n|-damage|p2a: Ogerpon|64\/100 tox|[from] psn\n|upkeep\n|\n|t:|1700869989\n|switch|p1a: Gliscor|Gliscor, F|100\/100 tox\n|turn|13\n|\n|t:|1700869993\n|move|p1a: Gliscor|Protect|p1a: Gliscor\n|-singleturn|p1a: Gliscor|Protect\n|move|p2a: Ogerpon|Swords Dance|p2a: Ogerpon\n|-boost|p2a: Ogerpon|atk|2\n|\n|-damage|p2a: Ogerpon|40\/100 tox|[from] psn\n|upkeep\n|turn|14\n|\n|t:|1700870003\n|switch|p1a: Dragonite|Dragonite, F|100\/100\n|move|p2a: Ogerpon|Horn Leech|p1a: Dragonite\n|-resisted|p1a: Dragonite\n|-damage|p1a: Dragonite|86\/100\n|-heal|p2a: Ogerpon|46\/100 tox|[from] drain|[of] p1a: Dragonite\n|\n|-damage|p2a: Ogerpon|16\/100 tox|[from] psn\n|upkeep\n|turn|15\n|\n|t:|1700870005\n|move|p1a: Dragonite|Extreme Speed|p2a: Ogerpon\n|-damage|p2a: Ogerpon|0 fnt\n|faint|p2a: Ogerpon\n|\n|upkeep\n|\n|t:|1700870009\n|switch|p2a: Magnezone|Magnezone|100\/100\n|turn|16\n|\n|t:|1700870016\n|move|p1a: Dragonite|Earthquake|p2a: Magnezone\n|-supereffective|p2a: Magnezone\n|-damage|p2a: Magnezone|0 fnt\n|faint|p2a: Magnezone\n|\n|upkeep\n|c|\u2606iamjustanillusion|oopsie\n|c|\u2606iamjustanillusion|poopsie\n|\n|t:|1700870027\n|switch|p2a: Celesteela|Celesteela|100\/100\n|turn|17\n|\n|t:|1700870031\n|move|p1a: Dragonite|Extreme Speed|p2a: Celesteela\n|-resisted|p2a: Celesteela\n|-damage|p2a: Celesteela|91\/100\n|move|p2a: Celesteela|Substitute|p2a: Celesteela\n|-start|p2a: Celesteela|Substitute\n|-damage|p2a: Celesteela|67\/100\n|\n|-heal|p2a: Celesteela|73\/100|[from] item: Leftovers\n|upkeep\n|turn|18\n|\n|t:|1700870034\n|move|p1a: Dragonite|Earthquake|p2a: Celesteela\n|-immune|p2a: Celesteela\n|move|p2a: Celesteela|Leech Seed|p1a: Dragonite|[miss]\n|-miss|p2a: Celesteela|p1a: Dragonite\n|\n|-heal|p2a: Celesteela|79\/100|[from] item: Leftovers\n|upkeep\n|turn|19\n|\n|t:|1700870037\n|move|p1a: Dragonite|Fire Punch|p2a: Celesteela\n|-supereffective|p2a: Celesteela\n|-end|p2a: Celesteela|Substitute\n|move|p2a: Celesteela|Leech Seed|p1a: Dragonite\n|-start|p1a: Dragonite|move: Leech Seed\n|\n|-heal|p2a: Celesteela|85\/100|[from] item: Leftovers\n|-damage|p1a: Dragonite|74\/100|[from] Leech Seed|[of] p2a: Celesteela\n|-heal|p2a: Celesteela|95\/100|[silent]\n|upkeep\n|turn|20\n|\n|t:|1700870041\n|switch|p2a: Gliscor|Gliscor, M|100\/100\n|move|p1a: Dragonite|Fire Punch|p2a: Gliscor\n|-damage|p2a: Gliscor|84\/100\n|\n|-damage|p1a: Dragonite|61\/100|[from] Leech Seed|[of] p2a: Gliscor\n|-heal|p2a: Gliscor|95\/100|[silent]\n|-status|p2a: Gliscor|tox|[from] item: Toxic Orb\n|upkeep\n|turn|21\n|\n|t:|1700870050\n|switch|p1a: Minior|Minior|100\/100\n|-formechange|p1a: Minior|Minior-Meteor||[from] ability: Shields Down\n|switch|p2a: Celesteela|Celesteela|95\/100\n|\n|-heal|p2a: Celesteela|100\/100|[from] item: Leftovers\n|upkeep\n|turn|22\n|\n|t:|1700870072\n|switch|p1a: Dragonite|Dragonite, F|61\/100\n|move|p2a: Celesteela|Substitute|p2a: Celesteela\n|-start|p2a: Celesteela|Substitute\n|-damage|p2a: Celesteela|76\/100\n|\n|-heal|p2a: Celesteela|82\/100|[from] item: Leftovers\n|upkeep\n|turn|23\n|\n|t:|1700870076\n|move|p1a: Dragonite|Fire Punch|p2a: Celesteela\n|-supereffective|p2a: Celesteela\n|-end|p2a: Celesteela|Substitute\n|move|p2a: Celesteela|Leech Seed|p1a: Dragonite\n|-start|p1a: Dragonite|move: Leech Seed\n|\n|-heal|p2a: Celesteela|88\/100|[from] item: Leftovers\n|-damage|p1a: Dragonite|49\/100|[from] Leech Seed|[of] p2a: Celesteela\n|-heal|p2a: Celesteela|98\/100|[silent]\n|upkeep\n|turn|24\n|\n|t:|1700870085\n|move|p1a: Dragonite|Extreme Speed|p2a: Celesteela\n|-resisted|p2a: Celesteela\n|-damage|p2a: Celesteela|88\/100\n|move|p2a: Celesteela|Substitute|p2a: Celesteela\n|-start|p2a: Celesteela|Substitute\n|-damage|p2a: Celesteela|63\/100\n|\n|-heal|p2a: Celesteela|69\/100|[from] item: Leftovers\n|-damage|p1a: Dragonite|37\/100|[from] Leech Seed|[of] p2a: Celesteela\n|-heal|p2a: Celesteela|79\/100|[silent]\n|upkeep\n|turn|25\n|\n|t:|1700870089\n|move|p1a: Dragonite|Fire Punch|p2a: Celesteela\n|-supereffective|p2a: Celesteela\n|-end|p2a: Celesteela|Substitute\n|move|p2a: Celesteela|Heavy Slam|p1a: Dragonite\n|-damage|p1a: Dragonite|0 fnt\n|faint|p1a: Dragonite\n|-ability|p2a: Celesteela|Beast Boost|boost\n|-boost|p2a: Celesteela|def|1\n|\n|-heal|p2a: Celesteela|85\/100|[from] item: Leftovers\n|upkeep\n|\n|t:|1700870093\n|switch|p1a: Minior|Minior|100\/100\n|-formechange|p1a: Minior|Minior-Meteor||[from] ability: Shields Down\n|turn|26\n|\n|t:|1700870097\n|move|p1a: Minior|Shell Smash|p1a: Minior\n|-unboost|p1a: Minior|def|1\n|-unboost|p1a: Minior|spd|1\n|-boost|p1a: Minior|atk|2\n|-boost|p1a: Minior|spa|2\n|-boost|p1a: Minior|spe|2\n|move|p2a: Celesteela|Substitute|p2a: Celesteela\n|-start|p2a: Celesteela|Substitute\n|-damage|p2a: Celesteela|61\/100\n|\n|-heal|p2a: Celesteela|67\/100|[from] item: Leftovers\n|upkeep\n|turn|27\n|\n|t:|1700870101\n|move|p1a: Minior|Rock Slide|p2a: Celesteela\n|-activate|p2a: Celesteela|move: Substitute|[damage]\n|move|p2a: Celesteela|Heavy Slam|p1a: Minior\n|-supereffective|p1a: Minior\n|-enditem|p1a: Minior|Focus Sash\n|-damage|p1a: Minior|1\/100\n|\n|-heal|p2a: Celesteela|73\/100|[from] item: Leftovers\n|-formechange|p1a: Minior|Minior||[from] ability: Shields Down\n|upkeep\n|turn|28\n|\n|t:|1700870112\n|move|p1a: Minior|Acrobatics|p2a: Celesteela\n|-resisted|p2a: Celesteela\n|-end|p2a: Celesteela|Substitute\n|move|p2a: Celesteela|Heavy Slam|p1a: Minior\n|-supereffective|p1a: Minior\n|-damage|p1a: Minior|0 fnt\n|faint|p1a: Minior\n|-ability|p2a: Celesteela|Beast Boost|boost\n|-boost|p2a: Celesteela|def|1\n|\n|-heal|p2a: Celesteela|79\/100|[from] item: Leftovers\n|upkeep\n|\n|t:|1700870114\n|switch|p1a: Gliscor|Gliscor, F|100\/100 tox\n|turn|29\n|\n|t:|1700870120\n|move|p1a: Gliscor|Protect|p1a: Gliscor\n|-singleturn|p1a: Gliscor|Protect\n|move|p2a: Celesteela|Leech Seed|p1a: Gliscor\n|-activate|p1a: Gliscor|move: Protect\n|\n|-heal|p2a: Celesteela|85\/100|[from] item: Leftovers\n|upkeep\n|turn|30\n|c|\u2606bugmonobestmono|gg\n|c|\u2606iamjustanillusion|gg :(\n|c|\u2606iamjustanillusion|you just couldnt let gliscor cook :(\n|c|\u2606bugmonobestmono|yup\n|c|\u2606iamjustanillusion|sad sad :(\n|inactive|iamjustanillusion has 270 seconds left.\n|c|\u2606iamjustanillusion|kill me with the dog\n|c|\u2606iamjustanillusion|plz?\n|c|\u2606bugmonobestmono|ok\n|\n|t:|1700870165\n|move|p1a: Gliscor|Roost||[still]\n|-fail|p1a: Gliscor|heal\n|move|p2a: Celesteela|Leech Seed|p1a: Gliscor\n|-start|p1a: Gliscor|move: Leech Seed\n|\n|-heal|p2a: Celesteela|91\/100|[from] item: Leftovers\n|-damage|p1a: Gliscor|88\/100 tox|[from] Leech Seed|[of] p2a: Celesteela\n|-heal|p2a: Celesteela|100\/100|[silent]\n|-heal|p1a: Gliscor|100\/100 tox|[from] ability: Poison Heal\n|upkeep\n|turn|31\n|\n|t:|1700870172\n|switch|p2a: Absol|Absol, F|100\/100\n|move|p1a: Gliscor|Roost||[still]\n|-fail|p1a: Gliscor|heal\n|\n|-damage|p1a: Gliscor|88\/100 tox|[from] Leech Seed|[of] p2a: Absol\n|-heal|p1a: Gliscor|100\/100 tox|[from] ability: Poison Heal\n|upkeep\n|turn|32\n|c|\u2606iamjustanillusion|hi doggie\n|c|\u2606iamjustanillusion|:)\n|\n|t:|1700870186\n|detailschange|p2a: Absol|Absol-Mega, F\n|-mega|p2a: Absol|Absol|Absolite\n|-terastallize|p1a: Gliscor|Steel\n|move|p2a: Absol|Fire Blast|p1a: Gliscor\n|-supereffective|p1a: Gliscor\n|-damage|p1a: Gliscor|28\/100 tox\n|move|p1a: Gliscor|Roost|p1a: Gliscor\n|-heal|p1a: Gliscor|78\/100 tox\n|\n|-damage|p1a: Gliscor|66\/100 tox|[from] Leech Seed|[of] p2a: Absol\n|-heal|p1a: Gliscor|78\/100 tox|[from] ability: Poison Heal\n|upkeep\n|turn|33\n|c|\u2606iamjustanillusion|whos a good boi\n|\n|t:|1700870196\n|move|p2a: Absol|Fire Blast|p1a: Gliscor\n|-supereffective|p1a: Gliscor\n|-damage|p1a: Gliscor|4\/100 tox\n|move|p1a: Gliscor|Roost|p1a: Gliscor\n|-heal|p1a: Gliscor|54\/100 tox\n|\n|-damage|p1a: Gliscor|41\/100 tox|[from] Leech Seed|[of] p2a: Absol\n|-heal|p1a: Gliscor|54\/100 tox|[from] ability: Poison Heal\n|upkeep\n|turn|34\n|c|\u2606iamjustanillusion|yes u are :)\n|\n|t:|1700870211\n|move|p2a: Absol|Close Combat|p1a: Gliscor\n|-supereffective|p1a: Gliscor\n|-damage|p1a: Gliscor|0 fnt\n|-unboost|p2a: Absol|def|1\n|-unboost|p2a: Absol|spd|1\n|faint|p1a: Gliscor\n|\n|win|bugmonobestmono\n|c|\u2606iamjustanillusion|ok :(\n|c|\u2606bugmonobestmono|gg\n|c|\u2606iamjustanillusion|doggie dont like me\n|c|\u2606iamjustanillusion|sad :(\n","uploadtime":1700870224,"views":3,"p1id":"iamjustanillusion","p2id":"bugmonobestmono","formatid":"gen9nationaldex","rating":0,"private":0,"password":""}