{"id":"gen9nationaldex-1995555889","p1":"elvisma","p2":"9RZ","format":"[Gen 9] National Dex","log":"|html|<div class=\"broadcast-blue\"><strong>[Gen 9] National Dex is currently suspecting Sneasler! For information on how to participate check out the <a href=\"https:\/\/www.smogon.com\/forums\/threads\/sv-national-dex-suspect-8-just-dance.3731534\/\">suspect thread<\/a>.<\/strong><\/div>\n|j|\u2606elvisma\n|j|\u26069RZ\n|t:|1700582538\n|gametype|singles\n|player|p1|elvisma|red-masters|1723\n|player|p2|9RZ|marlon|1771\n|teamsize|p1|6\n|teamsize|p2|6\n|gen|9\n|tier|[Gen 9] National Dex\n|rated|\n|rule|HP Percentage Mod: HP is shown in percentages\n|rule|Endless Battle Clause: Forcing endless battles is banned\n|rule|OHKO Clause: OHKO moves are banned\n|rule|Evasion Clause: Evasion abilities, items, and moves are banned\n|rule|Evasion Abilities Clause: Evasion abilities are banned\n|rule|Evasion Items Clause: Evasion items are banned\n|rule|Evasion Moves Clause: Evasion moves are banned\n|rule|Species Clause: Limit one of each Pok\u00e9mon\n|rule|Sleep Clause Mod: Limit one foe put to sleep\n|clearpoke\n|poke|p1|Azelf|\n|poke|p1|Charizard, M|\n|poke|p1|Ribombee, F|\n|poke|p1|Great Tusk|\n|poke|p1|Ogerpon-Wellspring, F|\n|poke|p1|Victini|\n|poke|p2|Araquanid, M|\n|poke|p2|Tapu Lele|\n|poke|p2|Victini|\n|poke|p2|Landorus-Therian, M|\n|poke|p2|Ferrothorn, F|\n|poke|p2|Jirachi|\n|teampreview\n|\n|t:|1700582577\n|start\n|switch|p1a: ampheros|Charizard, M|100\/100\n|switch|p2a: 1:23|Araquanid, M, shiny|100\/100\n|turn|1\n|\n|t:|1700582584\n|move|p1a: ampheros|Fire Punch|p2a: 1:23\n|-damage|p2a: 1:23|83\/100\n|move|p2a: 1:23|Mirror Coat||[still]\n|-fail|p2a: 1:23\n|\n|-heal|p2a: 1:23|89\/100|[from] item: Leftovers\n|upkeep\n|turn|2\n|\n|t:|1700582587\n|detailschange|p1a: ampheros|Charizard-Mega-X, M\n|-mega|p1a: ampheros|Charizard|Charizardite X\n|move|p1a: ampheros|Earthquake|p2a: 1:23\n|-resisted|p2a: 1:23\n|-damage|p2a: 1:23|70\/100\n|move|p2a: 1:23|Toxic|p1a: ampheros\n|-status|p1a: ampheros|tox\n|\n|-heal|p2a: 1:23|77\/100|[from] item: Leftovers\n|-damage|p1a: ampheros|94\/100 tox|[from] psn\n|upkeep\n|turn|3\n|\n|t:|1700582590\n|move|p1a: ampheros|Dragon Dance|p1a: ampheros\n|-boost|p1a: ampheros|atk|1\n|-boost|p1a: ampheros|spe|1\n|move|p2a: 1:23|Sticky Web|p1a: ampheros\n|-sidestart|p1: elvisma|move: Sticky Web\n|\n|-heal|p2a: 1:23|83\/100|[from] item: Leftovers\n|-damage|p1a: ampheros|82\/100 tox|[from] psn\n|upkeep\n|turn|4\n|\n|t:|1700582593\n|move|p1a: ampheros|Dragon Claw|p2a: 1:23\n|-damage|p2a: 1:23|0 fnt\n|faint|p2a: 1:23\n|\n|-damage|p1a: ampheros|64\/100 tox|[from] psn\n|upkeep\n|\n|t:|1700582598\n|switch|p2a: Bando|Landorus-Therian, M|100\/100\n|-ability|p2a: Bando|Intimidate|boost\n|-unboost|p1a: ampheros|atk|1\n|turn|5\n|\n|t:|1700582606\n|move|p1a: ampheros|Fire Punch|p2a: Bando\n|-damage|p2a: Bando|38\/100\n|move|p2a: Bando|Earthquake|p1a: ampheros\n|-supereffective|p1a: ampheros\n|-damage|p1a: ampheros|0 fnt\n|faint|p1a: ampheros\n|\n|upkeep\n|\n|t:|1700582608\n|switch|p1a: SPIN TO WIN|Great Tusk|100\/100\n|-activate|p1a: SPIN TO WIN|move: Sticky Web\n|-unboost|p1a: SPIN TO WIN|spe|1\n|-enditem|p1a: SPIN TO WIN|Booster Energy\n|-activate|p1a: SPIN TO WIN|ability: Protosynthesis|[fromitem]\n|-start|p1a: SPIN TO WIN|protosynthesisatk\n|turn|6\n|\n|t:|1700582628\n|move|p2a: Bando|Earthquake|p1a: SPIN TO WIN\n|-damage|p1a: SPIN TO WIN|55\/100\n|move|p1a: SPIN TO WIN|Rapid Spin|p2a: Bando\n|-damage|p2a: Bando|13\/100\n|-boost|p1a: SPIN TO WIN|spe|1\n|-sideend|p1: elvisma|Sticky Web|[from] move: Rapid Spin|[of] p1a: SPIN TO WIN\n|\n|upkeep\n|turn|7\n|\n|t:|1700582635\n|move|p2a: Bando|Earthquake|p1a: SPIN TO WIN\n|-damage|p1a: SPIN TO WIN|9\/100\n|move|p1a: SPIN TO WIN|Rapid Spin|p2a: Bando\n|-damage|p2a: Bando|0 fnt\n|-boost|p1a: SPIN TO WIN|spe|1\n|faint|p2a: Bando\n|\n|upkeep\n|\n|t:|1700582639\n|switch|p2a: ChokinOnDcks|Ferrothorn, F|100\/100\n|turn|8\n|\n|t:|1700582642\n|move|p1a: SPIN TO WIN|Headlong Rush|p2a: ChokinOnDcks\n|-damage|p2a: ChokinOnDcks|48\/100\n|-unboost|p1a: SPIN TO WIN|def|1\n|-unboost|p1a: SPIN TO WIN|spd|1\n|-damage|p1a: SPIN TO WIN|0 fnt|[from] ability: Iron Barbs|[of] p2a: ChokinOnDcks\n|faint|p1a: SPIN TO WIN\n|-end|p1a: SPIN TO WIN|Protosynthesis|[silent]\n|move|p2a: ChokinOnDcks|Stealth Rock|p1: SPIN TO WIN\n|-sidestart|p1: elvisma|move: Stealth Rock\n|\n|-heal|p2a: ChokinOnDcks|54\/100|[from] item: Leftovers\n|upkeep\n|\n|t:|1700582646\n|switch|p1a: ZA BEE|Ribombee, F|100\/100\n|-damage|p1a: ZA BEE|76\/100|[from] Stealth Rock\n|turn|9\n|\n|t:|1700582654\n|move|p1a: ZA BEE|Sticky Web|p2a: ChokinOnDcks\n|-sidestart|p2: 9RZ|move: Sticky Web\n|move|p2a: ChokinOnDcks|Leech Seed|p1a: ZA BEE\n|-start|p1a: ZA BEE|move: Leech Seed\n|\n|-heal|p2a: ChokinOnDcks|60\/100|[from] item: Leftovers\n|-damage|p1a: ZA BEE|63\/100|[from] Leech Seed|[of] p2a: ChokinOnDcks\n|-heal|p2a: ChokinOnDcks|69\/100|[silent]\n|upkeep\n|turn|10\n|\n|t:|1700582673\n|switch|p2a: HeatCheck|Jirachi, shiny|100\/100\n|-activate|p2a: HeatCheck|move: Sticky Web\n|-unboost|p2a: HeatCheck|spe|1\n|move|p1a: ZA BEE|Bug Buzz|p2a: HeatCheck\n|-damage|p2a: HeatCheck|65\/100\n|\n|-damage|p1a: ZA BEE|51\/100|[from] Leech Seed|[of] p2a: HeatCheck\n|-heal|p2a: HeatCheck|73\/100|[silent]\n|upkeep\n|turn|11\n|\n|t:|1700582685\n|move|p1a: ZA BEE|Bug Buzz|p2a: HeatCheck\n|-damage|p2a: HeatCheck|39\/100\n|-zpower|p2a: HeatCheck\n|move|p2a: HeatCheck|Z-Happy Hour|p2a: HeatCheck|[anim]Happy Hour\n|-boost|p2a: HeatCheck|atk|1|[zeffect]\n|-boost|p2a: HeatCheck|def|1|[zeffect]\n|-boost|p2a: HeatCheck|spa|1|[zeffect]\n|-boost|p2a: HeatCheck|spd|1|[zeffect]\n|-boost|p2a: HeatCheck|spe|1|[zeffect]\n|\n|-damage|p1a: ZA BEE|39\/100|[from] Leech Seed|[of] p2a: HeatCheck\n|-heal|p2a: HeatCheck|47\/100|[silent]\n|upkeep\n|turn|12\n|j| carlinss\n|\n|t:|1700582688\n|move|p1a: ZA BEE|Bug Buzz|p2a: HeatCheck\n|-damage|p2a: HeatCheck|22\/100\n|move|p2a: HeatCheck|Cosmic Power|p2a: HeatCheck\n|-boost|p2a: HeatCheck|def|1\n|-boost|p2a: HeatCheck|spd|1\n|\n|-damage|p1a: ZA BEE|27\/100|[from] Leech Seed|[of] p2a: HeatCheck\n|-heal|p2a: HeatCheck|30\/100|[silent]\n|upkeep\n|turn|13\n|\n|t:|1700582691\n|move|p1a: ZA BEE|Bug Buzz|p2a: HeatCheck\n|-crit|p2a: HeatCheck\n|-damage|p2a: HeatCheck|0 fnt\n|faint|p2a: HeatCheck\n|\n|upkeep\n|c|\u2606elvisma|wow\n|\n|t:|1700582700\n|switch|p2a: ChokinOnDcks|Ferrothorn, F|69\/100\n|-activate|p2a: ChokinOnDcks|move: Sticky Web\n|-unboost|p2a: ChokinOnDcks|spe|1\n|turn|14\n|\n|t:|1700582705\n|move|p2a: ChokinOnDcks|Protect|p2a: ChokinOnDcks\n|-singleturn|p2a: ChokinOnDcks|Protect\n|move|p1a: ZA BEE|Bug Buzz|p2a: ChokinOnDcks\n|-activate|p2a: ChokinOnDcks|move: Protect\n|\n|-heal|p2a: ChokinOnDcks|75\/100|[from] item: Leftovers\n|-damage|p1a: ZA BEE|14\/100|[from] Leech Seed|[of] p2a: ChokinOnDcks\n|-heal|p2a: ChokinOnDcks|85\/100|[silent]\n|upkeep\n|turn|15\n|c|\u2606elvisma|greed is a sin\n|\n|t:|1700582712\n|move|p1a: ZA BEE|Bug Buzz|p2a: ChokinOnDcks\n|-damage|p2a: ChokinOnDcks|56\/100\n|move|p2a: ChokinOnDcks|Gyro Ball|p1a: ZA BEE\n|-supereffective|p1a: ZA BEE\n|-damage|p1a: ZA BEE|0 fnt\n|faint|p1a: ZA BEE\n|\n|-heal|p2a: ChokinOnDcks|63\/100|[from] item: Leftovers\n|upkeep\n|\n|t:|1700582714\n|switch|p1a: V create spam|Victini|100\/100\n|-damage|p1a: V create spam|76\/100|[from] Stealth Rock\n|turn|16\n|\n|t:|1700582720\n|-zpower|p1a: V create spam\n|move|p1a: V create spam|Z-Celebrate|p1a: V create spam|[anim]Celebrate\n|-boost|p1a: V create spam|atk|1|[zeffect]\n|-boost|p1a: V create spam|def|1|[zeffect]\n|-boost|p1a: V create spam|spa|1|[zeffect]\n|-boost|p1a: V create spam|spd|1|[zeffect]\n|-boost|p1a: V create spam|spe|1|[zeffect]\n|-activate|p1a: V create spam|move: Celebrate\n|move|p2a: ChokinOnDcks|Leech Seed|p1a: V create spam|[miss]\n|-miss|p2a: ChokinOnDcks|p1a: V create spam\n|\n|-heal|p2a: ChokinOnDcks|69\/100|[from] item: Leftovers\n|upkeep\n|turn|17\n|\n|t:|1700582727\n|-terastallize|p2a: ChokinOnDcks|Water\n|move|p1a: V create spam|Searing Shot|p2a: ChokinOnDcks\n|-resisted|p2a: ChokinOnDcks\n|-damage|p2a: ChokinOnDcks|46\/100\n|-status|p2a: ChokinOnDcks|brn\n|move|p2a: ChokinOnDcks|Leech Seed|p1a: V create spam\n|-start|p1a: V create spam|move: Leech Seed\n|\n|-heal|p2a: ChokinOnDcks|52\/100 brn|[from] item: Leftovers\n|-damage|p1a: V create spam|63\/100|[from] Leech Seed|[of] p2a: ChokinOnDcks\n|-heal|p2a: ChokinOnDcks|64\/100 brn|[silent]\n|-damage|p2a: ChokinOnDcks|58\/100 brn|[from] brn\n|upkeep\n|turn|18\n|\n|t:|1700582730\n|move|p2a: ChokinOnDcks|Protect|p2a: ChokinOnDcks\n|-singleturn|p2a: ChokinOnDcks|Protect\n|move|p1a: V create spam|Stored Power|p2a: ChokinOnDcks\n|-activate|p2a: ChokinOnDcks|move: Protect\n|\n|-heal|p2a: ChokinOnDcks|64\/100 brn|[from] item: Leftovers\n|-damage|p1a: V create spam|51\/100|[from] Leech Seed|[of] p2a: ChokinOnDcks\n|-heal|p2a: ChokinOnDcks|76\/100 brn|[silent]\n|-damage|p2a: ChokinOnDcks|70\/100 brn|[from] brn\n|upkeep\n|turn|19\n|\n|t:|1700582737\n|move|p1a: V create spam|Stored Power|p2a: ChokinOnDcks\n|-damage|p2a: ChokinOnDcks|11\/100 brn\n|move|p2a: ChokinOnDcks|Gyro Ball|p1a: V create spam\n|-resisted|p1a: V create spam\n|-damage|p1a: V create spam|43\/100\n|\n|-heal|p2a: ChokinOnDcks|18\/100 brn|[from] item: Leftovers\n|-damage|p1a: V create spam|31\/100|[from] Leech Seed|[of] p2a: ChokinOnDcks\n|-heal|p2a: ChokinOnDcks|29\/100 brn|[silent]\n|-damage|p2a: ChokinOnDcks|23\/100 brn|[from] brn\n|upkeep\n|turn|20\n|\n|t:|1700582741\n|move|p2a: ChokinOnDcks|Protect|p2a: ChokinOnDcks\n|-singleturn|p2a: ChokinOnDcks|Protect\n|move|p1a: V create spam|Stored Power|p2a: ChokinOnDcks\n|-activate|p2a: ChokinOnDcks|move: Protect\n|\n|-heal|p2a: ChokinOnDcks|29\/100 brn|[from] item: Leftovers\n|-damage|p1a: V create spam|19\/100|[from] Leech Seed|[of] p2a: ChokinOnDcks\n|-heal|p2a: ChokinOnDcks|41\/100 brn|[silent]\n|-damage|p2a: ChokinOnDcks|35\/100 brn|[from] brn\n|upkeep\n|turn|21\n|\n|t:|1700582750\n|switch|p2a: MeetTheWoo|Victini|100\/100\n|-activate|p2a: MeetTheWoo|move: Sticky Web\n|-unboost|p2a: MeetTheWoo|spe|1\n|move|p1a: V create spam|Stored Power|p2a: MeetTheWoo\n|-resisted|p2a: MeetTheWoo\n|-crit|p2a: MeetTheWoo\n|-damage|p2a: MeetTheWoo|43\/100\n|\n|-damage|p1a: V create spam|6\/100|[from] Leech Seed|[of] p2a: MeetTheWoo\n|-heal|p2a: MeetTheWoo|55\/100|[silent]\n|upkeep\n|turn|22\n|\n|t:|1700582752\n|switch|p2a: ChokinOnDcks|Ferrothorn, F, tera:Water|35\/100 brn\n|-activate|p2a: ChokinOnDcks|move: Sticky Web\n|-unboost|p2a: ChokinOnDcks|spe|1\n|move|p1a: V create spam|Stored Power|p2a: ChokinOnDcks\n|-damage|p2a: ChokinOnDcks|0 fnt\n|faint|p2a: ChokinOnDcks\n|\n|upkeep\n|-message|9RZ forfeited.\n|\n|win|elvisma\n|raw|elvisma's rating: 1723 &rarr; <strong>1746<\/strong><br \/>(+23 for winning)\n|raw|9RZ's rating: 1771 &rarr; <strong>1748<\/strong><br \/>(-23 for losing)\n|l|\u26069RZ\n","uploadtime":1700582765,"views":1,"p1id":"elvisma","p2id":"9rz","formatid":"gen9nationaldex","rating":1746,"private":0,"password":""}