{"id":"gen9nationaldex-1997945471","p1":"MarcusAurelius345","p2":"Me ded","format":"[Gen 9] National Dex","log":"|html|<div class=\"broadcast-blue\"><strong>[Gen 9] National Dex is currently suspecting Sneasler! For information on how to participate check out the <a href=\"https:\/\/www.smogon.com\/forums\/threads\/sv-national-dex-suspect-8-just-dance.3731534\/\">suspect thread<\/a>.<\/strong><\/div>\n|j|\u2606MarcusAurelius345\n|j|\u2606Me ded\n|t:|1700870582\n|gametype|singles\n|player|p1|MarcusAurelius345|palmer|1117\n|player|p2|Me ded|unknown|1208\n|teamsize|p1|6\n|teamsize|p2|6\n|gen|9\n|tier|[Gen 9] National Dex\n|rated|\n|rule|HP Percentage Mod: HP is shown in percentages\n|rule|Endless Battle Clause: Forcing endless battles is banned\n|rule|OHKO Clause: OHKO moves are banned\n|rule|Evasion Clause: Evasion abilities, items, and moves are banned\n|rule|Evasion Abilities Clause: Evasion abilities are banned\n|rule|Evasion Items Clause: Evasion items are banned\n|rule|Evasion Moves Clause: Evasion moves are banned\n|rule|Species Clause: Limit one of each Pok\u00e9mon\n|rule|Sleep Clause Mod: Limit one foe put to sleep\n|clearpoke\n|poke|p1|Kommo-o, M|\n|poke|p1|Obstagoon, M|\n|poke|p1|Scrafty, F|\n|poke|p1|Rillaboom, M|\n|poke|p1|Grimmsnarl, M|\n|poke|p1|Toxtricity, M|\n|poke|p2|Excadrill, F|\n|poke|p2|Swampert, M|\n|poke|p2|Galvantula, F|\n|poke|p2|Blacephalon|\n|poke|p2|Porygon-Z|\n|poke|p2|Urshifu-*, F|\n|teampreview\n|inactive|Battle timer is ON: inactive players will automatically lose when time's up. (requested by MarcusAurelius345)\n|\n|t:|1700870590\n|start\n|switch|p1a: Kommo-o|Kommo-o, M|100\/100\n|switch|p2a: Elektrospoder|Galvantula, F|100\/100\n|turn|1\n|\n|t:|1700870597\n|move|p2a: Elektrospoder|Sticky Web|p1a: Kommo-o\n|-sidestart|p1: MarcusAurelius345|move: Sticky Web\n|move|p1a: Kommo-o|Clangorous Soul|p1a: Kommo-o\n|-boost|p1a: Kommo-o|atk|1\n|-boost|p1a: Kommo-o|def|1\n|-boost|p1a: Kommo-o|spa|1\n|-boost|p1a: Kommo-o|spd|1\n|-boost|p1a: Kommo-o|spe|1\n|-damage|p1a: Kommo-o|68\/100\n|\n|upkeep\n|turn|2\n|\n|t:|1700870605\n|move|p1a: Kommo-o|Dragon Claw|p2a: Elektrospoder\n|-damage|p2a: Elektrospoder|0 fnt\n|faint|p2a: Elektrospoder\n|\n|upkeep\n|\n|t:|1700870616\n|switch|p2a: Z|Porygon-Z, shiny|100\/100\n|turn|3\n|\n|t:|1700870620\n|move|p2a: Z|Psychic|p1a: Kommo-o\n|-supereffective|p1a: Kommo-o\n|-damage|p1a: Kommo-o|17\/100\n|move|p1a: Kommo-o|Close Combat|p2a: Z\n|-supereffective|p2a: Z\n|-damage|p2a: Z|0 fnt\n|-unboost|p1a: Kommo-o|def|1\n|-unboost|p1a: Kommo-o|spd|1\n|faint|p2a: Z\n|\n|upkeep\n|\n|t:|1700870635\n|switch|p2a: Skipper|Swampert, M|100\/100\n|turn|4\n|\n|t:|1700870640\n|detailschange|p2a: Skipper|Swampert-Mega, M\n|-mega|p2a: Skipper|Swampert|Swampertite\n|-zpower|p1a: Kommo-o\n|move|p1a: Kommo-o|Clangorous Soulblaze|p2a: Skipper|[zeffect]\n|-damage|p2a: Skipper|29\/100\n|-boost|p1a: Kommo-o|atk|1\n|-boost|p1a: Kommo-o|def|1\n|-boost|p1a: Kommo-o|spa|1\n|-boost|p1a: Kommo-o|spd|1\n|-boost|p1a: Kommo-o|spe|1\n|move|p2a: Skipper|Ice Punch|p1a: Kommo-o\n|-supereffective|p1a: Kommo-o\n|-damage|p1a: Kommo-o|0 fnt\n|faint|p1a: Kommo-o\n|\n|upkeep\n|\n|t:|1700870658\n|switch|p1a: Rillaboom|Rillaboom, M|100\/100\n|-activate|p1a: Rillaboom|move: Sticky Web\n|-unboost|p1a: Rillaboom|spe|1\n|-fieldstart|move: Grassy Terrain|[from] ability: Grassy Surge|[of] p1a: Rillaboom\n|turn|5\n|\n|t:|1700870665\n|move|p1a: Rillaboom|Grassy Glide|p2a: Skipper\n|-supereffective|p2a: Skipper\n|-damage|p2a: Skipper|0 fnt\n|faint|p2a: Skipper\n|\n|upkeep\n|\n|t:|1700870667\n|switch|p2a: Blacephalon|Blacephalon|100\/100\n|turn|6\n|\n|t:|1700870673\n|move|p2a: Blacephalon|Overheat|p1a: Rillaboom\n|-supereffective|p1a: Rillaboom\n|-damage|p1a: Rillaboom|0 fnt\n|-unboost|p2a: Blacephalon|spa|2\n|-enditem|p2a: Blacephalon|Eject Pack\n|faint|p1a: Rillaboom\n|-ability|p2a: Blacephalon|Beast Boost|boost\n|-boost|p2a: Blacephalon|spa|1\n|\n|t:|1700870680\n|switch|p2a: Drill|Excadrill, F, shiny|100\/100\n|-ability|p2a: Drill|Mold Breaker\n|\n|upkeep\n|\n|t:|1700870689\n|switch|p1a: Scrafty|Scrafty, F|100\/100\n|-activate|p1a: Scrafty|move: Sticky Web\n|-unboost|p1a: Scrafty|spe|1\n|turn|7\n|\n|t:|1700870694\n|move|p2a: Drill|Iron Head|p1a: Scrafty\n|-damage|p1a: Scrafty|63\/100\n|move|p1a: Scrafty|Bulk Up|p1a: Scrafty\n|-boost|p1a: Scrafty|atk|1\n|-boost|p1a: Scrafty|def|1\n|\n|-heal|p1a: Scrafty|69\/100|[from] Grassy Terrain\n|-heal|p1a: Scrafty|75\/100|[from] item: Leftovers\n|upkeep\n|turn|8\n|\n|t:|1700870699\n|move|p2a: Drill|Iron Head|p1a: Scrafty\n|-damage|p1a: Scrafty|48\/100\n|move|p1a: Scrafty|Drain Punch|p2a: Drill\n|-supereffective|p2a: Drill\n|-damage|p2a: Drill|1\/100\n|-heal|p1a: Scrafty|100\/100|[from] drain|[of] p2a: Drill\n|\n|-heal|p2a: Drill|7\/100|[from] Grassy Terrain\n|upkeep\n|turn|9\n|\n|t:|1700870711\n|move|p2a: Drill|Iron Head|p1a: Scrafty\n|-damage|p1a: Scrafty|73\/100\n|cant|p1a: Scrafty|flinch\n|\n|-heal|p2a: Drill|13\/100|[from] Grassy Terrain\n|-heal|p1a: Scrafty|79\/100|[from] Grassy Terrain\n|-heal|p1a: Scrafty|85\/100|[from] item: Leftovers\n|-fieldend|move: Grassy Terrain\n|upkeep\n|turn|10\n|\n|t:|1700870716\n|move|p2a: Drill|Iron Head|p1a: Scrafty\n|-damage|p1a: Scrafty|60\/100\n|move|p1a: Scrafty|Bulk Up|p1a: Scrafty\n|-boost|p1a: Scrafty|atk|1\n|-boost|p1a: Scrafty|def|1\n|\n|-heal|p1a: Scrafty|66\/100|[from] item: Leftovers\n|upkeep\n|turn|11\n|\n|t:|1700870725\n|move|p2a: Drill|Iron Head|p1a: Scrafty\n|-damage|p1a: Scrafty|46\/100\n|cant|p1a: Scrafty|flinch\n|\n|-heal|p1a: Scrafty|52\/100|[from] item: Leftovers\n|upkeep\n|turn|12\n|\n|t:|1700870729\n|move|p2a: Drill|Iron Head|p1a: Scrafty\n|-damage|p1a: Scrafty|32\/100\n|move|p1a: Scrafty|Drain Punch|p2a: Drill\n|-supereffective|p2a: Drill\n|-damage|p2a: Drill|0 fnt\n|-heal|p1a: Scrafty|39\/100|[from] drain|[of] p2a: Drill\n|faint|p2a: Drill\n|\n|-heal|p1a: Scrafty|45\/100|[from] item: Leftovers\n|upkeep\n|\n|t:|1700870740\n|switch|p2a: Blacephalon|Blacephalon|100\/100\n|turn|13\n|\n|t:|1700870757\n|move|p2a: Blacephalon|Overheat|p1a: Scrafty\n|-damage|p1a: Scrafty|0 fnt\n|-unboost|p2a: Blacephalon|spa|2\n|faint|p1a: Scrafty\n|-ability|p2a: Blacephalon|Beast Boost|boost\n|-boost|p2a: Blacephalon|spa|1\n|\n|upkeep\n|\n|t:|1700870762\n|switch|p1a: Obstagoon|Obstagoon, M|100\/100\n|-activate|p1a: Obstagoon|move: Sticky Web\n|-unboost|p1a: Obstagoon|spe|1\n|turn|14\n|\n|t:|1700870774\n|move|p2a: Blacephalon|Protect|p2a: Blacephalon\n|-singleturn|p2a: Blacephalon|Protect\n|move|p1a: Obstagoon|Obstruct||[still]\n|-fail|p1a: Obstagoon\n|\n|-status|p1a: Obstagoon|brn|[from] item: Flame Orb\n|upkeep\n|turn|15\n|\n|t:|1700870782\n|move|p2a: Blacephalon|Protect|p2a: Blacephalon\n|-singleturn|p2a: Blacephalon|Protect\n|move|p1a: Obstagoon|Knock Off|p2a: Blacephalon\n|-activate|p2a: Blacephalon|move: Protect\n|\n|-damage|p1a: Obstagoon|94\/100 brn|[from] brn\n|upkeep\n|turn|16\n|\n|t:|1700870787\n|move|p2a: Blacephalon|Protect||[still]\n|-fail|p2a: Blacephalon\n|move|p1a: Obstagoon|Knock Off|p2a: Blacephalon\n|-supereffective|p2a: Blacephalon\n|-damage|p2a: Blacephalon|0 fnt\n|faint|p2a: Blacephalon\n|\n|-damage|p1a: Obstagoon|88\/100 brn|[from] brn\n|upkeep\n|\n|t:|1700870789\n|switch|p2a: Ken|Urshifu-Rapid-Strike, F|100\/100\n|turn|17\n|\n|t:|1700870795\n|move|p1a: Obstagoon|Obstruct|p1a: Obstagoon\n|-singleturn|p1a: Obstagoon|Protect\n|move|p2a: Ken|Drain Punch|p1a: Obstagoon\n|-supereffective|p1a: Obstagoon\n|-damage|p1a: Obstagoon|0 fnt\n|faint|p1a: Obstagoon\n|\n|upkeep\n|\n|t:|1700870806\n|switch|p1a: Grimmsnarl|Grimmsnarl, M|100\/100\n|-activate|p1a: Grimmsnarl|move: Sticky Web\n|-unboost|p1a: Grimmsnarl|spe|1\n|turn|18\n|\n|t:|1700870811\n|-terastallize|p2a: Ken|Water\n|move|p2a: Ken|Bulk Up|p2a: Ken\n|-boost|p2a: Ken|atk|1\n|-boost|p2a: Ken|def|1\n|move|p1a: Grimmsnarl|Play Rough|p2a: Ken\n|-damage|p2a: Ken|70\/100\n|\n|upkeep\n|turn|19\n|\n|t:|1700870824\n|move|p1a: Grimmsnarl|Parting Shot|p2a: Ken\n|-unboost|p2a: Ken|atk|1\n|-unboost|p2a: Ken|spa|1\n|\n|t:|1700870828\n|switch|p1a: Toxtricity|Toxtricity, M|100\/100|[from] Parting Shot\n|-item|p1a: Toxtricity|Air Balloon\n|move|p2a: Ken|Surging Strikes|p1a: Toxtricity\n|-crit|p1a: Toxtricity\n|-damage|p1a: Toxtricity|67\/100\n|-enditem|p1a: Toxtricity|Air Balloon\n|-crit|p1a: Toxtricity\n|-damage|p1a: Toxtricity|34\/100\n|-crit|p1a: Toxtricity\n|-damage|p1a: Toxtricity|0 fnt\n|faint|p1a: Toxtricity\n|-hitcount|p1: Toxtricity|3\n|\n|upkeep\n|\n|t:|1700870830\n|switch|p1a: Grimmsnarl|Grimmsnarl, M|100\/100\n|-activate|p1a: Grimmsnarl|move: Sticky Web\n|-unboost|p1a: Grimmsnarl|spe|1\n|turn|20\n|\n|t:|1700870849\n|move|p2a: Ken|Drain Punch|p1a: Grimmsnarl\n|-damage|p1a: Grimmsnarl|50\/100\n|-heal|p2a: Ken|99\/100|[from] drain|[of] p1a: Grimmsnarl\n|move|p1a: Grimmsnarl|False Surrender|p2a: Ken\n|-damage|p2a: Ken|71\/100\n|\n|-heal|p1a: Grimmsnarl|56\/100|[from] item: Leftovers\n|upkeep\n|turn|21\n|inactive|MarcusAurelius345 has 120 seconds left.\n|\n|t:|1700870888\n|move|p1a: Grimmsnarl|Sucker Punch|p2a: Ken\n|-damage|p2a: Ken|45\/100\n|move|p2a: Ken|Surging Strikes|p1a: Grimmsnarl\n|-crit|p1a: Grimmsnarl\n|-damage|p1a: Grimmsnarl|22\/100\n|-crit|p1a: Grimmsnarl\n|-damage|p1a: Grimmsnarl|0 fnt\n|faint|p1a: Grimmsnarl\n|-hitcount|p1: Grimmsnarl|2\n|\n|win|Me ded\n|raw|MarcusAurelius345's rating: 1117 &rarr; <strong>1098<\/strong><br \/>(-19 for losing)\n|raw|Me ded's rating: 1208 &rarr; <strong>1227<\/strong><br \/>(+19 for winning)\n|l|\u2606MarcusAurelius345\n","uploadtime":1700870899,"views":13,"p1id":"marcusaurelius345","p2id":"meded","formatid":"gen9nationaldex","rating":1098,"private":0,"password":""}