{"id":"gen9nationaldex-1987358870","p1":"Ekkogandr","p2":"akyraaiko","format":"[Gen 9] National Dex","log":"|j|\u2606Ekkogandr\n|j|\u2606akyraaiko\n|t:|1699581504\n|gametype|singles\n|player|p1|Ekkogandr|turo-ai|\n|player|p2|akyraaiko|beauty-gen4dp|\n|teamsize|p1|6\n|teamsize|p2|6\n|gen|9\n|tier|[Gen 9] National Dex\n|rule|HP Percentage Mod: HP is shown in percentages\n|rule|Endless Battle Clause: Forcing endless battles is banned\n|rule|OHKO Clause: OHKO moves are banned\n|rule|Evasion Clause: Evasion abilities, items, and moves are banned\n|rule|Evasion Abilities Clause: Evasion abilities are banned\n|rule|Evasion Items Clause: Evasion items are banned\n|rule|Evasion Moves Clause: Evasion moves are banned\n|rule|Species Clause: Limit one of each Pok\u00e9mon\n|rule|Sleep Clause Mod: Limit one foe put to sleep\n|clearpoke\n|poke|p1|Kyurem|\n|poke|p1|Lopunny, F|\n|poke|p1|Iron Moth|\n|poke|p1|Landorus-Therian, M|\n|poke|p1|Heatran, F|\n|poke|p1|Rotom-Wash|\n|poke|p2|Zamazenta-*|\n|poke|p2|Kartana|\n|poke|p2|Lycanroc-Dusk, M|\n|poke|p2|Tinkaton, F|\n|poke|p2|Altaria, M|\n|poke|p2|Ting-Lu|\n|teampreview\n|c|\u2606Ekkogandr|me copiou dnv\n|c|\u2606Ekkogandr|safado\n|c|\u2606akyraaiko|essa foi pura\n|c|\u2606akyraaiko|pura copia\n|c|\u2606Ekkogandr|mas enfim, nunca jogue com esse time antes\n|c|\u2606Ekkogandr|ent vai de qualquer jeito msm\n|\n|t:|1699581536\n|start\n|switch|p1a: Iron Moth|Iron Moth|100\/100\n|switch|p2a: Altaria|Altaria, M|100\/100\n|-ability|p2a: Altaria|Cloud Nine\n|turn|1\n|\n|t:|1699581543\n|detailschange|p2a: Altaria|Altaria-Mega, M\n|-mega|p2a: Altaria|Altaria|Altarianite\n|move|p1a: Iron Moth|U-turn|p2a: Altaria\n|-resisted|p2a: Altaria\n|-damage|p2a: Altaria|94\/100\n|\n|t:|1699581547\n|-end|p1a: Iron Moth|Quark Drive|[silent]\n|switch|p1a: Landorus|Landorus-Therian, M|100\/100|[from] U-turn\n|-ability|p1a: Landorus|Intimidate|boost\n|-unboost|p2a: Altaria|atk|1\n|move|p2a: Altaria|Earthquake|p1a: Landorus\n|-immune|p1a: Landorus\n|\n|upkeep\n|turn|2\n|c|\u2606Ekkogandr|SABIA\n|c|\u2606akyraaiko|porra\n|\n|t:|1699581571\n|move|p1a: Landorus|Stealth Rock|p2a: Altaria\n|-sidestart|p2: akyraaiko|move: Stealth Rock\n|move|p2a: Altaria|Dazzling Gleam|p1a: Landorus\n|-crit|p1a: Landorus\n|-damage|p1a: Landorus|35\/100\n|\n|upkeep\n|turn|3\n|c|\u2606Ekkogandr|critico\n|c|\u2606Ekkogandr|fodase\n|c|\u2606akyraaiko|do nd\n|c|\u2606akyraaiko|pprt\n|\n|t:|1699581587\n|move|p1a: Landorus|Toxic|p2a: Altaria\n|-status|p2a: Altaria|tox\n|move|p2a: Altaria|Dazzling Gleam|p1a: Landorus\n|-damage|p1a: Landorus|0 fnt\n|faint|p1a: Landorus\n|\n|-damage|p2a: Altaria|88\/100 tox|[from] psn\n|upkeep\n|\n|t:|1699581598\n|switch|p1a: Iron Moth|Iron Moth|100\/100\n|turn|4\n|\n|t:|1699581606\n|move|p1a: Iron Moth|Sludge Wave|p2a: Altaria\n|-supereffective|p2a: Altaria\n|-damage|p2a: Altaria|0 fnt\n|faint|p2a: Altaria\n|\n|upkeep\n|c|\u2606akyraaiko|c \u00e9 mais rapido\n|c|\u2606akyraaiko|vdd\n|c|\u2606Ekkogandr|si\n|\n|t:|1699581629\n|switch|p2a: El lobo|Lycanroc-Dusk, M, shiny|100\/100\n|-damage|p2a: El lobo|88\/100|[from] Stealth Rock\n|turn|5\n|c|\u2606akyraaiko|tenta ser mais rapido a\u00ed\n|c|\u2606Ekkogandr|pior que eu tanko accelerock\n|c|\u2606Ekkogandr|mas n quero arriscar critico\n|c|\u2606akyraaiko|tanka sim KKKKKKKKKK\n|c|\u2606Ekkogandr|pior que talvez tanka em\n|c|\u2606Ekkogandr|eu coloco os calculos dps\n|\n|t:|1699581676\n|-end|p1a: Iron Moth|Quark Drive|[silent]\n|switch|p1a: Rotom|Rotom-Wash|100\/100\n|move|p2a: El lobo|Drill Run|p1a: Rotom\n|-immune|p1a: Rotom|[from] ability: Levitate\n|\n|upkeep\n|turn|6\n|c|\u2606akyraaiko|sortudo\n|c|\u2606Ekkogandr|Ata\n|c|\u2606Ekkogandr|mas \u00e9 o seguinte\n|c|\u2606Ekkogandr|ia ser na sorte tlgd\n|c|\u2606akyraaiko|ss\n|c|\u2606Ekkogandr|pq \u00e9 a mesma velocidade\n|\n|t:|1699581700\n|switch|p2a: Katana|Kartana, shiny|100\/100\n|-damage|p2a: Katana|94\/100|[from] Stealth Rock\n|move|p1a: Rotom|Hydro Pump|p2a: Katana\n|-resisted|p2a: Katana\n|-damage|p2a: Katana|23\/100\n|\n|upkeep\n|turn|7\n|\n|t:|1699581718\n|switch|p1a: Iron Moth|Iron Moth|100\/100\n|move|p2a: Katana|Leaf Blade|p1a: Iron Moth\n|-resisted|p1a: Iron Moth\n|-crit|p1a: Iron Moth\n|-damage|p1a: Iron Moth|62\/100\n|\n|upkeep\n|turn|8\n|c|\u2606akyraaiko|karalho\n|c|\u2606akyraaiko|isso q \u00e9 4 menos\n|\n|t:|1699581740\n|move|p1a: Iron Moth|Dazzling Gleam|p2a: Katana\n|-resisted|p2a: Katana\n|-damage|p2a: Katana|0 fnt\n|faint|p2a: Katana\n|\n|upkeep\n|c|\u2606Ekkogandr|kartana n\u00e9 pae\n|c|\u2606Ekkogandr|eu tenho um time com kartana\n|\n|t:|1699581750\n|switch|p2a: Teu pai chifrudo|Ting-Lu|100\/100\n|-damage|p2a: Teu pai chifrudo|94\/100|[from] Stealth Rock\n|-ability|p2a: Teu pai chifrudo|Vessel of Ruin\n|turn|9\n|\n|t:|1699581756\n|move|p1a: Iron Moth|U-turn|p2a: Teu pai chifrudo\n|-supereffective|p2a: Teu pai chifrudo\n|-damage|p2a: Teu pai chifrudo|82\/100\n|\n|t:|1699581759\n|-end|p1a: Iron Moth|Quark Drive|[silent]\n|switch|p1a: Rotom|Rotom-Wash|100\/100|[from] U-turn\n|move|p2a: Teu pai chifrudo|Stealth Rock|p1a: Rotom\n|-sidestart|p1: Ekkogandr|move: Stealth Rock\n|\n|-heal|p2a: Teu pai chifrudo|88\/100|[from] item: Leftovers\n|upkeep\n|turn|10\n|\n|t:|1699581782\n|switch|p2a: Tinkaton|Tinkaton, F|100\/100\n|-damage|p2a: Tinkaton|94\/100|[from] Stealth Rock\n|move|p1a: Rotom|Hydro Pump|p2a: Tinkaton\n|-damage|p2a: Tinkaton|54\/100\n|\n|upkeep\n|turn|11\n|c|\u2606Ekkogandr|mas que caralho de dano foi esse\n|\n|t:|1699581797\n|move|p2a: Tinkaton|Gigaton Hammer|p1a: Rotom\n|-resisted|p1a: Rotom\n|-damage|p1a: Rotom|83\/100\n|move|p1a: Rotom|Will-O-Wisp|p2a: Tinkaton\n|-status|p2a: Tinkaton|brn\n|\n|-heal|p1a: Rotom|90\/100|[from] item: Leftovers\n|-damage|p2a: Tinkaton|47\/100 brn|[from] brn\n|upkeep\n|turn|12\n|c|\u2606akyraaiko|naum sei\n|\n|t:|1699581806\n|-activate|p2a: Tinkaton|move: Struggle\n|move|p2a: Tinkaton|Struggle|p1a: Rotom\n|-crit|p1a: Rotom\n|-damage|p1a: Rotom|78\/100\n|-damage|p2a: Tinkaton|22\/100 brn|[from] recoil\n|move|p1a: Rotom|Defog|p2a: Tinkaton\n|-unboost|p2a: Tinkaton|evasion|1\n|-sideend|p2: akyraaiko|Stealth Rock|[from] move: Defog|[of] p1a: Rotom\n|-sideend|p1: Ekkogandr|Stealth Rock|[from] move: Defog|[of] p1a: Rotom\n|\n|-heal|p1a: Rotom|85\/100|[from] item: Leftovers\n|-damage|p2a: Tinkaton|16\/100 brn|[from] brn\n|upkeep\n|turn|13\n|c|\u2606akyraaiko|doeu\n|c|\u2606Ekkogandr|qq tu fez\n|c|\u2606Ekkogandr|tu colocou choice?\n|\n|t:|1699581819\n|move|p2a: Tinkaton|Gigaton Hammer|p1a: Rotom\n|-resisted|p1a: Rotom\n|-damage|p1a: Rotom|75\/100\n|move|p1a: Rotom|Volt Switch|p2a: Tinkaton\n|-crit|p2a: Tinkaton\n|-damage|p2a: Tinkaton|0 fnt\n|faint|p2a: Tinkaton\n|\n|t:|1699581823\n|switch|p1a: Heatran|Heatran, F|100\/100|[from] Volt Switch\n|\n|upkeep\n|c|\u2606akyraaiko|ei\n|c|\u2606akyraaiko|vc pode n usar rotom\n|\n|t:|1699581847\n|switch|p2a: El lobo|Lycanroc-Dusk, M, shiny|88\/100\n|turn|14\n|c|\u2606akyraaiko|por favor\n|c|\u2606Ekkogandr|nuh uh\n|c|\u2606Ekkogandr|vou ser um gigachad e colocar iron moth\n|\n|t:|1699581865\n|switch|p1a: Rotom|Rotom-Wash|75\/100\n|move|p2a: El lobo|Drill Run|p1a: Rotom\n|-immune|p1a: Rotom|[from] ability: Levitate\n|\n|-heal|p1a: Rotom|82\/100|[from] item: Leftovers\n|upkeep\n|turn|15\n|\n|t:|1699581874\n|-terastallize|p2a: El lobo|Water\n|move|p2a: El lobo|Accelerock|p1a: Rotom\n|-damage|p1a: Rotom|56\/100\n|-damage|p2a: El lobo|78\/100|[from] item: Life Orb\n|move|p1a: Rotom|Hydro Pump|p2a: El lobo\n|-resisted|p2a: El lobo\n|-damage|p2a: El lobo|46\/100\n|\n|-heal|p1a: Rotom|62\/100|[from] item: Leftovers\n|upkeep\n|turn|16\n|\n|t:|1699581882\n|switch|p2a: Teu pai chifrudo|Ting-Lu|88\/100\n|-ability|p2a: Teu pai chifrudo|Vessel of Ruin\n|move|p1a: Rotom|Volt Switch|p2a: Teu pai chifrudo\n|-immune|p2a: Teu pai chifrudo\n|\n|-heal|p1a: Rotom|69\/100|[from] item: Leftovers\n|-heal|p2a: Teu pai chifrudo|95\/100|[from] item: Leftovers\n|upkeep\n|turn|17\n|c|\u2606Ekkogandr|pivot de gra\u00e7a\n|c|\u2606Ekkogandr|oh porra\n|c|\u2606Ekkogandr|ele sabe fazer predict\n|c|\u2606Ekkogandr|t\u00e1 melhor q o davi\n|c|\u2606akyraaiko|cara\n|c|\u2606akyraaiko|eu n sei montar time\n|c|\u2606Ekkogandr|nao que seja dificil\n|c|\u2606akyraaiko|e eu acho tedioso jogar\n|c|\u2606akyraaiko|era p eu ter ganho a ultima\n|c|\u2606Ekkogandr|te ajudo a montar time\n|c|\u2606akyraaiko|q eu tava na  vantagem\n|c|\u2606akyraaiko|mas pregui\u00e7a de pensar\n|c|\u2606Ekkogandr|ja vi cara perder um dos maiores torneios de showdown por causa de waterfall flinch\n|c|\u2606Ekkogandr|o cara meteu o louco dps\n|\n|t:|1699581958\n|switch|p1a: Kyurem|Kyurem|100\/100\n|-ability|p1a: Kyurem|Pressure\n|move|p2a: Teu pai chifrudo|Body Press|p1a: Kyurem\n|-supereffective|p1a: Kyurem\n|-damage|p1a: Kyurem|63\/100\n|\n|-heal|p2a: Teu pai chifrudo|100\/100|[from] item: Leftovers\n|upkeep\n|turn|18\n|c|\u2606Ekkogandr|pior q esse body press me complica\n|\n|t:|1699581993\n|switch|p1a: Rotom|Rotom-Wash|69\/100\n|move|p2a: Teu pai chifrudo|Body Press|p1a: Rotom\n|-damage|p1a: Rotom|50\/100\n|\n|-heal|p1a: Rotom|57\/100|[from] item: Leftovers\n|upkeep\n|turn|19\n|\n|t:|1699582000\n|move|p1a: Rotom|Hydro Pump|p2a: Teu pai chifrudo\n|-supereffective|p2a: Teu pai chifrudo\n|-damage|p2a: Teu pai chifrudo|49\/100\n|move|p2a: Teu pai chifrudo|Stealth Rock|p1a: Rotom\n|-sidestart|p1: Ekkogandr|move: Stealth Rock\n|\n|-heal|p1a: Rotom|63\/100|[from] item: Leftovers\n|-heal|p2a: Teu pai chifrudo|55\/100|[from] item: Leftovers\n|upkeep\n|turn|20\n|c|\u2606Ekkogandr|MEU TIME N TANKA TING LU\n|\n|t:|1699582022\n|move|p1a: Rotom|Defog|p2a: Teu pai chifrudo\n|-unboost|p2a: Teu pai chifrudo|evasion|1\n|-sideend|p1: Ekkogandr|Stealth Rock|[from] move: Defog|[of] p1a: Rotom\n|move|p2a: Teu pai chifrudo|Body Press|p1a: Rotom\n|-damage|p1a: Rotom|46\/100\n|\n|-heal|p1a: Rotom|52\/100|[from] item: Leftovers\n|-heal|p2a: Teu pai chifrudo|62\/100|[from] item: Leftovers\n|upkeep\n|turn|21\n|\n|t:|1699582028\n|move|p1a: Rotom|Hydro Pump|p2a: Teu pai chifrudo\n|-supereffective|p2a: Teu pai chifrudo\n|-damage|p2a: Teu pai chifrudo|10\/100\n|move|p2a: Teu pai chifrudo|Whirlwind|p1a: Rotom\n|drag|p1a: Lopunny|Lopunny, F|100\/100\n|\n|-heal|p2a: Teu pai chifrudo|16\/100|[from] item: Leftovers\n|upkeep\n|turn|22\n|c|\u2606Ekkogandr|me responde um bagulho\n|c|\u2606akyraaiko|ta\n|c|\u2606Ekkogandr|tu colocou tudo em hp e defesa nesse arrombado n\u00e9\n|\n|t:|1699582052\n|detailschange|p1a: Lopunny|Lopunny-Mega, F\n|-mega|p1a: Lopunny|Lopunny|Lopunnite\n|move|p1a: Lopunny|U-turn|p2a: Teu pai chifrudo\n|-supereffective|p2a: Teu pai chifrudo\n|-damage|p2a: Teu pai chifrudo|0 fnt\n|faint|p2a: Teu pai chifrudo\n|\n|t:|1699582063\n|switch|p1a: Kyurem|Kyurem|63\/100|[from] U-turn\n|-ability|p1a: Kyurem|Pressure\n|\n|upkeep\n|c|\u2606akyraaiko|em ataque msm\n|c|\u2606Ekkogandr|ata\n|\n|t:|1699582072\n|switch|p2a: El lobo|Lycanroc-Dusk, M, shiny, tera:Water|46\/100\n|turn|23\n|c|\u2606akyraaiko|SEM USAR ROTOM\n|c|\u2606akyraaiko|ARROMBADFO\n|c|\u2606Ekkogandr|Calma\n|c|\u2606Ekkogandr|tu vai usar drill run nessa porra?\n|c|\u2606akyraaiko|cara\n|c|\u2606akyraaiko|na proxima\n|c|\u2606akyraaiko|partida\n|\n|t:|1699582120\n|-terastallize|p1a: Kyurem|Steel\n|move|p2a: El lobo|Accelerock|p1a: Kyurem\n|-resisted|p1a: Kyurem\n|-damage|p1a: Kyurem|45\/100\n|-damage|p2a: El lobo|36\/100|[from] item: Life Orb\n|move|p1a: Kyurem|Freeze-Dry|p2a: El lobo\n|-supereffective|p2a: El lobo\n|-damage|p2a: El lobo|0 fnt\n|faint|p2a: El lobo\n|\n|upkeep\n|c|\u2606akyraaiko|a gente vai random e nao vai poder trocar de pokemon\n|c|\u2606akyraaiko|vai ser legal\n|c|\u2606Ekkogandr|bruh\n|\n|t:|1699582132\n|switch|p2a: Zamazenta|Zamazenta|100\/100\n|-ability|p2a: Zamazenta|Dauntless Shield|boost\n|-boost|p2a: Zamazenta|def|1\n|turn|24\n|\n|t:|1699582138\n|switch|p1a: Iron Moth|Iron Moth|62\/100\n|move|p2a: Zamazenta|Brick Break|p1a: Iron Moth\n|-resisted|p1a: Iron Moth\n|-damage|p1a: Iron Moth|13\/100\n|\n|upkeep\n|turn|25\n|c|\u2606Ekkogandr|CARALHO\n|c|\u2606Ekkogandr|49%\n|\n|t:|1699582157\n|move|p2a: Zamazenta|Brick Break|p1a: Iron Moth\n|-resisted|p1a: Iron Moth\n|-damage|p1a: Iron Moth|0 fnt\n|faint|p1a: Iron Moth\n|-end|p1a: Iron Moth|Quark Drive|[silent]\n|\n|upkeep\n|\n|t:|1699582165\n|switch|p1a: Rotom|Rotom-Wash|52\/100\n|turn|26\n|c|\u2606akyraaiko|foi no msm fodace\n|\n|t:|1699582170\n|move|p2a: Zamazenta|Brick Break|p1a: Rotom\n|-damage|p1a: Rotom|5\/100\n|move|p1a: Rotom|Will-O-Wisp|p2a: Zamazenta\n|-status|p2a: Zamazenta|brn\n|\n|-heal|p1a: Rotom|11\/100|[from] item: Leftovers\n|-damage|p2a: Zamazenta|94\/100 brn|[from] brn\n|upkeep\n|turn|27\n|c|\u2606Ekkogandr|JESUS\n|c|\u2606akyraaiko|JESUS\n|c|\u2606Ekkogandr|QUER MAIS DANO N\n|c|\u2606akyraaiko|TANKA\n|\n|t:|1699582188\n|move|p2a: Zamazenta|Brick Break|p1a: Rotom\n|-damage|p1a: Rotom|0 fnt\n|faint|p1a: Rotom\n|\n|-damage|p2a: Zamazenta|88\/100 brn|[from] brn\n|upkeep\n|c|\u2606akyraaiko|agora tanka\n|\n|t:|1699582204\n|switch|p1a: Lopunny|Lopunny-Mega, F|100\/100\n|turn|28\n|\n|t:|1699582213\n|move|p1a: Lopunny|Fake Out|p2a: Zamazenta\n|-damage|p2a: Zamazenta|75\/100 brn\n|cant|p2a: Zamazenta|flinch\n|\n|-damage|p2a: Zamazenta|69\/100 brn|[from] brn\n|upkeep\n|turn|29\n|\n|t:|1699582218\n|move|p1a: Lopunny|Close Combat|p2a: Zamazenta\n|-damage|p2a: Zamazenta|31\/100 brn\n|-unboost|p1a: Lopunny|def|1\n|-unboost|p1a: Lopunny|spd|1\n|move|p2a: Zamazenta|Brick Break|p1a: Lopunny\n|-supereffective|p1a: Lopunny\n|-damage|p1a: Lopunny|0 fnt\n|faint|p1a: Lopunny\n|\n|-damage|p2a: Zamazenta|24\/100 brn|[from] brn\n|upkeep\n|c|\u2606akyraaiko|TANKA\n|c|\u2606Ekkogandr|pq eu sou mais rapido\n|c|\u2606Ekkogandr|n era pra ser assim qq tu fez\n|c|\u2606akyraaiko|mega lopunny \u00e9 mais rapido q tudo\n|\n|t:|1699582243\n|switch|p1a: Heatran|Heatran, F|100\/100\n|turn|30\n|c|\u2606akyraaiko|QUE TUDO\n|c|\u2606Ekkogandr|menos que zamazenta\n|\n|t:|1699582276\n|move|p2a: Zamazenta|Brick Break|p1a: Heatran\n|-supereffective|p1a: Heatran\n|-damage|p1a: Heatran|51\/100\n|move|p1a: Heatran|Earth Power|p2a: Zamazenta\n|-damage|p2a: Zamazenta|2\/100 brn\n|\n|-heal|p1a: Heatran|57\/100|[from] item: Leftovers\n|-damage|p2a: Zamazenta|0 fnt|[from] brn\n|faint|p2a: Zamazenta\n|\n|win|Ekkogandr\n|upkeep\n|c|\u2606Ekkogandr|gg\n|c|\u2606akyraaiko|F\n|l|\u2606akyraaiko\n|c|\u2606Ekkogandr|caralho gelei com esse zama\n","uploadtime":1699582290,"views":8,"p1id":"ekkogandr","p2id":"akyraaiko","formatid":"gen9nationaldex","rating":0,"private":0,"password":""}