{"id":"gen9nationaldex-1996383134","p1":"GroodonKyogri","p2":"hayeskerr","format":"[Gen 9] National Dex","log":"|html|<div class=\"broadcast-blue\"><strong>[Gen 9] National Dex is currently suspecting Sneasler! For information on how to participate check out the <a href=\"https:\/\/www.smogon.com\/forums\/threads\/sv-national-dex-suspect-8-just-dance.3731534\/\">suspect thread<\/a>.<\/strong><\/div>\n|j|\u2606GroodonKyogri\n|j|\u2606hayeskerr\n|t:|1700676797\n|gametype|singles\n|player|p1|GroodonKyogri|266|\n|player|p2|hayeskerr|lucas|\n|teamsize|p1|6\n|teamsize|p2|6\n|gen|9\n|tier|[Gen 9] National Dex\n|rule|HP Percentage Mod: HP is shown in percentages\n|rule|Endless Battle Clause: Forcing endless battles is banned\n|rule|OHKO Clause: OHKO moves are banned\n|rule|Evasion Clause: Evasion abilities, items, and moves are banned\n|rule|Evasion Abilities Clause: Evasion abilities are banned\n|rule|Evasion Items Clause: Evasion items are banned\n|rule|Evasion Moves Clause: Evasion moves are banned\n|rule|Species Clause: Limit one of each Pok\u00e9mon\n|rule|Sleep Clause Mod: Limit one foe put to sleep\n|clearpoke\n|poke|p1|Maushold-Four|\n|poke|p1|Murkrow, M|\n|poke|p1|Forretress, M|\n|poke|p1|Salamence, F|\n|poke|p1|Gengar, F|\n|poke|p1|Torkoal, M|\n|poke|p2|Swampert, M|\n|poke|p2|Heracross, M|\n|poke|p2|Dragonite, M|\n|poke|p2|Alakazam, F|\n|poke|p2|Nidoking, M|\n|poke|p2|Charizard, F|\n|teampreview\n|\n|t:|1700676851\n|start\n|switch|p1a: Undertales|Maushold-Four|100\/100\n|switch|p2a: Nidoking|Nidoking, M|100\/100\n|turn|1\n|\n|t:|1700676874\n|move|p1a: Undertales|Population Bomb|p2a: Nidoking\n|-damage|p2a: Nidoking|89\/100\n|-damage|p2a: Nidoking|76\/100\n|-damage|p2a: Nidoking|65\/100\n|-crit|p2a: Nidoking\n|-damage|p2a: Nidoking|48\/100\n|-damage|p2a: Nidoking|36\/100\n|-damage|p2a: Nidoking|25\/100\n|-damage|p2a: Nidoking|12\/100\n|-damage|p2a: Nidoking|0 fnt\n|faint|p2a: Nidoking\n|-hitcount|p2: Nidoking|8\n|\n|upkeep\n|\n|t:|1700676910\n|switch|p2a: Heracross|Heracross, M|100\/100\n|turn|2\n|\n|t:|1700676930\n|move|p1a: Undertales|Population Bomb|p2a: Heracross\n|-damage|p2a: Heracross|86\/100\n|-damage|p2a: Heracross|69\/100\n|-damage|p2a: Heracross|52\/100\n|-damage|p2a: Heracross|37\/100\n|-damage|p2a: Heracross|22\/100\n|-damage|p2a: Heracross|7\/100\n|-damage|p2a: Heracross|0 fnt\n|faint|p2a: Heracross\n|-hitcount|p2: Heracross|7\n|\n|upkeep\n|\n|t:|1700676946\n|switch|p2a: Charizard|Charizard, F|100\/100\n|turn|3\n|\n|t:|1700676971\n|move|p1a: Undertales|Population Bomb|p2a: Charizard\n|-damage|p2a: Charizard|84\/100\n|-damage|p2a: Charizard|69\/100\n|-damage|p2a: Charizard|54\/100\n|-damage|p2a: Charizard|40\/100\n|-damage|p2a: Charizard|25\/100\n|-damage|p2a: Charizard|10\/100\n|-damage|p2a: Charizard|0 fnt\n|faint|p2a: Charizard\n|-hitcount|p2: Charizard|7\n|\n|upkeep\n|\n|t:|1700677021\n|switch|p2a: Swampert|Swampert, M|100\/100\n|turn|4\n|\n|t:|1700677038\n|move|p1a: Undertales|Population Bomb|p2a: Swampert\n|-damage|p2a: Swampert|91\/100\n|-damage|p2a: Swampert|80\/100\n|-crit|p2a: Swampert\n|-damage|p2a: Swampert|66\/100\n|-damage|p2a: Swampert|56\/100\n|-damage|p2a: Swampert|46\/100\n|-damage|p2a: Swampert|36\/100\n|-damage|p2a: Swampert|26\/100\n|-damage|p2a: Swampert|16\/100\n|-damage|p2a: Swampert|6\/100\n|-damage|p2a: Swampert|0 fnt\n|faint|p2a: Swampert\n|-hitcount|p2: Swampert|10\n|\n|upkeep\n|\n|t:|1700677057\n|switch|p2a: Alakazam|Alakazam, F|100\/100\n|turn|5\n|\n|t:|1700677068\n|move|p2a: Alakazam|Psychic|p1a: Undertales\n|-damage|p1a: Undertales|8\/100\n|move|p1a: Undertales|Population Bomb|p2a: Alakazam\n|-damage|p2a: Alakazam|74\/100\n|-damage|p2a: Alakazam|48\/100\n|-damage|p2a: Alakazam|20\/100\n|-damage|p2a: Alakazam|0 fnt\n|faint|p2a: Alakazam\n|-hitcount|p2: Alakazam|4\n|\n|upkeep\n|\n|t:|1700677080\n|switch|p2a: Dragonite|Dragonite, M|100\/100\n|turn|6\n|\n|t:|1700677090\n|-terastallize|p1a: Undertales|Normal\n|move|p1a: Undertales|Population Bomb|p2a: Dragonite\n|-damage|p2a: Dragonite|92\/100\n|-damage|p2a: Dragonite|76\/100\n|-crit|p2a: Dragonite\n|-damage|p2a: Dragonite|50\/100\n|-damage|p2a: Dragonite|34\/100\n|-damage|p2a: Dragonite|18\/100\n|-damage|p2a: Dragonite|2\/100\n|-damage|p2a: Dragonite|0 fnt\n|faint|p2a: Dragonite\n|-hitcount|p2: Dragonite|7\n|\n|win|GroodonKyogri\n","uploadtime":1700677106,"views":8,"p1id":"groodonkyogri","p2id":"hayeskerr","formatid":"gen9nationaldex","rating":0,"private":0,"password":""}