{"id":"gen9nationaldex-1993952409","p1":"sty2","p2":"SUPER LARIAL","format":"[Gen 9] National Dex","log":"|j|\u2606sty2\n|j|\u2606SUPER LARIAL\n|t:|1700381683\n|gametype|singles\n|player|p1|sty2|265|1586\n|player|p2|SUPER LARIAL|clown|1612\n|teamsize|p1|6\n|teamsize|p2|6\n|gen|9\n|tier|[Gen 9] National Dex\n|rated|\n|rule|HP Percentage Mod: HP is shown in percentages\n|rule|Endless Battle Clause: Forcing endless battles is banned\n|rule|OHKO Clause: OHKO moves are banned\n|rule|Evasion Clause: Evasion abilities, items, and moves are banned\n|rule|Evasion Abilities Clause: Evasion abilities are banned\n|rule|Evasion Items Clause: Evasion items are banned\n|rule|Evasion Moves Clause: Evasion moves are banned\n|rule|Species Clause: Limit one of each Pok\u00e9mon\n|rule|Sleep Clause Mod: Limit one foe put to sleep\n|clearpoke\n|poke|p1|Banette, F|\n|poke|p1|Samurott-Hisui, M|\n|poke|p1|Indeedee, M|\n|poke|p1|Quaquaval, M|\n|poke|p1|Alakazam, M|\n|poke|p1|Skeledirge, M|\n|poke|p2|Dondozo, F|\n|poke|p2|Garganacl, F|\n|poke|p2|Banette, M|\n|poke|p2|Pawmot, M|\n|poke|p2|Iron Valiant|\n|poke|p2|Smeargle, M|\n|teampreview\n|\n|t:|1700381710\n|start\n|switch|p1a: Samurott|Samurott-Hisui, M|100\/100\n|switch|p2a: Clown Buddy|Banette, M|100\/100\n|turn|1\n|\n|t:|1700381716\n|detailschange|p2a: Clown Buddy|Banette-Mega, M\n|-mega|p2a: Clown Buddy|Banette|Banettite\n|move|p2a: Clown Buddy|Destiny Bond|p2a: Clown Buddy\n|-singlemove|p2a: Clown Buddy|Destiny Bond\n|move|p1a: Samurott|Encore|p2a: Clown Buddy\n|-start|p2a: Clown Buddy|Encore\n|\n|upkeep\n|turn|2\n|inactive|Battle timer is ON: inactive players will automatically lose when time's up. (requested by sty2)\n|\n|t:|1700381728\n|switch|p2a: 3D Squeldon|Iron Valiant|100\/100\n|-enditem|p2a: 3D Squeldon|Booster Energy\n|-activate|p2a: 3D Squeldon|ability: Quark Drive|[fromitem]\n|-start|p2a: 3D Squeldon|quarkdrivespe\n|move|p1a: Samurott|Ceaseless Edge|p2a: 3D Squeldon\n|-resisted|p2a: 3D Squeldon\n|-damage|p2a: 3D Squeldon|87\/100\n|-sidestart|p2: SUPER LARIAL|Spikes\n|\n|upkeep\n|turn|3\n|\n|t:|1700381737\n|move|p2a: 3D Squeldon|Swords Dance|p2a: 3D Squeldon\n|-boost|p2a: 3D Squeldon|atk|2\n|move|p1a: Samurott|Razor Shell|p2a: 3D Squeldon\n|-damage|p2a: 3D Squeldon|22\/100\n|\n|upkeep\n|turn|4\n|\n|t:|1700381741\n|move|p1a: Samurott|Aqua Jet|p2a: 3D Squeldon\n|-damage|p2a: 3D Squeldon|0 fnt\n|faint|p2a: 3D Squeldon\n|-end|p2a: 3D Squeldon|Quark Drive|[silent]\n|\n|upkeep\n|\n|t:|1700381748\n|switch|p2a: Desmond|Pawmot, M|100\/100\n|-damage|p2a: Desmond|88\/100|[from] Spikes\n|turn|5\n|\n|t:|1700381757\n|move|p2a: Desmond|Double Shock|p1a: Samurott\n|-supereffective|p1a: Samurott\n|-enditem|p1a: Samurott|Focus Sash\n|-damage|p1a: Samurott|1\/100\n|-start|p2a: Desmond|typechange|???\/Fighting|[from] move: Double Shock\n|move|p1a: Samurott|Razor Shell|p2a: Desmond\n|-damage|p2a: Desmond|1\/100\n|\n|upkeep\n|turn|6\n|\n|t:|1700381768\n|move|p2a: Desmond|Mach Punch|p1a: Samurott\n|-supereffective|p1a: Samurott\n|-damage|p1a: Samurott|0 fnt\n|faint|p1a: Samurott\n|\n|upkeep\n|\n|t:|1700381785\n|switch|p1a: Alakazam|Alakazam, M|100\/100\n|turn|7\n|\n|t:|1700381792\n|switch|p2a: Clown Buddy|Banette-Mega, M|100\/100\n|-damage|p2a: Clown Buddy|88\/100|[from] Spikes\n|move|p1a: Alakazam|Expanding Force|p2a: Clown Buddy\n|-damage|p2a: Clown Buddy|41\/100\n|\n|upkeep\n|turn|8\n|\n|t:|1700381799\n|switch|p1a: Indeedee|Indeedee, M|100\/100\n|-fieldstart|move: Psychic Terrain|[from] ability: Psychic Surge|[of] p1a: Indeedee\n|move|p2a: Clown Buddy|Destiny Bond|p2a: Clown Buddy\n|-singlemove|p2a: Clown Buddy|Destiny Bond\n|\n|upkeep\n|turn|9\n|\n|t:|1700381804\n|move|p1a: Indeedee|Encore|p2a: Clown Buddy\n|-start|p2a: Clown Buddy|Encore\n|move|p2a: Clown Buddy|Destiny Bond||[still]\n|-fail|p2a: Clown Buddy\n|\n|upkeep\n|turn|10\n|\n|t:|1700381816\n|move|p2a: Clown Buddy|Destiny Bond|p2a: Clown Buddy\n|-singlemove|p2a: Clown Buddy|Destiny Bond\n|move|p1a: Indeedee|Encore||[still]\n|-fail|p1a: Indeedee\n|\n|upkeep\n|turn|11\n|\n|t:|1700381821\n|switch|p2a: Thurmund|Smeargle, M|100\/100\n|-damage|p2a: Thurmund|88\/100|[from] Spikes\n|move|p1a: Indeedee|Expanding Force|p2a: Thurmund\n|-damage|p2a: Thurmund|0 fnt\n|faint|p2a: Thurmund\n|-damage|p1a: Indeedee|90\/100|[from] item: Life Orb\n|\n|upkeep\n|\n|t:|1700381832\n|switch|p2a: Aidanacl|Garganacl, F|100\/100\n|-damage|p2a: Aidanacl|88\/100|[from] Spikes\n|turn|12\n|\n|t:|1700381844\n|-terastallize|p2a: Aidanacl|Ghost\n|move|p1a: Indeedee|Expanding Force|p2a: Aidanacl\n|-damage|p2a: Aidanacl|26\/100\n|-damage|p1a: Indeedee|80\/100|[from] item: Life Orb\n|move|p2a: Aidanacl|Iron Defense|p2a: Aidanacl\n|-boost|p2a: Aidanacl|def|2\n|\n|-heal|p2a: Aidanacl|32\/100|[from] item: Leftovers\n|-fieldend|move: Psychic Terrain\n|upkeep\n|turn|13\n|\n|t:|1700381852\n|move|p1a: Indeedee|Encore|p2a: Aidanacl\n|-start|p2a: Aidanacl|Encore\n|move|p2a: Aidanacl|Iron Defense|p2a: Aidanacl\n|-boost|p2a: Aidanacl|def|2\n|\n|-heal|p2a: Aidanacl|38\/100|[from] item: Leftovers\n|upkeep\n|turn|14\n|\n|t:|1700381865\n|switch|p2a: Seandozo|Dondozo, F|100\/100\n|-damage|p2a: Seandozo|88\/100|[from] Spikes\n|move|p1a: Indeedee|Expanding Force|p2a: Seandozo\n|-damage|p2a: Seandozo|37\/100\n|-damage|p1a: Indeedee|70\/100|[from] item: Life Orb\n|\n|-heal|p2a: Seandozo|43\/100|[from] item: Leftovers\n|upkeep\n|turn|15\n|\n|t:|1700381872\n|move|p1a: Indeedee|Expanding Force|p2a: Seandozo\n|-damage|p2a: Seandozo|0 fnt\n|faint|p2a: Seandozo\n|-damage|p1a: Indeedee|60\/100|[from] item: Life Orb\n|\n|upkeep\n|-message|SUPER LARIAL forfeited.\n|\n|win|sty2\n|raw|sty2's rating: 1586 &rarr; <strong>1607<\/strong><br \/>(+21 for winning)\n|raw|SUPER LARIAL's rating: 1612 &rarr; <strong>1591<\/strong><br \/>(-21 for losing)\n|l|\u2606SUPER LARIAL\n","uploadtime":1700381921,"views":7,"p1id":"sty2","p2id":"superlarial","formatid":"gen9nationaldex","rating":1591,"private":0,"password":""}