{"id":"gen9nationaldex-1997485466","p1":"yanami-test","p2":"nncc\u6781\u5149","format":"[Gen 9] National Dex","log":"|html|<div class=\"broadcast-blue\"><strong>[Gen 9] National Dex is currently suspecting Sneasler! For information on how to participate check out the <a href=\"https:\/\/www.smogon.com\/forums\/threads\/sv-national-dex-suspect-8-just-dance.3731534\/\">suspect thread<\/a>.<\/strong><\/div>\n|j|\u2606yanami-test\n|j|\u2606nncc\u6781\u5149\n|t:|1700813639\n|gametype|singles\n|player|p1|yanami-test|dawn-masters3|1557\n|player|p2|nncc\u6781\u5149|benga|1755\n|teamsize|p1|6\n|teamsize|p2|6\n|gen|9\n|tier|[Gen 9] National Dex\n|rated|\n|rule|HP Percentage Mod: HP is shown in percentages\n|rule|Endless Battle Clause: Forcing endless battles is banned\n|rule|OHKO Clause: OHKO moves are banned\n|rule|Evasion Clause: Evasion abilities, items, and moves are banned\n|rule|Evasion Abilities Clause: Evasion abilities are banned\n|rule|Evasion Items Clause: Evasion items are banned\n|rule|Evasion Moves Clause: Evasion moves are banned\n|rule|Species Clause: Limit one of each Pok\u00e9mon\n|rule|Sleep Clause Mod: Limit one foe put to sleep\n|clearpoke\n|poke|p1|Tapu Koko|\n|poke|p1|Great Tusk|\n|poke|p1|Ditto|\n|poke|p1|Dragonite, F|\n|poke|p1|Celesteela|\n|poke|p1|Rillaboom, M|\n|poke|p2|Alomomola, F|\n|poke|p2|Muk-Alola, M|\n|poke|p2|Skeledirge, F|\n|poke|p2|Mew|\n|poke|p2|Rillaboom, F|\n|poke|p2|Iron Treads|\n|teampreview\n|\n|t:|1700813646\n|start\n|switch|p1a: \u4e16\u754c\u548c\u5e73\u5168\u9760\u4f60|Great Tusk|100\/100\n|switch|p2a: Iron Treads|Iron Treads|100\/100\n|turn|1\n|\n|t:|1700813654\n|-end|p2a: Iron Treads|Quark Drive|[silent]\n|switch|p2a: Alomomola|Alomomola, F|100\/100\n|move|p1a: \u4e16\u754c\u548c\u5e73\u5168\u9760\u4f60|Rapid Spin|p2a: Alomomola\n|-crit|p2a: Alomomola\n|-damage|p2a: Alomomola|82\/100\n|-boost|p1a: \u4e16\u754c\u548c\u5e73\u5168\u9760\u4f60|spe|1\n|-damage|p1a: \u4e16\u754c\u548c\u5e73\u5168\u9760\u4f60|84\/100|[from] item: Rocky Helmet|[of] p2a: Alomomola\n|\n|-heal|p1a: \u4e16\u754c\u548c\u5e73\u5168\u9760\u4f60|90\/100|[from] item: Leftovers\n|upkeep\n|turn|2\n|\n|t:|1700813667\n|-end|p1a: \u4e16\u754c\u548c\u5e73\u5168\u9760\u4f60|Protosynthesis|[silent]\n|switch|p1a: Rillaboom|Rillaboom, M|100\/100\n|-fieldstart|move: Grassy Terrain|[from] ability: Grassy Surge|[of] p1a: Rillaboom\n|move|p2a: Alomomola|Flip Turn|p1a: Rillaboom\n|-resisted|p1a: Rillaboom\n|-damage|p1a: Rillaboom|93\/100\n|\n|t:|1700813682\n|switch|p2a: Skeledirge|Skeledirge, F|100\/100|[from] Flip Turn\n|\n|-heal|p1a: Rillaboom|99\/100|[from] Grassy Terrain\n|upkeep\n|turn|3\n|\n|t:|1700813693\n|switch|p1a: \u901f\u5ea6\u5728\u4f60\u4e4b\u4e0a|Tapu Koko|100\/100\n|-fieldstart|move: Electric Terrain|[from] ability: Electric Surge|[of] p1a: \u901f\u5ea6\u5728\u4f60\u4e4b\u4e0a\n|move|p2a: Skeledirge|Will-O-Wisp|p1a: \u901f\u5ea6\u5728\u4f60\u4e4b\u4e0a\n|-status|p1a: \u901f\u5ea6\u5728\u4f60\u4e4b\u4e0a|brn\n|\n|-damage|p1a: \u901f\u5ea6\u5728\u4f60\u4e4b\u4e0a|94\/100 brn|[from] brn\n|upkeep\n|turn|4\n|\n|t:|1700813700\n|switch|p2a: Iron Treads|Iron Treads|100\/100\n|-activate|p2a: Iron Treads|ability: Quark Drive\n|-start|p2a: Iron Treads|quarkdrivespe\n|-zpower|p1a: \u901f\u5ea6\u5728\u4f60\u4e4b\u4e0a\n|move|p1a: \u901f\u5ea6\u5728\u4f60\u4e4b\u4e0a|Gigavolt Havoc|p2a: Iron Treads|[zeffect]\n|-immune|p2a: Iron Treads\n|\n|-damage|p1a: \u901f\u5ea6\u5728\u4f60\u4e4b\u4e0a|88\/100 brn|[from] brn\n|upkeep\n|turn|5\n|\n|t:|1700813708\n|switch|p1a: \u4e16\u754c\u548c\u5e73\u5168\u9760\u4f60|Great Tusk|90\/100\n|move|p2a: Iron Treads|Stealth Rock|p1a: \u4e16\u754c\u548c\u5e73\u5168\u9760\u4f60\n|-sidestart|p1: yanami-test|move: Stealth Rock\n|\n|-heal|p1a: \u4e16\u754c\u548c\u5e73\u5168\u9760\u4f60|96\/100|[from] item: Leftovers\n|upkeep\n|turn|6\n|\n|t:|1700813714\n|-zpower|p2a: Iron Treads\n|move|p2a: Iron Treads|Subzero Slammer|p1a: \u4e16\u754c\u548c\u5e73\u5168\u9760\u4f60|[zeffect]\n|-supereffective|p1a: \u4e16\u754c\u548c\u5e73\u5168\u9760\u4f60\n|-crit|p1a: \u4e16\u754c\u548c\u5e73\u5168\u9760\u4f60\n|-damage|p1a: \u4e16\u754c\u548c\u5e73\u5168\u9760\u4f60|10\/100\n|move|p1a: \u4e16\u754c\u548c\u5e73\u5168\u9760\u4f60|Earthquake|p2a: Iron Treads\n|-supereffective|p2a: Iron Treads\n|-damage|p2a: Iron Treads|0 fnt\n|faint|p2a: Iron Treads\n|-end|p2a: Iron Treads|Quark Drive|[silent]\n|\n|-heal|p1a: \u4e16\u754c\u548c\u5e73\u5168\u9760\u4f60|16\/100|[from] item: Leftovers\n|upkeep\n|\n|t:|1700813719\n|switch|p2a: Rillaboom|Rillaboom, F|100\/100\n|-fieldstart|move: Grassy Terrain|[from] ability: Grassy Surge|[of] p2a: Rillaboom\n|turn|7\n|\n|t:|1700813722\n|-end|p1a: \u4e16\u754c\u548c\u5e73\u5168\u9760\u4f60|Protosynthesis|[silent]\n|switch|p1a: Celesteela|Celesteela|100\/100\n|-damage|p1a: Celesteela|88\/100|[from] Stealth Rock\n|move|p2a: Rillaboom|Knock Off|p1a: Celesteela\n|-damage|p1a: Celesteela|30\/100\n|-enditem|p1a: Celesteela|Power Herb|[from] move: Knock Off|[of] p2a: Rillaboom\n|\n|upkeep\n|turn|8\n|\n|t:|1700813729\n|move|p2a: Rillaboom|Knock Off|p1a: Celesteela\n|-damage|p1a: Celesteela|0 fnt\n|faint|p1a: Celesteela\n|\n|upkeep\n|\n|t:|1700813739\n|switch|p1a: \u901f\u5ea6\u523b\u5728\u540d\u5b57\u91cc|Dragonite, F|100\/100\n|turn|9\n|\n|t:|1700813758\n|switch|p2a: Skeledirge|Skeledirge, F|100\/100\n|switch|p1a: \u901f\u5ea6\u5728\u4f60\u4e4b\u4e0a|Tapu Koko|88\/100 brn\n|-damage|p1a: \u901f\u5ea6\u5728\u4f60\u4e4b\u4e0a|76\/100 brn|[from] Stealth Rock\n|-fieldstart|move: Electric Terrain|[from] ability: Electric Surge|[of] p1a: \u901f\u5ea6\u5728\u4f60\u4e4b\u4e0a\n|\n|-damage|p1a: \u901f\u5ea6\u5728\u4f60\u4e4b\u4e0a|70\/100 brn|[from] brn\n|upkeep\n|turn|10\n|l|\u2606nncc\u6781\u5149\n|player|p2|\n|inactive|Battle timer is ON: inactive players will automatically lose when time's up. (requested by yanami-test)\n|j| hainiumm\n|inactive|nncc\u6781\u5149 has 30 seconds to reconnect!\n|j|\u2606nncc\u6781\u5149\n|inactive|nncc\u6781\u5149 reconnected and has 115 seconds left.\n|player|p2|nncc\u6781\u5149|benga\n|\n|t:|1700813847\n|move|p1a: \u901f\u5ea6\u5728\u4f60\u4e4b\u4e0a|Volt Switch|p2a: Skeledirge\n|-damage|p2a: Skeledirge|63\/100\n|\n|t:|1700813852\n|switch|p1a: \u4ee5\u5f7c\u4e4b\u9053\u8fd8\u65bd\u5f7c\u8eab|Ditto|100\/100|[from] Volt Switch\n|-damage|p1a: \u4ee5\u5f7c\u4e4b\u9053\u8fd8\u65bd\u5f7c\u8eab|88\/100|[from] Stealth Rock\n|-transform|p1a: \u4ee5\u5f7c\u4e4b\u9053\u8fd8\u65bd\u5f7c\u8eab|p2a: Skeledirge|[from] ability: Imposter\n|move|p2a: Skeledirge|Slack Off|p2a: Skeledirge\n|-heal|p2a: Skeledirge|100\/100\n|\n|upkeep\n|turn|11\n|\n|t:|1700813858\n|switch|p2a: Alomomola|Alomomola, F|100\/100\n|move|p1a: \u4ee5\u5f7c\u4e4b\u9053\u8fd8\u65bd\u5f7c\u8eab|Earth Power|p2a: Alomomola\n|-damage|p2a: Alomomola|82\/100\n|\n|upkeep\n|turn|12\n|\n|t:|1700813865\n|move|p1a: \u4ee5\u5f7c\u4e4b\u9053\u8fd8\u65bd\u5f7c\u8eab|Earth Power|p2a: Alomomola\n|-crit|p2a: Alomomola\n|-damage|p2a: Alomomola|56\/100\n|-unboost|p2a: Alomomola|spd|1\n|move|p2a: Alomomola|Flip Turn|p1a: \u4ee5\u5f7c\u4e4b\u9053\u8fd8\u65bd\u5f7c\u8eab\n|-supereffective|p1a: \u4ee5\u5f7c\u4e4b\u9053\u8fd8\u65bd\u5f7c\u8eab\n|-damage|p1a: \u4ee5\u5f7c\u4e4b\u9053\u8fd8\u65bd\u5f7c\u8eab|59\/100\n|\n|t:|1700813873\n|switch|p2a: Rillaboom|Rillaboom, F|100\/100|[from] Flip Turn\n|-fieldstart|move: Grassy Terrain|[from] ability: Grassy Surge|[of] p2a: Rillaboom\n|\n|-heal|p1a: \u4ee5\u5f7c\u4e4b\u9053\u8fd8\u65bd\u5f7c\u8eab|65\/100|[from] Grassy Terrain\n|upkeep\n|turn|13\n|j| Wiimicks\n|\n|t:|1700813882\n|switch|p1a: \u901f\u5ea6\u523b\u5728\u540d\u5b57\u91cc|Dragonite, F|100\/100\n|move|p2a: Rillaboom|U-turn|p1a: \u901f\u5ea6\u523b\u5728\u540d\u5b57\u91cc\n|-resisted|p1a: \u901f\u5ea6\u523b\u5728\u540d\u5b57\u91cc\n|-damage|p1a: \u901f\u5ea6\u523b\u5728\u540d\u5b57\u91cc|92\/100\n|\n|t:|1700813893\n|switch|p2a: Skeledirge|Skeledirge, F|100\/100|[from] U-turn\n|\n|upkeep\n|turn|14\n|\n|t:|1700813901\n|switch|p1a: \u4ee5\u5f7c\u4e4b\u9053\u8fd8\u65bd\u5f7c\u8eab|Ditto|65\/100\n|-damage|p1a: \u4ee5\u5f7c\u4e4b\u9053\u8fd8\u65bd\u5f7c\u8eab|53\/100|[from] Stealth Rock\n|-transform|p1a: \u4ee5\u5f7c\u4e4b\u9053\u8fd8\u65bd\u5f7c\u8eab|p2a: Skeledirge|[from] ability: Imposter\n|move|p2a: Skeledirge|Earth Power|p1a: \u4ee5\u5f7c\u4e4b\u9053\u8fd8\u65bd\u5f7c\u8eab\n|-supereffective|p1a: \u4ee5\u5f7c\u4e4b\u9053\u8fd8\u65bd\u5f7c\u8eab\n|-damage|p1a: \u4ee5\u5f7c\u4e4b\u9053\u8fd8\u65bd\u5f7c\u8eab|0 fnt\n|faint|p1a: \u4ee5\u5f7c\u4e4b\u9053\u8fd8\u65bd\u5f7c\u8eab\n|\n|upkeep\n|\n|t:|1700813914\n|switch|p1a: \u901f\u5ea6\u523b\u5728\u540d\u5b57\u91cc|Dragonite, F|92\/100\n|turn|15\n|\n|t:|1700813918\n|move|p1a: \u901f\u5ea6\u523b\u5728\u540d\u5b57\u91cc|Earthquake|p2a: Skeledirge\n|-supereffective|p2a: Skeledirge\n|-damage|p2a: Skeledirge|75\/100\n|move|p2a: Skeledirge|Will-O-Wisp|p1a: \u901f\u5ea6\u523b\u5728\u540d\u5b57\u91cc\n|-status|p1a: \u901f\u5ea6\u523b\u5728\u540d\u5b57\u91cc|brn\n|\n|-heal|p2a: Skeledirge|81\/100|[from] Grassy Terrain\n|-damage|p1a: \u901f\u5ea6\u523b\u5728\u540d\u5b57\u91cc|86\/100 brn|[from] brn\n|upkeep\n|turn|16\n|\n|t:|1700813921\n|move|p1a: \u901f\u5ea6\u523b\u5728\u540d\u5b57\u91cc|Earthquake|p2a: Skeledirge\n|-supereffective|p2a: Skeledirge\n|-damage|p2a: Skeledirge|68\/100\n|move|p2a: Skeledirge|Earth Power|p1a: \u901f\u5ea6\u523b\u5728\u540d\u5b57\u91cc\n|-immune|p1a: \u901f\u5ea6\u523b\u5728\u540d\u5b57\u91cc\n|\n|-heal|p2a: Skeledirge|74\/100|[from] Grassy Terrain\n|-damage|p1a: \u901f\u5ea6\u523b\u5728\u540d\u5b57\u91cc|80\/100 brn|[from] brn\n|-fieldend|move: Grassy Terrain\n|upkeep\n|turn|17\n|\n|t:|1700813923\n|move|p1a: \u901f\u5ea6\u523b\u5728\u540d\u5b57\u91cc|Earthquake|p2a: Skeledirge\n|-supereffective|p2a: Skeledirge\n|-damage|p2a: Skeledirge|50\/100\n|move|p2a: Skeledirge|Slack Off|p2a: Skeledirge\n|-heal|p2a: Skeledirge|99\/100\n|\n|-damage|p1a: \u901f\u5ea6\u523b\u5728\u540d\u5b57\u91cc|73\/100 brn|[from] brn\n|upkeep\n|turn|18\n|c|\u2606yanami-test|\u7329\u7329+\u9cc4\u9c7c\u8fd9\u4e2a\u8f74\u786e\u5b9e\u5389\u5bb3\uff0c\u5b66\u5230\u4e86\n|\n|t:|1700813949\n|move|p1a: \u901f\u5ea6\u523b\u5728\u540d\u5b57\u91cc|Earthquake|p2a: Skeledirge\n|-supereffective|p2a: Skeledirge\n|-damage|p2a: Skeledirge|76\/100\n|move|p2a: Skeledirge|Torch Song|p1a: \u901f\u5ea6\u523b\u5728\u540d\u5b57\u91cc\n|-resisted|p1a: \u901f\u5ea6\u523b\u5728\u540d\u5b57\u91cc\n|-damage|p1a: \u901f\u5ea6\u523b\u5728\u540d\u5b57\u91cc|60\/100 brn\n|-boost|p2a: Skeledirge|spa|1\n|\n|-damage|p1a: \u901f\u5ea6\u523b\u5728\u540d\u5b57\u91cc|54\/100 brn|[from] brn\n|upkeep\n|turn|19\n|\n|t:|1700813958\n|move|p1a: \u901f\u5ea6\u523b\u5728\u540d\u5b57\u91cc|Earthquake|p2a: Skeledirge\n|-supereffective|p2a: Skeledirge\n|-damage|p2a: Skeledirge|49\/100\n|move|p2a: Skeledirge|Slack Off|p2a: Skeledirge\n|-heal|p2a: Skeledirge|99\/100\n|\n|-damage|p1a: \u901f\u5ea6\u523b\u5728\u540d\u5b57\u91cc|48\/100 brn|[from] brn\n|upkeep\n|turn|20\n|\n|t:|1700813961\n|switch|p2a: Mew|Mew|100\/100\n|move|p1a: \u901f\u5ea6\u523b\u5728\u540d\u5b57\u91cc|Earthquake|p2a: Mew\n|-damage|p2a: Mew|85\/100\n|\n|-damage|p1a: \u901f\u5ea6\u523b\u5728\u540d\u5b57\u91cc|41\/100 brn|[from] brn\n|upkeep\n|turn|21\n|\n|t:|1700813963\n|move|p2a: Mew|Cosmic Power|p2a: Mew\n|-boost|p2a: Mew|def|1\n|-boost|p2a: Mew|spd|1\n|move|p1a: \u901f\u5ea6\u523b\u5728\u540d\u5b57\u91cc|Earthquake|p2a: Mew\n|-damage|p2a: Mew|74\/100\n|\n|-damage|p1a: \u901f\u5ea6\u523b\u5728\u540d\u5b57\u91cc|35\/100 brn|[from] brn\n|upkeep\n|turn|22\n|\n|t:|1700813965\n|move|p2a: Mew|Cosmic Power|p2a: Mew\n|-boost|p2a: Mew|def|1\n|-boost|p2a: Mew|spd|1\n|move|p1a: \u901f\u5ea6\u523b\u5728\u540d\u5b57\u91cc|Earthquake|p2a: Mew\n|-damage|p2a: Mew|66\/100\n|\n|-damage|p1a: \u901f\u5ea6\u523b\u5728\u540d\u5b57\u91cc|29\/100 brn|[from] brn\n|upkeep\n|turn|23\n|\n|t:|1700813967\n|move|p2a: Mew|Cosmic Power|p2a: Mew\n|-boost|p2a: Mew|def|1\n|-boost|p2a: Mew|spd|1\n|move|p1a: \u901f\u5ea6\u523b\u5728\u540d\u5b57\u91cc|Earthquake|p2a: Mew\n|-damage|p2a: Mew|60\/100\n|\n|-damage|p1a: \u901f\u5ea6\u523b\u5728\u540d\u5b57\u91cc|23\/100 brn|[from] brn\n|upkeep\n|turn|24\n|\n|t:|1700813969\n|move|p2a: Mew|Cosmic Power|p2a: Mew\n|-boost|p2a: Mew|def|1\n|-boost|p2a: Mew|spd|1\n|move|p1a: \u901f\u5ea6\u523b\u5728\u540d\u5b57\u91cc|Earthquake|p2a: Mew\n|-damage|p2a: Mew|54\/100\n|\n|-damage|p1a: \u901f\u5ea6\u523b\u5728\u540d\u5b57\u91cc|17\/100 brn|[from] brn\n|upkeep\n|turn|25\n|\n|t:|1700813971\n|move|p2a: Mew|Roost|p2a: Mew\n|-heal|p2a: Mew|100\/100\n|-singleturn|p2a: Mew|move: Roost\n|move|p1a: \u901f\u5ea6\u523b\u5728\u540d\u5b57\u91cc|Earthquake|p2a: Mew\n|-damage|p2a: Mew|95\/100\n|\n|-damage|p1a: \u901f\u5ea6\u523b\u5728\u540d\u5b57\u91cc|10\/100 brn|[from] brn\n|upkeep\n|turn|26\n|c|\u2606nncc\u6781\u5149|\u662f\u4fdd\u59c6\u9c7c\u52a0\u7329\u7329\u9cc4\u9c7c\n|\n|t:|1700813990\n|move|p2a: Mew|Cosmic Power|p2a: Mew\n|-boost|p2a: Mew|def|1\n|-boost|p2a: Mew|spd|1\n|move|p1a: \u901f\u5ea6\u523b\u5728\u540d\u5b57\u91cc|Earthquake|p2a: Mew\n|-damage|p2a: Mew|90\/100\n|\n|-damage|p1a: \u901f\u5ea6\u523b\u5728\u540d\u5b57\u91cc|4\/100 brn|[from] brn\n|upkeep\n|turn|27\n|c|\u2606yanami-test|\u539f\u6765\u5982\u6b64\n|\n|t:|1700814000\n|move|p2a: Mew|Cosmic Power|p2a: Mew\n|-boost|p2a: Mew|def|1\n|-boost|p2a: Mew|spd|1\n|move|p1a: \u901f\u5ea6\u523b\u5728\u540d\u5b57\u91cc|Earthquake|p2a: Mew\n|-damage|p2a: Mew|86\/100\n|\n|-damage|p1a: \u901f\u5ea6\u523b\u5728\u540d\u5b57\u91cc|0 fnt|[from] brn\n|faint|p1a: \u901f\u5ea6\u523b\u5728\u540d\u5b57\u91cc\n|upkeep\n|\n|t:|1700814002\n|switch|p1a: Rillaboom|Rillaboom, M|99\/100\n|-damage|p1a: Rillaboom|87\/100|[from] Stealth Rock\n|-fieldstart|move: Grassy Terrain|[from] ability: Grassy Surge|[of] p1a: Rillaboom\n|turn|28\n|c|\u2606nncc\u6781\u5149|\u5176\u5b9e\u6211\u7684\u8f74\u662f\u4fdd\u59c6\u9c7c\u52a0\u81ed\u81ed\u6ce5\u52a0\u9cc4\u9c7c\n|\n|t:|1700814026\n|move|p2a: Mew|Stored Power|p1a: Rillaboom\n|-damage|p1a: Rillaboom|0 fnt\n|faint|p1a: Rillaboom\n|\n|-heal|p2a: Mew|92\/100|[from] Grassy Terrain\n|upkeep\n|c|\u2606nncc\u6781\u5149|\u6293\u8776\u8776\n|c|\u2606yanami-test|\u54e6\u54e6\n|\n|t:|1700814049\n|switch|p1a: \u901f\u5ea6\u5728\u4f60\u4e4b\u4e0a|Tapu Koko|70\/100 brn\n|-damage|p1a: \u901f\u5ea6\u5728\u4f60\u4e4b\u4e0a|58\/100 brn|[from] Stealth Rock\n|-fieldstart|move: Electric Terrain|[from] ability: Electric Surge|[of] p1a: \u901f\u5ea6\u5728\u4f60\u4e4b\u4e0a\n|turn|29\n|l| hainiumm\n|\n|t:|1700814054\n|move|p1a: \u901f\u5ea6\u5728\u4f60\u4e4b\u4e0a|Thunderbolt|p2a: Mew\n|-damage|p2a: Mew|82\/100\n|move|p2a: Mew|Stored Power|p1a: \u901f\u5ea6\u5728\u4f60\u4e4b\u4e0a\n|-damage|p1a: \u901f\u5ea6\u5728\u4f60\u4e4b\u4e0a|0 fnt\n|faint|p1a: \u901f\u5ea6\u5728\u4f60\u4e4b\u4e0a\n|\n|upkeep\n|c|\u2606yanami-test|\u6ca1\u6709\u8776\u8776\u7684\u8bdd\uff0c\u81ed\u6ce5\u597d\u7528\u5417\n|\n|t:|1700814074\n|switch|p1a: \u4e16\u754c\u548c\u5e73\u5168\u9760\u4f60|Great Tusk|16\/100\n|-damage|p1a: \u4e16\u754c\u548c\u5e73\u5168\u9760\u4f60|13\/100|[from] Stealth Rock\n|turn|30\n|c|\u2606nncc\u6781\u5149|\u8fd8\u4e0d\u9519\n|inactive|nncc\u6781\u5149 has 120 seconds left.\n|c|\u2606yanami-test|ok\n|c|\u2606yanami-test|gg\n|c|\u2606nncc\u6781\u5149|\u80cc\u5fc3\u80fd\u6321\u5f88\u591a\u7279\u653b\u624b\n|\n|t:|1700814117\n|move|p2a: Mew|Stored Power|p1a: \u4e16\u754c\u548c\u5e73\u5168\u9760\u4f60\n|-supereffective|p1a: \u4e16\u754c\u548c\u5e73\u5168\u9760\u4f60\n|-damage|p1a: \u4e16\u754c\u548c\u5e73\u5168\u9760\u4f60|0 fnt\n|faint|p1a: \u4e16\u754c\u548c\u5e73\u5168\u9760\u4f60\n|-end|p1a: \u4e16\u754c\u548c\u5e73\u5168\u9760\u4f60|Protosynthesis|[silent]\n|\n|win|nncc\u6781\u5149\n|raw|yanami-test's rating: 1557 &rarr; <strong>1547<\/strong><br \/>(-10 for losing)\n|raw|nncc\u6781\u5149's rating: 1755 &rarr; <strong>1765<\/strong><br \/>(+10 for winning)\n|l|\u2606nncc\u6781\u5149\n","uploadtime":1700814138,"views":5,"p1id":"yanamitest","p2id":"nncc","formatid":"gen9nationaldex","rating":1547,"private":0,"password":""}