{"id":"gen9nationaldex-1996837651","p1":"Bitchingerlol","p2":"hxcrux_","format":"[Gen 9] National Dex","log":"|html|<div class=\"broadcast-blue\"><strong>[Gen 9] National Dex is currently suspecting Sneasler! For information on how to participate check out the <a href=\"https:\/\/www.smogon.com\/forums\/threads\/sv-national-dex-suspect-8-just-dance.3731534\/\">suspect thread<\/a>.<\/strong><\/div>\n|j|\u2606Bitchingerlol\n|j|\u2606hxcrux_\n|t:|1700733295\n|gametype|singles\n|player|p1|Bitchingerlol|hiker-gen4|1043\n|player|p2|hxcrux_|101|1107\n|teamsize|p1|6\n|teamsize|p2|6\n|gen|9\n|tier|[Gen 9] National Dex\n|rated|\n|rule|HP Percentage Mod: HP is shown in percentages\n|rule|Endless Battle Clause: Forcing endless battles is banned\n|rule|OHKO Clause: OHKO moves are banned\n|rule|Evasion Clause: Evasion abilities, items, and moves are banned\n|rule|Evasion Abilities Clause: Evasion abilities are banned\n|rule|Evasion Items Clause: Evasion items are banned\n|rule|Evasion Moves Clause: Evasion moves are banned\n|rule|Species Clause: Limit one of each Pok\u00e9mon\n|rule|Sleep Clause Mod: Limit one foe put to sleep\n|clearpoke\n|poke|p1|Garchomp, F|\n|poke|p1|Gliscor, M|\n|poke|p1|Ceruledge, M|\n|poke|p1|Corviknight, F|\n|poke|p1|Slowking-Galar, M|\n|poke|p1|Gengar, M|\n|poke|p2|Serperior, F|\n|poke|p2|Urshifu-*, M|\n|poke|p2|Ferrothorn, F|\n|poke|p2|Charizard, F|\n|poke|p2|Ninetales-Alola, M|\n|poke|p2|Excadrill, M|\n|teampreview\n|inactive|Battle timer is ON: inactive players will automatically lose when time's up. (requested by hxcrux_)\n|inactive|Bitchingerlol has 120 seconds left.\n|inactive|Bitchingerlol has 90 seconds left.\n|c|\u2606Bitchingerlol|Hdj\n|c|\u2606Bitchingerlol|\u0110im\n|c|\u2606Bitchingerlol|Dd\n|c|\u2606Bitchingerlol|Dkkd\n|c|\u2606Bitchingerlol|D\n|c|\u2606Bitchingerlol|JD\n|inactive|Bitchingerlol has 60 seconds left.\n|c|\u2606Bitchingerlol|\u0110j\n|c|\u2606Bitchingerlol|\u0110j\n|c|\u2606Bitchingerlol|Dmdm\n|c|\u2606Bitchingerlol|\u0110\n|c|\u2606Bitchingerlol|\u0110j\n|c|\u2606Bitchingerlol|D\n|c|\u2606Bitchingerlol|Jdd\n|c|\u2606Bitchingerlol|\u0110s\n|c|\u2606Bitchingerlol|\u0110mxj\n|c|\u2606Bitchingerlol|Emdmx\n|c|\u2606Bitchingerlol|D\n|c|\u2606Bitchingerlol|Sdmd\n|c|\u2606Bitchingerlol|D\n|c|\u2606Bitchingerlol|Damn bro\n|n|!Bitchingerlol|bitchingerlol\n|inactive|Bitchingerlol has 30 seconds left.\n|c|\u2606hxcrux_|Bruh\n|\n|t:|1700733426\n|start\n|switch|p1a: Gliscor|Gliscor, M|100\/100\n|switch|p2a: Serperior|Serperior, F|100\/100\n|turn|1\n|\n|t:|1700733434\n|move|p2a: Serperior|Taunt|p1a: Gliscor\n|-start|p1a: Gliscor|move: Taunt\n|move|p1a: Gliscor|Acrobatics|p2a: Serperior\n|-supereffective|p2a: Serperior\n|-damage|p2a: Serperior|2\/100\n|\n|upkeep\n|turn|2\n|\n|t:|1700733443\n|-terastallize|p1a: Gliscor|Ground\n|move|p2a: Serperior|Glare|p1a: Gliscor\n|-status|p1a: Gliscor|par\n|move|p1a: Gliscor|Acrobatics|p2a: Serperior\n|-supereffective|p2a: Serperior\n|-damage|p2a: Serperior|0 fnt\n|faint|p2a: Serperior\n|\n|upkeep\n|\n|t:|1700733451\n|switch|p2a: Urshifu|Urshifu-Rapid-Strike, M|100\/100\n|turn|3\n|\n|t:|1700733469\n|switch|p1a: Garchomp|Garchomp, F|100\/100\n|move|p2a: Urshifu|Surging Strikes|p1a: Garchomp\n|-crit|p1a: Garchomp\n|-damage|p1a: Garchomp|79\/100\n|-damage|p2a: Urshifu|88\/100|[from] ability: Rough Skin|[of] p1a: Garchomp\n|-crit|p1a: Garchomp\n|-damage|p1a: Garchomp|58\/100\n|-damage|p2a: Urshifu|76\/100|[from] ability: Rough Skin|[of] p1a: Garchomp\n|-crit|p1a: Garchomp\n|-damage|p1a: Garchomp|35\/100\n|-damage|p2a: Urshifu|64\/100|[from] ability: Rough Skin|[of] p1a: Garchomp\n|-hitcount|p1a: Garchomp|3\n|\n|upkeep\n|turn|4\n|\n|t:|1700733484\n|move|p1a: Garchomp|Swords Dance|p1a: Garchomp\n|-boost|p1a: Garchomp|atk|2\n|move|p2a: Urshifu|Ice Spinner|p1a: Garchomp\n|-supereffective|p1a: Garchomp\n|-damage|p1a: Garchomp|0 fnt\n|-damage|p2a: Urshifu|51\/100|[from] ability: Rough Skin|[of] p1a: Garchomp\n|faint|p1a: Garchomp\n|\n|upkeep\n|\n|t:|1700733487\n|switch|p1a: Gengar|Gengar, M|100\/100\n|turn|5\n|\n|t:|1700733496\n|switch|p2a: Ferrothorn|Ferrothorn, F|100\/100\n|move|p1a: Gengar|Body Slam|p2a: Ferrothorn\n|-resisted|p2a: Ferrothorn\n|-damage|p2a: Ferrothorn|93\/100\n|-damage|p1a: Gengar|88\/100|[from] ability: Iron Barbs|[of] p2a: Ferrothorn\n|-damage|p1a: Gengar|72\/100|[from] item: Rocky Helmet|[of] p2a: Ferrothorn\n|\n|upkeep\n|turn|6\n|inactive|Bitchingerlol has 120 seconds left.\n|\n|t:|1700733502\n|move|p1a: Gengar|Body Slam|p2a: Ferrothorn\n|-resisted|p2a: Ferrothorn\n|-damage|p2a: Ferrothorn|85\/100\n|-damage|p1a: Gengar|60\/100|[from] ability: Iron Barbs|[of] p2a: Ferrothorn\n|-damage|p1a: Gengar|43\/100|[from] item: Rocky Helmet|[of] p2a: Ferrothorn\n|move|p2a: Ferrothorn|Stealth Rock|p1a: Gengar\n|-sidestart|p1: Bitchingerlol|move: Stealth Rock\n|\n|upkeep\n|turn|7\n|inactive|Bitchingerlol has 120 seconds left.\n|\n|t:|1700733519\n|move|p1a: Gengar|Body Slam|p2a: Ferrothorn\n|-resisted|p2a: Ferrothorn\n|-damage|p2a: Ferrothorn|78\/100\n|-damage|p1a: Gengar|31\/100|[from] ability: Iron Barbs|[of] p2a: Ferrothorn\n|-damage|p1a: Gengar|14\/100|[from] item: Rocky Helmet|[of] p2a: Ferrothorn\n|move|p2a: Ferrothorn|Knock Off|p1a: Gengar\n|-supereffective|p1a: Gengar\n|-damage|p1a: Gengar|0 fnt\n|faint|p1a: Gengar\n|\n|upkeep\n|\n|t:|1700733523\n|switch|p1a: Corviknight|Corviknight, F|100\/100\n|-damage|p1a: Corviknight|88\/100|[from] Stealth Rock\n|-ability|p1a: Corviknight|Pressure\n|turn|8\n|\n|t:|1700733529\n|move|p1a: Corviknight|Agility|p1a: Corviknight\n|-boost|p1a: Corviknight|spe|2\n|move|p2a: Ferrothorn|Leech Seed|p1a: Corviknight\n|-start|p1a: Corviknight|move: Leech Seed\n|\n|-damage|p1a: Corviknight|76\/100|[from] Leech Seed|[of] p2a: Ferrothorn\n|-heal|p2a: Ferrothorn|93\/100|[silent]\n|upkeep\n|turn|9\n|\n|t:|1700733540\n|switch|p2a: Charizard|Charizard, F|100\/100\n|move|p1a: Corviknight|Agility|p1a: Corviknight\n|-boost|p1a: Corviknight|spe|2\n|\n|-damage|p1a: Corviknight|63\/100|[from] Leech Seed|[of] p2a: Charizard\n|upkeep\n|turn|10\n|\n|t:|1700733547\n|detailschange|p2a: Charizard|Charizard-Mega-Y, F\n|-mega|p2a: Charizard|Charizard|Charizardite Y\n|-weather|SunnyDay|[from] ability: Drought|[of] p2a: Charizard\n|move|p1a: Corviknight|Agility|p1a: Corviknight\n|-boost|p1a: Corviknight|spe|2\n|move|p2a: Charizard|Flamethrower|p1a: Corviknight\n|-supereffective|p1a: Corviknight\n|-damage|p1a: Corviknight|0 fnt\n|faint|p1a: Corviknight\n|\n|-weather|SunnyDay|[upkeep]\n|upkeep\n|c|\u2606hxcrux_|Bro?\n|c|\u2606hxcrux_|You good ??\n|inactive|Bitchingerlol has 120 seconds left.\n|inactive|Bitchingerlol has 90 seconds left.\n|inactive|Bitchingerlol has 60 seconds left.\n|\n|t:|1700733652\n|switch|p1a: Ceruledge|Ceruledge, M|100\/100\n|-damage|p1a: Ceruledge|76\/100|[from] Stealth Rock\n|turn|11\n|\n|t:|1700733662\n|move|p2a: Charizard|Scorching Sands|p1a: Ceruledge\n|-supereffective|p1a: Ceruledge\n|-damage|p1a: Ceruledge|11\/100\n|move|p1a: Ceruledge|Bitter Blade|p2a: Charizard\n|-resisted|p2a: Charizard\n|-damage|p2a: Charizard|53\/100\n|-heal|p1a: Ceruledge|36\/100|[from] drain|[of] p2a: Charizard\n|\n|-weather|SunnyDay|[upkeep]\n|upkeep\n|turn|12\n|inactive|Bitchingerlol has 60 seconds left.\n|\n|t:|1700733678\n|move|p2a: Charizard|Scorching Sands|p1a: Ceruledge\n|-supereffective|p1a: Ceruledge\n|-damage|p1a: Ceruledge|0 fnt\n|faint|p1a: Ceruledge\n|\n|-weather|SunnyDay|[upkeep]\n|upkeep\n|\n|t:|1700733681\n|switch|p1a: Slowking|Slowking-Galar, M|100\/100\n|-damage|p1a: Slowking|88\/100|[from] Stealth Rock\n|turn|13\n|\n|t:|1700733690\n|move|p2a: Charizard|Air Slash|p1a: Slowking\n|-damage|p1a: Slowking|45\/100\n|move|p1a: Slowking|Avalanche|p2a: Charizard\n|-damage|p2a: Charizard|14\/100\n|\n|-weather|SunnyDay|[upkeep]\n|upkeep\n|turn|14\n|inactive|Bitchingerlol has 60 seconds left.\n|inactive|Bitchingerlol has 30 seconds left.\n|inactive|Bitchingerlol has 20 seconds left.\n|inactive|Bitchingerlol has 15 seconds left.\n|inactive|Bitchingerlol has 10 seconds left.\n|inactive|Bitchingerlol has 5 seconds left.\n|-message|Bitchingerlol lost due to inactivity.\n|\n|win|hxcrux_\n|raw|Bitchingerlol's rating: 1014 &rarr; <strong>1005<\/strong><br \/>(-9 for losing)\n|raw|hxcrux_'s rating: 1107 &rarr; <strong>1125<\/strong><br \/>(+18 for winning)\n","uploadtime":1700733407,"views":1,"p1id":"bitchingerlol","p2id":"hxcrux","formatid":"gen9nationaldex","rating":1005,"private":0,"password":""}