{"id":"gen9nationaldex-1990698442","p1":"Bananas2001","p2":"RazberDlaPolski","format":"[Gen 9] National Dex","log":"|j|\u2606Bananas2001\n|j|\u2606RazberDlaPolski\n|t:|1699992760\n|gametype|singles\n|player|p1|Bananas2001|cyrus|1072\n|player|p2|RazberDlaPolski|supernerd|1076\n|teamsize|p1|6\n|teamsize|p2|6\n|gen|9\n|tier|[Gen 9] National Dex\n|rated|\n|rule|HP Percentage Mod: HP is shown in percentages\n|rule|Endless Battle Clause: Forcing endless battles is banned\n|rule|OHKO Clause: OHKO moves are banned\n|rule|Evasion Clause: Evasion abilities, items, and moves are banned\n|rule|Evasion Abilities Clause: Evasion abilities are banned\n|rule|Evasion Items Clause: Evasion items are banned\n|rule|Evasion Moves Clause: Evasion moves are banned\n|rule|Species Clause: Limit one of each Pok\u00e9mon\n|rule|Sleep Clause Mod: Limit one foe put to sleep\n|clearpoke\n|poke|p1|Malamar, M|\n|poke|p1|Machamp, M|\n|poke|p1|Iron Valiant|\n|poke|p1|Sylveon, F|\n|poke|p1|Gliscor, F|\n|poke|p1|Gengar, F|\n|poke|p2|Scream Tail|\n|poke|p2|Xurkitree|\n|poke|p2|Mew|\n|poke|p2|Spidops, M|\n|poke|p2|Grimmsnarl, M|\n|poke|p2|Iron Treads|\n|teampreview\n|\n|t:|1699992770\n|start\n|switch|p1a: Iron Valiant|Iron Valiant|100\/100\n|switch|p2a: Spidops|Spidops, M|100\/100\n|-enditem|p1a: Iron Valiant|Booster Energy\n|-activate|p1a: Iron Valiant|ability: Quark Drive|[fromitem]\n|-start|p1a: Iron Valiant|quarkdrivespa\n|turn|1\n|\n|t:|1699992788\n|move|p2a: Spidops|Silk Trap|p2a: Spidops\n|-singleturn|p2a: Spidops|Protect\n|move|p1a: Iron Valiant|Moonblast|p2a: Spidops\n|-activate|p2a: Spidops|move: Protect\n|\n|upkeep\n|turn|2\n|\n|t:|1699992795\n|move|p1a: Iron Valiant|Psychic|p2a: Spidops\n|-damage|p2a: Spidops|54\/100\n|move|p2a: Spidops|Sticky Web|p1a: Iron Valiant\n|-sidestart|p1: Bananas2001|move: Sticky Web\n|\n|upkeep\n|turn|3\n|\n|t:|1699992802\n|switch|p2a: Grimmsnarl|Grimmsnarl, M|100\/100\n|move|p1a: Iron Valiant|Moonblast|p2a: Grimmsnarl\n|-supereffective|p2a: Grimmsnarl\n|-damage|p2a: Grimmsnarl|0 fnt\n|faint|p2a: Grimmsnarl\n|\n|upkeep\n|\n|t:|1699992815\n|switch|p2a: Iron Treads|Iron Treads|100\/100\n|turn|4\n|c|\u2606Bananas2001|Ej Polak\n|c|\u2606RazberDlaPolski|tak\n|c|\u2606Bananas2001|Co jest\n|\n|t:|1699992830\n|move|p1a: Iron Valiant|Aura Sphere|p2a: Iron Treads\n|-supereffective|p2a: Iron Treads\n|-damage|p2a: Iron Treads|0 fnt\n|faint|p2a: Iron Treads\n|-end|p2a: Iron Treads|Quark Drive|[silent]\n|\n|upkeep\n|\n|t:|1699992839\n|switch|p2a: Scream Tail|Scream Tail|100\/100\n|turn|5\n|inactive|Battle timer is ON: inactive players will automatically lose when time's up. (requested by Bananas2001)\n|\n|t:|1699992846\n|move|p2a: Scream Tail|Thunder Wave|p1a: Iron Valiant\n|-status|p1a: Iron Valiant|par\n|move|p1a: Iron Valiant|Moonblast|p2a: Scream Tail\n|-damage|p2a: Scream Tail|56\/100\n|\n|-heal|p2a: Scream Tail|62\/100|[from] item: Leftovers\n|upkeep\n|turn|6\n|c|\u2606RazberDlaPolski|spowolnij\n|c|\u2606Bananas2001|spox\n|\n|t:|1699992868\n|move|p2a: Scream Tail|Perish Song|p2a: Scream Tail\n|-start|p1a: Iron Valiant|perish3|[silent]\n|-start|p2a: Scream Tail|perish3|[silent]\n|-fieldactivate|move: Perish Song\n|move|p1a: Iron Valiant|Thunderbolt|p2a: Scream Tail\n|-damage|p2a: Scream Tail|33\/100\n|-status|p2a: Scream Tail|par\n|\n|-heal|p2a: Scream Tail|39\/100 par|[from] item: Leftovers\n|-start|p2a: Scream Tail|perish3\n|-start|p1a: Iron Valiant|perish3\n|upkeep\n|turn|7\n|\n|t:|1699992883\n|-end|p1a: Iron Valiant|Quark Drive|[silent]\n|switch|p1a: Gengar|Gengar, F|100\/100\n|-activate|p1a: Gengar|move: Sticky Web\n|-unboost|p1a: Gengar|spe|1\n|move|p2a: Scream Tail|Protect||[still]\n|-fail|p2a: Scream Tail\n|\n|-heal|p2a: Scream Tail|45\/100 par|[from] item: Leftovers\n|-start|p2a: Scream Tail|perish2\n|upkeep\n|turn|8\n|c|\u2606RazberDlaPolski|ciekawe co zrobisz\n|c|\u2606Bananas2001|nwm\n|\n|t:|1699992905\n|-terastallize|p2a: Scream Tail|Fairy\n|move|p1a: Gengar|Shadow Ball|p2a: Scream Tail\n|-crit|p2a: Scream Tail\n|-damage|p2a: Scream Tail|2\/100 par\n|cant|p2a: Scream Tail|par\n|\n|-heal|p2a: Scream Tail|8\/100 par|[from] item: Leftovers\n|-start|p2a: Scream Tail|perish1\n|upkeep\n|turn|9\n|c|\u2606Bananas2001|co\u015b fajnego\n|\n|t:|1699992914\n|move|p2a: Scream Tail|Protect|p2a: Scream Tail\n|-singleturn|p2a: Scream Tail|Protect\n|move|p1a: Gengar|Shadow Ball|p2a: Scream Tail\n|-activate|p2a: Scream Tail|move: Protect\n|\n|-heal|p2a: Scream Tail|15\/100 par|[from] item: Leftovers\n|-start|p2a: Scream Tail|perish0\n|faint|p2a: Scream Tail\n|-end|p2a: Scream Tail|Protosynthesis|[silent]\n|upkeep\n|\n|t:|1699992921\n|switch|p2a: Xurkitree|Xurkitree|100\/100\n|turn|10\n|\n|t:|1699992931\n|move|p2a: Xurkitree|Volt Switch|p1a: Gengar\n|-damage|p1a: Gengar|0 fnt\n|faint|p1a: Gengar\n|-ability|p2a: Xurkitree|Beast Boost|boost\n|-boost|p2a: Xurkitree|spa|1\n|\n|t:|1699992938\n|switch|p2a: Mew|Mew|100\/100|[from] Volt Switch\n|\n|upkeep\n|\n|t:|1699992942\n|switch|p1a: Gliscor|Gliscor, F|100\/100\n|turn|11\n|\n|t:|1699992949\n|-terastallize|p1a: Gliscor|Poison\n|move|p1a: Gliscor|Toxic|p2a: Mew\n|-status|p2a: Mew|tox\n|-activate|p2a: Mew|ability: Synchronize\n|-immune|p1a: Gliscor\n|move|p2a: Mew|Psychic Fangs|p1a: Gliscor\n|-supereffective|p1a: Gliscor\n|-damage|p1a: Gliscor|15\/100\n|\n|-damage|p2a: Mew|94\/100 tox|[from] psn\n|upkeep\n|turn|12\n|\n|t:|1699992961\n|move|p1a: Gliscor|Earthquake|p2a: Mew\n|-damage|p2a: Mew|59\/100 tox\n|move|p2a: Mew|Heal Bell|p2a: Mew\n|-activate|p2a: Mew|move: Heal Bell\n|-curestatus|p2a: Mew|tox|[msg]\n|\n|-heal|p2a: Mew|65\/100|[from] item: Leftovers\n|upkeep\n|turn|13\n|\n|t:|1699992971\n|move|p1a: Gliscor|Facade|p2a: Mew\n|-damage|p2a: Mew|49\/100\n|move|p2a: Mew|Psychic Fangs|p1a: Gliscor\n|-supereffective|p1a: Gliscor\n|-damage|p1a: Gliscor|0 fnt\n|faint|p1a: Gliscor\n|\n|-heal|p2a: Mew|55\/100|[from] item: Leftovers\n|upkeep\n|c|\u2606RazberDlaPolski|tera poison spieprzyl\n|\n|t:|1699992984\n|switch|p1a: Malamar|Malamar, M|100\/100\n|-activate|p1a: Malamar|move: Sticky Web\n|-boost|p1a: Malamar|spe|1\n|turn|14\n|\n|t:|1699992991\n|move|p1a: Malamar|Knock Off|p2a: Mew\n|-supereffective|p2a: Mew\n|-damage|p2a: Mew|2\/100\n|-enditem|p2a: Mew|Leftovers|[from] move: Knock Off|[of] p1a: Malamar\n|move|p2a: Mew|Close Combat|p1a: Malamar\n|-damage|p1a: Malamar|60\/100\n|-unboost|p2a: Mew|def|1\n|-unboost|p2a: Mew|spd|1\n|\n|-heal|p1a: Malamar|66\/100|[from] item: Leftovers\n|upkeep\n|turn|15\n|c|\u2606Bananas2001|sadge\n|\n|t:|1699993003\n|move|p1a: Malamar|Superpower|p2a: Mew\n|-resisted|p2a: Mew\n|-damage|p2a: Mew|0 fnt\n|-boost|p1a: Malamar|atk|1\n|-boost|p1a: Malamar|def|1\n|faint|p2a: Mew\n|\n|-heal|p1a: Malamar|72\/100|[from] item: Leftovers\n|upkeep\n|\n|t:|1699993013\n|switch|p2a: Spidops|Spidops, M|54\/100\n|turn|16\n|\n|t:|1699993017\n|move|p2a: Spidops|First Impression|p1a: Malamar\n|-supereffective|p1a: Malamar\n|-damage|p1a: Malamar|0 fnt\n|faint|p1a: Malamar\n|\n|upkeep\n|\n|t:|1699993025\n|switch|p1a: Sylveon|Sylveon, F|100\/100\n|-activate|p1a: Sylveon|move: Sticky Web\n|-unboost|p1a: Sylveon|spe|1\n|turn|17\n|\n|t:|1699993032\n|move|p2a: Spidops|Silk Trap|p2a: Spidops\n|-singleturn|p2a: Spidops|Protect\n|move|p1a: Sylveon|Body Slam|p2a: Spidops\n|-activate|p2a: Spidops|move: Protect\n|-unboost|p1a: Sylveon|spe|1\n|\n|upkeep\n|turn|18\n|c|\u2606RazberDlaPolski|i gg\n|c|\u2606Bananas2001|gg\n|\n|t:|1699993040\n|move|p2a: Spidops|Taunt|p1a: Sylveon\n|-start|p1a: Sylveon|move: Taunt\n|move|p1a: Sylveon|Body Slam|p2a: Spidops\n|-damage|p2a: Spidops|23\/100\n|\n|upkeep\n|turn|19\n|c|\u2606RazberDlaPolski|wygralem\n|c|\u2606Bananas2001|spox\n|\n|t:|1699993051\n|move|p2a: Spidops|First Impression||[still]\n|-hint|First Impression only works on your first turn out.\n|-fail|p2a: Spidops\n|move|p1a: Sylveon|Body Slam|p2a: Spidops\n|-damage|p2a: Spidops|0 fnt\n|faint|p2a: Spidops\n|\n|upkeep\n|\n|t:|1699993057\n|switch|p2a: Xurkitree|Xurkitree|100\/100\n|turn|20\n|\n|t:|1699993064\n|move|p2a: Xurkitree|Thunderbolt|p1a: Sylveon\n|-damage|p1a: Sylveon|54\/100\n|move|p1a: Sylveon|Draining Kiss|p2a: Xurkitree\n|-damage|p2a: Xurkitree|63\/100\n|-heal|p1a: Sylveon|76\/100|[from] drain|[of] p2a: Xurkitree\n|\n|-end|p1a: Sylveon|move: Taunt\n|upkeep\n|turn|21\n|c|\u2606RazberDlaPolski|yo\n|\n|t:|1699993074\n|move|p2a: Xurkitree|Thunderbolt|p1a: Sylveon\n|-damage|p1a: Sylveon|33\/100\n|move|p1a: Sylveon|Hyper Voice|p2a: Xurkitree\n|-damage|p2a: Xurkitree|0 fnt\n|faint|p2a: Xurkitree\n|\n|win|Bananas2001\n|raw|Bananas2001's rating: 1072 &rarr; <strong>1102<\/strong><br \/>(+30 for winning)\n|raw|RazberDlaPolski's rating: 1076 &rarr; <strong>1054<\/strong><br \/>(-22 for losing)\n","uploadtime":1699992985,"views":4,"p1id":"bananas2001","p2id":"razberdlapolski","formatid":"gen9nationaldex","rating":1054,"private":0,"password":""}