{"id":"gen9nationaldex-1994966332","p1":"The Np sweep","p2":"Red Vs Showdown","format":"[Gen 9] National Dex","log":"|html|<div class=\"broadcast-blue\"><strong>[Gen 9] National Dex is currently suspecting Sneasler! For information on how to participate check out the <a href=\"https:\/\/www.smogon.com\/forums\/threads\/sv-national-dex-suspect-8-just-dance.3731534\/\">suspect thread<\/a>.<\/strong><\/div>\n|j|\u203dThe Np sweep\n|j|\u2606Red Vs Showdown\n|inactive|Battle timer is ON: inactive players will automatically lose when time's up.\n|t:|1700508797\n|gametype|singles\n|player|p1|The Np sweep|hilbert|\n|player|p2|Red Vs Showdown|red-gen2|\n|teamsize|p1|6\n|teamsize|p2|6\n|gen|9\n|tier|[Gen 9] National Dex\n|rated|Tournament battle\n|rule|HP Percentage Mod: HP is shown in percentages\n|rule|Endless Battle Clause: Forcing endless battles is banned\n|rule|OHKO Clause: OHKO moves are banned\n|rule|Evasion Clause: Evasion abilities, items, and moves are banned\n|rule|Evasion Abilities Clause: Evasion abilities are banned\n|rule|Evasion Items Clause: Evasion items are banned\n|rule|Evasion Moves Clause: Evasion moves are banned\n|rule|Species Clause: Limit one of each Pok\u00e9mon\n|rule|Sleep Clause Mod: Limit one foe put to sleep\n|clearpoke\n|poke|p1|Tapu Lele|\n|poke|p1|Iron Valiant|\n|poke|p1|Ferrothorn, F|\n|poke|p1|Zamazenta-*|\n|poke|p1|Aegislash, F|\n|poke|p1|Zapdos|\n|poke|p2|Pikachu, F|\n|poke|p2|Charizard, M|\n|poke|p2|Blastoise, M|\n|poke|p2|Venusaur, F|\n|poke|p2|Snorlax, M|\n|poke|p2|Espeon, F|\n|teampreview\n|c|\u2606Red Vs Showdown|...\n|j| The power of ROCK\n|j| XXMurdrXX\n|c| The power of ROCK|If red wins this he is the best that ever was\n|\n|t:|1700508820\n|start\n|switch|p1a: Tapu Lele|Tapu Lele, shiny|100\/100\n|switch|p2a: Charizard|Charizard, M|100\/100\n|-fieldstart|move: Psychic Terrain|[from] ability: Psychic Surge|[of] p1a: Tapu Lele\n|turn|1\n|j| NDMS2O Gogurt pon\u2665\n|j| primataNoCompuiter\n|\n|t:|1700508824\n|switch|p1a: Zamazenta|Zamazenta|100\/100\n|-ability|p1a: Zamazenta|Dauntless Shield|boost\n|-boost|p1a: Zamazenta|def|1\n|detailschange|p2a: Charizard|Charizard-Mega-Y, M\n|-mega|p2a: Charizard|Charizard|Charizardite Y\n|-weather|SunnyDay|[from] ability: Drought|[of] p2a: Charizard\n|move|p2a: Charizard|Fire Blast|p1a: Zamazenta\n|-damage|p1a: Zamazenta|4\/100\n|\n|-weather|SunnyDay|[upkeep]\n|upkeep\n|turn|2\n|c| XXMurdrXX|red...\n|j| awefo\n|\n|t:|1700508834\n|switch|p2a: Venusaur|Venusaur, F|100\/100\n|move|p1a: Zamazenta|Stone Edge|p2a: Venusaur\n|-damage|p2a: Venusaur|56\/100\n|\n|-weather|SunnyDay|[upkeep]\n|upkeep\n|turn|3\n|\n|t:|1700508839\n|switch|p1a: Zapdos|Zapdos, shiny|100\/100\n|move|p2a: Venusaur|Weather Ball|p1a: Zapdos\n|-damage|p1a: Zapdos|60\/100\n|\n|-weather|SunnyDay|[upkeep]\n|upkeep\n|turn|4\n|c| awefo|...\n|\n|t:|1700508843\n|switch|p2a: Snorlax|Snorlax, M|100\/100\n|move|p1a: Zapdos|Roost|p1a: Zapdos\n|-heal|p1a: Zapdos|100\/100\n|-singleturn|p1a: Zapdos|move: Roost\n|\n|-weather|SunnyDay|[upkeep]\n|upkeep\n|turn|5\n|\n|t:|1700508846\n|move|p1a: Zapdos|Volt Switch|p2a: Snorlax\n|-damage|p2a: Snorlax|85\/100\n|\n|t:|1700508848\n|switch|p1a: Ferrothorn|Ferrothorn, F|100\/100|[from] Volt Switch\n|move|p2a: Snorlax|Heat Crash|p1a: Ferrothorn\n|-supereffective|p1a: Ferrothorn\n|-damage|p1a: Ferrothorn|0 fnt\n|-damage|p2a: Snorlax|72\/100|[from] ability: Iron Barbs|[of] p1a: Ferrothorn\n|faint|p1a: Ferrothorn\n|\n|-weather|none\n|-fieldend|move: Psychic Terrain\n|upkeep\n|\n|t:|1700508853\n|switch|p1a: Iron Valiant|Iron Valiant|100\/100\n|turn|6\n|\n|t:|1700508861\n|switch|p2a: Blastoise|Blastoise, M|100\/100\n|move|p1a: Iron Valiant|Close Combat|p2a: Blastoise\n|-damage|p2a: Blastoise|47\/100\n|-unboost|p1a: Iron Valiant|def|1\n|-unboost|p1a: Iron Valiant|spd|1\n|-damage|p1a: Iron Valiant|91\/100|[from] item: Life Orb\n|\n|-heal|p2a: Blastoise|53\/100|[from] item: Leftovers\n|upkeep\n|turn|7\n|\n|t:|1700508864\n|switch|p2a: Charizard|Charizard-Mega-Y, M|100\/100\n|-weather|SunnyDay|[from] ability: Drought|[of] p2a: Charizard\n|move|p1a: Iron Valiant|Thunderbolt|p2a: Charizard\n|-supereffective|p2a: Charizard\n|-damage|p2a: Charizard|36\/100\n|-damage|p1a: Iron Valiant|81\/100|[from] item: Life Orb\n|\n|-weather|SunnyDay|[upkeep]\n|upkeep\n|turn|8\n|\n|t:|1700508870\n|switch|p2a: Venusaur|Venusaur, F|56\/100\n|move|p1a: Iron Valiant|Close Combat|p2a: Venusaur\n|-resisted|p2a: Venusaur\n|-damage|p2a: Venusaur|3\/100\n|-unboost|p1a: Iron Valiant|def|1\n|-unboost|p1a: Iron Valiant|spd|1\n|-damage|p1a: Iron Valiant|71\/100|[from] item: Life Orb\n|\n|-weather|SunnyDay|[upkeep]\n|upkeep\n|turn|9\n|c| NDMS2O Gogurt pon\u2665|this fucking red larper is going crazy\n|\n|t:|1700508874\n|-end|p1a: Iron Valiant|Quark Drive|[silent]\n|switch|p1a: Zamazenta|Zamazenta|4\/100\n|move|p2a: Venusaur|Weather Ball|p1a: Zamazenta\n|-damage|p1a: Zamazenta|0 fnt\n|faint|p1a: Zamazenta\n|\n|-weather|SunnyDay|[upkeep]\n|upkeep\n|\n|t:|1700508875\n|switch|p1a: Aegislash|Aegislash, F, shiny|100\/100\n|turn|10\n|c| awefo|...\n|\n|t:|1700508880\n|switch|p2a: Snorlax|Snorlax, M|72\/100\n|-formechange|p1a: Aegislash|Aegislash-Blade||[from] ability: Stance Change\n|move|p1a: Aegislash|Close Combat|p2a: Snorlax\n|-supereffective|p2a: Snorlax\n|-damage|p2a: Snorlax|0 fnt\n|-unboost|p1a: Aegislash|def|1\n|-unboost|p1a: Aegislash|spd|1\n|faint|p2a: Snorlax\n|\n|-weather|SunnyDay|[upkeep]\n|upkeep\n|c| XXMurdrXX|damn, predicted\n|\n|t:|1700508887\n|switch|p2a: Charizard|Charizard-Mega-Y, M|36\/100\n|turn|11\n|\n|t:|1700508896\n|switch|p1a: Zapdos|Zapdos, shiny|100\/100\n|move|p2a: Charizard|Fire Blast|p1a: Zapdos\n|-damage|p1a: Zapdos|8\/100\n|\n|-weather|none\n|upkeep\n|turn|12\n|\n|t:|1700508899\n|move|p2a: Charizard|Air Slash|p1a: Zapdos\n|-resisted|p1a: Zapdos\n|-damage|p1a: Zapdos|0 fnt\n|faint|p1a: Zapdos\n|\n|upkeep\n|c| awefo|youre gonna get swept by pikachu\n|\n|t:|1700508901\n|switch|p1a: Tapu Lele|Tapu Lele, shiny|100\/100\n|-fieldstart|move: Psychic Terrain|[from] ability: Psychic Surge|[of] p1a: Tapu Lele\n|turn|13\n|\n|t:|1700508916\n|switch|p2a: Pikachu|Pikachu, F|100\/100\n|move|p1a: Tapu Lele|Psychic|p2a: Pikachu\n|-damage|p2a: Pikachu|0 fnt\n|faint|p2a: Pikachu\n|\n|upkeep\n|j| Chinottt\n|c| awefo|jk\n|\n|t:|1700508928\n|switch|p2a: Blastoise|Blastoise, M|53\/100\n|turn|14\n|\n|t:|1700508930\n|-terastallize|p2a: Blastoise|Steel\n|move|p1a: Tapu Lele|Psychic|p2a: Blastoise\n|-resisted|p2a: Blastoise\n|-damage|p2a: Blastoise|25\/100\n|move|p2a: Blastoise|Flip Turn|p1a: Tapu Lele\n|-damage|p1a: Tapu Lele|60\/100\n|\n|t:|1700508933\n|switch|p2a: Espeon|Espeon, F|100\/100|[from] Flip Turn\n|\n|upkeep\n|turn|15\n|\n|t:|1700508939\n|move|p2a: Espeon|Psychic|p1a: Tapu Lele\n|-resisted|p1a: Tapu Lele\n|-damage|p1a: Tapu Lele|28\/100\n|move|p1a: Tapu Lele|Psychic|p2a: Espeon\n|-resisted|p2a: Espeon\n|-damage|p2a: Espeon|64\/100\n|\n|upkeep\n|turn|16\n|\n|t:|1700508941\n|switch|p1a: Aegislash|Aegislash, F, shiny|100\/100\n|move|p2a: Espeon|Psychic|p1a: Aegislash\n|-resisted|p1a: Aegislash\n|-damage|p1a: Aegislash|69\/100\n|\n|upkeep\n|turn|17\n|\n|t:|1700508950\n|switch|p2a: Blastoise|Blastoise, M, tera:Steel|25\/100\n|-formechange|p1a: Aegislash|Aegislash-Blade||[from] ability: Stance Change\n|move|p1a: Aegislash|Shadow Ball|p2a: Blastoise\n|-damage|p2a: Blastoise|0 fnt\n|faint|p2a: Blastoise\n|\n|-fieldend|move: Psychic Terrain\n|upkeep\n|\n|t:|1700508955\n|switch|p2a: Charizard|Charizard-Mega-Y, M|36\/100\n|-weather|SunnyDay|[from] ability: Drought|[of] p2a: Charizard\n|turn|18\n|\n|t:|1700508978\n|switch|p1a: Tapu Lele|Tapu Lele, shiny|28\/100\n|-fieldstart|move: Psychic Terrain|[from] ability: Psychic Surge|[of] p1a: Tapu Lele\n|move|p2a: Charizard|Fire Blast|p1a: Tapu Lele|[miss]\n|-miss|p2a: Charizard|p1a: Tapu Lele\n|\n|-weather|SunnyDay|[upkeep]\n|upkeep\n|turn|19\n|\n|t:|1700508982\n|switch|p2a: Espeon|Espeon, F|64\/100\n|move|p1a: Tapu Lele|Psychic|p2a: Espeon\n|-resisted|p2a: Espeon\n|-damage|p2a: Espeon|22\/100\n|\n|-weather|SunnyDay|[upkeep]\n|upkeep\n|turn|20\n|\n|t:|1700508984\n|move|p2a: Espeon|Weather Ball|p1a: Tapu Lele\n|-damage|p1a: Tapu Lele|0 fnt\n|faint|p1a: Tapu Lele\n|\n|-weather|SunnyDay|[upkeep]\n|upkeep\n|\n|t:|1700508992\n|switch|p1a: Aegislash|Aegislash, F, shiny|69\/100\n|turn|21\n|\n|t:|1700508995\n|move|p1a: Aegislash|King's Shield|p1a: Aegislash\n|-singleturn|p1a: Aegislash|Protect\n|move|p2a: Espeon|Weather Ball|p1a: Aegislash\n|-activate|p1a: Aegislash|move: Protect\n|\n|-weather|SunnyDay|[upkeep]\n|upkeep\n|turn|22\n|\n|t:|1700509001\n|switch|p1a: Iron Valiant|Iron Valiant|71\/100\n|move|p2a: Espeon|Weather Ball|p1a: Iron Valiant\n|-damage|p1a: Iron Valiant|0 fnt\n|faint|p1a: Iron Valiant\n|-end|p1a: Iron Valiant|Quark Drive|[silent]\n|\n|-weather|none\n|-fieldend|move: Psychic Terrain\n|upkeep\n|\n|t:|1700509002\n|switch|p1a: Aegislash|Aegislash, F, shiny|69\/100\n|turn|23\n|\n|t:|1700509005\n|switch|p2a: Venusaur|Venusaur, F|3\/100\n|-formechange|p1a: Aegislash|Aegislash-Blade||[from] ability: Stance Change\n|move|p1a: Aegislash|Shadow Ball|p2a: Venusaur\n|-damage|p2a: Venusaur|0 fnt\n|faint|p2a: Venusaur\n|\n|upkeep\n|\n|t:|1700509007\n|switch|p2a: Charizard|Charizard-Mega-Y, M|36\/100\n|-weather|SunnyDay|[from] ability: Drought|[of] p2a: Charizard\n|turn|24\n|c| awefo|gg\n|\n|t:|1700509009\n|move|p1a: Aegislash|Shadow Sneak|p2a: Charizard\n|-damage|p2a: Charizard|9\/100\n|move|p2a: Charizard|Fire Blast|p1a: Aegislash|[miss]\n|-miss|p2a: Charizard|p1a: Aegislash\n|\n|-weather|SunnyDay|[upkeep]\n|upkeep\n|turn|25\n|c|\u2606Red Vs Showdown|..1\n|-message|The Np sweep forfeited.\n|\n|win|Red Vs Showdown\n|n|\u203dThe Np sweep|thenpsweep\n|n|\u2606Red Vs Showdown|redvsshowdown\n|n| The power of ROCK|thepowerofrock\n|n| XXMurdrXX|xxmurdrxx\n|n| NDMS2O Gogurt pon\u2665|ndms2ogogurtpon\n|n| primataNoCompuiter|primatanocompuiter\n|n| awefo|awefo\n|n| Chinottt|chinottt\n","uploadtime":1700509034,"views":8,"p1id":"thenpsweep","p2id":"redvsshowdown","formatid":"gen9nationaldex","rating":0,"private":0,"password":""}