{"id":"gen9nationaldex-1997248008","p1":"OnlyPyper","p2":"JuzOzuj","format":"[Gen 9] National Dex","log":"|html|<div class=\"broadcast-blue\"><strong>[Gen 9] National Dex is currently suspecting Sneasler! For information on how to participate check out the <a href=\"https:\/\/www.smogon.com\/forums\/threads\/sv-national-dex-suspect-8-just-dance.3731534\/\">suspect thread<\/a>.<\/strong><\/div>\n|j|\u2606OnlyPyper\n|j|\u2606JuzOzuj\n|t:|1700780160\n|gametype|singles\n|player|p1|OnlyPyper|shauntal|\n|player|p2|JuzOzuj|266|\n|teamsize|p1|6\n|teamsize|p2|6\n|gen|9\n|tier|[Gen 9] National Dex\n|rule|HP Percentage Mod: HP is shown in percentages\n|rule|Endless Battle Clause: Forcing endless battles is banned\n|rule|OHKO Clause: OHKO moves are banned\n|rule|Evasion Clause: Evasion abilities, items, and moves are banned\n|rule|Evasion Abilities Clause: Evasion abilities are banned\n|rule|Evasion Items Clause: Evasion items are banned\n|rule|Evasion Moves Clause: Evasion moves are banned\n|rule|Species Clause: Limit one of each Pok\u00e9mon\n|rule|Sleep Clause Mod: Limit one foe put to sleep\n|clearpoke\n|poke|p1|Musharna, F|\n|poke|p1|Sunflora, F|\n|poke|p1|Heatmor, F|\n|poke|p1|Torkoal, F|\n|poke|p1|Porygon2|\n|poke|p1|Mawile, F|\n|poke|p2|Okidogi, M|\n|poke|p2|Rillaboom, F|\n|poke|p2|Heatran, F|\n|poke|p2|Rotom-Wash|\n|poke|p2|Diancie|\n|poke|p2|Shaymin|\n|teampreview\n|c|\u2606JuzOzuj|Suerte xd\n|c|\u2606OnlyPyper|Suerte\n|\n|t:|1700780195\n|start\n|switch|p1a: Musharna|Musharna, F|100\/100\n|switch|p2a: Diancie|Diancie|100\/100\n|turn|1\n|\n|t:|1700780202\n|move|p2a: Diancie|Stealth Rock|p1a: Musharna\n|-sidestart|p1: OnlyPyper|move: Stealth Rock\n|move|p1a: Musharna|Trick Room|p1a: Musharna\n|-fieldstart|move: Trick Room|[of] p1a: Musharna\n|\n|upkeep\n|turn|2\n|\n|t:|1700780227\n|switch|p1a: Mawile|Mawile, F|100\/100\n|-damage|p1a: Mawile|95\/100|[from] Stealth Rock\n|-ability|p1a: Mawile|Intimidate|boost\n|-fail|p2a: Diancie|unboost|[from] ability: Clear Body|[of] p2a: Diancie\n|move|p2a: Diancie|Power Gem|p1a: Mawile\n|-resisted|p1a: Mawile\n|-damage|p1a: Mawile|64\/100\n|\n|upkeep\n|turn|3\n|\n|t:|1700780242\n|switch|p2a: Rotom|Rotom-Wash|100\/100\n|detailschange|p1a: Mawile|Mawile-Mega, F\n|-mega|p1a: Mawile|Mawile|Mawilite\n|move|p1a: Mawile|Swords Dance|p1a: Mawile\n|-boost|p1a: Mawile|atk|2\n|\n|upkeep\n|turn|4\n|\n|t:|1700780266\n|-terastallize|p2a: Rotom|Steel\n|move|p1a: Mawile|Knock Off|p2a: Rotom\n|-damage|p2a: Rotom|0 fnt\n|-enditem|p2a: Rotom|Leftovers|[from] move: Knock Off|[of] p1a: Mawile\n|faint|p2a: Rotom\n|\n|upkeep\n|\n|t:|1700780288\n|switch|p2a: Rillaboom|Rillaboom, F|100\/100\n|-fieldstart|move: Grassy Terrain|[from] ability: Grassy Surge|[of] p2a: Rillaboom\n|turn|5\n|\n|t:|1700780298\n|switch|p2a: Diancie|Diancie|100\/100\n|move|p1a: Mawile|Knock Off|p2a: Diancie\n|-resisted|p2a: Diancie\n|-damage|p2a: Diancie|56\/100\n|\n|-heal|p1a: Mawile|70\/100|[from] Grassy Terrain\n|-heal|p2a: Diancie|62\/100|[from] Grassy Terrain\n|-fieldend|move: Trick Room\n|upkeep\n|turn|6\n|\n|t:|1700780313\n|switch|p1a: Porygon2|Porygon2|100\/100\n|-damage|p1a: Porygon2|88\/100|[from] Stealth Rock\n|-ability|p1a: Porygon2|Download|boost\n|-boost|p1a: Porygon2|atk|1\n|detailschange|p2a: Diancie|Diancie-Mega\n|-mega|p2a: Diancie|Diancie|Diancite\n|move|p2a: Diancie|Earth Power|p1a: Porygon2\n|-damage|p1a: Porygon2|66\/100\n|\n|-heal|p2a: Diancie|68\/100|[from] Grassy Terrain\n|-heal|p1a: Porygon2|72\/100|[from] Grassy Terrain\n|upkeep\n|turn|7\n|j| mixco\n|\n|t:|1700780321\n|move|p2a: Diancie|Moonblast|p1a: Porygon2\n|-damage|p1a: Porygon2|38\/100\n|-unboost|p1a: Porygon2|spa|1\n|move|p1a: Porygon2|Trick Room|p1a: Porygon2\n|-fieldstart|move: Trick Room|[of] p1a: Porygon2\n|\n|-heal|p1a: Porygon2|44\/100|[from] Grassy Terrain\n|-heal|p2a: Diancie|74\/100|[from] Grassy Terrain\n|upkeep\n|turn|8\n|\n|t:|1700780339\n|move|p2a: Diancie|Moonblast|p1a: Porygon2\n|-damage|p1a: Porygon2|4\/100\n|move|p1a: Porygon2|Teleport|p1a: Porygon2\n|\n|t:|1700780344\n|switch|p1a: Torkoal|Torkoal, F|100\/100|[from] Teleport\n|-damage|p1a: Torkoal|76\/100|[from] Stealth Rock\n|-weather|SunnyDay|[from] ability: Drought|[of] p1a: Torkoal\n|\n|-weather|SunnyDay|[upkeep]\n|-heal|p1a: Torkoal|82\/100|[from] Grassy Terrain\n|-heal|p2a: Diancie|81\/100|[from] Grassy Terrain\n|upkeep\n|turn|9\n|\n|t:|1700780360\n|move|p1a: Torkoal|Earth Power|p2a: Diancie\n|-supereffective|p2a: Diancie\n|-damage|p2a: Diancie|0 fnt\n|faint|p2a: Diancie\n|\n|-weather|SunnyDay|[upkeep]\n|-heal|p1a: Torkoal|88\/100|[from] Grassy Terrain\n|-fieldend|move: Grassy Terrain\n|upkeep\n|\n|t:|1700780379\n|switch|p2a: Heatran|Heatran, F|100\/100\n|turn|10\n|\n|t:|1700780387\n|move|p2a: Heatran|Protect|p2a: Heatran\n|-singleturn|p2a: Heatran|Protect\n|move|p1a: Torkoal|Earth Power|p2a: Heatran\n|-activate|p2a: Heatran|move: Protect\n|\n|-weather|SunnyDay|[upkeep]\n|upkeep\n|turn|11\n|\n|t:|1700780399\n|switch|p1a: Porygon2|Porygon2|4\/100\n|-damage|p1a: Porygon2|0 fnt|[from] Stealth Rock\n|faint|p1a: Porygon2\n|switch|p2a: Shaymin|Shaymin|100\/100\n|\n|-weather|SunnyDay|[upkeep]\n|-fieldend|move: Trick Room\n|upkeep\n|\n|t:|1700780413\n|switch|p1a: Musharna|Musharna, F|100\/100\n|-damage|p1a: Musharna|88\/100|[from] Stealth Rock\n|turn|12\n|\n|t:|1700780421\n|move|p2a: Shaymin|Seed Flare|p1a: Musharna\n|-damage|p1a: Musharna|45\/100\n|-unboost|p1a: Musharna|spd|2\n|move|p1a: Musharna|Trick Room|p1a: Musharna\n|-fieldstart|move: Trick Room|[of] p1a: Musharna\n|\n|-weather|none\n|upkeep\n|turn|13\n|\n|t:|1700780435\n|switch|p2a: Rillaboom|Rillaboom, F|100\/100\n|-fieldstart|move: Grassy Terrain|[from] ability: Grassy Surge|[of] p2a: Rillaboom\n|move|p1a: Musharna|Healing Wish|p1a: Musharna\n|faint|p1a: Musharna\n|\n|upkeep\n|\n|t:|1700780446\n|switch|p1a: Heatmor|Heatmor, F|100\/100\n|-damage|p1a: Heatmor|76\/100|[from] Stealth Rock\n|turn|14\n|\n|t:|1700780458\n|switch|p2a: Heatran|Heatran, F|100\/100\n|move|p1a: Heatmor|Flare Blitz|p2a: Heatran\n|-start|p2a: Heatran|ability: Flash Fire\n|\n|-heal|p1a: Heatmor|82\/100|[from] Grassy Terrain\n|upkeep\n|turn|15\n|\n|t:|1700780469\n|switch|p1a: Torkoal|Torkoal, F|88\/100\n|-heal|p1a: Torkoal|100\/100|[from] move: Healing Wish\n|-damage|p1a: Torkoal|76\/100|[from] Stealth Rock\n|-weather|SunnyDay|[from] ability: Drought|[of] p1a: Torkoal\n|move|p2a: Heatran|Magma Storm|p1a: Torkoal|[miss]\n|-miss|p2a: Heatran|p1a: Torkoal\n|\n|-weather|SunnyDay|[upkeep]\n|-heal|p1a: Torkoal|82\/100|[from] Grassy Terrain\n|upkeep\n|turn|16\n|\n|t:|1700780483\n|move|p1a: Torkoal|Earth Power|p2a: Heatran\n|-supereffective|p2a: Heatran\n|-damage|p2a: Heatran|10\/100\n|move|p2a: Heatran|Magma Storm|p1a: Torkoal\n|-resisted|p1a: Torkoal\n|-damage|p1a: Torkoal|22\/100\n|-activate|p1a: Torkoal|move: Magma Storm|[of] p2a: Heatran\n|\n|-weather|SunnyDay|[upkeep]\n|-heal|p1a: Torkoal|28\/100|[from] Grassy Terrain\n|-heal|p2a: Heatran|17\/100|[from] Grassy Terrain\n|-heal|p2a: Heatran|23\/100|[from] item: Leftovers\n|-damage|p1a: Torkoal|16\/100|[from] move: Magma Storm|[partiallytrapped]\n|-fieldend|move: Trick Room\n|upkeep\n|turn|17\n|\n|t:|1700780492\n|move|p2a: Heatran|Protect|p2a: Heatran\n|-singleturn|p2a: Heatran|Protect\n|move|p1a: Torkoal|Earth Power|p2a: Heatran\n|-activate|p2a: Heatran|move: Protect\n|\n|-weather|SunnyDay|[upkeep]\n|-heal|p2a: Heatran|29\/100|[from] Grassy Terrain\n|-heal|p2a: Heatran|35\/100|[from] item: Leftovers\n|-heal|p1a: Torkoal|22\/100|[from] Grassy Terrain\n|-damage|p1a: Torkoal|10\/100|[from] move: Magma Storm|[partiallytrapped]\n|-fieldend|move: Grassy Terrain\n|upkeep\n|turn|18\n|\n|t:|1700780503\n|move|p2a: Heatran|Earth Power|p1a: Torkoal\n|-supereffective|p1a: Torkoal\n|-damage|p1a: Torkoal|0 fnt\n|faint|p1a: Torkoal\n|\n|-weather|SunnyDay|[upkeep]\n|-heal|p2a: Heatran|41\/100|[from] item: Leftovers\n|upkeep\n|\n|t:|1700780516\n|switch|p1a: Sunflora|Sunflora, F|100\/100\n|-damage|p1a: Sunflora|88\/100|[from] Stealth Rock\n|turn|19\n|\n|t:|1700780527\n|move|p2a: Heatran|Protect|p2a: Heatran\n|-singleturn|p2a: Heatran|Protect\n|move|p1a: Sunflora|Earth Power|p2a: Heatran\n|-activate|p2a: Heatran|move: Protect\n|\n|-weather|none\n|-heal|p2a: Heatran|48\/100|[from] item: Leftovers\n|upkeep\n|turn|20\n|\n|t:|1700780539\n|-terastallize|p1a: Sunflora|Ground\n|move|p2a: Heatran|Magma Storm|p1a: Sunflora\n|-damage|p1a: Sunflora|18\/100\n|-activate|p1a: Sunflora|move: Magma Storm|[of] p2a: Heatran\n|move|p1a: Sunflora|Earth Power|p2a: Heatran\n|-supereffective|p2a: Heatran\n|-damage|p2a: Heatran|0 fnt\n|faint|p2a: Heatran\n|\n|-end|p1a: Sunflora|Magma Storm|[partiallytrapped]|[silent]\n|upkeep\n|\n|t:|1700780557\n|switch|p2a: Shaymin|Shaymin|100\/100\n|turn|21\n|\n|t:|1700780566\n|move|p2a: Shaymin|Earth Power|p1a: Sunflora\n|-crit|p1a: Sunflora\n|-damage|p1a: Sunflora|0 fnt\n|faint|p1a: Sunflora\n|\n|upkeep\n|\n|t:|1700780575\n|switch|p1a: Mawile|Mawile-Mega, F|70\/100\n|-damage|p1a: Mawile|64\/100|[from] Stealth Rock\n|turn|22\n|\n|t:|1700780583\n|move|p2a: Shaymin|Earth Power|p1a: Mawile\n|-supereffective|p1a: Mawile\n|-damage|p1a: Mawile|0 fnt\n|faint|p1a: Mawile\n|\n|upkeep\n|\n|t:|1700780587\n|switch|p1a: Heatmor|Heatmor, F|82\/100\n|-damage|p1a: Heatmor|57\/100|[from] Stealth Rock\n|turn|23\n|\n|t:|1700780592\n|move|p2a: Shaymin|Earth Power|p1a: Heatmor\n|-supereffective|p1a: Heatmor\n|-damage|p1a: Heatmor|0 fnt\n|faint|p1a: Heatmor\n|\n|win|JuzOzuj\n|c|\u2606JuzOzuj|Gg\n|c|\u2606OnlyPyper|Gg\n|l| mixco\n","uploadtime":1700780605,"views":8,"p1id":"onlypyper","p2id":"juzozuj","formatid":"gen9nationaldex","rating":0,"private":0,"password":""}