{"id":"gen9nationaldex-1992776331","p1":"lifegoeson123","p2":"Gollark","format":"[Gen 9] National Dex","log":"|j|\u2606lifegoeson123\n|j|\u2606Gollark\n|t:|1700234462\n|gametype|singles\n|player|p1|lifegoeson123|richboy|1525\n|player|p2|Gollark|lady|1476\n|teamsize|p1|6\n|teamsize|p2|6\n|gen|9\n|tier|[Gen 9] National Dex\n|rated|\n|rule|HP Percentage Mod: HP is shown in percentages\n|rule|Endless Battle Clause: Forcing endless battles is banned\n|rule|OHKO Clause: OHKO moves are banned\n|rule|Evasion Clause: Evasion abilities, items, and moves are banned\n|rule|Evasion Abilities Clause: Evasion abilities are banned\n|rule|Evasion Items Clause: Evasion items are banned\n|rule|Evasion Moves Clause: Evasion moves are banned\n|rule|Species Clause: Limit one of each Pok\u00e9mon\n|rule|Sleep Clause Mod: Limit one foe put to sleep\n|clearpoke\n|poke|p1|Charizard, M|\n|poke|p1|Tapu Lele|\n|poke|p1|Sneasler, M|\n|poke|p1|Great Tusk|\n|poke|p1|Moltres|\n|poke|p1|Amoonguss, M|\n|poke|p2|Persian-Alola, F|\n|poke|p2|Vivillon-Fancy, F|\n|poke|p2|Ambipom, F|\n|poke|p2|Lokix, F|\n|poke|p2|Electrode-Hisui|\n|poke|p2|Starmie|\n|teampreview\n|inactive|Battle timer is ON: inactive players will automatically lose when time's up. (requested by Gollark)\n|\n|t:|1700234483\n|start\n|switch|p1a: Charizard|Charizard, M, shiny|100\/100\n|switch|p2a: Vivillon|Vivillon-Fancy, F|100\/100\n|turn|1\n|\n|t:|1700234500\n|switch|p2a: Starmie|Starmie|100\/100\n|detailschange|p1a: Charizard|Charizard-Mega-Y, M, shiny\n|-mega|p1a: Charizard|Charizard|Charizardite Y\n|-weather|SunnyDay|[from] ability: Drought|[of] p1a: Charizard\n|move|p1a: Charizard|Weather Ball|p2a: Starmie\n|-resisted|p2a: Starmie\n|-damage|p2a: Starmie|29\/100\n|\n|-weather|SunnyDay|[upkeep]\n|upkeep\n|turn|2\n|\n|t:|1700234509\n|move|p2a: Starmie|Hydro Pump|p1a: Charizard\n|-supereffective|p1a: Charizard\n|-damage|p1a: Charizard|52\/100\n|move|p1a: Charizard|Weather Ball|p2a: Starmie\n|-resisted|p2a: Starmie\n|-damage|p2a: Starmie|0 fnt\n|faint|p2a: Starmie\n|\n|-weather|SunnyDay|[upkeep]\n|upkeep\n|\n|t:|1700234515\n|switch|p2a: Electrode|Electrode-Hisui|100\/100\n|turn|3\n|\n|t:|1700234542\n|switch|p1a: Amoonguss|Amoonguss, M, shiny|100\/100\n|move|p2a: Electrode|Volt Switch|p1a: Amoonguss\n|-resisted|p1a: Amoonguss\n|-damage|p1a: Amoonguss|82\/100\n|\n|t:|1700234555\n|switch|p2a: Vivillon|Vivillon-Fancy, F|100\/100|[from] Volt Switch\n|\n|-weather|SunnyDay|[upkeep]\n|upkeep\n|turn|4\n|inactive|lifegoeson123 has 120 seconds left.\n|inactive|lifegoeson123 has 90 seconds left.\n|\n|t:|1700234624\n|move|p2a: Vivillon|Substitute|p2a: Vivillon\n|-start|p2a: Vivillon|Substitute\n|-damage|p2a: Vivillon|76\/100\n|move|p1a: Amoonguss|Spore||[still]\n|-fail|p1a: Amoonguss\n|\n|-weather|SunnyDay|[upkeep]\n|-heal|p2a: Vivillon|82\/100|[from] item: Leftovers\n|upkeep\n|turn|5\n|\n|t:|1700234632\n|move|p2a: Vivillon|Quiver Dance|p2a: Vivillon\n|-boost|p2a: Vivillon|spa|1\n|-boost|p2a: Vivillon|spd|1\n|-boost|p2a: Vivillon|spe|1\n|move|p1a: Amoonguss|Sludge Bomb|p2a: Vivillon\n|-end|p2a: Vivillon|Substitute\n|\n|-weather|none\n|-heal|p2a: Vivillon|88\/100|[from] item: Leftovers\n|upkeep\n|turn|6\n|\n|t:|1700234641\n|switch|p1a: Moltres|Moltres|100\/100\n|move|p2a: Vivillon|Hurricane|p1a: Moltres\n|-damage|p1a: Moltres|49\/100\n|-start|p1a: Moltres|confusion\n|\n|-heal|p2a: Vivillon|94\/100|[from] item: Leftovers\n|upkeep\n|turn|7\n|\n|t:|1700234651\n|move|p2a: Vivillon|Hurricane|p1a: Moltres\n|-damage|p1a: Moltres|0 fnt\n|faint|p1a: Moltres\n|\n|-heal|p2a: Vivillon|99\/100|[from] item: Leftovers\n|upkeep\n|inactive|lifegoeson123 has 90 seconds left.\n|\n|t:|1700234677\n|switch|p1a: Tapu Lele|Tapu Lele, shiny|100\/100\n|-fieldstart|move: Psychic Terrain|[from] ability: Psychic Surge|[of] p1a: Tapu Lele\n|turn|8\n|\n|t:|1700234689\n|-terastallize|p2a: Vivillon|Steel\n|move|p2a: Vivillon|Sleep Powder|p1a: Tapu Lele\n|-status|p1a: Tapu Lele|slp|[from] move: Sleep Powder\n|cant|p1a: Tapu Lele|slp\n|\n|-heal|p2a: Vivillon|100\/100|[from] item: Leftovers\n|upkeep\n|turn|9\n|inactive|lifegoeson123 has 60 seconds left.\n|\n|t:|1700234721\n|move|p2a: Vivillon|Substitute|p2a: Vivillon\n|-start|p2a: Vivillon|Substitute\n|-damage|p2a: Vivillon|76\/100\n|cant|p1a: Tapu Lele|slp\n|\n|-heal|p2a: Vivillon|82\/100|[from] item: Leftovers\n|upkeep\n|turn|10\n|\n|t:|1700234725\n|move|p2a: Vivillon|Quiver Dance|p2a: Vivillon\n|-boost|p2a: Vivillon|spa|1\n|-boost|p2a: Vivillon|spd|1\n|-boost|p2a: Vivillon|spe|1\n|cant|p1a: Tapu Lele|slp\n|\n|-heal|p2a: Vivillon|88\/100|[from] item: Leftovers\n|upkeep\n|turn|11\n|\n|t:|1700234729\n|move|p2a: Vivillon|Quiver Dance|p2a: Vivillon\n|-boost|p2a: Vivillon|spa|1\n|-boost|p2a: Vivillon|spd|1\n|-boost|p2a: Vivillon|spe|1\n|-curestatus|p1a: Tapu Lele|slp|[msg]\n|move|p1a: Tapu Lele|Focus Blast|p2a: Vivillon\n|-supereffective|p2a: Vivillon\n|-end|p2a: Vivillon|Substitute\n|\n|-heal|p2a: Vivillon|94\/100|[from] item: Leftovers\n|upkeep\n|turn|12\n|\n|t:|1700234738\n|move|p2a: Vivillon|Sleep Powder|p1a: Tapu Lele\n|-status|p1a: Tapu Lele|slp|[from] move: Sleep Powder\n|cant|p1a: Tapu Lele|slp\n|\n|-heal|p2a: Vivillon|99\/100|[from] item: Leftovers\n|-fieldend|move: Psychic Terrain\n|upkeep\n|turn|13\n|inactive|lifegoeson123 has 90 seconds left.\n|\n|t:|1700234745\n|switch|p1a: Amoonguss|Amoonguss, M, shiny|100\/100\n|move|p2a: Vivillon|Substitute|p2a: Vivillon\n|-start|p2a: Vivillon|Substitute\n|-damage|p2a: Vivillon|75\/100\n|\n|-heal|p2a: Vivillon|81\/100|[from] item: Leftovers\n|upkeep\n|turn|14\n|\n|t:|1700234750\n|switch|p1a: Tapu Lele|Tapu Lele, shiny|100\/100 slp\n|-fieldstart|move: Psychic Terrain|[from] ability: Psychic Surge|[of] p1a: Tapu Lele\n|move|p2a: Vivillon|Hurricane|p1a: Tapu Lele\n|-damage|p1a: Tapu Lele|0 fnt\n|faint|p1a: Tapu Lele\n|\n|-heal|p2a: Vivillon|87\/100|[from] item: Leftovers\n|upkeep\n|\n|t:|1700234755\n|switch|p1a: Sneasler|Sneasler, M|100\/100\n|-enditem|p1a: Sneasler|Psychic Seed\n|-boost|p1a: Sneasler|spd|1|[from] item: Psychic Seed\n|turn|15\n|\n|t:|1700234766\n|move|p2a: Vivillon|Sleep Powder|p1a: Sneasler\n|-status|p1a: Sneasler|slp|[from] move: Sleep Powder\n|cant|p1a: Sneasler|slp\n|\n|-heal|p2a: Vivillon|93\/100|[from] item: Leftovers\n|upkeep\n|turn|16\n|\n|t:|1700234777\n|move|p2a: Vivillon|Hurricane|p1a: Sneasler\n|-supereffective|p1a: Sneasler\n|-damage|p1a: Sneasler|0 fnt\n|faint|p1a: Sneasler\n|\n|-heal|p2a: Vivillon|99\/100|[from] item: Leftovers\n|upkeep\n|-message|lifegoeson123 forfeited.\n|\n|win|Gollark\n|raw|lifegoeson123's rating: 1525 &rarr; <strong>1502<\/strong><br \/>(-23 for losing)\n|raw|Gollark's rating: 1476 &rarr; <strong>1499<\/strong><br \/>(+23 for winning)\n|l|\u2606lifegoeson123\n","uploadtime":1700234824,"views":6,"p1id":"lifegoeson123","p2id":"gollark","formatid":"gen9nationaldex","rating":1499,"private":0,"password":""}