{"id":"gen9nationaldex-1992415618","p1":"Keion de goat","p2":"craftex490gx","format":"[Gen 9] National Dex","log":"|j|\u2606Keion de goat\n|j|\u2606craftex490gx\n|t:|1700184934\n|gametype|singles\n|player|p1|Keion de goat|psychic-gen4|1048\n|player|p2|craftex490gx|102|1063\n|teamsize|p1|6\n|teamsize|p2|6\n|gen|9\n|tier|[Gen 9] National Dex\n|rated|\n|rule|HP Percentage Mod: HP is shown in percentages\n|rule|Endless Battle Clause: Forcing endless battles is banned\n|rule|OHKO Clause: OHKO moves are banned\n|rule|Evasion Clause: Evasion abilities, items, and moves are banned\n|rule|Evasion Abilities Clause: Evasion abilities are banned\n|rule|Evasion Items Clause: Evasion items are banned\n|rule|Evasion Moves Clause: Evasion moves are banned\n|rule|Species Clause: Limit one of each Pok\u00e9mon\n|rule|Sleep Clause Mod: Limit one foe put to sleep\n|clearpoke\n|poke|p1|Minior-Blue|\n|poke|p1|Regigigas|\n|poke|p1|Lopunny, M|\n|poke|p1|Iron Moth|\n|poke|p1|Thundurus-Therian, M|\n|poke|p1|Sneasler, M|\n|poke|p2|Pelipper, F|\n|poke|p2|Sinistcha|\n|poke|p2|Kleavor, M|\n|poke|p2|Excadrill, M|\n|poke|p2|Armarouge, M|\n|poke|p2|Persian-Alola, M|\n|teampreview\n|\n|t:|1700184937\n|start\n|switch|p1a: Minior|Minior-Blue|100\/100\n|switch|p2a: Persian|Persian-Alola, M|100\/100\n|-formechange|p1a: Minior|Minior-Meteor||[from] ability: Shields Down\n|turn|1\n|\n|t:|1700184940\n|move|p2a: Persian|Thunder Wave|p1a: Minior\n|-immune|p1a: Minior|[from] ability: Shields Down\n|move|p1a: Minior|Shell Smash|p1a: Minior\n|-unboost|p1a: Minior|def|1\n|-unboost|p1a: Minior|spd|1\n|-boost|p1a: Minior|atk|2\n|-boost|p1a: Minior|spa|2\n|-boost|p1a: Minior|spe|2\n|-enditem|p1a: Minior|White Herb\n|-clearnegativeboost|p1a: Minior|[silent]\n|\n|upkeep\n|turn|2\n|\n|t:|1700184972\n|move|p1a: Minior|Acrobatics|p2a: Persian\n|-damage|p2a: Persian|46\/100\n|move|p2a: Persian|Taunt|p1a: Minior\n|-start|p1a: Minior|move: Taunt\n|\n|upkeep\n|turn|3\n|\n|t:|1700184977\n|move|p1a: Minior|Acrobatics|p2a: Persian\n|-damage|p2a: Persian|0 fnt\n|faint|p2a: Persian\n|\n|upkeep\n|\n|t:|1700184981\n|switch|p2a: Armarouge|Armarouge, M|100\/100\n|turn|4\n|\n|t:|1700184995\n|move|p1a: Minior|Earthquake|p2a: Armarouge\n|-supereffective|p2a: Armarouge\n|-damage|p2a: Armarouge|17\/100\n|-ability|p2a: Armarouge|Weak Armor|boost\n|-unboost|p2a: Armarouge|def|1\n|-boost|p2a: Armarouge|spe|2\n|move|p2a: Armarouge|Calm Mind|p2a: Armarouge\n|-boost|p2a: Armarouge|spa|1\n|-boost|p2a: Armarouge|spd|1\n|\n|upkeep\n|turn|5\n|\n|t:|1700185002\n|move|p2a: Armarouge|Endure|p2a: Armarouge\n|-singleturn|p2a: Armarouge|move: Endure\n|move|p1a: Minior|Acrobatics|p2a: Armarouge\n|-activate|p2a: Armarouge|move: Endure\n|-damage|p2a: Armarouge|1\/100\n|-ability|p2a: Armarouge|Weak Armor|boost\n|-unboost|p2a: Armarouge|def|1\n|-boost|p2a: Armarouge|spe|2\n|\n|-end|p1a: Minior|move: Taunt\n|upkeep\n|turn|6\n|\n|t:|1700185008\n|move|p2a: Armarouge|Stored Power|p1a: Minior\n|-damage|p1a: Minior|0 fnt\n|faint|p1a: Minior\n|\n|upkeep\n|\n|t:|1700185011\n|switch|p1a: Lopunny|Lopunny, M, shiny|100\/100\n|turn|7\n|\n|t:|1700185014\n|detailschange|p1a: Lopunny|Lopunny-Mega, M, shiny\n|-mega|p1a: Lopunny|Lopunny|Lopunnite\n|move|p2a: Armarouge|Endure|p2a: Armarouge\n|-singleturn|p2a: Armarouge|move: Endure\n|move|p1a: Lopunny|Fake Out|p2a: Armarouge\n|-activate|p2a: Armarouge|move: Endure\n|-damage|p2a: Armarouge|1\/100\n|-ability|p2a: Armarouge|Weak Armor|boost\n|-unboost|p2a: Armarouge|def|1\n|-boost|p2a: Armarouge|spe|2\n|\n|upkeep\n|turn|8\n|\n|t:|1700185019\n|move|p2a: Armarouge|Stored Power|p1a: Lopunny\n|-supereffective|p1a: Lopunny\n|-damage|p1a: Lopunny|0 fnt\n|faint|p1a: Lopunny\n|\n|upkeep\n|\n|t:|1700185023\n|switch|p1a: Sneasler|Sneasler, M|100\/100\n|turn|9\n|\n|t:|1700185030\n|move|p2a: Armarouge|Endure|p2a: Armarouge\n|-singleturn|p2a: Armarouge|move: Endure\n|move|p1a: Sneasler|Fake Out|p2a: Armarouge\n|-activate|p2a: Armarouge|move: Endure\n|-damage|p2a: Armarouge|1\/100\n|-ability|p2a: Armarouge|Weak Armor|boost\n|-unboost|p2a: Armarouge|def|1\n|\n|upkeep\n|turn|10\n|\n|t:|1700185039\n|move|p2a: Armarouge|Stored Power|p1a: Sneasler\n|-supereffective|p1a: Sneasler\n|-damage|p1a: Sneasler|0 fnt\n|faint|p1a: Sneasler\n|\n|upkeep\n|\n|t:|1700185047\n|switch|p1a: Regigigas|Regigigas|100\/100\n|-start|p1a: Regigigas|ability: Slow Start\n|turn|11\n|\n|t:|1700185070\n|move|p2a: Armarouge|Stored Power|p1a: Regigigas\n|-damage|p1a: Regigigas|0 fnt\n|faint|p1a: Regigigas\n|-end|p1a: Regigigas|Slow Start|[silent]\n|\n|upkeep\n|\n|t:|1700185089\n|switch|p1a: Thundurus|Thundurus-Therian, M|100\/100\n|turn|12\n|\n|t:|1700185103\n|move|p2a: Armarouge|Stored Power|p1a: Thundurus\n|-damage|p1a: Thundurus|0 fnt\n|faint|p1a: Thundurus\n|\n|upkeep\n|inactive|Battle timer is ON: inactive players will automatically lose when time's up. (requested by craftex490gx)\n|\n|t:|1700185136\n|switch|p1a: Iron Moth|Iron Moth|100\/100\n|-enditem|p1a: Iron Moth|Booster Energy\n|-activate|p1a: Iron Moth|ability: Quark Drive|[fromitem]\n|-start|p1a: Iron Moth|quarkdrivespa\n|turn|13\n|\n|t:|1700185139\n|move|p2a: Armarouge|Stored Power|p1a: Iron Moth\n|-supereffective|p1a: Iron Moth\n|-damage|p1a: Iron Moth|0 fnt\n|faint|p1a: Iron Moth\n|-end|p1a: Iron Moth|Quark Drive|[silent]\n|\n|win|craftex490gx\n|raw|Keion de goat's rating: 1048 &rarr; <strong>1032<\/strong><br \/>(-16 for losing)\n|raw|craftex490gx's rating: 1063 &rarr; <strong>1092<\/strong><br \/>(+29 for winning)\n","uploadtime":1700185142,"views":14,"p1id":"keiondegoat","p2id":"craftex490gx","formatid":"gen9nationaldex","rating":1032,"private":0,"password":""}