{"id":"gen9nationaldex-1988440750","p1":"Fealieya","p2":"Pamy3gamer","format":"[Gen 9] National Dex","log":"|j|\u2606Fealieya\n|j|\u2606Pamy3gamer\n|t:|1699723218\n|gametype|singles\n|player|p1|Fealieya|1|1046\n|player|p2|Pamy3gamer|ninjaboy|1000\n|teamsize|p1|6\n|teamsize|p2|6\n|gen|9\n|tier|[Gen 9] National Dex\n|rated|\n|rule|HP Percentage Mod: HP is shown in percentages\n|rule|Endless Battle Clause: Forcing endless battles is banned\n|rule|OHKO Clause: OHKO moves are banned\n|rule|Evasion Clause: Evasion abilities, items, and moves are banned\n|rule|Evasion Abilities Clause: Evasion abilities are banned\n|rule|Evasion Items Clause: Evasion items are banned\n|rule|Evasion Moves Clause: Evasion moves are banned\n|rule|Species Clause: Limit one of each Pok\u00e9mon\n|rule|Sleep Clause Mod: Limit one foe put to sleep\n|clearpoke\n|poke|p1|Banette, M|\n|poke|p1|Zapdos|\n|poke|p1|Nihilego|\n|poke|p1|Kartana|\n|poke|p1|Celesteela|\n|poke|p1|Entei|\n|poke|p2|Staraptor, M|\n|poke|p2|Dubwool, M|\n|poke|p2|Porygon2|\n|poke|p2|Smeargle, F|\n|poke|p2|Zoroark-Hisui, F|\n|poke|p2|Ursaluna, M|\n|teampreview\n|inactive|Battle timer is ON: inactive players will automatically lose when time's up. (requested by Fealieya)\n|\n|t:|1699723244\n|start\n|switch|p1a: Nihilego|Nihilego|100\/100\n|switch|p2a: Chorilla|Smeargle, F, shiny|100\/100\n|turn|1\n|inactive|Pamy3gamer has 120 seconds left.\n|\n|t:|1699723274\n|move|p2a: Chorilla|Flamethrower|p1a: Nihilego\n|-resisted|p1a: Nihilego\n|-damage|p1a: Nihilego|85\/100\n|move|p1a: Nihilego|Stealth Rock|p2a: Chorilla\n|-sidestart|p2: Pamy3gamer|move: Stealth Rock\n|\n|-heal|p1a: Nihilego|91\/100|[from] item: Leftovers\n|upkeep\n|turn|2\n|\n|t:|1699723280\n|move|p2a: Chorilla|Flamethrower|p1a: Nihilego\n|-resisted|p1a: Nihilego\n|-damage|p1a: Nihilego|76\/100\n|move|p1a: Nihilego|Toxic Spikes|p2a: Chorilla\n|-sidestart|p2: Pamy3gamer|move: Toxic Spikes\n|\n|-heal|p1a: Nihilego|82\/100|[from] item: Leftovers\n|upkeep\n|turn|3\n|\n|t:|1699723289\n|switch|p2a: Bepo|Ursaluna, M|100\/100\n|-damage|p2a: Bepo|94\/100|[from] Stealth Rock\n|-status|p2a: Bepo|psn\n|move|p1a: Nihilego|Toxic Spikes|p2a: Bepo\n|-sidestart|p2: Pamy3gamer|move: Toxic Spikes\n|\n|-heal|p1a: Nihilego|89\/100|[from] item: Leftovers\n|-damage|p2a: Bepo|82\/100 psn|[from] psn\n|upkeep\n|turn|4\n|\n|t:|1699723303\n|move|p1a: Nihilego|Sludge Wave|p2a: Bepo\n|-resisted|p2a: Bepo\n|-damage|p2a: Bepo|60\/100 psn\n|move|p2a: Bepo|Swords Dance|p2a: Bepo\n|-boost|p2a: Bepo|atk|2\n|\n|-heal|p1a: Nihilego|95\/100|[from] item: Leftovers\n|-damage|p2a: Bepo|48\/100 psn|[from] psn\n|upkeep\n|turn|5\n|\n|t:|1699723310\n|move|p1a: Nihilego|Clear Smog|p2a: Bepo\n|-resisted|p2a: Bepo\n|-damage|p2a: Bepo|34\/100 psn\n|-clearboost|p2a: Bepo\n|move|p2a: Bepo|Drain Punch|p1a: Nihilego\n|-damage|p1a: Nihilego|15\/100\n|-heal|p2a: Bepo|66\/100 psn|[from] drain|[of] p1a: Nihilego\n|\n|-heal|p1a: Nihilego|21\/100|[from] item: Leftovers\n|-damage|p2a: Bepo|54\/100 psn|[from] psn\n|upkeep\n|turn|6\n|\n|t:|1699723321\n|switch|p1a: Banette|Banette, M|100\/100\n|-item|p2a: Bepo|Flame Orb|[from] ability: Frisk|[of] p1a: Banette|[identify]\n|move|p2a: Bepo|Drain Punch|p1a: Banette\n|-immune|p1a: Banette\n|\n|-damage|p2a: Bepo|41\/100 psn|[from] psn\n|upkeep\n|turn|7\n|\n|t:|1699723333\n|detailschange|p1a: Banette|Banette-Mega, M\n|-mega|p1a: Banette|Banette|Banettite\n|move|p1a: Banette|Sucker Punch|p2a: Bepo\n|-damage|p2a: Bepo|19\/100 psn\n|move|p2a: Bepo|Facade|p1a: Banette\n|-immune|p1a: Banette\n|\n|-damage|p2a: Bepo|7\/100 psn|[from] psn\n|upkeep\n|turn|8\n|\n|t:|1699723345\n|switch|p2a: Chorilla|Smeargle, F, shiny|100\/100\n|-damage|p2a: Chorilla|88\/100|[from] Stealth Rock\n|-status|p2a: Chorilla|tox\n|move|p1a: Banette|Swords Dance|p1a: Banette\n|-boost|p1a: Banette|atk|2\n|\n|-damage|p2a: Chorilla|82\/100 tox|[from] psn\n|upkeep\n|turn|9\n|\n|t:|1699723356\n|move|p1a: Banette|Swords Dance|p1a: Banette\n|-boost|p1a: Banette|atk|2\n|move|p2a: Chorilla|Shadow Ball|p1a: Banette\n|-supereffective|p1a: Banette\n|-damage|p1a: Banette|0 fnt\n|faint|p1a: Banette\n|\n|-damage|p2a: Chorilla|70\/100 tox|[from] psn\n|upkeep\n|\n|t:|1699723372\n|switch|p1a: Nihilego|Nihilego|21\/100\n|turn|10\n|\n|t:|1699723380\n|move|p2a: Chorilla|Shadow Ball|p1a: Nihilego\n|-damage|p1a: Nihilego|0 fnt\n|faint|p1a: Nihilego\n|\n|-damage|p2a: Chorilla|52\/100 tox|[from] psn\n|upkeep\n|\n|t:|1699723385\n|switch|p1a: Entei|Entei|100\/100\n|turn|11\n|\n|t:|1699723393\n|switch|p2a: Pocoyo|Porygon2, shiny|100\/100\n|-damage|p2a: Pocoyo|88\/100|[from] Stealth Rock\n|-status|p2a: Pocoyo|tox\n|-terastallize|p1a: Entei|Normal\n|move|p1a: Entei|Curse|p1a: Entei\n|-unboost|p1a: Entei|spe|1\n|-boost|p1a: Entei|atk|1\n|-boost|p1a: Entei|def|1\n|\n|-damage|p2a: Pocoyo|82\/100 tox|[from] psn\n|upkeep\n|turn|12\n|\n|t:|1699723407\n|move|p1a: Entei|Substitute|p1a: Entei\n|-start|p1a: Entei|Substitute\n|-damage|p1a: Entei|75\/100\n|move|p2a: Pocoyo|Toxic||[still]\n|-fail|p2a: Pocoyo\n|\n|-heal|p1a: Entei|82\/100|[from] item: Leftovers\n|-damage|p2a: Pocoyo|70\/100 tox|[from] psn\n|upkeep\n|turn|13\n|\n|t:|1699723415\n|switch|p2a: Sanji|Staraptor, M, shiny|100\/100\n|-damage|p2a: Sanji|76\/100|[from] Stealth Rock\n|move|p1a: Entei|Curse|p1a: Entei\n|-unboost|p1a: Entei|spe|1\n|-boost|p1a: Entei|atk|1\n|-boost|p1a: Entei|def|1\n|\n|-heal|p1a: Entei|88\/100|[from] item: Leftovers\n|upkeep\n|turn|14\n|\n|t:|1699723428\n|-terastallize|p2a: Sanji|Fighting\n|move|p2a: Sanji|Close Combat|p1a: Entei\n|-supereffective|p1a: Entei\n|-crit|p1a: Entei\n|-end|p1a: Entei|Substitute\n|-unboost|p2a: Sanji|def|1\n|-unboost|p2a: Sanji|spd|1\n|move|p1a: Entei|Sacred Fire|p2a: Sanji\n|-crit|p2a: Sanji\n|-damage|p2a: Sanji|0 fnt\n|faint|p2a: Sanji\n|\n|-heal|p1a: Entei|94\/100|[from] item: Leftovers\n|upkeep\n|\n|t:|1699723432\n|switch|p2a: Barbabegra|Dubwool, M, shiny|100\/100\n|-damage|p2a: Barbabegra|88\/100|[from] Stealth Rock\n|-status|p2a: Barbabegra|tox\n|turn|15\n|\n|t:|1699723444\n|move|p2a: Barbabegra|Cotton Guard|p2a: Barbabegra\n|-boost|p2a: Barbabegra|def|3\n|move|p1a: Entei|Substitute|p1a: Entei\n|-start|p1a: Entei|Substitute\n|-damage|p1a: Entei|69\/100\n|\n|-heal|p2a: Barbabegra|94\/100 tox|[from] item: Leftovers\n|-heal|p1a: Entei|75\/100|[from] item: Leftovers\n|-damage|p2a: Barbabegra|88\/100 tox|[from] psn\n|upkeep\n|turn|16\n|\n|t:|1699723449\n|move|p2a: Barbabegra|Cotton Guard|p2a: Barbabegra\n|-boost|p2a: Barbabegra|def|3\n|move|p1a: Entei|Curse|p1a: Entei\n|-unboost|p1a: Entei|spe|1\n|-boost|p1a: Entei|atk|1\n|-boost|p1a: Entei|def|1\n|\n|-heal|p2a: Barbabegra|94\/100 tox|[from] item: Leftovers\n|-heal|p1a: Entei|81\/100|[from] item: Leftovers\n|-damage|p2a: Barbabegra|82\/100 tox|[from] psn\n|upkeep\n|turn|17\n|\n|t:|1699723453\n|move|p2a: Barbabegra|Body Press|p1a: Entei\n|-supereffective|p1a: Entei\n|-end|p1a: Entei|Substitute\n|move|p1a: Entei|Curse|p1a: Entei\n|-unboost|p1a: Entei|spe|1\n|-boost|p1a: Entei|atk|1\n|-boost|p1a: Entei|def|1\n|\n|-heal|p2a: Barbabegra|88\/100 tox|[from] item: Leftovers\n|-heal|p1a: Entei|88\/100|[from] item: Leftovers\n|-damage|p2a: Barbabegra|70\/100 tox|[from] psn\n|upkeep\n|turn|18\n|\n|t:|1699723457\n|move|p2a: Barbabegra|Body Press|p1a: Entei\n|-supereffective|p1a: Entei\n|-damage|p1a: Entei|41\/100\n|move|p1a: Entei|Sacred Fire|p2a: Barbabegra\n|-damage|p2a: Barbabegra|0 fnt\n|faint|p2a: Barbabegra\n|\n|-heal|p1a: Entei|48\/100|[from] item: Leftovers\n|upkeep\n|inactive|Pamy3gamer has 120 seconds left.\n|inactive|Pamy3gamer has 90 seconds left.\n|inactive|Pamy3gamer has 60 seconds left.\n|l|\u2606Pamy3gamer\n|inactive|Pamy3gamer disconnected and has a minute to reconnect!\n|player|p2|\n|inactive|Pamy3gamer has 30 seconds left.\n|inactive|Pamy3gamer has 20 seconds left.\n|inactive|Pamy3gamer has 15 seconds left.\n|j|\u2606Pamy3gamer\n|inactive|Pamy3gamer reconnected and has 15 seconds left.\n|player|p2|Pamy3gamer|ninjaboy\n|inactive|Pamy3gamer has 10 seconds left.\n|inactive|Pamy3gamer has 5 seconds left.\n|-message|Pamy3gamer lost due to inactivity.\n|\n|win|Fealieya\n|raw|Fealieya's rating: 1046 &rarr; <strong>1075<\/strong><br \/>(+29 for winning)\n|raw|Pamy3gamer's rating: 1000 &rarr; <strong>1000<\/strong><br \/>(+0 for losing)\n","uploadtime":1699723612,"views":4,"p1id":"fealieya","p2id":"pamy3gamer","formatid":"gen9nationaldex","rating":1000,"private":0,"password":""}