{"id":"gen9nationaldex-1991317688","p1":"pichuthememer","p2":"Vvbttij","format":"[Gen 9] National Dex","log":"|j|\u2606pichuthememer\n|j|\u2606Vvbttij\n|t:|1700067069\n|gametype|singles\n|player|p1|pichuthememer|169|1022\n|player|p2|Vvbttij|red|1102\n|teamsize|p1|6\n|teamsize|p2|6\n|gen|9\n|tier|[Gen 9] National Dex\n|rated|\n|rule|HP Percentage Mod: HP is shown in percentages\n|rule|Endless Battle Clause: Forcing endless battles is banned\n|rule|OHKO Clause: OHKO moves are banned\n|rule|Evasion Clause: Evasion abilities, items, and moves are banned\n|rule|Evasion Abilities Clause: Evasion abilities are banned\n|rule|Evasion Items Clause: Evasion items are banned\n|rule|Evasion Moves Clause: Evasion moves are banned\n|rule|Species Clause: Limit one of each Pok\u00e9mon\n|rule|Sleep Clause Mod: Limit one foe put to sleep\n|clearpoke\n|poke|p1|Greninja-*, F|\n|poke|p1|Charizard, F|\n|poke|p1|Lucario, M|\n|poke|p1|Talonflame, F|\n|poke|p1|Gengar, M|\n|poke|p1|Noivern, M|\n|poke|p2|Charizard, F|\n|poke|p2|Blastoise, M|\n|poke|p2|Venusaur, M|\n|poke|p2|Snorlax, F|\n|poke|p2|Lapras, F|\n|poke|p2|Pikachu, M|\n|teampreview\n|\n|t:|1700067087\n|start\n|switch|p1a: Gengar|Gengar, M|100\/100\n|switch|p2a: Venusaur|Venusaur, M|100\/100\n|-item|p1a: Gengar|Air Balloon\n|turn|1\n|\n|t:|1700067093\n|switch|p2a: Snorlax|Snorlax, F, shiny|100\/100\n|move|p1a: Gengar|Shadow Ball|p2a: Snorlax\n|-immune|p2a: Snorlax\n|\n|upkeep\n|turn|2\n|\n|t:|1700067101\n|move|p1a: Gengar|Will-O-Wisp|p2a: Snorlax|[miss]\n|-miss|p1a: Gengar|p2a: Snorlax\n|move|p2a: Snorlax|Ice Punch|p1a: Gengar\n|-damage|p1a: Gengar|60\/100\n|-status|p1a: Gengar|frz\n|-enditem|p1a: Gengar|Air Balloon\n|\n|upkeep\n|turn|3\n|\n|t:|1700067111\n|-curestatus|p1a: Gengar|frz|[msg]\n|move|p1a: Gengar|Will-O-Wisp|p2a: Snorlax\n|-status|p2a: Snorlax|brn\n|move|p2a: Snorlax|Earthquake|p1a: Gengar\n|-supereffective|p1a: Gengar\n|-damage|p1a: Gengar|9\/100\n|-start|p2a: Snorlax|Disable|Earthquake|[from] ability: Cursed Body|[of] p1a: Gengar\n|\n|-damage|p2a: Snorlax|94\/100 brn|[from] brn\n|upkeep\n|turn|4\n|\n|t:|1700067122\n|move|p1a: Gengar|Clear Smog|p2a: Snorlax\n|-damage|p2a: Snorlax|82\/100 brn\n|-clearboost|p2a: Snorlax\n|move|p2a: Snorlax|Body Slam|p1a: Gengar\n|-immune|p1a: Gengar\n|\n|-damage|p2a: Snorlax|76\/100 brn|[from] brn\n|upkeep\n|turn|5\n|\n|t:|1700067131\n|move|p1a: Gengar|Clear Smog|p2a: Snorlax\n|-damage|p2a: Snorlax|63\/100 brn\n|-clearboost|p2a: Snorlax\n|move|p2a: Snorlax|Ice Punch|p1a: Gengar\n|-damage|p1a: Gengar|0 fnt\n|faint|p1a: Gengar\n|\n|-damage|p2a: Snorlax|57\/100 brn|[from] brn\n|upkeep\n|\n|t:|1700067138\n|switch|p1a: Lucario|Lucario, M|100\/100\n|turn|6\n|\n|t:|1700067140\n|switch|p2a: Charizard|Charizard, F|100\/100\n|move|p1a: Lucario|Swords Dance|p1a: Lucario\n|-boost|p1a: Lucario|atk|2\n|\n|upkeep\n|turn|7\n|\n|t:|1700067146\n|move|p1a: Lucario|Extreme Speed|p2a: Charizard\n|-damage|p2a: Charizard|12\/100\n|-enditem|p2a: Charizard|Salac Berry|[eat]\n|-boost|p2a: Charizard|spe|1|[from] item: Salac Berry\n|-damage|p1a: Lucario|91\/100|[from] item: Life Orb\n|move|p2a: Charizard|Acrobatics|p1a: Lucario\n|-damage|p1a: Lucario|19\/100\n|\n|upkeep\n|turn|8\n|\n|t:|1700067159\n|move|p1a: Lucario|Extreme Speed|p2a: Charizard\n|-damage|p2a: Charizard|0 fnt\n|faint|p2a: Charizard\n|-damage|p1a: Lucario|9\/100|[from] item: Life Orb\n|\n|upkeep\n|\n|t:|1700067169\n|switch|p2a: Venusaur|Venusaur, M|100\/100\n|turn|9\n|\n|t:|1700067172\n|detailschange|p2a: Venusaur|Venusaur-Mega, M\n|-mega|p2a: Venusaur|Venusaur|Venusaurite\n|move|p1a: Lucario|Extreme Speed|p2a: Venusaur\n|-damage|p2a: Venusaur|62\/100\n|-damage|p1a: Lucario|0 fnt|[from] item: Life Orb\n|faint|p1a: Lucario\n|move|p2a: Venusaur|Earth Power|p1: Lucario|[notarget]\n|-fail|p2a: Venusaur\n|\n|upkeep\n|\n|t:|1700067178\n|switch|p1a: Talonflame|Talonflame, F|100\/100\n|turn|10\n|\n|t:|1700067180\n|move|p1a: Talonflame|Brave Bird|p2a: Venusaur\n|-supereffective|p2a: Venusaur\n|-damage|p2a: Venusaur|7\/100\n|-damage|p1a: Talonflame|78\/100|[from] Recoil\n|move|p2a: Venusaur|Toxic|p1a: Talonflame\n|-status|p1a: Talonflame|tox\n|\n|-damage|p1a: Talonflame|72\/100 tox|[from] psn\n|upkeep\n|turn|11\n|\n|t:|1700067185\n|move|p1a: Talonflame|Flame Charge|p2a: Venusaur\n|-supereffective|p2a: Venusaur\n|-damage|p2a: Venusaur|0 fnt\n|-boost|p1a: Talonflame|spe|1\n|faint|p2a: Venusaur\n|\n|-damage|p1a: Talonflame|60\/100 tox|[from] psn\n|upkeep\n|\n|t:|1700067194\n|switch|p2a: Snorlax|Snorlax, F, shiny|57\/100 brn\n|turn|12\n|\n|t:|1700067202\n|move|p1a: Talonflame|Brave Bird|p2a: Snorlax\n|-damage|p2a: Snorlax|12\/100 brn\n|-enditem|p2a: Snorlax|Aguav Berry|[eat]\n|-heal|p2a: Snorlax|45\/100 brn|[from] item: Aguav Berry\n|-damage|p1a: Talonflame|34\/100 tox|[from] Recoil\n|move|p2a: Snorlax|Ice Punch|p1a: Talonflame\n|-damage|p1a: Talonflame|15\/100 tox\n|\n|-damage|p1a: Talonflame|0 fnt|[from] psn\n|faint|p1a: Talonflame\n|-damage|p2a: Snorlax|39\/100 brn|[from] brn\n|upkeep\n|\n|t:|1700067207\n|switch|p1a: Greninja|Greninja, F|100\/100\n|turn|13\n|\n|t:|1700067212\n|move|p1a: Greninja|Dark Pulse|p2a: Snorlax\n|-start|p1a: Greninja|typechange|Dark|[from] ability: Protean\n|-crit|p2a: Snorlax\n|-damage|p2a: Snorlax|0 fnt\n|faint|p2a: Snorlax\n|-damage|p1a: Greninja|91\/100|[from] item: Life Orb\n|\n|upkeep\n|\n|t:|1700067218\n|switch|p2a: Blastoise|Blastoise, M|100\/100\n|turn|14\n|\n|t:|1700067221\n|move|p1a: Greninja|Grass Knot|p2a: Blastoise\n|-supereffective|p2a: Blastoise\n|-crit|p2a: Blastoise\n|-damage|p2a: Blastoise|2\/100\n|-damage|p1a: Greninja|81\/100|[from] item: Life Orb\n|move|p2a: Blastoise|Shell Smash|p2a: Blastoise\n|-unboost|p2a: Blastoise|def|1\n|-unboost|p2a: Blastoise|spd|1\n|-boost|p2a: Blastoise|atk|2\n|-boost|p2a: Blastoise|spa|2\n|-boost|p2a: Blastoise|spe|2\n|\n|upkeep\n|turn|15\n|\n|t:|1700067229\n|move|p2a: Blastoise|Scald|p1a: Greninja\n|-damage|p1a: Greninja|0 fnt\n|faint|p1a: Greninja\n|\n|upkeep\n|\n|t:|1700067236\n|switch|p1a: Charizard|Charizard, F|100\/100\n|turn|16\n|\n|t:|1700067243\n|detailschange|p1a: Charizard|Charizard-Mega-Y, F\n|-mega|p1a: Charizard|Charizard|Charizardite Y\n|-weather|SunnyDay|[from] ability: Drought|[of] p1a: Charizard\n|move|p2a: Blastoise|Scald|p1a: Charizard\n|-supereffective|p1a: Charizard\n|-damage|p1a: Charizard|0 fnt\n|faint|p1a: Charizard\n|\n|-weather|SunnyDay|[upkeep]\n|upkeep\n|\n|t:|1700067247\n|switch|p1a: Noivern|Noivern, M|100\/100\n|turn|17\n|\n|t:|1700067255\n|move|p2a: Blastoise|Blizzard|p1a: Noivern|[miss]\n|-miss|p2a: Blastoise|p1a: Noivern\n|move|p1a: Noivern|Boomburst|p2a: Blastoise\n|-damage|p2a: Blastoise|0 fnt\n|faint|p2a: Blastoise\n|-enditem|p1a: Noivern|Throat Spray\n|-boost|p1a: Noivern|spa|1|[from] item: Throat Spray\n|\n|-weather|SunnyDay|[upkeep]\n|upkeep\n|\n|t:|1700067261\n|switch|p2a: Pikachu|Pikachu, M|100\/100\n|turn|18\n|\n|t:|1700067267\n|-terastallize|p1a: Noivern|Normal\n|move|p2a: Pikachu|Endure|p2a: Pikachu\n|-singleturn|p2a: Pikachu|move: Endure\n|move|p1a: Noivern|Boomburst|p2a: Pikachu\n|-activate|p2a: Pikachu|move: Endure\n|-damage|p2a: Pikachu|1\/100\n|-enditem|p2a: Pikachu|Salac Berry|[eat]\n|-boost|p2a: Pikachu|spe|1|[from] item: Salac Berry\n|\n|-weather|SunnyDay|[upkeep]\n|upkeep\n|turn|19\n|\n|t:|1700067276\n|move|p2a: Pikachu|Endeavor|p1a: Noivern\n|-damage|p1a: Noivern|1\/100\n|move|p1a: Noivern|Boomburst|p2a: Pikachu\n|-damage|p2a: Pikachu|0 fnt\n|faint|p2a: Pikachu\n|\n|-weather|SunnyDay|[upkeep]\n|upkeep\n|\n|t:|1700067281\n|switch|p2a: Lapras|Lapras, F|100\/100\n|turn|20\n|\n|t:|1700067291\n|-terastallize|p2a: Lapras|Ground\n|move|p1a: Noivern|Draco Meteor|p2a: Lapras\n|-damage|p2a: Lapras|22\/100\n|-unboost|p1a: Noivern|spa|2\n|move|p2a: Lapras|Waterfall|p1a: Noivern\n|-damage|p1a: Noivern|0 fnt\n|faint|p1a: Noivern\n|\n|win|Vvbttij\n|raw|pichuthememer's rating: 1022 &rarr; <strong>1012<\/strong><br \/>(-10 for losing)\n|raw|Vvbttij's rating: 1102 &rarr; <strong>1121<\/strong><br \/>(+19 for winning)\n|c|\u2606Vvbttij|Gg\n|l|\u2606pichuthememer\n","uploadtime":1700067302,"views":5,"p1id":"pichuthememer","p2id":"vvbttij","formatid":"gen9nationaldex","rating":1012,"private":0,"password":""}