{"id":"gen9nationaldex-1987947260","p1":"elvisma","p2":"salpicadura","format":"[Gen 9] National Dex","log":"|j|\u2606elvisma\n|j|\u2606salpicadura\n|t:|1699652002\n|gametype|singles\n|player|p1|elvisma|red-masters|1642\n|player|p2|salpicadura|fisherman-gen4|1593\n|teamsize|p1|6\n|teamsize|p2|6\n|gen|9\n|tier|[Gen 9] National Dex\n|rated|\n|rule|HP Percentage Mod: HP is shown in percentages\n|rule|Endless Battle Clause: Forcing endless battles is banned\n|rule|OHKO Clause: OHKO moves are banned\n|rule|Evasion Clause: Evasion abilities, items, and moves are banned\n|rule|Evasion Abilities Clause: Evasion abilities are banned\n|rule|Evasion Items Clause: Evasion items are banned\n|rule|Evasion Moves Clause: Evasion moves are banned\n|rule|Species Clause: Limit one of each Pok\u00e9mon\n|rule|Sleep Clause Mod: Limit one foe put to sleep\n|clearpoke\n|poke|p1|Azelf|\n|poke|p1|Charizard, F|\n|poke|p1|Ribombee, M|\n|poke|p1|Great Tusk|\n|poke|p1|Ogerpon-Wellspring, F|\n|poke|p1|Victini|\n|poke|p2|Alomomola, F|\n|poke|p2|Ferrothorn, F|\n|poke|p2|Heatran, M|\n|poke|p2|Rotom-Wash|\n|poke|p2|Great Tusk|\n|poke|p2|Gyarados, F|\n|teampreview\n|\n|t:|1699652023\n|start\n|switch|p1a: Victini|Victini|100\/100\n|switch|p2a: Rotom|Rotom-Wash|100\/100\n|turn|1\n|j| YJLF2\n|\n|t:|1699652033\n|-zpower|p1a: Victini\n|move|p1a: Victini|Z-Celebrate|p1a: Victini|[anim]Celebrate\n|-boost|p1a: Victini|atk|1|[zeffect]\n|-boost|p1a: Victini|def|1|[zeffect]\n|-boost|p1a: Victini|spa|1|[zeffect]\n|-boost|p1a: Victini|spd|1|[zeffect]\n|-boost|p1a: Victini|spe|1|[zeffect]\n|-activate|p1a: Victini|move: Celebrate\n|move|p2a: Rotom|Volt Switch|p1a: Victini\n|-damage|p1a: Victini|82\/100\n|\n|t:|1699652045\n|switch|p2a: Heatran|Heatran, M|100\/100|[from] Volt Switch\n|\n|upkeep\n|turn|2\n|\n|t:|1699652051\n|move|p1a: Victini|Stored Power|p2a: Heatran\n|-resisted|p2a: Heatran\n|-damage|p2a: Heatran|76\/100\n|move|p2a: Heatran|Toxic|p1a: Victini\n|-status|p1a: Victini|tox\n|\n|-heal|p2a: Heatran|82\/100|[from] item: Leftovers\n|-damage|p1a: Victini|76\/100 tox|[from] psn\n|upkeep\n|turn|3\n|\n|t:|1699652055\n|move|p1a: Victini|Stored Power|p2a: Heatran\n|-resisted|p2a: Heatran\n|-damage|p2a: Heatran|57\/100\n|move|p2a: Heatran|Earth Power|p1a: Victini\n|-supereffective|p1a: Victini\n|-damage|p1a: Victini|41\/100 tox\n|\n|-heal|p2a: Heatran|63\/100|[from] item: Leftovers\n|-damage|p1a: Victini|28\/100 tox|[from] psn\n|upkeep\n|turn|4\n|\n|t:|1699652058\n|move|p1a: Victini|Stored Power|p2a: Heatran\n|-resisted|p2a: Heatran\n|-damage|p2a: Heatran|42\/100\n|move|p2a: Heatran|Earth Power|p1a: Victini\n|-supereffective|p1a: Victini\n|-damage|p1a: Victini|0 fnt\n|faint|p1a: Victini\n|\n|-heal|p2a: Heatran|48\/100|[from] item: Leftovers\n|upkeep\n|\n|t:|1699652072\n|switch|p1a: Charizard|Charizard, F|100\/100\n|turn|5\n|\n|t:|1699652079\n|switch|p2a: Rotom|Rotom-Wash|100\/100\n|move|p1a: Charizard|Dragon Dance|p1a: Charizard\n|-boost|p1a: Charizard|atk|1\n|-boost|p1a: Charizard|spe|1\n|\n|upkeep\n|turn|6\n|\n|t:|1699652088\n|switch|p2a: Heatran|Heatran, M|48\/100\n|detailschange|p1a: Charizard|Charizard-Mega-X, F\n|-mega|p1a: Charizard|Charizard|Charizardite X\n|move|p1a: Charizard|Dragon Claw|p2a: Heatran\n|-resisted|p2a: Heatran\n|-damage|p2a: Heatran|13\/100\n|\n|-heal|p2a: Heatran|19\/100|[from] item: Leftovers\n|upkeep\n|turn|7\n|\n|t:|1699652094\n|move|p1a: Charizard|Dragon Claw|p2a: Heatran\n|-resisted|p2a: Heatran\n|-damage|p2a: Heatran|0 fnt\n|faint|p2a: Heatran\n|\n|upkeep\n|\n|t:|1699652097\n|switch|p2a: Alomomola|Alomomola, F|100\/100\n|turn|8\n|\n|t:|1699652101\n|move|p1a: Charizard|Dragon Claw|p2a: Alomomola\n|-damage|p2a: Alomomola|61\/100\n|move|p2a: Alomomola|Toxic|p1a: Charizard\n|-status|p1a: Charizard|tox\n|\n|-heal|p2a: Alomomola|67\/100|[from] item: Leftovers\n|-damage|p1a: Charizard|94\/100 tox|[from] psn\n|upkeep\n|turn|9\n|\n|t:|1699652106\n|move|p1a: Charizard|Dragon Dance|p1a: Charizard\n|-boost|p1a: Charizard|atk|1\n|-boost|p1a: Charizard|spe|1\n|move|p2a: Alomomola|Wish|p2a: Alomomola\n|\n|-heal|p2a: Alomomola|73\/100|[from] item: Leftovers\n|-damage|p1a: Charizard|82\/100 tox|[from] psn\n|upkeep\n|turn|10\n|\n|t:|1699652109\n|move|p2a: Alomomola|Protect|p2a: Alomomola\n|-singleturn|p2a: Alomomola|Protect\n|move|p1a: Charizard|Dragon Claw|p2a: Alomomola\n|-activate|p2a: Alomomola|move: Protect\n|\n|-heal|p2a: Alomomola|100\/100|[from] move: Wish|[wisher] Alomomola\n|-damage|p1a: Charizard|64\/100 tox|[from] psn\n|upkeep\n|turn|11\n|\n|t:|1699652113\n|move|p1a: Charizard|Dragon Claw|p2a: Alomomola\n|-damage|p2a: Alomomola|42\/100\n|move|p2a: Alomomola|Wish|p2a: Alomomola\n|\n|-heal|p2a: Alomomola|48\/100|[from] item: Leftovers\n|-damage|p1a: Charizard|40\/100 tox|[from] psn\n|upkeep\n|turn|12\n|\n|t:|1699652118\n|move|p2a: Alomomola|Protect|p2a: Alomomola\n|-singleturn|p2a: Alomomola|Protect\n|move|p1a: Charizard|Dragon Claw|p2a: Alomomola\n|-activate|p2a: Alomomola|move: Protect\n|\n|-heal|p2a: Alomomola|98\/100|[from] move: Wish|[wisher] Alomomola\n|-heal|p2a: Alomomola|100\/100|[from] item: Leftovers\n|-damage|p1a: Charizard|10\/100 tox|[from] psn\n|upkeep\n|turn|13\n|\n|t:|1699652122\n|move|p1a: Charizard|Dragon Claw|p2a: Alomomola\n|-damage|p2a: Alomomola|38\/100\n|move|p2a: Alomomola|Wish|p2a: Alomomola\n|\n|-heal|p2a: Alomomola|44\/100|[from] item: Leftovers\n|-damage|p1a: Charizard|0 fnt|[from] psn\n|faint|p1a: Charizard\n|upkeep\n|\n|t:|1699652127\n|switch|p1a: Ogerpon|Ogerpon-Wellspring, F|100\/100\n|turn|14\n|\n|t:|1699652131\n|move|p2a: Alomomola|Protect|p2a: Alomomola\n|-singleturn|p2a: Alomomola|Protect\n|move|p1a: Ogerpon|Swords Dance|p1a: Ogerpon\n|-boost|p1a: Ogerpon|atk|2\n|\n|-heal|p2a: Alomomola|94\/100|[from] move: Wish|[wisher] Alomomola\n|-heal|p2a: Alomomola|100\/100|[from] item: Leftovers\n|upkeep\n|turn|15\n|\n|t:|1699652139\n|-terastallize|p2a: Alomomola|Dragon\n|move|p1a: Ogerpon|Swords Dance|p1a: Ogerpon\n|-boost|p1a: Ogerpon|atk|2\n|move|p2a: Alomomola|Toxic|p1a: Ogerpon\n|-status|p1a: Ogerpon|tox\n|\n|-damage|p1a: Ogerpon|95\/100 tox|[from] psn\n|upkeep\n|turn|16\n|\n|t:|1699652145\n|move|p1a: Ogerpon|Play Rough|p2a: Alomomola\n|-supereffective|p2a: Alomomola\n|-damage|p2a: Alomomola|0 fnt\n|faint|p2a: Alomomola\n|\n|-damage|p1a: Ogerpon|83\/100 tox|[from] psn\n|upkeep\n|\n|t:|1699652148\n|switch|p2a: Ferrothorn|Ferrothorn, F|100\/100\n|turn|17\n|\n|t:|1699652157\n|move|p1a: Ogerpon|Ivy Cudgel|p2a: Ferrothorn\n|-resisted|p2a: Ferrothorn\n|-damage|p2a: Ferrothorn|51\/100\n|move|p2a: Ferrothorn|Stealth Rock|p1a: Ogerpon\n|-sidestart|p1: elvisma|move: Stealth Rock\n|\n|-heal|p2a: Ferrothorn|57\/100|[from] item: Leftovers\n|-damage|p1a: Ogerpon|65\/100 tox|[from] psn\n|upkeep\n|turn|18\n|\n|t:|1699652162\n|-terastallize|p1a: Ogerpon|Water\n|detailschange|p1a: Ogerpon|Ogerpon-Wellspring-Tera, F, tera:Water\n|-ability|p1a: Ogerpon|Embody Aspect (Wellspring)|boost\n|-boost|p1a: Ogerpon|spd|1\n|move|p1a: Ogerpon|Ivy Cudgel|p2a: Ferrothorn\n|-resisted|p2a: Ferrothorn\n|-damage|p2a: Ferrothorn|0 fnt\n|faint|p2a: Ferrothorn\n|\n|-damage|p1a: Ogerpon|41\/100 tox|[from] psn\n|upkeep\n|\n|t:|1699652168\n|switch|p2a: Gyarados|Gyarados, F|100\/100\n|-ability|p2a: Gyarados|Intimidate|boost\n|-unboost|p1a: Ogerpon|atk|1\n|turn|19\n|\n|t:|1699652177\n|switch|p2a: Rotom|Rotom-Wash|100\/100\n|move|p1a: Ogerpon|Horn Leech|p2a: Rotom\n|-supereffective|p2a: Rotom\n|-damage|p2a: Rotom|0 fnt\n|-heal|p1a: Ogerpon|91\/100 tox|[from] drain|[of] p2a: Rotom\n|faint|p2a: Rotom\n|\n|-damage|p1a: Ogerpon|61\/100 tox|[from] psn\n|upkeep\n|-message|salpicadura forfeited.\n|\n|win|elvisma\n|raw|elvisma's rating: 1642 &rarr; <strong>1659<\/strong><br \/>(+17 for winning)\n|raw|salpicadura's rating: 1593 &rarr; <strong>1576<\/strong><br \/>(-17 for losing)\n|l|\u2606salpicadura\n|l| YJLF2\n","uploadtime":1699652191,"views":4,"p1id":"elvisma","p2id":"salpicadura","formatid":"gen9nationaldex","rating":1576,"private":0,"password":""}