{"id":"gen9nationaldex-1991146510","p1":"IplayforFuns","p2":"BeyourTea","format":"[Gen 9] National Dex","log":"|j|\u2606IplayforFuns\n|j|\u2606BeyourTea\n|t:|1700049938\n|gametype|singles\n|player|p1|IplayforFuns|pokemaniac|1503\n|player|p2|BeyourTea|2|1574\n|teamsize|p1|6\n|teamsize|p2|6\n|gen|9\n|tier|[Gen 9] National Dex\n|rated|\n|rule|HP Percentage Mod: HP is shown in percentages\n|rule|Endless Battle Clause: Forcing endless battles is banned\n|rule|OHKO Clause: OHKO moves are banned\n|rule|Evasion Clause: Evasion abilities, items, and moves are banned\n|rule|Evasion Abilities Clause: Evasion abilities are banned\n|rule|Evasion Items Clause: Evasion items are banned\n|rule|Evasion Moves Clause: Evasion moves are banned\n|rule|Species Clause: Limit one of each Pok\u00e9mon\n|rule|Sleep Clause Mod: Limit one foe put to sleep\n|clearpoke\n|poke|p1|Ceruledge, M|\n|poke|p1|Tapu Koko|\n|poke|p1|Sneasler, F|\n|poke|p1|Ninetales-Alola, F|\n|poke|p1|Iron Valiant|\n|poke|p1|Glimmora, M|\n|poke|p2|Ribombee, F|\n|poke|p2|Medicham, M|\n|poke|p2|Zapdos-Galar|\n|poke|p2|Sinistcha-Masterpiece|\n|poke|p2|Hoopa-Unbound|\n|poke|p2|Heatran, F|\n|teampreview\n|\n|t:|1700049947\n|start\n|switch|p1a: Dia|Tapu Koko, shiny|100\/100\n|switch|p2a: Ribombee|Ribombee, F|100\/100\n|-fieldstart|move: Electric Terrain|[from] ability: Electric Surge|[of] p1a: Dia\n|turn|1\n|\n|t:|1700049955\n|move|p1a: Dia|Taunt|p2a: Ribombee\n|-start|p2a: Ribombee|move: Taunt\n|cant|p2a: Ribombee|move: Taunt|Sticky Web\n|\n|upkeep\n|turn|2\n|\n|t:|1700049963\n|switch|p2a: Heatran|Heatran, F|100\/100\n|move|p1a: Dia|Thunderbolt|p2a: Heatran\n|-damage|p2a: Heatran|68\/100\n|\n|-heal|p2a: Heatran|74\/100|[from] item: Leftovers\n|upkeep\n|turn|3\n|\n|t:|1700049971\n|move|p1a: Dia|U-turn|p2a: Heatran\n|-resisted|p2a: Heatran\n|-damage|p2a: Heatran|71\/100\n|\n|t:|1700049973\n|switch|p1a: Rocky|Glimmora, M, shiny|100\/100|[from] U-turn\n|move|p2a: Heatran|Stealth Rock|p1a: Rocky\n|-sidestart|p1: IplayforFuns|move: Stealth Rock\n|\n|-heal|p2a: Heatran|77\/100|[from] item: Leftovers\n|upkeep\n|turn|4\n|\n|t:|1700049979\n|move|p1a: Rocky|Stealth Rock|p2a: Heatran\n|-sidestart|p2: BeyourTea|move: Stealth Rock\n|move|p2a: Heatran|Earth Power|p1a: Rocky\n|-supereffective|p1a: Rocky\n|-enditem|p1a: Rocky|Focus Sash\n|-damage|p1a: Rocky|1\/100\n|\n|-heal|p2a: Heatran|83\/100|[from] item: Leftovers\n|upkeep\n|turn|5\n|\n|t:|1700049989\n|move|p2a: Heatran|Protect|p2a: Heatran\n|-singleturn|p2a: Heatran|Protect\n|move|p1a: Rocky|Earth Power|p2a: Heatran\n|-activate|p2a: Heatran|move: Protect\n|\n|-heal|p2a: Heatran|89\/100|[from] item: Leftovers\n|upkeep\n|turn|6\n|\n|t:|1700049997\n|switch|p2a: Ribombee|Ribombee, F|100\/100\n|-damage|p2a: Ribombee|76\/100|[from] Stealth Rock\n|move|p1a: Rocky|Mortal Spin|p2a: Ribombee\n|-supereffective|p2a: Ribombee\n|-damage|p2a: Ribombee|50\/100\n|-status|p2a: Ribombee|psn\n|-sideend|p1: IplayforFuns|Stealth Rock|[from] move: Mortal Spin|[of] p1a: Rocky\n|\n|-damage|p2a: Ribombee|38\/100 psn|[from] psn\n|upkeep\n|turn|7\n|\n|t:|1700050009\n|move|p2a: Ribombee|Sticky Web|p1a: Rocky\n|-sidestart|p1: IplayforFuns|move: Sticky Web\n|move|p1a: Rocky|Mortal Spin|p2a: Ribombee\n|-supereffective|p2a: Ribombee\n|-damage|p2a: Ribombee|10\/100 psn\n|-sideend|p1: IplayforFuns|Sticky Web|[from] move: Mortal Spin|[of] p1a: Rocky\n|\n|-damage|p2a: Ribombee|0 fnt|[from] psn\n|faint|p2a: Ribombee\n|upkeep\n|\n|t:|1700050020\n|switch|p2a: Heatran|Heatran, F|89\/100\n|-damage|p2a: Heatran|77\/100|[from] Stealth Rock\n|turn|8\n|\n|t:|1700050032\n|move|p1a: Rocky|Earth Power|p2a: Heatran\n|-supereffective|p2a: Heatran\n|-damage|p2a: Heatran|2\/100\n|move|p2a: Heatran|Earth Power|p1a: Rocky\n|-supereffective|p1a: Rocky\n|-damage|p1a: Rocky|0 fnt\n|faint|p1a: Rocky\n|\n|-heal|p2a: Heatran|9\/100|[from] item: Leftovers\n|-fieldend|move: Electric Terrain\n|upkeep\n|\n|t:|1700050038\n|switch|p1a: Dia|Tapu Koko, shiny|100\/100\n|-fieldstart|move: Electric Terrain|[from] ability: Electric Surge|[of] p1a: Dia\n|turn|9\n|\n|t:|1700050047\n|move|p2a: Heatran|Protect|p2a: Heatran\n|-singleturn|p2a: Heatran|Protect\n|move|p1a: Dia|Thunderbolt|p2a: Heatran\n|-activate|p2a: Heatran|move: Protect\n|\n|-heal|p2a: Heatran|15\/100|[from] item: Leftovers\n|upkeep\n|turn|10\n|\n|t:|1700050059\n|move|p1a: Dia|Thunderbolt|p2a: Heatran\n|-damage|p2a: Heatran|0 fnt\n|faint|p2a: Heatran\n|\n|upkeep\n|\n|t:|1700050066\n|switch|p2a: Sinistcha|Sinistcha-Masterpiece|100\/100\n|-damage|p2a: Sinistcha|88\/100|[from] Stealth Rock\n|turn|11\n|\n|t:|1700050072\n|move|p1a: Dia|Taunt|p2a: Sinistcha\n|-start|p2a: Sinistcha|move: Taunt\n|cant|p2a: Sinistcha|move: Taunt|Calm Mind\n|\n|-heal|p2a: Sinistcha|94\/100|[from] item: Leftovers\n|upkeep\n|turn|12\n|j| BurritoSave\n|l| BurritoSave\n|j| BurritoSave\n|\n|t:|1700050092\n|move|p1a: Dia|Hidden Power|p2a: Sinistcha\n|-supereffective|p2a: Sinistcha\n|-damage|p2a: Sinistcha|55\/100\n|move|p2a: Sinistcha|Shadow Ball|p1a: Dia\n|-damage|p1a: Dia|54\/100\n|-unboost|p1a: Dia|spd|1\n|\n|-heal|p2a: Sinistcha|61\/100|[from] item: Leftovers\n|upkeep\n|turn|13\n|l| BurritoSave\n|\n|t:|1700050109\n|move|p1a: Dia|Hidden Power|p2a: Sinistcha\n|-supereffective|p2a: Sinistcha\n|-damage|p2a: Sinistcha|21\/100\n|move|p2a: Sinistcha|Matcha Gotcha|p1a: Dia\n|-damage|p1a: Dia|0 fnt\n|-heal|p2a: Sinistcha|43\/100|[from] drain|[of] p1a: Dia\n|faint|p1a: Dia\n|\n|-heal|p2a: Sinistcha|49\/100|[from] item: Leftovers\n|-end|p2a: Sinistcha|move: Taunt\n|upkeep\n|\n|t:|1700050119\n|switch|p1a: Zera\u00f2ra|Sneasler, F, shiny|100\/100\n|-enditem|p1a: Zera\u00f2ra|Electric Seed\n|-boost|p1a: Zera\u00f2ra|def|1|[from] item: Electric Seed\n|turn|14\n|\n|t:|1700050126\n|-terastallize|p2a: Sinistcha|Steel\n|move|p1a: Zera\u00f2ra|Swords Dance|p1a: Zera\u00f2ra\n|-boost|p1a: Zera\u00f2ra|atk|2\n|move|p2a: Sinistcha|Strength Sap|p1a: Zera\u00f2ra\n|-unboost|p1a: Zera\u00f2ra|atk|1\n|-heal|p2a: Sinistcha|100\/100\n|\n|upkeep\n|turn|15\n|\n|t:|1700050139\n|switch|p2a: Medicham|Medicham, M|100\/100\n|-damage|p2a: Medicham|94\/100|[from] Stealth Rock\n|move|p1a: Zera\u00f2ra|Close Combat|p2a: Medicham\n|-resisted|p2a: Medicham\n|-crit|p2a: Medicham\n|-damage|p2a: Medicham|0 fnt\n|-unboost|p1a: Zera\u00f2ra|def|1\n|-unboost|p1a: Zera\u00f2ra|spd|1\n|faint|p2a: Medicham\n|\n|upkeep\n|\n|t:|1700050151\n|switch|p2a: Zapdos|Zapdos-Galar|100\/100\n|-damage|p2a: Zapdos|88\/100|[from] Stealth Rock\n|turn|16\n|\n|t:|1700050159\n|-terastallize|p1a: Zera\u00f2ra|Flying\n|move|p1a: Zera\u00f2ra|Acrobatics|p2a: Zapdos\n|-supereffective|p2a: Zapdos\n|-damage|p2a: Zapdos|0 fnt\n|faint|p2a: Zapdos\n|\n|-fieldend|move: Electric Terrain\n|upkeep\n|\n|t:|1700050167\n|switch|p2a: Hoopa|Hoopa-Unbound|100\/100\n|-damage|p2a: Hoopa|88\/100|[from] Stealth Rock\n|turn|17\n|\n|t:|1700050172\n|move|p1a: Zera\u00f2ra|Acrobatics|p2a: Hoopa\n|-damage|p2a: Hoopa|0 fnt\n|faint|p2a: Hoopa\n|\n|upkeep\n|\n|t:|1700050176\n|switch|p2a: Sinistcha|Sinistcha-Masterpiece, tera:Steel|100\/100\n|-damage|p2a: Sinistcha|94\/100|[from] Stealth Rock\n|turn|18\n|\n|t:|1700050182\n|move|p1a: Zera\u00f2ra|Close Combat|p2a: Sinistcha\n|-supereffective|p2a: Sinistcha\n|-damage|p2a: Sinistcha|0 fnt\n|-unboost|p1a: Zera\u00f2ra|def|1\n|-unboost|p1a: Zera\u00f2ra|spd|1\n|faint|p2a: Sinistcha\n|\n|win|IplayforFuns\n|raw|IplayforFuns's rating: 1503 &rarr; <strong>1527<\/strong><br \/>(+24 for winning)\n|raw|BeyourTea's rating: 1574 &rarr; <strong>1550<\/strong><br \/>(-24 for losing)\n|l|\u2606BeyourTea\n","uploadtime":1700050187,"views":4,"p1id":"iplayforfuns","p2id":"beyourtea","formatid":"gen9nationaldex","rating":1527,"private":0,"password":""}