{"id":"gen9nationaldex-1987241801","p1":"kimi777","p2":"Robonion42","format":"[Gen 9] National Dex","log":"|j|\u2606kimi777\n|j|\u2606Robonion42\n|t:|1699568608\n|gametype|singles\n|player|p1|kimi777|giovanni|1345\n|player|p2|Robonion42|101|1262\n|teamsize|p1|6\n|teamsize|p2|6\n|gen|9\n|tier|[Gen 9] National Dex\n|rated|\n|rule|HP Percentage Mod: HP is shown in percentages\n|rule|Endless Battle Clause: Forcing endless battles is banned\n|rule|OHKO Clause: OHKO moves are banned\n|rule|Evasion Clause: Evasion abilities, items, and moves are banned\n|rule|Evasion Abilities Clause: Evasion abilities are banned\n|rule|Evasion Items Clause: Evasion items are banned\n|rule|Evasion Moves Clause: Evasion moves are banned\n|rule|Species Clause: Limit one of each Pok\u00e9mon\n|rule|Sleep Clause Mod: Limit one foe put to sleep\n|clearpoke\n|poke|p1|Medicham, M|\n|poke|p1|Bisharp, M|\n|poke|p1|Moltres|\n|poke|p1|Rillaboom, M|\n|poke|p1|Rotom-Wash|\n|poke|p1|Regidrago|\n|poke|p2|Iron Valiant|\n|poke|p2|Tapu Koko|\n|poke|p2|Banette, F|\n|poke|p2|Great Tusk|\n|poke|p2|Volcarona, M|\n|poke|p2|Gliscor, M|\n|teampreview\n|inactive|Battle timer is ON: inactive players will automatically lose when time's up. (requested by kimi777)\n|\n|t:|1699568614\n|start\n|switch|p1a: Medicham|Medicham, M, shiny|100\/100\n|switch|p2a: Gliscor lmao|Gliscor, M, shiny|100\/100\n|turn|1\n|\n|t:|1699568625\n|detailschange|p1a: Medicham|Medicham-Mega, M, shiny\n|-mega|p1a: Medicham|Medicham|Medichamite\n|move|p1a: Medicham|Fake Out|p2a: Gliscor lmao\n|-damage|p2a: Gliscor lmao|79\/100\n|cant|p2a: Gliscor lmao|flinch\n|\n|-status|p2a: Gliscor lmao|tox|[from] item: Toxic Orb\n|upkeep\n|turn|2\n|\n|t:|1699568633\n|move|p1a: Medicham|Zen Headbutt|p2a: Gliscor lmao|[miss]\n|-miss|p1a: Medicham|p2a: Gliscor lmao\n|move|p2a: Gliscor lmao|Dual Wingbeat|p1a: Medicham\n|-supereffective|p1a: Medicham\n|-damage|p1a: Medicham|51\/100\n|-supereffective|p1a: Medicham\n|-damage|p1a: Medicham|3\/100\n|-hitcount|p1a: Medicham|2\n|\n|-heal|p2a: Gliscor lmao|92\/100 tox|[from] ability: Poison Heal\n|upkeep\n|turn|3\n|\n|t:|1699568637\n|move|p1a: Medicham|Zen Headbutt|p2a: Gliscor lmao\n|-damage|p2a: Gliscor lmao|29\/100 tox\n|move|p2a: Gliscor lmao|Dual Wingbeat|p1a: Medicham\n|-supereffective|p1a: Medicham\n|-damage|p1a: Medicham|0 fnt\n|faint|p1a: Medicham\n|-hitcount|p1: Medicham|1\n|\n|-heal|p2a: Gliscor lmao|41\/100 tox|[from] ability: Poison Heal\n|upkeep\n|\n|t:|1699568644\n|switch|p1a: Moltres|Moltres, shiny|100\/100\n|turn|4\n|\n|t:|1699568650\n|move|p2a: Gliscor lmao|Stealth Rock|p1a: Moltres\n|-sidestart|p1: kimi777|move: Stealth Rock\n|move|p1a: Moltres|Flamethrower|p2a: Gliscor lmao\n|-damage|p2a: Gliscor lmao|0 fnt\n|faint|p2a: Gliscor lmao\n|\n|upkeep\n|\n|t:|1699568665\n|switch|p2a: The God|Tapu Koko|100\/100\n|-fieldstart|move: Electric Terrain|[from] ability: Electric Surge|[of] p2a: The God\n|turn|5\n|\n|t:|1699568674\n|switch|p1a: Rillaboom|Rillaboom, M, shiny|100\/100\n|-damage|p1a: Rillaboom|88\/100|[from] Stealth Rock\n|-fieldstart|move: Grassy Terrain|[from] ability: Grassy Surge|[of] p1a: Rillaboom\n|move|p2a: The God|Thunderbolt|p1a: Rillaboom\n|-resisted|p1a: Rillaboom\n|-damage|p1a: Rillaboom|62\/100\n|-status|p1a: Rillaboom|par\n|\n|-heal|p1a: Rillaboom|69\/100 par|[from] Grassy Terrain\n|upkeep\n|turn|6\n|\n|t:|1699568681\n|move|p2a: The God|U-turn|p1a: Rillaboom\n|-supereffective|p1a: Rillaboom\n|-damage|p1a: Rillaboom|30\/100 par\n|\n|t:|1699568688\n|switch|p2a: The Destroyer|Great Tusk|100\/100|[from] U-turn\n|cant|p1a: Rillaboom|par\n|\n|-heal|p1a: Rillaboom|37\/100 par|[from] Grassy Terrain\n|upkeep\n|turn|7\n|\n|t:|1699568693\n|move|p1a: Rillaboom|Grassy Glide|p2a: The Destroyer\n|-supereffective|p2a: The Destroyer\n|-damage|p2a: The Destroyer|13\/100\n|move|p2a: The Destroyer|Ice Spinner|p1a: Rillaboom\n|-supereffective|p1a: Rillaboom\n|-damage|p1a: Rillaboom|0 fnt\n|-fieldend|move: Grassy Terrain\n|faint|p1a: Rillaboom\n|\n|upkeep\n|\n|t:|1699568699\n|switch|p1a: Moltres|Moltres, shiny|100\/100\n|turn|8\n|\n|t:|1699568708\n|-end|p2a: The Destroyer|Protosynthesis|[silent]\n|switch|p2a: The God|Tapu Koko|100\/100\n|-fieldstart|move: Electric Terrain|[from] ability: Electric Surge|[of] p2a: The God\n|move|p1a: Moltres|Defog|p2a: The God\n|-unboost|p2a: The God|evasion|1\n|-sideend|p1: kimi777|Stealth Rock|[from] move: Defog|[of] p1a: Moltres\n|-fieldend|move: Electric Terrain\n|\n|upkeep\n|turn|9\n|\n|t:|1699568712\n|move|p2a: The God|Thunderbolt|p1a: Moltres\n|-supereffective|p1a: Moltres\n|-damage|p1a: Moltres|29\/100\n|move|p1a: Moltres|U-turn|p2a: The God\n|-resisted|p2a: The God\n|-damage|p2a: The God|91\/100\n|\n|t:|1699568716\n|switch|p1a: Bisharp|Bisharp, M|100\/100|[from] U-turn\n|\n|upkeep\n|turn|10\n|\n|t:|1699568726\n|switch|p2a: The Destroyer|Great Tusk|13\/100\n|move|p1a: Bisharp|Swords Dance|p1a: Bisharp\n|-boost|p1a: Bisharp|atk|2\n|\n|upkeep\n|turn|11\n|\n|t:|1699568732\n|move|p1a: Bisharp|Sucker Punch|p2a: The Destroyer\n|-resisted|p2a: The Destroyer\n|-damage|p2a: The Destroyer|0 fnt\n|faint|p2a: The Destroyer\n|-end|p2a: The Destroyer|Protosynthesis|[silent]\n|\n|upkeep\n|\n|t:|1699568740\n|switch|p2a: The Reaper|Iron Valiant|100\/100\n|-enditem|p2a: The Reaper|Booster Energy\n|-activate|p2a: The Reaper|ability: Quark Drive|[fromitem]\n|-start|p2a: The Reaper|quarkdrivespe\n|turn|12\n|\n|t:|1699568744\n|-terastallize|p1a: Bisharp|Fairy\n|move|p2a: The Reaper|Focus Blast|p1a: Bisharp\n|-resisted|p1a: Bisharp\n|-damage|p1a: Bisharp|74\/100\n|move|p1a: Bisharp|Iron Head|p2a: The Reaper\n|-supereffective|p2a: The Reaper\n|-damage|p2a: The Reaper|0 fnt\n|faint|p2a: The Reaper\n|-end|p2a: The Reaper|Quark Drive|[silent]\n|\n|upkeep\n|\n|t:|1699568752\n|switch|p2a: The Executioner|Banette, F|100\/100\n|turn|13\n|\n|t:|1699568759\n|detailschange|p2a: The Executioner|Banette-Mega, F\n|-mega|p2a: The Executioner|Banette|Banettite\n|move|p2a: The Executioner|Destiny Bond|p2a: The Executioner\n|-singlemove|p2a: The Executioner|Destiny Bond\n|move|p1a: Bisharp|Knock Off|p2a: The Executioner\n|-supereffective|p2a: The Executioner\n|-crit|p2a: The Executioner\n|-damage|p2a: The Executioner|0 fnt\n|faint|p2a: The Executioner\n|-activate|p2a: The Executioner|move: Destiny Bond\n|faint|p1a: Bisharp\n|\n|upkeep\n|\n|t:|1699568769\n|switch|p2a: The Pestilence|Volcarona, M|100\/100\n|switch|p1a: Rotom|Rotom-Wash, shiny|100\/100\n|turn|14\n|\n|t:|1699568779\n|-terastallize|p2a: The Pestilence|Grass\n|move|p1a: Rotom|Trick|p2a: The Pestilence\n|-activate|p1a: Rotom|move: Trick|[of] p2a: The Pestilence\n|-item|p2a: The Pestilence|Choice Scarf|[from] move: Trick\n|-item|p1a: Rotom|Heavy-Duty Boots|[from] move: Trick\n|move|p2a: The Pestilence|Quiver Dance|p2a: The Pestilence\n|-boost|p2a: The Pestilence|spa|1\n|-boost|p2a: The Pestilence|spd|1\n|-boost|p2a: The Pestilence|spe|1\n|\n|upkeep\n|turn|15\n|\n|t:|1699568787\n|switch|p2a: The God|Tapu Koko|91\/100\n|-fieldstart|move: Electric Terrain|[from] ability: Electric Surge|[of] p2a: The God\n|move|p1a: Rotom|Will-O-Wisp|p2a: The God|[miss]\n|-miss|p1a: Rotom|p2a: The God\n|\n|upkeep\n|turn|16\n|\n|t:|1699568793\n|move|p2a: The God|Thunderbolt|p1a: Rotom\n|-damage|p1a: Rotom|37\/100\n|move|p1a: Rotom|Volt Switch|p2a: The God\n|-resisted|p2a: The God\n|-damage|p2a: The God|67\/100\n|\n|t:|1699568796\n|switch|p1a: Regidrago|Regidrago, shiny|100\/100|[from] Volt Switch\n|\n|upkeep\n|turn|17\n|\n|t:|1699568800\n|move|p1a: Regidrago|Earth Power|p2a: The God\n|-supereffective|p2a: The God\n|-damage|p2a: The God|0 fnt\n|faint|p2a: The God\n|\n|upkeep\n|\n|t:|1699568802\n|switch|p2a: The Pestilence|Volcarona, M, tera:Grass|100\/100\n|turn|18\n|\n|t:|1699568809\n|switch|p1a: Rotom|Rotom-Wash, shiny|37\/100\n|move|p2a: The Pestilence|Fiery Dance|p1a: Rotom\n|-resisted|p1a: Rotom\n|-damage|p1a: Rotom|8\/100\n|\n|upkeep\n|turn|19\n|\n|t:|1699568812\n|move|p2a: The Pestilence|Fiery Dance|p1a: Rotom\n|-resisted|p1a: Rotom\n|-damage|p1a: Rotom|0 fnt\n|-boost|p2a: The Pestilence|spa|1\n|faint|p1a: Rotom\n|\n|-fieldend|move: Electric Terrain\n|upkeep\n|\n|t:|1699568815\n|switch|p1a: Regidrago|Regidrago, shiny|100\/100\n|turn|20\n|\n|t:|1699568817\n|move|p2a: The Pestilence|Fiery Dance|p1a: Regidrago\n|-resisted|p1a: Regidrago\n|-damage|p1a: Regidrago|61\/100\n|-boost|p2a: The Pestilence|spa|1\n|move|p1a: Regidrago|Dragon Energy|p2a: The Pestilence\n|-damage|p2a: The Pestilence|40\/100\n|\n|upkeep\n|turn|21\n|\n|t:|1699568819\n|switch|p1a: Moltres|Moltres, shiny|29\/100\n|move|p2a: The Pestilence|Fiery Dance|p1a: Moltres\n|-resisted|p1a: Moltres\n|-damage|p1a: Moltres|0 fnt\n|-boost|p2a: The Pestilence|spa|1\n|faint|p1a: Moltres\n|\n|upkeep\n|\n|t:|1699568821\n|switch|p1a: Regidrago|Regidrago, shiny|61\/100\n|turn|22\n|c|\u2606Robonion42|crit please\n|\n|t:|1699568838\n|move|p2a: The Pestilence|Fiery Dance|p1a: Regidrago\n|-resisted|p1a: Regidrago\n|-damage|p1a: Regidrago|0 fnt\n|-boost|p2a: The Pestilence|spa|1\n|faint|p1a: Regidrago\n|\n|win|Robonion42\n|raw|kimi777's rating: 1345 &rarr; <strong>1320<\/strong><br \/>(-25 for losing)\n|raw|Robonion42's rating: 1262 &rarr; <strong>1293<\/strong><br \/>(+31 for winning)\n|l|\u2606kimi777\n|c|\u2606Robonion42|Oh wait SpA raise\n","uploadtime":1699568894,"views":5,"p1id":"kimi777","p2id":"robonion42","formatid":"gen9nationaldex","rating":1293,"private":0,"password":""}