{"id":"gen9nationaldex-1997956646","p1":"RobPicoduro","p2":"Onlymanever","format":"[Gen 9] National Dex","log":"|html|<div class=\"broadcast-blue\"><strong>[Gen 9] National Dex is currently suspecting Sneasler! For information on how to participate check out the <a href=\"https:\/\/www.smogon.com\/forums\/threads\/sv-national-dex-suspect-8-just-dance.3731534\/\">suspect thread<\/a>.<\/strong><\/div>\n|j|\u2606RobPicoduro\n|j|\u203dOnlymanever\n|t:|1700871968\n|gametype|singles\n|player|p1|RobPicoduro|266|1106\n|player|p2|Onlymanever|lyra|1100\n|teamsize|p1|6\n|teamsize|p2|6\n|gen|9\n|tier|[Gen 9] National Dex\n|rated|\n|rule|HP Percentage Mod: HP is shown in percentages\n|rule|Endless Battle Clause: Forcing endless battles is banned\n|rule|OHKO Clause: OHKO moves are banned\n|rule|Evasion Clause: Evasion abilities, items, and moves are banned\n|rule|Evasion Abilities Clause: Evasion abilities are banned\n|rule|Evasion Items Clause: Evasion items are banned\n|rule|Evasion Moves Clause: Evasion moves are banned\n|rule|Species Clause: Limit one of each Pok\u00e9mon\n|rule|Sleep Clause Mod: Limit one foe put to sleep\n|clearpoke\n|poke|p1|Charizard, M|\n|poke|p1|Tyranitar, F|\n|poke|p1|Grimmsnarl, M|\n|poke|p1|Toxapex, M|\n|poke|p1|Great Tusk|\n|poke|p1|Corviknight, F|\n|poke|p2|Chesnaught, M|\n|poke|p2|Vivillon, F|\n|poke|p2|Pyroar, F|\n|poke|p2|Clawitzer, M|\n|poke|p2|Aegislash, F|\n|poke|p2|Tyrantrum, M|\n|teampreview\n|\n|t:|1700871978\n|start\n|switch|p1a: Tyranitar|Tyranitar, F|100\/100\n|switch|p2a: Vivillon|Vivillon, F|100\/100\n|-weather|Sandstorm|[from] ability: Sand Stream|[of] p1a: Tyranitar\n|turn|1\n|\n|t:|1700871987\n|switch|p2a: Chesnaught|Chesnaught, M|100\/100\n|move|p1a: Tyranitar|Ice Punch|p2a: Chesnaught\n|-supereffective|p2a: Chesnaught\n|-damage|p2a: Chesnaught|51\/100\n|\n|-weather|Sandstorm|[upkeep]\n|-damage|p2a: Chesnaught|45\/100|[from] Sandstorm\n|-heal|p2a: Chesnaught|51\/100|[from] item: Leftovers\n|upkeep\n|turn|2\n|\n|t:|1700871997\n|move|p2a: Chesnaught|Close Combat|p1a: Tyranitar\n|-supereffective|p1a: Tyranitar\n|-damage|p1a: Tyranitar|0 fnt\n|-unboost|p2a: Chesnaught|def|1\n|-unboost|p2a: Chesnaught|spd|1\n|faint|p1a: Tyranitar\n|\n|-weather|Sandstorm|[upkeep]\n|-damage|p2a: Chesnaught|45\/100|[from] Sandstorm\n|-heal|p2a: Chesnaught|51\/100|[from] item: Leftovers\n|upkeep\n|inactive|Battle timer is ON: inactive players will automatically lose when time's up. (requested by Onlymanever)\n|\n|t:|1700872006\n|switch|p1a: Charizard|Charizard, M, shiny|100\/100\n|turn|3\n|\n|t:|1700872013\n|switch|p2a: Clawitzer|Clawitzer, M|100\/100\n|detailschange|p1a: Charizard|Charizard-Mega-Y, M, shiny\n|-mega|p1a: Charizard|Charizard|Charizardite Y\n|-weather|SunnyDay|[from] ability: Drought|[of] p1a: Charizard\n|move|p1a: Charizard|Weather Ball|p2a: Clawitzer\n|-resisted|p2a: Clawitzer\n|-damage|p2a: Clawitzer|55\/100\n|\n|-weather|SunnyDay|[upkeep]\n|-heal|p2a: Clawitzer|61\/100|[from] item: Leftovers\n|upkeep\n|turn|4\n|\n|t:|1700872027\n|-terastallize|p2a: Clawitzer|Ice\n|move|p1a: Charizard|Solar Beam||[still]\n|-prepare|p1a: Charizard|Solar Beam\n|-anim|p1a: Charizard|Solar Beam|p2a: Clawitzer\n|-damage|p2a: Clawitzer|10\/100\n|move|p2a: Clawitzer|Water Pulse|p1a: Charizard\n|-supereffective|p1a: Charizard\n|-damage|p1a: Charizard|54\/100\n|\n|-weather|SunnyDay|[upkeep]\n|-heal|p2a: Clawitzer|16\/100|[from] item: Leftovers\n|upkeep\n|turn|5\n|\n|t:|1700872038\n|move|p1a: Charizard|Weather Ball|p2a: Clawitzer\n|-supereffective|p2a: Clawitzer\n|-damage|p2a: Clawitzer|0 fnt\n|faint|p2a: Clawitzer\n|\n|-weather|SunnyDay|[upkeep]\n|upkeep\n|\n|t:|1700872045\n|switch|p2a: Tyrantrum|Tyrantrum, M|100\/100\n|turn|6\n|\n|t:|1700872049\n|move|p1a: Charizard|Solar Beam||[still]\n|-prepare|p1a: Charizard|Solar Beam\n|-anim|p1a: Charizard|Solar Beam|p2a: Tyrantrum\n|-damage|p2a: Tyrantrum|18\/100\n|move|p2a: Tyrantrum|Dragon Dance|p2a: Tyrantrum\n|-boost|p2a: Tyrantrum|atk|1\n|-boost|p2a: Tyrantrum|spe|1\n|\n|-weather|SunnyDay|[upkeep]\n|-heal|p2a: Tyrantrum|24\/100|[from] item: Leftovers\n|upkeep\n|turn|7\n|\n|t:|1700872060\n|move|p2a: Tyrantrum|Head Smash|p1a: Charizard\n|-supereffective|p1a: Charizard\n|-damage|p1a: Charizard|0 fnt\n|faint|p1a: Charizard\n|\n|-weather|none\n|-heal|p2a: Tyrantrum|31\/100|[from] item: Leftovers\n|upkeep\n|\n|t:|1700872066\n|switch|p1a: Toxapex|Toxapex, M, shiny|100\/100\n|turn|8\n|\n|t:|1700872072\n|move|p1a: Toxapex|Baneful Bunker|p1a: Toxapex\n|-singleturn|p1a: Toxapex|move: Protect\n|move|p2a: Tyrantrum|Dragon Dance|p2a: Tyrantrum\n|-boost|p2a: Tyrantrum|atk|1\n|-boost|p2a: Tyrantrum|spe|1\n|\n|-heal|p2a: Tyrantrum|37\/100|[from] item: Leftovers\n|upkeep\n|turn|9\n|\n|t:|1700872081\n|move|p2a: Tyrantrum|Head Smash|p1a: Toxapex\n|-damage|p1a: Toxapex|0 fnt\n|faint|p1a: Toxapex\n|\n|-heal|p2a: Tyrantrum|43\/100|[from] item: Leftovers\n|upkeep\n|-message|RobPicoduro forfeited.\n|\n|win|Onlymanever\n|raw|RobPicoduro's rating: 1106 &rarr; <strong>1081<\/strong><br \/>(-25 for losing)\n|raw|Onlymanever's rating: 1100 &rarr; <strong>1125<\/strong><br \/>(+25 for winning)\n|l|\u2606RobPicoduro\n","uploadtime":1700872092,"views":1,"p1id":"robpicoduro","p2id":"onlymanever","formatid":"gen9nationaldex","rating":1081,"private":0,"password":""}