{"id":"gen9nationaldex-1993904778","p1":"RoboDriveisthebest","p2":"xieeee7","format":"[Gen 9] National Dex","log":"|j|\u2606RoboDriveisthebest\n|j|\u2606xieeee7\n|inactive|Battle timer is ON: inactive players will automatically lose when time's up.\n|t:|1700373013\n|gametype|singles\n|player|p1|RoboDriveisthebest|cilan|\n|player|p2|xieeee7|cyrus-masters|\n|teamsize|p1|6\n|teamsize|p2|6\n|gen|9\n|tier|[Gen 9] National Dex\n|rated|Tournament battle\n|rule|HP Percentage Mod: HP is shown in percentages\n|rule|Endless Battle Clause: Forcing endless battles is banned\n|rule|OHKO Clause: OHKO moves are banned\n|rule|Evasion Clause: Evasion abilities, items, and moves are banned\n|rule|Evasion Abilities Clause: Evasion abilities are banned\n|rule|Evasion Items Clause: Evasion items are banned\n|rule|Evasion Moves Clause: Evasion moves are banned\n|rule|Species Clause: Limit one of each Pok\u00e9mon\n|rule|Sleep Clause Mod: Limit one foe put to sleep\n|clearpoke\n|poke|p1|Banette, F|\n|poke|p1|Ogerpon-Wellspring, F|\n|poke|p1|Heatran, F|\n|poke|p1|Kommo-o, M|\n|poke|p1|Gliscor, F|\n|poke|p1|Weavile, F|\n|poke|p2|Zapdos|\n|poke|p2|Glimmora, M|\n|poke|p2|Toxapex, F|\n|poke|p2|Scizor, F|\n|poke|p2|Dondozo, F|\n|poke|p2|Garchomp, F|\n|teampreview\n|\n|t:|1700373038\n|start\n|switch|p1a: Gliscor|Gliscor, F|100\/100\n|switch|p2a: \u4e09\u56de\u5408\u7ed9\u4f60\u6492\u6ee1\u5965|Glimmora, M|100\/100\n|turn|1\n|\n|t:|1700373051\n|switch|p2a: \u6247\u8d1d|Scizor, F|100\/100\n|move|p1a: Gliscor|Earthquake|p2a: \u6247\u8d1d\n|-damage|p2a: \u6247\u8d1d|65\/100\n|\n|-status|p1a: Gliscor|tox|[from] item: Toxic Orb\n|upkeep\n|turn|2\n|\n|t:|1700373060\n|switch|p1a: Banette|Banette, F|100\/100\n|-item|p2a: \u6247\u8d1d|Scizorite|[from] ability: Frisk|[of] p1a: Banette|[identify]\n|detailschange|p2a: \u6247\u8d1d|Scizor-Mega, F\n|-mega|p2a: \u6247\u8d1d|Scizor|Scizorite\n|move|p2a: \u6247\u8d1d|Roost|p2a: \u6247\u8d1d\n|-heal|p2a: \u6247\u8d1d|100\/100\n|-singleturn|p2a: \u6247\u8d1d|move: Roost\n|\n|upkeep\n|turn|3\n|\n|t:|1700373071\n|switch|p1a: Heatran|Heatran, F|100\/100\n|move|p2a: \u6247\u8d1d|U-turn|p1a: Heatran\n|-resisted|p1a: Heatran\n|-damage|p1a: Heatran|93\/100\n|\n|t:|1700373076\n|switch|p2a: \u4e0d\u4f1a\u9f99\u821e\u53ea\u80fd\u5f53\u624b\u81c2\u62b1\u6b49\u5566|Garchomp, F|100\/100|[from] U-turn\n|\n|-heal|p1a: Heatran|99\/100|[from] item: Leftovers\n|upkeep\n|turn|4\n|\n|t:|1700373082\n|switch|p2a: \u9ebb\u75f9\u9ebb\u75f9\u9ebb\u75f9|Zapdos|100\/100\n|-terastallize|p1a: Heatran|Grass\n|move|p1a: Heatran|Magma Storm|p2a: \u9ebb\u75f9\u9ebb\u75f9\u9ebb\u75f9|[miss]\n|-miss|p1a: Heatran|p2a: \u9ebb\u75f9\u9ebb\u75f9\u9ebb\u75f9\n|\n|-heal|p1a: Heatran|100\/100|[from] item: Leftovers\n|upkeep\n|turn|5\n|\n|t:|1700373090\n|switch|p1a: Gliscor|Gliscor, F|100\/100 tox\n|move|p2a: \u9ebb\u75f9\u9ebb\u75f9\u9ebb\u75f9|Hurricane|p1a: Gliscor\n|-damage|p1a: Gliscor|36\/100 tox\n|\n|-heal|p1a: Gliscor|49\/100 tox|[from] ability: Poison Heal\n|upkeep\n|turn|6\n|\n|t:|1700373098\n|switch|p1a: Weavile|Weavile, F|100\/100\n|-ability|p1a: Weavile|Pressure\n|move|p2a: \u9ebb\u75f9\u9ebb\u75f9\u9ebb\u75f9|Hurricane|p1a: Weavile\n|-damage|p1a: Weavile|0 fnt\n|faint|p1a: Weavile\n|\n|upkeep\n|\n|t:|1700373111\n|switch|p1a: Banette|Banette, F|100\/100\n|-item|p2a: \u9ebb\u75f9\u9ebb\u75f9\u9ebb\u75f9|Choice Specs|[from] ability: Frisk|[of] p1a: Banette|[identify]\n|turn|7\n|\n|t:|1700373121\n|switch|p2a: \u4e0d\u4f1a\u9f99\u821e\u53ea\u80fd\u5f53\u624b\u81c2\u62b1\u6b49\u5566|Garchomp, F|100\/100\n|detailschange|p1a: Banette|Banette-Mega, F\n|-mega|p1a: Banette|Banette|Banettite\n|move|p1a: Banette|Poltergeist|p2a: \u4e0d\u4f1a\u9f99\u821e\u53ea\u80fd\u5f53\u624b\u81c2\u62b1\u6b49\u5566\n|-activate|p2a: \u4e0d\u4f1a\u9f99\u821e\u53ea\u80fd\u5f53\u624b\u81c2\u62b1\u6b49\u5566|move: Poltergeist|Choice Scarf\n|-damage|p2a: \u4e0d\u4f1a\u9f99\u821e\u53ea\u80fd\u5f53\u624b\u81c2\u62b1\u6b49\u5566|30\/100\n|\n|upkeep\n|turn|8\n|\n|t:|1700373140\n|switch|p1a: Gliscor|Gliscor, F|49\/100 tox\n|move|p2a: \u4e0d\u4f1a\u9f99\u821e\u53ea\u80fd\u5f53\u624b\u81c2\u62b1\u6b49\u5566|Toxic|p1a: Gliscor\n|-fail|p1a: Gliscor|tox\n|\n|-heal|p1a: Gliscor|61\/100 tox|[from] ability: Poison Heal\n|upkeep\n|turn|9\n|\n|t:|1700373148\n|switch|p2a: \u6247\u8d1d|Scizor-Mega, F|100\/100\n|move|p1a: Gliscor|Toxic|p2a: \u6247\u8d1d|[miss]\n|-miss|p1a: Gliscor|p2a: \u6247\u8d1d\n|\n|-heal|p1a: Gliscor|74\/100 tox|[from] ability: Poison Heal\n|upkeep\n|turn|10\n|\n|t:|1700373151\n|switch|p1a: Heatran|Heatran, F, tera:Grass|100\/100\n|move|p2a: \u6247\u8d1d|U-turn|p1a: Heatran\n|-supereffective|p1a: Heatran\n|-damage|p1a: Heatran|37\/100\n|\n|t:|1700373156\n|switch|p2a: \u9ebb\u75f9\u9ebb\u75f9\u9ebb\u75f9|Zapdos|100\/100|[from] U-turn\n|\n|-heal|p1a: Heatran|43\/100|[from] item: Leftovers\n|upkeep\n|turn|11\n|\n|t:|1700373164\n|move|p2a: \u9ebb\u75f9\u9ebb\u75f9\u9ebb\u75f9|Hurricane|p1a: Heatran|[miss]\n|-miss|p2a: \u9ebb\u75f9\u9ebb\u75f9\u9ebb\u75f9|p1a: Heatran\n|move|p1a: Heatran|Stealth Rock|p2a: \u9ebb\u75f9\u9ebb\u75f9\u9ebb\u75f9\n|-sidestart|p2: xieeee7|move: Stealth Rock\n|\n|-heal|p1a: Heatran|49\/100|[from] item: Leftovers\n|upkeep\n|turn|12\n|\n|t:|1700373175\n|switch|p1a: Ogerpon|Ogerpon-Wellspring, F|100\/100\n|move|p2a: \u9ebb\u75f9\u9ebb\u75f9\u9ebb\u75f9|Hurricane|p1a: Ogerpon|[miss]\n|-miss|p2a: \u9ebb\u75f9\u9ebb\u75f9\u9ebb\u75f9|p1a: Ogerpon\n|\n|upkeep\n|turn|13\n|\n|t:|1700373190\n|move|p1a: Ogerpon|Ivy Cudgel|p2a: \u9ebb\u75f9\u9ebb\u75f9\u9ebb\u75f9|[anim] Ivy Cudgel Water\n|-damage|p2a: \u9ebb\u75f9\u9ebb\u75f9\u9ebb\u75f9|35\/100\n|move|p2a: \u9ebb\u75f9\u9ebb\u75f9\u9ebb\u75f9|Hurricane|p1a: Ogerpon|[miss]\n|-miss|p2a: \u9ebb\u75f9\u9ebb\u75f9\u9ebb\u75f9|p1a: Ogerpon\n|\n|upkeep\n|turn|14\n|\n|t:|1700373196\n|switch|p2a: \u4e0d\u8981\u62cd\u843d\u6c42\u6c42\u5566|Toxapex, F|100\/100\n|-damage|p2a: \u4e0d\u8981\u62cd\u843d\u6c42\u6c42\u5566|88\/100|[from] Stealth Rock\n|move|p1a: Ogerpon|Ivy Cudgel|p2a: \u4e0d\u8981\u62cd\u843d\u6c42\u6c42\u5566|[anim] Ivy Cudgel Water\n|-resisted|p2a: \u4e0d\u8981\u62cd\u843d\u6c42\u6c42\u5566\n|-damage|p2a: \u4e0d\u8981\u62cd\u843d\u6c42\u6c42\u5566|67\/100\n|\n|upkeep\n|turn|15\n|\n|t:|1700373206\n|move|p1a: Ogerpon|Swords Dance|p1a: Ogerpon\n|-boost|p1a: Ogerpon|atk|2\n|move|p2a: \u4e0d\u8981\u62cd\u843d\u6c42\u6c42\u5566|Gunk Shot|p1a: Ogerpon\n|-supereffective|p1a: Ogerpon\n|-damage|p1a: Ogerpon|0 fnt\n|faint|p1a: Ogerpon\n|\n|upkeep\n|\n|t:|1700373214\n|switch|p1a: Heatran|Heatran, F, tera:Grass|49\/100\n|turn|16\n|\n|t:|1700373217\n|move|p1a: Heatran|Magma Storm|p2a: \u4e0d\u8981\u62cd\u843d\u6c42\u6c42\u5566|[miss]\n|-miss|p1a: Heatran|p2a: \u4e0d\u8981\u62cd\u843d\u6c42\u6c42\u5566\n|move|p2a: \u4e0d\u8981\u62cd\u843d\u6c42\u6c42\u5566|Gunk Shot|p1a: Heatran\n|-supereffective|p1a: Heatran\n|-damage|p1a: Heatran|0 fnt\n|faint|p1a: Heatran\n|\n|upkeep\n|\n|t:|1700373226\n|switch|p1a: Kommo-o|Kommo-o, M|100\/100\n|turn|17\n|\n|t:|1700373232\n|switch|p2a: \u4e0d\u4f1a\u9f99\u821e\u53ea\u80fd\u5f53\u624b\u81c2\u62b1\u6b49\u5566|Garchomp, F|30\/100\n|-damage|p2a: \u4e0d\u4f1a\u9f99\u821e\u53ea\u80fd\u5f53\u624b\u81c2\u62b1\u6b49\u5566|24\/100|[from] Stealth Rock\n|move|p1a: Kommo-o|Clanging Scales|p2a: \u4e0d\u4f1a\u9f99\u821e\u53ea\u80fd\u5f53\u624b\u81c2\u62b1\u6b49\u5566\n|-supereffective|p2a: \u4e0d\u4f1a\u9f99\u821e\u53ea\u80fd\u5f53\u624b\u81c2\u62b1\u6b49\u5566\n|-damage|p2a: \u4e0d\u4f1a\u9f99\u821e\u53ea\u80fd\u5f53\u624b\u81c2\u62b1\u6b49\u5566|0 fnt\n|faint|p2a: \u4e0d\u4f1a\u9f99\u821e\u53ea\u80fd\u5f53\u624b\u81c2\u62b1\u6b49\u5566\n|-unboost|p1a: Kommo-o|def|1\n|-enditem|p1a: Kommo-o|Throat Spray\n|-boost|p1a: Kommo-o|spa|1|[from] item: Throat Spray\n|\n|upkeep\n|\n|t:|1700373237\n|switch|p2a: \u4e09\u56de\u5408\u7ed9\u4f60\u6492\u6ee1\u5965|Glimmora, M|100\/100\n|-damage|p2a: \u4e09\u56de\u5408\u7ed9\u4f60\u6492\u6ee1\u5965|88\/100|[from] Stealth Rock\n|turn|18\n|\n|t:|1700373241\n|move|p2a: \u4e09\u56de\u5408\u7ed9\u4f60\u6492\u6ee1\u5965|Dazzling Gleam|p1a: Kommo-o\n|-supereffective|p1a: Kommo-o\n|-damage|p1a: Kommo-o|0 fnt\n|faint|p1a: Kommo-o\n|\n|upkeep\n|\n|t:|1700373244\n|switch|p1a: Banette|Banette-Mega, F|100\/100\n|turn|19\n|\n|t:|1700373247\n|move|p1a: Banette|Swords Dance|p1a: Banette\n|-boost|p1a: Banette|atk|2\n|move|p2a: \u4e09\u56de\u5408\u7ed9\u4f60\u6492\u6ee1\u5965|Dazzling Gleam|p1a: Banette\n|-damage|p1a: Banette|67\/100\n|\n|upkeep\n|turn|20\n|\n|t:|1700373253\n|move|p1a: Banette|Shadow Sneak|p2a: \u4e09\u56de\u5408\u7ed9\u4f60\u6492\u6ee1\u5965\n|-damage|p2a: \u4e09\u56de\u5408\u7ed9\u4f60\u6492\u6ee1\u5965|25\/100\n|-activate|p2a: \u4e09\u56de\u5408\u7ed9\u4f60\u6492\u6ee1\u5965|ability: Toxic Debris\n|-sidestart|p1: RoboDriveisthebest|move: Toxic Spikes\n|move|p2a: \u4e09\u56de\u5408\u7ed9\u4f60\u6492\u6ee1\u5965|Dazzling Gleam|p1a: Banette\n|-crit|p1a: Banette\n|-damage|p1a: Banette|14\/100\n|\n|upkeep\n|turn|21\n|\n|t:|1700373259\n|move|p1a: Banette|Shadow Sneak|p2a: \u4e09\u56de\u5408\u7ed9\u4f60\u6492\u6ee1\u5965\n|-damage|p2a: \u4e09\u56de\u5408\u7ed9\u4f60\u6492\u6ee1\u5965|0 fnt\n|-activate|p2a: \u4e09\u56de\u5408\u7ed9\u4f60\u6492\u6ee1\u5965|ability: Toxic Debris\n|-sidestart|p1: RoboDriveisthebest|move: Toxic Spikes\n|faint|p2a: \u4e09\u56de\u5408\u7ed9\u4f60\u6492\u6ee1\u5965\n|\n|upkeep\n|\n|t:|1700373270\n|switch|p2a: \u6247\u8d1d|Scizor-Mega, F|100\/100\n|-damage|p2a: \u6247\u8d1d|88\/100|[from] Stealth Rock\n|turn|22\n|\n|t:|1700373274\n|move|p2a: \u6247\u8d1d|Bullet Punch|p1a: Banette\n|-damage|p1a: Banette|0 fnt\n|faint|p1a: Banette\n|\n|upkeep\n|\n|t:|1700373277\n|switch|p1a: Gliscor|Gliscor, F|74\/100 tox\n|turn|23\n|\n|t:|1700373279\n|move|p1a: Gliscor|Earthquake|p2a: \u6247\u8d1d\n|-damage|p2a: \u6247\u8d1d|62\/100\n|move|p2a: \u6247\u8d1d|U-turn|p1a: Gliscor\n|-resisted|p1a: Gliscor\n|-damage|p1a: Gliscor|60\/100 tox\n|\n|t:|1700373281\n|switch|p2a: \u4e0d\u8981\u62cd\u843d\u6c42\u6c42\u5566|Toxapex, F|99\/100|[from] U-turn\n|-damage|p2a: \u4e0d\u8981\u62cd\u843d\u6c42\u6c42\u5566|88\/100|[from] Stealth Rock\n|\n|-heal|p1a: Gliscor|73\/100 tox|[from] ability: Poison Heal\n|upkeep\n|turn|24\n|\n|t:|1700373284\n|move|p1a: Gliscor|Earthquake|p2a: \u4e0d\u8981\u62cd\u843d\u6c42\u6c42\u5566\n|-supereffective|p2a: \u4e0d\u8981\u62cd\u843d\u6c42\u6c42\u5566\n|-damage|p2a: \u4e0d\u8981\u62cd\u843d\u6c42\u6c42\u5566|35\/100\n|move|p2a: \u4e0d\u8981\u62cd\u843d\u6c42\u6c42\u5566|Ice Spinner|p1a: Gliscor\n|-supereffective|p1a: Gliscor\n|-damage|p1a: Gliscor|0 fnt\n|faint|p1a: Gliscor\n|\n|win|xieeee7\n|n|\u2606RoboDriveisthebest|robodriveisthebest\n|n|\u2606xieeee7|xieeee7\n|l|\u2606RoboDriveisthebest\n","uploadtime":1700373290,"views":7,"p1id":"robodriveisthebest","p2id":"xieeee7","formatid":"gen9nationaldex","rating":0,"private":0,"password":""}