{"id":"gen9nationaldex-1997140027","p1":"albanian man","p2":"eileenr","format":"[Gen 9] National Dex","log":"|html|<div class=\"broadcast-blue\"><strong>[Gen 9] National Dex is currently suspecting Sneasler! For information on how to participate check out the <a href=\"https:\/\/www.smogon.com\/forums\/threads\/sv-national-dex-suspect-8-just-dance.3731534\/\">suspect thread<\/a>.<\/strong><\/div>\n|j|\u2606albanian man\n|j|\u2606eileenr\n|t:|1700768541\n|gametype|singles\n|player|p1|albanian man|crasherwake|1139\n|player|p2|eileenr|maid|1148\n|teamsize|p1|6\n|teamsize|p2|6\n|gen|9\n|tier|[Gen 9] National Dex\n|rated|\n|rule|HP Percentage Mod: HP is shown in percentages\n|rule|Endless Battle Clause: Forcing endless battles is banned\n|rule|OHKO Clause: OHKO moves are banned\n|rule|Evasion Clause: Evasion abilities, items, and moves are banned\n|rule|Evasion Abilities Clause: Evasion abilities are banned\n|rule|Evasion Items Clause: Evasion items are banned\n|rule|Evasion Moves Clause: Evasion moves are banned\n|rule|Species Clause: Limit one of each Pok\u00e9mon\n|rule|Sleep Clause Mod: Limit one foe put to sleep\n|clearpoke\n|poke|p1|Empoleon, M|\n|poke|p1|Ninetales-Alola, F|\n|poke|p1|Blastoise, M|\n|poke|p1|Articuno-Galar|\n|poke|p1|Avalugg, M|\n|poke|p1|Wo-Chien|\n|poke|p2|Tsareena, F|\n|poke|p2|Eelektross, F|\n|poke|p2|Gliscor, F|\n|poke|p2|Espeon, F|\n|poke|p2|Venomoth, F|\n|poke|p2|Grimmsnarl, M|\n|teampreview\n|inactive|Battle timer is ON: inactive players will automatically lose when time's up. (requested by eileenr)\n|\n|t:|1700768553\n|start\n|switch|p1a: Ninetales|Ninetales-Alola, F|100\/100\n|switch|p2a: Buer|Grimmsnarl, M|100\/100\n|-weather|Snow|[from] ability: Snow Warning|[of] p1a: Ninetales\n|turn|1\n|\n|t:|1700768564\n|move|p2a: Buer|Thunder Wave|p1a: Ninetales\n|-status|p1a: Ninetales|par\n|move|p1a: Ninetales|Aurora Veil|p1a: Ninetales\n|-sidestart|p1: albanian man|move: Aurora Veil\n|\n|-weather|Snow|[upkeep]\n|upkeep\n|turn|2\n|\n|t:|1700768574\n|switch|p1a: Blastoise|Blastoise, M|100\/100\n|move|p2a: Buer|Light Screen|p2a: Buer\n|-sidestart|p2: eileenr|move: Light Screen\n|\n|-weather|Snow|[upkeep]\n|upkeep\n|turn|3\n|\n|t:|1700768580\n|move|p2a: Buer|Reflect|p2a: Buer\n|-sidestart|p2: eileenr|Reflect\n|move|p1a: Blastoise|Shell Smash|p1a: Blastoise\n|-unboost|p1a: Blastoise|def|1\n|-unboost|p1a: Blastoise|spd|1\n|-boost|p1a: Blastoise|atk|2\n|-boost|p1a: Blastoise|spa|2\n|-boost|p1a: Blastoise|spe|2\n|-enditem|p1a: Blastoise|White Herb\n|-clearnegativeboost|p1a: Blastoise|[silent]\n|\n|-weather|Snow|[upkeep]\n|upkeep\n|turn|4\n|\n|t:|1700768591\n|move|p2a: Buer|Thunder Wave|p1a: Blastoise|[miss]\n|-miss|p2a: Buer|p1a: Blastoise\n|move|p1a: Blastoise|Surf|p2a: Buer\n|-damage|p2a: Buer|59\/100\n|\n|-weather|Snow|[upkeep]\n|upkeep\n|turn|5\n|\n|t:|1700768601\n|move|p2a: Buer|Thunder Wave|p1a: Blastoise|[miss]\n|-miss|p2a: Buer|p1a: Blastoise\n|move|p1a: Blastoise|Surf|p2a: Buer\n|-damage|p2a: Buer|13\/100\n|\n|-weather|Snow|[upkeep]\n|-sideend|p1: albanian man|move: Aurora Veil\n|upkeep\n|turn|6\n|c|\u2606eileenr|really\n|\n|t:|1700768612\n|switch|p1a: Ninetales|Ninetales-Alola, F|100\/100 par\n|move|p2a: Buer|Thunder Wave|p1a: Ninetales\n|-fail|p1a: Ninetales|par\n|\n|-weather|Snow|[upkeep]\n|upkeep\n|turn|7\n|\n|t:|1700768621\n|move|p2a: Buer|Parting Shot|p1a: Ninetales\n|-unboost|p1a: Ninetales|atk|1\n|-unboost|p1a: Ninetales|spa|1\n|\n|t:|1700768623\n|switch|p2a: Andromeda|Eelektross, F|100\/100|[from] Parting Shot\n|move|p1a: Ninetales|Aurora Veil|p1a: Ninetales\n|-sidestart|p1: albanian man|move: Aurora Veil\n|\n|-weather|Snow|[upkeep]\n|upkeep\n|turn|8\n|c|\u2606albanian man|Sorry man\n|\n|t:|1700768636\n|move|p1a: Ninetales|Blizzard|p2a: Andromeda\n|-damage|p2a: Andromeda|91\/100\n|move|p2a: Andromeda|Volt Switch|p1a: Ninetales\n|-damage|p1a: Ninetales|79\/100 par\n|\n|t:|1700768643\n|switch|p2a: Am\u00e9lia|Gliscor, F|100\/100|[from] Volt Switch\n|\n|-weather|none\n|-status|p2a: Am\u00e9lia|tox|[from] item: Toxic Orb\n|upkeep\n|turn|9\n|\n|t:|1700768652\n|switch|p1a: Blastoise|Blastoise, M|100\/100\n|move|p2a: Am\u00e9lia|Stealth Rock|p1a: Blastoise\n|-sidestart|p1: albanian man|move: Stealth Rock\n|\n|-sideend|p2: eileenr|move: Light Screen\n|upkeep\n|turn|10\n|\n|t:|1700768661\n|move|p2a: Am\u00e9lia|Toxic|p1a: Blastoise\n|-status|p1a: Blastoise|tox\n|move|p1a: Blastoise|Ice Beam|p2a: Am\u00e9lia\n|-supereffective|p2a: Am\u00e9lia\n|-damage|p2a: Am\u00e9lia|0 fnt\n|faint|p2a: Am\u00e9lia\n|\n|-damage|p1a: Blastoise|94\/100 tox|[from] psn\n|-sideend|p2: eileenr|Reflect\n|upkeep\n|\n|t:|1700768669\n|switch|p2a: Andromeda|Eelektross, F|91\/100\n|turn|11\n|\n|t:|1700768674\n|move|p1a: Blastoise|Shell Smash|p1a: Blastoise\n|-unboost|p1a: Blastoise|def|1\n|-unboost|p1a: Blastoise|spd|1\n|-boost|p1a: Blastoise|atk|2\n|-boost|p1a: Blastoise|spa|2\n|-boost|p1a: Blastoise|spe|2\n|move|p2a: Andromeda|Acid Spray|p1a: Blastoise\n|-damage|p1a: Blastoise|84\/100 tox\n|-unboost|p1a: Blastoise|spd|2\n|\n|-damage|p1a: Blastoise|72\/100 tox|[from] psn\n|-sideend|p1: albanian man|move: Aurora Veil\n|upkeep\n|turn|12\n|\n|t:|1700768686\n|move|p1a: Blastoise|Surf|p2a: Andromeda\n|-damage|p2a: Andromeda|37\/100\n|move|p2a: Andromeda|Giga Drain|p1a: Blastoise\n|-supereffective|p1a: Blastoise\n|-damage|p1a: Blastoise|0 fnt\n|-heal|p2a: Andromeda|65\/100|[from] drain|[of] p1a: Blastoise\n|faint|p1a: Blastoise\n|\n|upkeep\n|\n|t:|1700768696\n|switch|p1a: Ninetales|Ninetales-Alola, F|79\/100 par\n|-damage|p1a: Ninetales|55\/100 par|[from] Stealth Rock\n|-weather|Snow|[from] ability: Snow Warning|[of] p1a: Ninetales\n|turn|13\n|\n|t:|1700768702\n|move|p1a: Ninetales|Aurora Veil|p1a: Ninetales\n|-sidestart|p1: albanian man|move: Aurora Veil\n|move|p2a: Andromeda|Flamethrower|p1a: Ninetales\n|-supereffective|p1a: Ninetales\n|-damage|p1a: Ninetales|17\/100 par\n|\n|-weather|Snow|[upkeep]\n|upkeep\n|turn|14\n|\n|t:|1700768714\n|switch|p1a: Articuno|Articuno-Galar|100\/100\n|-damage|p1a: Articuno|76\/100|[from] Stealth Rock\n|move|p2a: Andromeda|Flamethrower|p1a: Articuno\n|-damage|p1a: Articuno|61\/100\n|\n|-weather|Snow|[upkeep]\n|upkeep\n|turn|15\n|\n|t:|1700768730\n|move|p1a: Articuno|Calm Mind|p1a: Articuno\n|-boost|p1a: Articuno|spa|1\n|-boost|p1a: Articuno|spd|1\n|move|p2a: Andromeda|Volt Switch|p1a: Articuno\n|-supereffective|p1a: Articuno\n|-damage|p1a: Articuno|39\/100\n|-enditem|p1a: Articuno|Weakness Policy\n|-boost|p1a: Articuno|atk|2|[from] item: Weakness Policy\n|-boost|p1a: Articuno|spa|2|[from] item: Weakness Policy\n|\n|t:|1700768742\n|switch|p2a: Buer|Grimmsnarl, M|13\/100|[from] Volt Switch\n|\n|-weather|Snow|[upkeep]\n|upkeep\n|turn|16\n|\n|t:|1700768750\n|move|p2a: Buer|Light Screen|p2a: Buer\n|-sidestart|p2: eileenr|move: Light Screen\n|move|p1a: Articuno|Agility|p1a: Articuno\n|-boost|p1a: Articuno|spe|2\n|\n|-weather|Snow|[upkeep]\n|upkeep\n|turn|17\n|\n|t:|1700768758\n|-terastallize|p1a: Articuno|Fighting\n|move|p2a: Buer|Thunder Wave|p1a: Articuno\n|-status|p1a: Articuno|par\n|move|p1a: Articuno|Tera Blast|p2a: Buer|[anim] Tera Blast Fighting\n|-damage|p2a: Buer|0 fnt\n|faint|p2a: Buer\n|\n|-weather|Snow|[upkeep]\n|-sideend|p1: albanian man|move: Aurora Veil\n|upkeep\n|\n|t:|1700768773\n|switch|p2a: Venus|Venomoth, F|100\/100\n|turn|18\n|\n|t:|1700768778\n|move|p2a: Venus|Sludge Bomb|p1a: Articuno\n|-damage|p1a: Articuno|16\/100 par\n|move|p1a: Articuno|Stored Power|p2a: Venus\n|-supereffective|p2a: Venus\n|-enditem|p2a: Venus|Focus Sash\n|-damage|p2a: Venus|1\/100\n|\n|-weather|Snow|[upkeep]\n|upkeep\n|turn|19\n|\n|t:|1700768788\n|move|p2a: Venus|Sludge Bomb|p1a: Articuno\n|-damage|p1a: Articuno|0 fnt\n|faint|p1a: Articuno\n|\n|-weather|Snow|[upkeep]\n|upkeep\n|\n|t:|1700768797\n|switch|p1a: Empoleon|Empoleon, M|100\/100\n|-damage|p1a: Empoleon|94\/100|[from] Stealth Rock\n|turn|20\n|\n|t:|1700768801\n|move|p2a: Venus|Sleep Powder|p1a: Empoleon|[miss]\n|-miss|p2a: Venus|p1a: Empoleon\n|move|p1a: Empoleon|Agility|p1a: Empoleon\n|-boost|p1a: Empoleon|spe|2\n|\n|-weather|none\n|upkeep\n|turn|21\n|\n|t:|1700768812\n|move|p1a: Empoleon|Surf|p2a: Venus\n|-damage|p2a: Venus|0 fnt\n|faint|p2a: Venus\n|\n|upkeep\n|\n|t:|1700768817\n|switch|p2a: Andromeda|Eelektross, F|65\/100\n|turn|22\n|\n|t:|1700768823\n|move|p1a: Empoleon|Surf|p2a: Andromeda\n|-damage|p2a: Andromeda|50\/100\n|move|p2a: Andromeda|Giga Drain|p1a: Empoleon\n|-damage|p1a: Empoleon|69\/100\n|-heal|p2a: Andromeda|61\/100|[from] drain|[of] p1a: Empoleon\n|\n|upkeep\n|turn|23\n|\n|t:|1700768831\n|switch|p1a: Avalugg|Avalugg, M|100\/100\n|-damage|p1a: Avalugg|76\/100|[from] Stealth Rock\n|move|p2a: Andromeda|Volt Switch|p1a: Avalugg\n|-damage|p1a: Avalugg|22\/100\n|\n|t:|1700768838\n|switch|p2a: Lunna|Tsareena, F|100\/100|[from] Volt Switch\n|\n|-sideend|p2: eileenr|move: Light Screen\n|upkeep\n|turn|24\n|\n|t:|1700768845\n|move|p2a: Lunna|High Jump Kick|p1a: Avalugg\n|-supereffective|p1a: Avalugg\n|-damage|p1a: Avalugg|0 fnt\n|-damage|p2a: Lunna|84\/100|[from] item: Rocky Helmet|[of] p1a: Avalugg\n|faint|p1a: Avalugg\n|\n|upkeep\n|\n|t:|1700768852\n|switch|p1a: Ninetales|Ninetales-Alola, F|17\/100 par\n|-damage|p1a: Ninetales|0 fnt|[from] Stealth Rock\n|faint|p1a: Ninetales\n|\n|t:|1700768859\n|switch|p1a: Empoleon|Empoleon, M|69\/100\n|-damage|p1a: Empoleon|63\/100|[from] Stealth Rock\n|turn|25\n|\n|t:|1700768871\n|move|p2a: Lunna|High Jump Kick|p1a: Empoleon\n|-supereffective|p1a: Empoleon\n|-damage|p1a: Empoleon|0 fnt\n|faint|p1a: Empoleon\n|\n|upkeep\n|\n|t:|1700768877\n|switch|p1a: Wo-Chien|Wo-Chien|100\/100\n|-damage|p1a: Wo-Chien|88\/100|[from] Stealth Rock\n|-ability|p1a: Wo-Chien|Tablets of Ruin\n|turn|26\n|c|\u2606albanian man|Gg\n|l|\u2606eileenr\n|inactive|eileenr disconnected and has a minute to reconnect!\n|player|p2|\n|j|\u2606eileenr\n|inactive|eileenr reconnected and has 120 seconds left.\n|player|p2|eileenr|maid\n|\n|t:|1700768911\n|move|p2a: Lunna|High Jump Kick|p1a: Wo-Chien\n|-supereffective|p1a: Wo-Chien\n|-damage|p1a: Wo-Chien|30\/100\n|move|p1a: Wo-Chien|Ruination|p2a: Lunna\n|-damage|p2a: Lunna|42\/100\n|\n|-heal|p1a: Wo-Chien|36\/100|[from] item: Leftovers\n|upkeep\n|turn|27\n|\n|t:|1700768932\n|move|p1a: Wo-Chien|Protect|p1a: Wo-Chien\n|-singleturn|p1a: Wo-Chien|Protect\n|move|p2a: Lunna|High Jump Kick|p1a: Wo-Chien\n|-activate|p1a: Wo-Chien|move: Protect\n|-damage|p2a: Lunna|0 fnt|[from] highjumpkick\n|faint|p2a: Lunna\n|\n|-heal|p1a: Wo-Chien|42\/100|[from] item: Leftovers\n|upkeep\n|\n|t:|1700768942\n|switch|p2a: Loretta|Espeon, F|100\/100\n|turn|28\n|\n|t:|1700768945\n|-terastallize|p2a: Loretta|Fairy\n|move|p2a: Loretta|Dazzling Gleam|p1a: Wo-Chien\n|-supereffective|p1a: Wo-Chien\n|-damage|p1a: Wo-Chien|0 fnt\n|faint|p1a: Wo-Chien\n|\n|win|eileenr\n|raw|albanian man's rating: 1139 &rarr; <strong>1115<\/strong><br \/>(-24 for losing)\n|raw|eileenr's rating: 1148 &rarr; <strong>1172<\/strong><br \/>(+24 for winning)\n|l|\u2606albanian man\n|c|\u2606eileenr|gg\n|l|\u2606eileenr\n|j|\u2606eileenr\n|player|p2|eileenr|maid\n","uploadtime":1700768969,"views":3,"p1id":"albanianman","p2id":"eileenr","formatid":"gen9nationaldex","rating":1115,"private":0,"password":""}