{"id":"gen9nationaldex-1999822526","p1":"Pipebombs","p2":"LukeJW05","format":"[Gen 9] National Dex","log":"|html|<div class=\"broadcast-blue\"><strong>[Gen 9] National Dex is currently suspecting Sneasler! For information on how to participate check out the <a href=\"https:\/\/www.smogon.com\/forums\/threads\/sv-national-dex-suspect-8-just-dance.3731534\/\">suspect thread<\/a>.<\/strong><\/div>\n|j|\u2606Pipebombs\n|j|\u2606LukeJW05\n|t:|1701119957\n|gametype|singles\n|player|p1|Pipebombs|elesa-masters2|1131\n|player|p2|LukeJW05|lucas-gen4pt|1117\n|teamsize|p1|6\n|teamsize|p2|6\n|gen|9\n|tier|[Gen 9] National Dex\n|rated|\n|rule|HP Percentage Mod: HP is shown in percentages\n|rule|Endless Battle Clause: Forcing endless battles is banned\n|rule|OHKO Clause: OHKO moves are banned\n|rule|Evasion Clause: Evasion abilities, items, and moves are banned\n|rule|Evasion Abilities Clause: Evasion abilities are banned\n|rule|Evasion Items Clause: Evasion items are banned\n|rule|Evasion Moves Clause: Evasion moves are banned\n|rule|Species Clause: Limit one of each Pok\u00e9mon\n|rule|Sleep Clause Mod: Limit one foe put to sleep\n|clearpoke\n|poke|p1|Breloom, M|\n|poke|p1|Aerodactyl, F|\n|poke|p1|Rotom-Wash|\n|poke|p1|Zygarde-10%|\n|poke|p1|Delphox, F|\n|poke|p1|Inteleon, F|\n|poke|p2|Incineroar, M|\n|poke|p2|Lucario, M|\n|poke|p2|Aerodactyl, M|\n|poke|p2|Dhelmise|\n|poke|p2|Chandelure, M|\n|poke|p2|Garchomp, M|\n|teampreview\n|inactive|Battle timer is ON: inactive players will automatically lose when time's up. (requested by Pipebombs)\n|\n|t:|1701119961\n|start\n|switch|p1a: Delphox|Delphox, F, shiny|100\/100\n|switch|p2a: Aerodactyl|Aerodactyl, M|100\/100\n|turn|1\n|l|\u2606Pipebombs\n|inactive|Pipebombs disconnected and has a minute to reconnect!\n|player|p1|\n|inactive|Pipebombs has 30 seconds to reconnect!\n|inactive|Pipebombs has 20 seconds to reconnect!\n|j|\u2606Pipebombs\n|inactive|Pipebombs reconnected and has 95 seconds left.\n|player|p1|Pipebombs|elesa-masters2\n|\n|t:|1701120018\n|switch|p1a: Rotom|Rotom-Wash|100\/100\n|detailschange|p2a: Aerodactyl|Aerodactyl-Mega, M\n|-mega|p2a: Aerodactyl|Aerodactyl|Aerodactylite\n|move|p2a: Aerodactyl|Stone Edge|p1a: Rotom\n|-damage|p1a: Rotom|27\/100\n|\n|upkeep\n|turn|2\n|inactive|LukeJW05 has 120 seconds left.\n|inactive|LukeJW05 has 90 seconds left.\n|\n|t:|1701120104\n|switch|p2a: Garchomp|Garchomp, M|100\/100\n|move|p1a: Rotom|Hydro Pump|p2a: Garchomp\n|-damage|p2a: Garchomp|47\/100\n|\n|upkeep\n|turn|3\n|\n|t:|1701120108\n|move|p2a: Garchomp|Toxic|p1a: Rotom|[miss]\n|-miss|p2a: Garchomp|p1a: Rotom\n|move|p1a: Rotom|Hydro Pump|p2a: Garchomp\n|-damage|p2a: Garchomp|0 fnt\n|faint|p2a: Garchomp\n|\n|upkeep\n|\n|t:|1701120112\n|switch|p2a: Dhelmise|Dhelmise|100\/100\n|turn|4\n|\n|t:|1701120118\n|move|p1a: Rotom|Volt Switch|p2a: Dhelmise\n|-resisted|p2a: Dhelmise\n|-damage|p2a: Dhelmise|84\/100\n|\n|t:|1701120125\n|switch|p1a: Delphox|Delphox, F, shiny|100\/100|[from] Volt Switch\n|move|p2a: Dhelmise|Power Whip|p1a: Delphox|[miss]\n|-miss|p2a: Dhelmise|p1a: Delphox\n|\n|upkeep\n|turn|5\n|inactive|LukeJW05 has 90 seconds left.\n|\n|t:|1701120143\n|move|p1a: Delphox|Flamethrower|p2a: Dhelmise\n|-supereffective|p2a: Dhelmise\n|-damage|p2a: Dhelmise|0 fnt\n|faint|p2a: Dhelmise\n|\n|upkeep\n|\n|t:|1701120147\n|switch|p2a: Aerodactyl|Aerodactyl-Mega, M|100\/100\n|turn|6\n|\n|t:|1701120151\n|switch|p1a: Rotom|Rotom-Wash|27\/100\n|move|p2a: Aerodactyl|Substitute|p2a: Aerodactyl\n|-start|p2a: Aerodactyl|Substitute\n|-damage|p2a: Aerodactyl|76\/100\n|\n|upkeep\n|turn|7\n|\n|t:|1701120156\n|move|p2a: Aerodactyl|Stealth Rock|p1a: Rotom\n|-sidestart|p1: Pipebombs|move: Stealth Rock\n|move|p1a: Rotom|Hydro Pump|p2a: Aerodactyl\n|-supereffective|p2a: Aerodactyl\n|-end|p2a: Aerodactyl|Substitute\n|\n|upkeep\n|turn|8\n|inactive|LukeJW05 has 120 seconds left.\n|\n|t:|1701120162\n|move|p2a: Aerodactyl|Dual Wingbeat|p1a: Rotom\n|-resisted|p1a: Rotom\n|-damage|p1a: Rotom|8\/100\n|-resisted|p1a: Rotom\n|-damage|p1a: Rotom|0 fnt\n|faint|p1a: Rotom\n|-hitcount|p1: Rotom|2\n|\n|upkeep\n|\n|t:|1701120170\n|switch|p1a: Breloom|Breloom, M, shiny|100\/100\n|-damage|p1a: Breloom|94\/100|[from] Stealth Rock\n|turn|9\n|\n|t:|1701120173\n|move|p1a: Breloom|Mach Punch|p2a: Aerodactyl\n|-damage|p2a: Aerodactyl|33\/100\n|move|p2a: Aerodactyl|Dual Wingbeat|p1a: Breloom\n|-supereffective|p1a: Breloom\n|-damage|p1a: Breloom|0 fnt\n|faint|p1a: Breloom\n|-hitcount|p1: Breloom|1\n|\n|upkeep\n|\n|t:|1701120177\n|switch|p1a: Zygarde|Zygarde-10%, shiny|100\/100\n|-damage|p1a: Zygarde|94\/100|[from] Stealth Rock\n|-ability|p1a: Zygarde|Aura Break\n|turn|10\n|\n|t:|1701120186\n|move|p2a: Aerodactyl|Dual Wingbeat|p1a: Zygarde\n|-damage|p1a: Zygarde|37\/100\n|-damage|p1a: Zygarde|0 fnt\n|faint|p1a: Zygarde\n|-hitcount|p1: Zygarde|2\n|\n|upkeep\n|\n|t:|1701120191\n|switch|p1a: Delphox|Delphox, F, shiny|100\/100\n|-damage|p1a: Delphox|76\/100|[from] Stealth Rock\n|turn|11\n|\n|t:|1701120198\n|-terastallize|p1a: Delphox|Fairy\n|move|p2a: Aerodactyl|Stone Edge|p1a: Delphox\n|-crit|p1a: Delphox\n|-damage|p1a: Delphox|0 fnt\n|faint|p1a: Delphox\n|\n|upkeep\n|\n|t:|1701120202\n|switch|p1a: Inteleon|Inteleon, F|100\/100\n|-damage|p1a: Inteleon|88\/100|[from] Stealth Rock\n|turn|12\n|\n|t:|1701120210\n|move|p2a: Aerodactyl|Substitute|p2a: Aerodactyl\n|-start|p2a: Aerodactyl|Substitute\n|-damage|p2a: Aerodactyl|8\/100\n|move|p1a: Inteleon|Snipe Shot|p2a: Aerodactyl\n|-supereffective|p2a: Aerodactyl\n|-end|p2a: Aerodactyl|Substitute\n|\n|upkeep\n|turn|13\n|\n|t:|1701120226\n|move|p2a: Aerodactyl|Dual Wingbeat|p1a: Inteleon\n|-damage|p1a: Inteleon|34\/100\n|-damage|p1a: Inteleon|0 fnt\n|faint|p1a: Inteleon\n|-hitcount|p1: Inteleon|2\n|\n|upkeep\n|\n|t:|1701120229\n|switch|p1a: Aerodactyl|Aerodactyl, F|100\/100\n|-damage|p1a: Aerodactyl|76\/100|[from] Stealth Rock\n|turn|14\n|\n|t:|1701120234\n|detailschange|p1a: Aerodactyl|Aerodactyl-Mega, F\n|-mega|p1a: Aerodactyl|Aerodactyl|Aerodactylite\n|move|p1a: Aerodactyl|Stone Edge|p2a: Aerodactyl\n|-supereffective|p2a: Aerodactyl\n|-damage|p2a: Aerodactyl|0 fnt\n|faint|p2a: Aerodactyl\n|\n|upkeep\n|\n|t:|1701120240\n|switch|p2a: Lucario|Lucario, M|100\/100\n|turn|15\n|\n|t:|1701120245\n|move|p2a: Lucario|Bullet Punch|p1a: Aerodactyl\n|-supereffective|p1a: Aerodactyl\n|-damage|p1a: Aerodactyl|24\/100\n|move|p1a: Aerodactyl|Earthquake|p2a: Lucario\n|-supereffective|p2a: Lucario\n|-enditem|p2a: Lucario|Focus Sash\n|-damage|p2a: Lucario|1\/100\n|\n|upkeep\n|turn|16\n|-message|Pipebombs forfeited.\n|\n|win|LukeJW05\n|raw|Pipebombs's rating: 1131 &rarr; <strong>1105<\/strong><br \/>(-26 for losing)\n|raw|LukeJW05's rating: 1117 &rarr; <strong>1143<\/strong><br \/>(+26 for winning)\n|l|\u2606Pipebombs\n","uploadtime":1701120259,"views":1,"p1id":"pipebombs","p2id":"lukejw05","formatid":"gen9nationaldex","rating":1105,"private":0,"password":""}