{"id":"gen9nationaldex-1995079556","p1":"Cristian7gg","p2":"ericmont","format":"[Gen 9] National Dex","log":"|html|<div class=\"broadcast-blue\"><strong>[Gen 9] National Dex is currently suspecting Sneasler! For information on how to participate check out the <a href=\"https:\/\/www.smogon.com\/forums\/threads\/sv-national-dex-suspect-8-just-dance.3731534\/\">suspect thread<\/a>.<\/strong><\/div>\n|j|\u2606Cristian7gg\n|j|\u2606ericmont\n|t:|1700520298\n|gametype|singles\n|player|p1|Cristian7gg|lucas-gen4pt|\n|player|p2|ericmont|bertha|\n|teamsize|p1|6\n|teamsize|p2|6\n|gen|9\n|tier|[Gen 9] National Dex\n|rule|HP Percentage Mod: HP is shown in percentages\n|rule|Endless Battle Clause: Forcing endless battles is banned\n|rule|OHKO Clause: OHKO moves are banned\n|rule|Evasion Clause: Evasion abilities, items, and moves are banned\n|rule|Evasion Abilities Clause: Evasion abilities are banned\n|rule|Evasion Items Clause: Evasion items are banned\n|rule|Evasion Moves Clause: Evasion moves are banned\n|rule|Species Clause: Limit one of each Pok\u00e9mon\n|rule|Sleep Clause Mod: Limit one foe put to sleep\n|clearpoke\n|poke|p1|Tapu Koko|\n|poke|p1|Raichu-Alola, M|\n|poke|p1|Charizard, F|\n|poke|p1|Gliscor, F|\n|poke|p1|Aegislash, F|\n|poke|p1|Dragonite, M|\n|poke|p2|Hippowdon, M|\n|poke|p2|Gastrodon, F|\n|poke|p2|Iron Moth|\n|poke|p2|Sandy Shocks|\n|poke|p2|Great Tusk|\n|poke|p2|Garchomp, F|\n|teampreview\n|j| lerac\n|c|\u2606ericmont|Glhf\n|j| lolowtf09\n|c| lolowtf09|el tierroso\n|j| WSoldat\n|c|\u2606Cristian7gg|Bueno se intento\n|\n|t:|1700520382\n|start\n|switch|p1a: Papu :vvvvxdddd|Tapu Koko, shiny|100\/100\n|switch|p2a: Hippowdon|Hippowdon, M|100\/100\n|-fieldstart|move: Electric Terrain|[from] ability: Electric Surge|[of] p1a: Papu :vvvvxdddd\n|-weather|Sandstorm|[from] ability: Sand Stream|[of] p2a: Hippowdon\n|turn|1\n|j| Sylveon(404)\n|c|\u2606ericmont|Se intento los cojones\n|c| lolowtf09|no tiene hierba lazo el raichu?\n|c|\u2606ericmont|Me vas a reventar Xd\n|c| Sylveon(404)|xd\n|\n|t:|1700520407\n|move|p1a: Papu :vvvvxdddd|U-turn|p2a: Hippowdon\n|-damage|p2a: Hippowdon|92\/100\n|\n|t:|1700520417\n|switch|p1a: Pedro|Gliscor, F|100\/100|[from] U-turn\n|move|p2a: Hippowdon|Stealth Rock|p1a: Pedro\n|-sidestart|p1: Cristian7gg|move: Stealth Rock\n|\n|-weather|Sandstorm|[upkeep]\n|-heal|p2a: Hippowdon|98\/100|[from] item: Leftovers\n|-status|p1a: Pedro|tox|[from] item: Toxic Orb\n|upkeep\n|turn|2\n|\n|t:|1700520438\n|move|p1a: Pedro|Defog|p2a: Hippowdon\n|-unboost|p2a: Hippowdon|evasion|1\n|-sideend|p1: Cristian7gg|Stealth Rock|[from] move: Defog|[of] p1a: Pedro\n|-fieldend|move: Electric Terrain\n|move|p2a: Hippowdon|Whirlwind|p1a: Pedro\n|drag|p1a: Alexis|Aegislash, F, shiny|100\/100\n|\n|-weather|Sandstorm|[upkeep]\n|-heal|p2a: Hippowdon|100\/100|[from] item: Leftovers\n|upkeep\n|turn|3\n|\n|t:|1700520452\n|switch|p1a: Pedro|Gliscor, F|100\/100 tox\n|switch|p2a: Gastrodon|Gastrodon, F|100\/100\n|\n|-weather|Sandstorm|[upkeep]\n|upkeep\n|turn|4\n|\n|t:|1700520464\n|move|p1a: Pedro|Knock Off|p2a: Gastrodon\n|-damage|p2a: Gastrodon|84\/100\n|-enditem|p2a: Gastrodon|Heavy-Duty Boots|[from] move: Knock Off|[of] p1a: Pedro\n|move|p2a: Gastrodon|Scald|p1a: Pedro\n|-supereffective|p1a: Pedro\n|-damage|p1a: Pedro|42\/100 tox\n|\n|-weather|Sandstorm|[upkeep]\n|-heal|p1a: Pedro|54\/100 tox|[from] ability: Poison Heal\n|upkeep\n|turn|5\n|j| Danwine\n|\n|t:|1700520490\n|switch|p1a: Papu :vvvvxdddd|Tapu Koko, shiny|100\/100\n|-fieldstart|move: Electric Terrain|[from] ability: Electric Surge|[of] p1a: Papu :vvvvxdddd\n|move|p2a: Gastrodon|Scald|p1a: Papu :vvvvxdddd\n|-damage|p1a: Papu :vvvvxdddd|62\/100\n|-status|p1a: Papu :vvvvxdddd|brn\n|\n|-weather|none\n|-damage|p1a: Papu :vvvvxdddd|56\/100 brn|[from] brn\n|upkeep\n|turn|6\n|c|\u2606Cristian7gg|Haber\n|\n|t:|1700520511\n|switch|p2a: Hippowdon|Hippowdon, M|100\/100\n|-weather|Sandstorm|[from] ability: Sand Stream|[of] p2a: Hippowdon\n|-terastallize|p1a: Papu :vvvvxdddd|Grass\n|move|p1a: Papu :vvvvxdddd|Grass Knot|p2a: Hippowdon\n|-supereffective|p2a: Hippowdon\n|-damage|p2a: Hippowdon|0 fnt\n|faint|p2a: Hippowdon\n|\n|-weather|Sandstorm|[upkeep]\n|-damage|p1a: Papu :vvvvxdddd|50\/100 brn|[from] Sandstorm\n|-damage|p1a: Papu :vvvvxdddd|44\/100 brn|[from] brn\n|upkeep\n|c|\u2606ericmont|inesperado\n|\n|t:|1700520526\n|switch|p2a: Great Tusk|Great Tusk|100\/100\n|turn|7\n|\n|t:|1700520532\n|move|p2a: Great Tusk|Ice Spinner|p1a: Papu :vvvvxdddd\n|-supereffective|p1a: Papu :vvvvxdddd\n|-damage|p1a: Papu :vvvvxdddd|0 fnt\n|-fieldend|move: Electric Terrain\n|faint|p1a: Papu :vvvvxdddd\n|\n|-weather|Sandstorm|[upkeep]\n|upkeep\n|c|\u2606Cristian7gg|Wa\n|\n|t:|1700520554\n|switch|p1a: Salamander|Charizard, F|100\/100\n|turn|8\n|\n|t:|1700520565\n|-end|p2a: Great Tusk|Protosynthesis|[silent]\n|switch|p2a: Sandy Shocks|Sandy Shocks|100\/100\n|detailschange|p1a: Salamander|Charizard-Mega-Y, F\n|-mega|p1a: Salamander|Charizard|Charizardite Y\n|-weather|SunnyDay|[from] ability: Drought|[of] p1a: Salamander\n|-activate|p2a: Sandy Shocks|ability: Protosynthesis\n|-start|p2a: Sandy Shocks|protosynthesisspa\n|move|p1a: Salamander|Scorching Sands|p2a: Sandy Shocks\n|-supereffective|p2a: Sandy Shocks\n|-damage|p2a: Sandy Shocks|25\/100\n|\n|-weather|SunnyDay|[upkeep]\n|upkeep\n|turn|9\n|c|\u2606Cristian7gg|Mmm\n|\n|t:|1700520594\n|switch|p1a: Pedro|Gliscor, F|54\/100 tox\n|move|p2a: Sandy Shocks|Volt Switch|p1a: Pedro\n|-immune|p1a: Pedro\n|\n|-weather|SunnyDay|[upkeep]\n|-heal|p1a: Pedro|67\/100 tox|[from] ability: Poison Heal\n|upkeep\n|turn|10\n|c|\u2606Cristian7gg|Parece scarf\n|c|\u2606ericmont|no merecia la pena arriesgar\n|c| lolowtf09|esta buena esta mierda\n|\n|t:|1700520613\n|-terastallize|p2a: Sandy Shocks|Ice\n|move|p2a: Sandy Shocks|Tera Blast|p1a: Pedro|[anim] Tera Blast Ice\n|-supereffective|p1a: Pedro\n|-damage|p1a: Pedro|0 fnt\n|faint|p1a: Pedro\n|\n|-weather|SunnyDay|[upkeep]\n|upkeep\n|\n|t:|1700520621\n|switch|p1a: Alexis|Aegislash, F, shiny|100\/100\n|turn|11\n|c| lolowtf09|me copio el sandy pipipi\n|c| lolowtf09|jsjsjjsjsjs\n|c| Danwine|pobrecito\n|\n|t:|1700520631\n|-end|p2a: Sandy Shocks|Protosynthesis|[silent]\n|switch|p2a: Garchomp|Garchomp, F|100\/100\n|-formechange|p1a: Alexis|Aegislash-Blade||[from] ability: Stance Change\n|move|p1a: Alexis|Shadow Sneak|p2a: Garchomp\n|-damage|p2a: Garchomp|77\/100\n|-damage|p1a: Alexis|88\/100|[from] ability: Rough Skin|[of] p2a: Garchomp\n|\n|-weather|SunnyDay|[upkeep]\n|-heal|p1a: Alexis|94\/100|[from] item: Leftovers\n|upkeep\n|turn|12\n|\n|t:|1700520642\n|detailschange|p2a: Garchomp|Garchomp-Mega, F\n|-mega|p2a: Garchomp|Garchomp|Garchompite\n|move|p2a: Garchomp|Swords Dance|p2a: Garchomp\n|-boost|p2a: Garchomp|atk|2\n|move|p1a: Alexis|Sacred Sword|p2a: Garchomp\n|-damage|p2a: Garchomp|48\/100\n|\n|-weather|none\n|-heal|p1a: Alexis|100\/100|[from] item: Leftovers\n|upkeep\n|turn|13\n|c| WSoldat|\"Parece scarf\"\n|c| Sylveon(404)|xd\n|\n|t:|1700520673\n|switch|p1a: Raichu|Raichu-Alola, M|100\/100\n|move|p2a: Garchomp|Scale Shot|p1a: Raichu\n|-damage|p1a: Raichu|28\/100\n|-damage|p1a: Raichu|0 fnt\n|faint|p1a: Raichu\n|-hitcount|p1: Raichu|2\n|-unboost|p2a: Garchomp|def|1\n|-boost|p2a: Garchomp|spe|1\n|\n|upkeep\n|\n|t:|1700520681\n|switch|p1a: Alexis|Aegislash, F, shiny|100\/100\n|turn|14\n|\n|t:|1700520691\n|-formechange|p1a: Alexis|Aegislash-Blade||[from] ability: Stance Change\n|move|p1a: Alexis|Shadow Sneak|p2a: Garchomp\n|-damage|p2a: Garchomp|19\/100\n|move|p2a: Garchomp|Earthquake|p1a: Alexis\n|-supereffective|p1a: Alexis\n|-damage|p1a: Alexis|0 fnt\n|faint|p1a: Alexis\n|\n|upkeep\n|c| lolowtf09|pobre raichu\n|\n|t:|1700520703\n|switch|p1a: Daniel|Dragonite, M|100\/100\n|turn|15\n|\n|t:|1700520710\n|move|p1a: Daniel|Extreme Speed|p2a: Garchomp\n|-damage|p2a: Garchomp|0 fnt\n|faint|p2a: Garchomp\n|\n|upkeep\n|\n|t:|1700520716\n|switch|p2a: Great Tusk|Great Tusk|100\/100\n|turn|16\n|\n|t:|1700520725\n|move|p2a: Great Tusk|Close Combat|p1a: Daniel\n|-resisted|p1a: Daniel\n|-damage|p1a: Daniel|85\/100\n|-unboost|p2a: Great Tusk|def|1\n|-unboost|p2a: Great Tusk|spd|1\n|move|p1a: Daniel|Dragon Dance|p1a: Daniel\n|-boost|p1a: Daniel|atk|1\n|-boost|p1a: Daniel|spe|1\n|\n|upkeep\n|turn|17\n|c|\u2606ericmont|AAA\n|c|\u2606Cristian7gg|Ese error te va a condenar\n|\n|t:|1700520739\n|-end|p2a: Great Tusk|Protosynthesis|[silent]\n|switch|p2a: Gastrodon|Gastrodon, F|84\/100\n|move|p1a: Daniel|Dragon Dance|p1a: Daniel\n|-boost|p1a: Daniel|atk|1\n|-boost|p1a: Daniel|spe|1\n|\n|upkeep\n|turn|18\n|\n|t:|1700520742\n|move|p1a: Daniel|Dragon Dance|p1a: Daniel\n|-boost|p1a: Daniel|atk|1\n|-boost|p1a: Daniel|spe|1\n|move|p2a: Gastrodon|Scald|p1a: Daniel\n|-resisted|p1a: Daniel\n|-damage|p1a: Daniel|73\/100\n|-status|p1a: Daniel|brn\n|\n|-damage|p1a: Daniel|67\/100 brn|[from] brn\n|upkeep\n|turn|19\n|c|\u2606Cristian7gg|En fin yo y mi suerte\n|\n|t:|1700520754\n|move|p1a: Daniel|Dragon Claw|p2a: Gastrodon\n|-damage|p2a: Gastrodon|51\/100\n|move|p2a: Gastrodon|Recover|p2a: Gastrodon\n|-heal|p2a: Gastrodon|100\/100\n|\n|-damage|p1a: Daniel|61\/100 brn|[from] brn\n|upkeep\n|turn|20\n|\n|t:|1700520759\n|move|p1a: Daniel|Dragon Claw|p2a: Gastrodon\n|-damage|p2a: Gastrodon|64\/100\n|move|p2a: Gastrodon|Scald|p1a: Daniel\n|-resisted|p1a: Daniel\n|-damage|p1a: Daniel|48\/100 brn\n|\n|-damage|p1a: Daniel|42\/100 brn|[from] brn\n|upkeep\n|turn|21\n|\n|t:|1700520763\n|move|p1a: Daniel|Dragon Claw|p2a: Gastrodon\n|-damage|p2a: Gastrodon|31\/100\n|move|p2a: Gastrodon|Recover|p2a: Gastrodon\n|-heal|p2a: Gastrodon|81\/100\n|\n|-damage|p1a: Daniel|36\/100 brn|[from] brn\n|upkeep\n|turn|22\n|\n|t:|1700520771\n|move|p1a: Daniel|Dragon Claw|p2a: Gastrodon\n|-damage|p2a: Gastrodon|44\/100\n|move|p2a: Gastrodon|Recover|p2a: Gastrodon\n|-heal|p2a: Gastrodon|94\/100\n|\n|-damage|p1a: Daniel|30\/100 brn|[from] brn\n|upkeep\n|turn|23\n|c| Danwine|hablaste muy rapido\n|c|\u2606Cristian7gg|La verdad no esperaba que me quemara en turno 1 dos veces\n|\n|t:|1700520792\n|move|p1a: Daniel|Dragon Claw|p2a: Gastrodon\n|-damage|p2a: Gastrodon|60\/100\n|move|p2a: Gastrodon|Scald|p1a: Daniel\n|-resisted|p1a: Daniel\n|-damage|p1a: Daniel|18\/100 brn\n|\n|-damage|p1a: Daniel|12\/100 brn|[from] brn\n|upkeep\n|turn|24\n|c|\u2606ericmont|no me acordaba\n|c|\u2606ericmont|Q ya habias gastado el tera\n|\n|t:|1700520802\n|move|p1a: Daniel|Dragon Claw|p2a: Gastrodon\n|-damage|p2a: Gastrodon|26\/100\n|move|p2a: Gastrodon|Recover|p2a: Gastrodon\n|-heal|p2a: Gastrodon|76\/100\n|\n|-damage|p1a: Daniel|6\/100 brn|[from] brn\n|upkeep\n|turn|25\n|\n|t:|1700520806\n|move|p1a: Daniel|Dragon Claw|p2a: Gastrodon\n|-damage|p2a: Gastrodon|43\/100\n|move|p2a: Gastrodon|Recover|p2a: Gastrodon\n|-heal|p2a: Gastrodon|93\/100\n|\n|-damage|p1a: Daniel|0 fnt|[from] brn\n|faint|p1a: Daniel\n|upkeep\n|\n|t:|1700520809\n|switch|p1a: Salamander|Charizard-Mega-Y, F|100\/100\n|-weather|SunnyDay|[from] ability: Drought|[of] p1a: Salamander\n|turn|26\n|\n|t:|1700520817\n|move|p1a: Salamander|Solar Beam||[still]\n|-prepare|p1a: Salamander|Solar Beam\n|-anim|p1a: Salamander|Solar Beam|p2a: Gastrodon\n|-supereffective|p2a: Gastrodon\n|-damage|p2a: Gastrodon|0 fnt\n|faint|p2a: Gastrodon\n|\n|-weather|SunnyDay|[upkeep]\n|upkeep\n|\n|t:|1700520826\n|switch|p2a: Sandy Shocks|Sandy Shocks, tera:Ice|25\/100\n|-activate|p2a: Sandy Shocks|ability: Protosynthesis\n|-start|p2a: Sandy Shocks|protosynthesisspa\n|turn|27\n|c|\u2606Cristian7gg|Talvez soy m\u00e1s r\u00e1pido\n|\n|t:|1700520834\n|move|p2a: Sandy Shocks|Thunderbolt|p1a: Salamander\n|-supereffective|p1a: Salamander\n|-damage|p1a: Salamander|0 fnt\n|faint|p1a: Salamander\n|\n|win|ericmont\n|c|\u2606Cristian7gg|Gg\n|c|\u2606ericmont|Gg\n|l| Sylveon(404)\n|c| lolowtf09|eso mamona\n|l| Danwine\n|l|\u2606Cristian7gg\n","uploadtime":1700520846,"views":2,"p1id":"cristian7gg","p2id":"ericmont","formatid":"gen9nationaldex","rating":0,"private":0,"password":""}