{"id":"gen9nationaldex-1991824780","p1":"dannybew","p2":"nzjzjsjsj","format":"[Gen 9] National Dex","log":"|j|\u2606dannybew\n|j|\u203dnzjzjsjsj\n|t:|1700123980\n|gametype|singles\n|player|p1|dannybew|ingo|1073\n|player|p2|nzjzjsjsj|266|1010\n|teamsize|p1|6\n|teamsize|p2|6\n|gen|9\n|tier|[Gen 9] National Dex\n|rated|\n|rule|HP Percentage Mod: HP is shown in percentages\n|rule|Endless Battle Clause: Forcing endless battles is banned\n|rule|OHKO Clause: OHKO moves are banned\n|rule|Evasion Clause: Evasion abilities, items, and moves are banned\n|rule|Evasion Abilities Clause: Evasion abilities are banned\n|rule|Evasion Items Clause: Evasion items are banned\n|rule|Evasion Moves Clause: Evasion moves are banned\n|rule|Species Clause: Limit one of each Pok\u00e9mon\n|rule|Sleep Clause Mod: Limit one foe put to sleep\n|clearpoke\n|poke|p1|Scizor, M|\n|poke|p1|Rotom-Wash|\n|poke|p1|Garchomp, M|\n|poke|p1|Weavile, F|\n|poke|p1|Heatran, F|\n|poke|p1|Kartana|\n|poke|p2|Aerodactyl, M|\n|poke|p2|Gliscor, M|\n|poke|p2|Thundurus-Therian, M|\n|poke|p2|Mantine, M|\n|poke|p2|Skarmory, F|\n|poke|p2|Togekiss, M|\n|teampreview\n|\n|t:|1700123998\n|start\n|switch|p1a: Weavile|Weavile, F|100\/100\n|switch|p2a: Togekiss|Togekiss, M|100\/100\n|-ability|p1a: Weavile|Pressure\n|turn|1\n|inactive|Battle timer is ON: inactive players will automatically lose when time's up. (requested by nzjzjsjsj)\n|\n|t:|1700124010\n|switch|p1a: Heatran|Heatran, F|100\/100\n|-item|p1a: Heatran|Air Balloon\n|-terastallize|p2a: Togekiss|Rock\n|move|p2a: Togekiss|Ancient Power|p1a: Heatran\n|-damage|p1a: Heatran|85\/100\n|-boost|p2a: Togekiss|atk|1\n|-boost|p2a: Togekiss|def|1\n|-boost|p2a: Togekiss|spa|1\n|-boost|p2a: Togekiss|spd|1\n|-boost|p2a: Togekiss|spe|1\n|-enditem|p1a: Heatran|Air Balloon\n|\n|upkeep\n|turn|2\n|\n|t:|1700124014\n|move|p2a: Togekiss|Air Slash|p1a: Heatran\n|-resisted|p1a: Heatran\n|-damage|p1a: Heatran|71\/100\n|cant|p1a: Heatran|flinch\n|\n|upkeep\n|turn|3\n|c|\u2606dannybew|Really\n|\n|t:|1700124029\n|move|p2a: Togekiss|Air Slash|p1a: Heatran\n|-resisted|p1a: Heatran\n|-damage|p1a: Heatran|57\/100\n|cant|p1a: Heatran|flinch\n|\n|upkeep\n|turn|4\n|c|\u2606dannybew|Nahh\n|\n|t:|1700124037\n|move|p2a: Togekiss|Air Slash|p1a: Heatran\n|-resisted|p1a: Heatran\n|-damage|p1a: Heatran|44\/100\n|cant|p1a: Heatran|flinch\n|\n|upkeep\n|turn|5\n|\n|t:|1700124048\n|move|p2a: Togekiss|Air Slash|p1a: Heatran\n|-resisted|p1a: Heatran\n|-damage|p1a: Heatran|29\/100\n|cant|p1a: Heatran|flinch\n|\n|upkeep\n|turn|6\n|\n|t:|1700124056\n|move|p2a: Togekiss|Air Slash|p1a: Heatran\n|-resisted|p1a: Heatran\n|-damage|p1a: Heatran|15\/100\n|cant|p1a: Heatran|flinch\n|\n|upkeep\n|turn|7\n|c|\u2606dannybew|Okay what\n|\n|t:|1700124065\n|move|p2a: Togekiss|Ancient Power|p1a: Heatran\n|-damage|p1a: Heatran|0 fnt\n|faint|p1a: Heatran\n|\n|upkeep\n|\n|t:|1700124069\n|switch|p1a: Rotom|Rotom-Wash|100\/100\n|turn|8\n|\n|t:|1700124073\n|-terastallize|p1a: Rotom|Grass\n|move|p2a: Togekiss|Air Slash|p1a: Rotom\n|-supereffective|p1a: Rotom\n|-damage|p1a: Rotom|0 fnt\n|faint|p1a: Rotom\n|\n|upkeep\n|\n|t:|1700124079\n|switch|p1a: Scizor|Scizor, M|100\/100\n|turn|9\n|\n|t:|1700124086\n|detailschange|p1a: Scizor|Scizor-Mega, M\n|-mega|p1a: Scizor|Scizor|Scizorite\n|move|p1a: Scizor|Bullet Punch|p2a: Togekiss\n|-supereffective|p2a: Togekiss\n|-damage|p2a: Togekiss|59\/100\n|-enditem|p2a: Togekiss|Weakness Policy\n|-boost|p2a: Togekiss|atk|2|[from] item: Weakness Policy\n|-boost|p2a: Togekiss|spa|2|[from] item: Weakness Policy\n|move|p2a: Togekiss|Flamethrower|p1a: Scizor\n|-supereffective|p1a: Scizor\n|-damage|p1a: Scizor|0 fnt\n|faint|p1a: Scizor\n|\n|upkeep\n|\n|t:|1700124094\n|switch|p1a: Weavile|Weavile, F|100\/100\n|-ability|p1a: Weavile|Pressure\n|turn|10\n|\n|t:|1700124097\n|move|p2a: Togekiss|Ancient Power|p1a: Weavile\n|-supereffective|p1a: Weavile\n|-damage|p1a: Weavile|0 fnt\n|-boost|p2a: Togekiss|atk|1\n|-boost|p2a: Togekiss|def|1\n|-boost|p2a: Togekiss|spa|1\n|-boost|p2a: Togekiss|spd|1\n|-boost|p2a: Togekiss|spe|1\n|faint|p1a: Weavile\n|\n|upkeep\n|\n|t:|1700124124\n|switch|p1a: Garchomp|Garchomp, M|100\/100\n|turn|11\n|\n|t:|1700124129\n|move|p2a: Togekiss|Dazzling Gleam|p1a: Garchomp\n|-supereffective|p1a: Garchomp\n|-damage|p1a: Garchomp|0 fnt\n|faint|p1a: Garchomp\n|\n|upkeep\n|\n|t:|1700124131\n|switch|p1a: Kartana|Kartana|100\/100\n|turn|12\n|\n|t:|1700124137\n|move|p2a: Togekiss|Flamethrower|p1a: Kartana\n|-supereffective|p1a: Kartana\n|-damage|p1a: Kartana|0 fnt\n|faint|p1a: Kartana\n|\n|win|nzjzjsjsj\n|raw|dannybew's rating: 1073 &rarr; <strong>1048<\/strong><br \/>(-25 for losing)\n|raw|nzjzjsjsj's rating: 1010 &rarr; <strong>1055<\/strong><br \/>(+45 for winning)\n|l|\u203dnzjzjsjsj\n|c|\u2606dannybew|Entire strategy relies on dumb luck\n","uploadtime":1700124153,"views":18,"p1id":"dannybew","p2id":"nzjzjsjsj","formatid":"gen9nationaldex","rating":1048,"private":0,"password":""}