{"id":"gen9nationaldex-1993482790","p1":"TexanFarmersMarket","p2":"ScootDDuck","format":"[Gen 9] National Dex","log":"|j|\u2606TexanFarmersMarket\n|j|\u2606ScootDDuck\n|t:|1700323272\n|gametype|singles\n|player|p1|TexanFarmersMarket|gambler|\n|player|p2|ScootDDuck|falkner|\n|teamsize|p1|6\n|teamsize|p2|6\n|gen|9\n|tier|[Gen 9] National Dex\n|rule|HP Percentage Mod: HP is shown in percentages\n|rule|Endless Battle Clause: Forcing endless battles is banned\n|rule|OHKO Clause: OHKO moves are banned\n|rule|Evasion Clause: Evasion abilities, items, and moves are banned\n|rule|Evasion Abilities Clause: Evasion abilities are banned\n|rule|Evasion Items Clause: Evasion items are banned\n|rule|Evasion Moves Clause: Evasion moves are banned\n|rule|Species Clause: Limit one of each Pok\u00e9mon\n|rule|Sleep Clause Mod: Limit one foe put to sleep\n|clearpoke\n|poke|p1|Ursaluna, M|\n|poke|p1|Noivern, F|\n|poke|p1|Hitmontop, M|\n|poke|p1|Mimikyu, F|\n|poke|p1|Aggron, F|\n|poke|p1|Lopunny, F|\n|poke|p2|Hippowdon, M|\n|poke|p2|Minior|\n|poke|p2|Excadrill, M|\n|poke|p2|Garchomp, M|\n|poke|p2|Nidoking, M|\n|poke|p2|Gastrodon, F|\n|teampreview\n|inactive|Battle timer is ON: inactive players will automatically lose when time's up. (requested by TexanFarmersMarket)\n|c|\u2606ScootDDuck|Gl hf\n|c|\u2606TexanFarmersMarket|u2\n|\n|t:|1700323286\n|start\n|switch|p1a: Breakdancer|Hitmontop, M|100\/100\n|switch|p2a: Sabo|Minior, shiny|100\/100\n|-formechange|p2a: Sabo|Minior-Meteor||[from] ability: Shields Down\n|turn|1\n|\n|t:|1700323291\n|move|p1a: Breakdancer|Fake Out|p2a: Sabo\n|-resisted|p2a: Sabo\n|-damage|p2a: Sabo|88\/100\n|cant|p2a: Sabo|flinch\n|\n|upkeep\n|turn|2\n|\n|t:|1700323294\n|move|p1a: Breakdancer|Bullet Punch|p2a: Sabo\n|-supereffective|p2a: Sabo\n|-damage|p2a: Sabo|23\/100\n|move|p2a: Sabo|Shell Smash|p2a: Sabo\n|-unboost|p2a: Sabo|def|1\n|-unboost|p2a: Sabo|spd|1\n|-boost|p2a: Sabo|atk|2\n|-boost|p2a: Sabo|spa|2\n|-boost|p2a: Sabo|spe|2\n|\n|-formechange|p2a: Sabo|Minior||[from] ability: Shields Down\n|upkeep\n|turn|3\n|\n|t:|1700323298\n|move|p1a: Breakdancer|Bullet Punch|p2a: Sabo\n|-supereffective|p2a: Sabo\n|-damage|p2a: Sabo|0 fnt\n|faint|p2a: Sabo\n|\n|upkeep\n|\n|t:|1700323301\n|switch|p2a: Whitebeard|Hippowdon, M|100\/100\n|-weather|Sandstorm|[from] ability: Sand Stream|[of] p2a: Whitebeard\n|turn|4\n|\n|t:|1700323306\n|move|p1a: Breakdancer|Triple Axel|p2a: Whitebeard\n|-supereffective|p2a: Whitebeard\n|-damage|p2a: Whitebeard|88\/100\n|-supereffective|p2a: Whitebeard\n|-damage|p2a: Whitebeard|66\/100\n|-supereffective|p2a: Whitebeard\n|-damage|p2a: Whitebeard|31\/100\n|-hitcount|p2a: Whitebeard|3\n|move|p2a: Whitebeard|Toxic|p1a: Breakdancer\n|-status|p1a: Breakdancer|tox\n|\n|-weather|Sandstorm|[upkeep]\n|-damage|p1a: Breakdancer|95\/100 tox|[from] Sandstorm\n|-damage|p1a: Breakdancer|89\/100 tox|[from] psn\n|upkeep\n|turn|5\n|\n|t:|1700323313\n|switch|p2a: Pudding|Gastrodon, F|100\/100\n|move|p1a: Breakdancer|Triple Axel|p2a: Pudding\n|-damage|p2a: Pudding|94\/100\n|-damage|p2a: Pudding|79\/100\n|-damage|p2a: Pudding|61\/100\n|-hitcount|p2a: Pudding|3\n|\n|-weather|Sandstorm|[upkeep]\n|-damage|p1a: Breakdancer|83\/100 tox|[from] Sandstorm\n|-heal|p2a: Pudding|67\/100|[from] item: Leftovers\n|-damage|p1a: Breakdancer|71\/100 tox|[from] psn\n|upkeep\n|turn|6\n|\n|t:|1700323327\n|move|p1a: Breakdancer|Triple Axel|p2a: Pudding\n|-damage|p2a: Pudding|61\/100\n|-damage|p2a: Pudding|46\/100\n|-damage|p2a: Pudding|24\/100\n|-hitcount|p2a: Pudding|3\n|move|p2a: Pudding|Ice Beam|p1a: Breakdancer\n|-damage|p1a: Breakdancer|50\/100 tox\n|\n|-weather|Sandstorm|[upkeep]\n|-damage|p1a: Breakdancer|44\/100 tox|[from] Sandstorm\n|-heal|p2a: Pudding|31\/100|[from] item: Leftovers\n|-damage|p1a: Breakdancer|27\/100 tox|[from] psn\n|upkeep\n|turn|7\n|\n|t:|1700323336\n|move|p1a: Breakdancer|Triple Axel|p2a: Pudding\n|-damage|p2a: Pudding|24\/100\n|-damage|p2a: Pudding|11\/100\n|-damage|p2a: Pudding|0 fnt\n|faint|p2a: Pudding\n|-hitcount|p2: Pudding|3\n|\n|-weather|Sandstorm|[upkeep]\n|-damage|p1a: Breakdancer|21\/100 tox|[from] Sandstorm\n|-damage|p1a: Breakdancer|0 fnt|[from] psn\n|faint|p1a: Breakdancer\n|upkeep\n|\n|t:|1700323346\n|switch|p1a: Not Pikachu|Mimikyu, F|100\/100\n|switch|p2a: Zoro|Excadrill, M, shiny|100\/100\n|turn|8\n|\n|t:|1700323352\n|move|p2a: Zoro|Iron Head|p1a: Not Pikachu\n|-activate|p1a: Not Pikachu|ability: Disguise\n|-damage|p1a: Not Pikachu|100\/100\n|detailschange|p1a: Not Pikachu|Mimikyu-Busted, F\n|-damage|p1a: Not Pikachu|88\/100|[from] pokemon: Mimikyu-Busted\n|move|p1a: Not Pikachu|Swords Dance|p1a: Not Pikachu\n|-boost|p1a: Not Pikachu|atk|2\n|\n|-weather|Sandstorm|[upkeep]\n|-damage|p1a: Not Pikachu|82\/100|[from] Sandstorm\n|upkeep\n|turn|9\n|\n|t:|1700323355\n|move|p2a: Zoro|Iron Head|p1a: Not Pikachu\n|-supereffective|p1a: Not Pikachu\n|-damage|p1a: Not Pikachu|0 fnt\n|faint|p1a: Not Pikachu\n|\n|-weather|Sandstorm|[upkeep]\n|upkeep\n|\n|t:|1700323358\n|switch|p1a: Contact Only|Aggron, F|100\/100\n|turn|10\n|\n|t:|1700323363\n|switch|p2a: Monkey D. Dragon|Garchomp, M, shiny|100\/100\n|switch|p1a: AHHHH!!!!!|Noivern, F|100\/100\n|-item|p2a: Monkey D. Dragon|Garchompite|[from] ability: Frisk|[of] p1a: AHHHH!!!!!|[identify]\n|\n|-weather|Sandstorm|[upkeep]\n|-damage|p1a: AHHHH!!!!!|94\/100|[from] Sandstorm\n|upkeep\n|turn|11\n|\n|t:|1700323370\n|detailschange|p2a: Monkey D. Dragon|Garchomp-Mega, M, shiny\n|-mega|p2a: Monkey D. Dragon|Garchomp|Garchompite\n|-terastallize|p1a: AHHHH!!!!!|Normal\n|move|p1a: AHHHH!!!!!|Boomburst|p2a: Monkey D. Dragon\n|-damage|p2a: Monkey D. Dragon|18\/100\n|move|p2a: Monkey D. Dragon|Dragon Claw|p1a: AHHHH!!!!!\n|-damage|p1a: AHHHH!!!!!|32\/100\n|\n|-weather|none\n|upkeep\n|turn|12\n|\n|t:|1700323381\n|switch|p1a: Not Ursaring|Ursaluna, M|100\/100\n|move|p2a: Monkey D. Dragon|Earthquake|p1a: Not Ursaring\n|-damage|p1a: Not Ursaring|52\/100\n|\n|-status|p1a: Not Ursaring|brn|[from] item: Flame Orb\n|upkeep\n|turn|13\n|\n|t:|1700323388\n|move|p1a: Not Ursaring|Protect|p1a: Not Ursaring\n|-singleturn|p1a: Not Ursaring|Protect\n|move|p2a: Monkey D. Dragon|Dragon Claw|p1a: Not Ursaring\n|-activate|p1a: Not Ursaring|move: Protect\n|\n|-damage|p1a: Not Ursaring|46\/100 brn|[from] brn\n|upkeep\n|turn|14\n|\n|t:|1700323392\n|move|p2a: Monkey D. Dragon|Dragon Claw|p1a: Not Ursaring\n|-damage|p1a: Not Ursaring|10\/100 brn\n|move|p1a: Not Ursaring|Facade|p2a: Monkey D. Dragon\n|-damage|p2a: Monkey D. Dragon|0 fnt\n|faint|p2a: Monkey D. Dragon\n|\n|-damage|p1a: Not Ursaring|4\/100 brn|[from] brn\n|upkeep\n|\n|t:|1700323396\n|switch|p2a: Whitebeard|Hippowdon, M|31\/100\n|-weather|Sandstorm|[from] ability: Sand Stream|[of] p2a: Whitebeard\n|turn|15\n|\n|t:|1700323400\n|switch|p2a: Doku Doku|Nidoking, M|100\/100\n|move|p1a: Not Ursaring|Facade|p2a: Doku Doku\n|-damage|p2a: Doku Doku|0 fnt\n|faint|p2a: Doku Doku\n|\n|-weather|Sandstorm|[upkeep]\n|-damage|p1a: Not Ursaring|0 fnt|[from] brn\n|faint|p1a: Not Ursaring\n|upkeep\n|\n|t:|1700323408\n|switch|p2a: Zoro|Excadrill, M, shiny|100\/100\n|switch|p1a: Gamefreak What|Lopunny, F|100\/100\n|turn|16\n|\n|t:|1700323412\n|detailschange|p1a: Gamefreak What|Lopunny-Mega, F\n|-mega|p1a: Gamefreak What|Lopunny|Lopunnite\n|-terastallize|p2a: Zoro|Ground\n|move|p1a: Gamefreak What|Fake Out|p2a: Zoro\n|-damage|p2a: Zoro|68\/100\n|cant|p2a: Zoro|flinch\n|\n|-weather|Sandstorm|[upkeep]\n|-damage|p1a: Gamefreak What|95\/100|[from] Sandstorm\n|upkeep\n|turn|17\n|\n|t:|1700323418\n|move|p2a: Zoro|Earthquake|p1a: Gamefreak What\n|-damage|p1a: Gamefreak What|0 fnt\n|faint|p1a: Gamefreak What\n|\n|-weather|Sandstorm|[upkeep]\n|upkeep\n|\n|t:|1700323422\n|switch|p1a: Contact Only|Aggron, F|100\/100\n|turn|18\n|\n|t:|1700323424\n|move|p2a: Zoro|Earthquake|p1a: Contact Only\n|-supereffective|p1a: Contact Only\n|-ability|p1a: Contact Only|Sturdy\n|-damage|p1a: Contact Only|1\/100\n|move|p1a: Contact Only|Aqua Tail|p2a: Zoro\n|-supereffective|p2a: Zoro\n|-damage|p2a: Zoro|0 fnt\n|faint|p2a: Zoro\n|\n|-weather|Sandstorm|[upkeep]\n|upkeep\n|\n|t:|1700323427\n|switch|p2a: Whitebeard|Hippowdon, M|31\/100\n|turn|19\n|\n|t:|1700323434\n|move|p1a: Contact Only|Aqua Tail|p2a: Whitebeard\n|-supereffective|p2a: Whitebeard\n|-damage|p2a: Whitebeard|0 fnt\n|faint|p2a: Whitebeard\n|\n|win|TexanFarmersMarket\n|c|\u2606ScootDDuck|GG\n|c|\u2606TexanFarmersMarket|ggwp\n|l|\u2606TexanFarmersMarket\n|j|\u2606TexanFarmersMarket\n|player|p1|TexanFarmersMarket|gambler\n","uploadtime":1700323442,"views":20,"p1id":"texanfarmersmarket","p2id":"scootdduck","formatid":"gen9nationaldex","rating":0,"private":0,"password":""}