{"id":"gen9nationaldex-1991604075","p1":"lemmybro87","p2":"MorthDaMooth","format":"[Gen 9] National Dex","log":"|j|\u2606lemmybro87\n|j|\u2606MorthDaMooth\n|t:|1700093223\n|gametype|singles\n|player|p1|lemmybro87|liza|\n|player|p2|MorthDaMooth|170|\n|teamsize|p1|6\n|teamsize|p2|6\n|gen|9\n|tier|[Gen 9] National Dex\n|rule|HP Percentage Mod: HP is shown in percentages\n|rule|Endless Battle Clause: Forcing endless battles is banned\n|rule|OHKO Clause: OHKO moves are banned\n|rule|Evasion Clause: Evasion abilities, items, and moves are banned\n|rule|Evasion Abilities Clause: Evasion abilities are banned\n|rule|Evasion Items Clause: Evasion items are banned\n|rule|Evasion Moves Clause: Evasion moves are banned\n|rule|Species Clause: Limit one of each Pok\u00e9mon\n|rule|Sleep Clause Mod: Limit one foe put to sleep\n|clearpoke\n|poke|p1|Feraligatr, M|\n|poke|p1|Victini|\n|poke|p1|Rhyperior, M|\n|poke|p1|Tinkaton, F|\n|poke|p1|Serperior, M|\n|poke|p1|Metagross|\n|poke|p2|Serperior, M|\n|poke|p2|Noivern, M|\n|poke|p2|Tinkaton, F|\n|poke|p2|Slither Wing|\n|poke|p2|Milotic, F|\n|poke|p2|Clodsire, M|\n|teampreview\n|\n|t:|1700093252\n|start\n|switch|p1a: smik smash|Tinkaton, F|100\/100\n|switch|p2a: The Lad!|Clodsire, M|100\/100\n|-ability|p1a: smik smash|Mold Breaker\n|turn|1\n|\n|t:|1700093262\n|move|p1a: smik smash|Stealth Rock|p2a: The Lad!\n|-sidestart|p2: MorthDaMooth|move: Stealth Rock\n|move|p2a: The Lad!|Stealth Rock|p1a: smik smash\n|-sidestart|p1: lemmybro87|move: Stealth Rock\n|\n|upkeep\n|turn|2\n|\n|t:|1700093266\n|move|p1a: smik smash|Encore|p2a: The Lad!\n|-start|p2a: The Lad!|Encore\n|move|p2a: The Lad!|Stealth Rock||[still]\n|-fail|p2a: The Lad!\n|\n|upkeep\n|turn|3\n|\n|t:|1700093277\n|switch|p2a: Floof Mooth|Slither Wing|100\/100\n|move|p1a: smik smash|Knock Off|p2a: Floof Mooth\n|-resisted|p2a: Floof Mooth\n|-damage|p2a: Floof Mooth|86\/100\n|-enditem|p2a: Floof Mooth|Heavy-Duty Boots|[from] move: Knock Off|[of] p1a: smik smash\n|\n|upkeep\n|turn|4\n|\n|t:|1700093285\n|switch|p1a: Serperior|Serperior, M|100\/100\n|-damage|p1a: Serperior|88\/100|[from] Stealth Rock\n|move|p2a: Floof Mooth|Will-O-Wisp|p1a: Serperior|[miss]\n|-miss|p2a: Floof Mooth|p1a: Serperior\n|\n|-heal|p1a: Serperior|94\/100|[from] item: Leftovers\n|upkeep\n|turn|5\n|\n|t:|1700093293\n|move|p1a: Serperior|Defog|p2a: Floof Mooth\n|-unboost|p2a: Floof Mooth|evasion|1\n|-sideend|p2: MorthDaMooth|Stealth Rock|[from] move: Defog|[of] p1a: Serperior\n|-sideend|p1: lemmybro87|Stealth Rock|[from] move: Defog|[of] p1a: Serperior\n|move|p2a: Floof Mooth|U-turn|p1a: Serperior\n|-supereffective|p1a: Serperior\n|-damage|p1a: Serperior|0 fnt\n|faint|p1a: Serperior\n|\n|t:|1700093299\n|-end|p2a: Floof Mooth|Protosynthesis|[silent]\n|switch|p2a: The Lad!|Clodsire, M|100\/100|[from] U-turn\n|\n|upkeep\n|\n|t:|1700093304\n|switch|p1a: Bismark|Rhyperior, M|100\/100\n|turn|6\n|\n|t:|1700093307\n|move|p1a: Bismark|Earthquake|p2a: The Lad!\n|-supereffective|p2a: The Lad!\n|-damage|p2a: The Lad!|0 fnt\n|faint|p2a: The Lad!\n|\n|upkeep\n|\n|t:|1700093312\n|switch|p2a: Da Snoove!|Serperior, M|100\/100\n|turn|7\n|\n|t:|1700093322\n|-terastallize|p1a: Bismark|Fairy\n|move|p2a: Da Snoove!|Leaf Storm|p1a: Bismark\n|-damage|p1a: Bismark|57\/100\n|-boost|p2a: Da Snoove!|spa|2\n|move|p1a: Bismark|Avalanche|p2a: Da Snoove!\n|-supereffective|p2a: Da Snoove!\n|-damage|p2a: Da Snoove!|0 fnt\n|faint|p2a: Da Snoove!\n|\n|upkeep\n|\n|t:|1700093334\n|switch|p2a: Whamma Slam!|Tinkaton, F|100\/100\n|-ability|p2a: Whamma Slam!|Mold Breaker\n|turn|8\n|\n|t:|1700093338\n|move|p2a: Whamma Slam!|Gigaton Hammer|p1a: Bismark\n|-supereffective|p1a: Bismark\n|-damage|p1a: Bismark|0 fnt\n|faint|p1a: Bismark\n|\n|upkeep\n|\n|t:|1700093345\n|switch|p1a: smik smash|Tinkaton, F|100\/100\n|-ability|p1a: smik smash|Mold Breaker\n|turn|9\n|j| Stealth 25\n|\n|t:|1700093350\n|move|p1a: smik smash|Knock Off|p2a: Whamma Slam!\n|-resisted|p2a: Whamma Slam!\n|-damage|p2a: Whamma Slam!|85\/100\n|-enditem|p2a: Whamma Slam!|Leftovers|[from] move: Knock Off|[of] p1a: smik smash\n|move|p2a: Whamma Slam!|Swords Dance|p2a: Whamma Slam!\n|-boost|p2a: Whamma Slam!|atk|2\n|\n|upkeep\n|turn|10\n|\n|t:|1700093359\n|move|p1a: smik smash|Encore|p2a: Whamma Slam!\n|-start|p2a: Whamma Slam!|Encore\n|move|p2a: Whamma Slam!|Swords Dance|p2a: Whamma Slam!\n|-boost|p2a: Whamma Slam!|atk|2\n|\n|upkeep\n|turn|11\n|\n|t:|1700093365\n|move|p1a: smik smash|Knock Off|p2a: Whamma Slam!\n|-resisted|p2a: Whamma Slam!\n|-crit|p2a: Whamma Slam!\n|-damage|p2a: Whamma Slam!|71\/100\n|move|p2a: Whamma Slam!|Swords Dance|p2a: Whamma Slam!\n|-boost|p2a: Whamma Slam!|atk|2\n|\n|upkeep\n|turn|12\n|\n|t:|1700093371\n|switch|p1a: Saber|Feraligatr, M|100\/100\n|move|p2a: Whamma Slam!|Swords Dance|p2a: Whamma Slam!\n|-boost|p2a: Whamma Slam!|atk|0\n|\n|-end|p2a: Whamma Slam!|Encore\n|upkeep\n|turn|13\n|\n|t:|1700093378\n|move|p2a: Whamma Slam!|Play Rough|p1a: Saber\n|-damage|p1a: Saber|0 fnt\n|faint|p1a: Saber\n|\n|upkeep\n|\n|t:|1700093380\n|switch|p1a: Metagross|Metagross, shiny|100\/100\n|turn|14\n|\n|t:|1700093385\n|move|p2a: Whamma Slam!|Gigaton Hammer|p1a: Metagross\n|-resisted|p1a: Metagross\n|-damage|p1a: Metagross|0 fnt\n|faint|p1a: Metagross\n|\n|upkeep\n|\n|t:|1700093388\n|switch|p1a: smik smash|Tinkaton, F|100\/100\n|-ability|p1a: smik smash|Mold Breaker\n|turn|15\n|\n|t:|1700093400\n|move|p1a: smik smash|Encore|p2a: Whamma Slam!\n|-start|p2a: Whamma Slam!|Encore\n|move|p2a: Whamma Slam!|Gigaton Hammer|p1a: smik smash\n|-enditem|p1a: smik smash|Focus Sash\n|-damage|p1a: smik smash|1\/100\n|-hint|Some effects can force a Pokemon to use Gigaton Hammer again in a row.\n|\n|upkeep\n|turn|16\n|\n|t:|1700093407\n|-activate|p2a: Whamma Slam!|move: Struggle\n|move|p2a: Whamma Slam!|Struggle|p1a: smik smash\n|-damage|p1a: smik smash|0 fnt\n|faint|p1a: smik smash\n|-damage|p2a: Whamma Slam!|46\/100|[from] recoil\n|\n|upkeep\n|\n|t:|1700093410\n|switch|p1a: Victory|Victini|100\/100\n|turn|17\n|\n|t:|1700093417\n|move|p2a: Whamma Slam!|Gigaton Hammer|p1a: Victory\n|-resisted|p1a: Victory\n|-damage|p1a: Victory|0 fnt\n|faint|p1a: Victory\n|\n|win|MorthDaMooth\n|l|\u2606lemmybro87\n","uploadtime":1700093430,"views":20,"p1id":"lemmybro87","p2id":"morthdamooth","formatid":"gen9nationaldex","rating":0,"private":0,"password":""}