{"id":"gen9nationaldex-1993316995","p1":"espino15234125","p2":"Dark Umbreon 08","format":"[Gen 9] National Dex","log":"|j|\u2606espino15234125\n|j|\u2606Dark Umbreon 08\n|t:|1700296925\n|gametype|singles\n|player|p1|espino15234125|170|1295\n|player|p2|Dark Umbreon 08|lass-gen4dp|1260\n|teamsize|p1|6\n|teamsize|p2|6\n|gen|9\n|tier|[Gen 9] National Dex\n|rated|\n|rule|HP Percentage Mod: HP is shown in percentages\n|rule|Endless Battle Clause: Forcing endless battles is banned\n|rule|OHKO Clause: OHKO moves are banned\n|rule|Evasion Clause: Evasion abilities, items, and moves are banned\n|rule|Evasion Abilities Clause: Evasion abilities are banned\n|rule|Evasion Items Clause: Evasion items are banned\n|rule|Evasion Moves Clause: Evasion moves are banned\n|rule|Species Clause: Limit one of each Pok\u00e9mon\n|rule|Sleep Clause Mod: Limit one foe put to sleep\n|clearpoke\n|poke|p1|Slowking, F|\n|poke|p1|Sandslash-Alola, M|\n|poke|p1|Ninetales-Alola, F|\n|poke|p1|Mew|\n|poke|p1|Volcarona, M|\n|poke|p1|Pikachu, F|\n|poke|p2|Ogerpon-Wellspring, F|\n|poke|p2|Hoopa-Unbound|\n|poke|p2|Gyarados, M|\n|poke|p2|Volcarona, F|\n|poke|p2|Arcanine-Hisui, F|\n|poke|p2|Gliscor, M|\n|teampreview\n|inactive|Battle timer is ON: inactive players will automatically lose when time's up. (requested by Dark Umbreon 08)\n|\n|t:|1700296936\n|start\n|switch|p1a: Ninetales|Ninetales-Alola, F|100\/100\n|switch|p2a: Gliscor|Gliscor, M|100\/100\n|-weather|Snow|[from] ability: Snow Warning|[of] p1a: Ninetales\n|turn|1\n|\n|t:|1700296945\n|switch|p2a: Arcanine|Arcanine-Hisui, F|100\/100\n|move|p1a: Ninetales|Aurora Veil|p1a: Ninetales\n|-sidestart|p1: espino15234125|move: Aurora Veil\n|\n|-weather|Snow|[upkeep]\n|upkeep\n|turn|2\n|inactive|Dark Umbreon 08 has 120 seconds left.\n|\n|t:|1700296976\n|switch|p1a: Slowking|Slowking, F|100\/100\n|move|p2a: Arcanine|Flare Blitz|p1a: Slowking\n|-resisted|p1a: Slowking\n|-crit|p1a: Slowking\n|-damage|p1a: Slowking|39\/100\n|\n|-weather|Snow|[upkeep]\n|upkeep\n|turn|3\n|\n|t:|1700297000\n|switch|p2a: Ogerpon|Ogerpon-Wellspring, F|100\/100\n|move|p1a: Slowking|Scald|p2a: Ogerpon\n|-immune|p2a: Ogerpon|[from] ability: Water Absorb\n|\n|-weather|Snow|[upkeep]\n|upkeep\n|turn|4\n|\n|t:|1700297011\n|move|p2a: Ogerpon|Brick Break|p1a: Slowking\n|-sideend|p1: espino15234125|move: Aurora Veil\n|-resisted|p1a: Slowking\n|-damage|p1a: Slowking|23\/100\n|move|p1a: Slowking|Chilly Reception|p1a: Slowking\n|\n|t:|1700297023\n|switch|p1a: Ninetales|Ninetales-Alola, F|100\/100|[from] Chilly Reception\n|\n|-weather|Snow|[upkeep]\n|upkeep\n|turn|5\n|\n|t:|1700297027\n|switch|p2a: Gliscor|Gliscor, M|100\/100\n|move|p1a: Ninetales|Aurora Veil|p1a: Ninetales\n|-sidestart|p1: espino15234125|move: Aurora Veil\n|\n|-weather|none\n|-status|p2a: Gliscor|tox|[from] item: Toxic Orb\n|upkeep\n|turn|6\n|\n|t:|1700297036\n|switch|p2a: Arcanine|Arcanine-Hisui, F|100\/100\n|move|p1a: Ninetales|Freeze-Dry|p2a: Arcanine\n|-resisted|p2a: Arcanine\n|-damage|p2a: Arcanine|88\/100\n|\n|upkeep\n|turn|7\n|\n|t:|1700297048\n|move|p1a: Ninetales|Hypnosis|p2a: Arcanine\n|-status|p2a: Arcanine|slp|[from] move: Hypnosis\n|cant|p2a: Arcanine|slp\n|\n|upkeep\n|turn|8\n|\n|t:|1700297054\n|switch|p1a: Slowking|Slowking, F|56\/100\n|cant|p2a: Arcanine|slp\n|\n|upkeep\n|turn|9\n|\n|t:|1700297059\n|switch|p2a: Ogerpon|Ogerpon-Wellspring, F|100\/100\n|move|p1a: Slowking|Scald|p2a: Ogerpon\n|-immune|p2a: Ogerpon|[from] ability: Water Absorb\n|\n|upkeep\n|turn|10\n|\n|t:|1700297064\n|move|p2a: Ogerpon|Brick Break|p1a: Slowking\n|-sideend|p1: espino15234125|move: Aurora Veil\n|-resisted|p1a: Slowking\n|-damage|p1a: Slowking|40\/100\n|move|p1a: Slowking|Chilly Reception|p1a: Slowking\n|-weather|Snow\n|\n|t:|1700297072\n|switch|p1a: Ninetales|Ninetales-Alola, F|100\/100|[from] Chilly Reception\n|\n|-weather|Snow|[upkeep]\n|upkeep\n|turn|11\n|\n|t:|1700297075\n|switch|p2a: Arcanine|Arcanine-Hisui, F|88\/100 slp\n|move|p1a: Ninetales|Freeze-Dry|p2a: Arcanine\n|-resisted|p2a: Arcanine\n|-crit|p2a: Arcanine\n|-damage|p2a: Arcanine|70\/100 slp\n|\n|-weather|Snow|[upkeep]\n|upkeep\n|turn|12\n|\n|t:|1700297080\n|move|p1a: Ninetales|Aurora Veil|p1a: Ninetales\n|-sidestart|p1: espino15234125|move: Aurora Veil\n|cant|p2a: Arcanine|slp\n|\n|-weather|Snow|[upkeep]\n|upkeep\n|turn|13\n|\n|t:|1700297087\n|move|p1a: Ninetales|Freeze-Dry|p2a: Arcanine\n|-resisted|p2a: Arcanine\n|-damage|p2a: Arcanine|57\/100 slp\n|-curestatus|p2a: Arcanine|slp|[msg]\n|move|p2a: Arcanine|Head Smash|p1a: Ninetales|[miss]\n|-miss|p2a: Arcanine|p1a: Ninetales\n|\n|-weather|Snow|[upkeep]\n|upkeep\n|turn|14\n|\n|t:|1700297094\n|move|p1a: Ninetales|Hypnosis|p2a: Arcanine|[miss]\n|-miss|p1a: Ninetales|p2a: Arcanine\n|move|p2a: Arcanine|Head Smash|p1a: Ninetales|[miss]\n|-miss|p2a: Arcanine|p1a: Ninetales\n|\n|-weather|Snow|[upkeep]\n|upkeep\n|turn|15\n|\n|t:|1700297098\n|move|p1a: Ninetales|Hypnosis|p2a: Arcanine|[miss]\n|-miss|p1a: Ninetales|p2a: Arcanine\n|move|p2a: Arcanine|Head Smash|p1a: Ninetales\n|-supereffective|p1a: Ninetales\n|-damage|p1a: Ninetales|10\/100\n|\n|-weather|Snow|[upkeep]\n|upkeep\n|turn|16\n|\n|t:|1700297103\n|move|p1a: Ninetales|Hypnosis|p2a: Arcanine|[miss]\n|-miss|p1a: Ninetales|p2a: Arcanine\n|move|p2a: Arcanine|Head Smash|p1a: Ninetales\n|-supereffective|p1a: Ninetales\n|-damage|p1a: Ninetales|0 fnt\n|faint|p1a: Ninetales\n|\n|-weather|Snow|[upkeep]\n|upkeep\n|\n|t:|1700297107\n|switch|p1a: Mew|Mew|100\/100\n|turn|17\n|\n|t:|1700297114\n|switch|p2a: Gyarados|Gyarados, M|100\/100\n|-ability|p2a: Gyarados|Intimidate|boost\n|-unboost|p1a: Mew|atk|1\n|move|p1a: Mew|Cosmic Power|p1a: Mew\n|-boost|p1a: Mew|def|1\n|-boost|p1a: Mew|spd|1\n|\n|-weather|none\n|upkeep\n|turn|18\n|\n|t:|1700297121\n|move|p1a: Mew|Cosmic Power|p1a: Mew\n|-boost|p1a: Mew|def|1\n|-boost|p1a: Mew|spd|1\n|move|p2a: Gyarados|Dragon Dance|p2a: Gyarados\n|-boost|p2a: Gyarados|atk|1\n|-boost|p2a: Gyarados|spe|1\n|\n|upkeep\n|turn|19\n|\n|t:|1700297126\n|detailschange|p2a: Gyarados|Gyarados-Mega, M\n|-mega|p2a: Gyarados|Gyarados|Gyaradosite\n|-ability|p2a: Gyarados|Mold Breaker\n|-terastallize|p1a: Mew|Steel\n|move|p2a: Gyarados|Crunch|p1a: Mew\n|-damage|p1a: Mew|83\/100\n|move|p1a: Mew|Cosmic Power|p1a: Mew\n|-boost|p1a: Mew|def|1\n|-boost|p1a: Mew|spd|1\n|\n|-sideend|p1: espino15234125|move: Aurora Veil\n|upkeep\n|turn|20\n|\n|t:|1700297135\n|move|p2a: Gyarados|Earthquake|p1a: Mew\n|-supereffective|p1a: Mew\n|-damage|p1a: Mew|41\/100\n|move|p1a: Mew|Body Press|p2a: Gyarados\n|-supereffective|p2a: Gyarados\n|-crit|p2a: Gyarados\n|-damage|p2a: Gyarados|0 fnt\n|faint|p2a: Gyarados\n|\n|upkeep\n|\n|t:|1700297142\n|switch|p2a: Hoopa|Hoopa-Unbound|100\/100\n|turn|21\n|\n|t:|1700297146\n|move|p2a: Hoopa|Dark Pulse|p1a: Mew\n|-crit|p1a: Mew\n|-damage|p1a: Mew|0 fnt\n|faint|p1a: Mew\n|\n|upkeep\n|\n|t:|1700297150\n|switch|p1a: Slowking|Slowking, F|74\/100\n|turn|22\n|\n|t:|1700297156\n|move|p2a: Hoopa|Dark Pulse|p1a: Slowking\n|-supereffective|p1a: Slowking\n|-damage|p1a: Slowking|11\/100\n|move|p1a: Slowking|Chilly Reception|p1a: Slowking\n|-weather|Snow\n|\n|t:|1700297159\n|switch|p1a: Sandslash|Sandslash-Alola, M|100\/100|[from] Chilly Reception\n|\n|-weather|Snow|[upkeep]\n|upkeep\n|turn|23\n|\n|t:|1700297168\n|switch|p2a: Volcarona|Volcarona, F|100\/100\n|move|p1a: Sandslash|Knock Off|p2a: Volcarona\n|-damage|p2a: Volcarona|34\/100\n|-enditem|p2a: Volcarona|Heavy-Duty Boots|[from] move: Knock Off|[of] p1a: Sandslash\n|-damage|p1a: Sandslash|91\/100|[from] item: Life Orb\n|\n|-weather|Snow|[upkeep]\n|upkeep\n|turn|24\n|\n|t:|1700297176\n|move|p1a: Sandslash|Earthquake|p2a: Volcarona\n|-damage|p2a: Volcarona|0 fnt\n|faint|p2a: Volcarona\n|-damage|p1a: Sandslash|81\/100|[from] item: Life Orb\n|\n|-weather|Snow|[upkeep]\n|upkeep\n|\n|t:|1700297182\n|switch|p2a: Ogerpon|Ogerpon-Wellspring, F|100\/100\n|turn|25\n|\n|t:|1700297193\n|-terastallize|p2a: Ogerpon|Water\n|detailschange|p2a: Ogerpon|Ogerpon-Wellspring-Tera, F, tera:Water\n|-ability|p2a: Ogerpon|Embody Aspect (Wellspring)|boost\n|-boost|p2a: Ogerpon|spd|1\n|move|p1a: Sandslash|Swords Dance|p1a: Sandslash\n|-boost|p1a: Sandslash|atk|2\n|move|p2a: Ogerpon|Brick Break|p1a: Sandslash\n|-supereffective|p1a: Sandslash\n|-damage|p1a: Sandslash|0 fnt\n|faint|p1a: Sandslash\n|\n|-weather|Snow|[upkeep]\n|upkeep\n|\n|t:|1700297203\n|switch|p1a: Volcarona|Volcarona, M|100\/100\n|turn|26\n|\n|t:|1700297207\n|move|p2a: Ogerpon|Ivy Cudgel|p1a: Volcarona|[anim] Ivy Cudgel Water\n|-supereffective|p1a: Volcarona\n|-damage|p1a: Volcarona|0 fnt\n|faint|p1a: Volcarona\n|\n|-weather|Snow|[upkeep]\n|upkeep\n|\n|t:|1700297212\n|switch|p1a: Pikachu|Pikachu, F|100\/100\n|turn|27\n|\n|t:|1700297216\n|move|p1a: Pikachu|Fake Out|p2a: Ogerpon\n|-damage|p2a: Ogerpon|79\/100\n|cant|p2a: Ogerpon|flinch\n|\n|-weather|Snow|[upkeep]\n|upkeep\n|turn|28\n|\n|t:|1700297218\n|move|p2a: Ogerpon|Ivy Cudgel|p1a: Pikachu|[anim] Ivy Cudgel Water\n|-damage|p1a: Pikachu|0 fnt\n|faint|p1a: Pikachu\n|\n|-weather|Snow|[upkeep]\n|upkeep\n|-message|espino15234125 forfeited.\n|\n|win|Dark Umbreon 08\n|raw|espino15234125's rating: 1295 &rarr; <strong>1267<\/strong><br \/>(-28 for losing)\n|raw|Dark Umbreon 08's rating: 1260 &rarr; <strong>1288<\/strong><br \/>(+28 for winning)\n|l|\u2606espino15234125\n","uploadtime":1700297230,"views":9,"p1id":"espino15234125","p2id":"darkumbreon08","formatid":"gen9nationaldex","rating":1267,"private":0,"password":""}