{"id":"gen9nationaldex-1995928116","p1":"littleht6666","p2":"Yalpur","format":"[Gen 9] National Dex","log":"|html|<div class=\"broadcast-blue\"><strong>[Gen 9] National Dex is currently suspecting Sneasler! For information on how to participate check out the <a href=\"https:\/\/www.smogon.com\/forums\/threads\/sv-national-dex-suspect-8-just-dance.3731534\/\">suspect thread<\/a>.<\/strong><\/div>\n|j|\u2606littleht6666\n|j|\u2606Yalpur\n|t:|1700618416\n|gametype|singles\n|player|p1|littleht6666|elesa|1597\n|player|p2|Yalpur|170|1772\n|teamsize|p1|6\n|teamsize|p2|6\n|gen|9\n|tier|[Gen 9] National Dex\n|rated|\n|rule|HP Percentage Mod: HP is shown in percentages\n|rule|Endless Battle Clause: Forcing endless battles is banned\n|rule|OHKO Clause: OHKO moves are banned\n|rule|Evasion Clause: Evasion abilities, items, and moves are banned\n|rule|Evasion Abilities Clause: Evasion abilities are banned\n|rule|Evasion Items Clause: Evasion items are banned\n|rule|Evasion Moves Clause: Evasion moves are banned\n|rule|Species Clause: Limit one of each Pok\u00e9mon\n|rule|Sleep Clause Mod: Limit one foe put to sleep\n|clearpoke\n|poke|p1|Weavile, M|\n|poke|p1|Landorus-Therian, M|\n|poke|p1|Zapdos|\n|poke|p1|Volcanion|\n|poke|p1|Ursaluna, M|\n|poke|p1|Kartana|\n|poke|p2|Tapu Koko|\n|poke|p2|Iron Hands|\n|poke|p2|Iron Valiant|\n|poke|p2|Hatterene, F|\n|poke|p2|Medicham, M|\n|poke|p2|Raichu-Alola, F|\n|teampreview\n|inactive|Battle timer is ON: inactive players will automatically lose when time's up. (requested by littleht6666)\n|\n|t:|1700618429\n|start\n|switch|p1a: Landorus|Landorus-Therian, M|100\/100\n|switch|p2a: Tapu Koko|Tapu Koko|100\/100\n|-fieldstart|move: Electric Terrain|[from] ability: Electric Surge|[of] p2a: Tapu Koko\n|-ability|p1a: Landorus|Intimidate|boost\n|-unboost|p2a: Tapu Koko|atk|1\n|turn|1\n|\n|t:|1700618438\n|move|p2a: Tapu Koko|U-turn|p1a: Landorus\n|-resisted|p1a: Landorus\n|-damage|p1a: Landorus|93\/100\n|\n|t:|1700618441\n|switch|p2a: Hatterene|Hatterene, F|100\/100|[from] U-turn\n|move|p1a: Landorus|U-turn|p2a: Hatterene\n|-damage|p2a: Hatterene|78\/100\n|-enditem|p2a: Hatterene|Eject Button\n|inactive|Yalpur has 120 seconds left.\n|\n|t:|1700618477\n|switch|p2a: Iron Valiant|Iron Valiant|100\/100\n|-activate|p2a: Iron Valiant|ability: Quark Drive\n|-start|p2a: Iron Valiant|quarkdrivespe\n|\n|-heal|p1a: Landorus|99\/100|[from] item: Leftovers\n|upkeep\n|turn|2\n|inactive|Yalpur has 120 seconds left.\n|\n|t:|1700618484\n|-terastallize|p2a: Iron Valiant|Fairy\n|move|p2a: Iron Valiant|Moonblast|p1a: Landorus\n|-damage|p1a: Landorus|40\/100\n|-damage|p2a: Iron Valiant|91\/100|[from] item: Life Orb\n|move|p1a: Landorus|U-turn|p2a: Iron Valiant\n|-resisted|p2a: Iron Valiant\n|-damage|p2a: Iron Valiant|78\/100\n|\n|t:|1700618490\n|switch|p1a: Volcanion|Volcanion|100\/100|[from] U-turn\n|\n|upkeep\n|turn|3\n|\n|t:|1700618494\n|move|p2a: Iron Valiant|Thunderbolt|p1a: Volcanion\n|-supereffective|p1a: Volcanion\n|-damage|p1a: Volcanion|0 fnt\n|faint|p1a: Volcanion\n|-damage|p2a: Iron Valiant|68\/100|[from] item: Life Orb\n|\n|upkeep\n|\n|t:|1700618507\n|switch|p1a: Ursaluna|Ursaluna, M|100\/100\n|turn|4\n|\n|t:|1700618512\n|move|p2a: Iron Valiant|Close Combat|p1a: Ursaluna\n|-supereffective|p1a: Ursaluna\n|-damage|p1a: Ursaluna|0 fnt\n|-unboost|p2a: Iron Valiant|def|1\n|-unboost|p2a: Iron Valiant|spd|1\n|faint|p1a: Ursaluna\n|-damage|p2a: Iron Valiant|58\/100|[from] item: Life Orb\n|\n|upkeep\n|\n|t:|1700618517\n|switch|p1a: Weavile|Weavile, M|100\/100\n|-ability|p1a: Weavile|Pressure\n|turn|5\n|\n|t:|1700618524\n|move|p1a: Weavile|Ice Shard|p2a: Iron Valiant\n|-damage|p2a: Iron Valiant|0 fnt\n|faint|p2a: Iron Valiant\n|-end|p2a: Iron Valiant|Quark Drive|[silent]\n|\n|upkeep\n|inactive|Yalpur has 120 seconds left.\n|\n|t:|1700618568\n|switch|p2a: Raichu|Raichu-Alola, F|100\/100\n|turn|6\n|\n|t:|1700618577\n|switch|p1a: Landorus|Landorus-Therian, M|40\/100\n|-ability|p1a: Landorus|Intimidate|boost\n|-unboost|p2a: Raichu|atk|1\n|move|p2a: Raichu|Hidden Power|p1a: Landorus\n|-supereffective|p1a: Landorus\n|-damage|p1a: Landorus|0 fnt\n|faint|p1a: Landorus\n|-damage|p2a: Raichu|91\/100|[from] item: Life Orb\n|\n|upkeep\n|\n|t:|1700618582\n|switch|p1a: Weavile|Weavile, M|100\/100\n|-ability|p1a: Weavile|Pressure\n|turn|7\n|\n|t:|1700618588\n|move|p2a: Raichu|Rising Voltage|p1a: Weavile\n|-hint|Rising Voltage's BP doubled on grounded target.\n|-damage|p1a: Weavile|0 fnt\n|faint|p1a: Weavile\n|-damage|p2a: Raichu|81\/100|[from] item: Life Orb\n|\n|upkeep\n|-message|littleht6666 forfeited.\n|\n|win|Yalpur\n|raw|littleht6666's rating: 1597 &rarr; <strong>1586<\/strong><br \/>(-11 for losing)\n|raw|Yalpur's rating: 1772 &rarr; <strong>1783<\/strong><br \/>(+11 for winning)\n|l|\u2606littleht6666\n","uploadtime":1700618599,"views":0,"p1id":"littleht6666","p2id":"yalpur","formatid":"gen9nationaldex","rating":1586,"private":0,"password":""}