{"id":"gen9nationaldex-1993506043","p1":"huangrice","p2":"ezmezma22t","format":"[Gen 9] National Dex","log":"|j|\u2606huangrice\n|j|\u2606ezmezma22t\n|t:|1700325895\n|gametype|singles\n|player|p1|huangrice|supernerd|1167\n|player|p2|ezmezma22t|266|1061\n|teamsize|p1|6\n|teamsize|p2|6\n|gen|9\n|tier|[Gen 9] National Dex\n|rated|\n|rule|HP Percentage Mod: HP is shown in percentages\n|rule|Endless Battle Clause: Forcing endless battles is banned\n|rule|OHKO Clause: OHKO moves are banned\n|rule|Evasion Clause: Evasion abilities, items, and moves are banned\n|rule|Evasion Abilities Clause: Evasion abilities are banned\n|rule|Evasion Items Clause: Evasion items are banned\n|rule|Evasion Moves Clause: Evasion moves are banned\n|rule|Species Clause: Limit one of each Pok\u00e9mon\n|rule|Sleep Clause Mod: Limit one foe put to sleep\n|clearpoke\n|poke|p1|Ninetales-Alola, F|\n|poke|p1|Latias, F|\n|poke|p1|Keldeo-Resolute|\n|poke|p1|Heatran, M|\n|poke|p1|Tapu Koko|\n|poke|p1|Ting-Lu|\n|poke|p2|Jolteon, M|\n|poke|p2|Skarmory, F|\n|poke|p2|Clefable, F|\n|poke|p2|Lopunny, M|\n|poke|p2|Gengar, F|\n|poke|p2|Lapras, M|\n|teampreview\n|inactive|Battle timer is ON: inactive players will automatically lose when time's up. (requested by huangrice)\n|\n|t:|1700325901\n|start\n|switch|p1a: Ting-Lu|Ting-Lu|100\/100\n|switch|p2a: Jolteon|Jolteon, M, shiny|100\/100\n|-ability|p1a: Ting-Lu|Vessel of Ruin\n|turn|1\n|\n|t:|1700325912\n|switch|p2a: Skarmory|Skarmory, F, shiny|100\/100\n|move|p1a: Ting-Lu|Spikes|p2a: Skarmory\n|-sidestart|p2: ezmezma22t|Spikes\n|\n|upkeep\n|turn|2\n|\n|t:|1700325925\n|move|p2a: Skarmory|Toxic|p1a: Ting-Lu\n|-status|p1a: Ting-Lu|tox\n|move|p1a: Ting-Lu|Spikes|p2a: Skarmory\n|-sidestart|p2: ezmezma22t|Spikes\n|\n|-damage|p1a: Ting-Lu|94\/100 tox|[from] psn\n|upkeep\n|turn|3\n|\n|t:|1700325939\n|switch|p1a: Heatran|Heatran, M|100\/100\n|move|p2a: Skarmory|Stealth Rock|p1a: Heatran\n|-sidestart|p1: huangrice|move: Stealth Rock\n|\n|upkeep\n|turn|4\n|\n|t:|1700325946\n|move|p1a: Heatran|Magma Storm|p2a: Skarmory|[miss]\n|-miss|p1a: Heatran|p2a: Skarmory\n|move|p2a: Skarmory|Whirlwind|p1a: Heatran\n|drag|p1a: Tapu Koko|Tapu Koko|100\/100\n|-damage|p1a: Tapu Koko|88\/100|[from] Stealth Rock\n|-fieldstart|move: Electric Terrain|[from] ability: Electric Surge|[of] p1a: Tapu Koko\n|\n|upkeep\n|turn|5\n|\n|t:|1700325957\n|switch|p2a: Jolteon|Jolteon, M, shiny|100\/100\n|-damage|p2a: Jolteon|84\/100|[from] Spikes\n|move|p1a: Tapu Koko|Defog|p2a: Jolteon\n|-unboost|p2a: Jolteon|evasion|1\n|-sideend|p2: ezmezma22t|Spikes|[from] move: Defog|[of] p1a: Tapu Koko\n|-sideend|p1: huangrice|Stealth Rock|[from] move: Defog|[of] p1a: Tapu Koko\n|-fieldend|move: Electric Terrain\n|\n|upkeep\n|turn|6\n|\n|t:|1700325974\n|move|p2a: Jolteon|Shadow Ball|p1a: Tapu Koko\n|-damage|p1a: Tapu Koko|26\/100\n|move|p1a: Tapu Koko|U-turn|p2a: Jolteon\n|-damage|p2a: Jolteon|42\/100\n|\n|t:|1700325984\n|switch|p1a: Latias|Latias, F, shiny|100\/100|[from] U-turn\n|\n|upkeep\n|turn|7\n|\n|t:|1700325990\n|detailschange|p1a: Latias|Latias-Mega, F, shiny\n|-mega|p1a: Latias|Latias|Latiasite\n|move|p2a: Jolteon|Shadow Ball|p1a: Latias\n|-supereffective|p1a: Latias\n|-damage|p1a: Latias|54\/100\n|move|p1a: Latias|Psyshock|p2a: Jolteon\n|-damage|p2a: Jolteon|0 fnt\n|faint|p2a: Jolteon\n|\n|upkeep\n|\n|t:|1700325996\n|switch|p2a: Lapras|Lapras, M|100\/100\n|turn|8\n|\n|t:|1700326003\n|move|p1a: Latias|Roost|p1a: Latias\n|-heal|p1a: Latias|100\/100\n|-singleturn|p1a: Latias|move: Roost\n|move|p2a: Lapras|Whirlpool|p1a: Latias|[miss]\n|-miss|p2a: Lapras|p1a: Latias\n|\n|upkeep\n|turn|9\n|\n|t:|1700326014\n|switch|p1a: Keldeo|Keldeo-Resolute|100\/100\n|move|p2a: Lapras|Whirlpool|p1a: Keldeo|[miss]\n|-miss|p2a: Lapras|p1a: Keldeo\n|\n|upkeep\n|turn|10\n|\n|t:|1700326021\n|-terastallize|p2a: Lapras|Ghost\n|move|p1a: Keldeo|Secret Sword|p2a: Lapras\n|-immune|p2a: Lapras\n|move|p2a: Lapras|Whirlpool|p1a: Keldeo\n|-resisted|p1a: Keldeo\n|-damage|p1a: Keldeo|94\/100\n|-activate|p1a: Keldeo|move: Whirlpool|[of] p2a: Lapras\n|\n|-damage|p1a: Keldeo|81\/100|[from] move: Whirlpool|[partiallytrapped]\n|upkeep\n|turn|11\n|inactive|huangrice has 120 seconds left.\n|\n|t:|1700326068\n|-terastallize|p1a: Keldeo|Water\n|move|p1a: Keldeo|Secret Sword|p2a: Lapras\n|-immune|p2a: Lapras\n|move|p2a: Lapras|Perish Song|p2a: Lapras\n|-start|p1a: Keldeo|perish3|[silent]\n|-start|p2a: Lapras|perish3|[silent]\n|-fieldactivate|move: Perish Song\n|\n|-damage|p1a: Keldeo|69\/100|[from] move: Whirlpool|[partiallytrapped]\n|-start|p1a: Keldeo|perish3\n|-start|p2a: Lapras|perish3\n|upkeep\n|turn|12\n|\n|t:|1700326082\n|move|p2a: Lapras|Protect|p2a: Lapras\n|-singleturn|p2a: Lapras|Protect\n|move|p1a: Keldeo|Secret Sword|p2a: Lapras\n|-activate|p2a: Lapras|move: Protect\n|\n|-damage|p1a: Keldeo|57\/100|[from] move: Whirlpool|[partiallytrapped]\n|-start|p1a: Keldeo|perish2\n|-start|p2a: Lapras|perish2\n|upkeep\n|turn|13\n|\n|t:|1700326094\n|move|p2a: Lapras|Protect||[still]\n|-fail|p2a: Lapras\n|move|p1a: Keldeo|Secret Sword|p2a: Lapras\n|-immune|p2a: Lapras\n|\n|-damage|p1a: Keldeo|44\/100|[from] move: Whirlpool|[partiallytrapped]\n|-start|p1a: Keldeo|perish1\n|-start|p2a: Lapras|perish1\n|upkeep\n|turn|14\n|\n|t:|1700326104\n|switch|p2a: Gengar|Gengar, F|100\/100\n|move|p1a: Keldeo|Secret Sword|p2a: Gengar\n|-immune|p2a: Gengar\n|\n|-end|p1a: Keldeo|Whirlpool|[partiallytrapped]\n|-start|p1a: Keldeo|perish0\n|upkeep\n|faint|p1a: Keldeo\n|\n|t:|1700326118\n|switch|p1a: Latias|Latias-Mega, F, shiny|100\/100\n|turn|15\n|\n|t:|1700326127\n|move|p2a: Gengar|Shadow Ball|p1a: Latias\n|-supereffective|p1a: Latias\n|-damage|p1a: Latias|41\/100\n|move|p1a: Latias|Psyshock|p2a: Gengar\n|-supereffective|p2a: Gengar\n|-enditem|p2a: Gengar|Focus Sash\n|-damage|p2a: Gengar|1\/100\n|\n|upkeep\n|turn|16\n|\n|t:|1700326145\n|switch|p1a: Ting-Lu|Ting-Lu|94\/100 tox\n|-ability|p1a: Ting-Lu|Vessel of Ruin\n|move|p2a: Gengar|Shadow Ball|p1a: Ting-Lu\n|-resisted|p1a: Ting-Lu\n|-damage|p1a: Ting-Lu|85\/100 tox\n|\n|-heal|p1a: Ting-Lu|91\/100 tox|[from] item: Leftovers\n|-damage|p1a: Ting-Lu|85\/100 tox|[from] psn\n|upkeep\n|turn|17\n|\n|t:|1700326156\n|move|p2a: Gengar|Destiny Bond|p2a: Gengar\n|-singlemove|p2a: Gengar|Destiny Bond\n|move|p1a: Ting-Lu|Earthquake|p2a: Gengar\n|-supereffective|p2a: Gengar\n|-damage|p2a: Gengar|0 fnt\n|-start|p1a: Ting-Lu|Disable|Earthquake|[from] ability: Cursed Body|[of] p2a: Gengar\n|faint|p2a: Gengar\n|-activate|p2a: Gengar|move: Destiny Bond\n|faint|p1a: Ting-Lu\n|\n|upkeep\n|\n|t:|1700326168\n|switch|p2a: Lapras|Lapras, M, tera:Ghost|100\/100\n|switch|p1a: Ninetales|Ninetales-Alola, F|100\/100\n|-weather|Snow|[from] ability: Snow Warning|[of] p1a: Ninetales\n|turn|18\n|\n|t:|1700326177\n|move|p1a: Ninetales|Aurora Veil|p1a: Ninetales\n|-sidestart|p1: huangrice|move: Aurora Veil\n|move|p2a: Lapras|Whirlpool|p1a: Ninetales\n|-damage|p1a: Ninetales|96\/100\n|-activate|p1a: Ninetales|move: Whirlpool|[of] p2a: Lapras\n|\n|-weather|Snow|[upkeep]\n|-damage|p1a: Ninetales|84\/100|[from] move: Whirlpool|[partiallytrapped]\n|upkeep\n|turn|19\n|\n|t:|1700326193\n|move|p1a: Ninetales|Encore|p2a: Lapras\n|-start|p2a: Lapras|Encore\n|move|p2a: Lapras|Whirlpool|p1a: Ninetales\n|-damage|p1a: Ninetales|78\/100\n|\n|-weather|Snow|[upkeep]\n|-damage|p1a: Ninetales|66\/100|[from] move: Whirlpool|[partiallytrapped]\n|upkeep\n|turn|20\n|\n|t:|1700326202\n|move|p1a: Ninetales|Freeze-Dry|p2a: Lapras\n|-damage|p2a: Lapras|90\/100\n|move|p2a: Lapras|Whirlpool|p1a: Ninetales\n|-crit|p1a: Ninetales\n|-damage|p1a: Ninetales|52\/100\n|\n|-weather|Snow|[upkeep]\n|-heal|p2a: Lapras|96\/100|[from] item: Leftovers\n|-damage|p1a: Ninetales|39\/100|[from] move: Whirlpool|[partiallytrapped]\n|upkeep\n|turn|21\n|\n|t:|1700326219\n|move|p1a: Ninetales|Safeguard|p1a: Ninetales\n|-sidestart|p1: huangrice|Safeguard\n|move|p2a: Lapras|Whirlpool|p1a: Ninetales\n|-damage|p1a: Ninetales|34\/100\n|\n|-weather|Snow|[upkeep]\n|-heal|p2a: Lapras|100\/100|[from] item: Leftovers\n|-damage|p1a: Ninetales|22\/100|[from] move: Whirlpool|[partiallytrapped]\n|-end|p2a: Lapras|Encore\n|upkeep\n|turn|22\n|inactive|huangrice has 90 seconds left.\n|\n|t:|1700326240\n|move|p1a: Ninetales|Aurora Veil||[still]\n|-fail|p1a: Ninetales\n|move|p2a: Lapras|Whirlpool|p1a: Ninetales\n|-damage|p1a: Ninetales|16\/100\n|\n|-weather|none\n|-end|p1a: Ninetales|Whirlpool|[partiallytrapped]\n|upkeep\n|turn|23\n|\n|t:|1700326249\n|move|p1a: Ninetales|Freeze-Dry|p2a: Lapras\n|-damage|p2a: Lapras|89\/100\n|move|p2a: Lapras|Whirlpool|p1a: Ninetales\n|-damage|p1a: Ninetales|12\/100\n|-activate|p1a: Ninetales|move: Whirlpool|[of] p2a: Lapras\n|\n|-heal|p2a: Lapras|96\/100|[from] item: Leftovers\n|-damage|p1a: Ninetales|0 fnt|[from] move: Whirlpool|[partiallytrapped]\n|faint|p1a: Ninetales\n|upkeep\n|inactive|huangrice has 90 seconds left.\n|\n|t:|1700326268\n|switch|p1a: Latias|Latias-Mega, F, shiny|41\/100\n|turn|24\n|inactive|huangrice has 90 seconds left.\n|\n|t:|1700326274\n|move|p1a: Latias|Psyshock|p2a: Lapras\n|-damage|p2a: Lapras|61\/100\n|move|p2a: Lapras|Whirlpool|p1a: Latias\n|-resisted|p1a: Latias\n|-damage|p1a: Latias|39\/100\n|-activate|p1a: Latias|move: Whirlpool|[of] p2a: Lapras\n|\n|-heal|p2a: Lapras|67\/100|[from] item: Leftovers\n|-damage|p1a: Latias|26\/100|[from] move: Whirlpool|[partiallytrapped]\n|upkeep\n|turn|25\n|\n|t:|1700326283\n|move|p2a: Lapras|Protect|p2a: Lapras\n|-singleturn|p2a: Lapras|Protect\n|move|p1a: Latias|Roost|p1a: Latias\n|-heal|p1a: Latias|76\/100\n|-singleturn|p1a: Latias|move: Roost\n|\n|-heal|p2a: Lapras|74\/100|[from] item: Leftovers\n|-damage|p1a: Latias|64\/100|[from] move: Whirlpool|[partiallytrapped]\n|-sideend|p1: huangrice|Safeguard\n|-sideend|p1: huangrice|move: Aurora Veil\n|upkeep\n|turn|26\n|\n|t:|1700326295\n|move|p1a: Latias|Psyshock|p2a: Lapras\n|-damage|p2a: Lapras|42\/100\n|move|p2a: Lapras|Perish Song|p2a: Lapras\n|-start|p1a: Latias|perish3|[silent]\n|-start|p2a: Lapras|perish3|[silent]\n|-fieldactivate|move: Perish Song\n|\n|-heal|p2a: Lapras|48\/100|[from] item: Leftovers\n|-damage|p1a: Latias|52\/100|[from] move: Whirlpool|[partiallytrapped]\n|-start|p1a: Latias|perish3\n|-start|p2a: Lapras|perish3\n|upkeep\n|turn|27\n|inactive|huangrice has 90 seconds left.\n|\n|t:|1700326312\n|move|p1a: Latias|Roost|p1a: Latias\n|-heal|p1a: Latias|100\/100\n|-singleturn|p1a: Latias|move: Roost\n|move|p2a: Lapras|Rest|p2a: Lapras\n|-status|p2a: Lapras|slp|[from] move: Rest\n|-heal|p2a: Lapras|100\/100 slp|[silent]\n|\n|-damage|p1a: Latias|88\/100|[from] move: Whirlpool|[partiallytrapped]\n|-start|p1a: Latias|perish2\n|-start|p2a: Lapras|perish2\n|upkeep\n|turn|28\n|inactive|huangrice has 90 seconds left.\n|\n|t:|1700326323\n|cant|p2a: Lapras|slp\n|move|p1a: Latias|Psyshock|p2a: Lapras\n|-damage|p2a: Lapras|70\/100 slp\n|\n|-heal|p2a: Lapras|76\/100 slp|[from] item: Leftovers\n|-end|p1a: Latias|Whirlpool|[partiallytrapped]\n|-start|p1a: Latias|perish1\n|-start|p2a: Lapras|perish1\n|upkeep\n|turn|29\n|inactive|huangrice has 90 seconds left.\n|\n|t:|1700326339\n|switch|p2a: Lopunny|Lopunny, M, shiny|100\/100\n|move|p1a: Latias|Psyshock|p2a: Lopunny\n|-damage|p2a: Lopunny|47\/100\n|\n|-start|p1a: Latias|perish0\n|upkeep\n|faint|p1a: Latias\n|inactive|huangrice has 90 seconds left.\n|-message|huangrice forfeited.\n|\n|win|ezmezma22t\n|raw|huangrice's rating: 1167 &rarr; <strong>1135<\/strong><br \/>(-32 for losing)\n|raw|ezmezma22t's rating: 1061 &rarr; <strong>1101<\/strong><br \/>(+40 for winning)\n|l|\u2606huangrice\n|l|\u2606ezmezma22t\n|j|\u2606huangrice\n|player|p1|huangrice|supernerd\n","uploadtime":1700326591,"views":6,"p1id":"huangrice","p2id":"ezmezma22t","formatid":"gen9nationaldex","rating":1101,"private":0,"password":""}