{"id":"gen9nationaldex-1998641423","p1":"GlaDosDOs","p2":"Echo the minun","format":"[Gen 9] National Dex","log":"|html|<div class=\"broadcast-blue\"><strong>[Gen 9] National Dex is currently suspecting Sneasler! For information on how to participate check out the <a href=\"https:\/\/www.smogon.com\/forums\/threads\/sv-national-dex-suspect-8-just-dance.3731534\/\">suspect thread<\/a>.<\/strong><\/div>\n|j|\u2606GlaDosDOs\n|j|\u2606Echo the minun\n|t:|1700966501\n|gametype|singles\n|player|p1|GlaDosDOs|cheren-gen5bw2|1040\n|player|p2|Echo the minun|plasmagrunt|1136\n|teamsize|p1|6\n|teamsize|p2|6\n|gen|9\n|tier|[Gen 9] National Dex\n|rated|\n|rule|HP Percentage Mod: HP is shown in percentages\n|rule|Endless Battle Clause: Forcing endless battles is banned\n|rule|OHKO Clause: OHKO moves are banned\n|rule|Evasion Clause: Evasion abilities, items, and moves are banned\n|rule|Evasion Abilities Clause: Evasion abilities are banned\n|rule|Evasion Items Clause: Evasion items are banned\n|rule|Evasion Moves Clause: Evasion moves are banned\n|rule|Species Clause: Limit one of each Pok\u00e9mon\n|rule|Sleep Clause Mod: Limit one foe put to sleep\n|clearpoke\n|poke|p1|Audino, F|\n|poke|p1|Scolipede, M|\n|poke|p1|Delphox, F|\n|poke|p1|Krookodile, M|\n|poke|p1|Aegislash, M|\n|poke|p1|Ditto|\n|poke|p2|Leavanny, M|\n|poke|p2|Gardevoir, F|\n|poke|p2|Victini|\n|poke|p2|Boltund, M|\n|poke|p2|Iron Treads|\n|poke|p2|Riolu, M|\n|teampreview\n|inactive|Battle timer is ON: inactive players will automatically lose when time's up. (requested by Echo the minun)\n|\n|t:|1700966504\n|start\n|switch|p1a: Lemonade|Delphox, F|100\/100\n|switch|p2a: Riolu|Riolu, M|100\/100\n|turn|1\n|\n|t:|1700966513\n|switch|p2a: Victini|Victini|100\/100\n|move|p1a: Lemonade|Skill Swap|p2a: Victini\n|-activate|p1a: Lemonade|move: Skill Swap|Victory Star|Blaze|[of] p2a: Victini\n|\n|upkeep\n|turn|2\n|inactive|Echo the minun has 120 seconds left.\n|\n|t:|1700966548\n|switch|p1a: Courtesy Call|Audino, F|100\/100\n|-zpower|p2a: Victini\n|move|p2a: Victini|Z-Celebrate|p2a: Victini|[anim]Celebrate\n|-boost|p2a: Victini|atk|1|[zeffect]\n|-boost|p2a: Victini|def|1|[zeffect]\n|-boost|p2a: Victini|spa|1|[zeffect]\n|-boost|p2a: Victini|spd|1|[zeffect]\n|-boost|p2a: Victini|spe|1|[zeffect]\n|-activate|p2a: Victini|move: Celebrate\n|\n|upkeep\n|turn|3\n|\n|t:|1700966557\n|move|p2a: Victini|Fire Punch|p1a: Courtesy Call\n|-damage|p1a: Courtesy Call|49\/100\n|-status|p1a: Courtesy Call|brn\n|move|p1a: Courtesy Call|Yawn|p2a: Victini\n|-start|p2a: Victini|move: Yawn|[of] p1a: Courtesy Call\n|\n|-heal|p1a: Courtesy Call|55\/100 brn|[from] item: Leftovers\n|-damage|p1a: Courtesy Call|49\/100 brn|[from] brn\n|upkeep\n|turn|4\n|inactive|Echo the minun has 120 seconds left.\n|inactive|GlaDosDOs has 120 seconds left.\n|\n|t:|1700966592\n|switch|p2a: Riolu|Riolu, M|100\/100\n|switch|p1a: Kroko|Krookodile, M|100\/100\n|-ability|p1a: Kroko|Intimidate|boost\n|-unboost|p2a: Riolu|atk|1\n|\n|upkeep\n|turn|5\n|\n|t:|1700966600\n|switch|p1a: Lemonade|Delphox, F|100\/100\n|move|p2a: Riolu|Bulk Up|p2a: Riolu\n|-boost|p2a: Riolu|atk|1\n|-boost|p2a: Riolu|def|1\n|\n|upkeep\n|turn|6\n|\n|t:|1700966609\n|switch|p2a: Victini|Victini|100\/100\n|move|p1a: Lemonade|Trick||[still]\n|-fail|p1a: Lemonade\n|\n|upkeep\n|turn|7\n|\n|t:|1700966619\n|switch|p1a: Kroko|Krookodile, M|100\/100\n|-ability|p1a: Kroko|Intimidate|boost\n|-unboost|p2a: Victini|atk|1\n|move|p2a: Victini|Fire Punch|p1a: Kroko\n|-damage|p1a: Kroko|77\/100\n|\n|-heal|p1a: Kroko|83\/100|[from] item: Leftovers\n|upkeep\n|turn|8\n|\n|t:|1700966636\n|switch|p2a: Iron Treads|Iron Treads|100\/100\n|-enditem|p2a: Iron Treads|Booster Energy\n|-activate|p2a: Iron Treads|ability: Quark Drive|[fromitem]\n|-start|p2a: Iron Treads|quarkdrivedef\n|move|p1a: Kroko|Knock Off|p2a: Iron Treads\n|-damage|p2a: Iron Treads|81\/100\n|\n|-heal|p1a: Kroko|89\/100|[from] item: Leftovers\n|upkeep\n|turn|9\n|\n|t:|1700966658\n|switch|p1a: Eye Sword|Aegislash, M|100\/100\n|move|p2a: Iron Treads|Body Press|p1a: Eye Sword\n|-immune|p1a: Eye Sword\n|\n|upkeep\n|turn|10\n|\n|t:|1700966668\n|move|p2a: Iron Treads|Knock Off|p1a: Eye Sword\n|-supereffective|p1a: Eye Sword\n|-damage|p1a: Eye Sword|50\/100\n|-enditem|p1a: Eye Sword|Weakness Policy\n|-boost|p1a: Eye Sword|atk|2|[from] item: Weakness Policy\n|-boost|p1a: Eye Sword|spa|2|[from] item: Weakness Policy\n|move|p1a: Eye Sword|Swords Dance|p1a: Eye Sword\n|-boost|p1a: Eye Sword|atk|2\n|\n|upkeep\n|turn|11\n|\n|t:|1700966677\n|move|p1a: Eye Sword|King's Shield|p1a: Eye Sword\n|-singleturn|p1a: Eye Sword|Protect\n|move|p2a: Iron Treads|Knock Off|p1a: Eye Sword\n|-activate|p1a: Eye Sword|move: Protect\n|-unboost|p2a: Iron Treads|atk|1\n|\n|upkeep\n|turn|12\n|\n|t:|1700966688\n|move|p2a: Iron Treads|Knock Off|p1a: Eye Sword\n|-supereffective|p1a: Eye Sword\n|-damage|p1a: Eye Sword|30\/100\n|-formechange|p1a: Eye Sword|Aegislash-Blade||[from] ability: Stance Change\n|move|p1a: Eye Sword|Sacred Sword|p2a: Iron Treads\n|-supereffective|p2a: Iron Treads\n|-damage|p2a: Iron Treads|0 fnt\n|faint|p2a: Iron Treads\n|-end|p2a: Iron Treads|Quark Drive|[silent]\n|\n|upkeep\n|\n|t:|1700966699\n|switch|p2a: Victini|Victini|100\/100\n|turn|13\n|\n|t:|1700966713\n|-formechange|p1a: Eye Sword|Aegislash||[from] ability: Stance Change\n|move|p1a: Eye Sword|King's Shield|p1a: Eye Sword\n|-singleturn|p1a: Eye Sword|Protect\n|move|p2a: Victini|Celebrate|p2a: Victini\n|-activate|p2a: Victini|move: Celebrate\n|\n|upkeep\n|turn|14\n|c|\u2606Echo the minun|Gotta give myself a lil praise\n|\n|t:|1700966730\n|-terastallize|p1a: Eye Sword|Fire\n|move|p2a: Victini|Heat Wave|p1a: Eye Sword\n|-resisted|p1a: Eye Sword\n|-damage|p1a: Eye Sword|17\/100\n|-formechange|p1a: Eye Sword|Aegislash-Blade||[from] ability: Stance Change\n|move|p1a: Eye Sword|Iron Head|p2a: Victini\n|-resisted|p2a: Victini\n|-damage|p2a: Victini|32\/100\n|\n|upkeep\n|turn|15\n|inactive|GlaDosDOs has 120 seconds left.\n|\n|t:|1700966759\n|move|p2a: Victini|Celebrate|p2a: Victini\n|-activate|p2a: Victini|move: Celebrate\n|move|p1a: Eye Sword|Sacred Sword|p2a: Victini\n|-resisted|p2a: Victini\n|-damage|p2a: Victini|0 fnt\n|faint|p2a: Victini\n|\n|upkeep\n|\n|t:|1700966772\n|switch|p2a: Leavanny|Leavanny, M|100\/100\n|turn|16\n|\n|t:|1700966784\n|-formechange|p1a: Eye Sword|Aegislash||[from] ability: Stance Change\n|move|p1a: Eye Sword|King's Shield|p1a: Eye Sword\n|-singleturn|p1a: Eye Sword|Protect\n|move|p2a: Leavanny|Tera Blast|p1a: Eye Sword\n|-activate|p1a: Eye Sword|move: Protect\n|\n|upkeep\n|turn|17\n|\n|t:|1700966796\n|move|p2a: Leavanny|Fell Stinger|p1a: Eye Sword\n|-resisted|p1a: Eye Sword\n|-damage|p1a: Eye Sword|7\/100\n|-formechange|p1a: Eye Sword|Aegislash-Blade||[from] ability: Stance Change\n|move|p1a: Eye Sword|Iron Head|p2a: Leavanny\n|-enditem|p2a: Leavanny|Focus Sash\n|-damage|p2a: Leavanny|1\/100\n|\n|upkeep\n|turn|18\n|\n|t:|1700966815\n|switch|p1a: Lemonade|Delphox, F|100\/100\n|move|p2a: Leavanny|Fell Stinger|p1a: Lemonade\n|-damage|p1a: Lemonade|52\/100\n|\n|upkeep\n|turn|19\n|\n|t:|1700966828\n|move|p1a: Lemonade|Fire Blast|p2a: Leavanny\n|-supereffective|p2a: Leavanny\n|-damage|p2a: Leavanny|0 fnt\n|faint|p2a: Leavanny\n|\n|upkeep\n|\n|t:|1700966831\n|switch|p2a: Boltund|Boltund, M|100\/100\n|turn|20\n|\n|t:|1700966847\n|move|p1a: Lemonade|Fire Blast|p2a: Boltund\n|-damage|p2a: Boltund|0 fnt\n|faint|p2a: Boltund\n|\n|upkeep\n|\n|t:|1700966854\n|switch|p2a: Gardevoir|Gardevoir, F|100\/100\n|turn|21\n|\n|t:|1700966860\n|switch|p1a: This u?|Ditto|100\/100\n|-transform|p1a: This u?|p2a: Gardevoir|[from] ability: Imposter\n|detailschange|p2a: Gardevoir|Gardevoir-Mega, F\n|-mega|p2a: Gardevoir|Gardevoir|Gardevoirite\n|move|p2a: Gardevoir|Hyper Voice|p1a: This u?\n|-damage|p1a: This u?|37\/100\n|\n|upkeep\n|turn|22\n|\n|t:|1700966885\n|move|p1a: This u?|Will-O-Wisp|p2a: Gardevoir\n|-status|p2a: Gardevoir|brn\n|move|p2a: Gardevoir|Hyper Voice|p1a: This u?\n|-damage|p1a: This u?|0 fnt\n|faint|p1a: This u?\n|\n|-damage|p2a: Gardevoir|94\/100 brn|[from] brn\n|upkeep\n|c|\u2606Echo the minun|Im legit surviving with a fricken RIOLU?\n|\n|t:|1700966894\n|switch|p1a: Courtesy Call|Audino, F|82\/100 brn\n|turn|23\n|c|\u2606Echo the minun|OF ALL THINGS\n|\n|t:|1700966902\n|move|p2a: Gardevoir|Hyper Voice|p1a: Courtesy Call\n|-damage|p1a: Courtesy Call|41\/100 brn\n|move|p1a: Courtesy Call|Light Screen|p1a: Courtesy Call\n|-sidestart|p1: GlaDosDOs|move: Light Screen\n|\n|-heal|p1a: Courtesy Call|47\/100 brn|[from] item: Leftovers\n|-damage|p2a: Gardevoir|88\/100 brn|[from] brn\n|-damage|p1a: Courtesy Call|41\/100 brn|[from] brn\n|upkeep\n|turn|24\n|\n|t:|1700966910\n|move|p2a: Gardevoir|Psyshock|p1a: Courtesy Call\n|-damage|p1a: Courtesy Call|17\/100 brn\n|move|p1a: Courtesy Call|Draining Kiss|p2a: Gardevoir\n|-damage|p2a: Gardevoir|81\/100 brn\n|-heal|p1a: Courtesy Call|20\/100 brn|[from] drain|[of] p2a: Gardevoir\n|\n|-heal|p1a: Courtesy Call|27\/100 brn|[from] item: Leftovers\n|-damage|p2a: Gardevoir|75\/100 brn|[from] brn\n|-damage|p1a: Courtesy Call|20\/100 brn|[from] brn\n|upkeep\n|turn|25\n|\n|t:|1700966927\n|switch|p1a: Kroko|Krookodile, M|89\/100\n|-ability|p1a: Kroko|Intimidate|boost\n|-unboost|p2a: Gardevoir|atk|1\n|move|p2a: Gardevoir|Hyper Voice|p1a: Kroko\n|-supereffective|p1a: Kroko\n|-damage|p1a: Kroko|0 fnt\n|faint|p1a: Kroko\n|\n|-damage|p2a: Gardevoir|69\/100 brn|[from] brn\n|upkeep\n|\n|t:|1700966936\n|switch|p1a: Acid Chloride|Scolipede, M|100\/100\n|turn|26\n|\n|t:|1700966941\n|move|p2a: Gardevoir|Psyshock|p1a: Acid Chloride\n|-supereffective|p1a: Acid Chloride\n|-damage|p1a: Acid Chloride|35\/100\n|move|p1a: Acid Chloride|Swords Dance|p1a: Acid Chloride\n|-boost|p1a: Acid Chloride|atk|2\n|\n|-damage|p2a: Gardevoir|63\/100 brn|[from] brn\n|-ability|p1a: Acid Chloride|Speed Boost|boost\n|-boost|p1a: Acid Chloride|spe|1\n|upkeep\n|turn|27\n|\n|t:|1700966952\n|move|p1a: Acid Chloride|Poison Jab|p2a: Gardevoir\n|-supereffective|p2a: Gardevoir\n|-damage|p2a: Gardevoir|0 fnt\n|faint|p2a: Gardevoir\n|\n|-sideend|p1: GlaDosDOs|move: Light Screen\n|-ability|p1a: Acid Chloride|Speed Boost|boost\n|-boost|p1a: Acid Chloride|spe|1\n|upkeep\n|-message|Echo the minun forfeited.\n|\n|win|GlaDosDOs\n|raw|GlaDosDOs's rating: 1040 &rarr; <strong>1083<\/strong><br \/>(+43 for winning)\n|raw|Echo the minun's rating: 1136 &rarr; <strong>1104<\/strong><br \/>(-32 for losing)\n|l|\u2606Echo the minun\n","uploadtime":1700966963,"views":9,"p1id":"gladosdos","p2id":"echotheminun","formatid":"gen9nationaldex","rating":1083,"private":0,"password":""}