{"id":"gen9nationaldex-1992253333","p1":"RARMolina","p2":"ericmont","format":"[Gen 9] National Dex","log":"|j|\u2606RARMolina\n|j|\u2606ericmont\n|t:|1700167974\n|gametype|singles\n|player|p1|RARMolina|phorus-unite|\n|player|p2|ericmont|bertha|\n|teamsize|p1|6\n|teamsize|p2|6\n|gen|9\n|tier|[Gen 9] National Dex\n|rule|HP Percentage Mod: HP is shown in percentages\n|rule|Endless Battle Clause: Forcing endless battles is banned\n|rule|OHKO Clause: OHKO moves are banned\n|rule|Evasion Clause: Evasion abilities, items, and moves are banned\n|rule|Evasion Abilities Clause: Evasion abilities are banned\n|rule|Evasion Items Clause: Evasion items are banned\n|rule|Evasion Moves Clause: Evasion moves are banned\n|rule|Species Clause: Limit one of each Pok\u00e9mon\n|rule|Sleep Clause Mod: Limit one foe put to sleep\n|clearpoke\n|poke|p1|Empoleon, M|\n|poke|p1|Garchomp, M|\n|poke|p1|Pelipper, M|\n|poke|p1|Jellicent, F|\n|poke|p1|Golisopod, M|\n|poke|p1|Swampert, F|\n|poke|p2|Tapu Koko|\n|poke|p2|Iron Valiant|\n|poke|p2|Hawlucha, M|\n|poke|p2|Iron Moth|\n|poke|p2|Greninja-*, M|\n|poke|p2|Scizor, F|\n|teampreview\n|\n|t:|1700167984\n|start\n|switch|p1a: Weater report|Pelipper, M|100\/100\n|switch|p2a: Tapu \u00f1alo|Tapu Koko|100\/100\n|-fieldstart|move: Electric Terrain|[from] ability: Electric Surge|[of] p2a: Tapu \u00f1alo\n|-weather|RainDance|[from] ability: Drizzle|[of] p1a: Weater report\n|turn|1\n|\n|t:|1700168001\n|switch|p1a: Jatziri|Swampert, F|100\/100\n|move|p2a: Tapu \u00f1alo|U-turn|p1a: Jatziri\n|-damage|p1a: Jatziri|82\/100\n|\n|t:|1700168021\n|switch|p2a: Andale wey|Hawlucha, M|100\/100|[from] U-turn\n|-enditem|p2a: Andale wey|Electric Seed\n|-boost|p2a: Andale wey|def|1|[from] item: Electric Seed\n|\n|-weather|RainDance|[upkeep]\n|upkeep\n|turn|2\n|\n|t:|1700168037\n|detailschange|p1a: Jatziri|Swampert-Mega, F\n|-mega|p1a: Jatziri|Swampert|Swampertite\n|move|p2a: Andale wey|Swords Dance|p2a: Andale wey\n|-boost|p2a: Andale wey|atk|2\n|move|p1a: Jatziri|Waterfall|p2a: Andale wey\n|-damage|p2a: Andale wey|39\/100\n|\n|-weather|RainDance|[upkeep]\n|upkeep\n|turn|3\n|\n|t:|1700168046\n|move|p2a: Andale wey|Close Combat|p1a: Jatziri\n|-damage|p1a: Jatziri|0 fnt\n|-unboost|p2a: Andale wey|def|1\n|-unboost|p2a: Andale wey|spd|1\n|faint|p1a: Jatziri\n|\n|-weather|RainDance|[upkeep]\n|upkeep\n|\n|t:|1700168059\n|switch|p1a: Weater report|Pelipper, M|100\/100\n|turn|4\n|\n|t:|1700168064\n|move|p2a: Andale wey|Taunt|p1a: Weater report\n|-start|p1a: Weater report|move: Taunt\n|move|p1a: Weater report|Hurricane|p2a: Andale wey\n|-supereffective|p2a: Andale wey\n|-damage|p2a: Andale wey|0 fnt\n|faint|p2a: Andale wey\n|\n|-weather|RainDance|[upkeep]\n|upkeep\n|\n|t:|1700168070\n|switch|p2a: Tapu \u00f1alo|Tapu Koko|100\/100\n|turn|5\n|\n|t:|1700168078\n|switch|p1a: Bocho|Garchomp, M|100\/100\n|move|p2a: Tapu \u00f1alo|Thunderbolt|p1a: Bocho\n|-immune|p1a: Bocho\n|\n|-weather|RainDance|[upkeep]\n|upkeep\n|turn|6\n|\n|t:|1700168091\n|-terastallize|p2a: Tapu \u00f1alo|Grass\n|-terastallize|p1a: Bocho|Water\n|move|p2a: Tapu \u00f1alo|Hidden Power|p1a: Bocho\n|-resisted|p1a: Bocho\n|-damage|p1a: Bocho|91\/100\n|move|p1a: Bocho|Earthquake|p2a: Tapu \u00f1alo\n|-resisted|p2a: Tapu \u00f1alo\n|-damage|p2a: Tapu \u00f1alo|61\/100\n|\n|-weather|RainDance|[upkeep]\n|upkeep\n|turn|7\n|\n|t:|1700168103\n|switch|p1a: Srta. Tess|Jellicent, F|100\/100\n|move|p2a: Tapu \u00f1alo|Thunderbolt|p1a: Srta. Tess\n|-supereffective|p1a: Srta. Tess\n|-damage|p1a: Srta. Tess|21\/100\n|\n|-weather|RainDance|[upkeep]\n|-heal|p1a: Srta. Tess|27\/100|[from] item: Leftovers\n|upkeep\n|turn|8\n|j| Sylveon(404)\n|\n|t:|1700168110\n|move|p2a: Tapu \u00f1alo|Thunderbolt|p1a: Srta. Tess\n|-supereffective|p1a: Srta. Tess\n|-damage|p1a: Srta. Tess|0 fnt\n|faint|p1a: Srta. Tess\n|\n|-weather|none\n|-fieldend|move: Electric Terrain\n|upkeep\n|\n|t:|1700168113\n|switch|p1a: Shredder|Golisopod, M|100\/100\n|turn|9\n|\n|t:|1700168117\n|switch|p2a: Bailarin|Iron Valiant|100\/100\n|move|p1a: Shredder|First Impression|p2a: Bailarin\n|-resisted|p2a: Bailarin\n|-damage|p2a: Bailarin|83\/100\n|\n|upkeep\n|turn|10\n|\n|t:|1700168125\n|move|p2a: Bailarin|Thunderbolt|p1a: Shredder\n|-supereffective|p1a: Shredder\n|-damage|p1a: Shredder|38\/100\n|-activate|p1a: Shredder|ability: Emergency Exit\n|-damage|p2a: Bailarin|73\/100|[from] item: Life Orb\n|\n|t:|1700168133\n|switch|p1a: Poseidon|Empoleon, M|100\/100\n|\n|upkeep\n|turn|11\n|\n|t:|1700168155\n|-end|p2a: Bailarin|Quark Drive|[silent]\n|switch|p2a: El pinzas|Scizor, F|100\/100\n|move|p1a: Poseidon|Agility|p1a: Poseidon\n|-boost|p1a: Poseidon|spe|2\n|\n|upkeep\n|turn|12\n|\n|t:|1700168164\n|switch|p1a: Weater report|Pelipper, M|100\/100\n|-weather|RainDance|[from] ability: Drizzle|[of] p1a: Weater report\n|detailschange|p2a: El pinzas|Scizor-Mega, F\n|-mega|p2a: El pinzas|Scizor|Scizorite\n|move|p2a: El pinzas|Close Combat|p1a: Weater report\n|-resisted|p1a: Weater report\n|-damage|p1a: Weater report|82\/100\n|-unboost|p2a: El pinzas|def|1\n|-unboost|p2a: El pinzas|spd|1\n|\n|-weather|RainDance|[upkeep]\n|upkeep\n|turn|13\n|\n|t:|1700168170\n|switch|p2a: Pollita|Iron Moth|100\/100\n|move|p1a: Weater report|U-turn|p2a: Pollita\n|-resisted|p2a: Pollita\n|-damage|p2a: Pollita|97\/100\n|\n|t:|1700168177\n|switch|p1a: Poseidon|Empoleon, M|100\/100|[from] U-turn\n|\n|-weather|RainDance|[upkeep]\n|upkeep\n|turn|14\n|\n|t:|1700168181\n|move|p2a: Pollita|Fiery Dance|p1a: Poseidon\n|-damage|p1a: Poseidon|80\/100\n|-boost|p2a: Pollita|spa|1\n|move|p1a: Poseidon|Agility|p1a: Poseidon\n|-boost|p1a: Poseidon|spe|2\n|\n|-weather|RainDance|[upkeep]\n|upkeep\n|turn|15\n|\n|t:|1700168185\n|move|p1a: Poseidon|Surf|p2a: Pollita\n|-supereffective|p2a: Pollita\n|-damage|p2a: Pollita|0 fnt\n|faint|p2a: Pollita\n|-end|p2a: Pollita|Quark Drive|[silent]\n|\n|-weather|RainDance|[upkeep]\n|upkeep\n|\n|t:|1700168191\n|switch|p2a: El pinzas|Scizor-Mega, F|100\/100\n|turn|16\n|\n|t:|1700168195\n|move|p1a: Poseidon|Surf|p2a: El pinzas\n|-damage|p2a: El pinzas|37\/100\n|move|p2a: El pinzas|Swords Dance|p2a: El pinzas\n|-boost|p2a: El pinzas|atk|2\n|\n|-weather|RainDance|[upkeep]\n|upkeep\n|turn|17\n|\n|t:|1700168231\n|move|p1a: Poseidon|Surf|p2a: El pinzas\n|-damage|p2a: El pinzas|0 fnt\n|faint|p2a: El pinzas\n|\n|-weather|RainDance|[upkeep]\n|upkeep\n|\n|t:|1700168233\n|switch|p2a: Tapu \u00f1alo|Tapu Koko, tera:Grass|61\/100\n|-fieldstart|move: Electric Terrain|[from] ability: Electric Surge|[of] p2a: Tapu \u00f1alo\n|turn|18\n|\n|t:|1700168244\n|move|p1a: Poseidon|Ice Beam|p2a: Tapu \u00f1alo\n|-supereffective|p2a: Tapu \u00f1alo\n|-damage|p2a: Tapu \u00f1alo|0 fnt\n|faint|p2a: Tapu \u00f1alo\n|\n|-weather|RainDance|[upkeep]\n|upkeep\n|\n|t:|1700168246\n|switch|p2a: Bailarin|Iron Valiant|73\/100\n|-activate|p2a: Bailarin|ability: Quark Drive\n|-start|p2a: Bailarin|quarkdrivespe\n|turn|19\n|\n|t:|1700168259\n|move|p2a: Bailarin|Thunderbolt|p1a: Poseidon\n|-supereffective|p1a: Poseidon\n|-damage|p1a: Poseidon|0 fnt\n|faint|p1a: Poseidon\n|-damage|p2a: Bailarin|63\/100|[from] item: Life Orb\n|\n|-weather|none\n|upkeep\n|\n|t:|1700168271\n|switch|p1a: Weater report|Pelipper, M|82\/100\n|-weather|RainDance|[from] ability: Drizzle|[of] p1a: Weater report\n|turn|20\n|\n|t:|1700168275\n|move|p2a: Bailarin|Thunderbolt|p1a: Weater report\n|-supereffective|p1a: Weater report\n|-damage|p1a: Weater report|0 fnt\n|faint|p1a: Weater report\n|-damage|p2a: Bailarin|54\/100|[from] item: Life Orb\n|\n|-weather|RainDance|[upkeep]\n|upkeep\n|\n|t:|1700168278\n|switch|p1a: Shredder|Golisopod, M|38\/100\n|turn|21\n|\n|t:|1700168289\n|-end|p2a: Bailarin|Quark Drive|[silent]\n|switch|p2a: Sapo|Greninja, M|100\/100\n|move|p1a: Shredder|First Impression|p2a: Sapo\n|-supereffective|p2a: Sapo\n|-damage|p2a: Sapo|0 fnt\n|faint|p2a: Sapo\n|\n|-weather|RainDance|[upkeep]\n|upkeep\n|\n|t:|1700168293\n|switch|p2a: Bailarin|Iron Valiant|54\/100\n|-activate|p2a: Bailarin|ability: Quark Drive\n|-start|p2a: Bailarin|quarkdrivespe\n|turn|22\n|\n|t:|1700168303\n|switch|p1a: Bocho|Garchomp, M, tera:Water|91\/100\n|move|p2a: Bailarin|Thunderbolt|p1a: Bocho\n|-supereffective|p1a: Bocho\n|-damage|p1a: Bocho|0 fnt\n|faint|p1a: Bocho\n|-damage|p2a: Bailarin|44\/100|[from] item: Life Orb\n|\n|-weather|RainDance|[upkeep]\n|upkeep\n|\n|t:|1700168314\n|switch|p1a: Shredder|Golisopod, M|38\/100\n|turn|23\n|\n|t:|1700168325\n|move|p1a: Shredder|First Impression|p2a: Bailarin\n|-resisted|p2a: Bailarin\n|-damage|p2a: Bailarin|28\/100\n|move|p2a: Bailarin|Thunderbolt|p1a: Shredder\n|-supereffective|p1a: Shredder\n|-damage|p1a: Shredder|0 fnt\n|faint|p1a: Shredder\n|-damage|p2a: Bailarin|18\/100|[from] item: Life Orb\n|\n|win|ericmont\n|c|\u2606ericmont|Gg\n|c|\u2606RARMolina|Gg\n","uploadtime":1700168333,"views":14,"p1id":"rarmolina","p2id":"ericmont","formatid":"gen9nationaldex","rating":0,"private":0,"password":""}