{"id":"gen9nationaldex-1996521310","p1":"Hysuto","p2":"Quantum Rizzicist","format":"[Gen 9] National Dex","log":"|html|<div class=\"broadcast-blue\"><strong>[Gen 9] National Dex is currently suspecting Sneasler! For information on how to participate check out the <a href=\"https:\/\/www.smogon.com\/forums\/threads\/sv-national-dex-suspect-8-just-dance.3731534\/\">suspect thread<\/a>.<\/strong><\/div>\n|j|\u2606Hysuto\n|j|\u2606Quantum Rizzicist\n|t:|1700690198\n|gametype|singles\n|player|p1|Hysuto|burglar|1463\n|player|p2|Quantum Rizzicist|blue|1566\n|teamsize|p1|6\n|teamsize|p2|6\n|gen|9\n|tier|[Gen 9] National Dex\n|rated|\n|rule|HP Percentage Mod: HP is shown in percentages\n|rule|Endless Battle Clause: Forcing endless battles is banned\n|rule|OHKO Clause: OHKO moves are banned\n|rule|Evasion Clause: Evasion abilities, items, and moves are banned\n|rule|Evasion Abilities Clause: Evasion abilities are banned\n|rule|Evasion Items Clause: Evasion items are banned\n|rule|Evasion Moves Clause: Evasion moves are banned\n|rule|Species Clause: Limit one of each Pok\u00e9mon\n|rule|Sleep Clause Mod: Limit one foe put to sleep\n|clearpoke\n|poke|p1|Alomomola, F|\n|poke|p1|Aggron, F|\n|poke|p1|Heatran, M|\n|poke|p1|Rillaboom, M|\n|poke|p1|Sneasler, F|\n|poke|p1|Moltres|\n|poke|p2|Heatran, F|\n|poke|p2|Ninetales-Alola, M|\n|poke|p2|Great Tusk|\n|poke|p2|Ursaluna, F|\n|poke|p2|Latias, F|\n|poke|p2|Kommo-o, M|\n|teampreview\n|inactive|Battle timer is ON: inactive players will automatically lose when time's up. (requested by Quantum Rizzicist)\n|inactive|Hysuto also wants the timer to be on.\n|c|\u2606Quantum Rizzicist|gl hf\n|\n|t:|1700690211\n|start\n|switch|p1a: Aggron|Aggron, F|100\/100\n|switch|p2a: Heatran|Heatran, F|100\/100\n|turn|1\n|\n|t:|1700690221\n|detailschange|p1a: Aggron|Aggron-Mega, F\n|-mega|p1a: Aggron|Aggron|Aggronite\n|move|p2a: Heatran|Magma Storm|p1a: Aggron\n|-supereffective|p1a: Aggron\n|-damage|p1a: Aggron|29\/100\n|-activate|p1a: Aggron|move: Magma Storm|[of] p2a: Heatran\n|move|p1a: Aggron|Body Press|p2a: Heatran\n|-supereffective|p2a: Heatran\n|-damage|p2a: Heatran|15\/100\n|\n|-heal|p2a: Heatran|22\/100|[from] item: Leftovers\n|-damage|p1a: Aggron|16\/100|[from] move: Magma Storm|[partiallytrapped]\n|upkeep\n|turn|2\n|c|\u2606Hysuto|No way\n|\n|t:|1700690234\n|move|p2a: Heatran|Earth Power|p1a: Aggron\n|-supereffective|p1a: Aggron\n|-damage|p1a: Aggron|0 fnt\n|faint|p1a: Aggron\n|\n|-heal|p2a: Heatran|28\/100|[from] item: Leftovers\n|upkeep\n|c|\u2606Quantum Rizzicist|?\n|\n|t:|1700690240\n|switch|p1a: Alomomola|Alomomola, F|100\/100\n|turn|3\n|\n|t:|1700690243\n|switch|p2a: Latias|Latias, F|100\/100\n|move|p1a: Alomomola|Flip Turn|p2a: Latias\n|-resisted|p2a: Latias\n|-damage|p2a: Latias|93\/100\n|\n|t:|1700690247\n|switch|p1a: Rillaboom|Rillaboom, M|100\/100|[from] Flip Turn\n|-fieldstart|move: Grassy Terrain|[from] ability: Grassy Surge|[of] p1a: Rillaboom\n|\n|upkeep\n|turn|4\n|\n|t:|1700690252\n|detailschange|p2a: Latias|Latias-Mega, F\n|-mega|p2a: Latias|Latias|Latiasite\n|move|p1a: Rillaboom|U-turn|p2a: Latias\n|-supereffective|p2a: Latias\n|-damage|p2a: Latias|38\/100\n|\n|t:|1700690258\n|switch|p1a: Heatran|Heatran, M|100\/100|[from] U-turn\n|move|p2a: Latias|Calm Mind|p2a: Latias\n|-boost|p2a: Latias|spa|1\n|-boost|p2a: Latias|spd|1\n|\n|upkeep\n|turn|5\n|\n|t:|1700690266\n|switch|p1a: Rillaboom|Rillaboom, M|100\/100\n|move|p2a: Latias|Recover|p2a: Latias\n|-heal|p2a: Latias|88\/100\n|\n|upkeep\n|turn|6\n|\n|t:|1700690276\n|move|p1a: Rillaboom|U-turn|p2a: Latias\n|-supereffective|p2a: Latias\n|-crit|p2a: Latias\n|-damage|p2a: Latias|17\/100\n|\n|t:|1700690279\n|switch|p1a: Moltres|Moltres|100\/100|[from] U-turn\n|move|p2a: Latias|Mystical Fire|p1a: Moltres\n|-resisted|p1a: Moltres\n|-damage|p1a: Moltres|82\/100\n|-unboost|p1a: Moltres|spa|1\n|\n|upkeep\n|turn|7\n|\n|t:|1700690283\n|move|p2a: Latias|Recover|p2a: Latias\n|-heal|p2a: Latias|67\/100\n|move|p1a: Moltres|U-turn|p2a: Latias\n|-supereffective|p2a: Latias\n|-damage|p2a: Latias|47\/100\n|\n|t:|1700690286\n|switch|p1a: Rillaboom|Rillaboom, M|100\/100|[from] U-turn\n|\n|-fieldend|move: Grassy Terrain\n|upkeep\n|turn|8\n|\n|t:|1700690290\n|switch|p2a: Great Tusk|Great Tusk|100\/100\n|move|p1a: Rillaboom|U-turn|p2a: Great Tusk\n|-resisted|p2a: Great Tusk\n|-damage|p2a: Great Tusk|92\/100\n|c|\u2606Hysuto|Hehe\n|\n|t:|1700690296\n|switch|p1a: Sneasler|Sneasler, F, shiny|100\/100|[from] U-turn\n|\n|-heal|p2a: Great Tusk|98\/100|[from] item: Leftovers\n|upkeep\n|turn|9\n|\n|t:|1700690304\n|switch|p1a: Rillaboom|Rillaboom, M|100\/100\n|-fieldstart|move: Grassy Terrain|[from] ability: Grassy Surge|[of] p1a: Rillaboom\n|move|p2a: Great Tusk|Ice Spinner|p1a: Rillaboom\n|-supereffective|p1a: Rillaboom\n|-damage|p1a: Rillaboom|47\/100\n|-fieldend|move: Grassy Terrain\n|\n|-heal|p2a: Great Tusk|100\/100|[from] item: Leftovers\n|upkeep\n|turn|10\n|\n|t:|1700690310\n|move|p1a: Rillaboom|Wood Hammer|p2a: Great Tusk\n|-supereffective|p2a: Great Tusk\n|-damage|p2a: Great Tusk|10\/100\n|-damage|p1a: Rillaboom|10\/100|[from] Recoil\n|move|p2a: Great Tusk|Ice Spinner|p1a: Rillaboom\n|-supereffective|p1a: Rillaboom\n|-damage|p1a: Rillaboom|0 fnt\n|faint|p1a: Rillaboom\n|\n|-heal|p2a: Great Tusk|16\/100|[from] item: Leftovers\n|upkeep\n|\n|t:|1700690315\n|switch|p1a: Sneasler|Sneasler, F, shiny|100\/100\n|turn|11\n|\n|t:|1700690318\n|move|p1a: Sneasler|Substitute|p1a: Sneasler\n|-start|p1a: Sneasler|Substitute\n|-damage|p1a: Sneasler|76\/100\n|move|p2a: Great Tusk|Earthquake|p1a: Sneasler\n|-supereffective|p1a: Sneasler\n|-end|p1a: Sneasler|Substitute\n|\n|-heal|p2a: Great Tusk|22\/100|[from] item: Leftovers\n|upkeep\n|turn|12\n|\n|t:|1700690323\n|-terastallize|p1a: Sneasler|Flying\n|move|p1a: Sneasler|Substitute|p1a: Sneasler\n|-start|p1a: Sneasler|Substitute\n|-damage|p1a: Sneasler|51\/100\n|move|p2a: Great Tusk|Earthquake|p1a: Sneasler\n|-immune|p1a: Sneasler\n|\n|-heal|p2a: Great Tusk|28\/100|[from] item: Leftovers\n|upkeep\n|turn|13\n|\n|t:|1700690327\n|move|p1a: Sneasler|Swords Dance|p1a: Sneasler\n|-boost|p1a: Sneasler|atk|2\n|move|p2a: Great Tusk|Ice Spinner|p1a: Sneasler\n|-supereffective|p1a: Sneasler\n|-end|p1a: Sneasler|Substitute\n|\n|-heal|p2a: Great Tusk|34\/100|[from] item: Leftovers\n|upkeep\n|turn|14\n|\n|t:|1700690330\n|move|p1a: Sneasler|Acrobatics|p2a: Great Tusk\n|-supereffective|p2a: Great Tusk\n|-damage|p2a: Great Tusk|0 fnt\n|faint|p2a: Great Tusk\n|-end|p2a: Great Tusk|Protosynthesis|[silent]\n|\n|upkeep\n|\n|t:|1700690338\n|switch|p2a: Ursaluna|Ursaluna, F|100\/100\n|turn|15\n|c|\u2606Hysuto|Tera ghost huh\n|\n|t:|1700690351\n|move|p1a: Sneasler|Close Combat|p2a: Ursaluna\n|-supereffective|p2a: Ursaluna\n|-damage|p2a: Ursaluna|0 fnt\n|-unboost|p1a: Sneasler|def|1\n|-unboost|p1a: Sneasler|spd|1\n|faint|p2a: Ursaluna\n|\n|upkeep\n|\n|t:|1700690366\n|switch|p2a: Ninetales|Ninetales-Alola, M, shiny|100\/100\n|-weather|Snow|[from] ability: Snow Warning|[of] p2a: Ninetales\n|turn|16\n|\n|t:|1700690369\n|-terastallize|p2a: Ninetales|Water\n|move|p1a: Sneasler|Close Combat|p2a: Ninetales\n|-damage|p2a: Ninetales|0 fnt\n|-unboost|p1a: Sneasler|def|1\n|-unboost|p1a: Sneasler|spd|1\n|faint|p2a: Ninetales\n|\n|-weather|Snow|[upkeep]\n|upkeep\n|\n|t:|1700690374\n|switch|p2a: Latias|Latias-Mega, F|47\/100\n|turn|17\n|\n|t:|1700690378\n|move|p1a: Sneasler|Acrobatics|p2a: Latias\n|-damage|p2a: Latias|1\/100\n|move|p2a: Latias|Mystical Fire|p1a: Sneasler\n|-crit|p1a: Sneasler\n|-damage|p1a: Sneasler|0 fnt\n|faint|p1a: Sneasler\n|\n|-weather|Snow|[upkeep]\n|upkeep\n|c|\u2606Hysuto|No way\n|c|\u2606Quantum Rizzicist|yea\n|c|\u2606Quantum Rizzicist|im amazed\n|\n|t:|1700690392\n|switch|p1a: Alomomola|Alomomola, F|100\/100\n|turn|18\n|\n|t:|1700690396\n|move|p2a: Latias|Recover|p2a: Latias\n|-heal|p2a: Latias|51\/100\n|move|p1a: Alomomola|Toxic|p2a: Latias\n|-status|p2a: Latias|tox\n|\n|-weather|Snow|[upkeep]\n|-damage|p2a: Latias|45\/100 tox|[from] psn\n|upkeep\n|turn|19\n|\n|t:|1700690400\n|move|p2a: Latias|Recover|p2a: Latias\n|-heal|p2a: Latias|96\/100 tox\n|move|p1a: Alomomola|Flip Turn|p2a: Latias\n|-resisted|p2a: Latias\n|-damage|p2a: Latias|90\/100 tox\n|\n|t:|1700690403\n|switch|p1a: Moltres|Moltres|82\/100|[from] Flip Turn\n|\n|-weather|Snow|[upkeep]\n|-damage|p2a: Latias|78\/100 tox|[from] psn\n|upkeep\n|turn|20\n|\n|t:|1700690407\n|switch|p2a: Heatran|Heatran, F|28\/100\n|move|p1a: Moltres|Flamethrower|p2a: Heatran\n|-start|p2a: Heatran|ability: Flash Fire\n|\n|-weather|none\n|-heal|p2a: Heatran|34\/100|[from] item: Leftovers\n|upkeep\n|turn|21\n|\n|t:|1700690413\n|move|p1a: Moltres|U-turn|p2a: Heatran\n|-resisted|p2a: Heatran\n|-damage|p2a: Heatran|31\/100\n|\n|t:|1700690415\n|switch|p1a: Heatran|Heatran, M|100\/100|[from] U-turn\n|move|p2a: Heatran|Magma Storm|p1a: Heatran\n|-start|p1a: Heatran|ability: Flash Fire\n|\n|-heal|p2a: Heatran|37\/100|[from] item: Leftovers\n|upkeep\n|turn|22\n|\n|t:|1700690418\n|move|p1a: Heatran|Earth Power|p2a: Heatran\n|-supereffective|p2a: Heatran\n|-damage|p2a: Heatran|0 fnt\n|faint|p2a: Heatran\n|\n|upkeep\n|\n|t:|1700690423\n|switch|p2a: Kommo-o|Kommo-o, M|100\/100\n|turn|23\n|\n|t:|1700690428\n|-end|p1a: Heatran|ability: Flash Fire|[silent]\n|switch|p1a: Alomomola|Alomomola, F|100\/100\n|move|p2a: Kommo-o|Clangorous Soul|p2a: Kommo-o\n|-boost|p2a: Kommo-o|atk|1\n|-boost|p2a: Kommo-o|def|1\n|-boost|p2a: Kommo-o|spa|1\n|-boost|p2a: Kommo-o|spd|1\n|-boost|p2a: Kommo-o|spe|1\n|-damage|p2a: Kommo-o|68\/100\n|\n|upkeep\n|turn|24\n|\n|t:|1700690436\n|move|p1a: Alomomola|Protect|p1a: Alomomola\n|-singleturn|p1a: Alomomola|Protect\n|-zpower|p2a: Kommo-o\n|move|p2a: Kommo-o|Clangorous Soulblaze|p1a: Alomomola|[zeffect]\n|-zbroken|p1a: Alomomola\n|-damage|p1a: Alomomola|77\/100\n|-boost|p2a: Kommo-o|atk|1\n|-boost|p2a: Kommo-o|def|1\n|-boost|p2a: Kommo-o|spa|1\n|-boost|p2a: Kommo-o|spd|1\n|-boost|p2a: Kommo-o|spe|1\n|\n|upkeep\n|turn|25\n|\n|t:|1700690446\n|move|p2a: Kommo-o|Clanging Scales|p1a: Alomomola\n|-damage|p1a: Alomomola|8\/100\n|-unboost|p2a: Kommo-o|def|1\n|move|p1a: Alomomola|Toxic|p2a: Kommo-o\n|-status|p2a: Kommo-o|tox\n|\n|-damage|p2a: Kommo-o|61\/100 tox|[from] psn\n|upkeep\n|turn|26\n|\n|t:|1700690452\n|switch|p1a: Moltres|Moltres|82\/100\n|move|p2a: Kommo-o|Drain Punch|p1a: Moltres\n|-resisted|p1a: Moltres\n|-damage|p1a: Moltres|60\/100\n|-heal|p2a: Kommo-o|74\/100 tox|[from] drain|[of] p1a: Moltres\n|\n|-damage|p2a: Kommo-o|61\/100 tox|[from] psn\n|upkeep\n|turn|27\n|\n|t:|1700690457\n|switch|p1a: Heatran|Heatran, M|100\/100\n|move|p2a: Kommo-o|Clanging Scales|p1a: Heatran\n|-resisted|p1a: Heatran\n|-damage|p1a: Heatran|83\/100\n|-unboost|p2a: Kommo-o|def|1\n|\n|-damage|p2a: Kommo-o|43\/100 tox|[from] psn\n|upkeep\n|turn|28\n|\n|t:|1700690462\n|switch|p1a: Moltres|Moltres|60\/100\n|move|p2a: Kommo-o|Drain Punch|p1a: Moltres\n|-resisted|p1a: Moltres\n|-damage|p1a: Moltres|36\/100\n|-heal|p2a: Kommo-o|57\/100 tox|[from] drain|[of] p1a: Moltres\n|\n|-damage|p2a: Kommo-o|32\/100 tox|[from] psn\n|upkeep\n|turn|29\n|\n|t:|1700690467\n|move|p2a: Kommo-o|Drain Punch|p1a: Moltres\n|-resisted|p1a: Moltres\n|-damage|p1a: Moltres|12\/100\n|-heal|p2a: Kommo-o|46\/100 tox|[from] drain|[of] p1a: Moltres\n|move|p1a: Moltres|Roost|p1a: Moltres\n|-heal|p1a: Moltres|62\/100\n|-singleturn|p1a: Moltres|move: Roost\n|\n|-damage|p2a: Kommo-o|15\/100 tox|[from] psn\n|upkeep\n|turn|30\n|\n|t:|1700690472\n|move|p2a: Kommo-o|Clanging Scales|p1a: Moltres\n|-damage|p1a: Moltres|0 fnt\n|faint|p1a: Moltres\n|-unboost|p2a: Kommo-o|def|1\n|\n|-damage|p2a: Kommo-o|0 fnt|[from] psn\n|faint|p2a: Kommo-o\n|upkeep\n|\n|t:|1700690476\n|switch|p2a: Latias|Latias-Mega, F|78\/100 tox\n|switch|p1a: Alomomola|Alomomola, F|42\/100\n|turn|31\n|\n|t:|1700690480\n|move|p2a: Latias|Calm Mind|p2a: Latias\n|-boost|p2a: Latias|spa|1\n|-boost|p2a: Latias|spd|1\n|move|p1a: Alomomola|Wish|p1a: Alomomola\n|\n|-damage|p2a: Latias|72\/100 tox|[from] psn\n|upkeep\n|turn|32\n|\n|t:|1700690482\n|move|p1a: Alomomola|Protect|p1a: Alomomola\n|-singleturn|p1a: Alomomola|Protect\n|move|p2a: Latias|Calm Mind|p2a: Latias\n|-boost|p2a: Latias|spa|1\n|-boost|p2a: Latias|spd|1\n|\n|-heal|p1a: Alomomola|92\/100|[from] move: Wish|[wisher] Alomomola\n|-damage|p2a: Latias|59\/100 tox|[from] psn\n|upkeep\n|turn|33\n|\n|t:|1700690485\n|move|p2a: Latias|Stored Power|p1a: Alomomola\n|-damage|p1a: Alomomola|15\/100\n|move|p1a: Alomomola|Wish|p1a: Alomomola\n|\n|-damage|p2a: Latias|41\/100 tox|[from] psn\n|upkeep\n|turn|34\n|\n|t:|1700690488\n|switch|p1a: Heatran|Heatran, M|83\/100\n|move|p2a: Latias|Recover|p2a: Latias\n|-heal|p2a: Latias|91\/100 tox\n|\n|-heal|p1a: Heatran|100\/100|[from] move: Wish|[wisher] Alomomola\n|-damage|p2a: Latias|67\/100 tox|[from] psn\n|upkeep\n|turn|35\n|\n|t:|1700690495\n|move|p2a: Latias|Stored Power|p1a: Heatran\n|-resisted|p1a: Heatran\n|-damage|p1a: Heatran|80\/100\n|move|p1a: Heatran|Lava Plume|p2a: Latias\n|-resisted|p2a: Latias\n|-damage|p2a: Latias|61\/100 tox\n|\n|-damage|p2a: Latias|31\/100 tox|[from] psn\n|upkeep\n|turn|36\n|-message|Quantum Rizzicist forfeited.\n|\n|win|Hysuto\n|raw|Hysuto's rating: 1463 &rarr; <strong>1489<\/strong><br \/>(+26 for winning)\n|raw|Quantum Rizzicist's rating: 1566 &rarr; <strong>1540<\/strong><br \/>(-26 for losing)\n|l|\u2606Quantum Rizzicist\n|c|\u2606Hysuto|Gg we win these\n","uploadtime":1700690514,"views":3,"p1id":"hysuto","p2id":"quantumrizzicist","formatid":"gen9nationaldex","rating":1489,"private":0,"password":""}