{"id":"gen9nationaldex-1994796452","p1":"ykhlhulgkyl5643","p2":"MAS0CHIST","format":"[Gen 9] National Dex","log":"|html|<div class=\"broadcast-blue\"><strong>[Gen 9] National Dex is currently suspecting Sneasler! For information on how to participate check out the <a href=\"https:\/\/www.smogon.com\/forums\/threads\/sv-national-dex-suspect-8-just-dance.3731534\/\">suspect thread<\/a>.<\/strong><\/div>\n|j|\u2606ykhlhulgkyl5643\n|j|\u2606MAS0CHIST\n|t:|1700493620\n|gametype|singles\n|player|p1|ykhlhulgkyl5643|roark|1283\n|player|p2|MAS0CHIST|iono|1398\n|teamsize|p1|6\n|teamsize|p2|6\n|gen|9\n|tier|[Gen 9] National Dex\n|rated|\n|rule|HP Percentage Mod: HP is shown in percentages\n|rule|Endless Battle Clause: Forcing endless battles is banned\n|rule|OHKO Clause: OHKO moves are banned\n|rule|Evasion Clause: Evasion abilities, items, and moves are banned\n|rule|Evasion Abilities Clause: Evasion abilities are banned\n|rule|Evasion Items Clause: Evasion items are banned\n|rule|Evasion Moves Clause: Evasion moves are banned\n|rule|Species Clause: Limit one of each Pok\u00e9mon\n|rule|Sleep Clause Mod: Limit one foe put to sleep\n|clearpoke\n|poke|p1|Tyranitar, F|\n|poke|p1|Garganacl, F|\n|poke|p1|Aggron, M|\n|poke|p1|Cradily, F|\n|poke|p1|Glimmora, F|\n|poke|p1|Ogerpon-Cornerstone, F|\n|poke|p2|Arctozolt|\n|poke|p2|Arctovish|\n|poke|p2|Ninetales-Alola, F|\n|poke|p2|Abomasnow, M|\n|poke|p2|Cetitan, M|\n|poke|p2|Aurorus, M|\n|teampreview\n|\n|t:|1700493659\n|start\n|switch|p1a: Glimmora|Glimmora, F|100\/100\n|switch|p2a: Aurorus|Aurorus, M|100\/100\n|-weather|Snow|[from] ability: Snow Warning|[of] p2a: Aurorus\n|turn|1\n|\n|t:|1700493667\n|switch|p1a: Tyranitar|Tyranitar, F|100\/100\n|-weather|Sandstorm|[from] ability: Sand Stream|[of] p1a: Tyranitar\n|move|p2a: Aurorus|Aurora Veil||[still]\n|-fail|p2a: Aurorus\n|\n|-weather|Sandstorm|[upkeep]\n|upkeep\n|turn|2\n|\n|t:|1700493673\n|switch|p2a: Ninetales|Ninetales-Alola, F|100\/100\n|-weather|Snow|[from] ability: Snow Warning|[of] p2a: Ninetales\n|move|p1a: Tyranitar|Knock Off|p2a: Ninetales\n|-resisted|p2a: Ninetales\n|-damage|p2a: Ninetales|79\/100\n|-enditem|p2a: Ninetales|Covert Cloak|[from] move: Knock Off|[of] p1a: Tyranitar\n|\n|-weather|Snow|[upkeep]\n|upkeep\n|turn|3\n|inactive|Battle timer is ON: inactive players will automatically lose when time's up. (requested by MAS0CHIST)\n|\n|t:|1700493718\n|move|p2a: Ninetales|Aurora Veil|p2a: Ninetales\n|-sidestart|p2: MAS0CHIST|move: Aurora Veil\n|move|p1a: Tyranitar|Rock Blast|p2a: Ninetales\n|-supereffective|p2a: Ninetales\n|-damage|p2a: Ninetales|67\/100\n|-supereffective|p2a: Ninetales\n|-damage|p2a: Ninetales|56\/100\n|-supereffective|p2a: Ninetales\n|-damage|p2a: Ninetales|44\/100\n|-hitcount|p2a: Ninetales|3\n|\n|-weather|Snow|[upkeep]\n|upkeep\n|turn|4\n|\n|t:|1700493729\n|switch|p1a: Aggron|Aggron, M|100\/100\n|move|p2a: Ninetales|Moonblast|p1a: Aggron\n|-resisted|p1a: Aggron\n|-damage|p1a: Aggron|75\/100\n|\n|-weather|Snow|[upkeep]\n|upkeep\n|turn|5\n|\n|t:|1700493739\n|switch|p1a: Tyranitar|Tyranitar, F|100\/100\n|-weather|Sandstorm|[from] ability: Sand Stream|[of] p1a: Tyranitar\n|move|p2a: Ninetales|Blizzard|p1a: Tyranitar\n|-damage|p1a: Tyranitar|88\/100\n|\n|-weather|Sandstorm|[upkeep]\n|-damage|p2a: Ninetales|38\/100|[from] Sandstorm\n|upkeep\n|turn|6\n|\n|t:|1700493746\n|switch|p1a: Garganacl|Garganacl, F|100\/100\n|move|p2a: Ninetales|Moonblast|p1a: Garganacl\n|-damage|p1a: Garganacl|84\/100\n|-unboost|p1a: Garganacl|spa|1\n|-enditem|p1a: Garganacl|Maranga Berry|[eat]\n|-boost|p1a: Garganacl|spd|1|[from] item: Maranga Berry\n|\n|-weather|Sandstorm|[upkeep]\n|-damage|p2a: Ninetales|32\/100|[from] Sandstorm\n|upkeep\n|turn|7\n|\n|t:|1700493759\n|move|p2a: Ninetales|Blizzard|p1a: Garganacl|[miss]\n|-miss|p2a: Ninetales|p1a: Garganacl\n|move|p1a: Garganacl|Salt Cure|p2a: Ninetales\n|-supereffective|p2a: Ninetales\n|-damage|p2a: Ninetales|11\/100\n|-start|p2a: Ninetales|Salt Cure\n|\n|-weather|Sandstorm|[upkeep]\n|-damage|p2a: Ninetales|5\/100|[from] Sandstorm\n|-damage|p2a: Ninetales|0 fnt|[from] Salt Cure\n|faint|p2a: Ninetales\n|-sideend|p2: MAS0CHIST|move: Aurora Veil\n|upkeep\n|\n|t:|1700493765\n|switch|p2a: Aurorus|Aurorus, M|100\/100\n|-weather|Snow|[from] ability: Snow Warning|[of] p2a: Aurorus\n|turn|8\n|\n|t:|1700493769\n|-terastallize|p2a: Aurorus|Rock\n|move|p2a: Aurorus|Meteor Beam||[still]\n|-prepare|p2a: Aurorus|Meteor Beam\n|-boost|p2a: Aurorus|spa|1\n|-enditem|p2a: Aurorus|Power Herb\n|-anim|p2a: Aurorus|Meteor Beam|p1a: Garganacl\n|-damage|p1a: Garganacl|33\/100\n|move|p1a: Garganacl|Iron Defense|p1a: Garganacl\n|-boost|p1a: Garganacl|def|2\n|\n|-weather|Snow|[upkeep]\n|upkeep\n|turn|9\n|\n|t:|1700493778\n|-terastallize|p1a: Garganacl|Ghost\n|move|p2a: Aurorus|Thunderbolt|p1a: Garganacl\n|-damage|p1a: Garganacl|13\/100\n|move|p1a: Garganacl|Recover|p1a: Garganacl\n|-heal|p1a: Garganacl|63\/100\n|\n|-weather|Snow|[upkeep]\n|upkeep\n|turn|10\n|\n|t:|1700493792\n|move|p2a: Aurorus|Weather Ball|p1a: Garganacl\n|-damage|p1a: Garganacl|30\/100\n|move|p1a: Garganacl|Body Press|p2a: Aurorus\n|-supereffective|p2a: Aurorus\n|-damage|p2a: Aurorus|16\/100\n|\n|-weather|Snow|[upkeep]\n|upkeep\n|turn|11\n|\n|t:|1700493808\n|move|p2a: Aurorus|Weather Ball|p1a: Garganacl\n|-damage|p1a: Garganacl|0 fnt\n|faint|p1a: Garganacl\n|\n|-weather|Snow|[upkeep]\n|upkeep\n|\n|t:|1700493811\n|switch|p1a: Tyranitar|Tyranitar, F|88\/100\n|-weather|Sandstorm|[from] ability: Sand Stream|[of] p1a: Tyranitar\n|turn|12\n|\n|t:|1700493816\n|move|p1a: Tyranitar|Pursuit|p2a: Aurorus\n|-damage|p2a: Aurorus|0 fnt\n|faint|p2a: Aurorus\n|\n|-weather|Sandstorm|[upkeep]\n|upkeep\n|\n|t:|1700493821\n|switch|p2a: Abomasnow|Abomasnow, M|100\/100\n|-weather|Snow|[from] ability: Snow Warning|[of] p2a: Abomasnow\n|turn|13\n|\n|t:|1700493828\n|switch|p1a: Glimmora|Glimmora, F|100\/100\n|detailschange|p2a: Abomasnow|Abomasnow-Mega, M\n|-mega|p2a: Abomasnow|Abomasnow|Abomasite\n|move|p2a: Abomasnow|Leaf Storm|p1a: Glimmora\n|-damage|p1a: Glimmora|0 fnt\n|-unboost|p2a: Abomasnow|spa|2\n|faint|p1a: Glimmora\n|\n|-weather|Snow|[upkeep]\n|upkeep\n|\n|t:|1700493833\n|switch|p1a: Tyranitar|Tyranitar, F|88\/100\n|-weather|Sandstorm|[from] ability: Sand Stream|[of] p1a: Tyranitar\n|turn|14\n|\n|t:|1700493837\n|move|p1a: Tyranitar|Rock Blast|p2a: Abomasnow\n|-supereffective|p2a: Abomasnow\n|-damage|p2a: Abomasnow|82\/100\n|-supereffective|p2a: Abomasnow\n|-damage|p2a: Abomasnow|61\/100\n|-hitcount|p2a: Abomasnow|2\n|move|p2a: Abomasnow|Leaf Storm|p1a: Tyranitar|[miss]\n|-miss|p2a: Abomasnow|p1a: Tyranitar\n|\n|-weather|Sandstorm|[upkeep]\n|-damage|p2a: Abomasnow|55\/100|[from] Sandstorm\n|upkeep\n|turn|15\n|\n|t:|1700493845\n|switch|p2a: Cetitan|Cetitan, M|100\/100\n|move|p1a: Tyranitar|Rock Blast|p2a: Cetitan\n|-supereffective|p2a: Cetitan\n|-damage|p2a: Cetitan|78\/100\n|-supereffective|p2a: Cetitan\n|-damage|p2a: Cetitan|56\/100\n|-supereffective|p2a: Cetitan\n|-damage|p2a: Cetitan|31\/100\n|-hitcount|p2a: Cetitan|3\n|\n|-weather|Sandstorm|[upkeep]\n|-damage|p2a: Cetitan|25\/100|[from] Sandstorm\n|upkeep\n|turn|16\n|\n|t:|1700493856\n|switch|p1a: Ogerpon|Ogerpon-Cornerstone, F|100\/100\n|move|p2a: Cetitan|Earthquake|p1a: Ogerpon\n|-damage|p1a: Ogerpon|68\/100\n|\n|-weather|Sandstorm|[upkeep]\n|-damage|p2a: Cetitan|19\/100|[from] Sandstorm\n|upkeep\n|turn|17\n|\n|t:|1700493869\n|move|p1a: Ogerpon|Ivy Cudgel|p2a: Cetitan|[anim] Ivy Cudgel Rock\n|-supereffective|p2a: Cetitan\n|-damage|p2a: Cetitan|0 fnt\n|faint|p2a: Cetitan\n|\n|-weather|Sandstorm|[upkeep]\n|upkeep\n|\n|t:|1700493875\n|switch|p2a: Abomasnow|Abomasnow-Mega, M|55\/100\n|-weather|Snow|[from] ability: Snow Warning|[of] p2a: Abomasnow\n|turn|18\n|\n|t:|1700493880\n|move|p1a: Ogerpon|Ivy Cudgel|p2a: Abomasnow|[anim] Ivy Cudgel Rock\n|-supereffective|p2a: Abomasnow\n|-damage|p2a: Abomasnow|2\/100\n|move|p2a: Abomasnow|Blizzard|p1a: Ogerpon\n|-supereffective|p1a: Ogerpon\n|-damage|p1a: Ogerpon|0 fnt\n|faint|p1a: Ogerpon\n|\n|-weather|Snow|[upkeep]\n|upkeep\n|\n|t:|1700493883\n|switch|p1a: Tyranitar|Tyranitar, F|88\/100\n|-weather|Sandstorm|[from] ability: Sand Stream|[of] p1a: Tyranitar\n|turn|19\n|\n|t:|1700493887\n|-activate|p2a: Abomasnow|move: Pursuit\n|move|p1a: Tyranitar|Pursuit|p2a: Abomasnow|[from]Pursuit\n|-damage|p2a: Abomasnow|0 fnt\n|faint|p2a: Abomasnow\n|-hint|A Pokemon can't switch between when it runs out of HP and when it faints\n|\n|-weather|Sandstorm|[upkeep]\n|upkeep\n|\n|t:|1700493892\n|switch|p2a: Arctovish|Arctovish|100\/100\n|turn|20\n|\n|t:|1700493898\n|move|p2a: Arctovish|Fishious Rend|p1a: Tyranitar\n|-supereffective|p1a: Tyranitar\n|-damage|p1a: Tyranitar|0 fnt\n|faint|p1a: Tyranitar\n|\n|-weather|Sandstorm|[upkeep]\n|-damage|p2a: Arctovish|94\/100|[from] Sandstorm\n|upkeep\n|\n|t:|1700493904\n|switch|p1a: Aggron|Aggron, M|75\/100\n|turn|21\n|\n|t:|1700493907\n|detailschange|p1a: Aggron|Aggron-Mega, M\n|-mega|p1a: Aggron|Aggron|Aggronite\n|move|p2a: Arctovish|Fishious Rend|p1a: Aggron\n|-crit|p1a: Aggron\n|-damage|p1a: Aggron|32\/100\n|move|p1a: Aggron|Iron Defense|p1a: Aggron\n|-boost|p1a: Aggron|def|2\n|\n|-weather|Sandstorm|[upkeep]\n|-damage|p2a: Arctovish|88\/100|[from] Sandstorm\n|upkeep\n|turn|22\n|\n|t:|1700493910\n|move|p2a: Arctovish|Fishious Rend|p1a: Aggron\n|-damage|p1a: Aggron|18\/100\n|move|p1a: Aggron|Rest|p1a: Aggron\n|-status|p1a: Aggron|slp|[from] move: Rest\n|-heal|p1a: Aggron|100\/100 slp|[silent]\n|\n|-weather|Sandstorm|[upkeep]\n|-damage|p2a: Arctovish|82\/100|[from] Sandstorm\n|upkeep\n|turn|23\n|\n|t:|1700493913\n|move|p2a: Arctovish|Fishious Rend|p1a: Aggron\n|-damage|p1a: Aggron|87\/100 slp\n|cant|p1a: Aggron|slp\n|\n|-weather|none\n|upkeep\n|turn|24\n|\n|t:|1700493915\n|switch|p2a: Arctozolt|Arctozolt|100\/100\n|cant|p1a: Aggron|slp\n|move|p1a: Aggron|Sleep Talk|p1a: Aggron\n|move|p1a: Aggron|Iron Defense|p1a: Aggron|[from]move: Sleep Talk\n|-boost|p1a: Aggron|def|2\n|\n|upkeep\n|turn|25\n|\n|t:|1700493917\n|move|p2a: Arctozolt|Low Kick|p1a: Aggron\n|-supereffective|p1a: Aggron\n|-damage|p1a: Aggron|78\/100 slp\n|-damage|p2a: Arctozolt|91\/100|[from] item: Life Orb\n|-curestatus|p1a: Aggron|slp|[msg]\n|move|p1a: Aggron|Body Press|p2a: Arctozolt\n|-supereffective|p2a: Arctozolt\n|-damage|p2a: Arctozolt|0 fnt\n|faint|p2a: Arctozolt\n|\n|upkeep\n|-message|MAS0CHIST forfeited.\n|\n|win|ykhlhulgkyl5643\n|raw|ykhlhulgkyl5643's rating: 1283 &rarr; <strong>1316<\/strong><br \/>(+33 for winning)\n|raw|MAS0CHIST's rating: 1398 &rarr; <strong>1372<\/strong><br \/>(-26 for losing)\n|l|\u2606MAS0CHIST\n","uploadtime":1700493928,"views":1,"p1id":"ykhlhulgkyl5643","p2id":"mas0chist","formatid":"gen9nationaldex","rating":1316,"private":0,"password":""}