{"id":"gen9nationaldex-1987653490","p1":"tomlifeyou","p2":"ImPno","format":"[Gen 9] National Dex","log":"|j|\u2606tomlifeyou\n|j|\u2606ImPno\n|t:|1699624328\n|gametype|singles\n|player|p1|tomlifeyou|lucas-gen4pt|1252\n|player|p2|ImPno|ethan|1263\n|teamsize|p1|6\n|teamsize|p2|6\n|gen|9\n|tier|[Gen 9] National Dex\n|rated|\n|rule|HP Percentage Mod: HP is shown in percentages\n|rule|Endless Battle Clause: Forcing endless battles is banned\n|rule|OHKO Clause: OHKO moves are banned\n|rule|Evasion Clause: Evasion abilities, items, and moves are banned\n|rule|Evasion Abilities Clause: Evasion abilities are banned\n|rule|Evasion Items Clause: Evasion items are banned\n|rule|Evasion Moves Clause: Evasion moves are banned\n|rule|Species Clause: Limit one of each Pok\u00e9mon\n|rule|Sleep Clause Mod: Limit one foe put to sleep\n|clearpoke\n|poke|p1|Umbreon, M|\n|poke|p1|Porygon-Z|\n|poke|p1|Banette, M|\n|poke|p1|Forretress, M|\n|poke|p1|Iron Valiant|\n|poke|p1|Blacephalon|\n|poke|p2|Xurkitree|\n|poke|p2|Dragonite, F|\n|poke|p2|Scizor, M|\n|poke|p2|Urshifu-*, F|\n|poke|p2|Garganacl, M|\n|poke|p2|Blaziken, M|\n|teampreview\n|\n|t:|1699624339\n|start\n|switch|p1a: Forretress|Forretress, M|100\/100\n|switch|p2a: Garganacl|Garganacl, M, shiny|100\/100\n|turn|1\n|\n|t:|1699624345\n|move|p1a: Forretress|Stealth Rock|p2a: Garganacl\n|-sidestart|p2: ImPno|move: Stealth Rock\n|move|p2a: Garganacl|Salt Cure|p1a: Forretress\n|-damage|p1a: Forretress|93\/100\n|-start|p1a: Forretress|Salt Cure\n|\n|-damage|p1a: Forretress|68\/100|[from] Salt Cure\n|upkeep\n|turn|2\n|\n|t:|1699624353\n|switch|p1a: Iron Valiant|Iron Valiant|100\/100\n|-enditem|p1a: Iron Valiant|Booster Energy\n|-activate|p1a: Iron Valiant|ability: Quark Drive|[fromitem]\n|-start|p1a: Iron Valiant|quarkdrivespe\n|move|p2a: Garganacl|Stealth Rock|p1a: Iron Valiant\n|-sidestart|p1: tomlifeyou|move: Stealth Rock\n|\n|upkeep\n|turn|3\n|\n|t:|1699624358\n|move|p1a: Iron Valiant|Close Combat|p2a: Garganacl\n|-supereffective|p2a: Garganacl\n|-damage|p2a: Garganacl|34\/100\n|-unboost|p1a: Iron Valiant|def|1\n|-unboost|p1a: Iron Valiant|spd|1\n|move|p2a: Garganacl|Salt Cure|p1a: Iron Valiant\n|-resisted|p1a: Iron Valiant\n|-damage|p1a: Iron Valiant|86\/100\n|-start|p1a: Iron Valiant|Salt Cure\n|\n|-heal|p2a: Garganacl|40\/100|[from] item: Leftovers\n|-damage|p1a: Iron Valiant|74\/100|[from] Salt Cure\n|upkeep\n|turn|4\n|\n|t:|1699624361\n|move|p2a: Garganacl|Protect|p2a: Garganacl\n|-singleturn|p2a: Garganacl|Protect\n|move|p1a: Iron Valiant|Close Combat|p2a: Garganacl\n|-activate|p2a: Garganacl|move: Protect\n|\n|-heal|p2a: Garganacl|46\/100|[from] item: Leftovers\n|-damage|p1a: Iron Valiant|61\/100|[from] Salt Cure\n|upkeep\n|turn|5\n|\n|t:|1699624374\n|-terastallize|p1a: Iron Valiant|Fairy\n|move|p1a: Iron Valiant|Spirit Break|p2a: Garganacl\n|-damage|p2a: Garganacl|19\/100\n|-unboost|p2a: Garganacl|spa|1\n|move|p2a: Garganacl|Earthquake|p1a: Iron Valiant\n|-damage|p1a: Iron Valiant|18\/100\n|\n|-heal|p2a: Garganacl|25\/100|[from] item: Leftovers\n|-damage|p1a: Iron Valiant|5\/100|[from] Salt Cure\n|upkeep\n|turn|6\n|\n|t:|1699624384\n|move|p2a: Garganacl|Protect|p2a: Garganacl\n|-singleturn|p2a: Garganacl|Protect\n|move|p1a: Iron Valiant|Close Combat|p2a: Garganacl\n|-activate|p2a: Garganacl|move: Protect\n|\n|-heal|p2a: Garganacl|31\/100|[from] item: Leftovers\n|-damage|p1a: Iron Valiant|0 fnt|[from] Salt Cure\n|faint|p1a: Iron Valiant\n|-end|p1a: Iron Valiant|Quark Drive|[silent]\n|upkeep\n|\n|t:|1699624392\n|switch|p1a: Porygon-Z|Porygon-Z|100\/100\n|-damage|p1a: Porygon-Z|88\/100|[from] Stealth Rock\n|turn|7\n|\n|t:|1699624401\n|move|p1a: Porygon-Z|Discharge|p2a: Garganacl\n|-crit|p2a: Garganacl\n|-damage|p2a: Garganacl|0 fnt\n|faint|p2a: Garganacl\n|\n|upkeep\n|\n|t:|1699624409\n|switch|p2a: Dragonite|Dragonite, F, shiny|100\/100\n|-damage|p2a: Dragonite|75\/100|[from] Stealth Rock\n|turn|8\n|\n|t:|1699624415\n|switch|p1a: Banette|Banette, M|100\/100\n|-damage|p1a: Banette|88\/100|[from] Stealth Rock\n|-item|p2a: Dragonite|Loaded Dice|[from] ability: Frisk|[of] p1a: Banette|[identify]\n|move|p2a: Dragonite|Dragon Dance|p2a: Dragonite\n|-boost|p2a: Dragonite|atk|1\n|-boost|p2a: Dragonite|spe|1\n|\n|upkeep\n|turn|9\n|\n|t:|1699624420\n|detailschange|p1a: Banette|Banette-Mega, M\n|-mega|p1a: Banette|Banette|Banettite\n|move|p1a: Banette|Destiny Bond|p1a: Banette\n|-singlemove|p1a: Banette|Destiny Bond\n|move|p2a: Dragonite|Scale Shot|p1a: Banette\n|-damage|p1a: Banette|62\/100\n|-damage|p1a: Banette|35\/100\n|-damage|p1a: Banette|7\/100\n|-damage|p1a: Banette|0 fnt\n|faint|p1a: Banette\n|-activate|p1a: Banette|move: Destiny Bond\n|faint|p2a: Dragonite\n|-hitcount|p1: Banette|4\n|\n|upkeep\n|\n|t:|1699624435\n|switch|p2a: Urshifu|Urshifu-Rapid-Strike, F|100\/100\n|switch|p1a: Forretress|Forretress, M|68\/100\n|-damage|p2a: Urshifu|94\/100|[from] Stealth Rock\n|-damage|p1a: Forretress|55\/100|[from] Stealth Rock\n|turn|10\n|\n|t:|1699624438\n|move|p2a: Urshifu|Swords Dance|p2a: Urshifu\n|-boost|p2a: Urshifu|atk|2\n|move|p1a: Forretress|Rapid Spin|p2a: Urshifu\n|-damage|p2a: Urshifu|83\/100\n|-boost|p1a: Forretress|spe|1\n|-sideend|p1: tomlifeyou|Stealth Rock|[from] move: Rapid Spin|[of] p1a: Forretress\n|\n|upkeep\n|turn|11\n|\n|t:|1699624445\n|move|p2a: Urshifu|Swords Dance|p2a: Urshifu\n|-boost|p2a: Urshifu|atk|2\n|move|p1a: Forretress|Explosion|p2a: Urshifu\n|-crit|p2a: Urshifu\n|-damage|p2a: Urshifu|3\/100\n|faint|p1a: Forretress\n|\n|upkeep\n|\n|t:|1699624455\n|switch|p1a: Porygon-Z|Porygon-Z|88\/100\n|turn|12\n|\n|t:|1699624458\n|move|p1a: Porygon-Z|Tri Attack|p2a: Urshifu\n|-damage|p2a: Urshifu|0 fnt\n|faint|p2a: Urshifu\n|\n|upkeep\n|\n|t:|1699624466\n|switch|p2a: Xurkitree|Xurkitree, shiny|100\/100\n|-damage|p2a: Xurkitree|88\/100|[from] Stealth Rock\n|turn|13\n|\n|t:|1699624469\n|move|p1a: Porygon-Z|Tri Attack|p2a: Xurkitree\n|-damage|p2a: Xurkitree|6\/100\n|move|p2a: Xurkitree|Discharge|p1a: Porygon-Z\n|-damage|p1a: Porygon-Z|28\/100\n|-status|p1a: Porygon-Z|par\n|\n|-heal|p2a: Xurkitree|12\/100|[from] item: Leftovers\n|upkeep\n|turn|14\n|\n|t:|1699624476\n|move|p2a: Xurkitree|Discharge|p1a: Porygon-Z\n|-damage|p1a: Porygon-Z|0 fnt\n|faint|p1a: Porygon-Z\n|-ability|p2a: Xurkitree|Beast Boost|boost\n|-boost|p2a: Xurkitree|spa|1\n|\n|-heal|p2a: Xurkitree|18\/100|[from] item: Leftovers\n|upkeep\n|\n|t:|1699624481\n|switch|p1a: Blacephalon|Blacephalon|100\/100\n|turn|15\n|\n|t:|1699624485\n|move|p1a: Blacephalon|Shadow Ball|p2a: Xurkitree\n|-crit|p2a: Xurkitree\n|-damage|p2a: Xurkitree|0 fnt\n|faint|p2a: Xurkitree\n|-ability|p1a: Blacephalon|Beast Boost|boost\n|-boost|p1a: Blacephalon|spa|1\n|\n|upkeep\n|\n|t:|1699624489\n|switch|p2a: Blaziken|Blaziken, M, shiny|100\/100\n|-damage|p2a: Blaziken|88\/100|[from] Stealth Rock\n|turn|16\n|\n|t:|1699624493\n|move|p2a: Blaziken|Protect|p2a: Blaziken\n|-singleturn|p2a: Blaziken|Protect\n|move|p1a: Blacephalon|Expanding Force|p2a: Blaziken\n|-activate|p2a: Blaziken|move: Protect\n|\n|-ability|p2a: Blaziken|Speed Boost|boost\n|-boost|p2a: Blaziken|spe|1\n|upkeep\n|turn|17\n|\n|t:|1699624516\n|move|p2a: Blaziken|Earthquake|p1a: Blacephalon\n|-supereffective|p1a: Blacephalon\n|-damage|p1a: Blacephalon|0 fnt\n|faint|p1a: Blacephalon\n|\n|-ability|p2a: Blaziken|Speed Boost|boost\n|-boost|p2a: Blaziken|spe|1\n|upkeep\n|\n|t:|1699624520\n|switch|p1a: Umbreon|Umbreon, M|100\/100\n|turn|18\n|\n|t:|1699624549\n|move|p2a: Blaziken|Earthquake|p1a: Umbreon\n|-damage|p1a: Umbreon|73\/100\n|move|p1a: Umbreon|Toxic|p2a: Blaziken\n|-status|p2a: Blaziken|tox\n|\n|-heal|p1a: Umbreon|79\/100|[from] item: Leftovers\n|-damage|p2a: Blaziken|82\/100 tox|[from] psn\n|-ability|p2a: Blaziken|Speed Boost|boost\n|-boost|p2a: Blaziken|spe|1\n|upkeep\n|turn|19\n|\n|t:|1699624557\n|move|p2a: Blaziken|Blaze Kick|p1a: Umbreon\n|-damage|p1a: Umbreon|43\/100\n|move|p1a: Umbreon|Moonlight|p1a: Umbreon\n|-heal|p1a: Umbreon|93\/100\n|\n|-heal|p1a: Umbreon|99\/100|[from] item: Leftovers\n|-damage|p2a: Blaziken|70\/100 tox|[from] psn\n|-ability|p2a: Blaziken|Speed Boost|boost\n|-boost|p2a: Blaziken|spe|1\n|upkeep\n|turn|20\n|\n|t:|1699624565\n|move|p2a: Blaziken|Blaze Kick|p1a: Umbreon\n|-damage|p1a: Umbreon|61\/100\n|move|p1a: Umbreon|Moonlight|p1a: Umbreon\n|-heal|p1a: Umbreon|100\/100\n|\n|-damage|p2a: Blaziken|52\/100 tox|[from] psn\n|-ability|p2a: Blaziken|Speed Boost|boost\n|-boost|p2a: Blaziken|spe|1\n|upkeep\n|turn|21\n|\n|t:|1699624570\n|move|p2a: Blaziken|Blaze Kick|p1a: Umbreon\n|-damage|p1a: Umbreon|62\/100\n|move|p1a: Umbreon|Foul Play|p2a: Blaziken\n|-resisted|p2a: Blaziken\n|-damage|p2a: Blaziken|11\/100 tox\n|\n|-heal|p1a: Umbreon|69\/100|[from] item: Leftovers\n|-damage|p2a: Blaziken|0 fnt|[from] psn\n|faint|p2a: Blaziken\n|upkeep\n|\n|t:|1699624579\n|switch|p2a: Scizor|Scizor, M, shiny|100\/100\n|-damage|p2a: Scizor|88\/100|[from] Stealth Rock\n|turn|22\n|\n|t:|1699624581\n|detailschange|p2a: Scizor|Scizor-Mega, M, shiny\n|-mega|p2a: Scizor|Scizor|Scizorite\n|move|p2a: Scizor|Swords Dance|p2a: Scizor\n|-boost|p2a: Scizor|atk|2\n|move|p1a: Umbreon|Moonlight|p1a: Umbreon\n|-heal|p1a: Umbreon|100\/100\n|\n|upkeep\n|turn|23\n|\n|t:|1699624586\n|move|p2a: Scizor|Swords Dance|p2a: Scizor\n|-boost|p2a: Scizor|atk|2\n|move|p1a: Umbreon|Foul Play|p2a: Scizor\n|-damage|p2a: Scizor|0 fnt\n|faint|p2a: Scizor\n|\n|win|tomlifeyou\n|raw|tomlifeyou's rating: 1252 &rarr; <strong>1278<\/strong><br \/>(+26 for winning)\n|raw|ImPno's rating: 1263 &rarr; <strong>1237<\/strong><br \/>(-26 for losing)\n|l|\u2606ImPno\n","uploadtime":1699624598,"views":10,"p1id":"tomlifeyou","p2id":"impno","formatid":"gen9nationaldex","rating":1237,"private":0,"password":""}