{"id":"gen9nationaldex-1987374118","p1":"ApicklenamedRick","p2":"pokXD","format":"[Gen 9] National Dex","log":"|j|\u2606ApicklenamedRick\n|j|\u2606pokXD\n|t:|1699583283\n|gametype|singles\n|player|p1|ApicklenamedRick|2|1000\n|player|p2|pokXD|cynthia-gen7|1012\n|teamsize|p1|6\n|teamsize|p2|6\n|gen|9\n|tier|[Gen 9] National Dex\n|rated|\n|rule|HP Percentage Mod: HP is shown in percentages\n|rule|Endless Battle Clause: Forcing endless battles is banned\n|rule|OHKO Clause: OHKO moves are banned\n|rule|Evasion Clause: Evasion abilities, items, and moves are banned\n|rule|Evasion Abilities Clause: Evasion abilities are banned\n|rule|Evasion Items Clause: Evasion items are banned\n|rule|Evasion Moves Clause: Evasion moves are banned\n|rule|Species Clause: Limit one of each Pok\u00e9mon\n|rule|Sleep Clause Mod: Limit one foe put to sleep\n|clearpoke\n|poke|p1|Garchomp, M|\n|poke|p1|Hippowdon, F|\n|poke|p1|Tyranitar, M|\n|poke|p1|Great Tusk|\n|poke|p1|Ting-Lu|\n|poke|p1|Aegislash, M|\n|poke|p2|Yanmega, F|\n|poke|p2|Torterra, F|\n|poke|p2|Rotom-Wash|\n|poke|p2|Gliscor, M|\n|poke|p2|Slowking-Galar, F|\n|poke|p2|Garchomp, M|\n|teampreview\n|inactive|Battle timer is ON: inactive players will automatically lose when time's up. (requested by ApicklenamedRick)\n|inactive|pokXD has 120 seconds left.\n|\n|t:|1699583322\n|start\n|switch|p1a: Hippowdon|Hippowdon, F|100\/100\n|switch|p2a: Rotom|Rotom-Wash|100\/100\n|-weather|Sandstorm|[from] ability: Sand Stream|[of] p1a: Hippowdon\n|turn|1\n|\n|t:|1699583333\n|move|p2a: Rotom|Reflect|p2a: Rotom\n|-sidestart|p2: pokXD|Reflect\n|move|p1a: Hippowdon|Toxic|p2a: Rotom\n|-status|p2a: Rotom|tox\n|\n|-weather|Sandstorm|[upkeep]\n|-damage|p2a: Rotom|94\/100 tox|[from] Sandstorm\n|-damage|p2a: Rotom|88\/100 tox|[from] psn\n|upkeep\n|turn|2\n|\n|t:|1699583345\n|switch|p1a: Great Tusk|Great Tusk|100\/100\n|-enditem|p1a: Great Tusk|Booster Energy\n|-activate|p1a: Great Tusk|ability: Protosynthesis|[fromitem]\n|-start|p1a: Great Tusk|protosynthesisatk\n|move|p2a: Rotom|Light Screen|p2a: Rotom\n|-sidestart|p2: pokXD|move: Light Screen\n|\n|-weather|Sandstorm|[upkeep]\n|-damage|p2a: Rotom|82\/100 tox|[from] Sandstorm\n|-damage|p2a: Rotom|69\/100 tox|[from] psn\n|upkeep\n|turn|3\n|\n|t:|1699583357\n|move|p1a: Great Tusk|Brick Break|p2a: Rotom\n|-sideend|p2: pokXD|Reflect\n|-sideend|p2: pokXD|move: Light Screen\n|-damage|p2a: Rotom|16\/100 tox\n|move|p2a: Rotom|Will-O-Wisp|p1a: Great Tusk\n|-status|p1a: Great Tusk|brn\n|\n|-weather|Sandstorm|[upkeep]\n|-damage|p2a: Rotom|10\/100 tox|[from] Sandstorm\n|-damage|p2a: Rotom|0 fnt|[from] psn\n|faint|p2a: Rotom\n|-damage|p1a: Great Tusk|94\/100 brn|[from] brn\n|upkeep\n|\n|t:|1699583375\n|switch|p2a: Torterra|Torterra, F|100\/100\n|turn|4\n|\n|t:|1699583382\n|move|p1a: Great Tusk|Ice Spinner|p2a: Torterra\n|-supereffective|p2a: Torterra\n|-damage|p2a: Torterra|22\/100\n|move|p2a: Torterra|Shell Smash|p2a: Torterra\n|-unboost|p2a: Torterra|def|1\n|-unboost|p2a: Torterra|spd|1\n|-boost|p2a: Torterra|atk|2\n|-boost|p2a: Torterra|spa|2\n|-boost|p2a: Torterra|spe|2\n|-enditem|p2a: Torterra|White Herb\n|-clearnegativeboost|p2a: Torterra|[silent]\n|\n|-weather|Sandstorm|[upkeep]\n|-damage|p1a: Great Tusk|88\/100 brn|[from] brn\n|upkeep\n|turn|5\n|\n|t:|1699583397\n|move|p2a: Torterra|Headlong Rush|p1a: Great Tusk\n|-damage|p1a: Great Tusk|3\/100 brn\n|-unboost|p2a: Torterra|def|1\n|-unboost|p2a: Torterra|spd|1\n|move|p1a: Great Tusk|Ice Spinner|p2a: Torterra\n|-supereffective|p2a: Torterra\n|-crit|p2a: Torterra\n|-damage|p2a: Torterra|0 fnt\n|faint|p2a: Torterra\n|\n|-weather|none\n|-damage|p1a: Great Tusk|0 fnt|[from] brn\n|faint|p1a: Great Tusk\n|-end|p1a: Great Tusk|Protosynthesis|[silent]\n|upkeep\n|\n|t:|1699583417\n|switch|p1a: Hippowdon|Hippowdon, F|100\/100\n|switch|p2a: Garchomp|Garchomp, M|100\/100\n|-weather|Sandstorm|[from] ability: Sand Stream|[of] p1a: Hippowdon\n|turn|6\n|j| mrnexuslink\n|\n|t:|1699583424\n|move|p2a: Garchomp|Swords Dance|p2a: Garchomp\n|-boost|p2a: Garchomp|atk|2\n|move|p1a: Hippowdon|Yawn|p2a: Garchomp\n|-start|p2a: Garchomp|move: Yawn|[of] p1a: Hippowdon\n|\n|-weather|Sandstorm|[upkeep]\n|upkeep\n|turn|7\n|\n|t:|1699583432\n|move|p1a: Hippowdon|Protect|p1a: Hippowdon\n|-singleturn|p1a: Hippowdon|Protect\n|move|p2a: Garchomp|Scale Shot|p1a: Hippowdon\n|-activate|p1a: Hippowdon|move: Protect\n|\n|-weather|Sandstorm|[upkeep]\n|-end|p2a: Garchomp|move: Yawn|[silent]\n|-status|p2a: Garchomp|slp\n|upkeep\n|turn|8\n|\n|t:|1699583441\n|switch|p1a: Garchomp|Garchomp, M|100\/100\n|cant|p2a: Garchomp|slp\n|\n|-weather|Sandstorm|[upkeep]\n|upkeep\n|turn|9\n|\n|t:|1699583451\n|move|p1a: Garchomp|Scale Shot|p2a: Garchomp\n|-supereffective|p2a: Garchomp\n|-damage|p2a: Garchomp|73\/100 slp\n|-supereffective|p2a: Garchomp\n|-damage|p2a: Garchomp|49\/100 slp\n|-supereffective|p2a: Garchomp\n|-damage|p2a: Garchomp|23\/100 slp\n|-supereffective|p2a: Garchomp\n|-damage|p2a: Garchomp|0 fnt\n|faint|p2a: Garchomp\n|-hitcount|p2: Garchomp|4\n|-unboost|p1a: Garchomp|def|1\n|-boost|p1a: Garchomp|spe|1\n|\n|-weather|Sandstorm|[upkeep]\n|upkeep\n|\n|t:|1699583467\n|switch|p2a: Slowking|Slowking-Galar, F|100\/100\n|turn|10\n|\n|t:|1699583473\n|detailschange|p1a: Garchomp|Garchomp-Mega, M\n|-mega|p1a: Garchomp|Garchomp|Garchompite\n|move|p1a: Garchomp|Earthquake|p2a: Slowking\n|-supereffective|p2a: Slowking\n|-damage|p2a: Slowking|0 fnt\n|faint|p2a: Slowking\n|\n|-weather|none\n|upkeep\n|-message|pokXD forfeited.\n|\n|win|ApicklenamedRick\n|raw|ApicklenamedRick's rating: 1000 &rarr; <strong>1041<\/strong><br \/>(+41 for winning)\n|raw|pokXD's rating: 1012 &rarr; <strong>1000<\/strong><br \/>(-12 for losing)\n|l|\u2606pokXD\n|l| mrnexuslink\n","uploadtime":1699583511,"views":15,"p1id":"apicklenamedrick","p2id":"pokxd","formatid":"gen9nationaldex","rating":1000,"private":0,"password":""}