{"id":"gen9nationaldex-1999521890","p1":"YG97","p2":"jujibalaoshi001","format":"[Gen 9] National Dex","log":"|html|<div class=\"broadcast-blue\"><strong>[Gen 9] National Dex is currently suspecting Sneasler! For information on how to participate check out the <a href=\"https:\/\/www.smogon.com\/forums\/threads\/sv-national-dex-suspect-8-just-dance.3731534\/\">suspect thread<\/a>.<\/strong><\/div>\n|j|\u2606YG97\n|j|\u2606jujibalaoshi001\n|t:|1701092117\n|gametype|singles\n|player|p1|YG97|dawn|1382\n|player|p2|jujibalaoshi001|hexmaniac-gen6|1386\n|teamsize|p1|6\n|teamsize|p2|6\n|gen|9\n|tier|[Gen 9] National Dex\n|rated|\n|rule|HP Percentage Mod: HP is shown in percentages\n|rule|Endless Battle Clause: Forcing endless battles is banned\n|rule|OHKO Clause: OHKO moves are banned\n|rule|Evasion Clause: Evasion abilities, items, and moves are banned\n|rule|Evasion Abilities Clause: Evasion abilities are banned\n|rule|Evasion Items Clause: Evasion items are banned\n|rule|Evasion Moves Clause: Evasion moves are banned\n|rule|Species Clause: Limit one of each Pok\u00e9mon\n|rule|Sleep Clause Mod: Limit one foe put to sleep\n|clearpoke\n|poke|p1|Hippowdon, M|\n|poke|p1|Excadrill, F|\n|poke|p1|Tyranitar, M|\n|poke|p1|Dracozolt|\n|poke|p1|Goodra-Hisui, M|\n|poke|p1|Aron, L1, F|\n|poke|p2|Hoopa-Unbound|\n|poke|p2|Marowak-Alola, F|\n|poke|p2|Hatterene, F|\n|poke|p2|Cresselia, F|\n|poke|p2|Porygon2|\n|poke|p2|Ursaluna, M|\n|teampreview\n|\n|t:|1701092131\n|start\n|switch|p1a: Hippowdon|Hippowdon, M|100\/100\n|switch|p2a: Marowak|Marowak-Alola, F|100\/100\n|-weather|Sandstorm|[from] ability: Sand Stream|[of] p1a: Hippowdon\n|turn|1\n|\n|t:|1701092141\n|switch|p2a: Cresselia|Cresselia, F|100\/100\n|move|p1a: Hippowdon|Stealth Rock|p2a: Cresselia\n|-sidestart|p2: jujibalaoshi001|move: Stealth Rock\n|\n|-weather|Sandstorm|[upkeep]\n|-damage|p2a: Cresselia|94\/100|[from] Sandstorm\n|upkeep\n|turn|2\n|\n|t:|1701092150\n|move|p1a: Hippowdon|Whirlwind|p2a: Cresselia\n|drag|p2a: Hoopa|Hoopa-Unbound|100\/100\n|-damage|p2a: Hoopa|88\/100|[from] Stealth Rock\n|\n|-weather|Sandstorm|[upkeep]\n|-damage|p2a: Hoopa|82\/100|[from] Sandstorm\n|upkeep\n|turn|3\n|\n|t:|1701092161\n|move|p2a: Hoopa|Psychic|p1a: Hippowdon\n|-damage|p1a: Hippowdon|29\/100\n|move|p1a: Hippowdon|Earthquake|p2a: Hoopa\n|-damage|p2a: Hoopa|27\/100\n|\n|-weather|Sandstorm|[upkeep]\n|-damage|p2a: Hoopa|21\/100|[from] Sandstorm\n|upkeep\n|turn|4\n|\n|t:|1701092181\n|switch|p1a: Excadrill|Excadrill, F|100\/100\n|move|p2a: Hoopa|Focus Blast|p1a: Excadrill\n|-supereffective|p1a: Excadrill\n|-enditem|p1a: Excadrill|Focus Sash\n|-damage|p1a: Excadrill|1\/100\n|\n|-weather|Sandstorm|[upkeep]\n|-damage|p2a: Hoopa|15\/100|[from] Sandstorm\n|upkeep\n|turn|5\n|\n|t:|1701092192\n|move|p1a: Excadrill|Earthquake|p2a: Hoopa\n|-damage|p2a: Hoopa|0 fnt\n|faint|p2a: Hoopa\n|\n|-weather|Sandstorm|[upkeep]\n|upkeep\n|\n|t:|1701092197\n|switch|p2a: Cresselia|Cresselia, F|94\/100\n|-damage|p2a: Cresselia|82\/100|[from] Stealth Rock\n|turn|6\n|\n|t:|1701092206\n|move|p1a: Excadrill|Swords Dance|p1a: Excadrill\n|-boost|p1a: Excadrill|atk|2\n|move|p2a: Cresselia|Trick Room|p2a: Cresselia\n|-fieldstart|move: Trick Room|[of] p2a: Cresselia\n|\n|-weather|Sandstorm|[upkeep]\n|-damage|p2a: Cresselia|76\/100|[from] Sandstorm\n|upkeep\n|turn|7\n|\n|t:|1701092222\n|move|p2a: Cresselia|Ice Beam|p1a: Excadrill\n|-damage|p1a: Excadrill|0 fnt\n|faint|p1a: Excadrill\n|\n|-weather|Sandstorm|[upkeep]\n|-damage|p2a: Cresselia|70\/100|[from] Sandstorm\n|upkeep\n|\n|t:|1701092230\n|switch|p1a: Aron|Aron, L1, F|100\/100\n|turn|8\n|\n|t:|1701092234\n|move|p1a: Aron|Endeavor|p2a: Cresselia\n|-damage|p2a: Cresselia|3\/100\n|move|p2a: Cresselia|Lunar Dance|p2a: Cresselia\n|faint|p2a: Cresselia\n|\n|-weather|none\n|upkeep\n|\n|t:|1701092245\n|switch|p2a: Marowak|Marowak-Alola, F|100\/100\n|-damage|p2a: Marowak|75\/100|[from] Stealth Rock\n|turn|9\n|\n|t:|1701092255\n|switch|p1a: Hippowdon|Hippowdon, M|29\/100\n|-weather|Sandstorm|[from] ability: Sand Stream|[of] p1a: Hippowdon\n|move|p2a: Marowak|Swords Dance|p2a: Marowak\n|-boost|p2a: Marowak|atk|2\n|\n|-weather|Sandstorm|[upkeep]\n|-damage|p2a: Marowak|69\/100|[from] Sandstorm\n|upkeep\n|turn|10\n|\n|t:|1701092262\n|move|p2a: Marowak|Poltergeist|p1a: Hippowdon\n|-activate|p1a: Hippowdon|move: Poltergeist|Smooth Rock\n|-damage|p1a: Hippowdon|0 fnt\n|faint|p1a: Hippowdon\n|\n|-weather|Sandstorm|[upkeep]\n|-damage|p2a: Marowak|63\/100|[from] Sandstorm\n|-fieldend|move: Trick Room\n|upkeep\n|\n|t:|1701092265\n|switch|p1a: Aron|Aron, L1, F|100\/100\n|turn|11\n|\n|t:|1701092272\n|move|p2a: Marowak|Poltergeist|p1a: Aron|[miss]\n|-miss|p2a: Marowak|p1a: Aron\n|move|p1a: Aron|Endeavor|p2a: Marowak\n|-immune|p2a: Marowak\n|\n|-weather|Sandstorm|[upkeep]\n|-damage|p2a: Marowak|57\/100|[from] Sandstorm\n|upkeep\n|turn|12\n|\n|t:|1701092285\n|move|p2a: Marowak|Low Kick|p1a: Aron\n|-supereffective|p1a: Aron\n|-ability|p1a: Aron|Sturdy\n|-damage|p1a: Aron|9\/100\n|move|p1a: Aron|Toxic|p2a: Marowak|[miss]\n|-miss|p1a: Aron|p2a: Marowak\n|\n|-weather|Sandstorm|[upkeep]\n|-damage|p2a: Marowak|51\/100|[from] Sandstorm\n|upkeep\n|turn|13\n|\n|t:|1701092298\n|switch|p1a: Goodra|Goodra-Hisui, M|100\/100\n|move|p2a: Marowak|Poltergeist|p1a: Goodra\n|-activate|p1a: Goodra|move: Poltergeist|Leftovers\n|-damage|p1a: Goodra|0 fnt\n|faint|p1a: Goodra\n|\n|-weather|Sandstorm|[upkeep]\n|-damage|p2a: Marowak|45\/100|[from] Sandstorm\n|upkeep\n|\n|t:|1701092305\n|switch|p1a: Dracozolt|Dracozolt|100\/100\n|turn|14\n|\n|t:|1701092315\n|switch|p2a: Ursaluna|Ursaluna, M|100\/100\n|-damage|p2a: Ursaluna|94\/100|[from] Stealth Rock\n|move|p1a: Dracozolt|Earthquake|p2a: Ursaluna\n|-damage|p2a: Ursaluna|64\/100\n|\n|-weather|Sandstorm|[upkeep]\n|-status|p2a: Ursaluna|brn|[from] item: Flame Orb\n|upkeep\n|turn|15\n|-message|YG97 forfeited.\n|\n|win|jujibalaoshi001\n|raw|YG97's rating: 1382 &rarr; <strong>1362<\/strong><br \/>(-20 for losing)\n|raw|jujibalaoshi001's rating: 1386 &rarr; <strong>1406<\/strong><br \/>(+20 for winning)\n|l|\u2606YG97\n","uploadtime":1701092329,"views":1,"p1id":"yg97","p2id":"jujibalaoshi001","formatid":"gen9nationaldex","rating":1362,"private":0,"password":""}