{"id":"gen9nationaldex-1991866735","p1":"123456cb","p2":"12w3e4","format":"[Gen 9] National Dex","log":"|j|\u2606123456cb\n|j|\u260612w3e4\n|t:|1700130805\n|gametype|singles\n|player|p1|123456cb|marley|1534\n|player|p2|12w3e4|lana|1460\n|teamsize|p1|6\n|teamsize|p2|6\n|gen|9\n|tier|[Gen 9] National Dex\n|rated|\n|rule|HP Percentage Mod: HP is shown in percentages\n|rule|Endless Battle Clause: Forcing endless battles is banned\n|rule|OHKO Clause: OHKO moves are banned\n|rule|Evasion Clause: Evasion abilities, items, and moves are banned\n|rule|Evasion Abilities Clause: Evasion abilities are banned\n|rule|Evasion Items Clause: Evasion items are banned\n|rule|Evasion Moves Clause: Evasion moves are banned\n|rule|Species Clause: Limit one of each Pok\u00e9mon\n|rule|Sleep Clause Mod: Limit one foe put to sleep\n|clearpoke\n|poke|p1|Dondozo, M|\n|poke|p1|Blissey, F|\n|poke|p1|Toxapex, F|\n|poke|p1|Clodsire, F|\n|poke|p1|Gliscor, M|\n|poke|p1|Corviknight, M|\n|poke|p2|Glimmora, F|\n|poke|p2|Garchomp, M|\n|poke|p2|Scizor, F|\n|poke|p2|Ogerpon-Wellspring, F|\n|poke|p2|Volcarona, F|\n|poke|p2|Iron Valiant|\n|teampreview\n|inactive|Battle timer is ON: inactive players will automatically lose when time's up. (requested by 12w3e4)\n|\n|t:|1700130817\n|start\n|switch|p1a: \u8fd9\u662f\u52fe\u9b42\u773c\u7684\u4f4d\u7f6e|Gliscor, M|100\/100\n|switch|p2a: Ogerpon|Ogerpon-Wellspring, F|100\/100\n|turn|1\n|\n|t:|1700130823\n|switch|p1a: \u522b\u6253\u6211\u5440|Toxapex, F|100\/100\n|move|p2a: Ogerpon|Taunt|p1a: \u522b\u6253\u6211\u5440\n|-start|p1a: \u522b\u6253\u6211\u5440|move: Taunt\n|\n|upkeep\n|turn|2\n|\n|t:|1700130827\n|move|p2a: Ogerpon|Swords Dance|p2a: Ogerpon\n|-boost|p2a: Ogerpon|atk|2\n|move|p1a: \u522b\u6253\u6211\u5440|Knock Off|p2a: Ogerpon\n|-damage|p2a: Ogerpon|89\/100\n|\n|upkeep\n|turn|3\n|\n|t:|1700130838\n|switch|p1a: \u9e1f|Corviknight, M|100\/100\n|-ability|p1a: \u9e1f|Pressure\n|move|p2a: Ogerpon|Power Whip|p1a: \u9e1f\n|-resisted|p1a: \u9e1f\n|-damage|p1a: \u9e1f|81\/100\n|\n|-heal|p1a: \u9e1f|87\/100|[from] item: Leftovers\n|upkeep\n|turn|4\n|inactive|12w3e4 has 120 seconds left.\n|\n|t:|1700130869\n|switch|p2a: Scizor|Scizor, F|100\/100\n|move|p1a: \u9e1f|Body Press|p2a: Scizor\n|-damage|p2a: Scizor|71\/100\n|\n|-heal|p1a: \u9e1f|94\/100|[from] item: Leftovers\n|upkeep\n|turn|5\n|\n|t:|1700130878\n|detailschange|p2a: Scizor|Scizor-Mega, F\n|-mega|p2a: Scizor|Scizor|Scizorite\n|move|p2a: Scizor|Swords Dance|p2a: Scizor\n|-boost|p2a: Scizor|atk|2\n|move|p1a: \u9e1f|Iron Defense|p1a: \u9e1f\n|-boost|p1a: \u9e1f|def|2\n|\n|-heal|p1a: \u9e1f|99\/100|[from] item: Leftovers\n|upkeep\n|turn|6\n|\n|t:|1700130886\n|switch|p2a: Volcarona|Volcarona, F|100\/100\n|move|p1a: \u9e1f|Body Press|p2a: Volcarona\n|-resisted|p2a: Volcarona\n|-damage|p2a: Volcarona|63\/100\n|\n|-heal|p1a: \u9e1f|100\/100|[from] item: Leftovers\n|upkeep\n|turn|7\n|\n|t:|1700130894\n|switch|p1a: \u6211\u83dc\u5f97\u62a0\u811a|Clodsire, F|100\/100\n|move|p2a: Volcarona|Giga Drain|p1a: \u6211\u83dc\u5f97\u62a0\u811a\n|-damage|p1a: \u6211\u83dc\u5f97\u62a0\u811a|85\/100\n|-heal|p2a: Volcarona|74\/100|[from] drain|[of] p1a: \u6211\u83dc\u5f97\u62a0\u811a\n|\n|-heal|p1a: \u6211\u83dc\u5f97\u62a0\u811a|91\/100|[from] item: Leftovers\n|upkeep\n|turn|8\n|\n|t:|1700130904\n|switch|p2a: Scizor|Scizor-Mega, F|71\/100\n|move|p1a: \u6211\u83dc\u5f97\u62a0\u811a|Spikes|p2a: Scizor\n|-sidestart|p2: 12w3e4|Spikes\n|\n|-heal|p1a: \u6211\u83dc\u5f97\u62a0\u811a|97\/100|[from] item: Leftovers\n|upkeep\n|turn|9\n|\n|t:|1700130915\n|switch|p1a: \u9e1f|Corviknight, M|100\/100\n|-ability|p1a: \u9e1f|Pressure\n|move|p2a: Scizor|Swords Dance|p2a: Scizor\n|-boost|p2a: Scizor|atk|2\n|\n|upkeep\n|turn|10\n|\n|t:|1700130921\n|move|p2a: Scizor|Close Combat|p1a: \u9e1f\n|-damage|p1a: \u9e1f|41\/100\n|-unboost|p2a: Scizor|def|1\n|-unboost|p2a: Scizor|spd|1\n|move|p1a: \u9e1f|Iron Defense|p1a: \u9e1f\n|-boost|p1a: \u9e1f|def|2\n|\n|-heal|p1a: \u9e1f|47\/100|[from] item: Leftovers\n|upkeep\n|turn|11\n|\n|t:|1700130930\n|switch|p2a: Volcarona|Volcarona, F|74\/100\n|move|p1a: \u9e1f|Roost|p1a: \u9e1f\n|-heal|p1a: \u9e1f|97\/100\n|-singleturn|p1a: \u9e1f|move: Roost\n|\n|-heal|p1a: \u9e1f|100\/100|[from] item: Leftovers\n|upkeep\n|turn|12\n|\n|t:|1700130935\n|switch|p1a: \u6211\u83dc\u5f97\u62a0\u811a|Clodsire, F|97\/100\n|move|p2a: Volcarona|Quiver Dance|p2a: Volcarona\n|-boost|p2a: Volcarona|spa|1\n|-boost|p2a: Volcarona|spd|1\n|-boost|p2a: Volcarona|spe|1\n|\n|-heal|p1a: \u6211\u83dc\u5f97\u62a0\u811a|100\/100|[from] item: Leftovers\n|upkeep\n|turn|13\n|\n|t:|1700130940\n|move|p2a: Volcarona|Hidden Power|p1a: \u6211\u83dc\u5f97\u62a0\u811a\n|-supereffective|p1a: \u6211\u83dc\u5f97\u62a0\u811a\n|-damage|p1a: \u6211\u83dc\u5f97\u62a0\u811a|77\/100\n|move|p1a: \u6211\u83dc\u5f97\u62a0\u811a|Spikes|p2a: Volcarona\n|-sidestart|p2: 12w3e4|Spikes\n|\n|-heal|p1a: \u6211\u83dc\u5f97\u62a0\u811a|83\/100|[from] item: Leftovers\n|upkeep\n|turn|14\n|\n|t:|1700130953\n|switch|p2a: Scizor|Scizor-Mega, F|71\/100\n|-damage|p2a: Scizor|55\/100|[from] Spikes\n|move|p1a: \u6211\u83dc\u5f97\u62a0\u811a|Spikes|p2a: Scizor\n|-sidestart|p2: 12w3e4|Spikes\n|\n|-heal|p1a: \u6211\u83dc\u5f97\u62a0\u811a|89\/100|[from] item: Leftovers\n|upkeep\n|turn|15\n|\n|t:|1700130963\n|switch|p1a: \u522b\u6253\u6211\u5440|Toxapex, F|100\/100\n|move|p2a: Scizor|Roost|p2a: Scizor\n|-heal|p2a: Scizor|100\/100\n|-singleturn|p2a: Scizor|move: Roost\n|\n|upkeep\n|turn|16\n|\n|t:|1700130979\n|switch|p2a: Glimmora|Glimmora, F|100\/100\n|-damage|p2a: Glimmora|76\/100|[from] Spikes\n|move|p1a: \u522b\u6253\u6211\u5440|Toxic Spikes|p2a: Glimmora\n|-sidestart|p2: 12w3e4|move: Toxic Spikes\n|\n|upkeep\n|turn|17\n|\n|t:|1700130987\n|switch|p1a: \u9e1f|Corviknight, M|100\/100\n|-ability|p1a: \u9e1f|Pressure\n|move|p2a: Glimmora|Power Gem|p1a: \u9e1f\n|-damage|p1a: \u9e1f|61\/100\n|\n|-heal|p1a: \u9e1f|67\/100|[from] item: Leftovers\n|upkeep\n|turn|18\n|\n|t:|1700130994\n|switch|p2a: Volcarona|Volcarona, F|74\/100\n|move|p1a: \u9e1f|Body Press|p2a: Volcarona\n|-resisted|p2a: Volcarona\n|-damage|p2a: Volcarona|54\/100\n|\n|-heal|p1a: \u9e1f|74\/100|[from] item: Leftovers\n|upkeep\n|turn|19\n|\n|t:|1700131003\n|switch|p1a: \u6211\u83dc\u5f97\u62a0\u811a|Clodsire, F|89\/100\n|move|p2a: Volcarona|Giga Drain|p1a: \u6211\u83dc\u5f97\u62a0\u811a\n|-damage|p1a: \u6211\u83dc\u5f97\u62a0\u811a|75\/100\n|-heal|p2a: Volcarona|64\/100|[from] drain|[of] p1a: \u6211\u83dc\u5f97\u62a0\u811a\n|\n|-heal|p1a: \u6211\u83dc\u5f97\u62a0\u811a|81\/100|[from] item: Leftovers\n|upkeep\n|turn|20\n|\n|t:|1700131015\n|switch|p2a: Scizor|Scizor-Mega, F|100\/100\n|-damage|p2a: Scizor|76\/100|[from] Spikes\n|move|p1a: \u6211\u83dc\u5f97\u62a0\u811a|Earthquake|p2a: Scizor\n|-damage|p2a: Scizor|53\/100\n|\n|-heal|p1a: \u6211\u83dc\u5f97\u62a0\u811a|87\/100|[from] item: Leftovers\n|upkeep\n|turn|21\n|\n|t:|1700131023\n|move|p2a: Scizor|Roost|p2a: Scizor\n|-heal|p2a: Scizor|100\/100\n|-singleturn|p2a: Scizor|move: Roost\n|move|p1a: \u6211\u83dc\u5f97\u62a0\u811a|Earthquake|p2a: Scizor\n|-damage|p2a: Scizor|79\/100\n|\n|-heal|p1a: \u6211\u83dc\u5f97\u62a0\u811a|93\/100|[from] item: Leftovers\n|upkeep\n|turn|22\n|\n|t:|1700131030\n|switch|p1a: \u9e1f|Corviknight, M|74\/100\n|-ability|p1a: \u9e1f|Pressure\n|move|p2a: Scizor|Swords Dance|p2a: Scizor\n|-boost|p2a: Scizor|atk|2\n|\n|-heal|p1a: \u9e1f|80\/100|[from] item: Leftovers\n|upkeep\n|turn|23\n|\n|t:|1700131035\n|move|p2a: Scizor|Close Combat|p1a: \u9e1f\n|-damage|p1a: \u9e1f|20\/100\n|-unboost|p2a: Scizor|def|1\n|-unboost|p2a: Scizor|spd|1\n|move|p1a: \u9e1f|Roost|p1a: \u9e1f\n|-heal|p1a: \u9e1f|70\/100\n|-singleturn|p1a: \u9e1f|move: Roost\n|\n|-heal|p1a: \u9e1f|76\/100|[from] item: Leftovers\n|upkeep\n|turn|24\n|\n|t:|1700131045\n|move|p2a: Scizor|Close Combat|p1a: \u9e1f\n|-damage|p1a: \u9e1f|14\/100\n|-unboost|p2a: Scizor|def|1\n|-unboost|p2a: Scizor|spd|1\n|move|p1a: \u9e1f|Roost|p1a: \u9e1f\n|-heal|p1a: \u9e1f|64\/100\n|-singleturn|p1a: \u9e1f|move: Roost\n|\n|-heal|p1a: \u9e1f|70\/100|[from] item: Leftovers\n|upkeep\n|turn|25\n|\n|t:|1700131051\n|move|p2a: Scizor|Close Combat|p1a: \u9e1f\n|-damage|p1a: \u9e1f|6\/100\n|-unboost|p2a: Scizor|def|1\n|-unboost|p2a: Scizor|spd|1\n|move|p1a: \u9e1f|Roost|p1a: \u9e1f\n|-heal|p1a: \u9e1f|56\/100\n|-singleturn|p1a: \u9e1f|move: Roost\n|\n|-heal|p1a: \u9e1f|62\/100|[from] item: Leftovers\n|upkeep\n|turn|26\n|\n|t:|1700131075\n|switch|p2a: Volcarona|Volcarona, F|64\/100\n|move|p1a: \u9e1f|Roost|p1a: \u9e1f\n|-heal|p1a: \u9e1f|100\/100\n|-singleturn|p1a: \u9e1f|move: Roost\n|\n|upkeep\n|turn|27\n|\n|t:|1700131081\n|switch|p2a: Garchomp|Garchomp, M|100\/100\n|-damage|p2a: Garchomp|76\/100|[from] Spikes\n|-status|p2a: Garchomp|psn\n|switch|p1a: \u6211\u83dc\u5f97\u62a0\u811a|Clodsire, F|93\/100\n|\n|-heal|p1a: \u6211\u83dc\u5f97\u62a0\u811a|99\/100|[from] item: Leftovers\n|-damage|p2a: Garchomp|63\/100 psn|[from] psn\n|upkeep\n|turn|28\n|\n|t:|1700131091\n|switch|p1a: \u8fd9\u662f\u52fe\u9b42\u773c\u7684\u4f4d\u7f6e|Gliscor, M|100\/100\n|move|p2a: Garchomp|Swords Dance|p2a: Garchomp\n|-boost|p2a: Garchomp|atk|2\n|\n|-damage|p2a: Garchomp|51\/100 psn|[from] psn\n|-status|p1a: \u8fd9\u662f\u52fe\u9b42\u773c\u7684\u4f4d\u7f6e|tox|[from] item: Toxic Orb\n|upkeep\n|turn|29\n|\n|t:|1700131101\n|-terastallize|p1a: \u8fd9\u662f\u52fe\u9b42\u773c\u7684\u4f4d\u7f6e|Fairy\n|move|p2a: Garchomp|Scale Shot|p1a: \u8fd9\u662f\u52fe\u9b42\u773c\u7684\u4f4d\u7f6e\n|-immune|p1a: \u8fd9\u662f\u52fe\u9b42\u773c\u7684\u4f4d\u7f6e\n|move|p1a: \u8fd9\u662f\u52fe\u9b42\u773c\u7684\u4f4d\u7f6e|Earthquake|p2a: Garchomp\n|-damage|p2a: Garchomp|17\/100 psn\n|\n|-damage|p2a: Garchomp|5\/100 psn|[from] psn\n|upkeep\n|turn|30\n|\n|t:|1700131107\n|switch|p1a: \u9e1f|Corviknight, M|100\/100\n|-ability|p1a: \u9e1f|Pressure\n|-terastallize|p2a: Garchomp|Fire\n|move|p2a: Garchomp|Tera Blast|p1a: \u9e1f|[anim] Tera Blast Fire\n|-supereffective|p1a: \u9e1f\n|-crit|p1a: \u9e1f\n|-damage|p1a: \u9e1f|0 fnt\n|faint|p1a: \u9e1f\n|\n|-damage|p2a: Garchomp|0 fnt|[from] psn\n|faint|p2a: Garchomp\n|upkeep\n|\n|t:|1700131117\n|switch|p2a: Scizor|Scizor-Mega, F|79\/100\n|switch|p1a: \u8fd9\u662f\u52fe\u9b42\u773c\u7684\u4f4d\u7f6e|Gliscor, M, tera:Fairy|100\/100 tox\n|-damage|p2a: Scizor|55\/100|[from] Spikes\n|turn|31\n|\n|t:|1700131124\n|switch|p1a: \u522b\u6253\u6211\u5440|Toxapex, F|100\/100\n|move|p2a: Scizor|Roost|p2a: Scizor\n|-heal|p2a: Scizor|100\/100\n|-singleturn|p2a: Scizor|move: Roost\n|\n|upkeep\n|turn|32\n|\n|t:|1700131130\n|switch|p2a: Glimmora|Glimmora, F|76\/100\n|-damage|p2a: Glimmora|51\/100|[from] Spikes\n|-sideend|p2: 12w3e4|move: Toxic Spikes|[of] p2a: Glimmora\n|move|p1a: \u522b\u6253\u6211\u5440|Toxic Spikes|p2a: Glimmora\n|-sidestart|p2: 12w3e4|move: Toxic Spikes\n|\n|upkeep\n|turn|33\n|\n|t:|1700131136\n|switch|p1a: \u8fd9\u662f\u52fe\u9b42\u773c\u7684\u4f4d\u7f6e|Gliscor, M, tera:Fairy|100\/100 tox\n|move|p2a: Glimmora|Mortal Spin|p1a: \u8fd9\u662f\u52fe\u9b42\u773c\u7684\u4f4d\u7f6e\n|-supereffective|p1a: \u8fd9\u662f\u52fe\u9b42\u773c\u7684\u4f4d\u7f6e\n|-damage|p1a: \u8fd9\u662f\u52fe\u9b42\u773c\u7684\u4f4d\u7f6e|90\/100 tox\n|-sideend|p2: 12w3e4|Spikes|[from] move: Mortal Spin|[of] p2a: Glimmora\n|-sideend|p2: 12w3e4|Toxic Spikes|[from] move: Mortal Spin|[of] p2a: Glimmora\n|\n|-heal|p1a: \u8fd9\u662f\u52fe\u9b42\u773c\u7684\u4f4d\u7f6e|100\/100 tox|[from] ability: Poison Heal\n|upkeep\n|turn|34\n|\n|t:|1700131162\n|switch|p2a: Ogerpon|Ogerpon-Wellspring, F|89\/100\n|move|p1a: \u8fd9\u662f\u52fe\u9b42\u773c\u7684\u4f4d\u7f6e|Stealth Rock|p2a: Ogerpon\n|-sidestart|p2: 12w3e4|move: Stealth Rock\n|\n|upkeep\n|turn|35\n|\n|t:|1700131167\n|move|p2a: Ogerpon|Swords Dance|p2a: Ogerpon\n|-boost|p2a: Ogerpon|atk|2\n|move|p1a: \u8fd9\u662f\u52fe\u9b42\u773c\u7684\u4f4d\u7f6e|Poison Jab|p2a: Ogerpon\n|-supereffective|p2a: Ogerpon\n|-damage|p2a: Ogerpon|45\/100\n|\n|upkeep\n|turn|36\n|\n|t:|1700131179\n|move|p2a: Ogerpon|Ivy Cudgel|p1a: \u8fd9\u662f\u52fe\u9b42\u773c\u7684\u4f4d\u7f6e|[anim] Ivy Cudgel Water\n|-damage|p1a: \u8fd9\u662f\u52fe\u9b42\u773c\u7684\u4f4d\u7f6e|0 fnt\n|faint|p1a: \u8fd9\u662f\u52fe\u9b42\u773c\u7684\u4f4d\u7f6e\n|\n|upkeep\n|\n|t:|1700131184\n|switch|p1a: \u522b\u6253\u6211\u5440|Toxapex, F|100\/100\n|turn|37\n|\n|t:|1700131189\n|move|p2a: Ogerpon|Taunt|p1a: \u522b\u6253\u6211\u5440\n|-start|p1a: \u522b\u6253\u6211\u5440|move: Taunt\n|move|p1a: \u522b\u6253\u6211\u5440|Knock Off|p2a: Ogerpon\n|-damage|p2a: Ogerpon|33\/100\n|\n|upkeep\n|turn|38\n|\n|t:|1700131196\n|move|p2a: Ogerpon|Power Whip|p1a: \u522b\u6253\u6211\u5440\n|-damage|p1a: \u522b\u6253\u6211\u5440|0 fnt\n|-damage|p2a: Ogerpon|17\/100|[from] item: Rocky Helmet|[of] p1a: \u522b\u6253\u6211\u5440\n|faint|p1a: \u522b\u6253\u6211\u5440\n|\n|upkeep\n|\n|t:|1700131205\n|switch|p1a: \u6211\u662f\u4e2d\u8f6c\u5440|Blissey, F|100\/100\n|turn|39\n|\n|t:|1700131209\n|move|p2a: Ogerpon|Ivy Cudgel|p1a: \u6211\u662f\u4e2d\u8f6c\u5440|[anim] Ivy Cudgel Water\n|-damage|p1a: \u6211\u662f\u4e2d\u8f6c\u5440|0 fnt\n|faint|p1a: \u6211\u662f\u4e2d\u8f6c\u5440\n|\n|upkeep\n|-message|123456cb forfeited.\n|\n|win|12w3e4\n|raw|123456cb's rating: 1534 &rarr; <strong>1510<\/strong><br \/>(-24 for losing)\n|raw|12w3e4's rating: 1460 &rarr; <strong>1484<\/strong><br \/>(+24 for winning)\n|l|\u2606123456cb\n","uploadtime":1700131219,"views":4,"p1id":"123456cb","p2id":"12w3e4","formatid":"gen9nationaldex","rating":1484,"private":0,"password":""}