{"id":"gen9nationaldex-1996796600","p1":"Silverblaze22oz","p2":"The power of ROCK","format":"[Gen 9] National Dex","log":"|html|<div class=\"broadcast-blue\"><strong>[Gen 9] National Dex is currently suspecting Sneasler! For information on how to participate check out the <a href=\"https:\/\/www.smogon.com\/forums\/threads\/sv-national-dex-suspect-8-just-dance.3731534\/\">suspect thread<\/a>.<\/strong><\/div>\n|j|\u2606Silverblaze22oz\n|j|\u2606The power of ROCK\n|inactive|Battle timer is ON: inactive players will automatically lose when time's up.\n|t:|1700726790\n|gametype|singles\n|player|p1|Silverblaze22oz|alder|\n|player|p2|The power of ROCK|roark|\n|teamsize|p1|6\n|teamsize|p2|6\n|gen|9\n|tier|[Gen 9] National Dex\n|rated|Tournament battle\n|rule|HP Percentage Mod: HP is shown in percentages\n|rule|Endless Battle Clause: Forcing endless battles is banned\n|rule|OHKO Clause: OHKO moves are banned\n|rule|Evasion Clause: Evasion abilities, items, and moves are banned\n|rule|Evasion Abilities Clause: Evasion abilities are banned\n|rule|Evasion Items Clause: Evasion items are banned\n|rule|Evasion Moves Clause: Evasion moves are banned\n|rule|Species Clause: Limit one of each Pok\u00e9mon\n|rule|Sleep Clause Mod: Limit one foe put to sleep\n|clearpoke\n|poke|p1|Toxapex, M|\n|poke|p1|Gliscor, F|\n|poke|p1|Tyranitar, M|\n|poke|p1|Skarmory, F|\n|poke|p1|Tornadus-Therian, M|\n|poke|p1|Reuniclus, F|\n|poke|p2|Tyranitar, M|\n|poke|p2|Garganacl, F|\n|poke|p2|Aggron, M|\n|poke|p2|Glimmora, F|\n|poke|p2|Aurorus, F|\n|poke|p2|Rampardos, F|\n|teampreview\n|c|\u2606The power of ROCK|Welcome to the ROCK gym\n|j| FlamingThunderG0d\n|inactive|Silverblaze22oz has 120 seconds left.\n|inactive|The power of ROCK has 120 seconds left.\n|j| chuntaro-kun\n|c|\u2606Silverblaze22oz|Hi\n|inactive|The power of ROCK has 90 seconds left.\n|c| chuntaro-kun|lol\n|c| chuntaro-kun|oh rampodorus ??\n|inactive|The power of ROCK has 60 seconds left.\n|c| chuntaro-kun|that head egg dino ?\/\n|c| chuntaro-kun|you sure mr.rock ??\n|\n|t:|1700726899\n|start\n|switch|p1a: Tyranitar|Tyranitar, M|100\/100\n|switch|p2a: Rampardos|Rampardos, F|100\/100\n|-ability|p2a: Rampardos|Mold Breaker\n|-weather|Sandstorm|[from] ability: Sand Stream|[of] p1a: Tyranitar\n|turn|1\n|\n|t:|1700726906\n|move|p2a: Rampardos|Superpower|p1a: Tyranitar\n|-supereffective|p1a: Tyranitar\n|-damage|p1a: Tyranitar|0 fnt\n|-unboost|p2a: Rampardos|atk|1\n|-unboost|p2a: Rampardos|def|1\n|faint|p1a: Tyranitar\n|\n|-weather|Sandstorm|[upkeep]\n|upkeep\n|\n|t:|1700726918\n|switch|p1a: Skarmory|Skarmory, F|100\/100\n|turn|2\n|\n|t:|1700726925\n|switch|p2a: Aurorus|Aurorus, F|100\/100\n|-weather|Snow|[from] ability: Snow Warning|[of] p2a: Aurorus\n|move|p1a: Skarmory|Iron Defense|p1a: Skarmory\n|-boost|p1a: Skarmory|def|2\n|\n|-weather|Snow|[upkeep]\n|upkeep\n|turn|3\n|inactive|The power of ROCK has 120 seconds left.\n|\n|t:|1700726948\n|switch|p2a: Garganacl|Garganacl, F|100\/100\n|move|p1a: Skarmory|Spikes|p2a: Garganacl\n|-sidestart|p2: The power of ROCK|Spikes\n|\n|-weather|Snow|[upkeep]\n|upkeep\n|turn|4\n|\n|t:|1700726959\n|-terastallize|p2a: Garganacl|Ghost\n|move|p1a: Skarmory|Body Press|p2a: Garganacl\n|-immune|p2a: Garganacl\n|move|p2a: Garganacl|Salt Cure|p1a: Skarmory\n|-damage|p1a: Skarmory|96\/100\n|-start|p1a: Skarmory|Salt Cure\n|\n|-weather|Snow|[upkeep]\n|-damage|p1a: Skarmory|71\/100|[from] Salt Cure\n|upkeep\n|turn|5\n|\n|t:|1700726965\n|move|p1a: Skarmory|Spikes|p2a: Garganacl\n|-sidestart|p2: The power of ROCK|Spikes\n|move|p2a: Garganacl|Iron Defense|p2a: Garganacl\n|-boost|p2a: Garganacl|def|2\n|\n|-weather|Snow|[upkeep]\n|-damage|p1a: Skarmory|46\/100|[from] Salt Cure\n|upkeep\n|turn|6\n|\n|t:|1700726972\n|switch|p1a: Reuniclus|Reuniclus, F|100\/100\n|move|p2a: Garganacl|Body Press|p1a: Reuniclus\n|-resisted|p1a: Reuniclus\n|-damage|p1a: Reuniclus|85\/100\n|\n|-weather|none\n|-heal|p1a: Reuniclus|91\/100|[from] item: Leftovers\n|upkeep\n|turn|7\n|\n|t:|1700726984\n|switch|p2a: Tyranitar|Tyranitar, M|100\/100\n|-damage|p2a: Tyranitar|84\/100|[from] Spikes\n|-weather|Sandstorm|[from] ability: Sand Stream|[of] p2a: Tyranitar\n|move|p1a: Reuniclus|Calm Mind|p1a: Reuniclus\n|-boost|p1a: Reuniclus|spa|1\n|-boost|p1a: Reuniclus|spd|1\n|\n|-weather|Sandstorm|[upkeep]\n|-heal|p1a: Reuniclus|97\/100|[from] item: Leftovers\n|upkeep\n|turn|8\n|\n|t:|1700726999\n|-terastallize|p1a: Reuniclus|Fairy\n|move|p2a: Tyranitar|Knock Off|p1a: Reuniclus\n|-resisted|p1a: Reuniclus\n|-damage|p1a: Reuniclus|82\/100\n|-enditem|p1a: Reuniclus|Leftovers|[from] move: Knock Off|[of] p2a: Tyranitar\n|move|p1a: Reuniclus|Calm Mind|p1a: Reuniclus\n|-boost|p1a: Reuniclus|spa|1\n|-boost|p1a: Reuniclus|spd|1\n|\n|-weather|Sandstorm|[upkeep]\n|upkeep\n|turn|9\n|\n|t:|1700727025\n|switch|p2a: Glimmora|Glimmora, F|100\/100\n|-damage|p2a: Glimmora|84\/100|[from] Spikes\n|move|p1a: Reuniclus|Focus Blast|p2a: Glimmora|[miss]\n|-miss|p1a: Reuniclus|p2a: Glimmora\n|\n|-weather|Sandstorm|[upkeep]\n|upkeep\n|turn|10\n|\n|t:|1700727035\n|move|p2a: Glimmora|Sludge Wave|p1a: Reuniclus\n|-supereffective|p1a: Reuniclus\n|-damage|p1a: Reuniclus|34\/100\n|move|p1a: Reuniclus|Psyshock|p2a: Glimmora\n|-supereffective|p2a: Glimmora\n|-damage|p2a: Glimmora|0 fnt\n|faint|p2a: Glimmora\n|\n|-weather|Sandstorm|[upkeep]\n|upkeep\n|\n|t:|1700727037\n|switch|p2a: Rampardos|Rampardos, F|100\/100\n|-damage|p2a: Rampardos|84\/100|[from] Spikes\n|-ability|p2a: Rampardos|Mold Breaker\n|turn|11\n|\n|t:|1700727053\n|move|p2a: Rampardos|Head Smash|p1a: Reuniclus\n|-damage|p1a: Reuniclus|0 fnt\n|faint|p1a: Reuniclus\n|-damage|p2a: Rampardos|63\/100|[from] Recoil\n|\n|-weather|none\n|upkeep\n|\n|t:|1700727057\n|switch|p1a: Skarmory|Skarmory, F|46\/100\n|turn|12\n|\n|t:|1700727064\n|-zpower|p2a: Rampardos\n|move|p2a: Rampardos|Continental Crush|p1a: Skarmory|[zeffect]\n|-damage|p1a: Skarmory|0 fnt\n|faint|p1a: Skarmory\n|\n|upkeep\n|\n|t:|1700727073\n|switch|p1a: Toxapex|Toxapex, M|100\/100\n|turn|13\n|\n|t:|1700727077\n|switch|p2a: Aurorus|Aurorus, F|100\/100\n|-damage|p2a: Aurorus|84\/100|[from] Spikes\n|-weather|Snow|[from] ability: Snow Warning|[of] p2a: Aurorus\n|move|p1a: Toxapex|Scald|p2a: Aurorus\n|-supereffective|p2a: Aurorus\n|-damage|p2a: Aurorus|56\/100\n|-status|p2a: Aurorus|brn\n|\n|-weather|Snow|[upkeep]\n|-damage|p2a: Aurorus|50\/100 brn|[from] brn\n|upkeep\n|turn|14\n|\n|t:|1700727084\n|switch|p1a: Tornadus|Tornadus-Therian, M|100\/100\n|move|p2a: Aurorus|Aurora Veil|p2a: Aurorus\n|-sidestart|p2: The power of ROCK|move: Aurora Veil\n|\n|-weather|Snow|[upkeep]\n|-damage|p2a: Aurorus|43\/100 brn|[from] brn\n|upkeep\n|turn|15\n|\n|t:|1700727097\n|move|p1a: Tornadus|Nasty Plot|p1a: Tornadus\n|-boost|p1a: Tornadus|spa|2\n|move|p2a: Aurorus|Freeze-Dry|p1a: Tornadus\n|-supereffective|p1a: Tornadus\n|-damage|p1a: Tornadus|49\/100\n|\n|-weather|Snow|[upkeep]\n|-damage|p2a: Aurorus|37\/100 brn|[from] brn\n|upkeep\n|turn|16\n|\n|t:|1700727103\n|move|p1a: Tornadus|Focus Blast|p2a: Aurorus\n|-supereffective|p2a: Aurorus\n|-damage|p2a: Aurorus|0 fnt\n|faint|p2a: Aurorus\n|\n|-weather|Snow|[upkeep]\n|upkeep\n|\n|t:|1700727112\n|switch|p2a: Garganacl|Garganacl, F, tera:Ghost|100\/100\n|-damage|p2a: Garganacl|84\/100|[from] Spikes\n|turn|17\n|\n|t:|1700727127\n|-zpower|p1a: Tornadus\n|move|p1a: Tornadus|Supersonic Skystrike|p2a: Garganacl|[zeffect]\n|-damage|p2a: Garganacl|31\/100\n|-enditem|p2a: Garganacl|Maranga Berry|[eat]\n|-boost|p2a: Garganacl|spd|1|[from] item: Maranga Berry\n|move|p2a: Garganacl|Salt Cure|p1a: Tornadus\n|-supereffective|p1a: Tornadus\n|-damage|p1a: Tornadus|14\/100\n|-start|p1a: Tornadus|Salt Cure\n|\n|-weather|none\n|-damage|p1a: Tornadus|2\/100|[from] Salt Cure\n|upkeep\n|turn|18\n|\n|t:|1700727138\n|move|p1a: Tornadus|Hurricane|p2a: Garganacl\n|-damage|p2a: Garganacl|12\/100\n|move|p2a: Garganacl|Recover|p2a: Garganacl\n|-heal|p2a: Garganacl|62\/100\n|\n|-damage|p1a: Tornadus|0 fnt|[from] Salt Cure\n|faint|p1a: Tornadus\n|upkeep\n|c|\u2606Silverblaze22oz|How??\n|\n|t:|1700727152\n|switch|p1a: Gliscor|Gliscor, F|100\/100\n|turn|19\n|\n|t:|1700727157\n|move|p1a: Gliscor|Swords Dance|p1a: Gliscor\n|-boost|p1a: Gliscor|atk|2\n|move|p2a: Garganacl|Iron Defense|p2a: Garganacl\n|-boost|p2a: Garganacl|def|2\n|\n|-status|p1a: Gliscor|tox|[from] item: Toxic Orb\n|upkeep\n|turn|20\n|c| chuntaro-kun|told you he strong\n|\n|t:|1700727166\n|move|p1a: Gliscor|Earthquake|p2a: Garganacl\n|-damage|p2a: Garganacl|51\/100\n|move|p2a: Garganacl|Iron Defense|p2a: Garganacl\n|-boost|p2a: Garganacl|def|2\n|\n|upkeep\n|turn|21\n|\n|t:|1700727170\n|move|p1a: Gliscor|Earthquake|p2a: Garganacl\n|-damage|p2a: Garganacl|43\/100\n|move|p2a: Garganacl|Recover|p2a: Garganacl\n|-heal|p2a: Garganacl|93\/100\n|\n|-sideend|p2: The power of ROCK|move: Aurora Veil\n|upkeep\n|turn|22\n|\n|t:|1700727173\n|switch|p1a: Toxapex|Toxapex, M|100\/100\n|move|p2a: Garganacl|Iron Defense|p2a: Garganacl\n|-boost|p2a: Garganacl|def|2\n|\n|upkeep\n|turn|23\n|\n|t:|1700727176\n|move|p1a: Toxapex|Gastro Acid|p2a: Garganacl\n|-endability|p2a: Garganacl\n|move|p2a: Garganacl|Salt Cure|p1a: Toxapex\n|-damage|p1a: Toxapex|92\/100\n|-start|p1a: Toxapex|Salt Cure\n|\n|-damage|p1a: Toxapex|67\/100|[from] Salt Cure\n|upkeep\n|turn|24\n|\n|t:|1700727190\n|move|p1a: Toxapex|Haze|p1a: Toxapex\n|-clearallboost\n|move|p2a: Garganacl|Body Press|p1a: Toxapex\n|-resisted|p1a: Toxapex\n|-damage|p1a: Toxapex|58\/100\n|\n|-damage|p1a: Toxapex|33\/100|[from] Salt Cure\n|upkeep\n|turn|25\n|\n|t:|1700727198\n|move|p1a: Toxapex|Scald|p2a: Garganacl\n|-damage|p2a: Garganacl|82\/100\n|-status|p2a: Garganacl|brn\n|move|p2a: Garganacl|Iron Defense|p2a: Garganacl\n|-boost|p2a: Garganacl|def|2\n|\n|-damage|p2a: Garganacl|76\/100 brn|[from] brn\n|-damage|p1a: Toxapex|8\/100|[from] Salt Cure\n|upkeep\n|turn|26\n|\n|t:|1700727211\n|switch|p2a: Aggron|Aggron, M|100\/100\n|-damage|p2a: Aggron|84\/100|[from] Spikes\n|move|p1a: Toxapex|Recover|p1a: Toxapex\n|-heal|p1a: Toxapex|58\/100\n|\n|-damage|p1a: Toxapex|33\/100|[from] Salt Cure\n|upkeep\n|turn|27\n|\n|t:|1700727215\n|switch|p1a: Gliscor|Gliscor, F|100\/100 tox\n|detailschange|p2a: Aggron|Aggron-Mega, M\n|-mega|p2a: Aggron|Aggron|Aggronite\n|move|p2a: Aggron|Iron Defense|p2a: Aggron\n|-boost|p2a: Aggron|def|2\n|\n|upkeep\n|turn|28\n|\n|t:|1700727221\n|move|p1a: Gliscor|Swords Dance|p1a: Gliscor\n|-boost|p1a: Gliscor|atk|2\n|move|p2a: Aggron|Iron Defense|p2a: Aggron\n|-boost|p2a: Aggron|def|2\n|\n|upkeep\n|turn|29\n|\n|t:|1700727224\n|move|p1a: Gliscor|Swords Dance|p1a: Gliscor\n|-boost|p1a: Gliscor|atk|2\n|move|p2a: Aggron|Iron Defense|p2a: Aggron\n|-boost|p2a: Aggron|def|2\n|\n|upkeep\n|turn|30\n|\n|t:|1700727228\n|move|p1a: Gliscor|Swords Dance|p1a: Gliscor\n|-boost|p1a: Gliscor|atk|2\n|move|p2a: Aggron|Body Press|p1a: Gliscor\n|-resisted|p1a: Gliscor\n|-damage|p1a: Gliscor|19\/100 tox\n|\n|-heal|p1a: Gliscor|32\/100 tox|[from] ability: Poison Heal\n|upkeep\n|turn|31\n|\n|t:|1700727233\n|move|p1a: Gliscor|Earthquake|p2a: Aggron\n|-supereffective|p2a: Aggron\n|-damage|p2a: Aggron|65\/100\n|move|p2a: Aggron|Body Press|p1a: Gliscor\n|-resisted|p1a: Gliscor\n|-damage|p1a: Gliscor|0 fnt\n|faint|p1a: Gliscor\n|\n|upkeep\n|\n|t:|1700727236\n|switch|p1a: Toxapex|Toxapex, M|67\/100\n|turn|32\n|\n|t:|1700727239\n|move|p2a: Aggron|Body Press|p1a: Toxapex\n|-resisted|p1a: Toxapex\n|-damage|p1a: Toxapex|5\/100\n|move|p1a: Toxapex|Scald|p2a: Aggron\n|-damage|p2a: Aggron|45\/100\n|\n|upkeep\n|turn|33\n|\n|t:|1700727242\n|move|p2a: Aggron|Body Press|p1a: Toxapex\n|-resisted|p1a: Toxapex\n|-damage|p1a: Toxapex|0 fnt\n|faint|p1a: Toxapex\n|\n|win|The power of ROCK\n|n|\u2606Silverblaze22oz|silverblaze22oz\n|n|\u2606The power of ROCK|thepowerofrock\n|n| FlamingThunderG0d|flamingthunderg0d\n|n| chuntaro-kun|chuntarokun\n|c|\u2606The power of ROCK|gg : )\n|c|\u2606Silverblaze22oz|Gg\n|c|\u2606Silverblaze22oz|Wp\n|l| chuntaro-kun\n|l|\u2606Silverblaze22oz\n|l|\u2606The power of ROCK\n|j|\u2606The power of ROCK\n|player|p2|The power of ROCK|roark\n|l|\u2606The power of ROCK\n|player|p2|\n|l| FlamingThunderG0d\n|j|\u2606The power of ROCK\n|player|p2|The power of ROCK|roark\n","uploadtime":1700727249,"views":3,"p1id":"silverblaze22oz","p2id":"thepowerofrock","formatid":"gen9nationaldex","rating":0,"private":0,"password":""}