{"id":"gen9nationaldex-1988928281","p1":"bsbqyll","p2":"Autistic_Rabbit","format":"[Gen 9] National Dex","log":"|j|\u203dbsbqyll\n|j|\u2606Autistic_Rabbit\n|t:|1699789451\n|gametype|singles\n|player|p1|bsbqyll|cynthia-gen4|1507\n|player|p2|Autistic_Rabbit|dawn|1371\n|teamsize|p1|6\n|teamsize|p2|6\n|gen|9\n|tier|[Gen 9] National Dex\n|rated|\n|rule|HP Percentage Mod: HP is shown in percentages\n|rule|Endless Battle Clause: Forcing endless battles is banned\n|rule|OHKO Clause: OHKO moves are banned\n|rule|Evasion Clause: Evasion abilities, items, and moves are banned\n|rule|Evasion Abilities Clause: Evasion abilities are banned\n|rule|Evasion Items Clause: Evasion items are banned\n|rule|Evasion Moves Clause: Evasion moves are banned\n|rule|Species Clause: Limit one of each Pok\u00e9mon\n|rule|Sleep Clause Mod: Limit one foe put to sleep\n|clearpoke\n|poke|p1|Ceruledge, F|\n|poke|p1|Urshifu-*, F|\n|poke|p1|Sneasler, M|\n|poke|p1|Tapu Lele|\n|poke|p1|Iron Valiant|\n|poke|p1|Glimmora, M|\n|poke|p2|Tapu Koko|\n|poke|p2|Barraskewda, M|\n|poke|p2|Pelipper, F|\n|poke|p2|Sneasler, M|\n|poke|p2|Gliscor, F|\n|poke|p2|Ferrothorn, F|\n|teampreview\n|inactive|Battle timer is ON: inactive players will automatically lose when time's up. (requested by bsbqyll)\n|\n|t:|1699789460\n|start\n|switch|p1a: Glimmora|Glimmora, M|100\/100\n|switch|p2a: Barraskewda|Barraskewda, M|100\/100\n|turn|1\n|\n|t:|1699789465\n|move|p2a: Barraskewda|Flip Turn|p1a: Glimmora\n|-supereffective|p1a: Glimmora\n|-enditem|p1a: Glimmora|Focus Sash\n|-damage|p1a: Glimmora|1\/100\n|-activate|p1a: Glimmora|ability: Toxic Debris\n|-sidestart|p2: Autistic_Rabbit|move: Toxic Spikes\n|\n|t:|1699789467\n|switch|p2a: Gliscor|Gliscor, F|100\/100|[from] Flip Turn\n|move|p1a: Glimmora|Sludge Wave|p2a: Gliscor\n|-resisted|p2a: Gliscor\n|-damage|p2a: Gliscor|76\/100\n|\n|-status|p2a: Gliscor|tox|[from] item: Toxic Orb\n|upkeep\n|turn|2\n|\n|t:|1699789474\n|switch|p1a: Ceruledge|Ceruledge, F|100\/100\n|move|p2a: Gliscor|Defog|p1a: Ceruledge\n|-unboost|p1a: Ceruledge|evasion|1\n|-sideend|p2: Autistic_Rabbit|Toxic Spikes|[from] move: Defog|[of] p2a: Gliscor\n|\n|-heal|p2a: Gliscor|88\/100 tox|[from] ability: Poison Heal\n|upkeep\n|turn|3\n|\n|t:|1699789486\n|move|p1a: Ceruledge|Swords Dance|p1a: Ceruledge\n|-boost|p1a: Ceruledge|atk|2\n|move|p2a: Gliscor|Earthquake|p1a: Ceruledge\n|-supereffective|p1a: Ceruledge\n|-damage|p1a: Ceruledge|11\/100\n|-ability|p1a: Ceruledge|Weak Armor|boost\n|-unboost|p1a: Ceruledge|def|1\n|-boost|p1a: Ceruledge|spe|2\n|\n|-heal|p2a: Gliscor|100\/100 tox|[from] ability: Poison Heal\n|upkeep\n|turn|4\n|\n|t:|1699789503\n|switch|p2a: Ferrothorn|Ferrothorn, F|100\/100\n|move|p1a: Ceruledge|Bitter Blade|p2a: Ferrothorn\n|-supereffective|p2a: Ferrothorn\n|-crit|p2a: Ferrothorn\n|-damage|p2a: Ferrothorn|0 fnt\n|-heal|p1a: Ceruledge|69\/100|[from] drain|[of] p2a: Ferrothorn\n|-damage|p1a: Ceruledge|57\/100|[from] ability: Iron Barbs|[of] p2a: Ferrothorn\n|faint|p2a: Ferrothorn\n|\n|upkeep\n|\n|t:|1699789509\n|switch|p2a: Pelipper|Pelipper, F|100\/100\n|-weather|RainDance|[from] ability: Drizzle|[of] p2a: Pelipper\n|turn|5\n|\n|t:|1699789514\n|move|p1a: Ceruledge|Poltergeist|p2a: Pelipper\n|-activate|p2a: Pelipper|move: Poltergeist|Damp Rock\n|-damage|p2a: Pelipper|0 fnt\n|faint|p2a: Pelipper\n|\n|-weather|RainDance|[upkeep]\n|upkeep\n|\n|t:|1699789517\n|switch|p2a: Barraskewda|Barraskewda, M|100\/100\n|turn|6\n|\n|t:|1699789522\n|-terastallize|p2a: Barraskewda|Water\n|move|p2a: Barraskewda|Liquidation|p1a: Ceruledge\n|-supereffective|p1a: Ceruledge\n|-damage|p1a: Ceruledge|0 fnt\n|faint|p1a: Ceruledge\n|\n|-weather|RainDance|[upkeep]\n|upkeep\n|\n|t:|1699789530\n|switch|p1a: Glimmora|Glimmora, M|1\/100\n|turn|7\n|\n|t:|1699789532\n|move|p2a: Barraskewda|Liquidation|p1a: Glimmora\n|-supereffective|p1a: Glimmora\n|-damage|p1a: Glimmora|0 fnt\n|-activate|p1a: Glimmora|ability: Toxic Debris\n|-sidestart|p2: Autistic_Rabbit|move: Toxic Spikes\n|faint|p1a: Glimmora\n|\n|-weather|RainDance|[upkeep]\n|upkeep\n|\n|t:|1699789540\n|switch|p1a: Urshifu|Urshifu-Rapid-Strike, F|100\/100\n|turn|8\n|\n|t:|1699789545\n|move|p2a: Barraskewda|Liquidation|p1a: Urshifu\n|-resisted|p1a: Urshifu\n|-damage|p1a: Urshifu|37\/100\n|move|p1a: Urshifu|Trailblaze|p2a: Barraskewda\n|-supereffective|p2a: Barraskewda\n|-damage|p2a: Barraskewda|34\/100\n|-boost|p1a: Urshifu|spe|1\n|\n|-weather|RainDance|[upkeep]\n|upkeep\n|turn|9\n|\n|t:|1699789552\n|move|p2a: Barraskewda|Liquidation|p1a: Urshifu\n|-resisted|p1a: Urshifu\n|-damage|p1a: Urshifu|0 fnt\n|faint|p1a: Urshifu\n|\n|-weather|RainDance|[upkeep]\n|upkeep\n|\n|t:|1699789555\n|switch|p1a: Tapu Lele|Tapu Lele|100\/100\n|-fieldstart|move: Psychic Terrain|[from] ability: Psychic Surge|[of] p1a: Tapu Lele\n|turn|10\n|\n|t:|1699789560\n|move|p2a: Barraskewda|Liquidation|p1a: Tapu Lele\n|-damage|p1a: Tapu Lele|0 fnt\n|faint|p1a: Tapu Lele\n|\n|-weather|RainDance|[upkeep]\n|upkeep\n|\n|t:|1699789563\n|switch|p1a: Sneasler|Sneasler, M|100\/100\n|-enditem|p1a: Sneasler|Psychic Seed\n|-boost|p1a: Sneasler|spd|1|[from] item: Psychic Seed\n|turn|11\n|\n|t:|1699789568\n|move|p2a: Barraskewda|Liquidation|p1a: Sneasler\n|-damage|p1a: Sneasler|0 fnt\n|faint|p1a: Sneasler\n|\n|-weather|RainDance|[upkeep]\n|upkeep\n|-message|bsbqyll forfeited.\n|\n|win|Autistic_Rabbit\n|raw|bsbqyll's rating: 1507 &rarr; <strong>1480<\/strong><br \/>(-27 for losing)\n|raw|Autistic_Rabbit's rating: 1371 &rarr; <strong>1398<\/strong><br \/>(+27 for winning)\n|l|\u203dbsbqyll\n","uploadtime":1699789582,"views":19,"p1id":"bsbqyll","p2id":"autisticrabbit","formatid":"gen9nationaldex","rating":1398,"private":0,"password":""}