{"id":"gen9nationaldex-1995155070","p1":"ffhhhgfddf","p2":"chrisamato7","format":"[Gen 9] National Dex","log":"|html|<div class=\"broadcast-blue\"><strong>[Gen 9] National Dex is currently suspecting Sneasler! For information on how to participate check out the <a href=\"https:\/\/www.smogon.com\/forums\/threads\/sv-national-dex-suspect-8-just-dance.3731534\/\">suspect thread<\/a>.<\/strong><\/div>\n|j|\u2606ffhhhgfddf\n|j|\u2606chrisamato7\n|t:|1700528721\n|gametype|singles\n|player|p1|ffhhhgfddf|101|1081\n|player|p2|chrisamato7|ethan|1174\n|teamsize|p1|6\n|teamsize|p2|6\n|gen|9\n|tier|[Gen 9] National Dex\n|rated|\n|rule|HP Percentage Mod: HP is shown in percentages\n|rule|Endless Battle Clause: Forcing endless battles is banned\n|rule|OHKO Clause: OHKO moves are banned\n|rule|Evasion Clause: Evasion abilities, items, and moves are banned\n|rule|Evasion Abilities Clause: Evasion abilities are banned\n|rule|Evasion Items Clause: Evasion items are banned\n|rule|Evasion Moves Clause: Evasion moves are banned\n|rule|Species Clause: Limit one of each Pok\u00e9mon\n|rule|Sleep Clause Mod: Limit one foe put to sleep\n|clearpoke\n|poke|p1|Garchomp, M|\n|poke|p1|Mimikyu, M|\n|poke|p1|Chansey, F|\n|poke|p1|Corviknight, F|\n|poke|p1|Galvantula, M|\n|poke|p1|Gyarados, M|\n|poke|p2|Typhlosion, M|\n|poke|p2|Raikou|\n|poke|p2|Dragonite, M|\n|poke|p2|Gyarados, M|\n|poke|p2|Donphan, M|\n|poke|p2|Machamp, M|\n|teampreview\n|inactive|Battle timer is ON: inactive players will automatically lose when time's up. (requested by ffhhhgfddf)\n|\n|t:|1700528728\n|start\n|switch|p1a: Galvantula|Galvantula, M, shiny|100\/100\n|switch|p2a: Donphan|Donphan, M, shiny|100\/100\n|turn|1\n|\n|t:|1700528742\n|move|p1a: Galvantula|Sticky Web|p2a: Donphan\n|-sidestart|p2: chrisamato7|move: Sticky Web\n|move|p2a: Donphan|Earthquake|p1a: Galvantula\n|-damage|p1a: Galvantula|23\/100\n|\n|upkeep\n|turn|2\n|\n|t:|1700528751\n|move|p1a: Galvantula|Light Screen|p1a: Galvantula\n|-sidestart|p1: ffhhhgfddf|move: Light Screen\n|move|p2a: Donphan|Rapid Spin|p1a: Galvantula\n|-damage|p1a: Galvantula|0 fnt\n|-boost|p2a: Donphan|spe|1\n|-sideend|p2: chrisamato7|Sticky Web|[from] move: Rapid Spin|[of] p2a: Donphan\n|faint|p1a: Galvantula\n|\n|upkeep\n|\n|t:|1700528769\n|switch|p1a: Gyarados|Gyarados, M|100\/100\n|-ability|p1a: Gyarados|Intimidate|boost\n|-unboost|p2a: Donphan|atk|1\n|turn|3\n|\n|t:|1700528783\n|switch|p2a: Gyarados|Gyarados, M, shiny|100\/100\n|-ability|p2a: Gyarados|Intimidate|boost\n|-unboost|p1a: Gyarados|atk|1\n|detailschange|p1a: Gyarados|Gyarados-Mega, M\n|-mega|p1a: Gyarados|Gyarados|Gyaradosite\n|-ability|p1a: Gyarados|Mold Breaker\n|move|p1a: Gyarados|Waterfall|p2a: Gyarados\n|-resisted|p2a: Gyarados\n|-damage|p2a: Gyarados|80\/100\n|\n|upkeep\n|turn|4\n|\n|t:|1700528799\n|detailschange|p2a: Gyarados|Gyarados-Mega, M, shiny\n|-mega|p2a: Gyarados|Gyarados|Gyaradosite\n|-ability|p2a: Gyarados|Mold Breaker\n|move|p1a: Gyarados|Dragon Dance|p1a: Gyarados\n|-boost|p1a: Gyarados|atk|1\n|-boost|p1a: Gyarados|spe|1\n|move|p2a: Gyarados|Dragon Dance|p2a: Gyarados\n|-boost|p2a: Gyarados|atk|1\n|-boost|p2a: Gyarados|spe|1\n|\n|upkeep\n|turn|5\n|\n|t:|1700528815\n|move|p1a: Gyarados|Outrage|p2a: Gyarados\n|-damage|p2a: Gyarados|37\/100\n|move|p2a: Gyarados|Crunch|p1a: Gyarados\n|-resisted|p1a: Gyarados\n|-damage|p1a: Gyarados|59\/100\n|\n|upkeep\n|turn|6\n|inactive|ffhhhgfddf has 120 seconds left.\n|\n|t:|1700528830\n|switch|p2a: Raikou|Raikou, shiny|100\/100\n|move|p1a: Gyarados|Outrage|p2a: Raikou|[from]lockedmove\n|-damage|p2a: Raikou|35\/100\n|\n|-sideend|p1: ffhhhgfddf|move: Light Screen\n|upkeep\n|turn|7\n|inactive|ffhhhgfddf has 120 seconds left.\n|\n|t:|1700528843\n|move|p1a: Gyarados|Outrage|p2a: Raikou|[from]lockedmove\n|-damage|p2a: Raikou|0 fnt\n|faint|p2a: Raikou\n|-start|p1a: Gyarados|confusion|[fatigue]\n|\n|upkeep\n|\n|t:|1700528858\n|switch|p2a: Machamp|Machamp, M|100\/100\n|turn|8\n|\n|t:|1700528866\n|-activate|p1a: Gyarados|confusion\n|move|p1a: Gyarados|Dragon Dance|p1a: Gyarados\n|-boost|p1a: Gyarados|atk|1\n|-boost|p1a: Gyarados|spe|1\n|move|p2a: Machamp|Brick Break|p1a: Gyarados\n|-supereffective|p1a: Gyarados\n|-damage|p1a: Gyarados|0 fnt\n|faint|p1a: Gyarados\n|\n|upkeep\n|\n|t:|1700528876\n|switch|p1a: Corviknight|Corviknight, F, shiny|100\/100\n|-ability|p1a: Corviknight|Pressure\n|turn|9\n|\n|t:|1700528883\n|-terastallize|p1a: Corviknight|Flying\n|move|p1a: Corviknight|Reflect|p1a: Corviknight\n|-sidestart|p1: ffhhhgfddf|Reflect\n|move|p2a: Machamp|Ice Punch|p1a: Corviknight\n|-supereffective|p1a: Corviknight\n|-damage|p1a: Corviknight|83\/100\n|\n|-heal|p1a: Corviknight|89\/100|[from] item: Leftovers\n|upkeep\n|turn|10\n|\n|t:|1700528905\n|move|p1a: Corviknight|Bulk Up|p1a: Corviknight\n|-boost|p1a: Corviknight|atk|1\n|-boost|p1a: Corviknight|def|1\n|move|p2a: Machamp|Brick Break|p1a: Corviknight\n|-sideend|p1: ffhhhgfddf|Reflect\n|-resisted|p1a: Corviknight\n|-damage|p1a: Corviknight|81\/100\n|\n|-heal|p1a: Corviknight|87\/100|[from] item: Leftovers\n|upkeep\n|turn|11\n|\n|t:|1700528915\n|switch|p2a: Typhlosion|Typhlosion, M, shiny|100\/100\n|move|p1a: Corviknight|Bulk Up|p1a: Corviknight\n|-boost|p1a: Corviknight|atk|1\n|-boost|p1a: Corviknight|def|1\n|\n|-heal|p1a: Corviknight|94\/100|[from] item: Leftovers\n|upkeep\n|turn|12\n|c|\u2606chrisamato7|lol\n|\n|t:|1700528929\n|move|p1a: Corviknight|Reflect|p1a: Corviknight\n|-sidestart|p1: ffhhhgfddf|Reflect\n|move|p2a: Typhlosion|Roar|p1a: Corviknight\n|drag|p1a: Chansey|Chansey, F, shiny|100\/100\n|\n|upkeep\n|turn|13\n|c|\u2606chrisamato7|not enough\n|\n|t:|1700528940\n|move|p2a: Typhlosion|Eruption|p1a: Chansey\n|-damage|p1a: Chansey|79\/100\n|move|p1a: Chansey|Toxic|p2a: Typhlosion\n|-status|p2a: Typhlosion|tox\n|\n|-heal|p1a: Chansey|85\/100|[from] item: Leftovers\n|-damage|p2a: Typhlosion|94\/100 tox|[from] psn\n|upkeep\n|turn|14\n|\n|t:|1700528950\n|move|p2a: Typhlosion|Flamethrower|p1a: Chansey\n|-damage|p1a: Chansey|72\/100\n|move|p1a: Chansey|Wish|p1a: Chansey\n|\n|-heal|p1a: Chansey|79\/100|[from] item: Leftovers\n|-damage|p2a: Typhlosion|82\/100 tox|[from] psn\n|upkeep\n|turn|15\n|\n|t:|1700528961\n|switch|p2a: Machamp|Machamp, M|100\/100\n|move|p1a: Chansey|Protect||[still]\n|-fail|p1a: Chansey\n|\n|-heal|p1a: Chansey|100\/100|[from] move: Wish|[wisher] Chansey\n|upkeep\n|turn|16\n|\n|t:|1700528971\n|switch|p1a: Corviknight|Corviknight, F, shiny, tera:Flying|94\/100\n|-ability|p1a: Corviknight|Pressure\n|move|p2a: Machamp|Brick Break|p1a: Corviknight\n|-sideend|p1: ffhhhgfddf|Reflect\n|-resisted|p1a: Corviknight\n|-damage|p1a: Corviknight|81\/100\n|\n|-heal|p1a: Corviknight|87\/100|[from] item: Leftovers\n|upkeep\n|turn|17\n|\n|t:|1700528987\n|move|p1a: Corviknight|Reflect|p1a: Corviknight\n|-sidestart|p1: ffhhhgfddf|Reflect\n|move|p2a: Machamp|Ice Punch|p1a: Corviknight\n|-supereffective|p1a: Corviknight\n|-damage|p1a: Corviknight|71\/100\n|\n|-heal|p1a: Corviknight|78\/100|[from] item: Leftovers\n|upkeep\n|turn|18\n|\n|t:|1700528997\n|move|p1a: Corviknight|Bulk Up|p1a: Corviknight\n|-boost|p1a: Corviknight|atk|1\n|-boost|p1a: Corviknight|def|1\n|move|p2a: Machamp|Brick Break|p1a: Corviknight\n|-sideend|p1: ffhhhgfddf|Reflect\n|-resisted|p1a: Corviknight\n|-damage|p1a: Corviknight|69\/100\n|\n|-heal|p1a: Corviknight|75\/100|[from] item: Leftovers\n|upkeep\n|turn|19\n|\n|t:|1700529014\n|move|p1a: Corviknight|Iron Head|p2a: Machamp\n|-damage|p2a: Machamp|59\/100\n|move|p2a: Machamp|Ice Punch|p1a: Corviknight\n|-supereffective|p1a: Corviknight\n|-damage|p1a: Corviknight|53\/100\n|\n|-heal|p1a: Corviknight|60\/100|[from] item: Leftovers\n|upkeep\n|turn|20\n|\n|t:|1700529026\n|move|p1a: Corviknight|Iron Head|p2a: Machamp\n|-damage|p2a: Machamp|19\/100\n|move|p2a: Machamp|Ice Punch|p1a: Corviknight\n|-supereffective|p1a: Corviknight\n|-damage|p1a: Corviknight|35\/100\n|\n|-heal|p1a: Corviknight|41\/100|[from] item: Leftovers\n|upkeep\n|turn|21\n|\n|t:|1700529045\n|move|p1a: Corviknight|Roost|p1a: Corviknight\n|-heal|p1a: Corviknight|91\/100\n|-hint|If a Flying Terastallized Pokemon uses Roost, it remains Flying-type.\n|move|p2a: Machamp|Ice Punch|p1a: Corviknight\n|-supereffective|p1a: Corviknight\n|-damage|p1a: Corviknight|68\/100\n|\n|-heal|p1a: Corviknight|74\/100|[from] item: Leftovers\n|upkeep\n|turn|22\n|\n|t:|1700529056\n|move|p1a: Corviknight|Reflect|p1a: Corviknight\n|-sidestart|p1: ffhhhgfddf|Reflect\n|move|p2a: Machamp|Ice Punch|p1a: Corviknight\n|-supereffective|p1a: Corviknight\n|-damage|p1a: Corviknight|62\/100\n|\n|-heal|p1a: Corviknight|68\/100|[from] item: Leftovers\n|upkeep\n|turn|23\n|\n|t:|1700529065\n|move|p1a: Corviknight|Bulk Up|p1a: Corviknight\n|-boost|p1a: Corviknight|atk|1\n|-boost|p1a: Corviknight|def|1\n|move|p2a: Machamp|Brick Break|p1a: Corviknight\n|-sideend|p1: ffhhhgfddf|Reflect\n|-resisted|p1a: Corviknight\n|-damage|p1a: Corviknight|62\/100\n|\n|-heal|p1a: Corviknight|68\/100|[from] item: Leftovers\n|upkeep\n|turn|24\n|\n|t:|1700529077\n|move|p1a: Corviknight|Iron Head|p2a: Machamp\n|-damage|p2a: Machamp|0 fnt\n|faint|p2a: Machamp\n|\n|-heal|p1a: Corviknight|74\/100|[from] item: Leftovers\n|upkeep\n|\n|t:|1700529082\n|switch|p2a: Typhlosion|Typhlosion, M, shiny|82\/100 tox\n|turn|25\n|\n|t:|1700529090\n|switch|p1a: Chansey|Chansey, F, shiny|100\/100\n|move|p2a: Typhlosion|Roar|p1a: Chansey\n|drag|p1a: Mimikyu|Mimikyu, M, shiny|100\/100\n|\n|-damage|p2a: Typhlosion|76\/100 tox|[from] psn\n|upkeep\n|turn|26\n|\n|t:|1700529103\n|move|p1a: Mimikyu|Shadow Claw|p2a: Typhlosion\n|-damage|p2a: Typhlosion|35\/100 tox\n|move|p2a: Typhlosion|Flamethrower|p1a: Mimikyu\n|-activate|p1a: Mimikyu|ability: Disguise\n|-damage|p1a: Mimikyu|100\/100\n|detailschange|p1a: Mimikyu|Mimikyu-Busted, M, shiny\n|-damage|p1a: Mimikyu|88\/100|[from] pokemon: Mimikyu-Busted\n|\n|-damage|p2a: Typhlosion|22\/100 tox|[from] psn\n|upkeep\n|turn|27\n|\n|t:|1700529115\n|-terastallize|p2a: Typhlosion|Psychic\n|move|p1a: Mimikyu|Shadow Claw|p2a: Typhlosion\n|-supereffective|p2a: Typhlosion\n|-damage|p2a: Typhlosion|0 fnt\n|faint|p2a: Typhlosion\n|\n|upkeep\n|\n|t:|1700529122\n|switch|p2a: Gyarados|Gyarados-Mega, M, shiny|37\/100\n|-ability|p2a: Gyarados|Mold Breaker\n|turn|28\n|\n|t:|1700529128\n|move|p1a: Mimikyu|Shadow Claw|p2a: Gyarados\n|-resisted|p2a: Gyarados\n|-damage|p2a: Gyarados|24\/100\n|move|p2a: Gyarados|Dragon Dance|p2a: Gyarados\n|-boost|p2a: Gyarados|atk|1\n|-boost|p2a: Gyarados|spe|1\n|\n|upkeep\n|turn|29\n|\n|t:|1700529136\n|move|p1a: Mimikyu|Shadow Claw|p2a: Gyarados\n|-resisted|p2a: Gyarados\n|-damage|p2a: Gyarados|11\/100\n|move|p2a: Gyarados|Ice Fang|p1a: Mimikyu\n|-damage|p1a: Mimikyu|16\/100\n|\n|upkeep\n|turn|30\n|\n|t:|1700529145\n|move|p1a: Mimikyu|Shadow Claw|p2a: Gyarados\n|-resisted|p2a: Gyarados\n|-damage|p2a: Gyarados|0 fnt\n|faint|p2a: Gyarados\n|\n|upkeep\n|\n|t:|1700529148\n|switch|p2a: Donphan|Donphan, M, shiny|100\/100\n|turn|31\n|\n|t:|1700529155\n|move|p1a: Mimikyu|Shadow Claw|p2a: Donphan\n|-damage|p2a: Donphan|78\/100\n|move|p2a: Donphan|Poison Jab|p1a: Mimikyu\n|-damage|p1a: Mimikyu|0 fnt\n|faint|p1a: Mimikyu\n|\n|upkeep\n|\n|t:|1700529168\n|switch|p1a: Corviknight|Corviknight, F, shiny, tera:Flying|74\/100\n|-ability|p1a: Corviknight|Pressure\n|turn|32\n|\n|t:|1700529174\n|move|p2a: Donphan|Ice Shard|p1a: Corviknight\n|-supereffective|p1a: Corviknight\n|-damage|p1a: Corviknight|57\/100\n|move|p1a: Corviknight|Reflect|p1a: Corviknight\n|-sidestart|p1: ffhhhgfddf|Reflect\n|\n|-heal|p1a: Corviknight|63\/100|[from] item: Leftovers\n|upkeep\n|turn|33\n|\n|t:|1700529183\n|switch|p2a: Dragonite|Dragonite, M|100\/100\n|move|p1a: Corviknight|Bulk Up|p1a: Corviknight\n|-boost|p1a: Corviknight|atk|1\n|-boost|p1a: Corviknight|def|1\n|\n|-heal|p1a: Corviknight|69\/100|[from] item: Leftovers\n|upkeep\n|turn|34\n|\n|t:|1700529196\n|move|p2a: Dragonite|Dragon Dance|p2a: Dragonite\n|-boost|p2a: Dragonite|atk|1\n|-boost|p2a: Dragonite|spe|1\n|move|p1a: Corviknight|Roost|p1a: Corviknight\n|-heal|p1a: Corviknight|100\/100\n|-hint|If a Flying Terastallized Pokemon uses Roost, it remains Flying-type.\n|\n|upkeep\n|turn|35\n|\n|t:|1700529205\n|move|p2a: Dragonite|Dragon Dance|p2a: Dragonite\n|-boost|p2a: Dragonite|atk|1\n|-boost|p2a: Dragonite|spe|1\n|move|p1a: Corviknight|Bulk Up|p1a: Corviknight\n|-boost|p1a: Corviknight|atk|1\n|-boost|p1a: Corviknight|def|1\n|\n|upkeep\n|turn|36\n|\n|t:|1700529217\n|move|p2a: Dragonite|Dragon Dance|p2a: Dragonite\n|-boost|p2a: Dragonite|atk|1\n|-boost|p2a: Dragonite|spe|1\n|move|p1a: Corviknight|Bulk Up|p1a: Corviknight\n|-boost|p1a: Corviknight|atk|1\n|-boost|p1a: Corviknight|def|1\n|\n|-sideend|p1: ffhhhgfddf|Reflect\n|upkeep\n|turn|37\n|\n|t:|1700529229\n|move|p2a: Dragonite|Ice Punch|p1a: Corviknight\n|-supereffective|p1a: Corviknight\n|-damage|p1a: Corviknight|66\/100\n|move|p1a: Corviknight|Reflect|p1a: Corviknight\n|-sidestart|p1: ffhhhgfddf|Reflect\n|\n|-heal|p1a: Corviknight|72\/100|[from] item: Leftovers\n|upkeep\n|turn|38\n|\n|t:|1700529241\n|move|p2a: Dragonite|Dragon Dance|p2a: Dragonite\n|-boost|p2a: Dragonite|atk|1\n|-boost|p2a: Dragonite|spe|1\n|move|p1a: Corviknight|Bulk Up|p1a: Corviknight\n|-boost|p1a: Corviknight|atk|1\n|-boost|p1a: Corviknight|def|1\n|\n|-heal|p1a: Corviknight|78\/100|[from] item: Leftovers\n|upkeep\n|turn|39\n|\n|t:|1700529260\n|move|p2a: Dragonite|Dragon Dance|p2a: Dragonite\n|-boost|p2a: Dragonite|atk|1\n|-boost|p2a: Dragonite|spe|1\n|move|p1a: Corviknight|Bulk Up|p1a: Corviknight\n|-boost|p1a: Corviknight|atk|1\n|-boost|p1a: Corviknight|def|1\n|\n|-heal|p1a: Corviknight|85\/100|[from] item: Leftovers\n|upkeep\n|turn|40\n|\n|t:|1700529274\n|move|p2a: Dragonite|Dragon Dance|p2a: Dragonite\n|-boost|p2a: Dragonite|atk|1\n|-boost|p2a: Dragonite|spe|1\n|move|p1a: Corviknight|Bulk Up|p1a: Corviknight\n|-boost|p1a: Corviknight|atk|1\n|-boost|p1a: Corviknight|def|1\n|\n|-heal|p1a: Corviknight|91\/100|[from] item: Leftovers\n|upkeep\n|turn|41\n|\n|t:|1700529286\n|move|p2a: Dragonite|Ice Punch|p1a: Corviknight\n|-supereffective|p1a: Corviknight\n|-damage|p1a: Corviknight|73\/100\n|move|p1a: Corviknight|Reflect||[still]\n|-fail|p1a: Corviknight\n|\n|-heal|p1a: Corviknight|79\/100|[from] item: Leftovers\n|-sideend|p1: ffhhhgfddf|Reflect\n|upkeep\n|turn|42\n|\n|t:|1700529297\n|move|p2a: Dragonite|Ice Punch|p1a: Corviknight\n|-supereffective|p1a: Corviknight\n|-damage|p1a: Corviknight|46\/100\n|move|p1a: Corviknight|Reflect|p1a: Corviknight\n|-sidestart|p1: ffhhhgfddf|Reflect\n|\n|-heal|p1a: Corviknight|53\/100|[from] item: Leftovers\n|upkeep\n|turn|43\n|\n|t:|1700529309\n|move|p2a: Dragonite|Ice Punch|p1a: Corviknight\n|-supereffective|p1a: Corviknight\n|-damage|p1a: Corviknight|35\/100\n|move|p1a: Corviknight|Roost|p1a: Corviknight\n|-heal|p1a: Corviknight|85\/100\n|-hint|If a Flying Terastallized Pokemon uses Roost, it remains Flying-type.\n|\n|-heal|p1a: Corviknight|91\/100|[from] item: Leftovers\n|upkeep\n|turn|44\n|\n|t:|1700529322\n|move|p2a: Dragonite|Ice Punch|p1a: Corviknight\n|-supereffective|p1a: Corviknight\n|-damage|p1a: Corviknight|75\/100\n|move|p1a: Corviknight|Bulk Up|p1a: Corviknight\n|-boost|p1a: Corviknight|atk|0\n|-boost|p1a: Corviknight|def|0\n|\n|-heal|p1a: Corviknight|82\/100|[from] item: Leftovers\n|upkeep\n|turn|45\n|\n|t:|1700529339\n|move|p2a: Dragonite|Ice Punch|p1a: Corviknight\n|-supereffective|p1a: Corviknight\n|-damage|p1a: Corviknight|65\/100\n|-status|p1a: Corviknight|frz\n|cant|p1a: Corviknight|frz\n|\n|-heal|p1a: Corviknight|71\/100 frz|[from] item: Leftovers\n|upkeep\n|turn|46\n|c|\u2606chrisamato7|youre not winning\n|\n|t:|1700529352\n|move|p2a: Dragonite|Ice Punch|p1a: Corviknight\n|-supereffective|p1a: Corviknight\n|-damage|p1a: Corviknight|53\/100 frz\n|cant|p1a: Corviknight|frz\n|\n|-heal|p1a: Corviknight|59\/100 frz|[from] item: Leftovers\n|-sideend|p1: ffhhhgfddf|Reflect\n|upkeep\n|turn|47\n|c|\u2606chrisamato7|i will punch your bird to death\n|n|\u203dchrisamato7|chrisamato7\n|c|&|\/log chrisamato7 was locked from talking by Artemis. (\u2606chrisamato7: i will punch your bird to death)\n|c|&|\/raw <small>This action was done automatically. Want to learn more about the AI? <a href=\"https:\/\/www.smogon.com\/forums\/threads\/3570628\/#post-9056769\">Visit the information thread<\/a>.<\/small>\n|inactive|chrisamato7 has 120 seconds left.\n|\n|t:|1700529383\n|move|p2a: Dragonite|Ice Punch|p1a: Corviknight\n|-supereffective|p1a: Corviknight\n|-damage|p1a: Corviknight|25\/100 frz\n|-curestatus|p1a: Corviknight|frz|[msg]\n|move|p1a: Corviknight|Iron Head|p2a: Dragonite\n|-damage|p2a: Dragonite|46\/100\n|\n|-heal|p1a: Corviknight|31\/100|[from] item: Leftovers\n|upkeep\n|turn|48\n|\n|t:|1700529397\n|move|p2a: Dragonite|Roost|p2a: Dragonite\n|-heal|p2a: Dragonite|96\/100\n|-singleturn|p2a: Dragonite|move: Roost\n|move|p1a: Corviknight|Reflect|p1a: Corviknight\n|-sidestart|p1: ffhhhgfddf|Reflect\n|\n|-heal|p1a: Corviknight|37\/100|[from] item: Leftovers\n|upkeep\n|turn|49\n|\n|t:|1700529409\n|move|p2a: Dragonite|Ice Punch|p1a: Corviknight\n|-supereffective|p1a: Corviknight\n|-damage|p1a: Corviknight|20\/100\n|move|p1a: Corviknight|Roost|p1a: Corviknight\n|-heal|p1a: Corviknight|70\/100\n|-hint|If a Flying Terastallized Pokemon uses Roost, it remains Flying-type.\n|\n|-heal|p1a: Corviknight|76\/100|[from] item: Leftovers\n|upkeep\n|turn|50\n|\n|t:|1700529422\n|move|p2a: Dragonite|Ice Punch|p1a: Corviknight\n|-supereffective|p1a: Corviknight\n|-damage|p1a: Corviknight|58\/100\n|move|p1a: Corviknight|Iron Head|p2a: Dragonite\n|-damage|p2a: Dragonite|0 fnt\n|faint|p2a: Dragonite\n|\n|-heal|p1a: Corviknight|65\/100|[from] item: Leftovers\n|upkeep\n|\n|t:|1700529435\n|switch|p2a: Donphan|Donphan, M, shiny|78\/100\n|turn|51\n|-message|chrisamato7 forfeited.\n|\n|win|ffhhhgfddf\n|raw|ffhhhgfddf's rating: 1081 &rarr; <strong>1116<\/strong><br \/>(+35 for winning)\n|raw|chrisamato7's rating: 1174 &rarr; <strong>1142<\/strong><br \/>(-32 for losing)\n","uploadtime":1700529360,"views":3,"p1id":"ffhhhgfddf","p2id":"chrisamato7","formatid":"gen9nationaldex","rating":1116,"private":0,"password":""}