{"id":"gen9nationaldex-1989183840","p1":"maralli","p2":"SylverOmega","format":"[Gen 9] National Dex","log":"|j|\u2606maralli\n|j|\u2606SylverOmega\n|t:|1699821035\n|gametype|singles\n|player|p1|maralli|2|1363\n|player|p2|SylverOmega|palmer|1316\n|teamsize|p1|6\n|teamsize|p2|6\n|gen|9\n|tier|[Gen 9] National Dex\n|rated|\n|rule|HP Percentage Mod: HP is shown in percentages\n|rule|Endless Battle Clause: Forcing endless battles is banned\n|rule|OHKO Clause: OHKO moves are banned\n|rule|Evasion Clause: Evasion abilities, items, and moves are banned\n|rule|Evasion Abilities Clause: Evasion abilities are banned\n|rule|Evasion Items Clause: Evasion items are banned\n|rule|Evasion Moves Clause: Evasion moves are banned\n|rule|Species Clause: Limit one of each Pok\u00e9mon\n|rule|Sleep Clause Mod: Limit one foe put to sleep\n|clearpoke\n|poke|p1|Reuniclus, M|\n|poke|p1|Flygon, F|\n|poke|p1|Skarmory, M|\n|poke|p1|Tyranitar, M|\n|poke|p1|Clefable, M|\n|poke|p1|Dugtrio, M|\n|poke|p2|Scizor, M|\n|poke|p2|Iron Valiant|\n|poke|p2|Dragonite, M|\n|poke|p2|Samurott-Hisui, M|\n|poke|p2|Volcarona, F|\n|poke|p2|Ceruledge, M|\n|teampreview\n|inactive|Battle timer is ON: inactive players will automatically lose when time's up. (requested by SylverOmega)\n|c|\u2606SylverOmega|Hf\n|inactive|SylverOmega has 120 seconds left.\n|c|\u2606maralli|you too\n|\n|t:|1699821070\n|start\n|switch|p1a: Skarmory|Skarmory, M|100\/100\n|switch|p2a: Volcarona|Volcarona, F|100\/100\n|turn|1\n|\n|t:|1699821081\n|switch|p1a: Tyranitar|Tyranitar, M|100\/100\n|-weather|Sandstorm|[from] ability: Sand Stream|[of] p1a: Tyranitar\n|move|p2a: Volcarona|Fiery Dance|p1a: Tyranitar\n|-resisted|p1a: Tyranitar\n|-damage|p1a: Tyranitar|93\/100\n|\n|-weather|Sandstorm|[upkeep]\n|-damage|p2a: Volcarona|94\/100|[from] Sandstorm\n|upkeep\n|turn|2\n|\n|t:|1699821092\n|switch|p2a: Iron Valiant|Iron Valiant|100\/100\n|-enditem|p2a: Iron Valiant|Booster Energy\n|-activate|p2a: Iron Valiant|ability: Quark Drive|[fromitem]\n|-start|p2a: Iron Valiant|quarkdrivespe\n|move|p1a: Tyranitar|Stone Edge|p2a: Iron Valiant\n|-resisted|p2a: Iron Valiant\n|-damage|p2a: Iron Valiant|66\/100\n|\n|-weather|Sandstorm|[upkeep]\n|-damage|p2a: Iron Valiant|60\/100|[from] Sandstorm\n|upkeep\n|turn|3\n|\n|t:|1699821107\n|switch|p1a: Skarmory|Skarmory, M|100\/100\n|move|p2a: Iron Valiant|Moonblast|p1a: Skarmory\n|-resisted|p1a: Skarmory\n|-damage|p1a: Skarmory|66\/100\n|\n|-weather|Sandstorm|[upkeep]\n|-damage|p2a: Iron Valiant|53\/100|[from] Sandstorm\n|upkeep\n|turn|4\n|\n|t:|1699821117\n|move|p2a: Iron Valiant|Calm Mind|p2a: Iron Valiant\n|-boost|p2a: Iron Valiant|spa|1\n|-boost|p2a: Iron Valiant|spd|1\n|move|p1a: Skarmory|Roost|p1a: Skarmory\n|-heal|p1a: Skarmory|100\/100\n|-singleturn|p1a: Skarmory|move: Roost\n|\n|-weather|Sandstorm|[upkeep]\n|-damage|p2a: Iron Valiant|47\/100|[from] Sandstorm\n|upkeep\n|turn|5\n|\n|t:|1699821128\n|move|p2a: Iron Valiant|Thunderbolt|p1a: Skarmory\n|-supereffective|p1a: Skarmory\n|-ability|p1a: Skarmory|Sturdy\n|-damage|p1a: Skarmory|1\/100\n|move|p1a: Skarmory|Body Press|p2a: Iron Valiant\n|-resisted|p2a: Iron Valiant\n|-damage|p2a: Iron Valiant|27\/100\n|\n|-weather|none\n|upkeep\n|turn|6\n|\n|t:|1699821138\n|switch|p1a: Tyranitar|Tyranitar, M|93\/100\n|-weather|Sandstorm|[from] ability: Sand Stream|[of] p1a: Tyranitar\n|move|p2a: Iron Valiant|Moonblast|p1a: Tyranitar\n|-supereffective|p1a: Tyranitar\n|-crit|p1a: Tyranitar\n|-damage|p1a: Tyranitar|12\/100\n|\n|-weather|Sandstorm|[upkeep]\n|-damage|p2a: Iron Valiant|21\/100|[from] Sandstorm\n|upkeep\n|turn|7\n|\n|t:|1699821150\n|switch|p1a: Skarmory|Skarmory, M|1\/100\n|move|p2a: Iron Valiant|Moonblast|p1a: Skarmory\n|-resisted|p1a: Skarmory\n|-damage|p1a: Skarmory|0 fnt\n|faint|p1a: Skarmory\n|\n|-weather|Sandstorm|[upkeep]\n|-damage|p2a: Iron Valiant|14\/100|[from] Sandstorm\n|upkeep\n|\n|t:|1699821158\n|switch|p1a: Clefable|Clefable, M|100\/100\n|turn|8\n|\n|t:|1699821165\n|move|p1a: Clefable|Protect|p1a: Clefable\n|-singleturn|p1a: Clefable|Protect\n|move|p2a: Iron Valiant|Moonblast|p1a: Clefable\n|-activate|p1a: Clefable|move: Protect\n|\n|-weather|Sandstorm|[upkeep]\n|-damage|p2a: Iron Valiant|8\/100|[from] Sandstorm\n|upkeep\n|turn|9\n|\n|t:|1699821175\n|move|p2a: Iron Valiant|Moonblast|p1a: Clefable\n|-damage|p1a: Clefable|56\/100\n|move|p1a: Clefable|Moonblast|p2a: Iron Valiant\n|-supereffective|p2a: Iron Valiant\n|-damage|p2a: Iron Valiant|0 fnt\n|faint|p2a: Iron Valiant\n|-end|p2a: Iron Valiant|Quark Drive|[silent]\n|\n|-weather|Sandstorm|[upkeep]\n|upkeep\n|\n|t:|1699821185\n|switch|p2a: Scizor|Scizor, M, shiny|100\/100\n|turn|10\n|\n|t:|1699821190\n|detailschange|p2a: Scizor|Scizor-Mega, M, shiny\n|-mega|p2a: Scizor|Scizor|Scizorite\n|move|p1a: Clefable|Protect|p1a: Clefable\n|-singleturn|p1a: Clefable|Protect\n|move|p2a: Scizor|Bullet Punch|p1a: Clefable\n|-activate|p1a: Clefable|move: Protect\n|\n|-weather|none\n|upkeep\n|turn|11\n|\n|t:|1699821200\n|switch|p1a: Tyranitar|Tyranitar, M|12\/100\n|-weather|Sandstorm|[from] ability: Sand Stream|[of] p1a: Tyranitar\n|move|p2a: Scizor|Swords Dance|p2a: Scizor\n|-boost|p2a: Scizor|atk|2\n|\n|-weather|Sandstorm|[upkeep]\n|upkeep\n|turn|12\n|\n|t:|1699821209\n|move|p2a: Scizor|Bullet Punch|p1a: Tyranitar\n|-supereffective|p1a: Tyranitar\n|-damage|p1a: Tyranitar|0 fnt\n|faint|p1a: Tyranitar\n|\n|-weather|Sandstorm|[upkeep]\n|upkeep\n|\n|t:|1699821212\n|switch|p1a: Dugtrio|Dugtrio, M|100\/100\n|turn|13\n|\n|t:|1699821220\n|-terastallize|p1a: Dugtrio|Ground\n|move|p1a: Dugtrio|Earthquake|p2a: Scizor\n|-damage|p2a: Scizor|31\/100\n|move|p2a: Scizor|Knock Off|p1a: Dugtrio\n|-damage|p1a: Dugtrio|0 fnt\n|-enditem|p1a: Dugtrio|Expert Belt|[from] move: Knock Off|[of] p2a: Scizor\n|faint|p1a: Dugtrio\n|\n|-weather|Sandstorm|[upkeep]\n|upkeep\n|\n|t:|1699821229\n|switch|p1a: Flygon|Flygon, F|100\/100\n|turn|14\n|\n|t:|1699821235\n|move|p2a: Scizor|Bullet Punch|p1a: Flygon\n|-damage|p1a: Flygon|12\/100\n|move|p1a: Flygon|Earthquake|p2a: Scizor\n|-damage|p2a: Scizor|0 fnt\n|faint|p2a: Scizor\n|\n|-weather|Sandstorm|[upkeep]\n|-heal|p1a: Flygon|18\/100|[from] item: Leftovers\n|upkeep\n|\n|t:|1699821249\n|switch|p2a: Dragonite|Dragonite, M, shiny|100\/100\n|turn|15\n|\n|t:|1699821259\n|move|p2a: Dragonite|Extreme Speed|p1a: Flygon\n|-damage|p1a: Flygon|0 fnt\n|faint|p1a: Flygon\n|\n|-weather|none\n|upkeep\n|-message|maralli forfeited.\n|\n|win|SylverOmega\n|raw|maralli's rating: 1363 &rarr; <strong>1340<\/strong><br \/>(-23 for losing)\n|raw|SylverOmega's rating: 1316 &rarr; <strong>1339<\/strong><br \/>(+23 for winning)\n|l|\u2606maralli\n","uploadtime":1699821288,"views":10,"p1id":"maralli","p2id":"sylveromega","formatid":"gen9nationaldex","rating":1339,"private":0,"password":""}