{"id":"gen9nationaldex-1995373780","p1":"TheSunKing1","p2":"littleht6666","format":"[Gen 9] National Dex","log":"|html|<div class=\"broadcast-blue\"><strong>[Gen 9] National Dex is currently suspecting Sneasler! For information on how to participate check out the <a href=\"https:\/\/www.smogon.com\/forums\/threads\/sv-national-dex-suspect-8-just-dance.3731534\/\">suspect thread<\/a>.<\/strong><\/div>\n|j|\u2606TheSunKing1\n|j|\u2606littleht6666\n|t:|1700561852\n|gametype|singles\n|player|p1|TheSunKing1|morty-masters2|1699\n|player|p2|littleht6666|elesa|1613\n|teamsize|p1|6\n|teamsize|p2|6\n|gen|9\n|tier|[Gen 9] National Dex\n|rated|\n|rule|HP Percentage Mod: HP is shown in percentages\n|rule|Endless Battle Clause: Forcing endless battles is banned\n|rule|OHKO Clause: OHKO moves are banned\n|rule|Evasion Clause: Evasion abilities, items, and moves are banned\n|rule|Evasion Abilities Clause: Evasion abilities are banned\n|rule|Evasion Items Clause: Evasion items are banned\n|rule|Evasion Moves Clause: Evasion moves are banned\n|rule|Species Clause: Limit one of each Pok\u00e9mon\n|rule|Sleep Clause Mod: Limit one foe put to sleep\n|clearpoke\n|poke|p1|Torkoal, M|\n|poke|p1|Leafeon, M|\n|poke|p1|Landorus-Therian, M|\n|poke|p1|Heatran, F|\n|poke|p1|Scizor, F|\n|poke|p1|Houndoom, M|\n|poke|p2|Weavile, F|\n|poke|p2|Landorus-Therian, M|\n|poke|p2|Zapdos|\n|poke|p2|Volcanion|\n|poke|p2|Ursaluna, F|\n|poke|p2|Kartana|\n|teampreview\n|inactive|Battle timer is ON: inactive players will automatically lose when time's up. (requested by TheSunKing1)\n|inactive|littleht6666 also wants the timer to be on.\n|\n|t:|1700561870\n|start\n|switch|p1a: Landorus|Landorus-Therian, M|100\/100\n|switch|p2a: Landorus|Landorus-Therian, M|100\/100\n|-ability|p1a: Landorus|Intimidate|boost\n|-unboost|p2a: Landorus|atk|1\n|-ability|p2a: Landorus|Intimidate|boost\n|-unboost|p1a: Landorus|atk|1\n|turn|1\n|\n|t:|1700561875\n|move|p1a: Landorus|Toxic|p2a: Landorus\n|-status|p2a: Landorus|tox\n|move|p2a: Landorus|Stealth Rock|p1a: Landorus\n|-sidestart|p1: TheSunKing1|move: Stealth Rock\n|\n|-damage|p2a: Landorus|94\/100 tox|[from] psn\n|upkeep\n|turn|2\n|\n|t:|1700561881\n|move|p1a: Landorus|Defog|p2a: Landorus\n|-unboost|p2a: Landorus|evasion|1\n|-sideend|p1: TheSunKing1|Stealth Rock|[from] move: Defog|[of] p1a: Landorus\n|move|p2a: Landorus|U-turn|p1a: Landorus\n|-resisted|p1a: Landorus\n|-damage|p1a: Landorus|93\/100\n|-enditem|p1a: Landorus|Eject Button\n|inactive|TheSunKing1 has 120 seconds left.\n|\n|t:|1700561912\n|switch|p1a: Torkoal|Torkoal, M|100\/100\n|-weather|SunnyDay|[from] ability: Drought|[of] p1a: Torkoal\n|\n|-weather|SunnyDay|[upkeep]\n|-heal|p2a: Landorus|100\/100 tox|[from] item: Leftovers\n|-damage|p2a: Landorus|88\/100 tox|[from] psn\n|upkeep\n|turn|3\n|\n|t:|1700561935\n|move|p2a: Landorus|Earthquake|p1a: Torkoal\n|-supereffective|p1a: Torkoal\n|-damage|p1a: Torkoal|56\/100\n|move|p1a: Torkoal|Rapid Spin|p2a: Landorus\n|-damage|p2a: Landorus|80\/100 tox\n|-boost|p1a: Torkoal|spe|1\n|\n|-weather|SunnyDay|[upkeep]\n|-heal|p2a: Landorus|86\/100 tox|[from] item: Leftovers\n|-damage|p2a: Landorus|68\/100 tox|[from] psn\n|upkeep\n|turn|4\n|inactive|TheSunKing1 has 120 seconds left.\n|\n|t:|1700561952\n|move|p2a: Landorus|U-turn|p1a: Torkoal\n|-resisted|p1a: Torkoal\n|-damage|p1a: Torkoal|51\/100\n|\n|t:|1700561967\n|switch|p2a: Volcanion|Volcanion|100\/100|[from] U-turn\n|move|p1a: Torkoal|Rapid Spin|p2a: Volcanion\n|-damage|p2a: Volcanion|95\/100\n|-boost|p1a: Torkoal|spe|1\n|\n|-weather|SunnyDay|[upkeep]\n|upkeep\n|turn|5\n|inactive|TheSunKing1 has 120 seconds left.\n|inactive|TheSunKing1 has 90 seconds left.\n|\n|t:|1700562027\n|switch|p1a: Scizor|Scizor, F|100\/100\n|move|p2a: Volcanion|Toxic|p1a: Scizor\n|-immune|p1a: Scizor\n|\n|-weather|SunnyDay|[upkeep]\n|upkeep\n|turn|6\n|\n|t:|1700562040\n|switch|p1a: Houndoom|Houndoom, M|100\/100\n|move|p2a: Volcanion|Flamethrower|p1a: Houndoom\n|-start|p1a: Houndoom|ability: Flash Fire\n|\n|-weather|SunnyDay|[upkeep]\n|upkeep\n|turn|7\n|\n|t:|1700562046\n|detailschange|p1a: Houndoom|Houndoom-Mega, M\n|-mega|p1a: Houndoom|Houndoom|Houndoominite\n|-end|p1a: Houndoom|ability: Flash Fire|[silent]\n|move|p1a: Houndoom|Dark Pulse|p2a: Volcanion\n|-damage|p2a: Volcanion|27\/100\n|move|p2a: Volcanion|Body Press|p1a: Houndoom\n|-supereffective|p1a: Houndoom\n|-crit|p1a: Houndoom\n|-damage|p1a: Houndoom|0 fnt\n|faint|p1a: Houndoom\n|\n|-weather|SunnyDay|[upkeep]\n|upkeep\n|\n|t:|1700562066\n|switch|p1a: Heatran|Heatran, F|100\/100\n|-item|p1a: Heatran|Air Balloon\n|turn|8\n|\n|t:|1700562075\n|move|p1a: Heatran|Earth Power|p2a: Volcanion\n|-supereffective|p2a: Volcanion\n|-damage|p2a: Volcanion|0 fnt\n|faint|p2a: Volcanion\n|\n|-weather|SunnyDay|[upkeep]\n|upkeep\n|\n|t:|1700562083\n|switch|p2a: Landorus|Landorus-Therian, M|68\/100 tox\n|-ability|p2a: Landorus|Intimidate|boost\n|-unboost|p1a: Heatran|atk|1\n|turn|9\n|\n|t:|1700562090\n|move|p1a: Heatran|Magma Storm|p2a: Landorus|[miss]\n|-miss|p1a: Heatran|p2a: Landorus\n|move|p2a: Landorus|U-turn|p1a: Heatran\n|-resisted|p1a: Heatran\n|-damage|p1a: Heatran|95\/100\n|-enditem|p1a: Heatran|Air Balloon\n|\n|t:|1700562097\n|switch|p2a: Zapdos|Zapdos|100\/100|[from] U-turn\n|\n|-weather|none\n|upkeep\n|turn|10\n|\n|t:|1700562103\n|move|p1a: Heatran|Toxic|p2a: Zapdos\n|-status|p2a: Zapdos|tox\n|move|p2a: Zapdos|U-turn|p1a: Heatran\n|-resisted|p1a: Heatran\n|-damage|p1a: Heatran|92\/100\n|\n|t:|1700562105\n|switch|p2a: Landorus|Landorus-Therian, M|68\/100 tox|[from] U-turn\n|-ability|p2a: Landorus|Intimidate|boost\n|-unboost|p1a: Heatran|atk|1\n|\n|-heal|p2a: Landorus|74\/100 tox|[from] item: Leftovers\n|-damage|p2a: Landorus|68\/100 tox|[from] psn\n|upkeep\n|turn|11\n|inactive|TheSunKing1 has 120 seconds left.\n|\n|t:|1700562113\n|switch|p1a: Landorus|Landorus-Therian, M|93\/100\n|-ability|p1a: Landorus|Intimidate|boost\n|-unboost|p2a: Landorus|atk|1\n|move|p2a: Landorus|Stealth Rock|p1a: Landorus\n|-sidestart|p1: TheSunKing1|move: Stealth Rock\n|\n|-heal|p2a: Landorus|74\/100 tox|[from] item: Leftovers\n|-damage|p2a: Landorus|62\/100 tox|[from] psn\n|upkeep\n|turn|12\n|\n|t:|1700562117\n|move|p1a: Landorus|Defog|p2a: Landorus\n|-unboost|p2a: Landorus|evasion|1\n|-sideend|p1: TheSunKing1|Stealth Rock|[from] move: Defog|[of] p1a: Landorus\n|move|p2a: Landorus|U-turn|p1a: Landorus\n|-resisted|p1a: Landorus\n|-crit|p1a: Landorus\n|-damage|p1a: Landorus|77\/100\n|\n|t:|1700562123\n|switch|p2a: Weavile|Weavile, F|100\/100|[from] U-turn\n|-ability|p2a: Weavile|Pressure\n|\n|upkeep\n|turn|13\n|\n|t:|1700562129\n|switch|p1a: Scizor|Scizor, F|100\/100\n|move|p2a: Weavile|Beat Up|p1a: Scizor\n|-damage|p1a: Scizor|90\/100\n|-damage|p1a: Scizor|76\/100\n|-damage|p1a: Scizor|61\/100\n|-hitcount|p1a: Scizor|3\n|\n|upkeep\n|turn|14\n|\n|t:|1700562138\n|switch|p2a: Landorus|Landorus-Therian, M|62\/100 tox\n|-ability|p2a: Landorus|Intimidate|boost\n|-unboost|p1a: Scizor|atk|1\n|move|p1a: Scizor|U-turn|p2a: Landorus\n|-resisted|p2a: Landorus\n|-damage|p2a: Landorus|51\/100 tox\n|\n|t:|1700562157\n|switch|p1a: Heatran|Heatran, F|92\/100|[from] U-turn\n|\n|-heal|p2a: Landorus|57\/100 tox|[from] item: Leftovers\n|-damage|p2a: Landorus|51\/100 tox|[from] psn\n|upkeep\n|turn|15\n|inactive|TheSunKing1 has 120 seconds left.\n|\n|t:|1700562184\n|switch|p1a: Torkoal|Torkoal, M|51\/100\n|-weather|SunnyDay|[from] ability: Drought|[of] p1a: Torkoal\n|move|p2a: Landorus|Earthquake|p1a: Torkoal\n|-supereffective|p1a: Torkoal\n|-damage|p1a: Torkoal|0 fnt\n|faint|p1a: Torkoal\n|\n|-weather|SunnyDay|[upkeep]\n|-heal|p2a: Landorus|57\/100 tox|[from] item: Leftovers\n|-damage|p2a: Landorus|45\/100 tox|[from] psn\n|upkeep\n|inactive|TheSunKing1 has 120 seconds left.\n|\n|t:|1700562189\n|switch|p1a: Leafeon|Leafeon, M|100\/100\n|turn|16\n|\n|t:|1700562194\n|-terastallize|p1a: Leafeon|Fire\n|move|p1a: Leafeon|Swords Dance|p1a: Leafeon\n|-boost|p1a: Leafeon|atk|2\n|move|p2a: Landorus|Stealth Rock|p1a: Leafeon\n|-sidestart|p1: TheSunKing1|move: Stealth Rock\n|\n|-weather|SunnyDay|[upkeep]\n|-heal|p2a: Landorus|51\/100 tox|[from] item: Leftovers\n|-damage|p2a: Landorus|33\/100 tox|[from] psn\n|upkeep\n|turn|17\n|\n|t:|1700562203\n|move|p1a: Leafeon|Tera Blast|p2a: Landorus|[anim] Tera Blast Fire\n|-damage|p2a: Landorus|0 fnt\n|faint|p2a: Landorus\n|-damage|p1a: Leafeon|91\/100|[from] item: Life Orb\n|\n|-weather|SunnyDay|[upkeep]\n|upkeep\n|\n|t:|1700562212\n|switch|p2a: Zapdos|Zapdos|100\/100 tox\n|turn|18\n|\n|t:|1700562225\n|move|p1a: Leafeon|Tera Blast|p2a: Zapdos|[anim] Tera Blast Fire\n|-damage|p2a: Zapdos|0 fnt\n|faint|p2a: Zapdos\n|-damage|p1a: Leafeon|81\/100|[from] item: Life Orb\n|\n|-weather|SunnyDay|[upkeep]\n|upkeep\n|\n|t:|1700562231\n|switch|p2a: Ursaluna|Ursaluna, F|100\/100\n|turn|19\n|\n|t:|1700562238\n|-terastallize|p2a: Ursaluna|Grass\n|move|p1a: Leafeon|Tera Blast|p2a: Ursaluna|[anim] Tera Blast Fire\n|-supereffective|p2a: Ursaluna\n|-damage|p2a: Ursaluna|0 fnt\n|faint|p2a: Ursaluna\n|-damage|p1a: Leafeon|71\/100|[from] item: Life Orb\n|\n|-weather|SunnyDay|[upkeep]\n|upkeep\n|-message|littleht6666 forfeited.\n|\n|win|TheSunKing1\n|raw|TheSunKing1's rating: 1699 &rarr; <strong>1714<\/strong><br \/>(+15 for winning)\n|raw|littleht6666's rating: 1613 &rarr; <strong>1598<\/strong><br \/>(-15 for losing)\n|l|\u2606littleht6666\n","uploadtime":1700563078,"views":11,"p1id":"thesunking1","p2id":"littleht6666","formatid":"gen9nationaldex","rating":1598,"private":0,"password":""}