{"id":"gen9nationaldex-1988470818","p1":"OminousNebulous","p2":"pheromosa's wig","format":"[Gen 9] National Dex","log":"|j|\u2606OminousNebulous\n|j|\u2606pheromosa's wig\n|t:|1699726429\n|gametype|singles\n|player|p1|OminousNebulous|hilbert|\n|player|p2|pheromosa's wig|tulip|\n|teamsize|p1|6\n|teamsize|p2|6\n|gen|9\n|tier|[Gen 9] National Dex\n|rule|HP Percentage Mod: HP is shown in percentages\n|rule|Endless Battle Clause: Forcing endless battles is banned\n|rule|OHKO Clause: OHKO moves are banned\n|rule|Evasion Clause: Evasion abilities, items, and moves are banned\n|rule|Evasion Abilities Clause: Evasion abilities are banned\n|rule|Evasion Items Clause: Evasion items are banned\n|rule|Evasion Moves Clause: Evasion moves are banned\n|rule|Species Clause: Limit one of each Pok\u00e9mon\n|rule|Sleep Clause Mod: Limit one foe put to sleep\n|clearpoke\n|poke|p1|Appletun, F|\n|poke|p1|Latios, M|\n|poke|p1|Heatran, F|\n|poke|p1|Pyukumuku, F|\n|poke|p1|Krookodile, F|\n|poke|p1|Corviknight, M|\n|poke|p2|Xatu, M|\n|poke|p2|Victini|\n|poke|p2|Skarmory, M|\n|poke|p2|Sinistcha|\n|poke|p2|Decidueye-Hisui, F|\n|poke|p2|Meloetta|\n|teampreview\n|\n|t:|1699726471\n|start\n|switch|p1a: random|Krookodile, F|100\/100\n|switch|p2a: zazatu|Xatu, M, shiny|100\/100\n|-ability|p1a: random|Intimidate|boost\n|-unboost|p2a: zazatu|atk|1\n|turn|1\n|\n|t:|1699726485\n|switch|p2a: ROSE TOY \ud83c\udf39|Decidueye-Hisui, F|100\/100\n|move|p1a: random|Knock Off|p2a: ROSE TOY \ud83c\udf39\n|-resisted|p2a: ROSE TOY \ud83c\udf39\n|-damage|p2a: ROSE TOY \ud83c\udf39|75\/100\n|-enditem|p2a: ROSE TOY \ud83c\udf39|Expert Belt|[from] move: Knock Off|[of] p1a: random\n|\n|upkeep\n|turn|2\n|\n|t:|1699726517\n|switch|p1a: davids mother|Appletun, F|100\/100\n|move|p2a: ROSE TOY \ud83c\udf39|Triple Arrows|p1a: davids mother\n|-damage|p1a: davids mother|52\/100\n|\n|-heal|p1a: davids mother|58\/100|[from] item: Leftovers\n|upkeep\n|turn|3\n|\n|t:|1699726539\n|move|p2a: ROSE TOY \ud83c\udf39|Bulk Up|p2a: ROSE TOY \ud83c\udf39\n|-boost|p2a: ROSE TOY \ud83c\udf39|atk|1\n|-boost|p2a: ROSE TOY \ud83c\udf39|def|1\n|move|p1a: davids mother|Dragon Pulse|p2a: ROSE TOY \ud83c\udf39\n|-damage|p2a: ROSE TOY \ud83c\udf39|48\/100\n|\n|-heal|p1a: davids mother|64\/100|[from] item: Leftovers\n|upkeep\n|turn|4\n|\n|t:|1699726548\n|switch|p1a: fodder|Pyukumuku, F|100\/100\n|move|p2a: ROSE TOY \ud83c\udf39|Triple Arrows|p1a: fodder\n|-damage|p1a: fodder|41\/100\n|-unboost|p1a: fodder|def|1\n|\n|-heal|p1a: fodder|47\/100|[from] item: Leftovers\n|upkeep\n|turn|5\n|\n|t:|1699726565\n|move|p2a: ROSE TOY \ud83c\udf39|Leaf Blade|p1a: fodder\n|-supereffective|p1a: fodder\n|-damage|p1a: fodder|0 fnt\n|-damage|p2a: ROSE TOY \ud83c\udf39|2\/100|[from] ability: Innards Out|[of] p1a: fodder\n|faint|p1a: fodder\n|\n|upkeep\n|\n|t:|1699726577\n|switch|p1a: Towers.|Latios, M|100\/100\n|turn|6\n|\n|t:|1699726588\n|detailschange|p1a: Towers.|Latios-Mega, M\n|-mega|p1a: Towers.|Latios|Latiosite\n|move|p2a: ROSE TOY \ud83c\udf39|Sucker Punch|p1a: Towers.\n|-supereffective|p1a: Towers.\n|-damage|p1a: Towers.|17\/100\n|move|p1a: Towers.|Shadow Ball|p2a: ROSE TOY \ud83c\udf39\n|-damage|p2a: ROSE TOY \ud83c\udf39|0 fnt\n|faint|p2a: ROSE TOY \ud83c\udf39\n|\n|upkeep\n|c|\u2606OminousNebulous|my life\n|c|\u2606OminousNebulous|faded\n|c|\u2606OminousNebulous|im faded\n|c|\u2606OminousNebulous|ooooooooh\n|\n|t:|1699726617\n|switch|p2a: TAYLOR SWIFT \u2728|Meloetta|100\/100\n|turn|7\n|j| hattorivt\n|j| UnknownToasted\n|\n|t:|1699726626\n|switch|p1a: CAN THE HEAT \ud83d\udde3|Heatran, F|100\/100\n|-item|p1a: CAN THE HEAT \ud83d\udde3|Air Balloon\n|move|p2a: TAYLOR SWIFT \u2728|Charge Beam|p1a: CAN THE HEAT \ud83d\udde3\n|-damage|p1a: CAN THE HEAT \ud83d\udde3|90\/100\n|-boost|p2a: TAYLOR SWIFT \u2728|spa|1\n|-enditem|p1a: CAN THE HEAT \ud83d\udde3|Air Balloon\n|\n|upkeep\n|turn|8\n|c| hattorivt|ohhhhh\n|c| hattorivt|fadedddd\n|c| UnknownToasted|here for my guy psy!!\n|\n|t:|1699726642\n|move|p2a: TAYLOR SWIFT \u2728|Charge Beam|p1a: CAN THE HEAT \ud83d\udde3\n|-damage|p1a: CAN THE HEAT \ud83d\udde3|71\/100\n|-boost|p2a: TAYLOR SWIFT \u2728|spa|1\n|move|p1a: CAN THE HEAT \ud83d\udde3|Stealth Rock|p2a: TAYLOR SWIFT \u2728\n|-sidestart|p2: pheromosa's wig|move: Stealth Rock\n|\n|upkeep\n|turn|9\n|c| hattorivt|(bwats)\n|c|\u2606OminousNebulous|its over for me blud\n|c|\u2606OminousNebulous|dont be here for me\n|c| UnknownToasted|i believe in you\n|c| UnknownToasted|psy the goat !!!\n|\n|t:|1699726673\n|move|p2a: TAYLOR SWIFT \u2728|Dazzling Gleam|p1a: CAN THE HEAT \ud83d\udde3\n|-resisted|p1a: CAN THE HEAT \ud83d\udde3\n|-damage|p1a: CAN THE HEAT \ud83d\udde3|62\/100\n|move|p1a: CAN THE HEAT \ud83d\udde3|Magma Storm|p2a: TAYLOR SWIFT \u2728\n|-damage|p2a: TAYLOR SWIFT \u2728|78\/100\n|-activate|p2a: TAYLOR SWIFT \u2728|move: Magma Storm|[of] p1a: CAN THE HEAT \ud83d\udde3\n|\n|-damage|p2a: TAYLOR SWIFT \u2728|66\/100|[from] move: Magma Storm|[partiallytrapped]\n|upkeep\n|turn|10\n|\n|t:|1699726682\n|move|p1a: CAN THE HEAT \ud83d\udde3|Protect|p1a: CAN THE HEAT \ud83d\udde3\n|-singleturn|p1a: CAN THE HEAT \ud83d\udde3|Protect\n|move|p2a: TAYLOR SWIFT \u2728|Charge Beam|p1a: CAN THE HEAT \ud83d\udde3\n|-activate|p1a: CAN THE HEAT \ud83d\udde3|move: Protect\n|\n|-damage|p2a: TAYLOR SWIFT \u2728|54\/100|[from] move: Magma Storm|[partiallytrapped]\n|upkeep\n|turn|11\n|c|\u2606OminousNebulous|i am not a staller\n|\n|t:|1699726698\n|move|p2a: TAYLOR SWIFT \u2728|Charge Beam|p1a: CAN THE HEAT \ud83d\udde3\n|-damage|p1a: CAN THE HEAT \ud83d\udde3|38\/100\n|-boost|p2a: TAYLOR SWIFT \u2728|spa|1\n|move|p1a: CAN THE HEAT \ud83d\udde3|Magma Storm|p2a: TAYLOR SWIFT \u2728\n|-damage|p2a: TAYLOR SWIFT \u2728|32\/100\n|\n|-damage|p2a: TAYLOR SWIFT \u2728|19\/100|[from] move: Magma Storm|[partiallytrapped]\n|upkeep\n|turn|12\n|\n|t:|1699726706\n|move|p1a: CAN THE HEAT \ud83d\udde3|Protect|p1a: CAN THE HEAT \ud83d\udde3\n|-singleturn|p1a: CAN THE HEAT \ud83d\udde3|Protect\n|move|p2a: TAYLOR SWIFT \u2728|Dazzling Gleam|p1a: CAN THE HEAT \ud83d\udde3\n|-activate|p1a: CAN THE HEAT \ud83d\udde3|move: Protect\n|\n|-damage|p2a: TAYLOR SWIFT \u2728|7\/100|[from] move: Magma Storm|[partiallytrapped]\n|upkeep\n|turn|13\n|c|\u2606OminousNebulous|i am not a fraud\n|\n|t:|1699726718\n|switch|p1a: random|Krookodile, F|100\/100\n|-ability|p1a: random|Intimidate|boost\n|-unboost|p2a: TAYLOR SWIFT \u2728|atk|1\n|move|p2a: TAYLOR SWIFT \u2728|Charge Beam|p1a: random\n|-immune|p1a: random\n|\n|-end|p2a: TAYLOR SWIFT \u2728|Magma Storm|[partiallytrapped]\n|upkeep\n|turn|14\n|c| UnknownToasted|double protect\n|c| UnknownToasted|sadge\n|c| hattorivt|TJE GIATT!!\n|\n|t:|1699726734\n|move|p1a: random|Knock Off|p2a: TAYLOR SWIFT \u2728\n|-supereffective|p2a: TAYLOR SWIFT \u2728\n|-damage|p2a: TAYLOR SWIFT \u2728|0 fnt\n|-enditem|p2a: TAYLOR SWIFT \u2728|Assault Vest|[from] move: Knock Off|[of] p1a: random\n|faint|p2a: TAYLOR SWIFT \u2728\n|\n|upkeep\n|\n|t:|1699726739\n|switch|p2a: toenail infection|Skarmory, M, shiny|100\/100\n|-damage|p2a: toenail infection|88\/100|[from] Stealth Rock\n|turn|15\n|\n|t:|1699726762\n|switch|p1a: sir yes sir|Corviknight, M|100\/100\n|move|p2a: toenail infection|Defog|p1a: sir yes sir\n|-ability|p1a: sir yes sir|Mirror Armor\n|-unboost|p2a: toenail infection|evasion|1\n|-sideend|p2: pheromosa's wig|Stealth Rock|[from] move: Defog|[of] p2a: toenail infection\n|\n|upkeep\n|turn|16\n|\n|t:|1699726777\n|move|p2a: toenail infection|Iron Defense|p2a: toenail infection\n|-boost|p2a: toenail infection|def|2\n|move|p1a: sir yes sir|Body Press|p2a: toenail infection\n|-damage|p2a: toenail infection|79\/100\n|-damage|p1a: sir yes sir|84\/100|[from] item: Rocky Helmet|[of] p2a: toenail infection\n|\n|-heal|p1a: sir yes sir|90\/100|[from] item: Leftovers\n|upkeep\n|turn|17\n|\n|t:|1699726787\n|move|p2a: toenail infection|Body Press|p1a: sir yes sir\n|-damage|p1a: sir yes sir|62\/100\n|move|p1a: sir yes sir|Tailwind|p1a: sir yes sir\n|-sidestart|p1: OminousNebulous|move: Tailwind\n|\n|-heal|p1a: sir yes sir|68\/100|[from] item: Leftovers\n|upkeep\n|turn|18\n|\n|t:|1699726806\n|switch|p1a: CAN THE HEAT \ud83d\udde3|Heatran, F|38\/100\n|move|p2a: toenail infection|Body Press|p1a: CAN THE HEAT \ud83d\udde3\n|-supereffective|p1a: CAN THE HEAT \ud83d\udde3\n|-damage|p1a: CAN THE HEAT \ud83d\udde3|0 fnt\n|faint|p1a: CAN THE HEAT \ud83d\udde3\n|\n|upkeep\n|\n|t:|1699726812\n|switch|p1a: Towers.|Latios-Mega, M|17\/100\n|turn|19\n|\n|t:|1699726835\n|switch|p2a: zazatu|Xatu, M, shiny|100\/100\n|move|p1a: Towers.|Mystical Fire|p2a: zazatu\n|-damage|p2a: zazatu|65\/100\n|-unboost|p2a: zazatu|spa|1\n|\n|upkeep\n|turn|20\n|\n|t:|1699726877\n|-terastallize|p2a: zazatu|Normal\n|move|p1a: Towers.|Shadow Ball|p2a: zazatu\n|-immune|p2a: zazatu\n|move|p2a: zazatu|Trick Room|p2a: zazatu\n|-fieldstart|move: Trick Room|[of] p2a: zazatu\n|\n|-sideend|p1: OminousNebulous|move: Tailwind\n|upkeep\n|turn|21\n|c|\u2606OminousNebulous|im feeling lonely\n|c|\u2606OminousNebulous|oh i wish i had a lover\n|c|\u2606OminousNebulous|that COULD KILL ME\n|\n|t:|1699726891\n|move|p2a: zazatu|Light Screen|p2a: zazatu\n|-sidestart|p2: pheromosa's wig|move: Light Screen\n|move|p1a: Towers.|Ice Beam|p2a: zazatu\n|-damage|p2a: zazatu|43\/100\n|\n|upkeep\n|turn|22\n|c| hattorivt|i guess i should\n|c| hattorivt|i dont the song man\n|\n|t:|1699726910\n|switch|p2a: satanic ritual|Sinistcha, shiny|100\/100\n|move|p1a: Towers.|Ice Beam|p2a: satanic ritual\n|-supereffective|p2a: satanic ritual\n|-damage|p2a: satanic ritual|65\/100\n|\n|-heal|p2a: satanic ritual|71\/100|[from] item: Leftovers\n|upkeep\n|turn|23\n|c| hattorivt|i gave a second chance to cupiddd\n|\n|t:|1699726929\n|move|p2a: satanic ritual|Shadow Ball|p1a: Towers.\n|-supereffective|p1a: Towers.\n|-damage|p1a: Towers.|0 fnt\n|faint|p1a: Towers.\n|\n|-heal|p2a: satanic ritual|77\/100|[from] item: Leftovers\n|upkeep\n|\n|t:|1699726943\n|switch|p1a: davids mother|Appletun, F|64\/100\n|turn|24\n|c| hattorivt|now i am left here feeling feeling stupid\n|\n|t:|1699726951\n|move|p1a: davids mother|Apple Acid|p2a: satanic ritual\n|-resisted|p2a: satanic ritual\n|-damage|p2a: satanic ritual|71\/100\n|-unboost|p2a: satanic ritual|spd|1\n|move|p2a: satanic ritual|Calm Mind|p2a: satanic ritual\n|-boost|p2a: satanic ritual|spa|1\n|-boost|p2a: satanic ritual|spd|1\n|\n|-heal|p1a: davids mother|70\/100|[from] item: Leftovers\n|-heal|p2a: satanic ritual|77\/100|[from] item: Leftovers\n|-fieldend|move: Trick Room\n|upkeep\n|turn|25\n|c| UnknownToasted|gyulp\n|\n|t:|1699726962\n|move|p2a: satanic ritual|Matcha Gotcha|p1a: davids mother|[miss]\n|-miss|p2a: satanic ritual|p1a: davids mother\n|move|p1a: davids mother|Dragon Pulse|p2a: satanic ritual\n|-damage|p2a: satanic ritual|60\/100\n|\n|-heal|p2a: satanic ritual|66\/100|[from] item: Leftovers\n|-heal|p1a: davids mother|76\/100|[from] item: Leftovers\n|upkeep\n|turn|26\n|\n|t:|1699726972\n|move|p2a: satanic ritual|Matcha Gotcha|p1a: davids mother\n|-resisted|p1a: davids mother\n|-damage|p1a: davids mother|66\/100\n|-heal|p2a: satanic ritual|73\/100|[from] drain|[of] p1a: davids mother\n|-status|p1a: davids mother|brn\n|move|p1a: davids mother|Dragon Pulse|p2a: satanic ritual\n|-damage|p2a: satanic ritual|58\/100\n|\n|-heal|p2a: satanic ritual|64\/100|[from] item: Leftovers\n|-heal|p1a: davids mother|72\/100 brn|[from] item: Leftovers\n|-damage|p1a: davids mother|66\/100 brn|[from] brn\n|upkeep\n|turn|27\n|\n|t:|1699726985\n|switch|p1a: sir yes sir|Corviknight, M|68\/100\n|move|p2a: satanic ritual|Matcha Gotcha|p1a: sir yes sir\n|-resisted|p1a: sir yes sir\n|-crit|p1a: sir yes sir\n|-damage|p1a: sir yes sir|46\/100\n|-heal|p2a: satanic ritual|79\/100|[from] drain|[of] p1a: sir yes sir\n|\n|-heal|p1a: sir yes sir|53\/100|[from] item: Leftovers\n|-heal|p2a: satanic ritual|85\/100|[from] item: Leftovers\n|upkeep\n|turn|28\n|j| GrandDadx\n|c| GrandDadx|this 1v1 sucks\n|l| GrandDadx\n|c| hattorivt|ohhhhh cupid is so dumbbb\n|\n|t:|1699726998\n|switch|p1a: davids mother|Appletun, F|66\/100 brn\n|switch|p2a: toenail infection|Skarmory, M, shiny|79\/100\n|\n|-heal|p1a: davids mother|72\/100 brn|[from] item: Leftovers\n|-damage|p1a: davids mother|66\/100 brn|[from] brn\n|-sideend|p2: pheromosa's wig|move: Light Screen\n|upkeep\n|turn|29\n|\n|t:|1699727010\n|switch|p2a: satanic ritual|Sinistcha, shiny|85\/100\n|move|p1a: davids mother|Leech Seed|p2a: satanic ritual\n|-immune|p2a: satanic ritual\n|\n|-heal|p2a: satanic ritual|91\/100|[from] item: Leftovers\n|-heal|p1a: davids mother|72\/100 brn|[from] item: Leftovers\n|-damage|p1a: davids mother|66\/100 brn|[from] brn\n|upkeep\n|turn|30\n|c| UnknownToasted|who the fudgecakes\n|c| UnknownToasted|is grandadx\n|c| UnknownToasted|???\n|\n|t:|1699727022\n|switch|p1a: random|Krookodile, F|100\/100\n|-ability|p1a: random|Intimidate|boost\n|-unboost|p2a: satanic ritual|atk|1\n|move|p2a: satanic ritual|Matcha Gotcha|p1a: random\n|-supereffective|p1a: random\n|-damage|p1a: random|0 fnt\n|-heal|p2a: satanic ritual|100\/100|[from] drain|[of] p1a: random\n|faint|p1a: random\n|\n|upkeep\n|c|\u2606OminousNebulous|my goat\n|\n|t:|1699727028\n|switch|p1a: sir yes sir|Corviknight, M|53\/100\n|turn|31\n|j| grandadz\n|\n|t:|1699727032\n|move|p1a: sir yes sir|Roost|p1a: sir yes sir\n|-heal|p1a: sir yes sir|100\/100\n|-singleturn|p1a: sir yes sir|move: Roost\n|move|p2a: satanic ritual|Calm Mind|p2a: satanic ritual\n|-boost|p2a: satanic ritual|spa|1\n|-boost|p2a: satanic ritual|spd|1\n|\n|upkeep\n|turn|32\n|\n|t:|1699727040\n|move|p1a: sir yes sir|Brave Bird|p2a: satanic ritual\n|-supereffective|p2a: satanic ritual\n|-damage|p2a: satanic ritual|24\/100\n|-damage|p1a: sir yes sir|81\/100|[from] Recoil\n|move|p2a: satanic ritual|Shadow Ball|p1a: sir yes sir\n|-damage|p1a: sir yes sir|23\/100\n|\n|-heal|p1a: sir yes sir|29\/100|[from] item: Leftovers\n|-heal|p2a: satanic ritual|30\/100|[from] item: Leftovers\n|upkeep\n|turn|33\n|j| GrandDadx\n|c| UnknownToasted|grandadz??\n|c| GrandDadx|gradndadz\n|c| GrandDadx|who are you\n|c| hattorivt|i guess i should take it with a smileeeee\n|c|\u2606OminousNebulous|i\n|c| GrandDadx|random\n|c|\u2606OminousNebulous|totally forgot\n|c|\u2606OminousNebulous|you terad\n|c| UnknownToasted|XYZ holy\n|c|\u2606OminousNebulous|earlier\n|\n|t:|1699727052\n|switch|p2a: toenail infection|Skarmory, M, shiny|79\/100\n|move|p1a: sir yes sir|Brave Bird|p2a: toenail infection\n|-resisted|p2a: toenail infection\n|-damage|p2a: toenail infection|64\/100\n|-damage|p1a: sir yes sir|13\/100|[from] item: Rocky Helmet|[of] p2a: toenail infection\n|-damage|p1a: sir yes sir|9\/100|[from] Recoil\n|\n|-heal|p1a: sir yes sir|15\/100|[from] item: Leftovers\n|upkeep\n|turn|34\n|\n|t:|1699727062\n|move|p2a: toenail infection|Iron Defense|p2a: toenail infection\n|-boost|p2a: toenail infection|def|2\n|move|p1a: sir yes sir|Roost|p1a: sir yes sir\n|-heal|p1a: sir yes sir|65\/100\n|-singleturn|p1a: sir yes sir|move: Roost\n|\n|-heal|p1a: sir yes sir|71\/100|[from] item: Leftovers\n|upkeep\n|turn|35\n|c| UnknownToasted|psy\n|c| GrandDadx|its over psy\n|c| UnknownToasted|is it joeover...\n|\n|t:|1699727072\n|move|p2a: toenail infection|Iron Defense|p2a: toenail infection\n|-boost|p2a: toenail infection|def|2\n|move|p1a: sir yes sir|Body Press|p2a: toenail infection\n|-damage|p2a: toenail infection|57\/100\n|-damage|p1a: sir yes sir|55\/100|[from] item: Rocky Helmet|[of] p2a: toenail infection\n|\n|-heal|p1a: sir yes sir|61\/100|[from] item: Leftovers\n|upkeep\n|turn|36\n|\n|t:|1699727080\n|move|p2a: toenail infection|Body Press|p1a: sir yes sir\n|-damage|p1a: sir yes sir|16\/100\n|move|p1a: sir yes sir|Tailwind|p1a: sir yes sir\n|-sidestart|p1: OminousNebulous|move: Tailwind\n|\n|-heal|p1a: sir yes sir|22\/100|[from] item: Leftovers\n|upkeep\n|turn|37\n|c|\u2606OminousNebulous|my mother once said\n|c|\u2606OminousNebulous|if youre a failure\n|c| GrandDadx|running body press corv without iron defense\n|c|\u2606OminousNebulous|dont be a fraud in your last moments\n|c| GrandDadx|:sob:\n|\n|t:|1699727091\n|move|p1a: sir yes sir|Roost|p1a: sir yes sir\n|-heal|p1a: sir yes sir|72\/100\n|-singleturn|p1a: sir yes sir|move: Roost\n|move|p2a: toenail infection|Iron Defense|p2a: toenail infection\n|-boost|p2a: toenail infection|def|2\n|\n|-heal|p1a: sir yes sir|78\/100|[from] item: Leftovers\n|upkeep\n|turn|38\n|c| hattorivt|hey thats me\n|\n|t:|1699727100\n|move|p1a: sir yes sir|Body Press|p2a: toenail infection\n|-damage|p2a: toenail infection|52\/100\n|-damage|p1a: sir yes sir|62\/100|[from] item: Rocky Helmet|[of] p2a: toenail infection\n|move|p2a: toenail infection|Body Press|p1a: sir yes sir\n|-damage|p1a: sir yes sir|5\/100\n|\n|-heal|p1a: sir yes sir|11\/100|[from] item: Leftovers\n|upkeep\n|turn|39\n|c| GrandDadx|No\n|\n|t:|1699727108\n|switch|p1a: davids mother|Appletun, F|66\/100 brn\n|move|p2a: toenail infection|Body Press|p1a: davids mother\n|-damage|p1a: davids mother|0 fnt\n|faint|p1a: davids mother\n|\n|-sideend|p1: OminousNebulous|move: Tailwind\n|upkeep\n|\n|t:|1699727113\n|switch|p1a: sir yes sir|Corviknight, M|11\/100\n|turn|40\n|c| UnknownToasted|its joeover\n|c|\u2606OminousNebulous|remember guys\n|l| hattorivt\n|c|\u2606OminousNebulous|iron defense skarmory\n|c|\u2606OminousNebulous|waaaaaaaaaaaaaaah\n|\n|t:|1699727127\n|move|p2a: toenail infection|Body Press|p1a: sir yes sir\n|-damage|p1a: sir yes sir|0 fnt\n|faint|p1a: sir yes sir\n|\n|win|pheromosa's wig\n|c| GrandDadx|its\n|c|\u2606pheromosa's wig|gg\n|c| GrandDadx|worse corvi\n|c|\u2606OminousNebulous|killing myself\n|c| UnknownToasted|:salute:\n|l|\u2606OminousNebulous\n","uploadtime":1699727139,"views":12,"p1id":"ominousnebulous","p2id":"pheromosaswig","formatid":"gen9nationaldex","rating":0,"private":0,"password":""}