{"id":"gen9nationaldex-1998521943","p1":"Poopinho","p2":"Georgekittle4mvp","format":"[Gen 9] National Dex","log":"|html|<div class=\"broadcast-blue\"><strong>[Gen 9] National Dex is currently suspecting Sneasler! For information on how to participate check out the <a href=\"https:\/\/www.smogon.com\/forums\/threads\/sv-national-dex-suspect-8-just-dance.3731534\/\">suspect thread<\/a>.<\/strong><\/div>\n|j|\u2606Poopinho\n|j|\u2606Georgekittle4mvp\n|t:|1700951857\n|gametype|singles\n|player|p1|Poopinho|dancer|1020\n|player|p2|Georgekittle4mvp|lance|1101\n|teamsize|p1|6\n|teamsize|p2|6\n|gen|9\n|tier|[Gen 9] National Dex\n|rated|\n|rule|HP Percentage Mod: HP is shown in percentages\n|rule|Endless Battle Clause: Forcing endless battles is banned\n|rule|OHKO Clause: OHKO moves are banned\n|rule|Evasion Clause: Evasion abilities, items, and moves are banned\n|rule|Evasion Abilities Clause: Evasion abilities are banned\n|rule|Evasion Items Clause: Evasion items are banned\n|rule|Evasion Moves Clause: Evasion moves are banned\n|rule|Species Clause: Limit one of each Pok\u00e9mon\n|rule|Sleep Clause Mod: Limit one foe put to sleep\n|clearpoke\n|poke|p1|Snorlax, F|\n|poke|p1|Hippowdon, F|\n|poke|p1|Garbodor, F|\n|poke|p1|Wailord, F|\n|poke|p1|Emboar, F|\n|poke|p1|Kangaskhan, F|\n|poke|p2|Tyranitar, M|\n|poke|p2|Garchomp, M|\n|poke|p2|Venusaur, F|\n|poke|p2|Zamazenta-*|\n|poke|p2|Corviknight, M|\n|poke|p2|Ting-Lu|\n|teampreview\n|inactive|Battle timer is ON: inactive players will automatically lose when time's up. (requested by Georgekittle4mvp)\n|\n|t:|1700951866\n|start\n|switch|p1a: Your mom \ud83d\ude33|Emboar, F|100\/100\n|switch|p2a: Garganacl buster|Venusaur, F|100\/100\n|turn|1\n|inactive|Georgekittle4mvp has 120 seconds left.\n|c|\u2606Georgekittle4mvp|Bro you have a freakin stretch on Mark your shirt dont be talking  shit about people's moms\n|\n|t:|1700951910\n|move|p2a: Garganacl buster|Earth Power|p1a: Your mom \ud83d\ude33\n|-supereffective|p1a: Your mom \ud83d\ude33\n|-damage|p1a: Your mom \ud83d\ude33|56\/100\n|move|p1a: Your mom \ud83d\ude33|Flare Blitz|p2a: Garganacl buster\n|-supereffective|p2a: Garganacl buster\n|-damage|p2a: Garganacl buster|0 fnt\n|faint|p2a: Garganacl buster\n|-damage|p1a: Your mom \ud83d\ude33|29\/100|[from] Recoil\n|\n|upkeep\n|\n|t:|1700951920\n|switch|p2a: Zamazenta|Zamazenta|100\/100\n|-ability|p2a: Zamazenta|Dauntless Shield|boost\n|-boost|p2a: Zamazenta|def|1\n|turn|2\n|c|\u2606Poopinho|\ud83d\ude28\n|c|\u2606Poopinho|How do u know\n|\n|t:|1700951937\n|move|p2a: Zamazenta|Psychic Fangs|p1a: Your mom \ud83d\ude33\n|-supereffective|p1a: Your mom \ud83d\ude33\n|-damage|p1a: Your mom \ud83d\ude33|0 fnt\n|faint|p1a: Your mom \ud83d\ude33\n|\n|upkeep\n|\n|t:|1700951946\n|switch|p1a: You're mom|Garbodor, F|100\/100\n|turn|3\n|c|\u2606Georgekittle4mvp|Cant even see yoyr own Johnson\n|\n|t:|1700951952\n|move|p2a: Zamazenta|Psychic Fangs|p1a: You're mom\n|-supereffective|p1a: You're mom\n|-damage|p1a: You're mom|27\/100\n|-ability|p1a: You're mom|Weak Armor|boost\n|-unboost|p1a: You're mom|def|1\n|-boost|p1a: You're mom|spe|2\n|-enditem|p1a: You're mom|Weakness Policy\n|-boost|p1a: You're mom|atk|2|[from] item: Weakness Policy\n|-boost|p1a: You're mom|spa|2|[from] item: Weakness Policy\n|move|p1a: You're mom|Clear Smog|p2a: Zamazenta\n|-damage|p2a: Zamazenta|80\/100\n|-clearboost|p2a: Zamazenta\n|\n|upkeep\n|turn|4\n|\n|t:|1700951969\n|move|p1a: You're mom|Protect|p1a: You're mom\n|-singleturn|p1a: You're mom|Protect\n|move|p2a: Zamazenta|Psychic Fangs|p1a: You're mom\n|-activate|p1a: You're mom|move: Protect\n|\n|upkeep\n|turn|5\n|\n|t:|1700951976\n|move|p1a: You're mom|Gunk Shot|p2a: Zamazenta\n|-damage|p2a: Zamazenta|0 fnt\n|faint|p2a: Zamazenta\n|\n|upkeep\n|\n|t:|1700951983\n|switch|p2a: Volundr|Ting-Lu|100\/100\n|-ability|p2a: Volundr|Vessel of Ruin\n|turn|6\n|c|\u2606Poopinho|\ud83d\ude30\n|c|\u2606Poopinho|R u a spy or something\n|c|\u2606Georgekittle4mvp|Sure kid\n|\n|t:|1700952004\n|move|p1a: You're mom|Gunk Shot|p2a: Volundr|[miss]\n|-miss|p1a: You're mom|p2a: Volundr\n|move|p2a: Volundr|Earthquake|p1a: You're mom\n|-supereffective|p1a: You're mom\n|-damage|p1a: You're mom|0 fnt\n|faint|p1a: You're mom\n|\n|upkeep\n|\n|t:|1700952010\n|switch|p1a: U and ur mom|Kangaskhan, F|100\/100\n|turn|7\n|c|\u2606Georgekittle4mvp|Bro dont even know what ivs are\n|\n|t:|1700952028\n|move|p1a: U and ur mom|Fake Out|p2a: Volundr\n|-damage|p2a: Volundr|90\/100\n|cant|p2a: Volundr|flinch\n|\n|upkeep\n|turn|8\n|c|\u2606Poopinho|Intravenous\n|\n|t:|1700952044\n|move|p1a: U and ur mom|Brick Break|p2a: Volundr\n|-supereffective|p2a: Volundr\n|-damage|p2a: Volundr|64\/100\n|move|p2a: Volundr|Taunt|p1a: U and ur mom\n|-start|p1a: U and ur mom|move: Taunt\n|\n|upkeep\n|turn|9\n|c|\u2606Georgekittle4mvp|Iva in pokemo  Dumbass\n|\n|t:|1700952065\n|switch|p2a: Better skarmory|Corviknight, M, shiny|100\/100\n|move|p1a: U and ur mom|Brick Break|p2a: Better skarmory\n|-damage|p2a: Better skarmory|82\/100\n|\n|-heal|p2a: Better skarmory|88\/100|[from] item: Leftovers\n|upkeep\n|turn|10\n|c|\u2606Poopinho|I had an IV last week\n|c|\u2606Georgekittle4mvp|Oh\n|c|\u2606Georgekittle4mvp|Damn\n|c|\u2606Poopinho|The doctors say i have a disease\n|c|\u2606Georgekittle4mvp|Im a shitty person\n|c|\u2606Poopinho|But I find that hard to believe\n|inactive|Georgekittle4mvp has 120 seconds left.\n|c|\u2606Poopinho|You're the best \ud83c\udfc6\n|\n|t:|1700952100\n|-terastallize|p2a: Better skarmory|Bug\n|move|p2a: Better skarmory|U-turn|p1a: U and ur mom\n|-damage|p1a: U and ur mom|78\/100\n|\n|t:|1700952106\n|switch|p2a: Sahara|Garchomp, M|100\/100|[from] U-turn\n|move|p1a: U and ur mom|Brick Break|p2a: Sahara\n|-damage|p2a: Sahara|78\/100\n|-activate|p2a: Sahara|ability: Rough Skin\n|-activate|p1a: U and ur mom|item: Protective Pads\n|\n|upkeep\n|turn|11\n|\n|t:|1700952120\n|move|p2a: Sahara|Swords Dance|p2a: Sahara\n|-boost|p2a: Sahara|atk|2\n|move|p1a: U and ur mom|Return|p2a: Sahara\n|-damage|p2a: Sahara|35\/100\n|-activate|p2a: Sahara|ability: Rough Skin\n|-activate|p1a: U and ur mom|item: Protective Pads\n|\n|-end|p1a: U and ur mom|move: Taunt\n|upkeep\n|turn|12\n|\n|t:|1700952131\n|move|p1a: U and ur mom|Sucker Punch|p2a: Sahara\n|-damage|p2a: Sahara|14\/100\n|-activate|p2a: Sahara|ability: Rough Skin\n|-activate|p1a: U and ur mom|item: Protective Pads\n|move|p2a: Sahara|Earthquake|p1a: U and ur mom\n|-damage|p1a: U and ur mom|0 fnt\n|faint|p1a: U and ur mom\n|\n|upkeep\n|c|\u2606Georgekittle4mvp|So are you sick?\n|inactive|Poopinho has 120 seconds left.\n|\n|t:|1700952159\n|switch|p1a: Ur mom|Hippowdon, F|100\/100\n|-weather|Sandstorm|[from] ability: Sand Stream|[of] p1a: Ur mom\n|turn|13\n|inactive|Georgekittle4mvp has 120 seconds left.\n|c|\u2606Georgekittle4mvp|Wait a minute\n|c|\u2606Poopinho|Only in the head \ud83d\ude08\n|c|\u2606Georgekittle4mvp|Auggghhhhhhhh\n|c|\u2606Georgekittle4mvp|Go fuck a goat\n|\n|t:|1700952190\n|switch|p2a: Better skarmory|Corviknight, M, shiny, tera:Bug|88\/100\n|-terastallize|p1a: Ur mom|Grass\n|move|p1a: Ur mom|Earthquake|p2a: Better skarmory\n|-resisted|p2a: Better skarmory\n|-damage|p2a: Better skarmory|72\/100\n|\n|-weather|Sandstorm|[upkeep]\n|-damage|p2a: Better skarmory|66\/100|[from] Sandstorm\n|-damage|p1a: Ur mom|94\/100|[from] Sandstorm\n|-heal|p2a: Better skarmory|72\/100|[from] item: Leftovers\n|upkeep\n|turn|14\n|c|\u2606Poopinho|Again? Why?\n|inactive|Poopinho has 120 seconds left.\n|inactive|Georgekittle4mvp has 90 seconds left.\n|c|\u2606Georgekittle4mvp|Cause  instead  of hot milds\n|c|\u2606Georgekittle4mvp|You can do it with goats\n|\n|t:|1700952221\n|switch|p1a: Your mom \ud83d\udc33|Wailord, F|100\/100\n|move|p2a: Better skarmory|U-turn|p1a: Your mom \ud83d\udc33\n|-damage|p1a: Your mom \ud83d\udc33|82\/100\n|c|\u2606Poopinho|For free????\n|c|\u2606Poopinho|Where?\n|\n|t:|1700952230\n|switch|p2a: Volundr|Ting-Lu|64\/100|[from] U-turn\n|-ability|p2a: Volundr|Vessel of Ruin\n|\n|-weather|Sandstorm|[upkeep]\n|-damage|p1a: Your mom \ud83d\udc33|75\/100|[from] Sandstorm\n|-heal|p1a: Your mom \ud83d\udc33|82\/100|[from] item: Leftovers\n|upkeep\n|turn|15\n|c|\u2606Georgekittle4mvp|In jersey\n|\n|t:|1700952249\n|move|p1a: Your mom \ud83d\udc33|Water Spout|p2a: Volundr\n|-supereffective|p2a: Volundr\n|-damage|p2a: Volundr|28\/100\n|move|p2a: Volundr|Stealth Rock|p1a: Your mom \ud83d\udc33\n|-sidestart|p1: Poopinho|move: Stealth Rock\n|\n|-weather|Sandstorm|[upkeep]\n|-damage|p1a: Your mom \ud83d\udc33|75\/100|[from] Sandstorm\n|-heal|p1a: Your mom \ud83d\udc33|82\/100|[from] item: Leftovers\n|upkeep\n|turn|16\n|c|\u2606Poopinho|I knew it, that's such a jersey thing to do\n|inactive|Georgekittle4mvp has 60 seconds left.\n|\n|t:|1700952274\n|move|p1a: Your mom \ud83d\udc33|Water Spout|p2a: Volundr\n|-supereffective|p2a: Volundr\n|-damage|p2a: Volundr|0 fnt\n|faint|p2a: Volundr\n|\n|-weather|Sandstorm|[upkeep]\n|-damage|p1a: Your mom \ud83d\udc33|75\/100|[from] Sandstorm\n|-heal|p1a: Your mom \ud83d\udc33|82\/100|[from] item: Leftovers\n|upkeep\n|\n|t:|1700952288\n|switch|p2a: Sahara|Garchomp, M|14\/100\n|turn|17\n|c|\u2606Georgekittle4mvp|You realize  abella is a mild\n|\n|t:|1700952302\n|move|p2a: Sahara|Earthquake|p1a: Your mom \ud83d\udc33\n|-damage|p1a: Your mom \ud83d\udc33|37\/100\n|move|p1a: Your mom \ud83d\udc33|Toxic|p2a: Sahara\n|-status|p2a: Sahara|tox\n|-enditem|p2a: Sahara|Lum Berry|[eat]\n|-curestatus|p2a: Sahara|tox|[msg]\n|\n|-weather|none\n|-heal|p1a: Your mom \ud83d\udc33|44\/100|[from] item: Leftovers\n|upkeep\n|turn|18\n|c|\u2606Poopinho|Oh lum berry\n|c|\u2606Georgekittle4mvp|Yep\n|\n|t:|1700952320\n|move|p2a: Sahara|Dragon Claw|p1a: Your mom \ud83d\udc33\n|-damage|p1a: Your mom \ud83d\udc33|10\/100\n|move|p1a: Your mom \ud83d\udc33|Toxic|p2a: Sahara\n|-status|p2a: Sahara|tox\n|\n|-heal|p1a: Your mom \ud83d\udc33|16\/100|[from] item: Leftovers\n|-damage|p2a: Sahara|8\/100 tox|[from] psn\n|upkeep\n|turn|19\n|c|\u2606Poopinho|Who's abela\n|c|\u2606Georgekittle4mvp|Look it up\n|c|\u2606Georgekittle4mvp|Her*\n|\n|t:|1700952341\n|move|p2a: Sahara|Earthquake|p1a: Your mom \ud83d\udc33\n|-damage|p1a: Your mom \ud83d\udc33|0 fnt\n|faint|p1a: Your mom \ud83d\udc33\n|\n|-damage|p2a: Sahara|0 fnt|[from] psn\n|faint|p2a: Sahara\n|upkeep\n|inactive|Poopinho has 120 seconds left.\n|c|\u2606Poopinho|I remember abella anderson from back in the day\n|\n|t:|1700952362\n|switch|p2a: Better skarmory|Corviknight, M, shiny, tera:Bug|72\/100\n|switch|p1a: Your mom|Snorlax, F|100\/100\n|-damage|p1a: Your mom|88\/100|[from] Stealth Rock\n|turn|20\n|\n|t:|1700952372\n|move|p2a: Better skarmory|Bulk Up|p2a: Better skarmory\n|-boost|p2a: Better skarmory|atk|1\n|-boost|p2a: Better skarmory|def|1\n|-zpower|p1a: Your mom\n|move|p1a: Your mom|Pulverizing Pancake|p2a: Better skarmory|[zeffect]\n|-damage|p2a: Better skarmory|10\/100\n|\n|-heal|p2a: Better skarmory|16\/100|[from] item: Leftovers\n|upkeep\n|turn|21\n|\n|t:|1700952386\n|move|p2a: Better skarmory|Roost|p2a: Better skarmory\n|-heal|p2a: Better skarmory|66\/100\n|move|p1a: Your mom|Darkest Lariat|p2a: Better skarmory\n|-damage|p2a: Better skarmory|42\/100\n|\n|-heal|p2a: Better skarmory|48\/100|[from] item: Leftovers\n|upkeep\n|turn|22\n|\n|t:|1700952394\n|move|p2a: Better skarmory|Bulk Up|p2a: Better skarmory\n|-boost|p2a: Better skarmory|atk|1\n|-boost|p2a: Better skarmory|def|1\n|move|p1a: Your mom|Darkest Lariat|p2a: Better skarmory\n|-damage|p2a: Better skarmory|23\/100\n|\n|-heal|p2a: Better skarmory|29\/100|[from] item: Leftovers\n|upkeep\n|turn|23\n|c|\u2606Poopinho|Crit get\n|inactive|Georgekittle4mvp has 60 seconds left.\n|\n|t:|1700952404\n|move|p2a: Better skarmory|Roost|p2a: Better skarmory\n|-heal|p2a: Better skarmory|79\/100\n|move|p1a: Your mom|Darkest Lariat|p2a: Better skarmory\n|-damage|p2a: Better skarmory|57\/100\n|\n|-heal|p2a: Better skarmory|63\/100|[from] item: Leftovers\n|upkeep\n|turn|24\n|c|\u2606Poopinho|Crit get\n|inactive|Georgekittle4mvp has 60 seconds left.\n|\n|t:|1700952416\n|move|p2a: Better skarmory|Bulk Up|p2a: Better skarmory\n|-boost|p2a: Better skarmory|atk|1\n|-boost|p2a: Better skarmory|def|1\n|move|p1a: Your mom|Darkest Lariat|p2a: Better skarmory\n|-damage|p2a: Better skarmory|40\/100\n|\n|-heal|p2a: Better skarmory|47\/100|[from] item: Leftovers\n|upkeep\n|turn|25\n|\n|t:|1700952442\n|move|p2a: Better skarmory|Roost|p2a: Better skarmory\n|-heal|p2a: Better skarmory|97\/100\n|move|p1a: Your mom|Darkest Lariat|p2a: Better skarmory\n|-damage|p2a: Better skarmory|71\/100\n|\n|-heal|p2a: Better skarmory|77\/100|[from] item: Leftovers\n|upkeep\n|turn|26\n|c|\u2606Georgekittle4mvp|FYI i have sand team\n|\n|t:|1700952452\n|move|p2a: Better skarmory|U-turn|p1a: Your mom\n|-damage|p1a: Your mom|46\/100\n|\n|t:|1700952456\n|switch|p2a: Apophis|Tyranitar, M|100\/100|[from] U-turn\n|-weather|Sandstorm|[from] ability: Sand Stream|[of] p2a: Apophis\n|move|p1a: Your mom|Darkest Lariat|p2a: Apophis\n|-resisted|p2a: Apophis\n|-damage|p2a: Apophis|87\/100\n|\n|-weather|Sandstorm|[upkeep]\n|-damage|p1a: Your mom|40\/100|[from] Sandstorm\n|upkeep\n|turn|27\n|c|\u2606Poopinho|Dam\n|\n|t:|1700952470\n|move|p2a: Apophis|Dragon Dance|p2a: Apophis\n|-boost|p2a: Apophis|atk|1\n|-boost|p2a: Apophis|spe|1\n|move|p1a: Your mom|Rest|p1a: Your mom\n|-status|p1a: Your mom|slp|[from] move: Rest\n|-heal|p1a: Your mom|100\/100 slp|[silent]\n|\n|-weather|Sandstorm|[upkeep]\n|-damage|p1a: Your mom|94\/100 slp|[from] Sandstorm\n|upkeep\n|turn|28\n|c|\u2606Georgekittle4mvp|Now your pissibg me off\n|\n|t:|1700952485\n|switch|p1a: Ur mom|Hippowdon, F, tera:Grass|94\/100\n|-damage|p1a: Ur mom|82\/100|[from] Stealth Rock\n|detailschange|p2a: Apophis|Tyranitar-Mega, M\n|-mega|p2a: Apophis|Tyranitar|Tyranitarite\n|move|p2a: Apophis|Stone Edge|p1a: Ur mom\n|-damage|p1a: Ur mom|19\/100\n|\n|-weather|Sandstorm|[upkeep]\n|-damage|p1a: Ur mom|13\/100|[from] Sandstorm\n|upkeep\n|turn|29\n|c|\u2606Poopinho|I won't give up\n|c|\u2606Poopinho|If i lose i have to do the thug shake\n|\n|t:|1700952511\n|move|p2a: Apophis|Crunch|p1a: Ur mom\n|-damage|p1a: Ur mom|0 fnt\n|faint|p1a: Ur mom\n|\n|-weather|Sandstorm|[upkeep]\n|upkeep\n|\n|t:|1700952514\n|switch|p1a: Your mom|Snorlax, F|94\/100 slp\n|-damage|p1a: Your mom|82\/100 slp|[from] Stealth Rock\n|turn|30\n|c|\u2606Georgekittle4mvp|Which u are\n|c|\u2606Poopinho|NO\n|c|\u2606Poopinho|PLEASE\n|c|\u2606Poopinho|FORFEIT\n|c|\u2606Georgekittle4mvp|Bye bye\n|\n|t:|1700952534\n|move|p2a: Apophis|Stone Edge|p1a: Your mom|[miss]\n|-miss|p2a: Apophis|p1a: Your mom\n|cant|p1a: Your mom|slp\n|move|p1a: Your mom|Sleep Talk|p1a: Your mom\n|move|p1a: Your mom|Rest||[from]move: Sleep Talk|[still]\n|-fail|p1a: Your mom\n|\n|-weather|none\n|upkeep\n|turn|31\n|c|\u2606Poopinho|I DON'T WANT TO DO THE THUG SHAKE\n|c|\u2606Georgekittle4mvp|Do it\n|c|\u2606Poopinho|\ud83d\ude28\n|inactive|Georgekittle4mvp has 60 seconds left.\n|c|\u2606Georgekittle4mvp|DO IT!!!!\n|\n|t:|1700952554\n|move|p2a: Apophis|Stone Edge|p1a: Your mom\n|-damage|p1a: Your mom|9\/100 slp\n|cant|p1a: Your mom|slp\n|move|p1a: Your mom|Sleep Talk|p1a: Your mom\n|move|p1a: Your mom|Darkest Lariat|p2a: Apophis|[from]move: Sleep Talk\n|-resisted|p2a: Apophis\n|-damage|p2a: Apophis|77\/100\n|\n|upkeep\n|turn|32\n|inactive|Georgekittle4mvp has 60 seconds left.\n|c|\u2606Poopinho|NOOO \ud83d\ude2d\n|\n|t:|1700952564\n|move|p2a: Apophis|Crunch|p1a: Your mom\n|-damage|p1a: Your mom|0 fnt\n|faint|p1a: Your mom\n|\n|win|Georgekittle4mvp\n|raw|Poopinho's rating: 1020 &rarr; <strong>1010<\/strong><br \/>(-10 for losing)\n|raw|Georgekittle4mvp's rating: 1101 &rarr; <strong>1120<\/strong><br \/>(+19 for winning)\n","uploadtime":1700952186,"views":1,"p1id":"poopinho","p2id":"georgekittle4mvp","formatid":"gen9nationaldex","rating":1010,"private":0,"password":""}