{"id":"gen9nationaldex-1990814245","p1":"BigBenClockTower","p2":"Syph0n_78","format":"[Gen 9] National Dex","log":"|j|\u2606BigBenClockTower\n|j|\u2606Syph0n_78\n|t:|1700003556\n|gametype|singles\n|player|p1|BigBenClockTower|acetrainer-gen6xy|1244\n|player|p2|Syph0n_78|iris-gen5bw2|1214\n|teamsize|p1|6\n|teamsize|p2|6\n|gen|9\n|tier|[Gen 9] National Dex\n|rated|\n|rule|HP Percentage Mod: HP is shown in percentages\n|rule|Endless Battle Clause: Forcing endless battles is banned\n|rule|OHKO Clause: OHKO moves are banned\n|rule|Evasion Clause: Evasion abilities, items, and moves are banned\n|rule|Evasion Abilities Clause: Evasion abilities are banned\n|rule|Evasion Items Clause: Evasion items are banned\n|rule|Evasion Moves Clause: Evasion moves are banned\n|rule|Species Clause: Limit one of each Pok\u00e9mon\n|rule|Sleep Clause Mod: Limit one foe put to sleep\n|clearpoke\n|poke|p1|Mawile, F|\n|poke|p1|Ferrothorn, M|\n|poke|p1|Spidops, M|\n|poke|p1|Tapu Fini|\n|poke|p1|Chandelure, F|\n|poke|p1|Vanilluxe, M|\n|poke|p2|Gligar, M|\n|poke|p2|Golisopod, F|\n|poke|p2|Kommo-o, M|\n|poke|p2|Garganacl, F|\n|poke|p2|Ogerpon-Wellspring, F|\n|poke|p2|Weezing-Galar, M|\n|teampreview\n|\n|t:|1700003569\n|start\n|switch|p1a: Spidops|Spidops, M|100\/100\n|switch|p2a: Gligar|Gligar, M|100\/100\n|turn|1\n|\n|t:|1700003576\n|move|p2a: Gligar|Stealth Rock|p1a: Spidops\n|-sidestart|p1: BigBenClockTower|move: Stealth Rock\n|move|p1a: Spidops|Spikes|p2a: Gligar\n|-sidestart|p2: Syph0n_78|Spikes\n|\n|upkeep\n|turn|2\n|\n|t:|1700003582\n|move|p2a: Gligar|Toxic Spikes|p1a: Spidops\n|-sidestart|p1: BigBenClockTower|move: Toxic Spikes\n|move|p1a: Spidops|Spikes|p2a: Gligar\n|-sidestart|p2: Syph0n_78|Spikes\n|\n|upkeep\n|turn|3\n|\n|t:|1700003586\n|move|p2a: Gligar|Toxic Spikes|p1a: Spidops\n|-sidestart|p1: BigBenClockTower|move: Toxic Spikes\n|move|p1a: Spidops|Spikes|p2a: Gligar\n|-sidestart|p2: Syph0n_78|Spikes\n|\n|upkeep\n|turn|4\n|\n|t:|1700003605\n|move|p2a: Gligar|Knock Off|p1a: Spidops\n|-damage|p1a: Spidops|88\/100\n|-enditem|p1a: Spidops|Red Card|[from] move: Knock Off|[of] p2a: Gligar\n|move|p1a: Spidops|Knock Off|p2a: Gligar\n|-damage|p2a: Gligar|91\/100\n|-enditem|p2a: Gligar|Eviolite|[from] move: Knock Off|[of] p1a: Spidops\n|\n|upkeep\n|turn|5\n|\n|t:|1700003613\n|move|p2a: Gligar|U-turn|p1a: Spidops\n|-damage|p1a: Spidops|77\/100\n|\n|t:|1700003629\n|switch|p2a: Weezing|Weezing-Galar, M|100\/100|[from] U-turn\n|-ability|p2a: Weezing|Neutralizing Gas\n|-damage|p2a: Weezing|76\/100|[from] Spikes\n|move|p1a: Spidops|Circle Throw|p2a: Weezing\n|-resisted|p2a: Weezing\n|-damage|p2a: Weezing|73\/100\n|-end|p2a: Weezing|ability: Neutralizing Gas\n|drag|p2a: Golisopod|Golisopod, F|100\/100\n|-damage|p2a: Golisopod|76\/100|[from] Spikes\n|\n|upkeep\n|turn|6\n|\n|t:|1700003650\n|move|p2a: Golisopod|First Impression|p1a: Spidops\n|-damage|p1a: Spidops|40\/100\n|move|p1a: Spidops|Knock Off|p2a: Golisopod\n|-damage|p2a: Golisopod|62\/100\n|-enditem|p2a: Golisopod|Assault Vest|[from] move: Knock Off|[of] p1a: Spidops\n|\n|upkeep\n|turn|7\n|\n|t:|1700003659\n|move|p2a: Golisopod|Liquidation|p1a: Spidops\n|-damage|p1a: Spidops|1\/100\n|move|p1a: Spidops|Circle Throw|p2a: Golisopod\n|-resisted|p2a: Golisopod\n|-damage|p2a: Golisopod|58\/100\n|drag|p2a: Garganacl|Garganacl, F|100\/100\n|-damage|p2a: Garganacl|75\/100|[from] Spikes\n|\n|-heal|p2a: Garganacl|82\/100|[from] item: Leftovers\n|upkeep\n|turn|8\n|\n|t:|1700003675\n|-terastallize|p2a: Garganacl|Ghost\n|move|p2a: Garganacl|Curse|p1a: Spidops\n|-start|p1a: Spidops|Curse|[of] p2a: Garganacl\n|-damage|p2a: Garganacl|32\/100\n|move|p1a: Spidops|Knock Off|p2a: Garganacl\n|-supereffective|p2a: Garganacl\n|-damage|p2a: Garganacl|12\/100\n|-enditem|p2a: Garganacl|Leftovers|[from] move: Knock Off|[of] p1a: Spidops\n|\n|-damage|p1a: Spidops|0 fnt|[from] Curse\n|faint|p1a: Spidops\n|upkeep\n|-message|Syph0n_78 forfeited.\n|\n|win|BigBenClockTower\n|raw|BigBenClockTower's rating: 1244 &rarr; <strong>1267<\/strong><br \/>(+23 for winning)\n|raw|Syph0n_78's rating: 1214 &rarr; <strong>1191<\/strong><br \/>(-23 for losing)\n","uploadtime":1700003707,"views":17,"p1id":"bigbenclocktower","p2id":"syph0n78","formatid":"gen9nationaldex","rating":1191,"private":0,"password":""}