{"id":"gen9nationaldex-1993623000","p1":"LizzyLaMorte","p2":"Jarl_jake","format":"[Gen 9] National Dex","log":"|j|\u2606LizzyLaMorte\n|j|\u2606Jarl_jake\n|t:|1700338600\n|gametype|singles\n|player|p1|LizzyLaMorte|dawn|1540\n|player|p2|Jarl_jake|red|1604\n|teamsize|p1|6\n|teamsize|p2|6\n|gen|9\n|tier|[Gen 9] National Dex\n|rated|\n|rule|HP Percentage Mod: HP is shown in percentages\n|rule|Endless Battle Clause: Forcing endless battles is banned\n|rule|OHKO Clause: OHKO moves are banned\n|rule|Evasion Clause: Evasion abilities, items, and moves are banned\n|rule|Evasion Abilities Clause: Evasion abilities are banned\n|rule|Evasion Items Clause: Evasion items are banned\n|rule|Evasion Moves Clause: Evasion moves are banned\n|rule|Species Clause: Limit one of each Pok\u00e9mon\n|rule|Sleep Clause Mod: Limit one foe put to sleep\n|clearpoke\n|poke|p1|Raichu-Alola, F|\n|poke|p1|Tapu Koko|\n|poke|p1|Iron Treads|\n|poke|p1|Araquanid, M|\n|poke|p1|Sneasler, F|\n|poke|p1|Iron Hands|\n|poke|p2|Ninetales-Alola, F|\n|poke|p2|Serperior, F|\n|poke|p2|Salamence, M|\n|poke|p2|Blaziken, M|\n|poke|p2|Blastoise, F|\n|poke|p2|Grimmsnarl, M|\n|teampreview\n|inactive|Battle timer is ON: inactive players will automatically lose when time's up. (requested by LizzyLaMorte)\n|\n|t:|1700338618\n|start\n|switch|p1a: Ch'kin|Tapu Koko|100\/100\n|switch|p2a: Lady Oscar|Serperior, F, shiny|100\/100\n|-fieldstart|move: Electric Terrain|[from] ability: Electric Surge|[of] p1a: Ch'kin\n|turn|1\n|\n|t:|1700338626\n|move|p1a: Ch'kin|Taunt|p2a: Lady Oscar\n|-start|p2a: Lady Oscar|move: Taunt\n|move|p2a: Lady Oscar|Leaf Storm|p1a: Ch'kin\n|-damage|p1a: Ch'kin|7\/100\n|-boost|p2a: Lady Oscar|spa|2\n|-damage|p2a: Lady Oscar|91\/100|[from] item: Life Orb\n|\n|upkeep\n|turn|2\n|\n|t:|1700338641\n|move|p1a: Ch'kin|Volt Switch|p2a: Lady Oscar\n|-resisted|p2a: Lady Oscar\n|-damage|p2a: Lady Oscar|67\/100\n|\n|t:|1700338645\n|switch|p1a: Gehehe|Sneasler, F|100\/100|[from] Volt Switch\n|-item|p1a: Gehehe|Air Balloon\n|move|p2a: Lady Oscar|Leaf Storm|p1a: Gehehe\n|-resisted|p1a: Gehehe\n|-damage|p1a: Gehehe|10\/100\n|-boost|p2a: Lady Oscar|spa|2\n|-enditem|p1a: Gehehe|Air Balloon\n|-damage|p2a: Lady Oscar|57\/100|[from] item: Life Orb\n|\n|upkeep\n|turn|3\n|inactive|Jarl_jake has 120 seconds left.\n|\n|t:|1700338678\n|-terastallize|p2a: Lady Oscar|Fire\n|move|p1a: Gehehe|Dire Claw|p2a: Lady Oscar\n|-damage|p2a: Lady Oscar|8\/100\n|-status|p2a: Lady Oscar|psn\n|move|p2a: Lady Oscar|Hidden Power|p1a: Gehehe\n|-damage|p1a: Gehehe|0 fnt\n|faint|p1a: Gehehe\n|-damage|p2a: Lady Oscar|0 fnt|[from] item: Life Orb\n|faint|p2a: Lady Oscar\n|\n|upkeep\n|inactive|Jarl_jake has 120 seconds left.\n|\n|t:|1700338702\n|switch|p1a: Ch'kin|Tapu Koko|7\/100\n|switch|p2a: Kurama|Ninetales-Alola, F, shiny|100\/100\n|-weather|Snow|[from] ability: Snow Warning|[of] p2a: Kurama\n|turn|4\n|\n|t:|1700338716\n|move|p1a: Ch'kin|Taunt|p2a: Kurama\n|-start|p2a: Kurama|move: Taunt\n|move|p2a: Kurama|Blizzard|p1a: Ch'kin\n|-damage|p1a: Ch'kin|0 fnt\n|faint|p1a: Ch'kin\n|\n|-weather|Snow|[upkeep]\n|upkeep\n|\n|t:|1700338729\n|switch|p1a: LittleboyBigboy|Iron Hands|100\/100\n|-activate|p1a: LittleboyBigboy|ability: Quark Drive\n|-start|p1a: LittleboyBigboy|quarkdriveatk\n|turn|5\n|inactive|Jarl_jake has 120 seconds left.\n|\n|t:|1700338738\n|move|p2a: Kurama|Moonblast|p1a: LittleboyBigboy\n|-supereffective|p1a: LittleboyBigboy\n|-damage|p1a: LittleboyBigboy|55\/100\n|move|p1a: LittleboyBigboy|Swords Dance|p1a: LittleboyBigboy\n|-boost|p1a: LittleboyBigboy|atk|2\n|\n|-weather|Snow|[upkeep]\n|-heal|p1a: LittleboyBigboy|61\/100|[from] item: Leftovers\n|upkeep\n|turn|6\n|\n|t:|1700338766\n|move|p2a: Kurama|Moonblast|p1a: LittleboyBigboy\n|-supereffective|p1a: LittleboyBigboy\n|-damage|p1a: LittleboyBigboy|10\/100\n|move|p1a: LittleboyBigboy|Thunder Punch|p2a: Kurama\n|-damage|p2a: Kurama|0 fnt\n|faint|p2a: Kurama\n|\n|-weather|Snow|[upkeep]\n|-heal|p1a: LittleboyBigboy|16\/100|[from] item: Leftovers\n|upkeep\n|inactive|Jarl_jake has 120 seconds left.\n|\n|t:|1700338781\n|switch|p2a: Fat Girl|Blastoise, F, shiny|100\/100\n|turn|7\n|\n|t:|1700338793\n|move|p2a: Fat Girl|Scald|p1a: LittleboyBigboy\n|-damage|p1a: LittleboyBigboy|0 fnt\n|faint|p1a: LittleboyBigboy\n|-end|p1a: LittleboyBigboy|Quark Drive|[silent]\n|\n|-weather|Snow|[upkeep]\n|upkeep\n|\n|t:|1700338801\n|switch|p1a: Pankaku|Raichu-Alola, F|100\/100\n|turn|8\n|\n|t:|1700338807\n|move|p1a: Pankaku|Rising Voltage|p2a: Fat Girl\n|-hint|Rising Voltage's BP doubled on grounded target.\n|-supereffective|p2a: Fat Girl\n|-damage|p2a: Fat Girl|0 fnt\n|faint|p2a: Fat Girl\n|\n|-weather|none\n|-fieldend|move: Electric Terrain\n|upkeep\n|\n|t:|1700338815\n|switch|p2a: Paarthurnax|Salamence, M, shiny|100\/100\n|turn|9\n|inactive|LizzyLaMorte has 120 seconds left.\n|\n|t:|1700338858\n|move|p1a: Pankaku|Hidden Power|p2a: Paarthurnax\n|-supereffective|p2a: Paarthurnax\n|-damage|p2a: Paarthurnax|12\/100\n|move|p2a: Paarthurnax|Dragon Dance|p2a: Paarthurnax\n|-boost|p2a: Paarthurnax|atk|1\n|-boost|p2a: Paarthurnax|spe|1\n|\n|upkeep\n|turn|10\n|\n|t:|1700338872\n|move|p2a: Paarthurnax|Earthquake|p1a: Pankaku\n|-supereffective|p1a: Pankaku\n|-enditem|p1a: Pankaku|Focus Sash\n|-damage|p1a: Pankaku|1\/100\n|move|p1a: Pankaku|Hidden Power|p2a: Paarthurnax\n|-supereffective|p2a: Paarthurnax\n|-damage|p2a: Paarthurnax|0 fnt\n|faint|p2a: Paarthurnax\n|\n|upkeep\n|\n|t:|1700338882\n|switch|p2a: Grendel|Grimmsnarl, M, shiny|100\/100\n|turn|11\n|inactive|LizzyLaMorte has 120 seconds left.\n|\n|t:|1700338902\n|move|p2a: Grendel|Sucker Punch|p1a: Pankaku\n|-supereffective|p1a: Pankaku\n|-damage|p1a: Pankaku|0 fnt\n|faint|p1a: Pankaku\n|\n|upkeep\n|j| hackmonsforever\n|\n|t:|1700338922\n|switch|p1a: Bugg|Araquanid, M|100\/100\n|turn|12\n|\n|t:|1700338927\n|move|p2a: Grendel|Thunder Wave|p1a: Bugg\n|-status|p1a: Bugg|par\n|move|p1a: Bugg|Toxic|p2a: Grendel\n|-status|p2a: Grendel|tox\n|\n|-damage|p2a: Grendel|94\/100 tox|[from] psn\n|upkeep\n|turn|13\n|\n|t:|1700338947\n|move|p2a: Grendel|Spirit Break|p1a: Bugg\n|-damage|p1a: Bugg|60\/100 par\n|-unboost|p1a: Bugg|spa|1\n|cant|p1a: Bugg|par\n|\n|-damage|p2a: Grendel|82\/100 tox|[from] psn\n|upkeep\n|turn|14\n|\n|t:|1700338961\n|-zpower|p2a: Grendel\n|move|p2a: Grendel|Black Hole Eclipse|p1a: Bugg|[zeffect]\n|-damage|p1a: Bugg|0 fnt\n|faint|p1a: Bugg\n|\n|-damage|p2a: Grendel|64\/100 tox|[from] psn\n|upkeep\n|inactive|LizzyLaMorte has 90 seconds left.\n|\n|t:|1700338980\n|switch|p1a: Nyoom|Iron Treads|100\/100\n|turn|15\n|inactive|LizzyLaMorte has 90 seconds left.\n|\n|t:|1700338995\n|move|p2a: Grendel|Sucker Punch|p1a: Nyoom\n|-damage|p1a: Nyoom|69\/100\n|move|p1a: Nyoom|Earthquake|p2a: Grendel\n|-damage|p2a: Grendel|21\/100 tox\n|\n|-damage|p2a: Grendel|0 fnt|[from] psn\n|faint|p2a: Grendel\n|upkeep\n|\n|t:|1700339004\n|switch|p2a: Chicharron|Blaziken, M, shiny|100\/100\n|turn|16\n|\n|t:|1700339008\n|move|p1a: Nyoom|Earthquake|p2a: Chicharron\n|-supereffective|p2a: Chicharron\n|-enditem|p2a: Chicharron|Focus Sash\n|-damage|p2a: Chicharron|1\/100\n|move|p2a: Chicharron|Close Combat|p1a: Nyoom\n|-supereffective|p1a: Nyoom\n|-damage|p1a: Nyoom|0 fnt\n|-unboost|p2a: Chicharron|def|1\n|-unboost|p2a: Chicharron|spd|1\n|faint|p1a: Nyoom\n|-end|p1a: Nyoom|Quark Drive|[silent]\n|\n|win|Jarl_jake\n|raw|LizzyLaMorte's rating: 1540 &rarr; <strong>1524<\/strong><br \/>(-16 for losing)\n|raw|Jarl_jake's rating: 1604 &rarr; <strong>1620<\/strong><br \/>(+16 for winning)\n","uploadtime":1700339021,"views":25,"p1id":"lizzylamorte","p2id":"jarljake","formatid":"gen9nationaldex","rating":1524,"private":0,"password":""}