{"id":"gen9nationaldex-1993673450","p1":"Dark Umbreon 08","p2":"SebasTrainer2461","format":"[Gen 9] National Dex","log":"|j|\u2606Dark Umbreon 08\n|j|\u2606SebasTrainer2461\n|t:|1700344087\n|gametype|singles\n|player|p1|Dark Umbreon 08|lass-gen4dp|1037\n|player|p2|SebasTrainer2461|ethan|1060\n|teamsize|p1|1\n|teamsize|p2|6\n|gen|9\n|tier|[Gen 9] National Dex\n|rated|\n|rule|HP Percentage Mod: HP is shown in percentages\n|rule|Endless Battle Clause: Forcing endless battles is banned\n|rule|OHKO Clause: OHKO moves are banned\n|rule|Evasion Clause: Evasion abilities, items, and moves are banned\n|rule|Evasion Abilities Clause: Evasion abilities are banned\n|rule|Evasion Items Clause: Evasion items are banned\n|rule|Evasion Moves Clause: Evasion moves are banned\n|rule|Species Clause: Limit one of each Pok\u00e9mon\n|rule|Sleep Clause Mod: Limit one foe put to sleep\n|clearpoke\n|poke|p1|Sneasler, M|\n|poke|p2|Metagross|\n|poke|p2|Excadrill, M|\n|poke|p2|Heatran, M|\n|poke|p2|Kartana|\n|poke|p2|Aegislash, M|\n|poke|p2|Aggron, M|\n|teampreview\n|inactive|Battle timer is ON: inactive players will automatically lose when time's up. (requested by Dark Umbreon 08)\n|\n|t:|1700344099\n|start\n|switch|p1a: Sneasler|Sneasler, M|100\/100\n|switch|p2a: Excadrill|Excadrill, M|100\/100\n|turn|1\n|\n|t:|1700344121\n|move|p1a: Sneasler|Endure|p1a: Sneasler\n|-singleturn|p1a: Sneasler|move: Endure\n|move|p2a: Excadrill|Earthquake|p1a: Sneasler\n|-supereffective|p1a: Sneasler\n|-activate|p1a: Sneasler|move: Endure\n|-damage|p1a: Sneasler|1\/100\n|-enditem|p1a: Sneasler|Liechi Berry|[eat]\n|-boost|p1a: Sneasler|atk|1|[from] item: Liechi Berry\n|\n|upkeep\n|turn|2\n|\n|t:|1700344133\n|-terastallize|p1a: Sneasler|Flying\n|move|p1a: Sneasler|Reversal|p2a: Excadrill\n|-supereffective|p2a: Excadrill\n|-damage|p2a: Excadrill|0 fnt\n|faint|p2a: Excadrill\n|\n|upkeep\n|\n|t:|1700344145\n|switch|p2a: Heatran|Heatran, M|100\/100\n|turn|3\n|\n|t:|1700344151\n|move|p1a: Sneasler|Reversal|p2a: Heatran\n|-supereffective|p2a: Heatran\n|-damage|p2a: Heatran|0 fnt\n|faint|p2a: Heatran\n|\n|upkeep\n|\n|t:|1700344157\n|switch|p2a: Aegislash|Aegislash, M|100\/100\n|turn|4\n|\n|t:|1700344163\n|move|p1a: Sneasler|Endure|p1a: Sneasler\n|-singleturn|p1a: Sneasler|move: Endure\n|-formechange|p2a: Aegislash|Aegislash-Blade||[from] ability: Stance Change\n|move|p2a: Aegislash|Close Combat|p1a: Sneasler\n|-resisted|p1a: Sneasler\n|-crit|p1a: Sneasler\n|-activate|p1a: Sneasler|move: Endure\n|-damage|p1a: Sneasler|1\/100\n|-unboost|p2a: Aegislash|def|1\n|-unboost|p2a: Aegislash|spd|1\n|\n|upkeep\n|turn|5\n|\n|t:|1700344177\n|move|p1a: Sneasler|Acrobatics|p2a: Aegislash\n|-resisted|p2a: Aegislash\n|-damage|p2a: Aegislash|0 fnt\n|faint|p2a: Aegislash\n|\n|upkeep\n|\n|t:|1700344185\n|switch|p2a: Kartana|Kartana|100\/100\n|turn|6\n|\n|t:|1700344191\n|move|p1a: Sneasler|Reversal|p2a: Kartana\n|-supereffective|p2a: Kartana\n|-damage|p2a: Kartana|0 fnt\n|faint|p2a: Kartana\n|\n|upkeep\n|\n|t:|1700344197\n|switch|p2a: Metagross|Metagross|100\/100\n|turn|7\n|\n|t:|1700344202\n|move|p1a: Sneasler|Endure|p1a: Sneasler\n|-singleturn|p1a: Sneasler|move: Endure\n|move|p2a: Metagross|Psychic|p1a: Sneasler\n|-activate|p1a: Sneasler|move: Endure\n|-damage|p1a: Sneasler|1\/100\n|\n|upkeep\n|turn|8\n|\n|t:|1700344210\n|move|p1a: Sneasler|Reversal|p2a: Metagross\n|-damage|p2a: Metagross|0 fnt\n|faint|p2a: Metagross\n|\n|upkeep\n|\n|t:|1700344216\n|switch|p2a: Aggron|Aggron, M|100\/100\n|turn|9\n|\n|t:|1700344221\n|detailschange|p2a: Aggron|Aggron-Mega, M\n|-mega|p2a: Aggron|Aggron|Aggronite\n|move|p1a: Sneasler|Reversal|p2a: Aggron\n|-supereffective|p2a: Aggron\n|-damage|p2a: Aggron|0 fnt\n|faint|p2a: Aggron\n|\n|win|Dark Umbreon 08\n|raw|Dark Umbreon 08's rating: 1009 &rarr; <strong>1053<\/strong><br \/>(+44 for winning)\n|raw|SebasTrainer2461's rating: 1060 &rarr; <strong>1038<\/strong><br \/>(-22 for losing)\n|l|\u2606SebasTrainer2461\n|c|\u2606Dark Umbreon 08|Gg\n","uploadtime":1700344248,"views":7,"p1id":"darkumbreon08","p2id":"sebastrainer2461","formatid":"gen9nationaldex","rating":1038,"private":0,"password":""}