{"id":"gen9nationaldex-1993017220","p1":"JesusPizzaCrusher","p2":"mariopan","format":"[Gen 9] National Dex","log":"|j|\u2606JesusPizzaCrusher\n|j|\u2606mariopan\n|t:|1700255861\n|gametype|singles\n|player|p1|JesusPizzaCrusher|hugh|\n|player|p2|mariopan|hilbert|\n|teamsize|p1|6\n|teamsize|p2|6\n|gen|9\n|tier|[Gen 9] National Dex\n|rule|HP Percentage Mod: HP is shown in percentages\n|rule|Endless Battle Clause: Forcing endless battles is banned\n|rule|OHKO Clause: OHKO moves are banned\n|rule|Evasion Clause: Evasion abilities, items, and moves are banned\n|rule|Evasion Abilities Clause: Evasion abilities are banned\n|rule|Evasion Items Clause: Evasion items are banned\n|rule|Evasion Moves Clause: Evasion moves are banned\n|rule|Species Clause: Limit one of each Pok\u00e9mon\n|rule|Sleep Clause Mod: Limit one foe put to sleep\n|clearpoke\n|poke|p1|Galvantula, F|\n|poke|p1|Volcarona, F|\n|poke|p1|Buzzwole|\n|poke|p1|Leavanny, F|\n|poke|p1|Scizor, F|\n|poke|p1|Escavalier, M|\n|poke|p2|Garganacl, M|\n|poke|p2|Glimmora, F|\n|poke|p2|Aerodactyl, F|\n|poke|p2|Shuckle, M|\n|poke|p2|Cradily, F|\n|poke|p2|Tyranitar, F|\n|teampreview\n|\n|t:|1700255869\n|start\n|switch|p1a: Galvantula|Galvantula, F, shiny|100\/100\n|switch|p2a: Tyranitar|Tyranitar, F|100\/100\n|-weather|Sandstorm|[from] ability: Sand Stream|[of] p2a: Tyranitar\n|turn|1\n|\n|t:|1700255888\n|switch|p2a: Shuckle|Shuckle, M|100\/100\n|move|p1a: Galvantula|Sticky Web|p2a: Shuckle\n|-sidestart|p2: mariopan|move: Sticky Web\n|\n|-weather|Sandstorm|[upkeep]\n|-damage|p1a: Galvantula|94\/100|[from] Sandstorm\n|upkeep\n|turn|2\n|\n|t:|1700255896\n|move|p1a: Galvantula|Thunder Wave|p2a: Shuckle\n|-status|p2a: Shuckle|par\n|move|p2a: Shuckle|Encore|p1a: Galvantula\n|-start|p1a: Galvantula|Encore\n|\n|-weather|Sandstorm|[upkeep]\n|-damage|p1a: Galvantula|88\/100|[from] Sandstorm\n|upkeep\n|turn|3\n|\n|t:|1700255908\n|switch|p1a: Escavalier|Escavalier, M|100\/100\n|move|p2a: Shuckle|Sticky Web|p1a: Escavalier\n|-sidestart|p1: JesusPizzaCrusher|move: Sticky Web\n|\n|-weather|Sandstorm|[upkeep]\n|upkeep\n|turn|4\n|\n|t:|1700255929\n|-zpower|p1a: Escavalier\n|move|p1a: Escavalier|Hydro Vortex|p2a: Shuckle|[zeffect]\n|-supereffective|p2a: Shuckle\n|-damage|p2a: Shuckle|39\/100 par\n|-enditem|p2a: Shuckle|Red Card|[of] p1a: Escavalier\n|drag|p1a: Bardock|Buzzwole|100\/100\n|-activate|p1a: Bardock|move: Sticky Web\n|-unboost|p1a: Bardock|spe|1\n|move|p2a: Shuckle|Stealth Rock|p1a: Bardock\n|-sidestart|p1: JesusPizzaCrusher|move: Stealth Rock\n|\n|-weather|Sandstorm|[upkeep]\n|-damage|p1a: Bardock|94\/100|[from] Sandstorm\n|upkeep\n|turn|5\n|\n|t:|1700255956\n|switch|p1a: Scizor|Scizor, F|100\/100\n|-activate|p1a: Scizor|move: Sticky Web\n|-unboost|p1a: Scizor|spe|1\n|-damage|p1a: Scizor|88\/100|[from] Stealth Rock\n|switch|p2a: Garganacl|Garganacl, M|100\/100\n|-activate|p2a: Garganacl|move: Sticky Web\n|-unboost|p2a: Garganacl|spe|1\n|\n|-weather|Sandstorm|[upkeep]\n|upkeep\n|turn|6\n|\n|t:|1700255976\n|detailschange|p1a: Scizor|Scizor-Mega, F\n|-mega|p1a: Scizor|Scizor|Scizorite\n|move|p1a: Scizor|Swords Dance|p1a: Scizor\n|-boost|p1a: Scizor|atk|2\n|move|p2a: Garganacl|Salt Cure|p1a: Scizor\n|-damage|p1a: Scizor|77\/100\n|-start|p1a: Scizor|Salt Cure\n|\n|-weather|Sandstorm|[upkeep]\n|-damage|p1a: Scizor|53\/100|[from] Salt Cure\n|upkeep\n|turn|7\n|\n|t:|1700255990\n|move|p1a: Scizor|Bullet Punch|p2a: Garganacl\n|-supereffective|p2a: Garganacl\n|-damage|p2a: Garganacl|0 fnt\n|faint|p2a: Garganacl\n|\n|-weather|Sandstorm|[upkeep]\n|-damage|p1a: Scizor|28\/100|[from] Salt Cure\n|upkeep\n|\n|t:|1700256008\n|switch|p2a: Glimmora|Glimmora, F|100\/100\n|turn|8\n|\n|t:|1700256017\n|-terastallize|p2a: Glimmora|Ground\n|move|p2a: Glimmora|Mortal Spin|p1a: Scizor\n|-immune|p1a: Scizor\n|move|p1a: Scizor|Roost|p1a: Scizor\n|-heal|p1a: Scizor|78\/100\n|-singleturn|p1a: Scizor|move: Roost\n|\n|-weather|none\n|-damage|p1a: Scizor|53\/100|[from] Salt Cure\n|upkeep\n|turn|9\n|\n|t:|1700256031\n|move|p2a: Glimmora|Earth Power|p1a: Scizor\n|-damage|p1a: Scizor|10\/100\n|move|p1a: Scizor|Trailblaze|p2a: Glimmora\n|-supereffective|p2a: Glimmora\n|-damage|p2a: Glimmora|0 fnt\n|-boost|p1a: Scizor|spe|1\n|-activate|p2a: Glimmora|ability: Toxic Debris\n|-sidestart|p1: JesusPizzaCrusher|move: Toxic Spikes\n|faint|p2a: Glimmora\n|\n|-damage|p1a: Scizor|0 fnt|[from] Salt Cure\n|faint|p1a: Scizor\n|upkeep\n|\n|t:|1700256051\n|switch|p2a: Aerodactyl|Aerodactyl, F|100\/100\n|switch|p1a: Galvantula|Galvantula, F, shiny|88\/100\n|-activate|p1a: Galvantula|move: Sticky Web\n|-unboost|p1a: Galvantula|spe|1\n|-damage|p1a: Galvantula|63\/100|[from] Stealth Rock\n|-status|p1a: Galvantula|psn\n|turn|10\n|\n|t:|1700256065\n|detailschange|p2a: Aerodactyl|Aerodactyl-Mega, F\n|-mega|p2a: Aerodactyl|Aerodactyl|Aerodactylite\n|move|p2a: Aerodactyl|Earthquake|p1a: Galvantula\n|-damage|p1a: Galvantula|0 fnt\n|faint|p1a: Galvantula\n|\n|upkeep\n|c|\u2606JesusPizzaCrusher|a\n|\n|t:|1700256076\n|switch|p1a: Battra|Volcarona, F|100\/100\n|turn|11\n|\n|t:|1700256086\n|-terastallize|p1a: Battra|Water\n|move|p2a: Aerodactyl|Hone Claws|p2a: Aerodactyl\n|-boost|p2a: Aerodactyl|atk|1\n|-boost|p2a: Aerodactyl|accuracy|1\n|move|p1a: Battra|Quiver Dance|p1a: Battra\n|-boost|p1a: Battra|spa|1\n|-boost|p1a: Battra|spd|1\n|-boost|p1a: Battra|spe|1\n|\n|upkeep\n|turn|12\n|\n|t:|1700256095\n|move|p2a: Aerodactyl|Bite|p1a: Battra\n|-damage|p1a: Battra|58\/100\n|-status|p2a: Aerodactyl|brn|[from] ability: Flame Body|[of] p1a: Battra\n|cant|p1a: Battra|flinch\n|\n|-damage|p2a: Aerodactyl|95\/100 brn|[from] brn\n|upkeep\n|turn|13\n|c|\u2606JesusPizzaCrusher|A\n|\n|t:|1700256104\n|switch|p2a: Tyranitar|Tyranitar, F|100\/100\n|-activate|p2a: Tyranitar|move: Sticky Web\n|-unboost|p2a: Tyranitar|spe|1\n|-weather|Sandstorm|[from] ability: Sand Stream|[of] p2a: Tyranitar\n|move|p1a: Battra|Roost|p1a: Battra\n|-heal|p1a: Battra|100\/100\n|\n|-weather|Sandstorm|[upkeep]\n|-damage|p1a: Battra|94\/100|[from] Sandstorm\n|upkeep\n|turn|14\n|\n|t:|1700256118\n|move|p1a: Battra|Giga Drain|p2a: Tyranitar\n|-supereffective|p2a: Tyranitar\n|-damage|p2a: Tyranitar|69\/100\n|-heal|p1a: Battra|100\/100|[from] drain|[of] p2a: Tyranitar\n|move|p2a: Tyranitar|Thunder Wave|p1a: Battra\n|-status|p1a: Battra|par\n|\n|-weather|Sandstorm|[upkeep]\n|-damage|p1a: Battra|94\/100 par|[from] Sandstorm\n|upkeep\n|turn|15\n|c|\u2606JesusPizzaCrusher|A\n|\n|t:|1700256132\n|move|p1a: Battra|Quiver Dance|p1a: Battra\n|-boost|p1a: Battra|spa|1\n|-boost|p1a: Battra|spd|1\n|-boost|p1a: Battra|spe|1\n|move|p2a: Tyranitar|Knock Off|p1a: Battra\n|-damage|p1a: Battra|56\/100 par\n|-enditem|p1a: Battra|Heavy-Duty Boots|[from] move: Knock Off|[of] p2a: Tyranitar\n|\n|-weather|Sandstorm|[upkeep]\n|-damage|p1a: Battra|50\/100 par|[from] Sandstorm\n|upkeep\n|turn|16\n|\n|t:|1700256142\n|switch|p2a: Cradily|Cradily, F|100\/100\n|-activate|p2a: Cradily|move: Sticky Web\n|-unboost|p2a: Cradily|spe|1\n|move|p1a: Battra|Tera Blast|p2a: Cradily|[anim] Tera Blast Water\n|-ability|p2a: Cradily|Storm Drain|boost\n|-boost|p2a: Cradily|spa|1\n|\n|-weather|Sandstorm|[upkeep]\n|-damage|p1a: Battra|44\/100 par|[from] Sandstorm\n|upkeep\n|turn|17\n|c|\u2606JesusPizzaCrusher|AAAAAAA\n|\n|t:|1700256152\n|move|p1a: Battra|Roost|p1a: Battra\n|-heal|p1a: Battra|94\/100 par\n|move|p2a: Cradily|Giga Drain|p1a: Battra\n|-supereffective|p1a: Battra\n|-damage|p1a: Battra|67\/100 par\n|\n|-weather|Sandstorm|[upkeep]\n|-damage|p1a: Battra|61\/100 par|[from] Sandstorm\n|upkeep\n|turn|18\n|c|\u2606mariopan|:D\n|\n|t:|1700256164\n|move|p1a: Battra|Quiver Dance|p1a: Battra\n|-boost|p1a: Battra|spa|1\n|-boost|p1a: Battra|spd|1\n|-boost|p1a: Battra|spe|1\n|move|p2a: Cradily|Giga Drain|p1a: Battra\n|-supereffective|p1a: Battra\n|-damage|p1a: Battra|39\/100 par\n|\n|-weather|Sandstorm|[upkeep]\n|-damage|p1a: Battra|33\/100 par|[from] Sandstorm\n|upkeep\n|turn|19\n|\n|t:|1700256174\n|move|p1a: Battra|Roost|p1a: Battra\n|-heal|p1a: Battra|83\/100 par\n|move|p2a: Cradily|Giga Drain|p1a: Battra\n|-supereffective|p1a: Battra\n|-damage|p1a: Battra|57\/100 par\n|\n|-weather|Sandstorm|[upkeep]\n|-damage|p1a: Battra|51\/100 par|[from] Sandstorm\n|upkeep\n|turn|20\n|c|\u2606JesusPizzaCrusher|hehehe\n|\n|t:|1700256183\n|cant|p1a: Battra|par\n|move|p2a: Cradily|Giga Drain|p1a: Battra\n|-supereffective|p1a: Battra\n|-damage|p1a: Battra|27\/100 par\n|\n|-weather|none\n|upkeep\n|turn|21\n|c|\u2606JesusPizzaCrusher|A\n|\n|t:|1700256194\n|move|p1a: Battra|Roost|p1a: Battra\n|-heal|p1a: Battra|77\/100 par\n|move|p2a: Cradily|Giga Drain|p1a: Battra\n|-supereffective|p1a: Battra\n|-damage|p1a: Battra|53\/100 par\n|\n|upkeep\n|turn|22\n|\n|t:|1700256212\n|cant|p1a: Battra|par\n|move|p2a: Cradily|Giga Drain|p1a: Battra\n|-supereffective|p1a: Battra\n|-damage|p1a: Battra|30\/100 par\n|\n|upkeep\n|turn|23\n|c|\u2606JesusPizzaCrusher|la victoria depender del rng y cristo\n|\n|t:|1700256221\n|move|p1a: Battra|Quiver Dance|p1a: Battra\n|-boost|p1a: Battra|spa|1\n|-boost|p1a: Battra|spd|1\n|-boost|p1a: Battra|spe|1\n|move|p2a: Cradily|Giga Drain|p1a: Battra\n|-supereffective|p1a: Battra\n|-damage|p1a: Battra|9\/100 par\n|\n|upkeep\n|turn|24\n|\n|t:|1700256227\n|move|p1a: Battra|Roost|p1a: Battra\n|-heal|p1a: Battra|59\/100 par\n|move|p2a: Cradily|Giga Drain|p1a: Battra\n|-supereffective|p1a: Battra\n|-damage|p1a: Battra|39\/100 par\n|\n|upkeep\n|turn|25\n|\n|t:|1700256235\n|move|p1a: Battra|Quiver Dance|p1a: Battra\n|-boost|p1a: Battra|spa|1\n|-boost|p1a: Battra|spd|1\n|-boost|p1a: Battra|spe|1\n|move|p2a: Cradily|Giga Drain|p1a: Battra\n|-supereffective|p1a: Battra\n|-damage|p1a: Battra|23\/100 par\n|\n|upkeep\n|turn|26\n|\n|t:|1700256241\n|cant|p1a: Battra|par\n|move|p2a: Cradily|Giga Drain|p1a: Battra\n|-supereffective|p1a: Battra\n|-damage|p1a: Battra|8\/100 par\n|\n|upkeep\n|turn|27\n|\n|t:|1700256247\n|move|p1a: Battra|Roost|p1a: Battra\n|-heal|p1a: Battra|58\/100 par\n|move|p2a: Cradily|Giga Drain|p1a: Battra\n|-supereffective|p1a: Battra\n|-damage|p1a: Battra|42\/100 par\n|\n|upkeep\n|turn|28\n|c|\u2606JesusPizzaCrusher|OOF\n|c|\u2606JesusPizzaCrusher|CASITO\n|\n|t:|1700256258\n|switch|p2a: Tyranitar|Tyranitar, F|69\/100\n|-activate|p2a: Tyranitar|move: Sticky Web\n|-unboost|p2a: Tyranitar|spe|1\n|-weather|Sandstorm|[from] ability: Sand Stream|[of] p2a: Tyranitar\n|move|p1a: Battra|Quiver Dance|p1a: Battra\n|-boost|p1a: Battra|spa|1\n|-boost|p1a: Battra|spd|1\n|-boost|p1a: Battra|spe|1\n|\n|-weather|Sandstorm|[upkeep]\n|-damage|p1a: Battra|36\/100 par|[from] Sandstorm\n|upkeep\n|turn|29\n|c|\u2606JesusPizzaCrusher|porfavorporfavorporfavor\n|\n|t:|1700256276\n|move|p1a: Battra|Giga Drain|p2a: Tyranitar\n|-supereffective|p2a: Tyranitar\n|-damage|p2a: Tyranitar|0 fnt\n|-heal|p1a: Battra|69\/100 par|[from] drain|[of] p2a: Tyranitar\n|faint|p2a: Tyranitar\n|\n|-weather|Sandstorm|[upkeep]\n|-damage|p1a: Battra|63\/100 par|[from] Sandstorm\n|upkeep\n|c|\u2606JesusPizzaCrusher|VIVA CRISTO REY\n|\n|t:|1700256291\n|switch|p2a: Shuckle|Shuckle, M|39\/100 par\n|-activate|p2a: Shuckle|move: Sticky Web\n|-unboost|p2a: Shuckle|spe|1\n|turn|30\n|\n|t:|1700256305\n|move|p1a: Battra|Giga Drain|p2a: Shuckle\n|-damage|p2a: Shuckle|1\/100 par\n|-heal|p1a: Battra|76\/100 par|[from] drain|[of] p2a: Shuckle\n|move|p2a: Shuckle|Encore|p1a: Battra\n|-start|p1a: Battra|Encore\n|\n|-weather|Sandstorm|[upkeep]\n|-damage|p1a: Battra|70\/100 par|[from] Sandstorm\n|upkeep\n|turn|31\n|\n|t:|1700256313\n|switch|p2a: Cradily|Cradily, F|100\/100\n|-activate|p2a: Cradily|move: Sticky Web\n|-unboost|p2a: Cradily|spe|1\n|move|p1a: Battra|Giga Drain|p2a: Cradily\n|-damage|p2a: Cradily|53\/100\n|-heal|p1a: Battra|94\/100 par|[from] drain|[of] p2a: Cradily\n|\n|-weather|Sandstorm|[upkeep]\n|-damage|p1a: Battra|88\/100 par|[from] Sandstorm\n|-heal|p2a: Cradily|59\/100|[from] item: Leftovers\n|upkeep\n|turn|32\n|\n|t:|1700256326\n|move|p1a: Battra|Giga Drain|p2a: Cradily\n|-damage|p2a: Cradily|14\/100\n|-heal|p1a: Battra|100\/100 par|[from] drain|[of] p2a: Cradily\n|move|p2a: Cradily|Recover|p2a: Cradily\n|-heal|p2a: Cradily|64\/100\n|\n|-weather|Sandstorm|[upkeep]\n|-damage|p1a: Battra|94\/100 par|[from] Sandstorm\n|-heal|p2a: Cradily|70\/100|[from] item: Leftovers\n|upkeep\n|turn|33\n|\n|t:|1700256336\n|switch|p2a: Shuckle|Shuckle, M|1\/100 par\n|-activate|p2a: Shuckle|move: Sticky Web\n|-unboost|p2a: Shuckle|spe|1\n|move|p1a: Battra|Giga Drain|p2a: Shuckle\n|-damage|p2a: Shuckle|0 fnt\n|-heal|p1a: Battra|95\/100 par|[from] drain|[of] p2a: Shuckle\n|faint|p2a: Shuckle\n|\n|-weather|Sandstorm|[upkeep]\n|-damage|p1a: Battra|88\/100 par|[from] Sandstorm\n|-end|p1a: Battra|Encore\n|upkeep\n|\n|t:|1700256350\n|switch|p2a: Aerodactyl|Aerodactyl-Mega, F|95\/100 brn\n|turn|34\n|\n|t:|1700256358\n|move|p1a: Battra|Tera Blast|p2a: Aerodactyl|[anim] Tera Blast Water\n|-supereffective|p2a: Aerodactyl\n|-damage|p2a: Aerodactyl|0 fnt\n|faint|p2a: Aerodactyl\n|\n|-weather|Sandstorm|[upkeep]\n|-damage|p1a: Battra|82\/100 par|[from] Sandstorm\n|upkeep\n|\n|t:|1700256364\n|switch|p2a: Cradily|Cradily, F|70\/100\n|-activate|p2a: Cradily|move: Sticky Web\n|-unboost|p2a: Cradily|spe|1\n|turn|35\n|c|\u2606JesusPizzaCrusher|GRANDE BATTRAAAA\n|\n|t:|1700256372\n|cant|p1a: Battra|par\n|move|p2a: Cradily|Giga Drain|p1a: Battra\n|-supereffective|p1a: Battra\n|-damage|p1a: Battra|73\/100 par\n|-heal|p2a: Cradily|75\/100|[from] drain|[of] p1a: Battra\n|\n|-weather|none\n|-heal|p2a: Cradily|81\/100|[from] item: Leftovers\n|upkeep\n|turn|36\n|\n|t:|1700256384\n|move|p1a: Battra|Giga Drain|p2a: Cradily\n|-damage|p2a: Cradily|6\/100\n|-heal|p1a: Battra|100\/100 par|[from] drain|[of] p2a: Cradily\n|move|p2a: Cradily|Ancient Power|p1a: Battra\n|-damage|p1a: Battra|96\/100 par\n|\n|-heal|p2a: Cradily|12\/100|[from] item: Leftovers\n|upkeep\n|turn|37\n|c|\u2606JesusPizzaCrusher|it's over anakin\n|\n|t:|1700256392\n|cant|p1a: Battra|par\n|move|p2a: Cradily|Recover|p2a: Cradily\n|-heal|p2a: Cradily|62\/100\n|\n|-heal|p2a: Cradily|68\/100|[from] item: Leftovers\n|upkeep\n|turn|38\n|\n|t:|1700256399\n|cant|p1a: Battra|par\n|move|p2a: Cradily|Recover|p2a: Cradily\n|-heal|p2a: Cradily|100\/100\n|\n|upkeep\n|turn|39\n|c|\u2606JesusPizzaCrusher|a\n|\n|t:|1700256406\n|cant|p1a: Battra|par\n|move|p2a: Cradily|Giga Drain|p1a: Battra\n|-supereffective|p1a: Battra\n|-damage|p1a: Battra|88\/100 par\n|\n|upkeep\n|turn|40\n|c|\u2606JesusPizzaCrusher|A\n|\n|t:|1700256412\n|move|p1a: Battra|Giga Drain|p2a: Cradily\n|-damage|p2a: Cradily|22\/100\n|-heal|p1a: Battra|100\/100 par|[from] drain|[of] p2a: Cradily\n|move|p2a: Cradily|Giga Drain|p1a: Battra\n|-supereffective|p1a: Battra\n|-crit|p1a: Battra\n|-damage|p1a: Battra|38\/100 par\n|-heal|p2a: Cradily|53\/100|[from] drain|[of] p1a: Battra\n|\n|-heal|p2a: Cradily|59\/100|[from] item: Leftovers\n|upkeep\n|turn|41\n|\n|t:|1700256423\n|cant|p1a: Battra|par\n|move|p2a: Cradily|Giga Drain|p1a: Battra\n|-supereffective|p1a: Battra\n|-damage|p1a: Battra|28\/100 par\n|-heal|p2a: Cradily|64\/100|[from] drain|[of] p1a: Battra\n|\n|-heal|p2a: Cradily|70\/100|[from] item: Leftovers\n|upkeep\n|turn|42\n|c|\u2606JesusPizzaCrusher|ay\n|\n|t:|1700256432\n|move|p1a: Battra|Giga Drain|p2a: Cradily\n|-damage|p2a: Cradily|0 fnt\n|-heal|p1a: Battra|63\/100 par|[from] drain|[of] p2a: Cradily\n|faint|p2a: Cradily\n|\n|win|JesusPizzaCrusher\n|c|\u2606JesusPizzaCrusher|gg\n|c|\u2606JesusPizzaCrusher|estuviste increible\n","uploadtime":1700256443,"views":13,"p1id":"jesuspizzacrusher","p2id":"mariopan","formatid":"gen9nationaldex","rating":0,"private":0,"password":""}