{"id":"gen9nationaldex-1991985617","p1":"mtyqjltz5","p2":"sithred8","format":"[Gen 9] National Dex","log":"|j|\u2606mtyqjltz5\n|j|\u2606sithred8\n|t:|1700145217\n|gametype|singles\n|player|p1|mtyqjltz5|elesa|1414\n|player|p2|sithred8|169|1460\n|teamsize|p1|6\n|teamsize|p2|6\n|gen|9\n|tier|[Gen 9] National Dex\n|rated|\n|rule|HP Percentage Mod: HP is shown in percentages\n|rule|Endless Battle Clause: Forcing endless battles is banned\n|rule|OHKO Clause: OHKO moves are banned\n|rule|Evasion Clause: Evasion abilities, items, and moves are banned\n|rule|Evasion Abilities Clause: Evasion abilities are banned\n|rule|Evasion Items Clause: Evasion items are banned\n|rule|Evasion Moves Clause: Evasion moves are banned\n|rule|Species Clause: Limit one of each Pok\u00e9mon\n|rule|Sleep Clause Mod: Limit one foe put to sleep\n|clearpoke\n|poke|p1|Pidgeot, M|\n|poke|p1|Sandy Shocks|\n|poke|p1|Rillaboom, M|\n|poke|p1|Weezing-Galar, M|\n|poke|p1|Heatran, M|\n|poke|p1|Greninja-*, M|\n|poke|p2|Garchomp, F|\n|poke|p2|Scizor, M|\n|poke|p2|Dragonite, F|\n|poke|p2|Thundurus-Therian, M|\n|poke|p2|Ogerpon, F|\n|poke|p2|Cloyster, M|\n|teampreview\n|c|\u2606sithred8|2023-11-16 22:33:52\n|\n|t:|1700145258\n|start\n|switch|p1a: Pidgeot|Pidgeot, M, shiny|100\/100\n|switch|p2a: Dragonite|Dragonite, F|100\/100\n|turn|1\n|\n|t:|1700145276\n|detailschange|p1a: Pidgeot|Pidgeot-Mega, M, shiny\n|-mega|p1a: Pidgeot|Pidgeot|Pidgeotite\n|move|p1a: Pidgeot|U-turn|p2a: Dragonite\n|-resisted|p2a: Dragonite\n|-damage|p2a: Dragonite|98\/100\n|\n|t:|1700145281\n|switch|p1a: Weezing|Weezing-Galar, M|100\/100|[from] U-turn\n|move|p2a: Dragonite|Curse|p2a: Dragonite\n|-unboost|p2a: Dragonite|spe|1\n|-boost|p2a: Dragonite|atk|1\n|-boost|p2a: Dragonite|def|1\n|\n|upkeep\n|turn|2\n|\n|t:|1700145291\n|move|p1a: Weezing|Will-O-Wisp|p2a: Dragonite|[miss]\n|-miss|p1a: Weezing|p2a: Dragonite\n|move|p2a: Dragonite|Curse|p2a: Dragonite\n|-unboost|p2a: Dragonite|spe|1\n|-boost|p2a: Dragonite|atk|1\n|-boost|p2a: Dragonite|def|1\n|\n|upkeep\n|turn|3\n|\n|t:|1700145298\n|move|p2a: Dragonite|Extreme Speed|p1a: Weezing\n|-damage|p1a: Weezing|62\/100\n|move|p1a: Weezing|Will-O-Wisp|p2a: Dragonite\n|-status|p2a: Dragonite|brn\n|\n|-heal|p1a: Weezing|68\/100|[from] item: Leftovers\n|-damage|p2a: Dragonite|92\/100 brn|[from] brn\n|upkeep\n|turn|4\n|\n|t:|1700145304\n|move|p2a: Dragonite|Extreme Speed|p1a: Weezing\n|-damage|p1a: Weezing|50\/100\n|move|p1a: Weezing|Strange Steam|p2a: Dragonite|[miss]\n|-miss|p1a: Weezing|p2a: Dragonite\n|\n|-heal|p1a: Weezing|56\/100|[from] item: Leftovers\n|-damage|p2a: Dragonite|86\/100 brn|[from] brn\n|upkeep\n|turn|5\n|\n|t:|1700145319\n|switch|p2a: Scizor|Scizor, M|100\/100\n|-terastallize|p1a: Weezing|Ghost\n|move|p1a: Weezing|Strange Steam|p2a: Scizor\n|-resisted|p2a: Scizor\n|-damage|p2a: Scizor|86\/100\n|-start|p2a: Scizor|confusion\n|\n|-heal|p1a: Weezing|62\/100|[from] item: Leftovers\n|upkeep\n|turn|6\n|\n|t:|1700145329\n|detailschange|p2a: Scizor|Scizor-Mega, M\n|-mega|p2a: Scizor|Scizor|Scizorite\n|-activate|p2a: Scizor|confusion\n|move|p2a: Scizor|Bullet Punch|p1a: Weezing\n|-damage|p1a: Weezing|44\/100\n|move|p1a: Weezing|Will-O-Wisp|p2a: Scizor\n|-status|p2a: Scizor|brn\n|\n|-heal|p1a: Weezing|50\/100|[from] item: Leftovers\n|-damage|p2a: Scizor|80\/100 brn|[from] brn\n|upkeep\n|turn|7\n|\n|t:|1700145346\n|switch|p2a: Garchomp|Garchomp, F, shiny|100\/100\n|switch|p1a: Pidgeot|Pidgeot-Mega, M, shiny|100\/100\n|\n|upkeep\n|turn|8\n|\n|t:|1700145358\n|move|p1a: Pidgeot|Hurricane|p2a: Garchomp\n|-damage|p2a: Garchomp|32\/100\n|-start|p2a: Garchomp|confusion\n|-activate|p2a: Garchomp|confusion\n|move|p2a: Garchomp|Stealth Rock|p1a: Pidgeot\n|-sidestart|p1: mtyqjltz5|move: Stealth Rock\n|\n|upkeep\n|turn|9\n|\n|t:|1700145371\n|switch|p2a: Scizor|Scizor-Mega, M|80\/100 brn\n|move|p1a: Pidgeot|Hurricane|p2a: Scizor\n|-damage|p2a: Scizor|29\/100 brn\n|\n|-damage|p2a: Scizor|23\/100 brn|[from] brn\n|upkeep\n|turn|10\n|\n|t:|1700145383\n|move|p2a: Scizor|Bullet Punch|p1a: Pidgeot\n|-damage|p1a: Pidgeot|83\/100\n|move|p1a: Pidgeot|Hurricane|p2a: Scizor\n|-damage|p2a: Scizor|0 fnt\n|faint|p2a: Scizor\n|\n|upkeep\n|\n|t:|1700145389\n|switch|p2a: Cloyster|Cloyster, M|100\/100\n|turn|11\n|\n|t:|1700145412\n|move|p1a: Pidgeot|Hurricane|p2a: Cloyster\n|-enditem|p2a: Cloyster|Focus Sash\n|-damage|p2a: Cloyster|1\/100\n|move|p2a: Cloyster|Shell Smash|p2a: Cloyster\n|-unboost|p2a: Cloyster|def|1\n|-unboost|p2a: Cloyster|spd|1\n|-boost|p2a: Cloyster|atk|2\n|-boost|p2a: Cloyster|spa|2\n|-boost|p2a: Cloyster|spe|2\n|\n|upkeep\n|turn|12\n|\n|t:|1700145436\n|move|p2a: Cloyster|Ice Shard|p1a: Pidgeot\n|-supereffective|p1a: Pidgeot\n|-damage|p1a: Pidgeot|0 fnt\n|faint|p1a: Pidgeot\n|\n|upkeep\n|\n|t:|1700145442\n|switch|p1a: Greninja|Greninja, M|100\/100\n|-damage|p1a: Greninja|88\/100|[from] Stealth Rock\n|turn|13\n|\n|t:|1700145457\n|switch|p2a: Ogerpon|Ogerpon, F|100\/100\n|move|p1a: Greninja|Water Shuriken|p2a: Ogerpon\n|-resisted|p2a: Ogerpon\n|-damage|p2a: Ogerpon|97\/100\n|-resisted|p2a: Ogerpon\n|-damage|p2a: Ogerpon|93\/100\n|-resisted|p2a: Ogerpon\n|-damage|p2a: Ogerpon|89\/100\n|-hitcount|p2a: Ogerpon|3\n|\n|-heal|p2a: Ogerpon|95\/100|[from] item: Leftovers\n|upkeep\n|turn|14\n|\n|t:|1700145471\n|-terastallize|p2a: Ogerpon|Grass\n|detailschange|p2a: Ogerpon|Ogerpon-Teal-Tera, F, tera:Grass\n|-ability|p2a: Ogerpon|Embody Aspect (Teal)|boost\n|-boost|p2a: Ogerpon|spe|1\n|move|p2a: Ogerpon|Ivy Cudgel|p1a: Greninja\n|-supereffective|p1a: Greninja\n|-damage|p1a: Greninja|0 fnt\n|faint|p1a: Greninja\n|\n|-heal|p2a: Ogerpon|100\/100|[from] item: Leftovers\n|upkeep\n|\n|t:|1700145488\n|switch|p1a: Weezing|Weezing-Galar, M, tera:Ghost|50\/100\n|-damage|p1a: Weezing|38\/100|[from] Stealth Rock\n|turn|15\n|\n|t:|1700145498\n|move|p2a: Ogerpon|Ivy Cudgel|p1a: Weezing\n|-crit|p1a: Weezing\n|-damage|p1a: Weezing|0 fnt\n|faint|p1a: Weezing\n|\n|upkeep\n|\n|t:|1700145503\n|switch|p1a: Heatran|Heatran, M|100\/100\n|-damage|p1a: Heatran|88\/100|[from] Stealth Rock\n|turn|16\n|\n|t:|1700145516\n|move|p2a: Ogerpon|Quick Attack|p1a: Heatran\n|-resisted|p1a: Heatran\n|-damage|p1a: Heatran|82\/100\n|move|p1a: Heatran|Magma Storm|p2a: Ogerpon|[miss]\n|-miss|p1a: Heatran|p2a: Ogerpon\n|\n|-heal|p1a: Heatran|89\/100|[from] item: Leftovers\n|upkeep\n|turn|17\n|\n|t:|1700145525\n|switch|p2a: Dragonite|Dragonite, F|86\/100 brn\n|move|p1a: Heatran|Magma Storm|p2a: Dragonite\n|-resisted|p2a: Dragonite\n|-damage|p2a: Dragonite|68\/100 brn\n|-activate|p2a: Dragonite|move: Magma Storm|[of] p1a: Heatran\n|\n|-heal|p1a: Heatran|95\/100|[from] item: Leftovers\n|-damage|p2a: Dragonite|62\/100 brn|[from] brn\n|-damage|p2a: Dragonite|49\/100 brn|[from] move: Magma Storm|[partiallytrapped]\n|upkeep\n|turn|18\n|\n|t:|1700145529\n|move|p2a: Dragonite|Earthquake|p1a: Heatran\n|-supereffective|p1a: Heatran\n|-damage|p1a: Heatran|32\/100\n|move|p1a: Heatran|Taunt|p2a: Dragonite\n|-start|p2a: Dragonite|move: Taunt\n|\n|-heal|p1a: Heatran|38\/100|[from] item: Leftovers\n|-damage|p2a: Dragonite|43\/100 brn|[from] brn\n|-damage|p2a: Dragonite|31\/100 brn|[from] move: Magma Storm|[partiallytrapped]\n|upkeep\n|turn|19\n|\n|t:|1700145536\n|switch|p1a: Rillaboom|Rillaboom, M|100\/100\n|-damage|p1a: Rillaboom|88\/100|[from] Stealth Rock\n|-fieldstart|move: Grassy Terrain|[from] ability: Grassy Surge|[of] p1a: Rillaboom\n|move|p2a: Dragonite|Earthquake|p1a: Rillaboom\n|-resisted|p1a: Rillaboom\n|-damage|p1a: Rillaboom|83\/100\n|\n|-heal|p1a: Rillaboom|89\/100|[from] Grassy Terrain\n|-damage|p2a: Dragonite|25\/100 brn|[from] brn\n|-end|p2a: Dragonite|Magma Storm|[partiallytrapped]|[silent]\n|upkeep\n|turn|20\n|\n|t:|1700145565\n|move|p2a: Dragonite|Extreme Speed|p1a: Rillaboom\n|-damage|p1a: Rillaboom|73\/100\n|move|p1a: Rillaboom|Grassy Glide|p2a: Dragonite\n|-resisted|p2a: Dragonite\n|-crit|p2a: Dragonite\n|-damage|p2a: Dragonite|8\/100 brn\n|\n|-heal|p1a: Rillaboom|79\/100|[from] Grassy Terrain\n|-damage|p2a: Dragonite|2\/100 brn|[from] brn\n|upkeep\n|turn|21\n|\n|t:|1700145575\n|move|p2a: Dragonite|Extreme Speed|p1a: Rillaboom\n|-damage|p1a: Rillaboom|63\/100\n|move|p1a: Rillaboom|Grassy Glide|p2a: Dragonite\n|-resisted|p2a: Dragonite\n|-damage|p2a: Dragonite|0 fnt\n|faint|p2a: Dragonite\n|\n|-heal|p1a: Rillaboom|69\/100|[from] Grassy Terrain\n|upkeep\n|\n|t:|1700145583\n|switch|p2a: Thundurus|Thundurus-Therian, M|100\/100\n|turn|22\n|\n|t:|1700145604\n|switch|p1a: Heatran|Heatran, M|38\/100\n|-damage|p1a: Heatran|26\/100|[from] Stealth Rock\n|move|p2a: Thundurus|Tera Blast|p1a: Heatran\n|-resisted|p1a: Heatran\n|-damage|p1a: Heatran|17\/100\n|\n|-heal|p1a: Heatran|23\/100|[from] Grassy Terrain\n|-heal|p1a: Heatran|30\/100|[from] item: Leftovers\n|upkeep\n|turn|23\n|\n|t:|1700145624\n|move|p2a: Thundurus|Nasty Plot|p2a: Thundurus\n|-boost|p2a: Thundurus|spa|2\n|move|p1a: Heatran|Magma Storm|p2a: Thundurus\n|-damage|p2a: Thundurus|40\/100\n|-activate|p2a: Thundurus|move: Magma Storm|[of] p1a: Heatran\n|\n|-heal|p1a: Heatran|36\/100|[from] Grassy Terrain\n|-heal|p1a: Heatran|42\/100|[from] item: Leftovers\n|-damage|p2a: Thundurus|28\/100|[from] move: Magma Storm|[partiallytrapped]\n|-fieldend|move: Grassy Terrain\n|upkeep\n|turn|24\n|\n|t:|1700145646\n|move|p2a: Thundurus|Thunderbolt|p1a: Heatran\n|-damage|p1a: Heatran|0 fnt\n|faint|p1a: Heatran\n|\n|-end|p2a: Thundurus|Magma Storm|[partiallytrapped]|[silent]\n|upkeep\n|\n|t:|1700145662\n|switch|p1a: Sandy Shocks|Sandy Shocks|100\/100\n|turn|25\n|inactive|Battle timer is ON: inactive players will automatically lose when time's up. (requested by mtyqjltz5)\n|inactive|sithred8 has 120 seconds left.\n|\n|t:|1700145706\n|move|p1a: Sandy Shocks|Tera Blast|p2a: Thundurus\n|-damage|p2a: Thundurus|0 fnt\n|faint|p2a: Thundurus\n|\n|upkeep\n|\n|t:|1700145716\n|switch|p2a: Garchomp|Garchomp, F, shiny|32\/100\n|turn|26\n|\n|t:|1700145721\n|-end|p1a: Sandy Shocks|Protosynthesis|[silent]\n|switch|p1a: Rillaboom|Rillaboom, M|69\/100\n|-damage|p1a: Rillaboom|57\/100|[from] Stealth Rock\n|-fieldstart|move: Grassy Terrain|[from] ability: Grassy Surge|[of] p1a: Rillaboom\n|move|p2a: Garchomp|Earthquake|p1a: Rillaboom\n|-resisted|p1a: Rillaboom\n|-damage|p1a: Rillaboom|43\/100\n|\n|-heal|p2a: Garchomp|38\/100|[from] Grassy Terrain\n|-heal|p1a: Rillaboom|49\/100|[from] Grassy Terrain\n|upkeep\n|turn|27\n|\n|t:|1700145743\n|switch|p2a: Ogerpon|Ogerpon-Teal-Tera, F, tera:Grass|100\/100\n|-ability|p2a: Ogerpon|Embody Aspect (Teal)|boost\n|-boost|p2a: Ogerpon|spe|1\n|move|p1a: Rillaboom|Grassy Glide|p2a: Ogerpon\n|-resisted|p2a: Ogerpon\n|-damage|p2a: Ogerpon|59\/100\n|\n|-heal|p2a: Ogerpon|65\/100|[from] Grassy Terrain\n|-heal|p2a: Ogerpon|71\/100|[from] item: Leftovers\n|-heal|p1a: Rillaboom|55\/100|[from] Grassy Terrain\n|upkeep\n|turn|28\n|\n|t:|1700145757\n|move|p1a: Rillaboom|Grassy Glide|p2a: Ogerpon\n|-resisted|p2a: Ogerpon\n|-damage|p2a: Ogerpon|30\/100\n|move|p2a: Ogerpon|Ivy Cudgel|p1a: Rillaboom\n|-resisted|p1a: Rillaboom\n|-damage|p1a: Rillaboom|11\/100\n|\n|-heal|p2a: Ogerpon|36\/100|[from] Grassy Terrain\n|-heal|p2a: Ogerpon|42\/100|[from] item: Leftovers\n|-heal|p1a: Rillaboom|17\/100|[from] Grassy Terrain\n|upkeep\n|turn|29\n|\n|t:|1700145769\n|move|p2a: Ogerpon|Quick Attack|p1a: Rillaboom\n|-damage|p1a: Rillaboom|2\/100\n|move|p1a: Rillaboom|Grassy Glide|p2a: Ogerpon\n|-resisted|p2a: Ogerpon\n|-damage|p2a: Ogerpon|0 fnt\n|faint|p2a: Ogerpon\n|\n|-heal|p1a: Rillaboom|8\/100|[from] Grassy Terrain\n|upkeep\n|\n|t:|1700145775\n|switch|p2a: Cloyster|Cloyster, M|1\/100\n|turn|30\n|\n|t:|1700145786\n|move|p1a: Rillaboom|Grassy Glide|p2a: Cloyster\n|-supereffective|p2a: Cloyster\n|-damage|p2a: Cloyster|0 fnt\n|faint|p2a: Cloyster\n|\n|-heal|p1a: Rillaboom|15\/100|[from] Grassy Terrain\n|-fieldend|move: Grassy Terrain\n|upkeep\n|\n|t:|1700145791\n|switch|p2a: Garchomp|Garchomp, F, shiny|38\/100\n|turn|31\n|\n|t:|1700145805\n|switch|p1a: Sandy Shocks|Sandy Shocks|100\/100\n|move|p2a: Garchomp|Earthquake|p1a: Sandy Shocks\n|-supereffective|p1a: Sandy Shocks\n|-damage|p1a: Sandy Shocks|0 fnt\n|faint|p1a: Sandy Shocks\n|-end|p1a: Sandy Shocks|Protosynthesis|[silent]\n|\n|upkeep\n|\n|t:|1700145810\n|switch|p1a: Rillaboom|Rillaboom, M|15\/100\n|-damage|p1a: Rillaboom|2\/100|[from] Stealth Rock\n|-fieldstart|move: Grassy Terrain|[from] ability: Grassy Surge|[of] p1a: Rillaboom\n|turn|32\n|\n|t:|1700145816\n|move|p1a: Rillaboom|Grassy Glide|p2a: Garchomp\n|-damage|p2a: Garchomp|0 fnt\n|-damage|p1a: Rillaboom|0 fnt|[from] ability: Rough Skin|[of] p2a: Garchomp\n|faint|p2a: Garchomp\n|faint|p1a: Rillaboom\n|\n|win|mtyqjltz5\n|raw|mtyqjltz5's rating: 1414 &rarr; <strong>1437<\/strong><br \/>(+23 for winning)\n|raw|sithred8's rating: 1460 &rarr; <strong>1437<\/strong><br \/>(-23 for losing)\n|c|\u2606sithred8|2023-11-16 22:43:51\n|c|\u2606mtyqjltz5|wp\n","uploadtime":1700145829,"views":4,"p1id":"mtyqjltz5","p2id":"sithred8","formatid":"gen9nationaldex","rating":1437,"private":0,"password":""}