{"id":"gen9nationaldex-1989420035","p1":"lunchbox5536","p2":"Solaris2003","format":"[Gen 9] National Dex","log":"|j|\u2606lunchbox5536\n|j|\u2606Solaris2003\n|t:|1699847940\n|gametype|singles\n|player|p1|lunchbox5536|ghetsis|\n|player|p2|Solaris2003|1|\n|teamsize|p1|6\n|teamsize|p2|6\n|gen|9\n|tier|[Gen 9] National Dex\n|rule|HP Percentage Mod: HP is shown in percentages\n|rule|Endless Battle Clause: Forcing endless battles is banned\n|rule|OHKO Clause: OHKO moves are banned\n|rule|Evasion Clause: Evasion abilities, items, and moves are banned\n|rule|Evasion Abilities Clause: Evasion abilities are banned\n|rule|Evasion Items Clause: Evasion items are banned\n|rule|Evasion Moves Clause: Evasion moves are banned\n|rule|Species Clause: Limit one of each Pok\u00e9mon\n|rule|Sleep Clause Mod: Limit one foe put to sleep\n|clearpoke\n|poke|p1|Torkoal, F|\n|poke|p1|Zoroark-Hisui, F|\n|poke|p1|Grimmsnarl, M|\n|poke|p1|Articuno|\n|poke|p1|Klawf, M|\n|poke|p1|Shelgon, M|\n|poke|p2|Cinderace, F|\n|poke|p2|Lycanroc-Dusk, F|\n|poke|p2|Noivern, F|\n|poke|p2|Copperajah, M|\n|poke|p2|Leafeon, F|\n|poke|p2|Flaaffy, M|\n|teampreview\n|j| Jam20Jam\n|\n|t:|1699847960\n|start\n|switch|p1a: Vanilla Ice|Articuno|100\/100\n|switch|p2a: Copperajah|Copperajah, M|100\/100\n|-ability|p1a: Vanilla Ice|Pressure\n|turn|1\n|\n|t:|1699847983\n|move|p2a: Copperajah|Stealth Rock|p1a: Vanilla Ice\n|-sidestart|p1: lunchbox5536|move: Stealth Rock\n|move|p1a: Vanilla Ice|Whirlwind|p2a: Copperajah\n|drag|p2a: Glockeon Jr|Leafeon, F|100\/100\n|\n|upkeep\n|turn|2\n|\n|t:|1699847996\n|switch|p2a: Copperajah|Copperajah, M|100\/100\n|move|p1a: Vanilla Ice|Defog|p2a: Copperajah\n|-unboost|p2a: Copperajah|evasion|1\n|-sideend|p1: lunchbox5536|Stealth Rock|[from] move: Defog|[of] p1a: Vanilla Ice\n|\n|upkeep\n|turn|3\n|\n|t:|1699848020\n|switch|p1a: Praise The Sun|Torkoal, F|100\/100\n|-weather|SunnyDay|[from] ability: Drought|[of] p1a: Praise The Sun\n|move|p2a: Copperajah|Heat Crash|p1a: Praise The Sun\n|-resisted|p1a: Praise The Sun\n|-damage|p1a: Praise The Sun|76\/100\n|\n|-weather|SunnyDay|[upkeep]\n|upkeep\n|turn|4\n|\n|t:|1699848032\n|move|p2a: Copperajah|Stone Edge|p1a: Praise The Sun\n|-supereffective|p1a: Praise The Sun\n|-crit|p1a: Praise The Sun\n|-damage|p1a: Praise The Sun|0 fnt\n|faint|p1a: Praise The Sun\n|\n|-weather|SunnyDay|[upkeep]\n|upkeep\n|\n|t:|1699848058\n|switch|p1a: AAAAAAAAAAAA|Klawf, M|100\/100\n|turn|5\n|\n|t:|1699848073\n|move|p1a: AAAAAAAAAAAA|Stealth Rock|p2a: Copperajah\n|-sidestart|p2: Solaris2003|move: Stealth Rock\n|move|p2a: Copperajah|Heavy Slam|p1a: AAAAAAAAAAAA\n|-supereffective|p1a: AAAAAAAAAAAA\n|-damage|p1a: AAAAAAAAAAAA|0 fnt\n|-damage|p2a: Copperajah|84\/100|[from] item: Rocky Helmet|[of] p1a: AAAAAAAAAAAA\n|faint|p1a: AAAAAAAAAAAA\n|\n|-weather|SunnyDay|[upkeep]\n|-heal|p2a: Copperajah|90\/100|[from] item: Leftovers\n|upkeep\n|\n|t:|1699848083\n|switch|p1a: Krampus|Grimmsnarl, M|100\/100\n|turn|6\n|\n|t:|1699848097\n|move|p1a: Krampus|Flamethrower|p2a: Copperajah\n|-supereffective|p2a: Copperajah\n|-damage|p2a: Copperajah|0 fnt\n|faint|p2a: Copperajah\n|\n|-weather|SunnyDay|[upkeep]\n|upkeep\n|\n|t:|1699848103\n|switch|p2a: Cinderace|Cinderace, F|100\/100\n|turn|7\n|\n|t:|1699848109\n|switch|p1a: Hello and Goodbye|Shelgon, M|100\/100\n|move|p2a: Cinderace|Sucker Punch||[still]\n|-fail|p2a: Cinderace\n|\n|-weather|none\n|upkeep\n|turn|8\n|\n|t:|1699848117\n|move|p2a: Cinderace|Court Change|p2a: Cinderace\n|-start|p2a: Cinderace|typechange|Normal|[from] ability: Libero\n|-swapsideconditions\n|-activate|p2a: Cinderace|move: Court Change\n|move|p1a: Hello and Goodbye|Toxic|p2a: Cinderace\n|-status|p2a: Cinderace|tox\n|\n|-damage|p2a: Cinderace|95\/100 tox|[from] psn\n|upkeep\n|turn|9\n|\n|t:|1699848128\n|switch|p2a: Flaaffy|Flaaffy, M|100\/100\n|move|p1a: Hello and Goodbye|Wish|p1a: Hello and Goodbye\n|\n|upkeep\n|turn|10\n|\n|t:|1699848136\n|switch|p1a: Vanilla Ice|Articuno|100\/100\n|-ability|p1a: Vanilla Ice|Pressure\n|move|p2a: Flaaffy|Reflect|p2a: Flaaffy\n|-sidestart|p2: Solaris2003|Reflect\n|\n|upkeep\n|turn|11\n|\n|t:|1699848145\n|move|p1a: Vanilla Ice|Defog|p2a: Flaaffy\n|-unboost|p2a: Flaaffy|evasion|1\n|-sideend|p2: Solaris2003|Reflect\n|-sideend|p1: lunchbox5536|Stealth Rock|[from] move: Defog|[of] p1a: Vanilla Ice\n|move|p2a: Flaaffy|Light Screen|p2a: Flaaffy\n|-sidestart|p2: Solaris2003|move: Light Screen\n|\n|upkeep\n|turn|12\n|\n|t:|1699848156\n|move|p2a: Flaaffy|Sunny Day|p2a: Flaaffy\n|-weather|SunnyDay\n|move|p1a: Vanilla Ice|Whirlwind|p2a: Flaaffy\n|drag|p2a: Glockeon Jr|Leafeon, F|100\/100\n|\n|-weather|SunnyDay|[upkeep]\n|upkeep\n|turn|13\n|\n|t:|1699848175\n|move|p2a: Glockeon Jr|Solar Blade||[still]\n|-prepare|p2a: Glockeon Jr|Solar Blade\n|-anim|p2a: Glockeon Jr|Solar Blade|p1a: Vanilla Ice\n|-resisted|p1a: Vanilla Ice\n|-damage|p1a: Vanilla Ice|58\/100\n|-damage|p2a: Glockeon Jr|91\/100|[from] item: Life Orb\n|move|p1a: Vanilla Ice|Ice Beam|p2a: Glockeon Jr\n|-supereffective|p2a: Glockeon Jr\n|-damage|p2a: Glockeon Jr|19\/100\n|\n|-weather|SunnyDay|[upkeep]\n|upkeep\n|turn|14\n|\n|t:|1699848199\n|move|p2a: Glockeon Jr|Knock Off|p1a: Vanilla Ice\n|-damage|p1a: Vanilla Ice|10\/100\n|-enditem|p1a: Vanilla Ice|Heavy-Duty Boots|[from] move: Knock Off|[of] p2a: Glockeon Jr\n|-damage|p2a: Glockeon Jr|9\/100|[from] item: Life Orb\n|move|p1a: Vanilla Ice|Air Slash|p2a: Glockeon Jr\n|-supereffective|p2a: Glockeon Jr\n|-damage|p2a: Glockeon Jr|0 fnt\n|faint|p2a: Glockeon Jr\n|\n|-weather|SunnyDay|[upkeep]\n|upkeep\n|\n|t:|1699848214\n|switch|p2a: Lycanroc|Lycanroc-Dusk, F|100\/100\n|turn|15\n|\n|t:|1699848220\n|move|p2a: Lycanroc|Iron Head|p1a: Vanilla Ice\n|-supereffective|p1a: Vanilla Ice\n|-damage|p1a: Vanilla Ice|0 fnt\n|faint|p1a: Vanilla Ice\n|\n|-weather|SunnyDay|[upkeep]\n|-sideend|p2: Solaris2003|move: Light Screen\n|upkeep\n|\n|t:|1699848230\n|switch|p1a: Krampus|Grimmsnarl, M|100\/100\n|turn|16\n|\n|t:|1699848232\n|move|p2a: Lycanroc|Iron Head|p1a: Krampus\n|-enditem|p1a: Krampus|Focus Sash\n|-damage|p1a: Krampus|1\/100\n|replace|p1a: Oh Hi There|Zoroark-Hisui, F, shiny\n|-end|p1a: Oh Hi There|Illusion\n|cant|p1a: Oh Hi There|flinch\n|\n|-weather|SunnyDay|[upkeep]\n|upkeep\n|turn|17\n|\n|t:|1699848248\n|switch|p1a: Hello and Goodbye|Shelgon, M|100\/100\n|move|p2a: Lycanroc|Iron Head|p1a: Hello and Goodbye\n|-damage|p1a: Hello and Goodbye|75\/100\n|\n|-weather|SunnyDay|[upkeep]\n|upkeep\n|turn|18\n|\n|t:|1699848259\n|move|p2a: Lycanroc|Iron Head|p1a: Hello and Goodbye\n|-damage|p1a: Hello and Goodbye|51\/100\n|move|p1a: Hello and Goodbye|Wish|p1a: Hello and Goodbye\n|\n|-weather|SunnyDay|[upkeep]\n|upkeep\n|turn|19\n|\n|t:|1699848269\n|move|p2a: Lycanroc|Iron Head|p1a: Hello and Goodbye\n|-damage|p1a: Hello and Goodbye|26\/100\n|cant|p1a: Hello and Goodbye|flinch\n|\n|-weather|none\n|-heal|p1a: Hello and Goodbye|76\/100|[from] move: Wish|[wisher] Hello and Goodbye\n|upkeep\n|turn|20\n|\n|t:|1699848275\n|move|p2a: Lycanroc|Iron Head|p1a: Hello and Goodbye\n|-damage|p1a: Hello and Goodbye|50\/100\n|move|p1a: Hello and Goodbye|Wish|p1a: Hello and Goodbye\n|\n|upkeep\n|turn|21\n|\n|t:|1699848283\n|move|p2a: Lycanroc|Iron Head|p1a: Hello and Goodbye\n|-damage|p1a: Hello and Goodbye|27\/100\n|move|p1a: Hello and Goodbye|Toxic|p2a: Lycanroc\n|-status|p2a: Lycanroc|tox\n|\n|-heal|p1a: Hello and Goodbye|77\/100|[from] move: Wish|[wisher] Hello and Goodbye\n|-damage|p2a: Lycanroc|94\/100 tox|[from] psn\n|upkeep\n|turn|22\n|\n|t:|1699848292\n|move|p2a: Lycanroc|Iron Head|p1a: Hello and Goodbye\n|-damage|p1a: Hello and Goodbye|50\/100\n|cant|p1a: Hello and Goodbye|flinch\n|\n|-damage|p2a: Lycanroc|82\/100 tox|[from] psn\n|upkeep\n|turn|23\n|\n|t:|1699848298\n|move|p2a: Lycanroc|Iron Head|p1a: Hello and Goodbye\n|-damage|p1a: Hello and Goodbye|27\/100\n|move|p1a: Hello and Goodbye|Wish|p1a: Hello and Goodbye\n|\n|-damage|p2a: Lycanroc|63\/100 tox|[from] psn\n|upkeep\n|turn|24\n|\n|t:|1699848304\n|move|p1a: Hello and Goodbye|Protect|p1a: Hello and Goodbye\n|-singleturn|p1a: Hello and Goodbye|Protect\n|move|p2a: Lycanroc|Iron Head|p1a: Hello and Goodbye\n|-activate|p1a: Hello and Goodbye|move: Protect\n|\n|-heal|p1a: Hello and Goodbye|77\/100|[from] move: Wish|[wisher] Hello and Goodbye\n|-damage|p2a: Lycanroc|39\/100 tox|[from] psn\n|upkeep\n|turn|25\n|\n|t:|1699848318\n|switch|p2a: Flaaffy|Flaaffy, M|100\/100\n|move|p1a: Hello and Goodbye|Wish|p1a: Hello and Goodbye\n|\n|upkeep\n|turn|26\n|\n|t:|1699848324\n|switch|p1a: Krampus|Grimmsnarl, M|1\/100\n|move|p2a: Flaaffy|Light Screen|p2a: Flaaffy\n|-sidestart|p2: Solaris2003|move: Light Screen\n|\n|-heal|p1a: Krampus|67\/100|[from] move: Wish|[wisher] Hello and Goodbye\n|upkeep\n|turn|27\n|\n|t:|1699848333\n|switch|p1a: Hello and Goodbye|Shelgon, M|77\/100\n|move|p2a: Flaaffy|Reflect|p2a: Flaaffy\n|-sidestart|p2: Solaris2003|Reflect\n|\n|upkeep\n|turn|28\n|\n|t:|1699848339\n|move|p1a: Hello and Goodbye|Toxic|p2a: Flaaffy\n|-status|p2a: Flaaffy|tox\n|move|p2a: Flaaffy|Volt Switch|p1a: Hello and Goodbye\n|-resisted|p1a: Hello and Goodbye\n|-damage|p1a: Hello and Goodbye|65\/100\n|\n|t:|1699848373\n|switch|p2a: Lycanroc|Lycanroc-Dusk, F|39\/100 tox|[from] Volt Switch\n|\n|-damage|p2a: Lycanroc|32\/100 tox|[from] psn\n|upkeep\n|turn|29\n|\n|t:|1699848384\n|move|p2a: Lycanroc|Close Combat|p1a: Hello and Goodbye\n|-damage|p1a: Hello and Goodbye|28\/100\n|-unboost|p2a: Lycanroc|def|1\n|-unboost|p2a: Lycanroc|spd|1\n|move|p1a: Hello and Goodbye|Wish|p1a: Hello and Goodbye\n|\n|-damage|p2a: Lycanroc|20\/100 tox|[from] psn\n|upkeep\n|turn|30\n|\n|t:|1699848393\n|move|p1a: Hello and Goodbye|Protect|p1a: Hello and Goodbye\n|-singleturn|p1a: Hello and Goodbye|Protect\n|move|p2a: Lycanroc|Close Combat|p1a: Hello and Goodbye\n|-activate|p1a: Hello and Goodbye|move: Protect\n|\n|-heal|p1a: Hello and Goodbye|78\/100|[from] move: Wish|[wisher] Hello and Goodbye\n|-damage|p2a: Lycanroc|2\/100 tox|[from] psn\n|-sideend|p2: Solaris2003|move: Light Screen\n|upkeep\n|turn|31\n|\n|t:|1699848412\n|switch|p1a: Krampus|Grimmsnarl, M|67\/100\n|move|p2a: Lycanroc|Close Combat|p1a: Krampus\n|-immune|p1a: Krampus\n|\n|-damage|p2a: Lycanroc|0 fnt|[from] psn\n|faint|p2a: Lycanroc\n|-sideend|p2: Solaris2003|Reflect\n|upkeep\n|\n|t:|1699848421\n|switch|p2a: Noivern|Noivern, F|100\/100\n|turn|32\n|\n|t:|1699848437\n|switch|p1a: Hello and Goodbye|Shelgon, M|78\/100\n|move|p2a: Noivern|Air Slash|p1a: Hello and Goodbye\n|-damage|p1a: Hello and Goodbye|24\/100\n|-damage|p2a: Noivern|91\/100|[from] item: Life Orb\n|\n|upkeep\n|turn|33\n|\n|t:|1699848445\n|move|p1a: Hello and Goodbye|Protect|p1a: Hello and Goodbye\n|-singleturn|p1a: Hello and Goodbye|Protect\n|move|p2a: Noivern|Air Slash|p1a: Hello and Goodbye\n|-activate|p1a: Hello and Goodbye|move: Protect\n|\n|upkeep\n|turn|34\n|\n|t:|1699848454\n|move|p2a: Noivern|Air Slash|p1a: Hello and Goodbye\n|-damage|p1a: Hello and Goodbye|0 fnt\n|faint|p1a: Hello and Goodbye\n|-damage|p2a: Noivern|81\/100|[from] item: Life Orb\n|\n|upkeep\n|\n|t:|1699848459\n|switch|p1a: Krampus|Grimmsnarl, M|100\/100\n|turn|35\n|\n|t:|1699848474\n|move|p2a: Noivern|Air Slash|p1a: Krampus\n|-damage|p1a: Krampus|54\/100\n|-damage|p2a: Noivern|71\/100|[from] item: Life Orb\n|move|p1a: Krampus|Play Rough|p2a: Noivern\n|-supereffective|p2a: Noivern\n|-crit|p2a: Noivern\n|-damage|p2a: Noivern|0 fnt\n|faint|p2a: Noivern\n|\n|-heal|p1a: Krampus|60\/100|[from] item: Leftovers\n|upkeep\n|\n|t:|1699848484\n|switch|p2a: Flaaffy|Flaaffy, M|100\/100 tox\n|turn|36\n|\n|t:|1699848499\n|move|p1a: Krampus|Darkest Lariat|p2a: Flaaffy\n|-damage|p2a: Flaaffy|24\/100 tox\n|move|p2a: Flaaffy|Reflect|p2a: Flaaffy\n|-sidestart|p2: Solaris2003|Reflect\n|\n|-heal|p1a: Krampus|66\/100|[from] item: Leftovers\n|-damage|p2a: Flaaffy|18\/100 tox|[from] psn\n|upkeep\n|turn|37\n|\n|t:|1699848515\n|move|p1a: Krampus|Darkest Lariat|p2a: Flaaffy\n|-damage|p2a: Flaaffy|0 fnt\n|faint|p2a: Flaaffy\n|\n|-heal|p1a: Krampus|72\/100|[from] item: Leftovers\n|upkeep\n|\n|t:|1699848520\n|switch|p2a: Cinderace|Cinderace, F|95\/100 tox\n|turn|38\n|\n|t:|1699848551\n|move|p2a: Cinderace|Pyro Ball|p1a: Krampus\n|-damage|p1a: Krampus|5\/100\n|move|p1a: Krampus|Darkest Lariat|p2a: Cinderace\n|-damage|p2a: Cinderace|64\/100 tox\n|\n|-heal|p1a: Krampus|11\/100|[from] item: Leftovers\n|-damage|p2a: Cinderace|58\/100 tox|[from] psn\n|upkeep\n|turn|39\n|\n|t:|1699848569\n|move|p1a: Krampus|Sucker Punch|p2a: Cinderace\n|-damage|p2a: Cinderace|33\/100 tox\n|move|p2a: Cinderace|Pyro Ball|p1a: Krampus\n|-damage|p1a: Krampus|0 fnt\n|faint|p1a: Krampus\n|\n|-damage|p2a: Cinderace|21\/100 tox|[from] psn\n|upkeep\n|\n|t:|1699848576\n|switch|p1a: Oh Hi There|Zoroark-Hisui, F, shiny|67\/100\n|turn|40\n|\n|t:|1699848583\n|move|p2a: Cinderace|Sucker Punch|p1a: Oh Hi There\n|-start|p2a: Cinderace|typechange|Dark|[from] ability: Libero\n|-supereffective|p1a: Oh Hi There\n|-damage|p1a: Oh Hi There|0 fnt\n|faint|p1a: Oh Hi There\n|\n|win|Solaris2003\n","uploadtime":1699848591,"views":15,"p1id":"lunchbox5536","p2id":"solaris2003","formatid":"gen9nationaldex","rating":0,"private":0,"password":""}