{"id":"gen9nationaldex-2000343488","p1":"alfamike","p2":"Manuel_hdz15","format":"[Gen 9] National Dex","log":"|html|<div class=\"broadcast-blue\"><strong>[Gen 9] National Dex is currently suspecting Sneasler! For information on how to participate check out the <a href=\"https:\/\/www.smogon.com\/forums\/threads\/sv-national-dex-suspect-8-just-dance.3731534\/\">suspect thread<\/a>.<\/strong><\/div>\n|j|\u2606alfamike\n|j|\u2606Manuel_hdz15\n|t:|1701186727\n|gametype|singles\n|player|p1|alfamike|brock|1316\n|player|p2|Manuel_hdz15|265|1382\n|teamsize|p1|6\n|teamsize|p2|6\n|gen|9\n|tier|[Gen 9] National Dex\n|rated|\n|rule|HP Percentage Mod: HP is shown in percentages\n|rule|Endless Battle Clause: Forcing endless battles is banned\n|rule|OHKO Clause: OHKO moves are banned\n|rule|Evasion Clause: Evasion abilities, items, and moves are banned\n|rule|Evasion Abilities Clause: Evasion abilities are banned\n|rule|Evasion Items Clause: Evasion items are banned\n|rule|Evasion Moves Clause: Evasion moves are banned\n|rule|Species Clause: Limit one of each Pok\u00e9mon\n|rule|Sleep Clause Mod: Limit one foe put to sleep\n|clearpoke\n|poke|p1|Floatzel, M|\n|poke|p1|Pelipper, M|\n|poke|p1|Poliwrath, M|\n|poke|p1|Tapu Fini|\n|poke|p1|Lanturn, F|\n|poke|p1|Swampert, M|\n|poke|p2|Gyarados, M|\n|poke|p2|Latios, M|\n|poke|p2|Zapdos|\n|poke|p2|Zoroark-Hisui, F|\n|poke|p2|Grimmsnarl, M|\n|poke|p2|Mew|\n|teampreview\n|c|\u2606alfamike|Me da miedo tu equipo manuel\n|c|\u2606alfamike|Good luck\n|\n|t:|1701186775\n|start\n|switch|p1a: Boby|Pelipper, M|100\/100\n|switch|p2a: Grimmsnarl|Grimmsnarl, M|100\/100\n|-weather|RainDance|[from] ability: Drizzle|[of] p1a: Boby\n|turn|1\n|\n|t:|1701186784\n|move|p2a: Grimmsnarl|Light Screen|p2a: Grimmsnarl\n|-sidestart|p2: Manuel_hdz15|move: Light Screen\n|move|p1a: Boby|Surf|p2a: Grimmsnarl\n|-damage|p2a: Grimmsnarl|67\/100\n|\n|-weather|RainDance|[upkeep]\n|upkeep\n|turn|2\n|\n|t:|1701186793\n|switch|p1a: Lanturn|Lanturn, F|100\/100\n|move|p2a: Grimmsnarl|Thunder Wave|p1a: Lanturn\n|-immune|p1a: Lanturn|[from] ability: Volt Absorb\n|\n|-weather|RainDance|[upkeep]\n|upkeep\n|turn|3\n|\n|t:|1701186805\n|move|p2a: Grimmsnarl|Reflect|p2a: Grimmsnarl\n|-sidestart|p2: Manuel_hdz15|Reflect\n|move|p1a: Lanturn|Scald|p2a: Grimmsnarl\n|-damage|p2a: Grimmsnarl|44\/100\n|-status|p2a: Grimmsnarl|brn\n|\n|-weather|RainDance|[upkeep]\n|-damage|p2a: Grimmsnarl|38\/100 brn|[from] brn\n|upkeep\n|turn|4\n|\n|t:|1701186814\n|move|p2a: Grimmsnarl|Parting Shot|p1a: Lanturn\n|-unboost|p1a: Lanturn|atk|1\n|-unboost|p1a: Lanturn|spa|1\n|\n|t:|1701186824\n|switch|p2a: Zapdos|Zapdos|100\/100|[from] Parting Shot\n|move|p1a: Lanturn|Thunder|p2a: Zapdos\n|-damage|p2a: Zapdos|83\/100\n|\n|-weather|RainDance|[upkeep]\n|upkeep\n|turn|5\n|\n|t:|1701186830\n|move|p2a: Zapdos|Hurricane|p1a: Lanturn\n|-resisted|p1a: Lanturn\n|-damage|p1a: Lanturn|85\/100\n|-start|p1a: Lanturn|confusion\n|-activate|p1a: Lanturn|confusion\n|move|p1a: Lanturn|Scald|p2a: Zapdos\n|-damage|p2a: Zapdos|63\/100\n|-status|p2a: Zapdos|brn\n|\n|-weather|none\n|-damage|p2a: Zapdos|57\/100 brn|[from] brn\n|upkeep\n|turn|6\n|\n|t:|1701186844\n|switch|p2a: Latios|Latios, M|100\/100\n|-activate|p1a: Lanturn|confusion\n|-damage|p1a: Lanturn|80\/100|[from] confusion\n|\n|upkeep\n|turn|7\n|\n|t:|1701186851\n|switch|p1a: Tapu Fini|Tapu Fini|100\/100\n|-fieldstart|move: Misty Terrain|[from] ability: Misty Surge|[of] p1a: Tapu Fini\n|detailschange|p2a: Latios|Latios-Mega, M\n|-mega|p2a: Latios|Latios|Latiosite\n|move|p2a: Latios|Psyshock|p1a: Tapu Fini\n|-damage|p1a: Tapu Fini|68\/100\n|\n|-heal|p1a: Tapu Fini|74\/100|[from] item: Leftovers\n|upkeep\n|turn|8\n|\n|t:|1701186860\n|switch|p2a: Mew|Mew|100\/100\n|move|p1a: Tapu Fini|Iron Defense|p1a: Tapu Fini\n|-boost|p1a: Tapu Fini|def|2\n|\n|-heal|p1a: Tapu Fini|80\/100|[from] item: Leftovers\n|-sideend|p2: Manuel_hdz15|move: Light Screen\n|upkeep\n|turn|9\n|\n|t:|1701186866\n|move|p2a: Mew|Trick|p1a: Tapu Fini\n|-activate|p2a: Mew|move: Trick|[of] p1a: Tapu Fini\n|-item|p1a: Tapu Fini|Choice Scarf|[from] move: Trick\n|-item|p2a: Mew|Leftovers|[from] move: Trick\n|move|p1a: Tapu Fini|Taunt|p2a: Mew\n|-start|p2a: Mew|move: Taunt\n|\n|upkeep\n|turn|10\n|c|\u2606alfamike|eres bueno, manuel\n|c|\u2606Manuel_hdz15|thanks\n|\n|t:|1701186897\n|move|p2a: Mew|Hyper Voice|p1a: Tapu Fini\n|-damage|p1a: Tapu Fini|41\/100\n|move|p1a: Tapu Fini|Taunt||[still]\n|-fail|p1a: Tapu Fini\n|\n|-sideend|p2: Manuel_hdz15|Reflect\n|upkeep\n|turn|11\n|\n|t:|1701186903\n|switch|p1a: Lanturn|Lanturn, F|80\/100\n|move|p2a: Mew|Hyper Voice|p1a: Lanturn\n|-damage|p1a: Lanturn|52\/100\n|\n|-fieldend|Misty Terrain\n|upkeep\n|turn|12\n|\n|t:|1701186913\n|move|p2a: Mew|Hyper Voice|p1a: Lanturn\n|-damage|p1a: Lanturn|25\/100\n|move|p1a: Lanturn|Thunder|p2a: Mew|[miss]\n|-miss|p1a: Lanturn|p2a: Mew\n|\n|-end|p2a: Mew|move: Taunt\n|upkeep\n|turn|13\n|\n|t:|1701186930\n|switch|p1a: Boby|Pelipper, M|100\/100\n|-weather|RainDance|[from] ability: Drizzle|[of] p1a: Boby\n|move|p2a: Mew|Hyper Voice|p1a: Boby\n|-damage|p1a: Boby|32\/100\n|\n|-weather|RainDance|[upkeep]\n|upkeep\n|turn|14\n|\n|t:|1701186945\n|switch|p1a: Swampert|Swampert, M|100\/100\n|move|p2a: Mew|Hyper Voice|p1a: Swampert\n|-damage|p1a: Swampert|44\/100\n|\n|-weather|RainDance|[upkeep]\n|upkeep\n|turn|15\n|\n|t:|1701186964\n|switch|p2a: Grimmsnarl|Grimmsnarl, M|38\/100 brn\n|move|p1a: Swampert|Flip Turn|p2a: Grimmsnarl\n|-damage|p2a: Grimmsnarl|0 fnt\n|faint|p2a: Grimmsnarl\n|\n|t:|1701186975\n|switch|p1a: Abedo|Floatzel, M|100\/100|[from] Flip Turn\n|\n|-weather|RainDance|[upkeep]\n|upkeep\n|\n|t:|1701186982\n|switch|p2a: Gyarados|Gyarados, M|100\/100\n|turn|16\n|\n|t:|1701187000\n|move|p1a: Abedo|Waterfall|p2a: Gyarados\n|-resisted|p2a: Gyarados\n|-damage|p2a: Gyarados|46\/100\n|move|p2a: Gyarados|Dragon Dance|p2a: Gyarados\n|-boost|p2a: Gyarados|atk|1\n|-boost|p2a: Gyarados|spe|1\n|\n|-weather|RainDance|[upkeep]\n|upkeep\n|turn|17\n|\n|t:|1701187009\n|switch|p2a: Zapdos|Zapdos|57\/100 brn\n|move|p1a: Abedo|Waterfall|p2a: Zapdos\n|-damage|p2a: Zapdos|0 fnt\n|faint|p2a: Zapdos\n|\n|-weather|none\n|upkeep\n|\n|t:|1701187018\n|switch|p2a: Gyarados|Gyarados, M|46\/100\n|turn|18\n|\n|t:|1701187030\n|move|p2a: Gyarados|Dragon Dance|p2a: Gyarados\n|-boost|p2a: Gyarados|atk|1\n|-boost|p2a: Gyarados|spe|1\n|move|p1a: Abedo|Waterfall|p2a: Gyarados\n|-resisted|p2a: Gyarados\n|-damage|p2a: Gyarados|9\/100\n|\n|upkeep\n|turn|19\n|\n|t:|1701187055\n|switch|p1a: Boby|Pelipper, M|32\/100\n|-weather|RainDance|[from] ability: Drizzle|[of] p1a: Boby\n|move|p2a: Gyarados|Bounce||[still]\n|-prepare|p2a: Gyarados|Bounce\n|\n|-weather|RainDance|[upkeep]\n|upkeep\n|turn|20\n|\n|t:|1701187068\n|move|p2a: Gyarados|Bounce|p1a: Boby|[from]lockedmove\n|-damage|p1a: Boby|0 fnt\n|faint|p1a: Boby\n|-ability|p2a: Gyarados|Moxie|boost\n|-boost|p2a: Gyarados|atk|1\n|\n|-weather|RainDance|[upkeep]\n|upkeep\n|\n|t:|1701187074\n|switch|p1a: Abedo|Floatzel, M|100\/100\n|turn|21\n|\n|t:|1701187081\n|move|p1a: Abedo|Ice Punch|p2a: Gyarados\n|-damage|p2a: Gyarados|0 fnt\n|faint|p2a: Gyarados\n|\n|-weather|RainDance|[upkeep]\n|upkeep\n|\n|t:|1701187084\n|switch|p2a: Mew|Mew|100\/100\n|turn|22\n|\n|t:|1701187092\n|switch|p1a: Lanturn|Lanturn, F|25\/100\n|move|p2a: Mew|Imprison|p2a: Mew\n|-start|p2a: Mew|move: Imprison\n|\n|-weather|RainDance|[upkeep]\n|upkeep\n|turn|23\n|\n|t:|1701187108\n|move|p2a: Mew|Transform|p1a: Lanturn\n|-transform|p2a: Mew|p1a: Lanturn\n|cant|p1a: Lanturn|move: Imprison|Scald\n|\n|-weather|none\n|upkeep\n|turn|24\n|c|\u2606alfamike|qu\u00e9 bueno manuel\n|\n|t:|1701187132\n|move|p2a: Mew|Scald|p1a: Lanturn\n|-resisted|p1a: Lanturn\n|-damage|p1a: Lanturn|17\/100\n|-status|p1a: Lanturn|brn\n|-activate|p1a: Lanturn|move: Struggle\n|move|p1a: Lanturn|Struggle|p2a: Mew\n|-damage|p2a: Mew|96\/100\n|-damage|p1a: Lanturn|0 fnt|[from] recoil\n|faint|p1a: Lanturn\n|\n|-heal|p2a: Mew|100\/100|[from] item: Leftovers\n|upkeep\n|\n|t:|1701187142\n|switch|p1a: Swampert|Swampert, M|44\/100\n|turn|25\n|\n|t:|1701187150\n|switch|p2a: Latios|Latios-Mega, M|100\/100\n|move|p1a: Swampert|Earthquake|p2a: Latios\n|-immune|p2a: Latios|[from] ability: Levitate\n|\n|upkeep\n|turn|26\n|\n|t:|1701187169\n|detailschange|p1a: Swampert|Swampert-Mega, M\n|-mega|p1a: Swampert|Swampert|Swampertite\n|move|p2a: Latios|Psyshock|p1a: Swampert\n|-damage|p1a: Swampert|1\/100\n|move|p1a: Swampert|Flip Turn|p2a: Latios\n|-resisted|p2a: Latios\n|-crit|p2a: Latios\n|-damage|p2a: Latios|66\/100\n|\n|t:|1701187179\n|switch|p1a: Tapu Fini|Tapu Fini|41\/100|[from] Flip Turn\n|-fieldstart|move: Misty Terrain|[from] ability: Misty Surge|[of] p1a: Tapu Fini\n|\n|upkeep\n|turn|27\n|\n|t:|1701187185\n|move|p2a: Latios|Psyshock|p1a: Tapu Fini\n|-damage|p1a: Tapu Fini|11\/100\n|move|p1a: Tapu Fini|Draining Kiss|p2a: Latios\n|-supereffective|p2a: Latios\n|-damage|p2a: Latios|35\/100\n|-heal|p1a: Tapu Fini|31\/100|[from] drain|[of] p2a: Latios\n|\n|upkeep\n|turn|28\n|\n|t:|1701187192\n|switch|p2a: Mew|Mew|100\/100\n|move|p1a: Tapu Fini|Draining Kiss|p2a: Mew\n|-damage|p2a: Mew|89\/100\n|-heal|p1a: Tapu Fini|41\/100|[from] drain|[of] p2a: Mew\n|\n|-heal|p2a: Mew|95\/100|[from] item: Leftovers\n|upkeep\n|turn|29\n|\n|t:|1701187199\n|move|p1a: Tapu Fini|Draining Kiss|p2a: Mew\n|-damage|p2a: Mew|84\/100\n|-heal|p1a: Tapu Fini|51\/100|[from] drain|[of] p2a: Mew\n|move|p2a: Mew|Block|p1a: Tapu Fini\n|-activate|p1a: Tapu Fini|trapped\n|\n|-heal|p2a: Mew|90\/100|[from] item: Leftovers\n|upkeep\n|turn|30\n|\n|t:|1701187208\n|move|p1a: Tapu Fini|Draining Kiss|p2a: Mew\n|-damage|p2a: Mew|79\/100\n|-heal|p1a: Tapu Fini|61\/100|[from] drain|[of] p2a: Mew\n|move|p2a: Mew|Imprison|p2a: Mew\n|-start|p2a: Mew|move: Imprison\n|\n|-heal|p2a: Mew|85\/100|[from] item: Leftovers\n|-fieldend|Misty Terrain\n|upkeep\n|turn|31\n|\n|t:|1701187231\n|move|p1a: Tapu Fini|Draining Kiss|p2a: Mew\n|-damage|p2a: Mew|74\/100\n|-heal|p1a: Tapu Fini|72\/100|[from] drain|[of] p2a: Mew\n|move|p2a: Mew|Transform|p1a: Tapu Fini\n|-transform|p2a: Mew|p1a: Tapu Fini\n|-fieldstart|move: Misty Terrain|[from] ability: Misty Surge|[of] p2a: Mew\n|\n|-heal|p2a: Mew|80\/100|[from] item: Leftovers\n|upkeep\n|turn|32\n|\n|t:|1701187243\n|-activate|p1a: Tapu Fini|move: Struggle\n|move|p1a: Tapu Fini|Struggle|p2a: Mew\n|-damage|p2a: Mew|75\/100\n|-damage|p1a: Tapu Fini|47\/100|[from] recoil\n|move|p2a: Mew|Iron Defense|p2a: Mew\n|-boost|p2a: Mew|def|2\n|\n|-heal|p2a: Mew|81\/100|[from] item: Leftovers\n|upkeep\n|turn|33\n|c|\u2606alfamike|hahahaha\n|c|\u2606alfamike|how can this be legal?\n|c|\u2606alfamike|como puede ser legal esto?\n|c|\u2606Manuel_hdz15|is a gimmick\n|\n|t:|1701187279\n|-activate|p1a: Tapu Fini|move: Struggle\n|move|p1a: Tapu Fini|Struggle|p2a: Mew\n|-damage|p2a: Mew|79\/100\n|-damage|p1a: Tapu Fini|22\/100|[from] recoil\n|move|p2a: Mew|Iron Defense|p2a: Mew\n|-boost|p2a: Mew|def|2\n|\n|-heal|p2a: Mew|85\/100|[from] item: Leftovers\n|upkeep\n|turn|34\n|c|\u2606alfamike|man, megablastoise is banned and this isn't banned\n|c|\u2606Manuel_hdz15|it doesn't always work\n|c|\u2606alfamike|i literally can't do anything\n|c|\u2606Manuel_hdz15|if it doesn't work, mew becomes useless\n|\n|t:|1701187331\n|-activate|p1a: Tapu Fini|move: Struggle\n|move|p1a: Tapu Fini|Struggle|p2a: Mew\n|-damage|p2a: Mew|83\/100\n|-damage|p1a: Tapu Fini|0 fnt|[from] recoil\n|faint|p1a: Tapu Fini\n|move|p2a: Mew|Calm Mind|p2a: Mew\n|-boost|p2a: Mew|spa|1\n|-boost|p2a: Mew|spd|1\n|\n|-heal|p2a: Mew|90\/100|[from] item: Leftovers\n|upkeep\n|\n|t:|1701187351\n|switch|p1a: Swampert|Swampert-Mega, M|1\/100\n|turn|35\n|\n|t:|1701187357\n|move|p1a: Swampert|Flip Turn|p2a: Mew\n|-resisted|p2a: Mew\n|-damage|p2a: Mew|86\/100\n|\n|t:|1701187361\n|switch|p1a: Poliwrath|Poliwrath, M|100\/100|[from] Flip Turn\n|move|p2a: Mew|Draining Kiss|p1a: Poliwrath\n|-supereffective|p1a: Poliwrath\n|-damage|p1a: Poliwrath|43\/100\n|-heal|p2a: Mew|100\/100|[from] drain|[of] p1a: Poliwrath\n|\n|-fieldend|Misty Terrain\n|upkeep\n|turn|36\n|\n|t:|1701187370\n|-zpower|p1a: Poliwrath\n|move|p1a: Poliwrath|Z-Hypnosis|p2a: Mew|[anim]Hypnosis\n|-boost|p1a: Poliwrath|spe|1|[zeffect]\n|-status|p2a: Mew|slp|[from] move: Hypnosis\n|cant|p2a: Mew|slp\n|\n|upkeep\n|turn|37\n|\n|t:|1701187382\n|move|p1a: Poliwrath|Drain Punch|p2a: Mew\n|-resisted|p2a: Mew\n|-damage|p2a: Mew|98\/100 slp\n|-heal|p1a: Poliwrath|44\/100|[from] drain|[of] p2a: Mew\n|cant|p2a: Mew|slp\n|\n|-heal|p2a: Mew|100\/100 slp|[from] item: Leftovers\n|upkeep\n|turn|38\n|\n|t:|1701187390\n|move|p1a: Poliwrath|Drain Punch|p2a: Mew\n|-resisted|p2a: Mew\n|-damage|p2a: Mew|98\/100 slp\n|-heal|p1a: Poliwrath|46\/100|[from] drain|[of] p2a: Mew\n|-curestatus|p2a: Mew|slp|[msg]\n|move|p2a: Mew|Draining Kiss|p1a: Poliwrath\n|-supereffective|p1a: Poliwrath\n|-damage|p1a: Poliwrath|0 fnt\n|-heal|p2a: Mew|100\/100|[from] drain|[of] p1a: Poliwrath\n|faint|p1a: Poliwrath\n|\n|upkeep\n|c|\u2606alfamike|gg manuel\n|c|\u2606Manuel_hdz15|gg\n|-message|alfamike forfeited.\n|\n|win|Manuel_hdz15\n|raw|alfamike's rating: 1316 &rarr; <strong>1300<\/strong><br \/>(-16 for losing)\n|raw|Manuel_hdz15's rating: 1382 &rarr; <strong>1398<\/strong><br \/>(+16 for winning)\n|l|\u2606alfamike\n","uploadtime":1701187452,"views":1,"p1id":"alfamike","p2id":"manuelhdz15","formatid":"gen9nationaldex","rating":1300,"private":0,"password":""}