{"id":"gen9nationaldex-1992313238","p1":"mcklemmeglad","p2":"ManiacMilk","format":"[Gen 9] National Dex","log":"|j|\u2606mcklemmeglad\n|j|\u2606ManiacMilk\n|t:|1700173646\n|gametype|singles\n|player|p1|mcklemmeglad|ninjaboy|1260\n|player|p2|ManiacMilk|kimonogirl|1308\n|teamsize|p1|6\n|teamsize|p2|6\n|gen|9\n|tier|[Gen 9] National Dex\n|rated|\n|rule|HP Percentage Mod: HP is shown in percentages\n|rule|Endless Battle Clause: Forcing endless battles is banned\n|rule|OHKO Clause: OHKO moves are banned\n|rule|Evasion Clause: Evasion abilities, items, and moves are banned\n|rule|Evasion Abilities Clause: Evasion abilities are banned\n|rule|Evasion Items Clause: Evasion items are banned\n|rule|Evasion Moves Clause: Evasion moves are banned\n|rule|Species Clause: Limit one of each Pok\u00e9mon\n|rule|Sleep Clause Mod: Limit one foe put to sleep\n|clearpoke\n|poke|p1|Aron, L1, M|\n|poke|p1|Bronzong|\n|poke|p1|Slowking-Galar, F|\n|poke|p1|Tyranitar, M|\n|poke|p1|Dhelmise|\n|poke|p1|Kartana|\n|poke|p2|Mienshao, F|\n|poke|p2|Garganacl, M|\n|poke|p2|Landorus-Therian, M|\n|poke|p2|Ferrothorn, M|\n|poke|p2|Skeledirge, M|\n|poke|p2|Glimmora, M|\n|teampreview\n|inactive|Battle timer is ON: inactive players will automatically lose when time's up. (requested by ManiacMilk)\n|\n|t:|1700173654\n|start\n|switch|p1a: Slowking|Slowking-Galar, F|100\/100\n|switch|p2a: Garganacl|Garganacl, M|100\/100\n|turn|1\n|\n|t:|1700173667\n|move|p2a: Garganacl|Substitute|p2a: Garganacl\n|-start|p2a: Garganacl|Substitute\n|-damage|p2a: Garganacl|75\/100\n|move|p1a: Slowking|Future Sight|p2a: Garganacl\n|-start|p1a: Slowking|move: Future Sight\n|\n|-heal|p2a: Garganacl|82\/100|[from] item: Leftovers\n|upkeep\n|turn|2\n|\n|t:|1700173674\n|switch|p1a: Kartana|Kartana|100\/100\n|move|p2a: Garganacl|Salt Cure|p1a: Kartana\n|-resisted|p1a: Kartana\n|-damage|p1a: Kartana|94\/100\n|-start|p1a: Kartana|Salt Cure\n|\n|-heal|p2a: Garganacl|88\/100|[from] item: Leftovers\n|-damage|p1a: Kartana|69\/100|[from] Salt Cure\n|upkeep\n|turn|3\n|\n|t:|1700173679\n|move|p2a: Garganacl|Protect|p2a: Garganacl\n|-singleturn|p2a: Garganacl|Protect\n|move|p1a: Kartana|Sacred Sword|p2a: Garganacl\n|-activate|p2a: Garganacl|move: Protect\n|\n|-end|p2a: Garganacl|move: Future Sight\n|-end|p2a: Garganacl|Substitute\n|-heal|p2a: Garganacl|94\/100|[from] item: Leftovers\n|-damage|p1a: Kartana|44\/100|[from] Salt Cure\n|upkeep\n|turn|4\n|\n|t:|1700173690\n|-terastallize|p2a: Garganacl|Ghost\n|move|p1a: Kartana|Sacred Sword|p2a: Garganacl\n|-immune|p2a: Garganacl\n|move|p2a: Garganacl|Substitute|p2a: Garganacl\n|-start|p2a: Garganacl|Substitute\n|-damage|p2a: Garganacl|69\/100\n|\n|-heal|p2a: Garganacl|75\/100|[from] item: Leftovers\n|-damage|p1a: Kartana|19\/100|[from] Salt Cure\n|upkeep\n|turn|5\n|\n|t:|1700173697\n|switch|p1a: Tyranitar|Tyranitar, M|100\/100\n|-weather|Sandstorm|[from] ability: Sand Stream|[of] p1a: Tyranitar\n|move|p2a: Garganacl|Salt Cure|p1a: Tyranitar\n|-damage|p1a: Tyranitar|90\/100\n|-start|p1a: Tyranitar|Salt Cure\n|\n|-weather|Sandstorm|[upkeep]\n|-damage|p2a: Garganacl|69\/100|[from] Sandstorm\n|-heal|p2a: Garganacl|75\/100|[from] item: Leftovers\n|-damage|p1a: Tyranitar|78\/100|[from] Salt Cure\n|upkeep\n|turn|6\n|\n|t:|1700173713\n|move|p2a: Garganacl|Protect|p2a: Garganacl\n|-singleturn|p2a: Garganacl|Protect\n|move|p1a: Tyranitar|Pursuit|p2a: Garganacl\n|-activate|p2a: Garganacl|move: Protect\n|\n|-weather|Sandstorm|[upkeep]\n|-damage|p2a: Garganacl|69\/100|[from] Sandstorm\n|-heal|p2a: Garganacl|75\/100|[from] item: Leftovers\n|-damage|p1a: Tyranitar|65\/100|[from] Salt Cure\n|upkeep\n|turn|7\n|\n|t:|1700173724\n|move|p1a: Tyranitar|Pursuit|p2a: Garganacl\n|-supereffective|p2a: Garganacl\n|-end|p2a: Garganacl|Substitute\n|move|p2a: Garganacl|Substitute|p2a: Garganacl\n|-start|p2a: Garganacl|Substitute\n|-damage|p2a: Garganacl|50\/100\n|\n|-weather|Sandstorm|[upkeep]\n|-damage|p2a: Garganacl|44\/100|[from] Sandstorm\n|-heal|p2a: Garganacl|50\/100|[from] item: Leftovers\n|-damage|p1a: Tyranitar|53\/100|[from] Salt Cure\n|upkeep\n|turn|8\n|\n|t:|1700173728\n|move|p2a: Garganacl|Protect|p2a: Garganacl\n|-singleturn|p2a: Garganacl|Protect\n|move|p1a: Tyranitar|Pursuit|p2a: Garganacl\n|-activate|p2a: Garganacl|move: Protect\n|\n|-weather|Sandstorm|[upkeep]\n|-damage|p2a: Garganacl|44\/100|[from] Sandstorm\n|-heal|p2a: Garganacl|50\/100|[from] item: Leftovers\n|-damage|p1a: Tyranitar|41\/100|[from] Salt Cure\n|upkeep\n|turn|9\n|\n|t:|1700173734\n|move|p1a: Tyranitar|Pursuit|p2a: Garganacl\n|-supereffective|p2a: Garganacl\n|-end|p2a: Garganacl|Substitute\n|move|p2a: Garganacl|Recover|p2a: Garganacl\n|-heal|p2a: Garganacl|99\/100\n|\n|-weather|Sandstorm|[upkeep]\n|-damage|p2a: Garganacl|94\/100|[from] Sandstorm\n|-heal|p2a: Garganacl|99\/100|[from] item: Leftovers\n|-damage|p1a: Tyranitar|28\/100|[from] Salt Cure\n|upkeep\n|turn|10\n|\n|t:|1700173746\n|move|p1a: Tyranitar|Pursuit|p2a: Garganacl\n|-supereffective|p2a: Garganacl\n|-damage|p2a: Garganacl|75\/100\n|move|p2a: Garganacl|Substitute|p2a: Garganacl\n|-start|p2a: Garganacl|Substitute\n|-damage|p2a: Garganacl|50\/100\n|\n|-weather|Sandstorm|[upkeep]\n|-damage|p2a: Garganacl|44\/100|[from] Sandstorm\n|-heal|p2a: Garganacl|50\/100|[from] item: Leftovers\n|-damage|p1a: Tyranitar|16\/100|[from] Salt Cure\n|upkeep\n|turn|11\n|\n|t:|1700173754\n|switch|p1a: Slowking|Slowking-Galar, F|100\/100\n|move|p2a: Garganacl|Protect||[still]\n|-fail|p2a: Garganacl\n|\n|-weather|Sandstorm|[upkeep]\n|-damage|p2a: Garganacl|44\/100|[from] Sandstorm\n|-damage|p1a: Slowking|94\/100|[from] Sandstorm\n|-heal|p2a: Garganacl|50\/100|[from] item: Leftovers\n|-heal|p1a: Slowking|100\/100|[from] item: Black Sludge\n|upkeep\n|turn|12\n|\n|t:|1700173757\n|move|p2a: Garganacl|Salt Cure|p1a: Slowking\n|-damage|p1a: Slowking|87\/100\n|-start|p1a: Slowking|Salt Cure\n|move|p1a: Slowking|Future Sight|p2a: Garganacl\n|-start|p1a: Slowking|move: Future Sight\n|\n|-weather|none\n|-heal|p2a: Garganacl|56\/100|[from] item: Leftovers\n|-heal|p1a: Slowking|93\/100|[from] item: Black Sludge\n|-damage|p1a: Slowking|80\/100|[from] Salt Cure\n|upkeep\n|turn|13\n|\n|t:|1700173761\n|move|p2a: Garganacl|Recover|p2a: Garganacl\n|-heal|p2a: Garganacl|100\/100\n|move|p1a: Slowking|Chilly Reception|p1a: Slowking\n|-weather|Snow\n|\n|t:|1700173764\n|switch|p1a: Aron|Aron, L1, M|100\/100|[from] Chilly Reception\n|\n|-weather|Snow|[upkeep]\n|upkeep\n|turn|14\n|-message|mcklemmeglad forfeited.\n|\n|win|ManiacMilk\n|raw|mcklemmeglad's rating: 1260 &rarr; <strong>1238<\/strong><br \/>(-22 for losing)\n|raw|ManiacMilk's rating: 1308 &rarr; <strong>1325<\/strong><br \/>(+17 for winning)\n|l|\u2606mcklemmeglad\n","uploadtime":1700173782,"views":5,"p1id":"mcklemmeglad","p2id":"maniacmilk","formatid":"gen9nationaldex","rating":1238,"private":0,"password":""}