{"id":"gen9nationaldex-1999734330","p1":"elvisma","p2":"jkljlkh","format":"[Gen 9] National Dex","log":"|html|<div class=\"broadcast-blue\"><strong>[Gen 9] National Dex is currently suspecting Sneasler! For information on how to participate check out the <a href=\"https:\/\/www.smogon.com\/forums\/threads\/sv-national-dex-suspect-8-just-dance.3731534\/\">suspect thread<\/a>.<\/strong><\/div>\n|j|\u2606elvisma\n|j|\u2606jkljlkh\n|t:|1701111984\n|gametype|singles\n|player|p1|elvisma|red-masters|1714\n|player|p2|jkljlkh|170|1890\n|teamsize|p1|6\n|teamsize|p2|6\n|gen|9\n|tier|[Gen 9] National Dex\n|rated|\n|rule|HP Percentage Mod: HP is shown in percentages\n|rule|Endless Battle Clause: Forcing endless battles is banned\n|rule|OHKO Clause: OHKO moves are banned\n|rule|Evasion Clause: Evasion abilities, items, and moves are banned\n|rule|Evasion Abilities Clause: Evasion abilities are banned\n|rule|Evasion Items Clause: Evasion items are banned\n|rule|Evasion Moves Clause: Evasion moves are banned\n|rule|Species Clause: Limit one of each Pok\u00e9mon\n|rule|Sleep Clause Mod: Limit one foe put to sleep\n|clearpoke\n|poke|p1|Azelf|\n|poke|p1|Charizard, M|\n|poke|p1|Ribombee, F|\n|poke|p1|Great Tusk|\n|poke|p1|Ogerpon-Wellspring, F|\n|poke|p1|Victini|\n|poke|p2|Toxapex, F|\n|poke|p2|Dondozo, F|\n|poke|p2|Gliscor, F|\n|poke|p2|Blissey, F|\n|poke|p2|Corviknight, F|\n|poke|p2|Tyranitar, F|\n|teampreview\n|c|\u2606elvisma|MOTHER FU-\n|c|\u2606jkljlkh|?\n|c|\u2606jkljlkh|what\n|c|\u2606elvisma|man i dont wanna play for 10 minutes\n|inactive|Battle timer is ON: inactive players will automatically lose when time's up. (requested by jkljlkh)\n|c|\u2606jkljlkh|forfeit?\n|\n|t:|1701112014\n|start\n|switch|p1a: touchgrassdrinkH2O|Ogerpon-Wellspring, F|100\/100\n|switch|p2a: Gliscor|Gliscor, F|100\/100\n|turn|1\n|c|\u2606elvisma|naw i can try\n|\n|t:|1701112022\n|move|p1a: touchgrassdrinkH2O|Swords Dance|p1a: touchgrassdrinkH2O\n|-boost|p1a: touchgrassdrinkH2O|atk|2\n|move|p2a: Gliscor|Toxic|p1a: touchgrassdrinkH2O\n|-status|p1a: touchgrassdrinkH2O|tox\n|\n|-damage|p1a: touchgrassdrinkH2O|95\/100 tox|[from] psn\n|-status|p2a: Gliscor|tox|[from] item: Toxic Orb\n|upkeep\n|turn|2\n|\n|t:|1701112029\n|move|p2a: Gliscor|Protect|p2a: Gliscor\n|-singleturn|p2a: Gliscor|Protect\n|move|p1a: touchgrassdrinkH2O|Swords Dance|p1a: touchgrassdrinkH2O\n|-boost|p1a: touchgrassdrinkH2O|atk|2\n|\n|-damage|p1a: touchgrassdrinkH2O|83\/100 tox|[from] psn\n|upkeep\n|turn|3\n|\n|t:|1701112034\n|switch|p2a: Toxapex|Toxapex, F|100\/100\n|move|p1a: touchgrassdrinkH2O|Horn Leech|p2a: Toxapex\n|-damage|p2a: Toxapex|12\/100\n|-heal|p1a: touchgrassdrinkH2O|100\/100 tox|[from] drain|[of] p2a: Toxapex\n|\n|-damage|p1a: touchgrassdrinkH2O|83\/100 tox|[from] psn\n|upkeep\n|turn|4\n|\n|t:|1701112037\n|move|p2a: Toxapex|Baneful Bunker|p2a: Toxapex\n|-singleturn|p2a: Toxapex|move: Protect\n|move|p1a: touchgrassdrinkH2O|Ivy Cudgel|p2a: Toxapex|[anim] Ivy Cudgel Water\n|-activate|p2a: Toxapex|move: Protect\n|\n|-damage|p1a: touchgrassdrinkH2O|59\/100 tox|[from] psn\n|upkeep\n|turn|5\n|\n|t:|1701112047\n|switch|p2a: Dondozo|Dondozo, F|100\/100\n|move|p1a: touchgrassdrinkH2O|Ivy Cudgel|p2a: Dondozo|[anim] Ivy Cudgel Water\n|-resisted|p2a: Dondozo\n|-damage|p2a: Dondozo|87\/100\n|\n|-damage|p1a: touchgrassdrinkH2O|29\/100 tox|[from] psn\n|upkeep\n|turn|6\n|\n|t:|1701112051\n|move|p1a: touchgrassdrinkH2O|Horn Leech|p2a: Dondozo\n|-supereffective|p2a: Dondozo\n|-damage|p2a: Dondozo|49\/100\n|-heal|p1a: touchgrassdrinkH2O|61\/100 tox|[from] drain|[of] p2a: Dondozo\n|move|p2a: Dondozo|Body Press|p1a: touchgrassdrinkH2O\n|-damage|p1a: touchgrassdrinkH2O|23\/100 tox\n|\n|-damage|p1a: touchgrassdrinkH2O|0 fnt|[from] psn\n|faint|p1a: touchgrassdrinkH2O\n|upkeep\n|\n|t:|1701112071\n|switch|p1a: V create spam|Victini|100\/100\n|turn|7\n|\n|t:|1701112074\n|switch|p2a: Tyranitar|Tyranitar, F|100\/100\n|-weather|Sandstorm|[from] ability: Sand Stream|[of] p2a: Tyranitar\n|move|p1a: V create spam|Energy Ball|p2a: Tyranitar\n|-supereffective|p2a: Tyranitar\n|-damage|p2a: Tyranitar|76\/100\n|\n|-weather|Sandstorm|[upkeep]\n|-damage|p1a: V create spam|94\/100|[from] Sandstorm\n|upkeep\n|turn|8\n|\n|t:|1701112078\n|detailschange|p2a: Tyranitar|Tyranitar-Mega, F\n|-mega|p2a: Tyranitar|Tyranitar|Tyranitarite\n|-zpower|p1a: V create spam\n|move|p1a: V create spam|Z-Celebrate|p1a: V create spam|[anim]Celebrate\n|-boost|p1a: V create spam|atk|1|[zeffect]\n|-boost|p1a: V create spam|def|1|[zeffect]\n|-boost|p1a: V create spam|spa|1|[zeffect]\n|-boost|p1a: V create spam|spd|1|[zeffect]\n|-boost|p1a: V create spam|spe|1|[zeffect]\n|-activate|p1a: V create spam|move: Celebrate\n|move|p2a: Tyranitar|Pursuit|p1a: V create spam\n|-supereffective|p1a: V create spam\n|-damage|p1a: V create spam|66\/100\n|\n|-weather|Sandstorm|[upkeep]\n|-damage|p1a: V create spam|59\/100|[from] Sandstorm\n|upkeep\n|turn|9\n|\n|t:|1701112081\n|move|p1a: V create spam|Energy Ball|p2a: Tyranitar\n|-supereffective|p2a: Tyranitar\n|-damage|p2a: Tyranitar|44\/100\n|move|p2a: Tyranitar|Knock Off|p1a: V create spam\n|-supereffective|p1a: V create spam\n|-damage|p1a: V create spam|11\/100\n|\n|-weather|Sandstorm|[upkeep]\n|-damage|p1a: V create spam|5\/100|[from] Sandstorm\n|upkeep\n|turn|10\n|\n|t:|1701112084\n|move|p1a: V create spam|Energy Ball|p2a: Tyranitar\n|-supereffective|p2a: Tyranitar\n|-damage|p2a: Tyranitar|12\/100\n|move|p2a: Tyranitar|Pursuit|p1a: V create spam\n|-supereffective|p1a: V create spam\n|-damage|p1a: V create spam|0 fnt\n|faint|p1a: V create spam\n|\n|-weather|Sandstorm|[upkeep]\n|upkeep\n|\n|t:|1701112089\n|switch|p1a: pls dont u-turn|Azelf|100\/100\n|turn|11\n|\n|t:|1701112091\n|move|p1a: pls dont u-turn|Dazzling Gleam|p2a: Tyranitar\n|-supereffective|p2a: Tyranitar\n|-damage|p2a: Tyranitar|0 fnt\n|faint|p2a: Tyranitar\n|\n|-weather|none\n|upkeep\n|\n|t:|1701112095\n|switch|p2a: Corviknight|Corviknight, F|100\/100\n|-ability|p2a: Corviknight|Pressure\n|turn|12\n|\n|t:|1701112099\n|move|p2a: Corviknight|Protect|p2a: Corviknight\n|-singleturn|p2a: Corviknight|Protect\n|move|p1a: pls dont u-turn|Mystical Power|p2a: Corviknight\n|-activate|p2a: Corviknight|move: Protect\n|\n|upkeep\n|turn|13\n|\n|t:|1701112103\n|move|p1a: pls dont u-turn|Mystical Power|p2a: Corviknight\n|-resisted|p2a: Corviknight\n|-damage|p2a: Corviknight|89\/100\n|-boost|p1a: pls dont u-turn|spa|1\n|move|p2a: Corviknight|Iron Head|p1a: pls dont u-turn\n|-damage|p1a: pls dont u-turn|63\/100\n|\n|-heal|p2a: Corviknight|95\/100|[from] item: Leftovers\n|upkeep\n|turn|14\n|\n|t:|1701112108\n|-terastallize|p1a: pls dont u-turn|Electric\n|move|p1a: pls dont u-turn|Thunderbolt|p2a: Corviknight\n|-supereffective|p2a: Corviknight\n|-damage|p2a: Corviknight|0 fnt\n|faint|p2a: Corviknight\n|\n|upkeep\n|\n|t:|1701112116\n|switch|p2a: Blissey|Blissey, F|100\/100\n|turn|15\n|\n|t:|1701112123\n|switch|p1a: SPIN TO WIN|Great Tusk|100\/100\n|-enditem|p1a: SPIN TO WIN|Booster Energy\n|-activate|p1a: SPIN TO WIN|ability: Protosynthesis|[fromitem]\n|-start|p1a: SPIN TO WIN|protosynthesisatk\n|move|p2a: Blissey|Seismic Toss|p1a: SPIN TO WIN\n|-damage|p1a: SPIN TO WIN|74\/100\n|\n|upkeep\n|turn|16\n|\n|t:|1701112135\n|switch|p2a: Gliscor|Gliscor, F|100\/100 tox\n|move|p1a: SPIN TO WIN|Headlong Rush|p2a: Gliscor\n|-immune|p2a: Gliscor\n|\n|upkeep\n|turn|17\n|\n|t:|1701112138\n|move|p2a: Gliscor|Protect|p2a: Gliscor\n|-singleturn|p2a: Gliscor|Protect\n|move|p1a: SPIN TO WIN|Ice Spinner|p2a: Gliscor\n|-activate|p2a: Gliscor|move: Protect\n|\n|upkeep\n|turn|18\n|\n|t:|1701112142\n|switch|p2a: Toxapex|Toxapex, F|46\/100\n|move|p1a: SPIN TO WIN|Headlong Rush|p2a: Toxapex\n|-supereffective|p2a: Toxapex\n|-damage|p2a: Toxapex|0 fnt\n|-unboost|p1a: SPIN TO WIN|def|1\n|-unboost|p1a: SPIN TO WIN|spd|1\n|faint|p2a: Toxapex\n|\n|upkeep\n|\n|t:|1701112145\n|switch|p2a: Dondozo|Dondozo, F|49\/100\n|turn|19\n|\n|t:|1701112156\n|move|p1a: SPIN TO WIN|Close Combat|p2a: Dondozo\n|-damage|p2a: Dondozo|15\/100\n|-unboost|p1a: SPIN TO WIN|def|1\n|-unboost|p1a: SPIN TO WIN|spd|1\n|move|p2a: Dondozo|Rest|p2a: Dondozo\n|-status|p2a: Dondozo|slp|[from] move: Rest\n|-heal|p2a: Dondozo|100\/100 slp|[silent]\n|\n|upkeep\n|turn|20\n|\n|t:|1701112159\n|move|p1a: SPIN TO WIN|Close Combat|p2a: Dondozo\n|-damage|p2a: Dondozo|65\/100 slp\n|-unboost|p1a: SPIN TO WIN|def|1\n|-unboost|p1a: SPIN TO WIN|spd|1\n|cant|p2a: Dondozo|slp\n|move|p2a: Dondozo|Sleep Talk|p2a: Dondozo\n|move|p2a: Dondozo|Body Press|p1a: SPIN TO WIN|[from]move: Sleep Talk\n|-damage|p1a: SPIN TO WIN|54\/100\n|\n|upkeep\n|turn|21\n|\n|t:|1701112161\n|move|p1a: SPIN TO WIN|Close Combat|p2a: Dondozo\n|-damage|p2a: Dondozo|25\/100 slp\n|-unboost|p1a: SPIN TO WIN|def|1\n|-unboost|p1a: SPIN TO WIN|spd|1\n|cant|p2a: Dondozo|slp\n|move|p2a: Dondozo|Sleep Talk|p2a: Dondozo\n|move|p2a: Dondozo|Rest||[from]move: Sleep Talk|[still]\n|-fail|p2a: Dondozo\n|\n|upkeep\n|turn|22\n|\n|t:|1701112165\n|move|p1a: SPIN TO WIN|Close Combat|p2a: Dondozo\n|-damage|p2a: Dondozo|0 fnt\n|-unboost|p1a: SPIN TO WIN|def|1\n|-unboost|p1a: SPIN TO WIN|spd|1\n|faint|p2a: Dondozo\n|\n|upkeep\n|\n|t:|1701112170\n|switch|p2a: Gliscor|Gliscor, F|100\/100 tox\n|turn|23\n|c|\u2606elvisma|alright i tried\n|\n|t:|1701112175\n|-terastallize|p2a: Gliscor|Dark\n|move|p1a: SPIN TO WIN|Ice Spinner|p2a: Gliscor\n|-damage|p2a: Gliscor|80\/100 tox\n|move|p2a: Gliscor|Earthquake|p1a: SPIN TO WIN\n|-damage|p1a: SPIN TO WIN|0 fnt\n|faint|p1a: SPIN TO WIN\n|-end|p1a: SPIN TO WIN|Protosynthesis|[silent]\n|\n|-heal|p2a: Gliscor|92\/100 tox|[from] ability: Poison Heal\n|upkeep\n|\n|t:|1701112181\n|switch|p1a: ZA BEE|Ribombee, F|100\/100\n|turn|24\n|\n|t:|1701112183\n|move|p1a: ZA BEE|Moonblast|p2a: Gliscor\n|-supereffective|p2a: Gliscor\n|-damage|p2a: Gliscor|0 fnt\n|faint|p2a: Gliscor\n|\n|upkeep\n|\n|t:|1701112185\n|switch|p2a: Blissey|Blissey, F|100\/100\n|turn|25\n|\n|t:|1701112189\n|move|p1a: ZA BEE|Bug Buzz|p2a: Blissey\n|-damage|p2a: Blissey|89\/100\n|move|p2a: Blissey|Calm Mind|p2a: Blissey\n|-boost|p2a: Blissey|spa|1\n|-boost|p2a: Blissey|spd|1\n|\n|upkeep\n|turn|26\n|\n|t:|1701112195\n|switch|p1a: ampheros|Charizard, M|100\/100\n|move|p2a: Blissey|Calm Mind|p2a: Blissey\n|-boost|p2a: Blissey|spa|1\n|-boost|p2a: Blissey|spd|1\n|\n|upkeep\n|turn|27\n|\n|t:|1701112198\n|move|p1a: ampheros|Dragon Dance|p1a: ampheros\n|-boost|p1a: ampheros|atk|1\n|-boost|p1a: ampheros|spe|1\n|move|p2a: Blissey|Seismic Toss|p1a: ampheros\n|-damage|p1a: ampheros|67\/100\n|\n|upkeep\n|turn|28\n|c|\u2606jkljlkh|ok gg\n|\n|t:|1701112205\n|detailschange|p1a: ampheros|Charizard-Mega-X, M\n|-mega|p1a: ampheros|Charizard|Charizardite X\n|move|p1a: ampheros|Dragon Claw|p2a: Blissey\n|-crit|p2a: Blissey\n|-damage|p2a: Blissey|0 fnt\n|faint|p2a: Blissey\n|\n|win|elvisma\n|raw|elvisma's rating: 1714 &rarr; <strong>1743<\/strong><br \/>(+29 for winning)\n|raw|jkljlkh's rating: 1890 &rarr; <strong>1861<\/strong><br \/>(-29 for losing)\n|l|\u2606jkljlkh\n|c|\u2606elvisma|g\n|c|\u2606elvisma|g\n","uploadtime":1701112211,"views":14,"p1id":"elvisma","p2id":"jkljlkh","formatid":"gen9nationaldex","rating":1743,"private":0,"password":""}