{"id":"gen9nationaldex-1993337655","p1":"BeyondTrash","p2":"Rhyfinn 05","format":"[Gen 9] National Dex","log":"|j|\u2606BeyondTrash\n|j|\u2606Rhyfinn 05\n|t:|1700301233\n|gametype|singles\n|player|p1|BeyondTrash|hiker|1147\n|player|p2|Rhyfinn 05|alder|1073\n|teamsize|p1|6\n|teamsize|p2|6\n|gen|9\n|tier|[Gen 9] National Dex\n|rated|\n|rule|HP Percentage Mod: HP is shown in percentages\n|rule|Endless Battle Clause: Forcing endless battles is banned\n|rule|OHKO Clause: OHKO moves are banned\n|rule|Evasion Clause: Evasion abilities, items, and moves are banned\n|rule|Evasion Abilities Clause: Evasion abilities are banned\n|rule|Evasion Items Clause: Evasion items are banned\n|rule|Evasion Moves Clause: Evasion moves are banned\n|rule|Species Clause: Limit one of each Pok\u00e9mon\n|rule|Sleep Clause Mod: Limit one foe put to sleep\n|clearpoke\n|poke|p1|Charizard, M|\n|poke|p1|Tyrantrum, F|\n|poke|p1|Samurott-Hisui, M|\n|poke|p1|Great Tusk|\n|poke|p1|Volcarona, M|\n|poke|p1|Ferrothorn, M|\n|poke|p2|Gliscor, M|\n|poke|p2|Toxapex, F|\n|poke|p2|Sneasler, F|\n|poke|p2|Tapu Koko|\n|poke|p2|Scizor, F|\n|poke|p2|Volcarona, M|\n|teampreview\n|inactive|Battle timer is ON: inactive players will automatically lose when time's up. (requested by Rhyfinn 05)\n|\n|t:|1700301263\n|start\n|switch|p1a: Tyrantrum|Tyrantrum, F, shiny|100\/100\n|switch|p2a: Tapu Koko|Tapu Koko|100\/100\n|-fieldstart|move: Electric Terrain|[from] ability: Electric Surge|[of] p2a: Tapu Koko\n|turn|1\n|\n|t:|1700301277\n|move|p2a: Tapu Koko|Dazzling Gleam|p1a: Tyrantrum\n|-supereffective|p1a: Tyrantrum\n|-enditem|p1a: Tyrantrum|Focus Sash\n|-damage|p1a: Tyrantrum|1\/100\n|move|p1a: Tyrantrum|Hone Claws|p1a: Tyrantrum\n|-boost|p1a: Tyrantrum|atk|1\n|-boost|p1a: Tyrantrum|accuracy|1\n|\n|upkeep\n|turn|2\n|\n|t:|1700301283\n|move|p2a: Tapu Koko|Dazzling Gleam|p1a: Tyrantrum\n|-supereffective|p1a: Tyrantrum\n|-damage|p1a: Tyrantrum|0 fnt\n|faint|p1a: Tyrantrum\n|\n|upkeep\n|\n|t:|1700301285\n|switch|p1a: Samurott|Samurott-Hisui, M, shiny|100\/100\n|turn|3\n|\n|t:|1700301289\n|move|p2a: Tapu Koko|Dazzling Gleam|p1a: Samurott\n|-supereffective|p1a: Samurott\n|-damage|p1a: Samurott|5\/100\n|move|p1a: Samurott|Ceaseless Edge|p2a: Tapu Koko\n|-resisted|p2a: Tapu Koko\n|-damage|p2a: Tapu Koko|71\/100\n|-sidestart|p2: Rhyfinn 05|Spikes\n|\n|upkeep\n|turn|4\n|\n|t:|1700301297\n|move|p1a: Samurott|Aqua Jet|p2a: Tapu Koko\n|-damage|p2a: Tapu Koko|46\/100\n|move|p2a: Tapu Koko|Dazzling Gleam|p1a: Samurott\n|-supereffective|p1a: Samurott\n|-damage|p1a: Samurott|0 fnt\n|faint|p1a: Samurott\n|\n|upkeep\n|\n|t:|1700301310\n|switch|p1a: Volcarona|Volcarona, M|100\/100\n|turn|5\n|\n|t:|1700301318\n|switch|p2a: Toxapex|Toxapex, F|100\/100\n|move|p1a: Volcarona|Quiver Dance|p1a: Volcarona\n|-boost|p1a: Volcarona|spa|1\n|-boost|p1a: Volcarona|spd|1\n|-boost|p1a: Volcarona|spe|1\n|\n|-fieldend|move: Electric Terrain\n|upkeep\n|turn|6\n|\n|t:|1700301347\n|move|p1a: Volcarona|Quiver Dance|p1a: Volcarona\n|-boost|p1a: Volcarona|spa|1\n|-boost|p1a: Volcarona|spd|1\n|-boost|p1a: Volcarona|spe|1\n|move|p2a: Toxapex|Haze|p2a: Toxapex\n|-clearallboost\n|\n|upkeep\n|turn|7\n|\n|t:|1700301354\n|-terastallize|p1a: Volcarona|Ground\n|move|p1a: Volcarona|Tera Blast|p2a: Toxapex|[anim] Tera Blast Ground\n|-supereffective|p2a: Toxapex\n|-damage|p2a: Toxapex|47\/100\n|move|p2a: Toxapex|Toxic|p1a: Volcarona\n|-status|p1a: Volcarona|tox\n|\n|-damage|p1a: Volcarona|94\/100 tox|[from] psn\n|upkeep\n|turn|8\n|\n|t:|1700301362\n|switch|p2a: Gliscor|Gliscor, M|100\/100\n|move|p1a: Volcarona|Tera Blast|p2a: Gliscor|[anim] Tera Blast Ground\n|-immune|p2a: Gliscor\n|\n|-damage|p1a: Volcarona|82\/100 tox|[from] psn\n|-status|p2a: Gliscor|tox|[from] item: Toxic Orb\n|upkeep\n|turn|9\n|\n|t:|1700301371\n|move|p1a: Volcarona|Quiver Dance|p1a: Volcarona\n|-boost|p1a: Volcarona|spa|1\n|-boost|p1a: Volcarona|spd|1\n|-boost|p1a: Volcarona|spe|1\n|move|p2a: Gliscor|U-turn|p1a: Volcarona\n|-damage|p1a: Volcarona|60\/100 tox\n|\n|t:|1700301380\n|switch|p2a: Tapu Koko|Tapu Koko|46\/100|[from] U-turn\n|-damage|p2a: Tapu Koko|33\/100|[from] Spikes\n|-fieldstart|move: Electric Terrain|[from] ability: Electric Surge|[of] p2a: Tapu Koko\n|\n|-damage|p1a: Volcarona|41\/100 tox|[from] psn\n|upkeep\n|turn|10\n|\n|t:|1700301390\n|move|p1a: Volcarona|Giga Drain|p2a: Tapu Koko\n|-damage|p2a: Tapu Koko|0 fnt\n|-heal|p1a: Volcarona|56\/100 tox|[from] drain|[of] p2a: Tapu Koko\n|faint|p2a: Tapu Koko\n|\n|-damage|p1a: Volcarona|32\/100 tox|[from] psn\n|upkeep\n|\n|t:|1700301393\n|switch|p2a: Sneasler|Sneasler, F|100\/100\n|-damage|p2a: Sneasler|88\/100|[from] Spikes\n|-enditem|p2a: Sneasler|Electric Seed\n|-boost|p2a: Sneasler|def|1|[from] item: Electric Seed\n|turn|11\n|\n|t:|1700301409\n|-terastallize|p2a: Sneasler|Flying\n|move|p2a: Sneasler|Swords Dance|p2a: Sneasler\n|-boost|p2a: Sneasler|atk|2\n|move|p1a: Volcarona|Tera Blast|p2a: Sneasler|[anim] Tera Blast Ground\n|-immune|p2a: Sneasler\n|\n|-damage|p1a: Volcarona|1\/100 tox|[from] psn\n|upkeep\n|turn|12\n|\n|t:|1700301415\n|move|p2a: Sneasler|Acrobatics|p1a: Volcarona\n|-damage|p1a: Volcarona|0 fnt\n|faint|p1a: Volcarona\n|\n|upkeep\n|\n|t:|1700301424\n|switch|p1a: Great Tusk|Great Tusk|100\/100\n|turn|13\n|\n|t:|1700301428\n|move|p2a: Sneasler|Acrobatics|p1a: Great Tusk\n|-supereffective|p1a: Great Tusk\n|-damage|p1a: Great Tusk|0 fnt\n|faint|p1a: Great Tusk\n|-end|p1a: Great Tusk|Protosynthesis|[silent]\n|\n|-fieldend|move: Electric Terrain\n|upkeep\n|\n|t:|1700301432\n|switch|p1a: Mega Charizard X|Charizard, M, shiny|100\/100\n|turn|14\n|\n|t:|1700301436\n|detailschange|p1a: Mega Charizard X|Charizard-Mega-Y, M, shiny\n|-mega|p1a: Mega Charizard X|Charizard|Charizardite Y\n|-weather|SunnyDay|[from] ability: Drought|[of] p1a: Mega Charizard X\n|move|p2a: Sneasler|Acrobatics|p1a: Mega Charizard X\n|-damage|p1a: Mega Charizard X|0 fnt\n|faint|p1a: Mega Charizard X\n|\n|-weather|SunnyDay|[upkeep]\n|upkeep\n|\n|t:|1700301443\n|switch|p1a: Ferrothorn|Ferrothorn, M|100\/100\n|turn|15\n|\n|t:|1700301448\n|move|p2a: Sneasler|Close Combat|p1a: Ferrothorn\n|-supereffective|p1a: Ferrothorn\n|-damage|p1a: Ferrothorn|0 fnt\n|-unboost|p2a: Sneasler|def|1\n|-unboost|p2a: Sneasler|spd|1\n|-damage|p2a: Sneasler|76\/100|[from] ability: Iron Barbs|[of] p1a: Ferrothorn\n|faint|p1a: Ferrothorn\n|\n|win|Rhyfinn 05\n|raw|BeyondTrash's rating: 1147 &rarr; <strong>1117<\/strong><br \/>(-30 for losing)\n|raw|Rhyfinn 05's rating: 1073 &rarr; <strong>1108<\/strong><br \/>(+35 for winning)\n|l|\u2606BeyondTrash\n","uploadtime":1700301453,"views":6,"p1id":"beyondtrash","p2id":"rhyfinn05","formatid":"gen9nationaldex","rating":1108,"private":0,"password":""}