{"id":"gen9nationaldex-1988344277","p1":"crab game","p2":"dadi02","format":"[Gen 9] National Dex","log":"|j|\u2606crab game\n|j|\u2606dadi02\n|t:|1699711578\n|gametype|singles\n|player|p1|crab game|red|1166\n|player|p2|dadi02|guitarist|1247\n|teamsize|p1|6\n|teamsize|p2|6\n|gen|9\n|tier|[Gen 9] National Dex\n|rated|\n|rule|HP Percentage Mod: HP is shown in percentages\n|rule|Endless Battle Clause: Forcing endless battles is banned\n|rule|OHKO Clause: OHKO moves are banned\n|rule|Evasion Clause: Evasion abilities, items, and moves are banned\n|rule|Evasion Abilities Clause: Evasion abilities are banned\n|rule|Evasion Items Clause: Evasion items are banned\n|rule|Evasion Moves Clause: Evasion moves are banned\n|rule|Species Clause: Limit one of each Pok\u00e9mon\n|rule|Sleep Clause Mod: Limit one foe put to sleep\n|clearpoke\n|poke|p1|Mawile, F|\n|poke|p1|Shuckle, F|\n|poke|p1|Breloom, F|\n|poke|p1|Armarouge, F|\n|poke|p1|Thundurus-Therian, M|\n|poke|p1|Porygon2|\n|poke|p2|Slowbro, F|\n|poke|p2|Ursaluna, F|\n|poke|p2|Garchomp, M|\n|poke|p2|Moltres|\n|poke|p2|Scizor, M|\n|poke|p2|Heatran, F|\n|teampreview\n|\n|t:|1699711597\n|start\n|switch|p1a: Shuckle|Shuckle, F|100\/100\n|switch|p2a: \u725b\u9a6c\u591a\u8fb9\u517d|Heatran, F|100\/100\n|turn|1\n|\n|t:|1699711608\n|move|p2a: \u725b\u9a6c\u591a\u8fb9\u517d|Taunt|p1a: Shuckle\n|-start|p1a: Shuckle|move: Taunt\n|move|p1a: Shuckle|Infestation|p2a: \u725b\u9a6c\u591a\u8fb9\u517d\n|-resisted|p2a: \u725b\u9a6c\u591a\u8fb9\u517d\n|-crit|p2a: \u725b\u9a6c\u591a\u8fb9\u517d\n|-damage|p2a: \u725b\u9a6c\u591a\u8fb9\u517d|99\/100\n|-activate|p2a: \u725b\u9a6c\u591a\u8fb9\u517d|move: Infestation|[of] p1a: Shuckle\n|\n|-damage|p2a: \u725b\u9a6c\u591a\u8fb9\u517d|88\/100|[from] move: Infestation|[partiallytrapped]\n|upkeep\n|turn|2\n|\n|t:|1699711618\n|move|p2a: \u725b\u9a6c\u591a\u8fb9\u517d|Magma Storm|p1a: Shuckle\n|-damage|p1a: Shuckle|61\/100\n|-activate|p1a: Shuckle|move: Magma Storm|[of] p2a: \u725b\u9a6c\u591a\u8fb9\u517d\n|move|p1a: Shuckle|Infestation|p2a: \u725b\u9a6c\u591a\u8fb9\u517d\n|-resisted|p2a: \u725b\u9a6c\u591a\u8fb9\u517d\n|-damage|p2a: \u725b\u9a6c\u591a\u8fb9\u517d|87\/100\n|\n|-heal|p1a: Shuckle|67\/100|[from] item: Leftovers\n|-damage|p2a: \u725b\u9a6c\u591a\u8fb9\u517d|75\/100|[from] move: Infestation|[partiallytrapped]\n|-damage|p1a: Shuckle|55\/100|[from] move: Magma Storm|[partiallytrapped]\n|upkeep\n|turn|3\n|\n|t:|1699711629\n|move|p2a: \u725b\u9a6c\u591a\u8fb9\u517d|Earth Power|p1a: Shuckle\n|-damage|p1a: Shuckle|29\/100\n|-boost|p1a: Shuckle|spd|1\n|move|p1a: Shuckle|Infestation|p2a: \u725b\u9a6c\u591a\u8fb9\u517d\n|-resisted|p2a: \u725b\u9a6c\u591a\u8fb9\u517d\n|-damage|p2a: \u725b\u9a6c\u591a\u8fb9\u517d|75\/100\n|\n|-heal|p1a: Shuckle|35\/100|[from] item: Leftovers\n|-damage|p2a: \u725b\u9a6c\u591a\u8fb9\u517d|62\/100|[from] move: Infestation|[partiallytrapped]\n|-damage|p1a: Shuckle|23\/100|[from] move: Magma Storm|[partiallytrapped]\n|-end|p1a: Shuckle|move: Taunt\n|upkeep\n|turn|4\n|\n|t:|1699711652\n|move|p2a: \u725b\u9a6c\u591a\u8fb9\u517d|Magma Storm|p1a: Shuckle\n|-damage|p1a: Shuckle|0 fnt\n|faint|p1a: Shuckle\n|\n|-end|p2a: \u725b\u9a6c\u591a\u8fb9\u517d|Infestation|[partiallytrapped]|[silent]\n|upkeep\n|\n|t:|1699711660\n|switch|p1a: Breloom|Breloom, F, shiny|100\/100\n|turn|5\n|\n|t:|1699711676\n|move|p1a: Breloom|Mach Punch|p2a: \u725b\u9a6c\u591a\u8fb9\u517d\n|-supereffective|p2a: \u725b\u9a6c\u591a\u8fb9\u517d\n|-damage|p2a: \u725b\u9a6c\u591a\u8fb9\u517d|0 fnt\n|faint|p2a: \u725b\u9a6c\u591a\u8fb9\u517d\n|\n|upkeep\n|\n|t:|1699711688\n|switch|p2a: \u949b\u6676\u51b0\u8fd8\u4e0d\u8dd1\uff1f|Garchomp, M, shiny|100\/100\n|turn|6\n|\n|t:|1699711700\n|move|p2a: \u949b\u6676\u51b0\u8fd8\u4e0d\u8dd1\uff1f|Outrage|p1a: Breloom\n|-damage|p1a: Breloom|12\/100\n|move|p1a: Breloom|Bullet Seed|p2a: \u949b\u6676\u51b0\u8fd8\u4e0d\u8dd1\uff1f\n|-damage|p2a: \u949b\u6676\u51b0\u8fd8\u4e0d\u8dd1\uff1f|79\/100\n|-damage|p2a: \u949b\u6676\u51b0\u8fd8\u4e0d\u8dd1\uff1f|60\/100\n|-damage|p2a: \u949b\u6676\u51b0\u8fd8\u4e0d\u8dd1\uff1f|38\/100\n|-enditem|p2a: \u949b\u6676\u51b0\u8fd8\u4e0d\u8dd1\uff1f|Sitrus Berry|[eat]\n|-heal|p2a: \u949b\u6676\u51b0\u8fd8\u4e0d\u8dd1\uff1f|63\/100|[from] item: Sitrus Berry\n|-damage|p2a: \u949b\u6676\u51b0\u8fd8\u4e0d\u8dd1\uff1f|43\/100\n|-hitcount|p2a: \u949b\u6676\u51b0\u8fd8\u4e0d\u8dd1\uff1f|4\n|\n|upkeep\n|turn|7\n|\n|t:|1699711711\n|move|p1a: Breloom|Mach Punch|p2a: \u949b\u6676\u51b0\u8fd8\u4e0d\u8dd1\uff1f\n|-damage|p2a: \u949b\u6676\u51b0\u8fd8\u4e0d\u8dd1\uff1f|9\/100\n|-damage|p1a: Breloom|0 fnt|[from] ability: Rough Skin|[of] p2a: \u949b\u6676\u51b0\u8fd8\u4e0d\u8dd1\uff1f\n|faint|p1a: Breloom\n|move|p2a: \u949b\u6676\u51b0\u8fd8\u4e0d\u8dd1\uff1f|Outrage|p1: Breloom|[from]lockedmove|[notarget]\n|-fail|p2a: \u949b\u6676\u51b0\u8fd8\u4e0d\u8dd1\uff1f\n|-start|p2a: \u949b\u6676\u51b0\u8fd8\u4e0d\u8dd1\uff1f|confusion|[fatigue]\n|\n|upkeep\n|\n|t:|1699711728\n|switch|p1a: Porygon2|Porygon2|100\/100\n|-ability|p1a: Porygon2|Download|boost\n|-boost|p1a: Porygon2|spa|1\n|turn|8\n|\n|t:|1699711736\n|-activate|p2a: \u949b\u6676\u51b0\u8fd8\u4e0d\u8dd1\uff1f|confusion\n|move|p2a: \u949b\u6676\u51b0\u8fd8\u4e0d\u8dd1\uff1f|Stealth Rock|p1a: Porygon2\n|-sidestart|p1: crab game|move: Stealth Rock\n|move|p1a: Porygon2|Ice Beam|p2a: \u949b\u6676\u51b0\u8fd8\u4e0d\u8dd1\uff1f\n|-supereffective|p2a: \u949b\u6676\u51b0\u8fd8\u4e0d\u8dd1\uff1f\n|-damage|p2a: \u949b\u6676\u51b0\u8fd8\u4e0d\u8dd1\uff1f|0 fnt\n|faint|p2a: \u949b\u6676\u51b0\u8fd8\u4e0d\u8dd1\uff1f\n|\n|upkeep\n|\n|t:|1699711745\n|switch|p2a: \u6211\u53bb\uff0c\u5510|Scizor, M, shiny|100\/100\n|turn|9\n|\n|t:|1699711749\n|detailschange|p2a: \u6211\u53bb\uff0c\u5510|Scizor-Mega, M, shiny\n|-mega|p2a: \u6211\u53bb\uff0c\u5510|Scizor|Scizorite\n|move|p2a: \u6211\u53bb\uff0c\u5510|Knock Off|p1a: Porygon2\n|-damage|p1a: Porygon2|79\/100\n|-enditem|p1a: Porygon2|Eviolite|[from] move: Knock Off|[of] p2a: \u6211\u53bb\uff0c\u5510\n|move|p1a: Porygon2|Discharge|p2a: \u6211\u53bb\uff0c\u5510\n|-damage|p2a: \u6211\u53bb\uff0c\u5510|73\/100\n|\n|upkeep\n|turn|10\n|\n|t:|1699711759\n|move|p2a: \u6211\u53bb\uff0c\u5510|Bullet Punch|p1a: Porygon2\n|-damage|p1a: Porygon2|50\/100\n|move|p1a: Porygon2|Discharge|p2a: \u6211\u53bb\uff0c\u5510\n|-damage|p2a: \u6211\u53bb\uff0c\u5510|46\/100\n|-status|p2a: \u6211\u53bb\uff0c\u5510|par\n|\n|upkeep\n|turn|11\n|\n|t:|1699711767\n|move|p1a: Porygon2|Recover|p1a: Porygon2\n|-heal|p1a: Porygon2|99\/100\n|cant|p2a: \u6211\u53bb\uff0c\u5510|par\n|\n|upkeep\n|turn|12\n|\n|t:|1699711773\n|move|p1a: Porygon2|Discharge|p2a: \u6211\u53bb\uff0c\u5510\n|-damage|p2a: \u6211\u53bb\uff0c\u5510|19\/100 par\n|cant|p2a: \u6211\u53bb\uff0c\u5510|par\n|\n|upkeep\n|turn|13\n|\n|t:|1699711784\n|switch|p2a: Ursaluna|Ursaluna, F|100\/100\n|move|p1a: Porygon2|Discharge|p2a: Ursaluna\n|-immune|p2a: Ursaluna\n|\n|upkeep\n|turn|14\n|\n|t:|1699711803\n|-terastallize|p2a: Ursaluna|Ghost\n|move|p1a: Porygon2|Ice Beam|p2a: Ursaluna\n|-damage|p2a: Ursaluna|77\/100\n|move|p2a: Ursaluna|Headlong Rush|p1a: Porygon2\n|-damage|p1a: Porygon2|35\/100\n|-unboost|p2a: Ursaluna|def|1\n|-unboost|p2a: Ursaluna|spd|1\n|\n|upkeep\n|turn|15\n|\n|t:|1699711842\n|move|p1a: Porygon2|Discharge|p2a: Ursaluna\n|-damage|p2a: Ursaluna|47\/100\n|-status|p2a: Ursaluna|par\n|move|p2a: Ursaluna|Headlong Rush|p1a: Porygon2\n|-damage|p1a: Porygon2|0 fnt\n|-unboost|p2a: Ursaluna|def|1\n|-unboost|p2a: Ursaluna|spd|1\n|faint|p1a: Porygon2\n|\n|upkeep\n|\n|t:|1699711851\n|switch|p1a: Armarouge|Armarouge, F|100\/100\n|-damage|p1a: Armarouge|76\/100|[from] Stealth Rock\n|turn|16\n|\n|t:|1699711859\n|switch|p2a: \u7b28\u6bd4\u86cb\u9ec4|Slowbro, F|100\/100\n|move|p1a: Armarouge|Flamethrower|p2a: \u7b28\u6bd4\u86cb\u9ec4\n|-resisted|p2a: \u7b28\u6bd4\u86cb\u9ec4\n|-damage|p2a: \u7b28\u6bd4\u86cb\u9ec4|69\/100\n|-damage|p1a: Armarouge|66\/100|[from] item: Life Orb\n|\n|upkeep\n|turn|17\n|\n|t:|1699711869\n|switch|p1a: Thundurus|Thundurus-Therian, M|100\/100\n|-damage|p1a: Thundurus|76\/100|[from] Stealth Rock\n|move|p2a: \u7b28\u6bd4\u86cb\u9ec4|Scald|p1a: Thundurus\n|-damage|p1a: Thundurus|39\/100\n|\n|upkeep\n|turn|18\n|\n|t:|1699711879\n|switch|p2a: \u6211\u53bb\uff0c\u5510|Scizor-Mega, M, shiny|19\/100 par\n|move|p1a: Thundurus|Thunderbolt|p2a: \u6211\u53bb\uff0c\u5510\n|-damage|p2a: \u6211\u53bb\uff0c\u5510|0 fnt\n|faint|p2a: \u6211\u53bb\uff0c\u5510\n|-damage|p1a: Thundurus|29\/100|[from] item: Life Orb\n|\n|upkeep\n|\n|t:|1699711894\n|switch|p2a: \u7b28\u6bd4\u86cb\u9ec4|Slowbro, F|100\/100\n|turn|19\n|\n|t:|1699711897\n|move|p1a: Thundurus|Thunderbolt|p2a: \u7b28\u6bd4\u86cb\u9ec4\n|-supereffective|p2a: \u7b28\u6bd4\u86cb\u9ec4\n|-damage|p2a: \u7b28\u6bd4\u86cb\u9ec4|0 fnt\n|faint|p2a: \u7b28\u6bd4\u86cb\u9ec4\n|-damage|p1a: Thundurus|19\/100|[from] item: Life Orb\n|\n|upkeep\n|\n|t:|1699711904\n|switch|p2a: Ursaluna|Ursaluna, F, tera:Ghost|47\/100 par\n|turn|20\n|\n|t:|1699711910\n|move|p1a: Thundurus|Thunderbolt|p2a: Ursaluna\n|-damage|p2a: Ursaluna|13\/100 par\n|-damage|p1a: Thundurus|10\/100|[from] item: Life Orb\n|move|p2a: Ursaluna|Stone Edge|p1a: Thundurus\n|-supereffective|p1a: Thundurus\n|-damage|p1a: Thundurus|0 fnt\n|faint|p1a: Thundurus\n|\n|upkeep\n|\n|t:|1699711920\n|switch|p1a: Mawile|Mawile, F, shiny|100\/100\n|-damage|p1a: Mawile|94\/100|[from] Stealth Rock\n|turn|21\n|\n|t:|1699711927\n|detailschange|p1a: Mawile|Mawile-Mega, F, shiny\n|-mega|p1a: Mawile|Mawile|Mawilite\n|move|p1a: Mawile|Iron Head|p2a: Ursaluna\n|-damage|p2a: Ursaluna|0 fnt\n|faint|p2a: Ursaluna\n|\n|upkeep\n|\n|t:|1699711932\n|switch|p2a: \u949b\u6676\u521a\u600e\u4e48\u4f60\u4e86|Moltres|100\/100\n|turn|22\n|\n|t:|1699711936\n|move|p1a: Mawile|Sucker Punch|p2a: \u949b\u6676\u521a\u600e\u4e48\u4f60\u4e86\n|-damage|p2a: \u949b\u6676\u521a\u600e\u4e48\u4f60\u4e86|71\/100\n|-status|p1a: Mawile|brn|[from] ability: Flame Body|[of] p2a: \u949b\u6676\u521a\u600e\u4e48\u4f60\u4e86\n|move|p2a: \u949b\u6676\u521a\u600e\u4e48\u4f60\u4e86|Flamethrower|p1a: Mawile\n|-supereffective|p1a: Mawile\n|-damage|p1a: Mawile|0 fnt\n|faint|p1a: Mawile\n|\n|upkeep\n|\n|t:|1699711944\n|switch|p1a: Armarouge|Armarouge, F|66\/100\n|-damage|p1a: Armarouge|41\/100|[from] Stealth Rock\n|turn|23\n|\n|t:|1699711950\n|move|p1a: Armarouge|Psychic|p2a: \u949b\u6676\u521a\u600e\u4e48\u4f60\u4e86\n|-damage|p2a: \u949b\u6676\u521a\u600e\u4e48\u4f60\u4e86|16\/100\n|-damage|p1a: Armarouge|31\/100|[from] item: Life Orb\n|move|p2a: \u949b\u6676\u521a\u600e\u4e48\u4f60\u4e86|Flamethrower|p1a: Armarouge\n|-start|p1a: Armarouge|ability: Flash Fire\n|\n|upkeep\n|turn|24\n|\n|t:|1699711958\n|move|p1a: Armarouge|Psychic|p2a: \u949b\u6676\u521a\u600e\u4e48\u4f60\u4e86\n|-damage|p2a: \u949b\u6676\u521a\u600e\u4e48\u4f60\u4e86|0 fnt\n|faint|p2a: \u949b\u6676\u521a\u600e\u4e48\u4f60\u4e86\n|-damage|p1a: Armarouge|22\/100|[from] item: Life Orb\n|\n|win|crab game\n|raw|crab game's rating: 1166 &rarr; <strong>1197<\/strong><br \/>(+31 for winning)\n|raw|dadi02's rating: 1247 &rarr; <strong>1216<\/strong><br \/>(-31 for losing)\n|l|\u2606dadi02\n","uploadtime":1699711982,"views":13,"p1id":"crabgame","p2id":"dadi02","formatid":"gen9nationaldex","rating":1197,"private":0,"password":""}