{"id":"gen9nationaldex-1991446351","p1":"saigomm","p2":"hackilla15","format":"[Gen 9] National Dex","log":"|j|\u2606saigomm\n|j|\u2606hackilla15\n|t:|1700077797\n|gametype|singles\n|player|p1|saigomm|erika-masters|1244\n|player|p2|hackilla15|ethan|1196\n|teamsize|p1|6\n|teamsize|p2|6\n|gen|9\n|tier|[Gen 9] National Dex\n|rated|\n|rule|HP Percentage Mod: HP is shown in percentages\n|rule|Endless Battle Clause: Forcing endless battles is banned\n|rule|OHKO Clause: OHKO moves are banned\n|rule|Evasion Clause: Evasion abilities, items, and moves are banned\n|rule|Evasion Abilities Clause: Evasion abilities are banned\n|rule|Evasion Items Clause: Evasion items are banned\n|rule|Evasion Moves Clause: Evasion moves are banned\n|rule|Species Clause: Limit one of each Pok\u00e9mon\n|rule|Sleep Clause Mod: Limit one foe put to sleep\n|clearpoke\n|poke|p1|Pawmot, M|\n|poke|p1|Banette, F|\n|poke|p1|Rabsca, M|\n|poke|p1|Hatterene, F|\n|poke|p1|Urshifu-*, M|\n|poke|p1|Crawdaunt, M|\n|poke|p2|Clodsire, F|\n|poke|p2|Poliwrath, M|\n|poke|p2|Volcarona, F|\n|poke|p2|Ribombee, F|\n|poke|p2|Venusaur, M|\n|poke|p2|Krookodile, M|\n|teampreview\n|inactive|Battle timer is ON: inactive players will automatically lose when time's up. (requested by saigomm)\n|\n|t:|1700077803\n|start\n|switch|p1a: \u6253\u6211\u8bd5\u8bd5\uff1f|Banette, F|100\/100\n|switch|p2a: Ribombee|Ribombee, F, shiny|100\/100\n|-item|p2a: Ribombee|Focus Sash|[from] ability: Frisk|[of] p1a: \u6253\u6211\u8bd5\u8bd5\uff1f|[identify]\n|turn|1\n|\n|t:|1700077808\n|switch|p1a: \u5e03\u59d0|Hatterene, F|100\/100\n|move|p2a: Ribombee|Stun Spore|p1a: \u5e03\u59d0\n|move|p1a: \u5e03\u59d0|Stun Spore|p2a: Ribombee|[from]ability: Magic Bounce\n|-status|p2a: Ribombee|par\n|\n|upkeep\n|turn|2\n|\n|t:|1700077812\n|switch|p2a: Clodsire|Clodsire, F, shiny|100\/100\n|move|p1a: \u5e03\u59d0|Trick Room|p1a: \u5e03\u59d0\n|-fieldstart|move: Trick Room|[of] p1a: \u5e03\u59d0\n|\n|upkeep\n|turn|3\n|\n|t:|1700077815\n|move|p1a: \u5e03\u59d0|Psychic|p2a: Clodsire\n|-supereffective|p2a: Clodsire\n|-crit|p2a: Clodsire\n|-damage|p2a: Clodsire|5\/100\n|move|p2a: Clodsire|Poison Jab|p1a: \u5e03\u59d0\n|-supereffective|p1a: \u5e03\u59d0\n|-damage|p1a: \u5e03\u59d0|40\/100\n|-status|p1a: \u5e03\u59d0|psn\n|\n|-heal|p2a: Clodsire|11\/100|[from] item: Black Sludge\n|-damage|p1a: \u5e03\u59d0|28\/100 psn|[from] psn\n|upkeep\n|turn|4\n|\n|t:|1700077819\n|switch|p2a: Krookodile|Krookodile, M|100\/100\n|move|p1a: \u5e03\u59d0|Psychic|p2a: Krookodile\n|-immune|p2a: Krookodile\n|\n|-damage|p1a: \u5e03\u59d0|16\/100 psn|[from] psn\n|upkeep\n|turn|5\n|\n|t:|1700077822\n|switch|p2a: Clodsire|Clodsire, F, shiny|11\/100\n|move|p1a: \u5e03\u59d0|Misty Explosion|p2a: Clodsire\n|-resisted|p2a: Clodsire\n|-damage|p2a: Clodsire|0 fnt\n|faint|p1a: \u5e03\u59d0\n|faint|p2a: Clodsire\n|\n|upkeep\n|\n|t:|1700077833\n|switch|p1a: \u6253\u6211\u8bd5\u8bd5\uff1f|Banette, F|100\/100\n|switch|p2a: Ribombee|Ribombee, F, shiny|100\/100 par\n|-item|p2a: Ribombee|Focus Sash|[from] ability: Frisk|[of] p1a: \u6253\u6211\u8bd5\u8bd5\uff1f|[identify]\n|turn|6\n|\n|t:|1700077838\n|detailschange|p1a: \u6253\u6211\u8bd5\u8bd5\uff1f|Banette-Mega, F\n|-mega|p1a: \u6253\u6211\u8bd5\u8bd5\uff1f|Banette|Banettite\n|move|p1a: \u6253\u6211\u8bd5\u8bd5\uff1f|Poltergeist|p2a: Ribombee\n|-activate|p2a: Ribombee|move: Poltergeist|Focus Sash\n|-enditem|p2a: Ribombee|Focus Sash\n|-damage|p2a: Ribombee|1\/100 par\n|move|p2a: Ribombee|Stun Spore|p1a: \u6253\u6211\u8bd5\u8bd5\uff1f\n|-status|p1a: \u6253\u6211\u8bd5\u8bd5\uff1f|par\n|\n|-fieldend|move: Trick Room\n|upkeep\n|turn|7\n|\n|t:|1700077850\n|move|p1a: \u6253\u6211\u8bd5\u8bd5\uff1f|Encore|p2a: Ribombee\n|-start|p2a: Ribombee|Encore\n|move|p2a: Ribombee|Stun Spore|p1a: \u6253\u6211\u8bd5\u8bd5\uff1f\n|-fail|p1a: \u6253\u6211\u8bd5\u8bd5\uff1f|par\n|\n|upkeep\n|turn|8\n|\n|t:|1700077852\n|move|p2a: Ribombee|Stun Spore|p1a: \u6253\u6211\u8bd5\u8bd5\uff1f|[miss]\n|-miss|p2a: Ribombee|p1a: \u6253\u6211\u8bd5\u8bd5\uff1f\n|move|p1a: \u6253\u6211\u8bd5\u8bd5\uff1f|Poltergeist||[still]\n|-fail|p1a: \u6253\u6211\u8bd5\u8bd5\uff1f\n|\n|upkeep\n|turn|9\n|\n|t:|1700077857\n|switch|p2a: Poliwrath|Poliwrath, M, shiny|100\/100\n|move|p1a: \u6253\u6211\u8bd5\u8bd5\uff1f|Knock Off|p2a: Poliwrath\n|-resisted|p2a: Poliwrath\n|-damage|p2a: Poliwrath|82\/100\n|-enditem|p2a: Poliwrath|Assault Vest|[from] move: Knock Off|[of] p1a: \u6253\u6211\u8bd5\u8bd5\uff1f\n|\n|upkeep\n|turn|10\n|\n|t:|1700077865\n|move|p1a: \u6253\u6211\u8bd5\u8bd5\uff1f|Destiny Bond|p1a: \u6253\u6211\u8bd5\u8bd5\uff1f\n|-singlemove|p1a: \u6253\u6211\u8bd5\u8bd5\uff1f|Destiny Bond\n|move|p2a: Poliwrath|Liquidation|p1a: \u6253\u6211\u8bd5\u8bd5\uff1f\n|-damage|p1a: \u6253\u6211\u8bd5\u8bd5\uff1f|50\/100 par\n|\n|upkeep\n|turn|11\n|\n|t:|1700077871\n|switch|p2a: Ribombee|Ribombee, F, shiny|1\/100 par\n|cant|p1a: \u6253\u6211\u8bd5\u8bd5\uff1f|par\n|\n|upkeep\n|turn|12\n|\n|t:|1700077877\n|cant|p2a: Ribombee|par\n|move|p1a: \u6253\u6211\u8bd5\u8bd5\uff1f|Knock Off|p2a: Ribombee\n|-resisted|p2a: Ribombee\n|-damage|p2a: Ribombee|0 fnt\n|faint|p2a: Ribombee\n|\n|upkeep\n|\n|t:|1700077880\n|switch|p2a: Krookodile|Krookodile, M|100\/100\n|turn|13\n|\n|t:|1700077883\n|cant|p1a: \u6253\u6211\u8bd5\u8bd5\uff1f|par\n|move|p2a: Krookodile|Hone Claws|p2a: Krookodile\n|-boost|p2a: Krookodile|atk|1\n|-boost|p2a: Krookodile|accuracy|1\n|\n|upkeep\n|turn|14\n|\n|t:|1700077888\n|move|p1a: \u6253\u6211\u8bd5\u8bd5\uff1f|Encore|p2a: Krookodile\n|-hint|Since gen 7, Dark is immune to Prankster moves.\n|-immune|p2a: Krookodile\n|move|p2a: Krookodile|Hone Claws|p2a: Krookodile\n|-boost|p2a: Krookodile|atk|1\n|-boost|p2a: Krookodile|accuracy|1\n|\n|upkeep\n|turn|15\n|\n|t:|1700077892\n|move|p1a: \u6253\u6211\u8bd5\u8bd5\uff1f|Destiny Bond|p1a: \u6253\u6211\u8bd5\u8bd5\uff1f\n|-singlemove|p1a: \u6253\u6211\u8bd5\u8bd5\uff1f|Destiny Bond\n|move|p2a: Krookodile|Scale Shot|p1a: \u6253\u6211\u8bd5\u8bd5\uff1f\n|-damage|p1a: \u6253\u6211\u8bd5\u8bd5\uff1f|26\/100 par\n|-damage|p1a: \u6253\u6211\u8bd5\u8bd5\uff1f|4\/100 par\n|-damage|p1a: \u6253\u6211\u8bd5\u8bd5\uff1f|0 fnt\n|faint|p1a: \u6253\u6211\u8bd5\u8bd5\uff1f\n|-activate|p1a: \u6253\u6211\u8bd5\u8bd5\uff1f|move: Destiny Bond\n|faint|p2a: Krookodile\n|-hitcount|p1: \u6253\u6211\u8bd5\u8bd5\uff1f|3\n|\n|upkeep\n|\n|t:|1700077905\n|switch|p2a: Volcarona|Volcarona, F, shiny|100\/100\n|switch|p1a: \u7267\u5e08|Pawmot, M|100\/100\n|turn|16\n|\n|t:|1700077915\n|-terastallize|p1a: \u7267\u5e08|Electric\n|move|p1a: \u7267\u5e08|Double Shock|p2a: Volcarona\n|-damage|p2a: Volcarona|24\/100\n|-start|p1a: \u7267\u5e08|typechange|Electric|[from] move: Double Shock\n|-status|p1a: \u7267\u5e08|brn|[from] ability: Flame Body|[of] p2a: Volcarona\n|move|p2a: Volcarona|Quiver Dance|p2a: Volcarona\n|-boost|p2a: Volcarona|spa|1\n|-boost|p2a: Volcarona|spd|1\n|-boost|p2a: Volcarona|spe|1\n|\n|-damage|p1a: \u7267\u5e08|94\/100 brn|[from] brn\n|upkeep\n|turn|17\n|\n|t:|1700077922\n|-terastallize|p2a: Volcarona|Grass\n|move|p2a: Volcarona|Giga Drain|p1a: \u7267\u5e08\n|-damage|p1a: \u7267\u5e08|0 fnt\n|-heal|p2a: Volcarona|64\/100|[from] drain|[of] p1a: \u7267\u5e08\n|faint|p1a: \u7267\u5e08\n|\n|upkeep\n|\n|t:|1700077929\n|switch|p1a: \u533b\u751f|Rabsca, M|100\/100\n|turn|18\n|\n|t:|1700077932\n|move|p2a: Volcarona|Fiery Dance|p1a: \u533b\u751f\n|-supereffective|p1a: \u533b\u751f\n|-damage|p1a: \u533b\u751f|0 fnt\n|faint|p1a: \u533b\u751f\n|\n|upkeep\n|-message|saigomm forfeited.\n|\n|win|hackilla15\n|raw|saigomm's rating: 1244 &rarr; <strong>1216<\/strong><br \/>(-28 for losing)\n|raw|hackilla15's rating: 1196 &rarr; <strong>1224<\/strong><br \/>(+28 for winning)\n|l|\u2606saigomm\n","uploadtime":1700077938,"views":15,"p1id":"saigomm","p2id":"hackilla15","formatid":"gen9nationaldex","rating":1216,"private":0,"password":""}