{"id":"gen9nationaldex-1988463544","p1":"scootdduck","p2":"iamjustanillusion","format":"[Gen 9] National Dex","log":"|j|\u2606scootdduck\n|j|\u2606iamjustanillusion\n|t:|1699725647\n|gametype|singles\n|player|p1|scootdduck|falkner|\n|player|p2|iamjustanillusion|winona|\n|teamsize|p1|6\n|teamsize|p2|6\n|gen|9\n|tier|[Gen 9] National Dex\n|rule|HP Percentage Mod: HP is shown in percentages\n|rule|Endless Battle Clause: Forcing endless battles is banned\n|rule|OHKO Clause: OHKO moves are banned\n|rule|Evasion Clause: Evasion abilities, items, and moves are banned\n|rule|Evasion Abilities Clause: Evasion abilities are banned\n|rule|Evasion Items Clause: Evasion items are banned\n|rule|Evasion Moves Clause: Evasion moves are banned\n|rule|Species Clause: Limit one of each Pok\u00e9mon\n|rule|Sleep Clause Mod: Limit one foe put to sleep\n|clearpoke\n|poke|p1|Hippopotas, M|\n|poke|p1|Gible, M|\n|poke|p1|Shellos, M|\n|poke|p1|Nidoran-M, M|\n|poke|p1|Drilbur, F|\n|poke|p1|Minior|\n|poke|p2|Dragonite, M|\n|poke|p2|Aerodactyl, F|\n|poke|p2|Corviknight, M|\n|poke|p2|Tornadus-Therian, M|\n|poke|p2|Gliscor, M|\n|poke|p2|Hawlucha, F|\n|teampreview\n|c|\u2606iamjustanillusion|quack :(\n|j| Jack the Ripper21\n|c|\u2606scootdduck|Quack o7\n|j| AhiruChan\n|j| YaBoiCrim\n|c|\u2606iamjustanillusion|quack :(\n|c|\u2606iamjustanillusion|do you really have to do this\n|c|\u2606iamjustanillusion|:(\n|c|\u2606scootdduck|Quack :(\n|c|\u2606iamjustanillusion|quack :(\n|c| Jack the Ripper21|;-;\n|c| AhiruChan|Quack\n|j| InkyGoBoo!\n|c|\u2606iamjustanillusion|crim do we have to do this :(\n|c| YaBoiCrim|duck ur an idiot\n|c| InkyGoBoo!|Woomy!\n|c| AhiruChan|Quackquack?\n|c| YaBoiCrim|sorry\n|c| YaBoiCrim|meant scoot\n|c| YaBoiCrim|scoot ur an idiot\n|c|\u2606scootdduck|O7\n|c|\u2606iamjustanillusion|shut\n|c| AhiruChan|Haii dear :3\n|c|\u2606iamjustanillusion|a couple days ago\n|c| InkyGoBoo!|Hellu :3\n|c|\u2606iamjustanillusion|he said he would sacrifice the game\n|c|\u2606iamjustanillusion|cuz he couldnt hurt the birds :(\n|\n|t:|1699725780\n|start\n|switch|p1a: Lil Whitebeard|Hippopotas, M|100\/100\n|switch|p2a: Dragonite|Dragonite, M|100\/100\n|-weather|Sandstorm|[from] ability: Sand Stream|[of] p1a: Lil Whitebeard\n|turn|1\n|c| AhiruChan|Based....\n|c|\u2606iamjustanillusion|i asked him if he would change is mind\n|c|\u2606iamjustanillusion|he didn\n|c|\u2606iamjustanillusion|t\n|c| Jack the Ripper21|atleast go level 1 on all mons\n|\n|t:|1699725807\n|move|p2a: Dragonite|Earthquake|p1a: Lil Whitebeard\n|-damage|p1a: Lil Whitebeard|65\/100\n|move|p1a: Lil Whitebeard|Stealth Rock|p2a: Dragonite\n|-sidestart|p2: iamjustanillusion|move: Stealth Rock\n|\n|-weather|Sandstorm|[upkeep]\n|-damage|p2a: Dragonite|94\/100|[from] Sandstorm\n|upkeep\n|turn|2\n|c|\u2606scootdduck|That's not allowed\n|\n|t:|1699725817\n|switch|p1a: Lil Sabo|Minior|100\/100\n|-formechange|p1a: Lil Sabo|Minior-Meteor||[from] ability: Shields Down\n|move|p2a: Dragonite|Dragon Dance|p2a: Dragonite\n|-boost|p2a: Dragonite|atk|1\n|-boost|p2a: Dragonite|spe|1\n|\n|-weather|Sandstorm|[upkeep]\n|-damage|p2a: Dragonite|88\/100|[from] Sandstorm\n|upkeep\n|turn|3\n|c| Jack the Ripper21|oh lol\n|c| AhiruChan|Agains the rule lmao\n|c|\u2606iamjustanillusion|funny little rock\n|\n|t:|1699725828\n|move|p2a: Dragonite|Extreme Speed|p1a: Lil Sabo\n|-resisted|p1a: Lil Sabo\n|-damage|p1a: Lil Sabo|65\/100\n|move|p1a: Lil Sabo|Shell Smash|p1a: Lil Sabo\n|-unboost|p1a: Lil Sabo|def|1\n|-unboost|p1a: Lil Sabo|spd|1\n|-boost|p1a: Lil Sabo|atk|2\n|-boost|p1a: Lil Sabo|spa|2\n|-boost|p1a: Lil Sabo|spe|2\n|\n|-weather|Sandstorm|[upkeep]\n|-damage|p2a: Dragonite|82\/100|[from] Sandstorm\n|upkeep\n|turn|4\n|\n|t:|1699725845\n|move|p2a: Dragonite|Extreme Speed|p1a: Lil Sabo\n|-resisted|p1a: Lil Sabo\n|-damage|p1a: Lil Sabo|15\/100\n|move|p1a: Lil Sabo|Rock Slide|p2a: Dragonite\n|-supereffective|p2a: Dragonite\n|-damage|p2a: Dragonite|0 fnt\n|faint|p2a: Dragonite\n|\n|-weather|Sandstorm|[upkeep]\n|-formechange|p1a: Lil Sabo|Minior||[from] ability: Shields Down\n|upkeep\n|c|\u2606iamjustanillusion|this rock is coocking\n|c| Jack the Ripper21|it will be funny if duck actually loses\n|c|\u2606iamjustanillusion|lmao\n|\n|t:|1699725858\n|switch|p2a: Aerodactyl|Aerodactyl, F|100\/100\n|-damage|p2a: Aerodactyl|76\/100|[from] Stealth Rock\n|turn|5\n|\n|t:|1699725863\n|detailschange|p2a: Aerodactyl|Aerodactyl-Mega, F\n|-mega|p2a: Aerodactyl|Aerodactyl|Aerodactylite\n|move|p1a: Lil Sabo|Rock Slide|p2a: Aerodactyl\n|-supereffective|p2a: Aerodactyl\n|-damage|p2a: Aerodactyl|0 fnt\n|faint|p2a: Aerodactyl\n|\n|-weather|Sandstorm|[upkeep]\n|upkeep\n|c|\u2606iamjustanillusion|oh\n|c|\u2606iamjustanillusion|he is fast\n|\n|t:|1699725870\n|switch|p2a: Hawlucha|Hawlucha, F|100\/100\n|-damage|p2a: Hawlucha|88\/100|[from] Stealth Rock\n|turn|6\n|c| InkyGoBoo!|Oh no-\n|\n|t:|1699725875\n|-terastallize|p2a: Hawlucha|Steel\n|move|p1a: Lil Sabo|Rock Slide|p2a: Hawlucha\n|-resisted|p2a: Hawlucha\n|-damage|p2a: Hawlucha|38\/100\n|cant|p2a: Hawlucha|flinch\n|\n|-weather|Sandstorm|[upkeep]\n|upkeep\n|turn|7\n|c| AhiruChan|Sweep?\n|c| Jack the Ripper21|well yeah 372 x 2\n|c|\u2606iamjustanillusion|are you fucking with me\n|c| Jack the Ripper21|is pretty fast\n|c| InkyGoBoo!|PFFFFFFFT\n|c|\u2606iamjustanillusion|bruh\n|\n|t:|1699725889\n|move|p1a: Lil Sabo|Rock Slide|p2a: Hawlucha\n|-resisted|p2a: Hawlucha\n|-damage|p2a: Hawlucha|0 fnt\n|faint|p2a: Hawlucha\n|\n|-weather|Sandstorm|[upkeep]\n|upkeep\n|\n|t:|1699725894\n|switch|p2a: Gliscor|Gliscor, M|100\/100\n|-damage|p2a: Gliscor|88\/100|[from] Stealth Rock\n|turn|8\n|c| Jack the Ripper21|blud getting swept by minior\n|c|\u2606iamjustanillusion|ok that was funni\n|\n|t:|1699725904\n|move|p1a: Lil Sabo|Rock Slide|p2a: Gliscor\n|-damage|p2a: Gliscor|45\/100\n|move|p2a: Gliscor|Toxic|p1a: Lil Sabo\n|-status|p1a: Lil Sabo|tox\n|\n|-weather|none\n|-damage|p1a: Lil Sabo|9\/100 tox|[from] psn\n|-status|p2a: Gliscor|tox|[from] item: Toxic Orb\n|upkeep\n|turn|9\n|\n|t:|1699725913\n|move|p2a: Gliscor|Protect|p2a: Gliscor\n|-singleturn|p2a: Gliscor|Protect\n|move|p1a: Lil Sabo|Rock Slide|p2a: Gliscor\n|-activate|p2a: Gliscor|move: Protect\n|\n|-damage|p1a: Lil Sabo|0 fnt|[from] psn\n|faint|p1a: Lil Sabo\n|-heal|p2a: Gliscor|58\/100 tox|[from] ability: Poison Heal\n|upkeep\n|\n|t:|1699725916\n|switch|p1a: Lil Whitebeard|Hippopotas, M|65\/100\n|-weather|Sandstorm|[from] ability: Sand Stream|[of] p1a: Lil Whitebeard\n|turn|10\n|c|\u2606iamjustanillusion|i wasnt expecting that :\/\n|\n|t:|1699725929\n|move|p2a: Gliscor|Toxic|p1a: Lil Whitebeard\n|-status|p1a: Lil Whitebeard|tox\n|move|p1a: Lil Whitebeard|Whirlwind|p2a: Gliscor\n|drag|p2a: Tornadus|Tornadus-Therian, M|100\/100\n|-damage|p2a: Tornadus|76\/100|[from] Stealth Rock\n|\n|-weather|Sandstorm|[upkeep]\n|-damage|p2a: Tornadus|70\/100|[from] Sandstorm\n|-damage|p1a: Lil Whitebeard|58\/100 tox|[from] psn\n|upkeep\n|turn|11\n|c| Jack the Ripper21|if only lil sabo could use recovering moves\n|c| AhiruChan|Blud was gonna get swept my a minior wtd\n|\n|t:|1699725944\n|move|p2a: Tornadus|Hurricane|p1a: Lil Whitebeard\n|-damage|p1a: Lil Whitebeard|0 fnt\n|faint|p1a: Lil Whitebeard\n|\n|-weather|Sandstorm|[upkeep]\n|-damage|p2a: Tornadus|64\/100|[from] Sandstorm\n|upkeep\n|\n|t:|1699725951\n|switch|p1a: Lil Zoro|Drilbur, F|100\/100\n|turn|12\n|c| InkyGoBoo!|What the drilbur doin-\n|c| AhiruChan|DRILBUR SWEEP\n|\n|t:|1699725960\n|move|p1a: Lil Zoro|Rock Slide|p2a: Tornadus\n|-supereffective|p2a: Tornadus\n|-damage|p2a: Tornadus|0 fnt\n|faint|p2a: Tornadus\n|\n|-weather|Sandstorm|[upkeep]\n|upkeep\n|c| Jack the Ripper21|zoro\n|c|\u2606iamjustanillusion|i oh hes a fast guy\n|c| InkyGoBoo!|O NO\n|\n|t:|1699725966\n|switch|p2a: Gliscor|Gliscor, M|58\/100 tox\n|-damage|p2a: Gliscor|45\/100 tox|[from] Stealth Rock\n|turn|13\n|\n|t:|1699725971\n|move|p2a: Gliscor|Protect|p2a: Gliscor\n|-singleturn|p2a: Gliscor|Protect\n|move|p1a: Lil Zoro|Rock Slide|p2a: Gliscor\n|-activate|p2a: Gliscor|move: Protect\n|\n|-weather|Sandstorm|[upkeep]\n|-heal|p2a: Gliscor|58\/100 tox|[from] ability: Poison Heal\n|upkeep\n|turn|14\n|c| InkyGoBoo!|THE DRILBUR DOIN NUMBERS\n|c| AhiruChan|LMAO IT DOES SWEEP\n|c| Jack the Ripper21|choice band sand rush\n|\n|t:|1699725979\n|move|p1a: Lil Zoro|Rock Slide|p2a: Gliscor\n|-damage|p2a: Gliscor|37\/100 tox\n|move|p2a: Gliscor|Toxic|p1a: Lil Zoro\n|-status|p1a: Lil Zoro|tox\n|\n|-weather|Sandstorm|[upkeep]\n|-damage|p1a: Lil Zoro|94\/100 tox|[from] psn\n|-heal|p2a: Gliscor|49\/100 tox|[from] ability: Poison Heal\n|upkeep\n|turn|15\n|c| YaBoiCrim|im telling u now duck\n|c| InkyGoBoo!|Actualy Corv might be an u\n|c| InkyGoBoo!|Kssue\n|c| YaBoiCrim|if u lose this\n|\n|t:|1699725996\n|switch|p1a: Lil Pudding|Shellos, M|100\/100\n|move|p2a: Gliscor|Substitute|p2a: Gliscor\n|-start|p2a: Gliscor|Substitute\n|-damage|p2a: Gliscor|25\/100 tox\n|\n|-weather|Sandstorm|[upkeep]\n|-damage|p1a: Lil Pudding|94\/100|[from] Sandstorm\n|-heal|p1a: Lil Pudding|100\/100|[from] item: Leftovers\n|-heal|p2a: Gliscor|37\/100 tox|[from] ability: Poison Heal\n|upkeep\n|turn|16\n|c| YaBoiCrim|its a yikers moment\n|c| Jack the Ripper21|scoot is not throwing lol\n|\n|t:|1699726006\n|move|p2a: Gliscor|Toxic|p1a: Lil Pudding\n|-status|p1a: Lil Pudding|tox\n|move|p1a: Lil Pudding|Ice Beam|p2a: Gliscor\n|-supereffective|p2a: Gliscor\n|-end|p2a: Gliscor|Substitute\n|\n|-weather|Sandstorm|[upkeep]\n|-damage|p1a: Lil Pudding|94\/100 tox|[from] Sandstorm\n|-heal|p1a: Lil Pudding|100\/100 tox|[from] item: Leftovers\n|-heal|p2a: Gliscor|49\/100 tox|[from] ability: Poison Heal\n|-damage|p1a: Lil Pudding|94\/100 tox|[from] psn\n|upkeep\n|turn|17\n|c|\u2606iamjustanillusion|i thought that minior was slower\n|\n|t:|1699726017\n|move|p2a: Gliscor|Protect|p2a: Gliscor\n|-singleturn|p2a: Gliscor|Protect\n|move|p1a: Lil Pudding|Ice Beam|p2a: Gliscor\n|-activate|p2a: Gliscor|move: Protect\n|\n|-weather|none\n|-heal|p1a: Lil Pudding|100\/100 tox|[from] item: Leftovers\n|-heal|p2a: Gliscor|62\/100 tox|[from] ability: Poison Heal\n|-damage|p1a: Lil Pudding|88\/100 tox|[from] psn\n|upkeep\n|turn|18\n|c| Jack the Ripper21|no minior fucking fast\n|\n|t:|1699726027\n|move|p2a: Gliscor|Substitute|p2a: Gliscor\n|-start|p2a: Gliscor|Substitute\n|-damage|p2a: Gliscor|37\/100 tox\n|move|p1a: Lil Pudding|Ice Beam|p2a: Gliscor\n|-supereffective|p2a: Gliscor\n|-end|p2a: Gliscor|Substitute\n|\n|-heal|p1a: Lil Pudding|94\/100 tox|[from] item: Leftovers\n|-heal|p2a: Gliscor|49\/100 tox|[from] ability: Poison Heal\n|-damage|p1a: Lil Pudding|76\/100 tox|[from] psn\n|upkeep\n|turn|19\n|c| Jack the Ripper21|thats why you lost that match against me\n|\n|t:|1699726037\n|move|p2a: Gliscor|Protect|p2a: Gliscor\n|-singleturn|p2a: Gliscor|Protect\n|move|p1a: Lil Pudding|Ice Beam|p2a: Gliscor\n|-activate|p2a: Gliscor|move: Protect\n|\n|-heal|p1a: Lil Pudding|82\/100 tox|[from] item: Leftovers\n|-heal|p2a: Gliscor|62\/100 tox|[from] ability: Poison Heal\n|-damage|p1a: Lil Pudding|57\/100 tox|[from] psn\n|upkeep\n|turn|20\n|c| InkyGoBoo!|Ah yes, toxic stall-\n|c| InkyGoBoo!|Funni-\n|\n|t:|1699726047\n|move|p2a: Gliscor|Substitute|p2a: Gliscor\n|-start|p2a: Gliscor|Substitute\n|-damage|p2a: Gliscor|37\/100 tox\n|move|p1a: Lil Pudding|Recover|p1a: Lil Pudding\n|-heal|p1a: Lil Pudding|100\/100 tox\n|\n|-heal|p2a: Gliscor|49\/100 tox|[from] ability: Poison Heal\n|-damage|p1a: Lil Pudding|70\/100 tox|[from] psn\n|upkeep\n|turn|21\n|c|\u2606iamjustanillusion|the classic\n|c| Jack the Ripper21|recover\n|c| InkyGoBoo!|(I hate stall-)\n|c| AhiruChan|Honestly he just need to switched into corv-\n|c| AhiruChan|But oki-\n|\n|t:|1699726084\n|switch|p2a: Corviknight|Corviknight, M|100\/100\n|-damage|p2a: Corviknight|88\/100|[from] Stealth Rock\n|move|p1a: Lil Pudding|Ice Beam|p2a: Corviknight\n|-damage|p2a: Corviknight|74\/100\n|\n|-heal|p2a: Corviknight|80\/100|[from] item: Leftovers\n|-heal|p1a: Lil Pudding|76\/100 tox|[from] item: Leftovers\n|-damage|p1a: Lil Pudding|39\/100 tox|[from] psn\n|upkeep\n|turn|22\n|c| InkyGoBoo!|Imagine if Ice Beam freezes-\n|\n|t:|1699726102\n|move|p2a: Corviknight|Roost|p2a: Corviknight\n|-heal|p2a: Corviknight|100\/100\n|-singleturn|p2a: Corviknight|move: Roost\n|move|p1a: Lil Pudding|Scald|p2a: Corviknight\n|-damage|p2a: Corviknight|83\/100\n|-status|p2a: Corviknight|brn\n|\n|-heal|p2a: Corviknight|89\/100 brn|[from] item: Leftovers\n|-heal|p1a: Lil Pudding|45\/100 tox|[from] item: Leftovers\n|-damage|p1a: Lil Pudding|2\/100 tox|[from] psn\n|-damage|p2a: Corviknight|83\/100 brn|[from] brn\n|upkeep\n|turn|23\n|c| Jack the Ripper21|i would switch to reset the toxic counter\n|c| AhiruChan|Thag qwouldve been a massive f u\n|c| Jack the Ripper21|nahhhhhhhhhh\n|\n|t:|1699726114\n|move|p2a: Corviknight|U-turn|p1a: Lil Pudding\n|-damage|p1a: Lil Pudding|0 fnt\n|faint|p1a: Lil Pudding\n|c| Jack the Ripper21|blud got burned\n|\n|t:|1699726119\n|switch|p2a: Gliscor|Gliscor, M|49\/100 tox|[from] U-turn\n|-damage|p2a: Gliscor|37\/100 tox|[from] Stealth Rock\n|\n|-heal|p2a: Gliscor|49\/100 tox|[from] ability: Poison Heal\n|upkeep\n|c| InkyGoBoo!|Thats even worse-\n|\n|t:|1699726122\n|switch|p1a: Lil Doku Doku|Nidoran-M, M|100\/100\n|turn|24\n|c|\u2606iamjustanillusion|oh this is gonna take forever\n|\n|t:|1699726139\n|move|p2a: Gliscor|Protect|p2a: Gliscor\n|-singleturn|p2a: Gliscor|Protect\n|move|p1a: Lil Doku Doku|Ice Beam|p2a: Gliscor\n|-activate|p2a: Gliscor|move: Protect\n|\n|-heal|p2a: Gliscor|62\/100 tox|[from] ability: Poison Heal\n|upkeep\n|turn|25\n|c| InkyGoBoo!|Maybe scoot might just pull it off-\n|c| Jack the Ripper21|i swear if you lose duck\n|c| Jack the Ripper21|your fucked\n|c|\u2606scootdduck|He is never going to lose\n|c| AhiruChan|Duck\n|c|\u2606iamjustanillusion|hi\n|c| AhiruChan|Why no equake\n|c|\u2606iamjustanillusion|i deleted it by accident\n|c| Jack the Ripper21|because its not a attacker\n|\n|t:|1699726189\n|switch|p2a: Corviknight|Corviknight, M|83\/100 brn\n|-damage|p2a: Corviknight|70\/100 brn|[from] Stealth Rock\n|move|p1a: Lil Doku Doku|Ice Beam|p2a: Corviknight\n|-crit|p2a: Corviknight\n|-damage|p2a: Corviknight|37\/100 brn\n|-damage|p1a: Lil Doku Doku|91\/100|[from] item: Life Orb\n|\n|-heal|p2a: Corviknight|43\/100 brn|[from] item: Leftovers\n|-damage|p2a: Corviknight|37\/100 brn|[from] brn\n|upkeep\n|turn|26\n|c| AhiruChan|Every non attacker have at least 1 atk move\n|c|\u2606iamjustanillusion|ow\n|c| Jack the Ripper21|the crit\n|\n|t:|1699726200\n|move|p2a: Corviknight|Roost|p2a: Corviknight\n|-heal|p2a: Corviknight|87\/100 brn\n|-singleturn|p2a: Corviknight|move: Roost\n|move|p1a: Lil Doku Doku|Thunderbolt|p2a: Corviknight\n|-damage|p2a: Corviknight|66\/100 brn\n|-damage|p1a: Lil Doku Doku|81\/100|[from] item: Life Orb\n|\n|-heal|p2a: Corviknight|72\/100 brn|[from] item: Leftovers\n|-damage|p2a: Corviknight|66\/100 brn|[from] brn\n|upkeep\n|turn|27\n|\n|t:|1699726210\n|move|p2a: Corviknight|U-turn|p1a: Lil Doku Doku\n|-resisted|p1a: Lil Doku Doku\n|-damage|p1a: Lil Doku Doku|73\/100\n|c| InkyGoBoo!|Thunderbolt Nidoran go brrr-\n|c| Jack the Ripper21|blud actually dying by a nidoran\n|\n|t:|1699726217\n|switch|p2a: Gliscor|Gliscor, M|62\/100 tox|[from] U-turn\n|-damage|p2a: Gliscor|49\/100 tox|[from] Stealth Rock\n|move|p1a: Lil Doku Doku|Earth Power|p2a: Gliscor\n|-immune|p2a: Gliscor\n|\n|-heal|p2a: Gliscor|62\/100 tox|[from] ability: Poison Heal\n|upkeep\n|turn|28\n|c|\u2606scootdduck|This game was already decided like a week ago\n|c| InkyGoBoo!|I wonder what the gible is cooking-\n|c|\u2606iamjustanillusion|yeah true\n|c| InkyGoBoo!|Prob a sand veil bright powder set\n|c| AhiruChan|Im still so confused\n|c|\u2606scootdduck|This is purely for show\n|\n|t:|1699726255\n|move|p2a: Gliscor|Protect|p2a: Gliscor\n|-singleturn|p2a: Gliscor|Protect\n|move|p1a: Lil Doku Doku|Ice Beam|p2a: Gliscor\n|-activate|p2a: Gliscor|move: Protect\n|\n|-heal|p2a: Gliscor|74\/100 tox|[from] ability: Poison Heal\n|upkeep\n|turn|29\n|\n|t:|1699726270\n|move|p2a: Gliscor|Substitute|p2a: Gliscor\n|-start|p2a: Gliscor|Substitute\n|-damage|p2a: Gliscor|49\/100 tox\n|move|p1a: Lil Doku Doku|Ice Beam|p2a: Gliscor\n|-supereffective|p2a: Gliscor\n|-end|p2a: Gliscor|Substitute\n|-damage|p1a: Lil Doku Doku|63\/100|[from] item: Life Orb\n|\n|-heal|p2a: Gliscor|62\/100 tox|[from] ability: Poison Heal\n|upkeep\n|turn|30\n|c| AhiruChan|How tf did minior can even caused that much dmg\n|c|\u2606iamjustanillusion|alright\n|c|\u2606scootdduck|I believe in the birds, and if I can't let them win this tournament, Duck will have to\n|c|\u2606iamjustanillusion|time to wait for hours\n|\n|t:|1699726289\n|move|p2a: Gliscor|Protect|p2a: Gliscor\n|-singleturn|p2a: Gliscor|Protect\n|move|p1a: Lil Doku Doku|Ice Beam|p2a: Gliscor\n|-activate|p2a: Gliscor|move: Protect\n|\n|-heal|p2a: Gliscor|74\/100 tox|[from] ability: Poison Heal\n|upkeep\n|turn|31\n|\n|t:|1699726297\n|move|p2a: Gliscor|Substitute|p2a: Gliscor\n|-start|p2a: Gliscor|Substitute\n|-damage|p2a: Gliscor|49\/100 tox\n|move|p1a: Lil Doku Doku|Thunderbolt|p2a: Gliscor\n|-immune|p2a: Gliscor\n|\n|-heal|p2a: Gliscor|62\/100 tox|[from] ability: Poison Heal\n|upkeep\n|turn|32\n|\n|t:|1699726304\n|move|p2a: Gliscor|Stealth Rock|p1a: Lil Doku Doku\n|-sidestart|p1: scootdduck|move: Stealth Rock\n|move|p1a: Lil Doku Doku|Ice Beam|p2a: Gliscor\n|-supereffective|p2a: Gliscor\n|-end|p2a: Gliscor|Substitute\n|-damage|p1a: Lil Doku Doku|53\/100|[from] item: Life Orb\n|\n|-heal|p2a: Gliscor|74\/100 tox|[from] ability: Poison Heal\n|upkeep\n|turn|33\n|c| InkyGoBoo!|Whyyyy\n|c|\u2606iamjustanillusion|pp stall\n|c| AhiruChan|Bro brought a fucking\n|\n|t:|1699726319\n|move|p2a: Gliscor|Substitute|p2a: Gliscor\n|-start|p2a: Gliscor|Substitute\n|-damage|p2a: Gliscor|49\/100 tox\n|move|p1a: Lil Doku Doku|Sludge Bomb|p2a: Gliscor\n|-resisted|p2a: Gliscor\n|-activate|p2a: Gliscor|move: Substitute|[damage]\n|-damage|p1a: Lil Doku Doku|43\/100|[from] item: Life Orb\n|\n|-heal|p2a: Gliscor|62\/100 tox|[from] ability: Poison Heal\n|upkeep\n|turn|34\n|c|\u2606iamjustanillusion|gliscor is an anoyying bitch after all\n|\n|t:|1699726328\n|move|p2a: Gliscor|Protect|p2a: Gliscor\n|-singleturn|p2a: Gliscor|Protect\n|move|p1a: Lil Doku Doku|Sludge Bomb|p2a: Gliscor\n|-activate|p2a: Gliscor|move: Protect\n|\n|-heal|p2a: Gliscor|74\/100 tox|[from] ability: Poison Heal\n|upkeep\n|turn|35\n|c| Jack the Ripper21|i am litterly laughing\n|c| AhiruChan|Stall scor\n|c|\u2606iamjustanillusion|mhm\n|\n|t:|1699726336\n|move|p2a: Gliscor|Toxic|p1a: Lil Doku Doku\n|-immune|p1a: Lil Doku Doku\n|move|p1a: Lil Doku Doku|Sludge Bomb|p2a: Gliscor\n|-resisted|p2a: Gliscor\n|-end|p2a: Gliscor|Substitute\n|-damage|p1a: Lil Doku Doku|33\/100|[from] item: Life Orb\n|\n|-heal|p2a: Gliscor|87\/100 tox|[from] ability: Poison Heal\n|upkeep\n|turn|36\n|c| InkyGoBoo!|I think Im out now-\n|\n|t:|1699726347\n|move|p2a: Gliscor|Substitute|p2a: Gliscor\n|-start|p2a: Gliscor|Substitute\n|-damage|p2a: Gliscor|62\/100 tox\n|move|p1a: Lil Doku Doku|Thunderbolt|p2a: Gliscor\n|-immune|p2a: Gliscor\n|\n|-heal|p2a: Gliscor|74\/100 tox|[from] ability: Poison Heal\n|upkeep\n|turn|37\n|c| InkyGoBoo!|I have my own match in 45 minutes-\n|\n|t:|1699726355\n|move|p2a: Gliscor|Protect|p2a: Gliscor\n|-singleturn|p2a: Gliscor|Protect\n|move|p1a: Lil Doku Doku|Thunderbolt|p2a: Gliscor\n|-activate|p2a: Gliscor|move: Protect\n|\n|-heal|p2a: Gliscor|87\/100 tox|[from] ability: Poison Heal\n|upkeep\n|turn|38\n|c| Jack the Ripper21|same\n|\n|t:|1699726365\n|move|p2a: Gliscor|Toxic|p1a: Lil Doku Doku\n|-immune|p1a: Lil Doku Doku\n|move|p1a: Lil Doku Doku|Thunderbolt|p2a: Gliscor\n|-immune|p2a: Gliscor\n|\n|-heal|p2a: Gliscor|99\/100 tox|[from] ability: Poison Heal\n|upkeep\n|turn|39\n|c| AhiruChan|I want to stay awake dear >:\n|c| InkyGoBoo!|Actually Jack can we go on Disc for a sec?\n|c| YaBoiCrim|I can not believe I am watching a tournament game rn with rus\n|\n|t:|1699726379\n|move|p2a: Gliscor|Stealth Rock||[still]\n|-fail|p2a: Gliscor\n|move|p1a: Lil Doku Doku|Thunderbolt|p2a: Gliscor\n|-immune|p2a: Gliscor\n|\n|-heal|p2a: Gliscor|100\/100 tox|[from] ability: Poison Heal\n|upkeep\n|turn|40\n|c| InkyGoBoo!|I wanna show ya a team I made\n|c| InkyGoBoo!|That I think could beat okto-\n|\n|t:|1699726389\n|move|p2a: Gliscor|Stealth Rock||[still]\n|-fail|p2a: Gliscor\n|move|p1a: Lil Doku Doku|Thunderbolt|p2a: Gliscor\n|-immune|p2a: Gliscor\n|\n|upkeep\n|turn|41\n|c| Jack the Ripper21|sure\n|c|\u2606iamjustanillusion|stall\n|c|\u2606iamjustanillusion|vs\n|c|\u2606iamjustanillusion|stall\n|\n|t:|1699726400\n|move|p2a: Gliscor|Stealth Rock||[still]\n|-fail|p2a: Gliscor\n|move|p1a: Lil Doku Doku|Thunderbolt|p2a: Gliscor\n|-immune|p2a: Gliscor\n|\n|upkeep\n|turn|42\n|\n|t:|1699726409\n|move|p2a: Gliscor|Stealth Rock||[still]\n|-fail|p2a: Gliscor\n|move|p1a: Lil Doku Doku|Earth Power|p2a: Gliscor\n|-immune|p2a: Gliscor\n|\n|upkeep\n|turn|43\n|\n|t:|1699726418\n|move|p2a: Gliscor|Stealth Rock||[still]\n|-fail|p2a: Gliscor\n|move|p1a: Lil Doku Doku|Earth Power|p2a: Gliscor\n|-immune|p2a: Gliscor\n|\n|upkeep\n|turn|44\n|c|\u2606scootdduck|Duck\n|c|\u2606iamjustanillusion|?\n|c|\u2606scootdduck|Switch to corvik\n|l| Jack the Ripper21\n|\n|t:|1699726440\n|move|p2a: Gliscor|Stealth Rock||[still]\n|-fail|p2a: Gliscor\n|move|p1a: Lil Doku Doku|Earth Power|p2a: Gliscor\n|-immune|p2a: Gliscor\n|\n|upkeep\n|turn|45\n|c|\u2606iamjustanillusion|oh jack gone\n|c|\u2606iamjustanillusion|lmao\n|\n|t:|1699726450\n|switch|p2a: Corviknight|Corviknight, M|66\/100 brn\n|-damage|p2a: Corviknight|53\/100 brn|[from] Stealth Rock\n|move|p1a: Lil Doku Doku|Earth Power|p2a: Corviknight\n|-immune|p2a: Corviknight\n|\n|-heal|p2a: Corviknight|60\/100 brn|[from] item: Leftovers\n|-damage|p2a: Corviknight|53\/100 brn|[from] brn\n|upkeep\n|turn|46\n|j| Jack the Ripper21\n|\n|t:|1699726459\n|move|p2a: Corviknight|Roost|p2a: Corviknight\n|-heal|p2a: Corviknight|100\/100 brn\n|-singleturn|p2a: Corviknight|move: Roost\n|move|p1a: Lil Doku Doku|Earth Power|p2a: Corviknight\n|-supereffective|p2a: Corviknight\n|-damage|p2a: Corviknight|53\/100 brn\n|-damage|p1a: Lil Doku Doku|24\/100|[from] item: Life Orb\n|\n|-heal|p2a: Corviknight|59\/100 brn|[from] item: Leftovers\n|-damage|p2a: Corviknight|53\/100 brn|[from] brn\n|upkeep\n|turn|47\n|c|\u2606scootdduck|You know what to do\n|c|\u2606scootdduck|NOT THAT\n|\n|t:|1699726472\n|move|p2a: Corviknight|Iron Head|p1a: Lil Doku Doku\n|-damage|p1a: Lil Doku Doku|0 fnt\n|faint|p1a: Lil Doku Doku\n|\n|-heal|p2a: Corviknight|59\/100 brn|[from] item: Leftovers\n|-damage|p2a: Corviknight|53\/100 brn|[from] brn\n|upkeep\n|\n|t:|1699726475\n|switch|p1a: Lil Zoro|Drilbur, F|94\/100 tox\n|-damage|p1a: Lil Zoro|88\/100 tox|[from] Stealth Rock\n|turn|48\n|c| AhiruChan|FINALLY\n|\n|t:|1699726483\n|move|p1a: Lil Zoro|Earthquake|p2a: Corviknight\n|-immune|p2a: Corviknight\n|move|p2a: Corviknight|Iron Head|p1a: Lil Zoro\n|-damage|p1a: Lil Zoro|55\/100 tox\n|\n|-heal|p2a: Corviknight|59\/100 brn|[from] item: Leftovers\n|-damage|p1a: Lil Zoro|49\/100 tox|[from] psn\n|-damage|p2a: Corviknight|53\/100 brn|[from] brn\n|upkeep\n|turn|49\n|c| AhiruChan|Also duck why tf\n|\n|t:|1699726497\n|-terastallize|p1a: Lil Zoro|Ground\n|move|p1a: Lil Zoro|Earthquake|p2a: Corviknight\n|-immune|p2a: Corviknight\n|move|p2a: Corviknight|Iron Head|p1a: Lil Zoro\n|-damage|p1a: Lil Zoro|19\/100 tox\n|\n|-heal|p2a: Corviknight|59\/100 brn|[from] item: Leftovers\n|-damage|p1a: Lil Zoro|7\/100 tox|[from] psn\n|-damage|p2a: Corviknight|53\/100 brn|[from] brn\n|upkeep\n|turn|50\n|c|\u2606iamjustanillusion|oh come on\n|c|\u2606iamjustanillusion|not like this\n|c|\u2606iamjustanillusion|this feels so wrong\n|l| InkyGoBoo!\n|\n|t:|1699726509\n|move|p1a: Lil Zoro|Earthquake|p2a: Corviknight\n|-immune|p2a: Corviknight\n|move|p2a: Corviknight|Iron Head|p1a: Lil Zoro\n|-damage|p1a: Lil Zoro|0 fnt\n|faint|p1a: Lil Zoro\n|\n|-heal|p2a: Corviknight|59\/100 brn|[from] item: Leftovers\n|-damage|p2a: Corviknight|53\/100 brn|[from] brn\n|upkeep\n|c| AhiruChan|Did u brought iron head\n|c| AhiruChan|To a match vs ground\n|c| Jack the Ripper21|i swear if the terrorist was to lose\n|\n|t:|1699726523\n|switch|p1a: Monkey D. Luffy|Gible, M|100\/100\n|-damage|p1a: Monkey D. Luffy|95\/100|[from] Stealth Rock\n|turn|51\n|c| Jack the Ripper21|i would of cried\n|c|\u2606iamjustanillusion|not like this\n|c|\u2606iamjustanillusion|nooooo\n|\n|t:|1699726529\n|move|p2a: Corviknight|Iron Head|p1a: Monkey D. Luffy\n|-damage|p1a: Monkey D. Luffy|72\/100\n|-damage|p2a: Corviknight|40\/100 brn|[from] ability: Rough Skin|[of] p1a: Monkey D. Luffy\n|-damage|p2a: Corviknight|24\/100 brn|[from] item: Rocky Helmet|[of] p1a: Monkey D. Luffy\n|cant|p1a: Monkey D. Luffy|flinch\n|\n|-heal|p2a: Corviknight|30\/100 brn|[from] item: Leftovers\n|-damage|p2a: Corviknight|24\/100 brn|[from] brn\n|upkeep\n|turn|52\n|c| Jack the Ripper21|fire blast\n|c|\u2606scootdduck|He was never going to lose\n|\n|t:|1699726546\n|move|p2a: Corviknight|Defog|p1a: Monkey D. Luffy\n|-unboost|p1a: Monkey D. Luffy|evasion|1\n|-sideend|p1: scootdduck|Stealth Rock|[from] move: Defog|[of] p2a: Corviknight\n|-sideend|p2: iamjustanillusion|Stealth Rock|[from] move: Defog|[of] p2a: Corviknight\n|move|p1a: Monkey D. Luffy|Swords Dance|p1a: Monkey D. Luffy\n|-boost|p1a: Monkey D. Luffy|atk|2\n|\n|-heal|p2a: Corviknight|30\/100 brn|[from] item: Leftovers\n|-damage|p2a: Corviknight|24\/100 brn|[from] brn\n|upkeep\n|turn|53\n|c| AhiruChan|Gibble sweep\n|\n|t:|1699726554\n|move|p2a: Corviknight|Roost|p2a: Corviknight\n|-heal|p2a: Corviknight|74\/100 brn\n|-singleturn|p2a: Corviknight|move: Roost\n|move|p1a: Monkey D. Luffy|Rock Slide|p2a: Corviknight\n|-resisted|p2a: Corviknight\n|-damage|p2a: Corviknight|62\/100 brn\n|\n|-heal|p2a: Corviknight|68\/100 brn|[from] item: Leftovers\n|-damage|p2a: Corviknight|62\/100 brn|[from] brn\n|upkeep\n|turn|54\n|c| Jack the Ripper21|nah it sword danced\n|\n|t:|1699726567\n|move|p2a: Corviknight|Iron Head|p1a: Monkey D. Luffy\n|-damage|p1a: Monkey D. Luffy|49\/100\n|-damage|p2a: Corviknight|49\/100 brn|[from] ability: Rough Skin|[of] p1a: Monkey D. Luffy\n|-damage|p2a: Corviknight|33\/100 brn|[from] item: Rocky Helmet|[of] p1a: Monkey D. Luffy\n|move|p1a: Monkey D. Luffy|Earthquake|p2a: Corviknight\n|-immune|p2a: Corviknight\n|\n|-heal|p2a: Corviknight|39\/100 brn|[from] item: Leftovers\n|-damage|p2a: Corviknight|33\/100 brn|[from] brn\n|upkeep\n|turn|55\n|c|\u2606iamjustanillusion|gyro\n|l| AhiruChan\n|c|\u2606iamjustanillusion|do i do dis\n|\n|t:|1699726584\n|move|p2a: Corviknight|Iron Head|p1a: Monkey D. Luffy\n|-damage|p1a: Monkey D. Luffy|24\/100\n|-damage|p2a: Corviknight|20\/100 brn|[from] ability: Rough Skin|[of] p1a: Monkey D. Luffy\n|-damage|p2a: Corviknight|4\/100 brn|[from] item: Rocky Helmet|[of] p1a: Monkey D. Luffy\n|move|p1a: Monkey D. Luffy|Dragon Claw|p2a: Corviknight\n|-resisted|p2a: Corviknight\n|-damage|p2a: Corviknight|0 fnt\n|faint|p2a: Corviknight\n|\n|upkeep\n|\n|t:|1699726593\n|switch|p2a: Gliscor|Gliscor, M|100\/100 tox\n|turn|56\n|\n|t:|1699726599\n|move|p2a: Gliscor|Toxic|p1a: Monkey D. Luffy\n|-status|p1a: Monkey D. Luffy|tox\n|move|p1a: Monkey D. Luffy|Earthquake|p2a: Gliscor\n|-immune|p2a: Gliscor\n|\n|-damage|p1a: Monkey D. Luffy|18\/100 tox|[from] psn\n|upkeep\n|turn|57\n|\n|t:|1699726607\n|move|p2a: Gliscor|Substitute|p2a: Gliscor\n|-start|p2a: Gliscor|Substitute\n|-damage|p2a: Gliscor|76\/100 tox\n|move|p1a: Monkey D. Luffy|Earthquake|p2a: Gliscor\n|-immune|p2a: Gliscor\n|\n|-heal|p2a: Gliscor|88\/100 tox|[from] ability: Poison Heal\n|-damage|p1a: Monkey D. Luffy|6\/100 tox|[from] psn\n|upkeep\n|turn|58\n|c|\u2606scootdduck|GG o7\n|c|\u2606iamjustanillusion|this feels\n|c|\u2606iamjustanillusion|sofuckingwrong\n|c|\u2606scootdduck|Win for the both of us\n|c|\u2606iamjustanillusion|i feel like im a monster\n|c|\u2606iamjustanillusion|whats wrong with me\n|c|\u2606iamjustanillusion|why did i accept this\n|\n|t:|1699726638\n|move|p2a: Gliscor|Protect|p2a: Gliscor\n|-singleturn|p2a: Gliscor|Protect\n|move|p1a: Monkey D. Luffy|Earthquake|p2a: Gliscor\n|-activate|p2a: Gliscor|move: Protect\n|\n|-heal|p2a: Gliscor|100\/100 tox|[from] ability: Poison Heal\n|-damage|p1a: Monkey D. Luffy|0 fnt|[from] psn\n|faint|p1a: Monkey D. Luffy\n|\n|win|iamjustanillusion\n|upkeep\n|c|\u2606iamjustanillusion|im a horrible human being\n","uploadtime":1699726646,"views":20,"p1id":"scootdduck","p2id":"iamjustanillusion","formatid":"gen9nationaldex","rating":0,"private":0,"password":""}