{"id":"gen9nationaldex-1990296500","p1":"angelhunter1901","p2":"Wowub","format":"[Gen 9] National Dex","log":"|j|\u2606angelhunter1901\n|j|\u2606Wowub\n|t:|1699952556\n|gametype|singles\n|player|p1|angelhunter1901|102|1090\n|player|p2|Wowub|266|1018\n|teamsize|p1|6\n|teamsize|p2|3\n|gen|9\n|tier|[Gen 9] National Dex\n|rated|\n|rule|HP Percentage Mod: HP is shown in percentages\n|rule|Endless Battle Clause: Forcing endless battles is banned\n|rule|OHKO Clause: OHKO moves are banned\n|rule|Evasion Clause: Evasion abilities, items, and moves are banned\n|rule|Evasion Abilities Clause: Evasion abilities are banned\n|rule|Evasion Items Clause: Evasion items are banned\n|rule|Evasion Moves Clause: Evasion moves are banned\n|rule|Species Clause: Limit one of each Pok\u00e9mon\n|rule|Sleep Clause Mod: Limit one foe put to sleep\n|clearpoke\n|poke|p1|Ninetales-Alola, M|\n|poke|p1|Charizard, M|\n|poke|p1|Cloyster, F|\n|poke|p1|Machamp, F|\n|poke|p1|Graveler-Alola, F|\n|poke|p1|Slowbro-Galar, M|\n|poke|p2|Swalot, M|\n|poke|p2|Barraskewda, F|\n|poke|p2|Flygon, F|\n|teampreview\n|\n|t:|1699952595\n|start\n|switch|p1a: Ninetales|Ninetales-Alola, M, shiny|100\/100\n|switch|p2a: Swalot|Swalot, M|100\/100\n|-weather|Snow|[from] ability: Snow Warning|[of] p1a: Ninetales\n|turn|1\n|\n|t:|1699952611\n|move|p1a: Ninetales|Aurora Veil|p1a: Ninetales\n|-sidestart|p1: angelhunter1901|move: Aurora Veil\n|move|p2a: Swalot|Stuff Cheeks|p2a: Swalot\n|-boost|p2a: Swalot|def|2\n|-enditem|p2a: Swalot|Petaya Berry|[eat]\n|-boost|p2a: Swalot|spa|1|[from] item: Petaya Berry\n|\n|-weather|Snow|[upkeep]\n|upkeep\n|turn|2\n|inactive|Battle timer is ON: inactive players will automatically lose when time's up. (requested by Wowub)\n|\n|t:|1699952636\n|move|p1a: Ninetales|Icy Wind|p2a: Swalot\n|-damage|p2a: Swalot|83\/100\n|-unboost|p2a: Swalot|spe|1\n|move|p2a: Swalot|Sludge Bomb|p1a: Ninetales\n|-supereffective|p1a: Ninetales\n|-damage|p1a: Ninetales|51\/100\n|\n|-weather|Snow|[upkeep]\n|upkeep\n|turn|3\n|inactive|Wowub has 120 seconds left.\n|\n|t:|1699952692\n|switch|p1a: Graveler|Graveler-Alola, F|100\/100\n|move|p2a: Swalot|Sludge Bomb|p1a: Graveler\n|-resisted|p1a: Graveler\n|-damage|p1a: Graveler|71\/100\n|\n|-weather|Snow|[upkeep]\n|upkeep\n|turn|4\n|inactive|Wowub has 90 seconds left.\n|\n|t:|1699952711\n|move|p1a: Graveler|Earthquake|p2a: Swalot\n|-supereffective|p2a: Swalot\n|-crit|p2a: Swalot\n|-damage|p2a: Swalot|0 fnt\n|faint|p2a: Swalot\n|\n|-weather|Snow|[upkeep]\n|upkeep\n|inactive|Wowub has 90 seconds left.\n|\n|t:|1699952718\n|switch|p2a: Flygon|Flygon, F|100\/100\n|turn|5\n|\n|t:|1699952726\n|switch|p1a: Charizard|Charizard, M, shiny|100\/100\n|move|p2a: Flygon|Boomburst|p1a: Charizard\n|-damage|p1a: Charizard|79\/100\n|-enditem|p2a: Flygon|Throat Spray\n|-boost|p2a: Flygon|spa|1|[from] item: Throat Spray\n|\n|-weather|Snow|[upkeep]\n|-sideend|p1: angelhunter1901|move: Aurora Veil\n|upkeep\n|turn|6\n|\n|t:|1699952745\n|-terastallize|p2a: Flygon|Normal\n|move|p1a: Charizard|Hurricane|p2a: Flygon\n|-damage|p2a: Flygon|29\/100\n|move|p2a: Flygon|Boomburst|p1a: Charizard\n|-damage|p1a: Charizard|0 fnt\n|faint|p1a: Charizard\n|\n|-weather|Snow|[upkeep]\n|upkeep\n|\n|t:|1699952756\n|switch|p1a: Machamp|Machamp, F|100\/100\n|turn|7\n|\n|t:|1699952759\n|move|p1a: Machamp|Bullet Punch|p2a: Flygon\n|-damage|p2a: Flygon|8\/100\n|move|p2a: Flygon|Air Slash|p1a: Machamp\n|-supereffective|p1a: Machamp\n|-damage|p1a: Machamp|37\/100\n|\n|-weather|Snow|[upkeep]\n|-status|p1a: Machamp|brn|[from] item: Flame Orb\n|upkeep\n|turn|8\n|\n|t:|1699952768\n|move|p1a: Machamp|Bullet Punch|p2a: Flygon\n|-damage|p2a: Flygon|0 fnt\n|faint|p2a: Flygon\n|\n|-weather|none\n|-damage|p1a: Machamp|31\/100 brn|[from] brn\n|upkeep\n|-message|Wowub forfeited.\n|\n|win|angelhunter1901\n|raw|angelhunter1901's rating: 1090 &rarr; <strong>1111<\/strong><br \/>(+21 for winning)\n|raw|Wowub's rating: 1018 &rarr; <strong>1008<\/strong><br \/>(-10 for losing)\n|l|\u2606Wowub\n","uploadtime":1699952782,"views":4,"p1id":"angelhunter1901","p2id":"wowub","formatid":"gen9nationaldex","rating":1008,"private":0,"password":""}