{"id":"gen9nationaldex-1991955653","p1":"ACSsupreme36","p2":"angelrd","format":"[Gen 9] National Dex","log":"|j|\u2606ACSsupreme36\n|j|\u2606angelrd\n|t:|1700142264\n|gametype|singles\n|player|p1|ACSsupreme36|hugh|1000\n|player|p2|angelrd|hoopster|1126\n|teamsize|p1|6\n|teamsize|p2|6\n|gen|9\n|tier|[Gen 9] National Dex\n|rated|\n|rule|HP Percentage Mod: HP is shown in percentages\n|rule|Endless Battle Clause: Forcing endless battles is banned\n|rule|OHKO Clause: OHKO moves are banned\n|rule|Evasion Clause: Evasion abilities, items, and moves are banned\n|rule|Evasion Abilities Clause: Evasion abilities are banned\n|rule|Evasion Items Clause: Evasion items are banned\n|rule|Evasion Moves Clause: Evasion moves are banned\n|rule|Species Clause: Limit one of each Pok\u00e9mon\n|rule|Sleep Clause Mod: Limit one foe put to sleep\n|clearpoke\n|poke|p1|Lucario, M|\n|poke|p1|Weavile, F|\n|poke|p1|Luxray, F|\n|poke|p1|Dragonite, M|\n|poke|p1|Braviary-Hisui, M|\n|poke|p1|Toxicroak, M|\n|poke|p2|Whimsicott, M|\n|poke|p2|Kommo-o, F|\n|poke|p2|Aerodactyl, M|\n|poke|p2|Porygon-Z|\n|poke|p2|Gyarados, M|\n|poke|p2|Gallade, M|\n|teampreview\n|inactive|Battle timer is ON: inactive players will automatically lose when time's up. (requested by angelrd)\n|\n|t:|1700142294\n|start\n|switch|p1a: Braviary|Braviary-Hisui, M, shiny|100\/100\n|switch|p2a: Aerodactyl|Aerodactyl, M|100\/100\n|turn|1\n|\n|t:|1700142303\n|move|p2a: Aerodactyl|Stealth Rock|p1a: Braviary\n|-sidestart|p1: ACSsupreme36|move: Stealth Rock\n|move|p1a: Braviary|Rain Dance|p1a: Braviary\n|-weather|RainDance\n|\n|-weather|RainDance|[upkeep]\n|upkeep\n|turn|2\n|\n|t:|1700142308\n|switch|p1a: Toxicroak|Toxicroak, M|100\/100\n|-damage|p1a: Toxicroak|94\/100|[from] Stealth Rock\n|move|p2a: Aerodactyl|Rock Slide|p1a: Toxicroak\n|-resisted|p1a: Toxicroak\n|-crit|p1a: Toxicroak\n|-damage|p1a: Toxicroak|51\/100\n|\n|-weather|RainDance|[upkeep]\n|-heal|p1a: Toxicroak|64\/100|[from] ability: Dry Skin\n|upkeep\n|turn|3\n|\n|t:|1700142319\n|move|p2a: Aerodactyl|Earthquake|p1a: Toxicroak\n|-supereffective|p1a: Toxicroak\n|-damage|p1a: Toxicroak|0 fnt\n|faint|p1a: Toxicroak\n|\n|-weather|RainDance|[upkeep]\n|upkeep\n|\n|t:|1700142336\n|switch|p1a: Weavile|Weavile, F|100\/100\n|-ability|p1a: Weavile|Pressure\n|turn|4\n|\n|t:|1700142345\n|-terastallize|p1a: Weavile|Poison\n|move|p2a: Aerodactyl|Rock Slide|p1a: Weavile\n|-damage|p1a: Weavile|44\/100\n|move|p1a: Weavile|Hone Claws|p1a: Weavile\n|-boost|p1a: Weavile|atk|1\n|-boost|p1a: Weavile|accuracy|1\n|\n|-weather|RainDance|[upkeep]\n|upkeep\n|turn|5\n|\n|t:|1700142356\n|move|p2a: Aerodactyl|Earthquake|p1a: Weavile\n|-supereffective|p1a: Weavile\n|-damage|p1a: Weavile|0 fnt\n|faint|p1a: Weavile\n|\n|-weather|none\n|upkeep\n|\n|t:|1700142360\n|switch|p1a: Dragonite|Dragonite, M, shiny|100\/100\n|-damage|p1a: Dragonite|76\/100|[from] Stealth Rock\n|turn|6\n|\n|t:|1700142365\n|move|p2a: Aerodactyl|Rock Slide|p1a: Dragonite|[miss]\n|-miss|p2a: Aerodactyl|p1a: Dragonite\n|move|p1a: Dragonite|Ice Spinner|p2a: Aerodactyl\n|-supereffective|p2a: Aerodactyl\n|-damage|p2a: Aerodactyl|3\/100\n|\n|upkeep\n|turn|7\n|\n|t:|1700142388\n|move|p2a: Aerodactyl|Rock Slide|p1a: Dragonite\n|-supereffective|p1a: Dragonite\n|-damage|p1a: Dragonite|1\/100\n|move|p1a: Dragonite|Wing Attack|p2a: Aerodactyl\n|-resisted|p2a: Aerodactyl\n|-damage|p2a: Aerodactyl|0 fnt\n|faint|p2a: Aerodactyl\n|\n|upkeep\n|\n|t:|1700142397\n|switch|p2a: Porygon-Z|Porygon-Z|100\/100\n|turn|8\n|\n|t:|1700142403\n|move|p2a: Porygon-Z|Tri Attack|p1a: Dragonite\n|-damage|p1a: Dragonite|0 fnt\n|faint|p1a: Dragonite\n|\n|upkeep\n|inactive|ACSsupreme36 has 120 seconds left.\n|\n|t:|1700142433\n|switch|p1a: Lucario|Lucario, M|100\/100\n|-damage|p1a: Lucario|98\/100|[from] Stealth Rock\n|turn|9\n|inactive|ACSsupreme36 has 120 seconds left.\n|\n|t:|1700142443\n|switch|p2a: Gyarados|Gyarados, M|100\/100\n|-ability|p2a: Gyarados|Intimidate|boost\n|-unboost|p1a: Lucario|atk|1\n|move|p1a: Lucario|Aura Sphere|p2a: Gyarados\n|-resisted|p2a: Gyarados\n|-damage|p2a: Gyarados|83\/100\n|\n|-heal|p2a: Gyarados|89\/100|[from] item: Leftovers\n|upkeep\n|turn|10\n|inactive|ACSsupreme36 has 120 seconds left.\n|\n|t:|1700142460\n|switch|p1a: Braviary|Braviary-Hisui, M, shiny|100\/100\n|-damage|p1a: Braviary|76\/100|[from] Stealth Rock\n|move|p2a: Gyarados|Dragon Dance|p2a: Gyarados\n|-boost|p2a: Gyarados|atk|1\n|-boost|p2a: Gyarados|spe|1\n|\n|-heal|p2a: Gyarados|95\/100|[from] item: Leftovers\n|upkeep\n|turn|11\n|inactive|ACSsupreme36 has 120 seconds left.\n|\n|t:|1700142467\n|move|p2a: Gyarados|Waterfall|p1a: Braviary\n|-damage|p1a: Braviary|8\/100\n|move|p1a: Braviary|Esper Wing|p2a: Gyarados\n|-damage|p2a: Gyarados|58\/100\n|-boost|p1a: Braviary|spe|1\n|\n|-heal|p2a: Gyarados|64\/100|[from] item: Leftovers\n|upkeep\n|turn|12\n|inactive|ACSsupreme36 has 120 seconds left.\n|\n|t:|1700142480\n|move|p2a: Gyarados|Waterfall|p1a: Braviary\n|-damage|p1a: Braviary|0 fnt\n|faint|p1a: Braviary\n|\n|-heal|p2a: Gyarados|70\/100|[from] item: Leftovers\n|upkeep\n|\n|t:|1700142483\n|switch|p1a: Luxray|Luxray, F, shiny|100\/100\n|-damage|p1a: Luxray|88\/100|[from] Stealth Rock\n|turn|13\n|\n|t:|1700142490\n|move|p2a: Gyarados|Earthquake|p1a: Luxray\n|-supereffective|p1a: Luxray\n|-damage|p1a: Luxray|0 fnt\n|faint|p1a: Luxray\n|\n|-heal|p2a: Gyarados|76\/100|[from] item: Leftovers\n|upkeep\n|\n|t:|1700142492\n|switch|p1a: Lucario|Lucario, M|98\/100\n|-damage|p1a: Lucario|95\/100|[from] Stealth Rock\n|turn|14\n|\n|t:|1700142499\n|move|p2a: Gyarados|Earthquake|p1a: Lucario\n|-supereffective|p1a: Lucario\n|-damage|p1a: Lucario|0 fnt\n|faint|p1a: Lucario\n|\n|win|angelrd\n|raw|ACSsupreme36's rating: 1000 &rarr; <strong>1000<\/strong><br \/>(+0 for losing)\n|raw|angelrd's rating: 1126 &rarr; <strong>1142<\/strong><br \/>(+16 for winning)\n|l|\u2606ACSsupreme36\n","uploadtime":1700142524,"views":5,"p1id":"acssupreme36","p2id":"angelrd","formatid":"gen9nationaldex","rating":1000,"private":0,"password":""}