{"id":"gen9nationaldex-1990538335","p1":"Sleeporange","p2":"DerpyJolteon","format":"[Gen 9] National Dex","log":"|j|\u2606Sleeporange\n|j|\u203dDerpyJolteon\n|t:|1699979697\n|gametype|singles\n|player|p1|Sleeporange|cynthia|1394\n|player|p2|DerpyJolteon|volkner|1370\n|teamsize|p1|6\n|teamsize|p2|6\n|gen|9\n|tier|[Gen 9] National Dex\n|rated|\n|rule|HP Percentage Mod: HP is shown in percentages\n|rule|Endless Battle Clause: Forcing endless battles is banned\n|rule|OHKO Clause: OHKO moves are banned\n|rule|Evasion Clause: Evasion abilities, items, and moves are banned\n|rule|Evasion Abilities Clause: Evasion abilities are banned\n|rule|Evasion Items Clause: Evasion items are banned\n|rule|Evasion Moves Clause: Evasion moves are banned\n|rule|Species Clause: Limit one of each Pok\u00e9mon\n|rule|Sleep Clause Mod: Limit one foe put to sleep\n|clearpoke\n|poke|p1|Banette, F|\n|poke|p1|Pawmot, M|\n|poke|p1|Gardevoir, F|\n|poke|p1|Latios, M|\n|poke|p1|Cinderace, M|\n|poke|p1|Audino, M|\n|poke|p2|Toxapex, F|\n|poke|p2|Reuniclus, M|\n|poke|p2|Lopunny, F|\n|poke|p2|Ferrothorn, F|\n|poke|p2|Garchomp, M|\n|poke|p2|Zapdos|\n|teampreview\n|inactive|Battle timer is ON: inactive players will automatically lose when time's up. (requested by DerpyJolteon)\n|\n|t:|1699979709\n|start\n|switch|p1a: Latios|Latios, M, shiny|100\/100\n|switch|p2a: Ferrothorn|Ferrothorn, F, shiny|100\/100\n|turn|1\n|\n|t:|1699979718\n|move|p1a: Latios|Whirlpool|p2a: Ferrothorn\n|-resisted|p2a: Ferrothorn\n|-damage|p2a: Ferrothorn|97\/100\n|-activate|p2a: Ferrothorn|move: Whirlpool|[of] p1a: Latios\n|move|p2a: Ferrothorn|Stealth Rock|p1a: Latios\n|-sidestart|p1: Sleeporange|move: Stealth Rock\n|\n|-heal|p2a: Ferrothorn|100\/100|[from] item: Leftovers\n|-damage|p2a: Ferrothorn|88\/100|[from] move: Whirlpool|[partiallytrapped]\n|upkeep\n|turn|2\n|\n|t:|1699979735\n|move|p1a: Latios|Reflect|p1a: Latios\n|-sidestart|p1: Sleeporange|Reflect\n|move|p2a: Ferrothorn|Leech Seed|p1a: Latios\n|-start|p1a: Latios|move: Leech Seed\n|\n|-heal|p2a: Ferrothorn|94\/100|[from] item: Leftovers\n|-damage|p1a: Latios|88\/100|[from] Leech Seed|[of] p2a: Ferrothorn\n|-heal|p2a: Ferrothorn|100\/100|[silent]\n|-damage|p2a: Ferrothorn|88\/100|[from] move: Whirlpool|[partiallytrapped]\n|upkeep\n|turn|3\n|\n|t:|1699979743\n|move|p1a: Latios|Simple Beam|p2a: Ferrothorn\n|-endability|p2a: Ferrothorn|Iron Barbs|[from] move: Simple Beam\n|-ability|p2a: Ferrothorn|Simple|[from] move: Simple Beam\n|move|p2a: Ferrothorn|Power Whip|p1a: Latios|[miss]\n|-miss|p2a: Ferrothorn|p1a: Latios\n|\n|-heal|p2a: Ferrothorn|94\/100|[from] item: Leftovers\n|-damage|p1a: Latios|76\/100|[from] Leech Seed|[of] p2a: Ferrothorn\n|-heal|p2a: Ferrothorn|100\/100|[silent]\n|-damage|p2a: Ferrothorn|88\/100|[from] move: Whirlpool|[partiallytrapped]\n|upkeep\n|turn|4\n|\n|t:|1699979754\n|switch|p1a: Audino|Audino, M|100\/100\n|move|p2a: Ferrothorn|Power Whip|p1a: Audino\n|-damage|p1a: Audino|84\/100\n|\n|-heal|p2a: Ferrothorn|94\/100|[from] item: Leftovers\n|-end|p2a: Ferrothorn|Whirlpool|[partiallytrapped]|[silent]\n|upkeep\n|turn|5\n|\n|t:|1699979763\n|move|p1a: Audino|Wish|p1a: Audino\n|move|p2a: Ferrothorn|Leech Seed|p1a: Audino\n|-start|p1a: Audino|move: Leech Seed\n|\n|-heal|p2a: Ferrothorn|100\/100|[from] item: Leftovers\n|-damage|p1a: Audino|71\/100|[from] Leech Seed|[of] p2a: Ferrothorn\n|upkeep\n|turn|6\n|\n|t:|1699979768\n|switch|p1a: Cinderace|Cinderace, M|100\/100\n|-damage|p1a: Cinderace|76\/100|[from] Stealth Rock\n|switch|p2a: Toxapex|Toxapex, F, shiny|100\/100\n|\n|-heal|p1a: Cinderace|100\/100|[from] move: Wish|[wisher] Audino\n|upkeep\n|turn|7\n|\n|t:|1699979776\n|move|p1a: Cinderace|Court Change|p1a: Cinderace\n|-start|p1a: Cinderace|typechange|Normal|[from] ability: Libero\n|-swapsideconditions\n|-activate|p1a: Cinderace|move: Court Change\n|move|p2a: Toxapex|Toxic Spikes|p1a: Cinderace\n|-sidestart|p1: Sleeporange|move: Toxic Spikes\n|\n|upkeep\n|turn|8\n|\n|t:|1699979790\n|move|p1a: Cinderace|Court Change|p1a: Cinderace\n|-swapsideconditions\n|-activate|p1a: Cinderace|move: Court Change\n|move|p2a: Toxapex|Scald|p1a: Cinderace\n|-damage|p1a: Cinderace|77\/100\n|-status|p1a: Cinderace|brn\n|\n|-damage|p1a: Cinderace|71\/100 brn|[from] brn\n|upkeep\n|turn|9\n|\n|t:|1699979798\n|switch|p1a: Audino|Audino, M|100\/100\n|move|p2a: Toxapex|Toxic Spikes|p1a: Audino\n|-sidestart|p1: Sleeporange|move: Toxic Spikes\n|\n|-sideend|p1: Sleeporange|Reflect\n|upkeep\n|turn|10\n|\n|t:|1699979805\n|move|p1a: Audino|Simple Beam|p2a: Toxapex\n|-endability|p2a: Toxapex|Regenerator|[from] move: Simple Beam\n|-ability|p2a: Toxapex|Simple|[from] move: Simple Beam\n|move|p2a: Toxapex|Toxic Spikes|p1a: Audino\n|-sidestart|p1: Sleeporange|move: Toxic Spikes\n|\n|upkeep\n|turn|11\n|\n|t:|1699979816\n|switch|p2a: Reuniclus|Reuniclus, M, shiny|100\/100\n|-status|p2a: Reuniclus|psn\n|move|p1a: Audino|Wish|p1a: Audino\n|\n|upkeep\n|turn|12\n|\n|t:|1699979826\n|switch|p1a: Cinderace|Cinderace, M|71\/100 brn\n|-damage|p1a: Cinderace|46\/100 brn|[from] Stealth Rock\n|move|p2a: Reuniclus|Calm Mind|p2a: Reuniclus\n|-boost|p2a: Reuniclus|spa|1\n|-boost|p2a: Reuniclus|spd|1\n|\n|-heal|p1a: Cinderace|100\/100 brn|[from] move: Wish|[wisher] Audino\n|-damage|p1a: Cinderace|95\/100 brn|[from] brn\n|upkeep\n|turn|13\n|\n|t:|1699979841\n|move|p1a: Cinderace|Court Change|p1a: Cinderace\n|-start|p1a: Cinderace|typechange|Normal|[from] ability: Libero\n|-swapsideconditions\n|-activate|p1a: Cinderace|move: Court Change\n|move|p2a: Reuniclus|Acid Armor|p2a: Reuniclus\n|-boost|p2a: Reuniclus|def|2\n|\n|-damage|p1a: Cinderace|89\/100 brn|[from] brn\n|upkeep\n|turn|14\n|\n|t:|1699979852\n|switch|p1a: Banette|Banette, F, shiny|100\/100\n|-status|p1a: Banette|psn\n|-item|p2a: Reuniclus|Leftovers|[from] ability: Frisk|[of] p1a: Banette|[identify]\n|move|p2a: Reuniclus|Acid Armor|p2a: Reuniclus\n|-boost|p2a: Reuniclus|def|2\n|\n|-damage|p1a: Banette|88\/100 psn|[from] psn\n|upkeep\n|turn|15\n|\n|t:|1699979860\n|detailschange|p1a: Banette|Banette-Mega, F, shiny\n|-mega|p1a: Banette|Banette|Banettite\n|move|p1a: Banette|Encore|p2a: Reuniclus\n|-start|p2a: Reuniclus|Encore\n|move|p2a: Reuniclus|Acid Armor|p2a: Reuniclus\n|-boost|p2a: Reuniclus|def|2\n|\n|-damage|p1a: Banette|76\/100 psn|[from] psn\n|upkeep\n|turn|16\n|\n|t:|1699979869\n|move|p1a: Banette|Infestation|p2a: Reuniclus\n|-supereffective|p2a: Reuniclus\n|-damage|p2a: Reuniclus|96\/100 psn\n|-activate|p2a: Reuniclus|move: Infestation|[of] p1a: Banette\n|move|p2a: Reuniclus|Acid Armor|p2a: Reuniclus\n|-boost|p2a: Reuniclus|def|0\n|\n|-heal|p2a: Reuniclus|100\/100 psn|[from] item: Leftovers\n|-damage|p1a: Banette|64\/100 psn|[from] psn\n|upkeep\n|turn|17\n|\n|t:|1699979877\n|move|p1a: Banette|Poltergeist|p2a: Reuniclus\n|-activate|p2a: Reuniclus|move: Poltergeist|Leftovers\n|-supereffective|p2a: Reuniclus\n|-damage|p2a: Reuniclus|76\/100 psn\n|move|p2a: Reuniclus|Acid Armor|p2a: Reuniclus\n|-boost|p2a: Reuniclus|def|0\n|\n|-heal|p2a: Reuniclus|83\/100 psn|[from] item: Leftovers\n|-damage|p1a: Banette|51\/100 psn|[from] psn\n|-end|p2a: Reuniclus|Encore\n|upkeep\n|turn|18\n|\n|t:|1699979883\n|move|p1a: Banette|Encore|p2a: Reuniclus\n|-start|p2a: Reuniclus|Encore\n|move|p2a: Reuniclus|Acid Armor|p2a: Reuniclus\n|-boost|p2a: Reuniclus|def|0\n|\n|-heal|p2a: Reuniclus|89\/100 psn|[from] item: Leftovers\n|-damage|p1a: Banette|39\/100 psn|[from] psn\n|upkeep\n|turn|19\n|inactive|Sleeporange has 120 seconds left.\n|inactive|Sleeporange has 90 seconds left.\n|\n|t:|1699979969\n|switch|p1a: Audino|Audino, M|100\/100\n|move|p2a: Reuniclus|Acid Armor|p2a: Reuniclus\n|-boost|p2a: Reuniclus|def|0\n|\n|-heal|p2a: Reuniclus|95\/100 psn|[from] item: Leftovers\n|-end|p2a: Reuniclus|Infestation|[partiallytrapped]|[silent]\n|upkeep\n|turn|20\n|\n|t:|1699979981\n|move|p1a: Audino|Simple Beam|p2a: Reuniclus\n|-endability|p2a: Reuniclus|Magic Guard|[from] move: Simple Beam\n|-ability|p2a: Reuniclus|Simple|[from] move: Simple Beam\n|move|p2a: Reuniclus|Acid Armor|p2a: Reuniclus\n|-boost|p2a: Reuniclus|def|0\n|\n|-heal|p2a: Reuniclus|100\/100 psn|[from] item: Leftovers\n|-damage|p2a: Reuniclus|88\/100 psn|[from] psn\n|-end|p2a: Reuniclus|Encore\n|upkeep\n|turn|21\n|\n|t:|1699979989\n|move|p1a: Audino|Wish|p1a: Audino\n|move|p2a: Reuniclus|Calm Mind|p2a: Reuniclus\n|-boost|p2a: Reuniclus|spa|2\n|-boost|p2a: Reuniclus|spd|2\n|\n|-heal|p2a: Reuniclus|94\/100 psn|[from] item: Leftovers\n|-damage|p2a: Reuniclus|82\/100 psn|[from] psn\n|upkeep\n|turn|22\n|\n|t:|1699979998\n|switch|p1a: Banette|Banette-Mega, F, shiny|39\/100 psn\n|move|p2a: Reuniclus|Stored Power|p1a: Banette\n|-damage|p1a: Banette|0 fnt\n|faint|p1a: Banette\n|\n|-heal|p2a: Reuniclus|88\/100 psn|[from] item: Leftovers\n|-damage|p2a: Reuniclus|75\/100 psn|[from] psn\n|upkeep\n|\n|t:|1699980008\n|switch|p1a: Pawmot|Pawmot, M|100\/100\n|-status|p1a: Pawmot|psn\n|turn|23\n|\n|t:|1699980012\n|move|p1a: Pawmot|Revival Blessing|p1a: Pawmot\n|\n|t:|1699980014\n|-heal|p1: Banette|50\/100|[from] move: Revival Blessing\n|move|p2a: Reuniclus|Stored Power|p1a: Pawmot\n|-supereffective|p1a: Pawmot\n|-crit|p1a: Pawmot\n|-enditem|p1a: Pawmot|Focus Sash\n|-damage|p1a: Pawmot|1\/100 psn\n|\n|-heal|p2a: Reuniclus|81\/100 psn|[from] item: Leftovers\n|-damage|p1a: Pawmot|0 fnt|[from] psn\n|faint|p1a: Pawmot\n|-damage|p2a: Reuniclus|69\/100 psn|[from] psn\n|upkeep\n|\n|t:|1699980021\n|switch|p1a: Banette|Banette-Mega, F, shiny|50\/100\n|-status|p1a: Banette|psn\n|turn|24\n|\n|t:|1699980025\n|move|p1a: Banette|Destiny Bond|p1a: Banette\n|-singlemove|p1a: Banette|Destiny Bond\n|move|p2a: Reuniclus|Stored Power|p1a: Banette\n|-damage|p1a: Banette|0 fnt\n|faint|p1a: Banette\n|-activate|p1a: Banette|move: Destiny Bond\n|faint|p2a: Reuniclus\n|\n|upkeep\n|\n|t:|1699980039\n|switch|p1a: Latios|Latios, M, shiny|76\/100\n|switch|p2a: Toxapex|Toxapex, F, shiny|100\/100\n|-damage|p2a: Toxapex|88\/100|[from] Stealth Rock\n|-sideend|p2: DerpyJolteon|move: Toxic Spikes|[of] p2a: Toxapex\n|turn|25\n|inactive|Sleeporange has 90 seconds left.\n|\n|t:|1699980068\n|switch|p1a: Gardevoir|Gardevoir, F, shiny|100\/100\n|-status|p1a: Gardevoir|psn\n|-ability|p1a: Gardevoir|Regenerator|[from] ability: Trace|[of] p2a: Toxapex\n|move|p2a: Toxapex|Toxic Spikes|p1a: Gardevoir\n|-sidestart|p1: Sleeporange|move: Toxic Spikes\n|\n|-heal|p2a: Toxapex|94\/100|[from] item: Black Sludge\n|-damage|p1a: Gardevoir|88\/100 psn|[from] psn\n|upkeep\n|turn|26\n|inactive|Sleeporange has 90 seconds left.\n|\n|t:|1699980084\n|switch|p2a: Garchomp|Garchomp, M, shiny|100\/100\n|-damage|p2a: Garchomp|94\/100|[from] Stealth Rock\n|-terastallize|p1a: Gardevoir|Steel\n|move|p1a: Gardevoir|Calm Mind|p1a: Gardevoir\n|-boost|p1a: Gardevoir|spa|1\n|-boost|p1a: Gardevoir|spd|1\n|\n|-damage|p1a: Gardevoir|76\/100 psn|[from] psn\n|upkeep\n|turn|27\n|inactive|Sleeporange has 90 seconds left.\n|\n|t:|1699980092\n|switch|p1a: Latios|Latios, M, shiny|76\/100\n|-terastallize|p2a: Garchomp|Steel\n|move|p2a: Garchomp|Earthquake|p1a: Latios\n|-immune|p1a: Latios|[from] ability: Levitate\n|\n|upkeep\n|turn|28\n|inactive|Sleeporange has 90 seconds left.\n|\n|t:|1699980104\n|switch|p2a: Lopunny|Lopunny, F, shiny|100\/100\n|-damage|p2a: Lopunny|88\/100|[from] Stealth Rock\n|move|p1a: Latios|Reflect|p1a: Latios\n|-sidestart|p1: Sleeporange|Reflect\n|\n|upkeep\n|turn|29\n|\n|t:|1699980111\n|move|p2a: Lopunny|Fake Out|p1a: Latios\n|-damage|p1a: Latios|69\/100\n|cant|p1a: Latios|flinch\n|\n|upkeep\n|turn|30\n|\n|t:|1699980123\n|switch|p2a: Ferrothorn|Ferrothorn, F, shiny|100\/100\n|-damage|p2a: Ferrothorn|94\/100|[from] Stealth Rock\n|move|p1a: Latios|Whirlpool|p2a: Ferrothorn\n|-resisted|p2a: Ferrothorn\n|-damage|p2a: Ferrothorn|91\/100\n|-activate|p2a: Ferrothorn|move: Whirlpool|[of] p1a: Latios\n|\n|-heal|p2a: Ferrothorn|97\/100|[from] item: Leftovers\n|-damage|p2a: Ferrothorn|85\/100|[from] move: Whirlpool|[partiallytrapped]\n|upkeep\n|turn|31\n|\n|t:|1699980127\n|move|p1a: Latios|Simple Beam|p2a: Ferrothorn\n|-endability|p2a: Ferrothorn|Iron Barbs|[from] move: Simple Beam\n|-ability|p2a: Ferrothorn|Simple|[from] move: Simple Beam\n|move|p2a: Ferrothorn|Leech Seed|p1a: Latios|[miss]\n|-miss|p2a: Ferrothorn|p1a: Latios\n|\n|-heal|p2a: Ferrothorn|91\/100|[from] item: Leftovers\n|-damage|p2a: Ferrothorn|79\/100|[from] move: Whirlpool|[partiallytrapped]\n|upkeep\n|turn|32\n|inactive|Sleeporange has 120 seconds left.\n|\n|t:|1699980137\n|switch|p1a: Gardevoir|Gardevoir, F, shiny, tera:Steel|100\/100 psn\n|-ability|p1a: Gardevoir|Simple|[from] ability: Trace|[of] p2a: Ferrothorn\n|move|p2a: Ferrothorn|Leech Seed|p1a: Gardevoir\n|-start|p1a: Gardevoir|move: Leech Seed\n|\n|-heal|p2a: Ferrothorn|85\/100|[from] item: Leftovers\n|-damage|p1a: Gardevoir|88\/100 psn|[from] Leech Seed|[of] p2a: Ferrothorn\n|-heal|p2a: Ferrothorn|97\/100|[silent]\n|-damage|p1a: Gardevoir|76\/100 psn|[from] psn\n|-end|p2a: Ferrothorn|Whirlpool|[partiallytrapped]|[silent]\n|upkeep\n|turn|33\n|\n|t:|1699980149\n|switch|p1a: Cinderace|Cinderace, M|89\/100 brn\n|move|p2a: Ferrothorn|Stealth Rock|p1a: Cinderace\n|-sidestart|p1: Sleeporange|move: Stealth Rock\n|\n|-heal|p2a: Ferrothorn|100\/100|[from] item: Leftovers\n|-damage|p1a: Cinderace|83\/100 brn|[from] brn\n|upkeep\n|turn|34\n|\n|t:|1699980157\n|move|p1a: Cinderace|Court Change|p1a: Cinderace\n|-start|p1a: Cinderace|typechange|Normal|[from] ability: Libero\n|-swapsideconditions\n|-activate|p1a: Cinderace|move: Court Change\n|move|p2a: Ferrothorn|Power Whip|p1a: Cinderace|[miss]\n|-miss|p2a: Ferrothorn|p1a: Cinderace\n|\n|-damage|p1a: Cinderace|77\/100 brn|[from] brn\n|upkeep\n|turn|35\n|\n|t:|1699980165\n|move|p1a: Cinderace|Pyro Ball|p2a: Ferrothorn|[miss]\n|-miss|p1a: Cinderace|p2a: Ferrothorn\n|move|p2a: Ferrothorn|Leech Seed|p1a: Cinderace\n|-start|p1a: Cinderace|move: Leech Seed\n|\n|-damage|p1a: Cinderace|64\/100 brn|[from] Leech Seed|[of] p2a: Ferrothorn\n|-damage|p1a: Cinderace|58\/100 brn|[from] brn\n|-sideend|p2: DerpyJolteon|Reflect\n|upkeep\n|turn|36\n|inactive|Sleeporange has 120 seconds left.\n|\n|t:|1699980202\n|switch|p1a: Audino|Audino, M|100\/100\n|switch|p2a: Toxapex|Toxapex, F, shiny|100\/100\n|-sideend|p2: DerpyJolteon|move: Toxic Spikes|[of] p2a: Toxapex\n|-damage|p2a: Toxapex|88\/100|[from] Stealth Rock\n|\n|-heal|p2a: Toxapex|94\/100|[from] item: Black Sludge\n|upkeep\n|turn|37\n|inactive|Sleeporange has 120 seconds left.\n|\n|t:|1699980210\n|move|p1a: Audino|Wish|p1a: Audino\n|move|p2a: Toxapex|Toxic Spikes|p1a: Audino\n|-sidestart|p1: Sleeporange|move: Toxic Spikes\n|\n|-heal|p2a: Toxapex|99\/100|[from] item: Black Sludge\n|upkeep\n|turn|38\n|\n|t:|1699980215\n|move|p1a: Audino|Simple Beam|p2a: Toxapex\n|-endability|p2a: Toxapex|Regenerator|[from] move: Simple Beam\n|-ability|p2a: Toxapex|Simple|[from] move: Simple Beam\n|move|p2a: Toxapex|Toxic Spikes|p1a: Audino\n|-sidestart|p1: Sleeporange|move: Toxic Spikes\n|\n|-heal|p2a: Toxapex|100\/100|[from] item: Black Sludge\n|upkeep\n|turn|39\n|\n|t:|1699980224\n|switch|p1a: Gardevoir|Gardevoir, F, shiny, tera:Steel|76\/100 psn\n|-damage|p1a: Gardevoir|70\/100 psn|[from] Stealth Rock\n|-ability|p1a: Gardevoir|Simple|[from] ability: Trace|[of] p2a: Toxapex\n|switch|p2a: Ferrothorn|Ferrothorn, F, shiny|100\/100\n|-damage|p2a: Ferrothorn|94\/100|[from] Stealth Rock\n|\n|-heal|p2a: Ferrothorn|100\/100|[from] item: Leftovers\n|-damage|p1a: Gardevoir|57\/100 psn|[from] psn\n|upkeep\n|turn|40\n|\n|t:|1699980231\n|move|p1a: Gardevoir|Calm Mind|p1a: Gardevoir\n|-boost|p1a: Gardevoir|spa|2\n|-boost|p1a: Gardevoir|spd|2\n|move|p2a: Ferrothorn|Leech Seed|p1a: Gardevoir\n|-start|p1a: Gardevoir|move: Leech Seed\n|\n|-damage|p1a: Gardevoir|45\/100 psn|[from] Leech Seed|[of] p2a: Ferrothorn\n|-damage|p1a: Gardevoir|33\/100 psn|[from] psn\n|upkeep\n|turn|41\n|\n|t:|1699980240\n|move|p1a: Gardevoir|Draining Kiss|p2a: Ferrothorn\n|-resisted|p2a: Ferrothorn\n|-damage|p2a: Ferrothorn|88\/100\n|-heal|p1a: Gardevoir|42\/100 psn|[from] drain|[of] p2a: Ferrothorn\n|-damage|p1a: Gardevoir|30\/100 psn|[from] ability: Iron Barbs|[of] p2a: Ferrothorn\n|move|p2a: Ferrothorn|Power Whip|p1a: Gardevoir\n|-resisted|p1a: Gardevoir\n|-damage|p1a: Gardevoir|13\/100 psn\n|-enditem|p1a: Gardevoir|Kee Berry|[eat]\n|-boost|p1a: Gardevoir|def|2|[from] item: Kee Berry\n|\n|-heal|p2a: Ferrothorn|94\/100|[from] item: Leftovers\n|-damage|p1a: Gardevoir|0 fnt|[from] Leech Seed|[of] p2a: Ferrothorn\n|-heal|p2a: Ferrothorn|100\/100|[silent]\n|faint|p1a: Gardevoir\n|upkeep\n|-message|Sleeporange forfeited.\n|\n|win|DerpyJolteon\n|raw|Sleeporange's rating: 1394 &rarr; <strong>1373<\/strong><br \/>(-21 for losing)\n|raw|DerpyJolteon's rating: 1370 &rarr; <strong>1391<\/strong><br \/>(+21 for winning)\n|l|\u2606Sleeporange\n|l|\u203dDerpyJolteon\n|j|\u203dDerpyJolteon\n|player|p2|DerpyJolteon|volkner\n","uploadtime":1699980292,"views":4,"p1id":"sleeporange","p2id":"derpyjolteon","formatid":"gen9nationaldex","rating":1373,"private":0,"password":""}