{"id":"gen9nationaldex-1993588869","p1":"Jman4769","p2":"Cashdatrox1236","format":"[Gen 9] National Dex","log":"|j|\u2606Jman4769\n|j|\u2606Cashdatrox1236\n|t:|1700334904\n|gametype|singles\n|player|p1|Jman4769|swimmerf-gen4dp|1037\n|player|p2|Cashdatrox1236|riley|1063\n|teamsize|p1|3\n|teamsize|p2|6\n|gen|9\n|tier|[Gen 9] National Dex\n|rated|\n|rule|HP Percentage Mod: HP is shown in percentages\n|rule|Endless Battle Clause: Forcing endless battles is banned\n|rule|OHKO Clause: OHKO moves are banned\n|rule|Evasion Clause: Evasion abilities, items, and moves are banned\n|rule|Evasion Abilities Clause: Evasion abilities are banned\n|rule|Evasion Items Clause: Evasion items are banned\n|rule|Evasion Moves Clause: Evasion moves are banned\n|rule|Species Clause: Limit one of each Pok\u00e9mon\n|rule|Sleep Clause Mod: Limit one foe put to sleep\n|clearpoke\n|poke|p1|Mamoswine, F|\n|poke|p1|Dragonite, M|\n|poke|p1|Grimmsnarl, M|\n|poke|p2|Gliscor, F|\n|poke|p2|Samurott-Hisui, F|\n|poke|p2|Xurkitree|\n|poke|p2|Scizor, M|\n|poke|p2|Blaziken, F|\n|poke|p2|Serperior, M|\n|teampreview\n|\n|t:|1700334913\n|start\n|switch|p1a: Grimmsnarl|Grimmsnarl, M|100\/100\n|switch|p2a: Blaziken|Blaziken, F, shiny|100\/100\n|turn|1\n|\n|t:|1700334931\n|move|p1a: Grimmsnarl|Fake Out|p2a: Blaziken\n|-damage|p2a: Blaziken|85\/100\n|cant|p2a: Blaziken|flinch\n|\n|-ability|p2a: Blaziken|Speed Boost|boost\n|-boost|p2a: Blaziken|spe|1\n|upkeep\n|turn|2\n|\n|t:|1700334939\n|move|p1a: Grimmsnarl|Light Screen|p1a: Grimmsnarl\n|-sidestart|p1: Jman4769|move: Light Screen\n|move|p2a: Blaziken|Body Slam|p1a: Grimmsnarl\n|-damage|p1a: Grimmsnarl|62\/100\n|-status|p1a: Grimmsnarl|par\n|\n|-ability|p2a: Blaziken|Speed Boost|boost\n|-boost|p2a: Blaziken|spe|1\n|upkeep\n|turn|3\n|\n|t:|1700334949\n|move|p1a: Grimmsnarl|Reflect|p1a: Grimmsnarl\n|-sidestart|p1: Jman4769|Reflect\n|move|p2a: Blaziken|Brick Break|p1a: Grimmsnarl\n|-sideend|p1: Jman4769|Reflect\n|-sideend|p1: Jman4769|move: Light Screen\n|-damage|p1a: Grimmsnarl|10\/100 par\n|\n|-ability|p2a: Blaziken|Speed Boost|boost\n|-boost|p2a: Blaziken|spe|1\n|upkeep\n|turn|4\n|\n|t:|1700334957\n|move|p1a: Grimmsnarl|Parting Shot|p2a: Blaziken\n|-unboost|p2a: Blaziken|atk|1\n|-unboost|p2a: Blaziken|spa|1\n|\n|t:|1700334961\n|switch|p1a: Dragonite|Dragonite, M|100\/100|[from] Parting Shot\n|move|p2a: Blaziken|Brick Break|p1a: Dragonite\n|-resisted|p1a: Dragonite\n|-damage|p1a: Dragonite|93\/100\n|\n|-ability|p2a: Blaziken|Speed Boost|boost\n|-boost|p2a: Blaziken|spe|1\n|upkeep\n|turn|5\n|\n|t:|1700334972\n|move|p2a: Blaziken|Body Slam|p1a: Dragonite\n|-damage|p1a: Dragonite|71\/100\n|move|p1a: Dragonite|Dragon Dance|p1a: Dragonite\n|-boost|p1a: Dragonite|atk|1\n|-boost|p1a: Dragonite|spe|1\n|\n|-ability|p2a: Blaziken|Speed Boost|boost\n|-boost|p2a: Blaziken|spe|1\n|upkeep\n|turn|6\n|\n|t:|1700334982\n|move|p2a: Blaziken|Body Slam|p1a: Dragonite\n|-damage|p1a: Dragonite|47\/100\n|-status|p1a: Dragonite|par\n|-enditem|p1a: Dragonite|Lum Berry|[eat]\n|-curestatus|p1a: Dragonite|par|[msg]\n|move|p1a: Dragonite|Dragon Dance|p1a: Dragonite\n|-boost|p1a: Dragonite|atk|1\n|-boost|p1a: Dragonite|spe|1\n|\n|-ability|p2a: Blaziken|Speed Boost|boost\n|-boost|p2a: Blaziken|spe|1\n|upkeep\n|turn|7\n|\n|t:|1700334994\n|-terastallize|p1a: Dragonite|Normal\n|move|p1a: Dragonite|Extreme Speed|p2a: Blaziken\n|-damage|p2a: Blaziken|0 fnt\n|faint|p2a: Blaziken\n|\n|upkeep\n|\n|t:|1700335004\n|switch|p2a: Gliscor|Gliscor, F|100\/100\n|turn|8\n|\n|t:|1700335010\n|move|p1a: Dragonite|Outrage|p2a: Gliscor\n|-damage|p2a: Gliscor|0 fnt\n|faint|p2a: Gliscor\n|\n|upkeep\n|\n|t:|1700335019\n|switch|p2a: Samurott|Samurott-Hisui, F|100\/100\n|turn|9\n|\n|t:|1700335023\n|move|p1a: Dragonite|Outrage|p2a: Samurott|[from]lockedmove\n|-damage|p2a: Samurott|0 fnt\n|faint|p2a: Samurott\n|-start|p1a: Dragonite|confusion|[fatigue]\n|\n|upkeep\n|\n|t:|1700335030\n|switch|p2a: Xurkitree|Xurkitree|100\/100\n|turn|10\n|\n|t:|1700335036\n|-terastallize|p2a: Xurkitree|Grass\n|-activate|p1a: Dragonite|confusion\n|move|p1a: Dragonite|Outrage|p2a: Xurkitree\n|-damage|p2a: Xurkitree|0 fnt\n|faint|p2a: Xurkitree\n|\n|upkeep\n|\n|t:|1700335044\n|switch|p2a: Serperior|Serperior, M|100\/100\n|turn|11\n|\n|t:|1700335052\n|-end|p1a: Dragonite|confusion\n|move|p1a: Dragonite|Outrage|p2a: Serperior|[from]lockedmove\n|-enditem|p2a: Serperior|Focus Sash\n|-damage|p2a: Serperior|1\/100\n|move|p2a: Serperior|Knock Off|p1a: Dragonite\n|-damage|p1a: Dragonite|29\/100\n|\n|upkeep\n|turn|12\n|\n|t:|1700335063\n|move|p1a: Dragonite|Outrage|p2a: Serperior|[from]lockedmove\n|-damage|p2a: Serperior|0 fnt\n|faint|p2a: Serperior\n|-start|p1a: Dragonite|confusion|[fatigue]\n|\n|upkeep\n|\n|t:|1700335070\n|switch|p2a: Scizor|Scizor, M|100\/100\n|turn|13\n|\n|t:|1700335079\n|detailschange|p2a: Scizor|Scizor-Mega, M\n|-mega|p2a: Scizor|Scizor|Scizorite\n|move|p2a: Scizor|Bullet Punch|p1a: Dragonite\n|-damage|p1a: Dragonite|0 fnt\n|faint|p1a: Dragonite\n|\n|upkeep\n|\n|t:|1700335082\n|switch|p1a: Mamoswine|Mamoswine, F|100\/100\n|turn|14\n|\n|t:|1700335089\n|move|p2a: Scizor|Bullet Punch|p1a: Mamoswine\n|-supereffective|p1a: Mamoswine\n|-crit|p1a: Mamoswine\n|-damage|p1a: Mamoswine|0 fnt\n|faint|p1a: Mamoswine\n|\n|upkeep\n|\n|t:|1700335092\n|switch|p1a: Grimmsnarl|Grimmsnarl, M|10\/100 par\n|turn|15\n|\n|t:|1700335097\n|move|p1a: Grimmsnarl|Fake Out|p2a: Scizor\n|-resisted|p2a: Scizor\n|-damage|p2a: Scizor|96\/100\n|cant|p2a: Scizor|flinch\n|\n|upkeep\n|turn|16\n|\n|t:|1700335103\n|move|p2a: Scizor|Bullet Punch|p1a: Grimmsnarl\n|-supereffective|p1a: Grimmsnarl\n|-damage|p1a: Grimmsnarl|0 fnt\n|faint|p1a: Grimmsnarl\n|\n|win|Cashdatrox1236\n|raw|Jman4769's rating: 1028 &rarr; <strong>1015<\/strong><br \/>(-13 for losing)\n|raw|Cashdatrox1236's rating: 1063 &rarr; <strong>1090<\/strong><br \/>(+27 for winning)\n|c|\u2606Cashdatrox1236|Gg\n|l|\u2606Jman4769\n","uploadtime":1700335113,"views":8,"p1id":"jman4769","p2id":"cashdatrox1236","formatid":"gen9nationaldex","rating":1015,"private":0,"password":""}