{"id":"gen9nationaldex-1991272138","p1":"your wigness","p2":"runeatest","format":"[Gen 9] National Dex","log":"|j|\u2606your wigness\n|j|\u2606runeatest\n|t:|1700063173\n|gametype|singles\n|player|p1|your wigness|fairytalegirl|1196\n|player|p2|runeatest|fisherman-gen4|1186\n|teamsize|p1|6\n|teamsize|p2|6\n|gen|9\n|tier|[Gen 9] National Dex\n|rated|\n|rule|HP Percentage Mod: HP is shown in percentages\n|rule|Endless Battle Clause: Forcing endless battles is banned\n|rule|OHKO Clause: OHKO moves are banned\n|rule|Evasion Clause: Evasion abilities, items, and moves are banned\n|rule|Evasion Abilities Clause: Evasion abilities are banned\n|rule|Evasion Items Clause: Evasion items are banned\n|rule|Evasion Moves Clause: Evasion moves are banned\n|rule|Species Clause: Limit one of each Pok\u00e9mon\n|rule|Sleep Clause Mod: Limit one foe put to sleep\n|clearpoke\n|poke|p1|Hatterene, F|\n|poke|p1|Nidoqueen, F|\n|poke|p1|Meowscarada, M|\n|poke|p1|Mismagius, F|\n|poke|p1|Armarouge, M|\n|poke|p1|Purugly, M|\n|poke|p2|Glaceon, M|\n|poke|p2|Flygon, M|\n|poke|p2|Emolga, M|\n|poke|p2|Marowak-Alola, M|\n|poke|p2|Sirfetch\u2019d, M|\n|poke|p2|Lapras, M|\n|teampreview\n|inactive|Battle timer is ON: inactive players will automatically lose when time's up. (requested by runeatest)\n|\n|t:|1700063178\n|start\n|switch|p1a: Purugly|Purugly, M|100\/100\n|switch|p2a: Marowak|Marowak-Alola, M|100\/100\n|turn|1\n|\n|t:|1700063187\n|switch|p1a: Armarouge|Armarouge, M|100\/100\n|move|p2a: Marowak|Flare Blitz|p1a: Armarouge\n|-resisted|p1a: Armarouge\n|-damage|p1a: Armarouge|56\/100\n|-ability|p1a: Armarouge|Weak Armor|boost\n|-unboost|p1a: Armarouge|def|1\n|-boost|p1a: Armarouge|spe|2\n|\n|upkeep\n|turn|2\n|\n|t:|1700063195\n|move|p1a: Armarouge|Psyshock|p2a: Marowak\n|-damage|p2a: Marowak|54\/100\n|move|p2a: Marowak|Poltergeist|p1a: Armarouge\n|-activate|p1a: Armarouge|move: Poltergeist|Focus Sash\n|-supereffective|p1a: Armarouge\n|-damage|p1a: Armarouge|0 fnt\n|faint|p1a: Armarouge\n|\n|upkeep\n|\n|t:|1700063199\n|switch|p1a: Meowscarada|Meowscarada, M|100\/100\n|turn|3\n|\n|t:|1700063207\n|move|p1a: Meowscarada|Substitute|p1a: Meowscarada\n|-start|p1a: Meowscarada|Substitute\n|-damage|p1a: Meowscarada|76\/100\n|move|p2a: Marowak|Flare Blitz|p1a: Meowscarada\n|-supereffective|p1a: Meowscarada\n|-end|p1a: Meowscarada|Substitute\n|\n|upkeep\n|turn|4\n|\n|t:|1700063213\n|move|p1a: Meowscarada|Knock Off|p2a: Marowak\n|-supereffective|p2a: Marowak\n|-damage|p2a: Marowak|0 fnt\n|-enditem|p2a: Marowak|Thick Club|[from] move: Knock Off|[of] p1a: Meowscarada\n|faint|p2a: Marowak\n|\n|upkeep\n|\n|t:|1700063219\n|switch|p2a: Emolga|Emolga, M|100\/100\n|turn|5\n|\n|t:|1700063222\n|move|p1a: Meowscarada|Leech Seed|p2a: Emolga\n|-start|p2a: Emolga|move: Leech Seed\n|move|p2a: Emolga|Nuzzle|p1a: Meowscarada\n|-resisted|p1a: Meowscarada\n|-damage|p1a: Meowscarada|72\/100\n|-status|p1a: Meowscarada|par\n|\n|-damage|p2a: Emolga|88\/100|[from] Leech Seed|[of] p1a: Meowscarada\n|-heal|p1a: Meowscarada|81\/100 par|[silent]\n|upkeep\n|turn|6\n|\n|t:|1700063231\n|switch|p2a: Sirfetch\u2019d|Sirfetch\u2019d, M|100\/100\n|move|p1a: Meowscarada|Substitute|p1a: Meowscarada\n|-start|p1a: Meowscarada|Substitute\n|-damage|p1a: Meowscarada|56\/100 par\n|\n|upkeep\n|turn|7\n|\n|t:|1700063237\n|move|p2a: Sirfetch\u2019d|Dual Wingbeat|p1a: Meowscarada\n|-supereffective|p1a: Meowscarada\n|-end|p1a: Meowscarada|Substitute\n|-supereffective|p1a: Meowscarada\n|-damage|p1a: Meowscarada|17\/100 par\n|-enditem|p1a: Meowscarada|Iapapa Berry|[eat]\n|-heal|p1a: Meowscarada|50\/100 par|[from] item: Iapapa Berry\n|-hitcount|p1a: Meowscarada|2\n|move|p1a: Meowscarada|Leech Seed|p2a: Sirfetch\u2019d\n|-start|p2a: Sirfetch\u2019d|move: Leech Seed\n|\n|-damage|p2a: Sirfetch\u2019d|88\/100|[from] Leech Seed|[of] p1a: Meowscarada\n|-heal|p1a: Meowscarada|60\/100 par|[silent]\n|upkeep\n|turn|8\n|\n|t:|1700063248\n|switch|p2a: Emolga|Emolga, M|88\/100\n|move|p1a: Meowscarada|Substitute|p1a: Meowscarada\n|-start|p1a: Meowscarada|Substitute\n|-damage|p1a: Meowscarada|36\/100 par\n|\n|upkeep\n|turn|9\n|\n|t:|1700063254\n|switch|p2a: Sirfetch\u2019d|Sirfetch\u2019d, M|88\/100\n|move|p1a: Meowscarada|Knock Off|p2a: Sirfetch\u2019d\n|-resisted|p2a: Sirfetch\u2019d\n|-damage|p2a: Sirfetch\u2019d|68\/100\n|-enditem|p2a: Sirfetch\u2019d|Leek|[from] move: Knock Off|[of] p1a: Meowscarada\n|\n|upkeep\n|turn|10\n|\n|t:|1700063262\n|move|p2a: Sirfetch\u2019d|Dual Wingbeat|p1a: Meowscarada\n|-supereffective|p1a: Meowscarada\n|-end|p1a: Meowscarada|Substitute\n|-supereffective|p1a: Meowscarada\n|-damage|p1a: Meowscarada|0 fnt\n|faint|p1a: Meowscarada\n|-hitcount|p1: Meowscarada|2\n|\n|upkeep\n|\n|t:|1700063266\n|switch|p1a: Purugly|Purugly, M|100\/100\n|turn|11\n|\n|t:|1700063270\n|move|p1a: Purugly|Fake Out|p2a: Sirfetch\u2019d\n|-damage|p2a: Sirfetch\u2019d|44\/100\n|cant|p2a: Sirfetch\u2019d|flinch\n|\n|upkeep\n|turn|12\n|\n|t:|1700063274\n|move|p1a: Purugly|Last Resort|p2a: Sirfetch\u2019d\n|-damage|p2a: Sirfetch\u2019d|0 fnt\n|faint|p2a: Sirfetch\u2019d\n|\n|upkeep\n|\n|t:|1700063279\n|switch|p2a: Emolga|Emolga, M|88\/100\n|turn|13\n|\n|t:|1700063284\n|-terastallize|p1a: Purugly|Ground\n|move|p1a: Purugly|Last Resort|p2a: Emolga\n|-damage|p2a: Emolga|0 fnt\n|faint|p2a: Emolga\n|\n|upkeep\n|\n|t:|1700063291\n|switch|p2a: Lapras|Lapras, M|100\/100\n|turn|14\n|\n|t:|1700063297\n|move|p1a: Purugly|Last Resort|p2a: Lapras\n|-crit|p2a: Lapras\n|-damage|p2a: Lapras|16\/100\n|move|p2a: Lapras|Freeze-Dry|p1a: Purugly\n|-supereffective|p1a: Purugly\n|-damage|p1a: Purugly|52\/100\n|\n|-heal|p2a: Lapras|22\/100|[from] item: Leftovers\n|upkeep\n|turn|15\n|\n|t:|1700063305\n|move|p1a: Purugly|Last Resort|p2a: Lapras\n|-damage|p2a: Lapras|0 fnt\n|faint|p2a: Lapras\n|\n|upkeep\n|\n|t:|1700063309\n|switch|p2a: Flygon|Flygon, M|100\/100\n|turn|16\n|\n|t:|1700063312\n|move|p1a: Purugly|Last Resort|p2a: Flygon\n|-crit|p2a: Flygon\n|-enditem|p2a: Flygon|Focus Sash\n|-damage|p2a: Flygon|1\/100\n|move|p2a: Flygon|Dragon Dance|p2a: Flygon\n|-boost|p2a: Flygon|atk|1\n|-boost|p2a: Flygon|spe|1\n|\n|upkeep\n|turn|17\n|\n|t:|1700063319\n|switch|p1a: Mismagius|Mismagius, F|100\/100\n|move|p2a: Flygon|Dragon Claw|p1a: Mismagius\n|-damage|p1a: Mismagius|5\/100\n|\n|upkeep\n|turn|18\n|\n|t:|1700063326\n|move|p2a: Flygon|Earthquake|p1a: Mismagius\n|-immune|p1a: Mismagius|[from] ability: Levitate\n|move|p1a: Mismagius|Shadow Ball|p2a: Flygon\n|-damage|p2a: Flygon|0 fnt\n|faint|p2a: Flygon\n|\n|upkeep\n|\n|t:|1700063332\n|switch|p2a: Glaceon|Glaceon, M|100\/100\n|turn|19\n|\n|t:|1700063337\n|move|p2a: Glaceon|Ice Shard|p1a: Mismagius\n|-damage|p1a: Mismagius|0 fnt\n|faint|p1a: Mismagius\n|\n|upkeep\n|\n|t:|1700063340\n|switch|p1a: Purugly|Purugly, M, tera:Ground|52\/100\n|turn|20\n|\n|t:|1700063344\n|-terastallize|p2a: Glaceon|Ghost\n|move|p1a: Purugly|Fake Out|p2a: Glaceon\n|-immune|p2a: Glaceon\n|move|p2a: Glaceon|Shadow Ball|p1a: Purugly\n|-damage|p1a: Purugly|0 fnt\n|faint|p1a: Purugly\n|\n|upkeep\n|\n|t:|1700063348\n|switch|p1a: Hatterene|Hatterene, F|100\/100\n|turn|21\n|\n|t:|1700063353\n|move|p2a: Glaceon|Shadow Ball|p1a: Hatterene\n|-supereffective|p1a: Hatterene\n|-damage|p1a: Hatterene|6\/100\n|-unboost|p1a: Hatterene|spd|1\n|move|p1a: Hatterene|Light Screen|p1a: Hatterene\n|-sidestart|p1: your wigness|move: Light Screen\n|\n|upkeep\n|turn|22\n|\n|t:|1700063359\n|move|p2a: Glaceon|Shadow Ball|p1a: Hatterene\n|-supereffective|p1a: Hatterene\n|-damage|p1a: Hatterene|0 fnt\n|faint|p1a: Hatterene\n|\n|upkeep\n|\n|t:|1700063361\n|switch|p1a: Nidoqueen|Nidoqueen, F, shiny|100\/100\n|turn|23\n|\n|t:|1700063366\n|move|p1a: Nidoqueen|Shadow Ball|p2a: Glaceon\n|-supereffective|p2a: Glaceon\n|-damage|p2a: Glaceon|55\/100\n|move|p2a: Glaceon|Ice Beam|p1a: Nidoqueen\n|-supereffective|p1a: Nidoqueen\n|-damage|p1a: Nidoqueen|42\/100\n|\n|upkeep\n|turn|24\n|\n|t:|1700063373\n|move|p1a: Nidoqueen|Shadow Ball|p2a: Glaceon\n|-supereffective|p2a: Glaceon\n|-damage|p2a: Glaceon|8\/100\n|move|p2a: Glaceon|Ice Beam|p1a: Nidoqueen\n|-supereffective|p1a: Nidoqueen\n|-damage|p1a: Nidoqueen|0 fnt\n|faint|p1a: Nidoqueen\n|\n|win|runeatest\n|raw|your wigness's rating: 1196 &rarr; <strong>1170<\/strong><br \/>(-26 for losing)\n|raw|runeatest's rating: 1186 &rarr; <strong>1212<\/strong><br \/>(+26 for winning)\n","uploadtime":1700063384,"views":4,"p1id":"yourwigness","p2id":"runeatest","formatid":"gen9nationaldex","rating":1170,"private":0,"password":""}