{"id":"gen9nationaldex-1988397004","p1":"smoodayx","p2":"KFRecorder","format":"[Gen 9] National Dex","log":"|j|\u2606smoodayx\n|j|\u2606KFRecorder\n|t:|1699718334\n|gametype|singles\n|player|p1|smoodayx|falkner|1379\n|player|p2|KFRecorder|swimmerf|1250\n|teamsize|p1|6\n|teamsize|p2|6\n|gen|9\n|tier|[Gen 9] National Dex\n|rated|\n|rule|HP Percentage Mod: HP is shown in percentages\n|rule|Endless Battle Clause: Forcing endless battles is banned\n|rule|OHKO Clause: OHKO moves are banned\n|rule|Evasion Clause: Evasion abilities, items, and moves are banned\n|rule|Evasion Abilities Clause: Evasion abilities are banned\n|rule|Evasion Items Clause: Evasion items are banned\n|rule|Evasion Moves Clause: Evasion moves are banned\n|rule|Species Clause: Limit one of each Pok\u00e9mon\n|rule|Sleep Clause Mod: Limit one foe put to sleep\n|clearpoke\n|poke|p1|Victini|\n|poke|p1|Weavile, F|\n|poke|p1|Keldeo-Resolute|\n|poke|p1|Zapdos|\n|poke|p1|Garchomp, F|\n|poke|p1|Tapu Lele|\n|poke|p2|Great Tusk|\n|poke|p2|Samurott-Hisui, F|\n|poke|p2|Scizor, M|\n|poke|p2|Iron Valiant|\n|poke|p2|Heatran, M|\n|poke|p2|Ferrothorn, F|\n|teampreview\n|inactive|Battle timer is ON: inactive players will automatically lose when time's up. (requested by KFRecorder)\n|\n|t:|1699718343\n|start\n|switch|p1a: Tapu Lele|Tapu Lele|100\/100\n|switch|p2a: Samurott|Samurott-Hisui, F, shiny|100\/100\n|-fieldstart|move: Psychic Terrain|[from] ability: Psychic Surge|[of] p1a: Tapu Lele\n|turn|1\n|\n|t:|1699718358\n|switch|p2a: Scizor|Scizor, M|100\/100\n|move|p1a: Tapu Lele|Moonblast|p2a: Scizor\n|-resisted|p2a: Scizor\n|-damage|p2a: Scizor|76\/100\n|-unboost|p2a: Scizor|spa|1\n|\n|upkeep\n|turn|2\n|\n|t:|1699718370\n|switch|p1a: Zapdos|Zapdos|100\/100\n|detailschange|p2a: Scizor|Scizor-Mega, M\n|-mega|p2a: Scizor|Scizor|Scizorite\n|move|p2a: Scizor|Knock Off|p1a: Zapdos\n|-damage|p1a: Zapdos|76\/100\n|-enditem|p1a: Zapdos|Heavy-Duty Boots|[from] move: Knock Off|[of] p2a: Scizor\n|\n|upkeep\n|turn|3\n|\n|t:|1699718382\n|move|p1a: Zapdos|Hurricane|p2a: Scizor\n|-damage|p2a: Scizor|35\/100\n|move|p2a: Scizor|U-turn|p1a: Zapdos\n|-resisted|p1a: Zapdos\n|-damage|p1a: Zapdos|65\/100\n|-status|p2a: Scizor|par|[from] ability: Static|[of] p1a: Zapdos\n|\n|t:|1699718389\n|switch|p2a: Heatran|Heatran, M|100\/100|[from] U-turn\n|\n|upkeep\n|turn|4\n|\n|t:|1699718403\n|switch|p1a: Keldeo|Keldeo-Resolute|100\/100\n|move|p2a: Heatran|Magma Storm|p1a: Keldeo\n|-resisted|p1a: Keldeo\n|-damage|p1a: Keldeo|74\/100\n|-activate|p1a: Keldeo|move: Magma Storm|[of] p2a: Heatran\n|\n|-heal|p1a: Keldeo|80\/100|[from] item: Leftovers\n|-damage|p1a: Keldeo|67\/100|[from] move: Magma Storm|[partiallytrapped]\n|upkeep\n|turn|5\n|\n|t:|1699718417\n|switch|p2a: Ferrothorn|Ferrothorn, F, shiny|100\/100\n|move|p1a: Keldeo|Substitute|p1a: Keldeo\n|-start|p1a: Keldeo|Substitute\n|-end|p1a: Keldeo|Magma Storm|[partiallytrapped]|[silent]\n|-damage|p1a: Keldeo|42\/100\n|\n|-heal|p1a: Keldeo|49\/100|[from] item: Leftovers\n|-fieldend|move: Psychic Terrain\n|upkeep\n|turn|6\n|\n|t:|1699718431\n|move|p1a: Keldeo|Calm Mind|p1a: Keldeo\n|-boost|p1a: Keldeo|spa|1\n|-boost|p1a: Keldeo|spd|1\n|move|p2a: Ferrothorn|Power Whip|p1a: Keldeo\n|-supereffective|p1a: Keldeo\n|-crit|p1a: Keldeo\n|-end|p1a: Keldeo|Substitute\n|\n|-heal|p1a: Keldeo|55\/100|[from] item: Leftovers\n|upkeep\n|turn|7\n|\n|t:|1699718448\n|move|p1a: Keldeo|Substitute|p1a: Keldeo\n|-start|p1a: Keldeo|Substitute\n|-damage|p1a: Keldeo|30\/100\n|move|p2a: Ferrothorn|Power Whip|p1a: Keldeo\n|-supereffective|p1a: Keldeo\n|-end|p1a: Keldeo|Substitute\n|\n|-heal|p1a: Keldeo|36\/100|[from] item: Leftovers\n|upkeep\n|turn|8\n|\n|t:|1699718473\n|move|p1a: Keldeo|Substitute|p1a: Keldeo\n|-start|p1a: Keldeo|Substitute\n|-damage|p1a: Keldeo|11\/100\n|move|p2a: Ferrothorn|Power Whip|p1a: Keldeo\n|-supereffective|p1a: Keldeo\n|-end|p1a: Keldeo|Substitute\n|\n|-heal|p1a: Keldeo|17\/100|[from] item: Leftovers\n|upkeep\n|turn|9\n|\n|t:|1699718487\n|move|p1a: Keldeo|Secret Sword|p2a: Ferrothorn\n|-supereffective|p2a: Ferrothorn\n|-damage|p2a: Ferrothorn|13\/100\n|move|p2a: Ferrothorn|Gyro Ball|p1a: Keldeo\n|-resisted|p1a: Keldeo\n|-damage|p1a: Keldeo|0 fnt\n|faint|p1a: Keldeo\n|\n|-heal|p2a: Ferrothorn|19\/100|[from] item: Leftovers\n|upkeep\n|inactive|smoodayx has 120 seconds left.\n|\n|t:|1699718516\n|switch|p1a: Weavile|Weavile, F|100\/100\n|-ability|p1a: Weavile|Pressure\n|turn|10\n|\n|t:|1699718527\n|-activate|p2a: Ferrothorn|move: Pursuit\n|move|p1a: Weavile|Pursuit|p2a: Ferrothorn|[from]Pursuit\n|-damage|p2a: Ferrothorn|0 fnt\n|-damage|p1a: Weavile|88\/100|[from] ability: Iron Barbs|[of] p2a: Ferrothorn\n|faint|p2a: Ferrothorn\n|-hint|A Pokemon can't switch between when it runs out of HP and when it faints\n|\n|upkeep\n|\n|t:|1699718533\n|switch|p2a: Samurott|Samurott-Hisui, F, shiny|100\/100\n|turn|11\n|inactive|smoodayx has 120 seconds left.\n|\n|t:|1699718539\n|switch|p1a: Zapdos|Zapdos|65\/100\n|move|p2a: Samurott|Sacred Sword|p1a: Zapdos\n|-resisted|p1a: Zapdos\n|-damage|p1a: Zapdos|49\/100\n|\n|upkeep\n|turn|12\n|inactive|smoodayx has 120 seconds left.\n|\n|t:|1699718550\n|switch|p2a: Heatran|Heatran, M|100\/100\n|move|p1a: Zapdos|Roost|p1a: Zapdos\n|-heal|p1a: Zapdos|99\/100\n|-singleturn|p1a: Zapdos|move: Roost\n|\n|upkeep\n|turn|13\n|inactive|smoodayx has 120 seconds left.\n|\n|t:|1699718563\n|move|p1a: Zapdos|Volt Switch|p2a: Heatran\n|-damage|p2a: Heatran|83\/100\n|inactive|smoodayx has 120 seconds left.\n|\n|t:|1699718569\n|switch|p1a: Victini|Victini|100\/100|[from] Volt Switch\n|move|p2a: Heatran|Magma Storm|p1a: Victini\n|-resisted|p1a: Victini\n|-damage|p1a: Victini|79\/100\n|-activate|p1a: Victini|move: Magma Storm|[of] p2a: Heatran\n|\n|-heal|p2a: Heatran|89\/100|[from] item: Leftovers\n|-damage|p1a: Victini|67\/100|[from] move: Magma Storm|[partiallytrapped]\n|upkeep\n|turn|14\n|inactive|smoodayx has 120 seconds left.\n|\n|t:|1699718583\n|switch|p2a: Scizor|Scizor-Mega, M|35\/100 par\n|move|p1a: Victini|U-turn|p2a: Scizor\n|-resisted|p2a: Scizor\n|-damage|p2a: Scizor|29\/100 par\n|inactive|smoodayx has 120 seconds left.\n|\n|t:|1699718599\n|switch|p1a: Zapdos|Zapdos|99\/100|[from] U-turn\n|\n|upkeep\n|turn|15\n|\n|t:|1699718605\n|move|p1a: Zapdos|Hurricane|p2a: Scizor|[miss]\n|-miss|p1a: Zapdos|p2a: Scizor\n|move|p2a: Scizor|Roost|p2a: Scizor\n|-heal|p2a: Scizor|79\/100 par\n|-singleturn|p2a: Scizor|move: Roost\n|\n|upkeep\n|turn|16\n|inactive|smoodayx has 120 seconds left.\n|\n|t:|1699718614\n|move|p1a: Zapdos|Volt Switch|p2a: Scizor\n|-damage|p2a: Scizor|51\/100 par\n|inactive|smoodayx has 120 seconds left.\n|\n|t:|1699718619\n|switch|p1a: Victini|Victini|67\/100|[from] Volt Switch\n|move|p2a: Scizor|U-turn|p1a: Victini\n|-damage|p1a: Victini|31\/100\n|\n|t:|1699718626\n|switch|p2a: Samurott|Samurott-Hisui, F, shiny|100\/100|[from] U-turn\n|\n|upkeep\n|turn|17\n|\n|t:|1699718633\n|move|p2a: Samurott|Ceaseless Edge|p1a: Victini\n|-supereffective|p1a: Victini\n|-damage|p1a: Victini|0 fnt\n|-sidestart|p1: smoodayx|Spikes\n|faint|p1a: Victini\n|\n|upkeep\n|\n|t:|1699718642\n|switch|p1a: Zapdos|Zapdos|99\/100\n|turn|18\n|\n|t:|1699718653\n|switch|p2a: Scizor|Scizor-Mega, M|51\/100 par\n|move|p1a: Zapdos|Hurricane|p2a: Scizor\n|-damage|p2a: Scizor|7\/100 par\n|\n|upkeep\n|turn|19\n|\n|t:|1699718667\n|switch|p2a: Heatran|Heatran, M|89\/100\n|move|p1a: Zapdos|Hurricane|p2a: Heatran|[miss]\n|-miss|p1a: Zapdos|p2a: Heatran\n|\n|-heal|p2a: Heatran|96\/100|[from] item: Leftovers\n|upkeep\n|turn|20\n|\n|t:|1699718675\n|move|p1a: Zapdos|Defog|p2a: Heatran\n|-unboost|p2a: Heatran|evasion|1\n|-sideend|p1: smoodayx|Spikes|[from] move: Defog|[of] p1a: Zapdos\n|move|p2a: Heatran|Magma Storm|p1a: Zapdos\n|-damage|p1a: Zapdos|54\/100\n|-activate|p1a: Zapdos|move: Magma Storm|[of] p2a: Heatran\n|\n|-heal|p2a: Heatran|100\/100|[from] item: Leftovers\n|-damage|p1a: Zapdos|42\/100|[from] move: Magma Storm|[partiallytrapped]\n|upkeep\n|turn|21\n|\n|t:|1699718697\n|move|p1a: Zapdos|Roost|p1a: Zapdos\n|-heal|p1a: Zapdos|92\/100\n|-singleturn|p1a: Zapdos|move: Roost\n|move|p2a: Heatran|Magma Storm|p1a: Zapdos\n|-damage|p1a: Zapdos|47\/100\n|\n|-damage|p1a: Zapdos|35\/100|[from] move: Magma Storm|[partiallytrapped]\n|upkeep\n|turn|22\n|\n|t:|1699718706\n|move|p1a: Zapdos|Roost|p1a: Zapdos\n|-heal|p1a: Zapdos|85\/100\n|-singleturn|p1a: Zapdos|move: Roost\n|move|p2a: Heatran|Earth Power|p1a: Zapdos\n|-supereffective|p1a: Zapdos\n|-damage|p1a: Zapdos|35\/100\n|-unboost|p1a: Zapdos|spd|1\n|\n|-damage|p1a: Zapdos|23\/100|[from] move: Magma Storm|[partiallytrapped]\n|upkeep\n|turn|23\n|\n|t:|1699718720\n|move|p1a: Zapdos|Hurricane|p2a: Heatran\n|-resisted|p2a: Heatran\n|-damage|p2a: Heatran|87\/100\n|move|p2a: Heatran|Magma Storm|p1a: Zapdos|[miss]\n|-miss|p2a: Heatran|p1a: Zapdos\n|\n|-heal|p2a: Heatran|94\/100|[from] item: Leftovers\n|-damage|p1a: Zapdos|10\/100|[from] move: Magma Storm|[partiallytrapped]\n|upkeep\n|turn|24\n|\n|t:|1699718735\n|move|p1a: Zapdos|Roost|p1a: Zapdos\n|-heal|p1a: Zapdos|60\/100\n|-singleturn|p1a: Zapdos|move: Roost\n|move|p2a: Heatran|Power Gem|p1a: Zapdos\n|-crit|p1a: Zapdos\n|-damage|p1a: Zapdos|8\/100\n|\n|-heal|p2a: Heatran|99\/100|[from] item: Leftovers\n|-damage|p1a: Zapdos|0 fnt|[from] move: Magma Storm|[partiallytrapped]\n|faint|p1a: Zapdos\n|upkeep\n|\n|t:|1699718747\n|switch|p1a: Garchomp|Garchomp, F|100\/100\n|turn|25\n|\n|t:|1699718759\n|-terastallize|p2a: Heatran|Grass\n|move|p1a: Garchomp|Swords Dance|p1a: Garchomp\n|-boost|p1a: Garchomp|atk|2\n|move|p2a: Heatran|Magma Storm|p1a: Garchomp\n|-resisted|p1a: Garchomp\n|-damage|p1a: Garchomp|78\/100\n|-activate|p1a: Garchomp|move: Magma Storm|[of] p2a: Heatran\n|\n|-heal|p2a: Heatran|100\/100|[from] item: Leftovers\n|-damage|p1a: Garchomp|66\/100|[from] move: Magma Storm|[partiallytrapped]\n|upkeep\n|turn|26\n|\n|t:|1699718774\n|-zpower|p1a: Garchomp\n|move|p1a: Garchomp|Continental Crush|p2a: Heatran|[zeffect]\n|-damage|p2a: Heatran|0 fnt\n|faint|p2a: Heatran\n|\n|-end|p1a: Garchomp|Magma Storm|[partiallytrapped]|[silent]\n|upkeep\n|\n|t:|1699718783\n|switch|p2a: Iron Valiant|Iron Valiant|100\/100\n|turn|27\n|\n|t:|1699718797\n|move|p2a: Iron Valiant|Moonblast|p1a: Garchomp\n|-supereffective|p1a: Garchomp\n|-damage|p1a: Garchomp|0 fnt\n|faint|p1a: Garchomp\n|\n|upkeep\n|\n|t:|1699718803\n|switch|p1a: Tapu Lele|Tapu Lele|100\/100\n|-fieldstart|move: Psychic Terrain|[from] ability: Psychic Surge|[of] p1a: Tapu Lele\n|turn|28\n|\n|t:|1699718812\n|-end|p2a: Iron Valiant|Quark Drive|[silent]\n|switch|p2a: Great Tusk|Great Tusk|100\/100\n|move|p1a: Tapu Lele|Moonblast|p2a: Great Tusk\n|-supereffective|p2a: Great Tusk\n|-damage|p2a: Great Tusk|0 fnt\n|faint|p2a: Great Tusk\n|-end|p2a: Great Tusk|Protosynthesis|[silent]\n|\n|upkeep\n|\n|t:|1699718826\n|switch|p2a: Samurott|Samurott-Hisui, F, shiny|100\/100\n|turn|29\n|\n|t:|1699718831\n|move|p1a: Tapu Lele|Moonblast|p2a: Samurott\n|-supereffective|p2a: Samurott\n|-damage|p2a: Samurott|0 fnt\n|faint|p2a: Samurott\n|\n|upkeep\n|\n|t:|1699718834\n|switch|p2a: Iron Valiant|Iron Valiant|100\/100\n|turn|30\n|\n|t:|1699718842\n|move|p2a: Iron Valiant|Psychic|p1a: Tapu Lele\n|-resisted|p1a: Tapu Lele\n|-damage|p1a: Tapu Lele|76\/100\n|move|p1a: Tapu Lele|Moonblast|p2a: Iron Valiant\n|-supereffective|p2a: Iron Valiant\n|-damage|p2a: Iron Valiant|0 fnt\n|faint|p2a: Iron Valiant\n|-end|p2a: Iron Valiant|Quark Drive|[silent]\n|\n|upkeep\n|\n|t:|1699718846\n|switch|p2a: Scizor|Scizor-Mega, M|7\/100 par\n|turn|31\n|\n|t:|1699718853\n|move|p1a: Tapu Lele|Moonblast|p2a: Scizor\n|-resisted|p2a: Scizor\n|-crit|p2a: Scizor\n|-damage|p2a: Scizor|0 fnt\n|faint|p2a: Scizor\n|\n|win|smoodayx\n|raw|smoodayx's rating: 1379 &rarr; <strong>1392<\/strong><br \/>(+13 for winning)\n|raw|KFRecorder's rating: 1250 &rarr; <strong>1234<\/strong><br \/>(-16 for losing)\n|l|\u2606KFRecorder\n","uploadtime":1699718861,"views":4,"p1id":"smoodayx","p2id":"kfrecorder","formatid":"gen9nationaldex","rating":1234,"private":0,"password":""}