{"id":"gen9nationaldex-1990223567","p1":"DGP PLAYER","p2":"Lu Lu Zhu","format":"[Gen 9] National Dex","log":"|j|\u2606DGP PLAYER\n|j|\u2606Lu Lu Zhu\n|t:|1699939933\n|gametype|singles\n|player|p1|DGP PLAYER|hilda-wonderlauncher|1624\n|player|p2|Lu Lu Zhu|elesa|1655\n|teamsize|p1|6\n|teamsize|p2|6\n|gen|9\n|tier|[Gen 9] National Dex\n|rated|\n|rule|HP Percentage Mod: HP is shown in percentages\n|rule|Endless Battle Clause: Forcing endless battles is banned\n|rule|OHKO Clause: OHKO moves are banned\n|rule|Evasion Clause: Evasion abilities, items, and moves are banned\n|rule|Evasion Abilities Clause: Evasion abilities are banned\n|rule|Evasion Items Clause: Evasion items are banned\n|rule|Evasion Moves Clause: Evasion moves are banned\n|rule|Species Clause: Limit one of each Pok\u00e9mon\n|rule|Sleep Clause Mod: Limit one foe put to sleep\n|clearpoke\n|poke|p1|Blaziken, M|\n|poke|p1|Banette, M|\n|poke|p1|Ogerpon-Wellspring, F|\n|poke|p1|Landorus-Therian, M|\n|poke|p1|Iron Valiant|\n|poke|p1|Rotom-Wash|\n|poke|p2|Scizor, M|\n|poke|p2|Iron Valiant|\n|poke|p2|Sneasler, M|\n|poke|p2|Corviknight, F|\n|poke|p2|Clodsire, M|\n|poke|p2|Tapu Koko|\n|teampreview\n|inactive|Battle timer is ON: inactive players will automatically lose when time's up. (requested by DGP PLAYER)\n|\n|t:|1699939942\n|start\n|switch|p1a: \u56f4\u5dfe\u571f\u732b|Landorus-Therian, M|100\/100\n|switch|p2a: Tapu Koko|Tapu Koko|100\/100\n|-fieldstart|move: Electric Terrain|[from] ability: Electric Surge|[of] p2a: Tapu Koko\n|-ability|p1a: \u56f4\u5dfe\u571f\u732b|Intimidate|boost\n|-unboost|p2a: Tapu Koko|atk|1\n|turn|1\n|\n|t:|1699939949\n|move|p2a: Tapu Koko|Hidden Power|p1a: \u56f4\u5dfe\u571f\u732b\n|-supereffective|p1a: \u56f4\u5dfe\u571f\u732b\n|-damage|p1a: \u56f4\u5dfe\u571f\u732b|28\/100\n|move|p1a: \u56f4\u5dfe\u571f\u732b|Stealth Rock|p2a: Tapu Koko\n|-sidestart|p2: Lu Lu Zhu|move: Stealth Rock\n|\n|upkeep\n|turn|2\n|\n|t:|1699939952\n|switch|p1a: \u6d17\u8863\u673a|Rotom-Wash|100\/100\n|move|p2a: Tapu Koko|Hidden Power|p1a: \u6d17\u8863\u673a\n|-resisted|p1a: \u6d17\u8863\u673a\n|-damage|p1a: \u6d17\u8863\u673a|94\/100\n|\n|-heal|p1a: \u6d17\u8863\u673a|99\/100|[from] item: Leftovers\n|upkeep\n|turn|3\n|\n|t:|1699939956\n|move|p2a: Tapu Koko|Volt Switch|p1a: \u6d17\u8863\u673a\n|-damage|p1a: \u6d17\u8863\u673a|68\/100\n|\n|t:|1699939958\n|switch|p2a: Clodsire|Clodsire, M|100\/100|[from] Volt Switch\n|move|p1a: \u6d17\u8863\u673a|Volt Switch|p2a: Clodsire\n|-immune|p2a: Clodsire\n|\n|-heal|p1a: \u6d17\u8863\u673a|74\/100|[from] item: Leftovers\n|upkeep\n|turn|4\n|\n|t:|1699939966\n|move|p1a: \u6d17\u8863\u673a|Defog|p2a: Clodsire\n|-unboost|p2a: Clodsire|evasion|1\n|-sideend|p2: Lu Lu Zhu|Stealth Rock|[from] move: Defog|[of] p1a: \u6d17\u8863\u673a\n|-fieldend|move: Electric Terrain\n|move|p2a: Clodsire|Toxic|p1a: \u6d17\u8863\u673a\n|-status|p1a: \u6d17\u8863\u673a|tox\n|\n|-heal|p1a: \u6d17\u8863\u673a|80\/100 tox|[from] item: Leftovers\n|-damage|p1a: \u6d17\u8863\u673a|74\/100 tox|[from] psn\n|upkeep\n|turn|5\n|\n|t:|1699939974\n|switch|p1a: \u692a\u692a|Ogerpon-Wellspring, F|100\/100\n|switch|p2a: Tapu Koko|Tapu Koko|100\/100\n|-fieldstart|move: Electric Terrain|[from] ability: Electric Surge|[of] p2a: Tapu Koko\n|\n|upkeep\n|turn|6\n|\n|t:|1699939980\n|switch|p1a: \u56f4\u5dfe\u571f\u732b|Landorus-Therian, M|28\/100\n|-ability|p1a: \u56f4\u5dfe\u571f\u732b|Intimidate|boost\n|-unboost|p2a: Tapu Koko|atk|1\n|move|p2a: Tapu Koko|Volt Switch|p1a: \u56f4\u5dfe\u571f\u732b\n|-immune|p1a: \u56f4\u5dfe\u571f\u732b\n|\n|upkeep\n|turn|7\n|\n|t:|1699939984\n|switch|p1a: \u6d17\u8863\u673a|Rotom-Wash|74\/100 tox\n|move|p2a: Tapu Koko|Hidden Power|p1a: \u6d17\u8863\u673a\n|-resisted|p1a: \u6d17\u8863\u673a\n|-damage|p1a: \u6d17\u8863\u673a|68\/100 tox\n|\n|-heal|p1a: \u6d17\u8863\u673a|74\/100 tox|[from] item: Leftovers\n|-damage|p1a: \u6d17\u8863\u673a|68\/100 tox|[from] psn\n|upkeep\n|turn|8\n|\n|t:|1699939990\n|move|p2a: Tapu Koko|Volt Switch|p1a: \u6d17\u8863\u673a\n|-damage|p1a: \u6d17\u8863\u673a|40\/100 tox\n|\n|t:|1699939992\n|switch|p2a: Clodsire|Clodsire, M|100\/100|[from] Volt Switch\n|move|p1a: \u6d17\u8863\u673a|Defog|p2a: Clodsire\n|-unboost|p2a: Clodsire|evasion|1\n|-fieldend|move: Electric Terrain\n|\n|-heal|p1a: \u6d17\u8863\u673a|46\/100 tox|[from] item: Leftovers\n|-damage|p1a: \u6d17\u8863\u673a|34\/100 tox|[from] psn\n|upkeep\n|turn|9\n|\n|t:|1699940000\n|move|p1a: \u6d17\u8863\u673a|Hydro Pump|p2a: Clodsire\n|-immune|p2a: Clodsire|[from] ability: Water Absorb\n|move|p2a: Clodsire|Stealth Rock|p1a: \u6d17\u8863\u673a\n|-sidestart|p1: DGP PLAYER|move: Stealth Rock\n|\n|-heal|p1a: \u6d17\u8863\u673a|40\/100 tox|[from] item: Leftovers\n|-damage|p1a: \u6d17\u8863\u673a|22\/100 tox|[from] psn\n|upkeep\n|turn|10\n|\n|t:|1699940011\n|move|p1a: \u6d17\u8863\u673a|Defog|p2a: Clodsire\n|-unboost|p2a: Clodsire|evasion|1\n|-sideend|p1: DGP PLAYER|Stealth Rock|[from] move: Defog|[of] p1a: \u6d17\u8863\u673a\n|move|p2a: Clodsire|Stealth Rock|p1a: \u6d17\u8863\u673a\n|-sidestart|p1: DGP PLAYER|move: Stealth Rock\n|\n|-heal|p1a: \u6d17\u8863\u673a|28\/100 tox|[from] item: Leftovers\n|-damage|p1a: \u6d17\u8863\u673a|4\/100 tox|[from] psn\n|upkeep\n|turn|11\n|\n|t:|1699940016\n|switch|p1a: \u692a\u692a|Ogerpon-Wellspring, F|100\/100\n|-damage|p1a: \u692a\u692a|88\/100|[from] Stealth Rock\n|move|p2a: Clodsire|Stealth Rock||[still]\n|-fail|p2a: Clodsire\n|\n|upkeep\n|turn|12\n|\n|t:|1699940024\n|move|p1a: \u692a\u692a|Substitute|p1a: \u692a\u692a\n|-start|p1a: \u692a\u692a|Substitute\n|-damage|p1a: \u692a\u692a|63\/100\n|move|p2a: Clodsire|Toxic||[still]\n|-fail|p2a: Clodsire\n|\n|upkeep\n|turn|13\n|\n|t:|1699940027\n|switch|p2a: Scizor|Scizor, M|100\/100\n|move|p1a: \u692a\u692a|Swords Dance|p1a: \u692a\u692a\n|-boost|p1a: \u692a\u692a|atk|2\n|\n|upkeep\n|turn|14\n|\n|t:|1699940030\n|detailschange|p2a: Scizor|Scizor-Mega, M\n|-mega|p2a: Scizor|Scizor|Scizorite\n|move|p1a: \u692a\u692a|Ivy Cudgel|p2a: Scizor\n|-damage|p2a: Scizor|30\/100\n|move|p2a: Scizor|U-turn|p1a: \u692a\u692a\n|-supereffective|p1a: \u692a\u692a\n|-crit|p1a: \u692a\u692a\n|-end|p1a: \u692a\u692a|Substitute\n|j| hainiumm\n|l| hainiumm\n|\n|t:|1699940060\n|switch|p2a: Tapu Koko|Tapu Koko|100\/100|[from] U-turn\n|-fieldstart|move: Electric Terrain|[from] ability: Electric Surge|[of] p2a: Tapu Koko\n|\n|upkeep\n|turn|15\n|\n|t:|1699940064\n|move|p2a: Tapu Koko|Thunderbolt|p1a: \u692a\u692a\n|-damage|p1a: \u692a\u692a|9\/100\n|-status|p1a: \u692a\u692a|par\n|cant|p1a: \u692a\u692a|par\n|\n|upkeep\n|turn|16\n|\n|t:|1699940071\n|move|p2a: Tapu Koko|Volt Switch|p1a: \u692a\u692a\n|-damage|p1a: \u692a\u692a|0 fnt\n|faint|p1a: \u692a\u692a\n|\n|t:|1699940085\n|switch|p2a: Iron Valiant|Iron Valiant|100\/100|[from] Volt Switch\n|-activate|p2a: Iron Valiant|ability: Quark Drive\n|-start|p2a: Iron Valiant|quarkdrivespe\n|\n|upkeep\n|c|\u2606DGP PLAYER|\u3002\u3002\u3002\n|\n|t:|1699940091\n|switch|p1a: \u8bc5\u5c06\u519b|Banette, M|100\/100\n|-damage|p1a: \u8bc5\u5c06\u519b|88\/100|[from] Stealth Rock\n|-item|p2a: Iron Valiant|Choice Specs|[from] ability: Frisk|[of] p1a: \u8bc5\u5c06\u519b|[identify]\n|turn|17\n|\n|t:|1699940096\n|detailschange|p1a: \u8bc5\u5c06\u519b|Banette-Mega, M\n|-mega|p1a: \u8bc5\u5c06\u519b|Banette|Banettite\n|move|p1a: \u8bc5\u5c06\u519b|Destiny Bond|p1a: \u8bc5\u5c06\u519b\n|-singlemove|p1a: \u8bc5\u5c06\u519b|Destiny Bond\n|move|p2a: Iron Valiant|Moonblast|p1a: \u8bc5\u5c06\u519b\n|-damage|p1a: \u8bc5\u5c06\u519b|0 fnt\n|faint|p1a: \u8bc5\u5c06\u519b\n|-activate|p1a: \u8bc5\u5c06\u519b|move: Destiny Bond\n|faint|p2a: Iron Valiant\n|-end|p2a: Iron Valiant|Quark Drive|[silent]\n|\n|upkeep\n|\n|t:|1699940114\n|switch|p2a: Corviknight|Corviknight, F, shiny|100\/100\n|switch|p1a: \u56f4\u5dfe\u571f\u732b|Landorus-Therian, M|28\/100\n|-damage|p1a: \u56f4\u5dfe\u571f\u732b|16\/100|[from] Stealth Rock\n|-ability|p1a: \u56f4\u5dfe\u571f\u732b|Intimidate|boost\n|-unboost|p2a: Corviknight|atk|1\n|-ability|p2a: Corviknight|Pressure\n|turn|18\n|\n|t:|1699940124\n|move|p1a: \u56f4\u5dfe\u571f\u732b|Stealth Rock|p2a: Corviknight\n|-sidestart|p2: Lu Lu Zhu|move: Stealth Rock\n|move|p2a: Corviknight|U-turn|p1a: \u56f4\u5dfe\u571f\u732b\n|-resisted|p1a: \u56f4\u5dfe\u571f\u732b\n|-damage|p1a: \u56f4\u5dfe\u571f\u732b|13\/100\n|-damage|p2a: Corviknight|84\/100|[from] item: Rocky Helmet|[of] p1a: \u56f4\u5dfe\u571f\u732b\n|\n|t:|1699940140\n|switch|p2a: Sneasler|Sneasler, M|100\/100|[from] U-turn\n|-damage|p2a: Sneasler|95\/100|[from] Stealth Rock\n|-enditem|p2a: Sneasler|Electric Seed\n|-boost|p2a: Sneasler|def|1|[from] item: Electric Seed\n|\n|-fieldend|move: Electric Terrain\n|upkeep\n|turn|19\n|\n|t:|1699940146\n|-terastallize|p2a: Sneasler|Flying\n|move|p2a: Sneasler|Swords Dance|p2a: Sneasler\n|-boost|p2a: Sneasler|atk|2\n|move|p1a: \u56f4\u5dfe\u571f\u732b|Toxic|p2a: Sneasler\n|-status|p2a: Sneasler|tox\n|\n|-damage|p2a: Sneasler|89\/100 tox|[from] psn\n|upkeep\n|turn|20\n|\n|t:|1699940150\n|move|p2a: Sneasler|Dire Claw|p1a: \u56f4\u5dfe\u571f\u732b\n|-resisted|p1a: \u56f4\u5dfe\u571f\u732b\n|-damage|p1a: \u56f4\u5dfe\u571f\u732b|0 fnt\n|-damage|p2a: Sneasler|72\/100 tox|[from] item: Rocky Helmet|[of] p1a: \u56f4\u5dfe\u571f\u732b\n|faint|p1a: \u56f4\u5dfe\u571f\u732b\n|\n|-damage|p2a: Sneasler|60\/100 tox|[from] psn\n|upkeep\n|\n|t:|1699940155\n|switch|p1a: \u706b\u7130\u5764|Blaziken, M|100\/100\n|-damage|p1a: \u706b\u7130\u5764|88\/100|[from] Stealth Rock\n|turn|21\n|\n|t:|1699940158\n|move|p1a: \u706b\u7130\u5764|Protect|p1a: \u706b\u7130\u5764\n|-singleturn|p1a: \u706b\u7130\u5764|Protect\n|move|p2a: Sneasler|Acrobatics|p1a: \u706b\u7130\u5764\n|-activate|p1a: \u706b\u7130\u5764|move: Protect\n|\n|-damage|p2a: Sneasler|42\/100 tox|[from] psn\n|-ability|p1a: \u706b\u7130\u5764|Speed Boost|boost\n|-boost|p1a: \u706b\u7130\u5764|spe|1\n|upkeep\n|turn|22\n|\n|t:|1699940164\n|switch|p1a: \u6d17\u8863\u673a|Rotom-Wash|4\/100 tox\n|-damage|p1a: \u6d17\u8863\u673a|0 fnt|[from] Stealth Rock\n|faint|p1a: \u6d17\u8863\u673a\n|move|p2a: Sneasler|Acrobatics|p1: \u6d17\u8863\u673a|[notarget]\n|-fail|p2a: Sneasler\n|\n|-damage|p2a: Sneasler|18\/100 tox|[from] psn\n|upkeep\n|\n|t:|1699940166\n|switch|p1a: \u706b\u7130\u5764|Blaziken, M|88\/100\n|-damage|p1a: \u706b\u7130\u5764|76\/100|[from] Stealth Rock\n|turn|23\n|\n|t:|1699940177\n|move|p1a: \u706b\u7130\u5764|Protect|p1a: \u706b\u7130\u5764\n|-singleturn|p1a: \u706b\u7130\u5764|Protect\n|move|p2a: Sneasler|Dire Claw|p1a: \u706b\u7130\u5764\n|-activate|p1a: \u706b\u7130\u5764|move: Protect\n|\n|-damage|p2a: Sneasler|0 fnt|[from] psn\n|faint|p2a: Sneasler\n|-ability|p1a: \u706b\u7130\u5764|Speed Boost|boost\n|-boost|p1a: \u706b\u7130\u5764|spe|1\n|upkeep\n|\n|t:|1699940182\n|switch|p2a: Clodsire|Clodsire, M|100\/100\n|turn|24\n|\n|t:|1699940186\n|move|p1a: \u706b\u7130\u5764|Swords Dance|p1a: \u706b\u7130\u5764\n|-boost|p1a: \u706b\u7130\u5764|atk|2\n|move|p2a: Clodsire|Earthquake|p1a: \u706b\u7130\u5764\n|-supereffective|p1a: \u706b\u7130\u5764\n|-damage|p1a: \u706b\u7130\u5764|0 fnt\n|faint|p1a: \u706b\u7130\u5764\n|\n|upkeep\n|\n|t:|1699940191\n|switch|p1a: \u94c1\u5973\u4ec6|Iron Valiant|100\/100\n|-damage|p1a: \u94c1\u5973\u4ec6|94\/100|[from] Stealth Rock\n|-enditem|p1a: \u94c1\u5973\u4ec6|Booster Energy\n|-activate|p1a: \u94c1\u5973\u4ec6|ability: Quark Drive|[fromitem]\n|-start|p1a: \u94c1\u5973\u4ec6|quarkdrivespe\n|turn|25\n|j| YJLF\n|-message|DGP PLAYER forfeited.\n|\n|win|Lu Lu Zhu\n|raw|DGP PLAYER's rating: 1624 &rarr; <strong>1606<\/strong><br \/>(-18 for losing)\n|raw|Lu Lu Zhu's rating: 1655 &rarr; <strong>1673<\/strong><br \/>(+18 for winning)\n|l|\u2606DGP PLAYER\n","uploadtime":1699940201,"views":5,"p1id":"dgpplayer","p2id":"luluzhu","formatid":"gen9nationaldex","rating":1606,"private":0,"password":""}