{"id":"gen9nationaldex-1990978771","p1":"loch2009","p2":"gfsn\u7535\u68cd\u5973\u513f\u7c73\u8bfa","format":"[Gen 9] National Dex","log":"|j|\u2606loch2009\n|j|\u2606gfsn\u7535\u68cd\u5973\u513f\u7c73\u8bfa\n|t:|1700022547\n|gametype|singles\n|player|p1|loch2009|lance|1315\n|player|p2|gfsn\u7535\u68cd\u5973\u513f\u7c73\u8bfa|rosa|1493\n|teamsize|p1|6\n|teamsize|p2|6\n|gen|9\n|tier|[Gen 9] National Dex\n|rated|\n|rule|HP Percentage Mod: HP is shown in percentages\n|rule|Endless Battle Clause: Forcing endless battles is banned\n|rule|OHKO Clause: OHKO moves are banned\n|rule|Evasion Clause: Evasion abilities, items, and moves are banned\n|rule|Evasion Abilities Clause: Evasion abilities are banned\n|rule|Evasion Items Clause: Evasion items are banned\n|rule|Evasion Moves Clause: Evasion moves are banned\n|rule|Species Clause: Limit one of each Pok\u00e9mon\n|rule|Sleep Clause Mod: Limit one foe put to sleep\n|clearpoke\n|poke|p1|Articuno-Galar|\n|poke|p1|Gyarados, M|\n|poke|p1|Tapu Koko|\n|poke|p1|Xurkitree|\n|poke|p1|Aerodactyl, F|\n|poke|p1|Mew|\n|poke|p2|Medicham, F|\n|poke|p2|Tapu Lele|\n|poke|p2|Glimmora, M|\n|poke|p2|Sinistcha-Masterpiece|\n|poke|p2|Hatterene, F|\n|poke|p2|Polteageist-Antique|\n|teampreview\n|inactive|Battle timer is ON: inactive players will automatically lose when time's up. (requested by gfsn\u7535\u68cd\u5973\u513f\u7c73\u8bfa)\n|inactive|gfsn\u7535\u68cd\u5973\u513f\u7c73\u8bfa has 120 seconds left.\n|\n|t:|1700022581\n|start\n|switch|p1a: Articuno|Articuno-Galar|100\/100\n|switch|p2a: Glimmora|Glimmora, M|100\/100\n|-item|p2a: Glimmora|Air Balloon\n|turn|1\n|\n|t:|1700022598\n|switch|p2a: Hatterene|Hatterene, F|100\/100\n|-terastallize|p1a: Articuno|Fighting\n|move|p1a: Articuno|Agility|p1a: Articuno\n|-boost|p1a: Articuno|spe|2\n|\n|upkeep\n|turn|2\n|\n|t:|1700022615\n|switch|p1a: Mew|Mew|100\/100\n|move|p2a: Hatterene|Misty Explosion|p1a: Mew\n|-damage|p1a: Mew|42\/100\n|faint|p2a: Hatterene\n|\n|upkeep\n|\n|t:|1700022630\n|switch|p2a: Glimmora|Glimmora, M|100\/100\n|-item|p2a: Glimmora|Air Balloon\n|turn|3\n|\n|t:|1700022641\n|-zpower|p1a: Mew\n|move|p1a: Mew|Genesis Supernova|p2a: Glimmora|[zeffect]\n|-supereffective|p2a: Glimmora\n|-damage|p2a: Glimmora|0 fnt\n|-fieldstart|move: Psychic Terrain\n|-enditem|p2a: Glimmora|Air Balloon\n|faint|p2a: Glimmora\n|\n|upkeep\n|\n|t:|1700022653\n|switch|p2a: Polteageist|Polteageist-Antique, shiny|100\/100\n|turn|4\n|\n|t:|1700022658\n|move|p1a: Mew|Calm Mind|p1a: Mew\n|-boost|p1a: Mew|spa|1\n|-boost|p1a: Mew|spd|1\n|move|p2a: Polteageist|Shell Smash|p2a: Polteageist\n|-unboost|p2a: Polteageist|def|1\n|-unboost|p2a: Polteageist|spd|1\n|-boost|p2a: Polteageist|atk|2\n|-boost|p2a: Polteageist|spa|2\n|-boost|p2a: Polteageist|spe|2\n|\n|upkeep\n|turn|5\n|\n|t:|1700022668\n|move|p2a: Polteageist|Shadow Ball|p1a: Mew\n|-supereffective|p1a: Mew\n|-damage|p1a: Mew|0 fnt\n|faint|p1a: Mew\n|\n|upkeep\n|\n|t:|1700022674\n|switch|p1a: Aerodactyl|Aerodactyl, F|100\/100\n|-ability|p1a: Aerodactyl|Pressure\n|turn|6\n|\n|t:|1700022685\n|move|p2a: Polteageist|Stored Power|p1a: Aerodactyl\n|-enditem|p1a: Aerodactyl|Focus Sash\n|-damage|p1a: Aerodactyl|1\/100\n|move|p1a: Aerodactyl|Earthquake|p2a: Polteageist\n|-damage|p2a: Polteageist|35\/100\n|-ability|p2a: Polteageist|Weak Armor|boost\n|-unboost|p2a: Polteageist|def|1\n|-boost|p2a: Polteageist|spe|2\n|\n|upkeep\n|turn|7\n|\n|t:|1700022695\n|move|p2a: Polteageist|Stored Power|p1a: Aerodactyl\n|-damage|p1a: Aerodactyl|0 fnt\n|faint|p1a: Aerodactyl\n|\n|-fieldend|move: Psychic Terrain\n|upkeep\n|\n|t:|1700022704\n|switch|p1a: Gyarados|Gyarados, M|100\/100\n|-ability|p1a: Gyarados|Intimidate|boost\n|-unboost|p2a: Polteageist|atk|1\n|turn|8\n|\n|t:|1700022710\n|detailschange|p1a: Gyarados|Gyarados-Mega, M\n|-mega|p1a: Gyarados|Gyarados|Gyaradosite\n|-ability|p1a: Gyarados|Mold Breaker\n|-terastallize|p2a: Polteageist|Fighting\n|move|p2a: Polteageist|Tera Blast|p1a: Gyarados|[anim] Tera Blast Fighting\n|-supereffective|p1a: Gyarados\n|-damage|p1a: Gyarados|0 fnt\n|faint|p1a: Gyarados\n|\n|upkeep\n|\n|t:|1700022723\n|switch|p1a: Tapu Koko|Tapu Koko|100\/100\n|-fieldstart|move: Electric Terrain|[from] ability: Electric Surge|[of] p1a: Tapu Koko\n|turn|9\n|\n|t:|1700022728\n|move|p2a: Polteageist|Stored Power|p1a: Tapu Koko\n|-damage|p1a: Tapu Koko|0 fnt\n|faint|p1a: Tapu Koko\n|\n|upkeep\n|\n|t:|1700022731\n|switch|p1a: Xurkitree|Xurkitree|100\/100\n|turn|10\n|\n|t:|1700022737\n|move|p2a: Polteageist|Stored Power|p1a: Xurkitree\n|-damage|p1a: Xurkitree|0 fnt\n|faint|p1a: Xurkitree\n|\n|upkeep\n|\n|t:|1700022740\n|switch|p1a: Articuno|Articuno-Galar, tera:Fighting|100\/100\n|turn|11\n|\n|t:|1700022745\n|move|p2a: Polteageist|Stored Power|p1a: Articuno\n|-supereffective|p1a: Articuno\n|-damage|p1a: Articuno|0 fnt\n|faint|p1a: Articuno\n|\n|win|gfsn\u7535\u68cd\u5973\u513f\u7c73\u8bfa\n|raw|loch2009's rating: 1315 &rarr; <strong>1304<\/strong><br \/>(-11 for losing)\n|raw|gfsn\u7535\u68cd\u5973\u513f\u7c73\u8bfa's rating: 1493 &rarr; <strong>1504<\/strong><br \/>(+11 for winning)\n|l|\u2606loch2009\n","uploadtime":1700022761,"views":5,"p1id":"loch2009","p2id":"gfsn","formatid":"gen9nationaldex","rating":1304,"private":0,"password":""}