{"id":"gen9nationaldex-1999711539","p1":"Marty1010","p2":"zeonteo","format":"[Gen 9] National Dex","log":"|html|<div class=\"broadcast-blue\"><strong>[Gen 9] National Dex is currently suspecting Sneasler! For information on how to participate check out the <a href=\"https:\/\/www.smogon.com\/forums\/threads\/sv-national-dex-suspect-8-just-dance.3731534\/\">suspect thread<\/a>.<\/strong><\/div>\n|j|\u2606Marty1010\n|j|\u2606zeonteo\n|t:|1701109980\n|gametype|singles\n|player|p1|Marty1010|blackbelt-gen4|1337\n|player|p2|zeonteo|steven|1403\n|teamsize|p1|6\n|teamsize|p2|6\n|gen|9\n|tier|[Gen 9] National Dex\n|rated|\n|rule|HP Percentage Mod: HP is shown in percentages\n|rule|Endless Battle Clause: Forcing endless battles is banned\n|rule|OHKO Clause: OHKO moves are banned\n|rule|Evasion Clause: Evasion abilities, items, and moves are banned\n|rule|Evasion Abilities Clause: Evasion abilities are banned\n|rule|Evasion Items Clause: Evasion items are banned\n|rule|Evasion Moves Clause: Evasion moves are banned\n|rule|Species Clause: Limit one of each Pok\u00e9mon\n|rule|Sleep Clause Mod: Limit one foe put to sleep\n|clearpoke\n|poke|p1|Landorus-Therian, M|\n|poke|p1|Zapdos|\n|poke|p1|Ferrothorn, M|\n|poke|p1|Corviknight, F|\n|poke|p1|Garganacl, M|\n|poke|p1|Toxapex, F|\n|poke|p2|Torkoal, F|\n|poke|p2|Charizard, F|\n|poke|p2|Hatterene, F|\n|poke|p2|Great Tusk|\n|poke|p2|Venusaur, F|\n|poke|p2|Garganacl, M|\n|teampreview\n|\n|t:|1701109997\n|start\n|switch|p1a: Spikey|Ferrothorn, M|100\/100\n|switch|p2a: Charizard|Charizard, F|100\/100\n|turn|1\n|\n|t:|1701110011\n|switch|p1a: Poison|Toxapex, F|100\/100\n|detailschange|p2a: Charizard|Charizard-Mega-Y, F\n|-mega|p2a: Charizard|Charizard|Charizardite Y\n|-weather|SunnyDay|[from] ability: Drought|[of] p2a: Charizard\n|move|p2a: Charizard|Scorching Sands|p1a: Poison\n|-supereffective|p1a: Poison\n|-damage|p1a: Poison|54\/100\n|-status|p1a: Poison|brn\n|\n|-weather|SunnyDay|[upkeep]\n|-heal|p1a: Poison|60\/100 brn|[from] item: Black Sludge\n|-damage|p1a: Poison|54\/100 brn|[from] brn\n|upkeep\n|turn|2\n|\n|t:|1701110026\n|move|p1a: Poison|Baneful Bunker|p1a: Poison\n|-singleturn|p1a: Poison|move: Protect\n|move|p2a: Charizard|Solar Beam||[still]\n|-prepare|p2a: Charizard|Solar Beam\n|-anim|p2a: Charizard|Solar Beam|p1a: Poison\n|-activate|p1a: Poison|move: Protect\n|\n|-weather|SunnyDay|[upkeep]\n|-heal|p1a: Poison|60\/100 brn|[from] item: Black Sludge\n|-damage|p1a: Poison|54\/100 brn|[from] brn\n|upkeep\n|turn|3\n|\n|t:|1701110040\n|switch|p1a: Hello Darkness|Corviknight, F|100\/100\n|-ability|p1a: Hello Darkness|Pressure\n|move|p2a: Charizard|Flamethrower|p1a: Hello Darkness\n|-supereffective|p1a: Hello Darkness\n|-damage|p1a: Hello Darkness|0 fnt\n|faint|p1a: Hello Darkness\n|\n|-weather|SunnyDay|[upkeep]\n|upkeep\n|\n|t:|1701110057\n|switch|p1a: Sparks|Zapdos|100\/100\n|turn|4\n|\n|t:|1701110067\n|switch|p2a: Great Tusk|Great Tusk|100\/100\n|-activate|p2a: Great Tusk|ability: Protosynthesis\n|-start|p2a: Great Tusk|protosynthesisdef\n|move|p1a: Sparks|Volt Switch|p2a: Great Tusk\n|-immune|p2a: Great Tusk\n|\n|-weather|SunnyDay|[upkeep]\n|upkeep\n|turn|5\n|\n|t:|1701110079\n|switch|p1a: Dog God|Landorus-Therian, M|100\/100\n|-ability|p1a: Dog God|Intimidate|boost\n|-unboost|p2a: Great Tusk|atk|1\n|move|p2a: Great Tusk|Ice Spinner|p1a: Dog God\n|-supereffective|p1a: Dog God\n|-crit|p1a: Dog God\n|-damage|p1a: Dog God|0 fnt\n|faint|p1a: Dog God\n|\n|-weather|none\n|-end|p2a: Great Tusk|Protosynthesis\n|upkeep\n|\n|t:|1701110089\n|switch|p1a: Spikey|Ferrothorn, M|100\/100\n|turn|6\n|\n|t:|1701110094\n|-end|p2a: Great Tusk|Protosynthesis|[silent]\n|switch|p2a: Torkoal|Torkoal, F, shiny|100\/100\n|-weather|SunnyDay|[from] ability: Drought|[of] p2a: Torkoal\n|move|p1a: Spikey|Leech Seed|p2a: Torkoal\n|-start|p2a: Torkoal|move: Leech Seed\n|\n|-weather|SunnyDay|[upkeep]\n|-damage|p2a: Torkoal|88\/100|[from] Leech Seed|[of] p1a: Spikey\n|upkeep\n|turn|7\n|\n|t:|1701110106\n|switch|p2a: Venusaur|Venusaur, F, shiny|100\/100\n|switch|p1a: Poison|Toxapex, F|87\/100 brn\n|\n|-weather|SunnyDay|[upkeep]\n|-heal|p1a: Poison|93\/100 brn|[from] item: Black Sludge\n|-damage|p1a: Poison|87\/100 brn|[from] brn\n|upkeep\n|turn|8\n|-message|Marty1010 forfeited.\n|\n|win|zeonteo\n|raw|Marty1010's rating: 1337 &rarr; <strong>1321<\/strong><br \/>(-16 for losing)\n|raw|zeonteo's rating: 1403 &rarr; <strong>1419<\/strong><br \/>(+16 for winning)\n|l|\u2606Marty1010\n","uploadtime":1701110120,"views":10,"p1id":"marty1010","p2id":"zeonteo","formatid":"gen9nationaldex","rating":1321,"private":0,"password":""}