{"id":"gen9nationaldex-2000006123","p1":"Sprocket0835","p2":"Aygay","format":"[Gen 9] National Dex","log":"|html|<div class=\"broadcast-blue\"><strong>[Gen 9] National Dex is currently suspecting Sneasler! For information on how to participate check out the <a href=\"https:\/\/www.smogon.com\/forums\/threads\/sv-national-dex-suspect-8-just-dance.3731534\/\">suspect thread<\/a>.<\/strong><\/div>\n|j|\u2606Sprocket0835\n|j|\u2606Aygay\n|t:|1701140288\n|gametype|singles\n|player|p1|Sprocket0835|lucas|1495\n|player|p2|Aygay|1|1509\n|teamsize|p1|6\n|teamsize|p2|6\n|gen|9\n|tier|[Gen 9] National Dex\n|rated|\n|rule|HP Percentage Mod: HP is shown in percentages\n|rule|Endless Battle Clause: Forcing endless battles is banned\n|rule|OHKO Clause: OHKO moves are banned\n|rule|Evasion Clause: Evasion abilities, items, and moves are banned\n|rule|Evasion Abilities Clause: Evasion abilities are banned\n|rule|Evasion Items Clause: Evasion items are banned\n|rule|Evasion Moves Clause: Evasion moves are banned\n|rule|Species Clause: Limit one of each Pok\u00e9mon\n|rule|Sleep Clause Mod: Limit one foe put to sleep\n|clearpoke\n|poke|p1|Landorus-Therian, M|\n|poke|p1|Kyurem|\n|poke|p1|Ceruledge, F|\n|poke|p1|Tapu Lele|\n|poke|p1|Garganacl, F|\n|poke|p1|Ferrothorn, F|\n|poke|p2|Pelipper, F|\n|poke|p2|Ogerpon-Wellspring, F|\n|poke|p2|Hatterene, F|\n|poke|p2|Greninja-*, M|\n|poke|p2|Scizor, M|\n|poke|p2|Salamence, M|\n|teampreview\n|\n|t:|1701140295\n|start\n|switch|p1a: Kyurem|Kyurem|100\/100\n|switch|p2a: Salamence|Salamence, M|100\/100\n|-ability|p2a: Salamence|Intimidate|boost\n|-unboost|p1a: Kyurem|atk|1\n|-ability|p1a: Kyurem|Pressure\n|turn|1\n|\n|t:|1701140305\n|switch|p1a: Landorus|Landorus-Therian, M|100\/100\n|-ability|p1a: Landorus|Intimidate|boost\n|-unboost|p2a: Salamence|atk|1\n|move|p2a: Salamence|Draco Meteor|p1a: Landorus\n|-damage|p1a: Landorus|24\/100\n|-unboost|p2a: Salamence|spa|2\n|\n|upkeep\n|turn|2\n|\n|t:|1701140314\n|switch|p1a: Tapu Lele|Tapu Lele|100\/100\n|-fieldstart|move: Psychic Terrain|[from] ability: Psychic Surge|[of] p1a: Tapu Lele\n|move|p2a: Salamence|Draco Meteor|p1a: Tapu Lele\n|-immune|p1a: Tapu Lele\n|\n|upkeep\n|turn|3\n|\n|t:|1701140319\n|switch|p2a: Scizor|Scizor, M|100\/100\n|move|p1a: Tapu Lele|Moonblast|p2a: Scizor\n|-resisted|p2a: Scizor\n|-damage|p2a: Scizor|72\/100\n|\n|upkeep\n|turn|4\n|\n|t:|1701140327\n|switch|p1a: Ferrothorn|Ferrothorn, F|100\/100\n|detailschange|p2a: Scizor|Scizor-Mega, M\n|-mega|p2a: Scizor|Scizor|Scizorite\n|move|p2a: Scizor|U-turn|p1a: Ferrothorn\n|-damage|p1a: Ferrothorn|67\/100\n|-damage|p2a: Scizor|60\/100|[from] ability: Iron Barbs|[of] p1a: Ferrothorn\n|-damage|p2a: Scizor|43\/100|[from] item: Rocky Helmet|[of] p1a: Ferrothorn\n|\n|t:|1701140334\n|switch|p2a: Salamence|Salamence, M|100\/100|[from] U-turn\n|-ability|p2a: Salamence|Intimidate|boost\n|-unboost|p1a: Ferrothorn|atk|1\n|\n|upkeep\n|turn|5\n|\n|t:|1701140342\n|switch|p1a: Garganacl|Garganacl, F|100\/100\n|move|p2a: Salamence|Fire Blast|p1a: Garganacl\n|-resisted|p1a: Garganacl\n|-damage|p1a: Garganacl|90\/100\n|\n|-heal|p1a: Garganacl|97\/100|[from] item: Leftovers\n|upkeep\n|turn|6\n|\n|t:|1701140353\n|move|p2a: Salamence|Earthquake|p1a: Garganacl\n|-supereffective|p1a: Garganacl\n|-crit|p1a: Garganacl\n|-damage|p1a: Garganacl|41\/100\n|move|p1a: Garganacl|Salt Cure|p2a: Salamence\n|-supereffective|p2a: Salamence\n|-damage|p2a: Salamence|64\/100\n|-start|p2a: Salamence|Salt Cure\n|\n|-heal|p1a: Garganacl|47\/100|[from] item: Leftovers\n|-damage|p2a: Salamence|52\/100|[from] Salt Cure\n|-fieldend|move: Psychic Terrain\n|upkeep\n|turn|7\n|\n|t:|1701140365\n|switch|p1a: Landorus|Landorus-Therian, M|24\/100\n|-ability|p1a: Landorus|Intimidate|boost\n|-unboost|p2a: Salamence|atk|1\n|-zpower|p2a: Salamence\n|move|p2a: Salamence|Devastating Drake|p1a: Landorus|[zeffect]\n|-damage|p1a: Landorus|0 fnt\n|faint|p1a: Landorus\n|\n|-damage|p2a: Salamence|39\/100|[from] Salt Cure\n|upkeep\n|\n|t:|1701140373\n|switch|p1a: Tapu Lele|Tapu Lele|100\/100\n|-fieldstart|move: Psychic Terrain|[from] ability: Psychic Surge|[of] p1a: Tapu Lele\n|turn|8\n|\n|t:|1701140384\n|switch|p2a: Hatterene|Hatterene, F|100\/100\n|move|p1a: Tapu Lele|Hidden Power|p2a: Hatterene\n|-damage|p2a: Hatterene|78\/100\n|\n|upkeep\n|turn|9\n|\n|t:|1701140389\n|switch|p1a: Ceruledge|Ceruledge, F|100\/100\n|move|p2a: Hatterene|Nuzzle|p1a: Ceruledge\n|-damage|p1a: Ceruledge|94\/100\n|-status|p1a: Ceruledge|par\n|-ability|p1a: Ceruledge|Weak Armor|boost\n|-unboost|p1a: Ceruledge|def|1\n|-boost|p1a: Ceruledge|spe|2\n|\n|upkeep\n|turn|10\n|\n|t:|1701140395\n|switch|p2a: Pelipper|Pelipper, F|100\/100\n|-weather|RainDance|[from] ability: Drizzle|[of] p2a: Pelipper\n|move|p1a: Ceruledge|Swords Dance|p1a: Ceruledge\n|-boost|p1a: Ceruledge|atk|2\n|\n|-weather|RainDance|[upkeep]\n|upkeep\n|turn|11\n|\n|t:|1701140401\n|-terastallize|p1a: Ceruledge|Grass\n|cant|p1a: Ceruledge|par\n|move|p2a: Pelipper|Scald|p1a: Ceruledge\n|-resisted|p1a: Ceruledge\n|-damage|p1a: Ceruledge|71\/100 par\n|\n|-weather|RainDance|[upkeep]\n|upkeep\n|turn|12\n|\n|t:|1701140407\n|move|p1a: Ceruledge|Poltergeist|p2a: Pelipper\n|-activate|p2a: Pelipper|move: Poltergeist|Damp Rock\n|-damage|p2a: Pelipper|22\/100\n|move|p2a: Pelipper|U-turn|p1a: Ceruledge\n|-supereffective|p1a: Ceruledge\n|-damage|p1a: Ceruledge|37\/100 par\n|-ability|p1a: Ceruledge|Weak Armor|boost\n|-unboost|p1a: Ceruledge|def|1\n|-boost|p1a: Ceruledge|spe|2\n|\n|t:|1701140418\n|switch|p2a: Greninja|Greninja, M|100\/100|[from] U-turn\n|\n|-weather|RainDance|[upkeep]\n|-fieldend|move: Psychic Terrain\n|upkeep\n|turn|13\n|\n|t:|1701140429\n|-terastallize|p2a: Greninja|Water\n|move|p2a: Greninja|Water Shuriken|p1a: Ceruledge\n|-resisted|p1a: Ceruledge\n|-damage|p1a: Ceruledge|28\/100 par\n|-resisted|p1a: Ceruledge\n|-crit|p1a: Ceruledge\n|-damage|p1a: Ceruledge|15\/100 par\n|-resisted|p1a: Ceruledge\n|-damage|p1a: Ceruledge|7\/100 par\n|-resisted|p1a: Ceruledge\n|-damage|p1a: Ceruledge|0 fnt\n|faint|p1a: Ceruledge\n|-ability|p2a: Greninja|Battle Bond|boost\n|-boost|p2a: Greninja|atk|1\n|-boost|p2a: Greninja|spa|1\n|-boost|p2a: Greninja|spe|1\n|-activate|p2a: Greninja|ability: Battle Bond\n|-hitcount|p1: Ceruledge|4\n|\n|-weather|RainDance|[upkeep]\n|upkeep\n|\n|t:|1701140443\n|switch|p1a: Kyurem|Kyurem|100\/100\n|-ability|p1a: Kyurem|Pressure\n|turn|14\n|\n|t:|1701140449\n|move|p2a: Greninja|Dark Pulse|p1a: Kyurem\n|-damage|p1a: Kyurem|53\/100\n|move|p1a: Kyurem|Freeze-Dry|p2a: Greninja\n|-supereffective|p2a: Greninja\n|-damage|p2a: Greninja|0 fnt\n|faint|p2a: Greninja\n|\n|-weather|RainDance|[upkeep]\n|upkeep\n|\n|t:|1701140461\n|switch|p2a: Salamence|Salamence, M|39\/100\n|-ability|p2a: Salamence|Intimidate|boost\n|-unboost|p1a: Kyurem|atk|1\n|turn|15\n|\n|t:|1701140468\n|switch|p1a: Tapu Lele|Tapu Lele|100\/100\n|-fieldstart|move: Psychic Terrain|[from] ability: Psychic Surge|[of] p1a: Tapu Lele\n|move|p2a: Salamence|Hurricane|p1a: Tapu Lele\n|-damage|p1a: Tapu Lele|48\/100\n|-start|p1a: Tapu Lele|confusion\n|\n|-weather|RainDance|[upkeep]\n|upkeep\n|turn|16\n|\n|t:|1701140481\n|switch|p2a: Scizor|Scizor-Mega, M|43\/100\n|-activate|p1a: Tapu Lele|confusion\n|move|p1a: Tapu Lele|Hidden Power|p2a: Scizor\n|-supereffective|p2a: Scizor\n|-damage|p2a: Scizor|1\/100\n|\n|-weather|RainDance|[upkeep]\n|upkeep\n|turn|17\n|\n|t:|1701140498\n|switch|p2a: Ogerpon|Ogerpon-Wellspring, F|100\/100\n|-end|p1a: Tapu Lele|confusion\n|move|p1a: Tapu Lele|Hidden Power|p2a: Ogerpon\n|-damage|p2a: Ogerpon|89\/100\n|\n|-weather|none\n|upkeep\n|turn|18\n|\n|t:|1701140512\n|switch|p1a: Ferrothorn|Ferrothorn, F|67\/100\n|move|p2a: Ogerpon|Swords Dance|p2a: Ogerpon\n|-boost|p2a: Ogerpon|atk|2\n|\n|upkeep\n|turn|19\n|\n|t:|1701140516\n|move|p2a: Ogerpon|Taunt|p1a: Ferrothorn\n|-start|p1a: Ferrothorn|move: Taunt\n|move|p1a: Ferrothorn|Power Whip|p2a: Ogerpon\n|-damage|p2a: Ogerpon|39\/100\n|\n|-fieldend|move: Psychic Terrain\n|upkeep\n|turn|20\n|\n|t:|1701140526\n|switch|p2a: Salamence|Salamence, M|39\/100\n|-ability|p2a: Salamence|Intimidate|boost\n|-unboost|p1a: Ferrothorn|atk|1\n|move|p1a: Ferrothorn|Power Whip|p2a: Salamence\n|-resisted|p2a: Salamence\n|-damage|p2a: Salamence|31\/100\n|\n|upkeep\n|turn|21\n|\n|t:|1701140536\n|switch|p1a: Garganacl|Garganacl, F|47\/100\n|move|p2a: Salamence|Fire Blast|p1a: Garganacl\n|-resisted|p1a: Garganacl\n|-damage|p1a: Garganacl|37\/100\n|\n|-heal|p1a: Garganacl|43\/100|[from] item: Leftovers\n|upkeep\n|turn|22\n|\n|t:|1701140544\n|move|p2a: Salamence|Earthquake|p1a: Garganacl\n|-supereffective|p1a: Garganacl\n|-damage|p1a: Garganacl|7\/100\n|move|p1a: Garganacl|Salt Cure|p2a: Salamence\n|-supereffective|p2a: Salamence\n|-damage|p2a: Salamence|0 fnt\n|faint|p2a: Salamence\n|\n|-heal|p1a: Garganacl|13\/100|[from] item: Leftovers\n|upkeep\n|\n|t:|1701140552\n|switch|p2a: Scizor|Scizor-Mega, M|1\/100\n|turn|23\n|\n|t:|1701140554\n|-activate|p1a: Garganacl|move: Pursuit\n|move|p2a: Scizor|Pursuit|p1a: Garganacl|[from]Pursuit\n|-damage|p1a: Garganacl|0 fnt\n|faint|p1a: Garganacl\n|-hint|A Pokemon can't switch between when it runs out of HP and when it faints\n|\n|upkeep\n|c|\u2606Sprocket0835|what\n|\n|t:|1701140564\n|switch|p1a: Tapu Lele|Tapu Lele|48\/100\n|-fieldstart|move: Psychic Terrain|[from] ability: Psychic Surge|[of] p1a: Tapu Lele\n|turn|24\n|\n|t:|1701140572\n|switch|p2a: Pelipper|Pelipper, F|22\/100\n|-weather|RainDance|[from] ability: Drizzle|[of] p2a: Pelipper\n|move|p1a: Tapu Lele|Psychic|p2a: Pelipper\n|-damage|p2a: Pelipper|0 fnt\n|faint|p2a: Pelipper\n|\n|-weather|RainDance|[upkeep]\n|upkeep\n|\n|t:|1701140574\n|switch|p2a: Hatterene|Hatterene, F|78\/100\n|turn|25\n|\n|t:|1701140579\n|switch|p1a: Ferrothorn|Ferrothorn, F|67\/100\n|move|p2a: Hatterene|Nuzzle|p1a: Ferrothorn\n|-resisted|p1a: Ferrothorn\n|-damage|p1a: Ferrothorn|66\/100\n|-status|p1a: Ferrothorn|par\n|-damage|p2a: Hatterene|66\/100|[from] ability: Iron Barbs|[of] p1a: Ferrothorn\n|-damage|p2a: Hatterene|49\/100|[from] item: Rocky Helmet|[of] p1a: Ferrothorn\n|\n|-weather|RainDance|[upkeep]\n|upkeep\n|turn|26\n|\n|t:|1701140584\n|move|p2a: Hatterene|Calm Mind|p2a: Hatterene\n|-boost|p2a: Hatterene|spa|1\n|-boost|p2a: Hatterene|spd|1\n|move|p1a: Ferrothorn|Power Whip|p2a: Hatterene\n|-damage|p2a: Hatterene|19\/100\n|\n|-weather|RainDance|[upkeep]\n|upkeep\n|turn|27\n|-enditem|p2a: Hatterene|Custap Berry|[eat]\n|-activate|p2a: Hatterene|item: Custap Berry|[consumed]\n|\n|t:|1701140590\n|move|p2a: Hatterene|Healing Wish|p2a: Hatterene\n|faint|p2a: Hatterene\n|move|p1a: Ferrothorn|Power Whip|p2: Hatterene|[notarget]\n|-fail|p1a: Ferrothorn\n|\n|-weather|RainDance|[upkeep]\n|upkeep\n|\n|t:|1701140598\n|switch|p2a: Scizor|Scizor-Mega, M|1\/100\n|-heal|p2a: Scizor|100\/100|[from] move: Healing Wish\n|turn|28\n|\n|t:|1701140600\n|move|p2a: Scizor|Close Combat|p1a: Ferrothorn\n|-supereffective|p1a: Ferrothorn\n|-damage|p1a: Ferrothorn|0 fnt\n|-unboost|p2a: Scizor|def|1\n|-unboost|p2a: Scizor|spd|1\n|-damage|p2a: Scizor|88\/100|[from] ability: Iron Barbs|[of] p1a: Ferrothorn\n|-damage|p2a: Scizor|72\/100|[from] item: Rocky Helmet|[of] p1a: Ferrothorn\n|faint|p1a: Ferrothorn\n|\n|-weather|RainDance|[upkeep]\n|-fieldend|move: Psychic Terrain\n|upkeep\n|\n|t:|1701140605\n|switch|p1a: Tapu Lele|Tapu Lele|48\/100\n|-fieldstart|move: Psychic Terrain|[from] ability: Psychic Surge|[of] p1a: Tapu Lele\n|turn|29\n|\n|t:|1701140610\n|switch|p2a: Ogerpon|Ogerpon-Wellspring, F|39\/100\n|move|p1a: Tapu Lele|Hidden Power|p2a: Ogerpon\n|-damage|p2a: Ogerpon|28\/100\n|\n|-weather|RainDance|[upkeep]\n|upkeep\n|turn|30\n|\n|t:|1701140619\n|switch|p1a: Kyurem|Kyurem|53\/100\n|-ability|p1a: Kyurem|Pressure\n|move|p2a: Ogerpon|Ivy Cudgel|p1a: Kyurem|[anim] Ivy Cudgel Water\n|-resisted|p1a: Kyurem\n|-damage|p1a: Kyurem|15\/100\n|\n|-weather|RainDance|[upkeep]\n|upkeep\n|turn|31\n|\n|t:|1701140626\n|move|p2a: Ogerpon|Ivy Cudgel|p1a: Kyurem|[anim] Ivy Cudgel Water\n|-resisted|p1a: Kyurem\n|-damage|p1a: Kyurem|0 fnt\n|faint|p1a: Kyurem\n|\n|-weather|none\n|upkeep\n|\n|t:|1701140628\n|switch|p1a: Tapu Lele|Tapu Lele|48\/100\n|turn|32\n|\n|t:|1701140633\n|move|p1a: Tapu Lele|Psychic|p2a: Ogerpon\n|-damage|p2a: Ogerpon|0 fnt\n|faint|p2a: Ogerpon\n|\n|upkeep\n|\n|t:|1701140636\n|switch|p2a: Scizor|Scizor-Mega, M|72\/100\n|turn|33\n|\n|t:|1701140639\n|move|p1a: Tapu Lele|Psychic|p2a: Scizor\n|-resisted|p2a: Scizor\n|-damage|p2a: Scizor|40\/100\n|move|p2a: Scizor|U-turn|p1a: Tapu Lele\n|-damage|p1a: Tapu Lele|0 fnt\n|faint|p1a: Tapu Lele\n|\n|win|Aygay\n|raw|Sprocket0835's rating: 1495 &rarr; <strong>1476<\/strong><br \/>(-19 for losing)\n|raw|Aygay's rating: 1509 &rarr; <strong>1528<\/strong><br \/>(+19 for winning)\n|c|\u2606Sprocket0835|!report\n|c| Sprocket0835|\/raw <div class=\"infobox\"><button name=\"joinRoom\" value=\"view-help-request--report-room-battle-gen9nationaldex-2000006123\" class=\"button\"><strong>Report someone<\/strong><\/button><\/div>\n|l|\u2606Aygay\n","uploadtime":1701140662,"views":31,"p1id":"sprocket0835","p2id":"aygay","formatid":"gen9nationaldex","rating":1476,"private":0,"password":""}