{"id":"gen9nationaldex-1996884995","p1":"IChangeMyNameAlot","p2":"Gamer Boi YT","format":"[Gen 9] National Dex","log":"|html|<div class=\"broadcast-blue\"><strong>[Gen 9] National Dex is currently suspecting Sneasler! For information on how to participate check out the <a href=\"https:\/\/www.smogon.com\/forums\/threads\/sv-national-dex-suspect-8-just-dance.3731534\/\">suspect thread<\/a>.<\/strong><\/div>\n|j|\u2606IChangeMyNameAlot\n|j|\u2606Gamer Boi YT\n|t:|1700740193\n|gametype|singles\n|player|p1|IChangeMyNameAlot|rye|\n|player|p2|Gamer Boi YT|ethan|\n|teamsize|p1|6\n|teamsize|p2|6\n|gen|9\n|tier|[Gen 9] National Dex\n|rule|HP Percentage Mod: HP is shown in percentages\n|rule|Endless Battle Clause: Forcing endless battles is banned\n|rule|OHKO Clause: OHKO moves are banned\n|rule|Evasion Clause: Evasion abilities, items, and moves are banned\n|rule|Evasion Abilities Clause: Evasion abilities are banned\n|rule|Evasion Items Clause: Evasion items are banned\n|rule|Evasion Moves Clause: Evasion moves are banned\n|rule|Species Clause: Limit one of each Pok\u00e9mon\n|rule|Sleep Clause Mod: Limit one foe put to sleep\n|clearpoke\n|poke|p1|Tapu Koko|\n|poke|p1|Landorus-Therian, M|\n|poke|p1|Sneasler, F|\n|poke|p1|Samurott-Hisui, F|\n|poke|p1|Iron Valiant|\n|poke|p1|Aegislash, F|\n|poke|p2|Hatterene, F|\n|poke|p2|Iron Valiant|\n|poke|p2|Clefable, F|\n|poke|p2|Mawile, F|\n|poke|p2|Florges, F|\n|poke|p2|Tapu Koko|\n|teampreview\n|inactive|Battle timer is ON: inactive players will automatically lose when time's up. (requested by IChangeMyNameAlot)\n|inactive|Gamer Boi YT also wants the timer to be on.\n|c|\u2606IChangeMyNameAlot|Glhf\n|c|\u2606Gamer Boi YT|u2\n|\n|t:|1700740211\n|start\n|switch|p1a: Coconut|Tapu Koko|100\/100\n|switch|p2a: Clefable|Clefable, F|100\/100\n|-fieldstart|move: Electric Terrain|[from] ability: Electric Surge|[of] p1a: Coconut\n|turn|1\n|\n|t:|1700740222\n|move|p1a: Coconut|Volt Switch|p2a: Clefable\n|-damage|p2a: Clefable|54\/100\n|\n|t:|1700740231\n|switch|p1a: Baby Shark|Landorus-Therian, M|100\/100|[from] Volt Switch\n|-ability|p1a: Baby Shark|Intimidate|boost\n|-unboost|p2a: Clefable|atk|1\n|move|p2a: Clefable|Moonblast|p1a: Baby Shark\n|-damage|p1a: Baby Shark|69\/100\n|\n|-heal|p2a: Clefable|60\/100|[from] item: Leftovers\n|upkeep\n|turn|2\n|\n|t:|1700740241\n|move|p1a: Baby Shark|Stealth Rock|p2a: Clefable\n|-sidestart|p2: Gamer Boi YT|move: Stealth Rock\n|move|p2a: Clefable|Soft-Boiled|p2a: Clefable\n|-heal|p2a: Clefable|100\/100\n|\n|upkeep\n|turn|3\n|\n|t:|1700740249\n|move|p1a: Baby Shark|Toxic|p2a: Clefable\n|-status|p2a: Clefable|tox\n|move|p2a: Clefable|Knock Off|p1a: Baby Shark\n|-damage|p1a: Baby Shark|62\/100\n|-enditem|p1a: Baby Shark|Rocky Helmet|[from] move: Knock Off|[of] p2a: Clefable\n|\n|upkeep\n|turn|4\n|\n|t:|1700740260\n|move|p1a: Baby Shark|Earthquake|p2a: Clefable\n|-damage|p2a: Clefable|56\/100 tox\n|move|p2a: Clefable|Knock Off|p1a: Baby Shark\n|-damage|p1a: Baby Shark|58\/100\n|\n|-heal|p2a: Clefable|62\/100 tox|[from] item: Leftovers\n|upkeep\n|turn|5\n|\n|t:|1700740264\n|move|p1a: Baby Shark|Earthquake|p2a: Clefable\n|-damage|p2a: Clefable|23\/100 tox\n|move|p2a: Clefable|Soft-Boiled|p2a: Clefable\n|-heal|p2a: Clefable|73\/100 tox\n|\n|-heal|p2a: Clefable|79\/100 tox|[from] item: Leftovers\n|-fieldend|move: Electric Terrain\n|upkeep\n|turn|6\n|\n|t:|1700740274\n|move|p1a: Baby Shark|Earthquake|p2a: Clefable\n|-damage|p2a: Clefable|35\/100 tox\n|move|p2a: Clefable|Soft-Boiled|p2a: Clefable\n|-heal|p2a: Clefable|85\/100 tox\n|\n|-heal|p2a: Clefable|91\/100 tox|[from] item: Leftovers\n|upkeep\n|turn|7\n|\n|t:|1700740282\n|move|p1a: Baby Shark|Earthquake|p2a: Clefable\n|-damage|p2a: Clefable|46\/100 tox\n|move|p2a: Clefable|Moonblast|p1a: Baby Shark\n|-crit|p1a: Baby Shark\n|-damage|p1a: Baby Shark|7\/100\n|\n|-heal|p2a: Clefable|52\/100 tox|[from] item: Leftovers\n|upkeep\n|turn|8\n|\n|t:|1700740287\n|move|p1a: Baby Shark|Earthquake|p2a: Clefable\n|-damage|p2a: Clefable|11\/100 tox\n|move|p2a: Clefable|Soft-Boiled|p2a: Clefable\n|-heal|p2a: Clefable|61\/100 tox\n|\n|-heal|p2a: Clefable|67\/100 tox|[from] item: Leftovers\n|upkeep\n|turn|9\n|\n|t:|1700740290\n|move|p1a: Baby Shark|Earthquake|p2a: Clefable\n|-damage|p2a: Clefable|23\/100 tox\n|move|p2a: Clefable|Soft-Boiled|p2a: Clefable\n|-heal|p2a: Clefable|73\/100 tox\n|\n|-heal|p2a: Clefable|79\/100 tox|[from] item: Leftovers\n|upkeep\n|turn|10\n|\n|t:|1700740292\n|move|p1a: Baby Shark|Earthquake|p2a: Clefable\n|-damage|p2a: Clefable|39\/100 tox\n|move|p2a: Clefable|Soft-Boiled|p2a: Clefable\n|-heal|p2a: Clefable|89\/100 tox\n|\n|-heal|p2a: Clefable|95\/100 tox|[from] item: Leftovers\n|upkeep\n|turn|11\n|\n|t:|1700740295\n|move|p1a: Baby Shark|Earthquake|p2a: Clefable\n|-damage|p2a: Clefable|54\/100 tox\n|move|p2a: Clefable|Moonblast|p1a: Baby Shark\n|-damage|p1a: Baby Shark|0 fnt\n|faint|p1a: Baby Shark\n|\n|-heal|p2a: Clefable|60\/100 tox|[from] item: Leftovers\n|upkeep\n|\n|t:|1700740301\n|switch|p1a: Coconut|Tapu Koko|100\/100\n|-fieldstart|move: Electric Terrain|[from] ability: Electric Surge|[of] p1a: Coconut\n|turn|12\n|\n|t:|1700740316\n|move|p1a: Coconut|Thunderbolt|p2a: Clefable\n|-damage|p2a: Clefable|4\/100 tox\n|move|p2a: Clefable|Knock Off|p1a: Coconut\n|-resisted|p1a: Coconut\n|-damage|p1a: Coconut|93\/100\n|-enditem|p1a: Coconut|Choice Specs|[from] move: Knock Off|[of] p2a: Clefable\n|\n|-heal|p2a: Clefable|10\/100 tox|[from] item: Leftovers\n|upkeep\n|turn|13\n|\n|t:|1700740322\n|move|p1a: Coconut|Volt Switch|p2a: Clefable\n|-damage|p2a: Clefable|0 fnt\n|faint|p2a: Clefable\n|\n|t:|1700740327\n|switch|p1a: Coral|Samurott-Hisui, F|100\/100|[from] Volt Switch\n|\n|upkeep\n|\n|t:|1700740339\n|switch|p2a: Tapu Koko|Tapu Koko, shiny|100\/100\n|turn|14\n|\n|t:|1700740347\n|-terastallize|p1a: Coral|Steel\n|move|p2a: Tapu Koko|Thunderbolt|p1a: Coral\n|-damage|p1a: Coral|60\/100\n|-status|p1a: Coral|par\n|move|p1a: Coral|Aqua Cutter|p2a: Tapu Koko\n|-damage|p2a: Tapu Koko|30\/100\n|\n|upkeep\n|turn|15\n|\n|t:|1700740358\n|move|p2a: Tapu Koko|Thunderbolt|p1a: Coral\n|-damage|p1a: Coral|21\/100 par\n|move|p1a: Coral|Ceaseless Edge|p2a: Tapu Koko\n|-resisted|p2a: Tapu Koko\n|-damage|p2a: Tapu Koko|1\/100\n|-sidestart|p2: Gamer Boi YT|Spikes\n|\n|upkeep\n|turn|16\n|\n|t:|1700740365\n|move|p1a: Coral|Sucker Punch|p2a: Tapu Koko\n|-resisted|p2a: Tapu Koko\n|-damage|p2a: Tapu Koko|0 fnt\n|faint|p2a: Tapu Koko\n|\n|-fieldend|move: Electric Terrain\n|upkeep\n|inactive|Gamer Boi YT has 270 seconds left.\n|\n|t:|1700740397\n|switch|p2a: Iron Valiant|Iron Valiant|100\/100\n|-damage|p2a: Iron Valiant|94\/100|[from] Stealth Rock\n|-damage|p2a: Iron Valiant|82\/100|[from] Spikes\n|-enditem|p2a: Iron Valiant|Booster Energy\n|-activate|p2a: Iron Valiant|ability: Quark Drive|[fromitem]\n|-start|p2a: Iron Valiant|quarkdrivespe\n|turn|17\n|inactive|Gamer Boi YT has 270 seconds left.\n|\n|t:|1700740409\n|move|p2a: Iron Valiant|Spirit Break|p1a: Coral\n|-resisted|p1a: Coral\n|-damage|p1a: Coral|2\/100 par\n|-unboost|p1a: Coral|spa|1\n|move|p1a: Coral|Aqua Cutter|p2a: Iron Valiant\n|-damage|p2a: Iron Valiant|23\/100\n|\n|upkeep\n|turn|18\n|\n|t:|1700740414\n|move|p1a: Coral|Sucker Punch|p2a: Iron Valiant\n|-resisted|p2a: Iron Valiant\n|-damage|p2a: Iron Valiant|14\/100\n|move|p2a: Iron Valiant|Spirit Break|p1a: Coral\n|-resisted|p1a: Coral\n|-damage|p1a: Coral|0 fnt\n|faint|p1a: Coral\n|\n|upkeep\n|\n|t:|1700740422\n|switch|p1a: Aegislash|Aegislash, F|100\/100\n|turn|19\n|\n|t:|1700740434\n|-formechange|p1a: Aegislash|Aegislash-Blade||[from] ability: Stance Change\n|move|p1a: Aegislash|Shadow Sneak|p2a: Iron Valiant\n|-damage|p2a: Iron Valiant|0 fnt\n|faint|p2a: Iron Valiant\n|-end|p2a: Iron Valiant|Quark Drive|[silent]\n|\n|upkeep\n|\n|t:|1700740446\n|switch|p2a: Florges|Florges, F|100\/100\n|-damage|p2a: Florges|88\/100|[from] Stealth Rock\n|-damage|p2a: Florges|75\/100|[from] Spikes\n|turn|20\n|\n|t:|1700740457\n|-terastallize|p2a: Florges|Ground\n|move|p2a: Florges|Tera Blast|p1a: Aegislash|[anim] Tera Blast Ground\n|-supereffective|p1a: Aegislash\n|-damage|p1a: Aegislash|0 fnt\n|faint|p1a: Aegislash\n|\n|-heal|p2a: Florges|82\/100|[from] item: Leftovers\n|upkeep\n|\n|t:|1700740480\n|switch|p1a: Gai Weavile|Sneasler, F|100\/100\n|turn|21\n|c|\u2606IChangeMyNameAlot|Missclick ;-;\n|\n|t:|1700740495\n|move|p1a: Gai Weavile|Gunk Shot|p2a: Florges\n|-resisted|p2a: Florges\n|-damage|p2a: Florges|51\/100\n|move|p2a: Florges|Synthesis|p2a: Florges\n|-heal|p2a: Florges|100\/100\n|\n|upkeep\n|turn|22\n|\n|t:|1700740505\n|move|p1a: Gai Weavile|Swords Dance|p1a: Gai Weavile\n|-boost|p1a: Gai Weavile|atk|2\n|move|p2a: Florges|Calm Mind|p2a: Florges\n|-boost|p2a: Florges|spa|1\n|-boost|p2a: Florges|spd|1\n|\n|upkeep\n|turn|23\n|\n|t:|1700740511\n|move|p1a: Gai Weavile|Gunk Shot|p2a: Florges\n|-resisted|p2a: Florges\n|-damage|p2a: Florges|38\/100\n|move|p2a: Florges|Tera Blast|p1a: Gai Weavile|[anim] Tera Blast Ground\n|-supereffective|p1a: Gai Weavile\n|-damage|p1a: Gai Weavile|0 fnt\n|faint|p1a: Gai Weavile\n|\n|-heal|p2a: Florges|44\/100|[from] item: Leftovers\n|upkeep\n|c|\u2606Gamer Boi YT|no cc?\n|\n|t:|1700740527\n|switch|p1a: robo sword user|Iron Valiant|100\/100\n|turn|24\n|\n|t:|1700740533\n|move|p1a: robo sword user|Moonblast|p2a: Florges\n|-damage|p2a: Florges|19\/100\n|-damage|p1a: robo sword user|90\/100|[from] item: Life Orb\n|move|p2a: Florges|Synthesis|p2a: Florges\n|-heal|p2a: Florges|69\/100\n|\n|-heal|p2a: Florges|75\/100|[from] item: Leftovers\n|upkeep\n|turn|25\n|\n|t:|1700740536\n|move|p1a: robo sword user|Moonblast|p2a: Florges\n|-damage|p2a: Florges|47\/100\n|-unboost|p2a: Florges|spa|1\n|-damage|p1a: robo sword user|80\/100|[from] item: Life Orb\n|move|p2a: Florges|Calm Mind|p2a: Florges\n|-boost|p2a: Florges|spa|1\n|-boost|p2a: Florges|spd|1\n|\n|-heal|p2a: Florges|53\/100|[from] item: Leftovers\n|upkeep\n|turn|26\n|c|\u2606IChangeMyNameAlot|Nope\n|\n|t:|1700740539\n|move|p1a: robo sword user|Moonblast|p2a: Florges\n|-damage|p2a: Florges|32\/100\n|-damage|p1a: robo sword user|70\/100|[from] item: Life Orb\n|move|p2a: Florges|Synthesis|p2a: Florges\n|-heal|p2a: Florges|82\/100\n|\n|-heal|p2a: Florges|89\/100|[from] item: Leftovers\n|upkeep\n|turn|27\n|\n|t:|1700740542\n|move|p1a: robo sword user|Moonblast|p2a: Florges\n|-damage|p2a: Florges|68\/100\n|-damage|p1a: robo sword user|60\/100|[from] item: Life Orb\n|move|p2a: Florges|Calm Mind|p2a: Florges\n|-boost|p2a: Florges|spa|1\n|-boost|p2a: Florges|spd|1\n|\n|-heal|p2a: Florges|74\/100|[from] item: Leftovers\n|upkeep\n|turn|28\n|\n|t:|1700740545\n|move|p1a: robo sword user|Moonblast|p2a: Florges\n|-damage|p2a: Florges|59\/100\n|-damage|p1a: robo sword user|50\/100|[from] item: Life Orb\n|move|p2a: Florges|Calm Mind|p2a: Florges\n|-boost|p2a: Florges|spa|1\n|-boost|p2a: Florges|spd|1\n|\n|-heal|p2a: Florges|65\/100|[from] item: Leftovers\n|upkeep\n|turn|29\n|\n|t:|1700740548\n|move|p1a: robo sword user|Moonblast|p2a: Florges\n|-damage|p2a: Florges|50\/100\n|-damage|p1a: robo sword user|40\/100|[from] item: Life Orb\n|move|p2a: Florges|Synthesis|p2a: Florges\n|-heal|p2a: Florges|100\/100\n|\n|upkeep\n|turn|30\n|\n|t:|1700740552\n|move|p1a: robo sword user|Moonblast|p2a: Florges\n|-crit|p2a: Florges\n|-damage|p2a: Florges|38\/100\n|-unboost|p2a: Florges|spa|1\n|-damage|p1a: robo sword user|30\/100|[from] item: Life Orb\n|move|p2a: Florges|Moonblast|p1a: robo sword user\n|-supereffective|p1a: robo sword user\n|-damage|p1a: robo sword user|0 fnt\n|faint|p1a: robo sword user\n|-end|p1a: robo sword user|Quark Drive|[silent]\n|\n|-heal|p2a: Florges|44\/100|[from] item: Leftovers\n|upkeep\n|\n|t:|1700740555\n|switch|p1a: Coconut|Tapu Koko|93\/100\n|-fieldstart|move: Electric Terrain|[from] ability: Electric Surge|[of] p1a: Coconut\n|turn|31\n|\n|t:|1700740561\n|move|p1a: Coconut|Hidden Power|p2a: Florges\n|-supereffective|p2a: Florges\n|-damage|p2a: Florges|36\/100\n|move|p2a: Florges|Tera Blast|p1a: Coconut|[anim] Tera Blast Ground\n|-supereffective|p1a: Coconut\n|-damage|p1a: Coconut|0 fnt\n|faint|p1a: Coconut\n|\n|win|Gamer Boi YT\n|c|\u2606IChangeMyNameAlot|WP\n|c|\u2606Gamer Boi YT|ggs!\n","uploadtime":1700740588,"views":20,"p1id":"ichangemynamealot","p2id":"gamerboiyt","formatid":"gen9nationaldex","rating":0,"private":0,"password":""}