{"id":"gen9nationaldex-1997814697","p1":"shimdom","p2":"PaleSwordsman_666","format":"[Gen 9] National Dex","log":"|html|<div class=\"broadcast-blue\"><strong>[Gen 9] National Dex is currently suspecting Sneasler! For information on how to participate check out the <a href=\"https:\/\/www.smogon.com\/forums\/threads\/sv-national-dex-suspect-8-just-dance.3731534\/\">suspect thread<\/a>.<\/strong><\/div>\n|j|\u2606shimdom\n|j|\u2606PaleSwordsman_666\n|t:|1700855617\n|gametype|singles\n|player|p1|shimdom|cowgirl|1316\n|player|p2|PaleSwordsman_666|cynthia-gen4|1284\n|teamsize|p1|6\n|teamsize|p2|6\n|gen|9\n|tier|[Gen 9] National Dex\n|rated|\n|rule|HP Percentage Mod: HP is shown in percentages\n|rule|Endless Battle Clause: Forcing endless battles is banned\n|rule|OHKO Clause: OHKO moves are banned\n|rule|Evasion Clause: Evasion abilities, items, and moves are banned\n|rule|Evasion Abilities Clause: Evasion abilities are banned\n|rule|Evasion Items Clause: Evasion items are banned\n|rule|Evasion Moves Clause: Evasion moves are banned\n|rule|Species Clause: Limit one of each Pok\u00e9mon\n|rule|Sleep Clause Mod: Limit one foe put to sleep\n|clearpoke\n|poke|p1|Mudsdale, M|\n|poke|p1|Conkeldurr, M|\n|poke|p1|Garganacl, M|\n|poke|p1|Pawmot, M|\n|poke|p1|Charizard, F|\n|poke|p1|Clodsire, F|\n|poke|p2|Pelipper, F|\n|poke|p2|Tornadus-Therian, M|\n|poke|p2|Kingdra, F|\n|poke|p2|Beartic, M|\n|poke|p2|Politoed, F|\n|poke|p2|Porygon-Z|\n|teampreview\n|inactive|Battle timer is ON: inactive players will automatically lose when time's up. (requested by PaleSwordsman_666)\n|\n|t:|1700855624\n|start\n|switch|p1a: Clown|Conkeldurr, M|100\/100\n|switch|p2a: Pelipper|Pelipper, F|100\/100\n|-weather|RainDance|[from] ability: Drizzle|[of] p2a: Pelipper\n|turn|1\n|\n|t:|1700855632\n|move|p2a: Pelipper|U-turn|p1a: Clown\n|-resisted|p1a: Clown\n|-damage|p1a: Clown|97\/100\n|\n|t:|1700855635\n|switch|p2a: Tornadus|Tornadus-Therian, M|100\/100|[from] U-turn\n|move|p1a: Clown|Thunder Punch|p2a: Tornadus\n|-supereffective|p2a: Tornadus\n|-damage|p2a: Tornadus|4\/100\n|\n|-weather|RainDance|[upkeep]\n|upkeep\n|turn|2\n|\n|t:|1700855645\n|move|p1a: Clown|Mach Punch|p2a: Tornadus\n|-resisted|p2a: Tornadus\n|-damage|p2a: Tornadus|0 fnt\n|faint|p2a: Tornadus\n|\n|-weather|RainDance|[upkeep]\n|upkeep\n|\n|t:|1700855649\n|switch|p2a: Porygon-Z|Porygon-Z|100\/100\n|turn|3\n|\n|t:|1700855656\n|move|p1a: Clown|Mach Punch|p2a: Porygon-Z\n|-supereffective|p2a: Porygon-Z\n|-damage|p2a: Porygon-Z|44\/100\n|-zpower|p2a: Porygon-Z\n|move|p2a: Porygon-Z|Z-Conversion|p2a: Porygon-Z|[anim]Conversion\n|-boost|p2a: Porygon-Z|atk|1|[zeffect]\n|-boost|p2a: Porygon-Z|def|1|[zeffect]\n|-boost|p2a: Porygon-Z|spa|1|[zeffect]\n|-boost|p2a: Porygon-Z|spd|1|[zeffect]\n|-boost|p2a: Porygon-Z|spe|1|[zeffect]\n|-start|p2a: Porygon-Z|typechange|Electric\n|\n|-weather|RainDance|[upkeep]\n|upkeep\n|turn|4\n|\n|t:|1700855676\n|move|p1a: Clown|Mach Punch|p2a: Porygon-Z\n|-damage|p2a: Porygon-Z|23\/100\n|move|p2a: Porygon-Z|Thunder|p1a: Clown\n|-damage|p1a: Clown|0 fnt\n|faint|p1a: Clown\n|\n|-weather|RainDance|[upkeep]\n|upkeep\n|\n|t:|1700855681\n|switch|p1a: Clodsire|Clodsire, F|100\/100\n|turn|5\n|\n|t:|1700855685\n|move|p2a: Porygon-Z|Shadow Ball|p1a: Clodsire\n|-crit|p1a: Clodsire\n|-damage|p1a: Clodsire|72\/100\n|move|p1a: Clodsire|Gunk Shot|p2a: Porygon-Z\n|-damage|p2a: Porygon-Z|0 fnt\n|faint|p2a: Porygon-Z\n|\n|-weather|RainDance|[upkeep]\n|-heal|p1a: Clodsire|78\/100|[from] item: Leftovers\n|upkeep\n|\n|t:|1700855691\n|switch|p2a: Pelipper|Pelipper, F|100\/100\n|turn|6\n|\n|t:|1700855693\n|move|p2a: Pelipper|Weather Ball|p1a: Clodsire\n|-supereffective|p1a: Clodsire\n|-damage|p1a: Clodsire|9\/100\n|move|p1a: Clodsire|Stealth Rock|p2a: Pelipper\n|-sidestart|p2: PaleSwordsman_666|move: Stealth Rock\n|\n|-weather|RainDance|[upkeep]\n|-heal|p1a: Clodsire|16\/100|[from] item: Leftovers\n|upkeep\n|turn|7\n|\n|t:|1700855699\n|move|p2a: Pelipper|Defog|p1a: Clodsire\n|-unboost|p1a: Clodsire|evasion|1\n|-sideend|p2: PaleSwordsman_666|Stealth Rock|[from] move: Defog|[of] p2a: Pelipper\n|move|p1a: Clodsire|Toxic Spikes|p2a: Pelipper\n|-sidestart|p2: PaleSwordsman_666|move: Toxic Spikes\n|\n|-weather|RainDance|[upkeep]\n|-heal|p1a: Clodsire|22\/100|[from] item: Leftovers\n|upkeep\n|turn|8\n|\n|t:|1700855719\n|move|p2a: Pelipper|Weather Ball|p1a: Clodsire\n|-supereffective|p1a: Clodsire\n|-damage|p1a: Clodsire|0 fnt\n|faint|p1a: Clodsire\n|\n|-weather|none\n|upkeep\n|inactive|shimdom has 120 seconds left.\n|\n|t:|1700855737\n|switch|p1a: Charizard|Charizard, F|100\/100\n|turn|9\n|\n|t:|1700855744\n|detailschange|p1a: Charizard|Charizard-Mega-Y, F\n|-mega|p1a: Charizard|Charizard|Charizardite Y\n|-weather|SunnyDay|[from] ability: Drought|[of] p1a: Charizard\n|move|p1a: Charizard|Mystical Fire|p2a: Pelipper\n|-resisted|p2a: Pelipper\n|-damage|p2a: Pelipper|67\/100\n|-unboost|p2a: Pelipper|spa|1\n|move|p2a: Pelipper|U-turn|p1a: Charizard\n|-resisted|p1a: Charizard\n|-damage|p1a: Charizard|98\/100\n|\n|t:|1700855753\n|switch|p2a: Politoed|Politoed, F|100\/100|[from] U-turn\n|-status|p2a: Politoed|psn\n|-weather|RainDance|[from] ability: Drizzle|[of] p2a: Politoed\n|\n|-weather|RainDance|[upkeep]\n|-damage|p2a: Politoed|88\/100 psn|[from] psn\n|upkeep\n|turn|10\n|\n|t:|1700855767\n|switch|p1a: Clyde|Mudsdale, M|100\/100\n|move|p2a: Politoed|Toxic|p1a: Clyde\n|-status|p1a: Clyde|tox\n|\n|-weather|RainDance|[upkeep]\n|-damage|p2a: Politoed|75\/100 psn|[from] psn\n|-damage|p1a: Clyde|94\/100 tox|[from] psn\n|upkeep\n|turn|11\n|\n|t:|1700855785\n|switch|p2a: Pelipper|Pelipper, F|67\/100\n|-terastallize|p1a: Clyde|Electric\n|move|p1a: Clyde|Body Press|p2a: Pelipper\n|-resisted|p2a: Pelipper\n|-damage|p2a: Pelipper|56\/100\n|\n|-weather|RainDance|[upkeep]\n|-heal|p1a: Clyde|100\/100 tox|[from] item: Leftovers\n|-damage|p1a: Clyde|88\/100 tox|[from] psn\n|upkeep\n|turn|12\n|\n|t:|1700855795\n|move|p2a: Pelipper|Weather Ball|p1a: Clyde\n|-damage|p1a: Clyde|53\/100 tox\n|-ability|p1a: Clyde|Stamina|boost\n|-boost|p1a: Clyde|def|1\n|move|p1a: Clyde|Smack Down|p2a: Pelipper\n|-supereffective|p2a: Pelipper\n|-damage|p2a: Pelipper|28\/100\n|-start|p2a: Pelipper|Smack Down\n|\n|-weather|RainDance|[upkeep]\n|-heal|p1a: Clyde|59\/100 tox|[from] item: Leftovers\n|-damage|p1a: Clyde|41\/100 tox|[from] psn\n|upkeep\n|turn|13\n|\n|t:|1700855809\n|move|p2a: Pelipper|Weather Ball|p1a: Clyde\n|-damage|p1a: Clyde|3\/100 tox\n|-ability|p1a: Clyde|Stamina|boost\n|-boost|p1a: Clyde|def|1\n|move|p1a: Clyde|Earthquake|p2a: Pelipper\n|-damage|p2a: Pelipper|0 fnt\n|faint|p2a: Pelipper\n|\n|-weather|RainDance|[upkeep]\n|-heal|p1a: Clyde|9\/100 tox|[from] item: Leftovers\n|-damage|p1a: Clyde|0 fnt|[from] psn\n|faint|p1a: Clyde\n|upkeep\n|\n|t:|1700855819\n|switch|p2a: Beartic|Beartic, M|100\/100\n|switch|p1a: Charizard|Charizard-Mega-Y, F|98\/100\n|-status|p2a: Beartic|psn\n|-weather|SunnyDay|[from] ability: Drought|[of] p1a: Charizard\n|turn|14\n|\n|t:|1700855824\n|move|p1a: Charizard|Mystical Fire|p2a: Beartic\n|-supereffective|p2a: Beartic\n|-damage|p2a: Beartic|0 fnt\n|faint|p2a: Beartic\n|\n|-weather|SunnyDay|[upkeep]\n|upkeep\n|\n|t:|1700855827\n|switch|p2a: Politoed|Politoed, F|75\/100 psn\n|-weather|RainDance|[from] ability: Drizzle|[of] p2a: Politoed\n|turn|15\n|\n|t:|1700855852\n|switch|p1a: Crunchy|Garganacl, M|100\/100\n|switch|p2a: Kingdra|Kingdra, F|100\/100\n|-status|p2a: Kingdra|psn\n|\n|-weather|RainDance|[upkeep]\n|-damage|p2a: Kingdra|88\/100 psn|[from] psn\n|upkeep\n|turn|16\n|\n|t:|1700855858\n|move|p1a: Crunchy|Protect|p1a: Crunchy\n|-singleturn|p1a: Crunchy|Protect\n|move|p2a: Kingdra|Dragon Dance|p2a: Kingdra\n|-boost|p2a: Kingdra|atk|1\n|-boost|p2a: Kingdra|spe|1\n|\n|-weather|RainDance|[upkeep]\n|-damage|p2a: Kingdra|76\/100 psn|[from] psn\n|upkeep\n|turn|17\n|\n|t:|1700855863\n|-terastallize|p2a: Kingdra|Water\n|move|p2a: Kingdra|Liquidation|p1a: Crunchy\n|-supereffective|p1a: Crunchy\n|-damage|p1a: Crunchy|0 fnt\n|faint|p1a: Crunchy\n|-damage|p2a: Kingdra|66\/100 psn|[from] item: Life Orb\n|\n|-weather|RainDance|[upkeep]\n|-damage|p2a: Kingdra|53\/100 psn|[from] psn\n|upkeep\n|\n|t:|1700855866\n|switch|p1a: Clown Jr|Pawmot, M|100\/100\n|turn|18\n|\n|t:|1700855869\n|move|p2a: Kingdra|Liquidation|p1a: Clown Jr\n|-damage|p1a: Clown Jr|0 fnt\n|faint|p1a: Clown Jr\n|-damage|p2a: Kingdra|43\/100 psn|[from] item: Life Orb\n|\n|-weather|RainDance|[upkeep]\n|-damage|p2a: Kingdra|31\/100 psn|[from] psn\n|upkeep\n|\n|t:|1700855871\n|switch|p1a: Charizard|Charizard-Mega-Y, F|98\/100\n|-weather|SunnyDay|[from] ability: Drought|[of] p1a: Charizard\n|turn|19\n|\n|t:|1700855875\n|move|p2a: Kingdra|Liquidation|p1a: Charizard\n|-supereffective|p1a: Charizard\n|-damage|p1a: Charizard|0 fnt\n|faint|p1a: Charizard\n|-damage|p2a: Kingdra|21\/100 psn|[from] item: Life Orb\n|\n|win|PaleSwordsman_666\n|raw|shimdom's rating: 1316 &rarr; <strong>1294<\/strong><br \/>(-22 for losing)\n|raw|PaleSwordsman_666's rating: 1284 &rarr; <strong>1311<\/strong><br \/>(+27 for winning)\n|l|\u2606shimdom\n","uploadtime":1700855883,"views":2,"p1id":"shimdom","p2id":"paleswordsman666","formatid":"gen9nationaldex","rating":1294,"private":0,"password":""}