{"id":"gen9nationaldex-1992460072","p1":"MMQZA7","p2":"wwaaa","format":"[Gen 9] National Dex","log":"|j|\u2606MMQZA7\n|j|\u2606wwaaa\n|t:|1700190242\n|gametype|singles\n|player|p1|MMQZA7|169|1586\n|player|p2|wwaaa|lillie-masters|1559\n|teamsize|p1|6\n|teamsize|p2|6\n|gen|9\n|tier|[Gen 9] National Dex\n|rated|\n|rule|HP Percentage Mod: HP is shown in percentages\n|rule|Endless Battle Clause: Forcing endless battles is banned\n|rule|OHKO Clause: OHKO moves are banned\n|rule|Evasion Clause: Evasion abilities, items, and moves are banned\n|rule|Evasion Abilities Clause: Evasion abilities are banned\n|rule|Evasion Items Clause: Evasion items are banned\n|rule|Evasion Moves Clause: Evasion moves are banned\n|rule|Species Clause: Limit one of each Pok\u00e9mon\n|rule|Sleep Clause Mod: Limit one foe put to sleep\n|clearpoke\n|poke|p1|Swellow, M|\n|poke|p1|Lopunny, M|\n|poke|p1|Garchomp, M|\n|poke|p1|Corviknight, F|\n|poke|p1|Clodsire, F|\n|poke|p1|Ogerpon-Cornerstone, F|\n|poke|p2|Weavile, F|\n|poke|p2|Zamazenta-*|\n|poke|p2|Banette, M|\n|poke|p2|Dragonite, M|\n|poke|p2|Slowking-Galar, M|\n|poke|p2|Ferrothorn, M|\n|teampreview\n|\n|t:|1700190263\n|start\n|switch|p1a: Lopunny|Lopunny, M|100\/100\n|switch|p2a: Banette|Banette, M|100\/100\n|-item|p1a: Lopunny|Lopunnite|[from] ability: Frisk|[of] p2a: Banette|[identify]\n|turn|1\n|\n|t:|1700190272\n|detailschange|p1a: Lopunny|Lopunny-Mega, M\n|-mega|p1a: Lopunny|Lopunny|Lopunnite\n|detailschange|p2a: Banette|Banette-Mega, M\n|-mega|p2a: Banette|Banette|Banettite\n|move|p1a: Lopunny|Fake Out|p2a: Banette\n|-damage|p2a: Banette|70\/100\n|cant|p2a: Banette|flinch\n|\n|upkeep\n|turn|2\n|l|\u2606MMQZA7\n|player|p1|\n|j|\u2606MMQZA7\n|player|p1|MMQZA7|169\n|\n|t:|1700190329\n|switch|p1a: Garchomp|Garchomp, M|100\/100\n|move|p2a: Banette|Destiny Bond|p2a: Banette\n|-singlemove|p2a: Banette|Destiny Bond\n|\n|upkeep\n|turn|3\n|\n|t:|1700190337\n|move|p1a: Garchomp|Earthquake|p2a: Banette\n|-damage|p2a: Banette|0 fnt\n|faint|p2a: Banette\n|-activate|p2a: Banette|move: Destiny Bond\n|faint|p1a: Garchomp\n|\n|upkeep\n|\n|t:|1700190346\n|switch|p1a: Lopunny|Lopunny-Mega, M|100\/100\n|switch|p2a: Slowking|Slowking-Galar, M|100\/100\n|turn|4\n|\n|t:|1700190354\n|move|p1a: Lopunny|Fake Out|p2a: Slowking\n|-damage|p2a: Slowking|77\/100\n|cant|p2a: Slowking|flinch\n|\n|upkeep\n|turn|5\n|\n|t:|1700190373\n|move|p1a: Lopunny|U-turn|p2a: Slowking\n|-damage|p2a: Slowking|50\/100\n|\n|t:|1700190380\n|switch|p1a: Corviknight|Corviknight, F|100\/100|[from] U-turn\n|-ability|p1a: Corviknight|Pressure\n|move|p2a: Slowking|Future Sight|p1a: Corviknight\n|-start|p2a: Slowking|move: Future Sight\n|\n|upkeep\n|turn|6\n|\n|t:|1700190384\n|move|p1a: Corviknight|U-turn|p2a: Slowking\n|-damage|p2a: Slowking|35\/100\n|\n|t:|1700190393\n|switch|p1a: Lopunny|Lopunny-Mega, M|100\/100|[from] U-turn\n|move|p2a: Slowking|Chilly Reception|p2a: Slowking\n|-weather|Snow\n|l|\u2606MMQZA7\n|player|p1|\n|\n|t:|1700190433\n|switch|p2a: Weavile|Weavile, F|100\/100|[from] Chilly Reception\n|-ability|p2a: Weavile|Pressure\n|\n|-weather|Snow|[upkeep]\n|upkeep\n|turn|7\n|j|\u2606MMQZA7\n|player|p1|MMQZA7|169\n|\n|t:|1700190441\n|move|p1a: Lopunny|U-turn|p2a: Weavile\n|-supereffective|p2a: Weavile\n|-crit|p2a: Weavile\n|-damage|p2a: Weavile|10\/100\n|\n|t:|1700190444\n|switch|p1a: Corviknight|Corviknight, F|100\/100|[from] U-turn\n|-ability|p1a: Corviknight|Pressure\n|move|p2a: Weavile|Knock Off|p1a: Corviknight\n|-damage|p1a: Corviknight|59\/100\n|-damage|p2a: Weavile|0 fnt|[from] item: Rocky Helmet|[of] p1a: Corviknight\n|faint|p2a: Weavile\n|\n|-weather|Snow|[upkeep]\n|-end|p1a: Corviknight|move: Future Sight\n|-resisted|p1a: Corviknight\n|-damage|p1a: Corviknight|38\/100\n|upkeep\n|\n|t:|1700190469\n|switch|p2a: Zamazenta|Zamazenta|100\/100\n|-ability|p2a: Zamazenta|Dauntless Shield|boost\n|-boost|p2a: Zamazenta|def|1\n|turn|8\n|\n|t:|1700190490\n|move|p2a: Zamazenta|Iron Defense|p2a: Zamazenta\n|-boost|p2a: Zamazenta|def|2\n|move|p1a: Corviknight|U-turn|p2a: Zamazenta\n|-resisted|p2a: Zamazenta\n|-damage|p2a: Zamazenta|98\/100\n|\n|t:|1700190495\n|switch|p1a: Clodsire|Clodsire, F|100\/100|[from] U-turn\n|\n|-weather|Snow|[upkeep]\n|upkeep\n|turn|9\n|\n|t:|1700190505\n|move|p2a: Zamazenta|Iron Defense|p2a: Zamazenta\n|-boost|p2a: Zamazenta|def|2\n|move|p1a: Clodsire|Toxic|p2a: Zamazenta\n|-status|p2a: Zamazenta|tox\n|\n|-weather|Snow|[upkeep]\n|-damage|p2a: Zamazenta|92\/100 tox|[from] psn\n|upkeep\n|turn|10\n|\n|t:|1700190518\n|move|p2a: Zamazenta|Body Press|p1a: Clodsire\n|-resisted|p1a: Clodsire\n|-damage|p1a: Clodsire|82\/100\n|move|p1a: Clodsire|Recover|p1a: Clodsire\n|-heal|p1a: Clodsire|100\/100\n|\n|-weather|none\n|-damage|p2a: Zamazenta|80\/100 tox|[from] psn\n|upkeep\n|turn|11\n|\n|t:|1700190525\n|move|p2a: Zamazenta|Iron Defense|p2a: Zamazenta\n|-boost|p2a: Zamazenta|def|1\n|move|p1a: Clodsire|Stealth Rock|p2a: Zamazenta\n|-sidestart|p2: wwaaa|move: Stealth Rock\n|\n|-damage|p2a: Zamazenta|61\/100 tox|[from] psn\n|upkeep\n|turn|12\n|\n|t:|1700190530\n|move|p2a: Zamazenta|Body Press|p1a: Clodsire\n|-resisted|p1a: Clodsire\n|-damage|p1a: Clodsire|83\/100\n|move|p1a: Clodsire|Recover|p1a: Clodsire\n|-heal|p1a: Clodsire|100\/100\n|\n|-damage|p2a: Zamazenta|36\/100 tox|[from] psn\n|upkeep\n|turn|13\n|\n|t:|1700190535\n|move|p2a: Zamazenta|Rest|p2a: Zamazenta\n|-status|p2a: Zamazenta|slp|[from] move: Rest\n|-heal|p2a: Zamazenta|100\/100 slp|[silent]\n|-enditem|p2a: Zamazenta|Chesto Berry|[eat]\n|-curestatus|p2a: Zamazenta|slp|[msg]\n|move|p1a: Clodsire|Toxic|p2a: Zamazenta\n|-status|p2a: Zamazenta|tox\n|\n|-damage|p2a: Zamazenta|94\/100 tox|[from] psn\n|upkeep\n|turn|14\n|\n|t:|1700190550\n|switch|p2a: Ferrothorn|Ferrothorn, M|100\/100\n|-damage|p2a: Ferrothorn|94\/100|[from] Stealth Rock\n|move|p1a: Clodsire|Earthquake|p2a: Ferrothorn\n|-damage|p2a: Ferrothorn|75\/100\n|\n|-heal|p2a: Ferrothorn|81\/100|[from] item: Leftovers\n|upkeep\n|turn|15\n|\n|t:|1700190556\n|switch|p1a: Corviknight|Corviknight, F|38\/100\n|-ability|p1a: Corviknight|Pressure\n|move|p2a: Ferrothorn|Leech Seed|p1a: Corviknight\n|-start|p1a: Corviknight|move: Leech Seed\n|\n|-heal|p2a: Ferrothorn|88\/100|[from] item: Leftovers\n|-damage|p1a: Corviknight|25\/100|[from] Leech Seed|[of] p2a: Ferrothorn\n|-heal|p2a: Ferrothorn|100\/100|[silent]\n|upkeep\n|turn|16\n|\n|t:|1700190560\n|move|p1a: Corviknight|Roost|p1a: Corviknight\n|-heal|p1a: Corviknight|75\/100\n|-singleturn|p1a: Corviknight|move: Roost\n|move|p2a: Ferrothorn|Stealth Rock|p1a: Corviknight\n|-sidestart|p1: MMQZA7|move: Stealth Rock\n|\n|-damage|p1a: Corviknight|63\/100|[from] Leech Seed|[of] p2a: Ferrothorn\n|upkeep\n|turn|17\n|\n|t:|1700190572\n|move|p1a: Corviknight|Roost|p1a: Corviknight\n|-heal|p1a: Corviknight|100\/100\n|-singleturn|p1a: Corviknight|move: Roost\n|move|p2a: Ferrothorn|Leech Seed||[still]\n|-fail|p2a: Ferrothorn\n|\n|-damage|p1a: Corviknight|88\/100|[from] Leech Seed|[of] p2a: Ferrothorn\n|upkeep\n|turn|18\n|\n|t:|1700190581\n|move|p1a: Corviknight|Defog|p2a: Ferrothorn\n|-unboost|p2a: Ferrothorn|evasion|1\n|-sideend|p2: wwaaa|Stealth Rock|[from] move: Defog|[of] p1a: Corviknight\n|-sideend|p1: MMQZA7|Stealth Rock|[from] move: Defog|[of] p1a: Corviknight\n|move|p2a: Ferrothorn|Gyro Ball|p1a: Corviknight\n|-resisted|p1a: Corviknight\n|-damage|p1a: Corviknight|79\/100\n|-damage|p2a: Ferrothorn|84\/100|[from] item: Rocky Helmet|[of] p1a: Corviknight\n|\n|-heal|p2a: Ferrothorn|90\/100|[from] item: Leftovers\n|-damage|p1a: Corviknight|66\/100|[from] Leech Seed|[of] p2a: Ferrothorn\n|-heal|p2a: Ferrothorn|100\/100|[silent]\n|upkeep\n|turn|19\n|\n|t:|1700190595\n|move|p1a: Corviknight|Body Press|p2a: Ferrothorn\n|-supereffective|p2a: Ferrothorn\n|-crit|p2a: Ferrothorn\n|-damage|p2a: Ferrothorn|50\/100\n|-damage|p1a: Corviknight|54\/100|[from] ability: Iron Barbs|[of] p2a: Ferrothorn\n|move|p2a: Ferrothorn|Stealth Rock|p1a: Corviknight\n|-sidestart|p1: MMQZA7|move: Stealth Rock\n|\n|-heal|p2a: Ferrothorn|56\/100|[from] item: Leftovers\n|-damage|p1a: Corviknight|42\/100|[from] Leech Seed|[of] p2a: Ferrothorn\n|-heal|p2a: Ferrothorn|70\/100|[silent]\n|upkeep\n|turn|20\n|\n|t:|1700190605\n|move|p1a: Corviknight|Roost|p1a: Corviknight\n|-heal|p1a: Corviknight|92\/100\n|-singleturn|p1a: Corviknight|move: Roost\n|move|p2a: Ferrothorn|Gyro Ball|p1a: Corviknight\n|-resisted|p1a: Corviknight\n|-damage|p1a: Corviknight|82\/100\n|-damage|p2a: Ferrothorn|54\/100|[from] item: Rocky Helmet|[of] p1a: Corviknight\n|\n|-heal|p2a: Ferrothorn|60\/100|[from] item: Leftovers\n|-damage|p1a: Corviknight|70\/100|[from] Leech Seed|[of] p2a: Ferrothorn\n|-heal|p2a: Ferrothorn|74\/100|[silent]\n|upkeep\n|turn|21\n|\n|t:|1700190617\n|move|p1a: Corviknight|Defog|p2a: Ferrothorn\n|-unboost|p2a: Ferrothorn|evasion|1\n|-sideend|p1: MMQZA7|Stealth Rock|[from] move: Defog|[of] p1a: Corviknight\n|move|p2a: Ferrothorn|Stealth Rock|p1a: Corviknight\n|-sidestart|p1: MMQZA7|move: Stealth Rock\n|\n|-heal|p2a: Ferrothorn|80\/100|[from] item: Leftovers\n|-damage|p1a: Corviknight|58\/100|[from] Leech Seed|[of] p2a: Ferrothorn\n|-heal|p2a: Ferrothorn|94\/100|[silent]\n|upkeep\n|turn|22\n|\n|t:|1700190638\n|switch|p2a: Dragonite|Dragonite, M|100\/100\n|move|p1a: Corviknight|Roost|p1a: Corviknight\n|-heal|p1a: Corviknight|100\/100\n|-singleturn|p1a: Corviknight|move: Roost\n|\n|-damage|p1a: Corviknight|88\/100|[from] Leech Seed|[of] p2a: Dragonite\n|upkeep\n|turn|23\n|\n|t:|1700190645\n|move|p2a: Dragonite|Dragon Dance|p2a: Dragonite\n|-boost|p2a: Dragonite|atk|1\n|-boost|p2a: Dragonite|spe|1\n|move|p1a: Corviknight|U-turn|p2a: Dragonite\n|-resisted|p2a: Dragonite\n|-damage|p2a: Dragonite|96\/100\n|l|\u2606MMQZA7\n|player|p1|\n|j|\u2606MMQZA7\n|player|p1|MMQZA7|169\n|l|\u2606MMQZA7\n|player|p1|\n|j|\u2606MMQZA7\n|player|p1|MMQZA7|169\n|\n|t:|1700190714\n|switch|p1a: Lopunny|Lopunny-Mega, M|100\/100|[from] U-turn\n|-damage|p1a: Lopunny|95\/100|[from] Stealth Rock\n|\n|upkeep\n|turn|24\n|\n|t:|1700190721\n|move|p1a: Lopunny|Fake Out|p2a: Dragonite\n|-damage|p2a: Dragonite|75\/100\n|cant|p2a: Dragonite|flinch\n|\n|upkeep\n|turn|25\n|\n|t:|1700190729\n|switch|p1a: Corviknight|Corviknight, F|88\/100\n|-damage|p1a: Corviknight|76\/100|[from] Stealth Rock\n|-ability|p1a: Corviknight|Pressure\n|move|p2a: Dragonite|Extreme Speed|p1a: Corviknight\n|-resisted|p1a: Corviknight\n|-damage|p1a: Corviknight|61\/100\n|-damage|p2a: Dragonite|58\/100|[from] item: Rocky Helmet|[of] p1a: Corviknight\n|\n|upkeep\n|turn|26\n|\n|t:|1700190739\n|move|p2a: Dragonite|Dragon Dance|p2a: Dragonite\n|-boost|p2a: Dragonite|atk|1\n|-boost|p2a: Dragonite|spe|1\n|move|p1a: Corviknight|Defog|p2a: Dragonite\n|-unboost|p2a: Dragonite|evasion|1\n|-sideend|p1: MMQZA7|Stealth Rock|[from] move: Defog|[of] p1a: Corviknight\n|\n|upkeep\n|turn|27\n|\n|t:|1700190747\n|move|p2a: Dragonite|Dragon Dance|p2a: Dragonite\n|-boost|p2a: Dragonite|atk|1\n|-boost|p2a: Dragonite|spe|1\n|move|p1a: Corviknight|U-turn|p2a: Dragonite\n|-resisted|p2a: Dragonite\n|-damage|p2a: Dragonite|50\/100\n|\n|t:|1700190751\n|switch|p1a: Ogerpon|Ogerpon-Cornerstone, F|100\/100|[from] U-turn\n|\n|upkeep\n|turn|28\n|\n|t:|1700190757\n|move|p2a: Dragonite|Earthquake|p1a: Ogerpon\n|-ability|p1a: Ogerpon|Sturdy\n|-damage|p1a: Ogerpon|1\/100\n|move|p1a: Ogerpon|Ivy Cudgel|p2a: Dragonite|[anim] Ivy Cudgel Rock\n|-supereffective|p2a: Dragonite\n|-damage|p2a: Dragonite|0 fnt\n|faint|p2a: Dragonite\n|\n|upkeep\n|\n|t:|1700190764\n|switch|p2a: Zamazenta|Zamazenta|94\/100 tox\n|turn|29\n|\n|t:|1700190774\n|move|p2a: Zamazenta|Body Press|p1a: Ogerpon\n|-supereffective|p1a: Ogerpon\n|-damage|p1a: Ogerpon|0 fnt\n|faint|p1a: Ogerpon\n|\n|-damage|p2a: Zamazenta|88\/100 tox|[from] psn\n|upkeep\n|l|\u2606MMQZA7\n|player|p1|\n|j|\u2606MMQZA7\n|player|p1|MMQZA7|169\n|\n|t:|1700190814\n|switch|p1a: Clodsire|Clodsire, F|100\/100\n|turn|30\n|\n|t:|1700190821\n|move|p2a: Zamazenta|Rest|p2a: Zamazenta\n|-status|p2a: Zamazenta|slp|[from] move: Rest\n|-heal|p2a: Zamazenta|100\/100 slp|[silent]\n|move|p1a: Clodsire|Stealth Rock|p2a: Zamazenta\n|-sidestart|p2: wwaaa|move: Stealth Rock\n|\n|upkeep\n|turn|31\n|\n|t:|1700190832\n|switch|p1a: Swellow|Swellow, M|100\/100\n|cant|p2a: Zamazenta|slp\n|\n|upkeep\n|turn|32\n|\n|t:|1700190844\n|switch|p2a: Slowking|Slowking-Galar, M|68\/100\n|-terastallize|p1a: Swellow|Normal\n|move|p1a: Swellow|Boomburst|p2a: Slowking\n|-damage|p2a: Slowking|10\/100\n|\n|upkeep\n|turn|33\n|\n|t:|1700190850\n|move|p1a: Swellow|Boomburst|p2a: Slowking\n|-damage|p2a: Slowking|0 fnt\n|faint|p2a: Slowking\n|\n|upkeep\n|\n|t:|1700190856\n|switch|p2a: Ferrothorn|Ferrothorn, M|94\/100\n|-damage|p2a: Ferrothorn|88\/100|[from] Stealth Rock\n|turn|34\n|\n|t:|1700190872\n|switch|p1a: Lopunny|Lopunny-Mega, M|95\/100\n|move|p2a: Ferrothorn|Gyro Ball|p1a: Lopunny\n|-damage|p1a: Lopunny|32\/100\n|\n|-heal|p2a: Ferrothorn|94\/100|[from] item: Leftovers\n|upkeep\n|turn|35\n|\n|t:|1700190885\n|-terastallize|p2a: Ferrothorn|Ghost\n|move|p1a: Lopunny|Close Combat|p2a: Ferrothorn\n|-damage|p2a: Ferrothorn|49\/100\n|-unboost|p1a: Lopunny|def|1\n|-unboost|p1a: Lopunny|spd|1\n|-damage|p1a: Lopunny|20\/100|[from] ability: Iron Barbs|[of] p2a: Ferrothorn\n|move|p2a: Ferrothorn|Gyro Ball|p1a: Lopunny\n|-damage|p1a: Lopunny|0 fnt\n|faint|p1a: Lopunny\n|\n|-heal|p2a: Ferrothorn|56\/100|[from] item: Leftovers\n|upkeep\n|\n|t:|1700190893\n|switch|p1a: Swellow|Swellow, M, tera:Normal|100\/100\n|turn|36\n|\n|t:|1700190896\n|move|p1a: Swellow|Boomburst|p2a: Ferrothorn\n|-damage|p2a: Ferrothorn|0 fnt\n|faint|p2a: Ferrothorn\n|\n|upkeep\n|\n|t:|1700190898\n|switch|p2a: Zamazenta|Zamazenta|100\/100 slp\n|-damage|p2a: Zamazenta|94\/100 slp|[from] Stealth Rock\n|turn|37\n|\n|t:|1700190902\n|cant|p2a: Zamazenta|slp\n|move|p1a: Swellow|Boomburst|p2a: Zamazenta\n|-damage|p2a: Zamazenta|15\/100 slp\n|\n|upkeep\n|turn|38\n|\n|t:|1700190907\n|-curestatus|p2a: Zamazenta|slp|[msg]\n|move|p2a: Zamazenta|Body Press|p1a: Swellow\n|-supereffective|p1a: Swellow\n|-damage|p1a: Swellow|0 fnt\n|faint|p1a: Swellow\n|\n|upkeep\n|\n|t:|1700190914\n|switch|p1a: Clodsire|Clodsire, F|100\/100\n|turn|39\n|\n|t:|1700190918\n|move|p2a: Zamazenta|Rest|p2a: Zamazenta\n|-status|p2a: Zamazenta|slp|[from] move: Rest\n|-heal|p2a: Zamazenta|100\/100 slp|[silent]\n|move|p1a: Clodsire|Toxic||[still]\n|-fail|p1a: Clodsire\n|\n|upkeep\n|turn|40\n|\n|t:|1700190922\n|cant|p2a: Zamazenta|slp\n|move|p1a: Clodsire|Earthquake|p2a: Zamazenta\n|-damage|p2a: Zamazenta|82\/100 slp\n|\n|upkeep\n|turn|41\n|\n|t:|1700190930\n|cant|p2a: Zamazenta|slp\n|move|p1a: Clodsire|Earthquake|p2a: Zamazenta\n|-damage|p2a: Zamazenta|60\/100 slp\n|\n|upkeep\n|turn|42\n|\n|t:|1700190941\n|-curestatus|p2a: Zamazenta|slp|[msg]\n|move|p2a: Zamazenta|Iron Defense|p2a: Zamazenta\n|-boost|p2a: Zamazenta|def|2\n|move|p1a: Clodsire|Toxic|p2a: Zamazenta\n|-status|p2a: Zamazenta|tox\n|\n|-damage|p2a: Zamazenta|54\/100 tox|[from] psn\n|upkeep\n|turn|43\n|\n|t:|1700190948\n|move|p2a: Zamazenta|Iron Defense|p2a: Zamazenta\n|-boost|p2a: Zamazenta|def|2\n|move|p1a: Clodsire|Earthquake|p2a: Zamazenta\n|-damage|p2a: Zamazenta|33\/100 tox\n|\n|-damage|p2a: Zamazenta|20\/100 tox|[from] psn\n|upkeep\n|turn|44\n|\n|t:|1700190955\n|move|p2a: Zamazenta|Rest|p2a: Zamazenta\n|-status|p2a: Zamazenta|slp|[from] move: Rest\n|-heal|p2a: Zamazenta|100\/100 slp|[silent]\n|move|p1a: Clodsire|Stealth Rock||[still]\n|-fail|p1a: Clodsire\n|\n|upkeep\n|turn|45\n|\n|t:|1700190963\n|cant|p2a: Zamazenta|slp\n|move|p1a: Clodsire|Stealth Rock||[still]\n|-fail|p1a: Clodsire\n|\n|upkeep\n|turn|46\n|\n|t:|1700190967\n|cant|p2a: Zamazenta|slp\n|move|p1a: Clodsire|Stealth Rock||[still]\n|-fail|p1a: Clodsire\n|\n|upkeep\n|turn|47\n|\n|t:|1700190981\n|-curestatus|p2a: Zamazenta|slp|[msg]\n|move|p2a: Zamazenta|Body Press|p1a: Clodsire\n|-resisted|p1a: Clodsire\n|-damage|p1a: Clodsire|81\/100\n|move|p1a: Clodsire|Toxic|p2a: Zamazenta\n|-status|p2a: Zamazenta|tox\n|\n|-heal|p1a: Clodsire|87\/100|[from] item: Leftovers\n|-damage|p2a: Zamazenta|94\/100 tox|[from] psn\n|upkeep\n|turn|48\n|\n|t:|1700190988\n|move|p2a: Zamazenta|Body Press|p1a: Clodsire\n|-resisted|p1a: Clodsire\n|-damage|p1a: Clodsire|70\/100\n|move|p1a: Clodsire|Earthquake|p2a: Zamazenta\n|-damage|p2a: Zamazenta|74\/100 tox\n|\n|-heal|p1a: Clodsire|76\/100|[from] item: Leftovers\n|-damage|p2a: Zamazenta|61\/100 tox|[from] psn\n|upkeep\n|turn|49\n|\n|t:|1700190995\n|move|p2a: Zamazenta|Iron Defense|p2a: Zamazenta\n|-boost|p2a: Zamazenta|def|2\n|move|p1a: Clodsire|Earthquake|p2a: Zamazenta\n|-damage|p2a: Zamazenta|40\/100 tox\n|\n|-heal|p1a: Clodsire|83\/100|[from] item: Leftovers\n|-damage|p2a: Zamazenta|22\/100 tox|[from] psn\n|upkeep\n|turn|50\n|\n|t:|1700190999\n|move|p2a: Zamazenta|Rest|p2a: Zamazenta\n|-status|p2a: Zamazenta|slp|[from] move: Rest\n|-heal|p2a: Zamazenta|100\/100 slp|[silent]\n|move|p1a: Clodsire|Stealth Rock||[still]\n|-fail|p1a: Clodsire\n|\n|-heal|p1a: Clodsire|89\/100|[from] item: Leftovers\n|upkeep\n|turn|51\n|\n|t:|1700191006\n|cant|p2a: Zamazenta|slp\n|move|p1a: Clodsire|Stealth Rock||[still]\n|-fail|p1a: Clodsire\n|\n|-heal|p1a: Clodsire|95\/100|[from] item: Leftovers\n|upkeep\n|turn|52\n|\n|t:|1700191009\n|cant|p2a: Zamazenta|slp\n|move|p1a: Clodsire|Toxic||[still]\n|-fail|p1a: Clodsire\n|\n|-heal|p1a: Clodsire|100\/100|[from] item: Leftovers\n|upkeep\n|turn|53\n|c|\u2606MMQZA7|\u4f60pp\u4e0d\u591f\u7684\n|\n|t:|1700191020\n|-curestatus|p2a: Zamazenta|slp|[msg]\n|move|p2a: Zamazenta|Body Press|p1a: Clodsire\n|-resisted|p1a: Clodsire\n|-damage|p1a: Clodsire|82\/100\n|move|p1a: Clodsire|Toxic|p2a: Zamazenta\n|-status|p2a: Zamazenta|tox\n|\n|-heal|p1a: Clodsire|89\/100|[from] item: Leftovers\n|-damage|p2a: Zamazenta|94\/100 tox|[from] psn\n|upkeep\n|turn|54\n|\n|t:|1700191026\n|move|p2a: Zamazenta|Body Press|p1a: Clodsire\n|-resisted|p1a: Clodsire\n|-damage|p1a: Clodsire|71\/100\n|move|p1a: Clodsire|Earthquake|p2a: Zamazenta\n|-damage|p2a: Zamazenta|74\/100 tox\n|\n|-heal|p1a: Clodsire|77\/100|[from] item: Leftovers\n|-damage|p2a: Zamazenta|62\/100 tox|[from] psn\n|upkeep\n|turn|55\n|\n|t:|1700191040\n|move|p2a: Zamazenta|Body Press|p1a: Clodsire\n|-resisted|p1a: Clodsire\n|-damage|p1a: Clodsire|58\/100\n|move|p1a: Clodsire|Earthquake|p2a: Zamazenta\n|-damage|p2a: Zamazenta|42\/100 tox\n|\n|-heal|p1a: Clodsire|65\/100|[from] item: Leftovers\n|-damage|p2a: Zamazenta|24\/100 tox|[from] psn\n|upkeep\n|turn|56\n|-message|wwaaa forfeited.\n|\n|win|MMQZA7\n|raw|MMQZA7's rating: 1586 &rarr; <strong>1604<\/strong><br \/>(+18 for winning)\n|raw|wwaaa's rating: 1559 &rarr; <strong>1541<\/strong><br \/>(-18 for losing)\n|l|\u2606wwaaa\n|l|\u2606MMQZA7\n|j|\u2606MMQZA7\n|player|p1|MMQZA7|169\n","uploadtime":1700191061,"views":4,"p1id":"mmqza7","p2id":"wwaaa","formatid":"gen9nationaldex","rating":1541,"private":0,"password":""}