{"id":"gen9nationaldex-1995003462","p1":"FeioNando","p2":"McLouva","format":"[Gen 9] National Dex","log":"|html|<div class=\"broadcast-blue\"><strong>[Gen 9] National Dex is currently suspecting Sneasler! For information on how to participate check out the <a href=\"https:\/\/www.smogon.com\/forums\/threads\/sv-national-dex-suspect-8-just-dance.3731534\/\">suspect thread<\/a>.<\/strong><\/div>\n|j|\u2606FeioNando\n|j|\u2606McLouva\n|t:|1700512410\n|gametype|singles\n|player|p1|FeioNando|serena-anime|\n|player|p2|McLouva|steven|\n|teamsize|p1|6\n|teamsize|p2|6\n|gen|9\n|tier|[Gen 9] National Dex\n|rule|HP Percentage Mod: HP is shown in percentages\n|rule|Endless Battle Clause: Forcing endless battles is banned\n|rule|OHKO Clause: OHKO moves are banned\n|rule|Evasion Clause: Evasion abilities, items, and moves are banned\n|rule|Evasion Abilities Clause: Evasion abilities are banned\n|rule|Evasion Items Clause: Evasion items are banned\n|rule|Evasion Moves Clause: Evasion moves are banned\n|rule|Species Clause: Limit one of each Pok\u00e9mon\n|rule|Sleep Clause Mod: Limit one foe put to sleep\n|clearpoke\n|poke|p1|Salazzle, F|\n|poke|p1|Emboar, M|\n|poke|p1|Talonflame, M|\n|poke|p1|Darmanitan, M|\n|poke|p1|Rapidash, F|\n|poke|p1|Turtonator, M|\n|poke|p2|Combusken, F|\n|poke|p2|Coalossal, F|\n|poke|p2|Cinderace, M|\n|poke|p2|Turtonator, M|\n|poke|p2|Camerupt, M|\n|poke|p2|Volcarona, F|\n|teampreview\n|c|\u2606FeioNando|boa sortxe\n|c|\u2606McLouva|Boa batalha\n|\n|t:|1700512440\n|start\n|switch|p1a: Salazzle|Salazzle, F|100\/100\n|switch|p2a: Betty|Coalossal, F|100\/100\n|turn|1\n|\n|t:|1700512451\n|move|p1a: Salazzle|Substitute|p1a: Salazzle\n|-start|p1a: Salazzle|Substitute\n|-damage|p1a: Salazzle|76\/100\n|move|p2a: Betty|Stealth Rock|p1a: Salazzle\n|-sidestart|p1: FeioNando|move: Stealth Rock\n|\n|-heal|p1a: Salazzle|82\/100|[from] item: Black Sludge\n|upkeep\n|turn|2\n|\n|t:|1700512465\n|move|p1a: Salazzle|Toxic|p2a: Betty\n|-status|p2a: Betty|tox\n|move|p2a: Betty|Earthquake|p1a: Salazzle\n|-supereffective|p1a: Salazzle\n|-end|p1a: Salazzle|Substitute\n|\n|-heal|p1a: Salazzle|88\/100|[from] item: Black Sludge\n|-damage|p2a: Betty|94\/100 tox|[from] psn\n|upkeep\n|turn|3\n|\n|t:|1700512493\n|switch|p2a: Abigail|Volcarona, F|100\/100\n|move|p1a: Salazzle|Protect||[still]\n|-fail|p1a: Salazzle\n|\n|-heal|p1a: Salazzle|94\/100|[from] item: Black Sludge\n|upkeep\n|turn|4\n|\n|t:|1700512509\n|move|p1a: Salazzle|Substitute|p1a: Salazzle\n|-start|p1a: Salazzle|Substitute\n|-damage|p1a: Salazzle|70\/100\n|move|p2a: Abigail|Quiver Dance|p2a: Abigail\n|-boost|p2a: Abigail|spa|1\n|-boost|p2a: Abigail|spd|1\n|-boost|p2a: Abigail|spe|1\n|\n|-heal|p1a: Salazzle|76\/100|[from] item: Black Sludge\n|upkeep\n|turn|5\n|\n|t:|1700512524\n|move|p2a: Abigail|Hidden Power|p1a: Salazzle\n|-supereffective|p1a: Salazzle\n|-end|p1a: Salazzle|Substitute\n|move|p1a: Salazzle|Toxic|p2a: Abigail\n|-status|p2a: Abigail|tox\n|\n|-heal|p1a: Salazzle|82\/100|[from] item: Black Sludge\n|-damage|p2a: Abigail|94\/100 tox|[from] psn\n|upkeep\n|turn|6\n|\n|t:|1700512537\n|move|p1a: Salazzle|Protect|p1a: Salazzle\n|-singleturn|p1a: Salazzle|Protect\n|move|p2a: Abigail|Hidden Power|p1a: Salazzle\n|-activate|p1a: Salazzle|move: Protect\n|\n|-heal|p1a: Salazzle|88\/100|[from] item: Black Sludge\n|-damage|p2a: Abigail|82\/100 tox|[from] psn\n|upkeep\n|turn|7\n|\n|t:|1700512549\n|move|p2a: Abigail|Hidden Power|p1a: Salazzle\n|-supereffective|p1a: Salazzle\n|-damage|p1a: Salazzle|0 fnt\n|faint|p1a: Salazzle\n|\n|-damage|p2a: Abigail|64\/100 tox|[from] psn\n|upkeep\n|\n|t:|1700512554\n|switch|p1a: Turtonator|Turtonator, M|100\/100\n|turn|8\n|\n|t:|1700512562\n|move|p2a: Abigail|Hidden Power|p1a: Turtonator\n|-damage|p1a: Turtonator|50\/100\n|move|p1a: Turtonator|Rapid Spin|p2a: Abigail\n|-damage|p2a: Abigail|50\/100 tox\n|-boost|p1a: Turtonator|spe|1\n|-sideend|p1: FeioNando|Stealth Rock|[from] move: Rapid Spin|[of] p1a: Turtonator\n|\n|-damage|p2a: Abigail|25\/100 tox|[from] psn\n|upkeep\n|turn|9\n|\n|t:|1700512574\n|move|p2a: Abigail|Hidden Power|p1a: Turtonator\n|-damage|p1a: Turtonator|1\/100\n|move|p1a: Turtonator|Shell Smash|p1a: Turtonator\n|-unboost|p1a: Turtonator|def|1\n|-unboost|p1a: Turtonator|spd|1\n|-boost|p1a: Turtonator|atk|2\n|-boost|p1a: Turtonator|spa|2\n|-boost|p1a: Turtonator|spe|2\n|\n|-damage|p2a: Abigail|0 fnt|[from] psn\n|faint|p2a: Abigail\n|upkeep\n|\n|t:|1700512611\n|switch|p2a: Drew|Camerupt, M|100\/100\n|turn|10\n|\n|t:|1700512621\n|move|p1a: Turtonator|Scorching Sands|p2a: Drew\n|-supereffective|p2a: Drew\n|-damage|p2a: Drew|38\/100\n|move|p2a: Drew|Earthquake|p1a: Turtonator\n|-supereffective|p1a: Turtonator\n|-damage|p1a: Turtonator|0 fnt\n|faint|p1a: Turtonator\n|\n|upkeep\n|\n|t:|1700512638\n|switch|p1a: Rapidash|Rapidash, F|100\/100\n|turn|11\n|\n|t:|1700512644\n|move|p1a: Rapidash|High Horsepower|p2a: Drew\n|-supereffective|p2a: Drew\n|-damage|p2a: Drew|0 fnt\n|faint|p2a: Drew\n|\n|upkeep\n|\n|t:|1700512675\n|switch|p2a: Tim|Turtonator, M|100\/100\n|turn|12\n|\n|t:|1700512683\n|move|p1a: Rapidash|Hypnosis|p2a: Tim\n|-status|p2a: Tim|slp|[from] move: Hypnosis\n|cant|p2a: Tim|slp\n|\n|upkeep\n|turn|13\n|\n|t:|1700512693\n|switch|p2a: Cornelia|Combusken, F|100\/100\n|move|p1a: Rapidash|High Horsepower|p2a: Cornelia\n|-supereffective|p2a: Cornelia\n|-damage|p2a: Cornelia|55\/100\n|\n|upkeep\n|turn|14\n|\n|t:|1700512703\n|move|p1a: Rapidash|Bounce||[still]\n|-prepare|p1a: Rapidash|Bounce\n|move|p2a: Cornelia|Toxic|p1a: Rapidash|[miss]\n|-miss|p2a: Cornelia|p1a: Rapidash\n|\n|-ability|p2a: Cornelia|Speed Boost|boost\n|-boost|p2a: Cornelia|spe|1\n|upkeep\n|turn|15\n|\n|t:|1700512713\n|move|p2a: Cornelia|Protect|p2a: Cornelia\n|-singleturn|p2a: Cornelia|Protect\n|move|p1a: Rapidash|Bounce|p2a: Cornelia|[from]lockedmove\n|-activate|p2a: Cornelia|move: Protect\n|\n|-ability|p2a: Cornelia|Speed Boost|boost\n|-boost|p2a: Cornelia|spe|1\n|upkeep\n|turn|16\n|\n|t:|1700512725\n|move|p1a: Rapidash|High Horsepower|p2a: Cornelia\n|-supereffective|p2a: Cornelia\n|-damage|p2a: Cornelia|5\/100\n|move|p2a: Cornelia|Toxic|p1a: Rapidash\n|-status|p1a: Rapidash|tox\n|\n|-damage|p1a: Rapidash|95\/100 tox|[from] psn\n|-ability|p2a: Cornelia|Speed Boost|boost\n|-boost|p2a: Cornelia|spe|1\n|upkeep\n|turn|17\n|\n|t:|1700512745\n|-singleturn|p2a: Cornelia|move: Focus Punch\n|move|p1a: Rapidash|Play Rough|p2a: Cornelia\n|-crit|p2a: Cornelia\n|-damage|p2a: Cornelia|0 fnt\n|faint|p2a: Cornelia\n|\n|-damage|p1a: Rapidash|83\/100 tox|[from] psn\n|upkeep\n|\n|t:|1700512759\n|switch|p2a: Betty|Coalossal, F|94\/100 tox\n|turn|18\n|\n|t:|1700512810\n|move|p1a: Rapidash|High Horsepower|p2a: Betty\n|-supereffective|p2a: Betty\n|-damage|p2a: Betty|23\/100 tox\n|move|p2a: Betty|Earthquake|p1a: Rapidash\n|-supereffective|p1a: Rapidash\n|-damage|p1a: Rapidash|0 fnt\n|faint|p1a: Rapidash\n|\n|-damage|p2a: Betty|17\/100 tox|[from] psn\n|upkeep\n|\n|t:|1700512822\n|switch|p1a: Talonflame|Talonflame, M|100\/100\n|turn|19\n|\n|t:|1700512830\n|move|p1a: Talonflame|Tailwind|p1a: Talonflame\n|-sidestart|p1: FeioNando|move: Tailwind\n|move|p2a: Betty|Smack Down|p1a: Talonflame\n|-supereffective|p1a: Talonflame\n|-damage|p1a: Talonflame|4\/100\n|-start|p1a: Talonflame|Smack Down\n|\n|-damage|p2a: Betty|5\/100 tox|[from] psn\n|upkeep\n|turn|20\n|\n|t:|1700512847\n|move|p1a: Talonflame|U-turn|p2a: Betty\n|-resisted|p2a: Betty\n|-damage|p2a: Betty|1\/100 tox\n|\n|t:|1700512850\n|switch|p1a: Emboar|Emboar, M|100\/100|[from] U-turn\n|move|p2a: Betty|Earthquake|p1a: Emboar\n|-supereffective|p1a: Emboar\n|-damage|p1a: Emboar|25\/100\n|\n|-damage|p2a: Betty|0 fnt|[from] psn\n|faint|p2a: Betty\n|upkeep\n|\n|t:|1700512862\n|switch|p2a: Stephen|Cinderace, M|100\/100\n|turn|21\n|\n|t:|1700512882\n|-terastallize|p2a: Stephen|Fire\n|move|p2a: Stephen|Pyro Ball|p1a: Emboar\n|-resisted|p1a: Emboar\n|-damage|p1a: Emboar|0 fnt\n|faint|p1a: Emboar\n|\n|upkeep\n|\n|t:|1700512900\n|switch|p1a: Darmanitan|Darmanitan, M|100\/100\n|turn|22\n|\n|t:|1700512912\n|move|p1a: Darmanitan|Earthquake|p2a: Stephen\n|-supereffective|p2a: Stephen\n|-damage|p2a: Stephen|0 fnt\n|faint|p2a: Stephen\n|\n|-sideend|p1: FeioNando|move: Tailwind\n|upkeep\n|\n|t:|1700512925\n|switch|p2a: Tim|Turtonator, M|100\/100 slp\n|turn|23\n|\n|t:|1700512936\n|move|p1a: Darmanitan|Earthquake|p2a: Tim\n|-supereffective|p2a: Tim\n|-damage|p2a: Tim|0 fnt\n|faint|p2a: Tim\n|\n|win|FeioNando\n|c|\u2606FeioNando|gg\n","uploadtime":1700512944,"views":7,"p1id":"feionando","p2id":"mclouva","formatid":"gen9nationaldex","rating":0,"private":0,"password":""}