{"id":"gen9nationaldex-1989783775","p1":"Z-Bean","p2":"olaeu","format":"[Gen 9] National Dex","log":"|j|\u2606Z-Bean\n|j|\u2606olaeu\n|t:|1699895424\n|gametype|singles\n|player|p1|Z-Bean|crasherwake|1158\n|player|p2|olaeu|102|1258\n|teamsize|p1|6\n|teamsize|p2|6\n|gen|9\n|tier|[Gen 9] National Dex\n|rated|\n|rule|HP Percentage Mod: HP is shown in percentages\n|rule|Endless Battle Clause: Forcing endless battles is banned\n|rule|OHKO Clause: OHKO moves are banned\n|rule|Evasion Clause: Evasion abilities, items, and moves are banned\n|rule|Evasion Abilities Clause: Evasion abilities are banned\n|rule|Evasion Items Clause: Evasion items are banned\n|rule|Evasion Moves Clause: Evasion moves are banned\n|rule|Species Clause: Limit one of each Pok\u00e9mon\n|rule|Sleep Clause Mod: Limit one foe put to sleep\n|clearpoke\n|poke|p1|Golisopod, M|\n|poke|p1|Rotom-Wash|\n|poke|p1|Slowking-Galar, F|\n|poke|p1|Great Tusk|\n|poke|p1|Corviknight, F|\n|poke|p1|Arctozolt|\n|poke|p2|Clefable, M|\n|poke|p2|Medicham, F|\n|poke|p2|Gyarados, F|\n|poke|p2|Alakazam, M|\n|poke|p2|Forretress, F|\n|poke|p2|Accelgor, M|\n|teampreview\n|inactive|Battle timer is ON: inactive players will automatically lose when time's up. (requested by olaeu)\n|\n|t:|1699895433\n|start\n|switch|p1a: Nelly|Slowking-Galar, F|100\/100\n|switch|p2a: Forretress|Forretress, F|100\/100\n|turn|1\n|inactive|olaeu has 120 seconds left.\n|inactive|olaeu has 90 seconds left.\n|\n|t:|1699895506\n|move|p1a: Nelly|Flamethrower|p2a: Forretress\n|-supereffective|p2a: Forretress\n|-ability|p2a: Forretress|Sturdy\n|-damage|p2a: Forretress|1\/100\n|move|p2a: Forretress|Stealth Rock|p1a: Nelly\n|-sidestart|p1: Z-Bean|move: Stealth Rock\n|\n|-heal|p2a: Forretress|7\/100|[from] item: Leftovers\n|upkeep\n|turn|2\n|inactive|olaeu has 60 seconds left.\n|\n|t:|1699895549\n|move|p1a: Nelly|Chilly Reception|p1a: Nelly\n|-weather|Snow\n|\n|t:|1699895561\n|switch|p1a: Botin|Great Tusk|100\/100|[from] Chilly Reception\n|-damage|p1a: Botin|98\/100|[from] Stealth Rock\n|move|p2a: Forretress|Gyro Ball|p1a: Botin\n|-damage|p1a: Botin|78\/100\n|\n|-weather|Snow|[upkeep]\n|-heal|p1a: Botin|84\/100|[from] item: Leftovers\n|-heal|p2a: Forretress|13\/100|[from] item: Leftovers\n|upkeep\n|turn|3\n|inactive|olaeu has 60 seconds left.\n|\n|t:|1699895571\n|move|p1a: Botin|Rapid Spin|p2a: Forretress\n|-resisted|p2a: Forretress\n|-damage|p2a: Forretress|8\/100\n|-boost|p1a: Botin|spe|1\n|-sideend|p1: Z-Bean|Stealth Rock|[from] move: Rapid Spin|[of] p1a: Botin\n|move|p2a: Forretress|Toxic|p1a: Botin\n|-status|p1a: Botin|tox\n|\n|-weather|Snow|[upkeep]\n|-heal|p1a: Botin|91\/100 tox|[from] item: Leftovers\n|-heal|p2a: Forretress|15\/100|[from] item: Leftovers\n|-damage|p1a: Botin|84\/100 tox|[from] psn\n|upkeep\n|turn|4\n|inactive|olaeu has 60 seconds left.\n|\n|t:|1699895581\n|move|p1a: Botin|Close Combat|p2a: Forretress\n|-crit|p2a: Forretress\n|-damage|p2a: Forretress|0 fnt\n|-unboost|p1a: Botin|def|1\n|-unboost|p1a: Botin|spd|1\n|faint|p2a: Forretress\n|\n|-weather|Snow|[upkeep]\n|-heal|p1a: Botin|91\/100 tox|[from] item: Leftovers\n|-damage|p1a: Botin|78\/100 tox|[from] psn\n|upkeep\n|inactive|olaeu has 60 seconds left.\n|\n|t:|1699895594\n|switch|p2a: Clefable|Clefable, M|100\/100\n|turn|5\n|\n|t:|1699895599\n|-end|p1a: Botin|Protosynthesis|[silent]\n|switch|p1a: Mercedes|Rotom-Wash|100\/100\n|move|p2a: Clefable|Wish|p2a: Clefable\n|\n|-weather|Snow|[upkeep]\n|upkeep\n|turn|6\n|\n|t:|1699895609\n|switch|p2a: Alakazam|Alakazam, M|100\/100\n|move|p1a: Mercedes|Trick|p2a: Alakazam\n|-activate|p1a: Mercedes|move: Trick|[of] p2a: Alakazam\n|-item|p2a: Alakazam|Choice Scarf|[from] move: Trick\n|-item|p1a: Mercedes|Salac Berry|[from] move: Trick\n|\n|-weather|none\n|upkeep\n|turn|7\n|\n|t:|1699895620\n|move|p2a: Alakazam|Energy Ball|p1a: Mercedes\n|-supereffective|p1a: Mercedes\n|-damage|p1a: Mercedes|13\/100\n|-enditem|p1a: Mercedes|Salac Berry|[eat]\n|-boost|p1a: Mercedes|spe|1|[from] item: Salac Berry\n|move|p1a: Mercedes|Hydro Pump|p2a: Alakazam\n|-damage|p2a: Alakazam|29\/100\n|\n|upkeep\n|turn|8\n|\n|t:|1699895639\n|switch|p1a: Nelly|Slowking-Galar, F|100\/100\n|move|p2a: Alakazam|Energy Ball|p1a: Nelly\n|-resisted|p1a: Nelly\n|-damage|p1a: Nelly|90\/100\n|\n|-heal|p1a: Nelly|96\/100|[from] item: Leftovers\n|upkeep\n|turn|9\n|inactive|olaeu has 60 seconds left.\n|\n|t:|1699895677\n|switch|p2a: Accelgor|Accelgor, M|100\/100\n|move|p1a: Nelly|Future Sight|p2a: Accelgor\n|-start|p1a: Nelly|move: Future Sight\n|\n|-heal|p1a: Nelly|100\/100|[from] item: Leftovers\n|upkeep\n|turn|10\n|\n|t:|1699895683\n|move|p2a: Accelgor|Encore|p1a: Nelly\n|-start|p1a: Nelly|Encore\n|move|p1a: Nelly|Future Sight||[still]\n|-fail|p1a: Nelly\n|\n|upkeep\n|turn|11\n|inactive|olaeu has 60 seconds left.\n|\n|t:|1699895696\n|switch|p2a: Clefable|Clefable, M|100\/100\n|switch|p1a: Toledo|Corviknight, F|100\/100\n|-ability|p1a: Toledo|Pressure\n|\n|-end|p2a: Clefable|move: Future Sight\n|-damage|p2a: Clefable|59\/100\n|-heal|p2a: Clefable|65\/100|[from] item: Leftovers\n|upkeep\n|turn|12\n|inactive|olaeu has 60 seconds left.\n|\n|t:|1699895730\n|move|p1a: Toledo|U-turn|p2a: Clefable\n|-resisted|p2a: Clefable\n|-damage|p2a: Clefable|57\/100\n|-start|p1a: Toledo|Attract|[from] ability: Cute Charm|[of] p2a: Clefable\n|inactive|Z-Bean has 120 seconds left.\n|\n|t:|1699895767\n|switch|p1a: Nelly|Slowking-Galar, F|100\/100|[from] U-turn\n|move|p2a: Clefable|Teleport|p2a: Clefable\n|\n|t:|1699895776\n|switch|p2a: Alakazam|Alakazam, M|29\/100|[from] Teleport\n|\n|upkeep\n|turn|13\n|inactive|Z-Bean has 120 seconds left.\n|inactive|Z-Bean has 90 seconds left.\n|\n|t:|1699895818\n|move|p2a: Alakazam|Psychic|p1a: Nelly\n|-damage|p1a: Nelly|67\/100\n|move|p1a: Nelly|Sludge Wave|p2a: Alakazam\n|-damage|p2a: Alakazam|0 fnt\n|faint|p2a: Alakazam\n|\n|-heal|p1a: Nelly|73\/100|[from] item: Leftovers\n|upkeep\n|\n|t:|1699895834\n|switch|p2a: Medicham|Medicham, F|100\/100\n|turn|14\n|inactive|Z-Bean has 90 seconds left.\n|\n|t:|1699895872\n|switch|p1a: Toledo|Corviknight, F|100\/100\n|-ability|p1a: Toledo|Pressure\n|detailschange|p2a: Medicham|Medicham-Mega, F\n|-mega|p2a: Medicham|Medicham|Medichamite\n|move|p2a: Medicham|Zen Headbutt|p1a: Toledo\n|-resisted|p1a: Toledo\n|-damage|p1a: Toledo|79\/100\n|\n|-heal|p1a: Toledo|85\/100|[from] item: Leftovers\n|upkeep\n|turn|15\n|inactive|olaeu has 60 seconds left.\n|\n|t:|1699895885\n|move|p2a: Medicham|High Jump Kick|p1a: Toledo\n|-damage|p1a: Toledo|21\/100\n|move|p1a: Toledo|Brave Bird|p2a: Medicham\n|-supereffective|p2a: Medicham\n|-damage|p2a: Medicham|0 fnt\n|faint|p2a: Medicham\n|-damage|p1a: Toledo|0 fnt|[from] Recoil\n|faint|p1a: Toledo\n|\n|upkeep\n|inactive|olaeu has 60 seconds left.\n|inactive|Z-Bean has 60 seconds left.\n|\n|t:|1699895934\n|switch|p2a: Gyarados|Gyarados, F|100\/100\n|switch|p1a: Nelly|Slowking-Galar, F|100\/100\n|turn|16\n|inactive|olaeu has 60 seconds left.\n|\n|t:|1699895946\n|move|p2a: Gyarados|Dragon Dance|p2a: Gyarados\n|-boost|p2a: Gyarados|atk|1\n|-boost|p2a: Gyarados|spe|1\n|move|p1a: Nelly|Chilly Reception|p1a: Nelly\n|-weather|Snow\n|\n|t:|1699895950\n|switch|p1a: Sniffles|Arctozolt|100\/100|[from] Chilly Reception\n|\n|-weather|Snow|[upkeep]\n|upkeep\n|turn|17\n|\n|t:|1699895965\n|-terastallize|p2a: Gyarados|Ground\n|move|p1a: Sniffles|Icicle Crash|p2a: Gyarados\n|-supereffective|p2a: Gyarados\n|-damage|p2a: Gyarados|0 fnt\n|faint|p2a: Gyarados\n|-damage|p1a: Sniffles|91\/100|[from] item: Life Orb\n|\n|-weather|Snow|[upkeep]\n|upkeep\n|-message|olaeu forfeited.\n|\n|win|Z-Bean\n|raw|Z-Bean's rating: 1178 &rarr; <strong>1209<\/strong><br \/>(+31 for winning)\n|raw|olaeu's rating: 1258 &rarr; <strong>1227<\/strong><br \/>(-31 for losing)\n|l|\u2606olaeu\n|c|\u2606Z-Bean|oh my god I predicted it\n","uploadtime":1699896010,"views":4,"p1id":"zbean","p2id":"olaeu","formatid":"gen9nationaldex","rating":1209,"private":0,"password":""}