{"id":"gen9nationaldex-1991261030","p1":"zsrony","p2":"Zaynzito","format":"[Gen 9] National Dex","log":"|j|\u2606zsrony\n|j|\u2606Zaynzito\n|t:|1700062215\n|gametype|singles\n|player|p1|zsrony|chili|\n|player|p2|Zaynzito|hugh|\n|teamsize|p1|2\n|teamsize|p2|3\n|gen|9\n|tier|[Gen 9] National Dex\n|rule|HP Percentage Mod: HP is shown in percentages\n|rule|Endless Battle Clause: Forcing endless battles is banned\n|rule|OHKO Clause: OHKO moves are banned\n|rule|Evasion Clause: Evasion abilities, items, and moves are banned\n|rule|Evasion Abilities Clause: Evasion abilities are banned\n|rule|Evasion Items Clause: Evasion items are banned\n|rule|Evasion Moves Clause: Evasion moves are banned\n|rule|Species Clause: Limit one of each Pok\u00e9mon\n|rule|Sleep Clause Mod: Limit one foe put to sleep\n|clearpoke\n|poke|p1|Pichu, L5, M|\n|poke|p1|Pikipek, L5, F|\n|poke|p2|Rowlet, L5, M|\n|poke|p2|Pichu, L5, M|\n|poke|p2|Sprigatito, L5, F|\n|teampreview\n|\n|t:|1700062238\n|start\n|switch|p1a: Pikipek|Pikipek, L5, F|100\/100\n|switch|p2a: Sprigatito|Sprigatito, L5, F|100\/100\n|turn|1\n|\n|t:|1700062242\n|move|p2a: Sprigatito|Sucker Punch|p1a: Pikipek\n|-start|p2a: Sprigatito|typechange|Dark|[from] ability: Protean\n|-enditem|p1a: Pikipek|Focus Sash\n|-damage|p1a: Pikipek|5\/100\n|move|p1a: Pikipek|Brave Bird|p2a: Sprigatito\n|-damage|p2a: Sprigatito|10\/100\n|-damage|p1a: Pikipek|0 fnt|[from] Recoil\n|faint|p1a: Pikipek\n|\n|upkeep\n|\n|t:|1700062252\n|switch|p1a: Pichu|Pichu, L5, M|100\/100\n|turn|2\n|\n|t:|1700062255\n|switch|p2a: Pichu|Pichu, L5, M|100\/100\n|move|p1a: Pichu|Fake Out|p2a: Pichu\n|-damage|p2a: Pichu|78\/100\n|\n|upkeep\n|turn|3\n|\n|t:|1700062264\n|move|p2a: Pichu|Fake Out|p1a: Pichu\n|-damage|p1a: Pichu|74\/100\n|cant|p1a: Pichu|flinch\n|\n|upkeep\n|turn|4\n|\n|t:|1700062268\n|move|p1a: Pichu|Volt Switch|p2a: Pichu\n|-ability|p2a: Pichu|Lightning Rod|boost\n|-boost|p2a: Pichu|spa|1\n|move|p2a: Pichu|Charm|p1a: Pichu\n|-unboost|p1a: Pichu|atk|2\n|\n|upkeep\n|turn|5\n|\n|t:|1700062273\n|move|p1a: Pichu|Volt Tackle|p2a: Pichu\n|-ability|p2a: Pichu|Lightning Rod|boost\n|-boost|p2a: Pichu|spa|1\n|move|p2a: Pichu|Volt Switch|p1a: Pichu\n|-resisted|p1a: Pichu\n|-damage|p1a: Pichu|48\/100\n|\n|t:|1700062277\n|switch|p2a: Sprigatito|Sprigatito, L5, F|10\/100|[from] Volt Switch\n|\n|upkeep\n|turn|6\n|\n|t:|1700062281\n|move|p2a: Sprigatito|Sucker Punch|p1a: Pichu\n|-start|p2a: Sprigatito|typechange|Dark|[from] ability: Protean\n|-damage|p1a: Pichu|0 fnt\n|faint|p1a: Pichu\n|\n|win|Zaynzito\n|l|\u2606zsrony\n","uploadtime":1700062494,"views":17,"p1id":"zsrony","p2id":"zaynzito","formatid":"gen9nationaldex","rating":0,"private":0,"password":""}