{"id":"gen9nationaldex-1988031851","p1":"Gfjwvc","p2":"lalacna","format":"[Gen 9] National Dex","log":"|j|\u2606Gfjwvc\n|j|\u2606lalacna\n|t:|1699661302\n|gametype|singles\n|player|p1|Gfjwvc|1|1423\n|player|p2|lalacna|170|1469\n|teamsize|p1|6\n|teamsize|p2|6\n|gen|9\n|tier|[Gen 9] National Dex\n|rated|\n|rule|HP Percentage Mod: HP is shown in percentages\n|rule|Endless Battle Clause: Forcing endless battles is banned\n|rule|OHKO Clause: OHKO moves are banned\n|rule|Evasion Clause: Evasion abilities, items, and moves are banned\n|rule|Evasion Abilities Clause: Evasion abilities are banned\n|rule|Evasion Items Clause: Evasion items are banned\n|rule|Evasion Moves Clause: Evasion moves are banned\n|rule|Species Clause: Limit one of each Pok\u00e9mon\n|rule|Sleep Clause Mod: Limit one foe put to sleep\n|clearpoke\n|poke|p1|Ceruledge, M|\n|poke|p1|Dragonite, F|\n|poke|p1|Gyarados, M|\n|poke|p1|Kleavor, M|\n|poke|p1|Zapdos-Galar|\n|poke|p1|Tapu Lele|\n|poke|p2|Mawile, F|\n|poke|p2|Alomomola, M|\n|poke|p2|Moltres|\n|poke|p2|Ting-Lu|\n|poke|p2|Dragonite, F|\n|poke|p2|Hoopa-Unbound|\n|teampreview\n|inactive|Battle timer is ON: inactive players will automatically lose when time's up. (requested by Gfjwvc)\n|\n|t:|1699661313\n|start\n|switch|p1a: Zapdos|Zapdos-Galar|100\/100\n|switch|p2a: Mawile|Mawile, F|100\/100\n|-ability|p2a: Mawile|Intimidate|boost\n|-unboost|p1a: Zapdos|atk|1\n|-ability|p1a: Zapdos|Defiant|boost\n|-boost|p1a: Zapdos|atk|2\n|turn|1\n|\n|t:|1699661332\n|detailschange|p2a: Mawile|Mawile-Mega, F\n|-mega|p2a: Mawile|Mawile|Mawilite\n|-zpower|p1a: Zapdos\n|move|p1a: Zapdos|Z-Bulk Up|p1a: Zapdos|[anim]Bulk Up\n|-boost|p1a: Zapdos|atk|1|[zeffect]\n|-boost|p1a: Zapdos|atk|1\n|-boost|p1a: Zapdos|def|1\n|move|p2a: Mawile|Play Rough|p1a: Zapdos|[miss]\n|-miss|p2a: Mawile|p1a: Zapdos\n|\n|upkeep\n|turn|2\n|\n|t:|1699661341\n|move|p1a: Zapdos|Close Combat|p2a: Mawile\n|-damage|p2a: Mawile|0 fnt\n|-unboost|p1a: Zapdos|def|1\n|-unboost|p1a: Zapdos|spd|1\n|faint|p2a: Mawile\n|\n|upkeep\n|\n|t:|1699661349\n|switch|p2a: Hoopa|Hoopa-Unbound|100\/100\n|turn|3\n|\n|t:|1699661353\n|move|p2a: Hoopa|Psychic|p1a: Zapdos\n|-supereffective|p1a: Zapdos\n|-damage|p1a: Zapdos|0 fnt\n|faint|p1a: Zapdos\n|\n|upkeep\n|\n|t:|1699661359\n|switch|p1a: Gyarados|Gyarados, M|100\/100\n|-ability|p1a: Gyarados|Intimidate|boost\n|-unboost|p2a: Hoopa|atk|1\n|turn|4\n|\n|t:|1699661363\n|switch|p2a: Dragonite|Dragonite, F|100\/100\n|detailschange|p1a: Gyarados|Gyarados-Mega, M\n|-mega|p1a: Gyarados|Gyarados|Gyaradosite\n|-ability|p1a: Gyarados|Mold Breaker\n|move|p1a: Gyarados|Dragon Dance|p1a: Gyarados\n|-boost|p1a: Gyarados|atk|1\n|-boost|p1a: Gyarados|spe|1\n|\n|upkeep\n|turn|5\n|\n|t:|1699661370\n|move|p1a: Gyarados|Crunch|p2a: Dragonite\n|-damage|p2a: Dragonite|13\/100\n|move|p2a: Dragonite|Dragon Dance|p2a: Dragonite\n|-boost|p2a: Dragonite|atk|1\n|-boost|p2a: Dragonite|spe|1\n|\n|upkeep\n|turn|6\n|\n|t:|1699661378\n|move|p2a: Dragonite|Extreme Speed|p1a: Gyarados\n|-damage|p1a: Gyarados|59\/100\n|move|p1a: Gyarados|Crunch|p2a: Dragonite\n|-damage|p2a: Dragonite|0 fnt\n|faint|p2a: Dragonite\n|\n|upkeep\n|\n|t:|1699661383\n|switch|p2a: Ting-Lu|Ting-Lu|100\/100\n|-ability|p2a: Ting-Lu|Vessel of Ruin\n|turn|7\n|\n|t:|1699661390\n|move|p1a: Gyarados|Waterfall|p2a: Ting-Lu\n|-supereffective|p2a: Ting-Lu\n|-damage|p2a: Ting-Lu|18\/100\n|move|p2a: Ting-Lu|Whirlwind|p1a: Gyarados\n|drag|p1a: Kleavor|Kleavor, M|100\/100\n|\n|-heal|p2a: Ting-Lu|25\/100|[from] item: Leftovers\n|upkeep\n|turn|8\n|\n|t:|1699661396\n|move|p1a: Kleavor|Stone Axe|p2a: Ting-Lu\n|-resisted|p2a: Ting-Lu\n|-damage|p2a: Ting-Lu|10\/100\n|-sidestart|p2: lalacna|move: Stealth Rock\n|move|p2a: Ting-Lu|Earthquake|p1a: Kleavor\n|-damage|p1a: Kleavor|56\/100\n|\n|-heal|p2a: Ting-Lu|16\/100|[from] item: Leftovers\n|upkeep\n|turn|9\n|\n|t:|1699661402\n|move|p1a: Kleavor|Stone Axe|p2a: Ting-Lu|[miss]\n|-miss|p1a: Kleavor|p2a: Ting-Lu\n|move|p2a: Ting-Lu|Stealth Rock|p1a: Kleavor\n|-sidestart|p1: Gfjwvc|move: Stealth Rock\n|\n|-heal|p2a: Ting-Lu|23\/100|[from] item: Leftovers\n|upkeep\n|turn|10\n|\n|t:|1699661406\n|switch|p2a: Alomomola|Alomomola, M|100\/100\n|move|p1a: Kleavor|Stone Axe|p2a: Alomomola\n|-damage|p2a: Alomomola|69\/100\n|\n|upkeep\n|turn|11\n|\n|t:|1699661413\n|switch|p1a: Gyarados|Gyarados-Mega, M|59\/100\n|-damage|p1a: Gyarados|46\/100|[from] Stealth Rock\n|-ability|p1a: Gyarados|Mold Breaker\n|move|p2a: Alomomola|Wish|p2a: Alomomola\n|\n|upkeep\n|turn|12\n|\n|t:|1699661419\n|move|p1a: Gyarados|Dragon Dance|p1a: Gyarados\n|-boost|p1a: Gyarados|atk|1\n|-boost|p1a: Gyarados|spe|1\n|move|p2a: Alomomola|Toxic|p1a: Gyarados\n|-status|p1a: Gyarados|tox\n|\n|-heal|p2a: Alomomola|100\/100|[from] move: Wish|[wisher] Alomomola\n|-damage|p1a: Gyarados|40\/100 tox|[from] psn\n|upkeep\n|turn|13\n|\n|t:|1699661424\n|move|p1a: Gyarados|Crunch|p2a: Alomomola\n|-damage|p2a: Alomomola|56\/100\n|move|p2a: Alomomola|Wish|p2a: Alomomola\n|\n|-damage|p1a: Gyarados|28\/100 tox|[from] psn\n|upkeep\n|turn|14\n|\n|t:|1699661448\n|move|p1a: Gyarados|Crunch|p2a: Alomomola\n|-damage|p2a: Alomomola|6\/100\n|move|p2a: Alomomola|Flip Turn|p1a: Gyarados\n|-resisted|p1a: Gyarados\n|-damage|p1a: Gyarados|21\/100 tox\n|\n|t:|1699661453\n|switch|p2a: Ting-Lu|Ting-Lu|23\/100|[from] Flip Turn\n|-damage|p2a: Ting-Lu|16\/100|[from] Stealth Rock\n|-ability|p2a: Ting-Lu|Vessel of Ruin\n|\n|-heal|p2a: Ting-Lu|62\/100|[from] move: Wish|[wisher] Alomomola\n|-heal|p2a: Ting-Lu|69\/100|[from] item: Leftovers\n|-damage|p1a: Gyarados|3\/100 tox|[from] psn\n|upkeep\n|turn|15\n|\n|t:|1699661476\n|move|p1a: Gyarados|Waterfall|p2a: Ting-Lu\n|-supereffective|p2a: Ting-Lu\n|-damage|p2a: Ting-Lu|0 fnt\n|faint|p2a: Ting-Lu\n|\n|-damage|p1a: Gyarados|0 fnt|[from] psn\n|faint|p1a: Gyarados\n|upkeep\n|\n|t:|1699661483\n|switch|p1a: Kleavor|Kleavor, M|56\/100\n|switch|p2a: Hoopa|Hoopa-Unbound|100\/100\n|-damage|p1a: Kleavor|31\/100|[from] Stealth Rock\n|-damage|p2a: Hoopa|88\/100|[from] Stealth Rock\n|turn|16\n|\n|t:|1699661495\n|switch|p2a: Alomomola|Alomomola, M|39\/100\n|move|p1a: Kleavor|X-Scissor|p2a: Alomomola\n|-damage|p2a: Alomomola|4\/100\n|\n|upkeep\n|turn|17\n|\n|t:|1699661498\n|move|p2a: Alomomola|Protect|p2a: Alomomola\n|-singleturn|p2a: Alomomola|Protect\n|move|p1a: Kleavor|X-Scissor|p2a: Alomomola\n|-activate|p2a: Alomomola|move: Protect\n|\n|upkeep\n|turn|18\n|\n|t:|1699661503\n|switch|p1a: Tapu Lele|Tapu Lele|100\/100\n|-damage|p1a: Tapu Lele|88\/100|[from] Stealth Rock\n|-fieldstart|move: Psychic Terrain|[from] ability: Psychic Surge|[of] p1a: Tapu Lele\n|switch|p2a: Moltres|Moltres|100\/100\n|\n|upkeep\n|turn|19\n|\n|t:|1699661511\n|move|p1a: Tapu Lele|Thunderbolt|p2a: Moltres\n|-supereffective|p2a: Moltres\n|-damage|p2a: Moltres|47\/100\n|-status|p2a: Moltres|par\n|move|p2a: Moltres|U-turn|p1a: Tapu Lele\n|-damage|p1a: Tapu Lele|65\/100\n|\n|t:|1699661515\n|switch|p2a: Hoopa|Hoopa-Unbound|88\/100|[from] U-turn\n|-damage|p2a: Hoopa|76\/100|[from] Stealth Rock\n|\n|upkeep\n|turn|20\n|\n|t:|1699661531\n|switch|p1a: Kleavor|Kleavor, M|31\/100\n|-damage|p1a: Kleavor|6\/100|[from] Stealth Rock\n|move|p2a: Hoopa|Dark Pulse|p1a: Kleavor\n|-damage|p1a: Kleavor|0 fnt\n|faint|p1a: Kleavor\n|\n|upkeep\n|\n|t:|1699661539\n|switch|p1a: Tapu Lele|Tapu Lele|65\/100\n|-damage|p1a: Tapu Lele|52\/100|[from] Stealth Rock\n|turn|21\n|\n|t:|1699661544\n|-terastallize|p2a: Hoopa|Fairy\n|move|p1a: Tapu Lele|Moonblast|p2a: Hoopa\n|-damage|p2a: Hoopa|32\/100\n|move|p2a: Hoopa|Dark Pulse|p1a: Tapu Lele\n|-damage|p1a: Tapu Lele|0 fnt\n|faint|p1a: Tapu Lele\n|\n|upkeep\n|\n|t:|1699661550\n|switch|p1a: Dragonite|Dragonite, F|100\/100\n|-damage|p1a: Dragonite|75\/100|[from] Stealth Rock\n|turn|22\n|\n|t:|1699661558\n|move|p2a: Hoopa|Dark Pulse|p1a: Dragonite\n|-damage|p1a: Dragonite|25\/100\n|cant|p1a: Dragonite|flinch\n|\n|-heal|p1a: Dragonite|31\/100|[from] item: Leftovers\n|-fieldend|move: Psychic Terrain\n|upkeep\n|turn|23\n|\n|t:|1699661561\n|switch|p2a: Moltres|Moltres|47\/100 par\n|move|p1a: Dragonite|Extreme Speed|p2a: Moltres\n|-crit|p2a: Moltres\n|-damage|p2a: Moltres|13\/100 par\n|-status|p1a: Dragonite|brn|[from] ability: Flame Body|[of] p2a: Moltres\n|\n|-heal|p1a: Dragonite|37\/100 brn|[from] item: Leftovers\n|-damage|p1a: Dragonite|31\/100 brn|[from] brn\n|upkeep\n|turn|24\n|\n|t:|1699661565\n|move|p1a: Dragonite|Extreme Speed|p2a: Moltres\n|-damage|p2a: Moltres|2\/100 par\n|move|p2a: Moltres|Roost|p2a: Moltres\n|-heal|p2a: Moltres|52\/100 par\n|-singleturn|p2a: Moltres|move: Roost\n|\n|-heal|p1a: Dragonite|37\/100 brn|[from] item: Leftovers\n|-damage|p1a: Dragonite|31\/100 brn|[from] brn\n|upkeep\n|turn|25\n|\n|t:|1699661575\n|move|p1a: Dragonite|Dragon Claw|p2a: Moltres\n|-damage|p2a: Moltres|36\/100 par\n|move|p2a: Moltres|Roost|p2a: Moltres\n|-heal|p2a: Moltres|86\/100 par\n|-singleturn|p2a: Moltres|move: Roost\n|\n|-heal|p1a: Dragonite|37\/100 brn|[from] item: Leftovers\n|-damage|p1a: Dragonite|31\/100 brn|[from] brn\n|upkeep\n|turn|26\n|\n|t:|1699661583\n|move|p1a: Dragonite|Dragon Dance|p1a: Dragonite\n|-boost|p1a: Dragonite|atk|1\n|-boost|p1a: Dragonite|spe|1\n|move|p2a: Moltres|Hurricane|p1a: Dragonite\n|-crit|p1a: Dragonite\n|-damage|p1a: Dragonite|0 fnt\n|faint|p1a: Dragonite\n|\n|upkeep\n|\n|t:|1699661585\n|switch|p1a: Ceruledge|Ceruledge, M|100\/100\n|-damage|p1a: Ceruledge|76\/100|[from] Stealth Rock\n|turn|27\n|\n|t:|1699661590\n|move|p1a: Ceruledge|Swords Dance|p1a: Ceruledge\n|-boost|p1a: Ceruledge|atk|2\n|cant|p2a: Moltres|par\n|\n|upkeep\n|turn|28\n|\n|t:|1699661607\n|move|p1a: Ceruledge|Poltergeist|p2a: Moltres\n|-activate|p2a: Moltres|move: Poltergeist|Heavy-Duty Boots\n|-damage|p2a: Moltres|0 fnt\n|faint|p2a: Moltres\n|\n|upkeep\n|\n|t:|1699661614\n|switch|p2a: Hoopa|Hoopa-Unbound, tera:Fairy|32\/100\n|-damage|p2a: Hoopa|20\/100|[from] Stealth Rock\n|turn|29\n|\n|t:|1699661617\n|-terastallize|p1a: Ceruledge|Grass\n|move|p2a: Hoopa|Dark Pulse|p1a: Ceruledge\n|-damage|p1a: Ceruledge|20\/100\n|move|p1a: Ceruledge|Bitter Blade|p2a: Hoopa\n|-damage|p2a: Hoopa|0 fnt\n|-heal|p1a: Ceruledge|32\/100|[from] drain|[of] p2a: Hoopa\n|faint|p2a: Hoopa\n|\n|upkeep\n|\n|t:|1699661622\n|switch|p2a: Alomomola|Alomomola, M|37\/100\n|turn|30\n|\n|t:|1699661625\n|move|p2a: Alomomola|Protect|p2a: Alomomola\n|-singleturn|p2a: Alomomola|Protect\n|move|p1a: Ceruledge|Poltergeist|p2a: Alomomola\n|-activate|p2a: Alomomola|move: Protect\n|\n|upkeep\n|turn|31\n|c|\u2606lalacna|gg\n|\n|t:|1699661630\n|move|p1a: Ceruledge|Poltergeist|p2a: Alomomola|[miss]\n|-miss|p1a: Ceruledge|p2a: Alomomola\n|move|p2a: Alomomola|Wish|p2a: Alomomola\n|\n|upkeep\n|turn|32\n|c|\u2606lalacna|\uff1f\n|\n|t:|1699661640\n|move|p2a: Alomomola|Protect|p2a: Alomomola\n|-singleturn|p2a: Alomomola|Protect\n|move|p1a: Ceruledge|Poltergeist|p2a: Alomomola\n|-activate|p2a: Alomomola|move: Protect\n|\n|-heal|p2a: Alomomola|87\/100|[from] move: Wish|[wisher] Alomomola\n|upkeep\n|turn|33\n|\n|t:|1699661643\n|move|p1a: Ceruledge|Poltergeist|p2a: Alomomola\n|-activate|p2a: Alomomola|move: Poltergeist|Heavy-Duty Boots\n|-damage|p2a: Alomomola|18\/100\n|move|p2a: Alomomola|Toxic|p1a: Ceruledge\n|-status|p1a: Ceruledge|tox\n|\n|-damage|p1a: Ceruledge|25\/100 tox|[from] psn\n|upkeep\n|turn|34\n|\n|t:|1699661648\n|move|p2a: Alomomola|Protect|p2a: Alomomola\n|-singleturn|p2a: Alomomola|Protect\n|move|p1a: Ceruledge|Bitter Blade|p2a: Alomomola\n|-activate|p2a: Alomomola|move: Protect\n|\n|-damage|p1a: Ceruledge|13\/100 tox|[from] psn\n|upkeep\n|turn|35\n|\n|t:|1699661656\n|move|p2a: Alomomola|Protect|p2a: Alomomola\n|-singleturn|p2a: Alomomola|Protect\n|move|p1a: Ceruledge|Poltergeist|p2a: Alomomola\n|-activate|p2a: Alomomola|move: Protect\n|\n|-damage|p1a: Ceruledge|0 fnt|[from] psn\n|faint|p1a: Ceruledge\n|\n|win|lalacna\n|upkeep\n|raw|Gfjwvc's rating: 1423 &rarr; <strong>1406<\/strong><br \/>(-17 for losing)\n|raw|lalacna's rating: 1469 &rarr; <strong>1486<\/strong><br \/>(+17 for winning)\n|c|\u2606lalacna|sorry\n|c|\u2606Gfjwvc|Omg\n|l|\u2606Gfjwvc\n|j| huangye114\n|l|\u2606lalacna\n|j|\u2606lalacna\n|player|p2|lalacna|170\n|l|\u2606lalacna\n|player|p2|\n|j|\u2606lalacna\n|player|p2|lalacna|170\n|j| hainiumm\n|l| hainiumm\n|j| eguipeng\u5384\u8be1\u692a\u4fa0\n|l|\u2606lalacna\n|player|p2|\n|j| False Swipeing\u70b9\u8001\u5e08\n|l| eguipeng\u5384\u8be1\u692a\u4fa0\n|j|\u2606lalacna\n|player|p2|lalacna|170\n|l|\u2606lalacna\n|player|p2|\n|j| Serena1111\n|j|\u2606lalacna\n|player|p2|lalacna|170\n|l|\u2606lalacna\n|player|p2|\n|l| Serena1111\n","uploadtime":1699661668,"views":21,"p1id":"gfjwvc","p2id":"lalacna","formatid":"gen9nationaldex","rating":1406,"private":0,"password":""}