{"id":"gen9nationaldex-2000358727","p1":"BeeruhBeement","p2":"huangrice","format":"[Gen 9] National Dex","log":"|html|<div class=\"broadcast-blue\"><strong>[Gen 9] National Dex is currently suspecting Sneasler! For information on how to participate check out the <a href=\"https:\/\/www.smogon.com\/forums\/threads\/sv-national-dex-suspect-8-just-dance.3731534\/\">suspect thread<\/a>.<\/strong><\/div>\n|j|\u2606BeeruhBeement\n|j|\u2606huangrice\n|t:|1701188079\n|gametype|singles\n|player|p1|BeeruhBeement|101|1289\n|player|p2|huangrice|supernerd|1231\n|teamsize|p1|6\n|teamsize|p2|6\n|gen|9\n|tier|[Gen 9] National Dex\n|rated|\n|rule|HP Percentage Mod: HP is shown in percentages\n|rule|Endless Battle Clause: Forcing endless battles is banned\n|rule|OHKO Clause: OHKO moves are banned\n|rule|Evasion Clause: Evasion abilities, items, and moves are banned\n|rule|Evasion Abilities Clause: Evasion abilities are banned\n|rule|Evasion Items Clause: Evasion items are banned\n|rule|Evasion Moves Clause: Evasion moves are banned\n|rule|Species Clause: Limit one of each Pok\u00e9mon\n|rule|Sleep Clause Mod: Limit one foe put to sleep\n|clearpoke\n|poke|p1|Medicham, F|\n|poke|p1|Ogerpon-Wellspring, F|\n|poke|p1|Slowking-Galar, F|\n|poke|p1|Clefable, F|\n|poke|p1|Heatran, F|\n|poke|p1|Landorus-Therian, M|\n|poke|p2|Diancie|\n|poke|p2|Ferrothorn, M|\n|poke|p2|Landorus-Therian, M|\n|poke|p2|Raichu-Alola, F|\n|poke|p2|Tapu Koko|\n|poke|p2|Keldeo-Resolute|\n|teampreview\n|inactive|Battle timer is ON: inactive players will automatically lose when time's up. (requested by huangrice)\n|\n|t:|1701188084\n|start\n|switch|p1a: Medicham|Medicham, F|100\/100\n|switch|p2a: Diancie|Diancie|100\/100\n|turn|1\n|\n|t:|1701188097\n|detailschange|p1a: Medicham|Medicham-Mega, F\n|-mega|p1a: Medicham|Medicham|Medichamite\n|detailschange|p2a: Diancie|Diancie-Mega\n|-mega|p2a: Diancie|Diancie|Diancite\n|move|p2a: Diancie|Protect|p2a: Diancie\n|-singleturn|p2a: Diancie|Protect\n|move|p1a: Medicham|Fake Out|p2a: Diancie\n|-activate|p2a: Diancie|move: Protect\n|\n|upkeep\n|turn|2\n|\n|t:|1701188112\n|move|p1a: Medicham|Bullet Punch|p2a: Diancie\n|-supereffective|p2a: Diancie\n|-damage|p2a: Diancie|0 fnt\n|faint|p2a: Diancie\n|\n|upkeep\n|\n|t:|1701188121\n|switch|p2a: Landorus|Landorus-Therian, M|100\/100\n|-ability|p2a: Landorus|Intimidate|boost\n|-unboost|p1a: Medicham|atk|1\n|turn|3\n|\n|t:|1701188133\n|switch|p1a: Landorus|Landorus-Therian, M|100\/100\n|-ability|p1a: Landorus|Intimidate|boost\n|-unboost|p2a: Landorus|atk|1\n|move|p2a: Landorus|Earthquake|p1a: Landorus\n|-immune|p1a: Landorus\n|\n|upkeep\n|turn|4\n|\n|t:|1701188143\n|move|p1a: Landorus|U-turn|p2a: Landorus\n|-resisted|p2a: Landorus\n|-damage|p2a: Landorus|93\/100\n|-damage|p1a: Landorus|84\/100|[from] item: Rocky Helmet|[of] p2a: Landorus\n|\n|t:|1701188148\n|switch|p1a: Clefable|Clefable, F|100\/100|[from] U-turn\n|move|p2a: Landorus|Stealth Rock|p1a: Clefable\n|-sidestart|p1: BeeruhBeement|move: Stealth Rock\n|\n|upkeep\n|turn|5\n|\n|t:|1701188157\n|move|p2a: Landorus|U-turn|p1a: Clefable\n|-resisted|p1a: Clefable\n|-damage|p1a: Clefable|95\/100\n|-damage|p2a: Landorus|77\/100|[from] item: Rocky Helmet|[of] p1a: Clefable\n|\n|t:|1701188169\n|switch|p2a: Tapu Koko|Tapu Koko|100\/100|[from] U-turn\n|-fieldstart|move: Electric Terrain|[from] ability: Electric Surge|[of] p2a: Tapu Koko\n|move|p1a: Clefable|Moonblast|p2a: Tapu Koko\n|-damage|p2a: Tapu Koko|52\/100\n|\n|upkeep\n|turn|6\n|\n|t:|1701188181\n|move|p2a: Tapu Koko|Roost|p2a: Tapu Koko\n|-heal|p2a: Tapu Koko|100\/100\n|-singleturn|p2a: Tapu Koko|move: Roost\n|move|p1a: Clefable|Moonblast|p2a: Tapu Koko\n|-damage|p2a: Tapu Koko|56\/100\n|\n|upkeep\n|turn|7\n|\n|t:|1701188191\n|move|p2a: Tapu Koko|Nature's Madness|p1a: Clefable\n|-damage|p1a: Clefable|48\/100\n|move|p1a: Clefable|Knock Off|p2a: Tapu Koko\n|-resisted|p2a: Tapu Koko\n|-damage|p2a: Tapu Koko|47\/100\n|-enditem|p2a: Tapu Koko|Terrain Extender|[from] move: Knock Off|[of] p1a: Clefable\n|\n|upkeep\n|turn|8\n|\n|t:|1701188203\n|move|p2a: Tapu Koko|Roost|p2a: Tapu Koko\n|-heal|p2a: Tapu Koko|97\/100\n|-singleturn|p2a: Tapu Koko|move: Roost\n|move|p1a: Clefable|Soft-Boiled|p1a: Clefable\n|-heal|p1a: Clefable|98\/100\n|\n|upkeep\n|turn|9\n|\n|t:|1701188211\n|switch|p1a: Landorus|Landorus-Therian, M|84\/100\n|-damage|p1a: Landorus|72\/100|[from] Stealth Rock\n|-ability|p1a: Landorus|Intimidate|boost\n|-unboost|p2a: Tapu Koko|atk|1\n|move|p2a: Tapu Koko|Nature's Madness|p1a: Landorus|[miss]\n|-miss|p2a: Tapu Koko|p1a: Landorus\n|\n|upkeep\n|turn|10\n|\n|t:|1701188231\n|switch|p2a: Landorus|Landorus-Therian, M|77\/100\n|-ability|p2a: Landorus|Intimidate|boost\n|-unboost|p1a: Landorus|atk|1\n|move|p1a: Landorus|Earthquake|p2a: Landorus\n|-immune|p2a: Landorus\n|\n|upkeep\n|turn|11\n|\n|t:|1701188240\n|switch|p1a: Clefable|Clefable, F|98\/100\n|move|p2a: Landorus|Stealth Rock||[still]\n|-fail|p2a: Landorus\n|\n|upkeep\n|turn|12\n|\n|t:|1701188252\n|move|p2a: Landorus|U-turn|p1a: Clefable\n|-resisted|p1a: Clefable\n|-damage|p1a: Clefable|89\/100\n|-damage|p2a: Landorus|60\/100|[from] item: Rocky Helmet|[of] p1a: Clefable\n|\n|t:|1701188265\n|switch|p2a: Barbatos|Ferrothorn, M|100\/100|[from] U-turn\n|move|p1a: Clefable|Knock Off|p2a: Barbatos\n|-damage|p2a: Barbatos|92\/100\n|-activate|p2a: Barbatos|ability: Iron Barbs\n|-enditem|p2a: Barbatos|Leftovers|[from] move: Knock Off|[of] p1a: Clefable\n|\n|-fieldend|move: Electric Terrain\n|upkeep\n|turn|13\n|\n|t:|1701188277\n|switch|p1a: Heatran|Heatran, F|100\/100\n|-damage|p1a: Heatran|88\/100|[from] Stealth Rock\n|move|p2a: Barbatos|Leech Seed|p1a: Heatran\n|-start|p1a: Heatran|move: Leech Seed\n|\n|-heal|p1a: Heatran|94\/100|[from] item: Leftovers\n|-damage|p1a: Heatran|82\/100|[from] Leech Seed|[of] p2a: Barbatos\n|-heal|p2a: Barbatos|100\/100|[silent]\n|upkeep\n|turn|14\n|\n|t:|1701188293\n|switch|p2a: Keldeo|Keldeo-Resolute|100\/100\n|move|p1a: Heatran|Stealth Rock|p2a: Keldeo\n|-sidestart|p2: huangrice|move: Stealth Rock\n|\n|-heal|p1a: Heatran|88\/100|[from] item: Leftovers\n|-damage|p1a: Heatran|76\/100|[from] Leech Seed|[of] p2a: Keldeo\n|upkeep\n|turn|15\n|\n|t:|1701188307\n|switch|p1a: Ogerpon|Ogerpon-Wellspring, F|100\/100\n|-damage|p1a: Ogerpon|88\/100|[from] Stealth Rock\n|move|p2a: Keldeo|Secret Sword|p1a: Ogerpon\n|-damage|p1a: Ogerpon|0 fnt\n|faint|p1a: Ogerpon\n|\n|upkeep\n|\n|t:|1701188314\n|switch|p1a: Landorus|Landorus-Therian, M|72\/100\n|-damage|p1a: Landorus|59\/100|[from] Stealth Rock\n|-ability|p1a: Landorus|Intimidate|boost\n|-unboost|p2a: Keldeo|atk|1\n|turn|16\n|\n|t:|1701188328\n|switch|p2a: Barbatos|Ferrothorn, M|100\/100\n|-damage|p2a: Barbatos|94\/100|[from] Stealth Rock\n|move|p1a: Landorus|Earthquake|p2a: Barbatos\n|-damage|p2a: Barbatos|66\/100\n|\n|upkeep\n|turn|17\n|\n|t:|1701188339\n|switch|p1a: Heatran|Heatran, F|76\/100\n|-damage|p1a: Heatran|63\/100|[from] Stealth Rock\n|move|p2a: Barbatos|Leech Seed|p1a: Heatran\n|-start|p1a: Heatran|move: Leech Seed\n|\n|-heal|p1a: Heatran|69\/100|[from] item: Leftovers\n|-damage|p1a: Heatran|57\/100|[from] Leech Seed|[of] p2a: Barbatos\n|-heal|p2a: Barbatos|80\/100|[silent]\n|upkeep\n|turn|18\n|\n|t:|1701188355\n|switch|p2a: Keldeo|Keldeo-Resolute|100\/100\n|-damage|p2a: Keldeo|94\/100|[from] Stealth Rock\n|move|p1a: Heatran|Earth Power|p2a: Keldeo\n|-damage|p2a: Keldeo|63\/100\n|\n|-heal|p1a: Heatran|63\/100|[from] item: Leftovers\n|-damage|p1a: Heatran|51\/100|[from] Leech Seed|[of] p2a: Keldeo\n|-heal|p2a: Keldeo|78\/100|[silent]\n|upkeep\n|turn|19\n|\n|t:|1701188366\n|switch|p1a: Slowking|Slowking-Galar, F|100\/100\n|move|p2a: Keldeo|Surf|p1a: Slowking\n|-damage|p1a: Slowking|41\/100\n|\n|upkeep\n|turn|20\n|\n|t:|1701188382\n|switch|p1a: Heatran|Heatran, F|51\/100\n|-damage|p1a: Heatran|38\/100|[from] Stealth Rock\n|move|p2a: Keldeo|Surf|p1a: Heatran\n|-supereffective|p1a: Heatran\n|-damage|p1a: Heatran|0 fnt\n|faint|p1a: Heatran\n|\n|upkeep\n|\n|t:|1701188385\n|switch|p1a: Medicham|Medicham-Mega, F|100\/100\n|-damage|p1a: Medicham|94\/100|[from] Stealth Rock\n|turn|21\n|\n|t:|1701188409\n|move|p1a: Medicham|Fake Out|p2a: Keldeo\n|-damage|p2a: Keldeo|50\/100\n|cant|p2a: Keldeo|flinch\n|\n|upkeep\n|turn|22\n|\n|t:|1701188423\n|switch|p1a: Landorus|Landorus-Therian, M|59\/100\n|-damage|p1a: Landorus|47\/100|[from] Stealth Rock\n|-ability|p1a: Landorus|Intimidate|boost\n|-unboost|p2a: Keldeo|atk|1\n|move|p2a: Keldeo|Surf|p1a: Landorus\n|-supereffective|p1a: Landorus\n|-damage|p1a: Landorus|0 fnt\n|faint|p1a: Landorus\n|\n|upkeep\n|\n|t:|1701188426\n|switch|p1a: Medicham|Medicham-Mega, F|94\/100\n|-damage|p1a: Medicham|88\/100|[from] Stealth Rock\n|turn|23\n|c|\u2606huangrice|???\n|\n|t:|1701188436\n|move|p1a: Medicham|Fake Out|p2a: Keldeo\n|-damage|p2a: Keldeo|23\/100\n|cant|p2a: Keldeo|flinch\n|\n|upkeep\n|turn|24\n|\n|t:|1701188443\n|switch|p1a: Slowking|Slowking-Galar, F|74\/100\n|move|p2a: Keldeo|Surf|p1a: Slowking\n|-damage|p1a: Slowking|19\/100\n|\n|upkeep\n|turn|25\n|\n|t:|1701188449\n|move|p2a: Keldeo|Surf|p1a: Slowking\n|-damage|p1a: Slowking|0 fnt\n|faint|p1a: Slowking\n|\n|upkeep\n|\n|t:|1701188451\n|switch|p1a: Medicham|Medicham-Mega, F|88\/100\n|-damage|p1a: Medicham|82\/100|[from] Stealth Rock\n|turn|26\n|\n|t:|1701188460\n|move|p1a: Medicham|Fake Out|p2a: Keldeo\n|-damage|p2a: Keldeo|0 fnt\n|faint|p2a: Keldeo\n|\n|upkeep\n|inactive|huangrice has 120 seconds left.\n|\n|t:|1701188490\n|switch|p2a: Tapu Koko|Tapu Koko|97\/100\n|-damage|p2a: Tapu Koko|84\/100|[from] Stealth Rock\n|-fieldstart|move: Electric Terrain|[from] ability: Electric Surge|[of] p2a: Tapu Koko\n|turn|27\n|inactive|huangrice has 120 seconds left.\n|\n|t:|1701188510\n|move|p2a: Tapu Koko|Nature's Madness|p1a: Medicham\n|-damage|p1a: Medicham|41\/100\n|move|p1a: Medicham|Zen Headbutt|p2a: Tapu Koko\n|-damage|p2a: Tapu Koko|0 fnt\n|faint|p2a: Tapu Koko\n|\n|upkeep\n|\n|t:|1701188525\n|switch|p2a: Raichu|Raichu-Alola, F|100\/100\n|-damage|p2a: Raichu|88\/100|[from] Stealth Rock\n|turn|28\n|\n|t:|1701188530\n|move|p1a: Medicham|Bullet Punch|p2a: Raichu\n|-resisted|p2a: Raichu\n|-damage|p2a: Raichu|64\/100\n|move|p2a: Raichu|Rising Voltage|p1a: Medicham\n|-hint|Rising Voltage's BP doubled on grounded target.\n|-damage|p1a: Medicham|0 fnt\n|faint|p1a: Medicham\n|-damage|p2a: Raichu|54\/100|[from] item: Life Orb\n|\n|upkeep\n|\n|t:|1701188532\n|switch|p1a: Clefable|Clefable, F|89\/100\n|turn|29\n|\n|t:|1701188547\n|move|p2a: Raichu|Rising Voltage|p1a: Clefable\n|-hint|Rising Voltage's BP doubled on grounded target.\n|-damage|p1a: Clefable|0 fnt\n|faint|p1a: Clefable\n|-damage|p2a: Raichu|44\/100|[from] item: Life Orb\n|\n|win|huangrice\n|raw|BeeruhBeement's rating: 1289 &rarr; <strong>1260<\/strong><br \/>(-29 for losing)\n|raw|huangrice's rating: 1231 &rarr; <strong>1260<\/strong><br \/>(+29 for winning)\n|l|\u2606BeeruhBeement\n","uploadtime":1701188562,"views":10,"p1id":"beeruhbeement","p2id":"huangrice","formatid":"gen9nationaldex","rating":1260,"private":0,"password":""}