{"id":"gen9nationaldex-1999237003","p1":"Pinye","p2":"FarofaComOvos","format":"[Gen 9] National Dex","log":"|html|<div class=\"broadcast-blue\"><strong>[Gen 9] National Dex is currently suspecting Sneasler! For information on how to participate check out the <a href=\"https:\/\/www.smogon.com\/forums\/threads\/sv-national-dex-suspect-8-just-dance.3731534\/\">suspect thread<\/a>.<\/strong><\/div>\n|j|\u2606Pinye\n|j|\u2606FarofaComOvos\n|t:|1701049126\n|gametype|singles\n|player|p1|Pinye|cress|\n|player|p2|FarofaComOvos|steven|\n|teamsize|p1|4\n|teamsize|p2|3\n|gen|9\n|tier|[Gen 9] National Dex\n|rule|HP Percentage Mod: HP is shown in percentages\n|rule|Endless Battle Clause: Forcing endless battles is banned\n|rule|OHKO Clause: OHKO moves are banned\n|rule|Evasion Clause: Evasion abilities, items, and moves are banned\n|rule|Evasion Abilities Clause: Evasion abilities are banned\n|rule|Evasion Items Clause: Evasion items are banned\n|rule|Evasion Moves Clause: Evasion moves are banned\n|rule|Species Clause: Limit one of each Pok\u00e9mon\n|rule|Sleep Clause Mod: Limit one foe put to sleep\n|clearpoke\n|poke|p1|Raboot, L24, M|\n|poke|p1|Breloom, L24, F|\n|poke|p1|Corvisquire, L24, M|\n|poke|p1|Wimpod, L24, M|\n|poke|p2|Servine, L24, M|\n|poke|p2|Shiinotic, L24, M|\n|poke|p2|Whismur, L24, F|\n|teampreview\n|\n|t:|1701049135\n|start\n|switch|p1a: Wimpod|Wimpod, L24, M|100\/100\n|switch|p2a: MLK|Whismur, L24, F|100\/100\n|turn|1\n|c|\u2606Pinye|Vamos l\u00e1, Wimpod!\n|c|\u2606FarofaComOvos|Vai com tudo!\n|\n|t:|1701049159\n|move|p1a: Wimpod|Spikes|p2a: MLK\n|-sidestart|p2: FarofaComOvos|Spikes\n|move|p2a: MLK|Toxic|p1a: Wimpod\n|-status|p1a: Wimpod|tox\n|\n|-damage|p1a: Wimpod|95\/100 tox|[from] psn\n|upkeep\n|turn|2\n|\n|t:|1701049167\n|move|p1a: Wimpod|Spikes|p2a: MLK\n|-sidestart|p2: FarofaComOvos|Spikes\n|move|p2a: MLK|Facade|p1a: Wimpod\n|-damage|p1a: Wimpod|42\/100 tox\n|-activate|p1a: Wimpod|ability: Wimp Out\n|c|\u2606Pinye|Volte! Voc\u00ea pode ser \u00fatil mais tarde!\n|\n|t:|1701049184\n|switch|p1a: Breloom|Breloom, L24, F|100\/100\n|\n|upkeep\n|turn|3\n|c|\u2606FarofaComOvos|P\u00e9ssima escolha amigo!\n|\n|t:|1701049197\n|move|p1a: Breloom|Drain Punch|p2a: MLK\n|-supereffective|p2a: MLK\n|-crit|p2a: MLK\n|-damage|p2a: MLK|0 fnt\n|faint|p2a: MLK\n|\n|upkeep\n|c|\u2606Pinye|R-ruim!?\n|c|\u2606FarofaComOvos|Q-QUE?!\n|c|\u2606Pinye|...\n|c|\u2606Pinye|Ele \u00e9 tipo... Lutador.\n|\n|t:|1701049233\n|switch|p2a: Shinto|Shiinotic, L24, M|100\/100\n|-damage|p2a: Shinto|84\/100|[from] Spikes\n|turn|4\n|c|\u2606FarofaComOvos|Vai Shinto!\n|c|\u2606Pinye|O meu time cobre muitos tipos...\n|\n|t:|1701049247\n|move|p1a: Breloom|Dig||[still]\n|-prepare|p1a: Breloom|Dig\n|move|p2a: Shinto|Moonblast|p1a: Breloom|[miss]\n|-miss|p2a: Shinto|p1a: Breloom\n|\n|upkeep\n|turn|5\n|\n|t:|1701049254\n|move|p1a: Breloom|Dig|p2a: Shinto|[from]lockedmove\n|-resisted|p2a: Shinto\n|-damage|p2a: Shinto|64\/100\n|move|p2a: Shinto|Amnesia|p2a: Shinto\n|-boost|p2a: Shinto|spd|2\n|\n|upkeep\n|turn|6\n|c|\u2606Pinye|D-defesa!?\n|\n|t:|1701049265\n|move|p1a: Breloom|Spore|p2a: Shinto\n|-immune|p2a: Shinto\n|move|p2a: Shinto|Draining Kiss|p1a: Breloom\n|-supereffective|p1a: Breloom\n|-damage|p1a: Breloom|51\/100\n|-heal|p2a: Shinto|100\/100|[from] drain|[of] p1a: Breloom\n|\n|upkeep\n|turn|7\n|c|\u2606Pinye|A-ah!? Voc\u00ea n\u00e3o \u00e9 afetado!?\n|c|\u2606Pinye|Droga! Droga!\n|c|\u2606FarofaComOvos|tisk tisk pequeno Tomas!\n|\n|t:|1701049287\n|move|p1a: Breloom|Drain Punch|p2a: Shinto\n|-resisted|p2a: Shinto\n|-damage|p2a: Shinto|68\/100\n|-heal|p1a: Breloom|68\/100|[from] drain|[of] p2a: Shinto\n|move|p2a: Shinto|Moonblast|p1a: Breloom\n|-supereffective|p1a: Breloom\n|-damage|p1a: Breloom|0 fnt\n|faint|p1a: Breloom\n|\n|upkeep\n|c|\u2606Pinye|E-ELE MORREU!?\n|c|\u2606Pinye|N-n\u00e3o...\n|\n|t:|1701049307\n|switch|p1a: Corvisquire|Corvisquire, L24, M|100\/100\n|turn|8\n|\n|t:|1701049319\n|move|p1a: Corvisquire|Hone Claws|p1a: Corvisquire\n|-boost|p1a: Corvisquire|atk|1\n|-boost|p1a: Corvisquire|accuracy|1\n|move|p2a: Shinto|Moonblast|p1a: Corvisquire\n|-damage|p1a: Corvisquire|44\/100\n|\n|upkeep\n|turn|9\n|c|\u2606Pinye|Vamos l\u00e1, passarinho... Voc\u00ea consegue...!\n|c|\u2606FarofaComOvos|Moonblast\n|\n|t:|1701049336\n|move|p1a: Corvisquire|Peck|p2a: Shinto\n|-supereffective|p2a: Shinto\n|-crit|p2a: Shinto\n|-damage|p2a: Shinto|0 fnt\n|faint|p2a: Shinto\n|\n|upkeep\n|c|\u2606FarofaComOvos|Vai denovo!\n|c|\u2606Pinye|I-ISSO!\n|c|\u2606FarofaComOvos|Oh N\u00e3o!\n|\n|t:|1701049346\n|switch|p2a: Loki|Servine, L24, M|100\/100\n|-damage|p2a: Loki|85\/100|[from] Spikes\n|turn|10\n|c|\u2606Pinye|Hm...\n|c|\u2606FarofaComOvos|Voc\u00ea \u00e9 minha \u00faltima esperan\u00e7a Loki!\n|\n|t:|1701049361\n|move|p2a: Loki|Glare|p1a: Corvisquire\n|-status|p1a: Corvisquire|par\n|move|p1a: Corvisquire|Hone Claws|p1a: Corvisquire\n|-boost|p1a: Corvisquire|atk|1\n|-boost|p1a: Corvisquire|accuracy|1\n|\n|upkeep\n|turn|11\n|c|\u2606Pinye|Fique mais forte!--\n|c|\u2606Pinye|Oh... Paralisia.\n|\n|t:|1701049369\n|move|p2a: Loki|Coil|p2a: Loki\n|-boost|p2a: Loki|atk|1\n|-boost|p2a: Loki|def|1\n|-boost|p2a: Loki|accuracy|1\n|move|p1a: Corvisquire|U-turn|p2a: Loki\n|-supereffective|p2a: Loki\n|-damage|p2a: Loki|36\/100\n|c|\u2606Pinye|Troque para outro!\n|\n|t:|1701049379\n|switch|p1a: Wimpod|Wimpod, L24, M|42\/100 tox|[from] U-turn\n|\n|-damage|p1a: Wimpod|36\/100 tox|[from] psn\n|upkeep\n|turn|12\n|c|\u2606Pinye|Wimpod!\n|\n|t:|1701049389\n|move|p2a: Loki|Leaf Blade|p1a: Wimpod\n|-damage|p1a: Wimpod|0 fnt\n|faint|p1a: Wimpod\n|\n|upkeep\n|c|\u2606Pinye|D-droga...\n|\n|t:|1701049397\n|switch|p1a: Corvisquire|Corvisquire, L24, M|44\/100 par\n|turn|13\n|c|\u2606Pinye|De volta, corvo!\n|\n|t:|1701049414\n|move|p2a: Loki|Iron Tail|p1a: Corvisquire\n|-damage|p1a: Corvisquire|0 fnt\n|faint|p1a: Corvisquire\n|\n|upkeep\n|c|\u2606Pinye|C-COMO!?\n|\n|t:|1701049420\n|switch|p1a: Raboot|Raboot, L24, M|100\/100\n|turn|14\n|c|\u2606FarofaComOvos|Agora.... batalha de iniciais!\n|c|\u2606Pinye|V-vamos l\u00e1... Voc\u00ea consegue... Amigo.\n|\n|t:|1701049439\n|move|p1a: Raboot|Swords Dance|p1a: Raboot\n|-boost|p1a: Raboot|atk|2\n|move|p2a: Loki|Glare|p1a: Raboot\n|-status|p1a: Raboot|par\n|\n|upkeep\n|turn|15\n|c|\u2606Pinye|V-voc\u00ea caiu na minha armadilha!\n|c|\u2606FarofaComOvos|Hhuh???\n|\n|t:|1701049461\n|move|p2a: Loki|Iron Tail|p1a: Raboot\n|-resisted|p1a: Raboot\n|-damage|p1a: Raboot|80\/100 par\n|cant|p1a: Raboot|par\n|\n|upkeep\n|turn|16\n|c|\u2606Pinye|Use Facade!\n|c|\u2606Pinye|N\u00c3O!\n|c|\u2606FarofaComOvos|Isso! continue paradinho!\n|\n|t:|1701049478\n|move|p2a: Loki|Iron Tail|p1a: Raboot\n|-resisted|p1a: Raboot\n|-damage|p1a: Raboot|59\/100 par\n|-unboost|p1a: Raboot|def|1\n|cant|p1a: Raboot|par\n|\n|upkeep\n|turn|17\n|c|\u2606Pinye|DROGA!\n|\n|t:|1701049490\n|move|p2a: Loki|Iron Tail|p1a: Raboot\n|-resisted|p1a: Raboot\n|-damage|p1a: Raboot|29\/100 par\n|-unboost|p1a: Raboot|def|1\n|move|p1a: Raboot|Swords Dance|p1a: Raboot\n|-boost|p1a: Raboot|atk|2\n|\n|upkeep\n|turn|18\n|c|\u2606Pinye|M-meu ataque vai finalizar voc\u00ea!\n|c|\u2606FarofaComOvos|Esse pode ser o meu \u00faltimo ataque...\n|c|\u2606FarofaComOvos|Um de n\u00f3s vai cair Tomas!\n|\n|t:|1701049517\n|move|p2a: Loki|Iron Tail|p1a: Raboot\n|-resisted|p1a: Raboot\n|-damage|p1a: Raboot|0 fnt\n|faint|p1a: Raboot\n|\n|win|FarofaComOvos\n|c|\u2606Pinye|Vamos jogar com a sorte, ent\u00e3o!\n|c|\u2606FarofaComOvos|Boa batalha!\n|l|\u2606FarofaComOvos\n|l|\u2606Pinye\n|j| Ademe Yoki\n","uploadtime":1701049897,"views":2,"p1id":"pinye","p2id":"farofacomovos","formatid":"gen9nationaldex","rating":0,"private":0,"password":""}