{"id":"gen9nationaldex-1992706724","p1":"testing a funni3","p2":"gshaogshao","format":"[Gen 9] National Dex","log":"|j|\u2606testing a funni3\n|j|\u2606gshaogshao\n|t:|1700227497\n|gametype|singles\n|player|p1|testing a funni3|unknownf|1510\n|player|p2|gshaogshao|169|1487\n|teamsize|p1|6\n|teamsize|p2|6\n|gen|9\n|tier|[Gen 9] National Dex\n|rated|\n|rule|HP Percentage Mod: HP is shown in percentages\n|rule|Endless Battle Clause: Forcing endless battles is banned\n|rule|OHKO Clause: OHKO moves are banned\n|rule|Evasion Clause: Evasion abilities, items, and moves are banned\n|rule|Evasion Abilities Clause: Evasion abilities are banned\n|rule|Evasion Items Clause: Evasion items are banned\n|rule|Evasion Moves Clause: Evasion moves are banned\n|rule|Species Clause: Limit one of each Pok\u00e9mon\n|rule|Sleep Clause Mod: Limit one foe put to sleep\n|clearpoke\n|poke|p1|Latios, M|\n|poke|p1|Buzzwole|\n|poke|p1|Gliscor, F|\n|poke|p1|Weavile, M|\n|poke|p1|Heatran, F|\n|poke|p1|Ogerpon-Wellspring, F|\n|poke|p2|Garganacl, F|\n|poke|p2|Rillaboom, M|\n|poke|p2|Gliscor, F|\n|poke|p2|Charizard, F|\n|poke|p2|Alomomola, F|\n|poke|p2|Greninja-*, M|\n|teampreview\n|inactive|Battle timer is ON: inactive players will automatically lose when time's up. (requested by gshaogshao)\n|\n|t:|1700227509\n|start\n|switch|p1a: Weavile|Weavile, M|100\/100\n|switch|p2a: Greninja|Greninja, M|100\/100\n|-ability|p1a: Weavile|Pressure\n|turn|1\n|inactive|testing a funni3 has 120 seconds left.\n|inactive|testing a funni3 has 90 seconds left.\n|inactive|testing a funni3 has 60 seconds left.\n|\n|t:|1700227606\n|move|p1a: Weavile|Knock Off|p2a: Greninja\n|-resisted|p2a: Greninja\n|-damage|p2a: Greninja|37\/100\n|-enditem|p2a: Greninja|Choice Specs|[from] move: Knock Off|[of] p1a: Weavile\n|move|p2a: Greninja|Surf|p1a: Weavile\n|-crit|p1a: Weavile\n|-damage|p1a: Weavile|24\/100\n|\n|upkeep\n|turn|2\n|inactive|testing a funni3 has 60 seconds left.\n|\n|t:|1700227615\n|move|p2a: Greninja|Water Shuriken|p1a: Weavile\n|-damage|p1a: Weavile|14\/100\n|-damage|p1a: Weavile|4\/100\n|-damage|p1a: Weavile|0 fnt\n|faint|p1a: Weavile\n|-ability|p2a: Greninja|Battle Bond|boost\n|-boost|p2a: Greninja|atk|1\n|-boost|p2a: Greninja|spa|1\n|-boost|p2a: Greninja|spe|1\n|-activate|p2a: Greninja|ability: Battle Bond\n|-hitcount|p1: Weavile|3\n|\n|upkeep\n|inactive|testing a funni3 has 60 seconds left.\n|\n|t:|1700227630\n|switch|p1a: Ogerpon|Ogerpon-Wellspring, F|100\/100\n|turn|3\n|\n|t:|1700227638\n|-terastallize|p1a: Ogerpon|Water\n|detailschange|p1a: Ogerpon|Ogerpon-Wellspring-Tera, F, tera:Water\n|-ability|p1a: Ogerpon|Embody Aspect (Wellspring)|boost\n|-boost|p1a: Ogerpon|spd|1\n|move|p2a: Greninja|Dark Pulse|p1a: Ogerpon\n|-crit|p1a: Ogerpon\n|-damage|p1a: Ogerpon|10\/100\n|move|p1a: Ogerpon|Play Rough|p2a: Greninja\n|-supereffective|p2a: Greninja\n|-damage|p2a: Greninja|0 fnt\n|faint|p2a: Greninja\n|\n|upkeep\n|\n|t:|1700227657\n|switch|p2a: Rillaboom|Rillaboom, M|100\/100\n|-fieldstart|move: Grassy Terrain|[from] ability: Grassy Surge|[of] p2a: Rillaboom\n|turn|4\n|\n|t:|1700227666\n|switch|p1a: Gliscor|Gliscor, F|100\/100\n|move|p2a: Rillaboom|Grassy Glide|p1a: Gliscor\n|-damage|p1a: Gliscor|53\/100\n|\n|-status|p1a: Gliscor|tox|[from] item: Toxic Orb\n|upkeep\n|turn|5\n|\n|t:|1700227676\n|switch|p1a: Buzzwole|Buzzwole|100\/100\n|switch|p2a: Charizard|Charizard, F|100\/100\n|\n|upkeep\n|turn|6\n|\n|t:|1700227687\n|switch|p1a: Heatran|Heatran, F|100\/100\n|detailschange|p2a: Charizard|Charizard-Mega-X, F\n|-mega|p2a: Charizard|Charizard|Charizardite X\n|move|p2a: Charizard|Dragon Dance|p2a: Charizard\n|-boost|p2a: Charizard|atk|1\n|-boost|p2a: Charizard|spe|1\n|\n|upkeep\n|turn|7\n|\n|t:|1700227694\n|move|p2a: Charizard|Dragon Claw|p1a: Heatran\n|-resisted|p1a: Heatran\n|-damage|p1a: Heatran|60\/100\n|move|p1a: Heatran|Earth Power|p2a: Charizard\n|-supereffective|p2a: Charizard\n|-damage|p2a: Charizard|26\/100\n|\n|-heal|p2a: Charizard|32\/100|[from] Grassy Terrain\n|-heal|p1a: Heatran|66\/100|[from] Grassy Terrain\n|-heal|p1a: Heatran|72\/100|[from] item: Leftovers\n|upkeep\n|turn|8\n|inactive|testing a funni3 has 90 seconds left.\n|\n|t:|1700227700\n|move|p2a: Charizard|Dragon Claw|p1a: Heatran\n|-resisted|p1a: Heatran\n|-damage|p1a: Heatran|38\/100\n|move|p1a: Heatran|Earth Power|p2a: Charizard\n|-supereffective|p2a: Charizard\n|-damage|p2a: Charizard|0 fnt\n|faint|p2a: Charizard\n|\n|-heal|p1a: Heatran|44\/100|[from] Grassy Terrain\n|-heal|p1a: Heatran|50\/100|[from] item: Leftovers\n|-fieldend|move: Grassy Terrain\n|upkeep\n|\n|t:|1700227714\n|switch|p2a: Gliscor|Gliscor, F|100\/100\n|turn|9\n|\n|t:|1700227722\n|switch|p1a: Gliscor|Gliscor, F|53\/100 tox\n|move|p2a: Gliscor|Earthquake|p1a: Gliscor\n|-immune|p1a: Gliscor\n|\n|-heal|p1a: Gliscor|65\/100 tox|[from] ability: Poison Heal\n|-status|p2a: Gliscor|tox|[from] item: Toxic Orb\n|upkeep\n|turn|10\n|\n|t:|1700227732\n|move|p1a: Gliscor|Defog|p2a: Gliscor\n|-unboost|p2a: Gliscor|evasion|1\n|move|p2a: Gliscor|Taunt|p1a: Gliscor\n|-start|p1a: Gliscor|move: Taunt\n|\n|-heal|p1a: Gliscor|78\/100 tox|[from] ability: Poison Heal\n|upkeep\n|turn|11\n|\n|t:|1700227741\n|switch|p2a: Alomomola|Alomomola, F|100\/100\n|move|p1a: Gliscor|Earthquake|p2a: Alomomola\n|-damage|p2a: Alomomola|83\/100\n|\n|-heal|p1a: Gliscor|90\/100 tox|[from] ability: Poison Heal\n|upkeep\n|turn|12\n|\n|t:|1700227751\n|switch|p1a: Ogerpon|Ogerpon-Wellspring-Tera, F, tera:Water|10\/100\n|-ability|p1a: Ogerpon|Embody Aspect (Wellspring)|boost\n|-boost|p1a: Ogerpon|spd|1\n|move|p2a: Alomomola|Wish|p2a: Alomomola\n|\n|upkeep\n|turn|13\n|inactive|testing a funni3 has 120 seconds left.\n|\n|t:|1700227760\n|switch|p2a: Rillaboom|Rillaboom, M|100\/100\n|-fieldstart|move: Grassy Terrain|[from] ability: Grassy Surge|[of] p2a: Rillaboom\n|move|p1a: Ogerpon|Swords Dance|p1a: Ogerpon\n|-boost|p1a: Ogerpon|atk|2\n|\n|-heal|p1a: Ogerpon|16\/100|[from] Grassy Terrain\n|upkeep\n|turn|14\n|\n|t:|1700227767\n|switch|p1a: Buzzwole|Buzzwole|100\/100\n|move|p2a: Rillaboom|Superpower|p1a: Buzzwole\n|-resisted|p1a: Buzzwole\n|-damage|p1a: Buzzwole|87\/100\n|-unboost|p2a: Rillaboom|atk|1\n|-unboost|p2a: Rillaboom|def|1\n|\n|-heal|p1a: Buzzwole|93\/100|[from] Grassy Terrain\n|upkeep\n|turn|15\n|\n|t:|1700227783\n|switch|p2a: Alomomola|Alomomola, F|100\/100\n|move|p1a: Buzzwole|Bulk Up|p1a: Buzzwole\n|-boost|p1a: Buzzwole|atk|1\n|-boost|p1a: Buzzwole|def|1\n|\n|-heal|p1a: Buzzwole|99\/100|[from] Grassy Terrain\n|upkeep\n|turn|16\n|\n|t:|1700227792\n|move|p1a: Buzzwole|Drain Punch|p2a: Alomomola\n|-damage|p2a: Alomomola|72\/100\n|-heal|p1a: Buzzwole|100\/100|[from] drain|[of] p2a: Alomomola\n|-damage|p1a: Buzzwole|84\/100|[from] item: Rocky Helmet|[of] p2a: Alomomola\n|move|p2a: Alomomola|Toxic|p1a: Buzzwole|[miss]\n|-miss|p2a: Alomomola|p1a: Buzzwole\n|\n|-heal|p1a: Buzzwole|90\/100|[from] Grassy Terrain\n|-heal|p2a: Alomomola|78\/100|[from] Grassy Terrain\n|upkeep\n|turn|17\n|\n|t:|1700227800\n|switch|p1a: Heatran|Heatran, F|50\/100\n|move|p2a: Alomomola|Toxic|p1a: Heatran\n|-immune|p1a: Heatran\n|\n|-heal|p1a: Heatran|56\/100|[from] Grassy Terrain\n|-heal|p1a: Heatran|63\/100|[from] item: Leftovers\n|-heal|p2a: Alomomola|84\/100|[from] Grassy Terrain\n|-fieldend|move: Grassy Terrain\n|upkeep\n|turn|18\n|\n|t:|1700227807\n|move|p1a: Heatran|Magma Storm|p2a: Alomomola\n|-resisted|p2a: Alomomola\n|-damage|p2a: Alomomola|60\/100\n|-activate|p2a: Alomomola|move: Magma Storm|[of] p1a: Heatran\n|move|p2a: Alomomola|Flip Turn|p1a: Heatran\n|-supereffective|p1a: Heatran\n|-damage|p1a: Heatran|36\/100\n|\n|t:|1700227818\n|switch|p2a: Gliscor|Gliscor, F|100\/100 tox|[from] Flip Turn\n|\n|-heal|p1a: Heatran|42\/100|[from] item: Leftovers\n|upkeep\n|turn|19\n|\n|t:|1700227828\n|switch|p2a: Rillaboom|Rillaboom, M|100\/100\n|-fieldstart|move: Grassy Terrain|[from] ability: Grassy Surge|[of] p2a: Rillaboom\n|switch|p1a: Gliscor|Gliscor, F|90\/100 tox\n|\n|-heal|p1a: Gliscor|100\/100 tox|[from] ability: Poison Heal\n|upkeep\n|turn|20\n|\n|t:|1700227839\n|-terastallize|p2a: Rillaboom|Grass\n|move|p1a: Gliscor|Toxic|p2a: Rillaboom\n|-status|p2a: Rillaboom|tox\n|move|p2a: Rillaboom|Drum Beating|p1a: Gliscor\n|-damage|p1a: Gliscor|14\/100 tox\n|-unboost|p1a: Gliscor|spe|1\n|\n|-damage|p2a: Rillaboom|94\/100 tox|[from] psn\n|-heal|p1a: Gliscor|27\/100 tox|[from] ability: Poison Heal\n|upkeep\n|turn|21\n|\n|t:|1700227848\n|switch|p1a: Buzzwole|Buzzwole|90\/100\n|move|p2a: Rillaboom|Drum Beating|p1a: Buzzwole\n|-resisted|p1a: Buzzwole\n|-damage|p1a: Buzzwole|63\/100\n|-unboost|p1a: Buzzwole|spe|1\n|\n|-heal|p2a: Rillaboom|100\/100 tox|[from] Grassy Terrain\n|-heal|p1a: Buzzwole|70\/100|[from] Grassy Terrain\n|-damage|p2a: Rillaboom|88\/100 tox|[from] psn\n|upkeep\n|turn|22\n|\n|t:|1700227857\n|switch|p2a: Alomomola|Alomomola, F|93\/100\n|move|p1a: Buzzwole|Drain Punch|p2a: Alomomola\n|-damage|p2a: Alomomola|76\/100\n|-heal|p1a: Buzzwole|81\/100|[from] drain|[of] p2a: Alomomola\n|-damage|p1a: Buzzwole|64\/100|[from] item: Rocky Helmet|[of] p2a: Alomomola\n|\n|-heal|p2a: Alomomola|83\/100|[from] Grassy Terrain\n|-heal|p1a: Buzzwole|70\/100|[from] Grassy Terrain\n|upkeep\n|turn|23\n|\n|t:|1700227868\n|switch|p1a: Ogerpon|Ogerpon-Wellspring-Tera, F, tera:Water|16\/100\n|-ability|p1a: Ogerpon|Embody Aspect (Wellspring)|boost\n|-boost|p1a: Ogerpon|spd|1\n|move|p2a: Alomomola|Flip Turn|p1a: Ogerpon\n|-resisted|p1a: Ogerpon\n|-damage|p1a: Ogerpon|6\/100\n|\n|t:|1700227877\n|switch|p2a: Rillaboom|Rillaboom, M, tera:Grass|88\/100 tox|[from] Flip Turn\n|\n|-heal|p1a: Ogerpon|12\/100|[from] Grassy Terrain\n|-heal|p2a: Rillaboom|94\/100 tox|[from] Grassy Terrain\n|-damage|p2a: Rillaboom|88\/100 tox|[from] psn\n|-fieldend|move: Grassy Terrain\n|upkeep\n|turn|24\n|\n|t:|1700227892\n|move|p1a: Ogerpon|Play Rough|p2a: Rillaboom\n|-damage|p2a: Rillaboom|54\/100 tox\n|move|p2a: Rillaboom|Drum Beating|p1a: Ogerpon\n|-supereffective|p1a: Ogerpon\n|-damage|p1a: Ogerpon|0 fnt\n|faint|p1a: Ogerpon\n|\n|-damage|p2a: Rillaboom|42\/100 tox|[from] psn\n|upkeep\n|\n|t:|1700227896\n|switch|p1a: Latios|Latios, M|100\/100\n|turn|25\n|\n|t:|1700227902\n|switch|p2a: Alomomola|Alomomola, F|100\/100\n|detailschange|p1a: Latios|Latios-Mega, M\n|-mega|p1a: Latios|Latios|Latiosite\n|move|p1a: Latios|Psychic|p2a: Alomomola\n|-damage|p2a: Alomomola|32\/100\n|\n|upkeep\n|turn|26\n|\n|t:|1700227915\n|move|p1a: Latios|Psychic|p2a: Alomomola\n|-damage|p2a: Alomomola|0 fnt\n|faint|p2a: Alomomola\n|\n|upkeep\n|\n|t:|1700227919\n|switch|p2a: Rillaboom|Rillaboom, M, tera:Grass|42\/100 tox\n|-fieldstart|move: Grassy Terrain|[from] ability: Grassy Surge|[of] p2a: Rillaboom\n|turn|27\n|j| Aptham\n|\n|t:|1700227927\n|move|p2a: Rillaboom|Grassy Glide|p1a: Latios\n|-resisted|p1a: Latios\n|-damage|p1a: Latios|56\/100\n|move|p1a: Latios|Psychic|p2a: Rillaboom\n|-damage|p2a: Rillaboom|0 fnt\n|faint|p2a: Rillaboom\n|\n|upkeep\n|\n|t:|1700227933\n|switch|p2a: Garganacl|Garganacl, F|100\/100\n|turn|28\n|\n|t:|1700227939\n|move|p1a: Latios|Aura Sphere|p2a: Garganacl\n|-supereffective|p2a: Garganacl\n|-damage|p2a: Garganacl|56\/100\n|move|p2a: Garganacl|Salt Cure|p1a: Latios\n|-damage|p1a: Latios|39\/100\n|-start|p1a: Latios|Salt Cure\n|\n|-heal|p2a: Garganacl|63\/100|[from] Grassy Terrain\n|-heal|p2a: Garganacl|69\/100|[from] item: Leftovers\n|-damage|p1a: Latios|26\/100|[from] Salt Cure\n|upkeep\n|turn|29\n|\n|t:|1700227947\n|move|p1a: Latios|Roost|p1a: Latios\n|-heal|p1a: Latios|77\/100\n|-singleturn|p1a: Latios|move: Roost\n|move|p2a: Garganacl|Iron Defense|p2a: Garganacl\n|-boost|p2a: Garganacl|def|2\n|\n|-heal|p2a: Garganacl|75\/100|[from] Grassy Terrain\n|-heal|p2a: Garganacl|81\/100|[from] item: Leftovers\n|-damage|p1a: Latios|64\/100|[from] Salt Cure\n|upkeep\n|turn|30\n|\n|t:|1700227953\n|move|p1a: Latios|Psychic|p2a: Garganacl\n|-damage|p2a: Garganacl|48\/100\n|move|p2a: Garganacl|Iron Defense|p2a: Garganacl\n|-boost|p2a: Garganacl|def|2\n|\n|-heal|p2a: Garganacl|54\/100|[from] Grassy Terrain\n|-heal|p2a: Garganacl|60\/100|[from] item: Leftovers\n|-damage|p1a: Latios|52\/100|[from] Salt Cure\n|upkeep\n|turn|31\n|\n|t:|1700227962\n|move|p1a: Latios|Psychic|p2a: Garganacl\n|-damage|p2a: Garganacl|25\/100\n|move|p2a: Garganacl|Recover|p2a: Garganacl\n|-heal|p2a: Garganacl|75\/100\n|\n|-heal|p2a: Garganacl|81\/100|[from] Grassy Terrain\n|-heal|p2a: Garganacl|87\/100|[from] item: Leftovers\n|-damage|p1a: Latios|40\/100|[from] Salt Cure\n|-fieldend|move: Grassy Terrain\n|upkeep\n|turn|32\n|\n|t:|1700227967\n|move|p1a: Latios|Roost|p1a: Latios\n|-heal|p1a: Latios|90\/100\n|-singleturn|p1a: Latios|move: Roost\n|move|p2a: Garganacl|Salt Cure|p1a: Latios\n|-damage|p1a: Latios|74\/100\n|\n|-heal|p2a: Garganacl|93\/100|[from] item: Leftovers\n|-damage|p1a: Latios|61\/100|[from] Salt Cure\n|upkeep\n|turn|33\n|\n|t:|1700227975\n|move|p1a: Latios|Psychic|p2a: Garganacl\n|-damage|p2a: Garganacl|56\/100\n|move|p2a: Garganacl|Body Press|p1a: Latios\n|-resisted|p1a: Latios\n|-damage|p1a: Latios|24\/100\n|\n|-heal|p2a: Garganacl|62\/100|[from] item: Leftovers\n|-damage|p1a: Latios|12\/100|[from] Salt Cure\n|upkeep\n|turn|34\n|\n|t:|1700227986\n|move|p1a: Latios|Roost|p1a: Latios\n|-heal|p1a: Latios|62\/100\n|-singleturn|p1a: Latios|move: Roost\n|move|p2a: Garganacl|Iron Defense|p2a: Garganacl\n|-boost|p2a: Garganacl|def|2\n|\n|-heal|p2a: Garganacl|68\/100|[from] item: Leftovers\n|-damage|p1a: Latios|50\/100|[from] Salt Cure\n|upkeep\n|turn|35\n|\n|t:|1700227992\n|move|p1a: Latios|Psychic|p2a: Garganacl\n|-damage|p2a: Garganacl|30\/100\n|move|p2a: Garganacl|Body Press|p1a: Latios\n|-resisted|p1a: Latios\n|-damage|p1a: Latios|2\/100\n|\n|-heal|p2a: Garganacl|36\/100|[from] item: Leftovers\n|-damage|p1a: Latios|0 fnt|[from] Salt Cure\n|faint|p1a: Latios\n|upkeep\n|\n|t:|1700227997\n|switch|p1a: Heatran|Heatran, F|42\/100\n|turn|36\n|\n|t:|1700228006\n|move|p1a: Heatran|Earth Power|p2a: Garganacl\n|-supereffective|p2a: Garganacl\n|-damage|p2a: Garganacl|3\/100\n|move|p2a: Garganacl|Body Press|p1a: Heatran\n|-supereffective|p1a: Heatran\n|-damage|p1a: Heatran|0 fnt\n|faint|p1a: Heatran\n|\n|-heal|p2a: Garganacl|9\/100|[from] item: Leftovers\n|upkeep\n|\n|t:|1700228010\n|switch|p1a: Buzzwole|Buzzwole|70\/100\n|turn|37\n|\n|t:|1700228023\n|move|p1a: Buzzwole|Drain Punch|p2a: Garganacl\n|-supereffective|p2a: Garganacl\n|-damage|p2a: Garganacl|0 fnt\n|-heal|p1a: Buzzwole|74\/100|[from] drain|[of] p2a: Garganacl\n|faint|p2a: Garganacl\n|-ability|p1a: Buzzwole|Beast Boost|boost\n|-boost|p1a: Buzzwole|def|1\n|\n|upkeep\n|\n|t:|1700228027\n|switch|p2a: Gliscor|Gliscor, F|100\/100 tox\n|turn|38\n|\n|t:|1700228030\n|move|p2a: Gliscor|Toxic|p1a: Buzzwole\n|-status|p1a: Buzzwole|tox\n|move|p1a: Buzzwole|Ice Punch|p2a: Gliscor\n|-supereffective|p2a: Gliscor\n|-damage|p2a: Gliscor|45\/100 tox\n|\n|-heal|p2a: Gliscor|58\/100 tox|[from] ability: Poison Heal\n|-damage|p1a: Buzzwole|68\/100 tox|[from] psn\n|upkeep\n|turn|39\n|\n|t:|1700228052\n|move|p2a: Gliscor|Taunt|p1a: Buzzwole\n|-start|p1a: Buzzwole|move: Taunt\n|move|p1a: Buzzwole|Ice Punch|p2a: Gliscor\n|-supereffective|p2a: Gliscor\n|-damage|p2a: Gliscor|3\/100 tox\n|\n|-heal|p2a: Gliscor|16\/100 tox|[from] ability: Poison Heal\n|-damage|p1a: Buzzwole|56\/100 tox|[from] psn\n|upkeep\n|turn|40\n|\n|t:|1700228059\n|move|p2a: Gliscor|Roost|p2a: Gliscor\n|-heal|p2a: Gliscor|66\/100 tox\n|-singleturn|p2a: Gliscor|move: Roost\n|move|p1a: Buzzwole|Ice Punch|p2a: Gliscor\n|-supereffective|p2a: Gliscor\n|-damage|p2a: Gliscor|36\/100 tox\n|\n|-heal|p2a: Gliscor|49\/100 tox|[from] ability: Poison Heal\n|-damage|p1a: Buzzwole|37\/100 tox|[from] psn\n|upkeep\n|turn|41\n|\n|t:|1700228065\n|switch|p1a: Gliscor|Gliscor, F|27\/100 tox\n|move|p2a: Gliscor|Roost|p2a: Gliscor\n|-heal|p2a: Gliscor|99\/100 tox\n|-singleturn|p2a: Gliscor|move: Roost\n|\n|-heal|p1a: Gliscor|39\/100 tox|[from] ability: Poison Heal\n|-heal|p2a: Gliscor|100\/100 tox|[from] ability: Poison Heal\n|upkeep\n|turn|42\n|\n|t:|1700228071\n|move|p1a: Gliscor|Roost|p1a: Gliscor\n|-heal|p1a: Gliscor|89\/100 tox\n|-singleturn|p1a: Gliscor|move: Roost\n|move|p2a: Gliscor|Toxic|p1a: Gliscor\n|-fail|p1a: Gliscor|tox\n|\n|-heal|p1a: Gliscor|100\/100 tox|[from] ability: Poison Heal\n|upkeep\n|turn|43\n|\n|t:|1700228076\n|move|p1a: Gliscor|Defog|p2a: Gliscor\n|-unboost|p2a: Gliscor|evasion|1\n|move|p2a: Gliscor|Toxic|p1a: Gliscor\n|-fail|p1a: Gliscor|tox\n|\n|upkeep\n|turn|44\n|\n|t:|1700228081\n|move|p1a: Gliscor|Defog|p2a: Gliscor\n|-unboost|p2a: Gliscor|evasion|1\n|move|p2a: Gliscor|Taunt|p1a: Gliscor\n|-start|p1a: Gliscor|move: Taunt\n|\n|upkeep\n|turn|45\n|\n|t:|1700228084\n|move|p1a: Gliscor|Earthquake|p2a: Gliscor\n|-immune|p2a: Gliscor\n|move|p2a: Gliscor|Toxic|p1a: Gliscor\n|-fail|p1a: Gliscor|tox\n|\n|upkeep\n|turn|46\n|\n|t:|1700228089\n|move|p1a: Gliscor|Earthquake|p2a: Gliscor\n|-immune|p2a: Gliscor\n|move|p2a: Gliscor|Toxic|p1a: Gliscor|[miss]\n|-miss|p2a: Gliscor|p1a: Gliscor\n|\n|upkeep\n|turn|47\n|\n|t:|1700228094\n|move|p1a: Gliscor|Earthquake|p2a: Gliscor\n|-immune|p2a: Gliscor\n|move|p2a: Gliscor|Toxic|p1a: Gliscor\n|-fail|p1a: Gliscor|tox\n|\n|-end|p1a: Gliscor|move: Taunt\n|upkeep\n|turn|48\n|\n|t:|1700228101\n|move|p1a: Gliscor|Toxic|p2a: Gliscor\n|-fail|p2a: Gliscor|tox\n|move|p2a: Gliscor|Toxic|p1a: Gliscor|[miss]\n|-miss|p2a: Gliscor|p1a: Gliscor\n|\n|upkeep\n|turn|49\n|\n|t:|1700228117\n|switch|p1a: Buzzwole|Buzzwole|37\/100 tox\n|move|p2a: Gliscor|Toxic|p1a: Buzzwole\n|-fail|p1a: Buzzwole|tox\n|\n|-damage|p1a: Buzzwole|31\/100 tox|[from] psn\n|upkeep\n|turn|50\n|\n|t:|1700228125\n|move|p2a: Gliscor|Taunt|p1a: Buzzwole\n|-start|p1a: Buzzwole|move: Taunt\n|cant|p1a: Buzzwole|move: Taunt|Roost\n|\n|-damage|p1a: Buzzwole|18\/100 tox|[from] psn\n|upkeep\n|turn|51\n|\n|t:|1700228143\n|switch|p1a: Gliscor|Gliscor, F|100\/100 tox\n|move|p2a: Gliscor|Earthquake|p1a: Gliscor\n|-immune|p1a: Gliscor\n|\n|upkeep\n|turn|52\n|\n|t:|1700228152\n|move|p1a: Gliscor|Defog|p2a: Gliscor\n|-unboost|p2a: Gliscor|evasion|1\n|move|p2a: Gliscor|Toxic|p1a: Gliscor\n|-fail|p1a: Gliscor|tox\n|\n|upkeep\n|turn|53\n|\n|t:|1700228165\n|move|p1a: Gliscor|Toxic|p2a: Gliscor\n|-fail|p2a: Gliscor|tox\n|move|p2a: Gliscor|Toxic|p1a: Gliscor\n|-fail|p1a: Gliscor|tox\n|\n|upkeep\n|turn|54\n|\n|t:|1700228173\n|move|p1a: Gliscor|Toxic|p2a: Gliscor\n|-fail|p2a: Gliscor|tox\n|move|p2a: Gliscor|Toxic|p1a: Gliscor\n|-fail|p1a: Gliscor|tox\n|\n|upkeep\n|turn|55\n|\n|t:|1700228178\n|move|p1a: Gliscor|Toxic|p2a: Gliscor\n|-fail|p2a: Gliscor|tox\n|move|p2a: Gliscor|Toxic|p1a: Gliscor\n|-fail|p1a: Gliscor|tox\n|\n|upkeep\n|turn|56\n|\n|t:|1700228181\n|move|p1a: Gliscor|Defog|p2a: Gliscor\n|-unboost|p2a: Gliscor|evasion|1\n|move|p2a: Gliscor|Toxic|p1a: Gliscor\n|-fail|p1a: Gliscor|tox\n|\n|upkeep\n|turn|57\n|\n|t:|1700228185\n|move|p1a: Gliscor|Defog|p2a: Gliscor\n|-unboost|p2a: Gliscor|evasion|1\n|move|p2a: Gliscor|Toxic|p1a: Gliscor\n|-fail|p1a: Gliscor|tox\n|\n|upkeep\n|turn|58\n|\n|t:|1700228189\n|move|p1a: Gliscor|Defog|p2a: Gliscor\n|-unboost|p2a: Gliscor|evasion|1\n|move|p2a: Gliscor|Toxic|p1a: Gliscor|[miss]\n|-miss|p2a: Gliscor|p1a: Gliscor\n|\n|upkeep\n|turn|59\n|\n|t:|1700228191\n|move|p1a: Gliscor|Defog||[still]\n|-unboost|p2a: Gliscor|evasion|0\n|-fail|p1a: Gliscor\n|move|p2a: Gliscor|Toxic|p1a: Gliscor\n|-fail|p1a: Gliscor|tox\n|\n|upkeep\n|turn|60\n|\n|t:|1700228196\n|move|p1a: Gliscor|Toxic|p2a: Gliscor\n|-fail|p2a: Gliscor|tox\n|move|p2a: Gliscor|Earthquake|p1a: Gliscor\n|-immune|p1a: Gliscor\n|\n|upkeep\n|turn|61\n|\n|t:|1700228208\n|move|p1a: Gliscor|Defog||[still]\n|-unboost|p2a: Gliscor|evasion|0\n|-fail|p1a: Gliscor\n|move|p2a: Gliscor|Earthquake|p1a: Gliscor\n|-immune|p1a: Gliscor\n|\n|upkeep\n|turn|62\n|\n|t:|1700228214\n|move|p1a: Gliscor|Defog||[still]\n|-unboost|p2a: Gliscor|evasion|0\n|-fail|p1a: Gliscor\n|move|p2a: Gliscor|Earthquake|p1a: Gliscor\n|-immune|p1a: Gliscor\n|\n|upkeep\n|turn|63\n|\n|t:|1700228218\n|move|p1a: Gliscor|Defog||[still]\n|-unboost|p2a: Gliscor|evasion|0\n|-fail|p1a: Gliscor\n|move|p2a: Gliscor|Taunt|p1a: Gliscor\n|-start|p1a: Gliscor|move: Taunt\n|\n|upkeep\n|turn|64\n|\n|t:|1700228224\n|switch|p1a: Buzzwole|Buzzwole|18\/100 tox\n|move|p2a: Gliscor|Earthquake|p1a: Buzzwole\n|-resisted|p1a: Buzzwole\n|-damage|p1a: Buzzwole|11\/100 tox\n|\n|-damage|p1a: Buzzwole|5\/100 tox|[from] psn\n|upkeep\n|turn|65\n|\n|t:|1700228236\n|move|p2a: Gliscor|Taunt|p1a: Buzzwole\n|-start|p1a: Buzzwole|move: Taunt\n|move|p1a: Buzzwole|Ice Punch|p2a: Gliscor\n|-supereffective|p2a: Gliscor\n|-damage|p2a: Gliscor|47\/100 tox\n|\n|-heal|p2a: Gliscor|60\/100 tox|[from] ability: Poison Heal\n|-damage|p1a: Buzzwole|0 fnt|[from] psn\n|faint|p1a: Buzzwole\n|upkeep\n|\n|t:|1700228241\n|switch|p1a: Gliscor|Gliscor, F|100\/100 tox\n|turn|66\n|\n|t:|1700228246\n|move|p1a: Gliscor|Toxic|p2a: Gliscor\n|-fail|p2a: Gliscor|tox\n|move|p2a: Gliscor|Taunt|p1a: Gliscor\n|-start|p1a: Gliscor|move: Taunt\n|\n|-heal|p2a: Gliscor|72\/100 tox|[from] ability: Poison Heal\n|upkeep\n|turn|67\n|\n|t:|1700228249\n|move|p1a: Gliscor|Earthquake|p2a: Gliscor\n|-immune|p2a: Gliscor\n|move|p2a: Gliscor|Roost|p2a: Gliscor\n|-heal|p2a: Gliscor|100\/100 tox\n|-singleturn|p2a: Gliscor|move: Roost\n|\n|upkeep\n|turn|68\n|\n|t:|1700228253\n|move|p1a: Gliscor|Earthquake|p2a: Gliscor\n|-immune|p2a: Gliscor\n|move|p2a: Gliscor|Earthquake|p1a: Gliscor\n|-immune|p1a: Gliscor\n|\n|upkeep\n|turn|69\n|\n|t:|1700228257\n|move|p1a: Gliscor|Earthquake|p2a: Gliscor\n|-immune|p2a: Gliscor\n|move|p2a: Gliscor|Earthquake|p1a: Gliscor\n|-immune|p1a: Gliscor\n|\n|-end|p1a: Gliscor|move: Taunt\n|upkeep\n|turn|70\n|\n|t:|1700228263\n|move|p1a: Gliscor|Defog||[still]\n|-unboost|p2a: Gliscor|evasion|0\n|-fail|p1a: Gliscor\n|move|p2a: Gliscor|Earthquake|p1a: Gliscor\n|-immune|p1a: Gliscor\n|\n|upkeep\n|turn|71\n|\n|t:|1700228271\n|move|p1a: Gliscor|Toxic|p2a: Gliscor\n|-fail|p2a: Gliscor|tox\n|move|p2a: Gliscor|Earthquake|p1a: Gliscor\n|-immune|p1a: Gliscor\n|\n|upkeep\n|turn|72\n|\n|t:|1700228283\n|move|p1a: Gliscor|Defog||[still]\n|-unboost|p2a: Gliscor|evasion|0\n|-fail|p1a: Gliscor\n|move|p2a: Gliscor|Earthquake|p1a: Gliscor\n|-immune|p1a: Gliscor\n|\n|upkeep\n|turn|73\n|\n|t:|1700228304\n|move|p1a: Gliscor|Defog||[still]\n|-unboost|p2a: Gliscor|evasion|0\n|-fail|p1a: Gliscor\n|move|p2a: Gliscor|Earthquake|p1a: Gliscor\n|-immune|p1a: Gliscor\n|\n|upkeep\n|turn|74\n|\n|t:|1700228321\n|move|p1a: Gliscor|Defog||[still]\n|-unboost|p2a: Gliscor|evasion|0\n|-fail|p1a: Gliscor\n|move|p2a: Gliscor|Earthquake|p1a: Gliscor\n|-immune|p1a: Gliscor\n|\n|upkeep\n|turn|75\n|\n|t:|1700228328\n|move|p1a: Gliscor|Defog||[still]\n|-unboost|p2a: Gliscor|evasion|0\n|-fail|p1a: Gliscor\n|move|p2a: Gliscor|Earthquake|p1a: Gliscor\n|-immune|p1a: Gliscor\n|\n|upkeep\n|turn|76\n|\n|t:|1700228335\n|move|p1a: Gliscor|Defog||[still]\n|-unboost|p2a: Gliscor|evasion|0\n|-fail|p1a: Gliscor\n|move|p2a: Gliscor|Earthquake|p1a: Gliscor\n|-immune|p1a: Gliscor\n|\n|upkeep\n|turn|77\n|\n|t:|1700228342\n|move|p1a: Gliscor|Defog||[still]\n|-unboost|p2a: Gliscor|evasion|0\n|-fail|p1a: Gliscor\n|move|p2a: Gliscor|Earthquake|p1a: Gliscor\n|-immune|p1a: Gliscor\n|\n|upkeep\n|turn|78\n|\n|t:|1700228346\n|move|p1a: Gliscor|Toxic|p2a: Gliscor\n|-fail|p2a: Gliscor|tox\n|move|p2a: Gliscor|Taunt|p1a: Gliscor\n|-start|p1a: Gliscor|move: Taunt\n|\n|upkeep\n|turn|79\n|\n|t:|1700228353\n|move|p1a: Gliscor|Earthquake|p2a: Gliscor\n|-immune|p2a: Gliscor\n|move|p2a: Gliscor|Taunt||[still]\n|-fail|p2a: Gliscor\n|\n|upkeep\n|turn|80\n|\n|t:|1700228359\n|move|p1a: Gliscor|Earthquake|p2a: Gliscor\n|-immune|p2a: Gliscor\n|move|p2a: Gliscor|Taunt||[still]\n|-fail|p2a: Gliscor\n|\n|upkeep\n|turn|81\n|\n|t:|1700228363\n|move|p1a: Gliscor|Earthquake|p2a: Gliscor\n|-immune|p2a: Gliscor\n|move|p2a: Gliscor|Taunt||[still]\n|-fail|p2a: Gliscor\n|\n|-end|p1a: Gliscor|move: Taunt\n|upkeep\n|turn|82\n|\n|t:|1700228367\n|move|p1a: Gliscor|Defog||[still]\n|-unboost|p2a: Gliscor|evasion|0\n|-fail|p1a: Gliscor\n|move|p2a: Gliscor|Taunt|p1a: Gliscor\n|-start|p1a: Gliscor|move: Taunt\n|\n|upkeep\n|turn|83\n|\n|t:|1700228373\n|move|p1a: Gliscor|Earthquake|p2a: Gliscor\n|-immune|p2a: Gliscor\n|move|p2a: Gliscor|Taunt||[still]\n|-fail|p2a: Gliscor\n|\n|upkeep\n|turn|84\n|\n|t:|1700228378\n|move|p1a: Gliscor|Earthquake|p2a: Gliscor\n|-immune|p2a: Gliscor\n|move|p2a: Gliscor|Taunt||[still]\n|-fail|p2a: Gliscor\n|\n|upkeep\n|turn|85\n|\n|t:|1700228383\n|move|p1a: Gliscor|Earthquake|p2a: Gliscor\n|-immune|p2a: Gliscor\n|move|p2a: Gliscor|Taunt||[still]\n|-fail|p2a: Gliscor\n|\n|-end|p1a: Gliscor|move: Taunt\n|upkeep\n|turn|86\n|\n|t:|1700228387\n|move|p1a: Gliscor|Toxic|p2a: Gliscor\n|-fail|p2a: Gliscor|tox\n|move|p2a: Gliscor|Taunt|p1a: Gliscor\n|-start|p1a: Gliscor|move: Taunt\n|\n|upkeep\n|turn|87\n|\n|t:|1700228395\n|move|p1a: Gliscor|Earthquake|p2a: Gliscor\n|-immune|p2a: Gliscor\n|move|p2a: Gliscor|Taunt||[still]\n|-fail|p2a: Gliscor\n|\n|upkeep\n|turn|88\n|\n|t:|1700228398\n|move|p1a: Gliscor|Earthquake|p2a: Gliscor\n|-immune|p2a: Gliscor\n|move|p2a: Gliscor|Taunt||[still]\n|-fail|p2a: Gliscor\n|\n|upkeep\n|turn|89\n|\n|t:|1700228402\n|move|p1a: Gliscor|Earthquake|p2a: Gliscor\n|-immune|p2a: Gliscor\n|move|p2a: Gliscor|Taunt||[still]\n|-fail|p2a: Gliscor\n|\n|-end|p1a: Gliscor|move: Taunt\n|upkeep\n|turn|90\n|\n|t:|1700228406\n|move|p1a: Gliscor|Defog||[still]\n|-unboost|p2a: Gliscor|evasion|0\n|-fail|p1a: Gliscor\n|move|p2a: Gliscor|Taunt|p1a: Gliscor\n|-start|p1a: Gliscor|move: Taunt\n|\n|upkeep\n|turn|91\n|\n|t:|1700228410\n|-activate|p1a: Gliscor|move: Struggle\n|move|p1a: Gliscor|Struggle|p2a: Gliscor\n|-damage|p2a: Gliscor|94\/100 tox\n|-damage|p1a: Gliscor|76\/100 tox|[from] recoil\n|move|p2a: Gliscor|Taunt||[still]\n|-fail|p2a: Gliscor\n|\n|-heal|p1a: Gliscor|88\/100 tox|[from] ability: Poison Heal\n|-heal|p2a: Gliscor|100\/100 tox|[from] ability: Poison Heal\n|upkeep\n|turn|92\n|\n|t:|1700228418\n|-activate|p1a: Gliscor|move: Struggle\n|move|p1a: Gliscor|Struggle|p2a: Gliscor\n|-damage|p2a: Gliscor|94\/100 tox\n|-damage|p1a: Gliscor|63\/100 tox|[from] recoil\n|move|p2a: Gliscor|Roost|p2a: Gliscor\n|-heal|p2a: Gliscor|100\/100 tox\n|-singleturn|p2a: Gliscor|move: Roost\n|\n|-heal|p1a: Gliscor|76\/100 tox|[from] ability: Poison Heal\n|upkeep\n|turn|93\n|\n|t:|1700228429\n|-activate|p1a: Gliscor|move: Struggle\n|move|p1a: Gliscor|Struggle|p2a: Gliscor\n|-damage|p2a: Gliscor|94\/100 tox\n|-damage|p1a: Gliscor|51\/100 tox|[from] recoil\n|move|p2a: Gliscor|Taunt||[still]\n|-fail|p2a: Gliscor\n|\n|-heal|p1a: Gliscor|63\/100 tox|[from] ability: Poison Heal\n|-heal|p2a: Gliscor|100\/100 tox|[from] ability: Poison Heal\n|-end|p1a: Gliscor|move: Taunt\n|upkeep\n|turn|94\n|\n|t:|1700228436\n|move|p1a: Gliscor|Defog||[still]\n|-unboost|p2a: Gliscor|evasion|0\n|-fail|p1a: Gliscor\n|move|p2a: Gliscor|Taunt|p1a: Gliscor\n|-start|p1a: Gliscor|move: Taunt\n|\n|-heal|p1a: Gliscor|76\/100 tox|[from] ability: Poison Heal\n|upkeep\n|turn|95\n|\n|t:|1700228449\n|-activate|p1a: Gliscor|move: Struggle\n|move|p1a: Gliscor|Struggle|p2a: Gliscor\n|-damage|p2a: Gliscor|94\/100 tox\n|-damage|p1a: Gliscor|51\/100 tox|[from] recoil\n|move|p2a: Gliscor|Taunt||[still]\n|-fail|p2a: Gliscor\n|\n|-heal|p1a: Gliscor|63\/100 tox|[from] ability: Poison Heal\n|-heal|p2a: Gliscor|100\/100 tox|[from] ability: Poison Heal\n|upkeep\n|turn|96\n|\n|t:|1700228457\n|-activate|p1a: Gliscor|move: Struggle\n|move|p1a: Gliscor|Struggle|p2a: Gliscor\n|-damage|p2a: Gliscor|94\/100 tox\n|-damage|p1a: Gliscor|38\/100 tox|[from] recoil\n|move|p2a: Gliscor|Roost|p2a: Gliscor\n|-heal|p2a: Gliscor|100\/100 tox\n|-singleturn|p2a: Gliscor|move: Roost\n|\n|-heal|p1a: Gliscor|51\/100 tox|[from] ability: Poison Heal\n|upkeep\n|turn|97\n|\n|t:|1700228463\n|-activate|p1a: Gliscor|move: Struggle\n|move|p1a: Gliscor|Struggle|p2a: Gliscor\n|-damage|p2a: Gliscor|94\/100 tox\n|-damage|p1a: Gliscor|26\/100 tox|[from] recoil\n|move|p2a: Gliscor|Roost|p2a: Gliscor\n|-heal|p2a: Gliscor|100\/100 tox\n|-singleturn|p2a: Gliscor|move: Roost\n|\n|-heal|p1a: Gliscor|38\/100 tox|[from] ability: Poison Heal\n|-end|p1a: Gliscor|move: Taunt\n|upkeep\n|turn|98\n|\n|t:|1700228473\n|move|p1a: Gliscor|Roost|p1a: Gliscor\n|-heal|p1a: Gliscor|88\/100 tox\n|-singleturn|p1a: Gliscor|move: Roost\n|move|p2a: Gliscor|Taunt|p1a: Gliscor\n|-start|p1a: Gliscor|move: Taunt\n|\n|-heal|p1a: Gliscor|100\/100 tox|[from] ability: Poison Heal\n|upkeep\n|turn|99\n|\n|t:|1700228482\n|-activate|p1a: Gliscor|move: Struggle\n|move|p1a: Gliscor|Struggle|p2a: Gliscor\n|-damage|p2a: Gliscor|94\/100 tox\n|-damage|p1a: Gliscor|76\/100 tox|[from] recoil\n|move|p2a: Gliscor|Taunt||[still]\n|-fail|p2a: Gliscor\n|\n|-heal|p1a: Gliscor|88\/100 tox|[from] ability: Poison Heal\n|-heal|p2a: Gliscor|100\/100 tox|[from] ability: Poison Heal\n|upkeep\n|turn|100\n|\n|t:|1700228491\n|-activate|p1a: Gliscor|move: Struggle\n|move|p1a: Gliscor|Struggle|p2a: Gliscor\n|-damage|p2a: Gliscor|94\/100 tox\n|-damage|p1a: Gliscor|63\/100 tox|[from] recoil\n|move|p2a: Gliscor|Taunt||[still]\n|-fail|p2a: Gliscor\n|\n|-heal|p1a: Gliscor|76\/100 tox|[from] ability: Poison Heal\n|-heal|p2a: Gliscor|100\/100 tox|[from] ability: Poison Heal\n|upkeep\n|turn|101\n|\n|t:|1700228504\n|-activate|p1a: Gliscor|move: Struggle\n|move|p1a: Gliscor|Struggle|p2a: Gliscor\n|-damage|p2a: Gliscor|94\/100 tox\n|-damage|p1a: Gliscor|51\/100 tox|[from] recoil\n|move|p2a: Gliscor|Roost|p2a: Gliscor\n|-heal|p2a: Gliscor|100\/100 tox\n|-singleturn|p2a: Gliscor|move: Roost\n|\n|-heal|p1a: Gliscor|63\/100 tox|[from] ability: Poison Heal\n|-end|p1a: Gliscor|move: Taunt\n|upkeep\n|turn|102\n|\n|t:|1700228513\n|move|p1a: Gliscor|Defog||[still]\n|-unboost|p2a: Gliscor|evasion|0\n|-fail|p1a: Gliscor\n|move|p2a: Gliscor|Taunt|p1a: Gliscor\n|-start|p1a: Gliscor|move: Taunt\n|\n|-heal|p1a: Gliscor|76\/100 tox|[from] ability: Poison Heal\n|upkeep\n|turn|103\n|\n|t:|1700228521\n|-activate|p1a: Gliscor|move: Struggle\n|move|p1a: Gliscor|Struggle|p2a: Gliscor\n|-damage|p2a: Gliscor|93\/100 tox\n|-damage|p1a: Gliscor|51\/100 tox|[from] recoil\n|move|p2a: Gliscor|Roost|p2a: Gliscor\n|-heal|p2a: Gliscor|100\/100 tox\n|-singleturn|p2a: Gliscor|move: Roost\n|\n|-heal|p1a: Gliscor|63\/100 tox|[from] ability: Poison Heal\n|upkeep\n|turn|104\n|\n|t:|1700228526\n|-activate|p1a: Gliscor|move: Struggle\n|move|p1a: Gliscor|Struggle|p2a: Gliscor\n|-damage|p2a: Gliscor|94\/100 tox\n|-damage|p1a: Gliscor|38\/100 tox|[from] recoil\n|move|p2a: Gliscor|Taunt||[still]\n|-fail|p2a: Gliscor\n|\n|-heal|p1a: Gliscor|51\/100 tox|[from] ability: Poison Heal\n|-heal|p2a: Gliscor|100\/100 tox|[from] ability: Poison Heal\n|upkeep\n|turn|105\n|\n|t:|1700228533\n|-activate|p1a: Gliscor|move: Struggle\n|move|p1a: Gliscor|Struggle|p2a: Gliscor\n|-damage|p2a: Gliscor|94\/100 tox\n|-damage|p1a: Gliscor|26\/100 tox|[from] recoil\n|move|p2a: Gliscor|Taunt||[still]\n|-fail|p2a: Gliscor\n|\n|-heal|p1a: Gliscor|38\/100 tox|[from] ability: Poison Heal\n|-heal|p2a: Gliscor|100\/100 tox|[from] ability: Poison Heal\n|-end|p1a: Gliscor|move: Taunt\n|upkeep\n|turn|106\n|\n|t:|1700228540\n|move|p1a: Gliscor|Roost|p1a: Gliscor\n|-heal|p1a: Gliscor|88\/100 tox\n|-singleturn|p1a: Gliscor|move: Roost\n|move|p2a: Gliscor|Taunt|p1a: Gliscor\n|-start|p1a: Gliscor|move: Taunt\n|\n|-heal|p1a: Gliscor|100\/100 tox|[from] ability: Poison Heal\n|upkeep\n|turn|107\n|\n|t:|1700228547\n|-activate|p1a: Gliscor|move: Struggle\n|move|p1a: Gliscor|Struggle|p2a: Gliscor\n|-damage|p2a: Gliscor|94\/100 tox\n|-damage|p1a: Gliscor|76\/100 tox|[from] recoil\n|move|p2a: Gliscor|Taunt||[still]\n|-fail|p2a: Gliscor\n|\n|-heal|p1a: Gliscor|88\/100 tox|[from] ability: Poison Heal\n|-heal|p2a: Gliscor|100\/100 tox|[from] ability: Poison Heal\n|upkeep\n|turn|108\n|\n|t:|1700228554\n|-activate|p1a: Gliscor|move: Struggle\n|move|p1a: Gliscor|Struggle|p2a: Gliscor\n|-damage|p2a: Gliscor|93\/100 tox\n|-damage|p1a: Gliscor|63\/100 tox|[from] recoil\n|-activate|p2a: Gliscor|move: Struggle\n|move|p2a: Gliscor|Struggle|p1a: Gliscor\n|-damage|p1a: Gliscor|54\/100 tox\n|-damage|p2a: Gliscor|68\/100 tox|[from] recoil\n|\n|-heal|p1a: Gliscor|66\/100 tox|[from] ability: Poison Heal\n|-heal|p2a: Gliscor|80\/100 tox|[from] ability: Poison Heal\n|upkeep\n|turn|109\n|\n|t:|1700228565\n|-activate|p1a: Gliscor|move: Struggle\n|move|p1a: Gliscor|Struggle|p2a: Gliscor\n|-damage|p2a: Gliscor|74\/100 tox\n|-damage|p1a: Gliscor|41\/100 tox|[from] recoil\n|-activate|p2a: Gliscor|move: Struggle\n|move|p2a: Gliscor|Struggle|p1a: Gliscor\n|-crit|p1a: Gliscor\n|-damage|p1a: Gliscor|27\/100 tox\n|-damage|p2a: Gliscor|49\/100 tox|[from] recoil\n|\n|-heal|p1a: Gliscor|40\/100 tox|[from] ability: Poison Heal\n|-heal|p2a: Gliscor|61\/100 tox|[from] ability: Poison Heal\n|-end|p1a: Gliscor|move: Taunt\n|upkeep\n|turn|110\n|\n|t:|1700228573\n|move|p1a: Gliscor|Roost|p1a: Gliscor\n|-heal|p1a: Gliscor|90\/100 tox\n|-singleturn|p1a: Gliscor|move: Roost\n|-activate|p2a: Gliscor|move: Struggle\n|move|p2a: Gliscor|Struggle|p1a: Gliscor\n|-damage|p1a: Gliscor|81\/100 tox\n|-damage|p2a: Gliscor|36\/100 tox|[from] recoil\n|\n|-heal|p1a: Gliscor|94\/100 tox|[from] ability: Poison Heal\n|-heal|p2a: Gliscor|48\/100 tox|[from] ability: Poison Heal\n|upkeep\n|turn|111\n|\n|t:|1700228580\n|move|p1a: Gliscor|Defog||[still]\n|-unboost|p2a: Gliscor|evasion|0\n|-fail|p1a: Gliscor\n|-activate|p2a: Gliscor|move: Struggle\n|move|p2a: Gliscor|Struggle|p1a: Gliscor\n|-damage|p1a: Gliscor|84\/100 tox\n|-damage|p2a: Gliscor|23\/100 tox|[from] recoil\n|\n|-heal|p1a: Gliscor|97\/100 tox|[from] ability: Poison Heal\n|-heal|p2a: Gliscor|36\/100 tox|[from] ability: Poison Heal\n|upkeep\n|turn|112\n|\n|t:|1700228583\n|move|p1a: Gliscor|Defog||[still]\n|-unboost|p2a: Gliscor|evasion|0\n|-fail|p1a: Gliscor\n|-activate|p2a: Gliscor|move: Struggle\n|move|p2a: Gliscor|Struggle|p1a: Gliscor\n|-damage|p1a: Gliscor|88\/100 tox\n|-damage|p2a: Gliscor|10\/100 tox|[from] recoil\n|\n|-heal|p1a: Gliscor|100\/100 tox|[from] ability: Poison Heal\n|-heal|p2a: Gliscor|23\/100 tox|[from] ability: Poison Heal\n|upkeep\n|turn|113\n|\n|t:|1700228596\n|move|p1a: Gliscor|Toxic|p2a: Gliscor\n|-fail|p2a: Gliscor|tox\n|-activate|p2a: Gliscor|move: Struggle\n|move|p2a: Gliscor|Struggle|p1a: Gliscor\n|-damage|p1a: Gliscor|91\/100 tox\n|-damage|p2a: Gliscor|0 fnt|[from] recoil\n|faint|p2a: Gliscor\n|\n|win|testing a funni3\n|raw|testing a funni3's rating: 1510 &rarr; <strong>1529<\/strong><br \/>(+19 for winning)\n|raw|gshaogshao's rating: 1487 &rarr; <strong>1468<\/strong><br \/>(-19 for losing)\n|l|\u2606gshaogshao\n","uploadtime":1700228606,"views":9,"p1id":"testingafunni3","p2id":"gshaogshao","formatid":"gen9nationaldex","rating":1468,"private":0,"password":""}