{"id":"gen9nationaldex-1999665651","p1":"bachirak01","p2":"Arnaenaed","format":"[Gen 9] National Dex","log":"|html|<div class=\"broadcast-blue\"><strong>[Gen 9] National Dex is currently suspecting Sneasler! For information on how to participate check out the <a href=\"https:\/\/www.smogon.com\/forums\/threads\/sv-national-dex-suspect-8-just-dance.3731534\/\">suspect thread<\/a>.<\/strong><\/div>\n|j|\u2606bachirak01\n|j|\u2606Arnaenaed\n|t:|1701105948\n|gametype|singles\n|player|p1|bachirak01|hugh|\n|player|p2|Arnaenaed|unknown|\n|teamsize|p1|6\n|teamsize|p2|6\n|gen|9\n|tier|[Gen 9] National Dex\n|rule|HP Percentage Mod: HP is shown in percentages\n|rule|Endless Battle Clause: Forcing endless battles is banned\n|rule|OHKO Clause: OHKO moves are banned\n|rule|Evasion Clause: Evasion abilities, items, and moves are banned\n|rule|Evasion Abilities Clause: Evasion abilities are banned\n|rule|Evasion Items Clause: Evasion items are banned\n|rule|Evasion Moves Clause: Evasion moves are banned\n|rule|Species Clause: Limit one of each Pok\u00e9mon\n|rule|Sleep Clause Mod: Limit one foe put to sleep\n|clearpoke\n|poke|p1|Aerodactyl, F|\n|poke|p1|Arcanine-Hisui, M|\n|poke|p1|Cradily, M|\n|poke|p1|Primarina, M|\n|poke|p1|Great Tusk|\n|poke|p1|Carracosta, F|\n|poke|p2|Iron Valiant|\n|poke|p2|Iron Hands|\n|poke|p2|Iron Moth|\n|poke|p2|Iron Treads|\n|poke|p2|Iron Leaves|\n|poke|p2|Iron Jugulis|\n|teampreview\n|\n|t:|1701105967\n|start\n|switch|p1a: Cradily|Cradily, M|100\/100\n|switch|p2a: Iron Treads|Iron Treads|100\/100\n|turn|1\n|\n|t:|1701105990\n|move|p2a: Iron Treads|Stealth Rock|p1a: Cradily\n|-sidestart|p1: bachirak01|move: Stealth Rock\n|move|p1a: Cradily|Curse|p1a: Cradily\n|-unboost|p1a: Cradily|spe|1\n|-boost|p1a: Cradily|atk|1\n|-boost|p1a: Cradily|def|1\n|\n|upkeep\n|turn|2\n|\n|t:|1701105998\n|move|p2a: Iron Treads|Volt Switch|p1a: Cradily\n|-resisted|p1a: Cradily\n|-damage|p1a: Cradily|96\/100\n|\n|t:|1701106021\n|-end|p2a: Iron Treads|Quark Drive|[silent]\n|switch|p2a: Iron Hands|Iron Hands|100\/100|[from] Volt Switch\n|move|p1a: Cradily|Curse|p1a: Cradily\n|-unboost|p1a: Cradily|spe|1\n|-boost|p1a: Cradily|atk|1\n|-boost|p1a: Cradily|def|1\n|\n|-heal|p1a: Cradily|100\/100|[from] item: Leftovers\n|upkeep\n|turn|3\n|\n|t:|1701106033\n|move|p2a: Iron Hands|Iron Defense|p2a: Iron Hands\n|-boost|p2a: Iron Hands|def|2\n|move|p1a: Cradily|Power Whip|p2a: Iron Hands\n|-damage|p2a: Iron Hands|86\/100\n|\n|-heal|p2a: Iron Hands|92\/100|[from] item: Leftovers\n|upkeep\n|turn|4\n|\n|t:|1701106042\n|move|p2a: Iron Hands|Iron Defense|p2a: Iron Hands\n|-boost|p2a: Iron Hands|def|2\n|move|p1a: Cradily|Toxic|p2a: Iron Hands\n|-status|p2a: Iron Hands|tox\n|\n|-heal|p2a: Iron Hands|98\/100 tox|[from] item: Leftovers\n|-damage|p2a: Iron Hands|92\/100 tox|[from] psn\n|upkeep\n|turn|5\n|\n|t:|1701106054\n|move|p2a: Iron Hands|Body Press|p1a: Cradily\n|-supereffective|p1a: Cradily\n|-damage|p1a: Cradily|22\/100\n|move|p1a: Cradily|Curse|p1a: Cradily\n|-unboost|p1a: Cradily|spe|1\n|-boost|p1a: Cradily|atk|1\n|-boost|p1a: Cradily|def|1\n|\n|-heal|p2a: Iron Hands|98\/100 tox|[from] item: Leftovers\n|-heal|p1a: Cradily|28\/100|[from] item: Leftovers\n|-damage|p2a: Iron Hands|86\/100 tox|[from] psn\n|upkeep\n|turn|6\n|\n|t:|1701106066\n|move|p2a: Iron Hands|Body Press|p1a: Cradily\n|-supereffective|p1a: Cradily\n|-damage|p1a: Cradily|0 fnt\n|faint|p1a: Cradily\n|\n|-heal|p2a: Iron Hands|92\/100 tox|[from] item: Leftovers\n|-damage|p2a: Iron Hands|73\/100 tox|[from] psn\n|upkeep\n|\n|t:|1701106079\n|switch|p1a: Primarina|Primarina, M|100\/100\n|-damage|p1a: Primarina|88\/100|[from] Stealth Rock\n|turn|7\n|\n|t:|1701106088\n|-end|p2a: Iron Hands|Quark Drive|[silent]\n|switch|p2a: Iron Leaves|Iron Leaves|100\/100\n|move|p1a: Primarina|Hyper Voice|p2a: Iron Leaves\n|-resisted|p2a: Iron Leaves\n|-damage|p2a: Iron Leaves|82\/100\n|-damage|p1a: Primarina|78\/100|[from] item: Life Orb\n|\n|upkeep\n|turn|8\n|\n|t:|1701106101\n|switch|p1a: Aerodactyl|Aerodactyl, F|100\/100\n|-damage|p1a: Aerodactyl|76\/100|[from] Stealth Rock\n|move|p2a: Iron Leaves|Leaf Blade|p1a: Aerodactyl\n|-damage|p1a: Aerodactyl|0 fnt\n|faint|p1a: Aerodactyl\n|\n|upkeep\n|\n|t:|1701106113\n|switch|p1a: Arcanine|Arcanine-Hisui, M|100\/100\n|-damage|p1a: Arcanine|75\/100|[from] Stealth Rock\n|turn|9\n|\n|t:|1701106131\n|-end|p2a: Iron Leaves|Quark Drive|[silent]\n|switch|p2a: Iron Hands|Iron Hands|73\/100 tox\n|-terastallize|p1a: Arcanine|Normal\n|move|p1a: Arcanine|Extreme Speed|p2a: Iron Hands\n|-damage|p2a: Iron Hands|45\/100 tox\n|\n|-heal|p2a: Iron Hands|51\/100 tox|[from] item: Leftovers\n|-damage|p2a: Iron Hands|45\/100 tox|[from] psn\n|upkeep\n|turn|10\n|\n|t:|1701106149\n|switch|p1a: Great Tusk|Great Tusk|100\/100\n|-damage|p1a: Great Tusk|98\/100|[from] Stealth Rock\n|move|p2a: Iron Hands|Body Press|p1a: Great Tusk\n|-damage|p1a: Great Tusk|66\/100\n|\n|-heal|p2a: Iron Hands|51\/100 tox|[from] item: Leftovers\n|-damage|p2a: Iron Hands|39\/100 tox|[from] psn\n|upkeep\n|turn|11\n|\n|t:|1701106172\n|-end|p2a: Iron Hands|Quark Drive|[silent]\n|switch|p2a: Iron Valiant|Iron Valiant|100\/100\n|-enditem|p2a: Iron Valiant|Booster Energy\n|-activate|p2a: Iron Valiant|ability: Quark Drive|[fromitem]\n|-start|p2a: Iron Valiant|quarkdrivespe\n|move|p1a: Great Tusk|Headlong Rush|p2a: Iron Valiant\n|-damage|p2a: Iron Valiant|18\/100\n|-unboost|p1a: Great Tusk|def|1\n|-unboost|p1a: Great Tusk|spd|1\n|\n|upkeep\n|turn|12\n|\n|t:|1701106186\n|-end|p1a: Great Tusk|Protosynthesis|[silent]\n|switch|p1a: Primarina|Primarina, M|78\/100\n|-damage|p1a: Primarina|66\/100|[from] Stealth Rock\n|move|p2a: Iron Valiant|Moonblast|p1a: Primarina\n|-damage|p1a: Primarina|25\/100\n|\n|upkeep\n|turn|13\n|\n|t:|1701106196\n|move|p2a: Iron Valiant|Moonblast|p1a: Primarina\n|-damage|p1a: Primarina|0 fnt\n|faint|p1a: Primarina\n|\n|upkeep\n|\n|t:|1701106201\n|switch|p1a: Arcanine|Arcanine-Hisui, M, tera:Normal|75\/100\n|-damage|p1a: Arcanine|63\/100|[from] Stealth Rock\n|turn|14\n|\n|t:|1701106206\n|-end|p2a: Iron Valiant|Quark Drive|[silent]\n|switch|p2a: Iron Treads|Iron Treads|100\/100\n|move|p1a: Arcanine|Extreme Speed|p2a: Iron Treads\n|-resisted|p2a: Iron Treads\n|-damage|p2a: Iron Treads|76\/100\n|\n|-heal|p2a: Iron Treads|82\/100|[from] item: Leftovers\n|upkeep\n|turn|15\n|\n|t:|1701106216\n|switch|p1a: Great Tusk|Great Tusk|66\/100\n|-damage|p1a: Great Tusk|63\/100|[from] Stealth Rock\n|move|p2a: Iron Treads|Earthquake|p1a: Great Tusk\n|-damage|p1a: Great Tusk|35\/100\n|\n|-heal|p2a: Iron Treads|88\/100|[from] item: Leftovers\n|upkeep\n|turn|16\n|\n|t:|1701106230\n|-end|p2a: Iron Treads|Quark Drive|[silent]\n|switch|p2a: Iron Jugulis|Iron Jugulis|100\/100\n|-enditem|p2a: Iron Jugulis|Booster Energy\n|-activate|p2a: Iron Jugulis|ability: Quark Drive|[fromitem]\n|-start|p2a: Iron Jugulis|quarkdrivespe\n|move|p1a: Great Tusk|Close Combat|p2a: Iron Jugulis\n|-damage|p2a: Iron Jugulis|23\/100\n|-unboost|p1a: Great Tusk|def|1\n|-unboost|p1a: Great Tusk|spd|1\n|\n|upkeep\n|turn|17\n|\n|t:|1701106240\n|-end|p1a: Great Tusk|Protosynthesis|[silent]\n|switch|p1a: Arcanine|Arcanine-Hisui, M, tera:Normal|63\/100\n|-damage|p1a: Arcanine|51\/100|[from] Stealth Rock\n|move|p2a: Iron Jugulis|Air Slash|p1a: Arcanine\n|-damage|p1a: Arcanine|4\/100\n|\n|upkeep\n|turn|18\n|\n|t:|1701106256\n|-end|p2a: Iron Jugulis|Quark Drive|[silent]\n|switch|p2a: Iron Treads|Iron Treads|88\/100\n|move|p1a: Arcanine|Extreme Speed|p2a: Iron Treads\n|-resisted|p2a: Iron Treads\n|-damage|p2a: Iron Treads|64\/100\n|\n|-heal|p2a: Iron Treads|70\/100|[from] item: Leftovers\n|upkeep\n|turn|19\n|\n|t:|1701106265\n|move|p1a: Arcanine|Extreme Speed|p2a: Iron Treads\n|-resisted|p2a: Iron Treads\n|-damage|p2a: Iron Treads|46\/100\n|move|p2a: Iron Treads|Earthquake|p1a: Arcanine\n|-damage|p1a: Arcanine|0 fnt\n|faint|p1a: Arcanine\n|\n|-heal|p2a: Iron Treads|52\/100|[from] item: Leftovers\n|upkeep\n|\n|t:|1701106276\n|switch|p1a: Carracosta|Carracosta, F|100\/100\n|-damage|p1a: Carracosta|88\/100|[from] Stealth Rock\n|turn|20\n|\n|t:|1701106282\n|move|p2a: Iron Treads|Earthquake|p1a: Carracosta\n|-supereffective|p1a: Carracosta\n|-damage|p1a: Carracosta|15\/100\n|move|p1a: Carracosta|Shell Smash|p1a: Carracosta\n|-unboost|p1a: Carracosta|def|1\n|-unboost|p1a: Carracosta|spd|1\n|-boost|p1a: Carracosta|atk|2\n|-boost|p1a: Carracosta|spa|2\n|-boost|p1a: Carracosta|spe|2\n|-enditem|p1a: Carracosta|White Herb\n|-clearnegativeboost|p1a: Carracosta|[silent]\n|\n|-heal|p2a: Iron Treads|58\/100|[from] item: Leftovers\n|upkeep\n|turn|21\n|\n|t:|1701106297\n|move|p1a: Carracosta|Liquidation|p2a: Iron Treads\n|-supereffective|p2a: Iron Treads\n|-damage|p2a: Iron Treads|0 fnt\n|faint|p2a: Iron Treads\n|-end|p2a: Iron Treads|Quark Drive|[silent]\n|\n|upkeep\n|\n|t:|1701106322\n|switch|p2a: Iron Moth|Iron Moth|100\/100\n|-enditem|p2a: Iron Moth|Booster Energy\n|-activate|p2a: Iron Moth|ability: Quark Drive|[fromitem]\n|-start|p2a: Iron Moth|quarkdrivespe\n|turn|22\n|\n|t:|1701106331\n|move|p1a: Carracosta|Aqua Jet|p2a: Iron Moth\n|-supereffective|p2a: Iron Moth\n|-damage|p2a: Iron Moth|0 fnt\n|faint|p2a: Iron Moth\n|-end|p2a: Iron Moth|Quark Drive|[silent]\n|\n|upkeep\n|\n|t:|1701106343\n|switch|p2a: Iron Leaves|Iron Leaves|82\/100\n|turn|23\n|\n|t:|1701106350\n|move|p1a: Carracosta|Iron Head|p2a: Iron Leaves\n|-damage|p2a: Iron Leaves|37\/100\n|move|p2a: Iron Leaves|Leaf Blade|p1a: Carracosta\n|-supereffective|p1a: Carracosta\n|-damage|p1a: Carracosta|0 fnt\n|faint|p1a: Carracosta\n|\n|upkeep\n|\n|t:|1701106359\n|switch|p1a: Great Tusk|Great Tusk|35\/100\n|-damage|p1a: Great Tusk|32\/100|[from] Stealth Rock\n|turn|24\n|\n|t:|1701106377\n|move|p1a: Great Tusk|Close Combat|p2a: Iron Leaves\n|-resisted|p2a: Iron Leaves\n|-damage|p2a: Iron Leaves|0 fnt\n|-unboost|p1a: Great Tusk|def|1\n|-unboost|p1a: Great Tusk|spd|1\n|faint|p2a: Iron Leaves\n|-end|p2a: Iron Leaves|Quark Drive|[silent]\n|\n|upkeep\n|\n|t:|1701106382\n|switch|p2a: Iron Jugulis|Iron Jugulis|23\/100\n|turn|25\n|\n|t:|1701106398\n|move|p1a: Great Tusk|Close Combat|p2a: Iron Jugulis\n|-crit|p2a: Iron Jugulis\n|-damage|p2a: Iron Jugulis|0 fnt\n|-unboost|p1a: Great Tusk|def|1\n|-unboost|p1a: Great Tusk|spd|1\n|faint|p2a: Iron Jugulis\n|-end|p2a: Iron Jugulis|Quark Drive|[silent]\n|\n|upkeep\n|\n|t:|1701106410\n|switch|p2a: Iron Hands|Iron Hands|39\/100 tox\n|turn|26\n|\n|t:|1701106421\n|-terastallize|p2a: Iron Hands|Flying\n|move|p1a: Great Tusk|Close Combat|p2a: Iron Hands\n|-resisted|p2a: Iron Hands\n|-damage|p2a: Iron Hands|23\/100 tox\n|-unboost|p1a: Great Tusk|def|1\n|-unboost|p1a: Great Tusk|spd|1\n|move|p2a: Iron Hands|Body Press|p1a: Great Tusk\n|-damage|p1a: Great Tusk|0 fnt\n|faint|p1a: Great Tusk\n|-end|p1a: Great Tusk|Protosynthesis|[silent]\n|\n|win|Arnaenaed\n|c|\u2606Arnaenaed|gg\n","uploadtime":1701106460,"views":13,"p1id":"bachirak01","p2id":"arnaenaed","formatid":"gen9nationaldex","rating":0,"private":0,"password":""}