{"id":"gen9nationaldex-1998175848","p1":"suijidyh666","p2":"yzysuusus","format":"[Gen 9] National Dex","log":"|html|<div class=\"broadcast-blue\"><strong>[Gen 9] National Dex is currently suspecting Sneasler! For information on how to participate check out the <a href=\"https:\/\/www.smogon.com\/forums\/threads\/sv-national-dex-suspect-8-just-dance.3731534\/\">suspect thread<\/a>.<\/strong><\/div>\n|j|\u2606suijidyh666\n|j|\u2606yzysuusus\n|t:|1700906599\n|gametype|singles\n|player|p1|suijidyh666|li|1084\n|player|p2|yzysuusus|102|1000\n|teamsize|p1|6\n|teamsize|p2|6\n|gen|9\n|tier|[Gen 9] National Dex\n|rated|\n|rule|HP Percentage Mod: HP is shown in percentages\n|rule|Endless Battle Clause: Forcing endless battles is banned\n|rule|OHKO Clause: OHKO moves are banned\n|rule|Evasion Clause: Evasion abilities, items, and moves are banned\n|rule|Evasion Abilities Clause: Evasion abilities are banned\n|rule|Evasion Items Clause: Evasion items are banned\n|rule|Evasion Moves Clause: Evasion moves are banned\n|rule|Species Clause: Limit one of each Pok\u00e9mon\n|rule|Sleep Clause Mod: Limit one foe put to sleep\n|clearpoke\n|poke|p1|Manaphy|\n|poke|p1|Beedrill, F|\n|poke|p1|Kommo-o, M|\n|poke|p1|Heatran, M|\n|poke|p1|Volcanion|\n|poke|p1|Pelipper, M|\n|poke|p2|Beedrill, F|\n|poke|p2|Keldeo-Resolute|\n|poke|p2|Zapdos|\n|poke|p2|Incineroar, M|\n|poke|p2|Probopass, F|\n|poke|p2|Tapu Bulu|\n|teampreview\n|inactive|Battle timer is ON: inactive players will automatically lose when time's up. (requested by suijidyh666)\n|\n|t:|1700906613\n|start\n|switch|p1a: Kommo-o|Kommo-o, M, shiny|100\/100\n|switch|p2a: Zapdos|Zapdos|100\/100\n|turn|1\n|\n|t:|1700906622\n|switch|p1a: Heatran|Heatran, M|100\/100\n|-item|p1a: Heatran|Air Balloon\n|move|p2a: Zapdos|Volt Switch|p1a: Heatran\n|-damage|p1a: Heatran|70\/100\n|-enditem|p1a: Heatran|Air Balloon\n|\n|t:|1700906631\n|switch|p2a: Keldeo|Keldeo-Resolute|100\/100|[from] Volt Switch\n|\n|upkeep\n|turn|2\n|\n|t:|1700906641\n|switch|p1a: Pelipper|Pelipper, M, shiny|100\/100\n|-weather|RainDance|[from] ability: Drizzle|[of] p1a: Pelipper\n|move|p2a: Keldeo|Secret Sword|p1a: Pelipper\n|-resisted|p1a: Pelipper\n|-damage|p1a: Pelipper|85\/100\n|\n|-weather|RainDance|[upkeep]\n|upkeep\n|turn|3\n|\n|t:|1700906652\n|move|p2a: Keldeo|Flip Turn|p1a: Pelipper\n|-resisted|p1a: Pelipper\n|-damage|p1a: Pelipper|77\/100\n|\n|t:|1700906661\n|switch|p2a: Zapdos|Zapdos|100\/100|[from] Flip Turn\n|move|p1a: Pelipper|Weather Ball|p2a: Zapdos\n|-damage|p2a: Zapdos|52\/100\n|\n|-weather|RainDance|[upkeep]\n|upkeep\n|turn|4\n|\n|t:|1700906684\n|-terastallize|p1a: Pelipper|Ground\n|move|p2a: Zapdos|Roost|p2a: Zapdos\n|-heal|p2a: Zapdos|100\/100\n|-singleturn|p2a: Zapdos|move: Roost\n|move|p1a: Pelipper|Weather Ball|p2a: Zapdos\n|-damage|p2a: Zapdos|53\/100\n|\n|-weather|RainDance|[upkeep]\n|upkeep\n|turn|5\n|\n|t:|1700906697\n|switch|p2a: Keldeo|Keldeo-Resolute|100\/100\n|move|p1a: Pelipper|Weather Ball|p2a: Keldeo\n|-resisted|p2a: Keldeo\n|-damage|p2a: Keldeo|81\/100\n|\n|-weather|RainDance|[upkeep]\n|upkeep\n|turn|6\n|\n|t:|1700906703\n|switch|p1a: Volcanion|Volcanion|100\/100\n|move|p2a: Keldeo|Scald|p1a: Volcanion\n|-immune|p1a: Volcanion|[from] ability: Water Absorb\n|\n|-weather|RainDance|[upkeep]\n|upkeep\n|turn|7\n|\n|t:|1700906711\n|move|p2a: Keldeo|Secret Sword|p1a: Volcanion\n|-damage|p1a: Volcanion|61\/100\n|move|p1a: Volcanion|Steam Eruption|p2a: Keldeo\n|-resisted|p2a: Keldeo\n|-damage|p2a: Keldeo|46\/100\n|\n|-weather|RainDance|[upkeep]\n|upkeep\n|turn|8\n|\n|t:|1700906724\n|move|p2a: Keldeo|Secret Sword|p1a: Volcanion\n|-damage|p1a: Volcanion|14\/100\n|move|p1a: Volcanion|Steam Eruption|p2a: Keldeo\n|-resisted|p2a: Keldeo\n|-damage|p2a: Keldeo|12\/100\n|\n|-weather|RainDance|[upkeep]\n|upkeep\n|turn|9\n|\n|t:|1700906734\n|move|p2a: Keldeo|Secret Sword|p1a: Volcanion\n|-damage|p1a: Volcanion|0 fnt\n|faint|p1a: Volcanion\n|\n|-weather|none\n|upkeep\n|\n|t:|1700906741\n|switch|p1a: Beedrill|Beedrill, F|100\/100\n|turn|10\n|\n|t:|1700906749\n|switch|p2a: Zapdos|Zapdos|53\/100\n|detailschange|p1a: Beedrill|Beedrill-Mega, F\n|-mega|p1a: Beedrill|Beedrill|Beedrillite\n|move|p1a: Beedrill|U-turn|p2a: Zapdos\n|-resisted|p2a: Zapdos\n|-damage|p2a: Zapdos|34\/100\n|-status|p1a: Beedrill|par|[from] ability: Static|[of] p2a: Zapdos\n|\n|t:|1700906758\n|switch|p1a: Pelipper|Pelipper, M, shiny, tera:Ground|77\/100|[from] U-turn\n|-weather|RainDance|[from] ability: Drizzle|[of] p1a: Pelipper\n|\n|-weather|RainDance|[upkeep]\n|upkeep\n|turn|11\n|\n|t:|1700906782\n|-terastallize|p2a: Zapdos|Water\n|move|p2a: Zapdos|Roost|p2a: Zapdos\n|-heal|p2a: Zapdos|84\/100\n|move|p1a: Pelipper|Weather Ball|p2a: Zapdos\n|-resisted|p2a: Zapdos\n|-damage|p2a: Zapdos|58\/100\n|\n|-weather|RainDance|[upkeep]\n|upkeep\n|turn|12\n|\n|t:|1700906787\n|move|p2a: Zapdos|Roost|p2a: Zapdos\n|-heal|p2a: Zapdos|100\/100\n|move|p1a: Pelipper|Hurricane|p2a: Zapdos\n|-damage|p2a: Zapdos|66\/100\n|\n|-weather|RainDance|[upkeep]\n|upkeep\n|turn|13\n|\n|t:|1700906793\n|move|p2a: Zapdos|Roost|p2a: Zapdos\n|-heal|p2a: Zapdos|100\/100\n|move|p1a: Pelipper|Hurricane|p2a: Zapdos\n|-damage|p2a: Zapdos|67\/100\n|\n|-weather|RainDance|[upkeep]\n|upkeep\n|turn|14\n|\n|t:|1700906809\n|switch|p2a: Probopass|Probopass, F|100\/100\n|move|p1a: Pelipper|Hurricane|p2a: Probopass\n|-resisted|p2a: Probopass\n|-damage|p2a: Probopass|94\/100\n|\n|-weather|RainDance|[upkeep]\n|upkeep\n|turn|15\n|\n|t:|1700906820\n|switch|p2a: Zapdos|Zapdos, tera:Water|67\/100\n|move|p1a: Pelipper|Weather Ball|p2a: Zapdos\n|-resisted|p2a: Zapdos\n|-damage|p2a: Zapdos|43\/100\n|\n|-weather|RainDance|[upkeep]\n|upkeep\n|turn|16\n|\n|t:|1700906826\n|move|p2a: Zapdos|Roost|p2a: Zapdos\n|-heal|p2a: Zapdos|93\/100\n|move|p1a: Pelipper|Hurricane|p2a: Zapdos\n|-damage|p2a: Zapdos|58\/100\n|\n|-weather|RainDance|[upkeep]\n|upkeep\n|turn|17\n|\n|t:|1700906835\n|switch|p2a: Keldeo|Keldeo-Resolute|12\/100\n|move|p1a: Pelipper|Hurricane|p2a: Keldeo\n|-supereffective|p2a: Keldeo\n|-damage|p2a: Keldeo|0 fnt\n|faint|p2a: Keldeo\n|\n|-weather|none\n|upkeep\n|-message|yzysuusus forfeited.\n|\n|win|suijidyh666\n|raw|suijidyh666's rating: 1084 &rarr; <strong>1105<\/strong><br \/>(+21 for winning)\n|raw|yzysuusus's rating: 1000 &rarr; <strong>1000<\/strong><br \/>(+0 for losing)\n|l|\u2606yzysuusus\n","uploadtime":1700906844,"views":4,"p1id":"suijidyh666","p2id":"yzysuusus","formatid":"gen9nationaldex","rating":1000,"private":0,"password":""}