{"id":"gen9nationaldex-1991741161","p1":"Hikomi","p2":"Over158","format":"[Gen 9] National Dex","log":"|j|\u2606Hikomi\n|j|\u2606Over158\n|t:|1700109507\n|gametype|singles\n|player|p1|Hikomi|acetrainerf|1076\n|player|p2|Over158|colress|1142\n|teamsize|p1|6\n|teamsize|p2|6\n|gen|9\n|tier|[Gen 9] National Dex\n|rated|\n|rule|HP Percentage Mod: HP is shown in percentages\n|rule|Endless Battle Clause: Forcing endless battles is banned\n|rule|OHKO Clause: OHKO moves are banned\n|rule|Evasion Clause: Evasion abilities, items, and moves are banned\n|rule|Evasion Abilities Clause: Evasion abilities are banned\n|rule|Evasion Items Clause: Evasion items are banned\n|rule|Evasion Moves Clause: Evasion moves are banned\n|rule|Species Clause: Limit one of each Pok\u00e9mon\n|rule|Sleep Clause Mod: Limit one foe put to sleep\n|clearpoke\n|poke|p1|Manaphy|\n|poke|p1|Spinda, F|\n|poke|p1|Victini|\n|poke|p1|Jirachi|\n|poke|p1|Zygarde-10%|\n|poke|p1|Celebi|\n|poke|p2|Galvantula, F|\n|poke|p2|Diancie|\n|poke|p2|Persian-Alola, F|\n|poke|p2|Slowbro, F|\n|poke|p2|Noivern, M|\n|poke|p2|Iron Treads|\n|teampreview\n|inactive|Battle timer is ON: inactive players will automatically lose when time's up. (requested by Over158)\n|\n|t:|1700109522\n|start\n|switch|p1a: Dizzy|Spinda, F|100\/100\n|switch|p2a: Galvantula|Galvantula, F, shiny|100\/100\n|turn|1\n|\n|t:|1700109536\n|move|p2a: Galvantula|Sticky Web|p1a: Dizzy\n|-sidestart|p1: Hikomi|move: Sticky Web\n|move|p1a: Dizzy|Skill Swap|p2a: Galvantula\n|-activate|p1a: Dizzy|move: Skill Swap|Compound Eyes|Contrary|[of] p2a: Galvantula\n|\n|upkeep\n|turn|2\n|\n|t:|1700109546\n|switch|p2a: Iron Treads|Iron Treads, shiny|100\/100\n|-enditem|p2a: Iron Treads|Booster Energy\n|-activate|p2a: Iron Treads|ability: Quark Drive|[fromitem]\n|-start|p2a: Iron Treads|quarkdrivespe\n|move|p1a: Dizzy|Dizzy Punch|p2a: Iron Treads\n|-resisted|p2a: Iron Treads\n|-damage|p2a: Iron Treads|93\/100\n|\n|upkeep\n|turn|3\n|\n|t:|1700109557\n|move|p2a: Iron Treads|Iron Head|p1a: Dizzy\n|-damage|p1a: Dizzy|38\/100\n|move|p1a: Dizzy|Skill Swap||[still]\n|-fail|p1a: Dizzy\n|\n|upkeep\n|turn|4\n|\n|t:|1700109569\n|move|p1a: Dizzy|Sucker Punch|p2a: Iron Treads\n|-damage|p2a: Iron Treads|84\/100\n|move|p2a: Iron Treads|Iron Head|p1a: Dizzy\n|-damage|p1a: Dizzy|0 fnt\n|faint|p1a: Dizzy\n|\n|upkeep\n|\n|t:|1700109574\n|switch|p1a: Aqua|Manaphy, shiny|100\/100\n|-activate|p1a: Aqua|move: Sticky Web\n|-unboost|p1a: Aqua|spe|1\n|turn|5\n|\n|t:|1700109582\n|move|p2a: Iron Treads|Earthquake|p1a: Aqua\n|-damage|p1a: Aqua|71\/100\n|move|p1a: Aqua|Take Heart|p1a: Aqua\n|-boost|p1a: Aqua|spa|1\n|-boost|p1a: Aqua|spd|1\n|\n|-heal|p1a: Aqua|77\/100|[from] item: Leftovers\n|upkeep\n|turn|6\n|\n|t:|1700109600\n|move|p2a: Iron Treads|Earthquake|p1a: Aqua\n|-damage|p1a: Aqua|47\/100\n|move|p1a: Aqua|Aqua Ring|p1a: Aqua\n|-start|p1a: Aqua|Aqua Ring\n|\n|-heal|p1a: Aqua|53\/100|[from] item: Leftovers\n|-heal|p1a: Aqua|59\/100|[from] Aqua Ring\n|upkeep\n|turn|7\n|\n|t:|1700109604\n|move|p2a: Iron Treads|Iron Head|p1a: Aqua\n|-resisted|p1a: Aqua\n|-damage|p1a: Aqua|46\/100\n|cant|p1a: Aqua|flinch\n|\n|-heal|p1a: Aqua|52\/100|[from] item: Leftovers\n|-heal|p1a: Aqua|58\/100|[from] Aqua Ring\n|upkeep\n|turn|8\n|\n|t:|1700109612\n|move|p2a: Iron Treads|Iron Head|p1a: Aqua\n|-resisted|p1a: Aqua\n|-damage|p1a: Aqua|46\/100\n|cant|p1a: Aqua|flinch\n|\n|-heal|p1a: Aqua|52\/100|[from] item: Leftovers\n|-heal|p1a: Aqua|58\/100|[from] Aqua Ring\n|upkeep\n|turn|9\n|\n|t:|1700109617\n|move|p2a: Iron Treads|Iron Head|p1a: Aqua\n|-resisted|p1a: Aqua\n|-damage|p1a: Aqua|45\/100\n|cant|p1a: Aqua|flinch\n|\n|-heal|p1a: Aqua|51\/100|[from] item: Leftovers\n|-heal|p1a: Aqua|57\/100|[from] Aqua Ring\n|upkeep\n|turn|10\n|\n|t:|1700109621\n|move|p2a: Iron Treads|Iron Head|p1a: Aqua\n|-resisted|p1a: Aqua\n|-damage|p1a: Aqua|46\/100\n|cant|p1a: Aqua|flinch\n|\n|-heal|p1a: Aqua|52\/100|[from] item: Leftovers\n|-heal|p1a: Aqua|58\/100|[from] Aqua Ring\n|upkeep\n|turn|11\n|\n|t:|1700109625\n|move|p2a: Iron Treads|Iron Head|p1a: Aqua\n|-resisted|p1a: Aqua\n|-damage|p1a: Aqua|46\/100\n|move|p1a: Aqua|Scald|p2a: Iron Treads\n|-supereffective|p2a: Iron Treads\n|-damage|p2a: Iron Treads|0 fnt\n|faint|p2a: Iron Treads\n|-end|p2a: Iron Treads|Quark Drive|[silent]\n|\n|-heal|p1a: Aqua|52\/100|[from] item: Leftovers\n|-heal|p1a: Aqua|58\/100|[from] Aqua Ring\n|upkeep\n|\n|t:|1700109630\n|switch|p2a: Galvantula|Galvantula, F, shiny|100\/100\n|turn|12\n|\n|t:|1700109640\n|-terastallize|p1a: Aqua|Dragon\n|move|p2a: Galvantula|Thunder|p1a: Aqua\n|-resisted|p1a: Aqua\n|-damage|p1a: Aqua|47\/100\n|move|p1a: Aqua|Ancient Power|p2a: Galvantula\n|-supereffective|p2a: Galvantula\n|-damage|p2a: Galvantula|27\/100\n|\n|-heal|p1a: Aqua|53\/100|[from] item: Leftovers\n|-heal|p1a: Aqua|59\/100|[from] Aqua Ring\n|upkeep\n|turn|13\n|\n|t:|1700109658\n|switch|p2a: Slowbro|Slowbro, F, shiny|100\/100\n|move|p1a: Aqua|Take Heart|p1a: Aqua\n|-boost|p1a: Aqua|spa|1\n|-boost|p1a: Aqua|spd|1\n|\n|-heal|p1a: Aqua|65\/100|[from] item: Leftovers\n|-heal|p1a: Aqua|71\/100|[from] Aqua Ring\n|upkeep\n|turn|14\n|\n|t:|1700109665\n|detailschange|p2a: Slowbro|Slowbro-Mega, F, shiny\n|-mega|p2a: Slowbro|Slowbro|Slowbronite\n|move|p1a: Aqua|Take Heart|p1a: Aqua\n|-boost|p1a: Aqua|spa|1\n|-boost|p1a: Aqua|spd|1\n|move|p2a: Slowbro|Ice Beam|p1a: Aqua\n|-supereffective|p1a: Aqua\n|-damage|p1a: Aqua|54\/100\n|-status|p1a: Aqua|frz\n|\n|-heal|p1a: Aqua|61\/100 frz|[from] item: Leftovers\n|-heal|p1a: Aqua|67\/100 frz|[from] Aqua Ring\n|upkeep\n|turn|15\n|\n|t:|1700109673\n|cant|p1a: Aqua|frz\n|move|p2a: Slowbro|Psyshock|p1a: Aqua\n|-damage|p1a: Aqua|44\/100 frz\n|\n|-heal|p1a: Aqua|50\/100 frz|[from] item: Leftovers\n|-heal|p1a: Aqua|57\/100 frz|[from] Aqua Ring\n|upkeep\n|turn|16\n|\n|t:|1700109679\n|cant|p1a: Aqua|frz\n|move|p2a: Slowbro|Psyshock|p1a: Aqua\n|-damage|p1a: Aqua|32\/100 frz\n|\n|-heal|p1a: Aqua|38\/100 frz|[from] item: Leftovers\n|-heal|p1a: Aqua|45\/100 frz|[from] Aqua Ring\n|upkeep\n|turn|17\n|\n|t:|1700109681\n|cant|p1a: Aqua|frz\n|move|p2a: Slowbro|Psyshock|p1a: Aqua\n|-damage|p1a: Aqua|22\/100 frz\n|\n|-heal|p1a: Aqua|28\/100 frz|[from] item: Leftovers\n|-heal|p1a: Aqua|34\/100 frz|[from] Aqua Ring\n|upkeep\n|turn|18\n|\n|t:|1700109685\n|-curestatus|p1a: Aqua|frz|[msg]\n|move|p1a: Aqua|Ancient Power|p2a: Slowbro\n|-damage|p2a: Slowbro|64\/100\n|-boost|p1a: Aqua|atk|1\n|-boost|p1a: Aqua|def|1\n|-boost|p1a: Aqua|spa|1\n|-boost|p1a: Aqua|spd|1\n|-boost|p1a: Aqua|spe|1\n|move|p2a: Slowbro|Psyshock|p1a: Aqua\n|-damage|p1a: Aqua|18\/100\n|\n|-heal|p1a: Aqua|24\/100|[from] item: Leftovers\n|-heal|p1a: Aqua|30\/100|[from] Aqua Ring\n|upkeep\n|turn|19\n|\n|t:|1700109694\n|move|p1a: Aqua|Ancient Power|p2a: Slowbro\n|-damage|p2a: Slowbro|21\/100\n|-boost|p1a: Aqua|atk|1\n|-boost|p1a: Aqua|def|1\n|-boost|p1a: Aqua|spa|1\n|-boost|p1a: Aqua|spd|1\n|-boost|p1a: Aqua|spe|1\n|move|p2a: Slowbro|Slack Off|p2a: Slowbro\n|-heal|p2a: Slowbro|71\/100\n|\n|-heal|p1a: Aqua|37\/100|[from] item: Leftovers\n|-heal|p1a: Aqua|43\/100|[from] Aqua Ring\n|upkeep\n|turn|20\n|\n|t:|1700109702\n|move|p1a: Aqua|Ancient Power|p2a: Slowbro\n|-damage|p2a: Slowbro|24\/100\n|move|p2a: Slowbro|Psyshock|p1a: Aqua\n|-damage|p1a: Aqua|31\/100\n|\n|-heal|p1a: Aqua|37\/100|[from] item: Leftovers\n|-heal|p1a: Aqua|43\/100|[from] Aqua Ring\n|upkeep\n|turn|21\n|\n|t:|1700109711\n|move|p1a: Aqua|Ancient Power|p2a: Slowbro\n|-damage|p2a: Slowbro|0 fnt\n|faint|p2a: Slowbro\n|\n|-heal|p1a: Aqua|50\/100|[from] item: Leftovers\n|-heal|p1a: Aqua|56\/100|[from] Aqua Ring\n|upkeep\n|\n|t:|1700109718\n|switch|p2a: Diancie|Diancie, shiny|100\/100\n|turn|22\n|\n|t:|1700109724\n|-terastallize|p2a: Diancie|Fighting\n|move|p1a: Aqua|Scald|p2a: Diancie\n|-damage|p2a: Diancie|48\/100\n|move|p2a: Diancie|Diamond Storm|p1a: Aqua\n|-damage|p1a: Aqua|43\/100\n|\n|-heal|p1a: Aqua|49\/100|[from] item: Leftovers\n|-heal|p1a: Aqua|55\/100|[from] Aqua Ring\n|upkeep\n|turn|23\n|\n|t:|1700109733\n|move|p1a: Aqua|Scald|p2a: Diancie\n|-damage|p2a: Diancie|0 fnt\n|faint|p2a: Diancie\n|\n|-heal|p1a: Aqua|61\/100|[from] item: Leftovers\n|-heal|p1a: Aqua|68\/100|[from] Aqua Ring\n|upkeep\n|\n|t:|1700109735\n|switch|p2a: Noivern|Noivern, M, shiny|100\/100\n|turn|24\n|-message|Over158 forfeited.\n|\n|win|Hikomi\n|raw|Hikomi's rating: 1076 &rarr; <strong>1110<\/strong><br \/>(+34 for winning)\n|raw|Over158's rating: 1142 &rarr; <strong>1112<\/strong><br \/>(-30 for losing)\n|l|\u2606Over158\n","uploadtime":1700109746,"views":5,"p1id":"hikomi","p2id":"over158","formatid":"gen9nationaldex","rating":1110,"private":0,"password":""}