{"id":"gen9nationaldex-1998260098","p1":"menhera chan","p2":"sdkko","format":"[Gen 9] National Dex","log":"|html|<div class=\"broadcast-blue\"><strong>[Gen 9] National Dex is currently suspecting Sneasler! For information on how to participate check out the <a href=\"https:\/\/www.smogon.com\/forums\/threads\/sv-national-dex-suspect-8-just-dance.3731534\/\">suspect thread<\/a>.<\/strong><\/div>\n|j|\u2606menhera chan\n|j|\u2606sdkko\n|t:|1700921280\n|gametype|singles\n|player|p1|menhera chan|lass-gen4dp|\n|player|p2|sdkko|102|\n|teamsize|p1|6\n|teamsize|p2|6\n|gen|9\n|tier|[Gen 9] National Dex\n|rule|HP Percentage Mod: HP is shown in percentages\n|rule|Endless Battle Clause: Forcing endless battles is banned\n|rule|OHKO Clause: OHKO moves are banned\n|rule|Evasion Clause: Evasion abilities, items, and moves are banned\n|rule|Evasion Abilities Clause: Evasion abilities are banned\n|rule|Evasion Items Clause: Evasion items are banned\n|rule|Evasion Moves Clause: Evasion moves are banned\n|rule|Species Clause: Limit one of each Pok\u00e9mon\n|rule|Sleep Clause Mod: Limit one foe put to sleep\n|clearpoke\n|poke|p1|Alomomola, F|\n|poke|p1|Tyranitar, M|\n|poke|p1|Gliscor, M|\n|poke|p1|Skarmory, F|\n|poke|p1|Tapu Lele|\n|poke|p1|Moltres|\n|poke|p2|Mawile, M|\n|poke|p2|Marowak-Alola, F|\n|poke|p2|Hatterene, F|\n|poke|p2|Cresselia, F|\n|poke|p2|Porygon2|\n|poke|p2|Ursaluna, M|\n|teampreview\n|inactive|Battle timer is ON: inactive players will automatically lose when time's up. (requested by sdkko)\n|inactive|menhera chan has 270 seconds left.\n|inactive|sdkko has 270 seconds left.\n|\n|t:|1700921340\n|start\n|switch|p1a: Tyranitar|Tyranitar, M|100\/100\n|switch|p2a: Hatterene|Hatterene, F|100\/100\n|-weather|Sandstorm|[from] ability: Sand Stream|[of] p1a: Tyranitar\n|turn|1\n|\n|t:|1700921346\n|detailschange|p1a: Tyranitar|Tyranitar-Mega, M\n|-mega|p1a: Tyranitar|Tyranitar|Tyranitarite\n|move|p1a: Tyranitar|Knock Off|p2a: Hatterene\n|-damage|p2a: Hatterene|29\/100\n|-enditem|p2a: Hatterene|Focus Sash|[from] move: Knock Off|[of] p1a: Tyranitar\n|move|p2a: Hatterene|Trick Room|p2a: Hatterene\n|-fieldstart|move: Trick Room|[of] p2a: Hatterene\n|\n|-weather|Sandstorm|[upkeep]\n|-damage|p2a: Hatterene|23\/100|[from] Sandstorm\n|upkeep\n|turn|2\n|\n|t:|1700921353\n|switch|p1a: Moltres|Moltres|100\/100\n|move|p2a: Hatterene|Misty Explosion|p1a: Moltres\n|-resisted|p1a: Moltres\n|-damage|p1a: Moltres|75\/100\n|faint|p2a: Hatterene\n|\n|-weather|Sandstorm|[upkeep]\n|-damage|p1a: Moltres|69\/100|[from] Sandstorm\n|upkeep\n|\n|t:|1700921361\n|switch|p2a: Marowak|Marowak-Alola, F|100\/100\n|turn|3\n|j| zzs is my goddess\n|\n|t:|1700921366\n|move|p2a: Marowak|Poltergeist|p1a: Moltres\n|-activate|p1a: Moltres|move: Poltergeist|Heavy-Duty Boots\n|-damage|p1a: Moltres|0 fnt\n|faint|p1a: Moltres\n|\n|-weather|Sandstorm|[upkeep]\n|-damage|p2a: Marowak|94\/100|[from] Sandstorm\n|upkeep\n|\n|t:|1700921372\n|switch|p1a: Tyranitar|Tyranitar-Mega, M|100\/100\n|turn|4\n|\n|t:|1700921377\n|switch|p1a: Gliscor|Gliscor, M|100\/100\n|move|p2a: Marowak|Low Kick|p1a: Gliscor\n|-resisted|p1a: Gliscor\n|-damage|p1a: Gliscor|86\/100\n|\n|-weather|Sandstorm|[upkeep]\n|-damage|p2a: Marowak|88\/100|[from] Sandstorm\n|-status|p1a: Gliscor|tox|[from] item: Toxic Orb\n|upkeep\n|turn|5\n|\n|t:|1700921388\n|switch|p2a: Cresselia|Cresselia, F|100\/100\n|switch|p1a: Tyranitar|Tyranitar-Mega, M|100\/100\n|\n|-weather|none\n|-fieldend|move: Trick Room\n|upkeep\n|turn|6\n|\n|t:|1700921405\n|switch|p2a: Mawile|Mawile, M|100\/100\n|-ability|p2a: Mawile|Intimidate|boost\n|-unboost|p1a: Tyranitar|atk|1\n|move|p1a: Tyranitar|Stealth Rock|p2a: Mawile\n|-sidestart|p2: sdkko|move: Stealth Rock\n|\n|upkeep\n|turn|7\n|\n|t:|1700921414\n|switch|p1a: Skarmory|Skarmory, F|100\/100\n|detailschange|p2a: Mawile|Mawile-Mega, M\n|-mega|p2a: Mawile|Mawile|Mawilite\n|move|p2a: Mawile|Fire Fang|p1a: Skarmory\n|-supereffective|p1a: Skarmory\n|-damage|p1a: Skarmory|53\/100\n|\n|upkeep\n|turn|8\n|\n|t:|1700921424\n|move|p1a: Skarmory|Iron Defense|p1a: Skarmory\n|-boost|p1a: Skarmory|def|2\n|move|p2a: Mawile|Fire Fang|p1a: Skarmory\n|-supereffective|p1a: Skarmory\n|-damage|p1a: Skarmory|26\/100\n|\n|upkeep\n|turn|9\n|\n|t:|1700921438\n|switch|p2a: Porygon2|Porygon2|100\/100\n|-damage|p2a: Porygon2|88\/100|[from] Stealth Rock\n|-ability|p2a: Porygon2|Sturdy|[from] ability: Trace|[of] p1a: Skarmory\n|move|p1a: Skarmory|Roost|p1a: Skarmory\n|-heal|p1a: Skarmory|76\/100\n|-singleturn|p1a: Skarmory|move: Roost\n|\n|upkeep\n|turn|10\n|\n|t:|1700921448\n|switch|p1a: Tyranitar|Tyranitar-Mega, M|100\/100\n|-weather|Sandstorm|[from] ability: Sand Stream|[of] p1a: Tyranitar\n|-terastallize|p2a: Porygon2|Ghost\n|move|p2a: Porygon2|Trick Room|p2a: Porygon2\n|-fieldstart|move: Trick Room|[of] p2a: Porygon2\n|\n|-weather|Sandstorm|[upkeep]\n|-damage|p2a: Porygon2|82\/100|[from] Sandstorm\n|upkeep\n|turn|11\n|\n|t:|1700921454\n|switch|p2a: Mawile|Mawile-Mega, M|100\/100\n|-damage|p2a: Mawile|95\/100|[from] Stealth Rock\n|move|p1a: Tyranitar|Knock Off|p2a: Mawile\n|-resisted|p2a: Mawile\n|-damage|p2a: Mawile|76\/100\n|\n|-weather|Sandstorm|[upkeep]\n|upkeep\n|turn|12\n|j| Unowndragon\n|\n|t:|1700921473\n|switch|p1a: Alomomola|Alomomola, F|100\/100\n|move|p2a: Mawile|Play Rough|p1a: Alomomola\n|-damage|p1a: Alomomola|47\/100\n|\n|-weather|Sandstorm|[upkeep]\n|-damage|p1a: Alomomola|41\/100|[from] Sandstorm\n|upkeep\n|turn|13\n|\n|t:|1700921482\n|move|p1a: Alomomola|Protect|p1a: Alomomola\n|-singleturn|p1a: Alomomola|Protect\n|move|p2a: Mawile|Play Rough|p1a: Alomomola\n|-activate|p1a: Alomomola|move: Protect\n|\n|-weather|Sandstorm|[upkeep]\n|-damage|p1a: Alomomola|34\/100|[from] Sandstorm\n|upkeep\n|turn|14\n|\n|t:|1700921487\n|move|p1a: Alomomola|Wish|p1a: Alomomola\n|move|p2a: Mawile|Play Rough|p1a: Alomomola\n|-crit|p1a: Alomomola\n|-damage|p1a: Alomomola|0 fnt\n|faint|p1a: Alomomola\n|\n|-weather|none\n|-fieldend|move: Trick Room\n|upkeep\n|\n|t:|1700921492\n|switch|p1a: Skarmory|Skarmory, F|76\/100\n|turn|15\n|\n|t:|1700921501\n|switch|p2a: Porygon2|Porygon2, tera:Ghost|82\/100\n|-damage|p2a: Porygon2|70\/100|[from] Stealth Rock\n|-ability|p2a: Porygon2|Sturdy|[from] ability: Trace|[of] p1a: Skarmory\n|move|p1a: Skarmory|Spikes|p2a: Porygon2\n|-sidestart|p2: sdkko|Spikes\n|\n|-heal|p1a: Skarmory|100\/100|[from] move: Wish|[wisher] Alomomola\n|upkeep\n|turn|16\n|\n|t:|1700921506\n|move|p1a: Skarmory|Spikes|p2a: Porygon2\n|-sidestart|p2: sdkko|Spikes\n|move|p2a: Porygon2|Trick Room|p2a: Porygon2\n|-fieldstart|move: Trick Room|[of] p2a: Porygon2\n|\n|upkeep\n|turn|17\n|\n|t:|1700921510\n|move|p2a: Porygon2|Thunderbolt|p1a: Skarmory\n|-supereffective|p1a: Skarmory\n|-damage|p1a: Skarmory|43\/100\n|move|p1a: Skarmory|Roost|p1a: Skarmory\n|-heal|p1a: Skarmory|94\/100\n|-singleturn|p1a: Skarmory|move: Roost\n|\n|upkeep\n|turn|18\n|\n|t:|1700921522\n|switch|p1a: Tyranitar|Tyranitar-Mega, M|100\/100\n|-weather|Sandstorm|[from] ability: Sand Stream|[of] p1a: Tyranitar\n|move|p2a: Porygon2|Teleport|p2a: Porygon2\n|\n|t:|1700921525\n|switch|p2a: Mawile|Mawile-Mega, M|76\/100|[from] Teleport\n|-damage|p2a: Mawile|70\/100|[from] Stealth Rock\n|-damage|p2a: Mawile|54\/100|[from] Spikes\n|\n|-weather|Sandstorm|[upkeep]\n|upkeep\n|turn|19\n|\n|t:|1700921551\n|switch|p1a: Skarmory|Skarmory, F|94\/100\n|move|p2a: Mawile|Fire Fang|p1a: Skarmory\n|-supereffective|p1a: Skarmory\n|-damage|p1a: Skarmory|41\/100\n|\n|-weather|Sandstorm|[upkeep]\n|upkeep\n|turn|20\n|\n|t:|1700921562\n|switch|p1a: Tapu Lele|Tapu Lele|100\/100\n|-fieldstart|move: Psychic Terrain|[from] ability: Psychic Surge|[of] p1a: Tapu Lele\n|move|p2a: Mawile|Fire Fang|p1a: Tapu Lele\n|-damage|p1a: Tapu Lele|37\/100\n|\n|-weather|Sandstorm|[upkeep]\n|-damage|p1a: Tapu Lele|31\/100|[from] Sandstorm\n|-fieldend|move: Trick Room\n|upkeep\n|turn|21\n|\n|t:|1700921569\n|switch|p2a: Cresselia|Cresselia, F|100\/100\n|-damage|p2a: Cresselia|88\/100|[from] Stealth Rock\n|move|p1a: Tapu Lele|Psychic|p2a: Cresselia\n|-resisted|p2a: Cresselia\n|-damage|p2a: Cresselia|69\/100\n|\n|-weather|Sandstorm|[upkeep]\n|-damage|p1a: Tapu Lele|25\/100|[from] Sandstorm\n|-damage|p2a: Cresselia|63\/100|[from] Sandstorm\n|upkeep\n|turn|22\n|\n|t:|1700921573\n|switch|p1a: Tyranitar|Tyranitar-Mega, M|100\/100\n|move|p2a: Cresselia|Trick Room|p2a: Cresselia\n|-fieldstart|move: Trick Room|[of] p2a: Cresselia\n|\n|-weather|none\n|upkeep\n|turn|23\n|\n|t:|1700921602\n|switch|p2a: Ursaluna|Ursaluna, M|100\/100\n|-damage|p2a: Ursaluna|94\/100|[from] Stealth Rock\n|-damage|p2a: Ursaluna|78\/100|[from] Spikes\n|move|p1a: Tyranitar|Knock Off|p2a: Ursaluna\n|-damage|p2a: Ursaluna|38\/100\n|-enditem|p2a: Ursaluna|Flame Orb|[from] move: Knock Off|[of] p1a: Tyranitar\n|\n|upkeep\n|turn|24\n|\n|t:|1700921614\n|switch|p1a: Gliscor|Gliscor, M|86\/100 tox\n|move|p2a: Ursaluna|Earthquake|p1a: Gliscor\n|-immune|p1a: Gliscor\n|\n|-heal|p1a: Gliscor|99\/100 tox|[from] ability: Poison Heal\n|-fieldend|move: Psychic Terrain\n|upkeep\n|turn|25\n|\n|t:|1700921618\n|move|p2a: Ursaluna|Facade|p1a: Gliscor\n|-damage|p1a: Gliscor|64\/100 tox\n|move|p1a: Gliscor|Swords Dance|p1a: Gliscor\n|-boost|p1a: Gliscor|atk|2\n|\n|-heal|p1a: Gliscor|77\/100 tox|[from] ability: Poison Heal\n|upkeep\n|turn|26\n|\n|t:|1700921623\n|move|p2a: Ursaluna|Facade|p1a: Gliscor\n|-damage|p1a: Gliscor|43\/100 tox\n|move|p1a: Gliscor|Swords Dance|p1a: Gliscor\n|-boost|p1a: Gliscor|atk|2\n|\n|-heal|p1a: Gliscor|56\/100 tox|[from] ability: Poison Heal\n|-fieldend|move: Trick Room\n|upkeep\n|turn|27\n|\n|t:|1700921628\n|move|p1a: Gliscor|Swords Dance|p1a: Gliscor\n|-boost|p1a: Gliscor|atk|2\n|move|p2a: Ursaluna|Facade|p1a: Gliscor\n|-damage|p1a: Gliscor|21\/100 tox\n|\n|-heal|p1a: Gliscor|33\/100 tox|[from] ability: Poison Heal\n|upkeep\n|turn|28\n|\n|t:|1700921638\n|move|p1a: Gliscor|Roost|p1a: Gliscor\n|-heal|p1a: Gliscor|83\/100 tox\n|-singleturn|p1a: Gliscor|move: Roost\n|move|p2a: Ursaluna|Earthquake|p1a: Gliscor\n|-damage|p1a: Gliscor|32\/100 tox\n|\n|-heal|p1a: Gliscor|45\/100 tox|[from] ability: Poison Heal\n|upkeep\n|turn|29\n|\n|t:|1700921644\n|move|p1a: Gliscor|Earthquake|p2a: Ursaluna\n|-damage|p2a: Ursaluna|0 fnt\n|faint|p2a: Ursaluna\n|\n|-heal|p1a: Gliscor|57\/100 tox|[from] ability: Poison Heal\n|upkeep\n|\n|t:|1700921648\n|switch|p2a: Mawile|Mawile-Mega, M|54\/100\n|-damage|p2a: Mawile|48\/100|[from] Stealth Rock\n|-damage|p2a: Mawile|31\/100|[from] Spikes\n|turn|30\n|\n|t:|1700921651\n|move|p1a: Gliscor|Earthquake|p2a: Mawile\n|-supereffective|p2a: Mawile\n|-damage|p2a: Mawile|0 fnt\n|faint|p2a: Mawile\n|\n|-heal|p1a: Gliscor|70\/100 tox|[from] ability: Poison Heal\n|upkeep\n|\n|t:|1700921654\n|switch|p2a: Cresselia|Cresselia, F|63\/100\n|-damage|p2a: Cresselia|50\/100|[from] Stealth Rock\n|turn|31\n|\n|t:|1700921658\n|move|p1a: Gliscor|Facade|p2a: Cresselia\n|-damage|p2a: Cresselia|0 fnt\n|faint|p2a: Cresselia\n|\n|-heal|p1a: Gliscor|82\/100 tox|[from] ability: Poison Heal\n|upkeep\n|\n|t:|1700921663\n|switch|p2a: Porygon2|Porygon2, tera:Ghost|70\/100\n|-damage|p2a: Porygon2|57\/100|[from] Stealth Rock\n|-damage|p2a: Porygon2|41\/100|[from] Spikes\n|-ability|p2a: Porygon2|Poison Heal|[from] ability: Trace|[of] p1a: Gliscor\n|turn|32\n|\n|t:|1700921667\n|-terastallize|p1a: Gliscor|Fairy\n|move|p1a: Gliscor|Earthquake|p2a: Porygon2\n|-damage|p2a: Porygon2|0 fnt\n|faint|p2a: Porygon2\n|\n|-heal|p1a: Gliscor|95\/100 tox|[from] ability: Poison Heal\n|upkeep\n|\n|t:|1700921674\n|switch|p2a: Marowak|Marowak-Alola, F|88\/100\n|-damage|p2a: Marowak|63\/100|[from] Stealth Rock\n|-damage|p2a: Marowak|46\/100|[from] Spikes\n|turn|33\n|\n|t:|1700921677\n|move|p1a: Gliscor|Earthquake|p2a: Marowak\n|-supereffective|p2a: Marowak\n|-damage|p2a: Marowak|0 fnt\n|faint|p2a: Marowak\n|\n|win|menhera chan\n|c|\u2606menhera chan|gg\n","uploadtime":1700921683,"views":13,"p1id":"menherachan","p2id":"sdkko","formatid":"gen9nationaldex","rating":0,"private":0,"password":""}