{"id":"gen9nationaldex-1998665131","p1":"Autistic_Rabbit","p2":"WillingStar","format":"[Gen 9] National Dex","log":"|html|<div class=\"broadcast-blue\"><strong>[Gen 9] National Dex is currently suspecting Sneasler! For information on how to participate check out the <a href=\"https:\/\/www.smogon.com\/forums\/threads\/sv-national-dex-suspect-8-just-dance.3731534\/\">suspect thread<\/a>.<\/strong><\/div>\n|j|\u2606Autistic_Rabbit\n|j|\u2606WillingStar\n|t:|1700969563\n|gametype|singles\n|player|p1|Autistic_Rabbit|dawn|1542\n|player|p2|WillingStar|riley|1564\n|teamsize|p1|6\n|teamsize|p2|6\n|gen|9\n|tier|[Gen 9] National Dex\n|rated|\n|rule|HP Percentage Mod: HP is shown in percentages\n|rule|Endless Battle Clause: Forcing endless battles is banned\n|rule|OHKO Clause: OHKO moves are banned\n|rule|Evasion Clause: Evasion abilities, items, and moves are banned\n|rule|Evasion Abilities Clause: Evasion abilities are banned\n|rule|Evasion Items Clause: Evasion items are banned\n|rule|Evasion Moves Clause: Evasion moves are banned\n|rule|Species Clause: Limit one of each Pok\u00e9mon\n|rule|Sleep Clause Mod: Limit one foe put to sleep\n|clearpoke\n|poke|p1|Mawile, M|\n|poke|p1|Marowak-Alola, M|\n|poke|p1|Hatterene, F|\n|poke|p1|Cresselia, F|\n|poke|p1|Porygon2|\n|poke|p1|Ursaluna, F|\n|poke|p2|Regice|\n|poke|p2|Gyarados, F|\n|poke|p2|Ninetales-Alola, F|\n|poke|p2|Tapu Lele|\n|poke|p2|Zoroark-Hisui, M|\n|poke|p2|Kartana|\n|teampreview\n|inactive|Battle timer is ON: inactive players will automatically lose when time's up. (requested by WillingStar)\n|\n|t:|1700969577\n|start\n|switch|p1a: Marowak|Marowak-Alola, M|100\/100\n|switch|p2a: Gyarados|Gyarados, F, shiny|100\/100\n|-ability|p2a: Gyarados|Intimidate|boost\n|-unboost|p1a: Marowak|atk|1\n|turn|1\n|\n|t:|1700969591\n|switch|p1a: Mawile|Mawile, M|100\/100\n|-ability|p1a: Mawile|Intimidate|boost\n|-unboost|p2a: Gyarados|atk|1\n|detailschange|p2a: Gyarados|Gyarados-Mega, F, shiny\n|-mega|p2a: Gyarados|Gyarados|Gyaradosite\n|-ability|p2a: Gyarados|Mold Breaker\n|move|p2a: Gyarados|Taunt|p1a: Mawile\n|-start|p1a: Mawile|move: Taunt\n|\n|upkeep\n|turn|2\n|\n|t:|1700969616\n|switch|p2a: Ninetales|Ninetales-Alola, F|100\/100\n|-weather|Snow|[from] ability: Snow Warning|[of] p2a: Ninetales\n|detailschange|p1a: Mawile|Mawile-Mega, M\n|-mega|p1a: Mawile|Mawile|Mawilite\n|move|p1a: Mawile|Play Rough|p2a: Ninetales\n|-damage|p2a: Ninetales|24\/100\n|\n|-weather|Snow|[upkeep]\n|upkeep\n|turn|3\n|\n|t:|1700969625\n|switch|p1a: Porygon2|Porygon2|100\/100\n|-ability|p1a: Porygon2|Snow Warning|[from] ability: Trace|[of] p2a: Ninetales\n|move|p2a: Ninetales|Aurora Veil|p2a: Ninetales\n|-sidestart|p2: WillingStar|move: Aurora Veil\n|\n|-weather|Snow|[upkeep]\n|upkeep\n|turn|4\n|\n|t:|1700969634\n|switch|p2a: Regice|Regice, shiny|100\/100\n|move|p1a: Porygon2|Thunderbolt|p2a: Regice\n|-damage|p2a: Regice|94\/100\n|-status|p2a: Regice|par\n|\n|-weather|Snow|[upkeep]\n|upkeep\n|turn|5\n|\n|t:|1700969642\n|move|p2a: Regice|Focus Blast|p1a: Porygon2|[miss]\n|-miss|p2a: Regice|p1a: Porygon2\n|move|p1a: Porygon2|Trick Room|p1a: Porygon2\n|-fieldstart|move: Trick Room|[of] p1a: Porygon2\n|\n|-weather|Snow|[upkeep]\n|upkeep\n|turn|6\n|\n|t:|1700969646\n|cant|p2a: Regice|par\n|move|p1a: Porygon2|Teleport|p1a: Porygon2\n|\n|t:|1700969650\n|switch|p1a: Marowak|Marowak-Alola, M|100\/100|[from] Teleport\n|\n|-weather|none\n|upkeep\n|turn|7\n|\n|t:|1700969660\n|switch|p2a: Ninetales|Ninetales-Alola, F|24\/100\n|-weather|Snow|[from] ability: Snow Warning|[of] p2a: Ninetales\n|move|p1a: Marowak|Flare Blitz|p2a: Ninetales\n|-supereffective|p2a: Ninetales\n|-damage|p2a: Ninetales|0 fnt\n|faint|p2a: Ninetales\n|\n|-weather|Snow|[upkeep]\n|upkeep\n|\n|t:|1700969663\n|switch|p2a: Kartana|Kartana|100\/100\n|turn|8\n|\n|t:|1700969676\n|move|p1a: Marowak|Flare Blitz|p2a: Kartana\n|-enditem|p2a: Kartana|Focus Sash\n|-damage|p2a: Kartana|1\/100\n|replace|p2a: Zoroark|Zoroark-Hisui, M, shiny\n|-end|p2a: Zoroark|Illusion\n|move|p2a: Zoroark|Shadow Ball|p1a: Marowak\n|-supereffective|p1a: Marowak\n|-damage|p1a: Marowak|0 fnt\n|faint|p1a: Marowak\n|\n|-weather|Snow|[upkeep]\n|upkeep\n|\n|t:|1700969688\n|switch|p1a: Ursaluna|Ursaluna, F|100\/100\n|turn|9\n|\n|t:|1700969701\n|switch|p2a: Regice|Regice, shiny|94\/100 par\n|move|p1a: Ursaluna|Headlong Rush|p2a: Regice\n|-damage|p2a: Regice|68\/100 par\n|-unboost|p1a: Ursaluna|def|1\n|-unboost|p1a: Ursaluna|spd|1\n|\n|-weather|Snow|[upkeep]\n|-fieldend|move: Trick Room\n|-status|p1a: Ursaluna|brn|[from] item: Flame Orb\n|upkeep\n|turn|10\n|\n|t:|1700969717\n|switch|p1a: Porygon2|Porygon2|100\/100\n|-ability|p1a: Porygon2|Clear Body|[from] ability: Trace|[of] p2a: Regice\n|cant|p2a: Regice|par\n|\n|-weather|Snow|[upkeep]\n|-sideend|p2: WillingStar|move: Aurora Veil\n|upkeep\n|turn|11\n|\n|t:|1700969726\n|move|p2a: Regice|Focus Blast|p1a: Porygon2|[miss]\n|-miss|p2a: Regice|p1a: Porygon2\n|move|p1a: Porygon2|Trick Room|p1a: Porygon2\n|-fieldstart|move: Trick Room|[of] p1a: Porygon2\n|\n|-weather|none\n|upkeep\n|turn|12\n|c|\u2606Autistic_Rabbit|\uff1a\uff09\n|\n|t:|1700969734\n|cant|p2a: Regice|par\n|move|p1a: Porygon2|Teleport|p1a: Porygon2\n|\n|t:|1700969741\n|switch|p1a: Mawile|Mawile-Mega, M|100\/100|[from] Teleport\n|\n|upkeep\n|turn|13\n|\n|t:|1700969761\n|-terastallize|p2a: Regice|Electric\n|move|p2a: Regice|Thunderbolt|p1a: Mawile\n|-damage|p1a: Mawile|56\/100\n|move|p1a: Mawile|Fire Fang|p2a: Regice\n|-damage|p2a: Regice|18\/100 par\n|\n|upkeep\n|turn|14\n|\n|t:|1700969782\n|switch|p2a: Kartana|Kartana|1\/100\n|move|p1a: Mawile|Sucker Punch||[still]\n|-fail|p1a: Mawile\n|\n|upkeep\n|turn|15\n|\n|t:|1700969788\n|move|p1a: Mawile|Play Rough|p2a: Kartana\n|-damage|p2a: Kartana|0 fnt\n|replace|p2a: Zoroark|Zoroark-Hisui, M, shiny\n|-end|p2a: Zoroark|Illusion\n|faint|p2a: Zoroark\n|\n|-fieldend|move: Trick Room\n|upkeep\n|\n|t:|1700969798\n|switch|p2a: Tapu Lele|Tapu Lele, shiny|100\/100\n|-fieldstart|move: Psychic Terrain|[from] ability: Psychic Surge|[of] p2a: Tapu Lele\n|turn|16\n|\n|t:|1700969814\n|switch|p2a: Gyarados|Gyarados-Mega, F, shiny|100\/100\n|-ability|p2a: Gyarados|Mold Breaker\n|switch|p1a: Cresselia|Cresselia, F|100\/100\n|\n|upkeep\n|turn|17\n|\n|t:|1700969821\n|move|p2a: Gyarados|Taunt|p1a: Cresselia\n|-start|p1a: Cresselia|move: Taunt\n|cant|p1a: Cresselia|move: Taunt|Trick Room\n|\n|upkeep\n|turn|18\n|\n|t:|1700969834\n|switch|p1a: Porygon2|Porygon2|100\/100\n|-ability|p1a: Porygon2|Mold Breaker\n|-ability|p1a: Porygon2|Mold Breaker|[from] ability: Trace|[of] p2a: Gyarados\n|move|p2a: Gyarados|Dragon Dance|p2a: Gyarados\n|-boost|p2a: Gyarados|atk|1\n|-boost|p2a: Gyarados|spe|1\n|\n|upkeep\n|turn|19\n|\n|t:|1700969838\n|move|p2a: Gyarados|Taunt|p1a: Porygon2\n|-start|p1a: Porygon2|move: Taunt\n|move|p1a: Porygon2|Thunderbolt|p2a: Gyarados\n|-supereffective|p2a: Gyarados\n|-damage|p2a: Gyarados|68\/100\n|\n|upkeep\n|turn|20\n|\n|t:|1700969843\n|move|p2a: Gyarados|Dragon Dance|p2a: Gyarados\n|-boost|p2a: Gyarados|atk|1\n|-boost|p2a: Gyarados|spe|1\n|move|p1a: Porygon2|Thunderbolt|p2a: Gyarados\n|-supereffective|p2a: Gyarados\n|-damage|p2a: Gyarados|32\/100\n|\n|-fieldend|move: Psychic Terrain\n|upkeep\n|turn|21\n|\n|t:|1700969846\n|move|p2a: Gyarados|Waterfall|p1a: Porygon2\n|-damage|p1a: Porygon2|55\/100\n|move|p1a: Porygon2|Thunderbolt|p2a: Gyarados\n|-supereffective|p2a: Gyarados\n|-damage|p2a: Gyarados|0 fnt\n|faint|p2a: Gyarados\n|\n|-end|p1a: Porygon2|move: Taunt\n|upkeep\n|\n|t:|1700969856\n|switch|p2a: Tapu Lele|Tapu Lele, shiny|100\/100\n|-fieldstart|move: Psychic Terrain|[from] ability: Psychic Surge|[of] p2a: Tapu Lele\n|turn|22\n|\n|t:|1700969861\n|move|p2a: Tapu Lele|Moonblast|p1a: Porygon2\n|-damage|p1a: Porygon2|9\/100\n|-unboost|p1a: Porygon2|spa|1\n|move|p1a: Porygon2|Trick Room|p1a: Porygon2\n|-fieldstart|move: Trick Room|[of] p1a: Porygon2\n|\n|upkeep\n|turn|23\n|\n|t:|1700969869\n|move|p1a: Porygon2|Ice Beam|p2a: Tapu Lele\n|-damage|p2a: Tapu Lele|84\/100\n|move|p2a: Tapu Lele|Moonblast|p1a: Porygon2\n|-damage|p1a: Porygon2|0 fnt\n|faint|p1a: Porygon2\n|\n|upkeep\n|\n|t:|1700969875\n|switch|p1a: Ursaluna|Ursaluna, F|100\/100 brn\n|turn|24\n|\n|t:|1700969885\n|switch|p2a: Kartana|Kartana|100\/100\n|move|p1a: Ursaluna|Facade|p2a: Kartana\n|-resisted|p2a: Kartana\n|-damage|p2a: Kartana|30\/100\n|\n|-damage|p1a: Ursaluna|94\/100 brn|[from] brn\n|upkeep\n|turn|25\n|\n|t:|1700969898\n|move|p1a: Ursaluna|Facade|p2a: Kartana\n|-resisted|p2a: Kartana\n|-damage|p2a: Kartana|0 fnt\n|faint|p2a: Kartana\n|\n|-damage|p1a: Ursaluna|88\/100 brn|[from] brn\n|upkeep\n|\n|t:|1700969900\n|switch|p2a: Regice|Regice, shiny, tera:Electric|18\/100 par\n|turn|26\n|\n|t:|1700969903\n|-terastallize|p1a: Ursaluna|Normal\n|move|p1a: Ursaluna|Facade|p2a: Regice\n|-damage|p2a: Regice|0 fnt\n|faint|p2a: Regice\n|\n|-damage|p1a: Ursaluna|82\/100 brn|[from] brn\n|-fieldend|move: Trick Room\n|-fieldend|move: Psychic Terrain\n|upkeep\n|\n|t:|1700969907\n|switch|p2a: Tapu Lele|Tapu Lele, shiny|84\/100\n|-fieldstart|move: Psychic Terrain|[from] ability: Psychic Surge|[of] p2a: Tapu Lele\n|turn|27\n|\n|t:|1700969913\n|switch|p1a: Cresselia|Cresselia, F|100\/100\n|move|p2a: Tapu Lele|Moonblast|p1a: Cresselia\n|-damage|p1a: Cresselia|52\/100\n|\n|upkeep\n|turn|28\n|\n|t:|1700969917\n|move|p2a: Tapu Lele|Moonblast|p1a: Cresselia\n|-damage|p1a: Cresselia|3\/100\n|move|p1a: Cresselia|Trick Room|p1a: Cresselia\n|-fieldstart|move: Trick Room|[of] p1a: Cresselia\n|\n|upkeep\n|turn|29\n|-message|WillingStar forfeited.\n|\n|win|Autistic_Rabbit\n|raw|Autistic_Rabbit's rating: 1542 &rarr; <strong>1563<\/strong><br \/>(+21 for winning)\n|raw|WillingStar's rating: 1564 &rarr; <strong>1543<\/strong><br \/>(-21 for losing)\n|l|\u2606WillingStar\n","uploadtime":1700969930,"views":18,"p1id":"autisticrabbit","p2id":"willingstar","formatid":"gen9nationaldex","rating":1543,"private":0,"password":""}