{"id":"gen9nationaldex-1992004531","p1":"EnderChurro101","p2":"Autistic_Rabbit","format":"[Gen 9] National Dex","log":"|j|\u2606EnderChurro101\n|j|\u2606Autistic_Rabbit\n|t:|1700146950\n|gametype|singles\n|player|p1|EnderChurro101|grimsley-gen7|1453\n|player|p2|Autistic_Rabbit|dawn|1451\n|teamsize|p1|6\n|teamsize|p2|6\n|gen|9\n|tier|[Gen 9] National Dex\n|rated|\n|rule|HP Percentage Mod: HP is shown in percentages\n|rule|Endless Battle Clause: Forcing endless battles is banned\n|rule|OHKO Clause: OHKO moves are banned\n|rule|Evasion Clause: Evasion abilities, items, and moves are banned\n|rule|Evasion Abilities Clause: Evasion abilities are banned\n|rule|Evasion Items Clause: Evasion items are banned\n|rule|Evasion Moves Clause: Evasion moves are banned\n|rule|Species Clause: Limit one of each Pok\u00e9mon\n|rule|Sleep Clause Mod: Limit one foe put to sleep\n|clearpoke\n|poke|p1|Diancie|\n|poke|p1|Iron Moth|\n|poke|p1|Tapu Koko|\n|poke|p1|Ferrothorn, M|\n|poke|p1|Toxapex, M|\n|poke|p1|Urshifu-*, F|\n|poke|p2|Rillaboom, F|\n|poke|p2|Heatran, F|\n|poke|p2|Urshifu-*, F|\n|poke|p2|Slowking-Galar, F|\n|poke|p2|Thundurus-Therian, M|\n|poke|p2|Weezing-Galar, M|\n|teampreview\n|c|\u2606EnderChurro101|gl hf\n|\n|t:|1700146977\n|start\n|switch|p1a: Smokey|Urshifu-Rapid-Strike, F|100\/100\n|switch|p2a: Urshifu|Urshifu-Rapid-Strike, F|100\/100\n|turn|1\n|\n|t:|1700146989\n|move|p1a: Smokey|Swords Dance|p1a: Smokey\n|-boost|p1a: Smokey|atk|2\n|move|p2a: Urshifu|U-turn|p1a: Smokey\n|-resisted|p1a: Smokey\n|-damage|p1a: Smokey|82\/100\n|\n|t:|1700146992\n|switch|p2a: Thundurus|Thundurus-Therian, M|100\/100|[from] U-turn\n|\n|upkeep\n|turn|2\n|inactive|Battle timer is ON: inactive players will automatically lose when time's up. (requested by Autistic_Rabbit)\n|\n|t:|1700147023\n|switch|p1a: Bouldergeist|Diancie, shiny|100\/100\n|move|p2a: Thundurus|Volt Switch|p1a: Bouldergeist\n|-damage|p1a: Bouldergeist|57\/100\n|\n|t:|1700147031\n|switch|p2a: Rillaboom|Rillaboom, F|100\/100|[from] Volt Switch\n|-fieldstart|move: Grassy Terrain|[from] ability: Grassy Surge|[of] p2a: Rillaboom\n|\n|-heal|p1a: Bouldergeist|63\/100|[from] Grassy Terrain\n|upkeep\n|turn|3\n|\n|t:|1700147056\n|switch|p1a: Lego\u2122\ufe0f|Ferrothorn, M|100\/100\n|move|p2a: Rillaboom|Grassy Glide|p1a: Lego\u2122\ufe0f\n|-resisted|p1a: Lego\u2122\ufe0f\n|-damage|p1a: Lego\u2122\ufe0f|92\/100\n|-damage|p2a: Rillaboom|88\/100|[from] ability: Iron Barbs|[of] p1a: Lego\u2122\ufe0f\n|\n|-heal|p2a: Rillaboom|94\/100|[from] Grassy Terrain\n|-heal|p1a: Lego\u2122\ufe0f|98\/100|[from] Grassy Terrain\n|-heal|p1a: Lego\u2122\ufe0f|100\/100|[from] item: Leftovers\n|upkeep\n|turn|4\n|\n|t:|1700147070\n|switch|p2a: Weezing|Weezing-Galar, M|100\/100\n|-ability|p2a: Weezing|Neutralizing Gas\n|move|p1a: Lego\u2122\ufe0f|Spikes|p2a: Weezing\n|-sidestart|p2: Autistic_Rabbit|Spikes\n|\n|upkeep\n|turn|5\n|inactive|EnderChurro101 has 120 seconds left.\n|\n|t:|1700147098\n|switch|p1a: Beef Ragu|Tapu Koko|100\/100\n|move|p2a: Weezing|Will-O-Wisp|p1a: Beef Ragu|[miss]\n|-miss|p2a: Weezing|p1a: Beef Ragu\n|\n|upkeep\n|turn|6\n|inactive|EnderChurro101 has 120 seconds left.\n|\n|t:|1700147114\n|-end|p2a: Weezing|ability: Neutralizing Gas\n|-fieldstart|move: Electric Terrain|[from] ability: Electric Surge|[of] p1a: Beef Ragu\n|switch|p2a: Thundurus|Thundurus-Therian, M|100\/100\n|move|p1a: Beef Ragu|U-turn|p2a: Thundurus\n|-resisted|p2a: Thundurus\n|-damage|p2a: Thundurus|88\/100\n|\n|t:|1700147122\n|switch|p1a: Bouldergeist|Diancie, shiny|63\/100|[from] U-turn\n|\n|upkeep\n|turn|7\n|\n|t:|1700147127\n|detailschange|p1a: Bouldergeist|Diancie-Mega, shiny\n|-mega|p1a: Bouldergeist|Diancie|Diancite\n|move|p2a: Thundurus|Thunderbolt|p1a: Bouldergeist\n|-damage|p1a: Bouldergeist|0 fnt\n|faint|p1a: Bouldergeist\n|\n|upkeep\n|inactive|EnderChurro101 has 120 seconds left.\n|\n|t:|1700147141\n|switch|p1a: Zap Cannon|Iron Moth|100\/100\n|-activate|p1a: Zap Cannon|ability: Quark Drive\n|-start|p1a: Zap Cannon|quarkdrivespa\n|turn|8\n|inactive|EnderChurro101 has 120 seconds left.\n|\n|t:|1700147150\n|move|p2a: Thundurus|Thunderbolt|p1a: Zap Cannon\n|-damage|p1a: Zap Cannon|51\/100\n|-status|p1a: Zap Cannon|par\n|move|p1a: Zap Cannon|Sludge Wave|p2a: Thundurus\n|-crit|p2a: Thundurus\n|-damage|p2a: Thundurus|0 fnt\n|faint|p2a: Thundurus\n|\n|upkeep\n|\n|t:|1700147158\n|switch|p2a: Urshifu|Urshifu-Rapid-Strike, F|100\/100\n|-damage|p2a: Urshifu|88\/100|[from] Spikes\n|turn|9\n|inactive|EnderChurro101 has 120 seconds left.\n|\n|t:|1700147184\n|move|p2a: Urshifu|Close Combat|p1a: Zap Cannon\n|-resisted|p1a: Zap Cannon\n|-damage|p1a: Zap Cannon|0 fnt\n|-unboost|p2a: Urshifu|def|1\n|-unboost|p2a: Urshifu|spd|1\n|faint|p1a: Zap Cannon\n|-end|p1a: Zap Cannon|Quark Drive|[silent]\n|\n|upkeep\n|\n|t:|1700147191\n|switch|p1a: Scrunko|Toxapex, M|100\/100\n|turn|10\n|\n|t:|1700147198\n|switch|p2a: Weezing|Weezing-Galar, M|100\/100\n|-ability|p2a: Weezing|Neutralizing Gas\n|-damage|p2a: Weezing|88\/100|[from] Spikes\n|move|p1a: Scrunko|Scald|p2a: Weezing\n|-damage|p2a: Weezing|66\/100\n|-status|p2a: Weezing|brn\n|\n|-heal|p2a: Weezing|72\/100 brn|[from] item: Leftovers\n|-damage|p2a: Weezing|66\/100 brn|[from] brn\n|-fieldend|move: Electric Terrain\n|upkeep\n|turn|11\n|inactive|EnderChurro101 has 120 seconds left.\n|\n|t:|1700147216\n|move|p2a: Weezing|Will-O-Wisp|p1a: Scrunko\n|-status|p1a: Scrunko|brn\n|move|p1a: Scrunko|Scald|p2a: Weezing\n|-damage|p2a: Weezing|40\/100 brn\n|\n|-heal|p2a: Weezing|46\/100 brn|[from] item: Leftovers\n|-damage|p2a: Weezing|40\/100 brn|[from] brn\n|-damage|p1a: Scrunko|95\/100 brn|[from] brn\n|upkeep\n|turn|12\n|\n|t:|1700147222\n|move|p2a: Weezing|Defog|p1a: Scrunko\n|-unboost|p1a: Scrunko|evasion|1\n|-sideend|p2: Autistic_Rabbit|Spikes|[from] move: Defog|[of] p2a: Weezing\n|move|p1a: Scrunko|Scald|p2a: Weezing\n|-damage|p2a: Weezing|17\/100 brn\n|\n|-heal|p2a: Weezing|23\/100 brn|[from] item: Leftovers\n|-damage|p2a: Weezing|17\/100 brn|[from] brn\n|-damage|p1a: Scrunko|89\/100 brn|[from] brn\n|upkeep\n|turn|13\n|inactive|EnderChurro101 has 120 seconds left.\n|\n|t:|1700147234\n|-end|p2a: Weezing|ability: Neutralizing Gas\n|switch|p2a: Slowking|Slowking-Galar, F|100\/100\n|move|p1a: Scrunko|Scald|p2a: Slowking\n|-damage|p2a: Slowking|89\/100\n|\n|-damage|p1a: Scrunko|83\/100 brn|[from] brn\n|upkeep\n|turn|14\n|inactive|EnderChurro101 has 120 seconds left.\n|\n|t:|1700147247\n|switch|p1a: Beef Ragu|Tapu Koko|100\/100\n|-fieldstart|move: Electric Terrain|[from] ability: Electric Surge|[of] p1a: Beef Ragu\n|move|p2a: Slowking|Future Sight|p1a: Beef Ragu\n|-start|p2a: Slowking|move: Future Sight\n|\n|upkeep\n|turn|15\n|inactive|EnderChurro101 has 120 seconds left.\n|\n|t:|1700147266\n|move|p1a: Beef Ragu|Thunderbolt|p2a: Slowking\n|-damage|p2a: Slowking|55\/100\n|move|p2a: Slowking|Chilly Reception|p2a: Slowking\n|-weather|Snow\n|\n|t:|1700147272\n|switch|p2a: Heatran|Heatran, F|100\/100|[from] Chilly Reception\n|\n|-weather|Snow|[upkeep]\n|upkeep\n|turn|16\n|inactive|EnderChurro101 has 120 seconds left.\n|\n|t:|1700147303\n|move|p1a: Beef Ragu|Thunderbolt|p2a: Heatran\n|-damage|p2a: Heatran|71\/100\n|move|p2a: Heatran|Magma Storm|p1a: Beef Ragu|[miss]\n|-miss|p2a: Heatran|p1a: Beef Ragu\n|\n|-weather|Snow|[upkeep]\n|-end|p1a: Beef Ragu|move: Future Sight\n|-damage|p1a: Beef Ragu|32\/100\n|-heal|p2a: Heatran|78\/100|[from] item: Leftovers\n|upkeep\n|turn|17\n|c|\u2606EnderChurro101|bailed\n|\n|t:|1700147318\n|switch|p1a: Scrunko|Toxapex, M|100\/100 brn\n|move|p2a: Heatran|Magma Storm|p1a: Scrunko\n|-resisted|p1a: Scrunko\n|-damage|p1a: Scrunko|83\/100 brn\n|-activate|p1a: Scrunko|move: Magma Storm|[of] p2a: Heatran\n|\n|-weather|Snow|[upkeep]\n|-heal|p2a: Heatran|84\/100|[from] item: Leftovers\n|-damage|p1a: Scrunko|77\/100 brn|[from] brn\n|-damage|p1a: Scrunko|65\/100 brn|[from] move: Magma Storm|[partiallytrapped]\n|upkeep\n|turn|18\n|\n|t:|1700147324\n|move|p2a: Heatran|Earth Power|p1a: Scrunko\n|-supereffective|p1a: Scrunko\n|-crit|p1a: Scrunko\n|-damage|p1a: Scrunko|7\/100 brn\n|move|p1a: Scrunko|Recover|p1a: Scrunko\n|-heal|p1a: Scrunko|57\/100 brn\n|\n|-weather|Snow|[upkeep]\n|-heal|p2a: Heatran|90\/100|[from] item: Leftovers\n|-damage|p1a: Scrunko|51\/100 brn|[from] brn\n|-damage|p1a: Scrunko|39\/100 brn|[from] move: Magma Storm|[partiallytrapped]\n|-fieldend|move: Electric Terrain\n|upkeep\n|turn|19\n|\n|t:|1700147333\n|-terastallize|p1a: Scrunko|Dragon\n|move|p2a: Heatran|Earth Power|p1a: Scrunko\n|-damage|p1a: Scrunko|16\/100 brn\n|move|p1a: Scrunko|Recover|p1a: Scrunko\n|-heal|p1a: Scrunko|66\/100 brn\n|\n|-weather|none\n|-heal|p2a: Heatran|96\/100|[from] item: Leftovers\n|-damage|p1a: Scrunko|60\/100 brn|[from] brn\n|-damage|p1a: Scrunko|48\/100 brn|[from] move: Magma Storm|[partiallytrapped]\n|upkeep\n|turn|20\n|\n|t:|1700147341\n|move|p2a: Heatran|Taunt|p1a: Scrunko\n|-start|p1a: Scrunko|move: Taunt\n|cant|p1a: Scrunko|move: Taunt|Recover\n|\n|-heal|p2a: Heatran|100\/100|[from] item: Leftovers\n|-damage|p1a: Scrunko|42\/100 brn|[from] brn\n|-damage|p1a: Scrunko|30\/100 brn|[from] move: Magma Storm|[partiallytrapped]\n|upkeep\n|turn|21\n|\n|t:|1700147349\n|move|p2a: Heatran|Earth Power|p1a: Scrunko\n|-damage|p1a: Scrunko|8\/100 brn\n|move|p1a: Scrunko|Scald|p2a: Heatran\n|-supereffective|p2a: Heatran\n|-damage|p2a: Heatran|81\/100\n|\n|-heal|p2a: Heatran|88\/100|[from] item: Leftovers\n|-damage|p1a: Scrunko|2\/100 brn|[from] brn\n|-end|p1a: Scrunko|Magma Storm|[partiallytrapped]\n|upkeep\n|turn|22\n|\n|t:|1700147358\n|switch|p1a: Beef Ragu|Tapu Koko|32\/100\n|-fieldstart|move: Electric Terrain|[from] ability: Electric Surge|[of] p1a: Beef Ragu\n|move|p2a: Heatran|Magma Storm|p1a: Beef Ragu|[miss]\n|-miss|p2a: Heatran|p1a: Beef Ragu\n|\n|-heal|p2a: Heatran|94\/100|[from] item: Leftovers\n|upkeep\n|turn|23\n|c|\u2606Autistic_Rabbit|=\u3002=\n|\n|t:|1700147369\n|move|p1a: Beef Ragu|Roost|p1a: Beef Ragu\n|-heal|p1a: Beef Ragu|82\/100\n|-singleturn|p1a: Beef Ragu|move: Roost\n|move|p2a: Heatran|Earth Power|p1a: Beef Ragu\n|-supereffective|p1a: Beef Ragu\n|-damage|p1a: Beef Ragu|0 fnt\n|faint|p1a: Beef Ragu\n|\n|-heal|p2a: Heatran|99\/100|[from] item: Leftovers\n|upkeep\n|\n|t:|1700147376\n|switch|p1a: Smokey|Urshifu-Rapid-Strike, F|82\/100\n|turn|24\n|\n|t:|1700147391\n|switch|p2a: Weezing|Weezing-Galar, M|17\/100 brn\n|-ability|p2a: Weezing|Neutralizing Gas\n|move|p1a: Smokey|Surging Strikes|p2a: Weezing\n|-crit|p2a: Weezing\n|-damage|p2a: Weezing|1\/100 brn\n|-crit|p2a: Weezing\n|-damage|p2a: Weezing|0 fnt\n|faint|p2a: Weezing\n|-end|p2a: Weezing|ability: Neutralizing Gas\n|-hitcount|p2: Weezing|2\n|\n|upkeep\n|\n|t:|1700147400\n|switch|p2a: Urshifu|Urshifu-Rapid-Strike, F|88\/100\n|turn|25\n|\n|t:|1700147409\n|switch|p1a: Lego\u2122\ufe0f|Ferrothorn, M|100\/100\n|move|p2a: Urshifu|Close Combat|p1a: Lego\u2122\ufe0f\n|-supereffective|p1a: Lego\u2122\ufe0f\n|-damage|p1a: Lego\u2122\ufe0f|0 fnt\n|-unboost|p2a: Urshifu|def|1\n|-unboost|p2a: Urshifu|spd|1\n|-damage|p2a: Urshifu|76\/100|[from] ability: Iron Barbs|[of] p1a: Lego\u2122\ufe0f\n|faint|p1a: Lego\u2122\ufe0f\n|\n|upkeep\n|\n|t:|1700147414\n|switch|p1a: Smokey|Urshifu-Rapid-Strike, F|82\/100\n|turn|26\n|\n|t:|1700147420\n|switch|p2a: Rillaboom|Rillaboom, F|94\/100\n|-fieldstart|move: Grassy Terrain|[from] ability: Grassy Surge|[of] p2a: Rillaboom\n|move|p1a: Smokey|Close Combat|p2a: Rillaboom\n|-crit|p2a: Rillaboom\n|-damage|p2a: Rillaboom|0 fnt\n|-unboost|p1a: Smokey|def|1\n|-unboost|p1a: Smokey|spd|1\n|faint|p2a: Rillaboom\n|\n|-heal|p1a: Smokey|88\/100|[from] Grassy Terrain\n|upkeep\n|\n|t:|1700147425\n|switch|p2a: Slowking|Slowking-Galar, F|89\/100\n|turn|27\n|\n|t:|1700147430\n|switch|p1a: Scrunko|Toxapex, M, tera:Dragon|35\/100 brn\n|move|p2a: Slowking|Sludge Bomb|p1a: Scrunko\n|-damage|p1a: Scrunko|10\/100 brn\n|\n|-heal|p1a: Scrunko|16\/100 brn|[from] Grassy Terrain\n|-heal|p2a: Slowking|95\/100|[from] Grassy Terrain\n|-damage|p1a: Scrunko|10\/100 brn|[from] brn\n|upkeep\n|turn|28\n|\n|t:|1700147437\n|move|p1a: Scrunko|Recover|p1a: Scrunko\n|-heal|p1a: Scrunko|60\/100 brn\n|move|p2a: Slowking|Sludge Bomb|p1a: Scrunko\n|-damage|p1a: Scrunko|31\/100 brn\n|\n|-heal|p1a: Scrunko|36\/100 brn|[from] Grassy Terrain\n|-heal|p2a: Slowking|100\/100|[from] Grassy Terrain\n|-damage|p1a: Scrunko|31\/100 brn|[from] brn\n|upkeep\n|turn|29\n|\n|t:|1700147441\n|switch|p2a: Heatran|Heatran, F|99\/100\n|move|p1a: Scrunko|Recover|p1a: Scrunko\n|-heal|p1a: Scrunko|81\/100 brn\n|\n|-heal|p2a: Heatran|100\/100|[from] Grassy Terrain\n|-heal|p1a: Scrunko|87\/100 brn|[from] Grassy Terrain\n|-damage|p1a: Scrunko|81\/100 brn|[from] brn\n|upkeep\n|turn|30\n|\n|t:|1700147446\n|move|p2a: Heatran|Magma Storm|p1a: Scrunko\n|-resisted|p1a: Scrunko\n|-damage|p1a: Scrunko|63\/100 brn\n|-activate|p1a: Scrunko|move: Magma Storm|[of] p2a: Heatran\n|move|p1a: Scrunko|Scald|p2a: Heatran\n|-supereffective|p2a: Heatran\n|-damage|p2a: Heatran|79\/100\n|\n|-heal|p2a: Heatran|85\/100|[from] Grassy Terrain\n|-heal|p2a: Heatran|91\/100|[from] item: Leftovers\n|-heal|p1a: Scrunko|69\/100 brn|[from] Grassy Terrain\n|-damage|p1a: Scrunko|63\/100 brn|[from] brn\n|-damage|p1a: Scrunko|51\/100 brn|[from] move: Magma Storm|[partiallytrapped]\n|-fieldend|move: Grassy Terrain\n|upkeep\n|turn|31\n|\n|t:|1700147450\n|move|p2a: Heatran|Taunt|p1a: Scrunko\n|-start|p1a: Scrunko|move: Taunt\n|move|p1a: Scrunko|Scald|p2a: Heatran\n|-supereffective|p2a: Heatran\n|-damage|p2a: Heatran|73\/100\n|\n|-heal|p2a: Heatran|79\/100|[from] item: Leftovers\n|-damage|p1a: Scrunko|45\/100 brn|[from] brn\n|-damage|p1a: Scrunko|33\/100 brn|[from] move: Magma Storm|[partiallytrapped]\n|upkeep\n|turn|32\n|\n|t:|1700147462\n|move|p2a: Heatran|Earth Power|p1a: Scrunko\n|-damage|p1a: Scrunko|13\/100 brn\n|move|p1a: Scrunko|Scald|p2a: Heatran\n|-supereffective|p2a: Heatran\n|-damage|p2a: Heatran|59\/100\n|\n|-heal|p2a: Heatran|65\/100|[from] item: Leftovers\n|-damage|p1a: Scrunko|7\/100 brn|[from] brn\n|-damage|p1a: Scrunko|0 fnt|[from] move: Magma Storm|[partiallytrapped]\n|faint|p1a: Scrunko\n|upkeep\n|\n|t:|1700147465\n|switch|p1a: Smokey|Urshifu-Rapid-Strike, F|88\/100\n|turn|33\n|\n|t:|1700147478\n|-terastallize|p2a: Heatran|Dragon\n|move|p1a: Smokey|Surging Strikes|p2a: Heatran\n|-resisted|p2a: Heatran\n|-crit|p2a: Heatran\n|-damage|p2a: Heatran|56\/100\n|-resisted|p2a: Heatran\n|-crit|p2a: Heatran\n|-damage|p2a: Heatran|47\/100\n|-resisted|p2a: Heatran\n|-crit|p2a: Heatran\n|-damage|p2a: Heatran|38\/100\n|-hitcount|p2a: Heatran|3\n|move|p2a: Heatran|Earth Power|p1a: Smokey\n|-damage|p1a: Smokey|51\/100\n|\n|-heal|p2a: Heatran|44\/100|[from] item: Leftovers\n|upkeep\n|turn|34\n|\n|t:|1700147484\n|move|p1a: Smokey|Ice Spinner|p2a: Heatran\n|-supereffective|p2a: Heatran\n|-damage|p2a: Heatran|0 fnt\n|faint|p2a: Heatran\n|\n|upkeep\n|\n|t:|1700147488\n|switch|p2a: Slowking|Slowking-Galar, F|100\/100\n|turn|35\n|\n|t:|1700147497\n|move|p1a: Smokey|Swords Dance|p1a: Smokey\n|-boost|p1a: Smokey|atk|2\n|move|p2a: Slowking|Future Sight|p1a: Smokey\n|-start|p2a: Slowking|move: Future Sight\n|\n|upkeep\n|turn|36\n|\n|t:|1700147504\n|move|p1a: Smokey|Surging Strikes|p2a: Slowking\n|-crit|p2a: Slowking\n|-damage|p2a: Slowking|67\/100\n|-crit|p2a: Slowking\n|-damage|p2a: Slowking|32\/100\n|-crit|p2a: Slowking\n|-damage|p2a: Slowking|0 fnt\n|faint|p2a: Slowking\n|-hitcount|p2: Slowking|3\n|\n|upkeep\n|\n|t:|1700147510\n|switch|p2a: Urshifu|Urshifu-Rapid-Strike, F|76\/100\n|turn|37\n|\n|t:|1700147513\n|move|p1a: Smokey|Close Combat|p2a: Urshifu\n|-damage|p2a: Urshifu|0 fnt\n|-unboost|p1a: Smokey|def|1\n|-unboost|p1a: Smokey|spd|1\n|faint|p2a: Urshifu\n|\n|win|EnderChurro101\n|raw|EnderChurro101's rating: 1453 &rarr; <strong>1473<\/strong><br \/>(+20 for winning)\n|raw|Autistic_Rabbit's rating: 1451 &rarr; <strong>1431<\/strong><br \/>(-20 for losing)\n|c|\u2606EnderChurro101|GG\n|l|\u2606Autistic_Rabbit\n","uploadtime":1700147527,"views":27,"p1id":"enderchurro101","p2id":"autisticrabbit","formatid":"gen9nationaldex","rating":1431,"private":0,"password":""}