{"id":"gen9nationaldex-1999529820","p1":"JTM4146","p2":"Viroillus","format":"[Gen 9] National Dex","log":"|html|<div class=\"broadcast-blue\"><strong>[Gen 9] National Dex is currently suspecting Sneasler! For information on how to participate check out the <a href=\"https:\/\/www.smogon.com\/forums\/threads\/sv-national-dex-suspect-8-just-dance.3731534\/\">suspect thread<\/a>.<\/strong><\/div>\n|j|\u2606JTM4146\n|j|\u2606Viroillus\n|t:|1701092999\n|gametype|singles\n|player|p1|JTM4146|aromalady|1348\n|player|p2|Viroillus|n|1408\n|teamsize|p1|6\n|teamsize|p2|6\n|gen|9\n|tier|[Gen 9] National Dex\n|rated|\n|rule|HP Percentage Mod: HP is shown in percentages\n|rule|Endless Battle Clause: Forcing endless battles is banned\n|rule|OHKO Clause: OHKO moves are banned\n|rule|Evasion Clause: Evasion abilities, items, and moves are banned\n|rule|Evasion Abilities Clause: Evasion abilities are banned\n|rule|Evasion Items Clause: Evasion items are banned\n|rule|Evasion Moves Clause: Evasion moves are banned\n|rule|Species Clause: Limit one of each Pok\u00e9mon\n|rule|Sleep Clause Mod: Limit one foe put to sleep\n|clearpoke\n|poke|p1|Noivern, M|\n|poke|p1|Corviknight, M|\n|poke|p1|Serperior, F|\n|poke|p1|Clodsire, F|\n|poke|p1|Goodra-Hisui, F|\n|poke|p1|Scolipede, M|\n|poke|p2|Serperior, F|\n|poke|p2|Charizard, F|\n|poke|p2|Ogerpon-Cornerstone, F|\n|poke|p2|Garganacl, M|\n|poke|p2|Landorus-Therian, M|\n|poke|p2|Bisharp, M|\n|teampreview\n|\n|t:|1701093023\n|start\n|switch|p1a: Chiroptera|Noivern, M, shiny|100\/100\n|switch|p2a: Garganacl|Garganacl, M|100\/100\n|turn|1\n|\n|t:|1701093033\n|move|p1a: Chiroptera|U-turn|p2a: Garganacl\n|-damage|p2a: Garganacl|93\/100\n|\n|t:|1701093036\n|switch|p1a: Squamata|Serperior, F|100\/100|[from] U-turn\n|move|p2a: Garganacl|Stealth Rock|p1a: Squamata\n|-sidestart|p1: JTM4146|move: Stealth Rock\n|\n|upkeep\n|turn|2\n|inactive|Battle timer is ON: inactive players will automatically lose when time's up. (requested by JTM4146)\n|\n|t:|1701093079\n|switch|p2a: Landorus|Landorus-Therian, M|100\/100\n|-ability|p2a: Landorus|Intimidate|boost\n|-boost|p1a: Squamata|atk|1\n|move|p1a: Squamata|Leaf Storm|p2a: Landorus\n|-damage|p2a: Landorus|54\/100\n|-boost|p1a: Squamata|spa|2\n|\n|upkeep\n|turn|3\n|\n|t:|1701093094\n|move|p1a: Squamata|Leaf Storm|p2a: Landorus\n|-damage|p2a: Landorus|0 fnt\n|-boost|p1a: Squamata|spa|2\n|faint|p2a: Landorus\n|\n|upkeep\n|\n|t:|1701093098\n|switch|p2a: Charizard|Charizard, F|100\/100\n|turn|4\n|\n|t:|1701093107\n|detailschange|p2a: Charizard|Charizard-Mega-Y, F\n|-mega|p2a: Charizard|Charizard|Charizardite Y\n|-weather|SunnyDay|[from] ability: Drought|[of] p2a: Charizard\n|move|p1a: Squamata|Dragon Pulse|p2a: Charizard\n|-damage|p2a: Charizard|39\/100\n|move|p2a: Charizard|Fire Blast|p1a: Squamata\n|-supereffective|p1a: Squamata\n|-damage|p1a: Squamata|0 fnt\n|faint|p1a: Squamata\n|\n|-weather|SunnyDay|[upkeep]\n|upkeep\n|\n|t:|1701093112\n|switch|p1a: Chiroptera|Noivern, M, shiny|100\/100\n|-damage|p1a: Chiroptera|76\/100|[from] Stealth Rock\n|turn|5\n|\n|t:|1701093118\n|switch|p2a: Garganacl|Garganacl, M|93\/100\n|move|p1a: Chiroptera|Draco Meteor|p2a: Garganacl\n|-damage|p2a: Garganacl|56\/100\n|-unboost|p1a: Chiroptera|spa|2\n|\n|-weather|SunnyDay|[upkeep]\n|upkeep\n|turn|6\n|\n|t:|1701093131\n|switch|p1a: Urodela|Clodsire, F|100\/100\n|-damage|p1a: Urodela|94\/100|[from] Stealth Rock\n|move|p2a: Garganacl|Recover|p2a: Garganacl\n|-heal|p2a: Garganacl|100\/100\n|\n|-weather|SunnyDay|[upkeep]\n|-heal|p1a: Urodela|100\/100|[from] item: Leftovers\n|upkeep\n|turn|7\n|\n|t:|1701093142\n|move|p2a: Garganacl|Salt Cure|p1a: Urodela\n|-resisted|p1a: Urodela\n|-damage|p1a: Urodela|93\/100\n|-start|p1a: Urodela|Salt Cure\n|move|p1a: Urodela|Spikes|p2a: Garganacl\n|-sidestart|p2: Viroillus|Spikes\n|\n|-weather|SunnyDay|[upkeep]\n|-heal|p1a: Urodela|99\/100|[from] item: Leftovers\n|-damage|p1a: Urodela|87\/100|[from] Salt Cure\n|upkeep\n|turn|8\n|\n|t:|1701093155\n|switch|p2a: Serperior|Serperior, F|100\/100\n|-damage|p2a: Serperior|88\/100|[from] Spikes\n|move|p1a: Urodela|Spikes|p2a: Serperior\n|-sidestart|p2: Viroillus|Spikes\n|\n|-weather|none\n|-heal|p2a: Serperior|94\/100|[from] item: Leftovers\n|-heal|p1a: Urodela|93\/100|[from] item: Leftovers\n|-damage|p1a: Urodela|81\/100|[from] Salt Cure\n|upkeep\n|turn|9\n|\n|t:|1701093163\n|switch|p1a: Passeriformes|Corviknight, M|100\/100\n|-damage|p1a: Passeriformes|88\/100|[from] Stealth Rock\n|-ability|p1a: Passeriformes|Pressure\n|move|p2a: Serperior|Substitute|p2a: Serperior\n|-start|p2a: Serperior|Substitute\n|-damage|p2a: Serperior|70\/100\n|\n|-heal|p2a: Serperior|76\/100|[from] item: Leftovers\n|upkeep\n|turn|10\n|\n|t:|1701093166\n|move|p2a: Serperior|Leech Seed|p1a: Passeriformes|[miss]\n|-miss|p2a: Serperior|p1a: Passeriformes\n|move|p1a: Passeriformes|Drill Peck|p2a: Serperior\n|-supereffective|p2a: Serperior\n|-end|p2a: Serperior|Substitute\n|\n|-heal|p2a: Serperior|82\/100|[from] item: Leftovers\n|upkeep\n|turn|11\n|\n|t:|1701093178\n|switch|p2a: Garganacl|Garganacl, M|100\/100\n|-damage|p2a: Garganacl|84\/100|[from] Spikes\n|move|p1a: Passeriformes|U-turn|p2a: Garganacl\n|-damage|p2a: Garganacl|74\/100\n|\n|t:|1701093181\n|switch|p1a: Achatinoidea|Goodra-Hisui, F|100\/100|[from] U-turn\n|-damage|p1a: Achatinoidea|94\/100|[from] Stealth Rock\n|\n|upkeep\n|turn|12\n|\n|t:|1701093194\n|-terastallize|p2a: Garganacl|Ghost\n|move|p1a: Achatinoidea|Flash Cannon|p2a: Garganacl\n|-damage|p2a: Garganacl|31\/100\n|move|p2a: Garganacl|Salt Cure|p1a: Achatinoidea\n|-resisted|p1a: Achatinoidea\n|-damage|p1a: Achatinoidea|89\/100\n|-start|p1a: Achatinoidea|Salt Cure\n|\n|-damage|p1a: Achatinoidea|64\/100|[from] Salt Cure\n|upkeep\n|turn|13\n|\n|t:|1701093208\n|switch|p2a: Bisharp|Bisharp, M|100\/100\n|-damage|p2a: Bisharp|84\/100|[from] Spikes\n|move|p1a: Achatinoidea|Flash Cannon|p2a: Bisharp\n|-resisted|p2a: Bisharp\n|-damage|p2a: Bisharp|52\/100\n|-unboost|p2a: Bisharp|spd|1\n|-ability|p2a: Bisharp|Defiant|boost\n|-boost|p2a: Bisharp|atk|2\n|\n|-damage|p1a: Achatinoidea|39\/100|[from] Salt Cure\n|upkeep\n|turn|14\n|\n|t:|1701093224\n|-activate|p1a: Achatinoidea|move: Pursuit\n|move|p2a: Bisharp|Pursuit|p1a: Achatinoidea|[from]Pursuit\n|-damage|p1a: Achatinoidea|0 fnt\n|-ability|p1a: Achatinoidea|Gooey\n|-unboost|p2a: Bisharp|spe|1\n|-ability|p2a: Bisharp|Defiant|boost\n|-boost|p2a: Bisharp|atk|2\n|faint|p1a: Achatinoidea\n|-hint|A Pokemon can't switch between when it runs out of HP and when it faints\n|\n|upkeep\n|\n|t:|1701093231\n|switch|p1a: Passeriformes|Corviknight, M|88\/100\n|-damage|p1a: Passeriformes|76\/100|[from] Stealth Rock\n|-ability|p1a: Passeriformes|Pressure\n|turn|15\n|\n|t:|1701093236\n|move|p2a: Bisharp|Sucker Punch|p1a: Passeriformes\n|-damage|p1a: Passeriformes|6\/100\n|-damage|p2a: Bisharp|35\/100|[from] item: Rocky Helmet|[of] p1a: Passeriformes\n|move|p1a: Passeriformes|Drill Peck|p2a: Bisharp\n|-resisted|p2a: Bisharp\n|-damage|p2a: Bisharp|27\/100\n|\n|upkeep\n|turn|16\n|\n|t:|1701093251\n|move|p2a: Bisharp|Pursuit|p1a: Passeriformes\n|-damage|p1a: Passeriformes|0 fnt\n|-damage|p2a: Bisharp|10\/100|[from] item: Rocky Helmet|[of] p1a: Passeriformes\n|faint|p1a: Passeriformes\n|\n|upkeep\n|\n|t:|1701093258\n|switch|p1a: Chiroptera|Noivern, M, shiny|76\/100\n|-damage|p1a: Chiroptera|51\/100|[from] Stealth Rock\n|turn|17\n|\n|t:|1701093261\n|move|p2a: Bisharp|Sucker Punch|p1a: Chiroptera\n|-damage|p1a: Chiroptera|0 fnt\n|faint|p1a: Chiroptera\n|\n|upkeep\n|\n|t:|1701093265\n|switch|p1a: Urodela|Clodsire, F|81\/100\n|-damage|p1a: Urodela|75\/100|[from] Stealth Rock\n|turn|18\n|\n|t:|1701093273\n|-terastallize|p1a: Urodela|Dark\n|move|p2a: Bisharp|Knock Off|p1a: Urodela\n|-resisted|p1a: Urodela\n|-damage|p1a: Urodela|0 fnt\n|-enditem|p1a: Urodela|Leftovers|[from] move: Knock Off|[of] p2a: Bisharp\n|faint|p1a: Urodela\n|\n|upkeep\n|-message|JTM4146 forfeited.\n|\n|win|Viroillus\n|raw|JTM4146's rating: 1348 &rarr; <strong>1331<\/strong><br \/>(-17 for losing)\n|raw|Viroillus's rating: 1408 &rarr; <strong>1425<\/strong><br \/>(+17 for winning)\n|l|\u2606JTM4146\n","uploadtime":1701093284,"views":1,"p1id":"jtm4146","p2id":"viroillus","formatid":"gen9nationaldex","rating":1331,"private":0,"password":""}