{"id":"gen9nationaldex-1995826926","p1":"PM4201","p2":"MP1024","format":"[Gen 9] National Dex","log":"|html|<div class=\"broadcast-blue\"><strong>[Gen 9] National Dex is currently suspecting Sneasler! For information on how to participate check out the <a href=\"https:\/\/www.smogon.com\/forums\/threads\/sv-national-dex-suspect-8-just-dance.3731534\/\">suspect thread<\/a>.<\/strong><\/div>\n|j|\u2606PM4201\n|j|\u2606MP1024\n|t:|1700607026\n|gametype|singles\n|player|p1|PM4201|pokemonranger-gen4|\n|player|p2|MP1024|scientist|\n|teamsize|p1|6\n|teamsize|p2|6\n|gen|9\n|tier|[Gen 9] National Dex\n|rule|HP Percentage Mod: HP is shown in percentages\n|rule|Endless Battle Clause: Forcing endless battles is banned\n|rule|OHKO Clause: OHKO moves are banned\n|rule|Evasion Clause: Evasion abilities, items, and moves are banned\n|rule|Evasion Abilities Clause: Evasion abilities are banned\n|rule|Evasion Items Clause: Evasion items are banned\n|rule|Evasion Moves Clause: Evasion moves are banned\n|rule|Species Clause: Limit one of each Pok\u00e9mon\n|rule|Sleep Clause Mod: Limit one foe put to sleep\n|clearpoke\n|poke|p1|Sinistcha|\n|poke|p1|Crawdaunt, F|\n|poke|p1|Heracross, M|\n|poke|p1|Gallade, M|\n|poke|p1|Golem, F|\n|poke|p1|Infernape, F|\n|poke|p2|Mawile, F|\n|poke|p2|Florges-Blue, F|\n|poke|p2|Noivern, F|\n|poke|p2|Klefki, F|\n|poke|p2|Gourgeist-*, F|\n|poke|p2|Malamar, F|\n|teampreview\n|inactive|Battle timer is ON: inactive players will automatically lose when time's up. (requested by MP1024)\n|inactive|PM4201 has 270 seconds left.\n|inactive|MP1024 has 270 seconds left.\n|\n|t:|1700607064\n|start\n|switch|p1a: Infernape|Infernape, F|100\/100\n|switch|p2a: Klefki|Klefki, F|100\/100\n|turn|1\n|\n|t:|1700607072\n|move|p2a: Klefki|Toxic|p1a: Infernape\n|-status|p1a: Infernape|tox\n|move|p1a: Infernape|Fire Punch|p2a: Klefki\n|-supereffective|p2a: Klefki\n|-damage|p2a: Klefki|30\/100\n|-enditem|p2a: Klefki|Sitrus Berry|[eat]\n|-heal|p2a: Klefki|55\/100|[from] item: Sitrus Berry\n|\n|-damage|p1a: Infernape|94\/100 tox|[from] psn\n|upkeep\n|turn|2\n|\n|t:|1700607084\n|move|p1a: Infernape|Mach Punch|p2a: Klefki\n|-damage|p2a: Klefki|37\/100\n|move|p2a: Klefki|Recycle|p2a: Klefki\n|-item|p2a: Klefki|Sitrus Berry|[from] move: Recycle\n|-enditem|p2a: Klefki|Sitrus Berry|[eat]\n|-heal|p2a: Klefki|62\/100|[from] item: Sitrus Berry\n|\n|-damage|p1a: Infernape|82\/100 tox|[from] psn\n|upkeep\n|turn|3\n|\n|t:|1700607097\n|move|p2a: Klefki|Recycle|p2a: Klefki\n|-item|p2a: Klefki|Sitrus Berry|[from] move: Recycle\n|move|p1a: Infernape|Fire Punch|p2a: Klefki\n|-supereffective|p2a: Klefki\n|-damage|p2a: Klefki|0 fnt\n|faint|p2a: Klefki\n|\n|-damage|p1a: Infernape|64\/100 tox|[from] psn\n|upkeep\n|\n|t:|1700607103\n|switch|p2a: Noivern|Noivern, F|100\/100\n|turn|4\n|\n|t:|1700607108\n|move|p2a: Noivern|Boomburst|p1a: Infernape\n|-damage|p1a: Infernape|7\/100 tox\n|move|p1a: Infernape|Poison Jab|p2a: Noivern\n|-damage|p2a: Noivern|71\/100\n|\n|-damage|p1a: Infernape|0 fnt|[from] psn\n|faint|p1a: Infernape\n|upkeep\n|\n|t:|1700607119\n|switch|p1a: Golem|Golem, F|100\/100\n|turn|5\n|\n|t:|1700607130\n|move|p2a: Noivern|Dragon Pulse|p1a: Golem\n|-damage|p1a: Golem|69\/100\n|move|p1a: Golem|Rock Slide|p2a: Noivern\n|-supereffective|p2a: Noivern\n|-damage|p2a: Noivern|0 fnt\n|faint|p2a: Noivern\n|\n|upkeep\n|\n|t:|1700607135\n|switch|p2a: Gourgeist|Gourgeist-Small, F|100\/100\n|-item|p1a: Golem|Assault Vest|[from] ability: Frisk|[of] p2a: Gourgeist|[identify]\n|turn|6\n|\n|t:|1700607144\n|move|p2a: Gourgeist|Energy Ball|p1a: Golem\n|-supereffective|p1a: Golem\n|-damage|p1a: Golem|0 fnt\n|faint|p1a: Golem\n|\n|upkeep\n|\n|t:|1700607154\n|switch|p1a: Sinistcha|Sinistcha|100\/100\n|turn|7\n|\n|t:|1700607166\n|move|p2a: Gourgeist|Nasty Plot|p2a: Gourgeist\n|-boost|p2a: Gourgeist|spa|2\n|move|p1a: Sinistcha|Hex|p2a: Gourgeist\n|-supereffective|p2a: Gourgeist\n|-enditem|p2a: Gourgeist|Kasib Berry|[eat]\n|-enditem|p2a: Gourgeist|Kasib Berry|[weaken]\n|-damage|p2a: Gourgeist|43\/100\n|\n|upkeep\n|turn|8\n|\n|t:|1700607179\n|move|p2a: Gourgeist|Shadow Ball|p1a: Sinistcha\n|-supereffective|p1a: Sinistcha\n|-damage|p1a: Sinistcha|0 fnt\n|faint|p1a: Sinistcha\n|\n|upkeep\n|\n|t:|1700607190\n|switch|p1a: Heracross|Heracross, M|100\/100\n|turn|9\n|\n|t:|1700607196\n|move|p2a: Gourgeist|Shadow Ball|p1a: Heracross\n|-damage|p1a: Heracross|44\/100\n|move|p1a: Heracross|Lunge|p2a: Gourgeist\n|-damage|p2a: Gourgeist|0 fnt\n|faint|p2a: Gourgeist\n|\n|-status|p1a: Heracross|brn|[from] item: Flame Orb\n|upkeep\n|\n|t:|1700607208\n|switch|p2a: Mawile|Mawile, F|100\/100\n|-ability|p2a: Mawile|Intimidate|boost\n|-unboost|p1a: Heracross|atk|1\n|turn|10\n|\n|t:|1700607218\n|move|p1a: Heracross|Close Combat|p2a: Mawile\n|-damage|p2a: Mawile|21\/100\n|-unboost|p1a: Heracross|def|1\n|-unboost|p1a: Heracross|spd|1\n|move|p2a: Mawile|Swords Dance|p2a: Mawile\n|-boost|p2a: Mawile|atk|2\n|\n|-damage|p1a: Heracross|38\/100 brn|[from] brn\n|upkeep\n|turn|11\n|\n|t:|1700607229\n|detailschange|p2a: Mawile|Mawile-Mega, F\n|-mega|p2a: Mawile|Mawile|Mawilite\n|move|p1a: Heracross|Body Slam|p2a: Mawile\n|-resisted|p2a: Mawile\n|-damage|p2a: Mawile|7\/100\n|move|p2a: Mawile|Fire Fang|p1a: Heracross\n|-supereffective|p1a: Heracross\n|-damage|p1a: Heracross|0 fnt\n|faint|p1a: Heracross\n|\n|upkeep\n|\n|t:|1700607240\n|switch|p1a: Gallade|Gallade, M|100\/100\n|turn|12\n|\n|t:|1700607246\n|move|p1a: Gallade|Leaf Blade|p2a: Mawile\n|-resisted|p2a: Mawile\n|-damage|p2a: Mawile|0 fnt\n|faint|p2a: Mawile\n|\n|upkeep\n|\n|t:|1700607253\n|switch|p2a: Florges|Florges-Blue, F|100\/100\n|turn|13\n|\n|t:|1700607262\n|move|p1a: Gallade|Psycho Cut|p2a: Florges\n|-damage|p2a: Florges|19\/100\n|move|p2a: Florges|Moonblast|p1a: Gallade\n|-supereffective|p1a: Gallade\n|-damage|p1a: Gallade|0 fnt\n|faint|p1a: Gallade\n|\n|upkeep\n|\n|t:|1700607271\n|switch|p1a: Crawdaunt|Crawdaunt, F|100\/100\n|turn|14\n|\n|t:|1700607276\n|move|p1a: Crawdaunt|Aqua Jet|p2a: Florges\n|-damage|p2a: Florges|0 fnt\n|faint|p2a: Florges\n|-damage|p1a: Crawdaunt|90\/100|[from] item: Life Orb\n|\n|upkeep\n|\n|t:|1700607280\n|switch|p2a: Malamar|Malamar, F|100\/100\n|turn|15\n|\n|t:|1700607287\n|move|p2a: Malamar|Superpower|p1a: Crawdaunt\n|-supereffective|p1a: Crawdaunt\n|-damage|p1a: Crawdaunt|2\/100\n|-boost|p2a: Malamar|atk|1\n|-boost|p2a: Malamar|def|1\n|move|p1a: Crawdaunt|Liquidation|p2a: Malamar\n|-crit|p2a: Malamar\n|-damage|p2a: Malamar|0 fnt\n|faint|p2a: Malamar\n|-damage|p1a: Crawdaunt|0 fnt|[from] item: Life Orb\n|faint|p1a: Crawdaunt\n|\n|win|PM4201\n","uploadtime":1700607601,"views":0,"p1id":"pm4201","p2id":"mp1024","formatid":"gen9nationaldex","rating":0,"private":0,"password":""}