{"id":"gen9nationaldex-1988233861","p1":"ihdavjar","p2":"hackilla15","format":"[Gen 9] National Dex","log":"|j|\u2606ihdavjar\n|j|\u2606hackilla15\n|t:|1699690821\n|gametype|singles\n|player|p1|ihdavjar|hugh|1088\n|player|p2|hackilla15|ethan|1138\n|teamsize|p1|6\n|teamsize|p2|6\n|gen|9\n|tier|[Gen 9] National Dex\n|rated|\n|rule|HP Percentage Mod: HP is shown in percentages\n|rule|Endless Battle Clause: Forcing endless battles is banned\n|rule|OHKO Clause: OHKO moves are banned\n|rule|Evasion Clause: Evasion abilities, items, and moves are banned\n|rule|Evasion Abilities Clause: Evasion abilities are banned\n|rule|Evasion Items Clause: Evasion items are banned\n|rule|Evasion Moves Clause: Evasion moves are banned\n|rule|Species Clause: Limit one of each Pok\u00e9mon\n|rule|Sleep Clause Mod: Limit one foe put to sleep\n|clearpoke\n|poke|p1|Garchomp, F|\n|poke|p1|Volcarona, M|\n|poke|p1|Breloom, M|\n|poke|p1|Dragonite, M|\n|poke|p1|Starmie|\n|poke|p1|Scizor, F|\n|poke|p2|Dragonite, M|\n|poke|p2|Volcarona, F|\n|poke|p2|Typhlosion-Hisui, M|\n|poke|p2|Corviknight, F|\n|poke|p2|Vileplume, F|\n|poke|p2|Urshifu-*, M|\n|teampreview\n|\n|t:|1699690835\n|start\n|switch|p1a: Starmie|Starmie, shiny|100\/100\n|switch|p2a: Vileplume|Vileplume, F, shiny|100\/100\n|turn|1\n|\n|t:|1699690846\n|switch|p1a: Scizor|Scizor, F|100\/100\n|move|p2a: Vileplume|Giga Drain|p1a: Scizor\n|-resisted|p1a: Scizor\n|-damage|p1a: Scizor|90\/100\n|\n|upkeep\n|turn|2\n|\n|t:|1699690853\n|detailschange|p1a: Scizor|Scizor-Mega, F\n|-mega|p1a: Scizor|Scizor|Scizorite\n|-terastallize|p2a: Vileplume|Poison\n|move|p1a: Scizor|Swords Dance|p1a: Scizor\n|-boost|p1a: Scizor|atk|2\n|move|p2a: Vileplume|Strength Sap|p1a: Scizor\n|-unboost|p1a: Scizor|atk|1\n|\n|upkeep\n|turn|3\n|\n|t:|1699690864\n|move|p1a: Scizor|Bug Bite|p2a: Vileplume\n|-resisted|p2a: Vileplume\n|-damage|p2a: Vileplume|65\/100\n|move|p2a: Vileplume|Leech Seed|p1a: Scizor\n|-start|p1a: Scizor|move: Leech Seed\n|\n|-heal|p2a: Vileplume|72\/100|[from] item: Black Sludge\n|-damage|p1a: Scizor|78\/100|[from] Leech Seed|[of] p2a: Vileplume\n|-heal|p2a: Vileplume|82\/100|[silent]\n|upkeep\n|turn|4\n|\n|t:|1699690870\n|move|p1a: Scizor|Bullet Punch|p2a: Vileplume\n|-damage|p2a: Vileplume|37\/100\n|move|p2a: Vileplume|Strength Sap|p1a: Scizor\n|-unboost|p1a: Scizor|atk|1\n|-heal|p2a: Vileplume|100\/100\n|\n|-damage|p1a: Scizor|66\/100|[from] Leech Seed|[of] p2a: Vileplume\n|upkeep\n|turn|5\n|\n|t:|1699690881\n|switch|p1a: Garchomp|Garchomp, F, shiny|100\/100\n|move|p2a: Vileplume|Strength Sap|p1a: Garchomp\n|-unboost|p1a: Garchomp|atk|1\n|\n|upkeep\n|turn|6\n|\n|t:|1699690886\n|switch|p2a: Corviknight|Corviknight, F, shiny|100\/100\n|move|p1a: Garchomp|Earthquake|p2a: Corviknight\n|-immune|p2a: Corviknight\n|\n|upkeep\n|turn|7\n|\n|t:|1699690895\n|move|p1a: Garchomp|Stealth Rock|p2a: Corviknight\n|-sidestart|p2: hackilla15|move: Stealth Rock\n|move|p2a: Corviknight|Taunt|p1a: Garchomp\n|-start|p1a: Garchomp|move: Taunt\n|\n|upkeep\n|turn|8\n|\n|t:|1699690904\n|switch|p1a: Volcarona|Volcarona, M|100\/100\n|move|p2a: Corviknight|Agility|p2a: Corviknight\n|-boost|p2a: Corviknight|spe|2\n|\n|upkeep\n|turn|9\n|\n|t:|1699690909\n|move|p2a: Corviknight|Taunt|p1a: Volcarona\n|-start|p1a: Volcarona|move: Taunt\n|cant|p1a: Volcarona|move: Taunt|Quiver Dance\n|\n|upkeep\n|turn|10\n|\n|t:|1699690917\n|switch|p2a: Dragonite|Dragonite, M|100\/100\n|-damage|p2a: Dragonite|76\/100|[from] Stealth Rock\n|move|p1a: Volcarona|Fire Blast|p2a: Dragonite\n|-resisted|p2a: Dragonite\n|-damage|p2a: Dragonite|54\/100\n|\n|upkeep\n|turn|11\n|\n|t:|1699690945\n|switch|p1a: Scizor|Scizor-Mega, F|66\/100\n|move|p2a: Dragonite|Roost|p2a: Dragonite\n|-heal|p2a: Dragonite|100\/100\n|-singleturn|p2a: Dragonite|move: Roost\n|\n|upkeep\n|turn|12\n|\n|t:|1699690954\n|move|p1a: Scizor|Swords Dance|p1a: Scizor\n|-boost|p1a: Scizor|atk|2\n|move|p2a: Dragonite|Curse|p2a: Dragonite\n|-unboost|p2a: Dragonite|spe|1\n|-boost|p2a: Dragonite|atk|1\n|-boost|p2a: Dragonite|def|1\n|\n|upkeep\n|turn|13\n|\n|t:|1699690977\n|move|p1a: Scizor|Bug Bite|p2a: Dragonite\n|-resisted|p2a: Dragonite\n|-damage|p2a: Dragonite|83\/100\n|move|p2a: Dragonite|Curse|p2a: Dragonite\n|-unboost|p2a: Dragonite|spe|1\n|-boost|p2a: Dragonite|atk|1\n|-boost|p2a: Dragonite|def|1\n|\n|upkeep\n|turn|14\n|\n|t:|1699690994\n|move|p1a: Scizor|Bullet Punch|p2a: Dragonite\n|-damage|p2a: Dragonite|49\/100\n|move|p2a: Dragonite|Body Press|p1a: Scizor\n|-damage|p1a: Scizor|31\/100\n|\n|upkeep\n|turn|15\n|\n|t:|1699691004\n|move|p1a: Scizor|Bullet Punch|p2a: Dragonite\n|-damage|p2a: Dragonite|17\/100\n|move|p2a: Dragonite|Roost|p2a: Dragonite\n|-heal|p2a: Dragonite|68\/100\n|-singleturn|p2a: Dragonite|move: Roost\n|\n|upkeep\n|turn|16\n|\n|t:|1699691008\n|move|p1a: Scizor|Swords Dance|p1a: Scizor\n|-boost|p1a: Scizor|atk|2\n|move|p2a: Dragonite|Roost|p2a: Dragonite\n|-heal|p2a: Dragonite|100\/100\n|-singleturn|p2a: Dragonite|move: Roost\n|\n|upkeep\n|turn|17\n|\n|t:|1699691018\n|move|p2a: Dragonite|Extreme Speed|p1a: Scizor\n|-resisted|p1a: Scizor\n|-damage|p1a: Scizor|7\/100\n|move|p1a: Scizor|Swords Dance|p1a: Scizor\n|-boost|p1a: Scizor|atk|2\n|\n|upkeep\n|turn|18\n|\n|t:|1699691022\n|move|p2a: Dragonite|Extreme Speed|p1a: Scizor\n|-resisted|p1a: Scizor\n|-damage|p1a: Scizor|0 fnt\n|faint|p1a: Scizor\n|\n|upkeep\n|\n|t:|1699691037\n|switch|p1a: Starmie|Starmie, shiny|100\/100\n|turn|19\n|\n|t:|1699691045\n|move|p2a: Dragonite|Extreme Speed|p1a: Starmie\n|-damage|p1a: Starmie|23\/100\n|move|p1a: Starmie|Meteor Beam||[still]\n|-prepare|p1a: Starmie|Meteor Beam\n|-boost|p1a: Starmie|spa|1\n|-enditem|p1a: Starmie|Power Herb\n|-anim|p1a: Starmie|Meteor Beam|p2a: Dragonite\n|-supereffective|p2a: Dragonite\n|-crit|p2a: Dragonite\n|-damage|p2a: Dragonite|26\/100\n|-enditem|p2a: Dragonite|Weakness Policy\n|-boost|p2a: Dragonite|atk|2|[from] item: Weakness Policy\n|-boost|p2a: Dragonite|spa|2|[from] item: Weakness Policy\n|\n|upkeep\n|turn|20\n|\n|t:|1699691050\n|move|p2a: Dragonite|Extreme Speed|p1a: Starmie\n|-crit|p1a: Starmie\n|-damage|p1a: Starmie|0 fnt\n|faint|p1a: Starmie\n|\n|upkeep\n|\n|t:|1699691062\n|switch|p1a: Dragonite|Dragonite, M|100\/100\n|turn|21\n|\n|t:|1699691074\n|move|p1a: Dragonite|Dragon Dance|p1a: Dragonite\n|-boost|p1a: Dragonite|atk|1\n|-boost|p1a: Dragonite|spe|1\n|move|p2a: Dragonite|Roost|p2a: Dragonite\n|-heal|p2a: Dragonite|76\/100\n|-singleturn|p2a: Dragonite|move: Roost\n|\n|upkeep\n|turn|22\n|\n|t:|1699691079\n|move|p2a: Dragonite|Extreme Speed|p1a: Dragonite\n|-damage|p1a: Dragonite|63\/100\n|move|p1a: Dragonite|Dual Wingbeat|p2a: Dragonite\n|-damage|p2a: Dragonite|59\/100\n|-damage|p2a: Dragonite|43\/100\n|-hitcount|p2a: Dragonite|2\n|\n|upkeep\n|turn|23\n|\n|t:|1699691083\n|move|p2a: Dragonite|Extreme Speed|p1a: Dragonite\n|-damage|p1a: Dragonite|0 fnt\n|faint|p1a: Dragonite\n|\n|upkeep\n|\n|t:|1699691086\n|switch|p1a: Volcarona|Volcarona, M|100\/100\n|turn|24\n|\n|t:|1699691092\n|move|p2a: Dragonite|Extreme Speed|p1a: Volcarona\n|-damage|p1a: Volcarona|0 fnt\n|faint|p1a: Volcarona\n|\n|upkeep\n|\n|t:|1699691121\n|switch|p1a: Breloom|Breloom, M, shiny|100\/100\n|turn|25\n|\n|t:|1699691140\n|move|p1a: Breloom|Bullet Seed|p2a: Dragonite\n|-resisted|p2a: Dragonite\n|-damage|p2a: Dragonite|41\/100\n|-resisted|p2a: Dragonite\n|-crit|p2a: Dragonite\n|-damage|p2a: Dragonite|34\/100\n|-hitcount|p2a: Dragonite|2\n|move|p2a: Dragonite|Roost|p2a: Dragonite\n|-heal|p2a: Dragonite|84\/100\n|-singleturn|p2a: Dragonite|move: Roost\n|\n|upkeep\n|turn|26\n|\n|t:|1699691153\n|move|p1a: Breloom|Rock Tomb|p2a: Dragonite\n|-supereffective|p2a: Dragonite\n|-damage|p2a: Dragonite|54\/100\n|-unboost|p2a: Dragonite|spe|1\n|move|p2a: Dragonite|Roost|p2a: Dragonite\n|-heal|p2a: Dragonite|100\/100\n|-singleturn|p2a: Dragonite|move: Roost\n|\n|upkeep\n|turn|27\n|\n|t:|1699691158\n|move|p1a: Breloom|Rock Tomb|p2a: Dragonite\n|-supereffective|p2a: Dragonite\n|-damage|p2a: Dragonite|86\/100\n|-unboost|p2a: Dragonite|spe|1\n|move|p2a: Dragonite|Curse|p2a: Dragonite\n|-unboost|p2a: Dragonite|spe|1\n|-boost|p2a: Dragonite|atk|1\n|-boost|p2a: Dragonite|def|1\n|\n|upkeep\n|turn|28\n|\n|t:|1699691164\n|move|p1a: Breloom|Rock Tomb|p2a: Dragonite\n|-supereffective|p2a: Dragonite\n|-damage|p2a: Dragonite|62\/100\n|-unboost|p2a: Dragonite|spe|1\n|move|p2a: Dragonite|Body Press|p1a: Breloom\n|-damage|p1a: Breloom|19\/100\n|\n|upkeep\n|turn|29\n|\n|t:|1699691174\n|move|p2a: Dragonite|Extreme Speed|p1a: Breloom\n|-damage|p1a: Breloom|0 fnt\n|faint|p1a: Breloom\n|\n|upkeep\n|\n|t:|1699691178\n|switch|p1a: Garchomp|Garchomp, F, shiny|100\/100\n|turn|30\n|\n|t:|1699691180\n|move|p1a: Garchomp|Outrage|p2a: Dragonite\n|-supereffective|p2a: Dragonite\n|-damage|p2a: Dragonite|19\/100\n|move|p2a: Dragonite|Body Press|p1a: Garchomp\n|-damage|p1a: Garchomp|53\/100\n|-damage|p2a: Dragonite|7\/100|[from] ability: Rough Skin|[of] p1a: Garchomp\n|\n|upkeep\n|turn|31\n|\n|t:|1699691188\n|move|p1a: Garchomp|Outrage|p2a: Dragonite|[from]lockedmove\n|-supereffective|p2a: Dragonite\n|-damage|p2a: Dragonite|0 fnt\n|faint|p2a: Dragonite\n|-start|p1a: Garchomp|confusion|[fatigue]\n|\n|upkeep\n|\n|t:|1699691194\n|switch|p2a: Volcarona|Volcarona, F, shiny|100\/100\n|turn|32\n|\n|t:|1699691203\n|-activate|p1a: Garchomp|confusion\n|-damage|p1a: Garchomp|39\/100|[from] confusion\n|move|p2a: Volcarona|Quiver Dance|p2a: Volcarona\n|-boost|p2a: Volcarona|spa|1\n|-boost|p2a: Volcarona|spd|1\n|-boost|p2a: Volcarona|spe|1\n|\n|upkeep\n|turn|33\n|\n|t:|1699691210\n|move|p2a: Volcarona|Giga Drain|p1a: Garchomp\n|-damage|p1a: Garchomp|0 fnt\n|faint|p1a: Garchomp\n|\n|win|hackilla15\n|raw|ihdavjar's rating: 1088 &rarr; <strong>1068<\/strong><br \/>(-20 for losing)\n|raw|hackilla15's rating: 1138 &rarr; <strong>1159<\/strong><br \/>(+21 for winning)\n","uploadtime":1699691330,"views":18,"p1id":"ihdavjar","p2id":"hackilla15","formatid":"gen9nationaldex","rating":1068,"private":0,"password":""}