{"id":"gen9nationaldex-1988378822","p1":"TxsB2023","p2":"BabySneal","format":"[Gen 9] National Dex","log":"|j|\u2606TxsB2023\n|j|\u2606BabySneal\n|t:|1699716166\n|gametype|singles\n|player|p1|TxsB2023|1|\n|player|p2|BabySneal|youngcouple|\n|teamsize|p1|6\n|teamsize|p2|6\n|gen|9\n|tier|[Gen 9] National Dex\n|rule|HP Percentage Mod: HP is shown in percentages\n|rule|Endless Battle Clause: Forcing endless battles is banned\n|rule|OHKO Clause: OHKO moves are banned\n|rule|Evasion Clause: Evasion abilities, items, and moves are banned\n|rule|Evasion Abilities Clause: Evasion abilities are banned\n|rule|Evasion Items Clause: Evasion items are banned\n|rule|Evasion Moves Clause: Evasion moves are banned\n|rule|Species Clause: Limit one of each Pok\u00e9mon\n|rule|Sleep Clause Mod: Limit one foe put to sleep\n|clearpoke\n|poke|p1|Cinderace, M|\n|poke|p1|Corviknight, M|\n|poke|p1|Urshifu-*, F|\n|poke|p1|Rillaboom, F|\n|poke|p1|Grimmsnarl, M|\n|poke|p1|Polteageist|\n|poke|p2|Urshifu-*, F|\n|poke|p2|Grimmsnarl, M|\n|poke|p2|Runerigus, M|\n|poke|p2|Polteageist-Antique|\n|poke|p2|Rillaboom, M|\n|poke|p2|Cinderace, M|\n|teampreview\n|c|\u2606TxsB2023|Casi lo mismo, buena suerte\n|\n|t:|1699716218\n|start\n|switch|p1a: Rillaboom|Rillaboom, F|100\/100\n|switch|p2a: Grimmsnarl|Grimmsnarl, M|100\/100\n|-fieldstart|move: Grassy Terrain|[from] ability: Grassy Surge|[of] p1a: Rillaboom\n|turn|1\n|\n|t:|1699716240\n|move|p2a: Grimmsnarl|Reflect|p2a: Grimmsnarl\n|-sidestart|p2: BabySneal|Reflect\n|move|p1a: Rillaboom|Knock Off|p2a: Grimmsnarl\n|-resisted|p2a: Grimmsnarl\n|-damage|p2a: Grimmsnarl|96\/100\n|-enditem|p2a: Grimmsnarl|Light Clay|[from] move: Knock Off|[of] p1a: Rillaboom\n|-damage|p1a: Rillaboom|91\/100|[from] item: Life Orb\n|\n|-heal|p1a: Rillaboom|97\/100|[from] Grassy Terrain\n|-heal|p2a: Grimmsnarl|100\/100|[from] Grassy Terrain\n|upkeep\n|turn|2\n|\n|t:|1699716256\n|switch|p1a: Grimmsnarl|Grimmsnarl, M|100\/100\n|move|p2a: Grimmsnarl|Bulk Up|p2a: Grimmsnarl\n|-boost|p2a: Grimmsnarl|atk|1\n|-boost|p2a: Grimmsnarl|def|1\n|\n|upkeep\n|turn|3\n|\n|t:|1699716267\n|move|p1a: Grimmsnarl|Reflect|p1a: Grimmsnarl\n|-sidestart|p1: TxsB2023|Reflect\n|move|p2a: Grimmsnarl|Spirit Break|p1a: Grimmsnarl\n|-supereffective|p1a: Grimmsnarl\n|-damage|p1a: Grimmsnarl|46\/100\n|-unboost|p1a: Grimmsnarl|spa|1\n|\n|-heal|p1a: Grimmsnarl|52\/100|[from] Grassy Terrain\n|upkeep\n|turn|4\n|\n|t:|1699716292\n|switch|p1a: Corviknight|Corviknight, M|100\/100\n|move|p2a: Grimmsnarl|Spirit Break|p1a: Corviknight\n|-resisted|p1a: Corviknight\n|-damage|p1a: Corviknight|93\/100\n|-ability|p1a: Corviknight|Mirror Armor\n|-unboost|p2a: Grimmsnarl|spa|1\n|\n|upkeep\n|turn|5\n|\n|t:|1699716303\n|switch|p2a: Runerigus|Runerigus, M|100\/100\n|move|p1a: Corviknight|Iron Defense|p1a: Corviknight\n|-boost|p1a: Corviknight|def|2\n|\n|-fieldend|move: Grassy Terrain\n|upkeep\n|turn|6\n|\n|t:|1699716313\n|move|p1a: Corviknight|U-turn|p2a: Runerigus\n|-resisted|p2a: Runerigus\n|-damage|p2a: Runerigus|98\/100\n|-activate|p2a: Runerigus|ability: Wandering Spirit|Mirror Armor|Wandering Spirit|[of] p1a: Corviknight\n|\n|t:|1699716323\n|switch|p1a: Rillaboom|Rillaboom, F|97\/100|[from] U-turn\n|-fieldstart|move: Grassy Terrain|[from] ability: Grassy Surge|[of] p1a: Rillaboom\n|move|p2a: Runerigus|Will-O-Wisp|p1a: Rillaboom\n|-status|p1a: Rillaboom|brn\n|\n|-heal|p1a: Rillaboom|100\/100 brn|[from] Grassy Terrain\n|-heal|p2a: Runerigus|100\/100|[from] Grassy Terrain\n|-damage|p1a: Rillaboom|94\/100 brn|[from] brn\n|upkeep\n|turn|7\n|\n|t:|1699716341\n|switch|p2a: Grimmsnarl|Grimmsnarl, M|100\/100\n|move|p1a: Rillaboom|Swords Dance|p1a: Rillaboom\n|-boost|p1a: Rillaboom|atk|2\n|\n|-heal|p1a: Rillaboom|100\/100 brn|[from] Grassy Terrain\n|-damage|p1a: Rillaboom|94\/100 brn|[from] brn\n|upkeep\n|turn|8\n|\n|t:|1699716356\n|move|p2a: Grimmsnarl|Bulk Up|p2a: Grimmsnarl\n|-boost|p2a: Grimmsnarl|atk|1\n|-boost|p2a: Grimmsnarl|def|1\n|move|p1a: Rillaboom|Swords Dance|p1a: Rillaboom\n|-boost|p1a: Rillaboom|atk|2\n|\n|-heal|p1a: Rillaboom|100\/100 brn|[from] Grassy Terrain\n|-damage|p1a: Rillaboom|94\/100 brn|[from] brn\n|-sideend|p2: BabySneal|Reflect\n|upkeep\n|turn|9\n|\n|t:|1699716370\n|move|p1a: Rillaboom|Grassy Glide|p2a: Grimmsnarl\n|-damage|p2a: Grimmsnarl|62\/100\n|-damage|p1a: Rillaboom|84\/100 brn|[from] item: Life Orb\n|move|p2a: Grimmsnarl|Reflect|p2a: Grimmsnarl\n|-sidestart|p2: BabySneal|Reflect\n|\n|-heal|p1a: Rillaboom|91\/100 brn|[from] Grassy Terrain\n|-heal|p2a: Grimmsnarl|68\/100|[from] Grassy Terrain\n|-damage|p1a: Rillaboom|84\/100 brn|[from] brn\n|upkeep\n|turn|10\n|\n|t:|1699716382\n|move|p2a: Grimmsnarl|Bulk Up|p2a: Grimmsnarl\n|-boost|p2a: Grimmsnarl|atk|1\n|-boost|p2a: Grimmsnarl|def|1\n|move|p1a: Rillaboom|Swords Dance|p1a: Rillaboom\n|-boost|p1a: Rillaboom|atk|2\n|\n|-heal|p1a: Rillaboom|91\/100 brn|[from] Grassy Terrain\n|-heal|p2a: Grimmsnarl|74\/100|[from] Grassy Terrain\n|-damage|p1a: Rillaboom|84\/100 brn|[from] brn\n|-sideend|p1: TxsB2023|Reflect\n|-fieldend|move: Grassy Terrain\n|upkeep\n|turn|11\n|\n|t:|1699716400\n|move|p2a: Grimmsnarl|Bulk Up|p2a: Grimmsnarl\n|-boost|p2a: Grimmsnarl|atk|1\n|-boost|p2a: Grimmsnarl|def|1\n|move|p1a: Rillaboom|Drain Punch|p2a: Grimmsnarl\n|-damage|p2a: Grimmsnarl|61\/100\n|-heal|p1a: Rillaboom|91\/100 brn|[from] drain|[of] p2a: Grimmsnarl\n|-damage|p1a: Rillaboom|81\/100 brn|[from] item: Life Orb\n|\n|-damage|p1a: Rillaboom|75\/100 brn|[from] brn\n|upkeep\n|turn|12\n|\n|t:|1699716414\n|move|p1a: Rillaboom|Grassy Glide|p2a: Grimmsnarl\n|-damage|p2a: Grimmsnarl|48\/100\n|-damage|p1a: Rillaboom|65\/100 brn|[from] item: Life Orb\n|move|p2a: Grimmsnarl|Spirit Break|p1a: Rillaboom\n|-damage|p1a: Rillaboom|0 fnt\n|faint|p1a: Rillaboom\n|\n|upkeep\n|\n|t:|1699716424\n|switch|p1a: Urshifu|Urshifu-Rapid-Strike, F|100\/100\n|turn|13\n|\n|t:|1699716430\n|move|p1a: Urshifu|Surging Strikes|p2a: Grimmsnarl\n|-crit|p2a: Grimmsnarl\n|-damage|p2a: Grimmsnarl|29\/100\n|-crit|p2a: Grimmsnarl\n|-damage|p2a: Grimmsnarl|11\/100\n|-crit|p2a: Grimmsnarl\n|-damage|p2a: Grimmsnarl|0 fnt\n|faint|p2a: Grimmsnarl\n|-hitcount|p2: Grimmsnarl|3\n|\n|-sideend|p2: BabySneal|Reflect\n|upkeep\n|\n|t:|1699716445\n|switch|p2a: Rillaboom|Rillaboom, M|100\/100\n|-fieldstart|move: Grassy Terrain|[from] ability: Grassy Surge|[of] p2a: Rillaboom\n|turn|14\n|\n|t:|1699716452\n|switch|p1a: Corviknight|Corviknight, M|93\/100\n|move|p2a: Rillaboom|Knock Off|p1a: Corviknight\n|-damage|p1a: Corviknight|70\/100\n|-enditem|p1a: Corviknight|Aguav Berry|[from] move: Knock Off|[of] p2a: Rillaboom\n|\n|upkeep\n|turn|15\n|\n|t:|1699716463\n|move|p2a: Rillaboom|U-turn|p1a: Corviknight\n|-resisted|p1a: Corviknight\n|-damage|p1a: Corviknight|66\/100\n|\n|t:|1699716466\n|switch|p2a: Runerigus|Runerigus, M|100\/100|[from] U-turn\n|move|p1a: Corviknight|U-turn|p2a: Runerigus\n|-resisted|p2a: Runerigus\n|-damage|p2a: Runerigus|95\/100\n|-activate|p2a: Runerigus|ability: Wandering Spirit|Mirror Armor|Wandering Spirit|[of] p1a: Corviknight\n|\n|t:|1699716481\n|switch|p1a: Urshifu|Urshifu-Rapid-Strike, F|100\/100|[from] U-turn\n|\n|-heal|p2a: Runerigus|100\/100|[from] Grassy Terrain\n|upkeep\n|turn|16\n|\n|t:|1699716493\n|-terastallize|p2a: Runerigus|Fighting\n|move|p1a: Urshifu|Surging Strikes|p2a: Runerigus\n|-crit|p2a: Runerigus\n|-damage|p2a: Runerigus|85\/100\n|-crit|p2a: Runerigus\n|-damage|p2a: Runerigus|68\/100\n|-crit|p2a: Runerigus\n|-damage|p2a: Runerigus|53\/100\n|-hitcount|p2a: Runerigus|3\n|move|p2a: Runerigus|Will-O-Wisp|p1a: Urshifu\n|-status|p1a: Urshifu|brn\n|\n|-heal|p2a: Runerigus|59\/100|[from] Grassy Terrain\n|-damage|p1a: Urshifu|94\/100 brn|[from] brn\n|upkeep\n|turn|17\n|\n|t:|1699716515\n|move|p1a: Urshifu|Surging Strikes|p2a: Runerigus\n|-crit|p2a: Runerigus\n|-damage|p2a: Runerigus|51\/100\n|-crit|p2a: Runerigus\n|-damage|p2a: Runerigus|44\/100\n|-crit|p2a: Runerigus\n|-damage|p2a: Runerigus|37\/100\n|-hitcount|p2a: Runerigus|3\n|move|p2a: Runerigus|Body Press|p1a: Urshifu\n|-damage|p1a: Urshifu|53\/100 brn\n|\n|-heal|p1a: Urshifu|59\/100 brn|[from] Grassy Terrain\n|-heal|p2a: Runerigus|43\/100|[from] Grassy Terrain\n|-damage|p1a: Urshifu|53\/100 brn|[from] brn\n|upkeep\n|turn|18\n|\n|t:|1699716531\n|switch|p1a: Cinderace|Cinderace, M|100\/100\n|move|p2a: Runerigus|Body Press|p1a: Cinderace\n|-damage|p1a: Cinderace|45\/100\n|\n|-heal|p1a: Cinderace|51\/100|[from] Grassy Terrain\n|-heal|p2a: Runerigus|49\/100|[from] Grassy Terrain\n|-fieldend|move: Grassy Terrain\n|upkeep\n|turn|19\n|\n|t:|1699716548\n|move|p1a: Cinderace|Pyro Ball|p2a: Runerigus\n|-damage|p2a: Runerigus|0 fnt\n|faint|p2a: Runerigus\n|\n|upkeep\n|\n|t:|1699716553\n|switch|p2a: Urshifu|Urshifu-Rapid-Strike, F|100\/100\n|turn|20\n|\n|t:|1699716563\n|switch|p1a: Corviknight|Corviknight, M|66\/100\n|move|p2a: Urshifu|Surging Strikes|p1a: Corviknight\n|-crit|p1a: Corviknight\n|-damage|p1a: Corviknight|50\/100\n|-crit|p1a: Corviknight\n|-damage|p1a: Corviknight|33\/100\n|-crit|p1a: Corviknight\n|-damage|p1a: Corviknight|16\/100\n|-hitcount|p1a: Corviknight|3\n|-damage|p2a: Urshifu|91\/100|[from] item: Life Orb\n|\n|upkeep\n|turn|21\n|\n|t:|1699716578\n|move|p2a: Urshifu|Surging Strikes|p1a: Corviknight\n|-crit|p1a: Corviknight\n|-damage|p1a: Corviknight|0 fnt\n|faint|p1a: Corviknight\n|-hitcount|p1: Corviknight|1\n|-damage|p2a: Urshifu|81\/100|[from] item: Life Orb\n|\n|upkeep\n|\n|t:|1699716587\n|switch|p1a: Grimmsnarl|Grimmsnarl, M|52\/100\n|turn|22\n|\n|t:|1699716595\n|move|p1a: Grimmsnarl|Reflect|p1a: Grimmsnarl\n|-sidestart|p1: TxsB2023|Reflect\n|move|p2a: Urshifu|Surging Strikes|p1a: Grimmsnarl\n|-crit|p1a: Grimmsnarl\n|-damage|p1a: Grimmsnarl|23\/100\n|-crit|p1a: Grimmsnarl\n|-damage|p1a: Grimmsnarl|0 fnt\n|faint|p1a: Grimmsnarl\n|-hitcount|p1: Grimmsnarl|2\n|-damage|p2a: Urshifu|71\/100|[from] item: Life Orb\n|\n|upkeep\n|\n|t:|1699716608\n|switch|p1a: Urshifu|Urshifu-Rapid-Strike, F|53\/100 brn\n|turn|23\n|\n|t:|1699716622\n|switch|p2a: Rillaboom|Rillaboom, M|100\/100\n|-fieldstart|move: Grassy Terrain|[from] ability: Grassy Surge|[of] p2a: Rillaboom\n|move|p1a: Urshifu|Surging Strikes|p2a: Rillaboom\n|-resisted|p2a: Rillaboom\n|-crit|p2a: Rillaboom\n|-damage|p2a: Rillaboom|96\/100\n|-resisted|p2a: Rillaboom\n|-crit|p2a: Rillaboom\n|-damage|p2a: Rillaboom|91\/100\n|-resisted|p2a: Rillaboom\n|-crit|p2a: Rillaboom\n|-damage|p2a: Rillaboom|87\/100\n|-hitcount|p2a: Rillaboom|3\n|\n|-heal|p1a: Urshifu|59\/100 brn|[from] Grassy Terrain\n|-heal|p2a: Rillaboom|93\/100|[from] Grassy Terrain\n|-damage|p1a: Urshifu|53\/100 brn|[from] brn\n|upkeep\n|turn|24\n|\n|t:|1699716653\n|move|p1a: Urshifu|Poison Jab|p2a: Rillaboom\n|-supereffective|p2a: Rillaboom\n|-damage|p2a: Rillaboom|65\/100\n|move|p2a: Rillaboom|Knock Off|p1a: Urshifu\n|-resisted|p1a: Urshifu\n|-damage|p1a: Urshifu|45\/100 brn\n|-enditem|p1a: Urshifu|Assault Vest|[from] move: Knock Off|[of] p2a: Rillaboom\n|\n|-heal|p1a: Urshifu|51\/100 brn|[from] Grassy Terrain\n|-heal|p2a: Rillaboom|71\/100|[from] Grassy Terrain\n|-damage|p1a: Urshifu|45\/100 brn|[from] brn\n|upkeep\n|turn|25\n|\n|t:|1699716667\n|move|p2a: Rillaboom|Grassy Glide|p1a: Urshifu\n|-supereffective|p1a: Urshifu\n|-damage|p1a: Urshifu|3\/100 brn\n|move|p1a: Urshifu|Poison Jab|p2a: Rillaboom\n|-supereffective|p2a: Rillaboom\n|-damage|p2a: Rillaboom|46\/100\n|-status|p2a: Rillaboom|psn\n|\n|-heal|p1a: Urshifu|10\/100 brn|[from] Grassy Terrain\n|-heal|p2a: Rillaboom|52\/100 psn|[from] Grassy Terrain\n|-damage|p2a: Rillaboom|40\/100 psn|[from] psn\n|-damage|p1a: Urshifu|3\/100 brn|[from] brn\n|upkeep\n|turn|26\n|\n|t:|1699716686\n|move|p1a: Urshifu|Aqua Jet|p2a: Rillaboom\n|-resisted|p2a: Rillaboom\n|-damage|p2a: Rillaboom|35\/100 psn\n|move|p2a: Rillaboom|Grassy Glide|p1a: Urshifu\n|-supereffective|p1a: Urshifu\n|-damage|p1a: Urshifu|0 fnt\n|faint|p1a: Urshifu\n|\n|-heal|p2a: Rillaboom|41\/100 psn|[from] Grassy Terrain\n|-damage|p2a: Rillaboom|29\/100 psn|[from] psn\n|upkeep\n|\n|t:|1699716714\n|switch|p1a: Polteageist|Polteageist|100\/100\n|turn|27\n|\n|t:|1699716722\n|move|p1a: Polteageist|Shell Smash|p1a: Polteageist\n|-unboost|p1a: Polteageist|def|1\n|-unboost|p1a: Polteageist|spd|1\n|-boost|p1a: Polteageist|atk|2\n|-boost|p1a: Polteageist|spa|2\n|-boost|p1a: Polteageist|spe|2\n|move|p2a: Rillaboom|Knock Off|p1a: Polteageist\n|-supereffective|p1a: Polteageist\n|-damage|p1a: Polteageist|10\/100\n|-ability|p1a: Polteageist|Weak Armor|boost\n|-unboost|p1a: Polteageist|def|1\n|-boost|p1a: Polteageist|spe|2\n|-enditem|p1a: Polteageist|Focus Sash|[from] move: Knock Off|[of] p2a: Rillaboom\n|\n|-heal|p1a: Polteageist|16\/100|[from] Grassy Terrain\n|-heal|p2a: Rillaboom|35\/100 psn|[from] Grassy Terrain\n|-damage|p2a: Rillaboom|23\/100 psn|[from] psn\n|-fieldend|move: Grassy Terrain\n|upkeep\n|turn|28\n|\n|t:|1699716745\n|move|p1a: Polteageist|Shadow Ball|p2a: Rillaboom\n|-damage|p2a: Rillaboom|0 fnt\n|faint|p2a: Rillaboom\n|\n|upkeep\n|\n|t:|1699716751\n|switch|p2a: Cinderace|Cinderace, M|100\/100\n|turn|29\n|\n|t:|1699716759\n|move|p2a: Cinderace|Sucker Punch|p1a: Polteageist\n|-start|p2a: Cinderace|typechange|Dark|[from] ability: Libero\n|-supereffective|p1a: Polteageist\n|-damage|p1a: Polteageist|0 fnt\n|faint|p1a: Polteageist\n|\n|-sideend|p1: TxsB2023|Reflect\n|upkeep\n|\n|t:|1699716767\n|switch|p1a: Cinderace|Cinderace, M|51\/100\n|turn|30\n|\n|t:|1699716789\n|switch|p2a: Polteageist|Polteageist-Antique|100\/100\n|-terastallize|p1a: Cinderace|Fire\n|move|p1a: Cinderace|Pyro Ball|p2a: Polteageist\n|-damage|p2a: Polteageist|0 fnt\n|faint|p2a: Polteageist\n|\n|upkeep\n|\n|t:|1699716800\n|switch|p2a: Urshifu|Urshifu-Rapid-Strike, F|71\/100\n|turn|31\n|\n|t:|1699716810\n|move|p1a: Cinderace|Pyro Ball|p2a: Urshifu\n|-resisted|p2a: Urshifu\n|-damage|p2a: Urshifu|21\/100\n|move|p2a: Urshifu|Surging Strikes|p1a: Cinderace\n|-supereffective|p1a: Cinderace\n|-crit|p1a: Cinderace\n|-damage|p1a: Cinderace|0 fnt\n|faint|p1a: Cinderace\n|-hitcount|p1: Cinderace|1\n|-damage|p2a: Urshifu|12\/100|[from] item: Life Orb\n|\n|win|BabySneal\n|c|\u2606TxsB2023|Buena \ud83d\udc4d\ud83c\udffd\n|l|\u2606TxsB2023\n","uploadtime":1699716842,"views":5,"p1id":"txsb2023","p2id":"babysneal","formatid":"gen9nationaldex","rating":0,"private":0,"password":""}