{"id":"gen9nationaldex-1990321371","p1":"Magnezone42","p2":"fvv21","format":"[Gen 9] National Dex","log":"|j|\u2606Magnezone42\n|j|\u2606fvv21\n|t:|1699956418\n|gametype|singles\n|player|p1|Magnezone42|hiker-gen4|1237\n|player|p2|fvv21|youngcouple-gen4dp|1285\n|teamsize|p1|6\n|teamsize|p2|6\n|gen|9\n|tier|[Gen 9] National Dex\n|rated|\n|rule|HP Percentage Mod: HP is shown in percentages\n|rule|Endless Battle Clause: Forcing endless battles is banned\n|rule|OHKO Clause: OHKO moves are banned\n|rule|Evasion Clause: Evasion abilities, items, and moves are banned\n|rule|Evasion Abilities Clause: Evasion abilities are banned\n|rule|Evasion Items Clause: Evasion items are banned\n|rule|Evasion Moves Clause: Evasion moves are banned\n|rule|Species Clause: Limit one of each Pok\u00e9mon\n|rule|Sleep Clause Mod: Limit one foe put to sleep\n|clearpoke\n|poke|p1|Tapu Koko|\n|poke|p1|Iron Moth|\n|poke|p1|Iron Valiant|\n|poke|p1|Greninja-*, M|\n|poke|p1|Ferrothorn, F|\n|poke|p1|Scizor, F|\n|poke|p2|Garchomp, F|\n|poke|p2|Mimikyu, F|\n|poke|p2|Ogerpon-Wellspring, F|\n|poke|p2|Iron Valiant|\n|poke|p2|Scizor, F|\n|poke|p2|Dragonite, F|\n|teampreview\n|\n|t:|1699956437\n|start\n|switch|p1a: Ferrothorn|Ferrothorn, F|100\/100\n|switch|p2a: Scizor|Scizor, F|100\/100\n|turn|1\n|\n|t:|1699956447\n|detailschange|p2a: Scizor|Scizor-Mega, F\n|-mega|p2a: Scizor|Scizor|Scizorite\n|move|p2a: Scizor|Swords Dance|p2a: Scizor\n|-boost|p2a: Scizor|atk|2\n|move|p1a: Ferrothorn|Leech Seed|p2a: Scizor\n|-start|p2a: Scizor|move: Leech Seed\n|\n|-damage|p2a: Scizor|88\/100|[from] Leech Seed|[of] p1a: Ferrothorn\n|upkeep\n|turn|2\n|\n|t:|1699956455\n|move|p2a: Scizor|Close Combat|p1a: Ferrothorn\n|-supereffective|p1a: Ferrothorn\n|-damage|p1a: Ferrothorn|0 fnt\n|-unboost|p2a: Scizor|def|1\n|-unboost|p2a: Scizor|spd|1\n|-damage|p2a: Scizor|76\/100|[from] ability: Iron Barbs|[of] p1a: Ferrothorn\n|-damage|p2a: Scizor|59\/100|[from] item: Rocky Helmet|[of] p1a: Ferrothorn\n|faint|p1a: Ferrothorn\n|\n|upkeep\n|\n|t:|1699956469\n|switch|p1a: Scizor|Scizor, F|100\/100\n|turn|3\n|inactive|Battle timer is ON: inactive players will automatically lose when time's up. (requested by fvv21)\n|\n|t:|1699956484\n|switch|p2a: Dragonite|Dragonite, F|100\/100\n|detailschange|p1a: Scizor|Scizor-Mega, F\n|-mega|p1a: Scizor|Scizor|Scizorite\n|move|p1a: Scizor|Aerial Ace|p2a: Dragonite\n|-damage|p2a: Dragonite|64\/100\n|\n|upkeep\n|turn|4\n|\n|t:|1699956497\n|move|p1a: Scizor|Bullet Punch|p2a: Dragonite\n|-damage|p2a: Dragonite|31\/100\n|move|p2a: Dragonite|Fire Punch|p1a: Scizor\n|-supereffective|p1a: Scizor\n|-damage|p1a: Scizor|0 fnt\n|faint|p1a: Scizor\n|\n|upkeep\n|\n|t:|1699956504\n|switch|p1a: Tapu Koko|Tapu Koko|100\/100\n|-fieldstart|move: Electric Terrain|[from] ability: Electric Surge|[of] p1a: Tapu Koko\n|turn|5\n|\n|t:|1699956520\n|move|p1a: Tapu Koko|Dazzling Gleam|p2a: Dragonite\n|-supereffective|p2a: Dragonite\n|-damage|p2a: Dragonite|0 fnt\n|faint|p2a: Dragonite\n|\n|upkeep\n|\n|t:|1699956523\n|switch|p2a: Scizor|Scizor-Mega, F|59\/100\n|turn|6\n|\n|t:|1699956531\n|move|p2a: Scizor|Bullet Punch|p1a: Tapu Koko\n|-damage|p1a: Tapu Koko|48\/100\n|move|p1a: Tapu Koko|Volt Switch|p2a: Scizor\n|-crit|p2a: Scizor\n|-damage|p2a: Scizor|0 fnt\n|faint|p2a: Scizor\n|\n|t:|1699956548\n|switch|p1a: Iron Moth|Iron Moth|100\/100|[from] Volt Switch\n|-activate|p1a: Iron Moth|ability: Quark Drive\n|-start|p1a: Iron Moth|quarkdrivespa\n|\n|upkeep\n|\n|t:|1699956552\n|switch|p2a: Garchomp|Garchomp, F|100\/100\n|turn|7\n|\n|t:|1699956560\n|-terastallize|p1a: Iron Moth|Flying\n|move|p1a: Iron Moth|Sludge Wave|p2a: Garchomp\n|-resisted|p2a: Garchomp\n|-damage|p2a: Garchomp|51\/100\n|-status|p2a: Garchomp|psn\n|-damage|p1a: Iron Moth|91\/100|[from] item: Life Orb\n|move|p2a: Garchomp|Earthquake|p1a: Iron Moth\n|-immune|p1a: Iron Moth\n|\n|-damage|p2a: Garchomp|39\/100 psn|[from] psn\n|upkeep\n|turn|8\n|\n|t:|1699956573\n|move|p1a: Iron Moth|Sludge Wave|p2a: Garchomp\n|-resisted|p2a: Garchomp\n|-damage|p2a: Garchomp|0 fnt\n|faint|p2a: Garchomp\n|-damage|p1a: Iron Moth|81\/100|[from] item: Life Orb\n|\n|upkeep\n|\n|t:|1699956578\n|switch|p2a: Iron Valiant|Iron Valiant|100\/100\n|-activate|p2a: Iron Valiant|ability: Quark Drive\n|-start|p2a: Iron Valiant|quarkdrivespe\n|turn|9\n|\n|t:|1699956586\n|move|p2a: Iron Valiant|Thunderbolt|p1a: Iron Moth\n|-supereffective|p1a: Iron Moth\n|-damage|p1a: Iron Moth|0 fnt\n|faint|p1a: Iron Moth\n|-end|p1a: Iron Moth|Quark Drive|[silent]\n|\n|upkeep\n|\n|t:|1699956595\n|switch|p1a: Iron Valiant|Iron Valiant|100\/100\n|-activate|p1a: Iron Valiant|ability: Quark Drive\n|-start|p1a: Iron Valiant|quarkdrivespe\n|turn|10\n|\n|t:|1699956602\n|move|p1a: Iron Valiant|Spirit Break|p2a: Iron Valiant\n|-supereffective|p2a: Iron Valiant\n|-damage|p2a: Iron Valiant|0 fnt\n|faint|p2a: Iron Valiant\n|-end|p2a: Iron Valiant|Quark Drive|[silent]\n|\n|upkeep\n|\n|t:|1699956607\n|switch|p2a: Ogerpon|Ogerpon-Wellspring, F|100\/100\n|turn|11\n|\n|t:|1699956617\n|-terastallize|p2a: Ogerpon|Water\n|detailschange|p2a: Ogerpon|Ogerpon-Wellspring-Tera, F, tera:Water\n|-ability|p2a: Ogerpon|Embody Aspect (Wellspring)|boost\n|-boost|p2a: Ogerpon|spd|1\n|move|p1a: Iron Valiant|Drain Punch|p2a: Ogerpon\n|-crit|p2a: Ogerpon\n|-damage|p2a: Ogerpon|22\/100\n|move|p2a: Ogerpon|Ivy Cudgel|p1a: Iron Valiant|[anim] Ivy Cudgel Water\n|-enditem|p1a: Iron Valiant|Focus Sash\n|-damage|p1a: Iron Valiant|1\/100\n|\n|upkeep\n|turn|12\n|\n|t:|1699956632\n|move|p1a: Iron Valiant|Spirit Break|p2a: Ogerpon\n|-damage|p2a: Ogerpon|0 fnt\n|faint|p2a: Ogerpon\n|\n|-fieldend|move: Electric Terrain\n|-end|p1a: Iron Valiant|Quark Drive\n|upkeep\n|\n|t:|1699956634\n|switch|p2a: Mimikyu|Mimikyu, F|100\/100\n|turn|13\n|\n|t:|1699956640\n|move|p2a: Mimikyu|Shadow Sneak|p1a: Iron Valiant\n|-damage|p1a: Iron Valiant|0 fnt\n|faint|p1a: Iron Valiant\n|-end|p1a: Iron Valiant|Quark Drive|[silent]\n|\n|upkeep\n|\n|t:|1699956645\n|switch|p1a: Tapu Koko|Tapu Koko|48\/100\n|-fieldstart|move: Electric Terrain|[from] ability: Electric Surge|[of] p1a: Tapu Koko\n|turn|14\n|\n|t:|1699956651\n|move|p1a: Tapu Koko|Thunderbolt|p2a: Mimikyu\n|-activate|p2a: Mimikyu|ability: Disguise\n|-damage|p2a: Mimikyu|100\/100\n|detailschange|p2a: Mimikyu|Mimikyu-Busted, F\n|-damage|p2a: Mimikyu|88\/100|[from] pokemon: Mimikyu-Busted\n|-enditem|p2a: Mimikyu|Red Card|[of] p1a: Tapu Koko\n|drag|p1a: Greninja|Greninja, M|100\/100\n|move|p2a: Mimikyu|Play Rough|p1a: Greninja\n|-supereffective|p1a: Greninja\n|-damage|p1a: Greninja|0 fnt\n|faint|p1a: Greninja\n|\n|upkeep\n|\n|t:|1699956662\n|switch|p1a: Tapu Koko|Tapu Koko|48\/100\n|turn|15\n|\n|t:|1699956666\n|move|p2a: Mimikyu|Shadow Sneak|p1a: Tapu Koko\n|-damage|p1a: Tapu Koko|26\/100\n|move|p1a: Tapu Koko|Thunderbolt|p2a: Mimikyu\n|-damage|p2a: Mimikyu|21\/100\n|\n|upkeep\n|turn|16\n|\n|t:|1699956673\n|move|p2a: Mimikyu|Shadow Sneak|p1a: Tapu Koko\n|-crit|p1a: Tapu Koko\n|-damage|p1a: Tapu Koko|0 fnt\n|faint|p1a: Tapu Koko\n|\n|win|fvv21\n|raw|Magnezone42's rating: 1237 &rarr; <strong>1215<\/strong><br \/>(-22 for losing)\n|raw|fvv21's rating: 1285 &rarr; <strong>1307<\/strong><br \/>(+22 for winning)\n","uploadtime":1699956682,"views":7,"p1id":"magnezone42","p2id":"fvv21","formatid":"gen9nationaldex","rating":1215,"private":0,"password":""}