{"id":"gen9nationaldex-1995125295","p1":"gomez111","p2":"221savage","format":"[Gen 9] National Dex","log":"|html|<div class=\"broadcast-blue\"><strong>[Gen 9] National Dex is currently suspecting Sneasler! For information on how to participate check out the <a href=\"https:\/\/www.smogon.com\/forums\/threads\/sv-national-dex-suspect-8-just-dance.3731534\/\">suspect thread<\/a>.<\/strong><\/div>\n|j|\u2606gomez111\n|j|\u2606221savage\n|t:|1700525356\n|gametype|singles\n|player|p1|gomez111|veteran|1293\n|player|p2|221savage|169|1405\n|teamsize|p1|6\n|teamsize|p2|6\n|gen|9\n|tier|[Gen 9] National Dex\n|rated|\n|rule|HP Percentage Mod: HP is shown in percentages\n|rule|Endless Battle Clause: Forcing endless battles is banned\n|rule|OHKO Clause: OHKO moves are banned\n|rule|Evasion Clause: Evasion abilities, items, and moves are banned\n|rule|Evasion Abilities Clause: Evasion abilities are banned\n|rule|Evasion Items Clause: Evasion items are banned\n|rule|Evasion Moves Clause: Evasion moves are banned\n|rule|Species Clause: Limit one of each Pok\u00e9mon\n|rule|Sleep Clause Mod: Limit one foe put to sleep\n|clearpoke\n|poke|p1|Charizard, M|\n|poke|p1|Toxapex, M|\n|poke|p1|Haxorus, M|\n|poke|p1|Gliscor, M|\n|poke|p1|Mandibuzz, F|\n|poke|p1|Blissey, F|\n|poke|p2|Blastoise, F|\n|poke|p2|Banette, F|\n|poke|p2|Machamp, F|\n|poke|p2|Darmanitan, F|\n|poke|p2|Tsareena, F|\n|poke|p2|Toxtricity, F|\n|teampreview\n|inactive|Battle timer is ON: inactive players will automatically lose when time's up. (requested by gomez111)\n|\n|t:|1700525360\n|start\n|switch|p1a: Charizard|Charizard, M, shiny|100\/100\n|switch|p2a: Blastoise|Blastoise, F|100\/100\n|turn|1\n|\n|t:|1700525366\n|detailschange|p1a: Charizard|Charizard-Mega-Y, M, shiny\n|-mega|p1a: Charizard|Charizard|Charizardite Y\n|-weather|SunnyDay|[from] ability: Drought|[of] p1a: Charizard\n|move|p1a: Charizard|Solar Beam||[still]\n|-prepare|p1a: Charizard|Solar Beam\n|-anim|p1a: Charizard|Solar Beam|p2a: Blastoise\n|-supereffective|p2a: Blastoise\n|-damage|p2a: Blastoise|0 fnt\n|faint|p2a: Blastoise\n|\n|-weather|SunnyDay|[upkeep]\n|upkeep\n|c|\u2606221savage|bruh\n|\n|t:|1700525377\n|switch|p2a: Toxtricity|Toxtricity, F|100\/100\n|turn|2\n|\n|t:|1700525384\n|-terastallize|p2a: Toxtricity|Normal\n|move|p1a: Charizard|Flamethrower|p2a: Toxtricity\n|-damage|p2a: Toxtricity|0 fnt\n|faint|p2a: Toxtricity\n|\n|-weather|SunnyDay|[upkeep]\n|upkeep\n|c|\u2606221savage|bruh\n|\n|t:|1700525391\n|switch|p2a: Darmanitan|Darmanitan, F|100\/100\n|turn|3\n|inactive|gomez111 has 120 seconds left.\n|\n|t:|1700525424\n|switch|p1a: Gliscor|Gliscor, M|100\/100\n|move|p2a: Darmanitan|Flare Blitz|p1a: Gliscor\n|-damage|p1a: Gliscor|11\/100\n|-damage|p2a: Darmanitan|71\/100|[from] Recoil\n|\n|-weather|SunnyDay|[upkeep]\n|-status|p1a: Gliscor|tox|[from] item: Toxic Orb\n|upkeep\n|turn|4\n|inactive|gomez111 has 120 seconds left.\n|\n|t:|1700525440\n|switch|p1a: Toxapex|Toxapex, M|100\/100\n|move|p2a: Darmanitan|Flare Blitz|p1a: Toxapex\n|-resisted|p1a: Toxapex\n|-damage|p1a: Toxapex|43\/100\n|-damage|p2a: Darmanitan|58\/100|[from] Recoil\n|\n|-weather|SunnyDay|[upkeep]\n|-heal|p1a: Toxapex|49\/100|[from] item: Leftovers\n|upkeep\n|turn|5\n|inactive|gomez111 has 120 seconds left.\n|c|\u2606221savage|bruh\n|\n|t:|1700525453\n|switch|p1a: Mandibuzz|Mandibuzz, F|100\/100\n|move|p2a: Darmanitan|Flare Blitz|p1a: Mandibuzz\n|-damage|p1a: Mandibuzz|8\/100\n|-damage|p2a: Darmanitan|41\/100|[from] item: Rocky Helmet|[of] p1a: Mandibuzz\n|-damage|p2a: Darmanitan|10\/100|[from] Recoil\n|\n|-weather|none\n|upkeep\n|turn|6\n|inactive|gomez111 has 120 seconds left.\n|\n|t:|1700525483\n|switch|p2a: Tsareena|Tsareena, F|100\/100\n|move|p1a: Mandibuzz|Roost|p1a: Mandibuzz\n|-heal|p1a: Mandibuzz|58\/100\n|-singleturn|p1a: Mandibuzz|move: Roost\n|\n|upkeep\n|turn|7\n|inactive|gomez111 has 120 seconds left.\n|\n|t:|1700525491\n|move|p1a: Mandibuzz|Foul Play|p2a: Tsareena\n|-damage|p2a: Tsareena|39\/100\n|move|p2a: Tsareena|Triple Axel|p1a: Mandibuzz\n|-supereffective|p1a: Mandibuzz\n|-damage|p1a: Mandibuzz|48\/100\n|-damage|p2a: Tsareena|23\/100|[from] item: Rocky Helmet|[of] p1a: Mandibuzz\n|-supereffective|p1a: Mandibuzz\n|-damage|p1a: Mandibuzz|30\/100\n|-damage|p2a: Tsareena|6\/100|[from] item: Rocky Helmet|[of] p1a: Mandibuzz\n|-supereffective|p1a: Mandibuzz\n|-damage|p1a: Mandibuzz|0 fnt\n|-damage|p2a: Tsareena|0 fnt|[from] item: Rocky Helmet|[of] p1a: Mandibuzz\n|faint|p1a: Mandibuzz\n|faint|p2a: Tsareena\n|-hitcount|p1: Mandibuzz|3\n|\n|upkeep\n|inactive|gomez111 has 120 seconds left.\n|\n|t:|1700525508\n|switch|p1a: Gliscor|Gliscor, M|11\/100 tox\n|switch|p2a: Darmanitan|Darmanitan, F|10\/100\n|turn|8\n|inactive|gomez111 has 120 seconds left.\n|\n|t:|1700525518\n|move|p2a: Darmanitan|Rock Slide|p1a: Gliscor\n|-damage|p1a: Gliscor|0 fnt\n|faint|p1a: Gliscor\n|\n|upkeep\n|inactive|gomez111 has 120 seconds left.\n|\n|t:|1700525525\n|switch|p1a: Haxorus|Haxorus, M, shiny|100\/100\n|-ability|p1a: Haxorus|Mold Breaker\n|turn|9\n|\n|t:|1700525530\n|switch|p2a: Banette|Banette, F|100\/100\n|move|p1a: Haxorus|Scale Shot|p2a: Banette\n|-damage|p2a: Banette|76\/100\n|-damage|p2a: Banette|54\/100\n|-damage|p2a: Banette|33\/100\n|-damage|p2a: Banette|9\/100\n|-hitcount|p2a: Banette|4\n|-unboost|p1a: Haxorus|def|1\n|-boost|p1a: Haxorus|spe|1\n|\n|upkeep\n|turn|10\n|\n|t:|1700525543\n|detailschange|p2a: Banette|Banette-Mega, F\n|-mega|p2a: Banette|Banette|Banettite\n|move|p2a: Banette|Destiny Bond|p2a: Banette\n|-singlemove|p2a: Banette|Destiny Bond\n|move|p1a: Haxorus|Crunch|p2a: Banette\n|-supereffective|p2a: Banette\n|-damage|p2a: Banette|0 fnt\n|faint|p2a: Banette\n|-activate|p2a: Banette|move: Destiny Bond\n|faint|p1a: Haxorus\n|\n|upkeep\n|\n|t:|1700525556\n|switch|p1a: Charizard|Charizard-Mega-Y, M, shiny|100\/100\n|switch|p2a: Darmanitan|Darmanitan, F|10\/100\n|-weather|SunnyDay|[from] ability: Drought|[of] p1a: Charizard\n|turn|11\n|\n|t:|1700525572\n|switch|p1a: Toxapex|Toxapex, M|83\/100\n|move|p2a: Darmanitan|Rock Slide|p1a: Toxapex|[miss]\n|-miss|p2a: Darmanitan|p1a: Toxapex\n|\n|-weather|SunnyDay|[upkeep]\n|-heal|p1a: Toxapex|89\/100|[from] item: Leftovers\n|upkeep\n|turn|12\n|\n|t:|1700525579\n|switch|p2a: Machamp|Machamp, F|100\/100\n|move|p1a: Toxapex|Scald|p2a: Machamp\n|-damage|p2a: Machamp|92\/100\n|\n|-weather|SunnyDay|[upkeep]\n|-heal|p1a: Toxapex|95\/100|[from] item: Leftovers\n|upkeep\n|turn|13\n|\n|t:|1700525586\n|move|p2a: Machamp|Earthquake|p1a: Toxapex\n|-supereffective|p1a: Toxapex\n|-damage|p1a: Toxapex|8\/100\n|-damage|p2a: Machamp|83\/100|[from] item: Life Orb\n|move|p1a: Toxapex|Scald|p2a: Machamp\n|-damage|p2a: Machamp|73\/100\n|\n|-weather|SunnyDay|[upkeep]\n|-heal|p1a: Toxapex|14\/100|[from] item: Leftovers\n|upkeep\n|turn|14\n|\n|t:|1700525612\n|-terastallize|p1a: Toxapex|Flying\n|move|p2a: Machamp|Stone Edge|p1a: Toxapex\n|-supereffective|p1a: Toxapex\n|-damage|p1a: Toxapex|0 fnt\n|faint|p1a: Toxapex\n|-damage|p2a: Machamp|63\/100|[from] item: Life Orb\n|\n|-weather|SunnyDay|[upkeep]\n|upkeep\n|\n|t:|1700525623\n|switch|p1a: Charizard|Charizard-Mega-Y, M, shiny|100\/100\n|turn|15\n|\n|t:|1700525628\n|move|p1a: Charizard|Flamethrower|p2a: Machamp\n|-damage|p2a: Machamp|0 fnt\n|faint|p2a: Machamp\n|\n|-weather|none\n|upkeep\n|\n|t:|1700525630\n|switch|p2a: Darmanitan|Darmanitan, F|10\/100\n|turn|16\n|\n|t:|1700525637\n|switch|p1a: Blissey|Blissey, F, shiny|100\/100\n|move|p2a: Darmanitan|Rock Slide|p1a: Blissey\n|-damage|p1a: Blissey|18\/100\n|\n|-heal|p1a: Blissey|24\/100|[from] item: Leftovers\n|upkeep\n|turn|17\n|\n|t:|1700525650\n|move|p2a: Darmanitan|Rock Slide|p1a: Blissey\n|-damage|p1a: Blissey|0 fnt\n|faint|p1a: Blissey\n|\n|upkeep\n|\n|t:|1700525654\n|switch|p1a: Charizard|Charizard-Mega-Y, M, shiny|100\/100\n|-weather|SunnyDay|[from] ability: Drought|[of] p1a: Charizard\n|turn|18\n|\n|t:|1700525660\n|move|p2a: Darmanitan|Rock Slide|p1a: Charizard\n|-supereffective|p1a: Charizard\n|-damage|p1a: Charizard|0 fnt\n|faint|p1a: Charizard\n|\n|win|221savage\n|raw|gomez111's rating: 1293 &rarr; <strong>1276<\/strong><br \/>(-17 for losing)\n|raw|221savage's rating: 1405 &rarr; <strong>1419<\/strong><br \/>(+14 for winning)\n|c|\u2606221savage|bruh\n","uploadtime":1700525670,"views":1,"p1id":"gomez111","p2id":"221savage","formatid":"gen9nationaldex","rating":1276,"private":0,"password":""}