{"id":"gen9nationaldex-1998627699","p1":"SuperJ7","p2":"Hubble Scubble","format":"[Gen 9] National Dex","log":"|html|<div class=\"broadcast-blue\"><strong>[Gen 9] National Dex is currently suspecting Sneasler! For information on how to participate check out the <a href=\"https:\/\/www.smogon.com\/forums\/threads\/sv-national-dex-suspect-8-just-dance.3731534\/\">suspect thread<\/a>.<\/strong><\/div>\n|j|\u2606SuperJ7\n|j|\u2606Hubble Scubble\n|t:|1700964790\n|gametype|singles\n|player|p1|SuperJ7|1|1093\n|player|p2|Hubble Scubble|koga|1052\n|teamsize|p1|6\n|teamsize|p2|6\n|gen|9\n|tier|[Gen 9] National Dex\n|rated|\n|rule|HP Percentage Mod: HP is shown in percentages\n|rule|Endless Battle Clause: Forcing endless battles is banned\n|rule|OHKO Clause: OHKO moves are banned\n|rule|Evasion Clause: Evasion abilities, items, and moves are banned\n|rule|Evasion Abilities Clause: Evasion abilities are banned\n|rule|Evasion Items Clause: Evasion items are banned\n|rule|Evasion Moves Clause: Evasion moves are banned\n|rule|Species Clause: Limit one of each Pok\u00e9mon\n|rule|Sleep Clause Mod: Limit one foe put to sleep\n|clearpoke\n|poke|p1|Swampert, F|\n|poke|p1|Breloom, M|\n|poke|p1|Gardevoir, F|\n|poke|p1|Camerupt, M|\n|poke|p1|Flygon, F|\n|poke|p1|Jirachi|\n|poke|p2|Gyarados, F|\n|poke|p2|Gardevoir, F|\n|poke|p2|Malamar, F|\n|poke|p2|Minior|\n|poke|p2|Donphan, M|\n|poke|p2|Lycanroc-Dusk, M|\n|teampreview\n|\n|t:|1700964802\n|start\n|switch|p1a: Axo|Swampert, F, shiny|100\/100\n|switch|p2a: Lycanroc|Lycanroc-Dusk, M|100\/100\n|turn|1\n|\n|t:|1700964809\n|move|p2a: Lycanroc|Stealth Rock|p1a: Axo\n|-sidestart|p1: SuperJ7|move: Stealth Rock\n|move|p1a: Axo|Bulk Up|p1a: Axo\n|-boost|p1a: Axo|atk|1\n|-boost|p1a: Axo|def|1\n|\n|upkeep\n|turn|2\n|\n|t:|1700964832\n|switch|p2a: Gyarados|Gyarados, F|100\/100\n|move|p1a: Axo|Bulk Up|p1a: Axo\n|-boost|p1a: Axo|atk|1\n|-boost|p1a: Axo|def|1\n|\n|upkeep\n|turn|3\n|\n|t:|1700964839\n|move|p2a: Gyarados|Power Whip|p1a: Axo\n|-supereffective|p1a: Axo\n|-damage|p1a: Axo|23\/100\n|move|p1a: Axo|Ice Punch|p2a: Gyarados\n|-damage|p2a: Gyarados|35\/100\n|-damage|p1a: Axo|13\/100|[from] item: Life Orb\n|\n|upkeep\n|turn|4\n|\n|t:|1700964847\n|move|p2a: Gyarados|Power Whip|p1a: Axo\n|-supereffective|p1a: Axo\n|-damage|p1a: Axo|0 fnt\n|faint|p1a: Axo\n|-ability|p2a: Gyarados|Moxie|boost\n|-boost|p2a: Gyarados|atk|1\n|\n|upkeep\n|\n|t:|1700964853\n|switch|p1a: Mushroom|Breloom, M, shiny|100\/100\n|-damage|p1a: Mushroom|94\/100|[from] Stealth Rock\n|turn|5\n|\n|t:|1700964860\n|move|p2a: Gyarados|Ice Fang|p1a: Mushroom\n|-supereffective|p1a: Mushroom\n|-damage|p1a: Mushroom|9\/100\n|move|p1a: Mushroom|Spore|p2a: Gyarados\n|-status|p2a: Gyarados|slp|[from] move: Spore\n|\n|-status|p1a: Mushroom|tox|[from] item: Toxic Orb\n|upkeep\n|turn|6\n|\n|t:|1700964875\n|switch|p2a: Malamar|Malamar, F|100\/100\n|move|p1a: Mushroom|Power-Up Punch|p2a: Malamar\n|-damage|p2a: Malamar|81\/100\n|-boost|p1a: Mushroom|atk|1\n|\n|-heal|p2a: Malamar|87\/100|[from] item: Leftovers\n|-heal|p1a: Mushroom|21\/100 tox|[from] ability: Poison Heal\n|upkeep\n|turn|7\n|\n|t:|1700964888\n|move|p1a: Mushroom|Facade|p2a: Malamar\n|-damage|p2a: Malamar|24\/100\n|move|p2a: Malamar|Superpower|p1a: Mushroom\n|-damage|p1a: Mushroom|0 fnt\n|-boost|p2a: Malamar|atk|1\n|-boost|p2a: Malamar|def|1\n|faint|p1a: Mushroom\n|\n|-heal|p2a: Malamar|30\/100|[from] item: Leftovers\n|upkeep\n|\n|t:|1700964901\n|switch|p1a: Wish|Jirachi, shiny|100\/100\n|-damage|p1a: Wish|94\/100|[from] Stealth Rock\n|turn|8\n|\n|t:|1700964907\n|move|p1a: Wish|Flash Cannon|p2a: Malamar\n|-damage|p2a: Malamar|0 fnt\n|faint|p2a: Malamar\n|\n|-heal|p1a: Wish|100\/100|[from] item: Leftovers\n|upkeep\n|\n|t:|1700964912\n|switch|p2a: Donphan|Donphan, M|100\/100\n|turn|9\n|\n|t:|1700964925\n|-terastallize|p1a: Wish|Grass\n|move|p2a: Donphan|Ice Shard|p1a: Wish\n|-supereffective|p1a: Wish\n|-damage|p1a: Wish|73\/100\n|move|p1a: Wish|Energy Ball|p2a: Donphan\n|-supereffective|p2a: Donphan\n|-ability|p2a: Donphan|Sturdy\n|-damage|p2a: Donphan|1\/100\n|\n|-heal|p1a: Wish|80\/100|[from] item: Leftovers\n|upkeep\n|turn|10\n|\n|t:|1700964941\n|move|p2a: Donphan|Ice Shard|p1a: Wish\n|-supereffective|p1a: Wish\n|-damage|p1a: Wish|54\/100\n|move|p1a: Wish|Flash Cannon|p2a: Donphan\n|-damage|p2a: Donphan|0 fnt\n|faint|p2a: Donphan\n|\n|-heal|p1a: Wish|60\/100|[from] item: Leftovers\n|upkeep\n|\n|t:|1700964949\n|switch|p2a: Minior|Minior|100\/100\n|-formechange|p2a: Minior|Minior-Meteor||[from] ability: Shields Down\n|turn|11\n|\n|t:|1700964958\n|move|p1a: Wish|Energy Ball|p2a: Minior\n|-damage|p2a: Minior|55\/100\n|-unboost|p2a: Minior|spd|1\n|-enditem|p2a: Minior|White Herb\n|-clearnegativeboost|p2a: Minior|[silent]\n|move|p2a: Minior|Shell Smash|p2a: Minior\n|-unboost|p2a: Minior|def|1\n|-unboost|p2a: Minior|spd|1\n|-boost|p2a: Minior|atk|2\n|-boost|p2a: Minior|spa|2\n|-boost|p2a: Minior|spe|2\n|\n|-heal|p1a: Wish|67\/100|[from] item: Leftovers\n|upkeep\n|turn|12\n|c|\u2606SuperJ7|I just broke your plan lol\n|\n|t:|1700964974\n|move|p2a: Minior|Acrobatics|p1a: Wish\n|-supereffective|p1a: Wish\n|-damage|p1a: Wish|0 fnt\n|faint|p1a: Wish\n|\n|upkeep\n|c|\u2606SuperJ7|with the white herb\n|\n|t:|1700964988\n|switch|p1a: Draco|Flygon, F, shiny|100\/100\n|-damage|p1a: Draco|94\/100|[from] Stealth Rock\n|turn|13\n|\n|t:|1700964993\n|move|p2a: Minior|Acrobatics|p1a: Draco\n|-damage|p1a: Draco|8\/100\n|move|p1a: Draco|Earthquake|p2a: Minior\n|-immune|p2a: Minior\n|\n|upkeep\n|turn|14\n|c|\u2606SuperJ7|missclick dangit\n|\n|t:|1700965004\n|move|p2a: Minior|Acrobatics|p1a: Draco\n|-crit|p1a: Draco\n|-damage|p1a: Draco|0 fnt\n|faint|p1a: Draco\n|\n|upkeep\n|\n|t:|1700965013\n|switch|p1a: Fae|Gardevoir, F, shiny|100\/100\n|-damage|p1a: Fae|88\/100|[from] Stealth Rock\n|turn|15\n|\n|t:|1700965021\n|move|p2a: Minior|Acrobatics|p1a: Fae\n|-damage|p1a: Fae|0 fnt\n|faint|p1a: Fae\n|\n|upkeep\n|\n|t:|1700965025\n|switch|p1a: Erupt|Camerupt, M, shiny|100\/100\n|-damage|p1a: Erupt|88\/100|[from] Stealth Rock\n|turn|16\n|\n|t:|1700965035\n|detailschange|p1a: Erupt|Camerupt-Mega, M, shiny\n|-mega|p1a: Erupt|Camerupt|Cameruptite\n|move|p2a: Minior|Earthquake|p1a: Erupt\n|-supereffective|p1a: Erupt\n|-damage|p1a: Erupt|0 fnt\n|faint|p1a: Erupt\n|\n|win|Hubble Scubble\n|raw|SuperJ7's rating: 1093 &rarr; <strong>1066<\/strong><br \/>(-27 for losing)\n|raw|Hubble Scubble's rating: 1052 &rarr; <strong>1088<\/strong><br \/>(+36 for winning)\n|l|\u2606SuperJ7\n","uploadtime":1700965045,"views":6,"p1id":"superj7","p2id":"hubblescubble","formatid":"gen9nationaldex","rating":1066,"private":0,"password":""}