{"id":"gen9nationaldex-1993352112","p1":"mmm6","p2":"hhxh\u955c\u82b1\u6c34\u6708","format":"[Gen 9] National Dex","log":"|j|\u2606mmm6\n|j|\u2606hhxh\u955c\u82b1\u6c34\u6708\n|t:|1700304167\n|gametype|singles\n|player|p1|mmm6|ghetsis|1642\n|player|p2|hhxh\u955c\u82b1\u6c34\u6708|penny|1561\n|teamsize|p1|6\n|teamsize|p2|6\n|gen|9\n|tier|[Gen 9] National Dex\n|rated|\n|rule|HP Percentage Mod: HP is shown in percentages\n|rule|Endless Battle Clause: Forcing endless battles is banned\n|rule|OHKO Clause: OHKO moves are banned\n|rule|Evasion Clause: Evasion abilities, items, and moves are banned\n|rule|Evasion Abilities Clause: Evasion abilities are banned\n|rule|Evasion Items Clause: Evasion items are banned\n|rule|Evasion Moves Clause: Evasion moves are banned\n|rule|Species Clause: Limit one of each Pok\u00e9mon\n|rule|Sleep Clause Mod: Limit one foe put to sleep\n|clearpoke\n|poke|p1|Ribombee, M|\n|poke|p1|Grimmsnarl, M|\n|poke|p1|Great Tusk|\n|poke|p1|Dragonite, F|\n|poke|p1|Rillaboom, F|\n|poke|p1|Ogerpon-Wellspring, F|\n|poke|p2|Volcanion|\n|poke|p2|Slowbro, M|\n|poke|p2|Mawile, F|\n|poke|p2|Ursaluna, F|\n|poke|p2|Maushold|\n|poke|p2|Dragonite, M|\n|teampreview\n|\n|t:|1700304182\n|start\n|switch|p1a: Great Tusk|Great Tusk|100\/100\n|switch|p2a: Maushold|Maushold, shiny|100\/100\n|-enditem|p1a: Great Tusk|Booster Energy\n|-activate|p1a: Great Tusk|ability: Protosynthesis|[fromitem]\n|-start|p1a: Great Tusk|protosynthesisspe\n|turn|1\n|inactive|Battle timer is ON: inactive players will automatically lose when time's up. (requested by hhxh\u955c\u82b1\u6c34\u6708)\n|\n|t:|1700304188\n|switch|p2a: Slowbro|Slowbro, M, shiny|100\/100\n|move|p1a: Great Tusk|Knock Off|p2a: Slowbro\n|-supereffective|p2a: Slowbro\n|-damage|p2a: Slowbro|70\/100\n|-enditem|p2a: Slowbro|Leftovers|[from] move: Knock Off|[of] p1a: Great Tusk\n|\n|upkeep\n|turn|2\n|\n|t:|1700304195\n|move|p1a: Great Tusk|Stealth Rock|p2a: Slowbro\n|-sidestart|p2: hhxh\u955c\u82b1\u6c34\u6708|move: Stealth Rock\n|move|p2a: Slowbro|Trick Room|p2a: Slowbro\n|-fieldstart|move: Trick Room|[of] p2a: Slowbro\n|\n|upkeep\n|turn|3\n|\n|t:|1700304199\n|move|p1a: Great Tusk|Knock Off|p2a: Slowbro\n|-supereffective|p2a: Slowbro\n|-damage|p2a: Slowbro|49\/100\n|move|p2a: Slowbro|Teleport|p2a: Slowbro\n|\n|t:|1700304208\n|switch|p2a: Mawile|Mawile, F, shiny|100\/100|[from] Teleport\n|-damage|p2a: Mawile|95\/100|[from] Stealth Rock\n|-ability|p2a: Mawile|Intimidate|boost\n|-unboost|p1a: Great Tusk|atk|1\n|\n|upkeep\n|turn|4\n|\n|t:|1700304211\n|detailschange|p2a: Mawile|Mawile-Mega, F, shiny\n|-mega|p2a: Mawile|Mawile|Mawilite\n|move|p2a: Mawile|Play Rough|p1a: Great Tusk\n|-supereffective|p1a: Great Tusk\n|-damage|p1a: Great Tusk|0 fnt\n|faint|p1a: Great Tusk\n|-end|p1a: Great Tusk|Protosynthesis|[silent]\n|\n|upkeep\n|\n|t:|1700304216\n|switch|p1a: Grimmsnarl|Grimmsnarl, M, shiny|100\/100\n|turn|5\n|\n|t:|1700304221\n|move|p1a: Grimmsnarl|Reflect|p1a: Grimmsnarl\n|-sidestart|p1: mmm6|Reflect\n|move|p2a: Mawile|Play Rough|p1a: Grimmsnarl|[miss]\n|-miss|p2a: Mawile|p1a: Grimmsnarl\n|\n|upkeep\n|turn|6\n|\n|t:|1700304225\n|move|p1a: Grimmsnarl|Parting Shot|p2a: Mawile\n|-unboost|p2a: Mawile|atk|1\n|-unboost|p2a: Mawile|spa|1\n|\n|t:|1700304228\n|switch|p1a: Rillaboom|Rillaboom, F|100\/100|[from] Parting Shot\n|-fieldstart|move: Grassy Terrain|[from] ability: Grassy Surge|[of] p1a: Rillaboom\n|move|p2a: Mawile|Swords Dance|p2a: Mawile\n|-boost|p2a: Mawile|atk|2\n|\n|-heal|p2a: Mawile|100\/100|[from] Grassy Terrain\n|-fieldend|move: Trick Room\n|upkeep\n|turn|7\n|\n|t:|1700304236\n|move|p1a: Rillaboom|U-turn|p2a: Mawile\n|-resisted|p2a: Mawile\n|-damage|p2a: Mawile|94\/100\n|\n|t:|1700304245\n|switch|p1a: Ogerpon|Ogerpon-Wellspring, F|100\/100|[from] U-turn\n|move|p2a: Mawile|Brick Break|p1a: Ogerpon\n|-sideend|p1: mmm6|Reflect\n|-damage|p1a: Ogerpon|9\/100\n|\n|-heal|p1a: Ogerpon|15\/100|[from] Grassy Terrain\n|-heal|p2a: Mawile|99\/100|[from] Grassy Terrain\n|upkeep\n|turn|8\n|\n|t:|1700304252\n|move|p2a: Mawile|Sucker Punch|p1a: Ogerpon\n|-damage|p1a: Ogerpon|0 fnt\n|faint|p1a: Ogerpon\n|\n|-heal|p2a: Mawile|100\/100|[from] Grassy Terrain\n|upkeep\n|\n|t:|1700304256\n|switch|p1a: Grimmsnarl|Grimmsnarl, M, shiny|100\/100\n|turn|9\n|\n|t:|1700304267\n|move|p1a: Grimmsnarl|Reflect|p1a: Grimmsnarl\n|-sidestart|p1: mmm6|Reflect\n|move|p2a: Mawile|Swords Dance|p2a: Mawile\n|-boost|p2a: Mawile|atk|2\n|\n|upkeep\n|turn|10\n|\n|t:|1700304271\n|move|p1a: Grimmsnarl|Taunt|p2a: Mawile\n|-start|p2a: Mawile|move: Taunt\n|move|p2a: Mawile|Brick Break|p1a: Grimmsnarl\n|-sideend|p1: mmm6|Reflect\n|-damage|p1a: Grimmsnarl|0 fnt\n|faint|p1a: Grimmsnarl\n|\n|upkeep\n|\n|t:|1700304276\n|switch|p1a: Ribombee|Ribombee, M|100\/100\n|turn|11\n|inactive|hhxh\u955c\u82b1\u6c34\u6708 has 120 seconds left.\n|\n|t:|1700304312\n|-terastallize|p1a: Ribombee|Fire\n|move|p1a: Ribombee|Tera Blast|p2a: Mawile|[anim] Tera Blast Fire\n|-supereffective|p2a: Mawile\n|-damage|p2a: Mawile|39\/100\n|move|p2a: Mawile|Play Rough|p1a: Ribombee\n|-resisted|p1a: Ribombee\n|-damage|p1a: Ribombee|0 fnt\n|faint|p1a: Ribombee\n|\n|-heal|p2a: Mawile|45\/100|[from] Grassy Terrain\n|upkeep\n|\n|t:|1700304322\n|switch|p1a: Dragonite|Dragonite, F|100\/100\n|turn|12\n|\n|t:|1700304324\n|move|p1a: Dragonite|Dragon Dance|p1a: Dragonite\n|-boost|p1a: Dragonite|atk|1\n|-boost|p1a: Dragonite|spe|1\n|move|p2a: Mawile|Play Rough|p1a: Dragonite\n|-supereffective|p1a: Dragonite\n|-damage|p1a: Dragonite|0 fnt\n|faint|p1a: Dragonite\n|\n|-heal|p2a: Mawile|51\/100|[from] Grassy Terrain\n|-end|p2a: Mawile|move: Taunt\n|upkeep\n|-message|mmm6 forfeited.\n|\n|win|hhxh\u955c\u82b1\u6c34\u6708\n|raw|mmm6's rating: 1642 &rarr; <strong>1617<\/strong><br \/>(-25 for losing)\n|raw|hhxh\u955c\u82b1\u6c34\u6708's rating: 1561 &rarr; <strong>1586<\/strong><br \/>(+25 for winning)\n|l|\u2606mmm6\n","uploadtime":1700304406,"views":8,"p1id":"mmm6","p2id":"hhxh","formatid":"gen9nationaldex","rating":1586,"private":0,"password":""}