{"id":"gen9nationaldex-1997203659","p1":"ertyujkm cxserty","p2":"LeafStormHimNotMe","format":"[Gen 9] National Dex","log":"|html|<div class=\"broadcast-blue\"><strong>[Gen 9] National Dex is currently suspecting Sneasler! For information on how to participate check out the <a href=\"https:\/\/www.smogon.com\/forums\/threads\/sv-national-dex-suspect-8-just-dance.3731534\/\">suspect thread<\/a>.<\/strong><\/div>\n|j|\u2606ertyujkm cxserty\n|j|\u2606LeafStormHimNotMe\n|t:|1700775217\n|gametype|singles\n|player|p1|ertyujkm cxserty|lass-gen4dp|1090\n|player|p2|LeafStormHimNotMe|iris-gen5bw2|1000\n|teamsize|p1|6\n|teamsize|p2|6\n|gen|9\n|tier|[Gen 9] National Dex\n|rated|\n|rule|HP Percentage Mod: HP is shown in percentages\n|rule|Endless Battle Clause: Forcing endless battles is banned\n|rule|OHKO Clause: OHKO moves are banned\n|rule|Evasion Clause: Evasion abilities, items, and moves are banned\n|rule|Evasion Abilities Clause: Evasion abilities are banned\n|rule|Evasion Items Clause: Evasion items are banned\n|rule|Evasion Moves Clause: Evasion moves are banned\n|rule|Species Clause: Limit one of each Pok\u00e9mon\n|rule|Sleep Clause Mod: Limit one foe put to sleep\n|clearpoke\n|poke|p1|Starmie|\n|poke|p1|Mienshao, F|\n|poke|p1|Electivire, F|\n|poke|p1|Miltank, F|\n|poke|p1|Sandaconda, F|\n|poke|p1|Scizor, M|\n|poke|p2|Garchomp, F|\n|poke|p2|Druddigon, F|\n|poke|p2|Ferrothorn, F|\n|poke|p2|Togedemaru, M|\n|poke|p2|Cramorant, M|\n|poke|p2|Drifblim, F|\n|teampreview\n|inactive|Battle timer is ON: inactive players will automatically lose when time's up. (requested by LeafStormHimNotMe)\n|c|\u2606LeafStormHimNotMe|WELCOME TO OUR REMATCH\n|\n|t:|1700775238\n|start\n|switch|p1a: Electivire|Electivire, F|100\/100\n|switch|p2a: Cramorant|Cramorant, M|100\/100\n|-item|p1a: Electivire|Air Balloon\n|turn|1\n|\n|t:|1700775246\n|move|p2a: Cramorant|Tailwind|p2a: Cramorant\n|-sidestart|p2: LeafStormHimNotMe|move: Tailwind\n|move|p1a: Electivire|Thunder Punch|p2a: Cramorant\n|-supereffective|p2a: Cramorant\n|-crit|p2a: Cramorant\n|-enditem|p2a: Cramorant|Focus Sash\n|-damage|p2a: Cramorant|1\/100\n|\n|upkeep\n|turn|2\n|\n|t:|1700775253\n|move|p2a: Cramorant|Surf|p1a: Electivire\n|-formechange|p2a: Cramorant|Cramorant-Gorging|\n|-damage|p1a: Electivire|56\/100\n|-enditem|p1a: Electivire|Air Balloon\n|move|p1a: Electivire|Thunder Punch|p2a: Cramorant\n|-supereffective|p2a: Cramorant\n|-damage|p2a: Cramorant|0 fnt\n|-damage|p1a: Electivire|31\/100|[from] ability: Gulp Missile|[of] p2a: Cramorant\n|-formechange|p2a: Cramorant|Cramorant|\n|faint|p2a: Cramorant\n|\n|upkeep\n|\n|t:|1700775264\n|switch|p2a: Garchomp|Garchomp, F|100\/100\n|turn|3\n|\n|t:|1700775268\n|move|p2a: Garchomp|Earthquake|p1a: Electivire\n|-supereffective|p1a: Electivire\n|-damage|p1a: Electivire|0 fnt\n|faint|p1a: Electivire\n|\n|upkeep\n|\n|t:|1700775273\n|switch|p1a: Starmie|Starmie|100\/100\n|turn|4\n|\n|t:|1700775277\n|move|p2a: Garchomp|Earthquake|p1a: Starmie\n|-damage|p1a: Starmie|41\/100\n|move|p1a: Starmie|Ice Beam|p2a: Garchomp\n|-supereffective|p2a: Garchomp\n|-crit|p2a: Garchomp\n|-damage|p2a: Garchomp|0 fnt\n|faint|p2a: Garchomp\n|\n|-sideend|p2: LeafStormHimNotMe|move: Tailwind\n|upkeep\n|\n|t:|1700775285\n|switch|p2a: Togedemaru|Togedemaru, M|100\/100\n|turn|5\n|\n|t:|1700775290\n|switch|p1a: Sandaconda|Sandaconda, F|100\/100\n|move|p2a: Togedemaru|Zing Zap|p1a: Sandaconda\n|-immune|p1a: Sandaconda\n|\n|upkeep\n|turn|6\n|\n|t:|1700775299\n|move|p2a: Togedemaru|Iron Head|p1a: Sandaconda\n|-damage|p1a: Sandaconda|72\/100\n|-weather|Sandstorm|[from] ability: Sand Spit|[of] p1a: Sandaconda\n|move|p1a: Sandaconda|Earthquake|p2a: Togedemaru\n|-supereffective|p2a: Togedemaru\n|-enditem|p2a: Togedemaru|Focus Sash\n|-damage|p2a: Togedemaru|1\/100\n|\n|-weather|Sandstorm|[upkeep]\n|upkeep\n|turn|7\n|\n|t:|1700775304\n|move|p2a: Togedemaru|Endeavor|p1a: Sandaconda\n|-damage|p1a: Sandaconda|1\/100\n|move|p1a: Sandaconda|Coil|p1a: Sandaconda\n|-boost|p1a: Sandaconda|atk|1\n|-boost|p1a: Sandaconda|def|1\n|-boost|p1a: Sandaconda|accuracy|1\n|\n|-weather|Sandstorm|[upkeep]\n|upkeep\n|turn|8\n|\n|t:|1700775313\n|move|p2a: Togedemaru|Iron Head|p1a: Sandaconda\n|-damage|p1a: Sandaconda|0 fnt\n|faint|p1a: Sandaconda\n|\n|-weather|Sandstorm|[upkeep]\n|upkeep\n|\n|t:|1700775316\n|switch|p1a: Scizor|Scizor, M|100\/100\n|turn|9\n|\n|t:|1700775321\n|switch|p2a: Ferrothorn|Ferrothorn, F|100\/100\n|move|p1a: Scizor|Bullet Punch|p2a: Ferrothorn\n|-resisted|p2a: Ferrothorn\n|-damage|p2a: Ferrothorn|91\/100\n|-damage|p1a: Scizor|88\/100|[from] ability: Iron Barbs|[of] p2a: Ferrothorn\n|-damage|p1a: Scizor|72\/100|[from] item: Rocky Helmet|[of] p2a: Ferrothorn\n|\n|-weather|Sandstorm|[upkeep]\n|upkeep\n|turn|10\n|\n|t:|1700775330\n|switch|p1a: Miltank|Miltank, F|100\/100\n|move|p2a: Ferrothorn|Protect||[still]\n|-fail|p2a: Ferrothorn\n|\n|-weather|Sandstorm|[upkeep]\n|-damage|p1a: Miltank|94\/100|[from] Sandstorm\n|upkeep\n|turn|11\n|\n|t:|1700775338\n|move|p1a: Miltank|Fire Punch|p2a: Ferrothorn\n|-supereffective|p2a: Ferrothorn\n|-damage|p2a: Ferrothorn|48\/100\n|-damage|p1a: Miltank|82\/100|[from] ability: Iron Barbs|[of] p2a: Ferrothorn\n|-damage|p1a: Miltank|65\/100|[from] item: Rocky Helmet|[of] p2a: Ferrothorn\n|move|p2a: Ferrothorn|Body Press|p1a: Miltank\n|-supereffective|p1a: Miltank\n|-crit|p1a: Miltank\n|-damage|p1a: Miltank|0 fnt\n|faint|p1a: Miltank\n|\n|-weather|Sandstorm|[upkeep]\n|upkeep\n|\n|t:|1700775347\n|switch|p1a: Mienshao|Mienshao, F|100\/100\n|turn|12\n|\n|t:|1700775359\n|move|p1a: Mienshao|Drain Punch|p2a: Ferrothorn\n|-supereffective|p2a: Ferrothorn\n|-damage|p2a: Ferrothorn|0 fnt\n|-damage|p1a: Mienshao|88\/100|[from] ability: Iron Barbs|[of] p2a: Ferrothorn\n|-damage|p1a: Mienshao|72\/100|[from] item: Rocky Helmet|[of] p2a: Ferrothorn\n|faint|p2a: Ferrothorn\n|-damage|p1a: Mienshao|62\/100|[from] item: Life Orb\n|\n|-weather|Sandstorm|[upkeep]\n|-damage|p1a: Mienshao|56\/100|[from] Sandstorm\n|upkeep\n|\n|t:|1700775365\n|switch|p2a: Togedemaru|Togedemaru, M|1\/100\n|turn|13\n|\n|t:|1700775369\n|move|p1a: Mienshao|Trailblaze|p2a: Togedemaru\n|-resisted|p2a: Togedemaru\n|-damage|p2a: Togedemaru|0 fnt\n|-boost|p1a: Mienshao|spe|1\n|-damage|p1a: Mienshao|44\/100|[from] ability: Iron Barbs|[of] p2a: Togedemaru\n|faint|p2a: Togedemaru\n|-damage|p1a: Mienshao|34\/100|[from] item: Life Orb\n|\n|-weather|none\n|upkeep\n|\n|t:|1700775374\n|switch|p2a: Druddigon|Druddigon, F|100\/100\n|turn|14\n|\n|t:|1700775380\n|move|p1a: Mienshao|Ice Spinner|p2a: Druddigon\n|-supereffective|p2a: Druddigon\n|-damage|p2a: Druddigon|28\/100\n|-damage|p1a: Mienshao|22\/100|[from] ability: Rough Skin|[of] p2a: Druddigon\n|-damage|p1a: Mienshao|5\/100|[from] item: Rocky Helmet|[of] p2a: Druddigon\n|-damage|p1a: Mienshao|0 fnt|[from] item: Life Orb\n|faint|p1a: Mienshao\n|move|p2a: Druddigon|Stealth Rock|p1: Mienshao\n|-sidestart|p1: ertyujkm cxserty|move: Stealth Rock\n|\n|upkeep\n|\n|t:|1700775394\n|switch|p1a: Starmie|Starmie|41\/100\n|-damage|p1a: Starmie|29\/100|[from] Stealth Rock\n|turn|15\n|\n|t:|1700775399\n|move|p1a: Starmie|Ice Beam|p2a: Druddigon\n|-supereffective|p2a: Druddigon\n|-damage|p2a: Druddigon|0 fnt\n|faint|p2a: Druddigon\n|\n|upkeep\n|\n|t:|1700775401\n|switch|p2a: Drifblim|Drifblim, F|100\/100\n|turn|16\n|\n|t:|1700775420\n|-terastallize|p2a: Drifblim|Ghost\n|move|p1a: Starmie|Psychic|p2a: Drifblim\n|-damage|p2a: Drifblim|56\/100\n|move|p2a: Drifblim|Shadow Ball|p1a: Starmie\n|-supereffective|p1a: Starmie\n|-damage|p1a: Starmie|0 fnt\n|faint|p1a: Starmie\n|\n|upkeep\n|\n|t:|1700775426\n|switch|p1a: Scizor|Scizor, M|72\/100\n|-damage|p1a: Scizor|59\/100|[from] Stealth Rock\n|turn|17\n|\n|t:|1700775435\n|move|p2a: Drifblim|Will-O-Wisp|p1a: Scizor\n|-status|p1a: Scizor|brn\n|move|p1a: Scizor|Iron Head|p2a: Drifblim\n|-damage|p2a: Drifblim|26\/100\n|-enditem|p2a: Drifblim|Sitrus Berry|[eat]\n|-heal|p2a: Drifblim|51\/100|[from] item: Sitrus Berry\n|\n|-damage|p1a: Scizor|53\/100 brn|[from] brn\n|upkeep\n|turn|18\n|\n|t:|1700775440\n|move|p2a: Drifblim|Air Slash|p1a: Scizor\n|-damage|p1a: Scizor|14\/100 brn\n|move|p1a: Scizor|Iron Head|p2a: Drifblim\n|-damage|p2a: Drifblim|16\/100\n|\n|-damage|p1a: Scizor|8\/100 brn|[from] brn\n|upkeep\n|turn|19\n|\n|t:|1700775447\n|move|p1a: Scizor|Bullet Punch|p2a: Drifblim\n|-damage|p2a: Drifblim|0 fnt\n|-damage|p1a: Scizor|0 fnt|[from] ability: Aftermath|[of] p2a: Drifblim\n|faint|p2a: Drifblim\n|faint|p1a: Scizor\n|\n|win|ertyujkm cxserty\n|raw|ertyujkm cxserty's rating: 1090 &rarr; <strong>1110<\/strong><br \/>(+20 for winning)\n|raw|LeafStormHimNotMe's rating: 1000 &rarr; <strong>1000<\/strong><br \/>(+0 for losing)\n","uploadtime":1700775470,"views":5,"p1id":"ertyujkmcxserty","p2id":"leafstormhimnotme","formatid":"gen9nationaldex","rating":1000,"private":0,"password":""}