{"id":"gen9nationaldex-1993441249","p1":"jdblissey","p2":"runeatest","format":"[Gen 9] National Dex","log":"|j|\u2606jdblissey\n|j|\u2606runeatest\n|t:|1700318304\n|gametype|singles\n|player|p1|jdblissey|cynthia-gen4|1046\n|player|p2|runeatest|fisherman-gen4|1101\n|teamsize|p1|6\n|teamsize|p2|6\n|gen|9\n|tier|[Gen 9] National Dex\n|rated|\n|rule|HP Percentage Mod: HP is shown in percentages\n|rule|Endless Battle Clause: Forcing endless battles is banned\n|rule|OHKO Clause: OHKO moves are banned\n|rule|Evasion Clause: Evasion abilities, items, and moves are banned\n|rule|Evasion Abilities Clause: Evasion abilities are banned\n|rule|Evasion Items Clause: Evasion items are banned\n|rule|Evasion Moves Clause: Evasion moves are banned\n|rule|Species Clause: Limit one of each Pok\u00e9mon\n|rule|Sleep Clause Mod: Limit one foe put to sleep\n|clearpoke\n|poke|p1|Serperior, F|\n|poke|p1|Reuniclus, F|\n|poke|p1|Volcarona, F|\n|poke|p1|Hydreigon, F|\n|poke|p1|Excadrill, F|\n|poke|p1|Conkeldurr, F|\n|poke|p2|Vaporeon, M|\n|poke|p2|Salamence, M|\n|poke|p2|Hitmontop, M|\n|poke|p2|Electivire, M|\n|poke|p2|Togekiss, M|\n|poke|p2|Houndoom, M|\n|teampreview\n|inactive|Battle timer is ON: inactive players will automatically lose when time's up. (requested by jdblissey)\n|\n|t:|1700318316\n|start\n|switch|p1a: Conkeldurr|Conkeldurr, F|100\/100\n|switch|p2a: Salamence|Salamence, M|100\/100\n|-ability|p2a: Salamence|Intimidate|boost\n|-unboost|p1a: Conkeldurr|atk|1\n|turn|1\n|inactive|runeatest has 120 seconds left.\n|\n|t:|1700318352\n|move|p2a: Salamence|Air Slash|p1a: Conkeldurr\n|-supereffective|p1a: Conkeldurr\n|-damage|p1a: Conkeldurr|0 fnt\n|faint|p1a: Conkeldurr\n|\n|upkeep\n|\n|t:|1700318361\n|switch|p1a: Hydreigon|Hydreigon, F|100\/100\n|turn|2\n|inactive|runeatest has 120 seconds left.\n|\n|t:|1700318383\n|switch|p2a: Togekiss|Togekiss, M, shiny|100\/100\n|move|p1a: Hydreigon|Draco Meteor|p2a: Togekiss\n|-immune|p2a: Togekiss\n|\n|upkeep\n|turn|3\n|\n|t:|1700318400\n|switch|p1a: Excadrill|Excadrill, F|100\/100\n|move|p2a: Togekiss|Thunder Wave|p1a: Excadrill\n|-immune|p1a: Excadrill\n|\n|upkeep\n|turn|4\n|inactive|runeatest has 120 seconds left.\n|\n|t:|1700318406\n|switch|p2a: Vaporeon|Vaporeon, M|100\/100\n|move|p1a: Excadrill|Iron Head|p2a: Vaporeon\n|-resisted|p2a: Vaporeon\n|-damage|p2a: Vaporeon|80\/100\n|\n|-heal|p2a: Vaporeon|86\/100|[from] item: Leftovers\n|upkeep\n|turn|5\n|\n|t:|1700318417\n|switch|p1a: Serperior|Serperior, F|100\/100\n|move|p2a: Vaporeon|Ice Beam|p1a: Serperior\n|-supereffective|p1a: Serperior\n|-damage|p1a: Serperior|30\/100\n|\n|-heal|p1a: Serperior|37\/100|[from] item: Leftovers\n|-heal|p2a: Vaporeon|92\/100|[from] item: Leftovers\n|upkeep\n|turn|6\n|\n|t:|1700318426\n|switch|p2a: Salamence|Salamence, M|100\/100\n|-ability|p2a: Salamence|Intimidate|boost\n|-boost|p1a: Serperior|atk|1\n|move|p1a: Serperior|Leaf Storm|p2a: Salamence\n|-resisted|p2a: Salamence\n|-damage|p2a: Salamence|87\/100\n|-boost|p1a: Serperior|spa|2\n|\n|-heal|p1a: Serperior|43\/100|[from] item: Leftovers\n|upkeep\n|turn|7\n|\n|t:|1700318441\n|move|p1a: Serperior|Glare|p2a: Salamence\n|-status|p2a: Salamence|par\n|move|p2a: Salamence|Flamethrower|p1a: Serperior\n|-supereffective|p1a: Serperior\n|-damage|p1a: Serperior|0 fnt\n|faint|p1a: Serperior\n|\n|upkeep\n|\n|t:|1700318447\n|switch|p1a: Hydreigon|Hydreigon, F|100\/100\n|turn|8\n|\n|t:|1700318451\n|switch|p2a: Togekiss|Togekiss, M, shiny|100\/100\n|move|p1a: Hydreigon|Draco Meteor|p2a: Togekiss\n|-immune|p2a: Togekiss\n|\n|upkeep\n|turn|9\n|\n|t:|1700318457\n|switch|p1a: Excadrill|Excadrill, F|100\/100\n|switch|p2a: Vaporeon|Vaporeon, M|92\/100\n|\n|-heal|p2a: Vaporeon|99\/100|[from] item: Leftovers\n|upkeep\n|turn|10\n|\n|t:|1700318464\n|move|p1a: Excadrill|Earthquake|p2a: Vaporeon\n|-damage|p2a: Vaporeon|50\/100\n|move|p2a: Vaporeon|Heal Bell|p2a: Vaporeon\n|-activate|p2a: Vaporeon|move: Heal Bell\n|-curestatus|p2: Salamence|par|[msg]\n|\n|-heal|p2a: Vaporeon|56\/100|[from] item: Leftovers\n|upkeep\n|turn|11\n|\n|t:|1700318472\n|switch|p2a: Salamence|Salamence, M|87\/100\n|-ability|p2a: Salamence|Intimidate|boost\n|-unboost|p1a: Excadrill|atk|1\n|move|p1a: Excadrill|Earthquake|p2a: Salamence\n|-immune|p2a: Salamence\n|\n|upkeep\n|turn|12\n|\n|t:|1700318483\n|move|p2a: Salamence|Flamethrower|p1a: Excadrill\n|-supereffective|p1a: Excadrill\n|-damage|p1a: Excadrill|0 fnt\n|faint|p1a: Excadrill\n|\n|upkeep\n|\n|t:|1700318487\n|switch|p1a: Hydreigon|Hydreigon, F|100\/100\n|turn|13\n|\n|t:|1700318495\n|switch|p2a: Togekiss|Togekiss, M, shiny|100\/100\n|-terastallize|p1a: Hydreigon|Dark\n|move|p1a: Hydreigon|Draco Meteor|p2a: Togekiss\n|-immune|p2a: Togekiss\n|\n|upkeep\n|turn|14\n|\n|t:|1700318502\n|switch|p1a: Volcarona|Volcarona, F|100\/100\n|move|p2a: Togekiss|Thunder Wave|p1a: Volcarona\n|-status|p1a: Volcarona|par\n|\n|upkeep\n|turn|15\n|\n|t:|1700318509\n|switch|p2a: Salamence|Salamence, M|87\/100\n|-ability|p2a: Salamence|Intimidate|boost\n|-unboost|p1a: Volcarona|atk|1\n|move|p1a: Volcarona|Flamethrower|p2a: Salamence\n|-resisted|p2a: Salamence\n|-damage|p2a: Salamence|64\/100\n|\n|upkeep\n|turn|16\n|\n|t:|1700318516\n|move|p2a: Salamence|Air Slash|p1a: Volcarona\n|-supereffective|p1a: Volcarona\n|-damage|p1a: Volcarona|3\/100 par\n|cant|p1a: Volcarona|flinch\n|\n|upkeep\n|turn|17\n|\n|t:|1700318521\n|move|p2a: Salamence|Air Slash|p1a: Volcarona\n|-supereffective|p1a: Volcarona\n|-damage|p1a: Volcarona|0 fnt\n|faint|p1a: Volcarona\n|\n|upkeep\n|\n|t:|1700318526\n|switch|p1a: Hydreigon|Hydreigon, F, tera:Dark|100\/100\n|turn|18\n|\n|t:|1700318528\n|switch|p2a: Togekiss|Togekiss, M, shiny|100\/100\n|move|p1a: Hydreigon|Draco Meteor|p2a: Togekiss\n|-immune|p2a: Togekiss\n|\n|upkeep\n|turn|19\n|\n|t:|1700318534\n|switch|p1a: Reuniclus|Reuniclus, F|100\/100\n|move|p2a: Togekiss|Thunder Wave|p1a: Reuniclus\n|-status|p1a: Reuniclus|par\n|\n|upkeep\n|turn|20\n|\n|t:|1700318540\n|switch|p2a: Houndoom|Houndoom, M|100\/100\n|cant|p1a: Reuniclus|par\n|\n|upkeep\n|turn|21\n|\n|t:|1700318545\n|move|p2a: Houndoom|Nasty Plot|p2a: Houndoom\n|-boost|p2a: Houndoom|spa|2\n|move|p1a: Reuniclus|Focus Blast|p2a: Houndoom\n|-supereffective|p2a: Houndoom\n|-damage|p2a: Houndoom|15\/100\n|\n|upkeep\n|turn|22\n|\n|t:|1700318552\n|move|p2a: Houndoom|Dark Pulse|p1a: Reuniclus\n|-supereffective|p1a: Reuniclus\n|-damage|p1a: Reuniclus|0 fnt\n|faint|p1a: Reuniclus\n|\n|upkeep\n|\n|t:|1700318557\n|switch|p1a: Hydreigon|Hydreigon, F, tera:Dark|100\/100\n|turn|23\n|\n|t:|1700318561\n|switch|p2a: Togekiss|Togekiss, M, shiny|100\/100\n|move|p1a: Hydreigon|Earth Power|p2a: Togekiss\n|-immune|p2a: Togekiss\n|\n|upkeep\n|turn|24\n|-message|jdblissey forfeited.\n|\n|win|runeatest\n|raw|jdblissey's rating: 1046 &rarr; <strong>1032<\/strong><br \/>(-14 for losing)\n|raw|runeatest's rating: 1101 &rarr; <strong>1122<\/strong><br \/>(+21 for winning)\n|l|\u2606jdblissey\n","uploadtime":1700318574,"views":6,"p1id":"jdblissey","p2id":"runeatest","formatid":"gen9nationaldex","rating":1032,"private":0,"password":""}