{"id":"gen9nationaldex-1998883275","p1":"wqdong","p2":"Ackesh","format":"[Gen 9] National Dex","log":"|html|<div class=\"broadcast-blue\"><strong>[Gen 9] National Dex is currently suspecting Sneasler! For information on how to participate check out the <a href=\"https:\/\/www.smogon.com\/forums\/threads\/sv-national-dex-suspect-8-just-dance.3731534\/\">suspect thread<\/a>.<\/strong><\/div>\n|j|\u2606wqdong\n|j|\u2606Ackesh\n|t:|1701008210\n|gametype|singles\n|player|p1|wqdong|rosa|1750\n|player|p2|Ackesh|silver|1688\n|teamsize|p1|6\n|teamsize|p2|6\n|gen|9\n|tier|[Gen 9] National Dex\n|rated|\n|rule|HP Percentage Mod: HP is shown in percentages\n|rule|Endless Battle Clause: Forcing endless battles is banned\n|rule|OHKO Clause: OHKO moves are banned\n|rule|Evasion Clause: Evasion abilities, items, and moves are banned\n|rule|Evasion Abilities Clause: Evasion abilities are banned\n|rule|Evasion Items Clause: Evasion items are banned\n|rule|Evasion Moves Clause: Evasion moves are banned\n|rule|Species Clause: Limit one of each Pok\u00e9mon\n|rule|Sleep Clause Mod: Limit one foe put to sleep\n|clearpoke\n|poke|p1|Alomomola, M|\n|poke|p1|Ogerpon-Wellspring, F|\n|poke|p1|Tapu Lele|\n|poke|p1|Bisharp, M|\n|poke|p1|Landorus-Therian, M|\n|poke|p1|Arcanine, M|\n|poke|p2|Venusaur, M|\n|poke|p2|Kyurem|\n|poke|p2|Torkoal, M|\n|poke|p2|Landorus-Therian, M|\n|poke|p2|Heatran, M|\n|poke|p2|Victini|\n|teampreview\n|inactive|Battle timer is ON: inactive players will automatically lose when time's up. (requested by wqdong)\n|\n|t:|1701008232\n|start\n|switch|p1a: Landorus|Landorus-Therian, M|100\/100\n|switch|p2a: Kyurem|Kyurem|100\/100\n|-ability|p1a: Landorus|Intimidate|boost\n|-unboost|p2a: Kyurem|atk|1\n|-ability|p2a: Kyurem|Pressure\n|turn|1\n|\n|t:|1701008242\n|move|p1a: Landorus|Stone Edge|p2a: Kyurem\n|-supereffective|p2a: Kyurem\n|-damage|p2a: Kyurem|28\/100\n|move|p2a: Kyurem|Ice Beam|p1a: Landorus\n|-supereffective|p1a: Landorus\n|-damage|p1a: Landorus|0 fnt\n|faint|p1a: Landorus\n|-damage|p2a: Kyurem|18\/100|[from] item: Life Orb\n|\n|upkeep\n|\n|t:|1701008262\n|switch|p1a: Ogerpon|Ogerpon-Wellspring, F|100\/100\n|turn|2\n|\n|t:|1701008266\n|switch|p2a: Torkoal|Torkoal, M|100\/100\n|-weather|SunnyDay|[from] ability: Drought|[of] p2a: Torkoal\n|move|p1a: Ogerpon|Ivy Cudgel|p2a: Torkoal|[anim] Ivy Cudgel Water\n|-supereffective|p2a: Torkoal\n|-damage|p2a: Torkoal|67\/100\n|\n|-weather|SunnyDay|[upkeep]\n|upkeep\n|turn|3\n|j| NicksRokaya\n|j| one eye ding zhen\n|\n|t:|1701008276\n|switch|p1a: Arcanine|Arcanine, M|100\/100\n|-ability|p1a: Arcanine|Intimidate|boost\n|-unboost|p2a: Torkoal|atk|1\n|move|p2a: Torkoal|Stealth Rock|p1a: Arcanine\n|-sidestart|p1: wqdong|move: Stealth Rock\n|\n|-weather|SunnyDay|[upkeep]\n|upkeep\n|turn|4\n|\n|t:|1701008286\n|move|p2a: Torkoal|Yawn|p1a: Arcanine\n|-start|p1a: Arcanine|move: Yawn|[of] p2a: Torkoal\n|move|p1a: Arcanine|Roar|p2a: Torkoal\n|drag|p2a: Landorus|Landorus-Therian, M|100\/100\n|-ability|p2a: Landorus|Intimidate|boost\n|-unboost|p1a: Arcanine|atk|1\n|\n|-weather|SunnyDay|[upkeep]\n|upkeep\n|turn|5\n|\n|t:|1701008294\n|switch|p1a: Alomomola|Alomomola, M|100\/100\n|-damage|p1a: Alomomola|88\/100|[from] Stealth Rock\n|move|p2a: Landorus|U-turn|p1a: Alomomola\n|-damage|p1a: Alomomola|74\/100\n|-damage|p2a: Landorus|84\/100|[from] item: Rocky Helmet|[of] p1a: Alomomola\n|\n|t:|1701008296\n|switch|p2a: Kyurem|Kyurem|18\/100|[from] U-turn\n|-ability|p2a: Kyurem|Pressure\n|\n|-weather|SunnyDay|[upkeep]\n|upkeep\n|turn|6\n|\n|t:|1701008315\n|move|p2a: Kyurem|Roost|p2a: Kyurem\n|-heal|p2a: Kyurem|68\/100\n|-singleturn|p2a: Kyurem|move: Roost\n|move|p1a: Alomomola|Flip Turn|p2a: Kyurem\n|-resisted|p2a: Kyurem\n|-crit|p2a: Kyurem\n|-damage|p2a: Kyurem|62\/100\n|\n|t:|1701008324\n|switch|p1a: Tapu Lele|Tapu Lele|100\/100|[from] Flip Turn\n|-damage|p1a: Tapu Lele|88\/100|[from] Stealth Rock\n|-fieldstart|move: Psychic Terrain|[from] ability: Psychic Surge|[of] p1a: Tapu Lele\n|\n|-weather|SunnyDay|[upkeep]\n|upkeep\n|turn|7\n|\n|t:|1701008342\n|switch|p2a: Victini|Victini|100\/100\n|move|p1a: Tapu Lele|Focus Blast|p2a: Victini\n|-resisted|p2a: Victini\n|-damage|p2a: Victini|70\/100\n|\n|-weather|SunnyDay|[upkeep]\n|upkeep\n|turn|8\n|\n|t:|1701008350\n|switch|p1a: Alomomola|Alomomola, M|100\/100\n|-damage|p1a: Alomomola|88\/100|[from] Stealth Rock\n|move|p2a: Victini|U-turn|p1a: Alomomola\n|-damage|p1a: Alomomola|75\/100\n|-damage|p2a: Victini|54\/100|[from] item: Rocky Helmet|[of] p1a: Alomomola\n|\n|t:|1701008355\n|switch|p2a: Kyurem|Kyurem|62\/100|[from] U-turn\n|-ability|p2a: Kyurem|Pressure\n|\n|-weather|SunnyDay|[upkeep]\n|upkeep\n|turn|9\n|\n|t:|1701008362\n|move|p2a: Kyurem|Freeze-Dry|p1a: Alomomola\n|-supereffective|p1a: Alomomola\n|-damage|p1a: Alomomola|0 fnt\n|faint|p1a: Alomomola\n|-damage|p2a: Kyurem|52\/100|[from] item: Life Orb\n|\n|-weather|none\n|upkeep\n|\n|t:|1701008368\n|switch|p1a: Tapu Lele|Tapu Lele|88\/100\n|-damage|p1a: Tapu Lele|76\/100|[from] Stealth Rock\n|turn|10\n|\n|t:|1701008377\n|switch|p2a: Torkoal|Torkoal, M|67\/100\n|-weather|SunnyDay|[from] ability: Drought|[of] p2a: Torkoal\n|move|p1a: Tapu Lele|Focus Blast|p2a: Torkoal|[miss]\n|-miss|p1a: Tapu Lele|p2a: Torkoal\n|\n|-weather|SunnyDay|[upkeep]\n|-fieldend|move: Psychic Terrain\n|upkeep\n|turn|11\n|\n|t:|1701008386\n|switch|p2a: Venusaur|Venusaur, M|100\/100\n|move|p1a: Tapu Lele|Focus Blast|p2a: Venusaur\n|-resisted|p2a: Venusaur\n|-damage|p2a: Venusaur|63\/100\n|\n|-weather|SunnyDay|[upkeep]\n|upkeep\n|turn|12\n|l| one eye ding zhen\n|\n|t:|1701008394\n|switch|p1a: Arcanine|Arcanine, M|100\/100\n|-ability|p1a: Arcanine|Intimidate|boost\n|-unboost|p2a: Venusaur|atk|1\n|move|p2a: Venusaur|Growth|p2a: Venusaur\n|-boost|p2a: Venusaur|atk|2\n|-boost|p2a: Venusaur|spa|2\n|\n|-weather|SunnyDay|[upkeep]\n|upkeep\n|turn|13\n|\n|t:|1701008402\n|-terastallize|p1a: Arcanine|Water\n|move|p2a: Venusaur|Earth Power|p1a: Arcanine\n|-damage|p1a: Arcanine|31\/100\n|-damage|p2a: Venusaur|53\/100|[from] item: Life Orb\n|move|p1a: Arcanine|Flare Blitz|p2a: Venusaur\n|-supereffective|p2a: Venusaur\n|-damage|p2a: Venusaur|0 fnt\n|faint|p2a: Venusaur\n|-damage|p1a: Arcanine|18\/100|[from] Recoil\n|\n|-weather|SunnyDay|[upkeep]\n|upkeep\n|\n|t:|1701008410\n|switch|p2a: Landorus|Landorus-Therian, M|84\/100\n|-ability|p2a: Landorus|Intimidate|boost\n|-unboost|p1a: Arcanine|atk|1\n|turn|14\n|\n|t:|1701008419\n|move|p2a: Landorus|Earthquake|p1a: Arcanine\n|-damage|p1a: Arcanine|0 fnt\n|faint|p1a: Arcanine\n|\n|-weather|SunnyDay|[upkeep]\n|upkeep\n|\n|t:|1701008435\n|switch|p1a: Tapu Lele|Tapu Lele|76\/100\n|-damage|p1a: Tapu Lele|63\/100|[from] Stealth Rock\n|-fieldstart|move: Psychic Terrain|[from] ability: Psychic Surge|[of] p1a: Tapu Lele\n|turn|15\n|\n|t:|1701008445\n|switch|p2a: Heatran|Heatran, M|100\/100\n|move|p1a: Tapu Lele|Focus Blast|p2a: Heatran\n|-supereffective|p2a: Heatran\n|-damage|p2a: Heatran|0 fnt\n|faint|p2a: Heatran\n|\n|-weather|SunnyDay|[upkeep]\n|upkeep\n|j| one eye ding zhen\n|\n|t:|1701008454\n|switch|p2a: Victini|Victini|54\/100\n|turn|16\n|\n|t:|1701008477\n|switch|p1a: Ogerpon|Ogerpon-Wellspring, F|100\/100\n|-damage|p1a: Ogerpon|88\/100|[from] Stealth Rock\n|move|p2a: Victini|V-create|p1a: Ogerpon\n|-damage|p1a: Ogerpon|0 fnt\n|-unboost|p2a: Victini|spe|1\n|-unboost|p2a: Victini|def|1\n|-unboost|p2a: Victini|spd|1\n|faint|p1a: Ogerpon\n|\n|-weather|SunnyDay|[upkeep]\n|upkeep\n|inactive|wqdong has 120 seconds left.\n|\n|t:|1701008509\n|switch|p1a: Tapu Lele|Tapu Lele|63\/100\n|-damage|p1a: Tapu Lele|51\/100|[from] Stealth Rock\n|turn|17\n|\n|t:|1701008514\n|switch|p2a: Landorus|Landorus-Therian, M|84\/100\n|-ability|p2a: Landorus|Intimidate|boost\n|-unboost|p1a: Tapu Lele|atk|1\n|move|p1a: Tapu Lele|Psychic|p2a: Landorus\n|-damage|p2a: Landorus|0 fnt\n|faint|p2a: Landorus\n|\n|-weather|none\n|upkeep\n|\n|t:|1701008519\n|switch|p2a: Victini|Victini|54\/100\n|turn|18\n|inactive|wqdong has 120 seconds left.\n|\n|t:|1701008530\n|switch|p1a: Bisharp|Bisharp, M|100\/100\n|-damage|p1a: Bisharp|94\/100|[from] Stealth Rock\n|move|p2a: Victini|V-create|p1a: Bisharp\n|-supereffective|p1a: Bisharp\n|-damage|p1a: Bisharp|0 fnt\n|-unboost|p2a: Victini|spe|1\n|-unboost|p2a: Victini|def|1\n|-unboost|p2a: Victini|spd|1\n|faint|p1a: Bisharp\n|\n|upkeep\n|\n|t:|1701008540\n|switch|p1a: Tapu Lele|Tapu Lele|51\/100\n|-damage|p1a: Tapu Lele|38\/100|[from] Stealth Rock\n|turn|19\n|\n|t:|1701008544\n|switch|p2a: Torkoal|Torkoal, M|67\/100\n|-weather|SunnyDay|[from] ability: Drought|[of] p2a: Torkoal\n|move|p1a: Tapu Lele|Psychic|p2a: Torkoal\n|-damage|p2a: Torkoal|0 fnt\n|faint|p2a: Torkoal\n|\n|-weather|SunnyDay|[upkeep]\n|-fieldend|move: Psychic Terrain\n|upkeep\n|\n|t:|1701008550\n|switch|p2a: Kyurem|Kyurem|52\/100\n|-ability|p2a: Kyurem|Pressure\n|turn|20\n|\n|t:|1701008556\n|move|p1a: Tapu Lele|Psychic|p2a: Kyurem\n|-damage|p2a: Kyurem|0 fnt\n|faint|p2a: Kyurem\n|\n|-weather|SunnyDay|[upkeep]\n|upkeep\n|\n|t:|1701008560\n|switch|p2a: Victini|Victini|54\/100\n|turn|21\n|\n|t:|1701008565\n|move|p2a: Victini|V-create|p1a: Tapu Lele\n|-damage|p1a: Tapu Lele|0 fnt\n|-unboost|p2a: Victini|spe|1\n|-unboost|p2a: Victini|def|1\n|-unboost|p2a: Victini|spd|1\n|faint|p1a: Tapu Lele\n|\n|win|Ackesh\n|raw|wqdong's rating: 1750 &rarr; <strong>1726<\/strong><br \/>(-24 for losing)\n|raw|Ackesh's rating: 1688 &rarr; <strong>1712<\/strong><br \/>(+24 for winning)\n","uploadtime":1701008567,"views":1,"p1id":"wqdong","p2id":"ackesh","formatid":"gen9nationaldex","rating":1712,"private":0,"password":""}