{"id":"gen9nationaldex-1994427081","p1":"alooop4","p2":"SilverFish2","format":"[Gen 9] National Dex","log":"|j|\u2606alooop4\n|j|\u2606SilverFish2\n|t:|1700442700\n|gametype|singles\n|player|p1|alooop4|lucas|1006\n|player|p2|SilverFish2|dawn|1037\n|teamsize|p1|6\n|teamsize|p2|6\n|gen|9\n|tier|[Gen 9] National Dex\n|rated|\n|rule|HP Percentage Mod: HP is shown in percentages\n|rule|Endless Battle Clause: Forcing endless battles is banned\n|rule|OHKO Clause: OHKO moves are banned\n|rule|Evasion Clause: Evasion abilities, items, and moves are banned\n|rule|Evasion Abilities Clause: Evasion abilities are banned\n|rule|Evasion Items Clause: Evasion items are banned\n|rule|Evasion Moves Clause: Evasion moves are banned\n|rule|Species Clause: Limit one of each Pok\u00e9mon\n|rule|Sleep Clause Mod: Limit one foe put to sleep\n|clearpoke\n|poke|p1|Alakazam, M|\n|poke|p1|Infernape, F|\n|poke|p1|Exploud, F|\n|poke|p1|Steelix, M|\n|poke|p1|Gliscor, M|\n|poke|p1|Raichu-Alola, M|\n|poke|p2|Ninetales-Alola, M|\n|poke|p2|Avalugg, F|\n|poke|p2|Sandslash-Alola, M|\n|poke|p2|Weavile, M|\n|poke|p2|Froslass, F|\n|poke|p2|Glaceon, F|\n|teampreview\n|\n|t:|1700442711\n|start\n|switch|p1a: Infernape|Infernape, F|100\/100\n|switch|p2a: Ninetales|Ninetales-Alola, M|100\/100\n|-weather|Snow|[from] ability: Snow Warning|[of] p2a: Ninetales\n|turn|1\n|\n|t:|1700442728\n|move|p2a: Ninetales|Aurora Veil|p2a: Ninetales\n|-sidestart|p2: SilverFish2|move: Aurora Veil\n|move|p1a: Infernape|Fire Blast|p2a: Ninetales\n|-supereffective|p2a: Ninetales\n|-damage|p2a: Ninetales|45\/100\n|\n|-weather|Snow|[upkeep]\n|upkeep\n|turn|2\n|\n|t:|1700442741\n|move|p2a: Ninetales|Blizzard|p1a: Infernape\n|-resisted|p1a: Infernape\n|-damage|p1a: Infernape|68\/100\n|move|p1a: Infernape|Fire Blast|p2a: Ninetales\n|-supereffective|p2a: Ninetales\n|-damage|p2a: Ninetales|0 fnt\n|faint|p2a: Ninetales\n|\n|-weather|Snow|[upkeep]\n|upkeep\n|\n|t:|1700442761\n|switch|p2a: Froslass|Froslass, F|100\/100\n|turn|3\n|inactive|Battle timer is ON: inactive players will automatically lose when time's up. (requested by SilverFish2)\n|\n|t:|1700442773\n|move|p2a: Froslass|Thunder Wave|p1a: Infernape\n|-status|p1a: Infernape|par\n|-zpower|p1a: Infernape\n|move|p1a: Infernape|All-Out Pummeling|p2a: Froslass|[zeffect]\n|-immune|p2a: Froslass\n|\n|-weather|Snow|[upkeep]\n|upkeep\n|turn|4\n|\n|t:|1700442786\n|move|p2a: Froslass|Hex|p1a: Infernape\n|-damage|p1a: Infernape|0 fnt\n|faint|p1a: Infernape\n|\n|-weather|Snow|[upkeep]\n|upkeep\n|\n|t:|1700442794\n|switch|p1a: Alakazam|Alakazam, M|100\/100\n|turn|5\n|\n|t:|1700442807\n|move|p2a: Froslass|Hex|p1a: Alakazam\n|-supereffective|p1a: Alakazam\n|-damage|p1a: Alakazam|46\/100\n|move|p1a: Alakazam|Psychic|p2a: Froslass\n|-damage|p2a: Froslass|63\/100\n|-start|p1a: Alakazam|Disable|Psychic|[from] ability: Cursed Body|[of] p2a: Froslass\n|\n|-weather|Snow|[upkeep]\n|-sideend|p2: SilverFish2|move: Aurora Veil\n|upkeep\n|turn|6\n|\n|t:|1700442829\n|switch|p1a: Darius|Raichu-Alola, M, shiny|100\/100\n|move|p2a: Froslass|Hex|p1a: Darius\n|-supereffective|p1a: Darius\n|-damage|p1a: Darius|26\/100\n|\n|-weather|Snow|[upkeep]\n|-heal|p1a: Darius|32\/100|[from] item: Leftovers\n|upkeep\n|turn|7\n|\n|t:|1700442846\n|move|p2a: Froslass|Hex|p1a: Darius\n|-supereffective|p1a: Darius\n|-damage|p1a: Darius|0 fnt\n|faint|p1a: Darius\n|\n|-weather|Snow|[upkeep]\n|upkeep\n|\n|t:|1700442852\n|switch|p1a: Exploud|Exploud, F|100\/100\n|turn|8\n|\n|t:|1700442860\n|move|p2a: Froslass|Thunder Wave|p1a: Exploud\n|-status|p1a: Exploud|par\n|move|p1a: Exploud|Boomburst|p2a: Froslass\n|-damage|p2a: Froslass|0 fnt\n|-start|p1a: Exploud|Disable|Boomburst|[from] ability: Cursed Body|[of] p2a: Froslass\n|faint|p2a: Froslass\n|\n|-weather|none\n|upkeep\n|\n|t:|1700442878\n|switch|p2a: Glaceon|Glaceon, F, shiny|100\/100\n|turn|9\n|-message|alooop4 forfeited.\n|\n|win|SilverFish2\n|raw|alooop4's rating: 1006 &rarr; <strong>1000<\/strong><br \/>(-6 for losing)\n|raw|SilverFish2's rating: 1037 &rarr; <strong>1068<\/strong><br \/>(+31 for winning)\n|l|\u2606alooop4\n","uploadtime":1700442888,"views":20,"p1id":"alooop4","p2id":"silverfish2","formatid":"gen9nationaldex","rating":1000,"private":0,"password":""}