{"id":"gen9nationaldex-1998864479","p1":"supersiomai","p2":"Honesttt","format":"[Gen 9] National Dex","log":"|html|<div class=\"broadcast-blue\"><strong>[Gen 9] National Dex is currently suspecting Sneasler! For information on how to participate check out the <a href=\"https:\/\/www.smogon.com\/forums\/threads\/sv-national-dex-suspect-8-just-dance.3731534\/\">suspect thread<\/a>.<\/strong><\/div>\n|j|\u2606supersiomai\n|j|\u203dHonesttt\n|t:|1701005302\n|gametype|singles\n|player|p1|supersiomai|lady-gen4|\n|player|p2|Honesttt|veteran|\n|teamsize|p1|6\n|teamsize|p2|6\n|gen|9\n|tier|[Gen 9] National Dex\n|rule|HP Percentage Mod: HP is shown in percentages\n|rule|Endless Battle Clause: Forcing endless battles is banned\n|rule|OHKO Clause: OHKO moves are banned\n|rule|Evasion Clause: Evasion abilities, items, and moves are banned\n|rule|Evasion Abilities Clause: Evasion abilities are banned\n|rule|Evasion Items Clause: Evasion items are banned\n|rule|Evasion Moves Clause: Evasion moves are banned\n|rule|Species Clause: Limit one of each Pok\u00e9mon\n|rule|Sleep Clause Mod: Limit one foe put to sleep\n|clearpoke\n|poke|p1|Milotic, F|\n|poke|p1|Roserade, F|\n|poke|p1|Swanna, F|\n|poke|p1|Lopunny, F|\n|poke|p1|Delphox, F|\n|poke|p1|Gardevoir, F|\n|poke|p2|Tinkaton, F|\n|poke|p2|Frosmoth, F|\n|poke|p2|Aurorus, F|\n|poke|p2|Froslass, F|\n|poke|p2|Jynx, F|\n|poke|p2|Ninetales-Alola, F|\n|teampreview\n|\n|t:|1701005317\n|start\n|switch|p1a: Roserade|Roserade, F|100\/100\n|switch|p2a: Froslass|Froslass, F|100\/100\n|turn|1\n|\n|t:|1701005328\n|switch|p2a: Ninetales|Ninetales-Alola, F|100\/100\n|-weather|Snow|[from] ability: Snow Warning|[of] p2a: Ninetales\n|move|p1a: Roserade|Sludge Bomb|p2a: Ninetales\n|-supereffective|p2a: Ninetales\n|-damage|p2a: Ninetales|0 fnt\n|faint|p2a: Ninetales\n|-damage|p1a: Roserade|91\/100|[from] item: Life Orb\n|\n|-weather|Snow|[upkeep]\n|upkeep\n|\n|t:|1701005347\n|switch|p2a: Frosmoth|Frosmoth, F|100\/100\n|turn|2\n|\n|t:|1701005376\n|switch|p1a: Swanna|Swanna, F, shiny|100\/100\n|move|p2a: Frosmoth|Quiver Dance|p2a: Frosmoth\n|-boost|p2a: Frosmoth|spa|1\n|-boost|p2a: Frosmoth|spd|1\n|-boost|p2a: Frosmoth|spe|1\n|\n|-weather|Snow|[upkeep]\n|upkeep\n|turn|3\n|\n|t:|1701005385\n|move|p2a: Frosmoth|Aurora Veil|p2a: Frosmoth\n|-sidestart|p2: Honesttt|move: Aurora Veil\n|move|p1a: Swanna|Knock Off|p2a: Frosmoth\n|-damage|p2a: Frosmoth|91\/100\n|-enditem|p2a: Frosmoth|Leftovers|[from] move: Knock Off|[of] p1a: Swanna\n|\n|-weather|Snow|[upkeep]\n|upkeep\n|turn|4\n|\n|t:|1701005396\n|switch|p1a: Delphox|Delphox, F|100\/100\n|move|p2a: Frosmoth|Quiver Dance|p2a: Frosmoth\n|-boost|p2a: Frosmoth|spa|1\n|-boost|p2a: Frosmoth|spd|1\n|-boost|p2a: Frosmoth|spe|1\n|\n|-weather|Snow|[upkeep]\n|upkeep\n|turn|5\n|\n|t:|1701005407\n|-terastallize|p2a: Frosmoth|Ice\n|move|p2a: Frosmoth|Blizzard|p1a: Delphox\n|-resisted|p1a: Delphox\n|-damage|p1a: Delphox|50\/100\n|move|p1a: Delphox|Flamethrower|p2a: Frosmoth\n|-supereffective|p2a: Frosmoth\n|-damage|p2a: Frosmoth|78\/100\n|\n|-weather|Snow|[upkeep]\n|upkeep\n|turn|6\n|\n|t:|1701005420\n|-terastallize|p1a: Delphox|Fire\n|move|p2a: Frosmoth|Blizzard|p1a: Delphox\n|-resisted|p1a: Delphox\n|-damage|p1a: Delphox|0 fnt\n|faint|p1a: Delphox\n|\n|-weather|Snow|[upkeep]\n|upkeep\n|\n|t:|1701005430\n|switch|p1a: Gardevoir|Gardevoir, F|100\/100\n|turn|7\n|\n|t:|1701005437\n|move|p2a: Frosmoth|Bug Buzz|p1a: Gardevoir\n|-damage|p1a: Gardevoir|14\/100\n|move|p1a: Gardevoir|Light Screen|p1a: Gardevoir\n|-sidestart|p1: supersiomai|move: Light Screen\n|\n|-weather|Snow|[upkeep]\n|-sideend|p2: Honesttt|move: Aurora Veil\n|upkeep\n|turn|8\n|\n|t:|1701005446\n|move|p2a: Frosmoth|Bug Buzz|p1a: Gardevoir\n|-damage|p1a: Gardevoir|0 fnt\n|faint|p1a: Gardevoir\n|\n|-weather|none\n|upkeep\n|\n|t:|1701005452\n|switch|p1a: Lopunny|Lopunny, F, shiny|100\/100\n|turn|9\n|\n|t:|1701005458\n|move|p1a: Lopunny|Fake Out|p2a: Frosmoth\n|-damage|p2a: Frosmoth|61\/100\n|cant|p2a: Frosmoth|flinch\n|\n|upkeep\n|turn|10\n|\n|t:|1701005469\n|move|p2a: Frosmoth|Bug Buzz|p1a: Lopunny\n|-damage|p1a: Lopunny|64\/100\n|move|p1a: Lopunny|Circle Throw|p2a: Frosmoth\n|-supereffective|p2a: Frosmoth\n|-damage|p2a: Frosmoth|24\/100\n|drag|p2a: Froslass|Froslass, F|100\/100\n|\n|-heal|p1a: Lopunny|70\/100|[from] item: Leftovers\n|upkeep\n|turn|11\n|\n|t:|1701005486\n|move|p2a: Froslass|Will-O-Wisp|p1a: Lopunny|[miss]\n|-miss|p2a: Froslass|p1a: Lopunny\n|move|p1a: Lopunny|Drain Punch|p2a: Froslass\n|-immune|p2a: Froslass\n|\n|-heal|p1a: Lopunny|76\/100|[from] item: Leftovers\n|-sideend|p1: supersiomai|move: Light Screen\n|upkeep\n|turn|12\n|\n|t:|1701005496\n|move|p2a: Froslass|Will-O-Wisp|p1a: Lopunny\n|-status|p1a: Lopunny|brn\n|move|p1a: Lopunny|U-turn|p2a: Froslass\n|-resisted|p2a: Froslass\n|-damage|p2a: Froslass|94\/100\n|\n|t:|1701005504\n|switch|p1a: Milotic|Milotic, F|100\/100|[from] U-turn\n|\n|upkeep\n|turn|13\n|\n|t:|1701005527\n|move|p1a: Milotic|Scald|p2a: Froslass\n|-damage|p2a: Froslass|21\/100\n|-start|p1a: Milotic|Disable|Scald|[from] ability: Cursed Body|[of] p2a: Froslass\n|move|p2a: Froslass|Toxic|p1a: Milotic\n|-status|p1a: Milotic|tox\n|\n|-damage|p1a: Milotic|94\/100 tox|[from] psn\n|upkeep\n|turn|14\n|\n|t:|1701005557\n|switch|p1a: Roserade|Roserade, F|91\/100\n|move|p2a: Froslass|Shadow Ball|p1a: Roserade\n|-damage|p1a: Roserade|59\/100\n|-unboost|p1a: Roserade|spd|1\n|\n|upkeep\n|turn|15\n|\n|t:|1701005567\n|move|p2a: Froslass|Blizzard|p1a: Roserade\n|-supereffective|p1a: Roserade\n|-crit|p1a: Roserade\n|-damage|p1a: Roserade|0 fnt\n|faint|p1a: Roserade\n|\n|upkeep\n|\n|t:|1701005574\n|switch|p1a: Swanna|Swanna, F, shiny|100\/100\n|turn|16\n|\n|t:|1701005578\n|move|p2a: Froslass|Toxic|p1a: Swanna\n|-status|p1a: Swanna|tox\n|move|p1a: Swanna|Knock Off|p2a: Froslass\n|-supereffective|p2a: Froslass\n|-damage|p2a: Froslass|0 fnt\n|-enditem|p2a: Froslass|Focus Sash|[from] move: Knock Off|[of] p1a: Swanna\n|faint|p2a: Froslass\n|\n|-damage|p1a: Swanna|94\/100 tox|[from] psn\n|upkeep\n|\n|t:|1701005590\n|switch|p2a: Aurorus|Aurorus, F, shiny|100\/100\n|-weather|Snow|[from] ability: Snow Warning|[of] p2a: Aurorus\n|turn|17\n|\n|t:|1701005597\n|move|p1a: Swanna|Knock Off|p2a: Aurorus\n|-damage|p2a: Aurorus|85\/100\n|-enditem|p2a: Aurorus|Assault Vest|[from] move: Knock Off|[of] p1a: Swanna\n|move|p2a: Aurorus|Ancient Power|p1a: Swanna\n|-supereffective|p1a: Swanna\n|-damage|p1a: Swanna|15\/100 tox\n|\n|-weather|Snow|[upkeep]\n|-damage|p1a: Swanna|2\/100 tox|[from] psn\n|upkeep\n|turn|18\n|\n|t:|1701005610\n|move|p1a: Swanna|Aqua Jet|p2a: Aurorus\n|-supereffective|p2a: Aurorus\n|-damage|p2a: Aurorus|65\/100\n|move|p2a: Aurorus|Freeze-Dry|p1a: Swanna\n|-supereffective|p1a: Swanna\n|-damage|p1a: Swanna|0 fnt\n|faint|p1a: Swanna\n|\n|-weather|Snow|[upkeep]\n|upkeep\n|\n|t:|1701005619\n|switch|p1a: Milotic|Milotic, F|94\/100 tox\n|turn|19\n|\n|t:|1701005634\n|switch|p2a: Jynx|Jynx, F, shiny|100\/100\n|move|p1a: Milotic|Protect||[still]\n|-fail|p1a: Milotic\n|\n|-weather|Snow|[upkeep]\n|-damage|p1a: Milotic|88\/100 tox|[from] psn\n|upkeep\n|turn|20\n|\n|t:|1701005643\n|switch|p1a: Lopunny|Lopunny, F, shiny|76\/100 brn\n|move|p2a: Jynx|Energy Ball|p1a: Lopunny\n|-damage|p1a: Lopunny|42\/100 brn\n|-unboost|p1a: Lopunny|spd|1\n|\n|-weather|Snow|[upkeep]\n|-heal|p1a: Lopunny|48\/100 brn|[from] item: Leftovers\n|-damage|p1a: Lopunny|42\/100 brn|[from] brn\n|upkeep\n|turn|21\n|\n|t:|1701005654\n|move|p1a: Lopunny|Fake Out|p2a: Jynx\n|-damage|p2a: Jynx|93\/100\n|cant|p2a: Jynx|flinch\n|\n|-weather|none\n|-heal|p1a: Lopunny|48\/100 brn|[from] item: Leftovers\n|-damage|p1a: Lopunny|42\/100 brn|[from] brn\n|upkeep\n|turn|22\n|\n|t:|1701005666\n|move|p1a: Lopunny|Drain Punch|p2a: Jynx\n|-damage|p2a: Jynx|78\/100\n|-heal|p1a: Lopunny|50\/100 brn|[from] drain|[of] p2a: Jynx\n|move|p2a: Jynx|Energy Ball|p1a: Lopunny\n|-damage|p1a: Lopunny|0 fnt\n|faint|p1a: Lopunny\n|\n|upkeep\n|\n|t:|1701005673\n|switch|p1a: Milotic|Milotic, F|88\/100 tox\n|turn|23\n|\n|t:|1701005690\n|move|p1a: Milotic|Scald|p2a: Jynx\n|-heal|p2a: Jynx|100\/100|[from] ability: Dry Skin|[of] p1a: Milotic\n|move|p2a: Jynx|Energy Ball|p1a: Milotic\n|-supereffective|p1a: Milotic\n|-damage|p1a: Milotic|33\/100 tox\n|\n|-damage|p1a: Milotic|27\/100 tox|[from] psn\n|upkeep\n|turn|24\n|-message|supersiomai forfeited.\n|\n|win|Honesttt\n|l|\u2606supersiomai\n","uploadtime":1701005704,"views":4,"p1id":"supersiomai","p2id":"honesttt","formatid":"gen9nationaldex","rating":0,"private":0,"password":""}