{"id":"gen9nationaldex-2000032653","p1":"xenziiii","p2":"koyi1992","format":"[Gen 9] National Dex","log":"|html|<div class=\"broadcast-blue\"><strong>[Gen 9] National Dex is currently suspecting Sneasler! For information on how to participate check out the <a href=\"https:\/\/www.smogon.com\/forums\/threads\/sv-national-dex-suspect-8-just-dance.3731534\/\">suspect thread<\/a>.<\/strong><\/div>\n|j|\u2606xenziiii\n|j|\u2606koyi1992\n|t:|1701143671\n|gametype|singles\n|player|p1|xenziiii|cynthia-gen7|1468\n|player|p2|koyi1992|2|1511\n|teamsize|p1|6\n|teamsize|p2|6\n|gen|9\n|tier|[Gen 9] National Dex\n|rated|\n|rule|HP Percentage Mod: HP is shown in percentages\n|rule|Endless Battle Clause: Forcing endless battles is banned\n|rule|OHKO Clause: OHKO moves are banned\n|rule|Evasion Clause: Evasion abilities, items, and moves are banned\n|rule|Evasion Abilities Clause: Evasion abilities are banned\n|rule|Evasion Items Clause: Evasion items are banned\n|rule|Evasion Moves Clause: Evasion moves are banned\n|rule|Species Clause: Limit one of each Pok\u00e9mon\n|rule|Sleep Clause Mod: Limit one foe put to sleep\n|clearpoke\n|poke|p1|Pinsir, F|\n|poke|p1|Rotom-Wash|\n|poke|p1|Great Tusk|\n|poke|p1|Heatran, M|\n|poke|p1|Kartana|\n|poke|p1|Porygon-Z|\n|poke|p2|Indeedee, M|\n|poke|p2|Hatterene, F|\n|poke|p2|Galvantula, M|\n|poke|p2|Empoleon, M|\n|poke|p2|Sneasler, F|\n|poke|p2|Banette, F|\n|teampreview\n|\n|t:|1701143675\n|start\n|switch|p1a: Porygon-Z|Porygon-Z|100\/100\n|switch|p2a: Galvantula|Galvantula, M|100\/100\n|turn|1\n|inactive|Battle timer is ON: inactive players will automatically lose when time's up. (requested by koyi1992)\n|\n|t:|1701143678\n|move|p2a: Galvantula|Sticky Web|p1a: Porygon-Z\n|-sidestart|p1: xenziiii|move: Sticky Web\n|-zpower|p1a: Porygon-Z\n|move|p1a: Porygon-Z|Z-Conversion|p1a: Porygon-Z|[anim]Conversion\n|-boost|p1a: Porygon-Z|atk|1|[zeffect]\n|-boost|p1a: Porygon-Z|def|1|[zeffect]\n|-boost|p1a: Porygon-Z|spa|1|[zeffect]\n|-boost|p1a: Porygon-Z|spd|1|[zeffect]\n|-boost|p1a: Porygon-Z|spe|1|[zeffect]\n|-start|p1a: Porygon-Z|typechange|Electric\n|\n|upkeep\n|turn|2\n|\n|t:|1701143689\n|move|p1a: Porygon-Z|Hidden Power|p2a: Galvantula\n|-supereffective|p2a: Galvantula\n|-enditem|p2a: Galvantula|Focus Sash\n|-damage|p2a: Galvantula|1\/100\n|move|p2a: Galvantula|Thunder Wave|p1a: Porygon-Z\n|-immune|p1a: Porygon-Z\n|\n|upkeep\n|turn|3\n|\n|t:|1701143692\n|move|p1a: Porygon-Z|Hidden Power|p2a: Galvantula\n|-supereffective|p2a: Galvantula\n|-damage|p2a: Galvantula|0 fnt\n|faint|p2a: Galvantula\n|\n|upkeep\n|\n|t:|1701143699\n|switch|p2a: Hatterene|Hatterene, F|100\/100\n|turn|4\n|\n|t:|1701143704\n|move|p1a: Porygon-Z|Thunderbolt|p2a: Hatterene\n|-damage|p2a: Hatterene|4\/100\n|-enditem|p2a: Hatterene|Eject Button\n|\n|t:|1701143709\n|switch|p2a: Banette|Banette, F|100\/100\n|\n|upkeep\n|turn|5\n|\n|t:|1701143715\n|detailschange|p2a: Banette|Banette-Mega, F\n|-mega|p2a: Banette|Banette|Banettite\n|move|p2a: Banette|Destiny Bond|p2a: Banette\n|-singlemove|p2a: Banette|Destiny Bond\n|move|p1a: Porygon-Z|Thunderbolt|p2a: Banette\n|-damage|p2a: Banette|0 fnt\n|faint|p2a: Banette\n|-activate|p2a: Banette|move: Destiny Bond\n|faint|p1a: Porygon-Z\n|\n|upkeep\n|\n|t:|1701143723\n|switch|p1a: Rotom|Rotom-Wash|100\/100\n|switch|p2a: \u771f\u8776\u8776|Indeedee, M|100\/100\n|-fieldstart|move: Psychic Terrain|[from] ability: Psychic Surge|[of] p2a: \u771f\u8776\u8776\n|turn|6\n|\n|t:|1701143728\n|-terastallize|p2a: \u771f\u8776\u8776|Psychic\n|move|p2a: \u771f\u8776\u8776|Expanding Force|p1a: Rotom\n|-damage|p1a: Rotom|0 fnt\n|faint|p1a: Rotom\n|\n|upkeep\n|\n|t:|1701143732\n|switch|p1a: Heatran|Heatran, M|100\/100\n|-activate|p1a: Heatran|move: Sticky Web\n|-unboost|p1a: Heatran|spe|1\n|turn|7\n|\n|t:|1701143742\n|switch|p2a: Hatterene|Hatterene, F|4\/100\n|move|p1a: Heatran|Toxic|p2a: Hatterene\n|move|p2a: Hatterene|Toxic|p1a: Heatran|[from]ability: Magic Bounce\n|-immune|p1a: Heatran\n|\n|upkeep\n|turn|8\n|\n|t:|1701143752\n|move|p1a: Heatran|Flash Cannon|p2a: Hatterene\n|-supereffective|p2a: Hatterene\n|-damage|p2a: Hatterene|0 fnt\n|faint|p2a: Hatterene\n|\n|upkeep\n|\n|t:|1701143755\n|switch|p2a: Sneasler|Sneasler, F|100\/100\n|-enditem|p2a: Sneasler|Psychic Seed\n|-boost|p2a: Sneasler|spd|1|[from] item: Psychic Seed\n|turn|9\n|\n|t:|1701143770\n|-terastallize|p1a: Heatran|Grass\n|move|p2a: Sneasler|Swords Dance|p2a: Sneasler\n|-boost|p2a: Sneasler|atk|2\n|move|p1a: Heatran|Earth Power|p2a: Sneasler\n|-supereffective|p2a: Sneasler\n|-damage|p2a: Sneasler|39\/100\n|\n|upkeep\n|turn|10\n|\n|t:|1701143776\n|move|p2a: Sneasler|Acrobatics|p1a: Heatran\n|-supereffective|p1a: Heatran\n|-damage|p1a: Heatran|0 fnt\n|faint|p1a: Heatran\n|\n|-fieldend|move: Psychic Terrain\n|upkeep\n|\n|t:|1701143780\n|switch|p1a: Pinsir|Pinsir, F|100\/100\n|-activate|p1a: Pinsir|move: Sticky Web\n|-unboost|p1a: Pinsir|spe|1\n|turn|11\n|\n|t:|1701143785\n|switch|p2a: \u771f\u8776\u8776|Indeedee, M, tera:Psychic|100\/100\n|-fieldstart|move: Psychic Terrain|[from] ability: Psychic Surge|[of] p2a: \u771f\u8776\u8776\n|detailschange|p1a: Pinsir|Pinsir-Mega, F\n|-mega|p1a: Pinsir|Pinsir|Pinsirite\n|move|p1a: Pinsir|Quick Attack|p2a: \u771f\u8776\u8776\n|-activate|p2a: \u771f\u8776\u8776|move: Psychic Terrain\n|\n|upkeep\n|turn|12\n|\n|t:|1701143810\n|switch|p1a: Great Tusk|Great Tusk|100\/100\n|-activate|p1a: Great Tusk|move: Sticky Web\n|-unboost|p1a: Great Tusk|spe|1\n|-enditem|p1a: Great Tusk|Booster Energy\n|-activate|p1a: Great Tusk|ability: Protosynthesis|[fromitem]\n|-start|p1a: Great Tusk|protosynthesisatk\n|move|p2a: \u771f\u8776\u8776|Mystical Fire|p1a: Great Tusk\n|-damage|p1a: Great Tusk|53\/100\n|-unboost|p1a: Great Tusk|spa|1\n|\n|upkeep\n|turn|13\n|\n|t:|1701143827\n|switch|p2a: Sneasler|Sneasler, F|39\/100\n|move|p1a: Great Tusk|Rapid Spin|p2a: Sneasler\n|-damage|p2a: Sneasler|1\/100\n|-boost|p1a: Great Tusk|spe|1\n|-sideend|p1: xenziiii|Sticky Web|[from] move: Rapid Spin|[of] p1a: Great Tusk\n|\n|upkeep\n|turn|14\n|\n|t:|1701143832\n|move|p2a: Sneasler|Acrobatics|p1a: Great Tusk\n|-supereffective|p1a: Great Tusk\n|-damage|p1a: Great Tusk|1\/100\n|move|p1a: Great Tusk|Rapid Spin|p2a: Sneasler\n|-damage|p2a: Sneasler|0 fnt\n|-boost|p1a: Great Tusk|spe|1\n|faint|p2a: Sneasler\n|\n|upkeep\n|\n|t:|1701143838\n|switch|p2a: \u771f\u8776\u8776|Indeedee, M, tera:Psychic|100\/100\n|turn|15\n|\n|t:|1701143841\n|move|p1a: Great Tusk|Headlong Rush|p2a: \u771f\u8776\u8776\n|-damage|p2a: \u771f\u8776\u8776|0 fnt\n|-unboost|p1a: Great Tusk|def|1\n|-unboost|p1a: Great Tusk|spd|1\n|faint|p2a: \u771f\u8776\u8776\n|\n|-fieldend|move: Psychic Terrain\n|upkeep\n|-message|koyi1992 forfeited.\n|\n|win|xenziiii\n|raw|xenziiii's rating: 1468 &rarr; <strong>1490<\/strong><br \/>(+22 for winning)\n|raw|koyi1992's rating: 1511 &rarr; <strong>1489<\/strong><br \/>(-22 for losing)\n|l|\u2606koyi1992\n","uploadtime":1701143858,"views":2,"p1id":"xenziiii","p2id":"koyi1992","formatid":"gen9nationaldex","rating":1489,"private":0,"password":""}