{"id":"gen9nationaldex-1989501677","p1":"Cutu boy","p2":"Magig64","format":"[Gen 9] National Dex","log":"|j|\u2606Cutu boy\n|j|\u2606Magig64\n|t:|1699861493\n|gametype|singles\n|player|p1|Cutu boy|giovanni|1122\n|player|p2|Magig64|barry|1043\n|teamsize|p1|6\n|teamsize|p2|6\n|gen|9\n|tier|[Gen 9] National Dex\n|rated|\n|rule|HP Percentage Mod: HP is shown in percentages\n|rule|Endless Battle Clause: Forcing endless battles is banned\n|rule|OHKO Clause: OHKO moves are banned\n|rule|Evasion Clause: Evasion abilities, items, and moves are banned\n|rule|Evasion Abilities Clause: Evasion abilities are banned\n|rule|Evasion Items Clause: Evasion items are banned\n|rule|Evasion Moves Clause: Evasion moves are banned\n|rule|Species Clause: Limit one of each Pok\u00e9mon\n|rule|Sleep Clause Mod: Limit one foe put to sleep\n|clearpoke\n|poke|p1|Deoxys-Defense|\n|poke|p1|Ferrothorn, F|\n|poke|p1|Heatran, M|\n|poke|p1|Landorus-Therian, M|\n|poke|p1|Tapu Fini|\n|poke|p1|Latias, F|\n|poke|p2|Samurott-Hisui, M|\n|poke|p2|Beedrill, F|\n|poke|p2|Lilligant-Hisui, F|\n|poke|p2|Marowak-Alola, F|\n|poke|p2|Boltund, F|\n|poke|p2|Klefki, M|\n|teampreview\n|\n|t:|1699861511\n|start\n|switch|p1a: Deoxys|Deoxys-Defense|100\/100\n|switch|p2a: Klefki|Klefki, M|100\/100\n|-ability|p1a: Deoxys|Pressure\n|turn|1\n|\n|t:|1699861523\n|move|p2a: Klefki|Light Screen|p2a: Klefki\n|-sidestart|p2: Magig64|move: Light Screen\n|move|p1a: Deoxys|Stealth Rock|p2a: Klefki\n|-sidestart|p2: Magig64|move: Stealth Rock\n|\n|upkeep\n|turn|2\n|\n|t:|1699861530\n|move|p2a: Klefki|Reflect|p2a: Klefki\n|-sidestart|p2: Magig64|Reflect\n|move|p1a: Deoxys|Cosmic Power|p1a: Deoxys\n|-boost|p1a: Deoxys|def|1\n|-boost|p1a: Deoxys|spd|1\n|\n|upkeep\n|turn|3\n|\n|t:|1699861537\n|move|p2a: Klefki|Toxic|p1a: Deoxys\n|-status|p1a: Deoxys|tox\n|move|p1a: Deoxys|Night Shade|p2a: Klefki\n|-damage|p2a: Klefki|66\/100\n|\n|-damage|p1a: Deoxys|94\/100 tox|[from] psn\n|upkeep\n|turn|4\n|\n|t:|1699861551\n|switch|p2a: Samurott|Samurott-Hisui, M|100\/100\n|-damage|p2a: Samurott|88\/100|[from] Stealth Rock\n|move|p1a: Deoxys|Night Shade|p2a: Samurott\n|-damage|p2a: Samurott|57\/100\n|\n|-heal|p1a: Deoxys|100\/100 tox|[from] item: Leftovers\n|-damage|p1a: Deoxys|88\/100 tox|[from] psn\n|upkeep\n|turn|5\n|\n|t:|1699861563\n|move|p2a: Samurott|Swords Dance|p2a: Samurott\n|-boost|p2a: Samurott|atk|2\n|move|p1a: Deoxys|Night Shade|p2a: Samurott\n|-damage|p2a: Samurott|26\/100\n|\n|-heal|p1a: Deoxys|94\/100 tox|[from] item: Leftovers\n|-damage|p1a: Deoxys|75\/100 tox|[from] psn\n|upkeep\n|turn|6\n|\n|t:|1699861574\n|move|p2a: Samurott|Ceaseless Edge|p1a: Deoxys\n|-supereffective|p1a: Deoxys\n|-damage|p1a: Deoxys|0 fnt\n|-sidestart|p1: Cutu boy|Spikes\n|faint|p1a: Deoxys\n|\n|upkeep\n|\n|t:|1699861598\n|switch|p1a: Tapu Fini|Tapu Fini|100\/100\n|-damage|p1a: Tapu Fini|88\/100|[from] Spikes\n|-fieldstart|move: Misty Terrain|[from] ability: Misty Surge|[of] p1a: Tapu Fini\n|turn|7\n|\n|t:|1699861609\n|move|p2a: Samurott|Sucker Punch|p1a: Tapu Fini\n|-resisted|p1a: Tapu Fini\n|-damage|p1a: Tapu Fini|58\/100\n|move|p1a: Tapu Fini|Moonblast|p2a: Samurott\n|-supereffective|p2a: Samurott\n|-damage|p2a: Samurott|0 fnt\n|faint|p2a: Samurott\n|\n|upkeep\n|\n|t:|1699861626\n|switch|p2a: Boltund|Boltund, F|100\/100\n|-damage|p2a: Boltund|88\/100|[from] Stealth Rock\n|turn|8\n|\n|t:|1699861639\n|switch|p1a: Landorus|Landorus-Therian, M|100\/100\n|-ability|p1a: Landorus|Intimidate|boost\n|-unboost|p2a: Boltund|atk|1\n|move|p2a: Boltund|Thunder Fang|p1a: Landorus\n|-immune|p1a: Landorus\n|\n|-sideend|p2: Magig64|move: Light Screen\n|upkeep\n|turn|9\n|\n|t:|1699861658\n|switch|p2a: Beedrill|Beedrill, F|100\/100\n|-damage|p2a: Beedrill|76\/100|[from] Stealth Rock\n|move|p1a: Landorus|Earthquake|p2a: Beedrill\n|-damage|p2a: Beedrill|35\/100\n|\n|-sideend|p2: Magig64|Reflect\n|upkeep\n|turn|10\n|\n|t:|1699861678\n|detailschange|p2a: Beedrill|Beedrill-Mega, F\n|-mega|p2a: Beedrill|Beedrill|Beedrillite\n|move|p2a: Beedrill|U-turn|p1a: Landorus\n|-resisted|p1a: Landorus\n|-damage|p1a: Landorus|84\/100\n|-damage|p2a: Beedrill|18\/100|[from] item: Rocky Helmet|[of] p1a: Landorus\n|\n|t:|1699861692\n|switch|p2a: Klefki|Klefki, M|66\/100|[from] U-turn\n|-damage|p2a: Klefki|60\/100|[from] Stealth Rock\n|move|p1a: Landorus|Earthquake|p2a: Klefki\n|-supereffective|p2a: Klefki\n|-damage|p2a: Klefki|0 fnt\n|faint|p2a: Klefki\n|\n|upkeep\n|\n|t:|1699861706\n|switch|p2a: Lilligant|Lilligant-Hisui, F, shiny|100\/100\n|-damage|p2a: Lilligant|94\/100|[from] Stealth Rock\n|turn|11\n|\n|t:|1699861729\n|switch|p1a: Heatran|Heatran, M|100\/100\n|-damage|p1a: Heatran|88\/100|[from] Spikes\n|-terastallize|p2a: Lilligant|Flying\n|move|p2a: Lilligant|Trailblaze|p1a: Heatran\n|-resisted|p1a: Heatran\n|-damage|p1a: Heatran|82\/100\n|-boost|p2a: Lilligant|spe|1\n|\n|-fieldend|Misty Terrain\n|upkeep\n|turn|12\n|\n|t:|1699861752\n|move|p2a: Lilligant|Axe Kick|p1a: Heatran\n|-supereffective|p1a: Heatran\n|-damage|p1a: Heatran|0 fnt\n|faint|p1a: Heatran\n|\n|upkeep\n|\n|t:|1699861772\n|switch|p1a: Tapu Fini|Tapu Fini|58\/100\n|-damage|p1a: Tapu Fini|46\/100|[from] Spikes\n|-fieldstart|move: Misty Terrain|[from] ability: Misty Surge|[of] p1a: Tapu Fini\n|turn|13\n|\n|t:|1699861779\n|move|p2a: Lilligant|Victory Dance|p2a: Lilligant\n|-boost|p2a: Lilligant|atk|1\n|-boost|p2a: Lilligant|def|1\n|-boost|p2a: Lilligant|spe|1\n|move|p1a: Tapu Fini|Hydro Pump|p2a: Lilligant\n|-damage|p2a: Lilligant|52\/100\n|\n|upkeep\n|turn|14\n|\n|t:|1699861788\n|-terastallize|p1a: Tapu Fini|Water\n|move|p2a: Lilligant|Trailblaze|p1a: Tapu Fini\n|-supereffective|p1a: Tapu Fini\n|-damage|p1a: Tapu Fini|0 fnt\n|-boost|p2a: Lilligant|spe|1\n|faint|p1a: Tapu Fini\n|\n|upkeep\n|\n|t:|1699861797\n|switch|p1a: Ferrothorn|Ferrothorn, F|100\/100\n|-damage|p1a: Ferrothorn|88\/100|[from] Spikes\n|turn|15\n|\n|t:|1699861808\n|move|p2a: Lilligant|Axe Kick|p1a: Ferrothorn\n|-supereffective|p1a: Ferrothorn\n|-damage|p1a: Ferrothorn|0 fnt\n|-damage|p2a: Lilligant|39\/100|[from] ability: Iron Barbs|[of] p1a: Ferrothorn\n|faint|p1a: Ferrothorn\n|\n|upkeep\n|\n|t:|1699861815\n|switch|p1a: Latias|Latias, F, shiny|100\/100\n|turn|16\n|\n|t:|1699861823\n|detailschange|p1a: Latias|Latias-Mega, F, shiny\n|-mega|p1a: Latias|Latias|Latiasite\n|move|p2a: Lilligant|Aerial Ace|p1a: Latias\n|-damage|p1a: Latias|65\/100\n|move|p1a: Latias|Psyshock|p2a: Lilligant\n|-damage|p2a: Lilligant|6\/100\n|\n|upkeep\n|turn|17\n|\n|t:|1699861836\n|move|p2a: Lilligant|Axe Kick|p1a: Latias\n|-resisted|p1a: Latias\n|-damage|p1a: Latias|23\/100\n|move|p1a: Latias|Psyshock|p2a: Lilligant\n|-damage|p2a: Lilligant|0 fnt\n|faint|p2a: Lilligant\n|\n|-fieldend|Misty Terrain\n|upkeep\n|\n|t:|1699861849\n|switch|p2a: Beedrill|Beedrill-Mega, F|18\/100\n|-damage|p2a: Beedrill|0 fnt|[from] Stealth Rock\n|faint|p2a: Beedrill\n|\n|t:|1699861859\n|switch|p2a: Boltund|Boltund, F|88\/100\n|-damage|p2a: Boltund|76\/100|[from] Stealth Rock\n|turn|18\n|\n|t:|1699861864\n|move|p2a: Boltund|Crunch|p1a: Latias\n|-supereffective|p1a: Latias\n|-damage|p1a: Latias|0 fnt\n|faint|p1a: Latias\n|\n|upkeep\n|\n|t:|1699861869\n|switch|p1a: Landorus|Landorus-Therian, M|84\/100\n|-ability|p1a: Landorus|Intimidate|boost\n|-unboost|p2a: Boltund|atk|1\n|turn|19\n|\n|t:|1699861879\n|move|p2a: Boltund|Crunch|p1a: Landorus\n|-damage|p1a: Landorus|70\/100\n|-damage|p2a: Boltund|60\/100|[from] item: Rocky Helmet|[of] p1a: Landorus\n|move|p1a: Landorus|Earthquake|p2a: Boltund\n|-supereffective|p2a: Boltund\n|-damage|p2a: Boltund|0 fnt\n|faint|p2a: Boltund\n|\n|upkeep\n|\n|t:|1699861891\n|switch|p2a: Marowak|Marowak-Alola, F|100\/100\n|-damage|p2a: Marowak|76\/100|[from] Stealth Rock\n|turn|20\n|\n|t:|1699861896\n|move|p1a: Landorus|Earthquake|p2a: Marowak\n|-supereffective|p2a: Marowak\n|-damage|p2a: Marowak|0 fnt\n|faint|p2a: Marowak\n|\n|win|Cutu boy\n|raw|Cutu boy's rating: 1122 &rarr; <strong>1145<\/strong><br \/>(+23 for winning)\n|raw|Magig64's rating: 1101 &rarr; <strong>1078<\/strong><br \/>(-23 for losing)\n|c|\u2606Magig64|Ggs\n","uploadtime":1699861904,"views":6,"p1id":"cutuboy","p2id":"magig64","formatid":"gen9nationaldex","rating":1078,"private":0,"password":""}