{"id":"gen9nationaldex-1994210500","p1":"NekroTheFox","p2":"IChangeMyNameAlot","format":"[Gen 9] National Dex","log":"|j|\u2606NekroTheFox\n|j|\u2606IChangeMyNameAlot\n|t:|1700419296\n|gametype|singles\n|player|p1|NekroTheFox|shadowtriad|\n|player|p2|IChangeMyNameAlot|rye|\n|teamsize|p1|6\n|teamsize|p2|6\n|gen|9\n|tier|[Gen 9] National Dex\n|rule|HP Percentage Mod: HP is shown in percentages\n|rule|Endless Battle Clause: Forcing endless battles is banned\n|rule|OHKO Clause: OHKO moves are banned\n|rule|Evasion Clause: Evasion abilities, items, and moves are banned\n|rule|Evasion Abilities Clause: Evasion abilities are banned\n|rule|Evasion Items Clause: Evasion items are banned\n|rule|Evasion Moves Clause: Evasion moves are banned\n|rule|Species Clause: Limit one of each Pok\u00e9mon\n|rule|Sleep Clause Mod: Limit one foe put to sleep\n|clearpoke\n|poke|p1|Iron Hands|\n|poke|p1|Tapu Koko|\n|poke|p1|Magnezone|\n|poke|p1|Manectric, M|\n|poke|p1|Dracozolt|\n|poke|p1|Pawmot, F|\n|poke|p2|Glastrier|\n|poke|p2|Crabominable, F|\n|poke|p2|Rabsca, M|\n|poke|p2|Eiscue, M|\n|poke|p2|Ninetales-Alola, M|\n|poke|p2|Hatterene, F|\n|teampreview\n|inactive|Battle timer is ON: inactive players will automatically lose when time's up. (requested by IChangeMyNameAlot)\n|c|\u2606IChangeMyNameAlot|Glhf!\n|c|\u2606NekroTheFox|Glhf\n|\n|t:|1700419314\n|start\n|switch|p1a: Birb|Tapu Koko|100\/100\n|switch|p2a: Hairwhip|Hatterene, F|100\/100\n|-fieldstart|move: Electric Terrain|[from] ability: Electric Surge|[of] p1a: Birb\n|turn|1\n|\n|t:|1700419323\n|move|p1a: Birb|U-turn|p2a: Hairwhip\n|-damage|p2a: Hairwhip|75\/100\n|\n|t:|1700419332\n|switch|p1a: ICP\u2019s Bane|Magnezone|100\/100|[from] U-turn\n|move|p2a: Hairwhip|Trick Room|p2a: Hairwhip\n|-fieldstart|move: Trick Room|[of] p2a: Hairwhip\n|\n|-heal|p2a: Hairwhip|81\/100|[from] item: Leftovers\n|upkeep\n|turn|2\n|\n|t:|1700419346\n|-terastallize|p2a: Hairwhip|Steel\n|move|p2a: Hairwhip|Mystical Fire|p1a: ICP\u2019s Bane\n|-supereffective|p1a: ICP\u2019s Bane\n|-damage|p1a: ICP\u2019s Bane|26\/100\n|-unboost|p1a: ICP\u2019s Bane|spa|1\n|move|p1a: ICP\u2019s Bane|Flash Cannon|p2a: Hairwhip\n|-resisted|p2a: Hairwhip\n|-damage|p2a: Hairwhip|67\/100\n|\n|-heal|p2a: Hairwhip|73\/100|[from] item: Leftovers\n|upkeep\n|turn|3\n|\n|t:|1700419363\n|switch|p1a: Fisto|Iron Hands|100\/100\n|-activate|p1a: Fisto|ability: Quark Drive\n|-start|p1a: Fisto|quarkdriveatk\n|move|p2a: Hairwhip|Mystical Fire|p1a: Fisto\n|-damage|p1a: Fisto|81\/100\n|-unboost|p1a: Fisto|spa|1\n|\n|-heal|p2a: Hairwhip|79\/100|[from] item: Leftovers\n|upkeep\n|turn|4\n|\n|t:|1700419376\n|switch|p2a: Portalium|Rabsca, M|100\/100\n|-terastallize|p1a: Fisto|Water\n|move|p1a: Fisto|Swords Dance|p1a: Fisto\n|-boost|p1a: Fisto|atk|2\n|\n|upkeep\n|turn|5\n|\n|t:|1700419391\n|move|p2a: Portalium|Bug Buzz|p1a: Fisto\n|-damage|p1a: Fisto|52\/100\n|move|p1a: Fisto|Thunder Punch|p2a: Portalium\n|-damage|p2a: Portalium|0 fnt\n|faint|p2a: Portalium\n|\n|-fieldend|move: Trick Room\n|upkeep\n|\n|t:|1700419406\n|switch|p2a: Wynter|Ninetales-Alola, M|100\/100\n|-weather|Snow|[from] ability: Snow Warning|[of] p2a: Wynter\n|turn|6\n|\n|t:|1700419413\n|move|p2a: Wynter|Aurora Veil|p2a: Wynter\n|-sidestart|p2: IChangeMyNameAlot|move: Aurora Veil\n|move|p1a: Fisto|Drain Punch|p2a: Wynter\n|-crit|p2a: Wynter\n|-damage|p2a: Wynter|0 fnt\n|-heal|p1a: Fisto|80\/100|[from] drain|[of] p2a: Wynter\n|faint|p2a: Wynter\n|\n|-weather|Snow|[upkeep]\n|upkeep\n|c|\u2606IChangeMyNameAlot|Damn crit\n|c|\u2606NekroTheFox|Bonk\n|\n|t:|1700419429\n|switch|p2a: Yeti Crabby|Crabominable, F|100\/100\n|turn|7\n|c|\u2606NekroTheFox|Just bonk\n|\n|t:|1700419435\n|move|p1a: Fisto|Drain Punch|p2a: Yeti Crabby\n|-supereffective|p2a: Yeti Crabby\n|-damage|p2a: Yeti Crabby|39\/100\n|-heal|p1a: Fisto|100\/100|[from] drain|[of] p2a: Yeti Crabby\n|move|p2a: Yeti Crabby|Thunder Punch|p1a: Fisto\n|-supereffective|p1a: Fisto\n|-damage|p1a: Fisto|26\/100\n|-damage|p2a: Yeti Crabby|29\/100|[from] item: Life Orb\n|\n|-weather|Snow|[upkeep]\n|upkeep\n|turn|8\n|\n|t:|1700419445\n|move|p1a: Fisto|Drain Punch|p2a: Yeti Crabby\n|-supereffective|p2a: Yeti Crabby\n|-damage|p2a: Yeti Crabby|0 fnt\n|-heal|p1a: Fisto|38\/100|[from] drain|[of] p2a: Yeti Crabby\n|faint|p2a: Yeti Crabby\n|\n|-weather|Snow|[upkeep]\n|-fieldend|move: Electric Terrain\n|-end|p1a: Fisto|Quark Drive\n|upkeep\n|-enditem|p1a: Fisto|Booster Energy\n|-activate|p1a: Fisto|ability: Quark Drive|[fromitem]\n|-start|p1a: Fisto|quarkdriveatk\n|\n|t:|1700419449\n|switch|p2a: Pingu|Eiscue, M|100\/100\n|turn|9\n|\n|t:|1700419459\n|move|p2a: Pingu|Substitute|p2a: Pingu\n|-start|p2a: Pingu|Substitute\n|-damage|p2a: Pingu|76\/100\n|move|p1a: Fisto|Drain Punch|p2a: Pingu\n|-supereffective|p2a: Pingu\n|-end|p2a: Pingu|Substitute\n|-heal|p1a: Fisto|45\/100|[from] drain|[of] p2a: Pingu\n|\n|-weather|Snow|[upkeep]\n|upkeep\n|turn|10\n|\n|t:|1700419468\n|move|p2a: Pingu|Belly Drum|p2a: Pingu\n|-damage|p2a: Pingu|26\/100\n|-setboost|p2a: Pingu|atk|6|[from] move: Belly Drum\n|move|p1a: Fisto|Drain Punch|p2a: Pingu\n|-activate|p2a: Pingu|ability: Ice Face\n|-damage|p2a: Pingu|26\/100\n|detailschange|p2a: Pingu|Eiscue-Noice, M\n|\n|-weather|none\n|upkeep\n|turn|11\n|\n|t:|1700419487\n|move|p2a: Pingu|Substitute|p2a: Pingu\n|-start|p2a: Pingu|Substitute\n|-damage|p2a: Pingu|1\/100\n|-enditem|p2a: Pingu|Salac Berry|[eat]\n|-boost|p2a: Pingu|spe|1|[from] item: Salac Berry\n|move|p1a: Fisto|Drain Punch|p2a: Pingu\n|-supereffective|p2a: Pingu\n|-end|p2a: Pingu|Substitute\n|-heal|p1a: Fisto|52\/100|[from] drain|[of] p2a: Pingu\n|\n|upkeep\n|turn|12\n|\n|t:|1700419498\n|move|p2a: Pingu|Icicle Crash|p1a: Fisto\n|-resisted|p1a: Fisto\n|-damage|p1a: Fisto|7\/100\n|move|p1a: Fisto|Drain Punch|p2a: Pingu\n|-supereffective|p2a: Pingu\n|-damage|p2a: Pingu|0 fnt\n|-heal|p1a: Fisto|7\/100|[from] drain|[of] p2a: Pingu\n|faint|p2a: Pingu\n|\n|upkeep\n|\n|t:|1700419507\n|switch|p2a: Hairwhip|Hatterene, F, tera:Steel|79\/100\n|turn|13\n|\n|t:|1700419510\n|move|p1a: Fisto|Drain Punch|p2a: Hairwhip\n|-supereffective|p2a: Hairwhip\n|-damage|p2a: Hairwhip|0 fnt\n|-heal|p1a: Fisto|32\/100|[from] drain|[of] p2a: Hairwhip\n|faint|p2a: Hairwhip\n|\n|-sideend|p2: IChangeMyNameAlot|move: Aurora Veil\n|upkeep\n|\n|t:|1700419513\n|switch|p2a: My Little Pony|Glastrier|100\/100\n|turn|14\n|c|\u2606IChangeMyNameAlot|DAMN\n|\n|t:|1700419522\n|move|p1a: Fisto|Drain Punch|p2a: My Little Pony\n|-supereffective|p2a: My Little Pony\n|-damage|p2a: My Little Pony|0 fnt\n|-heal|p1a: Fisto|71\/100|[from] drain|[of] p2a: My Little Pony\n|faint|p2a: My Little Pony\n|\n|win|NekroTheFox\n|c|\u2606IChangeMyNameAlot|ggs wp lmao\n|c|\u2606NekroTheFox|Gg\n","uploadtime":1700419531,"views":11,"p1id":"nekrothefox","p2id":"ichangemynamealot","formatid":"gen9nationaldex","rating":0,"private":0,"password":""}