{"id":"gen9nationaldex-1995985726","p1":"Tamagochan_the_3rd","p2":"NDSNEZ BrakeSeer","format":"[Gen 9] National Dex","log":"|html|<div class=\"broadcast-blue\"><strong>[Gen 9] National Dex is currently suspecting Sneasler! For information on how to participate check out the <a href=\"https:\/\/www.smogon.com\/forums\/threads\/sv-national-dex-suspect-8-just-dance.3731534\/\">suspect thread<\/a>.<\/strong><\/div>\n|j|\u2606Tamagochan_the_3rd\n|j|\u2606NDSNEZ BrakeSeer\n|t:|1700625505\n|gametype|singles\n|player|p1|Tamagochan_the_3rd|lusamine-nihilego|1346\n|player|p2|NDSNEZ BrakeSeer|palmer|1461\n|teamsize|p1|6\n|teamsize|p2|6\n|gen|9\n|tier|[Gen 9] National Dex\n|rated|\n|rule|HP Percentage Mod: HP is shown in percentages\n|rule|Endless Battle Clause: Forcing endless battles is banned\n|rule|OHKO Clause: OHKO moves are banned\n|rule|Evasion Clause: Evasion abilities, items, and moves are banned\n|rule|Evasion Abilities Clause: Evasion abilities are banned\n|rule|Evasion Items Clause: Evasion items are banned\n|rule|Evasion Moves Clause: Evasion moves are banned\n|rule|Species Clause: Limit one of each Pok\u00e9mon\n|rule|Sleep Clause Mod: Limit one foe put to sleep\n|clearpoke\n|poke|p1|Dondozo, F|\n|poke|p1|Tornadus-Therian, M|\n|poke|p1|Ferrothorn, M|\n|poke|p1|Beedrill, F|\n|poke|p1|Hatterene, F|\n|poke|p1|Zamazenta-*|\n|poke|p2|Toxapex, F|\n|poke|p2|Dondozo, M|\n|poke|p2|Gliscor, F|\n|poke|p2|Blissey, F|\n|poke|p2|Corviknight, F|\n|poke|p2|Tyranitar, F|\n|teampreview\n|inactive|Battle timer is ON: inactive players will automatically lose when time's up. (requested by NDSNEZ BrakeSeer)\n|\n|t:|1700625516\n|start\n|switch|p1a: Beedrill|Beedrill, F|100\/100\n|switch|p2a: Tyranitar|Tyranitar, F|100\/100\n|-weather|Sandstorm|[from] ability: Sand Stream|[of] p2a: Tyranitar\n|turn|1\n|\n|t:|1700625521\n|switch|p2a: Gliscor|Gliscor, F|100\/100\n|detailschange|p1a: Beedrill|Beedrill-Mega, F\n|-mega|p1a: Beedrill|Beedrill|Beedrillite\n|move|p1a: Beedrill|U-turn|p2a: Gliscor\n|-resisted|p2a: Gliscor\n|-damage|p2a: Gliscor|84\/100\n|\n|t:|1700625529\n|switch|p1a: Ferrothorn|Ferrothorn, M|100\/100|[from] U-turn\n|\n|-weather|Sandstorm|[upkeep]\n|-status|p2a: Gliscor|tox|[from] item: Toxic Orb\n|upkeep\n|turn|2\n|\n|t:|1700625543\n|switch|p2a: Dondozo|Dondozo, M|100\/100\n|move|p1a: Ferrothorn|Leech Seed|p2a: Dondozo|[miss]\n|-miss|p1a: Ferrothorn|p2a: Dondozo\n|\n|-weather|Sandstorm|[upkeep]\n|-damage|p2a: Dondozo|94\/100|[from] Sandstorm\n|-heal|p2a: Dondozo|100\/100|[from] item: Leftovers\n|upkeep\n|turn|3\n|\n|t:|1700625552\n|move|p2a: Dondozo|Body Press|p1a: Ferrothorn\n|-supereffective|p1a: Ferrothorn\n|-damage|p1a: Ferrothorn|69\/100\n|-damage|p2a: Dondozo|88\/100|[from] ability: Iron Barbs|[of] p1a: Ferrothorn\n|-damage|p2a: Dondozo|71\/100|[from] item: Rocky Helmet|[of] p1a: Ferrothorn\n|move|p1a: Ferrothorn|Leech Seed|p2a: Dondozo|[miss]\n|-miss|p1a: Ferrothorn|p2a: Dondozo\n|\n|-weather|Sandstorm|[upkeep]\n|-damage|p2a: Dondozo|65\/100|[from] Sandstorm\n|-heal|p2a: Dondozo|71\/100|[from] item: Leftovers\n|upkeep\n|turn|4\n|\n|t:|1700625564\n|switch|p2a: Tyranitar|Tyranitar, F|100\/100\n|move|p1a: Ferrothorn|Leech Seed|p2a: Tyranitar\n|-start|p2a: Tyranitar|move: Leech Seed\n|\n|-weather|Sandstorm|[upkeep]\n|-damage|p2a: Tyranitar|88\/100|[from] Leech Seed|[of] p1a: Ferrothorn\n|-heal|p1a: Ferrothorn|83\/100|[silent]\n|upkeep\n|turn|5\n|\n|t:|1700625573\n|detailschange|p2a: Tyranitar|Tyranitar-Mega, F\n|-mega|p2a: Tyranitar|Tyranitar|Tyranitarite\n|move|p1a: Ferrothorn|Protect|p1a: Ferrothorn\n|-singleturn|p1a: Ferrothorn|Protect\n|move|p2a: Tyranitar|Knock Off|p1a: Ferrothorn\n|-activate|p1a: Ferrothorn|move: Protect\n|\n|-weather|none\n|-damage|p2a: Tyranitar|76\/100|[from] Leech Seed|[of] p1a: Ferrothorn\n|-heal|p1a: Ferrothorn|97\/100|[silent]\n|upkeep\n|turn|6\n|\n|t:|1700625583\n|switch|p1a: Tornadus|Tornadus-Therian, M|100\/100\n|move|p2a: Tyranitar|Knock Off|p1a: Tornadus\n|-damage|p1a: Tornadus|40\/100\n|-enditem|p1a: Tornadus|Heavy-Duty Boots|[from] move: Knock Off|[of] p2a: Tyranitar\n|\n|-damage|p2a: Tyranitar|63\/100|[from] Leech Seed|[of] p1a: Tornadus\n|-heal|p1a: Tornadus|54\/100|[silent]\n|upkeep\n|turn|7\n|\n|t:|1700625589\n|switch|p2a: Blissey|Blissey, F|100\/100\n|move|p1a: Tornadus|U-turn|p2a: Blissey\n|-damage|p2a: Blissey|73\/100\n|\n|t:|1700625595\n|switch|p1a: Ferrothorn|Ferrothorn, M|97\/100|[from] U-turn\n|\n|upkeep\n|turn|8\n|\n|t:|1700625604\n|switch|p2a: Toxapex|Toxapex, F|100\/100\n|move|p1a: Ferrothorn|Leech Seed|p2a: Toxapex\n|-start|p2a: Toxapex|move: Leech Seed\n|\n|-damage|p2a: Toxapex|88\/100|[from] Leech Seed|[of] p1a: Ferrothorn\n|-heal|p1a: Ferrothorn|100\/100|[silent]\n|upkeep\n|turn|9\n|\n|t:|1700625611\n|move|p2a: Toxapex|Knock Off|p1a: Ferrothorn\n|-damage|p1a: Ferrothorn|92\/100\n|-damage|p2a: Toxapex|76\/100|[from] ability: Iron Barbs|[of] p1a: Ferrothorn\n|-damage|p2a: Toxapex|60\/100|[from] item: Rocky Helmet|[of] p1a: Ferrothorn\n|-enditem|p1a: Ferrothorn|Rocky Helmet|[from] move: Knock Off|[of] p2a: Toxapex\n|move|p1a: Ferrothorn|Gyro Ball|p2a: Toxapex\n|-resisted|p2a: Toxapex\n|-damage|p2a: Toxapex|53\/100\n|\n|-damage|p2a: Toxapex|41\/100|[from] Leech Seed|[of] p1a: Ferrothorn\n|-heal|p1a: Ferrothorn|100\/100|[silent]\n|upkeep\n|turn|10\n|\n|t:|1700625619\n|switch|p2a: Gliscor|Gliscor, F|84\/100 tox\n|move|p1a: Ferrothorn|Gyro Ball|p2a: Gliscor\n|-damage|p2a: Gliscor|55\/100 tox\n|\n|-heal|p2a: Gliscor|68\/100 tox|[from] ability: Poison Heal\n|upkeep\n|turn|11\n|\n|t:|1700625625\n|move|p2a: Gliscor|Spikes|p1a: Ferrothorn\n|-sidestart|p1: Tamagochan_the_3rd|Spikes\n|move|p1a: Ferrothorn|Leech Seed|p2a: Gliscor\n|-start|p2a: Gliscor|move: Leech Seed\n|\n|-damage|p2a: Gliscor|55\/100 tox|[from] Leech Seed|[of] p1a: Ferrothorn\n|-heal|p2a: Gliscor|68\/100 tox|[from] ability: Poison Heal\n|upkeep\n|turn|12\n|\n|t:|1700625633\n|move|p2a: Gliscor|Spikes|p1a: Ferrothorn\n|-sidestart|p1: Tamagochan_the_3rd|Spikes\n|move|p1a: Ferrothorn|Gyro Ball|p2a: Gliscor\n|-damage|p2a: Gliscor|39\/100 tox\n|\n|-damage|p2a: Gliscor|27\/100 tox|[from] Leech Seed|[of] p1a: Ferrothorn\n|-heal|p2a: Gliscor|39\/100 tox|[from] ability: Poison Heal\n|upkeep\n|turn|13\n|\n|t:|1700625639\n|switch|p2a: Dondozo|Dondozo, M|71\/100\n|move|p1a: Ferrothorn|Gyro Ball|p2a: Dondozo\n|-resisted|p2a: Dondozo\n|-damage|p2a: Dondozo|67\/100\n|\n|-heal|p2a: Dondozo|73\/100|[from] item: Leftovers\n|upkeep\n|turn|14\n|\n|t:|1700625645\n|move|p2a: Dondozo|Curse|p2a: Dondozo\n|-unboost|p2a: Dondozo|spe|1\n|-boost|p2a: Dondozo|atk|1\n|-boost|p2a: Dondozo|def|1\n|move|p1a: Ferrothorn|Toxic|p2a: Dondozo\n|-status|p2a: Dondozo|tox\n|\n|-heal|p2a: Dondozo|79\/100 tox|[from] item: Leftovers\n|-damage|p2a: Dondozo|73\/100 tox|[from] psn\n|upkeep\n|turn|15\n|\n|t:|1700625651\n|move|p2a: Dondozo|Curse|p2a: Dondozo\n|-unboost|p2a: Dondozo|spe|1\n|-boost|p2a: Dondozo|atk|1\n|-boost|p2a: Dondozo|def|1\n|move|p1a: Ferrothorn|Leech Seed|p2a: Dondozo\n|-start|p2a: Dondozo|move: Leech Seed\n|\n|-heal|p2a: Dondozo|79\/100 tox|[from] item: Leftovers\n|-damage|p2a: Dondozo|66\/100 tox|[from] Leech Seed|[of] p1a: Ferrothorn\n|-damage|p2a: Dondozo|54\/100 tox|[from] psn\n|upkeep\n|turn|16\n|\n|t:|1700625656\n|switch|p1a: Dondozo|Dondozo, F|100\/100\n|-damage|p1a: Dondozo|84\/100|[from] Spikes\n|move|p2a: Dondozo|Curse|p2a: Dondozo\n|-unboost|p2a: Dondozo|spe|1\n|-boost|p2a: Dondozo|atk|1\n|-boost|p2a: Dondozo|def|1\n|\n|-heal|p1a: Dondozo|90\/100|[from] item: Leftovers\n|-heal|p2a: Dondozo|60\/100 tox|[from] item: Leftovers\n|-damage|p2a: Dondozo|48\/100 tox|[from] Leech Seed|[of] p1a: Dondozo\n|-heal|p1a: Dondozo|100\/100|[silent]\n|-damage|p2a: Dondozo|29\/100 tox|[from] psn\n|upkeep\n|turn|17\n|\n|t:|1700625660\n|move|p1a: Dondozo|Curse|p1a: Dondozo\n|-unboost|p1a: Dondozo|spe|1\n|-boost|p1a: Dondozo|atk|1\n|-boost|p1a: Dondozo|def|1\n|move|p2a: Dondozo|Rest|p2a: Dondozo\n|-status|p2a: Dondozo|slp|[from] move: Rest\n|-heal|p2a: Dondozo|100\/100 slp|[silent]\n|\n|-damage|p2a: Dondozo|88\/100 slp|[from] Leech Seed|[of] p1a: Dondozo\n|upkeep\n|turn|18\n|\n|t:|1700625667\n|switch|p2a: Toxapex|Toxapex, F|74\/100\n|move|p1a: Dondozo|Liquidation|p2a: Toxapex\n|-resisted|p2a: Toxapex\n|-damage|p2a: Toxapex|62\/100\n|\n|upkeep\n|turn|19\n|\n|t:|1700625672\n|switch|p1a: Ferrothorn|Ferrothorn, M|100\/100\n|-damage|p1a: Ferrothorn|84\/100|[from] Spikes\n|move|p2a: Toxapex|Knock Off|p1a: Ferrothorn\n|-damage|p1a: Ferrothorn|78\/100\n|-damage|p2a: Toxapex|49\/100|[from] ability: Iron Barbs|[of] p1a: Ferrothorn\n|\n|upkeep\n|turn|20\n|\n|t:|1700625678\n|switch|p2a: Gliscor|Gliscor, F|39\/100 tox\n|move|p1a: Ferrothorn|Leech Seed|p2a: Gliscor\n|-start|p2a: Gliscor|move: Leech Seed\n|\n|-damage|p2a: Gliscor|27\/100 tox|[from] Leech Seed|[of] p1a: Ferrothorn\n|-heal|p1a: Ferrothorn|91\/100|[silent]\n|-heal|p2a: Gliscor|39\/100 tox|[from] ability: Poison Heal\n|upkeep\n|turn|21\n|\n|t:|1700625684\n|switch|p2a: Dondozo|Dondozo, M|88\/100 slp\n|move|p1a: Ferrothorn|Gyro Ball|p2a: Dondozo\n|-resisted|p2a: Dondozo\n|-damage|p2a: Dondozo|83\/100 slp\n|\n|-heal|p2a: Dondozo|89\/100 slp|[from] item: Leftovers\n|upkeep\n|turn|22\n|\n|t:|1700625689\n|cant|p2a: Dondozo|slp\n|move|p1a: Ferrothorn|Toxic||[still]\n|-fail|p1a: Ferrothorn\n|\n|-heal|p2a: Dondozo|95\/100 slp|[from] item: Leftovers\n|upkeep\n|turn|23\n|\n|t:|1700625696\n|cant|p2a: Dondozo|slp\n|move|p2a: Dondozo|Sleep Talk|p2a: Dondozo\n|move|p2a: Dondozo|Rest||[from]move: Sleep Talk|[still]\n|-fail|p2a: Dondozo\n|move|p1a: Ferrothorn|Leech Seed|p2a: Dondozo\n|-start|p2a: Dondozo|move: Leech Seed\n|\n|-heal|p2a: Dondozo|100\/100 slp|[from] item: Leftovers\n|-damage|p2a: Dondozo|88\/100 slp|[from] Leech Seed|[of] p1a: Ferrothorn\n|-heal|p1a: Ferrothorn|100\/100|[silent]\n|upkeep\n|turn|24\n|\n|t:|1700625702\n|-curestatus|p2a: Dondozo|slp|[msg]\n|move|p2a: Dondozo|Curse|p2a: Dondozo\n|-unboost|p2a: Dondozo|spe|1\n|-boost|p2a: Dondozo|atk|1\n|-boost|p2a: Dondozo|def|1\n|move|p1a: Ferrothorn|Toxic|p2a: Dondozo\n|-status|p2a: Dondozo|tox\n|\n|-heal|p2a: Dondozo|94\/100 tox|[from] item: Leftovers\n|-damage|p2a: Dondozo|82\/100 tox|[from] Leech Seed|[of] p1a: Ferrothorn\n|-damage|p2a: Dondozo|75\/100 tox|[from] psn\n|upkeep\n|turn|25\n|\n|t:|1700625707\n|move|p2a: Dondozo|Curse|p2a: Dondozo\n|-unboost|p2a: Dondozo|spe|1\n|-boost|p2a: Dondozo|atk|1\n|-boost|p2a: Dondozo|def|1\n|move|p1a: Ferrothorn|Gyro Ball|p2a: Dondozo\n|-resisted|p2a: Dondozo\n|-damage|p2a: Dondozo|74\/100 tox\n|\n|-heal|p2a: Dondozo|80\/100 tox|[from] item: Leftovers\n|-damage|p2a: Dondozo|68\/100 tox|[from] Leech Seed|[of] p1a: Ferrothorn\n|-damage|p2a: Dondozo|56\/100 tox|[from] psn\n|upkeep\n|turn|26\n|\n|t:|1700625712\n|move|p2a: Dondozo|Body Press|p1a: Ferrothorn\n|-supereffective|p1a: Ferrothorn\n|-crit|p1a: Ferrothorn\n|-damage|p1a: Ferrothorn|10\/100\n|-damage|p2a: Dondozo|43\/100 tox|[from] ability: Iron Barbs|[of] p1a: Ferrothorn\n|move|p1a: Ferrothorn|Gyro Ball|p2a: Dondozo\n|-resisted|p2a: Dondozo\n|-damage|p2a: Dondozo|42\/100 tox\n|\n|-heal|p2a: Dondozo|48\/100 tox|[from] item: Leftovers\n|-damage|p2a: Dondozo|36\/100 tox|[from] Leech Seed|[of] p1a: Ferrothorn\n|-heal|p1a: Ferrothorn|28\/100|[silent]\n|-damage|p2a: Dondozo|17\/100 tox|[from] psn\n|upkeep\n|turn|27\n|\n|t:|1700625715\n|move|p1a: Ferrothorn|Protect|p1a: Ferrothorn\n|-singleturn|p1a: Ferrothorn|Protect\n|move|p2a: Dondozo|Rest|p2a: Dondozo\n|-status|p2a: Dondozo|slp|[from] move: Rest\n|-heal|p2a: Dondozo|100\/100 slp|[silent]\n|\n|-damage|p2a: Dondozo|88\/100 slp|[from] Leech Seed|[of] p1a: Ferrothorn\n|-heal|p1a: Ferrothorn|46\/100|[silent]\n|upkeep\n|turn|28\n|\n|t:|1700625726\n|cant|p2a: Dondozo|slp\n|move|p2a: Dondozo|Sleep Talk|p2a: Dondozo\n|move|p2a: Dondozo|Body Press|p1a: Ferrothorn|[from]move: Sleep Talk\n|-supereffective|p1a: Ferrothorn\n|-damage|p1a: Ferrothorn|0 fnt\n|-damage|p2a: Dondozo|75\/100 slp|[from] ability: Iron Barbs|[of] p1a: Ferrothorn\n|faint|p1a: Ferrothorn\n|\n|-heal|p2a: Dondozo|82\/100 slp|[from] item: Leftovers\n|upkeep\n|\n|t:|1700625730\n|switch|p1a: Dondozo|Dondozo, F|100\/100\n|-damage|p1a: Dondozo|84\/100|[from] Spikes\n|turn|29\n|\n|t:|1700625733\n|switch|p2a: Toxapex|Toxapex, F|83\/100\n|move|p1a: Dondozo|Curse|p1a: Dondozo\n|-unboost|p1a: Dondozo|spe|1\n|-boost|p1a: Dondozo|atk|1\n|-boost|p1a: Dondozo|def|1\n|\n|-heal|p1a: Dondozo|90\/100|[from] item: Leftovers\n|upkeep\n|turn|30\n|\n|t:|1700625736\n|move|p2a: Toxapex|Toxic|p1a: Dondozo\n|-status|p1a: Dondozo|tox\n|move|p1a: Dondozo|Curse|p1a: Dondozo\n|-unboost|p1a: Dondozo|spe|1\n|-boost|p1a: Dondozo|atk|1\n|-boost|p1a: Dondozo|def|1\n|\n|-heal|p1a: Dondozo|96\/100 tox|[from] item: Leftovers\n|-damage|p1a: Dondozo|90\/100 tox|[from] psn\n|upkeep\n|turn|31\n|\n|t:|1700625740\n|move|p2a: Toxapex|Knock Off|p1a: Dondozo\n|-damage|p1a: Dondozo|86\/100 tox\n|-enditem|p1a: Dondozo|Leftovers|[from] move: Knock Off|[of] p2a: Toxapex\n|move|p1a: Dondozo|Curse|p1a: Dondozo\n|-unboost|p1a: Dondozo|spe|1\n|-boost|p1a: Dondozo|atk|1\n|-boost|p1a: Dondozo|def|1\n|\n|-damage|p1a: Dondozo|74\/100 tox|[from] psn\n|upkeep\n|turn|32\n|\n|t:|1700625748\n|switch|p2a: Dondozo|Dondozo, M|82\/100 slp\n|move|p1a: Dondozo|Curse|p1a: Dondozo\n|-unboost|p1a: Dondozo|spe|1\n|-boost|p1a: Dondozo|atk|1\n|-boost|p1a: Dondozo|def|1\n|\n|-heal|p2a: Dondozo|88\/100 slp|[from] item: Leftovers\n|-damage|p1a: Dondozo|55\/100 tox|[from] psn\n|upkeep\n|turn|33\n|\n|t:|1700625753\n|cant|p2a: Dondozo|slp\n|move|p2a: Dondozo|Sleep Talk|p2a: Dondozo\n|move|p2a: Dondozo|Body Press|p1a: Dondozo|[from]move: Sleep Talk\n|-damage|p1a: Dondozo|42\/100 tox\n|move|p1a: Dondozo|Rest|p1a: Dondozo\n|-status|p1a: Dondozo|slp|[from] move: Rest\n|-heal|p1a: Dondozo|100\/100 slp|[silent]\n|\n|-heal|p2a: Dondozo|94\/100 slp|[from] item: Leftovers\n|upkeep\n|turn|34\n|\n|t:|1700625764\n|-curestatus|p2a: Dondozo|slp|[msg]\n|move|p2a: Dondozo|Curse|p2a: Dondozo\n|-unboost|p2a: Dondozo|spe|1\n|-boost|p2a: Dondozo|atk|1\n|-boost|p2a: Dondozo|def|1\n|cant|p1a: Dondozo|slp\n|move|p1a: Dondozo|Sleep Talk|p1a: Dondozo\n|move|p1a: Dondozo|Rest||[from]move: Sleep Talk|[still]\n|-fail|p1a: Dondozo\n|\n|-heal|p2a: Dondozo|99\/100|[from] item: Leftovers\n|upkeep\n|turn|35\n|\n|t:|1700625781\n|move|p2a: Dondozo|Curse|p2a: Dondozo\n|-unboost|p2a: Dondozo|spe|1\n|-boost|p2a: Dondozo|atk|1\n|-boost|p2a: Dondozo|def|1\n|cant|p1a: Dondozo|slp\n|move|p1a: Dondozo|Sleep Talk|p1a: Dondozo\n|move|p1a: Dondozo|Liquidation|p2a: Dondozo|[from]move: Sleep Talk\n|-resisted|p2a: Dondozo\n|-damage|p2a: Dondozo|94\/100\n|\n|-heal|p2a: Dondozo|99\/100|[from] item: Leftovers\n|upkeep\n|turn|36\n|\n|t:|1700625788\n|move|p2a: Dondozo|Curse|p2a: Dondozo\n|-unboost|p2a: Dondozo|spe|1\n|-boost|p2a: Dondozo|atk|1\n|-boost|p2a: Dondozo|def|1\n|-curestatus|p1a: Dondozo|slp|[msg]\n|move|p1a: Dondozo|Curse|p1a: Dondozo\n|-unboost|p1a: Dondozo|spe|1\n|-boost|p1a: Dondozo|atk|1\n|-boost|p1a: Dondozo|def|1\n|\n|-heal|p2a: Dondozo|100\/100|[from] item: Leftovers\n|upkeep\n|turn|37\n|\n|t:|1700625791\n|move|p2a: Dondozo|Curse|p2a: Dondozo\n|-unboost|p2a: Dondozo|spe|1\n|-boost|p2a: Dondozo|atk|1\n|-boost|p2a: Dondozo|def|1\n|move|p1a: Dondozo|Curse|p1a: Dondozo\n|-unboost|p1a: Dondozo|spe|1\n|-boost|p1a: Dondozo|atk|1\n|-boost|p1a: Dondozo|def|1\n|\n|upkeep\n|turn|38\n|\n|t:|1700625794\n|move|p2a: Dondozo|Curse|p2a: Dondozo\n|-unboost|p2a: Dondozo|spe|1\n|-boost|p2a: Dondozo|atk|1\n|-boost|p2a: Dondozo|def|1\n|move|p1a: Dondozo|Liquidation|p2a: Dondozo\n|-resisted|p2a: Dondozo\n|-damage|p2a: Dondozo|94\/100\n|\n|-heal|p2a: Dondozo|99\/100|[from] item: Leftovers\n|upkeep\n|turn|39\n|\n|t:|1700625808\n|move|p2a: Dondozo|Curse|p2a: Dondozo\n|-unboost|p2a: Dondozo|spe|1\n|-boost|p2a: Dondozo|atk|1\n|-boost|p2a: Dondozo|def|1\n|move|p1a: Dondozo|Sleep Talk||[still]\n|-fail|p1a: Dondozo\n|\n|-heal|p2a: Dondozo|100\/100|[from] item: Leftovers\n|upkeep\n|turn|40\n|\n|t:|1700625815\n|move|p2a: Dondozo|Curse|p2a: Dondozo\n|move|p1a: Dondozo|Sleep Talk||[still]\n|-fail|p1a: Dondozo\n|\n|upkeep\n|turn|41\n|\n|t:|1700625819\n|move|p1a: Dondozo|Sleep Talk||[still]\n|-fail|p1a: Dondozo\n|move|p2a: Dondozo|Body Press|p1a: Dondozo\n|-damage|p1a: Dondozo|89\/100\n|\n|upkeep\n|turn|42\n|\n|t:|1700625825\n|move|p1a: Dondozo|Sleep Talk||[still]\n|-fail|p1a: Dondozo\n|move|p2a: Dondozo|Body Press|p1a: Dondozo\n|-damage|p1a: Dondozo|76\/100\n|\n|upkeep\n|turn|43\n|\n|t:|1700625833\n|move|p2a: Dondozo|Body Press|p1a: Dondozo\n|-damage|p1a: Dondozo|64\/100\n|move|p1a: Dondozo|Sleep Talk||[still]\n|-fail|p1a: Dondozo\n|\n|upkeep\n|turn|44\n|\n|t:|1700625839\n|move|p2a: Dondozo|Body Press|p1a: Dondozo\n|-damage|p1a: Dondozo|50\/100\n|move|p1a: Dondozo|Sleep Talk||[still]\n|-fail|p1a: Dondozo\n|\n|upkeep\n|turn|45\n|\n|t:|1700625846\n|move|p2a: Dondozo|Body Press|p1a: Dondozo\n|-damage|p1a: Dondozo|38\/100\n|move|p1a: Dondozo|Rest|p1a: Dondozo\n|-status|p1a: Dondozo|slp|[from] move: Rest\n|-heal|p1a: Dondozo|100\/100 slp|[silent]\n|\n|upkeep\n|turn|46\n|\n|t:|1700625852\n|cant|p1a: Dondozo|slp\n|move|p2a: Dondozo|Body Press|p1a: Dondozo\n|-crit|p1a: Dondozo\n|-damage|p1a: Dondozo|82\/100 slp\n|\n|upkeep\n|turn|47\n|\n|t:|1700625866\n|cant|p1a: Dondozo|slp\n|move|p2a: Dondozo|Body Press|p1a: Dondozo\n|-damage|p1a: Dondozo|69\/100 slp\n|\n|upkeep\n|turn|48\n|\n|t:|1700625874\n|-curestatus|p1a: Dondozo|slp|[msg]\n|move|p1a: Dondozo|Sleep Talk||[still]\n|-fail|p1a: Dondozo\n|move|p2a: Dondozo|Curse|p2a: Dondozo\n|\n|upkeep\n|turn|49\n|\n|t:|1700625884\n|move|p1a: Dondozo|Sleep Talk||[still]\n|-fail|p1a: Dondozo\n|move|p2a: Dondozo|Curse|p2a: Dondozo\n|\n|upkeep\n|turn|50\n|\n|t:|1700625887\n|move|p1a: Dondozo|Rest|p1a: Dondozo\n|-status|p1a: Dondozo|slp|[from] move: Rest\n|-heal|p1a: Dondozo|100\/100 slp|[silent]\n|move|p2a: Dondozo|Curse|p2a: Dondozo\n|\n|upkeep\n|turn|51\n|\n|t:|1700625891\n|move|p2a: Dondozo|Curse|p2a: Dondozo\n|cant|p1a: Dondozo|slp\n|\n|upkeep\n|turn|52\n|\n|t:|1700625909\n|cant|p1a: Dondozo|slp\n|move|p2a: Dondozo|Body Press|p1a: Dondozo\n|-damage|p1a: Dondozo|87\/100 slp\n|\n|upkeep\n|turn|53\n|\n|t:|1700625914\n|-curestatus|p1a: Dondozo|slp|[msg]\n|move|p1a: Dondozo|Curse|p1a: Dondozo\n|move|p2a: Dondozo|Body Press|p1a: Dondozo\n|-damage|p1a: Dondozo|75\/100\n|\n|upkeep\n|turn|54\n|\n|t:|1700625926\n|move|p1a: Dondozo|Curse|p1a: Dondozo\n|move|p2a: Dondozo|Body Press|p1a: Dondozo\n|-damage|p1a: Dondozo|62\/100\n|\n|upkeep\n|turn|55\n|\n|t:|1700625930\n|move|p2a: Dondozo|Body Press|p1a: Dondozo\n|-damage|p1a: Dondozo|51\/100\n|move|p1a: Dondozo|Sleep Talk||[still]\n|-fail|p1a: Dondozo\n|\n|upkeep\n|turn|56\n|\n|t:|1700625935\n|move|p2a: Dondozo|Body Press|p1a: Dondozo\n|-damage|p1a: Dondozo|38\/100\n|move|p1a: Dondozo|Sleep Talk||[still]\n|-fail|p1a: Dondozo\n|\n|upkeep\n|turn|57\n|\n|t:|1700625941\n|move|p2a: Dondozo|Body Press|p1a: Dondozo\n|-damage|p1a: Dondozo|25\/100\n|move|p1a: Dondozo|Rest|p1a: Dondozo\n|-status|p1a: Dondozo|slp|[from] move: Rest\n|-heal|p1a: Dondozo|100\/100 slp|[silent]\n|\n|upkeep\n|turn|58\n|\n|t:|1700625947\n|move|p2a: Dondozo|Body Press|p1a: Dondozo\n|-damage|p1a: Dondozo|88\/100 slp\n|cant|p1a: Dondozo|slp\n|\n|upkeep\n|turn|59\n|\n|t:|1700625952\n|move|p2a: Dondozo|Rest|p2a: Dondozo\n|-fail|p2a: Dondozo|heal\n|cant|p1a: Dondozo|slp\n|\n|upkeep\n|turn|60\n|\n|t:|1700625968\n|-curestatus|p1a: Dondozo|slp|[msg]\n|move|p1a: Dondozo|Curse|p1a: Dondozo\n|move|p2a: Dondozo|Sleep Talk||[still]\n|-fail|p2a: Dondozo\n|\n|upkeep\n|turn|61\n|\n|t:|1700625979\n|move|p2a: Dondozo|Sleep Talk||[still]\n|-fail|p2a: Dondozo\n|move|p1a: Dondozo|Sleep Talk||[still]\n|-fail|p1a: Dondozo\n|\n|upkeep\n|turn|62\n|\n|t:|1700625982\n|move|p1a: Dondozo|Sleep Talk||[still]\n|-fail|p1a: Dondozo\n|move|p2a: Dondozo|Sleep Talk||[still]\n|-fail|p2a: Dondozo\n|\n|upkeep\n|turn|63\n|\n|t:|1700625985\n|move|p1a: Dondozo|Sleep Talk||[still]\n|-fail|p1a: Dondozo\n|move|p2a: Dondozo|Sleep Talk||[still]\n|-fail|p2a: Dondozo\n|\n|upkeep\n|turn|64\n|\n|t:|1700625988\n|move|p2a: Dondozo|Sleep Talk||[still]\n|-fail|p2a: Dondozo\n|move|p1a: Dondozo|Rest|p1a: Dondozo\n|-status|p1a: Dondozo|slp|[from] move: Rest\n|-heal|p1a: Dondozo|100\/100 slp|[silent]\n|\n|upkeep\n|turn|65\n|\n|t:|1700625992\n|move|p2a: Dondozo|Sleep Talk||[still]\n|-fail|p2a: Dondozo\n|cant|p1a: Dondozo|slp\n|\n|upkeep\n|turn|66\n|\n|t:|1700626002\n|cant|p1a: Dondozo|slp\n|move|p2a: Dondozo|Sleep Talk||[still]\n|-fail|p2a: Dondozo\n|\n|upkeep\n|turn|67\n|\n|t:|1700626007\n|-curestatus|p1a: Dondozo|slp|[msg]\n|move|p1a: Dondozo|Curse|p1a: Dondozo\n|move|p2a: Dondozo|Sleep Talk||[still]\n|-fail|p2a: Dondozo\n|\n|upkeep\n|turn|68\n|\n|t:|1700626013\n|move|p1a: Dondozo|Curse|p1a: Dondozo\n|move|p2a: Dondozo|Sleep Talk||[still]\n|-fail|p2a: Dondozo\n|\n|upkeep\n|turn|69\n|\n|t:|1700626017\n|move|p2a: Dondozo|Sleep Talk||[still]\n|-fail|p2a: Dondozo\n|move|p1a: Dondozo|Liquidation|p2a: Dondozo\n|-resisted|p2a: Dondozo\n|-damage|p2a: Dondozo|94\/100\n|\n|-heal|p2a: Dondozo|99\/100|[from] item: Leftovers\n|upkeep\n|turn|70\n|\n|t:|1700626021\n|move|p1a: Dondozo|Liquidation|p2a: Dondozo\n|-resisted|p2a: Dondozo\n|-damage|p2a: Dondozo|93\/100\n|move|p2a: Dondozo|Rest|p2a: Dondozo\n|-status|p2a: Dondozo|slp|[from] move: Rest\n|-heal|p2a: Dondozo|100\/100 slp|[silent]\n|\n|upkeep\n|turn|71\n|\n|t:|1700626037\n|move|p1a: Dondozo|Liquidation|p2a: Dondozo\n|-resisted|p2a: Dondozo\n|-damage|p2a: Dondozo|95\/100 slp\n|cant|p2a: Dondozo|slp\n|\n|-heal|p2a: Dondozo|100\/100 slp|[from] item: Leftovers\n|upkeep\n|turn|72\n|inactive|NDSNEZ BrakeSeer has 120 seconds left.\n|\n|t:|1700626078\n|cant|p2a: Dondozo|slp\n|move|p1a: Dondozo|Liquidation|p2a: Dondozo\n|-resisted|p2a: Dondozo\n|-damage|p2a: Dondozo|95\/100 slp\n|\n|-heal|p2a: Dondozo|100\/100 slp|[from] item: Leftovers\n|upkeep\n|turn|73\n|\n|t:|1700626096\n|move|p1a: Dondozo|Sleep Talk||[still]\n|-fail|p1a: Dondozo\n|-curestatus|p2a: Dondozo|slp|[msg]\n|move|p2a: Dondozo|Rest|p2a: Dondozo\n|-fail|p2a: Dondozo|heal\n|\n|upkeep\n|turn|74\n|inactive|NDSNEZ BrakeSeer has 120 seconds left.\n|\n|t:|1700626116\n|move|p1a: Dondozo|Rest|p1a: Dondozo\n|-fail|p1a: Dondozo|heal\n|move|p2a: Dondozo|Sleep Talk||[still]\n|-fail|p2a: Dondozo\n|\n|upkeep\n|turn|75\n|\n|t:|1700626123\n|move|p1a: Dondozo|Curse|p1a: Dondozo\n|move|p2a: Dondozo|Sleep Talk||[still]\n|-fail|p2a: Dondozo\n|\n|upkeep\n|turn|76\n|\n|t:|1700626134\n|move|p1a: Dondozo|Curse|p1a: Dondozo\n|move|p2a: Dondozo|Sleep Talk||[still]\n|-fail|p2a: Dondozo\n|\n|upkeep\n|turn|77\n|\n|t:|1700626144\n|switch|p2a: Toxapex|Toxapex, F|100\/100\n|move|p1a: Dondozo|Curse|p1a: Dondozo\n|\n|upkeep\n|turn|78\n|\n|t:|1700626153\n|move|p2a: Toxapex|Toxic|p1a: Dondozo\n|-status|p1a: Dondozo|tox\n|move|p1a: Dondozo|Liquidation|p2a: Toxapex\n|-resisted|p2a: Toxapex\n|-damage|p2a: Toxapex|61\/100\n|-unboost|p2a: Toxapex|def|1\n|\n|-damage|p1a: Dondozo|94\/100 tox|[from] psn\n|upkeep\n|turn|79\n|\n|t:|1700626158\n|switch|p2a: Dondozo|Dondozo, M|100\/100\n|move|p1a: Dondozo|Liquidation|p2a: Dondozo\n|-resisted|p2a: Dondozo\n|-damage|p2a: Dondozo|94\/100\n|-unboost|p2a: Dondozo|def|1\n|\n|-heal|p2a: Dondozo|99\/100|[from] item: Leftovers\n|-damage|p1a: Dondozo|82\/100 tox|[from] psn\n|upkeep\n|turn|80\n|\n|t:|1700626164\n|move|p2a: Dondozo|Rest|p2a: Dondozo\n|-status|p2a: Dondozo|slp|[from] move: Rest\n|-heal|p2a: Dondozo|100\/100 slp|[silent]\n|move|p1a: Dondozo|Curse|p1a: Dondozo\n|\n|-damage|p1a: Dondozo|64\/100 tox|[from] psn\n|upkeep\n|turn|81\n|\n|t:|1700626174\n|switch|p2a: Tyranitar|Tyranitar-Mega, F|63\/100\n|-weather|Sandstorm|[from] ability: Sand Stream|[of] p2a: Tyranitar\n|move|p1a: Dondozo|Liquidation|p2a: Tyranitar\n|-supereffective|p2a: Tyranitar\n|-damage|p2a: Tyranitar|0 fnt\n|faint|p2a: Tyranitar\n|\n|-weather|Sandstorm|[upkeep]\n|-damage|p1a: Dondozo|57\/100 tox|[from] Sandstorm\n|-damage|p1a: Dondozo|33\/100 tox|[from] psn\n|upkeep\n|\n|t:|1700626182\n|switch|p2a: Dondozo|Dondozo, M|100\/100 slp\n|turn|82\n|\n|t:|1700626186\n|cant|p2a: Dondozo|slp\n|move|p1a: Dondozo|Rest|p1a: Dondozo\n|-status|p1a: Dondozo|slp|[from] move: Rest\n|-heal|p1a: Dondozo|100\/100 slp|[silent]\n|\n|-weather|Sandstorm|[upkeep]\n|-damage|p2a: Dondozo|94\/100 slp|[from] Sandstorm\n|-damage|p1a: Dondozo|94\/100 slp|[from] Sandstorm\n|-heal|p2a: Dondozo|100\/100 slp|[from] item: Leftovers\n|upkeep\n|turn|83\n|\n|t:|1700626204\n|switch|p2a: Blissey|Blissey, F|73\/100\n|cant|p1a: Dondozo|slp\n|\n|-weather|Sandstorm|[upkeep]\n|-damage|p2a: Blissey|67\/100|[from] Sandstorm\n|-damage|p1a: Dondozo|88\/100 slp|[from] Sandstorm\n|upkeep\n|turn|84\n|\n|t:|1700626217\n|move|p2a: Blissey|Seismic Toss|p1a: Dondozo\n|-damage|p1a: Dondozo|68\/100 slp\n|cant|p1a: Dondozo|slp\n|\n|-weather|Sandstorm|[upkeep]\n|-damage|p2a: Blissey|61\/100|[from] Sandstorm\n|-damage|p1a: Dondozo|62\/100 slp|[from] Sandstorm\n|upkeep\n|turn|85\n|\n|t:|1700626221\n|switch|p2a: Dondozo|Dondozo, M|100\/100 slp\n|-curestatus|p1a: Dondozo|slp|[msg]\n|move|p1a: Dondozo|Liquidation|p2a: Dondozo\n|-resisted|p2a: Dondozo\n|-damage|p2a: Dondozo|94\/100 slp\n|\n|-weather|none\n|-heal|p2a: Dondozo|99\/100 slp|[from] item: Leftovers\n|upkeep\n|turn|86\n|\n|t:|1700626228\n|cant|p2a: Dondozo|slp\n|move|p1a: Dondozo|Liquidation|p2a: Dondozo\n|-resisted|p2a: Dondozo\n|-damage|p2a: Dondozo|94\/100 slp\n|-unboost|p2a: Dondozo|def|1\n|\n|-heal|p2a: Dondozo|99\/100 slp|[from] item: Leftovers\n|upkeep\n|turn|87\n|\n|t:|1700626239\n|switch|p2a: Toxapex|Toxapex, F|94\/100\n|move|p1a: Dondozo|Liquidation|p2a: Toxapex\n|-resisted|p2a: Toxapex\n|-damage|p2a: Toxapex|59\/100\n|\n|upkeep\n|turn|88\n|\n|t:|1700626245\n|move|p2a: Toxapex|Baneful Bunker|p2a: Toxapex\n|-singleturn|p2a: Toxapex|move: Protect\n|move|p1a: Dondozo|Liquidation|p2a: Toxapex\n|-activate|p2a: Toxapex|move: Protect\n|-status|p1a: Dondozo|psn\n|\n|-damage|p1a: Dondozo|50\/100 psn|[from] psn\n|upkeep\n|turn|89\n|\n|t:|1700626251\n|switch|p2a: Dondozo|Dondozo, M|99\/100 slp\n|move|p1a: Dondozo|Liquidation|p2a: Dondozo\n|-resisted|p2a: Dondozo\n|-damage|p2a: Dondozo|94\/100 slp\n|\n|-heal|p2a: Dondozo|99\/100 slp|[from] item: Leftovers\n|-damage|p1a: Dondozo|37\/100 psn|[from] psn\n|upkeep\n|turn|90\n|\n|t:|1700626256\n|-curestatus|p2a: Dondozo|slp|[msg]\n|move|p2a: Dondozo|Rest|p2a: Dondozo\n|-status|p2a: Dondozo|slp|[from] move: Rest\n|-heal|p2a: Dondozo|100\/100 slp|[silent]\n|move|p1a: Dondozo|Liquidation|p2a: Dondozo\n|-resisted|p2a: Dondozo\n|-damage|p2a: Dondozo|94\/100 slp\n|\n|-heal|p2a: Dondozo|100\/100 slp|[from] item: Leftovers\n|-damage|p1a: Dondozo|25\/100 psn|[from] psn\n|upkeep\n|turn|91\n|\n|t:|1700626282\n|cant|p2a: Dondozo|slp\n|move|p1a: Dondozo|Rest|p1a: Dondozo\n|-status|p1a: Dondozo|slp|[from] move: Rest\n|-heal|p1a: Dondozo|100\/100 slp|[silent]\n|\n|upkeep\n|turn|92\n|\n|t:|1700626287\n|switch|p2a: Gliscor|Gliscor, F|39\/100 tox\n|cant|p1a: Dondozo|slp\n|\n|-heal|p2a: Gliscor|52\/100 tox|[from] ability: Poison Heal\n|upkeep\n|turn|93\n|\n|t:|1700626290\n|move|p2a: Gliscor|Spikes|p1a: Dondozo\n|-sidestart|p1: Tamagochan_the_3rd|Spikes\n|cant|p1a: Dondozo|slp\n|\n|-heal|p2a: Gliscor|64\/100 tox|[from] ability: Poison Heal\n|upkeep\n|turn|94\n|\n|t:|1700626297\n|switch|p2a: Toxapex|Toxapex, F|92\/100\n|-curestatus|p1a: Dondozo|slp|[msg]\n|move|p1a: Dondozo|Liquidation|p2a: Toxapex\n|-resisted|p2a: Toxapex\n|-damage|p2a: Toxapex|52\/100\n|-unboost|p2a: Toxapex|def|1\n|\n|upkeep\n|turn|95\n|\n|t:|1700626305\n|move|p2a: Toxapex|Baneful Bunker|p2a: Toxapex\n|-singleturn|p2a: Toxapex|move: Protect\n|-activate|p1a: Dondozo|move: Struggle\n|move|p1a: Dondozo|Struggle|p2a: Toxapex\n|-activate|p2a: Toxapex|move: Protect\n|-status|p1a: Dondozo|psn\n|\n|-damage|p1a: Dondozo|88\/100 psn|[from] psn\n|upkeep\n|turn|96\n|\n|t:|1700626312\n|switch|p2a: Dondozo|Dondozo, M|100\/100 slp\n|-activate|p1a: Dondozo|move: Struggle\n|move|p1a: Dondozo|Struggle|p2a: Dondozo\n|-damage|p2a: Dondozo|95\/100 slp\n|-damage|p1a: Dondozo|63\/100 psn|[from] recoil\n|\n|-heal|p2a: Dondozo|100\/100 slp|[from] item: Leftovers\n|-damage|p1a: Dondozo|50\/100 psn|[from] psn\n|upkeep\n|turn|97\n|\n|t:|1700626316\n|cant|p2a: Dondozo|slp\n|-activate|p1a: Dondozo|move: Struggle\n|move|p1a: Dondozo|Struggle|p2a: Dondozo\n|-damage|p2a: Dondozo|95\/100 slp\n|-damage|p1a: Dondozo|25\/100 psn|[from] recoil\n|\n|-heal|p2a: Dondozo|100\/100 slp|[from] item: Leftovers\n|-damage|p1a: Dondozo|13\/100 psn|[from] psn\n|upkeep\n|turn|98\n|\n|t:|1700626323\n|-curestatus|p2a: Dondozo|slp|[msg]\n|move|p2a: Dondozo|Rest|p2a: Dondozo\n|-fail|p2a: Dondozo|heal\n|-activate|p1a: Dondozo|move: Struggle\n|move|p1a: Dondozo|Struggle|p2a: Dondozo\n|-damage|p2a: Dondozo|95\/100\n|-damage|p1a: Dondozo|0 fnt|[from] recoil\n|faint|p1a: Dondozo\n|\n|-heal|p2a: Dondozo|100\/100|[from] item: Leftovers\n|upkeep\n|\n|t:|1700626332\n|switch|p1a: Tornadus|Tornadus-Therian, M|87\/100\n|turn|99\n|\n|t:|1700626345\n|switch|p1a: Hatterene|Hatterene, F|100\/100\n|-damage|p1a: Hatterene|76\/100|[from] Spikes\n|switch|p2a: Blissey|Blissey, F|61\/100\n|\n|upkeep\n|turn|100\n|\n|t:|1700626348\n|move|p2a: Blissey|Soft-Boiled|p2a: Blissey\n|-heal|p2a: Blissey|100\/100\n|move|p1a: Hatterene|Trick|p2a: Blissey\n|-activate|p1a: Hatterene|move: Trick|[of] p2a: Blissey\n|-item|p2a: Blissey|Choice Specs|[from] move: Trick\n|-item|p1a: Hatterene|Heavy-Duty Boots|[from] move: Trick\n|\n|upkeep\n|turn|101\n|\n|t:|1700626356\n|move|p2a: Blissey|Seismic Toss|p1a: Hatterene\n|-damage|p1a: Hatterene|44\/100\n|move|p1a: Hatterene|Calm Mind|p1a: Hatterene\n|-boost|p1a: Hatterene|spa|1\n|-boost|p1a: Hatterene|spd|1\n|\n|upkeep\n|turn|102\n|\n|t:|1700626370\n|move|p2a: Blissey|Seismic Toss|p1a: Hatterene\n|-damage|p1a: Hatterene|13\/100\n|move|p1a: Hatterene|Draining Kiss|p2a: Blissey\n|-damage|p2a: Blissey|91\/100\n|-heal|p1a: Hatterene|29\/100|[from] drain|[of] p2a: Blissey\n|\n|upkeep\n|turn|103\n|\n|t:|1700626381\n|switch|p1a: Tornadus|Tornadus-Therian, M|100\/100\n|move|p2a: Blissey|Seismic Toss|p1a: Tornadus\n|-damage|p1a: Tornadus|73\/100\n|\n|upkeep\n|turn|104\n|\n|t:|1700626386\n|move|p1a: Tornadus|Knock Off|p2a: Blissey\n|-damage|p2a: Blissey|52\/100\n|-enditem|p2a: Blissey|Choice Specs|[from] move: Knock Off|[of] p1a: Tornadus\n|move|p2a: Blissey|Seismic Toss|p1a: Tornadus\n|-damage|p1a: Tornadus|45\/100\n|\n|upkeep\n|turn|105\n|\n|t:|1700626393\n|move|p1a: Tornadus|U-turn|p2a: Blissey\n|-damage|p2a: Blissey|27\/100\n|\n|t:|1700626397\n|switch|p1a: Hatterene|Hatterene, F|29\/100|[from] U-turn\n|move|p2a: Blissey|Soft-Boiled|p2a: Blissey\n|-heal|p2a: Blissey|77\/100\n|\n|upkeep\n|turn|106\n|\n|t:|1700626404\n|move|p2a: Blissey|Seismic Toss|p1a: Hatterene\n|-damage|p1a: Hatterene|0 fnt\n|faint|p1a: Hatterene\n|\n|upkeep\n|\n|t:|1700626408\n|switch|p1a: Zamazenta|Zamazenta|100\/100\n|-damage|p1a: Zamazenta|76\/100|[from] Spikes\n|-ability|p1a: Zamazenta|Dauntless Shield|boost\n|-boost|p1a: Zamazenta|def|1\n|turn|107\n|\n|t:|1700626418\n|switch|p2a: Gliscor|Gliscor, F|64\/100 tox\n|move|p1a: Zamazenta|Body Press|p2a: Gliscor\n|-resisted|p2a: Gliscor\n|-damage|p2a: Gliscor|45\/100 tox\n|\n|-heal|p1a: Zamazenta|82\/100|[from] item: Leftovers\n|-heal|p2a: Gliscor|57\/100 tox|[from] ability: Poison Heal\n|upkeep\n|turn|108\n|l|\u2606Tamagochan_the_3rd\n|inactive|Tamagochan_the_3rd disconnected and has a minute to reconnect!\n|player|p1|\n|inactive|Tamagochan_the_3rd has 30 seconds to reconnect!\n|j|\u2606Tamagochan_the_3rd\n|inactive|Tamagochan_the_3rd reconnected and has 105 seconds left.\n|player|p1|Tamagochan_the_3rd|lusamine-nihilego\n|inactive|Tamagochan_the_3rd has 90 seconds left.\n|\n|t:|1700626480\n|move|p1a: Zamazenta|Iron Defense|p1a: Zamazenta\n|-boost|p1a: Zamazenta|def|2\n|move|p2a: Gliscor|Toxic|p1a: Zamazenta\n|-status|p1a: Zamazenta|tox\n|\n|-heal|p1a: Zamazenta|88\/100 tox|[from] item: Leftovers\n|-damage|p1a: Zamazenta|82\/100 tox|[from] psn\n|-heal|p2a: Gliscor|69\/100 tox|[from] ability: Poison Heal\n|upkeep\n|turn|109\n|\n|t:|1700626487\n|switch|p2a: Dondozo|Dondozo, M|100\/100\n|move|p1a: Zamazenta|Iron Defense|p1a: Zamazenta\n|-boost|p1a: Zamazenta|def|2\n|\n|-heal|p1a: Zamazenta|88\/100 tox|[from] item: Leftovers\n|-damage|p1a: Zamazenta|76\/100 tox|[from] psn\n|upkeep\n|turn|110\n|\n|t:|1700626491\n|move|p1a: Zamazenta|Body Press|p2a: Dondozo\n|-damage|p2a: Dondozo|82\/100\n|-activate|p2a: Dondozo|move: Struggle\n|move|p2a: Dondozo|Struggle|p1a: Zamazenta\n|-crit|p1a: Zamazenta\n|-damage|p1a: Zamazenta|66\/100 tox\n|-damage|p2a: Dondozo|57\/100|[from] recoil\n|\n|-heal|p1a: Zamazenta|72\/100 tox|[from] item: Leftovers\n|-heal|p2a: Dondozo|63\/100|[from] item: Leftovers\n|-damage|p1a: Zamazenta|54\/100 tox|[from] psn\n|upkeep\n|turn|111\n|c|\u2606NDSNEZ BrakeSeer|THE CHIP\n|c|\u2606NDSNEZ BrakeSeer|CLUTCH\n|\n|t:|1700626504\n|switch|p1a: Tornadus|Tornadus-Therian, M|78\/100\n|-activate|p2a: Dondozo|move: Struggle\n|move|p2a: Dondozo|Struggle|p1a: Tornadus\n|-damage|p1a: Tornadus|68\/100\n|-damage|p2a: Dondozo|38\/100|[from] recoil\n|\n|-heal|p2a: Dondozo|44\/100|[from] item: Leftovers\n|upkeep\n|turn|112\n|\n|t:|1700626510\n|move|p1a: Tornadus|Knock Off|p2a: Dondozo\n|-damage|p2a: Dondozo|33\/100\n|-enditem|p2a: Dondozo|Leftovers|[from] move: Knock Off|[of] p1a: Tornadus\n|-activate|p2a: Dondozo|move: Struggle\n|move|p2a: Dondozo|Struggle|p1a: Tornadus\n|-damage|p1a: Tornadus|57\/100\n|-damage|p2a: Dondozo|8\/100|[from] recoil\n|\n|upkeep\n|turn|113\n|\n|t:|1700626515\n|move|p1a: Tornadus|Knock Off|p2a: Dondozo\n|-damage|p2a: Dondozo|2\/100\n|-activate|p2a: Dondozo|move: Struggle\n|move|p2a: Dondozo|Struggle|p1a: Tornadus\n|-crit|p1a: Tornadus\n|-damage|p1a: Tornadus|42\/100\n|-damage|p2a: Dondozo|0 fnt|[from] recoil\n|faint|p2a: Dondozo\n|\n|upkeep\n|\n|t:|1700626521\n|switch|p2a: Blissey|Blissey, F|77\/100\n|turn|114\n|\n|t:|1700626527\n|move|p1a: Tornadus|Protect|p1a: Tornadus\n|-singleturn|p1a: Tornadus|Protect\n|move|p2a: Blissey|Stealth Rock|p1a: Tornadus\n|-sidestart|p1: Tamagochan_the_3rd|move: Stealth Rock\n|\n|upkeep\n|turn|115\n|\n|t:|1700626533\n|move|p1a: Tornadus|Taunt|p2a: Blissey\n|-start|p2a: Blissey|move: Taunt\n|move|p2a: Blissey|Seismic Toss|p1a: Tornadus\n|-damage|p1a: Tornadus|14\/100\n|\n|upkeep\n|turn|116\n|\n|t:|1700626535\n|move|p1a: Tornadus|U-turn|p2a: Blissey\n|-damage|p2a: Blissey|51\/100\n|\n|t:|1700626539\n|switch|p1a: Zamazenta|Zamazenta|54\/100 tox|[from] U-turn\n|-damage|p1a: Zamazenta|29\/100 tox|[from] Spikes\n|-damage|p1a: Zamazenta|23\/100 tox|[from] Stealth Rock\n|move|p2a: Blissey|Seismic Toss|p1a: Zamazenta\n|-damage|p1a: Zamazenta|0 fnt\n|faint|p1a: Zamazenta\n|\n|upkeep\n|\n|t:|1700626541\n|switch|p1a: Beedrill|Beedrill-Mega, F|100\/100\n|-damage|p1a: Beedrill|76\/100|[from] Spikes\n|-damage|p1a: Beedrill|51\/100|[from] Stealth Rock\n|turn|117\n|inactive|Tamagochan_the_3rd has 120 seconds left.\n|\n|t:|1700626553\n|switch|p2a: Corviknight|Corviknight, F|100\/100\n|-ability|p2a: Corviknight|Pressure\n|move|p1a: Beedrill|Poison Jab|p2a: Corviknight\n|-immune|p2a: Corviknight\n|\n|upkeep\n|turn|118\n|\n|t:|1700626571\n|move|p1a: Beedrill|Knock Off|p2a: Corviknight\n|-damage|p2a: Corviknight|72\/100\n|-enditem|p2a: Corviknight|Leftovers|[from] move: Knock Off|[of] p1a: Beedrill\n|move|p2a: Corviknight|Iron Head|p1a: Beedrill\n|-damage|p1a: Beedrill|0 fnt\n|faint|p1a: Beedrill\n|\n|upkeep\n|inactive|Tamagochan_the_3rd has 120 seconds left.\n|\n|t:|1700626583\n|switch|p1a: Tornadus|Tornadus-Therian, M|47\/100\n|-damage|p1a: Tornadus|23\/100|[from] Stealth Rock\n|turn|119\n|inactive|Tamagochan_the_3rd has 120 seconds left.\n|\n|t:|1700626591\n|move|p1a: Tornadus|U-turn|p2a: Corviknight\n|-resisted|p2a: Corviknight\n|-damage|p2a: Corviknight|69\/100\n|move|p2a: Corviknight|Iron Head|p1a: Tornadus\n|-damage|p1a: Tornadus|0 fnt\n|faint|p1a: Tornadus\n|\n|win|NDSNEZ BrakeSeer\n|raw|Tamagochan_the_3rd's rating: 1346 &rarr; <strong>1332<\/strong><br \/>(-14 for losing)\n|raw|NDSNEZ BrakeSeer's rating: 1461 &rarr; <strong>1475<\/strong><br \/>(+14 for winning)\n","uploadtime":1700626597,"views":2,"p1id":"tamagochanthe3rd","p2id":"ndsnezbrakeseer","formatid":"gen9nationaldex","rating":1332,"private":0,"password":""}