{"id":"gen9nationaldex-1987063546","p1":"hightopfade69","p2":"B1GC0CK747","format":"[Gen 9] National Dex","log":"|j|\u203dhightopfade69\n|j|\u2606B1GC0CK747\n|t:|1699553090\n|gametype|singles\n|player|p1|hightopfade69|102|1096\n|player|p2|B1GC0CK747|crasherwake|1074\n|teamsize|p1|6\n|teamsize|p2|6\n|gen|9\n|tier|[Gen 9] National Dex\n|rated|\n|rule|HP Percentage Mod: HP is shown in percentages\n|rule|Endless Battle Clause: Forcing endless battles is banned\n|rule|OHKO Clause: OHKO moves are banned\n|rule|Evasion Clause: Evasion abilities, items, and moves are banned\n|rule|Evasion Abilities Clause: Evasion abilities are banned\n|rule|Evasion Items Clause: Evasion items are banned\n|rule|Evasion Moves Clause: Evasion moves are banned\n|rule|Species Clause: Limit one of each Pok\u00e9mon\n|rule|Sleep Clause Mod: Limit one foe put to sleep\n|clearpoke\n|poke|p1|Druddigon, F|\n|poke|p1|Banette, M|\n|poke|p1|Tapu Koko|\n|poke|p1|Iron Moth|\n|poke|p1|Dondozo, F|\n|poke|p1|Iron Valiant|\n|poke|p2|Aegislash, M|\n|poke|p2|Great Tusk|\n|poke|p2|Hoopa-Unbound|\n|poke|p2|Torkoal, M|\n|poke|p2|Tapu Fini|\n|poke|p2|Charizard, F|\n|teampreview\n|\n|t:|1699553121\n|start\n|switch|p1a: Druddigon|Druddigon, F|100\/100\n|switch|p2a: Torkoal|Torkoal, M, shiny|100\/100\n|-weather|SunnyDay|[from] ability: Drought|[of] p2a: Torkoal\n|turn|1\n|\n|t:|1699553161\n|move|p1a: Druddigon|Glare|p2a: Torkoal\n|-status|p2a: Torkoal|par\n|move|p2a: Torkoal|Stealth Rock|p1a: Druddigon\n|-sidestart|p1: hightopfade69|move: Stealth Rock\n|\n|-weather|SunnyDay|[upkeep]\n|upkeep\n|turn|2\n|\n|t:|1699553172\n|switch|p2a: Tapu Fini|Tapu Fini, shiny|100\/100\n|-fieldstart|move: Misty Terrain|[from] ability: Misty Surge|[of] p2a: Tapu Fini\n|move|p1a: Druddigon|Taunt|p2a: Tapu Fini\n|-start|p2a: Tapu Fini|move: Taunt\n|\n|-weather|SunnyDay|[upkeep]\n|upkeep\n|turn|3\n|\n|t:|1699553183\n|move|p2a: Tapu Fini|Draining Kiss|p1a: Druddigon\n|-supereffective|p1a: Druddigon\n|-damage|p1a: Druddigon|64\/100\n|-damage|p2a: Tapu Fini|88\/100|[from] ability: Rough Skin|[of] p1a: Druddigon\n|-damage|p2a: Tapu Fini|71\/100|[from] item: Rocky Helmet|[of] p1a: Druddigon\n|move|p1a: Druddigon|Stealth Rock|p2a: Tapu Fini\n|-sidestart|p2: B1GC0CK747|move: Stealth Rock\n|\n|-weather|SunnyDay|[upkeep]\n|-heal|p2a: Tapu Fini|78\/100|[from] item: Leftovers\n|upkeep\n|turn|4\n|\n|t:|1699553192\n|switch|p1a: Tapu Koko|Tapu Koko|100\/100\n|-damage|p1a: Tapu Koko|88\/100|[from] Stealth Rock\n|-fieldstart|move: Electric Terrain|[from] ability: Electric Surge|[of] p1a: Tapu Koko\n|move|p2a: Tapu Fini|Draining Kiss|p1a: Tapu Koko\n|-damage|p1a: Tapu Koko|50\/100\n|-heal|p2a: Tapu Fini|100\/100|[from] drain|[of] p1a: Tapu Koko\n|\n|-weather|SunnyDay|[upkeep]\n|-end|p2a: Tapu Fini|move: Taunt\n|upkeep\n|turn|5\n|\n|t:|1699553213\n|switch|p2a: Great Tusk|Great Tusk, shiny|100\/100\n|-damage|p2a: Great Tusk|98\/100|[from] Stealth Rock\n|-activate|p2a: Great Tusk|ability: Protosynthesis\n|-start|p2a: Great Tusk|protosynthesisatk\n|move|p1a: Tapu Koko|Light Screen|p1a: Tapu Koko\n|-sidestart|p1: hightopfade69|move: Light Screen\n|\n|-weather|SunnyDay|[upkeep]\n|upkeep\n|turn|6\n|\n|t:|1699553228\n|move|p1a: Tapu Koko|Reflect|p1a: Tapu Koko\n|-sidestart|p1: hightopfade69|Reflect\n|move|p2a: Great Tusk|Ice Spinner|p1a: Tapu Koko\n|-damage|p1a: Tapu Koko|23\/100\n|-fieldend|move: Electric Terrain\n|\n|-weather|SunnyDay|[upkeep]\n|upkeep\n|turn|7\n|\n|t:|1699553235\n|move|p1a: Tapu Koko|U-turn|p2a: Great Tusk\n|-resisted|p2a: Great Tusk\n|-damage|p2a: Great Tusk|89\/100\n|\n|t:|1699553238\n|switch|p1a: Druddigon|Druddigon, F|64\/100|[from] U-turn\n|-damage|p1a: Druddigon|51\/100|[from] Stealth Rock\n|move|p2a: Great Tusk|Ice Spinner|p1a: Druddigon\n|-supereffective|p1a: Druddigon\n|-damage|p1a: Druddigon|14\/100\n|-damage|p2a: Great Tusk|77\/100|[from] ability: Rough Skin|[of] p1a: Druddigon\n|-damage|p2a: Great Tusk|60\/100|[from] item: Rocky Helmet|[of] p1a: Druddigon\n|\n|-weather|SunnyDay|[upkeep]\n|upkeep\n|turn|8\n|\n|t:|1699553253\n|move|p2a: Great Tusk|Ice Spinner|p1a: Druddigon\n|-supereffective|p1a: Druddigon\n|-damage|p1a: Druddigon|0 fnt\n|-damage|p2a: Great Tusk|48\/100|[from] ability: Rough Skin|[of] p1a: Druddigon\n|-damage|p2a: Great Tusk|31\/100|[from] item: Rocky Helmet|[of] p1a: Druddigon\n|faint|p1a: Druddigon\n|\n|-weather|none\n|-end|p2a: Great Tusk|Protosynthesis\n|upkeep\n|-enditem|p2a: Great Tusk|Booster Energy\n|-activate|p2a: Great Tusk|ability: Protosynthesis|[fromitem]\n|-start|p2a: Great Tusk|protosynthesisatk\n|\n|t:|1699553267\n|switch|p1a: Iron Valiant|Iron Valiant|100\/100\n|-damage|p1a: Iron Valiant|94\/100|[from] Stealth Rock\n|turn|9\n|\n|t:|1699553291\n|move|p1a: Iron Valiant|Moonblast|p2a: Great Tusk\n|-supereffective|p2a: Great Tusk\n|-damage|p2a: Great Tusk|0 fnt\n|faint|p2a: Great Tusk\n|-end|p2a: Great Tusk|Protosynthesis|[silent]\n|-damage|p1a: Iron Valiant|85\/100|[from] item: Life Orb\n|\n|-sideend|p1: hightopfade69|move: Light Screen\n|upkeep\n|\n|t:|1699553298\n|switch|p2a: Torkoal|Torkoal, M, shiny|100\/100 par\n|-damage|p2a: Torkoal|76\/100 par|[from] Stealth Rock\n|-weather|SunnyDay|[from] ability: Drought|[of] p2a: Torkoal\n|turn|10\n|\n|t:|1699553305\n|move|p1a: Iron Valiant|Thunderbolt|p2a: Torkoal\n|-damage|p2a: Torkoal|37\/100 par\n|-damage|p1a: Iron Valiant|75\/100|[from] item: Life Orb\n|move|p2a: Torkoal|Rapid Spin|p1a: Iron Valiant\n|-damage|p1a: Iron Valiant|69\/100\n|-boost|p2a: Torkoal|spe|1\n|-sideend|p2: B1GC0CK747|Stealth Rock|[from] move: Rapid Spin|[of] p2a: Torkoal\n|\n|-weather|SunnyDay|[upkeep]\n|-sideend|p1: hightopfade69|Reflect\n|upkeep\n|turn|11\n|\n|t:|1699553315\n|move|p1a: Iron Valiant|Thunderbolt|p2a: Torkoal\n|-damage|p2a: Torkoal|0 fnt\n|faint|p2a: Torkoal\n|-damage|p1a: Iron Valiant|59\/100|[from] item: Life Orb\n|\n|-weather|SunnyDay|[upkeep]\n|upkeep\n|\n|t:|1699553321\n|switch|p2a: Charizard|Charizard, F, shiny|100\/100\n|turn|12\n|\n|t:|1699553329\n|detailschange|p2a: Charizard|Charizard-Mega-Y, F, shiny\n|-mega|p2a: Charizard|Charizard|Charizardite Y\n|move|p1a: Iron Valiant|Thunderbolt|p2a: Charizard\n|-supereffective|p2a: Charizard\n|-damage|p2a: Charizard|40\/100\n|-damage|p1a: Iron Valiant|49\/100|[from] item: Life Orb\n|move|p2a: Charizard|Flamethrower|p1a: Iron Valiant\n|-damage|p1a: Iron Valiant|0 fnt\n|faint|p1a: Iron Valiant\n|-end|p1a: Iron Valiant|Quark Drive|[silent]\n|\n|-weather|SunnyDay|[upkeep]\n|upkeep\n|\n|t:|1699553334\n|switch|p1a: Tapu Koko|Tapu Koko|23\/100\n|-damage|p1a: Tapu Koko|11\/100|[from] Stealth Rock\n|-fieldstart|move: Electric Terrain|[from] ability: Electric Surge|[of] p1a: Tapu Koko\n|turn|13\n|\n|t:|1699553348\n|switch|p2a: Aegislash|Aegislash, M, shiny|100\/100\n|-item|p2a: Aegislash|Air Balloon\n|move|p1a: Tapu Koko|Light Screen|p1a: Tapu Koko\n|-sidestart|p1: hightopfade69|move: Light Screen\n|\n|-weather|SunnyDay|[upkeep]\n|upkeep\n|turn|14\n|\n|t:|1699553356\n|-formechange|p2a: Aegislash|Aegislash-Blade||[from] ability: Stance Change\n|move|p2a: Aegislash|Shadow Sneak|p1a: Tapu Koko\n|-damage|p1a: Tapu Koko|0 fnt\n|faint|p1a: Tapu Koko\n|\n|-weather|SunnyDay|[upkeep]\n|upkeep\n|\n|t:|1699553368\n|switch|p1a: Iron Moth|Iron Moth|100\/100\n|-damage|p1a: Iron Moth|76\/100|[from] Stealth Rock\n|-activate|p1a: Iron Moth|ability: Quark Drive\n|-start|p1a: Iron Moth|quarkdrivespe\n|turn|15\n|\n|t:|1699553379\n|switch|p2a: Tapu Fini|Tapu Fini, shiny|100\/100\n|-fieldstart|move: Misty Terrain|[from] ability: Misty Surge|[of] p2a: Tapu Fini\n|-end|p1a: Iron Moth|Quark Drive\n|move|p1a: Iron Moth|Discharge|p2a: Tapu Fini\n|-supereffective|p2a: Tapu Fini\n|-damage|p2a: Tapu Fini|37\/100\n|\n|-weather|SunnyDay|[upkeep]\n|-heal|p2a: Tapu Fini|43\/100|[from] item: Leftovers\n|upkeep\n|turn|16\n|\n|t:|1699553404\n|-terastallize|p2a: Tapu Fini|Electric\n|move|p1a: Iron Moth|Discharge|p2a: Tapu Fini\n|-resisted|p2a: Tapu Fini\n|-damage|p2a: Tapu Fini|29\/100\n|move|p2a: Tapu Fini|Draining Kiss|p1a: Iron Moth\n|-resisted|p1a: Iron Moth\n|-damage|p1a: Iron Moth|73\/100\n|-heal|p2a: Tapu Fini|31\/100|[from] drain|[of] p1a: Iron Moth\n|\n|-weather|SunnyDay|[upkeep]\n|-heal|p2a: Tapu Fini|37\/100|[from] item: Leftovers\n|upkeep\n|turn|17\n|\n|t:|1699553415\n|-end|p1a: Iron Moth|Quark Drive|[silent]\n|switch|p1a: Dondozo|Dondozo, F|100\/100\n|-damage|p1a: Dondozo|88\/100|[from] Stealth Rock\n|move|p2a: Tapu Fini|Scald|p1a: Dondozo\n|-resisted|p1a: Dondozo\n|-damage|p1a: Dondozo|84\/100\n|\n|-weather|none\n|-heal|p2a: Tapu Fini|43\/100|[from] item: Leftovers\n|-heal|p1a: Dondozo|90\/100|[from] item: Leftovers\n|-sideend|p1: hightopfade69|move: Light Screen\n|upkeep\n|turn|18\n|\n|t:|1699553428\n|move|p2a: Tapu Fini|Draining Kiss|p1a: Dondozo\n|-damage|p1a: Dondozo|69\/100\n|-heal|p2a: Tapu Fini|66\/100|[from] drain|[of] p1a: Dondozo\n|move|p1a: Dondozo|Earthquake|p2a: Tapu Fini\n|-supereffective|p2a: Tapu Fini\n|-damage|p2a: Tapu Fini|13\/100\n|\n|-heal|p2a: Tapu Fini|19\/100|[from] item: Leftovers\n|-heal|p1a: Dondozo|75\/100|[from] item: Leftovers\n|upkeep\n|turn|19\n|\n|t:|1699553442\n|move|p2a: Tapu Fini|Draining Kiss|p1a: Dondozo\n|-damage|p1a: Dondozo|53\/100\n|-heal|p2a: Tapu Fini|43\/100|[from] drain|[of] p1a: Dondozo\n|move|p1a: Dondozo|Earthquake|p2a: Tapu Fini\n|-supereffective|p2a: Tapu Fini\n|-damage|p2a: Tapu Fini|0 fnt\n|faint|p2a: Tapu Fini\n|\n|-heal|p1a: Dondozo|59\/100|[from] item: Leftovers\n|-fieldend|Misty Terrain\n|upkeep\n|\n|t:|1699553452\n|switch|p2a: Hoopa|Hoopa-Unbound|100\/100\n|turn|20\n|\n|t:|1699553459\n|move|p2a: Hoopa|Hyperspace Fury|p1a: Dondozo\n|-crit|p1a: Dondozo\n|-damage|p1a: Dondozo|0 fnt\n|-unboost|p2a: Hoopa|def|1\n|faint|p1a: Dondozo\n|\n|upkeep\n|\n|t:|1699553466\n|switch|p1a: Banette|Banette, M|100\/100\n|-damage|p1a: Banette|88\/100|[from] Stealth Rock\n|-item|p2a: Hoopa|Choice Band|[from] ability: Frisk|[of] p1a: Banette|[identify]\n|turn|21\n|\n|t:|1699553483\n|switch|p2a: Aegislash|Aegislash, M, shiny|100\/100\n|-item|p2a: Aegislash|Air Balloon\n|detailschange|p1a: Banette|Banette-Mega, M\n|-mega|p1a: Banette|Banette|Banettite\n|move|p1a: Banette|Destiny Bond|p1a: Banette\n|-singlemove|p1a: Banette|Destiny Bond\n|\n|upkeep\n|turn|22\n|\n|t:|1699553493\n|move|p1a: Banette|Poltergeist|p2a: Aegislash\n|-activate|p2a: Aegislash|move: Poltergeist|Air Balloon\n|-supereffective|p2a: Aegislash\n|-damage|p2a: Aegislash|0 fnt\n|-enditem|p2a: Aegislash|Air Balloon\n|faint|p2a: Aegislash\n|\n|upkeep\n|\n|t:|1699553500\n|switch|p2a: Hoopa|Hoopa-Unbound|100\/100\n|turn|23\n|\n|t:|1699553504\n|move|p1a: Banette|Destiny Bond|p1a: Banette\n|-singlemove|p1a: Banette|Destiny Bond\n|move|p2a: Hoopa|Hyperspace Fury|p1a: Banette\n|-supereffective|p1a: Banette\n|-damage|p1a: Banette|0 fnt\n|-unboost|p2a: Hoopa|def|1\n|faint|p1a: Banette\n|-activate|p1a: Banette|move: Destiny Bond\n|faint|p2a: Hoopa\n|\n|upkeep\n|\n|t:|1699553515\n|switch|p2a: Charizard|Charizard-Mega-Y, F, shiny|40\/100\n|switch|p1a: Iron Moth|Iron Moth|73\/100\n|-damage|p1a: Iron Moth|48\/100|[from] Stealth Rock\n|-weather|SunnyDay|[from] ability: Drought|[of] p2a: Charizard\n|turn|24\n|\n|t:|1699553526\n|move|p1a: Iron Moth|Discharge|p2a: Charizard\n|-supereffective|p2a: Charizard\n|-damage|p2a: Charizard|0 fnt\n|faint|p2a: Charizard\n|\n|win|hightopfade69\n|raw|hightopfade69's rating: 1096 &rarr; <strong>1120<\/strong><br \/>(+24 for winning)\n|raw|B1GC0CK747's rating: 1074 &rarr; <strong>1054<\/strong><br \/>(-20 for losing)\n|c|\u2606B1GC0CK747|gg\n","uploadtime":1699553533,"views":20,"p1id":"hightopfade69","p2id":"b1gc0ck747","formatid":"gen9nationaldex","rating":1054,"private":0,"password":""}