{"id":"gen9nationaldex-1987370607","p1":"Trainer-Yanwu","p2":"brothajustplay","format":"[Gen 9] National Dex","log":"|j|\u2606Trainer-Yanwu\n|j|\u2606brothajustplay\n|t:|1699582872\n|gametype|singles\n|player|p1|Trainer-Yanwu|fisherman|1360\n|player|p2|brothajustplay|musician|1279\n|teamsize|p1|6\n|teamsize|p2|6\n|gen|9\n|tier|[Gen 9] National Dex\n|rated|\n|rule|HP Percentage Mod: HP is shown in percentages\n|rule|Endless Battle Clause: Forcing endless battles is banned\n|rule|OHKO Clause: OHKO moves are banned\n|rule|Evasion Clause: Evasion abilities, items, and moves are banned\n|rule|Evasion Abilities Clause: Evasion abilities are banned\n|rule|Evasion Items Clause: Evasion items are banned\n|rule|Evasion Moves Clause: Evasion moves are banned\n|rule|Species Clause: Limit one of each Pok\u00e9mon\n|rule|Sleep Clause Mod: Limit one foe put to sleep\n|clearpoke\n|poke|p1|Mienshao, M|\n|poke|p1|Zapdos|\n|poke|p1|Scizor, M|\n|poke|p1|Pelipper, M|\n|poke|p1|Tapu Lele|\n|poke|p1|Hydreigon, M|\n|poke|p2|Ogerpon-Cornerstone, F|\n|poke|p2|Absol, M|\n|poke|p2|Blacephalon|\n|poke|p2|Kommo-o, M|\n|poke|p2|Rotom-Wash|\n|poke|p2|Latias, F|\n|teampreview\n|\n|t:|1699582888\n|start\n|switch|p1a: Zapdos|Zapdos|100\/100\n|switch|p2a: Rotom|Rotom-Wash|100\/100\n|turn|1\n|inactive|Battle timer is ON: inactive players will automatically lose when time's up. (requested by brothajustplay)\n|\n|t:|1699582894\n|move|p2a: Rotom|Volt Switch|p1a: Zapdos\n|-crit|p1a: Zapdos\n|-damage|p1a: Zapdos|56\/100\n|\n|t:|1699582900\n|switch|p2a: Latias|Latias, F|100\/100|[from] Volt Switch\n|move|p1a: Zapdos|Thunderbolt|p2a: Latias\n|-resisted|p2a: Latias\n|-damage|p2a: Latias|77\/100\n|\n|-heal|p1a: Zapdos|63\/100|[from] item: Leftovers\n|upkeep\n|turn|2\n|\n|t:|1699582910\n|switch|p1a: Tapu Lele|Tapu Lele|100\/100\n|-fieldstart|move: Psychic Terrain|[from] ability: Psychic Surge|[of] p1a: Tapu Lele\n|move|p2a: Latias|Calm Mind|p2a: Latias\n|-boost|p2a: Latias|spa|1\n|-boost|p2a: Latias|spd|1\n|\n|upkeep\n|turn|3\n|\n|t:|1699582918\n|move|p2a: Latias|Psychic|p1a: Tapu Lele\n|-resisted|p1a: Tapu Lele\n|-damage|p1a: Tapu Lele|62\/100\n|move|p1a: Tapu Lele|Moonblast|p2a: Latias\n|-supereffective|p2a: Latias\n|-damage|p2a: Latias|11\/100\n|\n|upkeep\n|turn|4\n|\n|t:|1699582931\n|move|p2a: Latias|Thunder Wave|p1a: Tapu Lele\n|-status|p1a: Tapu Lele|par\n|cant|p1a: Tapu Lele|par\n|\n|upkeep\n|turn|5\n|\n|t:|1699582937\n|move|p2a: Latias|Psychic|p1a: Tapu Lele\n|-resisted|p1a: Tapu Lele\n|-damage|p1a: Tapu Lele|21\/100 par\n|move|p1a: Tapu Lele|Moonblast|p2a: Latias\n|-supereffective|p2a: Latias\n|-damage|p2a: Latias|0 fnt\n|faint|p2a: Latias\n|\n|upkeep\n|\n|t:|1699582948\n|switch|p2a: Blacephalon|Blacephalon|100\/100\n|turn|6\n|\n|t:|1699582954\n|-terastallize|p2a: Blacephalon|Fire\n|move|p2a: Blacephalon|Flamethrower|p1a: Tapu Lele\n|-damage|p1a: Tapu Lele|0 fnt\n|faint|p1a: Tapu Lele\n|-ability|p2a: Blacephalon|Beast Boost|boost\n|-boost|p2a: Blacephalon|spa|1\n|\n|-fieldend|move: Psychic Terrain\n|upkeep\n|\n|t:|1699582963\n|switch|p1a: Pelipper|Pelipper, M|100\/100\n|-weather|RainDance|[from] ability: Drizzle|[of] p1a: Pelipper\n|turn|7\n|\n|t:|1699582967\n|move|p2a: Blacephalon|Flamethrower|p1a: Pelipper\n|-resisted|p1a: Pelipper\n|-damage|p1a: Pelipper|57\/100\n|-status|p1a: Pelipper|brn\n|move|p1a: Pelipper|Hydro Pump|p2a: Blacephalon\n|-supereffective|p2a: Blacephalon\n|-damage|p2a: Blacephalon|0 fnt\n|faint|p2a: Blacephalon\n|\n|-weather|RainDance|[upkeep]\n|-damage|p1a: Pelipper|51\/100 brn|[from] brn\n|upkeep\n|\n|t:|1699582977\n|switch|p2a: Ogerpon|Ogerpon-Cornerstone, F|100\/100\n|turn|8\n|\n|t:|1699582983\n|move|p2a: Ogerpon|Swords Dance|p2a: Ogerpon\n|-boost|p2a: Ogerpon|atk|2\n|move|p1a: Pelipper|Hydro Pump|p2a: Ogerpon\n|-ability|p2a: Ogerpon|Sturdy\n|-damage|p2a: Ogerpon|1\/100\n|\n|-weather|RainDance|[upkeep]\n|-damage|p1a: Pelipper|45\/100 brn|[from] brn\n|upkeep\n|turn|9\n|\n|t:|1699583006\n|move|p2a: Ogerpon|Horn Leech|p1a: Pelipper\n|-damage|p1a: Pelipper|0 fnt\n|-heal|p2a: Ogerpon|20\/100|[from] drain|[of] p1a: Pelipper\n|faint|p1a: Pelipper\n|\n|-weather|RainDance|[upkeep]\n|upkeep\n|\n|t:|1699583017\n|switch|p1a: Mienshao|Mienshao, M|100\/100\n|turn|10\n|\n|t:|1699583023\n|move|p1a: Mienshao|Fake Out|p2a: Ogerpon\n|-resisted|p2a: Ogerpon\n|-damage|p2a: Ogerpon|9\/100\n|-damage|p1a: Mienshao|91\/100|[from] item: Life Orb\n|cant|p2a: Ogerpon|flinch\n|\n|-weather|RainDance|[upkeep]\n|upkeep\n|turn|11\n|\n|t:|1699583036\n|switch|p1a: Hydreigon|Hydreigon, M|100\/100\n|move|p2a: Ogerpon|Horn Leech|p1a: Hydreigon\n|-resisted|p1a: Hydreigon\n|-damage|p1a: Hydreigon|49\/100\n|-heal|p2a: Ogerpon|37\/100|[from] drain|[of] p1a: Hydreigon\n|\n|-weather|none\n|-heal|p1a: Hydreigon|56\/100|[from] item: Leftovers\n|upkeep\n|turn|12\n|\n|t:|1699583045\n|move|p2a: Ogerpon|Ivy Cudgel|p1a: Hydreigon\n|-damage|p1a: Hydreigon|0 fnt\n|faint|p1a: Hydreigon\n|\n|upkeep\n|\n|t:|1699583059\n|switch|p1a: Scizor|Scizor, M|100\/100\n|turn|13\n|\n|t:|1699583064\n|detailschange|p1a: Scizor|Scizor-Mega, M\n|-mega|p1a: Scizor|Scizor|Scizorite\n|move|p1a: Scizor|Bullet Punch|p2a: Ogerpon\n|-supereffective|p2a: Ogerpon\n|-damage|p2a: Ogerpon|0 fnt\n|faint|p2a: Ogerpon\n|\n|upkeep\n|\n|t:|1699583070\n|switch|p2a: Kommo-o|Kommo-o, M|100\/100\n|turn|14\n|\n|t:|1699583082\n|move|p2a: Kommo-o|Flamethrower|p1a: Scizor\n|-supereffective|p1a: Scizor\n|-damage|p1a: Scizor|0 fnt\n|faint|p1a: Scizor\n|\n|upkeep\n|\n|t:|1699583086\n|switch|p1a: Mienshao|Mienshao, M|91\/100\n|turn|15\n|\n|t:|1699583100\n|move|p1a: Mienshao|Fake Out|p2a: Kommo-o\n|-damage|p2a: Kommo-o|84\/100\n|-damage|p1a: Mienshao|81\/100|[from] item: Life Orb\n|cant|p2a: Kommo-o|flinch\n|\n|upkeep\n|turn|16\n|\n|t:|1699583106\n|-terastallize|p1a: Mienshao|Fairy\n|move|p1a: Mienshao|High Jump Kick|p2a: Kommo-o\n|-damage|p2a: Kommo-o|0 fnt\n|faint|p2a: Kommo-o\n|-damage|p1a: Mienshao|71\/100|[from] item: Life Orb\n|\n|upkeep\n|\n|t:|1699583113\n|switch|p2a: Rotom|Rotom-Wash|100\/100\n|turn|17\n|\n|t:|1699583117\n|move|p1a: Mienshao|High Jump Kick|p2a: Rotom\n|-damage|p2a: Rotom|0 fnt\n|faint|p2a: Rotom\n|-damage|p1a: Mienshao|61\/100|[from] item: Life Orb\n|\n|upkeep\n|-message|brothajustplay forfeited.\n|\n|win|Trainer-Yanwu\n|raw|Trainer-Yanwu's rating: 1360 &rarr; <strong>1375<\/strong><br \/>(+15 for winning)\n|raw|brothajustplay's rating: 1279 &rarr; <strong>1260<\/strong><br \/>(-19 for losing)\n|l|\u2606brothajustplay\n","uploadtime":1699583126,"views":5,"p1id":"traineryanwu","p2id":"brothajustplay","formatid":"gen9nationaldex","rating":1260,"private":0,"password":""}