{"id":"gen9nationaldex-1989027267","p1":"Munchback","p2":"LorGin98","format":"[Gen 9] National Dex","log":"|j|\u2606Munchback\n|j|\u2606LorGin98\n|t:|1699803895\n|gametype|singles\n|player|p1|Munchback|veteran|1284\n|player|p2|LorGin98|clown|1225\n|teamsize|p1|6\n|teamsize|p2|6\n|gen|9\n|tier|[Gen 9] National Dex\n|rated|\n|rule|HP Percentage Mod: HP is shown in percentages\n|rule|Endless Battle Clause: Forcing endless battles is banned\n|rule|OHKO Clause: OHKO moves are banned\n|rule|Evasion Clause: Evasion abilities, items, and moves are banned\n|rule|Evasion Abilities Clause: Evasion abilities are banned\n|rule|Evasion Items Clause: Evasion items are banned\n|rule|Evasion Moves Clause: Evasion moves are banned\n|rule|Species Clause: Limit one of each Pok\u00e9mon\n|rule|Sleep Clause Mod: Limit one foe put to sleep\n|clearpoke\n|poke|p1|Arbok, M|\n|poke|p1|Landorus-Therian, M|\n|poke|p1|Gliscor, F|\n|poke|p1|Alomomola, M|\n|poke|p1|Toxapex, F|\n|poke|p1|Clodsire, M|\n|poke|p2|Ferrothorn, M|\n|poke|p2|Pelipper, M|\n|poke|p2|Snorlax, M|\n|poke|p2|Zamazenta-*|\n|poke|p2|Dondozo, M|\n|poke|p2|Cofagrigus, M|\n|teampreview\n|inactive|Battle timer is ON: inactive players will automatically lose when time's up. (requested by LorGin98)\n|\n|t:|1699803912\n|start\n|switch|p1a: Toxapex|Toxapex, F|100\/100\n|switch|p2a: Ferrothorn|Ferrothorn, M|100\/100\n|turn|1\n|\n|t:|1699803916\n|move|p1a: Toxapex|Knock Off|p2a: Ferrothorn\n|-damage|p2a: Ferrothorn|88\/100\n|-damage|p1a: Toxapex|88\/100|[from] ability: Iron Barbs|[of] p2a: Ferrothorn\n|-enditem|p2a: Ferrothorn|Leftovers|[from] move: Knock Off|[of] p1a: Toxapex\n|move|p2a: Ferrothorn|Leech Seed|p1a: Toxapex|[miss]\n|-miss|p2a: Ferrothorn|p1a: Toxapex\n|\n|upkeep\n|turn|2\n|\n|t:|1699803925\n|move|p1a: Toxapex|Scald|p2a: Ferrothorn\n|-resisted|p2a: Ferrothorn\n|-damage|p2a: Ferrothorn|81\/100\n|-status|p2a: Ferrothorn|brn\n|move|p2a: Ferrothorn|Leech Seed|p1a: Toxapex\n|-start|p1a: Toxapex|move: Leech Seed\n|\n|-damage|p1a: Toxapex|76\/100|[from] Leech Seed|[of] p2a: Ferrothorn\n|-heal|p2a: Ferrothorn|91\/100 brn|[silent]\n|-damage|p2a: Ferrothorn|85\/100 brn|[from] brn\n|upkeep\n|turn|3\n|\n|t:|1699803930\n|switch|p1a: Arbok|Arbok, M|100\/100\n|-ability|p1a: Arbok|Intimidate|boost\n|-unboost|p2a: Ferrothorn|atk|1\n|move|p2a: Ferrothorn|Leech Seed|p1a: Arbok\n|-start|p1a: Arbok|move: Leech Seed\n|\n|-damage|p1a: Arbok|88\/100|[from] Leech Seed|[of] p2a: Ferrothorn\n|-heal|p2a: Ferrothorn|96\/100 brn|[silent]\n|-damage|p2a: Ferrothorn|90\/100 brn|[from] brn\n|upkeep\n|turn|4\n|\n|t:|1699803933\n|move|p1a: Arbok|Switcheroo|p2a: Ferrothorn\n|-activate|p1a: Arbok|move: Trick|[of] p2a: Ferrothorn\n|-item|p2a: Ferrothorn|Black Sludge|[from] move: Switcheroo\n|-enditem|p1a: Arbok|Black Sludge|[silent]|[from] move: Switcheroo\n|move|p2a: Ferrothorn|Gyro Ball|p1a: Arbok\n|-damage|p1a: Arbok|76\/100\n|\n|-damage|p2a: Ferrothorn|77\/100 brn|[from] item: Black Sludge\n|-damage|p1a: Arbok|64\/100|[from] Leech Seed|[of] p2a: Ferrothorn\n|-heal|p2a: Ferrothorn|89\/100 brn|[silent]\n|-damage|p2a: Ferrothorn|83\/100 brn|[from] brn\n|upkeep\n|turn|5\n|\n|t:|1699803949\n|switch|p1a: Toxapex|Toxapex, F|100\/100\n|move|p2a: Ferrothorn|Leech Seed|p1a: Toxapex\n|-start|p1a: Toxapex|move: Leech Seed\n|\n|-damage|p2a: Ferrothorn|70\/100 brn|[from] item: Black Sludge\n|-damage|p1a: Toxapex|88\/100|[from] Leech Seed|[of] p2a: Ferrothorn\n|-heal|p2a: Ferrothorn|81\/100 brn|[silent]\n|-damage|p2a: Ferrothorn|74\/100 brn|[from] brn\n|upkeep\n|turn|6\n|\n|t:|1699803961\n|switch|p1a: Gliscor|Gliscor, F|100\/100\n|move|p2a: Ferrothorn|Gyro Ball|p1a: Gliscor\n|-damage|p1a: Gliscor|88\/100\n|\n|-damage|p2a: Ferrothorn|62\/100 brn|[from] item: Black Sludge\n|-damage|p2a: Ferrothorn|56\/100 brn|[from] brn\n|-status|p1a: Gliscor|tox|[from] item: Toxic Orb\n|upkeep\n|turn|7\n|\n|t:|1699803967\n|move|p1a: Gliscor|Earthquake|p2a: Ferrothorn\n|-damage|p2a: Ferrothorn|31\/100 brn\n|move|p2a: Ferrothorn|Leech Seed|p1a: Gliscor\n|-start|p1a: Gliscor|move: Leech Seed\n|\n|-damage|p2a: Ferrothorn|18\/100 brn|[from] item: Black Sludge\n|-damage|p1a: Gliscor|75\/100 tox|[from] Leech Seed|[of] p2a: Ferrothorn\n|-heal|p2a: Ferrothorn|31\/100 brn|[silent]\n|-heal|p1a: Gliscor|88\/100 tox|[from] ability: Poison Heal\n|-damage|p2a: Ferrothorn|24\/100 brn|[from] brn\n|upkeep\n|turn|8\n|\n|t:|1699803973\n|switch|p2a: Pelipper|Pelipper, M|100\/100\n|-weather|RainDance|[from] ability: Drizzle|[of] p2a: Pelipper\n|move|p1a: Gliscor|Defog|p2a: Pelipper\n|-unboost|p2a: Pelipper|evasion|1\n|\n|-weather|RainDance|[upkeep]\n|-damage|p1a: Gliscor|75\/100 tox|[from] Leech Seed|[of] p2a: Pelipper\n|-heal|p1a: Gliscor|88\/100 tox|[from] ability: Poison Heal\n|upkeep\n|turn|9\n|\n|t:|1699803984\n|switch|p1a: Toxapex|Toxapex, F|100\/100\n|move|p2a: Pelipper|Scald|p1a: Toxapex\n|-resisted|p1a: Toxapex\n|-damage|p1a: Toxapex|91\/100\n|-status|p1a: Toxapex|brn\n|\n|-weather|RainDance|[upkeep]\n|-damage|p1a: Toxapex|85\/100 brn|[from] brn\n|upkeep\n|turn|10\n|\n|t:|1699803992\n|switch|p2a: Ferrothorn|Ferrothorn, M|24\/100 brn\n|move|p1a: Toxapex|Knock Off|p2a: Ferrothorn\n|-damage|p2a: Ferrothorn|18\/100 brn\n|-damage|p1a: Toxapex|73\/100 brn|[from] ability: Iron Barbs|[of] p2a: Ferrothorn\n|-enditem|p2a: Ferrothorn|Black Sludge|[from] move: Knock Off|[of] p1a: Toxapex\n|\n|-weather|RainDance|[upkeep]\n|-damage|p1a: Toxapex|67\/100 brn|[from] brn\n|-damage|p2a: Ferrothorn|12\/100 brn|[from] brn\n|upkeep\n|turn|11\n|\n|t:|1699803997\n|move|p1a: Toxapex|Scald|p2a: Ferrothorn\n|-resisted|p2a: Ferrothorn\n|-damage|p2a: Ferrothorn|0 fnt\n|faint|p2a: Ferrothorn\n|\n|-weather|RainDance|[upkeep]\n|-damage|p1a: Toxapex|61\/100 brn|[from] brn\n|upkeep\n|\n|t:|1699804006\n|switch|p2a: Cofagrigus|Cofagrigus, M|100\/100\n|turn|12\n|\n|t:|1699804011\n|move|p2a: Cofagrigus|Hex|p1a: Toxapex\n|-damage|p1a: Toxapex|37\/100 brn\n|move|p1a: Toxapex|Acid Spray|p2a: Cofagrigus\n|-resisted|p2a: Cofagrigus\n|-damage|p2a: Cofagrigus|95\/100\n|-unboost|p2a: Cofagrigus|spd|2\n|\n|-weather|RainDance|[upkeep]\n|-heal|p2a: Cofagrigus|100\/100|[from] item: Leftovers\n|-damage|p1a: Toxapex|31\/100 brn|[from] brn\n|upkeep\n|turn|13\n|\n|t:|1699804021\n|move|p2a: Cofagrigus|Hex|p1a: Toxapex\n|-damage|p1a: Toxapex|9\/100 brn\n|move|p1a: Toxapex|Scald|p2a: Cofagrigus\n|-damage|p2a: Cofagrigus|37\/100\n|\n|-weather|RainDance|[upkeep]\n|-heal|p2a: Cofagrigus|43\/100|[from] item: Leftovers\n|-damage|p1a: Toxapex|3\/100 brn|[from] brn\n|upkeep\n|turn|14\n|\n|t:|1699804031\n|move|p2a: Cofagrigus|Protect|p2a: Cofagrigus\n|-singleturn|p2a: Cofagrigus|Protect\n|move|p1a: Toxapex|Scald|p2a: Cofagrigus\n|-activate|p2a: Cofagrigus|move: Protect\n|\n|-weather|RainDance|[upkeep]\n|-heal|p2a: Cofagrigus|49\/100|[from] item: Leftovers\n|-damage|p1a: Toxapex|0 fnt|[from] brn\n|faint|p1a: Toxapex\n|upkeep\n|\n|t:|1699804033\n|switch|p1a: Landorus|Landorus-Therian, M|100\/100\n|-ability|p1a: Landorus|Intimidate|boost\n|-unboost|p2a: Cofagrigus|atk|1\n|turn|15\n|\n|t:|1699804039\n|move|p1a: Landorus|Earthquake|p2a: Cofagrigus\n|-damage|p2a: Cofagrigus|12\/100\n|move|p2a: Cofagrigus|Will-O-Wisp|p1a: Landorus|[miss]\n|-miss|p2a: Cofagrigus|p1a: Landorus\n|\n|-weather|none\n|-heal|p2a: Cofagrigus|19\/100|[from] item: Leftovers\n|upkeep\n|turn|16\n|\n|t:|1699804044\n|move|p2a: Cofagrigus|Protect|p2a: Cofagrigus\n|-singleturn|p2a: Cofagrigus|Protect\n|move|p1a: Landorus|Earthquake|p2a: Cofagrigus\n|-activate|p2a: Cofagrigus|move: Protect\n|\n|-heal|p2a: Cofagrigus|25\/100|[from] item: Leftovers\n|upkeep\n|turn|17\n|\n|t:|1699804055\n|switch|p2a: Pelipper|Pelipper, M|100\/100\n|-weather|RainDance|[from] ability: Drizzle|[of] p2a: Pelipper\n|move|p1a: Landorus|Earthquake|p2a: Pelipper\n|-immune|p2a: Pelipper\n|\n|-weather|RainDance|[upkeep]\n|upkeep\n|turn|18\n|\n|t:|1699804067\n|switch|p1a: Alomomola|Alomomola, M|100\/100\n|move|p2a: Pelipper|Ice Beam|p1a: Alomomola\n|-resisted|p1a: Alomomola\n|-damage|p1a: Alomomola|89\/100\n|\n|-weather|RainDance|[upkeep]\n|-heal|p1a: Alomomola|96\/100|[from] item: Leftovers\n|upkeep\n|turn|19\n|\n|t:|1699804075\n|switch|p2a: Cofagrigus|Cofagrigus, M|25\/100\n|move|p1a: Alomomola|Toxic|p2a: Cofagrigus\n|-status|p2a: Cofagrigus|tox\n|\n|-weather|RainDance|[upkeep]\n|-heal|p1a: Alomomola|100\/100|[from] item: Leftovers\n|-heal|p2a: Cofagrigus|31\/100 tox|[from] item: Leftovers\n|-damage|p2a: Cofagrigus|25\/100 tox|[from] psn\n|upkeep\n|turn|20\n|\n|t:|1699804080\n|move|p1a: Alomomola|Protect|p1a: Alomomola\n|-singleturn|p1a: Alomomola|Protect\n|move|p2a: Cofagrigus|Toxic|p1a: Alomomola\n|-activate|p1a: Alomomola|move: Protect\n|\n|-weather|RainDance|[upkeep]\n|-heal|p2a: Cofagrigus|31\/100 tox|[from] item: Leftovers\n|-damage|p2a: Cofagrigus|19\/100 tox|[from] psn\n|upkeep\n|turn|21\n|\n|t:|1699804087\n|switch|p1a: Gliscor|Gliscor, F|88\/100 tox\n|move|p2a: Cofagrigus|Will-O-Wisp||[still]\n|-fail|p2a: Cofagrigus\n|\n|-weather|RainDance|[upkeep]\n|-heal|p2a: Cofagrigus|25\/100 tox|[from] item: Leftovers\n|-heal|p1a: Gliscor|99\/100 tox|[from] ability: Poison Heal\n|-damage|p2a: Cofagrigus|6\/100 tox|[from] psn\n|upkeep\n|turn|22\n|\n|t:|1699804092\n|move|p1a: Gliscor|Protect|p1a: Gliscor\n|-singleturn|p1a: Gliscor|Protect\n|move|p2a: Cofagrigus|Hex|p1a: Gliscor\n|-activate|p1a: Gliscor|move: Protect\n|\n|-weather|RainDance|[upkeep]\n|-heal|p2a: Cofagrigus|12\/100 tox|[from] item: Leftovers\n|-heal|p1a: Gliscor|100\/100 tox|[from] ability: Poison Heal\n|-damage|p2a: Cofagrigus|0 fnt|[from] psn\n|faint|p2a: Cofagrigus\n|upkeep\n|\n|t:|1699804097\n|switch|p2a: Dondozo|Dondozo, M|100\/100\n|turn|23\n|\n|t:|1699804107\n|switch|p1a: Alomomola|Alomomola, M|100\/100\n|move|p2a: Dondozo|Curse|p2a: Dondozo\n|-unboost|p2a: Dondozo|spe|1\n|-boost|p2a: Dondozo|atk|1\n|-boost|p2a: Dondozo|def|1\n|\n|-weather|RainDance|[upkeep]\n|upkeep\n|turn|24\n|\n|t:|1699804126\n|switch|p2a: Snorlax|Snorlax, M|100\/100\n|move|p1a: Alomomola|Toxic|p2a: Snorlax\n|-immune|p2a: Snorlax|[from] ability: Immunity\n|\n|-weather|none\n|upkeep\n|turn|25\n|\n|t:|1699804134\n|move|p1a: Alomomola|Flip Turn|p2a: Snorlax\n|-damage|p2a: Snorlax|84\/100\n|\n|t:|1699804136\n|switch|p1a: Landorus|Landorus-Therian, M|100\/100|[from] Flip Turn\n|-ability|p1a: Landorus|Intimidate|boost\n|-unboost|p2a: Snorlax|atk|1\n|move|p2a: Snorlax|Curse|p2a: Snorlax\n|-unboost|p2a: Snorlax|spe|1\n|-boost|p2a: Snorlax|atk|1\n|-boost|p2a: Snorlax|def|1\n|\n|-heal|p2a: Snorlax|90\/100|[from] item: Leftovers\n|upkeep\n|turn|26\n|\n|t:|1699804142\n|move|p1a: Landorus|Stealth Rock|p2a: Snorlax\n|-sidestart|p2: LorGin98|move: Stealth Rock\n|move|p2a: Snorlax|Curse|p2a: Snorlax\n|-unboost|p2a: Snorlax|spe|1\n|-boost|p2a: Snorlax|atk|1\n|-boost|p2a: Snorlax|def|1\n|\n|-heal|p2a: Snorlax|96\/100|[from] item: Leftovers\n|upkeep\n|turn|27\n|\n|t:|1699804146\n|switch|p1a: Arbok|Arbok, M|64\/100\n|-ability|p1a: Arbok|Intimidate|boost\n|-unboost|p2a: Snorlax|atk|1\n|move|p2a: Snorlax|Curse|p2a: Snorlax\n|-unboost|p2a: Snorlax|spe|1\n|-boost|p2a: Snorlax|atk|1\n|-boost|p2a: Snorlax|def|1\n|\n|-heal|p2a: Snorlax|100\/100|[from] item: Leftovers\n|upkeep\n|turn|28\n|\n|t:|1699804159\n|move|p1a: Arbok|Switcheroo|p2a: Snorlax\n|-activate|p1a: Arbok|move: Trick|[of] p2a: Snorlax\n|-enditem|p2a: Snorlax|Leftovers|[silent]|[from] move: Switcheroo\n|-item|p1a: Arbok|Leftovers|[from] move: Switcheroo\n|move|p2a: Snorlax|Curse|p2a: Snorlax\n|-unboost|p2a: Snorlax|spe|1\n|-boost|p2a: Snorlax|atk|1\n|-boost|p2a: Snorlax|def|1\n|\n|-heal|p1a: Arbok|70\/100|[from] item: Leftovers\n|upkeep\n|turn|29\n|\n|t:|1699804171\n|switch|p1a: Landorus|Landorus-Therian, M|100\/100\n|-ability|p1a: Landorus|Intimidate|boost\n|-unboost|p2a: Snorlax|atk|1\n|move|p2a: Snorlax|Curse|p2a: Snorlax\n|-unboost|p2a: Snorlax|spe|1\n|-boost|p2a: Snorlax|atk|1\n|-boost|p2a: Snorlax|def|1\n|\n|upkeep\n|turn|30\n|\n|t:|1699804174\n|switch|p1a: Clodsire|Clodsire, M|100\/100\n|move|p2a: Snorlax|Curse|p2a: Snorlax\n|-unboost|p2a: Snorlax|spe|1\n|-boost|p2a: Snorlax|atk|1\n|-boost|p2a: Snorlax|def|1\n|\n|upkeep\n|turn|31\n|\n|t:|1699804178\n|move|p1a: Clodsire|Haze|p1a: Clodsire\n|-clearallboost\n|move|p2a: Snorlax|Crunch|p1a: Clodsire\n|-damage|p1a: Clodsire|81\/100\n|\n|-heal|p1a: Clodsire|87\/100|[from] item: Leftovers\n|upkeep\n|turn|32\n|\n|t:|1699804185\n|move|p2a: Snorlax|Crunch|p1a: Clodsire\n|-damage|p1a: Clodsire|68\/100\n|move|p1a: Clodsire|Earthquake|p2a: Snorlax\n|-damage|p2a: Snorlax|76\/100\n|\n|-heal|p1a: Clodsire|74\/100|[from] item: Leftovers\n|upkeep\n|turn|33\n|\n|t:|1699804190\n|move|p2a: Snorlax|Curse|p2a: Snorlax\n|-unboost|p2a: Snorlax|spe|1\n|-boost|p2a: Snorlax|atk|1\n|-boost|p2a: Snorlax|def|1\n|move|p1a: Clodsire|Earthquake|p2a: Snorlax\n|-damage|p2a: Snorlax|51\/100\n|\n|-heal|p1a: Clodsire|80\/100|[from] item: Leftovers\n|upkeep\n|turn|34\n|\n|t:|1699804197\n|move|p1a: Clodsire|Earthquake|p2a: Snorlax\n|-damage|p2a: Snorlax|25\/100\n|move|p2a: Snorlax|Crunch|p1a: Clodsire\n|-damage|p1a: Clodsire|59\/100\n|\n|-heal|p1a: Clodsire|66\/100|[from] item: Leftovers\n|upkeep\n|turn|35\n|\n|t:|1699804218\n|switch|p2a: Pelipper|Pelipper, M|100\/100\n|-damage|p2a: Pelipper|75\/100|[from] Stealth Rock\n|-weather|RainDance|[from] ability: Drizzle|[of] p2a: Pelipper\n|move|p1a: Clodsire|Earthquake|p2a: Pelipper\n|-immune|p2a: Pelipper\n|\n|-weather|RainDance|[upkeep]\n|-heal|p1a: Clodsire|72\/100|[from] item: Leftovers\n|upkeep\n|turn|36\n|\n|t:|1699804229\n|move|p2a: Pelipper|Defog|p1a: Clodsire\n|-unboost|p1a: Clodsire|evasion|1\n|-sideend|p2: LorGin98|Stealth Rock|[from] move: Defog|[of] p2a: Pelipper\n|move|p1a: Clodsire|Toxic Spikes|p2a: Pelipper\n|-sidestart|p2: LorGin98|move: Toxic Spikes\n|\n|-weather|RainDance|[upkeep]\n|-heal|p1a: Clodsire|78\/100|[from] item: Leftovers\n|upkeep\n|turn|37\n|\n|t:|1699804236\n|switch|p2a: Snorlax|Snorlax, M|25\/100\n|switch|p1a: Alomomola|Alomomola, M|100\/100\n|\n|-weather|RainDance|[upkeep]\n|upkeep\n|turn|38\n|\n|t:|1699804244\n|move|p1a: Alomomola|Flip Turn|p2a: Snorlax\n|-damage|p2a: Snorlax|1\/100\n|\n|t:|1699804248\n|switch|p1a: Landorus|Landorus-Therian, M|100\/100|[from] Flip Turn\n|-ability|p1a: Landorus|Intimidate|boost\n|-unboost|p2a: Snorlax|atk|1\n|move|p2a: Snorlax|Rest|p2a: Snorlax\n|-status|p2a: Snorlax|slp|[from] move: Rest\n|-heal|p2a: Snorlax|100\/100 slp|[silent]\n|\n|-weather|RainDance|[upkeep]\n|upkeep\n|turn|39\n|\n|t:|1699804256\n|switch|p2a: Pelipper|Pelipper, M|75\/100\n|move|p1a: Landorus|U-turn|p2a: Pelipper\n|-resisted|p2a: Pelipper\n|-damage|p2a: Pelipper|64\/100\n|\n|t:|1699804262\n|switch|p1a: Arbok|Arbok, M|70\/100|[from] U-turn\n|-ability|p1a: Arbok|Intimidate|boost\n|-unboost|p2a: Pelipper|atk|1\n|\n|-weather|RainDance|[upkeep]\n|-heal|p1a: Arbok|76\/100|[from] item: Leftovers\n|upkeep\n|turn|40\n|\n|t:|1699804269\n|move|p1a: Arbok|Toxic|p2a: Pelipper\n|-status|p2a: Pelipper|tox\n|move|p2a: Pelipper|Scald|p1a: Arbok\n|-damage|p1a: Arbok|23\/100\n|\n|-weather|RainDance|[upkeep]\n|-heal|p1a: Arbok|30\/100|[from] item: Leftovers\n|-damage|p2a: Pelipper|58\/100 tox|[from] psn\n|upkeep\n|turn|41\n|\n|t:|1699804272\n|move|p1a: Arbok|Protect|p1a: Arbok\n|-singleturn|p1a: Arbok|Protect\n|move|p2a: Pelipper|Scald|p1a: Arbok\n|-activate|p1a: Arbok|move: Protect\n|\n|-weather|RainDance|[upkeep]\n|-heal|p1a: Arbok|36\/100|[from] item: Leftovers\n|-damage|p2a: Pelipper|45\/100 tox|[from] psn\n|upkeep\n|turn|42\n|\n|t:|1699804279\n|switch|p1a: Alomomola|Alomomola, M|100\/100\n|move|p2a: Pelipper|Scald|p1a: Alomomola\n|-resisted|p1a: Alomomola\n|-damage|p1a: Alomomola|77\/100\n|\n|-weather|none\n|-heal|p1a: Alomomola|84\/100|[from] item: Leftovers\n|-damage|p2a: Pelipper|27\/100 tox|[from] psn\n|upkeep\n|turn|43\n|\n|t:|1699804287\n|move|p2a: Pelipper|Roost|p2a: Pelipper\n|-heal|p2a: Pelipper|77\/100 tox\n|-singleturn|p2a: Pelipper|move: Roost\n|move|p1a: Alomomola|Flip Turn|p2a: Pelipper\n|-resisted|p2a: Pelipper\n|-damage|p2a: Pelipper|69\/100 tox\n|\n|t:|1699804295\n|switch|p1a: Landorus|Landorus-Therian, M|100\/100|[from] Flip Turn\n|-ability|p1a: Landorus|Intimidate|boost\n|-unboost|p2a: Pelipper|atk|1\n|\n|-damage|p2a: Pelipper|45\/100 tox|[from] psn\n|upkeep\n|turn|44\n|\n|t:|1699804305\n|switch|p2a: Snorlax|Snorlax, M|100\/100 slp\n|move|p1a: Landorus|Stone Edge|p2a: Snorlax\n|-crit|p2a: Snorlax\n|-damage|p2a: Snorlax|44\/100 slp\n|\n|upkeep\n|turn|45\n|\n|t:|1699804312\n|switch|p1a: Clodsire|Clodsire, M|78\/100\n|switch|p2a: Zamazenta|Zamazenta|100\/100\n|-status|p2a: Zamazenta|psn\n|-ability|p2a: Zamazenta|Dauntless Shield|boost\n|-boost|p2a: Zamazenta|def|1\n|\n|-heal|p1a: Clodsire|84\/100|[from] item: Leftovers\n|-damage|p2a: Zamazenta|88\/100 psn|[from] psn\n|upkeep\n|turn|46\n|\n|t:|1699804318\n|move|p2a: Zamazenta|Body Press|p1a: Clodsire\n|-resisted|p1a: Clodsire\n|-damage|p1a: Clodsire|64\/100\n|move|p1a: Clodsire|Earthquake|p2a: Zamazenta\n|-damage|p2a: Zamazenta|71\/100 psn\n|\n|-heal|p1a: Clodsire|71\/100|[from] item: Leftovers\n|-damage|p2a: Zamazenta|58\/100 psn|[from] psn\n|upkeep\n|turn|47\n|\n|t:|1699804328\n|move|p2a: Zamazenta|Body Press|p1a: Clodsire\n|-resisted|p1a: Clodsire\n|-damage|p1a: Clodsire|47\/100\n|move|p1a: Clodsire|Haze|p1a: Clodsire\n|-clearallboost\n|\n|-heal|p1a: Clodsire|54\/100|[from] item: Leftovers\n|-damage|p2a: Zamazenta|46\/100 psn|[from] psn\n|upkeep\n|turn|48\n|\n|t:|1699804333\n|move|p2a: Zamazenta|Rest|p2a: Zamazenta\n|-status|p2a: Zamazenta|slp|[from] move: Rest\n|-heal|p2a: Zamazenta|100\/100 slp|[silent]\n|-enditem|p2a: Zamazenta|Chesto Berry|[eat]\n|-curestatus|p2a: Zamazenta|slp|[msg]\n|move|p1a: Clodsire|Recover|p1a: Clodsire\n|-heal|p1a: Clodsire|100\/100\n|\n|upkeep\n|turn|49\n|\n|t:|1699804342\n|switch|p2a: Pelipper|Pelipper, M|45\/100 tox\n|-weather|RainDance|[from] ability: Drizzle|[of] p2a: Pelipper\n|move|p1a: Clodsire|Toxic Spikes|p2a: Pelipper\n|-sidestart|p2: LorGin98|move: Toxic Spikes\n|\n|-weather|RainDance|[upkeep]\n|-damage|p2a: Pelipper|38\/100 tox|[from] psn\n|upkeep\n|turn|50\n|\n|t:|1699804348\n|switch|p1a: Landorus|Landorus-Therian, M|100\/100\n|-ability|p1a: Landorus|Intimidate|boost\n|-unboost|p2a: Pelipper|atk|1\n|move|p2a: Pelipper|Defog|p1a: Landorus\n|-unboost|p1a: Landorus|evasion|1\n|-sideend|p2: LorGin98|Toxic Spikes|[from] move: Defog|[of] p2a: Pelipper\n|\n|-weather|RainDance|[upkeep]\n|-damage|p2a: Pelipper|26\/100 tox|[from] psn\n|upkeep\n|turn|51\n|\n|t:|1699804352\n|switch|p2a: Dondozo|Dondozo, M|100\/100\n|move|p1a: Landorus|U-turn|p2a: Dondozo\n|-damage|p2a: Dondozo|86\/100\n|\n|t:|1699804356\n|switch|p1a: Alomomola|Alomomola, M|100\/100|[from] U-turn\n|\n|-weather|RainDance|[upkeep]\n|-heal|p2a: Dondozo|92\/100|[from] item: Leftovers\n|upkeep\n|turn|52\n|\n|t:|1699804361\n|move|p1a: Alomomola|Toxic|p2a: Dondozo\n|-status|p2a: Dondozo|tox\n|move|p2a: Dondozo|Curse|p2a: Dondozo\n|-unboost|p2a: Dondozo|spe|1\n|-boost|p2a: Dondozo|atk|1\n|-boost|p2a: Dondozo|def|1\n|\n|-weather|RainDance|[upkeep]\n|-heal|p2a: Dondozo|98\/100 tox|[from] item: Leftovers\n|-damage|p2a: Dondozo|92\/100 tox|[from] psn\n|upkeep\n|turn|53\n|\n|t:|1699804364\n|move|p1a: Alomomola|Flip Turn|p2a: Dondozo\n|-resisted|p2a: Dondozo\n|-damage|p2a: Dondozo|87\/100 tox\n|\n|t:|1699804367\n|switch|p1a: Clodsire|Clodsire, M|100\/100|[from] Flip Turn\n|move|p2a: Dondozo|Curse|p2a: Dondozo\n|-unboost|p2a: Dondozo|spe|1\n|-boost|p2a: Dondozo|atk|1\n|-boost|p2a: Dondozo|def|1\n|\n|-weather|RainDance|[upkeep]\n|-heal|p2a: Dondozo|93\/100 tox|[from] item: Leftovers\n|-damage|p2a: Dondozo|81\/100 tox|[from] psn\n|upkeep\n|turn|54\n|\n|t:|1699804374\n|-terastallize|p1a: Clodsire|Water\n|move|p1a: Clodsire|Haze|p1a: Clodsire\n|-clearallboost\n|move|p2a: Dondozo|Liquidation|p1a: Clodsire\n|-resisted|p1a: Clodsire\n|-damage|p1a: Clodsire|80\/100\n|\n|-weather|RainDance|[upkeep]\n|-heal|p2a: Dondozo|87\/100 tox|[from] item: Leftovers\n|-heal|p1a: Clodsire|86\/100|[from] item: Leftovers\n|-damage|p2a: Dondozo|69\/100 tox|[from] psn\n|upkeep\n|turn|55\n|\n|t:|1699804389\n|move|p2a: Dondozo|Curse|p2a: Dondozo\n|-unboost|p2a: Dondozo|spe|1\n|-boost|p2a: Dondozo|atk|1\n|-boost|p2a: Dondozo|def|1\n|move|p1a: Clodsire|Earthquake|p2a: Dondozo\n|-damage|p2a: Dondozo|54\/100 tox\n|\n|-weather|RainDance|[upkeep]\n|-heal|p1a: Clodsire|92\/100|[from] item: Leftovers\n|-heal|p2a: Dondozo|61\/100 tox|[from] item: Leftovers\n|-damage|p2a: Dondozo|36\/100 tox|[from] psn\n|upkeep\n|turn|56\n|\n|t:|1699804396\n|move|p1a: Clodsire|Earthquake|p2a: Dondozo\n|-damage|p2a: Dondozo|21\/100 tox\n|move|p2a: Dondozo|Rest|p2a: Dondozo\n|-status|p2a: Dondozo|slp|[from] move: Rest\n|-heal|p2a: Dondozo|100\/100 slp|[silent]\n|\n|-weather|none\n|-heal|p1a: Clodsire|99\/100|[from] item: Leftovers\n|upkeep\n|turn|57\n|\n|t:|1699804418\n|switch|p1a: Landorus|Landorus-Therian, M|100\/100\n|-ability|p1a: Landorus|Intimidate|boost\n|-unboost|p2a: Dondozo|atk|1\n|switch|p2a: Snorlax|Snorlax, M|44\/100 slp\n|\n|upkeep\n|turn|58\n|\n|t:|1699804429\n|move|p1a: Landorus|U-turn|p2a: Snorlax\n|-damage|p2a: Snorlax|19\/100 slp\n|\n|t:|1699804431\n|switch|p1a: Alomomola|Alomomola, M|100\/100|[from] U-turn\n|cant|p2a: Snorlax|slp\n|move|p2a: Snorlax|Sleep Talk|p2a: Snorlax\n|move|p2a: Snorlax|Curse|p2a: Snorlax|[from]move: Sleep Talk\n|-unboost|p2a: Snorlax|spe|1\n|-boost|p2a: Snorlax|atk|1\n|-boost|p2a: Snorlax|def|1\n|\n|upkeep\n|turn|59\n|\n|t:|1699804442\n|move|p1a: Alomomola|Flip Turn|p2a: Snorlax\n|-damage|p2a: Snorlax|8\/100 slp\n|\n|t:|1699804444\n|switch|p1a: Landorus|Landorus-Therian, M|100\/100|[from] Flip Turn\n|-ability|p1a: Landorus|Intimidate|boost\n|-unboost|p2a: Snorlax|atk|1\n|cant|p2a: Snorlax|slp\n|move|p2a: Snorlax|Sleep Talk|p2a: Snorlax\n|move|p2a: Snorlax|Crunch|p1a: Landorus|[from]move: Sleep Talk\n|-damage|p1a: Landorus|77\/100\n|\n|upkeep\n|turn|60\n|\n|t:|1699804455\n|move|p1a: Landorus|U-turn|p2a: Snorlax\n|-damage|p2a: Snorlax|0 fnt\n|faint|p2a: Snorlax\n|\n|t:|1699804460\n|switch|p1a: Alomomola|Alomomola, M|100\/100|[from] U-turn\n|\n|upkeep\n|\n|t:|1699804472\n|switch|p2a: Dondozo|Dondozo, M|100\/100 slp\n|turn|61\n|\n|t:|1699804478\n|move|p1a: Alomomola|Wish|p1a: Alomomola\n|cant|p2a: Dondozo|slp\n|move|p2a: Dondozo|Sleep Talk|p2a: Dondozo\n|move|p2a: Dondozo|Liquidation|p1a: Alomomola|[from]move: Sleep Talk\n|-resisted|p1a: Alomomola\n|-damage|p1a: Alomomola|92\/100\n|\n|-heal|p1a: Alomomola|98\/100|[from] item: Leftovers\n|upkeep\n|turn|62\n|\n|t:|1699804485\n|move|p1a: Alomomola|Flip Turn|p2a: Dondozo\n|-resisted|p2a: Dondozo\n|-damage|p2a: Dondozo|96\/100 slp\n|\n|t:|1699804487\n|switch|p1a: Arbok|Arbok, M|36\/100|[from] Flip Turn\n|-ability|p1a: Arbok|Intimidate|boost\n|-unboost|p2a: Dondozo|atk|1\n|cant|p2a: Dondozo|slp\n|move|p2a: Dondozo|Sleep Talk|p2a: Dondozo\n|move|p2a: Dondozo|Liquidation|p1a: Arbok|[from]move: Sleep Talk\n|-damage|p1a: Arbok|18\/100\n|\n|-heal|p1a: Arbok|100\/100|[from] move: Wish|[wisher] Alomomola\n|-heal|p2a: Dondozo|100\/100 slp|[from] item: Leftovers\n|upkeep\n|turn|63\n|\n|t:|1699804498\n|switch|p2a: Pelipper|Pelipper, M|26\/100 tox\n|-weather|RainDance|[from] ability: Drizzle|[of] p2a: Pelipper\n|move|p1a: Arbok|Substitute|p1a: Arbok\n|-start|p1a: Arbok|Substitute\n|-damage|p1a: Arbok|75\/100\n|\n|-weather|RainDance|[upkeep]\n|-heal|p1a: Arbok|82\/100|[from] item: Leftovers\n|-damage|p2a: Pelipper|20\/100 tox|[from] psn\n|upkeep\n|turn|64\n|\n|t:|1699804506\n|switch|p2a: Dondozo|Dondozo, M|100\/100 slp\n|move|p1a: Arbok|Protect||[still]\n|-fail|p1a: Arbok\n|\n|-weather|RainDance|[upkeep]\n|-heal|p1a: Arbok|88\/100|[from] item: Leftovers\n|upkeep\n|turn|65\n|\n|t:|1699804513\n|move|p1a: Arbok|Toxic||[still]\n|-fail|p1a: Arbok\n|-curestatus|p2a: Dondozo|slp|[msg]\n|move|p2a: Dondozo|Curse|p2a: Dondozo\n|-unboost|p2a: Dondozo|spe|1\n|-boost|p2a: Dondozo|atk|1\n|-boost|p2a: Dondozo|def|1\n|\n|-weather|RainDance|[upkeep]\n|-heal|p1a: Arbok|94\/100|[from] item: Leftovers\n|upkeep\n|turn|66\n|\n|t:|1699804518\n|move|p1a: Arbok|Toxic|p2a: Dondozo\n|-status|p2a: Dondozo|tox\n|move|p2a: Dondozo|Curse|p2a: Dondozo\n|-unboost|p2a: Dondozo|spe|1\n|-boost|p2a: Dondozo|atk|1\n|-boost|p2a: Dondozo|def|1\n|\n|-weather|RainDance|[upkeep]\n|-heal|p1a: Arbok|99\/100|[from] item: Leftovers\n|-damage|p2a: Dondozo|94\/100 tox|[from] psn\n|upkeep\n|turn|67\n|\n|t:|1699804522\n|move|p1a: Arbok|Protect|p1a: Arbok\n|-singleturn|p1a: Arbok|Protect\n|move|p2a: Dondozo|Liquidation|p1a: Arbok\n|-activate|p1a: Arbok|move: Protect\n|\n|-weather|RainDance|[upkeep]\n|-heal|p1a: Arbok|100\/100|[from] item: Leftovers\n|-heal|p2a: Dondozo|100\/100 tox|[from] item: Leftovers\n|-damage|p2a: Dondozo|88\/100 tox|[from] psn\n|upkeep\n|turn|68\n|\n|t:|1699804527\n|move|p1a: Arbok|Protect||[still]\n|-fail|p1a: Arbok\n|move|p2a: Dondozo|Liquidation|p1a: Arbok\n|-end|p1a: Arbok|Substitute\n|\n|-weather|RainDance|[upkeep]\n|-heal|p2a: Dondozo|94\/100 tox|[from] item: Leftovers\n|-damage|p2a: Dondozo|76\/100 tox|[from] psn\n|upkeep\n|turn|69\n|\n|t:|1699804532\n|move|p1a: Arbok|Substitute|p1a: Arbok\n|-start|p1a: Arbok|Substitute\n|-damage|p1a: Arbok|75\/100\n|move|p2a: Dondozo|Curse|p2a: Dondozo\n|-unboost|p2a: Dondozo|spe|1\n|-boost|p2a: Dondozo|atk|1\n|-boost|p2a: Dondozo|def|1\n|\n|-weather|RainDance|[upkeep]\n|-heal|p1a: Arbok|82\/100|[from] item: Leftovers\n|-heal|p2a: Dondozo|82\/100 tox|[from] item: Leftovers\n|-damage|p2a: Dondozo|57\/100 tox|[from] psn\n|upkeep\n|turn|70\n|\n|t:|1699804539\n|move|p1a: Arbok|Protect|p1a: Arbok\n|-singleturn|p1a: Arbok|Protect\n|move|p2a: Dondozo|Rest|p2a: Dondozo\n|-status|p2a: Dondozo|slp|[from] move: Rest\n|-heal|p2a: Dondozo|100\/100 slp|[silent]\n|\n|-weather|none\n|-heal|p1a: Arbok|88\/100|[from] item: Leftovers\n|upkeep\n|turn|71\n|\n|t:|1699804547\n|switch|p1a: Clodsire|Clodsire, M, tera:Water|99\/100\n|cant|p2a: Dondozo|slp\n|move|p2a: Dondozo|Sleep Talk|p2a: Dondozo\n|move|p2a: Dondozo|Rest||[from]move: Sleep Talk|[still]\n|-fail|p2a: Dondozo\n|\n|-heal|p1a: Clodsire|100\/100|[from] item: Leftovers\n|upkeep\n|turn|72\n|\n|t:|1699804556\n|move|p1a: Clodsire|Haze|p1a: Clodsire\n|-clearallboost\n|cant|p2a: Dondozo|slp\n|move|p2a: Dondozo|Sleep Talk|p2a: Dondozo\n|move|p2a: Dondozo|Liquidation|p1a: Clodsire|[from]move: Sleep Talk\n|-resisted|p1a: Clodsire\n|-damage|p1a: Clodsire|86\/100\n|\n|-heal|p1a: Clodsire|92\/100|[from] item: Leftovers\n|upkeep\n|turn|73\n|\n|t:|1699804578\n|switch|p2a: Zamazenta|Zamazenta|100\/100\n|move|p1a: Clodsire|Earthquake|p2a: Zamazenta\n|-damage|p2a: Zamazenta|81\/100\n|\n|-heal|p1a: Clodsire|98\/100|[from] item: Leftovers\n|upkeep\n|turn|74\n|\n|t:|1699804584\n|switch|p1a: Landorus|Landorus-Therian, M|77\/100\n|-ability|p1a: Landorus|Intimidate|boost\n|-unboost|p2a: Zamazenta|atk|1\n|move|p2a: Zamazenta|Body Press|p1a: Landorus\n|-resisted|p1a: Landorus\n|-damage|p1a: Landorus|54\/100\n|\n|upkeep\n|turn|75\n|\n|t:|1699804590\n|move|p1a: Landorus|Stealth Rock|p2a: Zamazenta\n|-sidestart|p2: LorGin98|move: Stealth Rock\n|move|p2a: Zamazenta|Body Press|p1a: Landorus\n|-resisted|p1a: Landorus\n|-damage|p1a: Landorus|27\/100\n|\n|upkeep\n|turn|76\n|\n|t:|1699804593\n|switch|p1a: Arbok|Arbok, M|88\/100\n|-ability|p1a: Arbok|Intimidate|boost\n|-unboost|p2a: Zamazenta|atk|1\n|move|p2a: Zamazenta|Body Press|p1a: Arbok\n|-resisted|p1a: Arbok\n|-damage|p1a: Arbok|69\/100\n|\n|-heal|p1a: Arbok|75\/100|[from] item: Leftovers\n|upkeep\n|turn|77\n|\n|t:|1699804598\n|move|p2a: Zamazenta|Crunch|p1a: Arbok\n|-damage|p1a: Arbok|65\/100\n|move|p1a: Arbok|Toxic|p2a: Zamazenta\n|-status|p2a: Zamazenta|tox\n|\n|-heal|p1a: Arbok|71\/100|[from] item: Leftovers\n|-damage|p2a: Zamazenta|75\/100 tox|[from] psn\n|upkeep\n|turn|78\n|\n|t:|1699804602\n|move|p2a: Zamazenta|Crunch|p1a: Arbok\n|-damage|p1a: Arbok|59\/100\n|move|p1a: Arbok|Substitute|p1a: Arbok\n|-start|p1a: Arbok|Substitute\n|-damage|p1a: Arbok|34\/100\n|\n|-heal|p1a: Arbok|41\/100|[from] item: Leftovers\n|-damage|p2a: Zamazenta|63\/100 tox|[from] psn\n|upkeep\n|turn|79\n|\n|t:|1699804609\n|move|p1a: Arbok|Protect|p1a: Arbok\n|-singleturn|p1a: Arbok|Protect\n|move|p2a: Zamazenta|Rest|p2a: Zamazenta\n|-status|p2a: Zamazenta|slp|[from] move: Rest\n|-heal|p2a: Zamazenta|100\/100 slp|[silent]\n|\n|-heal|p1a: Arbok|47\/100|[from] item: Leftovers\n|upkeep\n|turn|80\n|\n|t:|1699804631\n|switch|p1a: Clodsire|Clodsire, M, tera:Water|98\/100\n|cant|p2a: Zamazenta|slp\n|\n|-heal|p1a: Clodsire|100\/100|[from] item: Leftovers\n|upkeep\n|turn|81\n|\n|t:|1699804654\n|switch|p1a: Alomomola|Alomomola, M|100\/100\n|cant|p2a: Zamazenta|slp\n|\n|upkeep\n|turn|82\n|\n|t:|1699804662\n|-curestatus|p2a: Zamazenta|slp|[msg]\n|move|p2a: Zamazenta|Quick Attack|p1a: Alomomola\n|-damage|p1a: Alomomola|98\/100\n|move|p1a: Alomomola|Wish|p1a: Alomomola\n|\n|-heal|p1a: Alomomola|100\/100|[from] item: Leftovers\n|upkeep\n|turn|83\n|\n|t:|1699804676\n|move|p2a: Zamazenta|Body Press|p1a: Alomomola\n|-crit|p1a: Alomomola\n|-damage|p1a: Alomomola|67\/100\n|move|p1a: Alomomola|Flip Turn|p2a: Zamazenta\n|-damage|p2a: Zamazenta|90\/100\n|\n|t:|1699804681\n|switch|p1a: Landorus|Landorus-Therian, M|27\/100|[from] Flip Turn\n|-ability|p1a: Landorus|Intimidate|boost\n|-unboost|p2a: Zamazenta|atk|1\n|\n|-heal|p1a: Landorus|100\/100|[from] move: Wish|[wisher] Alomomola\n|upkeep\n|turn|84\n|\n|t:|1699804685\n|move|p1a: Landorus|Earthquake|p2a: Zamazenta\n|-damage|p2a: Zamazenta|53\/100\n|move|p2a: Zamazenta|Body Press|p1a: Landorus\n|-resisted|p1a: Landorus\n|-damage|p1a: Landorus|74\/100\n|\n|upkeep\n|turn|85\n|\n|t:|1699804698\n|move|p1a: Landorus|Earthquake|p2a: Zamazenta\n|-damage|p2a: Zamazenta|16\/100\n|move|p2a: Zamazenta|Rest|p2a: Zamazenta\n|-status|p2a: Zamazenta|slp|[from] move: Rest\n|-heal|p2a: Zamazenta|100\/100 slp|[silent]\n|\n|upkeep\n|turn|86\n|\n|t:|1699804703\n|switch|p2a: Pelipper|Pelipper, M|20\/100 tox\n|-damage|p2a: Pelipper|0 fnt|[from] Stealth Rock\n|faint|p2a: Pelipper\n|move|p1a: Landorus|Earthquake|p2: Pelipper|[notarget]\n|-fail|p1a: Landorus\n|\n|upkeep\n|\n|t:|1699804710\n|switch|p2a: Dondozo|Dondozo, M|100\/100 slp\n|-damage|p2a: Dondozo|88\/100 slp|[from] Stealth Rock\n|turn|87\n|\n|t:|1699804715\n|switch|p1a: Alomomola|Alomomola, M|99\/100\n|-curestatus|p2a: Dondozo|slp|[msg]\n|move|p2a: Dondozo|Liquidation|p1a: Alomomola\n|-resisted|p1a: Alomomola\n|-damage|p1a: Alomomola|93\/100\n|\n|-heal|p1a: Alomomola|99\/100|[from] item: Leftovers\n|-heal|p2a: Dondozo|94\/100|[from] item: Leftovers\n|upkeep\n|turn|88\n|\n|t:|1699804719\n|move|p1a: Alomomola|Wish|p1a: Alomomola\n|move|p2a: Dondozo|Curse|p2a: Dondozo\n|-unboost|p2a: Dondozo|spe|1\n|-boost|p2a: Dondozo|atk|1\n|-boost|p2a: Dondozo|def|1\n|\n|-heal|p1a: Alomomola|100\/100|[from] item: Leftovers\n|-heal|p2a: Dondozo|99\/100|[from] item: Leftovers\n|upkeep\n|turn|89\n|\n|t:|1699804723\n|switch|p1a: Clodsire|Clodsire, M, tera:Water|100\/100\n|move|p2a: Dondozo|Liquidation|p1a: Clodsire\n|-resisted|p1a: Clodsire\n|-damage|p1a: Clodsire|86\/100\n|\n|-heal|p1a: Clodsire|100\/100|[from] move: Wish|[wisher] Alomomola\n|-heal|p2a: Dondozo|100\/100|[from] item: Leftovers\n|upkeep\n|turn|90\n|\n|t:|1699804730\n|move|p1a: Clodsire|Haze|p1a: Clodsire\n|-clearallboost\n|move|p2a: Dondozo|Liquidation|p1a: Clodsire\n|-resisted|p1a: Clodsire\n|-damage|p1a: Clodsire|85\/100\n|-unboost|p1a: Clodsire|def|1\n|\n|-heal|p1a: Clodsire|91\/100|[from] item: Leftovers\n|upkeep\n|turn|91\n|\n|t:|1699804738\n|switch|p1a: Alomomola|Alomomola, M|100\/100\n|move|p2a: Dondozo|Curse|p2a: Dondozo\n|-unboost|p2a: Dondozo|spe|1\n|-boost|p2a: Dondozo|atk|1\n|-boost|p2a: Dondozo|def|1\n|\n|upkeep\n|turn|92\n|\n|t:|1699804744\n|switch|p1a: Clodsire|Clodsire, M, tera:Water|91\/100\n|move|p2a: Dondozo|Curse|p2a: Dondozo\n|-unboost|p2a: Dondozo|spe|1\n|-boost|p2a: Dondozo|atk|1\n|-boost|p2a: Dondozo|def|1\n|\n|-heal|p1a: Clodsire|98\/100|[from] item: Leftovers\n|upkeep\n|turn|93\n|\n|t:|1699804748\n|move|p1a: Clodsire|Haze|p1a: Clodsire\n|-clearallboost\n|move|p2a: Dondozo|Liquidation|p1a: Clodsire\n|-resisted|p1a: Clodsire\n|-damage|p1a: Clodsire|84\/100\n|\n|-heal|p1a: Clodsire|90\/100|[from] item: Leftovers\n|upkeep\n|turn|94\n|\n|t:|1699804755\n|switch|p2a: Zamazenta|Zamazenta|100\/100 slp\n|-damage|p2a: Zamazenta|94\/100 slp|[from] Stealth Rock\n|move|p1a: Clodsire|Toxic Spikes|p2a: Zamazenta\n|-sidestart|p2: LorGin98|move: Toxic Spikes\n|\n|-heal|p1a: Clodsire|97\/100|[from] item: Leftovers\n|upkeep\n|turn|95\n|\n|t:|1699804761\n|cant|p2a: Zamazenta|slp\n|move|p1a: Clodsire|Toxic Spikes|p2a: Zamazenta\n|-sidestart|p2: LorGin98|move: Toxic Spikes\n|\n|-heal|p1a: Clodsire|100\/100|[from] item: Leftovers\n|upkeep\n|turn|96\n|\n|t:|1699804769\n|switch|p1a: Landorus|Landorus-Therian, M|74\/100\n|-ability|p1a: Landorus|Intimidate|boost\n|-unboost|p2a: Zamazenta|atk|1\n|cant|p2a: Zamazenta|slp\n|\n|upkeep\n|turn|97\n|\n|t:|1699804773\n|move|p1a: Landorus|Earthquake|p2a: Zamazenta\n|-damage|p2a: Zamazenta|56\/100 slp\n|-curestatus|p2a: Zamazenta|slp|[msg]\n|move|p2a: Zamazenta|Body Press|p1a: Landorus\n|-resisted|p1a: Landorus\n|-damage|p1a: Landorus|49\/100\n|\n|upkeep\n|turn|98\n|\n|t:|1699804782\n|switch|p1a: Arbok|Arbok, M|47\/100\n|-ability|p1a: Arbok|Intimidate|boost\n|-unboost|p2a: Zamazenta|atk|1\n|move|p2a: Zamazenta|Body Press|p1a: Arbok\n|-resisted|p1a: Arbok\n|-damage|p1a: Arbok|26\/100\n|\n|-heal|p1a: Arbok|32\/100|[from] item: Leftovers\n|upkeep\n|turn|99\n|\n|t:|1699804796\n|move|p1a: Arbok|Protect|p1a: Arbok\n|-singleturn|p1a: Arbok|Protect\n|move|p2a: Zamazenta|Crunch|p1a: Arbok\n|-activate|p1a: Arbok|move: Protect\n|\n|-heal|p1a: Arbok|38\/100|[from] item: Leftovers\n|upkeep\n|turn|100\n|\n|t:|1699804799\n|move|p2a: Zamazenta|Crunch|p1a: Arbok\n|-damage|p1a: Arbok|28\/100\n|-unboost|p1a: Arbok|def|1\n|move|p1a: Arbok|Toxic|p2a: Zamazenta\n|-status|p2a: Zamazenta|tox\n|\n|-heal|p1a: Arbok|34\/100|[from] item: Leftovers\n|-damage|p2a: Zamazenta|49\/100 tox|[from] psn\n|upkeep\n|turn|101\n|\n|t:|1699804804\n|switch|p1a: Alomomola|Alomomola, M|100\/100\n|move|p2a: Zamazenta|Crunch|p1a: Alomomola\n|-damage|p1a: Alomomola|95\/100\n|\n|-heal|p1a: Alomomola|100\/100|[from] item: Leftovers\n|-damage|p2a: Zamazenta|37\/100 tox|[from] psn\n|upkeep\n|turn|102\n|\n|t:|1699804808\n|move|p2a: Zamazenta|Rest|p2a: Zamazenta\n|-status|p2a: Zamazenta|slp|[from] move: Rest\n|-heal|p2a: Zamazenta|100\/100 slp|[silent]\n|move|p1a: Alomomola|Wish|p1a: Alomomola\n|\n|upkeep\n|turn|103\n|\n|t:|1699804811\n|cant|p2a: Zamazenta|slp\n|move|p1a: Alomomola|Flip Turn|p2a: Zamazenta\n|-damage|p2a: Zamazenta|90\/100 slp\n|\n|t:|1699804814\n|switch|p1a: Landorus|Landorus-Therian, M|49\/100|[from] Flip Turn\n|-ability|p1a: Landorus|Intimidate|boost\n|-unboost|p2a: Zamazenta|atk|1\n|\n|-heal|p1a: Landorus|100\/100|[from] move: Wish|[wisher] Alomomola\n|upkeep\n|turn|104\n|\n|t:|1699804819\n|move|p1a: Landorus|U-turn|p2a: Zamazenta\n|-resisted|p2a: Zamazenta\n|-damage|p2a: Zamazenta|80\/100 slp\n|\n|t:|1699804822\n|switch|p1a: Alomomola|Alomomola, M|100\/100|[from] U-turn\n|cant|p2a: Zamazenta|slp\n|\n|upkeep\n|turn|105\n|\n|t:|1699804831\n|-curestatus|p2a: Zamazenta|slp|[msg]\n|move|p2a: Zamazenta|Crunch|p1a: Alomomola\n|-damage|p1a: Alomomola|96\/100\n|-unboost|p1a: Alomomola|def|1\n|move|p1a: Alomomola|Wish|p1a: Alomomola\n|\n|-heal|p1a: Alomomola|100\/100|[from] item: Leftovers\n|upkeep\n|turn|106\n|\n|t:|1699804836\n|move|p2a: Zamazenta|Crunch|p1a: Alomomola\n|-damage|p1a: Alomomola|94\/100\n|move|p1a: Alomomola|Flip Turn|p2a: Zamazenta\n|-damage|p2a: Zamazenta|68\/100\n|\n|t:|1699804840\n|switch|p1a: Arbok|Arbok, M|34\/100|[from] Flip Turn\n|-ability|p1a: Arbok|Intimidate|boost\n|-unboost|p2a: Zamazenta|atk|1\n|\n|-heal|p1a: Arbok|100\/100|[from] move: Wish|[wisher] Alomomola\n|upkeep\n|turn|107\n|\n|t:|1699804843\n|move|p2a: Zamazenta|Crunch|p1a: Arbok\n|-damage|p1a: Arbok|94\/100\n|move|p1a: Arbok|Toxic|p2a: Zamazenta\n|-status|p2a: Zamazenta|tox\n|\n|-heal|p1a: Arbok|99\/100|[from] item: Leftovers\n|-damage|p2a: Zamazenta|62\/100 tox|[from] psn\n|upkeep\n|turn|108\n|\n|t:|1699804857\n|switch|p1a: Gliscor|Gliscor, F|100\/100 tox\n|move|p2a: Zamazenta|Crunch|p1a: Gliscor\n|-damage|p1a: Gliscor|95\/100 tox\n|\n|-damage|p2a: Zamazenta|50\/100 tox|[from] psn\n|-heal|p1a: Gliscor|100\/100 tox|[from] ability: Poison Heal\n|upkeep\n|turn|109\n|\n|t:|1699804861\n|move|p2a: Zamazenta|Rest|p2a: Zamazenta\n|-status|p2a: Zamazenta|slp|[from] move: Rest\n|-heal|p2a: Zamazenta|100\/100 slp|[silent]\n|move|p1a: Gliscor|Earthquake|p2a: Zamazenta\n|-damage|p2a: Zamazenta|79\/100 slp\n|\n|upkeep\n|turn|110\n|\n|t:|1699804867\n|cant|p2a: Zamazenta|slp\n|move|p1a: Gliscor|Earthquake|p2a: Zamazenta\n|-damage|p2a: Zamazenta|54\/100 slp\n|\n|upkeep\n|turn|111\n|\n|t:|1699804870\n|cant|p2a: Zamazenta|slp\n|move|p1a: Gliscor|Earthquake|p2a: Zamazenta\n|-damage|p2a: Zamazenta|33\/100 slp\n|\n|upkeep\n|turn|112\n|\n|t:|1699804881\n|-curestatus|p2a: Zamazenta|slp|[msg]\n|move|p2a: Zamazenta|Crunch|p1a: Gliscor\n|-damage|p1a: Gliscor|95\/100 tox\n|move|p1a: Gliscor|Earthquake|p2a: Zamazenta\n|-damage|p2a: Zamazenta|12\/100\n|\n|-heal|p1a: Gliscor|100\/100 tox|[from] ability: Poison Heal\n|upkeep\n|turn|113\n|\n|t:|1699804887\n|move|p2a: Zamazenta|Rest|p2a: Zamazenta\n|-status|p2a: Zamazenta|slp|[from] move: Rest\n|-heal|p2a: Zamazenta|100\/100 slp|[silent]\n|move|p1a: Gliscor|Earthquake|p2a: Zamazenta\n|-damage|p2a: Zamazenta|77\/100 slp\n|\n|upkeep\n|turn|114\n|\n|t:|1699804894\n|switch|p1a: Landorus|Landorus-Therian, M|100\/100\n|-ability|p1a: Landorus|Intimidate|boost\n|-unboost|p2a: Zamazenta|atk|1\n|cant|p2a: Zamazenta|slp\n|\n|upkeep\n|turn|115\n|\n|t:|1699804896\n|cant|p2a: Zamazenta|slp\n|move|p1a: Landorus|Earthquake|p2a: Zamazenta\n|-damage|p2a: Zamazenta|38\/100 slp\n|\n|upkeep\n|turn|116\n|\n|t:|1699804904\n|move|p1a: Landorus|Earthquake|p2a: Zamazenta\n|-crit|p2a: Zamazenta\n|-damage|p2a: Zamazenta|0 fnt\n|faint|p2a: Zamazenta\n|\n|upkeep\n|inactive|LorGin98 has 120 seconds left.\n|c|\u2606Munchback|Didn't know we passed 100 turns lmao\n|inactive|LorGin98 has 90 seconds left.\n|inactive|LorGin98 has 60 seconds left.\n|c|\u2606Munchback|You there?\n|\n|t:|1699805018\n|switch|p2a: Dondozo|Dondozo, M|100\/100\n|-damage|p2a: Dondozo|88\/100|[from] Stealth Rock\n|-status|p2a: Dondozo|tox\n|turn|117\n|inactive|LorGin98 has 30 seconds left.\n|inactive|LorGin98 has 20 seconds left.\n|inactive|LorGin98 has 15 seconds left.\n|\n|t:|1699805048\n|switch|p1a: Alomomola|Alomomola, M|100\/100\n|move|p2a: Dondozo|Curse|p2a: Dondozo\n|-unboost|p2a: Dondozo|spe|1\n|-boost|p2a: Dondozo|atk|1\n|-boost|p2a: Dondozo|def|1\n|\n|-heal|p2a: Dondozo|94\/100 tox|[from] item: Leftovers\n|-damage|p2a: Dondozo|88\/100 tox|[from] psn\n|upkeep\n|turn|118\n|inactive|LorGin98 has 20 seconds left this turn.\n|inactive|LorGin98 has 15 seconds left.\n|inactive|LorGin98 has 10 seconds left.\n|\n|t:|1699805060\n|move|p1a: Alomomola|Flip Turn|p2a: Dondozo\n|-resisted|p2a: Dondozo\n|-damage|p2a: Dondozo|85\/100 tox\n|inactive|LorGin98 has 15 seconds left this turn.\n|\n|t:|1699805063\n|switch|p1a: Clodsire|Clodsire, M, tera:Water|100\/100|[from] Flip Turn\n|move|p2a: Dondozo|Curse|p2a: Dondozo\n|-unboost|p2a: Dondozo|spe|1\n|-boost|p2a: Dondozo|atk|1\n|-boost|p2a: Dondozo|def|1\n|\n|-heal|p2a: Dondozo|91\/100 tox|[from] item: Leftovers\n|-damage|p2a: Dondozo|79\/100 tox|[from] psn\n|upkeep\n|turn|119\n|inactive|LorGin98 has 20 seconds left this turn.\n|inactive|LorGin98 has 15 seconds left.\n|\n|t:|1699805071\n|move|p1a: Clodsire|Haze|p1a: Clodsire\n|-clearallboost\n|move|p2a: Dondozo|Rest|p2a: Dondozo\n|-status|p2a: Dondozo|slp|[from] move: Rest\n|-heal|p2a: Dondozo|100\/100 slp|[silent]\n|\n|upkeep\n|turn|120\n|inactive|LorGin98 has 20 seconds left this turn.\n|\n|t:|1699805082\n|switch|p1a: Landorus|Landorus-Therian, M|100\/100\n|-ability|p1a: Landorus|Intimidate|boost\n|-unboost|p2a: Dondozo|atk|1\n|cant|p2a: Dondozo|slp\n|move|p2a: Dondozo|Sleep Talk|p2a: Dondozo\n|move|p2a: Dondozo|Curse|p2a: Dondozo|[from]move: Sleep Talk\n|-unboost|p2a: Dondozo|spe|1\n|-boost|p2a: Dondozo|atk|1\n|-boost|p2a: Dondozo|def|1\n|\n|upkeep\n|turn|121\n|inactive|LorGin98 has 25 seconds left this turn.\n|\n|t:|1699805086\n|move|p1a: Landorus|Earthquake|p2a: Dondozo\n|-damage|p2a: Dondozo|81\/100 slp\n|cant|p2a: Dondozo|slp\n|move|p2a: Dondozo|Sleep Talk|p2a: Dondozo\n|move|p2a: Dondozo|Liquidation|p1a: Landorus|[from]move: Sleep Talk\n|-supereffective|p1a: Landorus\n|-damage|p1a: Landorus|27\/100\n|-unboost|p1a: Landorus|def|1\n|\n|-heal|p2a: Dondozo|87\/100 slp|[from] item: Leftovers\n|upkeep\n|turn|122\n|inactive|LorGin98 has 30 seconds left this turn.\n|\n|t:|1699805090\n|switch|p1a: Alomomola|Alomomola, M|100\/100\n|-curestatus|p2a: Dondozo|slp|[msg]\n|move|p2a: Dondozo|Sleep Talk||[still]\n|-fail|p2a: Dondozo\n|\n|-heal|p2a: Dondozo|93\/100|[from] item: Leftovers\n|upkeep\n|turn|123\n|inactive|LorGin98 has 30 seconds left.\n|\n|t:|1699805099\n|move|p1a: Alomomola|Flip Turn|p2a: Dondozo\n|-resisted|p2a: Dondozo\n|-damage|p2a: Dondozo|90\/100\n|\n|t:|1699805101\n|switch|p1a: Clodsire|Clodsire, M, tera:Water|100\/100|[from] Flip Turn\n|move|p2a: Dondozo|Curse|p2a: Dondozo\n|-unboost|p2a: Dondozo|spe|1\n|-boost|p2a: Dondozo|atk|1\n|-boost|p2a: Dondozo|def|1\n|\n|-heal|p2a: Dondozo|96\/100|[from] item: Leftovers\n|upkeep\n|turn|124\n|inactive|LorGin98 has 30 seconds left.\n|\n|t:|1699805122\n|move|p1a: Clodsire|Haze|p1a: Clodsire\n|-clearallboost\n|move|p2a: Dondozo|Liquidation|p1a: Clodsire\n|-resisted|p1a: Clodsire\n|-crit|p1a: Clodsire\n|-damage|p1a: Clodsire|78\/100\n|\n|-heal|p2a: Dondozo|100\/100|[from] item: Leftovers\n|-heal|p1a: Clodsire|84\/100|[from] item: Leftovers\n|upkeep\n|turn|125\n|inactive|LorGin98 has 30 seconds left this turn.\n|\n|t:|1699805130\n|move|p2a: Dondozo|Liquidation|p1a: Clodsire\n|-resisted|p1a: Clodsire\n|-damage|p1a: Clodsire|70\/100\n|move|p1a: Clodsire|Earthquake|p2a: Dondozo\n|-damage|p2a: Dondozo|84\/100\n|\n|-heal|p2a: Dondozo|91\/100|[from] item: Leftovers\n|-heal|p1a: Clodsire|76\/100|[from] item: Leftovers\n|upkeep\n|turn|126\n|inactive|LorGin98 has 30 seconds left this turn.\n|inactive|Munchback has 120 seconds left.\n|\n|t:|1699805155\n|move|p2a: Dondozo|Curse|p2a: Dondozo\n|-unboost|p2a: Dondozo|spe|1\n|-boost|p2a: Dondozo|atk|1\n|-boost|p2a: Dondozo|def|1\n|move|p1a: Clodsire|Earthquake|p2a: Dondozo\n|-damage|p2a: Dondozo|74\/100\n|\n|-heal|p1a: Clodsire|82\/100|[from] item: Leftovers\n|-heal|p2a: Dondozo|80\/100|[from] item: Leftovers\n|upkeep\n|turn|127\n|inactive|LorGin98 has 30 seconds left this turn.\n|inactive|LorGin98 has 20 seconds left.\n|\n|t:|1699805166\n|move|p1a: Clodsire|Haze|p1a: Clodsire\n|-clearallboost\n|move|p2a: Dondozo|Liquidation|p1a: Clodsire\n|-resisted|p1a: Clodsire\n|-damage|p1a: Clodsire|67\/100\n|\n|-heal|p2a: Dondozo|87\/100|[from] item: Leftovers\n|-heal|p1a: Clodsire|73\/100|[from] item: Leftovers\n|upkeep\n|turn|128\n|inactive|LorGin98 has 25 seconds left this turn.\n|\n|t:|1699805173\n|move|p2a: Dondozo|Curse|p2a: Dondozo\n|-unboost|p2a: Dondozo|spe|1\n|-boost|p2a: Dondozo|atk|1\n|-boost|p2a: Dondozo|def|1\n|move|p1a: Clodsire|Recover|p1a: Clodsire\n|-heal|p1a: Clodsire|100\/100\n|\n|-heal|p2a: Dondozo|93\/100|[from] item: Leftovers\n|upkeep\n|turn|129\n|inactive|LorGin98 has 30 seconds left this turn.\n|\n|t:|1699805179\n|move|p1a: Clodsire|Haze|p1a: Clodsire\n|-clearallboost\n|move|p2a: Dondozo|Curse|p2a: Dondozo\n|-unboost|p2a: Dondozo|spe|1\n|-boost|p2a: Dondozo|atk|1\n|-boost|p2a: Dondozo|def|1\n|\n|-heal|p2a: Dondozo|99\/100|[from] item: Leftovers\n|upkeep\n|turn|130\n|inactive|LorGin98 has 30 seconds left this turn.\n|\n|t:|1699805183\n|move|p1a: Clodsire|Haze|p1a: Clodsire\n|-clearallboost\n|move|p2a: Dondozo|Liquidation|p1a: Clodsire\n|-resisted|p1a: Clodsire\n|-damage|p1a: Clodsire|85\/100\n|-unboost|p1a: Clodsire|def|1\n|\n|-heal|p2a: Dondozo|100\/100|[from] item: Leftovers\n|-heal|p1a: Clodsire|92\/100|[from] item: Leftovers\n|upkeep\n|turn|131\n|\n|t:|1699805187\n|switch|p1a: Arbok|Arbok, M|99\/100\n|-ability|p1a: Arbok|Intimidate|boost\n|-unboost|p2a: Dondozo|atk|1\n|move|p2a: Dondozo|Liquidation|p1a: Arbok\n|-damage|p1a: Arbok|83\/100\n|\n|-heal|p1a: Arbok|89\/100|[from] item: Leftovers\n|upkeep\n|turn|132\n|\n|t:|1699805195\n|move|p1a: Arbok|Toxic|p2a: Dondozo\n|-status|p2a: Dondozo|tox\n|move|p2a: Dondozo|Liquidation|p1a: Arbok\n|-damage|p1a: Arbok|70\/100\n|\n|-heal|p1a: Arbok|76\/100|[from] item: Leftovers\n|-damage|p2a: Dondozo|94\/100 tox|[from] psn\n|upkeep\n|turn|133\n|\n|t:|1699805197\n|move|p1a: Arbok|Protect|p1a: Arbok\n|-singleturn|p1a: Arbok|Protect\n|move|p2a: Dondozo|Rest|p2a: Dondozo\n|-status|p2a: Dondozo|slp|[from] move: Rest\n|-heal|p2a: Dondozo|100\/100 slp|[silent]\n|\n|-heal|p1a: Arbok|83\/100|[from] item: Leftovers\n|upkeep\n|turn|134\n|inactive|LorGin98 has 30 seconds left.\n|inactive|LorGin98 has 20 seconds left.\n|inactive|LorGin98 has 15 seconds left.\n|inactive|LorGin98 has 10 seconds left.\n|\n|t:|1699805243\n|switch|p1a: Clodsire|Clodsire, M, tera:Water|92\/100\n|cant|p2a: Dondozo|slp\n|move|p2a: Dondozo|Sleep Talk|p2a: Dondozo\n|move|p2a: Dondozo|Liquidation|p1a: Clodsire|[from]move: Sleep Talk\n|-resisted|p1a: Clodsire\n|-damage|p1a: Clodsire|78\/100\n|-unboost|p1a: Clodsire|def|1\n|\n|-heal|p1a: Clodsire|84\/100|[from] item: Leftovers\n|upkeep\n|turn|135\n|inactive|LorGin98 has 15 seconds left this turn.\n|inactive|LorGin98 has 10 seconds left.\n|\n|t:|1699805252\n|switch|p1a: Arbok|Arbok, M|83\/100\n|-ability|p1a: Arbok|Intimidate|boost\n|-unboost|p2a: Dondozo|atk|1\n|cant|p2a: Dondozo|slp\n|move|p2a: Dondozo|Sleep Talk|p2a: Dondozo\n|move|p2a: Dondozo|Curse|p2a: Dondozo|[from]move: Sleep Talk\n|-unboost|p2a: Dondozo|spe|1\n|-boost|p2a: Dondozo|atk|1\n|-boost|p2a: Dondozo|def|1\n|\n|-heal|p1a: Arbok|89\/100|[from] item: Leftovers\n|upkeep\n|turn|136\n|inactive|LorGin98 has 15 seconds left this turn.\n|inactive|LorGin98 has 10 seconds left.\n|\n|t:|1699805259\n|switch|p1a: Clodsire|Clodsire, M, tera:Water|84\/100\n|-curestatus|p2a: Dondozo|slp|[msg]\n|move|p2a: Dondozo|Liquidation|p1a: Clodsire\n|-resisted|p1a: Clodsire\n|-damage|p1a: Clodsire|70\/100\n|\n|-heal|p1a: Clodsire|77\/100|[from] item: Leftovers\n|upkeep\n|turn|137\n|inactive|LorGin98 has 15 seconds left this turn.\n|inactive|LorGin98 has 10 seconds left.\n|inactive|LorGin98 has 5 seconds left.\n|\n|t:|1699805270\n|move|p1a: Clodsire|Haze|p1a: Clodsire\n|-clearallboost\n|move|p2a: Dondozo|Rest|p2a: Dondozo\n|-fail|p2a: Dondozo|heal\n|\n|-heal|p1a: Clodsire|83\/100|[from] item: Leftovers\n|upkeep\n|turn|138\n|inactive|LorGin98 has 10 seconds left this turn.\n|\n|t:|1699805282\n|switch|p1a: Arbok|Arbok, M|89\/100\n|-ability|p1a: Arbok|Intimidate|boost\n|-unboost|p2a: Dondozo|atk|1\n|move|p2a: Dondozo|Rest|p2a: Dondozo\n|-fail|p2a: Dondozo|heal\n|\n|-heal|p1a: Arbok|95\/100|[from] item: Leftovers\n|upkeep\n|turn|139\n|inactive|LorGin98 has 15 seconds left this turn.\n|inactive|LorGin98 has 10 seconds left.\n|\n|t:|1699805290\n|switch|p1a: Alomomola|Alomomola, M|100\/100\n|move|p2a: Dondozo|Sleep Talk||[still]\n|-fail|p2a: Dondozo\n|\n|upkeep\n|turn|140\n|inactive|LorGin98 has 15 seconds left this turn.\n|\n|t:|1699805298\n|move|p1a: Alomomola|Toxic|p2a: Dondozo\n|-status|p2a: Dondozo|tox\n|move|p2a: Dondozo|Rest|p2a: Dondozo\n|-fail|p2a: Dondozo|heal\n|\n|-damage|p2a: Dondozo|94\/100 tox|[from] psn\n|upkeep\n|turn|141\n|inactive|LorGin98 has 20 seconds left this turn.\n|\n|t:|1699805303\n|move|p1a: Alomomola|Wish|p1a: Alomomola\n|move|p2a: Dondozo|Rest|p2a: Dondozo\n|-status|p2a: Dondozo|slp|[from] move: Rest\n|-heal|p2a: Dondozo|100\/100 slp|[silent]\n|\n|upkeep\n|turn|142\n|inactive|LorGin98 has 25 seconds left this turn.\n|\n|t:|1699805306\n|move|p1a: Alomomola|Flip Turn|p2a: Dondozo\n|-resisted|p2a: Dondozo\n|-damage|p2a: Dondozo|96\/100 slp\n|inactive|LorGin98 has 30 seconds left this turn.\n|\n|t:|1699805308\n|switch|p1a: Landorus|Landorus-Therian, M|27\/100|[from] Flip Turn\n|-ability|p1a: Landorus|Intimidate|boost\n|-unboost|p2a: Dondozo|atk|1\n|cant|p2a: Dondozo|slp\n|move|p2a: Dondozo|Sleep Talk|p2a: Dondozo\n|move|p2a: Dondozo|Curse|p2a: Dondozo|[from]move: Sleep Talk\n|-unboost|p2a: Dondozo|spe|1\n|-boost|p2a: Dondozo|atk|1\n|-boost|p2a: Dondozo|def|1\n|\n|-heal|p1a: Landorus|100\/100|[from] move: Wish|[wisher] Alomomola\n|-heal|p2a: Dondozo|100\/100 slp|[from] item: Leftovers\n|upkeep\n|turn|143\n|inactive|LorGin98 has 30 seconds left.\n|inactive|LorGin98 has 20 seconds left.\n|\n|t:|1699805327\n|switch|p1a: Arbok|Arbok, M|95\/100\n|-ability|p1a: Arbok|Intimidate|boost\n|-unboost|p2a: Dondozo|atk|1\n|cant|p2a: Dondozo|slp\n|move|p2a: Dondozo|Sleep Talk|p2a: Dondozo\n|move|p2a: Dondozo|Curse|p2a: Dondozo|[from]move: Sleep Talk\n|-unboost|p2a: Dondozo|spe|1\n|-boost|p2a: Dondozo|atk|1\n|-boost|p2a: Dondozo|def|1\n|\n|-heal|p1a: Arbok|100\/100|[from] item: Leftovers\n|upkeep\n|turn|144\n|inactive|LorGin98 has 25 seconds left this turn.\n|inactive|LorGin98 has 20 seconds left.\n|inactive|LorGin98 has 15 seconds left.\n|\n|t:|1699805338\n|switch|p1a: Landorus|Landorus-Therian, M|100\/100\n|-ability|p1a: Landorus|Intimidate|boost\n|-unboost|p2a: Dondozo|atk|1\n|-curestatus|p2a: Dondozo|slp|[msg]\n|move|p2a: Dondozo|Liquidation|p1a: Landorus\n|-supereffective|p1a: Landorus\n|-damage|p1a: Landorus|68\/100\n|\n|upkeep\n|turn|145\n|inactive|LorGin98 has 20 seconds left this turn.\n|inactive|LorGin98 has 15 seconds left.\n|inactive|LorGin98 has 10 seconds left.\n|\n|t:|1699805351\n|switch|p1a: Arbok|Arbok, M|100\/100\n|-ability|p1a: Arbok|Intimidate|boost\n|-unboost|p2a: Dondozo|atk|1\n|move|p2a: Dondozo|Liquidation|p1a: Arbok\n|-damage|p1a: Arbok|88\/100\n|\n|-heal|p1a: Arbok|95\/100|[from] item: Leftovers\n|upkeep\n|turn|146\n|inactive|LorGin98 has 15 seconds left this turn.\n|inactive|LorGin98 has 10 seconds left.\n|inactive|LorGin98 has 5 seconds left.\n|\n|t:|1699805361\n|move|p1a: Arbok|Toxic|p2a: Dondozo\n|-status|p2a: Dondozo|tox\n|move|p2a: Dondozo|Sleep Talk||[still]\n|-fail|p2a: Dondozo\n|\n|-heal|p1a: Arbok|100\/100|[from] item: Leftovers\n|-damage|p2a: Dondozo|94\/100 tox|[from] psn\n|upkeep\n|turn|147\n|inactive|LorGin98 has 10 seconds left this turn.\n|\n|t:|1699805366\n|move|p1a: Arbok|Substitute|p1a: Arbok\n|-start|p1a: Arbok|Substitute\n|-damage|p1a: Arbok|75\/100\n|move|p2a: Dondozo|Sleep Talk||[still]\n|-fail|p2a: Dondozo\n|\n|-heal|p1a: Arbok|82\/100|[from] item: Leftovers\n|-heal|p2a: Dondozo|100\/100 tox|[from] item: Leftovers\n|-damage|p2a: Dondozo|88\/100 tox|[from] psn\n|upkeep\n|turn|148\n|inactive|LorGin98 has 15 seconds left this turn.\n|inactive|LorGin98 has 10 seconds left.\n|inactive|LorGin98 has 5 seconds left.\n|-message|LorGin98 forfeited.\n|\n|win|Munchback\n|inactive|LorGin98 has 10 seconds left this turn.\n|raw|Munchback's rating: 1284 &rarr; <strong>1305<\/strong><br \/>(+21 for winning)\n|raw|LorGin98's rating: 1225 &rarr; <strong>1204<\/strong><br \/>(-21 for losing)\n|l|\u2606LorGin98\n|c|\u2606Munchback|gg\n","uploadtime":1699805395,"views":6,"p1id":"munchback","p2id":"lorgin98","formatid":"gen9nationaldex","rating":1204,"private":0,"password":""}