{"id":"gen9nationaldex-1988967802","p1":"KryoPlaysShowdown","p2":"Poppop1212","format":"[Gen 9] National Dex","log":"|j|\u2606KryoPlaysShowdown\n|j|\u2606Poppop1212\n|t:|1699795994\n|gametype|singles\n|player|p1|KryoPlaysShowdown|colress|\n|player|p2|Poppop1212|102|\n|teamsize|p1|6\n|teamsize|p2|6\n|gen|9\n|tier|[Gen 9] National Dex\n|rule|HP Percentage Mod: HP is shown in percentages\n|rule|Endless Battle Clause: Forcing endless battles is banned\n|rule|OHKO Clause: OHKO moves are banned\n|rule|Evasion Clause: Evasion abilities, items, and moves are banned\n|rule|Evasion Abilities Clause: Evasion abilities are banned\n|rule|Evasion Items Clause: Evasion items are banned\n|rule|Evasion Moves Clause: Evasion moves are banned\n|rule|Species Clause: Limit one of each Pok\u00e9mon\n|rule|Sleep Clause Mod: Limit one foe put to sleep\n|clearpoke\n|poke|p1|Furret, F|\n|poke|p1|Blaziken, M|\n|poke|p1|Kommo-o, F|\n|poke|p1|Scolipede, M|\n|poke|p1|Diancie|\n|poke|p1|Rillaboom, M|\n|poke|p2|Honchkrow, M|\n|poke|p2|Garbodor, M|\n|poke|p2|Tyrantrum, M|\n|poke|p2|Kartana|\n|poke|p2|Infernape, F|\n|poke|p2|Runerigus, M|\n|teampreview\n|\n|t:|1699796015\n|start\n|switch|p1a: Scolipede|Scolipede, M|100\/100\n|switch|p2a: Honchkrow|Honchkrow, M|100\/100\n|turn|1\n|\n|t:|1699796029\n|switch|p2a: Tyrantrum|Tyrantrum, M|100\/100\n|move|p1a: Scolipede|Spikes|p2a: Tyrantrum\n|-sidestart|p2: Poppop1212|Spikes\n|\n|-ability|p1a: Scolipede|Speed Boost|boost\n|-boost|p1a: Scolipede|spe|1\n|upkeep\n|turn|2\n|\n|t:|1699796036\n|move|p1a: Scolipede|Toxic Spikes|p2a: Tyrantrum\n|-sidestart|p2: Poppop1212|move: Toxic Spikes\n|move|p2a: Tyrantrum|Dragon Dance|p2a: Tyrantrum\n|-boost|p2a: Tyrantrum|atk|1\n|-boost|p2a: Tyrantrum|spe|1\n|\n|-ability|p1a: Scolipede|Speed Boost|boost\n|-boost|p1a: Scolipede|spe|1\n|upkeep\n|turn|3\n|\n|t:|1699796042\n|move|p1a: Scolipede|Spikes|p2a: Tyrantrum\n|-sidestart|p2: Poppop1212|Spikes\n|move|p2a: Tyrantrum|Dragon Dance|p2a: Tyrantrum\n|-boost|p2a: Tyrantrum|atk|1\n|-boost|p2a: Tyrantrum|spe|1\n|\n|-ability|p1a: Scolipede|Speed Boost|boost\n|-boost|p1a: Scolipede|spe|1\n|upkeep\n|turn|4\n|\n|t:|1699796050\n|move|p1a: Scolipede|Toxic Spikes|p2a: Tyrantrum\n|-sidestart|p2: Poppop1212|move: Toxic Spikes\n|move|p2a: Tyrantrum|Dragon Dance|p2a: Tyrantrum\n|-boost|p2a: Tyrantrum|atk|1\n|-boost|p2a: Tyrantrum|spe|1\n|\n|-ability|p1a: Scolipede|Speed Boost|boost\n|-boost|p1a: Scolipede|spe|1\n|upkeep\n|turn|5\n|\n|t:|1699796065\n|move|p1a: Scolipede|Spikes|p2a: Tyrantrum\n|-sidestart|p2: Poppop1212|Spikes\n|move|p2a: Tyrantrum|Earthquake|p1a: Scolipede\n|-damage|p1a: Scolipede|0 fnt\n|faint|p1a: Scolipede\n|\n|upkeep\n|\n|t:|1699796080\n|switch|p1a: Diancie|Diancie|100\/100\n|turn|6\n|\n|t:|1699796086\n|detailschange|p1a: Diancie|Diancie-Mega\n|-mega|p1a: Diancie|Diancie|Diancite\n|move|p2a: Tyrantrum|Earthquake|p1a: Diancie\n|-supereffective|p1a: Diancie\n|-damage|p1a: Diancie|0 fnt\n|faint|p1a: Diancie\n|\n|upkeep\n|\n|t:|1699796104\n|switch|p1a: Rillaboom|Rillaboom, M|100\/100\n|-fieldstart|move: Grassy Terrain|[from] ability: Grassy Surge|[of] p1a: Rillaboom\n|turn|7\n|\n|t:|1699796112\n|-terastallize|p1a: Rillaboom|Grass\n|move|p2a: Tyrantrum|Play Rough|p1a: Rillaboom\n|-damage|p1a: Rillaboom|14\/100\n|move|p1a: Rillaboom|Wood Hammer|p2a: Tyrantrum\n|-enditem|p2a: Tyrantrum|Focus Sash\n|-damage|p2a: Tyrantrum|1\/100\n|-damage|p1a: Rillaboom|0 fnt|[from] Recoil\n|faint|p1a: Rillaboom\n|\n|-heal|p2a: Tyrantrum|7\/100|[from] Grassy Terrain\n|upkeep\n|\n|t:|1699796118\n|switch|p1a: long ass rodent|Furret, F, shiny|100\/100\n|turn|8\n|\n|t:|1699796126\n|move|p1a: long ass rodent|Sucker Punch||[still]\n|-fail|p1a: long ass rodent\n|move|p2a: Tyrantrum|Dragon Dance|p2a: Tyrantrum\n|-boost|p2a: Tyrantrum|atk|1\n|-boost|p2a: Tyrantrum|spe|1\n|\n|-heal|p2a: Tyrantrum|13\/100|[from] Grassy Terrain\n|upkeep\n|turn|9\n|\n|t:|1699796135\n|move|p2a: Tyrantrum|Earthquake|p1a: long ass rodent\n|-damage|p1a: long ass rodent|12\/100\n|move|p1a: long ass rodent|Tidy Up|p1a: long ass rodent\n|-sideend|p2: Poppop1212|Spikes\n|-sideend|p2: Poppop1212|Toxic Spikes\n|-activate|p1a: long ass rodent|move: Tidy Up\n|-boost|p1a: long ass rodent|atk|1\n|-boost|p1a: long ass rodent|spe|1\n|\n|-heal|p2a: Tyrantrum|20\/100|[from] Grassy Terrain\n|-heal|p1a: long ass rodent|18\/100|[from] Grassy Terrain\n|upkeep\n|turn|10\n|\n|t:|1699796146\n|move|p1a: long ass rodent|Sucker Punch||[still]\n|-fail|p1a: long ass rodent\n|move|p2a: Tyrantrum|Dragon Dance|p2a: Tyrantrum\n|-boost|p2a: Tyrantrum|atk|1\n|-boost|p2a: Tyrantrum|spe|1\n|\n|-heal|p2a: Tyrantrum|26\/100|[from] Grassy Terrain\n|-heal|p1a: long ass rodent|24\/100|[from] Grassy Terrain\n|upkeep\n|turn|11\n|\n|t:|1699796155\n|move|p1a: long ass rodent|Protect|p1a: long ass rodent\n|-singleturn|p1a: long ass rodent|Protect\n|move|p2a: Tyrantrum|Earthquake|p1a: long ass rodent\n|-activate|p1a: long ass rodent|move: Protect\n|\n|-heal|p2a: Tyrantrum|32\/100|[from] Grassy Terrain\n|-heal|p1a: long ass rodent|30\/100|[from] Grassy Terrain\n|-fieldend|move: Grassy Terrain\n|upkeep\n|turn|12\n|\n|t:|1699796163\n|move|p2a: Tyrantrum|Earthquake|p1a: long ass rodent\n|-damage|p1a: long ass rodent|0 fnt\n|faint|p1a: long ass rodent\n|\n|upkeep\n|\n|t:|1699796167\n|switch|p1a: Kommo-o|Kommo-o, F|100\/100\n|turn|13\n|\n|t:|1699796170\n|move|p2a: Tyrantrum|Play Rough|p1a: Kommo-o\n|-supereffective|p1a: Kommo-o\n|-damage|p1a: Kommo-o|0 fnt\n|faint|p1a: Kommo-o\n|\n|upkeep\n|\n|t:|1699796172\n|switch|p1a: Blaziken|Blaziken, M|100\/100\n|turn|14\n|\n|t:|1699796176\n|move|p2a: Tyrantrum|Earthquake|p1a: Blaziken\n|-supereffective|p1a: Blaziken\n|-damage|p1a: Blaziken|0 fnt\n|faint|p1a: Blaziken\n|\n|win|Poppop1212\n|l|\u2606KryoPlaysShowdown\n","uploadtime":1699796181,"views":29,"p1id":"kryoplaysshowdown","p2id":"poppop1212","formatid":"gen9nationaldex","rating":0,"private":0,"password":""}