{"id":"gen9nationaldex-1987166729","p1":"halemango69","p2":"Blaisettt","format":"[Gen 9] National Dex","log":"|j|\u2606halemango69\n|j|\u2606Blaisettt\n|t:|1699561661\n|gametype|singles\n|player|p1|halemango69|265|1202\n|player|p2|Blaisettt|pokemaniac|1164\n|teamsize|p1|6\n|teamsize|p2|6\n|gen|9\n|tier|[Gen 9] National Dex\n|rated|\n|rule|HP Percentage Mod: HP is shown in percentages\n|rule|Endless Battle Clause: Forcing endless battles is banned\n|rule|OHKO Clause: OHKO moves are banned\n|rule|Evasion Clause: Evasion abilities, items, and moves are banned\n|rule|Evasion Abilities Clause: Evasion abilities are banned\n|rule|Evasion Items Clause: Evasion items are banned\n|rule|Evasion Moves Clause: Evasion moves are banned\n|rule|Species Clause: Limit one of each Pok\u00e9mon\n|rule|Sleep Clause Mod: Limit one foe put to sleep\n|clearpoke\n|poke|p1|Sneasler, F|\n|poke|p1|Okidogi, M|\n|poke|p1|Muk-Alola, F|\n|poke|p1|Nihilego|\n|poke|p1|Beedrill, M|\n|poke|p1|Iron Moth|\n|poke|p2|Maushold-Four|\n|poke|p2|Heracross, F|\n|poke|p2|Toucannon, M|\n|poke|p2|Ambipom, F|\n|poke|p2|Cinccino, M|\n|poke|p2|Cloyster, M|\n|teampreview\n|\n|t:|1699561679\n|start\n|switch|p1a: Beedrill|Beedrill, M|100\/100\n|switch|p2a: Maushold|Maushold-Four|100\/100\n|turn|1\n|\n|t:|1699561689\n|detailschange|p1a: Beedrill|Beedrill-Mega, M\n|-mega|p1a: Beedrill|Beedrill|Beedrillite\n|move|p1a: Beedrill|U-turn|p2a: Maushold\n|-damage|p2a: Maushold|17\/100\n|\n|t:|1699561693\n|switch|p1a: Sneasler|Sneasler, F|100\/100|[from] U-turn\n|move|p2a: Maushold|Tidy Up|p2a: Maushold\n|-boost|p2a: Maushold|atk|1\n|-boost|p2a: Maushold|spe|1\n|\n|upkeep\n|turn|2\n|\n|t:|1699561700\n|move|p1a: Sneasler|Fake Out|p2a: Maushold\n|-damage|p2a: Maushold|0 fnt\n|faint|p2a: Maushold\n|\n|upkeep\n|\n|t:|1699561704\n|switch|p2a: Cloyster|Cloyster, M|100\/100\n|turn|3\n|\n|t:|1699561708\n|move|p1a: Sneasler|Close Combat|p2a: Cloyster\n|-supereffective|p2a: Cloyster\n|-enditem|p2a: Cloyster|Focus Sash\n|-damage|p2a: Cloyster|1\/100\n|-unboost|p1a: Sneasler|def|1\n|-unboost|p1a: Sneasler|spd|1\n|-enditem|p1a: Sneasler|White Herb\n|-clearnegativeboost|p1a: Sneasler|[silent]\n|move|p2a: Cloyster|Shell Smash|p2a: Cloyster\n|-unboost|p2a: Cloyster|def|1\n|-unboost|p2a: Cloyster|spd|1\n|-boost|p2a: Cloyster|atk|2\n|-boost|p2a: Cloyster|spa|2\n|-boost|p2a: Cloyster|spe|2\n|\n|upkeep\n|turn|4\n|\n|t:|1699561721\n|move|p1a: Sneasler|Dire Claw|p2a: Cloyster\n|-damage|p2a: Cloyster|0 fnt\n|faint|p2a: Cloyster\n|\n|upkeep\n|\n|t:|1699561727\n|switch|p2a: Cinccino|Cinccino, M|100\/100\n|turn|5\n|\n|t:|1699561732\n|move|p1a: Sneasler|Close Combat|p2a: Cinccino\n|-supereffective|p2a: Cinccino\n|-damage|p2a: Cinccino|0 fnt\n|-unboost|p1a: Sneasler|def|1\n|-unboost|p1a: Sneasler|spd|1\n|faint|p2a: Cinccino\n|\n|upkeep\n|\n|t:|1699561739\n|switch|p2a: Toucannon|Toucannon, M|100\/100\n|turn|6\n|\n|t:|1699561744\n|move|p1a: Sneasler|Dire Claw|p2a: Toucannon\n|-damage|p2a: Toucannon|52\/100\n|-status|p2a: Toucannon|psn\n|move|p2a: Toucannon|Tailwind|p2a: Toucannon\n|-sidestart|p2: Blaisettt|move: Tailwind\n|\n|-damage|p2a: Toucannon|40\/100 psn|[from] psn\n|upkeep\n|turn|7\n|\n|t:|1699561754\n|switch|p2a: Ambipom|Ambipom, F|100\/100\n|move|p1a: Sneasler|Dire Claw|p2a: Ambipom\n|-damage|p2a: Ambipom|26\/100\n|-status|p2a: Ambipom|par\n|-damage|p1a: Sneasler|84\/100|[from] item: Rocky Helmet|[of] p2a: Ambipom\n|\n|upkeep\n|turn|8\n|\n|t:|1699561764\n|move|p1a: Sneasler|Dire Claw|p2a: Ambipom\n|-damage|p2a: Ambipom|0 fnt\n|-damage|p1a: Sneasler|67\/100|[from] item: Rocky Helmet|[of] p2a: Ambipom\n|faint|p2a: Ambipom\n|\n|upkeep\n|\n|t:|1699561771\n|switch|p2a: Heracross|Heracross, F|100\/100\n|turn|9\n|\n|t:|1699561796\n|detailschange|p2a: Heracross|Heracross-Mega, F\n|-mega|p2a: Heracross|Heracross|Heracronite\n|move|p1a: Sneasler|Acrobatics|p2a: Heracross\n|-supereffective|p2a: Heracross\n|-damage|p2a: Heracross|0 fnt\n|faint|p2a: Heracross\n|\n|-sideend|p2: Blaisettt|move: Tailwind\n|upkeep\n|\n|t:|1699561804\n|switch|p2a: Toucannon|Toucannon, M|40\/100 psn\n|turn|10\n|\n|t:|1699561808\n|move|p1a: Sneasler|Close Combat|p2a: Toucannon\n|-damage|p2a: Toucannon|0 fnt\n|-unboost|p1a: Sneasler|def|1\n|-unboost|p1a: Sneasler|spd|1\n|faint|p2a: Toucannon\n|\n|win|halemango69\n|raw|halemango69's rating: 1202 &rarr; <strong>1224<\/strong><br \/>(+22 for winning)\n|raw|Blaisettt's rating: 1164 &rarr; <strong>1142<\/strong><br \/>(-22 for losing)\n","uploadtime":1699561816,"views":9,"p1id":"halemango69","p2id":"blaisettt","formatid":"gen9nationaldex","rating":1142,"private":0,"password":""}