{"id":"gen9nationaldex-1996630090","p1":"lemmybro87","p2":"MorthDaMooth","format":"[Gen 9] National Dex","log":"|html|<div class=\"broadcast-blue\"><strong>[Gen 9] National Dex is currently suspecting Sneasler! For information on how to participate check out the <a href=\"https:\/\/www.smogon.com\/forums\/threads\/sv-national-dex-suspect-8-just-dance.3731534\/\">suspect thread<\/a>.<\/strong><\/div>\n|j|\u2606lemmybro87\n|j|\u2606MorthDaMooth\n|t:|1700702694\n|gametype|singles\n|player|p1|lemmybro87|liza|\n|player|p2|MorthDaMooth|170|\n|teamsize|p1|6\n|teamsize|p2|6\n|gen|9\n|tier|[Gen 9] National Dex\n|rule|HP Percentage Mod: HP is shown in percentages\n|rule|Endless Battle Clause: Forcing endless battles is banned\n|rule|OHKO Clause: OHKO moves are banned\n|rule|Evasion Clause: Evasion abilities, items, and moves are banned\n|rule|Evasion Abilities Clause: Evasion abilities are banned\n|rule|Evasion Items Clause: Evasion items are banned\n|rule|Evasion Moves Clause: Evasion moves are banned\n|rule|Species Clause: Limit one of each Pok\u00e9mon\n|rule|Sleep Clause Mod: Limit one foe put to sleep\n|clearpoke\n|poke|p1|Feraligatr, M|\n|poke|p1|Victini|\n|poke|p1|Tapu Lele|\n|poke|p1|Excadrill, M|\n|poke|p1|Tsareena, F|\n|poke|p1|Venusaur, M|\n|poke|p2|Serperior, M|\n|poke|p2|Noivern, M|\n|poke|p2|Tinkaton, F|\n|poke|p2|Slither Wing|\n|poke|p2|Milotic, F|\n|poke|p2|Clodsire, M|\n|teampreview\n|\n|t:|1700702700\n|start\n|switch|p1a: Excadrill|Excadrill, M, shiny|100\/100\n|switch|p2a: The Lad!|Clodsire, M|100\/100\n|-ability|p1a: Excadrill|Mold Breaker\n|turn|1\n|\n|t:|1700702707\n|move|p1a: Excadrill|Stealth Rock|p2a: The Lad!\n|-sidestart|p2: MorthDaMooth|move: Stealth Rock\n|move|p2a: The Lad!|Stealth Rock|p1a: Excadrill\n|-sidestart|p1: lemmybro87|move: Stealth Rock\n|\n|upkeep\n|turn|2\n|\n|t:|1700702712\n|move|p1a: Excadrill|Rapid Spin|p2a: The Lad!\n|-damage|p2a: The Lad!|80\/100\n|-boost|p1a: Excadrill|spe|1\n|-sideend|p1: lemmybro87|Stealth Rock|[from] move: Rapid Spin|[of] p1a: Excadrill\n|move|p2a: The Lad!|Earthquake|p1a: Excadrill\n|-supereffective|p1a: Excadrill\n|-damage|p1a: Excadrill|19\/100\n|\n|upkeep\n|turn|3\n|\n|t:|1700702718\n|move|p1a: Excadrill|Earthquake|p2a: The Lad!\n|-supereffective|p2a: The Lad!\n|-damage|p2a: The Lad!|0 fnt\n|faint|p2a: The Lad!\n|\n|upkeep\n|\n|t:|1700702725\n|switch|p2a: Floof Mooth|Slither Wing|100\/100\n|turn|4\n|\n|t:|1700702728\n|move|p2a: Floof Mooth|First Impression|p1a: Excadrill\n|-resisted|p1a: Excadrill\n|-damage|p1a: Excadrill|0 fnt\n|faint|p1a: Excadrill\n|\n|upkeep\n|\n|t:|1700702733\n|switch|p1a: Venusaur|Venusaur, M|100\/100\n|turn|5\n|\n|t:|1700702735\n|move|p2a: Floof Mooth|U-turn|p1a: Venusaur\n|-damage|p1a: Venusaur|49\/100\n|\n|t:|1700702742\n|-end|p2a: Floof Mooth|Protosynthesis|[silent]\n|switch|p2a: Reverb|Noivern, M, shiny|100\/100|[from] U-turn\n|-damage|p2a: Reverb|76\/100|[from] Stealth Rock\n|move|p1a: Venusaur|Sleep Powder|p2a: Reverb\n|-status|p2a: Reverb|slp|[from] move: Sleep Powder\n|\n|upkeep\n|turn|6\n|\n|t:|1700702757\n|detailschange|p1a: Venusaur|Venusaur-Mega, M\n|-mega|p1a: Venusaur|Venusaur|Venusaurite\n|cant|p2a: Reverb|slp\n|move|p1a: Venusaur|Leech Seed|p2a: Reverb\n|-start|p2a: Reverb|move: Leech Seed\n|\n|-damage|p2a: Reverb|64\/100 slp|[from] Leech Seed|[of] p1a: Venusaur\n|-heal|p1a: Venusaur|62\/100|[silent]\n|upkeep\n|turn|7\n|\n|t:|1700702764\n|cant|p2a: Reverb|slp\n|move|p1a: Venusaur|Energy Ball|p2a: Reverb\n|-resisted|p2a: Reverb\n|-damage|p2a: Reverb|50\/100 slp\n|\n|-damage|p2a: Reverb|37\/100 slp|[from] Leech Seed|[of] p1a: Venusaur\n|-heal|p1a: Venusaur|75\/100|[silent]\n|upkeep\n|turn|8\n|\n|t:|1700702772\n|-curestatus|p2a: Reverb|slp|[msg]\n|move|p2a: Reverb|Flamethrower|p1a: Venusaur\n|-supereffective|p1a: Venusaur\n|-damage|p1a: Venusaur|48\/100\n|move|p1a: Venusaur|Energy Ball|p2a: Reverb\n|-resisted|p2a: Reverb\n|-damage|p2a: Reverb|23\/100\n|\n|-damage|p2a: Reverb|11\/100|[from] Leech Seed|[of] p1a: Venusaur\n|-heal|p1a: Venusaur|61\/100|[silent]\n|upkeep\n|turn|9\n|\n|t:|1700702782\n|move|p2a: Reverb|Flamethrower|p1a: Venusaur\n|-supereffective|p1a: Venusaur\n|-damage|p1a: Venusaur|37\/100\n|move|p1a: Venusaur|Energy Ball|p2a: Reverb\n|-resisted|p2a: Reverb\n|-damage|p2a: Reverb|0 fnt\n|faint|p2a: Reverb\n|\n|upkeep\n|\n|t:|1700702789\n|switch|p2a: Floof Mooth|Slither Wing|100\/100\n|turn|10\n|\n|t:|1700702796\n|move|p2a: Floof Mooth|First Impression|p1a: Venusaur\n|-damage|p1a: Venusaur|0 fnt\n|faint|p1a: Venusaur\n|\n|upkeep\n|\n|t:|1700702800\n|switch|p1a: Tapu Lele|Tapu Lele|100\/100\n|-fieldstart|move: Psychic Terrain|[from] ability: Psychic Surge|[of] p1a: Tapu Lele\n|turn|11\n|\n|t:|1700702804\n|move|p1a: Tapu Lele|Psychic|p2a: Floof Mooth\n|-supereffective|p2a: Floof Mooth\n|-damage|p2a: Floof Mooth|0 fnt\n|faint|p2a: Floof Mooth\n|-end|p2a: Floof Mooth|Protosynthesis|[silent]\n|\n|upkeep\n|\n|t:|1700702814\n|switch|p2a: Whamma Slam!|Tinkaton, F|100\/100\n|-damage|p2a: Whamma Slam!|94\/100|[from] Stealth Rock\n|-ability|p2a: Whamma Slam!|Mold Breaker\n|turn|12\n|\n|t:|1700702820\n|switch|p1a: Tsareena|Tsareena, F, shiny|100\/100\n|move|p2a: Whamma Slam!|Gigaton Hammer|p1a: Tsareena\n|-damage|p1a: Tsareena|35\/100\n|\n|-heal|p2a: Whamma Slam!|100\/100|[from] item: Leftovers\n|upkeep\n|turn|13\n|\n|t:|1700702827\n|move|p2a: Whamma Slam!|Swords Dance|p2a: Whamma Slam!\n|-boost|p2a: Whamma Slam!|atk|2\n|-enditem|p1a: Tsareena|Mirror Herb\n|-boost|p1a: Tsareena|atk|2|[from] item: Mirror Herb\n|move|p1a: Tsareena|Trailblaze|p2a: Whamma Slam!\n|-resisted|p2a: Whamma Slam!\n|-damage|p2a: Whamma Slam!|63\/100\n|-boost|p1a: Tsareena|spe|1\n|\n|-heal|p2a: Whamma Slam!|69\/100|[from] item: Leftovers\n|upkeep\n|turn|14\n|\n|t:|1700702837\n|-terastallize|p1a: Tsareena|Fire\n|move|p1a: Tsareena|Tera Blast|p2a: Whamma Slam!|[anim] Tera Blast Fire\n|-supereffective|p2a: Whamma Slam!\n|-damage|p2a: Whamma Slam!|0 fnt\n|faint|p2a: Whamma Slam!\n|\n|upkeep\n|\n|t:|1700702842\n|switch|p2a: Marvel|Milotic, F|100\/100\n|-damage|p2a: Marvel|88\/100|[from] Stealth Rock\n|turn|15\n|\n|t:|1700702848\n|move|p1a: Tsareena|Trailblaze|p2a: Marvel\n|-supereffective|p2a: Marvel\n|-damage|p2a: Marvel|0 fnt\n|-boost|p1a: Tsareena|spe|1\n|faint|p2a: Marvel\n|\n|-fieldend|move: Psychic Terrain\n|upkeep\n|\n|t:|1700702854\n|switch|p2a: Da Snoove!|Serperior, M|100\/100\n|-damage|p2a: Da Snoove!|88\/100|[from] Stealth Rock\n|turn|16\n|\n|t:|1700702860\n|-terastallize|p2a: Da Snoove!|Fire\n|move|p1a: Tsareena|Tera Blast|p2a: Da Snoove!|[anim] Tera Blast Fire\n|-resisted|p2a: Da Snoove!\n|-damage|p2a: Da Snoove!|38\/100\n|move|p2a: Da Snoove!|Dragon Pulse|p1a: Tsareena\n|-damage|p1a: Tsareena|8\/100\n|\n|-heal|p2a: Da Snoove!|44\/100|[from] item: Leftovers\n|upkeep\n|turn|17\n|\n|t:|1700702869\n|move|p1a: Tsareena|High Jump Kick|p2a: Da Snoove!|[miss]\n|-miss|p1a: Tsareena|p2a: Da Snoove!\n|-damage|p1a: Tsareena|0 fnt|[from] highjumpkick\n|faint|p1a: Tsareena\n|move|p2a: Da Snoove!|Dragon Pulse|p1: Tsareena|[notarget]\n|-fail|p2a: Da Snoove!\n|\n|-heal|p2a: Da Snoove!|50\/100|[from] item: Leftovers\n|upkeep\n|\n|t:|1700702872\n|switch|p1a: Tapu Lele|Tapu Lele|100\/100\n|-fieldstart|move: Psychic Terrain|[from] ability: Psychic Surge|[of] p1a: Tapu Lele\n|turn|18\n|\n|t:|1700702883\n|move|p1a: Tapu Lele|Psychic|p2a: Da Snoove!\n|-damage|p2a: Da Snoove!|0 fnt\n|faint|p2a: Da Snoove!\n|\n|win|lemmybro87\n|l|\u2606lemmybro87\n|j|\u2606lemmybro87\n|player|p1|lemmybro87|liza\n","uploadtime":1700702931,"views":2,"p1id":"lemmybro87","p2id":"morthdamooth","formatid":"gen9nationaldex","rating":0,"private":0,"password":""}