{"id":"gen9nationaldex-2000566904","p1":"oiupppf","p2":"ReY Scarlet9","format":"[Gen 9] National Dex","log":"|html|<div class=\"broadcast-blue\"><strong>[Gen 9] National Dex is currently suspecting Sneasler! For information on how to participate check out the <a href=\"https:\/\/www.smogon.com\/forums\/threads\/sv-national-dex-suspect-8-just-dance.3731534\/\">suspect thread<\/a>.<\/strong><\/div>\n|j|\u2606oiupppf\n|j|\u2606ReY Scarlet9\n|t:|1701205996\n|gametype|singles\n|player|p1|oiupppf|chuck|1200\n|player|p2|ReY Scarlet9|lillie-masters|1281\n|teamsize|p1|6\n|teamsize|p2|6\n|gen|9\n|tier|[Gen 9] National Dex\n|rated|\n|rule|HP Percentage Mod: HP is shown in percentages\n|rule|Endless Battle Clause: Forcing endless battles is banned\n|rule|OHKO Clause: OHKO moves are banned\n|rule|Evasion Clause: Evasion abilities, items, and moves are banned\n|rule|Evasion Abilities Clause: Evasion abilities are banned\n|rule|Evasion Items Clause: Evasion items are banned\n|rule|Evasion Moves Clause: Evasion moves are banned\n|rule|Species Clause: Limit one of each Pok\u00e9mon\n|rule|Sleep Clause Mod: Limit one foe put to sleep\n|clearpoke\n|poke|p1|Snorlax, M|\n|poke|p1|Deoxys-Defense|\n|poke|p1|Klefki, M|\n|poke|p1|Kommo-o, F|\n|poke|p1|Ditto|\n|poke|p1|Golem-Alola, M|\n|poke|p2|Garganacl, M|\n|poke|p2|Samurott-Hisui, F|\n|poke|p2|Blaziken, F|\n|poke|p2|Lopunny, M|\n|poke|p2|Wo-Chien|\n|poke|p2|Polteageist-Antique|\n|teampreview\n|inactive|Battle timer is ON: inactive players will automatically lose when time's up. (requested by oiupppf)\n|\n|t:|1701206023\n|start\n|switch|p1a: Golem|Golem-Alola, M|100\/100\n|switch|p2a: Garglema|Garganacl, M|100\/100\n|turn|1\n|\n|t:|1701206033\n|move|p1a: Golem|Stealth Rock|p2a: Garglema\n|-sidestart|p2: ReY Scarlet9|move: Stealth Rock\n|move|p2a: Garglema|Iron Defense|p2a: Garglema\n|-boost|p2a: Garglema|def|2\n|\n|upkeep\n|turn|2\n|\n|t:|1701206040\n|move|p1a: Golem|Rock Slide|p2a: Garglema|[miss]\n|-miss|p1a: Golem|p2a: Garglema\n|move|p2a: Garglema|Iron Defense|p2a: Garglema\n|-boost|p2a: Garglema|def|2\n|\n|upkeep\n|turn|3\n|\n|t:|1701206047\n|move|p1a: Golem|Explosion|p2a: Garglema\n|-resisted|p2a: Garglema\n|-damage|p2a: Garglema|92\/100\n|faint|p1a: Golem\n|move|p2a: Garglema|Iron Defense|p2a: Garglema\n|-boost|p2a: Garglema|def|2\n|\n|-heal|p2a: Garglema|99\/100|[from] item: Leftovers\n|upkeep\n|\n|t:|1701206057\n|switch|p1a: Ditto|Ditto|100\/100\n|-transform|p1a: Ditto|p2a: Garglema|[from] ability: Imposter\n|turn|4\n|\n|t:|1701206066\n|-terastallize|p2a: Garglema|Ghost\n|move|p1a: Ditto|Body Press|p2a: Garglema\n|-immune|p2a: Garglema\n|move|p2a: Garglema|Body Press|p1a: Ditto\n|-supereffective|p1a: Ditto\n|-damage|p1a: Ditto|55\/100\n|\n|-heal|p2a: Garglema|100\/100|[from] item: Leftovers\n|upkeep\n|turn|5\n|\n|t:|1701206078\n|switch|p1a: Deoxys|Deoxys-Defense|100\/100\n|-ability|p1a: Deoxys|Pressure\n|move|p2a: Garglema|Body Press|p1a: Deoxys\n|-resisted|p1a: Deoxys\n|-damage|p1a: Deoxys|42\/100\n|\n|upkeep\n|turn|6\n|\n|t:|1701206084\n|move|p1a: Deoxys|Psychic|p2a: Garglema\n|-damage|p2a: Garglema|71\/100\n|move|p2a: Garglema|Body Press|p1a: Deoxys\n|-resisted|p1a: Deoxys\n|-damage|p1a: Deoxys|0 fnt\n|faint|p1a: Deoxys\n|\n|-heal|p2a: Garglema|77\/100|[from] item: Leftovers\n|upkeep\n|\n|t:|1701206088\n|switch|p1a: Klefki|Klefki, M|100\/100\n|turn|7\n|\n|t:|1701206090\n|move|p1a: Klefki|Reflect|p1a: Klefki\n|-sidestart|p1: oiupppf|Reflect\n|move|p2a: Garglema|Salt Cure|p1a: Klefki\n|-resisted|p1a: Klefki\n|-damage|p1a: Klefki|98\/100\n|-start|p1a: Klefki|Salt Cure\n|\n|-heal|p2a: Garglema|83\/100|[from] item: Leftovers\n|-damage|p1a: Klefki|73\/100|[from] Salt Cure\n|upkeep\n|turn|8\n|\n|t:|1701206095\n|move|p1a: Klefki|Spikes|p2a: Garglema\n|-sidestart|p2: ReY Scarlet9|Spikes\n|move|p2a: Garglema|Body Press|p1a: Klefki\n|-damage|p1a: Klefki|24\/100\n|\n|-heal|p2a: Garglema|89\/100|[from] item: Leftovers\n|-damage|p1a: Klefki|0 fnt|[from] Salt Cure\n|faint|p1a: Klefki\n|upkeep\n|\n|t:|1701206103\n|switch|p1a: Snorlax|Snorlax, M|100\/100\n|turn|9\n|\n|t:|1701206106\n|move|p1a: Snorlax|Darkest Lariat|p2a: Garglema\n|-supereffective|p2a: Garglema\n|-damage|p2a: Garglema|62\/100\n|move|p2a: Garglema|Body Press|p1a: Snorlax\n|-supereffective|p1a: Snorlax\n|-damage|p1a: Snorlax|0 fnt\n|faint|p1a: Snorlax\n|\n|-heal|p2a: Garglema|69\/100|[from] item: Leftovers\n|upkeep\n|\n|t:|1701206111\n|switch|p1a: Kommo-o|Kommo-o, F|100\/100\n|turn|10\n|\n|t:|1701206115\n|move|p1a: Kommo-o|Clangorous Soul|p1a: Kommo-o\n|-boost|p1a: Kommo-o|atk|1\n|-boost|p1a: Kommo-o|def|1\n|-boost|p1a: Kommo-o|spa|1\n|-boost|p1a: Kommo-o|spd|1\n|-boost|p1a: Kommo-o|spe|1\n|-damage|p1a: Kommo-o|68\/100\n|-enditem|p1a: Kommo-o|Throat Spray\n|-boost|p1a: Kommo-o|spa|1|[from] item: Throat Spray\n|move|p2a: Garglema|Body Press|p1a: Kommo-o\n|-damage|p1a: Kommo-o|26\/100\n|\n|-heal|p2a: Garglema|75\/100|[from] item: Leftovers\n|upkeep\n|turn|11\n|\n|t:|1701206121\n|move|p1a: Kommo-o|Clanging Scales|p2a: Garglema\n|-damage|p2a: Garglema|0 fnt\n|faint|p2a: Garglema\n|-unboost|p1a: Kommo-o|def|1\n|\n|upkeep\n|\n|t:|1701206123\n|switch|p2a: OwOoga|Lopunny, M, shiny|100\/100\n|-damage|p2a: OwOoga|88\/100|[from] Stealth Rock\n|-damage|p2a: OwOoga|76\/100|[from] Spikes\n|turn|12\n|\n|t:|1701206127\n|detailschange|p2a: OwOoga|Lopunny-Mega, M, shiny\n|-mega|p2a: OwOoga|Lopunny|Lopunnite\n|move|p2a: OwOoga|Fake Out|p1a: Kommo-o\n|-damage|p1a: Kommo-o|14\/100\n|cant|p1a: Kommo-o|flinch\n|\n|upkeep\n|turn|13\n|\n|t:|1701206136\n|switch|p2a: JP Bruh|Samurott-Hisui, F|100\/100\n|-damage|p2a: JP Bruh|88\/100|[from] Stealth Rock\n|-damage|p2a: JP Bruh|76\/100|[from] Spikes\n|move|p1a: Kommo-o|Clanging Scales|p2a: JP Bruh\n|-damage|p2a: JP Bruh|0 fnt\n|faint|p2a: JP Bruh\n|-unboost|p1a: Kommo-o|def|1\n|\n|upkeep\n|\n|t:|1701206139\n|switch|p2a: OwOoga|Lopunny-Mega, M, shiny|76\/100\n|-damage|p2a: OwOoga|70\/100|[from] Stealth Rock\n|-damage|p2a: OwOoga|58\/100|[from] Spikes\n|turn|14\n|\n|t:|1701206141\n|move|p2a: OwOoga|Fake Out|p1a: Kommo-o\n|-damage|p1a: Kommo-o|0 fnt\n|faint|p1a: Kommo-o\n|\n|-sideend|p1: oiupppf|Reflect\n|upkeep\n|\n|t:|1701206144\n|switch|p1a: Ditto|Ditto|55\/100\n|-transform|p1a: Ditto|p2a: OwOoga|[from] ability: Imposter\n|turn|15\n|\n|t:|1701206151\n|switch|p2a: Snailllll|Wo-Chien|100\/100\n|-damage|p2a: Snailllll|88\/100|[from] Stealth Rock\n|-damage|p2a: Snailllll|76\/100|[from] Spikes\n|-ability|p2a: Snailllll|Tablets of Ruin\n|-terastallize|p1a: Ditto|Normal\n|move|p1a: Ditto|Return|p2a: Snailllll\n|-damage|p2a: Snailllll|22\/100\n|\n|-heal|p2a: Snailllll|28\/100|[from] item: Leftovers\n|upkeep\n|turn|16\n|\n|t:|1701206156\n|move|p1a: Ditto|Return|p2a: Snailllll\n|-damage|p2a: Snailllll|0 fnt\n|faint|p2a: Snailllll\n|\n|upkeep\n|\n|t:|1701206159\n|switch|p2a: Dragon!Install|Blaziken, F, shiny|100\/100\n|-damage|p2a: Dragon!Install|88\/100|[from] Stealth Rock\n|-damage|p2a: Dragon!Install|76\/100|[from] Spikes\n|turn|17\n|\n|t:|1701206162\n|move|p2a: Dragon!Install|Protect|p2a: Dragon!Install\n|-singleturn|p2a: Dragon!Install|Protect\n|move|p1a: Ditto|Return|p2a: Dragon!Install\n|-activate|p2a: Dragon!Install|move: Protect\n|\n|-ability|p2a: Dragon!Install|Speed Boost|boost\n|-boost|p2a: Dragon!Install|spe|1\n|upkeep\n|turn|18\n|\n|t:|1701206164\n|switch|p2a: Polteageist|Polteageist-Antique|100\/100\n|-damage|p2a: Polteageist|88\/100|[from] Stealth Rock\n|-damage|p2a: Polteageist|76\/100|[from] Spikes\n|move|p1a: Ditto|Return|p2a: Polteageist\n|-damage|p2a: Polteageist|0 fnt\n|faint|p2a: Polteageist\n|\n|upkeep\n|\n|t:|1701206166\n|switch|p2a: Dragon!Install|Blaziken, F, shiny|76\/100\n|-damage|p2a: Dragon!Install|64\/100|[from] Stealth Rock\n|-damage|p2a: Dragon!Install|51\/100|[from] Spikes\n|turn|19\n|\n|t:|1701206171\n|move|p2a: Dragon!Install|Protect|p2a: Dragon!Install\n|-singleturn|p2a: Dragon!Install|Protect\n|move|p1a: Ditto|Return|p2a: Dragon!Install\n|-activate|p2a: Dragon!Install|move: Protect\n|\n|-ability|p2a: Dragon!Install|Speed Boost|boost\n|-boost|p2a: Dragon!Install|spe|1\n|upkeep\n|turn|20\n|\n|t:|1701206177\n|-activate|p1a: Ditto|move: Struggle\n|move|p1a: Ditto|Struggle|p2a: Dragon!Install\n|-damage|p2a: Dragon!Install|20\/100\n|-damage|p1a: Ditto|30\/100|[from] recoil\n|move|p2a: Dragon!Install|Overheat|p1a: Ditto|[miss]\n|-miss|p2a: Dragon!Install|p1a: Ditto\n|\n|-ability|p2a: Dragon!Install|Speed Boost|boost\n|-boost|p2a: Dragon!Install|spe|1\n|upkeep\n|turn|21\n|\n|t:|1701206180\n|move|p2a: Dragon!Install|Vacuum Wave|p1a: Ditto\n|-supereffective|p1a: Ditto\n|-damage|p1a: Ditto|0 fnt\n|faint|p1a: Ditto\n|\n|win|ReY Scarlet9\n|raw|oiupppf's rating: 1200 &rarr; <strong>1181<\/strong><br \/>(-19 for losing)\n|raw|ReY Scarlet9's rating: 1281 &rarr; <strong>1300<\/strong><br \/>(+19 for winning)\n|l|\u2606oiupppf\n|c|\u2606ReY Scarlet9|Gg\n","uploadtime":1701206187,"views":14,"p1id":"oiupppf","p2id":"reyscarlet9","formatid":"gen9nationaldex","rating":1181,"private":0,"password":""}