{"id":"gen9nationaldex-1992507856","p1":"GoYouSureYeahGetit","p2":"Lu Lu Zhu","format":"[Gen 9] National Dex","log":"|j|\u2606GoYouSureYeahGetit\n|j|\u2606Lu Lu Zhu\n|t:|1700196753\n|gametype|singles\n|player|p1|GoYouSureYeahGetit|bea|1650\n|player|p2|Lu Lu Zhu|elesa|1724\n|teamsize|p1|6\n|teamsize|p2|6\n|gen|9\n|tier|[Gen 9] National Dex\n|rated|\n|rule|HP Percentage Mod: HP is shown in percentages\n|rule|Endless Battle Clause: Forcing endless battles is banned\n|rule|OHKO Clause: OHKO moves are banned\n|rule|Evasion Clause: Evasion abilities, items, and moves are banned\n|rule|Evasion Abilities Clause: Evasion abilities are banned\n|rule|Evasion Items Clause: Evasion items are banned\n|rule|Evasion Moves Clause: Evasion moves are banned\n|rule|Species Clause: Limit one of each Pok\u00e9mon\n|rule|Sleep Clause Mod: Limit one foe put to sleep\n|clearpoke\n|poke|p1|Xurkitree|\n|poke|p1|Ogerpon-Wellspring, F|\n|poke|p1|Tapu Lele|\n|poke|p1|Zapdos|\n|poke|p1|Heatran, M|\n|poke|p1|Lopunny, F|\n|poke|p2|Scizor, F|\n|poke|p2|Iron Valiant|\n|poke|p2|Sneasler, M|\n|poke|p2|Ceruledge, M|\n|poke|p2|Gliscor, M|\n|poke|p2|Tapu Koko|\n|teampreview\n|c|\u2606GoYouSureYeahGetit|gl hf\n|inactive|Battle timer is ON: inactive players will automatically lose when time's up. (requested by Lu Lu Zhu)\n|\n|t:|1700196763\n|start\n|switch|p1a: Lopunny|Lopunny, F|100\/100\n|switch|p2a: Tapu Koko|Tapu Koko|100\/100\n|-fieldstart|move: Electric Terrain|[from] ability: Electric Surge|[of] p2a: Tapu Koko\n|turn|1\n|\n|t:|1700196774\n|switch|p2a: Gliscor|Gliscor, M|100\/100\n|detailschange|p1a: Lopunny|Lopunny-Mega, F\n|-mega|p1a: Lopunny|Lopunny|Lopunnite\n|move|p1a: Lopunny|Fake Out|p2a: Gliscor\n|-crit|p2a: Gliscor\n|-damage|p2a: Gliscor|77\/100\n|\n|-status|p2a: Gliscor|tox|[from] item: Toxic Orb\n|upkeep\n|turn|2\n|\n|t:|1700196782\n|move|p1a: Lopunny|Triple Axel|p2a: Gliscor\n|-supereffective|p2a: Gliscor\n|-damage|p2a: Gliscor|58\/100 tox\n|-supereffective|p2a: Gliscor\n|-damage|p2a: Gliscor|20\/100 tox\n|-hitcount|p2a: Gliscor|2\n|move|p2a: Gliscor|Stealth Rock|p1a: Lopunny\n|-sidestart|p1: GoYouSureYeahGetit|move: Stealth Rock\n|\n|-heal|p2a: Gliscor|32\/100 tox|[from] ability: Poison Heal\n|upkeep\n|turn|3\n|\n|t:|1700196787\n|switch|p2a: Scizor|Scizor, F|100\/100\n|move|p1a: Lopunny|Triple Axel|p2a: Scizor\n|-resisted|p2a: Scizor\n|-damage|p2a: Scizor|98\/100\n|-resisted|p2a: Scizor\n|-damage|p2a: Scizor|92\/100\n|-resisted|p2a: Scizor\n|-damage|p2a: Scizor|82\/100\n|-hitcount|p2a: Scizor|3\n|\n|upkeep\n|turn|4\n|\n|t:|1700196791\n|switch|p1a: Zapdos|Zapdos|100\/100\n|detailschange|p2a: Scizor|Scizor-Mega, F\n|-mega|p2a: Scizor|Scizor|Scizorite\n|move|p2a: Scizor|U-turn|p1a: Zapdos\n|-resisted|p1a: Zapdos\n|-damage|p1a: Zapdos|87\/100\n|\n|t:|1700196794\n|switch|p2a: Gliscor|Gliscor, M|32\/100 tox|[from] U-turn\n|\n|-heal|p2a: Gliscor|45\/100 tox|[from] ability: Poison Heal\n|upkeep\n|turn|5\n|\n|t:|1700196800\n|move|p1a: Zapdos|Defog|p2a: Gliscor\n|-unboost|p2a: Gliscor|evasion|1\n|-sideend|p1: GoYouSureYeahGetit|Stealth Rock|[from] move: Defog|[of] p1a: Zapdos\n|-fieldend|move: Electric Terrain\n|move|p2a: Gliscor|Roost|p2a: Gliscor\n|-heal|p2a: Gliscor|95\/100 tox\n|-singleturn|p2a: Gliscor|move: Roost\n|\n|-heal|p2a: Gliscor|100\/100 tox|[from] ability: Poison Heal\n|upkeep\n|turn|6\n|\n|t:|1700196807\n|switch|p1a: Lopunny|Lopunny-Mega, F|100\/100\n|move|p2a: Gliscor|Stealth Rock|p1a: Lopunny\n|-sidestart|p1: GoYouSureYeahGetit|move: Stealth Rock\n|\n|upkeep\n|turn|7\n|j| YJLF_test\n|\n|t:|1700196814\n|switch|p2a: Scizor|Scizor-Mega, F|82\/100\n|move|p1a: Lopunny|Triple Axel|p2a: Scizor\n|-resisted|p2a: Scizor\n|-damage|p2a: Scizor|80\/100\n|-resisted|p2a: Scizor\n|-damage|p2a: Scizor|76\/100\n|-resisted|p2a: Scizor\n|-damage|p2a: Scizor|69\/100\n|-hitcount|p2a: Scizor|3\n|\n|upkeep\n|turn|8\n|\n|t:|1700196817\n|switch|p1a: Zapdos|Zapdos|87\/100\n|move|p2a: Scizor|Roost|p2a: Scizor\n|-heal|p2a: Scizor|100\/100\n|-singleturn|p2a: Scizor|move: Roost\n|\n|upkeep\n|turn|9\n|j| KoKohs\n|\n|t:|1700196825\n|move|p1a: Zapdos|Defog|p2a: Scizor\n|-unboost|p2a: Scizor|evasion|1\n|-sideend|p1: GoYouSureYeahGetit|Stealth Rock|[from] move: Defog|[of] p1a: Zapdos\n|move|p2a: Scizor|U-turn|p1a: Zapdos\n|-resisted|p1a: Zapdos\n|-damage|p1a: Zapdos|75\/100\n|\n|t:|1700196828\n|switch|p2a: Tapu Koko|Tapu Koko|100\/100|[from] U-turn\n|-fieldstart|move: Electric Terrain|[from] ability: Electric Surge|[of] p2a: Tapu Koko\n|\n|upkeep\n|turn|10\n|\n|t:|1700196835\n|move|p2a: Tapu Koko|Thunderbolt|p1a: Zapdos\n|-damage|p1a: Zapdos|3\/100\n|move|p1a: Zapdos|Volt Switch|p2a: Tapu Koko\n|-resisted|p2a: Tapu Koko\n|-damage|p2a: Tapu Koko|76\/100\n|j| oomizuhasuoo\n|\n|t:|1700196844\n|switch|p1a: Lopunny|Lopunny-Mega, F|100\/100|[from] Volt Switch\n|\n|upkeep\n|turn|11\n|\n|t:|1700196849\n|switch|p2a: Scizor|Scizor-Mega, F|100\/100\n|move|p1a: Lopunny|Fake Out|p2a: Scizor\n|-resisted|p2a: Scizor\n|-damage|p2a: Scizor|94\/100\n|\n|upkeep\n|turn|12\n|\n|t:|1700196853\n|switch|p1a: Heatran|Heatran, M|100\/100\n|move|p2a: Scizor|U-turn|p1a: Heatran\n|-resisted|p1a: Heatran\n|-damage|p1a: Heatran|93\/100\n|\n|t:|1700196864\n|switch|p2a: Gliscor|Gliscor, M|100\/100 tox|[from] U-turn\n|\n|-heal|p1a: Heatran|99\/100|[from] item: Leftovers\n|upkeep\n|turn|13\n|\n|t:|1700196869\n|switch|p1a: Ogerpon|Ogerpon-Wellspring, F|100\/100\n|move|p2a: Gliscor|Stealth Rock|p1a: Ogerpon\n|-sidestart|p1: GoYouSureYeahGetit|move: Stealth Rock\n|\n|-fieldend|move: Electric Terrain\n|upkeep\n|turn|14\n|l| oomizuhasuoo\n|\n|t:|1700196894\n|switch|p2a: Tapu Koko|Tapu Koko|76\/100\n|-fieldstart|move: Electric Terrain|[from] ability: Electric Surge|[of] p2a: Tapu Koko\n|move|p1a: Ogerpon|Swords Dance|p1a: Ogerpon\n|-boost|p1a: Ogerpon|atk|2\n|\n|upkeep\n|turn|15\n|inactive|Lu Lu Zhu has 120 seconds left.\n|\n|t:|1700196918\n|move|p2a: Tapu Koko|Thunderbolt|p1a: Ogerpon\n|-damage|p1a: Ogerpon|17\/100\n|move|p1a: Ogerpon|Horn Leech|p2a: Tapu Koko\n|-damage|p2a: Tapu Koko|0 fnt\n|-heal|p1a: Ogerpon|52\/100|[from] drain|[of] p2a: Tapu Koko\n|faint|p2a: Tapu Koko\n|\n|upkeep\n|inactive|Lu Lu Zhu has 120 seconds left.\n|\n|t:|1700196933\n|switch|p2a: Iron Valiant|Iron Valiant|100\/100\n|-activate|p2a: Iron Valiant|ability: Quark Drive\n|-start|p2a: Iron Valiant|quarkdrivespe\n|turn|16\n|\n|t:|1700196939\n|switch|p1a: Zapdos|Zapdos|3\/100\n|move|p2a: Iron Valiant|Aura Sphere|p1a: Zapdos\n|-resisted|p1a: Zapdos\n|-damage|p1a: Zapdos|0 fnt\n|faint|p1a: Zapdos\n|\n|upkeep\n|\n|t:|1700196941\n|switch|p1a: Tapu Lele|Tapu Lele|100\/100\n|-damage|p1a: Tapu Lele|88\/100|[from] Stealth Rock\n|-fieldstart|move: Psychic Terrain|[from] ability: Psychic Surge|[of] p1a: Tapu Lele\n|-end|p2a: Iron Valiant|Quark Drive\n|turn|17\n|\n|t:|1700196947\n|-end|p2a: Iron Valiant|Quark Drive|[silent]\n|switch|p2a: Scizor|Scizor-Mega, F|94\/100\n|move|p1a: Tapu Lele|Psyshock|p2a: Scizor\n|-resisted|p2a: Scizor\n|-damage|p2a: Scizor|78\/100\n|\n|upkeep\n|turn|18\n|\n|t:|1700196954\n|switch|p1a: Heatran|Heatran, M|99\/100\n|-damage|p1a: Heatran|87\/100|[from] Stealth Rock\n|move|p2a: Scizor|U-turn|p1a: Heatran\n|-resisted|p1a: Heatran\n|-damage|p1a: Heatran|80\/100\n|\n|t:|1700196957\n|switch|p2a: Sneasler|Sneasler, M|100\/100|[from] U-turn\n|\n|-heal|p1a: Heatran|86\/100|[from] item: Leftovers\n|upkeep\n|turn|19\n|\n|t:|1700196965\n|-terastallize|p1a: Heatran|Grass\n|move|p2a: Sneasler|Close Combat|p1a: Heatran\n|-damage|p1a: Heatran|26\/100\n|-unboost|p2a: Sneasler|def|1\n|-unboost|p2a: Sneasler|spd|1\n|move|p1a: Heatran|Earth Power|p2a: Sneasler\n|-supereffective|p2a: Sneasler\n|-damage|p2a: Sneasler|0 fnt\n|faint|p2a: Sneasler\n|\n|-heal|p1a: Heatran|32\/100|[from] item: Leftovers\n|upkeep\n|\n|t:|1700196973\n|switch|p2a: Iron Valiant|Iron Valiant|100\/100\n|turn|20\n|\n|t:|1700196976\n|move|p2a: Iron Valiant|Moonblast|p1a: Heatran\n|-damage|p1a: Heatran|0 fnt\n|faint|p1a: Heatran\n|\n|upkeep\n|\n|t:|1700196982\n|switch|p1a: Xurkitree|Xurkitree, shiny|100\/100\n|-damage|p1a: Xurkitree|88\/100|[from] Stealth Rock\n|turn|21\n|\n|t:|1700196995\n|move|p2a: Iron Valiant|Moonblast|p1a: Xurkitree\n|-damage|p1a: Xurkitree|0 fnt\n|faint|p1a: Xurkitree\n|\n|-fieldend|move: Psychic Terrain\n|upkeep\n|\n|t:|1700197000\n|switch|p1a: Tapu Lele|Tapu Lele|88\/100\n|-damage|p1a: Tapu Lele|76\/100|[from] Stealth Rock\n|-fieldstart|move: Psychic Terrain|[from] ability: Psychic Surge|[of] p1a: Tapu Lele\n|turn|22\n|\n|t:|1700197005\n|-end|p2a: Iron Valiant|Quark Drive|[silent]\n|switch|p2a: Scizor|Scizor-Mega, F|78\/100\n|-zpower|p1a: Tapu Lele\n|move|p1a: Tapu Lele|Shattered Psyche|p2a: Scizor|[zeffect]\n|-resisted|p2a: Scizor\n|-crit|p2a: Scizor\n|-damage|p2a: Scizor|0 fnt\n|faint|p2a: Scizor\n|\n|upkeep\n|\n|t:|1700197012\n|switch|p2a: Iron Valiant|Iron Valiant|100\/100\n|turn|23\n|\n|t:|1700197016\n|-terastallize|p2a: Iron Valiant|Fairy\n|move|p2a: Iron Valiant|Moonblast|p1a: Tapu Lele\n|-damage|p1a: Tapu Lele|0 fnt\n|faint|p1a: Tapu Lele\n|\n|upkeep\n|\n|t:|1700197025\n|switch|p1a: Lopunny|Lopunny-Mega, F|100\/100\n|-damage|p1a: Lopunny|95\/100|[from] Stealth Rock\n|turn|24\n|\n|t:|1700197030\n|-end|p2a: Iron Valiant|Quark Drive|[silent]\n|switch|p2a: Gliscor|Gliscor, M|100\/100 tox\n|move|p1a: Lopunny|Return|p2a: Gliscor\n|-damage|p2a: Gliscor|61\/100 tox\n|\n|-heal|p2a: Gliscor|74\/100 tox|[from] ability: Poison Heal\n|upkeep\n|turn|25\n|\n|t:|1700197038\n|move|p1a: Lopunny|Triple Axel|p2a: Gliscor\n|-supereffective|p2a: Gliscor\n|-damage|p2a: Gliscor|52\/100 tox\n|-supereffective|p2a: Gliscor\n|-damage|p2a: Gliscor|13\/100 tox\n|-hitcount|p2a: Gliscor|2\n|move|p2a: Gliscor|Earthquake|p1a: Lopunny\n|-damage|p1a: Lopunny|54\/100\n|\n|-heal|p2a: Gliscor|26\/100 tox|[from] ability: Poison Heal\n|upkeep\n|turn|26\n|\n|t:|1700197047\n|switch|p1a: Ogerpon|Ogerpon-Wellspring, F|52\/100\n|-damage|p1a: Ogerpon|40\/100|[from] Stealth Rock\n|move|p2a: Gliscor|Earthquake|p1a: Ogerpon\n|-resisted|p1a: Ogerpon\n|-damage|p1a: Ogerpon|16\/100\n|\n|-heal|p2a: Gliscor|38\/100 tox|[from] ability: Poison Heal\n|-fieldend|move: Psychic Terrain\n|upkeep\n|turn|27\n|\n|t:|1700197051\n|move|p1a: Ogerpon|Ivy Cudgel|p2a: Gliscor|[anim] Ivy Cudgel Water\n|-supereffective|p2a: Gliscor\n|-damage|p2a: Gliscor|0 fnt\n|faint|p2a: Gliscor\n|\n|upkeep\n|\n|t:|1700197053\n|switch|p2a: Iron Valiant|Iron Valiant, tera:Fairy|100\/100\n|turn|28\n|\n|t:|1700197056\n|move|p2a: Iron Valiant|Moonblast|p1a: Ogerpon\n|-damage|p1a: Ogerpon|0 fnt\n|faint|p1a: Ogerpon\n|\n|upkeep\n|\n|t:|1700197060\n|switch|p1a: Lopunny|Lopunny-Mega, F|54\/100\n|-damage|p1a: Lopunny|48\/100|[from] Stealth Rock\n|turn|29\n|\n|t:|1700197065\n|-end|p2a: Iron Valiant|Quark Drive|[silent]\n|switch|p2a: Ceruledge|Ceruledge, M|100\/100\n|move|p1a: Lopunny|Fake Out|p2a: Ceruledge\n|-damage|p2a: Ceruledge|73\/100\n|\n|upkeep\n|turn|30\n|\n|t:|1700197072\n|move|p1a: Lopunny|Close Combat|p2a: Ceruledge\n|-damage|p2a: Ceruledge|0 fnt\n|-unboost|p1a: Lopunny|def|1\n|-unboost|p1a: Lopunny|spd|1\n|faint|p2a: Ceruledge\n|\n|upkeep\n|\n|t:|1700197074\n|switch|p2a: Iron Valiant|Iron Valiant, tera:Fairy|100\/100\n|turn|31\n|\n|t:|1700197078\n|move|p1a: Lopunny|Return|p2a: Iron Valiant\n|-damage|p2a: Iron Valiant|25\/100\n|move|p2a: Iron Valiant|Moonblast|p1a: Lopunny\n|-supereffective|p1a: Lopunny\n|-damage|p1a: Lopunny|0 fnt\n|faint|p1a: Lopunny\n|\n|win|Lu Lu Zhu\n|raw|GoYouSureYeahGetit's rating: 1650 &rarr; <strong>1634<\/strong><br \/>(-16 for losing)\n|raw|Lu Lu Zhu's rating: 1724 &rarr; <strong>1740<\/strong><br \/>(+16 for winning)\n|c|\u2606GoYouSureYeahGetit|gg\n|l| YJLF_test\n","uploadtime":1700197087,"views":5,"p1id":"goyousureyeahgetit","p2id":"luluzhu","formatid":"gen9nationaldex","rating":1634,"private":0,"password":""}