{"id":"gen9nationaldex-2000602804","p1":"Smartjedi","p2":"9RZ","format":"[Gen 9] National Dex","log":"|html|<div class=\"broadcast-blue\"><strong>[Gen 9] National Dex is currently suspecting Sneasler! For information on how to participate check out the <a href=\"https:\/\/www.smogon.com\/forums\/threads\/sv-national-dex-suspect-8-just-dance.3731534\/\">suspect thread<\/a>.<\/strong><\/div>\n|j|\u2606Smartjedi\n|j|\u26069RZ\n|t:|1701209498\n|gametype|singles\n|player|p1|Smartjedi|red|1472\n|player|p2|9RZ|marlon|1588\n|teamsize|p1|6\n|teamsize|p2|6\n|gen|9\n|tier|[Gen 9] National Dex\n|rated|\n|rule|HP Percentage Mod: HP is shown in percentages\n|rule|Endless Battle Clause: Forcing endless battles is banned\n|rule|OHKO Clause: OHKO moves are banned\n|rule|Evasion Clause: Evasion abilities, items, and moves are banned\n|rule|Evasion Abilities Clause: Evasion abilities are banned\n|rule|Evasion Items Clause: Evasion items are banned\n|rule|Evasion Moves Clause: Evasion moves are banned\n|rule|Species Clause: Limit one of each Pok\u00e9mon\n|rule|Sleep Clause Mod: Limit one foe put to sleep\n|clearpoke\n|poke|p1|Garganacl, M|\n|poke|p1|Serperior, M|\n|poke|p1|Gliscor, F|\n|poke|p1|Tapu Koko|\n|poke|p1|Iron Moth|\n|poke|p1|Sneasler, F|\n|poke|p2|Araquanid, M|\n|poke|p2|Tapu Lele|\n|poke|p2|Victini|\n|poke|p2|Landorus-Therian, M|\n|poke|p2|Ferrothorn, M|\n|poke|p2|Garganacl, M|\n|teampreview\n|inactive|Battle timer is ON: inactive players will automatically lose when time's up. (requested by Smartjedi)\n|inactive|9RZ has 120 seconds left.\n|inactive|9RZ has 90 seconds left.\n|\n|t:|1701209570\n|start\n|switch|p1a: Tapu Koko|Tapu Koko|100\/100\n|switch|p2a: 1:23|Araquanid, M, shiny|100\/100\n|-fieldstart|move: Electric Terrain|[from] ability: Electric Surge|[of] p1a: Tapu Koko\n|turn|1\n|\n|t:|1701209592\n|move|p1a: Tapu Koko|Thunderbolt|p2a: 1:23\n|-supereffective|p2a: 1:23\n|-damage|p2a: 1:23|39\/100\n|move|p2a: 1:23|Mirror Coat|p1a: Tapu Koko\n|-damage|p1a: Tapu Koko|0 fnt\n|faint|p1a: Tapu Koko\n|\n|-heal|p2a: 1:23|45\/100|[from] item: Leftovers\n|upkeep\n|\n|t:|1701209604\n|switch|p1a: Sneasler|Sneasler, F|100\/100\n|-enditem|p1a: Sneasler|Electric Seed\n|-boost|p1a: Sneasler|def|1|[from] item: Electric Seed\n|turn|2\n|\n|t:|1701209609\n|move|p1a: Sneasler|Swords Dance|p1a: Sneasler\n|-boost|p1a: Sneasler|atk|2\n|move|p2a: 1:23|Liquidation|p1a: Sneasler\n|-damage|p1a: Sneasler|47\/100\n|\n|-heal|p2a: 1:23|51\/100|[from] item: Leftovers\n|upkeep\n|turn|3\n|\n|t:|1701209623\n|switch|p2a: RockIce|Garganacl, M, shiny|100\/100\n|move|p1a: Sneasler|Close Combat|p2a: RockIce\n|-supereffective|p2a: RockIce\n|-damage|p2a: RockIce|0 fnt\n|-unboost|p1a: Sneasler|def|1\n|-unboost|p1a: Sneasler|spd|1\n|faint|p2a: RockIce\n|\n|upkeep\n|\n|t:|1701209626\n|switch|p2a: Bando|Landorus-Therian, M|100\/100\n|-ability|p2a: Bando|Intimidate|boost\n|-unboost|p1a: Sneasler|atk|1\n|turn|4\n|\n|t:|1701209634\n|move|p1a: Sneasler|Dire Claw|p2a: Bando\n|-resisted|p2a: Bando\n|-damage|p2a: Bando|60\/100\n|-status|p2a: Bando|psn\n|move|p2a: Bando|Stone Edge|p1a: Sneasler|[miss]\n|-miss|p2a: Bando|p1a: Sneasler\n|\n|-damage|p2a: Bando|48\/100 psn|[from] psn\n|upkeep\n|turn|5\n|\n|t:|1701209641\n|move|p1a: Sneasler|Acrobatics|p2a: Bando\n|-damage|p2a: Bando|0 fnt\n|faint|p2a: Bando\n|\n|upkeep\n|\n|t:|1701209644\n|switch|p2a: ChokinOnDcks|Ferrothorn, M|100\/100\n|turn|6\n|\n|t:|1701209648\n|-terastallize|p1a: Sneasler|Flying\n|-terastallize|p2a: ChokinOnDcks|Water\n|move|p1a: Sneasler|Acrobatics|p2a: ChokinOnDcks\n|-damage|p2a: ChokinOnDcks|35\/100\n|-damage|p1a: Sneasler|35\/100|[from] ability: Iron Barbs|[of] p2a: ChokinOnDcks\n|move|p2a: ChokinOnDcks|Gyro Ball|p1a: Sneasler\n|-damage|p1a: Sneasler|0 fnt\n|faint|p1a: Sneasler\n|\n|-heal|p2a: ChokinOnDcks|41\/100|[from] item: Leftovers\n|upkeep\n|\n|t:|1701209669\n|switch|p1a: CONTRARIAN|Serperior, M|100\/100\n|turn|7\n|\n|t:|1701209676\n|move|p2a: ChokinOnDcks|Protect|p2a: ChokinOnDcks\n|-singleturn|p2a: ChokinOnDcks|Protect\n|move|p1a: CONTRARIAN|Glare|p2a: ChokinOnDcks\n|-activate|p2a: ChokinOnDcks|move: Protect\n|\n|-heal|p2a: ChokinOnDcks|47\/100|[from] item: Leftovers\n|upkeep\n|turn|8\n|\n|t:|1701209682\n|switch|p2a: MeetTheWoo|Victini|100\/100\n|move|p1a: CONTRARIAN|Glare|p2a: MeetTheWoo\n|-status|p2a: MeetTheWoo|par\n|\n|-fieldend|move: Electric Terrain\n|upkeep\n|turn|9\n|\n|t:|1701209685\n|switch|p1a: Gliscor|Gliscor, F|100\/100\n|cant|p2a: MeetTheWoo|par\n|\n|-status|p1a: Gliscor|tox|[from] item: Toxic Orb\n|upkeep\n|turn|10\n|\n|t:|1701209689\n|move|p1a: Gliscor|Knock Off|p2a: MeetTheWoo\n|-supereffective|p2a: MeetTheWoo\n|-damage|p2a: MeetTheWoo|54\/100 par\n|-enditem|p2a: MeetTheWoo|Choice Band|[from] move: Knock Off|[of] p1a: Gliscor\n|cant|p2a: MeetTheWoo|par\n|\n|upkeep\n|turn|11\n|c|\u26069RZ|u r fucking terrible\n|-message|9RZ forfeited.\n|\n|win|Smartjedi\n|raw|Smartjedi's rating: 1472 &rarr; <strong>1498<\/strong><br \/>(+26 for winning)\n|raw|9RZ's rating: 1588 &rarr; <strong>1562<\/strong><br \/>(-26 for losing)\n","uploadtime":1701209696,"views":0,"p1id":"smartjedi","p2id":"9rz","formatid":"gen9nationaldex","rating":1498,"private":0,"password":""}