{"id":"gen9nationaldex-1997528885","p1":"A-Grade","p2":"kanrenji","format":"[Gen 9] National Dex","log":"|html|<div class=\"broadcast-blue\"><strong>[Gen 9] National Dex is currently suspecting Sneasler! For information on how to participate check out the <a href=\"https:\/\/www.smogon.com\/forums\/threads\/sv-national-dex-suspect-8-just-dance.3731534\/\">suspect thread<\/a>.<\/strong><\/div>\n|j|\u2606A-Grade\n|j|\u2606kanrenji\n|t:|1700820742\n|gametype|singles\n|player|p1|A-Grade|1|1101\n|player|p2|kanrenji|gentleman-gen4dp|1192\n|teamsize|p1|6\n|teamsize|p2|6\n|gen|9\n|tier|[Gen 9] National Dex\n|rated|\n|rule|HP Percentage Mod: HP is shown in percentages\n|rule|Endless Battle Clause: Forcing endless battles is banned\n|rule|OHKO Clause: OHKO moves are banned\n|rule|Evasion Clause: Evasion abilities, items, and moves are banned\n|rule|Evasion Abilities Clause: Evasion abilities are banned\n|rule|Evasion Items Clause: Evasion items are banned\n|rule|Evasion Moves Clause: Evasion moves are banned\n|rule|Species Clause: Limit one of each Pok\u00e9mon\n|rule|Sleep Clause Mod: Limit one foe put to sleep\n|clearpoke\n|poke|p1|Salamence, M|\n|poke|p1|Blissey, F|\n|poke|p1|Dondozo, F|\n|poke|p1|Pelipper, M|\n|poke|p1|Ferrothorn, M|\n|poke|p1|Seismitoad, M|\n|poke|p2|Scizor, M|\n|poke|p2|Incineroar, M|\n|poke|p2|Vaporeon, F|\n|poke|p2|Sneasler, M|\n|poke|p2|Crabrawler, F|\n|poke|p2|Dragonite, F|\n|teampreview\n|\n|t:|1700820769\n|start\n|switch|p1a: Pelipper|Pelipper, M|100\/100\n|switch|p2a: Vaporeon|Vaporeon, F|100\/100\n|-weather|RainDance|[from] ability: Drizzle|[of] p1a: Pelipper\n|turn|1\n|\n|t:|1700820790\n|switch|p1a: Ferrothorn|Ferrothorn, M|100\/100\n|move|p2a: Vaporeon|Toxic|p1a: Ferrothorn\n|-immune|p1a: Ferrothorn\n|\n|-weather|RainDance|[upkeep]\n|upkeep\n|turn|2\n|\n|t:|1700820794\n|switch|p2a: Incineroar|Incineroar, M|100\/100\n|-ability|p2a: Incineroar|Intimidate|boost\n|-unboost|p1a: Ferrothorn|atk|1\n|move|p1a: Ferrothorn|Power Whip|p2a: Incineroar\n|-resisted|p2a: Incineroar\n|-damage|p2a: Incineroar|88\/100\n|\n|-weather|RainDance|[upkeep]\n|upkeep\n|turn|3\n|\n|t:|1700820806\n|switch|p1a: Salamence|Salamence, M|100\/100\n|-ability|p1a: Salamence|Intimidate|boost\n|-unboost|p2a: Incineroar|atk|1\n|move|p2a: Incineroar|Flare Blitz|p1a: Salamence\n|-resisted|p1a: Salamence\n|-damage|p1a: Salamence|92\/100\n|-damage|p2a: Incineroar|85\/100|[from] Recoil\n|\n|-weather|RainDance|[upkeep]\n|upkeep\n|turn|4\n|\n|t:|1700820813\n|move|p1a: Salamence|Hurricane|p2a: Incineroar\n|-damage|p2a: Incineroar|41\/100\n|move|p2a: Incineroar|Parting Shot|p1a: Salamence\n|-unboost|p1a: Salamence|atk|1\n|-unboost|p1a: Salamence|spa|1\n|\n|t:|1700820818\n|switch|p2a: Scizor|Scizor, M|100\/100|[from] Parting Shot\n|\n|-weather|RainDance|[upkeep]\n|upkeep\n|turn|5\n|\n|t:|1700820828\n|detailschange|p2a: Scizor|Scizor-Mega, M\n|-mega|p2a: Scizor|Scizor|Scizorite\n|move|p1a: Salamence|Hurricane|p2a: Scizor\n|-damage|p2a: Scizor|73\/100\n|move|p2a: Scizor|Swords Dance|p2a: Scizor\n|-boost|p2a: Scizor|atk|2\n|\n|-weather|RainDance|[upkeep]\n|upkeep\n|turn|6\n|\n|t:|1700820834\n|switch|p1a: Dondozo|Dondozo, F|100\/100\n|move|p2a: Scizor|Swords Dance|p2a: Scizor\n|-boost|p2a: Scizor|atk|2\n|\n|-weather|RainDance|[upkeep]\n|upkeep\n|turn|7\n|\n|t:|1700820838\n|move|p2a: Scizor|Close Combat|p1a: Dondozo\n|-damage|p1a: Dondozo|79\/100\n|-unboost|p2a: Scizor|def|1\n|-unboost|p2a: Scizor|spd|1\n|move|p1a: Dondozo|Liquidation|p2a: Scizor\n|-damage|p2a: Scizor|39\/100\n|\n|-weather|RainDance|[upkeep]\n|upkeep\n|turn|8\n|\n|t:|1700820845\n|switch|p2a: Vaporeon|Vaporeon, F|100\/100\n|move|p1a: Dondozo|Liquidation|p2a: Vaporeon\n|-immune|p2a: Vaporeon|[from] ability: Water Absorb\n|\n|-weather|none\n|upkeep\n|turn|9\n|\n|t:|1700820852\n|switch|p2a: Incineroar|Incineroar, M|41\/100\n|-ability|p2a: Incineroar|Intimidate|boost\n|-unboost|p1a: Dondozo|atk|1\n|switch|p1a: Ferrothorn|Ferrothorn, M|100\/100\n|\n|upkeep\n|turn|10\n|\n|t:|1700820860\n|switch|p1a: Pelipper|Pelipper, M|100\/100\n|-weather|RainDance|[from] ability: Drizzle|[of] p1a: Pelipper\n|-zpower|p2a: Incineroar\n|move|p2a: Incineroar|Malicious Moonsault|p1a: Pelipper|[zeffect]\n|-damage|p1a: Pelipper|30\/100\n|\n|-weather|RainDance|[upkeep]\n|upkeep\n|turn|11\n|\n|t:|1700820871\n|switch|p1a: Salamence|Salamence, M|92\/100\n|-ability|p1a: Salamence|Intimidate|boost\n|-unboost|p2a: Incineroar|atk|1\n|switch|p2a: Vaporeon|Vaporeon, F|100\/100\n|\n|-weather|RainDance|[upkeep]\n|upkeep\n|turn|12\n|\n|t:|1700820877\n|move|p1a: Salamence|Hurricane|p2a: Vaporeon\n|-damage|p2a: Vaporeon|65\/100\n|move|p2a: Vaporeon|Toxic|p1a: Salamence\n|-status|p1a: Salamence|tox\n|\n|-weather|RainDance|[upkeep]\n|-heal|p2a: Vaporeon|71\/100|[from] item: Leftovers\n|-damage|p1a: Salamence|86\/100 tox|[from] psn\n|upkeep\n|turn|13\n|\n|t:|1700820884\n|switch|p1a: Ferrothorn|Ferrothorn, M|100\/100\n|move|p2a: Vaporeon|Wish|p2a: Vaporeon\n|\n|-weather|RainDance|[upkeep]\n|-heal|p2a: Vaporeon|77\/100|[from] item: Leftovers\n|upkeep\n|turn|14\n|\n|t:|1700820890\n|switch|p2a: Scizor|Scizor-Mega, M|39\/100\n|move|p1a: Ferrothorn|Stealth Rock|p2a: Scizor\n|-sidestart|p2: kanrenji|move: Stealth Rock\n|\n|-weather|RainDance|[upkeep]\n|-heal|p2a: Scizor|100\/100|[from] move: Wish|[wisher] Vaporeon\n|upkeep\n|turn|15\n|\n|t:|1700820900\n|switch|p1a: Dondozo|Dondozo, F|79\/100\n|move|p2a: Scizor|Close Combat|p1a: Dondozo\n|-damage|p1a: Dondozo|56\/100\n|-unboost|p2a: Scizor|def|1\n|-unboost|p2a: Scizor|spd|1\n|\n|-weather|RainDance|[upkeep]\n|upkeep\n|turn|16\n|\n|t:|1700820913\n|switch|p2a: Vaporeon|Vaporeon, F|77\/100\n|-damage|p2a: Vaporeon|65\/100|[from] Stealth Rock\n|switch|p1a: Seismitoad|Seismitoad, M|100\/100\n|\n|-weather|RainDance|[upkeep]\n|-heal|p2a: Vaporeon|71\/100|[from] item: Leftovers\n|upkeep\n|turn|17\n|\n|t:|1700820917\n|move|p1a: Seismitoad|Earth Power|p2a: Vaporeon\n|-damage|p2a: Vaporeon|35\/100\n|-damage|p1a: Seismitoad|91\/100|[from] item: Life Orb\n|move|p2a: Vaporeon|Scald|p1a: Seismitoad\n|-damage|p1a: Seismitoad|37\/100\n|-status|p1a: Seismitoad|brn\n|\n|-weather|none\n|-heal|p2a: Vaporeon|42\/100|[from] item: Leftovers\n|-damage|p1a: Seismitoad|31\/100 brn|[from] brn\n|upkeep\n|turn|18\n|\n|t:|1700820934\n|move|p1a: Seismitoad|Grass Knot|p2a: Vaporeon\n|-supereffective|p2a: Vaporeon\n|-damage|p2a: Vaporeon|5\/100\n|-damage|p1a: Seismitoad|21\/100 brn|[from] item: Life Orb\n|move|p2a: Vaporeon|Wish|p2a: Vaporeon\n|\n|-heal|p2a: Vaporeon|11\/100|[from] item: Leftovers\n|-damage|p1a: Seismitoad|15\/100 brn|[from] brn\n|upkeep\n|turn|19\n|\n|t:|1700820945\n|switch|p1a: Pelipper|Pelipper, M|30\/100\n|-weather|RainDance|[from] ability: Drizzle|[of] p1a: Pelipper\n|move|p2a: Vaporeon|Protect||[still]\n|-fail|p2a: Vaporeon\n|\n|-weather|RainDance|[upkeep]\n|-heal|p2a: Vaporeon|61\/100|[from] move: Wish|[wisher] Vaporeon\n|-heal|p2a: Vaporeon|67\/100|[from] item: Leftovers\n|upkeep\n|turn|20\n|\n|t:|1700820963\n|switch|p2a: Scizor|Scizor-Mega, M|100\/100\n|-damage|p2a: Scizor|88\/100|[from] Stealth Rock\n|switch|p1a: Ferrothorn|Ferrothorn, M|100\/100\n|\n|-weather|RainDance|[upkeep]\n|upkeep\n|turn|21\n|\n|t:|1700820966\n|move|p2a: Scizor|Close Combat|p1a: Ferrothorn\n|-supereffective|p1a: Ferrothorn\n|-damage|p1a: Ferrothorn|25\/100\n|-unboost|p2a: Scizor|def|1\n|-unboost|p2a: Scizor|spd|1\n|-damage|p2a: Scizor|75\/100|[from] ability: Iron Barbs|[of] p1a: Ferrothorn\n|move|p1a: Ferrothorn|Leech Seed|p2a: Scizor\n|-start|p2a: Scizor|move: Leech Seed\n|\n|-weather|RainDance|[upkeep]\n|-heal|p1a: Ferrothorn|32\/100|[from] item: Leftovers\n|-damage|p2a: Scizor|63\/100|[from] Leech Seed|[of] p1a: Ferrothorn\n|-heal|p1a: Ferrothorn|44\/100|[silent]\n|upkeep\n|turn|22\n|\n|t:|1700820975\n|switch|p2a: Incineroar|Incineroar, M|41\/100\n|-damage|p2a: Incineroar|16\/100|[from] Stealth Rock\n|-ability|p2a: Incineroar|Intimidate|boost\n|-unboost|p1a: Ferrothorn|atk|1\n|switch|p1a: Dondozo|Dondozo, F|56\/100\n|\n|-weather|RainDance|[upkeep]\n|upkeep\n|turn|23\n|\n|t:|1700820989\n|move|p2a: Incineroar|Fake Out|p1a: Dondozo\n|-damage|p1a: Dondozo|49\/100\n|cant|p1a: Dondozo|flinch\n|\n|-weather|RainDance|[upkeep]\n|upkeep\n|turn|24\n|\n|t:|1700820995\n|move|p2a: Incineroar|Parting Shot|p1a: Dondozo\n|-unboost|p1a: Dondozo|atk|1\n|-unboost|p1a: Dondozo|spa|1\n|\n|t:|1700821004\n|switch|p2a: Sneasler|Sneasler, M|100\/100|[from] Parting Shot\n|-damage|p2a: Sneasler|95\/100|[from] Stealth Rock\n|move|p1a: Dondozo|Rest|p1a: Dondozo\n|-status|p1a: Dondozo|slp|[from] move: Rest\n|-heal|p1a: Dondozo|100\/100 slp|[silent]\n|\n|-weather|RainDance|[upkeep]\n|upkeep\n|turn|25\n|\n|t:|1700821012\n|move|p2a: Sneasler|Swords Dance|p2a: Sneasler\n|-boost|p2a: Sneasler|atk|2\n|cant|p1a: Dondozo|slp\n|move|p1a: Dondozo|Sleep Talk|p1a: Dondozo\n|move|p1a: Dondozo|Rest||[from]move: Sleep Talk|[still]\n|-fail|p1a: Dondozo\n|\n|-weather|RainDance|[upkeep]\n|upkeep\n|turn|26\n|\n|t:|1700821018\n|move|p2a: Sneasler|Swords Dance|p2a: Sneasler\n|-boost|p2a: Sneasler|atk|2\n|cant|p1a: Dondozo|slp\n|move|p1a: Dondozo|Sleep Talk|p1a: Dondozo\n|move|p1a: Dondozo|Curse|p1a: Dondozo|[from]move: Sleep Talk\n|-unboost|p1a: Dondozo|spe|1\n|-boost|p1a: Dondozo|atk|1\n|-boost|p1a: Dondozo|def|1\n|\n|-weather|none\n|upkeep\n|turn|27\n|\n|t:|1700821025\n|-terastallize|p2a: Sneasler|Fighting\n|move|p2a: Sneasler|Close Combat|p1a: Dondozo\n|-damage|p1a: Dondozo|70\/100 slp\n|-unboost|p2a: Sneasler|def|1\n|-unboost|p2a: Sneasler|spd|1\n|-damage|p2a: Sneasler|85\/100|[from] item: Life Orb\n|-curestatus|p1a: Dondozo|slp|[msg]\n|move|p1a: Dondozo|Curse|p1a: Dondozo\n|-unboost|p1a: Dondozo|spe|1\n|-boost|p1a: Dondozo|atk|1\n|-boost|p1a: Dondozo|def|1\n|\n|upkeep\n|turn|28\n|\n|t:|1700821033\n|switch|p2a: Vaporeon|Vaporeon, F|67\/100\n|-damage|p2a: Vaporeon|55\/100|[from] Stealth Rock\n|move|p1a: Dondozo|Curse|p1a: Dondozo\n|-unboost|p1a: Dondozo|spe|1\n|-boost|p1a: Dondozo|atk|1\n|-boost|p1a: Dondozo|def|1\n|\n|-heal|p2a: Vaporeon|61\/100|[from] item: Leftovers\n|upkeep\n|turn|29\n|\n|t:|1700821042\n|switch|p1a: Blissey|Blissey, F|100\/100\n|move|p2a: Vaporeon|Toxic|p1a: Blissey\n|-status|p1a: Blissey|tox\n|\n|-heal|p2a: Vaporeon|67\/100|[from] item: Leftovers\n|-damage|p1a: Blissey|94\/100 tox|[from] psn\n|upkeep\n|turn|30\n|\n|t:|1700821047\n|switch|p2a: Scizor|Scizor-Mega, M|63\/100\n|-damage|p2a: Scizor|50\/100|[from] Stealth Rock\n|move|p1a: Blissey|Thunder|p2a: Scizor\n|-damage|p2a: Scizor|30\/100\n|\n|-damage|p1a: Blissey|82\/100 tox|[from] psn\n|upkeep\n|turn|31\n|\n|t:|1700821064\n|move|p2a: Scizor|Close Combat|p1a: Blissey\n|-supereffective|p1a: Blissey\n|-damage|p1a: Blissey|0 fnt\n|-unboost|p2a: Scizor|def|1\n|-unboost|p2a: Scizor|spd|1\n|faint|p1a: Blissey\n|\n|upkeep\n|\n|t:|1700821070\n|switch|p1a: Pelipper|Pelipper, M|30\/100\n|-weather|RainDance|[from] ability: Drizzle|[of] p1a: Pelipper\n|turn|32\n|\n|t:|1700821076\n|switch|p1a: Salamence|Salamence, M|86\/100 tox\n|-ability|p1a: Salamence|Intimidate|boost\n|-unboost|p2a: Scizor|atk|1\n|move|p2a: Scizor|Bullet Punch|p1a: Salamence\n|-damage|p1a: Salamence|64\/100 tox\n|\n|-weather|RainDance|[upkeep]\n|-damage|p1a: Salamence|58\/100 tox|[from] psn\n|upkeep\n|turn|33\n|\n|t:|1700821085\n|switch|p2a: Crabrawler|Crabrawler, F, shiny|100\/100\n|-damage|p2a: Crabrawler|94\/100|[from] Stealth Rock\n|move|p1a: Salamence|Roost|p1a: Salamence\n|-heal|p1a: Salamence|100\/100 tox\n|-singleturn|p1a: Salamence|move: Roost\n|\n|-weather|RainDance|[upkeep]\n|-damage|p1a: Salamence|88\/100 tox|[from] psn\n|upkeep\n|turn|34\n|\n|t:|1700821090\n|move|p1a: Salamence|Hurricane|p2a: Crabrawler\n|-supereffective|p2a: Crabrawler\n|-damage|p2a: Crabrawler|0 fnt\n|faint|p2a: Crabrawler\n|\n|-weather|RainDance|[upkeep]\n|-damage|p1a: Salamence|70\/100 tox|[from] psn\n|upkeep\n|\n|t:|1700821099\n|switch|p2a: Dragonite|Dragonite, F|100\/100\n|-damage|p2a: Dragonite|76\/100|[from] Stealth Rock\n|turn|35\n|\n|t:|1700821124\n|move|p2a: Dragonite|Ice Spinner|p1a: Salamence\n|-supereffective|p1a: Salamence\n|-damage|p1a: Salamence|0 fnt\n|faint|p1a: Salamence\n|\n|-weather|RainDance|[upkeep]\n|upkeep\n|\n|t:|1700821135\n|switch|p1a: Ferrothorn|Ferrothorn, M|44\/100\n|turn|36\n|c|\u2606kanrenji|i'm really liking this match\n|\n|t:|1700821138\n|move|p2a: Dragonite|Ice Spinner|p1a: Ferrothorn\n|-damage|p1a: Ferrothorn|16\/100\n|-damage|p2a: Dragonite|63\/100|[from] ability: Iron Barbs|[of] p1a: Ferrothorn\n|move|p1a: Ferrothorn|Stealth Rock||[still]\n|-fail|p1a: Ferrothorn\n|\n|-weather|RainDance|[upkeep]\n|-heal|p1a: Ferrothorn|22\/100|[from] item: Leftovers\n|upkeep\n|turn|37\n|\n|t:|1700821141\n|move|p2a: Dragonite|Ice Spinner|p1a: Ferrothorn\n|-damage|p1a: Ferrothorn|0 fnt\n|-damage|p2a: Dragonite|51\/100|[from] ability: Iron Barbs|[of] p1a: Ferrothorn\n|faint|p1a: Ferrothorn\n|\n|-weather|RainDance|[upkeep]\n|upkeep\n|\n|t:|1700821149\n|switch|p1a: Seismitoad|Seismitoad, M|15\/100 brn\n|turn|38\n|\n|t:|1700821155\n|move|p1a: Seismitoad|Hydro Pump|p2a: Dragonite\n|-resisted|p2a: Dragonite\n|-damage|p2a: Dragonite|0 fnt\n|faint|p2a: Dragonite\n|-damage|p1a: Seismitoad|5\/100 brn|[from] item: Life Orb\n|\n|-weather|RainDance|[upkeep]\n|-damage|p1a: Seismitoad|0 fnt|[from] brn\n|faint|p1a: Seismitoad\n|upkeep\n|\n|t:|1700821163\n|switch|p2a: Sneasler|Sneasler, M, tera:Fighting|85\/100\n|switch|p1a: Dondozo|Dondozo, F|70\/100\n|-damage|p2a: Sneasler|79\/100|[from] Stealth Rock\n|turn|39\n|-message|A-Grade forfeited.\n|\n|win|kanrenji\n|raw|A-Grade's rating: 1101 &rarr; <strong>1080<\/strong><br \/>(-21 for losing)\n|raw|kanrenji's rating: 1162 &rarr; <strong>1183<\/strong><br \/>(+21 for winning)\n|l|\u2606A-Grade\n|c|\u2606kanrenji|gg\n","uploadtime":1700821180,"views":4,"p1id":"agrade","p2id":"kanrenji","formatid":"gen9nationaldex","rating":1080,"private":0,"password":""}