{"id":"gen9nationaldex-1990847590","p1":"hackilla15","p2":"Chili Crisp","format":"[Gen 9] National Dex","log":"|j|\u2606hackilla15\n|j|\u2606Chili Crisp\n|t:|1700007145\n|gametype|singles\n|player|p1|hackilla15|ethan|1204\n|player|p2|Chili Crisp|lucas|1183\n|teamsize|p1|6\n|teamsize|p2|6\n|gen|9\n|tier|[Gen 9] National Dex\n|rated|\n|rule|HP Percentage Mod: HP is shown in percentages\n|rule|Endless Battle Clause: Forcing endless battles is banned\n|rule|OHKO Clause: OHKO moves are banned\n|rule|Evasion Clause: Evasion abilities, items, and moves are banned\n|rule|Evasion Abilities Clause: Evasion abilities are banned\n|rule|Evasion Items Clause: Evasion items are banned\n|rule|Evasion Moves Clause: Evasion moves are banned\n|rule|Species Clause: Limit one of each Pok\u00e9mon\n|rule|Sleep Clause Mod: Limit one foe put to sleep\n|clearpoke\n|poke|p1|Clodsire, F|\n|poke|p1|Poliwrath, M|\n|poke|p1|Volcarona, F|\n|poke|p1|Rillaboom, M|\n|poke|p1|Venusaur, M|\n|poke|p1|Krookodile, M|\n|poke|p2|Iron Thorns|\n|poke|p2|Garchomp, F|\n|poke|p2|Ceruledge, M|\n|poke|p2|Brute Bonnet|\n|poke|p2|Hydreigon, F|\n|poke|p2|Glastrier|\n|teampreview\n|c|\u2606Chili Crisp|glhf\n|inactive|Battle timer is ON: inactive players will automatically lose when time's up. (requested by hackilla15)\n|\n|t:|1700007157\n|start\n|switch|p1a: Mr. Jitters|Krookodile, M|100\/100\n|switch|p2a: Upon A Pale Horse|Glastrier|100\/100\n|turn|1\n|c|\u2606hackilla15|Yt\n|\n|t:|1700007168\n|switch|p1a: F.R.O.G.|Poliwrath, M, shiny|100\/100\n|move|p2a: Upon A Pale Horse|Trailblaze|p1a: F.R.O.G.\n|-supereffective|p1a: F.R.O.G.\n|-damage|p1a: F.R.O.G.|62\/100\n|-boost|p2a: Upon A Pale Horse|spe|1\n|\n|upkeep\n|turn|2\n|\n|t:|1700007174\n|move|p1a: F.R.O.G.|Drain Punch|p2a: Upon A Pale Horse\n|-supereffective|p2a: Upon A Pale Horse\n|-damage|p2a: Upon A Pale Horse|59\/100\n|-heal|p1a: F.R.O.G.|85\/100|[from] drain|[of] p2a: Upon A Pale Horse\n|move|p2a: Upon A Pale Horse|Trailblaze|p1a: F.R.O.G.\n|-supereffective|p1a: F.R.O.G.\n|-damage|p1a: F.R.O.G.|47\/100\n|-boost|p2a: Upon A Pale Horse|spe|1\n|\n|-heal|p2a: Upon A Pale Horse|65\/100|[from] item: Leftovers\n|upkeep\n|turn|3\n|\n|t:|1700007181\n|move|p2a: Upon A Pale Horse|Trailblaze|p1a: F.R.O.G.\n|-supereffective|p1a: F.R.O.G.\n|-damage|p1a: F.R.O.G.|9\/100\n|-boost|p2a: Upon A Pale Horse|spe|1\n|move|p1a: F.R.O.G.|Drain Punch|p2a: Upon A Pale Horse\n|-supereffective|p2a: Upon A Pale Horse\n|-damage|p2a: Upon A Pale Horse|21\/100\n|-heal|p1a: F.R.O.G.|35\/100|[from] drain|[of] p2a: Upon A Pale Horse\n|\n|-heal|p2a: Upon A Pale Horse|27\/100|[from] item: Leftovers\n|upkeep\n|turn|4\n|\n|t:|1700007187\n|move|p2a: Upon A Pale Horse|Trailblaze|p1a: F.R.O.G.\n|-supereffective|p1a: F.R.O.G.\n|-damage|p1a: F.R.O.G.|0 fnt\n|-boost|p2a: Upon A Pale Horse|spe|1\n|faint|p1a: F.R.O.G.\n|-ability|p2a: Upon A Pale Horse|Chilling Neigh|boost\n|-boost|p2a: Upon A Pale Horse|atk|1\n|\n|-heal|p2a: Upon A Pale Horse|33\/100|[from] item: Leftovers\n|upkeep\n|\n|t:|1700007196\n|switch|p1a: M\u00f6th|Volcarona, F, shiny|100\/100\n|turn|5\n|\n|t:|1700007208\n|move|p2a: Upon A Pale Horse|Icicle Crash|p1a: M\u00f6th\n|-resisted|p1a: M\u00f6th\n|-damage|p1a: M\u00f6th|50\/100\n|move|p1a: M\u00f6th|Quiver Dance|p1a: M\u00f6th\n|-boost|p1a: M\u00f6th|spa|1\n|-boost|p1a: M\u00f6th|spd|1\n|-boost|p1a: M\u00f6th|spe|1\n|\n|-heal|p2a: Upon A Pale Horse|39\/100|[from] item: Leftovers\n|upkeep\n|turn|6\n|\n|t:|1700007217\n|move|p1a: M\u00f6th|Fiery Dance|p2a: Upon A Pale Horse\n|-supereffective|p2a: Upon A Pale Horse\n|-damage|p2a: Upon A Pale Horse|0 fnt\n|faint|p2a: Upon A Pale Horse\n|\n|upkeep\n|\n|t:|1700007228\n|switch|p2a: Truth Mercy Regret|Hydreigon, F|100\/100\n|turn|7\n|\n|t:|1700007233\n|move|p1a: M\u00f6th|Bug Buzz|p2a: Truth Mercy Regret\n|-supereffective|p2a: Truth Mercy Regret\n|-damage|p2a: Truth Mercy Regret|0 fnt\n|faint|p2a: Truth Mercy Regret\n|\n|upkeep\n|\n|t:|1700007238\n|switch|p2a: The Flood|Brute Bonnet|100\/100\n|turn|8\n|\n|t:|1700007243\n|-terastallize|p1a: M\u00f6th|Grass\n|move|p2a: The Flood|Sucker Punch|p1a: M\u00f6th\n|-damage|p1a: M\u00f6th|5\/100\n|move|p1a: M\u00f6th|Fiery Dance|p2a: The Flood\n|-supereffective|p2a: The Flood\n|-damage|p2a: The Flood|0 fnt\n|faint|p2a: The Flood\n|-end|p2a: The Flood|Protosynthesis|[silent]\n|\n|upkeep\n|\n|t:|1700007248\n|switch|p2a: Noble 6|Ceruledge, M|100\/100\n|turn|9\n|\n|t:|1700007252\n|move|p2a: Noble 6|Shadow Sneak|p1a: M\u00f6th\n|-damage|p1a: M\u00f6th|0 fnt\n|faint|p1a: M\u00f6th\n|\n|upkeep\n|\n|t:|1700007255\n|switch|p1a: F.R.O.G.?|Venusaur, M, shiny|100\/100\n|turn|10\n|\n|t:|1700007258\n|detailschange|p1a: F.R.O.G.?|Venusaur-Mega, M, shiny\n|-mega|p1a: F.R.O.G.?|Venusaur|Venusaurite\n|move|p2a: Noble 6|Swords Dance|p2a: Noble 6\n|-boost|p2a: Noble 6|atk|2\n|move|p1a: F.R.O.G.?|Leech Seed|p2a: Noble 6\n|-start|p2a: Noble 6|move: Leech Seed\n|\n|-damage|p2a: Noble 6|88\/100|[from] Leech Seed|[of] p1a: F.R.O.G.?\n|upkeep\n|turn|11\n|\n|t:|1700007261\n|move|p2a: Noble 6|Bitter Blade|p1a: F.R.O.G.?\n|-supereffective|p1a: F.R.O.G.?\n|-damage|p1a: F.R.O.G.?|35\/100\n|-heal|p2a: Noble 6|100\/100|[from] drain|[of] p1a: F.R.O.G.?\n|move|p1a: F.R.O.G.?|Earth Power|p2a: Noble 6\n|-supereffective|p2a: Noble 6\n|-damage|p2a: Noble 6|43\/100\n|\n|-damage|p2a: Noble 6|30\/100|[from] Leech Seed|[of] p1a: F.R.O.G.?\n|-heal|p1a: F.R.O.G.?|46\/100|[silent]\n|upkeep\n|turn|12\n|\n|t:|1700007272\n|switch|p1a: Sir Clod|Clodsire, F, shiny|100\/100\n|move|p2a: Noble 6|Bitter Blade|p1a: Sir Clod\n|-damage|p1a: Sir Clod|50\/100\n|-heal|p2a: Noble 6|68\/100|[from] drain|[of] p1a: Sir Clod\n|\n|-heal|p1a: Sir Clod|56\/100|[from] item: Black Sludge\n|-damage|p2a: Noble 6|55\/100|[from] Leech Seed|[of] p1a: Sir Clod\n|-heal|p1a: Sir Clod|65\/100|[silent]\n|upkeep\n|turn|13\n|\n|t:|1700007277\n|move|p2a: Noble 6|Bitter Blade|p1a: Sir Clod\n|-damage|p1a: Sir Clod|12\/100\n|-heal|p2a: Noble 6|94\/100|[from] drain|[of] p1a: Sir Clod\n|move|p1a: Sir Clod|Toxic|p2a: Noble 6\n|-status|p2a: Noble 6|tox\n|\n|-heal|p1a: Sir Clod|18\/100|[from] item: Black Sludge\n|-damage|p2a: Noble 6|82\/100 tox|[from] Leech Seed|[of] p1a: Sir Clod\n|-heal|p1a: Sir Clod|26\/100|[silent]\n|-damage|p2a: Noble 6|75\/100 tox|[from] psn\n|upkeep\n|turn|14\n|\n|t:|1700007284\n|move|p2a: Noble 6|Bitter Blade|p1a: Sir Clod\n|-damage|p1a: Sir Clod|0 fnt\n|-heal|p2a: Noble 6|95\/100 tox|[from] drain|[of] p1a: Sir Clod\n|faint|p1a: Sir Clod\n|\n|-damage|p2a: Noble 6|82\/100 tox|[from] psn\n|upkeep\n|\n|t:|1700007290\n|switch|p1a: F.R.O.G.?|Venusaur-Mega, M, shiny|46\/100\n|turn|15\n|\n|t:|1700007297\n|move|p2a: Noble 6|Bitter Blade|p1a: F.R.O.G.?\n|-supereffective|p1a: F.R.O.G.?\n|-damage|p1a: F.R.O.G.?|0 fnt\n|-heal|p2a: Noble 6|100\/100 tox|[from] drain|[of] p1a: F.R.O.G.?\n|faint|p1a: F.R.O.G.?\n|\n|-damage|p2a: Noble 6|82\/100 tox|[from] psn\n|upkeep\n|\n|t:|1700007301\n|switch|p1a: Boomin' Bangers|Rillaboom, M|100\/100\n|-fieldstart|move: Grassy Terrain|[from] ability: Grassy Surge|[of] p1a: Boomin' Bangers\n|-enditem|p1a: Boomin' Bangers|Grassy Seed\n|-boost|p1a: Boomin' Bangers|def|1|[from] item: Grassy Seed\n|turn|16\n|\n|t:|1700007303\n|move|p2a: Noble 6|Bitter Blade|p1a: Boomin' Bangers\n|-supereffective|p1a: Boomin' Bangers\n|-damage|p1a: Boomin' Bangers|8\/100\n|-heal|p2a: Noble 6|100\/100 tox|[from] drain|[of] p1a: Boomin' Bangers\n|move|p1a: Boomin' Bangers|Bulk Up|p1a: Boomin' Bangers\n|-boost|p1a: Boomin' Bangers|atk|1\n|-boost|p1a: Boomin' Bangers|def|1\n|\n|-heal|p1a: Boomin' Bangers|14\/100|[from] Grassy Terrain\n|-damage|p2a: Noble 6|88\/100 tox|[from] Leech Seed|[of] p1a: Boomin' Bangers\n|-heal|p1a: Boomin' Bangers|24\/100|[silent]\n|-damage|p2a: Noble 6|63\/100 tox|[from] psn\n|upkeep\n|turn|17\n|\n|t:|1700007316\n|move|p2a: Noble 6|Bitter Blade|p1a: Boomin' Bangers\n|-supereffective|p1a: Boomin' Bangers\n|-damage|p1a: Boomin' Bangers|0 fnt\n|-heal|p2a: Noble 6|78\/100 tox|[from] drain|[of] p1a: Boomin' Bangers\n|faint|p1a: Boomin' Bangers\n|\n|-heal|p2a: Noble 6|85\/100 tox|[from] Grassy Terrain\n|-damage|p2a: Noble 6|53\/100 tox|[from] psn\n|upkeep\n|\n|t:|1700007319\n|switch|p1a: Mr. Jitters|Krookodile, M|100\/100\n|turn|18\n|\n|t:|1700007342\n|-terastallize|p2a: Noble 6|Dark\n|move|p1a: Mr. Jitters|Scale Shot|p2a: Noble 6\n|-damage|p2a: Noble 6|41\/100 tox\n|-ability|p2a: Noble 6|Weak Armor|boost\n|-unboost|p2a: Noble 6|def|1\n|-boost|p2a: Noble 6|spe|2\n|-damage|p2a: Noble 6|24\/100 tox\n|-ability|p2a: Noble 6|Weak Armor|boost\n|-unboost|p2a: Noble 6|def|1\n|-boost|p2a: Noble 6|spe|2\n|-damage|p2a: Noble 6|0 fnt\n|faint|p2a: Noble 6\n|-ability|p1a: Mr. Jitters|Moxie|boost\n|-boost|p1a: Mr. Jitters|atk|1\n|-hitcount|p2: Noble 6|3\n|-unboost|p1a: Mr. Jitters|def|1\n|-boost|p1a: Mr. Jitters|spe|1\n|\n|upkeep\n|\n|t:|1700007370\n|switch|p2a: 117|Iron Thorns|100\/100\n|-enditem|p2a: 117|Booster Energy\n|-activate|p2a: 117|ability: Quark Drive|[fromitem]\n|-start|p2a: 117|quarkdriveatk\n|turn|19\n|\n|t:|1700007381\n|move|p1a: Mr. Jitters|Earthquake|p2a: 117\n|-supereffective|p2a: 117\n|-damage|p2a: 117|0 fnt\n|faint|p2a: 117\n|-end|p2a: 117|Quark Drive|[silent]\n|-ability|p1a: Mr. Jitters|Moxie|boost\n|-boost|p1a: Mr. Jitters|atk|1\n|\n|upkeep\n|\n|t:|1700007383\n|switch|p2a: Arbiter|Garchomp, F|100\/100\n|turn|20\n|\n|t:|1700007388\n|move|p1a: Mr. Jitters|Scale Shot|p2a: Arbiter\n|-supereffective|p2a: Arbiter\n|-damage|p2a: Arbiter|66\/100\n|-supereffective|p2a: Arbiter\n|-damage|p2a: Arbiter|34\/100\n|-supereffective|p2a: Arbiter\n|-damage|p2a: Arbiter|0 fnt\n|faint|p2a: Arbiter\n|-hitcount|p2: Arbiter|3\n|\n|win|hackilla15\n|raw|hackilla15's rating: 1204 &rarr; <strong>1227<\/strong><br \/>(+23 for winning)\n|raw|Chili Crisp's rating: 1183 &rarr; <strong>1160<\/strong><br \/>(-23 for losing)\n|l|\u2606Chili Crisp\n|c|\u2606hackilla15|Gg\n","uploadtime":1700007647,"views":13,"p1id":"hackilla15","p2id":"chilicrisp","formatid":"gen9nationaldex","rating":1160,"private":0,"password":""}