{"id":"gen9nationaldex-1996178096","p1":"Tay2252","p2":"Shinyxk","format":"[Gen 9] National Dex","log":"|html|<div class=\"broadcast-blue\"><strong>[Gen 9] National Dex is currently suspecting Sneasler! For information on how to participate check out the <a href=\"https:\/\/www.smogon.com\/forums\/threads\/sv-national-dex-suspect-8-just-dance.3731534\/\">suspect thread<\/a>.<\/strong><\/div>\n|j|\u2606Tay2252\n|j|\u2606Shinyxk\n|t:|1700655542\n|gametype|singles\n|player|p1|Tay2252|marlon|1142\n|player|p2|Shinyxk|youngster-gen8|1040\n|teamsize|p1|6\n|teamsize|p2|2\n|gen|9\n|tier|[Gen 9] National Dex\n|rated|\n|rule|HP Percentage Mod: HP is shown in percentages\n|rule|Endless Battle Clause: Forcing endless battles is banned\n|rule|OHKO Clause: OHKO moves are banned\n|rule|Evasion Clause: Evasion abilities, items, and moves are banned\n|rule|Evasion Abilities Clause: Evasion abilities are banned\n|rule|Evasion Items Clause: Evasion items are banned\n|rule|Evasion Moves Clause: Evasion moves are banned\n|rule|Species Clause: Limit one of each Pok\u00e9mon\n|rule|Sleep Clause Mod: Limit one foe put to sleep\n|clearpoke\n|poke|p1|Swampert, F|\n|poke|p1|Slowbro, M|\n|poke|p1|Pidgeot, M|\n|poke|p1|Malamar, M|\n|poke|p1|Golurk|\n|poke|p1|Whimsicott, M|\n|poke|p2|Latios, M|\n|poke|p2|Lapras, M|\n|teampreview\n|inactive|Battle timer is ON: inactive players will automatically lose when time's up. (requested by Shinyxk)\n|c|\u2606Tay2252|Gl\n|\n|t:|1700655558\n|start\n|switch|p1a: Nagy|Slowbro, M|100\/100\n|switch|p2a: Latios|Latios, M|100\/100\n|turn|1\n|c|\u2606Shinyxk|u2\n|\n|t:|1700655561\n|move|p2a: Latios|Light Screen|p2a: Latios\n|-sidestart|p2: Shinyxk|move: Light Screen\n|move|p1a: Nagy|Toxic|p2a: Latios\n|-status|p2a: Latios|tox\n|\n|-damage|p2a: Latios|94\/100 tox|[from] psn\n|upkeep\n|turn|2\n|\n|t:|1700655575\n|move|p2a: Latios|Reflect|p2a: Latios\n|-sidestart|p2: Shinyxk|Reflect\n|move|p1a: Nagy|Calm Mind|p1a: Nagy\n|-boost|p1a: Nagy|spa|1\n|-boost|p1a: Nagy|spd|1\n|\n|-damage|p2a: Latios|82\/100 tox|[from] psn\n|upkeep\n|turn|3\n|\n|t:|1700655577\n|move|p2a: Latios|Rain Dance|p2a: Latios\n|-weather|RainDance\n|move|p1a: Nagy|Calm Mind|p1a: Nagy\n|-boost|p1a: Nagy|spa|1\n|-boost|p1a: Nagy|spd|1\n|\n|-weather|RainDance|[upkeep]\n|-damage|p2a: Latios|64\/100 tox|[from] psn\n|upkeep\n|turn|4\n|inactive|Shinyxk has 120 seconds left.\n|inactive|Shinyxk has 90 seconds left.\n|\n|t:|1700655646\n|move|p2a: Latios|Memento|p1a: Nagy\n|-unboost|p1a: Nagy|atk|2\n|-unboost|p1a: Nagy|spa|2\n|faint|p2a: Latios\n|move|p1a: Nagy|Calm Mind|p1a: Nagy\n|-boost|p1a: Nagy|spa|1\n|-boost|p1a: Nagy|spd|1\n|\n|-weather|RainDance|[upkeep]\n|upkeep\n|\n|t:|1700655648\n|switch|p2a: Lapras|Lapras, M|100\/100\n|turn|5\n|\n|t:|1700655653\n|move|p2a: Lapras|Dragon Dance|p2a: Lapras\n|-boost|p2a: Lapras|atk|1\n|-boost|p2a: Lapras|spe|1\n|move|p1a: Nagy|Toxic|p2a: Lapras\n|-status|p2a: Lapras|tox\n|\n|-weather|RainDance|[upkeep]\n|-activate|p2a: Lapras|ability: Hydration\n|-curestatus|p2a: Lapras|tox|[msg]\n|-sideend|p2: Shinyxk|move: Light Screen\n|upkeep\n|turn|6\n|inactive|Shinyxk has 90 seconds left.\n|\n|t:|1700655677\n|move|p2a: Lapras|Dragon Dance|p2a: Lapras\n|-boost|p2a: Lapras|atk|1\n|-boost|p2a: Lapras|spe|1\n|move|p1a: Nagy|Flamethrower|p2a: Lapras\n|-damage|p2a: Lapras|83\/100\n|-status|p2a: Lapras|brn\n|\n|-weather|RainDance|[upkeep]\n|-activate|p2a: Lapras|ability: Hydration\n|-curestatus|p2a: Lapras|brn|[msg]\n|-sideend|p2: Shinyxk|Reflect\n|upkeep\n|turn|7\n|\n|t:|1700655680\n|move|p2a: Lapras|Dragon Dance|p2a: Lapras\n|-boost|p2a: Lapras|atk|1\n|-boost|p2a: Lapras|spe|1\n|move|p1a: Nagy|Calm Mind|p1a: Nagy\n|-boost|p1a: Nagy|spa|1\n|-boost|p1a: Nagy|spd|1\n|\n|-weather|RainDance|[upkeep]\n|upkeep\n|turn|8\n|\n|t:|1700655690\n|move|p2a: Lapras|Megahorn|p1a: Nagy\n|-supereffective|p1a: Nagy\n|-damage|p1a: Nagy|0 fnt\n|faint|p1a: Nagy\n|\n|-weather|RainDance|[upkeep]\n|upkeep\n|\n|t:|1700655700\n|switch|p1a: Golurk|Golurk|100\/100\n|turn|9\n|\n|t:|1700655703\n|-terastallize|p2a: Lapras|Water\n|move|p2a: Lapras|Liquidation|p1a: Golurk\n|-supereffective|p1a: Golurk\n|-damage|p1a: Golurk|0 fnt\n|faint|p1a: Golurk\n|\n|-weather|RainDance|[upkeep]\n|upkeep\n|\n|t:|1700655710\n|switch|p1a: Swampert|Swampert, F|100\/100\n|turn|10\n|\n|t:|1700655716\n|move|p2a: Lapras|Liquidation|p1a: Swampert\n|-damage|p1a: Swampert|0 fnt\n|faint|p1a: Swampert\n|\n|-weather|none\n|upkeep\n|\n|t:|1700655719\n|switch|p1a: Whimsicott|Whimsicott, M|100\/100\n|turn|11\n|\n|t:|1700655736\n|move|p1a: Whimsicott|Toxic|p2a: Lapras\n|-status|p2a: Lapras|tox\n|move|p2a: Lapras|Liquidation|p1a: Whimsicott\n|-resisted|p1a: Whimsicott\n|-damage|p1a: Whimsicott|33\/100\n|\n|-damage|p2a: Lapras|77\/100 tox|[from] psn\n|-status|p1a: Whimsicott|brn|[from] item: Flame Orb\n|upkeep\n|turn|12\n|\n|t:|1700655741\n|move|p2a: Lapras|Ice Shard|p1a: Whimsicott\n|-supereffective|p1a: Whimsicott\n|-damage|p1a: Whimsicott|0 fnt\n|faint|p1a: Whimsicott\n|\n|-damage|p2a: Lapras|65\/100 tox|[from] psn\n|upkeep\n|\n|t:|1700655749\n|switch|p1a: Malamar|Malamar, M|100\/100\n|turn|13\n|\n|t:|1700655759\n|-terastallize|p1a: Malamar|Fighting\n|move|p2a: Lapras|Liquidation|p1a: Malamar\n|-damage|p1a: Malamar|0 fnt\n|faint|p1a: Malamar\n|\n|-damage|p2a: Lapras|46\/100 tox|[from] psn\n|upkeep\n|\n|t:|1700655763\n|switch|p1a: Mack|Pidgeot, M|100\/100\n|turn|14\n|\n|t:|1700655767\n|detailschange|p1a: Mack|Pidgeot-Mega, M\n|-mega|p1a: Mack|Pidgeot|Pidgeotite\n|move|p2a: Lapras|Liquidation|p1a: Mack\n|-damage|p1a: Mack|0 fnt\n|faint|p1a: Mack\n|\n|win|Shinyxk\n|raw|Tay2252's rating: 1142 &rarr; <strong>1110<\/strong><br \/>(-32 for losing)\n|raw|Shinyxk's rating: 1040 &rarr; <strong>1084<\/strong><br \/>(+44 for winning)\n|c|\u2606Shinyxk|gg\n|c|\u2606Tay2252|Gg\n","uploadtime":1700655782,"views":1,"p1id":"tay2252","p2id":"shinyxk","formatid":"gen9nationaldex","rating":1084,"private":0,"password":""}