{"id":"gen9nationaldex-1991223217","p1":"CapnTophat","p2":"akxhdwy","format":"[Gen 9] National Dex","log":"|j|\u2606CapnTophat\n|j|\u2606akxhdwy\n|t:|1700058753\n|gametype|singles\n|player|p1|CapnTophat|wallace|1656\n|player|p2|akxhdwy|170|1596\n|teamsize|p1|6\n|teamsize|p2|6\n|gen|9\n|tier|[Gen 9] National Dex\n|rated|\n|rule|HP Percentage Mod: HP is shown in percentages\n|rule|Endless Battle Clause: Forcing endless battles is banned\n|rule|OHKO Clause: OHKO moves are banned\n|rule|Evasion Clause: Evasion abilities, items, and moves are banned\n|rule|Evasion Abilities Clause: Evasion abilities are banned\n|rule|Evasion Items Clause: Evasion items are banned\n|rule|Evasion Moves Clause: Evasion moves are banned\n|rule|Species Clause: Limit one of each Pok\u00e9mon\n|rule|Sleep Clause Mod: Limit one foe put to sleep\n|clearpoke\n|poke|p1|Buzzwole|\n|poke|p1|Great Tusk|\n|poke|p1|Aegislash, M|\n|poke|p1|Ogerpon, F|\n|poke|p1|Golisopod, M|\n|poke|p1|Dragonite, M|\n|poke|p2|Urshifu-*, M|\n|poke|p2|Tapu Bulu|\n|poke|p2|Great Tusk|\n|poke|p2|Cresselia, F|\n|poke|p2|Bisharp, F|\n|poke|p2|Zapdos|\n|teampreview\n|inactive|Battle timer is ON: inactive players will automatically lose when time's up. (requested by CapnTophat)\n|inactive|CapnTophat has 120 seconds left.\n|\n|t:|1700058791\n|start\n|switch|p1a: Fat Joe|Buzzwole|100\/100\n|switch|p2a: Great Tusk|Great Tusk|100\/100\n|turn|1\n|\n|t:|1700058799\n|move|p2a: Great Tusk|Stealth Rock|p1a: Fat Joe\n|-sidestart|p1: CapnTophat|move: Stealth Rock\n|move|p1a: Fat Joe|Dual Wingbeat|p2a: Great Tusk\n|-supereffective|p2a: Great Tusk\n|-damage|p2a: Great Tusk|68\/100\n|-supereffective|p2a: Great Tusk\n|-damage|p2a: Great Tusk|32\/100\n|-hitcount|p2a: Great Tusk|2\n|\n|-heal|p2a: Great Tusk|38\/100|[from] item: Leftovers\n|upkeep\n|turn|2\n|\n|t:|1700058805\n|-end|p2a: Great Tusk|Protosynthesis|[silent]\n|switch|p2a: Zapdos|Zapdos|100\/100\n|move|p1a: Fat Joe|Dual Wingbeat|p2a: Zapdos|[miss]\n|-miss|p1a: Fat Joe|p2a: Zapdos\n|\n|upkeep\n|turn|3\n|\n|t:|1700058812\n|switch|p1a: Mr. Slash \ud83d\udd2a\ud83d\udd2a\ud83d\udd2a|Aegislash, M|100\/100\n|-damage|p1a: Mr. Slash \ud83d\udd2a\ud83d\udd2a\ud83d\udd2a|94\/100|[from] Stealth Rock\n|move|p2a: Zapdos|Hurricane|p1a: Mr. Slash \ud83d\udd2a\ud83d\udd2a\ud83d\udd2a\n|-resisted|p1a: Mr. Slash \ud83d\udd2a\ud83d\udd2a\ud83d\udd2a\n|-damage|p1a: Mr. Slash \ud83d\udd2a\ud83d\udd2a\ud83d\udd2a|78\/100\n|\n|upkeep\n|turn|4\n|\n|t:|1700058819\n|move|p2a: Zapdos|Volt Switch|p1a: Mr. Slash \ud83d\udd2a\ud83d\udd2a\ud83d\udd2a\n|-crit|p1a: Mr. Slash \ud83d\udd2a\ud83d\udd2a\ud83d\udd2a\n|-damage|p1a: Mr. Slash \ud83d\udd2a\ud83d\udd2a\ud83d\udd2a|41\/100\n|\n|t:|1700058826\n|switch|p2a: Bisharp|Bisharp, F|100\/100|[from] Volt Switch\n|-formechange|p1a: Mr. Slash \ud83d\udd2a\ud83d\udd2a\ud83d\udd2a|Aegislash-Blade||[from] ability: Stance Change\n|move|p1a: Mr. Slash \ud83d\udd2a\ud83d\udd2a\ud83d\udd2a|Close Combat|p2a: Bisharp\n|-supereffective|p2a: Bisharp\n|-damage|p2a: Bisharp|0 fnt\n|-unboost|p1a: Mr. Slash \ud83d\udd2a\ud83d\udd2a\ud83d\udd2a|def|1\n|-unboost|p1a: Mr. Slash \ud83d\udd2a\ud83d\udd2a\ud83d\udd2a|spd|1\n|faint|p2a: Bisharp\n|\n|upkeep\n|\n|t:|1700058838\n|switch|p2a: Urshifu|Urshifu-Rapid-Strike, M|100\/100\n|turn|5\n|\n|t:|1700058845\n|switch|p1a: Shrek\u2019s Cousin|Ogerpon, F|100\/100\n|-damage|p1a: Shrek\u2019s Cousin|88\/100|[from] Stealth Rock\n|move|p2a: Urshifu|Surging Strikes|p1a: Shrek\u2019s Cousin\n|-resisted|p1a: Shrek\u2019s Cousin\n|-crit|p1a: Shrek\u2019s Cousin\n|-damage|p1a: Shrek\u2019s Cousin|75\/100\n|-resisted|p1a: Shrek\u2019s Cousin\n|-crit|p1a: Shrek\u2019s Cousin\n|-damage|p1a: Shrek\u2019s Cousin|62\/100\n|-resisted|p1a: Shrek\u2019s Cousin\n|-crit|p1a: Shrek\u2019s Cousin\n|-damage|p1a: Shrek\u2019s Cousin|49\/100\n|-hitcount|p1a: Shrek\u2019s Cousin|3\n|\n|upkeep\n|turn|6\n|\n|t:|1700058851\n|-terastallize|p2a: Urshifu|Water\n|move|p2a: Urshifu|Surging Strikes|p1a: Shrek\u2019s Cousin\n|-resisted|p1a: Shrek\u2019s Cousin\n|-crit|p1a: Shrek\u2019s Cousin\n|-damage|p1a: Shrek\u2019s Cousin|30\/100\n|-resisted|p1a: Shrek\u2019s Cousin\n|-crit|p1a: Shrek\u2019s Cousin\n|-damage|p1a: Shrek\u2019s Cousin|13\/100\n|-resisted|p1a: Shrek\u2019s Cousin\n|-crit|p1a: Shrek\u2019s Cousin\n|-damage|p1a: Shrek\u2019s Cousin|0 fnt\n|faint|p1a: Shrek\u2019s Cousin\n|-hitcount|p1: Shrek\u2019s Cousin|3\n|\n|upkeep\n|\n|t:|1700058856\n|switch|p1a: Need4Speed|Dragonite, M|100\/100\n|-damage|p1a: Need4Speed|76\/100|[from] Stealth Rock\n|turn|7\n|\n|t:|1700058867\n|move|p2a: Urshifu|Surging Strikes|p1a: Need4Speed\n|-resisted|p1a: Need4Speed\n|-crit|p1a: Need4Speed\n|-damage|p1a: Need4Speed|61\/100\n|-resisted|p1a: Need4Speed\n|-crit|p1a: Need4Speed\n|-damage|p1a: Need4Speed|47\/100\n|-resisted|p1a: Need4Speed\n|-crit|p1a: Need4Speed\n|-damage|p1a: Need4Speed|33\/100\n|-hitcount|p1a: Need4Speed|3\n|move|p1a: Need4Speed|Outrage|p2a: Urshifu\n|-damage|p2a: Urshifu|0 fnt\n|faint|p2a: Urshifu\n|\n|upkeep\n|\n|t:|1700058874\n|switch|p2a: Tapu Bulu|Tapu Bulu|100\/100\n|-fieldstart|move: Grassy Terrain|[from] ability: Grassy Surge|[of] p2a: Tapu Bulu\n|turn|8\n|\n|t:|1700058880\n|move|p1a: Need4Speed|Outrage|p2a: Tapu Bulu|[from]lockedmove\n|-immune|p2a: Tapu Bulu\n|move|p2a: Tapu Bulu|Stone Edge|p1a: Need4Speed\n|-supereffective|p1a: Need4Speed\n|-damage|p1a: Need4Speed|0 fnt\n|faint|p1a: Need4Speed\n|\n|upkeep\n|\n|t:|1700058882\n|switch|p1a: Timmy The Great|Great Tusk|100\/100\n|-damage|p1a: Timmy The Great|98\/100|[from] Stealth Rock\n|turn|9\n|\n|t:|1700058891\n|switch|p2a: Cresselia|Cresselia, F|100\/100\n|-enditem|p2a: Cresselia|Grassy Seed\n|-boost|p2a: Cresselia|def|1|[from] item: Grassy Seed\n|move|p1a: Timmy The Great|Rapid Spin|p2a: Cresselia\n|-damage|p2a: Cresselia|92\/100\n|-boost|p1a: Timmy The Great|spe|1\n|-sideend|p1: CapnTophat|Stealth Rock|[from] move: Rapid Spin|[of] p1a: Timmy The Great\n|\n|-heal|p1a: Timmy The Great|100\/100|[from] Grassy Terrain\n|upkeep\n|turn|10\n|\n|t:|1700058895\n|-end|p1a: Timmy The Great|Protosynthesis|[silent]\n|switch|p1a: Mr. Slash \ud83d\udd2a\ud83d\udd2a\ud83d\udd2a|Aegislash, M|41\/100\n|move|p2a: Cresselia|Calm Mind|p2a: Cresselia\n|-boost|p2a: Cresselia|spa|1\n|-boost|p2a: Cresselia|spd|1\n|\n|-heal|p1a: Mr. Slash \ud83d\udd2a\ud83d\udd2a\ud83d\udd2a|47\/100|[from] Grassy Terrain\n|upkeep\n|turn|11\n|\n|t:|1700058900\n|move|p2a: Cresselia|Calm Mind|p2a: Cresselia\n|-boost|p2a: Cresselia|spa|1\n|-boost|p2a: Cresselia|spd|1\n|-formechange|p1a: Mr. Slash \ud83d\udd2a\ud83d\udd2a\ud83d\udd2a|Aegislash-Blade||[from] ability: Stance Change\n|move|p1a: Mr. Slash \ud83d\udd2a\ud83d\udd2a\ud83d\udd2a|Shadow Claw|p2a: Cresselia\n|-supereffective|p2a: Cresselia\n|-crit|p2a: Cresselia\n|-damage|p2a: Cresselia|0 fnt\n|faint|p2a: Cresselia\n|\n|-heal|p1a: Mr. Slash \ud83d\udd2a\ud83d\udd2a\ud83d\udd2a|54\/100|[from] Grassy Terrain\n|upkeep\n|\n|t:|1700058909\n|switch|p2a: Great Tusk|Great Tusk|38\/100\n|turn|12\n|\n|t:|1700058919\n|switch|p1a: Fat Joe|Buzzwole|100\/100\n|move|p2a: Great Tusk|Stealth Rock|p1a: Fat Joe\n|-sidestart|p1: CapnTophat|move: Stealth Rock\n|\n|-heal|p2a: Great Tusk|44\/100|[from] Grassy Terrain\n|-heal|p2a: Great Tusk|51\/100|[from] item: Leftovers\n|-fieldend|move: Grassy Terrain\n|upkeep\n|turn|13\n|\n|t:|1700058924\n|-end|p2a: Great Tusk|Protosynthesis|[silent]\n|switch|p2a: Zapdos|Zapdos|100\/100\n|move|p1a: Fat Joe|Ice Punch|p2a: Zapdos\n|-supereffective|p2a: Zapdos\n|-damage|p2a: Zapdos|19\/100\n|-status|p2a: Zapdos|frz\n|\n|upkeep\n|turn|14\n|\n|t:|1700058929\n|cant|p2a: Zapdos|frz\n|move|p1a: Fat Joe|Ice Punch|p2a: Zapdos\n|-supereffective|p2a: Zapdos\n|-damage|p2a: Zapdos|0 fnt\n|-status|p1a: Fat Joe|par|[from] ability: Static|[of] p2a: Zapdos\n|faint|p2a: Zapdos\n|-ability|p1a: Fat Joe|Beast Boost|boost\n|-boost|p1a: Fat Joe|atk|1\n|\n|upkeep\n|\n|t:|1700058933\n|switch|p2a: Tapu Bulu|Tapu Bulu|100\/100\n|-fieldstart|move: Grassy Terrain|[from] ability: Grassy Surge|[of] p2a: Tapu Bulu\n|turn|15\n|\n|t:|1700058938\n|move|p2a: Tapu Bulu|Swords Dance|p2a: Tapu Bulu\n|-boost|p2a: Tapu Bulu|atk|2\n|move|p1a: Fat Joe|Ice Punch|p2a: Tapu Bulu\n|-supereffective|p2a: Tapu Bulu\n|-damage|p2a: Tapu Bulu|0 fnt\n|faint|p2a: Tapu Bulu\n|-ability|p1a: Fat Joe|Beast Boost|boost\n|-boost|p1a: Fat Joe|atk|1\n|\n|upkeep\n|-message|akxhdwy forfeited.\n|\n|win|CapnTophat\n|raw|CapnTophat's rating: 1656 &rarr; <strong>1673<\/strong><br \/>(+17 for winning)\n|raw|akxhdwy's rating: 1596 &rarr; <strong>1579<\/strong><br \/>(-17 for losing)\n|l|\u2606akxhdwy\n","uploadtime":1700058974,"views":4,"p1id":"capntophat","p2id":"akxhdwy","formatid":"gen9nationaldex","rating":1579,"private":0,"password":""}