{"id":"gen9nationaldex-1998071047","p1":"SpecsGastr0","p2":"PBBTT","format":"[Gen 9] National Dex","log":"|html|<div class=\"broadcast-blue\"><strong>[Gen 9] National Dex is currently suspecting Sneasler! For information on how to participate check out the <a href=\"https:\/\/www.smogon.com\/forums\/threads\/sv-national-dex-suspect-8-just-dance.3731534\/\">suspect thread<\/a>.<\/strong><\/div>\n|j|\u2606SpecsGastr0\n|j|\u2606PBBTT\n|t:|1700886738\n|gametype|singles\n|player|p1|SpecsGastr0|colress|1252\n|player|p2|PBBTT|gentleman-gen4|1162\n|teamsize|p1|6\n|teamsize|p2|6\n|gen|9\n|tier|[Gen 9] National Dex\n|rated|\n|rule|HP Percentage Mod: HP is shown in percentages\n|rule|Endless Battle Clause: Forcing endless battles is banned\n|rule|OHKO Clause: OHKO moves are banned\n|rule|Evasion Clause: Evasion abilities, items, and moves are banned\n|rule|Evasion Abilities Clause: Evasion abilities are banned\n|rule|Evasion Items Clause: Evasion items are banned\n|rule|Evasion Moves Clause: Evasion moves are banned\n|rule|Species Clause: Limit one of each Pok\u00e9mon\n|rule|Sleep Clause Mod: Limit one foe put to sleep\n|clearpoke\n|poke|p1|Ninjask, M|\n|poke|p1|Mawile, F|\n|poke|p1|Minior|\n|poke|p1|Tapu Lele|\n|poke|p1|Armarouge, F|\n|poke|p1|Toedscruel, M|\n|poke|p2|Aerodactyl, F|\n|poke|p2|Rotom-Wash|\n|poke|p2|Jirachi|\n|poke|p2|Serperior, M|\n|poke|p2|Garchomp, F|\n|poke|p2|Grimmsnarl, M|\n|teampreview\n|inactive|Battle timer is ON: inactive players will automatically lose when time's up. (requested by PBBTT)\n|inactive|SpecsGastr0 has 120 seconds left.\n|\n|t:|1700886771\n|start\n|switch|p1a: Potato|Tapu Lele|100\/100\n|switch|p2a: Jirachi|Jirachi|100\/100\n|-fieldstart|move: Psychic Terrain|[from] ability: Psychic Surge|[of] p1a: Potato\n|turn|1\n|\n|t:|1700886794\n|switch|p1a: Girlgamesh|Armarouge, F|100\/100\n|move|p2a: Jirachi|Stealth Rock|p1a: Girlgamesh\n|-sidestart|p1: SpecsGastr0|move: Stealth Rock\n|\n|upkeep\n|turn|2\n|\n|t:|1700886808\n|switch|p2a: Rotom|Rotom-Wash|100\/100\n|move|p1a: Girlgamesh|Armor Cannon|p2a: Rotom\n|-resisted|p2a: Rotom\n|-damage|p2a: Rotom|71\/100\n|-unboost|p1a: Girlgamesh|def|1\n|-unboost|p1a: Girlgamesh|spd|1\n|\n|upkeep\n|turn|3\n|\n|t:|1700886814\n|switch|p1a: SPIRE 16|Toedscruel, M|100\/100\n|move|p2a: Rotom|Hydro Pump|p1a: SPIRE 16\n|-damage|p1a: SPIRE 16|61\/100\n|\n|upkeep\n|turn|4\n|\n|t:|1700886823\n|switch|p2a: Serperior|Serperior, M|100\/100\n|move|p1a: SPIRE 16|Rapid Spin|p2a: Serperior\n|-damage|p2a: Serperior|91\/100\n|-boost|p1a: SPIRE 16|spe|1\n|-sideend|p1: SpecsGastr0|Stealth Rock|[from] move: Rapid Spin|[of] p1a: SPIRE 16\n|\n|-heal|p2a: Serperior|97\/100|[from] item: Leftovers\n|upkeep\n|turn|5\n|\n|t:|1700886840\n|switch|p1a: When They Cry|Ninjask, M|100\/100\n|-terastallize|p2a: Serperior|Grass\n|move|p2a: Serperior|Leaf Storm|p1a: When They Cry\n|-resisted|p1a: When They Cry\n|-damage|p1a: When They Cry|73\/100\n|-boost|p2a: Serperior|spa|2\n|\n|-heal|p2a: Serperior|100\/100|[from] item: Leftovers\n|upkeep\n|turn|6\n|\n|t:|1700886851\n|move|p1a: When They Cry|Substitute|p1a: When They Cry\n|-start|p1a: When They Cry|Substitute\n|-damage|p1a: When They Cry|48\/100\n|move|p2a: Serperior|Hidden Power|p1a: When They Cry\n|-supereffective|p1a: When They Cry\n|-end|p1a: When They Cry|Substitute\n|\n|-ability|p1a: When They Cry|Speed Boost|boost\n|-boost|p1a: When They Cry|spe|1\n|upkeep\n|turn|7\n|\n|t:|1700886859\n|move|p1a: When They Cry|Substitute|p1a: When They Cry\n|-start|p1a: When They Cry|Substitute\n|-damage|p1a: When They Cry|23\/100\n|-enditem|p1a: When They Cry|Liechi Berry|[eat]\n|-boost|p1a: When They Cry|atk|1|[from] item: Liechi Berry\n|move|p2a: Serperior|Hidden Power|p1a: When They Cry\n|-supereffective|p1a: When They Cry\n|-end|p1a: When They Cry|Substitute\n|\n|-ability|p1a: When They Cry|Speed Boost|boost\n|-boost|p1a: When They Cry|spe|1\n|upkeep\n|turn|8\n|\n|t:|1700886872\n|move|p1a: When They Cry|Acrobatics|p2a: Serperior\n|-supereffective|p2a: Serperior\n|-damage|p2a: Serperior|0 fnt\n|faint|p2a: Serperior\n|\n|-fieldend|move: Psychic Terrain\n|-ability|p1a: When They Cry|Speed Boost|boost\n|-boost|p1a: When They Cry|spe|1\n|upkeep\n|\n|t:|1700886884\n|switch|p2a: Grimmsnarl|Grimmsnarl, M|100\/100\n|turn|9\n|\n|t:|1700886897\n|move|p2a: Grimmsnarl|Taunt|p1a: When They Cry\n|-start|p1a: When They Cry|move: Taunt\n|move|p1a: When They Cry|Leech Life|p2a: Grimmsnarl\n|-damage|p2a: Grimmsnarl|55\/100\n|-heal|p1a: When They Cry|57\/100|[from] drain|[of] p2a: Grimmsnarl\n|\n|-ability|p1a: When They Cry|Speed Boost|boost\n|-boost|p1a: When They Cry|spe|1\n|upkeep\n|turn|10\n|\n|t:|1700886906\n|move|p2a: Grimmsnarl|Reflect|p2a: Grimmsnarl\n|-sidestart|p2: PBBTT|Reflect\n|move|p1a: When They Cry|Leech Life|p2a: Grimmsnarl\n|-damage|p2a: Grimmsnarl|32\/100\n|-heal|p1a: When They Cry|74\/100|[from] drain|[of] p2a: Grimmsnarl\n|\n|-ability|p1a: When They Cry|Speed Boost|boost\n|-boost|p1a: When They Cry|spe|1\n|upkeep\n|turn|11\n|\n|t:|1700886913\n|move|p1a: When They Cry|Acrobatics|p2a: Grimmsnarl\n|-damage|p2a: Grimmsnarl|0 fnt\n|faint|p2a: Grimmsnarl\n|\n|-end|p1a: When They Cry|move: Taunt\n|-ability|p1a: When They Cry|Speed Boost|boost\n|-boost|p1a: When They Cry|spe|1\n|upkeep\n|\n|t:|1700886919\n|switch|p2a: Rotom|Rotom-Wash|71\/100\n|turn|12\n|\n|t:|1700886923\n|move|p1a: When They Cry|Substitute|p1a: When They Cry\n|-start|p1a: When They Cry|Substitute\n|-damage|p1a: When They Cry|49\/100\n|move|p2a: Rotom|Volt Switch|p1a: When They Cry\n|-supereffective|p1a: When They Cry\n|-end|p1a: When They Cry|Substitute\n|\n|t:|1700886929\n|switch|p2a: Aerodactyl|Aerodactyl, F|100\/100|[from] Volt Switch\n|\n|upkeep\n|turn|13\n|\n|t:|1700886934\n|detailschange|p2a: Aerodactyl|Aerodactyl-Mega, F\n|-mega|p2a: Aerodactyl|Aerodactyl|Aerodactylite\n|move|p1a: When They Cry|Acrobatics|p2a: Aerodactyl\n|-resisted|p2a: Aerodactyl\n|-damage|p2a: Aerodactyl|76\/100\n|move|p2a: Aerodactyl|Ice Fang|p1a: When They Cry\n|-supereffective|p1a: When They Cry\n|-damage|p1a: When They Cry|0 fnt\n|faint|p1a: When They Cry\n|\n|upkeep\n|\n|t:|1700886945\n|switch|p1a: One Summer|Mawile, F|100\/100\n|-ability|p1a: One Summer|Intimidate|boost\n|-unboost|p2a: Aerodactyl|atk|1\n|turn|14\n|\n|t:|1700886952\n|switch|p2a: Jirachi|Jirachi|100\/100\n|detailschange|p1a: One Summer|Mawile-Mega, F\n|-mega|p1a: One Summer|Mawile|Mawilite\n|move|p1a: One Summer|Iron Head|p2a: Jirachi\n|-resisted|p2a: Jirachi\n|-damage|p2a: Jirachi|84\/100\n|\n|-heal|p2a: Jirachi|90\/100|[from] item: Leftovers\n|upkeep\n|turn|15\n|\n|t:|1700886965\n|switch|p1a: Red Alert!|Minior|100\/100\n|-formechange|p1a: Red Alert!|Minior-Meteor||[from] ability: Shields Down\n|move|p2a: Jirachi|Stealth Rock|p1a: Red Alert!\n|-sidestart|p1: SpecsGastr0|move: Stealth Rock\n|\n|-heal|p2a: Jirachi|96\/100|[from] item: Leftovers\n|upkeep\n|turn|16\n|\n|t:|1700886973\n|move|p1a: Red Alert!|Shell Smash|p1a: Red Alert!\n|-unboost|p1a: Red Alert!|def|1\n|-unboost|p1a: Red Alert!|spd|1\n|-boost|p1a: Red Alert!|atk|2\n|-boost|p1a: Red Alert!|spa|2\n|-boost|p1a: Red Alert!|spe|2\n|-enditem|p1a: Red Alert!|White Herb\n|-clearnegativeboost|p1a: Red Alert!|[silent]\n|move|p2a: Jirachi|Iron Head|p1a: Red Alert!\n|-supereffective|p1a: Red Alert!\n|-damage|p1a: Red Alert!|29\/100\n|\n|-heal|p2a: Jirachi|100\/100|[from] item: Leftovers\n|-formechange|p1a: Red Alert!|Minior||[from] ability: Shields Down\n|upkeep\n|turn|17\n|\n|t:|1700886989\n|move|p1a: Red Alert!|Earthquake|p2a: Jirachi\n|-supereffective|p2a: Jirachi\n|-damage|p2a: Jirachi|48\/100\n|move|p2a: Jirachi|Iron Head|p1a: Red Alert!\n|-supereffective|p1a: Red Alert!\n|-damage|p1a: Red Alert!|0 fnt\n|faint|p1a: Red Alert!\n|\n|-heal|p2a: Jirachi|54\/100|[from] item: Leftovers\n|-sideend|p2: PBBTT|Reflect\n|upkeep\n|inactive|SpecsGastr0 has 120 seconds left.\n|\n|t:|1700887021\n|switch|p1a: SPIRE 16|Toedscruel, M|61\/100\n|turn|18\n|\n|t:|1700887027\n|move|p2a: Jirachi|Iron Head|p1a: SPIRE 16\n|-damage|p1a: SPIRE 16|16\/100\n|move|p1a: SPIRE 16|Spore|p2a: Jirachi\n|-status|p2a: Jirachi|slp|[from] move: Spore\n|\n|-heal|p2a: Jirachi|60\/100 slp|[from] item: Leftovers\n|upkeep\n|turn|19\n|inactive|SpecsGastr0 has 120 seconds left.\n|\n|t:|1700887034\n|move|p1a: SPIRE 16|Rapid Spin|p2a: Jirachi\n|-resisted|p2a: Jirachi\n|-damage|p2a: Jirachi|57\/100 slp\n|-boost|p1a: SPIRE 16|spe|1\n|-sideend|p1: SpecsGastr0|Stealth Rock|[from] move: Rapid Spin|[of] p1a: SPIRE 16\n|cant|p2a: Jirachi|slp\n|\n|-heal|p2a: Jirachi|63\/100 slp|[from] item: Leftovers\n|upkeep\n|turn|20\n|\n|t:|1700887041\n|move|p1a: SPIRE 16|Earth Power|p2a: Jirachi\n|-supereffective|p2a: Jirachi\n|-damage|p2a: Jirachi|18\/100 slp\n|-curestatus|p2a: Jirachi|slp|[msg]\n|move|p2a: Jirachi|U-turn|p1a: SPIRE 16\n|-supereffective|p1a: SPIRE 16\n|-damage|p1a: SPIRE 16|0 fnt\n|faint|p1a: SPIRE 16\n|\n|t:|1700887046\n|switch|p2a: Aerodactyl|Aerodactyl-Mega, F|76\/100|[from] U-turn\n|\n|upkeep\n|\n|t:|1700887054\n|switch|p1a: One Summer|Mawile-Mega, F|100\/100\n|turn|21\n|\n|t:|1700887058\n|switch|p2a: Jirachi|Jirachi|18\/100\n|move|p1a: One Summer|Iron Head|p2a: Jirachi\n|-resisted|p2a: Jirachi\n|-damage|p2a: Jirachi|0 fnt\n|faint|p2a: Jirachi\n|\n|upkeep\n|\n|t:|1700887061\n|switch|p2a: Garchomp|Garchomp, F|100\/100\n|turn|22\n|\n|t:|1700887066\n|move|p2a: Garchomp|Earthquake|p1a: One Summer\n|-supereffective|p1a: One Summer\n|-damage|p1a: One Summer|0 fnt\n|faint|p1a: One Summer\n|-damage|p2a: Garchomp|91\/100|[from] item: Life Orb\n|\n|upkeep\n|\n|t:|1700887072\n|switch|p1a: Potato|Tapu Lele|100\/100\n|-fieldstart|move: Psychic Terrain|[from] ability: Psychic Surge|[of] p1a: Potato\n|turn|23\n|\n|t:|1700887079\n|move|p2a: Garchomp|Stealth Rock|p1a: Potato\n|-sidestart|p1: SpecsGastr0|move: Stealth Rock\n|move|p1a: Potato|Moonblast|p2a: Garchomp\n|-supereffective|p2a: Garchomp\n|-damage|p2a: Garchomp|0 fnt\n|faint|p2a: Garchomp\n|\n|upkeep\n|\n|t:|1700887084\n|switch|p2a: Rotom|Rotom-Wash|71\/100\n|turn|24\n|\n|t:|1700887087\n|move|p1a: Potato|Psychic|p2a: Rotom\n|-damage|p2a: Rotom|8\/100\n|-zpower|p2a: Rotom\n|move|p2a: Rotom|Gigavolt Havoc|p1a: Potato|[zeffect]\n|-damage|p1a: Potato|51\/100\n|\n|upkeep\n|turn|25\n|\n|t:|1700887094\n|move|p1a: Potato|Psychic|p2a: Rotom\n|-damage|p2a: Rotom|0 fnt\n|faint|p2a: Rotom\n|\n|upkeep\n|\n|t:|1700887097\n|switch|p2a: Aerodactyl|Aerodactyl-Mega, F|76\/100\n|turn|26\n|\n|t:|1700887101\n|move|p2a: Aerodactyl|Earthquake|p1a: Potato\n|-damage|p1a: Potato|0 fnt\n|faint|p1a: Potato\n|\n|upkeep\n|\n|t:|1700887104\n|switch|p1a: Girlgamesh|Armarouge, F|100\/100\n|-damage|p1a: Girlgamesh|76\/100|[from] Stealth Rock\n|turn|27\n|\n|t:|1700887109\n|-terastallize|p1a: Girlgamesh|Psychic\n|move|p2a: Aerodactyl|Earthquake|p1a: Girlgamesh\n|-crit|p1a: Girlgamesh\n|-damage|p1a: Girlgamesh|21\/100\n|move|p1a: Girlgamesh|Expanding Force|p2a: Aerodactyl\n|-damage|p2a: Aerodactyl|0 fnt\n|faint|p2a: Aerodactyl\n|\n|win|SpecsGastr0\n|raw|SpecsGastr0's rating: 1252 &rarr; <strong>1271<\/strong><br \/>(+19 for winning)\n|raw|PBBTT's rating: 1162 &rarr; <strong>1143<\/strong><br \/>(-19 for losing)\n|l|\u2606PBBTT\n","uploadtime":1700887125,"views":25,"p1id":"specsgastr0","p2id":"pbbtt","formatid":"gen9nationaldex","rating":1143,"private":0,"password":""}