{"id":"gen9nationaldex-1990226129","p1":"ljykyjyjgs","p2":"mtyqjltz5","format":"[Gen 9] National Dex","log":"|j|\u2606ljykyjyjgs\n|j|\u2606mtyqjltz5\n|t:|1699940360\n|gametype|singles\n|player|p1|ljykyjyjgs|hilbert|1155\n|player|p2|mtyqjltz5|elesa|1251\n|teamsize|p1|6\n|teamsize|p2|6\n|gen|9\n|tier|[Gen 9] National Dex\n|rated|\n|rule|HP Percentage Mod: HP is shown in percentages\n|rule|Endless Battle Clause: Forcing endless battles is banned\n|rule|OHKO Clause: OHKO moves are banned\n|rule|Evasion Clause: Evasion abilities, items, and moves are banned\n|rule|Evasion Abilities Clause: Evasion abilities are banned\n|rule|Evasion Items Clause: Evasion items are banned\n|rule|Evasion Moves Clause: Evasion moves are banned\n|rule|Species Clause: Limit one of each Pok\u00e9mon\n|rule|Sleep Clause Mod: Limit one foe put to sleep\n|clearpoke\n|poke|p1|Raichu, F|\n|poke|p1|Pidgeot, F|\n|poke|p1|Blaziken, M|\n|poke|p1|Greninja-*, M|\n|poke|p1|Gengar, M|\n|poke|p1|Torterra, M|\n|poke|p2|Beedrill, M|\n|poke|p2|Chansey, F|\n|poke|p2|Garchomp, M|\n|poke|p2|Urshifu-*, M|\n|poke|p2|Zapdos|\n|poke|p2|Tapu Lele|\n|teampreview\n|inactive|Battle timer is ON: inactive players will automatically lose when time's up. (requested by ljykyjyjgs)\n|\n|t:|1699940379\n|start\n|switch|p1a: Raichu|Raichu, F|100\/100\n|switch|p2a: Beedrill|Beedrill, M|100\/100\n|turn|1\n|\n|t:|1699940386\n|detailschange|p2a: Beedrill|Beedrill-Mega, M\n|-mega|p2a: Beedrill|Beedrill|Beedrillite\n|move|p1a: Raichu|Fake Out|p2a: Beedrill\n|-damage|p2a: Beedrill|62\/100\n|-damage|p1a: Raichu|91\/100|[from] item: Life Orb\n|cant|p2a: Beedrill|flinch\n|\n|upkeep\n|turn|2\n|\n|t:|1699940395\n|-terastallize|p1a: Raichu|Normal\n|move|p1a: Raichu|Extreme Speed|p2a: Beedrill\n|-damage|p2a: Beedrill|0 fnt\n|faint|p2a: Beedrill\n|-damage|p1a: Raichu|81\/100|[from] item: Life Orb\n|\n|upkeep\n|\n|t:|1699940413\n|switch|p2a: Tapu Lele|Tapu Lele|100\/100\n|-fieldstart|move: Psychic Terrain|[from] ability: Psychic Surge|[of] p2a: Tapu Lele\n|turn|3\n|\n|t:|1699940431\n|move|p2a: Tapu Lele|Moonblast|p1a: Raichu\n|-damage|p1a: Raichu|1\/100\n|move|p1a: Raichu|Volt Tackle|p2a: Tapu Lele\n|-damage|p2a: Tapu Lele|9\/100\n|-damage|p1a: Raichu|0 fnt|[from] Recoil\n|faint|p1a: Raichu\n|\n|upkeep\n|\n|t:|1699940442\n|switch|p1a: Pidgeot|Pidgeot, F|100\/100\n|turn|4\n|\n|t:|1699940454\n|switch|p2a: Chansey|Chansey, F|100\/100\n|detailschange|p1a: Pidgeot|Pidgeot-Mega, F\n|-mega|p1a: Pidgeot|Pidgeot|Pidgeotite\n|move|p1a: Pidgeot|Hurricane|p2a: Chansey\n|-damage|p2a: Chansey|82\/100\n|\n|upkeep\n|turn|5\n|\n|t:|1699940461\n|switch|p1a: Gengar|Gengar, M|100\/100\n|move|p2a: Chansey|Toxic|p1a: Gengar\n|-immune|p1a: Gengar\n|\n|upkeep\n|turn|6\n|\n|t:|1699940468\n|move|p1a: Gengar|Nasty Plot|p1a: Gengar\n|-boost|p1a: Gengar|spa|2\n|move|p2a: Chansey|Teleport|p2a: Chansey\n|\n|t:|1699940485\n|switch|p2a: Tapu Lele|Tapu Lele|9\/100|[from] Teleport\n|\n|upkeep\n|turn|7\n|\n|t:|1699940490\n|move|p2a: Tapu Lele|Psychic|p1a: Gengar\n|-supereffective|p1a: Gengar\n|-enditem|p1a: Gengar|Focus Sash\n|-damage|p1a: Gengar|1\/100\n|-unboost|p1a: Gengar|spd|1\n|move|p1a: Gengar|Shadow Ball|p2a: Tapu Lele\n|-supereffective|p2a: Tapu Lele\n|-damage|p2a: Tapu Lele|0 fnt\n|faint|p2a: Tapu Lele\n|\n|-fieldend|move: Psychic Terrain\n|upkeep\n|\n|t:|1699940516\n|switch|p2a: Garchomp|Garchomp, M, shiny|100\/100\n|turn|8\n|\n|t:|1699940520\n|move|p1a: Gengar|Shadow Ball|p2a: Garchomp\n|-damage|p2a: Garchomp|10\/100\n|move|p2a: Garchomp|Earthquake|p1a: Gengar\n|-supereffective|p1a: Gengar\n|-damage|p1a: Gengar|0 fnt\n|faint|p1a: Gengar\n|\n|upkeep\n|\n|t:|1699940526\n|switch|p1a: Greninja|Greninja, M|100\/100\n|turn|9\n|\n|t:|1699940530\n|switch|p2a: Chansey|Chansey, F|82\/100\n|move|p1a: Greninja|Surf|p2a: Chansey\n|-damage|p2a: Chansey|66\/100\n|-damage|p1a: Greninja|91\/100|[from] item: Life Orb\n|\n|upkeep\n|turn|10\n|\n|t:|1699940538\n|switch|p1a: Blaziken|Blaziken, M|100\/100\n|move|p2a: Chansey|Toxic|p1a: Blaziken\n|-status|p1a: Blaziken|tox\n|\n|-damage|p1a: Blaziken|95\/100 tox|[from] psn\n|upkeep\n|turn|11\n|\n|t:|1699940542\n|switch|p2a: Zapdos|Zapdos|100\/100\n|move|p1a: Blaziken|Close Combat|p2a: Zapdos\n|-resisted|p2a: Zapdos\n|-damage|p2a: Zapdos|77\/100\n|-unboost|p1a: Blaziken|def|1\n|-unboost|p1a: Blaziken|spd|1\n|\n|-damage|p1a: Blaziken|83\/100 tox|[from] psn\n|-ability|p1a: Blaziken|Speed Boost|boost\n|-boost|p1a: Blaziken|spe|1\n|upkeep\n|turn|12\n|\n|t:|1699940549\n|move|p1a: Blaziken|Knock Off|p2a: Zapdos\n|-damage|p2a: Zapdos|53\/100\n|-enditem|p2a: Zapdos|Heavy-Duty Boots|[from] move: Knock Off|[of] p1a: Blaziken\n|move|p2a: Zapdos|Hurricane|p1a: Blaziken|[miss]\n|-miss|p2a: Zapdos|p1a: Blaziken\n|\n|-damage|p1a: Blaziken|65\/100 tox|[from] psn\n|-ability|p1a: Blaziken|Speed Boost|boost\n|-boost|p1a: Blaziken|spe|1\n|upkeep\n|turn|13\n|\n|t:|1699940555\n|move|p1a: Blaziken|Swords Dance|p1a: Blaziken\n|-boost|p1a: Blaziken|atk|2\n|move|p2a: Zapdos|Roost|p2a: Zapdos\n|-heal|p2a: Zapdos|100\/100\n|-singleturn|p2a: Zapdos|move: Roost\n|\n|-damage|p1a: Blaziken|41\/100 tox|[from] psn\n|-ability|p1a: Blaziken|Speed Boost|boost\n|-boost|p1a: Blaziken|spe|1\n|upkeep\n|turn|14\n|\n|t:|1699940557\n|move|p1a: Blaziken|Knock Off|p2a: Zapdos\n|-crit|p2a: Zapdos\n|-damage|p2a: Zapdos|49\/100\n|move|p2a: Zapdos|Hurricane|p1a: Blaziken|[miss]\n|-miss|p2a: Zapdos|p1a: Blaziken\n|\n|-damage|p1a: Blaziken|11\/100 tox|[from] psn\n|-ability|p1a: Blaziken|Speed Boost|boost\n|-boost|p1a: Blaziken|spe|1\n|upkeep\n|turn|15\n|\n|t:|1699940571\n|move|p1a: Blaziken|Close Combat|p2a: Zapdos\n|-resisted|p2a: Zapdos\n|-damage|p2a: Zapdos|1\/100\n|-unboost|p1a: Blaziken|def|1\n|-unboost|p1a: Blaziken|spd|1\n|move|p2a: Zapdos|Roost|p2a: Zapdos\n|-heal|p2a: Zapdos|51\/100\n|-singleturn|p2a: Zapdos|move: Roost\n|\n|-damage|p1a: Blaziken|0 fnt|[from] psn\n|faint|p1a: Blaziken\n|upkeep\n|\n|t:|1699940576\n|switch|p1a: Torterra|Torterra, M|100\/100\n|turn|16\n|\n|t:|1699940589\n|move|p1a: Torterra|Rock Slide|p2a: Zapdos\n|-supereffective|p2a: Zapdos\n|-damage|p2a: Zapdos|20\/100\n|cant|p2a: Zapdos|flinch\n|\n|upkeep\n|turn|17\n|\n|t:|1699940602\n|-terastallize|p2a: Zapdos|Steel\n|move|p1a: Torterra|Rock Slide|p2a: Zapdos|[miss]\n|-miss|p1a: Torterra|p2a: Zapdos\n|move|p2a: Zapdos|Roost|p2a: Zapdos\n|-heal|p2a: Zapdos|70\/100\n|\n|upkeep\n|turn|18\n|\n|t:|1699940607\n|switch|p1a: Pidgeot|Pidgeot-Mega, F|100\/100\n|move|p2a: Zapdos|Hurricane|p1a: Pidgeot\n|-damage|p1a: Pidgeot|44\/100\n|-start|p1a: Pidgeot|confusion\n|\n|upkeep\n|turn|19\n|\n|t:|1699940611\n|switch|p2a: Chansey|Chansey, F|66\/100\n|-activate|p1a: Pidgeot|confusion\n|-damage|p1a: Pidgeot|36\/100|[from] confusion\n|\n|upkeep\n|turn|20\n|\n|t:|1699940619\n|switch|p1a: Torterra|Torterra, M|100\/100\n|move|p2a: Chansey|Toxic|p1a: Torterra\n|-status|p1a: Torterra|tox\n|\n|-damage|p1a: Torterra|94\/100 tox|[from] psn\n|upkeep\n|turn|21\n|inactive|mtyqjltz5 has 120 seconds left.\n|\n|t:|1699940664\n|move|p1a: Torterra|Headlong Rush|p2a: Chansey\n|-damage|p2a: Chansey|30\/100\n|-unboost|p1a: Torterra|def|1\n|-unboost|p1a: Torterra|spd|1\n|move|p2a: Chansey|Soft-Boiled|p2a: Chansey\n|-heal|p2a: Chansey|80\/100\n|\n|-damage|p1a: Torterra|82\/100 tox|[from] psn\n|upkeep\n|turn|22\n|-message|ljykyjyjgs forfeited.\n|\n|win|mtyqjltz5\n|raw|ljykyjyjgs's rating: 1155 &rarr; <strong>1137<\/strong><br \/>(-18 for losing)\n|raw|mtyqjltz5's rating: 1251 &rarr; <strong>1269<\/strong><br \/>(+18 for winning)\n|l|\u2606ljykyjyjgs\n","uploadtime":1699940686,"views":6,"p1id":"ljykyjyjgs","p2id":"mtyqjltz5","formatid":"gen9nationaldex","rating":1137,"private":0,"password":""}