{"id":"gen9nationaldex-1998019285","p1":"tensaiindustries","p2":"Enchidio","format":"[Gen 9] National Dex","log":"|html|<div class=\"broadcast-blue\"><strong>[Gen 9] National Dex is currently suspecting Sneasler! For information on how to participate check out the <a href=\"https:\/\/www.smogon.com\/forums\/threads\/sv-national-dex-suspect-8-just-dance.3731534\/\">suspect thread<\/a>.<\/strong><\/div>\n|j|\u2606tensaiindustries\n|j|\u2606Enchidio\n|t:|1700879720\n|gametype|singles\n|player|p1|tensaiindustries|lance|1659\n|player|p2|Enchidio|gambler|1681\n|teamsize|p1|6\n|teamsize|p2|6\n|gen|9\n|tier|[Gen 9] National Dex\n|rated|\n|rule|HP Percentage Mod: HP is shown in percentages\n|rule|Endless Battle Clause: Forcing endless battles is banned\n|rule|OHKO Clause: OHKO moves are banned\n|rule|Evasion Clause: Evasion abilities, items, and moves are banned\n|rule|Evasion Abilities Clause: Evasion abilities are banned\n|rule|Evasion Items Clause: Evasion items are banned\n|rule|Evasion Moves Clause: Evasion moves are banned\n|rule|Species Clause: Limit one of each Pok\u00e9mon\n|rule|Sleep Clause Mod: Limit one foe put to sleep\n|clearpoke\n|poke|p1|Dragonite, F|\n|poke|p1|Chandelure, M|\n|poke|p1|Cresselia, F|\n|poke|p1|Iron Hands|\n|poke|p1|Great Tusk|\n|poke|p1|Scizor, M|\n|poke|p2|Zapdos|\n|poke|p2|Tyranitar, M|\n|poke|p2|Ferrothorn, F|\n|poke|p2|Excadrill, M|\n|poke|p2|Toxapex, F|\n|poke|p2|Tapu Lele|\n|teampreview\n|c|\u2606Enchidio|glhf\n|\n|t:|1700879743\n|start\n|switch|p1a: Scizor|Scizor, M|100\/100\n|switch|p2a: Tyranitar|Tyranitar, M|100\/100\n|-weather|Sandstorm|[from] ability: Sand Stream|[of] p2a: Tyranitar\n|turn|1\n|\n|t:|1700879747\n|switch|p2a: Zapdos|Zapdos|100\/100\n|detailschange|p1a: Scizor|Scizor-Mega, M\n|-mega|p1a: Scizor|Scizor|Scizorite\n|move|p1a: Scizor|Bullet Punch|p2a: Zapdos\n|-resisted|p2a: Zapdos\n|-damage|p2a: Zapdos|86\/100\n|\n|-weather|Sandstorm|[upkeep]\n|-damage|p2a: Zapdos|80\/100|[from] Sandstorm\n|upkeep\n|turn|2\n|\n|t:|1700879757\n|move|p2a: Zapdos|Heat Wave|p1a: Scizor\n|-supereffective|p1a: Scizor\n|-damage|p1a: Scizor|0 fnt\n|faint|p1a: Scizor\n|\n|-weather|Sandstorm|[upkeep]\n|-damage|p2a: Zapdos|74\/100|[from] Sandstorm\n|upkeep\n|\n|t:|1700879772\n|switch|p1a: Great Tusk|Great Tusk|100\/100\n|-enditem|p1a: Great Tusk|Booster Energy\n|-activate|p1a: Great Tusk|ability: Protosynthesis|[fromitem]\n|-start|p1a: Great Tusk|protosynthesisspe\n|turn|3\n|inactive|Battle timer is ON: inactive players will automatically lose when time's up. (requested by Enchidio)\n|\n|t:|1700879779\n|move|p1a: Great Tusk|Bulk Up|p1a: Great Tusk\n|-boost|p1a: Great Tusk|atk|1\n|-boost|p1a: Great Tusk|def|1\n|move|p2a: Zapdos|Heat Wave|p1a: Great Tusk\n|-damage|p1a: Great Tusk|63\/100\n|\n|-weather|Sandstorm|[upkeep]\n|-damage|p2a: Zapdos|68\/100|[from] Sandstorm\n|upkeep\n|turn|4\n|\n|t:|1700879783\n|switch|p2a: Ferrothorn|Ferrothorn, F|100\/100\n|move|p1a: Great Tusk|Ice Spinner|p2a: Ferrothorn\n|-damage|p2a: Ferrothorn|80\/100\n|-damage|p1a: Great Tusk|51\/100|[from] ability: Iron Barbs|[of] p2a: Ferrothorn\n|\n|-weather|Sandstorm|[upkeep]\n|-heal|p2a: Ferrothorn|86\/100|[from] item: Leftovers\n|upkeep\n|turn|5\n|\n|t:|1700879791\n|move|p1a: Great Tusk|Close Combat|p2a: Ferrothorn\n|-supereffective|p2a: Ferrothorn\n|-damage|p2a: Ferrothorn|0 fnt\n|-unboost|p1a: Great Tusk|def|1\n|-unboost|p1a: Great Tusk|spd|1\n|-damage|p1a: Great Tusk|38\/100|[from] ability: Iron Barbs|[of] p2a: Ferrothorn\n|faint|p2a: Ferrothorn\n|\n|-weather|none\n|upkeep\n|j| xuxiansheng\n|\n|t:|1700879795\n|switch|p2a: Tapu Lele|Tapu Lele|100\/100\n|-fieldstart|move: Psychic Terrain|[from] ability: Psychic Surge|[of] p2a: Tapu Lele\n|turn|6\n|\n|t:|1700879800\n|move|p2a: Tapu Lele|Moonblast|p1a: Great Tusk\n|-supereffective|p1a: Great Tusk\n|-crit|p1a: Great Tusk\n|-damage|p1a: Great Tusk|0 fnt\n|faint|p1a: Great Tusk\n|-end|p1a: Great Tusk|Protosynthesis|[silent]\n|\n|upkeep\n|\n|t:|1700879810\n|switch|p1a: Cresselia|Cresselia, F|100\/100\n|turn|7\n|\n|t:|1700879814\n|switch|p2a: Tyranitar|Tyranitar, M|100\/100\n|-weather|Sandstorm|[from] ability: Sand Stream|[of] p2a: Tyranitar\n|move|p1a: Cresselia|Calm Mind|p1a: Cresselia\n|-boost|p1a: Cresselia|spa|1\n|-boost|p1a: Cresselia|spd|1\n|\n|-weather|Sandstorm|[upkeep]\n|-damage|p1a: Cresselia|94\/100|[from] Sandstorm\n|-heal|p1a: Cresselia|100\/100|[from] item: Leftovers\n|upkeep\n|turn|8\n|\n|t:|1700879819\n|detailschange|p2a: Tyranitar|Tyranitar-Mega, M\n|-mega|p2a: Tyranitar|Tyranitar|Tyranitarite\n|-terastallize|p1a: Cresselia|Poison\n|move|p2a: Tyranitar|Knock Off|p1a: Cresselia\n|-damage|p1a: Cresselia|67\/100\n|-enditem|p1a: Cresselia|Leftovers|[from] move: Knock Off|[of] p2a: Tyranitar\n|move|p1a: Cresselia|Calm Mind|p1a: Cresselia\n|-boost|p1a: Cresselia|spa|1\n|-boost|p1a: Cresselia|spd|1\n|\n|-weather|Sandstorm|[upkeep]\n|-damage|p1a: Cresselia|61\/100|[from] Sandstorm\n|upkeep\n|turn|9\n|\n|t:|1700879826\n|move|p2a: Tyranitar|Dragon Dance|p2a: Tyranitar\n|-boost|p2a: Tyranitar|atk|1\n|-boost|p2a: Tyranitar|spe|1\n|move|p1a: Cresselia|Moonlight|p1a: Cresselia\n|-heal|p1a: Cresselia|86\/100\n|\n|-weather|Sandstorm|[upkeep]\n|-damage|p1a: Cresselia|80\/100|[from] Sandstorm\n|upkeep\n|turn|10\n|\n|t:|1700879829\n|move|p2a: Tyranitar|Dragon Dance|p2a: Tyranitar\n|-boost|p2a: Tyranitar|atk|1\n|-boost|p2a: Tyranitar|spe|1\n|move|p1a: Cresselia|Moonblast|p2a: Tyranitar\n|-supereffective|p2a: Tyranitar\n|-damage|p2a: Tyranitar|62\/100\n|\n|-weather|Sandstorm|[upkeep]\n|-damage|p1a: Cresselia|74\/100|[from] Sandstorm\n|-fieldend|move: Psychic Terrain\n|upkeep\n|turn|11\n|\n|t:|1700879832\n|move|p2a: Tyranitar|Stone Edge|p1a: Cresselia\n|-crit|p1a: Cresselia\n|-damage|p1a: Cresselia|0 fnt\n|faint|p1a: Cresselia\n|\n|-weather|none\n|upkeep\n|\n|t:|1700879838\n|switch|p1a: Iron Hands|Iron Hands|100\/100\n|-enditem|p1a: Iron Hands|Booster Energy\n|-activate|p1a: Iron Hands|ability: Quark Drive|[fromitem]\n|-start|p1a: Iron Hands|quarkdriveatk\n|turn|12\n|\n|t:|1700879844\n|switch|p2a: Toxapex|Toxapex, F|100\/100\n|move|p1a: Iron Hands|Drain Punch|p2a: Toxapex\n|-resisted|p2a: Toxapex\n|-damage|p2a: Toxapex|81\/100\n|-enditem|p2a: Toxapex|Eject Button\n|\n|t:|1700879849\n|switch|p2a: Tapu Lele|Tapu Lele|100\/100\n|-fieldstart|move: Psychic Terrain|[from] ability: Psychic Surge|[of] p2a: Tapu Lele\n|\n|upkeep\n|turn|13\n|\n|t:|1700879852\n|-terastallize|p2a: Tapu Lele|Psychic\n|move|p2a: Tapu Lele|Psychic|p1a: Iron Hands\n|-supereffective|p1a: Iron Hands\n|-damage|p1a: Iron Hands|0 fnt\n|faint|p1a: Iron Hands\n|-end|p1a: Iron Hands|Quark Drive|[silent]\n|\n|upkeep\n|\n|t:|1700879856\n|switch|p1a: Dragonite|Dragonite, F|100\/100\n|turn|14\n|\n|t:|1700879860\n|move|p2a: Tapu Lele|Psychic|p1a: Dragonite\n|-damage|p1a: Dragonite|63\/100\n|move|p1a: Dragonite|Iron Head|p2a: Tapu Lele\n|-damage|p2a: Tapu Lele|56\/100\n|\n|-heal|p1a: Dragonite|69\/100|[from] item: Leftovers\n|upkeep\n|turn|15\n|\n|t:|1700879865\n|move|p2a: Tapu Lele|Psychic|p1a: Dragonite\n|-damage|p1a: Dragonite|0 fnt\n|faint|p1a: Dragonite\n|\n|upkeep\n|\n|t:|1700879867\n|switch|p1a: Chandelure|Chandelure, M|100\/100\n|turn|16\n|c|\u2606Enchidio|gg\n|\n|t:|1700879871\n|move|p2a: Tapu Lele|Psychic|p1a: Chandelure\n|-damage|p1a: Chandelure|0 fnt\n|faint|p1a: Chandelure\n|\n|win|Enchidio\n|raw|tensaiindustries's rating: 1659 &rarr; <strong>1640<\/strong><br \/>(-19 for losing)\n|raw|Enchidio's rating: 1681 &rarr; <strong>1700<\/strong><br \/>(+19 for winning)\n|c|\u2606tensaiindustries|n word\n|l|\u2606tensaiindustries\n|c|\u2606Enchidio|LOL\n","uploadtime":1700879904,"views":1,"p1id":"tensaiindustries","p2id":"enchidio","formatid":"gen9nationaldex","rating":1640,"private":0,"password":""}