{"id":"gen9nationaldex-1992909996","p1":"shrzds","p2":"TMcNic7","format":"[Gen 9] National Dex","log":"|j|\u2606shrzds\n|j|\u2606TMcNic7\n|t:|1700246003\n|gametype|singles\n|player|p1|shrzds|wallace|1364\n|player|p2|TMcNic7|clair|1358\n|teamsize|p1|6\n|teamsize|p2|6\n|gen|9\n|tier|[Gen 9] National Dex\n|rated|\n|rule|HP Percentage Mod: HP is shown in percentages\n|rule|Endless Battle Clause: Forcing endless battles is banned\n|rule|OHKO Clause: OHKO moves are banned\n|rule|Evasion Clause: Evasion abilities, items, and moves are banned\n|rule|Evasion Abilities Clause: Evasion abilities are banned\n|rule|Evasion Items Clause: Evasion items are banned\n|rule|Evasion Moves Clause: Evasion moves are banned\n|rule|Species Clause: Limit one of each Pok\u00e9mon\n|rule|Sleep Clause Mod: Limit one foe put to sleep\n|clearpoke\n|poke|p1|Pelipper, M|\n|poke|p1|Swampert, M|\n|poke|p1|Ferrothorn, M|\n|poke|p1|Zapdos|\n|poke|p1|Urshifu-*, F|\n|poke|p1|Kingdra, M|\n|poke|p2|Feraligatr, M|\n|poke|p2|Pelipper, M|\n|poke|p2|Ferrothorn, F|\n|poke|p2|Swampert, M|\n|poke|p2|Zapdos|\n|poke|p2|Manaphy|\n|teampreview\n|\n|t:|1700246024\n|start\n|switch|p1a: Urshifu|Urshifu-Rapid-Strike, F|100\/100\n|switch|p2a: Ferrothorn|Ferrothorn, F|100\/100\n|turn|1\n|\n|t:|1700246037\n|move|p1a: Urshifu|Close Combat|p2a: Ferrothorn\n|-supereffective|p2a: Ferrothorn\n|-enditem|p2a: Ferrothorn|Chople Berry|[eat]\n|-enditem|p2a: Ferrothorn|Chople Berry|[weaken]\n|-damage|p2a: Ferrothorn|66\/100\n|-unboost|p1a: Urshifu|def|1\n|-unboost|p1a: Urshifu|spd|1\n|-damage|p1a: Urshifu|88\/100|[from] ability: Iron Barbs|[of] p2a: Ferrothorn\n|move|p2a: Ferrothorn|Stealth Rock|p1a: Urshifu\n|-sidestart|p1: shrzds|move: Stealth Rock\n|\n|upkeep\n|turn|2\n|\n|t:|1700246045\n|switch|p1a: Ferrothorn|Ferrothorn, M, shiny|100\/100\n|-damage|p1a: Ferrothorn|94\/100|[from] Stealth Rock\n|switch|p2a: Zapdos|Zapdos|100\/100\n|\n|-heal|p1a: Ferrothorn|100\/100|[from] item: Leftovers\n|upkeep\n|turn|3\n|\n|t:|1700246055\n|move|p2a: Zapdos|Hurricane|p1a: Ferrothorn\n|-damage|p1a: Ferrothorn|65\/100\n|move|p1a: Ferrothorn|Stealth Rock|p2a: Zapdos\n|-sidestart|p2: TMcNic7|move: Stealth Rock\n|\n|-heal|p1a: Ferrothorn|71\/100|[from] item: Leftovers\n|upkeep\n|turn|4\n|\n|t:|1700246060\n|move|p2a: Zapdos|Hurricane|p1a: Ferrothorn|[miss]\n|-miss|p2a: Zapdos|p1a: Ferrothorn\n|move|p1a: Ferrothorn|Leech Seed|p2a: Zapdos\n|-start|p2a: Zapdos|move: Leech Seed\n|\n|-heal|p1a: Ferrothorn|77\/100|[from] item: Leftovers\n|-damage|p2a: Zapdos|88\/100|[from] Leech Seed|[of] p1a: Ferrothorn\n|-heal|p1a: Ferrothorn|89\/100|[silent]\n|upkeep\n|turn|5\n|\n|t:|1700246074\n|switch|p2a: Ferrothorn|Ferrothorn, F|66\/100\n|-damage|p2a: Ferrothorn|60\/100|[from] Stealth Rock\n|move|p1a: Ferrothorn|Gyro Ball|p2a: Ferrothorn\n|-resisted|p2a: Ferrothorn\n|-damage|p2a: Ferrothorn|57\/100\n|-damage|p1a: Ferrothorn|76\/100|[from] ability: Iron Barbs|[of] p2a: Ferrothorn\n|\n|-heal|p1a: Ferrothorn|82\/100|[from] item: Leftovers\n|upkeep\n|turn|6\n|\n|t:|1700246080\n|move|p2a: Ferrothorn|Thunder Wave|p1a: Ferrothorn\n|-status|p1a: Ferrothorn|par\n|move|p1a: Ferrothorn|Body Press|p2a: Ferrothorn\n|-supereffective|p2a: Ferrothorn\n|-damage|p2a: Ferrothorn|28\/100\n|-damage|p1a: Ferrothorn|70\/100 par|[from] ability: Iron Barbs|[of] p2a: Ferrothorn\n|\n|-heal|p1a: Ferrothorn|76\/100 par|[from] item: Leftovers\n|upkeep\n|turn|7\n|\n|t:|1700246088\n|switch|p2a: Zapdos|Zapdos|88\/100\n|move|p1a: Ferrothorn|Body Press|p2a: Zapdos\n|-resisted|p2a: Zapdos\n|-damage|p2a: Zapdos|73\/100\n|\n|-heal|p1a: Ferrothorn|82\/100 par|[from] item: Leftovers\n|upkeep\n|turn|8\n|\n|t:|1700246094\n|move|p2a: Zapdos|Hurricane|p1a: Ferrothorn|[miss]\n|-miss|p2a: Zapdos|p1a: Ferrothorn\n|move|p1a: Ferrothorn|Gyro Ball|p2a: Zapdos\n|-resisted|p2a: Zapdos\n|-damage|p2a: Zapdos|41\/100\n|\n|-heal|p1a: Ferrothorn|89\/100 par|[from] item: Leftovers\n|upkeep\n|turn|9\n|\n|t:|1700246120\n|move|p2a: Zapdos|Roost|p2a: Zapdos\n|-heal|p2a: Zapdos|91\/100\n|-singleturn|p2a: Zapdos|move: Roost\n|move|p1a: Ferrothorn|Leech Seed|p2a: Zapdos\n|-start|p2a: Zapdos|move: Leech Seed\n|\n|-heal|p1a: Ferrothorn|95\/100 par|[from] item: Leftovers\n|-damage|p2a: Zapdos|78\/100|[from] Leech Seed|[of] p1a: Ferrothorn\n|-heal|p1a: Ferrothorn|100\/100 par|[silent]\n|upkeep\n|turn|10\n|\n|t:|1700246126\n|move|p2a: Zapdos|Hurricane|p1a: Ferrothorn\n|-damage|p1a: Ferrothorn|62\/100 par\n|-start|p1a: Ferrothorn|confusion\n|-activate|p1a: Ferrothorn|confusion\n|cant|p1a: Ferrothorn|par\n|\n|-heal|p1a: Ferrothorn|68\/100 par|[from] item: Leftovers\n|-damage|p2a: Zapdos|66\/100|[from] Leech Seed|[of] p1a: Ferrothorn\n|-heal|p1a: Ferrothorn|80\/100 par|[silent]\n|upkeep\n|turn|11\n|\n|t:|1700246138\n|move|p2a: Zapdos|Hurricane|p1a: Ferrothorn\n|-damage|p1a: Ferrothorn|44\/100 par\n|-activate|p1a: Ferrothorn|confusion\n|move|p1a: Ferrothorn|Gyro Ball|p2a: Zapdos\n|-resisted|p2a: Zapdos\n|-damage|p2a: Zapdos|38\/100\n|\n|-heal|p1a: Ferrothorn|50\/100 par|[from] item: Leftovers\n|-damage|p2a: Zapdos|25\/100|[from] Leech Seed|[of] p1a: Ferrothorn\n|-heal|p1a: Ferrothorn|61\/100 par|[silent]\n|upkeep\n|turn|12\n|\n|t:|1700246150\n|switch|p2a: Pelipper|Pelipper, M|100\/100\n|-damage|p2a: Pelipper|75\/100|[from] Stealth Rock\n|-weather|RainDance|[from] ability: Drizzle|[of] p2a: Pelipper\n|-activate|p1a: Ferrothorn|confusion\n|move|p1a: Ferrothorn|Gyro Ball|p2a: Pelipper\n|-resisted|p2a: Pelipper\n|-damage|p2a: Pelipper|50\/100\n|\n|-weather|RainDance|[upkeep]\n|-heal|p1a: Ferrothorn|68\/100 par|[from] item: Leftovers\n|upkeep\n|turn|13\n|\n|t:|1700246161\n|switch|p2a: Ferrothorn|Ferrothorn, F|28\/100\n|-damage|p2a: Ferrothorn|22\/100|[from] Stealth Rock\n|-activate|p1a: Ferrothorn|confusion\n|cant|p1a: Ferrothorn|par\n|\n|-weather|RainDance|[upkeep]\n|-heal|p1a: Ferrothorn|74\/100 par|[from] item: Leftovers\n|upkeep\n|turn|14\n|\n|t:|1700246166\n|move|p2a: Ferrothorn|Spikes|p1a: Ferrothorn\n|-sidestart|p1: shrzds|Spikes\n|-end|p1a: Ferrothorn|confusion\n|cant|p1a: Ferrothorn|par\n|\n|-weather|RainDance|[upkeep]\n|-heal|p1a: Ferrothorn|80\/100 par|[from] item: Leftovers\n|upkeep\n|turn|15\n|\n|t:|1700246171\n|move|p2a: Ferrothorn|Spikes|p1a: Ferrothorn\n|-sidestart|p1: shrzds|Spikes\n|move|p1a: Ferrothorn|Body Press|p2a: Ferrothorn\n|-supereffective|p2a: Ferrothorn\n|-damage|p2a: Ferrothorn|0 fnt\n|-damage|p1a: Ferrothorn|68\/100 par|[from] ability: Iron Barbs|[of] p2a: Ferrothorn\n|faint|p2a: Ferrothorn\n|\n|-weather|RainDance|[upkeep]\n|-heal|p1a: Ferrothorn|74\/100 par|[from] item: Leftovers\n|upkeep\n|\n|t:|1700246175\n|switch|p2a: Zapdos|Zapdos|25\/100\n|turn|16\n|\n|t:|1700246181\n|move|p2a: Zapdos|Roost|p2a: Zapdos\n|-heal|p2a: Zapdos|75\/100\n|-singleturn|p2a: Zapdos|move: Roost\n|cant|p1a: Ferrothorn|par\n|\n|-weather|RainDance|[upkeep]\n|-heal|p1a: Ferrothorn|80\/100 par|[from] item: Leftovers\n|upkeep\n|turn|17\n|\n|t:|1700246184\n|move|p2a: Zapdos|Hurricane|p1a: Ferrothorn\n|-damage|p1a: Ferrothorn|44\/100 par\n|cant|p1a: Ferrothorn|par\n|\n|-weather|RainDance|[upkeep]\n|-heal|p1a: Ferrothorn|50\/100 par|[from] item: Leftovers\n|upkeep\n|turn|18\n|\n|t:|1700246209\n|switch|p1a: Zapdos|Zapdos, shiny|100\/100\n|-damage|p1a: Zapdos|76\/100|[from] Stealth Rock\n|move|p2a: Zapdos|Hurricane|p1a: Zapdos\n|-resisted|p1a: Zapdos\n|-damage|p1a: Zapdos|49\/100\n|-start|p1a: Zapdos|confusion\n|\n|-weather|RainDance|[upkeep]\n|upkeep\n|turn|19\n|\n|t:|1700246212\n|move|p2a: Zapdos|Thunder|p1a: Zapdos\n|-damage|p1a: Zapdos|0 fnt\n|faint|p1a: Zapdos\n|\n|-weather|none\n|upkeep\n|\n|t:|1700246217\n|switch|p1a: Ferrothorn|Ferrothorn, M, shiny|50\/100 par\n|-damage|p1a: Ferrothorn|44\/100 par|[from] Stealth Rock\n|-damage|p1a: Ferrothorn|27\/100 par|[from] Spikes\n|turn|20\n|\n|t:|1700246221\n|move|p2a: Zapdos|Hurricane|p1a: Ferrothorn\n|-damage|p1a: Ferrothorn|0 fnt\n|faint|p1a: Ferrothorn\n|\n|upkeep\n|\n|t:|1700246227\n|switch|p1a: Swampert|Swampert, M|100\/100\n|-damage|p1a: Swampert|94\/100|[from] Stealth Rock\n|-damage|p1a: Swampert|78\/100|[from] Spikes\n|turn|21\n|\n|t:|1700246233\n|detailschange|p1a: Swampert|Swampert-Mega, M\n|-mega|p1a: Swampert|Swampert|Swampertite\n|move|p2a: Zapdos|Hurricane|p1a: Swampert\n|-damage|p1a: Swampert|27\/100\n|move|p1a: Swampert|Liquidation|p2a: Zapdos\n|-damage|p2a: Zapdos|18\/100\n|-unboost|p2a: Zapdos|def|1\n|\n|upkeep\n|turn|22\n|\n|t:|1700246241\n|move|p2a: Zapdos|Hurricane|p1a: Swampert|[miss]\n|-miss|p2a: Zapdos|p1a: Swampert\n|move|p1a: Swampert|Liquidation|p2a: Zapdos\n|-damage|p2a: Zapdos|0 fnt\n|faint|p2a: Zapdos\n|\n|upkeep\n|\n|t:|1700246252\n|switch|p2a: Swampert|Swampert, M|100\/100\n|-damage|p2a: Swampert|94\/100|[from] Stealth Rock\n|turn|23\n|\n|t:|1700246260\n|detailschange|p2a: Swampert|Swampert-Mega, M\n|-mega|p2a: Swampert|Swampert|Swampertite\n|move|p2a: Swampert|Flip Turn|p1a: Swampert\n|-damage|p1a: Swampert|0 fnt\n|faint|p1a: Swampert\n|\n|t:|1700246270\n|switch|p2a: Feraligatr|Feraligatr, M|100\/100|[from] Flip Turn\n|-damage|p2a: Feraligatr|88\/100|[from] Stealth Rock\n|\n|upkeep\n|\n|t:|1700246281\n|switch|p1a: Kingdra|Kingdra, M, shiny|100\/100\n|-damage|p1a: Kingdra|88\/100|[from] Stealth Rock\n|-damage|p1a: Kingdra|72\/100|[from] Spikes\n|turn|24\n|\n|t:|1700246287\n|move|p1a: Kingdra|Draco Meteor|p2a: Feraligatr\n|-damage|p2a: Feraligatr|2\/100\n|-unboost|p1a: Kingdra|spa|2\n|move|p2a: Feraligatr|Crunch|p1a: Kingdra\n|-damage|p1a: Kingdra|21\/100\n|\n|upkeep\n|turn|25\n|\n|t:|1700246297\n|move|p1a: Kingdra|Draco Meteor|p2a: Feraligatr\n|-damage|p2a: Feraligatr|0 fnt\n|-unboost|p1a: Kingdra|spa|2\n|faint|p2a: Feraligatr\n|\n|upkeep\n|\n|t:|1700246299\n|switch|p2a: Pelipper|Pelipper, M|50\/100\n|-damage|p2a: Pelipper|25\/100|[from] Stealth Rock\n|-weather|RainDance|[from] ability: Drizzle|[of] p2a: Pelipper\n|turn|26\n|\n|t:|1700246303\n|move|p1a: Kingdra|Draco Meteor|p2a: Pelipper|[miss]\n|-miss|p1a: Kingdra|p2a: Pelipper\n|move|p2a: Pelipper|Roost|p2a: Pelipper\n|-heal|p2a: Pelipper|75\/100\n|-singleturn|p2a: Pelipper|move: Roost\n|\n|-weather|RainDance|[upkeep]\n|upkeep\n|turn|27\n|\n|t:|1700246316\n|switch|p1a: Pelipper|Pelipper, M, shiny|100\/100\n|-damage|p1a: Pelipper|75\/100|[from] Stealth Rock\n|move|p2a: Pelipper|U-turn|p1a: Pelipper\n|-resisted|p1a: Pelipper\n|-damage|p1a: Pelipper|71\/100\n|\n|t:|1700246320\n|switch|p2a: Manaphy|Manaphy|100\/100|[from] U-turn\n|-damage|p2a: Manaphy|88\/100|[from] Stealth Rock\n|\n|-weather|RainDance|[upkeep]\n|upkeep\n|turn|28\n|\n|t:|1700246326\n|move|p2a: Manaphy|Tail Glow|p2a: Manaphy\n|-boost|p2a: Manaphy|spa|3\n|move|p1a: Pelipper|Defog|p2a: Manaphy\n|-unboost|p2a: Manaphy|evasion|1\n|-sideend|p2: TMcNic7|Stealth Rock|[from] move: Defog|[of] p1a: Pelipper\n|-sideend|p1: shrzds|Spikes|[from] move: Defog|[of] p1a: Pelipper\n|-sideend|p1: shrzds|Stealth Rock|[from] move: Defog|[of] p1a: Pelipper\n|\n|-weather|RainDance|[upkeep]\n|upkeep\n|turn|29\n|\n|t:|1700246337\n|move|p2a: Manaphy|Scald|p1a: Pelipper\n|-resisted|p1a: Pelipper\n|-damage|p1a: Pelipper|0 fnt\n|faint|p1a: Pelipper\n|\n|-weather|RainDance|[upkeep]\n|upkeep\n|\n|t:|1700246350\n|switch|p1a: Kingdra|Kingdra, M, shiny|21\/100\n|turn|30\n|\n|t:|1700246356\n|move|p1a: Kingdra|Draco Meteor|p2a: Manaphy\n|-damage|p2a: Manaphy|17\/100\n|-unboost|p1a: Kingdra|spa|2\n|move|p2a: Manaphy|Scald|p1a: Kingdra\n|-resisted|p1a: Kingdra\n|-damage|p1a: Kingdra|0 fnt\n|faint|p1a: Kingdra\n|\n|-weather|RainDance|[upkeep]\n|upkeep\n|\n|t:|1700246359\n|switch|p1a: Urshifu|Urshifu-Rapid-Strike, F|88\/100\n|turn|31\n|\n|t:|1700246383\n|-terastallize|p1a: Urshifu|Water\n|move|p1a: Urshifu|Surging Strikes|p2a: Manaphy\n|-resisted|p2a: Manaphy\n|-crit|p2a: Manaphy\n|-damage|p2a: Manaphy|0 fnt\n|faint|p2a: Manaphy\n|-hitcount|p2: Manaphy|1\n|\n|-weather|RainDance|[upkeep]\n|upkeep\n|\n|t:|1700246386\n|switch|p2a: Pelipper|Pelipper, M|75\/100\n|turn|32\n|\n|t:|1700246394\n|move|p1a: Urshifu|Surging Strikes|p2a: Pelipper\n|-resisted|p2a: Pelipper\n|-crit|p2a: Pelipper\n|-damage|p2a: Pelipper|53\/100\n|-resisted|p2a: Pelipper\n|-crit|p2a: Pelipper\n|-damage|p2a: Pelipper|32\/100\n|-resisted|p2a: Pelipper\n|-crit|p2a: Pelipper\n|-damage|p2a: Pelipper|13\/100\n|-hitcount|p2a: Pelipper|3\n|move|p2a: Pelipper|Scald|p1a: Urshifu\n|-resisted|p1a: Urshifu\n|-damage|p1a: Urshifu|60\/100\n|\n|-weather|RainDance|[upkeep]\n|upkeep\n|turn|33\n|\n|t:|1700246401\n|move|p1a: Urshifu|Surging Strikes|p2a: Pelipper\n|-resisted|p2a: Pelipper\n|-crit|p2a: Pelipper\n|-damage|p2a: Pelipper|0 fnt\n|faint|p2a: Pelipper\n|-hitcount|p2: Pelipper|1\n|\n|-weather|none\n|upkeep\n|\n|t:|1700246402\n|switch|p2a: Swampert|Swampert-Mega, M|94\/100\n|turn|34\n|\n|t:|1700246405\n|move|p1a: Urshifu|Surging Strikes|p2a: Swampert\n|-crit|p2a: Swampert\n|-damage|p2a: Swampert|69\/100\n|-crit|p2a: Swampert\n|-damage|p2a: Swampert|44\/100\n|-crit|p2a: Swampert\n|-damage|p2a: Swampert|19\/100\n|-hitcount|p2a: Swampert|3\n|move|p2a: Swampert|Earthquake|p1a: Urshifu\n|-damage|p1a: Urshifu|1\/100\n|\n|upkeep\n|turn|35\n|\n|t:|1700246410\n|move|p1a: Urshifu|Surging Strikes|p2a: Swampert\n|-crit|p2a: Swampert\n|-damage|p2a: Swampert|0 fnt\n|faint|p2a: Swampert\n|-hitcount|p2: Swampert|1\n|\n|win|shrzds\n|raw|shrzds's rating: 1364 &rarr; <strong>1384<\/strong><br \/>(+20 for winning)\n|raw|TMcNic7's rating: 1358 &rarr; <strong>1338<\/strong><br \/>(-20 for losing)\n|l|\u2606TMcNic7\n","uploadtime":1700246425,"views":10,"p1id":"shrzds","p2id":"tmcnic7","formatid":"gen9nationaldex","rating":1338,"private":0,"password":""}