{"id":"gen9nationaldex-1997600639","p1":"Asmitha31","p2":"genosaurer","format":"[Gen 9] National Dex","log":"|html|<div class=\"broadcast-blue\"><strong>[Gen 9] National Dex is currently suspecting Sneasler! For information on how to participate check out the <a href=\"https:\/\/www.smogon.com\/forums\/threads\/sv-national-dex-suspect-8-just-dance.3731534\/\">suspect thread<\/a>.<\/strong><\/div>\n|j|\u2606Asmitha31\n|j|\u2606genosaurer\n|t:|1700831367\n|gametype|singles\n|player|p1|Asmitha31|102|\n|player|p2|genosaurer|101|\n|teamsize|p1|6\n|teamsize|p2|6\n|gen|9\n|tier|[Gen 9] National Dex\n|rule|HP Percentage Mod: HP is shown in percentages\n|rule|Endless Battle Clause: Forcing endless battles is banned\n|rule|OHKO Clause: OHKO moves are banned\n|rule|Evasion Clause: Evasion abilities, items, and moves are banned\n|rule|Evasion Abilities Clause: Evasion abilities are banned\n|rule|Evasion Items Clause: Evasion items are banned\n|rule|Evasion Moves Clause: Evasion moves are banned\n|rule|Species Clause: Limit one of each Pok\u00e9mon\n|rule|Sleep Clause Mod: Limit one foe put to sleep\n|clearpoke\n|poke|p1|Cresselia, F|\n|poke|p1|Glimmora, F|\n|poke|p1|Buzzwole|\n|poke|p1|Enamorus, F|\n|poke|p1|Sneasler, F|\n|poke|p1|Tapu Fini|\n|poke|p2|Scizor, F|\n|poke|p2|Great Tusk|\n|poke|p2|Kommo-o, M|\n|poke|p2|Urshifu-*, F|\n|poke|p2|Ninetales-Alola, M|\n|poke|p2|Victini|\n|teampreview\n|inactive|Battle timer is ON: inactive players will automatically lose when time's up. (requested by genosaurer)\n|inactive|Asmitha31 has 270 seconds left.\n|inactive|genosaurer has 270 seconds left.\n|\n|t:|1700831414\n|start\n|switch|p1a: Glimmora|Glimmora, F|100\/100\n|switch|p2a: Urshifu|Urshifu-Rapid-Strike, F|100\/100\n|turn|1\n|\n|t:|1700831422\n|switch|p1a: Buzzwole|Buzzwole|100\/100\n|move|p2a: Urshifu|Surging Strikes|p1a: Buzzwole\n|-crit|p1a: Buzzwole\n|-damage|p1a: Buzzwole|87\/100\n|-damage|p2a: Urshifu|84\/100|[from] item: Rocky Helmet|[of] p1a: Buzzwole\n|-crit|p1a: Buzzwole\n|-damage|p1a: Buzzwole|71\/100\n|-damage|p2a: Urshifu|68\/100|[from] item: Rocky Helmet|[of] p1a: Buzzwole\n|-crit|p1a: Buzzwole\n|-damage|p1a: Buzzwole|57\/100\n|-damage|p2a: Urshifu|51\/100|[from] item: Rocky Helmet|[of] p1a: Buzzwole\n|-hitcount|p1a: Buzzwole|3\n|-damage|p2a: Urshifu|41\/100|[from] item: Life Orb\n|\n|upkeep\n|turn|2\n|\n|t:|1700831439\n|switch|p2a: Ninetales|Ninetales-Alola, M|100\/100\n|-weather|Snow|[from] ability: Snow Warning|[of] p2a: Ninetales\n|move|p1a: Buzzwole|Roost|p1a: Buzzwole\n|-heal|p1a: Buzzwole|100\/100\n|-singleturn|p1a: Buzzwole|move: Roost\n|\n|-weather|Snow|[upkeep]\n|upkeep\n|turn|3\n|\n|t:|1700831448\n|switch|p1a: Glimmora|Glimmora, F|100\/100\n|move|p2a: Ninetales|Moonblast|p1a: Glimmora\n|-resisted|p1a: Glimmora\n|-damage|p1a: Glimmora|79\/100\n|\n|-weather|Snow|[upkeep]\n|-heal|p1a: Glimmora|85\/100|[from] item: Black Sludge\n|upkeep\n|turn|4\n|\n|t:|1700831462\n|switch|p2a: Great Tusk|Great Tusk|100\/100\n|move|p1a: Glimmora|Mortal Spin|p2a: Great Tusk\n|-resisted|p2a: Great Tusk\n|-damage|p2a: Great Tusk|98\/100\n|-status|p2a: Great Tusk|psn\n|\n|-weather|Snow|[upkeep]\n|-heal|p1a: Glimmora|91\/100|[from] item: Black Sludge\n|-damage|p2a: Great Tusk|86\/100 psn|[from] psn\n|upkeep\n|turn|5\n|\n|t:|1700831472\n|switch|p1a: Buzzwole|Buzzwole|100\/100\n|move|p2a: Great Tusk|Earthquake|p1a: Buzzwole\n|-resisted|p1a: Buzzwole\n|-damage|p1a: Buzzwole|87\/100\n|\n|-weather|Snow|[upkeep]\n|-damage|p2a: Great Tusk|74\/100 psn|[from] psn\n|upkeep\n|turn|6\n|\n|t:|1700831487\n|-end|p2a: Great Tusk|Protosynthesis|[silent]\n|switch|p2a: Victini|Victini|100\/100\n|move|p1a: Buzzwole|Ice Punch|p2a: Victini\n|-resisted|p2a: Victini\n|-damage|p2a: Victini|86\/100\n|-status|p2a: Victini|frz\n|\n|-weather|none\n|upkeep\n|turn|7\n|\n|t:|1700831498\n|switch|p1a: Glimmora|Glimmora, F|91\/100\n|cant|p2a: Victini|frz\n|\n|-heal|p1a: Glimmora|98\/100|[from] item: Black Sludge\n|upkeep\n|turn|8\n|\n|t:|1700831511\n|switch|p2a: Great Tusk|Great Tusk|74\/100 psn\n|move|p1a: Glimmora|Stealth Rock|p2a: Great Tusk\n|-sidestart|p2: genosaurer|move: Stealth Rock\n|\n|-heal|p1a: Glimmora|100\/100|[from] item: Black Sludge\n|-damage|p2a: Great Tusk|61\/100 psn|[from] psn\n|upkeep\n|turn|9\n|\n|t:|1700831520\n|move|p1a: Glimmora|Spiky Shield|p1a: Glimmora\n|-singleturn|p1a: Glimmora|move: Protect\n|move|p2a: Great Tusk|Stealth Rock|p1a: Glimmora\n|-sidestart|p1: Asmitha31|move: Stealth Rock\n|\n|-damage|p2a: Great Tusk|49\/100 psn|[from] psn\n|upkeep\n|turn|10\n|\n|t:|1700831528\n|switch|p1a: Buzzwole|Buzzwole|87\/100\n|-damage|p1a: Buzzwole|74\/100|[from] Stealth Rock\n|move|p2a: Great Tusk|Earthquake|p1a: Buzzwole\n|-resisted|p1a: Buzzwole\n|-damage|p1a: Buzzwole|59\/100\n|\n|-damage|p2a: Great Tusk|36\/100 psn|[from] psn\n|upkeep\n|turn|11\n|\n|t:|1700831538\n|move|p2a: Great Tusk|Rapid Spin|p1a: Buzzwole\n|-damage|p1a: Buzzwole|49\/100\n|-boost|p2a: Great Tusk|spe|1\n|-damage|p2a: Great Tusk|20\/100 psn|[from] item: Rocky Helmet|[of] p1a: Buzzwole\n|-sideend|p2: genosaurer|Stealth Rock|[from] move: Rapid Spin|[of] p2a: Great Tusk\n|move|p1a: Buzzwole|Roost|p1a: Buzzwole\n|-heal|p1a: Buzzwole|99\/100\n|-singleturn|p1a: Buzzwole|move: Roost\n|\n|-damage|p2a: Great Tusk|8\/100 psn|[from] psn\n|upkeep\n|turn|12\n|\n|t:|1700831548\n|-end|p2a: Great Tusk|Protosynthesis|[silent]\n|switch|p2a: Victini|Victini|86\/100 frz\n|move|p1a: Buzzwole|Drain Punch|p2a: Victini\n|-resisted|p2a: Victini\n|-damage|p2a: Victini|66\/100 frz\n|-heal|p1a: Buzzwole|100\/100|[from] drain|[of] p2a: Victini\n|\n|upkeep\n|turn|13\n|\n|t:|1700831556\n|switch|p1a: Glimmora|Glimmora, F|100\/100\n|-damage|p1a: Glimmora|88\/100|[from] Stealth Rock\n|cant|p2a: Victini|frz\n|\n|-heal|p1a: Glimmora|94\/100|[from] item: Black Sludge\n|upkeep\n|turn|14\n|\n|t:|1700831566\n|cant|p2a: Victini|frz\n|move|p1a: Glimmora|Mortal Spin|p2a: Victini\n|-damage|p2a: Victini|60\/100 frz\n|-sideend|p1: Asmitha31|Stealth Rock|[from] move: Mortal Spin|[of] p1a: Glimmora\n|\n|-heal|p1a: Glimmora|100\/100|[from] item: Black Sludge\n|upkeep\n|turn|15\n|\n|t:|1700831575\n|cant|p2a: Victini|frz\n|move|p1a: Glimmora|Stealth Rock|p2a: Victini\n|-sidestart|p2: genosaurer|move: Stealth Rock\n|\n|upkeep\n|turn|16\n|\n|t:|1700831583\n|cant|p2a: Victini|frz\n|move|p1a: Glimmora|Toxic||[still]\n|-fail|p1a: Glimmora\n|\n|upkeep\n|turn|17\n|\n|t:|1700831590\n|-curestatus|p2a: Victini|frz|[msg]\n|move|p2a: Victini|Psychic|p1a: Glimmora\n|-supereffective|p1a: Glimmora\n|-damage|p1a: Glimmora|21\/100\n|move|p1a: Glimmora|Toxic|p2a: Victini\n|-status|p2a: Victini|tox\n|\n|-heal|p1a: Glimmora|27\/100|[from] item: Black Sludge\n|-damage|p2a: Victini|54\/100 tox|[from] psn\n|upkeep\n|turn|18\n|\n|t:|1700831601\n|move|p1a: Glimmora|Spiky Shield|p1a: Glimmora\n|-singleturn|p1a: Glimmora|move: Protect\n|-zpower|p2a: Victini\n|move|p2a: Victini|Z-Celebrate|p2a: Victini|[anim]Celebrate\n|-boost|p2a: Victini|atk|1|[zeffect]\n|-boost|p2a: Victini|def|1|[zeffect]\n|-boost|p2a: Victini|spa|1|[zeffect]\n|-boost|p2a: Victini|spd|1|[zeffect]\n|-boost|p2a: Victini|spe|1|[zeffect]\n|-activate|p2a: Victini|move: Celebrate\n|\n|-heal|p1a: Glimmora|33\/100|[from] item: Black Sludge\n|-damage|p2a: Victini|42\/100 tox|[from] psn\n|upkeep\n|turn|19\n|\n|t:|1700831628\n|switch|p1a: Tapu Fini|Tapu Fini|100\/100\n|-fieldstart|move: Misty Terrain|[from] ability: Misty Surge|[of] p1a: Tapu Fini\n|move|p2a: Victini|Psychic|p1a: Tapu Fini\n|-damage|p1a: Tapu Fini|59\/100\n|\n|-heal|p1a: Tapu Fini|65\/100|[from] item: Leftovers\n|-damage|p2a: Victini|23\/100 tox|[from] psn\n|upkeep\n|turn|20\n|\n|t:|1700831640\n|move|p2a: Victini|Thunderbolt|p1a: Tapu Fini\n|-supereffective|p1a: Tapu Fini\n|-damage|p1a: Tapu Fini|9\/100\n|move|p1a: Tapu Fini|Surf|p2a: Victini\n|-supereffective|p2a: Victini\n|-damage|p2a: Victini|0 fnt\n|faint|p2a: Victini\n|\n|-heal|p1a: Tapu Fini|15\/100|[from] item: Leftovers\n|upkeep\n|\n|t:|1700831649\n|switch|p2a: Scizor|Scizor, F|100\/100\n|-damage|p2a: Scizor|88\/100|[from] Stealth Rock\n|turn|21\n|\n|t:|1700831659\n|move|p1a: Tapu Fini|Surf|p2a: Scizor\n|-damage|p2a: Scizor|53\/100\n|move|p2a: Scizor|Swords Dance|p2a: Scizor\n|-boost|p2a: Scizor|atk|2\n|\n|-heal|p1a: Tapu Fini|21\/100|[from] item: Leftovers\n|upkeep\n|turn|22\n|\n|t:|1700831678\n|switch|p1a: Buzzwole|Buzzwole|100\/100\n|detailschange|p2a: Scizor|Scizor-Mega, F\n|-mega|p2a: Scizor|Scizor|Scizorite\n|move|p2a: Scizor|Bullet Punch|p1a: Buzzwole\n|-damage|p1a: Buzzwole|61\/100\n|-damage|p2a: Scizor|37\/100|[from] item: Rocky Helmet|[of] p1a: Buzzwole\n|\n|upkeep\n|turn|23\n|\n|t:|1700831687\n|move|p1a: Buzzwole|Drain Punch|p2a: Scizor\n|-damage|p2a: Scizor|8\/100\n|-heal|p1a: Buzzwole|73\/100|[from] drain|[of] p2a: Scizor\n|move|p2a: Scizor|Dual Wingbeat|p1a: Buzzwole\n|-supereffective|p1a: Buzzwole\n|-damage|p1a: Buzzwole|0 fnt\n|-damage|p2a: Scizor|0 fnt|[from] item: Rocky Helmet|[of] p1a: Buzzwole\n|faint|p1a: Buzzwole\n|faint|p2a: Scizor\n|-hitcount|p1: Buzzwole|1\n|\n|-fieldend|Misty Terrain\n|upkeep\n|\n|t:|1700831713\n|switch|p1a: Tapu Fini|Tapu Fini|21\/100\n|switch|p2a: Urshifu|Urshifu-Rapid-Strike, F|41\/100\n|-damage|p2a: Urshifu|35\/100|[from] Stealth Rock\n|-fieldstart|move: Misty Terrain|[from] ability: Misty Surge|[of] p1a: Tapu Fini\n|turn|24\n|\n|t:|1700831720\n|move|p2a: Urshifu|Surging Strikes|p1a: Tapu Fini\n|-resisted|p1a: Tapu Fini\n|-crit|p1a: Tapu Fini\n|-damage|p1a: Tapu Fini|10\/100\n|-resisted|p1a: Tapu Fini\n|-crit|p1a: Tapu Fini\n|-damage|p1a: Tapu Fini|0 fnt\n|faint|p1a: Tapu Fini\n|-hitcount|p1: Tapu Fini|2\n|-damage|p2a: Urshifu|25\/100|[from] item: Life Orb\n|\n|upkeep\n|\n|t:|1700831731\n|switch|p1a: Glimmora|Glimmora, F|33\/100\n|turn|25\n|\n|t:|1700831737\n|move|p1a: Glimmora|Spiky Shield|p1a: Glimmora\n|-singleturn|p1a: Glimmora|move: Protect\n|move|p2a: Urshifu|Surging Strikes|p1a: Glimmora\n|-supereffective|p1a: Glimmora\n|-crit|p1a: Glimmora\n|-damage|p1a: Glimmora|0 fnt\n|faint|p1a: Glimmora\n|-hitcount|p1: Glimmora|1\n|-damage|p2a: Urshifu|15\/100|[from] item: Life Orb\n|\n|upkeep\n|\n|t:|1700831749\n|switch|p1a: Sneasler|Sneasler, F|100\/100\n|turn|26\n|\n|t:|1700831755\n|move|p1a: Sneasler|Endure|p1a: Sneasler\n|-singleturn|p1a: Sneasler|move: Endure\n|move|p2a: Urshifu|Aqua Jet|p1a: Sneasler\n|-damage|p1a: Sneasler|55\/100\n|-damage|p2a: Urshifu|5\/100|[from] item: Life Orb\n|\n|upkeep\n|turn|27\n|\n|t:|1700831767\n|switch|p1a: Cresselia|Cresselia, F|100\/100\n|move|p2a: Urshifu|Aqua Jet|p1a: Cresselia\n|-damage|p1a: Cresselia|85\/100\n|-damage|p2a: Urshifu|0 fnt|[from] item: Life Orb\n|faint|p2a: Urshifu\n|\n|-heal|p1a: Cresselia|92\/100|[from] item: Leftovers\n|upkeep\n|\n|t:|1700831773\n|switch|p2a: Great Tusk|Great Tusk|8\/100 psn\n|turn|28\n|\n|t:|1700831779\n|move|p2a: Great Tusk|Rapid Spin|p1a: Cresselia\n|-damage|p1a: Cresselia|82\/100\n|-boost|p2a: Great Tusk|spe|1\n|-sideend|p2: genosaurer|Stealth Rock|[from] move: Rapid Spin|[of] p2a: Great Tusk\n|move|p1a: Cresselia|Moonblast|p2a: Great Tusk\n|-supereffective|p2a: Great Tusk\n|-damage|p2a: Great Tusk|0 fnt\n|faint|p2a: Great Tusk\n|-end|p2a: Great Tusk|Protosynthesis|[silent]\n|\n|-heal|p1a: Cresselia|88\/100|[from] item: Leftovers\n|-fieldend|Misty Terrain\n|upkeep\n|\n|t:|1700831794\n|switch|p2a: Ninetales|Ninetales-Alola, M|100\/100\n|-weather|Snow|[from] ability: Snow Warning|[of] p2a: Ninetales\n|turn|29\n|\n|t:|1700831800\n|move|p2a: Ninetales|Aurora Veil|p2a: Ninetales\n|-sidestart|p2: genosaurer|move: Aurora Veil\n|move|p1a: Cresselia|Calm Mind|p1a: Cresselia\n|-boost|p1a: Cresselia|spa|1\n|-boost|p1a: Cresselia|spd|1\n|\n|-weather|Snow|[upkeep]\n|-heal|p1a: Cresselia|94\/100|[from] item: Leftovers\n|upkeep\n|turn|30\n|\n|t:|1700831808\n|move|p2a: Ninetales|Encore|p1a: Cresselia\n|-start|p1a: Cresselia|Encore\n|move|p1a: Cresselia|Calm Mind|p1a: Cresselia\n|-boost|p1a: Cresselia|spa|1\n|-boost|p1a: Cresselia|spd|1\n|\n|-weather|Snow|[upkeep]\n|-heal|p1a: Cresselia|100\/100|[from] item: Leftovers\n|upkeep\n|turn|31\n|\n|t:|1700831817\n|switch|p2a: Kommo-o|Kommo-o, M|100\/100\n|move|p1a: Cresselia|Calm Mind|p1a: Cresselia\n|-boost|p1a: Cresselia|spa|1\n|-boost|p1a: Cresselia|spd|1\n|\n|-weather|Snow|[upkeep]\n|upkeep\n|turn|32\n|\n|t:|1700831825\n|switch|p1a: Enamorus|Enamorus, F|100\/100\n|-terastallize|p2a: Kommo-o|Poison\n|move|p2a: Kommo-o|Swords Dance|p2a: Kommo-o\n|-boost|p2a: Kommo-o|atk|2\n|\n|-weather|Snow|[upkeep]\n|upkeep\n|turn|33\n|\n|t:|1700831837\n|move|p1a: Enamorus|Superpower|p2a: Kommo-o\n|-resisted|p2a: Kommo-o\n|-damage|p2a: Kommo-o|93\/100\n|-boost|p1a: Enamorus|atk|1\n|-boost|p1a: Enamorus|def|1\n|move|p2a: Kommo-o|Iron Head|p1a: Enamorus\n|-supereffective|p1a: Enamorus\n|-damage|p1a: Enamorus|14\/100\n|\n|-weather|none\n|-heal|p1a: Enamorus|20\/100|[from] item: Leftovers\n|upkeep\n|turn|34\n|\n|t:|1700831850\n|move|p1a: Enamorus|Zen Headbutt|p2a: Kommo-o\n|-supereffective|p2a: Kommo-o\n|-damage|p2a: Kommo-o|58\/100\n|move|p2a: Kommo-o|Iron Head|p1a: Enamorus\n|-supereffective|p1a: Enamorus\n|-damage|p1a: Enamorus|0 fnt\n|faint|p1a: Enamorus\n|\n|upkeep\n|\n|t:|1700831864\n|switch|p1a: Sneasler|Sneasler, F|55\/100\n|turn|35\n|\n|t:|1700831870\n|move|p1a: Sneasler|Endure|p1a: Sneasler\n|-singleturn|p1a: Sneasler|move: Endure\n|move|p2a: Kommo-o|Scale Shot|p1a: Sneasler\n|-damage|p1a: Sneasler|18\/100\n|-enditem|p1a: Sneasler|Liechi Berry|[eat]\n|-boost|p1a: Sneasler|atk|1|[from] item: Liechi Berry\n|-activate|p1a: Sneasler|move: Endure\n|-damage|p1a: Sneasler|1\/100\n|-activate|p1a: Sneasler|move: Endure\n|-damage|p1a: Sneasler|1\/100\n|-activate|p1a: Sneasler|move: Endure\n|-damage|p1a: Sneasler|1\/100\n|-activate|p1a: Sneasler|move: Endure\n|-damage|p1a: Sneasler|1\/100\n|-hitcount|p1a: Sneasler|5\n|-unboost|p2a: Kommo-o|def|1\n|-boost|p2a: Kommo-o|spe|1\n|\n|upkeep\n|turn|36\n|\n|t:|1700831888\n|move|p1a: Sneasler|Reversal|p2a: Kommo-o\n|-resisted|p2a: Kommo-o\n|-damage|p2a: Kommo-o|0 fnt\n|faint|p2a: Kommo-o\n|\n|-sideend|p2: genosaurer|move: Aurora Veil\n|upkeep\n|\n|t:|1700831891\n|switch|p2a: Ninetales|Ninetales-Alola, M|100\/100\n|-weather|Snow|[from] ability: Snow Warning|[of] p2a: Ninetales\n|turn|37\n|\n|t:|1700831903\n|move|p1a: Sneasler|Reversal|p2a: Ninetales\n|-damage|p2a: Ninetales|0 fnt\n|faint|p2a: Ninetales\n|\n|win|Asmitha31\n","uploadtime":1700831909,"views":11,"p1id":"asmitha31","p2id":"genosaurer","formatid":"gen9nationaldex","rating":0,"private":0,"password":""}