{"id":"gen9nationaldex-1998390505","p1":"Clayanto","p2":"BlizzardWolf619","format":"[Gen 9] National Dex","log":"|html|<div class=\"broadcast-blue\"><strong>[Gen 9] National Dex is currently suspecting Sneasler! For information on how to participate check out the <a href=\"https:\/\/www.smogon.com\/forums\/threads\/sv-national-dex-suspect-8-just-dance.3731534\/\">suspect thread<\/a>.<\/strong><\/div>\n|j|\u2606Clayanto\n|j|\u2606BlizzardWolf619\n|t:|1700936970\n|gametype|singles\n|player|p1|Clayanto|ariana|1298\n|player|p2|BlizzardWolf619|skier|1230\n|teamsize|p1|6\n|teamsize|p2|6\n|gen|9\n|tier|[Gen 9] National Dex\n|rated|\n|rule|HP Percentage Mod: HP is shown in percentages\n|rule|Endless Battle Clause: Forcing endless battles is banned\n|rule|OHKO Clause: OHKO moves are banned\n|rule|Evasion Clause: Evasion abilities, items, and moves are banned\n|rule|Evasion Abilities Clause: Evasion abilities are banned\n|rule|Evasion Items Clause: Evasion items are banned\n|rule|Evasion Moves Clause: Evasion moves are banned\n|rule|Species Clause: Limit one of each Pok\u00e9mon\n|rule|Sleep Clause Mod: Limit one foe put to sleep\n|clearpoke\n|poke|p1|Ninetales-Alola, F|\n|poke|p1|Tyranitar, F|\n|poke|p1|Pelipper, M|\n|poke|p1|Torkoal, M|\n|poke|p1|Hatterene, F|\n|poke|p1|Sinistcha|\n|poke|p2|Charizard, M|\n|poke|p2|Torkoal, M|\n|poke|p2|Kartana|\n|poke|p2|Venusaur, M|\n|poke|p2|Rillaboom, M|\n|poke|p2|Great Tusk|\n|teampreview\n|inactive|Battle timer is ON: inactive players will automatically lose when time's up. (requested by Clayanto)\n|\n|t:|1700936982\n|start\n|switch|p1a: Ninetales|Ninetales-Alola, F|100\/100\n|switch|p2a: The Drummer|Rillaboom, M|100\/100\n|-weather|Snow|[from] ability: Snow Warning|[of] p1a: Ninetales\n|-fieldstart|move: Grassy Terrain|[from] ability: Grassy Surge|[of] p2a: The Drummer\n|turn|1\n|\n|t:|1700936993\n|move|p2a: The Drummer|Grassy Glide|p1a: Ninetales\n|-damage|p1a: Ninetales|58\/100\n|move|p1a: Ninetales|Aurora Veil|p1a: Ninetales\n|-sidestart|p1: Clayanto|move: Aurora Veil\n|\n|-weather|Snow|[upkeep]\n|-heal|p1a: Ninetales|64\/100|[from] Grassy Terrain\n|upkeep\n|turn|2\n|\n|t:|1700937002\n|move|p2a: The Drummer|Grassy Glide|p1a: Ninetales\n|-damage|p1a: Ninetales|40\/100\n|move|p1a: Ninetales|Freeze-Dry|p2a: The Drummer\n|-supereffective|p2a: The Drummer\n|-damage|p2a: The Drummer|42\/100\n|\n|-weather|Snow|[upkeep]\n|-heal|p1a: Ninetales|46\/100|[from] Grassy Terrain\n|-heal|p2a: The Drummer|49\/100|[from] Grassy Terrain\n|upkeep\n|turn|3\n|\n|t:|1700937010\n|move|p2a: The Drummer|Grassy Glide|p1a: Ninetales\n|-damage|p1a: Ninetales|25\/100\n|move|p1a: Ninetales|Freeze-Dry|p2a: The Drummer\n|-supereffective|p2a: The Drummer\n|-damage|p2a: The Drummer|0 fnt\n|faint|p2a: The Drummer\n|\n|-weather|Snow|[upkeep]\n|-heal|p1a: Ninetales|31\/100|[from] Grassy Terrain\n|upkeep\n|\n|t:|1700937021\n|switch|p2a: I like turtles|Torkoal, M, shiny|100\/100\n|-weather|SunnyDay|[from] ability: Drought|[of] p2a: I like turtles\n|turn|4\n|\n|t:|1700937027\n|switch|p1a: Pelipper|Pelipper, M|100\/100\n|-weather|RainDance|[from] ability: Drizzle|[of] p1a: Pelipper\n|move|p2a: I like turtles|Stealth Rock|p1a: Pelipper\n|-sidestart|p1: Clayanto|move: Stealth Rock\n|\n|-weather|RainDance|[upkeep]\n|upkeep\n|turn|5\n|\n|t:|1700937040\n|switch|p2a: Salamandra|Charizard, M, shiny|100\/100\n|move|p1a: Pelipper|Weather Ball|p2a: Salamandra\n|-supereffective|p2a: Salamandra\n|-damage|p2a: Salamandra|0 fnt\n|faint|p2a: Salamandra\n|\n|-weather|RainDance|[upkeep]\n|-fieldend|move: Grassy Terrain\n|upkeep\n|\n|t:|1700937045\n|switch|p2a: I like turtles|Torkoal, M, shiny|100\/100\n|-weather|SunnyDay|[from] ability: Drought|[of] p2a: I like turtles\n|turn|6\n|\n|t:|1700937051\n|switch|p1a: Tyranitar|Tyranitar, F|100\/100\n|-damage|p1a: Tyranitar|88\/100|[from] Stealth Rock\n|-weather|Sandstorm|[from] ability: Sand Stream|[of] p1a: Tyranitar\n|switch|p2a: Paper cut|Kartana, shiny|100\/100\n|\n|-weather|Sandstorm|[upkeep]\n|upkeep\n|turn|7\n|\n|t:|1700937064\n|switch|p1a: Sinistcha|Sinistcha|100\/100\n|-damage|p1a: Sinistcha|88\/100|[from] Stealth Rock\n|move|p2a: Paper cut|Leaf Blade|p1a: Sinistcha\n|-resisted|p1a: Sinistcha\n|-damage|p1a: Sinistcha|73\/100\n|-damage|p2a: Paper cut|91\/100|[from] item: Life Orb\n|\n|-weather|Sandstorm|[upkeep]\n|-damage|p1a: Sinistcha|67\/100|[from] Sandstorm\n|-heal|p1a: Sinistcha|73\/100|[from] item: Leftovers\n|upkeep\n|turn|8\n|\n|t:|1700937073\n|move|p2a: Paper cut|Knock Off|p1a: Sinistcha\n|-supereffective|p1a: Sinistcha\n|-damage|p1a: Sinistcha|29\/100\n|-enditem|p1a: Sinistcha|Leftovers|[from] move: Knock Off|[of] p2a: Paper cut\n|-damage|p2a: Paper cut|81\/100|[from] item: Life Orb\n|move|p1a: Sinistcha|Strength Sap|p2a: Paper cut\n|-unboost|p2a: Paper cut|atk|1\n|-heal|p1a: Sinistcha|100\/100\n|\n|-weather|Sandstorm|[upkeep]\n|-damage|p1a: Sinistcha|94\/100|[from] Sandstorm\n|-sideend|p1: Clayanto|move: Aurora Veil\n|upkeep\n|turn|9\n|\n|t:|1700937084\n|switch|p2a: I like turtles|Torkoal, M, shiny|100\/100\n|-weather|SunnyDay|[from] ability: Drought|[of] p2a: I like turtles\n|move|p1a: Sinistcha|Shadow Ball|p2a: I like turtles\n|-damage|p2a: I like turtles|58\/100\n|\n|-weather|SunnyDay|[upkeep]\n|upkeep\n|turn|10\n|\n|t:|1700937091\n|switch|p1a: Pelipper|Pelipper, M|100\/100\n|-damage|p1a: Pelipper|76\/100|[from] Stealth Rock\n|-weather|RainDance|[from] ability: Drizzle|[of] p1a: Pelipper\n|switch|p2a: Wooly Mammoth??|Great Tusk|100\/100\n|\n|-weather|RainDance|[upkeep]\n|upkeep\n|turn|11\n|\n|t:|1700937107\n|-end|p2a: Wooly Mammoth??|Protosynthesis|[silent]\n|switch|p2a: Rafflesia|Venusaur, M|100\/100\n|move|p1a: Pelipper|Weather Ball|p2a: Rafflesia\n|-resisted|p2a: Rafflesia\n|-damage|p2a: Rafflesia|40\/100\n|\n|-weather|RainDance|[upkeep]\n|-heal|p2a: Rafflesia|46\/100|[from] item: Leftovers\n|upkeep\n|turn|12\n|\n|t:|1700937115\n|move|p2a: Rafflesia|Synthesis|p2a: Rafflesia\n|-heal|p2a: Rafflesia|71\/100\n|move|p1a: Pelipper|Weather Ball|p2a: Rafflesia\n|-resisted|p2a: Rafflesia\n|-damage|p2a: Rafflesia|8\/100\n|\n|-weather|RainDance|[upkeep]\n|-heal|p2a: Rafflesia|14\/100|[from] item: Leftovers\n|upkeep\n|turn|13\n|\n|t:|1700937121\n|move|p2a: Rafflesia|Giga Drain|p1a: Pelipper\n|-damage|p1a: Pelipper|10\/100\n|-heal|p2a: Rafflesia|43\/100|[from] drain|[of] p1a: Pelipper\n|move|p1a: Pelipper|Weather Ball|p2a: Rafflesia\n|-resisted|p2a: Rafflesia\n|-damage|p2a: Rafflesia|0 fnt\n|faint|p2a: Rafflesia\n|\n|-weather|RainDance|[upkeep]\n|upkeep\n|\n|t:|1700937124\n|switch|p2a: I like turtles|Torkoal, M, shiny|58\/100\n|-weather|SunnyDay|[from] ability: Drought|[of] p2a: I like turtles\n|turn|14\n|\n|t:|1700937126\n|switch|p2a: Wooly Mammoth??|Great Tusk|100\/100\n|-activate|p2a: Wooly Mammoth??|ability: Protosynthesis\n|-start|p2a: Wooly Mammoth??|protosynthesisdef\n|move|p1a: Pelipper|Weather Ball|p2a: Wooly Mammoth??\n|-damage|p2a: Wooly Mammoth??|6\/100\n|\n|-weather|SunnyDay|[upkeep]\n|-heal|p2a: Wooly Mammoth??|12\/100|[from] item: Leftovers\n|upkeep\n|turn|15\n|\n|t:|1700937133\n|move|p2a: Wooly Mammoth??|Rapid Spin|p1a: Pelipper\n|-damage|p1a: Pelipper|0 fnt\n|-boost|p2a: Wooly Mammoth??|spe|1\n|faint|p1a: Pelipper\n|\n|-weather|SunnyDay|[upkeep]\n|-heal|p2a: Wooly Mammoth??|18\/100|[from] item: Leftovers\n|upkeep\n|\n|t:|1700937137\n|switch|p1a: Hatterene|Hatterene, F|100\/100\n|-damage|p1a: Hatterene|88\/100|[from] Stealth Rock\n|turn|16\n|\n|t:|1700937146\n|move|p2a: Wooly Mammoth??|Earthquake|p1a: Hatterene\n|-damage|p1a: Hatterene|49\/100\n|move|p1a: Hatterene|Trick Room|p1a: Hatterene\n|-fieldstart|move: Trick Room|[of] p1a: Hatterene\n|\n|-weather|SunnyDay|[upkeep]\n|-heal|p2a: Wooly Mammoth??|25\/100|[from] item: Leftovers\n|upkeep\n|turn|17\n|\n|t:|1700937151\n|move|p1a: Hatterene|Misty Explosion|p2a: Wooly Mammoth??\n|-supereffective|p2a: Wooly Mammoth??\n|-damage|p2a: Wooly Mammoth??|0 fnt\n|faint|p1a: Hatterene\n|faint|p2a: Wooly Mammoth??\n|-end|p2a: Wooly Mammoth??|Protosynthesis|[silent]\n|\n|-weather|SunnyDay|[upkeep]\n|upkeep\n|\n|t:|1700937156\n|switch|p1a: Torkoal|Torkoal, M|100\/100\n|switch|p2a: I like turtles|Torkoal, M, shiny|58\/100\n|-damage|p1a: Torkoal|76\/100|[from] Stealth Rock\n|turn|18\n|\n|t:|1700937164\n|move|p1a: Torkoal|Earth Power|p2a: I like turtles\n|-supereffective|p2a: I like turtles\n|-damage|p2a: I like turtles|0 fnt\n|faint|p2a: I like turtles\n|\n|-weather|SunnyDay|[upkeep]\n|upkeep\n|\n|t:|1700937167\n|switch|p2a: Paper cut|Kartana, shiny|81\/100\n|turn|19\n|\n|t:|1700937174\n|switch|p1a: Ninetales|Ninetales-Alola, F|31\/100\n|-damage|p1a: Ninetales|6\/100|[from] Stealth Rock\n|-weather|Snow|[from] ability: Snow Warning|[of] p1a: Ninetales\n|-terastallize|p2a: Paper cut|Fighting\n|move|p2a: Paper cut|Knock Off|p1a: Ninetales\n|-resisted|p1a: Ninetales\n|-damage|p1a: Ninetales|0 fnt\n|-enditem|p1a: Ninetales|Light Clay|[from] move: Knock Off|[of] p2a: Paper cut\n|faint|p1a: Ninetales\n|-ability|p2a: Paper cut|Beast Boost|boost\n|-boost|p2a: Paper cut|atk|1\n|-damage|p2a: Paper cut|72\/100|[from] item: Life Orb\n|\n|-weather|Snow|[upkeep]\n|upkeep\n|\n|t:|1700937178\n|switch|p1a: Torkoal|Torkoal, M|76\/100\n|-damage|p1a: Torkoal|51\/100|[from] Stealth Rock\n|-weather|SunnyDay|[from] ability: Drought|[of] p1a: Torkoal\n|turn|20\n|\n|t:|1700937181\n|-terastallize|p1a: Torkoal|Fire\n|move|p1a: Torkoal|Weather Ball|p2a: Paper cut\n|-damage|p2a: Paper cut|0 fnt\n|faint|p2a: Paper cut\n|\n|win|Clayanto\n|raw|Clayanto's rating: 1298 &rarr; <strong>1318<\/strong><br \/>(+20 for winning)\n|raw|BlizzardWolf619's rating: 1230 &rarr; <strong>1210<\/strong><br \/>(-20 for losing)\n|l|\u2606BlizzardWolf619\n","uploadtime":1700937404,"views":18,"p1id":"clayanto","p2id":"blizzardwolf619","formatid":"gen9nationaldex","rating":1210,"private":0,"password":""}