{"id":"gen9nationaldex-1996214177","p1":"ParaBeast2023","p2":"yjzs","format":"[Gen 9] National Dex","log":"|html|<div class=\"broadcast-blue\"><strong>[Gen 9] National Dex is currently suspecting Sneasler! For information on how to participate check out the <a href=\"https:\/\/www.smogon.com\/forums\/threads\/sv-national-dex-suspect-8-just-dance.3731534\/\">suspect thread<\/a>.<\/strong><\/div>\n|j|\u2606ParaBeast2023\n|j|\u2606yjzs\n|t:|1700659994\n|gametype|singles\n|player|p1|ParaBeast2023|266|1122\n|player|p2|yjzs|li|1046\n|teamsize|p1|6\n|teamsize|p2|6\n|gen|9\n|tier|[Gen 9] National Dex\n|rated|\n|rule|HP Percentage Mod: HP is shown in percentages\n|rule|Endless Battle Clause: Forcing endless battles is banned\n|rule|OHKO Clause: OHKO moves are banned\n|rule|Evasion Clause: Evasion abilities, items, and moves are banned\n|rule|Evasion Abilities Clause: Evasion abilities are banned\n|rule|Evasion Items Clause: Evasion items are banned\n|rule|Evasion Moves Clause: Evasion moves are banned\n|rule|Species Clause: Limit one of each Pok\u00e9mon\n|rule|Sleep Clause Mod: Limit one foe put to sleep\n|clearpoke\n|poke|p1|Slowking-Galar, M|\n|poke|p1|Mienshao, F|\n|poke|p1|Weavile, M|\n|poke|p1|Banette, M|\n|poke|p1|Florges, F|\n|poke|p1|Heracross, M|\n|poke|p2|Cofagrigus, M|\n|poke|p2|Rabsca, F|\n|poke|p2|Aggron, F|\n|poke|p2|Victini|\n|poke|p2|Zamazenta-*|\n|poke|p2|Banette, F|\n|teampreview\n|inactive|Battle timer is ON: inactive players will automatically lose when time's up. (requested by yjzs)\n|inactive|ParaBeast2023 has 120 seconds left.\n|\n|t:|1700660028\n|start\n|switch|p1a: Florges|Florges, F|100\/100\n|switch|p2a: Aggron|Aggron, F|100\/100\n|turn|1\n|\n|t:|1700660040\n|switch|p1a: Mienshao|Mienshao, F|100\/100\n|move|p2a: Aggron|Stealth Rock|p1a: Mienshao\n|-sidestart|p1: ParaBeast2023|move: Stealth Rock\n|\n|upkeep\n|turn|2\n|\n|t:|1700660044\n|move|p1a: Mienshao|High Jump Kick|p2a: Aggron\n|-supereffective|p2a: Aggron\n|-ability|p2a: Aggron|Sturdy\n|-damage|p2a: Aggron|1\/100\n|move|p2a: Aggron|Metal Burst|p1a: Mienshao\n|-damage|p1a: Mienshao|0 fnt\n|faint|p1a: Mienshao\n|\n|upkeep\n|\n|t:|1700660053\n|switch|p1a: Banette|Banette, M|100\/100\n|-damage|p1a: Banette|88\/100|[from] Stealth Rock\n|-item|p2a: Aggron|Custap Berry|[from] ability: Frisk|[of] p1a: Banette|[identify]\n|turn|3\n|-enditem|p2a: Aggron|Custap Berry|[eat]\n|-activate|p2a: Aggron|item: Custap Berry|[consumed]\n|\n|t:|1700660057\n|detailschange|p1a: Banette|Banette-Mega, M\n|-mega|p1a: Banette|Banette|Banettite\n|move|p1a: Banette|Shadow Sneak|p2a: Aggron\n|-damage|p2a: Aggron|0 fnt\n|faint|p2a: Aggron\n|\n|upkeep\n|\n|t:|1700660071\n|switch|p2a: Cofagrigus|Cofagrigus, M|100\/100\n|turn|4\n|\n|t:|1700660075\n|move|p1a: Banette|Shadow Claw|p2a: Cofagrigus\n|-supereffective|p2a: Cofagrigus\n|-damage|p2a: Cofagrigus|34\/100\n|-activate|p2a: Cofagrigus|ability: Mummy|Prankster|[of] p1a: Banette\n|move|p2a: Cofagrigus|Will-O-Wisp|p1a: Banette\n|-status|p1a: Banette|brn\n|\n|-damage|p1a: Banette|82\/100 brn|[from] brn\n|upkeep\n|turn|5\n|\n|t:|1700660086\n|switch|p2a: Zamazenta|Zamazenta|100\/100\n|-ability|p2a: Zamazenta|Dauntless Shield|boost\n|-boost|p2a: Zamazenta|def|1\n|move|p1a: Banette|Shadow Claw|p2a: Zamazenta\n|-damage|p2a: Zamazenta|88\/100\n|\n|-heal|p2a: Zamazenta|95\/100|[from] item: Leftovers\n|-damage|p1a: Banette|76\/100 brn|[from] brn\n|upkeep\n|turn|6\n|\n|t:|1700660092\n|move|p2a: Zamazenta|Substitute|p2a: Zamazenta\n|-start|p2a: Zamazenta|Substitute\n|-damage|p2a: Zamazenta|70\/100\n|move|p1a: Banette|Knock Off|p2a: Zamazenta\n|-resisted|p2a: Zamazenta\n|-activate|p2a: Zamazenta|move: Substitute|[damage]\n|\n|-heal|p2a: Zamazenta|76\/100|[from] item: Leftovers\n|-damage|p1a: Banette|70\/100 brn|[from] brn\n|upkeep\n|turn|7\n|\n|t:|1700660099\n|move|p2a: Zamazenta|Iron Defense|p2a: Zamazenta\n|-boost|p2a: Zamazenta|def|2\n|move|p1a: Banette|Shadow Claw|p2a: Zamazenta\n|-activate|p2a: Zamazenta|move: Substitute|[damage]\n|\n|-heal|p2a: Zamazenta|82\/100|[from] item: Leftovers\n|-damage|p1a: Banette|65\/100 brn|[from] brn\n|upkeep\n|turn|8\n|\n|t:|1700660106\n|move|p2a: Zamazenta|Crunch|p1a: Banette\n|-supereffective|p1a: Banette\n|-damage|p1a: Banette|0 fnt\n|-activate|p1a: Banette|ability: Mummy|Dauntless Shield|[of] p2a: Zamazenta\n|faint|p1a: Banette\n|\n|-heal|p2a: Zamazenta|88\/100|[from] item: Leftovers\n|upkeep\n|\n|t:|1700660119\n|switch|p1a: Florges|Florges, F|100\/100\n|-damage|p1a: Florges|88\/100|[from] Stealth Rock\n|turn|9\n|\n|t:|1700660136\n|move|p2a: Zamazenta|Body Press|p1a: Florges\n|-resisted|p1a: Florges\n|-damage|p1a: Florges|54\/100\n|move|p1a: Florges|Calm Mind|p1a: Florges\n|-boost|p1a: Florges|spa|1\n|-boost|p1a: Florges|spd|1\n|\n|-heal|p2a: Zamazenta|95\/100|[from] item: Leftovers\n|-heal|p1a: Florges|60\/100|[from] item: Leftovers\n|upkeep\n|turn|10\n|\n|t:|1700660146\n|move|p2a: Zamazenta|Iron Defense|p2a: Zamazenta\n|-boost|p2a: Zamazenta|def|2\n|move|p1a: Florges|Calm Mind|p1a: Florges\n|-boost|p1a: Florges|spa|1\n|-boost|p1a: Florges|spd|1\n|\n|-heal|p2a: Zamazenta|100\/100|[from] item: Leftovers\n|-heal|p1a: Florges|66\/100|[from] item: Leftovers\n|upkeep\n|turn|11\n|\n|t:|1700660154\n|move|p2a: Zamazenta|Body Press|p1a: Florges\n|-resisted|p1a: Florges\n|-damage|p1a: Florges|14\/100\n|move|p1a: Florges|Moonblast|p2a: Zamazenta\n|-supereffective|p2a: Zamazenta\n|-end|p2a: Zamazenta|Substitute\n|\n|-heal|p1a: Florges|20\/100|[from] item: Leftovers\n|upkeep\n|turn|12\n|\n|t:|1700660160\n|move|p2a: Zamazenta|Body Press|p1a: Florges\n|-resisted|p1a: Florges\n|-damage|p1a: Florges|0 fnt\n|faint|p1a: Florges\n|\n|upkeep\n|\n|t:|1700660169\n|switch|p1a: Slowking|Slowking-Galar, M|100\/100\n|-damage|p1a: Slowking|88\/100|[from] Stealth Rock\n|turn|13\n|\n|t:|1700660176\n|switch|p2a: Banette|Banette, F|100\/100\n|-item|p1a: Slowking|Black Sludge|[from] ability: Frisk|[of] p2a: Banette|[identify]\n|move|p1a: Slowking|Trick Room|p1a: Slowking\n|-fieldstart|move: Trick Room|[of] p1a: Slowking\n|\n|-heal|p1a: Slowking|94\/100|[from] item: Black Sludge\n|upkeep\n|turn|14\n|\n|t:|1700660184\n|detailschange|p2a: Banette|Banette-Mega, F\n|-mega|p2a: Banette|Banette|Banettite\n|move|p2a: Banette|Taunt|p1a: Slowking\n|-start|p1a: Slowking|move: Taunt\n|move|p1a: Slowking|Sludge Bomb|p2a: Banette\n|-resisted|p2a: Banette\n|-damage|p2a: Banette|74\/100\n|-status|p2a: Banette|psn\n|\n|-heal|p1a: Slowking|99\/100|[from] item: Black Sludge\n|-damage|p2a: Banette|62\/100 psn|[from] psn\n|upkeep\n|turn|15\n|\n|t:|1700660195\n|move|p1a: Slowking|Sludge Bomb|p2a: Banette\n|-resisted|p2a: Banette\n|-damage|p2a: Banette|35\/100 psn\n|move|p2a: Banette|Poltergeist|p1a: Slowking\n|-activate|p1a: Slowking|move: Poltergeist|Black Sludge\n|-supereffective|p1a: Slowking\n|-damage|p1a: Slowking|0 fnt\n|faint|p1a: Slowking\n|\n|-damage|p2a: Banette|23\/100 psn|[from] psn\n|upkeep\n|\n|t:|1700660206\n|switch|p1a: Heracross|Heracross, M|100\/100\n|-damage|p1a: Heracross|88\/100|[from] Stealth Rock\n|turn|16\n|\n|t:|1700660212\n|move|p2a: Banette|Destiny Bond|p2a: Banette\n|-singlemove|p2a: Banette|Destiny Bond\n|move|p1a: Heracross|Earthquake|p2a: Banette\n|-damage|p2a: Banette|0 fnt\n|faint|p2a: Banette\n|-activate|p2a: Banette|move: Destiny Bond\n|faint|p1a: Heracross\n|\n|upkeep\n|\n|t:|1700660222\n|switch|p2a: Rabsca|Rabsca, F|100\/100\n|switch|p1a: Weavile|Weavile, M|100\/100\n|-damage|p1a: Weavile|76\/100|[from] Stealth Rock\n|turn|17\n|\n|t:|1700660231\n|-terastallize|p1a: Weavile|Dark\n|move|p2a: Rabsca|Revival Blessing|p2a: Rabsca\n|\n|t:|1700660236\n|-heal|p2: Aggron|50\/100|[from] move: Revival Blessing\n|move|p1a: Weavile|Knock Off|p2a: Rabsca\n|-supereffective|p2a: Rabsca\n|-damage|p2a: Rabsca|0 fnt\n|-enditem|p2a: Rabsca|Leftovers|[from] move: Knock Off|[of] p1a: Weavile\n|faint|p2a: Rabsca\n|\n|-fieldend|move: Trick Room\n|upkeep\n|\n|t:|1700660247\n|switch|p2a: Victini|Victini|100\/100\n|turn|18\n|\n|t:|1700660250\n|move|p2a: Victini|Final Gambit|p1a: Weavile\n|-damage|p1a: Weavile|0 fnt\n|faint|p2a: Victini\n|faint|p1a: Weavile\n|\n|win|yjzs\n|raw|ParaBeast2023's rating: 1122 &rarr; <strong>1092<\/strong><br \/>(-30 for losing)\n|raw|yjzs's rating: 1046 &rarr; <strong>1086<\/strong><br \/>(+40 for winning)\n","uploadtime":1700660253,"views":0,"p1id":"parabeast2023","p2id":"yjzs","formatid":"gen9nationaldex","rating":1086,"private":0,"password":""}