{"id":"gen9nationaldex-1998032947","p1":"Daytiger9269","p2":"treeshhhh","format":"[Gen 9] National Dex","log":"|html|<div class=\"broadcast-blue\"><strong>[Gen 9] National Dex is currently suspecting Sneasler! For information on how to participate check out the <a href=\"https:\/\/www.smogon.com\/forums\/threads\/sv-national-dex-suspect-8-just-dance.3731534\/\">suspect thread<\/a>.<\/strong><\/div>\n|j|\u2606Daytiger9269\n|j|\u2606treeshhhh\n|t:|1700881490\n|gametype|singles\n|player|p1|Daytiger9269|arezu|1228\n|player|p2|treeshhhh|lucas|1287\n|teamsize|p1|6\n|teamsize|p2|6\n|gen|9\n|tier|[Gen 9] National Dex\n|rated|\n|rule|HP Percentage Mod: HP is shown in percentages\n|rule|Endless Battle Clause: Forcing endless battles is banned\n|rule|OHKO Clause: OHKO moves are banned\n|rule|Evasion Clause: Evasion abilities, items, and moves are banned\n|rule|Evasion Abilities Clause: Evasion abilities are banned\n|rule|Evasion Items Clause: Evasion items are banned\n|rule|Evasion Moves Clause: Evasion moves are banned\n|rule|Species Clause: Limit one of each Pok\u00e9mon\n|rule|Sleep Clause Mod: Limit one foe put to sleep\n|clearpoke\n|poke|p1|Serperior, M|\n|poke|p1|Blaziken, M|\n|poke|p1|Steelix, F|\n|poke|p1|Skarmory, F|\n|poke|p1|Zoroark-Hisui, F|\n|poke|p1|Glimmora, F|\n|poke|p2|Steelix, F|\n|poke|p2|Tyranitar, M|\n|poke|p2|Rillaboom, F|\n|poke|p2|Sneasler, F|\n|poke|p2|Rotom-Wash|\n|poke|p2|Kartana|\n|teampreview\n|inactive|Battle timer is ON: inactive players will automatically lose when time's up. (requested by Daytiger9269)\n|\n|t:|1700881513\n|start\n|switch|p1a: Glimmora|Glimmora, F|100\/100\n|switch|p2a: Rotom|Rotom-Wash|100\/100\n|turn|1\n|\n|t:|1700881525\n|switch|p1a: Serperior|Serperior, M, shiny|100\/100\n|move|p2a: Rotom|Volt Switch|p1a: Serperior\n|-resisted|p1a: Serperior\n|-damage|p1a: Serperior|85\/100\n|\n|t:|1700881534\n|switch|p2a: Rillaboom|Rillaboom, F|100\/100|[from] Volt Switch\n|-fieldstart|move: Grassy Terrain|[from] ability: Grassy Surge|[of] p2a: Rillaboom\n|\n|-heal|p1a: Serperior|92\/100|[from] Grassy Terrain\n|upkeep\n|turn|2\n|\n|t:|1700881548\n|-terastallize|p1a: Serperior|Ice\n|move|p1a: Serperior|Hidden Power|p2a: Rillaboom\n|-supereffective|p2a: Rillaboom\n|-damage|p2a: Rillaboom|23\/100\n|-damage|p1a: Serperior|82\/100|[from] item: Life Orb\n|move|p2a: Rillaboom|U-turn|p1a: Serperior\n|-damage|p1a: Serperior|26\/100\n|\n|t:|1700881557\n|switch|p2a: Kartana|Kartana|100\/100|[from] U-turn\n|\n|-heal|p1a: Serperior|32\/100|[from] Grassy Terrain\n|upkeep\n|turn|3\n|\n|t:|1700881573\n|move|p2a: Kartana|Sacred Sword|p1a: Serperior\n|-supereffective|p1a: Serperior\n|-damage|p1a: Serperior|0 fnt\n|faint|p1a: Serperior\n|-ability|p2a: Kartana|Beast Boost|boost\n|-boost|p2a: Kartana|atk|1\n|\n|upkeep\n|\n|t:|1700881600\n|switch|p1a: Blaziken|Blaziken, M|100\/100\n|turn|4\n|\n|t:|1700881604\n|switch|p2a: Tyranitar|Tyranitar, M|100\/100\n|-weather|Sandstorm|[from] ability: Sand Stream|[of] p2a: Tyranitar\n|move|p1a: Blaziken|Nasty Plot|p1a: Blaziken\n|-boost|p1a: Blaziken|spa|2\n|\n|-weather|Sandstorm|[upkeep]\n|-damage|p1a: Blaziken|95\/100|[from] Sandstorm\n|-heal|p1a: Blaziken|100\/100|[from] Grassy Terrain\n|upkeep\n|turn|5\n|\n|t:|1700881615\n|switch|p1a: Glimmora|Glimmora, F|100\/100\n|move|p2a: Tyranitar|Knock Off|p1a: Glimmora\n|-damage|p1a: Glimmora|51\/100\n|-damage|p2a: Tyranitar|84\/100|[from] item: Rocky Helmet|[of] p1a: Glimmora\n|-activate|p1a: Glimmora|ability: Toxic Debris\n|-sidestart|p2: treeshhhh|move: Toxic Spikes\n|-enditem|p1a: Glimmora|Rocky Helmet|[from] move: Knock Off|[of] p2a: Tyranitar\n|\n|-weather|Sandstorm|[upkeep]\n|-heal|p1a: Glimmora|57\/100|[from] Grassy Terrain\n|-heal|p2a: Tyranitar|90\/100|[from] Grassy Terrain\n|-fieldend|move: Grassy Terrain\n|upkeep\n|turn|6\n|\n|t:|1700881626\n|move|p1a: Glimmora|Spikes|p2a: Tyranitar\n|-sidestart|p2: treeshhhh|Spikes\n|move|p2a: Tyranitar|Heavy Slam|p1a: Glimmora\n|-supereffective|p1a: Glimmora\n|-damage|p1a: Glimmora|0 fnt\n|-activate|p1a: Glimmora|ability: Toxic Debris\n|-sidestart|p2: treeshhhh|move: Toxic Spikes\n|faint|p1a: Glimmora\n|\n|-weather|Sandstorm|[upkeep]\n|upkeep\n|\n|t:|1700881629\n|switch|p1a: Steelix|Steelix, F, shiny|100\/100\n|turn|7\n|\n|t:|1700881634\n|detailschange|p1a: Steelix|Steelix-Mega, F, shiny\n|-mega|p1a: Steelix|Steelix|Steelixite\n|move|p1a: Steelix|Iron Defense|p1a: Steelix\n|-boost|p1a: Steelix|def|2\n|move|p2a: Tyranitar|Dragon Tail|p1a: Steelix\n|-resisted|p1a: Steelix\n|-damage|p1a: Steelix|98\/100\n|drag|p1a: Skarmory|Skarmory, F|100\/100\n|\n|-weather|Sandstorm|[upkeep]\n|upkeep\n|turn|8\n|\n|t:|1700881641\n|move|p1a: Skarmory|Spikes|p2a: Tyranitar\n|-sidestart|p2: treeshhhh|Spikes\n|move|p2a: Tyranitar|Knock Off|p1a: Skarmory\n|-damage|p1a: Skarmory|58\/100\n|-damage|p2a: Tyranitar|74\/100|[from] item: Rocky Helmet|[of] p1a: Skarmory\n|-enditem|p1a: Skarmory|Rocky Helmet|[from] move: Knock Off|[of] p2a: Tyranitar\n|\n|-weather|none\n|upkeep\n|turn|9\n|\n|t:|1700881648\n|switch|p2a: Rotom|Rotom-Wash|100\/100\n|move|p1a: Skarmory|Spikes|p2a: Rotom\n|-sidestart|p2: treeshhhh|Spikes\n|\n|upkeep\n|turn|10\n|\n|t:|1700881653\n|switch|p1a: Steelix|Steelix-Mega, F, shiny|98\/100\n|move|p2a: Rotom|Defog|p1a: Steelix\n|-unboost|p1a: Steelix|evasion|1\n|-sideend|p2: treeshhhh|Spikes|[from] move: Defog|[of] p2a: Rotom\n|-sideend|p2: treeshhhh|Toxic Spikes|[from] move: Defog|[of] p2a: Rotom\n|\n|upkeep\n|turn|11\n|\n|t:|1700881659\n|-zpower|p2a: Rotom\n|move|p2a: Rotom|Hydro Vortex|p1a: Steelix|[zeffect]\n|-supereffective|p1a: Steelix\n|-damage|p1a: Steelix|0 fnt\n|faint|p1a: Steelix\n|\n|upkeep\n|\n|t:|1700881664\n|switch|p1a: Blaziken|Blaziken, M|100\/100\n|turn|12\n|\n|t:|1700881672\n|switch|p1a: Skarmory|Skarmory, F|58\/100\n|move|p2a: Rotom|Thunder Wave|p1a: Skarmory\n|-status|p1a: Skarmory|par\n|\n|upkeep\n|turn|13\n|\n|t:|1700881680\n|move|p2a: Rotom|Hydro Pump|p1a: Skarmory\n|-damage|p1a: Skarmory|22\/100 par\n|move|p1a: Skarmory|Roost|p1a: Skarmory\n|-heal|p1a: Skarmory|72\/100 par\n|-singleturn|p1a: Skarmory|move: Roost\n|\n|upkeep\n|turn|14\n|\n|t:|1700881684\n|switch|p1a: Blaziken|Blaziken, M|100\/100\n|move|p2a: Rotom|Volt Switch|p1a: Blaziken\n|-damage|p1a: Blaziken|60\/100\n|\n|t:|1700881696\n|switch|p2a: Rillaboom|Rillaboom, F|23\/100|[from] Volt Switch\n|-fieldstart|move: Grassy Terrain|[from] ability: Grassy Surge|[of] p2a: Rillaboom\n|\n|-heal|p2a: Rillaboom|29\/100|[from] Grassy Terrain\n|-heal|p1a: Blaziken|66\/100|[from] Grassy Terrain\n|-heal|p1a: Blaziken|72\/100|[from] item: Leftovers\n|upkeep\n|turn|15\n|\n|t:|1700881702\n|move|p1a: Blaziken|Protect|p1a: Blaziken\n|-singleturn|p1a: Blaziken|Protect\n|move|p2a: Rillaboom|U-turn|p1a: Blaziken\n|-activate|p1a: Blaziken|move: Protect\n|\n|-heal|p2a: Rillaboom|35\/100|[from] Grassy Terrain\n|-heal|p1a: Blaziken|78\/100|[from] Grassy Terrain\n|-heal|p1a: Blaziken|84\/100|[from] item: Leftovers\n|-ability|p1a: Blaziken|Speed Boost|boost\n|-boost|p1a: Blaziken|spe|1\n|upkeep\n|turn|16\n|\n|t:|1700881709\n|move|p1a: Blaziken|Swords Dance|p1a: Blaziken\n|-boost|p1a: Blaziken|atk|2\n|move|p2a: Rillaboom|U-turn|p1a: Blaziken\n|-resisted|p1a: Blaziken\n|-damage|p1a: Blaziken|68\/100\n|\n|t:|1700881717\n|switch|p2a: Sneasler|Sneasler, F|100\/100|[from] U-turn\n|-enditem|p2a: Sneasler|Grassy Seed\n|-boost|p2a: Sneasler|def|1|[from] item: Grassy Seed\n|\n|-heal|p1a: Blaziken|74\/100|[from] Grassy Terrain\n|-heal|p1a: Blaziken|80\/100|[from] item: Leftovers\n|-ability|p1a: Blaziken|Speed Boost|boost\n|-boost|p1a: Blaziken|spe|1\n|upkeep\n|turn|17\n|\n|t:|1700881736\n|move|p1a: Blaziken|Protect|p1a: Blaziken\n|-singleturn|p1a: Blaziken|Protect\n|move|p2a: Sneasler|Acrobatics|p1a: Blaziken\n|-activate|p1a: Blaziken|move: Protect\n|\n|-heal|p1a: Blaziken|86\/100|[from] Grassy Terrain\n|-heal|p1a: Blaziken|92\/100|[from] item: Leftovers\n|-ability|p1a: Blaziken|Speed Boost|boost\n|-boost|p1a: Blaziken|spe|1\n|upkeep\n|turn|18\n|\n|t:|1700881747\n|move|p1a: Blaziken|Blaze Kick|p2a: Sneasler|[miss]\n|-miss|p1a: Blaziken|p2a: Sneasler\n|move|p2a: Sneasler|Acrobatics|p1a: Blaziken\n|-supereffective|p1a: Blaziken\n|-damage|p1a: Blaziken|0 fnt\n|faint|p1a: Blaziken\n|\n|-fieldend|move: Grassy Terrain\n|upkeep\n|\n|t:|1700881749\n|switch|p1a: Skarmory|Skarmory, F|100\/100\n|turn|19\n|\n|t:|1700881756\n|move|p2a: Sneasler|Swords Dance|p2a: Sneasler\n|-boost|p2a: Sneasler|atk|2\n|move|p1a: Skarmory|Shadow Ball|p2a: Sneasler\n|-damage|p2a: Sneasler|50\/100\n|\n|upkeep\n|turn|20\n|\n|t:|1700881763\n|move|p2a: Sneasler|Acrobatics|p1a: Skarmory\n|-enditem|p1a: Skarmory|Focus Sash\n|-damage|p1a: Skarmory|1\/100\n|replace|p1a: Zoroark|Zoroark-Hisui, F\n|-end|p1a: Zoroark|Illusion\n|move|p1a: Zoroark|Shadow Ball|p2a: Sneasler\n|-damage|p2a: Sneasler|3\/100\n|\n|upkeep\n|turn|21\n|\n|t:|1700881771\n|move|p2a: Sneasler|Dire Claw|p1a: Zoroark\n|-resisted|p1a: Zoroark\n|-damage|p1a: Zoroark|0 fnt\n|faint|p1a: Zoroark\n|\n|upkeep\n|\n|t:|1700881773\n|switch|p1a: Skarmory|Skarmory, F|72\/100 par\n|turn|22\n|-message|Daytiger9269 forfeited.\n|\n|win|treeshhhh\n|raw|Daytiger9269's rating: 1228 &rarr; <strong>1209<\/strong><br \/>(-19 for losing)\n|raw|treeshhhh's rating: 1307 &rarr; <strong>1323<\/strong><br \/>(+16 for winning)\n|l|\u2606Daytiger9269\n","uploadtime":1700881780,"views":1,"p1id":"daytiger9269","p2id":"treeshhhh","formatid":"gen9nationaldex","rating":1209,"private":0,"password":""}