{"id":"gen9nationaldex-1994082532","p1":"Spookycooke","p2":"As cheu","format":"[Gen 9] National Dex","log":"|j|\u2606Spookycooke\n|j|\u2606As cheu\n|t:|1700404593\n|gametype|singles\n|player|p1|Spookycooke|allister|1804\n|player|p2|As cheu|officeworker|1795\n|teamsize|p1|6\n|teamsize|p2|6\n|gen|9\n|tier|[Gen 9] National Dex\n|rated|\n|rule|HP Percentage Mod: HP is shown in percentages\n|rule|Endless Battle Clause: Forcing endless battles is banned\n|rule|OHKO Clause: OHKO moves are banned\n|rule|Evasion Clause: Evasion abilities, items, and moves are banned\n|rule|Evasion Abilities Clause: Evasion abilities are banned\n|rule|Evasion Items Clause: Evasion items are banned\n|rule|Evasion Moves Clause: Evasion moves are banned\n|rule|Species Clause: Limit one of each Pok\u00e9mon\n|rule|Sleep Clause Mod: Limit one foe put to sleep\n|clearpoke\n|poke|p1|Ribombee, M|\n|poke|p1|Nihilego|\n|poke|p1|Kartana|\n|poke|p1|Great Tusk|\n|poke|p1|Skeledirge, F|\n|poke|p1|Banette, F|\n|poke|p2|Cloyster, M|\n|poke|p2|Umbreon, F|\n|poke|p2|Gardevoir, F|\n|poke|p2|Forretress, M|\n|poke|p2|Thundurus-Therian, M|\n|poke|p2|Sneasler, M|\n|teampreview\n|inactive|Battle timer is ON: inactive players will automatically lose when time's up. (requested by Spookycooke)\n|\n|t:|1700404601\n|start\n|switch|p1a: Ribombee|Ribombee, M|100\/100\n|switch|p2a: Forretress|Forretress, M|100\/100\n|turn|1\n|\n|t:|1700404607\n|move|p1a: Ribombee|Sticky Web|p2a: Forretress\n|-sidestart|p2: As cheu|move: Sticky Web\n|move|p2a: Forretress|Stealth Rock|p1a: Ribombee\n|-sidestart|p1: Spookycooke|move: Stealth Rock\n|\n|upkeep\n|turn|2\n|\n|t:|1700404611\n|switch|p1a: Banette|Banette, F|100\/100\n|-damage|p1a: Banette|88\/100|[from] Stealth Rock\n|-item|p2a: Forretress|Rocky Helmet|[from] ability: Frisk|[of] p1a: Banette|[identify]\n|move|p2a: Forretress|Toxic|p1a: Banette\n|-status|p1a: Banette|tox\n|\n|-damage|p1a: Banette|82\/100 tox|[from] psn\n|upkeep\n|turn|3\n|j| Yehwrian\n|c| Yehwrian|E\n|\n|t:|1700404620\n|switch|p2a: \u56e1\u56e1|Umbreon, F|100\/100\n|-activate|p2a: \u56e1\u56e1|move: Sticky Web\n|-unboost|p2a: \u56e1\u56e1|spe|1\n|detailschange|p1a: Banette|Banette-Mega, F\n|-mega|p1a: Banette|Banette|Banettite\n|move|p1a: Banette|Taunt|p2a: \u56e1\u56e1\n|-hint|Since gen 7, Dark is immune to Prankster moves.\n|-immune|p2a: \u56e1\u56e1\n|\n|-damage|p1a: Banette|70\/100 tox|[from] psn\n|upkeep\n|turn|4\n|j| springwen\n|\n|t:|1700404630\n|switch|p1a: Ribombee|Ribombee, M|100\/100\n|-damage|p1a: Ribombee|76\/100|[from] Stealth Rock\n|move|p2a: \u56e1\u56e1|Wish|p2a: \u56e1\u56e1\n|\n|upkeep\n|turn|5\n|\n|t:|1700404637\n|switch|p2a: Forretress|Forretress, M|100\/100\n|-activate|p2a: Forretress|move: Sticky Web\n|-unboost|p2a: Forretress|spe|1\n|move|p1a: Ribombee|Sticky Web||[still]\n|-fail|p1a: Ribombee\n|\n|upkeep\n|turn|6\n|\n|t:|1700404643\n|switch|p1a: Banette|Banette-Mega, F|70\/100 tox\n|-damage|p1a: Banette|58\/100 tox|[from] Stealth Rock\n|move|p2a: Forretress|Toxic|p1a: Banette\n|-fail|p1a: Banette|tox\n|\n|-damage|p1a: Banette|52\/100 tox|[from] psn\n|upkeep\n|turn|7\n|\n|t:|1700404648\n|switch|p2a: \u56e1\u56e1|Umbreon, F|100\/100\n|-activate|p2a: \u56e1\u56e1|move: Sticky Web\n|-unboost|p2a: \u56e1\u56e1|spe|1\n|move|p1a: Banette|Poltergeist|p2a: \u56e1\u56e1\n|-activate|p2a: \u56e1\u56e1|move: Poltergeist|Leftovers\n|-resisted|p2a: \u56e1\u56e1\n|-damage|p2a: \u56e1\u56e1|80\/100\n|\n|-heal|p2a: \u56e1\u56e1|86\/100|[from] item: Leftovers\n|-damage|p1a: Banette|40\/100 tox|[from] psn\n|upkeep\n|turn|8\n|\n|t:|1700404657\n|move|p1a: Banette|Poltergeist|p2a: \u56e1\u56e1\n|-activate|p2a: \u56e1\u56e1|move: Poltergeist|Leftovers\n|-resisted|p2a: \u56e1\u56e1\n|-damage|p2a: \u56e1\u56e1|63\/100\n|move|p2a: \u56e1\u56e1|Wish|p2a: \u56e1\u56e1\n|\n|-heal|p2a: \u56e1\u56e1|70\/100|[from] item: Leftovers\n|-damage|p1a: Banette|22\/100 tox|[from] psn\n|upkeep\n|turn|9\n|\n|t:|1700404664\n|move|p2a: \u56e1\u56e1|Protect|p2a: \u56e1\u56e1\n|-singleturn|p2a: \u56e1\u56e1|Protect\n|move|p1a: Banette|Poltergeist|p2a: \u56e1\u56e1\n|-activate|p2a: \u56e1\u56e1|move: Protect\n|\n|-heal|p2a: \u56e1\u56e1|100\/100|[from] move: Wish|[wisher] \u56e1\u56e1\n|-damage|p1a: Banette|0 fnt|[from] psn\n|faint|p1a: Banette\n|upkeep\n|\n|t:|1700404679\n|switch|p1a: Nihilego|Nihilego|100\/100\n|-damage|p1a: Nihilego|88\/100|[from] Stealth Rock\n|turn|10\n|\n|t:|1700404686\n|move|p1a: Nihilego|Meteor Beam||[still]\n|-prepare|p1a: Nihilego|Meteor Beam\n|-boost|p1a: Nihilego|spa|1\n|-enditem|p1a: Nihilego|Power Herb\n|-anim|p1a: Nihilego|Meteor Beam|p2a: \u56e1\u56e1\n|-damage|p2a: \u56e1\u56e1|36\/100\n|move|p2a: \u56e1\u56e1|Wish|p2a: \u56e1\u56e1\n|\n|-heal|p2a: \u56e1\u56e1|42\/100|[from] item: Leftovers\n|upkeep\n|turn|11\n|\n|t:|1700404692\n|move|p2a: \u56e1\u56e1|Protect|p2a: \u56e1\u56e1\n|-singleturn|p2a: \u56e1\u56e1|Protect\n|move|p1a: Nihilego|Meteor Beam||[still]\n|-prepare|p1a: Nihilego|Meteor Beam\n|-boost|p1a: Nihilego|spa|1\n|\n|-heal|p2a: \u56e1\u56e1|92\/100|[from] move: Wish|[wisher] \u56e1\u56e1\n|-heal|p2a: \u56e1\u56e1|98\/100|[from] item: Leftovers\n|upkeep\n|turn|12\n|c| Yehwrian|Cooke choose a number\n|j| cangyue\n|\n|t:|1700404714\n|move|p1a: Nihilego|Meteor Beam|p2a: \u56e1\u56e1|[from]lockedmove\n|-damage|p2a: \u56e1\u56e1|15\/100\n|move|p2a: \u56e1\u56e1|Foul Play|p1a: Nihilego\n|-damage|p1a: Nihilego|65\/100\n|\n|-heal|p2a: \u56e1\u56e1|22\/100|[from] item: Leftovers\n|upkeep\n|turn|13\n|c|\u2606Spookycooke|10\n|\n|t:|1700404725\n|move|p1a: Nihilego|Hidden Power|p2a: \u56e1\u56e1\n|-damage|p2a: \u56e1\u56e1|0 fnt\n|faint|p2a: \u56e1\u56e1\n|-ability|p1a: Nihilego|Beast Boost|boost\n|-boost|p1a: Nihilego|spa|1\n|\n|upkeep\n|\n|t:|1700404728\n|switch|p2a: Forretress|Forretress, M|100\/100\n|-activate|p2a: Forretress|move: Sticky Web\n|-unboost|p2a: Forretress|spe|1\n|turn|14\n|\n|t:|1700404732\n|switch|p1a: Skeledirge|Skeledirge, F|100\/100\n|-damage|p1a: Skeledirge|75\/100|[from] Stealth Rock\n|move|p2a: Forretress|Rapid Spin|p1a: Skeledirge\n|-immune|p1a: Skeledirge\n|\n|-heal|p1a: Skeledirge|82\/100|[from] item: Leftovers\n|upkeep\n|turn|15\n|c| Yehwrian|Caterpie\n|c| Yehwrian|choose again\n|\n|t:|1700404743\n|switch|p2a: Thundurus|Thundurus-Therian, M|100\/100\n|move|p1a: Skeledirge|Torch Song|p2a: Thundurus\n|-damage|p2a: Thundurus|59\/100\n|-boost|p1a: Skeledirge|spa|1\n|\n|-heal|p1a: Skeledirge|88\/100|[from] item: Leftovers\n|upkeep\n|turn|16\n|\n|t:|1700404748\n|move|p2a: Thundurus|Thunderbolt|p1a: Skeledirge\n|-damage|p1a: Skeledirge|53\/100\n|move|p1a: Skeledirge|Torch Song|p2a: Thundurus\n|-damage|p2a: Thundurus|2\/100\n|-boost|p1a: Skeledirge|spa|1\n|\n|-heal|p1a: Skeledirge|59\/100|[from] item: Leftovers\n|upkeep\n|turn|17\n|c| Yehwrian|Ima make a team with these\n|\n|t:|1700404753\n|move|p2a: Thundurus|Thunderbolt|p1a: Skeledirge\n|-damage|p1a: Skeledirge|21\/100\n|move|p1a: Skeledirge|Torch Song|p2a: Thundurus\n|-damage|p2a: Thundurus|0 fnt\n|-boost|p1a: Skeledirge|spa|1\n|faint|p2a: Thundurus\n|\n|-heal|p1a: Skeledirge|27\/100|[from] item: Leftovers\n|upkeep\n|\n|t:|1700404767\n|switch|p2a: \u9b3c\u65af|Cloyster, M|100\/100\n|-activate|p2a: \u9b3c\u65af|move: Sticky Web\n|-unboost|p2a: \u9b3c\u65af|spe|1\n|turn|18\n|\n|t:|1700404770\n|move|p1a: Skeledirge|Will-O-Wisp|p2a: \u9b3c\u65af\n|-status|p2a: \u9b3c\u65af|brn\n|move|p2a: \u9b3c\u65af|Waterfall|p1a: Skeledirge\n|-supereffective|p1a: Skeledirge\n|-damage|p1a: Skeledirge|0 fnt\n|faint|p1a: Skeledirge\n|\n|-damage|p2a: \u9b3c\u65af|94\/100 brn|[from] brn\n|upkeep\n|\n|t:|1700404780\n|switch|p1a: Great Tusk|Great Tusk|100\/100\n|-damage|p1a: Great Tusk|98\/100|[from] Stealth Rock\n|turn|19\n|\n|t:|1700404785\n|switch|p2a: Forretress|Forretress, M|100\/100\n|-activate|p2a: Forretress|move: Sticky Web\n|-unboost|p2a: Forretress|spe|1\n|move|p1a: Great Tusk|Bulk Up|p1a: Great Tusk\n|-boost|p1a: Great Tusk|atk|1\n|-boost|p1a: Great Tusk|def|1\n|\n|-heal|p1a: Great Tusk|100\/100|[from] item: Leftovers\n|upkeep\n|turn|20\n|\n|t:|1700404790\n|move|p1a: Great Tusk|Rapid Spin|p2a: Forretress\n|-resisted|p2a: Forretress\n|-damage|p2a: Forretress|91\/100\n|-boost|p1a: Great Tusk|spe|1\n|-damage|p1a: Great Tusk|84\/100|[from] item: Rocky Helmet|[of] p2a: Forretress\n|-sideend|p1: Spookycooke|Stealth Rock|[from] move: Rapid Spin|[of] p1a: Great Tusk\n|move|p2a: Forretress|Toxic|p1a: Great Tusk\n|-status|p1a: Great Tusk|tox\n|\n|-heal|p1a: Great Tusk|90\/100 tox|[from] item: Leftovers\n|-damage|p1a: Great Tusk|84\/100 tox|[from] psn\n|upkeep\n|turn|21\n|\n|t:|1700404794\n|move|p1a: Great Tusk|Headlong Rush|p2a: Forretress\n|-damage|p2a: Forretress|26\/100\n|-unboost|p1a: Great Tusk|def|1\n|-unboost|p1a: Great Tusk|spd|1\n|-damage|p1a: Great Tusk|68\/100 tox|[from] item: Rocky Helmet|[of] p2a: Forretress\n|move|p2a: Forretress|Rapid Spin|p1a: Great Tusk\n|-damage|p1a: Great Tusk|59\/100 tox\n|-boost|p2a: Forretress|spe|1\n|-sideend|p2: As cheu|Sticky Web|[from] move: Rapid Spin|[of] p2a: Forretress\n|\n|-heal|p1a: Great Tusk|65\/100 tox|[from] item: Leftovers\n|-damage|p1a: Great Tusk|53\/100 tox|[from] psn\n|upkeep\n|turn|22\n|\n|t:|1700404798\n|move|p1a: Great Tusk|Headlong Rush|p2a: Forretress\n|-damage|p2a: Forretress|0 fnt\n|-unboost|p1a: Great Tusk|def|1\n|-unboost|p1a: Great Tusk|spd|1\n|-damage|p1a: Great Tusk|37\/100 tox|[from] item: Rocky Helmet|[of] p2a: Forretress\n|faint|p2a: Forretress\n|\n|-heal|p1a: Great Tusk|43\/100 tox|[from] item: Leftovers\n|-damage|p1a: Great Tusk|24\/100 tox|[from] psn\n|upkeep\n|\n|t:|1700404809\n|switch|p2a: \u9b3c\u65af|Cloyster, M|94\/100 brn\n|turn|23\n|\n|t:|1700404811\n|move|p2a: \u9b3c\u65af|Ice Shard|p1a: Great Tusk\n|-supereffective|p1a: Great Tusk\n|-damage|p1a: Great Tusk|5\/100 tox\n|move|p1a: Great Tusk|Headlong Rush|p2a: \u9b3c\u65af\n|-damage|p2a: \u9b3c\u65af|2\/100 brn\n|-unboost|p1a: Great Tusk|def|1\n|-unboost|p1a: Great Tusk|spd|1\n|\n|-heal|p1a: Great Tusk|11\/100 tox|[from] item: Leftovers\n|-damage|p1a: Great Tusk|0 fnt|[from] psn\n|faint|p1a: Great Tusk\n|-end|p1a: Great Tusk|Protosynthesis|[silent]\n|-damage|p2a: \u9b3c\u65af|0 fnt|[from] brn\n|faint|p2a: \u9b3c\u65af\n|upkeep\n|\n|t:|1700404815\n|switch|p1a: Ribombee|Ribombee, M|76\/100\n|switch|p2a: Sneasler|Sneasler, M|100\/100\n|turn|24\n|\n|t:|1700404817\n|move|p2a: Sneasler|Dire Claw|p1a: Ribombee\n|-supereffective|p1a: Ribombee\n|-damage|p1a: Ribombee|0 fnt\n|faint|p1a: Ribombee\n|\n|upkeep\n|\n|t:|1700404821\n|switch|p1a: Kartana|Kartana|100\/100\n|turn|25\n|\n|t:|1700404825\n|switch|p2a: \u88d9\u4e0b\u4e4b\u81e3|Gardevoir, F, shiny|100\/100\n|-ability|p2a: \u88d9\u4e0b\u4e4b\u81e3|Beast Boost|[from] ability: Trace|[of] p1a: Kartana\n|-zpower|p1a: Kartana\n|move|p1a: Kartana|Z-Swords Dance|p1a: Kartana|[anim]Swords Dance\n|-clearnegativeboost|p1a: Kartana|[zeffect]\n|-boost|p1a: Kartana|atk|2\n|\n|upkeep\n|turn|26\n|\n|t:|1700404830\n|detailschange|p2a: \u88d9\u4e0b\u4e4b\u81e3|Gardevoir-Mega, F, shiny\n|-mega|p2a: \u88d9\u4e0b\u4e4b\u81e3|Gardevoir|Gardevoirite\n|move|p1a: Kartana|Leaf Blade|p2a: \u88d9\u4e0b\u4e4b\u81e3\n|-damage|p2a: \u88d9\u4e0b\u4e4b\u81e3|0 fnt\n|faint|p2a: \u88d9\u4e0b\u4e4b\u81e3\n|-ability|p1a: Kartana|Beast Boost|boost\n|-boost|p1a: Kartana|atk|1\n|\n|upkeep\n|\n|t:|1700404832\n|switch|p2a: Sneasler|Sneasler, M|100\/100\n|turn|27\n|\n|t:|1700404836\n|-terastallize|p2a: Sneasler|Fighting\n|move|p2a: Sneasler|Close Combat|p1a: Kartana\n|-supereffective|p1a: Kartana\n|-damage|p1a: Kartana|0 fnt\n|-unboost|p2a: Sneasler|def|1\n|-unboost|p2a: Sneasler|spd|1\n|faint|p1a: Kartana\n|\n|upkeep\n|\n|t:|1700404838\n|switch|p1a: Nihilego|Nihilego|65\/100\n|turn|28\n|\n|t:|1700404841\n|-terastallize|p1a: Nihilego|Grass\n|move|p2a: Sneasler|Close Combat|p1a: Nihilego\n|-damage|p1a: Nihilego|0 fnt\n|-unboost|p2a: Sneasler|def|1\n|-unboost|p2a: Sneasler|spd|1\n|faint|p1a: Nihilego\n|\n|win|As cheu\n|raw|Spookycooke's rating: 1804 &rarr; <strong>1783<\/strong><br \/>(-21 for losing)\n|raw|As cheu's rating: 1795 &rarr; <strong>1816<\/strong><br \/>(+21 for winning)\n|l|\u2606Spookycooke\n","uploadtime":1700404852,"views":27,"p1id":"spookycooke","p2id":"ascheu","formatid":"gen9nationaldex","rating":1783,"private":0,"password":""}