{"id":"gen9nationaldex-1995100272","p1":"nachobz","p2":"jphann","format":"[Gen 9] National Dex","log":"|html|<div class=\"broadcast-blue\"><strong>[Gen 9] National Dex is currently suspecting Sneasler! For information on how to participate check out the <a href=\"https:\/\/www.smogon.com\/forums\/threads\/sv-national-dex-suspect-8-just-dance.3731534\/\">suspect thread<\/a>.<\/strong><\/div>\n|j|\u2606nachobz\n|j|\u2606jphann\n|t:|1700522559\n|gametype|singles\n|player|p1|nachobz|170|\n|player|p2|jphann|101|\n|teamsize|p1|6\n|teamsize|p2|6\n|gen|9\n|tier|[Gen 9] National Dex\n|rule|HP Percentage Mod: HP is shown in percentages\n|rule|Endless Battle Clause: Forcing endless battles is banned\n|rule|OHKO Clause: OHKO moves are banned\n|rule|Evasion Clause: Evasion abilities, items, and moves are banned\n|rule|Evasion Abilities Clause: Evasion abilities are banned\n|rule|Evasion Items Clause: Evasion items are banned\n|rule|Evasion Moves Clause: Evasion moves are banned\n|rule|Species Clause: Limit one of each Pok\u00e9mon\n|rule|Sleep Clause Mod: Limit one foe put to sleep\n|clearpoke\n|poke|p1|Typhlosion, F|\n|poke|p1|Ampharos, M|\n|poke|p1|Azumarill, M|\n|poke|p1|Espeon, M|\n|poke|p1|Suicune|\n|poke|p1|Scizor, M|\n|poke|p2|Zoroark, F|\n|poke|p2|Lycanroc-Midnight, M|\n|poke|p2|Umbreon, F|\n|poke|p2|Crobat, F|\n|poke|p2|Lucario, F|\n|poke|p2|Silvally-*|\n|teampreview\n|j| Vaictador\n|\n|t:|1700522630\n|start\n|switch|p1a: Azumarill|Azumarill, M, shiny|100\/100\n|switch|p2a: Lycanroc|Lycanroc-Midnight, M, shiny|100\/100\n|turn|1\n|\n|t:|1700522672\n|switch|p2a: Silvally|Silvally-Steel|100\/100\n|move|p1a: Azumarill|Belly Drum|p1a: Azumarill\n|-damage|p1a: Azumarill|50\/100\n|-setboost|p1a: Azumarill|atk|6|[from] move: Belly Drum\n|-enditem|p1a: Azumarill|Sitrus Berry|[eat]\n|-heal|p1a: Azumarill|75\/100|[from] item: Sitrus Berry\n|\n|upkeep\n|turn|2\n|\n|t:|1700522715\n|-terastallize|p1a: Azumarill|Fighting\n|move|p2a: Silvally|Multi-Attack|p1a: Azumarill\n|-crit|p1a: Azumarill\n|-damage|p1a: Azumarill|0 fnt\n|faint|p1a: Azumarill\n|\n|upkeep\n|\n|t:|1700522728\n|switch|p1a: Typhlosion|Typhlosion, F, shiny|100\/100\n|turn|3\n|\n|t:|1700522761\n|switch|p2a: Umbreon|Umbreon, F, shiny|100\/100\n|move|p1a: Typhlosion|Eruption|p2a: Umbreon\n|-damage|p2a: Umbreon|62\/100\n|\n|-heal|p2a: Umbreon|69\/100|[from] item: Leftovers\n|upkeep\n|turn|4\n|\n|t:|1700522791\n|switch|p1a: Ampharos|Ampharos, M, shiny|100\/100\n|move|p2a: Umbreon|Wish|p2a: Umbreon\n|\n|-heal|p2a: Umbreon|75\/100|[from] item: Leftovers\n|upkeep\n|turn|5\n|\n|t:|1700522843\n|-terastallize|p2a: Umbreon|Ghost\n|move|p1a: Ampharos|Focus Blast|p2a: Umbreon\n|-immune|p2a: Umbreon\n|move|p2a: Umbreon|Toxic|p1a: Ampharos|[miss]\n|-miss|p2a: Umbreon|p1a: Ampharos\n|\n|-heal|p2a: Umbreon|100\/100|[from] move: Wish|[wisher] Umbreon\n|upkeep\n|turn|6\n|\n|t:|1700522927\n|move|p1a: Ampharos|Volt Switch|p2a: Umbreon\n|-damage|p2a: Umbreon|82\/100\n|\n|t:|1700522937\n|switch|p1a: D\u00e9dalo|Scizor, M, shiny|100\/100|[from] Volt Switch\n|move|p2a: Umbreon|Wish|p2a: Umbreon\n|\n|-heal|p2a: Umbreon|88\/100|[from] item: Leftovers\n|upkeep\n|turn|7\n|\n|t:|1700522969\n|detailschange|p1a: D\u00e9dalo|Scizor-Mega, M, shiny\n|-mega|p1a: D\u00e9dalo|Scizor|Scizorite\n|move|p1a: D\u00e9dalo|Swords Dance|p1a: D\u00e9dalo\n|-boost|p1a: D\u00e9dalo|atk|2\n|move|p2a: Umbreon|Foul Play|p1a: D\u00e9dalo\n|-damage|p1a: D\u00e9dalo|5\/100\n|\n|-heal|p2a: Umbreon|100\/100|[from] move: Wish|[wisher] Umbreon\n|upkeep\n|turn|8\n|\n|t:|1700523013\n|switch|p2a: Silvally|Silvally-Steel|100\/100\n|move|p1a: D\u00e9dalo|U-turn|p2a: Silvally\n|-resisted|p2a: Silvally\n|-damage|p2a: Silvally|54\/100\n|\n|t:|1700523031\n|switch|p1a: Typhlosion|Typhlosion, F, shiny|100\/100|[from] U-turn\n|\n|upkeep\n|turn|9\n|inactive|Battle timer is ON: inactive players will automatically lose when time's up. (requested by nachobz)\n|inactive|nachobz has 270 seconds left.\n|\n|t:|1700523078\n|switch|p2a: Umbreon|Umbreon, F, shiny, tera:Ghost|100\/100\n|move|p1a: Typhlosion|Eruption|p2a: Umbreon\n|-damage|p2a: Umbreon|60\/100\n|\n|-heal|p2a: Umbreon|66\/100|[from] item: Leftovers\n|upkeep\n|turn|10\n|\n|t:|1700523092\n|switch|p1a: D\u00e9dalo|Scizor-Mega, M, shiny|5\/100\n|move|p2a: Umbreon|Wish|p2a: Umbreon\n|\n|-heal|p2a: Umbreon|72\/100|[from] item: Leftovers\n|upkeep\n|turn|11\n|\n|t:|1700523108\n|move|p1a: D\u00e9dalo|Dual Wingbeat|p2a: Umbreon\n|-damage|p2a: Umbreon|55\/100\n|-damage|p2a: Umbreon|39\/100\n|-hitcount|p2a: Umbreon|2\n|move|p2a: Umbreon|Foul Play|p1a: D\u00e9dalo\n|-damage|p1a: D\u00e9dalo|0 fnt\n|faint|p1a: D\u00e9dalo\n|\n|-heal|p2a: Umbreon|89\/100|[from] move: Wish|[wisher] Umbreon\n|-heal|p2a: Umbreon|95\/100|[from] item: Leftovers\n|upkeep\n|\n|t:|1700523122\n|switch|p1a: Typhlosion|Typhlosion, F, shiny|100\/100\n|turn|12\n|\n|t:|1700523139\n|move|p2a: Umbreon|Protect|p2a: Umbreon\n|-singleturn|p2a: Umbreon|Protect\n|move|p1a: Typhlosion|Shadow Ball|p2a: Umbreon\n|-activate|p2a: Umbreon|move: Protect\n|\n|-heal|p2a: Umbreon|100\/100|[from] item: Leftovers\n|upkeep\n|turn|13\n|inactive|jphann has 270 seconds left.\n|\n|t:|1700523189\n|switch|p1a: Espeon|Espeon, M|100\/100\n|switch|p2a: Crobat|Crobat, F|100\/100\n|\n|upkeep\n|turn|14\n|\n|t:|1700523204\n|move|p2a: Crobat|Dark Pulse|p1a: Espeon\n|-supereffective|p1a: Espeon\n|-damage|p1a: Espeon|0 fnt\n|faint|p1a: Espeon\n|\n|upkeep\n|\n|t:|1700523215\n|switch|p1a: Suicune|Suicune, shiny|100\/100\n|turn|15\n|l| Vaictador\n|j| Vaictador\n|inactive|jphann has 240 seconds left.\n|inactive|jphann has 210 seconds left.\n|\n|t:|1700523279\n|switch|p2a: Umbreon|Umbreon, F, shiny, tera:Ghost|100\/100\n|move|p1a: Suicune|Shadow Ball|p2a: Umbreon\n|-supereffective|p2a: Umbreon\n|-damage|p2a: Umbreon|74\/100\n|\n|-heal|p2a: Umbreon|80\/100|[from] item: Leftovers\n|upkeep\n|turn|16\n|inactive|jphann has 210 seconds left.\n|inactive|nachobz has 270 seconds left.\n|\n|t:|1700523306\n|move|p1a: Suicune|Toxic|p2a: Umbreon\n|-status|p2a: Umbreon|tox\n|-activate|p2a: Umbreon|ability: Synchronize\n|-status|p1a: Suicune|tox\n|move|p2a: Umbreon|Wish|p2a: Umbreon\n|\n|-heal|p2a: Umbreon|86\/100 tox|[from] item: Leftovers\n|-damage|p1a: Suicune|94\/100 tox|[from] psn\n|-damage|p2a: Umbreon|80\/100 tox|[from] psn\n|upkeep\n|turn|17\n|inactive|nachobz has 270 seconds left.\n|\n|t:|1700523329\n|move|p1a: Suicune|Shadow Ball|p2a: Umbreon\n|-supereffective|p2a: Umbreon\n|-damage|p2a: Umbreon|52\/100 tox\n|-unboost|p2a: Umbreon|spd|1\n|move|p2a: Umbreon|Foul Play|p1a: Suicune\n|-damage|p1a: Suicune|80\/100 tox\n|\n|-heal|p2a: Umbreon|100\/100 tox|[from] move: Wish|[wisher] Umbreon\n|-damage|p1a: Suicune|68\/100 tox|[from] psn\n|-damage|p2a: Umbreon|88\/100 tox|[from] psn\n|upkeep\n|turn|18\n|inactive|nachobz has 270 seconds left.\n|inactive|jphann has 180 seconds left.\n|\n|t:|1700523351\n|switch|p2a: Crobat|Crobat, F|100\/100\n|move|p1a: Suicune|Shadow Ball|p2a: Crobat\n|-resisted|p2a: Crobat\n|-damage|p2a: Crobat|79\/100\n|replace|p2a: Zoroark|Zoroark, F, shiny\n|-end|p2a: Zoroark|Illusion\n|\n|-damage|p1a: Suicune|49\/100 tox|[from] psn\n|upkeep\n|turn|19\n|inactive|nachobz has 270 seconds left.\n|inactive|jphann has 180 seconds left.\n|\n|t:|1700523377\n|move|p2a: Zoroark|Dark Pulse|p1a: Suicune\n|-damage|p1a: Suicune|15\/100 tox\n|move|p1a: Suicune|Ice Beam|p2a: Zoroark\n|-damage|p2a: Zoroark|24\/100\n|\n|-damage|p1a: Suicune|0 fnt|[from] psn\n|faint|p1a: Suicune\n|upkeep\n|\n|t:|1700523394\n|switch|p1a: Typhlosion|Typhlosion, F, shiny|100\/100\n|turn|20\n|\n|t:|1700523405\n|move|p1a: Typhlosion|Shadow Ball|p2a: Zoroark\n|-resisted|p2a: Zoroark\n|-damage|p2a: Zoroark|2\/100\n|move|p2a: Zoroark|Dark Pulse|p1a: Typhlosion\n|-damage|p1a: Typhlosion|50\/100\n|\n|upkeep\n|turn|21\n|inactive|jphann has 180 seconds left.\n|\n|t:|1700523420\n|move|p1a: Typhlosion|Shadow Ball|p2a: Zoroark\n|-resisted|p2a: Zoroark\n|-damage|p2a: Zoroark|0 fnt\n|faint|p2a: Zoroark\n|\n|upkeep\n|\n|t:|1700523447\n|switch|p2a: Lucario|Lucario, F, shiny|100\/100\n|turn|22\n|\n|t:|1700523461\n|switch|p1a: Ampharos|Ampharos, M, shiny|100\/100\n|move|p2a: Lucario|Swords Dance|p2a: Lucario\n|-boost|p2a: Lucario|atk|2\n|\n|upkeep\n|turn|23\n|inactive|jphann has 150 seconds left.\n|\n|t:|1700523490\n|move|p2a: Lucario|Close Combat|p1a: Ampharos\n|-damage|p1a: Ampharos|0 fnt\n|-unboost|p2a: Lucario|def|1\n|-unboost|p2a: Lucario|spd|1\n|faint|p1a: Ampharos\n|-damage|p2a: Lucario|91\/100|[from] item: Life Orb\n|\n|upkeep\n|l| Vaictador\n|\n|t:|1700523498\n|switch|p1a: Typhlosion|Typhlosion, F, shiny|50\/100\n|turn|24\n|\n|t:|1700523503\n|move|p2a: Lucario|Extreme Speed|p1a: Typhlosion\n|-damage|p1a: Typhlosion|0 fnt\n|faint|p1a: Typhlosion\n|-damage|p2a: Lucario|81\/100|[from] item: Life Orb\n|\n|win|jphann\n|l|\u2606nachobz\n|c|\u2606jphann|GG\n|j| Vaictador\n|l|\u2606jphann\n","uploadtime":1700523523,"views":3,"p1id":"nachobz","p2id":"jphann","formatid":"gen9nationaldex","rating":0,"private":0,"password":""}