{"id":"gen9nationaldex-1996462415","p1":"Alfredo quinto","p2":"TestFerroTech","format":"[Gen 9] National Dex","log":"|html|<div class=\"broadcast-blue\"><strong>[Gen 9] National Dex is currently suspecting Sneasler! For information on how to participate check out the <a href=\"https:\/\/www.smogon.com\/forums\/threads\/sv-national-dex-suspect-8-just-dance.3731534\/\">suspect thread<\/a>.<\/strong><\/div>\n|j|\u2606Alfredo quinto\n|j|\u2606TestFerroTech\n|t:|1700684367\n|gametype|singles\n|player|p1|Alfredo quinto|proton|1587\n|player|p2|TestFerroTech|swimmer-gen4|1627\n|teamsize|p1|6\n|teamsize|p2|6\n|gen|9\n|tier|[Gen 9] National Dex\n|rated|\n|rule|HP Percentage Mod: HP is shown in percentages\n|rule|Endless Battle Clause: Forcing endless battles is banned\n|rule|OHKO Clause: OHKO moves are banned\n|rule|Evasion Clause: Evasion abilities, items, and moves are banned\n|rule|Evasion Abilities Clause: Evasion abilities are banned\n|rule|Evasion Items Clause: Evasion items are banned\n|rule|Evasion Moves Clause: Evasion moves are banned\n|rule|Species Clause: Limit one of each Pok\u00e9mon\n|rule|Sleep Clause Mod: Limit one foe put to sleep\n|clearpoke\n|poke|p1|Glimmora, F|\n|poke|p1|Ogerpon-Wellspring, F|\n|poke|p1|Ceruledge, M|\n|poke|p1|Scizor, F|\n|poke|p1|Iron Valiant|\n|poke|p1|Dragonite, M|\n|poke|p2|Tapu Koko|\n|poke|p2|Iron Valiant|\n|poke|p2|Medicham, F|\n|poke|p2|Landorus-Therian, M|\n|poke|p2|Blissey, F|\n|poke|p2|Ferrothorn, F|\n|teampreview\n|inactive|Battle timer is ON: inactive players will automatically lose when time's up. (requested by Alfredo quinto)\n|\n|t:|1700684401\n|start\n|switch|p1a: Glimmora|Glimmora, F|100\/100\n|switch|p2a: Medicham|Medicham, F|100\/100\n|turn|1\n|\n|t:|1700684406\n|detailschange|p2a: Medicham|Medicham-Mega, F\n|-mega|p2a: Medicham|Medicham|Medichamite\n|move|p2a: Medicham|Zen Headbutt|p1a: Glimmora|[miss]\n|-miss|p2a: Medicham|p1a: Glimmora\n|move|p1a: Glimmora|Mortal Spin|p2a: Medicham\n|-damage|p2a: Medicham|91\/100\n|-status|p2a: Medicham|psn\n|\n|-damage|p2a: Medicham|79\/100 psn|[from] psn\n|upkeep\n|turn|2\n|\n|t:|1700684420\n|move|p2a: Medicham|Zen Headbutt|p1a: Glimmora\n|-supereffective|p1a: Glimmora\n|-enditem|p1a: Glimmora|Focus Sash\n|-damage|p1a: Glimmora|1\/100\n|-activate|p1a: Glimmora|ability: Toxic Debris\n|-sidestart|p2: TestFerroTech|move: Toxic Spikes\n|move|p1a: Glimmora|Power Gem|p2a: Medicham\n|-resisted|p2a: Medicham\n|-damage|p2a: Medicham|45\/100 psn\n|\n|-damage|p2a: Medicham|33\/100 psn|[from] psn\n|upkeep\n|turn|3\n|\n|t:|1700684433\n|move|p2a: Medicham|Close Combat|p1a: Glimmora\n|-damage|p1a: Glimmora|0 fnt\n|-unboost|p2a: Medicham|def|1\n|-unboost|p2a: Medicham|spd|1\n|-activate|p1a: Glimmora|ability: Toxic Debris\n|-sidestart|p2: TestFerroTech|move: Toxic Spikes\n|faint|p1a: Glimmora\n|\n|-damage|p2a: Medicham|21\/100 psn|[from] psn\n|upkeep\n|\n|t:|1700684447\n|switch|p1a: Ceruledge|Ceruledge, M|100\/100\n|turn|4\n|\n|t:|1700684454\n|move|p1a: Ceruledge|Shadow Sneak|p2a: Medicham\n|-supereffective|p2a: Medicham\n|-damage|p2a: Medicham|0 fnt\n|faint|p2a: Medicham\n|\n|upkeep\n|\n|t:|1700684457\n|switch|p2a: Landorus|Landorus-Therian, M|100\/100\n|-ability|p2a: Landorus|Intimidate|boost\n|-unboost|p1a: Ceruledge|atk|1\n|turn|5\n|\n|t:|1700684464\n|switch|p1a: Dragonite|Dragonite, M|100\/100\n|move|p2a: Landorus|Defog|p1a: Dragonite\n|-unboost|p1a: Dragonite|evasion|1\n|-sideend|p2: TestFerroTech|Toxic Spikes|[from] move: Defog|[of] p2a: Landorus\n|\n|upkeep\n|turn|6\n|\n|t:|1700684467\n|move|p1a: Dragonite|Dragon Dance|p1a: Dragonite\n|-boost|p1a: Dragonite|atk|1\n|-boost|p1a: Dragonite|spe|1\n|move|p2a: Landorus|Toxic|p1a: Dragonite\n|-status|p1a: Dragonite|tox\n|\n|-damage|p1a: Dragonite|94\/100 tox|[from] psn\n|upkeep\n|turn|7\n|\n|t:|1700684472\n|switch|p2a: Ferrothorn|Ferrothorn, F|100\/100\n|move|p1a: Dragonite|Dragon Dance|p1a: Dragonite\n|-boost|p1a: Dragonite|atk|1\n|-boost|p1a: Dragonite|spe|1\n|\n|-damage|p1a: Dragonite|82\/100 tox|[from] psn\n|upkeep\n|turn|8\n|\n|t:|1700684481\n|-zpower|p1a: Dragonite\n|move|p1a: Dragonite|Devastating Drake|p2a: Ferrothorn|[zeffect]\n|-resisted|p2a: Ferrothorn\n|-damage|p2a: Ferrothorn|40\/100\n|move|p2a: Ferrothorn|Stealth Rock|p1a: Dragonite\n|-sidestart|p1: Alfredo quinto|move: Stealth Rock\n|\n|-damage|p1a: Dragonite|63\/100 tox|[from] psn\n|upkeep\n|turn|9\n|\n|t:|1700684488\n|move|p1a: Dragonite|Earthquake|p2a: Ferrothorn\n|-damage|p2a: Ferrothorn|0 fnt\n|faint|p2a: Ferrothorn\n|\n|-damage|p1a: Dragonite|39\/100 tox|[from] psn\n|upkeep\n|\n|t:|1700684491\n|switch|p2a: Landorus|Landorus-Therian, M|100\/100\n|-ability|p2a: Landorus|Intimidate|boost\n|-unboost|p1a: Dragonite|atk|1\n|turn|10\n|\n|t:|1700684495\n|switch|p2a: Iron Valiant|Iron Valiant|100\/100\n|move|p1a: Dragonite|Extreme Speed|p2a: Iron Valiant\n|-damage|p2a: Iron Valiant|37\/100\n|\n|-damage|p1a: Dragonite|8\/100 tox|[from] psn\n|upkeep\n|turn|11\n|\n|t:|1700684501\n|-end|p2a: Iron Valiant|Quark Drive|[silent]\n|switch|p2a: Landorus|Landorus-Therian, M|100\/100\n|-ability|p2a: Landorus|Intimidate|boost\n|-unboost|p1a: Dragonite|atk|1\n|move|p1a: Dragonite|Extreme Speed|p2a: Landorus\n|-damage|p2a: Landorus|70\/100\n|\n|-heal|p2a: Landorus|76\/100|[from] item: Leftovers\n|-damage|p1a: Dragonite|0 fnt|[from] psn\n|faint|p1a: Dragonite\n|upkeep\n|\n|t:|1700684513\n|switch|p1a: Ogerpon|Ogerpon-Wellspring, F|100\/100\n|-damage|p1a: Ogerpon|88\/100|[from] Stealth Rock\n|turn|12\n|\n|t:|1700684517\n|move|p1a: Ogerpon|Ivy Cudgel|p2a: Landorus|[anim] Ivy Cudgel Water\n|-supereffective|p2a: Landorus\n|-damage|p2a: Landorus|0 fnt\n|faint|p2a: Landorus\n|\n|upkeep\n|\n|t:|1700684521\n|switch|p2a: Iron Valiant|Iron Valiant|37\/100\n|turn|13\n|\n|t:|1700684528\n|-terastallize|p1a: Ogerpon|Water\n|detailschange|p1a: Ogerpon|Ogerpon-Wellspring-Tera, F, tera:Water\n|-ability|p1a: Ogerpon|Embody Aspect (Wellspring)|boost\n|-boost|p1a: Ogerpon|spd|1\n|move|p2a: Iron Valiant|Focus Blast|p1a: Ogerpon|[miss]\n|-miss|p2a: Iron Valiant|p1a: Ogerpon\n|move|p1a: Ogerpon|Ivy Cudgel|p2a: Iron Valiant|[anim] Ivy Cudgel Water\n|-damage|p2a: Iron Valiant|0 fnt\n|faint|p2a: Iron Valiant\n|-end|p2a: Iron Valiant|Quark Drive|[silent]\n|\n|upkeep\n|\n|t:|1700684533\n|switch|p2a: Tapu Koko|Tapu Koko|100\/100\n|-fieldstart|move: Electric Terrain|[from] ability: Electric Surge|[of] p2a: Tapu Koko\n|turn|14\n|\n|t:|1700684536\n|move|p2a: Tapu Koko|Thunderbolt|p1a: Ogerpon\n|-supereffective|p1a: Ogerpon\n|-damage|p1a: Ogerpon|10\/100\n|move|p1a: Ogerpon|Ivy Cudgel|p2a: Tapu Koko|[anim] Ivy Cudgel Water\n|-damage|p2a: Tapu Koko|0 fnt\n|faint|p2a: Tapu Koko\n|\n|upkeep\n|-message|TestFerroTech forfeited.\n|\n|win|Alfredo quinto\n|raw|Alfredo quinto's rating: 1587 &rarr; <strong>1610<\/strong><br \/>(+23 for winning)\n|raw|TestFerroTech's rating: 1646 &rarr; <strong>1623<\/strong><br \/>(-23 for losing)\n|l|\u2606TestFerroTech\n","uploadtime":1700684553,"views":0,"p1id":"alfredoquinto","p2id":"testferrotech","formatid":"gen9nationaldex","rating":1610,"private":0,"password":""}