{"id":"gen9nationaldex-1996216781","p1":"Dr Allen Hu","p2":"yjzs","format":"[Gen 9] National Dex","log":"|html|<div class=\"broadcast-blue\"><strong>[Gen 9] National Dex is currently suspecting Sneasler! For information on how to participate check out the <a href=\"https:\/\/www.smogon.com\/forums\/threads\/sv-national-dex-suspect-8-just-dance.3731534\/\">suspect thread<\/a>.<\/strong><\/div>\n|j|\u2606Dr Allen Hu\n|j|\u2606yjzs\n|t:|1700660297\n|gametype|singles\n|player|p1|Dr Allen Hu|265|1033\n|player|p2|yjzs|li|1115\n|teamsize|p1|6\n|teamsize|p2|6\n|gen|9\n|tier|[Gen 9] National Dex\n|rated|\n|rule|HP Percentage Mod: HP is shown in percentages\n|rule|Endless Battle Clause: Forcing endless battles is banned\n|rule|OHKO Clause: OHKO moves are banned\n|rule|Evasion Clause: Evasion abilities, items, and moves are banned\n|rule|Evasion Abilities Clause: Evasion abilities are banned\n|rule|Evasion Items Clause: Evasion items are banned\n|rule|Evasion Moves Clause: Evasion moves are banned\n|rule|Species Clause: Limit one of each Pok\u00e9mon\n|rule|Sleep Clause Mod: Limit one foe put to sleep\n|clearpoke\n|poke|p1|Clodsire, F|\n|poke|p1|Tyranitar, M|\n|poke|p1|Umbreon, F|\n|poke|p1|Alomomola, M|\n|poke|p1|Ferrothorn, M|\n|poke|p1|Incineroar, M|\n|poke|p2|Cofagrigus, F|\n|poke|p2|Rabsca, M|\n|poke|p2|Aggron, F|\n|poke|p2|Victini|\n|poke|p2|Zamazenta-*|\n|poke|p2|Banette, F|\n|teampreview\n|inactive|Battle timer is ON: inactive players will automatically lose when time's up. (requested by yjzs)\n|inactive|Dr Allen Hu also wants the timer to be on.\n|\n|t:|1700660301\n|start\n|switch|p1a: Tyranitar|Tyranitar, M|100\/100\n|switch|p2a: Aggron|Aggron, F|100\/100\n|-weather|Sandstorm|[from] ability: Sand Stream|[of] p1a: Tyranitar\n|turn|1\n|\n|t:|1700660321\n|detailschange|p1a: Tyranitar|Tyranitar-Mega, M\n|-mega|p1a: Tyranitar|Tyranitar|Tyranitarite\n|move|p1a: Tyranitar|Stealth Rock|p2a: Aggron\n|-sidestart|p2: yjzs|move: Stealth Rock\n|move|p2a: Aggron|Metal Burst||[still]\n|-fail|p2a: Aggron\n|\n|-weather|Sandstorm|[upkeep]\n|upkeep\n|turn|2\n|\n|t:|1700660330\n|switch|p1a: Ferrothorn|Ferrothorn, M|100\/100\n|move|p2a: Aggron|Metal Burst||[still]\n|-fail|p2a: Aggron\n|\n|-weather|Sandstorm|[upkeep]\n|upkeep\n|turn|3\n|\n|t:|1700660357\n|switch|p2a: Banette|Banette, F|100\/100\n|-damage|p2a: Banette|88\/100|[from] Stealth Rock\n|-item|p1a: Ferrothorn|Rocky Helmet|[from] ability: Frisk|[of] p2a: Banette|[identify]\n|move|p1a: Ferrothorn|Leech Seed|p2a: Banette\n|-start|p2a: Banette|move: Leech Seed\n|\n|-weather|Sandstorm|[upkeep]\n|-damage|p2a: Banette|82\/100|[from] Sandstorm\n|-damage|p2a: Banette|70\/100|[from] Leech Seed|[of] p1a: Ferrothorn\n|upkeep\n|turn|4\n|\n|t:|1700660365\n|detailschange|p2a: Banette|Banette-Mega, F\n|-mega|p2a: Banette|Banette|Banettite\n|move|p2a: Banette|Taunt|p1a: Ferrothorn\n|-start|p1a: Ferrothorn|move: Taunt\n|cant|p1a: Ferrothorn|move: Taunt|Toxic\n|\n|-weather|Sandstorm|[upkeep]\n|-damage|p2a: Banette|64\/100|[from] Sandstorm\n|-damage|p2a: Banette|51\/100|[from] Leech Seed|[of] p1a: Ferrothorn\n|upkeep\n|turn|5\n|\n|t:|1700660377\n|switch|p1a: Incineroar|Incineroar, M|100\/100\n|-ability|p1a: Incineroar|Intimidate|boost\n|-unboost|p2a: Banette|atk|1\n|move|p2a: Banette|Poltergeist|p1a: Incineroar\n|-activate|p1a: Incineroar|move: Poltergeist|Leftovers\n|-resisted|p1a: Incineroar\n|-damage|p1a: Incineroar|81\/100\n|\n|-weather|none\n|-heal|p1a: Incineroar|88\/100|[from] item: Leftovers\n|-damage|p2a: Banette|39\/100|[from] Leech Seed|[of] p1a: Incineroar\n|-heal|p1a: Incineroar|98\/100|[silent]\n|upkeep\n|turn|6\n|\n|t:|1700660388\n|move|p2a: Banette|Taunt|p1a: Incineroar\n|-hint|Since gen 7, Dark is immune to Prankster moves.\n|-immune|p1a: Incineroar\n|move|p1a: Incineroar|Toxic|p2a: Banette|[miss]\n|-miss|p1a: Incineroar|p2a: Banette\n|\n|-heal|p1a: Incineroar|100\/100|[from] item: Leftovers\n|-damage|p2a: Banette|27\/100|[from] Leech Seed|[of] p1a: Incineroar\n|upkeep\n|turn|7\n|\n|t:|1700660398\n|switch|p2a: Aggron|Aggron, F|100\/100\n|-damage|p2a: Aggron|94\/100|[from] Stealth Rock\n|move|p1a: Incineroar|Toxic|p2a: Aggron\n|-immune|p2a: Aggron\n|\n|upkeep\n|turn|8\n|\n|t:|1700660406\n|move|p1a: Incineroar|Will-O-Wisp|p2a: Aggron\n|-status|p2a: Aggron|brn\n|move|p2a: Aggron|Metal Burst||[still]\n|-fail|p2a: Aggron\n|\n|-damage|p2a: Aggron|88\/100 brn|[from] brn\n|upkeep\n|turn|9\n|\n|t:|1700660412\n|move|p1a: Incineroar|Blaze Kick|p2a: Aggron\n|-damage|p2a: Aggron|54\/100 brn\n|move|p2a: Aggron|Stealth Rock|p1a: Incineroar\n|-sidestart|p1: Dr Allen Hu|move: Stealth Rock\n|\n|-damage|p2a: Aggron|48\/100 brn|[from] brn\n|upkeep\n|turn|10\n|\n|t:|1700660417\n|move|p1a: Incineroar|Blaze Kick|p2a: Aggron\n|-damage|p2a: Aggron|13\/100 brn\n|move|p2a: Aggron|Metal Burst|p1a: Incineroar\n|-damage|p1a: Incineroar|67\/100\n|\n|-heal|p1a: Incineroar|73\/100|[from] item: Leftovers\n|-damage|p2a: Aggron|7\/100 brn|[from] brn\n|upkeep\n|turn|11\n|-enditem|p2a: Aggron|Custap Berry|[eat]\n|-activate|p2a: Aggron|item: Custap Berry|[consumed]\n|\n|t:|1700660423\n|move|p2a: Aggron|Endeavor|p1a: Incineroar\n|-damage|p1a: Incineroar|5\/100\n|move|p1a: Incineroar|Blaze Kick|p2a: Aggron\n|-damage|p2a: Aggron|0 fnt\n|faint|p2a: Aggron\n|\n|-heal|p1a: Incineroar|11\/100|[from] item: Leftovers\n|upkeep\n|\n|t:|1700660440\n|switch|p2a: Banette|Banette-Mega, F|27\/100\n|-damage|p2a: Banette|14\/100|[from] Stealth Rock\n|turn|12\n|\n|t:|1700660458\n|switch|p1a: Alomomola|Alomomola, M|100\/100\n|-damage|p1a: Alomomola|88\/100|[from] Stealth Rock\n|move|p2a: Banette|Poltergeist|p1a: Alomomola|[miss]\n|-miss|p2a: Banette|p1a: Alomomola\n|\n|-heal|p1a: Alomomola|94\/100|[from] item: Leftovers\n|upkeep\n|turn|13\n|\n|t:|1700660461\n|move|p2a: Banette|Taunt|p1a: Alomomola\n|-start|p1a: Alomomola|move: Taunt\n|cant|p1a: Alomomola|move: Taunt|Toxic\n|\n|-heal|p1a: Alomomola|100\/100|[from] item: Leftovers\n|upkeep\n|turn|14\n|inactive|Dr Allen Hu has 120 seconds left.\n|-message|Dr Allen Hu forfeited.\n|\n|win|yjzs\n|raw|Dr Allen Hu's rating: 1021 &rarr; <strong>1011<\/strong><br \/>(-10 for losing)\n|raw|yjzs's rating: 1115 &rarr; <strong>1133<\/strong><br \/>(+18 for winning)\n|l|\u2606Dr Allen Hu\n","uploadtime":1700660505,"views":6,"p1id":"drallenhu","p2id":"yjzs","formatid":"gen9nationaldex","rating":1011,"private":0,"password":""}