{"id":"gen9nationaldex-1998167283","p1":"HuangZhiLi","p2":"Louisccq","format":"[Gen 9] National Dex","log":"|html|<div class=\"broadcast-blue\"><strong>[Gen 9] National Dex is currently suspecting Sneasler! For information on how to participate check out the <a href=\"https:\/\/www.smogon.com\/forums\/threads\/sv-national-dex-suspect-8-just-dance.3731534\/\">suspect thread<\/a>.<\/strong><\/div>\n|j|\u2606HuangZhiLi\n|j|\u2606Louisccq\n|t:|1700904813\n|gametype|singles\n|player|p1|HuangZhiLi|101|1154\n|player|p2|Louisccq|169|1077\n|teamsize|p1|6\n|teamsize|p2|6\n|gen|9\n|tier|[Gen 9] National Dex\n|rated|\n|rule|HP Percentage Mod: HP is shown in percentages\n|rule|Endless Battle Clause: Forcing endless battles is banned\n|rule|OHKO Clause: OHKO moves are banned\n|rule|Evasion Clause: Evasion abilities, items, and moves are banned\n|rule|Evasion Abilities Clause: Evasion abilities are banned\n|rule|Evasion Items Clause: Evasion items are banned\n|rule|Evasion Moves Clause: Evasion moves are banned\n|rule|Species Clause: Limit one of each Pok\u00e9mon\n|rule|Sleep Clause Mod: Limit one foe put to sleep\n|clearpoke\n|poke|p1|Tyranitar, M|\n|poke|p1|Ferrothorn, M|\n|poke|p1|Gliscor, F|\n|poke|p1|Excadrill, F|\n|poke|p1|Hippowdon, F|\n|poke|p1|Blissey, F|\n|poke|p2|Slowbro-Galar, M|\n|poke|p2|Swampert, M|\n|poke|p2|Zoroark-Hisui, F|\n|poke|p2|Corviknight, M|\n|poke|p2|Tyrantrum, M|\n|poke|p2|Pelipper, F|\n|teampreview\n|\n|t:|1700904843\n|start\n|switch|p1a: Hippowdon|Hippowdon, F|100\/100\n|switch|p2a: Slowbro|Slowbro-Galar, M|100\/100\n|-weather|Sandstorm|[from] ability: Sand Stream|[of] p1a: Hippowdon\n|turn|1\n|\n|t:|1700904860\n|move|p1a: Hippowdon|Earthquake|p2a: Slowbro\n|-supereffective|p2a: Slowbro\n|-damage|p2a: Slowbro|24\/100\n|move|p2a: Slowbro|Ice Beam|p1a: Hippowdon\n|-supereffective|p1a: Hippowdon\n|-damage|p1a: Hippowdon|40\/100\n|\n|-weather|Sandstorm|[upkeep]\n|-damage|p2a: Slowbro|18\/100|[from] Sandstorm\n|-heal|p2a: Slowbro|24\/100|[from] item: Leftovers\n|upkeep\n|turn|2\n|\n|t:|1700904875\n|switch|p2a: Corviknight|Corviknight, M|100\/100\n|move|p1a: Hippowdon|Earthquake|p2a: Corviknight\n|-immune|p2a: Corviknight\n|\n|-weather|Sandstorm|[upkeep]\n|upkeep\n|turn|3\n|\n|t:|1700904893\n|move|p2a: Corviknight|Iron Defense|p2a: Corviknight\n|-boost|p2a: Corviknight|def|2\n|move|p1a: Hippowdon|Slack Off|p1a: Hippowdon\n|-heal|p1a: Hippowdon|90\/100\n|\n|-weather|Sandstorm|[upkeep]\n|upkeep\n|turn|4\n|\n|t:|1700904901\n|move|p2a: Corviknight|Iron Defense|p2a: Corviknight\n|-boost|p2a: Corviknight|def|2\n|move|p1a: Hippowdon|Yawn|p2a: Corviknight\n|-start|p2a: Corviknight|move: Yawn|[of] p1a: Hippowdon\n|\n|-weather|Sandstorm|[upkeep]\n|upkeep\n|turn|5\n|\n|t:|1700904921\n|switch|p1a: Gliscor|Gliscor, F|100\/100\n|move|p2a: Corviknight|Iron Defense|p2a: Corviknight\n|-boost|p2a: Corviknight|def|2\n|\n|-weather|Sandstorm|[upkeep]\n|-end|p2a: Corviknight|move: Yawn|[silent]\n|-status|p2a: Corviknight|slp\n|-status|p1a: Gliscor|tox|[from] item: Toxic Orb\n|upkeep\n|turn|6\n|\n|t:|1700904934\n|move|p1a: Gliscor|Defog||[still]\n|-ability|p2a: Corviknight|Mirror Armor\n|-unboost|p1a: Gliscor|evasion|1\n|-fail|p1a: Gliscor\n|cant|p2a: Corviknight|slp\n|\n|-weather|Sandstorm|[upkeep]\n|upkeep\n|turn|7\n|\n|t:|1700904955\n|switch|p1a: Blissey|Blissey, F|100\/100\n|cant|p2a: Corviknight|slp\n|\n|-weather|Sandstorm|[upkeep]\n|-damage|p1a: Blissey|94\/100|[from] Sandstorm\n|upkeep\n|turn|8\n|\n|t:|1700904964\n|cant|p2a: Corviknight|slp\n|move|p1a: Blissey|Seismic Toss|p2a: Corviknight\n|-damage|p2a: Corviknight|73\/100 slp\n|\n|-weather|none\n|-heal|p2a: Corviknight|80\/100 slp|[from] item: Leftovers\n|upkeep\n|turn|9\n|\n|t:|1700904975\n|-curestatus|p2a: Corviknight|slp|[msg]\n|move|p2a: Corviknight|Roost|p2a: Corviknight\n|-heal|p2a: Corviknight|100\/100\n|-singleturn|p2a: Corviknight|move: Roost\n|move|p1a: Blissey|Counter||[still]\n|-fail|p1a: Blissey\n|\n|upkeep\n|turn|10\n|\n|t:|1700904984\n|move|p2a: Corviknight|Body Press|p1a: Blissey\n|-supereffective|p1a: Blissey\n|-crit|p1a: Blissey\n|-damage|p1a: Blissey|0 fnt\n|faint|p1a: Blissey\n|\n|upkeep\n|\n|t:|1700904990\n|switch|p1a: Gliscor|Gliscor, F|100\/100 tox\n|turn|11\n|-message|HuangZhiLi forfeited.\n|\n|win|Louisccq\n|raw|HuangZhiLi's rating: 1154 &rarr; <strong>1124<\/strong><br \/>(-30 for losing)\n|raw|Louisccq's rating: 1077 &rarr; <strong>1112<\/strong><br \/>(+35 for winning)\n|l|\u2606HuangZhiLi\n","uploadtime":1700905033,"views":2,"p1id":"huangzhili","p2id":"louisccq","formatid":"gen9nationaldex","rating":1112,"private":0,"password":""}