{"id":"gen9nationaldex-1995944052","p1":"Onlymanever","p2":"SorexHB","format":"[Gen 9] National Dex","log":"|html|<div class=\"broadcast-blue\"><strong>[Gen 9] National Dex is currently suspecting Sneasler! For information on how to participate check out the <a href=\"https:\/\/www.smogon.com\/forums\/threads\/sv-national-dex-suspect-8-just-dance.3731534\/\">suspect thread<\/a>.<\/strong><\/div>\n|j|\u203dOnlymanever\n|j|\u2606SorexHB\n|t:|1700620308\n|gametype|singles\n|player|p1|Onlymanever|lyra|1165\n|player|p2|SorexHB|harlequin|1114\n|teamsize|p1|6\n|teamsize|p2|6\n|gen|9\n|tier|[Gen 9] National Dex\n|rated|\n|rule|HP Percentage Mod: HP is shown in percentages\n|rule|Endless Battle Clause: Forcing endless battles is banned\n|rule|OHKO Clause: OHKO moves are banned\n|rule|Evasion Clause: Evasion abilities, items, and moves are banned\n|rule|Evasion Abilities Clause: Evasion abilities are banned\n|rule|Evasion Items Clause: Evasion items are banned\n|rule|Evasion Moves Clause: Evasion moves are banned\n|rule|Species Clause: Limit one of each Pok\u00e9mon\n|rule|Sleep Clause Mod: Limit one foe put to sleep\n|clearpoke\n|poke|p1|Medicham, F|\n|poke|p1|Leafeon, M|\n|poke|p1|Staraptor, F|\n|poke|p1|Ceruledge, M|\n|poke|p1|Electivire, M|\n|poke|p1|Inteleon, M|\n|poke|p2|Appletun, M|\n|poke|p2|Golurk|\n|poke|p2|Beedrill, F|\n|poke|p2|Blaziken, M|\n|poke|p2|Samurott-Hisui, M|\n|poke|p2|Ninetales-Alola, F|\n|teampreview\n|\n|t:|1700620318\n|start\n|switch|p1a: Inteleon|Inteleon, M|100\/100\n|switch|p2a: Iron Golem|Golurk, shiny|100\/100\n|turn|1\n|\n|t:|1700620329\n|switch|p2a: Danish|Appletun, M, shiny|100\/100\n|move|p1a: Inteleon|Snipe Shot|p2a: Danish\n|-resisted|p2a: Danish\n|-damage|p2a: Danish|94\/100\n|\n|-heal|p2a: Danish|99\/100|[from] item: Leftovers\n|upkeep\n|turn|2\n|\n|t:|1700620341\n|move|p1a: Inteleon|Ice Beam|p2a: Danish\n|-supereffective|p2a: Danish\n|-damage|p2a: Danish|60\/100\n|move|p2a: Danish|Apple Acid|p1a: Inteleon\n|-supereffective|p1a: Inteleon\n|-damage|p1a: Inteleon|7\/100\n|-unboost|p1a: Inteleon|spd|1\n|\n|-heal|p1a: Inteleon|13\/100|[from] item: Leftovers\n|-heal|p2a: Danish|66\/100|[from] item: Leftovers\n|upkeep\n|turn|3\n|inactive|Battle timer is ON: inactive players will automatically lose when time's up. (requested by SorexHB)\n|\n|t:|1700620369\n|switch|p1a: Staraptor|Staraptor, F|100\/100\n|move|p2a: Danish|Leech Seed|p1a: Staraptor\n|-start|p1a: Staraptor|move: Leech Seed\n|\n|-heal|p2a: Danish|72\/100|[from] item: Leftovers\n|-damage|p1a: Staraptor|88\/100|[from] Leech Seed|[of] p2a: Danish\n|-heal|p2a: Danish|81\/100|[silent]\n|upkeep\n|turn|4\n|\n|t:|1700620386\n|switch|p2a: Iron Golem|Golurk, shiny|100\/100\n|move|p1a: Staraptor|Brave Bird|p2a: Iron Golem\n|-damage|p2a: Iron Golem|23\/100\n|-damage|p1a: Staraptor|57\/100|[from] Recoil\n|\n|-heal|p1a: Staraptor|63\/100|[from] item: Leftovers\n|-damage|p1a: Staraptor|50\/100|[from] Leech Seed|[of] p2a: Iron Golem\n|-heal|p2a: Iron Golem|33\/100|[silent]\n|upkeep\n|turn|5\n|\n|t:|1700620398\n|move|p1a: Staraptor|Brave Bird|p2a: Iron Golem\n|-damage|p2a: Iron Golem|0 fnt\n|faint|p2a: Iron Golem\n|-damage|p1a: Staraptor|37\/100|[from] Recoil\n|\n|-heal|p1a: Staraptor|43\/100|[from] item: Leftovers\n|upkeep\n|\n|t:|1700620403\n|switch|p2a: Swordfish|Samurott-Hisui, M, shiny|100\/100\n|turn|6\n|\n|t:|1700620427\n|switch|p1a: Medicham|Medicham, F|100\/100\n|move|p2a: Swordfish|Ceaseless Edge|p1a: Medicham\n|-damage|p1a: Medicham|41\/100\n|-sidestart|p1: Onlymanever|Spikes\n|\n|-heal|p1a: Medicham|47\/100|[from] item: Leftovers\n|upkeep\n|turn|7\n|\n|t:|1700620436\n|move|p2a: Swordfish|Ceaseless Edge|p1a: Medicham\n|-damage|p1a: Medicham|0 fnt\n|-sidestart|p1: Onlymanever|Spikes\n|faint|p1a: Medicham\n|\n|upkeep\n|\n|t:|1700620442\n|switch|p1a: Leafeon|Leafeon, M|100\/100\n|-damage|p1a: Leafeon|84\/100|[from] Spikes\n|turn|8\n|\n|t:|1700620446\n|move|p2a: Swordfish|Ceaseless Edge|p1a: Leafeon\n|-damage|p1a: Leafeon|40\/100\n|-sidestart|p1: Onlymanever|Spikes\n|move|p1a: Leafeon|Leaf Blade|p2a: Swordfish\n|-supereffective|p2a: Swordfish\n|-crit|p2a: Swordfish\n|-damage|p2a: Swordfish|0 fnt\n|faint|p2a: Swordfish\n|\n|-heal|p1a: Leafeon|46\/100|[from] item: Leftovers\n|upkeep\n|\n|t:|1700620453\n|switch|p2a: Honey|Beedrill, F, shiny|100\/100\n|turn|9\n|\n|t:|1700620471\n|switch|p1a: Staraptor|Staraptor, F|43\/100\n|detailschange|p2a: Honey|Beedrill-Mega, F, shiny\n|-mega|p2a: Honey|Beedrill|Beedrillite\n|move|p2a: Honey|Fell Stinger|p1a: Staraptor\n|-resisted|p1a: Staraptor\n|-damage|p1a: Staraptor|15\/100\n|\n|-heal|p1a: Staraptor|21\/100|[from] item: Leftovers\n|upkeep\n|turn|10\n|inactive|Onlymanever has 120 seconds left.\n|\n|t:|1700620497\n|switch|p1a: Ceruledge|Ceruledge, M|100\/100\n|-damage|p1a: Ceruledge|76\/100|[from] Spikes\n|move|p2a: Honey|Fell Stinger|p1a: Ceruledge\n|-resisted|p1a: Ceruledge\n|-crit|p1a: Ceruledge\n|-damage|p1a: Ceruledge|61\/100\n|\n|-heal|p1a: Ceruledge|67\/100|[from] item: Leftovers\n|upkeep\n|turn|11\n|inactive|Onlymanever has 120 seconds left.\n|\n|t:|1700620507\n|-terastallize|p1a: Ceruledge|Fighting\n|move|p2a: Honey|U-turn|p1a: Ceruledge\n|-resisted|p1a: Ceruledge\n|-damage|p1a: Ceruledge|37\/100\n|\n|t:|1700620513\n|switch|p2a: Danish|Appletun, M, shiny|81\/100|[from] U-turn\n|move|p1a: Ceruledge|Bitter Blade|p2a: Danish\n|-damage|p2a: Danish|58\/100\n|-heal|p1a: Ceruledge|54\/100|[from] drain|[of] p2a: Danish\n|\n|-heal|p1a: Ceruledge|60\/100|[from] item: Leftovers\n|-heal|p2a: Danish|64\/100|[from] item: Leftovers\n|upkeep\n|turn|12\n|inactive|Onlymanever has 120 seconds left.\n|\n|t:|1700620528\n|move|p1a: Ceruledge|Bulk Up|p1a: Ceruledge\n|-boost|p1a: Ceruledge|atk|1\n|-boost|p1a: Ceruledge|def|1\n|move|p2a: Danish|Recover|p2a: Danish\n|-heal|p2a: Danish|100\/100\n|\n|-heal|p1a: Ceruledge|66\/100|[from] item: Leftovers\n|upkeep\n|turn|13\n|\n|t:|1700620537\n|move|p1a: Ceruledge|Bitter Blade|p2a: Danish\n|-damage|p2a: Danish|66\/100\n|-heal|p1a: Ceruledge|90\/100|[from] drain|[of] p2a: Danish\n|move|p2a: Danish|Leech Seed|p1a: Ceruledge\n|-start|p1a: Ceruledge|move: Leech Seed\n|\n|-heal|p1a: Ceruledge|97\/100|[from] item: Leftovers\n|-heal|p2a: Danish|72\/100|[from] item: Leftovers\n|-damage|p1a: Ceruledge|84\/100|[from] Leech Seed|[of] p2a: Danish\n|-heal|p2a: Danish|81\/100|[silent]\n|upkeep\n|turn|14\n|\n|t:|1700620549\n|move|p1a: Ceruledge|Bulk Up|p1a: Ceruledge\n|-boost|p1a: Ceruledge|atk|1\n|-boost|p1a: Ceruledge|def|1\n|move|p2a: Danish|Apple Acid|p1a: Ceruledge\n|-damage|p1a: Ceruledge|55\/100\n|-unboost|p1a: Ceruledge|spd|1\n|\n|-heal|p1a: Ceruledge|61\/100|[from] item: Leftovers\n|-heal|p2a: Danish|87\/100|[from] item: Leftovers\n|-damage|p1a: Ceruledge|49\/100|[from] Leech Seed|[of] p2a: Danish\n|-heal|p2a: Danish|96\/100|[silent]\n|upkeep\n|turn|15\n|\n|t:|1700620564\n|move|p1a: Ceruledge|Bitter Blade|p2a: Danish\n|-damage|p2a: Danish|51\/100\n|-heal|p1a: Ceruledge|80\/100|[from] drain|[of] p2a: Danish\n|move|p2a: Danish|Dragon Pulse|p1a: Ceruledge\n|-damage|p1a: Ceruledge|30\/100\n|\n|-heal|p1a: Ceruledge|36\/100|[from] item: Leftovers\n|-heal|p2a: Danish|58\/100|[from] item: Leftovers\n|-damage|p1a: Ceruledge|23\/100|[from] Leech Seed|[of] p2a: Danish\n|-heal|p2a: Danish|67\/100|[silent]\n|upkeep\n|turn|16\n|\n|t:|1700620577\n|move|p1a: Ceruledge|Bitter Blade|p2a: Danish\n|-damage|p2a: Danish|21\/100\n|-heal|p1a: Ceruledge|55\/100|[from] drain|[of] p2a: Danish\n|move|p2a: Danish|Apple Acid|p1a: Ceruledge\n|-damage|p1a: Ceruledge|11\/100\n|-unboost|p1a: Ceruledge|spd|1\n|\n|-heal|p1a: Ceruledge|17\/100|[from] item: Leftovers\n|-heal|p2a: Danish|27\/100|[from] item: Leftovers\n|-damage|p1a: Ceruledge|5\/100|[from] Leech Seed|[of] p2a: Danish\n|-heal|p2a: Danish|36\/100|[silent]\n|upkeep\n|turn|17\n|\n|t:|1700620602\n|move|p1a: Ceruledge|Bitter Blade|p2a: Danish\n|-damage|p2a: Danish|0 fnt\n|-heal|p1a: Ceruledge|30\/100|[from] drain|[of] p2a: Danish\n|faint|p2a: Danish\n|\n|-heal|p1a: Ceruledge|36\/100|[from] item: Leftovers\n|upkeep\n|\n|t:|1700620607\n|switch|p2a: Blizzrad|Ninetales-Alola, F, shiny|100\/100\n|-weather|Snow|[from] ability: Snow Warning|[of] p2a: Blizzrad\n|turn|18\n|\n|t:|1700620614\n|move|p2a: Blizzrad|Moonblast|p1a: Ceruledge\n|-supereffective|p1a: Ceruledge\n|-damage|p1a: Ceruledge|0 fnt\n|faint|p1a: Ceruledge\n|\n|-weather|Snow|[upkeep]\n|upkeep\n|inactive|Onlymanever has 120 seconds left.\n|\n|t:|1700620642\n|switch|p1a: Inteleon|Inteleon, M|13\/100\n|-damage|p1a: Inteleon|0 fnt|[from] Spikes\n|faint|p1a: Inteleon\n|\n|t:|1700620649\n|switch|p1a: Leafeon|Leafeon, M|46\/100\n|-damage|p1a: Leafeon|21\/100|[from] Spikes\n|turn|19\n|inactive|Onlymanever has 120 seconds left.\n|\n|t:|1700620656\n|move|p2a: Blizzrad|Blizzard|p1a: Leafeon\n|-supereffective|p1a: Leafeon\n|-damage|p1a: Leafeon|0 fnt\n|faint|p1a: Leafeon\n|\n|-weather|Snow|[upkeep]\n|upkeep\n|inactive|Onlymanever has 120 seconds left.\n|\n|t:|1700620665\n|switch|p1a: Staraptor|Staraptor, F|21\/100\n|turn|20\n|\n|t:|1700620668\n|move|p2a: Blizzrad|Blizzard|p1a: Staraptor\n|-supereffective|p1a: Staraptor\n|-damage|p1a: Staraptor|0 fnt\n|faint|p1a: Staraptor\n|\n|-weather|Snow|[upkeep]\n|upkeep\n|\n|t:|1700620674\n|switch|p1a: Electivire|Electivire, M|100\/100\n|-damage|p1a: Electivire|76\/100|[from] Spikes\n|turn|21\n|\n|t:|1700620681\n|move|p2a: Blizzrad|Blizzard|p1a: Electivire\n|-damage|p1a: Electivire|20\/100\n|move|p1a: Electivire|Thunder Punch|p2a: Blizzrad\n|-damage|p2a: Blizzrad|63\/100\n|\n|-weather|Snow|[upkeep]\n|-heal|p1a: Electivire|26\/100|[from] item: Leftovers\n|upkeep\n|turn|22\n|\n|t:|1700620691\n|move|p2a: Blizzrad|Blizzard|p1a: Electivire\n|-damage|p1a: Electivire|0 fnt\n|faint|p1a: Electivire\n|\n|win|SorexHB\n|raw|Onlymanever's rating: 1165 &rarr; <strong>1136<\/strong><br \/>(-29 for losing)\n|raw|SorexHB's rating: 1114 &rarr; <strong>1143<\/strong><br \/>(+29 for winning)\n","uploadtime":1700620699,"views":0,"p1id":"onlymanever","p2id":"sorexhb","formatid":"gen9nationaldex","rating":1136,"private":0,"password":""}