{"id":"gen9nationaldex-1991881796","p1":"Mattahouen","p2":"team grabber","format":"[Gen 9] National Dex","log":"|j|\u2606Mattahouen\n|j|\u2606team grabber\n|t:|1700133039\n|gametype|singles\n|player|p1|Mattahouen|170|1110\n|player|p2|team grabber|depotagent|1000\n|teamsize|p1|6\n|teamsize|p2|2\n|gen|9\n|tier|[Gen 9] National Dex\n|rated|\n|rule|HP Percentage Mod: HP is shown in percentages\n|rule|Endless Battle Clause: Forcing endless battles is banned\n|rule|OHKO Clause: OHKO moves are banned\n|rule|Evasion Clause: Evasion abilities, items, and moves are banned\n|rule|Evasion Abilities Clause: Evasion abilities are banned\n|rule|Evasion Items Clause: Evasion items are banned\n|rule|Evasion Moves Clause: Evasion moves are banned\n|rule|Species Clause: Limit one of each Pok\u00e9mon\n|rule|Sleep Clause Mod: Limit one foe put to sleep\n|clearpoke\n|poke|p1|Malamar, F|\n|poke|p1|Gardevoir, F|\n|poke|p1|Chesnaught, M|\n|poke|p1|Ferrothorn, M|\n|poke|p1|Ceruledge, F|\n|poke|p1|Hitmonlee, M|\n|poke|p2|Kingdra, M|\n|poke|p2|Glimmora, M|\n|teampreview\n|inactive|Battle timer is ON: inactive players will automatically lose when time's up. (requested by team grabber)\n|\n|t:|1700133043\n|start\n|switch|p1a: Chesnaught|Chesnaught, M, shiny|100\/100\n|switch|p2a: Glimmora|Glimmora, M|100\/100\n|turn|1\n|\n|t:|1700133055\n|move|p2a: Glimmora|Memento|p1a: Chesnaught\n|-unboost|p1a: Chesnaught|atk|2\n|-unboost|p1a: Chesnaught|spa|2\n|faint|p2a: Glimmora\n|move|p1a: Chesnaught|Spikes|p2: Glimmora\n|-sidestart|p2: team grabber|Spikes\n|\n|upkeep\n|\n|t:|1700133056\n|switch|p2a: Kingdra|Kingdra, M|100\/100\n|-damage|p2a: Kingdra|88\/100|[from] Spikes\n|turn|2\n|\n|t:|1700133072\n|move|p1a: Chesnaught|Spiky Shield|p1a: Chesnaught\n|-singleturn|p1a: Chesnaught|move: Protect\n|move|p2a: Kingdra|Agility|p2a: Kingdra\n|-boost|p2a: Kingdra|spe|2\n|\n|upkeep\n|turn|3\n|\n|t:|1700133086\n|move|p2a: Kingdra|Focus Energy|p2a: Kingdra\n|-start|p2a: Kingdra|move: Focus Energy\n|move|p1a: Chesnaught|Giga Drain|p2a: Kingdra\n|-damage|p2a: Kingdra|76\/100\n|\n|upkeep\n|turn|4\n|\n|t:|1700133101\n|move|p2a: Kingdra|Draco Meteor|p1a: Chesnaught\n|-crit|p1a: Chesnaught\n|-enditem|p1a: Chesnaught|Focus Sash\n|-damage|p1a: Chesnaught|1\/100\n|-unboost|p2a: Kingdra|spa|2\n|move|p1a: Chesnaught|Giga Drain|p2a: Kingdra\n|-damage|p2a: Kingdra|56\/100\n|-heal|p1a: Chesnaught|10\/100|[from] drain|[of] p2a: Kingdra\n|\n|upkeep\n|turn|5\n|\n|t:|1700133119\n|move|p2a: Kingdra|Surf|p1a: Chesnaught\n|-resisted|p1a: Chesnaught\n|-crit|p1a: Chesnaught\n|-damage|p1a: Chesnaught|0 fnt\n|faint|p1a: Chesnaught\n|\n|upkeep\n|inactive|Mattahouen has 120 seconds left.\n|\n|t:|1700133137\n|switch|p1a: Ferrothorn|Ferrothorn, M|100\/100\n|turn|6\n|\n|t:|1700133143\n|-terastallize|p2a: Kingdra|Steel\n|move|p2a: Kingdra|Draco Meteor|p1a: Ferrothorn\n|-resisted|p1a: Ferrothorn\n|-crit|p1a: Ferrothorn\n|-damage|p1a: Ferrothorn|54\/100\n|-unboost|p2a: Kingdra|spa|2\n|move|p1a: Ferrothorn|Leech Seed|p2a: Kingdra\n|-start|p2a: Kingdra|move: Leech Seed\n|\n|-heal|p1a: Ferrothorn|60\/100|[from] item: Leftovers\n|-damage|p2a: Kingdra|44\/100|[from] Leech Seed|[of] p1a: Ferrothorn\n|-heal|p1a: Ferrothorn|71\/100|[silent]\n|upkeep\n|turn|7\n|inactive|Mattahouen has 120 seconds left.\n|\n|t:|1700133160\n|move|p2a: Kingdra|Draco Meteor|p1a: Ferrothorn\n|-resisted|p1a: Ferrothorn\n|-crit|p1a: Ferrothorn\n|-damage|p1a: Ferrothorn|24\/100\n|-unboost|p2a: Kingdra|spa|2\n|move|p1a: Ferrothorn|Sandstorm|p1a: Ferrothorn\n|-weather|Sandstorm\n|\n|-weather|Sandstorm|[upkeep]\n|-heal|p1a: Ferrothorn|30\/100|[from] item: Leftovers\n|-damage|p2a: Kingdra|31\/100|[from] Leech Seed|[of] p1a: Ferrothorn\n|-heal|p1a: Ferrothorn|42\/100|[silent]\n|upkeep\n|turn|8\n|inactive|Mattahouen has 120 seconds left.\n|\n|t:|1700133177\n|move|p2a: Kingdra|Draco Meteor|p1a: Ferrothorn\n|-resisted|p1a: Ferrothorn\n|-crit|p1a: Ferrothorn\n|-damage|p1a: Ferrothorn|0 fnt\n|faint|p1a: Ferrothorn\n|\n|-weather|Sandstorm|[upkeep]\n|upkeep\n|\n|t:|1700133186\n|switch|p1a: Gardevoir|Gardevoir, F, shiny|100\/100\n|-ability|p1a: Gardevoir|Sniper|[from] ability: Trace|[of] p2a: Kingdra\n|turn|9\n|inactive|Mattahouen has 120 seconds left.\n|\n|t:|1700133191\n|move|p2a: Kingdra|Surf|p1a: Gardevoir\n|-crit|p1a: Gardevoir\n|-damage|p1a: Gardevoir|0 fnt\n|faint|p1a: Gardevoir\n|\n|-weather|Sandstorm|[upkeep]\n|upkeep\n|inactive|Mattahouen has 120 seconds left.\n|\n|t:|1700133202\n|switch|p1a: Malamar|Malamar, F, shiny|100\/100\n|turn|10\n|\n|t:|1700133206\n|move|p2a: Kingdra|Draco Meteor|p1a: Malamar\n|-crit|p1a: Malamar\n|-damage|p1a: Malamar|0 fnt\n|faint|p1a: Malamar\n|\n|-weather|Sandstorm|[upkeep]\n|upkeep\n|\n|t:|1700133212\n|switch|p1a: Hitmonlee|Hitmonlee, M, shiny|100\/100\n|turn|11\n|\n|t:|1700133217\n|move|p2a: Kingdra|Draco Meteor|p1a: Hitmonlee\n|-crit|p1a: Hitmonlee\n|-damage|p1a: Hitmonlee|0 fnt\n|faint|p1a: Hitmonlee\n|\n|-weather|none\n|upkeep\n|\n|t:|1700133224\n|switch|p1a: Ceruledge|Ceruledge, F|100\/100\n|turn|12\n|\n|t:|1700133228\n|move|p2a: Kingdra|Draco Meteor|p1a: Ceruledge\n|-crit|p1a: Ceruledge\n|-damage|p1a: Ceruledge|0 fnt\n|faint|p1a: Ceruledge\n|\n|win|team grabber\n|raw|Mattahouen's rating: 1127 &rarr; <strong>1093<\/strong><br \/>(-34 for losing)\n|raw|team grabber's rating: 1000 &rarr; <strong>1054<\/strong><br \/>(+54 for winning)\n","uploadtime":1700133232,"views":13,"p1id":"mattahouen","p2id":"teamgrabber","formatid":"gen9nationaldex","rating":1054,"private":0,"password":""}