{"id":"gen9nationaldex-1998017890","p1":"Eeeeeekkk777","p2":"syjrt","format":"[Gen 9] National Dex","log":"|html|<div class=\"broadcast-blue\"><strong>[Gen 9] National Dex is currently suspecting Sneasler! For information on how to participate check out the <a href=\"https:\/\/www.smogon.com\/forums\/threads\/sv-national-dex-suspect-8-just-dance.3731534\/\">suspect thread<\/a>.<\/strong><\/div>\n|j|\u2606Eeeeeekkk777\n|j|\u2606syjrt\n|t:|1700879549\n|gametype|singles\n|player|p1|Eeeeeekkk777|supernerd|1073\n|player|p2|syjrt|lady-gen4|1122\n|teamsize|p1|6\n|teamsize|p2|6\n|gen|9\n|tier|[Gen 9] National Dex\n|rated|\n|rule|HP Percentage Mod: HP is shown in percentages\n|rule|Endless Battle Clause: Forcing endless battles is banned\n|rule|OHKO Clause: OHKO moves are banned\n|rule|Evasion Clause: Evasion abilities, items, and moves are banned\n|rule|Evasion Abilities Clause: Evasion abilities are banned\n|rule|Evasion Items Clause: Evasion items are banned\n|rule|Evasion Moves Clause: Evasion moves are banned\n|rule|Species Clause: Limit one of each Pok\u00e9mon\n|rule|Sleep Clause Mod: Limit one foe put to sleep\n|clearpoke\n|poke|p1|Nidoking, M|\n|poke|p1|Skeledirge, M|\n|poke|p1|Gyarados, M|\n|poke|p1|Metagross|\n|poke|p1|Corviknight, F|\n|poke|p1|Ampharos, F|\n|poke|p2|Lopunny, F|\n|poke|p2|Chansey, F|\n|poke|p2|Zoroark-Hisui, F|\n|poke|p2|Hoopa-Unbound|\n|poke|p2|Mew|\n|poke|p2|Hatterene, F|\n|teampreview\n|\n|t:|1700879567\n|start\n|switch|p1a: Nidoking|Nidoking, M|100\/100\n|switch|p2a: Mew|Mew|100\/100\n|turn|1\n|\n|t:|1700879573\n|move|p2a: Mew|Stealth Rock|p1a: Nidoking\n|-sidestart|p1: Eeeeeekkk777|move: Stealth Rock\n|move|p1a: Nidoking|Stealth Rock|p2a: Mew\n|-sidestart|p2: syjrt|move: Stealth Rock\n|\n|upkeep\n|turn|2\n|\n|t:|1700879577\n|move|p2a: Mew|Spikes|p1a: Nidoking\n|-sidestart|p1: Eeeeeekkk777|Spikes\n|move|p1a: Nidoking|Toxic Spikes|p2a: Mew\n|-sidestart|p2: syjrt|move: Toxic Spikes\n|\n|upkeep\n|turn|3\n|\n|t:|1700879581\n|move|p2a: Mew|Spikes|p1a: Nidoking\n|-sidestart|p1: Eeeeeekkk777|Spikes\n|move|p1a: Nidoking|Toxic Spikes|p2a: Mew\n|-sidestart|p2: syjrt|move: Toxic Spikes\n|\n|upkeep\n|turn|4\n|\n|t:|1700879586\n|move|p2a: Mew|Toxic Spikes|p1a: Nidoking\n|-sidestart|p1: Eeeeeekkk777|move: Toxic Spikes\n|move|p1a: Nidoking|Super Fang|p2a: Mew\n|-damage|p2a: Mew|51\/100\n|-enditem|p2a: Mew|Red Card|[of] p1a: Nidoking\n|drag|p1a: Corviknight|Corviknight, F|100\/100\n|-damage|p1a: Corviknight|88\/100|[from] Stealth Rock\n|\n|upkeep\n|turn|5\n|\n|t:|1700879600\n|switch|p2a: Lopunny|Lopunny, F|100\/100\n|-damage|p2a: Lopunny|88\/100|[from] Stealth Rock\n|-status|p2a: Lopunny|tox\n|move|p1a: Corviknight|Iron Defense|p1a: Corviknight\n|-boost|p1a: Corviknight|def|2\n|\n|-damage|p2a: Lopunny|82\/100 tox|[from] psn\n|upkeep\n|turn|6\n|\n|t:|1700879608\n|detailschange|p2a: Lopunny|Lopunny-Mega, F\n|-mega|p2a: Lopunny|Lopunny|Lopunnite\n|move|p2a: Lopunny|Fake Out|p1a: Corviknight\n|-resisted|p1a: Corviknight\n|-damage|p1a: Corviknight|84\/100\n|-damage|p2a: Lopunny|66\/100 tox|[from] item: Rocky Helmet|[of] p1a: Corviknight\n|cant|p1a: Corviknight|flinch\n|\n|-damage|p2a: Lopunny|54\/100 tox|[from] psn\n|upkeep\n|turn|7\n|\n|t:|1700879617\n|move|p2a: Lopunny|Power-Up Punch|p1a: Corviknight\n|-damage|p1a: Corviknight|76\/100\n|-boost|p2a: Lopunny|atk|1\n|-damage|p2a: Lopunny|37\/100 tox|[from] item: Rocky Helmet|[of] p1a: Corviknight\n|move|p1a: Corviknight|Roost|p1a: Corviknight\n|-heal|p1a: Corviknight|100\/100\n|-singleturn|p1a: Corviknight|move: Roost\n|\n|-damage|p2a: Lopunny|20\/100 tox|[from] psn\n|upkeep\n|turn|8\n|\n|t:|1700879628\n|move|p2a: Lopunny|Power-Up Punch|p1a: Corviknight\n|-damage|p1a: Corviknight|87\/100\n|-boost|p2a: Lopunny|atk|1\n|-damage|p2a: Lopunny|3\/100 tox|[from] item: Rocky Helmet|[of] p1a: Corviknight\n|move|p1a: Corviknight|Body Press|p2a: Lopunny\n|-supereffective|p2a: Lopunny\n|-damage|p2a: Lopunny|0 fnt\n|faint|p2a: Lopunny\n|\n|upkeep\n|\n|t:|1700879634\n|switch|p2a: Mew|Mew|100\/100\n|-damage|p2a: Mew|88\/100|[from] Stealth Rock\n|-status|p2a: Mew|tox\n|turn|9\n|\n|t:|1700879649\n|move|p2a: Mew|Flamethrower|p1a: Corviknight\n|-supereffective|p1a: Corviknight\n|-damage|p1a: Corviknight|20\/100\n|move|p1a: Corviknight|Body Press|p2a: Mew\n|-immune|p2a: Mew\n|\n|-damage|p2a: Mew|82\/100 tox|[from] psn\n|upkeep\n|turn|10\n|\n|t:|1700879662\n|move|p2a: Mew|Flamethrower|p1a: Corviknight\n|-supereffective|p1a: Corviknight\n|-damage|p1a: Corviknight|0 fnt\n|faint|p1a: Corviknight\n|\n|-damage|p2a: Mew|70\/100 tox|[from] psn\n|upkeep\n|\n|t:|1700879675\n|switch|p1a: Nidoking|Nidoking, M|100\/100\n|-damage|p1a: Nidoking|94\/100|[from] Stealth Rock\n|-damage|p1a: Nidoking|78\/100|[from] Spikes\n|-sideend|p1: Eeeeeekkk777|move: Toxic Spikes|[of] p1a: Nidoking\n|turn|11\n|\n|t:|1700879687\n|switch|p2a: Hatterene|Hatterene, F|100\/100\n|-damage|p2a: Hatterene|88\/100|[from] Stealth Rock\n|-status|p2a: Hatterene|tox\n|move|p1a: Nidoking|Dragon Tail|p2a: Hatterene\n|-immune|p2a: Hatterene\n|\n|-heal|p2a: Hatterene|94\/100 tox|[from] item: Leftovers\n|-damage|p2a: Hatterene|88\/100 tox|[from] psn\n|upkeep\n|turn|12\n|\n|t:|1700879698\n|move|p1a: Nidoking|Super Fang|p2a: Hatterene\n|-damage|p2a: Hatterene|45\/100 tox\n|move|p2a: Hatterene|Calm Mind|p2a: Hatterene\n|-boost|p2a: Hatterene|spa|1\n|-boost|p2a: Hatterene|spd|1\n|\n|-heal|p2a: Hatterene|50\/100 tox|[from] item: Leftovers\n|-damage|p2a: Hatterene|39\/100 tox|[from] psn\n|upkeep\n|turn|13\n|\n|t:|1700879706\n|move|p1a: Nidoking|Super Fang|p2a: Hatterene\n|-damage|p2a: Hatterene|20\/100 tox\n|move|p2a: Hatterene|Psyshock|p1a: Nidoking\n|-supereffective|p1a: Nidoking\n|-damage|p1a: Nidoking|0 fnt\n|faint|p1a: Nidoking\n|\n|-heal|p2a: Hatterene|26\/100 tox|[from] item: Leftovers\n|-damage|p2a: Hatterene|8\/100 tox|[from] psn\n|upkeep\n|\n|t:|1700879719\n|switch|p1a: Ampharos|Ampharos, F|100\/100\n|-damage|p1a: Ampharos|88\/100|[from] Stealth Rock\n|-damage|p1a: Ampharos|71\/100|[from] Spikes\n|turn|14\n|\n|t:|1700879732\n|detailschange|p1a: Ampharos|Ampharos-Mega, F\n|-mega|p1a: Ampharos|Ampharos|Ampharosite\n|-ability|p1a: Ampharos|Mold Breaker\n|move|p1a: Ampharos|Signal Beam|p2a: Hatterene\n|-damage|p2a: Hatterene|0 fnt\n|faint|p2a: Hatterene\n|\n|upkeep\n|\n|t:|1700879741\n|switch|p2a: Chansey|Chansey, F|100\/100\n|-damage|p2a: Chansey|88\/100|[from] Stealth Rock\n|-status|p2a: Chansey|tox\n|turn|15\n|\n|t:|1700879750\n|move|p2a: Chansey|Light Screen|p2a: Chansey\n|-sidestart|p2: syjrt|move: Light Screen\n|move|p1a: Ampharos|Thunderbolt|p2a: Chansey\n|-damage|p2a: Chansey|79\/100 tox\n|\n|-damage|p2a: Chansey|73\/100 tox|[from] psn\n|upkeep\n|turn|16\n|\n|t:|1700879756\n|move|p2a: Chansey|Toxic|p1a: Ampharos\n|-status|p1a: Ampharos|tox\n|move|p1a: Ampharos|Thunderbolt|p2a: Chansey\n|-damage|p2a: Chansey|64\/100 tox\n|\n|-damage|p2a: Chansey|52\/100 tox|[from] psn\n|-damage|p1a: Ampharos|65\/100 tox|[from] psn\n|upkeep\n|turn|17\n|\n|t:|1700879763\n|switch|p1a: Metagross|Metagross|100\/100\n|-damage|p1a: Metagross|94\/100|[from] Stealth Rock\n|-damage|p1a: Metagross|78\/100|[from] Spikes\n|move|p2a: Chansey|Reflect|p2a: Chansey\n|-sidestart|p2: syjrt|Reflect\n|\n|-damage|p2a: Chansey|33\/100 tox|[from] psn\n|upkeep\n|turn|18\n|\n|t:|1700879775\n|-curestatus|p2a: Chansey|tox|[from] ability: Natural Cure\n|switch|p2a: Mew|Mew|70\/100 tox\n|-damage|p2a: Mew|58\/100 tox|[from] Stealth Rock\n|move|p1a: Metagross|Meteor Mash|p2a: Mew\n|-damage|p2a: Mew|14\/100 tox\n|replace|p2a: Zoroark|Zoroark-Hisui, F\n|-end|p2a: Zoroark|Illusion\n|\n|-damage|p2a: Zoroark|8\/100 tox|[from] psn\n|upkeep\n|turn|19\n|\n|t:|1700879786\n|move|p2a: Zoroark|Flamethrower|p1a: Metagross\n|-supereffective|p1a: Metagross\n|-damage|p1a: Metagross|6\/100\n|move|p1a: Metagross|Hammer Arm|p2a: Zoroark\n|-immune|p2a: Zoroark\n|\n|-damage|p2a: Zoroark|0 fnt|[from] psn\n|faint|p2a: Zoroark\n|-sideend|p2: syjrt|move: Light Screen\n|upkeep\n|\n|t:|1700879792\n|switch|p2a: Hoopa|Hoopa-Unbound|100\/100\n|-damage|p2a: Hoopa|88\/100|[from] Stealth Rock\n|-status|p2a: Hoopa|tox\n|turn|20\n|\n|t:|1700879803\n|move|p2a: Hoopa|Knock Off|p1a: Metagross\n|-supereffective|p1a: Metagross\n|-damage|p1a: Metagross|0 fnt\n|-enditem|p1a: Metagross|Wide Lens|[from] move: Knock Off|[of] p2a: Hoopa\n|faint|p1a: Metagross\n|\n|-damage|p2a: Hoopa|82\/100 tox|[from] psn\n|upkeep\n|\n|t:|1700879814\n|switch|p1a: Skeledirge|Skeledirge, M|100\/100\n|-damage|p1a: Skeledirge|75\/100|[from] Stealth Rock\n|-damage|p1a: Skeledirge|59\/100|[from] Spikes\n|turn|21\n|\n|t:|1700879821\n|move|p2a: Hoopa|Knock Off|p1a: Skeledirge\n|-supereffective|p1a: Skeledirge\n|-damage|p1a: Skeledirge|0 fnt\n|-enditem|p1a: Skeledirge|Throat Spray|[from] move: Knock Off|[of] p2a: Hoopa\n|faint|p1a: Skeledirge\n|\n|-damage|p2a: Hoopa|70\/100 tox|[from] psn\n|-sideend|p2: syjrt|Reflect\n|upkeep\n|\n|t:|1700879828\n|switch|p1a: Ampharos|Ampharos-Mega, F|65\/100 tox\n|-damage|p1a: Ampharos|53\/100 tox|[from] Stealth Rock\n|-damage|p1a: Ampharos|36\/100 tox|[from] Spikes\n|-ability|p1a: Ampharos|Mold Breaker\n|turn|22\n|\n|t:|1700879837\n|move|p2a: Hoopa|Knock Off|p1a: Ampharos\n|-damage|p1a: Ampharos|4\/100 tox\n|move|p1a: Ampharos|Dazzling Gleam|p2a: Hoopa\n|-supereffective|p2a: Hoopa\n|-damage|p2a: Hoopa|31\/100 tox\n|\n|-damage|p2a: Hoopa|13\/100 tox|[from] psn\n|-damage|p1a: Ampharos|0 fnt|[from] psn\n|faint|p1a: Ampharos\n|upkeep\n|\n|t:|1700879845\n|switch|p1a: Gyarados|Gyarados, M, shiny|100\/100\n|-damage|p1a: Gyarados|76\/100|[from] Stealth Rock\n|turn|23\n|\n|t:|1700879855\n|-terastallize|p1a: Gyarados|Water\n|move|p1a: Gyarados|Waterfall|p2a: Hoopa\n|-damage|p2a: Hoopa|0 fnt\n|faint|p2a: Hoopa\n|-ability|p1a: Gyarados|Moxie|boost\n|-boost|p1a: Gyarados|atk|1\n|\n|upkeep\n|\n|t:|1700879863\n|switch|p2a: Chansey|Chansey, F|33\/100\n|-damage|p2a: Chansey|21\/100|[from] Stealth Rock\n|-status|p2a: Chansey|tox\n|turn|24\n|\n|t:|1700879868\n|move|p1a: Gyarados|Waterfall|p2a: Chansey\n|-damage|p2a: Chansey|0 fnt\n|faint|p2a: Chansey\n|-ability|p1a: Gyarados|Moxie|boost\n|-boost|p1a: Gyarados|atk|1\n|\n|upkeep\n|\n|t:|1700879870\n|switch|p2a: Mew|Mew|51\/100\n|-damage|p2a: Mew|38\/100|[from] Stealth Rock\n|-status|p2a: Mew|tox\n|turn|25\n|\n|t:|1700879876\n|move|p1a: Gyarados|Waterfall|p2a: Mew\n|-damage|p2a: Mew|0 fnt\n|faint|p2a: Mew\n|\n|win|Eeeeeekkk777\n|raw|Eeeeeekkk777's rating: 1073 &rarr; <strong>1106<\/strong><br \/>(+33 for winning)\n|raw|syjrt's rating: 1122 &rarr; <strong>1093<\/strong><br \/>(-29 for losing)\n|l|\u2606syjrt\n","uploadtime":1700879893,"views":2,"p1id":"eeeeeekkk777","p2id":"syjrt","formatid":"gen9nationaldex","rating":1093,"private":0,"password":""}