{"id":"gen9nationaldex-1990472938","p1":"erdengbingwsh","p2":"As cheu","format":"[Gen 9] National Dex","log":"|j|\u2606erdengbingwsh\n|j|\u2606As cheu\n|t:|1699974197\n|gametype|singles\n|player|p1|erdengbingwsh|rosa|1548\n|player|p2|As cheu|officeworker|1535\n|teamsize|p1|6\n|teamsize|p2|6\n|gen|9\n|tier|[Gen 9] National Dex\n|rated|\n|rule|HP Percentage Mod: HP is shown in percentages\n|rule|Endless Battle Clause: Forcing endless battles is banned\n|rule|OHKO Clause: OHKO moves are banned\n|rule|Evasion Clause: Evasion abilities, items, and moves are banned\n|rule|Evasion Abilities Clause: Evasion abilities are banned\n|rule|Evasion Items Clause: Evasion items are banned\n|rule|Evasion Moves Clause: Evasion moves are banned\n|rule|Species Clause: Limit one of each Pok\u00e9mon\n|rule|Sleep Clause Mod: Limit one foe put to sleep\n|clearpoke\n|poke|p1|Tapu Koko|\n|poke|p1|Iron Valiant|\n|poke|p1|Sneasler, M|\n|poke|p1|Clodsire, F|\n|poke|p1|Corviknight, M|\n|poke|p1|Skeledirge, F|\n|poke|p2|Kabutops, M|\n|poke|p2|Steelix, M|\n|poke|p2|Hatterene, F|\n|poke|p2|Greninja-*, M|\n|poke|p2|Marowak-Alola, M|\n|poke|p2|Medicham, F|\n|teampreview\n|inactive|Battle timer is ON: inactive players will automatically lose when time's up. (requested by erdengbingwsh)\n|\n|t:|1699974207\n|start\n|switch|p1a: Tapu Koko|Tapu Koko, shiny|100\/100\n|switch|p2a: Steelix|Steelix, M|100\/100\n|-fieldstart|move: Electric Terrain|[from] ability: Electric Surge|[of] p1a: Tapu Koko\n|turn|1\n|\n|t:|1699974213\n|move|p1a: Tapu Koko|Taunt|p2a: Steelix\n|-start|p2a: Steelix|move: Taunt\n|cant|p2a: Steelix|move: Taunt|Stealth Rock\n|\n|upkeep\n|turn|2\n|\n|t:|1699974219\n|move|p1a: Tapu Koko|Reflect|p1a: Tapu Koko\n|-sidestart|p1: erdengbingwsh|Reflect\n|move|p2a: Steelix|Dragon Tail|p1a: Tapu Koko\n|-immune|p1a: Tapu Koko\n|\n|upkeep\n|turn|3\n|\n|t:|1699974225\n|move|p1a: Tapu Koko|U-turn|p2a: Steelix\n|-resisted|p2a: Steelix\n|-damage|p2a: Steelix|96\/100\n|-damage|p1a: Tapu Koko|84\/100|[from] item: Rocky Helmet|[of] p2a: Steelix\n|\n|t:|1699974242\n|switch|p1a: Iron Valiant|Iron Valiant|100\/100|[from] U-turn\n|-activate|p1a: Iron Valiant|ability: Quark Drive\n|-start|p1a: Iron Valiant|quarkdrivespe\n|move|p2a: Steelix|Earthquake|p1a: Iron Valiant\n|-damage|p1a: Iron Valiant|82\/100\n|\n|-end|p2a: Steelix|move: Taunt\n|upkeep\n|turn|4\n|inactive|As cheu has 120 seconds left.\n|\n|t:|1699974276\n|switch|p2a: Hatterene|Hatterene, F|100\/100\n|move|p1a: Iron Valiant|Close Combat|p2a: Hatterene\n|-resisted|p2a: Hatterene\n|-damage|p2a: Hatterene|83\/100\n|-unboost|p1a: Iron Valiant|def|1\n|-unboost|p1a: Iron Valiant|spd|1\n|-damage|p1a: Iron Valiant|72\/100|[from] item: Life Orb\n|\n|upkeep\n|turn|5\n|\n|t:|1699974291\n|move|p1a: Iron Valiant|Thunderbolt|p2a: Hatterene\n|-damage|p2a: Hatterene|56\/100\n|-damage|p1a: Iron Valiant|62\/100|[from] item: Life Orb\n|move|p2a: Hatterene|Draining Kiss|p1a: Iron Valiant\n|-supereffective|p1a: Iron Valiant\n|-damage|p1a: Iron Valiant|0 fnt\n|-heal|p2a: Hatterene|98\/100|[from] drain|[of] p1a: Iron Valiant\n|faint|p1a: Iron Valiant\n|-end|p1a: Iron Valiant|Quark Drive|[silent]\n|\n|-fieldend|move: Electric Terrain\n|upkeep\n|\n|t:|1699974307\n|switch|p1a: Tapu Koko|Tapu Koko, shiny|84\/100\n|-fieldstart|move: Electric Terrain|[from] ability: Electric Surge|[of] p1a: Tapu Koko\n|turn|6\n|\n|t:|1699974315\n|switch|p2a: Steelix|Steelix, M|96\/100\n|move|p1a: Tapu Koko|Light Screen|p1a: Tapu Koko\n|-sidestart|p1: erdengbingwsh|move: Light Screen\n|\n|upkeep\n|turn|7\n|\n|t:|1699974317\n|move|p1a: Tapu Koko|Taunt|p2a: Steelix\n|-start|p2a: Steelix|move: Taunt\n|cant|p2a: Steelix|move: Taunt|Stealth Rock\n|\n|upkeep\n|turn|8\n|\n|t:|1699974320\n|move|p1a: Tapu Koko|U-turn|p2a: Steelix\n|-resisted|p2a: Steelix\n|-damage|p2a: Steelix|91\/100\n|-damage|p1a: Tapu Koko|67\/100|[from] item: Rocky Helmet|[of] p2a: Steelix\n|\n|t:|1699974327\n|switch|p1a: Sneasler|Sneasler, M|100\/100|[from] U-turn\n|-enditem|p1a: Sneasler|Electric Seed\n|-boost|p1a: Sneasler|def|1|[from] item: Electric Seed\n|move|p2a: Steelix|Dragon Tail|p1a: Sneasler\n|-damage|p1a: Sneasler|94\/100\n|drag|p1a: Corviknight|Corviknight, M|100\/100\n|\n|upkeep\n|turn|9\n|\n|t:|1699974336\n|move|p1a: Corviknight|Brave Bird|p2a: Steelix\n|-resisted|p2a: Steelix\n|-damage|p2a: Steelix|82\/100\n|-damage|p1a: Corviknight|84\/100|[from] item: Rocky Helmet|[of] p2a: Steelix\n|-damage|p1a: Corviknight|81\/100|[from] Recoil\n|move|p2a: Steelix|Dragon Tail|p1a: Corviknight\n|-resisted|p1a: Corviknight\n|-crit|p1a: Corviknight\n|-damage|p1a: Corviknight|76\/100\n|-damage|p2a: Steelix|65\/100|[from] item: Rocky Helmet|[of] p1a: Corviknight\n|drag|p1a: Tapu Koko|Tapu Koko, shiny|67\/100\n|\n|-end|p2a: Steelix|move: Taunt\n|-sideend|p1: erdengbingwsh|Reflect\n|upkeep\n|turn|10\n|\n|t:|1699974346\n|move|p1a: Tapu Koko|Reflect|p1a: Tapu Koko\n|-sidestart|p1: erdengbingwsh|Reflect\n|move|p2a: Steelix|Earthquake|p1a: Tapu Koko\n|-supereffective|p1a: Tapu Koko\n|-damage|p1a: Tapu Koko|31\/100\n|\n|-fieldend|move: Electric Terrain\n|upkeep\n|turn|11\n|\n|t:|1699974351\n|move|p1a: Tapu Koko|U-turn|p2a: Steelix\n|-resisted|p2a: Steelix\n|-damage|p2a: Steelix|60\/100\n|-damage|p1a: Tapu Koko|15\/100|[from] item: Rocky Helmet|[of] p2a: Steelix\n|\n|t:|1699974355\n|switch|p1a: Corviknight|Corviknight, M|76\/100|[from] U-turn\n|move|p2a: Steelix|Earthquake|p1a: Corviknight\n|-immune|p1a: Corviknight\n|\n|upkeep\n|turn|12\n|\n|t:|1699974359\n|move|p1a: Corviknight|U-turn|p2a: Steelix\n|-resisted|p2a: Steelix\n|-damage|p2a: Steelix|56\/100\n|-damage|p1a: Corviknight|59\/100|[from] item: Rocky Helmet|[of] p2a: Steelix\n|\n|t:|1699974361\n|switch|p1a: Tapu Koko|Tapu Koko, shiny|15\/100|[from] U-turn\n|-fieldstart|move: Electric Terrain|[from] ability: Electric Surge|[of] p1a: Tapu Koko\n|move|p2a: Steelix|Stealth Rock|p1a: Tapu Koko\n|-sidestart|p1: erdengbingwsh|move: Stealth Rock\n|\n|upkeep\n|turn|13\n|\n|t:|1699974364\n|move|p1a: Tapu Koko|Taunt|p2a: Steelix\n|-start|p2a: Steelix|move: Taunt\n|move|p2a: Steelix|Earthquake|p1a: Tapu Koko\n|-supereffective|p1a: Tapu Koko\n|-damage|p1a: Tapu Koko|0 fnt\n|faint|p1a: Tapu Koko\n|\n|-sideend|p1: erdengbingwsh|move: Light Screen\n|upkeep\n|\n|t:|1699974370\n|switch|p1a: Sneasler|Sneasler, M|94\/100\n|-damage|p1a: Sneasler|88\/100|[from] Stealth Rock\n|turn|14\n|\n|t:|1699974375\n|move|p1a: Sneasler|Close Combat|p2a: Steelix\n|-supereffective|p2a: Steelix\n|-damage|p2a: Steelix|0 fnt\n|-unboost|p1a: Sneasler|def|1\n|-unboost|p1a: Sneasler|spd|1\n|-damage|p1a: Sneasler|71\/100|[from] item: Rocky Helmet|[of] p2a: Steelix\n|faint|p2a: Steelix\n|\n|upkeep\n|\n|t:|1699974380\n|switch|p2a: Marowak|Marowak-Alola, M|100\/100\n|turn|15\n|\n|t:|1699974385\n|move|p1a: Sneasler|Night Slash|p2a: Marowak\n|-supereffective|p2a: Marowak\n|-damage|p2a: Marowak|44\/100\n|move|p2a: Marowak|Fire Punch|p1a: Sneasler\n|-damage|p1a: Sneasler|14\/100\n|\n|upkeep\n|turn|16\n|\n|t:|1699974398\n|move|p1a: Sneasler|Acrobatics|p2a: Marowak\n|-damage|p2a: Marowak|1\/100\n|move|p2a: Marowak|Fire Punch|p1a: Sneasler\n|-damage|p1a: Sneasler|0 fnt\n|faint|p1a: Sneasler\n|\n|-fieldend|move: Electric Terrain\n|upkeep\n|\n|t:|1699974403\n|switch|p1a: Corviknight|Corviknight, M|59\/100\n|-damage|p1a: Corviknight|47\/100|[from] Stealth Rock\n|turn|17\n|\n|t:|1699974412\n|-terastallize|p1a: Corviknight|Dragon\n|move|p1a: Corviknight|Defog|p2a: Marowak\n|-unboost|p2a: Marowak|evasion|1\n|-sideend|p1: erdengbingwsh|Stealth Rock|[from] move: Defog|[of] p1a: Corviknight\n|move|p2a: Marowak|Pain Split|p1a: Corviknight\n|-sethp|p1a: Corviknight|24\/100|[from] move: Pain Split|[silent]\n|-sethp|p2a: Marowak|30\/100|[from] move: Pain Split\n|\n|-sideend|p1: erdengbingwsh|Reflect\n|upkeep\n|turn|18\n|j| Kawaii Irene\n|\n|t:|1699974418\n|switch|p2a: Hatterene|Hatterene, F|98\/100\n|move|p1a: Corviknight|Roost|p1a: Corviknight\n|-heal|p1a: Corviknight|74\/100\n|\n|upkeep\n|turn|19\n|\n|t:|1699974423\n|move|p1a: Corviknight|U-turn|p2a: Hatterene\n|-damage|p2a: Hatterene|82\/100\n|\n|t:|1699974425\n|switch|p1a: Clodsire|Clodsire, F|100\/100|[from] U-turn\n|move|p2a: Hatterene|Nuzzle|p1a: Clodsire\n|-immune|p1a: Clodsire\n|\n|upkeep\n|turn|20\n|\n|t:|1699974428\n|move|p2a: Hatterene|Psyshock|p1a: Clodsire\n|-supereffective|p1a: Clodsire\n|-damage|p1a: Clodsire|14\/100\n|move|p1a: Clodsire|Earthquake|p2a: Hatterene\n|-damage|p2a: Hatterene|56\/100\n|\n|upkeep\n|turn|21\n|\n|t:|1699974433\n|move|p2a: Hatterene|Psyshock|p1a: Clodsire\n|-supereffective|p1a: Clodsire\n|-damage|p1a: Clodsire|0 fnt\n|faint|p1a: Clodsire\n|\n|upkeep\n|\n|t:|1699974436\n|switch|p1a: Skeledirge|Skeledirge, F|100\/100\n|turn|22\n|\n|t:|1699974438\n|move|p1a: Skeledirge|Torch Song|p2a: Hatterene\n|-damage|p2a: Hatterene|39\/100\n|-boost|p1a: Skeledirge|spa|1\n|move|p2a: Hatterene|Nuzzle|p1a: Skeledirge\n|-damage|p1a: Skeledirge|98\/100\n|-status|p1a: Skeledirge|par\n|\n|upkeep\n|turn|23\n|\n|t:|1699974441\n|switch|p2a: Marowak|Marowak-Alola, M|30\/100\n|move|p1a: Skeledirge|Torch Song|p2a: Marowak\n|-resisted|p2a: Marowak\n|-damage|p2a: Marowak|6\/100\n|-boost|p1a: Skeledirge|spa|1\n|\n|upkeep\n|turn|24\n|\n|t:|1699974446\n|move|p2a: Marowak|Pain Split|p1a: Skeledirge\n|-sethp|p1a: Skeledirge|52\/100 par|[from] move: Pain Split|[silent]\n|-sethp|p2a: Marowak|65\/100|[from] move: Pain Split\n|cant|p1a: Skeledirge|par\n|\n|upkeep\n|turn|25\n|\n|t:|1699974451\n|move|p2a: Marowak|Poltergeist|p1a: Skeledirge\n|-activate|p1a: Skeledirge|move: Poltergeist|Heavy-Duty Boots\n|-supereffective|p1a: Skeledirge\n|-damage|p1a: Skeledirge|0 fnt\n|faint|p1a: Skeledirge\n|\n|upkeep\n|-message|erdengbingwsh forfeited.\n|\n|win|As cheu\n|raw|erdengbingwsh's rating: 1548 &rarr; <strong>1527<\/strong><br \/>(-21 for losing)\n|raw|As cheu's rating: 1535 &rarr; <strong>1556<\/strong><br \/>(+21 for winning)\n|l|\u2606erdengbingwsh\n","uploadtime":1699974461,"views":5,"p1id":"erdengbingwsh","p2id":"ascheu","formatid":"gen9nationaldex","rating":1527,"private":0,"password":""}