{"id":"gen9nationaldex-1996635204","p1":"ninjinha0202","p2":"Genesect678","format":"[Gen 9] National Dex","log":"|html|<div class=\"broadcast-blue\"><strong>[Gen 9] National Dex is currently suspecting Sneasler! For information on how to participate check out the <a href=\"https:\/\/www.smogon.com\/forums\/threads\/sv-national-dex-suspect-8-just-dance.3731534\/\">suspect thread<\/a>.<\/strong><\/div>\n|j|\u2606ninjinha0202\n|j|\u2606Genesect678\n|t:|1700703334\n|gametype|singles\n|player|p1|ninjinha0202|265|1075\n|player|p2|Genesect678|rancher|1088\n|teamsize|p1|6\n|teamsize|p2|6\n|gen|9\n|tier|[Gen 9] National Dex\n|rated|\n|rule|HP Percentage Mod: HP is shown in percentages\n|rule|Endless Battle Clause: Forcing endless battles is banned\n|rule|OHKO Clause: OHKO moves are banned\n|rule|Evasion Clause: Evasion abilities, items, and moves are banned\n|rule|Evasion Abilities Clause: Evasion abilities are banned\n|rule|Evasion Items Clause: Evasion items are banned\n|rule|Evasion Moves Clause: Evasion moves are banned\n|rule|Species Clause: Limit one of each Pok\u00e9mon\n|rule|Sleep Clause Mod: Limit one foe put to sleep\n|clearpoke\n|poke|p1|Tyranitar, M|\n|poke|p1|Excadrill, F|\n|poke|p1|Hawlucha, M|\n|poke|p1|Hydreigon, M|\n|poke|p1|Emboar, F|\n|poke|p1|Gengar, F|\n|poke|p2|Spinda, F|\n|poke|p2|Ursaluna, F|\n|poke|p2|Bewear, M|\n|poke|p2|Pangoro, F|\n|poke|p2|Urshifu-*, M|\n|poke|p2|Beartic, F|\n|teampreview\n|inactive|Battle timer is ON: inactive players will automatically lose when time's up. (requested by Genesect678)\n|inactive|ninjinha0202 also wants the timer to be on.\n|\n|t:|1700703345\n|start\n|switch|p1a: Tyranitar|Tyranitar, M|100\/100\n|switch|p2a: Urshifu|Urshifu-Rapid-Strike, M|100\/100\n|-weather|Sandstorm|[from] ability: Sand Stream|[of] p1a: Tyranitar\n|turn|1\n|\n|t:|1700703354\n|-terastallize|p1a: Tyranitar|Ghost\n|move|p2a: Urshifu|Swords Dance|p2a: Urshifu\n|-boost|p2a: Urshifu|atk|2\n|move|p1a: Tyranitar|Aerial Ace|p2a: Urshifu\n|-supereffective|p2a: Urshifu\n|-damage|p2a: Urshifu|55\/100\n|\n|-weather|Sandstorm|[upkeep]\n|-damage|p2a: Urshifu|49\/100|[from] Sandstorm\n|-damage|p1a: Tyranitar|94\/100|[from] Sandstorm\n|upkeep\n|turn|2\n|\n|t:|1700703367\n|move|p2a: Urshifu|Surging Strikes|p1a: Tyranitar\n|-crit|p1a: Tyranitar\n|-damage|p1a: Tyranitar|66\/100\n|-crit|p1a: Tyranitar\n|-damage|p1a: Tyranitar|38\/100\n|-crit|p1a: Tyranitar\n|-damage|p1a: Tyranitar|8\/100\n|-hitcount|p1a: Tyranitar|3\n|move|p1a: Tyranitar|Aerial Ace|p2a: Urshifu\n|-supereffective|p2a: Urshifu\n|-damage|p2a: Urshifu|0 fnt\n|faint|p2a: Urshifu\n|\n|-weather|Sandstorm|[upkeep]\n|-damage|p1a: Tyranitar|2\/100|[from] Sandstorm\n|upkeep\n|\n|t:|1700703382\n|switch|p2a: Panda? Koala?|Spinda, F|100\/100\n|turn|3\n|\n|t:|1700703401\n|move|p1a: Tyranitar|Earthquake|p2a: Panda? Koala?\n|-damage|p2a: Panda? Koala?|26\/100\n|move|p2a: Panda? Koala?|Trick Room|p2a: Panda? Koala?\n|-fieldstart|move: Trick Room|[of] p2a: Panda? Koala?\n|\n|-weather|Sandstorm|[upkeep]\n|-damage|p2a: Panda? Koala?|20\/100|[from] Sandstorm\n|-damage|p1a: Tyranitar|0 fnt|[from] Sandstorm\n|faint|p1a: Tyranitar\n|upkeep\n|\n|t:|1700703409\n|switch|p1a: Emboar|Emboar, F|100\/100\n|turn|4\n|\n|t:|1700703416\n|move|p2a: Panda? Koala?|Zen Headbutt|p1a: Emboar\n|-supereffective|p1a: Emboar\n|-damage|p1a: Emboar|56\/100\n|move|p1a: Emboar|Brick Break|p2a: Panda? Koala?\n|-supereffective|p2a: Panda? Koala?\n|-damage|p2a: Panda? Koala?|0 fnt\n|faint|p2a: Panda? Koala?\n|-damage|p1a: Emboar|46\/100|[from] item: Life Orb\n|\n|-weather|Sandstorm|[upkeep]\n|-damage|p1a: Emboar|40\/100|[from] Sandstorm\n|upkeep\n|\n|t:|1700703438\n|switch|p2a: Dood Moon|Ursaluna, F|100\/100\n|turn|5\n|\n|t:|1700703453\n|switch|p1a: Hydreigon|Hydreigon, M|100\/100\n|move|p2a: Dood Moon|Protect||[still]\n|-fail|p2a: Dood Moon\n|\n|-weather|Sandstorm|[upkeep]\n|-damage|p1a: Hydreigon|94\/100|[from] Sandstorm\n|-status|p2a: Dood Moon|brn|[from] item: Flame Orb\n|upkeep\n|turn|6\n|\n|t:|1700703469\n|switch|p1a: Gengar|Gengar, F|100\/100\n|move|p2a: Dood Moon|Facade|p1a: Gengar\n|-immune|p1a: Gengar\n|\n|-weather|Sandstorm|[upkeep]\n|-damage|p1a: Gengar|94\/100|[from] Sandstorm\n|-damage|p2a: Dood Moon|94\/100 brn|[from] brn\n|upkeep\n|turn|7\n|inactive|ninjinha0202 has 120 seconds left.\n|inactive|Genesect678 has 120 seconds left.\n|\n|t:|1700703498\n|move|p2a: Dood Moon|Facade|p1a: Gengar\n|-immune|p1a: Gengar\n|move|p1a: Gengar|Sludge Wave|p2a: Dood Moon\n|-resisted|p2a: Dood Moon\n|-damage|p2a: Dood Moon|68\/100 brn\n|-damage|p1a: Gengar|84\/100|[from] item: Life Orb\n|\n|-weather|Sandstorm|[upkeep]\n|-damage|p1a: Gengar|78\/100|[from] Sandstorm\n|-damage|p2a: Dood Moon|62\/100 brn|[from] brn\n|-fieldend|move: Trick Room\n|upkeep\n|turn|8\n|inactive|ninjinha0202 has 120 seconds left.\n|inactive|Genesect678 has 120 seconds left.\n|\n|t:|1700703510\n|switch|p1a: Hawlucha|Hawlucha, M|100\/100\n|move|p2a: Dood Moon|Earthquake|p1a: Hawlucha\n|-immune|p1a: Hawlucha\n|\n|-weather|none\n|-damage|p2a: Dood Moon|56\/100 brn|[from] brn\n|upkeep\n|turn|9\n|\n|t:|1700703519\n|move|p1a: Hawlucha|Close Combat|p2a: Dood Moon\n|-supereffective|p2a: Dood Moon\n|-damage|p2a: Dood Moon|0 fnt\n|-unboost|p1a: Hawlucha|def|1\n|-unboost|p1a: Hawlucha|spd|1\n|faint|p2a: Dood Moon\n|\n|upkeep\n|\n|t:|1700703526\n|switch|p2a: Hugmister|Bewear, M|100\/100\n|turn|10\n|\n|t:|1700703534\n|-terastallize|p2a: Hugmister|Ghost\n|move|p1a: Hawlucha|Close Combat|p2a: Hugmister\n|-immune|p2a: Hugmister\n|move|p2a: Hugmister|Bulk Up|p2a: Hugmister\n|-boost|p2a: Hugmister|atk|1\n|-boost|p2a: Hugmister|def|1\n|\n|upkeep\n|turn|11\n|\n|t:|1700703547\n|move|p1a: Hawlucha|Swords Dance|p1a: Hawlucha\n|-boost|p1a: Hawlucha|atk|2\n|move|p2a: Hugmister|Bulk Up|p2a: Hugmister\n|-boost|p2a: Hugmister|atk|1\n|-boost|p2a: Hugmister|def|1\n|\n|upkeep\n|turn|12\n|\n|t:|1700703558\n|move|p1a: Hawlucha|Acrobatics|p2a: Hugmister\n|-damage|p2a: Hugmister|91\/100\n|move|p2a: Hugmister|Drain Punch|p1a: Hawlucha\n|-resisted|p1a: Hawlucha\n|-damage|p1a: Hawlucha|25\/100\n|-heal|p2a: Hugmister|100\/100|[from] drain|[of] p1a: Hawlucha\n|-enditem|p1a: Hawlucha|Sitrus Berry|[eat]\n|-heal|p1a: Hawlucha|49\/100|[from] item: Sitrus Berry\n|\n|upkeep\n|turn|13\n|\n|t:|1700703568\n|move|p1a: Hawlucha|Acrobatics|p2a: Hugmister\n|-damage|p2a: Hugmister|83\/100\n|move|p2a: Hugmister|Drain Punch|p1a: Hawlucha\n|-resisted|p1a: Hawlucha\n|-damage|p1a: Hawlucha|0 fnt\n|-heal|p2a: Hugmister|100\/100|[from] drain|[of] p1a: Hawlucha\n|faint|p1a: Hawlucha\n|\n|upkeep\n|\n|t:|1700703573\n|switch|p1a: Gengar|Gengar, F|78\/100\n|turn|14\n|\n|t:|1700703580\n|move|p1a: Gengar|Shadow Ball|p2a: Hugmister\n|-supereffective|p2a: Hugmister\n|-damage|p2a: Hugmister|0 fnt\n|faint|p2a: Hugmister\n|-damage|p1a: Gengar|68\/100|[from] item: Life Orb\n|\n|upkeep\n|\n|t:|1700703586\n|switch|p2a: Pangoro|Pangoro, F|100\/100\n|turn|15\n|\n|t:|1700703597\n|move|p1a: Gengar|Shadow Ball|p2a: Pangoro\n|-resisted|p2a: Pangoro\n|-damage|p2a: Pangoro|75\/100\n|-damage|p1a: Gengar|58\/100|[from] item: Life Orb\n|move|p2a: Pangoro|Knock Off|p1a: Gengar\n|-supereffective|p1a: Gengar\n|-damage|p1a: Gengar|0 fnt\n|-start|p2a: Pangoro|Disable|Knock Off|[from] ability: Cursed Body|[of] p1a: Gengar\n|-enditem|p1a: Gengar|Life Orb|[from] move: Knock Off|[of] p2a: Pangoro\n|faint|p1a: Gengar\n|\n|upkeep\n|\n|t:|1700703603\n|switch|p1a: Hydreigon|Hydreigon, M|94\/100\n|turn|16\n|\n|t:|1700703611\n|move|p1a: Hydreigon|Draco Meteor|p2a: Pangoro|[miss]\n|-miss|p1a: Hydreigon|p2a: Pangoro\n|move|p2a: Pangoro|Parting Shot|p1a: Hydreigon\n|-unboost|p1a: Hydreigon|atk|1\n|-unboost|p1a: Hydreigon|spa|1\n|\n|t:|1700703617\n|switch|p2a: Beartic|Beartic, F|100\/100|[from] Parting Shot\n|\n|upkeep\n|turn|17\n|\n|t:|1700703625\n|switch|p1a: Emboar|Emboar, F|40\/100\n|move|p2a: Beartic|Snowscape|p2a: Beartic\n|-weather|Snow\n|\n|-weather|Snow|[upkeep]\n|upkeep\n|turn|18\n|\n|t:|1700703634\n|move|p2a: Beartic|Liquidation|p1a: Emboar\n|-supereffective|p1a: Emboar\n|-damage|p1a: Emboar|0 fnt\n|faint|p1a: Emboar\n|\n|-weather|Snow|[upkeep]\n|upkeep\n|\n|t:|1700703641\n|switch|p1a: Excadrill|Excadrill, F|100\/100\n|turn|19\n|\n|t:|1700703646\n|move|p1a: Excadrill|Iron Head|p2a: Beartic\n|-supereffective|p2a: Beartic\n|-damage|p2a: Beartic|0 fnt\n|faint|p2a: Beartic\n|-damage|p1a: Excadrill|91\/100|[from] item: Life Orb\n|\n|-weather|Snow|[upkeep]\n|upkeep\n|\n|t:|1700703653\n|switch|p2a: Pangoro|Pangoro, F|75\/100\n|turn|20\n|c|\u2606ninjinha0202|Snow doesnt double its speed?\n|\n|t:|1700703665\n|move|p1a: Excadrill|Brick Break|p2a: Pangoro\n|-supereffective|p2a: Pangoro\n|-damage|p2a: Pangoro|11\/100\n|-damage|p1a: Excadrill|81\/100|[from] item: Life Orb\n|move|p2a: Pangoro|Hammer Arm|p1a: Excadrill\n|-supereffective|p1a: Excadrill\n|-damage|p1a: Excadrill|0 fnt\n|-unboost|p2a: Pangoro|spe|1\n|faint|p1a: Excadrill\n|\n|-weather|Snow|[upkeep]\n|upkeep\n|\n|t:|1700703668\n|switch|p1a: Hydreigon|Hydreigon, M|94\/100\n|turn|21\n|c|\u2606ninjinha0202|Gg\n|\n|t:|1700703680\n|move|p1a: Hydreigon|Surf|p2a: Pangoro\n|-damage|p2a: Pangoro|0 fnt\n|faint|p2a: Pangoro\n|-damage|p1a: Hydreigon|85\/100|[from] item: Life Orb\n|\n|win|ninjinha0202\n|raw|ninjinha0202's rating: 1075 &rarr; <strong>1105<\/strong><br \/>(+30 for winning)\n|raw|Genesect678's rating: 1088 &rarr; <strong>1064<\/strong><br \/>(-24 for losing)\n|l|\u2606Genesect678\n","uploadtime":1700703715,"views":1,"p1id":"ninjinha0202","p2id":"genesect678","formatid":"gen9nationaldex","rating":1064,"private":0,"password":""}