{"id":"gen9nationaldex-1988772541","p1":"flysix","p2":"jkljlkh","format":"[Gen 9] National Dex","log":"|j|\u2606flysix\n|j|\u2606jkljlkh\n|t:|1699761169\n|gametype|singles\n|player|p1|flysix|rosa|1499\n|player|p2|jkljlkh|169|1604\n|teamsize|p1|6\n|teamsize|p2|6\n|gen|9\n|tier|[Gen 9] National Dex\n|rated|\n|rule|HP Percentage Mod: HP is shown in percentages\n|rule|Endless Battle Clause: Forcing endless battles is banned\n|rule|OHKO Clause: OHKO moves are banned\n|rule|Evasion Clause: Evasion abilities, items, and moves are banned\n|rule|Evasion Abilities Clause: Evasion abilities are banned\n|rule|Evasion Items Clause: Evasion items are banned\n|rule|Evasion Moves Clause: Evasion moves are banned\n|rule|Species Clause: Limit one of each Pok\u00e9mon\n|rule|Sleep Clause Mod: Limit one foe put to sleep\n|clearpoke\n|poke|p1|Scizor, M|\n|poke|p1|Zapdos|\n|poke|p1|Serperior, F|\n|poke|p1|Urshifu-*, M|\n|poke|p1|Clodsire, M|\n|poke|p1|Aerodactyl, F|\n|poke|p2|Toxapex, F|\n|poke|p2|Dondozo, M|\n|poke|p2|Gliscor, M|\n|poke|p2|Blissey, F|\n|poke|p2|Corviknight, M|\n|poke|p2|Tyranitar, F|\n|teampreview\n|\n|t:|1699761176\n|start\n|switch|p1a: \u86c7\u86c7|Serperior, F|100\/100\n|switch|p2a: Gliscor|Gliscor, M|100\/100\n|turn|1\n|inactive|Battle timer is ON: inactive players will automatically lose when time's up. (requested by flysix)\n|\n|t:|1699761181\n|move|p1a: \u86c7\u86c7|Substitute|p1a: \u86c7\u86c7\n|-start|p1a: \u86c7\u86c7|Substitute\n|-damage|p1a: \u86c7\u86c7|76\/100\n|move|p2a: Gliscor|Toxic||[still]\n|-fail|p2a: Gliscor\n|\n|-heal|p1a: \u86c7\u86c7|82\/100|[from] item: Leftovers\n|-status|p2a: Gliscor|tox|[from] item: Toxic Orb\n|upkeep\n|turn|2\n|\n|t:|1699761185\n|switch|p2a: Corviknight|Corviknight, M|100\/100\n|-ability|p2a: Corviknight|Pressure\n|move|p1a: \u86c7\u86c7|Leech Seed|p2a: Corviknight\n|-start|p2a: Corviknight|move: Leech Seed\n|\n|-heal|p1a: \u86c7\u86c7|88\/100|[from] item: Leftovers\n|-damage|p2a: Corviknight|88\/100|[from] Leech Seed|[of] p1a: \u86c7\u86c7\n|-heal|p1a: \u86c7\u86c7|100\/100|[silent]\n|upkeep\n|turn|3\n|\n|t:|1699761189\n|switch|p2a: Blissey|Blissey, F|100\/100\n|move|p1a: \u86c7\u86c7|Leaf Storm|p2a: Blissey\n|-damage|p2a: Blissey|88\/100\n|-boost|p1a: \u86c7\u86c7|spa|2\n|\n|upkeep\n|turn|4\n|\n|t:|1699761192\n|switch|p2a: Corviknight|Corviknight, M|88\/100\n|-ability|p2a: Corviknight|Pressure\n|move|p1a: \u86c7\u86c7|Leech Seed|p2a: Corviknight\n|-start|p2a: Corviknight|move: Leech Seed\n|\n|-heal|p2a: Corviknight|94\/100|[from] item: Leftovers\n|-damage|p2a: Corviknight|82\/100|[from] Leech Seed|[of] p1a: \u86c7\u86c7\n|upkeep\n|turn|5\n|\n|t:|1699761196\n|switch|p2a: Blissey|Blissey, F|88\/100\n|move|p1a: \u86c7\u86c7|Leaf Storm|p2a: Blissey\n|-damage|p2a: Blissey|61\/100\n|-boost|p1a: \u86c7\u86c7|spa|2\n|\n|upkeep\n|turn|6\n|\n|t:|1699761202\n|move|p1a: \u86c7\u86c7|Leaf Storm|p2a: Blissey\n|-damage|p2a: Blissey|26\/100\n|-boost|p1a: \u86c7\u86c7|spa|2\n|move|p2a: Blissey|Soft-Boiled|p2a: Blissey\n|-heal|p2a: Blissey|76\/100\n|\n|upkeep\n|turn|7\n|\n|t:|1699761218\n|switch|p2a: Corviknight|Corviknight, M|82\/100\n|-ability|p2a: Corviknight|Pressure\n|move|p1a: \u86c7\u86c7|Leaf Storm|p2a: Corviknight\n|-resisted|p2a: Corviknight\n|-damage|p2a: Corviknight|50\/100\n|\n|-heal|p2a: Corviknight|57\/100|[from] item: Leftovers\n|upkeep\n|turn|8\n|\n|t:|1699761224\n|move|p2a: Corviknight|Protect|p2a: Corviknight\n|-singleturn|p2a: Corviknight|Protect\n|move|p1a: \u86c7\u86c7|Hidden Power|p2a: Corviknight\n|-activate|p2a: Corviknight|move: Protect\n|\n|-heal|p2a: Corviknight|63\/100|[from] item: Leftovers\n|upkeep\n|turn|9\n|\n|t:|1699761230\n|switch|p2a: Blissey|Blissey, F|76\/100\n|move|p1a: \u86c7\u86c7|Leech Seed|p2a: Blissey\n|-start|p2a: Blissey|move: Leech Seed\n|\n|-damage|p2a: Blissey|64\/100|[from] Leech Seed|[of] p1a: \u86c7\u86c7\n|upkeep\n|turn|10\n|\n|t:|1699761234\n|switch|p2a: Corviknight|Corviknight, M|63\/100\n|-ability|p2a: Corviknight|Pressure\n|move|p1a: \u86c7\u86c7|Leech Seed|p2a: Corviknight\n|-start|p2a: Corviknight|move: Leech Seed\n|\n|-heal|p2a: Corviknight|69\/100|[from] item: Leftovers\n|-damage|p2a: Corviknight|57\/100|[from] Leech Seed|[of] p1a: \u86c7\u86c7\n|upkeep\n|turn|11\n|\n|t:|1699761241\n|switch|p2a: Blissey|Blissey, F|64\/100\n|move|p1a: \u86c7\u86c7|Leech Seed|p2a: Blissey\n|-start|p2a: Blissey|move: Leech Seed\n|\n|-damage|p2a: Blissey|51\/100|[from] Leech Seed|[of] p1a: \u86c7\u86c7\n|upkeep\n|turn|12\n|\n|t:|1699761245\n|move|p1a: \u86c7\u86c7|Hidden Power|p2a: Blissey\n|-damage|p2a: Blissey|35\/100\n|move|p2a: Blissey|Soft-Boiled|p2a: Blissey\n|-heal|p2a: Blissey|85\/100\n|\n|-damage|p2a: Blissey|73\/100|[from] Leech Seed|[of] p1a: \u86c7\u86c7\n|upkeep\n|turn|13\n|\n|t:|1699761250\n|switch|p2a: Corviknight|Corviknight, M|57\/100\n|-ability|p2a: Corviknight|Pressure\n|move|p1a: \u86c7\u86c7|Hidden Power|p2a: Corviknight\n|-supereffective|p2a: Corviknight\n|-damage|p2a: Corviknight|0 fnt\n|faint|p2a: Corviknight\n|\n|upkeep\n|\n|t:|1699761252\n|switch|p2a: Blissey|Blissey, F|73\/100\n|turn|14\n|\n|t:|1699761257\n|move|p1a: \u86c7\u86c7|Leech Seed|p2a: Blissey|[miss]\n|-miss|p1a: \u86c7\u86c7|p2a: Blissey\n|move|p2a: Blissey|Calm Mind|p2a: Blissey\n|-boost|p2a: Blissey|spa|1\n|-boost|p2a: Blissey|spd|1\n|\n|upkeep\n|turn|15\n|\n|t:|1699761261\n|move|p1a: \u86c7\u86c7|Leech Seed|p2a: Blissey|[miss]\n|-miss|p1a: \u86c7\u86c7|p2a: Blissey\n|move|p2a: Blissey|Calm Mind|p2a: Blissey\n|-boost|p2a: Blissey|spa|1\n|-boost|p2a: Blissey|spd|1\n|\n|upkeep\n|turn|16\n|\n|t:|1699761264\n|move|p1a: \u86c7\u86c7|Leech Seed|p2a: Blissey\n|-start|p2a: Blissey|move: Leech Seed\n|move|p2a: Blissey|Seismic Toss|p1a: \u86c7\u86c7\n|-end|p1a: \u86c7\u86c7|Substitute\n|\n|-damage|p2a: Blissey|60\/100|[from] Leech Seed|[of] p1a: \u86c7\u86c7\n|upkeep\n|turn|17\n|\n|t:|1699761273\n|move|p1a: \u86c7\u86c7|Substitute|p1a: \u86c7\u86c7\n|-start|p1a: \u86c7\u86c7|Substitute\n|-damage|p1a: \u86c7\u86c7|76\/100\n|move|p2a: Blissey|Seismic Toss|p1a: \u86c7\u86c7\n|-end|p1a: \u86c7\u86c7|Substitute\n|\n|-heal|p1a: \u86c7\u86c7|82\/100|[from] item: Leftovers\n|-damage|p2a: Blissey|48\/100|[from] Leech Seed|[of] p1a: \u86c7\u86c7\n|-heal|p1a: \u86c7\u86c7|100\/100|[silent]\n|upkeep\n|turn|18\n|\n|t:|1699761279\n|move|p1a: \u86c7\u86c7|Substitute|p1a: \u86c7\u86c7\n|-start|p1a: \u86c7\u86c7|Substitute\n|-damage|p1a: \u86c7\u86c7|76\/100\n|move|p2a: Blissey|Soft-Boiled|p2a: Blissey\n|-heal|p2a: Blissey|98\/100\n|\n|-heal|p1a: \u86c7\u86c7|82\/100|[from] item: Leftovers\n|-damage|p2a: Blissey|86\/100|[from] Leech Seed|[of] p1a: \u86c7\u86c7\n|-heal|p1a: \u86c7\u86c7|100\/100|[silent]\n|upkeep\n|turn|19\n|\n|t:|1699761301\n|move|p1a: \u86c7\u86c7|Hidden Power|p2a: Blissey\n|-damage|p2a: Blissey|78\/100\n|move|p2a: Blissey|Seismic Toss|p1a: \u86c7\u86c7\n|-end|p1a: \u86c7\u86c7|Substitute\n|\n|-damage|p2a: Blissey|65\/100|[from] Leech Seed|[of] p1a: \u86c7\u86c7\n|upkeep\n|turn|20\n|\n|t:|1699761309\n|move|p1a: \u86c7\u86c7|Hidden Power|p2a: Blissey\n|-damage|p2a: Blissey|57\/100\n|move|p2a: Blissey|Seismic Toss|p1a: \u86c7\u86c7\n|-damage|p1a: \u86c7\u86c7|68\/100\n|\n|-heal|p1a: \u86c7\u86c7|74\/100|[from] item: Leftovers\n|-damage|p2a: Blissey|45\/100|[from] Leech Seed|[of] p1a: \u86c7\u86c7\n|-heal|p1a: \u86c7\u86c7|100\/100|[silent]\n|upkeep\n|turn|21\n|j| jzhuc1841\n|\n|t:|1699761314\n|move|p1a: \u86c7\u86c7|Substitute|p1a: \u86c7\u86c7\n|-start|p1a: \u86c7\u86c7|Substitute\n|-damage|p1a: \u86c7\u86c7|76\/100\n|move|p2a: Blissey|Calm Mind|p2a: Blissey\n|-boost|p2a: Blissey|spa|1\n|-boost|p2a: Blissey|spd|1\n|\n|-heal|p1a: \u86c7\u86c7|82\/100|[from] item: Leftovers\n|-damage|p2a: Blissey|32\/100|[from] Leech Seed|[of] p1a: \u86c7\u86c7\n|-heal|p1a: \u86c7\u86c7|100\/100|[silent]\n|upkeep\n|turn|22\n|\n|t:|1699761320\n|move|p1a: \u86c7\u86c7|Hidden Power|p2a: Blissey\n|-damage|p2a: Blissey|26\/100\n|move|p2a: Blissey|Soft-Boiled|p2a: Blissey\n|-heal|p2a: Blissey|76\/100\n|\n|-damage|p2a: Blissey|64\/100|[from] Leech Seed|[of] p1a: \u86c7\u86c7\n|upkeep\n|turn|23\n|\n|t:|1699761326\n|move|p1a: \u86c7\u86c7|Hidden Power|p2a: Blissey\n|-damage|p2a: Blissey|58\/100\n|move|p2a: Blissey|Soft-Boiled|p2a: Blissey\n|-heal|p2a: Blissey|100\/100\n|\n|-damage|p2a: Blissey|88\/100|[from] Leech Seed|[of] p1a: \u86c7\u86c7\n|upkeep\n|turn|24\n|\n|t:|1699761331\n|move|p1a: \u86c7\u86c7|Hidden Power|p2a: Blissey\n|-damage|p2a: Blissey|82\/100\n|move|p2a: Blissey|Seismic Toss|p1a: \u86c7\u86c7\n|-end|p1a: \u86c7\u86c7|Substitute\n|\n|-damage|p2a: Blissey|69\/100|[from] Leech Seed|[of] p1a: \u86c7\u86c7\n|upkeep\n|turn|25\n|l| jzhuc1841\n|\n|t:|1699761334\n|switch|p2a: Tyranitar|Tyranitar, F|100\/100\n|-weather|Sandstorm|[from] ability: Sand Stream|[of] p2a: Tyranitar\n|move|p1a: \u86c7\u86c7|Hidden Power|p2a: Tyranitar\n|-resisted|p2a: Tyranitar\n|-damage|p2a: Tyranitar|89\/100\n|\n|-weather|Sandstorm|[upkeep]\n|-damage|p1a: \u86c7\u86c7|94\/100|[from] Sandstorm\n|-heal|p1a: \u86c7\u86c7|100\/100|[from] item: Leftovers\n|upkeep\n|turn|26\n|\n|t:|1699761342\n|switch|p2a: Blissey|Blissey, F|69\/100\n|move|p1a: \u86c7\u86c7|Leaf Storm|p2a: Blissey\n|-damage|p2a: Blissey|18\/100\n|\n|-weather|Sandstorm|[upkeep]\n|-damage|p1a: \u86c7\u86c7|94\/100|[from] Sandstorm\n|-damage|p2a: Blissey|11\/100|[from] Sandstorm\n|-heal|p1a: \u86c7\u86c7|100\/100|[from] item: Leftovers\n|upkeep\n|turn|27\n|\n|t:|1699761346\n|move|p1a: \u86c7\u86c7|Leaf Storm|p2a: Blissey\n|-damage|p2a: Blissey|0 fnt\n|faint|p2a: Blissey\n|\n|-weather|Sandstorm|[upkeep]\n|-damage|p1a: \u86c7\u86c7|94\/100|[from] Sandstorm\n|-heal|p1a: \u86c7\u86c7|100\/100|[from] item: Leftovers\n|upkeep\n|-message|jkljlkh forfeited.\n|\n|win|flysix\n|raw|flysix's rating: 1499 &rarr; <strong>1525<\/strong><br \/>(+26 for winning)\n|raw|jkljlkh's rating: 1604 &rarr; <strong>1578<\/strong><br \/>(-26 for losing)\n|l|\u2606jkljlkh\n","uploadtime":1699761352,"views":8,"p1id":"flysix","p2id":"jkljlkh","formatid":"gen9nationaldex","rating":1525,"private":0,"password":""}