{"id":"gen9nationaldex-1995234623","p1":"TolyanPokeMaster","p2":"klangerstein","format":"[Gen 9] National Dex","log":"|html|<div class=\"broadcast-blue\"><strong>[Gen 9] National Dex is currently suspecting Sneasler! For information on how to participate check out the <a href=\"https:\/\/www.smogon.com\/forums\/threads\/sv-national-dex-suspect-8-just-dance.3731534\/\">suspect thread<\/a>.<\/strong><\/div>\n|j|\u2606TolyanPokeMaster\n|j|\u2606klangerstein\n|t:|1700538020\n|gametype|singles\n|player|p1|TolyanPokeMaster|hilbert|1273\n|player|p2|klangerstein|wallace|1183\n|teamsize|p1|6\n|teamsize|p2|6\n|gen|9\n|tier|[Gen 9] National Dex\n|rated|\n|rule|HP Percentage Mod: HP is shown in percentages\n|rule|Endless Battle Clause: Forcing endless battles is banned\n|rule|OHKO Clause: OHKO moves are banned\n|rule|Evasion Clause: Evasion abilities, items, and moves are banned\n|rule|Evasion Abilities Clause: Evasion abilities are banned\n|rule|Evasion Items Clause: Evasion items are banned\n|rule|Evasion Moves Clause: Evasion moves are banned\n|rule|Species Clause: Limit one of each Pok\u00e9mon\n|rule|Sleep Clause Mod: Limit one foe put to sleep\n|clearpoke\n|poke|p1|Cinderace, M|\n|poke|p1|Gliscor, M|\n|poke|p1|Gyarados, M|\n|poke|p1|Heatran, M|\n|poke|p1|Tapu Lele|\n|poke|p1|Clefable, M|\n|poke|p2|Grafaiai, M|\n|poke|p2|Noivern, M|\n|poke|p2|Jellicent, M|\n|poke|p2|Ursaluna, F|\n|poke|p2|Ferrothorn, F|\n|poke|p2|Zeraora|\n|teampreview\n|l|\u2606klangerstein\n|player|p2|\n|inactive|Battle timer is ON: inactive players will automatically lose when time's up. (requested by TolyanPokeMaster)\n|j|\u2606klangerstein\n|inactive|klangerstein reconnected and has 145 seconds left.\n|player|p2|klangerstein|wallace\n|\n|t:|1700538044\n|start\n|switch|p1a: Cinderace|Cinderace, M|100\/100\n|switch|p2a: Ferrothorn|Ferrothorn, F|100\/100\n|turn|1\n|\n|t:|1700538050\n|switch|p2a: Jellicent|Jellicent, M|100\/100\n|move|p1a: Cinderace|Pyro Ball|p2a: Jellicent\n|-resisted|p2a: Jellicent\n|-damage|p2a: Jellicent|50\/100\n|\n|-heal|p2a: Jellicent|56\/100|[from] item: Leftovers\n|upkeep\n|turn|2\n|\n|t:|1700538058\n|switch|p1a: Clefable|Clefable, M|100\/100\n|move|p2a: Jellicent|Recover|p2a: Jellicent\n|-heal|p2a: Jellicent|100\/100\n|\n|upkeep\n|turn|3\n|\n|t:|1700538066\n|switch|p1a: Cinderace|Cinderace, M|100\/100\n|switch|p2a: Ferrothorn|Ferrothorn, F|100\/100\n|\n|upkeep\n|turn|4\n|\n|t:|1700538074\n|move|p1a: Cinderace|Pyro Ball|p2a: Ferrothorn\n|-supereffective|p2a: Ferrothorn\n|-damage|p2a: Ferrothorn|0 fnt\n|faint|p2a: Ferrothorn\n|\n|upkeep\n|\n|t:|1700538085\n|switch|p2a: Ursaluna|Ursaluna, F|100\/100\n|turn|5\n|\n|t:|1700538089\n|switch|p1a: Gliscor|Gliscor, M|100\/100\n|move|p2a: Ursaluna|Drain Punch|p1a: Gliscor\n|-resisted|p1a: Gliscor\n|-damage|p1a: Gliscor|92\/100\n|\n|-status|p1a: Gliscor|tox|[from] item: Toxic Orb\n|-status|p2a: Ursaluna|brn|[from] item: Flame Orb\n|upkeep\n|turn|6\n|\n|t:|1700538097\n|move|p1a: Gliscor|Earthquake|p2a: Ursaluna\n|-damage|p2a: Ursaluna|76\/100 brn\n|move|p2a: Ursaluna|Facade|p1a: Gliscor\n|-damage|p1a: Gliscor|21\/100 tox\n|\n|-heal|p1a: Gliscor|33\/100 tox|[from] ability: Poison Heal\n|-damage|p2a: Ursaluna|70\/100 brn|[from] brn\n|upkeep\n|turn|7\n|\n|t:|1700538106\n|move|p1a: Gliscor|Roost|p1a: Gliscor\n|-heal|p1a: Gliscor|83\/100 tox\n|-singleturn|p1a: Gliscor|move: Roost\n|move|p2a: Ursaluna|Facade|p1a: Gliscor\n|-damage|p1a: Gliscor|12\/100 tox\n|\n|-heal|p1a: Gliscor|25\/100 tox|[from] ability: Poison Heal\n|-damage|p2a: Ursaluna|64\/100 brn|[from] brn\n|upkeep\n|turn|8\n|\n|t:|1700538111\n|move|p1a: Gliscor|Roost|p1a: Gliscor\n|-heal|p1a: Gliscor|75\/100 tox\n|-singleturn|p1a: Gliscor|move: Roost\n|move|p2a: Ursaluna|Facade|p1a: Gliscor\n|-damage|p1a: Gliscor|2\/100 tox\n|\n|-heal|p1a: Gliscor|14\/100 tox|[from] ability: Poison Heal\n|-damage|p2a: Ursaluna|58\/100 brn|[from] brn\n|upkeep\n|turn|9\n|\n|t:|1700538116\n|switch|p1a: Gyarados|Gyarados, M|100\/100\n|-ability|p1a: Gyarados|Intimidate|boost\n|-unboost|p2a: Ursaluna|atk|1\n|move|p2a: Ursaluna|Facade|p1a: Gyarados\n|-damage|p1a: Gyarados|0 fnt\n|faint|p1a: Gyarados\n|\n|-damage|p2a: Ursaluna|51\/100 brn|[from] brn\n|upkeep\n|\n|t:|1700538122\n|switch|p1a: Cinderace|Cinderace, M|100\/100\n|turn|10\n|\n|t:|1700538126\n|move|p1a: Cinderace|Pyro Ball|p2a: Ursaluna\n|-damage|p2a: Ursaluna|0 fnt\n|faint|p2a: Ursaluna\n|\n|upkeep\n|\n|t:|1700538131\n|switch|p2a: Zeraora|Zeraora|100\/100\n|turn|11\n|\n|t:|1700538135\n|move|p2a: Zeraora|Knock Off|p1a: Cinderace\n|-damage|p1a: Cinderace|32\/100\n|-enditem|p1a: Cinderace|Choice Band|[from] move: Knock Off|[of] p2a: Zeraora\n|move|p1a: Cinderace|Pyro Ball|p2a: Zeraora\n|-damage|p2a: Zeraora|21\/100\n|-status|p2a: Zeraora|brn\n|\n|-damage|p2a: Zeraora|15\/100 brn|[from] brn\n|upkeep\n|turn|12\n|\n|t:|1700538141\n|move|p1a: Cinderace|Sucker Punch|p2a: Zeraora\n|-start|p1a: Cinderace|typechange|Dark|[from] ability: Libero\n|-damage|p2a: Zeraora|0 fnt\n|faint|p2a: Zeraora\n|\n|upkeep\n|\n|t:|1700538148\n|switch|p2a: Noivern|Noivern, M|100\/100\n|turn|13\n|\n|t:|1700538152\n|switch|p1a: Clefable|Clefable, M|100\/100\n|move|p2a: Noivern|Boomburst|p1a: Clefable\n|-crit|p1a: Clefable\n|-damage|p1a: Clefable|59\/100\n|-enditem|p2a: Noivern|Throat Spray\n|-boost|p2a: Noivern|spa|1|[from] item: Throat Spray\n|\n|-heal|p1a: Clefable|65\/100|[from] item: Leftovers\n|upkeep\n|turn|14\n|\n|t:|1700538158\n|-terastallize|p2a: Noivern|Normal\n|move|p2a: Noivern|Boomburst|p1a: Clefable\n|-damage|p1a: Clefable|10\/100\n|move|p1a: Clefable|Toxic|p2a: Noivern\n|-status|p2a: Noivern|tox\n|\n|-heal|p1a: Clefable|16\/100|[from] item: Leftovers\n|-damage|p2a: Noivern|94\/100 tox|[from] psn\n|upkeep\n|turn|15\n|\n|t:|1700538164\n|move|p2a: Noivern|Boomburst|p1a: Clefable\n|-damage|p1a: Clefable|0 fnt\n|faint|p1a: Clefable\n|\n|-damage|p2a: Noivern|82\/100 tox|[from] psn\n|upkeep\n|\n|t:|1700538166\n|switch|p1a: Tapu Lele|Tapu Lele|100\/100\n|-fieldstart|move: Psychic Terrain|[from] ability: Psychic Surge|[of] p1a: Tapu Lele\n|turn|16\n|\n|t:|1700538171\n|move|p1a: Tapu Lele|Psychic|p2a: Noivern\n|-damage|p2a: Noivern|4\/100 tox\n|move|p2a: Noivern|Boomburst|p1a: Tapu Lele\n|-damage|p1a: Tapu Lele|9\/100\n|\n|-damage|p2a: Noivern|0 fnt|[from] psn\n|faint|p2a: Noivern\n|upkeep\n|\n|t:|1700538175\n|switch|p2a: Grafaiai|Grafaiai, M|100\/100\n|turn|17\n|\n|t:|1700538180\n|move|p2a: Grafaiai|Endure|p2a: Grafaiai\n|-singleturn|p2a: Grafaiai|move: Endure\n|move|p1a: Tapu Lele|Psychic|p2a: Grafaiai\n|-supereffective|p2a: Grafaiai\n|-activate|p2a: Grafaiai|move: Endure\n|-damage|p2a: Grafaiai|1\/100\n|-enditem|p2a: Grafaiai|Weakness Policy\n|-boost|p2a: Grafaiai|atk|2|[from] item: Weakness Policy\n|-boost|p2a: Grafaiai|spa|2|[from] item: Weakness Policy\n|\n|upkeep\n|turn|18\n|\n|t:|1700538186\n|move|p2a: Grafaiai|Acrobatics|p1a: Tapu Lele\n|-damage|p1a: Tapu Lele|0 fnt\n|faint|p1a: Tapu Lele\n|\n|upkeep\n|\n|t:|1700538204\n|switch|p1a: Heatran|Heatran, M|100\/100\n|-item|p1a: Heatran|Air Balloon\n|turn|19\n|\n|t:|1700538207\n|move|p2a: Grafaiai|Knock Off|p1a: Heatran\n|-damage|p1a: Heatran|53\/100\n|-enditem|p1a: Heatran|Air Balloon\n|move|p1a: Heatran|Earth Power|p2a: Grafaiai\n|-supereffective|p2a: Grafaiai\n|-damage|p2a: Grafaiai|0 fnt\n|faint|p2a: Grafaiai\n|\n|upkeep\n|\n|t:|1700538212\n|switch|p2a: Jellicent|Jellicent, M|100\/100\n|turn|20\n|\n|t:|1700538215\n|move|p1a: Heatran|Magma Storm|p2a: Jellicent\n|-resisted|p2a: Jellicent\n|-damage|p2a: Jellicent|82\/100\n|-activate|p2a: Jellicent|move: Magma Storm|[of] p1a: Heatran\n|move|p2a: Jellicent|Scald|p1a: Heatran\n|-supereffective|p1a: Heatran\n|-damage|p1a: Heatran|10\/100\n|\n|-heal|p2a: Jellicent|89\/100|[from] item: Leftovers\n|-damage|p2a: Jellicent|76\/100|[from] move: Magma Storm|[partiallytrapped]\n|-fieldend|move: Psychic Terrain\n|upkeep\n|turn|21\n|\n|t:|1700538220\n|move|p1a: Heatran|Earth Power|p2a: Jellicent\n|-damage|p2a: Jellicent|55\/100\n|move|p2a: Jellicent|Recover|p2a: Jellicent\n|-heal|p2a: Jellicent|100\/100\n|\n|-damage|p2a: Jellicent|88\/100|[from] move: Magma Storm|[partiallytrapped]\n|upkeep\n|turn|22\n|\n|t:|1700538224\n|move|p1a: Heatran|Taunt|p2a: Jellicent\n|-start|p2a: Jellicent|move: Taunt\n|move|p2a: Jellicent|Hex|p1a: Heatran\n|-damage|p1a: Heatran|0 fnt\n|faint|p1a: Heatran\n|\n|-heal|p2a: Jellicent|94\/100|[from] item: Leftovers\n|-end|p2a: Jellicent|Magma Storm|[partiallytrapped]|[silent]\n|upkeep\n|\n|t:|1700538226\n|switch|p1a: Gliscor|Gliscor, M|14\/100 tox\n|turn|23\n|\n|t:|1700538229\n|move|p1a: Gliscor|Roost|p1a: Gliscor\n|-heal|p1a: Gliscor|64\/100 tox\n|-singleturn|p1a: Gliscor|move: Roost\n|move|p2a: Jellicent|Hex|p1a: Gliscor\n|-damage|p1a: Gliscor|13\/100 tox\n|\n|-heal|p2a: Jellicent|100\/100|[from] item: Leftovers\n|-heal|p1a: Gliscor|25\/100 tox|[from] ability: Poison Heal\n|upkeep\n|turn|24\n|\n|t:|1700538235\n|move|p1a: Gliscor|Roost|p1a: Gliscor\n|-heal|p1a: Gliscor|75\/100 tox\n|-singleturn|p1a: Gliscor|move: Roost\n|move|p2a: Jellicent|Scald|p1a: Gliscor\n|-supereffective|p1a: Gliscor\n|-crit|p1a: Gliscor\n|-damage|p1a: Gliscor|0 fnt\n|faint|p1a: Gliscor\n|\n|-end|p2a: Jellicent|move: Taunt\n|upkeep\n|\n|t:|1700538238\n|switch|p1a: Cinderace|Cinderace, M|32\/100\n|turn|25\n|\n|t:|1700538242\n|move|p1a: Cinderace|Sucker Punch|p2a: Jellicent\n|-start|p1a: Cinderace|typechange|Dark|[from] ability: Libero\n|-supereffective|p2a: Jellicent\n|-damage|p2a: Jellicent|17\/100\n|move|p2a: Jellicent|Scald|p1a: Cinderace\n|-damage|p1a: Cinderace|0 fnt\n|faint|p1a: Cinderace\n|\n|win|klangerstein\n|raw|TolyanPokeMaster's rating: 1273 &rarr; <strong>1242<\/strong><br \/>(-31 for losing)\n|raw|klangerstein's rating: 1183 &rarr; <strong>1214<\/strong><br \/>(+31 for winning)\n|l|\u2606TolyanPokeMaster\n","uploadtime":1700538253,"views":19,"p1id":"tolyanpokemaster","p2id":"klangerstein","formatid":"gen9nationaldex","rating":1214,"private":0,"password":""}