{"id":"gen9nationaldex-1992337947","p1":"Alexander90281","p2":"Red Vs Showdown","format":"[Gen 9] National Dex","log":"|j|\u2606Alexander90281\n|j|\u2606Red Vs Showdown\n|t:|1700176185\n|gametype|singles\n|player|p1|Alexander90281|tateandliza-gen6|1716\n|player|p2|Red Vs Showdown|red-gen2|1807\n|teamsize|p1|6\n|teamsize|p2|6\n|gen|9\n|tier|[Gen 9] National Dex\n|rated|\n|rule|HP Percentage Mod: HP is shown in percentages\n|rule|Endless Battle Clause: Forcing endless battles is banned\n|rule|OHKO Clause: OHKO moves are banned\n|rule|Evasion Clause: Evasion abilities, items, and moves are banned\n|rule|Evasion Abilities Clause: Evasion abilities are banned\n|rule|Evasion Items Clause: Evasion items are banned\n|rule|Evasion Moves Clause: Evasion moves are banned\n|rule|Species Clause: Limit one of each Pok\u00e9mon\n|rule|Sleep Clause Mod: Limit one foe put to sleep\n|clearpoke\n|poke|p1|Mimikyu, F|\n|poke|p1|Hatterene, F|\n|poke|p1|Victini|\n|poke|p1|Ogerpon-Wellspring, F|\n|poke|p1|Tapu Lele|\n|poke|p1|Mawile, F|\n|poke|p2|Pikachu, F|\n|poke|p2|Charizard, M|\n|poke|p2|Blastoise, M|\n|poke|p2|Venusaur, M|\n|poke|p2|Snorlax, M|\n|poke|p2|Espeon, F|\n|teampreview\n|c|\u2606Red Vs Showdown|...\n|\n|t:|1700176194\n|start\n|switch|p1a: Victini|Victini|100\/100\n|switch|p2a: Charizard|Charizard, M|100\/100\n|turn|1\n|\n|t:|1700176200\n|switch|p2a: Blastoise|Blastoise, M|100\/100\n|move|p1a: Victini|Final Gambit|p2a: Blastoise\n|-damage|p2a: Blastoise|0 fnt\n|faint|p1a: Victini\n|faint|p2a: Blastoise\n|\n|upkeep\n|\n|t:|1700176253\n|switch|p1a: Hatterene|Hatterene, F|100\/100\n|switch|p2a: Charizard|Charizard, M|100\/100\n|turn|2\n|\n|t:|1700176280\n|detailschange|p2a: Charizard|Charizard-Mega-Y, M\n|-mega|p2a: Charizard|Charizard|Charizardite Y\n|-weather|SunnyDay|[from] ability: Drought|[of] p2a: Charizard\n|move|p2a: Charizard|Fire Blast|p1a: Hatterene\n|-enditem|p1a: Hatterene|Focus Sash\n|-damage|p1a: Hatterene|1\/100\n|move|p1a: Hatterene|Trick Room|p1a: Hatterene\n|-fieldstart|move: Trick Room|[of] p1a: Hatterene\n|\n|-weather|SunnyDay|[upkeep]\n|upkeep\n|turn|3\n|\n|t:|1700176289\n|switch|p2a: Espeon|Espeon, F|100\/100\n|move|p1a: Hatterene|Psychic|p2a: Espeon\n|-resisted|p2a: Espeon\n|-damage|p2a: Espeon|63\/100\n|\n|-weather|SunnyDay|[upkeep]\n|upkeep\n|turn|4\n|\n|t:|1700176296\n|move|p1a: Hatterene|Mystical Fire|p2a: Espeon\n|-crit|p2a: Espeon\n|-damage|p2a: Espeon|0 fnt\n|faint|p2a: Espeon\n|\n|-weather|SunnyDay|[upkeep]\n|upkeep\n|\n|t:|1700176302\n|switch|p2a: Pikachu|Pikachu, F|100\/100\n|turn|5\n|\n|t:|1700176311\n|switch|p2a: Snorlax|Snorlax, M|100\/100\n|move|p1a: Hatterene|Healing Wish|p1a: Hatterene\n|faint|p1a: Hatterene\n|\n|-weather|SunnyDay|[upkeep]\n|upkeep\n|\n|t:|1700176314\n|switch|p1a: Mawile|Mawile, F|100\/100\n|-ability|p1a: Mawile|Intimidate|boost\n|-unboost|p2a: Snorlax|atk|1\n|turn|6\n|\n|t:|1700176317\n|detailschange|p1a: Mawile|Mawile-Mega, F\n|-mega|p1a: Mawile|Mawile|Mawilite\n|move|p1a: Mawile|Swords Dance|p1a: Mawile\n|-boost|p1a: Mawile|atk|2\n|move|p2a: Snorlax|Heat Crash|p1a: Mawile\n|-supereffective|p1a: Mawile\n|-damage|p1a: Mawile|0 fnt\n|faint|p1a: Mawile\n|\n|-weather|none\n|-fieldend|move: Trick Room\n|upkeep\n|\n|t:|1700176328\n|switch|p1a: Ogerpon|Ogerpon-Wellspring, F|100\/100\n|turn|7\n|\n|t:|1700176334\n|switch|p2a: Charizard|Charizard-Mega-Y, M|100\/100\n|-weather|SunnyDay|[from] ability: Drought|[of] p2a: Charizard\n|move|p1a: Ogerpon|Swords Dance|p1a: Ogerpon\n|-boost|p1a: Ogerpon|atk|2\n|\n|-weather|SunnyDay|[upkeep]\n|upkeep\n|turn|8\n|\n|t:|1700176337\n|switch|p2a: Venusaur|Venusaur, M|100\/100\n|move|p1a: Ogerpon|Ivy Cudgel|p2a: Venusaur|[anim] Ivy Cudgel Water\n|-resisted|p2a: Venusaur\n|-damage|p2a: Venusaur|64\/100\n|\n|-weather|SunnyDay|[upkeep]\n|upkeep\n|turn|9\n|\n|t:|1700176349\n|switch|p1a: Mimikyu|Mimikyu, F|100\/100\n|-zpower|p2a: Venusaur\n|move|p2a: Venusaur|Bloom Doom|p1a: Mimikyu|[zeffect]\n|-activate|p1a: Mimikyu|ability: Disguise\n|-damage|p1a: Mimikyu|100\/100\n|detailschange|p1a: Mimikyu|Mimikyu-Busted, F\n|-damage|p1a: Mimikyu|88\/100|[from] pokemon: Mimikyu-Busted\n|\n|-weather|SunnyDay|[upkeep]\n|upkeep\n|turn|10\n|\n|t:|1700176355\n|switch|p2a: Snorlax|Snorlax, M|100\/100\n|move|p1a: Mimikyu|Trick Room|p1a: Mimikyu\n|-fieldstart|move: Trick Room|[of] p1a: Mimikyu\n|\n|-weather|SunnyDay|[upkeep]\n|upkeep\n|turn|11\n|\n|t:|1700176357\n|move|p2a: Snorlax|Heat Crash|p1a: Mimikyu\n|-damage|p1a: Mimikyu|4\/100\n|-enditem|p1a: Mimikyu|Sitrus Berry|[eat]\n|-heal|p1a: Mimikyu|29\/100|[from] item: Sitrus Berry\n|move|p1a: Mimikyu|Curse|p2a: Snorlax\n|-start|p2a: Snorlax|Curse|[of] p1a: Mimikyu\n|-damage|p1a: Mimikyu|0 fnt\n|faint|p1a: Mimikyu\n|\n|-weather|none\n|-damage|p2a: Snorlax|76\/100|[from] Curse\n|upkeep\n|\n|t:|1700176361\n|switch|p1a: Tapu Lele|Tapu Lele|100\/100\n|-fieldstart|move: Psychic Terrain|[from] ability: Psychic Surge|[of] p1a: Tapu Lele\n|turn|12\n|\n|t:|1700176365\n|switch|p2a: Pikachu|Pikachu, F|100\/100\n|move|p1a: Tapu Lele|Draining Kiss|p2a: Pikachu\n|-damage|p2a: Pikachu|2\/100\n|-damage|p1a: Tapu Lele|91\/100|[from] item: Life Orb\n|\n|upkeep\n|turn|13\n|\n|t:|1700176368\n|move|p2a: Pikachu|Volt Tackle|p1a: Tapu Lele\n|-damage|p1a: Tapu Lele|0 fnt\n|faint|p1a: Tapu Lele\n|-damage|p2a: Pikachu|0 fnt|[from] Recoil\n|faint|p2a: Pikachu\n|\n|upkeep\n|\n|t:|1700176374\n|switch|p2a: Snorlax|Snorlax, M|76\/100\n|switch|p1a: Ogerpon|Ogerpon-Wellspring, F|100\/100\n|turn|14\n|\n|t:|1700176381\n|-terastallize|p1a: Ogerpon|Water\n|detailschange|p1a: Ogerpon|Ogerpon-Wellspring-Tera, F, tera:Water\n|-ability|p1a: Ogerpon|Embody Aspect (Wellspring)|boost\n|-boost|p1a: Ogerpon|spd|1\n|move|p2a: Snorlax|Return|p1a: Ogerpon\n|-damage|p1a: Ogerpon|0 fnt\n|faint|p1a: Ogerpon\n|\n|win|Red Vs Showdown\n|raw|Alexander90281's rating: 1716 &rarr; <strong>1701<\/strong><br \/>(-15 for losing)\n|raw|Red Vs Showdown's rating: 1807 &rarr; <strong>1822<\/strong><br \/>(+15 for winning)\n|c|\u2606Red Vs Showdown|...\n","uploadtime":1700176391,"views":4,"p1id":"alexander90281","p2id":"redvsshowdown","formatid":"gen9nationaldex","rating":1701,"private":0,"password":""}