{"id":"gen9nationaldex-1995936821","p1":"Pikablue Fan","p2":"CiaossAn","format":"[Gen 9] National Dex","log":"|html|<div class=\"broadcast-blue\"><strong>[Gen 9] National Dex is currently suspecting Sneasler! For information on how to participate check out the <a href=\"https:\/\/www.smogon.com\/forums\/threads\/sv-national-dex-suspect-8-just-dance.3731534\/\">suspect thread<\/a>.<\/strong><\/div>\n|j|\u2606Pikablue Fan\n|j|\u2606CiaossAn\n|t:|1700619445\n|gametype|singles\n|player|p1|Pikablue Fan|gambler|1150\n|player|p2|CiaossAn|fisherman|1258\n|teamsize|p1|6\n|teamsize|p2|6\n|gen|9\n|tier|[Gen 9] National Dex\n|rated|\n|rule|HP Percentage Mod: HP is shown in percentages\n|rule|Endless Battle Clause: Forcing endless battles is banned\n|rule|OHKO Clause: OHKO moves are banned\n|rule|Evasion Clause: Evasion abilities, items, and moves are banned\n|rule|Evasion Abilities Clause: Evasion abilities are banned\n|rule|Evasion Items Clause: Evasion items are banned\n|rule|Evasion Moves Clause: Evasion moves are banned\n|rule|Species Clause: Limit one of each Pok\u00e9mon\n|rule|Sleep Clause Mod: Limit one foe put to sleep\n|clearpoke\n|poke|p1|Galvantula, F|\n|poke|p1|Gyarados, F|\n|poke|p1|Salamence, F|\n|poke|p1|Urshifu-*, M|\n|poke|p1|Garganacl, F|\n|poke|p1|Toxapex, M|\n|poke|p2|Sceptile, M|\n|poke|p2|Scizor, F|\n|poke|p2|Krookodile, M|\n|poke|p2|Talonflame, M|\n|poke|p2|Gengar, F|\n|poke|p2|Umbreon, M|\n|teampreview\n|inactive|Battle timer is ON: inactive players will automatically lose when time's up. (requested by Pikablue Fan)\n|inactive|CiaossAn also wants the timer to be on.\n|\n|t:|1700619450\n|start\n|switch|p1a: \"SSS\"|Galvantula, F|100\/100\n|switch|p2a: Talonflame|Talonflame, M|100\/100\n|turn|1\n|\n|t:|1700619453\n|-zpower|p2a: Talonflame\n|move|p2a: Talonflame|Supersonic Skystrike|p1a: \"SSS\"|[zeffect]\n|-enditem|p1a: \"SSS\"|Focus Sash\n|-damage|p1a: \"SSS\"|1\/100\n|move|p1a: \"SSS\"|Sticky Web|p2a: Talonflame\n|-sidestart|p2: CiaossAn|move: Sticky Web\n|\n|upkeep\n|turn|2\n|\n|t:|1700619465\n|switch|p1a: \"The Bunker\"|Toxapex, M|100\/100\n|move|p2a: Talonflame|U-turn|p1a: \"The Bunker\"\n|-resisted|p1a: \"The Bunker\"\n|-damage|p1a: \"The Bunker\"|94\/100\n|\n|t:|1700619473\n|switch|p2a: Sceptile|Sceptile, M|100\/100|[from] U-turn\n|-activate|p2a: Sceptile|move: Sticky Web\n|-unboost|p2a: Sceptile|spe|1\n|\n|-heal|p1a: \"The Bunker\"|99\/100|[from] item: Black Sludge\n|upkeep\n|turn|3\n|\n|t:|1700619484\n|switch|p1a: \"Outragous Dragon\"|Salamence, F|100\/100\n|detailschange|p2a: Sceptile|Sceptile-Mega, M\n|-mega|p2a: Sceptile|Sceptile|Sceptilite\n|move|p2a: Sceptile|Leech Seed|p1a: \"Outragous Dragon\"\n|-start|p1a: \"Outragous Dragon\"|move: Leech Seed\n|\n|-damage|p1a: \"Outragous Dragon\"|88\/100|[from] Leech Seed|[of] p2a: Sceptile\n|upkeep\n|turn|4\n|\n|t:|1700619491\n|switch|p2a: Krookodile|Krookodile, M|100\/100\n|-activate|p2a: Krookodile|move: Sticky Web\n|-unboost|p2a: Krookodile|spe|1\n|-ability|p2a: Krookodile|Intimidate|boost\n|-unboost|p1a: \"Outragous Dragon\"|atk|1\n|move|p1a: \"Outragous Dragon\"|Dragon Dance|p1a: \"Outragous Dragon\"\n|-boost|p1a: \"Outragous Dragon\"|atk|1\n|-boost|p1a: \"Outragous Dragon\"|spe|1\n|\n|-damage|p1a: \"Outragous Dragon\"|76\/100|[from] Leech Seed|[of] p2a: Krookodile\n|upkeep\n|turn|5\n|\n|t:|1700619500\n|switch|p1a: \"SSS\"|Galvantula, F|1\/100\n|move|p2a: Krookodile|Stealth Rock|p1a: \"SSS\"\n|-sidestart|p1: Pikablue Fan|move: Stealth Rock\n|\n|upkeep\n|turn|6\n|\n|t:|1700619509\n|move|p1a: \"SSS\"|Bug Buzz|p2a: Krookodile\n|-supereffective|p2a: Krookodile\n|-damage|p2a: Krookodile|9\/100\n|move|p2a: Krookodile|Knock Off|p1a: \"SSS\"\n|-damage|p1a: \"SSS\"|0 fnt\n|faint|p1a: \"SSS\"\n|\n|upkeep\n|\n|t:|1700619512\n|switch|p1a: hate this mon|Urshifu-Rapid-Strike, M|100\/100\n|-damage|p1a: hate this mon|94\/100|[from] Stealth Rock\n|turn|7\n|\n|t:|1700619521\n|move|p1a: hate this mon|Surging Strikes|p2a: Krookodile\n|-supereffective|p2a: Krookodile\n|-crit|p2a: Krookodile\n|-damage|p2a: Krookodile|0 fnt\n|-damage|p1a: hate this mon|78\/100|[from] item: Rocky Helmet|[of] p2a: Krookodile\n|faint|p2a: Krookodile\n|-hitcount|p2: Krookodile|1\n|\n|upkeep\n|\n|t:|1700619528\n|switch|p2a: Talonflame|Talonflame, M|100\/100\n|turn|8\n|\n|t:|1700619532\n|move|p2a: Talonflame|Brave Bird|p1a: hate this mon\n|-supereffective|p1a: hate this mon\n|-damage|p1a: hate this mon|0 fnt\n|faint|p1a: hate this mon\n|-damage|p2a: Talonflame|71\/100|[from] Recoil\n|\n|upkeep\n|\n|t:|1700619539\n|switch|p1a: \"The Bunker\"|Toxapex, M|100\/100\n|-damage|p1a: \"The Bunker\"|88\/100|[from] Stealth Rock\n|turn|9\n|\n|t:|1700619543\n|move|p1a: \"The Bunker\"|Baneful Bunker|p1a: \"The Bunker\"\n|-singleturn|p1a: \"The Bunker\"|move: Protect\n|move|p2a: Talonflame|Will-O-Wisp|p1a: \"The Bunker\"\n|-activate|p1a: \"The Bunker\"|move: Protect\n|\n|-heal|p1a: \"The Bunker\"|94\/100|[from] item: Black Sludge\n|upkeep\n|turn|10\n|\n|t:|1700619553\n|move|p2a: Talonflame|Will-O-Wisp|p1a: \"The Bunker\"|[miss]\n|-miss|p2a: Talonflame|p1a: \"The Bunker\"\n|move|p1a: \"The Bunker\"|Toxic|p2a: Talonflame\n|-status|p2a: Talonflame|tox\n|\n|-heal|p1a: \"The Bunker\"|99\/100|[from] item: Black Sludge\n|-damage|p2a: Talonflame|65\/100 tox|[from] psn\n|upkeep\n|turn|11\n|\n|t:|1700619557\n|move|p1a: \"The Bunker\"|Baneful Bunker|p1a: \"The Bunker\"\n|-singleturn|p1a: \"The Bunker\"|move: Protect\n|move|p2a: Talonflame|Will-O-Wisp|p1a: \"The Bunker\"\n|-activate|p1a: \"The Bunker\"|move: Protect\n|\n|-heal|p1a: \"The Bunker\"|100\/100|[from] item: Black Sludge\n|-damage|p2a: Talonflame|53\/100 tox|[from] psn\n|upkeep\n|turn|12\n|\n|t:|1700619562\n|move|p2a: Talonflame|U-turn|p1a: \"The Bunker\"\n|-resisted|p1a: \"The Bunker\"\n|-damage|p1a: \"The Bunker\"|95\/100\n|\n|t:|1700619564\n|switch|p2a: Scizor|Scizor, F|100\/100|[from] U-turn\n|-activate|p2a: Scizor|move: Sticky Web\n|-unboost|p2a: Scizor|spe|1\n|move|p1a: \"The Bunker\"|Knock Off|p2a: Scizor\n|-damage|p2a: Scizor|85\/100\n|-enditem|p2a: Scizor|Choice Band|[from] move: Knock Off|[of] p1a: \"The Bunker\"\n|\n|-heal|p1a: \"The Bunker\"|100\/100|[from] item: Black Sludge\n|upkeep\n|turn|13\n|\n|t:|1700619574\n|switch|p1a: \"The Demon\"|Gyarados, F|100\/100\n|-ability|p1a: \"The Demon\"|Intimidate|boost\n|-unboost|p2a: Scizor|atk|1\n|move|p2a: Scizor|U-turn|p1a: \"The Demon\"\n|-resisted|p1a: \"The Demon\"\n|-damage|p1a: \"The Demon\"|84\/100\n|\n|t:|1700619577\n|switch|p2a: Sceptile|Sceptile-Mega, M|100\/100|[from] U-turn\n|-activate|p2a: Sceptile|move: Sticky Web\n|-unboost|p2a: Sceptile|spe|1\n|\n|upkeep\n|turn|14\n|\n|t:|1700619584\n|move|p2a: Sceptile|Leech Seed|p1a: \"The Demon\"\n|-start|p1a: \"The Demon\"|move: Leech Seed\n|move|p1a: \"The Demon\"|Ice Fang|p2a: Sceptile\n|-supereffective|p2a: Sceptile\n|-damage|p2a: Sceptile|0 fnt\n|faint|p2a: Sceptile\n|\n|upkeep\n|\n|t:|1700619589\n|switch|p2a: Umbreon|Umbreon, M|100\/100\n|-activate|p2a: Umbreon|move: Sticky Web\n|-unboost|p2a: Umbreon|spe|1\n|turn|15\n|\n|t:|1700619593\n|switch|p1a: \"The Bunker\"|Toxapex, M|100\/100\n|-damage|p1a: \"The Bunker\"|88\/100|[from] Stealth Rock\n|move|p2a: Umbreon|Thunder Wave|p1a: \"The Bunker\"\n|-status|p1a: \"The Bunker\"|par\n|\n|-heal|p1a: \"The Bunker\"|94\/100 par|[from] item: Black Sludge\n|upkeep\n|turn|16\n|\n|t:|1700619599\n|move|p2a: Umbreon|Wish|p2a: Umbreon\n|cant|p1a: \"The Bunker\"|par\n|\n|-heal|p1a: \"The Bunker\"|99\/100 par|[from] item: Black Sludge\n|upkeep\n|turn|17\n|\n|t:|1700619601\n|switch|p2a: Talonflame|Talonflame, M|53\/100 tox\n|move|p1a: \"The Bunker\"|Toxic|p2a: Talonflame\n|-fail|p2a: Talonflame|tox\n|\n|-heal|p2a: Talonflame|100\/100 tox|[from] move: Wish|[wisher] Umbreon\n|-heal|p1a: \"The Bunker\"|100\/100 par|[from] item: Black Sludge\n|-damage|p2a: Talonflame|94\/100 tox|[from] psn\n|upkeep\n|turn|18\n|\n|t:|1700619609\n|switch|p2a: Scizor|Scizor, F|85\/100\n|-activate|p2a: Scizor|move: Sticky Web\n|-unboost|p2a: Scizor|spe|1\n|move|p1a: \"The Bunker\"|Knock Off|p2a: Scizor\n|-damage|p2a: Scizor|75\/100\n|\n|upkeep\n|turn|19\n|\n|t:|1700619619\n|switch|p1a: \"The Demon\"|Gyarados, F|84\/100\n|-ability|p1a: \"The Demon\"|Intimidate|boost\n|-unboost|p2a: Scizor|atk|1\n|move|p2a: Scizor|U-turn|p1a: \"The Demon\"\n|-resisted|p1a: \"The Demon\"\n|-damage|p1a: \"The Demon\"|68\/100\n|\n|t:|1700619623\n|switch|p2a: Talonflame|Talonflame, M|94\/100 tox|[from] U-turn\n|\n|-damage|p2a: Talonflame|88\/100 tox|[from] psn\n|upkeep\n|turn|20\n|\n|t:|1700619626\n|move|p2a: Talonflame|Brave Bird|p1a: \"The Demon\"\n|-damage|p1a: \"The Demon\"|12\/100\n|-damage|p2a: Talonflame|68\/100 tox|[from] Recoil\n|move|p1a: \"The Demon\"|Waterfall|p2a: Talonflame\n|-supereffective|p2a: Talonflame\n|-damage|p2a: Talonflame|0 fnt\n|faint|p2a: Talonflame\n|\n|upkeep\n|\n|t:|1700619630\n|switch|p2a: Scizor|Scizor, F|75\/100\n|-activate|p2a: Scizor|move: Sticky Web\n|-unboost|p2a: Scizor|spe|1\n|turn|21\n|\n|t:|1700619639\n|switch|p1a: \"Outragous Dragon\"|Salamence, F|76\/100\n|-damage|p1a: \"Outragous Dragon\"|51\/100|[from] Stealth Rock\n|move|p2a: Scizor|Bullet Punch|p1a: \"Outragous Dragon\"\n|-damage|p1a: \"Outragous Dragon\"|18\/100\n|\n|upkeep\n|turn|22\n|\n|t:|1700619646\n|move|p2a: Scizor|Bullet Punch|p1a: \"Outragous Dragon\"\n|-damage|p1a: \"Outragous Dragon\"|0 fnt\n|faint|p1a: \"Outragous Dragon\"\n|\n|upkeep\n|\n|t:|1700619656\n|switch|p1a: i love salt|Garganacl, F|100\/100\n|-damage|p1a: i love salt|88\/100|[from] Stealth Rock\n|turn|23\n|\n|t:|1700619662\n|-terastallize|p1a: i love salt|Ghost\n|move|p2a: Scizor|Close Combat|p1a: i love salt\n|-immune|p1a: i love salt\n|move|p1a: i love salt|Body Press|p2a: Scizor\n|-damage|p2a: Scizor|43\/100\n|\n|-heal|p1a: i love salt|94\/100|[from] item: Leftovers\n|upkeep\n|turn|24\n|\n|t:|1700619667\n|move|p2a: Scizor|U-turn|p1a: i love salt\n|-resisted|p1a: i love salt\n|-damage|p1a: i love salt|82\/100\n|\n|t:|1700619673\n|switch|p2a: Gengar|Gengar, F, shiny|100\/100|[from] U-turn\n|-activate|p2a: Gengar|move: Sticky Web\n|-unboost|p2a: Gengar|spe|1\n|move|p1a: i love salt|Body Press|p2a: Gengar\n|-immune|p2a: Gengar\n|\n|-heal|p1a: i love salt|88\/100|[from] item: Leftovers\n|upkeep\n|turn|25\n|\n|t:|1700619678\n|move|p2a: Gengar|Hex|p1a: i love salt\n|-supereffective|p1a: i love salt\n|-damage|p1a: i love salt|56\/100\n|move|p1a: i love salt|Salt Cure|p2a: Gengar\n|-damage|p2a: Gengar|74\/100\n|-start|p2a: Gengar|Salt Cure\n|\n|-heal|p1a: i love salt|62\/100|[from] item: Leftovers\n|-damage|p2a: Gengar|61\/100|[from] Salt Cure\n|upkeep\n|turn|26\n|\n|t:|1700619683\n|move|p2a: Gengar|Sludge Bomb|p1a: i love salt\n|-resisted|p1a: i love salt\n|-damage|p1a: i love salt|43\/100\n|move|p1a: i love salt|Recover|p1a: i love salt\n|-heal|p1a: i love salt|94\/100\n|\n|-heal|p1a: i love salt|99\/100|[from] item: Leftovers\n|-damage|p2a: Gengar|49\/100|[from] Salt Cure\n|upkeep\n|turn|27\n|\n|t:|1700619685\n|move|p2a: Gengar|Hex|p1a: i love salt\n|-supereffective|p1a: i love salt\n|-damage|p1a: i love salt|72\/100\n|move|p1a: i love salt|Iron Defense|p1a: i love salt\n|-boost|p1a: i love salt|def|2\n|\n|-heal|p1a: i love salt|78\/100|[from] item: Leftovers\n|-damage|p2a: Gengar|37\/100|[from] Salt Cure\n|upkeep\n|turn|28\n|-message|CiaossAn forfeited.\n|\n|win|Pikablue Fan\n|raw|Pikablue Fan's rating: 1150 &rarr; <strong>1183<\/strong><br \/>(+33 for winning)\n|raw|CiaossAn's rating: 1258 &rarr; <strong>1225<\/strong><br \/>(-33 for losing)\n|l|\u2606CiaossAn\n","uploadtime":1700619693,"views":3,"p1id":"pikabluefan","p2id":"ciaossan","formatid":"gen9nationaldex","rating":1183,"private":0,"password":""}