{"id":"gen9nationaldex-1995862314","p1":"MachoDanPan","p2":"LoreOlympus5002","format":"[Gen 9] National Dex","log":"|html|<div class=\"broadcast-blue\"><strong>[Gen 9] National Dex is currently suspecting Sneasler! For information on how to participate check out the <a href=\"https:\/\/www.smogon.com\/forums\/threads\/sv-national-dex-suspect-8-just-dance.3731534\/\">suspect thread<\/a>.<\/strong><\/div>\n|j|\u2606MachoDanPan\n|j|\u2606LoreOlympus5002\n|t:|1700610860\n|gametype|singles\n|player|p1|MachoDanPan|ltsurge|1000\n|player|p2|LoreOlympus5002|2|1047\n|teamsize|p1|5\n|teamsize|p2|6\n|gen|9\n|tier|[Gen 9] National Dex\n|rated|\n|rule|HP Percentage Mod: HP is shown in percentages\n|rule|Endless Battle Clause: Forcing endless battles is banned\n|rule|OHKO Clause: OHKO moves are banned\n|rule|Evasion Clause: Evasion abilities, items, and moves are banned\n|rule|Evasion Abilities Clause: Evasion abilities are banned\n|rule|Evasion Items Clause: Evasion items are banned\n|rule|Evasion Moves Clause: Evasion moves are banned\n|rule|Species Clause: Limit one of each Pok\u00e9mon\n|rule|Sleep Clause Mod: Limit one foe put to sleep\n|clearpoke\n|poke|p1|Vaporeon, F|\n|poke|p1|Lucario, M|\n|poke|p1|Mimikyu, F|\n|poke|p1|Blastoise, F|\n|poke|p1|Gyarados, F|\n|poke|p2|Ninetales-Alola, F|\n|poke|p2|Tinkaton, F|\n|poke|p2|Leavanny, F|\n|poke|p2|Lilligant-Hisui, F|\n|poke|p2|Tsareena, F|\n|poke|p2|Sylveon, F|\n|teampreview\n|\n|t:|1700610870\n|start\n|switch|p1a: Blastoise|Blastoise, F|100\/100\n|switch|p2a: Sylveon|Sylveon, F, shiny|100\/100\n|turn|1\n|\n|t:|1700610877\n|move|p1a: Blastoise|Fake Out|p2a: Sylveon\n|-damage|p2a: Sylveon|86\/100\n|cant|p2a: Sylveon|flinch\n|\n|upkeep\n|turn|2\n|\n|t:|1700610882\n|move|p1a: Blastoise|Rain Dance|p1a: Blastoise\n|-weather|RainDance\n|move|p2a: Sylveon|Hyper Voice|p1a: Blastoise\n|-damage|p1a: Blastoise|64\/100\n|\n|-weather|RainDance|[upkeep]\n|-heal|p1a: Blastoise|70\/100|[from] ability: Rain Dish\n|upkeep\n|turn|3\n|\n|t:|1700610888\n|move|p1a: Blastoise|Flip Turn|p2a: Sylveon\n|-damage|p2a: Sylveon|46\/100\n|-enditem|p2a: Sylveon|Absorb Bulb\n|-boost|p2a: Sylveon|spa|1|[from] item: Absorb Bulb\n|\n|t:|1700610901\n|switch|p1a: Vaporeon|Vaporeon, F|100\/100|[from] Flip Turn\n|move|p2a: Sylveon|Moonblast|p1a: Vaporeon\n|-damage|p1a: Vaporeon|61\/100\n|\n|-weather|RainDance|[upkeep]\n|-heal|p1a: Vaporeon|67\/100|[from] item: Leftovers\n|upkeep\n|turn|4\n|\n|t:|1700610909\n|move|p1a: Vaporeon|Hydro Pump|p2a: Sylveon\n|-damage|p2a: Sylveon|0 fnt\n|faint|p2a: Sylveon\n|\n|-weather|RainDance|[upkeep]\n|-heal|p1a: Vaporeon|74\/100|[from] item: Leftovers\n|upkeep\n|\n|t:|1700610918\n|switch|p2a: Tsareena|Tsareena, F, shiny|100\/100\n|turn|5\n|\n|t:|1700610930\n|switch|p1a: Gyarados|Gyarados, F|100\/100\n|move|p2a: Tsareena|Power Whip|p1a: Gyarados\n|-damage|p1a: Gyarados|35\/100\n|\n|-weather|RainDance|[upkeep]\n|upkeep\n|turn|6\n|\n|t:|1700610937\n|move|p1a: Gyarados|Iron Head|p2a: Tsareena\n|-damage|p2a: Tsareena|69\/100\n|move|p2a: Tsareena|Power Whip|p1a: Gyarados\n|-damage|p1a: Gyarados|0 fnt\n|faint|p1a: Gyarados\n|\n|-weather|none\n|-heal|p2a: Tsareena|75\/100|[from] item: Leftovers\n|upkeep\n|\n|t:|1700610948\n|switch|p1a: Lucario|Lucario, M|100\/100\n|turn|7\n|\n|t:|1700610956\n|move|p1a: Lucario|Swords Dance|p1a: Lucario\n|-boost|p1a: Lucario|atk|2\n|move|p2a: Tsareena|Zen Headbutt|p1a: Lucario\n|-damage|p1a: Lucario|63\/100\n|\n|-heal|p2a: Tsareena|81\/100|[from] item: Leftovers\n|upkeep\n|turn|8\n|\n|t:|1700610967\n|move|p1a: Lucario|Swords Dance|p1a: Lucario\n|-boost|p1a: Lucario|atk|2\n|move|p2a: Tsareena|Dazzling Gleam|p1a: Lucario\n|-crit|p1a: Lucario\n|-damage|p1a: Lucario|32\/100\n|\n|-heal|p2a: Tsareena|87\/100|[from] item: Leftovers\n|upkeep\n|turn|9\n|\n|t:|1700610976\n|move|p1a: Lucario|Extreme Speed||[still]\n|cant|p2a: Tsareena|ability: Queenly Majesty|Extreme Speed|[of] p1a: Lucario\n|move|p2a: Tsareena|Zen Headbutt|p1a: Lucario|[miss]\n|-miss|p2a: Tsareena|p1a: Lucario\n|\n|-heal|p2a: Tsareena|93\/100|[from] item: Leftovers\n|upkeep\n|turn|10\n|\n|t:|1700610982\n|move|p1a: Lucario|Meteor Mash|p2a: Tsareena\n|-damage|p2a: Tsareena|0 fnt\n|faint|p2a: Tsareena\n|\n|upkeep\n|\n|t:|1700610987\n|switch|p2a: Lilligant|Lilligant-Hisui, F, shiny|100\/100\n|turn|11\n|\n|t:|1700610995\n|move|p1a: Lucario|Extreme Speed|p2a: Lilligant\n|-damage|p2a: Lilligant|3\/100\n|move|p2a: Lilligant|Solar Blade||[still]\n|-prepare|p2a: Lilligant|Solar Blade\n|-enditem|p2a: Lilligant|Power Herb\n|-anim|p2a: Lilligant|Solar Blade|p1a: Lucario\n|-resisted|p1a: Lucario\n|-damage|p1a: Lucario|0 fnt\n|faint|p1a: Lucario\n|\n|upkeep\n|\n|t:|1700611003\n|switch|p1a: Blastoise|Blastoise, F|70\/100\n|turn|12\n|\n|t:|1700611005\n|move|p1a: Blastoise|Fake Out|p2a: Lilligant\n|-damage|p2a: Lilligant|0 fnt\n|faint|p2a: Lilligant\n|\n|upkeep\n|\n|t:|1700611010\n|switch|p2a: Leavanny|Leavanny, F, shiny|100\/100\n|turn|13\n|\n|t:|1700611016\n|move|p2a: Leavanny|Leaf Storm|p1a: Blastoise\n|-supereffective|p1a: Blastoise\n|-damage|p1a: Blastoise|0 fnt\n|-unboost|p2a: Leavanny|spa|2\n|faint|p1a: Blastoise\n|\n|upkeep\n|\n|t:|1700611019\n|switch|p1a: Mimikyu|Mimikyu, F|100\/100\n|turn|14\n|\n|t:|1700611026\n|move|p1a: Mimikyu|Swords Dance|p1a: Mimikyu\n|-boost|p1a: Mimikyu|atk|2\n|move|p2a: Leavanny|Leaf Storm|p1a: Mimikyu\n|-activate|p1a: Mimikyu|ability: Disguise\n|-damage|p1a: Mimikyu|100\/100\n|-unboost|p2a: Leavanny|spa|2\n|detailschange|p1a: Mimikyu|Mimikyu-Busted, F\n|-damage|p1a: Mimikyu|88\/100|[from] pokemon: Mimikyu-Busted\n|\n|upkeep\n|turn|15\n|\n|t:|1700611035\n|move|p1a: Mimikyu|Shadow Claw|p2a: Leavanny\n|-damage|p2a: Leavanny|16\/100\n|-damage|p1a: Mimikyu|78\/100|[from] item: Life Orb\n|move|p2a: Leavanny|Energy Ball|p1a: Mimikyu\n|-damage|p1a: Mimikyu|65\/100\n|\n|upkeep\n|turn|16\n|\n|t:|1700611043\n|move|p1a: Mimikyu|Shadow Claw|p2a: Leavanny\n|-damage|p2a: Leavanny|0 fnt\n|faint|p2a: Leavanny\n|-damage|p1a: Mimikyu|55\/100|[from] item: Life Orb\n|\n|upkeep\n|\n|t:|1700611049\n|switch|p2a: Tinkaton|Tinkaton, F, shiny|100\/100\n|-ability|p2a: Tinkaton|Mold Breaker\n|turn|17\n|\n|t:|1700611053\n|move|p1a: Mimikyu|Shadow Claw|p2a: Tinkaton\n|-damage|p2a: Tinkaton|5\/100\n|-damage|p1a: Mimikyu|45\/100|[from] item: Life Orb\n|move|p2a: Tinkaton|Gigaton Hammer|p1a: Mimikyu\n|-supereffective|p1a: Mimikyu\n|-damage|p1a: Mimikyu|0 fnt\n|faint|p1a: Mimikyu\n|\n|upkeep\n|\n|t:|1700611058\n|switch|p1a: Vaporeon|Vaporeon, F|74\/100\n|turn|18\n|\n|t:|1700611065\n|move|p2a: Tinkaton|Draining Kiss|p1a: Vaporeon\n|-damage|p1a: Vaporeon|62\/100\n|-heal|p2a: Tinkaton|18\/100|[from] drain|[of] p1a: Vaporeon\n|move|p1a: Vaporeon|Yawn|p2a: Tinkaton\n|-start|p2a: Tinkaton|move: Yawn|[of] p1a: Vaporeon\n|\n|-heal|p1a: Vaporeon|68\/100|[from] item: Leftovers\n|upkeep\n|turn|19\n|\n|t:|1700611074\n|move|p2a: Tinkaton|Gigaton Hammer|p1a: Vaporeon\n|-resisted|p1a: Vaporeon\n|-damage|p1a: Vaporeon|42\/100\n|move|p1a: Vaporeon|Acid Armor|p1a: Vaporeon\n|-boost|p1a: Vaporeon|def|2\n|\n|-heal|p1a: Vaporeon|48\/100|[from] item: Leftovers\n|-end|p2a: Tinkaton|move: Yawn|[silent]\n|-status|p2a: Tinkaton|slp\n|upkeep\n|turn|20\n|\n|t:|1700611092\n|cant|p2a: Tinkaton|slp\n|move|p1a: Vaporeon|Calm Mind|p1a: Vaporeon\n|-boost|p1a: Vaporeon|spa|1\n|-boost|p1a: Vaporeon|spd|1\n|\n|-heal|p1a: Vaporeon|55\/100|[from] item: Leftovers\n|upkeep\n|turn|21\n|\n|t:|1700611099\n|cant|p2a: Tinkaton|slp\n|move|p1a: Vaporeon|Hydro Pump|p2a: Tinkaton|[miss]\n|-miss|p1a: Vaporeon|p2a: Tinkaton\n|\n|-heal|p1a: Vaporeon|61\/100|[from] item: Leftovers\n|upkeep\n|turn|22\n|\n|t:|1700611105\n|-curestatus|p2a: Tinkaton|slp|[msg]\n|move|p2a: Tinkaton|Stone Edge|p1a: Vaporeon\n|-damage|p1a: Vaporeon|51\/100\n|move|p1a: Vaporeon|Hydro Pump|p2a: Tinkaton\n|-damage|p2a: Tinkaton|0 fnt\n|faint|p2a: Tinkaton\n|\n|-heal|p1a: Vaporeon|57\/100|[from] item: Leftovers\n|upkeep\n|\n|t:|1700611115\n|switch|p2a: Ninetales|Ninetales-Alola, F, shiny|100\/100\n|-weather|Snow|[from] ability: Snow Warning|[of] p2a: Ninetales\n|turn|23\n|\n|t:|1700611124\n|-terastallize|p1a: Vaporeon|Water\n|move|p2a: Ninetales|Blizzard|p1a: Vaporeon\n|-resisted|p1a: Vaporeon\n|-damage|p1a: Vaporeon|50\/100\n|move|p1a: Vaporeon|Hydro Pump|p2a: Ninetales\n|-enditem|p2a: Ninetales|Focus Sash\n|-damage|p2a: Ninetales|1\/100\n|\n|-weather|Snow|[upkeep]\n|-heal|p1a: Vaporeon|56\/100|[from] item: Leftovers\n|upkeep\n|turn|24\n|\n|t:|1700611135\n|move|p2a: Ninetales|Ice Beam|p1a: Vaporeon\n|-resisted|p1a: Vaporeon\n|-damage|p1a: Vaporeon|49\/100\n|move|p1a: Vaporeon|Hydro Pump|p2a: Ninetales\n|-damage|p2a: Ninetales|0 fnt\n|faint|p2a: Ninetales\n|\n|win|MachoDanPan\n|raw|MachoDanPan's rating: 1000 &rarr; <strong>1045<\/strong><br \/>(+45 for winning)\n|raw|LoreOlympus5002's rating: 1047 &rarr; <strong>1028<\/strong><br \/>(-19 for losing)\n|c|\u2606MachoDanPan|gg\n|l|\u2606LoreOlympus5002\n","uploadtime":1700611147,"views":2,"p1id":"machodanpan","p2id":"loreolympus5002","formatid":"gen9nationaldex","rating":1028,"private":0,"password":""}