{"id":"gen9nationaldex-1988034975","p1":"Kuzwa","p2":"Shfgkesh","format":"[Gen 9] National Dex","log":"|j|\u2606Kuzwa\n|j|\u2606Shfgkesh\n|t:|1699661648\n|gametype|singles\n|player|p1|Kuzwa|parasollady|1088\n|player|p2|Shfgkesh|jogger|1005\n|teamsize|p1|6\n|teamsize|p2|6\n|gen|9\n|tier|[Gen 9] National Dex\n|rated|\n|rule|HP Percentage Mod: HP is shown in percentages\n|rule|Endless Battle Clause: Forcing endless battles is banned\n|rule|OHKO Clause: OHKO moves are banned\n|rule|Evasion Clause: Evasion abilities, items, and moves are banned\n|rule|Evasion Abilities Clause: Evasion abilities are banned\n|rule|Evasion Items Clause: Evasion items are banned\n|rule|Evasion Moves Clause: Evasion moves are banned\n|rule|Species Clause: Limit one of each Pok\u00e9mon\n|rule|Sleep Clause Mod: Limit one foe put to sleep\n|clearpoke\n|poke|p1|Gallade, M|\n|poke|p1|Garchomp, M|\n|poke|p1|Blaziken, M|\n|poke|p1|Kartana|\n|poke|p1|Scizor, M|\n|poke|p1|Weavile, M|\n|poke|p2|Leavanny, F|\n|poke|p2|Jellicent, M|\n|poke|p2|Braviary, M|\n|poke|p2|Krookodile, F|\n|poke|p2|Darmanitan, F|\n|poke|p2|Eelektross, M|\n|teampreview\n|\n|t:|1699661663\n|start\n|switch|p1a: Koromaru|Blaziken, M, shiny|100\/100\n|switch|p2a: Eelektross|Eelektross, M|100\/100\n|turn|1\n|\n|t:|1699661672\n|move|p1a: Koromaru|Blaze Kick|p2a: Eelektross\n|-damage|p2a: Eelektross|39\/100\n|move|p2a: Eelektross|Liquidation|p1a: Koromaru\n|-supereffective|p1a: Koromaru\n|-damage|p1a: Koromaru|0 fnt\n|faint|p1a: Koromaru\n|\n|upkeep\n|\n|t:|1699661682\n|switch|p1a: Makoto Yuki|Kartana, shiny|100\/100\n|turn|2\n|\n|t:|1699661690\n|move|p1a: Makoto Yuki|Smart Strike|p2a: Eelektross\n|-resisted|p2a: Eelektross\n|-damage|p2a: Eelektross|8\/100\n|move|p2a: Eelektross|Drain Punch|p1a: Makoto Yuki\n|-supereffective|p1a: Makoto Yuki\n|-damage|p1a: Makoto Yuki|33\/100\n|-heal|p2a: Eelektross|36\/100|[from] drain|[of] p1a: Makoto Yuki\n|\n|upkeep\n|turn|3\n|\n|t:|1699661708\n|move|p1a: Makoto Yuki|Sacred Sword|p2a: Eelektross\n|-damage|p2a: Eelektross|0 fnt\n|faint|p2a: Eelektross\n|-ability|p1a: Makoto Yuki|Beast Boost|boost\n|-boost|p1a: Makoto Yuki|atk|1\n|\n|upkeep\n|\n|t:|1699661719\n|switch|p2a: Darmanitan|Darmanitan, F|100\/100\n|turn|4\n|\n|t:|1699661732\n|move|p1a: Makoto Yuki|Sacred Sword|p2a: Darmanitan\n|-damage|p2a: Darmanitan|17\/100\n|move|p2a: Darmanitan|Flare Blitz|p1a: Makoto Yuki\n|-supereffective|p1a: Makoto Yuki\n|-damage|p1a: Makoto Yuki|0 fnt\n|faint|p1a: Makoto Yuki\n|-damage|p2a: Darmanitan|11\/100|[from] Recoil\n|\n|upkeep\n|\n|t:|1699661750\n|switch|p1a: Junpei Iori|Weavile, M, shiny|100\/100\n|turn|5\n|\n|t:|1699661760\n|move|p1a: Junpei Iori|Throat Chop|p2a: Darmanitan\n|-damage|p2a: Darmanitan|0 fnt\n|faint|p2a: Darmanitan\n|\n|upkeep\n|\n|t:|1699661766\n|switch|p2a: Leavanny|Leavanny, F|100\/100\n|turn|6\n|\n|t:|1699661772\n|move|p1a: Junpei Iori|Ice Spinner|p2a: Leavanny\n|-supereffective|p2a: Leavanny\n|-damage|p2a: Leavanny|0 fnt\n|faint|p2a: Leavanny\n|\n|upkeep\n|\n|t:|1699661779\n|switch|p2a: Braviary|Braviary, M, shiny|100\/100\n|turn|7\n|\n|t:|1699661783\n|move|p1a: Junpei Iori|Ice Spinner|p2a: Braviary\n|-supereffective|p2a: Braviary\n|-crit|p2a: Braviary\n|-damage|p2a: Braviary|0 fnt\n|faint|p2a: Braviary\n|\n|upkeep\n|\n|t:|1699661789\n|switch|p2a: Jellicent|Jellicent, M|100\/100\n|turn|8\n|\n|t:|1699661797\n|move|p1a: Junpei Iori|Throat Chop|p2a: Jellicent\n|-supereffective|p2a: Jellicent\n|-damage|p2a: Jellicent|0 fnt\n|faint|p2a: Jellicent\n|\n|upkeep\n|\n|t:|1699661803\n|switch|p2a: Krookodile|Krookodile, F, shiny|100\/100\n|-ability|p2a: Krookodile|Intimidate|boost\n|-unboost|p1a: Junpei Iori|atk|1\n|turn|9\n|\n|t:|1699661810\n|move|p1a: Junpei Iori|Ice Spinner|p2a: Krookodile\n|-supereffective|p2a: Krookodile\n|-damage|p2a: Krookodile|35\/100\n|move|p2a: Krookodile|Brick Break|p1a: Junpei Iori\n|-supereffective|p1a: Junpei Iori\n|-enditem|p1a: Junpei Iori|Focus Sash\n|-damage|p1a: Junpei Iori|1\/100\n|-enditem|p2a: Krookodile|Expert Belt|[silent]|[from] ability: Pickpocket|[of] p2a: Krookodile\n|-item|p1a: Junpei Iori|Expert Belt|[from] ability: Pickpocket|[of] p2a: Krookodile\n|\n|upkeep\n|turn|10\n|\n|t:|1699661821\n|move|p1a: Junpei Iori|Ice Spinner|p2a: Krookodile\n|-supereffective|p2a: Krookodile\n|-damage|p2a: Krookodile|0 fnt\n|faint|p2a: Krookodile\n|\n|win|Kuzwa\n|raw|Kuzwa's rating: 1088 &rarr; <strong>1109<\/strong><br \/>(+21 for winning)\n|raw|Shfgkesh's rating: 1005 &rarr; <strong>1000<\/strong><br \/>(-5 for losing)\n","uploadtime":1699661826,"views":4,"p1id":"kuzwa","p2id":"shfgkesh","formatid":"gen9nationaldex","rating":1000,"private":0,"password":""}