{"id":"gen9nationaldex-1990636914","p1":"elvisma","p2":"xyf13511744988","format":"[Gen 9] National Dex","log":"|j|\u2606elvisma\n|j|\u2606xyf13511744988\n|t:|1699987666\n|gametype|singles\n|player|p1|elvisma|red-masters|1743\n|player|p2|xyf13511744988|1|1789\n|teamsize|p1|6\n|teamsize|p2|6\n|gen|9\n|tier|[Gen 9] National Dex\n|rated|\n|rule|HP Percentage Mod: HP is shown in percentages\n|rule|Endless Battle Clause: Forcing endless battles is banned\n|rule|OHKO Clause: OHKO moves are banned\n|rule|Evasion Clause: Evasion abilities, items, and moves are banned\n|rule|Evasion Abilities Clause: Evasion abilities are banned\n|rule|Evasion Items Clause: Evasion items are banned\n|rule|Evasion Moves Clause: Evasion moves are banned\n|rule|Species Clause: Limit one of each Pok\u00e9mon\n|rule|Sleep Clause Mod: Limit one foe put to sleep\n|clearpoke\n|poke|p1|Azelf|\n|poke|p1|Charizard, F|\n|poke|p1|Ribombee, M|\n|poke|p1|Great Tusk|\n|poke|p1|Ogerpon-Wellspring, F|\n|poke|p1|Victini|\n|poke|p2|Weavile, M|\n|poke|p2|Landorus-Therian, M|\n|poke|p2|Zapdos|\n|poke|p2|Volcanion|\n|poke|p2|Ursaluna, F|\n|poke|p2|Kartana|\n|teampreview\n|\n|t:|1699987682\n|start\n|switch|p1a: V create spam|Victini|100\/100\n|switch|p2a: Weavile|Weavile, M|100\/100\n|-ability|p2a: Weavile|Pressure\n|turn|1\n|\n|t:|1699987692\n|-terastallize|p2a: Weavile|Dark\n|move|p2a: Weavile|Beat Up|p1a: V create spam\n|-supereffective|p1a: V create spam\n|-damage|p1a: V create spam|65\/100\n|-supereffective|p1a: V create spam\n|-damage|p1a: V create spam|29\/100\n|-supereffective|p1a: V create spam\n|-damage|p1a: V create spam|0 fnt\n|faint|p1a: V create spam\n|-hitcount|p1: V create spam|3\n|\n|upkeep\n|\n|t:|1699987705\n|switch|p1a: TUSK SWEEP|Great Tusk|100\/100\n|-enditem|p1a: TUSK SWEEP|Booster Energy\n|-activate|p1a: TUSK SWEEP|ability: Protosynthesis|[fromitem]\n|-start|p1a: TUSK SWEEP|protosynthesisatk\n|turn|2\n|inactive|Battle timer is ON: inactive players will automatically lose when time's up. (requested by xyf13511744988)\n|\n|t:|1699987720\n|switch|p2a: Landorus|Landorus-Therian, M|100\/100\n|-ability|p2a: Landorus|Intimidate|boost\n|-unboost|p1a: TUSK SWEEP|atk|1\n|-terastallize|p1a: TUSK SWEEP|Ice\n|move|p1a: TUSK SWEEP|Rapid Spin|p2a: Landorus\n|-damage|p2a: Landorus|84\/100\n|-boost|p1a: TUSK SWEEP|spe|1\n|\n|-heal|p2a: Landorus|91\/100|[from] item: Leftovers\n|upkeep\n|turn|3\n|\n|t:|1699987729\n|switch|p2a: Zapdos|Zapdos|100\/100\n|move|p1a: TUSK SWEEP|Close Combat|p2a: Zapdos\n|-resisted|p2a: Zapdos\n|-damage|p2a: Zapdos|80\/100\n|-unboost|p1a: TUSK SWEEP|def|1\n|-unboost|p1a: TUSK SWEEP|spd|1\n|\n|upkeep\n|turn|4\n|\n|t:|1699987733\n|switch|p2a: Landorus|Landorus-Therian, M|91\/100\n|-ability|p2a: Landorus|Intimidate|boost\n|-unboost|p1a: TUSK SWEEP|atk|1\n|move|p1a: TUSK SWEEP|Ice Spinner|p2a: Landorus\n|-supereffective|p2a: Landorus\n|-damage|p2a: Landorus|0 fnt\n|faint|p2a: Landorus\n|\n|upkeep\n|\n|t:|1699987757\n|switch|p2a: Zapdos|Zapdos|80\/100\n|turn|5\n|\n|t:|1699987762\n|-end|p1a: TUSK SWEEP|Protosynthesis|[silent]\n|switch|p1a: ZA BEE|Ribombee, M|100\/100\n|move|p2a: Zapdos|Discharge|p1a: ZA BEE\n|-damage|p1a: ZA BEE|39\/100\n|\n|upkeep\n|turn|6\n|\n|t:|1699987765\n|switch|p2a: Weavile|Weavile, M, tera:Dark|100\/100\n|-ability|p2a: Weavile|Pressure\n|move|p1a: ZA BEE|Sticky Web|p2a: Weavile\n|-sidestart|p2: xyf13511744988|move: Sticky Web\n|\n|upkeep\n|turn|7\n|\n|t:|1699987768\n|move|p2a: Weavile|Beat Up|p1a: ZA BEE\n|-resisted|p1a: ZA BEE\n|-damage|p1a: ZA BEE|23\/100\n|-resisted|p1a: ZA BEE\n|-damage|p1a: ZA BEE|10\/100\n|-resisted|p1a: ZA BEE\n|-damage|p1a: ZA BEE|0 fnt\n|faint|p1a: ZA BEE\n|-hitcount|p1: ZA BEE|3\n|\n|upkeep\n|\n|t:|1699987782\n|switch|p1a: TUSK SWEEP|Great Tusk, tera:Ice|100\/100\n|turn|8\n|\n|t:|1699987785\n|move|p2a: Weavile|Beat Up|p1a: TUSK SWEEP\n|-damage|p1a: TUSK SWEEP|89\/100\n|-damage|p1a: TUSK SWEEP|78\/100\n|-damage|p1a: TUSK SWEEP|67\/100\n|-damage|p1a: TUSK SWEEP|51\/100\n|-damage|p1a: TUSK SWEEP|35\/100\n|-hitcount|p1a: TUSK SWEEP|5\n|move|p1a: TUSK SWEEP|Rapid Spin|p2a: Weavile\n|-damage|p2a: Weavile|72\/100\n|-boost|p1a: TUSK SWEEP|spe|1\n|\n|upkeep\n|turn|9\n|\n|t:|1699987789\n|switch|p2a: Zapdos|Zapdos|80\/100\n|move|p1a: TUSK SWEEP|Close Combat|p2a: Zapdos\n|-resisted|p2a: Zapdos\n|-damage|p2a: Zapdos|59\/100\n|-unboost|p1a: TUSK SWEEP|def|1\n|-unboost|p1a: TUSK SWEEP|spd|1\n|\n|upkeep\n|turn|10\n|\n|t:|1699987794\n|move|p1a: TUSK SWEEP|Ice Spinner|p2a: Zapdos\n|-supereffective|p2a: Zapdos\n|-crit|p2a: Zapdos\n|-damage|p2a: Zapdos|0 fnt\n|faint|p2a: Zapdos\n|\n|upkeep\n|\n|t:|1699987800\n|switch|p2a: Volcanion|Volcanion|100\/100\n|turn|11\n|\n|t:|1699987804\n|move|p1a: TUSK SWEEP|Headlong Rush|p2a: Volcanion\n|-supereffective|p2a: Volcanion\n|-damage|p2a: Volcanion|28\/100\n|-unboost|p1a: TUSK SWEEP|def|1\n|-unboost|p1a: TUSK SWEEP|spd|1\n|move|p2a: Volcanion|Flamethrower|p1a: TUSK SWEEP\n|-supereffective|p1a: TUSK SWEEP\n|-damage|p1a: TUSK SWEEP|0 fnt\n|faint|p1a: TUSK SWEEP\n|-end|p1a: TUSK SWEEP|Protosynthesis|[silent]\n|\n|upkeep\n|\n|t:|1699987825\n|switch|p1a: pls dont u-turn|Azelf|100\/100\n|turn|12\n|\n|t:|1699987838\n|move|p1a: pls dont u-turn|Thunderbolt|p2a: Volcanion\n|-supereffective|p2a: Volcanion\n|-crit|p2a: Volcanion\n|-damage|p2a: Volcanion|0 fnt\n|faint|p2a: Volcanion\n|\n|upkeep\n|\n|t:|1699987844\n|switch|p2a: Weavile|Weavile, M, tera:Dark|72\/100\n|-activate|p2a: Weavile|move: Sticky Web\n|-unboost|p2a: Weavile|spe|1\n|-ability|p2a: Weavile|Pressure\n|turn|13\n|\n|t:|1699987847\n|move|p1a: pls dont u-turn|Dazzling Gleam|p2a: Weavile\n|-supereffective|p2a: Weavile\n|-damage|p2a: Weavile|1\/100\n|move|p2a: Weavile|Triple Axel|p1a: pls dont u-turn\n|-damage|p1a: pls dont u-turn|79\/100\n|-damage|p1a: pls dont u-turn|30\/100\n|-damage|p1a: pls dont u-turn|0 fnt\n|faint|p1a: pls dont u-turn\n|-hitcount|p1: pls dont u-turn|3\n|\n|upkeep\n|j| Lilm_mo\n|\n|t:|1699987860\n|switch|p1a: touchgrassdrinkH2O|Ogerpon-Wellspring, F|100\/100\n|turn|14\n|\n|t:|1699987863\n|move|p1a: touchgrassdrinkH2O|Horn Leech|p2a: Weavile\n|-damage|p2a: Weavile|0 fnt\n|faint|p2a: Weavile\n|\n|upkeep\n|\n|t:|1699987867\n|switch|p2a: Kartana|Kartana|100\/100\n|-activate|p2a: Kartana|move: Sticky Web\n|-unboost|p2a: Kartana|spe|1\n|turn|15\n|\n|t:|1699987872\n|switch|p1a: ampheros|Charizard, F|100\/100\n|move|p2a: Kartana|Knock Off|p1a: ampheros\n|-damage|p1a: ampheros|62\/100\n|\n|upkeep\n|turn|16\n|\n|t:|1699987875\n|detailschange|p1a: ampheros|Charizard-Mega-X, F\n|-mega|p1a: ampheros|Charizard|Charizardite X\n|move|p2a: Kartana|Knock Off|p1a: ampheros\n|-damage|p1a: ampheros|32\/100\n|move|p1a: ampheros|Dragon Dance|p1a: ampheros\n|-boost|p1a: ampheros|atk|1\n|-boost|p1a: ampheros|spe|1\n|\n|upkeep\n|turn|17\n|\n|t:|1699987877\n|move|p1a: ampheros|Fire Punch|p2a: Kartana\n|-supereffective|p2a: Kartana\n|-damage|p2a: Kartana|0 fnt\n|faint|p2a: Kartana\n|\n|upkeep\n|\n|t:|1699987880\n|switch|p2a: Ursaluna|Ursaluna, F|100\/100\n|-activate|p2a: Ursaluna|move: Sticky Web\n|-unboost|p2a: Ursaluna|spe|1\n|turn|18\n|\n|t:|1699987887\n|move|p1a: ampheros|Dragon Claw|p2a: Ursaluna\n|-damage|p2a: Ursaluna|29\/100\n|move|p2a: Ursaluna|Facade|p1a: ampheros\n|-damage|p1a: ampheros|0 fnt\n|faint|p1a: ampheros\n|\n|-status|p2a: Ursaluna|brn|[from] item: Flame Orb\n|upkeep\n|\n|t:|1699987888\n|switch|p1a: touchgrassdrinkH2O|Ogerpon-Wellspring, F|100\/100\n|turn|19\n|c|\u2606elvisma|gg\n|\n|t:|1699987891\n|move|p1a: touchgrassdrinkH2O|Ivy Cudgel|p2a: Ursaluna|[anim] Ivy Cudgel Water\n|-supereffective|p2a: Ursaluna\n|-damage|p2a: Ursaluna|0 fnt\n|faint|p2a: Ursaluna\n|\n|win|elvisma\n|raw|elvisma's rating: 1743 &rarr; <strong>1766<\/strong><br \/>(+23 for winning)\n|raw|xyf13511744988's rating: 1789 &rarr; <strong>1766<\/strong><br \/>(-23 for losing)\n","uploadtime":1699987895,"views":4,"p1id":"elvisma","p2id":"xyf13511744988","formatid":"gen9nationaldex","rating":1766,"private":0,"password":""}