{"id":"gen9nationaldex-1993243899","p1":"Sasuna","p2":"goushijituan","format":"[Gen 9] National Dex","log":"|j|\u2606Sasuna\n|j|\u2606goushijituan\n|t:|1700283265\n|gametype|singles\n|player|p1|Sasuna|lucas|1033\n|player|p2|goushijituan|hiker-gen4|1054\n|teamsize|p1|6\n|teamsize|p2|6\n|gen|9\n|tier|[Gen 9] National Dex\n|rated|\n|rule|HP Percentage Mod: HP is shown in percentages\n|rule|Endless Battle Clause: Forcing endless battles is banned\n|rule|OHKO Clause: OHKO moves are banned\n|rule|Evasion Clause: Evasion abilities, items, and moves are banned\n|rule|Evasion Abilities Clause: Evasion abilities are banned\n|rule|Evasion Items Clause: Evasion items are banned\n|rule|Evasion Moves Clause: Evasion moves are banned\n|rule|Species Clause: Limit one of each Pok\u00e9mon\n|rule|Sleep Clause Mod: Limit one foe put to sleep\n|clearpoke\n|poke|p1|Cloyster, F|\n|poke|p1|Dragonite, M|\n|poke|p1|Greninja-*, M|\n|poke|p1|Scolipede, F|\n|poke|p1|Tapu Koko|\n|poke|p1|Barbaracle, F|\n|poke|p2|Alomomola, M|\n|poke|p2|Sableye, F|\n|poke|p2|Skeledirge, M|\n|poke|p2|Gliscor, F|\n|poke|p2|Clodsire, F|\n|poke|p2|Blissey, F|\n|teampreview\n|\n|t:|1700283285\n|start\n|switch|p1a: Cloyster|Cloyster, F|100\/100\n|switch|p2a: Sableye|Sableye, F|100\/100\n|turn|1\n|inactive|Battle timer is ON: inactive players will automatically lose when time's up. (requested by goushijituan)\n|\n|t:|1700283289\n|detailschange|p2a: Sableye|Sableye-Mega, F\n|-mega|p2a: Sableye|Sableye|Sablenite\n|move|p1a: Cloyster|Shell Smash|p1a: Cloyster\n|-unboost|p1a: Cloyster|def|1\n|-unboost|p1a: Cloyster|spd|1\n|-boost|p1a: Cloyster|atk|2\n|-boost|p1a: Cloyster|spa|2\n|-boost|p1a: Cloyster|spe|2\n|move|p2a: Sableye|Will-O-Wisp|p1a: Cloyster\n|-status|p1a: Cloyster|brn\n|\n|-damage|p1a: Cloyster|94\/100 brn|[from] brn\n|upkeep\n|turn|2\n|\n|t:|1700283296\n|move|p2a: Sableye|Protect|p2a: Sableye\n|-singleturn|p2a: Sableye|Protect\n|move|p1a: Cloyster|Icicle Spear|p2a: Sableye\n|-activate|p2a: Sableye|move: Protect\n|\n|-damage|p1a: Cloyster|88\/100 brn|[from] brn\n|upkeep\n|turn|3\n|\n|t:|1700283307\n|switch|p2a: Alomomola|Alomomola, M|100\/100\n|move|p1a: Cloyster|Icicle Spear|p2a: Alomomola\n|-resisted|p2a: Alomomola\n|-damage|p2a: Alomomola|98\/100\n|-resisted|p2a: Alomomola\n|-damage|p2a: Alomomola|95\/100\n|-resisted|p2a: Alomomola\n|-damage|p2a: Alomomola|92\/100\n|-resisted|p2a: Alomomola\n|-damage|p2a: Alomomola|88\/100\n|-resisted|p2a: Alomomola\n|-damage|p2a: Alomomola|85\/100\n|-hitcount|p2a: Alomomola|5\n|\n|-damage|p1a: Cloyster|82\/100 brn|[from] brn\n|upkeep\n|turn|4\n|\n|t:|1700283311\n|move|p1a: Cloyster|Rock Blast|p2a: Alomomola\n|-damage|p2a: Alomomola|81\/100\n|-damage|p2a: Alomomola|77\/100\n|-damage|p2a: Alomomola|73\/100\n|-damage|p2a: Alomomola|69\/100\n|-damage|p2a: Alomomola|65\/100\n|-hitcount|p2a: Alomomola|5\n|move|p2a: Alomomola|Flip Turn|p1a: Cloyster\n|-resisted|p1a: Cloyster\n|-damage|p1a: Cloyster|71\/100 brn\n|\n|t:|1700283316\n|switch|p2a: Skeledirge|Skeledirge, M|100\/100|[from] Flip Turn\n|\n|-damage|p1a: Cloyster|64\/100 brn|[from] brn\n|upkeep\n|turn|5\n|\n|t:|1700283320\n|move|p2a: Skeledirge|Protect|p2a: Skeledirge\n|-singleturn|p2a: Skeledirge|Protect\n|move|p1a: Cloyster|Rock Blast|p2a: Skeledirge\n|-activate|p2a: Skeledirge|move: Protect\n|\n|-damage|p1a: Cloyster|58\/100 brn|[from] brn\n|upkeep\n|turn|6\n|\n|t:|1700283331\n|switch|p2a: Alomomola|Alomomola, M|99\/100\n|move|p1a: Cloyster|Rock Blast|p2a: Alomomola\n|-damage|p2a: Alomomola|94\/100\n|-damage|p2a: Alomomola|90\/100\n|-damage|p2a: Alomomola|86\/100\n|-damage|p2a: Alomomola|82\/100\n|-damage|p2a: Alomomola|78\/100\n|-hitcount|p2a: Alomomola|5\n|\n|-damage|p1a: Cloyster|52\/100 brn|[from] brn\n|upkeep\n|turn|7\n|\n|t:|1700283336\n|move|p1a: Cloyster|Shell Smash|p1a: Cloyster\n|-unboost|p1a: Cloyster|def|1\n|-unboost|p1a: Cloyster|spd|1\n|-boost|p1a: Cloyster|atk|2\n|-boost|p1a: Cloyster|spa|2\n|-boost|p1a: Cloyster|spe|2\n|move|p2a: Alomomola|Flip Turn|p1a: Cloyster\n|-resisted|p1a: Cloyster\n|-damage|p1a: Cloyster|37\/100 brn\n|\n|t:|1700283344\n|switch|p2a: Gliscor|Gliscor, F|100\/100|[from] Flip Turn\n|\n|-damage|p1a: Cloyster|31\/100 brn|[from] brn\n|-status|p2a: Gliscor|tox|[from] item: Toxic Orb\n|upkeep\n|turn|8\n|\n|t:|1700283349\n|switch|p2a: Skeledirge|Skeledirge, M|100\/100\n|move|p1a: Cloyster|Icicle Spear|p2a: Skeledirge\n|-resisted|p2a: Skeledirge\n|-damage|p2a: Skeledirge|99\/100\n|-resisted|p2a: Skeledirge\n|-damage|p2a: Skeledirge|97\/100\n|-resisted|p2a: Skeledirge\n|-damage|p2a: Skeledirge|95\/100\n|-resisted|p2a: Skeledirge\n|-damage|p2a: Skeledirge|94\/100\n|-resisted|p2a: Skeledirge\n|-damage|p2a: Skeledirge|92\/100\n|-hitcount|p2a: Skeledirge|5\n|\n|-damage|p1a: Cloyster|25\/100 brn|[from] brn\n|upkeep\n|turn|9\n|\n|t:|1700283352\n|move|p2a: Skeledirge|Protect|p2a: Skeledirge\n|-singleturn|p2a: Skeledirge|Protect\n|move|p1a: Cloyster|Rock Blast|p2a: Skeledirge\n|-activate|p2a: Skeledirge|move: Protect\n|\n|-damage|p1a: Cloyster|19\/100 brn|[from] brn\n|upkeep\n|turn|10\n|\n|t:|1700283359\n|move|p1a: Cloyster|Rock Blast|p2a: Skeledirge|[miss]\n|-miss|p1a: Cloyster|p2a: Skeledirge\n|move|p2a: Skeledirge|Slack Off|p2a: Skeledirge\n|-heal|p2a: Skeledirge|100\/100\n|\n|-damage|p1a: Cloyster|13\/100 brn|[from] brn\n|upkeep\n|turn|11\n|\n|t:|1700283366\n|move|p2a: Skeledirge|Protect|p2a: Skeledirge\n|-singleturn|p2a: Skeledirge|Protect\n|move|p1a: Cloyster|Rock Blast|p2a: Skeledirge\n|-activate|p2a: Skeledirge|move: Protect\n|\n|-damage|p1a: Cloyster|6\/100 brn|[from] brn\n|upkeep\n|turn|12\n|\n|t:|1700283374\n|move|p1a: Cloyster|Rock Blast|p2a: Skeledirge\n|-supereffective|p2a: Skeledirge\n|-damage|p2a: Skeledirge|95\/100\n|-supereffective|p2a: Skeledirge\n|-damage|p2a: Skeledirge|90\/100\n|-supereffective|p2a: Skeledirge\n|-damage|p2a: Skeledirge|85\/100\n|-supereffective|p2a: Skeledirge\n|-damage|p2a: Skeledirge|81\/100\n|-supereffective|p2a: Skeledirge\n|-damage|p2a: Skeledirge|76\/100\n|-hitcount|p2a: Skeledirge|5\n|move|p2a: Skeledirge|Slack Off|p2a: Skeledirge\n|-heal|p2a: Skeledirge|100\/100\n|\n|-damage|p1a: Cloyster|0 fnt|[from] brn\n|faint|p1a: Cloyster\n|upkeep\n|\n|t:|1700283383\n|switch|p1a: Barbaracle|Barbaracle, F|100\/100\n|turn|13\n|\n|t:|1700283393\n|move|p1a: Barbaracle|Shell Smash|p1a: Barbaracle\n|-unboost|p1a: Barbaracle|def|1\n|-unboost|p1a: Barbaracle|spd|1\n|-boost|p1a: Barbaracle|atk|2\n|-boost|p1a: Barbaracle|spa|2\n|-boost|p1a: Barbaracle|spe|2\n|move|p2a: Skeledirge|Will-O-Wisp|p1a: Barbaracle\n|-status|p1a: Barbaracle|brn\n|\n|-damage|p1a: Barbaracle|95\/100 brn|[from] brn\n|upkeep\n|turn|14\n|\n|t:|1700283397\n|move|p2a: Skeledirge|Protect|p2a: Skeledirge\n|-singleturn|p2a: Skeledirge|Protect\n|move|p1a: Barbaracle|Earthquake|p2a: Skeledirge\n|-activate|p2a: Skeledirge|move: Protect\n|\n|-damage|p1a: Barbaracle|89\/100 brn|[from] brn\n|upkeep\n|turn|15\n|\n|t:|1700283408\n|switch|p2a: Alomomola|Alomomola, M|100\/100\n|move|p1a: Barbaracle|Earthquake|p2a: Alomomola\n|-damage|p2a: Alomomola|82\/100\n|\n|-damage|p1a: Barbaracle|83\/100 brn|[from] brn\n|upkeep\n|turn|16\n|\n|t:|1700283412\n|move|p1a: Barbaracle|Stone Edge|p2a: Alomomola\n|-damage|p2a: Alomomola|55\/100\n|move|p2a: Alomomola|Flip Turn|p1a: Barbaracle\n|-damage|p1a: Barbaracle|58\/100 brn\n|\n|t:|1700283423\n|switch|p2a: Clodsire|Clodsire, F|100\/100|[from] Flip Turn\n|\n|-damage|p1a: Barbaracle|52\/100 brn|[from] brn\n|upkeep\n|turn|17\n|\n|t:|1700283429\n|move|p1a: Barbaracle|Earthquake|p2a: Clodsire\n|-supereffective|p2a: Clodsire\n|-damage|p2a: Clodsire|67\/100\n|move|p2a: Clodsire|Stealth Rock|p1a: Barbaracle\n|-sidestart|p1: Sasuna|move: Stealth Rock\n|\n|-heal|p2a: Clodsire|73\/100|[from] item: Leftovers\n|-damage|p1a: Barbaracle|46\/100 brn|[from] brn\n|upkeep\n|turn|18\n|\n|t:|1700283437\n|move|p1a: Barbaracle|Earthquake|p2a: Clodsire\n|-supereffective|p2a: Clodsire\n|-damage|p2a: Clodsire|41\/100\n|move|p2a: Clodsire|Recover|p2a: Clodsire\n|-heal|p2a: Clodsire|91\/100\n|\n|-heal|p2a: Clodsire|97\/100|[from] item: Leftovers\n|-damage|p1a: Barbaracle|40\/100 brn|[from] brn\n|upkeep\n|turn|19\n|\n|t:|1700283450\n|switch|p2a: Alomomola|Alomomola, M|89\/100\n|move|p1a: Barbaracle|Earthquake|p2a: Alomomola\n|-damage|p2a: Alomomola|72\/100\n|\n|-damage|p1a: Barbaracle|35\/100 brn|[from] brn\n|upkeep\n|turn|20\n|\n|t:|1700283452\n|move|p1a: Barbaracle|Stone Edge|p2a: Alomomola\n|-damage|p2a: Alomomola|47\/100\n|move|p2a: Alomomola|Flip Turn|p1a: Barbaracle\n|-damage|p1a: Barbaracle|7\/100 brn\n|\n|t:|1700283461\n|switch|p2a: Skeledirge|Skeledirge, M|100\/100|[from] Flip Turn\n|\n|-damage|p1a: Barbaracle|1\/100 brn|[from] brn\n|upkeep\n|turn|21\n|\n|t:|1700283463\n|move|p2a: Skeledirge|Protect|p2a: Skeledirge\n|-singleturn|p2a: Skeledirge|Protect\n|move|p1a: Barbaracle|Razor Shell|p2a: Skeledirge\n|-activate|p2a: Skeledirge|move: Protect\n|\n|-damage|p1a: Barbaracle|0 fnt|[from] brn\n|faint|p1a: Barbaracle\n|upkeep\n|\n|t:|1700283469\n|switch|p1a: Dragonite|Dragonite, M|100\/100\n|-damage|p1a: Dragonite|76\/100|[from] Stealth Rock\n|turn|22\n|\n|t:|1700283476\n|move|p1a: Dragonite|Dragon Dance|p1a: Dragonite\n|-boost|p1a: Dragonite|atk|1\n|-boost|p1a: Dragonite|spe|1\n|move|p2a: Skeledirge|Will-O-Wisp|p1a: Dragonite\n|-status|p1a: Dragonite|brn\n|\n|-heal|p1a: Dragonite|82\/100 brn|[from] item: Leftovers\n|-damage|p1a: Dragonite|76\/100 brn|[from] brn\n|upkeep\n|turn|23\n|\n|t:|1700283483\n|move|p2a: Skeledirge|Protect|p2a: Skeledirge\n|-singleturn|p2a: Skeledirge|Protect\n|move|p1a: Dragonite|Dragon Claw|p2a: Skeledirge\n|-activate|p2a: Skeledirge|move: Protect\n|\n|-heal|p1a: Dragonite|82\/100 brn|[from] item: Leftovers\n|-damage|p1a: Dragonite|76\/100 brn|[from] brn\n|upkeep\n|turn|24\n|inactive|goushijituan has 120 seconds left.\n|\n|t:|1700283517\n|switch|p2a: Alomomola|Alomomola, M|80\/100\n|move|p1a: Dragonite|Dragon Claw|p2a: Alomomola\n|-damage|p2a: Alomomola|60\/100\n|-damage|p1a: Dragonite|59\/100 brn|[from] item: Rocky Helmet|[of] p2a: Alomomola\n|\n|-heal|p1a: Dragonite|66\/100 brn|[from] item: Leftovers\n|-damage|p1a: Dragonite|59\/100 brn|[from] brn\n|upkeep\n|turn|25\n|\n|t:|1700283521\n|move|p1a: Dragonite|Dragon Dance|p1a: Dragonite\n|-boost|p1a: Dragonite|atk|1\n|-boost|p1a: Dragonite|spe|1\n|move|p2a: Alomomola|Wish|p2a: Alomomola\n|\n|-heal|p1a: Dragonite|66\/100 brn|[from] item: Leftovers\n|-damage|p1a: Dragonite|59\/100 brn|[from] brn\n|upkeep\n|turn|26\n|\n|t:|1700283526\n|move|p2a: Alomomola|Protect|p2a: Alomomola\n|-singleturn|p2a: Alomomola|Protect\n|move|p1a: Dragonite|Dragon Claw|p2a: Alomomola\n|-activate|p2a: Alomomola|move: Protect\n|\n|-heal|p2a: Alomomola|100\/100|[from] move: Wish|[wisher] Alomomola\n|-heal|p1a: Dragonite|66\/100 brn|[from] item: Leftovers\n|-damage|p1a: Dragonite|59\/100 brn|[from] brn\n|upkeep\n|turn|27\n|\n|t:|1700283535\n|move|p1a: Dragonite|Dragon Dance|p1a: Dragonite\n|-boost|p1a: Dragonite|atk|1\n|-boost|p1a: Dragonite|spe|1\n|move|p2a: Alomomola|Flip Turn|p1a: Dragonite\n|-resisted|p1a: Dragonite\n|-damage|p1a: Dragonite|50\/100 brn\n|\n|t:|1700283540\n|switch|p2a: Skeledirge|Skeledirge, M|100\/100|[from] Flip Turn\n|\n|-heal|p1a: Dragonite|56\/100 brn|[from] item: Leftovers\n|-damage|p1a: Dragonite|50\/100 brn|[from] brn\n|upkeep\n|turn|28\n|\n|t:|1700283545\n|move|p2a: Skeledirge|Protect|p2a: Skeledirge\n|-singleturn|p2a: Skeledirge|Protect\n|move|p1a: Dragonite|Dragon Claw|p2a: Skeledirge\n|-activate|p2a: Skeledirge|move: Protect\n|\n|-heal|p1a: Dragonite|56\/100 brn|[from] item: Leftovers\n|-damage|p1a: Dragonite|50\/100 brn|[from] brn\n|upkeep\n|turn|29\n|\n|t:|1700283550\n|move|p1a: Dragonite|Dragon Claw|p2a: Skeledirge\n|-damage|p2a: Skeledirge|87\/100\n|move|p2a: Skeledirge|Slack Off|p2a: Skeledirge\n|-heal|p2a: Skeledirge|100\/100\n|\n|-heal|p1a: Dragonite|56\/100 brn|[from] item: Leftovers\n|-damage|p1a: Dragonite|50\/100 brn|[from] brn\n|upkeep\n|turn|30\n|\n|t:|1700283556\n|move|p2a: Skeledirge|Protect|p2a: Skeledirge\n|-singleturn|p2a: Skeledirge|Protect\n|move|p1a: Dragonite|Dragon Claw|p2a: Skeledirge\n|-activate|p2a: Skeledirge|move: Protect\n|\n|-heal|p1a: Dragonite|56\/100 brn|[from] item: Leftovers\n|-damage|p1a: Dragonite|50\/100 brn|[from] brn\n|upkeep\n|turn|31\n|\n|t:|1700283559\n|switch|p1a: Greninja|Greninja, M|100\/100\n|-damage|p1a: Greninja|88\/100|[from] Stealth Rock\n|move|p2a: Skeledirge|Torch Song|p1a: Greninja\n|-resisted|p1a: Greninja\n|-damage|p1a: Greninja|65\/100\n|-boost|p2a: Skeledirge|spa|1\n|\n|upkeep\n|turn|32\n|\n|t:|1700283564\n|switch|p2a: Blissey|Blissey, F|100\/100\n|move|p1a: Greninja|Hydro Pump|p2a: Blissey|[miss]\n|-miss|p1a: Greninja|p2a: Blissey\n|\n|upkeep\n|turn|33\n|\n|t:|1700283574\n|switch|p1a: Tapu Koko|Tapu Koko|100\/100\n|-damage|p1a: Tapu Koko|88\/100|[from] Stealth Rock\n|-fieldstart|move: Electric Terrain|[from] ability: Electric Surge|[of] p1a: Tapu Koko\n|move|p2a: Blissey|Seismic Toss|p1a: Tapu Koko\n|-damage|p1a: Tapu Koko|52\/100\n|\n|upkeep\n|turn|34\n|\n|t:|1700283579\n|move|p1a: Tapu Koko|Thunderbolt|p2a: Blissey\n|-damage|p2a: Blissey|74\/100\n|move|p2a: Blissey|Toxic|p1a: Tapu Koko\n|-status|p1a: Tapu Koko|tox\n|\n|-damage|p1a: Tapu Koko|46\/100 tox|[from] psn\n|upkeep\n|turn|35\n|\n|t:|1700283588\n|move|p1a: Tapu Koko|Thunderbolt|p2a: Blissey\n|-crit|p2a: Blissey\n|-damage|p2a: Blissey|39\/100\n|move|p2a: Blissey|Soft-Boiled|p2a: Blissey\n|-heal|p2a: Blissey|89\/100\n|\n|-damage|p1a: Tapu Koko|34\/100 tox|[from] psn\n|upkeep\n|turn|36\n|\n|t:|1700283595\n|switch|p1a: Scolipede|Scolipede, F|100\/100\n|-damage|p1a: Scolipede|76\/100|[from] Stealth Rock\n|switch|p2a: Clodsire|Clodsire, F|97\/100\n|\n|-heal|p2a: Clodsire|100\/100|[from] item: Leftovers\n|upkeep\n|turn|37\n|\n|t:|1700283601\n|switch|p2a: Sableye|Sableye-Mega, F|100\/100\n|move|p1a: Scolipede|Swords Dance|p1a: Scolipede\n|-boost|p1a: Scolipede|atk|2\n|\n|-fieldend|move: Electric Terrain\n|-ability|p1a: Scolipede|Speed Boost|boost\n|-boost|p1a: Scolipede|spe|1\n|upkeep\n|turn|38\n|\n|t:|1700283605\n|move|p1a: Scolipede|Swords Dance|p1a: Scolipede\n|-boost|p1a: Scolipede|atk|2\n|move|p2a: Sableye|Will-O-Wisp|p1a: Scolipede\n|-status|p1a: Scolipede|brn\n|\n|-damage|p1a: Scolipede|69\/100 brn|[from] brn\n|-ability|p1a: Scolipede|Speed Boost|boost\n|-boost|p1a: Scolipede|spe|1\n|upkeep\n|turn|39\n|\n|t:|1700283609\n|switch|p2a: Skeledirge|Skeledirge, M|100\/100\n|move|p1a: Scolipede|Poison Jab|p2a: Skeledirge\n|-resisted|p2a: Skeledirge\n|-damage|p2a: Skeledirge|95\/100\n|-status|p2a: Skeledirge|psn\n|\n|-damage|p2a: Skeledirge|82\/100 psn|[from] psn\n|-damage|p1a: Scolipede|63\/100 brn|[from] brn\n|-ability|p1a: Scolipede|Speed Boost|boost\n|-boost|p1a: Scolipede|spe|1\n|upkeep\n|turn|40\n|\n|t:|1700283614\n|move|p1a: Scolipede|Earthquake|p2a: Skeledirge\n|-supereffective|p2a: Skeledirge\n|-damage|p2a: Skeledirge|63\/100 psn\n|move|p2a: Skeledirge|Torch Song|p1a: Scolipede\n|-supereffective|p1a: Scolipede\n|-damage|p1a: Scolipede|0 fnt\n|-boost|p2a: Skeledirge|spa|1\n|faint|p1a: Scolipede\n|\n|-damage|p2a: Skeledirge|51\/100 psn|[from] psn\n|upkeep\n|\n|t:|1700283621\n|switch|p1a: Greninja|Greninja, M|65\/100\n|-damage|p1a: Greninja|53\/100|[from] Stealth Rock\n|turn|41\n|\n|t:|1700283626\n|switch|p2a: Blissey|Blissey, F|89\/100\n|move|p1a: Greninja|Hydro Pump|p2a: Blissey\n|-damage|p2a: Blissey|71\/100\n|\n|upkeep\n|turn|42\n|\n|t:|1700283633\n|-zpower|p1a: Greninja\n|move|p1a: Greninja|Hydro Vortex|p2a: Blissey|[zeffect]\n|-damage|p2a: Blissey|43\/100\n|move|p2a: Blissey|Aromatherapy|p2a: Blissey\n|-activate|p2a: Blissey|move: Aromatherapy\n|-curestatus|p2: Gliscor|tox|[msg]\n|-curestatus|p2: Skeledirge|psn|[msg]\n|\n|upkeep\n|turn|43\n|\n|t:|1700283639\n|move|p1a: Greninja|Hydro Pump|p2a: Blissey|[miss]\n|-miss|p1a: Greninja|p2a: Blissey\n|move|p2a: Blissey|Soft-Boiled|p2a: Blissey\n|-heal|p2a: Blissey|93\/100\n|\n|upkeep\n|turn|44\n|\n|t:|1700283646\n|move|p1a: Greninja|Hydro Pump|p2a: Blissey\n|-crit|p2a: Blissey\n|-damage|p2a: Blissey|68\/100\n|move|p2a: Blissey|Toxic|p1a: Greninja|[miss]\n|-miss|p2a: Blissey|p1a: Greninja\n|\n|upkeep\n|turn|45\n|\n|t:|1700283650\n|move|p1a: Greninja|Hydro Pump|p2a: Blissey\n|-damage|p2a: Blissey|53\/100\n|move|p2a: Blissey|Soft-Boiled|p2a: Blissey\n|-heal|p2a: Blissey|100\/100\n|\n|upkeep\n|turn|46\n|\n|t:|1700283655\n|move|p1a: Greninja|Hydro Pump|p2a: Blissey\n|-crit|p2a: Blissey\n|-damage|p2a: Blissey|77\/100\n|move|p2a: Blissey|Toxic|p1a: Greninja\n|-status|p1a: Greninja|tox\n|\n|-damage|p1a: Greninja|47\/100 tox|[from] psn\n|upkeep\n|turn|47\n|\n|t:|1700283659\n|switch|p1a: Dragonite|Dragonite, M|50\/100 brn\n|-damage|p1a: Dragonite|25\/100 brn|[from] Stealth Rock\n|move|p2a: Blissey|Soft-Boiled|p2a: Blissey\n|-heal|p2a: Blissey|100\/100\n|\n|-heal|p1a: Dragonite|31\/100 brn|[from] item: Leftovers\n|-damage|p1a: Dragonite|25\/100 brn|[from] brn\n|upkeep\n|turn|48\n|\n|t:|1700283665\n|switch|p2a: Gliscor|Gliscor, F|100\/100\n|move|p1a: Dragonite|Dragon Claw|p2a: Gliscor\n|-damage|p2a: Gliscor|87\/100\n|\n|-heal|p1a: Dragonite|31\/100 brn|[from] item: Leftovers\n|-damage|p1a: Dragonite|25\/100 brn|[from] brn\n|-status|p2a: Gliscor|tox|[from] item: Toxic Orb\n|upkeep\n|turn|49\n|\n|t:|1700283674\n|move|p1a: Dragonite|Dragon Claw|p2a: Gliscor\n|-crit|p2a: Gliscor\n|-damage|p2a: Gliscor|65\/100 tox\n|move|p2a: Gliscor|Knock Off|p1a: Dragonite\n|-damage|p1a: Dragonite|4\/100 brn\n|-enditem|p1a: Dragonite|Leftovers|[from] move: Knock Off|[of] p2a: Gliscor\n|\n|-heal|p2a: Gliscor|78\/100 tox|[from] ability: Poison Heal\n|-damage|p1a: Dragonite|0 fnt|[from] brn\n|faint|p1a: Dragonite\n|upkeep\n|\n|t:|1700283678\n|switch|p1a: Greninja|Greninja, M|47\/100 tox\n|-damage|p1a: Greninja|35\/100 tox|[from] Stealth Rock\n|turn|50\n|\n|t:|1700283692\n|switch|p2a: Blissey|Blissey, F|100\/100\n|move|p1a: Greninja|Hydro Pump|p2a: Blissey\n|-damage|p2a: Blissey|84\/100\n|\n|-damage|p1a: Greninja|29\/100 tox|[from] psn\n|upkeep\n|turn|51\n|\n|t:|1700283699\n|move|p1a: Greninja|Dark Pulse|p2a: Blissey\n|-damage|p2a: Blissey|72\/100\n|cant|p2a: Blissey|flinch\n|\n|-damage|p1a: Greninja|17\/100 tox|[from] psn\n|upkeep\n|turn|52\n|\n|t:|1700283702\n|move|p1a: Greninja|Dark Pulse|p2a: Blissey\n|-damage|p2a: Blissey|61\/100\n|move|p2a: Blissey|Soft-Boiled|p2a: Blissey\n|-heal|p2a: Blissey|100\/100\n|\n|-damage|p1a: Greninja|0 fnt|[from] psn\n|faint|p1a: Greninja\n|upkeep\n|\n|t:|1700283705\n|switch|p1a: Tapu Koko|Tapu Koko|34\/100 tox\n|-damage|p1a: Tapu Koko|22\/100 tox|[from] Stealth Rock\n|-fieldstart|move: Electric Terrain|[from] ability: Electric Surge|[of] p1a: Tapu Koko\n|turn|53\n|\n|t:|1700283709\n|move|p1a: Tapu Koko|Thunderbolt|p2a: Blissey\n|-damage|p2a: Blissey|75\/100\n|move|p2a: Blissey|Seismic Toss|p1a: Tapu Koko\n|-damage|p1a: Tapu Koko|0 fnt\n|faint|p1a: Tapu Koko\n|\n|win|goushijituan\n|raw|Sasuna's rating: 1000 &rarr; <strong>1000<\/strong><br \/>(+0 for losing)\n|raw|goushijituan's rating: 1054 &rarr; <strong>1081<\/strong><br \/>(+27 for winning)\n","uploadtime":1700283713,"views":50,"p1id":"sasuna","p2id":"goushijituan","formatid":"gen9nationaldex","rating":1000,"private":0,"password":""}