{"id":"gen9nationaldex-1990031946","p1":"lili33","p2":"LePokeRoi","format":"[Gen 9] National Dex","log":"|j|\u2606lili33\n|j|\u2606LePokeRoi\n|t:|1699917263\n|gametype|singles\n|player|p1|lili33|skyla|\n|player|p2|LePokeRoi|giovanni|\n|teamsize|p1|6\n|teamsize|p2|6\n|gen|9\n|tier|[Gen 9] National Dex\n|rule|HP Percentage Mod: HP is shown in percentages\n|rule|Endless Battle Clause: Forcing endless battles is banned\n|rule|OHKO Clause: OHKO moves are banned\n|rule|Evasion Clause: Evasion abilities, items, and moves are banned\n|rule|Evasion Abilities Clause: Evasion abilities are banned\n|rule|Evasion Items Clause: Evasion items are banned\n|rule|Evasion Moves Clause: Evasion moves are banned\n|rule|Species Clause: Limit one of each Pok\u00e9mon\n|rule|Sleep Clause Mod: Limit one foe put to sleep\n|clearpoke\n|poke|p1|Corviknight, M|\n|poke|p1|Gengar, F|\n|poke|p1|Tyranitar, M|\n|poke|p1|Armarouge, F|\n|poke|p1|Meowscarada, F|\n|poke|p1|Avalugg-Hisui, M|\n|poke|p2|Serperior, F|\n|poke|p2|Rotom-Wash|\n|poke|p2|Galvantula, F|\n|poke|p2|Skarmory, M|\n|poke|p2|Samurott-Hisui, F|\n|poke|p2|Scizor, F|\n|teampreview\n|j| The Wonder Guards\n|\n|t:|1699917315\n|start\n|switch|p1a: Dat Beast|Tyranitar, M|100\/100\n|switch|p2a: GE|Rotom-Wash|100\/100\n|-weather|Sandstorm|[from] ability: Sand Stream|[of] p1a: Dat Beast\n|turn|1\n|\n|t:|1699917326\n|switch|p1a: Aga|Armarouge, F|100\/100\n|move|p2a: GE|Will-O-Wisp|p1a: Aga\n|-start|p1a: Aga|ability: Flash Fire\n|\n|-weather|Sandstorm|[upkeep]\n|-damage|p1a: Aga|94\/100|[from] Sandstorm\n|-damage|p2a: GE|95\/100|[from] Sandstorm\n|upkeep\n|turn|2\n|\n|t:|1699917338\n|move|p1a: Aga|Energy Ball|p2a: GE\n|-supereffective|p2a: GE\n|-enditem|p2a: GE|Rindo Berry|[eat]\n|-enditem|p2a: GE|Rindo Berry|[weaken]\n|-damage|p2a: GE|59\/100\n|move|p2a: GE|Hydro Pump|p1a: Aga\n|-supereffective|p1a: Aga\n|-damage|p1a: Aga|2\/100\n|\n|-weather|Sandstorm|[upkeep]\n|-damage|p1a: Aga|0 fnt|[from] Sandstorm\n|-damage|p2a: GE|53\/100|[from] Sandstorm\n|faint|p1a: Aga\n|upkeep\n|\n|t:|1699917358\n|switch|p1a: Hava|Meowscarada, F|100\/100\n|turn|3\n|\n|t:|1699917370\n|switch|p2a: Starscream|Skarmory, M|100\/100\n|move|p1a: Hava|Flower Trick|p2a: Starscream\n|-start|p1a: Hava|typechange|Grass|[from] ability: Protean\n|-resisted|p2a: Starscream\n|-crit|p2a: Starscream\n|-damage|p2a: Starscream|93\/100\n|\n|-weather|Sandstorm|[upkeep]\n|-damage|p1a: Hava|94\/100|[from] Sandstorm\n|upkeep\n|turn|4\n|j| DuxPraetorRex\n|\n|t:|1699917383\n|move|p1a: Hava|U-turn|p2a: Starscream\n|-resisted|p2a: Starscream\n|-damage|p2a: Starscream|90\/100\n|-damage|p1a: Hava|78\/100|[from] item: Rocky Helmet|[of] p2a: Starscream\n|\n|t:|1699917388\n|switch|p1a: Dat Beast|Tyranitar, M|100\/100|[from] U-turn\n|move|p2a: Starscream|Spikes|p1a: Dat Beast\n|-sidestart|p1: lili33|Spikes\n|\n|-weather|Sandstorm|[upkeep]\n|upkeep\n|turn|5\n|\n|t:|1699917405\n|move|p1a: Dat Beast|Dragon Dance|p1a: Dat Beast\n|-boost|p1a: Dat Beast|atk|1\n|-boost|p1a: Dat Beast|spe|1\n|move|p2a: Starscream|Spikes|p1a: Dat Beast\n|-sidestart|p1: lili33|Spikes\n|\n|-weather|none\n|upkeep\n|turn|6\n|\n|t:|1699917422\n|-terastallize|p1a: Dat Beast|Psychic\n|move|p1a: Dat Beast|Dragon Dance|p1a: Dat Beast\n|-boost|p1a: Dat Beast|atk|1\n|-boost|p1a: Dat Beast|spe|1\n|move|p2a: Starscream|Whirlwind|p1a: Dat Beast\n|drag|p1a: Aces|Corviknight, M|100\/100\n|-ability|p1a: Aces|Pressure\n|\n|upkeep\n|turn|7\n|\n|t:|1699917441\n|switch|p2a: GE|Rotom-Wash|53\/100\n|move|p1a: Aces|Defog|p2a: GE\n|-unboost|p2a: GE|evasion|1\n|-sideend|p1: lili33|Spikes|[from] move: Defog|[of] p1a: Aces\n|\n|upkeep\n|turn|8\n|\n|t:|1699917451\n|switch|p1a: Ice Ice Dynamite|Avalugg-Hisui, M|100\/100\n|move|p2a: GE|Will-O-Wisp|p1a: Ice Ice Dynamite\n|-status|p1a: Ice Ice Dynamite|brn\n|\n|-damage|p1a: Ice Ice Dynamite|94\/100 brn|[from] brn\n|upkeep\n|turn|9\n|\n|t:|1699917465\n|move|p2a: GE|Pain Split|p1a: Ice Ice Dynamite\n|-sethp|p1a: Ice Ice Dynamite|68\/100 brn|[from] move: Pain Split|[silent]\n|-sethp|p2a: GE|88\/100|[from] move: Pain Split\n|move|p1a: Ice Ice Dynamite|Facade|p2a: GE\n|-damage|p2a: GE|56\/100\n|\n|-damage|p1a: Ice Ice Dynamite|61\/100 brn|[from] brn\n|upkeep\n|turn|10\n|\n|t:|1699917480\n|switch|p1a: RIP'er|Gengar, F|100\/100\n|move|p2a: GE|Volt Switch|p1a: RIP'er\n|-damage|p1a: RIP'er|58\/100\n|\n|t:|1699917490\n|switch|p2a: Viscera|Scizor, F|100\/100|[from] Volt Switch\n|\n|upkeep\n|turn|11\n|\n|t:|1699917513\n|move|p1a: RIP'er|Hidden Power|p2a: Viscera\n|-supereffective|p2a: Viscera\n|-damage|p2a: Viscera|0 fnt\n|faint|p2a: Viscera\n|\n|upkeep\n|\n|t:|1699917521\n|switch|p2a: Reborn|Samurott-Hisui, F|100\/100\n|turn|12\n|\n|t:|1699917533\n|switch|p1a: Dat Beast|Tyranitar, M, tera:Psychic|100\/100\n|-weather|Sandstorm|[from] ability: Sand Stream|[of] p1a: Dat Beast\n|move|p2a: Reborn|Flip Turn|p1a: Dat Beast\n|-damage|p1a: Dat Beast|65\/100\n|-damage|p2a: Reborn|91\/100|[from] item: Life Orb\n|\n|t:|1699917557\n|switch|p2a: Starscream|Skarmory, M|90\/100|[from] Flip Turn\n|\n|-weather|Sandstorm|[upkeep]\n|-damage|p1a: Dat Beast|59\/100|[from] Sandstorm\n|upkeep\n|turn|13\n|\n|t:|1699917577\n|move|p1a: Dat Beast|Fire Punch|p2a: Starscream\n|-supereffective|p2a: Starscream\n|-damage|p2a: Starscream|54\/100\n|-damage|p1a: Dat Beast|42\/100|[from] item: Rocky Helmet|[of] p2a: Starscream\n|move|p2a: Starscream|Spikes|p1a: Dat Beast\n|-sidestart|p1: lili33|Spikes\n|\n|-weather|Sandstorm|[upkeep]\n|-damage|p1a: Dat Beast|36\/100|[from] Sandstorm\n|upkeep\n|turn|14\n|\n|t:|1699917585\n|move|p1a: Dat Beast|Fire Punch|p2a: Starscream\n|-supereffective|p2a: Starscream\n|-damage|p2a: Starscream|21\/100\n|-damage|p1a: Dat Beast|20\/100|[from] item: Rocky Helmet|[of] p2a: Starscream\n|move|p2a: Starscream|Roost|p2a: Starscream\n|-heal|p2a: Starscream|71\/100\n|-singleturn|p2a: Starscream|move: Roost\n|\n|-weather|Sandstorm|[upkeep]\n|-damage|p1a: Dat Beast|13\/100|[from] Sandstorm\n|upkeep\n|turn|15\n|\n|t:|1699917596\n|move|p1a: Dat Beast|Dragon Dance|p1a: Dat Beast\n|-boost|p1a: Dat Beast|atk|1\n|-boost|p1a: Dat Beast|spe|1\n|move|p2a: Starscream|Roost|p2a: Starscream\n|-heal|p2a: Starscream|100\/100\n|-singleturn|p2a: Starscream|move: Roost\n|\n|-weather|Sandstorm|[upkeep]\n|-damage|p1a: Dat Beast|7\/100|[from] Sandstorm\n|upkeep\n|turn|16\n|\n|t:|1699917628\n|move|p1a: Dat Beast|Fire Punch|p2a: Starscream\n|-supereffective|p2a: Starscream\n|-damage|p2a: Starscream|51\/100\n|-damage|p1a: Dat Beast|0 fnt|[from] item: Rocky Helmet|[of] p2a: Starscream\n|faint|p1a: Dat Beast\n|move|p2a: Starscream|Roost|p2a: Starscream\n|-heal|p2a: Starscream|100\/100\n|-singleturn|p2a: Starscream|move: Roost\n|\n|-weather|none\n|upkeep\n|\n|t:|1699917639\n|switch|p1a: RIP'er|Gengar, F|58\/100\n|-damage|p1a: RIP'er|46\/100|[from] Spikes\n|turn|17\n|\n|t:|1699917650\n|move|p1a: RIP'er|Thunderbolt|p2a: Starscream\n|-supereffective|p2a: Starscream\n|-ability|p2a: Starscream|Sturdy\n|-damage|p2a: Starscream|1\/100\n|move|p2a: Starscream|Drill Peck|p1a: RIP'er\n|-damage|p1a: RIP'er|0 fnt\n|-start|p2a: Starscream|Disable|Drill Peck|[from] ability: Cursed Body|[of] p1a: RIP'er\n|faint|p1a: RIP'er\n|\n|upkeep\n|\n|t:|1699917662\n|switch|p1a: Hava|Meowscarada, F|78\/100\n|turn|18\n|\n|t:|1699917687\n|move|p1a: Hava|Knock Off|p2a: Starscream\n|-start|p1a: Hava|typechange|Dark|[from] ability: Protean\n|-damage|p2a: Starscream|0 fnt\n|-damage|p1a: Hava|62\/100|[from] item: Rocky Helmet|[of] p2a: Starscream\n|-enditem|p2a: Starscream|Rocky Helmet|[from] move: Knock Off|[of] p1a: Hava\n|faint|p2a: Starscream\n|\n|upkeep\n|\n|t:|1699917706\n|switch|p2a: Aragog|Galvantula, F|100\/100\n|turn|19\n|\n|t:|1699917718\n|move|p1a: Hava|U-turn|p2a: Aragog\n|-damage|p2a: Aragog|57\/100\n|\n|t:|1699917721\n|switch|p1a: Ice Ice Dynamite|Avalugg-Hisui, M|61\/100 brn|[from] U-turn\n|-damage|p1a: Ice Ice Dynamite|49\/100 brn|[from] Spikes\n|move|p2a: Aragog|Thunder|p1a: Ice Ice Dynamite\n|-damage|p1a: Ice Ice Dynamite|12\/100 brn\n|\n|-damage|p1a: Ice Ice Dynamite|6\/100 brn|[from] brn\n|upkeep\n|turn|20\n|\n|t:|1699917732\n|move|p2a: Aragog|Sticky Web|p1a: Ice Ice Dynamite\n|-sidestart|p1: lili33|move: Sticky Web\n|move|p1a: Ice Ice Dynamite|Rapid Spin|p2a: Aragog\n|-damage|p2a: Aragog|44\/100\n|-boost|p1a: Ice Ice Dynamite|spe|1\n|-sideend|p1: lili33|Spikes|[from] move: Rapid Spin|[of] p1a: Ice Ice Dynamite\n|-sideend|p1: lili33|Sticky Web|[from] move: Rapid Spin|[of] p1a: Ice Ice Dynamite\n|\n|-damage|p1a: Ice Ice Dynamite|0 fnt|[from] brn\n|faint|p1a: Ice Ice Dynamite\n|upkeep\n|\n|t:|1699917744\n|switch|p1a: Hava|Meowscarada, F|62\/100\n|turn|21\n|\n|t:|1699917753\n|move|p1a: Hava|Knock Off|p2a: Aragog\n|-start|p1a: Hava|typechange|Dark|[from] ability: Protean\n|-damage|p2a: Aragog|0 fnt\n|-enditem|p2a: Aragog|Focus Sash|[from] move: Knock Off|[of] p1a: Hava\n|faint|p2a: Aragog\n|\n|upkeep\n|\n|t:|1699917772\n|switch|p2a: Majesty|Serperior, F|100\/100\n|turn|22\n|\n|t:|1699917785\n|move|p1a: Hava|U-turn|p2a: Majesty\n|-supereffective|p2a: Majesty\n|-damage|p2a: Majesty|48\/100\n|\n|t:|1699917788\n|switch|p1a: Aces|Corviknight, M|100\/100|[from] U-turn\n|-ability|p1a: Aces|Pressure\n|move|p2a: Majesty|Leaf Storm|p1a: Aces\n|-resisted|p1a: Aces\n|-damage|p1a: Aces|89\/100\n|-boost|p2a: Majesty|spa|2\n|\n|-heal|p2a: Majesty|54\/100|[from] item: Leftovers\n|upkeep\n|turn|23\n|\n|t:|1699917799\n|switch|p2a: GE|Rotom-Wash|56\/100\n|move|p1a: Aces|U-turn|p2a: GE\n|-damage|p2a: GE|47\/100\n|\n|t:|1699917804\n|switch|p1a: Hava|Meowscarada, F|62\/100|[from] U-turn\n|\n|upkeep\n|turn|24\n|\n|t:|1699917808\n|move|p1a: Hava|Flower Trick|p2a: GE\n|-start|p1a: Hava|typechange|Grass|[from] ability: Protean\n|-supereffective|p2a: GE\n|-crit|p2a: GE\n|-damage|p2a: GE|0 fnt\n|faint|p2a: GE\n|\n|upkeep\n|\n|t:|1699917815\n|switch|p2a: Majesty|Serperior, F|54\/100\n|turn|25\n|\n|t:|1699917821\n|-terastallize|p2a: Majesty|Fire\n|move|p1a: Hava|U-turn|p2a: Majesty\n|-resisted|p2a: Majesty\n|-damage|p2a: Majesty|41\/100\n|\n|t:|1699917826\n|switch|p1a: Aces|Corviknight, M|89\/100|[from] U-turn\n|-ability|p1a: Aces|Pressure\n|move|p2a: Majesty|Hidden Power|p1a: Aces\n|-supereffective|p1a: Aces\n|-damage|p1a: Aces|48\/100\n|\n|-heal|p2a: Majesty|47\/100|[from] item: Leftovers\n|upkeep\n|turn|26\n|\n|t:|1699917847\n|move|p2a: Majesty|Substitute|p2a: Majesty\n|-start|p2a: Majesty|Substitute\n|-damage|p2a: Majesty|22\/100\n|move|p1a: Aces|U-turn|p2a: Majesty\n|-resisted|p2a: Majesty\n|-activate|p2a: Majesty|move: Substitute|[damage]\n|\n|t:|1699917857\n|switch|p1a: Hava|Meowscarada, F|62\/100|[from] U-turn\n|\n|-heal|p2a: Majesty|28\/100|[from] item: Leftovers\n|upkeep\n|turn|27\n|\n|t:|1699917869\n|switch|p1a: Aces|Corviknight, M|48\/100\n|-ability|p1a: Aces|Pressure\n|move|p2a: Majesty|Hidden Power|p1a: Aces\n|-supereffective|p1a: Aces\n|-damage|p1a: Aces|9\/100\n|\n|-heal|p2a: Majesty|34\/100|[from] item: Leftovers\n|upkeep\n|turn|28\n|\n|t:|1699917887\n|move|p2a: Majesty|Leaf Storm|p1a: Aces\n|-resisted|p1a: Aces\n|-damage|p1a: Aces|0 fnt\n|-boost|p2a: Majesty|spa|2\n|faint|p1a: Aces\n|\n|-heal|p2a: Majesty|40\/100|[from] item: Leftovers\n|upkeep\n|\n|t:|1699917894\n|switch|p1a: Hava|Meowscarada, F|62\/100\n|turn|29\n|\n|t:|1699918017\n|move|p1a: Hava|Knock Off|p2a: Majesty\n|-start|p1a: Hava|typechange|Dark|[from] ability: Protean\n|-end|p2a: Majesty|Substitute\n|move|p2a: Majesty|Leaf Storm|p1a: Hava\n|-damage|p1a: Hava|0 fnt\n|-boost|p2a: Majesty|spa|2\n|faint|p1a: Hava\n|\n|win|LePokeRoi\n","uploadtime":1699918028,"views":11,"p1id":"lili33","p2id":"lepokeroi","formatid":"gen9nationaldex","rating":0,"private":0,"password":""}