{"id":"gen9nationaldex-1993700220","p1":"ericmont","p2":"Sai4rr","format":"[Gen 9] National Dex","log":"|j|\u2606ericmont\n|j|\u2606Sai4rr\n|t:|1700347033\n|gametype|singles\n|player|p1|ericmont|bertha|\n|player|p2|Sai4rr|elesa|\n|teamsize|p1|6\n|teamsize|p2|6\n|gen|9\n|tier|[Gen 9] National Dex\n|rule|HP Percentage Mod: HP is shown in percentages\n|rule|Endless Battle Clause: Forcing endless battles is banned\n|rule|OHKO Clause: OHKO moves are banned\n|rule|Evasion Clause: Evasion abilities, items, and moves are banned\n|rule|Evasion Abilities Clause: Evasion abilities are banned\n|rule|Evasion Items Clause: Evasion items are banned\n|rule|Evasion Moves Clause: Evasion moves are banned\n|rule|Species Clause: Limit one of each Pok\u00e9mon\n|rule|Sleep Clause Mod: Limit one foe put to sleep\n|clearpoke\n|poke|p1|Hippowdon, F|\n|poke|p1|Gastrodon, M|\n|poke|p1|Iron Moth|\n|poke|p1|Sandy Shocks|\n|poke|p1|Great Tusk|\n|poke|p1|Garchomp, F|\n|poke|p2|Sneasler, F|\n|poke|p2|Medicham, M|\n|poke|p2|Greninja-*, M|\n|poke|p2|Espeon, F|\n|poke|p2|Dragonite, M|\n|poke|p2|Cetitan, F|\n|teampreview\n|j| Sylveon(404)\n|j| Void280\n|c| Sylveon(404)|waos\n|c| Sylveon(404)|un espeon\/\n|c| Sylveon(404)|?\\\n|c| Sylveon(404)|?\n|c| Sylveon(404)|1w\n|c| Sylveon(404)|wd;z\/`1\n|c| Void280|Es el mio\n|c| Sylveon(404)|q raro\n|\n|t:|1700347075\n|start\n|switch|p1a: Garchomp|Garchomp, F|100\/100\n|switch|p2a: ArribaEspa\u00f1a|Dragonite, M, shiny|100\/100\n|turn|1\n|c| Void280|Literalmente, es calcado\n|c| Sylveon(404)|XD\n|c| Void280|Suerte a ambos\n|\n|t:|1700347114\n|switch|p2a: Psique|Espeon, F|100\/100\n|detailschange|p1a: Garchomp|Garchomp-Mega, F\n|-mega|p1a: Garchomp|Garchomp|Garchompite\n|move|p1a: Garchomp|Scale Shot|p2a: Psique\n|-damage|p2a: Psique|72\/100\n|-damage|p2a: Psique|40\/100\n|-crit|p2a: Psique\n|-damage|p2a: Psique|0 fnt\n|faint|p2a: Psique\n|-hitcount|p2: Psique|3\n|-unboost|p1a: Garchomp|def|1\n|-boost|p1a: Garchomp|spe|1\n|\n|upkeep\n|c| Sylveon(404)|XD\n|c|\u2606ericmont|Chao espeon\n|c| Sylveon(404)|cuanto duro tu espeon eh'\n|c| Void280|XD\n|\n|t:|1700347131\n|switch|p2a: Cetitan|Cetitan, F, shiny|100\/100\n|turn|2\n|c| Sylveon(404)|q util fue\n|c|\u2606ericmont|Esa era la funcion de garchomp\n|c| Void280|Eric ya lo conoce, sabe que no debe usarlo en contra xd\n|\n|t:|1700347155\n|-terastallize|p2a: Cetitan|Fairy\n|move|p1a: Garchomp|Fire Fang|p2a: Cetitan\n|-damage|p2a: Cetitan|76\/100\n|move|p2a: Cetitan|Belly Drum|p2a: Cetitan\n|-damage|p2a: Cetitan|26\/100\n|-setboost|p2a: Cetitan|atk|6|[from] move: Belly Drum\n|-enditem|p2a: Cetitan|Sitrus Berry|[eat]\n|-heal|p2a: Cetitan|50\/100|[from] item: Sitrus Berry\n|\n|upkeep\n|turn|3\n|\n|t:|1700347167\n|move|p2a: Cetitan|Ice Shard|p1a: Garchomp\n|-supereffective|p1a: Garchomp\n|-damage|p1a: Garchomp|0 fnt\n|faint|p1a: Garchomp\n|\n|upkeep\n|c| Void280|Contra mi fue el factor sorpresa basicamente\n|\n|t:|1700347170\n|switch|p1a: Iron Moth|Iron Moth|100\/100\n|turn|4\n|c| Sylveon(404)|tio\n|c| Sylveon(404)|hagan a mega gengar OJ\n|\n|t:|1700347203\n|move|p2a: Cetitan|Ice Shard|p1a: Iron Moth\n|-resisted|p1a: Iron Moth\n|-damage|p1a: Iron Moth|35\/100\n|move|p1a: Iron Moth|Sludge Wave|p2a: Cetitan\n|-supereffective|p2a: Cetitan\n|-damage|p2a: Cetitan|0 fnt\n|faint|p2a: Cetitan\n|\n|upkeep\n|c| Sylveon(404)|*OU\n|c|\u2606ericmont|No\n|\n|t:|1700347214\n|switch|p2a: Mediputas|Medicham, M, shiny|100\/100\n|turn|5\n|c|\u2606ericmont|La hab esta ban\n|c| Sylveon(404)|puta madre\n|\n|t:|1700347224\n|-end|p1a: Iron Moth|Quark Drive|[silent]\n|switch|p1a: Hippowdon|Hippowdon, F|100\/100\n|-weather|Sandstorm|[from] ability: Sand Stream|[of] p1a: Hippowdon\n|detailschange|p2a: Mediputas|Medicham-Mega, M, shiny\n|-mega|p2a: Mediputas|Medicham|Medichamite\n|move|p2a: Mediputas|Fake Out|p1a: Hippowdon\n|-damage|p1a: Hippowdon|89\/100\n|\n|-weather|Sandstorm|[upkeep]\n|-damage|p2a: Mediputas|94\/100|[from] Sandstorm\n|-heal|p1a: Hippowdon|95\/100|[from] item: Leftovers\n|upkeep\n|turn|6\n|c| Void280|Shadow Tag\n|\n|t:|1700347239\n|move|p2a: Mediputas|Ice Punch|p1a: Hippowdon\n|-supereffective|p1a: Hippowdon\n|-damage|p1a: Hippowdon|46\/100\n|move|p1a: Hippowdon|Stealth Rock|p2a: Mediputas\n|-sidestart|p2: Sai4rr|move: Stealth Rock\n|\n|-weather|Sandstorm|[upkeep]\n|-damage|p2a: Mediputas|88\/100|[from] Sandstorm\n|-heal|p1a: Hippowdon|52\/100|[from] item: Leftovers\n|upkeep\n|turn|7\n|\n|t:|1700347248\n|move|p2a: Mediputas|Ice Punch|p1a: Hippowdon\n|-supereffective|p1a: Hippowdon\n|-damage|p1a: Hippowdon|3\/100\n|move|p1a: Hippowdon|Slack Off|p1a: Hippowdon\n|-heal|p1a: Hippowdon|53\/100\n|\n|-weather|Sandstorm|[upkeep]\n|-damage|p2a: Mediputas|82\/100|[from] Sandstorm\n|-heal|p1a: Hippowdon|59\/100|[from] item: Leftovers\n|upkeep\n|turn|8\n|\n|t:|1700347258\n|move|p2a: Mediputas|Ice Punch|p1a: Hippowdon\n|-supereffective|p1a: Hippowdon\n|-damage|p1a: Hippowdon|15\/100\n|move|p1a: Hippowdon|Slack Off|p1a: Hippowdon\n|-heal|p1a: Hippowdon|65\/100\n|\n|-weather|Sandstorm|[upkeep]\n|-damage|p2a: Mediputas|76\/100|[from] Sandstorm\n|-heal|p1a: Hippowdon|71\/100|[from] item: Leftovers\n|upkeep\n|turn|9\n|\n|t:|1700347269\n|move|p2a: Mediputas|Ice Punch|p1a: Hippowdon\n|-supereffective|p1a: Hippowdon\n|-damage|p1a: Hippowdon|28\/100\n|-status|p1a: Hippowdon|frz\n|cant|p1a: Hippowdon|frz\n|\n|-weather|none\n|-heal|p1a: Hippowdon|34\/100 frz|[from] item: Leftovers\n|upkeep\n|turn|10\n|c| Sylveon(404)|:v\n|\n|t:|1700347280\n|move|p2a: Mediputas|Ice Punch|p1a: Hippowdon\n|-supereffective|p1a: Hippowdon\n|-damage|p1a: Hippowdon|0 fnt\n|faint|p1a: Hippowdon\n|\n|upkeep\n|c| Sylveon(404)|waos\n|\n|t:|1700347316\n|switch|p1a: Great Tusk|Great Tusk|100\/100\n|turn|11\n|\n|t:|1700347323\n|move|p1a: Great Tusk|Ice Spinner|p2a: Mediputas\n|-damage|p2a: Mediputas|33\/100\n|move|p2a: Mediputas|Zen Headbutt|p1a: Great Tusk\n|-supereffective|p1a: Great Tusk\n|-damage|p1a: Great Tusk|0 fnt\n|faint|p1a: Great Tusk\n|-end|p1a: Great Tusk|Protosynthesis|[silent]\n|\n|upkeep\n|\n|t:|1700347327\n|switch|p1a: Iron Moth|Iron Moth|35\/100\n|turn|12\n|\n|t:|1700347337\n|move|p1a: Iron Moth|Fiery Dance|p2a: Mediputas\n|-damage|p2a: Mediputas|0 fnt\n|faint|p2a: Mediputas\n|\n|upkeep\n|\n|t:|1700347355\n|switch|p2a: La veneno|Sneasler, F, shiny|100\/100\n|-damage|p2a: La veneno|95\/100|[from] Stealth Rock\n|turn|13\n|c| Void280|El Dragnonite es el tuyo Sylveon?\n|c| Sylveon(404)|no\n|\n|t:|1700347365\n|move|p1a: Iron Moth|Fiery Dance|p2a: La veneno\n|-damage|p2a: La veneno|33\/100\n|move|p2a: La veneno|Close Combat|p1a: Iron Moth\n|-resisted|p1a: Iron Moth\n|-damage|p1a: Iron Moth|0 fnt\n|-unboost|p2a: La veneno|def|1\n|-unboost|p2a: La veneno|spd|1\n|-enditem|p2a: La veneno|White Herb\n|-clearnegativeboost|p2a: La veneno|[silent]\n|faint|p1a: Iron Moth\n|-end|p1a: Iron Moth|Quark Drive|[silent]\n|\n|upkeep\n|c| Sylveon(404)|mi barney se jubilo :'v\n|\n|t:|1700347379\n|switch|p1a: Gastrodon|Gastrodon, M|100\/100\n|turn|14\n|c| Sylveon(404)|lo hecho ya de menos\n|\n|t:|1700347385\n|move|p2a: La veneno|Swords Dance|p2a: La veneno\n|-boost|p2a: La veneno|atk|2\n|move|p1a: Gastrodon|Scald|p2a: La veneno\n|-damage|p2a: La veneno|0 fnt\n|faint|p2a: La veneno\n|\n|upkeep\n|\n|t:|1700347397\n|switch|p2a: ArribaEspa\u00f1a|Dragonite, M, shiny|100\/100\n|turn|15\n|\n|t:|1700347403\n|move|p2a: ArribaEspa\u00f1a|Dragon Dance|p2a: ArribaEspa\u00f1a\n|-boost|p2a: ArribaEspa\u00f1a|atk|1\n|-boost|p2a: ArribaEspa\u00f1a|spe|1\n|move|p1a: Gastrodon|Toxic|p2a: ArribaEspa\u00f1a\n|-status|p2a: ArribaEspa\u00f1a|tox\n|\n|-damage|p2a: ArribaEspa\u00f1a|94\/100 tox|[from] psn\n|upkeep\n|turn|16\n|\n|t:|1700347412\n|move|p2a: ArribaEspa\u00f1a|Dragon Dance|p2a: ArribaEspa\u00f1a\n|-boost|p2a: ArribaEspa\u00f1a|atk|1\n|-boost|p2a: ArribaEspa\u00f1a|spe|1\n|move|p1a: Gastrodon|Recover||[still]\n|-fail|p1a: Gastrodon|heal\n|\n|-damage|p2a: ArribaEspa\u00f1a|82\/100 tox|[from] psn\n|upkeep\n|turn|17\n|\n|t:|1700347423\n|move|p2a: ArribaEspa\u00f1a|Ice Spinner|p1a: Gastrodon\n|-damage|p1a: Gastrodon|54\/100\n|move|p1a: Gastrodon|Recover|p1a: Gastrodon\n|-heal|p1a: Gastrodon|100\/100\n|\n|-damage|p2a: ArribaEspa\u00f1a|63\/100 tox|[from] psn\n|upkeep\n|turn|18\n|c| Sylveon(404)|no tiene ice beam?\n|c| Sylveon(404)|pecado\n|j| PeppsiAsiEs\n|c| Void280|No le hace falta en este caso\n|\n|t:|1700347447\n|move|p2a: ArribaEspa\u00f1a|Dragon Dance|p2a: ArribaEspa\u00f1a\n|-boost|p2a: ArribaEspa\u00f1a|atk|1\n|-boost|p2a: ArribaEspa\u00f1a|spe|1\n|move|p1a: Gastrodon|Recover||[still]\n|-fail|p1a: Gastrodon|heal\n|\n|-damage|p2a: ArribaEspa\u00f1a|39\/100 tox|[from] psn\n|upkeep\n|turn|19\n|c| Sylveon(404)|pep\n|\n|t:|1700347456\n|-terastallize|p1a: Gastrodon|Fairy\n|move|p2a: ArribaEspa\u00f1a|Roost|p2a: ArribaEspa\u00f1a\n|-heal|p2a: ArribaEspa\u00f1a|89\/100 tox\n|-singleturn|p2a: ArribaEspa\u00f1a|move: Roost\n|move|p1a: Gastrodon|Recover||[still]\n|-fail|p1a: Gastrodon|heal\n|\n|-damage|p2a: ArribaEspa\u00f1a|58\/100 tox|[from] psn\n|upkeep\n|turn|20\n|c| PeppsiAsiEs|el diavlo\n|c|\u2606ericmont|Dep\n|c| PeppsiAsiEs|EL DIAVLO\n|\n|t:|1700347471\n|move|p2a: ArribaEspa\u00f1a|Ice Spinner|p1a: Gastrodon\n|-crit|p1a: Gastrodon\n|-damage|p1a: Gastrodon|8\/100\n|move|p1a: Gastrodon|Spikes|p2a: ArribaEspa\u00f1a\n|-sidestart|p2: Sai4rr|Spikes\n|\n|-damage|p2a: ArribaEspa\u00f1a|21\/100 tox|[from] psn\n|upkeep\n|turn|21\n|c| Sylveon(404)|hacete parte de smogon y has q sea mega gengar ou y q shadow tag sea valida\n|\n|t:|1700347482\n|move|p2a: ArribaEspa\u00f1a|Extreme Speed|p1a: Gastrodon\n|-damage|p1a: Gastrodon|0 fnt\n|faint|p1a: Gastrodon\n|\n|-damage|p2a: ArribaEspa\u00f1a|0 fnt|[from] psn\n|faint|p2a: ArribaEspa\u00f1a\n|upkeep\n|c|\u2606ericmont|Que\n|\n|t:|1700347491\n|switch|p2a: Yosuke|Greninja, M|100\/100\n|switch|p1a: Sandy Shocks|Sandy Shocks|100\/100\n|-damage|p2a: Yosuke|88\/100|[from] Stealth Rock\n|-damage|p2a: Yosuke|76\/100|[from] Spikes\n|turn|22\n|c|\u2606ericmont|SOY SCARF!!!\n|\n|t:|1700347504\n|move|p2a: Yosuke|Ice Beam|p1a: Sandy Shocks\n|-supereffective|p1a: Sandy Shocks\n|-damage|p1a: Sandy Shocks|5\/100\n|move|p1a: Sandy Shocks|Thunderbolt|p2a: Yosuke\n|-supereffective|p2a: Yosuke\n|-damage|p2a: Yosuke|0 fnt\n|faint|p2a: Yosuke\n|\n|win|ericmont\n|c|\u2606ericmont|QUE\n|c| Sylveon(404)|XD\n|c|\u2606ericmont|QUE\n|c| PeppsiAsiEs|nooooooo\n|c|\u2606ericmont|QUE HACE\n|c|\u2606ericmont|JASJJAJS\n|c|\u2606ericmont|QUE HACE\n|c|\u2606Sai4rr|Noooo\n|c|\u2606ericmont|no espera\n|c| Void280|XD\n|c| Sylveon(404)|no es mutatipo?\n|c| Sylveon(404)|q down\n|c|\u2606ericmont|apartate sai\n|c|\u2606Sai4rr|Casi\n","uploadtime":1700347541,"views":21,"p1id":"ericmont","p2id":"sai4rr","formatid":"gen9nationaldex","rating":0,"private":0,"password":""}