{"id":"gen9nationaldex-1993857305","p1":"maple324504","p2":"bxlngsm","format":"[Gen 9] National Dex","log":"|j|\u2606maple324504\n|j|\u2606bxlngsm\n|t:|1700366060\n|gametype|singles\n|player|p1|maple324504|bugcatcher-gen4dp|1369\n|player|p2|bxlngsm|2|1449\n|teamsize|p1|6\n|teamsize|p2|6\n|gen|9\n|tier|[Gen 9] National Dex\n|rated|\n|rule|HP Percentage Mod: HP is shown in percentages\n|rule|Endless Battle Clause: Forcing endless battles is banned\n|rule|OHKO Clause: OHKO moves are banned\n|rule|Evasion Clause: Evasion abilities, items, and moves are banned\n|rule|Evasion Abilities Clause: Evasion abilities are banned\n|rule|Evasion Items Clause: Evasion items are banned\n|rule|Evasion Moves Clause: Evasion moves are banned\n|rule|Species Clause: Limit one of each Pok\u00e9mon\n|rule|Sleep Clause Mod: Limit one foe put to sleep\n|clearpoke\n|poke|p1|Scizor, F|\n|poke|p1|Beedrill, M|\n|poke|p1|Volcarona, M|\n|poke|p1|Vikavolt, F|\n|poke|p1|Scyther, F|\n|poke|p1|Golisopod, F|\n|poke|p2|Banette, M|\n|poke|p2|Samurott-Hisui, M|\n|poke|p2|Indeedee, M|\n|poke|p2|Grafaiai, M|\n|poke|p2|Quaquaval, M|\n|poke|p2|Tinkaton, F|\n|teampreview\n|\n|t:|1700366072\n|start\n|switch|p1a: Scyther|Scyther, F|100\/100\n|switch|p2a: Tinkaton|Tinkaton, F|100\/100\n|-ability|p2a: Tinkaton|Mold Breaker\n|turn|1\n|inactive|Battle timer is ON: inactive players will automatically lose when time's up. (requested by bxlngsm)\n|\n|t:|1700366085\n|move|p1a: Scyther|Swords Dance|p1a: Scyther\n|-boost|p1a: Scyther|atk|2\n|move|p2a: Tinkaton|Ice Hammer|p1a: Scyther\n|-supereffective|p1a: Scyther\n|-damage|p1a: Scyther|68\/100\n|-unboost|p2a: Tinkaton|spe|1\n|\n|upkeep\n|turn|2\n|\n|t:|1700366092\n|move|p1a: Scyther|Brick Break|p2a: Tinkaton\n|-damage|p2a: Tinkaton|59\/100\n|move|p2a: Tinkaton|Encore|p1a: Scyther\n|-start|p1a: Scyther|Encore\n|\n|-heal|p2a: Tinkaton|65\/100|[from] item: Leftovers\n|upkeep\n|turn|3\n|\n|t:|1700366100\n|switch|p2a: Banette|Banette, M|100\/100\n|move|p1a: Scyther|Brick Break|p2a: Banette\n|-immune|p2a: Banette\n|\n|upkeep\n|turn|4\n|\n|t:|1700366110\n|switch|p1a: Volcarona|Volcarona, M|100\/100\n|detailschange|p2a: Banette|Banette-Mega, M\n|-mega|p2a: Banette|Banette|Banettite\n|move|p2a: Banette|Poltergeist|p1a: Volcarona\n|-activate|p1a: Volcarona|move: Poltergeist|Buginium Z\n|-damage|p1a: Volcarona|14\/100\n|\n|upkeep\n|turn|5\n|\n|t:|1700366121\n|move|p2a: Banette|Shadow Sneak|p1a: Volcarona\n|-damage|p1a: Volcarona|0 fnt\n|faint|p1a: Volcarona\n|\n|upkeep\n|\n|t:|1700366126\n|switch|p1a: Golisopod|Golisopod, F, shiny|100\/100\n|turn|6\n|\n|t:|1700366140\n|move|p1a: Golisopod|First Impression|p2a: Banette\n|-resisted|p2a: Banette\n|-damage|p2a: Banette|65\/100\n|move|p2a: Banette|Destiny Bond|p2a: Banette\n|-singlemove|p2a: Banette|Destiny Bond\n|\n|upkeep\n|turn|7\n|\n|t:|1700366147\n|move|p2a: Banette|Encore|p1a: Golisopod\n|-start|p1a: Golisopod|Encore\n|move|p1a: Golisopod|First Impression||[still]\n|-hint|First Impression only works on your first turn out.\n|-fail|p1a: Golisopod\n|\n|upkeep\n|turn|8\n|\n|t:|1700366156\n|switch|p1a: Scizor|Scizor, F|100\/100\n|move|p2a: Banette|Poltergeist|p1a: Scizor\n|-activate|p1a: Scizor|move: Poltergeist|Leftovers\n|-damage|p1a: Scizor|27\/100\n|\n|-heal|p1a: Scizor|33\/100|[from] item: Leftovers\n|upkeep\n|turn|9\n|\n|t:|1700366164\n|switch|p2a: Quaquaval|Quaquaval, M|100\/100\n|move|p1a: Scizor|Bullet Punch|p2a: Quaquaval\n|-resisted|p2a: Quaquaval\n|-damage|p2a: Quaquaval|78\/100\n|\n|-heal|p1a: Scizor|39\/100|[from] item: Leftovers\n|upkeep\n|turn|10\n|\n|t:|1700366175\n|move|p2a: Quaquaval|Aqua Step|p1a: Scizor\n|-damage|p1a: Scizor|0 fnt\n|-boost|p2a: Quaquaval|spe|1\n|faint|p1a: Scizor\n|-ability|p2a: Quaquaval|Moxie|boost\n|-boost|p2a: Quaquaval|atk|1\n|\n|upkeep\n|-message|maple324504 forfeited.\n|\n|win|bxlngsm\n|raw|maple324504's rating: 1369 &rarr; <strong>1354<\/strong><br \/>(-15 for losing)\n|raw|bxlngsm's rating: 1449 &rarr; <strong>1464<\/strong><br \/>(+15 for winning)\n|l|\u2606maple324504\n","uploadtime":1700366217,"views":12,"p1id":"maple324504","p2id":"bxlngsm","formatid":"gen9nationaldex","rating":1354,"private":0,"password":""}