{"id":"gen9nationaldex-1999837612","p1":"ued","p2":"I Kin Asuka","format":"[Gen 9] National Dex","log":"|html|<div class=\"broadcast-blue\"><strong>[Gen 9] National Dex is currently suspecting Sneasler! For information on how to participate check out the <a href=\"https:\/\/www.smogon.com\/forums\/threads\/sv-national-dex-suspect-8-just-dance.3731534\/\">suspect thread<\/a>.<\/strong><\/div>\n|j|\u2606ued\n|j|\u2606I Kin Asuka\n|t:|1701121408\n|gametype|singles\n|player|p1|ued|101|\n|player|p2|I Kin Asuka|266|\n|teamsize|p1|6\n|teamsize|p2|6\n|gen|9\n|tier|[Gen 9] National Dex\n|rule|HP Percentage Mod: HP is shown in percentages\n|rule|Endless Battle Clause: Forcing endless battles is banned\n|rule|OHKO Clause: OHKO moves are banned\n|rule|Evasion Clause: Evasion abilities, items, and moves are banned\n|rule|Evasion Abilities Clause: Evasion abilities are banned\n|rule|Evasion Items Clause: Evasion items are banned\n|rule|Evasion Moves Clause: Evasion moves are banned\n|rule|Species Clause: Limit one of each Pok\u00e9mon\n|rule|Sleep Clause Mod: Limit one foe put to sleep\n|clearpoke\n|poke|p1|Ninetales-Alola, M|\n|poke|p1|Mawile, F|\n|poke|p1|Scream Tail|\n|poke|p1|Ribombee, M|\n|poke|p1|Weezing-Galar, M|\n|poke|p1|Tapu Lele|\n|poke|p2|Ninetales-Alola, M|\n|poke|p2|Cetitan, M|\n|poke|p2|Hatterene, F|\n|poke|p2|Tinkaton, F|\n|poke|p2|Weezing-Galar, M|\n|poke|p2|Sandslash-Alola, M|\n|teampreview\n|\n|t:|1701121422\n|start\n|switch|p1a: Ninetales|Ninetales-Alola, M|100\/100\n|switch|p2a: Tinkaton|Tinkaton, F|100\/100\n|-weather|Snow|[from] ability: Snow Warning|[of] p1a: Ninetales\n|-ability|p2a: Tinkaton|Mold Breaker\n|turn|1\n|\n|t:|1701121436\n|switch|p1a: Weezing|Weezing-Galar, M|100\/100\n|move|p2a: Tinkaton|Fake Out|p1a: Weezing\n|-damage|p1a: Weezing|94\/100\n|\n|-weather|Snow|[upkeep]\n|-heal|p1a: Weezing|99\/100|[from] item: Black Sludge\n|upkeep\n|turn|2\n|\n|t:|1701121443\n|move|p2a: Tinkaton|Stealth Rock|p1a: Weezing\n|-sidestart|p1: ued|move: Stealth Rock\n|move|p1a: Weezing|Toxic Spikes|p2a: Tinkaton\n|-sidestart|p2: I Kin Asuka|move: Toxic Spikes\n|\n|-weather|Snow|[upkeep]\n|-heal|p1a: Weezing|100\/100|[from] item: Black Sludge\n|upkeep\n|turn|3\n|\n|t:|1701121453\n|move|p2a: Tinkaton|Gigaton Hammer|p1a: Weezing\n|-supereffective|p1a: Weezing\n|-damage|p1a: Weezing|30\/100\n|move|p1a: Weezing|Toxic Spikes|p2a: Tinkaton\n|-sidestart|p2: I Kin Asuka|move: Toxic Spikes\n|\n|-weather|Snow|[upkeep]\n|-heal|p1a: Weezing|36\/100|[from] item: Black Sludge\n|upkeep\n|turn|4\n|\n|t:|1701121463\n|switch|p1a: Mawile|Mawile, F|100\/100\n|-damage|p1a: Mawile|95\/100|[from] Stealth Rock\n|move|p2a: Tinkaton|Protect||[still]\n|-fail|p2a: Tinkaton\n|\n|-weather|Snow|[upkeep]\n|upkeep\n|turn|5\n|l|\u2606ued\n|player|p1|\n|j|\u2606ued\n|player|p1|ued|101\n|\n|t:|1701121506\n|switch|p2a: Weezing|Weezing-Galar, M|100\/100\n|-ability|p2a: Weezing|Neutralizing Gas\n|-sideend|p2: I Kin Asuka|move: Toxic Spikes|[of] p2a: Weezing\n|detailschange|p1a: Mawile|Mawile-Mega, F\n|-mega|p1a: Mawile|Mawile|Mawilite\n|move|p1a: Mawile|Swords Dance|p1a: Mawile\n|-boost|p1a: Mawile|atk|2\n|\n|-weather|none\n|upkeep\n|turn|6\n|\n|t:|1701121534\n|move|p2a: Weezing|Heat Wave|p1a: Mawile\n|-supereffective|p1a: Mawile\n|-damage|p1a: Mawile|25\/100\n|move|p1a: Mawile|Iron Head|p2a: Weezing\n|-supereffective|p2a: Weezing\n|-damage|p2a: Weezing|0 fnt\n|-damage|p1a: Mawile|9\/100|[from] item: Rocky Helmet|[of] p2a: Weezing\n|faint|p2a: Weezing\n|-end|p2a: Weezing|ability: Neutralizing Gas\n|\n|upkeep\n|\n|t:|1701121543\n|switch|p2a: Tinkaton|Tinkaton, F|100\/100\n|-ability|p2a: Tinkaton|Mold Breaker\n|turn|7\n|\n|t:|1701121547\n|move|p2a: Tinkaton|Fake Out|p1a: Mawile\n|-resisted|p1a: Mawile\n|-crit|p1a: Mawile\n|-damage|p1a: Mawile|2\/100\n|cant|p1a: Mawile|flinch\n|\n|upkeep\n|turn|8\n|\n|t:|1701121553\n|move|p2a: Tinkaton|Gigaton Hammer|p1a: Mawile\n|-damage|p1a: Mawile|0 fnt\n|faint|p1a: Mawile\n|\n|upkeep\n|\n|t:|1701121566\n|switch|p1a: Ninetales|Ninetales-Alola, M|100\/100\n|-damage|p1a: Ninetales|75\/100|[from] Stealth Rock\n|-weather|Snow|[from] ability: Snow Warning|[of] p1a: Ninetales\n|turn|9\n|\n|t:|1701121592\n|move|p2a: Tinkaton|Protect|p2a: Tinkaton\n|-singleturn|p2a: Tinkaton|Protect\n|move|p1a: Ninetales|Aurora Veil|p1a: Ninetales\n|-sidestart|p1: ued|move: Aurora Veil\n|\n|-weather|Snow|[upkeep]\n|upkeep\n|turn|10\n|\n|t:|1701121600\n|switch|p1a: Tapu Lele|Tapu Lele|100\/100\n|-damage|p1a: Tapu Lele|88\/100|[from] Stealth Rock\n|-fieldstart|move: Psychic Terrain|[from] ability: Psychic Surge|[of] p1a: Tapu Lele\n|move|p2a: Tinkaton|Gigaton Hammer|p1a: Tapu Lele\n|-supereffective|p1a: Tapu Lele\n|-damage|p1a: Tapu Lele|21\/100\n|\n|-weather|Snow|[upkeep]\n|-heal|p1a: Tapu Lele|28\/100|[from] item: Leftovers\n|upkeep\n|turn|11\n|\n|t:|1701121636\n|switch|p1a: Ribombee|Ribombee, M|100\/100\n|-damage|p1a: Ribombee|76\/100|[from] Stealth Rock\n|move|p2a: Tinkaton|Protect||[still]\n|-fail|p2a: Tinkaton\n|\n|-weather|Snow|[upkeep]\n|upkeep\n|turn|12\n|\n|t:|1701121642\n|move|p1a: Ribombee|Sticky Web|p2a: Tinkaton\n|-sidestart|p2: I Kin Asuka|move: Sticky Web\n|move|p2a: Tinkaton|Gigaton Hammer|p1a: Ribombee\n|-supereffective|p1a: Ribombee\n|-damage|p1a: Ribombee|0 fnt\n|faint|p1a: Ribombee\n|\n|-weather|Snow|[upkeep]\n|upkeep\n|\n|t:|1701121645\n|switch|p1a: Scream Tail|Scream Tail|100\/100\n|-damage|p1a: Scream Tail|88\/100|[from] Stealth Rock\n|-enditem|p1a: Scream Tail|Psychic Seed\n|-boost|p1a: Scream Tail|spd|1|[from] item: Psychic Seed\n|turn|13\n|l|\u2606ued\n|player|p1|\n|\n|t:|1701121670\n|move|p2a: Tinkaton|Protect|p2a: Tinkaton\n|-singleturn|p2a: Tinkaton|Protect\n|move|p1a: Scream Tail|Bulk Up|p1a: Scream Tail\n|-boost|p1a: Scream Tail|atk|1\n|-boost|p1a: Scream Tail|def|1\n|\n|-weather|none\n|upkeep\n|turn|14\n|j|\u2606ued\n|player|p1|ued|101\n|\n|t:|1701121677\n|move|p2a: Tinkaton|Gigaton Hammer|p1a: Scream Tail\n|-supereffective|p1a: Scream Tail\n|-damage|p1a: Scream Tail|66\/100\n|move|p1a: Scream Tail|Bulk Up|p1a: Scream Tail\n|-boost|p1a: Scream Tail|atk|1\n|-boost|p1a: Scream Tail|def|1\n|\n|-fieldend|move: Psychic Terrain\n|upkeep\n|turn|15\n|\n|t:|1701121686\n|switch|p2a: Ninetales|Ninetales-Alola, M|100\/100\n|-weather|Snow|[from] ability: Snow Warning|[of] p2a: Ninetales\n|move|p1a: Scream Tail|Calm Mind|p1a: Scream Tail\n|-boost|p1a: Scream Tail|spa|1\n|-boost|p1a: Scream Tail|spd|1\n|\n|-weather|Snow|[upkeep]\n|upkeep\n|turn|16\n|\n|t:|1701121694\n|move|p2a: Ninetales|Foul Play|p1a: Scream Tail\n|-damage|p1a: Scream Tail|62\/100\n|move|p1a: Scream Tail|Bulk Up|p1a: Scream Tail\n|-boost|p1a: Scream Tail|atk|1\n|-boost|p1a: Scream Tail|def|1\n|\n|-weather|Snow|[upkeep]\n|-sideend|p1: ued|move: Aurora Veil\n|upkeep\n|turn|17\n|\n|t:|1701121703\n|move|p2a: Ninetales|Blizzard|p1a: Scream Tail\n|-damage|p1a: Scream Tail|47\/100\n|move|p1a: Scream Tail|Calm Mind|p1a: Scream Tail\n|-boost|p1a: Scream Tail|spa|1\n|-boost|p1a: Scream Tail|spd|1\n|\n|-weather|Snow|[upkeep]\n|upkeep\n|turn|18\n|\n|t:|1701121711\n|move|p2a: Ninetales|Blizzard|p1a: Scream Tail\n|-damage|p1a: Scream Tail|36\/100\n|move|p1a: Scream Tail|Drain Punch|p2a: Ninetales\n|-damage|p2a: Ninetales|71\/100\n|-heal|p1a: Scream Tail|45\/100|[from] drain|[of] p2a: Ninetales\n|\n|-weather|Snow|[upkeep]\n|upkeep\n|turn|19\n|\n|t:|1701121718\n|move|p2a: Ninetales|Blizzard|p1a: Scream Tail\n|-damage|p1a: Scream Tail|34\/100\n|move|p1a: Scream Tail|Drain Punch|p2a: Ninetales\n|-damage|p2a: Ninetales|41\/100\n|-heal|p1a: Scream Tail|44\/100|[from] drain|[of] p2a: Ninetales\n|\n|-weather|none\n|upkeep\n|turn|20\n|\n|t:|1701121728\n|move|p2a: Ninetales|Blizzard|p1a: Scream Tail\n|-damage|p1a: Scream Tail|31\/100\n|move|p1a: Scream Tail|Drain Punch|p2a: Ninetales\n|-damage|p2a: Ninetales|3\/100\n|-heal|p1a: Scream Tail|44\/100|[from] drain|[of] p2a: Ninetales\n|\n|upkeep\n|turn|21\n|\n|t:|1701121757\n|move|p2a: Ninetales|Blizzard|p1a: Scream Tail\n|-damage|p1a: Scream Tail|33\/100\n|-status|p1a: Scream Tail|frz\n|-curestatus|p1a: Scream Tail|frz|[msg]\n|move|p1a: Scream Tail|Drain Punch|p2a: Ninetales\n|-damage|p2a: Ninetales|0 fnt\n|-heal|p1a: Scream Tail|33\/100|[from] drain|[of] p2a: Ninetales\n|faint|p2a: Ninetales\n|\n|upkeep\n|\n|t:|1701121768\n|switch|p2a: Tinkaton|Tinkaton, F|100\/100\n|-activate|p2a: Tinkaton|move: Sticky Web\n|-unboost|p2a: Tinkaton|spe|1\n|-ability|p2a: Tinkaton|Mold Breaker\n|turn|22\n|\n|t:|1701121774\n|move|p2a: Tinkaton|Fake Out|p1a: Scream Tail\n|-damage|p1a: Scream Tail|31\/100\n|cant|p1a: Scream Tail|flinch\n|\n|upkeep\n|turn|23\n|\n|t:|1701121779\n|move|p1a: Scream Tail|Stored Power|p2a: Tinkaton\n|-resisted|p2a: Tinkaton\n|-damage|p2a: Tinkaton|42\/100\n|move|p2a: Tinkaton|Gigaton Hammer|p1a: Scream Tail\n|-supereffective|p1a: Scream Tail\n|-damage|p1a: Scream Tail|3\/100\n|\n|-heal|p2a: Tinkaton|48\/100|[from] item: Leftovers\n|upkeep\n|turn|24\n|\n|t:|1701121796\n|move|p2a: Tinkaton|Protect|p2a: Tinkaton\n|-singleturn|p2a: Tinkaton|Protect\n|move|p1a: Scream Tail|Drain Punch|p2a: Tinkaton\n|-activate|p2a: Tinkaton|move: Protect\n|\n|-heal|p2a: Tinkaton|54\/100|[from] item: Leftovers\n|upkeep\n|turn|25\n|\n|t:|1701121836\n|move|p1a: Scream Tail|Drain Punch|p2a: Tinkaton\n|-damage|p2a: Tinkaton|15\/100\n|-heal|p1a: Scream Tail|17\/100|[from] drain|[of] p2a: Tinkaton\n|move|p2a: Tinkaton|Gigaton Hammer|p1a: Scream Tail\n|-supereffective|p1a: Scream Tail\n|-damage|p1a: Scream Tail|0 fnt\n|faint|p1a: Scream Tail\n|-end|p1a: Scream Tail|Protosynthesis|[silent]\n|\n|-heal|p2a: Tinkaton|21\/100|[from] item: Leftovers\n|upkeep\n|c|\u2606ued|nooo\n|c|\u2606ued|i thought u woudl switch\n|c|\u2606ued|sadness\n|c|\u2606I Kin Asuka|Sorryyy\n|\n|t:|1701121867\n|switch|p1a: Tapu Lele|Tapu Lele|28\/100\n|-damage|p1a: Tapu Lele|15\/100|[from] Stealth Rock\n|-fieldstart|move: Psychic Terrain|[from] ability: Psychic Surge|[of] p1a: Tapu Lele\n|turn|26\n|\n|t:|1701121883\n|move|p2a: Tinkaton|Protect|p2a: Tinkaton\n|-singleturn|p2a: Tinkaton|Protect\n|move|p1a: Tapu Lele|Iron Defense|p1a: Tapu Lele\n|-boost|p1a: Tapu Lele|def|2\n|\n|-heal|p1a: Tapu Lele|21\/100|[from] item: Leftovers\n|-heal|p2a: Tinkaton|27\/100|[from] item: Leftovers\n|upkeep\n|turn|27\n|\n|t:|1701121890\n|move|p1a: Tapu Lele|Protect|p1a: Tapu Lele\n|-singleturn|p1a: Tapu Lele|Protect\n|move|p2a: Tinkaton|Gigaton Hammer|p1a: Tapu Lele\n|-activate|p1a: Tapu Lele|move: Protect\n|\n|-heal|p1a: Tapu Lele|27\/100|[from] item: Leftovers\n|-heal|p2a: Tinkaton|33\/100|[from] item: Leftovers\n|upkeep\n|turn|28\n|\n|t:|1701121901\n|switch|p2a: Hatterene|Hatterene, F|100\/100\n|-activate|p2a: Hatterene|move: Sticky Web\n|-unboost|p2a: Hatterene|spe|1\n|move|p1a: Tapu Lele|Calm Mind|p1a: Tapu Lele\n|-boost|p1a: Tapu Lele|spa|1\n|-boost|p1a: Tapu Lele|spd|1\n|\n|-heal|p1a: Tapu Lele|33\/100|[from] item: Leftovers\n|upkeep\n|turn|29\n|\n|t:|1701121909\n|move|p1a: Tapu Lele|Protect|p1a: Tapu Lele\n|-singleturn|p1a: Tapu Lele|Protect\n|move|p2a: Hatterene|Psychic|p1a: Tapu Lele\n|-activate|p1a: Tapu Lele|move: Protect\n|\n|-heal|p1a: Tapu Lele|39\/100|[from] item: Leftovers\n|upkeep\n|turn|30\n|\n|t:|1701121944\n|move|p1a: Tapu Lele|Calm Mind|p1a: Tapu Lele\n|-boost|p1a: Tapu Lele|spa|1\n|-boost|p1a: Tapu Lele|spd|1\n|move|p2a: Hatterene|Dazzling Gleam|p1a: Tapu Lele\n|-damage|p1a: Tapu Lele|19\/100\n|\n|-heal|p1a: Tapu Lele|25\/100|[from] item: Leftovers\n|-fieldend|move: Psychic Terrain\n|upkeep\n|turn|31\n|\n|t:|1701121953\n|move|p1a: Tapu Lele|Protect|p1a: Tapu Lele\n|-singleturn|p1a: Tapu Lele|Protect\n|move|p2a: Hatterene|Dazzling Gleam|p1a: Tapu Lele\n|-activate|p1a: Tapu Lele|move: Protect\n|\n|-heal|p1a: Tapu Lele|31\/100|[from] item: Leftovers\n|upkeep\n|turn|32\n|\n|t:|1701121964\n|move|p1a: Tapu Lele|Calm Mind|p1a: Tapu Lele\n|-boost|p1a: Tapu Lele|spa|1\n|-boost|p1a: Tapu Lele|spd|1\n|move|p2a: Hatterene|Dazzling Gleam|p1a: Tapu Lele\n|-damage|p1a: Tapu Lele|13\/100\n|\n|-heal|p1a: Tapu Lele|19\/100|[from] item: Leftovers\n|upkeep\n|turn|33\n|\n|t:|1701121973\n|move|p1a: Tapu Lele|Protect|p1a: Tapu Lele\n|-singleturn|p1a: Tapu Lele|Protect\n|move|p2a: Hatterene|Dazzling Gleam|p1a: Tapu Lele\n|-activate|p1a: Tapu Lele|move: Protect\n|\n|-heal|p1a: Tapu Lele|25\/100|[from] item: Leftovers\n|upkeep\n|turn|34\n|\n|t:|1701121982\n|move|p1a: Tapu Lele|Stored Power|p2a: Hatterene\n|-resisted|p2a: Hatterene\n|-damage|p2a: Hatterene|0 fnt\n|faint|p2a: Hatterene\n|\n|-heal|p1a: Tapu Lele|32\/100|[from] item: Leftovers\n|upkeep\n|\n|t:|1701121989\n|switch|p2a: Sandslash|Sandslash-Alola, M|100\/100\n|-activate|p2a: Sandslash|move: Sticky Web\n|-unboost|p2a: Sandslash|spe|1\n|turn|35\n|\n|t:|1701121995\n|-terastallize|p1a: Tapu Lele|Psychic\n|move|p1a: Tapu Lele|Stored Power|p2a: Sandslash\n|-resisted|p2a: Sandslash\n|-damage|p2a: Sandslash|0 fnt\n|faint|p2a: Sandslash\n|\n|-heal|p1a: Tapu Lele|38\/100|[from] item: Leftovers\n|upkeep\n|\n|t:|1701122003\n|switch|p2a: Cetitan|Cetitan, M|100\/100\n|-activate|p2a: Cetitan|move: Sticky Web\n|-unboost|p2a: Cetitan|spe|1\n|turn|36\n|\n|t:|1701122007\n|move|p1a: Tapu Lele|Stored Power|p2a: Cetitan\n|-damage|p2a: Cetitan|0 fnt\n|faint|p2a: Cetitan\n|\n|-heal|p1a: Tapu Lele|44\/100|[from] item: Leftovers\n|upkeep\n|\n|t:|1701122012\n|switch|p2a: Tinkaton|Tinkaton, F|33\/100\n|-activate|p2a: Tinkaton|move: Sticky Web\n|-unboost|p2a: Tinkaton|spe|1\n|-ability|p2a: Tinkaton|Mold Breaker\n|turn|37\n|\n|t:|1701122018\n|move|p1a: Tapu Lele|Protect|p1a: Tapu Lele\n|-singleturn|p1a: Tapu Lele|Protect\n|move|p2a: Tinkaton|Fake Out|p1a: Tapu Lele\n|-activate|p1a: Tapu Lele|move: Protect\n|\n|-heal|p1a: Tapu Lele|50\/100|[from] item: Leftovers\n|-heal|p2a: Tinkaton|39\/100|[from] item: Leftovers\n|upkeep\n|turn|38\n|c|\u2606I Kin Asuka|GG\n|c|\u2606ued|ggs\n|\n|t:|1701122027\n|move|p2a: Tinkaton|Fake Out||[still]\n|-hint|Fake Out only works on your first turn out.\n|-fail|p2a: Tinkaton\n|move|p1a: Tapu Lele|Stored Power|p2a: Tinkaton\n|-resisted|p2a: Tinkaton\n|-damage|p2a: Tinkaton|0 fnt\n|faint|p2a: Tinkaton\n|\n|win|ued\n|c|\u2606ued|stored power go crazy\n","uploadtime":1701122035,"views":17,"p1id":"ued","p2id":"ikinasuka","formatid":"gen9nationaldex","rating":0,"private":0,"password":""}