{"id":"gen9nationaldex-1990123193","p1":"Gomaito","p2":"SukunaIsTheGoat","format":"[Gen 9] National Dex","log":"|j|\u2606Gomaito\n|j|\u2606SukunaIsTheGoat\n|t:|1699927026\n|gametype|singles\n|player|p1|Gomaito|rocketgrunt|1208\n|player|p2|SukunaIsTheGoat|lance|1249\n|teamsize|p1|6\n|teamsize|p2|6\n|gen|9\n|tier|[Gen 9] National Dex\n|rated|\n|rule|HP Percentage Mod: HP is shown in percentages\n|rule|Endless Battle Clause: Forcing endless battles is banned\n|rule|OHKO Clause: OHKO moves are banned\n|rule|Evasion Clause: Evasion abilities, items, and moves are banned\n|rule|Evasion Abilities Clause: Evasion abilities are banned\n|rule|Evasion Items Clause: Evasion items are banned\n|rule|Evasion Moves Clause: Evasion moves are banned\n|rule|Species Clause: Limit one of each Pok\u00e9mon\n|rule|Sleep Clause Mod: Limit one foe put to sleep\n|clearpoke\n|poke|p1|Great Tusk|\n|poke|p1|Porygon2|\n|poke|p1|Hydreigon, M|\n|poke|p1|Aegislash, M|\n|poke|p1|Cinderace, F|\n|poke|p1|Galvantula, F|\n|poke|p2|Necrozma|\n|poke|p2|Ninetales-Alola, F|\n|poke|p2|Garganacl, M|\n|poke|p2|Sneasler, M|\n|poke|p2|Aggron, M|\n|poke|p2|Charizard, M|\n|teampreview\n|inactive|Battle timer is ON: inactive players will automatically lose when time's up. (requested by Gomaito)\n|\n|t:|1699927039\n|start\n|switch|p1a: Galvantula|Galvantula, F|100\/100\n|switch|p2a: general zawg|Ninetales-Alola, F|100\/100\n|-weather|Snow|[from] ability: Snow Warning|[of] p2a: general zawg\n|turn|1\n|\n|t:|1699927062\n|move|p1a: Galvantula|Thunder Wave|p2a: general zawg\n|-status|p2a: general zawg|par\n|move|p2a: general zawg|Hypnosis|p1a: Galvantula\n|-status|p1a: Galvantula|slp|[from] move: Hypnosis\n|\n|-weather|Snow|[upkeep]\n|upkeep\n|turn|2\n|\n|t:|1699927070\n|cant|p1a: Galvantula|slp\n|move|p2a: general zawg|Aurora Veil|p2a: general zawg\n|-sidestart|p2: SukunaIsTheGoat|move: Aurora Veil\n|\n|-weather|Snow|[upkeep]\n|upkeep\n|turn|3\n|inactive|SukunaIsTheGoat has 120 seconds left.\n|\n|t:|1699927110\n|switch|p2a: RUMBLING RUMBLING|Aggron, M|100\/100\n|cant|p1a: Galvantula|slp\n|\n|-weather|Snow|[upkeep]\n|upkeep\n|turn|4\n|inactive|SukunaIsTheGoat has 120 seconds left.\n|\n|t:|1699927118\n|-curestatus|p1a: Galvantula|slp|[msg]\n|move|p1a: Galvantula|Sticky Web|p2a: RUMBLING RUMBLING\n|-sidestart|p2: SukunaIsTheGoat|move: Sticky Web\n|move|p2a: RUMBLING RUMBLING|Stealth Rock|p1a: Galvantula\n|-sidestart|p1: Gomaito|move: Stealth Rock\n|\n|-weather|Snow|[upkeep]\n|upkeep\n|turn|5\n|\n|t:|1699927127\n|move|p1a: Galvantula|Thunder Wave|p2a: RUMBLING RUMBLING\n|-status|p2a: RUMBLING RUMBLING|par\n|move|p2a: RUMBLING RUMBLING|Toxic|p1a: Galvantula\n|-status|p1a: Galvantula|tox\n|\n|-weather|none\n|-damage|p1a: Galvantula|94\/100 tox|[from] psn\n|upkeep\n|turn|6\n|\n|t:|1699927134\n|move|p1a: Galvantula|Thunder|p2a: RUMBLING RUMBLING\n|-damage|p2a: RUMBLING RUMBLING|78\/100 par\n|move|p2a: RUMBLING RUMBLING|Earthquake|p1a: Galvantula\n|-damage|p1a: Galvantula|52\/100 tox\n|\n|-damage|p1a: Galvantula|40\/100 tox|[from] psn\n|upkeep\n|turn|7\n|\n|t:|1699927145\n|detailschange|p2a: RUMBLING RUMBLING|Aggron-Mega, M\n|-mega|p2a: RUMBLING RUMBLING|Aggron|Aggronite\n|move|p1a: Galvantula|Thunder|p2a: RUMBLING RUMBLING\n|-damage|p2a: RUMBLING RUMBLING|59\/100 par\n|cant|p2a: RUMBLING RUMBLING|par\n|\n|-damage|p1a: Galvantula|22\/100 tox|[from] psn\n|upkeep\n|turn|8\n|\n|t:|1699927152\n|move|p1a: Galvantula|Bug Buzz|p2a: RUMBLING RUMBLING\n|-resisted|p2a: RUMBLING RUMBLING\n|-damage|p2a: RUMBLING RUMBLING|51\/100 par\n|move|p2a: RUMBLING RUMBLING|Heavy Slam|p1a: Galvantula\n|-resisted|p1a: Galvantula\n|-damage|p1a: Galvantula|0 fnt\n|faint|p1a: Galvantula\n|\n|upkeep\n|\n|t:|1699927159\n|switch|p1a: Colmilargo|Great Tusk|100\/100\n|-damage|p1a: Colmilargo|98\/100|[from] Stealth Rock\n|turn|9\n|\n|t:|1699927162\n|move|p1a: Colmilargo|Rapid Spin|p2a: RUMBLING RUMBLING\n|-resisted|p2a: RUMBLING RUMBLING\n|-damage|p2a: RUMBLING RUMBLING|50\/100 par\n|-boost|p1a: Colmilargo|spe|1\n|-sideend|p1: Gomaito|Stealth Rock|[from] move: Rapid Spin|[of] p1a: Colmilargo\n|move|p2a: RUMBLING RUMBLING|Toxic|p1a: Colmilargo\n|-status|p1a: Colmilargo|tox\n|\n|-heal|p1a: Colmilargo|100\/100 tox|[from] item: Leftovers\n|-damage|p1a: Colmilargo|94\/100 tox|[from] psn\n|-sideend|p2: SukunaIsTheGoat|move: Aurora Veil\n|upkeep\n|turn|10\n|\n|t:|1699927171\n|move|p1a: Colmilargo|Body Press|p2a: RUMBLING RUMBLING\n|-supereffective|p2a: RUMBLING RUMBLING\n|-damage|p2a: RUMBLING RUMBLING|18\/100 par\n|cant|p2a: RUMBLING RUMBLING|par\n|\n|-heal|p1a: Colmilargo|100\/100 tox|[from] item: Leftovers\n|-damage|p1a: Colmilargo|88\/100 tox|[from] psn\n|upkeep\n|turn|11\n|\n|t:|1699927177\n|move|p1a: Colmilargo|Body Press|p2a: RUMBLING RUMBLING\n|-supereffective|p2a: RUMBLING RUMBLING\n|-damage|p2a: RUMBLING RUMBLING|0 fnt\n|faint|p2a: RUMBLING RUMBLING\n|\n|-heal|p1a: Colmilargo|94\/100 tox|[from] item: Leftovers\n|-damage|p1a: Colmilargo|76\/100 tox|[from] psn\n|upkeep\n|\n|t:|1699927184\n|switch|p2a: general zawg|Ninetales-Alola, F|100\/100 par\n|-activate|p2a: general zawg|move: Sticky Web\n|-unboost|p2a: general zawg|spe|1\n|-weather|Snow|[from] ability: Snow Warning|[of] p2a: general zawg\n|turn|12\n|\n|t:|1699927189\n|move|p1a: Colmilargo|Knock Off|p2a: general zawg\n|-resisted|p2a: general zawg\n|-damage|p2a: general zawg|88\/100 par\n|-enditem|p2a: general zawg|Light Clay|[from] move: Knock Off|[of] p1a: Colmilargo\n|move|p2a: general zawg|Aurora Veil|p2a: general zawg\n|-sidestart|p2: SukunaIsTheGoat|move: Aurora Veil\n|\n|-weather|Snow|[upkeep]\n|-heal|p1a: Colmilargo|82\/100 tox|[from] item: Leftovers\n|-damage|p1a: Colmilargo|57\/100 tox|[from] psn\n|upkeep\n|turn|13\n|\n|t:|1699927199\n|move|p2a: general zawg|Freeze-Dry|p1a: Colmilargo\n|-supereffective|p1a: Colmilargo\n|-damage|p1a: Colmilargo|2\/100 tox\n|move|p1a: Colmilargo|Roar|p2a: general zawg\n|drag|p2a: CROW KAW KAW|Necrozma|100\/100\n|-activate|p2a: CROW KAW KAW|move: Sticky Web\n|-unboost|p2a: CROW KAW KAW|spe|1\n|\n|-weather|Snow|[upkeep]\n|-heal|p1a: Colmilargo|8\/100 tox|[from] item: Leftovers\n|-damage|p1a: Colmilargo|0 fnt|[from] psn\n|faint|p1a: Colmilargo\n|-end|p1a: Colmilargo|Protosynthesis|[silent]\n|upkeep\n|\n|t:|1699927206\n|switch|p1a: Cinderace|Cinderace, F|100\/100\n|turn|14\n|\n|t:|1699927211\n|move|p1a: Cinderace|U-turn|p2a: CROW KAW KAW\n|-start|p1a: Cinderace|typechange|Bug|[from] ability: Libero\n|-supereffective|p2a: CROW KAW KAW\n|-damage|p2a: CROW KAW KAW|65\/100\n|-enditem|p2a: CROW KAW KAW|Weakness Policy\n|-boost|p2a: CROW KAW KAW|atk|2|[from] item: Weakness Policy\n|-boost|p2a: CROW KAW KAW|spa|2|[from] item: Weakness Policy\n|-damage|p1a: Cinderace|91\/100|[from] item: Life Orb\n|\n|t:|1699927220\n|switch|p1a: Porygon2|Porygon2|100\/100|[from] U-turn\n|-ability|p1a: Porygon2|Prism Armor|[from] ability: Trace|[of] p2a: CROW KAW KAW\n|move|p2a: CROW KAW KAW|Dragon Dance|p2a: CROW KAW KAW\n|-boost|p2a: CROW KAW KAW|atk|1\n|-boost|p2a: CROW KAW KAW|spe|1\n|\n|-weather|Snow|[upkeep]\n|upkeep\n|turn|15\n|\n|t:|1699927231\n|move|p2a: CROW KAW KAW|Dragon Dance|p2a: CROW KAW KAW\n|-boost|p2a: CROW KAW KAW|atk|1\n|-boost|p2a: CROW KAW KAW|spe|1\n|move|p1a: Porygon2|Toxic|p2a: CROW KAW KAW\n|-status|p2a: CROW KAW KAW|tox\n|\n|-weather|Snow|[upkeep]\n|-damage|p2a: CROW KAW KAW|59\/100 tox|[from] psn\n|upkeep\n|turn|16\n|\n|t:|1699927245\n|move|p2a: CROW KAW KAW|Photon Geyser|p1a: Porygon2\n|-damage|p1a: Porygon2|0 fnt\n|faint|p1a: Porygon2\n|\n|-weather|none\n|-damage|p2a: CROW KAW KAW|47\/100 tox|[from] psn\n|-sideend|p2: SukunaIsTheGoat|move: Aurora Veil\n|upkeep\n|\n|t:|1699927255\n|switch|p1a: Hydreigon|Hydreigon, M|100\/100\n|turn|17\n|\n|t:|1699927259\n|move|p2a: CROW KAW KAW|X-Scissor|p1a: Hydreigon\n|-supereffective|p1a: Hydreigon\n|-damage|p1a: Hydreigon|0 fnt\n|faint|p1a: Hydreigon\n|\n|-damage|p2a: CROW KAW KAW|29\/100 tox|[from] psn\n|upkeep\n|\n|t:|1699927268\n|switch|p1a: Aegislash|Aegislash, M|100\/100\n|turn|18\n|\n|t:|1699927270\n|move|p1a: Aegislash|King's Shield|p1a: Aegislash\n|-singleturn|p1a: Aegislash|Protect\n|move|p2a: CROW KAW KAW|Earthquake|p1a: Aegislash\n|-activate|p1a: Aegislash|move: Protect\n|\n|-damage|p2a: CROW KAW KAW|5\/100 tox|[from] psn\n|upkeep\n|turn|19\n|\n|t:|1699927280\n|-formechange|p1a: Aegislash|Aegislash-Blade||[from] ability: Stance Change\n|move|p1a: Aegislash|Shadow Sneak|p2a: CROW KAW KAW\n|-supereffective|p2a: CROW KAW KAW\n|-damage|p2a: CROW KAW KAW|0 fnt\n|faint|p2a: CROW KAW KAW\n|\n|upkeep\n|\n|t:|1699927284\n|switch|p2a: dorgon|Charizard, M|100\/100\n|turn|20\n|\n|t:|1699927293\n|-formechange|p1a: Aegislash|Aegislash||[from] ability: Stance Change\n|move|p1a: Aegislash|King's Shield|p1a: Aegislash\n|-singleturn|p1a: Aegislash|Protect\n|move|p2a: dorgon|Scorching Sands|p1a: Aegislash\n|-activate|p1a: Aegislash|move: Protect\n|\n|upkeep\n|turn|21\n|\n|t:|1699927304\n|-terastallize|p1a: Aegislash|Ghost\n|move|p2a: dorgon|Scorching Sands|p1a: Aegislash\n|-damage|p1a: Aegislash|83\/100\n|move|p1a: Aegislash|Swords Dance|p1a: Aegislash\n|-boost|p1a: Aegislash|atk|2\n|\n|upkeep\n|turn|22\n|\n|t:|1699927315\n|move|p2a: dorgon|Fire Blast|p1a: Aegislash\n|-damage|p1a: Aegislash|44\/100\n|-formechange|p1a: Aegislash|Aegislash-Blade||[from] ability: Stance Change\n|move|p1a: Aegislash|Iron Head|p2a: dorgon\n|-resisted|p2a: dorgon\n|-damage|p2a: dorgon|38\/100\n|\n|upkeep\n|turn|23\n|\n|t:|1699927324\n|move|p1a: Aegislash|Shadow Sneak|p2a: dorgon\n|-damage|p2a: dorgon|0 fnt\n|faint|p2a: dorgon\n|\n|upkeep\n|\n|t:|1699927333\n|switch|p2a: seaman|Garganacl, M, shiny|100\/100\n|-activate|p2a: seaman|move: Sticky Web\n|-unboost|p2a: seaman|spe|1\n|turn|24\n|\n|t:|1699927338\n|move|p1a: Aegislash|Iron Head|p2a: seaman\n|-supereffective|p2a: seaman\n|-damage|p2a: seaman|0 fnt\n|faint|p2a: seaman\n|\n|upkeep\n|\n|t:|1699927341\n|switch|p2a: rat sniffer|Sneasler, M|100\/100\n|turn|25\n|\n|t:|1699927353\n|-formechange|p1a: Aegislash|Aegislash||[from] ability: Stance Change\n|move|p1a: Aegislash|King's Shield|p1a: Aegislash\n|-singleturn|p1a: Aegislash|Protect\n|move|p2a: rat sniffer|U-turn|p1a: Aegislash\n|-activate|p1a: Aegislash|move: Protect\n|-unboost|p2a: rat sniffer|atk|1\n|\n|upkeep\n|turn|26\n|\n|t:|1699927363\n|move|p2a: rat sniffer|U-turn|p1a: Aegislash\n|-resisted|p1a: Aegislash\n|-damage|p1a: Aegislash|38\/100\n|\n|t:|1699927366\n|switch|p2a: general zawg|Ninetales-Alola, F|88\/100 par|[from] U-turn\n|-activate|p2a: general zawg|move: Sticky Web\n|-unboost|p2a: general zawg|spe|1\n|-weather|Snow|[from] ability: Snow Warning|[of] p2a: general zawg\n|-formechange|p1a: Aegislash|Aegislash-Blade||[from] ability: Stance Change\n|move|p1a: Aegislash|Iron Head|p2a: general zawg\n|-supereffective|p2a: general zawg\n|-damage|p2a: general zawg|0 fnt\n|faint|p2a: general zawg\n|\n|-weather|Snow|[upkeep]\n|upkeep\n|\n|t:|1699927372\n|switch|p2a: rat sniffer|Sneasler, M|100\/100\n|turn|27\n|\n|t:|1699927381\n|-formechange|p1a: Aegislash|Aegislash||[from] ability: Stance Change\n|move|p1a: Aegislash|King's Shield|p1a: Aegislash\n|-singleturn|p1a: Aegislash|Protect\n|move|p2a: rat sniffer|Dire Claw|p1a: Aegislash\n|-activate|p1a: Aegislash|move: Protect\n|-unboost|p2a: rat sniffer|atk|1\n|\n|-weather|Snow|[upkeep]\n|upkeep\n|turn|28\n|\n|t:|1699927393\n|move|p2a: rat sniffer|Dire Claw|p1a: Aegislash\n|-resisted|p1a: Aegislash\n|-damage|p1a: Aegislash|27\/100\n|-formechange|p1a: Aegislash|Aegislash-Blade||[from] ability: Stance Change\n|move|p1a: Aegislash|Iron Head|p2a: rat sniffer\n|-damage|p2a: rat sniffer|0 fnt\n|faint|p2a: rat sniffer\n|\n|win|Gomaito\n|raw|Gomaito's rating: 1208 &rarr; <strong>1236<\/strong><br \/>(+28 for winning)\n|raw|SukunaIsTheGoat's rating: 1249 &rarr; <strong>1221<\/strong><br \/>(-28 for losing)\n|l|\u2606SukunaIsTheGoat\n","uploadtime":1699927516,"views":18,"p1id":"gomaito","p2id":"sukunaisthegoat","formatid":"gen9nationaldex","rating":1221,"private":0,"password":""}