{"id":"gen9nationaldex-1998856459","p1":"suib1anWanWan","p2":"evenhot","format":"[Gen 9] National Dex","log":"|html|<div class=\"broadcast-blue\"><strong>[Gen 9] National Dex is currently suspecting Sneasler! For information on how to participate check out the <a href=\"https:\/\/www.smogon.com\/forums\/threads\/sv-national-dex-suspect-8-just-dance.3731534\/\">suspect thread<\/a>.<\/strong><\/div>\n|j|\u2606suib1anWanWan\n|j|\u2606evenhot\n|t:|1701003988\n|gametype|singles\n|player|p1|suib1anWanWan|266|1487\n|player|p2|evenhot|irida|1563\n|teamsize|p1|6\n|teamsize|p2|6\n|gen|9\n|tier|[Gen 9] National Dex\n|rated|\n|rule|HP Percentage Mod: HP is shown in percentages\n|rule|Endless Battle Clause: Forcing endless battles is banned\n|rule|OHKO Clause: OHKO moves are banned\n|rule|Evasion Clause: Evasion abilities, items, and moves are banned\n|rule|Evasion Abilities Clause: Evasion abilities are banned\n|rule|Evasion Items Clause: Evasion items are banned\n|rule|Evasion Moves Clause: Evasion moves are banned\n|rule|Species Clause: Limit one of each Pok\u00e9mon\n|rule|Sleep Clause Mod: Limit one foe put to sleep\n|clearpoke\n|poke|p1|Rillaboom, F|\n|poke|p1|Heatran, M|\n|poke|p1|Urshifu-*, M|\n|poke|p1|Slowking-Galar, F|\n|poke|p1|Thundurus-Therian, M|\n|poke|p1|Weezing-Galar, F|\n|poke|p2|Dragonite, M|\n|poke|p2|Diancie|\n|poke|p2|Clodsire, F|\n|poke|p2|Moltres|\n|poke|p2|Hoopa-Unbound|\n|poke|p2|Scizor, M|\n|teampreview\n|inactive|Battle timer is ON: inactive players will automatically lose when time's up. (requested by evenhot)\n|inactive|suib1anWanWan also wants the timer to be on.\n|\n|t:|1701004011\n|start\n|switch|p1a: Thundurus|Thundurus-Therian, M|100\/100\n|switch|p2a: Clodsire|Clodsire, F|100\/100\n|turn|1\n|\n|t:|1701004021\n|switch|p1a: Slowking|Slowking-Galar, F|100\/100\n|move|p2a: Clodsire|Spikes|p1a: Slowking\n|-sidestart|p1: suib1anWanWan|Spikes\n|\n|upkeep\n|turn|2\n|\n|t:|1701004028\n|move|p2a: Clodsire|Spikes|p1a: Slowking\n|-sidestart|p1: suib1anWanWan|Spikes\n|move|p1a: Slowking|Chilly Reception|p1a: Slowking\n|-weather|Snow\n|\n|t:|1701004032\n|switch|p1a: Weezing|Weezing-Galar, F|100\/100|[from] Chilly Reception\n|-ability|p1a: Weezing|Neutralizing Gas\n|-damage|p1a: Weezing|84\/100|[from] Spikes\n|\n|-weather|Snow|[upkeep]\n|-heal|p1a: Weezing|90\/100|[from] item: Leftovers\n|upkeep\n|turn|3\n|\n|t:|1701004047\n|move|p1a: Weezing|Will-O-Wisp|p2a: Clodsire\n|-status|p2a: Clodsire|brn\n|move|p2a: Clodsire|Earthquake|p1a: Weezing\n|-supereffective|p1a: Weezing\n|-damage|p1a: Weezing|72\/100\n|\n|-weather|Snow|[upkeep]\n|-heal|p1a: Weezing|78\/100|[from] item: Leftovers\n|-damage|p2a: Clodsire|94\/100 brn|[from] brn\n|upkeep\n|turn|4\n|\n|t:|1701004058\n|switch|p2a: Diancie|Diancie, shiny|100\/100\n|move|p1a: Weezing|Defog|p2a: Diancie\n|-unboost|p2a: Diancie|evasion|1\n|-sideend|p1: suib1anWanWan|Spikes|[from] move: Defog|[of] p1a: Weezing\n|\n|-weather|Snow|[upkeep]\n|-heal|p1a: Weezing|84\/100|[from] item: Leftovers\n|upkeep\n|turn|5\n|inactive|evenhot has 120 seconds left.\n|\n|t:|1701004091\n|-end|p1a: Weezing|ability: Neutralizing Gas\n|switch|p1a: Slowking|Slowking-Galar, F|100\/100\n|detailschange|p2a: Diancie|Diancie-Mega, shiny\n|-mega|p2a: Diancie|Diancie|Diancite\n|move|p2a: Diancie|Earth Power|p1a: Slowking\n|-supereffective|p1a: Slowking\n|-damage|p1a: Slowking|51\/100\n|\n|-weather|Snow|[upkeep]\n|upkeep\n|turn|6\n|inactive|evenhot has 120 seconds left.\n|\n|t:|1701004106\n|move|p2a: Diancie|Diamond Storm|p1a: Slowking|[miss]\n|-miss|p2a: Diancie|p1a: Slowking\n|move|p1a: Slowking|Thunder Wave|p2a: Diancie\n|move|p2a: Diancie|Thunder Wave|p1a: Slowking|[from]ability: Magic Bounce\n|-status|p1a: Slowking|par\n|\n|-weather|none\n|upkeep\n|turn|7\n|inactive|evenhot has 120 seconds left.\n|\n|t:|1701004120\n|switch|p1a: Rillaboom|Rillaboom, F|100\/100\n|-fieldstart|move: Grassy Terrain|[from] ability: Grassy Surge|[of] p1a: Rillaboom\n|move|p2a: Diancie|Diamond Storm|p1a: Rillaboom\n|-damage|p1a: Rillaboom|43\/100\n|-boost|p2a: Diancie|def|2\n|\n|-heal|p1a: Rillaboom|49\/100|[from] Grassy Terrain\n|upkeep\n|turn|8\n|\n|t:|1701004128\n|switch|p2a: Moltres|Moltres, shiny|100\/100\n|move|p1a: Rillaboom|Grassy Glide|p2a: Moltres\n|-resisted|p2a: Moltres\n|-damage|p2a: Moltres|90\/100\n|\n|-heal|p1a: Rillaboom|56\/100|[from] Grassy Terrain\n|upkeep\n|turn|9\n|\n|t:|1701004132\n|switch|p1a: Slowking|Slowking-Galar, F|84\/100 par\n|move|p2a: Moltres|U-turn|p1a: Slowking\n|-damage|p1a: Slowking|72\/100 par\n|\n|t:|1701004146\n|switch|p2a: Scizor|Scizor, M|100\/100|[from] U-turn\n|\n|-heal|p1a: Slowking|78\/100 par|[from] Grassy Terrain\n|upkeep\n|turn|10\n|\n|t:|1701004150\n|move|p2a: Scizor|Knock Off|p1a: Slowking\n|-supereffective|p1a: Slowking\n|-damage|p1a: Slowking|0 fnt\n|-enditem|p1a: Slowking|Heavy-Duty Boots|[from] move: Knock Off|[of] p2a: Scizor\n|faint|p1a: Slowking\n|\n|upkeep\n|\n|t:|1701004158\n|switch|p1a: Heatran|Heatran, M|100\/100\n|turn|11\n|\n|t:|1701004162\n|switch|p2a: Clodsire|Clodsire, F|94\/100 brn\n|move|p1a: Heatran|Magma Storm|p2a: Clodsire\n|-damage|p2a: Clodsire|73\/100 brn\n|-activate|p2a: Clodsire|move: Magma Storm|[of] p1a: Heatran\n|\n|-heal|p2a: Clodsire|79\/100 brn|[from] Grassy Terrain\n|-heal|p2a: Clodsire|85\/100 brn|[from] item: Leftovers\n|-damage|p2a: Clodsire|79\/100 brn|[from] brn\n|-damage|p2a: Clodsire|66\/100 brn|[from] move: Magma Storm|[partiallytrapped]\n|-fieldend|move: Grassy Terrain\n|upkeep\n|turn|12\n|\n|t:|1701004171\n|move|p1a: Heatran|Earth Power|p2a: Clodsire\n|-supereffective|p2a: Clodsire\n|-damage|p2a: Clodsire|39\/100 brn\n|move|p2a: Clodsire|Earthquake|p1a: Heatran\n|-supereffective|p1a: Heatran\n|-damage|p1a: Heatran|52\/100\n|\n|-heal|p1a: Heatran|59\/100|[from] item: Leftovers\n|-heal|p2a: Clodsire|45\/100 brn|[from] item: Leftovers\n|-damage|p2a: Clodsire|39\/100 brn|[from] brn\n|-damage|p2a: Clodsire|26\/100 brn|[from] move: Magma Storm|[partiallytrapped]\n|upkeep\n|turn|13\n|\n|t:|1701004185\n|move|p1a: Heatran|Earth Power|p2a: Clodsire\n|-supereffective|p2a: Clodsire\n|-damage|p2a: Clodsire|0 fnt\n|faint|p2a: Clodsire\n|\n|-heal|p1a: Heatran|65\/100|[from] item: Leftovers\n|upkeep\n|\n|t:|1701004200\n|switch|p2a: Dragonite|Dragonite, M|100\/100\n|turn|14\n|\n|t:|1701004206\n|switch|p1a: Weezing|Weezing-Galar, F|84\/100\n|-ability|p1a: Weezing|Neutralizing Gas\n|move|p2a: Dragonite|Dragon Dance|p2a: Dragonite\n|-boost|p2a: Dragonite|atk|1\n|-boost|p2a: Dragonite|spe|1\n|\n|-heal|p1a: Weezing|90\/100|[from] item: Leftovers\n|upkeep\n|turn|15\n|\n|t:|1701004213\n|-end|p1a: Weezing|ability: Neutralizing Gas\n|switch|p1a: Rillaboom|Rillaboom, F|56\/100\n|-fieldstart|move: Grassy Terrain|[from] ability: Grassy Surge|[of] p1a: Rillaboom\n|-zpower|p2a: Dragonite\n|move|p2a: Dragonite|Supersonic Skystrike|p1a: Rillaboom|[zeffect]\n|-supereffective|p1a: Rillaboom\n|-damage|p1a: Rillaboom|0 fnt\n|faint|p1a: Rillaboom\n|\n|upkeep\n|\n|t:|1701004218\n|switch|p1a: Weezing|Weezing-Galar, F|90\/100\n|-ability|p1a: Weezing|Neutralizing Gas\n|turn|16\n|\n|t:|1701004221\n|move|p2a: Dragonite|Earthquake|p1a: Weezing\n|-supereffective|p1a: Weezing\n|-damage|p1a: Weezing|50\/100\n|move|p1a: Weezing|Will-O-Wisp|p2a: Dragonite\n|-status|p2a: Dragonite|brn\n|\n|-heal|p1a: Weezing|56\/100|[from] Grassy Terrain\n|-heal|p1a: Weezing|62\/100|[from] item: Leftovers\n|-damage|p2a: Dragonite|94\/100 brn|[from] brn\n|upkeep\n|turn|17\n|\n|t:|1701004232\n|move|p2a: Dragonite|Dragon Dance|p2a: Dragonite\n|-boost|p2a: Dragonite|atk|1\n|-boost|p2a: Dragonite|spe|1\n|move|p1a: Weezing|Strange Steam|p2a: Dragonite\n|-supereffective|p2a: Dragonite\n|-damage|p2a: Dragonite|39\/100 brn\n|\n|-heal|p1a: Weezing|68\/100|[from] Grassy Terrain\n|-heal|p1a: Weezing|74\/100|[from] item: Leftovers\n|-damage|p2a: Dragonite|32\/100 brn|[from] brn\n|upkeep\n|turn|18\n|\n|t:|1701004240\n|move|p2a: Dragonite|Extreme Speed|p1a: Weezing\n|-damage|p1a: Weezing|54\/100\n|move|p1a: Weezing|Strange Steam|p2a: Dragonite\n|-supereffective|p2a: Dragonite\n|-damage|p2a: Dragonite|0 fnt\n|faint|p2a: Dragonite\n|\n|-heal|p1a: Weezing|60\/100|[from] Grassy Terrain\n|-heal|p1a: Weezing|66\/100|[from] item: Leftovers\n|upkeep\n|\n|t:|1701004249\n|switch|p2a: Hoopa|Hoopa-Unbound|100\/100\n|turn|19\n|\n|t:|1701004256\n|-end|p1a: Weezing|ability: Neutralizing Gas\n|switch|p1a: Heatran|Heatran, M|65\/100\n|move|p2a: Hoopa|Trick|p1a: Heatran\n|-activate|p2a: Hoopa|move: Trick|[of] p1a: Heatran\n|-item|p1a: Heatran|Choice Scarf|[from] move: Trick\n|-item|p2a: Hoopa|Leftovers|[from] move: Trick\n|\n|-heal|p1a: Heatran|71\/100|[from] Grassy Terrain\n|-fieldend|move: Grassy Terrain\n|upkeep\n|turn|20\n|\n|t:|1701004274\n|move|p1a: Heatran|Magma Storm|p2a: Hoopa|[miss]\n|-miss|p1a: Heatran|p2a: Hoopa\n|move|p2a: Hoopa|Nasty Plot|p2a: Hoopa\n|-boost|p2a: Hoopa|spa|2\n|\n|upkeep\n|turn|21\n|\n|t:|1701004279\n|move|p1a: Heatran|Magma Storm|p2a: Hoopa|[miss]\n|-miss|p1a: Heatran|p2a: Hoopa\n|move|p2a: Hoopa|Psyshock|p1a: Heatran\n|-resisted|p1a: Heatran\n|-damage|p1a: Heatran|27\/100\n|\n|upkeep\n|turn|22\n|\n|t:|1701004283\n|move|p1a: Heatran|Magma Storm|p2a: Hoopa\n|-damage|p2a: Hoopa|63\/100\n|-activate|p2a: Hoopa|move: Magma Storm|[of] p1a: Heatran\n|move|p2a: Hoopa|Psyshock|p1a: Heatran\n|-resisted|p1a: Heatran\n|-damage|p1a: Heatran|0 fnt\n|faint|p1a: Heatran\n|\n|-heal|p2a: Hoopa|69\/100|[from] item: Leftovers\n|-end|p2a: Hoopa|Magma Storm|[partiallytrapped]|[silent]\n|upkeep\n|\n|t:|1701004288\n|switch|p1a: Urshifu|Urshifu-Rapid-Strike, M|100\/100\n|turn|23\n|\n|t:|1701004307\n|switch|p2a: Scizor|Scizor, M|100\/100\n|-terastallize|p1a: Urshifu|Water\n|move|p1a: Urshifu|Surging Strikes|p2a: Scizor\n|-crit|p2a: Scizor\n|-damage|p2a: Scizor|53\/100\n|-crit|p2a: Scizor\n|-damage|p2a: Scizor|8\/100\n|-crit|p2a: Scizor\n|-damage|p2a: Scizor|0 fnt\n|faint|p2a: Scizor\n|-hitcount|p2: Scizor|3\n|\n|upkeep\n|\n|t:|1701004310\n|switch|p2a: Moltres|Moltres, shiny|90\/100\n|turn|24\n|\n|t:|1701004322\n|switch|p1a: Thundurus|Thundurus-Therian, M|100\/100\n|-terastallize|p2a: Moltres|Grass\n|move|p2a: Moltres|Flamethrower|p1a: Thundurus\n|-damage|p1a: Thundurus|52\/100\n|\n|upkeep\n|turn|25\n|inactive|suib1anWanWan has 120 seconds left.\n|\n|t:|1701004374\n|switch|p2a: Diancie|Diancie-Mega, shiny|100\/100\n|move|p1a: Thundurus|Volt Switch|p2a: Diancie\n|-damage|p2a: Diancie|44\/100\n|\n|t:|1701004383\n|switch|p1a: Urshifu|Urshifu-Rapid-Strike, M, tera:Water|100\/100|[from] Volt Switch\n|\n|upkeep\n|turn|26\n|\n|t:|1701004386\n|move|p1a: Urshifu|Aqua Jet|p2a: Diancie\n|-supereffective|p2a: Diancie\n|-damage|p2a: Diancie|0 fnt\n|faint|p2a: Diancie\n|\n|upkeep\n|\n|t:|1701004394\n|switch|p2a: Moltres|Moltres, shiny, tera:Grass|90\/100\n|turn|27\n|\n|t:|1701004399\n|switch|p1a: Weezing|Weezing-Galar, F|66\/100\n|-ability|p1a: Weezing|Neutralizing Gas\n|move|p2a: Moltres|U-turn|p1a: Weezing\n|-resisted|p1a: Weezing\n|-damage|p1a: Weezing|64\/100\n|\n|t:|1701004402\n|switch|p2a: Hoopa|Hoopa-Unbound|69\/100|[from] U-turn\n|\n|-heal|p2a: Hoopa|75\/100|[from] item: Leftovers\n|-heal|p1a: Weezing|70\/100|[from] item: Leftovers\n|upkeep\n|turn|28\n|\n|t:|1701004412\n|move|p2a: Hoopa|Psyshock|p1a: Weezing\n|-supereffective|p1a: Weezing\n|-damage|p1a: Weezing|9\/100\n|move|p1a: Weezing|Strange Steam|p2a: Hoopa\n|-supereffective|p2a: Hoopa\n|-damage|p2a: Hoopa|29\/100\n|\n|-heal|p2a: Hoopa|35\/100|[from] item: Leftovers\n|-heal|p1a: Weezing|15\/100|[from] item: Leftovers\n|upkeep\n|turn|29\n|\n|t:|1701004424\n|move|p2a: Hoopa|Psyshock|p1a: Weezing\n|-supereffective|p1a: Weezing\n|-damage|p1a: Weezing|0 fnt\n|faint|p1a: Weezing\n|-end|p1a: Weezing|ability: Neutralizing Gas\n|\n|-heal|p2a: Hoopa|41\/100|[from] item: Leftovers\n|upkeep\n|\n|t:|1701004425\n|switch|p1a: Urshifu|Urshifu-Rapid-Strike, M, tera:Water|100\/100\n|turn|30\n|\n|t:|1701004435\n|move|p1a: Urshifu|U-turn|p2a: Hoopa\n|-supereffective|p2a: Hoopa\n|-damage|p2a: Hoopa|0 fnt\n|faint|p2a: Hoopa\n|\n|t:|1701004437\n|switch|p1a: Thundurus|Thundurus-Therian, M|52\/100|[from] U-turn\n|\n|upkeep\n|l|\u2606evenhot\n|inactive|evenhot disconnected and has a minute to reconnect!\n|player|p2|\n|j|\u2606evenhot\n|inactive|evenhot reconnected and has 135 seconds left.\n|player|p2|evenhot|irida\n|\n|t:|1701004463\n|switch|p2a: Moltres|Moltres, shiny, tera:Grass|90\/100\n|turn|31\n|\n|t:|1701004466\n|move|p1a: Thundurus|Hidden Power|p2a: Moltres\n|-supereffective|p2a: Moltres\n|-damage|p2a: Moltres|45\/100\n|move|p2a: Moltres|Flamethrower|p1a: Thundurus\n|-damage|p1a: Thundurus|1\/100\n|\n|upkeep\n|turn|32\n|\n|t:|1701004471\n|move|p1a: Thundurus|Hidden Power|p2a: Moltres\n|-supereffective|p2a: Moltres\n|-damage|p2a: Moltres|0 fnt\n|faint|p2a: Moltres\n|\n|win|suib1anWanWan\n|raw|suib1anWanWan's rating: 1487 &rarr; <strong>1511<\/strong><br \/>(+24 for winning)\n|raw|evenhot's rating: 1563 &rarr; <strong>1539<\/strong><br \/>(-24 for losing)\n|l|\u2606evenhot\n","uploadtime":1701004478,"views":10,"p1id":"suib1anwanwan","p2id":"evenhot","formatid":"gen9nationaldex","rating":1511,"private":0,"password":""}