{"id":"gen9nationaldex-1994861725","p1":"kilatas","p2":"AlastorTheOverlord","format":"[Gen 9] National Dex","log":"|html|<div class=\"broadcast-blue\"><strong>[Gen 9] National Dex is currently suspecting Sneasler! For information on how to participate check out the <a href=\"https:\/\/www.smogon.com\/forums\/threads\/sv-national-dex-suspect-8-just-dance.3731534\/\">suspect thread<\/a>.<\/strong><\/div>\n|j|\u2606kilatas\n|j|\u2606AlastorTheOverlord\n|t:|1700499535\n|gametype|singles\n|player|p1|kilatas|picnicker|1068\n|player|p2|AlastorTheOverlord|n|1121\n|teamsize|p1|6\n|teamsize|p2|6\n|gen|9\n|tier|[Gen 9] National Dex\n|rated|\n|rule|HP Percentage Mod: HP is shown in percentages\n|rule|Endless Battle Clause: Forcing endless battles is banned\n|rule|OHKO Clause: OHKO moves are banned\n|rule|Evasion Clause: Evasion abilities, items, and moves are banned\n|rule|Evasion Abilities Clause: Evasion abilities are banned\n|rule|Evasion Items Clause: Evasion items are banned\n|rule|Evasion Moves Clause: Evasion moves are banned\n|rule|Species Clause: Limit one of each Pok\u00e9mon\n|rule|Sleep Clause Mod: Limit one foe put to sleep\n|clearpoke\n|poke|p1|Ambipom, M|\n|poke|p1|Meowscarada, F|\n|poke|p1|Tauros, M|\n|poke|p1|Porygon-Z|\n|poke|p1|Glalie, M|\n|poke|p1|Klinklang|\n|poke|p2|Greninja-*, M|\n|poke|p2|Garchomp, M|\n|poke|p2|Chandelure, M|\n|poke|p2|Azumarill, M|\n|poke|p2|Aegislash, F|\n|poke|p2|Talonflame, F|\n|teampreview\n|inactive|Battle timer is ON: inactive players will automatically lose when time's up. (requested by AlastorTheOverlord)\n|\n|t:|1700499565\n|start\n|switch|p1a: Shape Tool > Oval|Porygon-Z, shiny|100\/100\n|switch|p2a: Talonflame|Talonflame, F|100\/100\n|turn|1\n|\n|t:|1700499574\n|move|p2a: Talonflame|Flare Blitz|p1a: Shape Tool > Oval\n|-crit|p1a: Shape Tool > Oval\n|-damage|p1a: Shape Tool > Oval|0 fnt\n|faint|p1a: Shape Tool > Oval\n|-damage|p2a: Talonflame|66\/100|[from] Recoil\n|\n|upkeep\n|\n|t:|1700499579\n|switch|p1a: Milk me good|Tauros, M|100\/100\n|turn|2\n|\n|t:|1700499583\n|move|p2a: Talonflame|Brave Bird|p1a: Milk me good\n|-damage|p1a: Milk me good|49\/100\n|-damage|p2a: Talonflame|49\/100|[from] Recoil\n|move|p1a: Milk me good|Rock Climb|p2a: Talonflame|[miss]\n|-miss|p1a: Milk me good|p2a: Talonflame\n|\n|upkeep\n|turn|3\n|\n|t:|1700499603\n|move|p2a: Talonflame|Brave Bird|p1a: Milk me good\n|-damage|p1a: Milk me good|0 fnt\n|faint|p1a: Milk me good\n|-damage|p2a: Talonflame|34\/100|[from] Recoil\n|\n|upkeep\n|\n|t:|1700499609\n|switch|p1a: MONKE HIT!|Ambipom, M|100\/100\n|turn|4\n|\n|t:|1700499615\n|-terastallize|p1a: MONKE HIT!|Normal\n|move|p1a: MONKE HIT!|Fake Out|p2a: Talonflame\n|-damage|p2a: Talonflame|0 fnt\n|faint|p2a: Talonflame\n|\n|upkeep\n|\n|t:|1700499626\n|switch|p2a: Azumarill|Azumarill, M|100\/100\n|turn|5\n|\n|t:|1700499631\n|move|p1a: MONKE HIT!|Last Resort|p2a: Azumarill\n|-damage|p2a: Azumarill|0 fnt\n|faint|p2a: Azumarill\n|\n|upkeep\n|\n|t:|1700499640\n|switch|p2a: Aegislash|Aegislash, F|100\/100\n|turn|6\n|\n|t:|1700499645\n|switch|p1a: Parsley moment|Meowscarada, F, shiny|100\/100\n|move|p2a: Aegislash|Swords Dance|p2a: Aegislash\n|-boost|p2a: Aegislash|atk|2\n|\n|upkeep\n|turn|7\n|\n|t:|1700499651\n|move|p1a: Parsley moment|Night Slash|p2a: Aegislash\n|-start|p1a: Parsley moment|typechange|Dark|[from] ability: Protean\n|-supereffective|p2a: Aegislash\n|-damage|p2a: Aegislash|40\/100\n|-formechange|p2a: Aegislash|Aegislash-Blade||[from] ability: Stance Change\n|move|p2a: Aegislash|Sacred Sword|p1a: Parsley moment\n|-supereffective|p1a: Parsley moment\n|-damage|p1a: Parsley moment|0 fnt\n|faint|p1a: Parsley moment\n|\n|-heal|p2a: Aegislash|47\/100|[from] item: Leftovers\n|upkeep\n|\n|t:|1700499662\n|switch|p1a: inCOGnito|Klinklang, shiny|100\/100\n|-item|p1a: inCOGnito|Air Balloon\n|turn|8\n|\n|t:|1700499668\n|move|p1a: inCOGnito|Shift Gear|p1a: inCOGnito\n|-boost|p1a: inCOGnito|spe|2\n|-boost|p1a: inCOGnito|atk|1\n|move|p2a: Aegislash|Sacred Sword|p1a: inCOGnito\n|-supereffective|p1a: inCOGnito\n|-damage|p1a: inCOGnito|0 fnt\n|-enditem|p1a: inCOGnito|Air Balloon\n|faint|p1a: inCOGnito\n|\n|-heal|p2a: Aegislash|53\/100|[from] item: Leftovers\n|upkeep\n|\n|t:|1700499676\n|switch|p1a: Hangry|Glalie, M, shiny|100\/100\n|turn|9\n|\n|t:|1700499681\n|detailschange|p1a: Hangry|Glalie-Mega, M, shiny\n|-mega|p1a: Hangry|Glalie|Glalitite\n|move|p1a: Hangry|Earthquake|p2a: Aegislash\n|-supereffective|p2a: Aegislash\n|-damage|p2a: Aegislash|0 fnt\n|faint|p2a: Aegislash\n|\n|upkeep\n|\n|t:|1700499688\n|switch|p2a: Greninja|Greninja, M|100\/100\n|turn|10\n|\n|t:|1700499697\n|move|p2a: Greninja|Dark Pulse|p1a: Hangry\n|-start|p2a: Greninja|typechange|Dark|[from] ability: Protean\n|-damage|p1a: Hangry|38\/100\n|-damage|p2a: Greninja|91\/100|[from] item: Life Orb\n|move|p1a: Hangry|Freeze-Dry|p2a: Greninja\n|-damage|p2a: Greninja|44\/100\n|-status|p2a: Greninja|frz\n|\n|upkeep\n|turn|11\n|\n|t:|1700499709\n|-curestatus|p2a: Greninja|frz|[msg]\n|move|p2a: Greninja|Dark Pulse|p1a: Hangry\n|-damage|p1a: Hangry|0 fnt\n|faint|p1a: Hangry\n|-damage|p2a: Greninja|34\/100|[from] item: Life Orb\n|\n|upkeep\n|\n|t:|1700499713\n|switch|p1a: MONKE HIT!|Ambipom, M, tera:Normal|100\/100\n|turn|12\n|-message|kilatas forfeited.\n|\n|win|AlastorTheOverlord\n|raw|kilatas's rating: 1068 &rarr; <strong>1051<\/strong><br \/>(-17 for losing)\n|raw|AlastorTheOverlord's rating: 1121 &rarr; <strong>1142<\/strong><br \/>(+21 for winning)\n|l|\u2606kilatas\n","uploadtime":1700499725,"views":6,"p1id":"kilatas","p2id":"alastortheoverlord","formatid":"gen9nationaldex","rating":1051,"private":0,"password":""}