{"id":"gen9nationaldex-1989224554","p1":"AcursedPink","p2":"thisislife","format":"[Gen 9] National Dex","log":"|j|\u2606AcursedPink\n|j|\u2606thisislife\n|t:|1699825265\n|gametype|singles\n|player|p1|AcursedPink|veteran|\n|player|p2|thisislife|twins-gen4|\n|teamsize|p1|6\n|teamsize|p2|6\n|gen|9\n|tier|[Gen 9] National Dex\n|rule|HP Percentage Mod: HP is shown in percentages\n|rule|Endless Battle Clause: Forcing endless battles is banned\n|rule|OHKO Clause: OHKO moves are banned\n|rule|Evasion Clause: Evasion abilities, items, and moves are banned\n|rule|Evasion Abilities Clause: Evasion abilities are banned\n|rule|Evasion Items Clause: Evasion items are banned\n|rule|Evasion Moves Clause: Evasion moves are banned\n|rule|Species Clause: Limit one of each Pok\u00e9mon\n|rule|Sleep Clause Mod: Limit one foe put to sleep\n|clearpoke\n|poke|p1|Pelipper, M|\n|poke|p1|Azumarill, F|\n|poke|p1|Froslass, F|\n|poke|p1|Urshifu-*, F|\n|poke|p1|Tapu Koko|\n|poke|p1|Garchomp, M|\n|poke|p2|Skarmory, M|\n|poke|p2|Hippowdon, M|\n|poke|p2|Tapu Fini|\n|poke|p2|Meowscarada, M|\n|poke|p2|Victini|\n|poke|p2|Ampharos, M|\n|teampreview\n|\n|t:|1699825280\n|start\n|switch|p1a: The Rizzler|Pelipper, M|100\/100\n|switch|p2a: amp it up!|Ampharos, M|100\/100\n|-weather|RainDance|[from] ability: Drizzle|[of] p1a: The Rizzler\n|turn|1\n|\n|t:|1699825292\n|switch|p1a: Luna|Froslass, F, shiny|100\/100\n|detailschange|p2a: amp it up!|Ampharos-Mega, M\n|-mega|p2a: amp it up!|Ampharos|Ampharosite\n|-ability|p2a: amp it up!|Mold Breaker\n|move|p2a: amp it up!|Volt Switch|p1a: Luna\n|-damage|p1a: Luna|29\/100\n|\n|t:|1699825308\n|switch|p2a: person reference|Meowscarada, M|100\/100|[from] Volt Switch\n|\n|-weather|RainDance|[upkeep]\n|upkeep\n|turn|2\n|\n|t:|1699825317\n|move|p2a: person reference|Knock Off|p1a: Luna\n|-supereffective|p1a: Luna\n|-damage|p1a: Luna|0 fnt\n|-enditem|p1a: Luna|Focus Sash|[from] move: Knock Off|[of] p2a: person reference\n|faint|p1a: Luna\n|\n|-weather|RainDance|[upkeep]\n|upkeep\n|\n|t:|1699825327\n|switch|p1a: The Rizzler|Pelipper, M|100\/100\n|turn|3\n|\n|t:|1699825335\n|move|p2a: person reference|U-turn|p1a: The Rizzler\n|-resisted|p1a: The Rizzler\n|-damage|p1a: The Rizzler|88\/100\n|\n|t:|1699825342\n|switch|p2a: amp it up!|Ampharos-Mega, M|100\/100|[from] U-turn\n|-ability|p2a: amp it up!|Mold Breaker\n|move|p1a: The Rizzler|Tailwind|p1a: The Rizzler\n|-sidestart|p1: AcursedPink|move: Tailwind\n|\n|-weather|RainDance|[upkeep]\n|upkeep\n|turn|4\n|\n|t:|1699825356\n|switch|p1a: Garchomp|Garchomp, M|100\/100\n|move|p2a: amp it up!|Volt Switch|p1a: Garchomp\n|-immune|p1a: Garchomp\n|\n|-weather|RainDance|[upkeep]\n|upkeep\n|turn|5\n|\n|t:|1699825368\n|switch|p2a: sorbert|Tapu Fini|100\/100\n|-fieldstart|move: Misty Terrain|[from] ability: Misty Surge|[of] p2a: sorbert\n|move|p1a: Garchomp|Swords Dance|p1a: Garchomp\n|-boost|p1a: Garchomp|atk|2\n|\n|-weather|RainDance|[upkeep]\n|upkeep\n|turn|6\n|\n|t:|1699825381\n|move|p1a: Garchomp|Earthquake|p2a: sorbert\n|-damage|p2a: sorbert|26\/100\n|move|p2a: sorbert|Moonblast|p1a: Garchomp\n|-supereffective|p1a: Garchomp\n|-damage|p1a: Garchomp|33\/100\n|\n|-weather|RainDance|[upkeep]\n|-heal|p2a: sorbert|32\/100|[from] item: Leftovers\n|-sideend|p1: AcursedPink|move: Tailwind\n|upkeep\n|turn|7\n|\n|t:|1699825395\n|switch|p2a: Iron Helper|Skarmory, M|100\/100\n|move|p1a: Garchomp|Earthquake|p2a: Iron Helper\n|-immune|p2a: Iron Helper\n|\n|-weather|RainDance|[upkeep]\n|upkeep\n|turn|8\n|\n|t:|1699825403\n|switch|p1a: James|Tapu Koko|100\/100\n|-fieldstart|move: Electric Terrain|[from] ability: Electric Surge|[of] p1a: James\n|move|p2a: Iron Helper|Brave Bird|p1a: James\n|-resisted|p1a: James\n|-damage|p1a: James|78\/100\n|-damage|p2a: Iron Helper|94\/100|[from] Recoil\n|\n|-weather|none\n|-heal|p2a: Iron Helper|99\/100|[from] item: Leftovers\n|upkeep\n|turn|9\n|\n|t:|1699825419\n|switch|p2a: baby.|Hippowdon, M|100\/100\n|-weather|Sandstorm|[from] ability: Sand Stream|[of] p2a: baby.\n|move|p1a: James|Thunderbolt|p2a: baby.\n|-immune|p2a: baby.\n|\n|-weather|Sandstorm|[upkeep]\n|-damage|p1a: James|72\/100|[from] Sandstorm\n|upkeep\n|turn|10\n|\n|t:|1699825431\n|move|p1a: James|Roost|p1a: James\n|-heal|p1a: James|100\/100\n|-singleturn|p1a: James|move: Roost\n|move|p2a: baby.|Toxic|p1a: James\n|-status|p1a: James|tox\n|\n|-weather|Sandstorm|[upkeep]\n|-damage|p1a: James|94\/100 tox|[from] Sandstorm\n|-damage|p1a: James|88\/100 tox|[from] psn\n|upkeep\n|turn|11\n|\n|t:|1699825444\n|switch|p1a: The Rizzler|Pelipper, M|88\/100\n|-weather|RainDance|[from] ability: Drizzle|[of] p1a: The Rizzler\n|move|p2a: baby.|Stealth Rock|p1a: The Rizzler\n|-sidestart|p1: AcursedPink|move: Stealth Rock\n|\n|-weather|RainDance|[upkeep]\n|upkeep\n|turn|12\n|\n|t:|1699825452\n|switch|p2a: amp it up!|Ampharos-Mega, M|100\/100\n|-ability|p2a: amp it up!|Mold Breaker\n|move|p1a: The Rizzler|Scald|p2a: amp it up!\n|-resisted|p2a: amp it up!\n|-damage|p2a: amp it up!|84\/100\n|\n|-weather|RainDance|[upkeep]\n|-fieldend|move: Electric Terrain\n|upkeep\n|turn|13\n|\n|t:|1699825470\n|switch|p1a: Miyagi|Urshifu-Rapid-Strike, F|100\/100\n|-damage|p1a: Miyagi|94\/100|[from] Stealth Rock\n|move|p2a: amp it up!|Hidden Power|p1a: Miyagi\n|-resisted|p1a: Miyagi\n|-damage|p1a: Miyagi|75\/100\n|\n|-weather|RainDance|[upkeep]\n|upkeep\n|turn|14\n|\n|t:|1699825487\n|switch|p2a: Iron Helper|Skarmory, M|99\/100\n|move|p1a: Miyagi|Close Combat|p2a: Iron Helper\n|-damage|p2a: Iron Helper|53\/100\n|-unboost|p1a: Miyagi|def|1\n|-unboost|p1a: Miyagi|spd|1\n|\n|-weather|RainDance|[upkeep]\n|-heal|p2a: Iron Helper|59\/100|[from] item: Leftovers\n|upkeep\n|turn|15\n|c|\u2606thisislife|I hate rn sm\n|\n|t:|1699825518\n|move|p1a: Miyagi|Surging Strikes|p2a: Iron Helper\n|-crit|p2a: Iron Helper\n|-damage|p2a: Iron Helper|36\/100\n|-crit|p2a: Iron Helper\n|-damage|p2a: Iron Helper|13\/100\n|-crit|p2a: Iron Helper\n|-damage|p2a: Iron Helper|0 fnt\n|faint|p2a: Iron Helper\n|-hitcount|p2: Iron Helper|3\n|\n|-weather|RainDance|[upkeep]\n|upkeep\n|\n|t:|1699825531\n|switch|p2a: person reference|Meowscarada, M|100\/100\n|turn|16\n|\n|t:|1699825535\n|move|p2a: person reference|Flower Trick|p1a: Miyagi\n|-supereffective|p1a: Miyagi\n|-crit|p1a: Miyagi\n|-damage|p1a: Miyagi|0 fnt\n|faint|p1a: Miyagi\n|\n|-weather|RainDance|[upkeep]\n|upkeep\n|\n|t:|1699825545\n|switch|p1a: The Rizzler|Pelipper, M|88\/100\n|-damage|p1a: The Rizzler|63\/100|[from] Stealth Rock\n|turn|17\n|\n|t:|1699825552\n|move|p2a: person reference|U-turn|p1a: The Rizzler\n|-resisted|p1a: The Rizzler\n|-damage|p1a: The Rizzler|53\/100\n|\n|t:|1699825565\n|switch|p2a: sorbert|Tapu Fini|32\/100|[from] U-turn\n|-fieldstart|move: Misty Terrain|[from] ability: Misty Surge|[of] p2a: sorbert\n|move|p1a: The Rizzler|Hail|p1a: The Rizzler\n|-weather|Hail\n|\n|-weather|Hail|[upkeep]\n|-damage|p1a: The Rizzler|47\/100|[from] Hail\n|-damage|p2a: sorbert|26\/100|[from] Hail\n|-heal|p2a: sorbert|32\/100|[from] item: Leftovers\n|upkeep\n|turn|18\n|\n|t:|1699825593\n|switch|p1a: James|Tapu Koko|88\/100 tox\n|-fieldstart|move: Electric Terrain|[from] ability: Electric Surge|[of] p1a: James\n|switch|p2a: baby.|Hippowdon, M|100\/100\n|-weather|Sandstorm|[from] ability: Sand Stream|[of] p2a: baby.\n|\n|-weather|Sandstorm|[upkeep]\n|-damage|p1a: James|82\/100 tox|[from] Sandstorm\n|-damage|p1a: James|76\/100 tox|[from] psn\n|upkeep\n|turn|19\n|\n|t:|1699825615\n|move|p1a: James|Dazzling Gleam|p2a: baby.\n|-damage|p2a: baby.|75\/100\n|move|p2a: baby.|Toxic|p1a: James|[miss]\n|-miss|p2a: baby.|p1a: James\n|\n|-weather|Sandstorm|[upkeep]\n|-damage|p1a: James|70\/100 tox|[from] Sandstorm\n|-heal|p2a: baby.|81\/100|[from] item: Leftovers\n|-damage|p1a: James|58\/100 tox|[from] psn\n|upkeep\n|turn|20\n|\n|t:|1699825637\n|switch|p1a: Kazzooh|Azumarill, F, shiny|100\/100\n|-damage|p1a: Kazzooh|88\/100|[from] Stealth Rock\n|move|p2a: baby.|Earthquake|p1a: Kazzooh\n|-damage|p1a: Kazzooh|46\/100\n|\n|-weather|Sandstorm|[upkeep]\n|-damage|p1a: Kazzooh|40\/100|[from] Sandstorm\n|-heal|p1a: Kazzooh|46\/100|[from] item: Leftovers\n|-heal|p2a: baby.|88\/100|[from] item: Leftovers\n|upkeep\n|turn|21\n|\n|t:|1699825662\n|move|p1a: Kazzooh|Play Rough|p2a: baby.\n|-damage|p2a: baby.|49\/100\n|move|p2a: baby.|Earthquake|p1a: Kazzooh\n|-damage|p1a: Kazzooh|3\/100\n|\n|-weather|Sandstorm|[upkeep]\n|-damage|p1a: Kazzooh|0 fnt|[from] Sandstorm\n|faint|p1a: Kazzooh\n|-heal|p2a: baby.|55\/100|[from] item: Leftovers\n|upkeep\n|\n|t:|1699825673\n|switch|p1a: The Rizzler|Pelipper, M|47\/100\n|-damage|p1a: The Rizzler|22\/100|[from] Stealth Rock\n|-weather|RainDance|[from] ability: Drizzle|[of] p1a: The Rizzler\n|turn|22\n|\n|t:|1699825689\n|switch|p2a: person reference|Meowscarada, M|100\/100\n|move|p1a: The Rizzler|Tailwind|p1a: The Rizzler\n|-sidestart|p1: AcursedPink|move: Tailwind\n|\n|-weather|RainDance|[upkeep]\n|-fieldend|move: Electric Terrain\n|upkeep\n|turn|23\n|\n|t:|1699825698\n|move|p2a: person reference|Sucker Punch||[still]\n|-fail|p2a: person reference\n|move|p1a: The Rizzler|Hail|p1a: The Rizzler\n|-weather|Hail\n|\n|-weather|Hail|[upkeep]\n|-damage|p1a: The Rizzler|16\/100|[from] Hail\n|-damage|p2a: person reference|94\/100|[from] Hail\n|upkeep\n|turn|24\n|\n|t:|1699825706\n|move|p2a: person reference|Sucker Punch||[still]\n|-fail|p2a: person reference\n|move|p1a: The Rizzler|Tailwind||[still]\n|-fail|p1a: The Rizzler\n|\n|-weather|Hail|[upkeep]\n|-damage|p1a: The Rizzler|10\/100|[from] Hail\n|-damage|p2a: person reference|88\/100|[from] Hail\n|upkeep\n|turn|25\n|\n|t:|1699825741\n|switch|p1a: James|Tapu Koko|58\/100 tox\n|-fieldstart|move: Electric Terrain|[from] ability: Electric Surge|[of] p1a: James\n|move|p2a: person reference|Flower Trick|p1a: James\n|-crit|p1a: James\n|-damage|p1a: James|0 fnt\n|faint|p1a: James\n|\n|-weather|Hail|[upkeep]\n|-damage|p2a: person reference|82\/100|[from] Hail\n|-sideend|p1: AcursedPink|move: Tailwind\n|upkeep\n|\n|t:|1699825753\n|switch|p1a: Garchomp|Garchomp, M|33\/100\n|-damage|p1a: Garchomp|27\/100|[from] Stealth Rock\n|turn|26\n|\n|t:|1699825765\n|move|p2a: person reference|Flower Trick|p1a: Garchomp\n|-crit|p1a: Garchomp\n|-damage|p1a: Garchomp|0 fnt\n|faint|p1a: Garchomp\n|\n|-weather|Hail|[upkeep]\n|-damage|p2a: person reference|76\/100|[from] Hail\n|upkeep\n|\n|t:|1699825772\n|switch|p1a: The Rizzler|Pelipper, M|10\/100\n|-damage|p1a: The Rizzler|0 fnt|[from] Stealth Rock\n|faint|p1a: The Rizzler\n|\n|win|thisislife\n","uploadtime":1699825779,"views":15,"p1id":"acursedpink","p2id":"thisislife","formatid":"gen9nationaldex","rating":0,"private":0,"password":""}