{"id":"gen9nationaldex-1992354832","p1":"AesirEcho","p2":"akyraaiko","format":"[Gen 9] National Dex","log":"|j|\u2606AesirEcho\n|j|\u2606akyraaiko\n|t:|1700178015\n|gametype|singles\n|player|p1|AesirEcho|ethan-masters|\n|player|p2|akyraaiko|266|\n|teamsize|p1|6\n|teamsize|p2|6\n|gen|9\n|tier|[Gen 9] National Dex\n|rule|HP Percentage Mod: HP is shown in percentages\n|rule|Endless Battle Clause: Forcing endless battles is banned\n|rule|OHKO Clause: OHKO moves are banned\n|rule|Evasion Clause: Evasion abilities, items, and moves are banned\n|rule|Evasion Abilities Clause: Evasion abilities are banned\n|rule|Evasion Items Clause: Evasion items are banned\n|rule|Evasion Moves Clause: Evasion moves are banned\n|rule|Species Clause: Limit one of each Pok\u00e9mon\n|rule|Sleep Clause Mod: Limit one foe put to sleep\n|clearpoke\n|poke|p1|Zamazenta-*|\n|poke|p1|Scizor, F|\n|poke|p1|Volcarona, M|\n|poke|p1|Heatran, F|\n|poke|p1|Ting-Lu|\n|poke|p1|Landorus-Therian, M|\n|poke|p2|Iron Moth|\n|poke|p2|Zoroark-Hisui, M|\n|poke|p2|Garchomp, F|\n|poke|p2|Lycanroc-Dusk, M|\n|poke|p2|Urshifu-*, F|\n|poke|p2|Spiritomb, F|\n|teampreview\n|\n|t:|1700178026\n|start\n|switch|p1a: Alces|Ting-Lu|100\/100\n|switch|p2a: Spiri tomba|Spiritomb, F, shiny|100\/100\n|-ability|p1a: Alces|Vessel of Ruin\n|-ability|p2a: Spiri tomba|Pressure\n|turn|1\n|\n|t:|1700178042\n|move|p1a: Alces|Stealth Rock|p2a: Spiri tomba\n|-sidestart|p2: akyraaiko|move: Stealth Rock\n|move|p2a: Spiri tomba|Nasty Plot|p2a: Spiri tomba\n|-boost|p2a: Spiri tomba|spa|2\n|\n|upkeep\n|turn|2\n|\n|t:|1700178063\n|move|p2a: Spiri tomba|Nasty Plot|p2a: Spiri tomba\n|-boost|p2a: Spiri tomba|spa|2\n|move|p1a: Alces|Whirlwind|p2a: Spiri tomba\n|drag|p2a: el lobo|Lycanroc-Dusk, M, shiny|100\/100\n|-damage|p2a: el lobo|88\/100|[from] Stealth Rock\n|\n|upkeep\n|turn|3\n|c|\u2606akyraaiko|sua puta\n|\n|t:|1700178076\n|move|p2a: el lobo|Close Combat|p1a: Alces\n|-supereffective|p1a: Alces\n|-damage|p1a: Alces|23\/100\n|-unboost|p2a: el lobo|def|1\n|-unboost|p2a: el lobo|spd|1\n|-damage|p2a: el lobo|78\/100|[from] item: Life Orb\n|move|p1a: Alces|Earthquake|p2a: el lobo\n|-supereffective|p2a: el lobo\n|-damage|p2a: el lobo|0 fnt\n|faint|p2a: el lobo\n|\n|-heal|p1a: Alces|29\/100|[from] item: Leftovers\n|upkeep\n|\n|t:|1700178082\n|switch|p2a: sol|Iron Moth|100\/100\n|-damage|p2a: sol|76\/100|[from] Stealth Rock\n|turn|4\n|\n|t:|1700178090\n|switch|p1a: Molaris Ira|Heatran, F|100\/100\n|move|p2a: sol|Bug Buzz|p1a: Molaris Ira\n|-resisted|p1a: Molaris Ira\n|-damage|p1a: Molaris Ira|92\/100\n|\n|-heal|p2a: sol|82\/100|[from] item: Leftovers\n|-heal|p1a: Molaris Ira|98\/100|[from] item: Leftovers\n|upkeep\n|turn|5\n|\n|t:|1700178096\n|move|p2a: sol|Toxic Spikes|p1a: Molaris Ira\n|-sidestart|p1: AesirEcho|move: Toxic Spikes\n|move|p1a: Molaris Ira|Magma Storm|p2a: sol|[miss]\n|-miss|p1a: Molaris Ira|p2a: sol\n|\n|-heal|p2a: sol|88\/100|[from] item: Leftovers\n|-heal|p1a: Molaris Ira|100\/100|[from] item: Leftovers\n|upkeep\n|turn|6\n|\n|t:|1700178105\n|-end|p2a: sol|Quark Drive|[silent]\n|switch|p2a: roger guedes|Urshifu-Rapid-Strike, F|100\/100\n|-damage|p2a: roger guedes|94\/100|[from] Stealth Rock\n|move|p1a: Molaris Ira|Earth Power|p2a: roger guedes\n|-damage|p2a: roger guedes|50\/100\n|\n|upkeep\n|turn|7\n|\n|t:|1700178113\n|switch|p1a: Terra Tigris|Landorus-Therian, M|100\/100\n|-ability|p1a: Terra Tigris|Intimidate|boost\n|-unboost|p2a: roger guedes|atk|1\n|move|p2a: roger guedes|Surging Strikes|p1a: Terra Tigris\n|-supereffective|p1a: Terra Tigris\n|-crit|p1a: Terra Tigris\n|-damage|p1a: Terra Tigris|58\/100\n|-damage|p2a: roger guedes|33\/100|[from] item: Rocky Helmet|[of] p1a: Terra Tigris\n|-supereffective|p1a: Terra Tigris\n|-crit|p1a: Terra Tigris\n|-damage|p1a: Terra Tigris|13\/100\n|-damage|p2a: roger guedes|17\/100|[from] item: Rocky Helmet|[of] p1a: Terra Tigris\n|-supereffective|p1a: Terra Tigris\n|-crit|p1a: Terra Tigris\n|-damage|p1a: Terra Tigris|0 fnt\n|-damage|p2a: roger guedes|0 fnt|[from] item: Rocky Helmet|[of] p1a: Terra Tigris\n|faint|p1a: Terra Tigris\n|faint|p2a: roger guedes\n|-hitcount|p1: Terra Tigris|3\n|\n|upkeep\n|c|\u2606AesirEcho|ok agora fudeu\n|c|\u2606akyraaiko|rt\n|\n|t:|1700178147\n|switch|p2a: Garchomp|Garchomp, F|100\/100\n|switch|p1a: Ignis Coronam|Zamazenta|100\/100\n|-status|p1a: Ignis Coronam|psn\n|-ability|p1a: Ignis Coronam|Dauntless Shield|boost\n|-boost|p1a: Ignis Coronam|def|1\n|-damage|p2a: Garchomp|94\/100|[from] Stealth Rock\n|turn|8\n|\n|t:|1700178153\n|detailschange|p2a: Garchomp|Garchomp-Mega, F\n|-mega|p2a: Garchomp|Garchomp|Garchompite\n|move|p1a: Ignis Coronam|Ice Fang|p2a: Garchomp|[miss]\n|-miss|p1a: Ignis Coronam|p2a: Garchomp\n|move|p2a: Garchomp|Scale Shot|p1a: Ignis Coronam\n|-damage|p1a: Ignis Coronam|90\/100 psn\n|-damage|p1a: Ignis Coronam|79\/100 psn\n|-damage|p1a: Ignis Coronam|68\/100 psn\n|-hitcount|p1a: Ignis Coronam|3\n|-unboost|p2a: Garchomp|def|1\n|-boost|p2a: Garchomp|spe|1\n|\n|-damage|p1a: Ignis Coronam|56\/100 psn|[from] psn\n|upkeep\n|turn|9\n|c|\u2606AesirEcho|pqp\n|c|\u2606akyraaiko|SERA Q MATA NESSA?\n|\n|t:|1700178192\n|move|p2a: Garchomp|Earthquake|p1a: Ignis Coronam\n|-damage|p1a: Ignis Coronam|11\/100 psn\n|move|p1a: Ignis Coronam|Ice Fang|p2a: Garchomp\n|-supereffective|p2a: Garchomp\n|-damage|p2a: Garchomp|0 fnt\n|faint|p2a: Garchomp\n|\n|-damage|p1a: Ignis Coronam|0 fnt|[from] psn\n|faint|p1a: Ignis Coronam\n|upkeep\n|c|\u2606AesirEcho|rip\n|c|\u2606akyraaiko|n mas vc morre ent fd\n|\n|t:|1700178223\n|switch|p1a: Molaris Ira|Heatran, F|100\/100\n|switch|p2a: sol|Iron Moth|100\/100\n|-damage|p2a: sol|88\/100|[from] Stealth Rock\n|turn|10\n|\n|t:|1700178231\n|move|p2a: sol|Focus Blast|p1a: Molaris Ira\n|-supereffective|p1a: Molaris Ira\n|-damage|p1a: Molaris Ira|11\/100\n|move|p1a: Molaris Ira|Magma Storm|p2a: sol\n|-damage|p2a: sol|0 fnt\n|replace|p2a: who?|Zoroark-Hisui, M\n|-end|p2a: who?|Illusion\n|faint|p2a: who?\n|\n|-heal|p1a: Molaris Ira|18\/100|[from] item: Leftovers\n|upkeep\n|c|\u2606AesirEcho|JESUS\n|\n|t:|1700178240\n|switch|p2a: Spiri tomba|Spiritomb, F, shiny|100\/100\n|-damage|p2a: Spiri tomba|88\/100|[from] Stealth Rock\n|-ability|p2a: Spiri tomba|Pressure\n|turn|11\n|c|\u2606akyraaiko|QUASE\n|\n|t:|1700178249\n|move|p1a: Molaris Ira|Taunt|p2a: Spiri tomba\n|-start|p2a: Spiri tomba|move: Taunt\n|cant|p2a: Spiri tomba|move: Taunt|Nasty Plot\n|\n|-heal|p1a: Molaris Ira|24\/100|[from] item: Leftovers\n|-heal|p2a: Spiri tomba|94\/100|[from] item: Leftovers\n|upkeep\n|turn|12\n|\n|t:|1700178256\n|move|p1a: Molaris Ira|Toxic|p2a: Spiri tomba\n|-status|p2a: Spiri tomba|tox\n|move|p2a: Spiri tomba|Poltergeist|p1a: Molaris Ira\n|-activate|p1a: Molaris Ira|move: Poltergeist|Leftovers\n|-damage|p1a: Molaris Ira|0 fnt\n|faint|p1a: Molaris Ira\n|\n|-heal|p2a: Spiri tomba|100\/100 tox|[from] item: Leftovers\n|-damage|p2a: Spiri tomba|94\/100 tox|[from] psn\n|upkeep\n|\n|t:|1700178263\n|switch|p1a: Sol Tinea|Volcarona, M|100\/100\n|turn|13\n|\n|t:|1700178269\n|move|p1a: Sol Tinea|Quiver Dance|p1a: Sol Tinea\n|-boost|p1a: Sol Tinea|spa|1\n|-boost|p1a: Sol Tinea|spd|1\n|-boost|p1a: Sol Tinea|spe|1\n|move|p2a: Spiri tomba|Poltergeist|p1a: Sol Tinea|[miss]\n|-miss|p2a: Spiri tomba|p1a: Sol Tinea\n|\n|-heal|p2a: Spiri tomba|100\/100 tox|[from] item: Leftovers\n|-damage|p2a: Spiri tomba|88\/100 tox|[from] psn\n|-end|p2a: Spiri tomba|move: Taunt\n|upkeep\n|turn|14\n|\n|t:|1700178275\n|move|p1a: Sol Tinea|Quiver Dance|p1a: Sol Tinea\n|-boost|p1a: Sol Tinea|spa|1\n|-boost|p1a: Sol Tinea|spd|1\n|-boost|p1a: Sol Tinea|spe|1\n|move|p2a: Spiri tomba|Poltergeist|p1a: Sol Tinea\n|-activate|p1a: Sol Tinea|move: Poltergeist|Heavy-Duty Boots\n|-damage|p1a: Sol Tinea|51\/100\n|\n|-heal|p2a: Spiri tomba|94\/100 tox|[from] item: Leftovers\n|-damage|p2a: Spiri tomba|76\/100 tox|[from] psn\n|upkeep\n|turn|15\n|\n|t:|1700178279\n|move|p1a: Sol Tinea|Flamethrower|p2a: Spiri tomba\n|-damage|p2a: Spiri tomba|0 fnt\n|faint|p2a: Spiri tomba\n|\n|upkeep\n|\n|t:|1700178281\n|switch|p2a: sol|Iron Moth|88\/100\n|-damage|p2a: sol|63\/100|[from] Stealth Rock\n|turn|16\n|\n|t:|1700178287\n|-terastallize|p2a: sol|Fire\n|move|p1a: Sol Tinea|Flamethrower|p2a: sol\n|-resisted|p2a: sol\n|-damage|p2a: sol|23\/100\n|move|p2a: sol|Hurricane|p1a: Sol Tinea|[miss]\n|-miss|p2a: sol|p1a: Sol Tinea\n|\n|-heal|p2a: sol|29\/100|[from] item: Leftovers\n|upkeep\n|turn|17\n|\n|t:|1700178292\n|move|p1a: Sol Tinea|Flamethrower|p2a: sol\n|-resisted|p2a: sol\n|-damage|p2a: sol|0 fnt\n|faint|p2a: sol\n|-end|p2a: sol|Quark Drive|[silent]\n|\n|win|AesirEcho\n|c|\u2606akyraaiko|sua puta\n|c|\u2606AesirEcho|gg\n|l|\u2606akyraaiko\n","uploadtime":1700178361,"views":5,"p1id":"aesirecho","p2id":"akyraaiko","formatid":"gen9nationaldex","rating":0,"private":0,"password":""}