{"id":"gen9nationaldex-1995149547","p1":"Eighty Battles","p2":"SakuraCityGym","format":"[Gen 9] National Dex","log":"|html|<div class=\"broadcast-blue\"><strong>[Gen 9] National Dex is currently suspecting Sneasler! For information on how to participate check out the <a href=\"https:\/\/www.smogon.com\/forums\/threads\/sv-national-dex-suspect-8-just-dance.3731534\/\">suspect thread<\/a>.<\/strong><\/div>\n|j|\u2606Eighty Battles\n|j|\u2606SakuraCityGym\n|t:|1700528103\n|gametype|singles\n|player|p1|Eighty Battles|gentleman-gen4dp|1056\n|player|p2|SakuraCityGym|brock-masters|1125\n|teamsize|p1|6\n|teamsize|p2|6\n|gen|9\n|tier|[Gen 9] National Dex\n|rated|\n|rule|HP Percentage Mod: HP is shown in percentages\n|rule|Endless Battle Clause: Forcing endless battles is banned\n|rule|OHKO Clause: OHKO moves are banned\n|rule|Evasion Clause: Evasion abilities, items, and moves are banned\n|rule|Evasion Abilities Clause: Evasion abilities are banned\n|rule|Evasion Items Clause: Evasion items are banned\n|rule|Evasion Moves Clause: Evasion moves are banned\n|rule|Species Clause: Limit one of each Pok\u00e9mon\n|rule|Sleep Clause Mod: Limit one foe put to sleep\n|clearpoke\n|poke|p1|Serperior, M|\n|poke|p1|Sylveon, F|\n|poke|p1|Raichu, F|\n|poke|p1|Tauros-Paldea-Blaze, M|\n|poke|p1|Greedent, F|\n|poke|p1|Seaking, M|\n|poke|p2|Tyranitar, M|\n|poke|p2|Kabutops, M|\n|poke|p2|Omastar, M|\n|poke|p2|Aerodactyl, M|\n|poke|p2|Golem, M|\n|poke|p2|Steelix, M|\n|teampreview\n|inactive|Battle timer is ON: inactive players will automatically lose when time's up. (requested by SakuraCityGym)\n|c|\u2606Eighty Battles|Rock Only?\n|inactive|Eighty Battles has 120 seconds left.\n|c|\u2606Eighty Battles|Brock only?\n|\n|t:|1700528138\n|start\n|switch|p1a: Danger|Seaking, M|100\/100\n|switch|p2a: Tyranitar|Tyranitar, M|100\/100\n|-weather|Sandstorm|[from] ability: Sand Stream|[of] p2a: Tyranitar\n|turn|1\n|\n|t:|1700528146\n|move|p1a: Danger|Rain Dance|p1a: Danger\n|-weather|RainDance\n|move|p2a: Tyranitar|Dragon Dance|p2a: Tyranitar\n|-boost|p2a: Tyranitar|atk|1\n|-boost|p2a: Tyranitar|spe|1\n|\n|-weather|RainDance|[upkeep]\n|upkeep\n|turn|2\n|\n|t:|1700528154\n|move|p2a: Tyranitar|Rock Blast|p1a: Danger\n|-damage|p1a: Danger|70\/100\n|-damage|p1a: Danger|35\/100\n|-damage|p1a: Danger|0 fnt\n|faint|p1a: Danger\n|-hitcount|p1: Danger|3\n|\n|-weather|RainDance|[upkeep]\n|upkeep\n|\n|t:|1700528165\n|switch|p1a: Emperor|Serperior, M|100\/100\n|turn|3\n|\n|t:|1700528174\n|-terastallize|p2a: Tyranitar|Flying\n|move|p1a: Emperor|Leaf Storm|p2a: Tyranitar\n|-resisted|p2a: Tyranitar\n|-damage|p2a: Tyranitar|71\/100\n|-boost|p1a: Emperor|spa|2\n|-damage|p1a: Emperor|91\/100|[from] item: Life Orb\n|move|p2a: Tyranitar|Tera Blast|p1a: Emperor|[anim] Tera Blast Flying\n|-supereffective|p1a: Emperor\n|-damage|p1a: Emperor|0 fnt\n|faint|p1a: Emperor\n|\n|-weather|RainDance|[upkeep]\n|upkeep\n|\n|t:|1700528188\n|switch|p1a: Storm Summoner|Raichu, F|100\/100\n|-item|p1a: Storm Summoner|Air Balloon\n|turn|4\n|\n|t:|1700528195\n|move|p2a: Tyranitar|Rock Blast|p1a: Storm Summoner\n|-damage|p1a: Storm Summoner|60\/100\n|-enditem|p1a: Storm Summoner|Air Balloon\n|-damage|p1a: Storm Summoner|19\/100\n|-damage|p1a: Storm Summoner|0 fnt\n|faint|p1a: Storm Summoner\n|-hitcount|p1: Storm Summoner|3\n|\n|-weather|RainDance|[upkeep]\n|upkeep\n|\n|t:|1700528203\n|switch|p1a: Sylveon|Sylveon, F|100\/100\n|turn|5\n|\n|t:|1700528209\n|move|p2a: Tyranitar|Rock Blast|p1a: Sylveon\n|-damage|p1a: Sylveon|73\/100\n|-damage|p1a: Sylveon|45\/100\n|-damage|p1a: Sylveon|14\/100\n|-damage|p1a: Sylveon|0 fnt\n|faint|p1a: Sylveon\n|-hitcount|p1: Sylveon|4\n|\n|-weather|RainDance|[upkeep]\n|upkeep\n|inactive|Eighty Battles has 120 seconds left.\n|\n|t:|1700528249\n|switch|p1a: The Bull|Tauros-Paldea-Blaze, M|100\/100\n|turn|6\n|\n|t:|1700528258\n|move|p2a: Tyranitar|Tera Blast|p1a: The Bull|[anim] Tera Blast Flying\n|-supereffective|p1a: The Bull\n|-damage|p1a: The Bull|0 fnt\n|faint|p1a: The Bull\n|\n|-weather|RainDance|[upkeep]\n|upkeep\n|\n|t:|1700528264\n|switch|p1a: Fattinous|Greedent, F|100\/100\n|turn|7\n|c|\u2606Eighty Battles|How??\n|inactive|Eighty Battles has 120 seconds left.\n|\n|t:|1700528271\n|move|p2a: Tyranitar|Rock Blast|p1a: Fattinous|[miss]\n|-miss|p2a: Tyranitar|p1a: Fattinous\n|move|p1a: Fattinous|Crunch|p2a: Tyranitar\n|-damage|p2a: Tyranitar|57\/100\n|\n|-weather|RainDance|[upkeep]\n|upkeep\n|turn|8\n|\n|t:|1700528278\n|move|p2a: Tyranitar|Rock Blast|p1a: Fattinous\n|-damage|p1a: Fattinous|85\/100\n|-damage|p1a: Fattinous|71\/100\n|-crit|p1a: Fattinous\n|-damage|p1a: Fattinous|51\/100\n|-damage|p1a: Fattinous|36\/100\n|-hitcount|p1a: Fattinous|4\n|move|p1a: Fattinous|Crunch|p2a: Tyranitar\n|-damage|p2a: Tyranitar|43\/100\n|-unboost|p2a: Tyranitar|def|1\n|\n|-weather|none\n|upkeep\n|turn|9\n|\n|t:|1700528293\n|move|p2a: Tyranitar|Rock Blast|p1a: Fattinous\n|-damage|p1a: Fattinous|23\/100\n|-damage|p1a: Fattinous|8\/100\n|-damage|p1a: Fattinous|0 fnt\n|faint|p1a: Fattinous\n|-hitcount|p1: Fattinous|3\n|\n|win|SakuraCityGym\n|raw|Eighty Battles's rating: 1056 &rarr; <strong>1041<\/strong><br \/>(-15 for losing)\n|raw|SakuraCityGym's rating: 1125 &rarr; <strong>1145<\/strong><br \/>(+20 for winning)\n|c|\u2606Eighty Battles|gg\n|c|\u2606SakuraCityGym|Gg\n","uploadtime":1700528344,"views":9,"p1id":"eightybattles","p2id":"sakuracitygym","formatid":"gen9nationaldex","rating":1041,"private":0,"password":""}