{"id":"gen9nationaldex-1995418285","p1":"As cheu","p2":"d-ddkb\u771f\u65b0\u4eba","format":"[Gen 9] National Dex","log":"|html|<div class=\"broadcast-blue\"><strong>[Gen 9] National Dex is currently suspecting Sneasler! For information on how to participate check out the <a href=\"https:\/\/www.smogon.com\/forums\/threads\/sv-national-dex-suspect-8-just-dance.3731534\/\">suspect thread<\/a>.<\/strong><\/div>\n|j|\u2606As cheu\n|j|\u203dd-ddkb\u771f\u65b0\u4eba\n|t:|1700568208\n|gametype|singles\n|player|p1|As cheu|officeworker|1785\n|player|p2|d-ddkb\u771f\u65b0\u4eba|furisodegirl-black|1789\n|teamsize|p1|6\n|teamsize|p2|6\n|gen|9\n|tier|[Gen 9] National Dex\n|rated|\n|rule|HP Percentage Mod: HP is shown in percentages\n|rule|Endless Battle Clause: Forcing endless battles is banned\n|rule|OHKO Clause: OHKO moves are banned\n|rule|Evasion Clause: Evasion abilities, items, and moves are banned\n|rule|Evasion Abilities Clause: Evasion abilities are banned\n|rule|Evasion Items Clause: Evasion items are banned\n|rule|Evasion Moves Clause: Evasion moves are banned\n|rule|Species Clause: Limit one of each Pok\u00e9mon\n|rule|Sleep Clause Mod: Limit one foe put to sleep\n|clearpoke\n|poke|p1|Cloyster, M|\n|poke|p1|Umbreon, F|\n|poke|p1|Gardevoir, F|\n|poke|p1|Forretress, M|\n|poke|p1|Thundurus-Therian, M|\n|poke|p1|Sneasler, M|\n|poke|p2|Rillaboom, M|\n|poke|p2|Scizor, M|\n|poke|p2|Ursaluna, F|\n|poke|p2|Tapu Lele|\n|poke|p2|Urshifu-*, M|\n|poke|p2|Samurott-Hisui, M|\n|teampreview\n|inactive|Battle timer is ON: inactive players will automatically lose when time's up. (requested by As cheu)\n|\n|t:|1700568219\n|start\n|switch|p1a: Sneasler|Sneasler, M|100\/100\n|switch|p2a: Tapu Lele|Tapu Lele|100\/100\n|-fieldstart|move: Psychic Terrain|[from] ability: Psychic Surge|[of] p2a: Tapu Lele\n|turn|1\n|\n|t:|1700568223\n|switch|p2a: Scizor|Scizor, M|100\/100\n|move|p1a: Sneasler|Dire Claw|p2a: Scizor\n|-immune|p2a: Scizor\n|\n|upkeep\n|turn|2\n|\n|t:|1700568227\n|switch|p1a: Forretress|Forretress, M|100\/100\n|detailschange|p2a: Scizor|Scizor-Mega, M\n|-mega|p2a: Scizor|Scizor|Scizorite\n|move|p2a: Scizor|U-turn|p1a: Forretress\n|-resisted|p1a: Forretress\n|-damage|p1a: Forretress|91\/100\n|-damage|p2a: Scizor|84\/100|[from] item: Rocky Helmet|[of] p1a: Forretress\n|j| RenzoTheDestroyer\n|\n|t:|1700568233\n|switch|p2a: Ursaluna|Ursaluna, F|100\/100|[from] U-turn\n|\n|-status|p2a: Ursaluna|brn|[from] item: Flame Orb\n|upkeep\n|turn|3\n|\n|t:|1700568238\n|move|p2a: Ursaluna|Substitute|p2a: Ursaluna\n|-start|p2a: Ursaluna|Substitute\n|-damage|p2a: Ursaluna|76\/100 brn\n|move|p1a: Forretress|Stealth Rock|p2a: Ursaluna\n|-sidestart|p2: d-ddkb\u771f\u65b0\u4eba|move: Stealth Rock\n|\n|-damage|p2a: Ursaluna|70\/100 brn|[from] brn\n|upkeep\n|turn|4\n|\n|t:|1700568243\n|move|p2a: Ursaluna|Facade|p1a: Forretress\n|-resisted|p1a: Forretress\n|-damage|p1a: Forretress|50\/100\n|-damage|p2a: Ursaluna|53\/100 brn|[from] item: Rocky Helmet|[of] p1a: Forretress\n|move|p1a: Forretress|Earthquake|p2a: Ursaluna\n|-activate|p2a: Ursaluna|move: Substitute|[damage]\n|\n|-damage|p2a: Ursaluna|47\/100 brn|[from] brn\n|upkeep\n|turn|5\n|\n|t:|1700568250\n|switch|p1a: Thundurus|Thundurus-Therian, M|100\/100\n|move|p2a: Ursaluna|Headlong Rush|p1a: Thundurus\n|-immune|p1a: Thundurus\n|\n|-damage|p2a: Ursaluna|41\/100 brn|[from] brn\n|-fieldend|move: Psychic Terrain\n|upkeep\n|turn|6\n|\n|t:|1700568256\n|switch|p1a: Forretress|Forretress, M|50\/100\n|move|p2a: Ursaluna|Facade|p1a: Forretress\n|-resisted|p1a: Forretress\n|-damage|p1a: Forretress|14\/100\n|-damage|p2a: Ursaluna|24\/100 brn|[from] item: Rocky Helmet|[of] p1a: Forretress\n|\n|-damage|p2a: Ursaluna|18\/100 brn|[from] brn\n|upkeep\n|turn|7\n|\n|t:|1700568262\n|move|p2a: Ursaluna|Facade|p1a: Forretress\n|-resisted|p1a: Forretress\n|-damage|p1a: Forretress|0 fnt\n|-damage|p2a: Ursaluna|2\/100 brn|[from] item: Rocky Helmet|[of] p1a: Forretress\n|faint|p1a: Forretress\n|\n|-damage|p2a: Ursaluna|0 fnt|[from] brn\n|faint|p2a: Ursaluna\n|upkeep\n|\n|t:|1700568269\n|switch|p2a: Scizor|Scizor-Mega, M|84\/100\n|switch|p1a: Sneasler|Sneasler, M|100\/100\n|-damage|p2a: Scizor|71\/100|[from] Stealth Rock\n|turn|8\n|\n|t:|1700568275\n|-terastallize|p1a: Sneasler|Fighting\n|move|p1a: Sneasler|Close Combat|p2a: Scizor\n|-damage|p2a: Scizor|25\/100\n|-unboost|p1a: Sneasler|def|1\n|-unboost|p1a: Sneasler|spd|1\n|move|p2a: Scizor|Defog|p1a: Sneasler\n|-unboost|p1a: Sneasler|evasion|1\n|-sideend|p2: d-ddkb\u771f\u65b0\u4eba|Stealth Rock|[from] move: Defog|[of] p2a: Scizor\n|\n|upkeep\n|turn|9\n|\n|t:|1700568289\n|switch|p2a: Tapu Lele|Tapu Lele|100\/100\n|-fieldstart|move: Psychic Terrain|[from] ability: Psychic Surge|[of] p2a: Tapu Lele\n|move|p1a: Sneasler|Close Combat|p2a: Tapu Lele\n|-resisted|p2a: Tapu Lele\n|-damage|p2a: Tapu Lele|70\/100\n|-unboost|p1a: Sneasler|def|1\n|-unboost|p1a: Sneasler|spd|1\n|-status|p2a: Tapu Lele|psn|[from] ability: Poison Touch|[of] p1a: Sneasler\n|\n|-damage|p2a: Tapu Lele|58\/100 psn|[from] psn\n|upkeep\n|turn|10\n|\n|t:|1700568302\n|switch|p1a: \u88d9\u4e0b\u4e4b\u81e3|Gardevoir, F, shiny|100\/100\n|-ability|p1a: \u88d9\u4e0b\u4e4b\u81e3|Psychic Surge|[from] ability: Trace|[of] p2a: Tapu Lele\n|switch|p2a: Scizor|Scizor-Mega, M|25\/100\n|\n|upkeep\n|turn|11\n|\n|t:|1700568309\n|detailschange|p1a: \u88d9\u4e0b\u4e4b\u81e3|Gardevoir-Mega, F, shiny\n|-mega|p1a: \u88d9\u4e0b\u4e4b\u81e3|Gardevoir|Gardevoirite\n|move|p1a: \u88d9\u4e0b\u4e4b\u81e3|Hyper Voice|p2a: Scizor\n|-resisted|p2a: Scizor\n|-damage|p2a: Scizor|0 fnt\n|faint|p2a: Scizor\n|\n|upkeep\n|\n|t:|1700568315\n|switch|p2a: Rillaboom|Rillaboom, M|100\/100\n|-fieldstart|move: Grassy Terrain|[from] ability: Grassy Surge|[of] p2a: Rillaboom\n|turn|12\n|\n|t:|1700568318\n|switch|p1a: \u56e1\u56e1|Umbreon, F|100\/100\n|move|p2a: Rillaboom|Wood Hammer|p1a: \u56e1\u56e1\n|-damage|p1a: \u56e1\u56e1|38\/100\n|-damage|p2a: Rillaboom|80\/100|[from] Recoil\n|-damage|p2a: Rillaboom|70\/100|[from] item: Life Orb\n|\n|-heal|p2a: Rillaboom|77\/100|[from] Grassy Terrain\n|-heal|p1a: \u56e1\u56e1|44\/100|[from] Grassy Terrain\n|-heal|p1a: \u56e1\u56e1|50\/100|[from] item: Leftovers\n|upkeep\n|turn|13\n|\n|t:|1700568326\n|move|p1a: \u56e1\u56e1|Protect|p1a: \u56e1\u56e1\n|-singleturn|p1a: \u56e1\u56e1|Protect\n|move|p2a: Rillaboom|Drain Punch|p1a: \u56e1\u56e1\n|-activate|p1a: \u56e1\u56e1|move: Protect\n|\n|-heal|p2a: Rillaboom|83\/100|[from] Grassy Terrain\n|-heal|p1a: \u56e1\u56e1|56\/100|[from] Grassy Terrain\n|-heal|p1a: \u56e1\u56e1|62\/100|[from] item: Leftovers\n|upkeep\n|turn|14\n|\n|t:|1700568332\n|move|p2a: Rillaboom|Drain Punch|p1a: \u56e1\u56e1\n|-supereffective|p1a: \u56e1\u56e1\n|-damage|p1a: \u56e1\u56e1|19\/100\n|-heal|p2a: Rillaboom|100\/100|[from] drain|[of] p1a: \u56e1\u56e1\n|-damage|p2a: Rillaboom|91\/100|[from] item: Life Orb\n|move|p1a: \u56e1\u56e1|Foul Play|p2a: Rillaboom\n|-damage|p2a: Rillaboom|40\/100\n|\n|-heal|p2a: Rillaboom|47\/100|[from] Grassy Terrain\n|-heal|p1a: \u56e1\u56e1|25\/100|[from] Grassy Terrain\n|-heal|p1a: \u56e1\u56e1|31\/100|[from] item: Leftovers\n|upkeep\n|turn|15\n|\n|t:|1700568337\n|switch|p2a: Tapu Lele|Tapu Lele|58\/100 psn\n|-fieldstart|move: Psychic Terrain|[from] ability: Psychic Surge|[of] p2a: Tapu Lele\n|move|p1a: \u56e1\u56e1|Protect||[still]\n|-fail|p1a: \u56e1\u56e1\n|\n|-heal|p1a: \u56e1\u56e1|37\/100|[from] item: Leftovers\n|-damage|p2a: Tapu Lele|46\/100 psn|[from] psn\n|upkeep\n|turn|16\n|\n|t:|1700568341\n|move|p1a: \u56e1\u56e1|Protect|p1a: \u56e1\u56e1\n|-singleturn|p1a: \u56e1\u56e1|Protect\n|move|p2a: Tapu Lele|Future Sight|p1a: \u56e1\u56e1\n|-start|p2a: Tapu Lele|move: Future Sight\n|\n|-heal|p1a: \u56e1\u56e1|43\/100|[from] item: Leftovers\n|-damage|p2a: Tapu Lele|33\/100 psn|[from] psn\n|upkeep\n|turn|17\n|\n|t:|1700568346\n|move|p2a: Tapu Lele|Moonblast|p1a: \u56e1\u56e1\n|-supereffective|p1a: \u56e1\u56e1\n|-damage|p1a: \u56e1\u56e1|0 fnt\n|faint|p1a: \u56e1\u56e1\n|\n|-damage|p2a: Tapu Lele|21\/100 psn|[from] psn\n|upkeep\n|\n|t:|1700568356\n|switch|p1a: Sneasler|Sneasler, M, tera:Fighting|100\/100\n|turn|18\n|\n|t:|1700568363\n|move|p1a: Sneasler|U-turn|p2a: Tapu Lele\n|-damage|p2a: Tapu Lele|0 fnt\n|faint|p2a: Tapu Lele\n|\n|t:|1700568367\n|switch|p1a: \u88d9\u4e0b\u4e4b\u81e3|Gardevoir-Mega, F, shiny|100\/100|[from] U-turn\n|\n|-end|p1a: \u88d9\u4e0b\u4e4b\u81e3|move: Future Sight\n|-resisted|p1a: \u88d9\u4e0b\u4e4b\u81e3\n|-damage|p1a: \u88d9\u4e0b\u4e4b\u81e3|68\/100\n|upkeep\n|\n|t:|1700568378\n|switch|p2a: Urshifu|Urshifu-Rapid-Strike, M|100\/100\n|turn|19\n|\n|t:|1700568383\n|move|p2a: Urshifu|Surging Strikes|p1a: \u88d9\u4e0b\u4e4b\u81e3\n|-crit|p1a: \u88d9\u4e0b\u4e4b\u81e3\n|-damage|p1a: \u88d9\u4e0b\u4e4b\u81e3|46\/100\n|-crit|p1a: \u88d9\u4e0b\u4e4b\u81e3\n|-damage|p1a: \u88d9\u4e0b\u4e4b\u81e3|26\/100\n|-crit|p1a: \u88d9\u4e0b\u4e4b\u81e3\n|-damage|p1a: \u88d9\u4e0b\u4e4b\u81e3|4\/100\n|-hitcount|p1a: \u88d9\u4e0b\u4e4b\u81e3|3\n|move|p1a: \u88d9\u4e0b\u4e4b\u81e3|Psyshock|p2a: Urshifu\n|-supereffective|p2a: Urshifu\n|-damage|p2a: Urshifu|0 fnt\n|faint|p2a: Urshifu\n|\n|-fieldend|move: Psychic Terrain\n|upkeep\n|\n|t:|1700568388\n|switch|p2a: Rillaboom|Rillaboom, M|47\/100\n|-fieldstart|move: Grassy Terrain|[from] ability: Grassy Surge|[of] p2a: Rillaboom\n|turn|20\n|\n|t:|1700568392\n|move|p1a: \u88d9\u4e0b\u4e4b\u81e3|Hyper Voice|p2a: Rillaboom\n|-damage|p2a: Rillaboom|0 fnt\n|faint|p2a: Rillaboom\n|\n|-heal|p1a: \u88d9\u4e0b\u4e4b\u81e3|10\/100|[from] Grassy Terrain\n|upkeep\n|\n|t:|1700568406\n|switch|p2a: Samurott|Samurott-Hisui, M|100\/100\n|turn|21\n|\n|t:|1700568408\n|move|p2a: Samurott|Sucker Punch|p1a: \u88d9\u4e0b\u4e4b\u81e3\n|-damage|p1a: \u88d9\u4e0b\u4e4b\u81e3|0 fnt\n|faint|p1a: \u88d9\u4e0b\u4e4b\u81e3\n|\n|upkeep\n|\n|t:|1700568410\n|switch|p1a: Sneasler|Sneasler, M, tera:Fighting|100\/100\n|turn|22\n|\n|t:|1700568430\n|-terastallize|p2a: Samurott|Poison\n|move|p1a: Sneasler|U-turn|p2a: Samurott\n|-resisted|p2a: Samurott\n|-damage|p2a: Samurott|87\/100\n|\n|t:|1700568439\n|switch|p1a: Thundurus|Thundurus-Therian, M|100\/100|[from] U-turn\n|move|p2a: Samurott|Razor Shell|p1a: Thundurus\n|-damage|p1a: Thundurus|19\/100\n|\n|-heal|p2a: Samurott|93\/100|[from] Grassy Terrain\n|upkeep\n|turn|23\n|\n|t:|1700568449\n|move|p1a: Thundurus|Thunderbolt|p2a: Samurott\n|-crit|p2a: Samurott\n|-damage|p2a: Samurott|36\/100\n|-status|p2a: Samurott|par\n|move|p2a: Samurott|Ceaseless Edge|p1a: Thundurus|[miss]\n|-miss|p2a: Samurott|p1a: Thundurus\n|\n|-heal|p2a: Samurott|43\/100 par|[from] Grassy Terrain\n|upkeep\n|turn|24\n|\n|t:|1700568454\n|move|p2a: Samurott|Sucker Punch|p1a: Thundurus\n|-damage|p1a: Thundurus|0 fnt\n|faint|p1a: Thundurus\n|\n|-heal|p2a: Samurott|49\/100 par|[from] Grassy Terrain\n|-fieldend|move: Grassy Terrain\n|upkeep\n|\n|t:|1700568456\n|switch|p1a: \u9b3c\u65af|Cloyster, M|100\/100\n|turn|25\n|\n|t:|1700568476\n|move|p1a: \u9b3c\u65af|Icicle Spear|p2a: Samurott\n|-damage|p2a: Samurott|35\/100 par\n|-damage|p2a: Samurott|21\/100 par\n|-damage|p2a: Samurott|9\/100 par\n|-damage|p2a: Samurott|0 fnt\n|faint|p2a: Samurott\n|-hitcount|p2: Samurott|4\n|\n|win|As cheu\n|raw|As cheu's rating: 1785 &rarr; <strong>1805<\/strong><br \/>(+20 for winning)\n|raw|d-ddkb\u771f\u65b0\u4eba's rating: 1789 &rarr; <strong>1769<\/strong><br \/>(-20 for losing)\n","uploadtime":1700568488,"views":6,"p1id":"ascheu","p2id":"dddkb","formatid":"gen9nationaldex","rating":1769,"private":0,"password":""}