{"id":"gen9nationaldex-1989292320","p1":"samthedingus","p2":"nman423","format":"[Gen 9] National Dex","log":"|j|\u2606samthedingus\n|j|\u2606nman423\n|t:|1699832717\n|gametype|singles\n|player|p1|samthedingus|acetrainer-gen4dp|1384\n|player|p2|nman423|2|1292\n|teamsize|p1|6\n|teamsize|p2|6\n|gen|9\n|tier|[Gen 9] National Dex\n|rated|\n|rule|HP Percentage Mod: HP is shown in percentages\n|rule|Endless Battle Clause: Forcing endless battles is banned\n|rule|OHKO Clause: OHKO moves are banned\n|rule|Evasion Clause: Evasion abilities, items, and moves are banned\n|rule|Evasion Abilities Clause: Evasion abilities are banned\n|rule|Evasion Items Clause: Evasion items are banned\n|rule|Evasion Moves Clause: Evasion moves are banned\n|rule|Species Clause: Limit one of each Pok\u00e9mon\n|rule|Sleep Clause Mod: Limit one foe put to sleep\n|clearpoke\n|poke|p1|Glimmora, F|\n|poke|p1|Ferrothorn, F|\n|poke|p1|Tapu Koko|\n|poke|p1|Zamazenta-*|\n|poke|p1|Landorus-Therian, M|\n|poke|p1|Rotom-Wash|\n|poke|p2|Arcanine-Hisui, F|\n|poke|p2|Gyarados, M|\n|poke|p2|Dragonite, F|\n|poke|p2|Mimikyu, F|\n|poke|p2|Dondozo, F|\n|poke|p2|Iron Hands|\n|teampreview\n|inactive|Battle timer is ON: inactive players will automatically lose when time's up. (requested by samthedingus)\n|c|\u2606nman423|gl hf\n|c|\u2606samthedingus|you too man\n|\n|t:|1699832743\n|start\n|switch|p1a: Broton|Rotom-Wash|100\/100\n|switch|p2a: Gyarados|Gyarados, M, shiny|100\/100\n|-ability|p2a: Gyarados|Intimidate|boost\n|-unboost|p1a: Broton|atk|1\n|turn|1\n|\n|t:|1699832754\n|detailschange|p2a: Gyarados|Gyarados-Mega, M, shiny\n|-mega|p2a: Gyarados|Gyarados|Gyaradosite\n|-ability|p2a: Gyarados|Mold Breaker\n|move|p1a: Broton|Volt Switch|p2a: Gyarados\n|-supereffective|p2a: Gyarados\n|-damage|p2a: Gyarados|50\/100\n|\n|t:|1699832767\n|switch|p1a: Pigstein|Ferrothorn, F|100\/100|[from] Volt Switch\n|move|p2a: Gyarados|Dragon Dance|p2a: Gyarados\n|-boost|p2a: Gyarados|atk|1\n|-boost|p2a: Gyarados|spe|1\n|\n|upkeep\n|turn|2\n|\n|t:|1699832784\n|move|p2a: Gyarados|Earthquake|p1a: Pigstein\n|-damage|p1a: Pigstein|54\/100\n|move|p1a: Pigstein|Power Whip|p2a: Gyarados\n|-supereffective|p2a: Gyarados\n|-damage|p2a: Gyarados|0 fnt\n|faint|p2a: Gyarados\n|\n|-heal|p1a: Pigstein|61\/100|[from] item: Leftovers\n|upkeep\n|\n|t:|1699832790\n|switch|p2a: Arcanine|Arcanine-Hisui, F, shiny|100\/100\n|turn|3\n|\n|t:|1699832803\n|switch|p1a: Bub|Glimmora, F|100\/100\n|-item|p1a: Bub|Air Balloon\n|move|p2a: Arcanine|Flare Blitz|p1a: Bub\n|-resisted|p1a: Bub\n|-damage|p1a: Bub|64\/100\n|-activate|p1a: Bub|ability: Toxic Debris\n|-sidestart|p2: nman423|move: Toxic Spikes\n|-enditem|p1a: Bub|Air Balloon\n|-damage|p2a: Arcanine|91\/100|[from] item: Life Orb\n|\n|upkeep\n|turn|4\n|\n|t:|1699832816\n|move|p2a: Arcanine|Psychic Fangs|p1a: Bub\n|-supereffective|p1a: Bub\n|-damage|p1a: Bub|0 fnt\n|-activate|p1a: Bub|ability: Toxic Debris\n|-sidestart|p2: nman423|move: Toxic Spikes\n|faint|p1a: Bub\n|-damage|p2a: Arcanine|81\/100|[from] item: Life Orb\n|\n|upkeep\n|inactive|samthedingus has 120 seconds left.\n|\n|t:|1699832851\n|switch|p1a: Weep|Landorus-Therian, M|100\/100\n|-ability|p1a: Weep|Intimidate|boost\n|-unboost|p2a: Arcanine|atk|1\n|turn|5\n|inactive|samthedingus has 120 seconds left.\n|\n|t:|1699832873\n|move|p2a: Arcanine|Flare Blitz|p1a: Weep\n|-damage|p1a: Weep|46\/100\n|-damage|p2a: Arcanine|71\/100|[from] item: Life Orb\n|move|p1a: Weep|Rock Polish|p1a: Weep\n|-boost|p1a: Weep|spe|2\n|\n|upkeep\n|turn|6\n|\n|t:|1699832883\n|switch|p2a: Dragonite|Dragonite, F, shiny|100\/100\n|move|p1a: Weep|Earthquake|p2a: Dragonite\n|-immune|p2a: Dragonite\n|\n|upkeep\n|turn|7\n|inactive|samthedingus has 120 seconds left.\n|\n|t:|1699832899\n|move|p1a: Weep|U-turn|p2a: Dragonite\n|-resisted|p2a: Dragonite\n|-damage|p2a: Dragonite|91\/100\n|-damage|p1a: Weep|36\/100|[from] item: Life Orb\n|inactive|samthedingus has 120 seconds left.\n|\n|t:|1699832906\n|switch|p1a: Broton|Rotom-Wash|100\/100|[from] U-turn\n|move|p2a: Dragonite|Dragon Dance|p2a: Dragonite\n|-boost|p2a: Dragonite|atk|1\n|-boost|p2a: Dragonite|spe|1\n|\n|upkeep\n|turn|8\n|\n|t:|1699832914\n|-terastallize|p2a: Dragonite|Normal\n|move|p2a: Dragonite|Extreme Speed|p1a: Broton\n|-damage|p1a: Broton|0 fnt\n|faint|p1a: Broton\n|\n|upkeep\n|inactive|samthedingus has 120 seconds left.\n|\n|t:|1699832928\n|switch|p1a: Weep|Landorus-Therian, M|36\/100\n|-ability|p1a: Weep|Intimidate|boost\n|-unboost|p2a: Dragonite|atk|1\n|turn|9\n|\n|t:|1699832937\n|move|p2a: Dragonite|Ice Spinner|p1a: Weep\n|-supereffective|p1a: Weep\n|-damage|p1a: Weep|0 fnt\n|faint|p1a: Weep\n|\n|upkeep\n|\n|t:|1699832943\n|switch|p1a: Zoro|Zamazenta|100\/100\n|-ability|p1a: Zoro|Dauntless Shield|boost\n|-boost|p1a: Zoro|def|1\n|turn|10\n|\n|t:|1699832954\n|move|p2a: Dragonite|Extreme Speed|p1a: Zoro\n|-damage|p1a: Zoro|67\/100\n|move|p1a: Zoro|Brick Break|p2a: Dragonite\n|-supereffective|p2a: Dragonite\n|-damage|p2a: Dragonite|8\/100\n|\n|-heal|p1a: Zoro|73\/100|[from] item: Leftovers\n|upkeep\n|turn|11\n|\n|t:|1699832965\n|switch|p2a: Mimikyu|Mimikyu, F, shiny|100\/100\n|-status|p2a: Mimikyu|tox\n|move|p1a: Zoro|Brick Break|p2a: Mimikyu\n|-immune|p2a: Mimikyu\n|\n|-heal|p1a: Zoro|79\/100|[from] item: Leftovers\n|-damage|p2a: Mimikyu|94\/100 tox|[from] psn\n|upkeep\n|turn|12\n|\n|t:|1699832979\n|-terastallize|p1a: Zoro|Steel\n|move|p1a: Zoro|Iron Head|p2a: Mimikyu\n|-activate|p2a: Mimikyu|ability: Disguise\n|-damage|p2a: Mimikyu|94\/100 tox\n|detailschange|p2a: Mimikyu|Mimikyu-Busted, F, shiny\n|-damage|p2a: Mimikyu|82\/100 tox|[from] pokemon: Mimikyu-Busted\n|move|p2a: Mimikyu|Trick Room|p2a: Mimikyu\n|-fieldstart|move: Trick Room|[of] p2a: Mimikyu\n|\n|-heal|p1a: Zoro|85\/100|[from] item: Leftovers\n|-damage|p2a: Mimikyu|70\/100 tox|[from] psn\n|upkeep\n|turn|13\n|\n|t:|1699832999\n|move|p2a: Mimikyu|Curse|p1a: Zoro\n|-start|p1a: Zoro|Curse|[of] p2a: Mimikyu\n|-damage|p2a: Mimikyu|20\/100 tox\n|move|p1a: Zoro|Substitute|p1a: Zoro\n|-start|p1a: Zoro|Substitute\n|-damage|p1a: Zoro|60\/100\n|\n|-heal|p1a: Zoro|67\/100|[from] item: Leftovers\n|-damage|p2a: Mimikyu|1\/100 tox|[from] psn\n|-damage|p1a: Zoro|42\/100|[from] Curse\n|upkeep\n|turn|14\n|inactive|nman423 has 120 seconds left.\n|\n|t:|1699833022\n|switch|p2a: Arcanine|Arcanine-Hisui, F, shiny|71\/100\n|-status|p2a: Arcanine|tox\n|move|p1a: Zoro|Iron Head|p2a: Arcanine\n|-damage|p2a: Arcanine|21\/100 tox\n|\n|-heal|p1a: Zoro|48\/100|[from] item: Leftovers\n|-damage|p2a: Arcanine|15\/100 tox|[from] psn\n|-damage|p1a: Zoro|23\/100|[from] Curse\n|upkeep\n|turn|15\n|inactive|nman423 has 120 seconds left.\n|\n|t:|1699833034\n|move|p2a: Arcanine|Flare Blitz|p1a: Zoro\n|-supereffective|p1a: Zoro\n|-end|p1a: Zoro|Substitute\n|-damage|p2a: Arcanine|5\/100 tox|[from] item: Life Orb\n|move|p1a: Zoro|Brick Break|p2a: Arcanine\n|-supereffective|p2a: Arcanine\n|-damage|p2a: Arcanine|0 fnt\n|faint|p2a: Arcanine\n|\n|-heal|p1a: Zoro|29\/100|[from] item: Leftovers\n|-damage|p1a: Zoro|4\/100|[from] Curse\n|upkeep\n|inactive|nman423 has 120 seconds left.\n|\n|t:|1699833052\n|switch|p2a: Iron Hands|Iron Hands, shiny|100\/100\n|-status|p2a: Iron Hands|tox\n|turn|16\n|\n|t:|1699833069\n|move|p2a: Iron Hands|Swords Dance|p2a: Iron Hands\n|-boost|p2a: Iron Hands|atk|2\n|move|p1a: Zoro|Brick Break|p2a: Iron Hands\n|-damage|p2a: Iron Hands|74\/100 tox\n|\n|-heal|p2a: Iron Hands|80\/100 tox|[from] item: Leftovers\n|-heal|p1a: Zoro|10\/100|[from] item: Leftovers\n|-damage|p2a: Iron Hands|74\/100 tox|[from] psn\n|-damage|p1a: Zoro|0 fnt|[from] Curse\n|faint|p1a: Zoro\n|-fieldend|move: Trick Room\n|upkeep\n|\n|t:|1699833081\n|switch|p1a: Johnny Test|Tapu Koko|100\/100\n|-fieldstart|move: Electric Terrain|[from] ability: Electric Surge|[of] p1a: Johnny Test\n|-activate|p2a: Iron Hands|ability: Quark Drive\n|-start|p2a: Iron Hands|quarkdriveatk\n|turn|17\n|inactive|nman423 has 120 seconds left.\n|\n|t:|1699833092\n|move|p1a: Johnny Test|Dazzling Gleam|p2a: Iron Hands\n|-supereffective|p2a: Iron Hands\n|-damage|p2a: Iron Hands|1\/100 tox\n|-damage|p1a: Johnny Test|91\/100|[from] item: Life Orb\n|move|p2a: Iron Hands|Ice Punch|p1a: Johnny Test\n|-damage|p1a: Johnny Test|1\/100\n|\n|-heal|p2a: Iron Hands|7\/100 tox|[from] item: Leftovers\n|-damage|p2a: Iron Hands|0 fnt|[from] psn\n|faint|p2a: Iron Hands\n|-end|p2a: Iron Hands|Quark Drive|[silent]\n|upkeep\n|inactive|nman423 has 120 seconds left.\n|\n|t:|1699833101\n|switch|p2a: Dragonite|Dragonite, F, shiny, tera:Normal|8\/100\n|-status|p2a: Dragonite|tox\n|turn|18\n|\n|t:|1699833106\n|switch|p1a: Pigstein|Ferrothorn, F|61\/100\n|move|p2a: Dragonite|Extreme Speed|p1a: Pigstein\n|-resisted|p1a: Pigstein\n|-damage|p1a: Pigstein|40\/100\n|-damage|p2a: Dragonite|0 fnt|[from] ability: Iron Barbs|[of] p1a: Pigstein\n|faint|p2a: Dragonite\n|\n|-heal|p1a: Pigstein|47\/100|[from] item: Leftovers\n|upkeep\n|inactive|nman423 has 120 seconds left.\n|\n|t:|1699833133\n|switch|p2a: Mimikyu|Mimikyu-Busted, F, shiny|1\/100 tox\n|turn|19\n|\n|t:|1699833158\n|move|p1a: Pigstein|Gyro Ball|p2a: Mimikyu\n|-supereffective|p2a: Mimikyu\n|-damage|p2a: Mimikyu|0 fnt\n|faint|p2a: Mimikyu\n|\n|-heal|p1a: Pigstein|53\/100|[from] item: Leftovers\n|upkeep\n|inactive|nman423 has 120 seconds left.\n|c|\u2606samthedingus|what move did you use lol\n|inactive|nman423 has 90 seconds left.\n|c|\u2606samthedingus|no way I'm faster\n|inactive|nman423 has 60 seconds left.\n|c|\u2606nman423|I used trick room to help set up Dozo. how were you faster...\n|\n|t:|1699833228\n|switch|p2a: Dondozo|Dondozo, F, shiny|100\/100\n|-status|p2a: Dondozo|tox\n|turn|20\n|inactive|nman423 has 60 seconds left.\n|\n|t:|1699833242\n|move|p2a: Dondozo|Earthquake|p1a: Pigstein\n|-damage|p1a: Pigstein|34\/100\n|move|p1a: Pigstein|Leech Seed|p2a: Dondozo\n|-start|p2a: Dondozo|move: Leech Seed\n|\n|-heal|p1a: Pigstein|41\/100|[from] item: Leftovers\n|-damage|p2a: Dondozo|88\/100 tox|[from] Leech Seed|[of] p1a: Pigstein\n|-heal|p1a: Pigstein|58\/100|[silent]\n|-damage|p2a: Dondozo|82\/100 tox|[from] psn\n|upkeep\n|turn|21\n|\n|t:|1699833252\n|move|p2a: Dondozo|Curse|p2a: Dondozo\n|-unboost|p2a: Dondozo|spe|1\n|-boost|p2a: Dondozo|atk|1\n|-boost|p2a: Dondozo|def|1\n|move|p1a: Pigstein|Power Whip|p2a: Dondozo|[miss]\n|-miss|p1a: Pigstein|p2a: Dondozo\n|\n|-heal|p2a: Dondozo|88\/100 tox|[from] item: Leftovers\n|-heal|p1a: Pigstein|65\/100|[from] item: Leftovers\n|-damage|p2a: Dondozo|75\/100 tox|[from] Leech Seed|[of] p1a: Pigstein\n|-heal|p1a: Pigstein|83\/100|[silent]\n|-damage|p2a: Dondozo|63\/100 tox|[from] psn\n|-fieldend|move: Electric Terrain\n|upkeep\n|turn|22\n|c|\u2606samthedingus|always\n|\n|t:|1699833264\n|move|p2a: Dondozo|Earthquake|p1a: Pigstein\n|-damage|p1a: Pigstein|57\/100\n|move|p1a: Pigstein|Power Whip|p2a: Dondozo\n|-supereffective|p2a: Dondozo\n|-damage|p2a: Dondozo|24\/100 tox\n|\n|-heal|p2a: Dondozo|30\/100 tox|[from] item: Leftovers\n|-heal|p1a: Pigstein|63\/100|[from] item: Leftovers\n|-damage|p2a: Dondozo|18\/100 tox|[from] Leech Seed|[of] p1a: Pigstein\n|-heal|p1a: Pigstein|81\/100|[silent]\n|-damage|p2a: Dondozo|0 fnt|[from] psn\n|faint|p2a: Dondozo\n|\n|win|samthedingus\n|upkeep\n|raw|samthedingus's rating: 1384 &rarr; <strong>1399<\/strong><br \/>(+15 for winning)\n|raw|nman423's rating: 1292 &rarr; <strong>1273<\/strong><br \/>(-19 for losing)\n|c|\u2606samthedingus|gg\n|c|\u2606nman423|gg\n|c|\u2606nman423|still confused how you were faster\n|c|\u2606samthedingus|lagging tail?\n|c|\u2606samthedingus|hard to say\n|c|\u2606nman423|naw, he has a z-crystal\n|c|\u2606nman423|and 297 speed\n|c|\u2606samthedingus|45 speed...\n|c|\u2606nman423|tf?\n|c|\u2606samthedingus|life machine broke\n","uploadtime":1699833277,"views":22,"p1id":"samthedingus","p2id":"nman423","formatid":"gen9nationaldex","rating":1273,"private":0,"password":""}