{"id":"gen9nationaldex-1989482530","p1":"xiezhouqun","p2":"Tokiwakano","format":"[Gen 9] National Dex","log":"|j|\u2606xiezhouqun\n|j|\u2606Tokiwakano\n|t:|1699857913\n|gametype|singles\n|player|p1|xiezhouqun|fisherman-gen4|1532\n|player|p2|Tokiwakano|caitlin|1711\n|teamsize|p1|6\n|teamsize|p2|6\n|gen|9\n|tier|[Gen 9] National Dex\n|rated|\n|rule|HP Percentage Mod: HP is shown in percentages\n|rule|Endless Battle Clause: Forcing endless battles is banned\n|rule|OHKO Clause: OHKO moves are banned\n|rule|Evasion Clause: Evasion abilities, items, and moves are banned\n|rule|Evasion Abilities Clause: Evasion abilities are banned\n|rule|Evasion Items Clause: Evasion items are banned\n|rule|Evasion Moves Clause: Evasion moves are banned\n|rule|Species Clause: Limit one of each Pok\u00e9mon\n|rule|Sleep Clause Mod: Limit one foe put to sleep\n|clearpoke\n|poke|p1|Serperior, F|\n|poke|p1|Rillaboom, M|\n|poke|p1|Charizard, F|\n|poke|p1|Garchomp, M|\n|poke|p1|Landorus-Therian, M|\n|poke|p1|Aegislash, F|\n|poke|p2|Tapu Koko|\n|poke|p2|Iron Valiant|\n|poke|p2|Garchomp, M|\n|poke|p2|Ferrothorn, F|\n|poke|p2|Scizor, M|\n|poke|p2|Gliscor, F|\n|teampreview\n|inactive|Battle timer is ON: inactive players will automatically lose when time's up. (requested by Tokiwakano)\n|\n|t:|1699857921\n|start\n|switch|p1a: Serperior|Serperior, F|100\/100\n|switch|p2a: Tapu Koko|Tapu Koko|100\/100\n|-fieldstart|move: Electric Terrain|[from] ability: Electric Surge|[of] p2a: Tapu Koko\n|turn|1\n|\n|t:|1699857930\n|move|p2a: Tapu Koko|Toxic|p1a: Serperior|[miss]\n|-miss|p2a: Tapu Koko|p1a: Serperior\n|move|p1a: Serperior|Leaf Storm|p2a: Tapu Koko\n|-damage|p2a: Tapu Koko|41\/100\n|-boost|p1a: Serperior|spa|2\n|\n|upkeep\n|turn|2\n|\n|t:|1699857940\n|move|p2a: Tapu Koko|Volt Switch|p1a: Serperior\n|-resisted|p1a: Serperior\n|-damage|p1a: Serperior|79\/100\n|\n|t:|1699857943\n|switch|p2a: Ferrothorn|Ferrothorn, F|100\/100|[from] Volt Switch\n|move|p1a: Serperior|Substitute|p1a: Serperior\n|-start|p1a: Serperior|Substitute\n|-damage|p1a: Serperior|54\/100\n|\n|-heal|p1a: Serperior|60\/100|[from] item: Leftovers\n|upkeep\n|turn|3\n|\n|t:|1699857954\n|move|p1a: Serperior|Glare|p2a: Ferrothorn\n|-status|p2a: Ferrothorn|par\n|cant|p2a: Ferrothorn|par\n|\n|-heal|p1a: Serperior|66\/100|[from] item: Leftovers\n|upkeep\n|turn|4\n|\n|t:|1699857962\n|switch|p1a: Charizard|Charizard, F|100\/100\n|move|p2a: Ferrothorn|Gyro Ball|p1a: Charizard\n|-resisted|p1a: Charizard\n|-damage|p1a: Charizard|66\/100\n|\n|upkeep\n|turn|5\n|\n|t:|1699857970\n|switch|p2a: Garchomp|Garchomp, M|100\/100\n|detailschange|p1a: Charizard|Charizard-Mega-Y, F\n|-mega|p1a: Charizard|Charizard|Charizardite Y\n|-weather|SunnyDay|[from] ability: Drought|[of] p1a: Charizard\n|move|p1a: Charizard|Flamethrower|p2a: Garchomp\n|-resisted|p2a: Garchomp\n|-damage|p2a: Garchomp|58\/100\n|-status|p2a: Garchomp|brn\n|\n|-weather|SunnyDay|[upkeep]\n|-damage|p2a: Garchomp|52\/100 brn|[from] brn\n|-fieldend|move: Electric Terrain\n|upkeep\n|turn|6\n|\n|t:|1699857984\n|move|p2a: Garchomp|Stone Edge|p1a: Charizard\n|-supereffective|p1a: Charizard\n|-damage|p1a: Charizard|0 fnt\n|faint|p1a: Charizard\n|\n|-weather|SunnyDay|[upkeep]\n|-damage|p2a: Garchomp|46\/100 brn|[from] brn\n|upkeep\n|\n|t:|1699858006\n|switch|p1a: Garchomp|Garchomp, M|100\/100\n|turn|7\n|\n|t:|1699858009\n|move|p1a: Garchomp|Swords Dance|p1a: Garchomp\n|-boost|p1a: Garchomp|atk|2\n|-zpower|p2a: Garchomp\n|move|p2a: Garchomp|Devastating Drake|p1a: Garchomp|[zeffect]\n|-supereffective|p1a: Garchomp\n|-crit|p1a: Garchomp\n|-damage|p1a: Garchomp|0 fnt\n|faint|p1a: Garchomp\n|\n|-weather|SunnyDay|[upkeep]\n|-damage|p2a: Garchomp|39\/100 brn|[from] brn\n|upkeep\n|\n|t:|1699858023\n|switch|p1a: Landorus|Landorus-Therian, M|100\/100\n|-ability|p1a: Landorus|Intimidate|boost\n|-unboost|p2a: Garchomp|atk|1\n|turn|8\n|\n|t:|1699858029\n|move|p2a: Garchomp|Outrage|p1a: Landorus\n|-damage|p1a: Landorus|81\/100\n|move|p1a: Landorus|Substitute|p1a: Landorus\n|-start|p1a: Landorus|Substitute\n|-damage|p1a: Landorus|56\/100\n|\n|-weather|SunnyDay|[upkeep]\n|-heal|p1a: Landorus|62\/100|[from] item: Leftovers\n|-damage|p2a: Garchomp|33\/100 brn|[from] brn\n|upkeep\n|turn|9\n|\n|t:|1699858039\n|move|p2a: Garchomp|Outrage|p1a: Landorus|[from]lockedmove\n|-activate|p1a: Landorus|move: Substitute|[damage]\n|move|p1a: Landorus|Bulk Up|p1a: Landorus\n|-boost|p1a: Landorus|atk|1\n|-boost|p1a: Landorus|def|1\n|\n|-weather|none\n|-heal|p1a: Landorus|68\/100|[from] item: Leftovers\n|-damage|p2a: Garchomp|27\/100 brn|[from] brn\n|upkeep\n|turn|10\n|\n|t:|1699858052\n|move|p2a: Garchomp|Outrage|p1a: Landorus|[from]lockedmove\n|-end|p1a: Landorus|Substitute\n|-start|p2a: Garchomp|confusion|[fatigue]\n|move|p1a: Landorus|Substitute|p1a: Landorus\n|-start|p1a: Landorus|Substitute\n|-damage|p1a: Landorus|43\/100\n|\n|-heal|p1a: Landorus|50\/100|[from] item: Leftovers\n|-damage|p2a: Garchomp|21\/100 brn|[from] brn\n|upkeep\n|turn|11\n|\n|t:|1699858068\n|-activate|p2a: Garchomp|confusion\n|move|p2a: Garchomp|Stone Edge|p1a: Landorus\n|-activate|p1a: Landorus|move: Substitute|[damage]\n|move|p1a: Landorus|Bulk Up|p1a: Landorus\n|-boost|p1a: Landorus|atk|1\n|-boost|p1a: Landorus|def|1\n|\n|-heal|p1a: Landorus|56\/100|[from] item: Leftovers\n|-damage|p2a: Garchomp|15\/100 brn|[from] brn\n|upkeep\n|turn|12\n|\n|t:|1699858081\n|-activate|p2a: Garchomp|confusion\n|move|p2a: Garchomp|Swords Dance|p2a: Garchomp\n|-boost|p2a: Garchomp|atk|2\n|move|p1a: Landorus|Bulk Up|p1a: Landorus\n|-boost|p1a: Landorus|atk|1\n|-boost|p1a: Landorus|def|1\n|\n|-heal|p1a: Landorus|62\/100|[from] item: Leftovers\n|-damage|p2a: Garchomp|9\/100 brn|[from] brn\n|upkeep\n|turn|13\n|\n|t:|1699858093\n|-end|p2a: Garchomp|confusion\n|move|p2a: Garchomp|Stone Edge|p1a: Landorus\n|-activate|p1a: Landorus|move: Substitute|[damage]\n|move|p1a: Landorus|Bulk Up|p1a: Landorus\n|-boost|p1a: Landorus|atk|1\n|-boost|p1a: Landorus|def|1\n|\n|-heal|p1a: Landorus|68\/100|[from] item: Leftovers\n|-damage|p2a: Garchomp|2\/100 brn|[from] brn\n|upkeep\n|turn|14\n|\n|t:|1699858107\n|move|p2a: Garchomp|Outrage|p1a: Landorus\n|-end|p1a: Landorus|Substitute\n|move|p1a: Landorus|Substitute|p1a: Landorus\n|-start|p1a: Landorus|Substitute\n|-damage|p1a: Landorus|43\/100\n|\n|-heal|p1a: Landorus|50\/100|[from] item: Leftovers\n|-damage|p2a: Garchomp|0 fnt|[from] brn\n|faint|p2a: Garchomp\n|upkeep\n|\n|t:|1699858115\n|switch|p2a: Tapu Koko|Tapu Koko|41\/100\n|-fieldstart|move: Electric Terrain|[from] ability: Electric Surge|[of] p2a: Tapu Koko\n|turn|15\n|\n|t:|1699858122\n|move|p2a: Tapu Koko|Hidden Power|p1a: Landorus\n|-supereffective|p1a: Landorus\n|-end|p1a: Landorus|Substitute\n|move|p1a: Landorus|Smack Down|p2a: Tapu Koko\n|-damage|p2a: Tapu Koko|0 fnt\n|faint|p2a: Tapu Koko\n|\n|-heal|p1a: Landorus|56\/100|[from] item: Leftovers\n|upkeep\n|\n|t:|1699858128\n|switch|p2a: Iron Valiant|Iron Valiant|100\/100\n|-activate|p2a: Iron Valiant|ability: Quark Drive\n|-start|p2a: Iron Valiant|quarkdrivespe\n|turn|16\n|\n|t:|1699858137\n|move|p2a: Iron Valiant|Moonblast|p1a: Landorus\n|-damage|p1a: Landorus|0 fnt\n|faint|p1a: Landorus\n|\n|upkeep\n|l|\u2606xiezhouqun\n|inactive|xiezhouqun disconnected and has a minute to reconnect!\n|player|p1|\n|inactive|xiezhouqun has 30 seconds to reconnect!\n|j|\u2606xiezhouqun\n|inactive|xiezhouqun reconnected and has 105 seconds left.\n|player|p1|xiezhouqun|fisherman-gen4\n|\n|t:|1699858193\n|switch|p1a: Aegislash|Aegislash, F|100\/100\n|turn|17\n|\n|t:|1699858198\n|-end|p2a: Iron Valiant|Quark Drive|[silent]\n|switch|p2a: Gliscor|Gliscor, F|100\/100\n|move|p1a: Aegislash|Swords Dance|p1a: Aegislash\n|-boost|p1a: Aegislash|atk|2\n|\n|-status|p2a: Gliscor|tox|[from] item: Toxic Orb\n|upkeep\n|turn|18\n|\n|t:|1699858207\n|move|p2a: Gliscor|Earthquake|p1a: Aegislash\n|-supereffective|p1a: Aegislash\n|-damage|p1a: Aegislash|42\/100\n|-enditem|p1a: Aegislash|Weakness Policy\n|-boost|p1a: Aegislash|atk|2|[from] item: Weakness Policy\n|-boost|p1a: Aegislash|spa|2|[from] item: Weakness Policy\n|move|p1a: Aegislash|Swords Dance|p1a: Aegislash\n|-boost|p1a: Aegislash|atk|2\n|\n|upkeep\n|turn|19\n|\n|t:|1699858217\n|-formechange|p1a: Aegislash|Aegislash-Blade||[from] ability: Stance Change\n|move|p1a: Aegislash|Shadow Sneak|p2a: Gliscor\n|-damage|p2a: Gliscor|25\/100 tox\n|move|p2a: Gliscor|Earthquake|p1a: Aegislash\n|-supereffective|p1a: Aegislash\n|-damage|p1a: Aegislash|0 fnt\n|faint|p1a: Aegislash\n|\n|-heal|p2a: Gliscor|38\/100 tox|[from] ability: Poison Heal\n|-fieldend|move: Electric Terrain\n|upkeep\n|\n|t:|1699858229\n|switch|p1a: Rillaboom|Rillaboom, M|100\/100\n|-fieldstart|move: Grassy Terrain|[from] ability: Grassy Surge|[of] p1a: Rillaboom\n|turn|20\n|\n|t:|1699858237\n|switch|p2a: Scizor|Scizor, M|100\/100\n|move|p1a: Rillaboom|Swords Dance|p1a: Rillaboom\n|-boost|p1a: Rillaboom|atk|2\n|\n|upkeep\n|turn|21\n|\n|t:|1699858258\n|detailschange|p2a: Scizor|Scizor-Mega, M\n|-mega|p2a: Scizor|Scizor|Scizorite\n|move|p1a: Rillaboom|Swords Dance|p1a: Rillaboom\n|-boost|p1a: Rillaboom|atk|2\n|move|p2a: Scizor|U-turn|p1a: Rillaboom\n|-supereffective|p1a: Rillaboom\n|-damage|p1a: Rillaboom|37\/100\n|j| Hyjinks\n|inactive|Tokiwakano has 120 seconds left.\n|\n|t:|1699858288\n|switch|p2a: Ferrothorn|Ferrothorn, F|100\/100 par|[from] U-turn\n|\n|-heal|p1a: Rillaboom|43\/100|[from] Grassy Terrain\n|-heal|p1a: Rillaboom|49\/100|[from] item: Leftovers\n|upkeep\n|turn|22\n|\n|t:|1699858297\n|switch|p2a: Gliscor|Gliscor, F|38\/100 tox\n|move|p1a: Rillaboom|Drain Punch|p2a: Gliscor\n|-resisted|p2a: Gliscor\n|-damage|p2a: Gliscor|2\/100 tox\n|-heal|p1a: Rillaboom|65\/100|[from] drain|[of] p2a: Gliscor\n|\n|-heal|p1a: Rillaboom|71\/100|[from] Grassy Terrain\n|-heal|p1a: Rillaboom|77\/100|[from] item: Leftovers\n|-heal|p2a: Gliscor|14\/100 tox|[from] ability: Poison Heal\n|upkeep\n|turn|23\n|\n|t:|1699858310\n|move|p2a: Gliscor|Toxic|p1a: Rillaboom|[miss]\n|-miss|p2a: Gliscor|p1a: Rillaboom\n|move|p1a: Rillaboom|Drain Punch|p2a: Gliscor\n|-resisted|p2a: Gliscor\n|-damage|p2a: Gliscor|0 fnt\n|-heal|p1a: Rillaboom|83\/100|[from] drain|[of] p2a: Gliscor\n|faint|p2a: Gliscor\n|\n|-heal|p1a: Rillaboom|89\/100|[from] Grassy Terrain\n|-heal|p1a: Rillaboom|95\/100|[from] item: Leftovers\n|upkeep\n|\n|t:|1699858317\n|switch|p2a: Scizor|Scizor-Mega, M|100\/100\n|turn|24\n|inactive|xiezhouqun has 120 seconds left.\n|\n|t:|1699858327\n|move|p1a: Rillaboom|Drain Punch|p2a: Scizor\n|-damage|p2a: Scizor|38\/100\n|-heal|p1a: Rillaboom|100\/100|[from] drain|[of] p2a: Scizor\n|move|p2a: Scizor|U-turn|p1a: Rillaboom\n|-supereffective|p1a: Rillaboom\n|-damage|p1a: Rillaboom|30\/100\n|\n|t:|1699858332\n|switch|p2a: Iron Valiant|Iron Valiant|100\/100|[from] U-turn\n|\n|-heal|p1a: Rillaboom|36\/100|[from] Grassy Terrain\n|-heal|p1a: Rillaboom|42\/100|[from] item: Leftovers\n|-fieldend|move: Grassy Terrain\n|upkeep\n|turn|25\n|inactive|xiezhouqun has 120 seconds left.\n|\n|t:|1699858343\n|switch|p1a: Serperior|Serperior, F|66\/100\n|move|p2a: Iron Valiant|Moonblast|p1a: Serperior\n|-damage|p1a: Serperior|0 fnt\n|faint|p1a: Serperior\n|\n|upkeep\n|inactive|xiezhouqun has 120 seconds left.\n|\n|t:|1699858351\n|switch|p1a: Rillaboom|Rillaboom, M|42\/100\n|-fieldstart|move: Grassy Terrain|[from] ability: Grassy Surge|[of] p1a: Rillaboom\n|turn|26\n|\n|t:|1699858357\n|move|p1a: Rillaboom|Grassy Glide|p2a: Iron Valiant\n|-damage|p2a: Iron Valiant|51\/100\n|move|p2a: Iron Valiant|Moonblast|p1a: Rillaboom\n|-damage|p1a: Rillaboom|0 fnt\n|faint|p1a: Rillaboom\n|\n|win|Tokiwakano\n|raw|xiezhouqun's rating: 1532 &rarr; <strong>1521<\/strong><br \/>(-11 for losing)\n|raw|Tokiwakano's rating: 1711 &rarr; <strong>1722<\/strong><br \/>(+11 for winning)\n","uploadtime":1699858364,"views":14,"p1id":"xiezhouqun","p2id":"tokiwakano","formatid":"gen9nationaldex","rating":1521,"private":0,"password":""}