{"id":"gen9nationaldex-1996710060","p1":"SpecsGastr0","p2":"wahrer","format":"[Gen 9] National Dex","log":"|html|<div class=\"broadcast-blue\"><strong>[Gen 9] National Dex is currently suspecting Sneasler! For information on how to participate check out the <a href=\"https:\/\/www.smogon.com\/forums\/threads\/sv-national-dex-suspect-8-just-dance.3731534\/\">suspect thread<\/a>.<\/strong><\/div>\n|j|\u2606SpecsGastr0\n|j|\u2606wahrer\n|t:|1700712810\n|gametype|singles\n|player|p1|SpecsGastr0|colress|1262\n|player|p2|wahrer|burgh|1296\n|teamsize|p1|6\n|teamsize|p2|6\n|gen|9\n|tier|[Gen 9] National Dex\n|rated|\n|rule|HP Percentage Mod: HP is shown in percentages\n|rule|Endless Battle Clause: Forcing endless battles is banned\n|rule|OHKO Clause: OHKO moves are banned\n|rule|Evasion Clause: Evasion abilities, items, and moves are banned\n|rule|Evasion Abilities Clause: Evasion abilities are banned\n|rule|Evasion Items Clause: Evasion items are banned\n|rule|Evasion Moves Clause: Evasion moves are banned\n|rule|Species Clause: Limit one of each Pok\u00e9mon\n|rule|Sleep Clause Mod: Limit one foe put to sleep\n|clearpoke\n|poke|p1|Eldegoss, F|\n|poke|p1|Gallade, M|\n|poke|p1|Crobat, M|\n|poke|p1|Escavalier, M|\n|poke|p1|Ribombee, F|\n|poke|p1|Eelektross, M|\n|poke|p2|Togekiss, F|\n|poke|p2|Golisopod, F|\n|poke|p2|Scizor, F|\n|poke|p2|Sneasler, F|\n|poke|p2|Gliscor, F|\n|poke|p2|Gastrodon-East, F|\n|teampreview\n|c|\u2606wahrer|glhf\n|\n|t:|1700712821\n|start\n|switch|p1a: Rengeteki|Ribombee, F|100\/100\n|switch|p2a: Sneasler|Sneasler, F|100\/100\n|turn|1\n|c|\u2606SpecsGastr0|same to you\n|\n|t:|1700712838\n|move|p2a: Sneasler|Dire Claw|p1a: Rengeteki\n|-supereffective|p1a: Rengeteki\n|-enditem|p1a: Rengeteki|Focus Sash\n|-damage|p1a: Rengeteki|1\/100\n|move|p1a: Rengeteki|Quiver Dance|p1a: Rengeteki\n|-boost|p1a: Rengeteki|spa|1\n|-boost|p1a: Rengeteki|spd|1\n|-boost|p1a: Rengeteki|spe|1\n|\n|upkeep\n|turn|2\n|\n|t:|1700712848\n|move|p1a: Rengeteki|Moonblast|p2a: Sneasler\n|-crit|p2a: Sneasler\n|-enditem|p2a: Sneasler|Focus Sash\n|-damage|p2a: Sneasler|1\/100\n|move|p2a: Sneasler|U-turn|p1a: Rengeteki\n|-resisted|p1a: Rengeteki\n|-damage|p1a: Rengeteki|0 fnt\n|faint|p1a: Rengeteki\n|\n|t:|1700712868\n|switch|p2a: Golisopod|Golisopod, F|100\/100|[from] U-turn\n|\n|upkeep\n|\n|t:|1700712903\n|switch|p1a: Reely Cool|Eelektross, M|100\/100\n|turn|3\n|\n|t:|1700712908\n|-terastallize|p2a: Golisopod|Electric\n|move|p1a: Reely Cool|Bulk Up|p1a: Reely Cool\n|-boost|p1a: Reely Cool|atk|1\n|-boost|p1a: Reely Cool|def|1\n|move|p2a: Golisopod|Knock Off|p1a: Reely Cool\n|-damage|p1a: Reely Cool|73\/100\n|-enditem|p1a: Reely Cool|Leftovers|[from] move: Knock Off|[of] p2a: Golisopod\n|\n|upkeep\n|turn|4\n|\n|t:|1700712923\n|move|p1a: Reely Cool|Bulk Up|p1a: Reely Cool\n|-boost|p1a: Reely Cool|atk|1\n|-boost|p1a: Reely Cool|def|1\n|move|p2a: Golisopod|Leech Life|p1a: Reely Cool\n|-damage|p1a: Reely Cool|48\/100\n|\n|upkeep\n|turn|5\n|\n|t:|1700712932\n|move|p1a: Reely Cool|Wild Charge|p2a: Golisopod\n|-resisted|p2a: Golisopod\n|-damage|p2a: Golisopod|69\/100\n|-damage|p1a: Reely Cool|41\/100|[from] Recoil\n|move|p2a: Golisopod|Leech Life|p1a: Reely Cool\n|-damage|p1a: Reely Cool|15\/100\n|-heal|p2a: Golisopod|83\/100|[from] drain|[of] p1a: Reely Cool\n|\n|upkeep\n|turn|6\n|\n|t:|1700712941\n|move|p1a: Reely Cool|Drain Punch|p2a: Golisopod\n|-damage|p2a: Golisopod|42\/100\n|-heal|p1a: Reely Cool|34\/100|[from] drain|[of] p2a: Golisopod\n|-enditem|p2a: Golisopod|Sitrus Berry|[eat]\n|-heal|p2a: Golisopod|67\/100|[from] item: Sitrus Berry\n|move|p2a: Golisopod|Leech Life|p1a: Reely Cool\n|-damage|p1a: Reely Cool|10\/100\n|-heal|p2a: Golisopod|80\/100|[from] drain|[of] p1a: Reely Cool\n|\n|upkeep\n|turn|7\n|\n|t:|1700712952\n|move|p2a: Golisopod|Aqua Jet|p1a: Reely Cool\n|-damage|p1a: Reely Cool|0 fnt\n|faint|p1a: Reely Cool\n|\n|upkeep\n|\n|t:|1700712962\n|switch|p1a: Wally|Gallade, M|100\/100\n|turn|8\n|\n|t:|1700712967\n|detailschange|p1a: Wally|Gallade-Mega, M\n|-mega|p1a: Wally|Gallade|Galladite\n|move|p1a: Wally|Power-Up Punch|p2a: Golisopod\n|-damage|p2a: Golisopod|60\/100\n|-boost|p1a: Wally|atk|1\n|move|p2a: Golisopod|Leech Life|p1a: Wally\n|-damage|p1a: Wally|48\/100\n|-heal|p2a: Golisopod|81\/100|[from] drain|[of] p1a: Wally\n|\n|upkeep\n|turn|9\n|\n|t:|1700712983\n|move|p1a: Wally|Close Combat|p2a: Golisopod\n|-damage|p2a: Golisopod|0 fnt\n|-unboost|p1a: Wally|def|1\n|-unboost|p1a: Wally|spd|1\n|faint|p2a: Golisopod\n|\n|upkeep\n|\n|t:|1700712990\n|switch|p2a: Scizor|Scizor, F, shiny|100\/100\n|turn|10\n|\n|t:|1700712999\n|switch|p1a: Lancelot|Escavalier, M|100\/100\n|detailschange|p2a: Scizor|Scizor-Mega, F, shiny\n|-mega|p2a: Scizor|Scizor|Scizorite\n|move|p2a: Scizor|Bullet Punch|p1a: Lancelot\n|-resisted|p1a: Lancelot\n|-damage|p1a: Lancelot|84\/100\n|\n|upkeep\n|turn|11\n|\n|t:|1700713009\n|move|p2a: Scizor|Superpower|p1a: Lancelot\n|-damage|p1a: Lancelot|38\/100\n|-unboost|p2a: Scizor|atk|1\n|-unboost|p2a: Scizor|def|1\n|move|p1a: Lancelot|Close Combat|p2a: Scizor\n|-damage|p2a: Scizor|24\/100\n|-unboost|p1a: Lancelot|def|1\n|-unboost|p1a: Lancelot|spd|1\n|-damage|p1a: Lancelot|28\/100|[from] item: Life Orb\n|\n|upkeep\n|turn|12\n|\n|t:|1700713024\n|switch|p1a: Kinkel|Crobat, M|100\/100\n|move|p2a: Scizor|Superpower|p1a: Kinkel\n|-resisted|p1a: Kinkel\n|-damage|p1a: Kinkel|89\/100\n|-unboost|p2a: Scizor|atk|1\n|-unboost|p2a: Scizor|def|1\n|\n|upkeep\n|turn|13\n|\n|t:|1700713034\n|switch|p2a: Gastrodon|Gastrodon-East, F|100\/100\n|move|p1a: Kinkel|Brave Bird|p2a: Gastrodon\n|-damage|p2a: Gastrodon|56\/100\n|-damage|p1a: Kinkel|69\/100|[from] Recoil\n|\n|upkeep\n|turn|14\n|\n|t:|1700713043\n|move|p1a: Kinkel|U-turn|p2a: Gastrodon\n|-damage|p2a: Gastrodon|41\/100\n|\n|t:|1700713046\n|switch|p1a: 1 Point|Eldegoss, F|100\/100|[from] U-turn\n|move|p2a: Gastrodon|Stealth Rock|p1a: 1 Point\n|-sidestart|p1: SpecsGastr0|move: Stealth Rock\n|\n|upkeep\n|turn|15\n|\n|t:|1700713055\n|switch|p2a: Togekiss|Togekiss, F|100\/100\n|move|p1a: 1 Point|Sleep Powder|p2a: Togekiss\n|-status|p2a: Togekiss|slp|[from] move: Sleep Powder\n|\n|upkeep\n|turn|16\n|\n|t:|1700713065\n|cant|p2a: Togekiss|slp\n|move|p1a: 1 Point|Leech Seed|p2a: Togekiss\n|-start|p2a: Togekiss|move: Leech Seed\n|\n|-damage|p2a: Togekiss|88\/100 slp|[from] Leech Seed|[of] p1a: 1 Point\n|upkeep\n|turn|17\n|\n|t:|1700713072\n|-curestatus|p2a: Togekiss|slp|[msg]\n|move|p2a: Togekiss|Air Slash|p1a: 1 Point\n|-supereffective|p1a: 1 Point\n|-damage|p1a: 1 Point|62\/100\n|cant|p1a: 1 Point|flinch\n|\n|-heal|p2a: Togekiss|94\/100|[from] item: Leftovers\n|-damage|p2a: Togekiss|82\/100|[from] Leech Seed|[of] p1a: 1 Point\n|-heal|p1a: 1 Point|76\/100|[silent]\n|upkeep\n|turn|18\n|\n|t:|1700713082\n|move|p2a: Togekiss|Air Slash|p1a: 1 Point\n|-supereffective|p1a: 1 Point\n|-damage|p1a: 1 Point|39\/100\n|cant|p1a: 1 Point|flinch\n|\n|-heal|p2a: Togekiss|88\/100|[from] item: Leftovers\n|-damage|p2a: Togekiss|76\/100|[from] Leech Seed|[of] p1a: 1 Point\n|-heal|p1a: 1 Point|53\/100|[silent]\n|upkeep\n|turn|19\n|\n|t:|1700713091\n|move|p2a: Togekiss|Air Slash|p1a: 1 Point\n|-supereffective|p1a: 1 Point\n|-damage|p1a: 1 Point|12\/100\n|cant|p1a: 1 Point|flinch\n|\n|-heal|p2a: Togekiss|82\/100|[from] item: Leftovers\n|-damage|p2a: Togekiss|70\/100|[from] Leech Seed|[of] p1a: 1 Point\n|-heal|p1a: 1 Point|26\/100|[silent]\n|upkeep\n|turn|20\n|\n|t:|1700713109\n|switch|p1a: Kinkel|Crobat, M|69\/100\n|-damage|p1a: Kinkel|44\/100|[from] Stealth Rock\n|move|p2a: Togekiss|Air Slash|p1a: Kinkel\n|-damage|p1a: Kinkel|7\/100\n|\n|-heal|p2a: Togekiss|76\/100|[from] item: Leftovers\n|-damage|p2a: Togekiss|64\/100|[from] Leech Seed|[of] p1a: Kinkel\n|-heal|p1a: Kinkel|22\/100|[silent]\n|upkeep\n|turn|21\n|\n|t:|1700713130\n|switch|p2a: Gliscor|Gliscor, F|100\/100\n|move|p1a: Kinkel|Poison Fang|p2a: Gliscor\n|-resisted|p2a: Gliscor\n|-damage|p2a: Gliscor|91\/100\n|-status|p2a: Gliscor|tox\n|\n|-heal|p2a: Gliscor|100\/100 tox|[from] ability: Poison Heal\n|upkeep\n|turn|22\n|\n|t:|1700713141\n|move|p1a: Kinkel|Defog|p2a: Gliscor\n|-unboost|p2a: Gliscor|evasion|1\n|-sideend|p1: SpecsGastr0|Stealth Rock|[from] move: Defog|[of] p1a: Kinkel\n|move|p2a: Gliscor|Facade|p1a: Kinkel\n|-damage|p1a: Kinkel|0 fnt\n|faint|p1a: Kinkel\n|\n|upkeep\n|\n|t:|1700713164\n|switch|p1a: Lancelot|Escavalier, M|28\/100\n|turn|23\n|\n|t:|1700713168\n|move|p2a: Gliscor|Earthquake|p1a: Lancelot\n|-damage|p1a: Lancelot|0 fnt\n|faint|p1a: Lancelot\n|\n|upkeep\n|\n|t:|1700713171\n|switch|p1a: 1 Point|Eldegoss, F|60\/100\n|turn|24\n|\n|t:|1700713176\n|move|p2a: Gliscor|Facade|p1a: 1 Point\n|-damage|p1a: 1 Point|11\/100\n|move|p1a: 1 Point|Leech Seed|p2a: Gliscor\n|-start|p2a: Gliscor|move: Leech Seed\n|\n|-damage|p2a: Gliscor|88\/100 tox|[from] Leech Seed|[of] p1a: 1 Point\n|-heal|p1a: 1 Point|22\/100|[silent]\n|-heal|p2a: Gliscor|100\/100 tox|[from] ability: Poison Heal\n|upkeep\n|turn|25\n|\n|t:|1700713185\n|move|p2a: Gliscor|Facade|p1a: 1 Point\n|-damage|p1a: 1 Point|0 fnt\n|faint|p1a: 1 Point\n|\n|upkeep\n|\n|t:|1700713189\n|switch|p1a: Wally|Gallade-Mega, M|48\/100\n|turn|26\n|\n|t:|1700713195\n|move|p1a: Wally|Aqua Cutter|p2a: Gliscor\n|-supereffective|p2a: Gliscor\n|-damage|p2a: Gliscor|50\/100 tox\n|move|p2a: Gliscor|Earthquake|p1a: Wally\n|-damage|p1a: Wally|0 fnt\n|faint|p1a: Wally\n|\n|win|wahrer\n|raw|SpecsGastr0's rating: 1262 &rarr; <strong>1239<\/strong><br \/>(-23 for losing)\n|raw|wahrer's rating: 1296 &rarr; <strong>1319<\/strong><br \/>(+23 for winning)\n","uploadtime":1700713204,"views":8,"p1id":"specsgastr0","p2id":"wahrer","formatid":"gen9nationaldex","rating":1239,"private":0,"password":""}