{"id":"gen9nationaldex-1992676880","p1":"XYStarshone.\u661f\u8000","p2":"MCantando","format":"[Gen 9] National Dex","log":"|j|\u2606XYStarshone.\u661f\u8000\n|j|\u2606MCantando\n|t:|1700224014\n|gametype|singles\n|player|p1|XYStarshone.\u661f\u8000|psychic-lgpe|1502\n|player|p2|MCantando|1|1495\n|teamsize|p1|6\n|teamsize|p2|6\n|gen|9\n|tier|[Gen 9] National Dex\n|rated|\n|rule|HP Percentage Mod: HP is shown in percentages\n|rule|Endless Battle Clause: Forcing endless battles is banned\n|rule|OHKO Clause: OHKO moves are banned\n|rule|Evasion Clause: Evasion abilities, items, and moves are banned\n|rule|Evasion Abilities Clause: Evasion abilities are banned\n|rule|Evasion Items Clause: Evasion items are banned\n|rule|Evasion Moves Clause: Evasion moves are banned\n|rule|Species Clause: Limit one of each Pok\u00e9mon\n|rule|Sleep Clause Mod: Limit one foe put to sleep\n|clearpoke\n|poke|p1|Charizard, M|\n|poke|p1|Hoopa-Unbound|\n|poke|p1|Iron Treads|\n|poke|p1|Ninetales-Alola, F|\n|poke|p1|Azumarill, M|\n|poke|p1|Aegislash, F|\n|poke|p2|Skeledirge, F|\n|poke|p2|Toxapex, F|\n|poke|p2|Eldegoss, M|\n|poke|p2|Pawmot, M|\n|poke|p2|Scizor, F|\n|poke|p2|Clodsire, M|\n|teampreview\n|\n|t:|1700224031\n|start\n|switch|p1a: Ninetales|Ninetales-Alola, F, shiny|100\/100\n|switch|p2a: Scizor|Scizor, F|100\/100\n|-weather|Snow|[from] ability: Snow Warning|[of] p1a: Ninetales\n|turn|1\n|\n|t:|1700224067\n|detailschange|p2a: Scizor|Scizor-Mega, F\n|-mega|p2a: Scizor|Scizor|Scizorite\n|-terastallize|p1a: Ninetales|Water\n|move|p1a: Ninetales|Safeguard|p1a: Ninetales\n|-sidestart|p1: XYStarshone.\u661f\u8000|Safeguard\n|move|p2a: Scizor|Swords Dance|p2a: Scizor\n|-boost|p2a: Scizor|atk|2\n|\n|-weather|Snow|[upkeep]\n|upkeep\n|turn|2\n|\n|t:|1700224079\n|move|p1a: Ninetales|Encore|p2a: Scizor\n|-start|p2a: Scizor|Encore\n|move|p2a: Scizor|Swords Dance|p2a: Scizor\n|-boost|p2a: Scizor|atk|2\n|\n|-weather|Snow|[upkeep]\n|upkeep\n|turn|3\n|\n|t:|1700224092\n|switch|p1a: Charizard|Charizard, M, shiny|100\/100\n|move|p2a: Scizor|Swords Dance|p2a: Scizor\n|-boost|p2a: Scizor|atk|2\n|\n|-weather|Snow|[upkeep]\n|upkeep\n|turn|4\n|\n|t:|1700224160\n|switch|p2a: Toxapex|Toxapex, F, shiny|100\/100\n|detailschange|p1a: Charizard|Charizard-Mega-X, M, shiny\n|-mega|p1a: Charizard|Charizard|Charizardite X\n|move|p1a: Charizard|Dragon Dance|p1a: Charizard\n|-boost|p1a: Charizard|atk|1\n|-boost|p1a: Charizard|spe|1\n|\n|-weather|Snow|[upkeep]\n|upkeep\n|turn|5\n|\n|t:|1700224179\n|move|p2a: Toxapex|Baneful Bunker|p2a: Toxapex\n|-singleturn|p2a: Toxapex|move: Protect\n|move|p1a: Charizard|Earthquake|p2a: Toxapex\n|-activate|p2a: Toxapex|move: Protect\n|\n|-weather|none\n|-sideend|p1: XYStarshone.\u661f\u8000|Safeguard\n|upkeep\n|turn|6\n|\n|t:|1700224200\n|switch|p1a: Iron Treads|Iron Treads|100\/100\n|-enditem|p1a: Iron Treads|Booster Energy\n|-activate|p1a: Iron Treads|ability: Quark Drive|[fromitem]\n|-start|p1a: Iron Treads|quarkdrivespe\n|move|p2a: Toxapex|Toxic|p1a: Iron Treads\n|-immune|p1a: Iron Treads\n|\n|upkeep\n|turn|7\n|\n|t:|1700224210\n|move|p1a: Iron Treads|Stealth Rock|p2a: Toxapex\n|-sidestart|p2: MCantando|move: Stealth Rock\n|move|p2a: Toxapex|Scald|p1a: Iron Treads\n|-supereffective|p1a: Iron Treads\n|-damage|p1a: Iron Treads|65\/100\n|\n|upkeep\n|turn|8\n|\n|t:|1700224216\n|move|p1a: Iron Treads|Earthquake|p2a: Toxapex\n|-supereffective|p2a: Toxapex\n|-damage|p2a: Toxapex|29\/100\n|move|p2a: Toxapex|Scald|p1a: Iron Treads\n|-supereffective|p1a: Iron Treads\n|-damage|p1a: Iron Treads|28\/100\n|-status|p1a: Iron Treads|brn\n|\n|-heal|p2a: Toxapex|35\/100|[from] item: Leftovers\n|-damage|p1a: Iron Treads|21\/100 brn|[from] brn\n|upkeep\n|turn|9\n|\n|t:|1700224228\n|-end|p1a: Iron Treads|Quark Drive|[silent]\n|switch|p1a: Ninetales|Ninetales-Alola, F, shiny, tera:Water|100\/100\n|-weather|Snow|[from] ability: Snow Warning|[of] p1a: Ninetales\n|move|p2a: Toxapex|Baneful Bunker||[still]\n|-fail|p2a: Toxapex\n|\n|-weather|Snow|[upkeep]\n|-heal|p2a: Toxapex|41\/100|[from] item: Leftovers\n|upkeep\n|turn|10\n|\n|t:|1700224237\n|move|p1a: Ninetales|Safeguard|p1a: Ninetales\n|-sidestart|p1: XYStarshone.\u661f\u8000|Safeguard\n|move|p2a: Toxapex|Toxic|p1a: Ninetales\n|-activate|p1a: Ninetales|move: Safeguard\n|\n|-weather|Snow|[upkeep]\n|-heal|p2a: Toxapex|48\/100|[from] item: Leftovers\n|upkeep\n|turn|11\n|\n|t:|1700224245\n|move|p2a: Toxapex|Baneful Bunker|p2a: Toxapex\n|-singleturn|p2a: Toxapex|move: Protect\n|move|p1a: Ninetales|Aurora Veil|p1a: Ninetales\n|-sidestart|p1: XYStarshone.\u661f\u8000|move: Aurora Veil\n|\n|-weather|Snow|[upkeep]\n|-heal|p2a: Toxapex|54\/100|[from] item: Leftovers\n|upkeep\n|turn|12\n|\n|t:|1700224252\n|switch|p2a: Eldegoss|Eldegoss, M|100\/100\n|-damage|p2a: Eldegoss|88\/100|[from] Stealth Rock\n|move|p1a: Ninetales|Freeze-Dry|p2a: Eldegoss\n|-supereffective|p2a: Eldegoss\n|-damage|p2a: Eldegoss|65\/100\n|\n|-weather|Snow|[upkeep]\n|upkeep\n|turn|13\n|\n|t:|1700224262\n|switch|p1a: Charizard|Charizard-Mega-X, M, shiny|100\/100\n|move|p2a: Eldegoss|Rapid Spin|p1a: Charizard\n|-damage|p1a: Charizard|97\/100\n|-boost|p2a: Eldegoss|spe|1\n|-sideend|p2: MCantando|Stealth Rock|[from] move: Rapid Spin|[of] p2a: Eldegoss\n|\n|-weather|none\n|upkeep\n|turn|14\n|\n|t:|1700224279\n|switch|p2a: Skeledirge|Skeledirge, F, shiny|100\/100\n|move|p1a: Charizard|Dragon Dance|p1a: Charizard\n|-boost|p1a: Charizard|atk|1\n|-boost|p1a: Charizard|spe|1\n|\n|-sideend|p1: XYStarshone.\u661f\u8000|Safeguard\n|upkeep\n|turn|15\n|\n|t:|1700224288\n|-terastallize|p2a: Skeledirge|Dark\n|move|p1a: Charizard|Flare Blitz|p2a: Skeledirge\n|-damage|p2a: Skeledirge|36\/100\n|-status|p2a: Skeledirge|brn\n|-damage|p1a: Charizard|68\/100|[from] Recoil\n|move|p2a: Skeledirge|Torch Song|p1a: Charizard\n|-resisted|p1a: Charizard\n|-damage|p1a: Charizard|63\/100\n|-boost|p2a: Skeledirge|spa|1\n|\n|-heal|p2a: Skeledirge|42\/100 brn|[from] item: Leftovers\n|-damage|p2a: Skeledirge|36\/100 brn|[from] brn\n|upkeep\n|turn|16\n|\n|t:|1700224303\n|switch|p2a: Clodsire|Clodsire, M|100\/100\n|move|p1a: Charizard|Dragon Claw|p2a: Clodsire\n|-damage|p2a: Clodsire|47\/100\n|-damage|p1a: Charizard|47\/100|[from] item: Rocky Helmet|[of] p2a: Clodsire\n|\n|upkeep\n|turn|17\n|\n|t:|1700224313\n|move|p1a: Charizard|Earthquake|p2a: Clodsire\n|-supereffective|p2a: Clodsire\n|-damage|p2a: Clodsire|0 fnt\n|faint|p2a: Clodsire\n|\n|upkeep\n|\n|t:|1700224327\n|switch|p2a: Pawmot|Pawmot, M|100\/100\n|turn|18\n|\n|t:|1700224348\n|move|p2a: Pawmot|Close Combat|p1a: Charizard\n|-damage|p1a: Charizard|19\/100\n|-unboost|p2a: Pawmot|def|1\n|-unboost|p2a: Pawmot|spd|1\n|move|p1a: Charizard|Earthquake|p2a: Pawmot\n|-supereffective|p2a: Pawmot\n|-damage|p2a: Pawmot|0 fnt\n|faint|p2a: Pawmot\n|\n|-sideend|p1: XYStarshone.\u661f\u8000|move: Aurora Veil\n|upkeep\n|-message|MCantando forfeited.\n|\n|win|XYStarshone.\u661f\u8000\n|raw|XYStarshone.\u661f\u8000's rating: 1502 &rarr; <strong>1522<\/strong><br \/>(+20 for winning)\n|raw|MCantando's rating: 1495 &rarr; <strong>1475<\/strong><br \/>(-20 for losing)\n|l|\u2606MCantando\n","uploadtime":1700224361,"views":5,"p1id":"xystarshone","p2id":"mcantando","formatid":"gen9nationaldex","rating":1475,"private":0,"password":""}