{"id":"gen9nationaldex-1988133490","p1":"Razorgliscor472","p2":"ThatOneZoro\/Zoa","format":"[Gen 9] National Dex","log":"|j|\u2606Razorgliscor472\n|j|\u2606ThatOneZoro\/Zoa\n|t:|1699673755\n|gametype|singles\n|player|p1|Razorgliscor472|266|\n|player|p2|ThatOneZoro\/Zoa|grusha|\n|teamsize|p1|6\n|teamsize|p2|6\n|gen|9\n|tier|[Gen 9] National Dex\n|rule|HP Percentage Mod: HP is shown in percentages\n|rule|Endless Battle Clause: Forcing endless battles is banned\n|rule|OHKO Clause: OHKO moves are banned\n|rule|Evasion Clause: Evasion abilities, items, and moves are banned\n|rule|Evasion Abilities Clause: Evasion abilities are banned\n|rule|Evasion Items Clause: Evasion items are banned\n|rule|Evasion Moves Clause: Evasion moves are banned\n|rule|Species Clause: Limit one of each Pok\u00e9mon\n|rule|Sleep Clause Mod: Limit one foe put to sleep\n|clearpoke\n|poke|p1|Tapu Lele|\n|poke|p1|Landorus-Therian, M|\n|poke|p1|Alomomola, M|\n|poke|p1|Heatran, F|\n|poke|p1|Sneasler, F|\n|poke|p1|Kartana|\n|poke|p2|Rillaboom, M|\n|poke|p2|Tapu Bulu|\n|poke|p2|Ogerpon-Wellspring, F|\n|poke|p2|Ferrothorn, M|\n|poke|p2|Sneasler, F|\n|poke|p2|Venusaur, M|\n|teampreview\n|inactive|Battle timer is ON: inactive players will automatically lose when time's up. (requested by Razorgliscor472)\n|c|\u2606Razorgliscor472|Glhf\n|c|\u2606ThatOneZoro\/Zoa|u2\n|\n|t:|1699673771\n|start\n|switch|p1a: Tapu Lele|Tapu Lele|100\/100\n|switch|p2a: Tapu Bulu|Tapu Bulu|100\/100\n|-fieldstart|move: Psychic Terrain|[from] ability: Psychic Surge|[of] p1a: Tapu Lele\n|-fieldstart|move: Grassy Terrain|[from] ability: Grassy Surge|[of] p2a: Tapu Bulu\n|turn|1\n|\n|t:|1699673786\n|switch|p1a: Heatran|Heatran, F|100\/100\n|move|p2a: Tapu Bulu|Leech Seed|p1a: Heatran\n|-start|p1a: Heatran|move: Leech Seed\n|\n|-damage|p1a: Heatran|88\/100|[from] Leech Seed|[of] p2a: Tapu Bulu\n|upkeep\n|turn|2\n|\n|t:|1699673802\n|switch|p2a: Sneasler|Sneasler, F|100\/100\n|-enditem|p2a: Sneasler|Grassy Seed\n|-boost|p2a: Sneasler|def|1|[from] item: Grassy Seed\n|move|p1a: Heatran|Magma Storm|p2a: Sneasler\n|-damage|p2a: Sneasler|41\/100\n|-activate|p2a: Sneasler|move: Magma Storm|[of] p1a: Heatran\n|\n|-heal|p2a: Sneasler|47\/100|[from] Grassy Terrain\n|-heal|p1a: Heatran|94\/100|[from] Grassy Terrain\n|-heal|p1a: Heatran|100\/100|[from] item: Leftovers\n|-damage|p1a: Heatran|88\/100|[from] Leech Seed|[of] p2a: Sneasler\n|-heal|p2a: Sneasler|63\/100|[silent]\n|-damage|p2a: Sneasler|50\/100|[from] move: Magma Storm|[partiallytrapped]\n|upkeep\n|turn|3\n|\n|t:|1699673823\n|switch|p1a: Landorus|Landorus-Therian, M|100\/100\n|-ability|p1a: Landorus|Intimidate|boost\n|-unboost|p2a: Sneasler|atk|1\n|move|p2a: Sneasler|Close Combat|p1a: Landorus\n|-resisted|p1a: Landorus\n|-damage|p1a: Landorus|84\/100\n|-unboost|p2a: Sneasler|def|1\n|-unboost|p2a: Sneasler|spd|1\n|-damage|p2a: Sneasler|34\/100|[from] item: Rocky Helmet|[of] p1a: Landorus\n|\n|-heal|p2a: Sneasler|40\/100|[from] Grassy Terrain\n|-end|p2a: Sneasler|Magma Storm|[partiallytrapped]|[silent]\n|upkeep\n|turn|4\n|\n|t:|1699673830\n|move|p2a: Sneasler|Acrobatics|p1a: Landorus\n|-damage|p1a: Landorus|64\/100\n|-damage|p2a: Sneasler|23\/100|[from] item: Rocky Helmet|[of] p1a: Landorus\n|move|p1a: Landorus|Earthquake|p2a: Sneasler\n|-supereffective|p2a: Sneasler\n|-damage|p2a: Sneasler|0 fnt\n|faint|p2a: Sneasler\n|\n|upkeep\n|\n|t:|1699673834\n|switch|p2a: Ogerpon|Ogerpon-Wellspring, F|100\/100\n|turn|5\n|\n|t:|1699673846\n|move|p2a: Ogerpon|Swords Dance|p2a: Ogerpon\n|-boost|p2a: Ogerpon|atk|2\n|move|p1a: Landorus|U-turn|p2a: Ogerpon\n|-supereffective|p2a: Ogerpon\n|-damage|p2a: Ogerpon|45\/100\n|\n|t:|1699673849\n|switch|p1a: Kartana|Kartana|100\/100|[from] U-turn\n|\n|-heal|p2a: Ogerpon|51\/100|[from] Grassy Terrain\n|upkeep\n|turn|6\n|\n|t:|1699673863\n|move|p1a: Kartana|Leaf Blade|p2a: Ogerpon\n|-crit|p2a: Ogerpon\n|-damage|p2a: Ogerpon|0 fnt\n|faint|p2a: Ogerpon\n|-ability|p1a: Kartana|Beast Boost|boost\n|-boost|p1a: Kartana|atk|1\n|\n|upkeep\n|\n|t:|1699673871\n|switch|p2a: Tapu Bulu|Tapu Bulu|100\/100\n|turn|7\n|\n|t:|1699673876\n|switch|p1a: Heatran|Heatran, F|88\/100\n|move|p2a: Tapu Bulu|Bulk Up|p2a: Tapu Bulu\n|-boost|p2a: Tapu Bulu|atk|1\n|-boost|p2a: Tapu Bulu|def|1\n|\n|-heal|p1a: Heatran|94\/100|[from] Grassy Terrain\n|-heal|p1a: Heatran|100\/100|[from] item: Leftovers\n|upkeep\n|turn|8\n|\n|t:|1699673881\n|move|p1a: Heatran|Magma Storm|p2a: Tapu Bulu\n|-supereffective|p2a: Tapu Bulu\n|-damage|p2a: Tapu Bulu|41\/100\n|-activate|p2a: Tapu Bulu|move: Magma Storm|[of] p1a: Heatran\n|move|p2a: Tapu Bulu|Leech Seed|p1a: Heatran\n|-start|p1a: Heatran|move: Leech Seed\n|\n|-heal|p2a: Tapu Bulu|47\/100|[from] Grassy Terrain\n|-damage|p1a: Heatran|88\/100|[from] Leech Seed|[of] p2a: Tapu Bulu\n|-heal|p2a: Tapu Bulu|61\/100|[silent]\n|-damage|p2a: Tapu Bulu|49\/100|[from] move: Magma Storm|[partiallytrapped]\n|-fieldend|move: Grassy Terrain\n|upkeep\n|turn|9\n|\n|t:|1699673892\n|move|p1a: Heatran|Magma Storm|p2a: Tapu Bulu|[miss]\n|-miss|p1a: Heatran|p2a: Tapu Bulu\n|move|p2a: Tapu Bulu|Horn Leech|p1a: Heatran\n|-resisted|p1a: Heatran\n|-damage|p1a: Heatran|77\/100\n|-heal|p2a: Tapu Bulu|55\/100|[from] drain|[of] p1a: Heatran\n|\n|-heal|p1a: Heatran|84\/100|[from] item: Leftovers\n|-damage|p1a: Heatran|71\/100|[from] Leech Seed|[of] p2a: Tapu Bulu\n|-heal|p2a: Tapu Bulu|69\/100|[silent]\n|-damage|p2a: Tapu Bulu|57\/100|[from] move: Magma Storm|[partiallytrapped]\n|upkeep\n|turn|10\n|\n|t:|1699673904\n|move|p1a: Heatran|Magma Storm|p2a: Tapu Bulu\n|-supereffective|p2a: Tapu Bulu\n|-damage|p2a: Tapu Bulu|0 fnt\n|faint|p2a: Tapu Bulu\n|\n|-heal|p1a: Heatran|77\/100|[from] item: Leftovers\n|upkeep\n|\n|t:|1699673908\n|switch|p2a: Rillaboom|Rillaboom, M|100\/100\n|-fieldstart|move: Grassy Terrain|[from] ability: Grassy Surge|[of] p2a: Rillaboom\n|turn|11\n|\n|t:|1699673914\n|switch|p1a: Landorus|Landorus-Therian, M|64\/100\n|-ability|p1a: Landorus|Intimidate|boost\n|-unboost|p2a: Rillaboom|atk|1\n|move|p2a: Rillaboom|High Horsepower|p1a: Landorus\n|-immune|p1a: Landorus\n|\n|upkeep\n|turn|12\n|\n|t:|1699673920\n|switch|p2a: Ferrothorn|Ferrothorn, M|100\/100\n|move|p1a: Landorus|U-turn|p2a: Ferrothorn\n|-damage|p2a: Ferrothorn|87\/100\n|-damage|p1a: Landorus|52\/100|[from] ability: Iron Barbs|[of] p2a: Ferrothorn\n|\n|t:|1699673926\n|switch|p1a: Sneasler|Sneasler, F|100\/100|[from] U-turn\n|\n|-heal|p2a: Ferrothorn|93\/100|[from] Grassy Terrain\n|-heal|p2a: Ferrothorn|99\/100|[from] item: Leftovers\n|upkeep\n|turn|13\n|\n|t:|1699673931\n|move|p1a: Sneasler|Close Combat|p2a: Ferrothorn\n|-supereffective|p2a: Ferrothorn\n|-damage|p2a: Ferrothorn|32\/100\n|-unboost|p1a: Sneasler|def|1\n|-unboost|p1a: Sneasler|spd|1\n|-damage|p1a: Sneasler|88\/100|[from] ability: Iron Barbs|[of] p2a: Ferrothorn\n|move|p2a: Ferrothorn|Gyro Ball|p1a: Sneasler\n|-damage|p1a: Sneasler|0 fnt\n|faint|p1a: Sneasler\n|\n|-heal|p2a: Ferrothorn|39\/100|[from] Grassy Terrain\n|-heal|p2a: Ferrothorn|45\/100|[from] item: Leftovers\n|upkeep\n|\n|t:|1699673944\n|switch|p1a: Heatran|Heatran, F|77\/100\n|turn|14\n|\n|t:|1699673947\n|move|p1a: Heatran|Magma Storm|p2a: Ferrothorn\n|-supereffective|p2a: Ferrothorn\n|-damage|p2a: Ferrothorn|0 fnt\n|faint|p2a: Ferrothorn\n|\n|-heal|p1a: Heatran|84\/100|[from] Grassy Terrain\n|-heal|p1a: Heatran|90\/100|[from] item: Leftovers\n|upkeep\n|\n|t:|1699673951\n|switch|p2a: Venusaur|Venusaur, M|100\/100\n|turn|15\n|\n|t:|1699673954\n|detailschange|p2a: Venusaur|Venusaur-Mega, M\n|-mega|p2a: Venusaur|Venusaur|Venusaurite\n|move|p2a: Venusaur|Sleep Powder|p1a: Heatran|[miss]\n|-miss|p2a: Venusaur|p1a: Heatran\n|move|p1a: Heatran|Magma Storm|p2a: Venusaur\n|-supereffective|p2a: Venusaur\n|-damage|p2a: Venusaur|58\/100\n|-activate|p2a: Venusaur|move: Magma Storm|[of] p1a: Heatran\n|\n|-heal|p2a: Venusaur|64\/100|[from] Grassy Terrain\n|-heal|p1a: Heatran|96\/100|[from] Grassy Terrain\n|-heal|p1a: Heatran|100\/100|[from] item: Leftovers\n|-damage|p2a: Venusaur|52\/100|[from] move: Magma Storm|[partiallytrapped]\n|-fieldend|move: Grassy Terrain\n|upkeep\n|turn|16\n|\n|t:|1699673964\n|switch|p1a: Kartana|Kartana|100\/100\n|move|p2a: Venusaur|Sleep Powder|p1a: Kartana\n|-immune|p1a: Kartana\n|\n|-end|p2a: Venusaur|Magma Storm|[partiallytrapped]|[silent]\n|upkeep\n|turn|17\n|\n|t:|1699673967\n|move|p1a: Kartana|Smart Strike|p2a: Venusaur\n|-damage|p2a: Venusaur|7\/100\n|move|p2a: Venusaur|Giga Drain|p1a: Kartana\n|-resisted|p1a: Kartana\n|-damage|p1a: Kartana|73\/100\n|-heal|p2a: Venusaur|19\/100|[from] drain|[of] p1a: Kartana\n|\n|upkeep\n|turn|18\n|\n|t:|1699673970\n|move|p1a: Kartana|Smart Strike|p2a: Venusaur\n|-damage|p2a: Venusaur|0 fnt\n|faint|p2a: Venusaur\n|-ability|p1a: Kartana|Beast Boost|boost\n|-boost|p1a: Kartana|atk|1\n|\n|upkeep\n|\n|t:|1699673972\n|switch|p2a: Rillaboom|Rillaboom, M|100\/100\n|-fieldstart|move: Grassy Terrain|[from] ability: Grassy Surge|[of] p2a: Rillaboom\n|turn|19\n|\n|t:|1699673978\n|-terastallize|p2a: Rillaboom|Grass\n|move|p2a: Rillaboom|Grassy Glide|p1a: Kartana\n|-resisted|p1a: Kartana\n|-damage|p1a: Kartana|53\/100\n|move|p1a: Kartana|Smart Strike|p2a: Rillaboom\n|-damage|p2a: Rillaboom|21\/100\n|\n|-heal|p1a: Kartana|59\/100|[from] Grassy Terrain\n|-heal|p2a: Rillaboom|27\/100|[from] Grassy Terrain\n|upkeep\n|turn|20\n|\n|t:|1699673983\n|move|p2a: Rillaboom|Grassy Glide|p1a: Kartana\n|-resisted|p1a: Kartana\n|-damage|p1a: Kartana|41\/100\n|move|p1a: Kartana|Smart Strike|p2a: Rillaboom\n|-damage|p2a: Rillaboom|0 fnt\n|faint|p2a: Rillaboom\n|\n|win|Razorgliscor472\n|c|\u2606Razorgliscor472|Gg\n|c|\u2606ThatOneZoro\/Zoa|gg\n","uploadtime":1699673990,"views":6,"p1id":"razorgliscor472","p2id":"thatonezorozoa","formatid":"gen9nationaldex","rating":0,"private":0,"password":""}