{"id":"gen9nationaldex-1993849389","p1":"Yuanshen61\u6211\u8981\u73a9\u539f\u795e","p2":"BRCQ","format":"[Gen 9] National Dex","log":"|j|\u2606Yuanshen61\u6211\u8981\u73a9\u539f\u795e\n|j|\u2606BRCQ\n|t:|1700365012\n|gametype|singles\n|player|p1|Yuanshen61\u6211\u8981\u73a9\u539f\u795e|dawn-contest|1535\n|player|p2|BRCQ|flint|1568\n|teamsize|p1|6\n|teamsize|p2|6\n|gen|9\n|tier|[Gen 9] National Dex\n|rated|\n|rule|HP Percentage Mod: HP is shown in percentages\n|rule|Endless Battle Clause: Forcing endless battles is banned\n|rule|OHKO Clause: OHKO moves are banned\n|rule|Evasion Clause: Evasion abilities, items, and moves are banned\n|rule|Evasion Abilities Clause: Evasion abilities are banned\n|rule|Evasion Items Clause: Evasion items are banned\n|rule|Evasion Moves Clause: Evasion moves are banned\n|rule|Species Clause: Limit one of each Pok\u00e9mon\n|rule|Sleep Clause Mod: Limit one foe put to sleep\n|clearpoke\n|poke|p1|Zoroark-Hisui, M|\n|poke|p1|Cresselia, F|\n|poke|p1|Heatran, F|\n|poke|p1|Tapu Koko|\n|poke|p1|Lopunny, F|\n|poke|p1|Great Tusk|\n|poke|p2|Alomomola, F|\n|poke|p2|Tapu Koko|\n|poke|p2|Iron Valiant|\n|poke|p2|Sneasler, M|\n|poke|p2|Clodsire, M|\n|poke|p2|Lopunny, M|\n|teampreview\n|inactive|Battle timer is ON: inactive players will automatically lose when time's up. (requested by Yuanshen61\u6211\u8981\u73a9\u539f\u795e)\n|\n|t:|1700365031\n|start\n|switch|p1a: Great Tusk|Great Tusk|100\/100\n|switch|p2a: \u5de5\u5177\u4eba|Tapu Koko|100\/100\n|-fieldstart|move: Electric Terrain|[from] ability: Electric Surge|[of] p2a: \u5de5\u5177\u4eba\n|turn|1\n|\n|t:|1700365041\n|move|p2a: \u5de5\u5177\u4eba|Dazzling Gleam|p1a: Great Tusk\n|-damage|p1a: Great Tusk|31\/100\n|replace|p1a: Zoroark|Zoroark-Hisui, M\n|-end|p1a: Zoroark|Illusion\n|move|p1a: Zoroark|Hyper Voice|p2a: \u5de5\u5177\u4eba\n|-damage|p2a: \u5de5\u5177\u4eba|34\/100\n|\n|upkeep\n|turn|2\n|\n|t:|1700365052\n|switch|p2a: Alomomola|Alomomola, F|100\/100\n|switch|p1a: Heatran|Heatran, F|100\/100\n|\n|upkeep\n|turn|3\n|\n|t:|1700365058\n|move|p1a: Heatran|Stealth Rock|p2a: Alomomola\n|-sidestart|p2: BRCQ|move: Stealth Rock\n|move|p2a: Alomomola|Wish|p2a: Alomomola\n|\n|upkeep\n|turn|4\n|\n|t:|1700365068\n|move|p1a: Heatran|Earth Power|p2a: Alomomola\n|-damage|p2a: Alomomola|70\/100\n|move|p2a: Alomomola|Flip Turn|p1a: Heatran\n|-supereffective|p1a: Heatran\n|-damage|p1a: Heatran|71\/100\n|\n|t:|1700365075\n|switch|p2a: \u5de5\u5177\u4eba|Tapu Koko|34\/100|[from] Flip Turn\n|-damage|p2a: \u5de5\u5177\u4eba|22\/100|[from] Stealth Rock\n|\n|-heal|p2a: \u5de5\u5177\u4eba|100\/100|[from] move: Wish|[wisher] Alomomola\n|-heal|p1a: Heatran|77\/100|[from] item: Leftovers\n|upkeep\n|turn|5\n|\n|t:|1700365083\n|move|p2a: \u5de5\u5177\u4eba|Volt Switch|p1a: Heatran\n|-damage|p1a: Heatran|52\/100\n|\n|t:|1700365087\n|switch|p2a: Alomomola|Alomomola, F|100\/100|[from] Volt Switch\n|-damage|p2a: Alomomola|88\/100|[from] Stealth Rock\n|move|p1a: Heatran|Magma Storm|p2a: Alomomola|[miss]\n|-miss|p1a: Heatran|p2a: Alomomola\n|\n|-heal|p1a: Heatran|59\/100|[from] item: Leftovers\n|-fieldend|move: Electric Terrain\n|upkeep\n|turn|6\n|\n|t:|1700365095\n|move|p1a: Heatran|Taunt|p2a: Alomomola\n|-start|p2a: Alomomola|move: Taunt\n|move|p2a: Alomomola|Flip Turn|p1a: Heatran\n|-supereffective|p1a: Heatran\n|-crit|p1a: Heatran\n|-damage|p1a: Heatran|17\/100\n|\n|t:|1700365113\n|switch|p2a: \u5de5\u5177\u4eba|Tapu Koko|100\/100|[from] Flip Turn\n|-damage|p2a: \u5de5\u5177\u4eba|88\/100|[from] Stealth Rock\n|-fieldstart|move: Electric Terrain|[from] ability: Electric Surge|[of] p2a: \u5de5\u5177\u4eba\n|\n|-heal|p1a: Heatran|23\/100|[from] item: Leftovers\n|upkeep\n|turn|7\n|\n|t:|1700365128\n|switch|p1a: Lopunny|Lopunny, F|100\/100\n|move|p2a: \u5de5\u5177\u4eba|Dazzling Gleam|p1a: Lopunny\n|-damage|p1a: Lopunny|55\/100\n|\n|upkeep\n|turn|8\n|\n|t:|1700365136\n|switch|p2a: Alomomola|Alomomola, F|100\/100\n|-damage|p2a: Alomomola|88\/100|[from] Stealth Rock\n|detailschange|p1a: Lopunny|Lopunny-Mega, F\n|-mega|p1a: Lopunny|Lopunny|Lopunnite\n|move|p1a: Lopunny|Fake Out|p2a: Alomomola\n|-crit|p2a: Alomomola\n|-damage|p2a: Alomomola|70\/100\n|-damage|p1a: Lopunny|38\/100|[from] item: Rocky Helmet|[of] p2a: Alomomola\n|\n|upkeep\n|turn|9\n|\n|t:|1700365145\n|switch|p1a: Heatran|Heatran, F|23\/100\n|move|p2a: Alomomola|Flip Turn|p1a: Heatran\n|-supereffective|p1a: Heatran\n|-damage|p1a: Heatran|0 fnt\n|faint|p1a: Heatran\n|\n|t:|1700365152\n|switch|p2a: Lopunny|Lopunny, M, shiny|100\/100|[from] Flip Turn\n|-damage|p2a: Lopunny|88\/100|[from] Stealth Rock\n|\n|upkeep\n|\n|t:|1700365157\n|switch|p1a: Great Tusk|Great Tusk|31\/100\n|turn|10\n|\n|t:|1700365166\n|detailschange|p2a: Lopunny|Lopunny-Mega, M, shiny\n|-mega|p2a: Lopunny|Lopunny|Lopunnite\n|move|p2a: Lopunny|Fake Out|p1a: Great Tusk\n|-damage|p1a: Great Tusk|0 fnt\n|replace|p1a: Zoroark|Zoroark-Hisui, M\n|-end|p1a: Zoroark|Illusion\n|faint|p1a: Zoroark\n|\n|-fieldend|move: Electric Terrain\n|upkeep\n|\n|t:|1700365171\n|switch|p1a: Tapu Koko|Tapu Koko|100\/100\n|-fieldstart|move: Electric Terrain|[from] ability: Electric Surge|[of] p1a: Tapu Koko\n|turn|11\n|\n|t:|1700365177\n|switch|p1a: Cresselia|Cresselia, F|100\/100\n|-enditem|p1a: Cresselia|Electric Seed\n|-boost|p1a: Cresselia|def|1|[from] item: Electric Seed\n|move|p2a: Lopunny|U-turn|p1a: Cresselia\n|-supereffective|p1a: Cresselia\n|-damage|p1a: Cresselia|81\/100\n|\n|t:|1700365193\n|switch|p2a: Alomomola|Alomomola, F|100\/100|[from] U-turn\n|-damage|p2a: Alomomola|88\/100|[from] Stealth Rock\n|\n|upkeep\n|turn|12\n|\n|t:|1700365198\n|-terastallize|p1a: Cresselia|Poison\n|move|p1a: Cresselia|Calm Mind|p1a: Cresselia\n|-boost|p1a: Cresselia|spa|1\n|-boost|p1a: Cresselia|spd|1\n|move|p2a: Alomomola|Toxic|p1a: Cresselia|[miss]\n|-miss|p2a: Alomomola|p1a: Cresselia\n|\n|upkeep\n|turn|13\n|\n|t:|1700365207\n|move|p1a: Cresselia|Calm Mind|p1a: Cresselia\n|-boost|p1a: Cresselia|spa|1\n|-boost|p1a: Cresselia|spd|1\n|move|p2a: Alomomola|Wish|p2a: Alomomola\n|\n|upkeep\n|turn|14\n|\n|t:|1700365223\n|move|p1a: Cresselia|Calm Mind|p1a: Cresselia\n|-boost|p1a: Cresselia|spa|1\n|-boost|p1a: Cresselia|spd|1\n|move|p2a: Alomomola|Flip Turn|p1a: Cresselia\n|-damage|p1a: Cresselia|76\/100\n|\n|t:|1700365229\n|switch|p2a: Clodsire|Clodsire, M|100\/100|[from] Flip Turn\n|-damage|p2a: Clodsire|94\/100|[from] Stealth Rock\n|\n|-heal|p2a: Clodsire|100\/100|[from] move: Wish|[wisher] Alomomola\n|upkeep\n|turn|15\n|\n|t:|1700365241\n|-terastallize|p2a: Clodsire|Dark\n|move|p1a: Cresselia|Stored Power|p2a: Clodsire\n|-immune|p2a: Clodsire\n|move|p2a: Clodsire|Stealth Rock|p1a: Cresselia\n|-sidestart|p1: Yuanshen61\u6211\u8981\u73a9\u539f\u795e|move: Stealth Rock\n|\n|-fieldend|move: Electric Terrain\n|upkeep\n|turn|16\n|\n|t:|1700365250\n|move|p1a: Cresselia|Moonblast|p2a: Clodsire\n|-supereffective|p2a: Clodsire\n|-damage|p2a: Clodsire|55\/100\n|move|p2a: Clodsire|Toxic|p1a: Cresselia\n|-immune|p1a: Cresselia\n|\n|-heal|p2a: Clodsire|61\/100|[from] item: Leftovers\n|upkeep\n|turn|17\n|\n|t:|1700365260\n|move|p1a: Cresselia|Moonblast|p2a: Clodsire\n|-supereffective|p2a: Clodsire\n|-damage|p2a: Clodsire|15\/100\n|-unboost|p2a: Clodsire|spa|1\n|move|p2a: Clodsire|Recover|p2a: Clodsire\n|-heal|p2a: Clodsire|65\/100\n|\n|-heal|p2a: Clodsire|71\/100|[from] item: Leftovers\n|upkeep\n|turn|18\n|\n|t:|1700365270\n|switch|p2a: Lopunny|Lopunny-Mega, M, shiny|88\/100\n|-damage|p2a: Lopunny|82\/100|[from] Stealth Rock\n|move|p1a: Cresselia|Calm Mind|p1a: Cresselia\n|-boost|p1a: Cresselia|spa|1\n|-boost|p1a: Cresselia|spd|1\n|\n|upkeep\n|turn|19\n|\n|t:|1700365278\n|move|p2a: Lopunny|Fake Out|p1a: Cresselia\n|-damage|p1a: Cresselia|68\/100\n|cant|p1a: Cresselia|flinch\n|\n|upkeep\n|turn|20\n|\n|t:|1700365284\n|move|p2a: Lopunny|U-turn|p1a: Cresselia\n|-resisted|p1a: Cresselia\n|-damage|p1a: Cresselia|63\/100\n|\n|t:|1700365291\n|switch|p2a: \u5de5\u5177\u4eba|Tapu Koko|88\/100|[from] U-turn\n|-damage|p2a: \u5de5\u5177\u4eba|76\/100|[from] Stealth Rock\n|-fieldstart|move: Electric Terrain|[from] ability: Electric Surge|[of] p2a: \u5de5\u5177\u4eba\n|move|p1a: Cresselia|Stored Power|p2a: \u5de5\u5177\u4eba\n|-damage|p2a: \u5de5\u5177\u4eba|0 fnt\n|faint|p2a: \u5de5\u5177\u4eba\n|\n|upkeep\n|\n|t:|1700365300\n|switch|p2a: Sneasler|Sneasler, M|100\/100\n|-damage|p2a: Sneasler|95\/100|[from] Stealth Rock\n|-enditem|p2a: Sneasler|Electric Seed\n|-boost|p2a: Sneasler|def|1|[from] item: Electric Seed\n|turn|21\n|\n|t:|1700365310\n|move|p2a: Sneasler|Acrobatics|p1a: Cresselia\n|-damage|p1a: Cresselia|50\/100\n|move|p1a: Cresselia|Stored Power|p2a: Sneasler\n|-supereffective|p2a: Sneasler\n|-damage|p2a: Sneasler|0 fnt\n|faint|p2a: Sneasler\n|\n|upkeep\n|\n|t:|1700365317\n|switch|p2a: Iron Valiant|Iron Valiant|100\/100\n|-damage|p2a: Iron Valiant|94\/100|[from] Stealth Rock\n|-activate|p2a: Iron Valiant|ability: Quark Drive\n|-start|p2a: Iron Valiant|quarkdrivespe\n|turn|22\n|\n|t:|1700365324\n|move|p2a: Iron Valiant|Destiny Bond|p2a: Iron Valiant\n|-singlemove|p2a: Iron Valiant|Destiny Bond\n|move|p1a: Cresselia|Moonlight|p1a: Cresselia\n|-heal|p1a: Cresselia|99\/100\n|\n|upkeep\n|turn|23\n|\n|t:|1700365334\n|move|p2a: Iron Valiant|Thunderbolt|p1a: Cresselia\n|-damage|p1a: Cresselia|88\/100\n|-damage|p2a: Iron Valiant|84\/100|[from] item: Life Orb\n|move|p1a: Cresselia|Stored Power|p2a: Iron Valiant\n|-supereffective|p2a: Iron Valiant\n|-damage|p2a: Iron Valiant|0 fnt\n|faint|p2a: Iron Valiant\n|-end|p2a: Iron Valiant|Quark Drive|[silent]\n|\n|upkeep\n|-message|BRCQ forfeited.\n|\n|win|Yuanshen61\u6211\u8981\u73a9\u539f\u795e\n|raw|Yuanshen61\u6211\u8981\u73a9\u539f\u795e's rating: 1535 &rarr; <strong>1557<\/strong><br \/>(+22 for winning)\n|raw|BRCQ's rating: 1568 &rarr; <strong>1546<\/strong><br \/>(-22 for losing)\n|l|\u2606BRCQ\n","uploadtime":1700365343,"views":10,"p1id":"yuanshen61","p2id":"brcq","formatid":"gen9nationaldex","rating":1546,"private":0,"password":""}