{"id":"gen9nationaldex-1995410091","p1":"baigu2","p2":"As cheu","format":"[Gen 9] National Dex","log":"|html|<div class=\"broadcast-blue\"><strong>[Gen 9] National Dex is currently suspecting Sneasler! For information on how to participate check out the <a href=\"https:\/\/www.smogon.com\/forums\/threads\/sv-national-dex-suspect-8-just-dance.3731534\/\">suspect thread<\/a>.<\/strong><\/div>\n|j|\u2606baigu2\n|j|\u2606As cheu\n|t:|1700567104\n|gametype|singles\n|player|p1|baigu2|101|1746\n|player|p2|As cheu|officeworker|1799\n|teamsize|p1|6\n|teamsize|p2|6\n|gen|9\n|tier|[Gen 9] National Dex\n|rated|\n|rule|HP Percentage Mod: HP is shown in percentages\n|rule|Endless Battle Clause: Forcing endless battles is banned\n|rule|OHKO Clause: OHKO moves are banned\n|rule|Evasion Clause: Evasion abilities, items, and moves are banned\n|rule|Evasion Abilities Clause: Evasion abilities are banned\n|rule|Evasion Items Clause: Evasion items are banned\n|rule|Evasion Moves Clause: Evasion moves are banned\n|rule|Species Clause: Limit one of each Pok\u00e9mon\n|rule|Sleep Clause Mod: Limit one foe put to sleep\n|clearpoke\n|poke|p1|Ursaluna, F|\n|poke|p1|Dragonite, M|\n|poke|p1|Slowking, M|\n|poke|p1|Tapu Koko|\n|poke|p1|Hoopa-Unbound|\n|poke|p1|Great Tusk|\n|poke|p2|Steelix, M|\n|poke|p2|Hatterene, F|\n|poke|p2|Greninja-*, M|\n|poke|p2|Marowak-Alola, M|\n|poke|p2|Medicham, F|\n|poke|p2|Salamence, M|\n|teampreview\n|inactive|Battle timer is ON: inactive players will automatically lose when time's up. (requested by As cheu)\n|\n|t:|1700567123\n|start\n|switch|p1a: Tapu Koko|Tapu Koko|100\/100\n|switch|p2a: \u5c0f\u5c0f\u560e\u5566|Marowak-Alola, M|100\/100\n|-fieldstart|move: Electric Terrain|[from] ability: Electric Surge|[of] p1a: Tapu Koko\n|turn|1\n|\n|t:|1700567131\n|move|p1a: Tapu Koko|U-turn|p2a: \u5c0f\u5c0f\u560e\u5566\n|-resisted|p2a: \u5c0f\u5c0f\u560e\u5566\n|-damage|p2a: \u5c0f\u5c0f\u560e\u5566|96\/100\n|\n|t:|1700567134\n|switch|p1a: Great Tusk|Great Tusk|100\/100|[from] U-turn\n|move|p2a: \u5c0f\u5c0f\u560e\u5566|Toxic|p1a: Great Tusk\n|-status|p1a: Great Tusk|tox\n|\n|-damage|p1a: Great Tusk|94\/100 tox|[from] psn\n|upkeep\n|turn|2\n|\n|t:|1700567140\n|switch|p2a: \u963f\u83ca|Steelix, M|100\/100\n|move|p1a: Great Tusk|Headlong Rush|p2a: \u963f\u83ca\n|-supereffective|p2a: \u963f\u83ca\n|-damage|p2a: \u963f\u83ca|34\/100\n|-unboost|p1a: Great Tusk|def|1\n|-unboost|p1a: Great Tusk|spd|1\n|-damage|p1a: Great Tusk|78\/100 tox|[from] item: Rocky Helmet|[of] p2a: \u963f\u83ca\n|\n|-damage|p1a: Great Tusk|65\/100 tox|[from] psn\n|upkeep\n|turn|3\n|\n|t:|1700567154\n|move|p1a: Great Tusk|Ice Spinner|p2a: \u963f\u83ca\n|-crit|p2a: \u963f\u83ca\n|-damage|p2a: \u963f\u83ca|10\/100\n|-damage|p1a: Great Tusk|49\/100 tox|[from] item: Rocky Helmet|[of] p2a: \u963f\u83ca\n|-fieldend|move: Electric Terrain\n|move|p2a: \u963f\u83ca|Stealth Rock|p1a: Great Tusk\n|-sidestart|p1: baigu2|move: Stealth Rock\n|\n|-damage|p1a: Great Tusk|30\/100 tox|[from] psn\n|upkeep\n|turn|4\n|\n|t:|1700567166\n|switch|p2a: \u5c0f\u5c0f\u560e\u5566|Marowak-Alola, M|96\/100\n|move|p1a: Great Tusk|Rapid Spin|p2a: \u5c0f\u5c0f\u560e\u5566\n|-immune|p2a: \u5c0f\u5c0f\u560e\u5566\n|\n|-damage|p1a: Great Tusk|5\/100 tox|[from] psn\n|upkeep\n|turn|5\n|\n|t:|1700567183\n|switch|p2a: \u963f\u83ca|Steelix, M|10\/100\n|move|p1a: Great Tusk|Rapid Spin|p2a: \u963f\u83ca\n|-resisted|p2a: \u963f\u83ca\n|-damage|p2a: \u963f\u83ca|6\/100\n|-boost|p1a: Great Tusk|spe|1\n|-damage|p1a: Great Tusk|0 fnt|[from] item: Rocky Helmet|[of] p2a: \u963f\u83ca\n|faint|p1a: Great Tusk\n|-end|p1a: Great Tusk|Protosynthesis|[silent]\n|\n|upkeep\n|inactive|baigu2 has 120 seconds left.\n|\n|t:|1700567204\n|switch|p1a: Tapu Koko|Tapu Koko|100\/100\n|-damage|p1a: Tapu Koko|88\/100|[from] Stealth Rock\n|-fieldstart|move: Electric Terrain|[from] ability: Electric Surge|[of] p1a: Tapu Koko\n|turn|6\n|\n|t:|1700567207\n|move|p1a: Tapu Koko|Dazzling Gleam|p2a: \u963f\u83ca\n|-resisted|p2a: \u963f\u83ca\n|-damage|p2a: \u963f\u83ca|0 fnt\n|faint|p2a: \u963f\u83ca\n|\n|upkeep\n|\n|t:|1700567210\n|switch|p2a: \u5c0f\u5c0f\u560e\u5566|Marowak-Alola, M|96\/100\n|turn|7\n|\n|t:|1700567220\n|switch|p1a: Hoopa|Hoopa-Unbound|100\/100\n|-damage|p1a: Hoopa|88\/100|[from] Stealth Rock\n|move|p2a: \u5c0f\u5c0f\u560e\u5566|Flare Blitz|p1a: Hoopa\n|-damage|p1a: Hoopa|0 fnt\n|faint|p1a: Hoopa\n|\n|upkeep\n|\n|t:|1700567226\n|switch|p1a: Ursaluna|Ursaluna, F|100\/100\n|-damage|p1a: Ursaluna|94\/100|[from] Stealth Rock\n|turn|8\n|\n|t:|1700567237\n|move|p2a: \u5c0f\u5c0f\u560e\u5566|Flare Blitz|p1a: Ursaluna\n|-damage|p1a: Ursaluna|43\/100\n|move|p1a: Ursaluna|Headlong Rush|p2a: \u5c0f\u5c0f\u560e\u5566\n|-supereffective|p2a: \u5c0f\u5c0f\u560e\u5566\n|-damage|p2a: \u5c0f\u5c0f\u560e\u5566|0 fnt\n|-unboost|p1a: Ursaluna|def|1\n|-unboost|p1a: Ursaluna|spd|1\n|faint|p2a: \u5c0f\u5c0f\u560e\u5566\n|\n|-status|p1a: Ursaluna|brn|[from] item: Flame Orb\n|upkeep\n|j| Nomer16\n|\n|t:|1700567244\n|switch|p2a: \u8840\u7ffc\u98de\u9f99|Salamence, M|100\/100\n|turn|9\n|\n|t:|1700567250\n|switch|p1a: Slowking|Slowking, M|100\/100\n|move|p2a: \u8840\u7ffc\u98de\u9f99|Return|p1a: Slowking\n|-damage|p1a: Slowking|60\/100\n|\n|upkeep\n|turn|10\n|\n|t:|1700567257\n|switch|p2a: Hatterene|Hatterene, F|100\/100\n|move|p1a: Slowking|Trick Room|p1a: Slowking\n|-fieldstart|move: Trick Room|[of] p1a: Slowking\n|\n|-fieldend|move: Electric Terrain\n|upkeep\n|turn|11\n|j| RenzoTheDestroyer\n|\n|t:|1700567268\n|move|p2a: Hatterene|Draining Kiss|p1a: Slowking\n|-damage|p1a: Slowking|47\/100\n|move|p1a: Slowking|Trick Room|p1a: Slowking\n|-fieldend|move: Trick Room\n|\n|upkeep\n|turn|12\n|\n|t:|1700567273\n|move|p2a: Hatterene|Nuzzle|p1a: Slowking\n|-supereffective|p1a: Slowking\n|-damage|p1a: Slowking|39\/100\n|-status|p1a: Slowking|par\n|cant|p1a: Slowking|par\n|\n|upkeep\n|turn|13\n|\n|t:|1700567279\n|switch|p2a: Greninja|Greninja, M|100\/100\n|move|p1a: Slowking|Teleport|p1a: Slowking\n|\n|t:|1700567282\n|switch|p1a: Tapu Koko|Tapu Koko|88\/100|[from] Teleport\n|-damage|p1a: Tapu Koko|76\/100|[from] Stealth Rock\n|-fieldstart|move: Electric Terrain|[from] ability: Electric Surge|[of] p1a: Tapu Koko\n|\n|upkeep\n|turn|14\n|\n|t:|1700567286\n|switch|p2a: Hatterene|Hatterene, F|100\/100\n|move|p1a: Tapu Koko|Thunderbolt|p2a: Hatterene\n|-damage|p2a: Hatterene|58\/100\n|\n|upkeep\n|turn|15\n|\n|t:|1700567291\n|-terastallize|p1a: Tapu Koko|Electric\n|move|p1a: Tapu Koko|Thunderbolt|p2a: Hatterene\n|-damage|p2a: Hatterene|0 fnt\n|faint|p2a: Hatterene\n|\n|upkeep\n|\n|t:|1700567301\n|switch|p2a: Medicham|Medicham, F|100\/100\n|turn|16\n|\n|t:|1700567310\n|detailschange|p2a: Medicham|Medicham-Mega, F\n|-mega|p2a: Medicham|Medicham|Medichamite\n|move|p2a: Medicham|Fake Out|p1a: Tapu Koko\n|-damage|p1a: Tapu Koko|38\/100\n|cant|p1a: Tapu Koko|flinch\n|\n|upkeep\n|turn|17\n|\n|t:|1700567333\n|move|p2a: Medicham|Bullet Punch|p1a: Tapu Koko\n|-resisted|p1a: Tapu Koko\n|-damage|p1a: Tapu Koko|20\/100\n|move|p1a: Tapu Koko|Thunderbolt|p2a: Medicham\n|-damage|p2a: Medicham|0 fnt\n|faint|p2a: Medicham\n|\n|-fieldend|move: Electric Terrain\n|upkeep\n|\n|t:|1700567336\n|switch|p2a: Greninja|Greninja, M|100\/100\n|turn|18\n|inactive|As cheu has 120 seconds left.\n|l|\u2606As cheu\n|inactive|As cheu disconnected and has a minute to reconnect!\n|player|p2|\n|j|\u2606As cheu\n|inactive|As cheu reconnected and has 100 seconds left.\n|player|p2|As cheu|officeworker\n|\n|t:|1700567388\n|switch|p1a: Slowking|Slowking, M|73\/100 par\n|move|p2a: Greninja|Dark Pulse|p1a: Slowking\n|-start|p2a: Greninja|typechange|Dark|[from] ability: Protean\n|-supereffective|p1a: Slowking\n|-damage|p1a: Slowking|29\/100 par\n|\n|upkeep\n|turn|19\n|inactive|baigu2 has 120 seconds left.\n|\n|t:|1700567419\n|switch|p1a: Ursaluna|Ursaluna, F|43\/100 brn\n|-damage|p1a: Ursaluna|36\/100 brn|[from] Stealth Rock\n|move|p2a: Greninja|Dark Pulse|p1a: Ursaluna\n|-damage|p1a: Ursaluna|3\/100 brn\n|\n|-damage|p1a: Ursaluna|0 fnt|[from] brn\n|faint|p1a: Ursaluna\n|upkeep\n|inactive|baigu2 has 120 seconds left.\n|\n|t:|1700567431\n|switch|p1a: Dragonite|Dragonite, M|100\/100\n|-damage|p1a: Dragonite|76\/100|[from] Stealth Rock\n|turn|20\n|inactive|baigu2 has 120 seconds left.\n|\n|t:|1700567437\n|move|p1a: Dragonite|Extreme Speed|p2a: Greninja\n|-damage|p2a: Greninja|20\/100\n|move|p2a: Greninja|Dark Pulse|p1a: Dragonite\n|-damage|p1a: Dragonite|47\/100\n|\n|upkeep\n|turn|21\n|inactive|As cheu has 120 seconds left.\n|\n|t:|1700567443\n|move|p1a: Dragonite|Extreme Speed|p2a: Greninja\n|-damage|p2a: Greninja|0 fnt\n|faint|p2a: Greninja\n|\n|upkeep\n|\n|t:|1700567445\n|switch|p2a: \u8840\u7ffc\u98de\u9f99|Salamence, M|100\/100\n|turn|22\n|j| Aptham\n|\n|t:|1700567459\n|move|p1a: Dragonite|Extreme Speed|p2a: \u8840\u7ffc\u98de\u9f99\n|-damage|p2a: \u8840\u7ffc\u98de\u9f99|39\/100\n|move|p2a: \u8840\u7ffc\u98de\u9f99|Draco Meteor|p1a: Dragonite\n|-supereffective|p1a: Dragonite\n|-damage|p1a: Dragonite|0 fnt\n|-unboost|p2a: \u8840\u7ffc\u98de\u9f99|spa|2\n|faint|p1a: Dragonite\n|-ability|p2a: \u8840\u7ffc\u98de\u9f99|Moxie|boost\n|-boost|p2a: \u8840\u7ffc\u98de\u9f99|atk|1\n|\n|upkeep\n|-message|As cheu forfeited.\n|\n|win|baigu2\n|raw|baigu2's rating: 1746 &rarr; <strong>1769<\/strong><br \/>(+23 for winning)\n|raw|As cheu's rating: 1799 &rarr; <strong>1776<\/strong><br \/>(-23 for losing)\n|l|\u2606As cheu\n","uploadtime":1700567469,"views":0,"p1id":"baigu2","p2id":"ascheu","formatid":"gen9nationaldex","rating":1769,"private":0,"password":""}