{"id":"gen9nationaldex-1993159642","p1":"oonati","p2":"gock glocker","format":"[Gen 9] National Dex","log":"|j|\u2606oonati\n|j|\u2606gock glocker\n|t:|1700272004\n|gametype|singles\n|player|p1|oonati|bugcatcher-gen4dp|1379\n|player|p2|gock glocker|acerola-masters|1479\n|teamsize|p1|6\n|teamsize|p2|6\n|gen|9\n|tier|[Gen 9] National Dex\n|rated|\n|rule|HP Percentage Mod: HP is shown in percentages\n|rule|Endless Battle Clause: Forcing endless battles is banned\n|rule|OHKO Clause: OHKO moves are banned\n|rule|Evasion Clause: Evasion abilities, items, and moves are banned\n|rule|Evasion Abilities Clause: Evasion abilities are banned\n|rule|Evasion Items Clause: Evasion items are banned\n|rule|Evasion Moves Clause: Evasion moves are banned\n|rule|Species Clause: Limit one of each Pok\u00e9mon\n|rule|Sleep Clause Mod: Limit one foe put to sleep\n|clearpoke\n|poke|p1|Tapu Koko|\n|poke|p1|Iron Valiant|\n|poke|p1|Moltres|\n|poke|p1|Rotom-Wash|\n|poke|p1|Gliscor, M|\n|poke|p1|Charizard, F|\n|poke|p2|Great Tusk|\n|poke|p2|Clawitzer, F|\n|poke|p2|Tapu Koko|\n|poke|p2|Scizor, M|\n|poke|p2|Blaziken, M|\n|poke|p2|Garchomp, F|\n|teampreview\n|inactive|Battle timer is ON: inactive players will automatically lose when time's up. (requested by gock glocker)\n|inactive|oonati also wants the timer to be on.\n|\n|t:|1700272018\n|start\n|switch|p1a: Gliscor|Gliscor, M|100\/100\n|switch|p2a: Tapu Koko|Tapu Koko|100\/100\n|-fieldstart|move: Electric Terrain|[from] ability: Electric Surge|[of] p2a: Tapu Koko\n|turn|1\n|\n|t:|1700272027\n|-terastallize|p1a: Gliscor|Water\n|move|p2a: Tapu Koko|Hidden Power|p1a: Gliscor\n|-resisted|p1a: Gliscor\n|-damage|p1a: Gliscor|92\/100\n|move|p1a: Gliscor|Earthquake|p2a: Tapu Koko\n|-supereffective|p2a: Tapu Koko\n|-damage|p2a: Tapu Koko|9\/100\n|\n|-status|p1a: Gliscor|tox|[from] item: Toxic Orb\n|upkeep\n|turn|2\n|c|\u2606gock glocker|so\n|c|\u2606gock glocker|where did the eletric resist go\n|\n|t:|1700272043\n|switch|p1a: Rotom|Rotom-Wash|100\/100\n|move|p2a: Tapu Koko|Thunderbolt|p1a: Rotom\n|-damage|p1a: Rotom|66\/100\n|\n|upkeep\n|turn|3\n|\n|t:|1700272051\n|move|p2a: Tapu Koko|U-turn|p1a: Rotom\n|-damage|p1a: Rotom|49\/100\n|\n|t:|1700272054\n|switch|p2a: Garchomp|Garchomp, F|100\/100|[from] U-turn\n|move|p1a: Rotom|Volt Switch|p2a: Garchomp\n|-immune|p2a: Garchomp\n|\n|upkeep\n|turn|4\n|\n|t:|1700272065\n|switch|p2a: Blaziken|Blaziken, M|100\/100\n|move|p1a: Rotom|Will-O-Wisp|p2a: Blaziken\n|-immune|p2a: Blaziken\n|\n|upkeep\n|turn|5\n|\n|t:|1700272069\n|move|p2a: Blaziken|Close Combat|p1a: Rotom\n|-damage|p1a: Rotom|0 fnt\n|-unboost|p2a: Blaziken|def|1\n|-unboost|p2a: Blaziken|spd|1\n|faint|p1a: Rotom\n|-damage|p2a: Blaziken|91\/100|[from] item: Life Orb\n|\n|-fieldend|move: Electric Terrain\n|-ability|p2a: Blaziken|Speed Boost|boost\n|-boost|p2a: Blaziken|spe|1\n|upkeep\n|\n|t:|1700272073\n|switch|p1a: Tapu Koko|Tapu Koko|100\/100\n|-fieldstart|move: Electric Terrain|[from] ability: Electric Surge|[of] p1a: Tapu Koko\n|turn|6\n|\n|t:|1700272081\n|move|p2a: Blaziken|Earthquake|p1a: Tapu Koko\n|-supereffective|p1a: Tapu Koko\n|-damage|p1a: Tapu Koko|0 fnt\n|faint|p1a: Tapu Koko\n|-damage|p2a: Blaziken|81\/100|[from] item: Life Orb\n|\n|-ability|p2a: Blaziken|Speed Boost|boost\n|-boost|p2a: Blaziken|spe|1\n|upkeep\n|\n|t:|1700272086\n|switch|p1a: Iron Valiant|Iron Valiant|100\/100\n|-activate|p1a: Iron Valiant|ability: Quark Drive\n|-start|p1a: Iron Valiant|quarkdrivespe\n|turn|7\n|\n|t:|1700272103\n|move|p2a: Blaziken|Flare Blitz|p1a: Iron Valiant\n|-damage|p1a: Iron Valiant|0 fnt\n|faint|p1a: Iron Valiant\n|-end|p1a: Iron Valiant|Quark Drive|[silent]\n|-damage|p2a: Blaziken|49\/100|[from] Recoil\n|-damage|p2a: Blaziken|39\/100|[from] item: Life Orb\n|\n|-ability|p2a: Blaziken|Speed Boost|boost\n|-boost|p2a: Blaziken|spe|1\n|upkeep\n|c|\u2606gock glocker|this was the wost played game of all time\n|-message|oonati forfeited.\n|\n|win|gock glocker\n|raw|oonati's rating: 1379 &rarr; <strong>1365<\/strong><br \/>(-14 for losing)\n|raw|gock glocker's rating: 1479 &rarr; <strong>1493<\/strong><br \/>(+14 for winning)\n|l|\u2606oonati\n","uploadtime":1700272129,"views":8,"p1id":"oonati","p2id":"gockglocker","formatid":"gen9nationaldex","rating":1365,"private":0,"password":""}