{"id":"gen9nationaldex-1988467519","p1":"Rodrigod2002","p2":"Fealieya","format":"[Gen 9] National Dex","log":"|j|\u2606Rodrigod2002\n|j|\u2606Fealieya\n|t:|1699726073\n|gametype|singles\n|player|p1|Rodrigod2002|265|1050\n|player|p2|Fealieya|1|1142\n|teamsize|p1|6\n|teamsize|p2|6\n|gen|9\n|tier|[Gen 9] National Dex\n|rated|\n|rule|HP Percentage Mod: HP is shown in percentages\n|rule|Endless Battle Clause: Forcing endless battles is banned\n|rule|OHKO Clause: OHKO moves are banned\n|rule|Evasion Clause: Evasion abilities, items, and moves are banned\n|rule|Evasion Abilities Clause: Evasion abilities are banned\n|rule|Evasion Items Clause: Evasion items are banned\n|rule|Evasion Moves Clause: Evasion moves are banned\n|rule|Species Clause: Limit one of each Pok\u00e9mon\n|rule|Sleep Clause Mod: Limit one foe put to sleep\n|clearpoke\n|poke|p1|Politoed, M|\n|poke|p1|Kingdra, F|\n|poke|p1|Ferrothorn, F|\n|poke|p1|Jolteon, F|\n|poke|p1|Seismitoad, F|\n|poke|p1|Blacephalon|\n|poke|p2|Banette, F|\n|poke|p2|Zapdos|\n|poke|p2|Nihilego|\n|poke|p2|Kartana|\n|poke|p2|Celesteela|\n|poke|p2|Entei|\n|teampreview\n|\n|t:|1699726090\n|start\n|switch|p1a: Politoed|Politoed, M|100\/100\n|switch|p2a: Kartana|Kartana|100\/100\n|-weather|RainDance|[from] ability: Drizzle|[of] p1a: Politoed\n|turn|1\n|\n|t:|1699726106\n|move|p2a: Kartana|Swords Dance|p2a: Kartana\n|-boost|p2a: Kartana|atk|2\n|move|p1a: Politoed|Scald|p2a: Kartana\n|-resisted|p2a: Kartana\n|-damage|p2a: Kartana|37\/100\n|\n|-weather|RainDance|[upkeep]\n|upkeep\n|turn|2\n|\n|t:|1699726114\n|move|p1a: Politoed|Protect|p1a: Politoed\n|-singleturn|p1a: Politoed|Protect\n|move|p2a: Kartana|Leaf Blade|p1a: Politoed\n|-activate|p1a: Politoed|move: Protect\n|\n|-weather|RainDance|[upkeep]\n|upkeep\n|turn|3\n|\n|t:|1699726120\n|move|p2a: Kartana|Leaf Blade|p1a: Politoed\n|-supereffective|p1a: Politoed\n|-damage|p1a: Politoed|0 fnt\n|faint|p1a: Politoed\n|-ability|p2a: Kartana|Beast Boost|boost\n|-boost|p2a: Kartana|atk|1\n|\n|-weather|RainDance|[upkeep]\n|upkeep\n|\n|t:|1699726136\n|switch|p1a: Blacephalon|Blacephalon|100\/100\n|turn|4\n|inactive|Battle timer is ON: inactive players will automatically lose when time's up. (requested by Fealieya)\n|\n|t:|1699726144\n|move|p1a: Blacephalon|Fire Blast|p2a: Kartana\n|-supereffective|p2a: Kartana\n|-damage|p2a: Kartana|0 fnt\n|faint|p2a: Kartana\n|-ability|p1a: Blacephalon|Beast Boost|boost\n|-boost|p1a: Blacephalon|spa|1\n|\n|-weather|RainDance|[upkeep]\n|upkeep\n|\n|t:|1699726156\n|switch|p2a: Entei|Entei|100\/100\n|turn|5\n|\n|t:|1699726161\n|move|p1a: Blacephalon|Fire Blast|p2a: Entei\n|-resisted|p2a: Entei\n|-damage|p2a: Entei|67\/100\n|move|p2a: Entei|Curse|p2a: Entei\n|-unboost|p2a: Entei|spe|1\n|-boost|p2a: Entei|atk|1\n|-boost|p2a: Entei|def|1\n|\n|-weather|none\n|-heal|p2a: Entei|73\/100|[from] item: Leftovers\n|upkeep\n|turn|6\n|\n|t:|1699726172\n|move|p1a: Blacephalon|Fire Blast|p2a: Entei\n|-resisted|p2a: Entei\n|-damage|p2a: Entei|13\/100\n|move|p2a: Entei|Curse|p2a: Entei\n|-unboost|p2a: Entei|spe|1\n|-boost|p2a: Entei|atk|1\n|-boost|p2a: Entei|def|1\n|\n|-heal|p2a: Entei|19\/100|[from] item: Leftovers\n|upkeep\n|turn|7\n|\n|t:|1699726182\n|switch|p2a: Nihilego|Nihilego|100\/100\n|move|p1a: Blacephalon|Fire Blast|p2a: Nihilego\n|-resisted|p2a: Nihilego\n|-damage|p2a: Nihilego|54\/100\n|\n|-heal|p2a: Nihilego|60\/100|[from] item: Leftovers\n|upkeep\n|turn|8\n|\n|t:|1699726190\n|move|p1a: Blacephalon|Fire Blast|p2a: Nihilego\n|-resisted|p2a: Nihilego\n|-damage|p2a: Nihilego|14\/100\n|move|p2a: Nihilego|Sludge Wave|p1a: Blacephalon\n|-resisted|p1a: Blacephalon\n|-damage|p1a: Blacephalon|59\/100\n|\n|-heal|p2a: Nihilego|20\/100|[from] item: Leftovers\n|upkeep\n|turn|9\n|\n|t:|1699726197\n|move|p1a: Blacephalon|Fire Blast|p2a: Nihilego|[miss]\n|-miss|p1a: Blacephalon|p2a: Nihilego\n|move|p2a: Nihilego|Sludge Wave|p1a: Blacephalon\n|-resisted|p1a: Blacephalon\n|-damage|p1a: Blacephalon|16\/100\n|\n|-heal|p2a: Nihilego|26\/100|[from] item: Leftovers\n|upkeep\n|turn|10\n|\n|t:|1699726206\n|move|p1a: Blacephalon|Fire Blast|p2a: Nihilego\n|-resisted|p2a: Nihilego\n|-damage|p2a: Nihilego|0 fnt\n|faint|p2a: Nihilego\n|-ability|p1a: Blacephalon|Beast Boost|boost\n|-boost|p1a: Blacephalon|spa|1\n|\n|upkeep\n|\n|t:|1699726210\n|switch|p2a: Entei|Entei|19\/100\n|turn|11\n|\n|t:|1699726217\n|move|p1a: Blacephalon|Fire Blast|p2a: Entei|[miss]\n|-miss|p1a: Blacephalon|p2a: Entei\n|move|p2a: Entei|Sacred Fire|p1a: Blacephalon\n|-resisted|p1a: Blacephalon\n|-damage|p1a: Blacephalon|0 fnt\n|faint|p1a: Blacephalon\n|\n|-heal|p2a: Entei|25\/100|[from] item: Leftovers\n|upkeep\n|\n|t:|1699726226\n|switch|p1a: Kingdra|Kingdra, F|100\/100\n|turn|12\n|\n|t:|1699726234\n|switch|p2a: Zapdos|Zapdos|100\/100\n|move|p1a: Kingdra|Hydro Pump|p2a: Zapdos\n|-damage|p2a: Zapdos|13\/100\n|\n|upkeep\n|turn|13\n|\n|t:|1699726242\n|move|p1a: Kingdra|Hydro Pump|p2a: Zapdos\n|-damage|p2a: Zapdos|0 fnt\n|faint|p2a: Zapdos\n|\n|upkeep\n|\n|t:|1699726245\n|switch|p2a: Celesteela|Celesteela|100\/100\n|turn|14\n|\n|t:|1699726249\n|-terastallize|p2a: Celesteela|Dragon\n|move|p1a: Kingdra|Hydro Pump|p2a: Celesteela\n|-resisted|p2a: Celesteela\n|-damage|p2a: Celesteela|70\/100\n|move|p2a: Celesteela|Meteor Beam||[still]\n|-prepare|p2a: Celesteela|Meteor Beam\n|-boost|p2a: Celesteela|spa|1\n|-enditem|p2a: Celesteela|Power Herb\n|-anim|p2a: Celesteela|Meteor Beam|p1a: Kingdra\n|-damage|p1a: Kingdra|21\/100\n|\n|upkeep\n|turn|15\n|\n|t:|1699726259\n|move|p1a: Kingdra|Hydro Pump|p2a: Celesteela\n|-resisted|p2a: Celesteela\n|-damage|p2a: Celesteela|42\/100\n|move|p2a: Celesteela|Air Slash|p1a: Kingdra|[miss]\n|-miss|p2a: Celesteela|p1a: Kingdra\n|\n|upkeep\n|turn|16\n|\n|t:|1699726264\n|move|p1a: Kingdra|Hydro Pump|p2a: Celesteela\n|-resisted|p2a: Celesteela\n|-damage|p2a: Celesteela|12\/100\n|move|p2a: Celesteela|Air Slash|p1a: Kingdra\n|-damage|p1a: Kingdra|0 fnt\n|faint|p1a: Kingdra\n|-ability|p2a: Celesteela|Beast Boost|boost\n|-boost|p2a: Celesteela|spa|1\n|\n|upkeep\n|\n|t:|1699726272\n|switch|p1a: Jolteon|Jolteon, F|100\/100\n|turn|17\n|\n|t:|1699726295\n|move|p1a: Jolteon|Volt Switch|p2a: Celesteela\n|-resisted|p2a: Celesteela\n|-damage|p2a: Celesteela|0 fnt\n|faint|p2a: Celesteela\n|\n|t:|1699726300\n|switch|p1a: Seismitoad|Seismitoad, F|100\/100|[from] Volt Switch\n|\n|upkeep\n|\n|t:|1699726304\n|switch|p2a: Banette|Banette, F|100\/100\n|-item|p1a: Seismitoad|Leftovers|[from] ability: Frisk|[of] p2a: Banette|[identify]\n|turn|18\n|\n|t:|1699726311\n|detailschange|p2a: Banette|Banette-Mega, F\n|-mega|p2a: Banette|Banette|Banettite\n|move|p2a: Banette|Swords Dance|p2a: Banette\n|-boost|p2a: Banette|atk|2\n|move|p1a: Seismitoad|Stealth Rock|p2a: Banette\n|-sidestart|p2: Fealieya|move: Stealth Rock\n|\n|upkeep\n|turn|19\n|\n|t:|1699726320\n|move|p2a: Banette|Poltergeist|p1a: Seismitoad\n|-activate|p1a: Seismitoad|move: Poltergeist|Leftovers\n|-damage|p1a: Seismitoad|0 fnt\n|faint|p1a: Seismitoad\n|\n|upkeep\n|\n|t:|1699726327\n|switch|p1a: Jolteon|Jolteon, F|100\/100\n|turn|20\n|\n|t:|1699726333\n|move|p1a: Jolteon|Volt Switch|p2a: Banette\n|-damage|p2a: Banette|30\/100\n|\n|t:|1699726336\n|switch|p1a: Ferrothorn|Ferrothorn, F|100\/100|[from] Volt Switch\n|move|p2a: Banette|Poltergeist|p1a: Ferrothorn\n|-activate|p1a: Ferrothorn|move: Poltergeist|Leftovers\n|-damage|p1a: Ferrothorn|13\/100\n|\n|-heal|p1a: Ferrothorn|20\/100|[from] item: Leftovers\n|upkeep\n|turn|21\n|\n|t:|1699726349\n|move|p2a: Banette|Sucker Punch|p1a: Ferrothorn\n|-damage|p1a: Ferrothorn|0 fnt\n|-damage|p2a: Banette|18\/100|[from] ability: Iron Barbs|[of] p1a: Ferrothorn\n|faint|p1a: Ferrothorn\n|\n|upkeep\n|\n|t:|1699726355\n|switch|p1a: Jolteon|Jolteon, F|100\/100\n|turn|22\n|\n|t:|1699726358\n|move|p2a: Banette|Destiny Bond|p2a: Banette\n|-singlemove|p2a: Banette|Destiny Bond\n|move|p1a: Jolteon|Volt Switch|p2a: Banette\n|-damage|p2a: Banette|0 fnt\n|faint|p2a: Banette\n|-activate|p2a: Banette|move: Destiny Bond\n|faint|p1a: Jolteon\n|\n|win|Fealieya\n|raw|Rodrigod2002's rating: 1050 &rarr; <strong>1037<\/strong><br \/>(-13 for losing)\n|raw|Fealieya's rating: 1142 &rarr; <strong>1161<\/strong><br \/>(+19 for winning)\n","uploadtime":1699726366,"views":4,"p1id":"rodrigod2002","p2id":"fealieya","formatid":"gen9nationaldex","rating":1037,"private":0,"password":""}