{"id":"gen9nationaldex-1991537693","p1":"6AwA9","p2":"Zera & Lucy","format":"[Gen 9] National Dex","log":"|j|\u26066AwA9\n|j|\u2606Zera & Lucy\n|t:|1700086164\n|gametype|singles\n|player|p1|6AwA9|pokekid-gen8|1128\n|player|p2|Zera & Lucy|cynthia|1039\n|teamsize|p1|6\n|teamsize|p2|6\n|gen|9\n|tier|[Gen 9] National Dex\n|rated|\n|rule|HP Percentage Mod: HP is shown in percentages\n|rule|Endless Battle Clause: Forcing endless battles is banned\n|rule|OHKO Clause: OHKO moves are banned\n|rule|Evasion Clause: Evasion abilities, items, and moves are banned\n|rule|Evasion Abilities Clause: Evasion abilities are banned\n|rule|Evasion Items Clause: Evasion items are banned\n|rule|Evasion Moves Clause: Evasion moves are banned\n|rule|Species Clause: Limit one of each Pok\u00e9mon\n|rule|Sleep Clause Mod: Limit one foe put to sleep\n|clearpoke\n|poke|p1|Victini|\n|poke|p1|Whimsicott, M|\n|poke|p1|Azelf|\n|poke|p1|Pyukumuku, M|\n|poke|p1|Banette, M|\n|poke|p1|Celesteela|\n|poke|p2|Ambipom, M|\n|poke|p2|Zoroark-Hisui, F|\n|poke|p2|Cinccino, F|\n|poke|p2|Indeedee, M|\n|poke|p2|Cyclizar, M|\n|poke|p2|Grafaiai, M|\n|teampreview\n|inactive|Battle timer is ON: inactive players will automatically lose when time's up. (requested by Zera & Lucy)\n|\n|t:|1700086174\n|start\n|switch|p1a: \u4f60\u560e|Victini|100\/100\n|switch|p2a: Grafaiai|Grafaiai, M|100\/100\n|turn|1\n|\n|t:|1700086183\n|move|p2a: Grafaiai|Substitute|p2a: Grafaiai\n|-start|p2a: Grafaiai|Substitute\n|-damage|p2a: Grafaiai|76\/100\n|move|p1a: \u4f60\u560e|Final Gambit|p2a: Grafaiai\n|-end|p2a: Grafaiai|Substitute\n|faint|p1a: \u4f60\u560e\n|\n|upkeep\n|\n|t:|1700086190\n|switch|p1a: \u8017\u6b7b\u4f60|Whimsicott, M|100\/100\n|turn|2\n|\n|t:|1700086194\n|move|p2a: Grafaiai|Substitute|p2a: Grafaiai\n|-start|p2a: Grafaiai|Substitute\n|-damage|p2a: Grafaiai|51\/100\n|move|p1a: \u8017\u6b7b\u4f60|Leech Seed||[still]\n|-fail|p1a: \u8017\u6b7b\u4f60\n|\n|upkeep\n|turn|3\n|\n|t:|1700086207\n|move|p2a: Grafaiai|Swords Dance|p2a: Grafaiai\n|-boost|p2a: Grafaiai|atk|2\n|move|p1a: \u8017\u6b7b\u4f60|Substitute|p1a: \u8017\u6b7b\u4f60\n|-start|p1a: \u8017\u6b7b\u4f60|Substitute\n|-damage|p1a: \u8017\u6b7b\u4f60|76\/100\n|\n|-heal|p1a: \u8017\u6b7b\u4f60|82\/100|[from] item: Leftovers\n|upkeep\n|turn|4\n|\n|t:|1700086216\n|switch|p1a: \u4f60\u4e5f\u560e|Azelf|100\/100\n|move|p2a: Grafaiai|Swords Dance|p2a: Grafaiai\n|-boost|p2a: Grafaiai|atk|2\n|\n|upkeep\n|turn|5\n|\n|t:|1700086225\n|move|p1a: \u4f60\u4e5f\u560e|Stealth Rock|p2a: Grafaiai\n|-sidestart|p2: Zera & Lucy|move: Stealth Rock\n|move|p2a: Grafaiai|Poison Jab|p1a: \u4f60\u4e5f\u560e\n|-enditem|p1a: \u4f60\u4e5f\u560e|Focus Sash\n|-damage|p1a: \u4f60\u4e5f\u560e|1\/100\n|\n|upkeep\n|turn|6\n|\n|t:|1700086231\n|move|p2a: Grafaiai|Swords Dance|p2a: Grafaiai\n|-boost|p2a: Grafaiai|atk|2\n|move|p1a: \u4f60\u4e5f\u560e|Explosion|p2a: Grafaiai\n|-end|p2a: Grafaiai|Substitute\n|faint|p1a: \u4f60\u4e5f\u560e\n|\n|upkeep\n|\n|t:|1700086237\n|switch|p1a: \u4e00\u8d77\u560e|Pyukumuku, M|100\/100\n|turn|7\n|\n|t:|1700086244\n|move|p2a: Grafaiai|Substitute|p2a: Grafaiai\n|-start|p2a: Grafaiai|Substitute\n|-damage|p2a: Grafaiai|26\/100\n|move|p1a: \u4e00\u8d77\u560e|Pain Split||[still]\n|-fail|p1a: \u4e00\u8d77\u560e\n|\n|upkeep\n|turn|8\n|\n|t:|1700086250\n|move|p2a: Grafaiai|Poison Jab|p1a: \u4e00\u8d77\u560e\n|-damage|p1a: \u4e00\u8d77\u560e|0 fnt\n|-damage|p2a: Grafaiai|0 fnt|[from] ability: Innards Out|[of] p1a: \u4e00\u8d77\u560e\n|faint|p1a: \u4e00\u8d77\u560e\n|faint|p2a: Grafaiai\n|\n|upkeep\n|\n|t:|1700086259\n|switch|p2a: Ambipom|Ambipom, M|100\/100\n|switch|p1a: \u5927\u706b\u7bad|Celesteela|100\/100\n|-damage|p2a: Ambipom|88\/100|[from] Stealth Rock\n|turn|9\n|\n|t:|1700086280\n|move|p2a: Ambipom|Fake Out|p1a: \u5927\u706b\u7bad\n|-resisted|p1a: \u5927\u706b\u7bad\n|-damage|p1a: \u5927\u706b\u7bad|85\/100\n|cant|p1a: \u5927\u706b\u7bad|flinch\n|\n|upkeep\n|turn|10\n|\n|t:|1700086287\n|-terastallize|p1a: \u5927\u706b\u7bad|Dragon\n|move|p2a: Ambipom|Knock Off|p1a: \u5927\u706b\u7bad\n|-damage|p1a: \u5927\u706b\u7bad|60\/100\n|-enditem|p1a: \u5927\u706b\u7bad|Power Herb|[from] move: Knock Off|[of] p2a: Ambipom\n|move|p1a: \u5927\u706b\u7bad|Autotomize|p1a: \u5927\u706b\u7bad\n|-boost|p1a: \u5927\u706b\u7bad|spe|2\n|-start|p1a: \u5927\u706b\u7bad|Autotomize\n|\n|upkeep\n|turn|11\n|\n|t:|1700086305\n|move|p1a: \u5927\u706b\u7bad|Meteor Beam||[still]\n|-prepare|p1a: \u5927\u706b\u7bad|Meteor Beam\n|-boost|p1a: \u5927\u706b\u7bad|spa|1\n|move|p2a: Ambipom|Brick Break|p1a: \u5927\u706b\u7bad\n|-damage|p1a: \u5927\u706b\u7bad|37\/100\n|\n|upkeep\n|turn|12\n|\n|t:|1700086311\n|move|p1a: \u5927\u706b\u7bad|Meteor Beam|p2a: Ambipom|[from]lockedmove|[miss]\n|-miss|p1a: \u5927\u706b\u7bad|p2a: Ambipom\n|move|p2a: Ambipom|U-turn|p1a: \u5927\u706b\u7bad\n|-damage|p1a: \u5927\u706b\u7bad|18\/100\n|\n|t:|1700086336\n|switch|p2a: Cyclizar|Cyclizar, M|100\/100|[from] U-turn\n|-damage|p2a: Cyclizar|88\/100|[from] Stealth Rock\n|\n|upkeep\n|turn|13\n|\n|t:|1700086349\n|move|p1a: \u5927\u706b\u7bad|Air Slash|p2a: Cyclizar\n|-damage|p2a: Cyclizar|0 fnt\n|replace|p2a: Zoroark|Zoroark-Hisui, F\n|-end|p2a: Zoroark|Illusion\n|faint|p2a: Zoroark\n|-ability|p1a: \u5927\u706b\u7bad|Beast Boost|boost\n|-boost|p1a: \u5927\u706b\u7bad|spa|1\n|\n|upkeep\n|\n|t:|1700086354\n|switch|p2a: Ambipom|Ambipom, M|88\/100\n|-damage|p2a: Ambipom|76\/100|[from] Stealth Rock\n|turn|14\n|\n|t:|1700086376\n|-terastallize|p2a: Ambipom|Normal\n|move|p2a: Ambipom|Fake Out|p1a: \u5927\u706b\u7bad\n|-damage|p1a: \u5927\u706b\u7bad|0 fnt\n|faint|p1a: \u5927\u706b\u7bad\n|\n|upkeep\n|\n|t:|1700086386\n|switch|p1a: \u4e5f\u4e00\u8d77\u560e|Banette, M|100\/100\n|turn|15\n|\n|t:|1700086389\n|detailschange|p1a: \u4e5f\u4e00\u8d77\u560e|Banette-Mega, M\n|-mega|p1a: \u4e5f\u4e00\u8d77\u560e|Banette|Banettite\n|move|p1a: \u4e5f\u4e00\u8d77\u560e|Sucker Punch|p2a: Ambipom\n|-damage|p2a: Ambipom|26\/100\n|move|p2a: Ambipom|U-turn|p1a: \u4e5f\u4e00\u8d77\u560e\n|-resisted|p1a: \u4e5f\u4e00\u8d77\u560e\n|-damage|p1a: \u4e5f\u4e00\u8d77\u560e|87\/100\n|\n|t:|1700086398\n|switch|p2a: Cyclizar|Cyclizar, M|100\/100|[from] U-turn\n|-damage|p2a: Cyclizar|88\/100|[from] Stealth Rock\n|\n|upkeep\n|turn|16\n|\n|t:|1700086405\n|move|p1a: \u4e5f\u4e00\u8d77\u560e|Protect|p1a: \u4e5f\u4e00\u8d77\u560e\n|-singleturn|p1a: \u4e5f\u4e00\u8d77\u560e|Protect\n|move|p2a: Cyclizar|Shift Gear|p2a: Cyclizar\n|-boost|p2a: Cyclizar|spe|2\n|-boost|p2a: Cyclizar|atk|1\n|\n|upkeep\n|turn|17\n|\n|t:|1700086413\n|move|p1a: \u4e5f\u4e00\u8d77\u560e|Destiny Bond|p1a: \u4e5f\u4e00\u8d77\u560e\n|-singlemove|p1a: \u4e5f\u4e00\u8d77\u560e|Destiny Bond\n|move|p2a: Cyclizar|Shift Gear|p2a: Cyclizar\n|-boost|p2a: Cyclizar|spe|2\n|-boost|p2a: Cyclizar|atk|1\n|\n|upkeep\n|turn|18\n|\n|t:|1700086418\n|move|p1a: \u4e5f\u4e00\u8d77\u560e|Protect|p1a: \u4e5f\u4e00\u8d77\u560e\n|-singleturn|p1a: \u4e5f\u4e00\u8d77\u560e|Protect\n|move|p2a: Cyclizar|Dragon Claw|p1a: \u4e5f\u4e00\u8d77\u560e\n|-activate|p1a: \u4e5f\u4e00\u8d77\u560e|move: Protect\n|\n|upkeep\n|turn|19\n|\n|t:|1700086421\n|switch|p1a: \u8017\u6b7b\u4f60|Whimsicott, M|82\/100\n|move|p2a: Cyclizar|Shift Gear|p2a: Cyclizar\n|-boost|p2a: Cyclizar|spe|2\n|-boost|p2a: Cyclizar|atk|1\n|\n|-heal|p1a: \u8017\u6b7b\u4f60|88\/100|[from] item: Leftovers\n|upkeep\n|turn|20\n|\n|t:|1700086429\n|move|p1a: \u8017\u6b7b\u4f60|Leech Seed|p2a: Cyclizar\n|-start|p2a: Cyclizar|move: Leech Seed\n|move|p2a: Cyclizar|Rapid Spin|p1a: \u8017\u6b7b\u4f60\n|-damage|p1a: \u8017\u6b7b\u4f60|52\/100\n|-end|p2a: Cyclizar|Leech Seed|[from] move: Rapid Spin|[of] p2a: Cyclizar\n|-sideend|p2: Zera & Lucy|Stealth Rock|[from] move: Rapid Spin|[of] p2a: Cyclizar\n|\n|-heal|p1a: \u8017\u6b7b\u4f60|58\/100|[from] item: Leftovers\n|upkeep\n|turn|21\n|\n|t:|1700086435\n|move|p2a: Cyclizar|Quick Attack|p1a: \u8017\u6b7b\u4f60\n|-damage|p1a: \u8017\u6b7b\u4f60|28\/100\n|move|p1a: \u8017\u6b7b\u4f60|Substitute|p1a: \u8017\u6b7b\u4f60\n|-start|p1a: \u8017\u6b7b\u4f60|Substitute\n|-damage|p1a: \u8017\u6b7b\u4f60|4\/100\n|\n|-heal|p1a: \u8017\u6b7b\u4f60|10\/100|[from] item: Leftovers\n|upkeep\n|turn|22\n|\n|t:|1700086441\n|move|p2a: Cyclizar|Quick Attack|p1a: \u8017\u6b7b\u4f60\n|-end|p1a: \u8017\u6b7b\u4f60|Substitute\n|move|p1a: \u8017\u6b7b\u4f60|Toxic|p2a: Cyclizar|[miss]\n|-miss|p1a: \u8017\u6b7b\u4f60|p2a: Cyclizar\n|\n|-heal|p1a: \u8017\u6b7b\u4f60|16\/100|[from] item: Leftovers\n|upkeep\n|turn|23\n|\n|t:|1700086444\n|move|p1a: \u8017\u6b7b\u4f60|Protect|p1a: \u8017\u6b7b\u4f60\n|-singleturn|p1a: \u8017\u6b7b\u4f60|Protect\n|move|p2a: Cyclizar|Quick Attack|p1a: \u8017\u6b7b\u4f60\n|-activate|p1a: \u8017\u6b7b\u4f60|move: Protect\n|\n|-heal|p1a: \u8017\u6b7b\u4f60|22\/100|[from] item: Leftovers\n|upkeep\n|turn|24\n|-message|6AwA9 forfeited.\n|\n|win|Zera & Lucy\n|raw|6AwA9's rating: 1128 &rarr; <strong>1097<\/strong><br \/>(-31 for losing)\n|raw|Zera &amp; Lucy's rating: 1039 &rarr; <strong>1082<\/strong><br \/>(+43 for winning)\n|l|\u26066AwA9\n","uploadtime":1700086452,"views":20,"p1id":"6awa9","p2id":"zeralucy","formatid":"gen9nationaldex","rating":1082,"private":0,"password":""}