{"id":"gen9nationaldex-1996543625","p1":"SrPorquet","p2":"clairisyourmother","format":"[Gen 9] National Dex","log":"|html|<div class=\"broadcast-blue\"><strong>[Gen 9] National Dex is currently suspecting Sneasler! For information on how to participate check out the <a href=\"https:\/\/www.smogon.com\/forums\/threads\/sv-national-dex-suspect-8-just-dance.3731534\/\">suspect thread<\/a>.<\/strong><\/div>\n|j|\u203dSrPorquet\n|j|\u2606clairisyourmother\n|t:|1700692530\n|gametype|singles\n|player|p1|SrPorquet|falkner|1344\n|player|p2|clairisyourmother|clair|1250\n|teamsize|p1|6\n|teamsize|p2|6\n|gen|9\n|tier|[Gen 9] National Dex\n|rated|\n|rule|HP Percentage Mod: HP is shown in percentages\n|rule|Endless Battle Clause: Forcing endless battles is banned\n|rule|OHKO Clause: OHKO moves are banned\n|rule|Evasion Clause: Evasion abilities, items, and moves are banned\n|rule|Evasion Abilities Clause: Evasion abilities are banned\n|rule|Evasion Items Clause: Evasion items are banned\n|rule|Evasion Moves Clause: Evasion moves are banned\n|rule|Species Clause: Limit one of each Pok\u00e9mon\n|rule|Sleep Clause Mod: Limit one foe put to sleep\n|clearpoke\n|poke|p1|Pidgeot, M|\n|poke|p1|Magmortar, M|\n|poke|p1|Raichu, F|\n|poke|p1|Clefable, M|\n|poke|p1|Vileplume, M|\n|poke|p1|Politoed, M|\n|poke|p2|Azumarill, F|\n|poke|p2|Kommo-o, M|\n|poke|p2|Zapdos|\n|poke|p2|Ninetales-Alola, F|\n|poke|p2|Heatran, F|\n|poke|p2|Gliscor, M|\n|teampreview\n|inactive|Battle timer is ON: inactive players will automatically lose when time's up. (requested by clairisyourmother)\n|\n|t:|1700692546\n|start\n|switch|p1a: Raichu|Raichu, F|100\/100\n|switch|p2a: Lavagirl|Heatran, F, shiny|100\/100\n|turn|1\n|\n|t:|1700692550\n|move|p1a: Raichu|Nuzzle|p2a: Lavagirl\n|-damage|p2a: Lavagirl|92\/100\n|-status|p2a: Lavagirl|par\n|-status|p1a: Raichu|brn|[from] ability: Flame Body|[of] p2a: Lavagirl\n|-damage|p1a: Raichu|91\/100 brn|[from] item: Life Orb\n|move|p2a: Lavagirl|Stealth Rock|p1a: Raichu\n|-sidestart|p1: SrPorquet|move: Stealth Rock\n|\n|-heal|p2a: Lavagirl|98\/100 par|[from] item: Leftovers\n|-damage|p1a: Raichu|84\/100 brn|[from] brn\n|upkeep\n|turn|2\n|\n|t:|1700692562\n|switch|p1a: Politoed|Politoed, M|100\/100\n|-damage|p1a: Politoed|88\/100|[from] Stealth Rock\n|move|p2a: Lavagirl|Roar|p1a: Politoed\n|drag|p1a: Vileplume|Vileplume, M|100\/100\n|-damage|p1a: Vileplume|88\/100|[from] Stealth Rock\n|\n|-heal|p1a: Vileplume|94\/100|[from] item: Leftovers\n|-heal|p2a: Lavagirl|100\/100 par|[from] item: Leftovers\n|upkeep\n|turn|3\n|\n|t:|1700692570\n|switch|p1a: Politoed|Politoed, M|88\/100\n|-damage|p1a: Politoed|76\/100|[from] Stealth Rock\n|move|p2a: Lavagirl|Magma Storm|p1a: Politoed|[miss]\n|-miss|p2a: Lavagirl|p1a: Politoed\n|\n|-heal|p1a: Politoed|82\/100|[from] item: Leftovers\n|upkeep\n|turn|4\n|\n|t:|1700692573\n|move|p1a: Politoed|Earth Power|p2a: Lavagirl\n|-supereffective|p2a: Lavagirl\n|-damage|p2a: Lavagirl|46\/100 par\n|move|p2a: Lavagirl|Roar|p1a: Politoed\n|drag|p1a: Raichu|Raichu, F|84\/100 brn\n|-damage|p1a: Raichu|72\/100 brn|[from] Stealth Rock\n|\n|-heal|p2a: Lavagirl|52\/100 par|[from] item: Leftovers\n|-damage|p1a: Raichu|66\/100 brn|[from] brn\n|upkeep\n|turn|5\n|\n|t:|1700692579\n|switch|p1a: Politoed|Politoed, M|82\/100\n|-damage|p1a: Politoed|69\/100|[from] Stealth Rock\n|move|p2a: Lavagirl|Protect||[still]\n|-fail|p2a: Lavagirl\n|\n|-heal|p1a: Politoed|75\/100|[from] item: Leftovers\n|-heal|p2a: Lavagirl|58\/100 par|[from] item: Leftovers\n|upkeep\n|turn|6\n|\n|t:|1700692584\n|move|p1a: Politoed|Ice Beam|p2a: Lavagirl\n|-resisted|p2a: Lavagirl\n|-damage|p2a: Lavagirl|54\/100 par\n|move|p2a: Lavagirl|Roar|p1a: Politoed\n|drag|p1a: Magmortar|Magmortar, M|100\/100\n|-damage|p1a: Magmortar|76\/100|[from] Stealth Rock\n|\n|-heal|p2a: Lavagirl|61\/100 par|[from] item: Leftovers\n|upkeep\n|turn|7\n|\n|t:|1700692589\n|move|p1a: Magmortar|Scorching Sands|p2a: Lavagirl\n|-supereffective|p2a: Lavagirl\n|-damage|p2a: Lavagirl|0 fnt\n|faint|p2a: Lavagirl\n|\n|upkeep\n|\n|t:|1700692593\n|switch|p2a: Zoomer Ill|Azumarill, F|100\/100\n|turn|8\n|\n|t:|1700692596\n|move|p1a: Magmortar|Thunderbolt|p2a: Zoomer Ill\n|-supereffective|p2a: Zoomer Ill\n|-damage|p2a: Zoomer Ill|44\/100\n|move|p2a: Zoomer Ill|Liquidation|p1a: Magmortar\n|-supereffective|p1a: Magmortar\n|-damage|p1a: Magmortar|0 fnt\n|faint|p1a: Magmortar\n|\n|upkeep\n|\n|t:|1700692604\n|switch|p1a: Vileplume|Vileplume, M|94\/100\n|-damage|p1a: Vileplume|82\/100|[from] Stealth Rock\n|turn|9\n|\n|t:|1700692608\n|-terastallize|p2a: Zoomer Ill|Water\n|move|p1a: Vileplume|Sludge Bomb|p2a: Zoomer Ill\n|-damage|p2a: Zoomer Ill|2\/100\n|move|p2a: Zoomer Ill|Liquidation|p1a: Vileplume\n|-resisted|p1a: Vileplume\n|-damage|p1a: Vileplume|29\/100\n|\n|-heal|p1a: Vileplume|35\/100|[from] item: Leftovers\n|upkeep\n|turn|10\n|\n|t:|1700692617\n|switch|p2a: return of the king|Gliscor, M, shiny|100\/100\n|move|p1a: Vileplume|Strength Sap|p2a: return of the king\n|-unboost|p2a: return of the king|atk|1\n|-heal|p1a: Vileplume|100\/100\n|\n|-status|p2a: return of the king|tox|[from] item: Toxic Orb\n|upkeep\n|turn|11\n|\n|t:|1700692624\n|switch|p1a: Politoed|Politoed, M|75\/100\n|-damage|p1a: Politoed|63\/100|[from] Stealth Rock\n|move|p2a: return of the king|Earthquake|p1a: Politoed\n|-damage|p1a: Politoed|39\/100\n|\n|-heal|p1a: Politoed|45\/100|[from] item: Leftovers\n|upkeep\n|turn|12\n|\n|t:|1700692633\n|move|p2a: return of the king|Protect|p2a: return of the king\n|-singleturn|p2a: return of the king|Protect\n|move|p1a: Politoed|Surf|p2a: return of the king\n|-activate|p2a: return of the king|move: Protect\n|\n|-heal|p1a: Politoed|51\/100|[from] item: Leftovers\n|upkeep\n|turn|13\n|\n|t:|1700692655\n|move|p2a: return of the king|Facade|p1a: Politoed\n|-damage|p1a: Politoed|31\/100\n|move|p1a: Politoed|Ice Beam|p2a: return of the king\n|-supereffective|p2a: return of the king\n|-damage|p2a: return of the king|24\/100 tox\n|\n|-heal|p1a: Politoed|37\/100|[from] item: Leftovers\n|-heal|p2a: return of the king|36\/100 tox|[from] ability: Poison Heal\n|upkeep\n|turn|14\n|\n|t:|1700692667\n|move|p2a: return of the king|Protect|p2a: return of the king\n|-singleturn|p2a: return of the king|Protect\n|move|p1a: Politoed|Surf|p2a: return of the king\n|-activate|p2a: return of the king|move: Protect\n|\n|-heal|p1a: Politoed|43\/100|[from] item: Leftovers\n|-heal|p2a: return of the king|49\/100 tox|[from] ability: Poison Heal\n|upkeep\n|turn|15\n|\n|t:|1700692676\n|move|p2a: return of the king|Facade|p1a: Politoed\n|-damage|p1a: Politoed|22\/100\n|move|p1a: Politoed|Ice Beam|p2a: return of the king\n|-supereffective|p2a: return of the king\n|-damage|p2a: return of the king|0 fnt\n|faint|p2a: return of the king\n|\n|-heal|p1a: Politoed|28\/100|[from] item: Leftovers\n|upkeep\n|\n|t:|1700692683\n|switch|p2a: Beautiful<3|Ninetales-Alola, F, shiny|100\/100\n|-weather|Snow|[from] ability: Snow Warning|[of] p2a: Beautiful<3\n|turn|16\n|\n|t:|1700692688\n|move|p2a: Beautiful<3|Aurora Veil|p2a: Beautiful<3\n|-sidestart|p2: clairisyourmother|move: Aurora Veil\n|move|p1a: Politoed|Surf|p2a: Beautiful<3\n|-damage|p2a: Beautiful<3|81\/100\n|\n|-weather|Snow|[upkeep]\n|-heal|p1a: Politoed|34\/100|[from] item: Leftovers\n|upkeep\n|turn|17\n|\n|t:|1700692692\n|move|p2a: Beautiful<3|Freeze-Dry|p1a: Politoed\n|-supereffective|p1a: Politoed\n|-damage|p1a: Politoed|0 fnt\n|faint|p1a: Politoed\n|\n|-weather|Snow|[upkeep]\n|upkeep\n|\n|t:|1700692694\n|switch|p1a: Raichu|Raichu, F|66\/100 brn\n|-damage|p1a: Raichu|54\/100 brn|[from] Stealth Rock\n|turn|18\n|\n|t:|1700692701\n|move|p1a: Raichu|Nuzzle|p2a: Beautiful<3\n|-damage|p2a: Beautiful<3|78\/100\n|-status|p2a: Beautiful<3|par\n|-damage|p1a: Raichu|44\/100 brn|[from] item: Life Orb\n|move|p2a: Beautiful<3|Dazzling Gleam|p1a: Raichu\n|-damage|p1a: Raichu|0 fnt\n|faint|p1a: Raichu\n|\n|-weather|Snow|[upkeep]\n|upkeep\n|\n|t:|1700692707\n|switch|p1a: Clefable|Clefable, M|100\/100\n|turn|19\n|\n|t:|1700692715\n|switch|p2a: Zoomer Ill|Azumarill, F, tera:Water|2\/100\n|move|p1a: Clefable|Calm Mind|p1a: Clefable\n|-boost|p1a: Clefable|spa|1\n|-boost|p1a: Clefable|spd|1\n|\n|-weather|Snow|[upkeep]\n|upkeep\n|turn|20\n|\n|t:|1700692720\n|move|p1a: Clefable|Moonblast|p2a: Zoomer Ill\n|-damage|p2a: Zoomer Ill|0 fnt\n|faint|p2a: Zoomer Ill\n|\n|-weather|none\n|upkeep\n|\n|t:|1700692725\n|switch|p2a: The Conkster|Kommo-o, M, shiny|100\/100\n|turn|21\n|\n|t:|1700692732\n|-terastallize|p1a: Clefable|Fire\n|move|p2a: The Conkster|Poison Jab|p1a: Clefable\n|-damage|p1a: Clefable|78\/100\n|move|p1a: Clefable|Flamethrower|p2a: The Conkster\n|-resisted|p2a: The Conkster\n|-damage|p2a: The Conkster|81\/100\n|\n|-heal|p2a: The Conkster|87\/100|[from] item: Leftovers\n|upkeep\n|turn|22\n|\n|t:|1700692737\n|move|p2a: The Conkster|Outrage|p1a: Clefable\n|-damage|p1a: Clefable|27\/100\n|move|p1a: Clefable|Moonblast|p2a: The Conkster\n|-supereffective|p2a: The Conkster\n|-damage|p2a: The Conkster|0 fnt\n|faint|p2a: The Conkster\n|\n|upkeep\n|\n|t:|1700692743\n|switch|p2a: Bird or bee?|Zapdos|100\/100\n|-ability|p2a: Bird or bee?|Pressure\n|turn|23\n|\n|t:|1700692748\n|move|p2a: Bird or bee?|Discharge|p1a: Clefable\n|-damage|p1a: Clefable|5\/100\n|move|p1a: Clefable|Soft-Boiled|p1a: Clefable\n|-heal|p1a: Clefable|56\/100\n|\n|-sideend|p2: clairisyourmother|move: Aurora Veil\n|upkeep\n|turn|24\n|\n|t:|1700692751\n|move|p2a: Bird or bee?|Discharge|p1a: Clefable\n|-damage|p1a: Clefable|34\/100\n|-status|p1a: Clefable|par\n|move|p1a: Clefable|Soft-Boiled|p1a: Clefable\n|-heal|p1a: Clefable|84\/100 par\n|\n|upkeep\n|turn|25\n|\n|t:|1700692758\n|move|p2a: Bird or bee?|Volt Switch|p1a: Clefable\n|-damage|p1a: Clefable|67\/100 par\n|\n|t:|1700692761\n|switch|p2a: Beautiful<3|Ninetales-Alola, F, shiny|78\/100 par|[from] Volt Switch\n|-weather|Snow|[from] ability: Snow Warning|[of] p2a: Beautiful<3\n|cant|p1a: Clefable|par\n|\n|-weather|Snow|[upkeep]\n|upkeep\n|turn|26\n|\n|t:|1700692764\n|move|p2a: Beautiful<3|Aurora Veil|p2a: Beautiful<3\n|-sidestart|p2: clairisyourmother|move: Aurora Veil\n|move|p1a: Clefable|Flamethrower|p2a: Beautiful<3\n|-supereffective|p2a: Beautiful<3\n|-damage|p2a: Beautiful<3|0 fnt\n|faint|p2a: Beautiful<3\n|\n|-weather|Snow|[upkeep]\n|upkeep\n|\n|t:|1700692768\n|switch|p2a: Bird or bee?|Zapdos|100\/100\n|-ability|p2a: Bird or bee?|Pressure\n|turn|27\n|\n|t:|1700692772\n|move|p2a: Bird or bee?|Discharge|p1a: Clefable\n|-damage|p1a: Clefable|46\/100 par\n|move|p1a: Clefable|Soft-Boiled|p1a: Clefable\n|-heal|p1a: Clefable|96\/100 par\n|\n|-weather|Snow|[upkeep]\n|upkeep\n|turn|28\n|\n|t:|1700692776\n|move|p2a: Bird or bee?|Discharge|p1a: Clefable\n|-damage|p1a: Clefable|77\/100 par\n|cant|p1a: Clefable|par\n|\n|-weather|Snow|[upkeep]\n|upkeep\n|turn|29\n|\n|t:|1700692779\n|move|p2a: Bird or bee?|Discharge|p1a: Clefable\n|-damage|p1a: Clefable|57\/100 par\n|move|p1a: Clefable|Calm Mind|p1a: Clefable\n|-boost|p1a: Clefable|spa|1\n|-boost|p1a: Clefable|spd|1\n|\n|-weather|none\n|upkeep\n|turn|30\n|\n|t:|1700692781\n|move|p2a: Bird or bee?|Discharge|p1a: Clefable\n|-damage|p1a: Clefable|41\/100 par\n|move|p1a: Clefable|Soft-Boiled|p1a: Clefable\n|-heal|p1a: Clefable|91\/100 par\n|\n|upkeep\n|turn|31\n|\n|t:|1700692787\n|move|p2a: Bird or bee?|Discharge|p1a: Clefable\n|-damage|p1a: Clefable|76\/100 par\n|move|p1a: Clefable|Calm Mind|p1a: Clefable\n|-boost|p1a: Clefable|spa|1\n|-boost|p1a: Clefable|spd|1\n|\n|upkeep\n|turn|32\n|\n|t:|1700692791\n|move|p2a: Bird or bee?|Discharge|p1a: Clefable\n|-damage|p1a: Clefable|63\/100 par\n|move|p1a: Clefable|Moonblast|p2a: Bird or bee?\n|-damage|p2a: Bird or bee?|46\/100\n|\n|-heal|p2a: Bird or bee?|52\/100|[from] item: Leftovers\n|upkeep\n|turn|33\n|\n|t:|1700692796\n|move|p2a: Bird or bee?|Discharge|p1a: Clefable\n|-damage|p1a: Clefable|51\/100 par\n|move|p1a: Clefable|Soft-Boiled|p1a: Clefable\n|-heal|p1a: Clefable|100\/100 par\n|\n|-heal|p2a: Bird or bee?|59\/100|[from] item: Leftovers\n|-sideend|p2: clairisyourmother|move: Aurora Veil\n|upkeep\n|turn|34\n|\n|t:|1700692802\n|move|p2a: Bird or bee?|Discharge|p1a: Clefable\n|-damage|p1a: Clefable|88\/100 par\n|move|p1a: Clefable|Moonblast|p2a: Bird or bee?\n|-damage|p2a: Bird or bee?|0 fnt\n|faint|p2a: Bird or bee?\n|\n|win|SrPorquet\n|raw|SrPorquet's rating: 1344 &rarr; <strong>1359<\/strong><br \/>(+15 for winning)\n|raw|clairisyourmother's rating: 1250 &rarr; <strong>1232<\/strong><br \/>(-18 for losing)\n","uploadtime":1700692808,"views":2,"p1id":"srporquet","p2id":"clairisyourmother","formatid":"gen9nationaldex","rating":1232,"private":0,"password":""}