{"id":"gen9nationaldex-1997731704","p1":"canigetagulp","p2":"CustardCracker","format":"[Gen 9] National Dex","log":"|html|<div class=\"broadcast-blue\"><strong>[Gen 9] National Dex is currently suspecting Sneasler! For information on how to participate check out the <a href=\"https:\/\/www.smogon.com\/forums\/threads\/sv-national-dex-suspect-8-just-dance.3731534\/\">suspect thread<\/a>.<\/strong><\/div>\n|j|\u2606canigetagulp\n|j|\u2606CustardCracker\n|t:|1700846708\n|gametype|singles\n|player|p1|canigetagulp|dawn|1049\n|player|p2|CustardCracker|170|1065\n|teamsize|p1|6\n|teamsize|p2|6\n|gen|9\n|tier|[Gen 9] National Dex\n|rated|\n|rule|HP Percentage Mod: HP is shown in percentages\n|rule|Endless Battle Clause: Forcing endless battles is banned\n|rule|OHKO Clause: OHKO moves are banned\n|rule|Evasion Clause: Evasion abilities, items, and moves are banned\n|rule|Evasion Abilities Clause: Evasion abilities are banned\n|rule|Evasion Items Clause: Evasion items are banned\n|rule|Evasion Moves Clause: Evasion moves are banned\n|rule|Species Clause: Limit one of each Pok\u00e9mon\n|rule|Sleep Clause Mod: Limit one foe put to sleep\n|clearpoke\n|poke|p1|Electrode-Hisui|\n|poke|p1|Duraludon, M|\n|poke|p1|Fezandipiti, M|\n|poke|p1|Solrock|\n|poke|p1|Samurott-Hisui, F|\n|poke|p1|Gastrodon, F|\n|poke|p2|Abomasnow, F|\n|poke|p2|Clodsire, F|\n|poke|p2|Audino, F|\n|poke|p2|Talonflame, M|\n|poke|p2|Frosmoth, M|\n|poke|p2|Drifblim, M|\n|teampreview\n|\n|t:|1700846720\n|start\n|switch|p1a: Electrode|Electrode-Hisui|100\/100\n|switch|p2a: Drifblim|Drifblim, M|100\/100\n|turn|1\n|\n|t:|1700846728\n|switch|p2a: Clodsire|Clodsire, F|100\/100\n|move|p1a: Electrode|Charge Beam|p2a: Clodsire\n|-immune|p2a: Clodsire\n|\n|upkeep\n|turn|2\n|\n|t:|1700846731\n|switch|p1a: Fezandipiti|Fezandipiti, M|100\/100\n|move|p2a: Clodsire|Stealth Rock|p1a: Fezandipiti\n|-sidestart|p1: canigetagulp|move: Stealth Rock\n|\n|upkeep\n|turn|3\n|\n|t:|1700846737\n|move|p1a: Fezandipiti|U-turn|p2a: Clodsire\n|-resisted|p2a: Clodsire\n|-damage|p2a: Clodsire|95\/100\n|-damage|p1a: Fezandipiti|84\/100|[from] item: Rocky Helmet|[of] p2a: Clodsire\n|\n|t:|1700846744\n|switch|p1a: Duraludon|Duraludon, M|100\/100|[from] U-turn\n|-damage|p1a: Duraludon|94\/100|[from] Stealth Rock\n|move|p2a: Clodsire|Toxic Spikes|p1a: Duraludon\n|-sidestart|p1: canigetagulp|move: Toxic Spikes\n|\n|upkeep\n|turn|4\n|\n|t:|1700846750\n|move|p1a: Duraludon|Flash Cannon|p2a: Clodsire\n|-damage|p2a: Clodsire|63\/100\n|move|p2a: Clodsire|Earthquake|p1a: Duraludon\n|-supereffective|p1a: Duraludon\n|-damage|p1a: Duraludon|42\/100\n|\n|upkeep\n|turn|5\n|\n|t:|1700846768\n|move|p1a: Duraludon|Flash Cannon|p2a: Clodsire\n|-damage|p2a: Clodsire|33\/100\n|-unboost|p2a: Clodsire|spd|1\n|move|p2a: Clodsire|Earthquake|p1a: Duraludon\n|-supereffective|p1a: Duraludon\n|-damage|p1a: Duraludon|0 fnt\n|faint|p1a: Duraludon\n|\n|upkeep\n|\n|t:|1700846771\n|switch|p1a: Fezandipiti|Fezandipiti, M|84\/100\n|-sideend|p1: canigetagulp|move: Toxic Spikes|[of] p1a: Fezandipiti\n|turn|6\n|\n|t:|1700846778\n|move|p1a: Fezandipiti|Moonblast|p2a: Clodsire\n|-resisted|p2a: Clodsire\n|-damage|p2a: Clodsire|13\/100\n|move|p2a: Clodsire|Recover|p2a: Clodsire\n|-heal|p2a: Clodsire|63\/100\n|\n|upkeep\n|turn|7\n|\n|t:|1700846782\n|move|p1a: Fezandipiti|U-turn|p2a: Clodsire\n|-resisted|p2a: Clodsire\n|-damage|p2a: Clodsire|57\/100\n|-damage|p1a: Fezandipiti|67\/100|[from] item: Rocky Helmet|[of] p2a: Clodsire\n|\n|t:|1700846792\n|switch|p1a: Solrock|Solrock|100\/100|[from] U-turn\n|-damage|p1a: Solrock|88\/100|[from] Stealth Rock\n|move|p2a: Clodsire|Toxic Spikes|p1a: Solrock\n|-sidestart|p1: canigetagulp|move: Toxic Spikes\n|\n|-heal|p1a: Solrock|94\/100|[from] item: Leftovers\n|upkeep\n|turn|8\n|\n|t:|1700846796\n|switch|p2a: Audino|Audino, F|100\/100\n|move|p1a: Solrock|Iron Defense|p1a: Solrock\n|-boost|p1a: Solrock|def|2\n|\n|-heal|p1a: Solrock|99\/100|[from] item: Leftovers\n|upkeep\n|turn|9\n|\n|t:|1700846800\n|move|p1a: Solrock|Swords Dance|p1a: Solrock\n|-boost|p1a: Solrock|atk|2\n|move|p2a: Audino|Encore|p1a: Solrock\n|-start|p1a: Solrock|Encore\n|\n|-heal|p1a: Solrock|100\/100|[from] item: Leftovers\n|upkeep\n|turn|10\n|\n|t:|1700846803\n|move|p1a: Solrock|Swords Dance|p1a: Solrock\n|-boost|p1a: Solrock|atk|2\n|move|p2a: Audino|Knock Off|p1a: Solrock\n|-supereffective|p1a: Solrock\n|-damage|p1a: Solrock|84\/100\n|-enditem|p1a: Solrock|Leftovers|[from] move: Knock Off|[of] p2a: Audino\n|\n|upkeep\n|turn|11\n|\n|t:|1700846807\n|move|p1a: Solrock|Swords Dance|p1a: Solrock\n|-boost|p1a: Solrock|atk|2\n|move|p2a: Audino|Yawn|p1a: Solrock\n|-start|p1a: Solrock|move: Yawn|[of] p2a: Audino\n|\n|upkeep\n|turn|12\n|\n|t:|1700846815\n|switch|p2a: Frosmoth|Frosmoth, M|100\/100\n|move|p1a: Solrock|Swords Dance|p1a: Solrock\n|-boost|p1a: Solrock|atk|0\n|\n|-end|p1a: Solrock|Encore\n|-end|p1a: Solrock|move: Yawn|[silent]\n|-status|p1a: Solrock|slp\n|upkeep\n|turn|13\n|\n|t:|1700846820\n|move|p2a: Frosmoth|Quiver Dance|p2a: Frosmoth\n|-boost|p2a: Frosmoth|spa|1\n|-boost|p2a: Frosmoth|spd|1\n|-boost|p2a: Frosmoth|spe|1\n|cant|p1a: Solrock|slp\n|\n|upkeep\n|turn|14\n|\n|t:|1700846828\n|move|p2a: Frosmoth|Giga Drain|p1a: Solrock\n|-supereffective|p1a: Solrock\n|-damage|p1a: Solrock|0 fnt\n|faint|p1a: Solrock\n|\n|upkeep\n|c|\u2606canigetagulp|Me when no wake\n|\n|t:|1700846837\n|switch|p1a: Fezandipiti|Fezandipiti, M|67\/100\n|-sideend|p1: canigetagulp|move: Toxic Spikes|[of] p1a: Fezandipiti\n|turn|15\n|\n|t:|1700846848\n|move|p2a: Frosmoth|Ice Beam|p1a: Fezandipiti\n|-damage|p1a: Fezandipiti|14\/100\n|move|p1a: Fezandipiti|U-turn|p2a: Frosmoth\n|-damage|p2a: Frosmoth|76\/100\n|c|\u2606CustardCracker|theres 1 turn of guaranteed sleep\n|\n|t:|1700846860\n|switch|p1a: Samurott|Samurott-Hisui, F|100\/100|[from] U-turn\n|-damage|p1a: Samurott|88\/100|[from] Stealth Rock\n|\n|upkeep\n|turn|16\n|c|\u2606canigetagulp|What did I just do\n|c|\u2606canigetagulp|uh oh\n|c|\u2606canigetagulp|\ud83d\uded1\ud83d\ude1c\ud83d\ude1c\ud83d\ude1c\n|\n|t:|1700846918\n|move|p1a: Samurott|Ceaseless Edge|p2a: Frosmoth\n|-damage|p2a: Frosmoth|0 fnt\n|-sidestart|p2: CustardCracker|Spikes\n|faint|p2a: Frosmoth\n|\n|upkeep\n|c|\u2606canigetagulp|oh ok\n|\n|t:|1700846929\n|switch|p2a: Talonflame|Talonflame, M|100\/100\n|turn|17\n|\n|t:|1700846936\n|switch|p1a: Gastrodon|Gastrodon, F|100\/100\n|-damage|p1a: Gastrodon|94\/100|[from] Stealth Rock\n|move|p2a: Talonflame|Dual Wingbeat|p1a: Gastrodon\n|-damage|p1a: Gastrodon|84\/100\n|-damage|p2a: Talonflame|84\/100|[from] item: Rocky Helmet|[of] p1a: Gastrodon\n|-damage|p1a: Gastrodon|73\/100\n|-damage|p2a: Talonflame|68\/100|[from] item: Rocky Helmet|[of] p1a: Gastrodon\n|-hitcount|p1a: Gastrodon|2\n|\n|upkeep\n|turn|18\n|\n|t:|1700846953\n|move|p2a: Talonflame|Taunt|p1a: Gastrodon\n|-start|p1a: Gastrodon|move: Taunt\n|move|p1a: Gastrodon|Earth Power|p2a: Talonflame\n|-immune|p2a: Talonflame\n|\n|upkeep\n|turn|19\n|\n|t:|1700846958\n|move|p2a: Talonflame|U-turn|p1a: Gastrodon\n|-damage|p1a: Gastrodon|61\/100\n|-damage|p2a: Talonflame|51\/100|[from] item: Rocky Helmet|[of] p1a: Gastrodon\n|\n|t:|1700846962\n|switch|p2a: Audino|Audino, F|100\/100|[from] U-turn\n|-damage|p2a: Audino|88\/100|[from] Spikes\n|move|p1a: Gastrodon|Earth Power|p2a: Audino\n|-damage|p2a: Audino|68\/100\n|\n|upkeep\n|turn|20\n|\n|t:|1700846970\n|move|p2a: Audino|Encore|p1a: Gastrodon\n|-start|p1a: Gastrodon|Encore\n|move|p1a: Gastrodon|Earth Power|p2a: Audino\n|-damage|p2a: Audino|45\/100\n|\n|-end|p1a: Gastrodon|move: Taunt\n|upkeep\n|turn|21\n|\n|t:|1700846975\n|switch|p1a: Electrode|Electrode-Hisui|100\/100\n|-damage|p1a: Electrode|88\/100|[from] Stealth Rock\n|move|p2a: Audino|Wish|p2a: Audino\n|\n|upkeep\n|turn|22\n|\n|t:|1700846980\n|switch|p2a: Miguelito|Abomasnow, F|100\/100\n|-damage|p2a: Miguelito|88\/100|[from] Spikes\n|-weather|Snow|[from] ability: Snow Warning|[of] p2a: Miguelito\n|move|p1a: Electrode|Charge Beam|p2a: Miguelito\n|-resisted|p2a: Miguelito\n|-damage|p2a: Miguelito|77\/100\n|-boost|p1a: Electrode|spa|1\n|-damage|p1a: Electrode|78\/100|[from] item: Life Orb\n|\n|-weather|Snow|[upkeep]\n|-heal|p2a: Miguelito|100\/100|[from] move: Wish|[wisher] Audino\n|upkeep\n|turn|23\n|\n|t:|1700846988\n|-terastallize|p1a: Electrode|Fire\n|move|p1a: Electrode|Tera Blast|p2a: Miguelito|[anim] Tera Blast Fire\n|-supereffective|p2a: Miguelito\n|-crit|p2a: Miguelito\n|-damage|p2a: Miguelito|0 fnt\n|faint|p2a: Miguelito\n|-damage|p1a: Electrode|68\/100|[from] item: Life Orb\n|\n|-weather|Snow|[upkeep]\n|upkeep\n|\n|t:|1700846992\n|switch|p2a: Clodsire|Clodsire, F|57\/100\n|-damage|p2a: Clodsire|45\/100|[from] Spikes\n|turn|24\n|\n|t:|1700846999\n|move|p1a: Electrode|Tera Blast|p2a: Clodsire|[anim] Tera Blast Fire\n|-damage|p2a: Clodsire|18\/100\n|-damage|p1a: Electrode|58\/100|[from] item: Life Orb\n|move|p2a: Clodsire|Recover|p2a: Clodsire\n|-heal|p2a: Clodsire|68\/100\n|\n|-weather|Snow|[upkeep]\n|upkeep\n|turn|25\n|\n|t:|1700847006\n|move|p1a: Electrode|Charge Beam|p2a: Clodsire\n|-immune|p2a: Clodsire\n|move|p2a: Clodsire|Toxic Spikes|p1a: Electrode\n|-sidestart|p1: canigetagulp|move: Toxic Spikes\n|\n|-weather|Snow|[upkeep]\n|upkeep\n|turn|26\n|\n|t:|1700847015\n|switch|p1a: Fezandipiti|Fezandipiti, M|14\/100\n|-sideend|p1: canigetagulp|move: Toxic Spikes|[of] p1a: Fezandipiti\n|move|p2a: Clodsire|Recover|p2a: Clodsire\n|-heal|p2a: Clodsire|100\/100\n|\n|-weather|none\n|upkeep\n|turn|27\n|\n|t:|1700847020\n|move|p1a: Fezandipiti|Roost|p1a: Fezandipiti\n|-heal|p1a: Fezandipiti|64\/100\n|-singleturn|p1a: Fezandipiti|move: Roost\n|move|p2a: Clodsire|Toxic Spikes|p1a: Fezandipiti\n|-sidestart|p1: canigetagulp|move: Toxic Spikes\n|\n|upkeep\n|turn|28\n|\n|t:|1700847023\n|move|p1a: Fezandipiti|Roost|p1a: Fezandipiti\n|-heal|p1a: Fezandipiti|100\/100\n|-singleturn|p1a: Fezandipiti|move: Roost\n|move|p2a: Clodsire|Earthquake|p1a: Fezandipiti\n|-supereffective|p1a: Fezandipiti\n|-damage|p1a: Fezandipiti|42\/100\n|\n|upkeep\n|turn|29\n|\n|t:|1700847026\n|move|p1a: Fezandipiti|U-turn|p2a: Clodsire\n|-resisted|p2a: Clodsire\n|-crit|p2a: Clodsire\n|-damage|p2a: Clodsire|92\/100\n|-damage|p1a: Fezandipiti|25\/100|[from] item: Rocky Helmet|[of] p2a: Clodsire\n|\n|t:|1700847037\n|switch|p1a: Samurott|Samurott-Hisui, F|88\/100|[from] U-turn\n|-damage|p1a: Samurott|76\/100|[from] Stealth Rock\n|-status|p1a: Samurott|psn\n|move|p2a: Clodsire|Earthquake|p1a: Samurott\n|-damage|p1a: Samurott|39\/100 psn\n|\n|-damage|p1a: Samurott|27\/100 psn|[from] psn\n|upkeep\n|turn|30\n|\n|t:|1700847046\n|move|p1a: Samurott|Knock Off|p2a: Clodsire\n|-damage|p2a: Clodsire|58\/100\n|-damage|p1a: Samurott|10\/100 psn|[from] item: Rocky Helmet|[of] p2a: Clodsire\n|-enditem|p2a: Clodsire|Rocky Helmet|[from] move: Knock Off|[of] p1a: Samurott\n|move|p2a: Clodsire|Recover|p2a: Clodsire\n|-heal|p2a: Clodsire|100\/100\n|\n|-damage|p1a: Samurott|0 fnt|[from] psn\n|faint|p1a: Samurott\n|upkeep\n|\n|t:|1700847054\n|switch|p1a: Fezandipiti|Fezandipiti, M|25\/100\n|-sideend|p1: canigetagulp|move: Toxic Spikes|[of] p1a: Fezandipiti\n|turn|31\n|\n|t:|1700847057\n|move|p1a: Fezandipiti|U-turn|p2a: Clodsire\n|-resisted|p2a: Clodsire\n|-damage|p2a: Clodsire|95\/100\n|\n|t:|1700847061\n|switch|p1a: Gastrodon|Gastrodon, F|61\/100|[from] U-turn\n|-damage|p1a: Gastrodon|55\/100|[from] Stealth Rock\n|move|p2a: Clodsire|Toxic Spikes|p1a: Gastrodon\n|-sidestart|p1: canigetagulp|move: Toxic Spikes\n|\n|upkeep\n|turn|32\n|\n|t:|1700847069\n|switch|p2a: Audino|Audino, F|79\/100\n|-damage|p2a: Audino|66\/100|[from] Spikes\n|move|p1a: Gastrodon|Recover|p1a: Gastrodon\n|-heal|p1a: Gastrodon|100\/100\n|\n|upkeep\n|turn|33\n|\n|t:|1700847074\n|move|p2a: Audino|Encore|p1a: Gastrodon\n|-start|p1a: Gastrodon|Encore\n|move|p1a: Gastrodon|Recover||[still]\n|-fail|p1a: Gastrodon|heal\n|\n|upkeep\n|turn|34\n|\n|t:|1700847079\n|switch|p1a: Fezandipiti|Fezandipiti, M|25\/100\n|-sideend|p1: canigetagulp|move: Toxic Spikes|[of] p1a: Fezandipiti\n|move|p2a: Audino|Wish|p2a: Audino\n|\n|upkeep\n|turn|35\n|\n|t:|1700847082\n|move|p1a: Fezandipiti|U-turn|p2a: Audino\n|-damage|p2a: Audino|56\/100\n|\n|t:|1700847086\n|switch|p1a: Gastrodon|Gastrodon, F|100\/100|[from] U-turn\n|-damage|p1a: Gastrodon|94\/100|[from] Stealth Rock\n|move|p2a: Audino|Encore||[still]\n|-fail|p2a: Audino\n|\n|-heal|p2a: Audino|100\/100|[from] move: Wish|[wisher] Audino\n|upkeep\n|turn|36\n|\n|t:|1700847096\n|move|p2a: Audino|Knock Off|p1a: Gastrodon\n|-damage|p1a: Gastrodon|83\/100\n|-damage|p2a: Audino|84\/100|[from] item: Rocky Helmet|[of] p1a: Gastrodon\n|-enditem|p1a: Gastrodon|Rocky Helmet|[from] move: Knock Off|[of] p2a: Audino\n|move|p1a: Gastrodon|Stealth Rock|p2a: Audino\n|-sidestart|p2: CustardCracker|move: Stealth Rock\n|\n|upkeep\n|turn|37\n|\n|t:|1700847103\n|switch|p1a: Electrode|Electrode-Hisui, tera:Fire|58\/100\n|-damage|p1a: Electrode|33\/100|[from] Stealth Rock\n|move|p2a: Audino|Wish|p2a: Audino\n|\n|upkeep\n|turn|38\n|\n|t:|1700847111\n|move|p1a: Electrode|Energy Ball|p2a: Audino\n|-damage|p2a: Audino|51\/100\n|-damage|p1a: Electrode|23\/100|[from] item: Life Orb\n|move|p2a: Audino|Knock Off|p1a: Electrode\n|-damage|p1a: Electrode|0 fnt\n|-enditem|p1a: Electrode|Life Orb|[from] move: Knock Off|[of] p2a: Audino\n|faint|p1a: Electrode\n|\n|-heal|p2a: Audino|100\/100|[from] move: Wish|[wisher] Audino\n|upkeep\n|\n|t:|1700847118\n|switch|p1a: Gastrodon|Gastrodon, F|83\/100\n|-damage|p1a: Gastrodon|77\/100|[from] Stealth Rock\n|turn|39\n|\n|t:|1700847131\n|move|p2a: Audino|Wish|p2a: Audino\n|move|p1a: Gastrodon|Earth Power|p2a: Audino\n|-damage|p2a: Audino|79\/100\n|\n|upkeep\n|turn|40\n|\n|t:|1700847136\n|switch|p2a: Drifblim|Drifblim, M|100\/100\n|switch|p1a: Fezandipiti|Fezandipiti, M|25\/100\n|\n|upkeep\n|turn|41\n|\n|t:|1700847139\n|move|p2a: Drifblim|Defog|p1a: Fezandipiti\n|-unboost|p1a: Fezandipiti|evasion|1\n|-sideend|p1: canigetagulp|Stealth Rock|[from] move: Defog|[of] p2a: Drifblim\n|-sideend|p2: CustardCracker|Spikes|[from] move: Defog|[of] p2a: Drifblim\n|-sideend|p2: CustardCracker|Stealth Rock|[from] move: Defog|[of] p2a: Drifblim\n|move|p1a: Fezandipiti|Roost|p1a: Fezandipiti\n|-heal|p1a: Fezandipiti|75\/100\n|-singleturn|p1a: Fezandipiti|move: Roost\n|\n|upkeep\n|turn|42\n|\n|t:|1700847157\n|move|p2a: Drifblim|Thunder Wave|p1a: Fezandipiti\n|-status|p1a: Fezandipiti|par\n|move|p1a: Fezandipiti|Moonblast|p2a: Drifblim\n|-damage|p2a: Drifblim|60\/100\n|-unboost|p2a: Drifblim|spa|1\n|\n|upkeep\n|turn|43\n|\n|t:|1700847163\n|switch|p2a: Clodsire|Clodsire, F|95\/100\n|move|p1a: Fezandipiti|U-turn|p2a: Clodsire\n|-resisted|p2a: Clodsire\n|-damage|p2a: Clodsire|90\/100\n|\n|t:|1700847165\n|switch|p1a: Gastrodon|Gastrodon, F|77\/100|[from] U-turn\n|\n|upkeep\n|turn|44\n|\n|t:|1700847170\n|move|p1a: Gastrodon|Stealth Rock|p2a: Clodsire\n|-sidestart|p2: CustardCracker|move: Stealth Rock\n|move|p2a: Clodsire|Stealth Rock|p1a: Gastrodon\n|-sidestart|p1: canigetagulp|move: Stealth Rock\n|\n|upkeep\n|turn|45\n|\n|t:|1700847175\n|switch|p2a: Audino|Audino, F|100\/100\n|-damage|p2a: Audino|88\/100|[from] Stealth Rock\n|move|p1a: Gastrodon|Earth Power|p2a: Audino\n|-damage|p2a: Audino|65\/100\n|\n|upkeep\n|turn|46\n|\n|t:|1700847189\n|move|p2a: Audino|Wish|p2a: Audino\n|move|p1a: Gastrodon|Earth Power|p2a: Audino\n|-damage|p2a: Audino|42\/100\n|\n|upkeep\n|turn|47\n|\n|t:|1700847195\n|switch|p2a: Drifblim|Drifblim, M|60\/100\n|switch|p1a: Fezandipiti|Fezandipiti, M|75\/100 par\n|\n|-heal|p2a: Drifblim|100\/100|[from] move: Wish|[wisher] Audino\n|upkeep\n|turn|48\n|\n|t:|1700847198\n|move|p2a: Drifblim|Defog|p1a: Fezandipiti\n|-unboost|p1a: Fezandipiti|evasion|1\n|-sideend|p1: canigetagulp|Stealth Rock|[from] move: Defog|[of] p2a: Drifblim\n|-sideend|p2: CustardCracker|Stealth Rock|[from] move: Defog|[of] p2a: Drifblim\n|move|p1a: Fezandipiti|Moonblast|p2a: Drifblim\n|-damage|p2a: Drifblim|63\/100\n|\n|upkeep\n|turn|49\n|\n|t:|1700847202\n|switch|p2a: Clodsire|Clodsire, F|90\/100\n|move|p1a: Fezandipiti|Moonblast|p2a: Clodsire\n|-resisted|p2a: Clodsire\n|-damage|p2a: Clodsire|77\/100\n|-unboost|p2a: Clodsire|spa|1\n|\n|upkeep\n|turn|50\n|\n|t:|1700847210\n|switch|p2a: Drifblim|Drifblim, M|63\/100\n|move|p1a: Fezandipiti|U-turn|p2a: Drifblim\n|-resisted|p2a: Drifblim\n|-damage|p2a: Drifblim|59\/100\n|-status|p2a: Drifblim|tox|[from] ability: Toxic Chain|[of] p1a: Fezandipiti\n|\n|t:|1700847212\n|switch|p1a: Gastrodon|Gastrodon, F|77\/100|[from] U-turn\n|\n|-damage|p2a: Drifblim|53\/100 tox|[from] psn\n|upkeep\n|turn|51\n|\n|t:|1700847216\n|move|p2a: Drifblim|Magic Coat|p2a: Drifblim\n|-singleturn|p2a: Drifblim|move: Magic Coat\n|move|p1a: Gastrodon|Scald|p2a: Drifblim\n|-damage|p2a: Drifblim|25\/100 tox\n|\n|-damage|p2a: Drifblim|12\/100 tox|[from] psn\n|upkeep\n|turn|52\n|\n|t:|1700847226\n|switch|p2a: Audino|Audino, F|75\/100\n|switch|p1a: Fezandipiti|Fezandipiti, M|75\/100 par\n|\n|upkeep\n|turn|53\n|\n|t:|1700847234\n|move|p2a: Audino|Knock Off|p1a: Fezandipiti\n|-resisted|p1a: Fezandipiti\n|-damage|p1a: Fezandipiti|67\/100 par\n|-enditem|p1a: Fezandipiti|Heavy-Duty Boots|[from] move: Knock Off|[of] p2a: Audino\n|move|p1a: Fezandipiti|Moonblast|p2a: Audino\n|-damage|p2a: Audino|49\/100\n|-status|p2a: Audino|tox|[from] ability: Toxic Chain|[of] p1a: Fezandipiti\n|\n|-damage|p2a: Audino|42\/100 tox|[from] psn\n|upkeep\n|turn|54\n|\n|t:|1700847239\n|move|p2a: Audino|Wish|p2a: Audino\n|cant|p1a: Fezandipiti|par\n|\n|-damage|p2a: Audino|30\/100 tox|[from] psn\n|upkeep\n|turn|55\n|\n|t:|1700847243\n|switch|p2a: Talonflame|Talonflame, M|51\/100\n|move|p1a: Fezandipiti|Moonblast|p2a: Talonflame\n|-resisted|p2a: Talonflame\n|-damage|p2a: Talonflame|25\/100\n|-unboost|p2a: Talonflame|spa|1\n|\n|-heal|p2a: Talonflame|94\/100|[from] move: Wish|[wisher] Audino\n|upkeep\n|turn|56\n|\n|t:|1700847249\n|move|p2a: Talonflame|U-turn|p1a: Fezandipiti\n|-resisted|p1a: Fezandipiti\n|-damage|p1a: Fezandipiti|63\/100 par\n|\n|t:|1700847252\n|switch|p2a: Clodsire|Clodsire, F|77\/100|[from] U-turn\n|move|p1a: Fezandipiti|U-turn|p2a: Clodsire\n|-resisted|p2a: Clodsire\n|-damage|p2a: Clodsire|72\/100\n|\n|t:|1700847255\n|switch|p1a: Gastrodon|Gastrodon, F|77\/100|[from] U-turn\n|\n|upkeep\n|turn|57\n|c|\u2606canigetagulp|I think I\u2019m just gonna forfeit\n|c|\u2606canigetagulp|you play good \ud83d\ude22\n|\n|t:|1700847280\n|move|p1a: Gastrodon|Scald|p2a: Clodsire\n|-supereffective|p2a: Clodsire\n|-damage|p2a: Clodsire|38\/100\n|move|p2a: Clodsire|Stealth Rock|p1a: Gastrodon\n|-sidestart|p1: canigetagulp|move: Stealth Rock\n|\n|upkeep\n|turn|58\n|c|\u2606canigetagulp|WHAT\n|c|\u2606canigetagulp|WHAT\n|c|\u2606canigetagulp|WHAT\n|c|\u2606canigetagulp|IVE BEEN FOOLED\n|c|\u2606canigetagulp|OMG\n|c|\u2606canigetagulp|WHAT\n|\n|t:|1700847308\n|-terastallize|p2a: Clodsire|Flying\n|move|p1a: Gastrodon|Stealth Rock|p2a: Clodsire\n|-sidestart|p2: CustardCracker|move: Stealth Rock\n|move|p2a: Clodsire|Recover|p2a: Clodsire\n|-heal|p2a: Clodsire|88\/100\n|\n|upkeep\n|turn|59\n|\n|t:|1700847315\n|move|p1a: Gastrodon|Scald|p2a: Clodsire\n|-damage|p2a: Clodsire|71\/100\n|move|p2a: Clodsire|Earthquake|p1a: Gastrodon\n|-damage|p1a: Gastrodon|56\/100\n|\n|upkeep\n|turn|60\n|\n|t:|1700847324\n|switch|p2a: Audino|Audino, F|63\/100 tox\n|-damage|p2a: Audino|51\/100 tox|[from] Stealth Rock\n|move|p1a: Gastrodon|Scald|p2a: Audino\n|-damage|p2a: Audino|30\/100 tox\n|\n|-damage|p2a: Audino|24\/100 tox|[from] psn\n|upkeep\n|turn|61\n|c|\u2606canigetagulp|Only\n|c|\u2606canigetagulp|If\n|\n|t:|1700847338\n|move|p2a: Audino|Yawn|p1a: Gastrodon\n|-start|p1a: Gastrodon|move: Yawn|[of] p2a: Audino\n|move|p1a: Gastrodon|Scald|p2a: Audino\n|-damage|p2a: Audino|4\/100 tox\n|\n|-damage|p2a: Audino|0 fnt|[from] psn\n|faint|p2a: Audino\n|upkeep\n|c|\u2606canigetagulp|I don\u2019t like that\n|c|\u2606canigetagulp|\ud83d\ude2d\n|\n|t:|1700847351\n|switch|p2a: Drifblim|Drifblim, M|12\/100 tox\n|turn|62\n|\n|t:|1700847356\n|move|p2a: Drifblim|Defog|p1a: Gastrodon\n|-unboost|p1a: Gastrodon|evasion|1\n|-sideend|p1: canigetagulp|Stealth Rock|[from] move: Defog|[of] p2a: Drifblim\n|-sideend|p2: CustardCracker|Stealth Rock|[from] move: Defog|[of] p2a: Drifblim\n|move|p1a: Gastrodon|Recover|p1a: Gastrodon\n|-heal|p1a: Gastrodon|100\/100\n|\n|-damage|p2a: Drifblim|6\/100 tox|[from] psn\n|-end|p1a: Gastrodon|move: Yawn|[silent]\n|-status|p1a: Gastrodon|slp\n|upkeep\n|turn|63\n|\n|t:|1700847368\n|switch|p2a: Clodsire|Clodsire, F, tera:Flying|71\/100\n|cant|p1a: Gastrodon|slp\n|\n|upkeep\n|turn|64\n|\n|t:|1700847371\n|cant|p1a: Gastrodon|slp\n|move|p2a: Clodsire|Earthquake|p1a: Gastrodon\n|-damage|p1a: Gastrodon|82\/100 slp\n|\n|upkeep\n|turn|65\n|\n|t:|1700847373\n|-curestatus|p1a: Gastrodon|slp|[msg]\n|move|p1a: Gastrodon|Scald|p2a: Clodsire\n|-damage|p2a: Clodsire|53\/100\n|move|p2a: Clodsire|Earthquake|p1a: Gastrodon\n|-damage|p1a: Gastrodon|62\/100\n|\n|upkeep\n|turn|66\n|\n|t:|1700847380\n|move|p1a: Gastrodon|Scald|p2a: Clodsire\n|-crit|p2a: Clodsire\n|-damage|p2a: Clodsire|28\/100\n|move|p2a: Clodsire|Earthquake|p1a: Gastrodon\n|-damage|p1a: Gastrodon|40\/100\n|\n|upkeep\n|turn|67\n|c|\u2606canigetagulp|Pls burn \ud83d\ude30\ud83d\ude14\n|\n|t:|1700847387\n|move|p1a: Gastrodon|Scald|p2a: Clodsire\n|-damage|p2a: Clodsire|10\/100\n|move|p2a: Clodsire|Recover|p2a: Clodsire\n|-heal|p2a: Clodsire|61\/100\n|\n|upkeep\n|turn|68\n|\n|t:|1700847395\n|move|p1a: Gastrodon|Recover|p1a: Gastrodon\n|-heal|p1a: Gastrodon|90\/100\n|move|p2a: Clodsire|Earthquake|p1a: Gastrodon\n|-damage|p1a: Gastrodon|69\/100\n|\n|upkeep\n|turn|69\n|\n|t:|1700847404\n|switch|p2a: Talonflame|Talonflame, M|94\/100\n|move|p1a: Gastrodon|Scald|p2a: Talonflame\n|-supereffective|p2a: Talonflame\n|-damage|p2a: Talonflame|17\/100\n|\n|upkeep\n|turn|70\n|c|\u2606canigetagulp|I\u2019m becoming emo baddie now\n|\n|t:|1700847415\n|switch|p1a: Fezandipiti|Fezandipiti, M|63\/100 par\n|move|p2a: Talonflame|Taunt|p1a: Fezandipiti\n|-start|p1a: Fezandipiti|move: Taunt\n|\n|upkeep\n|turn|71\n|\n|t:|1700847418\n|-zpower|p2a: Talonflame\n|move|p2a: Talonflame|Inferno Overdrive|p1a: Fezandipiti|[zeffect]\n|-damage|p1a: Fezandipiti|0 fnt\n|faint|p1a: Fezandipiti\n|\n|upkeep\n|c|\u2606canigetagulp|Uh oh\n|\n|t:|1700847425\n|switch|p1a: Gastrodon|Gastrodon, F|69\/100\n|turn|72\n|\n|t:|1700847428\n|move|p2a: Talonflame|Taunt|p1a: Gastrodon\n|-start|p1a: Gastrodon|move: Taunt\n|move|p1a: Gastrodon|Scald|p2a: Talonflame\n|-supereffective|p2a: Talonflame\n|-damage|p2a: Talonflame|0 fnt\n|faint|p2a: Talonflame\n|\n|upkeep\n|\n|t:|1700847433\n|switch|p2a: Drifblim|Drifblim, M|6\/100 tox\n|turn|73\n|c|\u2606canigetagulp|Welp that sucks\n|\n|t:|1700847437\n|move|p2a: Drifblim|Will-O-Wisp|p1a: Gastrodon\n|-status|p1a: Gastrodon|brn\n|move|p1a: Gastrodon|Scald|p2a: Drifblim\n|-damage|p2a: Drifblim|0 fnt\n|faint|p2a: Drifblim\n|\n|-damage|p1a: Gastrodon|63\/100 brn|[from] brn\n|upkeep\n|\n|t:|1700847441\n|switch|p2a: Clodsire|Clodsire, F, tera:Flying|61\/100\n|turn|74\n|c|\u2606canigetagulp|Why no miss\n|\n|t:|1700847448\n|move|p1a: Gastrodon|Scald|p2a: Clodsire\n|-damage|p2a: Clodsire|42\/100\n|move|p2a: Clodsire|Earthquake|p1a: Gastrodon\n|-damage|p1a: Gastrodon|43\/100 brn\n|\n|-damage|p1a: Gastrodon|37\/100 brn|[from] brn\n|-end|p1a: Gastrodon|move: Taunt\n|upkeep\n|turn|75\n|\n|t:|1700847456\n|move|p1a: Gastrodon|Recover|p1a: Gastrodon\n|-heal|p1a: Gastrodon|87\/100 brn\n|move|p2a: Clodsire|Earthquake|p1a: Gastrodon\n|-damage|p1a: Gastrodon|66\/100 brn\n|\n|-damage|p1a: Gastrodon|59\/100 brn|[from] brn\n|upkeep\n|turn|76\n|c|\u2606canigetagulp|And where is my burn \ud83d\ude31\ud83d\ude31\ud83d\ude31\ud83d\ude30\n|\n|t:|1700847465\n|move|p1a: Gastrodon|Scald|p2a: Clodsire\n|-damage|p2a: Clodsire|24\/100\n|-status|p2a: Clodsire|brn\n|move|p2a: Clodsire|Recover|p2a: Clodsire\n|-heal|p2a: Clodsire|74\/100 brn\n|\n|-damage|p1a: Gastrodon|53\/100 brn|[from] brn\n|-damage|p2a: Clodsire|68\/100 brn|[from] brn\n|upkeep\n|turn|77\n|\n|t:|1700847472\n|move|p1a: Gastrodon|Scald|p2a: Clodsire\n|-damage|p2a: Clodsire|50\/100 brn\n|move|p2a: Clodsire|Earthquake|p1a: Gastrodon\n|-damage|p1a: Gastrodon|44\/100 brn\n|\n|-damage|p1a: Gastrodon|38\/100 brn|[from] brn\n|-damage|p2a: Clodsire|44\/100 brn|[from] brn\n|upkeep\n|turn|78\n|\n|t:|1700847475\n|move|p1a: Gastrodon|Scald|p2a: Clodsire\n|-damage|p2a: Clodsire|28\/100 brn\n|move|p2a: Clodsire|Recover|p2a: Clodsire\n|-heal|p2a: Clodsire|78\/100 brn\n|\n|-damage|p1a: Gastrodon|32\/100 brn|[from] brn\n|-damage|p2a: Clodsire|72\/100 brn|[from] brn\n|upkeep\n|turn|79\n|\n|t:|1700847480\n|move|p1a: Gastrodon|Scald|p2a: Clodsire\n|-damage|p2a: Clodsire|55\/100 brn\n|move|p2a: Clodsire|Earthquake|p1a: Gastrodon\n|-crit|p1a: Gastrodon\n|-damage|p1a: Gastrodon|18\/100 brn\n|\n|-damage|p1a: Gastrodon|12\/100 brn|[from] brn\n|-damage|p2a: Clodsire|48\/100 brn|[from] brn\n|upkeep\n|turn|80\n|\n|t:|1700847484\n|move|p1a: Gastrodon|Recover|p1a: Gastrodon\n|-heal|p1a: Gastrodon|62\/100 brn\n|move|p2a: Clodsire|Earthquake|p1a: Gastrodon\n|-damage|p1a: Gastrodon|52\/100 brn\n|\n|-damage|p1a: Gastrodon|46\/100 brn|[from] brn\n|-damage|p2a: Clodsire|42\/100 brn|[from] brn\n|upkeep\n|turn|81\n|\n|t:|1700847487\n|move|p1a: Gastrodon|Scald|p2a: Clodsire\n|-damage|p2a: Clodsire|23\/100 brn\n|move|p2a: Clodsire|Earthquake|p1a: Gastrodon\n|-damage|p1a: Gastrodon|36\/100 brn\n|\n|-damage|p1a: Gastrodon|30\/100 brn|[from] brn\n|-damage|p2a: Clodsire|17\/100 brn|[from] brn\n|upkeep\n|turn|82\n|\n|t:|1700847493\n|move|p1a: Gastrodon|Recover|p1a: Gastrodon\n|-heal|p1a: Gastrodon|80\/100 brn\n|move|p2a: Clodsire|Earthquake|p1a: Gastrodon\n|-damage|p1a: Gastrodon|69\/100 brn\n|\n|-damage|p1a: Gastrodon|63\/100 brn|[from] brn\n|-damage|p2a: Clodsire|11\/100 brn|[from] brn\n|upkeep\n|turn|83\n|c|\u2606canigetagulp|Omg what\n|\n|t:|1700847498\n|move|p1a: Gastrodon|Scald|p2a: Clodsire\n|-damage|p2a: Clodsire|0 fnt\n|faint|p2a: Clodsire\n|\n|win|canigetagulp\n|raw|canigetagulp's rating: 1049 &rarr; <strong>1083<\/strong><br \/>(+34 for winning)\n|raw|CustardCracker's rating: 1065 &rarr; <strong>1044<\/strong><br \/>(-21 for losing)\n|c|\u2606canigetagulp|GG\n|c|\u2606CustardCracker|gg\n|l|\u2606CustardCracker\n","uploadtime":1700847508,"views":0,"p1id":"canigetagulp","p2id":"custardcracker","formatid":"gen9nationaldex","rating":1044,"private":0,"password":""}