{"id":"gen9nationaldex-1994639202","p1":"steals many wives","p2":"LADDDDDDD","format":"[Gen 9] National Dex","log":"|html|<div class=\"broadcast-blue\"><strong>[Gen 9] National Dex is currently suspecting Sneasler! For information on how to participate check out the <a href=\"https:\/\/www.smogon.com\/forums\/threads\/sv-national-dex-suspect-8-just-dance.3731534\/\">suspect thread<\/a>.<\/strong><\/div>\n|j|\u2606steals many wives\n|j|\u2606LADDDDDDD\n|t:|1700473739\n|gametype|singles\n|player|p1|steals many wives|waitress|1138\n|player|p2|LADDDDDDD|2|1024\n|teamsize|p1|6\n|teamsize|p2|6\n|gen|9\n|tier|[Gen 9] National Dex\n|rated|\n|rule|HP Percentage Mod: HP is shown in percentages\n|rule|Endless Battle Clause: Forcing endless battles is banned\n|rule|OHKO Clause: OHKO moves are banned\n|rule|Evasion Clause: Evasion abilities, items, and moves are banned\n|rule|Evasion Abilities Clause: Evasion abilities are banned\n|rule|Evasion Items Clause: Evasion items are banned\n|rule|Evasion Moves Clause: Evasion moves are banned\n|rule|Species Clause: Limit one of each Pok\u00e9mon\n|rule|Sleep Clause Mod: Limit one foe put to sleep\n|clearpoke\n|poke|p1|Aggron, M|\n|poke|p1|Ferrothorn, M|\n|poke|p1|Goodra-Hisui, F|\n|poke|p1|Celesteela|\n|poke|p1|Heatran, M|\n|poke|p1|Excadrill, M|\n|poke|p2|Glimmora, M|\n|poke|p2|Swampert, M|\n|poke|p2|Barraskewda, M|\n|poke|p2|Incineroar, F|\n|poke|p2|Serperior, F|\n|poke|p2|Clodsire, F|\n|teampreview\n|\n|t:|1700473750\n|start\n|switch|p1a: Lego|Ferrothorn, M|100\/100\n|switch|p2a: Incineroar|Incineroar, F|100\/100\n|-ability|p2a: Incineroar|Intimidate|boost\n|-unboost|p1a: Lego|atk|1\n|turn|1\n|\n|t:|1700473760\n|move|p2a: Incineroar|Fake Out|p1a: Lego\n|-resisted|p1a: Lego\n|-damage|p1a: Lego|96\/100\n|-damage|p2a: Incineroar|88\/100|[from] ability: Iron Barbs|[of] p1a: Lego\n|-damage|p2a: Incineroar|72\/100|[from] item: Rocky Helmet|[of] p1a: Lego\n|cant|p1a: Lego|flinch\n|\n|upkeep\n|turn|2\n|\n|t:|1700473769\n|move|p2a: Incineroar|U-turn|p1a: Lego\n|-damage|p1a: Lego|81\/100\n|-damage|p2a: Incineroar|59\/100|[from] ability: Iron Barbs|[of] p1a: Lego\n|-damage|p2a: Incineroar|43\/100|[from] item: Rocky Helmet|[of] p1a: Lego\n|\n|t:|1700473774\n|switch|p2a: Glimmora|Glimmora, M, shiny|100\/100|[from] U-turn\n|move|p1a: Lego|Stealth Rock|p2a: Glimmora\n|-sidestart|p2: LADDDDDDD|move: Stealth Rock\n|\n|upkeep\n|turn|3\n|\n|t:|1700473782\n|move|p2a: Glimmora|Light Screen|p2a: Glimmora\n|-sidestart|p2: LADDDDDDD|move: Light Screen\n|move|p1a: Lego|Leech Seed|p2a: Glimmora\n|-start|p2a: Glimmora|move: Leech Seed\n|\n|-damage|p2a: Glimmora|88\/100|[from] Leech Seed|[of] p1a: Lego\n|-heal|p1a: Lego|94\/100|[silent]\n|upkeep\n|turn|4\n|\n|t:|1700473791\n|move|p2a: Glimmora|Stealth Rock|p1a: Lego\n|-sidestart|p1: steals many wives|move: Stealth Rock\n|move|p1a: Lego|Gyro Ball|p2a: Glimmora\n|-supereffective|p2a: Glimmora\n|-damage|p2a: Glimmora|10\/100\n|-activate|p2a: Glimmora|ability: Toxic Debris\n|-sidestart|p1: steals many wives|move: Toxic Spikes\n|\n|-damage|p2a: Glimmora|0 fnt|[from] Leech Seed|[of] p1a: Lego\n|-heal|p1a: Lego|100\/100|[silent]\n|faint|p2a: Glimmora\n|upkeep\n|\n|t:|1700473802\n|switch|p2a: Barraskewda|Barraskewda, M|100\/100\n|-damage|p2a: Barraskewda|88\/100|[from] Stealth Rock\n|turn|5\n|\n|t:|1700473809\n|move|p2a: Barraskewda|Rain Dance|p2a: Barraskewda\n|-weather|RainDance\n|move|p1a: Lego|Seed Bomb|p2a: Barraskewda\n|-supereffective|p2a: Barraskewda\n|-damage|p2a: Barraskewda|12\/100\n|\n|-weather|RainDance|[upkeep]\n|upkeep\n|turn|6\n|\n|t:|1700473829\n|move|p2a: Barraskewda|Liquidation|p1a: Lego\n|-resisted|p1a: Lego\n|-damage|p1a: Lego|80\/100\n|-unboost|p1a: Lego|def|1\n|-damage|p2a: Barraskewda|0 fnt|[from] ability: Iron Barbs|[of] p1a: Lego\n|faint|p2a: Barraskewda\n|move|p1a: Lego|Seed Bomb|p2: Barraskewda|[notarget]\n|-fail|p1a: Lego\n|\n|-weather|RainDance|[upkeep]\n|upkeep\n|\n|t:|1700473839\n|switch|p2a: Swampert|Swampert, M, shiny|100\/100\n|-damage|p2a: Swampert|94\/100|[from] Stealth Rock\n|turn|7\n|\n|t:|1700473855\n|detailschange|p2a: Swampert|Swampert-Mega, M, shiny\n|-mega|p2a: Swampert|Swampert|Swampertite\n|move|p2a: Swampert|Earthquake|p1a: Lego\n|-damage|p1a: Lego|19\/100\n|move|p1a: Lego|Seed Bomb|p2a: Swampert\n|-supereffective|p2a: Swampert\n|-damage|p2a: Swampert|17\/100\n|\n|-weather|RainDance|[upkeep]\n|-sideend|p2: LADDDDDDD|move: Light Screen\n|upkeep\n|turn|8\n|c|\u2606steals many wives|how did that not kill?\n|\n|t:|1700473881\n|switch|p1a: Team Rocket|Celesteela|100\/100\n|-damage|p1a: Team Rocket|88\/100|[from] Stealth Rock\n|move|p2a: Swampert|Earthquake|p1a: Team Rocket\n|-immune|p1a: Team Rocket\n|\n|-weather|RainDance|[upkeep]\n|-heal|p1a: Team Rocket|94\/100|[from] item: Leftovers\n|upkeep\n|turn|9\n|\n|t:|1700473891\n|move|p2a: Swampert|Aqua Tail|p1a: Team Rocket\n|-damage|p1a: Team Rocket|34\/100\n|move|p1a: Team Rocket|Leech Seed|p2a: Swampert\n|-start|p2a: Swampert|move: Leech Seed\n|\n|-weather|none\n|-heal|p1a: Team Rocket|40\/100|[from] item: Leftovers\n|-damage|p2a: Swampert|5\/100|[from] Leech Seed|[of] p1a: Team Rocket\n|-heal|p1a: Team Rocket|51\/100|[silent]\n|upkeep\n|turn|10\n|\n|t:|1700473901\n|move|p1a: Team Rocket|Protect|p1a: Team Rocket\n|-singleturn|p1a: Team Rocket|Protect\n|move|p2a: Swampert|Aqua Tail|p1a: Team Rocket\n|-activate|p1a: Team Rocket|move: Protect\n|\n|-heal|p1a: Team Rocket|58\/100|[from] item: Leftovers\n|-damage|p2a: Swampert|0 fnt|[from] Leech Seed|[of] p1a: Team Rocket\n|-heal|p1a: Team Rocket|61\/100|[silent]\n|faint|p2a: Swampert\n|upkeep\n|\n|t:|1700473913\n|switch|p2a: Incineroar|Incineroar, F|43\/100\n|-damage|p2a: Incineroar|18\/100|[from] Stealth Rock\n|-ability|p2a: Incineroar|Intimidate|boost\n|-unboost|p1a: Team Rocket|atk|1\n|turn|11\n|\n|t:|1700473920\n|switch|p1a: Lego|Ferrothorn, M|19\/100\n|-damage|p1a: Lego|13\/100|[from] Stealth Rock\n|move|p2a: Incineroar|Fake Out|p1a: Lego\n|-resisted|p1a: Lego\n|-damage|p1a: Lego|9\/100\n|-damage|p2a: Incineroar|5\/100|[from] ability: Iron Barbs|[of] p1a: Lego\n|-damage|p2a: Incineroar|0 fnt|[from] item: Rocky Helmet|[of] p1a: Lego\n|faint|p2a: Incineroar\n|\n|upkeep\n|\n|t:|1700473931\n|switch|p2a: Serperior|Serperior, F|100\/100\n|-damage|p2a: Serperior|88\/100|[from] Stealth Rock\n|turn|12\n|\n|t:|1700473939\n|-terastallize|p2a: Serperior|Grass\n|move|p2a: Serperior|Leaf Storm|p1a: Lego\n|-resisted|p1a: Lego\n|-damage|p1a: Lego|0 fnt\n|-boost|p2a: Serperior|spa|2\n|faint|p1a: Lego\n|-damage|p2a: Serperior|78\/100|[from] item: Life Orb\n|\n|upkeep\n|\n|t:|1700473946\n|switch|p1a: Slag Heap|Heatran, M|100\/100\n|-damage|p1a: Slag Heap|88\/100|[from] Stealth Rock\n|turn|13\n|\n|t:|1700473952\n|move|p1a: Slag Heap|Eruption|p2a: Serperior\n|-supereffective|p2a: Serperior\n|-damage|p2a: Serperior|0 fnt\n|faint|p2a: Serperior\n|\n|upkeep\n|\n|t:|1700473958\n|switch|p2a: Clodsire|Clodsire, F|100\/100\n|-damage|p2a: Clodsire|94\/100|[from] Stealth Rock\n|turn|14\n|\n|t:|1700473964\n|move|p1a: Slag Heap|Eruption|p2a: Clodsire\n|-damage|p2a: Clodsire|52\/100\n|move|p2a: Clodsire|Mud-Slap|p1a: Slag Heap\n|-supereffective|p1a: Slag Heap\n|-damage|p1a: Slag Heap|73\/100\n|-unboost|p1a: Slag Heap|accuracy|1\n|\n|-heal|p2a: Clodsire|58\/100|[from] item: Leftovers\n|upkeep\n|turn|15\n|\n|t:|1700473975\n|move|p1a: Slag Heap|Eruption|p2a: Clodsire\n|-damage|p2a: Clodsire|25\/100\n|move|p2a: Clodsire|Rest|p2a: Clodsire\n|-status|p2a: Clodsire|slp|[from] move: Rest\n|-heal|p2a: Clodsire|100\/100 slp|[silent]\n|\n|upkeep\n|turn|16\n|\n|t:|1700473983\n|move|p1a: Slag Heap|Eruption|p2a: Clodsire\n|-damage|p2a: Clodsire|62\/100 slp\n|cant|p2a: Clodsire|slp\n|move|p2a: Clodsire|Sleep Talk|p2a: Clodsire\n|move|p2a: Clodsire|Mud-Slap|p1a: Slag Heap|[from]move: Sleep Talk\n|-supereffective|p1a: Slag Heap\n|-damage|p1a: Slag Heap|57\/100\n|-unboost|p1a: Slag Heap|accuracy|1\n|\n|-heal|p2a: Clodsire|69\/100 slp|[from] item: Leftovers\n|upkeep\n|turn|17\n|\n|t:|1700473996\n|switch|p1a: Team Rocket|Celesteela|61\/100\n|-damage|p1a: Team Rocket|49\/100|[from] Stealth Rock\n|cant|p2a: Clodsire|slp\n|move|p2a: Clodsire|Sleep Talk|p2a: Clodsire\n|move|p2a: Clodsire|Mud-Slap|p1a: Team Rocket|[from]move: Sleep Talk\n|-immune|p1a: Team Rocket\n|\n|-heal|p1a: Team Rocket|55\/100|[from] item: Leftovers\n|-heal|p2a: Clodsire|75\/100 slp|[from] item: Leftovers\n|upkeep\n|turn|18\n|c|\u2606steals many wives|you can't hurt me\n|\n|t:|1700474009\n|move|p1a: Team Rocket|Leech Seed|p2a: Clodsire\n|-start|p2a: Clodsire|move: Leech Seed\n|-curestatus|p2a: Clodsire|slp|[msg]\n|move|p2a: Clodsire|Ancient Power|p1a: Team Rocket\n|-damage|p1a: Team Rocket|49\/100\n|\n|-heal|p1a: Team Rocket|56\/100|[from] item: Leftovers\n|-heal|p2a: Clodsire|81\/100|[from] item: Leftovers\n|-damage|p2a: Clodsire|69\/100|[from] Leech Seed|[of] p1a: Team Rocket\n|-heal|p1a: Team Rocket|71\/100|[silent]\n|upkeep\n|turn|19\n|\n|t:|1700474020\n|switch|p1a: Slag Heap|Heatran, M|57\/100\n|-damage|p1a: Slag Heap|45\/100|[from] Stealth Rock\n|move|p2a: Clodsire|Ancient Power|p1a: Slag Heap\n|-crit|p1a: Slag Heap\n|-damage|p1a: Slag Heap|34\/100\n|\n|-heal|p2a: Clodsire|75\/100|[from] item: Leftovers\n|-damage|p2a: Clodsire|62\/100|[from] Leech Seed|[of] p1a: Slag Heap\n|-heal|p1a: Slag Heap|51\/100|[silent]\n|upkeep\n|turn|20\n|\n|t:|1700474031\n|move|p1a: Slag Heap|Earth Power|p2a: Clodsire\n|-supereffective|p2a: Clodsire\n|-damage|p2a: Clodsire|24\/100\n|move|p2a: Clodsire|Rest|p2a: Clodsire\n|-status|p2a: Clodsire|slp|[from] move: Rest\n|-heal|p2a: Clodsire|100\/100 slp|[silent]\n|\n|-damage|p2a: Clodsire|88\/100 slp|[from] Leech Seed|[of] p1a: Slag Heap\n|-heal|p1a: Slag Heap|69\/100|[silent]\n|upkeep\n|turn|21\n|\n|t:|1700474042\n|move|p1a: Slag Heap|Earth Power|p2a: Clodsire\n|-supereffective|p2a: Clodsire\n|-damage|p2a: Clodsire|50\/100 slp\n|cant|p2a: Clodsire|slp\n|move|p2a: Clodsire|Sleep Talk|p2a: Clodsire\n|move|p2a: Clodsire|Rest||[from]move: Sleep Talk|[still]\n|-fail|p2a: Clodsire\n|\n|-heal|p2a: Clodsire|57\/100 slp|[from] item: Leftovers\n|-damage|p2a: Clodsire|44\/100 slp|[from] Leech Seed|[of] p1a: Slag Heap\n|-heal|p1a: Slag Heap|87\/100|[silent]\n|upkeep\n|turn|22\n|\n|t:|1700474054\n|move|p1a: Slag Heap|Earth Power|p2a: Clodsire\n|-supereffective|p2a: Clodsire\n|-damage|p2a: Clodsire|6\/100 slp\n|cant|p2a: Clodsire|slp\n|move|p2a: Clodsire|Sleep Talk|p2a: Clodsire\n|move|p2a: Clodsire|Ancient Power|p1a: Slag Heap|[from]move: Sleep Talk\n|-damage|p1a: Slag Heap|79\/100\n|\n|-heal|p2a: Clodsire|12\/100 slp|[from] item: Leftovers\n|-damage|p2a: Clodsire|0 fnt|[from] Leech Seed|[of] p1a: Slag Heap\n|-heal|p1a: Slag Heap|96\/100|[silent]\n|faint|p2a: Clodsire\n|\n|win|steals many wives\n|upkeep\n|raw|steals many wives's rating: 1138 &rarr; <strong>1155<\/strong><br \/>(+17 for winning)\n|raw|LADDDDDDD's rating: 1024 &rarr; <strong>1015<\/strong><br \/>(-9 for losing)\n|l|\u2606LADDDDDDD\n","uploadtime":1700474076,"views":4,"p1id":"stealsmanywives","p2id":"laddddddd","formatid":"gen9nationaldex","rating":1015,"private":0,"password":""}