{"id":"gen9nationaldex-1997692477","p1":"RoadPizza","p2":"GymTrainerJess","format":"[Gen 9] National Dex","log":"|html|<div class=\"broadcast-blue\"><strong>[Gen 9] National Dex is currently suspecting Sneasler! For information on how to participate check out the <a href=\"https:\/\/www.smogon.com\/forums\/threads\/sv-national-dex-suspect-8-just-dance.3731534\/\">suspect thread<\/a>.<\/strong><\/div>\n|j|\u2606RoadPizza\n|j|\u2606GymTrainerJess\n|t:|1700842407\n|gametype|singles\n|player|p1|RoadPizza|gambler|1122\n|player|p2|GymTrainerJess|smasher|1203\n|teamsize|p1|6\n|teamsize|p2|6\n|gen|9\n|tier|[Gen 9] National Dex\n|rated|\n|rule|HP Percentage Mod: HP is shown in percentages\n|rule|Endless Battle Clause: Forcing endless battles is banned\n|rule|OHKO Clause: OHKO moves are banned\n|rule|Evasion Clause: Evasion abilities, items, and moves are banned\n|rule|Evasion Abilities Clause: Evasion abilities are banned\n|rule|Evasion Items Clause: Evasion items are banned\n|rule|Evasion Moves Clause: Evasion moves are banned\n|rule|Species Clause: Limit one of each Pok\u00e9mon\n|rule|Sleep Clause Mod: Limit one foe put to sleep\n|clearpoke\n|poke|p1|Serperior, F|\n|poke|p1|Malamar, F|\n|poke|p1|Smeargle, M|\n|poke|p1|Diancie|\n|poke|p1|Aegislash, F|\n|poke|p1|Volcarona, M|\n|poke|p2|Ariados, F|\n|poke|p2|Beedrill, M|\n|poke|p2|Galvantula, M|\n|poke|p2|Shuckle, M|\n|poke|p2|Volcarona, M|\n|poke|p2|Golisopod, F|\n|teampreview\n|inactive|Battle timer is ON: inactive players will automatically lose when time's up. (requested by RoadPizza)\n|c|\u2606GymTrainerJess|Have fun\n|\n|t:|1700842421\n|start\n|switch|p1a: Serperior|Serperior, F|100\/100\n|switch|p2a: You don't Fuckle|Shuckle, M|100\/100\n|turn|1\n|\n|t:|1700842432\n|move|p1a: Serperior|Leaf Storm|p2a: You don't Fuckle\n|-damage|p2a: You don't Fuckle|55\/100\n|-boost|p1a: Serperior|spa|2\n|move|p2a: You don't Fuckle|Power Split|p1a: Serperior\n|-activate|p2a: You don't Fuckle|move: Power Split|[of] p1a: Serperior\n|\n|upkeep\n|turn|2\n|\n|t:|1700842447\n|move|p1a: Serperior|Leaf Storm|p2a: You don't Fuckle\n|-damage|p2a: You don't Fuckle|5\/100\n|-boost|p1a: Serperior|spa|2\n|move|p2a: You don't Fuckle|Stealth Rock|p1a: Serperior\n|-sidestart|p1: RoadPizza|move: Stealth Rock\n|\n|upkeep\n|turn|3\n|\n|t:|1700842456\n|move|p1a: Serperior|Glare|p2a: You don't Fuckle\n|-status|p2a: You don't Fuckle|par\n|move|p2a: You don't Fuckle|Sticky Web|p1a: Serperior\n|-sidestart|p1: RoadPizza|move: Sticky Web\n|\n|upkeep\n|turn|4\n|\n|t:|1700842461\n|move|p1a: Serperior|Leaf Storm|p2a: You don't Fuckle\n|-damage|p2a: You don't Fuckle|0 fnt\n|-boost|p1a: Serperior|spa|2\n|faint|p2a: You don't Fuckle\n|\n|upkeep\n|\n|t:|1700842466\n|switch|p2a: Troglodyte|Golisopod, F|100\/100\n|turn|5\n|\n|t:|1700842470\n|move|p2a: Troglodyte|First Impression|p1a: Serperior\n|-supereffective|p1a: Serperior\n|-damage|p1a: Serperior|0 fnt\n|faint|p1a: Serperior\n|\n|upkeep\n|\n|t:|1700842477\n|switch|p1a: Aegislash|Aegislash, F, shiny|100\/100\n|-damage|p1a: Aegislash|94\/100|[from] Stealth Rock\n|-activate|p1a: Aegislash|move: Sticky Web\n|-unboost|p1a: Aegislash|spe|1\n|turn|6\n|\n|t:|1700842484\n|move|p2a: Troglodyte|Liquidation|p1a: Aegislash\n|-damage|p1a: Aegislash|60\/100\n|-formechange|p1a: Aegislash|Aegislash-Blade||[from] ability: Stance Change\n|move|p1a: Aegislash|Gyro Ball|p2a: Troglodyte\n|-resisted|p2a: Troglodyte\n|-damage|p2a: Troglodyte|92\/100\n|\n|-heal|p1a: Aegislash|66\/100|[from] item: Leftovers\n|upkeep\n|turn|7\n|\n|t:|1700842493\n|-formechange|p1a: Aegislash|Aegislash||[from] ability: Stance Change\n|move|p1a: Aegislash|King's Shield|p1a: Aegislash\n|-singleturn|p1a: Aegislash|Protect\n|move|p2a: Troglodyte|Liquidation|p1a: Aegislash\n|-activate|p1a: Aegislash|move: Protect\n|-unboost|p2a: Troglodyte|atk|1\n|\n|-heal|p1a: Aegislash|72\/100|[from] item: Leftovers\n|upkeep\n|turn|8\n|\n|t:|1700842500\n|move|p2a: Troglodyte|Liquidation|p1a: Aegislash\n|-damage|p1a: Aegislash|48\/100\n|move|p1a: Aegislash|Swords Dance|p1a: Aegislash\n|-boost|p1a: Aegislash|atk|2\n|\n|-heal|p1a: Aegislash|55\/100|[from] item: Leftovers\n|upkeep\n|turn|9\n|\n|t:|1700842506\n|switch|p2a: Arachnibolt|Galvantula, M|100\/100\n|move|p1a: Aegislash|Swords Dance|p1a: Aegislash\n|-boost|p1a: Aegislash|atk|2\n|\n|-heal|p1a: Aegislash|61\/100|[from] item: Leftovers\n|upkeep\n|turn|10\n|\n|t:|1700842511\n|move|p1a: Aegislash|King's Shield|p1a: Aegislash\n|-singleturn|p1a: Aegislash|Protect\n|move|p2a: Arachnibolt|Thunder Wave|p1a: Aegislash\n|-status|p1a: Aegislash|par\n|\n|-heal|p1a: Aegislash|67\/100 par|[from] item: Leftovers\n|upkeep\n|turn|11\n|\n|t:|1700842524\n|move|p2a: Arachnibolt|Thunder|p1a: Aegislash\n|-damage|p1a: Aegislash|27\/100 par\n|-formechange|p1a: Aegislash|Aegislash-Blade||[from] ability: Stance Change\n|move|p1a: Aegislash|Gyro Ball|p2a: Arachnibolt\n|-resisted|p2a: Arachnibolt\n|-enditem|p2a: Arachnibolt|Focus Sash\n|-damage|p2a: Arachnibolt|1\/100\n|\n|-heal|p1a: Aegislash|33\/100 par|[from] item: Leftovers\n|upkeep\n|turn|12\n|\n|t:|1700842532\n|move|p1a: Aegislash|Shadow Sneak|p2a: Arachnibolt\n|-crit|p2a: Arachnibolt\n|-damage|p2a: Arachnibolt|0 fnt\n|faint|p2a: Arachnibolt\n|\n|-heal|p1a: Aegislash|39\/100 par|[from] item: Leftovers\n|upkeep\n|\n|t:|1700842537\n|switch|p2a: Rock Your Body|Volcarona, M|100\/100\n|turn|13\n|\n|t:|1700842540\n|move|p2a: Rock Your Body|Quiver Dance|p2a: Rock Your Body\n|-boost|p2a: Rock Your Body|spa|1\n|-boost|p2a: Rock Your Body|spd|1\n|-boost|p2a: Rock Your Body|spe|1\n|move|p1a: Aegislash|Gyro Ball|p2a: Rock Your Body\n|-resisted|p2a: Rock Your Body\n|-damage|p2a: Rock Your Body|0 fnt\n|faint|p2a: Rock Your Body\n|\n|-heal|p1a: Aegislash|45\/100 par|[from] item: Leftovers\n|upkeep\n|\n|t:|1700842548\n|switch|p2a: Troglodyte|Golisopod, F|92\/100\n|turn|14\n|\n|t:|1700842550\n|-formechange|p1a: Aegislash|Aegislash||[from] ability: Stance Change\n|move|p1a: Aegislash|King's Shield|p1a: Aegislash\n|-singleturn|p1a: Aegislash|Protect\n|move|p2a: Troglodyte|Liquidation|p1a: Aegislash\n|-activate|p1a: Aegislash|move: Protect\n|-unboost|p2a: Troglodyte|atk|1\n|\n|-heal|p1a: Aegislash|51\/100 par|[from] item: Leftovers\n|upkeep\n|turn|15\n|\n|t:|1700842564\n|switch|p2a: Pretty In Pink|Ariados, F, shiny|100\/100\n|move|p1a: Aegislash|Swords Dance|p1a: Aegislash\n|-boost|p1a: Aegislash|atk|2\n|\n|-heal|p1a: Aegislash|58\/100 par|[from] item: Leftovers\n|upkeep\n|turn|16\n|\n|t:|1700842572\n|move|p2a: Pretty In Pink|Toxic Spikes|p1a: Aegislash\n|-sidestart|p1: RoadPizza|move: Toxic Spikes\n|-formechange|p1a: Aegislash|Aegislash-Blade||[from] ability: Stance Change\n|move|p1a: Aegislash|Gyro Ball|p2a: Pretty In Pink\n|-enditem|p2a: Pretty In Pink|Focus Sash\n|-damage|p2a: Pretty In Pink|1\/100\n|\n|-heal|p1a: Aegislash|64\/100 par|[from] item: Leftovers\n|upkeep\n|turn|17\n|\n|t:|1700842579\n|cant|p1a: Aegislash|par\n|move|p2a: Pretty In Pink|Lunge|p1a: Aegislash\n|-resisted|p1a: Aegislash\n|-damage|p1a: Aegislash|54\/100 par\n|-unboost|p1a: Aegislash|atk|1\n|\n|-heal|p1a: Aegislash|60\/100 par|[from] item: Leftovers\n|upkeep\n|turn|18\n|\n|t:|1700842585\n|move|p1a: Aegislash|Shadow Sneak|p2a: Pretty In Pink\n|-damage|p2a: Pretty In Pink|0 fnt\n|faint|p2a: Pretty In Pink\n|\n|-heal|p1a: Aegislash|66\/100 par|[from] item: Leftovers\n|upkeep\n|\n|t:|1700842589\n|switch|p2a: Troglodyte|Golisopod, F|92\/100\n|turn|19\n|\n|t:|1700842597\n|-terastallize|p2a: Troglodyte|Water\n|-formechange|p1a: Aegislash|Aegislash||[from] ability: Stance Change\n|move|p1a: Aegislash|King's Shield|p1a: Aegislash\n|-singleturn|p1a: Aegislash|Protect\n|move|p2a: Troglodyte|Liquidation|p1a: Aegislash\n|-activate|p1a: Aegislash|move: Protect\n|-unboost|p2a: Troglodyte|atk|1\n|\n|-heal|p1a: Aegislash|72\/100 par|[from] item: Leftovers\n|upkeep\n|turn|20\n|\n|t:|1700842608\n|-formechange|p1a: Aegislash|Aegislash-Blade||[from] ability: Stance Change\n|move|p1a: Aegislash|Shadow Sneak|p2a: Troglodyte\n|-damage|p2a: Troglodyte|34\/100\n|-activate|p2a: Troglodyte|ability: Emergency Exit\n|\n|t:|1700842617\n|switch|p2a: Barry B Benson|Beedrill, M|100\/100\n|\n|-heal|p1a: Aegislash|78\/100 par|[from] item: Leftovers\n|upkeep\n|turn|21\n|\n|t:|1700842625\n|move|p2a: Barry B Benson|Protect|p2a: Barry B Benson\n|-singleturn|p2a: Barry B Benson|Protect\n|-formechange|p1a: Aegislash|Aegislash||[from] ability: Stance Change\n|move|p1a: Aegislash|King's Shield||[still]\n|-fail|p1a: Aegislash\n|\n|-heal|p1a: Aegislash|84\/100 par|[from] item: Leftovers\n|upkeep\n|turn|22\n|\n|t:|1700842635\n|detailschange|p2a: Barry B Benson|Beedrill-Mega, M\n|-mega|p2a: Barry B Benson|Beedrill|Beedrillite\n|move|p2a: Barry B Benson|Drill Run|p1a: Aegislash\n|-supereffective|p1a: Aegislash\n|-crit|p1a: Aegislash\n|-damage|p1a: Aegislash|15\/100 par\n|-formechange|p1a: Aegislash|Aegislash-Blade||[from] ability: Stance Change\n|move|p1a: Aegislash|Gyro Ball|p2a: Barry B Benson\n|-damage|p2a: Barry B Benson|0 fnt\n|faint|p2a: Barry B Benson\n|\n|-heal|p1a: Aegislash|21\/100 par|[from] item: Leftovers\n|upkeep\n|\n|t:|1700842644\n|switch|p2a: Troglodyte|Golisopod, F, tera:Water|34\/100\n|turn|23\n|\n|t:|1700842648\n|-formechange|p1a: Aegislash|Aegislash||[from] ability: Stance Change\n|move|p1a: Aegislash|King's Shield|p1a: Aegislash\n|-singleturn|p1a: Aegislash|Protect\n|move|p2a: Troglodyte|Aqua Jet|p1a: Aegislash\n|-activate|p1a: Aegislash|move: Protect\n|-unboost|p2a: Troglodyte|atk|1\n|\n|-heal|p1a: Aegislash|28\/100 par|[from] item: Leftovers\n|upkeep\n|turn|24\n|\n|t:|1700842656\n|-formechange|p1a: Aegislash|Aegislash-Blade||[from] ability: Stance Change\n|move|p1a: Aegislash|Shadow Sneak|p2a: Troglodyte\n|-damage|p2a: Troglodyte|0 fnt\n|faint|p2a: Troglodyte\n|\n|win|RoadPizza\n|raw|RoadPizza's rating: 1122 &rarr; <strong>1153<\/strong><br \/>(+31 for winning)\n|raw|GymTrainerJess's rating: 1203 &rarr; <strong>1172<\/strong><br \/>(-31 for losing)\n|l|\u2606GymTrainerJess\n","uploadtime":1700842660,"views":13,"p1id":"roadpizza","p2id":"gymtrainerjess","formatid":"gen9nationaldex","rating":1153,"private":0,"password":""}