{"id":"gen9nationaldex-1998028755","p1":"Gregory Mirabella","p2":"innovation35","format":"[Gen 9] National Dex","log":"|html|<div class=\"broadcast-blue\"><strong>[Gen 9] National Dex is currently suspecting Sneasler! For information on how to participate check out the <a href=\"https:\/\/www.smogon.com\/forums\/threads\/sv-national-dex-suspect-8-just-dance.3731534\/\">suspect thread<\/a>.<\/strong><\/div>\n|j|\u2606Gregory Mirabella\n|j|\u2606innovation35\n|t:|1700880937\n|gametype|singles\n|player|p1|Gregory Mirabella|lusamine-nihilego|1412\n|player|p2|innovation35|170|1296\n|teamsize|p1|6\n|teamsize|p2|6\n|gen|9\n|tier|[Gen 9] National Dex\n|rated|\n|rule|HP Percentage Mod: HP is shown in percentages\n|rule|Endless Battle Clause: Forcing endless battles is banned\n|rule|OHKO Clause: OHKO moves are banned\n|rule|Evasion Clause: Evasion abilities, items, and moves are banned\n|rule|Evasion Abilities Clause: Evasion abilities are banned\n|rule|Evasion Items Clause: Evasion items are banned\n|rule|Evasion Moves Clause: Evasion moves are banned\n|rule|Species Clause: Limit one of each Pok\u00e9mon\n|rule|Sleep Clause Mod: Limit one foe put to sleep\n|clearpoke\n|poke|p1|Tyranitar, F|\n|poke|p1|Excadrill, F|\n|poke|p1|Heatran, M|\n|poke|p1|Corviknight, F|\n|poke|p1|Alomomola, F|\n|poke|p1|Aggron, F|\n|poke|p2|Diancie|\n|poke|p2|Great Tusk|\n|poke|p2|Tapu Lele|\n|poke|p2|Sneasler, M|\n|poke|p2|Slowking-Galar, M|\n|poke|p2|Moltres|\n|teampreview\n|inactive|Battle timer is ON: inactive players will automatically lose when time's up. (requested by innovation35)\n|c|\u2606Gregory Mirabella|glhf\n|\n|t:|1700880962\n|start\n|switch|p1a: The Armored|Aggron, F, shiny|100\/100\n|switch|p2a: Great Tusk|Great Tusk|100\/100\n|turn|1\n|\n|t:|1700880987\n|detailschange|p1a: The Armored|Aggron-Mega, F, shiny\n|-mega|p1a: The Armored|Aggron|Aggronite\n|move|p2a: Great Tusk|Stealth Rock|p1a: The Armored\n|-sidestart|p1: Gregory Mirabella|move: Stealth Rock\n|move|p1a: The Armored|Ice Punch|p2a: Great Tusk\n|-supereffective|p2a: Great Tusk\n|-crit|p2a: Great Tusk\n|-damage|p2a: Great Tusk|37\/100\n|\n|upkeep\n|turn|2\n|\n|t:|1700880995\n|-end|p2a: Great Tusk|Protosynthesis|[silent]\n|switch|p2a: Moltres|Moltres|100\/100\n|switch|p1a: Falco|Corviknight, F, shiny|100\/100\n|-damage|p1a: Falco|88\/100|[from] Stealth Rock\n|-ability|p1a: Falco|Pressure\n|\n|-heal|p1a: Falco|94\/100|[from] item: Leftovers\n|upkeep\n|turn|3\n|\n|t:|1700881004\n|move|p2a: Moltres|U-turn|p1a: Falco\n|-resisted|p1a: Falco\n|-damage|p1a: Falco|91\/100\n|\n|t:|1700881012\n|switch|p2a: Diancie|Diancie|100\/100|[from] U-turn\n|move|p1a: Falco|Defog|p2a: Diancie\n|-fail|p2a: Diancie|unboost|[from] ability: Clear Body|[of] p2a: Diancie\n|-sideend|p1: Gregory Mirabella|Stealth Rock|[from] move: Defog|[of] p1a: Falco\n|\n|-heal|p1a: Falco|98\/100|[from] item: Leftovers\n|upkeep\n|turn|4\n|\n|t:|1700881020\n|detailschange|p2a: Diancie|Diancie-Mega\n|-mega|p2a: Diancie|Diancie|Diancite\n|move|p2a: Diancie|Mystical Fire|p1a: Falco\n|-supereffective|p1a: Falco\n|-damage|p1a: Falco|51\/100\n|-unboost|p1a: Falco|spa|1\n|move|p1a: Falco|U-turn|p2a: Diancie\n|-resisted|p2a: Diancie\n|-damage|p2a: Diancie|90\/100\n|\n|t:|1700881028\n|switch|p1a: The Armored|Aggron-Mega, F, shiny|100\/100|[from] U-turn\n|\n|upkeep\n|turn|5\n|\n|t:|1700881033\n|switch|p2a: Moltres|Moltres|100\/100\n|move|p1a: The Armored|Heavy Slam|p2a: Moltres\n|-resisted|p2a: Moltres\n|-damage|p2a: Moltres|74\/100\n|\n|upkeep\n|turn|6\n|\n|t:|1700881042\n|switch|p1a: Cartman|Heatran, M|100\/100\n|move|p2a: Moltres|Will-O-Wisp|p1a: Cartman\n|-start|p1a: Cartman|ability: Flash Fire\n|\n|upkeep\n|turn|7\n|\n|t:|1700881058\n|-terastallize|p1a: Cartman|Fire\n|move|p1a: Cartman|Eruption|p2a: Moltres\n|-resisted|p2a: Moltres\n|-damage|p2a: Moltres|0 fnt\n|faint|p2a: Moltres\n|\n|upkeep\n|\n|t:|1700881077\n|switch|p2a: Tapu Lele|Tapu Lele|100\/100\n|-fieldstart|move: Psychic Terrain|[from] ability: Psychic Surge|[of] p2a: Tapu Lele\n|turn|8\n|\n|t:|1700881081\n|-terastallize|p2a: Tapu Lele|Psychic\n|move|p2a: Tapu Lele|Psychic|p1a: Cartman\n|-damage|p1a: Cartman|18\/100\n|move|p1a: Cartman|Eruption|p2a: Tapu Lele\n|-damage|p2a: Tapu Lele|73\/100\n|\n|upkeep\n|turn|9\n|c|\u2606Gregory Mirabella|ah you were also scarf\n|\n|t:|1700881093\n|-end|p1a: Cartman|ability: Flash Fire|[silent]\n|switch|p1a: Falco|Corviknight, F, shiny|51\/100\n|-ability|p1a: Falco|Pressure\n|move|p2a: Tapu Lele|Psychic|p1a: Falco\n|-resisted|p1a: Falco\n|-crit|p1a: Falco\n|-damage|p1a: Falco|0 fnt\n|faint|p1a: Falco\n|\n|upkeep\n|c|\u2606Gregory Mirabella|and a crit'\n|\n|t:|1700881104\n|switch|p1a: The Armored|Aggron-Mega, F, shiny|100\/100\n|turn|10\n|inactive|innovation35 has 120 seconds left.\n|\n|t:|1700881134\n|move|p2a: Tapu Lele|Psychic|p1a: The Armored\n|-resisted|p1a: The Armored\n|-damage|p1a: The Armored|54\/100\n|move|p1a: The Armored|Heavy Slam|p2a: Tapu Lele\n|-damage|p2a: Tapu Lele|0 fnt\n|faint|p2a: Tapu Lele\n|\n|upkeep\n|\n|t:|1700881139\n|switch|p2a: Diancie|Diancie-Mega|90\/100\n|turn|11\n|\n|t:|1700881143\n|move|p2a: Diancie|Earth Power|p1a: The Armored\n|-supereffective|p1a: The Armored\n|-damage|p1a: The Armored|0 fnt\n|faint|p1a: The Armored\n|\n|upkeep\n|\n|t:|1700881148\n|switch|p1a: Paths|Alomomola, F, shiny|100\/100\n|turn|12\n|\n|t:|1700881169\n|move|p2a: Diancie|Moonblast|p1a: Paths\n|-damage|p1a: Paths|34\/100\n|move|p1a: Paths|Wish|p1a: Paths\n|\n|-fieldend|move: Psychic Terrain\n|upkeep\n|turn|13\n|\n|t:|1700881175\n|switch|p1a: Cartman|Heatran, M, tera:Fire|18\/100\n|move|p2a: Diancie|Moonblast|p1a: Cartman\n|-resisted|p1a: Cartman\n|-damage|p1a: Cartman|0 fnt\n|faint|p1a: Cartman\n|\n|upkeep\n|\n|t:|1700881183\n|switch|p1a: Colossus|Tyranitar, F, shiny|100\/100\n|-weather|Sandstorm|[from] ability: Sand Stream|[of] p1a: Colossus\n|turn|14\n|\n|t:|1700881187\n|switch|p2a: Great Tusk|Great Tusk|37\/100\n|move|p1a: Colossus|Stone Edge|p2a: Great Tusk\n|-resisted|p2a: Great Tusk\n|-damage|p2a: Great Tusk|27\/100\n|\n|-weather|Sandstorm|[upkeep]\n|upkeep\n|turn|15\n|\n|t:|1700881194\n|move|p2a: Great Tusk|Knock Off|p1a: Colossus\n|-resisted|p1a: Colossus\n|-damage|p1a: Colossus|83\/100\n|-enditem|p1a: Colossus|Smooth Rock|[from] move: Knock Off|[of] p2a: Great Tusk\n|move|p1a: Colossus|Crunch|p2a: Great Tusk\n|-resisted|p2a: Great Tusk\n|-damage|p2a: Great Tusk|12\/100\n|\n|-weather|Sandstorm|[upkeep]\n|upkeep\n|turn|16\n|\n|t:|1700881201\n|move|p2a: Great Tusk|Earthquake|p1a: Colossus\n|-supereffective|p1a: Colossus\n|-damage|p1a: Colossus|0 fnt\n|faint|p1a: Colossus\n|\n|-weather|Sandstorm|[upkeep]\n|upkeep\n|\n|t:|1700881206\n|switch|p1a: Tybur|Excadrill, F, shiny|100\/100\n|turn|17\n|\n|t:|1700881211\n|move|p1a: Tybur|Earthquake|p2a: Great Tusk\n|-damage|p2a: Great Tusk|0 fnt\n|faint|p2a: Great Tusk\n|-end|p2a: Great Tusk|Protosynthesis|[silent]\n|\n|-weather|Sandstorm|[upkeep]\n|upkeep\n|\n|t:|1700881221\n|switch|p2a: Slowking|Slowking-Galar, M|100\/100\n|turn|18\n|\n|t:|1700881227\n|move|p1a: Tybur|Earthquake|p2a: Slowking\n|-supereffective|p2a: Slowking\n|-damage|p2a: Slowking|0 fnt\n|faint|p2a: Slowking\n|\n|-weather|Sandstorm|[upkeep]\n|upkeep\n|\n|t:|1700881238\n|switch|p2a: Diancie|Diancie-Mega|90\/100\n|turn|19\n|\n|t:|1700881251\n|move|p1a: Tybur|Iron Head|p2a: Diancie\n|-supereffective|p2a: Diancie\n|-damage|p2a: Diancie|0 fnt\n|faint|p2a: Diancie\n|\n|-weather|Sandstorm|[upkeep]\n|upkeep\n|\n|t:|1700881255\n|switch|p2a: Sneasler|Sneasler, M|100\/100\n|turn|20\n|\n|t:|1700881260\n|move|p1a: Tybur|Earthquake|p2a: Sneasler\n|-supereffective|p2a: Sneasler\n|-damage|p2a: Sneasler|0 fnt\n|faint|p2a: Sneasler\n|\n|win|Gregory Mirabella\n|raw|Gregory Mirabella's rating: 1412 &rarr; <strong>1426<\/strong><br \/>(+14 for winning)\n|raw|innovation35's rating: 1296 &rarr; <strong>1279<\/strong><br \/>(-17 for losing)\n|c|\u2606Gregory Mirabella|gg\n|c|\u2606Gregory Mirabella|wp\n|c|\u2606innovation35|gg\n|l|\u2606innovation35\n","uploadtime":1700881269,"views":1,"p1id":"gregorymirabella","p2id":"innovation35","formatid":"gen9nationaldex","rating":1279,"private":0,"password":""}