{"id":"gen9nationaldex-1987257893","p1":"DTHEYDONTLIKEUiMS","p2":"Matheus840623","format":"[Gen 9] National Dex","log":"|j|\u2606DTHEYDONTLIKEUiMS\n|j|\u2606Matheus840623\n|t:|1699570233\n|gametype|singles\n|player|p1|DTHEYDONTLIKEUiMS|ghetsis|1147\n|player|p2|Matheus840623|170|1118\n|teamsize|p1|6\n|teamsize|p2|6\n|gen|9\n|tier|[Gen 9] National Dex\n|rated|\n|rule|HP Percentage Mod: HP is shown in percentages\n|rule|Endless Battle Clause: Forcing endless battles is banned\n|rule|OHKO Clause: OHKO moves are banned\n|rule|Evasion Clause: Evasion abilities, items, and moves are banned\n|rule|Evasion Abilities Clause: Evasion abilities are banned\n|rule|Evasion Items Clause: Evasion items are banned\n|rule|Evasion Moves Clause: Evasion moves are banned\n|rule|Species Clause: Limit one of each Pok\u00e9mon\n|rule|Sleep Clause Mod: Limit one foe put to sleep\n|clearpoke\n|poke|p1|Salazzle, F|\n|poke|p1|Magnemite, L1|\n|poke|p1|Probopass, L2, M|\n|poke|p1|Mandibuzz, F|\n|poke|p1|Nosepass, L1, M|\n|poke|p1|Tentacruel, F|\n|poke|p2|Gliscor, M|\n|poke|p2|Clefable, F|\n|poke|p2|Mienshao, F|\n|poke|p2|Dragonite, F|\n|poke|p2|Rillaboom, F|\n|poke|p2|Tyranitar, M|\n|teampreview\n|\n|t:|1699570242\n|start\n|switch|p1a: Sh\ud83d\udca9tsquid|Tentacruel, F|100\/100\n|switch|p2a: Dragonite|Dragonite, F|100\/100\n|turn|1\n|inactive|Battle timer is ON: inactive players will automatically lose when time's up. (requested by DTHEYDONTLIKEUiMS)\n|\n|t:|1699570256\n|switch|p2a: Tyranitar|Tyranitar, M|100\/100\n|-weather|Sandstorm|[from] ability: Sand Stream|[of] p2a: Tyranitar\n|move|p1a: Sh\ud83d\udca9tsquid|Toxic|p2a: Tyranitar\n|-status|p2a: Tyranitar|tox\n|\n|-weather|Sandstorm|[upkeep]\n|-damage|p1a: Sh\ud83d\udca9tsquid|94\/100|[from] Sandstorm\n|-heal|p1a: Sh\ud83d\udca9tsquid|100\/100|[from] item: Leftovers\n|-damage|p2a: Tyranitar|94\/100 tox|[from] psn\n|upkeep\n|turn|2\n|\n|t:|1699570278\n|switch|p2a: Gliscor|Gliscor, M, shiny|100\/100\n|move|p1a: Sh\ud83d\udca9tsquid|Scald|p2a: Gliscor\n|-supereffective|p2a: Gliscor\n|-damage|p2a: Gliscor|57\/100\n|\n|-weather|Sandstorm|[upkeep]\n|-damage|p1a: Sh\ud83d\udca9tsquid|94\/100|[from] Sandstorm\n|-heal|p1a: Sh\ud83d\udca9tsquid|100\/100|[from] item: Leftovers\n|-status|p2a: Gliscor|tox|[from] item: Toxic Orb\n|upkeep\n|turn|3\n|\n|t:|1699570291\n|-terastallize|p1a: Sh\ud83d\udca9tsquid|Flying\n|move|p1a: Sh\ud83d\udca9tsquid|Scald|p2a: Gliscor\n|-supereffective|p2a: Gliscor\n|-damage|p2a: Gliscor|8\/100 tox\n|move|p2a: Gliscor|Swords Dance|p2a: Gliscor\n|-boost|p2a: Gliscor|atk|2\n|\n|-weather|Sandstorm|[upkeep]\n|-damage|p1a: Sh\ud83d\udca9tsquid|94\/100|[from] Sandstorm\n|-heal|p1a: Sh\ud83d\udca9tsquid|100\/100|[from] item: Leftovers\n|-heal|p2a: Gliscor|20\/100 tox|[from] ability: Poison Heal\n|upkeep\n|turn|4\n|\n|t:|1699570305\n|move|p2a: Gliscor|Protect|p2a: Gliscor\n|-singleturn|p2a: Gliscor|Protect\n|move|p1a: Sh\ud83d\udca9tsquid|Scald|p2a: Gliscor\n|-activate|p2a: Gliscor|move: Protect\n|\n|-weather|Sandstorm|[upkeep]\n|-damage|p1a: Sh\ud83d\udca9tsquid|94\/100|[from] Sandstorm\n|-heal|p1a: Sh\ud83d\udca9tsquid|100\/100|[from] item: Leftovers\n|-heal|p2a: Gliscor|32\/100 tox|[from] ability: Poison Heal\n|upkeep\n|turn|5\n|\n|t:|1699570318\n|switch|p2a: Dragonite|Dragonite, F|100\/100\n|move|p1a: Sh\ud83d\udca9tsquid|Scald|p2a: Dragonite\n|-resisted|p2a: Dragonite\n|-damage|p2a: Dragonite|89\/100\n|\n|-weather|none\n|upkeep\n|turn|6\n|\n|t:|1699570329\n|-terastallize|p2a: Dragonite|Dragon\n|move|p1a: Sh\ud83d\udca9tsquid|Toxic|p2a: Dragonite\n|-status|p2a: Dragonite|tox\n|move|p2a: Dragonite|Dragon Dance|p2a: Dragonite\n|-boost|p2a: Dragonite|atk|1\n|-boost|p2a: Dragonite|spe|1\n|\n|-damage|p2a: Dragonite|83\/100 tox|[from] psn\n|upkeep\n|turn|7\n|\n|t:|1699570358\n|switch|p1a: Sh\ud83d\udca9tbird|Mandibuzz, F|100\/100\n|move|p2a: Dragonite|Dragon Claw|p1a: Sh\ud83d\udca9tbird\n|-damage|p1a: Sh\ud83d\udca9tbird|47\/100\n|\n|-damage|p2a: Dragonite|71\/100 tox|[from] psn\n|upkeep\n|turn|8\n|\n|t:|1699570367\n|switch|p1a: Literally Level 1|Magnemite, L1|100\/100\n|move|p2a: Dragonite|Dragon Claw|p1a: Literally Level 1\n|-resisted|p1a: Literally Level 1\n|-ability|p1a: Literally Level 1|Sturdy\n|-damage|p1a: Literally Level 1|10\/100\n|-enditem|p1a: Literally Level 1|Berry Juice\n|-heal|p1a: Literally Level 1|100\/100|[from] item: Berry Juice\n|\n|-damage|p2a: Dragonite|52\/100 tox|[from] psn\n|upkeep\n|turn|9\n|\n|t:|1699570380\n|switch|p2a: Tyranitar|Tyranitar, M|94\/100 tox\n|-weather|Sandstorm|[from] ability: Sand Stream|[of] p2a: Tyranitar\n|move|p1a: Literally Level 1|Protect||[still]\n|-fail|p1a: Literally Level 1\n|\n|-weather|Sandstorm|[upkeep]\n|-damage|p2a: Tyranitar|88\/100 tox|[from] psn\n|upkeep\n|turn|10\n|\n|t:|1699570394\n|switch|p2a: Gliscor|Gliscor, M, shiny|32\/100 tox\n|switch|p1a: Sh\ud83d\udca9tbird|Mandibuzz, F|47\/100\n|\n|-weather|Sandstorm|[upkeep]\n|-heal|p2a: Gliscor|45\/100 tox|[from] ability: Poison Heal\n|upkeep\n|turn|11\n|\n|t:|1699570404\n|switch|p2a: Dragonite|Dragonite, F, tera:Dragon|52\/100 tox\n|move|p1a: Sh\ud83d\udca9tbird|Foul Play|p2a: Dragonite\n|-damage|p2a: Dragonite|0 fnt\n|faint|p2a: Dragonite\n|\n|-weather|Sandstorm|[upkeep]\n|upkeep\n|\n|t:|1699570414\n|switch|p2a: Tyranitar|Tyranitar, M|88\/100 tox\n|turn|12\n|\n|t:|1699570425\n|move|p1a: Sh\ud83d\udca9tbird|Roost|p1a: Sh\ud83d\udca9tbird\n|-heal|p1a: Sh\ud83d\udca9tbird|97\/100\n|-singleturn|p1a: Sh\ud83d\udca9tbird|move: Roost\n|move|p2a: Tyranitar|Dragon Dance|p2a: Tyranitar\n|-boost|p2a: Tyranitar|atk|1\n|-boost|p2a: Tyranitar|spe|1\n|\n|-weather|Sandstorm|[upkeep]\n|-damage|p2a: Tyranitar|82\/100 tox|[from] psn\n|upkeep\n|turn|13\n|\n|t:|1699570442\n|move|p2a: Tyranitar|Stone Edge|p1a: Sh\ud83d\udca9tbird\n|-supereffective|p1a: Sh\ud83d\udca9tbird\n|-damage|p1a: Sh\ud83d\udca9tbird|24\/100\n|move|p1a: Sh\ud83d\udca9tbird|Foul Play|p2a: Tyranitar\n|-resisted|p2a: Tyranitar\n|-damage|p2a: Tyranitar|58\/100 tox\n|-damage|p1a: Sh\ud83d\udca9tbird|8\/100|[from] item: Rocky Helmet|[of] p2a: Tyranitar\n|\n|-weather|none\n|-damage|p2a: Tyranitar|46\/100 tox|[from] psn\n|upkeep\n|turn|14\n|\n|t:|1699570453\n|switch|p1a: Click the \u274c|Nosepass, L1, M, shiny|100\/100\n|move|p2a: Tyranitar|Dragon Claw|p1a: Click the \u274c\n|-ability|p1a: Click the \u274c|Sturdy\n|-damage|p1a: Click the \u274c|10\/100\n|-enditem|p1a: Click the \u274c|Berry Juice\n|-heal|p1a: Click the \u274c|100\/100|[from] item: Berry Juice\n|\n|-damage|p2a: Tyranitar|27\/100 tox|[from] psn\n|upkeep\n|turn|15\n|\n|t:|1699570466\n|switch|p2a: Gliscor|Gliscor, M, shiny|45\/100 tox\n|move|p1a: Click the \u274c|Pain Split|p2a: Gliscor\n|-sethp|p2a: Gliscor|25\/100 tox|[from] move: Pain Split|[silent]\n|-sethp|p1a: Click the \u274c|100\/100|[from] move: Pain Split\n|\n|-heal|p2a: Gliscor|37\/100 tox|[from] ability: Poison Heal\n|upkeep\n|turn|16\n|\n|t:|1699570483\n|switch|p1a: Sh\ud83d\udca9tsquid|Tentacruel, F, tera:Flying|100\/100\n|move|p2a: Gliscor|Toxic|p1a: Sh\ud83d\udca9tsquid|[miss]\n|-miss|p2a: Gliscor|p1a: Sh\ud83d\udca9tsquid\n|\n|-heal|p2a: Gliscor|49\/100 tox|[from] ability: Poison Heal\n|upkeep\n|turn|17\n|\n|t:|1699570496\n|move|p2a: Gliscor|Protect|p2a: Gliscor\n|-singleturn|p2a: Gliscor|Protect\n|move|p1a: Sh\ud83d\udca9tsquid|Scald|p2a: Gliscor\n|-activate|p2a: Gliscor|move: Protect\n|\n|-heal|p2a: Gliscor|62\/100 tox|[from] ability: Poison Heal\n|upkeep\n|turn|18\n|\n|t:|1699570505\n|move|p1a: Sh\ud83d\udca9tsquid|Scald|p2a: Gliscor\n|-supereffective|p2a: Gliscor\n|-damage|p2a: Gliscor|12\/100 tox\n|move|p2a: Gliscor|Toxic|p1a: Sh\ud83d\udca9tsquid\n|-status|p1a: Sh\ud83d\udca9tsquid|tox\n|\n|-damage|p1a: Sh\ud83d\udca9tsquid|94\/100 tox|[from] psn\n|-heal|p2a: Gliscor|25\/100 tox|[from] ability: Poison Heal\n|upkeep\n|turn|19\n|inactive|DTHEYDONTLIKEUiMS has 120 seconds left.\n|\n|t:|1699570539\n|switch|p2a: Clefable|Clefable, F|100\/100\n|move|p1a: Sh\ud83d\udca9tsquid|Scald|p2a: Clefable\n|-damage|p2a: Clefable|77\/100\n|\n|-heal|p1a: Sh\ud83d\udca9tsquid|100\/100 tox|[from] item: Leftovers\n|-heal|p2a: Clefable|83\/100|[from] item: Leftovers\n|-damage|p1a: Sh\ud83d\udca9tsquid|88\/100 tox|[from] psn\n|upkeep\n|turn|20\n|\n|t:|1699570554\n|move|p1a: Sh\ud83d\udca9tsquid|Knock Off|p2a: Clefable\n|-resisted|p2a: Clefable\n|-damage|p2a: Clefable|76\/100\n|-enditem|p2a: Clefable|Leftovers|[from] move: Knock Off|[of] p1a: Sh\ud83d\udca9tsquid\n|move|p2a: Clefable|Substitute|p2a: Clefable\n|-start|p2a: Clefable|Substitute\n|-damage|p2a: Clefable|52\/100\n|\n|-heal|p1a: Sh\ud83d\udca9tsquid|94\/100 tox|[from] item: Leftovers\n|-damage|p1a: Sh\ud83d\udca9tsquid|76\/100 tox|[from] psn\n|upkeep\n|turn|21\n|\n|t:|1699570565\n|move|p1a: Sh\ud83d\udca9tsquid|Scald|p2a: Clefable\n|-activate|p2a: Clefable|move: Substitute|[damage]\n|move|p2a: Clefable|Wish|p2a: Clefable\n|\n|-heal|p1a: Sh\ud83d\udca9tsquid|82\/100 tox|[from] item: Leftovers\n|-damage|p1a: Sh\ud83d\udca9tsquid|58\/100 tox|[from] psn\n|upkeep\n|turn|22\n|\n|t:|1699570576\n|move|p1a: Sh\ud83d\udca9tsquid|Scald|p2a: Clefable\n|-end|p2a: Clefable|Substitute\n|move|p2a: Clefable|Cosmic Power|p2a: Clefable\n|-boost|p2a: Clefable|def|1\n|-boost|p2a: Clefable|spd|1\n|\n|-heal|p2a: Clefable|100\/100|[from] move: Wish|[wisher] Clefable\n|-heal|p1a: Sh\ud83d\udca9tsquid|64\/100 tox|[from] item: Leftovers\n|-damage|p1a: Sh\ud83d\udca9tsquid|34\/100 tox|[from] psn\n|upkeep\n|turn|23\n|\n|t:|1699570579\n|move|p1a: Sh\ud83d\udca9tsquid|Toxic|p2a: Clefable\n|-status|p2a: Clefable|tox\n|move|p2a: Clefable|Cosmic Power|p2a: Clefable\n|-boost|p2a: Clefable|def|1\n|-boost|p2a: Clefable|spd|1\n|\n|-heal|p1a: Sh\ud83d\udca9tsquid|40\/100 tox|[from] item: Leftovers\n|-damage|p1a: Sh\ud83d\udca9tsquid|4\/100 tox|[from] psn\n|-damage|p2a: Clefable|94\/100 tox|[from] psn\n|upkeep\n|turn|24\n|\n|t:|1699570599\n|switch|p1a: No Fun Allowed|Salazzle, F|100\/100\n|move|p2a: Clefable|Moonblast|p1a: No Fun Allowed\n|-resisted|p1a: No Fun Allowed\n|-damage|p1a: No Fun Allowed|82\/100\n|-unboost|p1a: No Fun Allowed|spa|1\n|\n|-heal|p1a: No Fun Allowed|89\/100|[from] item: Leftovers\n|-damage|p2a: Clefable|82\/100 tox|[from] psn\n|upkeep\n|turn|25\n|c|\u2606DTHEYDONTLIKEUiMS|gg\n|inactive|Matheus840623 has 120 seconds left.\n|\n|t:|1699570628\n|move|p1a: No Fun Allowed|Substitute|p1a: No Fun Allowed\n|-start|p1a: No Fun Allowed|Substitute\n|-damage|p1a: No Fun Allowed|64\/100\n|move|p2a: Clefable|Wish|p2a: Clefable\n|\n|-heal|p1a: No Fun Allowed|70\/100|[from] item: Leftovers\n|-damage|p2a: Clefable|64\/100 tox|[from] psn\n|upkeep\n|turn|26\n|inactive|Matheus840623 has 120 seconds left.\n|\n|t:|1699570638\n|switch|p2a: Rillaboom|Rillaboom, F, shiny|100\/100\n|-fieldstart|move: Grassy Terrain|[from] ability: Grassy Surge|[of] p2a: Rillaboom\n|move|p1a: No Fun Allowed|Flamethrower|p2a: Rillaboom\n|-supereffective|p2a: Rillaboom\n|-damage|p2a: Rillaboom|31\/100\n|\n|-heal|p2a: Rillaboom|89\/100|[from] move: Wish|[wisher] Clefable\n|-heal|p1a: No Fun Allowed|76\/100|[from] Grassy Terrain\n|-heal|p1a: No Fun Allowed|82\/100|[from] item: Leftovers\n|-heal|p2a: Rillaboom|95\/100|[from] Grassy Terrain\n|upkeep\n|turn|27\n|inactive|Matheus840623 has 120 seconds left.\n|\n|t:|1699570653\n|move|p1a: No Fun Allowed|Toxic|p2a: Rillaboom\n|-status|p2a: Rillaboom|tox\n|move|p2a: Rillaboom|Earthquake|p1a: No Fun Allowed\n|-supereffective|p1a: No Fun Allowed\n|-end|p1a: No Fun Allowed|Substitute\n|\n|-heal|p1a: No Fun Allowed|88\/100|[from] Grassy Terrain\n|-heal|p1a: No Fun Allowed|94\/100|[from] item: Leftovers\n|-heal|p2a: Rillaboom|100\/100 tox|[from] Grassy Terrain\n|-damage|p2a: Rillaboom|94\/100 tox|[from] psn\n|upkeep\n|turn|28\n|inactive|Matheus840623 has 120 seconds left.\n|\n|t:|1699570665\n|move|p1a: No Fun Allowed|Substitute|p1a: No Fun Allowed\n|-start|p1a: No Fun Allowed|Substitute\n|-damage|p1a: No Fun Allowed|69\/100\n|move|p2a: Rillaboom|Earthquake|p1a: No Fun Allowed\n|-supereffective|p1a: No Fun Allowed\n|-end|p1a: No Fun Allowed|Substitute\n|\n|-heal|p1a: No Fun Allowed|76\/100|[from] Grassy Terrain\n|-heal|p1a: No Fun Allowed|82\/100|[from] item: Leftovers\n|-heal|p2a: Rillaboom|100\/100 tox|[from] Grassy Terrain\n|-damage|p2a: Rillaboom|88\/100 tox|[from] psn\n|upkeep\n|turn|29\n|inactive|Matheus840623 has 120 seconds left.\n|\n|t:|1699570677\n|move|p1a: No Fun Allowed|Protect|p1a: No Fun Allowed\n|-singleturn|p1a: No Fun Allowed|Protect\n|move|p2a: Rillaboom|Earthquake|p1a: No Fun Allowed\n|-activate|p1a: No Fun Allowed|move: Protect\n|\n|-heal|p1a: No Fun Allowed|88\/100|[from] Grassy Terrain\n|-heal|p1a: No Fun Allowed|94\/100|[from] item: Leftovers\n|-heal|p2a: Rillaboom|94\/100 tox|[from] Grassy Terrain\n|-damage|p2a: Rillaboom|76\/100 tox|[from] psn\n|upkeep\n|turn|30\n|inactive|Matheus840623 has 120 seconds left.\n|\n|t:|1699570689\n|move|p1a: No Fun Allowed|Substitute|p1a: No Fun Allowed\n|-start|p1a: No Fun Allowed|Substitute\n|-damage|p1a: No Fun Allowed|69\/100\n|move|p2a: Rillaboom|Earthquake|p1a: No Fun Allowed\n|-supereffective|p1a: No Fun Allowed\n|-end|p1a: No Fun Allowed|Substitute\n|\n|-heal|p1a: No Fun Allowed|75\/100|[from] Grassy Terrain\n|-heal|p1a: No Fun Allowed|81\/100|[from] item: Leftovers\n|-heal|p2a: Rillaboom|82\/100 tox|[from] Grassy Terrain\n|-damage|p2a: Rillaboom|57\/100 tox|[from] psn\n|-fieldend|move: Grassy Terrain\n|upkeep\n|turn|31\n|inactive|Matheus840623 has 120 seconds left.\n|\n|t:|1699570709\n|switch|p2a: Gliscor|Gliscor, M, shiny|25\/100 tox\n|move|p1a: No Fun Allowed|Flamethrower|p2a: Gliscor\n|-damage|p2a: Gliscor|0 fnt\n|faint|p2a: Gliscor\n|\n|-heal|p1a: No Fun Allowed|88\/100|[from] item: Leftovers\n|upkeep\n|c|\u2606DTHEYDONTLIKEUiMS|lol\n|inactive|Matheus840623 has 120 seconds left.\n|\n|t:|1699570722\n|switch|p2a: Tyranitar|Tyranitar, M|27\/100 tox\n|-weather|Sandstorm|[from] ability: Sand Stream|[of] p2a: Tyranitar\n|turn|32\n|inactive|Matheus840623 has 120 seconds left.\n|\n|t:|1699570731\n|switch|p1a: Sh\ud83d\udca9tsquid|Tentacruel, F, tera:Flying|4\/100 tox\n|move|p2a: Tyranitar|Stone Edge|p1a: Sh\ud83d\udca9tsquid\n|-supereffective|p1a: Sh\ud83d\udca9tsquid\n|-damage|p1a: Sh\ud83d\udca9tsquid|0 fnt\n|faint|p1a: Sh\ud83d\udca9tsquid\n|\n|-weather|Sandstorm|[upkeep]\n|-damage|p2a: Tyranitar|21\/100 tox|[from] psn\n|upkeep\n|\n|t:|1699570741\n|switch|p1a: Literally Level 1|Magnemite, L1|100\/100\n|turn|33\n|\n|t:|1699570746\n|switch|p2a: Mienshao|Mienshao, F, shiny|100\/100\n|move|p1a: Literally Level 1|Recycle|p1a: Literally Level 1\n|-item|p1a: Literally Level 1|Berry Juice|[from] move: Recycle\n|\n|-weather|Sandstorm|[upkeep]\n|-damage|p2a: Mienshao|94\/100|[from] Sandstorm\n|upkeep\n|turn|34\n|\n|t:|1699570762\n|move|p1a: Literally Level 1|Protect|p1a: Literally Level 1\n|-singleturn|p1a: Literally Level 1|Protect\n|move|p2a: Mienshao|Aerial Ace|p1a: Literally Level 1\n|-activate|p1a: Literally Level 1|move: Protect\n|\n|-weather|Sandstorm|[upkeep]\n|-damage|p2a: Mienshao|88\/100|[from] Sandstorm\n|upkeep\n|turn|35\n|\n|t:|1699570777\n|move|p2a: Mienshao|Drain Punch|p1a: Literally Level 1\n|-supereffective|p1a: Literally Level 1\n|-ability|p1a: Literally Level 1|Sturdy\n|-damage|p1a: Literally Level 1|10\/100\n|-heal|p2a: Mienshao|90\/100|[from] drain|[of] p1a: Literally Level 1\n|-enditem|p1a: Literally Level 1|Berry Juice\n|-heal|p1a: Literally Level 1|100\/100|[from] item: Berry Juice\n|move|p1a: Literally Level 1|Toxic|p2a: Mienshao\n|-status|p2a: Mienshao|tox\n|\n|-weather|Sandstorm|[upkeep]\n|-damage|p2a: Mienshao|84\/100 tox|[from] Sandstorm\n|-damage|p2a: Mienshao|77\/100 tox|[from] psn\n|upkeep\n|turn|36\n|\n|t:|1699570791\n|move|p2a: Mienshao|Drain Punch|p1a: Literally Level 1\n|-supereffective|p1a: Literally Level 1\n|-ability|p1a: Literally Level 1|Sturdy\n|-damage|p1a: Literally Level 1|10\/100\n|-heal|p2a: Mienshao|79\/100 tox|[from] drain|[of] p1a: Literally Level 1\n|move|p1a: Literally Level 1|Recycle|p1a: Literally Level 1\n|-item|p1a: Literally Level 1|Berry Juice|[from] move: Recycle\n|-enditem|p1a: Literally Level 1|Berry Juice\n|-heal|p1a: Literally Level 1|100\/100|[from] item: Berry Juice\n|\n|-weather|none\n|-damage|p2a: Mienshao|67\/100 tox|[from] psn\n|upkeep\n|turn|37\n|\n|t:|1699570804\n|move|p2a: Mienshao|U-turn|p1a: Literally Level 1\n|-resisted|p1a: Literally Level 1\n|-ability|p1a: Literally Level 1|Sturdy\n|-damage|p1a: Literally Level 1|10\/100\n|c|\u2606DTHEYDONTLIKEUiMS|Matheus840623\n|c|\u2606DTHEYDONTLIKEUiMS|gg\n|\n|t:|1699570810\n|switch|p2a: Tyranitar|Tyranitar, M|21\/100 tox|[from] U-turn\n|-weather|Sandstorm|[from] ability: Sand Stream|[of] p2a: Tyranitar\n|move|p1a: Literally Level 1|Recycle|p1a: Literally Level 1\n|-item|p1a: Literally Level 1|Berry Juice|[from] move: Recycle\n|-enditem|p1a: Literally Level 1|Berry Juice\n|-heal|p1a: Literally Level 1|100\/100|[from] item: Berry Juice\n|\n|-weather|Sandstorm|[upkeep]\n|-damage|p2a: Tyranitar|15\/100 tox|[from] psn\n|upkeep\n|turn|38\n|inactive|Matheus840623 has 120 seconds left.\n|\n|t:|1699570831\n|move|p2a: Tyranitar|Body Press|p1a: Literally Level 1\n|-supereffective|p1a: Literally Level 1\n|-ability|p1a: Literally Level 1|Sturdy\n|-damage|p1a: Literally Level 1|10\/100\n|move|p1a: Literally Level 1|Recycle|p1a: Literally Level 1\n|-item|p1a: Literally Level 1|Berry Juice|[from] move: Recycle\n|-enditem|p1a: Literally Level 1|Berry Juice\n|-heal|p1a: Literally Level 1|100\/100|[from] item: Berry Juice\n|\n|-weather|Sandstorm|[upkeep]\n|-damage|p2a: Tyranitar|2\/100 tox|[from] psn\n|upkeep\n|turn|39\n|inactive|Matheus840623 has 120 seconds left.\n|\n|t:|1699570844\n|move|p2a: Tyranitar|Body Press|p1a: Literally Level 1\n|-supereffective|p1a: Literally Level 1\n|-crit|p1a: Literally Level 1\n|-ability|p1a: Literally Level 1|Sturdy\n|-damage|p1a: Literally Level 1|10\/100\n|move|p1a: Literally Level 1|Recycle|p1a: Literally Level 1\n|-item|p1a: Literally Level 1|Berry Juice|[from] move: Recycle\n|-enditem|p1a: Literally Level 1|Berry Juice\n|-heal|p1a: Literally Level 1|100\/100|[from] item: Berry Juice\n|\n|-weather|Sandstorm|[upkeep]\n|-damage|p2a: Tyranitar|0 fnt|[from] psn\n|faint|p2a: Tyranitar\n|upkeep\n|inactive|Matheus840623 has 120 seconds left.\n|\n|t:|1699570859\n|switch|p2a: Rillaboom|Rillaboom, F, shiny|57\/100 tox\n|-fieldstart|move: Grassy Terrain|[from] ability: Grassy Surge|[of] p2a: Rillaboom\n|turn|40\n|-message|Matheus840623 forfeited.\n|\n|win|DTHEYDONTLIKEUiMS\n|raw|DTHEYDONTLIKEUiMS's rating: 1147 &rarr; <strong>1170<\/strong><br \/>(+23 for winning)\n|raw|Matheus840623's rating: 1118 &rarr; <strong>1095<\/strong><br \/>(-23 for losing)\n|l|\u2606Matheus840623\n","uploadtime":1699570872,"views":4,"p1id":"dtheydontlikeuims","p2id":"matheus840623","formatid":"gen9nationaldex","rating":1095,"private":0,"password":""}