{"id":"gen9nationaldex-1992651023","p1":"ouxiaonengshou","p2":"Pedromaxter","format":"[Gen 9] National Dex","log":"|j|\u2606ouxiaonengshou\n|j|\u2606Pedromaxter\n|t:|1700220503\n|gametype|singles\n|player|p1|ouxiaonengshou|iris-gen5bw2|1000\n|player|p2|Pedromaxter|preschooler|1040\n|teamsize|p1|6\n|teamsize|p2|6\n|gen|9\n|tier|[Gen 9] National Dex\n|rated|\n|rule|HP Percentage Mod: HP is shown in percentages\n|rule|Endless Battle Clause: Forcing endless battles is banned\n|rule|OHKO Clause: OHKO moves are banned\n|rule|Evasion Clause: Evasion abilities, items, and moves are banned\n|rule|Evasion Abilities Clause: Evasion abilities are banned\n|rule|Evasion Items Clause: Evasion items are banned\n|rule|Evasion Moves Clause: Evasion moves are banned\n|rule|Species Clause: Limit one of each Pok\u00e9mon\n|rule|Sleep Clause Mod: Limit one foe put to sleep\n|clearpoke\n|poke|p1|Sudowoodo, F|\n|poke|p1|Shiftry, M|\n|poke|p1|Corviknight, F|\n|poke|p1|Swampert, M|\n|poke|p1|Pelipper, M|\n|poke|p1|Ogerpon, F|\n|poke|p2|Mimikyu, F|\n|poke|p2|Garchomp, F|\n|poke|p2|Gliscor, M|\n|poke|p2|Greninja-*, M|\n|poke|p2|Charizard, M|\n|poke|p2|Eelektross, M|\n|teampreview\n|inactive|Battle timer is ON: inactive players will automatically lose when time's up. (requested by ouxiaonengshou)\n|\n|t:|1700220519\n|start\n|switch|p1a: Sudowoodo|Sudowoodo, F, shiny|100\/100\n|switch|p2a: Charizard|Charizard, M|100\/100\n|turn|1\n|\n|t:|1700220527\n|detailschange|p2a: Charizard|Charizard-Mega-Y, M\n|-mega|p2a: Charizard|Charizard|Charizardite Y\n|-weather|SunnyDay|[from] ability: Drought|[of] p2a: Charizard\n|move|p2a: Charizard|Solar Beam||[still]\n|-prepare|p2a: Charizard|Solar Beam\n|-anim|p2a: Charizard|Solar Beam|p1a: Sudowoodo\n|-supereffective|p1a: Sudowoodo\n|-ability|p1a: Sudowoodo|Sturdy\n|-damage|p1a: Sudowoodo|1\/100\n|move|p1a: Sudowoodo|Stealth Rock|p2a: Charizard\n|-sidestart|p2: Pedromaxter|move: Stealth Rock\n|\n|-weather|SunnyDay|[upkeep]\n|upkeep\n|turn|2\n|-enditem|p1a: Sudowoodo|Custap Berry|[eat]\n|-activate|p1a: Sudowoodo|item: Custap Berry|[consumed]\n|\n|t:|1700220539\n|move|p1a: Sudowoodo|Explosion|p2a: Charizard\n|-damage|p2a: Charizard|0 fnt\n|faint|p1a: Sudowoodo\n|faint|p2a: Charizard\n|\n|-weather|SunnyDay|[upkeep]\n|upkeep\n|\n|t:|1700220551\n|switch|p2a: Gliscor|Gliscor, M|100\/100\n|switch|p1a: Shiftry|Shiftry, M, shiny|100\/100\n|-damage|p2a: Gliscor|88\/100|[from] Stealth Rock\n|turn|3\n|\n|t:|1700220564\n|move|p2a: Gliscor|Poison Jab|p1a: Shiftry\n|-supereffective|p1a: Shiftry\n|-damage|p1a: Shiftry|15\/100\n|move|p1a: Shiftry|Tailwind|p1a: Shiftry\n|-sidestart|p1: ouxiaonengshou|move: Tailwind\n|-ability|p1a: Shiftry|Wind Rider|boost\n|-boost|p1a: Shiftry|atk|1\n|\n|-weather|SunnyDay|[upkeep]\n|-status|p2a: Gliscor|tox|[from] item: Toxic Orb\n|upkeep\n|turn|4\n|\n|t:|1700220575\n|move|p1a: Shiftry|Knock Off|p2a: Gliscor\n|-damage|p2a: Gliscor|27\/100 tox\n|-enditem|p2a: Gliscor|Toxic Orb|[from] move: Knock Off|[of] p1a: Shiftry\n|move|p2a: Gliscor|Facade|p1a: Shiftry\n|-damage|p1a: Shiftry|0 fnt\n|faint|p1a: Shiftry\n|\n|-weather|SunnyDay|[upkeep]\n|-heal|p2a: Gliscor|40\/100 tox|[from] ability: Poison Heal\n|upkeep\n|\n|t:|1700220591\n|switch|p1a: Ogerpon|Ogerpon, F|100\/100\n|turn|5\n|\n|t:|1700220599\n|-zpower|p1a: Ogerpon\n|move|p1a: Ogerpon|Bloom Doom|p2a: Gliscor|[zeffect]\n|-damage|p2a: Gliscor|0 fnt\n|faint|p2a: Gliscor\n|\n|-weather|none\n|upkeep\n|\n|t:|1700220614\n|switch|p2a: Greninja|Greninja, M|100\/100\n|-damage|p2a: Greninja|88\/100|[from] Stealth Rock\n|turn|6\n|\n|t:|1700220618\n|move|p1a: Ogerpon|Ivy Cudgel|p2a: Greninja\n|-supereffective|p2a: Greninja\n|-damage|p2a: Greninja|0 fnt\n|faint|p2a: Greninja\n|\n|-sideend|p1: ouxiaonengshou|move: Tailwind\n|upkeep\n|\n|t:|1700220621\n|switch|p2a: Mimikyu|Mimikyu, F|100\/100\n|-damage|p2a: Mimikyu|88\/100|[from] Stealth Rock\n|turn|7\n|\n|t:|1700220628\n|move|p1a: Ogerpon|Ivy Cudgel|p2a: Mimikyu\n|-activate|p2a: Mimikyu|ability: Disguise\n|-damage|p2a: Mimikyu|88\/100\n|detailschange|p2a: Mimikyu|Mimikyu-Busted, F\n|-damage|p2a: Mimikyu|76\/100|[from] pokemon: Mimikyu-Busted\n|move|p2a: Mimikyu|Swords Dance|p2a: Mimikyu\n|-boost|p2a: Mimikyu|atk|2\n|\n|upkeep\n|turn|8\n|\n|t:|1700220639\n|move|p1a: Ogerpon|Ivy Cudgel|p2a: Mimikyu\n|-damage|p2a: Mimikyu|0 fnt\n|faint|p2a: Mimikyu\n|\n|upkeep\n|\n|t:|1700220642\n|switch|p2a: Eelektross|Eelektross, M|100\/100\n|-damage|p2a: Eelektross|88\/100|[from] Stealth Rock\n|turn|9\n|\n|t:|1700220646\n|move|p1a: Ogerpon|Ivy Cudgel|p2a: Eelektross\n|-damage|p2a: Eelektross|29\/100\n|move|p2a: Eelektross|Drain Punch|p1a: Ogerpon\n|-damage|p1a: Ogerpon|67\/100\n|-heal|p2a: Eelektross|43\/100|[from] drain|[of] p1a: Ogerpon\n|\n|-heal|p2a: Eelektross|49\/100|[from] item: Leftovers\n|upkeep\n|turn|10\n|\n|t:|1700220655\n|move|p1a: Ogerpon|Ivy Cudgel|p2a: Eelektross\n|-crit|p2a: Eelektross\n|-damage|p2a: Eelektross|0 fnt\n|faint|p2a: Eelektross\n|\n|upkeep\n|\n|t:|1700220658\n|switch|p2a: Garchomp|Garchomp, F|100\/100\n|-damage|p2a: Garchomp|94\/100|[from] Stealth Rock\n|turn|11\n|\n|t:|1700220662\n|-terastallize|p2a: Garchomp|Dragon\n|move|p1a: Ogerpon|Ivy Cudgel|p2a: Garchomp\n|-resisted|p2a: Garchomp\n|-damage|p2a: Garchomp|70\/100\n|move|p2a: Garchomp|Swords Dance|p2a: Garchomp\n|-boost|p2a: Garchomp|atk|2\n|\n|upkeep\n|turn|12\n|\n|t:|1700220675\n|move|p1a: Ogerpon|Superpower|p2a: Garchomp\n|-damage|p2a: Garchomp|28\/100\n|-unboost|p1a: Ogerpon|atk|1\n|-unboost|p1a: Ogerpon|def|1\n|-damage|p1a: Ogerpon|55\/100|[from] ability: Rough Skin|[of] p2a: Garchomp\n|move|p2a: Garchomp|Scale Shot|p1a: Ogerpon\n|-damage|p1a: Ogerpon|0 fnt\n|faint|p1a: Ogerpon\n|-hitcount|p1: Ogerpon|1\n|-unboost|p2a: Garchomp|def|1\n|-boost|p2a: Garchomp|spe|1\n|\n|upkeep\n|\n|t:|1700220687\n|switch|p1a: Pelipper|Pelipper, M|100\/100\n|-weather|RainDance|[from] ability: Drizzle|[of] p1a: Pelipper\n|turn|13\n|\n|t:|1700220694\n|move|p2a: Garchomp|Stone Edge|p1a: Pelipper\n|-supereffective|p1a: Pelipper\n|-damage|p1a: Pelipper|0 fnt\n|faint|p1a: Pelipper\n|\n|-weather|RainDance|[upkeep]\n|upkeep\n|\n|t:|1700220699\n|switch|p1a: Swampert|Swampert, M|100\/100\n|turn|14\n|\n|t:|1700220707\n|detailschange|p1a: Swampert|Swampert-Mega, M\n|-mega|p1a: Swampert|Swampert|Swampertite\n|move|p1a: Swampert|Earthquake|p2a: Garchomp\n|-damage|p2a: Garchomp|0 fnt\n|faint|p2a: Garchomp\n|\n|win|ouxiaonengshou\n|raw|ouxiaonengshou's rating: 1000 &rarr; <strong>1045<\/strong><br \/>(+45 for winning)\n|raw|Pedromaxter's rating: 1040 &rarr; <strong>1022<\/strong><br \/>(-18 for losing)\n","uploadtime":1700220714,"views":6,"p1id":"ouxiaonengshou","p2id":"pedromaxter","formatid":"gen9nationaldex","rating":1022,"private":0,"password":""}