{"id":"gen9nationaldex-1989415756","p1":"Omar_ZX","p2":"Lagamorfo06","format":"[Gen 9] National Dex","log":"|j|\u2606Omar_ZX\n|j|\u2606Lagamorfo06\n|t:|1699847364\n|gametype|singles\n|player|p1|Omar_ZX|swimmerf-gen4|1000\n|player|p2|Lagamorfo06|169|1067\n|teamsize|p1|6\n|teamsize|p2|6\n|gen|9\n|tier|[Gen 9] National Dex\n|rated|\n|rule|HP Percentage Mod: HP is shown in percentages\n|rule|Endless Battle Clause: Forcing endless battles is banned\n|rule|OHKO Clause: OHKO moves are banned\n|rule|Evasion Clause: Evasion abilities, items, and moves are banned\n|rule|Evasion Abilities Clause: Evasion abilities are banned\n|rule|Evasion Items Clause: Evasion items are banned\n|rule|Evasion Moves Clause: Evasion moves are banned\n|rule|Species Clause: Limit one of each Pok\u00e9mon\n|rule|Sleep Clause Mod: Limit one foe put to sleep\n|clearpoke\n|poke|p1|Sneasler, F|\n|poke|p1|Garchomp, F|\n|poke|p1|Blaziken, M|\n|poke|p1|Great Tusk|\n|poke|p1|Latios, M|\n|poke|p1|Deoxys-Defense|\n|poke|p2|Charizard, M|\n|poke|p2|Empoleon, M|\n|poke|p2|Corviknight, M|\n|poke|p2|Escavalier, M|\n|poke|p2|Weezing-Galar, M|\n|poke|p2|Sirfetch\u2019d, F|\n|teampreview\n|\n|t:|1699847407\n|start\n|switch|p1a: Blaziken|Blaziken, M|100\/100\n|switch|p2a: Empoleon|Empoleon, M|100\/100\n|turn|1\n|\n|t:|1699847422\n|move|p1a: Blaziken|Swords Dance|p1a: Blaziken\n|-boost|p1a: Blaziken|atk|2\n|move|p2a: Empoleon|Stealth Rock|p1a: Blaziken\n|-sidestart|p1: Omar_ZX|move: Stealth Rock\n|\n|-ability|p1a: Blaziken|Speed Boost|boost\n|-boost|p1a: Blaziken|spe|1\n|upkeep\n|turn|2\n|\n|t:|1699847430\n|move|p1a: Blaziken|Swords Dance|p1a: Blaziken\n|-boost|p1a: Blaziken|atk|2\n|move|p2a: Empoleon|Liquidation|p1a: Blaziken\n|-supereffective|p1a: Blaziken\n|-damage|p1a: Blaziken|27\/100\n|-unboost|p1a: Blaziken|def|1\n|\n|-ability|p1a: Blaziken|Speed Boost|boost\n|-boost|p1a: Blaziken|spe|1\n|upkeep\n|turn|3\n|\n|t:|1699847440\n|move|p1a: Blaziken|Close Combat|p2a: Empoleon\n|-supereffective|p2a: Empoleon\n|-damage|p2a: Empoleon|0 fnt\n|-unboost|p1a: Blaziken|def|1\n|-unboost|p1a: Blaziken|spd|1\n|faint|p2a: Empoleon\n|\n|-ability|p1a: Blaziken|Speed Boost|boost\n|-boost|p1a: Blaziken|spe|1\n|upkeep\n|\n|t:|1699847475\n|switch|p2a: Weezing|Weezing-Galar, M|100\/100\n|turn|4\n|\n|t:|1699847485\n|-terastallize|p1a: Blaziken|Fire\n|move|p1a: Blaziken|Blaze Kick|p2a: Weezing\n|-damage|p2a: Weezing|0 fnt\n|faint|p2a: Weezing\n|\n|-ability|p1a: Blaziken|Speed Boost|boost\n|-boost|p1a: Blaziken|spe|1\n|upkeep\n|\n|t:|1699847493\n|switch|p2a: Sirfetch\u2019d|Sirfetch\u2019d, F|100\/100\n|turn|5\n|\n|t:|1699847499\n|move|p1a: Blaziken|Blaze Kick|p2a: Sirfetch\u2019d\n|-damage|p2a: Sirfetch\u2019d|0 fnt\n|faint|p2a: Sirfetch\u2019d\n|\n|-ability|p1a: Blaziken|Speed Boost|boost\n|-boost|p1a: Blaziken|spe|1\n|upkeep\n|\n|t:|1699847505\n|switch|p2a: Charizard|Charizard, M|100\/100\n|turn|6\n|\n|t:|1699847510\n|move|p1a: Blaziken|Blaze Kick|p2a: Charizard\n|-resisted|p2a: Charizard\n|-crit|p2a: Charizard\n|-damage|p2a: Charizard|0 fnt\n|faint|p2a: Charizard\n|\n|-ability|p1a: Blaziken|Speed Boost|boost\n|-boost|p1a: Blaziken|spe|1\n|upkeep\n|\n|t:|1699847517\n|switch|p2a: Corviknight|Corviknight, M|100\/100\n|-ability|p2a: Corviknight|Pressure\n|turn|7\n|\n|t:|1699847525\n|move|p1a: Blaziken|Blaze Kick|p2a: Corviknight\n|-supereffective|p2a: Corviknight\n|-damage|p2a: Corviknight|0 fnt\n|faint|p2a: Corviknight\n|\n|upkeep\n|\n|t:|1699847533\n|switch|p2a: Escavalier|Escavalier, M|100\/100\n|turn|8\n|\n|t:|1699847538\n|move|p1a: Blaziken|Blaze Kick|p2a: Escavalier\n|-supereffective|p2a: Escavalier\n|-damage|p2a: Escavalier|0 fnt\n|faint|p2a: Escavalier\n|\n|win|Omar_ZX\n|raw|Omar_ZX's rating: 1000 &rarr; <strong>1048<\/strong><br \/>(+48 for winning)\n|raw|Lagamorfo06's rating: 1067 &rarr; <strong>1043<\/strong><br \/>(-24 for losing)\n|l|\u2606Lagamorfo06\n|c|\u2606Omar_ZX|gg\n","uploadtime":1699847564,"views":8,"p1id":"omarzx","p2id":"lagamorfo06","formatid":"gen9nationaldex","rating":1043,"private":0,"password":""}