{"id":"gen9nationaldex-1992126510","p1":"LRR121","p2":"ULlostToAFemboyy","format":"[Gen 9] National Dex","log":"|j|\u2606LRR121\n|j|\u2606ULlostToAFemboyy\n|t:|1700157240\n|gametype|singles\n|player|p1|LRR121|blue|1470\n|player|p2|ULlostToAFemboyy|valerie|1492\n|teamsize|p1|6\n|teamsize|p2|6\n|gen|9\n|tier|[Gen 9] National Dex\n|rated|\n|rule|HP Percentage Mod: HP is shown in percentages\n|rule|Endless Battle Clause: Forcing endless battles is banned\n|rule|OHKO Clause: OHKO moves are banned\n|rule|Evasion Clause: Evasion abilities, items, and moves are banned\n|rule|Evasion Abilities Clause: Evasion abilities are banned\n|rule|Evasion Items Clause: Evasion items are banned\n|rule|Evasion Moves Clause: Evasion moves are banned\n|rule|Species Clause: Limit one of each Pok\u00e9mon\n|rule|Sleep Clause Mod: Limit one foe put to sleep\n|clearpoke\n|poke|p1|Clodsire, F|\n|poke|p1|Corviknight, F|\n|poke|p1|Dragonite, M|\n|poke|p1|Medicham, F|\n|poke|p1|Skeledirge, F|\n|poke|p1|Bisharp, F|\n|poke|p2|Sableye, M|\n|poke|p2|Blaziken, M|\n|poke|p2|Empoleon, F|\n|poke|p2|Landorus-Therian, M|\n|poke|p2|Volcarona, F|\n|poke|p2|Tapu Lele|\n|teampreview\n|\n|t:|1700157247\n|start\n|switch|p1a: Bisharp|Bisharp, F|100\/100\n|switch|p2a: Sableye|Sableye, M|100\/100\n|turn|1\n|\n|t:|1700157252\n|move|p2a: Sableye|Will-O-Wisp|p1a: Bisharp\n|-hint|Since gen 7, Dark is immune to Prankster moves.\n|-immune|p1a: Bisharp\n|move|p1a: Bisharp|Knock Off|p2a: Sableye\n|-damage|p2a: Sableye|47\/100\n|\n|upkeep\n|turn|2\n|\n|t:|1700157259\n|switch|p2a: Landorus|Landorus-Therian, M|100\/100\n|-ability|p2a: Landorus|Intimidate|boost\n|-unboost|p1a: Bisharp|atk|1\n|-ability|p1a: Bisharp|Defiant|boost\n|-boost|p1a: Bisharp|atk|2\n|move|p1a: Bisharp|Knock Off|p2a: Landorus\n|-damage|p2a: Landorus|42\/100\n|-damage|p1a: Bisharp|84\/100|[from] item: Rocky Helmet|[of] p2a: Landorus\n|-enditem|p2a: Landorus|Rocky Helmet|[from] move: Knock Off|[of] p1a: Bisharp\n|\n|upkeep\n|turn|3\n|\n|t:|1700157274\n|move|p2a: Landorus|Stealth Rock|p1a: Bisharp\n|-sidestart|p1: LRR121|move: Stealth Rock\n|move|p1a: Bisharp|Iron Head|p2a: Landorus\n|-damage|p2a: Landorus|0 fnt\n|faint|p2a: Landorus\n|\n|upkeep\n|\n|t:|1700157281\n|switch|p2a: Blaziken|Blaziken, M|100\/100\n|turn|4\n|\n|t:|1700157286\n|switch|p1a: Skeledirge|Skeledirge, F|100\/100\n|move|p2a: Blaziken|Swords Dance|p2a: Blaziken\n|-boost|p2a: Blaziken|atk|2\n|\n|-ability|p2a: Blaziken|Speed Boost|boost\n|-boost|p2a: Blaziken|spe|1\n|upkeep\n|turn|5\n|\n|t:|1700157293\n|move|p2a: Blaziken|Knock Off|p1a: Skeledirge\n|-supereffective|p1a: Skeledirge\n|-damage|p1a: Skeledirge|45\/100\n|-enditem|p1a: Skeledirge|Heavy-Duty Boots|[from] move: Knock Off|[of] p2a: Blaziken\n|-damage|p2a: Blaziken|91\/100|[from] item: Life Orb\n|move|p1a: Skeledirge|Torch Song|p2a: Blaziken\n|-resisted|p2a: Blaziken\n|-damage|p2a: Blaziken|66\/100\n|-boost|p1a: Skeledirge|spa|1\n|\n|-ability|p2a: Blaziken|Speed Boost|boost\n|-boost|p2a: Blaziken|spe|1\n|upkeep\n|turn|6\n|\n|t:|1700157299\n|move|p2a: Blaziken|Knock Off|p1a: Skeledirge\n|-supereffective|p1a: Skeledirge\n|-damage|p1a: Skeledirge|10\/100\n|-damage|p2a: Blaziken|56\/100|[from] item: Life Orb\n|move|p1a: Skeledirge|Slack Off|p1a: Skeledirge\n|-heal|p1a: Skeledirge|60\/100\n|\n|-ability|p2a: Blaziken|Speed Boost|boost\n|-boost|p2a: Blaziken|spe|1\n|upkeep\n|turn|7\n|\n|t:|1700157306\n|switch|p2a: Empoleon|Empoleon, F|100\/100\n|move|p1a: Skeledirge|Slack Off|p1a: Skeledirge\n|-heal|p1a: Skeledirge|100\/100\n|\n|upkeep\n|turn|8\n|\n|t:|1700157318\n|switch|p1a: Bisharp|Bisharp, F|84\/100\n|-damage|p1a: Bisharp|78\/100|[from] Stealth Rock\n|move|p2a: Empoleon|Scald|p1a: Bisharp\n|-damage|p1a: Bisharp|54\/100\n|\n|upkeep\n|turn|9\n|\n|t:|1700157327\n|move|p1a: Bisharp|Knock Off|p2a: Empoleon\n|-damage|p2a: Empoleon|49\/100\n|-enditem|p2a: Empoleon|Leftovers|[from] move: Knock Off|[of] p1a: Bisharp\n|move|p2a: Empoleon|Knock Off|p1a: Bisharp\n|-resisted|p1a: Bisharp\n|-damage|p1a: Bisharp|46\/100\n|-enditem|p1a: Bisharp|Eviolite|[from] move: Knock Off|[of] p2a: Empoleon\n|\n|upkeep\n|turn|10\n|\n|t:|1700157350\n|switch|p2a: Volcarona|Volcarona, F|100\/100\n|move|p1a: Bisharp|Sucker Punch||[still]\n|-fail|p1a: Bisharp\n|\n|upkeep\n|turn|11\n|\n|t:|1700157355\n|switch|p1a: Skeledirge|Skeledirge, F|100\/100\n|-damage|p1a: Skeledirge|76\/100|[from] Stealth Rock\n|move|p2a: Volcarona|Quiver Dance|p2a: Volcarona\n|-boost|p2a: Volcarona|spa|1\n|-boost|p2a: Volcarona|spd|1\n|-boost|p2a: Volcarona|spe|1\n|\n|upkeep\n|turn|12\n|\n|t:|1700157363\n|-terastallize|p2a: Volcarona|Water\n|move|p2a: Volcarona|Tera Blast|p1a: Skeledirge|[anim] Tera Blast Water\n|-supereffective|p1a: Skeledirge\n|-damage|p1a: Skeledirge|10\/100\n|move|p1a: Skeledirge|Slack Off|p1a: Skeledirge\n|-heal|p1a: Skeledirge|60\/100\n|\n|upkeep\n|turn|13\n|\n|t:|1700157377\n|switch|p1a: Dragonite|Dragonite, M|100\/100\n|move|p2a: Volcarona|Tera Blast|p1a: Dragonite|[anim] Tera Blast Water\n|-resisted|p1a: Dragonite\n|-damage|p1a: Dragonite|88\/100\n|\n|upkeep\n|turn|14\n|\n|t:|1700157389\n|move|p2a: Volcarona|Bug Buzz|p1a: Dragonite\n|-resisted|p1a: Dragonite\n|-damage|p1a: Dragonite|57\/100\n|move|p1a: Dragonite|Earthquake|p2a: Volcarona\n|-damage|p2a: Volcarona|57\/100\n|\n|upkeep\n|turn|15\n|\n|t:|1700157397\n|move|p2a: Volcarona|Bug Buzz|p1a: Dragonite\n|-resisted|p1a: Dragonite\n|-crit|p1a: Dragonite\n|-damage|p1a: Dragonite|16\/100\n|move|p1a: Dragonite|Roost|p1a: Dragonite\n|-heal|p1a: Dragonite|67\/100\n|-singleturn|p1a: Dragonite|move: Roost\n|\n|upkeep\n|turn|16\n|\n|t:|1700157401\n|move|p2a: Volcarona|Bug Buzz|p1a: Dragonite\n|-resisted|p1a: Dragonite\n|-damage|p1a: Dragonite|36\/100\n|move|p1a: Dragonite|Roost|p1a: Dragonite\n|-heal|p1a: Dragonite|86\/100\n|-singleturn|p1a: Dragonite|move: Roost\n|\n|upkeep\n|turn|17\n|\n|t:|1700157405\n|move|p2a: Volcarona|Bug Buzz|p1a: Dragonite\n|-resisted|p1a: Dragonite\n|-damage|p1a: Dragonite|57\/100\n|move|p1a: Dragonite|Earthquake|p2a: Volcarona\n|-damage|p2a: Volcarona|11\/100\n|\n|upkeep\n|turn|18\n|\n|t:|1700157409\n|move|p1a: Dragonite|Extreme Speed|p2a: Volcarona\n|-damage|p2a: Volcarona|0 fnt\n|faint|p2a: Volcarona\n|\n|upkeep\n|\n|t:|1700157413\n|switch|p2a: Tapu Lele|Tapu Lele|100\/100\n|-fieldstart|move: Psychic Terrain|[from] ability: Psychic Surge|[of] p2a: Tapu Lele\n|turn|19\n|\n|t:|1700157429\n|move|p2a: Tapu Lele|Moonblast|p1a: Dragonite\n|-supereffective|p1a: Dragonite\n|-damage|p1a: Dragonite|0 fnt\n|faint|p1a: Dragonite\n|\n|upkeep\n|\n|t:|1700157432\n|switch|p1a: Clodsire|Clodsire, F|100\/100\n|-damage|p1a: Clodsire|94\/100|[from] Stealth Rock\n|turn|20\n|\n|t:|1700157443\n|switch|p2a: Sableye|Sableye, M|47\/100\n|move|p1a: Clodsire|Stealth Rock|p2a: Sableye\n|-sidestart|p2: ULlostToAFemboyy|move: Stealth Rock\n|\n|-heal|p1a: Clodsire|100\/100|[from] item: Black Sludge\n|upkeep\n|turn|21\n|\n|t:|1700157451\n|detailschange|p2a: Sableye|Sableye-Mega, M\n|-mega|p2a: Sableye|Sableye|Sablenite\n|move|p2a: Sableye|Recover|p2a: Sableye\n|-heal|p2a: Sableye|97\/100\n|move|p1a: Clodsire|Earthquake|p2a: Sableye\n|-damage|p2a: Sableye|70\/100\n|\n|upkeep\n|turn|22\n|\n|t:|1700157463\n|switch|p1a: Bisharp|Bisharp, F|46\/100\n|-damage|p1a: Bisharp|40\/100|[from] Stealth Rock\n|move|p2a: Sableye|Recover|p2a: Sableye\n|-heal|p2a: Sableye|100\/100\n|\n|upkeep\n|turn|23\n|\n|t:|1700157466\n|move|p1a: Bisharp|Knock Off|p2a: Sableye\n|-damage|p2a: Sableye|68\/100\n|move|p2a: Sableye|Knock Off|p1a: Bisharp\n|-resisted|p1a: Bisharp\n|-damage|p1a: Bisharp|30\/100\n|\n|-fieldend|move: Psychic Terrain\n|upkeep\n|turn|24\n|\n|t:|1700157471\n|move|p1a: Bisharp|Knock Off|p2a: Sableye\n|-damage|p2a: Sableye|36\/100\n|move|p2a: Sableye|Recover|p2a: Sableye\n|-heal|p2a: Sableye|86\/100\n|\n|upkeep\n|turn|25\n|\n|t:|1700157474\n|move|p1a: Bisharp|Knock Off|p2a: Sableye\n|-damage|p2a: Sableye|52\/100\n|move|p2a: Sableye|Knock Off|p1a: Bisharp\n|-resisted|p1a: Bisharp\n|-damage|p1a: Bisharp|18\/100\n|\n|upkeep\n|turn|26\n|\n|t:|1700157477\n|move|p1a: Bisharp|Knock Off|p2a: Sableye\n|-damage|p2a: Sableye|19\/100\n|move|p2a: Sableye|Recover|p2a: Sableye\n|-heal|p2a: Sableye|69\/100\n|\n|upkeep\n|turn|27\n|\n|t:|1700157480\n|move|p1a: Bisharp|Knock Off|p2a: Sableye\n|-damage|p2a: Sableye|33\/100\n|move|p2a: Sableye|Recover|p2a: Sableye\n|-heal|p2a: Sableye|83\/100\n|\n|upkeep\n|turn|28\n|\n|t:|1700157485\n|move|p1a: Bisharp|Swords Dance|p1a: Bisharp\n|-boost|p1a: Bisharp|atk|2\n|move|p2a: Sableye|Knock Off|p1a: Bisharp\n|-resisted|p1a: Bisharp\n|-damage|p1a: Bisharp|6\/100\n|\n|upkeep\n|turn|29\n|\n|t:|1700157488\n|move|p1a: Bisharp|Knock Off|p2a: Sableye\n|-damage|p2a: Sableye|13\/100\n|move|p2a: Sableye|Knock Off|p1a: Bisharp\n|-resisted|p1a: Bisharp\n|-damage|p1a: Bisharp|0 fnt\n|faint|p1a: Bisharp\n|\n|upkeep\n|\n|t:|1700157510\n|switch|p1a: Medicham|Medicham, F|100\/100\n|-damage|p1a: Medicham|94\/100|[from] Stealth Rock\n|turn|30\n|\n|t:|1700157518\n|detailschange|p1a: Medicham|Medicham-Mega, F\n|-mega|p1a: Medicham|Medicham|Medichamite\n|move|p1a: Medicham|Ice Punch|p2a: Sableye\n|-damage|p2a: Sableye|0 fnt\n|faint|p2a: Sableye\n|\n|upkeep\n|\n|t:|1700157522\n|switch|p2a: Tapu Lele|Tapu Lele|100\/100\n|-damage|p2a: Tapu Lele|88\/100|[from] Stealth Rock\n|-fieldstart|move: Psychic Terrain|[from] ability: Psychic Surge|[of] p2a: Tapu Lele\n|turn|31\n|\n|t:|1700157543\n|move|p2a: Tapu Lele|Psyshock|p1a: Medicham\n|-damage|p1a: Medicham|9\/100\n|move|p1a: Medicham|Close Combat|p2a: Tapu Lele\n|-resisted|p2a: Tapu Lele\n|-damage|p2a: Tapu Lele|50\/100\n|-unboost|p1a: Medicham|def|1\n|-unboost|p1a: Medicham|spd|1\n|\n|upkeep\n|turn|32\n|\n|t:|1700157551\n|move|p2a: Tapu Lele|Psyshock|p1a: Medicham\n|-damage|p1a: Medicham|0 fnt\n|faint|p1a: Medicham\n|\n|upkeep\n|\n|t:|1700157558\n|switch|p1a: Corviknight|Corviknight, F|100\/100\n|-damage|p1a: Corviknight|88\/100|[from] Stealth Rock\n|-ability|p1a: Corviknight|Pressure\n|turn|33\n|\n|t:|1700157562\n|switch|p2a: Empoleon|Empoleon, F|49\/100\n|-damage|p2a: Empoleon|42\/100|[from] Stealth Rock\n|move|p1a: Corviknight|Body Press|p2a: Empoleon\n|-supereffective|p2a: Empoleon\n|-crit|p2a: Empoleon\n|-damage|p2a: Empoleon|0 fnt\n|faint|p2a: Empoleon\n|\n|-heal|p1a: Corviknight|94\/100|[from] item: Leftovers\n|upkeep\n|\n|t:|1700157565\n|switch|p2a: Blaziken|Blaziken, M|56\/100\n|-damage|p2a: Blaziken|44\/100|[from] Stealth Rock\n|turn|34\n|\n|t:|1700157570\n|switch|p1a: Skeledirge|Skeledirge, F|60\/100\n|-damage|p1a: Skeledirge|35\/100|[from] Stealth Rock\n|move|p2a: Blaziken|Flare Blitz|p1a: Skeledirge\n|-resisted|p1a: Skeledirge\n|-damage|p1a: Skeledirge|9\/100\n|-damage|p2a: Blaziken|33\/100|[from] Recoil\n|-damage|p2a: Blaziken|23\/100|[from] item: Life Orb\n|\n|-ability|p2a: Blaziken|Speed Boost|boost\n|-boost|p2a: Blaziken|spe|1\n|upkeep\n|turn|35\n|\n|t:|1700157579\n|move|p2a: Blaziken|Knock Off|p1a: Skeledirge\n|-supereffective|p1a: Skeledirge\n|-damage|p1a: Skeledirge|0 fnt\n|faint|p1a: Skeledirge\n|-damage|p2a: Blaziken|13\/100|[from] item: Life Orb\n|\n|-fieldend|move: Psychic Terrain\n|-ability|p2a: Blaziken|Speed Boost|boost\n|-boost|p2a: Blaziken|spe|1\n|upkeep\n|\n|t:|1700157581\n|switch|p1a: Clodsire|Clodsire, F|100\/100\n|-damage|p1a: Clodsire|94\/100|[from] Stealth Rock\n|turn|36\n|\n|t:|1700157589\n|move|p2a: Blaziken|Flare Blitz|p1a: Clodsire\n|-damage|p1a: Clodsire|8\/100\n|-damage|p2a: Blaziken|0 fnt|[from] Recoil\n|faint|p2a: Blaziken\n|move|p1a: Clodsire|Toxic|p2: Blaziken|[notarget]\n|-fail|p1a: Clodsire\n|\n|-heal|p1a: Clodsire|15\/100|[from] item: Black Sludge\n|upkeep\n|\n|t:|1700157592\n|switch|p2a: Tapu Lele|Tapu Lele|50\/100\n|-damage|p2a: Tapu Lele|37\/100|[from] Stealth Rock\n|-fieldstart|move: Psychic Terrain|[from] ability: Psychic Surge|[of] p2a: Tapu Lele\n|turn|37\n|\n|t:|1700157596\n|move|p2a: Tapu Lele|Psychic|p1a: Clodsire\n|-supereffective|p1a: Clodsire\n|-damage|p1a: Clodsire|0 fnt\n|faint|p1a: Clodsire\n|\n|upkeep\n|\n|t:|1700157599\n|switch|p1a: Corviknight|Corviknight, F|94\/100\n|-damage|p1a: Corviknight|82\/100|[from] Stealth Rock\n|-ability|p1a: Corviknight|Pressure\n|turn|38\n|\n|t:|1700157604\n|move|p2a: Tapu Lele|Psychic|p1a: Corviknight\n|-resisted|p1a: Corviknight\n|-crit|p1a: Corviknight\n|-damage|p1a: Corviknight|39\/100\n|-unboost|p1a: Corviknight|spd|1\n|move|p1a: Corviknight|Body Press|p2a: Tapu Lele\n|-resisted|p2a: Tapu Lele\n|-damage|p2a: Tapu Lele|28\/100\n|\n|-heal|p1a: Corviknight|45\/100|[from] item: Leftovers\n|upkeep\n|turn|39\n|inactive|Battle timer is ON: inactive players will automatically lose when time's up. (requested by ULlostToAFemboyy)\n|\n|t:|1700157621\n|move|p2a: Tapu Lele|Psychic|p1a: Corviknight\n|-resisted|p1a: Corviknight\n|-damage|p1a: Corviknight|0 fnt\n|faint|p1a: Corviknight\n|\n|win|ULlostToAFemboyy\n|raw|LRR121's rating: 1470 &rarr; <strong>1451<\/strong><br \/>(-19 for losing)\n|raw|ULlostToAFemboyy's rating: 1492 &rarr; <strong>1511<\/strong><br \/>(+19 for winning)\n|c|\u2606ULlostToAFemboyy|Ggs\n","uploadtime":1700157633,"views":4,"p1id":"lrr121","p2id":"ullosttoafemboyy","formatid":"gen9nationaldex","rating":1451,"private":0,"password":""}