{"id":"gen9nationaldex-1993966589","p1":"BasicGirly","p2":"Clawraptor","format":"[Gen 9] National Dex","log":"|j|\u2606BasicGirly\n|j|\u2606Clawraptor\n|t:|1700384537\n|gametype|singles\n|player|p1|BasicGirly|pokemonbreederf-gen4|1208\n|player|p2|Clawraptor|nate|1233\n|teamsize|p1|6\n|teamsize|p2|6\n|gen|9\n|tier|[Gen 9] National Dex\n|rated|\n|rule|HP Percentage Mod: HP is shown in percentages\n|rule|Endless Battle Clause: Forcing endless battles is banned\n|rule|OHKO Clause: OHKO moves are banned\n|rule|Evasion Clause: Evasion abilities, items, and moves are banned\n|rule|Evasion Abilities Clause: Evasion abilities are banned\n|rule|Evasion Items Clause: Evasion items are banned\n|rule|Evasion Moves Clause: Evasion moves are banned\n|rule|Species Clause: Limit one of each Pok\u00e9mon\n|rule|Sleep Clause Mod: Limit one foe put to sleep\n|clearpoke\n|poke|p1|Hippowdon, M|\n|poke|p1|Garchomp, M|\n|poke|p1|Clodsire, M|\n|poke|p1|Great Tusk|\n|poke|p1|Gliscor, M|\n|poke|p1|Sandaconda, F|\n|poke|p2|Corsola-Galar, F|\n|poke|p2|Latios, M|\n|poke|p2|Kommo-o, M|\n|poke|p2|Espeon, F|\n|poke|p2|Clefable, F|\n|poke|p2|Polteageist|\n|teampreview\n|inactive|Battle timer is ON: inactive players will automatically lose when time's up. (requested by Clawraptor)\n|inactive|BasicGirly has 120 seconds left.\n|\n|t:|1700384587\n|start\n|switch|p1a: Sandaconda|Sandaconda, F|100\/100\n|switch|p2a: Latios|Latios, M, shiny|100\/100\n|turn|1\n|\n|t:|1700384595\n|move|p2a: Latios|Light Screen|p2a: Latios\n|-sidestart|p2: Clawraptor|move: Light Screen\n|move|p1a: Sandaconda|Glare|p2a: Latios\n|-status|p2a: Latios|par\n|\n|upkeep\n|turn|2\n|\n|t:|1700384601\n|move|p1a: Sandaconda|Stealth Rock|p2a: Latios\n|-sidestart|p2: Clawraptor|move: Stealth Rock\n|move|p2a: Latios|Reflect|p2a: Latios\n|-sidestart|p2: Clawraptor|Reflect\n|\n|upkeep\n|turn|3\n|\n|t:|1700384606\n|move|p1a: Sandaconda|Body Press|p2a: Latios\n|-resisted|p2a: Latios\n|-damage|p2a: Latios|92\/100 par\n|move|p2a: Latios|Memento|p1a: Sandaconda\n|-unboost|p1a: Sandaconda|atk|2\n|-unboost|p1a: Sandaconda|spa|2\n|faint|p2a: Latios\n|\n|upkeep\n|\n|t:|1700384616\n|switch|p2a: Kommo-o|Kommo-o, M|100\/100\n|-damage|p2a: Kommo-o|94\/100|[from] Stealth Rock\n|turn|4\n|\n|t:|1700384620\n|move|p2a: Kommo-o|Substitute|p2a: Kommo-o\n|-start|p2a: Kommo-o|Substitute\n|-damage|p2a: Kommo-o|70\/100\n|move|p1a: Sandaconda|Glare||[still]\n|-fail|p1a: Sandaconda\n|\n|upkeep\n|turn|5\n|\n|t:|1700384626\n|move|p2a: Kommo-o|Belly Drum|p2a: Kommo-o\n|-damage|p2a: Kommo-o|20\/100\n|-setboost|p2a: Kommo-o|atk|6|[from] move: Belly Drum\n|-enditem|p2a: Kommo-o|Salac Berry|[eat]\n|-boost|p2a: Kommo-o|spe|1|[from] item: Salac Berry\n|move|p1a: Sandaconda|Body Press|p2a: Kommo-o\n|-activate|p2a: Kommo-o|move: Substitute|[damage]\n|\n|upkeep\n|turn|6\n|\n|t:|1700384636\n|move|p2a: Kommo-o|Drain Punch|p1a: Sandaconda\n|-damage|p1a: Sandaconda|20\/100\n|-heal|p2a: Kommo-o|63\/100|[from] drain|[of] p1a: Sandaconda\n|-weather|Sandstorm|[from] ability: Sand Spit|[of] p1a: Sandaconda\n|-enditem|p1a: Sandaconda|Eject Button\n|\n|t:|1700384665\n|switch|p1a: Gliscor|Gliscor, M|100\/100\n|\n|-weather|Sandstorm|[upkeep]\n|-damage|p2a: Kommo-o|57\/100|[from] Sandstorm\n|-status|p1a: Gliscor|tox|[from] item: Toxic Orb\n|upkeep\n|turn|7\n|\n|t:|1700384673\n|move|p2a: Kommo-o|Drain Punch|p1a: Gliscor\n|-resisted|p1a: Gliscor\n|-damage|p1a: Gliscor|52\/100 tox\n|-heal|p2a: Kommo-o|83\/100|[from] drain|[of] p1a: Gliscor\n|move|p1a: Gliscor|Defog|p2a: Kommo-o\n|-sideend|p2: Clawraptor|Reflect\n|-sideend|p2: Clawraptor|move: Light Screen\n|-sideend|p2: Clawraptor|Stealth Rock|[from] move: Defog|[of] p1a: Gliscor\n|\n|-weather|Sandstorm|[upkeep]\n|-damage|p2a: Kommo-o|77\/100|[from] Sandstorm\n|-heal|p1a: Gliscor|65\/100 tox|[from] ability: Poison Heal\n|upkeep\n|turn|8\n|\n|t:|1700384685\n|move|p2a: Kommo-o|Drain Punch|p1a: Gliscor\n|-resisted|p1a: Gliscor\n|-damage|p1a: Gliscor|16\/100 tox\n|-heal|p2a: Kommo-o|100\/100|[from] drain|[of] p1a: Gliscor\n|move|p1a: Gliscor|Earthquake|p2a: Kommo-o\n|-end|p2a: Kommo-o|Substitute\n|\n|-weather|Sandstorm|[upkeep]\n|-damage|p2a: Kommo-o|94\/100|[from] Sandstorm\n|-heal|p1a: Gliscor|28\/100 tox|[from] ability: Poison Heal\n|upkeep\n|turn|9\n|\n|t:|1700384697\n|move|p2a: Kommo-o|Drain Punch|p1a: Gliscor\n|-resisted|p1a: Gliscor\n|-damage|p1a: Gliscor|0 fnt\n|-heal|p2a: Kommo-o|100\/100|[from] drain|[of] p1a: Gliscor\n|faint|p1a: Gliscor\n|\n|-weather|Sandstorm|[upkeep]\n|-damage|p2a: Kommo-o|94\/100|[from] Sandstorm\n|upkeep\n|\n|t:|1700384707\n|switch|p1a: Hippowdon|Hippowdon, M|100\/100\n|turn|10\n|\n|t:|1700384711\n|move|p2a: Kommo-o|Drain Punch|p1a: Hippowdon\n|-crit|p1a: Hippowdon\n|-damage|p1a: Hippowdon|4\/100\n|-heal|p2a: Kommo-o|100\/100|[from] drain|[of] p1a: Hippowdon\n|move|p1a: Hippowdon|Earthquake|p2a: Kommo-o\n|-damage|p2a: Kommo-o|67\/100\n|\n|-weather|none\n|upkeep\n|turn|11\n|\n|t:|1700384720\n|move|p2a: Kommo-o|Drain Punch|p1a: Hippowdon\n|-damage|p1a: Hippowdon|0 fnt\n|-heal|p2a: Kommo-o|69\/100|[from] drain|[of] p1a: Hippowdon\n|faint|p1a: Hippowdon\n|\n|upkeep\n|\n|t:|1700384725\n|switch|p1a: Garchomp|Garchomp, M|100\/100\n|turn|12\n|\n|t:|1700384733\n|move|p2a: Kommo-o|Drain Punch|p1a: Garchomp\n|-damage|p1a: Garchomp|0 fnt\n|-heal|p2a: Kommo-o|100\/100|[from] drain|[of] p1a: Garchomp\n|-damage|p2a: Kommo-o|88\/100|[from] ability: Rough Skin|[of] p1a: Garchomp\n|faint|p1a: Garchomp\n|\n|upkeep\n|-message|BasicGirly forfeited.\n|\n|win|Clawraptor\n|raw|BasicGirly's rating: 1208 &rarr; <strong>1185<\/strong><br \/>(-23 for losing)\n|raw|Clawraptor's rating: 1233 &rarr; <strong>1256<\/strong><br \/>(+23 for winning)\n|l|\u2606BasicGirly\n","uploadtime":1700384743,"views":6,"p1id":"basicgirly","p2id":"clawraptor","formatid":"gen9nationaldex","rating":1185,"private":0,"password":""}