{"id":"gen9nationaldex-1998876888","p1":"Donato Fallito","p2":"qfdyy","format":"[Gen 9] National Dex","log":"|html|<div class=\"broadcast-blue\"><strong>[Gen 9] National Dex is currently suspecting Sneasler! For information on how to participate check out the <a href=\"https:\/\/www.smogon.com\/forums\/threads\/sv-national-dex-suspect-8-just-dance.3731534\/\">suspect thread<\/a>.<\/strong><\/div>\n|j|\u2606Donato Fallito\n|j|\u2606qfdyy\n|t:|1701007239\n|gametype|singles\n|player|p1|Donato Fallito|hiker-gen4|1280\n|player|p2|qfdyy|170|1180\n|teamsize|p1|6\n|teamsize|p2|6\n|gen|9\n|tier|[Gen 9] National Dex\n|rated|\n|rule|HP Percentage Mod: HP is shown in percentages\n|rule|Endless Battle Clause: Forcing endless battles is banned\n|rule|OHKO Clause: OHKO moves are banned\n|rule|Evasion Clause: Evasion abilities, items, and moves are banned\n|rule|Evasion Abilities Clause: Evasion abilities are banned\n|rule|Evasion Items Clause: Evasion items are banned\n|rule|Evasion Moves Clause: Evasion moves are banned\n|rule|Species Clause: Limit one of each Pok\u00e9mon\n|rule|Sleep Clause Mod: Limit one foe put to sleep\n|clearpoke\n|poke|p1|Garganacl, M|\n|poke|p1|Dachsbun, M|\n|poke|p1|Drednaw, M|\n|poke|p1|Tornadus, M|\n|poke|p1|Hawlucha, M|\n|poke|p1|Victini|\n|poke|p2|Charizard, F|\n|poke|p2|Heatran, F|\n|poke|p2|Skeledirge, F|\n|poke|p2|Cinderace, F|\n|poke|p2|Iron Moth|\n|poke|p2|Arcanine-Hisui, F|\n|teampreview\n|inactive|Battle timer is ON: inactive players will automatically lose when time's up. (requested by qfdyy)\n|\n|t:|1701007248\n|start\n|switch|p1a: You cannot beat us|Victini|100\/100\n|switch|p2a: Heatran|Heatran, F|100\/100\n|-item|p2a: Heatran|Air Balloon\n|turn|1\n|\n|t:|1701007255\n|move|p1a: You cannot beat us|Final Gambit|p2a: Heatran\n|-damage|p2a: Heatran|12\/100\n|-enditem|p2a: Heatran|Air Balloon\n|faint|p1a: You cannot beat us\n|move|p2a: Heatran|Earth Power|p1: You cannot beat us|[notarget]\n|-fail|p2a: Heatran\n|\n|upkeep\n|\n|t:|1701007266\n|switch|p1a: Smick|Hawlucha, M|100\/100\n|turn|2\n|\n|t:|1701007282\n|move|p1a: Smick|Throat Chop|p2a: Heatran\n|-damage|p2a: Heatran|0 fnt\n|faint|p2a: Heatran\n|\n|upkeep\n|\n|t:|1701007290\n|switch|p2a: Arcanine|Arcanine-Hisui, F|100\/100\n|turn|3\n|\n|t:|1701007298\n|move|p1a: Smick|Close Combat|p2a: Arcanine\n|-supereffective|p2a: Arcanine\n|-crit|p2a: Arcanine\n|-damage|p2a: Arcanine|0 fnt\n|-unboost|p1a: Smick|def|1\n|-unboost|p1a: Smick|spd|1\n|-enditem|p1a: Smick|White Herb\n|-clearnegativeboost|p1a: Smick|[silent]\n|faint|p2a: Arcanine\n|\n|upkeep\n|\n|t:|1701007301\n|switch|p2a: Charizard|Charizard, F|100\/100\n|turn|4\n|\n|t:|1701007308\n|detailschange|p2a: Charizard|Charizard-Mega-Y, F\n|-mega|p2a: Charizard|Charizard|Charizardite Y\n|-weather|SunnyDay|[from] ability: Drought|[of] p2a: Charizard\n|move|p1a: Smick|Acrobatics|p2a: Charizard\n|-damage|p2a: Charizard|35\/100\n|move|p2a: Charizard|Fire Blast|p1a: Smick\n|-damage|p1a: Smick|0 fnt\n|faint|p1a: Smick\n|\n|-weather|SunnyDay|[upkeep]\n|upkeep\n|\n|t:|1701007320\n|switch|p1a: Lakitu|Tornadus, M|100\/100\n|turn|5\n|\n|t:|1701007325\n|move|p1a: Lakitu|Sludge Bomb|p2a: Charizard\n|-damage|p2a: Charizard|3\/100\n|move|p2a: Charizard|Ancient Power|p1a: Lakitu\n|-supereffective|p1a: Lakitu\n|-damage|p1a: Lakitu|28\/100\n|\n|-weather|SunnyDay|[upkeep]\n|upkeep\n|turn|6\n|\n|t:|1701007334\n|move|p1a: Lakitu|Sludge Bomb|p2a: Charizard\n|-damage|p2a: Charizard|0 fnt\n|faint|p2a: Charizard\n|\n|-weather|SunnyDay|[upkeep]\n|upkeep\n|\n|t:|1701007337\n|switch|p2a: Iron Moth|Iron Moth|100\/100\n|turn|7\n|\n|t:|1701007343\n|move|p2a: Iron Moth|Fiery Dance|p1a: Lakitu\n|-damage|p1a: Lakitu|0 fnt\n|-boost|p2a: Iron Moth|spa|1\n|faint|p1a: Lakitu\n|\n|-weather|SunnyDay|[upkeep]\n|upkeep\n|\n|t:|1701007348\n|switch|p1a: We are Nintendo|Garganacl, M|100\/100\n|turn|8\n|\n|t:|1701007359\n|-terastallize|p1a: We are Nintendo|Ghost\n|move|p2a: Iron Moth|Fiery Dance|p1a: We are Nintendo\n|-damage|p1a: We are Nintendo|37\/100\n|-boost|p2a: Iron Moth|spa|1\n|move|p1a: We are Nintendo|Salt Cure|p2a: Iron Moth\n|-supereffective|p2a: Iron Moth\n|-damage|p2a: Iron Moth|48\/100\n|-start|p2a: Iron Moth|Salt Cure\n|\n|-weather|none\n|-heal|p1a: We are Nintendo|43\/100|[from] item: Leftovers\n|-damage|p2a: Iron Moth|36\/100|[from] Salt Cure\n|upkeep\n|turn|9\n|\n|t:|1701007372\n|switch|p1a: Duck Hunt|Dachsbun, M|100\/100\n|move|p2a: Iron Moth|Fiery Dance|p1a: Duck Hunt\n|-ability|p1a: Duck Hunt|Well-Baked Body|boost\n|-boost|p1a: Duck Hunt|def|2\n|\n|-damage|p2a: Iron Moth|23\/100|[from] Salt Cure\n|upkeep\n|turn|10\n|\n|t:|1701007379\n|-end|p2a: Iron Moth|Quark Drive|[silent]\n|switch|p2a: Cinderace|Cinderace, F|100\/100\n|switch|p1a: We are Nintendo|Garganacl, M, tera:Ghost|43\/100\n|\n|-heal|p1a: We are Nintendo|50\/100|[from] item: Leftovers\n|upkeep\n|turn|11\n|\n|t:|1701007392\n|move|p2a: Cinderace|Pyro Ball|p1a: We are Nintendo\n|-damage|p1a: We are Nintendo|9\/100\n|move|p1a: We are Nintendo|Recover|p1a: We are Nintendo\n|-heal|p1a: We are Nintendo|59\/100\n|\n|-heal|p1a: We are Nintendo|66\/100|[from] item: Leftovers\n|upkeep\n|turn|12\n|\n|t:|1701007398\n|move|p2a: Cinderace|U-turn|p1a: We are Nintendo\n|-start|p2a: Cinderace|typechange|Bug|[from] ability: Libero\n|-resisted|p1a: We are Nintendo\n|-damage|p1a: We are Nintendo|53\/100\n|\n|t:|1701007401\n|switch|p2a: Skeledirge|Skeledirge, F|100\/100|[from] U-turn\n|move|p1a: We are Nintendo|Recover|p1a: We are Nintendo\n|-heal|p1a: We are Nintendo|100\/100\n|\n|upkeep\n|turn|13\n|\n|t:|1701007409\n|-terastallize|p2a: Skeledirge|Fairy\n|move|p2a: Skeledirge|Will-O-Wisp|p1a: We are Nintendo\n|-immune|p1a: We are Nintendo|[from] ability: Purifying Salt\n|move|p1a: We are Nintendo|Salt Cure|p2a: Skeledirge\n|-damage|p2a: Skeledirge|92\/100\n|-start|p2a: Skeledirge|Salt Cure\n|\n|-heal|p2a: Skeledirge|98\/100|[from] item: Leftovers\n|-damage|p2a: Skeledirge|85\/100|[from] Salt Cure\n|upkeep\n|turn|14\n|\n|t:|1701007430\n|move|p2a: Skeledirge|Hex|p1a: We are Nintendo\n|-supereffective|p1a: We are Nintendo\n|-damage|p1a: We are Nintendo|85\/100\n|move|p1a: We are Nintendo|Body Press|p2a: Skeledirge\n|-resisted|p2a: Skeledirge\n|-damage|p2a: Skeledirge|79\/100\n|\n|-heal|p2a: Skeledirge|85\/100|[from] item: Leftovers\n|-heal|p1a: We are Nintendo|91\/100|[from] item: Leftovers\n|-damage|p2a: Skeledirge|72\/100|[from] Salt Cure\n|upkeep\n|turn|15\n|\n|t:|1701007445\n|move|p2a: Skeledirge|Hex|p1a: We are Nintendo\n|-supereffective|p1a: We are Nintendo\n|-damage|p1a: We are Nintendo|76\/100\n|move|p1a: We are Nintendo|Iron Defense|p1a: We are Nintendo\n|-boost|p1a: We are Nintendo|def|2\n|\n|-heal|p2a: Skeledirge|78\/100|[from] item: Leftovers\n|-heal|p1a: We are Nintendo|82\/100|[from] item: Leftovers\n|-damage|p2a: Skeledirge|66\/100|[from] Salt Cure\n|upkeep\n|turn|16\n|\n|t:|1701007455\n|move|p2a: Skeledirge|Hex|p1a: We are Nintendo\n|-supereffective|p1a: We are Nintendo\n|-damage|p1a: We are Nintendo|66\/100\n|move|p1a: We are Nintendo|Iron Defense|p1a: We are Nintendo\n|-boost|p1a: We are Nintendo|def|2\n|\n|-heal|p2a: Skeledirge|72\/100|[from] item: Leftovers\n|-heal|p1a: We are Nintendo|72\/100|[from] item: Leftovers\n|-damage|p2a: Skeledirge|60\/100|[from] Salt Cure\n|upkeep\n|turn|17\n|\n|t:|1701007467\n|move|p2a: Skeledirge|Slack Off|p2a: Skeledirge\n|-heal|p2a: Skeledirge|100\/100\n|move|p1a: We are Nintendo|Iron Defense|p1a: We are Nintendo\n|-boost|p1a: We are Nintendo|def|2\n|\n|-heal|p1a: We are Nintendo|78\/100|[from] item: Leftovers\n|-damage|p2a: Skeledirge|88\/100|[from] Salt Cure\n|upkeep\n|turn|18\n|\n|t:|1701007476\n|move|p2a: Skeledirge|Hex|p1a: We are Nintendo\n|-supereffective|p1a: We are Nintendo\n|-damage|p1a: We are Nintendo|62\/100\n|move|p1a: We are Nintendo|Body Press|p2a: Skeledirge\n|-resisted|p2a: Skeledirge\n|-damage|p2a: Skeledirge|81\/100\n|\n|-heal|p2a: Skeledirge|87\/100|[from] item: Leftovers\n|-heal|p1a: We are Nintendo|68\/100|[from] item: Leftovers\n|-damage|p2a: Skeledirge|75\/100|[from] Salt Cure\n|upkeep\n|turn|19\n|\n|t:|1701007489\n|move|p2a: Skeledirge|Hex|p1a: We are Nintendo\n|-supereffective|p1a: We are Nintendo\n|-damage|p1a: We are Nintendo|53\/100\n|move|p1a: We are Nintendo|Recover|p1a: We are Nintendo\n|-heal|p1a: We are Nintendo|100\/100\n|\n|-heal|p2a: Skeledirge|81\/100|[from] item: Leftovers\n|-damage|p2a: Skeledirge|68\/100|[from] Salt Cure\n|upkeep\n|turn|20\n|\n|t:|1701007503\n|switch|p2a: Cinderace|Cinderace, F|100\/100\n|move|p1a: We are Nintendo|Salt Cure|p2a: Cinderace\n|-supereffective|p2a: Cinderace\n|-damage|p2a: Cinderace|63\/100\n|-start|p2a: Cinderace|Salt Cure\n|\n|-damage|p2a: Cinderace|50\/100|[from] Salt Cure\n|upkeep\n|turn|21\n|\n|t:|1701007514\n|move|p2a: Cinderace|Pyro Ball|p1a: We are Nintendo\n|-damage|p1a: We are Nintendo|90\/100\n|move|p1a: We are Nintendo|Body Press|p2a: Cinderace\n|-damage|p2a: Cinderace|0 fnt\n|faint|p2a: Cinderace\n|\n|-heal|p1a: We are Nintendo|96\/100|[from] item: Leftovers\n|upkeep\n|\n|t:|1701007517\n|switch|p2a: Iron Moth|Iron Moth|23\/100\n|turn|22\n|\n|t:|1701007520\n|move|p2a: Iron Moth|Sludge Wave|p1a: We are Nintendo\n|-resisted|p1a: We are Nintendo\n|-damage|p1a: We are Nintendo|79\/100\n|move|p1a: We are Nintendo|Salt Cure|p2a: Iron Moth\n|-supereffective|p2a: Iron Moth\n|-damage|p2a: Iron Moth|0 fnt\n|faint|p2a: Iron Moth\n|-end|p2a: Iron Moth|Quark Drive|[silent]\n|\n|-heal|p1a: We are Nintendo|86\/100|[from] item: Leftovers\n|upkeep\n|-message|qfdyy forfeited.\n|\n|win|Donato Fallito\n|raw|Donato Fallito's rating: 1280 &rarr; <strong>1298<\/strong><br \/>(+18 for winning)\n|raw|qfdyy's rating: 1180 &rarr; <strong>1162<\/strong><br \/>(-18 for losing)\n|l|\u2606qfdyy\n","uploadtime":1701007528,"views":6,"p1id":"donatofallito","p2id":"qfdyy","formatid":"gen9nationaldex","rating":1162,"private":0,"password":""}