{"id":"gen9nationaldex-1987005876","p1":"vexolos","p2":"chiriling","format":"[Gen 9] National Dex","log":"|j|\u2606vexolos\n|j|\u2606chiriling\n|t:|1699548392\n|gametype|singles\n|player|p1|vexolos|170|1088\n|player|p2|chiriling|266|1031\n|teamsize|p1|6\n|teamsize|p2|6\n|gen|9\n|tier|[Gen 9] National Dex\n|rated|\n|rule|HP Percentage Mod: HP is shown in percentages\n|rule|Endless Battle Clause: Forcing endless battles is banned\n|rule|OHKO Clause: OHKO moves are banned\n|rule|Evasion Clause: Evasion abilities, items, and moves are banned\n|rule|Evasion Abilities Clause: Evasion abilities are banned\n|rule|Evasion Items Clause: Evasion items are banned\n|rule|Evasion Moves Clause: Evasion moves are banned\n|rule|Species Clause: Limit one of each Pok\u00e9mon\n|rule|Sleep Clause Mod: Limit one foe put to sleep\n|clearpoke\n|poke|p1|Tyranitar, F|\n|poke|p1|Lycanroc, F|\n|poke|p1|Ogerpon-Cornerstone, F|\n|poke|p1|Glimmora, F|\n|poke|p1|Kleavor, M|\n|poke|p1|Coalossal, M|\n|poke|p2|Exeggutor, F|\n|poke|p2|Snorlax, M|\n|poke|p2|Flareon, M|\n|poke|p2|Qwilfish, F|\n|poke|p2|Forretress, M|\n|poke|p2|Ditto|\n|teampreview\n|\n|t:|1699548399\n|start\n|switch|p1a: Tyranitar|Tyranitar, F|100\/100\n|switch|p2a: Forretress|Forretress, M|100\/100\n|-weather|Sandstorm|[from] ability: Sand Stream|[of] p1a: Tyranitar\n|turn|1\n|\n|t:|1699548420\n|move|p1a: Tyranitar|Low Kick|p2a: Forretress\n|-damage|p2a: Forretress|71\/100\n|move|p2a: Forretress|Stealth Rock|p1a: Tyranitar\n|-sidestart|p1: vexolos|move: Stealth Rock\n|\n|-weather|Sandstorm|[upkeep]\n|upkeep\n|turn|2\n|inactive|Battle timer is ON: inactive players will automatically lose when time's up. (requested by vexolos)\n|\n|t:|1699548470\n|switch|p2a: Flareon|Flareon, M|100\/100\n|move|p1a: Tyranitar|Knock Off|p2a: Flareon\n|-damage|p2a: Flareon|12\/100\n|-enditem|p2a: Flareon|Life Orb|[from] move: Knock Off|[of] p1a: Tyranitar\n|\n|-weather|Sandstorm|[upkeep]\n|-damage|p2a: Flareon|6\/100|[from] Sandstorm\n|upkeep\n|turn|3\n|\n|t:|1699548482\n|move|p1a: Tyranitar|Low Kick|p2a: Flareon\n|-damage|p2a: Flareon|0 fnt\n|faint|p2a: Flareon\n|\n|-weather|Sandstorm|[upkeep]\n|upkeep\n|\n|t:|1699548490\n|switch|p2a: Qwilfish|Qwilfish, F|100\/100\n|turn|4\n|\n|t:|1699548504\n|move|p2a: Qwilfish|Rain Dance|p2a: Qwilfish\n|-weather|RainDance\n|move|p1a: Tyranitar|Heavy Slam|p2a: Qwilfish\n|-resisted|p2a: Qwilfish\n|-damage|p2a: Qwilfish|74\/100\n|\n|-weather|RainDance|[upkeep]\n|upkeep\n|turn|5\n|\n|t:|1699548523\n|move|p2a: Qwilfish|Waterfall|p1a: Tyranitar\n|-supereffective|p1a: Tyranitar\n|-damage|p1a: Tyranitar|0 fnt\n|faint|p1a: Tyranitar\n|-damage|p2a: Qwilfish|65\/100|[from] item: Life Orb\n|\n|-weather|RainDance|[upkeep]\n|upkeep\n|inactive|vexolos has 120 seconds left.\n|\n|t:|1699548554\n|switch|p1a: Glimmora|Glimmora, F|100\/100\n|-damage|p1a: Glimmora|88\/100|[from] Stealth Rock\n|-item|p1a: Glimmora|Air Balloon\n|turn|6\n|\n|t:|1699548565\n|move|p2a: Qwilfish|Waterfall|p1a: Glimmora\n|-supereffective|p1a: Glimmora\n|-damage|p1a: Glimmora|0 fnt\n|-enditem|p1a: Glimmora|Air Balloon\n|faint|p1a: Glimmora\n|-damage|p2a: Qwilfish|55\/100|[from] item: Life Orb\n|\n|-weather|RainDance|[upkeep]\n|upkeep\n|\n|t:|1699548576\n|switch|p1a: Ogerpon|Ogerpon-Cornerstone, F|100\/100\n|-damage|p1a: Ogerpon|88\/100|[from] Stealth Rock\n|turn|7\n|\n|t:|1699548603\n|move|p2a: Qwilfish|Poison Jab|p1a: Ogerpon\n|-damage|p1a: Ogerpon|41\/100\n|-status|p1a: Ogerpon|psn\n|-damage|p2a: Qwilfish|45\/100|[from] item: Life Orb\n|move|p1a: Ogerpon|Horn Leech|p2a: Qwilfish\n|-damage|p2a: Qwilfish|0 fnt\n|-heal|p1a: Ogerpon|63\/100 psn|[from] drain|[of] p2a: Qwilfish\n|faint|p2a: Qwilfish\n|\n|-weather|RainDance|[upkeep]\n|-damage|p1a: Ogerpon|50\/100 psn|[from] psn\n|upkeep\n|n|!vexolos|vexolos\n|inactive|chiriling has 120 seconds left.\n|\n|t:|1699548614\n|switch|p2a: Ditto|Ditto|100\/100\n|-transform|p2a: Ditto|p1a: Ogerpon|[from] ability: Imposter\n|turn|8\n|inactive|vexolos has 120 seconds left.\n|inactive|chiriling has 120 seconds left.\n|\n|t:|1699548627\n|move|p2a: Ditto|Swords Dance|p2a: Ditto\n|-boost|p2a: Ditto|atk|2\n|move|p1a: Ogerpon|Superpower|p2a: Ditto\n|-supereffective|p2a: Ditto\n|-ability|p2a: Ditto|Sturdy\n|-damage|p2a: Ditto|1\/100\n|-unboost|p1a: Ogerpon|atk|1\n|-unboost|p1a: Ogerpon|def|1\n|\n|-weather|none\n|-damage|p1a: Ogerpon|38\/100 psn|[from] psn\n|upkeep\n|turn|9\n|inactive|vexolos has 120 seconds left.\n|inactive|chiriling has 120 seconds left.\n|\n|t:|1699548643\n|move|p2a: Ditto|Swords Dance|p2a: Ditto\n|-boost|p2a: Ditto|atk|2\n|move|p1a: Ogerpon|Ivy Cudgel|p2a: Ditto\n|-damage|p2a: Ditto|0 fnt\n|faint|p2a: Ditto\n|\n|-damage|p1a: Ogerpon|26\/100 psn|[from] psn\n|upkeep\n|\n|t:|1699548662\n|switch|p2a: Exeggutor|Exeggutor, F|100\/100\n|turn|10\n|inactive|vexolos has 120 seconds left.\n|\n|t:|1699548676\n|move|p1a: Ogerpon|Horn Leech|p2a: Exeggutor\n|-resisted|p2a: Exeggutor\n|-damage|p2a: Exeggutor|87\/100\n|-heal|p1a: Ogerpon|34\/100 psn|[from] drain|[of] p2a: Exeggutor\n|move|p2a: Exeggutor|Substitute|p2a: Exeggutor\n|-start|p2a: Exeggutor|Substitute\n|-damage|p2a: Exeggutor|62\/100\n|\n|-heal|p2a: Exeggutor|68\/100|[from] item: Leftovers\n|-damage|p1a: Ogerpon|22\/100 psn|[from] psn\n|upkeep\n|turn|11\n|inactive|chiriling has 120 seconds left.\n|inactive|vexolos has 120 seconds left.\n|\n|t:|1699548691\n|move|p1a: Ogerpon|Ivy Cudgel|p2a: Exeggutor\n|-end|p2a: Exeggutor|Substitute\n|move|p2a: Exeggutor|Giga Drain|p1a: Ogerpon\n|-damage|p1a: Ogerpon|0 fnt\n|-heal|p2a: Exeggutor|77\/100|[from] drain|[of] p1a: Ogerpon\n|faint|p1a: Ogerpon\n|\n|-heal|p2a: Exeggutor|83\/100|[from] item: Leftovers\n|upkeep\n|inactive|vexolos has 120 seconds left.\n|\n|t:|1699548701\n|switch|p1a: Kleavor|Kleavor, M|100\/100\n|-damage|p1a: Kleavor|76\/100|[from] Stealth Rock\n|turn|12\n|inactive|vexolos has 120 seconds left.\n|inactive|chiriling has 120 seconds left.\n|\n|t:|1699548709\n|-terastallize|p1a: Kleavor|Bug\n|move|p1a: Kleavor|Night Slash|p2a: Exeggutor\n|-supereffective|p2a: Exeggutor\n|-damage|p2a: Exeggutor|13\/100\n|move|p2a: Exeggutor|Giga Drain|p1a: Kleavor\n|-resisted|p1a: Kleavor\n|-damage|p1a: Kleavor|49\/100\n|-heal|p2a: Exeggutor|24\/100|[from] drain|[of] p1a: Kleavor\n|\n|-heal|p2a: Exeggutor|30\/100|[from] item: Leftovers\n|upkeep\n|turn|13\n|inactive|vexolos has 120 seconds left.\n|inactive|chiriling has 120 seconds left.\n|\n|t:|1699548742\n|switch|p2a: Snorlax|Snorlax, M|100\/100\n|move|p1a: Kleavor|Night Slash|p2a: Snorlax\n|-damage|p2a: Snorlax|68\/100\n|\n|-heal|p2a: Snorlax|74\/100|[from] item: Leftovers\n|upkeep\n|turn|14\n|inactive|vexolos has 120 seconds left.\n|\n|t:|1699548755\n|move|p1a: Kleavor|Night Slash|p2a: Snorlax\n|-damage|p2a: Snorlax|43\/100\n|move|p2a: Snorlax|Body Slam|p1a: Kleavor\n|-damage|p1a: Kleavor|2\/100\n|\n|-heal|p2a: Snorlax|49\/100|[from] item: Leftovers\n|upkeep\n|turn|15\n|\n|t:|1699548763\n|move|p1a: Kleavor|Night Slash|p2a: Snorlax\n|-damage|p2a: Snorlax|16\/100\n|move|p2a: Snorlax|Body Slam|p1a: Kleavor\n|-damage|p1a: Kleavor|0 fnt\n|faint|p1a: Kleavor\n|\n|-heal|p2a: Snorlax|23\/100|[from] item: Leftovers\n|upkeep\n|inactive|vexolos has 120 seconds left.\n|\n|t:|1699548775\n|switch|p1a: Lycanroc|Lycanroc, F|100\/100\n|-damage|p1a: Lycanroc|88\/100|[from] Stealth Rock\n|turn|16\n|inactive|chiriling has 120 seconds left.\n|\n|t:|1699548786\n|move|p1a: Lycanroc|Psychic Fangs|p2a: Snorlax\n|-damage|p2a: Snorlax|0 fnt\n|faint|p2a: Snorlax\n|\n|upkeep\n|\n|t:|1699548791\n|switch|p2a: Exeggutor|Exeggutor, F|30\/100\n|turn|17\n|\n|t:|1699548797\n|move|p1a: Lycanroc|Psychic Fangs|p2a: Exeggutor\n|-resisted|p2a: Exeggutor\n|-damage|p2a: Exeggutor|7\/100\n|move|p2a: Exeggutor|Giga Drain|p1a: Lycanroc\n|-supereffective|p1a: Lycanroc\n|-damage|p1a: Lycanroc|0 fnt\n|-heal|p2a: Exeggutor|43\/100|[from] drain|[of] p1a: Lycanroc\n|faint|p1a: Lycanroc\n|\n|-heal|p2a: Exeggutor|49\/100|[from] item: Leftovers\n|upkeep\n|\n|t:|1699548807\n|switch|p1a: Coalossal|Coalossal, M|100\/100\n|turn|18\n|\n|t:|1699548814\n|move|p2a: Exeggutor|Substitute|p2a: Exeggutor\n|-start|p2a: Exeggutor|Substitute\n|-damage|p2a: Exeggutor|24\/100\n|move|p1a: Coalossal|Flamethrower|p2a: Exeggutor\n|-supereffective|p2a: Exeggutor\n|-end|p2a: Exeggutor|Substitute\n|\n|-heal|p2a: Exeggutor|31\/100|[from] item: Leftovers\n|upkeep\n|turn|19\n|\n|t:|1699548826\n|move|p2a: Exeggutor|Giga Drain|p1a: Coalossal\n|-damage|p1a: Coalossal|69\/100\n|-heal|p2a: Exeggutor|49\/100|[from] drain|[of] p1a: Coalossal\n|move|p1a: Coalossal|Flamethrower|p2a: Exeggutor\n|-supereffective|p2a: Exeggutor\n|-damage|p2a: Exeggutor|0 fnt\n|faint|p2a: Exeggutor\n|\n|upkeep\n|\n|t:|1699548834\n|switch|p2a: Forretress|Forretress, M|71\/100\n|turn|20\n|\n|t:|1699548845\n|move|p1a: Coalossal|Flamethrower|p2a: Forretress\n|-supereffective|p2a: Forretress\n|-damage|p2a: Forretress|0 fnt\n|faint|p2a: Forretress\n|\n|win|vexolos\n|raw|vexolos's rating: 1088 &rarr; <strong>1110<\/strong><br \/>(+22 for winning)\n|raw|chiriling's rating: 1031 &rarr; <strong>1019<\/strong><br \/>(-12 for losing)\n","uploadtime":1699548609,"views":4,"p1id":"vexolos","p2id":"chiriling","formatid":"gen9nationaldex","rating":1019,"private":0,"password":""}