{"id":"gen9nationaldex-1991379117","p1":"JustForSomeFun","p2":"Lilbug0330","format":"[Gen 9] National Dex","log":"|j|\u2606JustForSomeFun\n|j|\u2606Lilbug0330\n|t:|1700072204\n|gametype|singles\n|player|p1|JustForSomeFun|acetrainer-gen4dp|1291\n|player|p2|Lilbug0330|lusamine-nihilego|1371\n|teamsize|p1|6\n|teamsize|p2|6\n|gen|9\n|tier|[Gen 9] National Dex\n|rated|\n|rule|HP Percentage Mod: HP is shown in percentages\n|rule|Endless Battle Clause: Forcing endless battles is banned\n|rule|OHKO Clause: OHKO moves are banned\n|rule|Evasion Clause: Evasion abilities, items, and moves are banned\n|rule|Evasion Abilities Clause: Evasion abilities are banned\n|rule|Evasion Items Clause: Evasion items are banned\n|rule|Evasion Moves Clause: Evasion moves are banned\n|rule|Species Clause: Limit one of each Pok\u00e9mon\n|rule|Sleep Clause Mod: Limit one foe put to sleep\n|clearpoke\n|poke|p1|Gliscor, M|\n|poke|p1|Illumise, F|\n|poke|p1|Scizor, M|\n|poke|p1|Ceruledge, M|\n|poke|p1|Toxapex, F|\n|poke|p1|Tapu Lele|\n|poke|p2|Pelipper, F|\n|poke|p2|Swampert, M|\n|poke|p2|Barraskewda, M|\n|poke|p2|Tornadus-Therian, M|\n|poke|p2|Ferrothorn, F|\n|poke|p2|Kingdra, M|\n|teampreview\n|inactive|Battle timer is ON: inactive players will automatically lose when time's up. (requested by JustForSomeFun)\n|\n|t:|1700072219\n|start\n|switch|p1a: Tapu Lele|Tapu Lele|100\/100\n|switch|p2a: Barraskewda|Barraskewda, M|100\/100\n|-fieldstart|move: Psychic Terrain|[from] ability: Psychic Surge|[of] p1a: Tapu Lele\n|turn|1\n|\n|t:|1700072226\n|switch|p2a: Tornadus|Tornadus-Therian, M|100\/100\n|move|p1a: Tapu Lele|Psyshock|p2a: Tornadus\n|-damage|p2a: Tornadus|20\/100\n|-damage|p1a: Tapu Lele|91\/100|[from] item: Life Orb\n|\n|upkeep\n|turn|2\n|\n|t:|1700072233\n|switch|p2a: Ferrothorn|Ferrothorn, F|100\/100\n|move|p1a: Tapu Lele|Psyshock|p2a: Ferrothorn\n|-resisted|p2a: Ferrothorn\n|-crit|p2a: Ferrothorn\n|-damage|p2a: Ferrothorn|69\/100\n|-damage|p1a: Tapu Lele|81\/100|[from] item: Life Orb\n|\n|upkeep\n|turn|3\n|\n|t:|1700072238\n|switch|p1a: Ceruledge|Ceruledge, M|100\/100\n|move|p2a: Ferrothorn|Leech Seed|p1a: Ceruledge\n|-start|p1a: Ceruledge|move: Leech Seed\n|\n|-damage|p1a: Ceruledge|88\/100|[from] Leech Seed|[of] p2a: Ferrothorn\n|-heal|p2a: Ferrothorn|79\/100|[silent]\n|upkeep\n|turn|4\n|\n|t:|1700072245\n|switch|p2a: Pelipper|Pelipper, F|100\/100\n|-weather|RainDance|[from] ability: Drizzle|[of] p2a: Pelipper\n|move|p1a: Ceruledge|Bitter Blade|p2a: Pelipper\n|-resisted|p2a: Pelipper\n|-damage|p2a: Pelipper|92\/100\n|-heal|p1a: Ceruledge|93\/100|[from] drain|[of] p2a: Pelipper\n|\n|-weather|RainDance|[upkeep]\n|-damage|p1a: Ceruledge|80\/100|[from] Leech Seed|[of] p2a: Pelipper\n|-heal|p2a: Pelipper|100\/100|[silent]\n|upkeep\n|turn|5\n|\n|t:|1700072251\n|switch|p1a: Illumise|Illumise, F|100\/100\n|move|p2a: Pelipper|U-turn|p1a: Illumise\n|-damage|p1a: Illumise|89\/100\n|-enditem|p1a: Illumise|Eject Button\n|\n|t:|1700072258\n|switch|p1a: Tapu Lele|Tapu Lele|81\/100\n|\n|-weather|RainDance|[upkeep]\n|-fieldend|move: Psychic Terrain\n|upkeep\n|turn|6\n|\n|t:|1700072261\n|switch|p2a: Ferrothorn|Ferrothorn, F|79\/100\n|move|p1a: Tapu Lele|Psyshock|p2a: Ferrothorn\n|-resisted|p2a: Ferrothorn\n|-crit|p2a: Ferrothorn\n|-damage|p2a: Ferrothorn|57\/100\n|-damage|p1a: Tapu Lele|71\/100|[from] item: Life Orb\n|\n|-weather|RainDance|[upkeep]\n|upkeep\n|turn|7\n|\n|t:|1700072275\n|switch|p1a: Gliscor|Gliscor, M|100\/100\n|move|p2a: Ferrothorn|Stealth Rock|p1a: Gliscor\n|-sidestart|p1: JustForSomeFun|move: Stealth Rock\n|\n|-weather|RainDance|[upkeep]\n|-status|p1a: Gliscor|tox|[from] item: Toxic Orb\n|upkeep\n|turn|8\n|\n|t:|1700072281\n|move|p1a: Gliscor|Spikes|p2a: Ferrothorn\n|-sidestart|p2: Lilbug0330|Spikes\n|move|p2a: Ferrothorn|Leech Seed|p1a: Gliscor\n|-start|p1a: Gliscor|move: Leech Seed\n|\n|-weather|RainDance|[upkeep]\n|-damage|p1a: Gliscor|88\/100 tox|[from] Leech Seed|[of] p2a: Ferrothorn\n|-heal|p2a: Ferrothorn|69\/100|[silent]\n|-heal|p1a: Gliscor|100\/100 tox|[from] ability: Poison Heal\n|upkeep\n|turn|9\n|\n|t:|1700072288\n|switch|p2a: Kingdra|Kingdra, M|100\/100\n|-damage|p2a: Kingdra|88\/100|[from] Spikes\n|move|p1a: Gliscor|Spikes|p2a: Kingdra\n|-sidestart|p2: Lilbug0330|Spikes\n|\n|-weather|RainDance|[upkeep]\n|-damage|p1a: Gliscor|88\/100 tox|[from] Leech Seed|[of] p2a: Kingdra\n|-heal|p2a: Kingdra|100\/100|[silent]\n|-heal|p1a: Gliscor|100\/100 tox|[from] ability: Poison Heal\n|upkeep\n|turn|10\n|\n|t:|1700072298\n|move|p1a: Gliscor|Protect|p1a: Gliscor\n|-singleturn|p1a: Gliscor|Protect\n|move|p2a: Kingdra|Focus Energy|p2a: Kingdra\n|-start|p2a: Kingdra|move: Focus Energy\n|\n|-weather|RainDance|[upkeep]\n|-damage|p1a: Gliscor|88\/100 tox|[from] Leech Seed|[of] p2a: Kingdra\n|-heal|p1a: Gliscor|100\/100 tox|[from] ability: Poison Heal\n|upkeep\n|turn|11\n|\n|t:|1700072302\n|switch|p1a: Toxapex|Toxapex, F|100\/100\n|-damage|p1a: Toxapex|88\/100|[from] Stealth Rock\n|move|p2a: Kingdra|Draco Meteor|p1a: Toxapex\n|-crit|p1a: Toxapex\n|-damage|p1a: Toxapex|16\/100\n|-unboost|p2a: Kingdra|spa|2\n|\n|-weather|none\n|-heal|p1a: Toxapex|22\/100|[from] item: Black Sludge\n|upkeep\n|turn|12\n|\n|t:|1700072311\n|move|p1a: Toxapex|Baneful Bunker|p1a: Toxapex\n|-singleturn|p1a: Toxapex|move: Protect\n|move|p2a: Kingdra|Surf|p1a: Toxapex\n|-activate|p1a: Toxapex|move: Protect\n|\n|-heal|p1a: Toxapex|28\/100|[from] item: Black Sludge\n|upkeep\n|turn|13\n|\n|t:|1700072320\n|move|p2a: Kingdra|Hurricane|p1a: Toxapex|[miss]\n|-miss|p2a: Kingdra|p1a: Toxapex\n|move|p1a: Toxapex|Toxic|p2a: Kingdra\n|-status|p2a: Kingdra|tox\n|\n|-heal|p1a: Toxapex|34\/100|[from] item: Black Sludge\n|-damage|p2a: Kingdra|94\/100 tox|[from] psn\n|upkeep\n|turn|14\n|\n|t:|1700072328\n|move|p1a: Toxapex|Baneful Bunker|p1a: Toxapex\n|-singleturn|p1a: Toxapex|move: Protect\n|move|p2a: Kingdra|Draco Meteor|p1a: Toxapex\n|-activate|p1a: Toxapex|move: Protect\n|\n|-heal|p1a: Toxapex|40\/100|[from] item: Black Sludge\n|-damage|p2a: Kingdra|82\/100 tox|[from] psn\n|upkeep\n|turn|15\n|\n|t:|1700072340\n|switch|p1a: Tapu Lele|Tapu Lele|71\/100\n|-damage|p1a: Tapu Lele|58\/100|[from] Stealth Rock\n|-fieldstart|move: Psychic Terrain|[from] ability: Psychic Surge|[of] p1a: Tapu Lele\n|move|p2a: Kingdra|Hurricane|p1a: Tapu Lele|[miss]\n|-miss|p2a: Kingdra|p1a: Tapu Lele\n|\n|-damage|p2a: Kingdra|63\/100 tox|[from] psn\n|upkeep\n|turn|16\n|\n|t:|1700072349\n|switch|p2a: Pelipper|Pelipper, F|100\/100\n|-weather|RainDance|[from] ability: Drizzle|[of] p2a: Pelipper\n|move|p1a: Tapu Lele|Moonblast|p2a: Pelipper\n|-damage|p2a: Pelipper|1\/100\n|-unboost|p2a: Pelipper|spa|1\n|-damage|p1a: Tapu Lele|48\/100|[from] item: Life Orb\n|\n|-weather|RainDance|[upkeep]\n|upkeep\n|turn|17\n|\n|t:|1700072355\n|switch|p2a: Kingdra|Kingdra, M|63\/100 tox\n|-damage|p2a: Kingdra|47\/100 tox|[from] Spikes\n|move|p1a: Tapu Lele|Moonblast|p2a: Kingdra\n|-supereffective|p2a: Kingdra\n|-damage|p2a: Kingdra|0 fnt\n|faint|p2a: Kingdra\n|-damage|p1a: Tapu Lele|38\/100|[from] item: Life Orb\n|\n|-weather|RainDance|[upkeep]\n|upkeep\n|\n|t:|1700072358\n|switch|p2a: Barraskewda|Barraskewda, M|100\/100\n|-damage|p2a: Barraskewda|84\/100|[from] Spikes\n|turn|18\n|\n|t:|1700072364\n|switch|p1a: Toxapex|Toxapex, F|73\/100\n|-damage|p1a: Toxapex|61\/100|[from] Stealth Rock\n|move|p2a: Barraskewda|Flip Turn|p1a: Toxapex\n|-resisted|p1a: Toxapex\n|-damage|p1a: Toxapex|37\/100\n|\n|t:|1700072370\n|switch|p2a: Tornadus|Tornadus-Therian, M|53\/100|[from] Flip Turn\n|\n|-weather|RainDance|[upkeep]\n|-heal|p1a: Toxapex|43\/100|[from] item: Black Sludge\n|upkeep\n|turn|19\n|\n|t:|1700072376\n|move|p2a: Tornadus|Taunt|p1a: Toxapex\n|-start|p1a: Toxapex|move: Taunt\n|cant|p1a: Toxapex|move: Taunt|Toxic\n|\n|-weather|RainDance|[upkeep]\n|-heal|p1a: Toxapex|49\/100|[from] item: Black Sludge\n|-fieldend|move: Psychic Terrain\n|upkeep\n|turn|20\n|\n|t:|1700072379\n|move|p2a: Tornadus|Knock Off|p1a: Toxapex\n|-damage|p1a: Toxapex|36\/100\n|-enditem|p1a: Toxapex|Black Sludge|[from] move: Knock Off|[of] p2a: Tornadus\n|move|p1a: Toxapex|Scald|p2a: Tornadus\n|-damage|p2a: Tornadus|35\/100\n|\n|-weather|RainDance|[upkeep]\n|upkeep\n|turn|21\n|\n|t:|1700072385\n|move|p2a: Tornadus|Hurricane|p1a: Toxapex\n|-damage|p1a: Toxapex|5\/100\n|move|p1a: Toxapex|Scald|p2a: Tornadus\n|-damage|p2a: Tornadus|16\/100\n|-status|p2a: Tornadus|brn\n|\n|-weather|RainDance|[upkeep]\n|-damage|p2a: Tornadus|10\/100 brn|[from] brn\n|-end|p1a: Toxapex|move: Taunt\n|upkeep\n|turn|22\n|\n|t:|1700072395\n|move|p1a: Toxapex|Baneful Bunker|p1a: Toxapex\n|-singleturn|p1a: Toxapex|move: Protect\n|move|p2a: Tornadus|Hurricane|p1a: Toxapex\n|-activate|p1a: Toxapex|move: Protect\n|\n|-weather|RainDance|[upkeep]\n|-damage|p2a: Tornadus|4\/100 brn|[from] brn\n|upkeep\n|turn|23\n|\n|t:|1700072407\n|switch|p1a: Gliscor|Gliscor, M|100\/100 tox\n|-damage|p1a: Gliscor|88\/100 tox|[from] Stealth Rock\n|move|p2a: Tornadus|U-turn|p1a: Gliscor\n|-resisted|p1a: Gliscor\n|-damage|p1a: Gliscor|86\/100 tox\n|\n|t:|1700072411\n|switch|p2a: Barraskewda|Barraskewda, M|84\/100|[from] U-turn\n|-damage|p2a: Barraskewda|68\/100|[from] Spikes\n|\n|-weather|none\n|-heal|p1a: Gliscor|98\/100 tox|[from] ability: Poison Heal\n|upkeep\n|turn|24\n|\n|t:|1700072417\n|switch|p2a: Pelipper|Pelipper, F|1\/100\n|-weather|RainDance|[from] ability: Drizzle|[of] p2a: Pelipper\n|move|p1a: Gliscor|Toxic|p2a: Pelipper\n|-status|p2a: Pelipper|tox\n|\n|-weather|RainDance|[upkeep]\n|-heal|p1a: Gliscor|100\/100 tox|[from] ability: Poison Heal\n|-damage|p2a: Pelipper|0 fnt|[from] psn\n|faint|p2a: Pelipper\n|upkeep\n|\n|t:|1700072424\n|switch|p2a: Barraskewda|Barraskewda, M|68\/100\n|-damage|p2a: Barraskewda|51\/100|[from] Spikes\n|turn|25\n|\n|t:|1700072429\n|-terastallize|p2a: Barraskewda|Water\n|move|p1a: Gliscor|Protect|p1a: Gliscor\n|-singleturn|p1a: Gliscor|Protect\n|move|p2a: Barraskewda|Liquidation|p1a: Gliscor\n|-activate|p1a: Gliscor|move: Protect\n|\n|-weather|RainDance|[upkeep]\n|upkeep\n|turn|26\n|\n|t:|1700072438\n|switch|p1a: Toxapex|Toxapex, F|38\/100\n|-damage|p1a: Toxapex|26\/100|[from] Stealth Rock\n|move|p2a: Barraskewda|Liquidation|p1a: Toxapex\n|-resisted|p1a: Toxapex\n|-damage|p1a: Toxapex|0 fnt\n|faint|p1a: Toxapex\n|\n|-weather|RainDance|[upkeep]\n|upkeep\n|\n|t:|1700072450\n|switch|p1a: Gliscor|Gliscor, M|100\/100 tox\n|-damage|p1a: Gliscor|88\/100 tox|[from] Stealth Rock\n|turn|27\n|\n|t:|1700072453\n|-terastallize|p1a: Gliscor|Water\n|move|p2a: Barraskewda|Liquidation|p1a: Gliscor\n|-resisted|p1a: Gliscor\n|-damage|p1a: Gliscor|42\/100 tox\n|move|p1a: Gliscor|Earthquake|p2a: Barraskewda\n|-damage|p2a: Barraskewda|0 fnt\n|faint|p2a: Barraskewda\n|\n|-weather|RainDance|[upkeep]\n|-heal|p1a: Gliscor|54\/100 tox|[from] ability: Poison Heal\n|upkeep\n|\n|t:|1700072465\n|switch|p2a: Ferrothorn|Ferrothorn, F|69\/100\n|-damage|p2a: Ferrothorn|53\/100|[from] Spikes\n|turn|28\n|\n|t:|1700072476\n|move|p1a: Gliscor|Earthquake|p2a: Ferrothorn\n|-damage|p2a: Ferrothorn|32\/100\n|move|p2a: Ferrothorn|Leech Seed|p1a: Gliscor\n|-start|p1a: Gliscor|move: Leech Seed\n|\n|-weather|RainDance|[upkeep]\n|-damage|p1a: Gliscor|42\/100 tox|[from] Leech Seed|[of] p2a: Ferrothorn\n|-heal|p2a: Ferrothorn|45\/100|[silent]\n|-heal|p1a: Gliscor|54\/100 tox|[from] ability: Poison Heal\n|upkeep\n|turn|29\n|\n|t:|1700072480\n|switch|p1a: Ceruledge|Ceruledge, M|80\/100\n|-damage|p1a: Ceruledge|55\/100|[from] Stealth Rock\n|move|p2a: Ferrothorn|Gyro Ball|p1a: Ceruledge\n|-resisted|p1a: Ceruledge\n|-damage|p1a: Ceruledge|18\/100\n|\n|-weather|RainDance|[upkeep]\n|upkeep\n|turn|30\n|\n|t:|1700072488\n|switch|p2a: Tornadus|Tornadus-Therian, M|37\/100 brn\n|move|p1a: Ceruledge|Bitter Blade|p2a: Tornadus\n|-damage|p2a: Tornadus|9\/100 brn\n|-heal|p1a: Ceruledge|36\/100|[from] drain|[of] p2a: Tornadus\n|\n|-weather|RainDance|[upkeep]\n|-damage|p2a: Tornadus|3\/100 brn|[from] brn\n|upkeep\n|turn|31\n|\n|t:|1700072493\n|switch|p2a: Ferrothorn|Ferrothorn, F|45\/100\n|-damage|p2a: Ferrothorn|28\/100|[from] Spikes\n|move|p1a: Ceruledge|Shadow Sneak|p2a: Ferrothorn\n|-damage|p2a: Ferrothorn|16\/100\n|-damage|p1a: Ceruledge|24\/100|[from] ability: Iron Barbs|[of] p2a: Ferrothorn\n|-damage|p1a: Ceruledge|7\/100|[from] item: Rocky Helmet|[of] p2a: Ferrothorn\n|\n|-weather|none\n|upkeep\n|turn|32\n|\n|t:|1700072507\n|move|p1a: Ceruledge|Bitter Blade|p2a: Ferrothorn\n|-supereffective|p2a: Ferrothorn\n|-damage|p2a: Ferrothorn|0 fnt\n|-heal|p1a: Ceruledge|16\/100|[from] drain|[of] p2a: Ferrothorn\n|-damage|p1a: Ceruledge|4\/100|[from] ability: Iron Barbs|[of] p2a: Ferrothorn\n|-damage|p1a: Ceruledge|0 fnt|[from] item: Rocky Helmet|[of] p2a: Ferrothorn\n|faint|p2a: Ferrothorn\n|faint|p1a: Ceruledge\n|\n|upkeep\n|inactive|JustForSomeFun has 120 seconds left.\n|\n|t:|1700072543\n|switch|p1a: Illumise|Illumise, F|89\/100\n|switch|p2a: Tornadus|Tornadus-Therian, M|36\/100 brn\n|-damage|p1a: Illumise|64\/100|[from] Stealth Rock\n|turn|33\n|\n|t:|1700072561\n|move|p1a: Illumise|Roost|p1a: Illumise\n|-heal|p1a: Illumise|100\/100\n|-singleturn|p1a: Illumise|move: Roost\n|move|p2a: Tornadus|U-turn|p1a: Illumise\n|-damage|p1a: Illumise|90\/100\n|\n|t:|1700072566\n|switch|p2a: Swampert|Swampert, M|100\/100|[from] U-turn\n|-damage|p2a: Swampert|84\/100|[from] Spikes\n|\n|upkeep\n|turn|34\n|\n|t:|1700072569\n|detailschange|p2a: Swampert|Swampert-Mega, M\n|-mega|p2a: Swampert|Swampert|Swampertite\n|move|p1a: Illumise|Toxic|p2a: Swampert\n|-status|p2a: Swampert|tox\n|move|p2a: Swampert|Flip Turn|p1a: Illumise\n|-damage|p1a: Illumise|36\/100\n|\n|t:|1700072575\n|switch|p2a: Tornadus|Tornadus-Therian, M|69\/100 brn|[from] Flip Turn\n|\n|-damage|p2a: Tornadus|63\/100 brn|[from] brn\n|upkeep\n|turn|35\n|\n|t:|1700072579\n|move|p1a: Illumise|Roost|p1a: Illumise\n|-heal|p1a: Illumise|86\/100\n|-singleturn|p1a: Illumise|move: Roost\n|move|p2a: Tornadus|Taunt|p1a: Illumise\n|-start|p1a: Illumise|move: Taunt\n|\n|-damage|p2a: Tornadus|57\/100 brn|[from] brn\n|upkeep\n|turn|36\n|\n|t:|1700072591\n|switch|p1a: Gliscor|Gliscor, M, tera:Water|54\/100 tox\n|-damage|p1a: Gliscor|42\/100 tox|[from] Stealth Rock\n|move|p2a: Tornadus|Hurricane|p1a: Gliscor\n|-damage|p1a: Gliscor|0 fnt\n|faint|p1a: Gliscor\n|\n|-damage|p2a: Tornadus|51\/100 brn|[from] brn\n|upkeep\n|\n|t:|1700072596\n|switch|p1a: Scizor|Scizor, M|100\/100\n|-damage|p1a: Scizor|88\/100|[from] Stealth Rock\n|turn|37\n|\n|t:|1700072603\n|detailschange|p1a: Scizor|Scizor-Mega, M\n|-mega|p1a: Scizor|Scizor|Scizorite\n|move|p1a: Scizor|Bullet Punch|p2a: Tornadus\n|-damage|p2a: Tornadus|10\/100 brn\n|move|p2a: Tornadus|Taunt|p1a: Scizor\n|-start|p1a: Scizor|move: Taunt\n|\n|-damage|p2a: Tornadus|4\/100 brn|[from] brn\n|upkeep\n|turn|38\n|\n|t:|1700072608\n|move|p1a: Scizor|Bullet Punch|p2a: Tornadus\n|-damage|p2a: Tornadus|0 fnt\n|faint|p2a: Tornadus\n|\n|upkeep\n|\n|t:|1700072609\n|switch|p2a: Swampert|Swampert-Mega, M|84\/100 tox\n|-damage|p2a: Swampert|68\/100 tox|[from] Spikes\n|turn|39\n|\n|t:|1700072616\n|move|p2a: Swampert|Liquidation|p1a: Scizor\n|-damage|p1a: Scizor|50\/100\n|move|p1a: Scizor|U-turn|p2a: Swampert\n|-damage|p2a: Swampert|23\/100 tox\n|\n|t:|1700072620\n|switch|p1a: Tapu Lele|Tapu Lele|38\/100|[from] U-turn\n|-damage|p1a: Tapu Lele|26\/100|[from] Stealth Rock\n|-fieldstart|move: Psychic Terrain|[from] ability: Psychic Surge|[of] p1a: Tapu Lele\n|\n|-damage|p2a: Swampert|17\/100 tox|[from] psn\n|upkeep\n|turn|40\n|\n|t:|1700072622\n|move|p1a: Tapu Lele|Moonblast|p2a: Swampert\n|-damage|p2a: Swampert|0 fnt\n|faint|p2a: Swampert\n|-damage|p1a: Tapu Lele|16\/100|[from] item: Life Orb\n|\n|win|JustForSomeFun\n|raw|JustForSomeFun's rating: 1291 &rarr; <strong>1322<\/strong><br \/>(+31 for winning)\n|raw|Lilbug0330's rating: 1371 &rarr; <strong>1346<\/strong><br \/>(-25 for losing)\n|l|\u2606Lilbug0330\n|c|\u2606JustForSomeFun|gg\n","uploadtime":1700072648,"views":15,"p1id":"justforsomefun","p2id":"lilbug0330","formatid":"gen9nationaldex","rating":1322,"private":0,"password":""}