{"id":"gen9nationaldex-1994391897","p1":"Ninjabread7","p2":"asuraryo","format":"[Gen 9] National Dex","log":"|j|\u2606Ninjabread7\n|j|\u2606asuraryo\n|t:|1700438631\n|gametype|singles\n|player|p1|Ninjabread7|2|\n|player|p2|asuraryo|roxie|\n|teamsize|p1|3\n|teamsize|p2|3\n|gen|9\n|tier|[Gen 9] National Dex\n|rule|HP Percentage Mod: HP is shown in percentages\n|rule|Endless Battle Clause: Forcing endless battles is banned\n|rule|OHKO Clause: OHKO moves are banned\n|rule|Evasion Clause: Evasion abilities, items, and moves are banned\n|rule|Evasion Abilities Clause: Evasion abilities are banned\n|rule|Evasion Items Clause: Evasion items are banned\n|rule|Evasion Moves Clause: Evasion moves are banned\n|rule|Species Clause: Limit one of each Pok\u00e9mon\n|rule|Sleep Clause Mod: Limit one foe put to sleep\n|clearpoke\n|poke|p1|Electabuzz, M|\n|poke|p1|Dragonite, M|\n|poke|p1|Gyarados, M|\n|poke|p2|Arcanine, M|\n|poke|p2|Butterfree, F|\n|poke|p2|Starmie|\n|teampreview\n|inactive|Battle timer is ON: inactive players will automatically lose when time's up. (requested by asuraryo)\n|j| Koolwraith\n|\n|t:|1700438640\n|start\n|switch|p1a: Electabuzz|Electabuzz, M|100\/100\n|switch|p2a: Arcanine|Arcanine, M, shiny|100\/100\n|turn|1\n|\n|t:|1700438645\n|move|p2a: Arcanine|Body Slam|p1a: Electabuzz\n|-damage|p1a: Electabuzz|60\/100\n|move|p1a: Electabuzz|Thunder Wave|p2a: Arcanine\n|-status|p2a: Arcanine|par\n|\n|upkeep\n|turn|2\n|\n|t:|1700438651\n|switch|p1a: Gyarados|Gyarados, M|100\/100\n|-ability|p1a: Gyarados|Intimidate|boost\n|-unboost|p2a: Arcanine|atk|1\n|move|p2a: Arcanine|Body Slam|p1a: Gyarados\n|-damage|p1a: Gyarados|84\/100\n|\n|upkeep\n|turn|3\n|\n|t:|1700438660\n|move|p1a: Gyarados|Outrage|p2a: Arcanine\n|-damage|p2a: Arcanine|36\/100 par\n|-damage|p1a: Gyarados|68\/100|[from] item: Rocky Helmet|[of] p2a: Arcanine\n|-damage|p1a: Gyarados|58\/100|[from] item: Life Orb\n|move|p2a: Arcanine|Body Slam|p1a: Gyarados\n|-crit|p1a: Gyarados\n|-damage|p1a: Gyarados|17\/100\n|\n|upkeep\n|turn|4\n|\n|t:|1700438672\n|move|p2a: Arcanine|Extreme Speed|p1a: Gyarados\n|-damage|p1a: Gyarados|0 fnt\n|faint|p1a: Gyarados\n|\n|upkeep\n|\n|t:|1700438679\n|switch|p1a: Electabuzz|Electabuzz, M|60\/100\n|turn|5\n|\n|t:|1700438692\n|cant|p2a: Arcanine|par\n|move|p1a: Electabuzz|Volt Switch|p2a: Arcanine\n|-damage|p2a: Arcanine|7\/100 par\n|\n|t:|1700438697\n|switch|p1a: Dragonite|Dragonite, M|100\/100|[from] Volt Switch\n|\n|upkeep\n|turn|6\n|\n|t:|1700438711\n|move|p2a: Arcanine|Extreme Speed|p1a: Dragonite\n|-damage|p1a: Dragonite|87\/100\n|move|p1a: Dragonite|Dragon Dance|p1a: Dragonite\n|-boost|p1a: Dragonite|atk|1\n|-boost|p1a: Dragonite|spe|1\n|\n|-heal|p1a: Dragonite|93\/100|[from] item: Leftovers\n|upkeep\n|turn|7\n|\n|t:|1700438720\n|move|p1a: Dragonite|Earthquake|p2a: Arcanine\n|-supereffective|p2a: Arcanine\n|-damage|p2a: Arcanine|0 fnt\n|faint|p2a: Arcanine\n|\n|-heal|p1a: Dragonite|99\/100|[from] item: Leftovers\n|upkeep\n|\n|t:|1700438725\n|switch|p2a: Starmie|Starmie, shiny|100\/100\n|turn|8\n|\n|t:|1700438728\n|move|p2a: Starmie|Rain Dance|p2a: Starmie\n|-weather|RainDance\n|move|p1a: Dragonite|Dragon Dance|p1a: Dragonite\n|-boost|p1a: Dragonite|atk|1\n|-boost|p1a: Dragonite|spe|1\n|\n|-weather|RainDance|[upkeep]\n|-heal|p1a: Dragonite|100\/100|[from] item: Leftovers\n|upkeep\n|turn|9\n|\n|t:|1700438736\n|move|p1a: Dragonite|Dragon Dance|p1a: Dragonite\n|-boost|p1a: Dragonite|atk|1\n|-boost|p1a: Dragonite|spe|1\n|move|p2a: Starmie|Scald|p1a: Dragonite\n|-resisted|p1a: Dragonite\n|-damage|p1a: Dragonite|70\/100\n|\n|-weather|RainDance|[upkeep]\n|-heal|p1a: Dragonite|76\/100|[from] item: Leftovers\n|upkeep\n|turn|10\n|\n|t:|1700438744\n|move|p1a: Dragonite|Draco Meteor|p2a: Starmie\n|-damage|p2a: Starmie|33\/100\n|-unboost|p1a: Dragonite|spa|2\n|move|p2a: Starmie|Scald|p1a: Dragonite\n|-resisted|p1a: Dragonite\n|-damage|p1a: Dragonite|45\/100\n|-status|p1a: Dragonite|brn\n|\n|-weather|RainDance|[upkeep]\n|-heal|p1a: Dragonite|51\/100 brn|[from] item: Leftovers\n|-damage|p1a: Dragonite|45\/100 brn|[from] brn\n|upkeep\n|turn|11\n|\n|t:|1700438756\n|move|p1a: Dragonite|Earthquake|p2a: Starmie\n|-damage|p2a: Starmie|0 fnt\n|faint|p2a: Starmie\n|\n|-weather|RainDance|[upkeep]\n|-heal|p1a: Dragonite|51\/100 brn|[from] item: Leftovers\n|-damage|p1a: Dragonite|45\/100 brn|[from] brn\n|upkeep\n|\n|t:|1700438762\n|switch|p2a: Butterfree|Butterfree, F|100\/100\n|turn|12\n|\n|t:|1700438773\n|move|p1a: Dragonite|Draco Meteor|p2a: Butterfree\n|-damage|p2a: Butterfree|66\/100\n|-unboost|p1a: Dragonite|spa|2\n|move|p2a: Butterfree|Quiver Dance|p2a: Butterfree\n|-boost|p2a: Butterfree|spa|1\n|-boost|p2a: Butterfree|spd|1\n|-boost|p2a: Butterfree|spe|1\n|\n|-weather|none\n|-heal|p1a: Dragonite|51\/100 brn|[from] item: Leftovers\n|-heal|p2a: Butterfree|72\/100|[from] item: Leftovers\n|-damage|p1a: Dragonite|45\/100 brn|[from] brn\n|upkeep\n|turn|13\n|\n|t:|1700438789\n|move|p1a: Dragonite|Earthquake|p2a: Butterfree\n|-immune|p2a: Butterfree\n|move|p2a: Butterfree|Quiver Dance|p2a: Butterfree\n|-boost|p2a: Butterfree|spa|1\n|-boost|p2a: Butterfree|spd|1\n|-boost|p2a: Butterfree|spe|1\n|\n|-heal|p1a: Dragonite|51\/100 brn|[from] item: Leftovers\n|-heal|p2a: Butterfree|78\/100|[from] item: Leftovers\n|-damage|p1a: Dragonite|45\/100 brn|[from] brn\n|upkeep\n|turn|14\n|\n|t:|1700438799\n|move|p1a: Dragonite|Draco Meteor|p2a: Butterfree\n|-damage|p2a: Butterfree|65\/100\n|-unboost|p1a: Dragonite|spa|2\n|move|p2a: Butterfree|Bug Buzz|p1a: Dragonite\n|-resisted|p1a: Dragonite\n|-damage|p1a: Dragonite|8\/100 brn\n|\n|-heal|p1a: Dragonite|14\/100 brn|[from] item: Leftovers\n|-heal|p2a: Butterfree|71\/100|[from] item: Leftovers\n|-damage|p1a: Dragonite|8\/100 brn|[from] brn\n|upkeep\n|turn|15\n|\n|t:|1700438811\n|move|p1a: Dragonite|Draco Meteor|p2a: Butterfree\n|-damage|p2a: Butterfree|62\/100\n|move|p2a: Butterfree|Giga Drain|p1a: Dragonite\n|-resisted|p1a: Dragonite\n|-damage|p1a: Dragonite|0 fnt\n|-heal|p2a: Butterfree|68\/100|[from] drain|[of] p1a: Dragonite\n|faint|p1a: Dragonite\n|\n|-heal|p2a: Butterfree|74\/100|[from] item: Leftovers\n|upkeep\n|\n|t:|1700438820\n|switch|p1a: Electabuzz|Electabuzz, M|60\/100\n|turn|16\n|\n|t:|1700438825\n|move|p2a: Butterfree|Hurricane|p1a: Electabuzz\n|-resisted|p1a: Electabuzz\n|-damage|p1a: Electabuzz|0 fnt\n|faint|p1a: Electabuzz\n|\n|win|asuraryo\n|l|\u2606asuraryo\n","uploadtime":1700438835,"views":3,"p1id":"ninjabread7","p2id":"asuraryo","formatid":"gen9nationaldex","rating":0,"private":0,"password":""}