{"id":"gen9nationaldex-1993566566","p1":"MamaoPapaya","p2":"SkyStriker14","format":"[Gen 9] National Dex","log":"|j|\u2606MamaoPapaya\n|j|\u2606SkyStriker14\n|t:|1700332492\n|gametype|singles\n|player|p1|MamaoPapaya|worker|1059\n|player|p2|SkyStriker14|2|1035\n|teamsize|p1|6\n|teamsize|p2|6\n|gen|9\n|tier|[Gen 9] National Dex\n|rated|\n|rule|HP Percentage Mod: HP is shown in percentages\n|rule|Endless Battle Clause: Forcing endless battles is banned\n|rule|OHKO Clause: OHKO moves are banned\n|rule|Evasion Clause: Evasion abilities, items, and moves are banned\n|rule|Evasion Abilities Clause: Evasion abilities are banned\n|rule|Evasion Items Clause: Evasion items are banned\n|rule|Evasion Moves Clause: Evasion moves are banned\n|rule|Species Clause: Limit one of each Pok\u00e9mon\n|rule|Sleep Clause Mod: Limit one foe put to sleep\n|clearpoke\n|poke|p1|Samurott-Hisui, F|\n|poke|p1|Haxorus, M|\n|poke|p1|Arcanine-Hisui, M|\n|poke|p1|Ninetales-Alola, M|\n|poke|p1|Great Tusk|\n|poke|p1|Gourgeist-*, F|\n|poke|p2|Maushold-Four|\n|poke|p2|Blaziken, F|\n|poke|p2|Arctovish|\n|poke|p2|Lurantis, M|\n|poke|p2|Zeraora|\n|poke|p2|Magnemite|\n|teampreview\n|\n|t:|1700332504\n|start\n|switch|p1a: Ninetales|Ninetales-Alola, M|100\/100\n|switch|p2a: Brick House|Magnemite|100\/100\n|-weather|Snow|[from] ability: Snow Warning|[of] p1a: Ninetales\n|turn|1\n|\n|t:|1700332517\n|move|p1a: Ninetales|Aurora Veil|p1a: Ninetales\n|-sidestart|p1: MamaoPapaya|move: Aurora Veil\n|move|p2a: Brick House|Recycle||[still]\n|-fail|p2a: Brick House\n|\n|-weather|Snow|[upkeep]\n|upkeep\n|turn|2\n|\n|t:|1700332526\n|move|p1a: Ninetales|Encore|p2a: Brick House\n|-start|p2a: Brick House|Encore\n|move|p2a: Brick House|Recycle||[still]\n|-fail|p2a: Brick House\n|\n|-weather|Snow|[upkeep]\n|upkeep\n|turn|3\n|\n|t:|1700332536\n|switch|p1a: Jessie|Gourgeist-Small, F, shiny|100\/100\n|switch|p2a: Blaziken|Blaziken, F|100\/100\n|\n|-weather|Snow|[upkeep]\n|upkeep\n|turn|4\n|\n|t:|1700332557\n|-zpower|p1a: Jessie\n|move|p1a: Jessie|Z-Trick-or-Treat|p2a: Blaziken|[anim]Trick-or-Treat\n|-boost|p1a: Jessie|atk|1|[zeffect]\n|-boost|p1a: Jessie|def|1|[zeffect]\n|-boost|p1a: Jessie|spa|1|[zeffect]\n|-boost|p1a: Jessie|spd|1|[zeffect]\n|-boost|p1a: Jessie|spe|1|[zeffect]\n|-start|p2a: Blaziken|typeadd|Ghost|[from] move: Trick-or-Treat\n|move|p2a: Blaziken|Blaze Kick|p1a: Jessie\n|-supereffective|p1a: Jessie\n|-damage|p1a: Jessie|58\/100\n|\n|-weather|Snow|[upkeep]\n|-ability|p2a: Blaziken|Speed Boost|boost\n|-boost|p2a: Blaziken|spe|1\n|upkeep\n|turn|5\n|\n|t:|1700332573\n|-terastallize|p2a: Blaziken|Fire\n|move|p1a: Jessie|Poltergeist|p2a: Blaziken\n|-activate|p2a: Blaziken|move: Poltergeist|Flame Plate\n|-damage|p2a: Blaziken|4\/100\n|move|p2a: Blaziken|Blaze Kick|p1a: Jessie|[miss]\n|-miss|p2a: Blaziken|p1a: Jessie\n|\n|-weather|none\n|-ability|p2a: Blaziken|Speed Boost|boost\n|-boost|p2a: Blaziken|spe|1\n|upkeep\n|turn|6\n|\n|t:|1700332596\n|switch|p2a: Zeraora|Zeraora, shiny|100\/100\n|move|p1a: Jessie|Shadow Sneak|p2a: Zeraora\n|-damage|p2a: Zeraora|66\/100\n|\n|upkeep\n|turn|7\n|c|\u2606MamaoPapaya|Flame Plate?\n|\n|t:|1700332610\n|move|p1a: Jessie|Poltergeist|p2a: Zeraora\n|-activate|p2a: Zeraora|move: Poltergeist|Electrium Z\n|-damage|p2a: Zeraora|0 fnt\n|faint|p2a: Zeraora\n|\n|upkeep\n|\n|t:|1700332624\n|switch|p2a: Brick House|Magnemite|100\/100\n|turn|8\n|\n|t:|1700332629\n|move|p1a: Jessie|Poltergeist|p2a: Brick House\n|-activate|p2a: Brick House|move: Poltergeist|Oran Berry\n|-ability|p2a: Brick House|Sturdy\n|-damage|p2a: Brick House|1\/100\n|-enditem|p2a: Brick House|Oran Berry|[eat]\n|-heal|p2a: Brick House|6\/100|[from] item: Oran Berry\n|move|p2a: Brick House|Recycle|p2a: Brick House\n|-item|p2a: Brick House|Oran Berry|[from] move: Recycle\n|-enditem|p2a: Brick House|Oran Berry|[eat]\n|-heal|p2a: Brick House|11\/100|[from] item: Oran Berry\n|\n|-sideend|p1: MamaoPapaya|move: Aurora Veil\n|upkeep\n|turn|9\n|\n|t:|1700332650\n|move|p1a: Jessie|Shadow Sneak|p2a: Brick House\n|-damage|p2a: Brick House|0 fnt\n|faint|p2a: Brick House\n|\n|upkeep\n|-message|SkyStriker14 forfeited.\n|\n|win|MamaoPapaya\n|raw|MamaoPapaya's rating: 1059 &rarr; <strong>1088<\/strong><br \/>(+29 for winning)\n|raw|SkyStriker14's rating: 1035 &rarr; <strong>1021<\/strong><br \/>(-14 for losing)\n|l|\u2606SkyStriker14\n","uploadtime":1700332664,"views":7,"p1id":"mamaopapaya","p2id":"skystriker14","formatid":"gen9nationaldex","rating":1021,"private":0,"password":""}