{"id":"gen9nationaldex-1996244900","p1":"ManitKhurana","p2":"D.wolf94","format":"[Gen 9] National Dex","log":"|html|<div class=\"broadcast-blue\"><strong>[Gen 9] National Dex is currently suspecting Sneasler! For information on how to participate check out the <a href=\"https:\/\/www.smogon.com\/forums\/threads\/sv-national-dex-suspect-8-just-dance.3731534\/\">suspect thread<\/a>.<\/strong><\/div>\n|j|\u2606ManitKhurana\n|j|\u2606D.wolf94\n|t:|1700663425\n|gametype|singles\n|player|p1|ManitKhurana|ethan|1083\n|player|p2|D.wolf94|1|1091\n|teamsize|p1|6\n|teamsize|p2|6\n|gen|9\n|tier|[Gen 9] National Dex\n|rated|\n|rule|HP Percentage Mod: HP is shown in percentages\n|rule|Endless Battle Clause: Forcing endless battles is banned\n|rule|OHKO Clause: OHKO moves are banned\n|rule|Evasion Clause: Evasion abilities, items, and moves are banned\n|rule|Evasion Abilities Clause: Evasion abilities are banned\n|rule|Evasion Items Clause: Evasion items are banned\n|rule|Evasion Moves Clause: Evasion moves are banned\n|rule|Species Clause: Limit one of each Pok\u00e9mon\n|rule|Sleep Clause Mod: Limit one foe put to sleep\n|clearpoke\n|poke|p1|Charmeleon, M|\n|poke|p1|Sceptile, M|\n|poke|p1|Scizor, M|\n|poke|p1|Swellow, M|\n|poke|p1|Hydreigon, M|\n|poke|p1|Tyranitar, M|\n|poke|p2|Toxapex, F|\n|poke|p2|Ferrothorn, M|\n|poke|p2|Glimmora, M|\n|poke|p2|Espeon, F|\n|poke|p2|Ditto|\n|poke|p2|Cinderace, F|\n|teampreview\n|inactive|Battle timer is ON: inactive players will automatically lose when time's up. (requested by ManitKhurana)\n|\n|t:|1700663441\n|start\n|switch|p1a: Hydreigon|Hydreigon, M|100\/100\n|switch|p2a: Glimmora|Glimmora, M|100\/100\n|turn|1\n|\n|t:|1700663455\n|move|p1a: Hydreigon|Hydro Pump|p2a: Glimmora|[miss]\n|-miss|p1a: Hydreigon|p2a: Glimmora\n|move|p2a: Glimmora|Mortal Spin|p1a: Hydreigon\n|-damage|p1a: Hydreigon|94\/100\n|-status|p1a: Hydreigon|psn\n|\n|-damage|p1a: Hydreigon|81\/100 psn|[from] psn\n|upkeep\n|turn|2\n|\n|t:|1700663469\n|switch|p2a: Toxapex|Toxapex, F|100\/100\n|move|p1a: Hydreigon|Hydro Pump|p2a: Toxapex\n|-resisted|p2a: Toxapex\n|-crit|p2a: Toxapex\n|-damage|p2a: Toxapex|75\/100\n|\n|-damage|p1a: Hydreigon|69\/100 psn|[from] psn\n|upkeep\n|turn|3\n|\n|t:|1700663483\n|switch|p1a: Tyranitar|Tyranitar, M|100\/100\n|-weather|Sandstorm|[from] ability: Sand Stream|[of] p1a: Tyranitar\n|move|p2a: Toxapex|Knock Off|p1a: Tyranitar\n|-resisted|p1a: Tyranitar\n|-damage|p1a: Tyranitar|95\/100\n|-enditem|p1a: Tyranitar|Expert Belt|[from] move: Knock Off|[of] p2a: Toxapex\n|\n|-weather|Sandstorm|[upkeep]\n|-damage|p2a: Toxapex|69\/100|[from] Sandstorm\n|upkeep\n|turn|4\n|\n|t:|1700663502\n|switch|p2a: Ferrothorn|Ferrothorn, M|100\/100\n|-terastallize|p1a: Tyranitar|Grass\n|move|p1a: Tyranitar|Thunder|p2a: Ferrothorn\n|-resisted|p2a: Ferrothorn\n|-damage|p2a: Ferrothorn|90\/100\n|\n|-weather|Sandstorm|[upkeep]\n|-damage|p1a: Tyranitar|89\/100|[from] Sandstorm\n|-heal|p2a: Ferrothorn|96\/100|[from] item: Leftovers\n|upkeep\n|turn|5\n|\n|t:|1700663525\n|move|p1a: Tyranitar|Fire Blast|p2a: Ferrothorn\n|-supereffective|p2a: Ferrothorn\n|-damage|p2a: Ferrothorn|6\/100\n|-status|p2a: Ferrothorn|brn\n|move|p2a: Ferrothorn|Leech Seed|p1a: Tyranitar\n|-immune|p1a: Tyranitar\n|\n|-weather|Sandstorm|[upkeep]\n|-damage|p1a: Tyranitar|83\/100|[from] Sandstorm\n|-heal|p2a: Ferrothorn|12\/100 brn|[from] item: Leftovers\n|-damage|p2a: Ferrothorn|6\/100 brn|[from] brn\n|upkeep\n|turn|6\n|inactive|D.wolf94 has 120 seconds left.\n|\n|t:|1700663557\n|move|p1a: Tyranitar|Stone Edge|p2a: Ferrothorn\n|-resisted|p2a: Ferrothorn\n|-damage|p2a: Ferrothorn|0 fnt\n|faint|p2a: Ferrothorn\n|\n|-weather|Sandstorm|[upkeep]\n|-damage|p1a: Tyranitar|76\/100|[from] Sandstorm\n|upkeep\n|\n|t:|1700663571\n|switch|p2a: Ditto|Ditto|100\/100\n|-transform|p2a: Ditto|p1a: Tyranitar|[from] ability: Imposter\n|-start|p2a: Ditto|typechange|Rock\/Dark|[silent]\n|turn|7\n|\n|t:|1700663582\n|move|p2a: Ditto|Fire Blast|p1a: Tyranitar|[miss]\n|-miss|p2a: Ditto|p1a: Tyranitar\n|move|p1a: Tyranitar|Hydro Pump|p2a: Ditto\n|-supereffective|p2a: Ditto\n|-crit|p2a: Ditto\n|-damage|p2a: Ditto|24\/100\n|\n|-weather|none\n|upkeep\n|turn|8\n|c|\u2606D.wolf94|That was cheat\n|\n|t:|1700663603\n|switch|p1a: Charmeleon|Charmeleon, M|100\/100\n|move|p2a: Ditto|Fire Blast|p1a: Charmeleon|[miss]\n|-miss|p2a: Ditto|p1a: Charmeleon\n|\n|upkeep\n|turn|9\n|\n|t:|1700663611\n|switch|p2a: Toxapex|Toxapex, F|100\/100\n|move|p1a: Charmeleon|Power-Up Punch|p2a: Toxapex\n|-resisted|p2a: Toxapex\n|-damage|p2a: Toxapex|99\/100\n|-boost|p1a: Charmeleon|atk|1\n|-damage|p1a: Charmeleon|84\/100|[from] item: Rocky Helmet|[of] p2a: Toxapex\n|\n|upkeep\n|turn|10\n|inactive|D.wolf94 has 120 seconds left.\n|\n|t:|1700663623\n|switch|p1a: Scizor|Scizor, M|100\/100\n|move|p2a: Toxapex|Haze|p2a: Toxapex\n|-clearallboost\n|\n|upkeep\n|turn|11\n|\n|t:|1700663631\n|move|p1a: Scizor|Iron Head|p2a: Toxapex\n|-resisted|p2a: Toxapex\n|-damage|p2a: Toxapex|86\/100\n|-damage|p1a: Scizor|84\/100|[from] item: Rocky Helmet|[of] p2a: Toxapex\n|move|p2a: Toxapex|Knock Off|p1a: Scizor\n|-damage|p1a: Scizor|74\/100\n|-enditem|p1a: Scizor|Metal Coat|[from] move: Knock Off|[of] p2a: Toxapex\n|\n|upkeep\n|turn|12\n|inactive|D.wolf94 has 120 seconds left.\n|\n|t:|1700663649\n|switch|p1a: Tyranitar|Tyranitar, M, tera:Grass|76\/100\n|-weather|Sandstorm|[from] ability: Sand Stream|[of] p1a: Tyranitar\n|switch|p2a: Glimmora|Glimmora, M|100\/100\n|\n|-weather|Sandstorm|[upkeep]\n|-damage|p1a: Tyranitar|70\/100|[from] Sandstorm\n|upkeep\n|turn|13\n|inactive|D.wolf94 has 120 seconds left.\n|\n|t:|1700663670\n|move|p2a: Glimmora|Mortal Spin|p1a: Tyranitar\n|-supereffective|p1a: Tyranitar\n|-damage|p1a: Tyranitar|61\/100\n|-status|p1a: Tyranitar|psn\n|move|p1a: Tyranitar|Hydro Pump|p2a: Glimmora\n|-supereffective|p2a: Glimmora\n|-damage|p2a: Glimmora|39\/100\n|\n|-weather|Sandstorm|[upkeep]\n|-damage|p1a: Tyranitar|55\/100 psn|[from] Sandstorm\n|-damage|p1a: Tyranitar|42\/100 psn|[from] psn\n|upkeep\n|turn|14\n|\n|t:|1700663684\n|switch|p2a: Ditto|Ditto|24\/100\n|-transform|p2a: Ditto|p1a: Tyranitar|[from] ability: Imposter\n|move|p1a: Tyranitar|Hydro Pump|p2a: Ditto|[miss]\n|-miss|p1a: Tyranitar|p2a: Ditto\n|\n|-weather|Sandstorm|[upkeep]\n|-damage|p1a: Tyranitar|36\/100 psn|[from] Sandstorm\n|-damage|p1a: Tyranitar|24\/100 psn|[from] psn\n|upkeep\n|turn|15\n|inactive|ManitKhurana has 120 seconds left.\n|\n|t:|1700663710\n|move|p2a: Ditto|Fire Blast|p1a: Tyranitar\n|-supereffective|p1a: Tyranitar\n|-damage|p1a: Tyranitar|0 fnt\n|faint|p1a: Tyranitar\n|\n|-weather|Sandstorm|[upkeep]\n|upkeep\n|inactive|ManitKhurana has 120 seconds left.\n|\n|t:|1700663716\n|switch|p1a: Scizor|Scizor, M|74\/100\n|turn|16\n|\n|t:|1700663725\n|switch|p2a: Toxapex|Toxapex, F|100\/100\n|move|p1a: Scizor|Bullet Punch|p2a: Toxapex\n|-resisted|p2a: Toxapex\n|-damage|p2a: Toxapex|93\/100\n|-damage|p1a: Scizor|57\/100|[from] item: Rocky Helmet|[of] p2a: Toxapex\n|\n|-weather|none\n|upkeep\n|turn|17\n|inactive|D.wolf94 has 120 seconds left.\n|\n|t:|1700663743\n|switch|p2a: Glimmora|Glimmora, M|39\/100\n|move|p1a: Scizor|Roost|p1a: Scizor\n|-heal|p1a: Scizor|100\/100\n|-singleturn|p1a: Scizor|move: Roost\n|\n|upkeep\n|turn|18\n|inactive|D.wolf94 has 120 seconds left.\n|\n|t:|1700663756\n|-terastallize|p2a: Glimmora|Grass\n|move|p2a: Glimmora|Earth Power|p1a: Scizor\n|-damage|p1a: Scizor|63\/100\n|move|p1a: Scizor|Iron Head|p2a: Glimmora\n|-crit|p2a: Glimmora\n|-damage|p2a: Glimmora|0 fnt\n|-activate|p2a: Glimmora|ability: Toxic Debris\n|-sidestart|p1: ManitKhurana|move: Toxic Spikes\n|faint|p2a: Glimmora\n|\n|upkeep\n|inactive|D.wolf94 has 120 seconds left.\n|\n|t:|1700663769\n|switch|p2a: Ditto|Ditto|24\/100\n|-transform|p2a: Ditto|p1a: Scizor|[from] ability: Imposter\n|turn|19\n|\n|t:|1700663776\n|move|p2a: Ditto|Roost|p2a: Ditto\n|-heal|p2a: Ditto|74\/100\n|-singleturn|p2a: Ditto|move: Roost\n|move|p1a: Scizor|Roost|p1a: Scizor\n|-heal|p1a: Scizor|100\/100\n|-singleturn|p1a: Scizor|move: Roost\n|\n|upkeep\n|turn|20\n|\n|t:|1700663784\n|move|p2a: Ditto|Roost|p2a: Ditto\n|-heal|p2a: Ditto|100\/100\n|-singleturn|p2a: Ditto|move: Roost\n|move|p1a: Scizor|Iron Head|p2a: Ditto\n|-resisted|p2a: Ditto\n|-damage|p2a: Ditto|87\/100\n|\n|upkeep\n|turn|21\n|\n|t:|1700663795\n|switch|p2a: Espeon|Espeon, F|100\/100\n|move|p1a: Scizor|Iron Head|p2a: Espeon\n|-damage|p2a: Espeon|40\/100\n|\n|upkeep\n|turn|22\n|\n|t:|1700663801\n|move|p2a: Espeon|Trick|p1a: Scizor\n|-activate|p2a: Espeon|move: Trick|[of] p1a: Scizor\n|-item|p1a: Scizor|Choice Specs|[from] move: Trick\n|-enditem|p2a: Espeon|Choice Specs|[silent]|[from] move: Trick\n|move|p1a: Scizor|Iron Head|p2a: Espeon\n|-damage|p2a: Espeon|0 fnt\n|faint|p2a: Espeon\n|\n|upkeep\n|\n|t:|1700663811\n|switch|p2a: Cinderace|Cinderace, F|100\/100\n|turn|23\n|\n|t:|1700663834\n|move|p2a: Cinderace|Pyro Ball|p1a: Scizor\n|-supereffective|p1a: Scizor\n|-damage|p1a: Scizor|0 fnt\n|faint|p1a: Scizor\n|\n|upkeep\n|\n|t:|1700663843\n|switch|p1a: Charmeleon|Charmeleon, M|84\/100\n|-status|p1a: Charmeleon|psn\n|turn|24\n|\n|t:|1700663859\n|switch|p2a: Toxapex|Toxapex, F|100\/100\n|move|p1a: Charmeleon|Dragon Claw|p2a: Toxapex\n|-damage|p2a: Toxapex|94\/100\n|-damage|p1a: Charmeleon|67\/100 psn|[from] item: Rocky Helmet|[of] p2a: Toxapex\n|\n|-damage|p1a: Charmeleon|55\/100 psn|[from] psn\n|upkeep\n|turn|25\n|\n|t:|1700663874\n|switch|p2a: Cinderace|Cinderace, F|100\/100\n|move|p1a: Charmeleon|Fire Blast|p2a: Cinderace\n|-resisted|p2a: Cinderace\n|-damage|p2a: Cinderace|70\/100\n|\n|-damage|p1a: Charmeleon|42\/100 psn|[from] psn\n|upkeep\n|turn|26\n|\n|t:|1700663889\n|move|p2a: Cinderace|U-turn|p1a: Charmeleon\n|-start|p2a: Cinderace|typechange|Bug|[from] ability: Libero\n|-resisted|p1a: Charmeleon\n|-damage|p1a: Charmeleon|9\/100 psn\n|-enditem|p1a: Charmeleon|Salac Berry|[eat]\n|-boost|p1a: Charmeleon|spe|1|[from] item: Salac Berry\n|\n|t:|1700663904\n|switch|p2a: Toxapex|Toxapex, F|100\/100|[from] U-turn\n|move|p1a: Charmeleon|Fire Blast|p2a: Toxapex|[miss]\n|-miss|p1a: Charmeleon|p2a: Toxapex\n|\n|-damage|p1a: Charmeleon|0 fnt|[from] psn\n|faint|p1a: Charmeleon\n|upkeep\n|\n|t:|1700663919\n|switch|p1a: Swellow|Swellow, M|100\/100\n|turn|27\n|\n|t:|1700663925\n|move|p1a: Swellow|Boomburst|p2a: Toxapex\n|-damage|p2a: Toxapex|38\/100\n|move|p2a: Toxapex|Knock Off|p1a: Swellow\n|-damage|p1a: Swellow|75\/100\n|-enditem|p1a: Swellow|Choice Specs|[from] move: Knock Off|[of] p2a: Toxapex\n|\n|upkeep\n|turn|28\n|\n|t:|1700663941\n|move|p1a: Swellow|Boomburst|p2a: Toxapex\n|-damage|p2a: Toxapex|0 fnt\n|faint|p2a: Toxapex\n|\n|upkeep\n|\n|t:|1700663948\n|switch|p2a: Ditto|Ditto|87\/100\n|-transform|p2a: Ditto|p1a: Swellow|[from] ability: Imposter\n|turn|29\n|\n|t:|1700663958\n|move|p2a: Ditto|Boomburst|p1a: Swellow\n|-damage|p1a: Swellow|0 fnt\n|faint|p1a: Swellow\n|\n|upkeep\n|\n|t:|1700663970\n|switch|p1a: Hydreigon|Hydreigon, M|69\/100 psn\n|turn|30\n|\n|t:|1700663979\n|move|p2a: Ditto|Boomburst|p1a: Hydreigon\n|-damage|p1a: Hydreigon|16\/100 psn\n|move|p1a: Hydreigon|Draco Meteor|p2a: Ditto\n|-damage|p2a: Ditto|0 fnt\n|-unboost|p1a: Hydreigon|spa|2\n|faint|p2a: Ditto\n|\n|-damage|p1a: Hydreigon|3\/100 psn|[from] psn\n|upkeep\n|\n|t:|1700663989\n|switch|p2a: Cinderace|Cinderace, F|70\/100\n|turn|31\n|\n|t:|1700663996\n|move|p2a: Cinderace|Pyro Ball|p1a: Hydreigon|[miss]\n|-miss|p2a: Cinderace|p1a: Hydreigon\n|move|p1a: Hydreigon|Hydro Pump|p2a: Cinderace\n|-supereffective|p2a: Cinderace\n|-damage|p2a: Cinderace|24\/100\n|\n|-damage|p1a: Hydreigon|0 fnt|[from] psn\n|faint|p1a: Hydreigon\n|upkeep\n|\n|t:|1700664004\n|switch|p1a: Sceptile|Sceptile, M|100\/100\n|-status|p1a: Sceptile|psn\n|turn|32\n|\n|t:|1700664013\n|detailschange|p1a: Sceptile|Sceptile-Mega, M\n|-mega|p1a: Sceptile|Sceptile|Sceptilite\n|move|p1a: Sceptile|Dragon Pulse|p2a: Cinderace\n|-damage|p2a: Cinderace|0 fnt\n|faint|p2a: Cinderace\n|\n|win|ManitKhurana\n|raw|ManitKhurana's rating: 1083 &rarr; <strong>1111<\/strong><br \/>(+28 for winning)\n|raw|D.wolf94's rating: 1091 &rarr; <strong>1067<\/strong><br \/>(-24 for losing)\n|l|\u2606D.wolf94\n","uploadtime":1700664021,"views":0,"p1id":"manitkhurana","p2id":"dwolf94","formatid":"gen9nationaldex","rating":1067,"private":0,"password":""}