{"id":"gen9nationaldex-1992007754","p1":"payio1","p2":"UncannyHavok","format":"[Gen 9] National Dex","log":"|j|\u2606payio1\n|j|\u2606UncannyHavok\n|t:|1700147241\n|gametype|singles\n|player|p1|payio1|169|1091\n|player|p2|UncannyHavok|265|1110\n|teamsize|p1|6\n|teamsize|p2|6\n|gen|9\n|tier|[Gen 9] National Dex\n|rated|\n|rule|HP Percentage Mod: HP is shown in percentages\n|rule|Endless Battle Clause: Forcing endless battles is banned\n|rule|OHKO Clause: OHKO moves are banned\n|rule|Evasion Clause: Evasion abilities, items, and moves are banned\n|rule|Evasion Abilities Clause: Evasion abilities are banned\n|rule|Evasion Items Clause: Evasion items are banned\n|rule|Evasion Moves Clause: Evasion moves are banned\n|rule|Species Clause: Limit one of each Pok\u00e9mon\n|rule|Sleep Clause Mod: Limit one foe put to sleep\n|clearpoke\n|poke|p1|Togekiss, F|\n|poke|p1|Skarmory, M|\n|poke|p1|Chansey, F|\n|poke|p1|Gallade, M|\n|poke|p1|Reuniclus, M|\n|poke|p1|Duraludon, F|\n|poke|p2|Heliolisk, M|\n|poke|p2|Espeon, F|\n|poke|p2|Swampert, M|\n|poke|p2|Togekiss, F|\n|poke|p2|Typhlosion-Hisui, F|\n|poke|p2|Bewear, M|\n|teampreview\n|inactive|Battle timer is ON: inactive players will automatically lose when time's up. (requested by UncannyHavok)\n|inactive|payio1 also wants the timer to be on.\n|\n|t:|1700147262\n|start\n|switch|p1a: Gallade|Gallade, M, shiny|100\/100\n|switch|p2a: Heliolisk|Heliolisk, M|100\/100\n|turn|1\n|\n|t:|1700147288\n|detailschange|p1a: Gallade|Gallade-Mega, M, shiny\n|-mega|p1a: Gallade|Gallade|Galladite\n|move|p1a: Gallade|Earthquake|p2a: Heliolisk\n|-supereffective|p2a: Heliolisk\n|-enditem|p2a: Heliolisk|Focus Sash\n|-damage|p2a: Heliolisk|1\/100\n|move|p2a: Heliolisk|Thunderbolt|p1a: Gallade\n|-damage|p1a: Gallade|56\/100\n|\n|upkeep\n|turn|2\n|\n|t:|1700147301\n|switch|p2a: Togekiss|Togekiss, F|100\/100\n|move|p1a: Gallade|Earthquake|p2a: Togekiss\n|-immune|p2a: Togekiss\n|\n|upkeep\n|turn|3\n|\n|t:|1700147317\n|switch|p1a: Reuniclus|Reuniclus, M, shiny|100\/100\n|move|p2a: Togekiss|Air Slash|p1a: Reuniclus\n|-damage|p1a: Reuniclus|70\/100\n|\n|-heal|p1a: Reuniclus|76\/100|[from] item: Leftovers\n|upkeep\n|turn|4\n|inactive|UncannyHavok has 120 seconds left.\n|\n|t:|1700147333\n|switch|p2a: Espeon|Espeon, F|100\/100\n|move|p1a: Reuniclus|Toxic|p2a: Espeon\n|move|p2a: Espeon|Toxic|p1a: Reuniclus|[from]ability: Magic Bounce\n|-status|p1a: Reuniclus|tox\n|\n|-heal|p1a: Reuniclus|82\/100 tox|[from] item: Leftovers\n|-damage|p1a: Reuniclus|76\/100 tox|[from] psn\n|upkeep\n|turn|5\n|inactive|UncannyHavok has 120 seconds left.\n|\n|t:|1700147351\n|switch|p1a: Skarmory|Skarmory, M|100\/100\n|move|p2a: Espeon|Shadow Ball|p1a: Skarmory\n|-damage|p1a: Skarmory|63\/100\n|\n|upkeep\n|turn|6\n|inactive|UncannyHavok has 120 seconds left.\n|\n|t:|1700147366\n|switch|p1a: Chansey|Chansey, F, shiny|100\/100\n|move|p2a: Espeon|Shadow Ball|p1a: Chansey\n|-immune|p1a: Chansey\n|\n|upkeep\n|turn|7\n|\n|t:|1700147374\n|switch|p2a: Typhlosion|Typhlosion-Hisui, F|100\/100\n|-item|p1a: Chansey|Leftovers|[from] ability: Frisk|[of] p2a: Typhlosion|[identify]\n|move|p1a: Chansey|Heal Bell|p1a: Chansey\n|-activate|p1a: Chansey|move: Heal Bell\n|-curestatus|p1: Reuniclus|tox|[msg]\n|\n|upkeep\n|turn|8\n|\n|t:|1700147388\n|move|p2a: Typhlosion|Fire Blast|p1a: Chansey\n|-damage|p1a: Chansey|83\/100\n|move|p1a: Chansey|Toxic|p2a: Typhlosion\n|-status|p2a: Typhlosion|tox\n|\n|-heal|p1a: Chansey|89\/100|[from] item: Leftovers\n|-damage|p2a: Typhlosion|95\/100 tox|[from] psn\n|upkeep\n|turn|9\n|\n|t:|1700147411\n|switch|p2a: Bewear|Bewear, M|100\/100\n|switch|p1a: Reuniclus|Reuniclus, M, shiny|100\/100\n|\n|upkeep\n|turn|10\n|inactive|UncannyHavok has 120 seconds left.\n|\n|t:|1700147427\n|switch|p2a: Espeon|Espeon, F|100\/100\n|move|p1a: Reuniclus|Calm Mind|p1a: Reuniclus\n|-boost|p1a: Reuniclus|spa|1\n|-boost|p1a: Reuniclus|spd|1\n|\n|upkeep\n|turn|11\n|inactive|UncannyHavok has 120 seconds left.\n|\n|t:|1700147437\n|move|p2a: Espeon|Trick|p1a: Reuniclus\n|-activate|p2a: Espeon|move: Trick|[of] p1a: Reuniclus\n|-item|p1a: Reuniclus|Choice Scarf|[from] move: Trick\n|-item|p2a: Espeon|Leftovers|[from] move: Trick\n|move|p1a: Reuniclus|Calm Mind|p1a: Reuniclus\n|-boost|p1a: Reuniclus|spa|1\n|-boost|p1a: Reuniclus|spd|1\n|\n|upkeep\n|turn|12\n|\n|t:|1700147452\n|switch|p2a: Bewear|Bewear, M|100\/100\n|move|p1a: Reuniclus|Calm Mind|p1a: Reuniclus\n|-boost|p1a: Reuniclus|spa|1\n|-boost|p1a: Reuniclus|spd|1\n|\n|upkeep\n|turn|13\n|\n|t:|1700147460\n|switch|p1a: Togekiss|Togekiss, F, shiny|100\/100\n|move|p2a: Bewear|Swords Dance|p2a: Bewear\n|-boost|p2a: Bewear|atk|2\n|\n|upkeep\n|turn|14\n|\n|t:|1700147473\n|move|p1a: Togekiss|Air Slash|p2a: Bewear|[miss]\n|-miss|p1a: Togekiss|p2a: Bewear\n|-zpower|p2a: Bewear\n|move|p2a: Bewear|Breakneck Blitz|p1a: Togekiss|[zeffect]\n|-damage|p1a: Togekiss|0 fnt\n|faint|p1a: Togekiss\n|\n|upkeep\n|\n|t:|1700147493\n|switch|p1a: Gallade|Gallade-Mega, M, shiny|56\/100\n|turn|15\n|\n|t:|1700147501\n|move|p1a: Gallade|Psycho Cut|p2a: Bewear\n|-supereffective|p2a: Bewear\n|-damage|p2a: Bewear|8\/100\n|move|p2a: Bewear|Darkest Lariat|p1a: Gallade\n|-damage|p1a: Gallade|0 fnt\n|faint|p1a: Gallade\n|\n|upkeep\n|\n|t:|1700147520\n|switch|p1a: Duraludon|Duraludon, F, shiny|100\/100\n|turn|16\n|\n|t:|1700147528\n|move|p1a: Duraludon|Flash Cannon|p2a: Bewear\n|-damage|p2a: Bewear|0 fnt\n|faint|p2a: Bewear\n|\n|upkeep\n|\n|t:|1700147536\n|switch|p2a: Heliolisk|Heliolisk, M|1\/100\n|turn|17\n|\n|t:|1700147539\n|move|p1a: Duraludon|Flash Cannon|p2a: Heliolisk\n|-resisted|p2a: Heliolisk\n|-damage|p2a: Heliolisk|0 fnt\n|faint|p2a: Heliolisk\n|\n|upkeep\n|\n|t:|1700147555\n|switch|p2a: Swampert|Swampert, M|100\/100\n|turn|18\n|\n|t:|1700147561\n|switch|p1a: Skarmory|Skarmory, M|63\/100\n|move|p2a: Swampert|Stealth Rock|p1a: Skarmory\n|-sidestart|p1: payio1|move: Stealth Rock\n|\n|upkeep\n|turn|19\n|\n|t:|1700147568\n|move|p1a: Skarmory|Defog|p2a: Swampert\n|-unboost|p2a: Swampert|evasion|1\n|-sideend|p1: payio1|Stealth Rock|[from] move: Defog|[of] p1a: Skarmory\n|move|p2a: Swampert|Flip Turn|p1a: Skarmory\n|-damage|p1a: Skarmory|51\/100\n|-damage|p2a: Swampert|84\/100|[from] item: Rocky Helmet|[of] p1a: Skarmory\n|\n|t:|1700147576\n|switch|p2a: Typhlosion|Typhlosion-Hisui, F|95\/100 tox|[from] Flip Turn\n|-item|p1a: Skarmory|Rocky Helmet|[from] ability: Frisk|[of] p2a: Typhlosion|[identify]\n|\n|-damage|p2a: Typhlosion|89\/100 tox|[from] psn\n|upkeep\n|turn|20\n|\n|t:|1700147585\n|switch|p2a: Swampert|Swampert, M|84\/100\n|switch|p1a: Chansey|Chansey, F, shiny|89\/100\n|\n|-heal|p2a: Swampert|90\/100|[from] item: Leftovers\n|-heal|p1a: Chansey|95\/100|[from] item: Leftovers\n|upkeep\n|turn|21\n|\n|t:|1700147601\n|move|p2a: Swampert|Yawn|p1a: Chansey\n|-start|p1a: Chansey|move: Yawn|[of] p2a: Swampert\n|move|p1a: Chansey|Seismic Toss|p2a: Swampert\n|-damage|p2a: Swampert|65\/100\n|\n|-heal|p2a: Swampert|72\/100|[from] item: Leftovers\n|-heal|p1a: Chansey|100\/100|[from] item: Leftovers\n|upkeep\n|turn|22\n|\n|t:|1700147610\n|switch|p1a: Reuniclus|Reuniclus, M, shiny|100\/100\n|move|p2a: Swampert|Flip Turn|p1a: Reuniclus\n|-damage|p1a: Reuniclus|84\/100\n|\n|t:|1700147619\n|switch|p2a: Typhlosion|Typhlosion-Hisui, F|89\/100 tox|[from] Flip Turn\n|-item|p1a: Reuniclus|Choice Scarf|[from] ability: Frisk|[of] p2a: Typhlosion|[identify]\n|\n|-damage|p2a: Typhlosion|83\/100 tox|[from] psn\n|upkeep\n|turn|23\n|\n|t:|1700147629\n|move|p2a: Typhlosion|Fire Blast|p1a: Reuniclus\n|-damage|p1a: Reuniclus|34\/100\n|move|p1a: Reuniclus|Recover|p1a: Reuniclus\n|-heal|p1a: Reuniclus|84\/100\n|\n|-damage|p2a: Typhlosion|71\/100 tox|[from] psn\n|upkeep\n|turn|24\n|\n|t:|1700147638\n|move|p2a: Typhlosion|Shadow Ball|p1a: Reuniclus\n|-supereffective|p1a: Reuniclus\n|-damage|p1a: Reuniclus|16\/100\n|move|p1a: Reuniclus|Recover|p1a: Reuniclus\n|-heal|p1a: Reuniclus|66\/100\n|\n|-damage|p2a: Typhlosion|53\/100 tox|[from] psn\n|upkeep\n|turn|25\n|\n|t:|1700147648\n|move|p2a: Typhlosion|Shadow Ball|p1a: Reuniclus\n|-supereffective|p1a: Reuniclus\n|-damage|p1a: Reuniclus|0 fnt\n|faint|p1a: Reuniclus\n|\n|-damage|p2a: Typhlosion|29\/100 tox|[from] psn\n|upkeep\n|\n|t:|1700147660\n|switch|p1a: Duraludon|Duraludon, F, shiny|100\/100\n|turn|26\n|\n|t:|1700147670\n|switch|p1a: Chansey|Chansey, F, shiny|100\/100\n|move|p2a: Typhlosion|Fire Blast|p1a: Chansey\n|-damage|p1a: Chansey|83\/100\n|\n|-heal|p1a: Chansey|89\/100|[from] item: Leftovers\n|-damage|p2a: Typhlosion|0 fnt|[from] psn\n|faint|p2a: Typhlosion\n|upkeep\n|\n|t:|1700147680\n|switch|p2a: Swampert|Swampert, M|72\/100\n|turn|27\n|\n|t:|1700147688\n|move|p2a: Swampert|Earthquake|p1a: Chansey\n|-damage|p1a: Chansey|1\/100\n|move|p1a: Chansey|Toxic|p2a: Swampert\n|-status|p2a: Swampert|tox\n|\n|-heal|p2a: Swampert|78\/100 tox|[from] item: Leftovers\n|-heal|p1a: Chansey|8\/100|[from] item: Leftovers\n|-damage|p2a: Swampert|72\/100 tox|[from] psn\n|upkeep\n|turn|28\n|\n|t:|1700147699\n|switch|p1a: Skarmory|Skarmory, M|51\/100\n|move|p2a: Swampert|Flip Turn|p1a: Skarmory\n|-crit|p1a: Skarmory\n|-damage|p1a: Skarmory|30\/100\n|-damage|p2a: Swampert|55\/100 tox|[from] item: Rocky Helmet|[of] p1a: Skarmory\n|\n|t:|1700147709\n|switch|p2a: Espeon|Espeon, F|100\/100|[from] Flip Turn\n|\n|upkeep\n|turn|29\n|\n|t:|1700147714\n|switch|p1a: Chansey|Chansey, F, shiny|8\/100\n|move|p2a: Espeon|Psychic|p1a: Chansey\n|-damage|p1a: Chansey|0 fnt\n|faint|p1a: Chansey\n|\n|upkeep\n|\n|t:|1700147719\n|switch|p1a: Duraludon|Duraludon, F, shiny|100\/100\n|turn|30\n|\n|t:|1700147725\n|move|p1a: Duraludon|Dark Pulse|p2a: Espeon\n|-supereffective|p2a: Espeon\n|-damage|p2a: Espeon|36\/100\n|move|p2a: Espeon|Trick|p1a: Duraludon\n|-activate|p2a: Espeon|move: Trick|[of] p1a: Duraludon\n|-item|p1a: Duraludon|Leftovers|[from] move: Trick\n|-item|p2a: Espeon|Choice Scarf|[from] move: Trick\n|\n|upkeep\n|turn|31\n|\n|t:|1700147735\n|switch|p2a: Togekiss|Togekiss, F|100\/100\n|move|p1a: Duraludon|Dark Pulse|p2a: Togekiss\n|-resisted|p2a: Togekiss\n|-damage|p2a: Togekiss|89\/100\n|\n|upkeep\n|turn|32\n|\n|t:|1700147750\n|-terastallize|p1a: Duraludon|Steel\n|-terastallize|p2a: Togekiss|Steel\n|move|p1a: Duraludon|Flash Cannon|p2a: Togekiss\n|-resisted|p2a: Togekiss\n|-damage|p2a: Togekiss|66\/100\n|move|p2a: Togekiss|Nasty Plot|p2a: Togekiss\n|-boost|p2a: Togekiss|spa|2\n|\n|upkeep\n|turn|33\n|\n|t:|1700147763\n|move|p1a: Duraludon|Thunderbolt|p2a: Togekiss\n|-damage|p2a: Togekiss|42\/100\n|move|p2a: Togekiss|Air Slash|p1a: Duraludon\n|-resisted|p1a: Duraludon\n|-damage|p1a: Duraludon|43\/100\n|\n|-heal|p1a: Duraludon|49\/100|[from] item: Leftovers\n|upkeep\n|turn|34\n|\n|t:|1700147772\n|move|p1a: Duraludon|Dark Pulse|p2a: Togekiss\n|-crit|p2a: Togekiss\n|-damage|p2a: Togekiss|8\/100\n|move|p2a: Togekiss|Roost|p2a: Togekiss\n|-heal|p2a: Togekiss|58\/100\n|\n|-heal|p1a: Duraludon|55\/100|[from] item: Leftovers\n|upkeep\n|turn|35\n|\n|t:|1700147780\n|move|p1a: Duraludon|Dark Pulse|p2a: Togekiss\n|-damage|p2a: Togekiss|37\/100\n|cant|p2a: Togekiss|flinch\n|\n|-heal|p1a: Duraludon|61\/100|[from] item: Leftovers\n|upkeep\n|turn|36\n|\n|t:|1700147788\n|move|p1a: Duraludon|Dark Pulse|p2a: Togekiss\n|-damage|p2a: Togekiss|16\/100\n|move|p2a: Togekiss|Roost|p2a: Togekiss\n|-heal|p2a: Togekiss|66\/100\n|\n|-heal|p1a: Duraludon|67\/100|[from] item: Leftovers\n|upkeep\n|turn|37\n|\n|t:|1700147797\n|move|p1a: Duraludon|Dark Pulse|p2a: Togekiss\n|-damage|p2a: Togekiss|46\/100\n|move|p2a: Togekiss|Air Slash|p1a: Duraludon\n|-resisted|p1a: Duraludon\n|-damage|p1a: Duraludon|1\/100\n|\n|-heal|p1a: Duraludon|7\/100|[from] item: Leftovers\n|upkeep\n|turn|38\n|\n|t:|1700147805\n|move|p1a: Duraludon|Dark Pulse|p2a: Togekiss\n|-damage|p2a: Togekiss|25\/100\n|cant|p2a: Togekiss|flinch\n|\n|-heal|p1a: Duraludon|13\/100|[from] item: Leftovers\n|upkeep\n|turn|39\n|\n|t:|1700147813\n|move|p1a: Duraludon|Dark Pulse|p2a: Togekiss\n|-damage|p2a: Togekiss|4\/100\n|cant|p2a: Togekiss|flinch\n|\n|-heal|p1a: Duraludon|19\/100|[from] item: Leftovers\n|upkeep\n|turn|40\n|\n|t:|1700147822\n|move|p1a: Duraludon|Dark Pulse|p2a: Togekiss\n|-damage|p2a: Togekiss|0 fnt\n|faint|p2a: Togekiss\n|\n|-heal|p1a: Duraludon|25\/100|[from] item: Leftovers\n|upkeep\n|\n|t:|1700147831\n|switch|p2a: Espeon|Espeon, F|36\/100\n|turn|41\n|\n|t:|1700147844\n|move|p2a: Espeon|Psychic|p1a: Duraludon\n|-resisted|p1a: Duraludon\n|-damage|p1a: Duraludon|0 fnt\n|faint|p1a: Duraludon\n|\n|upkeep\n|\n|t:|1700147848\n|switch|p1a: Skarmory|Skarmory, M|30\/100\n|turn|42\n|\n|t:|1700147851\n|move|p2a: Espeon|Psychic|p1a: Skarmory\n|-resisted|p1a: Skarmory\n|-damage|p1a: Skarmory|0 fnt\n|faint|p1a: Skarmory\n|\n|win|UncannyHavok\n|raw|payio1's rating: 1114 &rarr; <strong>1089<\/strong><br \/>(-25 for losing)\n|raw|UncannyHavok's rating: 1110 &rarr; <strong>1135<\/strong><br \/>(+25 for winning)\n|l|\u2606payio1\n","uploadtime":1700147858,"views":22,"p1id":"payio1","p2id":"uncannyhavok","formatid":"gen9nationaldex","rating":1089,"private":0,"password":""}