{"id":"gen9nationaldex-1999697484","p1":"metroid34","p2":"Un0eg0","format":"[Gen 9] National Dex","log":"|html|<div class=\"broadcast-blue\"><strong>[Gen 9] National Dex is currently suspecting Sneasler! For information on how to participate check out the <a href=\"https:\/\/www.smogon.com\/forums\/threads\/sv-national-dex-suspect-8-just-dance.3731534\/\">suspect thread<\/a>.<\/strong><\/div>\n|j|\u2606metroid34\n|j|\u2606Un0eg0\n|t:|1701108745\n|gametype|singles\n|player|p1|metroid34|102|1223\n|player|p2|Un0eg0|ash|1287\n|teamsize|p1|6\n|teamsize|p2|6\n|gen|9\n|tier|[Gen 9] National Dex\n|rated|\n|rule|HP Percentage Mod: HP is shown in percentages\n|rule|Endless Battle Clause: Forcing endless battles is banned\n|rule|OHKO Clause: OHKO moves are banned\n|rule|Evasion Clause: Evasion abilities, items, and moves are banned\n|rule|Evasion Abilities Clause: Evasion abilities are banned\n|rule|Evasion Items Clause: Evasion items are banned\n|rule|Evasion Moves Clause: Evasion moves are banned\n|rule|Species Clause: Limit one of each Pok\u00e9mon\n|rule|Sleep Clause Mod: Limit one foe put to sleep\n|clearpoke\n|poke|p1|Greninja-*, M|\n|poke|p1|Zamazenta-*|\n|poke|p1|Moltres|\n|poke|p1|Ferrothorn, F|\n|poke|p1|Swampert, F|\n|poke|p1|Kleavor, M|\n|poke|p2|Pikachu, F|\n|poke|p2|Lucario, M|\n|poke|p2|Gengar, M|\n|poke|p2|Dragonite, M|\n|poke|p2|Sirfetch\u2019d, M|\n|poke|p2|Greninja-*, M|\n|teampreview\n|inactive|Battle timer is ON: inactive players will automatically lose when time's up. (requested by Un0eg0)\n|inactive|metroid34 has 120 seconds left.\n|\n|t:|1701108783\n|start\n|switch|p1a: Kleavor|Kleavor, M|100\/100\n|switch|p2a: KaMon|Sirfetch\u2019d, M|100\/100\n|turn|1\n|\n|t:|1701108791\n|move|p1a: Kleavor|U-turn|p2a: KaMon\n|-resisted|p2a: KaMon\n|-damage|p2a: KaMon|77\/100\n|\n|t:|1701108794\n|switch|p1a: Moltres|Moltres|100\/100|[from] U-turn\n|move|p2a: KaMon|Close Combat|p1a: Moltres\n|-resisted|p1a: Moltres\n|-crit|p1a: Moltres\n|-damage|p1a: Moltres|46\/100\n|-unboost|p2a: KaMon|def|1\n|-unboost|p2a: KaMon|spd|1\n|\n|upkeep\n|turn|2\n|\n|t:|1701108803\n|move|p1a: Moltres|Roost|p1a: Moltres\n|-heal|p1a: Moltres|96\/100\n|-singleturn|p1a: Moltres|move: Roost\n|move|p2a: KaMon|Close Combat|p1a: Moltres\n|-crit|p1a: Moltres\n|-damage|p1a: Moltres|0 fnt\n|-unboost|p2a: KaMon|def|1\n|-unboost|p2a: KaMon|spd|1\n|faint|p1a: Moltres\n|\n|upkeep\n|inactive|metroid34 has 120 seconds left.\n|\n|t:|1701108836\n|switch|p1a: Greninja|Greninja, M|100\/100\n|turn|3\n|\n|t:|1701108842\n|switch|p2a: Drago|Dragonite, M|100\/100\n|move|p1a: Greninja|Surf|p2a: Drago\n|-resisted|p2a: Drago\n|-damage|p2a: Drago|89\/100\n|\n|upkeep\n|turn|4\n|\n|t:|1701108848\n|move|p2a: Drago|Extreme Speed|p1a: Greninja\n|-damage|p1a: Greninja|51\/100\n|move|p1a: Greninja|Ice Beam|p2a: Drago\n|-supereffective|p2a: Drago\n|-damage|p2a: Drago|0 fnt\n|faint|p2a: Drago\n|-ability|p1a: Greninja|Battle Bond|boost\n|-boost|p1a: Greninja|atk|1\n|-boost|p1a: Greninja|spa|1\n|-boost|p1a: Greninja|spe|1\n|-activate|p1a: Greninja|ability: Battle Bond\n|\n|upkeep\n|\n|t:|1701108854\n|switch|p2a: KaMon|Sirfetch\u2019d, M|77\/100\n|turn|5\n|inactive|metroid34 has 120 seconds left.\n|\n|t:|1701108887\n|move|p2a: KaMon|First Impression|p1a: Greninja\n|-supereffective|p1a: Greninja\n|-crit|p1a: Greninja\n|-damage|p1a: Greninja|0 fnt\n|faint|p1a: Greninja\n|\n|upkeep\n|inactive|metroid34 has 120 seconds left.\n|\n|t:|1701108905\n|switch|p1a: Kleavor|Kleavor, M|100\/100\n|turn|6\n|\n|t:|1701108908\n|move|p1a: Kleavor|Stone Axe|p2a: KaMon\n|-resisted|p2a: KaMon\n|-damage|p2a: KaMon|49\/100\n|-sidestart|p2: Un0eg0|move: Stealth Rock\n|move|p2a: KaMon|Close Combat|p1a: Kleavor\n|-damage|p1a: Kleavor|14\/100\n|-unboost|p2a: KaMon|def|1\n|-unboost|p2a: KaMon|spd|1\n|\n|upkeep\n|turn|7\n|\n|t:|1701108916\n|move|p1a: Kleavor|Stone Axe|p2a: KaMon\n|-resisted|p2a: KaMon\n|-damage|p2a: KaMon|0 fnt\n|faint|p2a: KaMon\n|\n|upkeep\n|\n|t:|1701108922\n|switch|p2a: Star platinum|Lucario, M|100\/100\n|-damage|p2a: Star platinum|98\/100|[from] Stealth Rock\n|turn|8\n|\n|t:|1701108930\n|switch|p1a: Swampert|Swampert, F|100\/100\n|move|p2a: Star platinum|Meteor Mash|p1a: Swampert\n|-resisted|p1a: Swampert\n|-damage|p1a: Swampert|76\/100\n|-damage|p2a: Star platinum|88\/100|[from] item: Life Orb\n|\n|upkeep\n|turn|9\n|\n|t:|1701108939\n|detailschange|p1a: Swampert|Swampert-Mega, F\n|-mega|p1a: Swampert|Swampert|Swampertite\n|move|p2a: Star platinum|Close Combat|p1a: Swampert\n|-damage|p1a: Swampert|14\/100\n|-unboost|p2a: Star platinum|def|1\n|-unboost|p2a: Star platinum|spd|1\n|-damage|p2a: Star platinum|78\/100|[from] item: Life Orb\n|move|p1a: Swampert|Earthquake|p2a: Star platinum\n|-supereffective|p2a: Star platinum\n|-damage|p2a: Star platinum|0 fnt\n|faint|p2a: Star platinum\n|\n|upkeep\n|\n|t:|1701108965\n|switch|p2a: Naruto|Greninja, M|100\/100\n|-damage|p2a: Naruto|88\/100|[from] Stealth Rock\n|turn|10\n|\n|t:|1701108968\n|move|p2a: Naruto|Dark Pulse|p1a: Swampert\n|-damage|p1a: Swampert|0 fnt\n|faint|p1a: Swampert\n|-ability|p2a: Naruto|Battle Bond|boost\n|-boost|p2a: Naruto|atk|1\n|-boost|p2a: Naruto|spa|1\n|-boost|p2a: Naruto|spe|1\n|-activate|p2a: Naruto|ability: Battle Bond\n|\n|upkeep\n|\n|t:|1701108976\n|switch|p1a: Ferrothorn|Ferrothorn, F|100\/100\n|turn|11\n|\n|t:|1701108980\n|move|p2a: Naruto|Dark Pulse|p1a: Ferrothorn\n|-damage|p1a: Ferrothorn|31\/100\n|cant|p1a: Ferrothorn|flinch\n|\n|upkeep\n|turn|12\n|\n|t:|1701108988\n|switch|p1a: Kleavor|Kleavor, M|14\/100\n|move|p2a: Naruto|Dark Pulse|p1a: Kleavor\n|-damage|p1a: Kleavor|0 fnt\n|faint|p1a: Kleavor\n|\n|upkeep\n|\n|t:|1701108994\n|switch|p1a: Zamazenta|Zamazenta|100\/100\n|-ability|p1a: Zamazenta|Dauntless Shield|boost\n|-boost|p1a: Zamazenta|def|1\n|turn|13\n|\n|t:|1701109001\n|move|p2a: Naruto|Dark Pulse|p1a: Zamazenta\n|-resisted|p1a: Zamazenta\n|-damage|p1a: Zamazenta|73\/100\n|move|p1a: Zamazenta|Substitute|p1a: Zamazenta\n|-start|p1a: Zamazenta|Substitute\n|-damage|p1a: Zamazenta|49\/100\n|\n|-heal|p1a: Zamazenta|55\/100|[from] item: Leftovers\n|upkeep\n|turn|14\n|\n|t:|1701109010\n|move|p2a: Naruto|Dark Pulse|p1a: Zamazenta\n|-resisted|p1a: Zamazenta\n|-end|p1a: Zamazenta|Substitute\n|move|p1a: Zamazenta|Body Press|p2a: Naruto\n|-supereffective|p2a: Naruto\n|-damage|p2a: Naruto|0 fnt\n|faint|p2a: Naruto\n|\n|-heal|p1a: Zamazenta|61\/100|[from] item: Leftovers\n|upkeep\n|\n|t:|1701109027\n|switch|p2a: Bachira|Gengar, M|100\/100\n|-damage|p2a: Bachira|88\/100|[from] Stealth Rock\n|turn|15\n|\n|t:|1701109040\n|-terastallize|p1a: Zamazenta|Dark\n|move|p2a: Bachira|Sludge Wave|p1a: Zamazenta\n|-damage|p1a: Zamazenta|22\/100\n|-status|p1a: Zamazenta|psn\n|move|p1a: Zamazenta|Crunch|p2a: Bachira\n|-supereffective|p2a: Bachira\n|-crit|p2a: Bachira\n|-damage|p2a: Bachira|0 fnt\n|faint|p2a: Bachira\n|\n|-heal|p1a: Zamazenta|28\/100 psn|[from] item: Leftovers\n|-damage|p1a: Zamazenta|16\/100 psn|[from] psn\n|upkeep\n|\n|t:|1701109044\n|switch|p2a: Zatch|Pikachu, F, shiny|100\/100\n|-damage|p2a: Zatch|88\/100|[from] Stealth Rock\n|turn|16\n|\n|t:|1701109054\n|-terastallize|p2a: Zatch|Normal\n|move|p2a: Zatch|Fake Out|p1a: Zamazenta\n|-damage|p1a: Zamazenta|5\/100 psn\n|cant|p1a: Zamazenta|flinch\n|\n|-heal|p1a: Zamazenta|11\/100 psn|[from] item: Leftovers\n|-damage|p1a: Zamazenta|0 fnt|[from] psn\n|faint|p1a: Zamazenta\n|upkeep\n|\n|t:|1701109062\n|switch|p1a: Ferrothorn|Ferrothorn, F|31\/100\n|turn|17\n|\n|t:|1701109071\n|move|p2a: Zatch|Knock Off|p1a: Ferrothorn\n|-damage|p1a: Ferrothorn|0 fnt\n|-damage|p2a: Zatch|76\/100|[from] ability: Iron Barbs|[of] p1a: Ferrothorn\n|-enditem|p1a: Ferrothorn|Choice Band|[from] move: Knock Off|[of] p2a: Zatch\n|faint|p1a: Ferrothorn\n|\n|win|Un0eg0\n|raw|metroid34's rating: 1223 &rarr; <strong>1203<\/strong><br \/>(-20 for losing)\n|raw|Un0eg0's rating: 1287 &rarr; <strong>1307<\/strong><br \/>(+20 for winning)\n|l|\u2606metroid34\n","uploadtime":1701109080,"views":1,"p1id":"metroid34","p2id":"un0eg0","formatid":"gen9nationaldex","rating":1203,"private":0,"password":""}