{"id":"gen9nationaldex-1991739525","p1":"shenxie","p2":"Astral_jayj","format":"[Gen 9] National Dex","log":"|j|\u2606shenxie\n|j|\u2606Astral_jayj\n|t:|1700109272\n|gametype|singles\n|player|p1|shenxie|steven|1325\n|player|p2|Astral_jayj|170|1261\n|teamsize|p1|6\n|teamsize|p2|6\n|gen|9\n|tier|[Gen 9] National Dex\n|rated|\n|rule|HP Percentage Mod: HP is shown in percentages\n|rule|Endless Battle Clause: Forcing endless battles is banned\n|rule|OHKO Clause: OHKO moves are banned\n|rule|Evasion Clause: Evasion abilities, items, and moves are banned\n|rule|Evasion Abilities Clause: Evasion abilities are banned\n|rule|Evasion Items Clause: Evasion items are banned\n|rule|Evasion Moves Clause: Evasion moves are banned\n|rule|Species Clause: Limit one of each Pok\u00e9mon\n|rule|Sleep Clause Mod: Limit one foe put to sleep\n|clearpoke\n|poke|p1|Dragonite, F|\n|poke|p1|Diancie|\n|poke|p1|Great Tusk|\n|poke|p1|Zapdos|\n|poke|p1|Greninja-*, M|\n|poke|p1|Volcarona, F|\n|poke|p2|Mew|\n|poke|p2|Weavile, M|\n|poke|p2|Celesteela|\n|poke|p2|Garchomp, M|\n|poke|p2|Blacephalon|\n|poke|p2|Crawdaunt, F|\n|teampreview\n|inactive|Battle timer is ON: inactive players will automatically lose when time's up. (requested by shenxie)\n|\n|t:|1700109294\n|start\n|switch|p1a: Diancie|Diancie|100\/100\n|switch|p2a: Mew|Mew, shiny|100\/100\n|turn|1\n|\n|t:|1700109317\n|switch|p2a: Garchomp|Garchomp, M, shiny|100\/100\n|detailschange|p1a: Diancie|Diancie-Mega\n|-mega|p1a: Diancie|Diancie|Diancite\n|move|p1a: Diancie|Diamond Storm|p2a: Garchomp\n|-resisted|p2a: Garchomp\n|-damage|p2a: Garchomp|72\/100\n|\n|upkeep\n|turn|2\n|\n|t:|1700109342\n|switch|p2a: Celesteela|Celesteela, shiny|100\/100\n|move|p1a: Diancie|Mystical Fire|p2a: Celesteela\n|-supereffective|p2a: Celesteela\n|-damage|p2a: Celesteela|39\/100\n|-unboost|p2a: Celesteela|spa|1\n|\n|upkeep\n|turn|3\n|\n|t:|1700109350\n|switch|p2a: Crawdaunt|Crawdaunt, F, shiny|100\/100\n|move|p1a: Diancie|Mystical Fire|p2a: Crawdaunt\n|-resisted|p2a: Crawdaunt\n|-damage|p2a: Crawdaunt|70\/100\n|-unboost|p2a: Crawdaunt|spa|1\n|\n|upkeep\n|turn|4\n|\n|t:|1700109361\n|move|p1a: Diancie|Moonblast|p2a: Crawdaunt\n|-supereffective|p2a: Crawdaunt\n|-damage|p2a: Crawdaunt|0 fnt\n|faint|p2a: Crawdaunt\n|\n|upkeep\n|\n|t:|1700109369\n|switch|p2a: Weavile|Weavile, M, shiny|100\/100\n|-ability|p2a: Weavile|Pressure\n|turn|5\n|\n|t:|1700109372\n|move|p1a: Diancie|Moonblast|p2a: Weavile\n|-supereffective|p2a: Weavile\n|-damage|p2a: Weavile|0 fnt\n|faint|p2a: Weavile\n|\n|upkeep\n|\n|t:|1700109374\n|switch|p2a: Garchomp|Garchomp, M, shiny|72\/100\n|turn|6\n|\n|t:|1700109377\n|move|p1a: Diancie|Moonblast|p2a: Garchomp\n|-supereffective|p2a: Garchomp\n|-damage|p2a: Garchomp|0 fnt\n|faint|p2a: Garchomp\n|\n|upkeep\n|\n|t:|1700109381\n|switch|p2a: Blacephalon|Blacephalon, shiny|100\/100\n|turn|7\n|\n|t:|1700109384\n|move|p2a: Blacephalon|Shadow Ball|p1a: Diancie\n|-damage|p1a: Diancie|27\/100\n|move|p1a: Diancie|Diamond Storm|p2a: Blacephalon\n|-supereffective|p2a: Blacephalon\n|-damage|p2a: Blacephalon|0 fnt\n|-boost|p1a: Diancie|def|2\n|faint|p2a: Blacephalon\n|\n|upkeep\n|\n|t:|1700109390\n|switch|p2a: Celesteela|Celesteela, shiny|39\/100\n|turn|8\n|\n|t:|1700109397\n|move|p1a: Diancie|Mystical Fire|p2a: Celesteela\n|-supereffective|p2a: Celesteela\n|-damage|p2a: Celesteela|0 fnt\n|faint|p2a: Celesteela\n|\n|upkeep\n|\n|t:|1700109400\n|switch|p2a: Mew|Mew, shiny|100\/100\n|turn|9\n|-message|Astral_jayj forfeited.\n|\n|win|shenxie\n|raw|shenxie's rating: 1325 &rarr; <strong>1341<\/strong><br \/>(+16 for winning)\n|raw|Astral_jayj's rating: 1261 &rarr; <strong>1241<\/strong><br \/>(-20 for losing)\n|l|\u2606Astral_jayj\n","uploadtime":1700109411,"views":6,"p1id":"shenxie","p2id":"astraljayj","formatid":"gen9nationaldex","rating":1241,"private":0,"password":""}