{"id":"gen9nationaldex-1996278718","p1":"AlastorTheOverlord","p2":"elpepealvarado","format":"[Gen 9] National Dex","log":"|html|<div class=\"broadcast-blue\"><strong>[Gen 9] National Dex is currently suspecting Sneasler! For information on how to participate check out the <a href=\"https:\/\/www.smogon.com\/forums\/threads\/sv-national-dex-suspect-8-just-dance.3731534\/\">suspect thread<\/a>.<\/strong><\/div>\n|j|\u2606AlastorTheOverlord\n|j|\u2606elpepealvarado\n|t:|1700666870\n|gametype|singles\n|player|p1|AlastorTheOverlord|n|\n|player|p2|elpepealvarado|ghetsis|\n|teamsize|p1|6\n|teamsize|p2|6\n|gen|9\n|tier|[Gen 9] National Dex\n|rule|HP Percentage Mod: HP is shown in percentages\n|rule|Endless Battle Clause: Forcing endless battles is banned\n|rule|OHKO Clause: OHKO moves are banned\n|rule|Evasion Clause: Evasion abilities, items, and moves are banned\n|rule|Evasion Abilities Clause: Evasion abilities are banned\n|rule|Evasion Items Clause: Evasion items are banned\n|rule|Evasion Moves Clause: Evasion moves are banned\n|rule|Species Clause: Limit one of each Pok\u00e9mon\n|rule|Sleep Clause Mod: Limit one foe put to sleep\n|clearpoke\n|poke|p1|Greninja-*, M|\n|poke|p1|Garchomp, M|\n|poke|p1|Chandelure, M|\n|poke|p1|Azumarill, M|\n|poke|p1|Aegislash, F|\n|poke|p1|Talonflame, F|\n|poke|p2|Charizard, M|\n|poke|p2|Ferrothorn, M|\n|poke|p2|Hoopa-Unbound|\n|poke|p2|Greninja-*, M|\n|poke|p2|Clodsire, M|\n|poke|p2|Hatterene, F|\n|teampreview\n|inactive|Battle timer is ON: inactive players will automatically lose when time's up. (requested by AlastorTheOverlord)\n|j| RedFRLG2004\n|\n|t:|1700666884\n|start\n|switch|p1a: Chandelure|Chandelure, M|100\/100\n|switch|p2a: Clodsire|Clodsire, M|100\/100\n|turn|1\n|\n|t:|1700666897\n|move|p1a: Chandelure|Energy Ball|p2a: Clodsire\n|-damage|p2a: Clodsire|82\/100\n|move|p2a: Clodsire|Toxic|p1a: Chandelure\n|-status|p1a: Chandelure|tox\n|\n|-heal|p2a: Clodsire|88\/100|[from] item: Leftovers\n|-damage|p1a: Chandelure|94\/100 tox|[from] psn\n|upkeep\n|turn|2\n|\n|t:|1700666907\n|switch|p1a: Aegislash|Aegislash, F|100\/100\n|move|p2a: Clodsire|Stealth Rock|p1a: Aegislash\n|-sidestart|p1: AlastorTheOverlord|move: Stealth Rock\n|\n|-heal|p2a: Clodsire|95\/100|[from] item: Leftovers\n|upkeep\n|turn|3\n|\n|t:|1700666918\n|switch|p2a: Hatterene|Hatterene, F|100\/100\n|move|p1a: Aegislash|Swords Dance|p1a: Aegislash\n|-boost|p1a: Aegislash|atk|2\n|\n|upkeep\n|turn|4\n|\n|t:|1700666926\n|-formechange|p1a: Aegislash|Aegislash-Blade||[from] ability: Stance Change\n|move|p1a: Aegislash|Shadow Sneak|p2a: Hatterene\n|-supereffective|p2a: Hatterene\n|-damage|p2a: Hatterene|0 fnt\n|faint|p2a: Hatterene\n|\n|upkeep\n|\n|t:|1700666937\n|switch|p2a: Charizard|Charizard, M|100\/100\n|turn|5\n|\n|t:|1700666954\n|switch|p1a: Talonflame|Talonflame, F|100\/100\n|detailschange|p2a: Charizard|Charizard-Mega-X, M\n|-mega|p2a: Charizard|Charizard|Charizardite X\n|move|p2a: Charizard|Earthquake|p1a: Talonflame\n|-immune|p1a: Talonflame\n|\n|upkeep\n|turn|6\n|\n|t:|1700666966\n|move|p1a: Talonflame|Defog|p2a: Charizard\n|-unboost|p2a: Charizard|evasion|1\n|-sideend|p1: AlastorTheOverlord|Stealth Rock|[from] move: Defog|[of] p1a: Talonflame\n|move|p2a: Charizard|Earthquake|p1a: Talonflame\n|-immune|p1a: Talonflame\n|\n|upkeep\n|turn|7\n|\n|t:|1700666987\n|move|p1a: Talonflame|Brave Bird|p2a: Charizard\n|-damage|p2a: Charizard|56\/100\n|-damage|p1a: Talonflame|86\/100|[from] Recoil\n|move|p2a: Charizard|Dragon Dance|p2a: Charizard\n|-boost|p2a: Charizard|atk|1\n|-boost|p2a: Charizard|spe|1\n|\n|upkeep\n|turn|8\n|\n|t:|1700666996\n|move|p2a: Charizard|Flare Blitz|p1a: Talonflame\n|-resisted|p1a: Talonflame\n|-damage|p1a: Talonflame|0 fnt\n|faint|p1a: Talonflame\n|-damage|p2a: Charizard|28\/100|[from] Recoil\n|\n|upkeep\n|inactive|AlastorTheOverlord has 270 seconds left.\n|\n|t:|1700667021\n|switch|p1a: Greninja|Greninja, M|100\/100\n|turn|9\n|inactive|AlastorTheOverlord has 270 seconds left.\n|\n|t:|1700667031\n|switch|p2a: Greninja|Greninja, M|100\/100\n|move|p1a: Greninja|Surf|p2a: Greninja\n|-start|p1a: Greninja|typechange|Water|[from] ability: Protean\n|-resisted|p2a: Greninja\n|-damage|p2a: Greninja|61\/100\n|-damage|p1a: Greninja|91\/100|[from] item: Life Orb\n|\n|upkeep\n|turn|10\n|\n|t:|1700667043\n|move|p1a: Greninja|Grass Knot|p2a: Greninja\n|-supereffective|p2a: Greninja\n|-damage|p2a: Greninja|0 fnt\n|faint|p2a: Greninja\n|-damage|p1a: Greninja|81\/100|[from] item: Life Orb\n|\n|upkeep\n|\n|t:|1700667051\n|switch|p2a: Hoopa|Hoopa-Unbound|100\/100\n|turn|11\n|\n|t:|1700667056\n|move|p2a: Hoopa|Energy Ball|p1a: Greninja\n|-supereffective|p1a: Greninja\n|-damage|p1a: Greninja|0 fnt\n|faint|p1a: Greninja\n|\n|upkeep\n|\n|t:|1700667076\n|switch|p1a: Aegislash|Aegislash, F|100\/100\n|turn|12\n|\n|t:|1700667089\n|switch|p2a: Charizard|Charizard-Mega-X, M|28\/100\n|move|p1a: Aegislash|Swords Dance|p1a: Aegislash\n|-boost|p1a: Aegislash|atk|2\n|\n|upkeep\n|turn|13\n|\n|t:|1700667096\n|-formechange|p1a: Aegislash|Aegislash-Blade||[from] ability: Stance Change\n|move|p1a: Aegislash|Shadow Sneak|p2a: Charizard\n|-damage|p2a: Charizard|0 fnt\n|faint|p2a: Charizard\n|\n|upkeep\n|\n|t:|1700667104\n|switch|p2a: Clodsire|Clodsire, M|95\/100\n|turn|14\n|\n|t:|1700667109\n|move|p1a: Aegislash|Iron Head|p2a: Clodsire\n|-damage|p2a: Clodsire|36\/100\n|move|p2a: Clodsire|Toxic|p1a: Aegislash\n|-immune|p1a: Aegislash\n|\n|-heal|p2a: Clodsire|43\/100|[from] item: Leftovers\n|upkeep\n|turn|15\n|\n|t:|1700667120\n|move|p1a: Aegislash|Iron Head|p2a: Clodsire\n|-damage|p2a: Clodsire|0 fnt\n|faint|p2a: Clodsire\n|\n|upkeep\n|\n|t:|1700667126\n|switch|p2a: Ferrothorn|Ferrothorn, M|100\/100\n|turn|16\n|\n|t:|1700667133\n|move|p1a: Aegislash|Swords Dance|p1a: Aegislash\n|-boost|p1a: Aegislash|atk|2\n|move|p2a: Ferrothorn|Spikes|p1a: Aegislash\n|-sidestart|p1: AlastorTheOverlord|Spikes\n|\n|upkeep\n|turn|17\n|\n|t:|1700667151\n|move|p1a: Aegislash|Sacred Sword|p2a: Ferrothorn\n|-supereffective|p2a: Ferrothorn\n|-damage|p2a: Ferrothorn|0 fnt\n|-damage|p1a: Aegislash|88\/100|[from] ability: Iron Barbs|[of] p2a: Ferrothorn\n|-damage|p1a: Aegislash|72\/100|[from] item: Rocky Helmet|[of] p2a: Ferrothorn\n|faint|p2a: Ferrothorn\n|\n|-heal|p1a: Aegislash|78\/100|[from] item: Leftovers\n|upkeep\n|\n|t:|1700667158\n|switch|p2a: Hoopa|Hoopa-Unbound|100\/100\n|turn|18\n|\n|t:|1700667166\n|move|p2a: Hoopa|Energy Ball|p1a: Aegislash\n|-resisted|p1a: Aegislash\n|-damage|p1a: Aegislash|43\/100\n|move|p1a: Aegislash|Sacred Sword|p2a: Hoopa\n|-damage|p2a: Hoopa|0 fnt\n|faint|p2a: Hoopa\n|\n|win|AlastorTheOverlord\n","uploadtime":1700667174,"views":1,"p1id":"alastortheoverlord","p2id":"elpepealvarado","formatid":"gen9nationaldex","rating":0,"private":0,"password":""}