{"id":"gen9nationaldex-1998933996","p1":"Koolwraith","p2":"erdengbingwsh","format":"[Gen 9] National Dex","log":"|html|<div class=\"broadcast-blue\"><strong>[Gen 9] National Dex is currently suspecting Sneasler! For information on how to participate check out the <a href=\"https:\/\/www.smogon.com\/forums\/threads\/sv-national-dex-suspect-8-just-dance.3731534\/\">suspect thread<\/a>.<\/strong><\/div>\n|j|\u2606Koolwraith\n|j|\u2606erdengbingwsh\n|t:|1701014872\n|gametype|singles\n|player|p1|Koolwraith|karen|1339\n|player|p2|erdengbingwsh|rosa|1346\n|teamsize|p1|6\n|teamsize|p2|6\n|gen|9\n|tier|[Gen 9] National Dex\n|rated|\n|rule|HP Percentage Mod: HP is shown in percentages\n|rule|Endless Battle Clause: Forcing endless battles is banned\n|rule|OHKO Clause: OHKO moves are banned\n|rule|Evasion Clause: Evasion abilities, items, and moves are banned\n|rule|Evasion Abilities Clause: Evasion abilities are banned\n|rule|Evasion Items Clause: Evasion items are banned\n|rule|Evasion Moves Clause: Evasion moves are banned\n|rule|Species Clause: Limit one of each Pok\u00e9mon\n|rule|Sleep Clause Mod: Limit one foe put to sleep\n|clearpoke\n|poke|p1|Galvantula, F|\n|poke|p1|Porygon2|\n|poke|p1|Togekiss, M|\n|poke|p1|Breloom, F|\n|poke|p1|Gyarados, F|\n|poke|p1|Mew|\n|poke|p2|Weezing-Galar, F|\n|poke|p2|Thundurus-Therian, M|\n|poke|p2|Urshifu-*, M|\n|poke|p2|Rillaboom, F|\n|poke|p2|Heatran, M|\n|poke|p2|Slowking-Galar, F|\n|teampreview\n|inactive|Battle timer is ON: inactive players will automatically lose when time's up. (requested by erdengbingwsh)\n|\n|t:|1701014886\n|start\n|switch|p1a: Icarus|Togekiss, M|100\/100\n|switch|p2a: Heatran|Heatran, M|100\/100\n|turn|1\n|\n|t:|1701014892\n|move|p1a: Icarus|Thunder Wave|p2a: Heatran\n|-status|p2a: Heatran|par\n|move|p2a: Heatran|Stealth Rock|p1a: Icarus\n|-sidestart|p1: Koolwraith|move: Stealth Rock\n|\n|upkeep\n|turn|2\n|\n|t:|1701014898\n|move|p1a: Icarus|Ancient Power|p2a: Heatran\n|-damage|p2a: Heatran|88\/100 par\n|move|p2a: Heatran|Magma Storm|p1a: Icarus|[miss]\n|-miss|p2a: Heatran|p1a: Icarus\n|\n|-heal|p2a: Heatran|94\/100 par|[from] item: Leftovers\n|upkeep\n|turn|3\n|\n|t:|1701014904\n|move|p1a: Icarus|Ancient Power|p2a: Heatran\n|-damage|p2a: Heatran|82\/100 par\n|move|p2a: Heatran|Magma Storm|p1a: Icarus|[miss]\n|-miss|p2a: Heatran|p1a: Icarus\n|\n|-heal|p2a: Heatran|88\/100 par|[from] item: Leftovers\n|upkeep\n|turn|4\n|\n|t:|1701014911\n|move|p1a: Icarus|Air Slash|p2a: Heatran\n|-resisted|p2a: Heatran\n|-damage|p2a: Heatran|75\/100 par\n|move|p2a: Heatran|Magma Storm|p1a: Icarus\n|-damage|p1a: Icarus|63\/100\n|-activate|p1a: Icarus|move: Magma Storm|[of] p2a: Heatran\n|\n|-heal|p1a: Icarus|69\/100|[from] item: Leftovers\n|-heal|p2a: Heatran|82\/100 par|[from] item: Leftovers\n|-damage|p1a: Icarus|57\/100|[from] move: Magma Storm|[partiallytrapped]\n|upkeep\n|turn|5\n|\n|t:|1701014922\n|move|p1a: Icarus|Roost|p1a: Icarus\n|-heal|p1a: Icarus|100\/100\n|-singleturn|p1a: Icarus|move: Roost\n|move|p2a: Heatran|Magma Storm|p1a: Icarus\n|-damage|p1a: Icarus|63\/100\n|\n|-heal|p1a: Icarus|69\/100|[from] item: Leftovers\n|-heal|p2a: Heatran|88\/100 par|[from] item: Leftovers\n|-damage|p1a: Icarus|57\/100|[from] move: Magma Storm|[partiallytrapped]\n|upkeep\n|turn|6\n|\n|t:|1701014932\n|move|p1a: Icarus|Ancient Power|p2a: Heatran\n|-damage|p2a: Heatran|75\/100 par\n|move|p2a: Heatran|Taunt|p1a: Icarus\n|-start|p1a: Icarus|move: Taunt\n|\n|-heal|p1a: Icarus|63\/100|[from] item: Leftovers\n|-heal|p2a: Heatran|81\/100 par|[from] item: Leftovers\n|-damage|p1a: Icarus|51\/100|[from] move: Magma Storm|[partiallytrapped]\n|upkeep\n|turn|7\n|\n|t:|1701014941\n|move|p1a: Icarus|Air Slash|p2a: Heatran\n|-resisted|p2a: Heatran\n|-damage|p2a: Heatran|68\/100 par\n|cant|p2a: Heatran|flinch\n|\n|-heal|p1a: Icarus|57\/100|[from] item: Leftovers\n|-heal|p2a: Heatran|74\/100 par|[from] item: Leftovers\n|-damage|p1a: Icarus|45\/100|[from] move: Magma Storm|[partiallytrapped]\n|upkeep\n|turn|8\n|\n|t:|1701014949\n|move|p1a: Icarus|Air Slash|p2a: Heatran\n|-resisted|p2a: Heatran\n|-damage|p2a: Heatran|61\/100 par\n|cant|p2a: Heatran|flinch\n|\n|-heal|p1a: Icarus|51\/100|[from] item: Leftovers\n|-heal|p2a: Heatran|67\/100 par|[from] item: Leftovers\n|-end|p1a: Icarus|Magma Storm|[partiallytrapped]\n|upkeep\n|turn|9\n|\n|t:|1701014956\n|move|p1a: Icarus|Air Slash|p2a: Heatran\n|-resisted|p2a: Heatran\n|-damage|p2a: Heatran|55\/100 par\n|move|p2a: Heatran|Magma Storm|p1a: Icarus\n|-damage|p1a: Icarus|15\/100\n|-activate|p1a: Icarus|move: Magma Storm|[of] p2a: Heatran\n|\n|-heal|p1a: Icarus|21\/100|[from] item: Leftovers\n|-heal|p2a: Heatran|61\/100 par|[from] item: Leftovers\n|-damage|p1a: Icarus|9\/100|[from] move: Magma Storm|[partiallytrapped]\n|-end|p1a: Icarus|move: Taunt\n|upkeep\n|turn|10\n|\n|t:|1701014966\n|move|p1a: Icarus|Roost|p1a: Icarus\n|-heal|p1a: Icarus|59\/100\n|-singleturn|p1a: Icarus|move: Roost\n|move|p2a: Heatran|Taunt|p1a: Icarus\n|-start|p1a: Icarus|move: Taunt\n|\n|-heal|p1a: Icarus|65\/100|[from] item: Leftovers\n|-heal|p2a: Heatran|68\/100 par|[from] item: Leftovers\n|-damage|p1a: Icarus|53\/100|[from] move: Magma Storm|[partiallytrapped]\n|upkeep\n|turn|11\n|\n|t:|1701014977\n|move|p1a: Icarus|Ancient Power|p2a: Heatran\n|-damage|p2a: Heatran|54\/100 par\n|-boost|p1a: Icarus|atk|1\n|-boost|p1a: Icarus|def|1\n|-boost|p1a: Icarus|spa|1\n|-boost|p1a: Icarus|spd|1\n|-boost|p1a: Icarus|spe|1\n|move|p2a: Heatran|Magma Storm|p1a: Icarus\n|-damage|p1a: Icarus|29\/100\n|\n|-heal|p1a: Icarus|35\/100|[from] item: Leftovers\n|-heal|p2a: Heatran|60\/100 par|[from] item: Leftovers\n|-damage|p1a: Icarus|22\/100|[from] move: Magma Storm|[partiallytrapped]\n|upkeep\n|turn|12\n|\n|t:|1701014988\n|move|p1a: Icarus|Air Slash|p2a: Heatran\n|-resisted|p2a: Heatran\n|-damage|p2a: Heatran|43\/100 par\n|cant|p2a: Heatran|flinch\n|\n|-heal|p1a: Icarus|29\/100|[from] item: Leftovers\n|-heal|p2a: Heatran|49\/100 par|[from] item: Leftovers\n|-damage|p1a: Icarus|16\/100|[from] move: Magma Storm|[partiallytrapped]\n|upkeep\n|turn|13\n|\n|t:|1701014996\n|move|p1a: Icarus|Air Slash|p2a: Heatran\n|-resisted|p2a: Heatran\n|-damage|p2a: Heatran|30\/100 par\n|move|p2a: Heatran|Magma Storm|p1a: Icarus|[miss]\n|-miss|p2a: Heatran|p1a: Icarus\n|\n|-heal|p1a: Icarus|22\/100|[from] item: Leftovers\n|-heal|p2a: Heatran|36\/100 par|[from] item: Leftovers\n|-end|p1a: Icarus|Magma Storm|[partiallytrapped]\n|-end|p1a: Icarus|move: Taunt\n|upkeep\n|turn|14\n|\n|t:|1701015006\n|switch|p2a: Slowking|Slowking-Galar, F|100\/100\n|move|p1a: Icarus|Roost|p1a: Icarus\n|-heal|p1a: Icarus|72\/100\n|-singleturn|p1a: Icarus|move: Roost\n|\n|-heal|p1a: Icarus|79\/100|[from] item: Leftovers\n|upkeep\n|turn|15\n|\n|t:|1701015015\n|-terastallize|p1a: Icarus|Steel\n|move|p1a: Icarus|Thunder Wave|p2a: Slowking\n|-status|p2a: Slowking|par\n|move|p2a: Slowking|Sludge Bomb|p1a: Icarus\n|-immune|p1a: Icarus\n|\n|-heal|p1a: Icarus|85\/100|[from] item: Leftovers\n|upkeep\n|turn|16\n|\n|t:|1701015023\n|move|p1a: Icarus|Ancient Power|p2a: Slowking\n|-damage|p2a: Slowking|77\/100 par\n|-boost|p1a: Icarus|atk|1\n|-boost|p1a: Icarus|def|1\n|-boost|p1a: Icarus|spa|1\n|-boost|p1a: Icarus|spd|1\n|-boost|p1a: Icarus|spe|1\n|move|p2a: Slowking|Thunder Wave|p1a: Icarus\n|-status|p1a: Icarus|par\n|\n|-heal|p1a: Icarus|91\/100 par|[from] item: Leftovers\n|upkeep\n|turn|17\n|\n|t:|1701015033\n|cant|p1a: Icarus|par\n|cant|p2a: Slowking|par\n|\n|-heal|p1a: Icarus|97\/100 par|[from] item: Leftovers\n|upkeep\n|turn|18\n|\n|t:|1701015038\n|switch|p2a: Heatran|Heatran, M|36\/100 par\n|move|p1a: Icarus|Air Slash|p2a: Heatran\n|-resisted|p2a: Heatran\n|-damage|p2a: Heatran|12\/100 par\n|\n|-heal|p1a: Icarus|100\/100 par|[from] item: Leftovers\n|-heal|p2a: Heatran|18\/100 par|[from] item: Leftovers\n|upkeep\n|turn|19\n|\n|t:|1701015046\n|cant|p1a: Icarus|par\n|move|p2a: Heatran|Magma Storm|p1a: Icarus\n|-supereffective|p1a: Icarus\n|-damage|p1a: Icarus|65\/100 par\n|-activate|p1a: Icarus|move: Magma Storm|[of] p2a: Heatran\n|\n|-heal|p1a: Icarus|71\/100 par|[from] item: Leftovers\n|-heal|p2a: Heatran|24\/100 par|[from] item: Leftovers\n|-damage|p1a: Icarus|59\/100 par|[from] move: Magma Storm|[partiallytrapped]\n|upkeep\n|turn|20\n|\n|t:|1701015054\n|cant|p1a: Icarus|par\n|move|p2a: Heatran|Taunt|p1a: Icarus\n|-start|p1a: Icarus|move: Taunt\n|\n|-heal|p1a: Icarus|65\/100 par|[from] item: Leftovers\n|-heal|p2a: Heatran|31\/100 par|[from] item: Leftovers\n|-damage|p1a: Icarus|53\/100 par|[from] move: Magma Storm|[partiallytrapped]\n|upkeep\n|turn|21\n|\n|t:|1701015063\n|move|p1a: Icarus|Air Slash|p2a: Heatran|[miss]\n|-miss|p1a: Icarus|p2a: Heatran\n|cant|p2a: Heatran|par\n|\n|-heal|p1a: Icarus|59\/100 par|[from] item: Leftovers\n|-heal|p2a: Heatran|37\/100 par|[from] item: Leftovers\n|-damage|p1a: Icarus|47\/100 par|[from] move: Magma Storm|[partiallytrapped]\n|upkeep\n|turn|22\n|\n|t:|1701015070\n|cant|p1a: Icarus|par\n|move|p2a: Heatran|Earth Power|p1a: Icarus\n|-supereffective|p1a: Icarus\n|-damage|p1a: Icarus|26\/100 par\n|-unboost|p1a: Icarus|spd|1\n|\n|-heal|p1a: Icarus|32\/100 par|[from] item: Leftovers\n|-heal|p2a: Heatran|43\/100 par|[from] item: Leftovers\n|-damage|p1a: Icarus|20\/100 par|[from] move: Magma Storm|[partiallytrapped]\n|upkeep\n|turn|23\n|\n|t:|1701015080\n|move|p1a: Icarus|Air Slash|p2a: Heatran\n|-resisted|p2a: Heatran\n|-damage|p2a: Heatran|17\/100 par\n|cant|p2a: Heatran|flinch\n|\n|-heal|p1a: Icarus|26\/100 par|[from] item: Leftovers\n|-heal|p2a: Heatran|23\/100 par|[from] item: Leftovers\n|-end|p1a: Icarus|Magma Storm|[partiallytrapped]\n|-end|p1a: Icarus|move: Taunt\n|upkeep\n|turn|24\n|\n|t:|1701015089\n|cant|p1a: Icarus|par\n|cant|p2a: Heatran|par\n|\n|-heal|p1a: Icarus|32\/100 par|[from] item: Leftovers\n|-heal|p2a: Heatran|29\/100 par|[from] item: Leftovers\n|upkeep\n|turn|25\n|\n|t:|1701015095\n|move|p1a: Icarus|Roost|p1a: Icarus\n|-heal|p1a: Icarus|82\/100 par\n|move|p2a: Heatran|Taunt|p1a: Icarus\n|-start|p1a: Icarus|move: Taunt\n|\n|-heal|p1a: Icarus|88\/100 par|[from] item: Leftovers\n|-heal|p2a: Heatran|35\/100 par|[from] item: Leftovers\n|upkeep\n|turn|26\n|\n|t:|1701015102\n|cant|p1a: Icarus|par\n|move|p2a: Heatran|Earth Power|p1a: Icarus\n|-supereffective|p1a: Icarus\n|-crit|p1a: Icarus\n|-damage|p1a: Icarus|28\/100 par\n|\n|-heal|p1a: Icarus|34\/100 par|[from] item: Leftovers\n|-heal|p2a: Heatran|42\/100 par|[from] item: Leftovers\n|upkeep\n|turn|27\n|\n|t:|1701015110\n|move|p1a: Icarus|Air Slash|p2a: Heatran|[miss]\n|-miss|p1a: Icarus|p2a: Heatran\n|move|p2a: Heatran|Earth Power|p1a: Icarus\n|-supereffective|p1a: Icarus\n|-damage|p1a: Icarus|6\/100 par\n|\n|-heal|p1a: Icarus|12\/100 par|[from] item: Leftovers\n|-heal|p2a: Heatran|48\/100 par|[from] item: Leftovers\n|upkeep\n|turn|28\n|\n|t:|1701015118\n|move|p1a: Icarus|Air Slash|p2a: Heatran\n|-resisted|p2a: Heatran\n|-damage|p2a: Heatran|22\/100 par\n|cant|p2a: Heatran|flinch\n|\n|-heal|p1a: Icarus|18\/100 par|[from] item: Leftovers\n|-heal|p2a: Heatran|28\/100 par|[from] item: Leftovers\n|-end|p1a: Icarus|move: Taunt\n|upkeep\n|turn|29\n|\n|t:|1701015126\n|cant|p1a: Icarus|par\n|move|p2a: Heatran|Taunt|p1a: Icarus\n|-start|p1a: Icarus|move: Taunt\n|\n|-heal|p1a: Icarus|25\/100 par|[from] item: Leftovers\n|-heal|p2a: Heatran|34\/100 par|[from] item: Leftovers\n|upkeep\n|turn|30\n|\n|t:|1701015133\n|move|p1a: Icarus|Air Slash|p2a: Heatran\n|-resisted|p2a: Heatran\n|-damage|p2a: Heatran|11\/100 par\n|move|p2a: Heatran|Earth Power|p1a: Icarus\n|-supereffective|p1a: Icarus\n|-damage|p1a: Icarus|0 fnt\n|faint|p1a: Icarus\n|\n|-heal|p2a: Heatran|17\/100 par|[from] item: Leftovers\n|upkeep\n|\n|t:|1701015143\n|switch|p1a: Tiamat|Gyarados, F, shiny|100\/100\n|-damage|p1a: Tiamat|76\/100|[from] Stealth Rock\n|turn|31\n|\n|t:|1701015147\n|move|p1a: Tiamat|Dragon Dance|p1a: Tiamat\n|-boost|p1a: Tiamat|atk|1\n|-boost|p1a: Tiamat|spe|1\n|cant|p2a: Heatran|par\n|\n|-heal|p2a: Heatran|24\/100 par|[from] item: Leftovers\n|upkeep\n|turn|32\n|\n|t:|1701015153\n|move|p1a: Tiamat|Waterfall|p2a: Heatran\n|-supereffective|p2a: Heatran\n|-damage|p2a: Heatran|0 fnt\n|faint|p2a: Heatran\n|-ability|p1a: Tiamat|Moxie|boost\n|-boost|p1a: Tiamat|atk|1\n|\n|upkeep\n|\n|t:|1701015159\n|switch|p2a: Thundurus|Thundurus-Therian, M|100\/100\n|turn|33\n|\n|t:|1701015167\n|detailschange|p1a: Tiamat|Gyarados-Mega, F, shiny\n|-mega|p1a: Tiamat|Gyarados|Gyaradosite\n|-ability|p1a: Tiamat|Mold Breaker\n|move|p2a: Thundurus|Volt Switch|p1a: Tiamat\n|-supereffective|p1a: Tiamat\n|-damage|p1a: Tiamat|8\/100\n|\n|t:|1701015175\n|switch|p2a: Weezing|Weezing-Galar, F, shiny|100\/100|[from] Volt Switch\n|-ability|p2a: Weezing|Neutralizing Gas\n|move|p1a: Tiamat|Crunch|p2a: Weezing\n|-resisted|p2a: Weezing\n|-damage|p2a: Weezing|67\/100\n|\n|-heal|p2a: Weezing|73\/100|[from] item: Leftovers\n|upkeep\n|turn|34\n|\n|t:|1701015183\n|move|p1a: Tiamat|Waterfall|p2a: Weezing\n|-damage|p2a: Weezing|5\/100\n|move|p2a: Weezing|Strange Steam|p1a: Tiamat\n|-supereffective|p1a: Tiamat\n|-damage|p1a: Tiamat|0 fnt\n|faint|p1a: Tiamat\n|\n|-heal|p2a: Weezing|11\/100|[from] item: Leftovers\n|upkeep\n|\n|t:|1701015195\n|switch|p1a: Joule|Galvantula, F|100\/100\n|-damage|p1a: Joule|76\/100|[from] Stealth Rock\n|turn|35\n|\n|t:|1701015203\n|move|p1a: Joule|Sticky Web|p2a: Weezing\n|-sidestart|p2: erdengbingwsh|move: Sticky Web\n|move|p2a: Weezing|Strange Steam|p1a: Joule\n|-damage|p1a: Joule|25\/100\n|\n|-heal|p2a: Weezing|17\/100|[from] item: Leftovers\n|upkeep\n|turn|36\n|\n|t:|1701015210\n|move|p1a: Joule|Bug Buzz|p2a: Weezing\n|-resisted|p2a: Weezing\n|-damage|p2a: Weezing|3\/100\n|-unboost|p2a: Weezing|spd|1\n|move|p2a: Weezing|Defog|p1a: Joule\n|-unboost|p1a: Joule|evasion|1\n|-sideend|p1: Koolwraith|Stealth Rock|[from] move: Defog|[of] p2a: Weezing\n|-sideend|p2: erdengbingwsh|Sticky Web|[from] move: Defog|[of] p2a: Weezing\n|\n|-heal|p2a: Weezing|9\/100|[from] item: Leftovers\n|upkeep\n|turn|37\n|\n|t:|1701015219\n|-end|p2a: Weezing|ability: Neutralizing Gas\n|switch|p2a: Thundurus|Thundurus-Therian, M|100\/100\n|move|p1a: Joule|Sticky Web|p2a: Thundurus\n|-sidestart|p2: erdengbingwsh|move: Sticky Web\n|\n|upkeep\n|turn|38\n|\n|t:|1701015224\n|move|p2a: Thundurus|Thunderbolt|p1a: Joule\n|-resisted|p1a: Joule\n|-damage|p1a: Joule|0 fnt\n|faint|p1a: Joule\n|\n|upkeep\n|\n|t:|1701015230\n|switch|p1a: UnderTruck|Mew|100\/100\n|turn|39\n|\n|t:|1701015233\n|move|p2a: Thundurus|Thunderbolt|p1a: UnderTruck\n|-damage|p1a: UnderTruck|68\/100\n|move|p1a: UnderTruck|Cosmic Power|p1a: UnderTruck\n|-boost|p1a: UnderTruck|def|1\n|-boost|p1a: UnderTruck|spd|1\n|\n|upkeep\n|turn|40\n|\n|t:|1701015240\n|switch|p2a: Slowking|Slowking-Galar, F|77\/100 par\n|move|p1a: UnderTruck|Cosmic Power|p1a: UnderTruck\n|-boost|p1a: UnderTruck|def|1\n|-boost|p1a: UnderTruck|spd|1\n|\n|upkeep\n|turn|41\n|\n|t:|1701015247\n|move|p1a: UnderTruck|Roost|p1a: UnderTruck\n|-heal|p1a: UnderTruck|100\/100\n|-singleturn|p1a: UnderTruck|move: Roost\n|move|p2a: Slowking|Sludge Bomb|p1a: UnderTruck\n|-damage|p1a: UnderTruck|91\/100\n|\n|upkeep\n|turn|42\n|\n|t:|1701015253\n|move|p1a: UnderTruck|Stored Power|p2a: Slowking\n|-damage|p2a: Slowking|51\/100 par\n|move|p2a: Slowking|Sludge Bomb|p1a: UnderTruck\n|-damage|p1a: UnderTruck|80\/100\n|\n|upkeep\n|turn|43\n|\n|t:|1701015258\n|move|p1a: UnderTruck|Cosmic Power|p1a: UnderTruck\n|-boost|p1a: UnderTruck|def|1\n|-boost|p1a: UnderTruck|spd|1\n|cant|p2a: Slowking|par\n|\n|upkeep\n|turn|44\n|\n|t:|1701015263\n|move|p1a: UnderTruck|Cosmic Power|p1a: UnderTruck\n|-boost|p1a: UnderTruck|def|1\n|-boost|p1a: UnderTruck|spd|1\n|cant|p2a: Slowking|par\n|\n|upkeep\n|turn|45\n|\n|t:|1701015268\n|move|p1a: UnderTruck|Stored Power|p2a: Slowking\n|-damage|p2a: Slowking|6\/100 par\n|cant|p2a: Slowking|par\n|\n|upkeep\n|turn|46\n|\n|t:|1701015275\n|-terastallize|p2a: Slowking|Dark\n|move|p1a: UnderTruck|Stored Power|p2a: Slowking\n|-immune|p2a: Slowking\n|move|p2a: Slowking|Thunder Wave|p1a: UnderTruck\n|-status|p1a: UnderTruck|par\n|-activate|p1a: UnderTruck|ability: Synchronize\n|-fail|p2a: Slowking|par\n|\n|upkeep\n|turn|47\n|\n|t:|1701015287\n|move|p1a: UnderTruck|Body Press|p2a: Slowking\n|-supereffective|p2a: Slowking\n|-damage|p2a: Slowking|0 fnt\n|faint|p2a: Slowking\n|\n|upkeep\n|\n|t:|1701015292\n|switch|p2a: Weezing|Weezing-Galar, F, shiny|9\/100\n|-ability|p2a: Weezing|Neutralizing Gas\n|-activate|p2a: Weezing|move: Sticky Web\n|-unboost|p2a: Weezing|spe|1\n|turn|48\n|\n|t:|1701015297\n|move|p1a: UnderTruck|Stored Power|p2a: Weezing\n|-supereffective|p2a: Weezing\n|-damage|p2a: Weezing|0 fnt\n|faint|p2a: Weezing\n|-end|p2a: Weezing|ability: Neutralizing Gas\n|\n|upkeep\n|\n|t:|1701015300\n|switch|p2a: Urshifu|Urshifu-Rapid-Strike, M|100\/100\n|-activate|p2a: Urshifu|move: Sticky Web\n|-unboost|p2a: Urshifu|spe|1\n|turn|49\n|\n|t:|1701015305\n|move|p2a: Urshifu|Surging Strikes|p1a: UnderTruck\n|-crit|p1a: UnderTruck\n|-damage|p1a: UnderTruck|53\/100 par\n|-crit|p1a: UnderTruck\n|-damage|p1a: UnderTruck|29\/100 par\n|-crit|p1a: UnderTruck\n|-damage|p1a: UnderTruck|6\/100 par\n|-hitcount|p1a: UnderTruck|3\n|move|p1a: UnderTruck|Stored Power|p2a: Urshifu\n|-supereffective|p2a: Urshifu\n|-damage|p2a: Urshifu|0 fnt\n|faint|p2a: Urshifu\n|\n|upkeep\n|\n|t:|1701015311\n|switch|p2a: Thundurus|Thundurus-Therian, M|100\/100\n|turn|50\n|\n|t:|1701015317\n|move|p2a: Thundurus|Thunderbolt|p1a: UnderTruck\n|-damage|p1a: UnderTruck|0 fnt\n|faint|p1a: UnderTruck\n|\n|upkeep\n|\n|t:|1701015321\n|switch|p1a: ChatGPT|Porygon2|100\/100\n|turn|51\n|\n|t:|1701015324\n|move|p2a: Thundurus|Thunderbolt|p1a: ChatGPT\n|-damage|p1a: ChatGPT|71\/100\n|move|p1a: ChatGPT|Ice Beam|p2a: Thundurus\n|-supereffective|p2a: Thundurus\n|-damage|p2a: Thundurus|4\/100\n|\n|upkeep\n|turn|52\n|\n|t:|1701015330\n|move|p2a: Thundurus|Thunderbolt|p1a: ChatGPT\n|-damage|p1a: ChatGPT|36\/100\n|move|p1a: ChatGPT|Recover|p1a: ChatGPT\n|-heal|p1a: ChatGPT|86\/100\n|\n|upkeep\n|turn|53\n|\n|t:|1701015335\n|move|p2a: Thundurus|Thunderbolt|p1a: ChatGPT\n|-damage|p1a: ChatGPT|52\/100\n|move|p1a: ChatGPT|Ice Beam|p2a: Thundurus\n|-supereffective|p2a: Thundurus\n|-damage|p2a: Thundurus|0 fnt\n|faint|p2a: Thundurus\n|\n|upkeep\n|\n|t:|1701015338\n|switch|p2a: Rillaboom|Rillaboom, F|100\/100\n|-activate|p2a: Rillaboom|move: Sticky Web\n|-unboost|p2a: Rillaboom|spe|1\n|-fieldstart|move: Grassy Terrain|[from] ability: Grassy Surge|[of] p2a: Rillaboom\n|turn|54\n|\n|t:|1701015349\n|switch|p1a: Parasol|Breloom, F|100\/100\n|move|p2a: Rillaboom|Grassy Glide|p1a: Parasol\n|-resisted|p1a: Parasol\n|-damage|p1a: Parasol|56\/100\n|\n|-heal|p1a: Parasol|62\/100|[from] Grassy Terrain\n|upkeep\n|turn|55\n|\n|t:|1701015358\n|move|p1a: Parasol|Mach Punch|p2a: Rillaboom\n|-damage|p2a: Rillaboom|63\/100\n|-damage|p1a: Parasol|52\/100|[from] item: Life Orb\n|move|p2a: Rillaboom|Grassy Glide|p1a: Parasol\n|-resisted|p1a: Parasol\n|-damage|p1a: Parasol|8\/100\n|\n|-heal|p1a: Parasol|14\/100|[from] Grassy Terrain\n|-heal|p2a: Rillaboom|69\/100|[from] Grassy Terrain\n|upkeep\n|turn|56\n|\n|t:|1701015369\n|move|p1a: Parasol|Mach Punch|p2a: Rillaboom\n|-damage|p2a: Rillaboom|29\/100\n|-damage|p1a: Parasol|4\/100|[from] item: Life Orb\n|move|p2a: Rillaboom|Grassy Glide|p1a: Parasol\n|-resisted|p1a: Parasol\n|-damage|p1a: Parasol|0 fnt\n|faint|p1a: Parasol\n|\n|-heal|p2a: Rillaboom|35\/100|[from] Grassy Terrain\n|upkeep\n|\n|t:|1701015378\n|switch|p1a: ChatGPT|Porygon2|52\/100\n|turn|57\n|\n|t:|1701015381\n|move|p2a: Rillaboom|Grassy Glide|p1a: ChatGPT\n|-damage|p1a: ChatGPT|13\/100\n|move|p1a: ChatGPT|Ice Beam|p2a: Rillaboom\n|-supereffective|p2a: Rillaboom\n|-damage|p2a: Rillaboom|0 fnt\n|faint|p2a: Rillaboom\n|\n|win|Koolwraith\n|raw|Koolwraith's rating: 1339 &rarr; <strong>1359<\/strong><br \/>(+20 for winning)\n|raw|erdengbingwsh's rating: 1346 &rarr; <strong>1326<\/strong><br \/>(-20 for losing)\n|l|\u2606erdengbingwsh\n","uploadtime":1701015400,"views":2,"p1id":"koolwraith","p2id":"erdengbingwsh","formatid":"gen9nationaldex","rating":1326,"private":0,"password":""}