{"id":"gen9nationaldex-1997661909","p1":"abclol0070","p2":"ybbjj","format":"[Gen 9] National Dex","log":"|html|<div class=\"broadcast-blue\"><strong>[Gen 9] National Dex is currently suspecting Sneasler! For information on how to participate check out the <a href=\"https:\/\/www.smogon.com\/forums\/threads\/sv-national-dex-suspect-8-just-dance.3731534\/\">suspect thread<\/a>.<\/strong><\/div>\n|j|\u2606abclol0070\n|j|\u2606ybbjj\n|t:|1700838949\n|gametype|singles\n|player|p1|abclol0070|cynthia-masters|1213\n|player|p2|ybbjj|sailor|1192\n|teamsize|p1|6\n|teamsize|p2|6\n|gen|9\n|tier|[Gen 9] National Dex\n|rated|\n|rule|HP Percentage Mod: HP is shown in percentages\n|rule|Endless Battle Clause: Forcing endless battles is banned\n|rule|OHKO Clause: OHKO moves are banned\n|rule|Evasion Clause: Evasion abilities, items, and moves are banned\n|rule|Evasion Abilities Clause: Evasion abilities are banned\n|rule|Evasion Items Clause: Evasion items are banned\n|rule|Evasion Moves Clause: Evasion moves are banned\n|rule|Species Clause: Limit one of each Pok\u00e9mon\n|rule|Sleep Clause Mod: Limit one foe put to sleep\n|clearpoke\n|poke|p1|Glastrier|\n|poke|p1|Corviknight, M|\n|poke|p1|Mantine, M|\n|poke|p1|Garchomp, F|\n|poke|p1|Volcarona, M|\n|poke|p1|Ferrothorn, F|\n|poke|p2|Pelipper, M|\n|poke|p2|Ferrothorn, M|\n|poke|p2|Swampert, M|\n|poke|p2|Zapdos|\n|poke|p2|Barraskewda, M|\n|poke|p2|Floatzel, M|\n|teampreview\n|inactive|Battle timer is ON: inactive players will automatically lose when time's up. (requested by abclol0070)\n|inactive|abclol0070 has 120 seconds left.\n|\n|t:|1700838982\n|start\n|switch|p1a: Glastrier|Glastrier|100\/100\n|switch|p2a: Pelipper|Pelipper, M|100\/100\n|-weather|RainDance|[from] ability: Drizzle|[of] p2a: Pelipper\n|turn|1\n|\n|t:|1700838990\n|switch|p2a: Ferrothorn|Ferrothorn, M|100\/100\n|move|p1a: Glastrier|Icicle Crash|p2a: Ferrothorn\n|-damage|p2a: Ferrothorn|57\/100\n|\n|-weather|RainDance|[upkeep]\n|upkeep\n|turn|2\n|\n|t:|1700838998\n|switch|p1a: Ferrothorn|Ferrothorn, F|100\/100\n|move|p2a: Ferrothorn|Body Press|p1a: Ferrothorn\n|-supereffective|p1a: Ferrothorn\n|-damage|p1a: Ferrothorn|67\/100\n|-damage|p2a: Ferrothorn|45\/100|[from] ability: Iron Barbs|[of] p1a: Ferrothorn\n|\n|-weather|RainDance|[upkeep]\n|-heal|p1a: Ferrothorn|73\/100|[from] item: Leftovers\n|upkeep\n|turn|3\n|\n|t:|1700839023\n|switch|p2a: Zapdos|Zapdos|100\/100\n|switch|p1a: Corviknight|Corviknight, M|100\/100\n|-ability|p1a: Corviknight|Pressure\n|\n|-weather|RainDance|[upkeep]\n|upkeep\n|turn|4\n|\n|t:|1700839030\n|switch|p1a: Garchomp|Garchomp, F|100\/100\n|move|p2a: Zapdos|Volt Switch|p1a: Garchomp\n|-immune|p1a: Garchomp\n|\n|-weather|RainDance|[upkeep]\n|upkeep\n|turn|5\n|\n|t:|1700839040\n|switch|p2a: Barraskewda|Barraskewda, M|100\/100\n|-zpower|p1a: Garchomp\n|move|p1a: Garchomp|Devastating Drake|p2a: Barraskewda|[zeffect]\n|-damage|p2a: Barraskewda|0 fnt\n|faint|p2a: Barraskewda\n|\n|-weather|RainDance|[upkeep]\n|upkeep\n|\n|t:|1700839046\n|switch|p2a: Floatzel|Floatzel, M|100\/100\n|turn|6\n|\n|t:|1700839052\n|switch|p1a: Corviknight|Corviknight, M|100\/100\n|-ability|p1a: Corviknight|Pressure\n|-terastallize|p2a: Floatzel|Water\n|move|p2a: Floatzel|Wave Crash|p1a: Corviknight\n|-damage|p1a: Corviknight|0 fnt\n|-damage|p2a: Floatzel|84\/100|[from] item: Rocky Helmet|[of] p1a: Corviknight\n|faint|p1a: Corviknight\n|-damage|p2a: Floatzel|42\/100|[from] Recoil\n|\n|-weather|RainDance|[upkeep]\n|upkeep\n|\n|t:|1700839057\n|switch|p1a: Mantine|Mantine, M|100\/100\n|turn|7\n|\n|t:|1700839066\n|move|p2a: Floatzel|Wave Crash|p1a: Mantine\n|-immune|p1a: Mantine|[from] ability: Water Absorb\n|move|p1a: Mantine|Hurricane|p2a: Floatzel\n|-damage|p2a: Floatzel|0 fnt\n|faint|p2a: Floatzel\n|\n|-weather|RainDance|[upkeep]\n|upkeep\n|\n|t:|1700839073\n|switch|p2a: Zapdos|Zapdos|100\/100\n|turn|8\n|\n|t:|1700839095\n|switch|p2a: Pelipper|Pelipper, M|100\/100\n|move|p1a: Mantine|Toxic|p2a: Pelipper\n|-status|p2a: Pelipper|tox\n|\n|-weather|none\n|-damage|p2a: Pelipper|94\/100 tox|[from] psn\n|upkeep\n|turn|9\n|\n|t:|1700839114\n|switch|p1a: Garchomp|Garchomp, F|100\/100\n|move|p2a: Pelipper|U-turn|p1a: Garchomp\n|-damage|p1a: Garchomp|92\/100\n|-damage|p2a: Pelipper|82\/100 tox|[from] ability: Rough Skin|[of] p1a: Garchomp\n|\n|t:|1700839123\n|switch|p2a: Swampert|Swampert, M|100\/100|[from] U-turn\n|\n|upkeep\n|turn|10\n|\n|t:|1700839126\n|detailschange|p2a: Swampert|Swampert-Mega, M\n|-mega|p2a: Swampert|Swampert|Swampertite\n|move|p1a: Garchomp|Swords Dance|p1a: Garchomp\n|-boost|p1a: Garchomp|atk|2\n|move|p2a: Swampert|Flip Turn|p1a: Garchomp\n|-damage|p1a: Garchomp|55\/100\n|-damage|p2a: Swampert|88\/100|[from] ability: Rough Skin|[of] p1a: Garchomp\n|\n|t:|1700839134\n|switch|p2a: Pelipper|Pelipper, M|82\/100 tox|[from] Flip Turn\n|-weather|RainDance|[from] ability: Drizzle|[of] p2a: Pelipper\n|\n|-weather|RainDance|[upkeep]\n|-damage|p2a: Pelipper|76\/100 tox|[from] psn\n|upkeep\n|turn|11\n|\n|t:|1700839140\n|move|p1a: Garchomp|Outrage|p2a: Pelipper\n|-damage|p2a: Pelipper|0 fnt\n|faint|p2a: Pelipper\n|\n|-weather|RainDance|[upkeep]\n|upkeep\n|\n|t:|1700839143\n|switch|p2a: Swampert|Swampert-Mega, M|88\/100\n|turn|12\n|\n|t:|1700839145\n|move|p2a: Swampert|Liquidation|p1a: Garchomp\n|-damage|p1a: Garchomp|0 fnt\n|-damage|p2a: Swampert|76\/100|[from] ability: Rough Skin|[of] p1a: Garchomp\n|faint|p1a: Garchomp\n|\n|-weather|RainDance|[upkeep]\n|upkeep\n|\n|t:|1700839152\n|switch|p1a: Mantine|Mantine, M|100\/100\n|turn|13\n|\n|t:|1700839157\n|switch|p2a: Zapdos|Zapdos|100\/100\n|move|p1a: Mantine|Toxic|p2a: Zapdos\n|-status|p2a: Zapdos|tox\n|\n|-weather|RainDance|[upkeep]\n|-damage|p2a: Zapdos|94\/100 tox|[from] psn\n|upkeep\n|turn|14\n|\n|t:|1700839164\n|switch|p1a: Ferrothorn|Ferrothorn, F|73\/100\n|move|p2a: Zapdos|Volt Switch|p1a: Ferrothorn\n|-resisted|p1a: Ferrothorn\n|-damage|p1a: Ferrothorn|59\/100\n|\n|t:|1700839167\n|switch|p2a: Swampert|Swampert-Mega, M|76\/100|[from] Volt Switch\n|\n|-weather|RainDance|[upkeep]\n|-heal|p1a: Ferrothorn|65\/100|[from] item: Leftovers\n|upkeep\n|turn|15\n|\n|t:|1700839173\n|-terastallize|p1a: Ferrothorn|Grass\n|move|p2a: Swampert|Superpower|p1a: Ferrothorn\n|-damage|p1a: Ferrothorn|34\/100\n|-unboost|p2a: Swampert|atk|1\n|-unboost|p2a: Swampert|def|1\n|-damage|p2a: Swampert|64\/100|[from] ability: Iron Barbs|[of] p1a: Ferrothorn\n|move|p1a: Ferrothorn|Leech Seed|p2a: Swampert\n|-start|p2a: Swampert|move: Leech Seed\n|\n|-weather|RainDance|[upkeep]\n|-heal|p1a: Ferrothorn|40\/100|[from] item: Leftovers\n|-damage|p2a: Swampert|51\/100|[from] Leech Seed|[of] p1a: Ferrothorn\n|-heal|p1a: Ferrothorn|52\/100|[silent]\n|upkeep\n|turn|16\n|\n|t:|1700839182\n|switch|p2a: Zapdos|Zapdos|94\/100 tox\n|move|p1a: Ferrothorn|Body Press|p2a: Zapdos\n|-resisted|p2a: Zapdos\n|-damage|p2a: Zapdos|76\/100 tox\n|-status|p1a: Ferrothorn|par|[from] ability: Static|[of] p2a: Zapdos\n|\n|-weather|RainDance|[upkeep]\n|-heal|p1a: Ferrothorn|59\/100 par|[from] item: Leftovers\n|-damage|p2a: Zapdos|70\/100 tox|[from] psn\n|upkeep\n|turn|17\n|\n|t:|1700839187\n|switch|p1a: Mantine|Mantine, M|100\/100\n|move|p2a: Zapdos|Volt Switch|p1a: Mantine\n|-supereffective|p1a: Mantine\n|-damage|p1a: Mantine|7\/100\n|\n|t:|1700839193\n|switch|p2a: Swampert|Swampert-Mega, M|51\/100|[from] Volt Switch\n|\n|-weather|none\n|upkeep\n|turn|18\n|\n|t:|1700839200\n|switch|p1a: Ferrothorn|Ferrothorn, F, tera:Grass|59\/100 par\n|move|p2a: Swampert|Superpower|p1a: Ferrothorn\n|-damage|p1a: Ferrothorn|27\/100 par\n|-unboost|p2a: Swampert|atk|1\n|-unboost|p2a: Swampert|def|1\n|-damage|p2a: Swampert|39\/100|[from] ability: Iron Barbs|[of] p1a: Ferrothorn\n|\n|-heal|p1a: Ferrothorn|33\/100 par|[from] item: Leftovers\n|upkeep\n|turn|19\n|\n|t:|1700839208\n|move|p2a: Swampert|Superpower|p1a: Ferrothorn\n|-crit|p1a: Ferrothorn\n|-damage|p1a: Ferrothorn|0 fnt\n|-unboost|p2a: Swampert|atk|1\n|-unboost|p2a: Swampert|def|1\n|-damage|p2a: Swampert|27\/100|[from] ability: Iron Barbs|[of] p1a: Ferrothorn\n|faint|p1a: Ferrothorn\n|\n|upkeep\n|\n|t:|1700839214\n|switch|p1a: Volcarona|Volcarona, M|100\/100\n|turn|20\n|\n|t:|1700839225\n|switch|p2a: Zapdos|Zapdos|70\/100 tox\n|move|p1a: Volcarona|Giga Drain|p2a: Zapdos\n|-resisted|p2a: Zapdos\n|-damage|p2a: Zapdos|55\/100 tox\n|\n|-damage|p2a: Zapdos|48\/100 tox|[from] psn\n|upkeep\n|turn|21\n|\n|t:|1700839229\n|switch|p1a: Mantine|Mantine, M|7\/100\n|move|p2a: Zapdos|Hurricane|p1a: Mantine|[miss]\n|-miss|p2a: Zapdos|p1a: Mantine\n|\n|-damage|p2a: Zapdos|36\/100 tox|[from] psn\n|upkeep\n|turn|22\n|\n|t:|1700839238\n|move|p2a: Zapdos|Roost|p2a: Zapdos\n|-heal|p2a: Zapdos|86\/100 tox\n|-singleturn|p2a: Zapdos|move: Roost\n|move|p1a: Mantine|Roost|p1a: Mantine\n|-heal|p1a: Mantine|57\/100\n|-singleturn|p1a: Mantine|move: Roost\n|\n|-damage|p2a: Zapdos|67\/100 tox|[from] psn\n|upkeep\n|turn|23\n|\n|t:|1700839245\n|switch|p1a: Glastrier|Glastrier|100\/100\n|move|p2a: Zapdos|Volt Switch|p1a: Glastrier\n|-damage|p1a: Glastrier|72\/100\n|\n|t:|1700839251\n|switch|p2a: Swampert|Swampert-Mega, M|27\/100|[from] Volt Switch\n|\n|upkeep\n|turn|24\n|\n|t:|1700839269\n|switch|p1a: Mantine|Mantine, M|57\/100\n|move|p2a: Swampert|Earthquake|p1a: Mantine\n|-immune|p1a: Mantine\n|\n|upkeep\n|turn|25\n|\n|t:|1700839277\n|switch|p2a: Zapdos|Zapdos|67\/100 tox\n|switch|p1a: Glastrier|Glastrier|72\/100\n|\n|-damage|p2a: Zapdos|61\/100 tox|[from] psn\n|upkeep\n|turn|26\n|\n|t:|1700839283\n|move|p2a: Zapdos|Volt Switch|p1a: Glastrier\n|-damage|p1a: Glastrier|47\/100\n|\n|t:|1700839286\n|switch|p2a: Ferrothorn|Ferrothorn, M|45\/100|[from] Volt Switch\n|move|p1a: Glastrier|Icicle Crash|p2a: Ferrothorn\n|-damage|p2a: Ferrothorn|0 fnt\n|faint|p2a: Ferrothorn\n|-ability|p1a: Glastrier|Chilling Neigh|boost\n|-boost|p1a: Glastrier|atk|1\n|\n|upkeep\n|\n|t:|1700839292\n|switch|p2a: Swampert|Swampert-Mega, M|27\/100\n|turn|27\n|\n|t:|1700839302\n|switch|p1a: Mantine|Mantine, M|57\/100\n|move|p2a: Swampert|Earthquake|p1a: Mantine\n|-immune|p1a: Mantine\n|\n|upkeep\n|turn|28\n|\n|t:|1700839307\n|switch|p2a: Zapdos|Zapdos|61\/100 tox\n|move|p1a: Mantine|Hurricane|p2a: Zapdos\n|-resisted|p2a: Zapdos\n|-damage|p2a: Zapdos|43\/100 tox\n|-start|p2a: Zapdos|confusion\n|\n|-damage|p2a: Zapdos|36\/100 tox|[from] psn\n|upkeep\n|turn|29\n|\n|t:|1700839317\n|switch|p1a: Volcarona|Volcarona, M|100\/100\n|-activate|p2a: Zapdos|confusion\n|move|p2a: Zapdos|Roost|p2a: Zapdos\n|-heal|p2a: Zapdos|86\/100 tox\n|-singleturn|p2a: Zapdos|move: Roost\n|\n|-damage|p2a: Zapdos|74\/100 tox|[from] psn\n|upkeep\n|turn|30\n|\n|t:|1700839321\n|move|p1a: Volcarona|Flamethrower|p2a: Zapdos\n|-damage|p2a: Zapdos|14\/100 tox\n|-end|p2a: Zapdos|confusion\n|move|p2a: Zapdos|Hurricane|p1a: Volcarona\n|-supereffective|p1a: Volcarona\n|-damage|p1a: Volcarona|0 fnt\n|faint|p1a: Volcarona\n|\n|-damage|p2a: Zapdos|0 fnt|[from] psn\n|faint|p2a: Zapdos\n|upkeep\n|\n|t:|1700839330\n|switch|p2a: Swampert|Swampert-Mega, M|27\/100\n|switch|p1a: Mantine|Mantine, M|57\/100\n|turn|31\n|c|\u2606ybbjj|gg\n|-message|ybbjj forfeited.\n|\n|win|abclol0070\n|raw|abclol0070's rating: 1213 &rarr; <strong>1236<\/strong><br \/>(+23 for winning)\n|raw|ybbjj's rating: 1192 &rarr; <strong>1169<\/strong><br \/>(-23 for losing)\n|l|\u2606ybbjj\n|c|\u2606abclol0070|gg\n","uploadtime":1700839350,"views":9,"p1id":"abclol0070","p2id":"ybbjj","formatid":"gen9nationaldex","rating":1169,"private":0,"password":""}