{"id":"gen9nationaldex-1996317172","p1":"Seesaw90","p2":"schoolboy333","format":"[Gen 9] National Dex","log":"|html|<div class=\"broadcast-blue\"><strong>[Gen 9] National Dex is currently suspecting Sneasler! For information on how to participate check out the <a href=\"https:\/\/www.smogon.com\/forums\/threads\/sv-national-dex-suspect-8-just-dance.3731534\/\">suspect thread<\/a>.<\/strong><\/div>\n|j|\u2606Seesaw90\n|j|\u2606schoolboy333\n|t:|1700670550\n|gametype|singles\n|player|p1|Seesaw90|101|1319\n|player|p2|schoolboy333|byron|1295\n|teamsize|p1|6\n|teamsize|p2|6\n|gen|9\n|tier|[Gen 9] National Dex\n|rated|\n|rule|HP Percentage Mod: HP is shown in percentages\n|rule|Endless Battle Clause: Forcing endless battles is banned\n|rule|OHKO Clause: OHKO moves are banned\n|rule|Evasion Clause: Evasion abilities, items, and moves are banned\n|rule|Evasion Abilities Clause: Evasion abilities are banned\n|rule|Evasion Items Clause: Evasion items are banned\n|rule|Evasion Moves Clause: Evasion moves are banned\n|rule|Species Clause: Limit one of each Pok\u00e9mon\n|rule|Sleep Clause Mod: Limit one foe put to sleep\n|clearpoke\n|poke|p1|Marowak-Alola, F|\n|poke|p1|Ninetales-Alola, M|\n|poke|p1|Ogerpon-Wellspring, F|\n|poke|p1|Pinsir, M|\n|poke|p1|Heatran, F|\n|poke|p1|Great Tusk|\n|poke|p2|Dragonite, F|\n|poke|p2|Hatterene, F|\n|poke|p2|Keldeo|\n|poke|p2|Ogerpon-Cornerstone, F|\n|poke|p2|Bisharp, M|\n|poke|p2|Skeledirge, M|\n|teampreview\n|l|\u2606Seesaw90\n|player|p1|\n|j|\u2606Seesaw90\n|player|p1|Seesaw90|101\n|\n|t:|1700670583\n|start\n|switch|p1a: Ninetales|Ninetales-Alola, M, shiny|100\/100\n|switch|p2a: Ogerpon|Ogerpon-Cornerstone, F|100\/100\n|-weather|Snow|[from] ability: Snow Warning|[of] p1a: Ninetales\n|turn|1\n|\n|t:|1700670592\n|move|p2a: Ogerpon|Ivy Cudgel|p1a: Ninetales|[anim] Ivy Cudgel Rock\n|-supereffective|p1a: Ninetales\n|-crit|p1a: Ninetales\n|-damage|p1a: Ninetales|0 fnt\n|faint|p1a: Ninetales\n|\n|-weather|Snow|[upkeep]\n|upkeep\n|\n|t:|1700670599\n|switch|p1a: Ogerpon|Ogerpon-Wellspring, F|100\/100\n|turn|2\n|l|\u2606Seesaw90\n|player|p1|\n|\n|t:|1700670636\n|move|p2a: Ogerpon|Ivy Cudgel|p1a: Ogerpon|[anim] Ivy Cudgel Rock\n|-damage|p1a: Ogerpon|40\/100\n|move|p1a: Ogerpon|Substitute|p1a: Ogerpon\n|-start|p1a: Ogerpon|Substitute\n|-damage|p1a: Ogerpon|15\/100\n|\n|-weather|Snow|[upkeep]\n|upkeep\n|turn|3\n|j|\u2606Seesaw90\n|player|p1|Seesaw90|101\n|\n|t:|1700670672\n|move|p1a: Ogerpon|Trailblaze|p2a: Ogerpon\n|-damage|p2a: Ogerpon|67\/100\n|-boost|p1a: Ogerpon|spe|1\n|move|p2a: Ogerpon|Ivy Cudgel|p1a: Ogerpon|[anim] Ivy Cudgel Rock\n|-end|p1a: Ogerpon|Substitute\n|\n|-weather|Snow|[upkeep]\n|upkeep\n|turn|4\n|\n|t:|1700670706\n|move|p2a: Ogerpon|Spiky Shield|p2a: Ogerpon\n|-singleturn|p2a: Ogerpon|move: Protect\n|move|p1a: Ogerpon|Ivy Cudgel|p2a: Ogerpon|[anim] Ivy Cudgel Water\n|-activate|p2a: Ogerpon|move: Protect\n|\n|-weather|Snow|[upkeep]\n|upkeep\n|turn|5\n|\n|t:|1700670740\n|switch|p2a: Keldeo|Keldeo|100\/100\n|move|p1a: Ogerpon|Ivy Cudgel|p2a: Keldeo|[anim] Ivy Cudgel Water\n|-resisted|p2a: Keldeo\n|-damage|p2a: Keldeo|76\/100\n|\n|-weather|none\n|upkeep\n|turn|6\n|l|\u2606Seesaw90\n|player|p1|\n|j|\u2606Seesaw90\n|player|p1|Seesaw90|101\n|inactive|Battle timer is ON: inactive players will automatically lose when time's up. (requested by schoolboy333)\n|\n|t:|1700670794\n|move|p1a: Ogerpon|Trailblaze|p2a: Keldeo\n|-supereffective|p2a: Keldeo\n|-damage|p2a: Keldeo|29\/100\n|-boost|p1a: Ogerpon|spe|1\n|move|p2a: Keldeo|Hydro Pump|p1a: Ogerpon\n|-heal|p1a: Ogerpon|40\/100|[from] ability: Water Absorb|[of] p2a: Keldeo\n|\n|upkeep\n|turn|7\n|\n|t:|1700670809\n|move|p1a: Ogerpon|Swords Dance|p1a: Ogerpon\n|-boost|p1a: Ogerpon|atk|2\n|move|p2a: Keldeo|Air Slash|p1a: Ogerpon\n|-supereffective|p1a: Ogerpon\n|-damage|p1a: Ogerpon|0 fnt\n|faint|p1a: Ogerpon\n|\n|upkeep\n|\n|t:|1700670813\n|switch|p1a: Pinsir|Pinsir, M, shiny|100\/100\n|turn|8\n|\n|t:|1700670818\n|detailschange|p1a: Pinsir|Pinsir-Mega, M, shiny\n|-mega|p1a: Pinsir|Pinsir|Pinsirite\n|move|p1a: Pinsir|Quick Attack|p2a: Keldeo\n|-supereffective|p2a: Keldeo\n|-damage|p2a: Keldeo|0 fnt\n|faint|p2a: Keldeo\n|\n|upkeep\n|\n|t:|1700670832\n|switch|p2a: Ogerpon|Ogerpon-Cornerstone, F|67\/100\n|turn|9\n|l|\u2606Seesaw90\n|inactive|Seesaw90 disconnected and has a minute to reconnect!\n|player|p1|\n|j|\u2606Seesaw90\n|inactive|Seesaw90 reconnected and has 130 seconds left.\n|player|p1|Seesaw90|101\n|inactive|Seesaw90 has 120 seconds left.\n|\n|t:|1700670862\n|switch|p1a: Great Tusk|Great Tusk|100\/100\n|-terastallize|p2a: Ogerpon|Rock\n|detailschange|p2a: Ogerpon|Ogerpon-Cornerstone-Tera, F, tera:Rock\n|-ability|p2a: Ogerpon|Embody Aspect (Cornerstone)|boost\n|-boost|p2a: Ogerpon|def|1\n|move|p2a: Ogerpon|Ivy Cudgel|p1a: Great Tusk|[anim] Ivy Cudgel Rock\n|-resisted|p1a: Great Tusk\n|-damage|p1a: Great Tusk|86\/100\n|\n|upkeep\n|turn|10\n|inactive|Seesaw90 has 120 seconds left.\n|\n|t:|1700670877\n|move|p2a: Ogerpon|Wood Hammer|p1a: Great Tusk\n|-supereffective|p1a: Great Tusk\n|-damage|p1a: Great Tusk|0 fnt\n|faint|p1a: Great Tusk\n|-end|p1a: Great Tusk|Protosynthesis|[silent]\n|-damage|p2a: Ogerpon|32\/100|[from] Recoil\n|\n|upkeep\n|inactive|Seesaw90 has 120 seconds left.\n|\n|t:|1700670886\n|switch|p1a: Heatran|Heatran, F, shiny|100\/100\n|turn|11\n|\n|t:|1700670893\n|move|p2a: Ogerpon|Ivy Cudgel|p1a: Heatran|[anim] Ivy Cudgel Rock\n|-damage|p1a: Heatran|36\/100\n|move|p1a: Heatran|Flash Cannon|p2a: Ogerpon\n|-supereffective|p2a: Ogerpon\n|-damage|p2a: Ogerpon|0 fnt\n|faint|p2a: Ogerpon\n|\n|-heal|p1a: Heatran|42\/100|[from] item: Leftovers\n|upkeep\n|\n|t:|1700670915\n|switch|p2a: Dragonite|Dragonite, F|100\/100\n|turn|12\n|\n|t:|1700670925\n|-terastallize|p1a: Heatran|Grass\n|move|p2a: Dragonite|Curse|p2a: Dragonite\n|-unboost|p2a: Dragonite|spe|1\n|-boost|p2a: Dragonite|atk|1\n|-boost|p2a: Dragonite|def|1\n|move|p1a: Heatran|Magma Storm|p2a: Dragonite\n|-resisted|p2a: Dragonite\n|-damage|p2a: Dragonite|92\/100\n|-activate|p2a: Dragonite|move: Magma Storm|[of] p1a: Heatran\n|\n|-heal|p1a: Heatran|48\/100|[from] item: Leftovers\n|-heal|p2a: Dragonite|98\/100|[from] item: Leftovers\n|-damage|p2a: Dragonite|85\/100|[from] move: Magma Storm|[partiallytrapped]\n|upkeep\n|turn|13\n|\n|t:|1700670939\n|move|p2a: Dragonite|Extreme Speed|p1a: Heatran\n|-damage|p1a: Heatran|19\/100\n|move|p1a: Heatran|Taunt|p2a: Dragonite\n|-start|p2a: Dragonite|move: Taunt\n|\n|-heal|p1a: Heatran|25\/100|[from] item: Leftovers\n|-heal|p2a: Dragonite|92\/100|[from] item: Leftovers\n|-damage|p2a: Dragonite|79\/100|[from] move: Magma Storm|[partiallytrapped]\n|upkeep\n|turn|14\n|\n|t:|1700670945\n|move|p2a: Dragonite|Extreme Speed|p1a: Heatran\n|-damage|p1a: Heatran|0 fnt\n|faint|p1a: Heatran\n|\n|-heal|p2a: Dragonite|85\/100|[from] item: Leftovers\n|-end|p2a: Dragonite|Magma Storm|[partiallytrapped]|[silent]\n|upkeep\n|\n|t:|1700670953\n|switch|p1a: Marowak|Marowak-Alola, F, shiny|100\/100\n|turn|15\n|\n|t:|1700670965\n|move|p1a: Marowak|Double-Edge|p2a: Dragonite\n|-damage|p2a: Dragonite|51\/100\n|move|p2a: Dragonite|Earthquake|p1a: Marowak\n|-supereffective|p1a: Marowak\n|-damage|p1a: Marowak|0 fnt\n|faint|p1a: Marowak\n|\n|-heal|p2a: Dragonite|57\/100|[from] item: Leftovers\n|upkeep\n|\n|t:|1700670968\n|switch|p1a: Pinsir|Pinsir-Mega, M, shiny|100\/100\n|turn|16\n|\n|t:|1700670973\n|move|p2a: Dragonite|Extreme Speed|p1a: Pinsir\n|-crit|p1a: Pinsir\n|-damage|p1a: Pinsir|40\/100\n|move|p1a: Pinsir|Swords Dance|p1a: Pinsir\n|-boost|p1a: Pinsir|atk|2\n|\n|-heal|p2a: Dragonite|63\/100|[from] item: Leftovers\n|-end|p2a: Dragonite|move: Taunt\n|upkeep\n|turn|17\n|\n|t:|1700670983\n|move|p2a: Dragonite|Extreme Speed|p1a: Pinsir\n|-damage|p1a: Pinsir|3\/100\n|move|p1a: Pinsir|Frustration|p2a: Dragonite\n|-damage|p2a: Dragonite|0 fnt\n|faint|p2a: Dragonite\n|\n|upkeep\n|\n|t:|1700670993\n|switch|p2a: Bisharp|Bisharp, M|100\/100\n|turn|18\n|\n|t:|1700670996\n|move|p2a: Bisharp|Sucker Punch|p1a: Pinsir\n|-damage|p1a: Pinsir|0 fnt\n|faint|p1a: Pinsir\n|\n|win|schoolboy333\n|raw|Seesaw90's rating: 1319 &rarr; <strong>1298<\/strong><br \/>(-21 for losing)\n|raw|schoolboy333's rating: 1295 &rarr; <strong>1322<\/strong><br \/>(+27 for winning)\n|l|\u2606Seesaw90\n|c|\u2606schoolboy333|gg\n","uploadtime":1700671013,"views":0,"p1id":"seesaw90","p2id":"schoolboy333","formatid":"gen9nationaldex","rating":1298,"private":0,"password":""}