{"id":"gen9nationaldex-1991407270","p1":"Chili D Dewd","p2":"salpicadura","format":"[Gen 9] National Dex","log":"|j|\u2606Chili D Dewd\n|j|\u2606salpicadura\n|t:|1700074510\n|gametype|singles\n|player|p1|Chili D Dewd|flint|1609\n|player|p2|salpicadura|fisherman-gen4|1704\n|teamsize|p1|6\n|teamsize|p2|6\n|gen|9\n|tier|[Gen 9] National Dex\n|rated|\n|rule|HP Percentage Mod: HP is shown in percentages\n|rule|Endless Battle Clause: Forcing endless battles is banned\n|rule|OHKO Clause: OHKO moves are banned\n|rule|Evasion Clause: Evasion abilities, items, and moves are banned\n|rule|Evasion Abilities Clause: Evasion abilities are banned\n|rule|Evasion Items Clause: Evasion items are banned\n|rule|Evasion Moves Clause: Evasion moves are banned\n|rule|Species Clause: Limit one of each Pok\u00e9mon\n|rule|Sleep Clause Mod: Limit one foe put to sleep\n|clearpoke\n|poke|p1|Scovillain, M|\n|poke|p1|Torkoal, M|\n|poke|p1|Great Tusk|\n|poke|p1|Houndoom, M|\n|poke|p1|Tapu Lele|\n|poke|p1|Rotom-Wash|\n|poke|p2|Corviknight, F|\n|poke|p2|Hoopa-Unbound|\n|poke|p2|Alomomola, M|\n|poke|p2|Rillaboom, M|\n|poke|p2|Heatran, F|\n|poke|p2|Tapu Koko|\n|teampreview\n|inactive|Battle timer is ON: inactive players will automatically lose when time's up. (requested by Chili D Dewd)\n|\n|t:|1700074534\n|start\n|switch|p1a: Torkoal|Torkoal, M|100\/100\n|switch|p2a: Hoopa|Hoopa-Unbound|100\/100\n|-weather|SunnyDay|[from] ability: Drought|[of] p1a: Torkoal\n|turn|1\n|\n|t:|1700074540\n|switch|p1a: Houndoom|Houndoom, M|100\/100\n|move|p2a: Hoopa|Knock Off|p1a: Houndoom\n|-resisted|p1a: Houndoom\n|-damage|p1a: Houndoom|37\/100\n|\n|-weather|SunnyDay|[upkeep]\n|upkeep\n|turn|2\n|\n|t:|1700074546\n|switch|p2a: Heatran|Heatran, F|100\/100\n|-item|p2a: Heatran|Air Balloon\n|detailschange|p1a: Houndoom|Houndoom-Mega, M\n|-mega|p1a: Houndoom|Houndoom|Houndoominite\n|move|p1a: Houndoom|Nasty Plot|p1a: Houndoom\n|-boost|p1a: Houndoom|spa|2\n|\n|-weather|SunnyDay|[upkeep]\n|-damage|p1a: Houndoom|25\/100|[from] ability: Solar Power|[of] p1a: Houndoom\n|upkeep\n|turn|3\n|\n|t:|1700074549\n|move|p1a: Houndoom|Dark Pulse|p2a: Heatran\n|-damage|p2a: Heatran|26\/100\n|-enditem|p2a: Heatran|Air Balloon\n|move|p2a: Heatran|Earth Power|p1a: Houndoom\n|-supereffective|p1a: Houndoom\n|-damage|p1a: Houndoom|0 fnt\n|faint|p1a: Houndoom\n|\n|-weather|SunnyDay|[upkeep]\n|upkeep\n|\n|t:|1700074555\n|switch|p1a: Great Tusk|Great Tusk|100\/100\n|-activate|p1a: Great Tusk|ability: Protosynthesis\n|-start|p1a: Great Tusk|protosynthesisatk\n|turn|4\n|\n|t:|1700074558\n|switch|p2a: Corviknight|Corviknight, F|100\/100\n|-ability|p2a: Corviknight|Pressure\n|move|p1a: Great Tusk|Close Combat|p2a: Corviknight\n|-damage|p2a: Corviknight|54\/100\n|-unboost|p1a: Great Tusk|def|1\n|-unboost|p1a: Great Tusk|spd|1\n|-damage|p1a: Great Tusk|84\/100|[from] item: Rocky Helmet|[of] p2a: Corviknight\n|\n|-weather|SunnyDay|[upkeep]\n|upkeep\n|turn|5\n|\n|t:|1700074560\n|-zpower|p1a: Great Tusk\n|move|p1a: Great Tusk|Subzero Slammer|p2a: Corviknight|[zeffect]\n|-damage|p2a: Corviknight|14\/100\n|move|p2a: Corviknight|Defog|p1a: Great Tusk\n|-unboost|p1a: Great Tusk|evasion|1\n|\n|-weather|SunnyDay|[upkeep]\n|upkeep\n|turn|6\n|\n|t:|1700074564\n|move|p1a: Great Tusk|Close Combat|p2a: Corviknight\n|-damage|p2a: Corviknight|0 fnt\n|-unboost|p1a: Great Tusk|def|1\n|-unboost|p1a: Great Tusk|spd|1\n|-damage|p1a: Great Tusk|68\/100|[from] item: Rocky Helmet|[of] p2a: Corviknight\n|faint|p2a: Corviknight\n|\n|-weather|SunnyDay|[upkeep]\n|upkeep\n|\n|t:|1700074566\n|switch|p2a: Alomomola|Alomomola, M|100\/100\n|turn|7\n|\n|t:|1700074571\n|-end|p1a: Great Tusk|Protosynthesis|[silent]\n|switch|p1a: Rotom|Rotom-Wash|100\/100\n|move|p2a: Alomomola|Flip Turn|p1a: Rotom\n|-resisted|p1a: Rotom\n|-damage|p1a: Rotom|97\/100\n|\n|t:|1700074581\n|switch|p2a: Rillaboom|Rillaboom, M|100\/100|[from] Flip Turn\n|-fieldstart|move: Grassy Terrain|[from] ability: Grassy Surge|[of] p2a: Rillaboom\n|\n|-weather|SunnyDay|[upkeep]\n|-heal|p1a: Rotom|100\/100|[from] item: Leftovers\n|upkeep\n|turn|8\n|\n|t:|1700074585\n|switch|p1a: Torkoal|Torkoal, M|100\/100\n|move|p2a: Rillaboom|U-turn|p1a: Torkoal\n|-resisted|p1a: Torkoal\n|-damage|p1a: Torkoal|89\/100\n|\n|t:|1700074590\n|switch|p2a: Hoopa|Hoopa-Unbound|100\/100|[from] U-turn\n|\n|-weather|none\n|-heal|p1a: Torkoal|96\/100|[from] Grassy Terrain\n|upkeep\n|turn|9\n|\n|t:|1700074594\n|-terastallize|p2a: Hoopa|Dark\n|move|p2a: Hoopa|Hyperspace Fury|p1a: Torkoal\n|-damage|p1a: Torkoal|26\/100\n|-unboost|p2a: Hoopa|def|1\n|move|p1a: Torkoal|Stealth Rock|p2a: Hoopa\n|-sidestart|p2: salpicadura|move: Stealth Rock\n|\n|-heal|p1a: Torkoal|32\/100|[from] Grassy Terrain\n|upkeep\n|turn|10\n|\n|t:|1700074599\n|switch|p1a: Great Tusk|Great Tusk|68\/100\n|move|p2a: Hoopa|Hyperspace Fury|p1a: Great Tusk\n|-resisted|p1a: Great Tusk\n|-damage|p1a: Great Tusk|20\/100\n|-unboost|p2a: Hoopa|def|1\n|\n|-heal|p1a: Great Tusk|26\/100|[from] Grassy Terrain\n|upkeep\n|turn|11\n|\n|t:|1700074601\n|switch|p2a: Alomomola|Alomomola, M|100\/100\n|-damage|p2a: Alomomola|88\/100|[from] Stealth Rock\n|move|p1a: Great Tusk|Close Combat|p2a: Alomomola\n|-damage|p2a: Alomomola|54\/100\n|-unboost|p1a: Great Tusk|def|1\n|-unboost|p1a: Great Tusk|spd|1\n|-damage|p1a: Great Tusk|10\/100|[from] item: Rocky Helmet|[of] p2a: Alomomola\n|\n|-heal|p1a: Great Tusk|16\/100|[from] Grassy Terrain\n|-heal|p2a: Alomomola|61\/100|[from] Grassy Terrain\n|-fieldend|move: Grassy Terrain\n|upkeep\n|turn|12\n|\n|t:|1700074606\n|-end|p1a: Great Tusk|Protosynthesis|[silent]\n|switch|p1a: Torkoal|Torkoal, M|32\/100\n|-weather|SunnyDay|[from] ability: Drought|[of] p1a: Torkoal\n|move|p2a: Alomomola|Flip Turn|p1a: Torkoal\n|-supereffective|p1a: Torkoal\n|-damage|p1a: Torkoal|23\/100\n|\n|t:|1700074612\n|switch|p2a: Tapu Koko|Tapu Koko|100\/100|[from] Flip Turn\n|-damage|p2a: Tapu Koko|88\/100|[from] Stealth Rock\n|-fieldstart|move: Electric Terrain|[from] ability: Electric Surge|[of] p2a: Tapu Koko\n|\n|-weather|SunnyDay|[upkeep]\n|upkeep\n|turn|13\n|\n|t:|1700074624\n|switch|p1a: Rotom|Rotom-Wash|100\/100\n|move|p2a: Tapu Koko|Thunderbolt|p1a: Rotom\n|-damage|p1a: Rotom|59\/100\n|\n|-weather|SunnyDay|[upkeep]\n|-heal|p1a: Rotom|65\/100|[from] item: Leftovers\n|upkeep\n|turn|14\n|\n|t:|1700074627\n|-zpower|p2a: Tapu Koko\n|move|p2a: Tapu Koko|Twinkle Tackle|p1a: Rotom|[zeffect]\n|-damage|p1a: Rotom|11\/100\n|move|p1a: Rotom|Volt Switch|p2a: Tapu Koko\n|-resisted|p2a: Tapu Koko\n|-damage|p2a: Tapu Koko|68\/100\n|\n|t:|1700074630\n|switch|p1a: Scovillain|Scovillain, M|100\/100|[from] Volt Switch\n|\n|-weather|SunnyDay|[upkeep]\n|upkeep\n|turn|15\n|\n|t:|1700074640\n|switch|p2a: Heatran|Heatran, F|26\/100\n|-damage|p2a: Heatran|14\/100|[from] Stealth Rock\n|move|p1a: Scovillain|Growth|p1a: Scovillain\n|-boost|p1a: Scovillain|atk|2\n|-boost|p1a: Scovillain|spa|2\n|\n|-weather|SunnyDay|[upkeep]\n|upkeep\n|turn|16\n|\n|t:|1700074643\n|move|p1a: Scovillain|Stomping Tantrum|p2a: Heatran\n|-supereffective|p2a: Heatran\n|-damage|p2a: Heatran|0 fnt\n|faint|p2a: Heatran\n|-damage|p1a: Scovillain|91\/100|[from] item: Life Orb\n|\n|-weather|SunnyDay|[upkeep]\n|-fieldend|move: Electric Terrain\n|upkeep\n|\n|t:|1700074666\n|switch|p2a: Hoopa|Hoopa-Unbound, tera:Dark|100\/100\n|-damage|p2a: Hoopa|88\/100|[from] Stealth Rock\n|turn|17\n|\n|t:|1700074669\n|move|p1a: Scovillain|Fire Blast|p2a: Hoopa\n|-damage|p2a: Hoopa|0 fnt\n|faint|p2a: Hoopa\n|-damage|p1a: Scovillain|81\/100|[from] item: Life Orb\n|\n|-weather|SunnyDay|[upkeep]\n|upkeep\n|\n|t:|1700074675\n|switch|p2a: Rillaboom|Rillaboom, M|100\/100\n|-damage|p2a: Rillaboom|88\/100|[from] Stealth Rock\n|-fieldstart|move: Grassy Terrain|[from] ability: Grassy Surge|[of] p2a: Rillaboom\n|turn|18\n|\n|t:|1700074679\n|move|p1a: Scovillain|Fire Blast|p2a: Rillaboom\n|-supereffective|p2a: Rillaboom\n|-damage|p2a: Rillaboom|0 fnt\n|faint|p2a: Rillaboom\n|-damage|p1a: Scovillain|71\/100|[from] item: Life Orb\n|\n|-weather|SunnyDay|[upkeep]\n|-heal|p1a: Scovillain|77\/100|[from] Grassy Terrain\n|upkeep\n|-message|salpicadura forfeited.\n|\n|win|Chili D Dewd\n|raw|Chili D Dewd's rating: 1609 &rarr; <strong>1636<\/strong><br \/>(+27 for winning)\n|raw|salpicadura's rating: 1731 &rarr; <strong>1704<\/strong><br \/>(-27 for losing)\n|l|\u2606salpicadura\n","uploadtime":1700074686,"views":4,"p1id":"chiliddewd","p2id":"salpicadura","formatid":"gen9nationaldex","rating":1636,"private":0,"password":""}