{"id":"gen9nationaldex-1990259396","p1":"zgiatq\u8d85\u7ea7\u53ef\u7231\u4e4b\u795e","p2":"kitmash","format":"[Gen 9] National Dex","log":"|j|\u2606zgiatq\u8d85\u7ea7\u53ef\u7231\u4e4b\u795e\n|j|\u2606kitmash\n|t:|1699946266\n|gametype|singles\n|player|p1|zgiatq\u8d85\u7ea7\u53ef\u7231\u4e4b\u795e|cynthia-gen4|1587\n|player|p2|kitmash|2|1555\n|teamsize|p1|6\n|teamsize|p2|6\n|gen|9\n|tier|[Gen 9] National Dex\n|rated|\n|rule|HP Percentage Mod: HP is shown in percentages\n|rule|Endless Battle Clause: Forcing endless battles is banned\n|rule|OHKO Clause: OHKO moves are banned\n|rule|Evasion Clause: Evasion abilities, items, and moves are banned\n|rule|Evasion Abilities Clause: Evasion abilities are banned\n|rule|Evasion Items Clause: Evasion items are banned\n|rule|Evasion Moves Clause: Evasion moves are banned\n|rule|Species Clause: Limit one of each Pok\u00e9mon\n|rule|Sleep Clause Mod: Limit one foe put to sleep\n|clearpoke\n|poke|p1|Maushold-Four|\n|poke|p1|Landorus-Therian, M|\n|poke|p1|Goodra-Hisui, F|\n|poke|p1|Cinderace, F|\n|poke|p1|Dondozo, F|\n|poke|p1|Tyranitar, F|\n|poke|p2|Wo-Chien|\n|poke|p2|Weezing-Galar, F|\n|poke|p2|Alomomola, F|\n|poke|p2|Bellibolt, M|\n|poke|p2|Kleavor, M|\n|poke|p2|Tapu Koko|\n|teampreview\n|\n|t:|1699946278\n|start\n|switch|p1a: Landorus|Landorus-Therian, M|100\/100\n|switch|p2a: Kleavor|Kleavor, M|100\/100\n|-ability|p1a: Landorus|Intimidate|boost\n|-unboost|p2a: Kleavor|atk|1\n|turn|1\n|\n|t:|1699946311\n|switch|p2a: Weezing|Weezing-Galar, F|100\/100\n|move|p1a: Landorus|Earth Power|p2a: Weezing\n|-immune|p2a: Weezing|[from] ability: Levitate\n|\n|upkeep\n|turn|2\n|\n|t:|1699946321\n|switch|p1a: Goodra|Goodra-Hisui, F|100\/100\n|move|p2a: Weezing|Toxic Spikes|p1a: Goodra\n|-sidestart|p1: zgiatq\u8d85\u7ea7\u53ef\u7231\u4e4b\u795e|move: Toxic Spikes\n|\n|upkeep\n|turn|3\n|\n|t:|1699946330\n|switch|p2a: Bellibolt|Bellibolt, M|100\/100\n|move|p1a: Goodra|Flash Cannon|p2a: Bellibolt\n|-resisted|p2a: Bellibolt\n|-damage|p2a: Bellibolt|79\/100\n|-start|p2a: Bellibolt|Charge|Flash Cannon|[from] ability: Electromorphosis\n|\n|upkeep\n|turn|4\n|\n|t:|1699946350\n|switch|p1a: Landorus|Landorus-Therian, M|100\/100\n|-ability|p1a: Landorus|Intimidate|boost\n|-unboost|p2a: Bellibolt|atk|1\n|move|p2a: Bellibolt|Toxic|p1a: Landorus\n|-status|p1a: Landorus|tox\n|\n|-damage|p1a: Landorus|94\/100 tox|[from] psn\n|upkeep\n|turn|5\n|\n|t:|1699946367\n|switch|p1a: Goodra|Goodra-Hisui, F|100\/100\n|switch|p2a: Weezing|Weezing-Galar, F|100\/100\n|\n|upkeep\n|turn|6\n|\n|t:|1699946391\n|switch|p2a: Bellibolt|Bellibolt, M|79\/100\n|move|p1a: Goodra|Draco Meteor|p2a: Bellibolt\n|-damage|p2a: Bellibolt|16\/100\n|-unboost|p1a: Goodra|spa|2\n|-start|p2a: Bellibolt|Charge|Draco Meteor|[from] ability: Electromorphosis\n|\n|upkeep\n|turn|7\n|\n|t:|1699946403\n|move|p1a: Goodra|Draco Meteor|p2a: Bellibolt\n|-damage|p2a: Bellibolt|0 fnt\n|-unboost|p1a: Goodra|spa|2\n|faint|p2a: Bellibolt\n|\n|upkeep\n|\n|t:|1699946409\n|switch|p2a: Tapu Koko|Tapu Koko|100\/100\n|-fieldstart|move: Electric Terrain|[from] ability: Electric Surge|[of] p2a: Tapu Koko\n|turn|8\n|\n|t:|1699946430\n|switch|p1a: Landorus|Landorus-Therian, M|94\/100 tox\n|-ability|p1a: Landorus|Intimidate|boost\n|-unboost|p2a: Tapu Koko|atk|1\n|-terastallize|p2a: Tapu Koko|Fairy\n|move|p2a: Tapu Koko|Dazzling Gleam|p1a: Landorus\n|-damage|p1a: Landorus|10\/100 tox\n|\n|-damage|p1a: Landorus|4\/100 tox|[from] psn\n|upkeep\n|turn|9\n|\n|t:|1699946465\n|move|p1a: Landorus|Earth Power|p2a: Tapu Koko\n|-damage|p2a: Tapu Koko|36\/100\n|move|p2a: Tapu Koko|Dazzling Gleam|p1a: Landorus\n|-damage|p1a: Landorus|0 fnt\n|faint|p1a: Landorus\n|\n|upkeep\n|\n|t:|1699946490\n|switch|p1a: Cinderace|Cinderace, F|100\/100\n|-status|p1a: Cinderace|psn\n|turn|10\n|\n|t:|1699946499\n|switch|p2a: Alomomola|Alomomola, F|100\/100\n|move|p1a: Cinderace|High Jump Kick|p2a: Alomomola\n|-start|p1a: Cinderace|typechange|Fighting|[from] ability: Libero\n|-damage|p2a: Alomomola|67\/100\n|\n|-damage|p1a: Cinderace|88\/100 psn|[from] psn\n|upkeep\n|turn|11\n|\n|t:|1699946510\n|switch|p1a: Goodra|Goodra-Hisui, F|100\/100\n|move|p2a: Alomomola|Flip Turn|p1a: Goodra\n|-resisted|p1a: Goodra\n|-damage|p1a: Goodra|93\/100\n|\n|t:|1699946516\n|switch|p2a: Kleavor|Kleavor, M|100\/100|[from] Flip Turn\n|\n|upkeep\n|turn|12\n|\n|t:|1699946537\n|switch|p1a: Dondozo|Dondozo, F|100\/100\n|-status|p1a: Dondozo|psn\n|move|p2a: Kleavor|Close Combat|p1a: Dondozo\n|-damage|p1a: Dondozo|58\/100 psn\n|-unboost|p2a: Kleavor|def|1\n|-unboost|p2a: Kleavor|spd|1\n|\n|-heal|p1a: Dondozo|64\/100 psn|[from] item: Leftovers\n|-damage|p1a: Dondozo|52\/100 psn|[from] psn\n|-fieldend|move: Electric Terrain\n|upkeep\n|turn|13\n|\n|t:|1699946553\n|switch|p2a: Alomomola|Alomomola, F|100\/100\n|move|p1a: Dondozo|Rest|p1a: Dondozo\n|-status|p1a: Dondozo|slp|[from] move: Rest\n|-heal|p1a: Dondozo|100\/100 slp|[silent]\n|\n|upkeep\n|turn|14\n|\n|t:|1699946571\n|switch|p1a: Goodra|Goodra-Hisui, F|93\/100\n|move|p2a: Alomomola|Wish|p2a: Alomomola\n|\n|upkeep\n|turn|15\n|\n|t:|1699946579\n|switch|p2a: Wo-Chien|Wo-Chien|100\/100\n|-ability|p2a: Wo-Chien|Tablets of Ruin\n|move|p1a: Goodra|Flash Cannon|p2a: Wo-Chien\n|-damage|p2a: Wo-Chien|54\/100\n|-unboost|p2a: Wo-Chien|spd|1\n|\n|-heal|p2a: Wo-Chien|100\/100|[from] move: Wish|[wisher] Alomomola\n|upkeep\n|turn|16\n|\n|t:|1699946594\n|switch|p2a: Alomomola|Alomomola, F|100\/100\n|move|p1a: Goodra|Flash Cannon|p2a: Alomomola\n|-resisted|p2a: Alomomola\n|-damage|p2a: Alomomola|63\/100\n|\n|upkeep\n|turn|17\n|\n|t:|1699946603\n|move|p1a: Goodra|Flash Cannon|p2a: Alomomola\n|-resisted|p2a: Alomomola\n|-damage|p2a: Alomomola|26\/100\n|move|p2a: Alomomola|Flip Turn|p1a: Goodra\n|-resisted|p1a: Goodra\n|-damage|p1a: Goodra|85\/100\n|\n|t:|1699946609\n|switch|p2a: Kleavor|Kleavor, M|100\/100|[from] Flip Turn\n|\n|upkeep\n|turn|18\n|\n|t:|1699946622\n|-terastallize|p1a: Goodra|Flying\n|move|p2a: Kleavor|X-Scissor|p1a: Goodra\n|-resisted|p1a: Goodra\n|-damage|p1a: Goodra|34\/100\n|move|p1a: Goodra|Flash Cannon|p2a: Kleavor\n|-supereffective|p2a: Kleavor\n|-damage|p2a: Kleavor|0 fnt\n|faint|p2a: Kleavor\n|\n|upkeep\n|\n|t:|1699946630\n|switch|p2a: Tapu Koko|Tapu Koko, tera:Fairy|36\/100\n|-fieldstart|move: Electric Terrain|[from] ability: Electric Surge|[of] p2a: Tapu Koko\n|turn|19\n|j| hainiumm\n|\n|t:|1699946684\n|switch|p1a: Cinderace|Cinderace, F|88\/100 psn\n|move|p2a: Tapu Koko|Thunderbolt|p1a: Cinderace\n|-damage|p1a: Cinderace|0 fnt\n|faint|p1a: Cinderace\n|\n|upkeep\n|\n|t:|1699946692\n|switch|p1a: Maushold|Maushold-Four|100\/100\n|-status|p1a: Maushold|psn\n|turn|20\n|\n|t:|1699946698\n|move|p2a: Tapu Koko|Thunderbolt|p1a: Maushold\n|-damage|p1a: Maushold|0 fnt\n|faint|p1a: Maushold\n|\n|upkeep\n|\n|t:|1699946703\n|switch|p1a: Tyranitar|Tyranitar, F|100\/100\n|-status|p1a: Tyranitar|psn\n|-weather|Sandstorm|[from] ability: Sand Stream|[of] p1a: Tyranitar\n|turn|21\n|\n|t:|1699946733\n|switch|p2a: Wo-Chien|Wo-Chien|100\/100\n|-ability|p2a: Wo-Chien|Tablets of Ruin\n|move|p1a: Tyranitar|Stone Edge|p2a: Wo-Chien\n|-damage|p2a: Wo-Chien|60\/100\n|\n|-weather|Sandstorm|[upkeep]\n|-damage|p2a: Wo-Chien|54\/100|[from] Sandstorm\n|-heal|p2a: Wo-Chien|60\/100|[from] item: Leftovers\n|-damage|p1a: Tyranitar|88\/100 psn|[from] psn\n|upkeep\n|turn|22\n|\n|t:|1699946748\n|switch|p1a: Goodra|Goodra-Hisui, F, tera:Flying|34\/100\n|move|p2a: Wo-Chien|Ruination|p1a: Goodra\n|-damage|p1a: Goodra|17\/100\n|\n|-weather|Sandstorm|[upkeep]\n|-damage|p2a: Wo-Chien|54\/100|[from] Sandstorm\n|-damage|p1a: Goodra|11\/100|[from] Sandstorm\n|-heal|p2a: Wo-Chien|60\/100|[from] item: Leftovers\n|upkeep\n|turn|23\n|\n|t:|1699946787\n|switch|p2a: Alomomola|Alomomola, F|59\/100\n|move|p1a: Goodra|Draco Meteor|p2a: Alomomola\n|-damage|p2a: Alomomola|0 fnt\n|-unboost|p1a: Goodra|spa|2\n|faint|p2a: Alomomola\n|\n|-weather|Sandstorm|[upkeep]\n|-damage|p1a: Goodra|5\/100|[from] Sandstorm\n|-fieldend|move: Electric Terrain\n|upkeep\n|\n|t:|1699946800\n|switch|p2a: Tapu Koko|Tapu Koko, tera:Fairy|36\/100\n|-fieldstart|move: Electric Terrain|[from] ability: Electric Surge|[of] p2a: Tapu Koko\n|turn|24\n|\n|t:|1699946812\n|switch|p1a: Dondozo|Dondozo, F|100\/100 slp\n|move|p2a: Tapu Koko|U-turn|p1a: Dondozo\n|-damage|p1a: Dondozo|91\/100 slp\n|\n|t:|1699946823\n|switch|p2a: Wo-Chien|Wo-Chien|60\/100|[from] U-turn\n|-ability|p2a: Wo-Chien|Tablets of Ruin\n|\n|-weather|Sandstorm|[upkeep]\n|-damage|p2a: Wo-Chien|54\/100|[from] Sandstorm\n|-damage|p1a: Dondozo|85\/100 slp|[from] Sandstorm\n|-heal|p2a: Wo-Chien|60\/100|[from] item: Leftovers\n|-heal|p1a: Dondozo|91\/100 slp|[from] item: Leftovers\n|upkeep\n|turn|25\n|\n|t:|1699946836\n|move|p2a: Wo-Chien|Leech Seed|p1a: Dondozo\n|-start|p1a: Dondozo|move: Leech Seed\n|cant|p1a: Dondozo|slp\n|move|p1a: Dondozo|Sleep Talk|p1a: Dondozo\n|move|p1a: Dondozo|Avalanche|p2a: Wo-Chien|[from]move: Sleep Talk\n|-supereffective|p2a: Wo-Chien\n|-damage|p2a: Wo-Chien|46\/100\n|\n|-weather|none\n|-heal|p2a: Wo-Chien|52\/100|[from] item: Leftovers\n|-heal|p1a: Dondozo|98\/100 slp|[from] item: Leftovers\n|-damage|p1a: Dondozo|85\/100 slp|[from] Leech Seed|[of] p2a: Wo-Chien\n|-heal|p2a: Wo-Chien|67\/100|[silent]\n|upkeep\n|turn|26\n|\n|t:|1699946848\n|switch|p1a: Goodra|Goodra-Hisui, F, tera:Flying|5\/100\n|move|p2a: Wo-Chien|Ruination|p1a: Goodra\n|-damage|p1a: Goodra|3\/100\n|\n|-heal|p2a: Wo-Chien|73\/100|[from] item: Leftovers\n|upkeep\n|turn|27\n|\n|t:|1699946860\n|move|p2a: Wo-Chien|Foul Play|p1a: Goodra\n|-damage|p1a: Goodra|0 fnt\n|faint|p1a: Goodra\n|\n|-heal|p2a: Wo-Chien|79\/100|[from] item: Leftovers\n|upkeep\n|inactive|Battle timer is ON: inactive players will automatically lose when time's up. (requested by kitmash)\n|\n|t:|1699946921\n|switch|p1a: Tyranitar|Tyranitar, F|88\/100 psn\n|-weather|Sandstorm|[from] ability: Sand Stream|[of] p1a: Tyranitar\n|turn|28\n|\n|t:|1699946927\n|move|p2a: Wo-Chien|Ruination|p1a: Tyranitar\n|-damage|p1a: Tyranitar|44\/100 psn\n|move|p1a: Tyranitar|Ice Punch|p2a: Wo-Chien\n|-supereffective|p2a: Wo-Chien\n|-damage|p2a: Wo-Chien|34\/100\n|\n|-weather|Sandstorm|[upkeep]\n|-damage|p2a: Wo-Chien|28\/100|[from] Sandstorm\n|-heal|p2a: Wo-Chien|34\/100|[from] item: Leftovers\n|-damage|p1a: Tyranitar|32\/100 psn|[from] psn\n|-fieldend|move: Electric Terrain\n|upkeep\n|turn|29\n|-message|zgiatq\u8d85\u7ea7\u53ef\u7231\u4e4b\u795e forfeited.\n|\n|win|kitmash\n|raw|zgiatq\u8d85\u7ea7\u53ef\u7231\u4e4b\u795e's rating: 1587 &rarr; <strong>1565<\/strong><br \/>(-22 for losing)\n|raw|kitmash's rating: 1555 &rarr; <strong>1577<\/strong><br \/>(+22 for winning)\n","uploadtime":1699946949,"views":6,"p1id":"zgiatq","p2id":"kitmash","formatid":"gen9nationaldex","rating":1565,"private":0,"password":""}