{"id":"gen9nationaldex-1997881891","p1":"papunutriaxd","p2":"Soundz2","format":"[Gen 9] National Dex","log":"|html|<div class=\"broadcast-blue\"><strong>[Gen 9] National Dex is currently suspecting Sneasler! For information on how to participate check out the <a href=\"https:\/\/www.smogon.com\/forums\/threads\/sv-national-dex-suspect-8-just-dance.3731534\/\">suspect thread<\/a>.<\/strong><\/div>\n|j|\u2606papunutriaxd\n|j|\u2606Soundz2\n|t:|1700863206\n|gametype|singles\n|player|p1|papunutriaxd|clair|1338\n|player|p2|Soundz2|bellelba|1323\n|teamsize|p1|6\n|teamsize|p2|6\n|gen|9\n|tier|[Gen 9] National Dex\n|rated|\n|rule|HP Percentage Mod: HP is shown in percentages\n|rule|Endless Battle Clause: Forcing endless battles is banned\n|rule|OHKO Clause: OHKO moves are banned\n|rule|Evasion Clause: Evasion abilities, items, and moves are banned\n|rule|Evasion Abilities Clause: Evasion abilities are banned\n|rule|Evasion Items Clause: Evasion items are banned\n|rule|Evasion Moves Clause: Evasion moves are banned\n|rule|Species Clause: Limit one of each Pok\u00e9mon\n|rule|Sleep Clause Mod: Limit one foe put to sleep\n|clearpoke\n|poke|p1|Greninja-*, M|\n|poke|p1|Great Tusk|\n|poke|p1|Blaziken, F|\n|poke|p1|Sneasler, F|\n|poke|p1|Tapu Koko|\n|poke|p1|Decidueye, M|\n|poke|p2|Beedrill, M|\n|poke|p2|Lycanroc, F|\n|poke|p2|Great Tusk|\n|poke|p2|Tapu Lele|\n|poke|p2|Volcarona, F|\n|poke|p2|Weavile, M|\n|teampreview\n|inactive|Battle timer is ON: inactive players will automatically lose when time's up. (requested by Soundz2)\n|\n|t:|1700863212\n|start\n|switch|p1a: Tapu Koko|Tapu Koko|100\/100\n|switch|p2a: Lycanroc|Lycanroc, F|100\/100\n|-fieldstart|move: Electric Terrain|[from] ability: Electric Surge|[of] p1a: Tapu Koko\n|turn|1\n|\n|t:|1700863219\n|move|p1a: Tapu Koko|Reflect|p1a: Tapu Koko\n|-sidestart|p1: papunutriaxd|Reflect\n|move|p2a: Lycanroc|Stealth Rock|p1a: Tapu Koko\n|-sidestart|p1: papunutriaxd|move: Stealth Rock\n|\n|upkeep\n|turn|2\n|\n|t:|1700863231\n|move|p2a: Lycanroc|Accelerock|p1a: Tapu Koko\n|-damage|p1a: Tapu Koko|90\/100\n|move|p1a: Tapu Koko|Light Screen|p1a: Tapu Koko\n|-sidestart|p1: papunutriaxd|move: Light Screen\n|\n|upkeep\n|turn|3\n|\n|t:|1700863235\n|move|p2a: Lycanroc|Accelerock|p1a: Tapu Koko\n|-damage|p1a: Tapu Koko|80\/100\n|move|p1a: Tapu Koko|U-turn|p2a: Lycanroc\n|-damage|p2a: Lycanroc|69\/100\n|\n|t:|1700863240\n|switch|p1a: Great Tusk|Great Tusk|100\/100|[from] U-turn\n|-damage|p1a: Great Tusk|98\/100|[from] Stealth Rock\n|\n|-heal|p1a: Great Tusk|100\/100|[from] item: Leftovers\n|upkeep\n|turn|4\n|\n|t:|1700863253\n|move|p2a: Lycanroc|Endeavor|p1a: Great Tusk\n|-damage|p1a: Great Tusk|46\/100\n|move|p1a: Great Tusk|Headlong Rush|p2a: Lycanroc\n|-supereffective|p2a: Lycanroc\n|-damage|p2a: Lycanroc|0 fnt\n|-unboost|p1a: Great Tusk|def|1\n|-unboost|p1a: Great Tusk|spd|1\n|faint|p2a: Lycanroc\n|\n|-heal|p1a: Great Tusk|52\/100|[from] item: Leftovers\n|upkeep\n|\n|t:|1700863256\n|switch|p2a: Great Tusk|Great Tusk|100\/100\n|turn|5\n|\n|t:|1700863260\n|move|p2a: Great Tusk|Knock Off|p1a: Great Tusk\n|-resisted|p1a: Great Tusk\n|-damage|p1a: Great Tusk|45\/100\n|-enditem|p1a: Great Tusk|Leftovers|[from] move: Knock Off|[of] p2a: Great Tusk\n|move|p1a: Great Tusk|Rapid Spin|p2a: Great Tusk\n|-damage|p2a: Great Tusk|89\/100\n|-boost|p1a: Great Tusk|spe|1\n|-sideend|p1: papunutriaxd|Stealth Rock|[from] move: Rapid Spin|[of] p1a: Great Tusk\n|\n|-fieldend|move: Electric Terrain\n|upkeep\n|turn|6\n|\n|t:|1700863266\n|-end|p1a: Great Tusk|Protosynthesis|[silent]\n|switch|p1a: Decidueye|Decidueye, M|100\/100\n|move|p2a: Great Tusk|Rapid Spin|p1a: Decidueye\n|-immune|p1a: Decidueye\n|\n|upkeep\n|turn|7\n|\n|t:|1700863277\n|-end|p2a: Great Tusk|Protosynthesis|[silent]\n|switch|p2a: Volcarona|Volcarona, F|100\/100\n|move|p1a: Decidueye|Spirit Shackle|p2a: Volcarona\n|-damage|p2a: Volcarona|53\/100\n|-activate|p2a: Volcarona|trapped\n|\n|upkeep\n|turn|8\n|\n|t:|1700863287\n|move|p2a: Volcarona|Quiver Dance|p2a: Volcarona\n|-boost|p2a: Volcarona|spa|1\n|-boost|p2a: Volcarona|spd|1\n|-boost|p2a: Volcarona|spe|1\n|move|p1a: Decidueye|Night Shade|p2a: Volcarona\n|-damage|p2a: Volcarona|21\/100\n|\n|-sideend|p1: papunutriaxd|Reflect\n|upkeep\n|turn|9\n|\n|t:|1700863293\n|move|p2a: Volcarona|Fiery Dance|p1a: Decidueye\n|-supereffective|p1a: Decidueye\n|-damage|p1a: Decidueye|49\/100\n|-boost|p2a: Volcarona|spa|1\n|move|p1a: Decidueye|Night Shade|p2a: Volcarona\n|-damage|p2a: Volcarona|0 fnt\n|faint|p2a: Volcarona\n|\n|-sideend|p1: papunutriaxd|move: Light Screen\n|upkeep\n|\n|t:|1700863297\n|switch|p2a: Beedrill|Beedrill, M|100\/100\n|turn|10\n|\n|t:|1700863307\n|detailschange|p2a: Beedrill|Beedrill-Mega, M\n|-mega|p2a: Beedrill|Beedrill|Beedrillite\n|move|p2a: Beedrill|Knock Off|p1a: Decidueye\n|-supereffective|p1a: Decidueye\n|-damage|p1a: Decidueye|0 fnt\n|-enditem|p1a: Decidueye|Covert Cloak|[from] move: Knock Off|[of] p2a: Beedrill\n|faint|p1a: Decidueye\n|\n|upkeep\n|\n|t:|1700863314\n|switch|p1a: Greninja|Greninja, M|100\/100\n|turn|11\n|\n|t:|1700863320\n|switch|p2a: Tapu Lele|Tapu Lele|100\/100\n|-fieldstart|move: Psychic Terrain|[from] ability: Psychic Surge|[of] p2a: Tapu Lele\n|move|p1a: Greninja|Extrasensory|p2a: Tapu Lele\n|-resisted|p2a: Tapu Lele\n|-damage|p2a: Tapu Lele|84\/100\n|\n|upkeep\n|turn|12\n|\n|t:|1700863324\n|move|p2a: Tapu Lele|Moonblast|p1a: Greninja\n|-supereffective|p1a: Greninja\n|-enditem|p1a: Greninja|Focus Sash\n|-damage|p1a: Greninja|1\/100\n|move|p1a: Greninja|Dark Pulse|p2a: Tapu Lele\n|-damage|p2a: Tapu Lele|49\/100\n|\n|upkeep\n|turn|13\n|\n|t:|1700863329\n|switch|p1a: Tapu Koko|Tapu Koko|80\/100\n|-fieldstart|move: Electric Terrain|[from] ability: Electric Surge|[of] p1a: Tapu Koko\n|move|p2a: Tapu Lele|Moonblast|p1a: Tapu Koko\n|-damage|p1a: Tapu Koko|7\/100\n|\n|upkeep\n|turn|14\n|\n|t:|1700863333\n|move|p2a: Tapu Lele|Moonblast|p1a: Tapu Koko\n|-damage|p1a: Tapu Koko|0 fnt\n|faint|p1a: Tapu Koko\n|\n|upkeep\n|\n|t:|1700863337\n|switch|p1a: Sneasler|Sneasler, F|100\/100\n|-enditem|p1a: Sneasler|Electric Seed\n|-boost|p1a: Sneasler|def|1|[from] item: Electric Seed\n|turn|15\n|\n|t:|1700863348\n|switch|p2a: Great Tusk|Great Tusk|89\/100\n|-terastallize|p1a: Sneasler|Flying\n|move|p1a: Sneasler|Acrobatics|p2a: Great Tusk\n|-supereffective|p2a: Great Tusk\n|-damage|p2a: Great Tusk|0 fnt\n|faint|p2a: Great Tusk\n|-end|p2a: Great Tusk|Protosynthesis|[silent]\n|\n|upkeep\n|\n|t:|1700863350\n|switch|p2a: Tapu Lele|Tapu Lele|49\/100\n|-fieldstart|move: Psychic Terrain|[from] ability: Psychic Surge|[of] p2a: Tapu Lele\n|turn|16\n|\n|t:|1700863355\n|move|p1a: Sneasler|Acrobatics|p2a: Tapu Lele\n|-damage|p2a: Tapu Lele|0 fnt\n|faint|p2a: Tapu Lele\n|\n|upkeep\n|\n|t:|1700863357\n|switch|p2a: Weavile|Weavile, M|100\/100\n|-ability|p2a: Weavile|Pressure\n|turn|17\n|\n|t:|1700863363\n|-terastallize|p2a: Weavile|Ghost\n|move|p1a: Sneasler|Close Combat|p2a: Weavile\n|-immune|p2a: Weavile\n|move|p2a: Weavile|Triple Axel|p1a: Sneasler\n|-supereffective|p1a: Sneasler\n|-damage|p1a: Sneasler|79\/100\n|-supereffective|p1a: Sneasler\n|-damage|p1a: Sneasler|33\/100\n|-supereffective|p1a: Sneasler\n|-damage|p1a: Sneasler|0 fnt\n|faint|p1a: Sneasler\n|-hitcount|p1: Sneasler|3\n|\n|upkeep\n|\n|t:|1700863372\n|switch|p1a: Great Tusk|Great Tusk|45\/100\n|turn|18\n|\n|t:|1700863374\n|move|p2a: Weavile|Triple Axel|p1a: Great Tusk\n|-supereffective|p1a: Great Tusk\n|-damage|p1a: Great Tusk|32\/100\n|-supereffective|p1a: Great Tusk\n|-damage|p1a: Great Tusk|6\/100\n|-supereffective|p1a: Great Tusk\n|-damage|p1a: Great Tusk|0 fnt\n|faint|p1a: Great Tusk\n|-end|p1a: Great Tusk|Protosynthesis|[silent]\n|-hitcount|p1: Great Tusk|3\n|\n|upkeep\n|\n|t:|1700863382\n|switch|p1a: Greninja|Greninja, M|1\/100\n|turn|19\n|\n|t:|1700863384\n|move|p2a: Weavile|Ice Shard|p1a: Greninja\n|-activate|p1a: Greninja|move: Psychic Terrain\n|move|p1a: Greninja|Water Shuriken|p2a: Weavile\n|-activate|p2a: Weavile|move: Psychic Terrain\n|\n|upkeep\n|turn|20\n|\n|t:|1700863389\n|move|p2a: Weavile|Triple Axel|p1a: Greninja\n|-resisted|p1a: Greninja\n|-damage|p1a: Greninja|0 fnt\n|faint|p1a: Greninja\n|-hitcount|p1: Greninja|1\n|\n|-fieldend|move: Psychic Terrain\n|upkeep\n|\n|t:|1700863391\n|switch|p1a: Blaziken|Blaziken, F|100\/100\n|turn|21\n|\n|t:|1700863395\n|move|p1a: Blaziken|Protect|p1a: Blaziken\n|-singleturn|p1a: Blaziken|Protect\n|move|p2a: Weavile|Swords Dance|p2a: Weavile\n|-boost|p2a: Weavile|atk|2\n|\n|-ability|p1a: Blaziken|Speed Boost|boost\n|-boost|p1a: Blaziken|spe|1\n|upkeep\n|turn|22\n|\n|t:|1700863406\n|move|p1a: Blaziken|Acrobatics|p2a: Weavile\n|-damage|p2a: Weavile|65\/100\n|move|p2a: Weavile|Knock Off|p1a: Blaziken\n|-resisted|p1a: Blaziken\n|-damage|p1a: Blaziken|34\/100\n|-enditem|p1a: Blaziken|Focus Sash|[from] move: Knock Off|[of] p2a: Weavile\n|\n|-ability|p1a: Blaziken|Speed Boost|boost\n|-boost|p1a: Blaziken|spe|1\n|upkeep\n|turn|23\n|\n|t:|1700863409\n|move|p1a: Blaziken|Acrobatics|p2a: Weavile\n|-damage|p2a: Weavile|0 fnt\n|faint|p2a: Weavile\n|\n|-ability|p1a: Blaziken|Speed Boost|boost\n|-boost|p1a: Blaziken|spe|1\n|upkeep\n|\n|t:|1700863411\n|switch|p2a: Beedrill|Beedrill-Mega, M|100\/100\n|turn|24\n|\n|t:|1700863413\n|move|p1a: Blaziken|Acrobatics|p2a: Beedrill\n|-supereffective|p2a: Beedrill\n|-damage|p2a: Beedrill|0 fnt\n|faint|p2a: Beedrill\n|\n|win|papunutriaxd\n|raw|papunutriaxd's rating: 1338 &rarr; <strong>1357<\/strong><br \/>(+19 for winning)\n|raw|Soundz2's rating: 1323 &rarr; <strong>1304<\/strong><br \/>(-19 for losing)\n|l|\u2606Soundz2\n|c|\u2606papunutriaxd|GG\n","uploadtime":1700863426,"views":2,"p1id":"papunutriaxd","p2id":"soundz2","formatid":"gen9nationaldex","rating":1304,"private":0,"password":""}