{"id":"gen9nationaldex-1988239812","p1":"Serena1111","p2":"ReptileMedias","format":"[Gen 9] National Dex","log":"|j|\u2606Serena1111\n|j|\u2606ReptileMedias\n|t:|1699692146\n|gametype|singles\n|player|p1|Serena1111|serena|1188\n|player|p2|ReptileMedias|may|1296\n|teamsize|p1|6\n|teamsize|p2|6\n|gen|9\n|tier|[Gen 9] National Dex\n|rated|\n|rule|HP Percentage Mod: HP is shown in percentages\n|rule|Endless Battle Clause: Forcing endless battles is banned\n|rule|OHKO Clause: OHKO moves are banned\n|rule|Evasion Clause: Evasion abilities, items, and moves are banned\n|rule|Evasion Abilities Clause: Evasion abilities are banned\n|rule|Evasion Items Clause: Evasion items are banned\n|rule|Evasion Moves Clause: Evasion moves are banned\n|rule|Species Clause: Limit one of each Pok\u00e9mon\n|rule|Sleep Clause Mod: Limit one foe put to sleep\n|clearpoke\n|poke|p1|Weavile, M|\n|poke|p1|Kartana|\n|poke|p1|Hoopa-Unbound|\n|poke|p1|Sneasler, F|\n|poke|p1|Heracross, F|\n|poke|p1|Ceruledge, M|\n|poke|p2|Scizor, M|\n|poke|p2|Venusaur, M|\n|poke|p2|Arcanine, F|\n|poke|p2|Crawdaunt, M|\n|poke|p2|Jolteon, M|\n|poke|p2|Crobat, M|\n|teampreview\n|inactive|Battle timer is ON: inactive players will automatically lose when time's up. (requested by Serena1111)\n|\n|t:|1699692153\n|start\n|switch|p1a: Weavile|Weavile, M|100\/100\n|switch|p2a: Lobstarno|Crawdaunt, M|100\/100\n|-ability|p1a: Weavile|Pressure\n|turn|1\n|\n|t:|1699692175\n|-terastallize|p1a: Weavile|Dark\n|-terastallize|p2a: Lobstarno|Dark\n|move|p1a: Weavile|Beat Up|p2a: Lobstarno\n|-resisted|p2a: Lobstarno\n|-damage|p2a: Lobstarno|89\/100\n|-resisted|p2a: Lobstarno\n|-damage|p2a: Lobstarno|73\/100\n|-resisted|p2a: Lobstarno\n|-damage|p2a: Lobstarno|59\/100\n|-resisted|p2a: Lobstarno\n|-damage|p2a: Lobstarno|47\/100\n|-resisted|p2a: Lobstarno\n|-damage|p2a: Lobstarno|34\/100\n|-resisted|p2a: Lobstarno\n|-damage|p2a: Lobstarno|22\/100\n|-hitcount|p2a: Lobstarno|6\n|move|p2a: Lobstarno|Knock Off|p1a: Weavile\n|-resisted|p1a: Weavile\n|-damage|p1a: Weavile|0 fnt\n|-enditem|p1a: Weavile|Choice Band|[from] move: Knock Off|[of] p2a: Lobstarno\n|faint|p1a: Weavile\n|\n|upkeep\n|\n|t:|1699692198\n|switch|p1a: Heracross|Heracross, F|100\/100\n|turn|2\n|\n|t:|1699692210\n|switch|p2a: COw bat (lol)|Crobat, M|100\/100\n|move|p1a: Heracross|Arm Thrust|p2a: COw bat (lol)\n|-resisted|p2a: COw bat (lol)\n|-damage|p2a: COw bat (lol)|98\/100\n|-resisted|p2a: COw bat (lol)\n|-damage|p2a: COw bat (lol)|95\/100\n|-hitcount|p2a: COw bat (lol)|2\n|\n|upkeep\n|turn|3\n|\n|t:|1699692226\n|detailschange|p1a: Heracross|Heracross-Mega, F\n|-mega|p1a: Heracross|Heracross|Heracronite\n|move|p2a: COw bat (lol)|Air Slash|p1a: Heracross\n|-supereffective|p1a: Heracross\n|-damage|p1a: Heracross|0 fnt\n|faint|p1a: Heracross\n|\n|upkeep\n|inactive|Serena1111 has 120 seconds left.\n|\n|t:|1699692271\n|switch|p1a: Hoopa|Hoopa-Unbound|100\/100\n|turn|4\n|inactive|ReptileMedias has 120 seconds left.\n|\n|t:|1699692322\n|switch|p2a: Bullet Ant|Scizor, M|100\/100\n|move|p1a: Hoopa|Zen Headbutt|p2a: Bullet Ant\n|-resisted|p2a: Bullet Ant\n|-damage|p2a: Bullet Ant|82\/100\n|-damage|p1a: Hoopa|84\/100|[from] item: Rocky Helmet|[of] p2a: Bullet Ant\n|\n|upkeep\n|turn|5\n|inactive|ReptileMedias has 90 seconds left.\n|\n|t:|1699692365\n|switch|p1a: Ceruledge|Ceruledge, M|100\/100\n|move|p2a: Bullet Ant|Swords Dance|p2a: Bullet Ant\n|-boost|p2a: Bullet Ant|atk|2\n|\n|upkeep\n|turn|6\n|\n|t:|1699692372\n|switch|p2a: Adult|Arcanine, F|100\/100\n|move|p1a: Ceruledge|Bitter Blade|p2a: Adult\n|-start|p2a: Adult|ability: Flash Fire\n|\n|upkeep\n|turn|7\n|\n|t:|1699692384\n|move|p2a: Adult|Bulldoze|p1a: Ceruledge\n|-supereffective|p1a: Ceruledge\n|-damage|p1a: Ceruledge|43\/100\n|-unboost|p1a: Ceruledge|spe|1\n|-ability|p1a: Ceruledge|Weak Armor|boost\n|-unboost|p1a: Ceruledge|def|1\n|-boost|p1a: Ceruledge|spe|2\n|move|p1a: Ceruledge|Swords Dance|p1a: Ceruledge\n|-boost|p1a: Ceruledge|atk|2\n|\n|-heal|p1a: Ceruledge|50\/100|[from] item: Leftovers\n|upkeep\n|turn|8\n|inactive|ReptileMedias has 90 seconds left.\n|\n|t:|1699692396\n|move|p1a: Ceruledge|Poltergeist|p2a: Adult\n|-activate|p2a: Adult|move: Poltergeist|Leftovers\n|-damage|p2a: Adult|0 fnt\n|faint|p2a: Adult\n|\n|-heal|p1a: Ceruledge|56\/100|[from] item: Leftovers\n|upkeep\n|\n|t:|1699692402\n|switch|p2a: Lobstarno|Crawdaunt, M, tera:Dark|22\/100\n|turn|9\n|inactive|Serena1111 has 120 seconds left.\n|\n|t:|1699692409\n|move|p2a: Lobstarno|Aqua Jet|p1a: Ceruledge\n|-supereffective|p1a: Ceruledge\n|-damage|p1a: Ceruledge|0 fnt\n|faint|p1a: Ceruledge\n|\n|upkeep\n|inactive|Serena1111 has 120 seconds left.\n|\n|t:|1699692421\n|switch|p1a: Kartana|Kartana|100\/100\n|turn|10\n|\n|t:|1699692435\n|switch|p2a: COw bat (lol)|Crobat, M|95\/100\n|-zpower|p1a: Kartana\n|move|p1a: Kartana|Z-Tailwind|p1a: Kartana|[anim]Tailwind\n|-start|p1a: Kartana|move: Focus Energy|[zeffect]\n|-sidestart|p1: Serena1111|move: Tailwind\n|\n|upkeep\n|turn|11\n|inactive|Serena1111 has 120 seconds left.\n|\n|t:|1699692460\n|move|p1a: Kartana|Psycho Cut|p2a: COw bat (lol)\n|-supereffective|p2a: COw bat (lol)\n|-crit|p2a: COw bat (lol)\n|-damage|p2a: COw bat (lol)|0 fnt\n|faint|p2a: COw bat (lol)\n|-ability|p1a: Kartana|Beast Boost|boost\n|-boost|p1a: Kartana|atk|1\n|\n|upkeep\n|\n|t:|1699692473\n|switch|p2a: Bullet Ant|Scizor, M|82\/100\n|turn|12\n|inactive|Serena1111 has 120 seconds left.\n|\n|t:|1699692479\n|move|p1a: Kartana|Sacred Sword|p2a: Bullet Ant\n|-damage|p2a: Bullet Ant|32\/100\n|-damage|p1a: Kartana|84\/100|[from] item: Rocky Helmet|[of] p2a: Bullet Ant\n|move|p2a: Bullet Ant|Swords Dance|p2a: Bullet Ant\n|-boost|p2a: Bullet Ant|atk|2\n|\n|upkeep\n|turn|13\n|\n|t:|1699692487\n|move|p2a: Bullet Ant|Bullet Punch|p1a: Kartana\n|-resisted|p1a: Kartana\n|-damage|p1a: Kartana|53\/100\n|move|p1a: Kartana|Sacred Sword|p2a: Bullet Ant\n|-crit|p2a: Bullet Ant\n|-damage|p2a: Bullet Ant|0 fnt\n|-damage|p1a: Kartana|36\/100|[from] item: Rocky Helmet|[of] p2a: Bullet Ant\n|faint|p2a: Bullet Ant\n|-ability|p1a: Kartana|Beast Boost|boost\n|-boost|p1a: Kartana|atk|1\n|\n|-sideend|p1: Serena1111|move: Tailwind\n|upkeep\n|\n|t:|1699692497\n|switch|p2a: Sharp David|Jolteon, M|100\/100\n|turn|14\n|\n|t:|1699692507\n|move|p2a: Sharp David|Thunderbolt|p1a: Kartana\n|-resisted|p1a: Kartana\n|-damage|p1a: Kartana|0 fnt\n|faint|p1a: Kartana\n|\n|upkeep\n|\n|t:|1699692518\n|switch|p1a: Sneasler|Sneasler, F|100\/100\n|turn|15\n|inactive|ReptileMedias has 120 seconds left.\n|\n|t:|1699692528\n|move|p2a: Sharp David|Thunderbolt|p1a: Sneasler\n|-crit|p1a: Sneasler\n|-damage|p1a: Sneasler|0 fnt\n|faint|p1a: Sneasler\n|\n|upkeep\n|\n|t:|1699692533\n|switch|p1a: Hoopa|Hoopa-Unbound|84\/100\n|turn|16\n|\n|t:|1699692544\n|move|p1a: Hoopa|Drain Punch|p2a: Sharp David\n|-damage|p2a: Sharp David|44\/100\n|-heal|p1a: Hoopa|100\/100|[from] drain|[of] p2a: Sharp David\n|move|p2a: Sharp David|Thunderbolt|p1a: Hoopa\n|-damage|p1a: Hoopa|43\/100\n|\n|upkeep\n|turn|17\n|\n|t:|1699692551\n|move|p1a: Hoopa|Drain Punch|p2a: Sharp David\n|-damage|p2a: Sharp David|0 fnt\n|-heal|p1a: Hoopa|63\/100|[from] drain|[of] p2a: Sharp David\n|faint|p2a: Sharp David\n|\n|upkeep\n|inactive|ReptileMedias has 120 seconds left.\n|\n|t:|1699692573\n|switch|p2a: Penusaur|Venusaur, M|100\/100\n|turn|18\n|\n|t:|1699692578\n|detailschange|p2a: Penusaur|Venusaur-Mega, M\n|-mega|p2a: Penusaur|Venusaur|Venusaurite\n|move|p1a: Hoopa|Drain Punch|p2a: Penusaur\n|-resisted|p2a: Penusaur\n|-damage|p2a: Penusaur|91\/100\n|-heal|p1a: Hoopa|69\/100|[from] drain|[of] p2a: Penusaur\n|move|p2a: Penusaur|Sludge Bomb|p1a: Hoopa\n|-damage|p1a: Hoopa|34\/100\n|-status|p1a: Hoopa|psn\n|\n|-damage|p1a: Hoopa|21\/100 psn|[from] psn\n|upkeep\n|turn|19\n|\n|t:|1699692589\n|move|p1a: Hoopa|Drain Punch|p2a: Penusaur\n|-resisted|p2a: Penusaur\n|-damage|p2a: Penusaur|80\/100\n|-heal|p1a: Hoopa|28\/100 psn|[from] drain|[of] p2a: Penusaur\n|move|p2a: Penusaur|Sludge Bomb|p1a: Hoopa\n|-damage|p1a: Hoopa|0 fnt\n|faint|p1a: Hoopa\n|\n|win|ReptileMedias\n|raw|Serena1111's rating: 1188 &rarr; <strong>1171<\/strong><br \/>(-17 for losing)\n|raw|ReptileMedias's rating: 1296 &rarr; <strong>1313<\/strong><br \/>(+17 for winning)\n","uploadtime":1699692597,"views":5,"p1id":"serena1111","p2id":"reptilemedias","formatid":"gen9nationaldex","rating":1171,"private":0,"password":""}