{"id":"gen9nationaldex-1993906731","p1":"xieeee7","p2":"shuaiboy","format":"[Gen 9] National Dex","log":"|j|\u2606xieeee7\n|j|\u2606shuaiboy\n|inactive|Battle timer is ON: inactive players will automatically lose when time's up.\n|t:|1700373329\n|gametype|singles\n|player|p1|xieeee7|cyrus-masters|\n|player|p2|shuaiboy|101|\n|teamsize|p1|6\n|teamsize|p2|6\n|gen|9\n|tier|[Gen 9] National Dex\n|rated|Tournament battle\n|rule|HP Percentage Mod: HP is shown in percentages\n|rule|Endless Battle Clause: Forcing endless battles is banned\n|rule|OHKO Clause: OHKO moves are banned\n|rule|Evasion Clause: Evasion abilities, items, and moves are banned\n|rule|Evasion Abilities Clause: Evasion abilities are banned\n|rule|Evasion Items Clause: Evasion items are banned\n|rule|Evasion Moves Clause: Evasion moves are banned\n|rule|Species Clause: Limit one of each Pok\u00e9mon\n|rule|Sleep Clause Mod: Limit one foe put to sleep\n|clearpoke\n|poke|p1|Zapdos|\n|poke|p1|Glimmora, F|\n|poke|p1|Toxapex, M|\n|poke|p1|Scizor, M|\n|poke|p1|Dondozo, F|\n|poke|p1|Garchomp, F|\n|poke|p2|Tyranitar, M|\n|poke|p2|Scizor, F|\n|poke|p2|Dondozo, F|\n|poke|p2|Tapu Lele|\n|poke|p2|Blissey, F|\n|poke|p2|Great Tusk|\n|teampreview\n|\n|t:|1700373346\n|start\n|switch|p1a: \u4e0d\u8981\u62cd\u843d\u6c42\u6c42\u5566|Toxapex, M|100\/100\n|switch|p2a: Tyranitar|Tyranitar, M|100\/100\n|-weather|Sandstorm|[from] ability: Sand Stream|[of] p2a: Tyranitar\n|turn|1\n|\n|t:|1700373356\n|move|p2a: Tyranitar|Knock Off|p1a: \u4e0d\u8981\u62cd\u843d\u6c42\u6c42\u5566\n|-damage|p1a: \u4e0d\u8981\u62cd\u843d\u6c42\u6c42\u5566|55\/100\n|-enditem|p1a: \u4e0d\u8981\u62cd\u843d\u6c42\u6c42\u5566|Choice Band|[from] move: Knock Off|[of] p2a: Tyranitar\n|move|p1a: \u4e0d\u8981\u62cd\u843d\u6c42\u6c42\u5566|Liquidation|p2a: Tyranitar\n|-supereffective|p2a: Tyranitar\n|-damage|p2a: Tyranitar|53\/100\n|\n|-weather|Sandstorm|[upkeep]\n|-damage|p1a: \u4e0d\u8981\u62cd\u843d\u6c42\u6c42\u5566|49\/100|[from] Sandstorm\n|upkeep\n|turn|2\n|c|\u2606shuaiboy|\u554a\uff1f\n|\n|t:|1700373372\n|switch|p1a: \u6247\u8d1d|Scizor, M|100\/100\n|move|p2a: Tyranitar|Earthquake|p1a: \u6247\u8d1d\n|-damage|p1a: \u6247\u8d1d|59\/100\n|\n|-weather|Sandstorm|[upkeep]\n|upkeep\n|turn|3\n|c|\u2606shuaiboy|\u5de6\u624b\uff0c\u8fd9\u662f\u4ec0\u4e48\u914d\u7f6e\n|\n|t:|1700373378\n|switch|p2a: Great Tusk|Great Tusk|100\/100\n|detailschange|p1a: \u6247\u8d1d|Scizor-Mega, M\n|-mega|p1a: \u6247\u8d1d|Scizor|Scizorite\n|move|p1a: \u6247\u8d1d|U-turn|p2a: Great Tusk\n|-resisted|p2a: Great Tusk\n|-damage|p2a: Great Tusk|92\/100\n|-damage|p1a: \u6247\u8d1d|42\/100|[from] item: Rocky Helmet|[of] p2a: Great Tusk\n|c|\u2606xieeee7|\u4f60\u4e0d\u77e5\u9053\uff1f\n|c|\u2606xieeee7|\u6211\u5f88\u4e45\u4e4b\u524d\u7684\u961f\n|c|\u2606xieeee7|\u5927\u5c06\u65f6\u671f\u7684\n|\n|t:|1700373399\n|switch|p1a: \u9ebb\u75f9\u9ebb\u75f9\u9ebb\u75f9|Zapdos|100\/100|[from] U-turn\n|\n|-weather|Sandstorm|[upkeep]\n|-damage|p1a: \u9ebb\u75f9\u9ebb\u75f9\u9ebb\u75f9|94\/100|[from] Sandstorm\n|upkeep\n|turn|4\n|c|\u2606shuaiboy|\u554a\u8fd9 \u771f\u6ca1\u89c1\u8fc7 \u6211\u8fd9\u4e2a\u961f\u4f0d\u4e5f\u662f\u5927\u5c06\u65f6\u671f\u7684\uff08\uff09\n|\n|t:|1700373429\n|move|p1a: \u9ebb\u75f9\u9ebb\u75f9\u9ebb\u75f9|Hurricane|p2a: Great Tusk\n|-supereffective|p2a: Great Tusk\n|-damage|p2a: Great Tusk|0 fnt\n|faint|p2a: Great Tusk\n|-end|p2a: Great Tusk|Protosynthesis|[silent]\n|\n|-weather|Sandstorm|[upkeep]\n|-damage|p1a: \u9ebb\u75f9\u9ebb\u75f9\u9ebb\u75f9|88\/100|[from] Sandstorm\n|upkeep\n|\n|t:|1700373433\n|switch|p2a: Tyranitar|Tyranitar, M|53\/100\n|turn|5\n|\n|t:|1700373451\n|switch|p1a: \u4e0d\u4f1a\u9f99\u821e\u53ea\u80fd\u5f53\u624b\u81c2\u62b1\u6b49\u5566|Garchomp, F|100\/100\n|move|p2a: Tyranitar|Stone Edge|p1a: \u4e0d\u4f1a\u9f99\u821e\u53ea\u80fd\u5f53\u624b\u81c2\u62b1\u6b49\u5566\n|-resisted|p1a: \u4e0d\u4f1a\u9f99\u821e\u53ea\u80fd\u5f53\u624b\u81c2\u62b1\u6b49\u5566\n|-damage|p1a: \u4e0d\u4f1a\u9f99\u821e\u53ea\u80fd\u5f53\u624b\u81c2\u62b1\u6b49\u5566|72\/100\n|\n|-weather|none\n|upkeep\n|turn|6\n|\n|t:|1700373457\n|switch|p2a: Tapu Lele|Tapu Lele|100\/100\n|-fieldstart|move: Psychic Terrain|[from] ability: Psychic Surge|[of] p2a: Tapu Lele\n|move|p1a: \u4e0d\u4f1a\u9f99\u821e\u53ea\u80fd\u5f53\u624b\u81c2\u62b1\u6b49\u5566|Earthquake|p2a: Tapu Lele\n|-damage|p2a: Tapu Lele|19\/100\n|\n|upkeep\n|turn|7\n|c|\u2606shuaiboy|\u5047\u624b\u81c2\n|\n|t:|1700373475\n|-terastallize|p2a: Tapu Lele|Psychic\n|move|p1a: \u4e0d\u4f1a\u9f99\u821e\u53ea\u80fd\u5f53\u624b\u81c2\u62b1\u6b49\u5566|Earthquake|p2a: Tapu Lele\n|-damage|p2a: Tapu Lele|0 fnt\n|faint|p2a: Tapu Lele\n|\n|upkeep\n|c|\u2606xieeee7|\u8bf6\u563f\n|c|\u2606shuaiboy|\u554a\uff1f\n|\n|t:|1700373483\n|switch|p2a: Scizor|Scizor, F|100\/100\n|turn|8\n|\n|t:|1700373488\n|switch|p1a: \u4e0d\u8981\u62cd\u843d\u6c42\u6c42\u5566|Toxapex, M|82\/100\n|detailschange|p2a: Scizor|Scizor-Mega, F\n|-mega|p2a: Scizor|Scizor|Scizorite\n|move|p2a: Scizor|U-turn|p1a: \u4e0d\u8981\u62cd\u843d\u6c42\u6c42\u5566\n|-resisted|p1a: \u4e0d\u8981\u62cd\u843d\u6c42\u6c42\u5566\n|-damage|p1a: \u4e0d\u8981\u62cd\u843d\u6c42\u6c42\u5566|65\/100\n|\n|t:|1700373491\n|switch|p2a: Tyranitar|Tyranitar, M|53\/100|[from] U-turn\n|-weather|Sandstorm|[from] ability: Sand Stream|[of] p2a: Tyranitar\n|\n|-weather|Sandstorm|[upkeep]\n|-damage|p1a: \u4e0d\u8981\u62cd\u843d\u6c42\u6c42\u5566|59\/100|[from] Sandstorm\n|upkeep\n|turn|9\n|c|\u2606shuaiboy|\u9634\u95f4 \u5c5e\u5b9e\u9634\u95f4\n|\n|t:|1700373520\n|move|p2a: Tyranitar|Earthquake|p1a: \u4e0d\u8981\u62cd\u843d\u6c42\u6c42\u5566\n|-supereffective|p1a: \u4e0d\u8981\u62cd\u843d\u6c42\u6c42\u5566\n|-damage|p1a: \u4e0d\u8981\u62cd\u843d\u6c42\u6c42\u5566|3\/100\n|move|p1a: \u4e0d\u8981\u62cd\u843d\u6c42\u6c42\u5566|Liquidation|p2a: Tyranitar\n|-supereffective|p2a: Tyranitar\n|-damage|p2a: Tyranitar|3\/100\n|\n|-weather|Sandstorm|[upkeep]\n|-damage|p1a: \u4e0d\u8981\u62cd\u843d\u6c42\u6c42\u5566|0 fnt|[from] Sandstorm\n|faint|p1a: \u4e0d\u8981\u62cd\u843d\u6c42\u6c42\u5566\n|upkeep\n|\n|t:|1700373523\n|switch|p1a: \u9ebb\u75f9\u9ebb\u75f9\u9ebb\u75f9|Zapdos|88\/100\n|turn|10\n|\n|t:|1700373542\n|switch|p2a: Blissey|Blissey, F|100\/100\n|move|p1a: \u9ebb\u75f9\u9ebb\u75f9\u9ebb\u75f9|Volt Switch|p2a: Blissey\n|-damage|p2a: Blissey|80\/100\n|\n|t:|1700373547\n|switch|p1a: \u7eb3\u5c3c?\u60c5\u62a5\u662f\u5047\u7684?|Dondozo, F|100\/100|[from] Volt Switch\n|\n|-weather|Sandstorm|[upkeep]\n|-damage|p2a: Blissey|74\/100|[from] Sandstorm\n|-damage|p1a: \u7eb3\u5c3c?\u60c5\u62a5\u662f\u5047\u7684?|94\/100|[from] Sandstorm\n|-heal|p2a: Blissey|80\/100|[from] item: Leftovers\n|-fieldend|move: Psychic Terrain\n|upkeep\n|turn|11\n|\n|t:|1700373558\n|move|p2a: Blissey|Wish|p2a: Blissey\n|move|p1a: \u7eb3\u5c3c?\u60c5\u62a5\u662f\u5047\u7684?|Wave Crash|p2a: Blissey\n|-damage|p2a: Blissey|10\/100\n|-damage|p1a: \u7eb3\u5c3c?\u60c5\u62a5\u662f\u5047\u7684?|62\/100|[from] Recoil\n|\n|-weather|Sandstorm|[upkeep]\n|-damage|p2a: Blissey|4\/100|[from] Sandstorm\n|-damage|p1a: \u7eb3\u5c3c?\u60c5\u62a5\u662f\u5047\u7684?|55\/100|[from] Sandstorm\n|-heal|p2a: Blissey|10\/100|[from] item: Leftovers\n|upkeep\n|turn|12\n|j| LucksmanDMormon\n|j| DDC2\n|c|\u2606shuaiboy|\u8fd9\u4e5f\u662fcb\u7684\uff1f\n|\n|t:|1700373573\n|move|p2a: Blissey|Protect|p2a: Blissey\n|-singleturn|p2a: Blissey|Protect\n|move|p1a: \u7eb3\u5c3c?\u60c5\u62a5\u662f\u5047\u7684?|Wave Crash|p2a: Blissey\n|-activate|p2a: Blissey|move: Protect\n|\n|-weather|none\n|-heal|p2a: Blissey|60\/100|[from] move: Wish|[wisher] Blissey\n|-heal|p2a: Blissey|67\/100|[from] item: Leftovers\n|upkeep\n|turn|13\n|c|\u2606shuaiboy|\u9006\u5929\n|\n|t:|1700373583\n|switch|p2a: Dondozo|Dondozo, F|100\/100\n|move|p1a: \u7eb3\u5c3c?\u60c5\u62a5\u662f\u5047\u7684?|Wave Crash|p2a: Dondozo\n|-resisted|p2a: Dondozo\n|-damage|p2a: Dondozo|77\/100\n|-damage|p1a: \u7eb3\u5c3c?\u60c5\u62a5\u662f\u5047\u7684?|48\/100|[from] Recoil\n|\n|-heal|p2a: Dondozo|83\/100|[from] item: Leftovers\n|upkeep\n|turn|14\n|c| DDC2|\u597d\u4e86\u5417\u670b\u53cb\n|inactive|shuaiboy has 120 seconds left.\n|\n|t:|1700373617\n|switch|p1a: \u9ebb\u75f9\u9ebb\u75f9\u9ebb\u75f9|Zapdos|88\/100\n|move|p2a: Dondozo|Curse|p2a: Dondozo\n|-unboost|p2a: Dondozo|spe|1\n|-boost|p2a: Dondozo|atk|1\n|-boost|p2a: Dondozo|def|1\n|\n|-heal|p2a: Dondozo|89\/100|[from] item: Leftovers\n|upkeep\n|turn|15\n|\n|t:|1700373625\n|-terastallize|p1a: \u9ebb\u75f9\u9ebb\u75f9\u9ebb\u75f9|Flying\n|move|p1a: \u9ebb\u75f9\u9ebb\u75f9\u9ebb\u75f9|Hurricane|p2a: Dondozo|[miss]\n|-miss|p1a: \u9ebb\u75f9\u9ebb\u75f9\u9ebb\u75f9|p2a: Dondozo\n|move|p2a: Dondozo|Curse|p2a: Dondozo\n|-unboost|p2a: Dondozo|spe|1\n|-boost|p2a: Dondozo|atk|1\n|-boost|p2a: Dondozo|def|1\n|\n|-heal|p2a: Dondozo|96\/100|[from] item: Leftovers\n|upkeep\n|turn|16\n|\n|t:|1700373631\n|move|p1a: \u9ebb\u75f9\u9ebb\u75f9\u9ebb\u75f9|Hurricane|p2a: Dondozo|[miss]\n|-miss|p1a: \u9ebb\u75f9\u9ebb\u75f9\u9ebb\u75f9|p2a: Dondozo\n|move|p2a: Dondozo|Liquidation|p1a: \u9ebb\u75f9\u9ebb\u75f9\u9ebb\u75f9\n|-damage|p1a: \u9ebb\u75f9\u9ebb\u75f9\u9ebb\u75f9|19\/100\n|-unboost|p1a: \u9ebb\u75f9\u9ebb\u75f9\u9ebb\u75f9|def|1\n|\n|-heal|p2a: Dondozo|100\/100|[from] item: Leftovers\n|upkeep\n|turn|17\n|\n|t:|1700373633\n|move|p1a: \u9ebb\u75f9\u9ebb\u75f9\u9ebb\u75f9|Hurricane|p2a: Dondozo\n|-damage|p2a: Dondozo|26\/100\n|move|p2a: Dondozo|Liquidation|p1a: \u9ebb\u75f9\u9ebb\u75f9\u9ebb\u75f9\n|-damage|p1a: \u9ebb\u75f9\u9ebb\u75f9\u9ebb\u75f9|0 fnt\n|-status|p2a: Dondozo|par|[from] ability: Static|[of] p1a: \u9ebb\u75f9\u9ebb\u75f9\u9ebb\u75f9\n|faint|p1a: \u9ebb\u75f9\u9ebb\u75f9\u9ebb\u75f9\n|\n|-heal|p2a: Dondozo|32\/100 par|[from] item: Leftovers\n|upkeep\n|c|\u2606shuaiboy|\u597d\u597d\u597d\n|c|\u2606xieeee7|\u95ea\u7535\u9e1f\u3002\u3002\u3002\n|c|\u2606xieeee7|\u5df2\u7ecf\u6ca1\u7f81\u7eca\u4e86\n|c|\u2606xieeee7|\u4ee5\u524d12\u53d1\u66b4\u98ce\u5168\u4e2d\u7684\n|\n|t:|1700373658\n|switch|p1a: \u4e0d\u4f1a\u9f99\u821e\u53ea\u80fd\u5f53\u624b\u81c2\u62b1\u6b49\u5566|Garchomp, F|72\/100\n|turn|18\n|l| DDC2\n|\n|t:|1700373669\n|move|p1a: \u4e0d\u4f1a\u9f99\u821e\u53ea\u80fd\u5f53\u624b\u81c2\u62b1\u6b49\u5566|Earthquake|p2a: Dondozo\n|-damage|p2a: Dondozo|18\/100 par\n|move|p2a: Dondozo|Rest|p2a: Dondozo\n|-status|p2a: Dondozo|slp|[from] move: Rest\n|-heal|p2a: Dondozo|100\/100 slp|[silent]\n|\n|upkeep\n|turn|19\n|\n|t:|1700373672\n|switch|p1a: \u4e09\u56de\u5408\u7ed9\u4f60\u6492\u6ee1\u5965|Glimmora, F|100\/100\n|cant|p2a: Dondozo|slp\n|move|p2a: Dondozo|Sleep Talk|p2a: Dondozo\n|move|p2a: Dondozo|Rest||[from]move: Sleep Talk|[still]\n|-fail|p2a: Dondozo\n|\n|upkeep\n|turn|20\n|c|\u2606shuaiboy|\u590d\u6d3b\u5427 \u543c\u9738\n|\n|t:|1700373681\n|switch|p1a: \u4e0d\u4f1a\u9f99\u821e\u53ea\u80fd\u5f53\u624b\u81c2\u62b1\u6b49\u5566|Garchomp, F|72\/100\n|cant|p2a: Dondozo|slp\n|move|p2a: Dondozo|Sleep Talk|p2a: Dondozo\n|move|p2a: Dondozo|Rest||[from]move: Sleep Talk|[still]\n|-fail|p2a: Dondozo\n|\n|upkeep\n|turn|21\n|\n|t:|1700373684\n|switch|p1a: \u6247\u8d1d|Scizor-Mega, M|42\/100\n|-curestatus|p2a: Dondozo|slp|[msg]\n|move|p2a: Dondozo|Curse|p2a: Dondozo\n|-unboost|p2a: Dondozo|spe|1\n|-boost|p2a: Dondozo|atk|1\n|-boost|p2a: Dondozo|def|1\n|\n|upkeep\n|turn|22\n|\n|t:|1700373687\n|move|p1a: \u6247\u8d1d|Roost|p1a: \u6247\u8d1d\n|-heal|p1a: \u6247\u8d1d|92\/100\n|-singleturn|p1a: \u6247\u8d1d|move: Roost\n|move|p2a: Dondozo|Liquidation|p1a: \u6247\u8d1d\n|-damage|p1a: \u6247\u8d1d|33\/100\n|\n|upkeep\n|turn|23\n|\n|t:|1700373691\n|move|p1a: \u6247\u8d1d|Roost|p1a: \u6247\u8d1d\n|-heal|p1a: \u6247\u8d1d|83\/100\n|-singleturn|p1a: \u6247\u8d1d|move: Roost\n|move|p2a: Dondozo|Curse|p2a: Dondozo\n|-unboost|p2a: Dondozo|spe|1\n|-boost|p2a: Dondozo|atk|1\n|-boost|p2a: Dondozo|def|1\n|\n|upkeep\n|turn|24\n|\n|t:|1700373697\n|move|p1a: \u6247\u8d1d|Bullet Punch|p2a: Dondozo\n|-resisted|p2a: Dondozo\n|-damage|p2a: Dondozo|97\/100\n|move|p2a: Dondozo|Liquidation|p1a: \u6247\u8d1d\n|-damage|p1a: \u6247\u8d1d|20\/100\n|\n|-heal|p2a: Dondozo|100\/100|[from] item: Leftovers\n|upkeep\n|turn|25\n|\n|t:|1700373721\n|move|p1a: \u6247\u8d1d|Bullet Punch|p2a: Dondozo\n|-resisted|p2a: Dondozo\n|-damage|p2a: Dondozo|98\/100\n|move|p2a: Dondozo|Liquidation|p1a: \u6247\u8d1d\n|-damage|p1a: \u6247\u8d1d|0 fnt\n|faint|p1a: \u6247\u8d1d\n|\n|-heal|p2a: Dondozo|100\/100|[from] item: Leftovers\n|upkeep\n|c|\u2606shuaiboy|\u543c\u9738\u964d\u4e34\n|\n|t:|1700373742\n|switch|p1a: \u4e09\u56de\u5408\u7ed9\u4f60\u6492\u6ee1\u5965|Glimmora, F|100\/100\n|turn|26\n|c| LucksmanDMormon|That's GG, Dozo beats everything on the board\n|c|\u2606shuaiboy|\u6676\u5149\u82b1\u8be5\u4e0d\u4f1a\u662f\u8150\u8680\u7684\u5427\n|\n|t:|1700373751\n|move|p1a: \u4e09\u56de\u5408\u7ed9\u4f60\u6492\u6ee1\u5965|Sludge Wave|p2a: Dondozo\n|-damage|p2a: Dondozo|68\/100\n|move|p2a: Dondozo|Liquidation|p1a: \u4e09\u56de\u5408\u7ed9\u4f60\u6492\u6ee1\u5965\n|-supereffective|p1a: \u4e09\u56de\u5408\u7ed9\u4f60\u6492\u6ee1\u5965\n|-damage|p1a: \u4e09\u56de\u5408\u7ed9\u4f60\u6492\u6ee1\u5965|0 fnt\n|-activate|p1a: \u4e09\u56de\u5408\u7ed9\u4f60\u6492\u6ee1\u5965|ability: Toxic Debris\n|-sidestart|p2: shuaiboy|move: Toxic Spikes\n|faint|p1a: \u4e09\u56de\u5408\u7ed9\u4f60\u6492\u6ee1\u5965\n|\n|-heal|p2a: Dondozo|75\/100|[from] item: Leftovers\n|upkeep\n|\n|t:|1700373756\n|switch|p1a: \u7eb3\u5c3c?\u60c5\u62a5\u662f\u5047\u7684?|Dondozo, F|48\/100\n|turn|27\n|\n|t:|1700373763\n|move|p1a: \u7eb3\u5c3c?\u60c5\u62a5\u662f\u5047\u7684?|Earthquake|p2a: Dondozo\n|-damage|p2a: Dondozo|48\/100\n|move|p2a: Dondozo|Liquidation|p1a: \u7eb3\u5c3c?\u60c5\u62a5\u662f\u5047\u7684?\n|-resisted|p1a: \u7eb3\u5c3c?\u60c5\u62a5\u662f\u5047\u7684?\n|-damage|p1a: \u7eb3\u5c3c?\u60c5\u62a5\u662f\u5047\u7684?|38\/100\n|\n|-heal|p2a: Dondozo|54\/100|[from] item: Leftovers\n|upkeep\n|turn|28\n|\n|t:|1700373768\n|switch|p2a: Tyranitar|Tyranitar, M|3\/100\n|-status|p2a: Tyranitar|psn\n|-weather|Sandstorm|[from] ability: Sand Stream|[of] p2a: Tyranitar\n|move|p1a: \u7eb3\u5c3c?\u60c5\u62a5\u662f\u5047\u7684?|Earthquake|p2a: Tyranitar\n|-supereffective|p2a: Tyranitar\n|-damage|p2a: Tyranitar|0 fnt\n|faint|p2a: Tyranitar\n|\n|-weather|Sandstorm|[upkeep]\n|-damage|p1a: \u7eb3\u5c3c?\u60c5\u62a5\u662f\u5047\u7684?|32\/100|[from] Sandstorm\n|upkeep\n|\n|t:|1700373769\n|switch|p2a: Scizor|Scizor-Mega, F|100\/100\n|turn|29\n|\n|t:|1700373772\n|switch|p1a: \u4e0d\u4f1a\u9f99\u821e\u53ea\u80fd\u5f53\u624b\u81c2\u62b1\u6b49\u5566|Garchomp, F|72\/100\n|move|p2a: Scizor|Close Combat|p1a: \u4e0d\u4f1a\u9f99\u821e\u53ea\u80fd\u5f53\u624b\u81c2\u62b1\u6b49\u5566\n|-damage|p1a: \u4e0d\u4f1a\u9f99\u821e\u53ea\u80fd\u5f53\u624b\u81c2\u62b1\u6b49\u5566|18\/100\n|-unboost|p2a: Scizor|def|1\n|-unboost|p2a: Scizor|spd|1\n|-damage|p2a: Scizor|88\/100|[from] ability: Rough Skin|[of] p1a: \u4e0d\u4f1a\u9f99\u821e\u53ea\u80fd\u5f53\u624b\u81c2\u62b1\u6b49\u5566\n|\n|-weather|Sandstorm|[upkeep]\n|upkeep\n|turn|30\n|\n|t:|1700373782\n|switch|p1a: \u7eb3\u5c3c?\u60c5\u62a5\u662f\u5047\u7684?|Dondozo, F|32\/100\n|move|p2a: Scizor|Bullet Punch|p1a: \u7eb3\u5c3c?\u60c5\u62a5\u662f\u5047\u7684?\n|-resisted|p1a: \u7eb3\u5c3c?\u60c5\u62a5\u662f\u5047\u7684?\n|-damage|p1a: \u7eb3\u5c3c?\u60c5\u62a5\u662f\u5047\u7684?|21\/100\n|\n|-weather|Sandstorm|[upkeep]\n|-damage|p1a: \u7eb3\u5c3c?\u60c5\u62a5\u662f\u5047\u7684?|15\/100|[from] Sandstorm\n|upkeep\n|turn|31\n|\n|t:|1700373788\n|move|p2a: Scizor|Close Combat|p1a: \u7eb3\u5c3c?\u60c5\u62a5\u662f\u5047\u7684?\n|-crit|p1a: \u7eb3\u5c3c?\u60c5\u62a5\u662f\u5047\u7684?\n|-damage|p1a: \u7eb3\u5c3c?\u60c5\u62a5\u662f\u5047\u7684?|0 fnt\n|-unboost|p2a: Scizor|def|1\n|-unboost|p2a: Scizor|spd|1\n|faint|p1a: \u7eb3\u5c3c?\u60c5\u62a5\u662f\u5047\u7684?\n|\n|-weather|Sandstorm|[upkeep]\n|upkeep\n|-message|xieeee7 forfeited.\n|\n|win|shuaiboy\n|n|\u2606xieeee7|xieeee7\n|n|\u2606shuaiboy|shuaiboy\n|n| LucksmanDMormon|lucksmandmormon\n","uploadtime":1700373793,"views":7,"p1id":"xieeee7","p2id":"shuaiboy","formatid":"gen9nationaldex","rating":0,"private":0,"password":""}