{"id":"gen9nationaldex-1993413368","p1":"suijidyh8","p2":"ZPEX","format":"[Gen 9] National Dex","log":"|j|\u2606suijidyh8\n|j|\u2606ZPEX\n|t:|1700314560\n|gametype|singles\n|player|p1|suijidyh8|cyclist|1235\n|player|p2|ZPEX|hilbert|1252\n|teamsize|p1|6\n|teamsize|p2|6\n|gen|9\n|tier|[Gen 9] National Dex\n|rated|\n|rule|HP Percentage Mod: HP is shown in percentages\n|rule|Endless Battle Clause: Forcing endless battles is banned\n|rule|OHKO Clause: OHKO moves are banned\n|rule|Evasion Clause: Evasion abilities, items, and moves are banned\n|rule|Evasion Abilities Clause: Evasion abilities are banned\n|rule|Evasion Items Clause: Evasion items are banned\n|rule|Evasion Moves Clause: Evasion moves are banned\n|rule|Species Clause: Limit one of each Pok\u00e9mon\n|rule|Sleep Clause Mod: Limit one foe put to sleep\n|clearpoke\n|poke|p1|Mienshao, F|\n|poke|p1|Beedrill, F|\n|poke|p1|Buzzwole|\n|poke|p1|Dragonite, M|\n|poke|p1|Pikachu, F|\n|poke|p1|Toxapex, F|\n|poke|p2|Poliwrath, M|\n|poke|p2|Pelipper, M|\n|poke|p2|Ferrothorn, M|\n|poke|p2|Sandy Shocks|\n|poke|p2|Barraskewda, M|\n|poke|p2|Swampert, M|\n|teampreview\n|inactive|Battle timer is ON: inactive players will automatically lose when time's up. (requested by suijidyh8)\n|\n|t:|1700314578\n|start\n|switch|p1a: Toxapex|Toxapex, F, shiny|100\/100\n|switch|p2a: Pelipper|Pelipper, M|100\/100\n|-weather|RainDance|[from] ability: Drizzle|[of] p2a: Pelipper\n|turn|1\n|\n|t:|1700314594\n|move|p2a: Pelipper|Hurricane|p1a: Toxapex\n|-damage|p1a: Toxapex|60\/100\n|move|p1a: Toxapex|Toxic|p2a: Pelipper\n|-status|p2a: Pelipper|tox\n|\n|-weather|RainDance|[upkeep]\n|-damage|p2a: Pelipper|94\/100 tox|[from] psn\n|upkeep\n|turn|2\n|\n|t:|1700314603\n|switch|p2a: Ferrothorn|Ferrothorn, M|100\/100\n|move|p1a: Toxapex|Recover|p1a: Toxapex\n|-heal|p1a: Toxapex|100\/100\n|\n|-weather|RainDance|[upkeep]\n|upkeep\n|turn|3\n|\n|t:|1700314617\n|switch|p1a: Buzzwole|Buzzwole|100\/100\n|move|p2a: Ferrothorn|Leech Seed|p1a: Buzzwole\n|-start|p1a: Buzzwole|move: Leech Seed\n|\n|-weather|RainDance|[upkeep]\n|-damage|p1a: Buzzwole|88\/100|[from] Leech Seed|[of] p2a: Ferrothorn\n|upkeep\n|turn|4\n|\n|t:|1700314630\n|switch|p1a: Toxapex|Toxapex, F, shiny|100\/100\n|move|p2a: Ferrothorn|Stealth Rock|p1a: Toxapex\n|-sidestart|p1: suijidyh8|move: Stealth Rock\n|\n|-weather|RainDance|[upkeep]\n|upkeep\n|turn|5\n|\n|t:|1700314639\n|move|p1a: Toxapex|Scald|p2a: Ferrothorn\n|-resisted|p2a: Ferrothorn\n|-damage|p2a: Ferrothorn|90\/100\n|move|p2a: Ferrothorn|Leech Seed|p1a: Toxapex\n|-start|p1a: Toxapex|move: Leech Seed\n|\n|-weather|RainDance|[upkeep]\n|-heal|p2a: Ferrothorn|96\/100|[from] item: Leftovers\n|-damage|p1a: Toxapex|88\/100|[from] Leech Seed|[of] p2a: Ferrothorn\n|-heal|p2a: Ferrothorn|100\/100|[silent]\n|upkeep\n|turn|6\n|\n|t:|1700314651\n|switch|p1a: Buzzwole|Buzzwole|88\/100\n|-damage|p1a: Buzzwole|76\/100|[from] Stealth Rock\n|move|p2a: Ferrothorn|Gyro Ball|p1a: Buzzwole\n|-damage|p1a: Buzzwole|51\/100\n|\n|-weather|RainDance|[upkeep]\n|-heal|p1a: Buzzwole|57\/100|[from] item: Leftovers\n|upkeep\n|turn|7\n|\n|t:|1700314662\n|move|p1a: Buzzwole|Substitute|p1a: Buzzwole\n|-start|p1a: Buzzwole|Substitute\n|-damage|p1a: Buzzwole|32\/100\n|move|p2a: Ferrothorn|Leech Seed||[still]\n|-fail|p2a: Ferrothorn\n|\n|-weather|RainDance|[upkeep]\n|-heal|p1a: Buzzwole|39\/100|[from] item: Leftovers\n|upkeep\n|turn|8\n|\n|t:|1700314683\n|move|p1a: Buzzwole|Bulk Up|p1a: Buzzwole\n|-boost|p1a: Buzzwole|atk|1\n|-boost|p1a: Buzzwole|def|1\n|move|p2a: Ferrothorn|Gyro Ball|p1a: Buzzwole\n|-activate|p1a: Buzzwole|move: Substitute|[damage]\n|\n|-weather|none\n|-heal|p1a: Buzzwole|45\/100|[from] item: Leftovers\n|upkeep\n|turn|9\n|\n|t:|1700314693\n|move|p1a: Buzzwole|Bulk Up|p1a: Buzzwole\n|-boost|p1a: Buzzwole|atk|1\n|-boost|p1a: Buzzwole|def|1\n|move|p2a: Ferrothorn|Gyro Ball|p1a: Buzzwole\n|-end|p1a: Buzzwole|Substitute\n|\n|-heal|p1a: Buzzwole|51\/100|[from] item: Leftovers\n|upkeep\n|turn|10\n|\n|t:|1700314704\n|switch|p2a: Pelipper|Pelipper, M|94\/100 tox\n|-weather|RainDance|[from] ability: Drizzle|[of] p2a: Pelipper\n|move|p1a: Buzzwole|Substitute|p1a: Buzzwole\n|-start|p1a: Buzzwole|Substitute\n|-damage|p1a: Buzzwole|26\/100\n|\n|-weather|RainDance|[upkeep]\n|-heal|p1a: Buzzwole|32\/100|[from] item: Leftovers\n|-damage|p2a: Pelipper|88\/100 tox|[from] psn\n|upkeep\n|turn|11\n|\n|t:|1700314717\n|move|p2a: Pelipper|Hurricane|p1a: Buzzwole\n|-supereffective|p1a: Buzzwole\n|-end|p1a: Buzzwole|Substitute\n|move|p1a: Buzzwole|Darkest Lariat|p2a: Pelipper\n|-damage|p2a: Pelipper|7\/100 tox\n|\n|-weather|RainDance|[upkeep]\n|-heal|p1a: Buzzwole|39\/100|[from] item: Leftovers\n|-damage|p2a: Pelipper|0 fnt|[from] psn\n|faint|p2a: Pelipper\n|upkeep\n|inactive|ZPEX has 120 seconds left.\n|\n|t:|1700314737\n|switch|p2a: Sandy Shocks|Sandy Shocks|100\/100\n|-enditem|p2a: Sandy Shocks|Booster Energy\n|-activate|p2a: Sandy Shocks|ability: Protosynthesis|[fromitem]\n|-start|p2a: Sandy Shocks|protosynthesisspa\n|turn|12\n|inactive|ZPEX has 120 seconds left.\n|\n|t:|1700314745\n|move|p2a: Sandy Shocks|Thunder|p1a: Buzzwole\n|-damage|p1a: Buzzwole|0 fnt\n|faint|p1a: Buzzwole\n|\n|-weather|RainDance|[upkeep]\n|upkeep\n|\n|t:|1700314749\n|switch|p1a: Pikachu|Pikachu, F|100\/100\n|-damage|p1a: Pikachu|88\/100|[from] Stealth Rock\n|turn|13\n|\n|t:|1700314757\n|move|p1a: Pikachu|Fake Out|p2a: Sandy Shocks\n|-damage|p2a: Sandy Shocks|83\/100\n|cant|p2a: Sandy Shocks|flinch\n|\n|-weather|RainDance|[upkeep]\n|upkeep\n|turn|14\n|\n|t:|1700314764\n|switch|p1a: Dragonite|Dragonite, M|100\/100\n|move|p2a: Sandy Shocks|Earth Power|p1a: Dragonite\n|-immune|p1a: Dragonite\n|\n|-weather|RainDance|[upkeep]\n|upkeep\n|turn|15\n|\n|t:|1700314774\n|-end|p2a: Sandy Shocks|Protosynthesis|[silent]\n|switch|p2a: Swampert|Swampert, M|100\/100\n|switch|p1a: Pikachu|Pikachu, F|88\/100\n|-damage|p1a: Pikachu|76\/100|[from] Stealth Rock\n|\n|-weather|RainDance|[upkeep]\n|upkeep\n|turn|16\n|\n|t:|1700314785\n|detailschange|p2a: Swampert|Swampert-Mega, M\n|-mega|p2a: Swampert|Swampert|Swampertite\n|move|p1a: Pikachu|Fake Out|p2a: Swampert\n|-damage|p2a: Swampert|86\/100\n|cant|p2a: Swampert|flinch\n|\n|-weather|RainDance|[upkeep]\n|upkeep\n|turn|17\n|\n|t:|1700314800\n|switch|p1a: Dragonite|Dragonite, M|100\/100\n|move|p2a: Swampert|Ice Punch|p1a: Dragonite\n|-supereffective|p1a: Dragonite\n|-damage|p1a: Dragonite|34\/100\n|\n|-weather|none\n|upkeep\n|turn|18\n|\n|t:|1700314812\n|switch|p1a: Mienshao|Mienshao, F, shiny|100\/100\n|-damage|p1a: Mienshao|95\/100|[from] Stealth Rock\n|move|p2a: Swampert|Ice Punch|p1a: Mienshao\n|-damage|p1a: Mienshao|29\/100\n|\n|upkeep\n|turn|19\n|\n|t:|1700314825\n|move|p1a: Mienshao|Close Combat|p2a: Swampert\n|-damage|p2a: Swampert|12\/100\n|-unboost|p1a: Mienshao|def|1\n|-unboost|p1a: Mienshao|spd|1\n|-damage|p1a: Mienshao|19\/100|[from] item: Life Orb\n|move|p2a: Swampert|Flip Turn|p1a: Mienshao\n|-damage|p1a: Mienshao|0 fnt\n|faint|p1a: Mienshao\n|\n|t:|1700314840\n|switch|p2a: Barraskewda|Barraskewda, M|100\/100|[from] Flip Turn\n|\n|upkeep\n|\n|t:|1700314848\n|switch|p1a: Pikachu|Pikachu, F|76\/100\n|-damage|p1a: Pikachu|64\/100|[from] Stealth Rock\n|turn|20\n|\n|t:|1700314856\n|-terastallize|p1a: Pikachu|Normal\n|move|p1a: Pikachu|Fake Out|p2a: Barraskewda\n|-damage|p2a: Barraskewda|54\/100\n|cant|p2a: Barraskewda|flinch\n|\n|upkeep\n|turn|21\n|\n|t:|1700314865\n|move|p1a: Pikachu|Extreme Speed|p2a: Barraskewda\n|-damage|p2a: Barraskewda|0 fnt\n|faint|p2a: Barraskewda\n|\n|upkeep\n|\n|t:|1700314879\n|switch|p2a: Ferrothorn|Ferrothorn, M|100\/100\n|turn|22\n|\n|t:|1700314886\n|move|p2a: Ferrothorn|Protect|p2a: Ferrothorn\n|-singleturn|p2a: Ferrothorn|Protect\n|move|p1a: Pikachu|Volt Switch|p2a: Ferrothorn\n|-activate|p2a: Ferrothorn|move: Protect\n|\n|upkeep\n|turn|23\n|\n|t:|1700314894\n|move|p1a: Pikachu|Volt Switch|p2a: Ferrothorn\n|-resisted|p2a: Ferrothorn\n|-damage|p2a: Ferrothorn|89\/100\n|\n|t:|1700314899\n|switch|p1a: Dragonite|Dragonite, M|34\/100|[from] Volt Switch\n|move|p2a: Ferrothorn|Gyro Ball|p1a: Dragonite\n|-damage|p1a: Dragonite|0 fnt\n|faint|p1a: Dragonite\n|\n|-heal|p2a: Ferrothorn|95\/100|[from] item: Leftovers\n|upkeep\n|\n|t:|1700314907\n|switch|p1a: Beedrill|Beedrill, F|100\/100\n|-damage|p1a: Beedrill|76\/100|[from] Stealth Rock\n|turn|24\n|\n|t:|1700314913\n|detailschange|p1a: Beedrill|Beedrill-Mega, F\n|-mega|p1a: Beedrill|Beedrill|Beedrillite\n|move|p1a: Beedrill|Knock Off|p2a: Ferrothorn\n|-damage|p2a: Ferrothorn|67\/100\n|-damage|p1a: Beedrill|64\/100|[from] ability: Iron Barbs|[of] p2a: Ferrothorn\n|-enditem|p2a: Ferrothorn|Leftovers|[from] move: Knock Off|[of] p1a: Beedrill\n|move|p2a: Ferrothorn|Leech Seed|p1a: Beedrill\n|-start|p1a: Beedrill|move: Leech Seed\n|\n|-damage|p1a: Beedrill|51\/100|[from] Leech Seed|[of] p2a: Ferrothorn\n|-heal|p2a: Ferrothorn|78\/100|[silent]\n|upkeep\n|turn|25\n|\n|t:|1700314927\n|move|p1a: Beedrill|U-turn|p2a: Ferrothorn\n|-damage|p2a: Ferrothorn|39\/100\n|-damage|p1a: Beedrill|39\/100|[from] ability: Iron Barbs|[of] p2a: Ferrothorn\n|\n|t:|1700314929\n|switch|p1a: Toxapex|Toxapex, F, shiny|100\/100|[from] U-turn\n|-damage|p1a: Toxapex|88\/100|[from] Stealth Rock\n|move|p2a: Ferrothorn|Gyro Ball|p1a: Toxapex\n|-resisted|p1a: Toxapex\n|-damage|p1a: Toxapex|81\/100\n|\n|upkeep\n|turn|26\n|\n|t:|1700314941\n|move|p1a: Toxapex|Scald|p2a: Ferrothorn\n|-resisted|p2a: Ferrothorn\n|-damage|p2a: Ferrothorn|32\/100\n|move|p2a: Ferrothorn|Leech Seed|p1a: Toxapex|[miss]\n|-miss|p2a: Ferrothorn|p1a: Toxapex\n|\n|upkeep\n|turn|27\n|\n|t:|1700314950\n|move|p1a: Toxapex|Scald|p2a: Ferrothorn\n|-resisted|p2a: Ferrothorn\n|-damage|p2a: Ferrothorn|24\/100\n|-status|p2a: Ferrothorn|brn\n|move|p2a: Ferrothorn|Leech Seed|p1a: Toxapex\n|-start|p1a: Toxapex|move: Leech Seed\n|\n|-damage|p1a: Toxapex|69\/100|[from] Leech Seed|[of] p2a: Ferrothorn\n|-heal|p2a: Ferrothorn|36\/100 brn|[silent]\n|-damage|p2a: Ferrothorn|30\/100 brn|[from] brn\n|upkeep\n|turn|28\n|\n|t:|1700314965\n|switch|p1a: Beedrill|Beedrill-Mega, F|39\/100\n|-damage|p1a: Beedrill|15\/100|[from] Stealth Rock\n|switch|p2a: Sandy Shocks|Sandy Shocks|83\/100\n|\n|upkeep\n|turn|29\n|\n|t:|1700314975\n|move|p1a: Beedrill|Drill Run|p2a: Sandy Shocks\n|-supereffective|p2a: Sandy Shocks\n|-damage|p2a: Sandy Shocks|17\/100\n|move|p2a: Sandy Shocks|Volt Switch|p1a: Beedrill\n|-damage|p1a: Beedrill|0 fnt\n|faint|p1a: Beedrill\n|\n|t:|1700314985\n|-end|p2a: Sandy Shocks|Protosynthesis|[silent]\n|switch|p2a: Poliwrath|Poliwrath, M|100\/100|[from] Volt Switch\n|\n|upkeep\n|\n|t:|1700314988\n|switch|p1a: Pikachu|Pikachu, F, tera:Normal|64\/100\n|-damage|p1a: Pikachu|51\/100|[from] Stealth Rock\n|turn|30\n|\n|t:|1700315011\n|move|p1a: Pikachu|Fake Out|p2a: Poliwrath\n|-damage|p2a: Poliwrath|78\/100\n|cant|p2a: Poliwrath|flinch\n|\n|upkeep\n|turn|31\n|\n|t:|1700315025\n|move|p1a: Pikachu|Volt Tackle|p2a: Poliwrath\n|-supereffective|p2a: Poliwrath\n|-damage|p2a: Poliwrath|0 fnt\n|faint|p2a: Poliwrath\n|-damage|p1a: Pikachu|8\/100|[from] Recoil\n|\n|upkeep\n|\n|t:|1700315034\n|switch|p2a: Sandy Shocks|Sandy Shocks|17\/100\n|turn|32\n|\n|t:|1700315043\n|-end|p2a: Sandy Shocks|Protosynthesis|[silent]\n|switch|p2a: Ferrothorn|Ferrothorn, M|30\/100 brn\n|move|p1a: Pikachu|Extreme Speed|p2a: Ferrothorn\n|-resisted|p2a: Ferrothorn\n|-damage|p2a: Ferrothorn|13\/100 brn\n|-damage|p1a: Pikachu|0 fnt|[from] ability: Iron Barbs|[of] p2a: Ferrothorn\n|faint|p1a: Pikachu\n|\n|-damage|p2a: Ferrothorn|6\/100 brn|[from] brn\n|upkeep\n|\n|t:|1700315045\n|switch|p1a: Toxapex|Toxapex, F, shiny|100\/100\n|-damage|p1a: Toxapex|88\/100|[from] Stealth Rock\n|turn|33\n|\n|t:|1700315058\n|move|p1a: Toxapex|Scald|p2a: Ferrothorn\n|-resisted|p2a: Ferrothorn\n|-damage|p2a: Ferrothorn|0 fnt\n|faint|p2a: Ferrothorn\n|\n|upkeep\n|\n|t:|1700315065\n|switch|p2a: Sandy Shocks|Sandy Shocks|17\/100\n|turn|34\n|\n|t:|1700315072\n|move|p2a: Sandy Shocks|Earth Power|p1a: Toxapex\n|-supereffective|p1a: Toxapex\n|-damage|p1a: Toxapex|4\/100\n|move|p1a: Toxapex|Scald|p2a: Sandy Shocks\n|-supereffective|p2a: Sandy Shocks\n|-damage|p2a: Sandy Shocks|0 fnt\n|faint|p2a: Sandy Shocks\n|-end|p2a: Sandy Shocks|Protosynthesis|[silent]\n|\n|upkeep\n|\n|t:|1700315082\n|switch|p2a: Swampert|Swampert-Mega, M|12\/100\n|turn|35\n|\n|t:|1700315088\n|move|p2a: Swampert|Earthquake|p1a: Toxapex\n|-supereffective|p1a: Toxapex\n|-damage|p1a: Toxapex|0 fnt\n|faint|p1a: Toxapex\n|\n|win|ZPEX\n|raw|suijidyh8's rating: 1235 &rarr; <strong>1211<\/strong><br \/>(-24 for losing)\n|raw|ZPEX's rating: 1252 &rarr; <strong>1276<\/strong><br \/>(+24 for winning)\n","uploadtime":1700315092,"views":7,"p1id":"suijidyh8","p2id":"zpex","formatid":"gen9nationaldex","rating":1211,"private":0,"password":""}