{"id":"gen9nationaldex-1997698395","p1":"pokemonseanic","p2":"SrPorquet","format":"[Gen 9] National Dex","log":"|html|<div class=\"broadcast-blue\"><strong>[Gen 9] National Dex is currently suspecting Sneasler! For information on how to participate check out the <a href=\"https:\/\/www.smogon.com\/forums\/threads\/sv-national-dex-suspect-8-just-dance.3731534\/\">suspect thread<\/a>.<\/strong><\/div>\n|j|\u2606pokemonseanic\n|j|\u203dSrPorquet\n|t:|1700843058\n|gametype|singles\n|player|p1|pokemonseanic|265|1262\n|player|p2|SrPorquet|falkner|1381\n|teamsize|p1|6\n|teamsize|p2|6\n|gen|9\n|tier|[Gen 9] National Dex\n|rated|\n|rule|HP Percentage Mod: HP is shown in percentages\n|rule|Endless Battle Clause: Forcing endless battles is banned\n|rule|OHKO Clause: OHKO moves are banned\n|rule|Evasion Clause: Evasion abilities, items, and moves are banned\n|rule|Evasion Abilities Clause: Evasion abilities are banned\n|rule|Evasion Items Clause: Evasion items are banned\n|rule|Evasion Moves Clause: Evasion moves are banned\n|rule|Species Clause: Limit one of each Pok\u00e9mon\n|rule|Sleep Clause Mod: Limit one foe put to sleep\n|clearpoke\n|poke|p1|Skarmory, M|\n|poke|p1|Dragonite, M|\n|poke|p1|Donphan, M|\n|poke|p1|Aggron, M|\n|poke|p1|Shiftry, M|\n|poke|p1|Galvantula, M|\n|poke|p2|Pidgeot, M|\n|poke|p2|Magmortar, M|\n|poke|p2|Raichu, F|\n|poke|p2|Clefable, M|\n|poke|p2|Vileplume, M|\n|poke|p2|Politoed, M|\n|teampreview\n|inactive|Battle timer is ON: inactive players will automatically lose when time's up. (requested by pokemonseanic)\n|inactive|SrPorquet has 120 seconds left.\n|inactive|SrPorquet has 90 seconds left.\n|\n|t:|1700843165\n|start\n|switch|p1a: Galvantula|Galvantula, M|100\/100\n|switch|p2a: Raichu|Raichu, F|100\/100\n|turn|1\n|\n|t:|1700843176\n|move|p2a: Raichu|Play Rough|p1a: Galvantula\n|-damage|p1a: Galvantula|39\/100\n|-damage|p2a: Raichu|91\/100|[from] item: Life Orb\n|move|p1a: Galvantula|Sticky Web|p2a: Raichu\n|-sidestart|p2: SrPorquet|move: Sticky Web\n|\n|upkeep\n|turn|2\n|\n|t:|1700843196\n|move|p2a: Raichu|Extreme Speed|p1a: Galvantula\n|-damage|p1a: Galvantula|0 fnt\n|faint|p1a: Galvantula\n|-damage|p2a: Raichu|81\/100|[from] item: Life Orb\n|\n|upkeep\n|inactive|pokemonseanic has 120 seconds left.\n|\n|t:|1700843241\n|switch|p1a: Donphan|Donphan, M|100\/100\n|turn|3\n|\n|t:|1700843252\n|switch|p2a: Vileplume|Vileplume, M|100\/100\n|-activate|p2a: Vileplume|move: Sticky Web\n|-unboost|p2a: Vileplume|spe|1\n|move|p1a: Donphan|Stealth Rock|p2a: Vileplume\n|-sidestart|p2: SrPorquet|move: Stealth Rock\n|\n|upkeep\n|turn|4\n|\n|t:|1700843261\n|move|p2a: Vileplume|Strength Sap|p1a: Donphan\n|-unboost|p1a: Donphan|atk|1\n|move|p1a: Donphan|Roar|p2a: Vileplume\n|drag|p2a: Magmortar|Magmortar, M|100\/100\n|-activate|p2a: Magmortar|move: Sticky Web\n|-unboost|p2a: Magmortar|spe|1\n|-damage|p2a: Magmortar|76\/100|[from] Stealth Rock\n|\n|upkeep\n|turn|5\n|\n|t:|1700843272\n|switch|p2a: Vileplume|Vileplume, M|100\/100\n|-activate|p2a: Vileplume|move: Sticky Web\n|-unboost|p2a: Vileplume|spe|1\n|-damage|p2a: Vileplume|88\/100|[from] Stealth Rock\n|move|p1a: Donphan|Earthquake|p2a: Vileplume\n|-damage|p2a: Vileplume|62\/100\n|\n|-heal|p2a: Vileplume|68\/100|[from] item: Leftovers\n|upkeep\n|turn|6\n|\n|t:|1700843286\n|move|p1a: Donphan|Earthquake|p2a: Vileplume\n|-damage|p2a: Vileplume|39\/100\n|move|p2a: Vileplume|Giga Drain|p1a: Donphan\n|-supereffective|p1a: Donphan\n|-damage|p1a: Donphan|14\/100\n|-heal|p2a: Vileplume|89\/100|[from] drain|[of] p1a: Donphan\n|\n|-heal|p2a: Vileplume|95\/100|[from] item: Leftovers\n|upkeep\n|turn|7\n|\n|t:|1700843297\n|move|p2a: Vileplume|Sludge Bomb|p1a: Donphan\n|-resisted|p1a: Donphan\n|-damage|p1a: Donphan|0 fnt\n|faint|p1a: Donphan\n|\n|-heal|p2a: Vileplume|100\/100|[from] item: Leftovers\n|upkeep\n|\n|t:|1700843314\n|switch|p1a: Skarmory|Skarmory, M|100\/100\n|turn|8\n|\n|t:|1700843324\n|switch|p2a: Magmortar|Magmortar, M|76\/100\n|-activate|p2a: Magmortar|move: Sticky Web\n|-unboost|p2a: Magmortar|spe|1\n|-damage|p2a: Magmortar|51\/100|[from] Stealth Rock\n|move|p1a: Skarmory|Spikes|p2a: Magmortar\n|-sidestart|p2: SrPorquet|Spikes\n|\n|upkeep\n|turn|9\n|\n|t:|1700843342\n|move|p2a: Magmortar|Flamethrower|p1a: Skarmory\n|-supereffective|p1a: Skarmory\n|-ability|p1a: Skarmory|Sturdy\n|-damage|p1a: Skarmory|1\/100\n|move|p1a: Skarmory|Roar|p2a: Magmortar\n|drag|p2a: Clefable|Clefable, M|100\/100\n|-activate|p2a: Clefable|move: Sticky Web\n|-unboost|p2a: Clefable|spe|1\n|\n|-heal|p1a: Skarmory|7\/100|[from] item: Leftovers\n|upkeep\n|turn|10\n|\n|t:|1700843357\n|move|p2a: Clefable|Flamethrower|p1a: Skarmory\n|-supereffective|p1a: Skarmory\n|-damage|p1a: Skarmory|0 fnt\n|faint|p1a: Skarmory\n|\n|upkeep\n|inactive|pokemonseanic has 90 seconds left.\n|\n|t:|1700843372\n|switch|p1a: Aggron|Aggron, M, shiny|100\/100\n|turn|11\n|\n|t:|1700843395\n|detailschange|p1a: Aggron|Aggron-Mega, M, shiny\n|-mega|p1a: Aggron|Aggron|Aggronite\n|-terastallize|p2a: Clefable|Fire\n|move|p1a: Aggron|Heavy Slam|p2a: Clefable\n|-resisted|p2a: Clefable\n|-damage|p2a: Clefable|67\/100\n|move|p2a: Clefable|Flamethrower|p1a: Aggron\n|-supereffective|p1a: Aggron\n|-damage|p1a: Aggron|23\/100\n|\n|upkeep\n|turn|12\n|\n|t:|1700843409\n|move|p2a: Clefable|Moonblast|p1a: Aggron\n|-resisted|p1a: Aggron\n|-damage|p1a: Aggron|0 fnt\n|faint|p1a: Aggron\n|\n|upkeep\n|\n|t:|1700843416\n|switch|p1a: Shiftry|Shiftry, M, shiny|100\/100\n|turn|13\n|\n|t:|1700843425\n|move|p1a: Shiftry|Fake Out|p2a: Clefable\n|-damage|p2a: Clefable|55\/100\n|cant|p2a: Clefable|flinch\n|\n|upkeep\n|turn|14\n|\n|t:|1700843432\n|move|p1a: Shiftry|Knock Off|p2a: Clefable\n|-damage|p2a: Clefable|17\/100\n|-enditem|p2a: Clefable|Life Orb|[from] move: Knock Off|[of] p1a: Shiftry\n|move|p2a: Clefable|Moonblast|p1a: Shiftry\n|-supereffective|p1a: Shiftry\n|-enditem|p1a: Shiftry|Focus Sash\n|-damage|p1a: Shiftry|1\/100\n|\n|upkeep\n|turn|15\n|\n|t:|1700843443\n|move|p1a: Shiftry|Leaf Blade|p2a: Clefable\n|-resisted|p2a: Clefable\n|-damage|p2a: Clefable|0 fnt\n|faint|p2a: Clefable\n|\n|upkeep\n|\n|t:|1700843447\n|switch|p2a: Raichu|Raichu, F|81\/100\n|-activate|p2a: Raichu|move: Sticky Web\n|-unboost|p2a: Raichu|spe|1\n|-damage|p2a: Raichu|68\/100|[from] Stealth Rock\n|-damage|p2a: Raichu|56\/100|[from] Spikes\n|turn|16\n|\n|t:|1700843455\n|move|p2a: Raichu|Extreme Speed|p1a: Shiftry\n|-damage|p1a: Shiftry|0 fnt\n|faint|p1a: Shiftry\n|-damage|p2a: Raichu|46\/100|[from] item: Life Orb\n|\n|upkeep\n|\n|t:|1700843463\n|switch|p1a: Dragonite|Dragonite, M|100\/100\n|turn|17\n|inactive|pokemonseanic has 120 seconds left.\n|\n|t:|1700843468\n|move|p1a: Dragonite|Dragon Dance|p1a: Dragonite\n|-boost|p1a: Dragonite|atk|1\n|-boost|p1a: Dragonite|spe|1\n|move|p2a: Raichu|Nuzzle|p1a: Dragonite\n|-damage|p1a: Dragonite|95\/100\n|-status|p1a: Dragonite|par\n|-damage|p2a: Raichu|36\/100|[from] item: Life Orb\n|\n|upkeep\n|turn|18\n|inactive|pokemonseanic has 120 seconds left.\n|\n|t:|1700843480\n|cant|p1a: Dragonite|par\n|move|p2a: Raichu|Play Rough|p1a: Dragonite\n|-supereffective|p1a: Dragonite\n|-damage|p1a: Dragonite|25\/100 par\n|-enditem|p1a: Dragonite|Weakness Policy\n|-boost|p1a: Dragonite|atk|2|[from] item: Weakness Policy\n|-boost|p1a: Dragonite|spa|2|[from] item: Weakness Policy\n|-damage|p2a: Raichu|26\/100|[from] item: Life Orb\n|\n|upkeep\n|turn|19\n|\n|t:|1700843490\n|move|p2a: Raichu|Extreme Speed|p1a: Dragonite\n|-damage|p1a: Dragonite|0 fnt\n|faint|p1a: Dragonite\n|-damage|p2a: Raichu|16\/100|[from] item: Life Orb\n|\n|win|SrPorquet\n|raw|pokemonseanic's rating: 1262 &rarr; <strong>1246<\/strong><br \/>(-16 for losing)\n|raw|SrPorquet's rating: 1396 &rarr; <strong>1409<\/strong><br \/>(+13 for winning)\n|l|\u2606pokemonseanic\n|l|\u203dSrPorquet\n|j|\u203dSrPorquet\n|player|p2|SrPorquet|falkner\n|n|\u203dSrPorquet|srporquet\n|n|\u203dSrPorquet|srporquet\n|n|\u203dSrPorquet|srporquet\n|l|\u203dSrPorquet\n|player|p2|\n|j|\u203dSrPorquet\n|player|p2|SrPorquet|falkner\n|n|\u203dSrPorquet|srporquet\n|n|\u203dSrPorquet|srporquet\n|n|\u203dSrPorquet|srporquet\n|l|\u203dSrPorquet\n|player|p2|\n|j|\u203dSrPorquet\n|player|p2|SrPorquet|falkner\n|n|\u203dSrPorquet|srporquet\n|n|\u203dSrPorquet|srporquet\n|n|\u203dSrPorquet|srporquet\n","uploadtime":1700843493,"views":1,"p1id":"pokemonseanic","p2id":"srporquet","formatid":"gen9nationaldex","rating":1246,"private":0,"password":""}