{"id":"gen9nationaldex-1998393213","p1":"PogfloraTheGod","p2":"Snakeman24","format":"[Gen 9] National Dex","log":"|html|<div class=\"broadcast-blue\"><strong>[Gen 9] National Dex is currently suspecting Sneasler! For information on how to participate check out the <a href=\"https:\/\/www.smogon.com\/forums\/threads\/sv-national-dex-suspect-8-just-dance.3731534\/\">suspect thread<\/a>.<\/strong><\/div>\n|j|\u2606PogfloraTheGod\n|j|\u2606Snakeman24\n|t:|1700937279\n|gametype|singles\n|player|p1|PogfloraTheGod|blue|1456\n|player|p2|Snakeman24|steven|1447\n|teamsize|p1|6\n|teamsize|p2|6\n|gen|9\n|tier|[Gen 9] National Dex\n|rated|\n|rule|HP Percentage Mod: HP is shown in percentages\n|rule|Endless Battle Clause: Forcing endless battles is banned\n|rule|OHKO Clause: OHKO moves are banned\n|rule|Evasion Clause: Evasion abilities, items, and moves are banned\n|rule|Evasion Abilities Clause: Evasion abilities are banned\n|rule|Evasion Items Clause: Evasion items are banned\n|rule|Evasion Moves Clause: Evasion moves are banned\n|rule|Species Clause: Limit one of each Pok\u00e9mon\n|rule|Sleep Clause Mod: Limit one foe put to sleep\n|clearpoke\n|poke|p1|Charizard, F|\n|poke|p1|Torkoal, M|\n|poke|p1|Venusaur, F|\n|poke|p1|Great Tusk|\n|poke|p1|Salazzle, F|\n|poke|p1|Haxorus, F|\n|poke|p2|Chansey, F|\n|poke|p2|Hoopa-Unbound|\n|poke|p2|Zapdos|\n|poke|p2|Ditto|\n|poke|p2|Diancie|\n|poke|p2|Urshifu-*, M|\n|teampreview\n|inactive|Battle timer is ON: inactive players will automatically lose when time's up. (requested by PogfloraTheGod)\n|\n|t:|1700937293\n|start\n|switch|p1a: Salazzle|Salazzle, F, shiny|100\/100\n|switch|p2a: Diancie|Diancie|100\/100\n|turn|1\n|\n|t:|1700937311\n|switch|p2a: Chansey|Chansey, F|100\/100\n|move|p1a: Salazzle|Protect||[still]\n|-fail|p1a: Salazzle\n|\n|upkeep\n|turn|2\n|\n|t:|1700937330\n|move|p1a: Salazzle|Substitute|p1a: Salazzle\n|-start|p1a: Salazzle|Substitute\n|-damage|p1a: Salazzle|76\/100\n|move|p2a: Chansey|Stealth Rock|p1a: Salazzle\n|-sidestart|p1: PogfloraTheGod|move: Stealth Rock\n|\n|-heal|p1a: Salazzle|82\/100|[from] item: Black Sludge\n|upkeep\n|turn|3\n|\n|t:|1700937340\n|move|p1a: Salazzle|Protect|p1a: Salazzle\n|-singleturn|p1a: Salazzle|Protect\n|move|p2a: Chansey|Teleport|p2a: Chansey\n|\n|t:|1700937345\n|switch|p2a: Urshifu|Urshifu-Rapid-Strike, M|100\/100|[from] Teleport\n|\n|-heal|p1a: Salazzle|88\/100|[from] item: Black Sludge\n|upkeep\n|turn|4\n|\n|t:|1700937356\n|switch|p1a: Torkoal|Torkoal, M|100\/100\n|-damage|p1a: Torkoal|76\/100|[from] Stealth Rock\n|-weather|SunnyDay|[from] ability: Drought|[of] p1a: Torkoal\n|move|p2a: Urshifu|Surging Strikes|p1a: Torkoal\n|-supereffective|p1a: Torkoal\n|-crit|p1a: Torkoal\n|-damage|p1a: Torkoal|57\/100\n|-supereffective|p1a: Torkoal\n|-crit|p1a: Torkoal\n|-damage|p1a: Torkoal|39\/100\n|-supereffective|p1a: Torkoal\n|-crit|p1a: Torkoal\n|-damage|p1a: Torkoal|19\/100\n|-hitcount|p1a: Torkoal|3\n|\n|-weather|SunnyDay|[upkeep]\n|upkeep\n|turn|5\n|\n|t:|1700937371\n|move|p2a: Urshifu|Surging Strikes|p1a: Torkoal\n|-supereffective|p1a: Torkoal\n|-crit|p1a: Torkoal\n|-damage|p1a: Torkoal|0 fnt\n|faint|p1a: Torkoal\n|-hitcount|p1: Torkoal|1\n|\n|-weather|SunnyDay|[upkeep]\n|upkeep\n|\n|t:|1700937376\n|switch|p1a: Toad|Venusaur, F, shiny|100\/100\n|-damage|p1a: Toad|88\/100|[from] Stealth Rock\n|turn|6\n|\n|t:|1700937382\n|switch|p2a: Chansey|Chansey, F|100\/100\n|move|p1a: Toad|Giga Drain|p2a: Chansey\n|-damage|p2a: Chansey|91\/100\n|-heal|p1a: Toad|99\/100|[from] drain|[of] p2a: Chansey\n|\n|-weather|SunnyDay|[upkeep]\n|upkeep\n|turn|7\n|\n|t:|1700937394\n|switch|p1a: Great Tusk|Great Tusk|100\/100\n|-damage|p1a: Great Tusk|98\/100|[from] Stealth Rock\n|-activate|p1a: Great Tusk|ability: Protosynthesis\n|-start|p1a: Great Tusk|protosynthesisatk\n|move|p2a: Chansey|Seismic Toss|p1a: Great Tusk\n|-damage|p1a: Great Tusk|71\/100\n|\n|-weather|SunnyDay|[upkeep]\n|-heal|p1a: Great Tusk|77\/100|[from] item: Leftovers\n|upkeep\n|turn|8\n|\n|t:|1700937406\n|switch|p2a: Zapdos|Zapdos|100\/100\n|move|p1a: Great Tusk|Rapid Spin|p2a: Zapdos\n|-crit|p2a: Zapdos\n|-damage|p2a: Zapdos|78\/100\n|-boost|p1a: Great Tusk|spe|1\n|-damage|p1a: Great Tusk|60\/100|[from] item: Rocky Helmet|[of] p2a: Zapdos\n|-sideend|p1: PogfloraTheGod|Stealth Rock|[from] move: Rapid Spin|[of] p1a: Great Tusk\n|\n|-weather|SunnyDay|[upkeep]\n|-heal|p1a: Great Tusk|67\/100|[from] item: Leftovers\n|upkeep\n|turn|9\n|\n|t:|1700937418\n|move|p1a: Great Tusk|Ice Spinner|p2a: Zapdos\n|-supereffective|p2a: Zapdos\n|-damage|p2a: Zapdos|25\/100\n|-damage|p1a: Great Tusk|50\/100|[from] item: Rocky Helmet|[of] p2a: Zapdos\n|move|p2a: Zapdos|Toxic|p1a: Great Tusk\n|-status|p1a: Great Tusk|tox\n|\n|-weather|SunnyDay|[upkeep]\n|-heal|p1a: Great Tusk|56\/100 tox|[from] item: Leftovers\n|-damage|p1a: Great Tusk|50\/100 tox|[from] psn\n|upkeep\n|turn|10\n|\n|t:|1700937431\n|move|p1a: Great Tusk|Ice Spinner|p2a: Zapdos\n|-supereffective|p2a: Zapdos\n|-damage|p2a: Zapdos|0 fnt\n|-damage|p1a: Great Tusk|34\/100 tox|[from] item: Rocky Helmet|[of] p2a: Zapdos\n|faint|p2a: Zapdos\n|\n|-weather|SunnyDay|[upkeep]\n|-heal|p1a: Great Tusk|40\/100 tox|[from] item: Leftovers\n|-damage|p1a: Great Tusk|27\/100 tox|[from] psn\n|upkeep\n|\n|t:|1700937441\n|switch|p2a: Urshifu|Urshifu-Rapid-Strike, M|100\/100\n|turn|11\n|\n|t:|1700937452\n|move|p1a: Great Tusk|Headlong Rush|p2a: Urshifu\n|-damage|p2a: Urshifu|17\/100\n|-unboost|p1a: Great Tusk|def|1\n|-unboost|p1a: Great Tusk|spd|1\n|move|p2a: Urshifu|Surging Strikes|p1a: Great Tusk\n|-supereffective|p1a: Great Tusk\n|-crit|p1a: Great Tusk\n|-damage|p1a: Great Tusk|6\/100 tox\n|-supereffective|p1a: Great Tusk\n|-crit|p1a: Great Tusk\n|-damage|p1a: Great Tusk|0 fnt\n|faint|p1a: Great Tusk\n|-end|p1a: Great Tusk|Protosynthesis|[silent]\n|-hitcount|p1: Great Tusk|2\n|\n|-weather|none\n|upkeep\n|\n|t:|1700937468\n|switch|p1a: Salazzle|Salazzle, F, shiny|88\/100\n|turn|12\n|\n|t:|1700937478\n|move|p2a: Urshifu|Surging Strikes|p1a: Salazzle\n|-supereffective|p1a: Salazzle\n|-crit|p1a: Salazzle\n|-damage|p1a: Salazzle|24\/100\n|-supereffective|p1a: Salazzle\n|-crit|p1a: Salazzle\n|-damage|p1a: Salazzle|0 fnt\n|faint|p1a: Salazzle\n|-hitcount|p1: Salazzle|2\n|\n|upkeep\n|\n|t:|1700937482\n|switch|p1a: Toad|Venusaur, F, shiny|99\/100\n|turn|13\n|\n|t:|1700937488\n|switch|p2a: Chansey|Chansey, F|91\/100\n|move|p1a: Toad|Giga Drain|p2a: Chansey\n|-crit|p2a: Chansey\n|-damage|p2a: Chansey|76\/100\n|-heal|p1a: Toad|100\/100|[from] drain|[of] p2a: Chansey\n|\n|upkeep\n|turn|14\n|\n|t:|1700937498\n|switch|p1a: Haxorus|Haxorus, F|100\/100\n|-ability|p1a: Haxorus|Mold Breaker\n|move|p2a: Chansey|Seismic Toss|p1a: Haxorus\n|-damage|p1a: Haxorus|66\/100\n|\n|upkeep\n|turn|15\n|\n|t:|1700937512\n|-terastallize|p1a: Haxorus|Steel\n|move|p1a: Haxorus|Outrage|p2a: Chansey\n|-damage|p2a: Chansey|31\/100\n|move|p2a: Chansey|Teleport|p2a: Chansey\n|\n|t:|1700937519\n|switch|p2a: Diancie|Diancie|100\/100|[from] Teleport\n|\n|upkeep\n|turn|16\n|\n|t:|1700937529\n|detailschange|p2a: Diancie|Diancie-Mega\n|-mega|p2a: Diancie|Diancie|Diancite\n|move|p2a: Diancie|Earth Power|p1a: Haxorus\n|-supereffective|p1a: Haxorus\n|-damage|p1a: Haxorus|0 fnt\n|faint|p1a: Haxorus\n|\n|upkeep\n|\n|t:|1700937538\n|switch|p1a: Charizard|Charizard, F, shiny|100\/100\n|turn|17\n|\n|t:|1700937543\n|detailschange|p1a: Charizard|Charizard-Mega-Y, F, shiny\n|-mega|p1a: Charizard|Charizard|Charizardite Y\n|-weather|SunnyDay|[from] ability: Drought|[of] p1a: Charizard\n|move|p2a: Diancie|Diamond Storm|p1a: Charizard|[miss]\n|-miss|p2a: Diancie|p1a: Charizard\n|move|p1a: Charizard|Solar Beam||[still]\n|-prepare|p1a: Charizard|Solar Beam\n|-anim|p1a: Charizard|Solar Beam|p2a: Diancie\n|-supereffective|p2a: Diancie\n|-damage|p2a: Diancie|0 fnt\n|faint|p2a: Diancie\n|\n|-weather|SunnyDay|[upkeep]\n|upkeep\n|\n|t:|1700937560\n|switch|p2a: Ditto|Ditto|100\/100\n|-transform|p2a: Ditto|p1a: Charizard|[from] ability: Imposter\n|turn|18\n|inactive|PogfloraTheGod has 120 seconds left.\n|\n|t:|1700937592\n|switch|p1a: Toad|Venusaur, F, shiny|100\/100\n|move|p2a: Ditto|Weather Ball|p1a: Toad\n|-supereffective|p1a: Toad\n|-damage|p1a: Toad|0 fnt\n|faint|p1a: Toad\n|\n|-weather|SunnyDay|[upkeep]\n|upkeep\n|\n|t:|1700937595\n|switch|p1a: Charizard|Charizard-Mega-Y, F, shiny|100\/100\n|turn|19\n|\n|t:|1700937604\n|move|p2a: Ditto|Weather Ball|p1a: Charizard\n|-resisted|p1a: Charizard\n|-damage|p1a: Charizard|51\/100\n|move|p1a: Charizard|Weather Ball|p2a: Ditto\n|-resisted|p2a: Ditto\n|-damage|p2a: Ditto|56\/100\n|\n|-weather|SunnyDay|[upkeep]\n|upkeep\n|turn|20\n|-message|PogfloraTheGod forfeited.\n|\n|win|Snakeman24\n|raw|PogfloraTheGod's rating: 1456 &rarr; <strong>1435<\/strong><br \/>(-21 for losing)\n|raw|Snakeman24's rating: 1447 &rarr; <strong>1468<\/strong><br \/>(+21 for winning)\n|l|\u2606PogfloraTheGod\n","uploadtime":1700937621,"views":3,"p1id":"pogflorathegod","p2id":"snakeman24","formatid":"gen9nationaldex","rating":1435,"private":0,"password":""}