{"id":"gen9nationaldex-1993589759","p1":"Ribbit Mania","p2":"Notacatforsurereal","format":"[Gen 9] National Dex","log":"|j|\u2606Ribbit Mania\n|j|\u2606Notacatforsurereal\n|t:|1700335003\n|gametype|singles\n|player|p1|Ribbit Mania|skierf|1108\n|player|p2|Notacatforsurereal|scientistf|1109\n|teamsize|p1|6\n|teamsize|p2|6\n|gen|9\n|tier|[Gen 9] National Dex\n|rated|\n|rule|HP Percentage Mod: HP is shown in percentages\n|rule|Endless Battle Clause: Forcing endless battles is banned\n|rule|OHKO Clause: OHKO moves are banned\n|rule|Evasion Clause: Evasion abilities, items, and moves are banned\n|rule|Evasion Abilities Clause: Evasion abilities are banned\n|rule|Evasion Items Clause: Evasion items are banned\n|rule|Evasion Moves Clause: Evasion moves are banned\n|rule|Species Clause: Limit one of each Pok\u00e9mon\n|rule|Sleep Clause Mod: Limit one foe put to sleep\n|clearpoke\n|poke|p1|Maushold|\n|poke|p1|Cloyster, F|\n|poke|p1|Cinccino, M|\n|poke|p1|Gliscor, F|\n|poke|p1|Blaziken, M|\n|poke|p1|Beedrill, M|\n|poke|p2|Reuniclus, M|\n|poke|p2|Gyarados, M|\n|poke|p2|Corviknight, M|\n|poke|p2|Cinderace, M|\n|poke|p2|Chesnaught, F|\n|poke|p2|Jolteon, F|\n|teampreview\n|inactive|Battle timer is ON: inactive players will automatically lose when time's up. (requested by Notacatforsurereal)\n|inactive|Ribbit Mania also wants the timer to be on.\n|\n|t:|1700335010\n|start\n|switch|p1a: Miles Prower|Cinccino, M, shiny|100\/100\n|switch|p2a: Reuniclus|Reuniclus, M, shiny|100\/100\n|turn|1\n|\n|t:|1700335029\n|move|p1a: Miles Prower|Bullet Seed|p2a: Reuniclus\n|-damage|p2a: Reuniclus|93\/100\n|-damage|p2a: Reuniclus|87\/100\n|-damage|p2a: Reuniclus|80\/100\n|-damage|p2a: Reuniclus|73\/100\n|-damage|p2a: Reuniclus|66\/100\n|-hitcount|p2a: Reuniclus|5\n|-damage|p1a: Miles Prower|91\/100|[from] item: Life Orb\n|move|p2a: Reuniclus|Focus Blast|p1a: Miles Prower\n|-supereffective|p1a: Miles Prower\n|-damage|p1a: Miles Prower|0 fnt\n|faint|p1a: Miles Prower\n|\n|-heal|p2a: Reuniclus|72\/100|[from] item: Leftovers\n|upkeep\n|\n|t:|1700335037\n|switch|p1a: Scapegoat|Gliscor, F|100\/100\n|turn|2\n|\n|t:|1700335049\n|move|p1a: Scapegoat|Swords Dance|p1a: Scapegoat\n|-boost|p1a: Scapegoat|atk|2\n|move|p2a: Reuniclus|Calm Mind|p2a: Reuniclus\n|-boost|p2a: Reuniclus|spa|1\n|-boost|p2a: Reuniclus|spd|1\n|\n|-heal|p2a: Reuniclus|78\/100|[from] item: Leftovers\n|-status|p1a: Scapegoat|tox|[from] item: Toxic Orb\n|upkeep\n|turn|3\n|\n|t:|1700335060\n|move|p1a: Scapegoat|Earthquake|p2a: Reuniclus\n|-damage|p2a: Reuniclus|20\/100\n|move|p2a: Reuniclus|Psychic|p1a: Scapegoat\n|-damage|p1a: Scapegoat|17\/100 tox\n|\n|-heal|p2a: Reuniclus|26\/100|[from] item: Leftovers\n|-heal|p1a: Scapegoat|29\/100 tox|[from] ability: Poison Heal\n|upkeep\n|turn|4\n|\n|t:|1700335070\n|move|p1a: Scapegoat|Earthquake|p2a: Reuniclus\n|-damage|p2a: Reuniclus|0 fnt\n|faint|p2a: Reuniclus\n|\n|-heal|p1a: Scapegoat|42\/100 tox|[from] ability: Poison Heal\n|upkeep\n|\n|t:|1700335079\n|switch|p2a: Gyarados|Gyarados, M|100\/100\n|-ability|p2a: Gyarados|Intimidate|boost\n|-unboost|p1a: Scapegoat|atk|1\n|turn|5\n|\n|t:|1700335084\n|detailschange|p2a: Gyarados|Gyarados-Mega, M\n|-mega|p2a: Gyarados|Gyarados|Gyaradosite\n|-ability|p2a: Gyarados|Mold Breaker\n|move|p1a: Scapegoat|Dual Wingbeat|p2a: Gyarados\n|-damage|p2a: Gyarados|74\/100\n|-damage|p2a: Gyarados|49\/100\n|-hitcount|p2a: Gyarados|2\n|move|p2a: Gyarados|Dragon Dance|p2a: Gyarados\n|-boost|p2a: Gyarados|atk|1\n|-boost|p2a: Gyarados|spe|1\n|\n|-heal|p1a: Scapegoat|54\/100 tox|[from] ability: Poison Heal\n|upkeep\n|turn|6\n|\n|t:|1700335097\n|move|p2a: Gyarados|Waterfall|p1a: Scapegoat\n|-supereffective|p1a: Scapegoat\n|-damage|p1a: Scapegoat|0 fnt\n|faint|p1a: Scapegoat\n|\n|upkeep\n|\n|t:|1700335101\n|switch|p1a: Thunder Thighs|Blaziken, M|100\/100\n|turn|7\n|\n|t:|1700335110\n|move|p1a: Thunder Thighs|Quick Attack|p2a: Gyarados\n|-crit|p2a: Gyarados\n|-damage|p2a: Gyarados|27\/100\n|move|p2a: Gyarados|Dragon Dance|p2a: Gyarados\n|-boost|p2a: Gyarados|atk|1\n|-boost|p2a: Gyarados|spe|1\n|\n|-ability|p1a: Thunder Thighs|Speed Boost|boost\n|-boost|p1a: Thunder Thighs|spe|1\n|upkeep\n|turn|8\n|\n|t:|1700335119\n|move|p2a: Gyarados|Waterfall|p1a: Thunder Thighs\n|-supereffective|p1a: Thunder Thighs\n|-damage|p1a: Thunder Thighs|0 fnt\n|faint|p1a: Thunder Thighs\n|\n|upkeep\n|\n|t:|1700335122\n|switch|p1a: Euphemism|Cloyster, F|100\/100\n|turn|9\n|\n|t:|1700335127\n|move|p2a: Gyarados|Earthquake|p1a: Euphemism\n|-damage|p1a: Euphemism|35\/100\n|move|p1a: Euphemism|Shell Smash|p1a: Euphemism\n|-unboost|p1a: Euphemism|def|1\n|-unboost|p1a: Euphemism|spd|1\n|-boost|p1a: Euphemism|atk|2\n|-boost|p1a: Euphemism|spa|2\n|-boost|p1a: Euphemism|spe|2\n|\n|upkeep\n|turn|10\n|\n|t:|1700335136\n|move|p2a: Gyarados|Earthquake|p1a: Euphemism\n|-damage|p1a: Euphemism|0 fnt\n|faint|p1a: Euphemism\n|\n|upkeep\n|\n|t:|1700335139\n|switch|p1a: The Rapper|Beedrill, M|100\/100\n|turn|11\n|\n|t:|1700335151\n|detailschange|p1a: The Rapper|Beedrill-Mega, M\n|-mega|p1a: The Rapper|Beedrill|Beedrillite\n|move|p2a: Gyarados|Earthquake|p1a: The Rapper\n|-damage|p1a: The Rapper|0 fnt\n|faint|p1a: The Rapper\n|\n|upkeep\n|\n|t:|1700335156\n|switch|p1a: MUDAMUDAMUDAMUDA|Maushold|100\/100\n|turn|12\n|\n|t:|1700335161\n|move|p2a: Gyarados|Waterfall|p1a: MUDAMUDAMUDAMUDA\n|-damage|p1a: MUDAMUDAMUDAMUDA|0 fnt\n|faint|p1a: MUDAMUDAMUDAMUDA\n|\n|win|Notacatforsurereal\n|raw|Ribbit Mania's rating: 1108 &rarr; <strong>1083<\/strong><br \/>(-25 for losing)\n|raw|Notacatforsurereal's rating: 1109 &rarr; <strong>1134<\/strong><br \/>(+25 for winning)\n","uploadtime":1700335169,"views":20,"p1id":"ribbitmania","p2id":"notacatforsurereal","formatid":"gen9nationaldex","rating":1083,"private":0,"password":""}