{"id":"gen9nationaldex-1993094357","p1":"beerox","p2":"Nickaneitor","format":"[Gen 9] National Dex","log":"|j|\u2606beerox\n|j|\u2606Nickaneitor\n|t:|1700264078\n|gametype|singles\n|player|p1|beerox|169|1025\n|player|p2|Nickaneitor|chuck|1000\n|teamsize|p1|6\n|teamsize|p2|6\n|gen|9\n|tier|[Gen 9] National Dex\n|rated|\n|rule|HP Percentage Mod: HP is shown in percentages\n|rule|Endless Battle Clause: Forcing endless battles is banned\n|rule|OHKO Clause: OHKO moves are banned\n|rule|Evasion Clause: Evasion abilities, items, and moves are banned\n|rule|Evasion Abilities Clause: Evasion abilities are banned\n|rule|Evasion Items Clause: Evasion items are banned\n|rule|Evasion Moves Clause: Evasion moves are banned\n|rule|Species Clause: Limit one of each Pok\u00e9mon\n|rule|Sleep Clause Mod: Limit one foe put to sleep\n|clearpoke\n|poke|p1|Torterra, F|\n|poke|p1|Cloyster, F|\n|poke|p1|Toucannon, F|\n|poke|p1|Greninja-*, M|\n|poke|p1|Tapu Lele|\n|poke|p1|Skarmory, F|\n|poke|p2|Tyrogue, M|\n|poke|p2|Machamp, F|\n|poke|p2|Sirfetch\u2019d, F|\n|poke|p2|Hitmonlee, M|\n|poke|p2|Hitmonchan, M|\n|poke|p2|Hitmontop, M|\n|teampreview\n|\n|t:|1700264091\n|start\n|switch|p1a: Torterra|Torterra, F|100\/100\n|switch|p2a: Tyrogue|Tyrogue, M|100\/100\n|turn|1\n|\n|t:|1700264099\n|move|p2a: Tyrogue|Fake Out|p1a: Torterra\n|-damage|p1a: Torterra|94\/100\n|cant|p1a: Torterra|flinch\n|\n|-status|p2a: Tyrogue|brn|[from] item: Flame Orb\n|upkeep\n|turn|2\n|\n|t:|1700264112\n|move|p1a: Torterra|Shell Smash|p1a: Torterra\n|-unboost|p1a: Torterra|def|1\n|-unboost|p1a: Torterra|spd|1\n|-boost|p1a: Torterra|atk|2\n|-boost|p1a: Torterra|spa|2\n|-boost|p1a: Torterra|spe|2\n|move|p2a: Tyrogue|High Jump Kick|p1a: Torterra\n|-damage|p1a: Torterra|21\/100\n|\n|-damage|p2a: Tyrogue|94\/100 brn|[from] brn\n|upkeep\n|turn|3\n|\n|t:|1700264124\n|move|p2a: Tyrogue|Bullet Punch|p1a: Torterra\n|-damage|p1a: Torterra|7\/100\n|move|p1a: Torterra|Bullet Seed|p2a: Tyrogue\n|-damage|p2a: Tyrogue|9\/100 brn\n|-damage|p2a: Tyrogue|0 fnt\n|faint|p2a: Tyrogue\n|-hitcount|p2: Tyrogue|2\n|\n|upkeep\n|\n|t:|1700264136\n|switch|p2a: Machamp|Machamp, F|100\/100\n|turn|4\n|\n|t:|1700264142\n|move|p1a: Torterra|Bullet Seed|p2a: Machamp\n|-damage|p2a: Machamp|69\/100\n|-damage|p2a: Machamp|39\/100\n|-damage|p2a: Machamp|9\/100\n|-damage|p2a: Machamp|0 fnt\n|faint|p2a: Machamp\n|-hitcount|p2: Machamp|4\n|\n|upkeep\n|\n|t:|1700264150\n|switch|p2a: Sirfetch\u2019d|Sirfetch\u2019d, F|100\/100\n|turn|5\n|\n|t:|1700264155\n|move|p1a: Torterra|Bullet Seed|p2a: Sirfetch\u2019d\n|-damage|p2a: Sirfetch\u2019d|67\/100\n|-damage|p2a: Sirfetch\u2019d|36\/100\n|-damage|p2a: Sirfetch\u2019d|0 fnt\n|faint|p2a: Sirfetch\u2019d\n|-hitcount|p2: Sirfetch\u2019d|3\n|\n|upkeep\n|\n|t:|1700264164\n|switch|p2a: Hitmonlee|Hitmonlee, M|100\/100\n|turn|6\n|\n|t:|1700264171\n|move|p2a: Hitmonlee|Sucker Punch|p1a: Torterra\n|-damage|p1a: Torterra|0 fnt\n|faint|p1a: Torterra\n|\n|upkeep\n|\n|t:|1700264178\n|switch|p1a: Tapu Lele|Tapu Lele|100\/100\n|-fieldstart|move: Psychic Terrain|[from] ability: Psychic Surge|[of] p1a: Tapu Lele\n|turn|7\n|\n|t:|1700264187\n|move|p2a: Hitmonlee|Sucker Punch|p1a: Tapu Lele\n|-activate|p1a: Tapu Lele|move: Psychic Terrain\n|move|p1a: Tapu Lele|Future Sight|p2a: Hitmonlee\n|-start|p1a: Tapu Lele|move: Future Sight\n|\n|upkeep\n|turn|8\n|\n|t:|1700264192\n|move|p2a: Hitmonlee|Sucker Punch|p1a: Tapu Lele\n|-activate|p1a: Tapu Lele|move: Psychic Terrain\n|move|p1a: Tapu Lele|Dazzling Gleam|p2a: Hitmonlee\n|-supereffective|p2a: Hitmonlee\n|-damage|p2a: Hitmonlee|0 fnt\n|faint|p2a: Hitmonlee\n|\n|upkeep\n|\n|t:|1700264199\n|switch|p2a: Hitmonchan|Hitmonchan, M|100\/100\n|turn|9\n|\n|t:|1700264211\n|move|p2a: Hitmonchan|Thunder Punch|p1a: Tapu Lele\n|-damage|p1a: Tapu Lele|29\/100\n|move|p1a: Tapu Lele|Dazzling Gleam|p2a: Hitmonchan\n|-supereffective|p2a: Hitmonchan\n|-damage|p2a: Hitmonchan|0 fnt\n|faint|p2a: Hitmonchan\n|\n|-hint|Future Sight did not hit because the target is fainted.\n|-heal|p1a: Tapu Lele|35\/100|[from] item: Leftovers\n|upkeep\n|\n|t:|1700264220\n|switch|p2a: Hitmontop|Hitmontop, M|100\/100\n|-ability|p2a: Hitmontop|Intimidate|boost\n|-unboost|p1a: Tapu Lele|atk|1\n|turn|10\n|\n|t:|1700264227\n|move|p2a: Hitmontop|Bullet Punch|p1a: Tapu Lele\n|-activate|p1a: Tapu Lele|move: Psychic Terrain\n|move|p1a: Tapu Lele|Dazzling Gleam|p2a: Hitmontop\n|-supereffective|p2a: Hitmontop\n|-damage|p2a: Hitmontop|0 fnt\n|faint|p2a: Hitmontop\n|\n|win|beerox\n|raw|beerox's rating: 1025 &rarr; <strong>1059<\/strong><br \/>(+34 for winning)\n|raw|Nickaneitor's rating: 1000 &rarr; <strong>1000<\/strong><br \/>(+0 for losing)\n|c|\u2606beerox|gg\n","uploadtime":1700264242,"views":7,"p1id":"beerox","p2id":"nickaneitor","formatid":"gen9nationaldex","rating":1000,"private":0,"password":""}