{"id":"gen9nationaldex-1988010032","p1":"sumi_re34","p2":"UltraSwagGaming","format":"[Gen 9] National Dex","log":"|j|\u2606sumi_re34\n|j|\u2606UltraSwagGaming\n|t:|1699658774\n|gametype|singles\n|player|p1|sumi_re34|shadowtriad|\n|player|p2|UltraSwagGaming|alec-anime|\n|teamsize|p1|6\n|teamsize|p2|6\n|gen|9\n|tier|[Gen 9] National Dex\n|rule|HP Percentage Mod: HP is shown in percentages\n|rule|Endless Battle Clause: Forcing endless battles is banned\n|rule|OHKO Clause: OHKO moves are banned\n|rule|Evasion Clause: Evasion abilities, items, and moves are banned\n|rule|Evasion Abilities Clause: Evasion abilities are banned\n|rule|Evasion Items Clause: Evasion items are banned\n|rule|Evasion Moves Clause: Evasion moves are banned\n|rule|Species Clause: Limit one of each Pok\u00e9mon\n|rule|Sleep Clause Mod: Limit one foe put to sleep\n|clearpoke\n|poke|p1|Hatterene, F|\n|poke|p1|Iron Hands|\n|poke|p1|Bronzong|\n|poke|p1|Enamorus-Therian, F|\n|poke|p1|Ursaluna, M|\n|poke|p1|Toedscruel, F|\n|poke|p2|Tornadus-Therian, M|\n|poke|p2|Blacephalon|\n|poke|p2|Heatran, M|\n|poke|p2|Alomomola, M|\n|poke|p2|Samurott-Hisui, M|\n|poke|p2|Gliscor, M|\n|teampreview\n|c|\u2606UltraSwagGaming|trick roomm\n|c|\u2606UltraSwagGaming|okay\n|c|\u2606sumi_re34|room\n|\n|t:|1699658807\n|start\n|switch|p1a: Hatterene|Hatterene, F|100\/100\n|switch|p2a: Blacephalon|Blacephalon|100\/100\n|turn|1\n|\n|t:|1699658817\n|move|p2a: Blacephalon|Overheat|p1a: Hatterene|[miss]\n|-miss|p2a: Blacephalon|p1a: Hatterene\n|move|p1a: Hatterene|Trick Room|p1a: Hatterene\n|-fieldstart|move: Trick Room|[of] p1a: Hatterene\n|\n|upkeep\n|turn|2\n|c|\u2606UltraSwagGaming|that so\n|c|\u2606UltraSwagGaming|mattered\n|c|\u2606UltraSwagGaming|damn\n|c|\u2606sumi_re34|lol\n|\n|t:|1699658832\n|switch|p1a: Ursaluna|Ursaluna, M|100\/100\n|switch|p2a: Heatran|Heatran, M|100\/100\n|\n|-status|p1a: Ursaluna|brn|[from] item: Flame Orb\n|upkeep\n|turn|3\n|\n|t:|1699658843\n|switch|p2a: Gliscor|Gliscor, M|100\/100\n|move|p1a: Ursaluna|Earthquake|p2a: Gliscor\n|-immune|p2a: Gliscor\n|\n|-damage|p1a: Ursaluna|94\/100 brn|[from] brn\n|-status|p2a: Gliscor|tox|[from] item: Toxic Orb\n|upkeep\n|turn|4\n|\n|t:|1699658851\n|switch|p2a: Alomomola|Alomomola, M|100\/100\n|move|p1a: Ursaluna|Facade|p2a: Alomomola\n|-damage|p2a: Alomomola|30\/100\n|\n|-damage|p1a: Ursaluna|88\/100 brn|[from] brn\n|upkeep\n|turn|5\n|\n|t:|1699658855\n|move|p2a: Alomomola|Protect|p2a: Alomomola\n|-singleturn|p2a: Alomomola|Protect\n|move|p1a: Ursaluna|Seed Bomb|p2a: Alomomola\n|-activate|p2a: Alomomola|move: Protect\n|\n|-damage|p1a: Ursaluna|82\/100 brn|[from] brn\n|-fieldend|move: Trick Room\n|upkeep\n|turn|6\n|c|\u2606UltraSwagGaming|seed bomb is insane\n|\n|t:|1699658870\n|switch|p1a: Hatterene|Hatterene, F|100\/100\n|move|p2a: Alomomola|Flip Turn|p1a: Hatterene\n|-damage|p1a: Hatterene|87\/100\n|\n|t:|1699658872\n|switch|p2a: Blacephalon|Blacephalon|100\/100|[from] Flip Turn\n|\n|-heal|p1a: Hatterene|93\/100|[from] item: Leftovers\n|upkeep\n|turn|7\n|c|\u2606sumi_re34|I just pressed buttons\n|\n|t:|1699658876\n|move|p2a: Blacephalon|Shadow Ball|p1a: Hatterene\n|-supereffective|p1a: Hatterene\n|-damage|p1a: Hatterene|0 fnt\n|faint|p1a: Hatterene\n|-ability|p2a: Blacephalon|Beast Boost|boost\n|-boost|p2a: Blacephalon|spa|1\n|\n|upkeep\n|\n|t:|1699658883\n|switch|p1a: Bronzong|Bronzong|100\/100\n|turn|8\n|c|\u2606UltraSwagGaming|beesh booosht!!\n|\n|t:|1699658890\n|move|p2a: Blacephalon|Shadow Ball|p1a: Bronzong\n|-supereffective|p1a: Bronzong\n|-damage|p1a: Bronzong|0 fnt\n|faint|p1a: Bronzong\n|-ability|p2a: Blacephalon|Beast Boost|boost\n|-boost|p2a: Blacephalon|spa|1\n|\n|upkeep\n|c|\u2606UltraSwagGaming|beesh booosht!!\n|\n|t:|1699658898\n|switch|p1a: Ursaluna|Ursaluna, M|82\/100 brn\n|turn|9\n|\n|t:|1699658904\n|switch|p2a: Alomomola|Alomomola, M|63\/100\n|move|p1a: Ursaluna|Crunch|p2a: Alomomola\n|-damage|p2a: Alomomola|39\/100\n|\n|-damage|p1a: Ursaluna|75\/100 brn|[from] brn\n|upkeep\n|turn|10\n|\n|t:|1699658910\n|switch|p1a: Toedscruel|Toedscruel, F|100\/100\n|move|p2a: Alomomola|Flip Turn|p1a: Toedscruel\n|-damage|p1a: Toedscruel|82\/100\n|c|\u2606UltraSwagGaming|hey\n|c|\u2606UltraSwagGaming|hey\n|c|\u2606sumi_re34|what\n|c|\u2606UltraSwagGaming|hey apple\n|\n|t:|1699658921\n|switch|p2a: Blacephalon|Blacephalon|100\/100|[from] Flip Turn\n|\n|-heal|p1a: Toedscruel|88\/100|[from] item: Leftovers\n|upkeep\n|turn|11\n|c|\u2606sumi_re34|no\n|\n|t:|1699658930\n|move|p2a: Blacephalon|Flamethrower|p1a: Toedscruel\n|-supereffective|p1a: Toedscruel\n|-damage|p1a: Toedscruel|0 fnt\n|faint|p1a: Toedscruel\n|-ability|p2a: Blacephalon|Beast Boost|boost\n|-boost|p2a: Blacephalon|spa|1\n|\n|upkeep\n|\n|t:|1699658934\n|switch|p1a: Iron Hands|Iron Hands|100\/100\n|-enditem|p1a: Iron Hands|Booster Energy\n|-activate|p1a: Iron Hands|ability: Quark Drive|[fromitem]\n|-start|p1a: Iron Hands|quarkdriveatk\n|turn|12\n|\n|t:|1699658940\n|switch|p2a: Gliscor|Gliscor, M|100\/100 tox\n|move|p1a: Iron Hands|Earthquake|p2a: Gliscor\n|-immune|p2a: Gliscor\n|\n|upkeep\n|turn|13\n|c|\u2606sumi_re34|theres nothing I can do\n|c|\u2606sumi_re34|or\n|c|\u2606UltraSwagGaming|there's always a way....\n|\n|t:|1699658953\n|switch|p2a: Alomomola|Alomomola, M|73\/100\n|move|p1a: Iron Hands|Ice Punch|p2a: Alomomola\n|-resisted|p2a: Alomomola\n|-damage|p2a: Alomomola|62\/100\n|\n|upkeep\n|turn|14\n|\n|t:|1699658967\n|move|p2a: Alomomola|Protect|p2a: Alomomola\n|-singleturn|p2a: Alomomola|Protect\n|move|p1a: Iron Hands|Earthquake|p2a: Alomomola\n|-activate|p2a: Alomomola|move: Protect\n|\n|upkeep\n|turn|15\n|\n|t:|1699658970\n|-end|p1a: Iron Hands|Quark Drive|[silent]\n|switch|p1a: Ursaluna|Ursaluna, M|75\/100 brn\n|move|p2a: Alomomola|Flip Turn|p1a: Ursaluna\n|-supereffective|p1a: Ursaluna\n|-damage|p1a: Ursaluna|53\/100 brn\n|\n|t:|1699658996\n|switch|p2a: Samurott|Samurott-Hisui, M|100\/100|[from] Flip Turn\n|\n|-damage|p1a: Ursaluna|47\/100 brn|[from] brn\n|upkeep\n|turn|16\n|\n|t:|1699659002\n|move|p2a: Samurott|Aqua Cutter|p1a: Ursaluna\n|-supereffective|p1a: Ursaluna\n|-damage|p1a: Ursaluna|0 fnt\n|faint|p1a: Ursaluna\n|\n|upkeep\n|\n|t:|1699659005\n|switch|p1a: Enamorus|Enamorus-Therian, F|100\/100\n|turn|17\n|\n|t:|1699659010\n|switch|p2a: Heatran|Heatran, M|100\/100\n|move|p1a: Enamorus|Moonblast|p2a: Heatran\n|-resisted|p2a: Heatran\n|-damage|p2a: Heatran|90\/100\n|-damage|p1a: Enamorus|91\/100|[from] item: Life Orb\n|\n|-heal|p2a: Heatran|96\/100|[from] item: Leftovers\n|upkeep\n|turn|18\n|\n|t:|1699659014\n|move|p2a: Heatran|Lava Plume|p1a: Enamorus\n|-damage|p1a: Enamorus|55\/100\n|-status|p1a: Enamorus|brn\n|move|p1a: Enamorus|Earth Power|p2a: Heatran\n|-supereffective|p2a: Heatran\n|-damage|p2a: Heatran|0 fnt\n|faint|p2a: Heatran\n|-damage|p1a: Enamorus|45\/100 brn|[from] item: Life Orb\n|\n|-damage|p1a: Enamorus|39\/100 brn|[from] brn\n|upkeep\n|\n|t:|1699659019\n|switch|p2a: Blacephalon|Blacephalon|100\/100\n|turn|19\n|\n|t:|1699659023\n|move|p2a: Blacephalon|Flamethrower|p1a: Enamorus\n|-damage|p1a: Enamorus|0 fnt\n|faint|p1a: Enamorus\n|-ability|p2a: Blacephalon|Beast Boost|boost\n|-boost|p2a: Blacephalon|spa|1\n|\n|upkeep\n|c|\u2606UltraSwagGaming|the ravaging\n|\n|t:|1699659026\n|switch|p1a: Iron Hands|Iron Hands|100\/100\n|turn|20\n|\n|t:|1699659031\n|move|p2a: Blacephalon|Flamethrower|p1a: Iron Hands\n|-damage|p1a: Iron Hands|0 fnt\n|faint|p1a: Iron Hands\n|-end|p1a: Iron Hands|Quark Drive|[silent]\n|\n|win|UltraSwagGaming\n|c|\u2606sumi_re34|gg\n|c|\u2606UltraSwagGaming|ggs\n","uploadtime":1699659039,"views":4,"p1id":"sumire34","p2id":"ultraswaggaming","formatid":"gen9nationaldex","rating":0,"private":0,"password":""}