{"id":"gen9nationaldex-1992378718","p1":"RiouruK","p2":"SebasTrainer2461","format":"[Gen 9] National Dex","log":"|j|\u2606RiouruK\n|j|\u2606SebasTrainer2461\n|t:|1700180703\n|gametype|singles\n|player|p1|RiouruK|ghetsis|\n|player|p2|SebasTrainer2461|lucas|\n|teamsize|p1|6\n|teamsize|p2|6\n|gen|9\n|tier|[Gen 9] National Dex\n|rule|HP Percentage Mod: HP is shown in percentages\n|rule|Endless Battle Clause: Forcing endless battles is banned\n|rule|OHKO Clause: OHKO moves are banned\n|rule|Evasion Clause: Evasion abilities, items, and moves are banned\n|rule|Evasion Abilities Clause: Evasion abilities are banned\n|rule|Evasion Items Clause: Evasion items are banned\n|rule|Evasion Moves Clause: Evasion moves are banned\n|rule|Species Clause: Limit one of each Pok\u00e9mon\n|rule|Sleep Clause Mod: Limit one foe put to sleep\n|clearpoke\n|poke|p1|Kommo-o, F|\n|poke|p1|Iron Valiant|\n|poke|p1|Lopunny, F|\n|poke|p1|Blaziken, M|\n|poke|p1|Urshifu-*, F|\n|poke|p1|Great Tusk|\n|poke|p2|Charizard, M|\n|poke|p2|Gengar, M|\n|poke|p2|Gyarados, M|\n|poke|p2|Jolteon, M|\n|poke|p2|Dragonite, M|\n|poke|p2|Snorlax, M|\n|teampreview\n|\n|t:|1700180732\n|start\n|switch|p1a: Blaziken|Blaziken, M|100\/100\n|switch|p2a: Gyarados|Gyarados, M|100\/100\n|-ability|p2a: Gyarados|Intimidate|boost\n|-unboost|p1a: Blaziken|atk|1\n|turn|1\n|\n|t:|1700180745\n|switch|p1a: Lopunny|Lopunny, F, shiny|100\/100\n|move|p2a: Gyarados|Hyper Beam|p1a: Lopunny\n|-damage|p1a: Lopunny|68\/100\n|-mustrecharge|p2a: Gyarados\n|\n|upkeep\n|turn|2\n|\n|t:|1700180759\n|move|p1a: Lopunny|U-turn|p2a: Gyarados\n|-resisted|p2a: Gyarados\n|-damage|p2a: Gyarados|91\/100\n|\n|t:|1700180763\n|switch|p1a: Urshifu|Urshifu-Rapid-Strike, F|100\/100|[from] U-turn\n|cant|p2a: Gyarados|recharge\n|\n|upkeep\n|turn|3\n|\n|t:|1700180774\n|move|p1a: Urshifu|Thunder Punch|p2a: Gyarados\n|-supereffective|p2a: Gyarados\n|-damage|p2a: Gyarados|0 fnt\n|faint|p2a: Gyarados\n|\n|upkeep\n|\n|t:|1700180787\n|switch|p2a: Gengar|Gengar, M|100\/100\n|turn|4\n|\n|t:|1700180809\n|move|p1a: Urshifu|Surging Strikes|p2a: Gengar\n|-crit|p2a: Gengar\n|-damage|p2a: Gengar|63\/100\n|-crit|p2a: Gengar\n|-damage|p2a: Gengar|28\/100\n|-start|p1a: Urshifu|Disable|Surging Strikes|[from] ability: Cursed Body|[of] p2a: Gengar\n|-crit|p2a: Gengar\n|-damage|p2a: Gengar|0 fnt\n|faint|p2a: Gengar\n|-hitcount|p2: Gengar|3\n|\n|upkeep\n|\n|t:|1700180822\n|switch|p2a: Snorlax|Snorlax, M|100\/100\n|turn|5\n|\n|t:|1700180828\n|move|p1a: Urshifu|Swords Dance|p1a: Urshifu\n|-boost|p1a: Urshifu|atk|2\n|move|p2a: Snorlax|Blizzard|p1a: Urshifu\n|-resisted|p1a: Urshifu\n|-damage|p1a: Urshifu|85\/100\n|\n|upkeep\n|turn|6\n|\n|t:|1700180842\n|move|p1a: Urshifu|Close Combat|p2a: Snorlax\n|-supereffective|p2a: Snorlax\n|-damage|p2a: Snorlax|0 fnt\n|-unboost|p1a: Urshifu|def|1\n|-unboost|p1a: Urshifu|spd|1\n|faint|p2a: Snorlax\n|\n|upkeep\n|\n|t:|1700180851\n|switch|p2a: Jolteon|Jolteon, M|100\/100\n|turn|7\n|\n|t:|1700180873\n|move|p1a: Urshifu|Close Combat|p2a: Jolteon\n|-damage|p2a: Jolteon|0 fnt\n|-unboost|p1a: Urshifu|def|1\n|-unboost|p1a: Urshifu|spd|1\n|faint|p2a: Jolteon\n|\n|-end|p1a: Urshifu|Disable\n|upkeep\n|\n|t:|1700180885\n|switch|p2a: Dragonite|Dragonite, M|100\/100\n|turn|8\n|\n|t:|1700180895\n|move|p1a: Urshifu|Thunder Punch|p2a: Dragonite\n|-damage|p2a: Dragonite|46\/100\n|move|p2a: Dragonite|Draco Meteor|p1a: Urshifu\n|-damage|p1a: Urshifu|0 fnt\n|-unboost|p2a: Dragonite|spa|2\n|faint|p1a: Urshifu\n|\n|upkeep\n|\n|t:|1700180899\n|switch|p1a: Great Tusk|Great Tusk|100\/100\n|turn|9\n|\n|t:|1700180911\n|move|p1a: Great Tusk|Ice Spinner|p2a: Dragonite\n|-supereffective|p2a: Dragonite\n|-damage|p2a: Dragonite|0 fnt\n|faint|p2a: Dragonite\n|\n|upkeep\n|\n|t:|1700180919\n|switch|p2a: Charizard|Charizard, M|100\/100\n|turn|10\n|\n|t:|1700180928\n|move|p1a: Great Tusk|Ice Spinner|p2a: Charizard\n|-damage|p2a: Charizard|76\/100\n|move|p2a: Charizard|Flamethrower|p1a: Great Tusk\n|-damage|p1a: Great Tusk|43\/100\n|\n|-heal|p1a: Great Tusk|49\/100|[from] item: Leftovers\n|upkeep\n|turn|11\n|\n|t:|1700180940\n|move|p1a: Great Tusk|Rapid Spin|p2a: Charizard\n|-damage|p2a: Charizard|60\/100\n|-boost|p1a: Great Tusk|spe|1\n|move|p2a: Charizard|Fire Punch|p1a: Great Tusk\n|-damage|p1a: Great Tusk|31\/100\n|\n|-heal|p1a: Great Tusk|37\/100|[from] item: Leftovers\n|upkeep\n|turn|12\n|\n|t:|1700180951\n|move|p1a: Great Tusk|Rapid Spin|p2a: Charizard\n|-damage|p2a: Charizard|44\/100\n|-boost|p1a: Great Tusk|spe|1\n|move|p2a: Charizard|Flamethrower|p1a: Great Tusk\n|-damage|p1a: Great Tusk|0 fnt\n|faint|p1a: Great Tusk\n|-end|p1a: Great Tusk|Protosynthesis|[silent]\n|\n|upkeep\n|\n|t:|1700180960\n|switch|p1a: We|Iron Valiant|100\/100\n|turn|13\n|\n|t:|1700180967\n|move|p1a: We|Thunderbolt|p2a: Charizard\n|-supereffective|p2a: Charizard\n|-damage|p2a: Charizard|0 fnt\n|faint|p2a: Charizard\n|\n|win|RiouruK\n","uploadtime":1700180972,"views":8,"p1id":"riouruk","p2id":"sebastrainer2461","formatid":"gen9nationaldex","rating":0,"private":0,"password":""}