{"id":"gen9nationaldex-1992828744","p1":"bookwormboi","p2":"ryan_farhan","format":"[Gen 9] National Dex","log":"|j|\u2606bookwormboi\n|j|\u2606ryan_farhan\n|t:|1700239001\n|gametype|singles\n|player|p1|bookwormboi|red|1214\n|player|p2|ryan_farhan|1|1181\n|teamsize|p1|6\n|teamsize|p2|6\n|gen|9\n|tier|[Gen 9] National Dex\n|rated|\n|rule|HP Percentage Mod: HP is shown in percentages\n|rule|Endless Battle Clause: Forcing endless battles is banned\n|rule|OHKO Clause: OHKO moves are banned\n|rule|Evasion Clause: Evasion abilities, items, and moves are banned\n|rule|Evasion Abilities Clause: Evasion abilities are banned\n|rule|Evasion Items Clause: Evasion items are banned\n|rule|Evasion Moves Clause: Evasion moves are banned\n|rule|Species Clause: Limit one of each Pok\u00e9mon\n|rule|Sleep Clause Mod: Limit one foe put to sleep\n|clearpoke\n|poke|p1|Pelipper, M|\n|poke|p1|Urshifu-*, F|\n|poke|p1|Araquanid, F|\n|poke|p1|Rotom-Wash|\n|poke|p1|Inteleon, F|\n|poke|p1|Barraskewda, F|\n|poke|p2|Pikachu, M|\n|poke|p2|Bulbasaur, M|\n|poke|p2|Squirtle, M|\n|poke|p2|Charizard, M|\n|poke|p2|Lapras, M|\n|poke|p2|Snorlax, F|\n|teampreview\n|inactive|Battle timer is ON: inactive players will automatically lose when time's up. (requested by ryan_farhan)\n|\n|t:|1700239014\n|start\n|switch|p1a: Pelipper|Pelipper, M|100\/100\n|switch|p2a: Pikachu|Pikachu, M|100\/100\n|-weather|RainDance|[from] ability: Drizzle|[of] p1a: Pelipper\n|turn|1\n|c|\u2606ryan_farhan|Wanna challenge my water team?\n|\n|t:|1700239029\n|switch|p1a: Rotom|Rotom-Wash|100\/100\n|move|p2a: Pikachu|Thunderbolt|p1a: Rotom\n|-damage|p1a: Rotom|30\/100\n|\n|-weather|RainDance|[upkeep]\n|upkeep\n|turn|2\n|c|\u2606bookwormboi|not sure water on water would be fun\n|\n|t:|1700239042\n|move|p1a: Rotom|Hydro Pump|p2a: Pikachu\n|-damage|p2a: Pikachu|0 fnt\n|faint|p2a: Pikachu\n|\n|-weather|RainDance|[upkeep]\n|upkeep\n|c|\u2606ryan_farhan|Ok cool\n|\n|t:|1700239057\n|switch|p2a: Bulbasaur|Bulbasaur, M|100\/100\n|turn|3\n|c|\u2606bookwormboi|we can do one after this\n|\n|t:|1700239068\n|switch|p1a: Araquanid|Araquanid, F|100\/100\n|move|p2a: Bulbasaur|Giga Drain|p1a: Araquanid\n|-damage|p1a: Araquanid|80\/100\n|\n|-weather|RainDance|[upkeep]\n|-heal|p1a: Araquanid|86\/100|[from] item: Leftovers\n|upkeep\n|turn|4\n|\n|t:|1700239077\n|move|p2a: Bulbasaur|Leech Seed|p1a: Araquanid\n|-start|p1a: Araquanid|move: Leech Seed\n|move|p1a: Araquanid|Sticky Web|p2a: Bulbasaur\n|-sidestart|p2: ryan_farhan|move: Sticky Web\n|\n|-weather|RainDance|[upkeep]\n|-heal|p1a: Araquanid|93\/100|[from] item: Leftovers\n|-damage|p1a: Araquanid|80\/100|[from] Leech Seed|[of] p2a: Bulbasaur\n|upkeep\n|turn|5\n|\n|t:|1700239084\n|switch|p2a: Lapras|Lapras, M|100\/100\n|-activate|p2a: Lapras|move: Sticky Web\n|-unboost|p2a: Lapras|spe|1\n|move|p1a: Araquanid|Leech Life|p2a: Lapras\n|-damage|p2a: Lapras|82\/100\n|-heal|p1a: Araquanid|93\/100|[from] drain|[of] p2a: Lapras\n|\n|-weather|RainDance|[upkeep]\n|-heal|p1a: Araquanid|99\/100|[from] item: Leftovers\n|-heal|p2a: Lapras|88\/100|[from] item: Leftovers\n|-damage|p1a: Araquanid|87\/100|[from] Leech Seed|[of] p2a: Lapras\n|-heal|p2a: Lapras|97\/100|[silent]\n|upkeep\n|turn|6\n|\n|t:|1700239103\n|switch|p1a: Rotom|Rotom-Wash|30\/100\n|move|p2a: Lapras|Whirlpool|p1a: Rotom\n|-resisted|p1a: Rotom\n|-damage|p1a: Rotom|20\/100\n|-activate|p1a: Rotom|move: Whirlpool|[of] p2a: Lapras\n|\n|-weather|RainDance|[upkeep]\n|-heal|p2a: Lapras|100\/100|[from] item: Leftovers\n|-damage|p1a: Rotom|8\/100|[from] move: Whirlpool|[partiallytrapped]\n|upkeep\n|turn|7\n|\n|t:|1700239113\n|move|p2a: Lapras|Protect|p2a: Lapras\n|-singleturn|p2a: Lapras|Protect\n|move|p1a: Rotom|Thunder|p2a: Lapras\n|-activate|p2a: Lapras|move: Protect\n|\n|-weather|RainDance|[upkeep]\n|-damage|p1a: Rotom|0 fnt|[from] move: Whirlpool|[partiallytrapped]\n|faint|p1a: Rotom\n|upkeep\n|inactive|bookwormboi has 120 seconds left.\n|\n|t:|1700239134\n|switch|p1a: Araquanid|Araquanid, F|87\/100\n|turn|8\n|\n|t:|1700239145\n|move|p1a: Araquanid|Magic Coat|p1a: Araquanid\n|-singleturn|p1a: Araquanid|move: Magic Coat\n|move|p2a: Lapras|Perish Song|p2a: Lapras\n|-start|p1a: Araquanid|perish3|[silent]\n|-start|p2a: Lapras|perish3|[silent]\n|-fieldactivate|move: Perish Song\n|\n|-weather|none\n|-heal|p1a: Araquanid|93\/100|[from] item: Leftovers\n|-start|p1a: Araquanid|perish3\n|-start|p2a: Lapras|perish3\n|upkeep\n|turn|9\n|\n|t:|1700239154\n|switch|p1a: Pelipper|Pelipper, M|100\/100\n|-weather|RainDance|[from] ability: Drizzle|[of] p1a: Pelipper\n|move|p2a: Lapras|Whirlpool|p1a: Pelipper\n|-resisted|p1a: Pelipper\n|-damage|p1a: Pelipper|90\/100\n|-activate|p1a: Pelipper|move: Whirlpool|[of] p2a: Lapras\n|\n|-weather|RainDance|[upkeep]\n|-damage|p1a: Pelipper|78\/100|[from] move: Whirlpool|[partiallytrapped]\n|-start|p2a: Lapras|perish2\n|upkeep\n|turn|10\n|\n|t:|1700239166\n|move|p1a: Pelipper|Hurricane|p2a: Lapras\n|-damage|p2a: Lapras|73\/100\n|move|p2a: Lapras|Freeze-Dry|p1a: Pelipper\n|-supereffective|p1a: Pelipper\n|-damage|p1a: Pelipper|0 fnt\n|faint|p1a: Pelipper\n|\n|-weather|RainDance|[upkeep]\n|-heal|p2a: Lapras|79\/100|[from] item: Leftovers\n|-start|p2a: Lapras|perish1\n|upkeep\n|\n|t:|1700239184\n|switch|p1a: Barraskewda|Barraskewda, F|100\/100\n|turn|11\n|\n|t:|1700239187\n|switch|p2a: Bulbasaur|Bulbasaur, M|100\/100\n|-activate|p2a: Bulbasaur|move: Sticky Web\n|-unboost|p2a: Bulbasaur|spe|1\n|move|p1a: Barraskewda|Close Combat|p2a: Bulbasaur\n|-resisted|p2a: Bulbasaur\n|-damage|p2a: Bulbasaur|62\/100\n|-unboost|p1a: Barraskewda|def|1\n|-unboost|p1a: Barraskewda|spd|1\n|-damage|p1a: Barraskewda|91\/100|[from] item: Life Orb\n|\n|-weather|RainDance|[upkeep]\n|upkeep\n|turn|12\n|\n|t:|1700239200\n|move|p1a: Barraskewda|Drill Run|p2a: Bulbasaur\n|-damage|p2a: Bulbasaur|7\/100\n|-damage|p1a: Barraskewda|81\/100|[from] item: Life Orb\n|move|p2a: Bulbasaur|Giga Drain|p1a: Barraskewda\n|-supereffective|p1a: Barraskewda\n|-crit|p1a: Barraskewda\n|-damage|p1a: Barraskewda|0 fnt\n|-heal|p2a: Bulbasaur|43\/100|[from] drain|[of] p1a: Barraskewda\n|faint|p1a: Barraskewda\n|\n|-weather|RainDance|[upkeep]\n|upkeep\n|\n|t:|1700239212\n|switch|p1a: Inteleon|Inteleon, F|100\/100\n|turn|13\n|\n|t:|1700239216\n|move|p1a: Inteleon|Air Slash|p2a: Bulbasaur\n|-supereffective|p2a: Bulbasaur\n|-damage|p2a: Bulbasaur|0 fnt\n|faint|p2a: Bulbasaur\n|\n|-weather|RainDance|[upkeep]\n|upkeep\n|\n|t:|1700239223\n|switch|p2a: Squirtle|Squirtle, M|100\/100\n|-activate|p2a: Squirtle|move: Sticky Web\n|-unboost|p2a: Squirtle|spe|1\n|turn|14\n|\n|t:|1700239231\n|move|p1a: Inteleon|Air Slash|p2a: Squirtle\n|-damage|p2a: Squirtle|70\/100\n|cant|p2a: Squirtle|flinch\n|\n|-weather|RainDance|[upkeep]\n|-heal|p2a: Squirtle|76\/100|[from] ability: Rain Dish\n|upkeep\n|turn|15\n|\n|t:|1700239239\n|switch|p1a: Araquanid|Araquanid, F|93\/100\n|move|p2a: Squirtle|Rapid Spin|p1a: Araquanid\n|-damage|p1a: Araquanid|85\/100\n|-boost|p2a: Squirtle|spe|1\n|-sideend|p2: ryan_farhan|Sticky Web|[from] move: Rapid Spin|[of] p2a: Squirtle\n|\n|-weather|RainDance|[upkeep]\n|-heal|p2a: Squirtle|82\/100|[from] ability: Rain Dish\n|-heal|p1a: Araquanid|92\/100|[from] item: Leftovers\n|upkeep\n|turn|16\n|\n|t:|1700239254\n|switch|p2a: Charizard|Charizard, M|100\/100\n|move|p1a: Araquanid|Liquidation|p2a: Charizard\n|-supereffective|p2a: Charizard\n|-damage|p2a: Charizard|0 fnt\n|faint|p2a: Charizard\n|\n|-weather|none\n|-heal|p1a: Araquanid|98\/100|[from] item: Leftovers\n|upkeep\n|\n|t:|1700239264\n|switch|p2a: Lapras|Lapras, M|79\/100\n|turn|17\n|\n|t:|1700239270\n|move|p1a: Araquanid|Magic Coat|p1a: Araquanid\n|-singleturn|p1a: Araquanid|move: Magic Coat\n|move|p2a: Lapras|Freeze-Dry|p1a: Araquanid\n|-supereffective|p1a: Araquanid\n|-damage|p1a: Araquanid|64\/100\n|-status|p1a: Araquanid|frz\n|\n|-heal|p2a: Lapras|86\/100|[from] item: Leftovers\n|-heal|p1a: Araquanid|70\/100 frz|[from] item: Leftovers\n|upkeep\n|turn|18\n|\n|t:|1700239286\n|move|p2a: Lapras|Whirlpool|p1a: Araquanid\n|-resisted|p1a: Araquanid\n|-damage|p1a: Araquanid|66\/100 frz\n|-activate|p1a: Araquanid|move: Whirlpool|[of] p2a: Lapras\n|cant|p1a: Araquanid|frz\n|\n|-heal|p2a: Lapras|92\/100|[from] item: Leftovers\n|-heal|p1a: Araquanid|72\/100 frz|[from] item: Leftovers\n|-damage|p1a: Araquanid|60\/100 frz|[from] move: Whirlpool|[partiallytrapped]\n|upkeep\n|turn|19\n|\n|t:|1700239296\n|move|p2a: Lapras|Perish Song|p2a: Lapras\n|-start|p1a: Araquanid|perish3|[silent]\n|-start|p2a: Lapras|perish3|[silent]\n|-fieldactivate|move: Perish Song\n|cant|p1a: Araquanid|frz\n|\n|-heal|p2a: Lapras|98\/100|[from] item: Leftovers\n|-heal|p1a: Araquanid|66\/100 frz|[from] item: Leftovers\n|-damage|p1a: Araquanid|54\/100 frz|[from] move: Whirlpool|[partiallytrapped]\n|-start|p2a: Lapras|perish3\n|-start|p1a: Araquanid|perish3\n|upkeep\n|turn|20\n|\n|t:|1700239307\n|move|p2a: Lapras|Freeze-Dry|p1a: Araquanid\n|-supereffective|p1a: Araquanid\n|-damage|p1a: Araquanid|18\/100 frz\n|-curestatus|p1a: Araquanid|frz|[msg]\n|move|p1a: Araquanid|Leech Life|p2a: Lapras\n|-damage|p2a: Lapras|80\/100\n|-heal|p1a: Araquanid|31\/100|[from] drain|[of] p2a: Lapras\n|\n|-heal|p2a: Lapras|86\/100|[from] item: Leftovers\n|-heal|p1a: Araquanid|37\/100|[from] item: Leftovers\n|-damage|p1a: Araquanid|25\/100|[from] move: Whirlpool|[partiallytrapped]\n|-start|p2a: Lapras|perish2\n|-start|p1a: Araquanid|perish2\n|upkeep\n|turn|21\n|\n|t:|1700239322\n|move|p2a: Lapras|Protect|p2a: Lapras\n|-singleturn|p2a: Lapras|Protect\n|move|p1a: Araquanid|Leech Life|p2a: Lapras\n|-activate|p2a: Lapras|move: Protect\n|\n|-heal|p2a: Lapras|92\/100|[from] item: Leftovers\n|-heal|p1a: Araquanid|31\/100|[from] item: Leftovers\n|-damage|p1a: Araquanid|19\/100|[from] move: Whirlpool|[partiallytrapped]\n|-start|p2a: Lapras|perish1\n|-start|p1a: Araquanid|perish1\n|upkeep\n|turn|22\n|\n|t:|1700239336\n|switch|p2a: Squirtle|Squirtle, M|82\/100\n|move|p1a: Araquanid|Liquidation|p2a: Squirtle\n|-resisted|p2a: Squirtle\n|-damage|p2a: Squirtle|60\/100\n|\n|-heal|p1a: Araquanid|25\/100|[from] item: Leftovers\n|-end|p1a: Araquanid|Whirlpool|[partiallytrapped]\n|-start|p1a: Araquanid|perish0\n|upkeep\n|faint|p1a: Araquanid\n|\n|t:|1700239346\n|switch|p1a: Urshifu|Urshifu-Rapid-Strike, F|100\/100\n|turn|23\n|\n|t:|1700239353\n|move|p1a: Urshifu|Close Combat|p2a: Squirtle\n|-crit|p2a: Squirtle\n|-damage|p2a: Squirtle|0 fnt\n|-unboost|p1a: Urshifu|def|1\n|-unboost|p1a: Urshifu|spd|1\n|faint|p2a: Squirtle\n|\n|upkeep\n|\n|t:|1700239360\n|switch|p2a: Snorlax|Snorlax, F|100\/100\n|turn|24\n|\n|t:|1700239367\n|-terastallize|p2a: Snorlax|Poison\n|move|p1a: Urshifu|Close Combat|p2a: Snorlax\n|-resisted|p2a: Snorlax\n|-damage|p2a: Snorlax|82\/100\n|-unboost|p1a: Urshifu|def|1\n|-unboost|p1a: Urshifu|spd|1\n|move|p2a: Snorlax|Earthquake|p1a: Urshifu\n|-damage|p1a: Urshifu|54\/100\n|\n|upkeep\n|turn|25\n|\n|t:|1700239377\n|switch|p1a: Inteleon|Inteleon, F|100\/100\n|move|p2a: Snorlax|Curse|p2a: Snorlax\n|-unboost|p2a: Snorlax|spe|1\n|-boost|p2a: Snorlax|atk|1\n|-boost|p2a: Snorlax|def|1\n|\n|upkeep\n|turn|26\n|\n|t:|1700239386\n|move|p1a: Inteleon|Snipe Shot|p2a: Snorlax\n|-crit|p2a: Snorlax\n|-damage|p2a: Snorlax|28\/100\n|-enditem|p2a: Snorlax|Aguav Berry|[eat]\n|-heal|p2a: Snorlax|61\/100|[from] item: Aguav Berry\n|move|p2a: Snorlax|Earthquake|p1a: Inteleon\n|-damage|p1a: Inteleon|39\/100\n|\n|upkeep\n|turn|27\n|\n|t:|1700239395\n|switch|p2a: Lapras|Lapras, M|92\/100\n|-terastallize|p1a: Inteleon|Flying\n|move|p1a: Inteleon|Snipe Shot|p2a: Lapras\n|-heal|p2a: Lapras|100\/100|[from] ability: Water Absorb|[of] p1a: Inteleon\n|\n|upkeep\n|turn|28\n|\n|t:|1700239405\n|move|p1a: Inteleon|Air Slash|p2a: Lapras\n|-crit|p2a: Lapras\n|-damage|p2a: Lapras|35\/100\n|move|p2a: Lapras|Freeze-Dry|p1a: Inteleon\n|-supereffective|p1a: Inteleon\n|-damage|p1a: Inteleon|0 fnt\n|faint|p1a: Inteleon\n|\n|-heal|p2a: Lapras|41\/100|[from] item: Leftovers\n|upkeep\n|\n|t:|1700239414\n|switch|p1a: Urshifu|Urshifu-Rapid-Strike, F|54\/100\n|turn|29\n|\n|t:|1700239418\n|move|p2a: Lapras|Protect|p2a: Lapras\n|-singleturn|p2a: Lapras|Protect\n|move|p1a: Urshifu|Close Combat|p2a: Lapras\n|-supereffective|p2a: Lapras\n|-damage|p2a: Lapras|0 fnt\n|-unboost|p1a: Urshifu|def|1\n|-unboost|p1a: Urshifu|spd|1\n|faint|p2a: Lapras\n|\n|upkeep\n|\n|t:|1700239427\n|switch|p2a: Snorlax|Snorlax, F, tera:Poison|61\/100\n|turn|30\n|\n|t:|1700239431\n|-zpower|p1a: Urshifu\n|move|p1a: Urshifu|Hydro Vortex|p2a: Snorlax|[zeffect]\n|-damage|p2a: Snorlax|20\/100\n|move|p2a: Snorlax|Recycle|p2a: Snorlax\n|-item|p2a: Snorlax|Aguav Berry|[from] move: Recycle\n|-enditem|p2a: Snorlax|Aguav Berry|[eat]\n|-heal|p2a: Snorlax|53\/100|[from] item: Aguav Berry\n|\n|upkeep\n|turn|31\n|\n|t:|1700239442\n|move|p1a: Urshifu|Surging Strikes|p2a: Snorlax\n|-crit|p2a: Snorlax\n|-damage|p2a: Snorlax|41\/100\n|-crit|p2a: Snorlax\n|-damage|p2a: Snorlax|28\/100\n|-crit|p2a: Snorlax\n|-damage|p2a: Snorlax|15\/100\n|-hitcount|p2a: Snorlax|3\n|move|p2a: Snorlax|Recycle|p2a: Snorlax\n|-item|p2a: Snorlax|Aguav Berry|[from] move: Recycle\n|-enditem|p2a: Snorlax|Aguav Berry|[eat]\n|-heal|p2a: Snorlax|48\/100|[from] item: Aguav Berry\n|\n|upkeep\n|turn|32\n|\n|t:|1700239455\n|move|p1a: Urshifu|Surging Strikes|p2a: Snorlax\n|-crit|p2a: Snorlax\n|-damage|p2a: Snorlax|35\/100\n|-crit|p2a: Snorlax\n|-damage|p2a: Snorlax|23\/100\n|-crit|p2a: Snorlax\n|-damage|p2a: Snorlax|10\/100\n|-hitcount|p2a: Snorlax|3\n|move|p2a: Snorlax|Recycle|p2a: Snorlax\n|-item|p2a: Snorlax|Aguav Berry|[from] move: Recycle\n|-enditem|p2a: Snorlax|Aguav Berry|[eat]\n|-heal|p2a: Snorlax|43\/100|[from] item: Aguav Berry\n|\n|upkeep\n|turn|33\n|\n|t:|1700239466\n|move|p1a: Urshifu|Surging Strikes|p2a: Snorlax\n|-crit|p2a: Snorlax\n|-damage|p2a: Snorlax|30\/100\n|-crit|p2a: Snorlax\n|-damage|p2a: Snorlax|17\/100\n|-crit|p2a: Snorlax\n|-damage|p2a: Snorlax|5\/100\n|-hitcount|p2a: Snorlax|3\n|move|p2a: Snorlax|Earthquake|p1a: Urshifu\n|-damage|p1a: Urshifu|15\/100\n|\n|upkeep\n|turn|34\n|\n|t:|1700239476\n|move|p1a: Urshifu|Surging Strikes|p2a: Snorlax\n|-crit|p2a: Snorlax\n|-damage|p2a: Snorlax|0 fnt\n|faint|p2a: Snorlax\n|-hitcount|p2: Snorlax|1\n|\n|win|bookwormboi\n|raw|bookwormboi's rating: 1214 &rarr; <strong>1237<\/strong><br \/>(+23 for winning)\n|raw|ryan_farhan's rating: 1181 &rarr; <strong>1158<\/strong><br \/>(-23 for losing)\n|l|\u2606bookwormboi\n|c|\u2606ryan_farhan|Gg\n","uploadtime":1700239489,"views":10,"p1id":"bookwormboi","p2id":"ryanfarhan","formatid":"gen9nationaldex","rating":1158,"private":0,"password":""}