{"id":"gen9nationaldex-1992114583","p1":"Vekotj","p2":"MatMerguez","format":"[Gen 9] National Dex","log":"|j|\u2606Vekotj\n|j|\u2606MatMerguez\n|t:|1700156286\n|gametype|singles\n|player|p1|Vekotj|ghetsis-gen5bw|\n|player|p2|MatMerguez|marshal|\n|teamsize|p1|6\n|teamsize|p2|6\n|gen|9\n|tier|[Gen 9] National Dex\n|rule|HP Percentage Mod: HP is shown in percentages\n|rule|Endless Battle Clause: Forcing endless battles is banned\n|rule|OHKO Clause: OHKO moves are banned\n|rule|Evasion Clause: Evasion abilities, items, and moves are banned\n|rule|Evasion Abilities Clause: Evasion abilities are banned\n|rule|Evasion Items Clause: Evasion items are banned\n|rule|Evasion Moves Clause: Evasion moves are banned\n|rule|Species Clause: Limit one of each Pok\u00e9mon\n|rule|Sleep Clause Mod: Limit one foe put to sleep\n|clearpoke\n|poke|p1|Deoxys-Defense|\n|poke|p1|Slowbro-Galar, M|\n|poke|p1|Chansey, F|\n|poke|p1|Pyukumuku, F|\n|poke|p1|Sableye, F|\n|poke|p1|Gastrodon, F|\n|poke|p2|Sableye, F|\n|poke|p2|Garganacl, M|\n|poke|p2|Blissey, F|\n|poke|p2|Corviknight, M|\n|poke|p2|Clodsire, M|\n|poke|p2|Dondozo, M|\n|teampreview\n|inactive|Battle timer is ON: inactive players will automatically lose when time's up. (requested by Vekotj)\n|\n|t:|1700156299\n|start\n|switch|p1a: Deoxys|Deoxys-Defense|100\/100\n|switch|p2a: Sableye|Sableye, F, shiny|100\/100\n|-ability|p1a: Deoxys|Pressure\n|turn|1\n|\n|t:|1700156306\n|detailschange|p2a: Sableye|Sableye-Mega, F, shiny\n|-mega|p2a: Sableye|Sableye|Sablenite\n|move|p1a: Deoxys|Stealth Rock|p2a: Sableye\n|move|p2a: Sableye|Stealth Rock|p1a: Deoxys|[from]ability: Magic Bounce\n|-sidestart|p1: Vekotj|move: Stealth Rock\n|move|p2a: Sableye|Knock Off|p1a: Deoxys\n|-supereffective|p1a: Deoxys\n|-damage|p1a: Deoxys|41\/100\n|-enditem|p1a: Deoxys|Life Orb|[from] move: Knock Off|[of] p2a: Sableye\n|\n|upkeep\n|turn|2\n|\n|t:|1700156315\n|move|p1a: Deoxys|Nasty Plot|p1a: Deoxys\n|-boost|p1a: Deoxys|spa|2\n|move|p2a: Sableye|Knock Off|p1a: Deoxys\n|-supereffective|p1a: Deoxys\n|-damage|p1a: Deoxys|3\/100\n|\n|upkeep\n|turn|3\n|\n|t:|1700156323\n|move|p1a: Deoxys|Psycho Boost|p2a: Sableye\n|-immune|p2a: Sableye\n|move|p2a: Sableye|Knock Off|p1a: Deoxys\n|-supereffective|p1a: Deoxys\n|-damage|p1a: Deoxys|0 fnt\n|faint|p1a: Deoxys\n|\n|upkeep\n|\n|t:|1700156340\n|switch|p1a: Sableye|Sableye, F|100\/100\n|-damage|p1a: Sableye|88\/100|[from] Stealth Rock\n|turn|4\n|\n|t:|1700156349\n|move|p1a: Sableye|Poltergeist|p2a: Sableye\n|-activate|p2a: Sableye|move: Poltergeist|Sablenite\n|-damage|p2a: Sableye|34\/100\n|move|p2a: Sableye|Knock Off|p1a: Sableye\n|-damage|p1a: Sableye|45\/100\n|-enditem|p1a: Sableye|Choice Band|[from] move: Knock Off|[of] p2a: Sableye\n|\n|upkeep\n|turn|5\n|\n|t:|1700156363\n|switch|p2a: Blissey|Blissey, F|100\/100\n|move|p1a: Sableye|Knock Off|p2a: Blissey\n|-damage|p2a: Blissey|66\/100\n|-enditem|p2a: Blissey|Heavy-Duty Boots|[from] move: Knock Off|[of] p1a: Sableye\n|\n|upkeep\n|turn|6\n|\n|t:|1700156375\n|switch|p1a: Chansey|Chansey, F|100\/100\n|-damage|p1a: Chansey|88\/100|[from] Stealth Rock\n|move|p2a: Blissey|Toxic|p1a: Chansey\n|-status|p1a: Chansey|tox\n|\n|-damage|p1a: Chansey|82\/100 tox|[from] psn\n|upkeep\n|turn|7\n|\n|t:|1700156383\n|move|p2a: Blissey|Soft-Boiled|p2a: Blissey\n|-heal|p2a: Blissey|100\/100\n|move|p1a: Chansey|Power-Up Punch|p2a: Blissey\n|-supereffective|p2a: Blissey\n|-damage|p2a: Blissey|93\/100\n|-boost|p1a: Chansey|atk|1\n|\n|-damage|p1a: Chansey|69\/100 tox|[from] psn\n|upkeep\n|turn|8\n|\n|t:|1700156393\n|move|p2a: Blissey|Seismic Toss|p1a: Chansey\n|-damage|p1a: Chansey|54\/100 tox\n|move|p1a: Chansey|Power-Up Punch|p2a: Blissey\n|-supereffective|p2a: Blissey\n|-damage|p2a: Blissey|79\/100\n|-boost|p1a: Chansey|atk|1\n|\n|-damage|p1a: Chansey|35\/100 tox|[from] psn\n|upkeep\n|turn|9\n|\n|t:|1700156403\n|move|p2a: Blissey|Seismic Toss|p1a: Chansey\n|-damage|p1a: Chansey|19\/100 tox\n|move|p1a: Chansey|Ice Punch|p2a: Blissey\n|-crit|p2a: Blissey\n|-damage|p2a: Blissey|58\/100\n|\n|-damage|p1a: Chansey|0 fnt|[from] psn\n|faint|p1a: Chansey\n|upkeep\n|\n|t:|1700156416\n|switch|p1a: Pyukumuku|Pyukumuku, F|100\/100\n|-damage|p1a: Pyukumuku|88\/100|[from] Stealth Rock\n|turn|10\n|\n|t:|1700156422\n|move|p2a: Blissey|Soft-Boiled|p2a: Blissey\n|-heal|p2a: Blissey|100\/100\n|move|p1a: Pyukumuku|Reflect|p1a: Pyukumuku\n|-sidestart|p1: Vekotj|Reflect\n|\n|upkeep\n|turn|11\n|\n|t:|1700156426\n|move|p2a: Blissey|Toxic|p1a: Pyukumuku|[miss]\n|-miss|p2a: Blissey|p1a: Pyukumuku\n|move|p1a: Pyukumuku|Light Screen|p1a: Pyukumuku\n|-sidestart|p1: Vekotj|move: Light Screen\n|\n|upkeep\n|turn|12\n|\n|t:|1700156432\n|move|p2a: Blissey|Toxic|p1a: Pyukumuku\n|-status|p1a: Pyukumuku|tox\n|move|p1a: Pyukumuku|Taunt|p2a: Blissey\n|-start|p2a: Blissey|move: Taunt\n|\n|-damage|p1a: Pyukumuku|82\/100 tox|[from] psn\n|upkeep\n|turn|13\n|\n|t:|1700156438\n|move|p2a: Blissey|Seismic Toss|p1a: Pyukumuku\n|-damage|p1a: Pyukumuku|50\/100 tox\n|move|p1a: Pyukumuku|Memento|p2a: Blissey\n|-unboost|p2a: Blissey|atk|2\n|-unboost|p2a: Blissey|spa|2\n|faint|p1a: Pyukumuku\n|\n|upkeep\n|\n|t:|1700156447\n|switch|p1a: Sableye|Sableye, F|45\/100\n|-damage|p1a: Sableye|33\/100|[from] Stealth Rock\n|turn|14\n|\n|t:|1700156461\n|switch|p2a: Sableye|Sableye-Mega, F, shiny|34\/100\n|move|p1a: Sableye|Knock Off|p2a: Sableye\n|-damage|p2a: Sableye|10\/100\n|\n|upkeep\n|turn|15\n|\n|t:|1700156467\n|move|p2a: Sableye|Protect|p2a: Sableye\n|-singleturn|p2a: Sableye|Protect\n|move|p1a: Sableye|Knock Off|p2a: Sableye\n|-activate|p2a: Sableye|move: Protect\n|\n|upkeep\n|turn|16\n|\n|t:|1700156472\n|move|p1a: Sableye|Knock Off|p2a: Sableye\n|-crit|p2a: Sableye\n|-damage|p2a: Sableye|0 fnt\n|faint|p2a: Sableye\n|\n|upkeep\n|\n|t:|1700156482\n|switch|p2a: Dondozo|Dondozo, M|100\/100\n|turn|17\n|\n|t:|1700156486\n|move|p1a: Sableye|Trick|p2a: Dondozo\n|-activate|p1a: Sableye|move: Trick|[of] p2a: Dondozo\n|-enditem|p2a: Dondozo|Heavy-Duty Boots|[silent]|[from] move: Trick\n|-item|p1a: Sableye|Heavy-Duty Boots|[from] move: Trick\n|move|p2a: Dondozo|Curse|p2a: Dondozo\n|-unboost|p2a: Dondozo|spe|1\n|-boost|p2a: Dondozo|atk|1\n|-boost|p2a: Dondozo|def|1\n|\n|-sideend|p1: Vekotj|Reflect\n|upkeep\n|turn|18\n|\n|t:|1700156497\n|switch|p1a: Gastrodon|Gastrodon, F|100\/100\n|-damage|p1a: Gastrodon|94\/100|[from] Stealth Rock\n|move|p2a: Dondozo|Curse|p2a: Dondozo\n|-unboost|p2a: Dondozo|spe|1\n|-boost|p2a: Dondozo|atk|1\n|-boost|p2a: Dondozo|def|1\n|\n|-sideend|p1: Vekotj|move: Light Screen\n|upkeep\n|turn|19\n|\n|t:|1700156511\n|switch|p2a: Clodsire|Clodsire, M|100\/100\n|move|p1a: Gastrodon|Sludge Wave|p2a: Clodsire\n|-resisted|p2a: Clodsire\n|-damage|p2a: Clodsire|95\/100\n|\n|-heal|p2a: Clodsire|100\/100|[from] item: Leftovers\n|upkeep\n|turn|20\n|\n|t:|1700156526\n|switch|p1a: Sableye|Sableye, F|33\/100\n|move|p2a: Clodsire|Stealth Rock||[still]\n|-fail|p2a: Clodsire\n|\n|upkeep\n|turn|21\n|\n|t:|1700156534\n|move|p1a: Sableye|Trick|p2a: Clodsire\n|-activate|p1a: Sableye|move: Trick|[of] p2a: Clodsire\n|-item|p2a: Clodsire|Heavy-Duty Boots|[from] move: Trick\n|-item|p1a: Sableye|Leftovers|[from] move: Trick\n|move|p2a: Clodsire|Toxic|p1a: Sableye\n|-status|p1a: Sableye|tox\n|\n|-heal|p1a: Sableye|39\/100 tox|[from] item: Leftovers\n|-damage|p1a: Sableye|33\/100 tox|[from] psn\n|upkeep\n|turn|22\n|\n|t:|1700156545\n|move|p1a: Sableye|Poltergeist|p2a: Clodsire\n|-activate|p2a: Clodsire|move: Poltergeist|Heavy-Duty Boots\n|-damage|p2a: Clodsire|52\/100\n|move|p2a: Clodsire|Toxic|p1a: Sableye\n|-fail|p1a: Sableye|tox\n|\n|-heal|p1a: Sableye|39\/100 tox|[from] item: Leftovers\n|-damage|p1a: Sableye|26\/100 tox|[from] psn\n|upkeep\n|turn|23\n|\n|t:|1700156553\n|move|p1a: Sableye|Knock Off|p2a: Clodsire\n|-crit|p2a: Clodsire\n|-damage|p2a: Clodsire|0 fnt\n|-enditem|p2a: Clodsire|Heavy-Duty Boots|[from] move: Knock Off|[of] p1a: Sableye\n|faint|p2a: Clodsire\n|\n|-heal|p1a: Sableye|33\/100 tox|[from] item: Leftovers\n|-damage|p1a: Sableye|14\/100 tox|[from] psn\n|upkeep\n|\n|t:|1700156562\n|switch|p2a: Corviknight|Corviknight, M|100\/100\n|-ability|p2a: Corviknight|Pressure\n|turn|24\n|\n|t:|1700156570\n|move|p2a: Corviknight|U-turn|p1a: Sableye\n|-damage|p1a: Sableye|0 fnt\n|faint|p1a: Sableye\n|\n|t:|1700156576\n|switch|p2a: Dondozo|Dondozo, M|100\/100|[from] U-turn\n|\n|upkeep\n|\n|t:|1700156579\n|switch|p1a: Gastrodon|Gastrodon, F|94\/100\n|-damage|p1a: Gastrodon|88\/100|[from] Stealth Rock\n|turn|25\n|\n|t:|1700156586\n|-terastallize|p1a: Gastrodon|Water\n|move|p1a: Gastrodon|Hydro Pump|p2a: Dondozo\n|-resisted|p2a: Dondozo\n|-damage|p2a: Dondozo|55\/100\n|move|p2a: Dondozo|Curse|p2a: Dondozo\n|-unboost|p2a: Dondozo|spe|1\n|-boost|p2a: Dondozo|atk|1\n|-boost|p2a: Dondozo|def|1\n|\n|upkeep\n|turn|26\n|\n|t:|1700156595\n|move|p1a: Gastrodon|Hydro Pump|p2a: Dondozo|[miss]\n|-miss|p1a: Gastrodon|p2a: Dondozo\n|move|p2a: Dondozo|Rest|p2a: Dondozo\n|-status|p2a: Dondozo|slp|[from] move: Rest\n|-heal|p2a: Dondozo|100\/100 slp|[silent]\n|\n|upkeep\n|turn|27\n|\n|t:|1700156599\n|move|p1a: Gastrodon|Hydro Pump|p2a: Dondozo\n|-resisted|p2a: Dondozo\n|-damage|p2a: Dondozo|50\/100 slp\n|cant|p2a: Dondozo|slp\n|move|p2a: Dondozo|Sleep Talk|p2a: Dondozo\n|move|p2a: Dondozo|Rest||[from]move: Sleep Talk|[still]\n|-fail|p2a: Dondozo\n|\n|upkeep\n|turn|28\n|\n|t:|1700156606\n|switch|p2a: Blissey|Blissey, F|100\/100\n|move|p1a: Gastrodon|Hydro Pump|p2a: Blissey\n|-damage|p2a: Blissey|62\/100\n|\n|upkeep\n|turn|29\n|\n|t:|1700156616\n|switch|p1a: Slowbro|Slowbro-Galar, M|100\/100\n|move|p2a: Blissey|Soft-Boiled|p2a: Blissey\n|-heal|p2a: Blissey|100\/100\n|\n|upkeep\n|turn|30\n|\n|t:|1700156622\n|move|p2a: Blissey|Seismic Toss|p1a: Slowbro\n|-damage|p1a: Slowbro|75\/100\n|move|p1a: Slowbro|Nasty Plot|p1a: Slowbro\n|-boost|p1a: Slowbro|spa|2\n|\n|upkeep\n|turn|31\n|\n|t:|1700156629\n|move|p2a: Blissey|Seismic Toss|p1a: Slowbro\n|-damage|p1a: Slowbro|50\/100\n|move|p1a: Slowbro|Focus Blast|p2a: Blissey\n|-supereffective|p2a: Blissey\n|-damage|p2a: Blissey|45\/100\n|\n|upkeep\n|turn|32\n|-activate|p1a: Slowbro|ability: Quick Draw\n|\n|t:|1700156637\n|move|p1a: Slowbro|Focus Blast|p2a: Blissey\n|-supereffective|p2a: Blissey\n|-damage|p2a: Blissey|0 fnt\n|faint|p2a: Blissey\n|\n|upkeep\n|\n|t:|1700156642\n|switch|p2a: Garganacl|Garganacl, M|100\/100\n|turn|33\n|\n|t:|1700156647\n|move|p2a: Garganacl|Salt Cure|p1a: Slowbro\n|-damage|p1a: Slowbro|37\/100\n|-start|p1a: Slowbro|Salt Cure\n|move|p1a: Slowbro|Focus Blast|p2a: Garganacl\n|-supereffective|p2a: Garganacl\n|-damage|p2a: Garganacl|0 fnt\n|faint|p2a: Garganacl\n|\n|-damage|p1a: Slowbro|24\/100|[from] Salt Cure\n|upkeep\n|\n|t:|1700156654\n|switch|p2a: Dondozo|Dondozo, M|50\/100 slp\n|turn|34\n|\n|t:|1700156659\n|cant|p2a: Dondozo|slp\n|move|p2a: Dondozo|Sleep Talk|p2a: Dondozo\n|move|p2a: Dondozo|Liquidation|p1a: Slowbro|[from]move: Sleep Talk\n|-damage|p1a: Slowbro|0 fnt\n|faint|p1a: Slowbro\n|\n|upkeep\n|\n|t:|1700156664\n|switch|p1a: Gastrodon|Gastrodon, F, tera:Water|88\/100\n|-damage|p1a: Gastrodon|76\/100|[from] Stealth Rock\n|turn|35\n|\n|t:|1700156667\n|move|p1a: Gastrodon|Hydro Pump|p2a: Dondozo\n|-resisted|p2a: Dondozo\n|-damage|p2a: Dondozo|1\/100 slp\n|-curestatus|p2a: Dondozo|slp|[msg]\n|move|p2a: Dondozo|Rest|p2a: Dondozo\n|-status|p2a: Dondozo|slp|[from] move: Rest\n|-heal|p2a: Dondozo|100\/100 slp|[silent]\n|\n|upkeep\n|turn|36\n|\n|t:|1700156675\n|move|p1a: Gastrodon|Hydro Pump|p2a: Dondozo\n|-resisted|p2a: Dondozo\n|-damage|p2a: Dondozo|51\/100 slp\n|cant|p2a: Dondozo|slp\n|move|p2a: Dondozo|Sleep Talk|p2a: Dondozo\n|move|p2a: Dondozo|Curse|p2a: Dondozo|[from]move: Sleep Talk\n|-unboost|p2a: Dondozo|spe|1\n|-boost|p2a: Dondozo|atk|1\n|-boost|p2a: Dondozo|def|1\n|\n|upkeep\n|turn|37\n|\n|t:|1700156683\n|move|p1a: Gastrodon|Hydro Pump|p2a: Dondozo\n|-resisted|p2a: Dondozo\n|-damage|p2a: Dondozo|7\/100 slp\n|cant|p2a: Dondozo|slp\n|\n|upkeep\n|turn|38\n|\n|t:|1700156691\n|move|p1a: Gastrodon|Hydro Pump|p2a: Dondozo\n|-resisted|p2a: Dondozo\n|-damage|p2a: Dondozo|0 fnt\n|faint|p2a: Dondozo\n|\n|upkeep\n|\n|t:|1700156696\n|switch|p2a: Corviknight|Corviknight, M|100\/100\n|-ability|p2a: Corviknight|Pressure\n|turn|39\n|c|\u2606Vekotj|att\n|\n|t:|1700156723\n|move|p2a: Corviknight|Roost||[still]\n|-fail|p2a: Corviknight|heal\n|-activate|p1a: Gastrodon|move: Struggle\n|move|p1a: Gastrodon|Struggle|p2a: Corviknight\n|-damage|p2a: Corviknight|95\/100\n|-damage|p1a: Gastrodon|51\/100|[from] recoil\n|\n|-heal|p2a: Corviknight|100\/100|[from] item: Leftovers\n|upkeep\n|turn|40\n|\n|t:|1700156732\n|move|p2a: Corviknight|Body Press|p1a: Gastrodon\n|-damage|p1a: Gastrodon|21\/100\n|-activate|p1a: Gastrodon|move: Struggle\n|move|p1a: Gastrodon|Struggle|p2a: Corviknight\n|-damage|p2a: Corviknight|96\/100\n|-damage|p1a: Gastrodon|0 fnt|[from] recoil\n|faint|p1a: Gastrodon\n|\n|win|MatMerguez\n|l|\u2606Vekotj\n","uploadtime":1700156741,"views":6,"p1id":"vekotj","p2id":"matmerguez","formatid":"gen9nationaldex","rating":0,"private":0,"password":""}