{"id":"gen9nationaldex-1998934139","p1":"Endicurus Rage","p2":"BeeruhBeement","format":"[Gen 9] National Dex","log":"|html|<div class=\"broadcast-blue\"><strong>[Gen 9] National Dex is currently suspecting Sneasler! For information on how to participate check out the <a href=\"https:\/\/www.smogon.com\/forums\/threads\/sv-national-dex-suspect-8-just-dance.3731534\/\">suspect thread<\/a>.<\/strong><\/div>\n|j|\u2606Endicurus Rage\n|j|\u2606BeeruhBeement\n|t:|1701014890\n|gametype|singles\n|player|p1|Endicurus Rage|veteran|1171\n|player|p2|BeeruhBeement|burglar-gen2|1179\n|teamsize|p1|6\n|teamsize|p2|6\n|gen|9\n|tier|[Gen 9] National Dex\n|rated|\n|rule|HP Percentage Mod: HP is shown in percentages\n|rule|Endless Battle Clause: Forcing endless battles is banned\n|rule|OHKO Clause: OHKO moves are banned\n|rule|Evasion Clause: Evasion abilities, items, and moves are banned\n|rule|Evasion Abilities Clause: Evasion abilities are banned\n|rule|Evasion Items Clause: Evasion items are banned\n|rule|Evasion Moves Clause: Evasion moves are banned\n|rule|Species Clause: Limit one of each Pok\u00e9mon\n|rule|Sleep Clause Mod: Limit one foe put to sleep\n|clearpoke\n|poke|p1|Blaziken, M|\n|poke|p1|Hariyama, F|\n|poke|p1|Swalot, F|\n|poke|p1|Latias, F|\n|poke|p1|Malamar, F|\n|poke|p1|Primarina, F|\n|poke|p2|Necrozma|\n|poke|p2|Lopunny, F|\n|poke|p2|Rotom-Wash|\n|poke|p2|Tapu Lele|\n|poke|p2|Sneasler, M|\n|poke|p2|Unfezant, M|\n|teampreview\n|inactive|Battle timer is ON: inactive players will automatically lose when time's up. (requested by Endicurus Rage)\n|\n|t:|1701014937\n|start\n|switch|p1a: Malamar|Malamar, F|100\/100\n|switch|p2a: Tapu Lele|Tapu Lele|100\/100\n|-fieldstart|move: Psychic Terrain|[from] ability: Psychic Surge|[of] p2a: Tapu Lele\n|turn|1\n|\n|t:|1701014943\n|move|p2a: Tapu Lele|Moonblast|p1a: Malamar\n|-supereffective|p1a: Malamar\n|-damage|p1a: Malamar|0 fnt\n|faint|p1a: Malamar\n|\n|upkeep\n|\n|t:|1701014962\n|switch|p1a: Latias|Latias, F|100\/100\n|turn|2\n|\n|t:|1701014967\n|switch|p1a: Swalot|Swalot, F|100\/100\n|move|p2a: Tapu Lele|Moonblast|p1a: Swalot\n|-resisted|p1a: Swalot\n|-damage|p1a: Swalot|84\/100\n|\n|-heal|p1a: Swalot|90\/100|[from] item: Black Sludge\n|upkeep\n|turn|3\n|\n|t:|1701014974\n|switch|p2a: Sneasler|Sneasler, M|100\/100\n|-enditem|p2a: Sneasler|Psychic Seed\n|-boost|p2a: Sneasler|spd|1|[from] item: Psychic Seed\n|move|p1a: Swalot|Toxic|p2a: Sneasler\n|-immune|p2a: Sneasler\n|\n|-heal|p1a: Swalot|97\/100|[from] item: Black Sludge\n|upkeep\n|turn|4\n|\n|t:|1701014982\n|move|p1a: Swalot|Protect|p1a: Swalot\n|-singleturn|p1a: Swalot|Protect\n|move|p2a: Sneasler|Swords Dance|p2a: Sneasler\n|-boost|p2a: Sneasler|atk|2\n|\n|-heal|p1a: Swalot|100\/100|[from] item: Black Sludge\n|upkeep\n|turn|5\n|\n|t:|1701014989\n|move|p2a: Sneasler|Swords Dance|p2a: Sneasler\n|-boost|p2a: Sneasler|atk|2\n|move|p1a: Swalot|Sludge Wave|p2a: Sneasler\n|-resisted|p2a: Sneasler\n|-damage|p2a: Sneasler|89\/100\n|\n|-fieldend|move: Psychic Terrain\n|upkeep\n|turn|6\n|\n|t:|1701014995\n|move|p2a: Sneasler|Swords Dance|p2a: Sneasler\n|-boost|p2a: Sneasler|atk|2\n|move|p1a: Swalot|Pain Split|p2a: Sneasler\n|-sethp|p2a: Sneasler|100\/100|[from] move: Pain Split|[silent]\n|-sethp|p1a: Swalot|83\/100|[from] move: Pain Split\n|\n|-heal|p1a: Swalot|89\/100|[from] item: Black Sludge\n|upkeep\n|turn|7\n|\n|t:|1701015013\n|move|p1a: Swalot|Protect|p1a: Swalot\n|-singleturn|p1a: Swalot|Protect\n|move|p2a: Sneasler|Swords Dance|p2a: Sneasler\n|-boost|p2a: Sneasler|atk|0\n|\n|-heal|p1a: Swalot|96\/100|[from] item: Black Sludge\n|upkeep\n|turn|8\n|\n|t:|1701015025\n|move|p2a: Sneasler|Acrobatics|p1a: Swalot\n|-damage|p1a: Swalot|0 fnt\n|faint|p1a: Swalot\n|\n|upkeep\n|inactive|Endicurus Rage has 120 seconds left.\n|\n|t:|1701015052\n|switch|p1a: Blaziken|Blaziken, M|100\/100\n|turn|9\n|\n|t:|1701015058\n|move|p2a: Sneasler|Acrobatics|p1a: Blaziken\n|-supereffective|p1a: Blaziken\n|-enditem|p1a: Blaziken|Focus Sash\n|-damage|p1a: Blaziken|1\/100\n|move|p1a: Blaziken|Flare Blitz|p2a: Sneasler\n|-damage|p2a: Sneasler|0 fnt\n|faint|p2a: Sneasler\n|-damage|p1a: Blaziken|0 fnt|[from] Recoil\n|faint|p1a: Blaziken\n|\n|upkeep\n|inactive|Endicurus Rage has 120 seconds left.\n|\n|t:|1701015077\n|switch|p2a: Tapu Lele|Tapu Lele|100\/100\n|switch|p1a: Hariyama|Hariyama, F|100\/100\n|-fieldstart|move: Psychic Terrain|[from] ability: Psychic Surge|[of] p2a: Tapu Lele\n|turn|10\n|inactive|Endicurus Rage has 120 seconds left.\n|\n|t:|1701015090\n|-terastallize|p1a: Hariyama|Normal\n|move|p2a: Tapu Lele|Moonblast|p1a: Hariyama\n|-damage|p1a: Hariyama|52\/100\n|-unboost|p1a: Hariyama|spa|1\n|move|p1a: Hariyama|Bulk Up|p1a: Hariyama\n|-boost|p1a: Hariyama|atk|1\n|-boost|p1a: Hariyama|def|1\n|\n|-status|p1a: Hariyama|brn|[from] item: Flame Orb\n|upkeep\n|turn|11\n|\n|t:|1701015099\n|move|p1a: Hariyama|Bullet Punch|p2a: Tapu Lele\n|-activate|p2a: Tapu Lele|move: Psychic Terrain\n|move|p2a: Tapu Lele|Moonblast|p1a: Hariyama\n|-damage|p1a: Hariyama|1\/100 brn\n|-unboost|p1a: Hariyama|spa|1\n|\n|-damage|p1a: Hariyama|0 fnt|[from] brn\n|faint|p1a: Hariyama\n|upkeep\n|-message|Endicurus Rage forfeited.\n|\n|win|BeeruhBeement\n|raw|Endicurus Rage's rating: 1171 &rarr; <strong>1147<\/strong><br \/>(-24 for losing)\n|raw|BeeruhBeement's rating: 1179 &rarr; <strong>1203<\/strong><br \/>(+24 for winning)\n|l|\u2606Endicurus Rage\n","uploadtime":1701015108,"views":13,"p1id":"endicurusrage","p2id":"beeruhbeement","formatid":"gen9nationaldex","rating":1147,"private":0,"password":""}