{"id":"gen9nationaldex-1996697103","p1":"Zippybud5","p2":"kes.pur","format":"[Gen 9] National Dex","log":"|html|<div class=\"broadcast-blue\"><strong>[Gen 9] National Dex is currently suspecting Sneasler! For information on how to participate check out the <a href=\"https:\/\/www.smogon.com\/forums\/threads\/sv-national-dex-suspect-8-just-dance.3731534\/\">suspect thread<\/a>.<\/strong><\/div>\n|j|\u2606Zippybud5\n|j|\u2606kes.pur\n|t:|1700711052\n|gametype|singles\n|player|p1|Zippybud5|169|1000\n|player|p2|kes.pur|eusine|1027\n|teamsize|p1|6\n|teamsize|p2|6\n|gen|9\n|tier|[Gen 9] National Dex\n|rated|\n|rule|HP Percentage Mod: HP is shown in percentages\n|rule|Endless Battle Clause: Forcing endless battles is banned\n|rule|OHKO Clause: OHKO moves are banned\n|rule|Evasion Clause: Evasion abilities, items, and moves are banned\n|rule|Evasion Abilities Clause: Evasion abilities are banned\n|rule|Evasion Items Clause: Evasion items are banned\n|rule|Evasion Moves Clause: Evasion moves are banned\n|rule|Species Clause: Limit one of each Pok\u00e9mon\n|rule|Sleep Clause Mod: Limit one foe put to sleep\n|clearpoke\n|poke|p1|Slowbro, M|\n|poke|p1|Tropius, M|\n|poke|p1|Vulpix, M|\n|poke|p1|Dusknoir, F|\n|poke|p1|Gallade, M|\n|poke|p1|Arcanine-Hisui, M|\n|poke|p2|Gliscor, F|\n|poke|p2|Sneasler, F|\n|poke|p2|Chandelure, M|\n|poke|p2|Toxtricity-Low-Key, M|\n|poke|p2|Great Tusk|\n|poke|p2|Toxapex, F|\n|teampreview\n|\n|t:|1700711059\n|start\n|switch|p1a: Dusknoir|Dusknoir, F|100\/100\n|switch|p2a: Gliscor|Gliscor, F|100\/100\n|-ability|p1a: Dusknoir|Pressure\n|turn|1\n|\n|t:|1700711068\n|move|p2a: Gliscor|Swords Dance|p2a: Gliscor\n|-boost|p2a: Gliscor|atk|2\n|move|p1a: Dusknoir|Ice Punch|p2a: Gliscor\n|-supereffective|p2a: Gliscor\n|-damage|p2a: Gliscor|32\/100\n|\n|-status|p2a: Gliscor|tox|[from] item: Toxic Orb\n|upkeep\n|turn|2\n|\n|t:|1700711084\n|move|p2a: Gliscor|Roost|p2a: Gliscor\n|-heal|p2a: Gliscor|82\/100 tox\n|-singleturn|p2a: Gliscor|move: Roost\n|move|p1a: Dusknoir|Ice Punch|p2a: Gliscor\n|-supereffective|p2a: Gliscor\n|-damage|p2a: Gliscor|48\/100 tox\n|\n|-heal|p2a: Gliscor|60\/100 tox|[from] ability: Poison Heal\n|upkeep\n|turn|3\n|\n|t:|1700711095\n|-terastallize|p2a: Gliscor|Fairy\n|move|p2a: Gliscor|Swords Dance|p2a: Gliscor\n|-boost|p2a: Gliscor|atk|2\n|move|p1a: Dusknoir|Power-Up Punch|p2a: Gliscor\n|-resisted|p2a: Gliscor\n|-damage|p2a: Gliscor|55\/100 tox\n|-boost|p1a: Dusknoir|atk|1\n|\n|-heal|p2a: Gliscor|68\/100 tox|[from] ability: Poison Heal\n|upkeep\n|turn|4\n|\n|t:|1700711106\n|-terastallize|p1a: Dusknoir|Ghost\n|move|p2a: Gliscor|Earthquake|p1a: Dusknoir\n|-damage|p1a: Dusknoir|0 fnt\n|faint|p1a: Dusknoir\n|\n|-heal|p2a: Gliscor|80\/100 tox|[from] ability: Poison Heal\n|upkeep\n|\n|t:|1700711131\n|switch|p1a: Gallade|Gallade, M|100\/100\n|turn|5\n|\n|t:|1700711149\n|move|p1a: Gallade|Psycho Cut|p2a: Gliscor\n|-damage|p2a: Gliscor|37\/100 tox\n|move|p2a: Gliscor|Swords Dance|p2a: Gliscor\n|-boost|p2a: Gliscor|atk|2\n|\n|-heal|p2a: Gliscor|49\/100 tox|[from] ability: Poison Heal\n|upkeep\n|turn|6\n|\n|t:|1700711157\n|move|p1a: Gallade|Psycho Cut|p2a: Gliscor\n|-damage|p2a: Gliscor|6\/100 tox\n|move|p2a: Gliscor|Earthquake|p1a: Gallade\n|-damage|p1a: Gallade|0 fnt\n|faint|p1a: Gallade\n|\n|-heal|p2a: Gliscor|18\/100 tox|[from] ability: Poison Heal\n|upkeep\n|\n|t:|1700711173\n|switch|p1a: Arcanine|Arcanine-Hisui, M|100\/100\n|turn|7\n|\n|t:|1700711184\n|move|p1a: Arcanine|Flare Blitz|p2a: Gliscor\n|-damage|p2a: Gliscor|0 fnt\n|faint|p2a: Gliscor\n|\n|upkeep\n|\n|t:|1700711191\n|switch|p2a: Sneasler|Sneasler, F|100\/100\n|turn|8\n|\n|t:|1700711201\n|switch|p1a: Slowbro|Slowbro, M|100\/100\n|move|p2a: Sneasler|Swords Dance|p2a: Sneasler\n|-boost|p2a: Sneasler|atk|2\n|\n|upkeep\n|turn|9\n|\n|t:|1700711218\n|detailschange|p1a: Slowbro|Slowbro-Mega, M\n|-mega|p1a: Slowbro|Slowbro|Slowbronite\n|move|p2a: Sneasler|Trailblaze|p1a: Slowbro\n|-supereffective|p1a: Slowbro\n|-damage|p1a: Slowbro|64\/100\n|-boost|p2a: Sneasler|spe|1\n|move|p1a: Slowbro|Psyshock|p2a: Sneasler\n|-supereffective|p2a: Sneasler\n|-damage|p2a: Sneasler|0 fnt\n|faint|p2a: Sneasler\n|\n|upkeep\n|\n|t:|1700711234\n|switch|p2a: Toxtricity|Toxtricity-Low-Key, M|100\/100\n|-item|p2a: Toxtricity|Air Balloon\n|turn|10\n|\n|t:|1700711254\n|switch|p2a: Chandelure|Chandelure, M|100\/100\n|switch|p1a: Vulpix|Vulpix, M|100\/100\n|-weather|SunnyDay|[from] ability: Drought|[of] p1a: Vulpix\n|\n|-weather|SunnyDay|[upkeep]\n|upkeep\n|turn|11\n|\n|t:|1700711268\n|move|p2a: Chandelure|Calm Mind|p2a: Chandelure\n|-boost|p2a: Chandelure|spa|1\n|-boost|p2a: Chandelure|spd|1\n|move|p1a: Vulpix|Toxic|p2a: Chandelure\n|-status|p2a: Chandelure|tox\n|\n|-weather|SunnyDay|[upkeep]\n|-damage|p2a: Chandelure|94\/100 tox|[from] psn\n|upkeep\n|turn|12\n|\n|t:|1700711278\n|move|p2a: Chandelure|Poltergeist|p1a: Vulpix\n|-activate|p1a: Vulpix|move: Poltergeist|Eviolite\n|-damage|p1a: Vulpix|66\/100\n|move|p1a: Vulpix|Encore|p2a: Chandelure\n|-start|p2a: Chandelure|Encore\n|\n|-weather|SunnyDay|[upkeep]\n|-damage|p2a: Chandelure|82\/100 tox|[from] psn\n|upkeep\n|turn|13\n|\n|t:|1700711302\n|switch|p2a: Great Tusk|Great Tusk|100\/100\n|-activate|p2a: Great Tusk|ability: Protosynthesis\n|-start|p2a: Great Tusk|protosynthesisdef\n|move|p1a: Vulpix|Mystical Fire|p2a: Great Tusk\n|-damage|p2a: Great Tusk|74\/100\n|-unboost|p2a: Great Tusk|spa|1\n|\n|-weather|SunnyDay|[upkeep]\n|upkeep\n|turn|14\n|\n|t:|1700711318\n|switch|p1a: Tropius|Tropius, M|100\/100\n|move|p2a: Great Tusk|Earth Power|p1a: Tropius\n|-immune|p1a: Tropius\n|\n|-weather|none\n|-end|p2a: Great Tusk|Protosynthesis\n|upkeep\n|turn|15\n|\n|t:|1700711325\n|move|p2a: Great Tusk|Ice Spinner|p1a: Tropius\n|-supereffective|p1a: Tropius\n|-damage|p1a: Tropius|7\/100\n|move|p1a: Tropius|Dragon Dance|p1a: Tropius\n|-boost|p1a: Tropius|atk|1\n|-boost|p1a: Tropius|spe|1\n|\n|upkeep\n|turn|16\n|\n|t:|1700711335\n|move|p1a: Tropius|Leaf Blade|p2a: Great Tusk\n|-supereffective|p2a: Great Tusk\n|-crit|p2a: Great Tusk\n|-damage|p2a: Great Tusk|6\/100\n|-enditem|p2a: Great Tusk|Weakness Policy\n|-boost|p2a: Great Tusk|atk|2|[from] item: Weakness Policy\n|-boost|p2a: Great Tusk|spa|2|[from] item: Weakness Policy\n|move|p2a: Great Tusk|Body Press|p1a: Tropius\n|-resisted|p1a: Tropius\n|-damage|p1a: Tropius|0 fnt\n|faint|p1a: Tropius\n|\n|upkeep\n|\n|t:|1700711349\n|switch|p1a: Arcanine|Arcanine-Hisui, M|100\/100\n|turn|17\n|\n|t:|1700711377\n|-end|p2a: Great Tusk|Protosynthesis|[silent]\n|switch|p2a: Toxapex|Toxapex, F|100\/100\n|move|p1a: Arcanine|Flare Blitz|p2a: Toxapex\n|-resisted|p2a: Toxapex\n|-damage|p2a: Toxapex|82\/100\n|-status|p2a: Toxapex|brn\n|\n|-heal|p2a: Toxapex|88\/100 brn|[from] item: Leftovers\n|-damage|p2a: Toxapex|82\/100 brn|[from] brn\n|upkeep\n|turn|18\n|\n|t:|1700711389\n|move|p1a: Arcanine|Head Smash|p2a: Toxapex\n|-damage|p2a: Toxapex|38\/100 brn\n|move|p2a: Toxapex|Scald|p1a: Arcanine\n|-supereffective|p1a: Arcanine\n|-damage|p1a: Arcanine|32\/100\n|\n|-heal|p2a: Toxapex|44\/100 brn|[from] item: Leftovers\n|-damage|p2a: Toxapex|38\/100 brn|[from] brn\n|upkeep\n|turn|19\n|\n|t:|1700711402\n|move|p2a: Toxapex|Baneful Bunker|p2a: Toxapex\n|-singleturn|p2a: Toxapex|move: Protect\n|move|p1a: Arcanine|Head Smash|p2a: Toxapex\n|-activate|p2a: Toxapex|move: Protect\n|-status|p1a: Arcanine|psn\n|\n|-heal|p2a: Toxapex|44\/100 brn|[from] item: Leftovers\n|-damage|p1a: Arcanine|19\/100 psn|[from] psn\n|-damage|p2a: Toxapex|38\/100 brn|[from] brn\n|upkeep\n|turn|20\n|\n|t:|1700711414\n|switch|p1a: Slowbro|Slowbro-Mega, M|64\/100\n|switch|p2a: Great Tusk|Great Tusk|6\/100\n|\n|upkeep\n|turn|21\n|\n|t:|1700711436\n|move|p2a: Great Tusk|Body Press|p1a: Slowbro\n|-resisted|p1a: Slowbro\n|-damage|p1a: Slowbro|52\/100\n|move|p1a: Slowbro|Calm Mind|p1a: Slowbro\n|-boost|p1a: Slowbro|spa|1\n|-boost|p1a: Slowbro|spd|1\n|\n|upkeep\n|turn|22\n|\n|t:|1700711443\n|move|p2a: Great Tusk|Ice Spinner|p1a: Slowbro\n|-resisted|p1a: Slowbro\n|-damage|p1a: Slowbro|46\/100\n|move|p1a: Slowbro|Calm Mind|p1a: Slowbro\n|-boost|p1a: Slowbro|spa|1\n|-boost|p1a: Slowbro|spd|1\n|\n|upkeep\n|turn|23\n|\n|t:|1700711450\n|move|p2a: Great Tusk|Ice Spinner|p1a: Slowbro\n|-resisted|p1a: Slowbro\n|-damage|p1a: Slowbro|41\/100\n|move|p1a: Slowbro|Slack Off|p1a: Slowbro\n|-heal|p1a: Slowbro|91\/100\n|\n|upkeep\n|turn|24\n|\n|t:|1700711458\n|move|p2a: Great Tusk|Body Press|p1a: Slowbro\n|-resisted|p1a: Slowbro\n|-damage|p1a: Slowbro|79\/100\n|move|p1a: Slowbro|Calm Mind|p1a: Slowbro\n|-boost|p1a: Slowbro|spa|1\n|-boost|p1a: Slowbro|spd|1\n|\n|upkeep\n|turn|25\n|\n|t:|1700711476\n|move|p2a: Great Tusk|Ice Spinner|p1a: Slowbro\n|-resisted|p1a: Slowbro\n|-damage|p1a: Slowbro|74\/100\n|move|p1a: Slowbro|Calm Mind|p1a: Slowbro\n|-boost|p1a: Slowbro|spa|1\n|-boost|p1a: Slowbro|spd|1\n|\n|upkeep\n|turn|26\n|\n|t:|1700711484\n|-end|p2a: Great Tusk|Protosynthesis|[silent]\n|switch|p2a: Chandelure|Chandelure, M|82\/100 tox\n|move|p1a: Slowbro|Slack Off|p1a: Slowbro\n|-heal|p1a: Slowbro|100\/100\n|\n|-damage|p2a: Chandelure|76\/100 tox|[from] psn\n|upkeep\n|turn|27\n|\n|t:|1700711493\n|switch|p2a: Great Tusk|Great Tusk|6\/100\n|move|p1a: Slowbro|Scald|p2a: Great Tusk\n|-supereffective|p2a: Great Tusk\n|-damage|p2a: Great Tusk|0 fnt\n|faint|p2a: Great Tusk\n|-end|p2a: Great Tusk|Protosynthesis|[silent]\n|\n|upkeep\n|\n|t:|1700711499\n|switch|p2a: Toxapex|Toxapex, F|71\/100 brn\n|turn|28\n|\n|t:|1700711503\n|move|p2a: Toxapex|Haze|p2a: Toxapex\n|-clearallboost\n|move|p1a: Slowbro|Psyshock|p2a: Toxapex\n|-supereffective|p2a: Toxapex\n|-damage|p2a: Toxapex|26\/100 brn\n|\n|-heal|p2a: Toxapex|32\/100 brn|[from] item: Leftovers\n|-damage|p2a: Toxapex|26\/100 brn|[from] brn\n|upkeep\n|turn|29\n|\n|t:|1700711512\n|switch|p2a: Chandelure|Chandelure, M|76\/100 tox\n|move|p1a: Slowbro|Psyshock|p2a: Chandelure\n|-damage|p2a: Chandelure|17\/100 tox\n|\n|-damage|p2a: Chandelure|11\/100 tox|[from] psn\n|upkeep\n|turn|30\n|\n|t:|1700711519\n|move|p2a: Chandelure|Poltergeist|p1a: Slowbro\n|-activate|p1a: Slowbro|move: Poltergeist|Slowbronite\n|-supereffective|p1a: Slowbro\n|-damage|p1a: Slowbro|67\/100\n|move|p1a: Slowbro|Psyshock|p2a: Chandelure\n|-damage|p2a: Chandelure|0 fnt\n|faint|p2a: Chandelure\n|\n|upkeep\n|-message|kes.pur forfeited.\n|\n|win|Zippybud5\n|raw|Zippybud5's rating: 1000 &rarr; <strong>1043<\/strong><br \/>(+43 for winning)\n|raw|kes.pur's rating: 1027 &rarr; <strong>1012<\/strong><br \/>(-15 for losing)\n|l|\u2606kes.pur\n","uploadtime":1700711530,"views":3,"p1id":"zippybud5","p2id":"kespur","formatid":"gen9nationaldex","rating":1012,"private":0,"password":""}