{"id":"gen9nationaldex-1997801267","p1":"ser cringeworth","p2":"DoctorFiraga","format":"[Gen 9] National Dex","log":"|html|<div class=\"broadcast-blue\"><strong>[Gen 9] National Dex is currently suspecting Sneasler! For information on how to participate check out the <a href=\"https:\/\/www.smogon.com\/forums\/threads\/sv-national-dex-suspect-8-just-dance.3731534\/\">suspect thread<\/a>.<\/strong><\/div>\n|j|\u2606ser cringeworth\n|j|\u2606DoctorFiraga\n|t:|1700854169\n|gametype|singles\n|player|p1|ser cringeworth|jessiejames-gen1|1639\n|player|p2|DoctorFiraga|veteran|1672\n|teamsize|p1|6\n|teamsize|p2|6\n|gen|9\n|tier|[Gen 9] National Dex\n|rated|\n|rule|HP Percentage Mod: HP is shown in percentages\n|rule|Endless Battle Clause: Forcing endless battles is banned\n|rule|OHKO Clause: OHKO moves are banned\n|rule|Evasion Clause: Evasion abilities, items, and moves are banned\n|rule|Evasion Abilities Clause: Evasion abilities are banned\n|rule|Evasion Items Clause: Evasion items are banned\n|rule|Evasion Moves Clause: Evasion moves are banned\n|rule|Species Clause: Limit one of each Pok\u00e9mon\n|rule|Sleep Clause Mod: Limit one foe put to sleep\n|clearpoke\n|poke|p1|Gliscor, F|\n|poke|p1|Clefable, M|\n|poke|p1|Dondozo, M|\n|poke|p1|Blissey, F|\n|poke|p1|Skeledirge, M|\n|poke|p1|Latias, F|\n|poke|p2|Glimmora, M|\n|poke|p2|Ogerpon-Wellspring, F|\n|poke|p2|Scizor, F|\n|poke|p2|Garchomp, M|\n|poke|p2|Moltres|\n|poke|p2|Weavile, F|\n|teampreview\n|inactive|Battle timer is ON: inactive players will automatically lose when time's up. (requested by ser cringeworth)\n|\n|t:|1700854184\n|start\n|switch|p1a: Gliscor|Gliscor, F|100\/100\n|switch|p2a: No sword of ruin?|Weavile, F|100\/100\n|-ability|p2a: No sword of ruin?|Pressure\n|turn|1\n|\n|t:|1700854190\n|switch|p1a: Dondozo|Dondozo, M|100\/100\n|move|p2a: No sword of ruin?|Swords Dance|p2a: No sword of ruin?\n|-boost|p2a: No sword of ruin?|atk|2\n|\n|upkeep\n|turn|2\n|\n|t:|1700854196\n|move|p2a: No sword of ruin?|Knock Off|p1a: Dondozo\n|-damage|p1a: Dondozo|74\/100\n|-enditem|p1a: Dondozo|Heavy-Duty Boots|[from] move: Knock Off|[of] p2a: No sword of ruin?\n|-damage|p2a: No sword of ruin?|91\/100|[from] item: Life Orb\n|move|p1a: Dondozo|Waterfall|p2a: No sword of ruin?\n|-damage|p2a: No sword of ruin?|46\/100\n|\n|upkeep\n|turn|3\n|\n|t:|1700854205\n|switch|p2a: Balanced|Ogerpon-Wellspring, F|100\/100\n|move|p1a: Dondozo|Waterfall|p2a: Balanced\n|-immune|p2a: Balanced|[from] ability: Water Absorb\n|\n|upkeep\n|turn|4\n|inactive|ser cringeworth has 120 seconds left.\n|\n|t:|1700854235\n|move|p2a: Balanced|Swords Dance|p2a: Balanced\n|-boost|p2a: Balanced|atk|2\n|move|p1a: Dondozo|Body Press|p2a: Balanced\n|-damage|p2a: Balanced|65\/100\n|\n|upkeep\n|turn|5\n|\n|t:|1700854240\n|move|p2a: Balanced|Horn Leech|p1a: Dondozo\n|-supereffective|p1a: Dondozo\n|-damage|p1a: Dondozo|31\/100\n|-heal|p2a: Balanced|100\/100|[from] drain|[of] p1a: Dondozo\n|move|p1a: Dondozo|Body Press|p2a: Balanced\n|-damage|p2a: Balanced|64\/100\n|\n|upkeep\n|turn|6\n|\n|t:|1700854245\n|-terastallize|p1a: Dondozo|Dragon\n|move|p2a: Balanced|Horn Leech|p1a: Dondozo\n|-resisted|p1a: Dondozo\n|-damage|p1a: Dondozo|21\/100\n|-heal|p2a: Balanced|72\/100|[from] drain|[of] p1a: Dondozo\n|move|p1a: Dondozo|Rest|p1a: Dondozo\n|-status|p1a: Dondozo|slp|[from] move: Rest\n|-heal|p1a: Dondozo|100\/100 slp|[silent]\n|\n|upkeep\n|turn|7\n|\n|t:|1700854249\n|switch|p2a: HAZARDOUS|Glimmora, M|100\/100\n|cant|p1a: Dondozo|slp\n|move|p1a: Dondozo|Sleep Talk|p1a: Dondozo\n|move|p1a: Dondozo|Body Press|p2a: HAZARDOUS|[from]move: Sleep Talk\n|-damage|p2a: HAZARDOUS|72\/100\n|-activate|p2a: HAZARDOUS|ability: Toxic Debris\n|-sidestart|p1: ser cringeworth|move: Toxic Spikes\n|\n|upkeep\n|turn|8\n|\n|t:|1700854275\n|move|p2a: HAZARDOUS|Stealth Rock|p1a: Dondozo\n|-sidestart|p1: ser cringeworth|move: Stealth Rock\n|cant|p1a: Dondozo|slp\n|move|p1a: Dondozo|Sleep Talk|p1a: Dondozo\n|move|p1a: Dondozo|Waterfall|p2a: HAZARDOUS|[from]move: Sleep Talk\n|-supereffective|p2a: HAZARDOUS\n|-damage|p2a: HAZARDOUS|17\/100\n|-activate|p2a: HAZARDOUS|ability: Toxic Debris\n|-sidestart|p1: ser cringeworth|move: Toxic Spikes\n|\n|upkeep\n|turn|9\n|inactive|ser cringeworth has 120 seconds left.\n|inactive|ser cringeworth has 90 seconds left.\n|\n|t:|1700854329\n|switch|p2a: Balanced|Ogerpon-Wellspring, F|72\/100\n|-curestatus|p1a: Dondozo|slp|[msg]\n|move|p1a: Dondozo|Waterfall|p2a: Balanced\n|-heal|p2a: Balanced|97\/100|[from] ability: Water Absorb|[of] p1a: Dondozo\n|\n|upkeep\n|turn|10\n|\n|t:|1700854336\n|move|p2a: Balanced|Swords Dance|p2a: Balanced\n|-boost|p2a: Balanced|atk|2\n|move|p1a: Dondozo|Body Press|p2a: Balanced\n|-damage|p2a: Balanced|61\/100\n|\n|upkeep\n|turn|11\n|\n|t:|1700854341\n|move|p2a: Balanced|Ivy Cudgel|p1a: Dondozo|[anim] Ivy Cudgel Water\n|-resisted|p1a: Dondozo\n|-damage|p1a: Dondozo|88\/100\n|move|p1a: Dondozo|Body Press|p2a: Balanced\n|-damage|p2a: Balanced|27\/100\n|\n|upkeep\n|turn|12\n|\n|t:|1700854350\n|switch|p2a: KFC|Moltres|100\/100\n|move|p1a: Dondozo|Body Press|p2a: KFC\n|-resisted|p2a: KFC\n|-damage|p2a: KFC|87\/100\n|-status|p1a: Dondozo|brn|[from] ability: Flame Body|[of] p2a: KFC\n|\n|-damage|p1a: Dondozo|81\/100 brn|[from] brn\n|upkeep\n|turn|13\n|\n|t:|1700854356\n|move|p2a: KFC|Hurricane|p1a: Dondozo|[miss]\n|-miss|p2a: KFC|p1a: Dondozo\n|move|p1a: Dondozo|Waterfall|p2a: KFC\n|-supereffective|p2a: KFC\n|-damage|p2a: KFC|60\/100\n|\n|-damage|p1a: Dondozo|75\/100 brn|[from] brn\n|upkeep\n|turn|14\n|\n|t:|1700854361\n|switch|p1a: Blissey|Blissey, F|100\/100\n|move|p2a: KFC|Hurricane|p1a: Blissey\n|-damage|p1a: Blissey|82\/100\n|-start|p1a: Blissey|confusion\n|\n|upkeep\n|turn|15\n|\n|t:|1700854368\n|switch|p2a: HAZARDOUS|Glimmora, M|17\/100\n|-activate|p1a: Blissey|confusion\n|move|p1a: Blissey|Toxic|p2a: HAZARDOUS\n|-immune|p2a: HAZARDOUS\n|\n|upkeep\n|turn|16\n|\n|t:|1700854372\n|move|p2a: HAZARDOUS|Spikes|p1a: Blissey\n|-sidestart|p1: ser cringeworth|Spikes\n|-end|p1a: Blissey|confusion\n|move|p1a: Blissey|Wish|p1a: Blissey\n|\n|upkeep\n|turn|17\n|\n|t:|1700854384\n|switch|p1a: Dondozo|Dondozo, M, tera:Dragon|75\/100 brn\n|-damage|p1a: Dondozo|63\/100 brn|[from] Stealth Rock\n|-damage|p1a: Dondozo|50\/100 brn|[from] Spikes\n|move|p2a: HAZARDOUS|Mortal Spin|p1a: Dondozo\n|-damage|p1a: Dondozo|47\/100 brn\n|\n|-heal|p1a: Dondozo|100\/100 brn|[from] move: Wish|[wisher] Blissey\n|-damage|p1a: Dondozo|94\/100 brn|[from] brn\n|upkeep\n|turn|18\n|\n|t:|1700854393\n|move|p2a: HAZARDOUS|Spikes|p1a: Dondozo\n|-sidestart|p1: ser cringeworth|Spikes\n|move|p1a: Dondozo|Waterfall|p2a: HAZARDOUS\n|-supereffective|p2a: HAZARDOUS\n|-damage|p2a: HAZARDOUS|0 fnt\n|faint|p2a: HAZARDOUS\n|\n|-damage|p1a: Dondozo|88\/100 brn|[from] brn\n|upkeep\n|\n|t:|1700854399\n|switch|p2a: Skincare|Garchomp, M|100\/100\n|turn|19\n|\n|t:|1700854415\n|switch|p1a: Gliscor|Gliscor, F|100\/100\n|-damage|p1a: Gliscor|88\/100|[from] Stealth Rock\n|move|p2a: Skincare|Swords Dance|p2a: Skincare\n|-boost|p2a: Skincare|atk|2\n|\n|-status|p1a: Gliscor|tox|[from] item: Toxic Orb\n|upkeep\n|turn|20\n|\n|t:|1700854421\n|move|p2a: Skincare|Scale Shot|p1a: Gliscor\n|-damage|p1a: Gliscor|66\/100 tox\n|-damage|p1a: Gliscor|43\/100 tox\n|-damage|p1a: Gliscor|22\/100 tox\n|-damage|p1a: Gliscor|2\/100 tox\n|-damage|p1a: Gliscor|0 fnt\n|faint|p1a: Gliscor\n|-hitcount|p1: Gliscor|5\n|-unboost|p2a: Skincare|def|1\n|-boost|p2a: Skincare|spe|1\n|\n|upkeep\n|c|\u2606DoctorFiraga|L\n|inactive|ser cringeworth has 120 seconds left.\n|\n|t:|1700854452\n|switch|p1a: Dondozo|Dondozo, M, tera:Dragon|88\/100 brn\n|-damage|p1a: Dondozo|76\/100 brn|[from] Stealth Rock\n|-damage|p1a: Dondozo|59\/100 brn|[from] Spikes\n|turn|21\n|\n|t:|1700854457\n|move|p2a: Skincare|Scale Shot|p1a: Dondozo\n|-supereffective|p1a: Dondozo\n|-damage|p1a: Dondozo|47\/100 brn\n|-supereffective|p1a: Dondozo\n|-damage|p1a: Dondozo|35\/100 brn\n|-supereffective|p1a: Dondozo\n|-crit|p1a: Dondozo\n|-damage|p1a: Dondozo|18\/100 brn\n|-supereffective|p1a: Dondozo\n|-damage|p1a: Dondozo|7\/100 brn\n|-hitcount|p1a: Dondozo|4\n|-unboost|p2a: Skincare|def|1\n|-boost|p2a: Skincare|spe|1\n|move|p1a: Dondozo|Rest|p1a: Dondozo\n|-status|p1a: Dondozo|slp|[from] move: Rest\n|-heal|p1a: Dondozo|100\/100 slp|[silent]\n|\n|upkeep\n|turn|22\n|\n|t:|1700854471\n|move|p2a: Skincare|Scale Shot|p1a: Dondozo\n|-supereffective|p1a: Dondozo\n|-damage|p1a: Dondozo|89\/100 slp\n|-supereffective|p1a: Dondozo\n|-damage|p1a: Dondozo|77\/100 slp\n|-supereffective|p1a: Dondozo\n|-damage|p1a: Dondozo|66\/100 slp\n|-supereffective|p1a: Dondozo\n|-damage|p1a: Dondozo|54\/100 slp\n|-supereffective|p1a: Dondozo\n|-damage|p1a: Dondozo|42\/100 slp\n|-hitcount|p1a: Dondozo|5\n|-unboost|p2a: Skincare|def|1\n|-boost|p2a: Skincare|spe|1\n|cant|p1a: Dondozo|slp\n|move|p1a: Dondozo|Sleep Talk|p1a: Dondozo\n|move|p1a: Dondozo|Body Press|p2a: Skincare|[from]move: Sleep Talk\n|-damage|p2a: Skincare|74\/100\n|-damage|p1a: Dondozo|29\/100 slp|[from] ability: Rough Skin|[of] p2a: Skincare\n|\n|upkeep\n|turn|23\n|inactive|ser cringeworth has 120 seconds left.\n|\n|t:|1700854496\n|move|p2a: Skincare|Scale Shot|p1a: Dondozo\n|-supereffective|p1a: Dondozo\n|-damage|p1a: Dondozo|18\/100 slp\n|-supereffective|p1a: Dondozo\n|-damage|p1a: Dondozo|7\/100 slp\n|-supereffective|p1a: Dondozo\n|-damage|p1a: Dondozo|0 fnt\n|faint|p1a: Dondozo\n|-hitcount|p1: Dondozo|3\n|-unboost|p2a: Skincare|def|1\n|-boost|p2a: Skincare|spe|1\n|\n|upkeep\n|inactive|ser cringeworth has 120 seconds left.\n|\n|t:|1700854501\n|switch|p1a: Skeledirge|Skeledirge, M|100\/100\n|turn|24\n|\n|t:|1700854511\n|move|p2a: Skincare|Earthquake|p1a: Skeledirge\n|-supereffective|p1a: Skeledirge\n|-damage|p1a: Skeledirge|17\/100\n|move|p1a: Skeledirge|Will-O-Wisp|p2a: Skincare\n|-status|p2a: Skincare|brn\n|\n|-damage|p2a: Skincare|68\/100 brn|[from] brn\n|upkeep\n|turn|25\n|\n|t:|1700854525\n|move|p2a: Skincare|Earthquake|p1a: Skeledirge\n|-supereffective|p1a: Skeledirge\n|-damage|p1a: Skeledirge|0 fnt\n|faint|p1a: Skeledirge\n|\n|-damage|p2a: Skincare|62\/100 brn|[from] brn\n|upkeep\n|\n|t:|1700854531\n|switch|p1a: Clefable|Clefable, M|100\/100\n|-status|p1a: Clefable|tox\n|turn|26\n|\n|t:|1700854547\n|move|p2a: Skincare|Earthquake|p1a: Clefable\n|-damage|p1a: Clefable|62\/100 tox\n|move|p1a: Clefable|Moonblast|p2a: Skincare\n|-supereffective|p2a: Skincare\n|-damage|p2a: Skincare|0 fnt\n|faint|p2a: Skincare\n|\n|-heal|p1a: Clefable|68\/100 tox|[from] item: Leftovers\n|upkeep\n|\n|t:|1700854564\n|switch|p2a: Red Genesect|Scizor, F|100\/100\n|turn|27\n|\n|t:|1700854577\n|detailschange|p2a: Red Genesect|Scizor-Mega, F\n|-mega|p2a: Red Genesect|Scizor|Scizorite\n|move|p2a: Red Genesect|Bullet Punch|p1a: Clefable\n|-supereffective|p1a: Clefable\n|-damage|p1a: Clefable|11\/100 tox\n|move|p1a: Clefable|Stealth Rock|p2a: Red Genesect\n|-sidestart|p2: DoctorFiraga|move: Stealth Rock\n|\n|-heal|p1a: Clefable|18\/100 tox|[from] item: Leftovers\n|upkeep\n|turn|28\n|inactive|DoctorFiraga has 120 seconds left.\n|\n|t:|1700854595\n|move|p2a: Red Genesect|Bullet Punch|p1a: Clefable\n|-supereffective|p1a: Clefable\n|-damage|p1a: Clefable|0 fnt\n|faint|p1a: Clefable\n|\n|upkeep\n|\n|t:|1700854598\n|switch|p1a: Blissey|Blissey, F|82\/100\n|turn|29\n|\n|t:|1700854608\n|move|p2a: Red Genesect|Knock Off|p1a: Blissey\n|-damage|p1a: Blissey|49\/100\n|-enditem|p1a: Blissey|Heavy-Duty Boots|[from] move: Knock Off|[of] p2a: Red Genesect\n|move|p1a: Blissey|Counter|p2a: Red Genesect\n|-damage|p2a: Red Genesect|0 fnt\n|faint|p2a: Red Genesect\n|\n|upkeep\n|inactive|DoctorFiraga has 120 seconds left.\n|\n|t:|1700854626\n|switch|p2a: Balanced|Ogerpon-Wellspring, F|27\/100\n|-damage|p2a: Balanced|15\/100|[from] Stealth Rock\n|turn|30\n|inactive|DoctorFiraga has 120 seconds left.\n|\n|t:|1700854653\n|-terastallize|p2a: Balanced|Water\n|detailschange|p2a: Balanced|Ogerpon-Wellspring-Tera, F, tera:Water\n|-ability|p2a: Balanced|Embody Aspect (Wellspring)|boost\n|-boost|p2a: Balanced|spd|1\n|move|p1a: Blissey|Protect|p1a: Blissey\n|-singleturn|p1a: Blissey|Protect\n|move|p2a: Balanced|Ivy Cudgel|p1a: Blissey|[anim] Ivy Cudgel Water\n|-activate|p1a: Blissey|move: Protect\n|\n|upkeep\n|turn|31\n|inactive|DoctorFiraga has 120 seconds left.\n|\n|t:|1700854664\n|move|p2a: Balanced|Ivy Cudgel|p1a: Blissey|[anim] Ivy Cudgel Water\n|-damage|p1a: Blissey|0 fnt\n|faint|p1a: Blissey\n|\n|upkeep\n|\n|t:|1700854667\n|switch|p1a: Latias|Latias, F|100\/100\n|-damage|p1a: Latias|88\/100|[from] Stealth Rock\n|turn|32\n|\n|t:|1700854681\n|detailschange|p1a: Latias|Latias-Mega, F\n|-mega|p1a: Latias|Latias|Latiasite\n|move|p1a: Latias|Psyshock|p2a: Balanced\n|-damage|p2a: Balanced|0 fnt\n|faint|p2a: Balanced\n|\n|upkeep\n|\n|t:|1700854689\n|switch|p2a: No sword of ruin?|Weavile, F|46\/100\n|-damage|p2a: No sword of ruin?|21\/100|[from] Stealth Rock\n|-ability|p2a: No sword of ruin?|Pressure\n|turn|33\n|\n|t:|1700854697\n|move|p2a: No sword of ruin?|Knock Off|p1a: Latias\n|-supereffective|p1a: Latias\n|-damage|p1a: Latias|19\/100\n|-damage|p2a: No sword of ruin?|11\/100|[from] item: Life Orb\n|move|p1a: Latias|Ice Beam|p2a: No sword of ruin?\n|-resisted|p2a: No sword of ruin?\n|-damage|p2a: No sword of ruin?|0 fnt\n|faint|p2a: No sword of ruin?\n|\n|upkeep\n|\n|t:|1700854701\n|switch|p2a: KFC|Moltres|60\/100\n|turn|34\n|\n|t:|1700854704\n|move|p1a: Latias|Roost|p1a: Latias\n|-heal|p1a: Latias|69\/100\n|-singleturn|p1a: Latias|move: Roost\n|move|p2a: KFC|Hurricane|p1a: Latias|[miss]\n|-miss|p2a: KFC|p1a: Latias\n|\n|upkeep\n|turn|35\n|\n|t:|1700854707\n|move|p1a: Latias|Calm Mind|p1a: Latias\n|-boost|p1a: Latias|spa|1\n|-boost|p1a: Latias|spd|1\n|move|p2a: KFC|Hurricane|p1a: Latias\n|-damage|p1a: Latias|50\/100\n|-start|p1a: Latias|confusion\n|\n|upkeep\n|turn|36\n|\n|t:|1700854710\n|-activate|p1a: Latias|confusion\n|-damage|p1a: Latias|44\/100|[from] confusion\n|move|p2a: KFC|Will-O-Wisp|p1a: Latias|[miss]\n|-miss|p2a: KFC|p1a: Latias\n|\n|upkeep\n|turn|37\n|\n|t:|1700854716\n|-end|p1a: Latias|confusion\n|move|p1a: Latias|Roost|p1a: Latias\n|-heal|p1a: Latias|94\/100\n|-singleturn|p1a: Latias|move: Roost\n|move|p2a: KFC|Roost|p2a: KFC\n|-heal|p2a: KFC|100\/100\n|-singleturn|p2a: KFC|move: Roost\n|\n|upkeep\n|turn|38\n|\n|t:|1700854720\n|move|p1a: Latias|Calm Mind|p1a: Latias\n|-boost|p1a: Latias|spa|1\n|-boost|p1a: Latias|spd|1\n|move|p2a: KFC|Will-O-Wisp|p1a: Latias|[miss]\n|-miss|p2a: KFC|p1a: Latias\n|\n|upkeep\n|turn|39\n|n|!DoctorFiraga|doctorfiraga\n|-message|DoctorFiraga forfeited.\n|\n|win|ser cringeworth\n|raw|ser cringeworth's rating: 1639 &rarr; <strong>1661<\/strong><br \/>(+22 for winning)\n|raw|DoctorFiraga's rating: 1672 &rarr; <strong>1650<\/strong><br \/>(-22 for losing)\n","uploadtime":1700854725,"views":4,"p1id":"sercringeworth","p2id":"doctorfiraga","formatid":"gen9nationaldex","rating":1650,"private":0,"password":""}