{"id":"gen9nationaldex-1988652691","p1":"AfuroVictini","p2":"PikachuXD317878","format":"[Gen 9] National Dex","log":"|j|\u2606AfuroVictini\n|j|\u2606PikachuXD317878\n|t:|1699746525\n|gametype|singles\n|player|p1|AfuroVictini|lillie-masters2|\n|player|p2|PikachuXD317878|pokemonranger-gen4|\n|teamsize|p1|6\n|teamsize|p2|6\n|gen|9\n|tier|[Gen 9] National Dex\n|rule|HP Percentage Mod: HP is shown in percentages\n|rule|Endless Battle Clause: Forcing endless battles is banned\n|rule|OHKO Clause: OHKO moves are banned\n|rule|Evasion Clause: Evasion abilities, items, and moves are banned\n|rule|Evasion Abilities Clause: Evasion abilities are banned\n|rule|Evasion Items Clause: Evasion items are banned\n|rule|Evasion Moves Clause: Evasion moves are banned\n|rule|Species Clause: Limit one of each Pok\u00e9mon\n|rule|Sleep Clause Mod: Limit one foe put to sleep\n|clearpoke\n|poke|p1|Iron Valiant|\n|poke|p1|Ribombee, M|\n|poke|p1|Ogerpon-Wellspring, F|\n|poke|p1|Scizor, M|\n|poke|p1|Volcarona, F|\n|poke|p1|Great Tusk|\n|poke|p2|Alomomola, M|\n|poke|p2|Great Tusk|\n|poke|p2|Iron Moth|\n|poke|p2|Rillaboom, M|\n|poke|p2|Aegislash, M|\n|poke|p2|Lopunny, F|\n|teampreview\n|inactive|Battle timer is ON: inactive players will automatically lose when time's up. (requested by PikachuXD317878)\n|c|\u2606AfuroVictini|Gl\n|c|\u2606PikachuXD317878|hf\n|inactive|AfuroVictini has 270 seconds left.\n|\n|t:|1699746561\n|start\n|switch|p1a: Ribombee|Ribombee, M|100\/100\n|switch|p2a: Aegislash|Aegislash, M|100\/100\n|turn|1\n|\n|t:|1699746566\n|move|p1a: Ribombee|Stun Spore|p2a: Aegislash|[miss]\n|-miss|p1a: Ribombee|p2a: Aegislash\n|-formechange|p2a: Aegislash|Aegislash-Blade||[from] ability: Stance Change\n|move|p2a: Aegislash|Iron Head|p1a: Ribombee\n|-supereffective|p1a: Ribombee\n|-enditem|p1a: Ribombee|Focus Sash\n|-damage|p1a: Ribombee|1\/100\n|\n|upkeep\n|turn|2\n|\n|t:|1699746588\n|switch|p1a: Volcarona|Volcarona, F|100\/100\n|move|p2a: Aegislash|Swords Dance|p2a: Aegislash\n|-boost|p2a: Aegislash|atk|2\n|\n|upkeep\n|turn|3\n|\n|t:|1699746595\n|-formechange|p2a: Aegislash|Aegislash||[from] ability: Stance Change\n|move|p2a: Aegislash|King's Shield|p2a: Aegislash\n|-singleturn|p2a: Aegislash|Protect\n|move|p1a: Volcarona|Quiver Dance|p1a: Volcarona\n|-boost|p1a: Volcarona|spa|1\n|-boost|p1a: Volcarona|spd|1\n|-boost|p1a: Volcarona|spe|1\n|\n|upkeep\n|turn|4\n|\n|t:|1699746598\n|move|p1a: Volcarona|Fiery Dance|p2a: Aegislash\n|-supereffective|p2a: Aegislash\n|-damage|p2a: Aegislash|5\/100\n|-boost|p1a: Volcarona|spa|1\n|-formechange|p2a: Aegislash|Aegislash-Blade||[from] ability: Stance Change\n|move|p2a: Aegislash|Iron Head|p1a: Volcarona\n|-resisted|p1a: Volcarona\n|-damage|p1a: Volcarona|29\/100\n|-status|p2a: Aegislash|brn|[from] ability: Flame Body|[of] p1a: Volcarona\n|\n|-heal|p2a: Aegislash|12\/100 brn|[from] item: Leftovers\n|-damage|p2a: Aegislash|5\/100 brn|[from] brn\n|upkeep\n|turn|5\n|\n|t:|1699746611\n|move|p2a: Aegislash|Shadow Sneak|p1a: Volcarona\n|-damage|p1a: Volcarona|0 fnt\n|faint|p1a: Volcarona\n|\n|-heal|p2a: Aegislash|12\/100 brn|[from] item: Leftovers\n|-damage|p2a: Aegislash|5\/100 brn|[from] brn\n|upkeep\n|\n|t:|1699746614\n|switch|p1a: Ribombee|Ribombee, M|1\/100\n|turn|6\n|\n|t:|1699746621\n|move|p2a: Aegislash|Shadow Sneak|p1a: Ribombee\n|-damage|p1a: Ribombee|0 fnt\n|faint|p1a: Ribombee\n|\n|-heal|p2a: Aegislash|12\/100 brn|[from] item: Leftovers\n|-damage|p2a: Aegislash|5\/100 brn|[from] brn\n|upkeep\n|\n|t:|1699746630\n|switch|p1a: Scizor|Scizor, M|100\/100\n|turn|7\n|\n|t:|1699746641\n|switch|p2a: Iron Moth|Iron Moth|100\/100\n|-enditem|p2a: Iron Moth|Booster Energy\n|-activate|p2a: Iron Moth|ability: Quark Drive|[fromitem]\n|-start|p2a: Iron Moth|quarkdrivespe\n|detailschange|p1a: Scizor|Scizor-Mega, M\n|-mega|p1a: Scizor|Scizor|Scizorite\n|move|p1a: Scizor|Bullet Punch|p2a: Iron Moth\n|-resisted|p2a: Iron Moth\n|-damage|p2a: Iron Moth|68\/100\n|\n|upkeep\n|turn|8\n|\n|t:|1699746666\n|switch|p1a: Great Tusk|Great Tusk|100\/100\n|move|p2a: Iron Moth|Fiery Dance|p1a: Great Tusk\n|-damage|p1a: Great Tusk|36\/100\n|-boost|p2a: Iron Moth|spa|1\n|\n|upkeep\n|turn|9\n|\n|t:|1699746673\n|move|p2a: Iron Moth|Fiery Dance|p1a: Great Tusk\n|-damage|p1a: Great Tusk|0 fnt\n|-boost|p2a: Iron Moth|spa|1\n|faint|p1a: Great Tusk\n|-end|p1a: Great Tusk|Protosynthesis|[silent]\n|\n|upkeep\n|\n|t:|1699746676\n|switch|p1a: Ogerpon|Ogerpon-Wellspring, F|100\/100\n|turn|10\n|\n|t:|1699746686\n|-terastallize|p2a: Iron Moth|Grass\n|-terastallize|p1a: Ogerpon|Water\n|detailschange|p1a: Ogerpon|Ogerpon-Wellspring-Tera, F, tera:Water\n|-ability|p1a: Ogerpon|Embody Aspect (Wellspring)|boost\n|-boost|p1a: Ogerpon|spd|1\n|move|p2a: Iron Moth|Energy Ball|p1a: Ogerpon\n|-supereffective|p1a: Ogerpon\n|-damage|p1a: Ogerpon|0 fnt\n|faint|p1a: Ogerpon\n|\n|upkeep\n|\n|t:|1699746696\n|switch|p1a: Scizor|Scizor-Mega, M|100\/100\n|turn|11\n|\n|t:|1699746699\n|move|p1a: Scizor|Bullet Punch|p2a: Iron Moth\n|-damage|p2a: Iron Moth|4\/100\n|move|p2a: Iron Moth|Fiery Dance|p1a: Scizor\n|-supereffective|p1a: Scizor\n|-damage|p1a: Scizor|0 fnt\n|-boost|p2a: Iron Moth|spa|1\n|faint|p1a: Scizor\n|\n|upkeep\n|c|\u2606AfuroVictini|gg\n|\n|t:|1699746703\n|switch|p1a: Iron Valiant|Iron Valiant|100\/100\n|turn|12\n|\n|t:|1699746707\n|move|p2a: Iron Moth|Sludge Wave|p1a: Iron Valiant\n|-supereffective|p1a: Iron Valiant\n|-damage|p1a: Iron Valiant|0 fnt\n|faint|p1a: Iron Valiant\n|-end|p1a: Iron Valiant|Quark Drive|[silent]\n|\n|win|PikachuXD317878\n|c|\u2606PikachuXD317878|gg\n|c|\u2606AfuroVictini|joder\n","uploadtime":1699746713,"views":7,"p1id":"afurovictini","p2id":"pikachuxd317878","formatid":"gen9nationaldex","rating":0,"private":0,"password":""}