{"id":"gen9nationaldex-1989135063","p1":"Jacapdavida","p2":"SuperDog420","format":"[Gen 9] National Dex","log":"|j|\u2606Jacapdavida\n|j|\u2606SuperDog420\n|t:|1699815984\n|gametype|singles\n|player|p1|Jacapdavida|ninjaboy|1133\n|player|p2|SuperDog420|gentleman-gen4dp|1000\n|teamsize|p1|6\n|teamsize|p2|6\n|gen|9\n|tier|[Gen 9] National Dex\n|rated|\n|rule|HP Percentage Mod: HP is shown in percentages\n|rule|Endless Battle Clause: Forcing endless battles is banned\n|rule|OHKO Clause: OHKO moves are banned\n|rule|Evasion Clause: Evasion abilities, items, and moves are banned\n|rule|Evasion Abilities Clause: Evasion abilities are banned\n|rule|Evasion Items Clause: Evasion items are banned\n|rule|Evasion Moves Clause: Evasion moves are banned\n|rule|Species Clause: Limit one of each Pok\u00e9mon\n|rule|Sleep Clause Mod: Limit one foe put to sleep\n|clearpoke\n|poke|p1|Kleavor, M|\n|poke|p1|Klawf, F|\n|poke|p1|Hawlucha, M|\n|poke|p1|Diancie|\n|poke|p1|Regice|\n|poke|p1|Gliscor, F|\n|poke|p2|Garchomp, M|\n|poke|p2|Electivire, M|\n|poke|p2|Pangoro, F|\n|poke|p2|Lycanroc-Midnight, M|\n|poke|p2|Slowking, F|\n|poke|p2|Aggron, M|\n|teampreview\n|inactive|Battle timer is ON: inactive players will automatically lose when time's up. (requested by Jacapdavida)\n|\n|t:|1699815999\n|start\n|switch|p1a: Kleavor|Kleavor, M|100\/100\n|switch|p2a: Jaws|Garchomp, M|100\/100\n|turn|1\n|\n|t:|1699816006\n|detailschange|p2a: Jaws|Garchomp-Mega, M\n|-mega|p2a: Jaws|Garchomp|Garchompite\n|move|p1a: Kleavor|U-turn|p2a: Jaws\n|-damage|p2a: Jaws|62\/100\n|\n|t:|1699816010\n|switch|p1a: Gliscor|Gliscor, F|100\/100|[from] U-turn\n|move|p2a: Jaws|Dig||[still]\n|-prepare|p2a: Jaws|Dig\n|\n|-status|p1a: Gliscor|tox|[from] item: Toxic Orb\n|upkeep\n|turn|2\n|\n|t:|1699816017\n|move|p1a: Gliscor|Earthquake|p2a: Jaws\n|-damage|p2a: Jaws|20\/100\n|move|p2a: Jaws|Dig|p1a: Gliscor|[from]lockedmove\n|-immune|p1a: Gliscor\n|\n|upkeep\n|turn|3\n|\n|t:|1699816024\n|move|p1a: Gliscor|Spikes|p2a: Jaws\n|-sidestart|p2: SuperDog420|Spikes\n|move|p2a: Jaws|Dragon Claw|p1a: Gliscor\n|-damage|p1a: Gliscor|65\/100 tox\n|\n|-heal|p1a: Gliscor|77\/100 tox|[from] ability: Poison Heal\n|upkeep\n|turn|4\n|\n|t:|1699816030\n|move|p1a: Gliscor|Spikes|p2a: Jaws\n|-sidestart|p2: SuperDog420|Spikes\n|move|p2a: Jaws|Dragon Pulse|p1a: Gliscor\n|-damage|p1a: Gliscor|43\/100 tox\n|\n|-heal|p1a: Gliscor|55\/100 tox|[from] ability: Poison Heal\n|upkeep\n|turn|5\n|\n|t:|1699816034\n|move|p1a: Gliscor|Spikes|p2a: Jaws\n|-sidestart|p2: SuperDog420|Spikes\n|move|p2a: Jaws|Dragon Claw|p1a: Gliscor\n|-damage|p1a: Gliscor|16\/100 tox\n|\n|-heal|p1a: Gliscor|29\/100 tox|[from] ability: Poison Heal\n|upkeep\n|turn|6\n|\n|t:|1699816040\n|move|p1a: Gliscor|Protect|p1a: Gliscor\n|-singleturn|p1a: Gliscor|Protect\n|move|p2a: Jaws|Dragon Claw|p1a: Gliscor\n|-activate|p1a: Gliscor|move: Protect\n|\n|-heal|p1a: Gliscor|41\/100 tox|[from] ability: Poison Heal\n|upkeep\n|turn|7\n|\n|t:|1699816046\n|move|p1a: Gliscor|Earthquake|p2a: Jaws\n|-damage|p2a: Jaws|0 fnt\n|faint|p2a: Jaws\n|\n|-heal|p1a: Gliscor|54\/100 tox|[from] ability: Poison Heal\n|upkeep\n|\n|t:|1699816051\n|switch|p2a: Kaiju|Aggron, M|100\/100\n|-damage|p2a: Kaiju|75\/100|[from] Spikes\n|turn|8\n|\n|t:|1699816056\n|move|p1a: Gliscor|Earthquake|p2a: Kaiju\n|-supereffective|p2a: Kaiju\n|-damage|p2a: Kaiju|0 fnt\n|faint|p2a: Kaiju\n|\n|-heal|p1a: Gliscor|66\/100 tox|[from] ability: Poison Heal\n|upkeep\n|\n|t:|1699816063\n|switch|p2a: Meridath|Slowking, F|100\/100\n|turn|9\n|\n|t:|1699816068\n|-terastallize|p2a: Meridath|Water\n|move|p1a: Gliscor|Toxic|p2a: Meridath\n|-status|p2a: Meridath|tox\n|move|p2a: Meridath|Aqua Tail|p1a: Gliscor\n|-supereffective|p1a: Gliscor\n|-damage|p1a: Gliscor|14\/100 tox\n|\n|-heal|p1a: Gliscor|26\/100 tox|[from] ability: Poison Heal\n|-damage|p2a: Meridath|94\/100 tox|[from] psn\n|upkeep\n|turn|10\n|\n|t:|1699816075\n|move|p1a: Gliscor|Protect|p1a: Gliscor\n|-singleturn|p1a: Gliscor|Protect\n|move|p2a: Meridath|Ice Beam|p1a: Gliscor\n|-activate|p1a: Gliscor|move: Protect\n|\n|-heal|p1a: Gliscor|39\/100 tox|[from] ability: Poison Heal\n|-damage|p2a: Meridath|82\/100 tox|[from] psn\n|upkeep\n|turn|11\n|\n|t:|1699816083\n|move|p1a: Gliscor|Earthquake|p2a: Meridath\n|-damage|p2a: Meridath|45\/100 tox\n|move|p2a: Meridath|Ice Beam|p1a: Gliscor\n|-supereffective|p1a: Gliscor\n|-damage|p1a: Gliscor|0 fnt\n|faint|p1a: Gliscor\n|\n|-damage|p2a: Meridath|26\/100 tox|[from] psn\n|upkeep\n|\n|t:|1699816093\n|switch|p1a: Hawlucha|Hawlucha, M|100\/100\n|turn|12\n|\n|t:|1699816098\n|move|p1a: Hawlucha|Endure|p1a: Hawlucha\n|-singleturn|p1a: Hawlucha|move: Endure\n|move|p2a: Meridath|Light Screen|p2a: Meridath\n|-sidestart|p2: SuperDog420|move: Light Screen\n|\n|-damage|p2a: Meridath|2\/100 tox|[from] psn\n|upkeep\n|turn|13\n|\n|t:|1699816109\n|move|p1a: Hawlucha|Acrobatics|p2a: Meridath\n|-damage|p2a: Meridath|0 fnt\n|faint|p2a: Meridath\n|\n|upkeep\n|\n|t:|1699816113\n|switch|p2a: Bowie|Lycanroc-Midnight, M|100\/100\n|-damage|p2a: Bowie|76\/100|[from] Spikes\n|turn|14\n|\n|t:|1699816117\n|move|p1a: Hawlucha|Endure|p1a: Hawlucha\n|-singleturn|p1a: Hawlucha|move: Endure\n|-zpower|p2a: Bowie\n|move|p2a: Bowie|Continental Crush|p1a: Hawlucha|[zeffect]\n|-activate|p1a: Hawlucha|move: Endure\n|-damage|p1a: Hawlucha|1\/100\n|-enditem|p1a: Hawlucha|Liechi Berry|[eat]\n|-boost|p1a: Hawlucha|atk|1|[from] item: Liechi Berry\n|\n|upkeep\n|turn|15\n|\n|t:|1699816127\n|move|p1a: Hawlucha|Reversal|p2a: Bowie\n|-supereffective|p2a: Bowie\n|-damage|p2a: Bowie|0 fnt\n|faint|p2a: Bowie\n|\n|upkeep\n|\n|t:|1699816130\n|switch|p2a: Mike|Electivire, M|100\/100\n|-damage|p2a: Mike|76\/100|[from] Spikes\n|turn|16\n|\n|t:|1699816133\n|move|p1a: Hawlucha|Reversal|p2a: Mike\n|-damage|p2a: Mike|0 fnt\n|faint|p2a: Mike\n|\n|-sideend|p2: SuperDog420|move: Light Screen\n|upkeep\n|\n|t:|1699816137\n|switch|p2a: Po|Pangoro, F|100\/100\n|-damage|p2a: Po|76\/100|[from] Spikes\n|turn|17\n|\n|t:|1699816141\n|move|p1a: Hawlucha|Roost|p1a: Hawlucha\n|-heal|p1a: Hawlucha|51\/100\n|-singleturn|p1a: Hawlucha|move: Roost\n|move|p2a: Po|Seismic Toss|p1a: Hawlucha\n|-damage|p1a: Hawlucha|17\/100\n|\n|upkeep\n|turn|18\n|\n|t:|1699816148\n|-singleturn|p2a: Po|move: Focus Punch\n|move|p1a: Hawlucha|Reversal|p2a: Po\n|-supereffective|p2a: Po\n|-enditem|p2a: Po|Chople Berry|[eat]\n|-enditem|p2a: Po|Chople Berry|[weaken]\n|-damage|p2a: Po|0 fnt\n|faint|p2a: Po\n|\n|win|Jacapdavida\n|raw|Jacapdavida's rating: 1133 &rarr; <strong>1149<\/strong><br \/>(+16 for winning)\n|raw|SuperDog420's rating: 1000 &rarr; <strong>1000<\/strong><br \/>(+0 for losing)\n|l|\u2606SuperDog420\n","uploadtime":1699816158,"views":5,"p1id":"jacapdavida","p2id":"superdog420","formatid":"gen9nationaldex","rating":1000,"private":0,"password":""}