{"id":"gen9nationaldex-1988431975","p1":"akyraaiko","p2":"Ekkogandr","format":"[Gen 9] National Dex","log":"|j|\u2606akyraaiko\n|j|\u2606Ekkogandr\n|t:|1699722294\n|gametype|singles\n|player|p1|akyraaiko|beauty-gen4dp|\n|player|p2|Ekkogandr|turo-ai|\n|teamsize|p1|6\n|teamsize|p2|6\n|gen|9\n|tier|[Gen 9] National Dex\n|rule|HP Percentage Mod: HP is shown in percentages\n|rule|Endless Battle Clause: Forcing endless battles is banned\n|rule|OHKO Clause: OHKO moves are banned\n|rule|Evasion Clause: Evasion abilities, items, and moves are banned\n|rule|Evasion Abilities Clause: Evasion abilities are banned\n|rule|Evasion Items Clause: Evasion items are banned\n|rule|Evasion Moves Clause: Evasion moves are banned\n|rule|Species Clause: Limit one of each Pok\u00e9mon\n|rule|Sleep Clause Mod: Limit one foe put to sleep\n|clearpoke\n|poke|p1|Cloyster, F|\n|poke|p1|Kartana|\n|poke|p1|Lycanroc-Dusk, F|\n|poke|p1|Ceruledge, M|\n|poke|p1|Gardevoir, M|\n|poke|p1|Ting-Lu|\n|poke|p2|Garchomp, F|\n|poke|p2|Iron Valiant|\n|poke|p2|Mawile, M|\n|poke|p2|Heatran, F|\n|poke|p2|Rotom-Wash|\n|poke|p2|Landorus-Therian, M|\n|teampreview\n|j| ttheus\n|\n|t:|1699722309\n|start\n|switch|p1a: El lobo|Lycanroc-Dusk, F, shiny|100\/100\n|switch|p2a: Terra Tigris|Landorus-Therian, M|100\/100\n|-ability|p2a: Terra Tigris|Intimidate|boost\n|-unboost|p1a: El lobo|atk|1\n|turn|1\n|c|\u2606akyraaiko|NAOO ROTOM NAO\n|\n|t:|1699722326\n|move|p1a: El lobo|Accelerock|p2a: Terra Tigris\n|-damage|p2a: Terra Tigris|83\/100\n|-damage|p1a: El lobo|84\/100|[from] item: Rocky Helmet|[of] p2a: Terra Tigris\n|-damage|p1a: El lobo|74\/100|[from] item: Life Orb\n|move|p2a: Terra Tigris|Stealth Rock|p1a: El lobo\n|-sidestart|p1: akyraaiko|move: Stealth Rock\n|\n|upkeep\n|turn|2\n|\n|t:|1699722330\n|switch|p1a: Xereca|Cloyster, F, shiny|100\/100\n|-damage|p1a: Xereca|76\/100|[from] Stealth Rock\n|move|p2a: Terra Tigris|Earthquake|p1a: Xereca\n|-damage|p1a: Xereca|42\/100\n|\n|upkeep\n|turn|3\n|\n|t:|1699722337\n|switch|p2a: Victor Mare|Rotom-Wash|100\/100\n|move|p1a: Xereca|Icicle Spear|p2a: Victor Mare\n|-resisted|p2a: Victor Mare\n|-damage|p2a: Victor Mare|96\/100\n|-resisted|p2a: Victor Mare\n|-damage|p2a: Victor Mare|91\/100\n|-resisted|p2a: Victor Mare\n|-damage|p2a: Victor Mare|87\/100\n|-resisted|p2a: Victor Mare\n|-damage|p2a: Victor Mare|82\/100\n|-resisted|p2a: Victor Mare\n|-damage|p2a: Victor Mare|78\/100\n|-hitcount|p2a: Victor Mare|5\n|\n|-heal|p2a: Victor Mare|84\/100|[from] item: Leftovers\n|upkeep\n|turn|4\n|\n|t:|1699722343\n|move|p2a: Victor Mare|Volt Switch|p1a: Xereca\n|-supereffective|p1a: Xereca\n|-damage|p1a: Xereca|0 fnt\n|faint|p1a: Xereca\n|\n|t:|1699722358\n|switch|p2a: Duo Adversus|Mawile, M|100\/100|[from] Volt Switch\n|\n|upkeep\n|\n|t:|1699722367\n|switch|p1a: El lobo|Lycanroc-Dusk, F, shiny|74\/100\n|-damage|p1a: El lobo|62\/100|[from] Stealth Rock\n|turn|5\n|\n|t:|1699722376\n|switch|p2a: Victor Mare|Rotom-Wash|84\/100\n|move|p1a: El lobo|Fire Fang|p2a: Victor Mare\n|-resisted|p2a: Victor Mare\n|-damage|p2a: Victor Mare|68\/100\n|-damage|p1a: El lobo|52\/100|[from] item: Life Orb\n|\n|-heal|p2a: Victor Mare|75\/100|[from] item: Leftovers\n|upkeep\n|turn|6\n|\n|t:|1699722388\n|switch|p1a: Katana|Kartana, shiny|100\/100\n|-damage|p1a: Katana|94\/100|[from] Stealth Rock\n|move|p2a: Victor Mare|Hydro Pump|p1a: Katana\n|-resisted|p1a: Katana\n|-damage|p1a: Katana|21\/100\n|\n|-heal|p2a: Victor Mare|81\/100|[from] item: Leftovers\n|upkeep\n|turn|7\n|\n|t:|1699722392\n|switch|p2a: Mantichora|Heatran, F|100\/100\n|move|p1a: Katana|Leaf Blade|p2a: Mantichora\n|-resisted|p2a: Mantichora\n|-crit|p2a: Mantichora\n|-damage|p2a: Mantichora|83\/100\n|\n|-heal|p2a: Mantichora|89\/100|[from] item: Leftovers\n|upkeep\n|turn|8\n|c|\u2606akyraaiko|por isso eu jogo com o bacci\n|\n|t:|1699722408\n|move|p1a: Katana|Knock Off|p2a: Mantichora\n|-damage|p2a: Mantichora|50\/100\n|-enditem|p2a: Mantichora|Leftovers|[from] move: Knock Off|[of] p1a: Katana\n|move|p2a: Mantichora|Earth Power|p1a: Katana\n|-damage|p1a: Katana|0 fnt\n|faint|p1a: Katana\n|\n|upkeep\n|c|\u2606Ekkogandr|skill issue\n|c|\u2606akyraaiko|nao\n|c|\u2606akyraaiko|ele \u00e9 um ser humano\n|\n|t:|1699722421\n|switch|p1a: El lobo|Lycanroc-Dusk, F, shiny|52\/100\n|-damage|p1a: El lobo|39\/100|[from] Stealth Rock\n|turn|9\n|\n|t:|1699722427\n|switch|p2a: Victor Mare|Rotom-Wash|81\/100\n|move|p1a: El lobo|Brick Break|p2a: Victor Mare\n|-damage|p2a: Victor Mare|44\/100\n|-damage|p1a: El lobo|29\/100|[from] item: Life Orb\n|\n|-heal|p2a: Victor Mare|50\/100|[from] item: Leftovers\n|upkeep\n|turn|10\n|\n|t:|1699722440\n|switch|p1a: Gwen|Gardevoir, M, shiny|100\/100\n|-damage|p1a: Gwen|88\/100|[from] Stealth Rock\n|move|p2a: Victor Mare|Volt Switch|p1a: Gwen\n|-damage|p1a: Gwen|67\/100\n|\n|t:|1699722444\n|switch|p2a: Duo Adversus|Mawile, M|100\/100|[from] Volt Switch\n|-ability|p2a: Duo Adversus|Intimidate|boost\n|-unboost|p1a: Gwen|atk|1\n|\n|upkeep\n|turn|11\n|\n|t:|1699722452\n|detailschange|p1a: Gwen|Gardevoir-Mega, M, shiny\n|-mega|p1a: Gwen|Gardevoir|Gardevoirite\n|detailschange|p2a: Duo Adversus|Mawile-Mega, M\n|-mega|p2a: Duo Adversus|Mawile|Mawilite\n|move|p1a: Gwen|Aura Sphere|p2a: Duo Adversus\n|-damage|p2a: Duo Adversus|52\/100\n|move|p2a: Duo Adversus|Swords Dance|p2a: Duo Adversus\n|-boost|p2a: Duo Adversus|atk|2\n|\n|upkeep\n|turn|12\n|\n|t:|1699722457\n|move|p2a: Duo Adversus|Sucker Punch|p1a: Gwen\n|-damage|p1a: Gwen|0 fnt\n|faint|p1a: Gwen\n|\n|upkeep\n|c| ttheus|vdd\n|\n|t:|1699722464\n|switch|p1a: Teu pai chifrudo|Ting-Lu|100\/100\n|-damage|p1a: Teu pai chifrudo|94\/100|[from] Stealth Rock\n|-ability|p1a: Teu pai chifrudo|Vessel of Ruin\n|turn|13\n|c| ttheus|fernando \u00e9 psicopata\n|\n|t:|1699722469\n|move|p2a: Duo Adversus|Knock Off|p1a: Teu pai chifrudo\n|-resisted|p1a: Teu pai chifrudo\n|-damage|p1a: Teu pai chifrudo|60\/100\n|-enditem|p1a: Teu pai chifrudo|Leftovers|[from] move: Knock Off|[of] p2a: Duo Adversus\n|move|p1a: Teu pai chifrudo|Body Press|p2a: Duo Adversus\n|-damage|p2a: Duo Adversus|28\/100\n|\n|upkeep\n|turn|14\n|\n|t:|1699722478\n|switch|p2a: Imperatrix Umbrosa|Iron Valiant|100\/100\n|-enditem|p2a: Imperatrix Umbrosa|Booster Energy\n|-activate|p2a: Imperatrix Umbrosa|ability: Quark Drive|[fromitem]\n|-start|p2a: Imperatrix Umbrosa|quarkdrivespe\n|move|p1a: Teu pai chifrudo|Earthquake|p2a: Imperatrix Umbrosa\n|-damage|p2a: Imperatrix Umbrosa|38\/100\n|\n|upkeep\n|turn|15\n|c|\u2606Ekkogandr|rip\n|\n|t:|1699722490\n|switch|p1a: Ceruledge|Ceruledge, M|100\/100\n|-damage|p1a: Ceruledge|76\/100|[from] Stealth Rock\n|move|p2a: Imperatrix Umbrosa|Moonblast|p1a: Ceruledge\n|-resisted|p1a: Ceruledge\n|-damage|p1a: Ceruledge|52\/100\n|\n|upkeep\n|turn|16\n|\n|t:|1699722497\n|move|p2a: Imperatrix Umbrosa|Thunderbolt|p1a: Ceruledge\n|-damage|p1a: Ceruledge|20\/100\n|move|p1a: Ceruledge|Poison Jab|p2a: Imperatrix Umbrosa\n|-supereffective|p2a: Imperatrix Umbrosa\n|-damage|p2a: Imperatrix Umbrosa|0 fnt\n|faint|p2a: Imperatrix Umbrosa\n|-end|p2a: Imperatrix Umbrosa|Quark Drive|[silent]\n|\n|upkeep\n|\n|t:|1699722502\n|switch|p2a: Terra Tigris|Landorus-Therian, M|83\/100\n|-ability|p2a: Terra Tigris|Intimidate|boost\n|-unboost|p1a: Ceruledge|atk|1\n|turn|17\n|c|\u2606akyraaiko|MATEI UMMm\n|\n|t:|1699722509\n|move|p1a: Ceruledge|Poison Jab|p2a: Terra Tigris\n|-resisted|p2a: Terra Tigris\n|-damage|p2a: Terra Tigris|76\/100\n|-damage|p1a: Ceruledge|4\/100|[from] item: Rocky Helmet|[of] p2a: Terra Tigris\n|move|p2a: Terra Tigris|Earthquake|p1a: Ceruledge\n|-supereffective|p1a: Ceruledge\n|-damage|p1a: Ceruledge|0 fnt\n|faint|p1a: Ceruledge\n|\n|upkeep\n|c|\u2606Ekkogandr|tu podia ter matado com ting lu\n|\n|t:|1699722523\n|switch|p1a: Teu pai chifrudo|Ting-Lu|60\/100\n|-damage|p1a: Teu pai chifrudo|53\/100|[from] Stealth Rock\n|-ability|p1a: Teu pai chifrudo|Vessel of Ruin\n|turn|18\n|c|\u2606Ekkogandr|ele tanka essa porra\n|c|\u2606akyraaiko|pau no seu cu\n|\n|t:|1699722531\n|move|p2a: Terra Tigris|Toxic|p1a: Teu pai chifrudo\n|-status|p1a: Teu pai chifrudo|tox\n|move|p1a: Teu pai chifrudo|Stealth Rock|p2a: Terra Tigris\n|-sidestart|p2: Ekkogandr|move: Stealth Rock\n|\n|-damage|p1a: Teu pai chifrudo|47\/100 tox|[from] psn\n|upkeep\n|turn|19\n|\n|t:|1699722540\n|move|p2a: Terra Tigris|U-turn|p1a: Teu pai chifrudo\n|-supereffective|p1a: Teu pai chifrudo\n|-damage|p1a: Teu pai chifrudo|22\/100 tox\n|\n|t:|1699722542\n|switch|p2a: Victor Mare|Rotom-Wash|50\/100|[from] U-turn\n|-damage|p2a: Victor Mare|38\/100|[from] Stealth Rock\n|move|p1a: Teu pai chifrudo|Body Press|p2a: Victor Mare\n|-damage|p2a: Victor Mare|19\/100\n|\n|-heal|p2a: Victor Mare|25\/100|[from] item: Leftovers\n|-damage|p1a: Teu pai chifrudo|10\/100 tox|[from] psn\n|upkeep\n|turn|20\n|\n|t:|1699722546\n|move|p2a: Victor Mare|Defog|p1a: Teu pai chifrudo\n|-unboost|p1a: Teu pai chifrudo|evasion|1\n|-sideend|p1: akyraaiko|Stealth Rock|[from] move: Defog|[of] p2a: Victor Mare\n|-sideend|p2: Ekkogandr|Stealth Rock|[from] move: Defog|[of] p2a: Victor Mare\n|move|p1a: Teu pai chifrudo|Body Press|p2a: Victor Mare\n|-damage|p2a: Victor Mare|8\/100\n|\n|-heal|p2a: Victor Mare|15\/100|[from] item: Leftovers\n|-damage|p1a: Teu pai chifrudo|0 fnt|[from] psn\n|faint|p1a: Teu pai chifrudo\n|upkeep\n|\n|t:|1699722551\n|switch|p1a: El lobo|Lycanroc-Dusk, F, shiny|29\/100\n|turn|21\n|\n|t:|1699722557\n|move|p1a: El lobo|Accelerock|p2a: Victor Mare\n|-damage|p2a: Victor Mare|0 fnt\n|faint|p2a: Victor Mare\n|-damage|p1a: El lobo|19\/100|[from] item: Life Orb\n|\n|upkeep\n|\n|t:|1699722563\n|switch|p2a: Duo Adversus|Mawile-Mega, M|28\/100\n|turn|22\n|\n|t:|1699722573\n|move|p2a: Duo Adversus|Sucker Punch|p1a: El lobo\n|-damage|p1a: El lobo|0 fnt\n|faint|p1a: El lobo\n|\n|win|Ekkogandr\n|c|\u2606Ekkogandr|gg\n|c|\u2606akyraaiko|gg\n","uploadtime":1699722580,"views":9,"p1id":"akyraaiko","p2id":"ekkogandr","formatid":"gen9nationaldex","rating":0,"private":0,"password":""}