{"id":"gen9nationaldex-1998751110","p1":"beoneko111","p2":"Jdjdhdhdbshsz","format":"[Gen 9] National Dex","log":"|html|<div class=\"broadcast-blue\"><strong>[Gen 9] National Dex is currently suspecting Sneasler! For information on how to participate check out the <a href=\"https:\/\/www.smogon.com\/forums\/threads\/sv-national-dex-suspect-8-just-dance.3731534\/\">suspect thread<\/a>.<\/strong><\/div>\n|j|\u2606beoneko111\n|j|\u2606Jdjdhdhdbshsz\n|t:|1700983257\n|gametype|singles\n|player|p1|beoneko111|pilot|1263\n|player|p2|Jdjdhdhdbshsz|101|1196\n|teamsize|p1|6\n|teamsize|p2|6\n|gen|9\n|tier|[Gen 9] National Dex\n|rated|\n|rule|HP Percentage Mod: HP is shown in percentages\n|rule|Endless Battle Clause: Forcing endless battles is banned\n|rule|OHKO Clause: OHKO moves are banned\n|rule|Evasion Clause: Evasion abilities, items, and moves are banned\n|rule|Evasion Abilities Clause: Evasion abilities are banned\n|rule|Evasion Items Clause: Evasion items are banned\n|rule|Evasion Moves Clause: Evasion moves are banned\n|rule|Species Clause: Limit one of each Pok\u00e9mon\n|rule|Sleep Clause Mod: Limit one foe put to sleep\n|clearpoke\n|poke|p1|Clodsire, F|\n|poke|p1|Hippowdon, F|\n|poke|p1|Corviknight, F|\n|poke|p1|Silvally-*|\n|poke|p1|Samurott-Hisui, F|\n|poke|p1|Grimmsnarl, M|\n|poke|p2|Mawile, F|\n|poke|p2|Zamazenta-*|\n|poke|p2|Chansey, F|\n|poke|p2|Slowbro, F|\n|poke|p2|Gliscor, F|\n|poke|p2|Ogerpon-Wellspring, F|\n|teampreview\n|inactive|Battle timer is ON: inactive players will automatically lose when time's up. (requested by Jdjdhdhdbshsz)\n|inactive|beoneko111 also wants the timer to be on.\n|\n|t:|1700983273\n|start\n|switch|p1a: Hippowdon|Hippowdon, F|100\/100\n|switch|p2a: Mawile|Mawile, F, shiny|100\/100\n|-ability|p2a: Mawile|Intimidate|boost\n|-unboost|p1a: Hippowdon|atk|1\n|-weather|Sandstorm|[from] ability: Sand Stream|[of] p1a: Hippowdon\n|turn|1\n|\n|t:|1700983282\n|switch|p2a: Slowbro|Slowbro, F|100\/100\n|move|p1a: Hippowdon|Yawn|p2a: Slowbro\n|-start|p2a: Slowbro|move: Yawn|[of] p1a: Hippowdon\n|\n|-weather|Sandstorm|[upkeep]\n|-damage|p2a: Slowbro|94\/100|[from] Sandstorm\n|upkeep\n|turn|2\n|\n|t:|1700983291\n|move|p1a: Hippowdon|Stealth Rock|p2a: Slowbro\n|-sidestart|p2: Jdjdhdhdbshsz|move: Stealth Rock\n|move|p2a: Slowbro|Teleport|p2a: Slowbro\n|\n|t:|1700983294\n|switch|p2a: Gliscor|Gliscor, F|100\/100|[from] Teleport\n|-damage|p2a: Gliscor|88\/100|[from] Stealth Rock\n|\n|-weather|Sandstorm|[upkeep]\n|-status|p2a: Gliscor|tox|[from] item: Toxic Orb\n|upkeep\n|turn|3\n|\n|t:|1700983302\n|move|p2a: Gliscor|Defog|p1a: Hippowdon\n|-unboost|p1a: Hippowdon|evasion|1\n|-sideend|p2: Jdjdhdhdbshsz|Stealth Rock|[from] move: Defog|[of] p2a: Gliscor\n|move|p1a: Hippowdon|Whirlwind|p2a: Gliscor\n|drag|p2a: Ogerpon|Ogerpon-Wellspring, F|100\/100\n|\n|-weather|Sandstorm|[upkeep]\n|-damage|p2a: Ogerpon|95\/100|[from] Sandstorm\n|upkeep\n|turn|4\n|\n|t:|1700983310\n|move|p2a: Ogerpon|Ivy Cudgel|p1a: Hippowdon|[anim] Ivy Cudgel Water\n|-supereffective|p1a: Hippowdon\n|-damage|p1a: Hippowdon|16\/100\n|move|p1a: Hippowdon|Yawn|p2a: Ogerpon\n|-start|p2a: Ogerpon|move: Yawn|[of] p1a: Hippowdon\n|\n|-weather|Sandstorm|[upkeep]\n|-damage|p2a: Ogerpon|89\/100|[from] Sandstorm\n|-heal|p1a: Hippowdon|22\/100|[from] item: Leftovers\n|upkeep\n|turn|5\n|\n|t:|1700983316\n|switch|p2a: Slowbro|Slowbro, F|100\/100\n|switch|p1a: Samurott|Samurott-Hisui, F|100\/100\n|\n|-weather|none\n|upkeep\n|turn|6\n|\n|t:|1700983320\n|switch|p2a: Zamazenta|Zamazenta|100\/100\n|-ability|p2a: Zamazenta|Dauntless Shield|boost\n|-boost|p2a: Zamazenta|def|1\n|move|p1a: Samurott|Ceaseless Edge|p2a: Zamazenta|[miss]\n|-miss|p1a: Samurott|p2a: Zamazenta\n|\n|upkeep\n|turn|7\n|\n|t:|1700983327\n|move|p1a: Samurott|Ceaseless Edge|p2a: Zamazenta\n|-resisted|p2a: Zamazenta\n|-damage|p2a: Zamazenta|85\/100\n|-sidestart|p2: Jdjdhdhdbshsz|Spikes\n|move|p2a: Zamazenta|Close Combat|p1a: Samurott\n|-supereffective|p1a: Samurott\n|-damage|p1a: Samurott|0 fnt\n|-unboost|p2a: Zamazenta|def|1\n|-unboost|p2a: Zamazenta|spd|1\n|faint|p1a: Samurott\n|\n|upkeep\n|\n|t:|1700983336\n|switch|p1a: Corviknight|Corviknight, F|100\/100\n|turn|8\n|\n|t:|1700983343\n|switch|p2a: Ogerpon|Ogerpon-Wellspring, F|89\/100\n|-damage|p2a: Ogerpon|76\/100|[from] Spikes\n|move|p1a: Corviknight|Bulk Up|p1a: Corviknight\n|-boost|p1a: Corviknight|atk|1\n|-boost|p1a: Corviknight|def|1\n|\n|upkeep\n|turn|9\n|\n|t:|1700983352\n|-terastallize|p1a: Corviknight|Dragon\n|move|p2a: Ogerpon|Encore|p1a: Corviknight\n|-start|p1a: Corviknight|Encore\n|move|p1a: Corviknight|Bulk Up|p1a: Corviknight\n|-boost|p1a: Corviknight|atk|1\n|-boost|p1a: Corviknight|def|1\n|\n|upkeep\n|turn|10\n|\n|t:|1700983357\n|move|p2a: Ogerpon|Swords Dance|p2a: Ogerpon\n|-boost|p2a: Ogerpon|atk|2\n|move|p1a: Corviknight|Bulk Up|p1a: Corviknight\n|-boost|p1a: Corviknight|atk|1\n|-boost|p1a: Corviknight|def|1\n|\n|upkeep\n|turn|11\n|\n|t:|1700983359\n|move|p2a: Ogerpon|Swords Dance|p2a: Ogerpon\n|-boost|p2a: Ogerpon|atk|2\n|move|p1a: Corviknight|Bulk Up|p1a: Corviknight\n|-boost|p1a: Corviknight|atk|1\n|-boost|p1a: Corviknight|def|1\n|\n|-end|p1a: Corviknight|Encore\n|upkeep\n|turn|12\n|\n|t:|1700983364\n|move|p2a: Ogerpon|Encore|p1a: Corviknight\n|-start|p1a: Corviknight|Encore\n|move|p1a: Corviknight|Bulk Up|p1a: Corviknight\n|-boost|p1a: Corviknight|atk|1\n|-boost|p1a: Corviknight|def|1\n|\n|upkeep\n|turn|13\n|\n|t:|1700983367\n|move|p2a: Ogerpon|Swords Dance|p2a: Ogerpon\n|-boost|p2a: Ogerpon|atk|2\n|move|p1a: Corviknight|Bulk Up|p1a: Corviknight\n|-boost|p1a: Corviknight|atk|1\n|-boost|p1a: Corviknight|def|1\n|\n|upkeep\n|turn|14\n|\n|t:|1700983370\n|move|p2a: Ogerpon|Horn Leech|p1a: Corviknight\n|-resisted|p1a: Corviknight\n|-damage|p1a: Corviknight|80\/100\n|-heal|p2a: Ogerpon|89\/100|[from] drain|[of] p1a: Corviknight\n|move|p1a: Corviknight|Bulk Up|p1a: Corviknight\n|-boost|p1a: Corviknight|atk|0\n|-boost|p1a: Corviknight|def|0\n|\n|-end|p1a: Corviknight|Encore\n|upkeep\n|turn|15\n|\n|t:|1700983375\n|move|p2a: Ogerpon|Encore|p1a: Corviknight\n|-start|p1a: Corviknight|Encore\n|move|p1a: Corviknight|Bulk Up|p1a: Corviknight\n|-boost|p1a: Corviknight|atk|0\n|-boost|p1a: Corviknight|def|0\n|\n|upkeep\n|turn|16\n|\n|t:|1700983378\n|move|p2a: Ogerpon|Horn Leech|p1a: Corviknight\n|-resisted|p1a: Corviknight\n|-damage|p1a: Corviknight|59\/100\n|-heal|p2a: Ogerpon|100\/100|[from] drain|[of] p1a: Corviknight\n|move|p1a: Corviknight|Bulk Up|p1a: Corviknight\n|-boost|p1a: Corviknight|atk|0\n|-boost|p1a: Corviknight|def|0\n|\n|upkeep\n|turn|17\n|-message|beoneko111 forfeited.\n|\n|win|Jdjdhdhdbshsz\n|raw|beoneko111's rating: 1263 &rarr; <strong>1233<\/strong><br \/>(-30 for losing)\n|raw|Jdjdhdhdbshsz's rating: 1196 &rarr; <strong>1226<\/strong><br \/>(+30 for winning)\n|l|\u2606beoneko111\n","uploadtime":1700983492,"views":1,"p1id":"beoneko111","p2id":"jdjdhdhdbshsz","formatid":"gen9nationaldex","rating":1226,"private":0,"password":""}