{"id":"gen9nationaldex-1987778353","p1":"Lady Opal","p2":"Hallorenzo","format":"[Gen 9] National Dex","log":"|j|\u2606Lady Opal\n|j|\u2606Hallorenzo\n|t:|1699636046\n|gametype|singles\n|player|p1|Lady Opal|cynthia|1146\n|player|p2|Hallorenzo|harlequin|1221\n|teamsize|p1|6\n|teamsize|p2|6\n|gen|9\n|tier|[Gen 9] National Dex\n|rated|\n|rule|HP Percentage Mod: HP is shown in percentages\n|rule|Endless Battle Clause: Forcing endless battles is banned\n|rule|OHKO Clause: OHKO moves are banned\n|rule|Evasion Clause: Evasion abilities, items, and moves are banned\n|rule|Evasion Abilities Clause: Evasion abilities are banned\n|rule|Evasion Items Clause: Evasion items are banned\n|rule|Evasion Moves Clause: Evasion moves are banned\n|rule|Species Clause: Limit one of each Pok\u00e9mon\n|rule|Sleep Clause Mod: Limit one foe put to sleep\n|clearpoke\n|poke|p1|Spiritomb, F|\n|poke|p1|Togekiss, F|\n|poke|p1|Roserade, F|\n|poke|p1|Milotic, F|\n|poke|p1|Garchomp, F|\n|poke|p1|Lucario, F|\n|poke|p2|Kecleon, M|\n|poke|p2|Tyranitar, M|\n|poke|p2|Scyther, M|\n|poke|p2|Sceptile, M|\n|poke|p2|Politoed, F|\n|poke|p2|Sirfetch\u2019d, M|\n|teampreview\n|\n|t:|1699636057\n|start\n|switch|p1a: Togekiss|Togekiss, F|100\/100\n|switch|p2a: Scyther|Scyther, M|100\/100\n|turn|1\n|\n|t:|1699636075\n|switch|p2a: Tyranitar|Tyranitar, M|100\/100\n|-weather|Sandstorm|[from] ability: Sand Stream|[of] p2a: Tyranitar\n|move|p1a: Togekiss|Ancient Power|p2a: Tyranitar\n|-damage|p2a: Tyranitar|92\/100\n|\n|-weather|Sandstorm|[upkeep]\n|-damage|p1a: Togekiss|94\/100|[from] Sandstorm\n|-heal|p2a: Tyranitar|99\/100|[from] item: Leftovers\n|upkeep\n|turn|2\n|\n|t:|1699636097\n|switch|p1a: Spiritomb|Spiritomb, F|100\/100\n|-ability|p1a: Spiritomb|Pressure\n|move|p2a: Tyranitar|Stealth Rock|p1a: Spiritomb\n|-sidestart|p1: Lady Opal|move: Stealth Rock\n|\n|-weather|Sandstorm|[upkeep]\n|-damage|p1a: Spiritomb|94\/100|[from] Sandstorm\n|-heal|p2a: Tyranitar|100\/100|[from] item: Leftovers\n|-heal|p1a: Spiritomb|100\/100|[from] item: Leftovers\n|upkeep\n|turn|3\n|\n|t:|1699636114\n|move|p2a: Tyranitar|Knock Off|p1a: Spiritomb\n|-damage|p1a: Spiritomb|69\/100\n|-enditem|p1a: Spiritomb|Leftovers|[from] move: Knock Off|[of] p2a: Tyranitar\n|move|p1a: Spiritomb|Will-O-Wisp|p2a: Tyranitar\n|-status|p2a: Tyranitar|brn\n|\n|-weather|Sandstorm|[upkeep]\n|-damage|p1a: Spiritomb|63\/100|[from] Sandstorm\n|-damage|p2a: Tyranitar|94\/100 brn|[from] brn\n|upkeep\n|turn|4\n|\n|t:|1699636130\n|switch|p1a: Lucario|Lucario, F|100\/100\n|-damage|p1a: Lucario|98\/100|[from] Stealth Rock\n|move|p2a: Tyranitar|Thunder Wave|p1a: Lucario\n|-status|p1a: Lucario|par\n|\n|-weather|Sandstorm|[upkeep]\n|-heal|p2a: Tyranitar|100\/100 brn|[from] item: Leftovers\n|-damage|p2a: Tyranitar|94\/100 brn|[from] brn\n|upkeep\n|turn|5\n|\n|t:|1699636144\n|switch|p2a: Scyther|Scyther, M|100\/100\n|move|p1a: Lucario|Close Combat|p2a: Scyther\n|-resisted|p2a: Scyther\n|-damage|p2a: Scyther|82\/100\n|-unboost|p1a: Lucario|def|1\n|-unboost|p1a: Lucario|spd|1\n|-damage|p1a: Lucario|88\/100 par|[from] item: Life Orb\n|\n|-weather|none\n|upkeep\n|turn|6\n|\n|t:|1699636155\n|switch|p1a: Togekiss|Togekiss, F|94\/100\n|move|p2a: Scyther|Dual Wingbeat|p1a: Togekiss\n|-damage|p1a: Togekiss|61\/100\n|-damage|p1a: Togekiss|29\/100\n|-hitcount|p1a: Togekiss|2\n|\n|upkeep\n|turn|7\n|\n|t:|1699636164\n|move|p2a: Scyther|Dual Wingbeat|p1a: Togekiss|[miss]\n|-miss|p2a: Scyther|p1a: Togekiss\n|move|p1a: Togekiss|Ancient Power|p2a: Scyther\n|-supereffective|p2a: Scyther\n|-damage|p2a: Scyther|11\/100\n|-boost|p1a: Togekiss|atk|1\n|-boost|p1a: Togekiss|def|1\n|-boost|p1a: Togekiss|spa|1\n|-boost|p1a: Togekiss|spd|1\n|-boost|p1a: Togekiss|spe|1\n|\n|upkeep\n|turn|8\n|\n|t:|1699636182\n|-terastallize|p2a: Scyther|Normal\n|move|p2a: Scyther|Quick Attack|p1a: Togekiss\n|-damage|p1a: Togekiss|8\/100\n|move|p1a: Togekiss|Ancient Power|p2a: Scyther\n|-damage|p2a: Scyther|0 fnt\n|faint|p2a: Scyther\n|\n|upkeep\n|\n|t:|1699636192\n|switch|p2a: Kecleon|Kecleon, M, shiny|100\/100\n|turn|9\n|\n|t:|1699636196\n|move|p2a: Kecleon|Fake Out|p1a: Togekiss\n|-damage|p1a: Togekiss|0 fnt\n|faint|p1a: Togekiss\n|-damage|p2a: Kecleon|91\/100|[from] item: Life Orb\n|\n|upkeep\n|\n|t:|1699636204\n|switch|p1a: Garchomp|Garchomp, F|100\/100\n|-damage|p1a: Garchomp|94\/100|[from] Stealth Rock\n|turn|10\n|\n|t:|1699636229\n|switch|p2a: Politoed|Politoed, F|100\/100\n|move|p1a: Garchomp|Swords Dance|p1a: Garchomp\n|-boost|p1a: Garchomp|atk|2\n|\n|upkeep\n|turn|11\n|\n|t:|1699636238\n|detailschange|p1a: Garchomp|Garchomp-Mega, F\n|-mega|p1a: Garchomp|Garchomp|Garchompite\n|move|p1a: Garchomp|Scale Shot|p2a: Politoed\n|-damage|p2a: Politoed|76\/100\n|-damage|p2a: Politoed|52\/100\n|-hitcount|p2a: Politoed|2\n|-unboost|p1a: Garchomp|def|1\n|-boost|p1a: Garchomp|spe|1\n|move|p2a: Politoed|Encore|p1a: Garchomp\n|-start|p1a: Garchomp|Encore\n|\n|upkeep\n|turn|12\n|\n|t:|1699636255\n|move|p1a: Garchomp|Scale Shot|p2a: Politoed\n|-damage|p2a: Politoed|27\/100\n|-damage|p2a: Politoed|4\/100\n|-damage|p2a: Politoed|0 fnt\n|faint|p2a: Politoed\n|-hitcount|p2: Politoed|3\n|-unboost|p1a: Garchomp|def|1\n|-boost|p1a: Garchomp|spe|1\n|\n|upkeep\n|\n|t:|1699636271\n|switch|p2a: Sirfetch\u2019d|Sirfetch\u2019d, M|100\/100\n|turn|13\n|\n|t:|1699636286\n|switch|p1a: Spiritomb|Spiritomb, F|63\/100\n|-damage|p1a: Spiritomb|50\/100|[from] Stealth Rock\n|-ability|p1a: Spiritomb|Pressure\n|move|p2a: Sirfetch\u2019d|Close Combat|p1a: Spiritomb\n|-supereffective|p1a: Spiritomb\n|-crit|p1a: Spiritomb\n|-damage|p1a: Spiritomb|0 fnt\n|-unboost|p2a: Sirfetch\u2019d|def|1\n|-unboost|p2a: Sirfetch\u2019d|spd|1\n|faint|p1a: Spiritomb\n|\n|upkeep\n|\n|t:|1699636313\n|switch|p1a: Roserade|Roserade, F|100\/100\n|-damage|p1a: Roserade|88\/100|[from] Stealth Rock\n|turn|14\n|\n|t:|1699636324\n|switch|p2a: Tyranitar|Tyranitar, M|94\/100 brn\n|-weather|Sandstorm|[from] ability: Sand Stream|[of] p2a: Tyranitar\n|move|p1a: Roserade|Sludge Bomb|p2a: Tyranitar\n|-resisted|p2a: Tyranitar\n|-damage|p2a: Tyranitar|85\/100 brn\n|\n|-weather|Sandstorm|[upkeep]\n|-damage|p1a: Roserade|82\/100|[from] Sandstorm\n|-heal|p2a: Tyranitar|91\/100 brn|[from] item: Leftovers\n|-damage|p2a: Tyranitar|85\/100 brn|[from] brn\n|upkeep\n|turn|15\n|\n|t:|1699636353\n|switch|p1a: Garchomp|Garchomp-Mega, F|94\/100\n|-damage|p1a: Garchomp|88\/100|[from] Stealth Rock\n|move|p2a: Tyranitar|Earthquake|p1a: Garchomp\n|-damage|p1a: Garchomp|76\/100\n|\n|-weather|Sandstorm|[upkeep]\n|-heal|p2a: Tyranitar|91\/100 brn|[from] item: Leftovers\n|-damage|p2a: Tyranitar|85\/100 brn|[from] brn\n|upkeep\n|turn|16\n|\n|t:|1699636373\n|switch|p2a: Sirfetch\u2019d|Sirfetch\u2019d, M|100\/100\n|move|p1a: Garchomp|Swords Dance|p1a: Garchomp\n|-boost|p1a: Garchomp|atk|2\n|\n|-weather|Sandstorm|[upkeep]\n|-damage|p2a: Sirfetch\u2019d|94\/100|[from] Sandstorm\n|upkeep\n|turn|17\n|\n|t:|1699636384\n|move|p1a: Garchomp|Earthquake|p2a: Sirfetch\u2019d\n|-damage|p2a: Sirfetch\u2019d|0 fnt\n|faint|p2a: Sirfetch\u2019d\n|\n|-weather|Sandstorm|[upkeep]\n|upkeep\n|\n|t:|1699636391\n|switch|p2a: Sceptile|Sceptile, M|100\/100\n|turn|18\n|\n|t:|1699636396\n|detailschange|p2a: Sceptile|Sceptile-Mega, M\n|-mega|p2a: Sceptile|Sceptile|Sceptilite\n|move|p2a: Sceptile|Dragon Pulse|p1a: Garchomp\n|-supereffective|p1a: Garchomp\n|-damage|p1a: Garchomp|0 fnt\n|faint|p1a: Garchomp\n|\n|-weather|none\n|upkeep\n|\n|t:|1699636413\n|switch|p1a: Roserade|Roserade, F|82\/100\n|-damage|p1a: Roserade|70\/100|[from] Stealth Rock\n|turn|19\n|\n|t:|1699636420\n|switch|p2a: Tyranitar|Tyranitar, M|85\/100 brn\n|-weather|Sandstorm|[from] ability: Sand Stream|[of] p2a: Tyranitar\n|move|p1a: Roserade|Sludge Bomb|p2a: Tyranitar\n|-resisted|p2a: Tyranitar\n|-damage|p2a: Tyranitar|76\/100 brn\n|\n|-weather|Sandstorm|[upkeep]\n|-damage|p1a: Roserade|64\/100|[from] Sandstorm\n|-heal|p2a: Tyranitar|82\/100 brn|[from] item: Leftovers\n|-damage|p2a: Tyranitar|76\/100 brn|[from] brn\n|upkeep\n|turn|20\n|\n|t:|1699636432\n|switch|p1a: Milotic|Milotic, F|100\/100\n|-damage|p1a: Milotic|88\/100|[from] Stealth Rock\n|move|p2a: Tyranitar|Earthquake|p1a: Milotic\n|-damage|p1a: Milotic|72\/100\n|\n|-weather|Sandstorm|[upkeep]\n|-damage|p1a: Milotic|66\/100|[from] Sandstorm\n|-heal|p1a: Milotic|72\/100|[from] item: Leftovers\n|-heal|p2a: Tyranitar|82\/100 brn|[from] item: Leftovers\n|-damage|p2a: Tyranitar|76\/100 brn|[from] brn\n|upkeep\n|turn|21\n|\n|t:|1699636474\n|move|p1a: Milotic|Ice Beam|p2a: Tyranitar\n|-damage|p2a: Tyranitar|67\/100 brn\n|move|p2a: Tyranitar|Knock Off|p1a: Milotic\n|-damage|p1a: Milotic|51\/100\n|-enditem|p1a: Milotic|Leftovers|[from] move: Knock Off|[of] p2a: Tyranitar\n|\n|-weather|Sandstorm|[upkeep]\n|-damage|p1a: Milotic|45\/100|[from] Sandstorm\n|-heal|p2a: Tyranitar|73\/100 brn|[from] item: Leftovers\n|-damage|p2a: Tyranitar|67\/100 brn|[from] brn\n|upkeep\n|turn|22\n|\n|t:|1699636487\n|move|p1a: Milotic|Recover|p1a: Milotic\n|-heal|p1a: Milotic|95\/100\n|move|p2a: Tyranitar|Thunder Wave|p1a: Milotic\n|-status|p1a: Milotic|par\n|\n|-weather|Sandstorm|[upkeep]\n|-damage|p1a: Milotic|89\/100 par|[from] Sandstorm\n|-heal|p2a: Tyranitar|73\/100 brn|[from] item: Leftovers\n|-damage|p2a: Tyranitar|67\/100 brn|[from] brn\n|upkeep\n|turn|23\n|\n|t:|1699636499\n|switch|p2a: Kecleon|Kecleon, M, shiny|91\/100\n|switch|p1a: Lucario|Lucario, F|88\/100 par\n|-damage|p1a: Lucario|85\/100 par|[from] Stealth Rock\n|\n|-weather|none\n|upkeep\n|turn|24\n|\n|t:|1699636516\n|move|p2a: Kecleon|Shadow Sneak|p1a: Lucario\n|-start|p2a: Kecleon|typechange|Ghost|[from] ability: Protean\n|-damage|p1a: Lucario|48\/100 par\n|-damage|p2a: Kecleon|81\/100|[from] item: Life Orb\n|move|p1a: Lucario|Close Combat|p2a: Kecleon\n|-immune|p2a: Kecleon\n|\n|upkeep\n|turn|25\n|\n|t:|1699636530\n|cant|p1a: Lucario|par\n|move|p2a: Kecleon|Drain Punch|p1a: Lucario\n|-supereffective|p1a: Lucario\n|-damage|p1a: Lucario|0 fnt\n|-heal|p2a: Kecleon|100\/100|[from] drain|[of] p1a: Lucario\n|faint|p1a: Lucario\n|-damage|p2a: Kecleon|91\/100|[from] item: Life Orb\n|\n|upkeep\n|\n|t:|1699636547\n|switch|p1a: Roserade|Roserade, F|64\/100\n|-damage|p1a: Roserade|51\/100|[from] Stealth Rock\n|turn|26\n|\n|t:|1699636556\n|move|p2a: Kecleon|Shadow Sneak|p1a: Roserade\n|-damage|p1a: Roserade|10\/100\n|-damage|p2a: Kecleon|81\/100|[from] item: Life Orb\n|move|p1a: Roserade|Shadow Ball|p2a: Kecleon\n|-supereffective|p2a: Kecleon\n|-damage|p2a: Kecleon|28\/100\n|-unboost|p2a: Kecleon|spd|1\n|\n|upkeep\n|turn|27\n|\n|t:|1699636570\n|move|p2a: Kecleon|Shadow Sneak|p1a: Roserade\n|-damage|p1a: Roserade|0 fnt\n|faint|p1a: Roserade\n|-damage|p2a: Kecleon|18\/100|[from] item: Life Orb\n|\n|upkeep\n|\n|t:|1699636573\n|switch|p1a: Milotic|Milotic, F|89\/100 par\n|-damage|p1a: Milotic|77\/100 par|[from] Stealth Rock\n|turn|28\n|\n|t:|1699636581\n|-terastallize|p1a: Milotic|Water\n|move|p2a: Kecleon|Shadow Sneak|p1a: Milotic\n|-damage|p1a: Milotic|54\/100 par\n|-damage|p2a: Kecleon|8\/100|[from] item: Life Orb\n|cant|p1a: Milotic|par\n|\n|upkeep\n|turn|29\n|\n|t:|1699636593\n|move|p2a: Kecleon|Shadow Sneak|p1a: Milotic\n|-damage|p1a: Milotic|31\/100 par\n|-damage|p2a: Kecleon|0 fnt|[from] item: Life Orb\n|faint|p2a: Kecleon\n|move|p1a: Milotic|Recover|p1a: Milotic\n|-heal|p1a: Milotic|81\/100 par\n|\n|upkeep\n|\n|t:|1699636601\n|switch|p2a: Sceptile|Sceptile-Mega, M|100\/100\n|turn|30\n|\n|t:|1699636621\n|move|p2a: Sceptile|Substitute|p2a: Sceptile\n|-start|p2a: Sceptile|Substitute\n|-damage|p2a: Sceptile|76\/100\n|move|p1a: Milotic|Ice Beam|p2a: Sceptile\n|-supereffective|p2a: Sceptile\n|-end|p2a: Sceptile|Substitute\n|\n|upkeep\n|turn|31\n|\n|t:|1699636633\n|move|p2a: Sceptile|Substitute|p2a: Sceptile\n|-start|p2a: Sceptile|Substitute\n|-damage|p2a: Sceptile|51\/100\n|move|p1a: Milotic|Ice Beam|p2a: Sceptile\n|-supereffective|p2a: Sceptile\n|-end|p2a: Sceptile|Substitute\n|\n|upkeep\n|turn|32\n|\n|t:|1699636641\n|move|p2a: Sceptile|Substitute|p2a: Sceptile\n|-start|p2a: Sceptile|Substitute\n|-damage|p2a: Sceptile|26\/100\n|move|p1a: Milotic|Ice Beam|p2a: Sceptile\n|-supereffective|p2a: Sceptile\n|-end|p2a: Sceptile|Substitute\n|\n|upkeep\n|turn|33\n|\n|t:|1699636649\n|move|p2a: Sceptile|Leaf Storm|p1a: Milotic|[miss]\n|-miss|p2a: Sceptile|p1a: Milotic\n|move|p1a: Milotic|Ice Beam|p2a: Sceptile\n|-supereffective|p2a: Sceptile\n|-damage|p2a: Sceptile|0 fnt\n|faint|p2a: Sceptile\n|\n|upkeep\n|c|\u2606Hallorenzo|I cant\n|\n|t:|1699636665\n|switch|p2a: Tyranitar|Tyranitar, M|67\/100 brn\n|-weather|Sandstorm|[from] ability: Sand Stream|[of] p2a: Tyranitar\n|turn|34\n|\n|t:|1699636675\n|move|p2a: Tyranitar|Earthquake|p1a: Milotic\n|-damage|p1a: Milotic|66\/100 par\n|move|p1a: Milotic|Coil|p1a: Milotic\n|-boost|p1a: Milotic|atk|1\n|-boost|p1a: Milotic|def|1\n|-boost|p1a: Milotic|accuracy|1\n|\n|-weather|Sandstorm|[upkeep]\n|-damage|p1a: Milotic|60\/100 par|[from] Sandstorm\n|-heal|p2a: Tyranitar|73\/100 brn|[from] item: Leftovers\n|-damage|p2a: Tyranitar|67\/100 brn|[from] brn\n|upkeep\n|turn|35\n|\n|t:|1699636703\n|move|p2a: Tyranitar|Earthquake|p1a: Milotic\n|-damage|p1a: Milotic|49\/100 par\n|move|p1a: Milotic|Scald|p2a: Tyranitar\n|-supereffective|p2a: Tyranitar\n|-damage|p2a: Tyranitar|35\/100 brn\n|\n|-weather|Sandstorm|[upkeep]\n|-damage|p1a: Milotic|43\/100 par|[from] Sandstorm\n|-heal|p2a: Tyranitar|41\/100 brn|[from] item: Leftovers\n|-damage|p2a: Tyranitar|35\/100 brn|[from] brn\n|upkeep\n|turn|36\n|\n|t:|1699636717\n|move|p2a: Tyranitar|Earthquake|p1a: Milotic\n|-damage|p1a: Milotic|34\/100 par\n|move|p1a: Milotic|Recover|p1a: Milotic\n|-heal|p1a: Milotic|84\/100 par\n|\n|-weather|Sandstorm|[upkeep]\n|-damage|p1a: Milotic|78\/100 par|[from] Sandstorm\n|-heal|p2a: Tyranitar|41\/100 brn|[from] item: Leftovers\n|-damage|p2a: Tyranitar|35\/100 brn|[from] brn\n|upkeep\n|turn|37\n|c|\u2606Hallorenzo|Pure luck insane\n|\n|t:|1699636731\n|move|p2a: Tyranitar|Earthquake|p1a: Milotic\n|-damage|p1a: Milotic|67\/100 par\n|move|p1a: Milotic|Scald|p2a: Tyranitar\n|-supereffective|p2a: Tyranitar\n|-damage|p2a: Tyranitar|0 fnt\n|faint|p2a: Tyranitar\n|\n|win|Lady Opal\n|raw|Lady Opal's rating: 1146 &rarr; <strong>1176<\/strong><br \/>(+30 for winning)\n|raw|Hallorenzo's rating: 1221 &rarr; <strong>1191<\/strong><br \/>(-30 for losing)\n","uploadtime":1699636750,"views":4,"p1id":"ladyopal","p2id":"hallorenzo","formatid":"gen9nationaldex","rating":1176,"private":0,"password":""}