{"id":"gen9nationaldex-1999864768","p1":"Amshell","p2":"Vahetechniciensup","format":"[Gen 9] National Dex","log":"|html|<div class=\"broadcast-blue\"><strong>[Gen 9] National Dex is currently suspecting Sneasler! For information on how to participate check out the <a href=\"https:\/\/www.smogon.com\/forums\/threads\/sv-national-dex-suspect-8-just-dance.3731534\/\">suspect thread<\/a>.<\/strong><\/div>\n|j|\u2606Amshell\n|j|\u2606Vahetechniciensup\n|t:|1701124126\n|gametype|singles\n|player|p1|Amshell|ethan|1170\n|player|p2|Vahetechniciensup|burgh|1127\n|teamsize|p1|6\n|teamsize|p2|6\n|gen|9\n|tier|[Gen 9] National Dex\n|rated|\n|rule|HP Percentage Mod: HP is shown in percentages\n|rule|Endless Battle Clause: Forcing endless battles is banned\n|rule|OHKO Clause: OHKO moves are banned\n|rule|Evasion Clause: Evasion abilities, items, and moves are banned\n|rule|Evasion Abilities Clause: Evasion abilities are banned\n|rule|Evasion Items Clause: Evasion items are banned\n|rule|Evasion Moves Clause: Evasion moves are banned\n|rule|Species Clause: Limit one of each Pok\u00e9mon\n|rule|Sleep Clause Mod: Limit one foe put to sleep\n|clearpoke\n|poke|p1|Umbreon, M|\n|poke|p1|Gyarados, M|\n|poke|p1|Meowscarada, F|\n|poke|p1|Typhlosion-Hisui, F|\n|poke|p1|Zoroark-Hisui, M|\n|poke|p1|Ogerpon-Cornerstone, F|\n|poke|p2|Victreebel, F|\n|poke|p2|Shinx, F|\n|poke|p2|Araquanid, F|\n|poke|p2|Pangoro, M|\n|poke|p2|Mabosstiff, F|\n|poke|p2|Volcanion|\n|teampreview\n|inactive|Battle timer is ON: inactive players will automatically lose when time's up. (requested by Amshell)\n|j| DaPU 1AVE\n|\n|t:|1701124145\n|start\n|switch|p1a: Ogerpon|Ogerpon-Cornerstone, F|100\/100\n|switch|p2a: Shinx|Shinx, F|100\/100\n|-ability|p2a: Shinx|Intimidate|boost\n|-unboost|p1a: Ogerpon|atk|1\n|turn|1\n|\n|t:|1701124155\n|move|p1a: Ogerpon|U-turn|p2a: Shinx\n|-damage|p2a: Shinx|35\/100\n|\n|t:|1701124162\n|switch|p1a: Meowscarada|Meowscarada, F|100\/100|[from] U-turn\n|move|p2a: Shinx|Toxic|p1a: Meowscarada\n|-status|p1a: Meowscarada|tox\n|\n|-damage|p1a: Meowscarada|94\/100 tox|[from] psn\n|upkeep\n|turn|2\n|inactive|Vahetechniciensup has 120 seconds left.\n|\n|t:|1701124203\n|switch|p2a: Mabosstiff|Mabosstiff, F|100\/100\n|move|p1a: Meowscarada|Knock Off|p2a: Mabosstiff\n|-start|p1a: Meowscarada|typechange|Dark|[from] ability: Protean\n|-resisted|p2a: Mabosstiff\n|-damage|p2a: Mabosstiff|79\/100\n|\n|-heal|p1a: Meowscarada|100\/100 tox|[from] item: Leftovers\n|-damage|p1a: Meowscarada|88\/100 tox|[from] psn\n|upkeep\n|turn|3\n|\n|t:|1701124225\n|switch|p1a: Gyarados|Gyarados, M, shiny|100\/100\n|-ability|p1a: Gyarados|Intimidate|boost\n|-ability|p2a: Mabosstiff|Guard Dog|boost\n|-boost|p2a: Mabosstiff|atk|1\n|move|p2a: Mabosstiff|Hone Claws|p2a: Mabosstiff\n|-boost|p2a: Mabosstiff|atk|1\n|-boost|p2a: Mabosstiff|accuracy|1\n|\n|upkeep\n|turn|4\n|\n|t:|1701124235\n|-zpower|p2a: Mabosstiff\n|move|p2a: Mabosstiff|Black Hole Eclipse|p1a: Gyarados|[zeffect]\n|-damage|p1a: Gyarados|0 fnt\n|faint|p1a: Gyarados\n|\n|upkeep\n|\n|t:|1701124246\n|switch|p1a: Umbreon|Umbreon, M|100\/100\n|turn|5\n|\n|t:|1701124257\n|move|p2a: Mabosstiff|Crunch|p1a: Umbreon\n|-resisted|p1a: Umbreon\n|-damage|p1a: Umbreon|74\/100\n|move|p1a: Umbreon|Toxic|p2a: Mabosstiff|[miss]\n|-miss|p1a: Umbreon|p2a: Mabosstiff\n|\n|-heal|p1a: Umbreon|80\/100|[from] item: Leftovers\n|upkeep\n|turn|6\n|\n|t:|1701124266\n|move|p2a: Mabosstiff|Trailblaze|p1a: Umbreon\n|-damage|p1a: Umbreon|56\/100\n|-boost|p2a: Mabosstiff|spe|1\n|move|p1a: Umbreon|Foul Play|p2a: Mabosstiff\n|-resisted|p2a: Mabosstiff\n|-damage|p2a: Mabosstiff|21\/100\n|\n|-heal|p1a: Umbreon|62\/100|[from] item: Leftovers\n|upkeep\n|turn|7\n|inactive|Vahetechniciensup has 120 seconds left.\n|\n|t:|1701124277\n|move|p1a: Umbreon|Protect|p1a: Umbreon\n|-singleturn|p1a: Umbreon|Protect\n|move|p2a: Mabosstiff|Crunch|p1a: Umbreon\n|-activate|p1a: Umbreon|move: Protect\n|\n|-heal|p1a: Umbreon|68\/100|[from] item: Leftovers\n|upkeep\n|turn|8\n|\n|t:|1701124286\n|move|p2a: Mabosstiff|Crunch|p1a: Umbreon\n|-resisted|p1a: Umbreon\n|-damage|p1a: Umbreon|42\/100\n|move|p1a: Umbreon|Foul Play|p2a: Mabosstiff\n|-resisted|p2a: Mabosstiff\n|-damage|p2a: Mabosstiff|0 fnt\n|faint|p2a: Mabosstiff\n|\n|-heal|p1a: Umbreon|49\/100|[from] item: Leftovers\n|upkeep\n|\n|t:|1701124299\n|switch|p2a: Pangoro|Pangoro, M|100\/100\n|turn|9\n|inactive|Vahetechniciensup has 120 seconds left.\n|\n|t:|1701124324\n|move|p1a: Umbreon|Protect|p1a: Umbreon\n|-singleturn|p1a: Umbreon|Protect\n|move|p2a: Pangoro|Drain Punch|p1a: Umbreon\n|-activate|p1a: Umbreon|move: Protect\n|\n|-heal|p1a: Umbreon|55\/100|[from] item: Leftovers\n|upkeep\n|turn|10\n|inactive|Vahetechniciensup has 120 seconds left.\n|\n|t:|1701124342\n|switch|p2a: Volcanion|Volcanion|100\/100\n|move|p1a: Umbreon|Toxic|p2a: Volcanion\n|-status|p2a: Volcanion|tox\n|\n|-heal|p1a: Umbreon|61\/100|[from] item: Leftovers\n|-damage|p2a: Volcanion|95\/100 tox|[from] psn\n|upkeep\n|turn|11\n|inactive|Vahetechniciensup has 120 seconds left.\n|c|\u2606Vahetechniciensup|TU\u00dcLAMERDEFDP\n|n|\u203dVahetechniciensup|vahetechniciensup\n|c|&|\/log Vahetechniciensup was locked from talking by Artemis. (\u2606Vahetechniciensup: TU\u00dcLAMERDEFDP)\n|c|&|\/raw <small>This action was done automatically. Want to learn more about the AI? <a href=\"https:\/\/www.smogon.com\/forums\/threads\/3570628\/#post-9056769\">Visit the information thread<\/a>.<\/small>\n|\n|t:|1701124364\n|switch|p2a: Araquanid|Araquanid, F|100\/100\n|move|p1a: Umbreon|Protect||[still]\n|-fail|p1a: Umbreon\n|\n|-heal|p1a: Umbreon|67\/100|[from] item: Leftovers\n|upkeep\n|turn|12\n|\n|t:|1701124373\n|move|p1a: Umbreon|Protect|p1a: Umbreon\n|-singleturn|p1a: Umbreon|Protect\n|move|p2a: Araquanid|Liquidation|p1a: Umbreon\n|-activate|p1a: Umbreon|move: Protect\n|\n|-heal|p1a: Umbreon|73\/100|[from] item: Leftovers\n|upkeep\n|turn|13\n|\n|t:|1701124382\n|move|p1a: Umbreon|Toxic|p2a: Araquanid|[miss]\n|-miss|p1a: Umbreon|p2a: Araquanid\n|move|p2a: Araquanid|Liquidation|p1a: Umbreon\n|-damage|p1a: Umbreon|26\/100\n|\n|-heal|p1a: Umbreon|33\/100|[from] item: Leftovers\n|upkeep\n|turn|14\n|\n|t:|1701124391\n|move|p1a: Umbreon|Protect|p1a: Umbreon\n|-singleturn|p1a: Umbreon|Protect\n|move|p2a: Araquanid|Sticky Web|p1a: Umbreon\n|-sidestart|p1: Amshell|move: Sticky Web\n|\n|-heal|p1a: Umbreon|39\/100|[from] item: Leftovers\n|upkeep\n|turn|15\n|c| DaPU 1AVE|\"Vahetechniciensup was locked from talking by Artemis\"\n|\n|t:|1701124399\n|move|p2a: Araquanid|Magic Coat|p2a: Araquanid\n|-singleturn|p2a: Araquanid|move: Magic Coat\n|move|p1a: Umbreon|Moonlight|p1a: Umbreon\n|-heal|p1a: Umbreon|88\/100\n|\n|-heal|p1a: Umbreon|94\/100|[from] item: Leftovers\n|upkeep\n|turn|16\n|c| DaPU 1AVE|this is a bit rough ?\n|\n|t:|1701124408\n|move|p1a: Umbreon|Foul Play|p2a: Araquanid\n|-damage|p2a: Araquanid|62\/100\n|move|p2a: Araquanid|Liquidation|p1a: Umbreon\n|-damage|p1a: Umbreon|50\/100\n|-unboost|p1a: Umbreon|def|1\n|\n|-heal|p1a: Umbreon|56\/100|[from] item: Leftovers\n|upkeep\n|turn|17\n|\n|t:|1701124419\n|move|p1a: Umbreon|Toxic|p2a: Araquanid\n|-status|p2a: Araquanid|tox\n|move|p2a: Araquanid|Leech Life|p1a: Umbreon\n|-supereffective|p1a: Umbreon\n|-damage|p1a: Umbreon|0 fnt\n|-heal|p2a: Araquanid|89\/100 tox|[from] drain|[of] p1a: Umbreon\n|faint|p1a: Umbreon\n|\n|-damage|p2a: Araquanid|83\/100 tox|[from] psn\n|upkeep\n|\n|t:|1701124432\n|switch|p1a: Ogerpon|Ogerpon-Cornerstone, F|100\/100\n|-activate|p1a: Ogerpon|move: Sticky Web\n|-unboost|p1a: Ogerpon|spe|1\n|turn|18\n|\n|t:|1701124443\n|switch|p2a: Shinx|Shinx, F|35\/100\n|-ability|p2a: Shinx|Intimidate|boost\n|-unboost|p1a: Ogerpon|atk|1\n|move|p1a: Ogerpon|Ivy Cudgel|p2a: Shinx|[anim] Ivy Cudgel Rock\n|-damage|p2a: Shinx|0 fnt\n|faint|p2a: Shinx\n|\n|upkeep\n|\n|t:|1701124456\n|switch|p2a: Victreebel|Victreebel, F|100\/100\n|turn|19\n|\n|t:|1701124463\n|switch|p1a: Meowscarada|Meowscarada, F|88\/100 tox\n|-activate|p1a: Meowscarada|move: Sticky Web\n|-unboost|p1a: Meowscarada|spe|1\n|move|p2a: Victreebel|Swords Dance|p2a: Victreebel\n|-boost|p2a: Victreebel|atk|2\n|\n|-heal|p1a: Meowscarada|94\/100 tox|[from] item: Leftovers\n|-damage|p1a: Meowscarada|88\/100 tox|[from] psn\n|upkeep\n|turn|20\n|l| DaPU 1AVE\n|\n|t:|1701124476\n|move|p2a: Victreebel|Poison Jab|p1a: Meowscarada\n|-supereffective|p1a: Meowscarada\n|-damage|p1a: Meowscarada|0 fnt\n|faint|p1a: Meowscarada\n|\n|upkeep\n|\n|t:|1701124490\n|switch|p1a: Typhlosion|Typhlosion-Hisui, F|100\/100\n|-activate|p1a: Typhlosion|move: Sticky Web\n|-unboost|p1a: Typhlosion|spe|1\n|turn|21\n|j| DaPU 1AVE\n|inactive|Vahetechniciensup has 120 seconds left.\n|\n|t:|1701124523\n|-terastallize|p2a: Victreebel|Fire\n|move|p2a: Victreebel|Leaf Blade|p1a: Typhlosion\n|-resisted|p1a: Typhlosion\n|-damage|p1a: Typhlosion|39\/100\n|move|p1a: Typhlosion|Burn Up|p2a: Victreebel\n|-resisted|p2a: Victreebel\n|-damage|p2a: Victreebel|53\/100\n|-start|p1a: Typhlosion|typechange|???\/Ghost|[from] move: Burn Up\n|\n|-heal|p1a: Typhlosion|45\/100|[from] item: Leftovers\n|upkeep\n|turn|22\n|inactive|Vahetechniciensup has 120 seconds left.\n|\n|t:|1701124540\n|-terastallize|p1a: Typhlosion|Fire\n|move|p2a: Victreebel|Leaf Blade|p1a: Typhlosion\n|-resisted|p1a: Typhlosion\n|-crit|p1a: Typhlosion\n|-damage|p1a: Typhlosion|0 fnt\n|faint|p1a: Typhlosion\n|\n|upkeep\n|-message|Amshell forfeited.\n|\n|win|Vahetechniciensup\n|raw|Amshell's rating: 1170 &rarr; <strong>1142<\/strong><br \/>(-28 for losing)\n|raw|Vahetechniciensup's rating: 1127 &rarr; <strong>1155<\/strong><br \/>(+28 for winning)\n|l|\u2606Amshell\n","uploadtime":1701124354,"views":3,"p1id":"amshell","p2id":"vahetechniciensup","formatid":"gen9nationaldex","rating":1142,"private":0,"password":""}