{"id":"gen9nationaldex-1995059746","p1":"Chief_Shado","p2":"RakzoTR","format":"[Gen 9] National Dex","log":"|html|<div class=\"broadcast-blue\"><strong>[Gen 9] National Dex is currently suspecting Sneasler! For information on how to participate check out the <a href=\"https:\/\/www.smogon.com\/forums\/threads\/sv-national-dex-suspect-8-just-dance.3731534\/\">suspect thread<\/a>.<\/strong><\/div>\n|j|\u2606Chief_Shado\n|j|\u2606RakzoTR\n|t:|1700518188\n|gametype|singles\n|player|p1|Chief_Shado|n|1387\n|player|p2|RakzoTR|gambler|1481\n|teamsize|p1|6\n|teamsize|p2|6\n|gen|9\n|tier|[Gen 9] National Dex\n|rated|\n|rule|HP Percentage Mod: HP is shown in percentages\n|rule|Endless Battle Clause: Forcing endless battles is banned\n|rule|OHKO Clause: OHKO moves are banned\n|rule|Evasion Clause: Evasion abilities, items, and moves are banned\n|rule|Evasion Abilities Clause: Evasion abilities are banned\n|rule|Evasion Items Clause: Evasion items are banned\n|rule|Evasion Moves Clause: Evasion moves are banned\n|rule|Species Clause: Limit one of each Pok\u00e9mon\n|rule|Sleep Clause Mod: Limit one foe put to sleep\n|clearpoke\n|poke|p1|Galvantula, F|\n|poke|p1|Charizard, M|\n|poke|p1|Excadrill, F|\n|poke|p1|Greninja-*, M|\n|poke|p1|Landorus-Therian, M|\n|poke|p1|Rotom-Wash|\n|poke|p2|Goodra-Hisui, F|\n|poke|p2|Ogerpon-Wellspring, F|\n|poke|p2|Donphan, M|\n|poke|p2|Zamazenta-*|\n|poke|p2|Cinderace, M|\n|poke|p2|Zapdos|\n|teampreview\n|inactive|Battle timer is ON: inactive players will automatically lose when time's up. (requested by Chief_Shado)\n|\n|t:|1700518195\n|start\n|switch|p1a: Galvantula|Galvantula, F|100\/100\n|switch|p2a: Rammot|Cinderace, M|100\/100\n|turn|1\n|\n|t:|1700518217\n|switch|p1a: Rotom|Rotom-Wash|100\/100\n|move|p2a: Rammot|Pyro Ball|p1a: Rotom\n|-resisted|p1a: Rotom\n|-damage|p1a: Rotom|75\/100\n|\n|-heal|p1a: Rotom|81\/100|[from] item: Leftovers\n|upkeep\n|turn|2\n|\n|t:|1700518225\n|move|p2a: Rammot|U-turn|p1a: Rotom\n|-damage|p1a: Rotom|62\/100\n|\n|t:|1700518237\n|switch|p2a: Rhaenyra|Goodra-Hisui, F|100\/100|[from] U-turn\n|move|p1a: Rotom|Hydro Pump|p2a: Rhaenyra\n|-resisted|p2a: Rhaenyra\n|-damage|p2a: Rhaenyra|91\/100\n|\n|-heal|p1a: Rotom|68\/100|[from] item: Leftovers\n|upkeep\n|turn|3\n|\n|t:|1700518249\n|move|p1a: Rotom|Volt Switch|p2a: Rhaenyra\n|-resisted|p2a: Rhaenyra\n|-damage|p2a: Rhaenyra|86\/100\n|\n|t:|1700518253\n|switch|p1a: Landorus|Landorus-Therian, M|100\/100|[from] Volt Switch\n|-ability|p1a: Landorus|Intimidate|boost\n|-unboost|p2a: Rhaenyra|atk|1\n|move|p2a: Rhaenyra|Draco Meteor|p1a: Landorus\n|-damage|p1a: Landorus|12\/100\n|-unboost|p2a: Rhaenyra|spa|2\n|\n|upkeep\n|turn|4\n|\n|t:|1700518271\n|switch|p2a: Zip-Zap-Dos|Zapdos|100\/100\n|move|p1a: Landorus|Knock Off|p2a: Zip-Zap-Dos\n|-damage|p2a: Zip-Zap-Dos|58\/100\n|-damage|p1a: Landorus|0 fnt|[from] item: Rocky Helmet|[of] p2a: Zip-Zap-Dos\n|faint|p1a: Landorus\n|\n|upkeep\n|\n|t:|1700518293\n|switch|p1a: Greninja|Greninja, M|100\/100\n|turn|5\n|\n|t:|1700518308\n|switch|p2a: Rhaenyra|Goodra-Hisui, F|86\/100\n|move|p1a: Greninja|Ice Beam|p2a: Rhaenyra\n|-damage|p2a: Rhaenyra|73\/100\n|\n|upkeep\n|turn|6\n|\n|t:|1700518318\n|switch|p1a: Galvantula|Galvantula, F|100\/100\n|move|p2a: Rhaenyra|Draco Meteor|p1a: Galvantula\n|-enditem|p1a: Galvantula|Focus Sash\n|-damage|p1a: Galvantula|1\/100\n|-unboost|p2a: Rhaenyra|spa|2\n|\n|upkeep\n|turn|7\n|\n|t:|1700518329\n|move|p1a: Galvantula|Sticky Web|p2a: Rhaenyra\n|-sidestart|p2: RakzoTR|move: Sticky Web\n|move|p2a: Rhaenyra|Flash Cannon|p1a: Galvantula\n|-resisted|p1a: Galvantula\n|-damage|p1a: Galvantula|0 fnt\n|faint|p1a: Galvantula\n|\n|upkeep\n|\n|t:|1700518335\n|switch|p1a: Charizard|Charizard, M|100\/100\n|turn|8\n|\n|t:|1700518346\n|switch|p2a: Rammot|Cinderace, M|100\/100\n|move|p1a: Charizard|Dragon Dance|p1a: Charizard\n|-boost|p1a: Charizard|atk|1\n|-boost|p1a: Charizard|spe|1\n|\n|upkeep\n|turn|9\n|\n|t:|1700518352\n|detailschange|p1a: Charizard|Charizard-Mega-X, M\n|-mega|p1a: Charizard|Charizard|Charizardite X\n|move|p1a: Charizard|Dragon Claw|p2a: Rammot\n|-damage|p2a: Rammot|0 fnt\n|faint|p2a: Rammot\n|\n|upkeep\n|\n|t:|1700518354\n|switch|p2a: Kandula|Donphan, M|100\/100\n|turn|10\n|\n|t:|1700518359\n|move|p1a: Charizard|Flare Blitz|p2a: Kandula\n|-ability|p2a: Kandula|Sturdy\n|-damage|p2a: Kandula|1\/100\n|-damage|p1a: Charizard|65\/100|[from] Recoil\n|move|p2a: Kandula|Earthquake|p1a: Charizard\n|-supereffective|p1a: Charizard\n|-damage|p1a: Charizard|0 fnt\n|faint|p1a: Charizard\n|\n|upkeep\n|\n|t:|1700518367\n|switch|p1a: Greninja|Greninja, M|100\/100\n|turn|11\n|\n|t:|1700518374\n|switch|p2a: Rhaenyra|Goodra-Hisui, F|73\/100\n|-activate|p2a: Rhaenyra|move: Sticky Web\n|-unboost|p2a: Rhaenyra|spe|1\n|move|p1a: Greninja|Dark Pulse|p2a: Rhaenyra\n|-damage|p2a: Rhaenyra|56\/100\n|\n|upkeep\n|turn|12\n|\n|t:|1700518380\n|-zpower|p1a: Greninja\n|move|p1a: Greninja|Black Hole Eclipse|p2a: Rhaenyra|[zeffect]\n|-damage|p2a: Rhaenyra|24\/100\n|move|p2a: Rhaenyra|Draco Meteor|p1a: Greninja\n|-damage|p1a: Greninja|1\/100\n|-unboost|p2a: Rhaenyra|spa|2\n|\n|upkeep\n|turn|13\n|\n|t:|1700518395\n|switch|p1a: Rotom|Rotom-Wash|68\/100\n|move|p2a: Rhaenyra|Earthquake|p1a: Rotom\n|-immune|p1a: Rotom|[from] ability: Levitate\n|\n|-heal|p1a: Rotom|75\/100|[from] item: Leftovers\n|upkeep\n|turn|14\n|\n|t:|1700518404\n|switch|p2a: Kandula|Donphan, M|1\/100\n|move|p1a: Rotom|Volt Switch|p2a: Kandula\n|-immune|p2a: Kandula\n|\n|-heal|p1a: Rotom|81\/100|[from] item: Leftovers\n|upkeep\n|turn|15\n|\n|t:|1700518415\n|move|p2a: Kandula|Encore|p1a: Rotom\n|-start|p1a: Rotom|Encore\n|move|p1a: Rotom|Volt Switch|p2a: Kandula\n|-immune|p2a: Kandula\n|\n|-heal|p1a: Rotom|87\/100|[from] item: Leftovers\n|upkeep\n|turn|16\n|\n|t:|1700518420\n|switch|p1a: Excadrill|Excadrill, F|100\/100\n|move|p2a: Kandula|Endeavor|p1a: Excadrill\n|-damage|p1a: Excadrill|1\/100\n|\n|-heal|p1a: Excadrill|7\/100|[from] item: Leftovers\n|upkeep\n|turn|17\n|\n|t:|1700518429\n|move|p2a: Kandula|Ice Shard|p1a: Excadrill\n|-damage|p1a: Excadrill|0 fnt\n|faint|p1a: Excadrill\n|\n|upkeep\n|\n|t:|1700518441\n|switch|p1a: Rotom|Rotom-Wash|87\/100\n|turn|18\n|\n|t:|1700518447\n|move|p2a: Kandula|Endeavor|p1a: Rotom\n|-damage|p1a: Rotom|1\/100\n|move|p1a: Rotom|Hydro Pump|p2a: Kandula\n|-supereffective|p2a: Kandula\n|-damage|p2a: Kandula|0 fnt\n|faint|p2a: Kandula\n|\n|-heal|p1a: Rotom|7\/100|[from] item: Leftovers\n|upkeep\n|\n|t:|1700518453\n|switch|p2a: WhatTheDogDoing?|Zamazenta|100\/100\n|-activate|p2a: WhatTheDogDoing?|move: Sticky Web\n|-unboost|p2a: WhatTheDogDoing?|spe|1\n|-ability|p2a: WhatTheDogDoing?|Dauntless Shield|boost\n|-boost|p2a: WhatTheDogDoing?|def|1\n|turn|19\n|\n|t:|1700518465\n|-terastallize|p2a: WhatTheDogDoing?|Steel\n|move|p2a: WhatTheDogDoing?|Heavy Slam|p1a: Rotom\n|-resisted|p1a: Rotom\n|-damage|p1a: Rotom|0 fnt\n|faint|p1a: Rotom\n|\n|upkeep\n|\n|t:|1700518469\n|switch|p1a: Greninja|Greninja, M|1\/100\n|turn|20\n|\n|t:|1700518472\n|move|p2a: WhatTheDogDoing?|Heavy Slam|p1a: Greninja\n|-resisted|p1a: Greninja\n|-damage|p1a: Greninja|0 fnt\n|faint|p1a: Greninja\n|\n|win|RakzoTR\n|raw|Chief_Shado's rating: 1387 &rarr; <strong>1373<\/strong><br \/>(-14 for losing)\n|raw|RakzoTR's rating: 1502 &rarr; <strong>1516<\/strong><br \/>(+14 for winning)\n|l|\u2606Chief_Shado\n","uploadtime":1700518477,"views":1,"p1id":"chiefshado","p2id":"rakzotr","formatid":"gen9nationaldex","rating":1373,"private":0,"password":""}