{"id":"gen9nationaldex-1999669249","p1":"foggydaugie","p2":"taowang","format":"[Gen 9] National Dex","log":"|html|<div class=\"broadcast-blue\"><strong>[Gen 9] National Dex is currently suspecting Sneasler! For information on how to participate check out the <a href=\"https:\/\/www.smogon.com\/forums\/threads\/sv-national-dex-suspect-8-just-dance.3731534\/\">suspect thread<\/a>.<\/strong><\/div>\n|j|\u2606foggydaugie\n|j|\u2606taowang\n|t:|1701106267\n|gametype|singles\n|player|p1|foggydaugie|allister-masters|1276\n|player|p2|taowang|1|1467\n|teamsize|p1|6\n|teamsize|p2|6\n|gen|9\n|tier|[Gen 9] National Dex\n|rated|\n|rule|HP Percentage Mod: HP is shown in percentages\n|rule|Endless Battle Clause: Forcing endless battles is banned\n|rule|OHKO Clause: OHKO moves are banned\n|rule|Evasion Clause: Evasion abilities, items, and moves are banned\n|rule|Evasion Abilities Clause: Evasion abilities are banned\n|rule|Evasion Items Clause: Evasion items are banned\n|rule|Evasion Moves Clause: Evasion moves are banned\n|rule|Species Clause: Limit one of each Pok\u00e9mon\n|rule|Sleep Clause Mod: Limit one foe put to sleep\n|clearpoke\n|poke|p1|Kartana|\n|poke|p1|Landorus-Therian, M|\n|poke|p1|Iron Valiant|\n|poke|p1|Tapu Koko|\n|poke|p1|Toxapex, M|\n|poke|p1|Scizor, F|\n|poke|p2|Alomomola, F|\n|poke|p2|Slowking-Galar, F|\n|poke|p2|Tapu Lele|\n|poke|p2|Landorus-Therian, M|\n|poke|p2|Lopunny, F|\n|poke|p2|Rotom-Wash|\n|teampreview\n|inactive|Battle timer is ON: inactive players will automatically lose when time's up. (requested by foggydaugie)\n|\n|t:|1701106285\n|start\n|switch|p1a: Scizor|Scizor, F|100\/100\n|switch|p2a: Lopunny|Lopunny, F|100\/100\n|turn|1\n|\n|t:|1701106292\n|detailschange|p2a: Lopunny|Lopunny-Mega, F\n|-mega|p2a: Lopunny|Lopunny|Lopunnite\n|detailschange|p1a: Scizor|Scizor-Mega, F\n|-mega|p1a: Scizor|Scizor|Scizorite\n|move|p2a: Lopunny|Fake Out|p1a: Scizor\n|-resisted|p1a: Scizor\n|-damage|p1a: Scizor|91\/100\n|cant|p1a: Scizor|flinch\n|\n|upkeep\n|turn|2\n|\n|t:|1701106302\n|move|p1a: Scizor|Bullet Punch|p2a: Lopunny\n|-damage|p2a: Lopunny|62\/100\n|move|p2a: Lopunny|U-turn|p1a: Scizor\n|-resisted|p1a: Scizor\n|-damage|p1a: Scizor|80\/100\n|\n|t:|1701106308\n|switch|p2a: Alomomola|Alomomola, F, shiny|100\/100|[from] U-turn\n|\n|upkeep\n|turn|3\n|\n|t:|1701106318\n|move|p1a: Scizor|Knock Off|p2a: Alomomola\n|-damage|p2a: Alomomola|85\/100\n|-enditem|p2a: Alomomola|Leftovers|[from] move: Knock Off|[of] p1a: Scizor\n|move|p2a: Alomomola|Scald|p1a: Scizor\n|-damage|p1a: Scizor|70\/100\n|\n|upkeep\n|turn|4\n|\n|t:|1701106329\n|switch|p1a: Toxapex|Toxapex, M|100\/100\n|move|p2a: Alomomola|Flip Turn|p1a: Toxapex\n|-resisted|p1a: Toxapex\n|-damage|p1a: Toxapex|96\/100\n|\n|t:|1701106337\n|switch|p2a: Slowking|Slowking-Galar, F, shiny|100\/100|[from] Flip Turn\n|\n|upkeep\n|turn|5\n|\n|t:|1701106344\n|move|p1a: Toxapex|Scald|p2a: Slowking\n|-damage|p2a: Slowking|90\/100\n|move|p2a: Slowking|Future Sight|p1a: Toxapex\n|-start|p2a: Slowking|move: Future Sight\n|\n|-heal|p2a: Slowking|96\/100|[from] item: Leftovers\n|upkeep\n|turn|6\n|\n|t:|1701106353\n|switch|p1a: Landorus|Landorus-Therian, M|100\/100\n|-ability|p1a: Landorus|Intimidate|boost\n|-unboost|p2a: Slowking|atk|1\n|move|p2a: Slowking|Chilly Reception|p2a: Slowking\n|-weather|Snow\n|\n|t:|1701106377\n|switch|p2a: Alomomola|Alomomola, F, shiny|100\/100|[from] Chilly Reception\n|\n|-weather|Snow|[upkeep]\n|upkeep\n|turn|7\n|\n|t:|1701106395\n|move|p1a: Landorus|Stealth Rock|p2a: Alomomola\n|-sidestart|p2: taowang|move: Stealth Rock\n|move|p2a: Alomomola|Flip Turn|p1a: Landorus\n|-supereffective|p1a: Landorus\n|-damage|p1a: Landorus|70\/100\n|\n|t:|1701106405\n|switch|p2a: Landorus|Landorus-Therian, M|100\/100|[from] Flip Turn\n|-damage|p2a: Landorus|88\/100|[from] Stealth Rock\n|-ability|p2a: Landorus|Intimidate|boost\n|-unboost|p1a: Landorus|atk|1\n|\n|-weather|Snow|[upkeep]\n|-end|p1a: Landorus|move: Future Sight\n|-damage|p1a: Landorus|36\/100\n|-heal|p1a: Landorus|42\/100|[from] item: Leftovers\n|upkeep\n|turn|8\n|inactive|foggydaugie has 120 seconds left.\n|\n|t:|1701106438\n|move|p2a: Landorus|Defog|p1a: Landorus\n|-unboost|p1a: Landorus|evasion|1\n|-sideend|p2: taowang|Stealth Rock|[from] move: Defog|[of] p2a: Landorus\n|move|p1a: Landorus|U-turn|p2a: Landorus\n|-resisted|p2a: Landorus\n|-damage|p2a: Landorus|79\/100\n|-damage|p1a: Landorus|25\/100|[from] item: Rocky Helmet|[of] p2a: Landorus\n|inactive|foggydaugie has 120 seconds left.\n|\n|t:|1701106444\n|switch|p1a: Tapu Koko|Tapu Koko|100\/100|[from] U-turn\n|-fieldstart|move: Electric Terrain|[from] ability: Electric Surge|[of] p1a: Tapu Koko\n|\n|-weather|Snow|[upkeep]\n|upkeep\n|turn|9\n|\n|t:|1701106451\n|switch|p2a: Slowking|Slowking-Galar, F, shiny|100\/100\n|move|p1a: Tapu Koko|Hidden Power|p2a: Slowking\n|-damage|p2a: Slowking|91\/100\n|\n|-weather|Snow|[upkeep]\n|-heal|p2a: Slowking|97\/100|[from] item: Leftovers\n|upkeep\n|turn|10\n|\n|t:|1701106463\n|move|p1a: Tapu Koko|Volt Switch|p2a: Slowking\n|-damage|p2a: Slowking|74\/100\n|\n|t:|1701106469\n|switch|p1a: Toxapex|Toxapex, M|100\/100|[from] Volt Switch\n|move|p2a: Slowking|Future Sight|p1a: Toxapex\n|-start|p2a: Slowking|move: Future Sight\n|\n|-weather|none\n|-heal|p2a: Slowking|80\/100|[from] item: Leftovers\n|upkeep\n|turn|11\n|\n|t:|1701106482\n|switch|p1a: Scizor|Scizor-Mega, F|70\/100\n|move|p2a: Slowking|Chilly Reception|p2a: Slowking\n|-weather|Snow\n|\n|t:|1701106490\n|switch|p2a: Tapu Lele|Tapu Lele|100\/100|[from] Chilly Reception\n|-fieldstart|move: Psychic Terrain|[from] ability: Psychic Surge|[of] p2a: Tapu Lele\n|\n|-weather|Snow|[upkeep]\n|upkeep\n|turn|12\n|inactive|taowang has 120 seconds left.\n|\n|t:|1701106521\n|-terastallize|p2a: Tapu Lele|Psychic\n|move|p2a: Tapu Lele|Psychic|p1a: Scizor\n|-resisted|p1a: Scizor\n|-damage|p1a: Scizor|35\/100\n|move|p1a: Scizor|Roost|p1a: Scizor\n|-heal|p1a: Scizor|86\/100\n|-singleturn|p1a: Scizor|move: Roost\n|\n|-weather|Snow|[upkeep]\n|-end|p1a: Scizor|move: Future Sight\n|-resisted|p1a: Scizor\n|-damage|p1a: Scizor|65\/100\n|upkeep\n|turn|13\n|inactive|taowang has 120 seconds left.\n|\n|t:|1701106541\n|switch|p2a: Landorus|Landorus-Therian, M|79\/100\n|-ability|p2a: Landorus|Intimidate|boost\n|-unboost|p1a: Scizor|atk|1\n|move|p1a: Scizor|Knock Off|p2a: Landorus\n|-damage|p2a: Landorus|55\/100\n|-damage|p1a: Scizor|48\/100|[from] item: Rocky Helmet|[of] p2a: Landorus\n|-enditem|p2a: Landorus|Rocky Helmet|[from] move: Knock Off|[of] p1a: Scizor\n|\n|-weather|Snow|[upkeep]\n|upkeep\n|turn|14\n|inactive|taowang has 120 seconds left.\n|\n|t:|1701106558\n|move|p2a: Landorus|U-turn|p1a: Scizor\n|-resisted|p1a: Scizor\n|-damage|p1a: Scizor|38\/100\n|\n|t:|1701106561\n|switch|p2a: Alomomola|Alomomola, F, shiny|100\/100|[from] U-turn\n|move|p1a: Scizor|Roost|p1a: Scizor\n|-heal|p1a: Scizor|88\/100\n|-singleturn|p1a: Scizor|move: Roost\n|\n|-weather|Snow|[upkeep]\n|upkeep\n|turn|15\n|inactive|taowang has 120 seconds left.\n|\n|t:|1701106576\n|move|p1a: Scizor|Knock Off|p2a: Alomomola\n|-damage|p2a: Alomomola|92\/100\n|move|p2a: Alomomola|Wish|p2a: Alomomola\n|\n|-weather|none\n|-fieldend|move: Psychic Terrain\n|upkeep\n|turn|16\n|\n|t:|1701106586\n|switch|p1a: Tapu Koko|Tapu Koko|100\/100\n|-fieldstart|move: Electric Terrain|[from] ability: Electric Surge|[of] p1a: Tapu Koko\n|move|p2a: Alomomola|Flip Turn|p1a: Tapu Koko\n|-damage|p1a: Tapu Koko|77\/100\n|inactive|taowang has 120 seconds left.\n|\n|t:|1701106607\n|switch|p2a: Landorus|Landorus-Therian, M|55\/100|[from] Flip Turn\n|-ability|p2a: Landorus|Intimidate|boost\n|-unboost|p1a: Tapu Koko|atk|1\n|\n|-heal|p2a: Landorus|100\/100|[from] move: Wish|[wisher] Alomomola\n|upkeep\n|turn|17\n|\n|t:|1701106618\n|switch|p2a: Slowking|Slowking-Galar, F, shiny|100\/100\n|move|p1a: Tapu Koko|Hidden Power|p2a: Slowking\n|-damage|p2a: Slowking|91\/100\n|\n|-heal|p2a: Slowking|97\/100|[from] item: Leftovers\n|upkeep\n|turn|18\n|inactive|taowang has 120 seconds left.\n|\n|t:|1701106623\n|move|p1a: Tapu Koko|Volt Switch|p2a: Slowking\n|-damage|p2a: Slowking|74\/100\n|\n|t:|1701106628\n|switch|p1a: Kartana|Kartana|100\/100|[from] Volt Switch\n|move|p2a: Slowking|Future Sight|p1a: Kartana\n|-start|p2a: Slowking|move: Future Sight\n|\n|-heal|p2a: Slowking|80\/100|[from] item: Leftovers\n|upkeep\n|turn|19\n|\n|t:|1701106641\n|switch|p2a: Landorus|Landorus-Therian, M|100\/100\n|-ability|p2a: Landorus|Intimidate|boost\n|-unboost|p1a: Kartana|atk|1\n|move|p1a: Kartana|Swords Dance|p1a: Kartana\n|-boost|p1a: Kartana|atk|2\n|\n|upkeep\n|turn|20\n|\n|t:|1701106652\n|move|p1a: Kartana|Leaf Blade|p2a: Landorus\n|-damage|p2a: Landorus|0 fnt\n|faint|p2a: Landorus\n|-ability|p1a: Kartana|Beast Boost|boost\n|-boost|p1a: Kartana|atk|1\n|\n|-end|p1a: Kartana|move: Future Sight\n|-resisted|p1a: Kartana\n|-crit|p1a: Kartana\n|-damage|p1a: Kartana|0 fnt\n|faint|p1a: Kartana\n|-fieldend|move: Electric Terrain\n|upkeep\n|c|\u2606foggydaugie|zamn\n|inactive|taowang has 120 seconds left.\n|\n|t:|1701106676\n|switch|p1a: Tapu Koko|Tapu Koko|77\/100\n|switch|p2a: Alomomola|Alomomola, F, shiny|100\/100\n|-fieldstart|move: Electric Terrain|[from] ability: Electric Surge|[of] p1a: Tapu Koko\n|turn|21\n|\n|t:|1701106680\n|switch|p2a: Slowking|Slowking-Galar, F, shiny|100\/100\n|move|p1a: Tapu Koko|Volt Switch|p2a: Slowking\n|-damage|p2a: Slowking|78\/100\n|\n|t:|1701106684\n|switch|p1a: Landorus|Landorus-Therian, M|25\/100|[from] Volt Switch\n|-ability|p1a: Landorus|Intimidate|boost\n|-unboost|p2a: Slowking|atk|1\n|\n|-heal|p1a: Landorus|31\/100|[from] item: Leftovers\n|-heal|p2a: Slowking|84\/100|[from] item: Leftovers\n|upkeep\n|turn|22\n|\n|t:|1701106689\n|switch|p2a: Alomomola|Alomomola, F, shiny|100\/100\n|move|p1a: Landorus|Stealth Rock|p2a: Alomomola\n|-sidestart|p2: taowang|move: Stealth Rock\n|\n|-heal|p1a: Landorus|37\/100|[from] item: Leftovers\n|upkeep\n|turn|23\n|\n|t:|1701106699\n|move|p1a: Landorus|Toxic|p2a: Alomomola\n|-status|p2a: Alomomola|tox\n|move|p2a: Alomomola|Flip Turn|p1a: Landorus\n|-supereffective|p1a: Landorus\n|-damage|p1a: Landorus|5\/100\n|\n|t:|1701106707\n|switch|p2a: Tapu Lele|Tapu Lele, tera:Psychic|100\/100|[from] Flip Turn\n|-damage|p2a: Tapu Lele|88\/100|[from] Stealth Rock\n|-fieldstart|move: Psychic Terrain|[from] ability: Psychic Surge|[of] p2a: Tapu Lele\n|\n|-heal|p1a: Landorus|11\/100|[from] item: Leftovers\n|upkeep\n|turn|24\n|\n|t:|1701106719\n|move|p2a: Tapu Lele|Psychic|p1a: Landorus\n|-crit|p1a: Landorus\n|-damage|p1a: Landorus|0 fnt\n|faint|p1a: Landorus\n|\n|upkeep\n|\n|t:|1701106728\n|switch|p1a: Scizor|Scizor-Mega, F|88\/100\n|turn|25\n|\n|t:|1701106736\n|switch|p2a: Alomomola|Alomomola, F, shiny|100\/100 tox\n|-damage|p2a: Alomomola|88\/100 tox|[from] Stealth Rock\n|move|p1a: Scizor|Knock Off|p2a: Alomomola\n|-damage|p2a: Alomomola|77\/100 tox\n|\n|-damage|p2a: Alomomola|71\/100 tox|[from] psn\n|upkeep\n|turn|26\n|\n|t:|1701106744\n|move|p1a: Scizor|Knock Off|p2a: Alomomola\n|-damage|p2a: Alomomola|59\/100 tox\n|move|p2a: Alomomola|Wish|p2a: Alomomola\n|\n|-damage|p2a: Alomomola|47\/100 tox|[from] psn\n|upkeep\n|turn|27\n|\n|t:|1701106753\n|move|p1a: Scizor|Knock Off|p2a: Alomomola\n|-damage|p2a: Alomomola|35\/100 tox\n|move|p2a: Alomomola|Scald|p1a: Scizor\n|-damage|p1a: Scizor|79\/100\n|\n|-heal|p2a: Alomomola|85\/100 tox|[from] move: Wish|[wisher] Alomomola\n|-damage|p2a: Alomomola|66\/100 tox|[from] psn\n|-fieldend|move: Psychic Terrain\n|upkeep\n|turn|28\n|\n|t:|1701106766\n|move|p1a: Scizor|Knock Off|p2a: Alomomola\n|-damage|p2a: Alomomola|56\/100 tox\n|move|p2a: Alomomola|Flip Turn|p1a: Scizor\n|-damage|p1a: Scizor|67\/100\n|\n|t:|1701106781\n|switch|p2a: Lopunny|Lopunny-Mega, F|62\/100|[from] Flip Turn\n|-damage|p2a: Lopunny|56\/100|[from] Stealth Rock\n|\n|upkeep\n|turn|29\n|\n|t:|1701106788\n|move|p2a: Lopunny|Fake Out|p1a: Scizor\n|-resisted|p1a: Scizor\n|-damage|p1a: Scizor|58\/100\n|cant|p1a: Scizor|flinch\n|\n|upkeep\n|turn|30\n|\n|t:|1701106795\n|move|p1a: Scizor|Bullet Punch|p2a: Lopunny\n|-damage|p2a: Lopunny|15\/100\n|move|p2a: Lopunny|U-turn|p1a: Scizor\n|-resisted|p1a: Scizor\n|-damage|p1a: Scizor|48\/100\n|\n|t:|1701106801\n|switch|p2a: Alomomola|Alomomola, F, shiny|89\/100 tox|[from] U-turn\n|-damage|p2a: Alomomola|77\/100 tox|[from] Stealth Rock\n|\n|-damage|p2a: Alomomola|71\/100 tox|[from] psn\n|upkeep\n|turn|31\n|\n|t:|1701106803\n|move|p1a: Scizor|Roost|p1a: Scizor\n|-heal|p1a: Scizor|98\/100\n|-singleturn|p1a: Scizor|move: Roost\n|move|p2a: Alomomola|Wish|p2a: Alomomola\n|\n|-damage|p2a: Alomomola|58\/100 tox|[from] psn\n|upkeep\n|turn|32\n|\n|t:|1701106810\n|move|p1a: Scizor|Knock Off|p2a: Alomomola\n|-damage|p2a: Alomomola|47\/100 tox\n|move|p2a: Alomomola|Flip Turn|p1a: Scizor\n|-damage|p1a: Scizor|86\/100\n|\n|t:|1701106815\n|switch|p2a: Lopunny|Lopunny-Mega, F|15\/100|[from] Flip Turn\n|-damage|p2a: Lopunny|9\/100|[from] Stealth Rock\n|\n|-heal|p2a: Lopunny|100\/100|[from] move: Wish|[wisher] Alomomola\n|upkeep\n|turn|33\n|\n|t:|1701106826\n|move|p2a: Lopunny|Fake Out|p1a: Scizor\n|-resisted|p1a: Scizor\n|-damage|p1a: Scizor|77\/100\n|cant|p1a: Scizor|flinch\n|\n|upkeep\n|turn|34\n|\n|t:|1701106829\n|move|p1a: Scizor|Bullet Punch|p2a: Lopunny\n|-damage|p2a: Lopunny|62\/100\n|move|p2a: Lopunny|U-turn|p1a: Scizor\n|-resisted|p1a: Scizor\n|-damage|p1a: Scizor|67\/100\n|\n|t:|1701106836\n|switch|p2a: Alomomola|Alomomola, F, shiny|80\/100 tox|[from] U-turn\n|-damage|p2a: Alomomola|68\/100 tox|[from] Stealth Rock\n|\n|-damage|p2a: Alomomola|62\/100 tox|[from] psn\n|upkeep\n|turn|35\n|\n|t:|1701106846\n|move|p1a: Scizor|Roost|p1a: Scizor\n|-heal|p1a: Scizor|100\/100\n|-singleturn|p1a: Scizor|move: Roost\n|move|p2a: Alomomola|Wish|p2a: Alomomola\n|\n|-damage|p2a: Alomomola|49\/100 tox|[from] psn\n|upkeep\n|turn|36\n|\n|t:|1701106851\n|move|p1a: Scizor|Bullet Punch|p2a: Alomomola\n|-resisted|p2a: Alomomola\n|-damage|p2a: Alomomola|42\/100 tox\n|move|p2a: Alomomola|Scald|p1a: Scizor\n|-damage|p1a: Scizor|91\/100\n|-status|p1a: Scizor|brn\n|\n|-heal|p2a: Alomomola|92\/100 tox|[from] move: Wish|[wisher] Alomomola\n|-damage|p2a: Alomomola|73\/100 tox|[from] psn\n|-damage|p1a: Scizor|84\/100 brn|[from] brn\n|upkeep\n|turn|37\n|\n|t:|1701106859\n|switch|p1a: Tapu Koko|Tapu Koko|77\/100\n|-fieldstart|move: Electric Terrain|[from] ability: Electric Surge|[of] p1a: Tapu Koko\n|move|p2a: Alomomola|Wish|p2a: Alomomola\n|\n|-damage|p2a: Alomomola|49\/100 tox|[from] psn\n|upkeep\n|turn|38\n|\n|t:|1701106865\n|switch|p2a: Slowking|Slowking-Galar, F, shiny|100\/100\n|-damage|p2a: Slowking|88\/100|[from] Stealth Rock\n|move|p1a: Tapu Koko|Volt Switch|p2a: Slowking\n|-damage|p2a: Slowking|63\/100\n|\n|t:|1701106870\n|switch|p1a: Scizor|Scizor-Mega, F|84\/100 brn|[from] Volt Switch\n|\n|-heal|p2a: Slowking|100\/100|[from] move: Wish|[wisher] Alomomola\n|-damage|p1a: Scizor|78\/100 brn|[from] brn\n|upkeep\n|turn|39\n|\n|t:|1701106877\n|switch|p2a: Alomomola|Alomomola, F, shiny|82\/100 tox\n|-damage|p2a: Alomomola|70\/100 tox|[from] Stealth Rock\n|move|p1a: Scizor|Knock Off|p2a: Alomomola\n|-damage|p2a: Alomomola|64\/100 tox\n|\n|-damage|p2a: Alomomola|57\/100 tox|[from] psn\n|-damage|p1a: Scizor|72\/100 brn|[from] brn\n|upkeep\n|turn|40\n|\n|t:|1701106892\n|switch|p1a: Tapu Koko|Tapu Koko|77\/100\n|move|p2a: Alomomola|Flip Turn|p1a: Tapu Koko\n|-crit|p1a: Tapu Koko\n|-damage|p1a: Tapu Koko|43\/100\n|\n|t:|1701106902\n|switch|p2a: Tapu Lele|Tapu Lele, tera:Psychic|88\/100|[from] Flip Turn\n|-damage|p2a: Tapu Lele|76\/100|[from] Stealth Rock\n|-fieldstart|move: Psychic Terrain|[from] ability: Psychic Surge|[of] p2a: Tapu Lele\n|\n|upkeep\n|turn|41\n|\n|t:|1701106909\n|switch|p1a: Scizor|Scizor-Mega, F|72\/100 brn\n|move|p2a: Tapu Lele|Psychic|p1a: Scizor\n|-resisted|p1a: Scizor\n|-damage|p1a: Scizor|40\/100 brn\n|-unboost|p1a: Scizor|spd|1\n|\n|-damage|p1a: Scizor|34\/100 brn|[from] brn\n|upkeep\n|turn|42\n|\n|t:|1701106933\n|switch|p2a: Alomomola|Alomomola, F, shiny|91\/100 tox\n|-damage|p2a: Alomomola|78\/100 tox|[from] Stealth Rock\n|move|p1a: Scizor|Roost|p1a: Scizor\n|-heal|p1a: Scizor|84\/100 brn\n|-singleturn|p1a: Scizor|move: Roost\n|\n|-damage|p2a: Alomomola|72\/100 tox|[from] psn\n|-damage|p1a: Scizor|78\/100 brn|[from] brn\n|upkeep\n|turn|43\n|\n|t:|1701106948\n|switch|p1a: Toxapex|Toxapex, M|100\/100\n|move|p2a: Alomomola|Flip Turn|p1a: Toxapex\n|-resisted|p1a: Toxapex\n|-damage|p1a: Toxapex|95\/100\n|\n|t:|1701106954\n|switch|p2a: Slowking|Slowking-Galar, F, shiny|100\/100|[from] Flip Turn\n|-damage|p2a: Slowking|88\/100|[from] Stealth Rock\n|\n|-heal|p2a: Slowking|94\/100|[from] item: Leftovers\n|upkeep\n|turn|44\n|\n|t:|1701106960\n|move|p1a: Toxapex|Scald|p2a: Slowking\n|-damage|p2a: Slowking|85\/100\n|move|p2a: Slowking|Future Sight|p1a: Toxapex\n|-start|p2a: Slowking|move: Future Sight\n|\n|-heal|p2a: Slowking|91\/100|[from] item: Leftovers\n|-fieldend|move: Psychic Terrain\n|upkeep\n|turn|45\n|\n|t:|1701106973\n|switch|p1a: Scizor|Scizor-Mega, F|78\/100 brn\n|move|p2a: Slowking|Chilly Reception|p2a: Slowking\n|-weather|Snow\n|\n|t:|1701106979\n|switch|p2a: Alomomola|Alomomola, F, shiny|100\/100 tox|[from] Chilly Reception\n|-damage|p2a: Alomomola|88\/100 tox|[from] Stealth Rock\n|\n|-weather|Snow|[upkeep]\n|-damage|p2a: Alomomola|82\/100 tox|[from] psn\n|-damage|p1a: Scizor|72\/100 brn|[from] brn\n|upkeep\n|turn|46\n|\n|t:|1701106985\n|move|p1a: Scizor|Roost|p1a: Scizor\n|-heal|p1a: Scizor|100\/100 brn\n|-singleturn|p1a: Scizor|move: Roost\n|move|p2a: Alomomola|Flip Turn|p1a: Scizor\n|-damage|p1a: Scizor|89\/100 brn\n|\n|t:|1701106993\n|switch|p2a: Slowking|Slowking-Galar, F, shiny|100\/100|[from] Flip Turn\n|-damage|p2a: Slowking|88\/100|[from] Stealth Rock\n|\n|-weather|Snow|[upkeep]\n|-end|p1a: Scizor|move: Future Sight\n|-resisted|p1a: Scizor\n|-damage|p1a: Scizor|74\/100 brn\n|-heal|p2a: Slowking|94\/100|[from] item: Leftovers\n|-damage|p1a: Scizor|68\/100 brn|[from] brn\n|upkeep\n|turn|47\n|\n|t:|1701106997\n|switch|p2a: Alomomola|Alomomola, F, shiny|100\/100 tox\n|-damage|p2a: Alomomola|88\/100 tox|[from] Stealth Rock\n|move|p1a: Scizor|Knock Off|p2a: Alomomola\n|-damage|p2a: Alomomola|82\/100 tox\n|\n|-weather|Snow|[upkeep]\n|-damage|p2a: Alomomola|76\/100 tox|[from] psn\n|-damage|p1a: Scizor|62\/100 brn|[from] brn\n|upkeep\n|turn|48\n|\n|t:|1701107008\n|move|p1a: Scizor|Knock Off|p2a: Alomomola\n|-damage|p2a: Alomomola|71\/100 tox\n|move|p2a: Alomomola|Flip Turn|p1a: Scizor\n|-damage|p1a: Scizor|49\/100 brn\n|\n|t:|1701107015\n|switch|p2a: Slowking|Slowking-Galar, F, shiny|100\/100|[from] Flip Turn\n|-damage|p2a: Slowking|88\/100|[from] Stealth Rock\n|\n|-weather|Snow|[upkeep]\n|-heal|p2a: Slowking|94\/100|[from] item: Leftovers\n|-damage|p1a: Scizor|42\/100 brn|[from] brn\n|upkeep\n|turn|49\n|c|\u2606foggydaugie|this fight=brainrot\n|\n|t:|1701107025\n|switch|p2a: Alomomola|Alomomola, F, shiny|100\/100 tox\n|-damage|p2a: Alomomola|88\/100 tox|[from] Stealth Rock\n|move|p1a: Scizor|Knock Off|p2a: Alomomola\n|-crit|p2a: Alomomola\n|-damage|p2a: Alomomola|79\/100 tox\n|\n|-weather|none\n|-damage|p2a: Alomomola|73\/100 tox|[from] psn\n|-damage|p1a: Scizor|36\/100 brn|[from] brn\n|upkeep\n|turn|50\n|\n|t:|1701107030\n|switch|p1a: Tapu Koko|Tapu Koko|43\/100\n|-fieldstart|move: Electric Terrain|[from] ability: Electric Surge|[of] p1a: Tapu Koko\n|move|p2a: Alomomola|Flip Turn|p1a: Tapu Koko\n|-damage|p1a: Tapu Koko|20\/100\n|\n|t:|1701107037\n|switch|p2a: Slowking|Slowking-Galar, F, shiny|100\/100|[from] Flip Turn\n|-damage|p2a: Slowking|88\/100|[from] Stealth Rock\n|\n|-heal|p2a: Slowking|94\/100|[from] item: Leftovers\n|upkeep\n|turn|51\n|\n|t:|1701107051\n|move|p1a: Tapu Koko|Roost|p1a: Tapu Koko\n|-heal|p1a: Tapu Koko|71\/100\n|-singleturn|p1a: Tapu Koko|move: Roost\n|move|p2a: Slowking|Chilly Reception|p2a: Slowking\n|-weather|Snow\n|\n|t:|1701107073\n|switch|p2a: Alomomola|Alomomola, F, shiny|100\/100 tox|[from] Chilly Reception\n|-damage|p2a: Alomomola|88\/100 tox|[from] Stealth Rock\n|\n|-weather|Snow|[upkeep]\n|-damage|p2a: Alomomola|82\/100 tox|[from] psn\n|upkeep\n|turn|52\n|\n|t:|1701107080\n|switch|p2a: Slowking|Slowking-Galar, F, shiny|100\/100\n|-damage|p2a: Slowking|88\/100|[from] Stealth Rock\n|move|p1a: Tapu Koko|Dazzling Gleam|p2a: Slowking\n|-resisted|p2a: Slowking\n|-damage|p2a: Slowking|79\/100\n|\n|-weather|Snow|[upkeep]\n|-heal|p2a: Slowking|85\/100|[from] item: Leftovers\n|upkeep\n|turn|53\n|\n|t:|1701107086\n|move|p1a: Tapu Koko|Volt Switch|p2a: Slowking\n|-damage|p2a: Slowking|63\/100\n|\n|t:|1701107090\n|switch|p1a: Toxapex|Toxapex, M|100\/100|[from] Volt Switch\n|move|p2a: Slowking|Future Sight|p1a: Toxapex\n|-start|p2a: Slowking|move: Future Sight\n|\n|-weather|Snow|[upkeep]\n|-heal|p2a: Slowking|70\/100|[from] item: Leftovers\n|upkeep\n|turn|54\n|\n|t:|1701107099\n|switch|p1a: Tapu Koko|Tapu Koko|71\/100\n|move|p2a: Slowking|Chilly Reception|p2a: Slowking\n|\n|t:|1701107107\n|switch|p2a: Tapu Lele|Tapu Lele, tera:Psychic|76\/100|[from] Chilly Reception\n|-damage|p2a: Tapu Lele|63\/100|[from] Stealth Rock\n|-fieldstart|move: Psychic Terrain|[from] ability: Psychic Surge|[of] p2a: Tapu Lele\n|\n|-weather|Snow|[upkeep]\n|upkeep\n|turn|55\n|\n|t:|1701107123\n|switch|p1a: Scizor|Scizor-Mega, F|36\/100 brn\n|move|p2a: Tapu Lele|Psyshock|p1a: Scizor\n|-resisted|p1a: Scizor\n|-damage|p1a: Scizor|5\/100 brn\n|\n|-weather|none\n|-end|p1a: Scizor|move: Future Sight\n|-resisted|p1a: Scizor\n|-damage|p1a: Scizor|0 fnt\n|faint|p1a: Scizor\n|upkeep\n|\n|t:|1701107129\n|switch|p1a: Tapu Koko|Tapu Koko|71\/100\n|-fieldstart|move: Electric Terrain|[from] ability: Electric Surge|[of] p1a: Tapu Koko\n|turn|56\n|\n|t:|1701107132\n|switch|p2a: Slowking|Slowking-Galar, F, shiny|100\/100\n|-damage|p2a: Slowking|88\/100|[from] Stealth Rock\n|move|p1a: Tapu Koko|Roost|p1a: Tapu Koko\n|-heal|p1a: Tapu Koko|100\/100\n|-singleturn|p1a: Tapu Koko|move: Roost\n|\n|-heal|p2a: Slowking|94\/100|[from] item: Leftovers\n|upkeep\n|turn|57\n|\n|t:|1701107138\n|move|p1a: Tapu Koko|Volt Switch|p2a: Slowking\n|-damage|p2a: Slowking|73\/100\n|\n|t:|1701107141\n|switch|p1a: Iron Valiant|Iron Valiant|100\/100|[from] Volt Switch\n|-activate|p1a: Iron Valiant|ability: Quark Drive\n|-start|p1a: Iron Valiant|quarkdrivespe\n|move|p2a: Slowking|Future Sight|p1a: Iron Valiant\n|-start|p2a: Slowking|move: Future Sight\n|\n|-heal|p2a: Slowking|79\/100|[from] item: Leftovers\n|upkeep\n|turn|58\n|\n|t:|1701107152\n|switch|p2a: Rotom|Rotom-Wash|100\/100\n|-damage|p2a: Rotom|88\/100|[from] Stealth Rock\n|move|p1a: Iron Valiant|Psyshock|p2a: Rotom\n|-damage|p2a: Rotom|37\/100\n|\n|upkeep\n|turn|59\n|\n|t:|1701107164\n|-end|p1a: Iron Valiant|Quark Drive|[silent]\n|switch|p1a: Toxapex|Toxapex, M|100\/100\n|move|p2a: Rotom|Trick|p1a: Toxapex\n|-activate|p2a: Rotom|move: Trick|[of] p1a: Toxapex\n|-item|p1a: Toxapex|Choice Specs|[from] move: Trick\n|-item|p2a: Rotom|Covert Cloak|[from] move: Trick\n|\n|-end|p1a: Toxapex|move: Future Sight\n|-supereffective|p1a: Toxapex\n|-crit|p1a: Toxapex\n|-damage|p1a: Toxapex|0 fnt\n|faint|p1a: Toxapex\n|upkeep\n|c|\u2606foggydaugie|:(\n|\n|t:|1701107176\n|switch|p1a: Tapu Koko|Tapu Koko|100\/100\n|turn|60\n|\n|t:|1701107182\n|switch|p2a: Slowking|Slowking-Galar, F, shiny|100\/100\n|-damage|p2a: Slowking|88\/100|[from] Stealth Rock\n|move|p1a: Tapu Koko|Volt Switch|p2a: Slowking\n|-damage|p2a: Slowking|67\/100\n|\n|t:|1701107184\n|switch|p1a: Iron Valiant|Iron Valiant|100\/100|[from] Volt Switch\n|-activate|p1a: Iron Valiant|ability: Quark Drive\n|-start|p1a: Iron Valiant|quarkdrivespe\n|\n|-heal|p2a: Slowking|73\/100|[from] item: Leftovers\n|-fieldend|move: Electric Terrain\n|-end|p1a: Iron Valiant|Quark Drive\n|upkeep\n|turn|61\n|\n|t:|1701107198\n|switch|p2a: Rotom|Rotom-Wash|37\/100\n|-damage|p2a: Rotom|25\/100|[from] Stealth Rock\n|move|p1a: Iron Valiant|Psyshock|p2a: Rotom\n|-damage|p2a: Rotom|0 fnt\n|faint|p2a: Rotom\n|\n|upkeep\n|\n|t:|1701107213\n|switch|p2a: Lopunny|Lopunny-Mega, F|62\/100\n|-damage|p2a: Lopunny|57\/100|[from] Stealth Rock\n|turn|62\n|\n|t:|1701107218\n|-end|p1a: Iron Valiant|Quark Drive|[silent]\n|switch|p1a: Tapu Koko|Tapu Koko|100\/100\n|-fieldstart|move: Electric Terrain|[from] ability: Electric Surge|[of] p1a: Tapu Koko\n|move|p2a: Lopunny|Fake Out|p1a: Tapu Koko\n|-damage|p1a: Tapu Koko|68\/100\n|\n|upkeep\n|turn|63\n|\n|t:|1701107225\n|switch|p2a: Slowking|Slowking-Galar, F, shiny|100\/100\n|-damage|p2a: Slowking|88\/100|[from] Stealth Rock\n|move|p1a: Tapu Koko|Volt Switch|p2a: Slowking\n|-damage|p2a: Slowking|66\/100\n|\n|t:|1701107228\n|switch|p1a: Iron Valiant|Iron Valiant|100\/100|[from] Volt Switch\n|-activate|p1a: Iron Valiant|ability: Quark Drive\n|-start|p1a: Iron Valiant|quarkdrivespe\n|\n|-heal|p2a: Slowking|72\/100|[from] item: Leftovers\n|upkeep\n|turn|64\n|\n|t:|1701107239\n|move|p1a: Iron Valiant|Psyshock|p2a: Slowking\n|-damage|p2a: Slowking|32\/100\n|move|p2a: Slowking|Future Sight|p1a: Iron Valiant\n|-start|p2a: Slowking|move: Future Sight\n|\n|-heal|p2a: Slowking|38\/100|[from] item: Leftovers\n|upkeep\n|turn|65\n|\n|t:|1701107247\n|move|p1a: Iron Valiant|Psyshock|p2a: Slowking\n|-damage|p2a: Slowking|0 fnt\n|faint|p2a: Slowking\n|\n|upkeep\n|\n|t:|1701107252\n|switch|p2a: Tapu Lele|Tapu Lele, tera:Psychic|63\/100\n|-damage|p2a: Tapu Lele|51\/100|[from] Stealth Rock\n|-fieldstart|move: Psychic Terrain|[from] ability: Psychic Surge|[of] p2a: Tapu Lele\n|-end|p1a: Iron Valiant|Quark Drive\n|turn|66\n|inactive|taowang has 120 seconds left.\n|\n|t:|1701107308\n|-end|p1a: Iron Valiant|Quark Drive|[silent]\n|switch|p1a: Tapu Koko|Tapu Koko|68\/100\n|-fieldstart|move: Electric Terrain|[from] ability: Electric Surge|[of] p1a: Tapu Koko\n|move|p2a: Tapu Lele|Psychic|p1a: Tapu Koko\n|-damage|p1a: Tapu Koko|0 fnt\n|faint|p1a: Tapu Koko\n|\n|-hint|Future Sight did not hit because the target is fainted.\n|upkeep\n|\n|t:|1701107328\n|switch|p1a: Iron Valiant|Iron Valiant|100\/100\n|-activate|p1a: Iron Valiant|ability: Quark Drive\n|-start|p1a: Iron Valiant|quarkdrivespe\n|turn|67\n|inactive|foggydaugie has 120 seconds left.\n|\n|t:|1701107361\n|switch|p2a: Alomomola|Alomomola, F, shiny|100\/100 tox\n|-damage|p2a: Alomomola|88\/100 tox|[from] Stealth Rock\n|-terastallize|p1a: Iron Valiant|Fairy\n|move|p1a: Iron Valiant|Moonblast|p2a: Alomomola\n|-damage|p2a: Alomomola|0 fnt\n|faint|p2a: Alomomola\n|\n|upkeep\n|c|\u2606foggydaugie|gg\n|\n|t:|1701107372\n|switch|p2a: Lopunny|Lopunny-Mega, F|57\/100\n|-damage|p2a: Lopunny|51\/100|[from] Stealth Rock\n|turn|68\n|\n|t:|1701107375\n|move|p2a: Lopunny|Fake Out|p1a: Iron Valiant\n|-damage|p1a: Iron Valiant|72\/100\n|cant|p1a: Iron Valiant|flinch\n|\n|upkeep\n|turn|69\n|\n|t:|1701107383\n|move|p1a: Iron Valiant|Moonblast|p2a: Lopunny\n|-supereffective|p2a: Lopunny\n|-damage|p2a: Lopunny|0 fnt\n|faint|p2a: Lopunny\n|\n|upkeep\n|\n|t:|1701107388\n|switch|p2a: Tapu Lele|Tapu Lele, tera:Psychic|51\/100\n|-damage|p2a: Tapu Lele|38\/100|[from] Stealth Rock\n|-fieldstart|move: Psychic Terrain|[from] ability: Psychic Surge|[of] p2a: Tapu Lele\n|-end|p1a: Iron Valiant|Quark Drive\n|turn|70\n|\n|t:|1701107394\n|move|p2a: Tapu Lele|Psychic|p1a: Iron Valiant\n|-damage|p1a: Iron Valiant|0 fnt\n|faint|p1a: Iron Valiant\n|-end|p1a: Iron Valiant|Quark Drive|[silent]\n|\n|win|taowang\n|raw|foggydaugie's rating: 1276 &rarr; <strong>1264<\/strong><br \/>(-12 for losing)\n|raw|taowang's rating: 1467 &rarr; <strong>1477<\/strong><br \/>(+10 for winning)\n|l|\u2606taowang\n","uploadtime":1701107413,"views":8,"p1id":"foggydaugie","p2id":"taowang","formatid":"gen9nationaldex","rating":1264,"private":0,"password":""}