{"id":"gen9nationaldex-1999859416","p1":"congpizza","p2":"Cozyk8ng","format":"[Gen 9] National Dex","log":"|html|<div class=\"broadcast-blue\"><strong>[Gen 9] National Dex is currently suspecting Sneasler! For information on how to participate check out the <a href=\"https:\/\/www.smogon.com\/forums\/threads\/sv-national-dex-suspect-8-just-dance.3731534\/\">suspect thread<\/a>.<\/strong><\/div>\n|j|\u2606congpizza\n|j|\u2606Cozyk8ng\n|t:|1701123567\n|gametype|singles\n|player|p1|congpizza|dawn|1358\n|player|p2|Cozyk8ng|266|1262\n|teamsize|p1|6\n|teamsize|p2|6\n|gen|9\n|tier|[Gen 9] National Dex\n|rated|\n|rule|HP Percentage Mod: HP is shown in percentages\n|rule|Endless Battle Clause: Forcing endless battles is banned\n|rule|OHKO Clause: OHKO moves are banned\n|rule|Evasion Clause: Evasion abilities, items, and moves are banned\n|rule|Evasion Abilities Clause: Evasion abilities are banned\n|rule|Evasion Items Clause: Evasion items are banned\n|rule|Evasion Moves Clause: Evasion moves are banned\n|rule|Species Clause: Limit one of each Pok\u00e9mon\n|rule|Sleep Clause Mod: Limit one foe put to sleep\n|clearpoke\n|poke|p1|Pelipper, F|\n|poke|p1|Greninja-*, M|\n|poke|p1|Swampert, M|\n|poke|p1|Ferrothorn, F|\n|poke|p1|Overqwil, F|\n|poke|p1|Zapdos|\n|poke|p2|Pelipper, M|\n|poke|p2|Zapdos|\n|poke|p2|Swampert, M|\n|poke|p2|Jolteon, F|\n|poke|p2|Alomomola, M|\n|poke|p2|Manaphy|\n|teampreview\n|inactive|Battle timer is ON: inactive players will automatically lose when time's up. (requested by Cozyk8ng)\n|inactive|congpizza also wants the timer to be on.\n|\n|t:|1701123577\n|start\n|switch|p1a: \u4f60\u600e\u4e48\u7761\u5f97\u7740\u7684|Ferrothorn, F|100\/100\n|switch|p2a: Jolteon|Jolteon, F|100\/100\n|turn|1\n|\n|t:|1701123583\n|-zpower|p2a: Jolteon\n|move|p2a: Jolteon|Z-Celebrate|p2a: Jolteon|[anim]Celebrate\n|-boost|p2a: Jolteon|atk|1|[zeffect]\n|-boost|p2a: Jolteon|def|1|[zeffect]\n|-boost|p2a: Jolteon|spa|1|[zeffect]\n|-boost|p2a: Jolteon|spd|1|[zeffect]\n|-boost|p2a: Jolteon|spe|1|[zeffect]\n|-activate|p2a: Jolteon|move: Celebrate\n|move|p1a: \u4f60\u600e\u4e48\u7761\u5f97\u7740\u7684|Stealth Rock|p2a: Jolteon\n|-sidestart|p2: Cozyk8ng|move: Stealth Rock\n|\n|upkeep\n|turn|2\n|\n|t:|1701123591\n|move|p2a: Jolteon|Thunder|p1a: \u4f60\u600e\u4e48\u7761\u5f97\u7740\u7684|[miss]\n|-miss|p2a: Jolteon|p1a: \u4f60\u600e\u4e48\u7761\u5f97\u7740\u7684\n|move|p1a: \u4f60\u600e\u4e48\u7761\u5f97\u7740\u7684|Gyro Ball|p2a: Jolteon\n|-resisted|p2a: Jolteon\n|-damage|p2a: Jolteon|72\/100\n|\n|upkeep\n|turn|3\n|\n|t:|1701123595\n|move|p2a: Jolteon|Thunder|p1a: \u4f60\u600e\u4e48\u7761\u5f97\u7740\u7684|[miss]\n|-miss|p2a: Jolteon|p1a: \u4f60\u600e\u4e48\u7761\u5f97\u7740\u7684\n|move|p1a: \u4f60\u600e\u4e48\u7761\u5f97\u7740\u7684|Spikes|p2a: Jolteon\n|-sidestart|p2: Cozyk8ng|Spikes\n|\n|upkeep\n|turn|4\n|\n|t:|1701123598\n|move|p2a: Jolteon|Thunder|p1a: \u4f60\u600e\u4e48\u7761\u5f97\u7740\u7684|[miss]\n|-miss|p2a: Jolteon|p1a: \u4f60\u600e\u4e48\u7761\u5f97\u7740\u7684\n|move|p1a: \u4f60\u600e\u4e48\u7761\u5f97\u7740\u7684|Spikes|p2a: Jolteon\n|-sidestart|p2: Cozyk8ng|Spikes\n|\n|upkeep\n|turn|5\n|\n|t:|1701123607\n|move|p2a: Jolteon|Thunder|p1a: \u4f60\u600e\u4e48\u7761\u5f97\u7740\u7684\n|-resisted|p1a: \u4f60\u600e\u4e48\u7761\u5f97\u7740\u7684\n|-damage|p1a: \u4f60\u600e\u4e48\u7761\u5f97\u7740\u7684|73\/100\n|move|p1a: \u4f60\u600e\u4e48\u7761\u5f97\u7740\u7684|Spikes|p2a: Jolteon\n|-sidestart|p2: Cozyk8ng|Spikes\n|\n|upkeep\n|turn|6\n|\n|t:|1701123613\n|switch|p1a: \u65e0\u654c\u7684\u516d\u8fb9\u5f62|Swampert, M|100\/100\n|move|p2a: Jolteon|Shadow Ball|p1a: \u65e0\u654c\u7684\u516d\u8fb9\u5f62\n|-damage|p1a: \u65e0\u654c\u7684\u516d\u8fb9\u5f62|60\/100\n|\n|upkeep\n|turn|7\n|\n|t:|1701123620\n|detailschange|p1a: \u65e0\u654c\u7684\u516d\u8fb9\u5f62|Swampert-Mega, M\n|-mega|p1a: \u65e0\u654c\u7684\u516d\u8fb9\u5f62|Swampert|Swampertite\n|move|p2a: Jolteon|Hidden Power|p1a: \u65e0\u654c\u7684\u516d\u8fb9\u5f62\n|-supereffective|p1a: \u65e0\u654c\u7684\u516d\u8fb9\u5f62\n|-damage|p1a: \u65e0\u654c\u7684\u516d\u8fb9\u5f62|0 fnt\n|faint|p1a: \u65e0\u654c\u7684\u516d\u8fb9\u5f62\n|\n|upkeep\n|\n|t:|1701123625\n|switch|p1a: \u76d6\u9e25\u5361|Pelipper, F|100\/100\n|-weather|RainDance|[from] ability: Drizzle|[of] p1a: \u76d6\u9e25\u5361\n|turn|8\n|\n|t:|1701123629\n|switch|p1a: \u4f60\u600e\u4e48\u7761\u5f97\u7740\u7684|Ferrothorn, F|73\/100\n|move|p2a: Jolteon|Thunder|p1a: \u4f60\u600e\u4e48\u7761\u5f97\u7740\u7684\n|-resisted|p1a: \u4f60\u600e\u4e48\u7761\u5f97\u7740\u7684\n|-damage|p1a: \u4f60\u600e\u4e48\u7761\u5f97\u7740\u7684|42\/100\n|\n|-weather|RainDance|[upkeep]\n|upkeep\n|turn|9\n|\n|t:|1701123636\n|move|p2a: Jolteon|Thunder|p1a: \u4f60\u600e\u4e48\u7761\u5f97\u7740\u7684\n|-resisted|p1a: \u4f60\u600e\u4e48\u7761\u5f97\u7740\u7684\n|-damage|p1a: \u4f60\u600e\u4e48\u7761\u5f97\u7740\u7684|12\/100\n|move|p1a: \u4f60\u600e\u4e48\u7761\u5f97\u7740\u7684|Gyro Ball|p2a: Jolteon\n|-resisted|p2a: Jolteon\n|-damage|p2a: Jolteon|41\/100\n|\n|-weather|RainDance|[upkeep]\n|upkeep\n|turn|10\n|\n|t:|1701123639\n|move|p2a: Jolteon|Thunder|p1a: \u4f60\u600e\u4e48\u7761\u5f97\u7740\u7684\n|-resisted|p1a: \u4f60\u600e\u4e48\u7761\u5f97\u7740\u7684\n|-damage|p1a: \u4f60\u600e\u4e48\u7761\u5f97\u7740\u7684|0 fnt\n|faint|p1a: \u4f60\u600e\u4e48\u7761\u5f97\u7740\u7684\n|\n|-weather|RainDance|[upkeep]\n|upkeep\n|\n|t:|1701123641\n|switch|p1a: \u4efb\u4f55\u7329\u7329\uff0c\u7ec8\u5c06\u7ef3\u4e4b\u4ee5\u6cd5\uff01|Overqwil, F|100\/100\n|turn|11\n|\n|t:|1701123647\n|move|p2a: Jolteon|Thunder|p1a: \u4efb\u4f55\u7329\u7329\uff0c\u7ec8\u5c06\u7ef3\u4e4b\u4ee5\u6cd5\uff01\n|-damage|p1a: \u4efb\u4f55\u7329\u7329\uff0c\u7ec8\u5c06\u7ef3\u4e4b\u4ee5\u6cd5\uff01|0 fnt\n|faint|p1a: \u4efb\u4f55\u7329\u7329\uff0c\u7ec8\u5c06\u7ef3\u4e4b\u4ee5\u6cd5\uff01\n|\n|-weather|RainDance|[upkeep]\n|upkeep\n|\n|t:|1701123656\n|switch|p1a: \u4f60\u9e1f\u54e5\u8fd8\u662f\u4f60\u9e1f\u54e5|Zapdos|100\/100\n|turn|12\n|\n|t:|1701123661\n|move|p2a: Jolteon|Thunder|p1a: \u4f60\u9e1f\u54e5\u8fd8\u662f\u4f60\u9e1f\u54e5\n|-damage|p1a: \u4f60\u9e1f\u54e5\u8fd8\u662f\u4f60\u9e1f\u54e5|8\/100\n|move|p1a: \u4f60\u9e1f\u54e5\u8fd8\u662f\u4f60\u9e1f\u54e5|Hurricane|p2a: Jolteon\n|-resisted|p2a: Jolteon\n|-damage|p2a: Jolteon|19\/100\n|-start|p2a: Jolteon|confusion\n|\n|-weather|RainDance|[upkeep]\n|upkeep\n|turn|13\n|\n|t:|1701123669\n|-activate|p2a: Jolteon|confusion\n|-damage|p2a: Jolteon|10\/100|[from] confusion\n|move|p1a: \u4f60\u9e1f\u54e5\u8fd8\u662f\u4f60\u9e1f\u54e5|Roost|p1a: \u4f60\u9e1f\u54e5\u8fd8\u662f\u4f60\u9e1f\u54e5\n|-heal|p1a: \u4f60\u9e1f\u54e5\u8fd8\u662f\u4f60\u9e1f\u54e5|58\/100\n|-singleturn|p1a: \u4f60\u9e1f\u54e5\u8fd8\u662f\u4f60\u9e1f\u54e5|move: Roost\n|\n|-weather|RainDance|[upkeep]\n|upkeep\n|turn|14\n|c|\u2606Cozyk8ng|dam\n|\n|t:|1701123674\n|-activate|p2a: Jolteon|confusion\n|move|p2a: Jolteon|Thunder|p1a: \u4f60\u9e1f\u54e5\u8fd8\u662f\u4f60\u9e1f\u54e5\n|-damage|p1a: \u4f60\u9e1f\u54e5\u8fd8\u662f\u4f60\u9e1f\u54e5|0 fnt\n|faint|p1a: \u4f60\u9e1f\u54e5\u8fd8\u662f\u4f60\u9e1f\u54e5\n|\n|-weather|RainDance|[upkeep]\n|upkeep\n|\n|t:|1701123678\n|switch|p1a: \u86d9\u54e5\u6c34\u70ae\u4ece\u4e0dmiss|Greninja, M|100\/100\n|turn|15\n|\n|t:|1701123684\n|switch|p2a: Zapdos|Zapdos|100\/100\n|move|p1a: \u86d9\u54e5\u6c34\u70ae\u4ece\u4e0dmiss|Water Shuriken|p2a: Zapdos\n|-damage|p2a: Zapdos|82\/100\n|-damage|p2a: Zapdos|64\/100\n|-damage|p2a: Zapdos|48\/100\n|-damage|p2a: Zapdos|31\/100\n|-damage|p2a: Zapdos|15\/100\n|-hitcount|p2a: Zapdos|5\n|-damage|p1a: \u86d9\u54e5\u6c34\u70ae\u4ece\u4e0dmiss|91\/100|[from] item: Life Orb\n|\n|-weather|none\n|upkeep\n|turn|16\n|\n|t:|1701123696\n|switch|p2a: Alomomola|Alomomola, M|100\/100\n|-damage|p2a: Alomomola|88\/100|[from] Stealth Rock\n|-damage|p2a: Alomomola|63\/100|[from] Spikes\n|move|p1a: \u86d9\u54e5\u6c34\u70ae\u4ece\u4e0dmiss|Dark Pulse|p2a: Alomomola\n|-damage|p2a: Alomomola|0 fnt\n|faint|p2a: Alomomola\n|-ability|p1a: \u86d9\u54e5\u6c34\u70ae\u4ece\u4e0dmiss|Battle Bond|boost\n|-boost|p1a: \u86d9\u54e5\u6c34\u70ae\u4ece\u4e0dmiss|atk|1\n|-boost|p1a: \u86d9\u54e5\u6c34\u70ae\u4ece\u4e0dmiss|spa|1\n|-boost|p1a: \u86d9\u54e5\u6c34\u70ae\u4ece\u4e0dmiss|spe|1\n|-activate|p1a: \u86d9\u54e5\u6c34\u70ae\u4ece\u4e0dmiss|ability: Battle Bond\n|-damage|p1a: \u86d9\u54e5\u6c34\u70ae\u4ece\u4e0dmiss|81\/100|[from] item: Life Orb\n|\n|upkeep\n|\n|t:|1701123705\n|switch|p2a: Pelipper|Pelipper, M|100\/100\n|-damage|p2a: Pelipper|76\/100|[from] Stealth Rock\n|-weather|RainDance|[from] ability: Drizzle|[of] p2a: Pelipper\n|turn|17\n|\n|t:|1701123709\n|move|p2a: Pelipper|Protect|p2a: Pelipper\n|-singleturn|p2a: Pelipper|Protect\n|move|p1a: \u86d9\u54e5\u6c34\u70ae\u4ece\u4e0dmiss|Hydro Pump|p2a: Pelipper\n|-activate|p2a: Pelipper|move: Protect\n|\n|-weather|RainDance|[upkeep]\n|upkeep\n|turn|18\n|\n|t:|1701123714\n|move|p1a: \u86d9\u54e5\u6c34\u70ae\u4ece\u4e0dmiss|Hydro Pump|p2a: Pelipper\n|-resisted|p2a: Pelipper\n|-damage|p2a: Pelipper|0 fnt\n|faint|p2a: Pelipper\n|-damage|p1a: \u86d9\u54e5\u6c34\u70ae\u4ece\u4e0dmiss|71\/100|[from] item: Life Orb\n|\n|-weather|RainDance|[upkeep]\n|upkeep\n|\n|t:|1701123720\n|switch|p2a: Swampert|Swampert, M|100\/100\n|-damage|p2a: Swampert|94\/100|[from] Stealth Rock\n|-damage|p2a: Swampert|69\/100|[from] Spikes\n|turn|19\n|\n|t:|1701123724\n|detailschange|p2a: Swampert|Swampert-Mega, M\n|-mega|p2a: Swampert|Swampert|Swampertite\n|move|p1a: \u86d9\u54e5\u6c34\u70ae\u4ece\u4e0dmiss|Hydro Pump|p2a: Swampert|[miss]\n|-miss|p1a: \u86d9\u54e5\u6c34\u70ae\u4ece\u4e0dmiss|p2a: Swampert\n|move|p2a: Swampert|Flip Turn|p1a: \u86d9\u54e5\u6c34\u70ae\u4ece\u4e0dmiss\n|-resisted|p1a: \u86d9\u54e5\u6c34\u70ae\u4ece\u4e0dmiss\n|-damage|p1a: \u86d9\u54e5\u6c34\u70ae\u4ece\u4e0dmiss|25\/100\n|\n|t:|1701123732\n|switch|p2a: Zapdos|Zapdos|15\/100|[from] Flip Turn\n|\n|-weather|RainDance|[upkeep]\n|upkeep\n|turn|20\n|\n|t:|1701123736\n|move|p1a: \u86d9\u54e5\u6c34\u70ae\u4ece\u4e0dmiss|Dark Pulse|p2a: Zapdos\n|-damage|p2a: Zapdos|0 fnt\n|faint|p2a: Zapdos\n|-damage|p1a: \u86d9\u54e5\u6c34\u70ae\u4ece\u4e0dmiss|15\/100|[from] item: Life Orb\n|\n|-weather|RainDance|[upkeep]\n|upkeep\n|\n|t:|1701123742\n|switch|p2a: Manaphy|Manaphy|100\/100\n|-damage|p2a: Manaphy|88\/100|[from] Stealth Rock\n|-damage|p2a: Manaphy|63\/100|[from] Spikes\n|turn|21\n|\n|t:|1701123747\n|move|p1a: \u86d9\u54e5\u6c34\u70ae\u4ece\u4e0dmiss|Dark Pulse|p2a: Manaphy\n|-damage|p2a: Manaphy|0 fnt\n|faint|p2a: Manaphy\n|-damage|p1a: \u86d9\u54e5\u6c34\u70ae\u4ece\u4e0dmiss|5\/100|[from] item: Life Orb\n|\n|-weather|RainDance|[upkeep]\n|upkeep\n|\n|t:|1701123755\n|switch|p2a: Swampert|Swampert-Mega, M|69\/100\n|-damage|p2a: Swampert|63\/100|[from] Stealth Rock\n|-damage|p2a: Swampert|38\/100|[from] Spikes\n|turn|22\n|\n|t:|1701123759\n|switch|p2a: Jolteon|Jolteon, F|10\/100\n|-damage|p2a: Jolteon|0 fnt|[from] Stealth Rock\n|faint|p2a: Jolteon\n|move|p1a: \u86d9\u54e5\u6c34\u70ae\u4ece\u4e0dmiss|Dark Pulse|p2: Jolteon|[notarget]\n|-fail|p1a: \u86d9\u54e5\u6c34\u70ae\u4ece\u4e0dmiss\n|\n|-weather|RainDance|[upkeep]\n|upkeep\n|\n|t:|1701123764\n|switch|p2a: Swampert|Swampert-Mega, M|38\/100\n|-damage|p2a: Swampert|32\/100|[from] Stealth Rock\n|-damage|p2a: Swampert|7\/100|[from] Spikes\n|turn|23\n|\n|t:|1701123766\n|move|p1a: \u86d9\u54e5\u6c34\u70ae\u4ece\u4e0dmiss|Dark Pulse|p2a: Swampert\n|-damage|p2a: Swampert|0 fnt\n|faint|p2a: Swampert\n|-damage|p1a: \u86d9\u54e5\u6c34\u70ae\u4ece\u4e0dmiss|0 fnt|[from] item: Life Orb\n|faint|p1a: \u86d9\u54e5\u6c34\u70ae\u4ece\u4e0dmiss\n|\n|win|congpizza\n|raw|congpizza's rating: 1358 &rarr; <strong>1373<\/strong><br \/>(+15 for winning)\n|raw|Cozyk8ng's rating: 1262 &rarr; <strong>1244<\/strong><br \/>(-18 for losing)\n|c|\u2606Cozyk8ng|gg\n|l|\u2606Cozyk8ng\n","uploadtime":1701123776,"views":6,"p1id":"congpizza","p2id":"cozyk8ng","formatid":"gen9nationaldex","rating":1244,"private":0,"password":""}