{"id":"gen9nationaldex-1988902313","p1":"Mailina","p2":"Aimuji42","format":"[Gen 9] National Dex","log":"|j|\u2606Mailina\n|j|\u2606Aimuji42\n|t:|1699784448\n|gametype|singles\n|player|p1|Mailina|jasmine|1091\n|player|p2|Aimuji42|lucas|1039\n|teamsize|p1|6\n|teamsize|p2|6\n|gen|9\n|tier|[Gen 9] National Dex\n|rated|\n|rule|HP Percentage Mod: HP is shown in percentages\n|rule|Endless Battle Clause: Forcing endless battles is banned\n|rule|OHKO Clause: OHKO moves are banned\n|rule|Evasion Clause: Evasion abilities, items, and moves are banned\n|rule|Evasion Abilities Clause: Evasion abilities are banned\n|rule|Evasion Items Clause: Evasion items are banned\n|rule|Evasion Moves Clause: Evasion moves are banned\n|rule|Species Clause: Limit one of each Pok\u00e9mon\n|rule|Sleep Clause Mod: Limit one foe put to sleep\n|clearpoke\n|poke|p1|Clodsire, F|\n|poke|p1|Slowbro, F|\n|poke|p1|Sableye, F|\n|poke|p1|Arcanine-Hisui, F|\n|poke|p1|Breloom, F|\n|poke|p1|Noivern, F|\n|poke|p2|Banette, F|\n|poke|p2|Alomomola, F|\n|poke|p2|Gliscor, F|\n|poke|p2|Sneasler, F|\n|poke|p2|Tapu Koko|\n|poke|p2|Iron Valiant|\n|teampreview\n|\n|t:|1699784472\n|start\n|switch|p1a: Z\u00e4hnchen|Sableye, F|100\/100\n|switch|p2a: Iron Valiant|Iron Valiant|100\/100\n|turn|1\n|inactive|Battle timer is ON: inactive players will automatically lose when time's up. (requested by Aimuji42)\n|\n|t:|1699784483\n|detailschange|p1a: Z\u00e4hnchen|Sableye-Mega, F\n|-mega|p1a: Z\u00e4hnchen|Sableye|Sablenite\n|move|p2a: Iron Valiant|Moonblast|p1a: Z\u00e4hnchen\n|-supereffective|p1a: Z\u00e4hnchen\n|-damage|p1a: Z\u00e4hnchen|7\/100\n|-damage|p2a: Iron Valiant|90\/100|[from] item: Life Orb\n|move|p1a: Z\u00e4hnchen|Knock Off|p2a: Iron Valiant\n|-resisted|p2a: Iron Valiant\n|-damage|p2a: Iron Valiant|82\/100\n|-enditem|p2a: Iron Valiant|Life Orb|[from] move: Knock Off|[of] p1a: Z\u00e4hnchen\n|\n|upkeep\n|turn|2\n|inactive|Aimuji42 has 120 seconds left.\n|\n|t:|1699784525\n|move|p2a: Iron Valiant|Moonblast|p1a: Z\u00e4hnchen\n|-supereffective|p1a: Z\u00e4hnchen\n|-damage|p1a: Z\u00e4hnchen|0 fnt\n|faint|p1a: Z\u00e4hnchen\n|\n|upkeep\n|\n|t:|1699784530\n|switch|p1a: Dreckspatz|Clodsire, F|100\/100\n|turn|3\n|inactive|Aimuji42 has 120 seconds left.\n|\n|t:|1699784559\n|-end|p2a: Iron Valiant|Quark Drive|[silent]\n|switch|p2a: Gliscor|Gliscor, F|100\/100\n|move|p1a: Dreckspatz|Toxic|p2a: Gliscor\n|-status|p2a: Gliscor|tox\n|\n|upkeep\n|turn|4\n|inactive|Aimuji42 has 90 seconds left.\n|\n|t:|1699784589\n|move|p2a: Gliscor|Stealth Rock|p1a: Dreckspatz\n|-sidestart|p1: Mailina|move: Stealth Rock\n|move|p1a: Dreckspatz|Spikes|p2a: Gliscor\n|-sidestart|p2: Aimuji42|Spikes\n|\n|upkeep\n|turn|5\n|\n|t:|1699784593\n|move|p2a: Gliscor|Earthquake|p1a: Dreckspatz\n|-supereffective|p1a: Dreckspatz\n|-damage|p1a: Dreckspatz|31\/100\n|move|p1a: Dreckspatz|Spikes|p2a: Gliscor\n|-sidestart|p2: Aimuji42|Spikes\n|\n|-heal|p1a: Dreckspatz|37\/100|[from] item: Leftovers\n|upkeep\n|turn|6\n|inactive|Aimuji42 has 90 seconds left.\n|\n|t:|1699784614\n|switch|p1a: lahme Nuss|Slowbro, F|100\/100\n|-damage|p1a: lahme Nuss|88\/100|[from] Stealth Rock\n|move|p2a: Gliscor|Toxic|p1a: lahme Nuss\n|-status|p1a: lahme Nuss|tox\n|\n|-heal|p1a: lahme Nuss|94\/100 tox|[from] item: Leftovers\n|-damage|p1a: lahme Nuss|88\/100 tox|[from] psn\n|upkeep\n|turn|7\n|inactive|Aimuji42 has 90 seconds left.\n|\n|t:|1699784627\n|switch|p2a: Tapu Koko|Tapu Koko, shiny|100\/100\n|-damage|p2a: Tapu Koko|84\/100|[from] Spikes\n|-fieldstart|move: Electric Terrain|[from] ability: Electric Surge|[of] p2a: Tapu Koko\n|move|p1a: lahme Nuss|Scald|p2a: Tapu Koko\n|-damage|p2a: Tapu Koko|41\/100\n|\n|-heal|p1a: lahme Nuss|94\/100 tox|[from] item: Leftovers\n|-damage|p1a: lahme Nuss|82\/100 tox|[from] psn\n|upkeep\n|turn|8\n|inactive|Aimuji42 has 90 seconds left.\n|\n|t:|1699784652\n|switch|p1a: Dreckspatz|Clodsire, F|37\/100\n|-damage|p1a: Dreckspatz|31\/100|[from] Stealth Rock\n|move|p2a: Tapu Koko|Defog|p1a: Dreckspatz\n|-unboost|p1a: Dreckspatz|evasion|1\n|-sideend|p1: Mailina|Stealth Rock|[from] move: Defog|[of] p2a: Tapu Koko\n|-sideend|p2: Aimuji42|Spikes|[from] move: Defog|[of] p2a: Tapu Koko\n|-fieldend|move: Electric Terrain\n|\n|-heal|p1a: Dreckspatz|37\/100|[from] item: Leftovers\n|upkeep\n|turn|9\n|\n|t:|1699784669\n|move|p2a: Tapu Koko|U-turn|p1a: Dreckspatz\n|-resisted|p1a: Dreckspatz\n|-damage|p1a: Dreckspatz|29\/100\n|\n|t:|1699784675\n|switch|p2a: Gliscor|Gliscor, F|100\/100 tox|[from] U-turn\n|move|p1a: Dreckspatz|Spikes|p2a: Gliscor\n|-sidestart|p2: Aimuji42|Spikes\n|\n|-heal|p1a: Dreckspatz|35\/100|[from] item: Leftovers\n|upkeep\n|turn|10\n|\n|t:|1699784687\n|move|p2a: Gliscor|Earthquake|p1a: Dreckspatz\n|-supereffective|p1a: Dreckspatz\n|-damage|p1a: Dreckspatz|0 fnt\n|faint|p1a: Dreckspatz\n|\n|upkeep\n|\n|t:|1699784702\n|switch|p1a: Noivern|Noivern, F|100\/100\n|turn|11\n|\n|t:|1699784714\n|-terastallize|p1a: Noivern|Normal\n|move|p1a: Noivern|Boomburst|p2a: Gliscor\n|-damage|p2a: Gliscor|25\/100 tox\n|move|p2a: Gliscor|Toxic|p1a: Noivern\n|-status|p1a: Noivern|tox\n|\n|-damage|p1a: Noivern|94\/100 tox|[from] psn\n|-heal|p2a: Gliscor|38\/100 tox|[from] ability: Poison Heal\n|upkeep\n|turn|12\n|\n|t:|1699784738\n|switch|p2a: Banette|Banette, F|100\/100\n|-damage|p2a: Banette|88\/100|[from] Spikes\n|-item|p1a: Noivern|Choice Specs|[from] ability: Frisk|[of] p2a: Banette|[identify]\n|move|p1a: Noivern|Boomburst|p2a: Banette\n|-immune|p2a: Banette\n|\n|-damage|p1a: Noivern|82\/100 tox|[from] psn\n|upkeep\n|turn|13\n|inactive|Aimuji42 has 60 seconds left.\n|\n|t:|1699784760\n|switch|p1a: Amegus|Breloom, F|100\/100\n|detailschange|p2a: Banette|Banette-Mega, F\n|-mega|p2a: Banette|Banette|Banettite\n|move|p2a: Banette|Destiny Bond|p2a: Banette\n|-singlemove|p2a: Banette|Destiny Bond\n|\n|upkeep\n|turn|14\n|inactive|Aimuji42 has 60 seconds left.\n|\n|t:|1699784772\n|switch|p2a: Gliscor|Gliscor, F|38\/100 tox\n|move|p1a: Amegus|Spore||[still]\n|-fail|p1a: Amegus\n|\n|-heal|p2a: Gliscor|50\/100 tox|[from] ability: Poison Heal\n|upkeep\n|turn|15\n|inactive|Aimuji42 has 60 seconds left.\n|\n|t:|1699784793\n|move|p1a: Amegus|Bullet Seed|p2a: Gliscor\n|-damage|p2a: Gliscor|33\/100 tox\n|-damage|p2a: Gliscor|16\/100 tox\n|-damage|p2a: Gliscor|0 fnt\n|faint|p2a: Gliscor\n|-hitcount|p2: Gliscor|3\n|\n|upkeep\n|\n|t:|1699784801\n|switch|p2a: Tapu Koko|Tapu Koko, shiny|41\/100\n|-damage|p2a: Tapu Koko|29\/100|[from] Spikes\n|-fieldstart|move: Electric Terrain|[from] ability: Electric Surge|[of] p2a: Tapu Koko\n|turn|16\n|\n|t:|1699784812\n|move|p2a: Tapu Koko|U-turn|p1a: Amegus\n|-damage|p1a: Amegus|74\/100\n|\n|t:|1699784831\n|switch|p2a: Iron Valiant|Iron Valiant|82\/100|[from] U-turn\n|-damage|p2a: Iron Valiant|69\/100|[from] Spikes\n|-activate|p2a: Iron Valiant|ability: Quark Drive\n|-start|p2a: Iron Valiant|quarkdrivespe\n|move|p1a: Amegus|Bullet Seed|p2a: Iron Valiant\n|-damage|p2a: Iron Valiant|44\/100\n|-damage|p2a: Iron Valiant|19\/100\n|-damage|p2a: Iron Valiant|0 fnt\n|faint|p2a: Iron Valiant\n|-end|p2a: Iron Valiant|Quark Drive|[silent]\n|-hitcount|p2: Iron Valiant|3\n|\n|upkeep\n|\n|t:|1699784843\n|switch|p2a: Sneasler|Sneasler, F, shiny|100\/100\n|-damage|p2a: Sneasler|88\/100|[from] Spikes\n|-enditem|p2a: Sneasler|Electric Seed\n|-boost|p2a: Sneasler|def|1|[from] item: Electric Seed\n|turn|17\n|\n|t:|1699784858\n|switch|p1a: lahme Nuss|Slowbro, F|100\/100 tox\n|move|p2a: Sneasler|Swords Dance|p2a: Sneasler\n|-boost|p2a: Sneasler|atk|2\n|\n|-damage|p1a: lahme Nuss|94\/100 tox|[from] psn\n|upkeep\n|turn|18\n|\n|t:|1699784871\n|-terastallize|p2a: Sneasler|Flying\n|move|p2a: Sneasler|Acrobatics|p1a: lahme Nuss\n|-damage|p1a: lahme Nuss|32\/100 tox\n|move|p1a: lahme Nuss|Psyshock|p2a: Sneasler\n|-damage|p2a: Sneasler|55\/100\n|\n|-heal|p1a: lahme Nuss|38\/100 tox|[from] item: Leftovers\n|-damage|p1a: lahme Nuss|26\/100 tox|[from] psn\n|upkeep\n|turn|19\n|\n|t:|1699784883\n|move|p2a: Sneasler|Acrobatics|p1a: lahme Nuss\n|-damage|p1a: lahme Nuss|0 fnt\n|faint|p1a: lahme Nuss\n|\n|upkeep\n|\n|t:|1699784888\n|switch|p1a: Noivern|Noivern, F, tera:Normal|82\/100 tox\n|turn|20\n|\n|t:|1699784895\n|move|p2a: Sneasler|Acrobatics|p1a: Noivern\n|-damage|p1a: Noivern|0 fnt\n|faint|p1a: Noivern\n|\n|-fieldend|move: Electric Terrain\n|upkeep\n|\n|t:|1699784901\n|switch|p1a: Smoke|Arcanine-Hisui, F|100\/100\n|turn|21\n|\n|t:|1699784928\n|move|p2a: Sneasler|Close Combat|p1a: Smoke\n|-supereffective|p1a: Smoke\n|-damage|p1a: Smoke|0 fnt\n|-unboost|p2a: Sneasler|def|1\n|-unboost|p2a: Sneasler|spd|1\n|faint|p1a: Smoke\n|\n|upkeep\n|\n|t:|1699784934\n|switch|p1a: Amegus|Breloom, F|74\/100\n|turn|22\n|\n|t:|1699784940\n|move|p2a: Sneasler|Acrobatics|p1a: Amegus\n|-supereffective|p1a: Amegus\n|-damage|p1a: Amegus|0 fnt\n|faint|p1a: Amegus\n|\n|win|Aimuji42\n|raw|Mailina's rating: 1091 &rarr; <strong>1064<\/strong><br \/>(-27 for losing)\n|raw|Aimuji42's rating: 1039 &rarr; <strong>1078<\/strong><br \/>(+39 for winning)\n|l|\u2606Mailina\n","uploadtime":1699784950,"views":4,"p1id":"mailina","p2id":"aimuji42","formatid":"gen9nationaldex","rating":1064,"private":0,"password":""}