{"id":"gen9nationaldex-1992308013","p1":"esmasde8000","p2":"xxxxSachi","format":"[Gen 9] National Dex","log":"|j|\u2606esmasde8000\n|j|\u2606xxxxSachi\n|t:|1700173125\n|gametype|singles\n|player|p1|esmasde8000|170|1253\n|player|p2|xxxxSachi|nemona-s|1365\n|teamsize|p1|6\n|teamsize|p2|6\n|gen|9\n|tier|[Gen 9] National Dex\n|rated|\n|rule|HP Percentage Mod: HP is shown in percentages\n|rule|Endless Battle Clause: Forcing endless battles is banned\n|rule|OHKO Clause: OHKO moves are banned\n|rule|Evasion Clause: Evasion abilities, items, and moves are banned\n|rule|Evasion Abilities Clause: Evasion abilities are banned\n|rule|Evasion Items Clause: Evasion items are banned\n|rule|Evasion Moves Clause: Evasion moves are banned\n|rule|Species Clause: Limit one of each Pok\u00e9mon\n|rule|Sleep Clause Mod: Limit one foe put to sleep\n|clearpoke\n|poke|p1|Skeledirge, F|\n|poke|p1|Indeedee, M|\n|poke|p1|Alakazam, M|\n|poke|p1|Gliscor, M|\n|poke|p1|Hawlucha, F|\n|poke|p1|Clodsire, F|\n|poke|p2|Charizard, F|\n|poke|p2|Alomomola, M|\n|poke|p2|Clodsire, F|\n|poke|p2|Corviknight, F|\n|poke|p2|Garganacl, M|\n|poke|p2|Urshifu-*, M|\n|teampreview\n|\n|t:|1700173132\n|start\n|switch|p1a: Indeedee|Indeedee, M|100\/100\n|switch|p2a: Garganacl|Garganacl, M|100\/100\n|-fieldstart|move: Psychic Terrain|[from] ability: Psychic Surge|[of] p1a: Indeedee\n|turn|1\n|\n|t:|1700173147\n|move|p1a: Indeedee|Expanding Force|p2a: Garganacl\n|-damage|p2a: Garganacl|27\/100\n|move|p2a: Garganacl|Iron Defense|p2a: Garganacl\n|-boost|p2a: Garganacl|def|2\n|\n|-heal|p2a: Garganacl|33\/100|[from] item: Leftovers\n|upkeep\n|turn|2\n|\n|t:|1700173150\n|switch|p2a: Corviknight|Corviknight, F|100\/100\n|move|p1a: Indeedee|Expanding Force|p2a: Corviknight\n|-resisted|p2a: Corviknight\n|-damage|p2a: Corviknight|51\/100\n|\n|-heal|p2a: Corviknight|57\/100|[from] item: Leftovers\n|upkeep\n|turn|3\n|\n|t:|1700173156\n|switch|p1a: Skeledirge|Skeledirge, F|100\/100\n|move|p2a: Corviknight|Roost|p2a: Corviknight\n|-heal|p2a: Corviknight|100\/100\n|-singleturn|p2a: Corviknight|move: Roost\n|\n|upkeep\n|turn|4\n|\n|t:|1700173160\n|switch|p2a: Clodsire|Clodsire, F|100\/100\n|move|p1a: Skeledirge|Torch Song|p2a: Clodsire\n|-damage|p2a: Clodsire|80\/100\n|-boost|p1a: Skeledirge|spa|1\n|-enditem|p1a: Skeledirge|Throat Spray\n|-boost|p1a: Skeledirge|spa|1|[from] item: Throat Spray\n|\n|-heal|p2a: Clodsire|86\/100|[from] item: Black Sludge\n|upkeep\n|turn|5\n|\n|t:|1700173164\n|move|p1a: Skeledirge|Earth Power|p2a: Clodsire\n|-supereffective|p2a: Clodsire\n|-damage|p2a: Clodsire|54\/100\n|move|p2a: Clodsire|Stealth Rock|p1a: Skeledirge\n|-sidestart|p1: esmasde8000|move: Stealth Rock\n|\n|-heal|p2a: Clodsire|60\/100|[from] item: Black Sludge\n|-fieldend|move: Psychic Terrain\n|upkeep\n|turn|6\n|inactive|Battle timer is ON: inactive players will automatically lose when time's up. (requested by xxxxSachi)\n|\n|t:|1700173179\n|move|p1a: Skeledirge|Torch Song|p2a: Clodsire\n|-damage|p2a: Clodsire|40\/100\n|-boost|p1a: Skeledirge|spa|1\n|move|p2a: Clodsire|Earthquake|p1a: Skeledirge\n|-supereffective|p1a: Skeledirge\n|-damage|p1a: Skeledirge|54\/100\n|\n|-heal|p2a: Clodsire|46\/100|[from] item: Black Sludge\n|upkeep\n|turn|7\n|\n|t:|1700173185\n|move|p1a: Skeledirge|Earth Power|p2a: Clodsire\n|-supereffective|p2a: Clodsire\n|-damage|p2a: Clodsire|13\/100\n|move|p2a: Clodsire|Earthquake|p1a: Skeledirge\n|-supereffective|p1a: Skeledirge\n|-damage|p1a: Skeledirge|5\/100\n|\n|-heal|p2a: Clodsire|19\/100|[from] item: Black Sludge\n|upkeep\n|turn|8\n|\n|t:|1700173190\n|switch|p2a: Charizard|Charizard, F|100\/100\n|move|p1a: Skeledirge|Earth Power|p2a: Charizard\n|-immune|p2a: Charizard\n|\n|upkeep\n|turn|9\n|\n|t:|1700173194\n|move|p2a: Charizard|Dragon Claw|p1a: Skeledirge\n|-damage|p1a: Skeledirge|0 fnt\n|faint|p1a: Skeledirge\n|\n|upkeep\n|\n|t:|1700173198\n|switch|p1a: Indeedee|Indeedee, M|100\/100\n|-damage|p1a: Indeedee|88\/100|[from] Stealth Rock\n|-fieldstart|move: Psychic Terrain|[from] ability: Psychic Surge|[of] p1a: Indeedee\n|turn|10\n|\n|t:|1700173202\n|switch|p2a: Clodsire|Clodsire, F|19\/100\n|move|p1a: Indeedee|Expanding Force|p2a: Clodsire\n|-supereffective|p2a: Clodsire\n|-damage|p2a: Clodsire|0 fnt\n|faint|p2a: Clodsire\n|\n|upkeep\n|\n|t:|1700173210\n|switch|p2a: Corviknight|Corviknight, F|100\/100\n|turn|11\n|\n|t:|1700173215\n|switch|p1a: Gliscor|Gliscor, M|100\/100\n|-damage|p1a: Gliscor|88\/100|[from] Stealth Rock\n|move|p2a: Corviknight|U-turn|p1a: Gliscor\n|-resisted|p1a: Gliscor\n|-damage|p1a: Gliscor|84\/100\n|\n|t:|1700173217\n|switch|p2a: Urshifu|Urshifu-Rapid-Strike, M|100\/100|[from] U-turn\n|\n|-status|p1a: Gliscor|tox|[from] item: Toxic Orb\n|upkeep\n|turn|12\n|\n|t:|1700173220\n|move|p2a: Urshifu|Surging Strikes|p1a: Gliscor\n|-supereffective|p1a: Gliscor\n|-crit|p1a: Gliscor\n|-damage|p1a: Gliscor|58\/100 tox\n|-supereffective|p1a: Gliscor\n|-crit|p1a: Gliscor\n|-damage|p1a: Gliscor|33\/100 tox\n|-supereffective|p1a: Gliscor\n|-crit|p1a: Gliscor\n|-damage|p1a: Gliscor|9\/100 tox\n|-hitcount|p1a: Gliscor|3\n|move|p1a: Gliscor|Toxic|p2a: Urshifu\n|-status|p2a: Urshifu|tox\n|\n|-damage|p2a: Urshifu|94\/100 tox|[from] psn\n|-heal|p1a: Gliscor|22\/100 tox|[from] ability: Poison Heal\n|upkeep\n|turn|13\n|\n|t:|1700173229\n|move|p1a: Gliscor|Protect|p1a: Gliscor\n|-singleturn|p1a: Gliscor|Protect\n|move|p2a: Urshifu|Surging Strikes|p1a: Gliscor\n|-supereffective|p1a: Gliscor\n|-crit|p1a: Gliscor\n|-damage|p1a: Gliscor|0 fnt\n|faint|p1a: Gliscor\n|-hitcount|p1: Gliscor|1\n|\n|-damage|p2a: Urshifu|82\/100 tox|[from] psn\n|upkeep\n|\n|t:|1700173240\n|switch|p1a: Alakazam|Alakazam, M|100\/100\n|turn|14\n|\n|t:|1700173245\n|switch|p2a: Corviknight|Corviknight, F|100\/100\n|move|p1a: Alakazam|Expanding Force|p2a: Corviknight\n|-resisted|p2a: Corviknight\n|-crit|p2a: Corviknight\n|-damage|p2a: Corviknight|22\/100\n|\n|-heal|p2a: Corviknight|29\/100|[from] item: Leftovers\n|-fieldend|move: Psychic Terrain\n|upkeep\n|turn|15\n|\n|t:|1700173251\n|move|p1a: Alakazam|Hidden Power|p2a: Corviknight\n|-damage|p2a: Corviknight|0 fnt\n|faint|p2a: Corviknight\n|\n|upkeep\n|\n|t:|1700173254\n|switch|p2a: Urshifu|Urshifu-Rapid-Strike, M|82\/100 tox\n|turn|16\n|\n|t:|1700173256\n|move|p2a: Urshifu|Surging Strikes|p1a: Alakazam\n|-crit|p1a: Alakazam\n|-damage|p1a: Alakazam|47\/100\n|-crit|p1a: Alakazam\n|-damage|p1a: Alakazam|0 fnt\n|faint|p1a: Alakazam\n|-hitcount|p1: Alakazam|2\n|\n|-damage|p2a: Urshifu|76\/100 tox|[from] psn\n|upkeep\n|inactive|esmasde8000 has 120 seconds left.\n|\n|t:|1700173287\n|switch|p1a: Indeedee|Indeedee, M|88\/100\n|-damage|p1a: Indeedee|76\/100|[from] Stealth Rock\n|-fieldstart|move: Psychic Terrain|[from] ability: Psychic Surge|[of] p1a: Indeedee\n|turn|17\n|\n|t:|1700173292\n|switch|p2a: Garganacl|Garganacl, M|33\/100\n|move|p1a: Indeedee|Expanding Force|p2a: Garganacl\n|-damage|p2a: Garganacl|0 fnt\n|faint|p2a: Garganacl\n|\n|upkeep\n|\n|t:|1700173295\n|switch|p2a: Alomomola|Alomomola, M|100\/100\n|turn|18\n|\n|t:|1700173299\n|-terastallize|p1a: Indeedee|Psychic\n|move|p1a: Indeedee|Expanding Force|p2a: Alomomola\n|-damage|p2a: Alomomola|0 fnt\n|faint|p2a: Alomomola\n|\n|upkeep\n|\n|t:|1700173304\n|switch|p2a: Urshifu|Urshifu-Rapid-Strike, M|76\/100 tox\n|turn|19\n|\n|t:|1700173309\n|move|p2a: Urshifu|Surging Strikes|p1a: Indeedee\n|-crit|p1a: Indeedee\n|-damage|p1a: Indeedee|34\/100\n|-crit|p1a: Indeedee\n|-damage|p1a: Indeedee|0 fnt\n|faint|p1a: Indeedee\n|-hitcount|p1: Indeedee|2\n|\n|-damage|p2a: Urshifu|70\/100 tox|[from] psn\n|upkeep\n|\n|t:|1700173312\n|switch|p1a: Hawlucha|Hawlucha, F|100\/100\n|-damage|p1a: Hawlucha|88\/100|[from] Stealth Rock\n|-enditem|p1a: Hawlucha|Psychic Seed\n|-boost|p1a: Hawlucha|spd|1|[from] item: Psychic Seed\n|turn|20\n|\n|t:|1700173318\n|-terastallize|p2a: Urshifu|Fire\n|move|p1a: Hawlucha|Acrobatics|p2a: Urshifu\n|-damage|p2a: Urshifu|18\/100 tox\n|move|p2a: Urshifu|Surging Strikes|p1a: Hawlucha\n|-crit|p1a: Hawlucha\n|-damage|p1a: Hawlucha|60\/100\n|-crit|p1a: Hawlucha\n|-damage|p1a: Hawlucha|31\/100\n|-crit|p1a: Hawlucha\n|-damage|p1a: Hawlucha|1\/100\n|-hitcount|p1a: Hawlucha|3\n|\n|-damage|p2a: Urshifu|5\/100 tox|[from] psn\n|upkeep\n|turn|21\n|\n|t:|1700173326\n|move|p1a: Hawlucha|Acrobatics|p2a: Urshifu\n|-damage|p2a: Urshifu|0 fnt\n|faint|p2a: Urshifu\n|\n|-fieldend|move: Psychic Terrain\n|upkeep\n|\n|t:|1700173328\n|switch|p2a: Charizard|Charizard, F|100\/100\n|turn|22\n|\n|t:|1700173333\n|move|p1a: Hawlucha|Acrobatics|p2a: Charizard\n|-damage|p2a: Charizard|32\/100\n|move|p2a: Charizard|Fire Punch|p1a: Hawlucha\n|-damage|p1a: Hawlucha|0 fnt\n|faint|p1a: Hawlucha\n|\n|upkeep\n|\n|t:|1700173336\n|switch|p1a: Clodsire|Clodsire, F|100\/100\n|-damage|p1a: Clodsire|94\/100|[from] Stealth Rock\n|turn|23\n|\n|t:|1700173343\n|detailschange|p2a: Charizard|Charizard-Mega-X, F\n|-mega|p2a: Charizard|Charizard|Charizardite X\n|move|p2a: Charizard|Dragon Claw|p1a: Clodsire\n|-damage|p1a: Clodsire|28\/100\n|move|p1a: Clodsire|Toxic|p2a: Charizard\n|-status|p2a: Charizard|tox\n|\n|-heal|p1a: Clodsire|35\/100|[from] item: Leftovers\n|-damage|p2a: Charizard|26\/100 tox|[from] psn\n|upkeep\n|turn|24\n|\n|t:|1700173350\n|move|p2a: Charizard|Dragon Claw|p1a: Clodsire\n|-damage|p1a: Clodsire|0 fnt\n|faint|p1a: Clodsire\n|\n|win|xxxxSachi\n|raw|esmasde8000's rating: 1253 &rarr; <strong>1236<\/strong><br \/>(-17 for losing)\n|raw|xxxxSachi's rating: 1365 &rarr; <strong>1379<\/strong><br \/>(+14 for winning)\n|l|\u2606esmasde8000\n","uploadtime":1700173360,"views":5,"p1id":"esmasde8000","p2id":"xxxxsachi","formatid":"gen9nationaldex","rating":1236,"private":0,"password":""}