{"id":"gen9nationaldex-1989676449","p1":"xiezhouqun","p2":"wzzma","format":"[Gen 9] National Dex","log":"|j|\u2606xiezhouqun\n|j|\u2606wzzma\n|t:|1699885874\n|gametype|singles\n|player|p1|xiezhouqun|fisherman-gen4|1616\n|player|p2|wzzma|2|1658\n|teamsize|p1|6\n|teamsize|p2|6\n|gen|9\n|tier|[Gen 9] National Dex\n|rated|\n|rule|HP Percentage Mod: HP is shown in percentages\n|rule|Endless Battle Clause: Forcing endless battles is banned\n|rule|OHKO Clause: OHKO moves are banned\n|rule|Evasion Clause: Evasion abilities, items, and moves are banned\n|rule|Evasion Abilities Clause: Evasion abilities are banned\n|rule|Evasion Items Clause: Evasion items are banned\n|rule|Evasion Moves Clause: Evasion moves are banned\n|rule|Species Clause: Limit one of each Pok\u00e9mon\n|rule|Sleep Clause Mod: Limit one foe put to sleep\n|clearpoke\n|poke|p1|Serperior, F|\n|poke|p1|Rillaboom, M|\n|poke|p1|Charizard, F|\n|poke|p1|Garchomp, F|\n|poke|p1|Landorus-Therian, M|\n|poke|p1|Aegislash, M|\n|poke|p2|Medicham, F|\n|poke|p2|Moltres|\n|poke|p2|Alomomola, M|\n|poke|p2|Gliscor, F|\n|poke|p2|Urshifu-*, F|\n|poke|p2|Hoopa-Unbound|\n|teampreview\n|\n|t:|1699885882\n|start\n|switch|p1a: Serperior|Serperior, F|100\/100\n|switch|p2a: Urshifu|Urshifu-Rapid-Strike, F|100\/100\n|turn|1\n|inactive|Battle timer is ON: inactive players will automatically lose when time's up. (requested by wzzma)\n|\n|t:|1699885889\n|switch|p2a: Moltres|Moltres|100\/100\n|move|p1a: Serperior|Glare|p2a: Moltres\n|-status|p2a: Moltres|par\n|\n|upkeep\n|turn|2\n|\n|t:|1699885897\n|move|p1a: Serperior|Substitute|p1a: Serperior\n|-start|p1a: Serperior|Substitute\n|-damage|p1a: Serperior|76\/100\n|move|p2a: Moltres|U-turn|p1a: Serperior\n|-supereffective|p1a: Serperior\n|-end|p1a: Serperior|Substitute\n|j| zgiatq\u8d85\u7ea7\u53ef\u7231\u4e4b\u795e\n|\n|t:|1699885910\n|switch|p2a: Urshifu|Urshifu-Rapid-Strike, F|100\/100|[from] U-turn\n|\n|-heal|p1a: Serperior|82\/100|[from] item: Leftovers\n|upkeep\n|turn|3\n|\n|t:|1699885917\n|switch|p1a: Aegislash|Aegislash, M|100\/100\n|move|p2a: Urshifu|U-turn|p1a: Aegislash\n|-resisted|p1a: Aegislash\n|-damage|p1a: Aegislash|96\/100\n|\n|t:|1699885923\n|switch|p2a: Hoopa|Hoopa-Unbound|100\/100|[from] U-turn\n|\n|upkeep\n|turn|4\n|\n|t:|1699885944\n|switch|p1a: Landorus|Landorus-Therian, M|100\/100\n|-ability|p1a: Landorus|Intimidate|boost\n|-unboost|p2a: Hoopa|atk|1\n|move|p2a: Hoopa|Dark Pulse|p1a: Landorus\n|-damage|p1a: Landorus|3\/100\n|\n|-heal|p1a: Landorus|9\/100|[from] item: Leftovers\n|upkeep\n|turn|5\n|\n|t:|1699885957\n|switch|p2a: Gliscor|Gliscor, F|100\/100\n|move|p1a: Landorus|Earthquake|p2a: Gliscor\n|-immune|p2a: Gliscor\n|\n|-heal|p1a: Landorus|15\/100|[from] item: Leftovers\n|-status|p2a: Gliscor|tox|[from] item: Toxic Orb\n|upkeep\n|turn|6\n|\n|t:|1699885971\n|move|p1a: Landorus|Smack Down|p2a: Gliscor\n|-damage|p2a: Gliscor|87\/100 tox\n|-start|p2a: Gliscor|Smack Down\n|move|p2a: Gliscor|Toxic|p1a: Landorus\n|-status|p1a: Landorus|tox\n|\n|-heal|p1a: Landorus|21\/100 tox|[from] item: Leftovers\n|-damage|p1a: Landorus|15\/100 tox|[from] psn\n|-heal|p2a: Gliscor|99\/100 tox|[from] ability: Poison Heal\n|upkeep\n|turn|7\n|\n|t:|1699885983\n|move|p1a: Landorus|Earthquake|p2a: Gliscor\n|-damage|p2a: Gliscor|58\/100 tox\n|move|p2a: Gliscor|U-turn|p1a: Landorus\n|-resisted|p1a: Landorus\n|-damage|p1a: Landorus|7\/100 tox\n|\n|t:|1699885986\n|switch|p2a: Urshifu|Urshifu-Rapid-Strike, F|100\/100|[from] U-turn\n|\n|-heal|p1a: Landorus|14\/100 tox|[from] item: Leftovers\n|-damage|p1a: Landorus|1\/100 tox|[from] psn\n|upkeep\n|turn|8\n|\n|t:|1699885997\n|move|p2a: Urshifu|U-turn|p1a: Landorus\n|-resisted|p1a: Landorus\n|-damage|p1a: Landorus|0 fnt\n|faint|p1a: Landorus\n|\n|t:|1699886005\n|switch|p2a: Hoopa|Hoopa-Unbound|100\/100|[from] U-turn\n|\n|upkeep\n|\n|t:|1699886013\n|switch|p1a: Charizard|Charizard, F|100\/100\n|turn|9\n|\n|t:|1699886019\n|detailschange|p1a: Charizard|Charizard-Mega-Y, F\n|-mega|p1a: Charizard|Charizard|Charizardite Y\n|-weather|SunnyDay|[from] ability: Drought|[of] p1a: Charizard\n|move|p1a: Charizard|Flamethrower|p2a: Hoopa\n|-damage|p2a: Hoopa|30\/100\n|move|p2a: Hoopa|Dark Pulse|p1a: Charizard\n|-damage|p1a: Charizard|16\/100\n|\n|-weather|SunnyDay|[upkeep]\n|upkeep\n|turn|10\n|\n|t:|1699886031\n|switch|p2a: Gliscor|Gliscor, F|58\/100 tox\n|move|p1a: Charizard|Air Slash|p2a: Gliscor\n|-damage|p2a: Gliscor|21\/100 tox\n|\n|-weather|SunnyDay|[upkeep]\n|-heal|p2a: Gliscor|33\/100 tox|[from] ability: Poison Heal\n|upkeep\n|turn|11\n|\n|t:|1699886040\n|move|p1a: Charizard|Flamethrower|p2a: Gliscor\n|-damage|p2a: Gliscor|0 fnt\n|faint|p2a: Gliscor\n|\n|-weather|SunnyDay|[upkeep]\n|upkeep\n|\n|t:|1699886047\n|switch|p2a: Urshifu|Urshifu-Rapid-Strike, F|100\/100\n|turn|12\n|\n|t:|1699886056\n|switch|p1a: Rillaboom|Rillaboom, M|100\/100\n|-fieldstart|move: Grassy Terrain|[from] ability: Grassy Surge|[of] p1a: Rillaboom\n|move|p2a: Urshifu|Close Combat|p1a: Rillaboom\n|-damage|p1a: Rillaboom|37\/100\n|-unboost|p2a: Urshifu|def|1\n|-unboost|p2a: Urshifu|spd|1\n|\n|-weather|SunnyDay|[upkeep]\n|-heal|p1a: Rillaboom|43\/100|[from] Grassy Terrain\n|-heal|p1a: Rillaboom|49\/100|[from] item: Leftovers\n|upkeep\n|turn|13\n|\n|t:|1699886070\n|move|p2a: Urshifu|Close Combat|p1a: Rillaboom\n|-damage|p1a: Rillaboom|0 fnt\n|-unboost|p2a: Urshifu|def|1\n|-unboost|p2a: Urshifu|spd|1\n|faint|p1a: Rillaboom\n|\n|-weather|none\n|upkeep\n|\n|t:|1699886086\n|switch|p1a: Garchomp|Garchomp, F|100\/100\n|turn|14\n|\n|t:|1699886093\n|switch|p2a: Alomomola|Alomomola, M|100\/100\n|move|p1a: Garchomp|Swords Dance|p1a: Garchomp\n|-boost|p1a: Garchomp|atk|2\n|\n|upkeep\n|turn|15\n|\n|t:|1699886111\n|move|p1a: Garchomp|Swords Dance|p1a: Garchomp\n|-boost|p1a: Garchomp|atk|2\n|move|p2a: Alomomola|Toxic|p1a: Garchomp|[miss]\n|-miss|p2a: Alomomola|p1a: Garchomp\n|\n|upkeep\n|turn|16\n|\n|t:|1699886125\n|-zpower|p1a: Garchomp\n|move|p1a: Garchomp|Devastating Drake|p2a: Alomomola|[zeffect]\n|-damage|p2a: Alomomola|0 fnt\n|faint|p2a: Alomomola\n|\n|-fieldend|move: Grassy Terrain\n|upkeep\n|\n|t:|1699886127\n|switch|p2a: Urshifu|Urshifu-Rapid-Strike, F|100\/100\n|turn|17\n|\n|t:|1699886143\n|move|p2a: Urshifu|Ice Spinner|p1a: Garchomp\n|-supereffective|p1a: Garchomp\n|-damage|p1a: Garchomp|0 fnt\n|-damage|p2a: Urshifu|88\/100|[from] ability: Rough Skin|[of] p1a: Garchomp\n|faint|p1a: Garchomp\n|\n|upkeep\n|\n|t:|1699886160\n|switch|p1a: Charizard|Charizard-Mega-Y, F|16\/100\n|-weather|SunnyDay|[from] ability: Drought|[of] p1a: Charizard\n|turn|18\n|\n|t:|1699886165\n|move|p2a: Urshifu|Ice Spinner|p1a: Charizard\n|-damage|p1a: Charizard|0 fnt\n|faint|p1a: Charizard\n|\n|-weather|SunnyDay|[upkeep]\n|upkeep\n|\n|t:|1699886172\n|switch|p1a: Serperior|Serperior, F|82\/100\n|turn|19\n|\n|t:|1699886192\n|switch|p2a: Moltres|Moltres|100\/100 par\n|move|p1a: Serperior|Glare|p2a: Moltres\n|-fail|p2a: Moltres|par\n|\n|-weather|SunnyDay|[upkeep]\n|-heal|p1a: Serperior|88\/100|[from] item: Leftovers\n|upkeep\n|turn|20\n|\n|t:|1699886205\n|-terastallize|p1a: Serperior|Ghost\n|move|p1a: Serperior|Leaf Storm|p2a: Moltres\n|-resisted|p2a: Moltres\n|-damage|p2a: Moltres|91\/100 par\n|-boost|p1a: Serperior|spa|2\n|cant|p2a: Moltres|par\n|\n|-weather|SunnyDay|[upkeep]\n|-heal|p1a: Serperior|94\/100|[from] item: Leftovers\n|upkeep\n|turn|21\n|\n|t:|1699886216\n|move|p1a: Serperior|Substitute|p1a: Serperior\n|-start|p1a: Serperior|Substitute\n|-damage|p1a: Serperior|69\/100\n|move|p2a: Moltres|Flamethrower|p1a: Serperior\n|-end|p1a: Serperior|Substitute\n|\n|-weather|SunnyDay|[upkeep]\n|-heal|p1a: Serperior|75\/100|[from] item: Leftovers\n|upkeep\n|turn|22\n|\n|t:|1699886227\n|move|p1a: Serperior|Substitute|p1a: Serperior\n|-start|p1a: Serperior|Substitute\n|-damage|p1a: Serperior|50\/100\n|move|p2a: Moltres|Flamethrower|p1a: Serperior\n|-end|p1a: Serperior|Substitute\n|\n|-weather|none\n|-heal|p1a: Serperior|57\/100|[from] item: Leftovers\n|upkeep\n|turn|23\n|\n|t:|1699886237\n|move|p1a: Serperior|Substitute|p1a: Serperior\n|-start|p1a: Serperior|Substitute\n|-damage|p1a: Serperior|32\/100\n|move|p2a: Moltres|Flamethrower|p1a: Serperior\n|-crit|p1a: Serperior\n|-end|p1a: Serperior|Substitute\n|\n|-heal|p1a: Serperior|38\/100|[from] item: Leftovers\n|upkeep\n|turn|24\n|\n|t:|1699886246\n|move|p1a: Serperior|Substitute|p1a: Serperior\n|-start|p1a: Serperior|Substitute\n|-damage|p1a: Serperior|13\/100\n|move|p2a: Moltres|Flamethrower|p1a: Serperior\n|-crit|p1a: Serperior\n|-end|p1a: Serperior|Substitute\n|\n|-heal|p1a: Serperior|19\/100|[from] item: Leftovers\n|upkeep\n|turn|25\n|\n|t:|1699886256\n|move|p1a: Serperior|Leech Seed|p2a: Moltres\n|-start|p2a: Moltres|move: Leech Seed\n|move|p2a: Moltres|Flamethrower|p1a: Serperior\n|-damage|p1a: Serperior|0 fnt\n|faint|p1a: Serperior\n|\n|upkeep\n|\n|t:|1699886266\n|switch|p1a: Aegislash|Aegislash, M|96\/100\n|turn|26\n|c|\u2606wzzma|\u8fd9\u4e48\u591act\n|\n|t:|1699886287\n|move|p1a: Aegislash|Swords Dance|p1a: Aegislash\n|-boost|p1a: Aegislash|atk|2\n|move|p2a: Moltres|Flamethrower|p1a: Aegislash\n|-supereffective|p1a: Aegislash\n|-damage|p1a: Aegislash|27\/100\n|-enditem|p1a: Aegislash|Weakness Policy\n|-boost|p1a: Aegislash|atk|2|[from] item: Weakness Policy\n|-boost|p1a: Aegislash|spa|2|[from] item: Weakness Policy\n|\n|-damage|p2a: Moltres|78\/100 par|[from] Leech Seed|[of] p1a: Aegislash\n|-heal|p1a: Aegislash|43\/100|[silent]\n|upkeep\n|turn|27\n|\n|t:|1699886302\n|move|p1a: Aegislash|Swords Dance|p1a: Aegislash\n|-boost|p1a: Aegislash|atk|2\n|move|p2a: Moltres|Flamethrower|p1a: Aegislash\n|-supereffective|p1a: Aegislash\n|-damage|p1a: Aegislash|0 fnt\n|faint|p1a: Aegislash\n|\n|win|wzzma\n|raw|xiezhouqun's rating: 1616 &rarr; <strong>1598<\/strong><br \/>(-18 for losing)\n|raw|wzzma's rating: 1658 &rarr; <strong>1676<\/strong><br \/>(+18 for winning)\n|l|\u2606xiezhouqun\n","uploadtime":1699886317,"views":6,"p1id":"xiezhouqun","p2id":"wzzma","formatid":"gen9nationaldex","rating":1598,"private":0,"password":""}