{"id":"gen9nationaldex-1991714576","p1":"sdsslsy","p2":"Lu Lu Zhu","format":"[Gen 9] National Dex","log":"|j|\u2606sdsslsy\n|j|\u2606Lu Lu Zhu\n|t:|1700106011\n|gametype|singles\n|player|p1|sdsslsy|266|1660\n|player|p2|Lu Lu Zhu|elesa|1679\n|teamsize|p1|6\n|teamsize|p2|6\n|gen|9\n|tier|[Gen 9] National Dex\n|rated|\n|rule|HP Percentage Mod: HP is shown in percentages\n|rule|Endless Battle Clause: Forcing endless battles is banned\n|rule|OHKO Clause: OHKO moves are banned\n|rule|Evasion Clause: Evasion abilities, items, and moves are banned\n|rule|Evasion Abilities Clause: Evasion abilities are banned\n|rule|Evasion Items Clause: Evasion items are banned\n|rule|Evasion Moves Clause: Evasion moves are banned\n|rule|Species Clause: Limit one of each Pok\u00e9mon\n|rule|Sleep Clause Mod: Limit one foe put to sleep\n|clearpoke\n|poke|p1|Zeraora|\n|poke|p1|Chansey, F|\n|poke|p1|Great Tusk|\n|poke|p1|Alomomola, F|\n|poke|p1|Skeledirge, M|\n|poke|p1|Hydreigon, F|\n|poke|p2|Scizor, F|\n|poke|p2|Iron Valiant|\n|poke|p2|Sneasler, M|\n|poke|p2|Ceruledge, F|\n|poke|p2|Gliscor, F|\n|poke|p2|Tapu Koko|\n|teampreview\n|inactive|Battle timer is ON: inactive players will automatically lose when time's up. (requested by sdsslsy)\n|\n|t:|1700106022\n|start\n|switch|p1a: Zeraora|Zeraora|100\/100\n|switch|p2a: Tapu Koko|Tapu Koko|100\/100\n|-fieldstart|move: Electric Terrain|[from] ability: Electric Surge|[of] p2a: Tapu Koko\n|turn|1\n|\n|t:|1700106028\n|switch|p2a: Scizor|Scizor, F|100\/100\n|move|p1a: Zeraora|Knock Off|p2a: Scizor\n|-damage|p2a: Scizor|77\/100\n|\n|upkeep\n|turn|2\n|\n|t:|1700106032\n|switch|p1a: Alomomola|Alomomola, F|100\/100\n|detailschange|p2a: Scizor|Scizor-Mega, F\n|-mega|p2a: Scizor|Scizor|Scizorite\n|move|p2a: Scizor|U-turn|p1a: Alomomola\n|-damage|p1a: Alomomola|81\/100\n|-damage|p2a: Scizor|60\/100|[from] item: Rocky Helmet|[of] p1a: Alomomola\n|\n|t:|1700106037\n|switch|p2a: Tapu Koko|Tapu Koko|100\/100|[from] U-turn\n|\n|upkeep\n|turn|3\n|\n|t:|1700106045\n|switch|p1a: Chansey|Chansey, F|100\/100\n|move|p2a: Tapu Koko|Volt Switch|p1a: Chansey\n|-damage|p1a: Chansey|83\/100\n|\n|t:|1700106056\n|switch|p2a: Gliscor|Gliscor, F|100\/100|[from] Volt Switch\n|\n|-status|p2a: Gliscor|tox|[from] item: Toxic Orb\n|upkeep\n|turn|4\n|\n|t:|1700106059\n|move|p2a: Gliscor|Stealth Rock|p1a: Chansey\n|-sidestart|p1: sdsslsy|move: Stealth Rock\n|move|p1a: Chansey|Teleport|p1a: Chansey\n|\n|t:|1700106062\n|switch|p1a: Hydreigon|Hydreigon, F|100\/100|[from] Teleport\n|-damage|p1a: Hydreigon|88\/100|[from] Stealth Rock\n|\n|-heal|p1a: Hydreigon|94\/100|[from] item: Leftovers\n|upkeep\n|turn|5\n|\n|t:|1700106078\n|switch|p2a: Iron Valiant|Iron Valiant|100\/100\n|-activate|p2a: Iron Valiant|ability: Quark Drive\n|-start|p2a: Iron Valiant|quarkdrivespe\n|move|p1a: Hydreigon|Stealth Rock|p2a: Iron Valiant\n|-sidestart|p2: Lu Lu Zhu|move: Stealth Rock\n|\n|-heal|p1a: Hydreigon|100\/100|[from] item: Leftovers\n|-fieldend|move: Electric Terrain\n|-end|p2a: Iron Valiant|Quark Drive\n|upkeep\n|turn|6\n|\n|t:|1700106084\n|switch|p1a: Skeledirge|Skeledirge, M|100\/100\n|-damage|p1a: Skeledirge|75\/100|[from] Stealth Rock\n|move|p2a: Iron Valiant|Aura Sphere|p1a: Skeledirge\n|-immune|p1a: Skeledirge\n|\n|upkeep\n|turn|7\n|\n|t:|1700106094\n|-end|p2a: Iron Valiant|Quark Drive|[silent]\n|switch|p2a: Ceruledge|Ceruledge, F|100\/100\n|move|p1a: Skeledirge|Hex|p2a: Ceruledge\n|-supereffective|p2a: Ceruledge\n|-crit|p2a: Ceruledge\n|-damage|p2a: Ceruledge|48\/100\n|\n|upkeep\n|turn|8\n|\n|t:|1700106102\n|switch|p1a: Great Tusk|Great Tusk|100\/100\n|-damage|p1a: Great Tusk|98\/100|[from] Stealth Rock\n|move|p2a: Ceruledge|Bulk Up|p2a: Ceruledge\n|-boost|p2a: Ceruledge|atk|1\n|-boost|p2a: Ceruledge|def|1\n|\n|-heal|p1a: Great Tusk|100\/100|[from] item: Leftovers\n|upkeep\n|turn|9\n|\n|t:|1700106112\n|-terastallize|p2a: Ceruledge|Grass\n|move|p1a: Great Tusk|Headlong Rush|p2a: Ceruledge\n|-resisted|p2a: Ceruledge\n|-damage|p2a: Ceruledge|28\/100\n|-unboost|p1a: Great Tusk|def|1\n|-unboost|p1a: Great Tusk|spd|1\n|move|p2a: Ceruledge|Bulk Up|p2a: Ceruledge\n|-boost|p2a: Ceruledge|atk|1\n|-boost|p2a: Ceruledge|def|1\n|\n|upkeep\n|turn|10\n|\n|t:|1700106117\n|move|p1a: Great Tusk|Rapid Spin|p2a: Ceruledge\n|-damage|p2a: Ceruledge|20\/100\n|-boost|p1a: Great Tusk|spe|1\n|-sideend|p1: sdsslsy|Stealth Rock|[from] move: Rapid Spin|[of] p1a: Great Tusk\n|move|p2a: Ceruledge|Bitter Blade|p1a: Great Tusk\n|-damage|p1a: Great Tusk|38\/100\n|-heal|p2a: Ceruledge|59\/100|[from] drain|[of] p1a: Great Tusk\n|\n|-heal|p1a: Great Tusk|44\/100|[from] item: Leftovers\n|upkeep\n|turn|11\n|\n|t:|1700106122\n|move|p1a: Great Tusk|Bulk Up|p1a: Great Tusk\n|-boost|p1a: Great Tusk|atk|1\n|-boost|p1a: Great Tusk|def|1\n|move|p2a: Ceruledge|Bitter Blade|p1a: Great Tusk\n|-damage|p1a: Great Tusk|3\/100\n|-heal|p2a: Ceruledge|84\/100|[from] drain|[of] p1a: Great Tusk\n|\n|-heal|p1a: Great Tusk|9\/100|[from] item: Leftovers\n|upkeep\n|turn|12\n|\n|t:|1700106125\n|move|p1a: Great Tusk|Ice Spinner|p2a: Ceruledge\n|-supereffective|p2a: Ceruledge\n|-damage|p2a: Ceruledge|45\/100\n|move|p2a: Ceruledge|Bitter Blade|p1a: Great Tusk\n|-damage|p1a: Great Tusk|0 fnt\n|-heal|p2a: Ceruledge|50\/100|[from] drain|[of] p1a: Great Tusk\n|faint|p1a: Great Tusk\n|-end|p1a: Great Tusk|Protosynthesis|[silent]\n|\n|upkeep\n|\n|t:|1700106134\n|switch|p1a: Alomomola|Alomomola, F|100\/100\n|turn|13\n|\n|t:|1700106137\n|move|p2a: Ceruledge|Taunt|p1a: Alomomola\n|-start|p1a: Alomomola|move: Taunt\n|cant|p1a: Alomomola|move: Taunt|Toxic\n|\n|upkeep\n|turn|14\n|\n|t:|1700106140\n|move|p2a: Ceruledge|Bulk Up|p2a: Ceruledge\n|-boost|p2a: Ceruledge|atk|1\n|-boost|p2a: Ceruledge|def|1\n|move|p1a: Alomomola|Flip Turn|p2a: Ceruledge\n|-resisted|p2a: Ceruledge\n|-damage|p2a: Ceruledge|47\/100\n|\n|t:|1700106143\n|switch|p1a: Skeledirge|Skeledirge, M|75\/100|[from] Flip Turn\n|\n|upkeep\n|turn|15\n|\n|t:|1700106155\n|move|p2a: Ceruledge|Poltergeist|p1a: Skeledirge\n|-activate|p1a: Skeledirge|move: Poltergeist|Covert Cloak\n|-supereffective|p1a: Skeledirge\n|-damage|p1a: Skeledirge|16\/100\n|move|p1a: Skeledirge|Torch Song|p2a: Ceruledge\n|-start|p2a: Ceruledge|ability: Flash Fire\n|\n|upkeep\n|turn|16\n|\n|t:|1700106170\n|switch|p1a: Hydreigon|Hydreigon, F|100\/100\n|move|p2a: Ceruledge|Bitter Blade|p1a: Hydreigon\n|-resisted|p1a: Hydreigon\n|-damage|p1a: Hydreigon|52\/100\n|-heal|p2a: Ceruledge|73\/100|[from] drain|[of] p1a: Hydreigon\n|\n|-heal|p1a: Hydreigon|58\/100|[from] item: Leftovers\n|upkeep\n|turn|17\n|\n|t:|1700106178\n|move|p1a: Hydreigon|U-turn|p2a: Ceruledge\n|-supereffective|p2a: Ceruledge\n|-damage|p2a: Ceruledge|60\/100\n|\n|t:|1700106181\n|switch|p1a: Skeledirge|Skeledirge, M|16\/100|[from] U-turn\n|move|p2a: Ceruledge|Bitter Blade|p1a: Skeledirge\n|-resisted|p1a: Skeledirge\n|-damage|p1a: Skeledirge|0 fnt\n|-heal|p2a: Ceruledge|69\/100|[from] drain|[of] p1a: Skeledirge\n|faint|p1a: Skeledirge\n|\n|upkeep\n|\n|t:|1700106182\n|switch|p1a: Zeraora|Zeraora|100\/100\n|turn|18\n|-message|sdsslsy forfeited.\n|\n|win|Lu Lu Zhu\n|raw|sdsslsy's rating: 1660 &rarr; <strong>1641<\/strong><br \/>(-19 for losing)\n|raw|Lu Lu Zhu's rating: 1679 &rarr; <strong>1698<\/strong><br \/>(+19 for winning)\n|l|\u2606sdsslsy\n","uploadtime":1700106195,"views":5,"p1id":"sdsslsy","p2id":"luluzhu","formatid":"gen9nationaldex","rating":1641,"private":0,"password":""}