{"id":"gen9nationaldex-1991197592","p1":"landiwosh","p2":"elvisma","format":"[Gen 9] National Dex","log":"|j|\u2606landiwosh\n|j|\u2606elvisma\n|t:|1700056160\n|gametype|singles\n|player|p1|landiwosh|steven|1638\n|player|p2|elvisma|red-masters|1719\n|teamsize|p1|6\n|teamsize|p2|6\n|gen|9\n|tier|[Gen 9] National Dex\n|rated|\n|rule|HP Percentage Mod: HP is shown in percentages\n|rule|Endless Battle Clause: Forcing endless battles is banned\n|rule|OHKO Clause: OHKO moves are banned\n|rule|Evasion Clause: Evasion abilities, items, and moves are banned\n|rule|Evasion Abilities Clause: Evasion abilities are banned\n|rule|Evasion Items Clause: Evasion items are banned\n|rule|Evasion Moves Clause: Evasion moves are banned\n|rule|Species Clause: Limit one of each Pok\u00e9mon\n|rule|Sleep Clause Mod: Limit one foe put to sleep\n|clearpoke\n|poke|p1|Zapdos|\n|poke|p1|Lopunny, F|\n|poke|p1|Landorus-Therian, M|\n|poke|p1|Volcanion|\n|poke|p1|Tapu Koko|\n|poke|p1|Sneasler, M|\n|poke|p2|Azelf|\n|poke|p2|Charizard, F|\n|poke|p2|Ribombee, F|\n|poke|p2|Great Tusk|\n|poke|p2|Ogerpon-Wellspring, F|\n|poke|p2|Victini|\n|teampreview\n|\n|t:|1700056169\n|start\n|switch|p1a: Lopunny|Lopunny, F|100\/100\n|switch|p2a: ZA BEE|Ribombee, F|100\/100\n|turn|1\n|\n|t:|1700056176\n|detailschange|p1a: Lopunny|Lopunny-Mega, F\n|-mega|p1a: Lopunny|Lopunny|Lopunnite\n|move|p1a: Lopunny|Triple Axel|p2a: ZA BEE\n|-damage|p2a: ZA BEE|85\/100\n|-damage|p2a: ZA BEE|58\/100\n|-damage|p2a: ZA BEE|14\/100\n|-hitcount|p2a: ZA BEE|3\n|move|p2a: ZA BEE|Quiver Dance|p2a: ZA BEE\n|-boost|p2a: ZA BEE|spa|1\n|-boost|p2a: ZA BEE|spd|1\n|-boost|p2a: ZA BEE|spe|1\n|\n|upkeep\n|turn|2\n|\n|t:|1700056184\n|move|p1a: Lopunny|Quick Attack|p2a: ZA BEE\n|-damage|p2a: ZA BEE|0 fnt\n|faint|p2a: ZA BEE\n|\n|upkeep\n|c|\u2606elvisma|WTF\n|c|\u2606elvisma|why is everyone\n|c|\u2606elvisma|runnign quick attck\n|\n|t:|1700056209\n|switch|p2a: TUSK SWEEP|Great Tusk|100\/100\n|-enditem|p2a: TUSK SWEEP|Booster Energy\n|-activate|p2a: TUSK SWEEP|ability: Protosynthesis|[fromitem]\n|-start|p2a: TUSK SWEEP|protosynthesisatk\n|turn|3\n|l|\u2606landiwosh\n|player|p1|\n|inactive|Battle timer is ON: inactive players will automatically lose when time's up. (requested by elvisma)\n|j|\u2606landiwosh\n|inactive|landiwosh reconnected and has 150 seconds left.\n|player|p1|landiwosh|steven\n|\n|t:|1700056251\n|switch|p1a: Landorus|Landorus-Therian, M|100\/100\n|-ability|p1a: Landorus|Intimidate|boost\n|-unboost|p2a: TUSK SWEEP|atk|1\n|move|p2a: TUSK SWEEP|Rapid Spin|p1a: Landorus\n|-damage|p1a: Landorus|91\/100\n|-boost|p2a: TUSK SWEEP|spe|1\n|-damage|p2a: TUSK SWEEP|84\/100|[from] item: Rocky Helmet|[of] p1a: Landorus\n|\n|upkeep\n|turn|4\n|\n|t:|1700056264\n|switch|p1a: Volcanion|Volcanion|100\/100\n|-terastallize|p2a: TUSK SWEEP|Ice\n|move|p2a: TUSK SWEEP|Ice Spinner|p1a: Volcanion\n|-resisted|p1a: Volcanion\n|-damage|p1a: Volcanion|93\/100\n|\n|upkeep\n|turn|5\n|\n|t:|1700056273\n|-terastallize|p1a: Volcanion|Flying\n|move|p2a: TUSK SWEEP|Ice Spinner|p1a: Volcanion\n|-supereffective|p1a: Volcanion\n|-damage|p1a: Volcanion|26\/100\n|move|p1a: Volcanion|Fire Blast|p2a: TUSK SWEEP\n|-supereffective|p2a: TUSK SWEEP\n|-damage|p2a: TUSK SWEEP|0 fnt\n|faint|p2a: TUSK SWEEP\n|-end|p2a: TUSK SWEEP|Protosynthesis|[silent]\n|\n|upkeep\n|\n|t:|1700056280\n|switch|p2a: V create spam|Victini|100\/100\n|turn|6\n|\n|t:|1700056286\n|-zpower|p2a: V create spam\n|move|p2a: V create spam|Z-Celebrate|p2a: V create spam|[anim]Celebrate\n|-boost|p2a: V create spam|atk|1|[zeffect]\n|-boost|p2a: V create spam|def|1|[zeffect]\n|-boost|p2a: V create spam|spa|1|[zeffect]\n|-boost|p2a: V create spam|spd|1|[zeffect]\n|-boost|p2a: V create spam|spe|1|[zeffect]\n|-activate|p2a: V create spam|move: Celebrate\n|move|p1a: Volcanion|Steam Eruption|p2a: V create spam|[miss]\n|-miss|p1a: Volcanion|p2a: V create spam\n|\n|upkeep\n|turn|7\n|\n|t:|1700056295\n|move|p2a: V create spam|Searing Shot|p1a: Volcanion\n|-damage|p1a: Volcanion|0 fnt\n|faint|p1a: Volcanion\n|\n|upkeep\n|\n|t:|1700056301\n|switch|p1a: Landorus|Landorus-Therian, M|91\/100\n|-ability|p1a: Landorus|Intimidate|boost\n|-unboost|p2a: V create spam|atk|1\n|turn|8\n|c|\u2606elvisma|burn\n|\n|t:|1700056308\n|move|p2a: V create spam|Searing Shot|p1a: Landorus\n|-damage|p1a: Landorus|23\/100\n|move|p1a: Landorus|Earthquake|p2a: V create spam\n|-supereffective|p2a: V create spam\n|-damage|p2a: V create spam|34\/100\n|\n|upkeep\n|turn|9\n|\n|t:|1700056315\n|move|p2a: V create spam|Searing Shot|p1a: Landorus\n|-damage|p1a: Landorus|0 fnt\n|faint|p1a: Landorus\n|\n|upkeep\n|\n|t:|1700056327\n|switch|p1a: Lopunny|Lopunny-Mega, F|100\/100\n|turn|10\n|\n|t:|1700056336\n|move|p1a: Lopunny|Fake Out|p2a: V create spam\n|-damage|p2a: V create spam|19\/100\n|cant|p2a: V create spam|flinch\n|\n|upkeep\n|turn|11\n|\n|t:|1700056345\n|switch|p1a: Zapdos|Zapdos|100\/100\n|move|p2a: V create spam|Stored Power|p1a: Zapdos\n|-damage|p1a: Zapdos|29\/100\n|\n|upkeep\n|turn|12\n|\n|t:|1700056362\n|move|p2a: V create spam|Stored Power|p1a: Zapdos\n|-damage|p1a: Zapdos|0 fnt\n|faint|p1a: Zapdos\n|\n|upkeep\n|\n|t:|1700056366\n|switch|p1a: Lopunny|Lopunny-Mega, F|100\/100\n|turn|13\n|\n|t:|1700056387\n|move|p1a: Lopunny|Fake Out|p2a: V create spam\n|-damage|p2a: V create spam|4\/100\n|cant|p2a: V create spam|flinch\n|\n|upkeep\n|turn|14\n|\n|t:|1700056391\n|move|p1a: Lopunny|Quick Attack|p2a: V create spam\n|-damage|p2a: V create spam|0 fnt\n|faint|p2a: V create spam\n|\n|upkeep\n|\n|t:|1700056396\n|switch|p2a: ampheros|Charizard, F|100\/100\n|turn|15\n|\n|t:|1700056410\n|switch|p1a: Tapu Koko|Tapu Koko|100\/100\n|-fieldstart|move: Electric Terrain|[from] ability: Electric Surge|[of] p1a: Tapu Koko\n|detailschange|p2a: ampheros|Charizard-Mega-X, F\n|-mega|p2a: ampheros|Charizard|Charizardite X\n|move|p2a: ampheros|Dragon Dance|p2a: ampheros\n|-boost|p2a: ampheros|atk|1\n|-boost|p2a: ampheros|spe|1\n|\n|upkeep\n|turn|16\n|\n|t:|1700056414\n|move|p2a: ampheros|Earthquake|p1a: Tapu Koko\n|-supereffective|p1a: Tapu Koko\n|-damage|p1a: Tapu Koko|0 fnt\n|faint|p1a: Tapu Koko\n|\n|upkeep\n|\n|t:|1700056417\n|switch|p1a: Sneasler|Sneasler, M|100\/100\n|-enditem|p1a: Sneasler|Electric Seed\n|-boost|p1a: Sneasler|def|1|[from] item: Electric Seed\n|turn|17\n|\n|t:|1700056446\n|move|p1a: Sneasler|Close Combat|p2a: ampheros\n|-damage|p2a: ampheros|29\/100\n|-unboost|p1a: Sneasler|def|1\n|-unboost|p1a: Sneasler|spd|1\n|move|p2a: ampheros|Earthquake|p1a: Sneasler\n|-supereffective|p1a: Sneasler\n|-damage|p1a: Sneasler|0 fnt\n|faint|p1a: Sneasler\n|\n|upkeep\n|\n|t:|1700056449\n|switch|p1a: Lopunny|Lopunny-Mega, F|100\/100\n|turn|18\n|\n|t:|1700056455\n|move|p1a: Lopunny|Fake Out|p2a: ampheros\n|-damage|p2a: ampheros|6\/100\n|cant|p2a: ampheros|flinch\n|\n|upkeep\n|turn|19\n|\n|t:|1700056458\n|move|p1a: Lopunny|Quick Attack|p2a: ampheros\n|-damage|p2a: ampheros|0 fnt\n|faint|p2a: ampheros\n|\n|-fieldend|move: Electric Terrain\n|upkeep\n|\n|t:|1700056464\n|switch|p2a: touchgrassdrinkH2O|Ogerpon-Wellspring, F|100\/100\n|turn|20\n|\n|t:|1700056471\n|move|p1a: Lopunny|Triple Axel|p2a: touchgrassdrinkH2O\n|-damage|p2a: touchgrassdrinkH2O|91\/100\n|-hitcount|p2a: touchgrassdrinkH2O|1\n|move|p2a: touchgrassdrinkH2O|Ivy Cudgel|p1a: Lopunny|[anim] Ivy Cudgel Water\n|-damage|p1a: Lopunny|23\/100\n|\n|upkeep\n|turn|21\n|c|\u2606elvisma|gg\n|\n|t:|1700056479\n|move|p1a: Lopunny|Close Combat|p2a: touchgrassdrinkH2O\n|-damage|p2a: touchgrassdrinkH2O|9\/100\n|-unboost|p1a: Lopunny|def|1\n|-unboost|p1a: Lopunny|spd|1\n|move|p2a: touchgrassdrinkH2O|Horn Leech|p1a: Lopunny\n|-damage|p1a: Lopunny|0 fnt\n|-heal|p2a: touchgrassdrinkH2O|19\/100|[from] drain|[of] p1a: Lopunny\n|faint|p1a: Lopunny\n|\n|win|elvisma\n|raw|landiwosh's rating: 1638 &rarr; <strong>1623<\/strong><br \/>(-15 for losing)\n|raw|elvisma's rating: 1719 &rarr; <strong>1734<\/strong><br \/>(+15 for winning)\n|l|\u2606landiwosh\n","uploadtime":1700056485,"views":5,"p1id":"landiwosh","p2id":"elvisma","formatid":"gen9nationaldex","rating":1623,"private":0,"password":""}