{"id":"gen9nationaldex-1996918824","p1":"HEWEI","p2":"xiaoyang2004","format":"[Gen 9] National Dex","log":"|html|<div class=\"broadcast-blue\"><strong>[Gen 9] National Dex is currently suspecting Sneasler! For information on how to participate check out the <a href=\"https:\/\/www.smogon.com\/forums\/threads\/sv-national-dex-suspect-8-just-dance.3731534\/\">suspect thread<\/a>.<\/strong><\/div>\n|j|\u2606HEWEI\n|j|\u2606xiaoyang2004\n|t:|1700744766\n|gametype|singles\n|player|p1|HEWEI|lucas|1666\n|player|p2|xiaoyang2004|lyra|1628\n|teamsize|p1|6\n|teamsize|p2|6\n|gen|9\n|tier|[Gen 9] National Dex\n|rated|\n|rule|HP Percentage Mod: HP is shown in percentages\n|rule|Endless Battle Clause: Forcing endless battles is banned\n|rule|OHKO Clause: OHKO moves are banned\n|rule|Evasion Clause: Evasion abilities, items, and moves are banned\n|rule|Evasion Abilities Clause: Evasion abilities are banned\n|rule|Evasion Items Clause: Evasion items are banned\n|rule|Evasion Moves Clause: Evasion moves are banned\n|rule|Species Clause: Limit one of each Pok\u00e9mon\n|rule|Sleep Clause Mod: Limit one foe put to sleep\n|clearpoke\n|poke|p1|Medicham, F|\n|poke|p1|Sneasler, M|\n|poke|p1|Skeledirge, M|\n|poke|p1|Tapu Koko|\n|poke|p1|Moltres|\n|poke|p1|Empoleon, M|\n|poke|p2|Gliscor, M|\n|poke|p2|Diancie|\n|poke|p2|Hoopa-Unbound|\n|poke|p2|Garganacl, M|\n|poke|p2|Skeledirge, M|\n|poke|p2|Greninja-*, M|\n|teampreview\n|inactive|Battle timer is ON: inactive players will automatically lose when time's up. (requested by HEWEI)\n|\n|t:|1700744780\n|start\n|switch|p1a: Medicham|Medicham, F|100\/100\n|switch|p2a: Skeledirge|Skeledirge, M|100\/100\n|turn|1\n|\n|t:|1700744795\n|switch|p1a: Empoleon|Empoleon, M|100\/100\n|move|p2a: Skeledirge|Torch Song|p1a: Empoleon\n|-damage|p1a: Empoleon|75\/100\n|-boost|p2a: Skeledirge|spa|1\n|\n|-heal|p1a: Empoleon|81\/100|[from] item: Leftovers\n|upkeep\n|turn|2\n|\n|t:|1700744821\n|switch|p2a: Garganacl|Garganacl, M, shiny|100\/100\n|move|p1a: Empoleon|Scald|p2a: Garganacl\n|-supereffective|p2a: Garganacl\n|-damage|p2a: Garganacl|54\/100\n|\n|-heal|p1a: Empoleon|88\/100|[from] item: Leftovers\n|-heal|p2a: Garganacl|60\/100|[from] item: Leftovers\n|upkeep\n|turn|3\n|\n|t:|1700744836\n|switch|p1a: Medicham|Medicham, F|100\/100\n|-terastallize|p2a: Garganacl|Dragon\n|move|p2a: Garganacl|Salt Cure|p1a: Medicham\n|-resisted|p1a: Medicham\n|-damage|p1a: Medicham|90\/100\n|-start|p1a: Medicham|Salt Cure\n|\n|-heal|p2a: Garganacl|66\/100|[from] item: Leftovers\n|-damage|p1a: Medicham|78\/100|[from] Salt Cure\n|upkeep\n|turn|4\n|\n|t:|1700744850\n|switch|p1a: Skeledirge|Skeledirge, M|100\/100\n|move|p2a: Garganacl|Protect||[still]\n|-fail|p2a: Garganacl\n|\n|-heal|p2a: Garganacl|73\/100|[from] item: Leftovers\n|upkeep\n|turn|5\n|\n|t:|1700744867\n|switch|p1a: Tapu Koko|Tapu Koko|100\/100\n|-fieldstart|move: Electric Terrain|[from] ability: Electric Surge|[of] p1a: Tapu Koko\n|move|p2a: Garganacl|Salt Cure|p1a: Tapu Koko\n|-damage|p1a: Tapu Koko|80\/100\n|-start|p1a: Tapu Koko|Salt Cure\n|\n|-heal|p2a: Garganacl|79\/100|[from] item: Leftovers\n|-damage|p1a: Tapu Koko|68\/100|[from] Salt Cure\n|upkeep\n|turn|6\n|\n|t:|1700744877\n|move|p2a: Garganacl|Protect|p2a: Garganacl\n|-singleturn|p2a: Garganacl|Protect\n|move|p1a: Tapu Koko|Dazzling Gleam|p2a: Garganacl\n|-activate|p2a: Garganacl|move: Protect\n|\n|-heal|p2a: Garganacl|85\/100|[from] item: Leftovers\n|-damage|p1a: Tapu Koko|55\/100|[from] Salt Cure\n|upkeep\n|turn|7\n|\n|t:|1700744888\n|switch|p2a: Skeledirge|Skeledirge, M|100\/100\n|move|p1a: Tapu Koko|Hidden Power|p2a: Skeledirge\n|-resisted|p2a: Skeledirge\n|-damage|p2a: Skeledirge|92\/100\n|\n|-damage|p1a: Tapu Koko|43\/100|[from] Salt Cure\n|upkeep\n|turn|8\n|\n|t:|1700744901\n|switch|p2a: Gliscor|Gliscor, M, shiny|100\/100\n|-zpower|p1a: Tapu Koko\n|move|p1a: Tapu Koko|Gigavolt Havoc|p2a: Gliscor|[zeffect]\n|-immune|p2a: Gliscor\n|\n|-damage|p1a: Tapu Koko|30\/100|[from] Salt Cure\n|-status|p2a: Gliscor|tox|[from] item: Toxic Orb\n|upkeep\n|turn|9\n|inactive|xiaoyang2004 has 120 seconds left.\n|\n|t:|1700744933\n|move|p1a: Tapu Koko|U-turn|p2a: Gliscor\n|-resisted|p2a: Gliscor\n|-damage|p2a: Gliscor|95\/100 tox\n|\n|t:|1700744945\n|switch|p1a: Empoleon|Empoleon, M|88\/100|[from] U-turn\n|move|p2a: Gliscor|Earthquake|p1a: Empoleon\n|-supereffective|p1a: Empoleon\n|-damage|p1a: Empoleon|39\/100\n|\n|-heal|p1a: Empoleon|45\/100|[from] item: Leftovers\n|-heal|p2a: Gliscor|100\/100 tox|[from] ability: Poison Heal\n|-fieldend|move: Electric Terrain\n|upkeep\n|turn|10\n|inactive|xiaoyang2004 has 120 seconds left.\n|\n|t:|1700744957\n|-terastallize|p1a: Empoleon|Water\n|move|p2a: Gliscor|Earthquake|p1a: Empoleon\n|-damage|p1a: Empoleon|22\/100\n|move|p1a: Empoleon|Scald|p2a: Gliscor\n|-supereffective|p2a: Gliscor\n|-damage|p2a: Gliscor|18\/100 tox\n|\n|-heal|p1a: Empoleon|28\/100|[from] item: Leftovers\n|-heal|p2a: Gliscor|30\/100 tox|[from] ability: Poison Heal\n|upkeep\n|turn|11\n|inactive|xiaoyang2004 has 120 seconds left.\n|\n|t:|1700744970\n|move|p2a: Gliscor|U-turn|p1a: Empoleon\n|-damage|p1a: Empoleon|16\/100\n|inactive|xiaoyang2004 has 120 seconds left.\n|\n|t:|1700744977\n|switch|p2a: Garganacl|Garganacl, M, shiny, tera:Dragon|85\/100|[from] U-turn\n|move|p1a: Empoleon|Roost|p1a: Empoleon\n|-heal|p1a: Empoleon|66\/100\n|\n|-heal|p1a: Empoleon|72\/100|[from] item: Leftovers\n|-heal|p2a: Garganacl|91\/100|[from] item: Leftovers\n|upkeep\n|turn|12\n|inactive|HEWEI has 120 seconds left.\n|\n|t:|1700745028\n|move|p1a: Empoleon|Stealth Rock|p2a: Garganacl\n|-sidestart|p2: xiaoyang2004|move: Stealth Rock\n|move|p2a: Garganacl|Salt Cure|p1a: Empoleon\n|-damage|p1a: Empoleon|62\/100\n|-start|p1a: Empoleon|Salt Cure\n|\n|-heal|p1a: Empoleon|69\/100|[from] item: Leftovers\n|-heal|p2a: Garganacl|97\/100|[from] item: Leftovers\n|-damage|p1a: Empoleon|44\/100|[from] Salt Cure\n|upkeep\n|turn|13\n|inactive|xiaoyang2004 has 120 seconds left.\n|\n|t:|1700745051\n|move|p1a: Empoleon|Roost|p1a: Empoleon\n|-heal|p1a: Empoleon|94\/100\n|move|p2a: Garganacl|Salt Cure|p1a: Empoleon\n|-damage|p1a: Empoleon|84\/100\n|\n|-heal|p1a: Empoleon|90\/100|[from] item: Leftovers\n|-heal|p2a: Garganacl|100\/100|[from] item: Leftovers\n|-damage|p1a: Empoleon|65\/100|[from] Salt Cure\n|upkeep\n|turn|14\n|inactive|xiaoyang2004 has 120 seconds left.\n|\n|t:|1700745061\n|switch|p1a: Medicham|Medicham, F|78\/100\n|move|p2a: Garganacl|Salt Cure|p1a: Medicham\n|-resisted|p1a: Medicham\n|-damage|p1a: Medicham|66\/100\n|-start|p1a: Medicham|Salt Cure\n|\n|-damage|p1a: Medicham|54\/100|[from] Salt Cure\n|upkeep\n|turn|15\n|inactive|HEWEI has 120 seconds left.\n|inactive|xiaoyang2004 has 120 seconds left.\n|\n|t:|1700745077\n|switch|p1a: Tapu Koko|Tapu Koko|30\/100\n|-fieldstart|move: Electric Terrain|[from] ability: Electric Surge|[of] p1a: Tapu Koko\n|move|p2a: Garganacl|Protect||[still]\n|-fail|p2a: Garganacl\n|\n|upkeep\n|turn|16\n|inactive|HEWEI has 120 seconds left.\n|\n|t:|1700745096\n|switch|p2a: Gliscor|Gliscor, M, shiny|30\/100 tox\n|-damage|p2a: Gliscor|18\/100 tox|[from] Stealth Rock\n|move|p1a: Tapu Koko|Thunderbolt|p2a: Gliscor\n|-immune|p2a: Gliscor\n|\n|-heal|p2a: Gliscor|30\/100 tox|[from] ability: Poison Heal\n|upkeep\n|turn|17\n|\n|t:|1700745111\n|move|p1a: Tapu Koko|Thunderbolt|p2a: Gliscor\n|-immune|p2a: Gliscor\n|move|p2a: Gliscor|Earthquake|p1a: Tapu Koko\n|-supereffective|p1a: Tapu Koko\n|-damage|p1a: Tapu Koko|0 fnt\n|faint|p1a: Tapu Koko\n|\n|-heal|p2a: Gliscor|43\/100 tox|[from] ability: Poison Heal\n|upkeep\n|\n|t:|1700745117\n|switch|p1a: Sneasler|Sneasler, M|100\/100\n|-enditem|p1a: Sneasler|Electric Seed\n|-boost|p1a: Sneasler|def|1|[from] item: Electric Seed\n|turn|18\n|l|\u2606xiaoyang2004\n|inactive|xiaoyang2004 disconnected and has a minute to reconnect!\n|player|p2|\n|j|\u2606xiaoyang2004\n|inactive|xiaoyang2004 reconnected and has 95 seconds left.\n|player|p2|xiaoyang2004|lyra\n|inactive|xiaoyang2004 has 90 seconds left.\n|\n|t:|1700745154\n|move|p1a: Sneasler|Dire Claw|p2a: Gliscor\n|-resisted|p2a: Gliscor\n|-damage|p2a: Gliscor|30\/100 tox\n|move|p2a: Gliscor|Roost|p2a: Gliscor\n|-heal|p2a: Gliscor|80\/100 tox\n|-singleturn|p2a: Gliscor|move: Roost\n|\n|-heal|p2a: Gliscor|92\/100 tox|[from] ability: Poison Heal\n|upkeep\n|turn|19\n|inactive|xiaoyang2004 has 90 seconds left.\n|\n|t:|1700745173\n|move|p1a: Sneasler|Swords Dance|p1a: Sneasler\n|-boost|p1a: Sneasler|atk|2\n|move|p2a: Gliscor|Earthquake|p1a: Sneasler\n|-supereffective|p1a: Sneasler\n|-damage|p1a: Sneasler|19\/100\n|\n|-heal|p2a: Gliscor|100\/100 tox|[from] ability: Poison Heal\n|-fieldend|move: Electric Terrain\n|upkeep\n|turn|20\n|inactive|xiaoyang2004 has 90 seconds left.\n|\n|t:|1700745182\n|move|p1a: Sneasler|Acrobatics|p2a: Gliscor\n|-damage|p2a: Gliscor|53\/100 tox\n|move|p2a: Gliscor|Earthquake|p1a: Sneasler\n|-supereffective|p1a: Sneasler\n|-damage|p1a: Sneasler|0 fnt\n|faint|p1a: Sneasler\n|\n|-heal|p2a: Gliscor|66\/100 tox|[from] ability: Poison Heal\n|upkeep\n|\n|t:|1700745188\n|switch|p1a: Medicham|Medicham, F|54\/100\n|turn|21\n|\n|t:|1700745200\n|detailschange|p1a: Medicham|Medicham-Mega, F\n|-mega|p1a: Medicham|Medicham|Medichamite\n|move|p1a: Medicham|Zen Headbutt|p2a: Gliscor\n|-damage|p2a: Gliscor|17\/100 tox\n|move|p2a: Gliscor|Earthquake|p1a: Medicham\n|-damage|p1a: Medicham|7\/100\n|\n|-heal|p2a: Gliscor|30\/100 tox|[from] ability: Poison Heal\n|upkeep\n|turn|22\n|inactive|HEWEI has 120 seconds left.\n|inactive|xiaoyang2004 has 90 seconds left.\n|\n|t:|1700745216\n|move|p1a: Medicham|Zen Headbutt|p2a: Gliscor\n|-damage|p2a: Gliscor|0 fnt\n|faint|p2a: Gliscor\n|\n|upkeep\n|inactive|xiaoyang2004 has 90 seconds left.\n|\n|t:|1700745221\n|switch|p2a: Greninja|Greninja, M|100\/100\n|-damage|p2a: Greninja|88\/100|[from] Stealth Rock\n|turn|23\n|\n|t:|1700745233\n|switch|p1a: Moltres|Moltres|100\/100\n|move|p2a: Greninja|Dark Pulse|p1a: Moltres\n|-damage|p1a: Moltres|67\/100\n|\n|upkeep\n|turn|24\n|\n|t:|1700745242\n|-zpower|p2a: Greninja\n|move|p2a: Greninja|Hydro Vortex|p1a: Moltres|[zeffect]\n|-supereffective|p1a: Moltres\n|-damage|p1a: Moltres|0 fnt\n|faint|p1a: Moltres\n|-ability|p2a: Greninja|Battle Bond|boost\n|-boost|p2a: Greninja|atk|1\n|-boost|p2a: Greninja|spa|1\n|-boost|p2a: Greninja|spe|1\n|-activate|p2a: Greninja|ability: Battle Bond\n|\n|upkeep\n|\n|t:|1700745246\n|switch|p1a: Medicham|Medicham-Mega, F|7\/100\n|turn|25\n|\n|t:|1700745256\n|move|p1a: Medicham|Fake Out|p2a: Greninja\n|-damage|p2a: Greninja|46\/100\n|cant|p2a: Greninja|flinch\n|\n|upkeep\n|turn|26\n|\n|t:|1700745267\n|switch|p1a: Skeledirge|Skeledirge, M|100\/100\n|move|p2a: Greninja|Dark Pulse|p1a: Skeledirge\n|-supereffective|p1a: Skeledirge\n|-damage|p1a: Skeledirge|13\/100\n|\n|upkeep\n|turn|27\n|\n|t:|1700745275\n|move|p2a: Greninja|Dark Pulse|p1a: Skeledirge\n|-supereffective|p1a: Skeledirge\n|-damage|p1a: Skeledirge|0 fnt\n|faint|p1a: Skeledirge\n|\n|upkeep\n|\n|t:|1700745278\n|switch|p1a: Medicham|Medicham-Mega, F|7\/100\n|turn|28\n|\n|t:|1700745282\n|move|p1a: Medicham|Fake Out|p2a: Greninja\n|-damage|p2a: Greninja|8\/100\n|cant|p2a: Greninja|flinch\n|\n|upkeep\n|turn|29\n|\n|t:|1700745291\n|move|p1a: Medicham|Bullet Punch|p2a: Greninja\n|-resisted|p2a: Greninja\n|-damage|p2a: Greninja|0 fnt\n|faint|p2a: Greninja\n|\n|upkeep\n|\n|t:|1700745302\n|switch|p2a: Skeledirge|Skeledirge, M|92\/100\n|turn|30\n|\n|t:|1700745311\n|switch|p1a: Empoleon|Empoleon, M, tera:Water|65\/100\n|move|p2a: Skeledirge|Torch Song|p1a: Empoleon\n|-resisted|p1a: Empoleon\n|-damage|p1a: Empoleon|51\/100\n|-boost|p2a: Skeledirge|spa|1\n|\n|-heal|p1a: Empoleon|57\/100|[from] item: Leftovers\n|upkeep\n|turn|31\n|\n|t:|1700745337\n|switch|p2a: Garganacl|Garganacl, M, shiny, tera:Dragon|100\/100\n|-damage|p2a: Garganacl|88\/100|[from] Stealth Rock\n|switch|p1a: Medicham|Medicham-Mega, F|7\/100\n|\n|-heal|p2a: Garganacl|94\/100|[from] item: Leftovers\n|upkeep\n|turn|32\n|\n|t:|1700745346\n|move|p2a: Garganacl|Protect|p2a: Garganacl\n|-singleturn|p2a: Garganacl|Protect\n|move|p1a: Medicham|Fake Out|p2a: Garganacl\n|-activate|p2a: Garganacl|move: Protect\n|\n|-heal|p2a: Garganacl|100\/100|[from] item: Leftovers\n|upkeep\n|turn|33\n|\n|t:|1700745359\n|move|p1a: Medicham|High Jump Kick|p2a: Garganacl\n|-damage|p2a: Garganacl|31\/100\n|move|p2a: Garganacl|Salt Cure|p1a: Medicham\n|-resisted|p1a: Medicham\n|-damage|p1a: Medicham|0 fnt\n|faint|p1a: Medicham\n|\n|-heal|p2a: Garganacl|37\/100|[from] item: Leftovers\n|upkeep\n|\n|t:|1700745374\n|switch|p1a: Empoleon|Empoleon, M, tera:Water|57\/100\n|turn|34\n|-message|HEWEI forfeited.\n|\n|win|xiaoyang2004\n|raw|HEWEI's rating: 1666 &rarr; <strong>1644<\/strong><br \/>(-22 for losing)\n|raw|xiaoyang2004's rating: 1628 &rarr; <strong>1650<\/strong><br \/>(+22 for winning)\n|l|\u2606HEWEI\n","uploadtime":1700745391,"views":0,"p1id":"hewei","p2id":"xiaoyang2004","formatid":"gen9nationaldex","rating":1644,"private":0,"password":""}