{"id":"gen9nationaldex-1993559359","p1":"Lp-$tylez","p2":"IChangeMyNameAlot","format":"[Gen 9] National Dex","log":"|j|\u2606Lp-$tylez\n|j|\u2606IChangeMyNameAlot\n|t:|1700331710\n|gametype|singles\n|player|p1|Lp-$tylez|interviewers|\n|player|p2|IChangeMyNameAlot|rye|\n|teamsize|p1|6\n|teamsize|p2|6\n|gen|9\n|tier|[Gen 9] National Dex\n|rule|HP Percentage Mod: HP is shown in percentages\n|rule|Endless Battle Clause: Forcing endless battles is banned\n|rule|OHKO Clause: OHKO moves are banned\n|rule|Evasion Clause: Evasion abilities, items, and moves are banned\n|rule|Evasion Abilities Clause: Evasion abilities are banned\n|rule|Evasion Items Clause: Evasion items are banned\n|rule|Evasion Moves Clause: Evasion moves are banned\n|rule|Species Clause: Limit one of each Pok\u00e9mon\n|rule|Sleep Clause Mod: Limit one foe put to sleep\n|clearpoke\n|poke|p1|Weavile, F|\n|poke|p1|Kyurem|\n|poke|p1|Lopunny, F|\n|poke|p1|Clodsire, F|\n|poke|p1|Blissey, F|\n|poke|p1|Gengar, F|\n|poke|p2|Garchomp, M|\n|poke|p2|Kommo-o, F|\n|poke|p2|Dragonite, F|\n|poke|p2|Altaria, F|\n|poke|p2|Tyrantrum, M|\n|poke|p2|Latias, F|\n|teampreview\n|inactive|Battle timer is ON: inactive players will automatically lose when time's up. (requested by IChangeMyNameAlot)\n|c|\u2606IChangeMyNameAlot|Glhf\n|\n|t:|1700331724\n|start\n|switch|p1a: Lopunny|Lopunny, F|100\/100\n|switch|p2a: Garchomp|Garchomp, M|100\/100\n|turn|1\n|\n|t:|1700331736\n|detailschange|p1a: Lopunny|Lopunny-Mega, F\n|-mega|p1a: Lopunny|Lopunny|Lopunnite\n|move|p1a: Lopunny|Fake Out|p2a: Garchomp\n|-damage|p2a: Garchomp|79\/100\n|-damage|p1a: Lopunny|88\/100|[from] ability: Rough Skin|[of] p2a: Garchomp\n|cant|p2a: Garchomp|flinch\n|\n|upkeep\n|turn|2\n|\n|t:|1700331744\n|move|p1a: Lopunny|Ice Punch|p2a: Garchomp\n|-supereffective|p2a: Garchomp\n|-damage|p2a: Garchomp|0 fnt\n|-damage|p1a: Lopunny|75\/100|[from] ability: Rough Skin|[of] p2a: Garchomp\n|faint|p2a: Garchomp\n|\n|upkeep\n|\n|t:|1700331752\n|switch|p2a: Altaria|Altaria, F|100\/100\n|turn|3\n|\n|t:|1700331756\n|detailschange|p2a: Altaria|Altaria-Mega, F\n|-mega|p2a: Altaria|Altaria|Altarianite\n|move|p1a: Lopunny|Ice Punch|p2a: Altaria\n|-supereffective|p2a: Altaria\n|-damage|p2a: Altaria|37\/100\n|move|p2a: Altaria|Dragon Dance|p2a: Altaria\n|-boost|p2a: Altaria|atk|1\n|-boost|p2a: Altaria|spe|1\n|\n|upkeep\n|turn|4\n|\n|t:|1700331765\n|switch|p1a: Clodsire|Clodsire, F|100\/100\n|move|p2a: Altaria|Return|p1a: Clodsire\n|-resisted|p1a: Clodsire\n|-damage|p1a: Clodsire|81\/100\n|\n|-heal|p1a: Clodsire|87\/100|[from] item: Black Sludge\n|upkeep\n|turn|5\n|\n|t:|1700331775\n|move|p2a: Altaria|Earthquake|p1a: Clodsire\n|-supereffective|p1a: Clodsire\n|-damage|p1a: Clodsire|40\/100\n|move|p1a: Clodsire|Toxic|p2a: Altaria\n|-status|p2a: Altaria|tox\n|\n|-heal|p1a: Clodsire|46\/100|[from] item: Black Sludge\n|-damage|p2a: Altaria|31\/100 tox|[from] psn\n|upkeep\n|turn|6\n|\n|t:|1700331785\n|move|p2a: Altaria|Earthquake|p1a: Clodsire\n|-supereffective|p1a: Clodsire\n|-damage|p1a: Clodsire|3\/100\n|move|p1a: Clodsire|Recover|p1a: Clodsire\n|-heal|p1a: Clodsire|53\/100\n|\n|-heal|p1a: Clodsire|59\/100|[from] item: Black Sludge\n|-damage|p2a: Altaria|19\/100 tox|[from] psn\n|upkeep\n|turn|7\n|\n|t:|1700331798\n|move|p2a: Altaria|Earthquake|p1a: Clodsire\n|-supereffective|p1a: Clodsire\n|-damage|p1a: Clodsire|12\/100\n|move|p1a: Clodsire|Recover|p1a: Clodsire\n|-heal|p1a: Clodsire|62\/100\n|\n|-heal|p1a: Clodsire|68\/100|[from] item: Black Sludge\n|-damage|p2a: Altaria|0 fnt|[from] psn\n|faint|p2a: Altaria\n|upkeep\n|\n|t:|1700331801\n|switch|p2a: Dragonite|Dragonite, F|100\/100\n|turn|8\n|\n|t:|1700331813\n|move|p2a: Dragonite|Earthquake|p1a: Clodsire\n|-supereffective|p1a: Clodsire\n|-damage|p1a: Clodsire|0 fnt\n|faint|p1a: Clodsire\n|\n|upkeep\n|\n|t:|1700331821\n|switch|p1a: Gengar|Gengar, F|100\/100\n|turn|9\n|\n|t:|1700331827\n|move|p1a: Gengar|Dazzling Gleam|p2a: Dragonite\n|-supereffective|p2a: Dragonite\n|-damage|p2a: Dragonite|71\/100\n|move|p2a: Dragonite|Earthquake|p1a: Gengar\n|-supereffective|p1a: Gengar\n|-enditem|p1a: Gengar|Focus Sash\n|-damage|p1a: Gengar|1\/100\n|\n|upkeep\n|turn|10\n|\n|t:|1700331839\n|move|p1a: Gengar|Hidden Power|p2a: Dragonite\n|-supereffective|p2a: Dragonite\n|-damage|p2a: Dragonite|0 fnt\n|faint|p2a: Dragonite\n|\n|upkeep\n|\n|t:|1700331848\n|switch|p2a: Tyrantrum|Tyrantrum, M|100\/100\n|turn|11\n|\n|t:|1700331862\n|move|p2a: Tyrantrum|Outrage|p1a: Gengar\n|-damage|p1a: Gengar|0 fnt\n|faint|p1a: Gengar\n|\n|upkeep\n|\n|t:|1700331871\n|switch|p1a: Kyurem|Kyurem|100\/100\n|-ability|p1a: Kyurem|Pressure\n|turn|12\n|\n|t:|1700331876\n|move|p1a: Kyurem|Draco Meteor|p2a: Tyrantrum|[miss]\n|-miss|p1a: Kyurem|p2a: Tyrantrum\n|move|p2a: Tyrantrum|Outrage|p1a: Kyurem|[from]lockedmove\n|-supereffective|p1a: Kyurem\n|-damage|p1a: Kyurem|0 fnt\n|faint|p1a: Kyurem\n|-start|p2a: Tyrantrum|confusion|[fatigue]\n|\n|upkeep\n|c|\u2606IChangeMyNameAlot|oof\n|\n|t:|1700331890\n|switch|p1a: Weavile|Weavile, F|100\/100\n|-ability|p1a: Weavile|Pressure\n|turn|13\n|\n|t:|1700331914\n|-activate|p2a: Tyrantrum|confusion\n|move|p2a: Tyrantrum|Outrage|p1a: Weavile\n|-damage|p1a: Weavile|0 fnt\n|faint|p1a: Weavile\n|\n|upkeep\n|\n|t:|1700331920\n|switch|p1a: Lopunny|Lopunny-Mega, F|75\/100\n|turn|14\n|\n|t:|1700331933\n|move|p1a: Lopunny|Close Combat|p2a: Tyrantrum\n|-supereffective|p2a: Tyrantrum\n|-damage|p2a: Tyrantrum|0 fnt\n|-unboost|p1a: Lopunny|def|1\n|-unboost|p1a: Lopunny|spd|1\n|faint|p2a: Tyrantrum\n|\n|upkeep\n|\n|t:|1700331944\n|switch|p2a: Kommo-o|Kommo-o, F|100\/100\n|turn|15\n|\n|t:|1700331959\n|move|p1a: Lopunny|Ice Punch|p2a: Kommo-o\n|-supereffective|p2a: Kommo-o\n|-damage|p2a: Kommo-o|49\/100\n|move|p2a: Kommo-o|Drain Punch|p1a: Lopunny\n|-supereffective|p1a: Lopunny\n|-damage|p1a: Lopunny|0 fnt\n|-heal|p2a: Kommo-o|84\/100|[from] drain|[of] p1a: Lopunny\n|faint|p1a: Lopunny\n|\n|upkeep\n|c|\u2606IChangeMyNameAlot|Glhf!\n|\n|t:|1700331968\n|switch|p1a: Blissey|Blissey, F|100\/100\n|turn|16\n|c|\u2606IChangeMyNameAlot|I meant ggs\n|c|\u2606IChangeMyNameAlot|Damn my mind if fuzzy lmao\n|\n|t:|1700331976\n|move|p2a: Kommo-o|Clangorous Soul|p2a: Kommo-o\n|-boost|p2a: Kommo-o|atk|1\n|-boost|p2a: Kommo-o|def|1\n|-boost|p2a: Kommo-o|spa|1\n|-boost|p2a: Kommo-o|spd|1\n|-boost|p2a: Kommo-o|spe|1\n|-damage|p2a: Kommo-o|51\/100\n|-enditem|p2a: Kommo-o|Throat Spray\n|-boost|p2a: Kommo-o|spa|1|[from] item: Throat Spray\n|move|p1a: Blissey|Thunder Wave|p2a: Kommo-o\n|-status|p2a: Kommo-o|par\n|\n|upkeep\n|turn|17\n|\n|t:|1700331988\n|move|p2a: Kommo-o|Drain Punch|p1a: Blissey\n|-supereffective|p1a: Blissey\n|-damage|p1a: Blissey|0 fnt\n|-heal|p2a: Kommo-o|100\/100 par|[from] drain|[of] p1a: Blissey\n|faint|p1a: Blissey\n|\n|win|IChangeMyNameAlot\n","uploadtime":1700331995,"views":10,"p1id":"lptylez","p2id":"ichangemynamealot","formatid":"gen9nationaldex","rating":0,"private":0,"password":""}