{"id":"gen9nationaldex-1996001199","p1":"yoshipro62","p2":"powerme","format":"[Gen 9] National Dex","log":"|html|<div class=\"broadcast-blue\"><strong>[Gen 9] National Dex is currently suspecting Sneasler! For information on how to participate check out the <a href=\"https:\/\/www.smogon.com\/forums\/threads\/sv-national-dex-suspect-8-just-dance.3731534\/\">suspect thread<\/a>.<\/strong><\/div>\n|j|\u2606yoshipro62\n|j|\u2606powerme\n|t:|1700627619\n|gametype|singles\n|player|p1|yoshipro62|1|1303\n|player|p2|powerme|102|1367\n|teamsize|p1|6\n|teamsize|p2|6\n|gen|9\n|tier|[Gen 9] National Dex\n|rated|\n|rule|HP Percentage Mod: HP is shown in percentages\n|rule|Endless Battle Clause: Forcing endless battles is banned\n|rule|OHKO Clause: OHKO moves are banned\n|rule|Evasion Clause: Evasion abilities, items, and moves are banned\n|rule|Evasion Abilities Clause: Evasion abilities are banned\n|rule|Evasion Items Clause: Evasion items are banned\n|rule|Evasion Moves Clause: Evasion moves are banned\n|rule|Species Clause: Limit one of each Pok\u00e9mon\n|rule|Sleep Clause Mod: Limit one foe put to sleep\n|clearpoke\n|poke|p1|Kartana|\n|poke|p1|Lilligant-Hisui, F|\n|poke|p1|Ludicolo, F|\n|poke|p1|Serperior, F|\n|poke|p1|Arboliva, M|\n|poke|p1|Rillaboom, F|\n|poke|p2|Greninja-*, M|\n|poke|p2|Ogerpon-Wellspring, F|\n|poke|p2|Basculegion, M|\n|poke|p2|Pelipper, F|\n|poke|p2|Scizor, F|\n|poke|p2|Zapdos|\n|teampreview\n|inactive|Battle timer is ON: inactive players will automatically lose when time's up. (requested by powerme)\n|\n|t:|1700627661\n|start\n|switch|p1a: Arboliva|Arboliva, M|100\/100\n|switch|p2a: Pelipper|Pelipper, F|100\/100\n|-weather|RainDance|[from] ability: Drizzle|[of] p2a: Pelipper\n|turn|1\n|\n|t:|1700627672\n|move|p2a: Pelipper|Hurricane|p1a: Arboliva\n|-supereffective|p1a: Arboliva\n|-damage|p1a: Arboliva|25\/100\n|-fieldstart|move: Grassy Terrain|[from] ability: Seed Sower|[of] p1a: Arboliva\n|move|p1a: Arboliva|Strength Sap|p2a: Pelipper\n|-unboost|p2a: Pelipper|atk|1\n|-heal|p1a: Arboliva|59\/100\n|\n|-weather|RainDance|[upkeep]\n|-heal|p1a: Arboliva|65\/100|[from] Grassy Terrain\n|upkeep\n|turn|2\n|\n|t:|1700627688\n|move|p2a: Pelipper|U-turn|p1a: Arboliva\n|-supereffective|p1a: Arboliva\n|-damage|p1a: Arboliva|55\/100\n|-damage|p2a: Pelipper|84\/100|[from] item: Rocky Helmet|[of] p1a: Arboliva\n|\n|t:|1700627696\n|switch|p2a: Zapdos|Zapdos|100\/100|[from] U-turn\n|move|p1a: Arboliva|Giga Drain|p2a: Zapdos\n|-resisted|p2a: Zapdos\n|-damage|p2a: Zapdos|77\/100\n|-heal|p1a: Arboliva|66\/100|[from] drain|[of] p2a: Zapdos\n|\n|-weather|RainDance|[upkeep]\n|-heal|p1a: Arboliva|72\/100|[from] Grassy Terrain\n|upkeep\n|turn|3\n|\n|t:|1700627719\n|switch|p1a: Kartana|Kartana|100\/100\n|move|p2a: Zapdos|Hurricane|p1a: Kartana\n|-damage|p1a: Kartana|22\/100\n|\n|-weather|RainDance|[upkeep]\n|-heal|p1a: Kartana|28\/100|[from] Grassy Terrain\n|upkeep\n|turn|4\n|\n|t:|1700627731\n|move|p2a: Zapdos|Hurricane|p1a: Kartana\n|-damage|p1a: Kartana|0 fnt\n|faint|p1a: Kartana\n|\n|-weather|RainDance|[upkeep]\n|upkeep\n|\n|t:|1700627740\n|switch|p1a: Ludicolo|Ludicolo, F|100\/100\n|turn|5\n|\n|t:|1700627746\n|-terastallize|p1a: Ludicolo|Water\n|move|p1a: Ludicolo|Hydro Pump|p2a: Zapdos\n|-damage|p2a: Zapdos|0 fnt\n|faint|p2a: Zapdos\n|\n|-weather|RainDance|[upkeep]\n|-fieldend|move: Grassy Terrain\n|upkeep\n|\n|t:|1700627773\n|switch|p2a: Basculegion|Basculegion, M|100\/100\n|turn|6\n|\n|t:|1700627780\n|-terastallize|p2a: Basculegion|Water\n|move|p1a: Ludicolo|Giga Drain|p2a: Basculegion\n|-supereffective|p2a: Basculegion\n|-damage|p2a: Basculegion|27\/100\n|move|p2a: Basculegion|Wave Crash|p1a: Ludicolo\n|-resisted|p1a: Ludicolo\n|-crit|p1a: Ludicolo\n|-damage|p1a: Ludicolo|0 fnt\n|faint|p1a: Ludicolo\n|-damage|p2a: Basculegion|0 fnt|[from] Recoil\n|faint|p2a: Basculegion\n|\n|-weather|RainDance|[upkeep]\n|upkeep\n|inactive|powerme has 120 seconds left.\n|\n|t:|1700627801\n|switch|p1a: Arboliva|Arboliva, M|72\/100\n|switch|p2a: Greninja|Greninja, M|100\/100\n|turn|7\n|\n|t:|1700627810\n|move|p2a: Greninja|Ice Beam|p1a: Arboliva\n|-supereffective|p1a: Arboliva\n|-damage|p1a: Arboliva|16\/100\n|-status|p1a: Arboliva|frz\n|-fieldstart|move: Grassy Terrain|[from] ability: Seed Sower|[of] p1a: Arboliva\n|-damage|p2a: Greninja|91\/100|[from] item: Life Orb\n|-curestatus|p1a: Arboliva|frz|[msg]\n|move|p1a: Arboliva|Giga Drain|p2a: Greninja\n|-supereffective|p2a: Greninja\n|-damage|p2a: Greninja|0 fnt\n|-heal|p1a: Arboliva|52\/100|[from] drain|[of] p2a: Greninja\n|faint|p2a: Greninja\n|\n|-weather|RainDance|[upkeep]\n|-heal|p1a: Arboliva|58\/100|[from] Grassy Terrain\n|upkeep\n|inactive|powerme has 120 seconds left.\n|\n|t:|1700627823\n|switch|p2a: Pelipper|Pelipper, F|84\/100\n|turn|8\n|\n|t:|1700627837\n|move|p2a: Pelipper|Hurricane|p1a: Arboliva\n|-supereffective|p1a: Arboliva\n|-damage|p1a: Arboliva|0 fnt\n|faint|p1a: Arboliva\n|\n|-weather|none\n|upkeep\n|\n|t:|1700627850\n|switch|p1a: Serperior|Serperior, F|100\/100\n|turn|9\n|\n|t:|1700627864\n|move|p1a: Serperior|Leaf Storm|p2a: Pelipper\n|-damage|p2a: Pelipper|9\/100\n|-boost|p1a: Serperior|spa|2\n|move|p2a: Pelipper|Hurricane|p1a: Serperior\n|-supereffective|p1a: Serperior\n|-damage|p1a: Serperior|0 fnt\n|faint|p1a: Serperior\n|\n|upkeep\n|\n|t:|1700627871\n|switch|p1a: Rillaboom|Rillaboom, F|100\/100\n|turn|10\n|\n|t:|1700627877\n|switch|p2a: Scizor|Scizor, F|100\/100\n|move|p1a: Rillaboom|Grassy Glide|p2a: Scizor\n|-resisted|p2a: Scizor\n|-damage|p2a: Scizor|94\/100\n|\n|-heal|p2a: Scizor|99\/100|[from] Grassy Terrain\n|upkeep\n|turn|11\n|\n|t:|1700627887\n|move|p1a: Rillaboom|Knock Off|p2a: Scizor\n|-damage|p2a: Scizor|72\/100\n|-enditem|p2a: Scizor|Expert Belt|[from] move: Knock Off|[of] p1a: Rillaboom\n|move|p2a: Scizor|U-turn|p1a: Rillaboom\n|-supereffective|p1a: Rillaboom\n|-damage|p1a: Rillaboom|21\/100\n|\n|t:|1700627894\n|switch|p2a: Pelipper|Pelipper, F|9\/100|[from] U-turn\n|-weather|RainDance|[from] ability: Drizzle|[of] p2a: Pelipper\n|\n|-weather|RainDance|[upkeep]\n|-heal|p1a: Rillaboom|27\/100|[from] Grassy Terrain\n|-fieldend|move: Grassy Terrain\n|upkeep\n|turn|12\n|\n|t:|1700627911\n|switch|p2a: Scizor|Scizor, F|72\/100\n|move|p1a: Rillaboom|Knock Off|p2a: Scizor\n|-damage|p2a: Scizor|53\/100\n|\n|-weather|RainDance|[upkeep]\n|upkeep\n|turn|13\n|\n|t:|1700627917\n|move|p1a: Rillaboom|Drain Punch|p2a: Scizor\n|-damage|p2a: Scizor|32\/100\n|-heal|p1a: Rillaboom|37\/100|[from] drain|[of] p2a: Scizor\n|move|p2a: Scizor|U-turn|p1a: Rillaboom\n|-supereffective|p1a: Rillaboom\n|-damage|p1a: Rillaboom|0 fnt\n|faint|p1a: Rillaboom\n|\n|t:|1700627933\n|switch|p2a: Ogerpon|Ogerpon-Wellspring, F|100\/100|[from] U-turn\n|\n|-weather|RainDance|[upkeep]\n|upkeep\n|\n|t:|1700627939\n|switch|p1a: Lilligant|Lilligant-Hisui, F|100\/100\n|turn|14\n|\n|t:|1700627948\n|move|p2a: Ogerpon|Trailblaze|p1a: Lilligant\n|-resisted|p1a: Lilligant\n|-damage|p1a: Lilligant|77\/100\n|-boost|p2a: Ogerpon|spe|1\n|move|p1a: Lilligant|Victory Dance|p1a: Lilligant\n|-boost|p1a: Lilligant|atk|1\n|-boost|p1a: Lilligant|def|1\n|-boost|p1a: Lilligant|spe|1\n|\n|-weather|RainDance|[upkeep]\n|-heal|p1a: Lilligant|83\/100|[from] item: Leftovers\n|upkeep\n|turn|15\n|\n|t:|1700627958\n|move|p2a: Ogerpon|Encore|p1a: Lilligant\n|-start|p1a: Lilligant|Encore\n|move|p1a: Lilligant|Victory Dance|p1a: Lilligant\n|-boost|p1a: Lilligant|atk|1\n|-boost|p1a: Lilligant|def|1\n|-boost|p1a: Lilligant|spe|1\n|\n|-weather|RainDance|[upkeep]\n|-heal|p1a: Lilligant|89\/100|[from] item: Leftovers\n|upkeep\n|turn|16\n|\n|t:|1700627967\n|move|p1a: Lilligant|Victory Dance|p1a: Lilligant\n|-boost|p1a: Lilligant|atk|1\n|-boost|p1a: Lilligant|def|1\n|-boost|p1a: Lilligant|spe|1\n|move|p2a: Ogerpon|Ivy Cudgel|p1a: Lilligant|[anim] Ivy Cudgel Water\n|-resisted|p1a: Lilligant\n|-damage|p1a: Lilligant|61\/100\n|\n|-weather|RainDance|[upkeep]\n|-heal|p1a: Lilligant|67\/100|[from] item: Leftovers\n|upkeep\n|turn|17\n|\n|t:|1700627977\n|switch|p2a: Pelipper|Pelipper, F|9\/100\n|move|p1a: Lilligant|Victory Dance|p1a: Lilligant\n|-boost|p1a: Lilligant|atk|1\n|-boost|p1a: Lilligant|def|1\n|-boost|p1a: Lilligant|spe|1\n|\n|-weather|RainDance|[upkeep]\n|-heal|p1a: Lilligant|73\/100|[from] item: Leftovers\n|-end|p1a: Lilligant|Encore\n|upkeep\n|turn|18\n|\n|t:|1700627982\n|move|p1a: Lilligant|Aerial Ace|p2a: Pelipper\n|-damage|p2a: Pelipper|0 fnt\n|faint|p2a: Pelipper\n|\n|-weather|none\n|-heal|p1a: Lilligant|79\/100|[from] item: Leftovers\n|upkeep\n|-message|powerme forfeited.\n|\n|win|yoshipro62\n|raw|yoshipro62's rating: 1303 &rarr; <strong>1327<\/strong><br \/>(+24 for winning)\n|raw|powerme's rating: 1367 &rarr; <strong>1343<\/strong><br \/>(-24 for losing)\n|l|\u2606powerme\n","uploadtime":1700628031,"views":0,"p1id":"yoshipro62","p2id":"powerme","formatid":"gen9nationaldex","rating":1327,"private":0,"password":""}