{"id":"gen9nationaldex-1998005942","p1":"bubulangte","p2":"Elite Sabrina","format":"[Gen 9] National Dex","log":"|html|<div class=\"broadcast-blue\"><strong>[Gen 9] National Dex is currently suspecting Sneasler! For information on how to participate check out the <a href=\"https:\/\/www.smogon.com\/forums\/threads\/sv-national-dex-suspect-8-just-dance.3731534\/\">suspect thread<\/a>.<\/strong><\/div>\n|j|\u2606bubulangte\n|j|\u2606Elite Sabrina\n|t:|1700878045\n|gametype|singles\n|player|p1|bubulangte|clair|1713\n|player|p2|Elite Sabrina|sabrina-gen3|1881\n|teamsize|p1|6\n|teamsize|p2|6\n|gen|9\n|tier|[Gen 9] National Dex\n|rated|\n|rule|HP Percentage Mod: HP is shown in percentages\n|rule|Endless Battle Clause: Forcing endless battles is banned\n|rule|OHKO Clause: OHKO moves are banned\n|rule|Evasion Clause: Evasion abilities, items, and moves are banned\n|rule|Evasion Abilities Clause: Evasion abilities are banned\n|rule|Evasion Items Clause: Evasion items are banned\n|rule|Evasion Moves Clause: Evasion moves are banned\n|rule|Species Clause: Limit one of each Pok\u00e9mon\n|rule|Sleep Clause Mod: Limit one foe put to sleep\n|clearpoke\n|poke|p1|Ogerpon-Wellspring, F|\n|poke|p1|Scizor, F|\n|poke|p1|Tapu Lele|\n|poke|p1|Landorus-Therian, M|\n|poke|p1|Heatran, M|\n|poke|p1|Urshifu-*, M|\n|poke|p2|Gardevoir, F|\n|poke|p2|Ceruledge, F|\n|poke|p2|Breloom, F|\n|poke|p2|Latias, F|\n|poke|p2|Corviknight, F|\n|poke|p2|Clodsire, F|\n|teampreview\n|c|\u2606Elite Sabrina|gl hf\n|inactive|Battle timer is ON: inactive players will automatically lose when time's up. (requested by Elite Sabrina)\n|\n|t:|1700878055\n|start\n|switch|p1a: Landorus|Landorus-Therian, M|100\/100\n|switch|p2a: Breloom|Breloom, F|100\/100\n|-ability|p1a: Landorus|Intimidate|boost\n|-unboost|p2a: Breloom|atk|1\n|turn|1\n|\n|t:|1700878067\n|switch|p1a: Ogerpon|Ogerpon-Wellspring, F|100\/100\n|move|p2a: Breloom|Spore|p1a: Ogerpon\n|-immune|p1a: Ogerpon\n|\n|upkeep\n|turn|2\n|\n|t:|1700878072\n|switch|p1a: Landorus|Landorus-Therian, M|100\/100\n|-ability|p1a: Landorus|Intimidate|boost\n|-unboost|p2a: Breloom|atk|1\n|move|p2a: Breloom|Bullet Seed|p1a: Landorus\n|-damage|p1a: Landorus|93\/100\n|-crit|p1a: Landorus\n|-damage|p1a: Landorus|73\/100\n|-damage|p1a: Landorus|66\/100\n|-damage|p1a: Landorus|58\/100\n|-hitcount|p1a: Landorus|4\n|\n|upkeep\n|turn|3\n|j| Meditate Golisopod\n|\n|t:|1700878076\n|move|p2a: Breloom|Spore|p1a: Landorus\n|-status|p1a: Landorus|slp|[from] move: Spore\n|cant|p1a: Landorus|slp\n|\n|upkeep\n|turn|4\n|\n|t:|1700878084\n|move|p2a: Breloom|Bullet Seed|p1a: Landorus\n|-damage|p1a: Landorus|51\/100 slp\n|-damage|p1a: Landorus|44\/100 slp\n|-damage|p1a: Landorus|36\/100 slp\n|-damage|p1a: Landorus|30\/100 slp\n|-hitcount|p1a: Landorus|4\n|cant|p1a: Landorus|slp\n|\n|upkeep\n|turn|5\n|\n|t:|1700878087\n|move|p2a: Breloom|Bullet Seed|p1a: Landorus\n|-damage|p1a: Landorus|23\/100 slp\n|-damage|p1a: Landorus|16\/100 slp\n|-damage|p1a: Landorus|9\/100 slp\n|-damage|p1a: Landorus|2\/100 slp\n|-damage|p1a: Landorus|0 fnt\n|faint|p1a: Landorus\n|-hitcount|p1: Landorus|5\n|\n|upkeep\n|\n|t:|1700878093\n|switch|p1a: Scizor|Scizor, F|100\/100\n|turn|6\n|\n|t:|1700878096\n|switch|p2a: Corviknight|Corviknight, F, shiny|100\/100\n|-ability|p2a: Corviknight|Pressure\n|detailschange|p1a: Scizor|Scizor-Mega, F\n|-mega|p1a: Scizor|Scizor|Scizorite\n|move|p1a: Scizor|U-turn|p2a: Corviknight\n|-resisted|p2a: Corviknight\n|-damage|p2a: Corviknight|96\/100\n|-damage|p1a: Scizor|84\/100|[from] item: Rocky Helmet|[of] p2a: Corviknight\n|\n|t:|1700878100\n|switch|p1a: Heatran|Heatran, M|100\/100|[from] U-turn\n|\n|upkeep\n|turn|7\n|\n|t:|1700878104\n|switch|p2a: Clodsire|Clodsire, F|100\/100\n|move|p1a: Heatran|Magma Storm|p2a: Clodsire\n|-damage|p2a: Clodsire|77\/100\n|-activate|p2a: Clodsire|move: Magma Storm|[of] p1a: Heatran\n|\n|-heal|p2a: Clodsire|83\/100|[from] item: Leftovers\n|-damage|p2a: Clodsire|70\/100|[from] move: Magma Storm|[partiallytrapped]\n|upkeep\n|turn|8\n|\n|t:|1700878110\n|move|p1a: Heatran|Protect|p1a: Heatran\n|-singleturn|p1a: Heatran|Protect\n|move|p2a: Clodsire|Earthquake|p1a: Heatran\n|-activate|p1a: Heatran|move: Protect\n|\n|-heal|p2a: Clodsire|76\/100|[from] item: Leftovers\n|-damage|p2a: Clodsire|64\/100|[from] move: Magma Storm|[partiallytrapped]\n|upkeep\n|turn|9\n|\n|t:|1700878118\n|move|p1a: Heatran|Taunt|p2a: Clodsire\n|-start|p2a: Clodsire|move: Taunt\n|cant|p2a: Clodsire|move: Taunt|Recover\n|\n|-heal|p2a: Clodsire|70\/100|[from] item: Leftovers\n|-damage|p2a: Clodsire|58\/100|[from] move: Magma Storm|[partiallytrapped]\n|upkeep\n|turn|10\n|\n|t:|1700878122\n|move|p1a: Heatran|Protect|p1a: Heatran\n|-singleturn|p1a: Heatran|Protect\n|move|p2a: Clodsire|Earthquake|p1a: Heatran\n|-activate|p1a: Heatran|move: Protect\n|\n|-heal|p2a: Clodsire|64\/100|[from] item: Leftovers\n|-damage|p2a: Clodsire|51\/100|[from] move: Magma Storm|[partiallytrapped]\n|upkeep\n|turn|11\n|\n|t:|1700878140\n|switch|p1a: Tapu Lele|Tapu Lele|100\/100\n|-fieldstart|move: Psychic Terrain|[from] ability: Psychic Surge|[of] p1a: Tapu Lele\n|move|p2a: Clodsire|Earthquake|p1a: Tapu Lele\n|-damage|p1a: Tapu Lele|59\/100\n|\n|-heal|p2a: Clodsire|58\/100|[from] item: Leftovers\n|-end|p2a: Clodsire|Magma Storm|[partiallytrapped]\n|-end|p2a: Clodsire|move: Taunt\n|upkeep\n|turn|12\n|\n|t:|1700878146\n|switch|p2a: Corviknight|Corviknight, F, shiny|96\/100\n|-ability|p2a: Corviknight|Pressure\n|move|p1a: Tapu Lele|Psychic|p2a: Corviknight\n|-resisted|p2a: Corviknight\n|-damage|p2a: Corviknight|67\/100\n|-unboost|p2a: Corviknight|spd|1\n|\n|upkeep\n|turn|13\n|\n|t:|1700878149\n|-zpower|p1a: Tapu Lele\n|move|p1a: Tapu Lele|All-Out Pummeling|p2a: Corviknight|[zeffect]\n|-damage|p2a: Corviknight|0 fnt\n|faint|p2a: Corviknight\n|\n|upkeep\n|\n|t:|1700878158\n|switch|p2a: Ceruledge|Ceruledge, F, shiny|100\/100\n|turn|14\n|\n|t:|1700878166\n|move|p1a: Tapu Lele|Psychic|p2a: Ceruledge\n|-damage|p2a: Ceruledge|54\/100\n|move|p2a: Ceruledge|Poltergeist|p1a: Tapu Lele\n|-activate|p1a: Tapu Lele|move: Poltergeist|Fightinium Z\n|-supereffective|p1a: Tapu Lele\n|-damage|p1a: Tapu Lele|0 fnt\n|faint|p1a: Tapu Lele\n|\n|upkeep\n|\n|t:|1700878171\n|switch|p1a: Urshifu|Urshifu-Rapid-Strike, M|100\/100\n|turn|15\n|\n|t:|1700878176\n|switch|p2a: Clodsire|Clodsire, F|58\/100\n|move|p1a: Urshifu|Surging Strikes|p2a: Clodsire\n|-supereffective|p2a: Clodsire\n|-crit|p2a: Clodsire\n|-damage|p2a: Clodsire|8\/100\n|-supereffective|p2a: Clodsire\n|-crit|p2a: Clodsire\n|-damage|p2a: Clodsire|0 fnt\n|faint|p2a: Clodsire\n|-hitcount|p2: Clodsire|2\n|\n|-fieldend|move: Psychic Terrain\n|upkeep\n|\n|t:|1700878181\n|switch|p2a: Breloom|Breloom, F|100\/100\n|turn|16\n|\n|t:|1700878186\n|switch|p1a: Scizor|Scizor-Mega, F|84\/100\n|move|p2a: Breloom|Bullet Seed|p1a: Scizor\n|-resisted|p1a: Scizor\n|-crit|p1a: Scizor\n|-damage|p1a: Scizor|79\/100\n|-resisted|p1a: Scizor\n|-damage|p1a: Scizor|76\/100\n|-resisted|p1a: Scizor\n|-damage|p1a: Scizor|73\/100\n|-resisted|p1a: Scizor\n|-damage|p1a: Scizor|69\/100\n|-hitcount|p1a: Scizor|4\n|\n|upkeep\n|turn|17\n|\n|t:|1700878189\n|move|p1a: Scizor|Bullet Punch|p2a: Breloom\n|-damage|p2a: Breloom|52\/100\n|move|p2a: Breloom|Spore|p1a: Scizor\n|-status|p1a: Scizor|slp|[from] move: Spore\n|\n|upkeep\n|turn|18\n|\n|t:|1700878195\n|cant|p1a: Scizor|slp\n|move|p2a: Breloom|Close Combat|p1a: Scizor\n|-damage|p1a: Scizor|26\/100 slp\n|-unboost|p2a: Breloom|def|1\n|-unboost|p2a: Breloom|spd|1\n|\n|upkeep\n|turn|19\n|\n|t:|1700878200\n|switch|p2a: Ceruledge|Ceruledge, F, shiny|54\/100\n|cant|p1a: Scizor|slp\n|\n|upkeep\n|turn|20\n|\n|t:|1700878204\n|move|p2a: Ceruledge|Poltergeist|p1a: Scizor\n|-activate|p1a: Scizor|move: Poltergeist|Scizorite\n|-damage|p1a: Scizor|0 fnt\n|faint|p1a: Scizor\n|\n|upkeep\n|\n|t:|1700878207\n|switch|p1a: Urshifu|Urshifu-Rapid-Strike, M|100\/100\n|turn|21\n|\n|t:|1700878218\n|switch|p2a: Latias|Latias, F, shiny|100\/100\n|-terastallize|p1a: Urshifu|Water\n|move|p1a: Urshifu|Surging Strikes|p2a: Latias\n|-resisted|p2a: Latias\n|-crit|p2a: Latias\n|-damage|p2a: Latias|89\/100\n|-resisted|p2a: Latias\n|-crit|p2a: Latias\n|-damage|p2a: Latias|78\/100\n|-resisted|p2a: Latias\n|-crit|p2a: Latias\n|-damage|p2a: Latias|67\/100\n|-hitcount|p2a: Latias|3\n|\n|upkeep\n|turn|22\n|\n|t:|1700878221\n|detailschange|p2a: Latias|Latias-Mega, F, shiny\n|-mega|p2a: Latias|Latias|Latiasite\n|move|p1a: Urshifu|Surging Strikes|p2a: Latias\n|-resisted|p2a: Latias\n|-crit|p2a: Latias\n|-damage|p2a: Latias|58\/100\n|-resisted|p2a: Latias\n|-crit|p2a: Latias\n|-damage|p2a: Latias|48\/100\n|-resisted|p2a: Latias\n|-crit|p2a: Latias\n|-damage|p2a: Latias|37\/100\n|-hitcount|p2a: Latias|3\n|move|p2a: Latias|Roost|p2a: Latias\n|-heal|p2a: Latias|88\/100\n|-singleturn|p2a: Latias|move: Roost\n|\n|upkeep\n|turn|23\n|\n|t:|1700878226\n|switch|p1a: Heatran|Heatran, M|100\/100\n|move|p2a: Latias|Draco Meteor|p1a: Heatran\n|-resisted|p1a: Heatran\n|-damage|p1a: Heatran|78\/100\n|-unboost|p2a: Latias|spa|2\n|\n|-heal|p1a: Heatran|85\/100|[from] item: Leftovers\n|upkeep\n|turn|24\n|\n|t:|1700878230\n|switch|p2a: Ceruledge|Ceruledge, F, shiny|54\/100\n|move|p1a: Heatran|Magma Storm|p2a: Ceruledge\n|-start|p2a: Ceruledge|ability: Flash Fire\n|\n|-heal|p1a: Heatran|91\/100|[from] item: Leftovers\n|upkeep\n|turn|25\n|\n|t:|1700878236\n|move|p2a: Ceruledge|Poltergeist|p1a: Heatran|[miss]\n|-miss|p2a: Ceruledge|p1a: Heatran\n|move|p1a: Heatran|Earth Power|p2a: Ceruledge\n|-supereffective|p2a: Ceruledge\n|-damage|p2a: Ceruledge|13\/100\n|\n|-heal|p1a: Heatran|97\/100|[from] item: Leftovers\n|upkeep\n|turn|26\n|\n|t:|1700878239\n|move|p2a: Ceruledge|Poltergeist|p1a: Heatran\n|-activate|p1a: Heatran|move: Poltergeist|Leftovers\n|-damage|p1a: Heatran|56\/100\n|move|p1a: Heatran|Earth Power|p2a: Ceruledge\n|-supereffective|p2a: Ceruledge\n|-damage|p2a: Ceruledge|0 fnt\n|faint|p2a: Ceruledge\n|\n|-heal|p1a: Heatran|62\/100|[from] item: Leftovers\n|upkeep\n|j| xuxiansheng\n|\n|t:|1700878243\n|switch|p2a: Breloom|Breloom, F|52\/100\n|turn|27\n|\n|t:|1700878247\n|switch|p1a: Ogerpon|Ogerpon-Wellspring, F|100\/100\n|move|p2a: Breloom|Close Combat|p1a: Ogerpon\n|-damage|p1a: Ogerpon|23\/100\n|-unboost|p2a: Breloom|def|1\n|-unboost|p2a: Breloom|spd|1\n|\n|upkeep\n|turn|28\n|\n|t:|1700878253\n|move|p2a: Breloom|Mach Punch|p1a: Ogerpon\n|-crit|p1a: Ogerpon\n|-damage|p1a: Ogerpon|0 fnt\n|faint|p1a: Ogerpon\n|\n|upkeep\n|\n|t:|1700878255\n|switch|p1a: Urshifu|Urshifu-Rapid-Strike, M, tera:Water|100\/100\n|turn|29\n|\n|t:|1700878263\n|switch|p2a: Gardevoir|Gardevoir, F, shiny|100\/100\n|-ability|p2a: Gardevoir|Unseen Fist|[from] ability: Trace|[of] p1a: Urshifu\n|move|p1a: Urshifu|Ice Spinner|p2a: Gardevoir\n|-damage|p2a: Gardevoir|49\/100\n|\n|upkeep\n|turn|30\n|\n|t:|1700878284\n|move|p1a: Urshifu|Ice Spinner|p2a: Gardevoir\n|-damage|p2a: Gardevoir|0 fnt\n|faint|p2a: Gardevoir\n|\n|upkeep\n|\n|t:|1700878288\n|switch|p2a: Breloom|Breloom, F|52\/100\n|turn|31\n|\n|t:|1700878293\n|-terastallize|p2a: Breloom|Fighting\n|move|p1a: Urshifu|Ice Spinner|p2a: Breloom\n|-damage|p2a: Breloom|6\/100\n|move|p2a: Breloom|Spore|p1a: Urshifu\n|-status|p1a: Urshifu|slp|[from] move: Spore\n|\n|upkeep\n|turn|32\n|\n|t:|1700878297\n|cant|p1a: Urshifu|slp\n|move|p2a: Breloom|Bullet Seed|p1a: Urshifu\n|-supereffective|p1a: Urshifu\n|-damage|p1a: Urshifu|63\/100 slp\n|-supereffective|p1a: Urshifu\n|-damage|p1a: Urshifu|27\/100 slp\n|-supereffective|p1a: Urshifu\n|-damage|p1a: Urshifu|0 fnt\n|faint|p1a: Urshifu\n|-hitcount|p1: Urshifu|3\n|\n|upkeep\n|\n|t:|1700878299\n|switch|p1a: Heatran|Heatran, M|62\/100\n|turn|33\n|\n|t:|1700878303\n|move|p2a: Breloom|Spore|p1a: Heatran\n|-status|p1a: Heatran|slp|[from] move: Spore\n|cant|p1a: Heatran|slp\n|\n|-heal|p1a: Heatran|68\/100 slp|[from] item: Leftovers\n|upkeep\n|turn|34\n|\n|t:|1700878305\n|move|p2a: Breloom|Close Combat|p1a: Heatran\n|-supereffective|p1a: Heatran\n|-damage|p1a: Heatran|0 fnt\n|-unboost|p2a: Breloom|def|1\n|-unboost|p2a: Breloom|spd|1\n|faint|p1a: Heatran\n|\n|win|Elite Sabrina\n|raw|bubulangte's rating: 1713 &rarr; <strong>1702<\/strong><br \/>(-11 for losing)\n|raw|Elite Sabrina's rating: 1881 &rarr; <strong>1892<\/strong><br \/>(+11 for winning)\n|l|\u2606bubulangte\n|c|\u2606Elite Sabrina|gg\n","uploadtime":1700878313,"views":1,"p1id":"bubulangte","p2id":"elitesabrina","formatid":"gen9nationaldex","rating":1702,"private":0,"password":""}