{"id":"gen9nationaldex-1989287348","p1":"F 137","p2":"RandoTestAccount","format":"[Gen 9] National Dex","log":"|j|\u2606F 137\n|j|\u2606RandoTestAccount\n|t:|1699832137\n|gametype|singles\n|player|p1|F 137|169|1080\n|player|p2|RandoTestAccount|pokemonrangerf|1054\n|teamsize|p1|6\n|teamsize|p2|6\n|gen|9\n|tier|[Gen 9] National Dex\n|rated|\n|rule|HP Percentage Mod: HP is shown in percentages\n|rule|Endless Battle Clause: Forcing endless battles is banned\n|rule|OHKO Clause: OHKO moves are banned\n|rule|Evasion Clause: Evasion abilities, items, and moves are banned\n|rule|Evasion Abilities Clause: Evasion abilities are banned\n|rule|Evasion Items Clause: Evasion items are banned\n|rule|Evasion Moves Clause: Evasion moves are banned\n|rule|Species Clause: Limit one of each Pok\u00e9mon\n|rule|Sleep Clause Mod: Limit one foe put to sleep\n|clearpoke\n|poke|p1|Reuniclus, M|\n|poke|p1|Cofagrigus, F|\n|poke|p1|Conkeldurr, M|\n|poke|p1|Escavalier, M|\n|poke|p1|Roselia, M|\n|poke|p1|Alomomola, M|\n|poke|p2|Umbreon, F|\n|poke|p2|Excadrill, F|\n|poke|p2|Corviknight, F|\n|poke|p2|Tapu Fini|\n|poke|p2|Sableye, F|\n|poke|p2|Dragalge, F|\n|teampreview\n|inactive|Battle timer is ON: inactive players will automatically lose when time's up. (requested by RandoTestAccount)\n|\n|t:|1699832159\n|start\n|switch|p1a: Escavalier|Escavalier, M|100\/100\n|switch|p2a: Spectre of Emerald|Sableye, F, shiny|100\/100\n|turn|1\n|\n|t:|1699832165\n|move|p2a: Spectre of Emerald|Will-O-Wisp|p1a: Escavalier\n|-status|p1a: Escavalier|brn\n|move|p1a: Escavalier|Iron Head|p2a: Spectre of Emerald\n|-damage|p2a: Spectre of Emerald|67\/100\n|\n|-damage|p1a: Escavalier|94\/100 brn|[from] brn\n|upkeep\n|turn|2\n|\n|t:|1699832178\n|detailschange|p2a: Spectre of Emerald|Sableye-Mega, F, shiny\n|-mega|p2a: Spectre of Emerald|Sableye|Sablenite\n|move|p1a: Escavalier|Iron Head|p2a: Spectre of Emerald\n|-damage|p2a: Spectre of Emerald|43\/100\n|cant|p2a: Spectre of Emerald|flinch\n|\n|-damage|p1a: Escavalier|88\/100 brn|[from] brn\n|upkeep\n|turn|3\n|\n|t:|1699832185\n|move|p1a: Escavalier|Iron Head|p2a: Spectre of Emerald\n|-damage|p2a: Spectre of Emerald|19\/100\n|cant|p2a: Spectre of Emerald|flinch\n|\n|-damage|p1a: Escavalier|82\/100 brn|[from] brn\n|upkeep\n|turn|4\n|\n|t:|1699832201\n|switch|p2a: Ephialtes Keeper|Corviknight, F, shiny|100\/100\n|-ability|p2a: Ephialtes Keeper|Pressure\n|move|p1a: Escavalier|Iron Head|p2a: Ephialtes Keeper\n|-resisted|p2a: Ephialtes Keeper\n|-damage|p2a: Ephialtes Keeper|88\/100\n|-damage|p1a: Escavalier|66\/100 brn|[from] item: Rocky Helmet|[of] p2a: Ephialtes Keeper\n|\n|-damage|p1a: Escavalier|59\/100 brn|[from] brn\n|upkeep\n|turn|5\n|\n|t:|1699832220\n|switch|p1a: Alomomola|Alomomola, M|100\/100\n|move|p2a: Ephialtes Keeper|U-turn|p1a: Alomomola\n|-damage|p1a: Alomomola|93\/100\n|-enditem|p1a: Alomomola|Red Card|[of] p2a: Ephialtes Keeper\n|drag|p2a: Spectre of Emerald|Sableye-Mega, F, shiny|19\/100\n|\n|upkeep\n|turn|6\n|\n|t:|1699832231\n|move|p1a: Alomomola|Wish|p1a: Alomomola\n|move|p2a: Spectre of Emerald|Recover|p2a: Spectre of Emerald\n|-heal|p2a: Spectre of Emerald|69\/100\n|\n|upkeep\n|turn|7\n|\n|t:|1699832234\n|move|p1a: Alomomola|Flip Turn|p2a: Spectre of Emerald\n|-damage|p2a: Spectre of Emerald|58\/100\n|\n|t:|1699832246\n|switch|p1a: Cofagrigus|Cofagrigus, F|100\/100|[from] Flip Turn\n|move|p2a: Spectre of Emerald|Calm Mind|p2a: Spectre of Emerald\n|-boost|p2a: Spectre of Emerald|spa|1\n|-boost|p2a: Spectre of Emerald|spd|1\n|\n|upkeep\n|turn|8\n|\n|t:|1699832255\n|move|p2a: Spectre of Emerald|Calm Mind|p2a: Spectre of Emerald\n|-boost|p2a: Spectre of Emerald|spa|1\n|-boost|p2a: Spectre of Emerald|spd|1\n|move|p1a: Cofagrigus|Trick Room|p1a: Cofagrigus\n|-fieldstart|move: Trick Room|[of] p1a: Cofagrigus\n|\n|upkeep\n|turn|9\n|\n|t:|1699832263\n|move|p2a: Spectre of Emerald|Calm Mind|p2a: Spectre of Emerald\n|-boost|p2a: Spectre of Emerald|spa|1\n|-boost|p2a: Spectre of Emerald|spd|1\n|move|p1a: Cofagrigus|Hex|p2a: Spectre of Emerald\n|-damage|p2a: Spectre of Emerald|50\/100\n|\n|upkeep\n|turn|10\n|\n|t:|1699832274\n|switch|p1a: Conkeldurr|Conkeldurr, M|100\/100\n|move|p2a: Spectre of Emerald|Calm Mind|p2a: Spectre of Emerald\n|-boost|p2a: Spectre of Emerald|spa|1\n|-boost|p2a: Spectre of Emerald|spd|1\n|\n|-status|p1a: Conkeldurr|brn|[from] item: Flame Orb\n|upkeep\n|turn|11\n|\n|t:|1699832281\n|move|p2a: Spectre of Emerald|Recover|p2a: Spectre of Emerald\n|-heal|p2a: Spectre of Emerald|99\/100\n|move|p1a: Conkeldurr|Knock Off|p2a: Spectre of Emerald\n|-damage|p2a: Spectre of Emerald|71\/100\n|\n|-damage|p1a: Conkeldurr|94\/100 brn|[from] brn\n|upkeep\n|turn|12\n|\n|t:|1699832289\n|move|p2a: Spectre of Emerald|Dark Pulse|p1a: Conkeldurr\n|-resisted|p1a: Conkeldurr\n|-damage|p1a: Conkeldurr|56\/100 brn\n|move|p1a: Conkeldurr|Knock Off|p2a: Spectre of Emerald\n|-damage|p2a: Spectre of Emerald|43\/100\n|\n|-damage|p1a: Conkeldurr|50\/100 brn|[from] brn\n|-fieldend|move: Trick Room\n|upkeep\n|turn|13\n|\n|t:|1699832297\n|move|p1a: Conkeldurr|Knock Off|p2a: Spectre of Emerald\n|-damage|p2a: Spectre of Emerald|15\/100\n|move|p2a: Spectre of Emerald|Recover|p2a: Spectre of Emerald\n|-heal|p2a: Spectre of Emerald|65\/100\n|\n|-damage|p1a: Conkeldurr|43\/100 brn|[from] brn\n|upkeep\n|turn|14\n|\n|t:|1699832315\n|move|p1a: Conkeldurr|Knock Off|p2a: Spectre of Emerald\n|-damage|p2a: Spectre of Emerald|36\/100\n|move|p2a: Spectre of Emerald|Recover|p2a: Spectre of Emerald\n|-heal|p2a: Spectre of Emerald|86\/100\n|\n|-damage|p1a: Conkeldurr|37\/100 brn|[from] brn\n|upkeep\n|turn|15\n|\n|t:|1699832320\n|move|p1a: Conkeldurr|Knock Off|p2a: Spectre of Emerald\n|-damage|p2a: Spectre of Emerald|60\/100\n|move|p2a: Spectre of Emerald|Dark Pulse|p1a: Conkeldurr\n|-resisted|p1a: Conkeldurr\n|-damage|p1a: Conkeldurr|0 fnt\n|faint|p1a: Conkeldurr\n|\n|upkeep\n|\n|t:|1699832335\n|switch|p1a: Roselia|Roselia, M|100\/100\n|turn|16\n|\n|t:|1699832341\n|move|p1a: Roselia|Aromatherapy|p1a: Roselia\n|-activate|p1a: Roselia|move: Aromatherapy\n|-curestatus|p1: Escavalier|brn|[msg]\n|move|p2a: Spectre of Emerald|Recover|p2a: Spectre of Emerald\n|-heal|p2a: Spectre of Emerald|100\/100\n|\n|upkeep\n|turn|17\n|\n|t:|1699832349\n|move|p1a: Roselia|Leaf Storm|p2a: Spectre of Emerald\n|-damage|p2a: Spectre of Emerald|84\/100\n|-unboost|p1a: Roselia|spa|2\n|move|p2a: Spectre of Emerald|Calm Mind|p2a: Spectre of Emerald\n|-boost|p2a: Spectre of Emerald|spa|1\n|-boost|p2a: Spectre of Emerald|spd|1\n|\n|upkeep\n|turn|18\n|\n|t:|1699832371\n|switch|p1a: Cofagrigus|Cofagrigus, F|100\/100\n|move|p2a: Spectre of Emerald|Calm Mind|p2a: Spectre of Emerald\n|-boost|p2a: Spectre of Emerald|spa|1\n|-boost|p2a: Spectre of Emerald|spd|1\n|\n|upkeep\n|turn|19\n|\n|t:|1699832375\n|move|p2a: Spectre of Emerald|Dark Pulse|p1a: Cofagrigus\n|-supereffective|p1a: Cofagrigus\n|-damage|p1a: Cofagrigus|0 fnt\n|faint|p1a: Cofagrigus\n|\n|upkeep\n|c|\u2606F 137|gg\n|-message|F 137 forfeited.\n|\n|win|RandoTestAccount\n|raw|F 137's rating: 1080 &rarr; <strong>1059<\/strong><br \/>(-21 for losing)\n|raw|RandoTestAccount's rating: 1097 &rarr; <strong>1121<\/strong><br \/>(+24 for winning)\n|l|\u2606F 137\n","uploadtime":1699832400,"views":4,"p1id":"f137","p2id":"randotestaccount","formatid":"gen9nationaldex","rating":1059,"private":0,"password":""}