{"id":"gen9nationaldex-1999290579","p1":"ellim","p2":"TurBillongsly","format":"[Gen 9] National Dex","log":"|html|<div class=\"broadcast-blue\"><strong>[Gen 9] National Dex is currently suspecting Sneasler! For information on how to participate check out the <a href=\"https:\/\/www.smogon.com\/forums\/threads\/sv-national-dex-suspect-8-just-dance.3731534\/\">suspect thread<\/a>.<\/strong><\/div>\n|j|\u2606ellim\n|j|\u2606TurBillongsly\n|t:|1701055755\n|gametype|singles\n|player|p1|ellim|iono|\n|player|p2|TurBillongsly|clown|\n|teamsize|p1|6\n|teamsize|p2|6\n|gen|9\n|tier|[Gen 9] National Dex\n|rule|HP Percentage Mod: HP is shown in percentages\n|rule|Endless Battle Clause: Forcing endless battles is banned\n|rule|OHKO Clause: OHKO moves are banned\n|rule|Evasion Clause: Evasion abilities, items, and moves are banned\n|rule|Evasion Abilities Clause: Evasion abilities are banned\n|rule|Evasion Items Clause: Evasion items are banned\n|rule|Evasion Moves Clause: Evasion moves are banned\n|rule|Species Clause: Limit one of each Pok\u00e9mon\n|rule|Sleep Clause Mod: Limit one foe put to sleep\n|clearpoke\n|poke|p1|Altaria, F|\n|poke|p1|Ninetales-Alola, F|\n|poke|p1|Ditto|\n|poke|p1|Corsola-Galar, F|\n|poke|p1|Seismitoad, F|\n|poke|p1|Wishiwashi, F|\n|poke|p2|Aggron, F|\n|poke|p2|Perrserker, M|\n|poke|p2|Sirfetch\u2019d, M|\n|poke|p2|Guzzlord|\n|poke|p2|Bronzong|\n|poke|p2|Gardevoir, M|\n|teampreview\n|\n|t:|1701055774\n|start\n|switch|p1a: mars|Corsola-Galar, F|100\/100\n|switch|p2a: Bard|Bronzong|100\/100\n|turn|1\n|\n|t:|1701055785\n|move|p1a: mars|Curse|p2a: Bard\n|-start|p2a: Bard|Curse|[of] p1a: mars\n|-damage|p1a: mars|50\/100\n|move|p2a: Bard|Reflect|p2a: Bard\n|-sidestart|p2: TurBillongsly|Reflect\n|\n|-damage|p2a: Bard|76\/100|[from] Curse\n|upkeep\n|turn|2\n|\n|t:|1701055795\n|move|p1a: mars|Strength Sap|p2a: Bard\n|-unboost|p2a: Bard|atk|1\n|-heal|p1a: mars|100\/100\n|move|p2a: Bard|Light Screen|p2a: Bard\n|-sidestart|p2: TurBillongsly|move: Light Screen\n|\n|-damage|p2a: Bard|51\/100|[from] Curse\n|upkeep\n|turn|3\n|\n|t:|1701055810\n|move|p1a: mars|Stealth Rock|p2a: Bard\n|-sidestart|p2: TurBillongsly|move: Stealth Rock\n|move|p2a: Bard|Trick Room|p2a: Bard\n|-fieldstart|move: Trick Room|[of] p2a: Bard\n|\n|-damage|p2a: Bard|26\/100|[from] Curse\n|upkeep\n|turn|4\n|\n|t:|1701055819\n|switch|p2a: Barbarian|Perrserker, M|100\/100\n|-damage|p2a: Barbarian|94\/100|[from] Stealth Rock\n|move|p1a: mars|Stealth Rock||[still]\n|-fail|p1a: mars\n|\n|upkeep\n|turn|5\n|\n|t:|1701055828\n|move|p2a: Barbarian|Knock Off|p1a: mars\n|-supereffective|p1a: mars\n|-damage|p1a: mars|36\/100\n|-enditem|p1a: mars|Eviolite|[from] move: Knock Off|[of] p2a: Barbarian\n|move|p1a: mars|Will-O-Wisp|p2a: Barbarian\n|-status|p2a: Barbarian|brn\n|\n|-damage|p2a: Barbarian|88\/100 brn|[from] brn\n|upkeep\n|turn|6\n|\n|t:|1701055839\n|move|p2a: Barbarian|Knock Off|p1a: mars\n|-supereffective|p1a: mars\n|-damage|p1a: mars|1\/100\n|move|p1a: mars|Strength Sap|p2a: Barbarian\n|-unboost|p2a: Barbarian|atk|1\n|-heal|p1a: mars|100\/100\n|\n|-damage|p2a: Barbarian|82\/100 brn|[from] brn\n|upkeep\n|turn|7\n|\n|t:|1701055852\n|move|p2a: Barbarian|Knock Off|p1a: mars\n|-supereffective|p1a: mars\n|-damage|p1a: mars|76\/100\n|move|p1a: mars|Strength Sap|p2a: Barbarian\n|-unboost|p2a: Barbarian|atk|1\n|-heal|p1a: mars|100\/100\n|\n|-damage|p2a: Barbarian|76\/100 brn|[from] brn\n|-fieldend|move: Trick Room\n|upkeep\n|turn|8\n|\n|t:|1701055867\n|switch|p2a: Fighter|Sirfetch\u2019d, M|100\/100\n|-damage|p2a: Fighter|94\/100|[from] Stealth Rock\n|move|p1a: mars|Curse|p2a: Fighter\n|-start|p2a: Fighter|Curse|[of] p1a: mars\n|-damage|p1a: mars|50\/100\n|\n|-damage|p2a: Fighter|70\/100|[from] Curse\n|-sideend|p2: TurBillongsly|Reflect\n|upkeep\n|turn|9\n|\n|t:|1701055880\n|move|p2a: Fighter|Leaf Blade|p1a: mars\n|-crit|p1a: mars\n|-damage|p1a: mars|0 fnt\n|faint|p1a: mars\n|\n|-damage|p2a: Fighter|45\/100|[from] Curse\n|-sideend|p2: TurBillongsly|move: Light Screen\n|upkeep\n|\n|t:|1701055898\n|switch|p1a: bowie|Altaria, F|100\/100\n|turn|10\n|\n|t:|1701055916\n|switch|p2a: Cleric|Gardevoir, M|100\/100\n|-damage|p2a: Cleric|88\/100|[from] Stealth Rock\n|detailschange|p1a: bowie|Altaria-Mega, F\n|-mega|p1a: bowie|Altaria|Altarianite\n|move|p1a: bowie|Dragon Dance|p1a: bowie\n|-boost|p1a: bowie|atk|1\n|-boost|p1a: bowie|spe|1\n|\n|upkeep\n|turn|11\n|\n|t:|1701055949\n|move|p1a: bowie|Return|p2a: Cleric\n|-damage|p2a: Cleric|0 fnt\n|faint|p2a: Cleric\n|\n|upkeep\n|\n|t:|1701055956\n|switch|p2a: Paladin|Aggron, F|100\/100\n|-damage|p2a: Paladin|94\/100|[from] Stealth Rock\n|turn|12\n|\n|t:|1701055962\n|detailschange|p2a: Paladin|Aggron-Mega, F\n|-mega|p2a: Paladin|Aggron|Aggronite\n|move|p1a: bowie|Earthquake|p2a: Paladin\n|-supereffective|p2a: Paladin\n|-damage|p2a: Paladin|61\/100\n|move|p2a: Paladin|Heavy Slam|p1a: bowie\n|-supereffective|p1a: bowie\n|-damage|p1a: bowie|0 fnt\n|faint|p1a: bowie\n|\n|upkeep\n|\n|t:|1701055984\n|switch|p1a: major tom|Wishiwashi, F|100\/100\n|-formechange|p1a: major tom|Wishiwashi-School||[from] ability: Schooling\n|turn|13\n|\n|t:|1701056022\n|move|p1a: major tom|Earthquake|p2a: Paladin\n|-supereffective|p2a: Paladin\n|-damage|p2a: Paladin|21\/100\n|move|p2a: Paladin|Roar|p1a: major tom\n|drag|p1a: jareth|Ditto, shiny|100\/100\n|-transform|p1a: jareth|p2a: Paladin|[from] ability: Imposter\n|\n|upkeep\n|turn|14\n|\n|t:|1701056033\n|move|p1a: jareth|Heavy Slam|p2a: Paladin\n|-resisted|p2a: Paladin\n|-damage|p2a: Paladin|15\/100\n|move|p2a: Paladin|Roar|p1a: jareth\n|drag|p1a: lazarus|Ninetales-Alola, F|100\/100\n|-weather|Snow|[from] ability: Snow Warning|[of] p1a: lazarus\n|\n|-weather|Snow|[upkeep]\n|upkeep\n|turn|15\n|\n|t:|1701056054\n|move|p1a: lazarus|Encore|p2a: Paladin\n|-start|p2a: Paladin|Encore\n|move|p2a: Paladin|Roar|p1a: lazarus\n|drag|p1a: major tom|Wishiwashi, F|100\/100\n|-formechange|p1a: major tom|Wishiwashi-School||[from] ability: Schooling\n|\n|-weather|Snow|[upkeep]\n|upkeep\n|turn|16\n|\n|t:|1701056065\n|move|p1a: major tom|Earthquake|p2a: Paladin\n|-supereffective|p2a: Paladin\n|-damage|p2a: Paladin|0 fnt\n|faint|p2a: Paladin\n|\n|-weather|Snow|[upkeep]\n|upkeep\n|\n|t:|1701056076\n|switch|p2a: Fighter|Sirfetch\u2019d, M|45\/100\n|-damage|p2a: Fighter|39\/100|[from] Stealth Rock\n|turn|17\n|\n|t:|1701056081\n|move|p2a: Fighter|Leaf Blade|p1a: major tom\n|-supereffective|p1a: major tom\n|-crit|p1a: major tom\n|-damage|p1a: major tom|0 fnt\n|faint|p1a: major tom\n|\n|-weather|Snow|[upkeep]\n|upkeep\n|\n|t:|1701056107\n|switch|p1a: lazarus|Ninetales-Alola, F|100\/100\n|turn|18\n|\n|t:|1701056127\n|switch|p2a: Barbarian|Perrserker, M|76\/100 brn\n|-damage|p2a: Barbarian|70\/100 brn|[from] Stealth Rock\n|move|p1a: lazarus|Moonblast|p2a: Barbarian\n|-resisted|p2a: Barbarian\n|-damage|p2a: Barbarian|49\/100 brn\n|-unboost|p2a: Barbarian|spa|1\n|\n|-weather|none\n|-damage|p2a: Barbarian|43\/100 brn|[from] brn\n|upkeep\n|turn|19\n|\n|t:|1701056146\n|switch|p1a: newton|Seismitoad, F|100\/100\n|move|p2a: Barbarian|Gyro Ball|p1a: newton\n|-resisted|p1a: newton\n|-damage|p1a: newton|84\/100\n|\n|-heal|p1a: newton|90\/100|[from] item: Leftovers\n|-damage|p2a: Barbarian|37\/100 brn|[from] brn\n|upkeep\n|turn|20\n|\n|t:|1701056177\n|switch|p2a: Warlock|Guzzlord|100\/100\n|move|p1a: newton|Power Whip|p2a: Warlock\n|-resisted|p2a: Warlock\n|-damage|p2a: Warlock|84\/100\n|\n|-heal|p1a: newton|97\/100|[from] item: Leftovers\n|upkeep\n|turn|21\n|\n|t:|1701056200\n|move|p1a: newton|Toxic|p2a: Warlock\n|-status|p2a: Warlock|tox\n|move|p2a: Warlock|Dark Pulse|p1a: newton\n|-damage|p1a: newton|62\/100\n|\n|-heal|p1a: newton|68\/100|[from] item: Leftovers\n|-damage|p2a: Warlock|78\/100 tox|[from] psn\n|upkeep\n|turn|22\n|\n|t:|1701056226\n|move|p1a: newton|Knock Off|p2a: Warlock\n|-resisted|p2a: Warlock\n|-damage|p2a: Warlock|66\/100 tox\n|-enditem|p2a: Warlock|Heavy-Duty Boots|[from] move: Knock Off|[of] p1a: newton\n|move|p2a: Warlock|Dragon Pulse|p1a: newton\n|-damage|p1a: newton|32\/100\n|\n|-heal|p1a: newton|38\/100|[from] item: Leftovers\n|-damage|p2a: Warlock|54\/100 tox|[from] psn\n|upkeep\n|turn|23\n|\n|t:|1701056237\n|switch|p1a: lazarus|Ninetales-Alola, F|100\/100\n|-weather|Snow|[from] ability: Snow Warning|[of] p1a: lazarus\n|move|p2a: Warlock|Dragon Pulse|p1a: lazarus\n|-immune|p1a: lazarus\n|\n|-weather|Snow|[upkeep]\n|-damage|p2a: Warlock|35\/100 tox|[from] psn\n|upkeep\n|turn|24\n|\n|t:|1701056266\n|switch|p2a: Bard|Bronzong|26\/100\n|-damage|p2a: Bard|20\/100|[from] Stealth Rock\n|move|p1a: lazarus|Aurora Veil|p1a: lazarus\n|-sidestart|p1: ellim|move: Aurora Veil\n|\n|-weather|Snow|[upkeep]\n|upkeep\n|turn|25\n|\n|t:|1701056279\n|move|p1a: lazarus|Freeze-Dry|p2a: Bard\n|-resisted|p2a: Bard\n|-damage|p2a: Bard|14\/100\n|move|p2a: Bard|Light Screen|p2a: Bard\n|-sidestart|p2: TurBillongsly|move: Light Screen\n|\n|-weather|Snow|[upkeep]\n|upkeep\n|turn|26\n|\n|t:|1701056289\n|move|p1a: lazarus|Freeze-Dry|p2a: Bard\n|-resisted|p2a: Bard\n|-damage|p2a: Bard|10\/100\n|move|p2a: Bard|Reflect|p2a: Bard\n|-sidestart|p2: TurBillongsly|Reflect\n|\n|-weather|Snow|[upkeep]\n|upkeep\n|turn|27\n|\n|t:|1701056299\n|move|p1a: lazarus|Freeze-Dry|p2a: Bard\n|-resisted|p2a: Bard\n|-damage|p2a: Bard|7\/100\n|move|p2a: Bard|Trick Room|p2a: Bard\n|-fieldstart|move: Trick Room|[of] p2a: Bard\n|\n|-weather|none\n|upkeep\n|turn|28\n|\n|t:|1701056311\n|move|p2a: Bard|Stealth Rock|p1a: lazarus\n|-sidestart|p1: ellim|move: Stealth Rock\n|move|p1a: lazarus|Freeze-Dry|p2a: Bard\n|-resisted|p2a: Bard\n|-damage|p2a: Bard|3\/100\n|\n|upkeep\n|turn|29\n|\n|t:|1701056327\n|switch|p2a: Barbarian|Perrserker, M|37\/100 brn\n|-damage|p2a: Barbarian|31\/100 brn|[from] Stealth Rock\n|move|p1a: lazarus|Encore||[still]\n|-fail|p1a: lazarus\n|\n|-damage|p2a: Barbarian|24\/100 brn|[from] brn\n|upkeep\n|turn|30\n|\n|t:|1701056336\n|switch|p1a: newton|Seismitoad, F|38\/100\n|-damage|p1a: newton|32\/100|[from] Stealth Rock\n|move|p2a: Barbarian|Gyro Ball|p1a: newton\n|-resisted|p1a: newton\n|-crit|p1a: newton\n|-damage|p1a: newton|8\/100\n|\n|-heal|p1a: newton|14\/100|[from] item: Leftovers\n|-damage|p2a: Barbarian|18\/100 brn|[from] brn\n|upkeep\n|turn|31\n|\n|t:|1701056350\n|move|p2a: Barbarian|Gyro Ball|p1a: newton\n|-resisted|p1a: newton\n|-damage|p1a: newton|6\/100\n|move|p1a: newton|Knock Off|p2a: Barbarian\n|-damage|p2a: Barbarian|4\/100 brn\n|-enditem|p2a: Barbarian|Choice Band|[from] move: Knock Off|[of] p1a: newton\n|\n|-heal|p1a: newton|12\/100|[from] item: Leftovers\n|-damage|p2a: Barbarian|0 fnt|[from] brn\n|faint|p2a: Barbarian\n|-sideend|p1: ellim|move: Aurora Veil\n|-fieldend|move: Trick Room\n|upkeep\n|\n|t:|1701056375\n|switch|p2a: Warlock|Guzzlord|35\/100 tox\n|-damage|p2a: Warlock|23\/100 tox|[from] Stealth Rock\n|turn|32\n|\n|t:|1701056386\n|move|p1a: newton|Knock Off|p2a: Warlock\n|-resisted|p2a: Warlock\n|-damage|p2a: Warlock|18\/100 tox\n|move|p2a: Warlock|Heat Wave|p1a: newton\n|-resisted|p1a: newton\n|-damage|p1a: newton|0 fnt\n|faint|p1a: newton\n|-ability|p2a: Warlock|Beast Boost|boost\n|-boost|p2a: Warlock|spa|1\n|\n|-damage|p2a: Warlock|12\/100 tox|[from] psn\n|-sideend|p2: TurBillongsly|move: Light Screen\n|upkeep\n|\n|t:|1701056396\n|switch|p1a: jareth|Ditto, shiny|100\/100\n|-damage|p1a: jareth|88\/100|[from] Stealth Rock\n|-transform|p1a: jareth|p2a: Warlock|[from] ability: Imposter\n|turn|33\n|\n|t:|1701056421\n|move|p1a: jareth|Dark Pulse|p2a: Warlock\n|-resisted|p2a: Warlock\n|-damage|p2a: Warlock|0 fnt\n|faint|p2a: Warlock\n|-ability|p1a: jareth|Beast Boost|boost\n|-boost|p1a: jareth|spa|1\n|\n|-sideend|p2: TurBillongsly|Reflect\n|upkeep\n|\n|t:|1701056430\n|switch|p2a: Fighter|Sirfetch\u2019d, M|39\/100\n|-damage|p2a: Fighter|33\/100|[from] Stealth Rock\n|turn|34\n|\n|t:|1701056436\n|move|p2a: Fighter|Brick Break|p1a: jareth\n|-supereffective|p1a: jareth\n|-crit|p1a: jareth\n|-damage|p1a: jareth|0 fnt\n|faint|p1a: jareth\n|\n|upkeep\n|\n|t:|1701056440\n|switch|p1a: lazarus|Ninetales-Alola, F|100\/100\n|-damage|p1a: lazarus|76\/100|[from] Stealth Rock\n|-weather|Snow|[from] ability: Snow Warning|[of] p1a: lazarus\n|turn|35\n|\n|t:|1701056457\n|move|p1a: lazarus|Moonblast|p2a: Fighter\n|-supereffective|p2a: Fighter\n|-damage|p2a: Fighter|0 fnt\n|faint|p2a: Fighter\n|\n|-weather|Snow|[upkeep]\n|upkeep\n|\n|t:|1701056463\n|switch|p2a: Bard|Bronzong|3\/100\n|-damage|p2a: Bard|0 fnt|[from] Stealth Rock\n|faint|p2a: Bard\n|\n|win|ellim\n","uploadtime":1701056471,"views":32,"p1id":"ellim","p2id":"turbillongsly","formatid":"gen9nationaldex","rating":0,"private":0,"password":""}