{"id":"gen9nationaldex-1993128430","p1":"221savage","p2":"xiaocaca","format":"[Gen 9] National Dex","log":"|j|\u2606221savage\n|j|\u2606xiaocaca\n|t:|1700268109\n|gametype|singles\n|player|p1|221savage|169|1330\n|player|p2|xiaocaca|misty|1321\n|teamsize|p1|6\n|teamsize|p2|6\n|gen|9\n|tier|[Gen 9] National Dex\n|rated|\n|rule|HP Percentage Mod: HP is shown in percentages\n|rule|Endless Battle Clause: Forcing endless battles is banned\n|rule|OHKO Clause: OHKO moves are banned\n|rule|Evasion Clause: Evasion abilities, items, and moves are banned\n|rule|Evasion Abilities Clause: Evasion abilities are banned\n|rule|Evasion Items Clause: Evasion items are banned\n|rule|Evasion Moves Clause: Evasion moves are banned\n|rule|Species Clause: Limit one of each Pok\u00e9mon\n|rule|Sleep Clause Mod: Limit one foe put to sleep\n|clearpoke\n|poke|p1|Blastoise, F|\n|poke|p1|Banette, M|\n|poke|p1|Machamp, F|\n|poke|p1|Darmanitan, F|\n|poke|p1|Tsareena, F|\n|poke|p1|Toxtricity, M|\n|poke|p2|Garchomp, F|\n|poke|p2|Charizard, M|\n|poke|p2|Venusaur, F|\n|poke|p2|Torkoal, F|\n|poke|p2|Blaziken, F|\n|poke|p2|Greninja-*, M|\n|teampreview\n|\n|t:|1700268116\n|start\n|switch|p1a: Blastoise|Blastoise, F|100\/100\n|switch|p2a: Greninja|Greninja, M|100\/100\n|turn|1\n|\n|t:|1700268123\n|move|p2a: Greninja|Grass Knot|p1a: Blastoise\n|-start|p2a: Greninja|typechange|Grass|[from] ability: Protean\n|-supereffective|p1a: Blastoise\n|-damage|p1a: Blastoise|0 fnt\n|faint|p1a: Blastoise\n|\n|upkeep\n|\n|t:|1700268133\n|switch|p1a: Toxtricity|Toxtricity, M|100\/100\n|turn|2\n|\n|t:|1700268145\n|switch|p2a: Garchomp|Garchomp, F, shiny|100\/100\n|-terastallize|p1a: Toxtricity|Normal\n|move|p1a: Toxtricity|Boomburst|p2a: Garchomp\n|-damage|p2a: Garchomp|0 fnt\n|faint|p2a: Garchomp\n|\n|upkeep\n|\n|t:|1700268155\n|switch|p2a: Greninja|Greninja, M|100\/100\n|turn|3\n|\n|t:|1700268161\n|-terastallize|p2a: Greninja|Water\n|move|p2a: Greninja|Hydro Pump|p1a: Toxtricity\n|-damage|p1a: Toxtricity|0 fnt\n|faint|p1a: Toxtricity\n|\n|upkeep\n|\n|t:|1700268166\n|switch|p1a: Tsareena|Tsareena, F|100\/100\n|turn|4\n|\n|t:|1700268175\n|switch|p2a: Blaziken|Blaziken, F|100\/100\n|switch|p1a: Machamp|Machamp, F|100\/100\n|\n|upkeep\n|turn|5\n|\n|t:|1700268180\n|move|p2a: Blaziken|Bulk Up|p2a: Blaziken\n|-boost|p2a: Blaziken|atk|1\n|-boost|p2a: Blaziken|def|1\n|move|p1a: Machamp|Dynamic Punch|p2a: Blaziken\n|-damage|p2a: Blaziken|22\/100\n|-start|p2a: Blaziken|confusion\n|-damage|p1a: Machamp|91\/100|[from] item: Life Orb\n|\n|-ability|p2a: Blaziken|Speed Boost|boost\n|-boost|p2a: Blaziken|spe|1\n|upkeep\n|turn|6\n|\n|t:|1700268189\n|-activate|p2a: Blaziken|confusion\n|move|p2a: Blaziken|Flare Blitz|p1a: Machamp\n|-damage|p1a: Machamp|0 fnt\n|faint|p1a: Machamp\n|-damage|p2a: Blaziken|0 fnt|[from] Recoil\n|faint|p2a: Blaziken\n|\n|upkeep\n|\n|t:|1700268201\n|switch|p2a: Greninja|Greninja, M, tera:Water|100\/100\n|switch|p1a: Darmanitan|Darmanitan, F|100\/100\n|turn|7\n|\n|t:|1700268207\n|move|p1a: Darmanitan|Superpower|p2a: Greninja\n|-damage|p2a: Greninja|17\/100\n|-unboost|p1a: Darmanitan|atk|1\n|-unboost|p1a: Darmanitan|def|1\n|move|p2a: Greninja|Hydro Pump|p1a: Darmanitan|[miss]\n|-miss|p2a: Greninja|p1a: Darmanitan\n|\n|upkeep\n|turn|8\n|\n|t:|1700268216\n|switch|p2a: Torkoal|Torkoal, F, shiny|100\/100\n|-weather|SunnyDay|[from] ability: Drought|[of] p2a: Torkoal\n|move|p1a: Darmanitan|Superpower|p2a: Torkoal\n|-damage|p2a: Torkoal|80\/100\n|-unboost|p1a: Darmanitan|atk|1\n|-unboost|p1a: Darmanitan|def|1\n|\n|-weather|SunnyDay|[upkeep]\n|upkeep\n|turn|9\n|\n|t:|1700268223\n|switch|p1a: Tsareena|Tsareena, F|100\/100\n|move|p2a: Torkoal|Toxic|p1a: Tsareena\n|-immune|p1a: Tsareena|[from] ability: Leaf Guard\n|\n|-weather|SunnyDay|[upkeep]\n|upkeep\n|turn|10\n|\n|t:|1700268236\n|move|p1a: Tsareena|High Jump Kick|p2a: Torkoal\n|-damage|p2a: Torkoal|55\/100\n|move|p2a: Torkoal|Eruption|p1a: Tsareena\n|-supereffective|p1a: Tsareena\n|-damage|p1a: Tsareena|37\/100\n|\n|-weather|SunnyDay|[upkeep]\n|upkeep\n|turn|11\n|\n|t:|1700268245\n|move|p1a: Tsareena|High Jump Kick|p2a: Torkoal\n|-damage|p2a: Torkoal|30\/100\n|move|p2a: Torkoal|Stealth Rock|p1a: Tsareena\n|-sidestart|p1: 221savage|move: Stealth Rock\n|\n|-weather|SunnyDay|[upkeep]\n|upkeep\n|turn|12\n|\n|t:|1700268253\n|switch|p2a: Venusaur|Venusaur, F, shiny|100\/100\n|move|p1a: Tsareena|Rapid Spin|p2a: Venusaur\n|-damage|p2a: Venusaur|78\/100\n|-boost|p1a: Tsareena|spe|1\n|-sideend|p1: 221savage|Stealth Rock|[from] move: Rapid Spin|[of] p1a: Tsareena\n|\n|-weather|SunnyDay|[upkeep]\n|upkeep\n|turn|13\n|\n|t:|1700268263\n|move|p2a: Venusaur|Weather Ball|p1a: Tsareena\n|-supereffective|p1a: Tsareena\n|-damage|p1a: Tsareena|0 fnt\n|faint|p1a: Tsareena\n|-damage|p2a: Venusaur|68\/100|[from] item: Life Orb\n|\n|-weather|SunnyDay|[upkeep]\n|upkeep\n|\n|t:|1700268266\n|switch|p1a: Banette|Banette, M|100\/100\n|turn|14\n|\n|t:|1700268273\n|detailschange|p1a: Banette|Banette-Mega, M\n|-mega|p1a: Banette|Banette|Banettite\n|move|p2a: Venusaur|Solar Beam||[still]\n|-prepare|p2a: Venusaur|Solar Beam\n|-anim|p2a: Venusaur|Solar Beam|p1a: Banette\n|-damage|p1a: Banette|12\/100\n|-damage|p2a: Venusaur|58\/100|[from] item: Life Orb\n|move|p1a: Banette|Poltergeist|p2a: Venusaur\n|-activate|p2a: Venusaur|move: Poltergeist|Life Orb\n|-damage|p2a: Venusaur|0 fnt\n|faint|p2a: Venusaur\n|\n|-weather|SunnyDay|[upkeep]\n|upkeep\n|\n|t:|1700268289\n|switch|p2a: Charizard|Charizard, M, shiny|100\/100\n|turn|15\n|\n|t:|1700268292\n|move|p1a: Banette|Destiny Bond|p1a: Banette\n|-singlemove|p1a: Banette|Destiny Bond\n|move|p2a: Charizard|Scorching Sands|p1a: Banette\n|-damage|p1a: Banette|0 fnt\n|faint|p1a: Banette\n|-activate|p1a: Banette|move: Destiny Bond\n|faint|p2a: Charizard\n|\n|-weather|none\n|upkeep\n|c|\u2606221savage|gg\n|\n|t:|1700268300\n|switch|p2a: Torkoal|Torkoal, F, shiny|30\/100\n|switch|p1a: Darmanitan|Darmanitan, F|100\/100\n|-weather|SunnyDay|[from] ability: Drought|[of] p2a: Torkoal\n|turn|16\n|\n|t:|1700268303\n|move|p1a: Darmanitan|Flare Blitz|p2a: Torkoal\n|-resisted|p2a: Torkoal\n|-damage|p2a: Torkoal|0 fnt\n|faint|p2a: Torkoal\n|-damage|p1a: Darmanitan|91\/100|[from] Recoil\n|\n|-weather|SunnyDay|[upkeep]\n|upkeep\n|\n|t:|1700268308\n|switch|p2a: Greninja|Greninja, M, tera:Water|17\/100\n|turn|17\n|\n|t:|1700268310\n|move|p1a: Darmanitan|Flare Blitz|p2a: Greninja\n|-resisted|p2a: Greninja\n|-crit|p2a: Greninja\n|-damage|p2a: Greninja|0 fnt\n|faint|p2a: Greninja\n|-damage|p1a: Darmanitan|86\/100|[from] Recoil\n|\n|win|221savage\n|raw|221savage's rating: 1330 &rarr; <strong>1349<\/strong><br \/>(+19 for winning)\n|raw|xiaocaca's rating: 1321 &rarr; <strong>1302<\/strong><br \/>(-19 for losing)\n|l|\u2606xiaocaca\n","uploadtime":1700268316,"views":6,"p1id":"221savage","p2id":"xiaocaca","formatid":"gen9nationaldex","rating":1302,"private":0,"password":""}