{"id":"gen9nationaldex-1999530807","p1":"ido1234567890","p2":"itay7689","format":"[Gen 9] National Dex","log":"|html|<div class=\"broadcast-blue\"><strong>[Gen 9] National Dex is currently suspecting Sneasler! For information on how to participate check out the <a href=\"https:\/\/www.smogon.com\/forums\/threads\/sv-national-dex-suspect-8-just-dance.3731534\/\">suspect thread<\/a>.<\/strong><\/div>\n|j|\u2606ido1234567890\n|j|\u2606itay7689\n|t:|1701093109\n|gametype|singles\n|player|p1|ido1234567890|lucas|\n|player|p2|itay7689|cynthia-gen4|\n|teamsize|p1|6\n|teamsize|p2|6\n|gen|9\n|tier|[Gen 9] National Dex\n|rule|HP Percentage Mod: HP is shown in percentages\n|rule|Endless Battle Clause: Forcing endless battles is banned\n|rule|OHKO Clause: OHKO moves are banned\n|rule|Evasion Clause: Evasion abilities, items, and moves are banned\n|rule|Evasion Abilities Clause: Evasion abilities are banned\n|rule|Evasion Items Clause: Evasion items are banned\n|rule|Evasion Moves Clause: Evasion moves are banned\n|rule|Species Clause: Limit one of each Pok\u00e9mon\n|rule|Sleep Clause Mod: Limit one foe put to sleep\n|clearpoke\n|poke|p1|Kommo-o, M|\n|poke|p1|Lilligant-Hisui, F|\n|poke|p1|Infernape, M|\n|poke|p1|Heracross, F|\n|poke|p1|Hawlucha, F|\n|poke|p1|Urshifu-*, M|\n|poke|p2|Kommo-o, F|\n|poke|p2|Noivern, F|\n|poke|p2|Duraludon, M|\n|poke|p2|Charizard, M|\n|poke|p2|Garchomp, F|\n|poke|p2|Haxorus, F|\n|teampreview\n|inactive|Battle timer is ON: inactive players will automatically lose when time's up. (requested by itay7689)\n|j| Lightning emolga\n|j| xzeav\n|\n|t:|1701093134\n|start\n|switch|p1a: Lilligant|Lilligant-Hisui, F|100\/100\n|switch|p2a: Sagoli's Soul|Garchomp, F|100\/100\n|turn|1\n|\n|t:|1701093155\n|-terastallize|p2a: Sagoli's Soul|Dragon\n|move|p2a: Sagoli's Soul|Outrage|p1a: Lilligant\n|-damage|p1a: Lilligant|0 fnt\n|faint|p1a: Lilligant\n|\n|upkeep\n|c| xzeav|\u05dc\u05d9\u05dc\u05d9\u05d2\u05e0\u05d8 \u05d1\u05d9\u05d9\u05d9 \u05d1\u05d9\u05d9\n|\n|t:|1701093169\n|switch|p1a: Heracross|Heracross, F|100\/100\n|turn|2\n|j| Itay80771\n|\n|t:|1701093175\n|move|p2a: Sagoli's Soul|Outrage|p1a: Heracross|[from]lockedmove\n|-damage|p1a: Heracross|7\/100\n|move|p1a: Heracross|Bulk Up|p1a: Heracross\n|-boost|p1a: Heracross|atk|1\n|-boost|p1a: Heracross|def|1\n|\n|upkeep\n|turn|3\n|\n|t:|1701093179\n|detailschange|p1a: Heracross|Heracross-Mega, F\n|-mega|p1a: Heracross|Heracross|Heracronite\n|move|p2a: Sagoli's Soul|Outrage|p1a: Heracross|[from]lockedmove\n|-damage|p1a: Heracross|0 fnt\n|faint|p1a: Heracross\n|-start|p2a: Sagoli's Soul|confusion|[fatigue]\n|\n|upkeep\n|\n|t:|1701093184\n|switch|p1a: Kommo-o|Kommo-o, M|100\/100\n|turn|4\n|\n|t:|1701093187\n|-activate|p2a: Sagoli's Soul|confusion\n|move|p2a: Sagoli's Soul|Outrage|p1a: Kommo-o\n|-supereffective|p1a: Kommo-o\n|-damage|p1a: Kommo-o|0 fnt\n|faint|p1a: Kommo-o\n|\n|upkeep\n|\n|t:|1701093191\n|switch|p1a: Urshifu|Urshifu-Rapid-Strike, M|100\/100\n|turn|5\n|\n|t:|1701093194\n|-activate|p2a: Sagoli's Soul|confusion\n|move|p2a: Sagoli's Soul|Outrage|p1a: Urshifu|[from]lockedmove\n|-damage|p1a: Urshifu|4\/100\n|move|p1a: Urshifu|Swords Dance|p1a: Urshifu\n|-boost|p1a: Urshifu|atk|2\n|\n|upkeep\n|turn|6\n|\n|t:|1701093199\n|-end|p2a: Sagoli's Soul|confusion\n|move|p2a: Sagoli's Soul|Outrage|p1a: Urshifu|[from]lockedmove\n|-damage|p1a: Urshifu|0 fnt\n|faint|p1a: Urshifu\n|-start|p2a: Sagoli's Soul|confusion|[fatigue]\n|\n|upkeep\n|\n|t:|1701093203\n|switch|p1a: Infernape|Infernape, M|100\/100\n|turn|7\n|\n|t:|1701093207\n|-activate|p2a: Sagoli's Soul|confusion\n|move|p2a: Sagoli's Soul|Outrage|p1a: Infernape\n|-damage|p1a: Infernape|0 fnt\n|faint|p1a: Infernape\n|\n|upkeep\n|c| Lightning emolga|\u05d0\u05e0\u05d7\u05e0\u05d5 \u05dc\u05d0 \u05d7\u05d5\u05e9\u05d1\u05d9\u05dd \u05e9\u05d9\u05e6\u05d0 \u05dc\u05e0\u05d5 \u05e2\u05d5\u05d3 \u05dc\u05e8\u05d0\u05d5\u05ea \u05e9\u05d9\u05de\u05d5\u05e9 \u05d1\u05d8\u05e8\u05d4 \u05d0\u05d7\u05e8 \u05e9\u05d4\u05d5\u05d0 \u05dc\u05d0 \u05e2\u05dc \u05e0\u05e9\u05de\u05ea \u05e1\u05d2\u05d5\u05dc\u05d9\n|\n|t:|1701093210\n|switch|p1a: Hawlucha|Hawlucha, F|100\/100\n|turn|8\n|\n|t:|1701093215\n|-terastallize|p1a: Hawlucha|Poison\n|-activate|p2a: Sagoli's Soul|confusion\n|-damage|p2a: Sagoli's Soul|85\/100|[from] confusion\n|move|p1a: Hawlucha|Close Combat|p2a: Sagoli's Soul\n|-damage|p2a: Sagoli's Soul|34\/100\n|-unboost|p1a: Hawlucha|def|1\n|-unboost|p1a: Hawlucha|spd|1\n|-damage|p1a: Hawlucha|88\/100|[from] ability: Rough Skin|[of] p2a: Sagoli's Soul\n|-enditem|p1a: Hawlucha|White Herb\n|-clearnegativeboost|p1a: Hawlucha|[silent]\n|\n|upkeep\n|turn|9\n|\n|t:|1701093222\n|move|p1a: Hawlucha|Acrobatics|p2a: Sagoli's Soul\n|-damage|p2a: Sagoli's Soul|0 fnt\n|-damage|p1a: Hawlucha|76\/100|[from] ability: Rough Skin|[of] p2a: Sagoli's Soul\n|faint|p2a: Sagoli's Soul\n|\n|upkeep\n|\n|t:|1701093229\n|switch|p2a: Uncle Iroh|Charizard, M|100\/100\n|turn|10\n|\n|t:|1701093235\n|detailschange|p2a: Uncle Iroh|Charizard-Mega-X, M\n|-mega|p2a: Uncle Iroh|Charizard|Charizardite X\n|move|p1a: Hawlucha|Swords Dance|p1a: Hawlucha\n|-boost|p1a: Hawlucha|atk|2\n|move|p2a: Uncle Iroh|Flare Blitz|p1a: Hawlucha\n|-damage|p1a: Hawlucha|0 fnt\n|faint|p1a: Hawlucha\n|-damage|p2a: Uncle Iroh|76\/100|[from] Recoil\n|\n|win|itay7689\n|l| xzeav\n","uploadtime":1701093245,"views":11,"p1id":"ido1234567890","p2id":"itay7689","formatid":"gen9nationaldex","rating":0,"private":0,"password":""}