{"id":"gen9nationaldex-1990230859","p1":"Throw Games","p2":"DGP PLAYER","format":"[Gen 9] National Dex","log":"|j|\u2606Throw Games\n|j|\u2606DGP PLAYER\n|t:|1699941161\n|gametype|singles\n|player|p1|Throw Games|clay|1496\n|player|p2|DGP PLAYER|hilda-wonderlauncher|1646\n|teamsize|p1|6\n|teamsize|p2|6\n|gen|9\n|tier|[Gen 9] National Dex\n|rated|\n|rule|HP Percentage Mod: HP is shown in percentages\n|rule|Endless Battle Clause: Forcing endless battles is banned\n|rule|OHKO Clause: OHKO moves are banned\n|rule|Evasion Clause: Evasion abilities, items, and moves are banned\n|rule|Evasion Abilities Clause: Evasion abilities are banned\n|rule|Evasion Items Clause: Evasion items are banned\n|rule|Evasion Moves Clause: Evasion moves are banned\n|rule|Species Clause: Limit one of each Pok\u00e9mon\n|rule|Sleep Clause Mod: Limit one foe put to sleep\n|clearpoke\n|poke|p1|Abomasnow, F|\n|poke|p1|Landorus-Therian, M|\n|poke|p1|Cresselia, F|\n|poke|p1|Suicune|\n|poke|p1|Gliscor, F|\n|poke|p1|Iron Valiant|\n|poke|p2|Blaziken, F|\n|poke|p2|Banette, F|\n|poke|p2|Ogerpon-Wellspring, F|\n|poke|p2|Landorus-Therian, M|\n|poke|p2|Iron Valiant|\n|poke|p2|Rotom-Wash|\n|teampreview\n|inactive|Battle timer is ON: inactive players will automatically lose when time's up. (requested by DGP PLAYER)\n|inactive|Throw Games also wants the timer to be on.\n|\n|t:|1699941176\n|start\n|switch|p1a: Landorus|Landorus-Therian, M, shiny|100\/100\n|switch|p2a: \u692a\u692a|Ogerpon-Wellspring, F|100\/100\n|-ability|p1a: Landorus|Intimidate|boost\n|-unboost|p2a: \u692a\u692a|atk|1\n|turn|1\n|\n|t:|1699941184\n|move|p2a: \u692a\u692a|Substitute|p2a: \u692a\u692a\n|-start|p2a: \u692a\u692a|Substitute\n|-damage|p2a: \u692a\u692a|76\/100\n|move|p1a: Landorus|U-turn|p2a: \u692a\u692a\n|-supereffective|p2a: \u692a\u692a\n|-end|p2a: \u692a\u692a|Substitute\n|\n|t:|1699941189\n|switch|p1a: Abomasnow|Abomasnow, F|100\/100|[from] U-turn\n|\n|upkeep\n|turn|2\n|\n|t:|1699941196\n|switch|p2a: \u706b\u7130\u5764|Blaziken, F|100\/100\n|detailschange|p1a: Abomasnow|Abomasnow-Mega, F\n|-mega|p1a: Abomasnow|Abomasnow|Abomasite\n|-weather|Snow|[from] ability: Snow Warning|[of] p1a: Abomasnow\n|move|p1a: Abomasnow|Blizzard|p2a: \u706b\u7130\u5764\n|-resisted|p2a: \u706b\u7130\u5764\n|-damage|p2a: \u706b\u7130\u5764|50\/100\n|\n|-weather|Snow|[upkeep]\n|upkeep\n|turn|3\n|\n|t:|1699941201\n|switch|p1a: Suicune|Suicune|100\/100\n|-ability|p1a: Suicune|Pressure\n|move|p2a: \u706b\u7130\u5764|Protect||[still]\n|-fail|p2a: \u706b\u7130\u5764\n|\n|-weather|Snow|[upkeep]\n|-ability|p2a: \u706b\u7130\u5764|Speed Boost|boost\n|-boost|p2a: \u706b\u7130\u5764|spe|1\n|upkeep\n|turn|4\n|\n|t:|1699941206\n|switch|p2a: \u6d17\u8863\u673a|Rotom-Wash|100\/100\n|move|p1a: Suicune|Scald|p2a: \u6d17\u8863\u673a\n|-resisted|p2a: \u6d17\u8863\u673a\n|-damage|p2a: \u6d17\u8863\u673a|91\/100\n|\n|-weather|Snow|[upkeep]\n|-heal|p2a: \u6d17\u8863\u673a|97\/100|[from] item: Leftovers\n|upkeep\n|turn|5\n|\n|t:|1699941212\n|switch|p2a: \u692a\u692a|Ogerpon-Wellspring, F|76\/100\n|move|p1a: Suicune|Scald|p2a: \u692a\u692a\n|-heal|p2a: \u692a\u692a|100\/100|[from] ability: Water Absorb|[of] p1a: Suicune\n|\n|-weather|Snow|[upkeep]\n|upkeep\n|turn|6\n|\n|t:|1699941216\n|switch|p1a: Landorus|Landorus-Therian, M, shiny|100\/100\n|-ability|p1a: Landorus|Intimidate|boost\n|-unboost|p2a: \u692a\u692a|atk|1\n|move|p2a: \u692a\u692a|Substitute|p2a: \u692a\u692a\n|-start|p2a: \u692a\u692a|Substitute\n|-damage|p2a: \u692a\u692a|76\/100\n|\n|-weather|none\n|upkeep\n|turn|7\n|\n|t:|1699941219\n|move|p2a: \u692a\u692a|Swords Dance|p2a: \u692a\u692a\n|-boost|p2a: \u692a\u692a|atk|2\n|move|p1a: Landorus|U-turn|p2a: \u692a\u692a\n|-supereffective|p2a: \u692a\u692a\n|-end|p2a: \u692a\u692a|Substitute\n|\n|t:|1699941222\n|switch|p1a: Abomasnow|Abomasnow-Mega, F|100\/100|[from] U-turn\n|-weather|Snow|[from] ability: Snow Warning|[of] p1a: Abomasnow\n|\n|-weather|Snow|[upkeep]\n|upkeep\n|turn|8\n|\n|t:|1699941231\n|-terastallize|p2a: \u692a\u692a|Water\n|detailschange|p2a: \u692a\u692a|Ogerpon-Wellspring-Tera, F, tera:Water\n|-ability|p2a: \u692a\u692a|Embody Aspect (Wellspring)|boost\n|-boost|p2a: \u692a\u692a|spd|1\n|move|p2a: \u692a\u692a|Substitute|p2a: \u692a\u692a\n|-start|p2a: \u692a\u692a|Substitute\n|-damage|p2a: \u692a\u692a|51\/100\n|move|p1a: Abomasnow|Blizzard|p2a: \u692a\u692a\n|-resisted|p2a: \u692a\u692a\n|-end|p2a: \u692a\u692a|Substitute\n|\n|-weather|Snow|[upkeep]\n|upkeep\n|turn|9\n|\n|t:|1699941236\n|move|p2a: \u692a\u692a|Ivy Cudgel|p1a: Abomasnow\n|-resisted|p1a: Abomasnow\n|-damage|p1a: Abomasnow|65\/100\n|move|p1a: Abomasnow|Giga Drain|p2a: \u692a\u692a\n|-supereffective|p2a: \u692a\u692a\n|-damage|p2a: \u692a\u692a|0 fnt\n|-heal|p1a: Abomasnow|85\/100|[from] drain|[of] p2a: \u692a\u692a\n|faint|p2a: \u692a\u692a\n|\n|-weather|Snow|[upkeep]\n|upkeep\n|\n|t:|1699941239\n|switch|p2a: \u706b\u7130\u5764|Blaziken, F|50\/100\n|turn|10\n|\n|t:|1699941242\n|switch|p1a: Suicune|Suicune|100\/100\n|-ability|p1a: Suicune|Pressure\n|move|p2a: \u706b\u7130\u5764|Swords Dance|p2a: \u706b\u7130\u5764\n|-boost|p2a: \u706b\u7130\u5764|atk|2\n|\n|-weather|Snow|[upkeep]\n|-ability|p2a: \u706b\u7130\u5764|Speed Boost|boost\n|-boost|p2a: \u706b\u7130\u5764|spe|1\n|upkeep\n|turn|11\n|\n|t:|1699941246\n|move|p2a: \u706b\u7130\u5764|Protect|p2a: \u706b\u7130\u5764\n|-singleturn|p2a: \u706b\u7130\u5764|Protect\n|move|p1a: Suicune|Scald|p2a: \u706b\u7130\u5764\n|-activate|p2a: \u706b\u7130\u5764|move: Protect\n|\n|-weather|none\n|-ability|p2a: \u706b\u7130\u5764|Speed Boost|boost\n|-boost|p2a: \u706b\u7130\u5764|spe|1\n|upkeep\n|turn|12\n|\n|t:|1699941249\n|switch|p1a: Cresselia|Cresselia, F|100\/100\n|move|p2a: \u706b\u7130\u5764|Close Combat|p1a: Cresselia\n|-resisted|p1a: Cresselia\n|-damage|p1a: Cresselia|67\/100\n|-unboost|p2a: \u706b\u7130\u5764|def|1\n|-unboost|p2a: \u706b\u7130\u5764|spd|1\n|\n|-heal|p1a: Cresselia|73\/100|[from] item: Leftovers\n|-ability|p2a: \u706b\u7130\u5764|Speed Boost|boost\n|-boost|p2a: \u706b\u7130\u5764|spe|1\n|upkeep\n|turn|13\n|\n|t:|1699941254\n|switch|p1a: Suicune|Suicune|100\/100\n|-ability|p1a: Suicune|Pressure\n|-zpower|p2a: \u706b\u7130\u5764\n|move|p2a: \u706b\u7130\u5764|Inferno Overdrive|p1a: Suicune|[zeffect]\n|-resisted|p1a: Suicune\n|-damage|p1a: Suicune|49\/100\n|\n|-heal|p1a: Suicune|55\/100|[from] item: Leftovers\n|-ability|p2a: \u706b\u7130\u5764|Speed Boost|boost\n|-boost|p2a: \u706b\u7130\u5764|spe|1\n|upkeep\n|turn|14\n|\n|t:|1699941263\n|switch|p1a: Landorus|Landorus-Therian, M, shiny|100\/100\n|-ability|p1a: Landorus|Intimidate|boost\n|-unboost|p2a: \u706b\u7130\u5764|atk|1\n|move|p2a: \u706b\u7130\u5764|Close Combat|p1a: Landorus\n|-resisted|p1a: Landorus\n|-damage|p1a: Landorus|65\/100\n|-unboost|p2a: \u706b\u7130\u5764|def|1\n|-unboost|p2a: \u706b\u7130\u5764|spd|1\n|\n|-heal|p1a: Landorus|71\/100|[from] item: Leftovers\n|-ability|p2a: \u706b\u7130\u5764|Speed Boost|boost\n|-boost|p2a: \u706b\u7130\u5764|spe|1\n|upkeep\n|turn|15\n|\n|t:|1699941270\n|move|p2a: \u706b\u7130\u5764|Protect|p2a: \u706b\u7130\u5764\n|-singleturn|p2a: \u706b\u7130\u5764|Protect\n|move|p1a: Landorus|Earthquake|p2a: \u706b\u7130\u5764\n|-activate|p2a: \u706b\u7130\u5764|move: Protect\n|\n|-heal|p1a: Landorus|77\/100|[from] item: Leftovers\n|-ability|p2a: \u706b\u7130\u5764|Speed Boost|boost\n|-boost|p2a: \u706b\u7130\u5764|spe|1\n|upkeep\n|turn|16\n|\n|t:|1699941273\n|move|p2a: \u706b\u7130\u5764|Flare Blitz|p1a: Landorus\n|-damage|p1a: Landorus|4\/100\n|-damage|p2a: \u706b\u7130\u5764|19\/100|[from] Recoil\n|move|p1a: Landorus|Earthquake|p2a: \u706b\u7130\u5764\n|-supereffective|p2a: \u706b\u7130\u5764\n|-damage|p2a: \u706b\u7130\u5764|0 fnt\n|faint|p2a: \u706b\u7130\u5764\n|\n|-heal|p1a: Landorus|10\/100|[from] item: Leftovers\n|upkeep\n|\n|t:|1699941277\n|switch|p2a: \u56f4\u5dfe\u571f\u732b|Landorus-Therian, M|100\/100\n|-ability|p2a: \u56f4\u5dfe\u571f\u732b|Intimidate|boost\n|-unboost|p1a: Landorus|atk|1\n|turn|17\n|\n|t:|1699941280\n|switch|p1a: Gliscor|Gliscor, F|100\/100\n|move|p2a: \u56f4\u5dfe\u571f\u732b|Stealth Rock|p1a: Gliscor\n|-sidestart|p1: Throw Games|move: Stealth Rock\n|\n|-status|p1a: Gliscor|tox|[from] item: Toxic Orb\n|upkeep\n|turn|18\n|\n|t:|1699941284\n|move|p1a: Gliscor|Defog|p2a: \u56f4\u5dfe\u571f\u732b\n|-unboost|p2a: \u56f4\u5dfe\u571f\u732b|evasion|1\n|-sideend|p1: Throw Games|Stealth Rock|[from] move: Defog|[of] p1a: Gliscor\n|move|p2a: \u56f4\u5dfe\u571f\u732b|U-turn|p1a: Gliscor\n|-resisted|p1a: Gliscor\n|-damage|p1a: Gliscor|91\/100 tox\n|\n|t:|1699941286\n|switch|p2a: \u8bc5\u5c06\u519b|Banette, F|100\/100|[from] U-turn\n|-item|p1a: Gliscor|Toxic Orb|[from] ability: Frisk|[of] p2a: \u8bc5\u5c06\u519b|[identify]\n|\n|-heal|p1a: Gliscor|100\/100 tox|[from] ability: Poison Heal\n|upkeep\n|turn|19\n|\n|t:|1699941289\n|detailschange|p2a: \u8bc5\u5c06\u519b|Banette-Mega, F\n|-mega|p2a: \u8bc5\u5c06\u519b|Banette|Banettite\n|move|p2a: \u8bc5\u5c06\u519b|Encore|p1a: Gliscor\n|-start|p1a: Gliscor|Encore\n|move|p1a: Gliscor|Defog|p2a: \u8bc5\u5c06\u519b\n|-unboost|p2a: \u8bc5\u5c06\u519b|evasion|1\n|\n|upkeep\n|turn|20\n|\n|t:|1699941295\n|switch|p1a: Landorus|Landorus-Therian, M, shiny|10\/100\n|-ability|p1a: Landorus|Intimidate|boost\n|-unboost|p2a: \u8bc5\u5c06\u519b|atk|1\n|move|p2a: \u8bc5\u5c06\u519b|Poltergeist|p1a: Landorus\n|-activate|p1a: Landorus|move: Poltergeist|Leftovers\n|-damage|p1a: Landorus|0 fnt\n|faint|p1a: Landorus\n|\n|upkeep\n|\n|t:|1699941299\n|switch|p1a: Abomasnow|Abomasnow-Mega, F|85\/100\n|-weather|Snow|[from] ability: Snow Warning|[of] p1a: Abomasnow\n|turn|21\n|\n|t:|1699941302\n|switch|p2a: \u6d17\u8863\u673a|Rotom-Wash|97\/100\n|move|p1a: Abomasnow|Energy Ball|p2a: \u6d17\u8863\u673a\n|-supereffective|p2a: \u6d17\u8863\u673a\n|-damage|p2a: \u6d17\u8863\u673a|9\/100\n|\n|-weather|Snow|[upkeep]\n|-heal|p2a: \u6d17\u8863\u673a|15\/100|[from] item: Leftovers\n|upkeep\n|turn|22\n|\n|t:|1699941308\n|move|p2a: \u6d17\u8863\u673a|Thunder Wave|p1a: Abomasnow|[miss]\n|-miss|p2a: \u6d17\u8863\u673a|p1a: Abomasnow\n|move|p1a: Abomasnow|Blizzard|p2a: \u6d17\u8863\u673a\n|-resisted|p2a: \u6d17\u8863\u673a\n|-damage|p2a: \u6d17\u8863\u673a|0 fnt\n|faint|p2a: \u6d17\u8863\u673a\n|\n|-weather|Snow|[upkeep]\n|upkeep\n|\n|t:|1699941315\n|switch|p2a: \u94c1\u5973\u4ec6|Iron Valiant|100\/100\n|-enditem|p2a: \u94c1\u5973\u4ec6|Booster Energy\n|-activate|p2a: \u94c1\u5973\u4ec6|ability: Quark Drive|[fromitem]\n|-start|p2a: \u94c1\u5973\u4ec6|quarkdrivespe\n|turn|23\n|\n|t:|1699941319\n|switch|p1a: Cresselia|Cresselia, F|73\/100\n|move|p2a: \u94c1\u5973\u4ec6|Aura Sphere|p1a: Cresselia\n|-resisted|p1a: Cresselia\n|-damage|p1a: Cresselia|61\/100\n|\n|-weather|Snow|[upkeep]\n|-heal|p1a: Cresselia|67\/100|[from] item: Leftovers\n|upkeep\n|turn|24\n|\n|t:|1699941324\n|move|p2a: \u94c1\u5973\u4ec6|Calm Mind|p2a: \u94c1\u5973\u4ec6\n|-boost|p2a: \u94c1\u5973\u4ec6|spa|1\n|-boost|p2a: \u94c1\u5973\u4ec6|spd|1\n|move|p1a: Cresselia|Psychic|p2a: \u94c1\u5973\u4ec6\n|-supereffective|p2a: \u94c1\u5973\u4ec6\n|-damage|p2a: \u94c1\u5973\u4ec6|44\/100\n|-unboost|p2a: \u94c1\u5973\u4ec6|spd|1\n|\n|-weather|Snow|[upkeep]\n|-heal|p1a: Cresselia|73\/100|[from] item: Leftovers\n|upkeep\n|turn|25\n|\n|t:|1699941328\n|move|p2a: \u94c1\u5973\u4ec6|Moonblast|p1a: Cresselia\n|-damage|p1a: Cresselia|30\/100\n|-unboost|p1a: Cresselia|spa|1\n|move|p1a: Cresselia|Psychic|p2a: \u94c1\u5973\u4ec6\n|-supereffective|p2a: \u94c1\u5973\u4ec6\n|-damage|p2a: \u94c1\u5973\u4ec6|0 fnt\n|faint|p2a: \u94c1\u5973\u4ec6\n|-end|p2a: \u94c1\u5973\u4ec6|Quark Drive|[silent]\n|\n|-weather|none\n|-heal|p1a: Cresselia|36\/100|[from] item: Leftovers\n|upkeep\n|\n|t:|1699941333\n|switch|p2a: \u8bc5\u5c06\u519b|Banette-Mega, F|100\/100\n|turn|26\n|\n|t:|1699941336\n|switch|p1a: Gliscor|Gliscor, F|100\/100 tox\n|move|p2a: \u8bc5\u5c06\u519b|Infestation|p1a: Gliscor\n|-resisted|p1a: Gliscor\n|-damage|p1a: Gliscor|99\/100 tox\n|-activate|p1a: Gliscor|move: Infestation|[of] p2a: \u8bc5\u5c06\u519b\n|\n|-heal|p1a: Gliscor|100\/100 tox|[from] ability: Poison Heal\n|-damage|p1a: Gliscor|88\/100 tox|[from] move: Infestation|[partiallytrapped]\n|upkeep\n|turn|27\n|\n|t:|1699941339\n|move|p1a: Gliscor|Earthquake|p2a: \u8bc5\u5c06\u519b\n|-damage|p2a: \u8bc5\u5c06\u519b|54\/100\n|move|p2a: \u8bc5\u5c06\u519b|Poltergeist|p1a: Gliscor\n|-activate|p1a: Gliscor|move: Poltergeist|Toxic Orb\n|-damage|p1a: Gliscor|28\/100 tox\n|\n|-heal|p1a: Gliscor|40\/100 tox|[from] ability: Poison Heal\n|-damage|p1a: Gliscor|28\/100 tox|[from] move: Infestation|[partiallytrapped]\n|upkeep\n|turn|28\n|\n|t:|1699941345\n|move|p2a: \u8bc5\u5c06\u519b|Destiny Bond|p2a: \u8bc5\u5c06\u519b\n|-singlemove|p2a: \u8bc5\u5c06\u519b|Destiny Bond\n|move|p1a: Gliscor|U-turn|p2a: \u8bc5\u5c06\u519b\n|-resisted|p2a: \u8bc5\u5c06\u519b\n|-damage|p2a: \u8bc5\u5c06\u519b|44\/100\n|\n|t:|1699941351\n|switch|p1a: Iron Valiant|Iron Valiant|100\/100|[from] U-turn\n|\n|upkeep\n|turn|29\n|\n|t:|1699941361\n|move|p1a: Iron Valiant|Spirit Break|p2a: \u8bc5\u5c06\u519b\n|-damage|p2a: \u8bc5\u5c06\u519b|0 fnt\n|faint|p2a: \u8bc5\u5c06\u519b\n|-activate|p2a: \u8bc5\u5c06\u519b|move: Destiny Bond\n|faint|p1a: Iron Valiant\n|-end|p1a: Iron Valiant|Quark Drive|[silent]\n|\n|upkeep\n|\n|t:|1699941366\n|switch|p1a: Abomasnow|Abomasnow-Mega, F|85\/100\n|switch|p2a: \u56f4\u5dfe\u571f\u732b|Landorus-Therian, M|100\/100\n|-ability|p2a: \u56f4\u5dfe\u571f\u732b|Intimidate|boost\n|-unboost|p1a: Abomasnow|atk|1\n|-weather|Snow|[from] ability: Snow Warning|[of] p1a: Abomasnow\n|turn|30\n|\n|t:|1699941373\n|move|p2a: \u56f4\u5dfe\u571f\u732b|Toxic|p1a: Abomasnow\n|-status|p1a: Abomasnow|tox\n|move|p1a: Abomasnow|Blizzard|p2a: \u56f4\u5dfe\u571f\u732b\n|-supereffective|p2a: \u56f4\u5dfe\u571f\u732b\n|-damage|p2a: \u56f4\u5dfe\u571f\u732b|0 fnt\n|faint|p2a: \u56f4\u5dfe\u571f\u732b\n|\n|win|Throw Games\n|raw|Throw Games's rating: 1496 &rarr; <strong>1524<\/strong><br \/>(+28 for winning)\n|raw|DGP PLAYER's rating: 1646 &rarr; <strong>1618<\/strong><br \/>(-28 for losing)\n","uploadtime":1699941380,"views":16,"p1id":"throwgames","p2id":"dgpplayer","formatid":"gen9nationaldex","rating":1524,"private":0,"password":""}