{"id":"gen9nationaldex-1992302179","p1":"COG_EmoGalaxyy","p2":"TGM_Destroyer","format":"[Gen 9] National Dex","log":"|j|\u2606COG_EmoGalaxyy\n|j|\u2606TGM_Destroyer\n|t:|1700172551\n|gametype|singles\n|player|p1|COG_EmoGalaxyy|170|\n|player|p2|TGM_Destroyer|1|\n|teamsize|p1|3\n|teamsize|p2|3\n|gen|9\n|tier|[Gen 9] National Dex\n|rule|HP Percentage Mod: HP is shown in percentages\n|rule|Endless Battle Clause: Forcing endless battles is banned\n|rule|OHKO Clause: OHKO moves are banned\n|rule|Evasion Clause: Evasion abilities, items, and moves are banned\n|rule|Evasion Abilities Clause: Evasion abilities are banned\n|rule|Evasion Items Clause: Evasion items are banned\n|rule|Evasion Moves Clause: Evasion moves are banned\n|rule|Species Clause: Limit one of each Pok\u00e9mon\n|rule|Sleep Clause Mod: Limit one foe put to sleep\n|clearpoke\n|poke|p1|Abomasnow, F|\n|poke|p1|Sceptile, M|\n|poke|p1|Jumpluff, F|\n|poke|p2|Pincurchin, F|\n|poke|p2|Raichu-Alola, M|\n|poke|p2|Rotom-Wash|\n|teampreview\n|c|\u2606COG_EmoGalaxyy|Abom\n|\n|t:|1700172567\n|start\n|switch|p1a: Abomasnow|Abomasnow, F|100\/100\n|switch|p2a: Rotom|Rotom-Wash|100\/100\n|-weather|Snow|[from] ability: Snow Warning|[of] p1a: Abomasnow\n|turn|1\n|\n|t:|1700172615\n|detailschange|p1a: Abomasnow|Abomasnow-Mega, F\n|-mega|p1a: Abomasnow|Abomasnow|Abomasite\n|move|p2a: Rotom|Will-O-Wisp|p1a: Abomasnow\n|-status|p1a: Abomasnow|brn\n|move|p1a: Abomasnow|Aurora Veil|p1a: Abomasnow\n|-sidestart|p1: COG_EmoGalaxyy|move: Aurora Veil\n|\n|-weather|Snow|[upkeep]\n|-damage|p1a: Abomasnow|94\/100 brn|[from] brn\n|upkeep\n|turn|2\n|\n|t:|1700172625\n|move|p2a: Rotom|Hex|p1a: Abomasnow\n|-damage|p1a: Abomasnow|83\/100 brn\n|move|p1a: Abomasnow|Leaf Storm|p2a: Rotom\n|-supereffective|p2a: Rotom\n|-damage|p2a: Rotom|0 fnt\n|-unboost|p1a: Abomasnow|spa|2\n|faint|p2a: Rotom\n|\n|-weather|Snow|[upkeep]\n|-damage|p1a: Abomasnow|77\/100 brn|[from] brn\n|upkeep\n|\n|t:|1700172638\n|switch|p2a: Pincurchin|Pincurchin, F|100\/100\n|-fieldstart|move: Electric Terrain|[from] ability: Electric Surge|[of] p2a: Pincurchin\n|turn|3\n|\n|t:|1700172654\n|switch|p1a: Sceptile|Sceptile, M|100\/100\n|move|p2a: Pincurchin|Sucker Punch||[still]\n|-fail|p2a: Pincurchin\n|\n|-weather|Snow|[upkeep]\n|upkeep\n|turn|4\n|\n|t:|1700172665\n|move|p1a: Sceptile|Hidden Power|p2a: Pincurchin\n|-supereffective|p2a: Pincurchin\n|-damage|p2a: Pincurchin|51\/100\n|move|p2a: Pincurchin|Thunder Wave|p1a: Sceptile\n|-status|p1a: Sceptile|par\n|\n|-weather|Snow|[upkeep]\n|upkeep\n|turn|5\n|\n|t:|1700172673\n|cant|p1a: Sceptile|par\n|move|p2a: Pincurchin|Recover|p2a: Pincurchin\n|-heal|p2a: Pincurchin|100\/100\n|\n|-weather|none\n|-sideend|p1: COG_EmoGalaxyy|move: Aurora Veil\n|upkeep\n|turn|6\n|\n|t:|1700172679\n|switch|p2a: Raichu|Raichu-Alola, M|100\/100\n|move|p1a: Sceptile|Hidden Power|p2a: Raichu\n|-supereffective|p2a: Raichu\n|-damage|p2a: Raichu|45\/100\n|\n|upkeep\n|turn|7\n|\n|t:|1700172691\n|move|p2a: Raichu|Thunderbolt|p1a: Sceptile\n|-resisted|p1a: Sceptile\n|-damage|p1a: Sceptile|66\/100 par\n|cant|p1a: Sceptile|par\n|\n|upkeep\n|turn|8\n|\n|t:|1700172705\n|move|p2a: Raichu|Thunderbolt|p1a: Sceptile\n|-resisted|p1a: Sceptile\n|-damage|p1a: Sceptile|26\/100 par\n|move|p1a: Sceptile|Hidden Power|p2a: Raichu\n|-supereffective|p2a: Raichu\n|-damage|p2a: Raichu|0 fnt\n|faint|p2a: Raichu\n|\n|upkeep\n|\n|t:|1700172712\n|switch|p2a: Pincurchin|Pincurchin, F|100\/100\n|turn|9\n|\n|t:|1700172718\n|move|p2a: Pincurchin|Sucker Punch|p1a: Sceptile\n|-damage|p1a: Sceptile|0 fnt\n|faint|p1a: Sceptile\n|\n|upkeep\n|\n|t:|1700172723\n|switch|p1a: Jumpluff|Jumpluff, F|100\/100\n|turn|10\n|\n|t:|1700172728\n|move|p1a: Jumpluff|Sleep Powder|p2a: Pincurchin\n|-activate|p2a: Pincurchin|move: Electric Terrain\n|move|p2a: Pincurchin|Thunder Wave|p1a: Jumpluff\n|-status|p1a: Jumpluff|par\n|\n|-fieldend|move: Electric Terrain\n|upkeep\n|turn|11\n|\n|t:|1700172741\n|move|p2a: Pincurchin|Sucker Punch||[still]\n|-fail|p2a: Pincurchin\n|cant|p1a: Jumpluff|par\n|\n|upkeep\n|turn|12\n|\n|t:|1700172746\n|move|p2a: Pincurchin|Sucker Punch||[still]\n|-fail|p2a: Pincurchin\n|move|p1a: Jumpluff|Sleep Powder|p2a: Pincurchin\n|-status|p2a: Pincurchin|slp|[from] move: Sleep Powder\n|\n|upkeep\n|turn|13\n|\n|t:|1700172751\n|cant|p2a: Pincurchin|slp\n|cant|p1a: Jumpluff|par\n|\n|upkeep\n|turn|14\n|\n|t:|1700172755\n|move|p1a: Jumpluff|Swords Dance|p1a: Jumpluff\n|-boost|p1a: Jumpluff|atk|2\n|cant|p2a: Pincurchin|slp\n|\n|upkeep\n|turn|15\n|\n|t:|1700172763\n|move|p1a: Jumpluff|Seed Bomb|p2a: Pincurchin\n|-damage|p2a: Pincurchin|35\/100 slp\n|cant|p2a: Pincurchin|slp\n|\n|upkeep\n|turn|16\n|\n|t:|1700172767\n|move|p1a: Jumpluff|Seed Bomb|p2a: Pincurchin\n|-damage|p2a: Pincurchin|0 fnt\n|faint|p2a: Pincurchin\n|\n|win|COG_EmoGalaxyy\n","uploadtime":1700172770,"views":25,"p1id":"cogemogalaxyy","p2id":"tgmdestroyer","formatid":"gen9nationaldex","rating":0,"private":0,"password":""}