{"id":"gen9nationaldex-1990641867","p1":"FunkyKongFan27","p2":"lxvliiz","format":"[Gen 9] National Dex","log":"|j|\u2606FunkyKongFan27\n|j|\u2606lxvliiz\n|t:|1699988061\n|gametype|singles\n|player|p1|FunkyKongFan27|barry|1100\n|player|p2|lxvliiz|guitarist|1171\n|teamsize|p1|6\n|teamsize|p2|6\n|gen|9\n|tier|[Gen 9] National Dex\n|rated|\n|rule|HP Percentage Mod: HP is shown in percentages\n|rule|Endless Battle Clause: Forcing endless battles is banned\n|rule|OHKO Clause: OHKO moves are banned\n|rule|Evasion Clause: Evasion abilities, items, and moves are banned\n|rule|Evasion Abilities Clause: Evasion abilities are banned\n|rule|Evasion Items Clause: Evasion items are banned\n|rule|Evasion Moves Clause: Evasion moves are banned\n|rule|Species Clause: Limit one of each Pok\u00e9mon\n|rule|Sleep Clause Mod: Limit one foe put to sleep\n|clearpoke\n|poke|p1|Beheeyem, M|\n|poke|p1|Mudsdale, M|\n|poke|p1|Sharpedo, M|\n|poke|p1|Tyrantrum, M|\n|poke|p1|Iron Hands|\n|poke|p1|Zoroark-Hisui, M|\n|poke|p2|Charizard, M|\n|poke|p2|Azumarill, M|\n|poke|p2|Lilligant-Hisui, F|\n|poke|p2|Aegislash, M|\n|poke|p2|Nidoking, M|\n|poke|p2|Grafaiai, M|\n|teampreview\n|inactive|Battle timer is ON: inactive players will automatically lose when time's up. (requested by FunkyKongFan27)\n|\n|t:|1699988071\n|start\n|switch|p1a: Ready Player One|Iron Hands|100\/100\n|switch|p2a: Grafaiai|Grafaiai, M|100\/100\n|turn|1\n|\n|t:|1699988082\n|move|p2a: Grafaiai|Swagger|p1a: Ready Player One\n|-boost|p1a: Ready Player One|atk|2\n|-enditem|p2a: Grafaiai|Mirror Herb\n|-boost|p2a: Grafaiai|atk|2|[from] item: Mirror Herb\n|-start|p1a: Ready Player One|confusion\n|-activate|p1a: Ready Player One|confusion\n|-damage|p1a: Ready Player One|72\/100|[from] confusion\n|\n|upkeep\n|turn|2\n|\n|t:|1699988092\n|-activate|p1a: Ready Player One|confusion\n|-damage|p1a: Ready Player One|43\/100|[from] confusion\n|move|p2a: Grafaiai|Knock Off|p1a: Ready Player One\n|-supereffective|p1a: Ready Player One\n|-damage|p1a: Ready Player One|0 fnt\n|replace|p1a: The Twilight Zone|Zoroark-Hisui, M, shiny\n|-end|p1a: The Twilight Zone|Illusion\n|-enditem|p1a: The Twilight Zone|Focus Sash|[from] move: Knock Off|[of] p2a: Grafaiai\n|faint|p1a: The Twilight Zone\n|\n|upkeep\n|\n|t:|1699988096\n|switch|p1a: E.T.|Beheeyem, M|100\/100\n|turn|3\n|\n|t:|1699988102\n|move|p2a: Grafaiai|Knock Off|p1a: E.T.\n|-supereffective|p1a: E.T.\n|-damage|p1a: E.T.|0 fnt\n|-enditem|p1a: E.T.|Assault Vest|[from] move: Knock Off|[of] p2a: Grafaiai\n|faint|p1a: E.T.\n|\n|upkeep\n|\n|t:|1699988105\n|switch|p1a: War Horse|Mudsdale, M|100\/100\n|turn|4\n|\n|t:|1699988109\n|move|p2a: Grafaiai|Swagger|p1a: War Horse\n|-boost|p1a: War Horse|atk|2\n|-start|p1a: War Horse|confusion\n|-activate|p1a: War Horse|confusion\n|-damage|p1a: War Horse|77\/100|[from] confusion\n|\n|upkeep\n|turn|5\n|\n|t:|1699988117\n|move|p2a: Grafaiai|Knock Off|p1a: War Horse\n|-damage|p1a: War Horse|44\/100\n|-ability|p1a: War Horse|Stamina|boost\n|-boost|p1a: War Horse|def|1\n|-enditem|p1a: War Horse|Heavy-Duty Boots|[from] move: Knock Off|[of] p2a: Grafaiai\n|-end|p1a: War Horse|confusion\n|move|p1a: War Horse|Earthquake|p2a: Grafaiai\n|-supereffective|p2a: Grafaiai\n|-damage|p2a: Grafaiai|0 fnt\n|faint|p2a: Grafaiai\n|\n|upkeep\n|c|\u2606lxvliiz|nice\n|\n|t:|1699988133\n|switch|p2a: Charizard|Charizard, M|100\/100\n|turn|6\n|\n|t:|1699988137\n|detailschange|p2a: Charizard|Charizard-Mega-Y, M\n|-mega|p2a: Charizard|Charizard|Charizardite Y\n|-weather|SunnyDay|[from] ability: Drought|[of] p2a: Charizard\n|move|p2a: Charizard|Solar Beam||[still]\n|-prepare|p2a: Charizard|Solar Beam\n|-anim|p2a: Charizard|Solar Beam|p1a: War Horse\n|-supereffective|p1a: War Horse\n|-damage|p1a: War Horse|0 fnt\n|faint|p1a: War Horse\n|\n|-weather|SunnyDay|[upkeep]\n|upkeep\n|\n|t:|1699988141\n|switch|p1a: Jurassic Park|Tyrantrum, M|100\/100\n|turn|7\n|\n|t:|1699988152\n|move|p2a: Charizard|Weather Ball|p1a: Jurassic Park\n|-resisted|p1a: Jurassic Park\n|-damage|p1a: Jurassic Park|66\/100\n|move|p1a: Jurassic Park|Head Smash|p2a: Charizard\n|-supereffective|p2a: Charizard\n|-damage|p2a: Charizard|0 fnt\n|faint|p2a: Charizard\n|\n|-weather|SunnyDay|[upkeep]\n|-heal|p1a: Jurassic Park|72\/100|[from] item: Leftovers\n|upkeep\n|\n|t:|1699988164\n|switch|p2a: Lilligant|Lilligant-Hisui, F|100\/100\n|turn|8\n|\n|t:|1699988168\n|move|p2a: Lilligant|Close Combat|p1a: Jurassic Park\n|-supereffective|p1a: Jurassic Park\n|-crit|p1a: Jurassic Park\n|-damage|p1a: Jurassic Park|0 fnt\n|-unboost|p2a: Lilligant|def|1\n|-unboost|p2a: Lilligant|spd|1\n|faint|p1a: Jurassic Park\n|\n|-weather|SunnyDay|[upkeep]\n|upkeep\n|\n|t:|1699988172\n|switch|p1a: Ready Player One|Iron Hands|100\/100\n|-enditem|p1a: Ready Player One|Booster Energy\n|-activate|p1a: Ready Player One|ability: Quark Drive|[fromitem]\n|-start|p1a: Ready Player One|quarkdriveatk\n|turn|9\n|\n|t:|1699988177\n|move|p1a: Ready Player One|Fake Out|p2a: Lilligant\n|-damage|p2a: Lilligant|48\/100\n|cant|p2a: Lilligant|flinch\n|\n|-weather|SunnyDay|[upkeep]\n|upkeep\n|turn|10\n|\n|t:|1699988181\n|move|p2a: Lilligant|Solar Blade||[still]\n|-prepare|p2a: Lilligant|Solar Blade\n|-anim|p2a: Lilligant|Solar Blade|p1a: Ready Player One\n|-damage|p1a: Ready Player One|51\/100\n|move|p1a: Ready Player One|Drain Punch|p2a: Lilligant\n|-damage|p2a: Lilligant|0 fnt\n|-heal|p1a: Ready Player One|64\/100|[from] drain|[of] p2a: Lilligant\n|faint|p2a: Lilligant\n|\n|-weather|none\n|upkeep\n|\n|t:|1699988190\n|switch|p2a: Nidoking|Nidoking, M|100\/100\n|turn|11\n|\n|t:|1699988193\n|move|p2a: Nidoking|Earth Power|p1a: Ready Player One\n|-supereffective|p1a: Ready Player One\n|-damage|p1a: Ready Player One|0 fnt\n|faint|p1a: Ready Player One\n|-end|p1a: Ready Player One|Quark Drive|[silent]\n|\n|upkeep\n|\n|t:|1699988195\n|switch|p1a: Jaws|Sharpedo, M|100\/100\n|turn|12\n|\n|t:|1699988201\n|-terastallize|p2a: Nidoking|Poison\n|move|p2a: Nidoking|Sludge Wave|p1a: Jaws\n|-damage|p1a: Jaws|0 fnt\n|faint|p1a: Jaws\n|\n|win|lxvliiz\n|raw|FunkyKongFan27's rating: 1100 &rarr; <strong>1080<\/strong><br \/>(-20 for losing)\n|raw|lxvliiz's rating: 1171 &rarr; <strong>1191<\/strong><br \/>(+20 for winning)\n|l|\u2606FunkyKongFan27\n|c|\u2606lxvliiz|gg\n","uploadtime":1699988209,"views":3,"p1id":"funkykongfan27","p2id":"lxvliiz","formatid":"gen9nationaldex","rating":1080,"private":0,"password":""}