{"id":"gen9nationaldex-1996553260","p1":"pablo ruiz pikachu","p2":"Diglettfan5","format":"[Gen 9] National Dex","log":"|html|<div class=\"broadcast-blue\"><strong>[Gen 9] National Dex is currently suspecting Sneasler! For information on how to participate check out the <a href=\"https:\/\/www.smogon.com\/forums\/threads\/sv-national-dex-suspect-8-just-dance.3731534\/\">suspect thread<\/a>.<\/strong><\/div>\n|j|\u2606pablo ruiz pikachu\n|j|\u2606Diglettfan5\n|t:|1700693587\n|gametype|singles\n|player|p1|pablo ruiz pikachu|artist|1135\n|player|p2|Diglettfan5|petrel|1001\n|teamsize|p1|6\n|teamsize|p2|6\n|gen|9\n|tier|[Gen 9] National Dex\n|rated|\n|rule|HP Percentage Mod: HP is shown in percentages\n|rule|Endless Battle Clause: Forcing endless battles is banned\n|rule|OHKO Clause: OHKO moves are banned\n|rule|Evasion Clause: Evasion abilities, items, and moves are banned\n|rule|Evasion Abilities Clause: Evasion abilities are banned\n|rule|Evasion Items Clause: Evasion items are banned\n|rule|Evasion Moves Clause: Evasion moves are banned\n|rule|Species Clause: Limit one of each Pok\u00e9mon\n|rule|Sleep Clause Mod: Limit one foe put to sleep\n|clearpoke\n|poke|p1|Hatterene, F|\n|poke|p1|Garganacl, M|\n|poke|p1|Grimmsnarl, M|\n|poke|p1|Ting-Lu|\n|poke|p1|Serperior, F|\n|poke|p1|Sinistcha-Masterpiece|\n|poke|p2|Pikachu, M|\n|poke|p2|Eevee, F|\n|poke|p2|Aerodactyl, M|\n|poke|p2|Gyarados, M|\n|poke|p2|Hitmonchan, M|\n|poke|p2|Hitmonlee, M|\n|teampreview\n|inactive|Battle timer is ON: inactive players will automatically lose when time's up. (requested by pablo ruiz pikachu)\n|\n|t:|1700693616\n|start\n|switch|p1a: rebotitos|Hatterene, F, shiny|100\/100\n|switch|p2a: Eevee|Eevee, F|100\/100\n|turn|1\n|\n|t:|1700693626\n|move|p2a: Eevee|Quick Attack|p1a: rebotitos\n|-damage|p1a: rebotitos|89\/100\n|move|p1a: rebotitos|Nuzzle|p2a: Eevee\n|-damage|p2a: Eevee|93\/100\n|-status|p2a: Eevee|par\n|\n|upkeep\n|turn|2\n|\n|t:|1700693636\n|switch|p1a: molestio|Grimmsnarl, M, shiny|100\/100\n|move|p2a: Eevee|Hyper Voice|p1a: molestio\n|-damage|p1a: molestio|78\/100\n|\n|upkeep\n|turn|3\n|\n|t:|1700693642\n|move|p1a: molestio|Light Screen|p1a: molestio\n|-sidestart|p1: pablo ruiz pikachu|move: Light Screen\n|cant|p2a: Eevee|par\n|\n|upkeep\n|turn|4\n|\n|t:|1700693647\n|move|p1a: molestio|Reflect|p1a: molestio\n|-sidestart|p1: pablo ruiz pikachu|Reflect\n|move|p2a: Eevee|Attract|p1a: molestio\n|-start|p1a: molestio|Attract\n|\n|upkeep\n|turn|5\n|\n|t:|1700693652\n|-activate|p1a: molestio|move: Attract|[of] p2a: Eevee\n|move|p1a: molestio|Parting Shot|p2a: Eevee\n|-unboost|p2a: Eevee|atk|1\n|-unboost|p2a: Eevee|spa|1\n|\n|t:|1700693660\n|switch|p1a: la v\u00edbora de tu ex|Serperior, F|100\/100|[from] Parting Shot\n|cant|p2a: Eevee|par\n|\n|upkeep\n|turn|6\n|\n|t:|1700693676\n|switch|p2a: Hitmonlee|Hitmonlee, M|100\/100\n|move|p1a: la v\u00edbora de tu ex|Substitute|p1a: la v\u00edbora de tu ex\n|-start|p1a: la v\u00edbora de tu ex|Substitute\n|-damage|p1a: la v\u00edbora de tu ex|76\/100\n|\n|-heal|p1a: la v\u00edbora de tu ex|82\/100|[from] item: Leftovers\n|upkeep\n|turn|7\n|\n|t:|1700693688\n|move|p1a: la v\u00edbora de tu ex|Leaf Storm|p2a: Hitmonlee|[miss]\n|-miss|p1a: la v\u00edbora de tu ex|p2a: Hitmonlee\n|move|p2a: Hitmonlee|Blaze Kick|p1a: la v\u00edbora de tu ex|[miss]\n|-miss|p2a: Hitmonlee|p1a: la v\u00edbora de tu ex\n|\n|-heal|p1a: la v\u00edbora de tu ex|88\/100|[from] item: Leftovers\n|upkeep\n|turn|8\n|\n|t:|1700693698\n|-terastallize|p1a: la v\u00edbora de tu ex|Fire\n|move|p1a: la v\u00edbora de tu ex|Leaf Storm|p2a: Hitmonlee\n|-damage|p2a: Hitmonlee|54\/100\n|-boost|p1a: la v\u00edbora de tu ex|spa|2\n|move|p2a: Hitmonlee|Blaze Kick|p1a: la v\u00edbora de tu ex\n|-resisted|p1a: la v\u00edbora de tu ex\n|-activate|p1a: la v\u00edbora de tu ex|move: Substitute|[damage]\n|\n|-heal|p1a: la v\u00edbora de tu ex|94\/100|[from] item: Leftovers\n|upkeep\n|turn|9\n|\n|t:|1700693711\n|move|p1a: la v\u00edbora de tu ex|Leaf Storm|p2a: Hitmonlee|[miss]\n|-miss|p1a: la v\u00edbora de tu ex|p2a: Hitmonlee\n|move|p2a: Hitmonlee|High Jump Kick|p1a: la v\u00edbora de tu ex\n|-end|p1a: la v\u00edbora de tu ex|Substitute\n|\n|-heal|p1a: la v\u00edbora de tu ex|100\/100|[from] item: Leftovers\n|upkeep\n|turn|10\n|\n|t:|1700693730\n|switch|p2a: Aerodactyl|Aerodactyl, M|100\/100\n|move|p1a: la v\u00edbora de tu ex|Substitute|p1a: la v\u00edbora de tu ex\n|-start|p1a: la v\u00edbora de tu ex|Substitute\n|-damage|p1a: la v\u00edbora de tu ex|76\/100\n|\n|-heal|p1a: la v\u00edbora de tu ex|82\/100|[from] item: Leftovers\n|-sideend|p1: pablo ruiz pikachu|move: Light Screen\n|upkeep\n|turn|11\n|\n|t:|1700693741\n|detailschange|p2a: Aerodactyl|Aerodactyl-Mega, M\n|-mega|p2a: Aerodactyl|Aerodactyl|Aerodactylite\n|move|p2a: Aerodactyl|Ancient Power|p1a: la v\u00edbora de tu ex\n|-supereffective|p1a: la v\u00edbora de tu ex\n|-end|p1a: la v\u00edbora de tu ex|Substitute\n|move|p1a: la v\u00edbora de tu ex|Leaf Storm|p2a: Aerodactyl\n|-damage|p2a: Aerodactyl|16\/100\n|-boost|p1a: la v\u00edbora de tu ex|spa|2\n|\n|-heal|p1a: la v\u00edbora de tu ex|88\/100|[from] item: Leftovers\n|-sideend|p1: pablo ruiz pikachu|Reflect\n|upkeep\n|turn|12\n|\n|t:|1700693754\n|move|p2a: Aerodactyl|Ancient Power|p1a: la v\u00edbora de tu ex\n|-supereffective|p1a: la v\u00edbora de tu ex\n|-damage|p1a: la v\u00edbora de tu ex|50\/100\n|move|p1a: la v\u00edbora de tu ex|Leaf Storm|p2a: Aerodactyl\n|-damage|p2a: Aerodactyl|0 fnt\n|-boost|p1a: la v\u00edbora de tu ex|spa|2\n|faint|p2a: Aerodactyl\n|\n|-heal|p1a: la v\u00edbora de tu ex|56\/100|[from] item: Leftovers\n|upkeep\n|\n|t:|1700693762\n|switch|p2a: Eevee|Eevee, F|93\/100 par\n|turn|13\n|\n|t:|1700693767\n|move|p1a: la v\u00edbora de tu ex|Hidden Power|p2a: Eevee\n|-damage|p2a: Eevee|0 fnt\n|faint|p2a: Eevee\n|\n|-heal|p1a: la v\u00edbora de tu ex|62\/100|[from] item: Leftovers\n|upkeep\n|\n|t:|1700693772\n|switch|p2a: Gyarados|Gyarados, M|100\/100\n|-ability|p2a: Gyarados|Intimidate|boost\n|-boost|p1a: la v\u00edbora de tu ex|atk|1\n|turn|14\n|\n|t:|1700693781\n|move|p1a: la v\u00edbora de tu ex|Leaf Storm|p2a: Gyarados\n|-damage|p2a: Gyarados|0 fnt\n|faint|p2a: Gyarados\n|\n|-heal|p1a: la v\u00edbora de tu ex|69\/100|[from] item: Leftovers\n|upkeep\n|\n|t:|1700693787\n|switch|p2a: Hitmonchan|Hitmonchan, M|100\/100\n|turn|15\n|\n|t:|1700693792\n|move|p1a: la v\u00edbora de tu ex|Hidden Power|p2a: Hitmonchan\n|-damage|p2a: Hitmonchan|24\/100\n|move|p2a: Hitmonchan|Drain Punch|p1a: la v\u00edbora de tu ex\n|-damage|p1a: la v\u00edbora de tu ex|21\/100\n|-heal|p2a: Hitmonchan|53\/100|[from] drain|[of] p1a: la v\u00edbora de tu ex\n|\n|-heal|p1a: la v\u00edbora de tu ex|27\/100|[from] item: Leftovers\n|upkeep\n|turn|16\n|\n|t:|1700693802\n|move|p1a: la v\u00edbora de tu ex|Leaf Storm|p2a: Hitmonchan\n|-damage|p2a: Hitmonchan|0 fnt\n|faint|p2a: Hitmonchan\n|\n|-heal|p1a: la v\u00edbora de tu ex|34\/100|[from] item: Leftovers\n|upkeep\n|\n|t:|1700693805\n|switch|p2a: Pikachu|Pikachu, M|100\/100\n|turn|17\n|\n|t:|1700693811\n|move|p2a: Pikachu|Fake Out|p1a: la v\u00edbora de tu ex\n|-damage|p1a: la v\u00edbora de tu ex|17\/100\n|cant|p1a: la v\u00edbora de tu ex|flinch\n|\n|-heal|p1a: la v\u00edbora de tu ex|23\/100|[from] item: Leftovers\n|upkeep\n|turn|18\n|\n|t:|1700693819\n|move|p1a: la v\u00edbora de tu ex|Leaf Storm|p2a: Pikachu\n|-damage|p2a: Pikachu|0 fnt\n|faint|p2a: Pikachu\n|\n|-heal|p1a: la v\u00edbora de tu ex|30\/100|[from] item: Leftovers\n|upkeep\n|\n|t:|1700693820\n|switch|p2a: Hitmonlee|Hitmonlee, M|54\/100\n|turn|19\n|\n|t:|1700693829\n|move|p1a: la v\u00edbora de tu ex|Hidden Power|p2a: Hitmonlee\n|-damage|p2a: Hitmonlee|0 fnt\n|faint|p2a: Hitmonlee\n|\n|win|pablo ruiz pikachu\n|raw|pablo ruiz pikachu's rating: 1135 &rarr; <strong>1151<\/strong><br \/>(+16 for winning)\n|raw|Diglettfan5's rating: 1001 &rarr; <strong>1000<\/strong><br \/>(-1 for losing)\n|c|\u2606Diglettfan5|Gg\n","uploadtime":1700693836,"views":1,"p1id":"pabloruizpikachu","p2id":"diglettfan5","formatid":"gen9nationaldex","rating":1000,"private":0,"password":""}