{"id":"gen9nationaldex-1994701406","p1":"johnspicy8","p2":"moniika","format":"[Gen 9] National Dex","log":"|html|<div class=\"broadcast-blue\"><strong>[Gen 9] National Dex is currently suspecting Sneasler! For information on how to participate check out the <a href=\"https:\/\/www.smogon.com\/forums\/threads\/sv-national-dex-suspect-8-just-dance.3731534\/\">suspect thread<\/a>.<\/strong><\/div>\n|j|\u2606johnspicy8\n|j|\u2606moniika\n|t:|1700483084\n|gametype|singles\n|player|p1|johnspicy8|emmet|\n|player|p2|moniika|hexmaniac-gen6|\n|teamsize|p1|6\n|teamsize|p2|6\n|gen|9\n|tier|[Gen 9] National Dex\n|rule|HP Percentage Mod: HP is shown in percentages\n|rule|Endless Battle Clause: Forcing endless battles is banned\n|rule|OHKO Clause: OHKO moves are banned\n|rule|Evasion Clause: Evasion abilities, items, and moves are banned\n|rule|Evasion Abilities Clause: Evasion abilities are banned\n|rule|Evasion Items Clause: Evasion items are banned\n|rule|Evasion Moves Clause: Evasion moves are banned\n|rule|Species Clause: Limit one of each Pok\u00e9mon\n|rule|Sleep Clause Mod: Limit one foe put to sleep\n|clearpoke\n|poke|p1|Tornadus-Therian, M|\n|poke|p1|Ogerpon-Wellspring, F|\n|poke|p1|Toxapex, M|\n|poke|p1|Landorus-Therian, M|\n|poke|p1|Lopunny, F|\n|poke|p1|Heatran, M|\n|poke|p2|Gardevoir, F|\n|poke|p2|Garchomp, F|\n|poke|p2|Bisharp, F|\n|poke|p2|Serperior, F|\n|poke|p2|Ribombee, M|\n|poke|p2|Ditto|\n|teampreview\n|inactive|Battle timer is ON: inactive players will automatically lose when time's up. (requested by johnspicy8)\n|inactive|moniika also wants the timer to be on.\n|\n|t:|1700483094\n|start\n|switch|p1a: 10 SHADOWS|Tornadus-Therian, M|100\/100\n|switch|p2a: Beezilla|Ribombee, M, shiny|100\/100\n|turn|1\n|c|\u2606johnspicy8|glhf\n|c|\u2606moniika|nah I'd win\n|\n|t:|1700483103\n|move|p2a: Beezilla|Stun Spore|p1a: 10 SHADOWS\n|-status|p1a: 10 SHADOWS|par\n|move|p1a: 10 SHADOWS|Hurricane|p2a: Beezilla\n|-supereffective|p2a: Beezilla\n|-enditem|p2a: Beezilla|Focus Sash\n|-damage|p2a: Beezilla|1\/100\n|\n|upkeep\n|turn|2\n|\n|t:|1700483109\n|move|p2a: Beezilla|Sticky Web|p1a: 10 SHADOWS\n|-sidestart|p1: johnspicy8|move: Sticky Web\n|cant|p1a: 10 SHADOWS|par\n|\n|upkeep\n|turn|3\n|\n|t:|1700483119\n|move|p2a: Beezilla|Moonblast|p1a: 10 SHADOWS\n|-damage|p1a: 10 SHADOWS|56\/100 par\n|move|p1a: 10 SHADOWS|U-turn|p2a: Beezilla\n|-resisted|p2a: Beezilla\n|-damage|p2a: Beezilla|0 fnt\n|faint|p2a: Beezilla\n|\n|t:|1700483128\n|switch|p1a: MAHORAGA|Lopunny, F|100\/100|[from] U-turn\n|-activate|p1a: MAHORAGA|move: Sticky Web\n|-unboost|p1a: MAHORAGA|spe|1\n|\n|upkeep\n|\n|t:|1700483137\n|switch|p2a: Hurtcore|Garchomp, F, shiny|100\/100\n|turn|4\n|\n|t:|1700483143\n|switch|p1a: DIVINE GENERAL|Landorus-Therian, M|100\/100\n|-ability|p1a: DIVINE GENERAL|Intimidate|boost\n|-unboost|p2a: Hurtcore|atk|1\n|move|p2a: Hurtcore|Swords Dance|p2a: Hurtcore\n|-boost|p2a: Hurtcore|atk|2\n|\n|upkeep\n|turn|5\n|\n|t:|1700483153\n|move|p2a: Hurtcore|Swords Dance|p2a: Hurtcore\n|-boost|p2a: Hurtcore|atk|2\n|move|p1a: DIVINE GENERAL|Defog|p2a: Hurtcore\n|-unboost|p2a: Hurtcore|evasion|1\n|-sideend|p1: johnspicy8|Sticky Web|[from] move: Defog|[of] p1a: DIVINE GENERAL\n|\n|upkeep\n|turn|6\n|\n|t:|1700483156\n|move|p2a: Hurtcore|Scale Shot|p1a: DIVINE GENERAL\n|-damage|p1a: DIVINE GENERAL|79\/100\n|-damage|p1a: DIVINE GENERAL|58\/100\n|-damage|p1a: DIVINE GENERAL|36\/100\n|-damage|p1a: DIVINE GENERAL|12\/100\n|-damage|p1a: DIVINE GENERAL|0 fnt\n|faint|p1a: DIVINE GENERAL\n|-hitcount|p1: DIVINE GENERAL|5\n|-unboost|p2a: Hurtcore|def|1\n|-boost|p2a: Hurtcore|spe|1\n|\n|upkeep\n|\n|t:|1700483160\n|switch|p1a: DIVERGENT SILA|Toxapex, M|100\/100\n|turn|7\n|c|\u2606moniika|nah I'd win\n|\n|t:|1700483173\n|-terastallize|p1a: DIVERGENT SILA|Fairy\n|move|p2a: Hurtcore|Scale Shot|p1a: DIVERGENT SILA\n|-immune|p1a: DIVERGENT SILA\n|move|p1a: DIVERGENT SILA|Haze|p1a: DIVERGENT SILA\n|-clearallboost\n|\n|upkeep\n|turn|8\n|c|\u2606johnspicy8|nah i'd wi\n|c|\u2606johnspicy8|n\n|\n|t:|1700483186\n|switch|p2a: Zankaoka|Bisharp, F, shiny|100\/100\n|move|p1a: DIVERGENT SILA|Toxic|p2a: Zankaoka\n|-immune|p2a: Zankaoka\n|\n|upkeep\n|turn|9\n|\n|t:|1700483192\n|switch|p1a: EXTERMINATIONBLADE|Heatran, M|100\/100\n|move|p2a: Zankaoka|Iron Head|p1a: EXTERMINATIONBLADE\n|-resisted|p1a: EXTERMINATIONBLADE\n|-damage|p1a: EXTERMINATIONBLADE|92\/100\n|\n|-heal|p1a: EXTERMINATIONBLADE|98\/100|[from] item: Leftovers\n|upkeep\n|turn|10\n|c|\u2606moniika|nah I'd win\n|c|\u2606johnspicy8|kuroe\n|c|\u2606johnspicy8|demolition\n|c|\u2606johnspicy8|PRUUUUUUUUUUUUU\n|\n|t:|1700483208\n|-terastallize|p2a: Zankaoka|Flying\n|move|p2a: Zankaoka|Knock Off|p1a: EXTERMINATIONBLADE\n|-damage|p1a: EXTERMINATIONBLADE|52\/100\n|-enditem|p1a: EXTERMINATIONBLADE|Leftovers|[from] move: Knock Off|[of] p2a: Zankaoka\n|move|p1a: EXTERMINATIONBLADE|Stealth Rock|p2a: Zankaoka\n|-sidestart|p2: moniika|move: Stealth Rock\n|\n|upkeep\n|turn|11\n|\n|t:|1700483220\n|switch|p2a: dingus|Ditto, shiny|100\/100\n|-damage|p2a: dingus|88\/100|[from] Stealth Rock\n|-transform|p2a: dingus|p1a: EXTERMINATIONBLADE|[from] ability: Imposter\n|move|p1a: EXTERMINATIONBLADE|Earth Power|p2a: dingus\n|-supereffective|p2a: dingus\n|-damage|p2a: dingus|9\/100\n|\n|upkeep\n|turn|12\n|c|\u2606moniika|wtf\n|c|\u2606johnspicy8|WRYAAAAA\n|c|\u2606johnspicy8|your going to watch monogatari\n|\n|t:|1700483239\n|switch|p1a: 8HANDLEDSWORD|Ogerpon-Wellspring, F|100\/100\n|move|p2a: dingus|Earth Power|p1a: 8HANDLEDSWORD\n|-resisted|p1a: 8HANDLEDSWORD\n|-damage|p1a: 8HANDLEDSWORD|85\/100\n|\n|upkeep\n|turn|13\n|\n|t:|1700483257\n|switch|p2a: Zankaoka|Bisharp, F, shiny, tera:Flying|100\/100\n|-damage|p2a: Zankaoka|76\/100|[from] Stealth Rock\n|move|p1a: 8HANDLEDSWORD|Spikes|p2a: Zankaoka\n|-sidestart|p2: moniika|Spikes\n|\n|upkeep\n|turn|14\n|\n|t:|1700483260\n|move|p1a: 8HANDLEDSWORD|Ivy Cudgel|p2a: Zankaoka|[anim] Ivy Cudgel Water\n|-damage|p2a: Zankaoka|29\/100\n|move|p2a: Zankaoka|Knock Off|p1a: 8HANDLEDSWORD\n|-damage|p1a: 8HANDLEDSWORD|41\/100\n|\n|upkeep\n|turn|15\n|\n|t:|1700483271\n|move|p2a: Zankaoka|Sucker Punch||[still]\n|-fail|p2a: Zankaoka\n|move|p1a: 8HANDLEDSWORD|Spikes|p2a: Zankaoka\n|-sidestart|p2: moniika|Spikes\n|\n|upkeep\n|turn|16\n|\n|t:|1700483274\n|move|p2a: Zankaoka|Sucker Punch||[still]\n|-fail|p2a: Zankaoka\n|move|p1a: 8HANDLEDSWORD|Spikes|p2a: Zankaoka\n|-sidestart|p2: moniika|Spikes\n|\n|upkeep\n|turn|17\n|\n|t:|1700483277\n|move|p2a: Zankaoka|Sucker Punch|p1a: 8HANDLEDSWORD\n|-damage|p1a: 8HANDLEDSWORD|0 fnt\n|faint|p1a: 8HANDLEDSWORD\n|\n|upkeep\n|\n|t:|1700483280\n|switch|p1a: MAHORAGA|Lopunny, F|100\/100\n|turn|18\n|c|\u2606moniika|I gtg\n|c|\u2606johnspicy8|gbyeee\n|c|\u2606moniika|we do this later\n|c|\u2606johnspicy8|have fun watching monogatari wryaaaaaa\n|c|\u2606moniika|getting yelled at already\n|inactive|moniika has 270 seconds left.\n|c|\u2606johnspicy8|rip\n|l|\u2606moniika\n|inactive|moniika disconnected and has 300 seconds to reconnect!\n|player|p2|\n|inactive|moniika has 270 seconds to reconnect!\n|inactive|moniika has 240 seconds to reconnect!\n|inactive|moniika has 210 seconds to reconnect!\n|inactive|moniika has 180 seconds to reconnect!\n|inactive|moniika has 150 seconds to reconnect!\n|inactive|moniika has 120 seconds to reconnect!\n|inactive|moniika has 90 seconds to reconnect!\n|inactive|moniika has 60 seconds to reconnect!\n|inactive|moniika has 30 seconds to reconnect!\n|inactive|moniika has 20 seconds to reconnect!\n|inactive|moniika has 15 seconds to reconnect!\n|inactive|moniika has 10 seconds to reconnect!\n|inactive|moniika has 5 seconds to reconnect!\n|-message|moniika lost due to inactivity.\n|\n|win|johnspicy8\n","uploadtime":1700483635,"views":1,"p1id":"johnspicy8","p2id":"moniika","formatid":"gen9nationaldex","rating":0,"private":0,"password":""}