{"id":"gen9nationaldex-1987459871","p1":"Xy1n","p2":"grass knot zygarde","format":"[Gen 9] National Dex","log":"|j|\u2606Xy1n\n|j|\u2606grass knot zygarde\n|t:|1699594984\n|gametype|singles\n|player|p1|Xy1n|marlon|\n|player|p2|grass knot zygarde|dawn|\n|teamsize|p1|6\n|teamsize|p2|6\n|gen|9\n|tier|[Gen 9] National Dex\n|rule|HP Percentage Mod: HP is shown in percentages\n|rule|Endless Battle Clause: Forcing endless battles is banned\n|rule|OHKO Clause: OHKO moves are banned\n|rule|Evasion Clause: Evasion abilities, items, and moves are banned\n|rule|Evasion Abilities Clause: Evasion abilities are banned\n|rule|Evasion Items Clause: Evasion items are banned\n|rule|Evasion Moves Clause: Evasion moves are banned\n|rule|Species Clause: Limit one of each Pok\u00e9mon\n|rule|Sleep Clause Mod: Limit one foe put to sleep\n|clearpoke\n|poke|p1|Moltres-Galar|\n|poke|p1|Excadrill, F|\n|poke|p1|Charizard, F|\n|poke|p1|Alomomola, F|\n|poke|p1|Hoopa-Unbound|\n|poke|p1|Gliscor, F|\n|poke|p2|Clodsire, F|\n|poke|p2|Ogerpon, F|\n|poke|p2|Magnezone|\n|poke|p2|Skeledirge, F|\n|poke|p2|Gliscor, M|\n|poke|p2|Slowking, F|\n|teampreview\n|inactive|Battle timer is ON: inactive players will automatically lose when time's up. (requested by grass knot zygarde)\n|inactive|Xy1n has 270 seconds left.\n|inactive|grass knot zygarde has 270 seconds left.\n|inactive|Xy1n has 240 seconds left.\n|inactive|grass knot zygarde has 240 seconds left.\n|\n|t:|1699595080\n|start\n|switch|p1a: Hoopa|Hoopa-Unbound|100\/100\n|switch|p2a: ye|Gliscor, M, shiny|100\/100\n|turn|1\n|\n|t:|1699595104\n|switch|p1a: Gliscor|Gliscor, F|100\/100\n|move|p2a: ye|Knock Off|p1a: Gliscor\n|-damage|p1a: Gliscor|83\/100\n|-enditem|p1a: Gliscor|Toxic Orb|[from] move: Knock Off|[of] p2a: ye\n|\n|-status|p2a: ye|tox|[from] item: Toxic Orb\n|upkeep\n|turn|2\n|c|\u2606grass knot zygarde|lol\n|c|\u2606Xy1n|fuck u\n|c|\u2606Xy1n|fuck u\n|c|\u2606Xy1n|fuck u\n|c|\u2606Xy1n|xD\n|\n|t:|1699595120\n|move|p1a: Gliscor|Spikes|p2a: ye\n|-sidestart|p2: grass knot zygarde|Spikes\n|move|p2a: ye|Spikes|p1a: Gliscor\n|-sidestart|p1: Xy1n|Spikes\n|\n|upkeep\n|turn|3\n|\n|t:|1699595124\n|move|p1a: Gliscor|Spikes|p2a: ye\n|-sidestart|p2: grass knot zygarde|Spikes\n|move|p2a: ye|Spikes|p1a: Gliscor\n|-sidestart|p1: Xy1n|Spikes\n|\n|upkeep\n|turn|4\n|\n|t:|1699595128\n|move|p1a: Gliscor|Spikes|p2a: ye\n|-sidestart|p2: grass knot zygarde|Spikes\n|move|p2a: ye|Spikes|p1a: Gliscor\n|-sidestart|p1: Xy1n|Spikes\n|\n|upkeep\n|turn|5\n|\n|t:|1699595139\n|switch|p1a: Alomomola|Alomomola, F|100\/100\n|move|p2a: ye|Knock Off|p1a: Alomomola\n|-damage|p1a: Alomomola|87\/100\n|-enditem|p1a: Alomomola|Heavy-Duty Boots|[from] move: Knock Off|[of] p2a: ye\n|\n|upkeep\n|turn|6\n|\n|t:|1699595145\n|move|p2a: ye|Toxic|p1a: Alomomola\n|-status|p1a: Alomomola|tox\n|move|p1a: Alomomola|Flip Turn|p2a: ye\n|-supereffective|p2a: ye\n|-damage|p2a: ye|80\/100 tox\n|\n|t:|1699595166\n|switch|p1a: Moltres|Moltres-Galar|100\/100|[from] Flip Turn\n|\n|-heal|p2a: ye|92\/100 tox|[from] ability: Poison Heal\n|upkeep\n|turn|7\n|\n|t:|1699595185\n|switch|p1a: Gliscor|Gliscor, F|83\/100\n|switch|p2a: ma|Magnezone|100\/100\n|-damage|p2a: ma|76\/100|[from] Spikes\n|\n|upkeep\n|turn|8\n|\n|t:|1699595198\n|switch|p2a: ye|Gliscor, M, shiny|92\/100 tox\n|move|p1a: Gliscor|Earthquake|p2a: ye\n|-immune|p2a: ye\n|\n|-heal|p2a: ye|100\/100 tox|[from] ability: Poison Heal\n|upkeep\n|turn|9\n|inactive|Xy1n has 270 seconds left.\n|\n|t:|1699595241\n|move|p1a: Gliscor|Roost|p1a: Gliscor\n|-heal|p1a: Gliscor|100\/100\n|-singleturn|p1a: Gliscor|move: Roost\n|move|p2a: ye|Knock Off|p1a: Gliscor\n|-damage|p1a: Gliscor|88\/100\n|\n|upkeep\n|turn|10\n|\n|t:|1699595256\n|switch|p1a: Alomomola|Alomomola, F|100\/100 tox\n|-damage|p1a: Alomomola|75\/100 tox|[from] Spikes\n|switch|p2a: agony|Slowking, F|100\/100\n|\n|-damage|p1a: Alomomola|69\/100 tox|[from] psn\n|upkeep\n|turn|11\n|\n|t:|1699595264\n|move|p1a: Alomomola|Wish|p1a: Alomomola\n|move|p2a: agony|Chilly Reception|p2a: agony\n|-weather|Snow\n|\n|t:|1699595270\n|switch|p2a: doublade guy|Ogerpon, F|100\/100|[from] Chilly Reception\n|\n|-weather|Snow|[upkeep]\n|-damage|p1a: Alomomola|57\/100 tox|[from] psn\n|upkeep\n|turn|12\n|inactive|Xy1n has 270 seconds left.\n|\n|t:|1699595289\n|switch|p1a: Hoopa|Hoopa-Unbound|100\/100\n|-damage|p1a: Hoopa|76\/100|[from] Spikes\n|move|p2a: doublade guy|Swords Dance|p2a: doublade guy\n|-boost|p2a: doublade guy|atk|2\n|\n|-weather|Snow|[upkeep]\n|-heal|p1a: Hoopa|100\/100|[from] move: Wish|[wisher] Alomomola\n|upkeep\n|turn|13\n|\n|t:|1699595305\n|switch|p2a: ye|Gliscor, M, shiny|100\/100 tox\n|move|p1a: Hoopa|Gunk Shot|p2a: ye\n|-resisted|p2a: ye\n|-crit|p2a: ye\n|-damage|p2a: ye|69\/100 tox\n|\n|-weather|Snow|[upkeep]\n|-heal|p2a: ye|81\/100 tox|[from] ability: Poison Heal\n|upkeep\n|turn|14\n|\n|t:|1699595312\n|switch|p1a: Alomomola|Alomomola, F|90\/100 tox\n|-damage|p1a: Alomomola|65\/100 tox|[from] Spikes\n|move|p2a: ye|Knock Off|p1a: Alomomola\n|-damage|p1a: Alomomola|57\/100 tox\n|\n|-weather|Snow|[upkeep]\n|-heal|p2a: ye|94\/100 tox|[from] ability: Poison Heal\n|-damage|p1a: Alomomola|51\/100 tox|[from] psn\n|upkeep\n|turn|15\n|\n|t:|1699595319\n|switch|p2a: doublade guy|Ogerpon, F|100\/100\n|move|p1a: Alomomola|Wish|p1a: Alomomola\n|\n|-weather|none\n|-damage|p1a: Alomomola|39\/100 tox|[from] psn\n|upkeep\n|turn|16\n|\n|t:|1699595324\n|move|p1a: Alomomola|Protect|p1a: Alomomola\n|-singleturn|p1a: Alomomola|Protect\n|move|p2a: doublade guy|Knock Off|p1a: Alomomola\n|-activate|p1a: Alomomola|move: Protect\n|\n|-heal|p1a: Alomomola|89\/100 tox|[from] move: Wish|[wisher] Alomomola\n|-damage|p1a: Alomomola|70\/100 tox|[from] psn\n|upkeep\n|turn|17\n|\n|t:|1699595330\n|move|p2a: doublade guy|Swords Dance|p2a: doublade guy\n|-boost|p2a: doublade guy|atk|2\n|move|p1a: Alomomola|Toxic|p2a: doublade guy\n|-status|p2a: doublade guy|tox\n|\n|-damage|p2a: doublade guy|95\/100 tox|[from] psn\n|-damage|p1a: Alomomola|46\/100 tox|[from] psn\n|upkeep\n|turn|18\n|\n|t:|1699595338\n|move|p1a: Alomomola|Protect|p1a: Alomomola\n|-singleturn|p1a: Alomomola|Protect\n|move|p2a: doublade guy|Knock Off|p1a: Alomomola\n|-activate|p1a: Alomomola|move: Protect\n|\n|-damage|p2a: doublade guy|83\/100 tox|[from] psn\n|-damage|p1a: Alomomola|15\/100 tox|[from] psn\n|upkeep\n|turn|19\n|\n|t:|1699595357\n|move|p2a: doublade guy|Knock Off|p1a: Alomomola\n|-crit|p1a: Alomomola\n|-damage|p1a: Alomomola|0 fnt\n|faint|p1a: Alomomola\n|\n|-damage|p2a: doublade guy|65\/100 tox|[from] psn\n|upkeep\n|\n|t:|1699595368\n|switch|p1a: The King|Charizard, F|100\/100\n|turn|20\n|\n|t:|1699595380\n|switch|p2a: idk who this is|Clodsire, F|100\/100\n|detailschange|p1a: The King|Charizard-Mega-Y, F\n|-mega|p1a: The King|Charizard|Charizardite Y\n|-weather|SunnyDay|[from] ability: Drought|[of] p1a: The King\n|move|p1a: The King|Air Slash|p2a: idk who this is|[miss]\n|-miss|p1a: The King|p2a: idk who this is\n|\n|-weather|SunnyDay|[upkeep]\n|upkeep\n|turn|21\n|inactive|Xy1n has 270 seconds left.\n|c|\u2606grass knot zygarde|rotten boy\n|c|\u2606Xy1n|shut up\n|c|\u2606grass knot zygarde|ungrateful boy\n|c|\u2606Xy1n|im trying okay\n|\n|t:|1699595414\n|switch|p1a: Gliscor|Gliscor, F|88\/100\n|move|p2a: idk who this is|Stealth Rock|p1a: Gliscor\n|-sidestart|p1: Xy1n|move: Stealth Rock\n|\n|-weather|SunnyDay|[upkeep]\n|upkeep\n|turn|22\n|\n|t:|1699595423\n|switch|p1a: Excadrill|Excadrill, F|100\/100\n|-damage|p1a: Excadrill|76\/100|[from] Spikes\n|-damage|p1a: Excadrill|73\/100|[from] Stealth Rock\n|-ability|p1a: Excadrill|Mold Breaker\n|switch|p2a: agony|Slowking, F|100\/100\n|\n|-weather|SunnyDay|[upkeep]\n|-heal|p1a: Excadrill|79\/100|[from] item: Leftovers\n|upkeep\n|turn|23\n|\n|t:|1699595426\n|move|p1a: Excadrill|Rapid Spin|p2a: agony\n|-damage|p2a: agony|88\/100\n|-boost|p1a: Excadrill|spe|1\n|-sideend|p1: Xy1n|Spikes|[from] move: Rapid Spin|[of] p1a: Excadrill\n|-sideend|p1: Xy1n|Stealth Rock|[from] move: Rapid Spin|[of] p1a: Excadrill\n|move|p2a: agony|Scald|p1a: Excadrill\n|-supereffective|p1a: Excadrill\n|-damage|p1a: Excadrill|50\/100\n|\n|-weather|SunnyDay|[upkeep]\n|-heal|p1a: Excadrill|56\/100|[from] item: Leftovers\n|upkeep\n|turn|24\n|\n|t:|1699595432\n|move|p1a: Excadrill|Iron Head|p2a: agony\n|-resisted|p2a: agony\n|-damage|p2a: agony|73\/100\n|move|p2a: agony|Chilly Reception|p2a: agony\n|-weather|Snow\n|c|\u2606Xy1n|oh my bad bro\n|\n|t:|1699595440\n|switch|p2a: ye|Gliscor, M, shiny|94\/100 tox|[from] Chilly Reception\n|\n|-weather|Snow|[upkeep]\n|-heal|p1a: Excadrill|63\/100|[from] item: Leftovers\n|-heal|p2a: ye|100\/100 tox|[from] ability: Poison Heal\n|upkeep\n|turn|25\n|c|\u2606Xy1n|i didnt know\n|\n|t:|1699595449\n|switch|p1a: Hoopa|Hoopa-Unbound|100\/100\n|move|p2a: ye|Toxic|p1a: Hoopa|[miss]\n|-miss|p2a: ye|p1a: Hoopa\n|\n|-weather|Snow|[upkeep]\n|upkeep\n|turn|26\n|c|\u2606grass knot zygarde|ungrateful boy\n|\n|t:|1699595460\n|move|p1a: Hoopa|Zen Headbutt|p2a: ye\n|-damage|p2a: ye|56\/100 tox\n|cant|p2a: ye|flinch\n|\n|-weather|Snow|[upkeep]\n|-heal|p2a: ye|69\/100 tox|[from] ability: Poison Heal\n|upkeep\n|turn|27\n|c|\u2606grass knot zygarde|UNGRATEFUL BOU\n|c|\u2606Xy1n|i didnt know zen headbut could flinch\n|\n|t:|1699595482\n|-terastallize|p1a: Hoopa|Psychic\n|move|p2a: ye|Protect|p2a: ye\n|-singleturn|p2a: ye|Protect\n|move|p1a: Hoopa|Zen Headbutt|p2a: ye\n|-activate|p2a: ye|move: Protect\n|\n|-weather|Snow|[upkeep]\n|-heal|p2a: ye|81\/100 tox|[from] ability: Poison Heal\n|upkeep\n|turn|28\n|\n|t:|1699595492\n|move|p1a: Hoopa|Zen Headbutt|p2a: ye\n|-damage|p2a: ye|19\/100 tox\n|move|p2a: ye|Toxic|p1a: Hoopa\n|-status|p1a: Hoopa|tox\n|\n|-weather|none\n|-damage|p1a: Hoopa|95\/100 tox|[from] psn\n|-heal|p2a: ye|32\/100 tox|[from] ability: Poison Heal\n|upkeep\n|turn|29\n|\n|t:|1699595512\n|switch|p1a: Moltres|Moltres-Galar|100\/100\n|move|p2a: ye|Protect||[still]\n|-fail|p2a: ye\n|\n|-heal|p2a: ye|44\/100 tox|[from] ability: Poison Heal\n|upkeep\n|turn|30\n|\n|t:|1699595523\n|switch|p1a: Excadrill|Excadrill, F|63\/100\n|-ability|p1a: Excadrill|Mold Breaker\n|move|p2a: ye|Toxic|p1a: Excadrill\n|-immune|p1a: Excadrill\n|\n|-heal|p1a: Excadrill|69\/100|[from] item: Leftovers\n|-heal|p2a: ye|56\/100 tox|[from] ability: Poison Heal\n|upkeep\n|turn|31\n|\n|t:|1699595528\n|move|p1a: Excadrill|Iron Head|p2a: ye\n|-damage|p2a: ye|34\/100 tox\n|cant|p2a: ye|flinch\n|\n|-heal|p1a: Excadrill|75\/100|[from] item: Leftovers\n|-heal|p2a: ye|46\/100 tox|[from] ability: Poison Heal\n|upkeep\n|turn|32\n|c|\u2606Xy1n|lol\n|c|\u2606grass knot zygarde|brother STOP\n|\n|t:|1699595541\n|move|p1a: Excadrill|Iron Head|p2a: ye\n|-damage|p2a: ye|23\/100 tox\n|move|p2a: ye|Knock Off|p1a: Excadrill\n|-damage|p1a: Excadrill|46\/100\n|-enditem|p1a: Excadrill|Leftovers|[from] move: Knock Off|[of] p2a: ye\n|\n|-heal|p2a: ye|36\/100 tox|[from] ability: Poison Heal\n|upkeep\n|turn|33\n|\n|t:|1699595547\n|move|p2a: ye|Protect|p2a: ye\n|-singleturn|p2a: ye|Protect\n|move|p1a: Excadrill|Iron Head|p2a: ye\n|-activate|p2a: ye|move: Protect\n|\n|-heal|p2a: ye|48\/100 tox|[from] ability: Poison Heal\n|upkeep\n|turn|34\n|\n|t:|1699595550\n|move|p1a: Excadrill|Iron Head|p2a: ye\n|-damage|p2a: ye|23\/100 tox\n|move|p2a: ye|Spikes|p1a: Excadrill\n|-sidestart|p1: Xy1n|Spikes\n|\n|-heal|p2a: ye|36\/100 tox|[from] ability: Poison Heal\n|upkeep\n|turn|35\n|\n|t:|1699595554\n|move|p2a: ye|Protect|p2a: ye\n|-singleturn|p2a: ye|Protect\n|move|p1a: Excadrill|Rapid Spin|p2a: ye\n|-activate|p2a: ye|move: Protect\n|\n|-heal|p2a: ye|48\/100 tox|[from] ability: Poison Heal\n|upkeep\n|turn|36\n|\n|t:|1699595562\n|move|p1a: Excadrill|Rapid Spin|p2a: ye\n|-damage|p2a: ye|37\/100 tox\n|-boost|p1a: Excadrill|spe|1\n|-sideend|p1: Xy1n|Spikes|[from] move: Rapid Spin|[of] p1a: Excadrill\n|move|p2a: ye|Knock Off|p1a: Excadrill\n|-damage|p1a: Excadrill|24\/100\n|\n|-heal|p2a: ye|50\/100 tox|[from] ability: Poison Heal\n|upkeep\n|turn|37\n|\n|t:|1699595571\n|move|p2a: ye|Protect|p2a: ye\n|-singleturn|p2a: ye|Protect\n|move|p1a: Excadrill|Iron Head|p2a: ye\n|-activate|p2a: ye|move: Protect\n|\n|-heal|p2a: ye|62\/100 tox|[from] ability: Poison Heal\n|upkeep\n|turn|38\n|\n|t:|1699595575\n|move|p1a: Excadrill|Iron Head|p2a: ye\n|-damage|p2a: ye|36\/100 tox\n|cant|p2a: ye|flinch\n|\n|-heal|p2a: ye|49\/100 tox|[from] ability: Poison Heal\n|upkeep\n|turn|39\n|\n|t:|1699595582\n|switch|p1a: Hoopa|Hoopa-Unbound, tera:Psychic|95\/100 tox\n|move|p2a: ye|Protect||[still]\n|-fail|p2a: ye\n|\n|-damage|p1a: Hoopa|89\/100 tox|[from] psn\n|-heal|p2a: ye|61\/100 tox|[from] ability: Poison Heal\n|upkeep\n|turn|40\n|c|\u2606grass knot zygarde|oh my god\n|\n|t:|1699595587\n|move|p2a: ye|Protect|p2a: ye\n|-singleturn|p2a: ye|Protect\n|move|p1a: Hoopa|Zen Headbutt|p2a: ye\n|-activate|p2a: ye|move: Protect\n|\n|-damage|p1a: Hoopa|77\/100 tox|[from] psn\n|-heal|p2a: ye|74\/100 tox|[from] ability: Poison Heal\n|upkeep\n|turn|41\n|c|\u2606Xy1n|crit\n|\n|t:|1699595592\n|move|p1a: Hoopa|Zen Headbutt|p2a: ye\n|-damage|p2a: ye|19\/100 tox\n|move|p2a: ye|Knock Off|p1a: Hoopa\n|-supereffective|p1a: Hoopa\n|-damage|p1a: Hoopa|0 fnt\n|-enditem|p1a: Hoopa|Choice Band|[from] move: Knock Off|[of] p2a: ye\n|faint|p1a: Hoopa\n|\n|-heal|p2a: ye|31\/100 tox|[from] ability: Poison Heal\n|upkeep\n|c|\u2606Xy1n|wow\n|c|\u2606Xy1n|gay game\n|c|\u2606grass knot zygarde|i swear\n|\n|t:|1699595602\n|switch|p1a: Moltres|Moltres-Galar|100\/100\n|turn|42\n|\n|t:|1699595606\n|move|p1a: Moltres|Nasty Plot|p1a: Moltres\n|-boost|p1a: Moltres|spa|2\n|move|p2a: ye|Toxic|p1a: Moltres\n|-status|p1a: Moltres|tox\n|\n|-damage|p1a: Moltres|94\/100 tox|[from] psn\n|-heal|p2a: ye|44\/100 tox|[from] ability: Poison Heal\n|upkeep\n|turn|43\n|\n|t:|1699595611\n|move|p2a: ye|Protect|p2a: ye\n|-singleturn|p2a: ye|Protect\n|move|p1a: Moltres|Fiery Wrath|p2a: ye\n|-activate|p2a: ye|move: Protect\n|\n|-damage|p1a: Moltres|82\/100 tox|[from] psn\n|-heal|p2a: ye|56\/100 tox|[from] ability: Poison Heal\n|upkeep\n|turn|44\n|c|\u2606Xy1n|bro u suck\n|\n|t:|1699595618\n|move|p1a: Moltres|Fiery Wrath|p2a: ye\n|-damage|p2a: ye|0 fnt\n|faint|p2a: ye\n|\n|-damage|p1a: Moltres|63\/100 tox|[from] psn\n|upkeep\n|\n|t:|1699595621\n|switch|p2a: idk who this is|Clodsire, F|100\/100\n|turn|45\n|c|\u2606Xy1n|u dont suck but i just dont like ur toxic spam\n|\n|t:|1699595628\n|move|p1a: Moltres|Fiery Wrath|p2a: idk who this is\n|-damage|p2a: idk who this is|56\/100\n|move|p2a: idk who this is|Stealth Rock|p1a: Moltres\n|-sidestart|p1: Xy1n|move: Stealth Rock\n|\n|-damage|p1a: Moltres|38\/100 tox|[from] psn\n|upkeep\n|turn|46\n|\n|t:|1699595632\n|move|p1a: Moltres|Fiery Wrath|p2a: idk who this is\n|-damage|p2a: idk who this is|13\/100\n|move|p2a: idk who this is|Recover|p2a: idk who this is\n|-heal|p2a: idk who this is|63\/100\n|\n|-damage|p1a: Moltres|7\/100 tox|[from] psn\n|upkeep\n|turn|47\n|\n|t:|1699595641\n|move|p1a: Moltres|Fiery Wrath|p2a: idk who this is\n|-damage|p2a: idk who this is|16\/100\n|move|p2a: idk who this is|Recover|p2a: idk who this is\n|-heal|p2a: idk who this is|66\/100\n|\n|-damage|p1a: Moltres|0 fnt|[from] psn\n|faint|p1a: Moltres\n|upkeep\n|\n|t:|1699595646\n|switch|p1a: Excadrill|Excadrill, F|24\/100\n|-damage|p1a: Excadrill|21\/100|[from] Stealth Rock\n|-ability|p1a: Excadrill|Mold Breaker\n|turn|48\n|c|\u2606grass knot zygarde|deal wit it boy\n|\n|t:|1699595659\n|switch|p2a: agony|Slowking, F|100\/100\n|move|p1a: Excadrill|Rapid Spin|p2a: agony\n|-damage|p2a: agony|88\/100\n|-boost|p1a: Excadrill|spe|1\n|-sideend|p1: Xy1n|Stealth Rock|[from] move: Rapid Spin|[of] p1a: Excadrill\n|\n|upkeep\n|turn|49\n|\n|t:|1699595664\n|move|p1a: Excadrill|Toxic|p2a: agony\n|-status|p2a: agony|tox\n|move|p2a: agony|Scald|p1a: Excadrill\n|-supereffective|p1a: Excadrill\n|-damage|p1a: Excadrill|0 fnt\n|faint|p1a: Excadrill\n|\n|-damage|p2a: agony|81\/100 tox|[from] psn\n|upkeep\n|\n|t:|1699595671\n|switch|p1a: The King|Charizard-Mega-Y, F|100\/100\n|-weather|SunnyDay|[from] ability: Drought|[of] p1a: The King\n|turn|50\n|\n|t:|1699595675\n|switch|p2a: motorcycle|Skeledirge, F|100\/100\n|move|p1a: The King|Solar Beam||[still]\n|-prepare|p1a: The King|Solar Beam\n|-anim|p1a: The King|Solar Beam|p2a: motorcycle\n|-resisted|p2a: motorcycle\n|-damage|p2a: motorcycle|77\/100\n|\n|-weather|SunnyDay|[upkeep]\n|upkeep\n|turn|51\n|\n|t:|1699595683\n|move|p1a: The King|Rock Slide|p2a: motorcycle\n|-supereffective|p2a: motorcycle\n|-crit|p2a: motorcycle\n|-damage|p2a: motorcycle|43\/100\n|move|p2a: motorcycle|Will-O-Wisp|p1a: The King\n|-immune|p1a: The King\n|\n|-weather|SunnyDay|[upkeep]\n|upkeep\n|turn|52\n|c|\u2606grass knot zygarde|can u like\n|c|\u2606Xy1n|what did bro try doing\n|c|\u2606grass knot zygarde|stop using this\n|\n|t:|1699595696\n|move|p1a: The King|Rock Slide|p2a: motorcycle\n|-supereffective|p2a: motorcycle\n|-damage|p2a: motorcycle|22\/100\n|move|p2a: motorcycle|Slack Off|p2a: motorcycle\n|-heal|p2a: motorcycle|72\/100\n|\n|-weather|SunnyDay|[upkeep]\n|upkeep\n|turn|53\n|\n|t:|1699595704\n|move|p1a: The King|Rock Slide|p2a: motorcycle\n|-supereffective|p2a: motorcycle\n|-damage|p2a: motorcycle|49\/100\n|move|p2a: motorcycle|Torch Song|p1a: The King\n|-resisted|p1a: The King\n|-damage|p1a: The King|77\/100\n|-boost|p2a: motorcycle|spa|1\n|\n|-weather|SunnyDay|[upkeep]\n|upkeep\n|turn|54\n|\n|t:|1699595712\n|move|p1a: The King|Rock Slide|p2a: motorcycle\n|-supereffective|p2a: motorcycle\n|-damage|p2a: motorcycle|28\/100\n|cant|p2a: motorcycle|flinch\n|\n|-weather|none\n|upkeep\n|turn|55\n|c|\u2606Xy1n|naw\n|c|\u2606Xy1n|bro\n|c|\u2606Xy1n|can i please CRIT\n|\n|t:|1699595723\n|move|p1a: The King|Rock Slide|p2a: motorcycle\n|-supereffective|p2a: motorcycle\n|-damage|p2a: motorcycle|7\/100\n|cant|p2a: motorcycle|flinch\n|\n|upkeep\n|turn|56\n|c|\u2606Xy1n|hah\n|c|\u2606Xy1n|that works too\n|c|\u2606Xy1n|why do i get so lucky\n|c|\u2606grass knot zygarde|u dont deserve this win\n|inactive|grass knot zygarde has 270 seconds left.\n|c|\u2606grass knot zygarde|what am i saying\n|c|\u2606Xy1n|i wanna kill 1 mon by skill once\n|c|\u2606Xy1n|u win either way\n|c|\u2606grass knot zygarde|ur not winning regardless\n|c|\u2606grass knot zygarde|lol\n|\n|t:|1699595767\n|move|p1a: The King|Rock Slide|p2a: motorcycle\n|-supereffective|p2a: motorcycle\n|-damage|p2a: motorcycle|0 fnt\n|faint|p2a: motorcycle\n|\n|upkeep\n|c|\u2606Xy1n|ik\n|\n|t:|1699595771\n|switch|p2a: agony|Slowking, F|100\/100 tox\n|turn|57\n|\n|t:|1699595782\n|switch|p1a: Gliscor|Gliscor, F|88\/100\n|move|p2a: agony|Scald|p1a: Gliscor\n|-supereffective|p1a: Gliscor\n|-damage|p1a: Gliscor|42\/100\n|-status|p1a: Gliscor|brn\n|\n|-damage|p2a: agony|94\/100 tox|[from] psn\n|-damage|p1a: Gliscor|35\/100 brn|[from] brn\n|upkeep\n|turn|58\n|\n|t:|1699595789\n|move|p1a: Gliscor|Roost|p1a: Gliscor\n|-heal|p1a: Gliscor|85\/100 brn\n|-singleturn|p1a: Gliscor|move: Roost\n|move|p2a: agony|Chilly Reception|p2a: agony\n|-weather|Snow\n|\n|t:|1699595794\n|switch|p2a: doublade guy|Ogerpon, F|65\/100 tox|[from] Chilly Reception\n|\n|-weather|Snow|[upkeep]\n|-damage|p2a: doublade guy|59\/100 tox|[from] psn\n|-damage|p1a: Gliscor|79\/100 brn|[from] brn\n|upkeep\n|turn|59\n|\n|t:|1699595798\n|move|p2a: doublade guy|Swords Dance|p2a: doublade guy\n|-boost|p2a: doublade guy|atk|2\n|move|p1a: Gliscor|Earthquake|p2a: doublade guy\n|-resisted|p2a: doublade guy\n|-crit|p2a: doublade guy\n|-damage|p2a: doublade guy|43\/100 tox\n|\n|-weather|Snow|[upkeep]\n|-damage|p2a: doublade guy|31\/100 tox|[from] psn\n|-damage|p1a: Gliscor|73\/100 brn|[from] brn\n|upkeep\n|turn|60\n|\n|t:|1699595804\n|move|p2a: doublade guy|Synthesis|p2a: doublade guy\n|-heal|p2a: doublade guy|56\/100 tox\n|move|p1a: Gliscor|Roost|p1a: Gliscor\n|-heal|p1a: Gliscor|100\/100 brn\n|-singleturn|p1a: Gliscor|move: Roost\n|\n|-weather|Snow|[upkeep]\n|-damage|p2a: doublade guy|38\/100 tox|[from] psn\n|-damage|p1a: Gliscor|94\/100 brn|[from] brn\n|upkeep\n|turn|61\n|\n|t:|1699595809\n|move|p2a: doublade guy|Ivy Cudgel|p1a: Gliscor\n|-damage|p1a: Gliscor|0 fnt\n|faint|p1a: Gliscor\n|\n|-weather|Snow|[upkeep]\n|-damage|p2a: doublade guy|14\/100 tox|[from] psn\n|upkeep\n|\n|t:|1699595811\n|switch|p1a: The King|Charizard-Mega-Y, F|77\/100\n|-weather|SunnyDay|[from] ability: Drought|[of] p1a: The King\n|turn|62\n|c|\u2606grass knot zygarde|gg\n|c|\u2606Xy1n|GG\n|\n|t:|1699595830\n|-terastallize|p2a: doublade guy|Grass\n|detailschange|p2a: doublade guy|Ogerpon-Teal-Tera, F, tera:Grass\n|-ability|p2a: doublade guy|Embody Aspect (Teal)|boost\n|-boost|p2a: doublade guy|spe|1\n|move|p2a: doublade guy|Knock Off|p1a: The King\n|-damage|p1a: The King|9\/100\n|move|p1a: The King|Flamethrower|p2a: doublade guy\n|-supereffective|p2a: doublade guy\n|-damage|p2a: doublade guy|0 fnt\n|faint|p2a: doublade guy\n|\n|-weather|SunnyDay|[upkeep]\n|upkeep\n|c|\u2606Xy1n|????\n|\n|t:|1699595837\n|switch|p2a: ma|Magnezone|76\/100\n|-damage|p2a: ma|51\/100|[from] Spikes\n|turn|63\n|\n|t:|1699595841\n|move|p2a: ma|Thunderbolt|p1a: The King\n|-supereffective|p1a: The King\n|-damage|p1a: The King|0 fnt\n|faint|p1a: The King\n|\n|win|grass knot zygarde\n|c|\u2606Xy1n|is that specs?\n|c|\u2606grass knot zygarde|pffr\n|c|\u2606grass knot zygarde|hes not smart\n","uploadtime":1699595859,"views":4,"p1id":"xy1n","p2id":"grassknotzygarde","formatid":"gen9nationaldex","rating":0,"private":0,"password":""}