{"id":"gen9nationaldex-1991209041","p1":"FlyingSudowoodo","p2":"xiaoqing three","format":"[Gen 9] National Dex","log":"|j|\u2606FlyingSudowoodo\n|j|\u2606xiaoqing three\n|t:|1700057359\n|gametype|singles\n|player|p1|FlyingSudowoodo|juan|1432\n|player|p2|xiaoqing three|grusha|1504\n|teamsize|p1|6\n|teamsize|p2|6\n|gen|9\n|tier|[Gen 9] National Dex\n|rated|\n|rule|HP Percentage Mod: HP is shown in percentages\n|rule|Endless Battle Clause: Forcing endless battles is banned\n|rule|OHKO Clause: OHKO moves are banned\n|rule|Evasion Clause: Evasion abilities, items, and moves are banned\n|rule|Evasion Abilities Clause: Evasion abilities are banned\n|rule|Evasion Items Clause: Evasion items are banned\n|rule|Evasion Moves Clause: Evasion moves are banned\n|rule|Species Clause: Limit one of each Pok\u00e9mon\n|rule|Sleep Clause Mod: Limit one foe put to sleep\n|clearpoke\n|poke|p1|Ceruledge, M|\n|poke|p1|Bisharp, M|\n|poke|p1|Diancie|\n|poke|p1|Clodsire, M|\n|poke|p1|Alomomola, M|\n|poke|p1|Celesteela|\n|poke|p2|Rillaboom, M|\n|poke|p2|Heatran, F|\n|poke|p2|Urshifu-*, F|\n|poke|p2|Slowking-Galar, F|\n|poke|p2|Thundurus-Therian, M|\n|poke|p2|Weezing-Galar, F|\n|teampreview\n|inactive|Battle timer is ON: inactive players will automatically lose when time's up. (requested by FlyingSudowoodo)\n|\n|t:|1700057376\n|start\n|switch|p1a: Bisharp|Bisharp, M|100\/100\n|switch|p2a: Urshifu|Urshifu-Rapid-Strike, F|100\/100\n|turn|1\n|\n|t:|1700057385\n|switch|p1a: Alomomola|Alomomola, M|100\/100\n|move|p2a: Urshifu|Surging Strikes|p1a: Alomomola\n|-resisted|p1a: Alomomola\n|-crit|p1a: Alomomola\n|-damage|p1a: Alomomola|92\/100\n|-resisted|p1a: Alomomola\n|-crit|p1a: Alomomola\n|-damage|p1a: Alomomola|83\/100\n|-resisted|p1a: Alomomola\n|-crit|p1a: Alomomola\n|-damage|p1a: Alomomola|74\/100\n|-hitcount|p1a: Alomomola|3\n|\n|upkeep\n|turn|2\n|\n|t:|1700057400\n|switch|p2a: Thundurus|Thundurus-Therian, M|100\/100\n|move|p1a: Alomomola|Flip Turn|p2a: Thundurus\n|-damage|p2a: Thundurus|76\/100\n|\n|t:|1700057408\n|switch|p1a: Diancie|Diancie|100\/100|[from] Flip Turn\n|\n|upkeep\n|turn|3\n|\n|t:|1700057417\n|detailschange|p1a: Diancie|Diancie-Mega\n|-mega|p1a: Diancie|Diancie|Diancite\n|move|p2a: Thundurus|Volt Switch|p1a: Diancie\n|-damage|p1a: Diancie|47\/100\n|\n|t:|1700057434\n|switch|p2a: Slowking|Slowking-Galar, F|100\/100|[from] Volt Switch\n|move|p1a: Diancie|Diamond Storm|p2a: Slowking\n|-damage|p2a: Slowking|61\/100\n|-boost|p1a: Diancie|def|2\n|\n|upkeep\n|turn|4\n|\n|t:|1700057449\n|move|p1a: Diancie|Earth Power|p2a: Slowking\n|-supereffective|p2a: Slowking\n|-damage|p2a: Slowking|6\/100\n|move|p2a: Slowking|Future Sight|p1a: Diancie\n|-start|p2a: Slowking|move: Future Sight\n|\n|upkeep\n|turn|5\n|\n|t:|1700057464\n|switch|p2a: Thundurus|Thundurus-Therian, M|76\/100\n|move|p1a: Diancie|Diamond Storm|p2a: Thundurus\n|-supereffective|p2a: Thundurus\n|-damage|p2a: Thundurus|0 fnt\n|-boost|p1a: Diancie|def|2\n|faint|p2a: Thundurus\n|\n|upkeep\n|\n|t:|1700057472\n|switch|p2a: Rillaboom|Rillaboom, M|100\/100\n|-fieldstart|move: Grassy Terrain|[from] ability: Grassy Surge|[of] p2a: Rillaboom\n|turn|6\n|\n|t:|1700057493\n|move|p1a: Diancie|Mystical Fire|p2a: Rillaboom\n|-supereffective|p2a: Rillaboom\n|-damage|p2a: Rillaboom|20\/100\n|-unboost|p2a: Rillaboom|spa|1\n|move|p2a: Rillaboom|U-turn|p1a: Diancie\n|-resisted|p1a: Diancie\n|-damage|p1a: Diancie|39\/100\n|\n|t:|1700057510\n|switch|p2a: Heatran|Heatran, F|100\/100|[from] U-turn\n|\n|-end|p1a: Diancie|move: Future Sight\n|-damage|p1a: Diancie|0 fnt\n|faint|p1a: Diancie\n|upkeep\n|\n|t:|1700057525\n|switch|p1a: Alomomola|Alomomola, M|100\/100\n|turn|7\n|\n|t:|1700057530\n|move|p2a: Heatran|Taunt|p1a: Alomomola\n|-start|p1a: Alomomola|move: Taunt\n|move|p1a: Alomomola|Flip Turn|p2a: Heatran\n|-supereffective|p2a: Heatran\n|-damage|p2a: Heatran|71\/100\n|\n|t:|1700057538\n|switch|p1a: Clodsire|Clodsire, M|100\/100|[from] Flip Turn\n|\n|-heal|p2a: Heatran|77\/100|[from] Grassy Terrain\n|-heal|p2a: Heatran|83\/100|[from] item: Leftovers\n|upkeep\n|turn|8\n|\n|t:|1700057549\n|move|p2a: Heatran|Taunt|p1a: Clodsire\n|-start|p1a: Clodsire|move: Taunt\n|move|p1a: Clodsire|Liquidation|p2a: Heatran\n|-supereffective|p2a: Heatran\n|-damage|p2a: Heatran|56\/100\n|-unboost|p2a: Heatran|def|1\n|\n|-heal|p2a: Heatran|62\/100|[from] Grassy Terrain\n|-heal|p2a: Heatran|68\/100|[from] item: Leftovers\n|upkeep\n|turn|9\n|\n|t:|1700057569\n|switch|p1a: Bisharp|Bisharp, M|100\/100\n|move|p2a: Heatran|Stealth Rock|p1a: Bisharp\n|-sidestart|p1: FlyingSudowoodo|move: Stealth Rock\n|\n|-heal|p2a: Heatran|75\/100|[from] Grassy Terrain\n|-heal|p2a: Heatran|81\/100|[from] item: Leftovers\n|upkeep\n|turn|10\n|\n|t:|1700057585\n|move|p1a: Bisharp|Swords Dance|p1a: Bisharp\n|-boost|p1a: Bisharp|atk|2\n|move|p2a: Heatran|Magma Storm|p1a: Bisharp\n|-supereffective|p1a: Bisharp\n|-damage|p1a: Bisharp|9\/100\n|-activate|p1a: Bisharp|move: Magma Storm|[of] p2a: Heatran\n|\n|-heal|p1a: Bisharp|15\/100|[from] Grassy Terrain\n|-heal|p2a: Heatran|87\/100|[from] Grassy Terrain\n|-heal|p2a: Heatran|93\/100|[from] item: Leftovers\n|-damage|p1a: Bisharp|3\/100|[from] move: Magma Storm|[partiallytrapped]\n|-fieldend|move: Grassy Terrain\n|upkeep\n|turn|11\n|\n|t:|1700057598\n|move|p1a: Bisharp|Knock Off|p2a: Heatran\n|-damage|p2a: Heatran|0 fnt\n|-enditem|p2a: Heatran|Leftovers|[from] move: Knock Off|[of] p1a: Bisharp\n|faint|p2a: Heatran\n|\n|-end|p1a: Bisharp|Magma Storm|[partiallytrapped]|[silent]\n|upkeep\n|\n|t:|1700057604\n|switch|p2a: Rillaboom|Rillaboom, M|20\/100\n|-fieldstart|move: Grassy Terrain|[from] ability: Grassy Surge|[of] p2a: Rillaboom\n|turn|12\n|\n|t:|1700057609\n|move|p2a: Rillaboom|Grassy Glide|p1a: Bisharp\n|-resisted|p1a: Bisharp\n|-damage|p1a: Bisharp|0 fnt\n|faint|p1a: Bisharp\n|\n|-heal|p2a: Rillaboom|26\/100|[from] Grassy Terrain\n|upkeep\n|\n|t:|1700057619\n|switch|p1a: Ceruledge|Ceruledge, M|100\/100\n|-damage|p1a: Ceruledge|76\/100|[from] Stealth Rock\n|turn|13\n|\n|t:|1700057629\n|-terastallize|p2a: Rillaboom|Grass\n|move|p1a: Ceruledge|Endure|p1a: Ceruledge\n|-singleturn|p1a: Ceruledge|move: Endure\n|move|p2a: Rillaboom|Grassy Glide|p1a: Ceruledge\n|-resisted|p1a: Ceruledge\n|-damage|p1a: Ceruledge|21\/100\n|-ability|p1a: Ceruledge|Weak Armor|boost\n|-unboost|p1a: Ceruledge|def|1\n|-boost|p1a: Ceruledge|spe|2\n|\n|-heal|p1a: Ceruledge|27\/100|[from] Grassy Terrain\n|-heal|p2a: Rillaboom|32\/100|[from] Grassy Terrain\n|upkeep\n|turn|14\n|\n|t:|1700057642\n|-terastallize|p1a: Ceruledge|Fire\n|move|p1a: Ceruledge|Shadow Sneak|p2a: Rillaboom\n|-damage|p2a: Rillaboom|10\/100\n|move|p2a: Rillaboom|Grassy Glide|p1a: Ceruledge\n|-resisted|p1a: Ceruledge\n|-damage|p1a: Ceruledge|0 fnt\n|faint|p1a: Ceruledge\n|\n|-heal|p2a: Rillaboom|17\/100|[from] Grassy Terrain\n|upkeep\n|\n|t:|1700057651\n|switch|p1a: Celesteela|Celesteela|100\/100\n|-damage|p1a: Celesteela|88\/100|[from] Stealth Rock\n|turn|15\n|\n|t:|1700057658\n|switch|p2a: Urshifu|Urshifu-Rapid-Strike, F|100\/100\n|move|p1a: Celesteela|Autotomize|p1a: Celesteela\n|-boost|p1a: Celesteela|spe|2\n|-start|p1a: Celesteela|Autotomize\n|\n|upkeep\n|turn|16\n|\n|t:|1700057673\n|move|p1a: Celesteela|Air Slash|p2a: Urshifu\n|-supereffective|p2a: Urshifu\n|-damage|p2a: Urshifu|0 fnt\n|faint|p2a: Urshifu\n|-ability|p1a: Celesteela|Beast Boost|boost\n|-boost|p1a: Celesteela|spa|1\n|\n|-fieldend|move: Grassy Terrain\n|upkeep\n|-message|xiaoqing three forfeited.\n|\n|win|FlyingSudowoodo\n|raw|FlyingSudowoodo's rating: 1432 &rarr; <strong>1456<\/strong><br \/>(+24 for winning)\n|raw|xiaoqing three's rating: 1504 &rarr; <strong>1480<\/strong><br \/>(-24 for losing)\n|l|\u2606xiaoqing three\n","uploadtime":1700057701,"views":4,"p1id":"flyingsudowoodo","p2id":"xiaoqingthree","formatid":"gen9nationaldex","rating":1456,"private":0,"password":""}