{"id":"gen9nationaldex-1988852151","p1":"Basestatchallenge","p2":"Waterlavaboy_VN","format":"[Gen 9] National Dex","log":"|j|\u2606Basestatchallenge\n|j|\u2606Waterlavaboy_VN\n|t:|1699773963\n|gametype|singles\n|player|p1|Basestatchallenge|linebacker|1054\n|player|p2|Waterlavaboy_VN|102|1161\n|teamsize|p1|6\n|teamsize|p2|6\n|gen|9\n|tier|[Gen 9] National Dex\n|rated|\n|rule|HP Percentage Mod: HP is shown in percentages\n|rule|Endless Battle Clause: Forcing endless battles is banned\n|rule|OHKO Clause: OHKO moves are banned\n|rule|Evasion Clause: Evasion abilities, items, and moves are banned\n|rule|Evasion Abilities Clause: Evasion abilities are banned\n|rule|Evasion Items Clause: Evasion items are banned\n|rule|Evasion Moves Clause: Evasion moves are banned\n|rule|Species Clause: Limit one of each Pok\u00e9mon\n|rule|Sleep Clause Mod: Limit one foe put to sleep\n|clearpoke\n|poke|p1|Hariyama, F|\n|poke|p1|Archeops, F|\n|poke|p1|Wishiwashi, F|\n|poke|p1|Scizor, M|\n|poke|p1|Swampert, F|\n|poke|p1|Glalie, M|\n|poke|p2|Kricketune, F|\n|poke|p2|Clamperl, F|\n|poke|p2|Ninetales-Alola, M|\n|poke|p2|Ribombee, F|\n|poke|p2|Pawmot, F|\n|poke|p2|Tsareena, F|\n|teampreview\n|inactive|Battle timer is ON: inactive players will automatically lose when time's up. (requested by Basestatchallenge)\n|\n|t:|1699773970\n|start\n|switch|p1a: Scizor|Scizor, M, shiny|100\/100\n|switch|p2a: Ribombee|Ribombee, F|100\/100\n|turn|1\n|\n|t:|1699773975\n|move|p2a: Ribombee|Sticky Web|p1a: Scizor\n|-sidestart|p1: Basestatchallenge|move: Sticky Web\n|move|p1a: Scizor|Curse|p1a: Scizor\n|-unboost|p1a: Scizor|spe|1\n|-boost|p1a: Scizor|atk|1\n|-boost|p1a: Scizor|def|1\n|\n|upkeep\n|turn|2\n|\n|t:|1699773980\n|move|p2a: Ribombee|Stun Spore|p1a: Scizor|[miss]\n|-miss|p2a: Ribombee|p1a: Scizor\n|move|p1a: Scizor|Curse|p1a: Scizor\n|-unboost|p1a: Scizor|spe|1\n|-boost|p1a: Scizor|atk|1\n|-boost|p1a: Scizor|def|1\n|\n|upkeep\n|turn|3\n|\n|t:|1699773987\n|move|p1a: Scizor|Bullet Punch|p2a: Ribombee\n|-supereffective|p2a: Ribombee\n|-enditem|p2a: Ribombee|Focus Sash\n|-damage|p2a: Ribombee|1\/100\n|move|p2a: Ribombee|Stun Spore|p1a: Scizor|[miss]\n|-miss|p2a: Ribombee|p1a: Scizor\n|\n|upkeep\n|turn|4\n|c|\u2606Waterlavaboy_VN|...\n|\n|t:|1699773995\n|move|p1a: Scizor|Bullet Punch|p2a: Ribombee\n|-supereffective|p2a: Ribombee\n|-damage|p2a: Ribombee|0 fnt\n|faint|p2a: Ribombee\n|\n|upkeep\n|\n|t:|1699774001\n|switch|p2a: Ninetales|Ninetales-Alola, M|100\/100\n|-weather|Snow|[from] ability: Snow Warning|[of] p2a: Ninetales\n|turn|5\n|c|\u2606Basestatchallenge|It has 75% accuracy what do you expect\n|c|\u2606Basestatchallenge|Also\n|c|\u2606Basestatchallenge|I am doing a challenge where I can only use pokemon with a interesting fact about their base stats\n|\n|t:|1699774021\n|switch|p2a: Tsareena|Tsareena, F|100\/100\n|move|p1a: Scizor|Bullet Punch||[still]\n|cant|p2a: Tsareena|ability: Queenly Majesty|Bullet Punch|[of] p1a: Scizor\n|\n|-weather|Snow|[upkeep]\n|upkeep\n|turn|6\n|c|\u2606Waterlavaboy_VN|double\n|\n|t:|1699774037\n|-zpower|p2a: Tsareena\n|move|p2a: Tsareena|Z-Splash|p2a: Tsareena|[anim]Splash\n|-boost|p2a: Tsareena|atk|3|[zeffect]\n|-nothing\n|move|p1a: Scizor|Dual Wingbeat|p2a: Tsareena\n|-supereffective|p2a: Tsareena\n|-damage|p2a: Tsareena|0 fnt\n|faint|p2a: Tsareena\n|-hitcount|p2: Tsareena|1\n|\n|-weather|Snow|[upkeep]\n|upkeep\n|\n|t:|1699774045\n|switch|p2a: Clamperl|Clamperl, F|100\/100\n|turn|7\n|c|\u2606Basestatchallenge|Lol\n|\n|t:|1699774053\n|move|p1a: Scizor|Bullet Punch|p2a: Clamperl\n|-resisted|p2a: Clamperl\n|-damage|p2a: Clamperl|32\/100\n|move|p2a: Clamperl|Surf|p1a: Scizor\n|-damage|p1a: Scizor|27\/100\n|\n|-weather|Snow|[upkeep]\n|-heal|p1a: Scizor|33\/100|[from] item: Leftovers\n|upkeep\n|turn|8\n|\n|t:|1699774060\n|move|p1a: Scizor|Bullet Punch|p2a: Clamperl\n|-resisted|p2a: Clamperl\n|-damage|p2a: Clamperl|0 fnt\n|faint|p2a: Clamperl\n|\n|-weather|Snow|[upkeep]\n|-heal|p1a: Scizor|39\/100|[from] item: Leftovers\n|upkeep\n|c|\u2606Basestatchallenge|Sweep?\n|\n|t:|1699774070\n|switch|p2a: Kricketune|Kricketune, F|100\/100\n|turn|9\n|\n|t:|1699774073\n|move|p2a: Kricketune|Knock Off|p1a: Scizor\n|-damage|p1a: Scizor|25\/100\n|-enditem|p1a: Scizor|Leftovers|[from] move: Knock Off|[of] p2a: Kricketune\n|move|p1a: Scizor|Dual Wingbeat|p2a: Kricketune\n|-supereffective|p2a: Kricketune\n|-enditem|p2a: Kricketune|Focus Sash\n|-damage|p2a: Kricketune|1\/100\n|-supereffective|p2a: Kricketune\n|-damage|p2a: Kricketune|0 fnt\n|faint|p2a: Kricketune\n|-hitcount|p2: Kricketune|2\n|\n|-weather|none\n|upkeep\n|\n|t:|1699774078\n|switch|p2a: Pawmot|Pawmot, F|100\/100\n|turn|10\n|\n|t:|1699774085\n|move|p2a: Pawmot|Close Combat|p1a: Scizor\n|-damage|p1a: Scizor|0 fnt\n|-unboost|p2a: Pawmot|def|1\n|-unboost|p2a: Pawmot|spd|1\n|faint|p1a: Scizor\n|\n|upkeep\n|\n|t:|1699774100\n|switch|p1a: Hariyama|Hariyama, F, shiny|100\/100\n|-activate|p1a: Hariyama|move: Sticky Web\n|-unboost|p1a: Hariyama|spe|1\n|turn|11\n|\n|t:|1699774105\n|move|p2a: Pawmot|Revival Blessing|p2a: Pawmot\n|-enditem|p2a: Pawmot|Leppa Berry|[eat]\n|-activate|p2a: Pawmot|item: Leppa Berry|Revival Blessing|[consumed]\n|c|\u2606Basestatchallenge|Pls don't\n|c|\u2606Basestatchallenge|Fuck\n|c|\u2606Basestatchallenge|Why\n|\n|t:|1699774111\n|-heal|p2: Clamperl|50\/100|[from] move: Revival Blessing\n|move|p1a: Hariyama|Earthquake|p2a: Pawmot\n|-supereffective|p2a: Pawmot\n|-damage|p2a: Pawmot|0 fnt\n|faint|p2a: Pawmot\n|-damage|p1a: Hariyama|91\/100|[from] item: Life Orb\n|\n|upkeep\n|\n|t:|1699774117\n|switch|p2a: Ninetales|Ninetales-Alola, M|100\/100\n|-weather|Snow|[from] ability: Snow Warning|[of] p2a: Ninetales\n|turn|12\n|c|\u2606Basestatchallenge|Not using 2 on me\n|\n|t:|1699774124\n|-terastallize|p1a: Hariyama|Steel\n|move|p1a: Hariyama|Bullet Punch|p2a: Ninetales\n|-supereffective|p2a: Ninetales\n|-damage|p2a: Ninetales|0 fnt\n|faint|p2a: Ninetales\n|-damage|p1a: Hariyama|81\/100|[from] item: Life Orb\n|\n|-weather|Snow|[upkeep]\n|upkeep\n|\n|t:|1699774128\n|switch|p2a: Clamperl|Clamperl, F|50\/100\n|turn|13\n|\n|t:|1699774136\n|-terastallize|p2a: Clamperl|Water\n|move|p2a: Clamperl|Surf|p1a: Hariyama\n|-damage|p1a: Hariyama|0 fnt\n|faint|p1a: Hariyama\n|\n|-weather|Snow|[upkeep]\n|upkeep\n|c|\u2606Basestatchallenge|Ww\n|\n|t:|1699774143\n|switch|p1a: Wishiwashi|Wishiwashi, F, shiny|100\/100\n|-activate|p1a: Wishiwashi|move: Sticky Web\n|-unboost|p1a: Wishiwashi|spe|1\n|-formechange|p1a: Wishiwashi|Wishiwashi-School||[from] ability: Schooling\n|turn|14\n|\n|t:|1699774147\n|move|p2a: Clamperl|Shell Smash|p2a: Clamperl\n|-unboost|p2a: Clamperl|def|1\n|-unboost|p2a: Clamperl|spd|1\n|-boost|p2a: Clamperl|atk|2\n|-boost|p2a: Clamperl|spa|2\n|-boost|p2a: Clamperl|spe|2\n|move|p1a: Wishiwashi|Toxic|p2a: Clamperl\n|-status|p2a: Clamperl|tox\n|\n|-weather|Snow|[upkeep]\n|-damage|p2a: Clamperl|44\/100 tox|[from] psn\n|upkeep\n|turn|15\n|\n|t:|1699774155\n|move|p2a: Clamperl|Hidden Power|p1a: Wishiwashi\n|-supereffective|p1a: Wishiwashi\n|-damage|p1a: Wishiwashi|0 fnt\n|faint|p1a: Wishiwashi\n|\n|-weather|Snow|[upkeep]\n|-damage|p2a: Clamperl|32\/100 tox|[from] psn\n|upkeep\n|\n|t:|1699774160\n|switch|p1a: Glalie|Glalie, M, shiny|100\/100\n|-activate|p1a: Glalie|move: Sticky Web\n|-unboost|p1a: Glalie|spe|1\n|turn|16\n|\n|t:|1699774164\n|move|p2a: Clamperl|Surf|p1a: Glalie\n|-damage|p1a: Glalie|0 fnt\n|faint|p1a: Glalie\n|\n|-weather|none\n|-damage|p2a: Clamperl|13\/100 tox|[from] psn\n|upkeep\n|\n|t:|1699774166\n|switch|p1a: Archeops|Archeops, F, shiny|100\/100\n|turn|17\n|\n|t:|1699774171\n|move|p2a: Clamperl|Surf|p1a: Archeops\n|-supereffective|p1a: Archeops\n|-damage|p1a: Archeops|0 fnt\n|faint|p1a: Archeops\n|\n|-damage|p2a: Clamperl|0 fnt|[from] psn\n|faint|p2a: Clamperl\n|\n|win|Basestatchallenge\n|upkeep\n|raw|Basestatchallenge's rating: 1054 &rarr; <strong>1095<\/strong><br \/>(+41 for winning)\n|raw|Waterlavaboy_VN's rating: 1161 &rarr; <strong>1129<\/strong><br \/>(-32 for losing)\n|c|\u2606Waterlavaboy_VN|gg\n|c|\u2606Basestatchallenge|Gg\n|l|\u2606Waterlavaboy_VN\n|c|\u2606Basestatchallenge|Luckely I got the toxic\n","uploadtime":1699774185,"views":12,"p1id":"basestatchallenge","p2id":"waterlavaboyvn","formatid":"gen9nationaldex","rating":1095,"private":0,"password":""}