{"id":"gen9nationaldex-1999399184","p1":"Miku Nakano ily","p2":"Colle1","format":"[Gen 9] National Dex","log":"|html|<div class=\"broadcast-blue\"><strong>[Gen 9] National Dex is currently suspecting Sneasler! For information on how to participate check out the <a href=\"https:\/\/www.smogon.com\/forums\/threads\/sv-national-dex-suspect-8-just-dance.3731534\/\">suspect thread<\/a>.<\/strong><\/div>\n|j|\u2606Miku Nakano ily\n|j|\u2606Colle1\n|inactive|Battle timer is ON: inactive players will automatically lose when time's up.\n|t:|1701073877\n|gametype|singles\n|player|p1|Miku Nakano ily|red|\n|player|p2|Colle1|rosa-masters|\n|teamsize|p1|6\n|teamsize|p2|6\n|gen|9\n|tier|[Gen 9] National Dex\n|rated|Tournament battle\n|rule|HP Percentage Mod: HP is shown in percentages\n|rule|Endless Battle Clause: Forcing endless battles is banned\n|rule|OHKO Clause: OHKO moves are banned\n|rule|Evasion Clause: Evasion abilities, items, and moves are banned\n|rule|Evasion Abilities Clause: Evasion abilities are banned\n|rule|Evasion Items Clause: Evasion items are banned\n|rule|Evasion Moves Clause: Evasion moves are banned\n|rule|Species Clause: Limit one of each Pok\u00e9mon\n|rule|Sleep Clause Mod: Limit one foe put to sleep\n|clearpoke\n|poke|p1|Charizard, M|\n|poke|p1|Alomomola, M|\n|poke|p1|Slowking-Galar, M|\n|poke|p1|Iron Valiant|\n|poke|p1|Landorus-Therian, M|\n|poke|p1|Cinderace, M|\n|poke|p2|Aerodactyl, F|\n|poke|p2|Garganacl, F|\n|poke|p2|Moltres|\n|poke|p2|Slowking-Galar, M|\n|poke|p2|Ditto|\n|poke|p2|Great Tusk|\n|teampreview\n|inactive|Miku Nakano ily also wants the timer to be on.\n|c|\u2606Miku Nakano ily|hf\n|\n|t:|1701073884\n|start\n|switch|p1a: Cinderace|Cinderace, M|100\/100\n|switch|p2a: Garganacl|Garganacl, F|100\/100\n|turn|1\n|\n|t:|1701073888\n|move|p1a: Cinderace|Pyro Ball|p2a: Garganacl\n|-resisted|p2a: Garganacl\n|-damage|p2a: Garganacl|86\/100\n|move|p2a: Garganacl|Salt Cure|p1a: Cinderace\n|-supereffective|p1a: Cinderace\n|-damage|p1a: Cinderace|62\/100\n|-start|p1a: Cinderace|Salt Cure\n|\n|-heal|p2a: Garganacl|92\/100|[from] item: Leftovers\n|-damage|p1a: Cinderace|50\/100|[from] Salt Cure\n|upkeep\n|turn|2\n|\n|t:|1701073892\n|move|p1a: Cinderace|U-turn|p2a: Garganacl\n|-start|p1a: Cinderace|typechange|Bug|[from] ability: Libero\n|-damage|p2a: Garganacl|75\/100\n|\n|t:|1701073896\n|switch|p1a: Landorus|Landorus-Therian, M|100\/100|[from] U-turn\n|-ability|p1a: Landorus|Intimidate|boost\n|-unboost|p2a: Garganacl|atk|1\n|move|p2a: Garganacl|Salt Cure|p1a: Landorus\n|-damage|p1a: Landorus|91\/100\n|-start|p1a: Landorus|Salt Cure\n|\n|-heal|p1a: Landorus|97\/100|[from] item: Leftovers\n|-heal|p2a: Garganacl|81\/100|[from] item: Leftovers\n|-damage|p1a: Landorus|85\/100|[from] Salt Cure\n|upkeep\n|turn|3\n|\n|t:|1701073904\n|move|p2a: Garganacl|Protect|p2a: Garganacl\n|-singleturn|p2a: Garganacl|Protect\n|move|p1a: Landorus|Knock Off|p2a: Garganacl\n|-activate|p2a: Garganacl|move: Protect\n|\n|-heal|p1a: Landorus|91\/100|[from] item: Leftovers\n|-heal|p2a: Garganacl|87\/100|[from] item: Leftovers\n|-damage|p1a: Landorus|79\/100|[from] Salt Cure\n|upkeep\n|turn|4\n|\n|t:|1701073916\n|switch|p2a: Great Tusk|Great Tusk|100\/100\n|move|p1a: Landorus|Taunt|p2a: Great Tusk\n|-start|p2a: Great Tusk|move: Taunt\n|\n|-heal|p1a: Landorus|85\/100|[from] item: Leftovers\n|-damage|p1a: Landorus|72\/100|[from] Salt Cure\n|upkeep\n|turn|5\n|\n|t:|1701073925\n|switch|p1a: Alomomola|Alomomola, M|100\/100\n|move|p2a: Great Tusk|Rapid Spin|p1a: Alomomola\n|-damage|p1a: Alomomola|92\/100\n|-boost|p2a: Great Tusk|spe|1\n|\n|upkeep\n|turn|6\n|\n|t:|1701073929\n|-end|p2a: Great Tusk|Protosynthesis|[silent]\n|switch|p2a: Slowking|Slowking-Galar, M|100\/100\n|move|p1a: Alomomola|Wish|p1a: Alomomola\n|\n|upkeep\n|turn|7\n|\n|t:|1701073959\n|move|p2a: Slowking|Future Sight|p1a: Alomomola\n|-start|p2a: Slowking|move: Future Sight\n|move|p1a: Alomomola|Flip Turn|p2a: Slowking\n|-damage|p2a: Slowking|82\/100\n|\n|t:|1701073970\n|switch|p1a: Cinderace|Cinderace, M|50\/100|[from] Flip Turn\n|\n|-heal|p1a: Cinderace|100\/100|[from] move: Wish|[wisher] Alomomola\n|upkeep\n|turn|8\n|\n|t:|1701073980\n|move|p1a: Cinderace|Pyro Ball|p2a: Slowking\n|-damage|p2a: Slowking|25\/100\n|move|p2a: Slowking|Chilly Reception|p2a: Slowking\n|-weather|Snow\n|\n|t:|1701073984\n|switch|p2a: Aerodactyl|Aerodactyl, F|100\/100|[from] Chilly Reception\n|-ability|p2a: Aerodactyl|Unnerve\n|\n|-weather|Snow|[upkeep]\n|upkeep\n|turn|9\n|\n|t:|1701073990\n|switch|p1a: Landorus|Landorus-Therian, M|72\/100\n|-ability|p1a: Landorus|Intimidate|boost\n|-unboost|p2a: Aerodactyl|atk|1\n|detailschange|p2a: Aerodactyl|Aerodactyl-Mega, F\n|-mega|p2a: Aerodactyl|Aerodactyl|Aerodactylite\n|move|p2a: Aerodactyl|Stone Edge|p1a: Landorus\n|-damage|p1a: Landorus|38\/100\n|\n|-weather|Snow|[upkeep]\n|-end|p1a: Landorus|move: Future Sight\n|-damage|p1a: Landorus|2\/100\n|-heal|p1a: Landorus|8\/100|[from] item: Leftovers\n|upkeep\n|turn|10\n|\n|t:|1701073997\n|switch|p1a: Alomomola|Alomomola, M|100\/100\n|move|p2a: Aerodactyl|Crunch|p1a: Alomomola\n|-damage|p1a: Alomomola|86\/100\n|\n|-weather|Snow|[upkeep]\n|upkeep\n|turn|11\n|\n|t:|1701074003\n|switch|p2a: Slowking|Slowking-Galar, M|58\/100\n|move|p1a: Alomomola|Toxic|p2a: Slowking\n|-immune|p2a: Slowking\n|\n|-weather|Snow|[upkeep]\n|upkeep\n|turn|12\n|\n|t:|1701074007\n|move|p2a: Slowking|Future Sight|p1a: Alomomola\n|-start|p2a: Slowking|move: Future Sight\n|move|p1a: Alomomola|Flip Turn|p2a: Slowking\n|-damage|p2a: Slowking|42\/100\n|\n|t:|1701074012\n|switch|p1a: Cinderace|Cinderace, M|100\/100|[from] Flip Turn\n|\n|-weather|none\n|upkeep\n|turn|13\n|\n|t:|1701074015\n|switch|p2a: Garganacl|Garganacl, F|87\/100\n|move|p1a: Cinderace|Pyro Ball|p2a: Garganacl\n|-resisted|p2a: Garganacl\n|-damage|p2a: Garganacl|72\/100\n|\n|-heal|p2a: Garganacl|78\/100|[from] item: Leftovers\n|upkeep\n|turn|14\n|\n|t:|1701074027\n|move|p1a: Cinderace|U-turn|p2a: Garganacl\n|-start|p1a: Cinderace|typechange|Bug|[from] ability: Libero\n|-damage|p2a: Garganacl|60\/100\n|\n|t:|1701074031\n|switch|p1a: Slowking|Slowking-Galar, M|100\/100|[from] U-turn\n|move|p2a: Garganacl|Salt Cure|p1a: Slowking\n|-damage|p1a: Slowking|86\/100\n|-start|p1a: Slowking|Salt Cure\n|\n|-end|p1a: Slowking|move: Future Sight\n|-damage|p1a: Slowking|60\/100\n|-heal|p2a: Garganacl|66\/100|[from] item: Leftovers\n|-heal|p1a: Slowking|66\/100|[from] item: Leftovers\n|-damage|p1a: Slowking|53\/100|[from] Salt Cure\n|upkeep\n|turn|15\n|\n|t:|1701074043\n|move|p2a: Garganacl|Protect|p2a: Garganacl\n|-singleturn|p2a: Garganacl|Protect\n|move|p1a: Slowking|Chilly Reception|p1a: Slowking\n|-weather|Snow\n|\n|t:|1701074052\n|switch|p1a: Charizard|Charizard, M|100\/100|[from] Chilly Reception\n|\n|-weather|Snow|[upkeep]\n|-heal|p2a: Garganacl|73\/100|[from] item: Leftovers\n|upkeep\n|turn|16\n|\n|t:|1701074056\n|detailschange|p1a: Charizard|Charizard-Mega-Y, M\n|-mega|p1a: Charizard|Charizard|Charizardite Y\n|-weather|SunnyDay|[from] ability: Drought|[of] p1a: Charizard\n|-terastallize|p2a: Garganacl|Dragon\n|move|p1a: Charizard|Solar Beam||[still]\n|-prepare|p1a: Charizard|Solar Beam\n|-anim|p1a: Charizard|Solar Beam|p2a: Garganacl\n|-resisted|p2a: Garganacl\n|-damage|p2a: Garganacl|52\/100\n|move|p2a: Garganacl|Salt Cure|p1a: Charizard\n|-supereffective|p1a: Charizard\n|-damage|p1a: Charizard|24\/100\n|-start|p1a: Charizard|Salt Cure\n|\n|-weather|SunnyDay|[upkeep]\n|-heal|p2a: Garganacl|58\/100|[from] item: Leftovers\n|-damage|p1a: Charizard|11\/100|[from] Salt Cure\n|upkeep\n|turn|17\n|\n|t:|1701074066\n|switch|p1a: Landorus|Landorus-Therian, M|8\/100\n|-ability|p1a: Landorus|Intimidate|boost\n|-unboost|p2a: Garganacl|atk|1\n|move|p2a: Garganacl|Stealth Rock|p1a: Landorus\n|-sidestart|p1: Miku Nakano ily|move: Stealth Rock\n|\n|-weather|SunnyDay|[upkeep]\n|-heal|p1a: Landorus|14\/100|[from] item: Leftovers\n|-heal|p2a: Garganacl|64\/100|[from] item: Leftovers\n|upkeep\n|turn|18\n|\n|t:|1701074074\n|move|p1a: Landorus|Knock Off|p2a: Garganacl\n|-damage|p2a: Garganacl|47\/100\n|-enditem|p2a: Garganacl|Leftovers|[from] move: Knock Off|[of] p1a: Landorus\n|move|p2a: Garganacl|Recover|p2a: Garganacl\n|-heal|p2a: Garganacl|97\/100\n|\n|-weather|SunnyDay|[upkeep]\n|-heal|p1a: Landorus|20\/100|[from] item: Leftovers\n|upkeep\n|turn|19\n|\n|t:|1701074079\n|move|p1a: Landorus|Taunt|p2a: Garganacl\n|-start|p2a: Garganacl|move: Taunt\n|move|p2a: Garganacl|Salt Cure|p1a: Landorus\n|-damage|p1a: Landorus|11\/100\n|-start|p1a: Landorus|Salt Cure\n|\n|-weather|SunnyDay|[upkeep]\n|-heal|p1a: Landorus|18\/100|[from] item: Leftovers\n|-damage|p1a: Landorus|5\/100|[from] Salt Cure\n|upkeep\n|turn|20\n|\n|t:|1701074097\n|switch|p1a: Alomomola|Alomomola, M|100\/100\n|-damage|p1a: Alomomola|88\/100|[from] Stealth Rock\n|move|p2a: Garganacl|Salt Cure|p1a: Alomomola\n|-damage|p1a: Alomomola|83\/100\n|-start|p1a: Alomomola|Salt Cure\n|\n|-weather|none\n|-damage|p1a: Alomomola|59\/100|[from] Salt Cure\n|upkeep\n|turn|21\n|\n|t:|1701074109\n|switch|p2a: Slowking|Slowking-Galar, M|75\/100\n|move|p1a: Alomomola|Flip Turn|p2a: Slowking\n|-damage|p2a: Slowking|57\/100\n|\n|t:|1701074112\n|switch|p1a: Cinderace|Cinderace, M|100\/100|[from] Flip Turn\n|\n|upkeep\n|turn|22\n|\n|t:|1701074130\n|switch|p2a: Moltres|Moltres|100\/100\n|move|p1a: Cinderace|Pyro Ball|p2a: Moltres\n|-resisted|p2a: Moltres\n|-damage|p2a: Moltres|80\/100\n|\n|upkeep\n|turn|23\n|\n|t:|1701074137\n|move|p1a: Cinderace|Court Change|p1a: Cinderace\n|-start|p1a: Cinderace|typechange|Normal|[from] ability: Libero\n|-swapsideconditions\n|-activate|p1a: Cinderace|move: Court Change\n|move|p2a: Moltres|U-turn|p1a: Cinderace\n|-damage|p1a: Cinderace|79\/100\n|\n|t:|1701074140\n|switch|p2a: Garganacl|Garganacl, F, tera:Dragon|97\/100|[from] U-turn\n|-damage|p2a: Garganacl|85\/100|[from] Stealth Rock\n|\n|upkeep\n|turn|24\n|\n|t:|1701074145\n|switch|p1a: Landorus|Landorus-Therian, M|5\/100\n|-ability|p1a: Landorus|Intimidate|boost\n|-unboost|p2a: Garganacl|atk|1\n|move|p2a: Garganacl|Stealth Rock|p1a: Landorus\n|-sidestart|p1: Miku Nakano ily|move: Stealth Rock\n|\n|-heal|p1a: Landorus|11\/100|[from] item: Leftovers\n|upkeep\n|turn|25\n|\n|t:|1701074149\n|move|p1a: Landorus|Defog|p2a: Garganacl\n|-unboost|p2a: Garganacl|evasion|1\n|-sideend|p2: Colle1|Stealth Rock|[from] move: Defog|[of] p1a: Landorus\n|-sideend|p1: Miku Nakano ily|Stealth Rock|[from] move: Defog|[of] p1a: Landorus\n|move|p2a: Garganacl|Salt Cure|p1a: Landorus\n|-damage|p1a: Landorus|2\/100\n|-start|p1a: Landorus|Salt Cure\n|\n|-heal|p1a: Landorus|8\/100|[from] item: Leftovers\n|-damage|p1a: Landorus|0 fnt|[from] Salt Cure\n|faint|p1a: Landorus\n|upkeep\n|j| prince5\n|\n|t:|1701074169\n|switch|p1a: Iron Valiant|Iron Valiant, shiny|100\/100\n|-enditem|p1a: Iron Valiant|Booster Energy\n|-activate|p1a: Iron Valiant|ability: Quark Drive|[fromitem]\n|-start|p1a: Iron Valiant|quarkdrivespe\n|turn|26\n|c| prince5|you got this\n|\n|t:|1701074186\n|switch|p2a: Slowking|Slowking-Galar, M|90\/100\n|move|p1a: Iron Valiant|Swords Dance|p1a: Iron Valiant\n|-boost|p1a: Iron Valiant|atk|2\n|\n|upkeep\n|turn|27\n|\n|t:|1701074191\n|switch|p2a: Moltres|Moltres|80\/100\n|move|p1a: Iron Valiant|Swords Dance|p1a: Iron Valiant\n|-boost|p1a: Iron Valiant|atk|2\n|\n|upkeep\n|turn|28\n|\n|t:|1701074195\n|move|p1a: Iron Valiant|Psycho Cut|p2a: Moltres\n|-damage|p2a: Moltres|28\/100\n|move|p2a: Moltres|Flamethrower|p1a: Iron Valiant\n|-damage|p1a: Iron Valiant|33\/100\n|\n|upkeep\n|turn|29\n|\n|t:|1701074207\n|move|p1a: Iron Valiant|Psycho Cut|p2a: Moltres\n|-crit|p2a: Moltres\n|-damage|p2a: Moltres|0 fnt\n|faint|p2a: Moltres\n|\n|upkeep\n|\n|t:|1701074209\n|switch|p2a: Ditto|Ditto|100\/100\n|-transform|p2a: Ditto|p1a: Iron Valiant|[from] ability: Imposter\n|turn|30\n|\n|t:|1701074238\n|move|p2a: Ditto|Psycho Cut|p1a: Iron Valiant\n|-supereffective|p1a: Iron Valiant\n|-damage|p1a: Iron Valiant|0 fnt\n|faint|p1a: Iron Valiant\n|-end|p1a: Iron Valiant|Quark Drive|[silent]\n|\n|upkeep\n|c|\u2606Miku Nakano ily|aaaaand I lost the speed tie\n|c|\u2606Miku Nakano ily|ofc\n|inactive|Miku Nakano ily has 120 seconds left.\n|-message|Miku Nakano ily forfeited.\n|\n|win|Colle1\n|n|\u2606Miku Nakano ily|mikunakanoily\n|n|\u2606Colle1|colle1\n|n| prince5|prince5\n","uploadtime":1701074261,"views":2,"p1id":"mikunakanoily","p2id":"colle1","formatid":"gen9nationaldex","rating":0,"private":0,"password":""}