{"id":"gen9nationaldex-1996705979","p1":"lucrencrum25","p2":"Will55555","format":"[Gen 9] National Dex","log":"|html|<div class=\"broadcast-blue\"><strong>[Gen 9] National Dex is currently suspecting Sneasler! For information on how to participate check out the <a href=\"https:\/\/www.smogon.com\/forums\/threads\/sv-national-dex-suspect-8-just-dance.3731534\/\">suspect thread<\/a>.<\/strong><\/div>\n|j|\u2606lucrencrum25\n|j|\u2606Will55555\n|t:|1700712246\n|gametype|singles\n|player|p1|lucrencrum25|2|\n|player|p2|Will55555|169|\n|teamsize|p1|6\n|teamsize|p2|6\n|gen|9\n|tier|[Gen 9] National Dex\n|rule|HP Percentage Mod: HP is shown in percentages\n|rule|Endless Battle Clause: Forcing endless battles is banned\n|rule|OHKO Clause: OHKO moves are banned\n|rule|Evasion Clause: Evasion abilities, items, and moves are banned\n|rule|Evasion Abilities Clause: Evasion abilities are banned\n|rule|Evasion Items Clause: Evasion items are banned\n|rule|Evasion Moves Clause: Evasion moves are banned\n|rule|Species Clause: Limit one of each Pok\u00e9mon\n|rule|Sleep Clause Mod: Limit one foe put to sleep\n|clearpoke\n|poke|p1|Sirfetch\u2019d, F|\n|poke|p1|Lilligant-Hisui, F|\n|poke|p1|Sneasler, F|\n|poke|p1|Conkeldurr, M|\n|poke|p1|Heracross, F|\n|poke|p1|Great Tusk|\n|poke|p2|Pawmot, M|\n|poke|p2|Blissey, F|\n|poke|p2|Alomomola, F|\n|poke|p2|Iron Valiant|\n|poke|p2|Landorus-Therian, M|\n|poke|p2|Dragonite, M|\n|teampreview\n|c|\u2606lucrencrum25|Pawmot is an interesting choice\n|\n|t:|1700712283\n|start\n|switch|p1a: Sir Duck|Sirfetch\u2019d, F, shiny|100\/100\n|switch|p2a: Landorus|Landorus-Therian, M|100\/100\n|-ability|p2a: Landorus|Intimidate|boost\n|-fail|p1a: Sir Duck|unboost|Attack|[from] ability: Scrappy|[of] p1a: Sir Duck\n|turn|1\n|j| TexanFarmersMarket\n|c| TexanFarmersMarket|will sir duck actually get to do something\n|\n|t:|1700712318\n|move|p1a: Sir Duck|First Impression|p2a: Landorus\n|-resisted|p2a: Landorus\n|-damage|p2a: Landorus|82\/100\n|-damage|p1a: Sir Duck|84\/100|[from] item: Rocky Helmet|[of] p2a: Landorus\n|move|p2a: Landorus|Stealth Rock|p1a: Sir Duck\n|-sidestart|p1: lucrencrum25|move: Stealth Rock\n|\n|upkeep\n|turn|2\n|c|\u2606lucrencrum25|that\n|c| TexanFarmersMarket|wowww\n|c|\u2606lucrencrum25|and that's about it\n|c|\u2606lucrencrum25|support lando?\n|\n|t:|1700712344\n|move|p2a: Landorus|U-turn|p1a: Sir Duck\n|-resisted|p1a: Sir Duck\n|-damage|p1a: Sir Duck|72\/100\n|c|\u2606Will55555|yes\n|c|\u2606lucrencrum25|that's new\n|c|\u2606lucrencrum25|I like it\n|\n|t:|1700712374\n|switch|p2a: Dragonite|Dragonite, M|100\/100|[from] U-turn\n|move|p1a: Sir Duck|Focus Energy|p1a: Sir Duck\n|-start|p1a: Sir Duck|move: Focus Energy\n|\n|upkeep\n|turn|3\n|c| TexanFarmersMarket|meh i see alot of support landos\n|\n|t:|1700712393\n|move|p2a: Dragonite|Outrage|p1a: Sir Duck\n|-damage|p1a: Sir Duck|0 fnt\n|faint|p1a: Sir Duck\n|\n|upkeep\n|\n|t:|1700712406\n|switch|p1a: Lilligant|Lilligant-Hisui, F, shiny|100\/100\n|-damage|p1a: Lilligant|94\/100|[from] Stealth Rock\n|turn|4\n|c|\u2606lucrencrum25|did I just\n|c|\u2606lucrencrum25|I'm an idiot\n|c|\u2606lucrencrum25|I just sent out sash lilligant\n|c|\u2606lucrencrum25|with stealth rocks in effect\n|\n|t:|1700712443\n|move|p1a: Lilligant|Victory Dance|p1a: Lilligant\n|-boost|p1a: Lilligant|atk|1\n|-boost|p1a: Lilligant|def|1\n|-boost|p1a: Lilligant|spe|1\n|move|p2a: Dragonite|Outrage|p1a: Lilligant|[from]lockedmove\n|-damage|p1a: Lilligant|16\/100\n|-start|p2a: Dragonite|confusion|[fatigue]\n|\n|upkeep\n|turn|5\n|\n|t:|1700712453\n|-activate|p2a: Dragonite|confusion\n|-damage|p2a: Dragonite|84\/100|[from] confusion\n|move|p1a: Lilligant|Ice Spinner|p2a: Dragonite\n|-supereffective|p2a: Dragonite\n|-damage|p2a: Dragonite|0 fnt\n|faint|p2a: Dragonite\n|\n|upkeep\n|c|\u2606lucrencrum25|no shot\n|c|\u2606lucrencrum25|confusion broke multiscale\n|\n|t:|1700712475\n|switch|p2a: Alomomola|Alomomola, F|100\/100\n|turn|6\n|c|\u2606lucrencrum25|letting me deal full damage\n|c|\u2606lucrencrum25|omg, my luck today\n|\n|t:|1700712490\n|-terastallize|p2a: Alomomola|Dragon\n|move|p1a: Lilligant|Petal Blizzard|p2a: Alomomola\n|-resisted|p2a: Alomomola\n|-damage|p2a: Alomomola|82\/100\n|move|p2a: Alomomola|Toxic|p1a: Lilligant\n|-status|p1a: Lilligant|tox\n|\n|-damage|p1a: Lilligant|10\/100 tox|[from] psn\n|upkeep\n|turn|7\n|\n|t:|1700712505\n|move|p2a: Alomomola|Protect|p2a: Alomomola\n|-singleturn|p2a: Alomomola|Protect\n|move|p1a: Lilligant|Ice Spinner|p2a: Alomomola\n|-activate|p2a: Alomomola|move: Protect\n|\n|-damage|p1a: Lilligant|0 fnt|[from] psn\n|faint|p1a: Lilligant\n|upkeep\n|\n|t:|1700712521\n|switch|p1a: Sneasler|Sneasler, F, shiny|100\/100\n|-damage|p1a: Sneasler|95\/100|[from] Stealth Rock\n|turn|8\n|\n|t:|1700712548\n|move|p1a: Sneasler|Dire Claw|p2a: Alomomola\n|-damage|p2a: Alomomola|62\/100\n|move|p2a: Alomomola|Flip Turn|p1a: Sneasler\n|-damage|p1a: Sneasler|64\/100\n|j| bugmonobestmono\n|\n|t:|1700712562\n|switch|p2a: Iron Valiant|Iron Valiant|100\/100|[from] Flip Turn\n|-enditem|p2a: Iron Valiant|Booster Energy\n|-activate|p2a: Iron Valiant|ability: Quark Drive|[fromitem]\n|-start|p2a: Iron Valiant|quarkdrivespe\n|\n|upkeep\n|turn|9\n|c| TexanFarmersMarket|hello mr bug\n|c| TexanFarmersMarket|ers\n|\n|t:|1700712582\n|move|p2a: Iron Valiant|Moonblast|p1a: Sneasler\n|-damage|p1a: Sneasler|0 fnt\n|faint|p1a: Sneasler\n|\n|upkeep\n|c| bugmonobestmono|hello\n|c| bugmonobestmono|I'm playing doom eternal right now lol\n|c|\u2606lucrencrum25|I'm playing terraria\n|c| TexanFarmersMarket|and i am playing pokemon\n|c| TexanFarmersMarket|while watching a pokemon battle\n|\n|t:|1700712633\n|switch|p1a: Great Tusk|Great Tusk|100\/100\n|-damage|p1a: Great Tusk|98\/100|[from] Stealth Rock\n|-enditem|p1a: Great Tusk|Booster Energy\n|-activate|p1a: Great Tusk|ability: Protosynthesis|[fromitem]\n|-start|p1a: Great Tusk|protosynthesisatk\n|turn|10\n|c|\u2606lucrencrum25|pfft\n|\n|t:|1700712647\n|move|p2a: Iron Valiant|Moonblast|p1a: Great Tusk\n|-supereffective|p1a: Great Tusk\n|-damage|p1a: Great Tusk|2\/100\n|move|p1a: Great Tusk|Headlong Rush|p2a: Iron Valiant\n|-damage|p2a: Iron Valiant|0 fnt\n|-unboost|p1a: Great Tusk|def|1\n|-unboost|p1a: Great Tusk|spd|1\n|faint|p2a: Iron Valiant\n|-end|p2a: Iron Valiant|Quark Drive|[silent]\n|\n|upkeep\n|c|\u2606lucrencrum25|tank\n|\n|t:|1700712664\n|switch|p2a: Landorus|Landorus-Therian, M|82\/100\n|-ability|p2a: Landorus|Intimidate|boost\n|-unboost|p1a: Great Tusk|atk|1\n|turn|11\n|\n|t:|1700712672\n|move|p2a: Landorus|U-turn|p1a: Great Tusk\n|-resisted|p1a: Great Tusk\n|-damage|p1a: Great Tusk|0 fnt\n|faint|p1a: Great Tusk\n|-end|p1a: Great Tusk|Protosynthesis|[silent]\n|\n|t:|1700712676\n|switch|p2a: Pawmot|Pawmot, M|100\/100|[from] U-turn\n|\n|upkeep\n|\n|t:|1700712688\n|switch|p1a: Conkeldurr|Conkeldurr, M, shiny|100\/100\n|-damage|p1a: Conkeldurr|94\/100|[from] Stealth Rock\n|turn|12\n|\n|t:|1700712695\n|move|p1a: Conkeldurr|Protect|p1a: Conkeldurr\n|-singleturn|p1a: Conkeldurr|Protect\n|move|p2a: Pawmot|Revival Blessing|p2a: Pawmot\n|-enditem|p2a: Pawmot|Leppa Berry|[eat]\n|-activate|p2a: Pawmot|item: Leppa Berry|Revival Blessing|[consumed]\n|\n|t:|1700712700\n|-heal|p2: Iron Valiant|50\/100|[from] move: Revival Blessing\n|\n|-status|p1a: Conkeldurr|brn|[from] item: Flame Orb\n|upkeep\n|turn|13\n|c|\u2606lucrencrum25|dude\n|c|\u2606lucrencrum25|Istfg\n|\n|t:|1700712711\n|move|p2a: Pawmot|Encore|p1a: Conkeldurr\n|-start|p1a: Conkeldurr|Encore\n|move|p1a: Conkeldurr|Protect||[still]\n|-fail|p1a: Conkeldurr\n|\n|-damage|p1a: Conkeldurr|88\/100 brn|[from] brn\n|upkeep\n|turn|14\n|c| TexanFarmersMarket|dont worry same thing happened to m\n|c| TexanFarmersMarket|e\n|c|\u2606lucrencrum25|wanting to quit?\n|\n|t:|1700712729\n|move|p1a: Conkeldurr|Protect|p1a: Conkeldurr\n|-singleturn|p1a: Conkeldurr|Protect\n|move|p2a: Pawmot|Revival Blessing|p2a: Pawmot\n|\n|t:|1700712733\n|-heal|p2: Dragonite|50\/100|[from] move: Revival Blessing\n|\n|-damage|p1a: Conkeldurr|82\/100 brn|[from] brn\n|upkeep\n|turn|15\n|\n|t:|1700712740\n|move|p1a: Conkeldurr|Protect||[still]\n|-fail|p1a: Conkeldurr\n|move|p2a: Pawmot|Double Shock|p1a: Conkeldurr\n|-damage|p1a: Conkeldurr|25\/100 brn\n|-start|p2a: Pawmot|typechange|???\/Fighting|[from] move: Double Shock\n|\n|-damage|p1a: Conkeldurr|19\/100 brn|[from] brn\n|-end|p1a: Conkeldurr|Encore\n|upkeep\n|turn|16\n|c|\u2606lucrencrum25|unironically wanting to quit because of this bs\n|\n|t:|1700712756\n|move|p2a: Pawmot|Encore|p1a: Conkeldurr\n|-start|p1a: Conkeldurr|Encore\n|move|p1a: Conkeldurr|Protect||[still]\n|-fail|p1a: Conkeldurr\n|\n|-damage|p1a: Conkeldurr|13\/100 brn|[from] brn\n|upkeep\n|turn|17\n|\n|t:|1700712771\n|switch|p2a: Alomomola|Alomomola, F, tera:Dragon|95\/100\n|move|p1a: Conkeldurr|Protect||[still]\n|-fail|p1a: Conkeldurr\n|\n|-damage|p1a: Conkeldurr|6\/100 brn|[from] brn\n|upkeep\n|turn|18\n|c| bugmonobestmono|bro I felt the same way lol\n|c| bugmonobestmono|I barely won tho\n|c| TexanFarmersMarket|my play rough missed\n|\n|t:|1700712808\n|move|p1a: Conkeldurr|Protect|p1a: Conkeldurr\n|-singleturn|p1a: Conkeldurr|Protect\n|move|p2a: Alomomola|Wish|p2a: Alomomola\n|\n|-damage|p1a: Conkeldurr|0 fnt|[from] brn\n|faint|p1a: Conkeldurr\n|upkeep\n|\n|t:|1700712813\n|switch|p1a: Heracross|Heracross, F, shiny|100\/100\n|-damage|p1a: Heracross|88\/100|[from] Stealth Rock\n|turn|19\n|c| TexanFarmersMarket|but its okay because im battling a falinks\n|c| TexanFarmersMarket|with headbutt of all moves\n|\n|t:|1700712839\n|move|p1a: Heracross|Close Combat|p2a: Alomomola\n|-damage|p2a: Alomomola|61\/100\n|-unboost|p1a: Heracross|def|1\n|-unboost|p1a: Heracross|spd|1\n|move|p2a: Alomomola|Flip Turn|p1a: Heracross\n|-damage|p1a: Heracross|51\/100\n|\n|t:|1700712843\n|switch|p2a: Dragonite|Dragonite, M|50\/100|[from] Flip Turn\n|\n|-heal|p2a: Dragonite|100\/100|[from] move: Wish|[wisher] Alomomola\n|-status|p1a: Heracross|brn|[from] item: Flame Orb\n|upkeep\n|turn|20\n|c|\u2606lucrencrum25|I really need to fix this hera\n|c|\u2606lucrencrum25|it's kinda redundant\n|\n|t:|1700712870\n|-terastallize|p1a: Heracross|Normal\n|move|p2a: Dragonite|Extreme Speed|p1a: Heracross\n|-damage|p1a: Heracross|0 fnt\n|faint|p1a: Heracross\n|\n|win|Will55555\n|c|\u2606Will55555|gg wp\n|c|\u2606lucrencrum25|...\n","uploadtime":1700712905,"views":9,"p1id":"lucrencrum25","p2id":"will55555","formatid":"gen9nationaldex","rating":0,"private":0,"password":""}