{"id":"gen9nationaldex-1993066983","p1":"Voltaris33","p2":"Tank Tests","format":"[Gen 9] National Dex","log":"|j|\u2606Voltaris33\n|j|\u2606Tank Tests\n|t:|1700261016\n|gametype|singles\n|player|p1|Voltaris33|unknown|1448\n|player|p2|Tank Tests|169|1382\n|teamsize|p1|6\n|teamsize|p2|6\n|gen|9\n|tier|[Gen 9] National Dex\n|rated|\n|rule|HP Percentage Mod: HP is shown in percentages\n|rule|Endless Battle Clause: Forcing endless battles is banned\n|rule|OHKO Clause: OHKO moves are banned\n|rule|Evasion Clause: Evasion abilities, items, and moves are banned\n|rule|Evasion Abilities Clause: Evasion abilities are banned\n|rule|Evasion Items Clause: Evasion items are banned\n|rule|Evasion Moves Clause: Evasion moves are banned\n|rule|Species Clause: Limit one of each Pok\u00e9mon\n|rule|Sleep Clause Mod: Limit one foe put to sleep\n|clearpoke\n|poke|p1|Aegislash, F|\n|poke|p1|Ceruledge, F|\n|poke|p1|Armarouge, F|\n|poke|p1|Falinks|\n|poke|p1|Gallade, M|\n|poke|p1|Dhelmise|\n|poke|p2|Pawmot, F|\n|poke|p2|Rabsca, F|\n|poke|p2|Banette, F|\n|poke|p2|Victini|\n|poke|p2|Dragonite, F|\n|poke|p2|Forretress, F|\n|teampreview\n|inactive|Battle timer is ON: inactive players will automatically lose when time's up. (requested by Voltaris33)\n|\n|t:|1700261023\n|start\n|switch|p1a: Dhelmise|Dhelmise, shiny|100\/100\n|switch|p2a: Banette|Banette, F|100\/100\n|turn|1\n|\n|t:|1700261026\n|detailschange|p2a: Banette|Banette-Mega, F\n|-mega|p2a: Banette|Banette|Banettite\n|move|p2a: Banette|Poltergeist|p1a: Dhelmise\n|-activate|p1a: Dhelmise|move: Poltergeist|Assault Vest\n|-supereffective|p1a: Dhelmise\n|-damage|p1a: Dhelmise|0 fnt\n|faint|p1a: Dhelmise\n|\n|upkeep\n|\n|t:|1700261034\n|switch|p1a: Ceruledge|Ceruledge, F|100\/100\n|turn|2\n|\n|t:|1700261037\n|move|p2a: Banette|Taunt|p1a: Ceruledge\n|-start|p1a: Ceruledge|move: Taunt\n|cant|p1a: Ceruledge|move: Taunt|Swords Dance\n|\n|upkeep\n|turn|3\n|\n|t:|1700261046\n|move|p2a: Banette|Destiny Bond|p2a: Banette\n|-singlemove|p2a: Banette|Destiny Bond\n|move|p1a: Ceruledge|Bitter Blade|p2a: Banette\n|-damage|p2a: Banette|6\/100\n|\n|upkeep\n|turn|4\n|\n|t:|1700261051\n|switch|p1a: Armarouge|Armarouge, F|100\/100\n|move|p2a: Banette|Poltergeist|p1a: Armarouge\n|-activate|p1a: Armarouge|move: Poltergeist|Focus Sash\n|-supereffective|p1a: Armarouge\n|-enditem|p1a: Armarouge|Focus Sash\n|-damage|p1a: Armarouge|1\/100\n|-ability|p1a: Armarouge|Weak Armor|boost\n|-unboost|p1a: Armarouge|def|1\n|-boost|p1a: Armarouge|spe|2\n|\n|upkeep\n|turn|5\n|\n|t:|1700261058\n|move|p2a: Banette|Destiny Bond|p2a: Banette\n|-singlemove|p2a: Banette|Destiny Bond\n|move|p1a: Armarouge|Psychic|p2a: Banette\n|-damage|p2a: Banette|0 fnt\n|faint|p2a: Banette\n|-activate|p2a: Banette|move: Destiny Bond\n|faint|p1a: Armarouge\n|\n|upkeep\n|\n|t:|1700261064\n|switch|p2a: Pawmot|Pawmot, F|100\/100\n|switch|p1a: Aegislash|Aegislash, F, shiny|100\/100\n|turn|6\n|\n|t:|1700261068\n|move|p2a: Pawmot|Revival Blessing|p2a: Pawmot\n|-enditem|p2a: Pawmot|Leppa Berry|[eat]\n|-activate|p2a: Pawmot|item: Leppa Berry|Revival Blessing|[consumed]\n|\n|t:|1700261070\n|-heal|p2: Banette|50\/100|[from] move: Revival Blessing\n|-formechange|p1a: Aegislash|Aegislash-Blade||[from] ability: Stance Change\n|move|p1a: Aegislash|Shadow Ball|p2a: Pawmot\n|-damage|p2a: Pawmot|8\/100\n|\n|upkeep\n|turn|7\n|\n|t:|1700261079\n|switch|p2a: Forretress|Forretress, F|100\/100\n|move|p1a: Aegislash|Shadow Ball|p2a: Forretress\n|-damage|p2a: Forretress|55\/100\n|\n|upkeep\n|turn|8\n|\n|t:|1700261084\n|-formechange|p1a: Aegislash|Aegislash||[from] ability: Stance Change\n|move|p1a: Aegislash|King's Shield|p1a: Aegislash\n|-singleturn|p1a: Aegislash|Protect\n|move|p2a: Forretress|Thunder Wave|p1a: Aegislash\n|-status|p1a: Aegislash|par\n|\n|upkeep\n|turn|9\n|\n|t:|1700261086\n|switch|p1a: Ceruledge|Ceruledge, F|100\/100\n|move|p2a: Forretress|Stealth Rock|p1a: Ceruledge\n|-sidestart|p1: Voltaris33|move: Stealth Rock\n|\n|upkeep\n|turn|10\n|\n|t:|1700261089\n|move|p1a: Ceruledge|Bitter Blade|p2a: Forretress\n|-supereffective|p2a: Forretress\n|-damage|p2a: Forretress|0 fnt\n|faint|p2a: Forretress\n|\n|upkeep\n|\n|t:|1700261094\n|switch|p2a: Dragonite|Dragonite, F|100\/100\n|turn|11\n|\n|t:|1700261098\n|move|p1a: Ceruledge|Swords Dance|p1a: Ceruledge\n|-boost|p1a: Ceruledge|atk|2\n|move|p2a: Dragonite|Earthquake|p1a: Ceruledge\n|-supereffective|p1a: Ceruledge\n|-enditem|p1a: Ceruledge|Focus Sash\n|-damage|p1a: Ceruledge|1\/100\n|-ability|p1a: Ceruledge|Weak Armor|boost\n|-unboost|p1a: Ceruledge|def|1\n|-boost|p1a: Ceruledge|spe|2\n|\n|upkeep\n|turn|12\n|\n|t:|1700261101\n|-terastallize|p1a: Ceruledge|Dragon\n|move|p1a: Ceruledge|Dragon Claw|p2a: Dragonite\n|-supereffective|p2a: Dragonite\n|-damage|p2a: Dragonite|10\/100\n|-enditem|p2a: Dragonite|Weakness Policy\n|-boost|p2a: Dragonite|atk|2|[from] item: Weakness Policy\n|-boost|p2a: Dragonite|spa|2|[from] item: Weakness Policy\n|move|p2a: Dragonite|Earthquake|p1a: Ceruledge\n|-damage|p1a: Ceruledge|0 fnt\n|faint|p1a: Ceruledge\n|\n|upkeep\n|\n|t:|1700261107\n|switch|p1a: Gallade|Gallade, M, shiny|100\/100\n|-damage|p1a: Gallade|94\/100|[from] Stealth Rock\n|turn|13\n|\n|t:|1700261111\n|detailschange|p1a: Gallade|Gallade-Mega, M, shiny\n|-mega|p1a: Gallade|Gallade|Galladite\n|-terastallize|p2a: Dragonite|Normal\n|move|p2a: Dragonite|Extreme Speed|p1a: Gallade\n|-damage|p1a: Gallade|0 fnt\n|faint|p1a: Gallade\n|\n|upkeep\n|\n|t:|1700261115\n|switch|p1a: Aegislash|Aegislash, F, shiny|100\/100 par\n|-damage|p1a: Aegislash|94\/100 par|[from] Stealth Rock\n|turn|14\n|\n|t:|1700261118\n|move|p2a: Dragonite|Earthquake|p1a: Aegislash\n|-supereffective|p1a: Aegislash\n|-damage|p1a: Aegislash|0 fnt\n|faint|p1a: Aegislash\n|\n|upkeep\n|\n|t:|1700261121\n|switch|p1a: Falinks|Falinks, shiny|100\/100\n|-damage|p1a: Falinks|94\/100|[from] Stealth Rock\n|turn|15\n|\n|t:|1700261123\n|move|p2a: Dragonite|Extreme Speed|p1a: Falinks\n|-damage|p1a: Falinks|0 fnt\n|faint|p1a: Falinks\n|\n|win|Tank Tests\n|raw|Voltaris33's rating: 1448 &rarr; <strong>1424<\/strong><br \/>(-24 for losing)\n|raw|Tank Tests's rating: 1382 &rarr; <strong>1406<\/strong><br \/>(+24 for winning)\n|l|\u2606Voltaris33\n","uploadtime":1700261129,"views":17,"p1id":"voltaris33","p2id":"tanktests","formatid":"gen9nationaldex","rating":1406,"private":0,"password":""}