{"id":"gen9nationaldex-1988912899","p1":"Krish2278","p2":"Gaurav Charizard x","format":"[Gen 9] National Dex","log":"|j|\u2606Krish2278\n|j|\u2606Gaurav Charizard x\n|t:|1699786525\n|gametype|singles\n|player|p1|Krish2278|bellelba|\n|player|p2|Gaurav Charizard x|brycenman|\n|teamsize|p1|6\n|teamsize|p2|6\n|gen|9\n|tier|[Gen 9] National Dex\n|rule|HP Percentage Mod: HP is shown in percentages\n|rule|Endless Battle Clause: Forcing endless battles is banned\n|rule|OHKO Clause: OHKO moves are banned\n|rule|Evasion Clause: Evasion abilities, items, and moves are banned\n|rule|Evasion Abilities Clause: Evasion abilities are banned\n|rule|Evasion Items Clause: Evasion items are banned\n|rule|Evasion Moves Clause: Evasion moves are banned\n|rule|Species Clause: Limit one of each Pok\u00e9mon\n|rule|Sleep Clause Mod: Limit one foe put to sleep\n|clearpoke\n|poke|p1|Gliscor, M|\n|poke|p1|Rillaboom, M|\n|poke|p1|Dragonite, M|\n|poke|p1|Scizor, F|\n|poke|p1|Zapdos|\n|poke|p1|Kommo-o, F|\n|poke|p2|Kommo-o, F|\n|poke|p2|Rillaboom, F|\n|poke|p2|Porygon-Z|\n|poke|p2|Tapu Koko|\n|poke|p2|Mawile, F|\n|poke|p2|Heatran, M|\n|teampreview\n|\n|t:|1699786564\n|start\n|switch|p1a: Zapdos|Zapdos|100\/100\n|switch|p2a: Porygon-Z|Porygon-Z|100\/100\n|turn|1\n|j| Blazzeon\n|\n|t:|1699786579\n|move|p1a: Zapdos|Thunderbolt|p2a: Porygon-Z\n|-damage|p2a: Porygon-Z|36\/100\n|move|p2a: Porygon-Z|Tri Attack|p1a: Zapdos\n|-damage|p1a: Zapdos|0 fnt\n|faint|p1a: Zapdos\n|\n|upkeep\n|c| Blazzeon|Pg terko devlul ki kasam\n|c| Blazzeon|Jit jata\n|\n|t:|1699786586\n|switch|p1a: Scizor|Scizor, F|100\/100\n|turn|2\n|c| Blazzeon|Devli*\n|c| Blazzeon|Devi*\n|c| Blazzeon|Devil*\n|\n|t:|1699786594\n|switch|p2a: Heatran|Heatran, M|100\/100\n|detailschange|p1a: Scizor|Scizor-Mega, F\n|-mega|p1a: Scizor|Scizor|Scizorite\n|move|p1a: Scizor|Bullet Punch|p2a: Heatran\n|-resisted|p2a: Heatran\n|-damage|p2a: Heatran|90\/100\n|\n|upkeep\n|turn|3\n|\n|t:|1699786607\n|switch|p1a: Gliscor|Gliscor, M|100\/100\n|move|p2a: Heatran|Eruption|p1a: Gliscor\n|-damage|p1a: Gliscor|10\/100\n|\n|-status|p1a: Gliscor|tox|[from] item: Toxic Orb\n|upkeep\n|turn|4\n|\n|t:|1699786613\n|move|p2a: Heatran|Eruption|p1a: Gliscor\n|-damage|p1a: Gliscor|0 fnt\n|faint|p1a: Gliscor\n|\n|upkeep\n|\n|t:|1699786624\n|switch|p1a: Kommo-o|Kommo-o, F|100\/100\n|turn|5\n|j| Kartik thats it\n|c| Kartik thats it|Woa\n|\n|t:|1699786629\n|switch|p2a: Mawile|Mawile, F|100\/100\n|-ability|p2a: Mawile|Intimidate|boost\n|-unboost|p1a: Kommo-o|atk|1\n|move|p1a: Kommo-o|Earthquake|p2a: Mawile\n|-supereffective|p2a: Mawile\n|-damage|p2a: Mawile|44\/100\n|\n|upkeep\n|turn|6\n|\n|t:|1699786636\n|switch|p1a: Rillaboom|Rillaboom, M|100\/100\n|-fieldstart|move: Grassy Terrain|[from] ability: Grassy Surge|[of] p1a: Rillaboom\n|switch|p2a: Rillaboom|Rillaboom, F|100\/100\n|\n|upkeep\n|turn|7\n|\n|t:|1699786644\n|move|p2a: Rillaboom|Fake Out|p1a: Rillaboom\n|-damage|p1a: Rillaboom|86\/100\n|cant|p1a: Rillaboom|flinch\n|\n|-heal|p1a: Rillaboom|92\/100|[from] Grassy Terrain\n|upkeep\n|turn|8\n|c| Blazzeon|Boom boom\n|\n|t:|1699786650\n|move|p1a: Rillaboom|Knock Off|p2a: Rillaboom\n|-damage|p2a: Rillaboom|57\/100\n|-damage|p1a: Rillaboom|76\/100|[from] item: Rocky Helmet|[of] p2a: Rillaboom\n|-enditem|p2a: Rillaboom|Rocky Helmet|[from] move: Knock Off|[of] p1a: Rillaboom\n|move|p2a: Rillaboom|Knock Off|p1a: Rillaboom\n|-damage|p1a: Rillaboom|40\/100\n|-enditem|p1a: Rillaboom|Choice Band|[from] move: Knock Off|[of] p2a: Rillaboom\n|\n|-heal|p1a: Rillaboom|47\/100|[from] Grassy Terrain\n|-heal|p2a: Rillaboom|63\/100|[from] Grassy Terrain\n|upkeep\n|turn|9\n|j| h1rsfr\n|\n|t:|1699786666\n|move|p1a: Rillaboom|Drain Punch|p2a: Rillaboom\n|-damage|p2a: Rillaboom|42\/100\n|-heal|p1a: Rillaboom|59\/100|[from] drain|[of] p2a: Rillaboom\n|move|p2a: Rillaboom|Knock Off|p1a: Rillaboom\n|-damage|p1a: Rillaboom|35\/100\n|\n|-heal|p1a: Rillaboom|42\/100|[from] Grassy Terrain\n|-heal|p2a: Rillaboom|48\/100|[from] Grassy Terrain\n|upkeep\n|turn|10\n|c| Kartik thats it|Jit jao asg\n|\n|t:|1699786673\n|move|p1a: Rillaboom|Drain Punch|p2a: Rillaboom\n|-damage|p2a: Rillaboom|25\/100\n|-heal|p1a: Rillaboom|55\/100|[from] drain|[of] p2a: Rillaboom\n|move|p2a: Rillaboom|Superpower|p1a: Rillaboom\n|-damage|p1a: Rillaboom|12\/100\n|-unboost|p2a: Rillaboom|atk|1\n|-unboost|p2a: Rillaboom|def|1\n|\n|-heal|p1a: Rillaboom|18\/100|[from] Grassy Terrain\n|-heal|p2a: Rillaboom|31\/100|[from] Grassy Terrain\n|-fieldend|move: Grassy Terrain\n|upkeep\n|turn|11\n|c| h1rsfr|Asg harega\n|\n|t:|1699786678\n|move|p1a: Rillaboom|Knock Off|p2a: Rillaboom\n|-damage|p2a: Rillaboom|0 fnt\n|faint|p2a: Rillaboom\n|\n|upkeep\n|c| Blazzeon|Pg sweep kr\n|c| Blazzeon|Pg\n|\n|t:|1699786682\n|switch|p2a: Heatran|Heatran, M|90\/100\n|turn|12\n|c| Blazzeon|Devlul ka saval h\n|j| zeet Zoroark\n|c| Blazzeon|Jit jaa\n|c| h1rsfr|Same team h inki lmao\n|\n|t:|1699786693\n|move|p2a: Heatran|Eruption|p1a: Rillaboom\n|-supereffective|p1a: Rillaboom\n|-damage|p1a: Rillaboom|0 fnt\n|faint|p1a: Rillaboom\n|\n|upkeep\n|\n|t:|1699786699\n|switch|p1a: Dragonite|Dragonite, M|100\/100\n|turn|13\n|c| h1rsfr|Thora fmfarak h bs\n|\n|t:|1699786710\n|move|p2a: Heatran|Eruption|p1a: Dragonite\n|-resisted|p1a: Dragonite\n|-damage|p1a: Dragonite|83\/100\n|move|p1a: Dragonite|Dragon Dance|p1a: Dragonite\n|-boost|p1a: Dragonite|atk|1\n|-boost|p1a: Dragonite|spe|1\n|\n|upkeep\n|turn|14\n|c| zeet Zoroark|Hello\n|c| Blazzeon|Porygon nd mawile ni h asg k paas\n|c| zeet Zoroark|Meri friend req accept karo\n|c| Blazzeon|Kon\n|c|\u2606Krish2278|Main har gaya\n|c|\u2606Krish2278|\ud83d\ude2d\ud83d\ude2d\ud83d\ude2d\n|c| Blazzeon|Deserved\n|c| Blazzeon|\ud83d\uddff\n|\n|t:|1699786753\n|switch|p2a: Chaccha|Kommo-o, F|100\/100\n|move|p1a: Dragonite|Earthquake|p2a: Chaccha\n|-damage|p2a: Chaccha|46\/100\n|\n|upkeep\n|turn|15\n|c| h1rsfr|Deserved\n|c| Blazzeon|Pg the goat\n|c| Kartik thats it|\ud83d\ude2d\ud83e\udd1d\ud83c\udffb\n|c| h1rsfr|Pg the goat\n|c| Blazzeon|Kartik ne jinx ki tha terko\n|c| h1rsfr|Pg solos\n|c| Blazzeon|Harna to pakka tha\n|\n|t:|1699786769\n|move|p1a: Dragonite|Earthquake|p2a: Chaccha\n|-damage|p2a: Chaccha|0 fnt\n|faint|p2a: Chaccha\n|\n|upkeep\n|c| h1rsfr|Mene totka kia asg pe isliye hara wo\n|c| zeet Zoroark|Krish aur gaurav bola kar yeh pg asg nhi smajhta\n|\n|t:|1699786795\n|switch|p2a: Heatran|Heatran, M|90\/100\n|turn|16\n|c|\u2606Krish2278|Pg ko goat bolna band karo\n|c|\u2606Krish2278|Dekho abhi bas\n|c| Kartik thats it|Fr\n|c| Blazzeon|Maine pg ko devli ka ashirwad dia\n|\n|t:|1699786804\n|-terastallize|p2a: Heatran|Grass\n|move|p2a: Heatran|Dark Pulse|p1a: Dragonite\n|-damage|p1a: Dragonite|56\/100\n|move|p1a: Dragonite|Earthquake|p2a: Heatran\n|-resisted|p2a: Heatran\n|-damage|p2a: Heatran|62\/100\n|\n|upkeep\n|turn|17\n|c| Kartik thats it|Asg jitega bhay\n|c| Blazzeon|Pg solos\n|\n|t:|1699786815\n|-terastallize|p1a: Dragonite|Normal\n|move|p1a: Dragonite|Extreme Speed|p2a: Heatran\n|-damage|p2a: Heatran|0 fnt\n|faint|p2a: Heatran\n|\n|upkeep\n|c| Blazzeon|Chuta\n|c| Kartik thats it|Yea bishh\n|c| Blazzeon|Terrain ni Krna tha\n|c| zeet Zoroark|Mawipe sucker punch\n|c| Blazzeon|Burn OHKO krega??\n|c| Blazzeon|Mawile\n|c| h1rsfr|Mawile\n|\n|t:|1699786851\n|switch|p2a: Mawile|Mawile, F|44\/100\n|-ability|p2a: Mawile|Intimidate|boost\n|-unboost|p1a: Dragonite|atk|1\n|turn|18\n|c| zeet Zoroark|Yeah\n|c| h1rsfr|Sucker punch kr\n|c| h1rsfr|Damage calc use kia hoga burn ne\n|c| Blazzeon|Attack chod diye uske vese\n|\n|t:|1699786870\n|detailschange|p2a: Mawile|Mawile-Mega, F\n|-mega|p2a: Mawile|Mawile|Mawilite\n|move|p1a: Dragonite|Earthquake|p2a: Mawile\n|-supereffective|p2a: Mawile\n|-damage|p2a: Mawile|0 fnt\n|faint|p2a: Mawile\n|\n|upkeep\n|c| zeet Zoroark|Nhi be\n|c| Blazzeon|Abe\n|\n|t:|1699786877\n|switch|p2a: Tapu Koko|Tapu Koko|100\/100\n|-fieldstart|move: Electric Terrain|[from] ability: Electric Surge|[of] p2a: Tapu Koko\n|turn|19\n|c|\u2606Krish2278|Yesssss\n|c| Blazzeon|C\n|\n|t:|1699786884\n|move|p1a: Dragonite|Extreme Speed|p2a: Tapu Koko\n|-damage|p2a: Tapu Koko|30\/100\n|move|p2a: Tapu Koko|Thunderbolt|p1a: Dragonite\n|-damage|p1a: Dragonite|0 fnt\n|faint|p1a: Dragonite\n|\n|upkeep\n|c| zeet Zoroark|Def chutia hai drag ka\n|c| h1rsfr|Suckerpunch ku ni kia\n|c| h1rsfr|Chu..\n|\n|t:|1699786892\n|switch|p1a: Scizor|Scizor-Mega, F|100\/100\n|turn|20\n|\n|t:|1699786897\n|move|p1a: Scizor|Bullet Punch|p2a: Tapu Koko\n|-damage|p2a: Tapu Koko|0 fnt\n|faint|p2a: Tapu Koko\n|\n|upkeep\n|c| Blazzeon|Abe yrr\n|\n|t:|1699786900\n|switch|p2a: Porygon-Z|Porygon-Z|36\/100\n|turn|21\n|c| Blazzeon|Jita match tha\n|c|\u2606Krish2278|Baap kon hain\n|c|\u2606Krish2278|Goat kon hain\n|c|\u2606Krish2278|Batou\n|c| Blazzeon|Wohi h\n|c| Blazzeon|Pg better\n|c|\u2606Krish2278|Muh kyu band ho gaya\n|c| h1rsfr|Dono ka baap same h \u2620\n|\n|t:|1699786921\n|move|p1a: Scizor|Bullet Punch|p2a: Porygon-Z\n|-damage|p2a: Porygon-Z|0 fnt\n|faint|p2a: Porygon-Z\n|\n|win|Krish2278\n|c| Blazzeon|Tu match jita wo hamare hearts jita\n","uploadtime":1699786933,"views":5,"p1id":"krish2278","p2id":"gauravcharizardx","formatid":"gen9nationaldex","rating":0,"private":0,"password":""}