{"id":"gen9nationaldex-1987240830","p1":"Alexandre195","p2":"Yan007","format":"[Gen 9] National Dex","log":"|j|\u2606Alexandre195\n|j|\u2606Yan007\n|t:|1699568516\n|gametype|singles\n|player|p1|Alexandre195|nate|\n|player|p2|Yan007|idol|\n|teamsize|p1|6\n|teamsize|p2|6\n|gen|9\n|tier|[Gen 9] National Dex\n|rule|HP Percentage Mod: HP is shown in percentages\n|rule|Endless Battle Clause: Forcing endless battles is banned\n|rule|OHKO Clause: OHKO moves are banned\n|rule|Evasion Clause: Evasion abilities, items, and moves are banned\n|rule|Evasion Abilities Clause: Evasion abilities are banned\n|rule|Evasion Items Clause: Evasion items are banned\n|rule|Evasion Moves Clause: Evasion moves are banned\n|rule|Species Clause: Limit one of each Pok\u00e9mon\n|rule|Sleep Clause Mod: Limit one foe put to sleep\n|clearpoke\n|poke|p1|Incineroar, M|\n|poke|p1|Mudsdale, M|\n|poke|p1|Golisopod, M|\n|poke|p1|Ribombee, M|\n|poke|p1|Lycanroc-Dusk, F|\n|poke|p1|Kommo-o, M|\n|poke|p2|Haxorus, M|\n|poke|p2|Krookodile, M|\n|poke|p2|Serperior, M|\n|poke|p2|Golurk|\n|poke|p2|Samurott, F|\n|poke|p2|Mandibuzz, F|\n|teampreview\n|inactive|Battle timer is ON: inactive players will automatically lose when time's up. (requested by Alexandre195)\n|\n|t:|1699568521\n|start\n|switch|p1a: Ribombee|Ribombee, M|100\/100\n|switch|p2a: Serperior|Serperior, M|100\/100\n|turn|1\n|\n|t:|1699568528\n|move|p1a: Ribombee|Sticky Web|p2a: Serperior\n|-sidestart|p2: Yan007|move: Sticky Web\n|move|p2a: Serperior|Swords Dance|p2a: Serperior\n|-unboost|p2a: Serperior|atk|2\n|\n|upkeep\n|turn|2\n|\n|t:|1699568548\n|move|p1a: Ribombee|Quiver Dance|p1a: Ribombee\n|-boost|p1a: Ribombee|spa|1\n|-boost|p1a: Ribombee|spd|1\n|-boost|p1a: Ribombee|spe|1\n|move|p2a: Serperior|Leaf Storm|p1a: Ribombee\n|-resisted|p1a: Ribombee\n|-damage|p1a: Ribombee|73\/100\n|-boost|p2a: Serperior|spa|2\n|\n|upkeep\n|turn|3\n|\n|t:|1699568556\n|move|p1a: Ribombee|Quiver Dance|p1a: Ribombee\n|-boost|p1a: Ribombee|spa|1\n|-boost|p1a: Ribombee|spd|1\n|-boost|p1a: Ribombee|spe|1\n|move|p2a: Serperior|Light Screen|p2a: Serperior\n|-sidestart|p2: Yan007|move: Light Screen\n|\n|upkeep\n|turn|4\n|\n|t:|1699568561\n|switch|p2a: Mandibuzz|Mandibuzz, F|100\/100\n|move|p1a: Ribombee|Quiver Dance|p1a: Ribombee\n|-boost|p1a: Ribombee|spa|1\n|-boost|p1a: Ribombee|spd|1\n|-boost|p1a: Ribombee|spe|1\n|\n|upkeep\n|turn|5\n|\n|t:|1699568566\n|move|p1a: Ribombee|Quiver Dance|p1a: Ribombee\n|-boost|p1a: Ribombee|spa|1\n|-boost|p1a: Ribombee|spd|1\n|-boost|p1a: Ribombee|spe|1\n|move|p2a: Mandibuzz|Acrobatics|p1a: Ribombee\n|-supereffective|p1a: Ribombee\n|-damage|p1a: Ribombee|0 fnt\n|faint|p1a: Ribombee\n|\n|upkeep\n|\n|t:|1699568572\n|switch|p1a: Mudsdale|Mudsdale, M|100\/100\n|turn|6\n|\n|t:|1699568578\n|move|p2a: Mandibuzz|Foul Play|p1a: Mudsdale\n|-damage|p1a: Mudsdale|59\/100\n|-ability|p1a: Mudsdale|Stamina|boost\n|-boost|p1a: Mudsdale|def|1\n|move|p1a: Mudsdale|Stealth Rock|p2a: Mandibuzz\n|-sidestart|p2: Yan007|move: Stealth Rock\n|\n|-heal|p1a: Mudsdale|65\/100|[from] item: Leftovers\n|upkeep\n|turn|7\n|\n|t:|1699568585\n|move|p2a: Mandibuzz|Foul Play|p1a: Mudsdale\n|-damage|p1a: Mudsdale|38\/100\n|-ability|p1a: Mudsdale|Stamina|boost\n|-boost|p1a: Mudsdale|def|1\n|move|p1a: Mudsdale|Body Press|p2a: Mandibuzz\n|-damage|p2a: Mandibuzz|76\/100\n|-ability|p2a: Mandibuzz|Weak Armor|boost\n|-unboost|p2a: Mandibuzz|def|1\n|-boost|p2a: Mandibuzz|spe|2\n|\n|-heal|p1a: Mudsdale|44\/100|[from] item: Leftovers\n|-sideend|p2: Yan007|move: Light Screen\n|upkeep\n|turn|8\n|\n|t:|1699568594\n|move|p2a: Mandibuzz|Foul Play|p1a: Mudsdale\n|-damage|p1a: Mudsdale|23\/100\n|-ability|p1a: Mudsdale|Stamina|boost\n|-boost|p1a: Mudsdale|def|1\n|move|p1a: Mudsdale|Body Press|p2a: Mandibuzz\n|-damage|p2a: Mandibuzz|27\/100\n|-ability|p2a: Mandibuzz|Weak Armor|boost\n|-unboost|p2a: Mandibuzz|def|1\n|-boost|p2a: Mandibuzz|spe|2\n|\n|-heal|p1a: Mudsdale|29\/100|[from] item: Leftovers\n|upkeep\n|turn|9\n|\n|t:|1699568601\n|move|p2a: Mandibuzz|Roost|p2a: Mandibuzz\n|-heal|p2a: Mandibuzz|77\/100\n|-singleturn|p2a: Mandibuzz|move: Roost\n|move|p1a: Mudsdale|Body Press|p2a: Mandibuzz\n|-supereffective|p2a: Mandibuzz\n|-damage|p2a: Mandibuzz|0 fnt\n|faint|p2a: Mandibuzz\n|\n|-heal|p1a: Mudsdale|35\/100|[from] item: Leftovers\n|upkeep\n|\n|t:|1699568605\n|switch|p2a: Samurott|Samurott, F|100\/100\n|-activate|p2a: Samurott|move: Sticky Web\n|-unboost|p2a: Samurott|spe|1\n|-damage|p2a: Samurott|88\/100|[from] Stealth Rock\n|turn|10\n|\n|t:|1699568614\n|switch|p2a: Serperior|Serperior, M|100\/100\n|-activate|p2a: Serperior|move: Sticky Web\n|-boost|p2a: Serperior|spe|1\n|-damage|p2a: Serperior|88\/100|[from] Stealth Rock\n|move|p1a: Mudsdale|Body Press|p2a: Serperior\n|-damage|p2a: Serperior|32\/100\n|\n|-heal|p2a: Serperior|39\/100|[from] item: Leftovers\n|-heal|p1a: Mudsdale|41\/100|[from] item: Leftovers\n|upkeep\n|turn|11\n|\n|t:|1699568622\n|move|p2a: Serperior|Leaf Storm|p1a: Mudsdale\n|-supereffective|p1a: Mudsdale\n|-damage|p1a: Mudsdale|0 fnt\n|-boost|p2a: Serperior|spa|2\n|faint|p1a: Mudsdale\n|\n|-heal|p2a: Serperior|45\/100|[from] item: Leftovers\n|upkeep\n|\n|t:|1699568624\n|switch|p1a: Golisopod|Golisopod, M, shiny|100\/100\n|turn|12\n|\n|t:|1699568630\n|move|p1a: Golisopod|First Impression|p2a: Serperior\n|-supereffective|p2a: Serperior\n|-damage|p2a: Serperior|0 fnt\n|faint|p2a: Serperior\n|-damage|p1a: Golisopod|91\/100|[from] item: Life Orb\n|\n|upkeep\n|\n|t:|1699568635\n|switch|p2a: Golurk|Golurk|100\/100\n|-activate|p2a: Golurk|move: Sticky Web\n|-unboost|p2a: Golurk|spe|1\n|-damage|p2a: Golurk|94\/100|[from] Stealth Rock\n|turn|13\n|\n|t:|1699568641\n|-terastallize|p2a: Golurk|Fire\n|move|p1a: Golisopod|Liquidation|p2a: Golurk\n|-supereffective|p2a: Golurk\n|-damage|p2a: Golurk|0 fnt\n|faint|p2a: Golurk\n|-damage|p1a: Golisopod|81\/100|[from] item: Life Orb\n|\n|upkeep\n|\n|t:|1699568646\n|switch|p2a: Haxorus|Haxorus, M, shiny|100\/100\n|-activate|p2a: Haxorus|move: Sticky Web\n|-unboost|p2a: Haxorus|spe|1\n|-damage|p2a: Haxorus|88\/100|[from] Stealth Rock\n|-ability|p2a: Haxorus|Mold Breaker\n|turn|14\n|\n|t:|1699568652\n|switch|p1a: Incineroar|Incineroar, M|100\/100\n|-ability|p1a: Incineroar|Intimidate|boost\n|-unboost|p2a: Haxorus|atk|1\n|move|p2a: Haxorus|Outrage|p1a: Incineroar\n|-damage|p1a: Incineroar|52\/100\n|\n|-heal|p2a: Haxorus|94\/100|[from] item: Leftovers\n|upkeep\n|turn|15\n|\n|t:|1699568660\n|-zpower|p1a: Incineroar\n|move|p1a: Incineroar|Malicious Moonsault|p2a: Haxorus|[zeffect]\n|-damage|p2a: Haxorus|0 fnt\n|faint|p2a: Haxorus\n|\n|upkeep\n|\n|t:|1699568668\n|switch|p2a: Samurott|Samurott, F|88\/100\n|-activate|p2a: Samurott|move: Sticky Web\n|-unboost|p2a: Samurott|spe|1\n|-damage|p2a: Samurott|76\/100|[from] Stealth Rock\n|turn|16\n|\n|t:|1699568672\n|move|p2a: Samurott|Aqua Jet|p1a: Incineroar\n|-supereffective|p1a: Incineroar\n|-damage|p1a: Incineroar|10\/100\n|move|p1a: Incineroar|Leech Life|p2a: Samurott\n|-damage|p2a: Samurott|52\/100\n|-heal|p1a: Incineroar|23\/100|[from] drain|[of] p2a: Samurott\n|\n|-heal|p2a: Samurott|58\/100|[from] item: Leftovers\n|upkeep\n|turn|17\n|\n|t:|1699568679\n|move|p2a: Samurott|Aqua Jet|p1a: Incineroar\n|-supereffective|p1a: Incineroar\n|-damage|p1a: Incineroar|0 fnt\n|faint|p1a: Incineroar\n|\n|-heal|p2a: Samurott|64\/100|[from] item: Leftovers\n|upkeep\n|\n|t:|1699568683\n|switch|p1a: Kommo-o|Kommo-o, M|100\/100\n|turn|18\n|\n|t:|1699568688\n|move|p1a: Kommo-o|Clanging Scales|p2a: Samurott\n|-damage|p2a: Samurott|12\/100\n|-unboost|p1a: Kommo-o|def|1\n|move|p2a: Samurott|Avalanche|p1a: Kommo-o\n|-supereffective|p1a: Kommo-o\n|-damage|p1a: Kommo-o|0 fnt\n|faint|p1a: Kommo-o\n|\n|-heal|p2a: Samurott|18\/100|[from] item: Leftovers\n|upkeep\n|\n|t:|1699568692\n|switch|p1a: Golisopod|Golisopod, M, shiny|81\/100\n|turn|19\n|\n|t:|1699568698\n|move|p1a: Golisopod|First Impression|p2a: Samurott\n|-damage|p2a: Samurott|0 fnt\n|faint|p2a: Samurott\n|-damage|p1a: Golisopod|71\/100|[from] item: Life Orb\n|\n|upkeep\n|\n|t:|1699568704\n|switch|p2a: Krookodile|Krookodile, M|100\/100\n|-activate|p2a: Krookodile|move: Sticky Web\n|-unboost|p2a: Krookodile|spe|1\n|-damage|p2a: Krookodile|94\/100|[from] Stealth Rock\n|turn|20\n|\n|t:|1699568711\n|switch|p1a: Lycanroc|Lycanroc-Dusk, F|100\/100\n|move|p2a: Krookodile|Outrage|p1a: Lycanroc\n|-crit|p1a: Lycanroc\n|-enditem|p1a: Lycanroc|Focus Sash\n|-damage|p1a: Lycanroc|1\/100\n|\n|upkeep\n|turn|21\n|\n|t:|1699568716\n|move|p1a: Lycanroc|Accelerock|p2a: Krookodile\n|-resisted|p2a: Krookodile\n|-damage|p2a: Krookodile|78\/100\n|move|p2a: Krookodile|Outrage|p1a: Lycanroc|[from]lockedmove\n|-crit|p1a: Lycanroc\n|-damage|p1a: Lycanroc|0 fnt\n|faint|p1a: Lycanroc\n|-ability|p2a: Krookodile|Moxie|boost\n|-boost|p2a: Krookodile|atk|1\n|\n|upkeep\n|\n|t:|1699568719\n|switch|p1a: Golisopod|Golisopod, M, shiny|71\/100\n|turn|22\n|\n|t:|1699568721\n|-terastallize|p1a: Golisopod|Bug\n|move|p1a: Golisopod|First Impression|p2a: Krookodile\n|-supereffective|p2a: Krookodile\n|-crit|p2a: Krookodile\n|-damage|p2a: Krookodile|0 fnt\n|faint|p2a: Krookodile\n|-damage|p1a: Golisopod|61\/100|[from] item: Life Orb\n|\n|win|Alexandre195\n|l|\u2606Yan007\n|l|\u2606Alexandre195\n|j|\u2606Alexandre195\n|player|p1|Alexandre195|nate\n","uploadtime":1699568768,"views":4,"p1id":"alexandre195","p2id":"yan007","formatid":"gen9nationaldex","rating":0,"private":0,"password":""}