{"id":"gen9nationaldex-1988579756","p1":"Garry97","p2":"thagreatbuffalo","format":"[Gen 9] National Dex","log":"|j|\u2606Garry97\n|j|\u203dthagreatbuffalo\n|t:|1699738297\n|gametype|singles\n|player|p1|Garry97|eri|1608\n|player|p2|thagreatbuffalo|steven-masters2|1572\n|teamsize|p1|6\n|teamsize|p2|6\n|gen|9\n|tier|[Gen 9] National Dex\n|rated|\n|rule|HP Percentage Mod: HP is shown in percentages\n|rule|Endless Battle Clause: Forcing endless battles is banned\n|rule|OHKO Clause: OHKO moves are banned\n|rule|Evasion Clause: Evasion abilities, items, and moves are banned\n|rule|Evasion Abilities Clause: Evasion abilities are banned\n|rule|Evasion Items Clause: Evasion items are banned\n|rule|Evasion Moves Clause: Evasion moves are banned\n|rule|Species Clause: Limit one of each Pok\u00e9mon\n|rule|Sleep Clause Mod: Limit one foe put to sleep\n|clearpoke\n|poke|p1|Bewear, M|\n|poke|p1|Hariyama, M|\n|poke|p1|Kommo-o, M|\n|poke|p1|Gallade, M|\n|poke|p1|Lucario, M|\n|poke|p1|Blaziken, M|\n|poke|p2|Okidogi, M|\n|poke|p2|Urshifu-*, M|\n|poke|p2|Tapu Bulu|\n|poke|p2|Sneasler, M|\n|poke|p2|Aerodactyl, M|\n|poke|p2|Dondozo, F|\n|teampreview\n|inactive|Battle timer is ON: inactive players will automatically lose when time's up. (requested by Garry97)\n|\n|t:|1699738311\n|start\n|switch|p1a: Lord Beerus|Lucario, M|100\/100\n|switch|p2a: Okidogi|Okidogi, M|100\/100\n|turn|1\n|\n|t:|1699738331\n|switch|p1a: Roronoa Zoro|Gallade, M|100\/100\n|move|p2a: Okidogi|Close Combat|p1a: Roronoa Zoro\n|-resisted|p1a: Roronoa Zoro\n|-damage|p1a: Roronoa Zoro|46\/100\n|-unboost|p2a: Okidogi|def|1\n|-unboost|p2a: Okidogi|spd|1\n|\n|upkeep\n|turn|2\n|\n|t:|1699738341\n|detailschange|p1a: Roronoa Zoro|Gallade-Mega, M\n|-mega|p1a: Roronoa Zoro|Gallade|Galladite\n|move|p1a: Roronoa Zoro|Psycho Cut|p2a: Okidogi\n|-supereffective|p2a: Okidogi\n|-damage|p2a: Okidogi|0 fnt\n|faint|p2a: Okidogi\n|\n|upkeep\n|\n|t:|1699738344\n|switch|p2a: Aerodactyl|Aerodactyl, M|100\/100\n|turn|3\n|\n|t:|1699738350\n|switch|p1a: Freddy|Bewear, M|100\/100\n|detailschange|p2a: Aerodactyl|Aerodactyl-Mega, M\n|-mega|p2a: Aerodactyl|Aerodactyl|Aerodactylite\n|move|p2a: Aerodactyl|Dual Wingbeat|p1a: Freddy\n|-supereffective|p1a: Freddy\n|-damage|p1a: Freddy|84\/100\n|-damage|p2a: Aerodactyl|84\/100|[from] item: Rocky Helmet|[of] p1a: Freddy\n|-supereffective|p1a: Freddy\n|-damage|p1a: Freddy|66\/100\n|-damage|p2a: Aerodactyl|67\/100|[from] item: Rocky Helmet|[of] p1a: Freddy\n|-hitcount|p1a: Freddy|2\n|\n|upkeep\n|turn|4\n|\n|t:|1699738363\n|switch|p2a: Tapu Bulu|Tapu Bulu, shiny|100\/100\n|-fieldstart|move: Grassy Terrain|[from] ability: Grassy Surge|[of] p2a: Tapu Bulu\n|move|p1a: Freddy|Drain Punch|p2a: Tapu Bulu\n|-resisted|p2a: Tapu Bulu\n|-damage|p2a: Tapu Bulu|86\/100\n|-heal|p1a: Freddy|72\/100|[from] drain|[of] p2a: Tapu Bulu\n|\n|-heal|p2a: Tapu Bulu|92\/100|[from] Grassy Terrain\n|-heal|p2a: Tapu Bulu|98\/100|[from] item: Leftovers\n|-heal|p1a: Freddy|78\/100|[from] Grassy Terrain\n|upkeep\n|turn|5\n|\n|t:|1699738377\n|move|p2a: Tapu Bulu|Swords Dance|p2a: Tapu Bulu\n|-boost|p2a: Tapu Bulu|atk|2\n|move|p1a: Freddy|Toxic|p2a: Tapu Bulu\n|-status|p2a: Tapu Bulu|tox\n|\n|-heal|p2a: Tapu Bulu|100\/100 tox|[from] Grassy Terrain\n|-heal|p1a: Freddy|85\/100|[from] Grassy Terrain\n|-damage|p2a: Tapu Bulu|94\/100 tox|[from] psn\n|upkeep\n|turn|6\n|\n|t:|1699738392\n|move|p2a: Tapu Bulu|Close Combat|p1a: Freddy\n|-supereffective|p1a: Freddy\n|-damage|p1a: Freddy|31\/100\n|-unboost|p2a: Tapu Bulu|def|1\n|-unboost|p2a: Tapu Bulu|spd|1\n|-damage|p2a: Tapu Bulu|78\/100 tox|[from] item: Rocky Helmet|[of] p1a: Freddy\n|move|p1a: Freddy|Ice Punch|p2a: Tapu Bulu\n|-supereffective|p2a: Tapu Bulu\n|-damage|p2a: Tapu Bulu|22\/100 tox\n|\n|-heal|p2a: Tapu Bulu|28\/100 tox|[from] Grassy Terrain\n|-heal|p2a: Tapu Bulu|35\/100 tox|[from] item: Leftovers\n|-heal|p1a: Freddy|37\/100|[from] Grassy Terrain\n|-damage|p2a: Tapu Bulu|22\/100 tox|[from] psn\n|upkeep\n|turn|7\n|\n|t:|1699738408\n|move|p2a: Tapu Bulu|Horn Leech|p1a: Freddy\n|-damage|p1a: Freddy|0 fnt\n|-heal|p2a: Tapu Bulu|46\/100 tox|[from] drain|[of] p1a: Freddy\n|-damage|p2a: Tapu Bulu|29\/100 tox|[from] item: Rocky Helmet|[of] p1a: Freddy\n|faint|p1a: Freddy\n|\n|-heal|p2a: Tapu Bulu|35\/100 tox|[from] Grassy Terrain\n|-heal|p2a: Tapu Bulu|42\/100 tox|[from] item: Leftovers\n|-damage|p2a: Tapu Bulu|23\/100 tox|[from] psn\n|upkeep\n|\n|t:|1699738422\n|switch|p1a: Lord Beerus|Lucario, M|100\/100\n|turn|8\n|\n|t:|1699738434\n|-terastallize|p1a: Lord Beerus|Normal\n|move|p1a: Lord Beerus|Extreme Speed|p2a: Tapu Bulu\n|-damage|p2a: Tapu Bulu|0 fnt\n|faint|p2a: Tapu Bulu\n|\n|-fieldend|move: Grassy Terrain\n|upkeep\n|\n|t:|1699738440\n|switch|p2a: Sneasler|Sneasler, M, shiny|100\/100\n|turn|9\n|\n|t:|1699738450\n|switch|p1a: Roronoa Zoro|Gallade-Mega, M|46\/100\n|move|p2a: Sneasler|Close Combat|p1a: Roronoa Zoro\n|-resisted|p1a: Roronoa Zoro\n|-damage|p1a: Roronoa Zoro|1\/100\n|-unboost|p2a: Sneasler|def|1\n|-unboost|p2a: Sneasler|spd|1\n|\n|upkeep\n|turn|10\n|\n|t:|1699738459\n|switch|p2a: Dondozo|Dondozo, F|100\/100\n|move|p1a: Roronoa Zoro|Psycho Cut|p2a: Dondozo\n|-damage|p2a: Dondozo|74\/100\n|\n|upkeep\n|turn|11\n|\n|t:|1699738476\n|move|p1a: Roronoa Zoro|Leaf Blade|p2a: Dondozo\n|-supereffective|p2a: Dondozo\n|-damage|p2a: Dondozo|31\/100\n|move|p2a: Dondozo|Rest|p2a: Dondozo\n|-status|p2a: Dondozo|slp|[from] move: Rest\n|-heal|p2a: Dondozo|100\/100 slp|[silent]\n|-enditem|p2a: Dondozo|Chesto Berry|[eat]\n|-curestatus|p2a: Dondozo|slp|[msg]\n|\n|upkeep\n|turn|12\n|\n|t:|1699738486\n|move|p1a: Roronoa Zoro|Leaf Blade|p2a: Dondozo\n|-supereffective|p2a: Dondozo\n|-damage|p2a: Dondozo|59\/100\n|move|p2a: Dondozo|Zen Headbutt|p1a: Roronoa Zoro\n|-damage|p1a: Roronoa Zoro|0 fnt\n|faint|p1a: Roronoa Zoro\n|\n|upkeep\n|\n|t:|1699738495\n|switch|p1a: Kommo-or!!!??|Kommo-o, M|100\/100\n|turn|13\n|\n|t:|1699738499\n|switch|p2a: Aerodactyl|Aerodactyl-Mega, M|67\/100\n|-zpower|p1a: Kommo-or!!!??\n|move|p1a: Kommo-or!!!??|Clangorous Soulblaze|p2a: Aerodactyl|[zeffect]\n|-damage|p2a: Aerodactyl|0 fnt\n|faint|p2a: Aerodactyl\n|-boost|p1a: Kommo-or!!!??|atk|1\n|-boost|p1a: Kommo-or!!!??|def|1\n|-boost|p1a: Kommo-or!!!??|spa|1\n|-boost|p1a: Kommo-or!!!??|spd|1\n|-boost|p1a: Kommo-or!!!??|spe|1\n|\n|upkeep\n|\n|t:|1699738509\n|switch|p2a: Sneasler|Sneasler, M, shiny|100\/100\n|turn|14\n|\n|t:|1699738515\n|move|p1a: Kommo-or!!!??|Clanging Scales|p2a: Sneasler\n|-damage|p2a: Sneasler|1\/100\n|-unboost|p1a: Kommo-or!!!??|def|1\n|move|p2a: Sneasler|Dire Claw|p1a: Kommo-or!!!??\n|-damage|p1a: Kommo-or!!!??|54\/100\n|-status|p1a: Kommo-or!!!??|psn\n|\n|-damage|p1a: Kommo-or!!!??|41\/100 psn|[from] psn\n|upkeep\n|turn|15\n|\n|t:|1699738529\n|move|p1a: Kommo-or!!!??|Aura Sphere|p2a: Sneasler\n|-resisted|p2a: Sneasler\n|-damage|p2a: Sneasler|0 fnt\n|faint|p2a: Sneasler\n|\n|-damage|p1a: Kommo-or!!!??|29\/100 psn|[from] psn\n|upkeep\n|\n|t:|1699738531\n|switch|p2a: Urshifu|Urshifu-Rapid-Strike, M|100\/100\n|turn|16\n|\n|t:|1699738539\n|-terastallize|p2a: Urshifu|Water\n|move|p2a: Urshifu|Surging Strikes|p1a: Kommo-or!!!??\n|-resisted|p1a: Kommo-or!!!??\n|-crit|p1a: Kommo-or!!!??\n|-damage|p1a: Kommo-or!!!??|16\/100 psn\n|-resisted|p1a: Kommo-or!!!??\n|-crit|p1a: Kommo-or!!!??\n|-damage|p1a: Kommo-or!!!??|3\/100 psn\n|-resisted|p1a: Kommo-or!!!??\n|-crit|p1a: Kommo-or!!!??\n|-damage|p1a: Kommo-or!!!??|0 fnt\n|faint|p1a: Kommo-or!!!??\n|-hitcount|p1: Kommo-or!!!??|3\n|\n|upkeep\n|\n|t:|1699738550\n|switch|p1a: Paca Pacheco|Hariyama, M, shiny|100\/100\n|turn|17\n|\n|t:|1699738555\n|move|p2a: Urshifu|Surging Strikes|p1a: Paca Pacheco\n|-crit|p1a: Paca Pacheco\n|-damage|p1a: Paca Pacheco|66\/100\n|-crit|p1a: Paca Pacheco\n|-damage|p1a: Paca Pacheco|35\/100\n|-crit|p1a: Paca Pacheco\n|-damage|p1a: Paca Pacheco|4\/100\n|-hitcount|p1a: Paca Pacheco|3\n|move|p1a: Paca Pacheco|Close Combat|p2a: Urshifu\n|-damage|p2a: Urshifu|30\/100\n|-unboost|p1a: Paca Pacheco|def|1\n|-unboost|p1a: Paca Pacheco|spd|1\n|\n|upkeep\n|turn|18\n|\n|t:|1699738567\n|move|p1a: Paca Pacheco|Bullet Punch|p2a: Urshifu\n|-resisted|p2a: Urshifu\n|-damage|p2a: Urshifu|23\/100\n|move|p2a: Urshifu|Surging Strikes|p1a: Paca Pacheco\n|-crit|p1a: Paca Pacheco\n|-damage|p1a: Paca Pacheco|0 fnt\n|faint|p1a: Paca Pacheco\n|-hitcount|p1: Paca Pacheco|1\n|\n|upkeep\n|\n|t:|1699738575\n|switch|p1a: Lord Beerus|Lucario, M, tera:Normal|100\/100\n|turn|19\n|\n|t:|1699738581\n|move|p1a: Lord Beerus|Extreme Speed|p2a: Urshifu\n|-damage|p2a: Urshifu|0 fnt\n|faint|p2a: Urshifu\n|\n|upkeep\n|\n|t:|1699738583\n|switch|p2a: Dondozo|Dondozo, F|59\/100\n|turn|20\n|\n|t:|1699738601\n|move|p1a: Lord Beerus|Extreme Speed|p2a: Dondozo\n|-damage|p2a: Dondozo|19\/100\n|move|p2a: Dondozo|Rest|p2a: Dondozo\n|-status|p2a: Dondozo|slp|[from] move: Rest\n|-heal|p2a: Dondozo|100\/100 slp|[silent]\n|\n|upkeep\n|turn|21\n|\n|t:|1699738609\n|move|p1a: Lord Beerus|Extreme Speed|p2a: Dondozo\n|-damage|p2a: Dondozo|62\/100 slp\n|cant|p2a: Dondozo|slp\n|\n|upkeep\n|turn|22\n|\n|t:|1699738615\n|move|p1a: Lord Beerus|Extreme Speed|p2a: Dondozo\n|-damage|p2a: Dondozo|27\/100 slp\n|cant|p2a: Dondozo|slp\n|\n|upkeep\n|turn|23\n|\n|t:|1699738621\n|move|p1a: Lord Beerus|Extreme Speed|p2a: Dondozo\n|-damage|p2a: Dondozo|0 fnt\n|faint|p2a: Dondozo\n|\n|win|Garry97\n|raw|Garry97's rating: 1608 &rarr; <strong>1626<\/strong><br \/>(+18 for winning)\n|raw|thagreatbuffalo's rating: 1572 &rarr; <strong>1554<\/strong><br \/>(-18 for losing)\n|l|\u203dthagreatbuffalo\n|c|\u2606Garry97|gg\n","uploadtime":1699738633,"views":29,"p1id":"garry97","p2id":"thagreatbuffalo","formatid":"gen9nationaldex","rating":1554,"private":0,"password":""}