{"id":"gen9nationaldex-1995139838","p1":"Miku Nakano ily","p2":"prince5","format":"[Gen 9] National Dex","log":"|html|<div class=\"broadcast-blue\"><strong>[Gen 9] National Dex is currently suspecting Sneasler! For information on how to participate check out the <a href=\"https:\/\/www.smogon.com\/forums\/threads\/sv-national-dex-suspect-8-just-dance.3731534\/\">suspect thread<\/a>.<\/strong><\/div>\n|j|\u2606Miku Nakano ily\n|j|\u2606prince5\n|inactive|Battle timer is ON: inactive players will automatically lose when time's up.\n|t:|1700527004\n|gametype|singles\n|player|p1|Miku Nakano ily|red|\n|player|p2|prince5|anabel|\n|teamsize|p1|6\n|teamsize|p2|6\n|gen|9\n|tier|[Gen 9] National Dex\n|rated|Tournament battle\n|rule|HP Percentage Mod: HP is shown in percentages\n|rule|Endless Battle Clause: Forcing endless battles is banned\n|rule|OHKO Clause: OHKO moves are banned\n|rule|Evasion Clause: Evasion abilities, items, and moves are banned\n|rule|Evasion Abilities Clause: Evasion abilities are banned\n|rule|Evasion Items Clause: Evasion items are banned\n|rule|Evasion Moves Clause: Evasion moves are banned\n|rule|Species Clause: Limit one of each Pok\u00e9mon\n|rule|Sleep Clause Mod: Limit one foe put to sleep\n|clearpoke\n|poke|p1|Charizard, M|\n|poke|p1|Alomomola, M|\n|poke|p1|Slowking-Galar, M|\n|poke|p1|Iron Valiant|\n|poke|p1|Landorus-Therian, M|\n|poke|p1|Cinderace, M|\n|poke|p2|Infernape, M|\n|poke|p2|Gliscor, M|\n|poke|p2|Sceptile, F|\n|poke|p2|Snorlax, M|\n|poke|p2|Charizard, M|\n|poke|p2|Heracross, M|\n|teampreview\n|inactive|Miku Nakano ily also wants the timer to be on.\n|c|\u2606Miku Nakano ily|hf\n|\n|t:|1700527012\n|start\n|switch|p1a: Cinderace|Cinderace, M|100\/100\n|switch|p2a: Gliscor|Gliscor, M|100\/100\n|turn|1\n|j| Mechavelli\n|\n|t:|1700527016\n|move|p2a: Gliscor|Protect|p2a: Gliscor\n|-singleturn|p2a: Gliscor|Protect\n|move|p1a: Cinderace|U-turn|p2a: Gliscor\n|-start|p1a: Cinderace|typechange|Bug|[from] ability: Libero\n|-activate|p2a: Gliscor|move: Protect\n|\n|-status|p2a: Gliscor|tox|[from] item: Toxic Orb\n|upkeep\n|turn|2\n|\n|t:|1700527024\n|move|p1a: Cinderace|U-turn|p2a: Gliscor\n|-resisted|p2a: Gliscor\n|-damage|p2a: Gliscor|87\/100 tox\n|\n|t:|1700527027\n|switch|p1a: Slowking|Slowking-Galar, M|100\/100|[from] U-turn\n|move|p2a: Gliscor|Earthquake|p1a: Slowking\n|-supereffective|p1a: Slowking\n|-damage|p1a: Slowking|30\/100\n|\n|-heal|p1a: Slowking|37\/100|[from] item: Leftovers\n|-heal|p2a: Gliscor|99\/100 tox|[from] ability: Poison Heal\n|upkeep\n|turn|3\n|\n|t:|1700527035\n|move|p2a: Gliscor|Earthquake|p1a: Slowking\n|-supereffective|p1a: Slowking\n|-damage|p1a: Slowking|0 fnt\n|faint|p1a: Slowking\n|\n|-heal|p2a: Gliscor|100\/100 tox|[from] ability: Poison Heal\n|upkeep\n|\n|t:|1700527039\n|switch|p1a: Charizard|Charizard, M|100\/100\n|turn|4\n|\n|t:|1700527045\n|detailschange|p1a: Charizard|Charizard-Mega-Y, M\n|-mega|p1a: Charizard|Charizard|Charizardite Y\n|-weather|SunnyDay|[from] ability: Drought|[of] p1a: Charizard\n|move|p2a: Gliscor|Protect|p2a: Gliscor\n|-singleturn|p2a: Gliscor|Protect\n|move|p1a: Charizard|Air Slash|p2a: Gliscor\n|-activate|p2a: Gliscor|move: Protect\n|\n|-weather|SunnyDay|[upkeep]\n|upkeep\n|turn|5\n|\n|t:|1700527054\n|switch|p2a: Snorlax|Snorlax, M|100\/100\n|move|p1a: Charizard|Air Slash|p2a: Snorlax|[miss]\n|-miss|p1a: Charizard|p2a: Snorlax\n|\n|-weather|SunnyDay|[upkeep]\n|upkeep\n|turn|6\n|j| Lechonkisuber\n|\n|t:|1700527061\n|switch|p1a: Alomomola|Alomomola, M|100\/100\n|move|p2a: Snorlax|Body Slam|p1a: Alomomola\n|-damage|p1a: Alomomola|84\/100\n|\n|-weather|SunnyDay|[upkeep]\n|upkeep\n|turn|7\n|\n|t:|1700527067\n|move|p2a: Snorlax|Curse|p2a: Snorlax\n|-unboost|p2a: Snorlax|spe|1\n|-boost|p2a: Snorlax|atk|1\n|-boost|p2a: Snorlax|def|1\n|move|p1a: Alomomola|Flip Turn|p2a: Snorlax\n|-damage|p2a: Snorlax|96\/100\n|c| Lechonkisuber|GO PRINCE\n|\n|t:|1700527070\n|switch|p1a: Cinderace|Cinderace, M|100\/100|[from] Flip Turn\n|\n|-weather|SunnyDay|[upkeep]\n|-heal|p2a: Snorlax|100\/100|[from] item: Leftovers\n|upkeep\n|turn|8\n|\n|t:|1700527077\n|move|p1a: Cinderace|High Jump Kick|p2a: Snorlax\n|-start|p1a: Cinderace|typechange|Fighting|[from] ability: Libero\n|-supereffective|p2a: Snorlax\n|-damage|p2a: Snorlax|43\/100\n|move|p2a: Snorlax|Body Slam|p1a: Cinderace\n|-damage|p1a: Cinderace|31\/100\n|\n|-weather|none\n|-heal|p2a: Snorlax|49\/100|[from] item: Leftovers\n|upkeep\n|turn|9\n|\n|t:|1700527087\n|switch|p2a: Gliscor|Gliscor, M|100\/100 tox\n|move|p1a: Cinderace|High Jump Kick|p2a: Gliscor\n|-resisted|p2a: Gliscor\n|-damage|p2a: Gliscor|77\/100 tox\n|\n|-heal|p2a: Gliscor|90\/100 tox|[from] ability: Poison Heal\n|upkeep\n|turn|10\n|\n|t:|1700527094\n|switch|p1a: Alomomola|Alomomola, M|100\/100\n|move|p2a: Gliscor|Toxic|p1a: Alomomola\n|-status|p1a: Alomomola|tox\n|\n|-heal|p2a: Gliscor|100\/100 tox|[from] ability: Poison Heal\n|-damage|p1a: Alomomola|94\/100 tox|[from] psn\n|upkeep\n|turn|11\n|\n|t:|1700527102\n|move|p2a: Gliscor|Protect|p2a: Gliscor\n|-singleturn|p2a: Gliscor|Protect\n|move|p1a: Alomomola|Wish|p1a: Alomomola\n|\n|-damage|p1a: Alomomola|82\/100 tox|[from] psn\n|upkeep\n|turn|12\n|\n|t:|1700527109\n|move|p2a: Gliscor|Toxic|p1a: Alomomola\n|-fail|p1a: Alomomola|tox\n|move|p1a: Alomomola|Flip Turn|p2a: Gliscor\n|-supereffective|p2a: Gliscor\n|-damage|p2a: Gliscor|77\/100 tox\n|\n|t:|1700527112\n|switch|p1a: Cinderace|Cinderace, M|31\/100|[from] Flip Turn\n|\n|-heal|p1a: Cinderace|100\/100|[from] move: Wish|[wisher] Alomomola\n|-heal|p2a: Gliscor|89\/100 tox|[from] ability: Poison Heal\n|upkeep\n|turn|13\n|\n|t:|1700527122\n|switch|p1a: Alomomola|Alomomola, M|100\/100 tox\n|move|p2a: Gliscor|Toxic|p1a: Alomomola\n|-fail|p1a: Alomomola|tox\n|\n|-heal|p2a: Gliscor|100\/100 tox|[from] ability: Poison Heal\n|-damage|p1a: Alomomola|94\/100 tox|[from] psn\n|upkeep\n|turn|14\n|\n|t:|1700527133\n|move|p2a: Gliscor|Earthquake|p1a: Alomomola\n|-damage|p1a: Alomomola|75\/100 tox\n|move|p1a: Alomomola|Flip Turn|p2a: Gliscor\n|-supereffective|p2a: Gliscor\n|-damage|p2a: Gliscor|75\/100 tox\n|\n|t:|1700527136\n|switch|p1a: Charizard|Charizard-Mega-Y, M|100\/100|[from] Flip Turn\n|-weather|SunnyDay|[from] ability: Drought|[of] p1a: Charizard\n|\n|-weather|SunnyDay|[upkeep]\n|-heal|p2a: Gliscor|87\/100 tox|[from] ability: Poison Heal\n|upkeep\n|turn|15\n|\n|t:|1700527144\n|move|p2a: Gliscor|Protect|p2a: Gliscor\n|-singleturn|p2a: Gliscor|Protect\n|move|p1a: Charizard|Air Slash|p2a: Gliscor\n|-activate|p2a: Gliscor|move: Protect\n|\n|-weather|SunnyDay|[upkeep]\n|-heal|p2a: Gliscor|99\/100 tox|[from] ability: Poison Heal\n|upkeep\n|turn|16\n|\n|t:|1700527151\n|move|p1a: Charizard|Weather Ball|p2a: Gliscor\n|-damage|p2a: Gliscor|21\/100 tox\n|move|p2a: Gliscor|Toxic|p1a: Charizard\n|-status|p1a: Charizard|tox\n|\n|-weather|SunnyDay|[upkeep]\n|-damage|p1a: Charizard|94\/100 tox|[from] psn\n|-heal|p2a: Gliscor|33\/100 tox|[from] ability: Poison Heal\n|upkeep\n|turn|17\n|\n|t:|1700527161\n|switch|p1a: Cinderace|Cinderace, M|100\/100\n|move|p2a: Gliscor|Protect||[still]\n|-fail|p2a: Gliscor\n|\n|-weather|SunnyDay|[upkeep]\n|-heal|p2a: Gliscor|45\/100 tox|[from] ability: Poison Heal\n|upkeep\n|turn|18\n|\n|t:|1700527168\n|move|p2a: Gliscor|Protect|p2a: Gliscor\n|-singleturn|p2a: Gliscor|Protect\n|move|p1a: Cinderace|Pyro Ball|p2a: Gliscor\n|-activate|p2a: Gliscor|move: Protect\n|\n|-weather|none\n|-heal|p2a: Gliscor|58\/100 tox|[from] ability: Poison Heal\n|upkeep\n|turn|19\n|\n|t:|1700527180\n|move|p1a: Cinderace|U-turn|p2a: Gliscor\n|-start|p1a: Cinderace|typechange|Bug|[from] ability: Libero\n|-resisted|p2a: Gliscor\n|-damage|p2a: Gliscor|45\/100 tox\n|\n|t:|1700527185\n|switch|p1a: Alomomola|Alomomola, M|100\/100 tox|[from] U-turn\n|move|p2a: Gliscor|Earthquake|p1a: Alomomola\n|-damage|p1a: Alomomola|81\/100 tox\n|\n|-heal|p2a: Gliscor|58\/100 tox|[from] ability: Poison Heal\n|-damage|p1a: Alomomola|75\/100 tox|[from] psn\n|upkeep\n|turn|20\n|\n|t:|1700527195\n|move|p2a: Gliscor|Defog|p1a: Alomomola\n|-unboost|p1a: Alomomola|evasion|1\n|move|p1a: Alomomola|Flip Turn|p2a: Gliscor\n|-supereffective|p2a: Gliscor\n|-damage|p2a: Gliscor|33\/100 tox\n|\n|t:|1700527201\n|switch|p1a: Charizard|Charizard-Mega-Y, M|94\/100 tox|[from] Flip Turn\n|-weather|SunnyDay|[from] ability: Drought|[of] p1a: Charizard\n|\n|-weather|SunnyDay|[upkeep]\n|-damage|p1a: Charizard|88\/100 tox|[from] psn\n|-heal|p2a: Gliscor|46\/100 tox|[from] ability: Poison Heal\n|upkeep\n|turn|21\n|\n|t:|1700527209\n|move|p2a: Gliscor|Protect|p2a: Gliscor\n|-singleturn|p2a: Gliscor|Protect\n|move|p1a: Charizard|Weather Ball|p2a: Gliscor\n|-activate|p2a: Gliscor|move: Protect\n|\n|-weather|SunnyDay|[upkeep]\n|-damage|p1a: Charizard|76\/100 tox|[from] psn\n|-heal|p2a: Gliscor|58\/100 tox|[from] ability: Poison Heal\n|upkeep\n|turn|22\n|\n|t:|1700527218\n|switch|p2a: Infernape|Infernape, M|100\/100\n|move|p1a: Charizard|Weather Ball|p2a: Infernape\n|-resisted|p2a: Infernape\n|-damage|p2a: Infernape|26\/100\n|\n|-weather|SunnyDay|[upkeep]\n|-damage|p1a: Charizard|58\/100 tox|[from] psn\n|upkeep\n|turn|23\n|\n|t:|1700527227\n|switch|p1a: Cinderace|Cinderace, M|100\/100\n|move|p2a: Infernape|Fire Blast|p1a: Cinderace\n|-resisted|p1a: Cinderace\n|-crit|p1a: Cinderace\n|-damage|p1a: Cinderace|0 fnt\n|faint|p1a: Cinderace\n|\n|-weather|SunnyDay|[upkeep]\n|upkeep\n|\n|t:|1700527234\n|switch|p1a: Landorus|Landorus-Therian, M|100\/100\n|-ability|p1a: Landorus|Intimidate|boost\n|-unboost|p2a: Infernape|atk|1\n|turn|24\n|\n|t:|1700527237\n|move|p2a: Infernape|Fire Blast|p1a: Landorus|[miss]\n|-miss|p2a: Infernape|p1a: Landorus\n|move|p1a: Landorus|Knock Off|p2a: Infernape\n|-resisted|p2a: Infernape\n|-damage|p2a: Infernape|3\/100\n|-enditem|p2a: Infernape|Choice Scarf|[from] move: Knock Off|[of] p1a: Landorus\n|\n|-weather|none\n|upkeep\n|turn|25\n|c| Lechonkisuber|GAWD DAM\n|\n|t:|1700527247\n|switch|p2a: Gliscor|Gliscor, M|58\/100 tox\n|move|p1a: Landorus|Knock Off|p2a: Gliscor\n|-damage|p2a: Gliscor|32\/100 tox\n|-enditem|p2a: Gliscor|Toxic Orb|[from] move: Knock Off|[of] p1a: Landorus\n|\n|-heal|p2a: Gliscor|45\/100 tox|[from] ability: Poison Heal\n|upkeep\n|turn|26\n|\n|t:|1700527254\n|move|p2a: Gliscor|Toxic|p1a: Landorus\n|-status|p1a: Landorus|tox\n|move|p1a: Landorus|Taunt|p2a: Gliscor\n|-start|p2a: Gliscor|move: Taunt\n|\n|-heal|p2a: Gliscor|57\/100 tox|[from] ability: Poison Heal\n|-damage|p1a: Landorus|94\/100 tox|[from] psn\n|upkeep\n|turn|27\n|j| Zed Thom\n|\n|t:|1700527263\n|switch|p2a: Charizard|Charizard, M|100\/100\n|switch|p1a: Charizard|Charizard-Mega-Y, M|58\/100 tox\n|-weather|SunnyDay|[from] ability: Drought|[of] p1a: Charizard\n|\n|-weather|SunnyDay|[upkeep]\n|-damage|p1a: Charizard|52\/100 tox|[from] psn\n|upkeep\n|turn|28\n|\n|t:|1700527271\n|switch|p1a: Landorus|Landorus-Therian, M|94\/100 tox\n|-ability|p1a: Landorus|Intimidate|boost\n|-unboost|p2a: Charizard|atk|1\n|detailschange|p2a: Charizard|Charizard-Mega-X, M\n|-mega|p2a: Charizard|Charizard|Charizardite X\n|move|p2a: Charizard|Dragon Claw|p1a: Landorus\n|-damage|p1a: Landorus|64\/100 tox\n|\n|-weather|SunnyDay|[upkeep]\n|-heal|p1a: Landorus|70\/100 tox|[from] item: Leftovers\n|-damage|p1a: Landorus|64\/100 tox|[from] psn\n|upkeep\n|turn|29\n|\n|t:|1700527282\n|switch|p2a: Gliscor|Gliscor, M|57\/100 tox\n|move|p1a: Landorus|Taunt|p2a: Gliscor\n|-start|p2a: Gliscor|move: Taunt\n|\n|-weather|SunnyDay|[upkeep]\n|-heal|p1a: Landorus|70\/100 tox|[from] item: Leftovers\n|-heal|p2a: Gliscor|69\/100 tox|[from] ability: Poison Heal\n|-damage|p1a: Landorus|58\/100 tox|[from] psn\n|upkeep\n|turn|30\n|\n|t:|1700527296\n|switch|p2a: Charizard|Charizard-Mega-X, M|100\/100\n|move|p1a: Landorus|Earthquake|p2a: Charizard\n|-supereffective|p2a: Charizard\n|-damage|p2a: Charizard|1\/100\n|\n|-weather|SunnyDay|[upkeep]\n|-heal|p1a: Landorus|64\/100 tox|[from] item: Leftovers\n|-damage|p1a: Landorus|46\/100 tox|[from] psn\n|upkeep\n|turn|31\n|\n|t:|1700527304\n|switch|p1a: Alomomola|Alomomola, M|100\/100 tox\n|move|p2a: Charizard|Fire Punch|p1a: Alomomola\n|-resisted|p1a: Alomomola\n|-damage|p1a: Alomomola|78\/100 tox\n|\n|-weather|none\n|-damage|p1a: Alomomola|72\/100 tox|[from] psn\n|upkeep\n|turn|32\n|\n|t:|1700527312\n|move|p2a: Charizard|Roost|p2a: Charizard\n|-heal|p2a: Charizard|51\/100\n|-singleturn|p2a: Charizard|move: Roost\n|move|p1a: Alomomola|Wish|p1a: Alomomola\n|\n|-damage|p1a: Alomomola|60\/100 tox|[from] psn\n|upkeep\n|turn|33\n|\n|t:|1700527322\n|move|p2a: Charizard|Roost|p2a: Charizard\n|-heal|p2a: Charizard|100\/100\n|-singleturn|p2a: Charizard|move: Roost\n|move|p1a: Alomomola|Flip Turn|p2a: Charizard\n|-damage|p2a: Charizard|83\/100\n|\n|t:|1700527328\n|switch|p1a: Landorus|Landorus-Therian, M|46\/100 tox|[from] Flip Turn\n|-ability|p1a: Landorus|Intimidate|boost\n|-unboost|p2a: Charizard|atk|1\n|\n|-heal|p1a: Landorus|100\/100 tox|[from] move: Wish|[wisher] Alomomola\n|-damage|p1a: Landorus|94\/100 tox|[from] psn\n|upkeep\n|turn|34\n|\n|t:|1700527341\n|switch|p2a: Gliscor|Gliscor, M|69\/100 tox\n|move|p1a: Landorus|Taunt|p2a: Gliscor\n|-start|p2a: Gliscor|move: Taunt\n|\n|-heal|p1a: Landorus|100\/100 tox|[from] item: Leftovers\n|-heal|p2a: Gliscor|82\/100 tox|[from] ability: Poison Heal\n|-damage|p1a: Landorus|88\/100 tox|[from] psn\n|upkeep\n|turn|35\n|\n|t:|1700527357\n|switch|p2a: Snorlax|Snorlax, M|49\/100\n|switch|p1a: Alomomola|Alomomola, M|93\/100 tox\n|\n|-heal|p2a: Snorlax|55\/100|[from] item: Leftovers\n|-damage|p1a: Alomomola|87\/100 tox|[from] psn\n|upkeep\n|turn|36\n|\n|t:|1700527364\n|move|p2a: Snorlax|Curse|p2a: Snorlax\n|-unboost|p2a: Snorlax|spe|1\n|-boost|p2a: Snorlax|atk|1\n|-boost|p2a: Snorlax|def|1\n|move|p1a: Alomomola|Toxic|p2a: Snorlax\n|-status|p2a: Snorlax|tox\n|\n|-heal|p2a: Snorlax|62\/100 tox|[from] item: Leftovers\n|-damage|p1a: Alomomola|74\/100 tox|[from] psn\n|-damage|p2a: Snorlax|55\/100 tox|[from] psn\n|upkeep\n|turn|37\n|\n|t:|1700527374\n|move|p2a: Snorlax|Rest|p2a: Snorlax\n|-status|p2a: Snorlax|slp|[from] move: Rest\n|-heal|p2a: Snorlax|100\/100 slp|[silent]\n|move|p1a: Alomomola|Wish|p1a: Alomomola\n|\n|-damage|p1a: Alomomola|56\/100 tox|[from] psn\n|upkeep\n|turn|38\n|\n|t:|1700527383\n|cant|p2a: Snorlax|slp\n|move|p1a: Alomomola|Flip Turn|p2a: Snorlax\n|-damage|p2a: Snorlax|93\/100 slp\n|\n|t:|1700527386\n|switch|p1a: Iron Valiant|Iron Valiant, shiny|100\/100|[from] Flip Turn\n|-enditem|p1a: Iron Valiant|Booster Energy\n|-activate|p1a: Iron Valiant|ability: Quark Drive|[fromitem]\n|-start|p1a: Iron Valiant|quarkdrivespe\n|\n|-heal|p2a: Snorlax|99\/100 slp|[from] item: Leftovers\n|upkeep\n|turn|39\n|\n|t:|1700527393\n|move|p1a: Iron Valiant|Swords Dance|p1a: Iron Valiant\n|-boost|p1a: Iron Valiant|atk|2\n|cant|p2a: Snorlax|slp\n|\n|-heal|p2a: Snorlax|100\/100 slp|[from] item: Leftovers\n|upkeep\n|turn|40\n|j| Klawf Up A Lung\n|\n|t:|1700527399\n|move|p1a: Iron Valiant|Swords Dance|p1a: Iron Valiant\n|-boost|p1a: Iron Valiant|atk|2\n|-curestatus|p2a: Snorlax|slp|[msg]\n|move|p2a: Snorlax|Body Slam|p1a: Iron Valiant\n|-damage|p1a: Iron Valiant|38\/100\n|\n|upkeep\n|turn|41\n|\n|t:|1700527406\n|switch|p2a: Infernape|Infernape, M|3\/100\n|move|p1a: Iron Valiant|Drain Punch|p2a: Infernape\n|-damage|p2a: Infernape|0 fnt\n|-heal|p1a: Iron Valiant|39\/100|[from] drain|[of] p2a: Infernape\n|faint|p2a: Infernape\n|\n|upkeep\n|\n|t:|1700527413\n|switch|p2a: Sceptile|Sceptile, F|100\/100\n|turn|42\n|\n|t:|1700527420\n|-terastallize|p2a: Sceptile|Flying\n|move|p1a: Iron Valiant|Drain Punch|p2a: Sceptile\n|-resisted|p2a: Sceptile\n|-damage|p2a: Sceptile|1\/100\n|-heal|p1a: Iron Valiant|88\/100|[from] drain|[of] p2a: Sceptile\n|move|p2a: Sceptile|Hidden Power|p1a: Iron Valiant\n|-supereffective|p1a: Iron Valiant\n|-damage|p1a: Iron Valiant|0 fnt\n|faint|p1a: Iron Valiant\n|-end|p1a: Iron Valiant|Quark Drive|[silent]\n|\n|upkeep\n|\n|t:|1700527432\n|switch|p1a: Landorus|Landorus-Therian, M|88\/100 tox\n|-ability|p1a: Landorus|Intimidate|boost\n|-unboost|p2a: Sceptile|atk|1\n|turn|43\n|\n|t:|1700527436\n|move|p2a: Sceptile|Giga Drain|p1a: Landorus\n|-damage|p1a: Landorus|60\/100 tox\n|-heal|p2a: Sceptile|21\/100|[from] drain|[of] p1a: Landorus\n|move|p1a: Landorus|Knock Off|p2a: Sceptile\n|-damage|p2a: Sceptile|0 fnt\n|-enditem|p2a: Sceptile|Focus Sash|[from] move: Knock Off|[of] p1a: Landorus\n|faint|p2a: Sceptile\n|\n|-heal|p1a: Landorus|66\/100 tox|[from] item: Leftovers\n|-damage|p1a: Landorus|60\/100 tox|[from] psn\n|upkeep\n|\n|t:|1700527447\n|switch|p2a: Heracross|Heracross, M|100\/100\n|turn|44\n|\n|t:|1700527458\n|switch|p1a: Alomomola|Alomomola, M|89\/100 tox\n|move|p2a: Heracross|Knock Off|p1a: Alomomola\n|-damage|p1a: Alomomola|72\/100 tox\n|-enditem|p1a: Alomomola|Lagging Tail|[from] move: Knock Off|[of] p2a: Heracross\n|\n|-damage|p1a: Alomomola|66\/100 tox|[from] psn\n|upkeep\n|turn|45\n|\n|t:|1700527468\n|switch|p2a: Snorlax|Snorlax, M|100\/100\n|move|p1a: Alomomola|Toxic|p2a: Snorlax\n|-status|p2a: Snorlax|tox\n|\n|-damage|p1a: Alomomola|54\/100 tox|[from] psn\n|-damage|p2a: Snorlax|94\/100 tox|[from] psn\n|upkeep\n|turn|46\n|\n|t:|1700527475\n|move|p1a: Alomomola|Wish|p1a: Alomomola\n|move|p2a: Snorlax|Curse|p2a: Snorlax\n|-unboost|p2a: Snorlax|spe|1\n|-boost|p2a: Snorlax|atk|1\n|-boost|p2a: Snorlax|def|1\n|\n|-heal|p2a: Snorlax|100\/100 tox|[from] item: Leftovers\n|-damage|p1a: Alomomola|35\/100 tox|[from] psn\n|-damage|p2a: Snorlax|88\/100 tox|[from] psn\n|upkeep\n|turn|47\n|\n|t:|1700527483\n|move|p1a: Alomomola|Flip Turn|p2a: Snorlax\n|-damage|p2a: Snorlax|80\/100 tox\n|\n|t:|1700527486\n|switch|p1a: Landorus|Landorus-Therian, M|60\/100 tox|[from] Flip Turn\n|-ability|p1a: Landorus|Intimidate|boost\n|-unboost|p2a: Snorlax|atk|1\n|move|p2a: Snorlax|Rest|p2a: Snorlax\n|-status|p2a: Snorlax|slp|[from] move: Rest\n|-heal|p2a: Snorlax|100\/100 slp|[silent]\n|\n|-heal|p1a: Landorus|100\/100 tox|[from] move: Wish|[wisher] Alomomola\n|-damage|p1a: Landorus|94\/100 tox|[from] psn\n|upkeep\n|turn|48\n|\n|t:|1700527498\n|move|p1a: Landorus|Knock Off|p2a: Snorlax\n|-damage|p2a: Snorlax|88\/100 slp\n|-enditem|p2a: Snorlax|Leftovers|[from] move: Knock Off|[of] p1a: Landorus\n|cant|p2a: Snorlax|slp\n|\n|-heal|p1a: Landorus|100\/100 tox|[from] item: Leftovers\n|-damage|p1a: Landorus|88\/100 tox|[from] psn\n|upkeep\n|turn|49\n|\n|t:|1700527505\n|switch|p1a: Alomomola|Alomomola, M|69\/100 tox\n|cant|p2a: Snorlax|slp\n|\n|-damage|p1a: Alomomola|62\/100 tox|[from] psn\n|upkeep\n|turn|50\n|\n|t:|1700527512\n|move|p1a: Alomomola|Flip Turn|p2a: Snorlax\n|-damage|p2a: Snorlax|80\/100 slp\n|\n|t:|1700527515\n|switch|p1a: Landorus|Landorus-Therian, M|88\/100 tox|[from] Flip Turn\n|-ability|p1a: Landorus|Intimidate|boost\n|-unboost|p2a: Snorlax|atk|1\n|-curestatus|p2a: Snorlax|slp|[msg]\n|move|p2a: Snorlax|Curse|p2a: Snorlax\n|-unboost|p2a: Snorlax|spe|1\n|-boost|p2a: Snorlax|atk|1\n|-boost|p2a: Snorlax|def|1\n|\n|-heal|p1a: Landorus|94\/100 tox|[from] item: Leftovers\n|-damage|p1a: Landorus|88\/100 tox|[from] psn\n|upkeep\n|turn|51\n|\n|t:|1700527526\n|move|p1a: Landorus|Taunt|p2a: Snorlax\n|-start|p2a: Snorlax|move: Taunt\n|move|p2a: Snorlax|Body Slam|p1a: Landorus\n|-damage|p1a: Landorus|61\/100 tox\n|\n|-heal|p1a: Landorus|67\/100 tox|[from] item: Leftovers\n|-damage|p1a: Landorus|55\/100 tox|[from] psn\n|upkeep\n|turn|52\n|\n|t:|1700527534\n|switch|p1a: Alomomola|Alomomola, M|96\/100 tox\n|move|p2a: Snorlax|Body Slam|p1a: Alomomola\n|-damage|p1a: Alomomola|78\/100 tox\n|\n|-damage|p1a: Alomomola|72\/100 tox|[from] psn\n|upkeep\n|turn|53\n|\n|t:|1700527541\n|move|p1a: Alomomola|Toxic|p2a: Snorlax\n|-status|p2a: Snorlax|tox\n|move|p2a: Snorlax|Body Slam|p1a: Alomomola\n|-damage|p1a: Alomomola|55\/100 tox\n|\n|-damage|p1a: Alomomola|42\/100 tox|[from] psn\n|-damage|p2a: Snorlax|74\/100 tox|[from] psn\n|-end|p2a: Snorlax|move: Taunt\n|upkeep\n|turn|54\n|\n|t:|1700527553\n|move|p1a: Alomomola|Wish|p1a: Alomomola\n|move|p2a: Snorlax|Rest|p2a: Snorlax\n|-status|p2a: Snorlax|slp|[from] move: Rest\n|-heal|p2a: Snorlax|100\/100 slp|[silent]\n|\n|-damage|p1a: Alomomola|24\/100 tox|[from] psn\n|upkeep\n|turn|55\n|\n|t:|1700527565\n|move|p1a: Alomomola|Flip Turn|p2a: Snorlax\n|-damage|p2a: Snorlax|95\/100 slp\n|\n|t:|1700527568\n|switch|p1a: Charizard|Charizard-Mega-Y, M|52\/100 tox|[from] Flip Turn\n|-weather|SunnyDay|[from] ability: Drought|[of] p1a: Charizard\n|cant|p2a: Snorlax|slp\n|\n|-weather|SunnyDay|[upkeep]\n|-heal|p1a: Charizard|100\/100 tox|[from] move: Wish|[wisher] Alomomola\n|-damage|p1a: Charizard|94\/100 tox|[from] psn\n|upkeep\n|turn|56\n|\n|t:|1700527577\n|move|p1a: Charizard|Weather Ball|p2a: Snorlax\n|-crit|p2a: Snorlax\n|-damage|p2a: Snorlax|55\/100 slp\n|cant|p2a: Snorlax|slp\n|\n|-weather|SunnyDay|[upkeep]\n|-damage|p1a: Charizard|82\/100 tox|[from] psn\n|upkeep\n|turn|57\n|\n|t:|1700527584\n|move|p1a: Charizard|Weather Ball|p2a: Snorlax\n|-damage|p2a: Snorlax|29\/100 slp\n|-curestatus|p2a: Snorlax|slp|[msg]\n|move|p2a: Snorlax|Body Slam|p1a: Charizard\n|-damage|p1a: Charizard|40\/100 tox\n|\n|-weather|SunnyDay|[upkeep]\n|-damage|p1a: Charizard|22\/100 tox|[from] psn\n|upkeep\n|turn|58\n|\n|t:|1700527597\n|switch|p1a: Alomomola|Alomomola, M|57\/100 tox\n|move|p2a: Snorlax|Rest|p2a: Snorlax\n|-status|p2a: Snorlax|slp|[from] move: Rest\n|-heal|p2a: Snorlax|100\/100 slp|[silent]\n|\n|-weather|SunnyDay|[upkeep]\n|-damage|p1a: Alomomola|51\/100 tox|[from] psn\n|upkeep\n|turn|59\n|l| Zed Thom\n|\n|t:|1700527606\n|move|p1a: Alomomola|Wish|p1a: Alomomola\n|cant|p2a: Snorlax|slp\n|\n|-weather|none\n|-damage|p1a: Alomomola|39\/100 tox|[from] psn\n|upkeep\n|turn|60\n|\n|t:|1700527611\n|move|p1a: Alomomola|Flip Turn|p2a: Snorlax\n|-damage|p2a: Snorlax|95\/100 slp\n|\n|t:|1700527613\n|switch|p1a: Charizard|Charizard-Mega-Y, M|22\/100 tox|[from] Flip Turn\n|-weather|SunnyDay|[from] ability: Drought|[of] p1a: Charizard\n|cant|p2a: Snorlax|slp\n|\n|-weather|SunnyDay|[upkeep]\n|-heal|p1a: Charizard|100\/100 tox|[from] move: Wish|[wisher] Alomomola\n|-damage|p1a: Charizard|94\/100 tox|[from] psn\n|upkeep\n|turn|61\n|\n|t:|1700527623\n|switch|p1a: Alomomola|Alomomola, M|72\/100 tox\n|-curestatus|p2a: Snorlax|slp|[msg]\n|move|p2a: Snorlax|Curse|p2a: Snorlax\n|-unboost|p2a: Snorlax|spe|1\n|-boost|p2a: Snorlax|atk|1\n|-boost|p2a: Snorlax|def|1\n|\n|-weather|SunnyDay|[upkeep]\n|-damage|p1a: Alomomola|66\/100 tox|[from] psn\n|upkeep\n|turn|62\n|\n|t:|1700527632\n|move|p1a: Alomomola|Toxic|p2a: Snorlax\n|-status|p2a: Snorlax|tox\n|move|p2a: Snorlax|Curse|p2a: Snorlax\n|-unboost|p2a: Snorlax|spe|1\n|-boost|p2a: Snorlax|atk|1\n|-boost|p2a: Snorlax|def|1\n|\n|-weather|SunnyDay|[upkeep]\n|-damage|p1a: Alomomola|53\/100 tox|[from] psn\n|-damage|p2a: Snorlax|88\/100 tox|[from] psn\n|upkeep\n|turn|63\n|\n|t:|1700527640\n|move|p1a: Alomomola|Wish|p1a: Alomomola\n|move|p2a: Snorlax|Body Slam|p1a: Alomomola\n|-damage|p1a: Alomomola|21\/100 tox\n|\n|-weather|SunnyDay|[upkeep]\n|-damage|p1a: Alomomola|3\/100 tox|[from] psn\n|-damage|p2a: Snorlax|76\/100 tox|[from] psn\n|upkeep\n|turn|64\n|\n|t:|1700527651\n|move|p1a: Alomomola|Flip Turn|p2a: Snorlax\n|-damage|p2a: Snorlax|74\/100 tox\n|\n|t:|1700527653\n|switch|p1a: Landorus|Landorus-Therian, M|55\/100 tox|[from] Flip Turn\n|-ability|p1a: Landorus|Intimidate|boost\n|-unboost|p2a: Snorlax|atk|1\n|move|p2a: Snorlax|Body Slam|p1a: Landorus\n|-damage|p1a: Landorus|16\/100 tox\n|\n|-weather|none\n|-heal|p1a: Landorus|86\/100 tox|[from] move: Wish|[wisher] Alomomola\n|-heal|p1a: Landorus|92\/100 tox|[from] item: Leftovers\n|-damage|p1a: Landorus|86\/100 tox|[from] psn\n|-damage|p2a: Snorlax|56\/100 tox|[from] psn\n|upkeep\n|turn|65\n|\n|t:|1700527665\n|move|p1a: Landorus|Taunt|p2a: Snorlax\n|-start|p2a: Snorlax|move: Taunt\n|cant|p2a: Snorlax|move: Taunt|Rest\n|\n|-heal|p1a: Landorus|92\/100 tox|[from] item: Leftovers\n|-damage|p1a: Landorus|80\/100 tox|[from] psn\n|-damage|p2a: Snorlax|31\/100 tox|[from] psn\n|upkeep\n|turn|66\n|\n|t:|1700527674\n|switch|p1a: Alomomola|Alomomola, M|36\/100 tox\n|switch|p2a: Gliscor|Gliscor, M|82\/100 tox\n|\n|-heal|p2a: Gliscor|94\/100 tox|[from] ability: Poison Heal\n|-damage|p1a: Alomomola|30\/100 tox|[from] psn\n|upkeep\n|turn|67\n|\n|t:|1700527694\n|switch|p2a: Charizard|Charizard-Mega-X, M|83\/100\n|move|p1a: Alomomola|Flip Turn|p2a: Charizard\n|-damage|p2a: Charizard|65\/100\n|\n|t:|1700527699\n|switch|p1a: Landorus|Landorus-Therian, M|80\/100 tox|[from] Flip Turn\n|-ability|p1a: Landorus|Intimidate|boost\n|-unboost|p2a: Charizard|atk|1\n|\n|-heal|p1a: Landorus|86\/100 tox|[from] item: Leftovers\n|-damage|p1a: Landorus|80\/100 tox|[from] psn\n|upkeep\n|turn|68\n|\n|t:|1700527707\n|switch|p2a: Gliscor|Gliscor, M|94\/100 tox\n|move|p1a: Landorus|Taunt|p2a: Gliscor\n|-start|p2a: Gliscor|move: Taunt\n|\n|-heal|p1a: Landorus|86\/100 tox|[from] item: Leftovers\n|-heal|p2a: Gliscor|100\/100 tox|[from] ability: Poison Heal\n|-damage|p1a: Landorus|74\/100 tox|[from] psn\n|upkeep\n|turn|69\n|\n|t:|1700527716\n|switch|p1a: Charizard|Charizard-Mega-Y, M|94\/100 tox\n|-weather|SunnyDay|[from] ability: Drought|[of] p1a: Charizard\n|move|p2a: Gliscor|Earthquake|p1a: Charizard\n|-immune|p1a: Charizard\n|\n|-weather|SunnyDay|[upkeep]\n|-damage|p1a: Charizard|88\/100 tox|[from] psn\n|upkeep\n|turn|70\n|j| leona misa\n|\n|t:|1700527725\n|switch|p2a: Charizard|Charizard-Mega-X, M|65\/100\n|move|p1a: Charizard|Weather Ball|p2a: Charizard\n|-resisted|p2a: Charizard\n|-damage|p2a: Charizard|36\/100\n|\n|-weather|SunnyDay|[upkeep]\n|-damage|p1a: Charizard|76\/100 tox|[from] psn\n|upkeep\n|turn|71\n|\n|t:|1700527734\n|move|p1a: Charizard|Scorching Sands|p2a: Charizard\n|-supereffective|p2a: Charizard\n|-damage|p2a: Charizard|0 fnt\n|faint|p2a: Charizard\n|\n|-weather|SunnyDay|[upkeep]\n|-damage|p1a: Charizard|58\/100 tox|[from] psn\n|upkeep\n|\n|t:|1700527741\n|switch|p2a: Snorlax|Snorlax, M|31\/100 tox\n|turn|72\n|n| ndsnez sini|leonamisa\n|\n|t:|1700527747\n|move|p1a: Charizard|Air Slash|p2a: Snorlax\n|-damage|p2a: Snorlax|8\/100 tox\n|cant|p2a: Snorlax|flinch\n|\n|-weather|SunnyDay|[upkeep]\n|-damage|p1a: Charizard|34\/100 tox|[from] psn\n|-damage|p2a: Snorlax|2\/100 tox|[from] psn\n|upkeep\n|turn|73\n|\n|t:|1700527762\n|switch|p2a: Gliscor|Gliscor, M|100\/100 tox\n|move|p1a: Charizard|Weather Ball|p2a: Gliscor\n|-damage|p2a: Gliscor|26\/100 tox\n|\n|-weather|none\n|-damage|p1a: Charizard|4\/100 tox|[from] psn\n|-heal|p2a: Gliscor|38\/100 tox|[from] ability: Poison Heal\n|upkeep\n|turn|74\n|\n|t:|1700527778\n|switch|p1a: Alomomola|Alomomola, M|63\/100 tox\n|move|p2a: Gliscor|Earthquake|p1a: Alomomola\n|-damage|p1a: Alomomola|47\/100 tox\n|\n|-heal|p2a: Gliscor|51\/100 tox|[from] ability: Poison Heal\n|-damage|p1a: Alomomola|41\/100 tox|[from] psn\n|upkeep\n|turn|75\n|\n|t:|1700527793\n|move|p2a: Gliscor|Earthquake|p1a: Alomomola\n|-crit|p1a: Alomomola\n|-damage|p1a: Alomomola|15\/100 tox\n|move|p1a: Alomomola|Wish|p1a: Alomomola\n|\n|-heal|p2a: Gliscor|63\/100 tox|[from] ability: Poison Heal\n|-damage|p1a: Alomomola|3\/100 tox|[from] psn\n|upkeep\n|turn|76\n|\n|t:|1700527801\n|switch|p1a: Charizard|Charizard-Mega-Y, M|4\/100 tox\n|-weather|SunnyDay|[from] ability: Drought|[of] p1a: Charizard\n|move|p2a: Gliscor|Protect||[still]\n|-fail|p2a: Gliscor\n|\n|-weather|SunnyDay|[upkeep]\n|-heal|p1a: Charizard|93\/100 tox|[from] move: Wish|[wisher] Alomomola\n|-damage|p1a: Charizard|87\/100 tox|[from] psn\n|-heal|p2a: Gliscor|76\/100 tox|[from] ability: Poison Heal\n|upkeep\n|turn|77\n|\n|t:|1700527812\n|move|p2a: Gliscor|Protect|p2a: Gliscor\n|-singleturn|p2a: Gliscor|Protect\n|move|p1a: Charizard|Weather Ball|p2a: Gliscor\n|-activate|p2a: Gliscor|move: Protect\n|\n|-weather|SunnyDay|[upkeep]\n|-damage|p1a: Charizard|75\/100 tox|[from] psn\n|-heal|p2a: Gliscor|88\/100 tox|[from] ability: Poison Heal\n|upkeep\n|turn|78\n|l| Lechonkisuber\n|\n|t:|1700527825\n|move|p2a: Gliscor|Protect||[still]\n|-fail|p2a: Gliscor\n|move|p1a: Charizard|Weather Ball|p2a: Gliscor\n|-damage|p2a: Gliscor|13\/100 tox\n|\n|-weather|SunnyDay|[upkeep]\n|-damage|p1a: Charizard|57\/100 tox|[from] psn\n|-heal|p2a: Gliscor|25\/100 tox|[from] ability: Poison Heal\n|upkeep\n|turn|79\n|\n|t:|1700527834\n|move|p2a: Gliscor|Protect|p2a: Gliscor\n|-singleturn|p2a: Gliscor|Protect\n|move|p1a: Charizard|Weather Ball|p2a: Gliscor\n|-activate|p2a: Gliscor|move: Protect\n|\n|-weather|SunnyDay|[upkeep]\n|-damage|p1a: Charizard|33\/100 tox|[from] psn\n|-heal|p2a: Gliscor|38\/100 tox|[from] ability: Poison Heal\n|upkeep\n|turn|80\n|l| ndsnez sini\n|inactive|prince5 has 120 seconds left.\n|\n|t:|1700527878\n|switch|p2a: Heracross|Heracross, M|100\/100\n|move|p1a: Charizard|Weather Ball|p2a: Heracross\n|-supereffective|p2a: Heracross\n|-damage|p2a: Heracross|0 fnt\n|faint|p2a: Heracross\n|\n|-weather|none\n|-damage|p1a: Charizard|3\/100 tox|[from] psn\n|upkeep\n|\n|t:|1700527891\n|switch|p2a: Gliscor|Gliscor, M|38\/100 tox\n|turn|81\n|\n|t:|1700527896\n|switch|p1a: Alomomola|Alomomola, M|36\/100 tox\n|move|p2a: Gliscor|Earthquake|p1a: Alomomola\n|-crit|p1a: Alomomola\n|-damage|p1a: Alomomola|8\/100 tox\n|\n|-heal|p2a: Gliscor|50\/100 tox|[from] ability: Poison Heal\n|-damage|p1a: Alomomola|2\/100 tox|[from] psn\n|upkeep\n|turn|82\n|\n|t:|1700527905\n|switch|p1a: Landorus|Landorus-Therian, M|74\/100 tox\n|-ability|p1a: Landorus|Intimidate|boost\n|-unboost|p2a: Gliscor|atk|1\n|move|p2a: Gliscor|Earthquake|p1a: Landorus\n|-immune|p1a: Landorus\n|\n|-heal|p1a: Landorus|80\/100 tox|[from] item: Leftovers\n|-heal|p2a: Gliscor|62\/100 tox|[from] ability: Poison Heal\n|-damage|p1a: Landorus|74\/100 tox|[from] psn\n|upkeep\n|turn|83\n|\n|t:|1700527921\n|move|p2a: Gliscor|Protect|p2a: Gliscor\n|-singleturn|p2a: Gliscor|Protect\n|move|p1a: Landorus|Taunt|p2a: Gliscor\n|-activate|p2a: Gliscor|move: Protect\n|\n|-heal|p1a: Landorus|80\/100 tox|[from] item: Leftovers\n|-heal|p2a: Gliscor|75\/100 tox|[from] ability: Poison Heal\n|-damage|p1a: Landorus|68\/100 tox|[from] psn\n|upkeep\n|turn|84\n|inactive|prince5 has 90 seconds left.\n|\n|t:|1700527937\n|move|p2a: Gliscor|Earthquake|p1a: Landorus\n|-immune|p1a: Landorus\n|move|p1a: Landorus|Taunt|p2a: Gliscor\n|-start|p2a: Gliscor|move: Taunt\n|\n|-heal|p1a: Landorus|74\/100 tox|[from] item: Leftovers\n|-heal|p2a: Gliscor|87\/100 tox|[from] ability: Poison Heal\n|-damage|p1a: Landorus|56\/100 tox|[from] psn\n|upkeep\n|turn|85\n|\n|t:|1700527947\n|switch|p1a: Alomomola|Alomomola, M|35\/100 tox\n|move|p2a: Gliscor|Earthquake|p1a: Alomomola\n|-damage|p1a: Alomomola|24\/100 tox\n|\n|-heal|p2a: Gliscor|99\/100 tox|[from] ability: Poison Heal\n|-damage|p1a: Alomomola|18\/100 tox|[from] psn\n|upkeep\n|turn|86\n|\n|t:|1700527971\n|switch|p1a: Landorus|Landorus-Therian, M|56\/100 tox\n|-ability|p1a: Landorus|Intimidate|boost\n|-unboost|p2a: Gliscor|atk|1\n|move|p2a: Gliscor|Earthquake|p1a: Landorus\n|-immune|p1a: Landorus\n|\n|-heal|p1a: Landorus|62\/100 tox|[from] item: Leftovers\n|-heal|p2a: Gliscor|100\/100 tox|[from] ability: Poison Heal\n|-damage|p1a: Landorus|56\/100 tox|[from] psn\n|upkeep\n|turn|87\n|inactive|prince5 has 60 seconds left.\n|\n|t:|1700527991\n|switch|p1a: Alomomola|Alomomola, M|51\/100 tox\n|move|p2a: Gliscor|Earthquake|p1a: Alomomola\n|-damage|p1a: Alomomola|42\/100 tox\n|\n|-damage|p1a: Alomomola|36\/100 tox|[from] psn\n|-end|p2a: Gliscor|move: Taunt\n|upkeep\n|turn|88\n|j| Ineros\n|\n|t:|1700528011\n|move|p2a: Gliscor|Earthquake|p1a: Alomomola\n|-damage|p1a: Alomomola|27\/100 tox\n|move|p1a: Alomomola|Wish|p1a: Alomomola\n|\n|-damage|p1a: Alomomola|15\/100 tox|[from] psn\n|upkeep\n|turn|89\n|\n|t:|1700528026\n|switch|p1a: Charizard|Charizard-Mega-Y, M|3\/100 tox\n|-weather|SunnyDay|[from] ability: Drought|[of] p1a: Charizard\n|move|p2a: Gliscor|Protect||[still]\n|-fail|p2a: Gliscor\n|\n|-weather|SunnyDay|[upkeep]\n|-heal|p1a: Charizard|92\/100 tox|[from] move: Wish|[wisher] Alomomola\n|-damage|p1a: Charizard|86\/100 tox|[from] psn\n|upkeep\n|turn|90\n|\n|t:|1700528036\n|move|p2a: Gliscor|Protect|p2a: Gliscor\n|-singleturn|p2a: Gliscor|Protect\n|move|p1a: Charizard|Weather Ball|p2a: Gliscor\n|-activate|p2a: Gliscor|move: Protect\n|\n|-weather|SunnyDay|[upkeep]\n|-damage|p1a: Charizard|74\/100 tox|[from] psn\n|upkeep\n|turn|91\n|l| Ineros\n|\n|t:|1700528045\n|move|p2a: Gliscor|Protect||[still]\n|-fail|p2a: Gliscor\n|move|p1a: Charizard|Weather Ball|p2a: Gliscor\n|-damage|p2a: Gliscor|26\/100 tox\n|\n|-weather|SunnyDay|[upkeep]\n|-damage|p1a: Charizard|56\/100 tox|[from] psn\n|-heal|p2a: Gliscor|38\/100 tox|[from] ability: Poison Heal\n|upkeep\n|turn|92\n|inactive|prince5 has 30 seconds left.\n|\n|t:|1700528064\n|move|p2a: Gliscor|Protect|p2a: Gliscor\n|-singleturn|p2a: Gliscor|Protect\n|move|p1a: Charizard|Weather Ball|p2a: Gliscor\n|-activate|p2a: Gliscor|move: Protect\n|\n|-weather|SunnyDay|[upkeep]\n|-damage|p1a: Charizard|32\/100 tox|[from] psn\n|-heal|p2a: Gliscor|51\/100 tox|[from] ability: Poison Heal\n|upkeep\n|turn|93\n|inactive|prince5 has 30 seconds left this turn.\n|inactive|prince5 has 20 seconds left.\n|inactive|Miku Nakano ily has 120 seconds left.\n|\n|t:|1700528089\n|move|p1a: Charizard|Weather Ball|p2a: Gliscor\n|-damage|p2a: Gliscor|0 fnt\n|faint|p2a: Gliscor\n|\n|-weather|none\n|-damage|p1a: Charizard|2\/100 tox|[from] psn\n|upkeep\n|inactive|prince5 has 25 seconds left this turn.\n|inactive|prince5 has 20 seconds left.\n|\n|t:|1700528095\n|switch|p2a: Snorlax|Snorlax, M|2\/100 tox\n|turn|94\n|inactive|prince5 has 25 seconds left this turn.\n|\n|t:|1700528098\n|move|p1a: Charizard|Scorching Sands|p2a: Snorlax\n|-damage|p2a: Snorlax|0 fnt\n|faint|p2a: Snorlax\n|\n|win|Miku Nakano ily\n|inactive|prince5 has 30 seconds left this turn.\n|n|\u2606Miku Nakano ily|mikunakanoily\n|n|\u2606prince5|prince5\n|n| Mechavelli|mechavelli\n|n| Klawf Up A Lung|klawfupalung\n","uploadtime":1700528099,"views":2,"p1id":"mikunakanoily","p2id":"prince5","formatid":"gen9nationaldex","rating":0,"private":0,"password":""}