{"id":"gen9nationaldex-1991380225","p1":"fufuduududud","p2":"yoinkle2","format":"[Gen 9] National Dex","log":"|j|\u2606fufuduududud\n|j|\u2606yoinkle2\n|t:|1700072292\n|gametype|singles\n|player|p1|fufuduududud|170|1134\n|player|p2|yoinkle2|plasmagrunt|1133\n|teamsize|p1|6\n|teamsize|p2|6\n|gen|9\n|tier|[Gen 9] National Dex\n|rated|\n|rule|HP Percentage Mod: HP is shown in percentages\n|rule|Endless Battle Clause: Forcing endless battles is banned\n|rule|OHKO Clause: OHKO moves are banned\n|rule|Evasion Clause: Evasion abilities, items, and moves are banned\n|rule|Evasion Abilities Clause: Evasion abilities are banned\n|rule|Evasion Items Clause: Evasion items are banned\n|rule|Evasion Moves Clause: Evasion moves are banned\n|rule|Species Clause: Limit one of each Pok\u00e9mon\n|rule|Sleep Clause Mod: Limit one foe put to sleep\n|clearpoke\n|poke|p1|Ting-Lu|\n|poke|p1|Samurott-Hisui, M|\n|poke|p1|Moltres|\n|poke|p1|Iron Hands|\n|poke|p1|Shuckle, F|\n|poke|p1|Sneasler, M|\n|poke|p2|Serperior, M|\n|poke|p2|Ferrothorn, M|\n|poke|p2|Xurkitree|\n|poke|p2|Garchomp, F|\n|poke|p2|Volcarona, F|\n|poke|p2|Gliscor, F|\n|teampreview\n|inactive|Battle timer is ON: inactive players will automatically lose when time's up. (requested by yoinkle2)\n|inactive|fufuduududud has 120 seconds left.\n|\n|t:|1700072338\n|start\n|switch|p1a: samurotthisui|Samurott-Hisui, M|100\/100\n|switch|p2a: Garchomp|Garchomp, F|100\/100\n|turn|1\n|\n|t:|1700072344\n|switch|p2a: Ferrothorn|Ferrothorn, M|100\/100\n|move|p1a: samurotthisui|Ceaseless Edge|p2a: Ferrothorn\n|-damage|p2a: Ferrothorn|76\/100\n|-damage|p1a: samurotthisui|88\/100|[from] ability: Iron Barbs|[of] p2a: Ferrothorn\n|-damage|p1a: samurotthisui|72\/100|[from] item: Rocky Helmet|[of] p2a: Ferrothorn\n|-sidestart|p2: yoinkle2|Spikes\n|\n|upkeep\n|turn|2\n|\n|t:|1700072353\n|switch|p1a: tinglu|Ting-Lu|100\/100\n|-ability|p1a: tinglu|Vessel of Ruin\n|move|p2a: Ferrothorn|Stealth Rock|p1a: tinglu\n|-sidestart|p1: fufuduududud|move: Stealth Rock\n|\n|upkeep\n|turn|3\n|\n|t:|1700072360\n|move|p1a: tinglu|Stealth Rock|p2a: Ferrothorn\n|-sidestart|p2: yoinkle2|move: Stealth Rock\n|move|p2a: Ferrothorn|Knock Off|p1a: tinglu\n|-resisted|p1a: tinglu\n|-crit|p1a: tinglu\n|-damage|p1a: tinglu|94\/100\n|-enditem|p1a: tinglu|Leftovers|[from] move: Knock Off|[of] p2a: Ferrothorn\n|\n|upkeep\n|turn|4\n|\n|t:|1700072367\n|switch|p2a: Serperior|Serperior, M|100\/100\n|-damage|p2a: Serperior|88\/100|[from] Spikes\n|-damage|p2a: Serperior|76\/100|[from] Stealth Rock\n|move|p1a: tinglu|Spikes|p2a: Serperior\n|-sidestart|p2: yoinkle2|Spikes\n|\n|upkeep\n|turn|5\n|\n|t:|1700072373\n|switch|p1a: Moltres|Moltres|100\/100\n|move|p2a: Serperior|Leaf Storm|p1a: Moltres\n|-resisted|p1a: Moltres\n|-damage|p1a: Moltres|89\/100\n|-boost|p2a: Serperior|spa|2\n|\n|upkeep\n|turn|6\n|\n|t:|1700072383\n|switch|p2a: Garchomp|Garchomp, F|100\/100\n|-damage|p2a: Garchomp|84\/100|[from] Spikes\n|-damage|p2a: Garchomp|78\/100|[from] Stealth Rock\n|move|p1a: Moltres|Air Slash|p2a: Garchomp\n|-damage|p2a: Garchomp|33\/100\n|\n|upkeep\n|turn|7\n|\n|t:|1700072391\n|switch|p1a: tinglu|Ting-Lu|94\/100\n|-damage|p1a: tinglu|88\/100|[from] Stealth Rock\n|-ability|p1a: tinglu|Vessel of Ruin\n|move|p2a: Garchomp|Stone Edge|p1a: tinglu\n|-resisted|p1a: tinglu\n|-damage|p1a: tinglu|81\/100\n|\n|upkeep\n|turn|8\n|\n|t:|1700072402\n|switch|p2a: Ferrothorn|Ferrothorn, M|76\/100\n|-damage|p2a: Ferrothorn|59\/100|[from] Spikes\n|-damage|p2a: Ferrothorn|53\/100|[from] Stealth Rock\n|move|p1a: tinglu|Spikes|p2a: Ferrothorn\n|-sidestart|p2: yoinkle2|Spikes\n|\n|upkeep\n|turn|9\n|\n|t:|1700072409\n|move|p2a: Ferrothorn|Toxic|p1a: tinglu\n|-status|p1a: tinglu|tox\n|move|p1a: tinglu|Whirlwind|p2a: Ferrothorn\n|drag|p2a: Xurkitree|Xurkitree|100\/100\n|-damage|p2a: Xurkitree|76\/100|[from] Spikes\n|-damage|p2a: Xurkitree|63\/100|[from] Stealth Rock\n|\n|-damage|p1a: tinglu|75\/100 tox|[from] psn\n|upkeep\n|turn|10\n|\n|t:|1700072419\n|move|p2a: Xurkitree|Dazzling Gleam|p1a: tinglu\n|-supereffective|p1a: tinglu\n|-damage|p1a: tinglu|32\/100 tox\n|move|p1a: tinglu|Whirlwind|p2a: Xurkitree\n|drag|p2a: Serperior|Serperior, M|76\/100\n|-damage|p2a: Serperior|51\/100|[from] Spikes\n|-damage|p2a: Serperior|39\/100|[from] Stealth Rock\n|\n|-damage|p1a: tinglu|20\/100 tox|[from] psn\n|upkeep\n|turn|11\n|\n|t:|1700072429\n|move|p2a: Serperior|Leaf Storm|p1a: tinglu\n|-supereffective|p1a: tinglu\n|-damage|p1a: tinglu|0 fnt\n|-boost|p2a: Serperior|spa|2\n|faint|p1a: tinglu\n|\n|upkeep\n|\n|t:|1700072431\n|switch|p1a: Moltres|Moltres|89\/100\n|turn|12\n|\n|t:|1700072443\n|move|p2a: Serperior|Leaf Storm|p1a: Moltres\n|-resisted|p1a: Moltres\n|-damage|p1a: Moltres|66\/100\n|-boost|p2a: Serperior|spa|2\n|move|p1a: Moltres|Air Slash|p2a: Serperior\n|-supereffective|p2a: Serperior\n|-damage|p2a: Serperior|0 fnt\n|faint|p2a: Serperior\n|\n|upkeep\n|\n|t:|1700072461\n|switch|p2a: Xurkitree|Xurkitree|63\/100\n|-damage|p2a: Xurkitree|39\/100|[from] Spikes\n|-damage|p2a: Xurkitree|26\/100|[from] Stealth Rock\n|turn|13\n|\n|t:|1700072474\n|switch|p1a: Shuckle|Shuckle, F|100\/100\n|-damage|p1a: Shuckle|76\/100|[from] Stealth Rock\n|move|p2a: Xurkitree|Thunderbolt|p1a: Shuckle\n|-damage|p1a: Shuckle|43\/100\n|-enditem|p1a: Shuckle|Red Card|[of] p2a: Xurkitree\n|drag|p2a: Garchomp|Garchomp, F|33\/100\n|-damage|p2a: Garchomp|8\/100|[from] Spikes\n|-damage|p2a: Garchomp|2\/100|[from] Stealth Rock\n|\n|upkeep\n|turn|14\n|\n|t:|1700072485\n|move|p2a: Garchomp|Earthquake|p1a: Shuckle\n|-damage|p1a: Shuckle|7\/100\n|move|p1a: Shuckle|Sticky Web|p2a: Garchomp\n|-sidestart|p2: yoinkle2|move: Sticky Web\n|\n|upkeep\n|turn|15\n|\n|t:|1700072501\n|move|p2a: Garchomp|Scale Shot|p1a: Shuckle\n|-damage|p1a: Shuckle|0 fnt\n|faint|p1a: Shuckle\n|-hitcount|p1: Shuckle|1\n|-unboost|p2a: Garchomp|def|1\n|-boost|p2a: Garchomp|spe|1\n|\n|upkeep\n|\n|t:|1700072505\n|switch|p1a: samurotthisui|Samurott-Hisui, M|72\/100\n|-damage|p1a: samurotthisui|59\/100|[from] Stealth Rock\n|turn|16\n|\n|t:|1700072514\n|move|p1a: samurotthisui|Sucker Punch|p2a: Garchomp\n|-damage|p2a: Garchomp|0 fnt\n|-damage|p1a: samurotthisui|47\/100|[from] ability: Rough Skin|[of] p2a: Garchomp\n|faint|p2a: Garchomp\n|\n|upkeep\n|\n|t:|1700072521\n|switch|p2a: Ferrothorn|Ferrothorn, M|53\/100\n|-damage|p2a: Ferrothorn|28\/100|[from] Spikes\n|-damage|p2a: Ferrothorn|22\/100|[from] Stealth Rock\n|-activate|p2a: Ferrothorn|move: Sticky Web\n|-unboost|p2a: Ferrothorn|spe|1\n|turn|17\n|\n|t:|1700072527\n|switch|p1a: Moltres|Moltres|66\/100\n|move|p2a: Ferrothorn|Knock Off|p1a: Moltres\n|-damage|p1a: Moltres|46\/100\n|-enditem|p1a: Moltres|Heavy-Duty Boots|[from] move: Knock Off|[of] p2a: Ferrothorn\n|\n|upkeep\n|turn|18\n|\n|t:|1700072537\n|move|p1a: Moltres|Roost|p1a: Moltres\n|-heal|p1a: Moltres|97\/100\n|-singleturn|p1a: Moltres|move: Roost\n|move|p2a: Ferrothorn|Toxic|p1a: Moltres\n|-status|p1a: Moltres|tox\n|\n|-damage|p1a: Moltres|91\/100 tox|[from] psn\n|upkeep\n|turn|19\n|\n|t:|1700072546\n|move|p1a: Moltres|Air Slash|p2a: Ferrothorn\n|-damage|p2a: Ferrothorn|0 fnt\n|faint|p2a: Ferrothorn\n|\n|-damage|p1a: Moltres|79\/100 tox|[from] psn\n|upkeep\n|\n|t:|1700072554\n|switch|p2a: Gliscor|Gliscor, F|100\/100\n|-damage|p2a: Gliscor|88\/100|[from] Stealth Rock\n|turn|20\n|\n|t:|1700072559\n|move|p2a: Gliscor|Gunk Shot|p1a: Moltres\n|-damage|p1a: Moltres|45\/100 tox\n|move|p1a: Moltres|Burn Up|p2a: Gliscor\n|-damage|p2a: Gliscor|0 fnt\n|-start|p1a: Moltres|typechange|???\/Flying|[from] move: Burn Up\n|faint|p2a: Gliscor\n|\n|-damage|p1a: Moltres|27\/100 tox|[from] psn\n|upkeep\n|\n|t:|1700072571\n|switch|p2a: Xurkitree|Xurkitree|26\/100\n|-damage|p2a: Xurkitree|1\/100|[from] Spikes\n|-damage|p2a: Xurkitree|0 fnt|[from] Stealth Rock\n|-activate|p2a: Xurkitree|move: Sticky Web\n|faint|p2a: Xurkitree\n|\n|t:|1700072576\n|switch|p2a: Volcarona|Volcarona, F|100\/100\n|turn|21\n|inactive|fufuduududud has 120 seconds left.\n|\n|t:|1700072616\n|move|p2a: Volcarona|Fiery Dance|p1a: Moltres\n|-damage|p1a: Moltres|0 fnt\n|faint|p1a: Moltres\n|\n|upkeep\n|\n|t:|1700072621\n|switch|p1a: samurotthisui|Samurott-Hisui, M|47\/100\n|-damage|p1a: samurotthisui|34\/100|[from] Stealth Rock\n|turn|22\n|\n|t:|1700072626\n|move|p2a: Volcarona|Quiver Dance|p2a: Volcarona\n|-boost|p2a: Volcarona|spa|1\n|-boost|p2a: Volcarona|spd|1\n|-boost|p2a: Volcarona|spe|1\n|move|p1a: samurotthisui|Aqua Cutter|p2a: Volcarona\n|-supereffective|p2a: Volcarona\n|-damage|p2a: Volcarona|0 fnt\n|faint|p2a: Volcarona\n|\n|win|fufuduududud\n|raw|fufuduududud's rating: 1134 &rarr; <strong>1159<\/strong><br \/>(+25 for winning)\n|raw|yoinkle2's rating: 1133 &rarr; <strong>1108<\/strong><br \/>(-25 for losing)\n|l|\u2606yoinkle2\n","uploadtime":1700072663,"views":4,"p1id":"fufuduududud","p2id":"yoinkle2","formatid":"gen9nationaldex","rating":1108,"private":0,"password":""}