{"id":"gen9nationaldex-1996115052","p1":"bao26062002","p2":"tensaiindustries","format":"[Gen 9] National Dex","log":"|html|<div class=\"broadcast-blue\"><strong>[Gen 9] National Dex is currently suspecting Sneasler! For information on how to participate check out the <a href=\"https:\/\/www.smogon.com\/forums\/threads\/sv-national-dex-suspect-8-just-dance.3731534\/\">suspect thread<\/a>.<\/strong><\/div>\n|j|\u2606bao26062002\n|j|\u2606tensaiindustries\n|t:|1700646413\n|gametype|singles\n|player|p1|bao26062002|102|1790\n|player|p2|tensaiindustries|lance|1699\n|teamsize|p1|6\n|teamsize|p2|6\n|gen|9\n|tier|[Gen 9] National Dex\n|rated|\n|rule|HP Percentage Mod: HP is shown in percentages\n|rule|Endless Battle Clause: Forcing endless battles is banned\n|rule|OHKO Clause: OHKO moves are banned\n|rule|Evasion Clause: Evasion abilities, items, and moves are banned\n|rule|Evasion Abilities Clause: Evasion abilities are banned\n|rule|Evasion Items Clause: Evasion items are banned\n|rule|Evasion Moves Clause: Evasion moves are banned\n|rule|Species Clause: Limit one of each Pok\u00e9mon\n|rule|Sleep Clause Mod: Limit one foe put to sleep\n|clearpoke\n|poke|p1|Ogerpon-Wellspring, F|\n|poke|p1|Clodsire, F|\n|poke|p1|Alomomola, F|\n|poke|p1|Ceruledge, F|\n|poke|p1|Tapu Lele|\n|poke|p1|Scizor, M|\n|poke|p2|Dragonite, F|\n|poke|p2|Chandelure, F|\n|poke|p2|Cresselia, F|\n|poke|p2|Tyranitar, F|\n|poke|p2|Landorus-Therian, M|\n|poke|p2|Scizor, F|\n|teampreview\n|inactive|Battle timer is ON: inactive players will automatically lose when time's up. (requested by bao26062002)\n|inactive|tensaiindustries has 120 seconds left.\n|j| trTR1\n|inactive|tensaiindustries has 90 seconds left.\n|\n|t:|1700646499\n|start\n|switch|p1a: Tapu Lele|Tapu Lele|100\/100\n|switch|p2a: Scizor|Scizor, F|100\/100\n|-fieldstart|move: Psychic Terrain|[from] ability: Psychic Surge|[of] p1a: Tapu Lele\n|turn|1\n|\n|t:|1700646506\n|detailschange|p2a: Scizor|Scizor-Mega, F\n|-mega|p2a: Scizor|Scizor|Scizorite\n|move|p1a: Tapu Lele|Psychic|p2a: Scizor\n|-resisted|p2a: Scizor\n|-damage|p2a: Scizor|49\/100\n|move|p2a: Scizor|Knock Off|p1a: Tapu Lele\n|-damage|p1a: Tapu Lele|37\/100\n|-enditem|p1a: Tapu Lele|Choice Specs|[from] move: Knock Off|[of] p2a: Scizor\n|\n|upkeep\n|turn|2\n|\n|t:|1700646512\n|move|p1a: Tapu Lele|Focus Blast|p2a: Scizor\n|-damage|p2a: Scizor|1\/100\n|move|p2a: Scizor|Roost|p2a: Scizor\n|-heal|p2a: Scizor|52\/100\n|-singleturn|p2a: Scizor|move: Roost\n|\n|upkeep\n|turn|3\n|\n|t:|1700646521\n|switch|p1a: Ogerpon|Ogerpon-Wellspring, F|100\/100\n|move|p2a: Scizor|Knock Off|p1a: Ogerpon\n|-damage|p1a: Ogerpon|64\/100\n|\n|upkeep\n|turn|4\n|j| xuxiansheng\n|\n|t:|1700646542\n|move|p1a: Ogerpon|Swords Dance|p1a: Ogerpon\n|-boost|p1a: Ogerpon|atk|2\n|move|p2a: Scizor|Knock Off|p1a: Ogerpon\n|-damage|p1a: Ogerpon|27\/100\n|\n|upkeep\n|turn|5\n|\n|t:|1700646553\n|switch|p2a: Dragonite|Dragonite, F|100\/100\n|move|p1a: Ogerpon|Ivy Cudgel|p2a: Dragonite|[anim] Ivy Cudgel Water\n|-resisted|p2a: Dragonite\n|-damage|p2a: Dragonite|73\/100\n|\n|-heal|p2a: Dragonite|80\/100|[from] item: Leftovers\n|-fieldend|move: Psychic Terrain\n|upkeep\n|turn|6\n|\n|t:|1700646556\n|switch|p1a: Alomomola|Alomomola, F|100\/100\n|move|p2a: Dragonite|Extreme Speed|p1a: Alomomola\n|-damage|p1a: Alomomola|85\/100\n|-damage|p2a: Dragonite|63\/100|[from] item: Rocky Helmet|[of] p1a: Alomomola\n|\n|-heal|p2a: Dragonite|69\/100|[from] item: Leftovers\n|upkeep\n|turn|7\n|\n|t:|1700646560\n|switch|p2a: Scizor|Scizor-Mega, F|52\/100\n|move|p1a: Alomomola|Wish|p1a: Alomomola\n|\n|upkeep\n|turn|8\n|\n|t:|1700646565\n|move|p2a: Scizor|Bullet Punch|p1a: Alomomola\n|-resisted|p1a: Alomomola\n|-damage|p1a: Alomomola|76\/100\n|-damage|p2a: Scizor|35\/100|[from] item: Rocky Helmet|[of] p1a: Alomomola\n|move|p1a: Alomomola|Flip Turn|p2a: Scizor\n|-damage|p2a: Scizor|23\/100\n|\n|t:|1700646569\n|switch|p1a: Ogerpon|Ogerpon-Wellspring, F|27\/100|[from] Flip Turn\n|\n|-heal|p1a: Ogerpon|100\/100|[from] move: Wish|[wisher] Alomomola\n|upkeep\n|turn|9\n|c|\u2606tensaiindustries|missclick\n|l| xuxiansheng\n|j| xuxiansheng\n|\n|t:|1700646576\n|move|p1a: Ogerpon|Low Kick|p2a: Scizor\n|-damage|p2a: Scizor|0 fnt\n|faint|p2a: Scizor\n|\n|upkeep\n|\n|t:|1700646584\n|switch|p2a: Dragonite|Dragonite, F|69\/100\n|turn|10\n|l| xuxiansheng\n|\n|t:|1700646588\n|switch|p1a: Alomomola|Alomomola, F|100\/100\n|move|p2a: Dragonite|Curse|p2a: Dragonite\n|-unboost|p2a: Dragonite|spe|1\n|-boost|p2a: Dragonite|atk|1\n|-boost|p2a: Dragonite|def|1\n|\n|-heal|p2a: Dragonite|75\/100|[from] item: Leftovers\n|upkeep\n|turn|11\n|\n|t:|1700646597\n|move|p2a: Dragonite|Curse|p2a: Dragonite\n|-unboost|p2a: Dragonite|spe|1\n|-boost|p2a: Dragonite|atk|1\n|-boost|p2a: Dragonite|def|1\n|move|p1a: Alomomola|Toxic|p2a: Dragonite\n|-status|p2a: Dragonite|tox\n|\n|-heal|p2a: Dragonite|82\/100 tox|[from] item: Leftovers\n|-damage|p2a: Dragonite|75\/100 tox|[from] psn\n|upkeep\n|turn|12\n|\n|t:|1700646600\n|move|p2a: Dragonite|Extreme Speed|p1a: Alomomola\n|-damage|p1a: Alomomola|66\/100\n|-damage|p2a: Dragonite|59\/100 tox|[from] item: Rocky Helmet|[of] p1a: Alomomola\n|move|p1a: Alomomola|Wish|p1a: Alomomola\n|\n|-heal|p2a: Dragonite|65\/100 tox|[from] item: Leftovers\n|-damage|p2a: Dragonite|53\/100 tox|[from] psn\n|upkeep\n|turn|13\n|c|\u2606tensaiindustries|fuck, everyone has alomomola on their team\n|c|\u2606tensaiindustries|that fucker is so tanky\n|\n|t:|1700646624\n|move|p1a: Alomomola|Toxic|p2a: Dragonite\n|-fail|p2a: Dragonite|tox\n|move|p2a: Dragonite|Roost|p2a: Dragonite\n|-heal|p2a: Dragonite|100\/100 tox\n|-singleturn|p2a: Dragonite|move: Roost\n|\n|-heal|p1a: Alomomola|100\/100|[from] move: Wish|[wisher] Alomomola\n|-damage|p2a: Dragonite|82\/100 tox|[from] psn\n|upkeep\n|turn|14\n|\n|t:|1700646629\n|move|p1a: Alomomola|Wish|p1a: Alomomola\n|move|p2a: Dragonite|Curse|p2a: Dragonite\n|-unboost|p2a: Dragonite|spe|1\n|-boost|p2a: Dragonite|atk|1\n|-boost|p2a: Dragonite|def|1\n|\n|-heal|p2a: Dragonite|88\/100 tox|[from] item: Leftovers\n|-damage|p2a: Dragonite|63\/100 tox|[from] psn\n|upkeep\n|turn|15\n|\n|t:|1700646639\n|move|p2a: Dragonite|Extreme Speed|p1a: Alomomola\n|-damage|p1a: Alomomola|62\/100\n|-damage|p2a: Dragonite|47\/100 tox|[from] item: Rocky Helmet|[of] p1a: Alomomola\n|move|p1a: Alomomola|Flip Turn|p2a: Dragonite\n|-resisted|p2a: Dragonite\n|-damage|p2a: Dragonite|44\/100 tox\n|\n|t:|1700646643\n|switch|p1a: Clodsire|Clodsire, F|100\/100|[from] Flip Turn\n|\n|-heal|p2a: Dragonite|50\/100 tox|[from] item: Leftovers\n|-damage|p2a: Dragonite|19\/100 tox|[from] psn\n|upkeep\n|turn|16\n|c|\u2606tensaiindustries|1007 ATK\n|c|\u2606tensaiindustries|and it onnly did that\n|\n|t:|1700646652\n|switch|p1a: Alomomola|Alomomola, F|95\/100\n|move|p2a: Dragonite|Extreme Speed|p1a: Alomomola\n|-damage|p1a: Alomomola|53\/100\n|-damage|p2a: Dragonite|2\/100 tox|[from] item: Rocky Helmet|[of] p1a: Alomomola\n|\n|-heal|p2a: Dragonite|9\/100 tox|[from] item: Leftovers\n|-damage|p2a: Dragonite|0 fnt|[from] psn\n|faint|p2a: Dragonite\n|upkeep\n|\n|t:|1700646657\n|switch|p2a: Cresselia|Cresselia, F|100\/100\n|turn|17\n|\n|t:|1700646664\n|-terastallize|p2a: Cresselia|Poison\n|move|p2a: Cresselia|Calm Mind|p2a: Cresselia\n|-boost|p2a: Cresselia|spa|1\n|-boost|p2a: Cresselia|spd|1\n|move|p1a: Alomomola|Flip Turn|p2a: Cresselia\n|-damage|p2a: Cresselia|92\/100\n|\n|t:|1700646667\n|switch|p1a: Tapu Lele|Tapu Lele|37\/100|[from] Flip Turn\n|-fieldstart|move: Psychic Terrain|[from] ability: Psychic Surge|[of] p1a: Tapu Lele\n|\n|-heal|p2a: Cresselia|98\/100|[from] item: Leftovers\n|upkeep\n|turn|18\n|\n|t:|1700646671\n|switch|p2a: Tyranitar|Tyranitar, F|100\/100\n|-weather|Sandstorm|[from] ability: Sand Stream|[of] p2a: Tyranitar\n|move|p1a: Tapu Lele|Psyshock|p2a: Tyranitar\n|-immune|p2a: Tyranitar\n|\n|-weather|Sandstorm|[upkeep]\n|-damage|p1a: Tapu Lele|31\/100|[from] Sandstorm\n|upkeep\n|turn|19\n|\n|t:|1700646677\n|switch|p2a: Chandelure|Chandelure, F|100\/100\n|move|p1a: Tapu Lele|Focus Blast|p2a: Chandelure\n|-immune|p2a: Chandelure\n|\n|-weather|Sandstorm|[upkeep]\n|-damage|p2a: Chandelure|94\/100|[from] Sandstorm\n|-damage|p1a: Tapu Lele|25\/100|[from] Sandstorm\n|upkeep\n|turn|20\n|\n|t:|1700646681\n|move|p2a: Chandelure|Shadow Ball|p1a: Tapu Lele\n|-supereffective|p1a: Tapu Lele\n|-damage|p1a: Tapu Lele|0 fnt\n|faint|p1a: Tapu Lele\n|\n|-weather|Sandstorm|[upkeep]\n|-damage|p2a: Chandelure|88\/100|[from] Sandstorm\n|upkeep\n|\n|t:|1700646684\n|switch|p1a: Clodsire|Clodsire, F|100\/100\n|turn|21\n|\n|t:|1700646687\n|switch|p2a: Tyranitar|Tyranitar, F|100\/100\n|move|p1a: Clodsire|Stealth Rock|p2a: Tyranitar\n|-sidestart|p2: tensaiindustries|move: Stealth Rock\n|\n|-weather|Sandstorm|[upkeep]\n|-fieldend|move: Psychic Terrain\n|upkeep\n|turn|22\n|\n|t:|1700646690\n|move|p2a: Tyranitar|Knock Off|p1a: Clodsire\n|-damage|p1a: Clodsire|47\/100\n|-enditem|p1a: Clodsire|Leftovers|[from] move: Knock Off|[of] p2a: Tyranitar\n|move|p1a: Clodsire|Toxic|p2a: Tyranitar\n|-status|p2a: Tyranitar|tox\n|\n|-weather|none\n|-damage|p2a: Tyranitar|94\/100 tox|[from] psn\n|upkeep\n|turn|23\n|\n|t:|1700646699\n|switch|p1a: Alomomola|Alomomola, F|86\/100\n|move|p2a: Tyranitar|Knock Off|p1a: Alomomola\n|-damage|p1a: Alomomola|58\/100\n|-damage|p2a: Tyranitar|78\/100 tox|[from] item: Rocky Helmet|[of] p1a: Alomomola\n|-enditem|p1a: Alomomola|Rocky Helmet|[from] move: Knock Off|[of] p2a: Tyranitar\n|\n|-damage|p2a: Tyranitar|65\/100 tox|[from] psn\n|upkeep\n|turn|24\n|\n|t:|1700646708\n|switch|p2a: Cresselia|Cresselia, F, tera:Poison|98\/100\n|-damage|p2a: Cresselia|85\/100|[from] Stealth Rock\n|move|p1a: Alomomola|Flip Turn|p2a: Cresselia\n|-damage|p2a: Cresselia|77\/100\n|\n|t:|1700646710\n|switch|p1a: Ogerpon|Ogerpon-Wellspring, F|100\/100|[from] Flip Turn\n|\n|-heal|p2a: Cresselia|83\/100|[from] item: Leftovers\n|upkeep\n|turn|25\n|\n|t:|1700646717\n|switch|p2a: Landorus|Landorus-Therian, M|100\/100\n|-damage|p2a: Landorus|88\/100|[from] Stealth Rock\n|-ability|p2a: Landorus|Intimidate|boost\n|-unboost|p1a: Ogerpon|atk|1\n|move|p1a: Ogerpon|Ivy Cudgel|p2a: Landorus|[anim] Ivy Cudgel Water\n|-supereffective|p2a: Landorus\n|-damage|p2a: Landorus|24\/100\n|\n|upkeep\n|turn|26\n|\n|t:|1700646722\n|move|p1a: Ogerpon|Ivy Cudgel|p2a: Landorus|[anim] Ivy Cudgel Water\n|-supereffective|p2a: Landorus\n|-damage|p2a: Landorus|0 fnt\n|faint|p2a: Landorus\n|\n|upkeep\n|\n|t:|1700646726\n|switch|p2a: Chandelure|Chandelure, F|88\/100\n|-damage|p2a: Chandelure|63\/100|[from] Stealth Rock\n|turn|27\n|\n|t:|1700646733\n|switch|p1a: Clodsire|Clodsire, F|47\/100\n|move|p2a: Chandelure|Overheat|p1a: Clodsire\n|-damage|p1a: Clodsire|5\/100\n|-unboost|p2a: Chandelure|spa|2\n|\n|upkeep\n|turn|28\n|\n|t:|1700646738\n|switch|p1a: Alomomola|Alomomola, F|92\/100\n|move|p2a: Chandelure|Overheat|p1a: Alomomola\n|-resisted|p1a: Alomomola\n|-damage|p1a: Alomomola|66\/100\n|-unboost|p2a: Chandelure|spa|2\n|\n|upkeep\n|turn|29\n|\n|t:|1700646742\n|switch|p2a: Tyranitar|Tyranitar, F|65\/100 tox\n|-damage|p2a: Tyranitar|53\/100 tox|[from] Stealth Rock\n|-weather|Sandstorm|[from] ability: Sand Stream|[of] p2a: Tyranitar\n|move|p1a: Alomomola|Wish|p1a: Alomomola\n|\n|-weather|Sandstorm|[upkeep]\n|-damage|p1a: Alomomola|60\/100|[from] Sandstorm\n|-damage|p2a: Tyranitar|47\/100 tox|[from] psn\n|upkeep\n|turn|30\n|\n|t:|1700646745\n|move|p2a: Tyranitar|Dragon Dance|p2a: Tyranitar\n|-boost|p2a: Tyranitar|atk|1\n|-boost|p2a: Tyranitar|spe|1\n|move|p1a: Alomomola|Flip Turn|p2a: Tyranitar\n|-supereffective|p2a: Tyranitar\n|-damage|p2a: Tyranitar|18\/100 tox\n|-enditem|p2a: Tyranitar|Weakness Policy\n|-boost|p2a: Tyranitar|atk|2|[from] item: Weakness Policy\n|-boost|p2a: Tyranitar|spa|2|[from] item: Weakness Policy\n|\n|t:|1700646748\n|switch|p1a: Clodsire|Clodsire, F|5\/100|[from] Flip Turn\n|\n|-weather|Sandstorm|[upkeep]\n|-heal|p1a: Clodsire|63\/100|[from] move: Wish|[wisher] Alomomola\n|-damage|p2a: Tyranitar|6\/100 tox|[from] psn\n|upkeep\n|turn|31\n|n|!tensaiindustries|tensaiindustries\n|\n|t:|1700646755\n|switch|p1a: Scizor|Scizor, M|100\/100\n|move|p2a: Tyranitar|Knock Off|p1a: Scizor\n|-crit|p1a: Scizor\n|-damage|p1a: Scizor|0 fnt\n|faint|p1a: Scizor\n|\n|-weather|Sandstorm|[upkeep]\n|-damage|p2a: Tyranitar|0 fnt|[from] psn\n|faint|p2a: Tyranitar\n|upkeep\n|\n|t:|1700646762\n|switch|p2a: Chandelure|Chandelure, F|63\/100\n|switch|p1a: Ogerpon|Ogerpon-Wellspring, F|100\/100\n|-damage|p2a: Chandelure|38\/100|[from] Stealth Rock\n|turn|32\n|\n|t:|1700646769\n|-terastallize|p1a: Ogerpon|Water\n|detailschange|p1a: Ogerpon|Ogerpon-Wellspring-Tera, F, tera:Water\n|-ability|p1a: Ogerpon|Embody Aspect (Wellspring)|boost\n|-boost|p1a: Ogerpon|spd|1\n|move|p2a: Chandelure|Trick||[still]\n|-fail|p2a: Chandelure\n|move|p1a: Ogerpon|Ivy Cudgel|p2a: Chandelure|[anim] Ivy Cudgel Water\n|-supereffective|p2a: Chandelure\n|-damage|p2a: Chandelure|0 fnt\n|faint|p2a: Chandelure\n|\n|-weather|Sandstorm|[upkeep]\n|-damage|p1a: Ogerpon|95\/100|[from] Sandstorm\n|upkeep\n|\n|t:|1700646773\n|switch|p2a: Cresselia|Cresselia, F, tera:Poison|83\/100\n|-damage|p2a: Cresselia|70\/100|[from] Stealth Rock\n|turn|33\n|\n|t:|1700646777\n|move|p1a: Ogerpon|Swords Dance|p1a: Ogerpon\n|-boost|p1a: Ogerpon|atk|2\n|move|p2a: Cresselia|Calm Mind|p2a: Cresselia\n|-boost|p2a: Cresselia|spa|1\n|-boost|p2a: Cresselia|spd|1\n|\n|-weather|none\n|-heal|p2a: Cresselia|76\/100|[from] item: Leftovers\n|upkeep\n|turn|34\n|-message|tensaiindustries forfeited.\n|\n|win|bao26062002\n|raw|bao26062002's rating: 1790 &rarr; <strong>1805<\/strong><br \/>(+15 for winning)\n|raw|tensaiindustries's rating: 1699 &rarr; <strong>1684<\/strong><br \/>(-15 for losing)\n|l|!tensaiindustries\n","uploadtime":1700646753,"views":2,"p1id":"bao26062002","p2id":"tensaiindustries","formatid":"gen9nationaldex","rating":1684,"private":0,"password":""}