{"id":"gen9nationaldex-1988906242","p1":"vgvn ng","p2":"Fealieya","format":"[Gen 9] National Dex","log":"|j|\u2606vgvn ng\n|j|\u2606Fealieya\n|t:|1699785255\n|gametype|singles\n|player|p1|vgvn ng|blackbelt-gen4dp|1098\n|player|p2|Fealieya|102|1181\n|teamsize|p1|6\n|teamsize|p2|6\n|gen|9\n|tier|[Gen 9] National Dex\n|rated|\n|rule|HP Percentage Mod: HP is shown in percentages\n|rule|Endless Battle Clause: Forcing endless battles is banned\n|rule|OHKO Clause: OHKO moves are banned\n|rule|Evasion Clause: Evasion abilities, items, and moves are banned\n|rule|Evasion Abilities Clause: Evasion abilities are banned\n|rule|Evasion Items Clause: Evasion items are banned\n|rule|Evasion Moves Clause: Evasion moves are banned\n|rule|Species Clause: Limit one of each Pok\u00e9mon\n|rule|Sleep Clause Mod: Limit one foe put to sleep\n|clearpoke\n|poke|p1|Landorus-Therian, M|\n|poke|p1|Samurott-Hisui, M|\n|poke|p1|Jirachi|\n|poke|p1|Hawlucha, M|\n|poke|p1|Tapu Koko|\n|poke|p1|Latios, M|\n|poke|p2|Banette, F|\n|poke|p2|Zapdos|\n|poke|p2|Nihilego|\n|poke|p2|Kartana|\n|poke|p2|Celesteela|\n|poke|p2|Entei|\n|teampreview\n|inactive|Battle timer is ON: inactive players will automatically lose when time's up. (requested by vgvn ng)\n|\n|t:|1699785269\n|start\n|switch|p1a: Tapu Koko|Tapu Koko, shiny|100\/100\n|switch|p2a: Nihilego|Nihilego|100\/100\n|-fieldstart|move: Electric Terrain|[from] ability: Electric Surge|[of] p1a: Tapu Koko\n|turn|1\n|\n|t:|1699785297\n|move|p1a: Tapu Koko|Hidden Power|p2a: Nihilego\n|-damage|p2a: Nihilego|91\/100\n|move|p2a: Nihilego|Stealth Rock|p1a: Tapu Koko\n|-sidestart|p1: vgvn ng|move: Stealth Rock\n|\n|-heal|p2a: Nihilego|97\/100|[from] item: Leftovers\n|upkeep\n|turn|2\n|\n|t:|1699785309\n|move|p1a: Tapu Koko|U-turn|p2a: Nihilego\n|-resisted|p2a: Nihilego\n|-damage|p2a: Nihilego|83\/100\n|\n|t:|1699785313\n|switch|p1a: Hawlucha|Hawlucha, M, shiny|100\/100|[from] U-turn\n|-damage|p1a: Hawlucha|88\/100|[from] Stealth Rock\n|-enditem|p1a: Hawlucha|Electric Seed\n|-boost|p1a: Hawlucha|def|1|[from] item: Electric Seed\n|move|p2a: Nihilego|Toxic Spikes|p1a: Hawlucha\n|-sidestart|p1: vgvn ng|move: Toxic Spikes\n|\n|-heal|p2a: Nihilego|89\/100|[from] item: Leftovers\n|upkeep\n|turn|3\n|\n|t:|1699785332\n|switch|p2a: Banette|Banette, F|100\/100\n|-terastallize|p1a: Hawlucha|Fighting\n|move|p1a: Hawlucha|Swords Dance|p1a: Hawlucha\n|-boost|p1a: Hawlucha|atk|2\n|\n|upkeep\n|turn|4\n|\n|t:|1699785344\n|detailschange|p2a: Banette|Banette-Mega, F\n|-mega|p2a: Banette|Banette|Banettite\n|move|p2a: Banette|Destiny Bond|p2a: Banette\n|-singlemove|p2a: Banette|Destiny Bond\n|move|p1a: Hawlucha|Acrobatics|p2a: Banette\n|-damage|p2a: Banette|0 fnt\n|faint|p2a: Banette\n|-activate|p2a: Banette|move: Destiny Bond\n|faint|p1a: Hawlucha\n|\n|upkeep\n|\n|t:|1699785370\n|switch|p1a: Latios|Latios, M, shiny|100\/100\n|switch|p2a: Entei|Entei|100\/100\n|-damage|p1a: Latios|88\/100|[from] Stealth Rock\n|turn|5\n|\n|t:|1699785376\n|detailschange|p1a: Latios|Latios-Mega, M, shiny\n|-mega|p1a: Latios|Latios|Latiosite\n|move|p1a: Latios|Earthquake|p2a: Entei\n|-supereffective|p2a: Entei\n|-damage|p2a: Entei|44\/100\n|move|p2a: Entei|Curse|p2a: Entei\n|-unboost|p2a: Entei|spe|1\n|-boost|p2a: Entei|atk|1\n|-boost|p2a: Entei|def|1\n|\n|-heal|p2a: Entei|50\/100|[from] item: Leftovers\n|-fieldend|move: Electric Terrain\n|upkeep\n|turn|6\n|\n|t:|1699785386\n|-terastallize|p2a: Entei|Normal\n|move|p1a: Latios|Psychic|p2a: Entei\n|-damage|p2a: Entei|6\/100\n|move|p2a: Entei|Curse|p2a: Entei\n|-unboost|p2a: Entei|spe|1\n|-boost|p2a: Entei|atk|1\n|-boost|p2a: Entei|def|1\n|\n|-heal|p2a: Entei|12\/100|[from] item: Leftovers\n|upkeep\n|turn|7\n|\n|t:|1699785397\n|move|p2a: Entei|Extreme Speed|p1a: Latios\n|-damage|p1a: Latios|0 fnt\n|faint|p1a: Latios\n|\n|-heal|p2a: Entei|18\/100|[from] item: Leftovers\n|upkeep\n|\n|t:|1699785405\n|switch|p1a: Arumbado|Jirachi, shiny|100\/100\n|-damage|p1a: Arumbado|94\/100|[from] Stealth Rock\n|turn|8\n|\n|t:|1699785421\n|move|p1a: Arumbado|Doom Desire|p2a: Entei\n|-start|p1a: Arumbado|Doom Desire\n|move|p2a: Entei|Sacred Fire|p1a: Arumbado\n|-supereffective|p1a: Arumbado\n|-damage|p1a: Arumbado|0 fnt\n|faint|p1a: Arumbado\n|\n|-heal|p2a: Entei|24\/100|[from] item: Leftovers\n|upkeep\n|\n|t:|1699785430\n|switch|p1a: Samurott|Samurott-Hisui, M, shiny|100\/100\n|-damage|p1a: Samurott|88\/100|[from] Stealth Rock\n|-status|p1a: Samurott|psn\n|turn|9\n|\n|t:|1699785435\n|move|p2a: Entei|Extreme Speed|p1a: Samurott\n|-damage|p1a: Samurott|0 fnt\n|faint|p1a: Samurott\n|\n|-heal|p2a: Entei|31\/100|[from] item: Leftovers\n|upkeep\n|\n|t:|1699785443\n|switch|p1a: Landorus|Landorus-Therian, M|100\/100\n|-damage|p1a: Landorus|88\/100|[from] Stealth Rock\n|-ability|p1a: Landorus|Intimidate|boost\n|-fail|p2a: Entei|unboost|Attack|[from] ability: Inner Focus|[of] p2a: Entei\n|turn|10\n|\n|t:|1699785452\n|move|p2a: Entei|Extreme Speed|p1a: Landorus\n|-damage|p1a: Landorus|0 fnt\n|-damage|p2a: Entei|14\/100|[from] item: Rocky Helmet|[of] p1a: Landorus\n|faint|p1a: Landorus\n|\n|-end|p2a: Entei|move: Doom Desire\n|-damage|p2a: Entei|0 fnt\n|faint|p2a: Entei\n|upkeep\n|-message|vgvn ng forfeited.\n|\n|win|Fealieya\n|raw|vgvn ng's rating: 1098 &rarr; <strong>1079<\/strong><br \/>(-19 for losing)\n|raw|Fealieya's rating: 1181 &rarr; <strong>1200<\/strong><br \/>(+19 for winning)\n|l|\u2606vgvn ng\n","uploadtime":1699785466,"views":4,"p1id":"vgvnng","p2id":"fealieya","formatid":"gen9nationaldex","rating":1079,"private":0,"password":""}