{"id":"gen9nationaldex-1989009327","p1":"shenye","p2":"DrSession","format":"[Gen 9] National Dex","log":"|j|\u2606shenye\n|j|\u2606DrSession\n|t:|1699801681\n|gametype|singles\n|player|p1|shenye|n|1180\n|player|p2|DrSession|265|1140\n|teamsize|p1|6\n|teamsize|p2|6\n|gen|9\n|tier|[Gen 9] National Dex\n|rated|\n|rule|HP Percentage Mod: HP is shown in percentages\n|rule|Endless Battle Clause: Forcing endless battles is banned\n|rule|OHKO Clause: OHKO moves are banned\n|rule|Evasion Clause: Evasion abilities, items, and moves are banned\n|rule|Evasion Abilities Clause: Evasion abilities are banned\n|rule|Evasion Items Clause: Evasion items are banned\n|rule|Evasion Moves Clause: Evasion moves are banned\n|rule|Species Clause: Limit one of each Pok\u00e9mon\n|rule|Sleep Clause Mod: Limit one foe put to sleep\n|clearpoke\n|poke|p1|Dragonite, M|\n|poke|p1|Garchomp, M|\n|poke|p1|Kommo-o, M|\n|poke|p1|Goodra-Hisui, F|\n|poke|p1|Charizard, M|\n|poke|p1|Hydreigon, M|\n|poke|p2|Blaziken, F|\n|poke|p2|Espeon, M|\n|poke|p2|Umbreon, F|\n|poke|p2|Snorlax, F|\n|poke|p2|Crobat, F|\n|poke|p2|Gyarados, F|\n|teampreview\n|\n|t:|1699801694\n|start\n|switch|p1a: Charizard|Charizard, M|100\/100\n|switch|p2a: Umbreon|Umbreon, F|100\/100\n|turn|1\n|inactive|Battle timer is ON: inactive players will automatically lose when time's up. (requested by DrSession)\n|\n|t:|1699801717\n|switch|p1a: Goodra|Goodra-Hisui, F|100\/100\n|move|p2a: Umbreon|Thunder Wave|p1a: Goodra\n|-status|p1a: Goodra|par\n|\n|upkeep\n|turn|2\n|\n|t:|1699801735\n|switch|p2a: Gyarados|Gyarados, F|100\/100\n|-ability|p2a: Gyarados|Intimidate|boost\n|-unboost|p1a: Goodra|atk|1\n|move|p1a: Goodra|Draco Meteor|p2a: Gyarados\n|-damage|p2a: Gyarados|27\/100\n|-unboost|p1a: Goodra|spa|2\n|\n|upkeep\n|turn|3\n|\n|t:|1699801756\n|-terastallize|p1a: Goodra|Water\n|move|p2a: Gyarados|Substitute|p2a: Gyarados\n|-start|p2a: Gyarados|Substitute\n|-damage|p2a: Gyarados|2\/100\n|-enditem|p2a: Gyarados|Mago Berry|[eat]\n|-heal|p2a: Gyarados|35\/100|[from] item: Mago Berry\n|cant|p1a: Goodra|par\n|\n|upkeep\n|turn|4\n|\n|t:|1699801773\n|move|p2a: Gyarados|Dragon Dance|p2a: Gyarados\n|-boost|p2a: Gyarados|atk|1\n|-boost|p2a: Gyarados|spe|1\n|cant|p1a: Goodra|par\n|\n|upkeep\n|turn|5\n|c|\u2606shenye|\uff1f\uff1f\uff1f\n|\n|t:|1699801782\n|move|p2a: Gyarados|Dragon Dance|p2a: Gyarados\n|-boost|p2a: Gyarados|atk|1\n|-boost|p2a: Gyarados|spe|1\n|move|p1a: Goodra|Draco Meteor|p2a: Gyarados\n|-end|p2a: Gyarados|Substitute\n|-unboost|p1a: Goodra|spa|2\n|\n|upkeep\n|turn|6\n|\n|t:|1699801794\n|switch|p1a: Dragonite|Dragonite, M|100\/100\n|move|p2a: Gyarados|Earthquake|p1a: Dragonite\n|-immune|p1a: Dragonite\n|\n|upkeep\n|turn|7\n|\n|t:|1699801802\n|move|p1a: Dragonite|Extreme Speed|p2a: Gyarados\n|-damage|p2a: Gyarados|0 fnt\n|faint|p2a: Gyarados\n|\n|upkeep\n|\n|t:|1699801807\n|switch|p2a: Umbreon|Umbreon, F|100\/100\n|turn|8\n|\n|t:|1699801824\n|switch|p1a: Kommo-o|Kommo-o, M|100\/100\n|move|p2a: Umbreon|Thunder Wave|p1a: Kommo-o\n|-status|p1a: Kommo-o|par\n|\n|upkeep\n|turn|9\n|\n|t:|1699801836\n|switch|p2a: Crobat|Crobat, F|100\/100\n|-zpower|p1a: Kommo-o\n|move|p1a: Kommo-o|Clangorous Soulblaze|p2a: Crobat|[zeffect]\n|-damage|p2a: Crobat|0 fnt\n|faint|p2a: Crobat\n|-boost|p1a: Kommo-o|atk|1\n|-boost|p1a: Kommo-o|def|1\n|-boost|p1a: Kommo-o|spa|1\n|-boost|p1a: Kommo-o|spd|1\n|-boost|p1a: Kommo-o|spe|1\n|\n|upkeep\n|\n|t:|1699801849\n|switch|p2a: Espeon|Espeon, M|100\/100\n|turn|10\n|\n|t:|1699801862\n|switch|p1a: Hydreigon|Hydreigon, M|100\/100\n|move|p2a: Espeon|Calm Mind|p2a: Espeon\n|-boost|p2a: Espeon|spa|1\n|-boost|p2a: Espeon|spd|1\n|\n|upkeep\n|turn|11\n|\n|t:|1699801871\n|-terastallize|p2a: Espeon|Fairy\n|move|p2a: Espeon|Draining Kiss|p1a: Hydreigon\n|-supereffective|p1a: Hydreigon\n|-damage|p1a: Hydreigon|0 fnt\n|faint|p1a: Hydreigon\n|-damage|p2a: Espeon|91\/100|[from] item: Life Orb\n|\n|upkeep\n|\n|t:|1699801878\n|switch|p1a: Goodra|Goodra-Hisui, F, tera:Water|100\/100 par\n|turn|12\n|\n|t:|1699801882\n|move|p2a: Espeon|Draining Kiss|p1a: Goodra\n|-damage|p1a: Goodra|75\/100 par\n|-heal|p2a: Espeon|100\/100|[from] drain|[of] p1a: Goodra\n|-damage|p2a: Espeon|91\/100|[from] item: Life Orb\n|move|p1a: Goodra|Flash Cannon|p2a: Espeon\n|-supereffective|p2a: Espeon\n|-damage|p2a: Espeon|22\/100\n|\n|upkeep\n|turn|13\n|\n|t:|1699801894\n|switch|p2a: Snorlax|Snorlax, F|100\/100\n|move|p1a: Goodra|Flash Cannon|p2a: Snorlax\n|-damage|p2a: Snorlax|74\/100\n|\n|-heal|p2a: Snorlax|80\/100|[from] item: Leftovers\n|upkeep\n|turn|14\n|\n|t:|1699801913\n|switch|p1a: Charizard|Charizard, M|100\/100\n|move|p2a: Snorlax|Curse|p2a: Snorlax\n|-unboost|p2a: Snorlax|spe|1\n|-boost|p2a: Snorlax|atk|1\n|-boost|p2a: Snorlax|def|1\n|\n|-heal|p2a: Snorlax|86\/100|[from] item: Leftovers\n|upkeep\n|turn|15\n|\n|t:|1699801926\n|detailschange|p1a: Charizard|Charizard-Mega-X, M\n|-mega|p1a: Charizard|Charizard|Charizardite X\n|move|p1a: Charizard|Flare Blitz|p2a: Snorlax\n|-damage|p2a: Snorlax|60\/100\n|-damage|p1a: Charizard|85\/100|[from] Recoil\n|move|p2a: Snorlax|Body Slam|p1a: Charizard\n|-damage|p1a: Charizard|22\/100\n|\n|-heal|p2a: Snorlax|66\/100|[from] item: Leftovers\n|upkeep\n|turn|16\n|\n|t:|1699801938\n|move|p1a: Charizard|Flare Blitz|p2a: Snorlax\n|-damage|p2a: Snorlax|42\/100\n|-damage|p1a: Charizard|9\/100|[from] Recoil\n|move|p2a: Snorlax|Body Slam|p1a: Charizard\n|-damage|p1a: Charizard|0 fnt\n|faint|p1a: Charizard\n|\n|-heal|p2a: Snorlax|49\/100|[from] item: Leftovers\n|upkeep\n|\n|t:|1699801950\n|switch|p1a: Kommo-o|Kommo-o, M|100\/100 par\n|turn|17\n|\n|t:|1699801955\n|cant|p1a: Kommo-o|par\n|move|p2a: Snorlax|Body Slam|p1a: Kommo-o\n|-damage|p1a: Kommo-o|39\/100 par\n|\n|-heal|p2a: Snorlax|55\/100|[from] item: Leftovers\n|upkeep\n|turn|18\n|\n|t:|1699801961\n|move|p1a: Kommo-o|Aura Sphere|p2a: Snorlax\n|-supereffective|p2a: Snorlax\n|-damage|p2a: Snorlax|10\/100\n|move|p2a: Snorlax|Body Slam|p1a: Kommo-o\n|-damage|p1a: Kommo-o|0 fnt\n|faint|p1a: Kommo-o\n|\n|-heal|p2a: Snorlax|16\/100|[from] item: Leftovers\n|upkeep\n|\n|t:|1699801970\n|switch|p1a: Dragonite|Dragonite, M|100\/100\n|turn|19\n|\n|t:|1699801974\n|move|p1a: Dragonite|Extreme Speed|p2a: Snorlax\n|-damage|p2a: Snorlax|0 fnt\n|faint|p2a: Snorlax\n|\n|upkeep\n|\n|t:|1699801979\n|switch|p2a: Umbreon|Umbreon, F|100\/100\n|turn|20\n|\n|t:|1699801991\n|switch|p1a: Goodra|Goodra-Hisui, F, tera:Water|75\/100 par\n|move|p2a: Umbreon|Thunder Wave|p1a: Goodra\n|-fail|p1a: Goodra|par\n|\n|upkeep\n|turn|21\n|\n|t:|1699802000\n|move|p2a: Umbreon|Light Screen|p2a: Umbreon\n|-sidestart|p2: DrSession|move: Light Screen\n|move|p1a: Goodra|Draco Meteor|p2a: Umbreon\n|-crit|p2a: Umbreon\n|-damage|p2a: Umbreon|33\/100\n|-unboost|p1a: Goodra|spa|2\n|\n|-heal|p2a: Umbreon|39\/100|[from] item: Leftovers\n|upkeep\n|turn|22\n|\n|t:|1699802009\n|move|p2a: Umbreon|Wish|p2a: Umbreon\n|move|p1a: Goodra|Surf|p2a: Umbreon\n|-damage|p2a: Umbreon|31\/100\n|\n|-heal|p2a: Umbreon|37\/100|[from] item: Leftovers\n|upkeep\n|turn|23\n|\n|t:|1699802016\n|move|p2a: Umbreon|Foul Play|p1a: Goodra\n|-damage|p1a: Goodra|50\/100 par\n|move|p1a: Goodra|Surf|p2a: Umbreon\n|-damage|p2a: Umbreon|29\/100\n|\n|-heal|p2a: Umbreon|79\/100|[from] move: Wish|[wisher] Umbreon\n|-heal|p2a: Umbreon|85\/100|[from] item: Leftovers\n|upkeep\n|turn|24\n|\n|t:|1699802036\n|switch|p1a: Garchomp|Garchomp, M|100\/100\n|move|p2a: Umbreon|Wish|p2a: Umbreon\n|\n|-heal|p2a: Umbreon|91\/100|[from] item: Leftovers\n|upkeep\n|turn|25\n|\n|t:|1699802047\n|move|p1a: Garchomp|Stealth Rock|p2a: Umbreon\n|-sidestart|p2: DrSession|move: Stealth Rock\n|move|p2a: Umbreon|Foul Play|p1a: Garchomp\n|-damage|p1a: Garchomp|67\/100\n|-damage|p2a: Umbreon|79\/100|[from] ability: Rough Skin|[of] p1a: Garchomp\n|-damage|p2a: Umbreon|62\/100|[from] item: Rocky Helmet|[of] p1a: Garchomp\n|\n|-heal|p2a: Umbreon|100\/100|[from] move: Wish|[wisher] Umbreon\n|-sideend|p2: DrSession|move: Light Screen\n|upkeep\n|turn|26\n|\n|t:|1699802060\n|move|p1a: Garchomp|Spikes|p2a: Umbreon\n|-sidestart|p2: DrSession|Spikes\n|move|p2a: Umbreon|Foul Play|p1a: Garchomp\n|-damage|p1a: Garchomp|35\/100\n|-damage|p2a: Umbreon|88\/100|[from] ability: Rough Skin|[of] p1a: Garchomp\n|-damage|p2a: Umbreon|72\/100|[from] item: Rocky Helmet|[of] p1a: Garchomp\n|\n|-heal|p2a: Umbreon|78\/100|[from] item: Leftovers\n|upkeep\n|turn|27\n|\n|t:|1699802080\n|switch|p1a: Goodra|Goodra-Hisui, F, tera:Water|50\/100 par\n|move|p2a: Umbreon|Foul Play|p1a: Goodra\n|-damage|p1a: Goodra|27\/100 par\n|\n|-heal|p2a: Umbreon|84\/100|[from] item: Leftovers\n|upkeep\n|turn|28\n|\n|t:|1699802091\n|move|p2a: Umbreon|Foul Play|p1a: Goodra\n|-damage|p1a: Goodra|2\/100 par\n|move|p1a: Goodra|Surf|p2a: Umbreon\n|-damage|p2a: Umbreon|54\/100\n|\n|-heal|p2a: Umbreon|60\/100|[from] item: Leftovers\n|upkeep\n|turn|29\n|\n|t:|1699802098\n|move|p2a: Umbreon|Light Screen|p2a: Umbreon\n|-sidestart|p2: DrSession|move: Light Screen\n|cant|p1a: Goodra|par\n|\n|-heal|p2a: Umbreon|66\/100|[from] item: Leftovers\n|upkeep\n|turn|30\n|\n|t:|1699802105\n|move|p2a: Umbreon|Wish|p2a: Umbreon\n|move|p1a: Goodra|Draco Meteor|p2a: Umbreon\n|-damage|p2a: Umbreon|44\/100\n|-unboost|p1a: Goodra|spa|2\n|\n|-heal|p2a: Umbreon|50\/100|[from] item: Leftovers\n|upkeep\n|turn|31\n|\n|t:|1699802113\n|switch|p2a: Espeon|Espeon, M, tera:Fairy|22\/100\n|-damage|p2a: Espeon|10\/100|[from] Stealth Rock\n|-damage|p2a: Espeon|0 fnt|[from] Spikes\n|faint|p2a: Espeon\n|move|p1a: Goodra|Draco Meteor|p2: Espeon|[notarget]\n|-fail|p1a: Goodra\n|\n|upkeep\n|\n|t:|1699802119\n|switch|p2a: Umbreon|Umbreon, F|50\/100\n|-damage|p2a: Umbreon|37\/100|[from] Stealth Rock\n|-damage|p2a: Umbreon|25\/100|[from] Spikes\n|turn|32\n|\n|t:|1699802134\n|move|p2a: Umbreon|Wish|p2a: Umbreon\n|move|p1a: Goodra|Draco Meteor|p2a: Umbreon|[miss]\n|-miss|p1a: Goodra|p2a: Umbreon\n|\n|-heal|p2a: Umbreon|31\/100|[from] item: Leftovers\n|upkeep\n|turn|33\n|\n|t:|1699802142\n|move|p2a: Umbreon|Foul Play|p1a: Goodra\n|-damage|p1a: Goodra|0 fnt\n|faint|p1a: Goodra\n|\n|-heal|p2a: Umbreon|81\/100|[from] move: Wish|[wisher] Umbreon\n|-heal|p2a: Umbreon|87\/100|[from] item: Leftovers\n|-sideend|p2: DrSession|move: Light Screen\n|upkeep\n|\n|t:|1699802154\n|switch|p1a: Garchomp|Garchomp, M|35\/100\n|turn|34\n|\n|t:|1699802159\n|move|p1a: Garchomp|Earthquake|p2a: Umbreon\n|-damage|p2a: Umbreon|57\/100\n|move|p2a: Umbreon|Foul Play|p1a: Garchomp\n|-damage|p1a: Garchomp|5\/100\n|-damage|p2a: Umbreon|44\/100|[from] ability: Rough Skin|[of] p1a: Garchomp\n|-damage|p2a: Umbreon|28\/100|[from] item: Rocky Helmet|[of] p1a: Garchomp\n|\n|-heal|p2a: Umbreon|34\/100|[from] item: Leftovers\n|upkeep\n|turn|35\n|\n|t:|1699802168\n|move|p1a: Garchomp|Earthquake|p2a: Umbreon\n|-damage|p2a: Umbreon|1\/100\n|move|p2a: Umbreon|Wish|p2a: Umbreon\n|\n|-heal|p2a: Umbreon|7\/100|[from] item: Leftovers\n|upkeep\n|turn|36\n|\n|t:|1699802176\n|move|p1a: Garchomp|Earthquake|p2a: Umbreon\n|-damage|p2a: Umbreon|0 fnt\n|faint|p2a: Umbreon\n|\n|upkeep\n|\n|t:|1699802179\n|switch|p2a: Blaziken|Blaziken, F|100\/100\n|-damage|p2a: Blaziken|88\/100|[from] Stealth Rock\n|-damage|p2a: Blaziken|76\/100|[from] Spikes\n|turn|37\n|\n|t:|1699802189\n|move|p2a: Blaziken|Protect|p2a: Blaziken\n|-singleturn|p2a: Blaziken|Protect\n|move|p1a: Garchomp|Earthquake|p2a: Blaziken\n|-activate|p2a: Blaziken|move: Protect\n|\n|-ability|p2a: Blaziken|Speed Boost|boost\n|-boost|p2a: Blaziken|spe|1\n|upkeep\n|turn|38\n|\n|t:|1699802198\n|move|p2a: Blaziken|Brave Bird|p1a: Garchomp\n|-damage|p1a: Garchomp|0 fnt\n|-damage|p2a: Blaziken|64\/100|[from] ability: Rough Skin|[of] p1a: Garchomp\n|-damage|p2a: Blaziken|47\/100|[from] item: Rocky Helmet|[of] p1a: Garchomp\n|faint|p1a: Garchomp\n|-damage|p2a: Blaziken|46\/100|[from] Recoil\n|\n|-ability|p2a: Blaziken|Speed Boost|boost\n|-boost|p2a: Blaziken|spe|1\n|upkeep\n|\n|t:|1699802207\n|switch|p1a: Dragonite|Dragonite, M|100\/100\n|turn|39\n|\n|t:|1699802222\n|move|p1a: Dragonite|Aqua Jet|p2a: Blaziken\n|-supereffective|p2a: Blaziken\n|-damage|p2a: Blaziken|0 fnt\n|faint|p2a: Blaziken\n|\n|win|shenye\n|raw|shenye's rating: 1180 &rarr; <strong>1202<\/strong><br \/>(+22 for winning)\n|raw|DrSession's rating: 1140 &rarr; <strong>1118<\/strong><br \/>(-22 for losing)\n|l|\u2606DrSession\n","uploadtime":1699802232,"views":9,"p1id":"shenye","p2id":"drsession","formatid":"gen9nationaldex","rating":1118,"private":0,"password":""}