{"id":"gen9nationaldex-1988324921","p1":"imshitman","p2":"Accelerater01","format":"[Gen 9] National Dex","log":"|j|\u2606imshitman\n|j|\u2606Accelerater01\n|t:|1699708746\n|gametype|singles\n|player|p1|imshitman|cynthia-masters|1731\n|player|p2|Accelerater01|266|1628\n|teamsize|p1|6\n|teamsize|p2|6\n|gen|9\n|tier|[Gen 9] National Dex\n|rated|\n|rule|HP Percentage Mod: HP is shown in percentages\n|rule|Endless Battle Clause: Forcing endless battles is banned\n|rule|OHKO Clause: OHKO moves are banned\n|rule|Evasion Clause: Evasion abilities, items, and moves are banned\n|rule|Evasion Abilities Clause: Evasion abilities are banned\n|rule|Evasion Items Clause: Evasion items are banned\n|rule|Evasion Moves Clause: Evasion moves are banned\n|rule|Species Clause: Limit one of each Pok\u00e9mon\n|rule|Sleep Clause Mod: Limit one foe put to sleep\n|clearpoke\n|poke|p1|Amoonguss, F|\n|poke|p1|Ting-Lu|\n|poke|p1|Blaziken, F|\n|poke|p1|Zapdos|\n|poke|p1|Diancie|\n|poke|p1|Ogerpon-Wellspring, F|\n|poke|p2|Iron Valiant|\n|poke|p2|Urshifu-*, M|\n|poke|p2|Tapu Koko|\n|poke|p2|Raichu-Alola, F|\n|poke|p2|Aerodactyl, M|\n|poke|p2|Garchomp, M|\n|teampreview\n|inactive|Battle timer is ON: inactive players will automatically lose when time's up. (requested by imshitman)\n|\n|t:|1699708763\n|start\n|switch|p1a: Amoonguss|Amoonguss, F|100\/100\n|switch|p2a: Urshifu|Urshifu-Rapid-Strike, M|100\/100\n|turn|1\n|\n|t:|1699708771\n|move|p2a: Urshifu|U-turn|p1a: Amoonguss\n|-damage|p1a: Amoonguss|68\/100\n|\n|t:|1699708776\n|switch|p2a: Raichu|Raichu-Alola, F, shiny|100\/100|[from] U-turn\n|move|p1a: Amoonguss|Spore|p2a: Raichu\n|-status|p2a: Raichu|slp|[from] move: Spore\n|\n|upkeep\n|turn|2\n|\n|t:|1699708784\n|cant|p2a: Raichu|slp\n|move|p1a: Amoonguss|Sludge Bomb|p2a: Raichu\n|-damage|p2a: Raichu|59\/100 slp\n|\n|upkeep\n|turn|3\n|\n|t:|1699708790\n|switch|p1a: Ting-Lu|Ting-Lu|100\/100\n|-ability|p1a: Ting-Lu|Vessel of Ruin\n|cant|p2a: Raichu|slp\n|\n|upkeep\n|turn|4\n|\n|t:|1699708797\n|switch|p2a: Urshifu|Urshifu-Rapid-Strike, M|100\/100\n|move|p1a: Ting-Lu|Stealth Rock|p2a: Urshifu\n|-sidestart|p2: Accelerater01|move: Stealth Rock\n|\n|upkeep\n|turn|5\n|\n|t:|1699708805\n|switch|p1a: Amoonguss|Amoonguss, F|100\/100\n|move|p2a: Urshifu|U-turn|p1a: Amoonguss\n|-damage|p1a: Amoonguss|68\/100\n|\n|t:|1699708816\n|switch|p2a: Aerodactyl|Aerodactyl, M|100\/100|[from] U-turn\n|-damage|p2a: Aerodactyl|76\/100|[from] Stealth Rock\n|\n|upkeep\n|turn|6\n|\n|t:|1699708824\n|switch|p1a: Zapdos|Zapdos|100\/100\n|detailschange|p2a: Aerodactyl|Aerodactyl-Mega, M\n|-mega|p2a: Aerodactyl|Aerodactyl|Aerodactylite\n|move|p2a: Aerodactyl|Dragon Dance|p2a: Aerodactyl\n|-boost|p2a: Aerodactyl|atk|1\n|-boost|p2a: Aerodactyl|spe|1\n|\n|upkeep\n|turn|7\n|\n|t:|1699708834\n|move|p2a: Aerodactyl|Ice Fang|p1a: Zapdos\n|-supereffective|p1a: Zapdos\n|-damage|p1a: Zapdos|14\/100\n|-status|p1a: Zapdos|frz\n|cant|p1a: Zapdos|frz\n|\n|upkeep\n|turn|8\n|c|\u2606imshitman|\uff1f\n|\n|t:|1699708848\n|move|p2a: Aerodactyl|Ice Fang|p1a: Zapdos\n|-supereffective|p1a: Zapdos\n|-damage|p1a: Zapdos|0 fnt\n|faint|p1a: Zapdos\n|\n|upkeep\n|\n|t:|1699708854\n|switch|p1a: Amoonguss|Amoonguss, F|100\/100\n|turn|9\n|\n|t:|1699708865\n|-terastallize|p1a: Amoonguss|Water\n|move|p2a: Aerodactyl|Dual Wingbeat|p1a: Amoonguss\n|-damage|p1a: Amoonguss|65\/100\n|-crit|p1a: Amoonguss\n|-damage|p1a: Amoonguss|11\/100\n|-hitcount|p1a: Amoonguss|2\n|move|p1a: Amoonguss|Spore|p2a: Aerodactyl\n|-message|Sleep Clause Mod activated.\n|-hint|Sleep Clause Mod prevents players from putting more than one of their opponent's Pok\u00e9mon to sleep at a time\n|\n|upkeep\n|turn|10\n|\n|t:|1699708876\n|move|p2a: Aerodactyl|Earthquake|p1a: Amoonguss\n|-damage|p1a: Amoonguss|0 fnt\n|faint|p1a: Amoonguss\n|\n|upkeep\n|\n|t:|1699708881\n|switch|p1a: Ting-Lu|Ting-Lu|100\/100\n|-ability|p1a: Ting-Lu|Vessel of Ruin\n|turn|11\n|\n|t:|1699708888\n|move|p2a: Aerodactyl|Dragon Dance|p2a: Aerodactyl\n|-boost|p2a: Aerodactyl|atk|1\n|-boost|p2a: Aerodactyl|spe|1\n|move|p1a: Ting-Lu|Whirlwind|p2a: Aerodactyl\n|drag|p2a: Garchomp|Garchomp, M, shiny|100\/100\n|-damage|p2a: Garchomp|94\/100|[from] Stealth Rock\n|\n|upkeep\n|turn|12\n|\n|t:|1699708908\n|move|p2a: Garchomp|Swords Dance|p2a: Garchomp\n|-boost|p2a: Garchomp|atk|2\n|move|p1a: Ting-Lu|Ruination|p2a: Garchomp\n|-damage|p2a: Garchomp|48\/100\n|\n|upkeep\n|turn|13\n|\n|t:|1699708914\n|-zpower|p2a: Garchomp\n|move|p2a: Garchomp|Devastating Drake|p1a: Ting-Lu|[zeffect]\n|-damage|p1a: Ting-Lu|0 fnt\n|faint|p1a: Ting-Lu\n|\n|upkeep\n|\n|t:|1699708922\n|switch|p1a: Diancie|Diancie|100\/100\n|turn|14\n|\n|t:|1699708927\n|switch|p2a: Raichu|Raichu-Alola, F, shiny|59\/100 slp\n|-damage|p2a: Raichu|47\/100 slp|[from] Stealth Rock\n|detailschange|p1a: Diancie|Diancie-Mega\n|-mega|p1a: Diancie|Diancie|Diancite\n|move|p1a: Diancie|Moonblast|p2a: Raichu\n|-damage|p2a: Raichu|0 fnt\n|faint|p2a: Raichu\n|\n|upkeep\n|\n|t:|1699708943\n|switch|p2a: Tapu Koko|Tapu Koko, shiny|100\/100\n|-damage|p2a: Tapu Koko|88\/100|[from] Stealth Rock\n|-fieldstart|move: Electric Terrain|[from] ability: Electric Surge|[of] p2a: Tapu Koko\n|turn|15\n|\n|t:|1699708951\n|move|p2a: Tapu Koko|Thunderbolt|p1a: Diancie\n|-damage|p1a: Diancie|10\/100\n|-status|p1a: Diancie|par\n|cant|p1a: Diancie|par\n|\n|upkeep\n|turn|16\n|c|\u2606imshitman|\uff1f\n|c|\u2606imshitman|\u80fd\u4e0d\u80fd\u73a9\n|\n|t:|1699708967\n|move|p2a: Tapu Koko|Volt Switch|p1a: Diancie\n|-damage|p1a: Diancie|0 fnt\n|faint|p1a: Diancie\n|\n|t:|1699708974\n|switch|p2a: Aerodactyl|Aerodactyl-Mega, M|76\/100|[from] Volt Switch\n|-damage|p2a: Aerodactyl|51\/100|[from] Stealth Rock\n|\n|upkeep\n|\n|t:|1699708980\n|switch|p1a: Blaziken|Blaziken, F|100\/100\n|turn|17\n|\n|t:|1699708986\n|move|p2a: Aerodactyl|Dragon Dance|p2a: Aerodactyl\n|-boost|p2a: Aerodactyl|atk|1\n|-boost|p2a: Aerodactyl|spe|1\n|move|p1a: Blaziken|Swords Dance|p1a: Blaziken\n|-boost|p1a: Blaziken|atk|2\n|\n|-ability|p1a: Blaziken|Speed Boost|boost\n|-boost|p1a: Blaziken|spe|1\n|upkeep\n|turn|18\n|\n|t:|1699708996\n|move|p2a: Aerodactyl|Dual Wingbeat|p1a: Blaziken\n|-supereffective|p1a: Blaziken\n|-damage|p1a: Blaziken|0 fnt\n|faint|p1a: Blaziken\n|-hitcount|p1: Blaziken|1\n|\n|upkeep\n|-message|imshitman forfeited.\n|\n|win|Accelerater01\n|raw|imshitman's rating: 1731 &rarr; <strong>1705<\/strong><br \/>(-26 for losing)\n|raw|Accelerater01's rating: 1628 &rarr; <strong>1654<\/strong><br \/>(+26 for winning)\n|l|\u2606imshitman\n|c|\u2606Accelerater01|g\n","uploadtime":1699709016,"views":4,"p1id":"imshitman","p2id":"accelerater01","formatid":"gen9nationaldex","rating":1654,"private":0,"password":""}