{"id":"gen9nationaldex-1998768546","p1":"Yuanmmm","p2":"2764ou","format":"[Gen 9] National Dex","log":"|html|<div class=\"broadcast-blue\"><strong>[Gen 9] National Dex is currently suspecting Sneasler! For information on how to participate check out the <a href=\"https:\/\/www.smogon.com\/forums\/threads\/sv-national-dex-suspect-8-just-dance.3731534\/\">suspect thread<\/a>.<\/strong><\/div>\n|j|\u2606Yuanmmm\n|j|\u26062764ou\n|t:|1700986833\n|gametype|singles\n|player|p1|Yuanmmm|akari-isekai|1294\n|player|p2|2764ou|dawn|1212\n|teamsize|p1|6\n|teamsize|p2|6\n|gen|9\n|tier|[Gen 9] National Dex\n|rated|\n|rule|HP Percentage Mod: HP is shown in percentages\n|rule|Endless Battle Clause: Forcing endless battles is banned\n|rule|OHKO Clause: OHKO moves are banned\n|rule|Evasion Clause: Evasion abilities, items, and moves are banned\n|rule|Evasion Abilities Clause: Evasion abilities are banned\n|rule|Evasion Items Clause: Evasion items are banned\n|rule|Evasion Moves Clause: Evasion moves are banned\n|rule|Species Clause: Limit one of each Pok\u00e9mon\n|rule|Sleep Clause Mod: Limit one foe put to sleep\n|clearpoke\n|poke|p1|Greavard, F|\n|poke|p1|Alomomola, F|\n|poke|p1|Clodsire, M|\n|poke|p1|Garchomp, M|\n|poke|p1|Hoopa-Unbound|\n|poke|p1|Banette, F|\n|poke|p2|Sableye, F|\n|poke|p2|Clodsire, M|\n|poke|p2|Alomomola, M|\n|poke|p2|Garganacl, M|\n|poke|p2|Chansey, F|\n|poke|p2|Ferrothorn, M|\n|teampreview\n|\n|t:|1700986851\n|start\n|switch|p1a: Alomomola|Alomomola, F|100\/100\n|switch|p2a: Sableye|Sableye, F|100\/100\n|turn|1\n|inactive|Battle timer is ON: inactive players will automatically lose when time's up. (requested by Yuanmmm)\n|\n|t:|1700986878\n|detailschange|p2a: Sableye|Sableye-Mega, F\n|-mega|p2a: Sableye|Sableye|Sablenite\n|move|p1a: Alomomola|Protect|p1a: Alomomola\n|-singleturn|p1a: Alomomola|Protect\n|move|p2a: Sableye|Foul Play|p1a: Alomomola\n|-activate|p1a: Alomomola|move: Protect\n|\n|upkeep\n|turn|2\n|\n|t:|1700986888\n|move|p1a: Alomomola|Flip Turn|p2a: Sableye\n|-damage|p2a: Sableye|90\/100\n|\n|t:|1700986900\n|switch|p1a: Clodsire|Clodsire, M|100\/100|[from] Flip Turn\n|move|p2a: Sableye|Foul Play|p1a: Clodsire\n|-damage|p1a: Clodsire|72\/100\n|\n|-heal|p1a: Clodsire|78\/100|[from] item: Leftovers\n|upkeep\n|turn|3\n|\n|t:|1700986912\n|move|p1a: Clodsire|Recover|p1a: Clodsire\n|-heal|p1a: Clodsire|100\/100\n|move|p2a: Sableye|Will-O-Wisp|p1a: Clodsire\n|-status|p1a: Clodsire|brn\n|\n|-damage|p1a: Clodsire|94\/100 brn|[from] brn\n|upkeep\n|turn|4\n|\n|t:|1700986925\n|switch|p2a: Ferrothorn|Ferrothorn, M|100\/100\n|move|p1a: Clodsire|Earthquake|p2a: Ferrothorn\n|-damage|p2a: Ferrothorn|93\/100\n|\n|-heal|p1a: Clodsire|100\/100 brn|[from] item: Leftovers\n|-heal|p2a: Ferrothorn|99\/100|[from] item: Leftovers\n|-damage|p1a: Clodsire|94\/100 brn|[from] brn\n|upkeep\n|turn|5\n|\n|t:|1700986939\n|switch|p1a: Alomomola|Alomomola, F|100\/100\n|move|p2a: Ferrothorn|Knock Off|p1a: Alomomola\n|-crit|p1a: Alomomola\n|-damage|p1a: Alomomola|83\/100\n|-damage|p2a: Ferrothorn|83\/100|[from] item: Rocky Helmet|[of] p1a: Alomomola\n|-enditem|p1a: Alomomola|Rocky Helmet|[from] move: Knock Off|[of] p2a: Ferrothorn\n|\n|-heal|p2a: Ferrothorn|89\/100|[from] item: Leftovers\n|upkeep\n|turn|6\n|\n|t:|1700986950\n|move|p1a: Alomomola|Flip Turn|p2a: Ferrothorn\n|-resisted|p2a: Ferrothorn\n|-damage|p2a: Ferrothorn|84\/100\n|-damage|p1a: Alomomola|71\/100|[from] ability: Iron Barbs|[of] p2a: Ferrothorn\n|\n|t:|1700986957\n|switch|p1a: Clodsire|Clodsire, M|94\/100 brn|[from] Flip Turn\n|move|p2a: Ferrothorn|Spikes|p1a: Clodsire\n|-sidestart|p1: Yuanmmm|Spikes\n|\n|-heal|p1a: Clodsire|100\/100 brn|[from] item: Leftovers\n|-heal|p2a: Ferrothorn|90\/100|[from] item: Leftovers\n|-damage|p1a: Clodsire|94\/100 brn|[from] brn\n|upkeep\n|turn|7\n|\n|t:|1700986973\n|move|p1a: Clodsire|Stealth Rock|p2a: Ferrothorn\n|-sidestart|p2: 2764ou|move: Stealth Rock\n|move|p2a: Ferrothorn|Spikes|p1a: Clodsire\n|-sidestart|p1: Yuanmmm|Spikes\n|\n|-heal|p1a: Clodsire|100\/100 brn|[from] item: Leftovers\n|-heal|p2a: Ferrothorn|96\/100|[from] item: Leftovers\n|-damage|p1a: Clodsire|94\/100 brn|[from] brn\n|upkeep\n|turn|8\n|\n|t:|1700986988\n|switch|p1a: Garchomp|Garchomp, M|100\/100\n|-damage|p1a: Garchomp|84\/100|[from] Spikes\n|switch|p2a: Sableye|Sableye-Mega, F|90\/100\n|-damage|p2a: Sableye|77\/100|[from] Stealth Rock\n|\n|upkeep\n|turn|9\n|\n|t:|1700986998\n|-zpower|p1a: Garchomp\n|move|p1a: Garchomp|Devastating Drake|p2a: Sableye|[zeffect]\n|-damage|p2a: Sableye|14\/100\n|move|p2a: Sableye|Will-O-Wisp|p1a: Garchomp\n|-status|p1a: Garchomp|brn\n|\n|-damage|p1a: Garchomp|78\/100 brn|[from] brn\n|upkeep\n|turn|10\n|\n|t:|1700987015\n|move|p1a: Garchomp|Swords Dance|p1a: Garchomp\n|-boost|p1a: Garchomp|atk|2\n|move|p2a: Sableye|Recover|p2a: Sableye\n|-heal|p2a: Sableye|64\/100\n|\n|-damage|p1a: Garchomp|72\/100 brn|[from] brn\n|upkeep\n|turn|11\n|\n|t:|1700987023\n|move|p1a: Garchomp|Earthquake|p2a: Sableye\n|-damage|p2a: Sableye|30\/100\n|move|p2a: Sableye|Encore|p1a: Garchomp\n|-start|p1a: Garchomp|Encore\n|\n|-damage|p1a: Garchomp|65\/100 brn|[from] brn\n|upkeep\n|turn|12\n|\n|t:|1700987036\n|switch|p2a: Alomomola|Alomomola, M|100\/100\n|-damage|p2a: Alomomola|88\/100|[from] Stealth Rock\n|move|p1a: Garchomp|Earthquake|p2a: Alomomola\n|-damage|p2a: Alomomola|60\/100\n|\n|-damage|p1a: Garchomp|59\/100 brn|[from] brn\n|upkeep\n|turn|13\n|\n|t:|1700987047\n|switch|p1a: Clodsire|Clodsire, M|94\/100 brn\n|-damage|p1a: Clodsire|78\/100 brn|[from] Spikes\n|move|p2a: Alomomola|Wish|p2a: Alomomola\n|\n|-heal|p1a: Clodsire|84\/100 brn|[from] item: Leftovers\n|-damage|p1a: Clodsire|78\/100 brn|[from] brn\n|upkeep\n|turn|14\n|\n|t:|1700987063\n|switch|p2a: Sableye|Sableye-Mega, F|30\/100\n|-damage|p2a: Sableye|18\/100|[from] Stealth Rock\n|move|p1a: Clodsire|Toxic|p2a: Sableye\n|move|p2a: Sableye|Toxic||[from]ability: Magic Bounce|[still]\n|-fail|p2a: Sableye\n|\n|-heal|p2a: Sableye|100\/100|[from] move: Wish|[wisher] Alomomola\n|-heal|p1a: Clodsire|84\/100 brn|[from] item: Leftovers\n|-damage|p1a: Clodsire|78\/100 brn|[from] brn\n|upkeep\n|turn|15\n|\n|t:|1700987082\n|switch|p1a: Greavard|Greavard, F|100\/100\n|-damage|p1a: Greavard|84\/100|[from] Spikes\n|move|p2a: Sableye|Foul Play|p1a: Greavard\n|-supereffective|p1a: Greavard\n|-damage|p1a: Greavard|71\/100\n|\n|upkeep\n|turn|16\n|\n|t:|1700987093\n|switch|p2a: Garganacl|Garganacl, M|100\/100\n|-damage|p2a: Garganacl|88\/100|[from] Stealth Rock\n|move|p1a: Greavard|Night Shade|p2a: Garganacl\n|-damage|p2a: Garganacl|63\/100\n|\n|-heal|p2a: Garganacl|70\/100|[from] item: Leftovers\n|upkeep\n|turn|17\n|\n|t:|1700987107\n|switch|p1a: Garchomp|Garchomp, M|59\/100 brn\n|-damage|p1a: Garchomp|43\/100 brn|[from] Spikes\n|move|p2a: Garganacl|Stealth Rock|p1a: Garchomp\n|-sidestart|p1: Yuanmmm|move: Stealth Rock\n|\n|-heal|p2a: Garganacl|76\/100|[from] item: Leftovers\n|-damage|p1a: Garchomp|37\/100 brn|[from] brn\n|upkeep\n|turn|18\n|\n|t:|1700987123\n|move|p2a: Garganacl|Protect|p2a: Garganacl\n|-singleturn|p2a: Garganacl|Protect\n|move|p1a: Garchomp|Earthquake|p2a: Garganacl\n|-activate|p2a: Garganacl|move: Protect\n|\n|-heal|p2a: Garganacl|82\/100|[from] item: Leftovers\n|-damage|p1a: Garchomp|30\/100 brn|[from] brn\n|upkeep\n|turn|19\n|\n|t:|1700987133\n|switch|p1a: Alomomola|Alomomola, F|100\/100\n|-damage|p1a: Alomomola|84\/100|[from] Spikes\n|-damage|p1a: Alomomola|71\/100|[from] Stealth Rock\n|move|p2a: Garganacl|Salt Cure|p1a: Alomomola\n|-damage|p1a: Alomomola|63\/100\n|-start|p1a: Alomomola|Salt Cure\n|\n|-heal|p2a: Garganacl|88\/100|[from] item: Leftovers\n|-damage|p1a: Alomomola|39\/100|[from] Salt Cure\n|upkeep\n|turn|20\n|\n|t:|1700987146\n|move|p1a: Alomomola|Wish|p1a: Alomomola\n|move|p2a: Garganacl|Salt Cure|p1a: Alomomola\n|-damage|p1a: Alomomola|31\/100\n|\n|-heal|p2a: Garganacl|94\/100|[from] item: Leftovers\n|-damage|p1a: Alomomola|6\/100|[from] Salt Cure\n|upkeep\n|turn|21\n|\n|t:|1700987158\n|move|p1a: Alomomola|Protect|p1a: Alomomola\n|-singleturn|p1a: Alomomola|Protect\n|move|p2a: Garganacl|Salt Cure|p1a: Alomomola\n|-activate|p1a: Alomomola|move: Protect\n|\n|-heal|p1a: Alomomola|56\/100|[from] move: Wish|[wisher] Alomomola\n|-heal|p2a: Garganacl|100\/100|[from] item: Leftovers\n|-damage|p1a: Alomomola|31\/100|[from] Salt Cure\n|upkeep\n|turn|22\n|\n|t:|1700987169\n|switch|p1a: Garchomp|Garchomp, M|30\/100 brn\n|-damage|p1a: Garchomp|14\/100 brn|[from] Spikes\n|-damage|p1a: Garchomp|8\/100 brn|[from] Stealth Rock\n|move|p2a: Garganacl|Salt Cure|p1a: Garchomp\n|-resisted|p1a: Garchomp\n|-damage|p1a: Garchomp|1\/100 brn\n|-start|p1a: Garchomp|Salt Cure\n|\n|-damage|p1a: Garchomp|0 fnt|[from] brn\n|faint|p1a: Garchomp\n|upkeep\n|\n|t:|1700987172\n|switch|p1a: Hoopa|Hoopa-Unbound|100\/100\n|-damage|p1a: Hoopa|84\/100|[from] Spikes\n|-damage|p1a: Hoopa|72\/100|[from] Stealth Rock\n|turn|23\n|\n|t:|1700987186\n|-terastallize|p1a: Hoopa|Dark\n|move|p1a: Hoopa|Hyperspace Fury|p2a: Garganacl\n|-damage|p2a: Garganacl|9\/100\n|-unboost|p1a: Hoopa|def|1\n|move|p2a: Garganacl|Salt Cure|p1a: Hoopa\n|-damage|p1a: Hoopa|32\/100\n|-start|p1a: Hoopa|Salt Cure\n|\n|-heal|p2a: Garganacl|15\/100|[from] item: Leftovers\n|-damage|p1a: Hoopa|20\/100|[from] Salt Cure\n|upkeep\n|turn|24\n|\n|t:|1700987203\n|switch|p1a: Banette|Banette, F|100\/100\n|-damage|p1a: Banette|84\/100|[from] Spikes\n|-damage|p1a: Banette|72\/100|[from] Stealth Rock\n|-item|p2a: Garganacl|Leftovers|[from] ability: Frisk|[of] p1a: Banette|[identify]\n|move|p2a: Garganacl|Protect||[still]\n|-fail|p2a: Garganacl\n|\n|-heal|p2a: Garganacl|21\/100|[from] item: Leftovers\n|upkeep\n|turn|25\n|\n|t:|1700987215\n|switch|p2a: Chansey|Chansey, F|100\/100\n|-damage|p2a: Chansey|88\/100|[from] Stealth Rock\n|detailschange|p1a: Banette|Banette-Mega, F\n|-mega|p1a: Banette|Banette|Banettite\n|move|p1a: Banette|Encore||[still]\n|-fail|p1a: Banette\n|\n|upkeep\n|turn|26\n|\n|t:|1700987227\n|switch|p1a: Clodsire|Clodsire, M|78\/100 brn\n|-damage|p1a: Clodsire|61\/100 brn|[from] Spikes\n|-damage|p1a: Clodsire|55\/100 brn|[from] Stealth Rock\n|move|p2a: Chansey|Soft-Boiled|p2a: Chansey\n|-heal|p2a: Chansey|100\/100\n|\n|-heal|p1a: Clodsire|61\/100 brn|[from] item: Leftovers\n|-damage|p1a: Clodsire|55\/100 brn|[from] brn\n|upkeep\n|turn|27\n|c|\u2606Yuanmmm|\u53bb\u6b7b\u5427\n|\n|t:|1700987240\n|move|p2a: Chansey|Seismic Toss|p1a: Clodsire\n|-damage|p1a: Clodsire|34\/100 brn\n|move|p1a: Clodsire|Toxic|p2a: Chansey\n|-status|p2a: Chansey|tox\n|\n|-heal|p1a: Clodsire|40\/100 brn|[from] item: Leftovers\n|-damage|p2a: Chansey|94\/100 tox|[from] psn\n|-damage|p1a: Clodsire|34\/100 brn|[from] brn\n|upkeep\n|turn|28\n|-message|Yuanmmm forfeited.\n|\n|win|2764ou\n|raw|Yuanmmm's rating: 1294 &rarr; <strong>1263<\/strong><br \/>(-31 for losing)\n|raw|2764ou's rating: 1212 &rarr; <strong>1243<\/strong><br \/>(+31 for winning)\n","uploadtime":1700987233,"views":1,"p1id":"yuanmmm","p2id":"2764ou","formatid":"gen9nationaldex","rating":1243,"private":0,"password":""}