{"id":"gen9nationaldex-1999503439","p1":"ssd112","p2":"jjj88","format":"[Gen 9] National Dex","log":"|html|<div class=\"broadcast-blue\"><strong>[Gen 9] National Dex is currently suspecting Sneasler! For information on how to participate check out the <a href=\"https:\/\/www.smogon.com\/forums\/threads\/sv-national-dex-suspect-8-just-dance.3731534\/\">suspect thread<\/a>.<\/strong><\/div>\n|j|\u2606ssd112\n|j|\u2606jjj88\n|t:|1701089925\n|gametype|singles\n|player|p1|ssd112|2|1183\n|player|p2|jjj88|fisherman|1167\n|teamsize|p1|6\n|teamsize|p2|6\n|gen|9\n|tier|[Gen 9] National Dex\n|rated|\n|rule|HP Percentage Mod: HP is shown in percentages\n|rule|Endless Battle Clause: Forcing endless battles is banned\n|rule|OHKO Clause: OHKO moves are banned\n|rule|Evasion Clause: Evasion abilities, items, and moves are banned\n|rule|Evasion Abilities Clause: Evasion abilities are banned\n|rule|Evasion Items Clause: Evasion items are banned\n|rule|Evasion Moves Clause: Evasion moves are banned\n|rule|Species Clause: Limit one of each Pok\u00e9mon\n|rule|Sleep Clause Mod: Limit one foe put to sleep\n|clearpoke\n|poke|p1|Zapdos|\n|poke|p1|Moltres|\n|poke|p1|Scizor, M|\n|poke|p1|Heatran, M|\n|poke|p1|Iron Treads|\n|poke|p1|Empoleon, M|\n|poke|p2|Torracat, F|\n|poke|p2|Suicune|\n|poke|p2|Beheeyem, M|\n|poke|p2|Shaymin|\n|poke|p2|Vanilluxe, F|\n|poke|p2|Dachsbun, F|\n|teampreview\n|inactive|Battle timer is ON: inactive players will automatically lose when time's up. (requested by ssd112)\n|\n|t:|1701089949\n|start\n|switch|p1a: Iron Treads|Iron Treads, shiny|100\/100\n|switch|p2a: \u4ed9\u5b50\u4f0a\u5e03|Dachsbun, F|100\/100\n|-enditem|p1a: Iron Treads|Booster Energy\n|-activate|p1a: Iron Treads|ability: Quark Drive|[fromitem]\n|-start|p1a: Iron Treads|quarkdrivespe\n|turn|1\n|\n|t:|1701089978\n|move|p1a: Iron Treads|Stealth Rock|p2a: \u4ed9\u5b50\u4f0a\u5e03\n|-sidestart|p2: jjj88|move: Stealth Rock\n|move|p2a: \u4ed9\u5b50\u4f0a\u5e03|Copycat|p2a: \u4ed9\u5b50\u4f0a\u5e03\n|move|p2a: \u4ed9\u5b50\u4f0a\u5e03|Stealth Rock|p1a: Iron Treads|[from]move: Copycat\n|-sidestart|p1: ssd112|move: Stealth Rock\n|\n|upkeep\n|turn|2\n|\n|t:|1701089988\n|move|p1a: Iron Treads|Rapid Spin|p2a: \u4ed9\u5b50\u4f0a\u5e03\n|-damage|p2a: \u4ed9\u5b50\u4f0a\u5e03|92\/100\n|-boost|p1a: Iron Treads|spe|1\n|-sideend|p1: ssd112|Stealth Rock|[from] move: Rapid Spin|[of] p1a: Iron Treads\n|move|p2a: \u4ed9\u5b50\u4f0a\u5e03|Body Press|p1a: Iron Treads\n|-supereffective|p1a: Iron Treads\n|-damage|p1a: Iron Treads|54\/100\n|\n|-heal|p2a: \u4ed9\u5b50\u4f0a\u5e03|98\/100|[from] item: Leftovers\n|upkeep\n|turn|3\n|\n|t:|1701089997\n|-terastallize|p1a: Iron Treads|Ghost\n|move|p1a: Iron Treads|Steel Beam|p2a: \u4ed9\u5b50\u4f0a\u5e03\n|-supereffective|p2a: \u4ed9\u5b50\u4f0a\u5e03\n|-damage|p2a: \u4ed9\u5b50\u4f0a\u5e03|0 fnt\n|-damage|p1a: Iron Treads|4\/100|[from] steelbeam\n|faint|p2a: \u4ed9\u5b50\u4f0a\u5e03\n|\n|upkeep\n|\n|t:|1701090011\n|switch|p2a: \u51b0\u4f0a\u5e03|Vanilluxe, F|100\/100\n|-damage|p2a: \u51b0\u4f0a\u5e03|76\/100|[from] Stealth Rock\n|-weather|Snow|[from] ability: Snow Warning|[of] p2a: \u51b0\u4f0a\u5e03\n|turn|4\n|\n|t:|1701090017\n|move|p2a: \u51b0\u4f0a\u5e03|Ice Shard|p1a: Iron Treads\n|-damage|p1a: Iron Treads|0 fnt\n|faint|p1a: Iron Treads\n|-end|p1a: Iron Treads|Quark Drive|[silent]\n|\n|-weather|Snow|[upkeep]\n|upkeep\n|\n|t:|1701090024\n|switch|p1a: Scizor|Scizor, M|100\/100\n|turn|5\n|\n|t:|1701090028\n|switch|p2a: \u706b\u4f0a\u5e03|Torracat, F|100\/100\n|-damage|p2a: \u706b\u4f0a\u5e03|76\/100|[from] Stealth Rock\n|-ability|p2a: \u706b\u4f0a\u5e03|Intimidate|boost\n|-unboost|p1a: Scizor|atk|1\n|detailschange|p1a: Scizor|Scizor-Mega, M\n|-mega|p1a: Scizor|Scizor|Scizorite\n|move|p1a: Scizor|Swords Dance|p1a: Scizor\n|-boost|p1a: Scizor|atk|2\n|\n|-weather|Snow|[upkeep]\n|upkeep\n|turn|6\n|\n|t:|1701090039\n|switch|p1a: Heatran|Heatran, M, shiny|100\/100\n|move|p2a: \u706b\u4f0a\u5e03|Flare Blitz|p1a: Heatran\n|-start|p1a: Heatran|ability: Flash Fire\n|\n|-weather|Snow|[upkeep]\n|upkeep\n|turn|7\n|\n|t:|1701090050\n|move|p1a: Heatran|Earth Power|p2a: \u706b\u4f0a\u5e03\n|-supereffective|p2a: \u706b\u4f0a\u5e03\n|-damage|p2a: \u706b\u4f0a\u5e03|0 fnt\n|faint|p2a: \u706b\u4f0a\u5e03\n|\n|-weather|Snow|[upkeep]\n|upkeep\n|\n|t:|1701090060\n|switch|p2a: \u6c34\u4f0a\u5e03|Suicune|100\/100\n|-damage|p2a: \u6c34\u4f0a\u5e03|88\/100|[from] Stealth Rock\n|-ability|p2a: \u6c34\u4f0a\u5e03|Pressure\n|turn|8\n|\n|t:|1701090065\n|move|p1a: Heatran|Taunt|p2a: \u6c34\u4f0a\u5e03\n|-start|p2a: \u6c34\u4f0a\u5e03|move: Taunt\n|move|p2a: \u6c34\u4f0a\u5e03|Scald|p1a: Heatran\n|-supereffective|p1a: Heatran\n|-crit|p1a: Heatran\n|-damage|p1a: Heatran|29\/100\n|\n|-weather|none\n|-heal|p1a: Heatran|35\/100|[from] item: Leftovers\n|-heal|p2a: \u6c34\u4f0a\u5e03|94\/100|[from] item: Leftovers\n|upkeep\n|turn|9\n|\n|t:|1701090073\n|-end|p1a: Heatran|ability: Flash Fire|[silent]\n|switch|p1a: Empoleon|Empoleon, M, shiny|100\/100\n|move|p2a: \u6c34\u4f0a\u5e03|Scald|p1a: Empoleon\n|-resisted|p1a: Empoleon\n|-damage|p1a: Empoleon|88\/100\n|\n|-heal|p2a: \u6c34\u4f0a\u5e03|100\/100|[from] item: Leftovers\n|upkeep\n|turn|10\n|\n|t:|1701090078\n|switch|p2a: \u51b0\u4f0a\u5e03|Vanilluxe, F|76\/100\n|-damage|p2a: \u51b0\u4f0a\u5e03|51\/100|[from] Stealth Rock\n|-weather|Snow|[from] ability: Snow Warning|[of] p2a: \u51b0\u4f0a\u5e03\n|move|p1a: Empoleon|Grass Knot|p2a: \u51b0\u4f0a\u5e03\n|-damage|p2a: \u51b0\u4f0a\u5e03|25\/100\n|-damage|p1a: Empoleon|78\/100|[from] item: Life Orb\n|\n|-weather|Snow|[upkeep]\n|upkeep\n|turn|11\n|\n|t:|1701090100\n|move|p1a: Empoleon|Grass Knot|p2a: \u51b0\u4f0a\u5e03\n|-damage|p2a: \u51b0\u4f0a\u5e03|0 fnt\n|faint|p2a: \u51b0\u4f0a\u5e03\n|-damage|p1a: Empoleon|68\/100|[from] item: Life Orb\n|\n|-weather|Snow|[upkeep]\n|upkeep\n|\n|t:|1701090120\n|switch|p2a: \u53f6\u4f0a\u5e03|Shaymin|100\/100\n|-damage|p2a: \u53f6\u4f0a\u5e03|88\/100|[from] Stealth Rock\n|turn|12\n|\n|t:|1701090124\n|move|p2a: \u53f6\u4f0a\u5e03|Earth Power|p1a: Empoleon\n|-supereffective|p1a: Empoleon\n|-damage|p1a: Empoleon|14\/100\n|move|p1a: Empoleon|Ice Beam|p2a: \u53f6\u4f0a\u5e03\n|-supereffective|p2a: \u53f6\u4f0a\u5e03\n|-damage|p2a: \u53f6\u4f0a\u5e03|10\/100\n|-damage|p1a: Empoleon|4\/100|[from] item: Life Orb\n|\n|-weather|Snow|[upkeep]\n|upkeep\n|turn|13\n|\n|t:|1701090135\n|switch|p1a: Moltres|Moltres|100\/100\n|move|p2a: \u53f6\u4f0a\u5e03|Earth Power|p1a: Moltres\n|-immune|p1a: Moltres\n|\n|-weather|Snow|[upkeep]\n|upkeep\n|turn|14\n|\n|t:|1701090147\n|-zpower|p2a: \u53f6\u4f0a\u5e03\n|move|p2a: \u53f6\u4f0a\u5e03|Bloom Doom|p1a: Moltres|[zeffect]\n|-resisted|p1a: Moltres\n|-damage|p1a: Moltres|83\/100\n|move|p1a: Moltres|U-turn|p2a: \u53f6\u4f0a\u5e03\n|-supereffective|p2a: \u53f6\u4f0a\u5e03\n|-damage|p2a: \u53f6\u4f0a\u5e03|0 fnt\n|faint|p2a: \u53f6\u4f0a\u5e03\n|\n|t:|1701090155\n|switch|p1a: Zapdos|Zapdos, shiny|100\/100|[from] U-turn\n|\n|-weather|none\n|upkeep\n|\n|t:|1701090161\n|switch|p2a: \u592a\u9633\u4f0a\u5e03|Beheeyem, M|100\/100\n|-damage|p2a: \u592a\u9633\u4f0a\u5e03|88\/100|[from] Stealth Rock\n|turn|15\n|\n|t:|1701090174\n|move|p1a: Zapdos|Hurricane|p2a: \u592a\u9633\u4f0a\u5e03\n|-crit|p2a: \u592a\u9633\u4f0a\u5e03\n|-damage|p2a: \u592a\u9633\u4f0a\u5e03|22\/100\n|move|p2a: \u592a\u9633\u4f0a\u5e03|Psychic|p1a: Zapdos\n|-damage|p1a: Zapdos|11\/100\n|-unboost|p1a: Zapdos|spd|1\n|\n|upkeep\n|turn|16\n|\n|t:|1701090182\n|move|p1a: Zapdos|Volt Switch|p2a: \u592a\u9633\u4f0a\u5e03\n|-damage|p2a: \u592a\u9633\u4f0a\u5e03|0 fnt\n|faint|p2a: \u592a\u9633\u4f0a\u5e03\n|\n|t:|1701090189\n|switch|p1a: Heatran|Heatran, M, shiny|35\/100|[from] Volt Switch\n|\n|-heal|p1a: Heatran|42\/100|[from] item: Leftovers\n|upkeep\n|\n|t:|1701090191\n|switch|p2a: \u6c34\u4f0a\u5e03|Suicune|100\/100\n|-damage|p2a: \u6c34\u4f0a\u5e03|88\/100|[from] Stealth Rock\n|-ability|p2a: \u6c34\u4f0a\u5e03|Pressure\n|turn|17\n|\n|t:|1701090195\n|move|p1a: Heatran|Taunt|p2a: \u6c34\u4f0a\u5e03\n|-start|p2a: \u6c34\u4f0a\u5e03|move: Taunt\n|move|p2a: \u6c34\u4f0a\u5e03|Scald|p1a: Heatran\n|-supereffective|p1a: Heatran\n|-damage|p1a: Heatran|0 fnt\n|faint|p1a: Heatran\n|\n|-heal|p2a: \u6c34\u4f0a\u5e03|94\/100|[from] item: Leftovers\n|upkeep\n|\n|t:|1701090199\n|switch|p1a: Zapdos|Zapdos, shiny|11\/100\n|turn|18\n|\n|t:|1701090204\n|-terastallize|p2a: \u6c34\u4f0a\u5e03|Steel\n|move|p1a: Zapdos|Volt Switch|p2a: \u6c34\u4f0a\u5e03\n|-damage|p2a: \u6c34\u4f0a\u5e03|73\/100\n|\n|t:|1701090214\n|switch|p1a: Moltres|Moltres|83\/100|[from] Volt Switch\n|move|p2a: \u6c34\u4f0a\u5e03|Scald|p1a: Moltres\n|-supereffective|p1a: Moltres\n|-damage|p1a: Moltres|39\/100\n|\n|-heal|p2a: \u6c34\u4f0a\u5e03|79\/100|[from] item: Leftovers\n|upkeep\n|turn|19\n|l|\u2606ssd112\n|inactive|ssd112 disconnected and has a minute to reconnect!\n|player|p1|\n|j|\u2606ssd112\n|inactive|ssd112 reconnected and has 115 seconds left.\n|player|p1|ssd112|2\n|\n|t:|1701090267\n|move|p1a: Moltres|Flamethrower|p2a: \u6c34\u4f0a\u5e03\n|-supereffective|p2a: \u6c34\u4f0a\u5e03\n|-damage|p2a: \u6c34\u4f0a\u5e03|34\/100\n|move|p2a: \u6c34\u4f0a\u5e03|Scald|p1a: Moltres\n|-supereffective|p1a: Moltres\n|-damage|p1a: Moltres|0 fnt\n|faint|p1a: Moltres\n|\n|-heal|p2a: \u6c34\u4f0a\u5e03|40\/100|[from] item: Leftovers\n|-end|p2a: \u6c34\u4f0a\u5e03|move: Taunt\n|upkeep\n|inactive|ssd112 has 90 seconds left.\n|\n|t:|1701090286\n|switch|p1a: Empoleon|Empoleon, M, shiny|4\/100\n|turn|20\n|inactive|ssd112 has 90 seconds left.\n|\n|t:|1701090302\n|move|p1a: Empoleon|Roost|p1a: Empoleon\n|-heal|p1a: Empoleon|54\/100\n|-singleturn|p1a: Empoleon|move: Roost\n|move|p2a: \u6c34\u4f0a\u5e03|Substitute|p2a: \u6c34\u4f0a\u5e03\n|-start|p2a: \u6c34\u4f0a\u5e03|Substitute\n|-damage|p2a: \u6c34\u4f0a\u5e03|15\/100\n|\n|-heal|p2a: \u6c34\u4f0a\u5e03|21\/100|[from] item: Leftovers\n|upkeep\n|turn|21\n|inactive|ssd112 has 90 seconds left.\n|\n|t:|1701090322\n|move|p1a: Empoleon|Hydro Pump|p2a: \u6c34\u4f0a\u5e03\n|-crit|p2a: \u6c34\u4f0a\u5e03\n|-end|p2a: \u6c34\u4f0a\u5e03|Substitute\n|-damage|p1a: Empoleon|44\/100|[from] item: Life Orb\n|move|p2a: \u6c34\u4f0a\u5e03|Calm Mind|p2a: \u6c34\u4f0a\u5e03\n|-boost|p2a: \u6c34\u4f0a\u5e03|spa|1\n|-boost|p2a: \u6c34\u4f0a\u5e03|spd|1\n|\n|-heal|p2a: \u6c34\u4f0a\u5e03|27\/100|[from] item: Leftovers\n|upkeep\n|turn|22\n|\n|t:|1701090337\n|move|p1a: Empoleon|Grass Knot|p2a: \u6c34\u4f0a\u5e03\n|-resisted|p2a: \u6c34\u4f0a\u5e03\n|-damage|p2a: \u6c34\u4f0a\u5e03|19\/100\n|-damage|p1a: Empoleon|35\/100|[from] item: Life Orb\n|move|p2a: \u6c34\u4f0a\u5e03|Scald|p1a: Empoleon\n|-resisted|p1a: Empoleon\n|-damage|p1a: Empoleon|14\/100\n|\n|-heal|p2a: \u6c34\u4f0a\u5e03|25\/100|[from] item: Leftovers\n|upkeep\n|turn|23\n|\n|t:|1701090350\n|move|p1a: Empoleon|Ice Beam|p2a: \u6c34\u4f0a\u5e03\n|-resisted|p2a: \u6c34\u4f0a\u5e03\n|-damage|p2a: \u6c34\u4f0a\u5e03|16\/100\n|-damage|p1a: Empoleon|4\/100|[from] item: Life Orb\n|move|p2a: \u6c34\u4f0a\u5e03|Scald|p1a: Empoleon\n|-resisted|p1a: Empoleon\n|-damage|p1a: Empoleon|0 fnt\n|faint|p1a: Empoleon\n|\n|-heal|p2a: \u6c34\u4f0a\u5e03|22\/100|[from] item: Leftovers\n|upkeep\n|\n|t:|1701090354\n|switch|p1a: Zapdos|Zapdos, shiny|11\/100\n|turn|24\n|\n|t:|1701090361\n|move|p1a: Zapdos|Hurricane|p2a: \u6c34\u4f0a\u5e03|[miss]\n|-miss|p1a: Zapdos|p2a: \u6c34\u4f0a\u5e03\n|move|p2a: \u6c34\u4f0a\u5e03|Scald|p1a: Zapdos\n|-damage|p1a: Zapdos|0 fnt\n|faint|p1a: Zapdos\n|\n|-heal|p2a: \u6c34\u4f0a\u5e03|28\/100|[from] item: Leftovers\n|upkeep\n|\n|t:|1701090366\n|switch|p1a: Scizor|Scizor-Mega, M|100\/100\n|turn|25\n|\n|t:|1701090369\n|move|p1a: Scizor|Swords Dance|p1a: Scizor\n|-boost|p1a: Scizor|atk|2\n|move|p2a: \u6c34\u4f0a\u5e03|Scald|p1a: Scizor\n|-damage|p1a: Scizor|70\/100\n|\n|-heal|p2a: \u6c34\u4f0a\u5e03|35\/100|[from] item: Leftovers\n|upkeep\n|turn|26\n|\n|t:|1701090375\n|move|p1a: Scizor|Bullet Punch|p2a: \u6c34\u4f0a\u5e03\n|-resisted|p2a: \u6c34\u4f0a\u5e03\n|-crit|p2a: \u6c34\u4f0a\u5e03\n|-damage|p2a: \u6c34\u4f0a\u5e03|7\/100\n|move|p2a: \u6c34\u4f0a\u5e03|Substitute|p2a: \u6c34\u4f0a\u5e03\n|-fail|p2a: \u6c34\u4f0a\u5e03|move: Substitute|[weak]\n|\n|-heal|p2a: \u6c34\u4f0a\u5e03|13\/100|[from] item: Leftovers\n|upkeep\n|turn|27\n|\n|t:|1701090389\n|move|p1a: Scizor|Bullet Punch|p2a: \u6c34\u4f0a\u5e03\n|-resisted|p2a: \u6c34\u4f0a\u5e03\n|-damage|p2a: \u6c34\u4f0a\u5e03|0 fnt\n|faint|p2a: \u6c34\u4f0a\u5e03\n|\n|win|ssd112\n|raw|ssd112's rating: 1183 &rarr; <strong>1210<\/strong><br \/>(+27 for winning)\n|raw|jjj88's rating: 1216 &rarr; <strong>1189<\/strong><br \/>(-27 for losing)\n|l|\u2606jjj88\n","uploadtime":1701090402,"views":1,"p1id":"ssd112","p2id":"jjj88","formatid":"gen9nationaldex","rating":1189,"private":0,"password":""}