{"id":"gen9nationaldex-1999167155","p1":"YeahNoUm","p2":"congpizza","format":"[Gen 9] National Dex","log":"|html|<div class=\"broadcast-blue\"><strong>[Gen 9] National Dex is currently suspecting Sneasler! For information on how to participate check out the <a href=\"https:\/\/www.smogon.com\/forums\/threads\/sv-national-dex-suspect-8-just-dance.3731534\/\">suspect thread<\/a>.<\/strong><\/div>\n|j|\u2606YeahNoUm\n|j|\u2606congpizza\n|t:|1701040603\n|gametype|singles\n|player|p1|YeahNoUm|beauty-gen4dp|1270\n|player|p2|congpizza|dawn|1306\n|teamsize|p1|6\n|teamsize|p2|6\n|gen|9\n|tier|[Gen 9] National Dex\n|rated|\n|rule|HP Percentage Mod: HP is shown in percentages\n|rule|Endless Battle Clause: Forcing endless battles is banned\n|rule|OHKO Clause: OHKO moves are banned\n|rule|Evasion Clause: Evasion abilities, items, and moves are banned\n|rule|Evasion Abilities Clause: Evasion abilities are banned\n|rule|Evasion Items Clause: Evasion items are banned\n|rule|Evasion Moves Clause: Evasion moves are banned\n|rule|Species Clause: Limit one of each Pok\u00e9mon\n|rule|Sleep Clause Mod: Limit one foe put to sleep\n|clearpoke\n|poke|p1|Kartana|\n|poke|p1|Rillaboom, F|\n|poke|p1|Charizard, F|\n|poke|p1|Heatran, M|\n|poke|p1|Blaziken, F|\n|poke|p1|Breloom, F|\n|poke|p2|Pelipper, F|\n|poke|p2|Greninja-*, M|\n|poke|p2|Swampert, M|\n|poke|p2|Ferrothorn, M|\n|poke|p2|Overqwil, M|\n|poke|p2|Zapdos|\n|teampreview\n|inactive|Battle timer is ON: inactive players will automatically lose when time's up. (requested by congpizza)\n|\n|t:|1701040635\n|start\n|switch|p1a: Blaziken|Blaziken, F|100\/100\n|switch|p2a: \u76d6\u9e25\u5361|Pelipper, F|100\/100\n|-weather|RainDance|[from] ability: Drizzle|[of] p2a: \u76d6\u9e25\u5361\n|turn|1\n|\n|t:|1701040651\n|switch|p1a: Rillaboom|Rillaboom, F|100\/100\n|-fieldstart|move: Grassy Terrain|[from] ability: Grassy Surge|[of] p1a: Rillaboom\n|move|p2a: \u76d6\u9e25\u5361|Weather Ball|p1a: Rillaboom\n|-resisted|p1a: Rillaboom\n|-damage|p1a: Rillaboom|59\/100\n|\n|-weather|RainDance|[upkeep]\n|-heal|p1a: Rillaboom|65\/100|[from] Grassy Terrain\n|-heal|p1a: Rillaboom|72\/100|[from] item: Leftovers\n|upkeep\n|turn|2\n|\n|t:|1701040663\n|switch|p1a: Heatran|Heatran, M|100\/100\n|move|p2a: \u76d6\u9e25\u5361|Hurricane|p1a: Heatran\n|-resisted|p1a: Heatran\n|-damage|p1a: Heatran|76\/100\n|\n|-weather|RainDance|[upkeep]\n|-heal|p1a: Heatran|83\/100|[from] Grassy Terrain\n|upkeep\n|turn|3\n|\n|t:|1701040681\n|-terastallize|p1a: Heatran|Grass\n|move|p1a: Heatran|Flash Cannon|p2a: \u76d6\u9e25\u5361\n|-resisted|p2a: \u76d6\u9e25\u5361\n|-damage|p2a: \u76d6\u9e25\u5361|61\/100\n|move|p2a: \u76d6\u9e25\u5361|Weather Ball|p1a: Heatran\n|-resisted|p1a: Heatran\n|-damage|p1a: Heatran|48\/100\n|\n|-weather|RainDance|[upkeep]\n|-heal|p1a: Heatran|54\/100|[from] Grassy Terrain\n|upkeep\n|turn|4\n|\n|t:|1701040690\n|move|p1a: Heatran|Flash Cannon|p2a: \u76d6\u9e25\u5361\n|-resisted|p2a: \u76d6\u9e25\u5361\n|-damage|p2a: \u76d6\u9e25\u5361|18\/100\n|move|p2a: \u76d6\u9e25\u5361|Hurricane|p1a: Heatran\n|-supereffective|p1a: Heatran\n|-damage|p1a: Heatran|0 fnt\n|faint|p1a: Heatran\n|\n|-weather|RainDance|[upkeep]\n|upkeep\n|\n|t:|1701040697\n|switch|p1a: Kartana|Kartana|100\/100\n|turn|5\n|\n|t:|1701040703\n|switch|p2a: \u4f60\u600e\u4e48\u7761\u5f97\u7740\u7684|Ferrothorn, M|100\/100\n|move|p1a: Kartana|Knock Off|p2a: \u4f60\u600e\u4e48\u7761\u5f97\u7740\u7684\n|-damage|p2a: \u4f60\u600e\u4e48\u7761\u5f97\u7740\u7684|66\/100\n|-damage|p1a: Kartana|88\/100|[from] ability: Iron Barbs|[of] p2a: \u4f60\u600e\u4e48\u7761\u5f97\u7740\u7684\n|-enditem|p2a: \u4f60\u600e\u4e48\u7761\u5f97\u7740\u7684|Chople Berry|[from] move: Knock Off|[of] p1a: Kartana\n|\n|-weather|RainDance|[upkeep]\n|-heal|p1a: Kartana|94\/100|[from] Grassy Terrain\n|-heal|p2a: \u4f60\u600e\u4e48\u7761\u5f97\u7740\u7684|72\/100|[from] Grassy Terrain\n|-fieldend|move: Grassy Terrain\n|upkeep\n|turn|6\n|\n|t:|1701040709\n|switch|p1a: Charizard|Charizard, F|100\/100\n|move|p2a: \u4f60\u600e\u4e48\u7761\u5f97\u7740\u7684|Stealth Rock|p1a: Charizard\n|-sidestart|p1: YeahNoUm|move: Stealth Rock\n|\n|-weather|RainDance|[upkeep]\n|upkeep\n|turn|7\n|\n|t:|1701040717\n|detailschange|p1a: Charizard|Charizard-Mega-Y, F\n|-mega|p1a: Charizard|Charizard|Charizardite Y\n|-weather|SunnyDay|[from] ability: Drought|[of] p1a: Charizard\n|move|p1a: Charizard|Fire Blast|p2a: \u4f60\u600e\u4e48\u7761\u5f97\u7740\u7684\n|-supereffective|p2a: \u4f60\u600e\u4e48\u7761\u5f97\u7740\u7684\n|-damage|p2a: \u4f60\u600e\u4e48\u7761\u5f97\u7740\u7684|0 fnt\n|faint|p2a: \u4f60\u600e\u4e48\u7761\u5f97\u7740\u7684\n|\n|-weather|SunnyDay|[upkeep]\n|upkeep\n|\n|t:|1701040723\n|switch|p2a: \u76d6\u9e25\u5361|Pelipper, F|18\/100\n|-weather|RainDance|[from] ability: Drizzle|[of] p2a: \u76d6\u9e25\u5361\n|turn|8\n|\n|t:|1701040741\n|switch|p2a: \u65e0\u654c\u7684\u516d\u8fb9\u5f62|Swampert, M|100\/100\n|move|p1a: Charizard|Fire Blast|p2a: \u65e0\u654c\u7684\u516d\u8fb9\u5f62\n|-resisted|p2a: \u65e0\u654c\u7684\u516d\u8fb9\u5f62\n|-damage|p2a: \u65e0\u654c\u7684\u516d\u8fb9\u5f62|84\/100\n|\n|-weather|RainDance|[upkeep]\n|upkeep\n|turn|9\n|\n|t:|1701040755\n|switch|p1a: Breloom|Breloom, F|100\/100\n|-damage|p1a: Breloom|94\/100|[from] Stealth Rock\n|detailschange|p2a: \u65e0\u654c\u7684\u516d\u8fb9\u5f62|Swampert-Mega, M\n|-mega|p2a: \u65e0\u654c\u7684\u516d\u8fb9\u5f62|Swampert|Swampertite\n|move|p2a: \u65e0\u654c\u7684\u516d\u8fb9\u5f62|Ice Punch|p1a: Breloom\n|-supereffective|p1a: Breloom\n|-damage|p1a: Breloom|2\/100\n|\n|-weather|RainDance|[upkeep]\n|upkeep\n|turn|10\n|\n|t:|1701040766\n|move|p1a: Breloom|Mach Punch|p2a: \u65e0\u654c\u7684\u516d\u8fb9\u5f62\n|-damage|p2a: \u65e0\u654c\u7684\u516d\u8fb9\u5f62|53\/100\n|move|p2a: \u65e0\u654c\u7684\u516d\u8fb9\u5f62|Waterfall|p1a: Breloom\n|-resisted|p1a: Breloom\n|-damage|p1a: Breloom|0 fnt\n|faint|p1a: Breloom\n|\n|-weather|RainDance|[upkeep]\n|upkeep\n|\n|t:|1701040769\n|switch|p1a: Charizard|Charizard-Mega-Y, F|100\/100\n|-damage|p1a: Charizard|51\/100|[from] Stealth Rock\n|-weather|SunnyDay|[from] ability: Drought|[of] p1a: Charizard\n|turn|11\n|\n|t:|1701040781\n|switch|p2a: \u4f60\u9e1f\u54e5\u8fd8\u662f\u4f60\u9e1f\u54e5|Zapdos|100\/100\n|move|p1a: Charizard|Fire Blast|p2a: \u4f60\u9e1f\u54e5\u8fd8\u662f\u4f60\u9e1f\u54e5\n|-damage|p2a: \u4f60\u9e1f\u54e5\u8fd8\u662f\u4f60\u9e1f\u54e5|0 fnt\n|faint|p2a: \u4f60\u9e1f\u54e5\u8fd8\u662f\u4f60\u9e1f\u54e5\n|\n|-weather|SunnyDay|[upkeep]\n|upkeep\n|\n|t:|1701040787\n|switch|p2a: \u76d6\u9e25\u5361|Pelipper, F|18\/100\n|-weather|RainDance|[from] ability: Drizzle|[of] p2a: \u76d6\u9e25\u5361\n|turn|12\n|\n|t:|1701040794\n|move|p1a: Charizard|Fire Blast|p2a: \u76d6\u9e25\u5361|[miss]\n|-miss|p1a: Charizard|p2a: \u76d6\u9e25\u5361\n|move|p2a: \u76d6\u9e25\u5361|Roost|p2a: \u76d6\u9e25\u5361\n|-heal|p2a: \u76d6\u9e25\u5361|68\/100\n|-singleturn|p2a: \u76d6\u9e25\u5361|move: Roost\n|\n|-weather|RainDance|[upkeep]\n|upkeep\n|turn|13\n|\n|t:|1701040804\n|move|p1a: Charizard|Roost|p1a: Charizard\n|-heal|p1a: Charizard|100\/100\n|-singleturn|p1a: Charizard|move: Roost\n|move|p2a: \u76d6\u9e25\u5361|Hurricane|p1a: Charizard\n|-damage|p1a: Charizard|52\/100\n|\n|-weather|RainDance|[upkeep]\n|upkeep\n|turn|14\n|\n|t:|1701040812\n|switch|p1a: Rillaboom|Rillaboom, F|72\/100\n|-damage|p1a: Rillaboom|59\/100|[from] Stealth Rock\n|-fieldstart|move: Grassy Terrain|[from] ability: Grassy Surge|[of] p1a: Rillaboom\n|move|p2a: \u76d6\u9e25\u5361|Hurricane|p1a: Rillaboom\n|-supereffective|p1a: Rillaboom\n|-crit|p1a: Rillaboom\n|-damage|p1a: Rillaboom|0 fnt\n|faint|p1a: Rillaboom\n|\n|-weather|RainDance|[upkeep]\n|upkeep\n|\n|t:|1701040814\n|switch|p1a: Kartana|Kartana|94\/100\n|-damage|p1a: Kartana|88\/100|[from] Stealth Rock\n|turn|15\n|\n|t:|1701040825\n|switch|p2a: \u65e0\u654c\u7684\u516d\u8fb9\u5f62|Swampert-Mega, M|53\/100\n|move|p1a: Kartana|Leaf Blade|p2a: \u65e0\u654c\u7684\u516d\u8fb9\u5f62\n|-supereffective|p2a: \u65e0\u654c\u7684\u516d\u8fb9\u5f62\n|-damage|p2a: \u65e0\u654c\u7684\u516d\u8fb9\u5f62|0 fnt\n|faint|p2a: \u65e0\u654c\u7684\u516d\u8fb9\u5f62\n|-ability|p1a: Kartana|Beast Boost|boost\n|-boost|p1a: Kartana|atk|1\n|\n|-weather|RainDance|[upkeep]\n|-heal|p1a: Kartana|94\/100|[from] Grassy Terrain\n|upkeep\n|\n|t:|1701040832\n|switch|p2a: \u4efb\u4f55\u7329\u7329\uff0c\u7ec8\u5c06\u7ef3\u4e4b\u4ee5\u6cd5\uff01|Overqwil, M|100\/100\n|turn|16\n|\n|t:|1701040847\n|-zpower|p2a: \u4efb\u4f55\u7329\u7329\uff0c\u7ec8\u5c06\u7ef3\u4e4b\u4ee5\u6cd5\uff01\n|move|p2a: \u4efb\u4f55\u7329\u7329\uff0c\u7ec8\u5c06\u7ef3\u4e4b\u4ee5\u6cd5\uff01|Black Hole Eclipse|p1a: Kartana|[zeffect]\n|-damage|p1a: Kartana|5\/100\n|move|p1a: Kartana|Leaf Blade|p2a: \u4efb\u4f55\u7329\u7329\uff0c\u7ec8\u5c06\u7ef3\u4e4b\u4ee5\u6cd5\uff01\n|-resisted|p2a: \u4efb\u4f55\u7329\u7329\uff0c\u7ec8\u5c06\u7ef3\u4e4b\u4ee5\u6cd5\uff01\n|-damage|p2a: \u4efb\u4f55\u7329\u7329\uff0c\u7ec8\u5c06\u7ef3\u4e4b\u4ee5\u6cd5\uff01|31\/100\n|\n|-weather|RainDance|[upkeep]\n|-heal|p2a: \u4efb\u4f55\u7329\u7329\uff0c\u7ec8\u5c06\u7ef3\u4e4b\u4ee5\u6cd5\uff01|37\/100|[from] Grassy Terrain\n|-heal|p1a: Kartana|11\/100|[from] Grassy Terrain\n|upkeep\n|turn|17\n|\n|t:|1701040859\n|move|p2a: \u4efb\u4f55\u7329\u7329\uff0c\u7ec8\u5c06\u7ef3\u4e4b\u4ee5\u6cd5\uff01|Crunch|p1a: Kartana\n|-damage|p1a: Kartana|0 fnt\n|faint|p1a: Kartana\n|\n|-weather|RainDance|[upkeep]\n|-heal|p2a: \u4efb\u4f55\u7329\u7329\uff0c\u7ec8\u5c06\u7ef3\u4e4b\u4ee5\u6cd5\uff01|43\/100|[from] Grassy Terrain\n|upkeep\n|\n|t:|1701040867\n|switch|p1a: Charizard|Charizard-Mega-Y, F|52\/100\n|-damage|p1a: Charizard|2\/100|[from] Stealth Rock\n|-weather|SunnyDay|[from] ability: Drought|[of] p1a: Charizard\n|turn|18\n|\n|t:|1701040875\n|switch|p2a: \u76d6\u9e25\u5361|Pelipper, F|68\/100\n|-weather|RainDance|[from] ability: Drizzle|[of] p2a: \u76d6\u9e25\u5361\n|move|p1a: Charizard|Roost|p1a: Charizard\n|-heal|p1a: Charizard|52\/100\n|-singleturn|p1a: Charizard|move: Roost\n|\n|-weather|RainDance|[upkeep]\n|-heal|p1a: Charizard|58\/100|[from] Grassy Terrain\n|-fieldend|move: Grassy Terrain\n|upkeep\n|turn|19\n|\n|t:|1701040885\n|move|p1a: Charizard|Fire Blast|p2a: \u76d6\u9e25\u5361\n|-resisted|p2a: \u76d6\u9e25\u5361\n|-crit|p2a: \u76d6\u9e25\u5361\n|-damage|p2a: \u76d6\u9e25\u5361|22\/100\n|-status|p2a: \u76d6\u9e25\u5361|brn\n|move|p2a: \u76d6\u9e25\u5361|Weather Ball|p1a: Charizard\n|-supereffective|p1a: Charizard\n|-damage|p1a: Charizard|0 fnt\n|faint|p1a: Charizard\n|\n|-weather|RainDance|[upkeep]\n|-damage|p2a: \u76d6\u9e25\u5361|16\/100 brn|[from] brn\n|upkeep\n|\n|t:|1701040891\n|switch|p1a: Blaziken|Blaziken, F|100\/100\n|-damage|p1a: Blaziken|88\/100|[from] Stealth Rock\n|turn|20\n|\n|t:|1701040896\n|move|p1a: Blaziken|Flare Blitz|p2a: \u76d6\u9e25\u5361\n|-resisted|p2a: \u76d6\u9e25\u5361\n|-damage|p2a: \u76d6\u9e25\u5361|0 fnt\n|faint|p2a: \u76d6\u9e25\u5361\n|-damage|p1a: Blaziken|84\/100|[from] Recoil\n|\n|-weather|RainDance|[upkeep]\n|-ability|p1a: Blaziken|Speed Boost|boost\n|-boost|p1a: Blaziken|spe|1\n|upkeep\n|\n|t:|1701040899\n|switch|p2a: \u4efb\u4f55\u7329\u7329\uff0c\u7ec8\u5c06\u7ef3\u4e4b\u4ee5\u6cd5\uff01|Overqwil, M|43\/100\n|turn|21\n|\n|t:|1701040905\n|move|p1a: Blaziken|Protect|p1a: Blaziken\n|-singleturn|p1a: Blaziken|Protect\n|move|p2a: \u4efb\u4f55\u7329\u7329\uff0c\u7ec8\u5c06\u7ef3\u4e4b\u4ee5\u6cd5\uff01|Destiny Bond|p2a: \u4efb\u4f55\u7329\u7329\uff0c\u7ec8\u5c06\u7ef3\u4e4b\u4ee5\u6cd5\uff01\n|-singlemove|p2a: \u4efb\u4f55\u7329\u7329\uff0c\u7ec8\u5c06\u7ef3\u4e4b\u4ee5\u6cd5\uff01|Destiny Bond\n|\n|-weather|RainDance|[upkeep]\n|-ability|p1a: Blaziken|Speed Boost|boost\n|-boost|p1a: Blaziken|spe|1\n|upkeep\n|turn|22\n|\n|t:|1701040916\n|move|p2a: \u4efb\u4f55\u7329\u7329\uff0c\u7ec8\u5c06\u7ef3\u4e4b\u4ee5\u6cd5\uff01|Liquidation|p1a: Blaziken\n|-supereffective|p1a: Blaziken\n|-damage|p1a: Blaziken|0 fnt\n|faint|p1a: Blaziken\n|\n|win|congpizza\n|raw|YeahNoUm's rating: 1270 &rarr; <strong>1248<\/strong><br \/>(-22 for losing)\n|raw|congpizza's rating: 1306 &rarr; <strong>1324<\/strong><br \/>(+18 for winning)\n|l|\u2606YeahNoUm\n","uploadtime":1701040924,"views":15,"p1id":"yeahnoum","p2id":"congpizza","formatid":"gen9nationaldex","rating":1248,"private":0,"password":""}