{"id":"gen9nationaldex-1996710709","p1":"TyrAlexander","p2":"terrysalt","format":"[Gen 9] National Dex","log":"|html|<div class=\"broadcast-blue\"><strong>[Gen 9] National Dex is currently suspecting Sneasler! For information on how to participate check out the <a href=\"https:\/\/www.smogon.com\/forums\/threads\/sv-national-dex-suspect-8-just-dance.3731534\/\">suspect thread<\/a>.<\/strong><\/div>\n|j|\u2606TyrAlexander\n|j|\u2606terrysalt\n|t:|1700712898\n|gametype|singles\n|player|p1|TyrAlexander|170|\n|player|p2|terrysalt|169|\n|teamsize|p1|6\n|teamsize|p2|6\n|gen|9\n|tier|[Gen 9] National Dex\n|rule|HP Percentage Mod: HP is shown in percentages\n|rule|Endless Battle Clause: Forcing endless battles is banned\n|rule|OHKO Clause: OHKO moves are banned\n|rule|Evasion Clause: Evasion abilities, items, and moves are banned\n|rule|Evasion Abilities Clause: Evasion abilities are banned\n|rule|Evasion Items Clause: Evasion items are banned\n|rule|Evasion Moves Clause: Evasion moves are banned\n|rule|Species Clause: Limit one of each Pok\u00e9mon\n|rule|Sleep Clause Mod: Limit one foe put to sleep\n|clearpoke\n|poke|p1|Tangrowth, F|\n|poke|p1|Hatterene, F|\n|poke|p1|Victini|\n|poke|p1|Porygon2|\n|poke|p1|Marowak, F|\n|poke|p1|Steelix, M|\n|poke|p2|Kangaskhan, F|\n|poke|p2|Coalossal, F|\n|poke|p2|Persian-Alola, F|\n|poke|p2|Rotom|\n|poke|p2|Shiftry, M|\n|poke|p2|Jynx, F|\n|teampreview\n|\n|t:|1700712943\n|start\n|switch|p1a: Porygon2|Porygon2|100\/100\n|switch|p2a: Coalossal|Coalossal, F|100\/100\n|-ability|p1a: Porygon2|Flame Body|[from] ability: Trace|[of] p2a: Coalossal\n|turn|1\n|\n|t:|1700712960\n|move|p1a: Porygon2|Ice Beam|p2a: Coalossal\n|-resisted|p2a: Coalossal\n|-damage|p2a: Coalossal|94\/100\n|move|p2a: Coalossal|Stealth Rock|p1a: Porygon2\n|-sidestart|p1: TyrAlexander|move: Stealth Rock\n|\n|upkeep\n|turn|2\n|\n|t:|1700712978\n|move|p1a: Porygon2|Ice Beam|p2a: Coalossal\n|-resisted|p2a: Coalossal\n|-damage|p2a: Coalossal|88\/100\n|move|p2a: Coalossal|Flamethrower|p1a: Porygon2\n|-damage|p1a: Porygon2|84\/100\n|\n|upkeep\n|turn|3\n|\n|t:|1700713006\n|switch|p2a: Kangaskhan|Kangaskhan, F|100\/100\n|move|p1a: Porygon2|Teleport|p1a: Porygon2\n|\n|t:|1700713013\n|switch|p1a: Victini|Victini|100\/100|[from] Teleport\n|-damage|p1a: Victini|76\/100|[from] Stealth Rock\n|\n|upkeep\n|turn|4\n|\n|t:|1700713020\n|move|p2a: Kangaskhan|Fake Out|p1a: Victini\n|-damage|p1a: Victini|58\/100\n|cant|p1a: Victini|flinch\n|\n|upkeep\n|turn|5\n|\n|t:|1700713048\n|move|p2a: Kangaskhan|Sucker Punch|p1a: Victini\n|-supereffective|p1a: Victini\n|-damage|p1a: Victini|28\/100\n|move|p1a: Victini|V-create|p2a: Kangaskhan\n|-damage|p2a: Kangaskhan|0 fnt\n|-unboost|p1a: Victini|spe|1\n|-unboost|p1a: Victini|def|1\n|-unboost|p1a: Victini|spd|1\n|faint|p2a: Kangaskhan\n|\n|upkeep\n|\n|t:|1700713060\n|switch|p2a: Coalossal|Coalossal, F|88\/100\n|turn|6\n|\n|t:|1700713075\n|switch|p1a: Marowak|Marowak, F|100\/100\n|-damage|p1a: Marowak|94\/100|[from] Stealth Rock\n|move|p2a: Coalossal|Power Gem|p1a: Marowak\n|-resisted|p1a: Marowak\n|-damage|p1a: Marowak|79\/100\n|\n|upkeep\n|turn|7\n|\n|t:|1700713085\n|switch|p2a: Rotom|Rotom|100\/100\n|move|p1a: Marowak|Earthquake|p2a: Rotom\n|-immune|p2a: Rotom|[from] ability: Levitate\n|\n|upkeep\n|turn|8\n|\n|t:|1700713098\n|move|p2a: Rotom|Shadow Ball|p1a: Marowak\n|-damage|p1a: Marowak|33\/100\n|move|p1a: Marowak|Fire Punch|p2a: Rotom\n|-damage|p2a: Rotom|28\/100\n|\n|upkeep\n|turn|9\n|\n|t:|1700713105\n|move|p2a: Rotom|Shadow Ball|p1a: Marowak\n|-damage|p1a: Marowak|0 fnt\n|faint|p1a: Marowak\n|\n|upkeep\n|\n|t:|1700713115\n|switch|p1a: Steelix|Steelix, M|100\/100\n|turn|10\n|\n|t:|1700713133\n|move|p2a: Rotom|Shadow Ball|p1a: Steelix\n|-damage|p1a: Steelix|44\/100\n|-unboost|p1a: Steelix|spd|1\n|move|p1a: Steelix|Toxic|p2a: Rotom\n|-status|p2a: Rotom|tox\n|\n|-damage|p2a: Rotom|22\/100 tox|[from] psn\n|upkeep\n|turn|11\n|\n|t:|1700713150\n|move|p2a: Rotom|Shadow Ball|p1a: Steelix\n|-damage|p1a: Steelix|0 fnt\n|faint|p1a: Steelix\n|\n|-damage|p2a: Rotom|9\/100 tox|[from] psn\n|upkeep\n|\n|t:|1700713156\n|switch|p1a: Hatterene|Hatterene, F|100\/100\n|-damage|p1a: Hatterene|88\/100|[from] Stealth Rock\n|turn|12\n|\n|t:|1700713163\n|move|p2a: Rotom|Shadow Ball|p1a: Hatterene\n|-supereffective|p1a: Hatterene\n|-damage|p1a: Hatterene|22\/100\n|move|p1a: Hatterene|Dazzling Gleam|p2a: Rotom\n|-damage|p2a: Rotom|0 fnt\n|faint|p2a: Rotom\n|\n|upkeep\n|\n|t:|1700713171\n|switch|p2a: Persian|Persian-Alola, F|100\/100\n|turn|13\n|\n|t:|1700713178\n|switch|p1a: Tangrowth|Tangrowth, F|100\/100\n|-damage|p1a: Tangrowth|88\/100|[from] Stealth Rock\n|move|p2a: Persian|Knock Off|p1a: Tangrowth\n|-damage|p1a: Tangrowth|77\/100\n|\n|upkeep\n|turn|14\n|\n|t:|1700713188\n|move|p2a: Persian|Toxic|p1a: Tangrowth\n|-status|p1a: Tangrowth|tox\n|-zpower|p1a: Tangrowth\n|move|p1a: Tangrowth|Bloom Doom|p2a: Persian|[zeffect]\n|-damage|p2a: Persian|35\/100\n|\n|-damage|p1a: Tangrowth|71\/100 tox|[from] psn\n|upkeep\n|turn|15\n|\n|t:|1700713205\n|move|p2a: Persian|Parting Shot|p1a: Tangrowth\n|-unboost|p1a: Tangrowth|atk|1\n|-unboost|p1a: Tangrowth|spa|1\n|\n|t:|1700713209\n|switch|p2a: Coalossal|Coalossal, F|88\/100|[from] Parting Shot\n|move|p1a: Tangrowth|Earthquake|p2a: Coalossal\n|-supereffective|p2a: Coalossal\n|-damage|p2a: Coalossal|29\/100\n|\n|-damage|p1a: Tangrowth|59\/100 tox|[from] psn\n|upkeep\n|turn|16\n|\n|t:|1700713219\n|move|p1a: Tangrowth|Earthquake|p2a: Coalossal\n|-supereffective|p2a: Coalossal\n|-damage|p2a: Coalossal|0 fnt\n|faint|p2a: Coalossal\n|\n|-damage|p1a: Tangrowth|40\/100 tox|[from] psn\n|upkeep\n|\n|t:|1700713227\n|switch|p2a: Shiftry|Shiftry, M|100\/100\n|turn|17\n|\n|t:|1700713237\n|move|p2a: Shiftry|Knock Off|p1a: Tangrowth\n|-damage|p1a: Tangrowth|13\/100 tox\n|-damage|p2a: Shiftry|91\/100|[from] item: Life Orb\n|move|p1a: Tangrowth|Rock Slide|p2a: Shiftry\n|-damage|p2a: Shiftry|61\/100\n|\n|-damage|p1a: Tangrowth|0 fnt|[from] psn\n|faint|p1a: Tangrowth\n|upkeep\n|\n|t:|1700713246\n|switch|p1a: Victini|Victini|28\/100\n|-damage|p1a: Victini|3\/100|[from] Stealth Rock\n|turn|18\n|\n|t:|1700713251\n|move|p2a: Shiftry|Sucker Punch|p1a: Victini\n|-supereffective|p1a: Victini\n|-damage|p1a: Victini|0 fnt\n|faint|p1a: Victini\n|-damage|p2a: Shiftry|51\/100|[from] item: Life Orb\n|\n|upkeep\n|\n|t:|1700713256\n|switch|p1a: Porygon2|Porygon2|84\/100\n|-damage|p1a: Porygon2|71\/100|[from] Stealth Rock\n|-ability|p1a: Porygon2|Chlorophyll|[from] ability: Trace|[of] p2a: Shiftry\n|turn|19\n|\n|t:|1700713272\n|move|p2a: Shiftry|Knock Off|p1a: Porygon2\n|-damage|p1a: Porygon2|41\/100\n|-enditem|p1a: Porygon2|Eviolite|[from] move: Knock Off|[of] p2a: Shiftry\n|-damage|p2a: Shiftry|41\/100|[from] item: Life Orb\n|move|p1a: Porygon2|Ice Beam|p2a: Shiftry\n|-supereffective|p2a: Shiftry\n|-damage|p2a: Shiftry|0 fnt\n|faint|p2a: Shiftry\n|\n|upkeep\n|\n|t:|1700713289\n|switch|p2a: Jynx|Jynx, F|100\/100\n|turn|20\n|\n|t:|1700713298\n|-terastallize|p2a: Jynx|Ice\n|move|p2a: Jynx|Ice Beam|p1a: Porygon2\n|-damage|p1a: Porygon2|0 fnt\n|faint|p1a: Porygon2\n|\n|upkeep\n|\n|t:|1700713304\n|switch|p1a: Hatterene|Hatterene, F|22\/100\n|-damage|p1a: Hatterene|10\/100|[from] Stealth Rock\n|turn|21\n|\n|t:|1700713309\n|move|p2a: Jynx|Ice Beam|p1a: Hatterene\n|-crit|p1a: Hatterene\n|-damage|p1a: Hatterene|0 fnt\n|faint|p1a: Hatterene\n|\n|win|terrysalt\n|c|\u2606TyrAlexander|gg\n|c|\u2606terrysalt|gg\n","uploadtime":1700713317,"views":2,"p1id":"tyralexander","p2id":"terrysalt","formatid":"gen9nationaldex","rating":0,"private":0,"password":""}