{"id":"gen9nationaldex-1993382132","p1":"zgynb","p2":"kouzhu2","format":"[Gen 9] National Dex","log":"|j|\u2606zgynb\n|j|\u2606kouzhu2\n|t:|1700309628\n|gametype|singles\n|player|p1|zgynb|101|1141\n|player|p2|kouzhu2|169|1261\n|teamsize|p1|6\n|teamsize|p2|6\n|gen|9\n|tier|[Gen 9] National Dex\n|rated|\n|rule|HP Percentage Mod: HP is shown in percentages\n|rule|Endless Battle Clause: Forcing endless battles is banned\n|rule|OHKO Clause: OHKO moves are banned\n|rule|Evasion Clause: Evasion abilities, items, and moves are banned\n|rule|Evasion Abilities Clause: Evasion abilities are banned\n|rule|Evasion Items Clause: Evasion items are banned\n|rule|Evasion Moves Clause: Evasion moves are banned\n|rule|Species Clause: Limit one of each Pok\u00e9mon\n|rule|Sleep Clause Mod: Limit one foe put to sleep\n|clearpoke\n|poke|p1|Golisopod, F|\n|poke|p1|Hoopa-Unbound|\n|poke|p1|Zapdos|\n|poke|p1|Landorus-Therian, M|\n|poke|p1|Heatran, F|\n|poke|p1|Scizor, F|\n|poke|p2|Gardevoir, F|\n|poke|p2|Landorus-Therian, M|\n|poke|p2|Magnezone|\n|poke|p2|Rillaboom, M|\n|poke|p2|Sneasler, F|\n|poke|p2|Samurott-Hisui, F|\n|teampreview\n|inactive|Battle timer is ON: inactive players will automatically lose when time's up. (requested by zgynb)\n|\n|t:|1700309643\n|start\n|switch|p1a: Scizor|Scizor, F|100\/100\n|switch|p2a: Magnezone|Magnezone|100\/100\n|turn|1\n|\n|t:|1700309651\n|detailschange|p1a: Scizor|Scizor-Mega, F\n|-mega|p1a: Scizor|Scizor|Scizorite\n|move|p2a: Magnezone|Hidden Power|p1a: Scizor\n|-supereffective|p1a: Scizor\n|-damage|p1a: Scizor|8\/100\n|move|p1a: Scizor|U-turn|p2a: Magnezone\n|-resisted|p2a: Magnezone\n|-damage|p2a: Magnezone|78\/100\n|\n|t:|1700309661\n|switch|p1a: Heatran|Heatran, F|100\/100|[from] U-turn\n|\n|upkeep\n|turn|2\n|\n|t:|1700309670\n|move|p2a: Magnezone|Thunderbolt|p1a: Heatran\n|-damage|p1a: Heatran|68\/100\n|move|p1a: Heatran|Magma Storm|p2a: Magnezone\n|-supereffective|p2a: Magnezone\n|-damage|p2a: Magnezone|0 fnt\n|faint|p2a: Magnezone\n|\n|-heal|p1a: Heatran|74\/100|[from] item: Leftovers\n|upkeep\n|\n|t:|1700309675\n|switch|p2a: Samurott|Samurott-Hisui, F|100\/100\n|turn|3\n|\n|t:|1700309688\n|switch|p2a: Gardevoir|Gardevoir, F|100\/100\n|-ability|p2a: Gardevoir|Flash Fire|[from] ability: Trace|[of] p1a: Heatran\n|switch|p1a: Zapdos|Zapdos|100\/100\n|\n|upkeep\n|turn|4\n|\n|t:|1700309701\n|switch|p1a: Heatran|Heatran, F|74\/100\n|detailschange|p2a: Gardevoir|Gardevoir-Mega, F\n|-mega|p2a: Gardevoir|Gardevoir|Gardevoirite\n|move|p2a: Gardevoir|Hidden Power|p1a: Heatran\n|-supereffective|p1a: Heatran\n|-crit|p1a: Heatran\n|-damage|p1a: Heatran|0 fnt\n|faint|p1a: Heatran\n|\n|upkeep\n|c|\u2606zgynb|666\n|\n|t:|1700309722\n|switch|p1a: Landorus|Landorus-Therian, M, shiny|100\/100\n|-ability|p1a: Landorus|Intimidate|boost\n|-unboost|p2a: Gardevoir|atk|1\n|turn|5\n|\n|t:|1700309732\n|move|p2a: Gardevoir|Hyper Voice|p1a: Landorus\n|-damage|p1a: Landorus|55\/100\n|move|p1a: Landorus|U-turn|p2a: Gardevoir\n|-damage|p2a: Gardevoir|51\/100\n|\n|t:|1700309737\n|switch|p1a: Scizor|Scizor-Mega, F|8\/100|[from] U-turn\n|\n|upkeep\n|turn|6\n|\n|t:|1700309742\n|switch|p2a: Landorus|Landorus-Therian, M|100\/100\n|-ability|p2a: Landorus|Intimidate|boost\n|-unboost|p1a: Scizor|atk|1\n|move|p1a: Scizor|U-turn|p2a: Landorus\n|-resisted|p2a: Landorus\n|-damage|p2a: Landorus|91\/100\n|-damage|p1a: Scizor|0 fnt|[from] item: Rocky Helmet|[of] p2a: Landorus\n|faint|p1a: Scizor\n|\n|upkeep\n|\n|t:|1700309754\n|switch|p1a: Zapdos|Zapdos|100\/100\n|turn|7\n|\n|t:|1700309759\n|move|p1a: Zapdos|Hidden Power|p2a: Landorus\n|-supereffective|p2a: Landorus\n|-damage|p2a: Landorus|17\/100\n|move|p2a: Landorus|Stealth Rock|p1a: Zapdos\n|-sidestart|p1: zgynb|move: Stealth Rock\n|\n|upkeep\n|turn|8\n|\n|t:|1700309766\n|move|p1a: Zapdos|Defog|p2a: Landorus\n|-unboost|p2a: Landorus|evasion|1\n|-sideend|p1: zgynb|Stealth Rock|[from] move: Defog|[of] p1a: Zapdos\n|move|p2a: Landorus|U-turn|p1a: Zapdos\n|-resisted|p1a: Zapdos\n|-damage|p1a: Zapdos|92\/100\n|\n|t:|1700309769\n|switch|p2a: Gardevoir|Gardevoir-Mega, F|51\/100|[from] U-turn\n|\n|upkeep\n|turn|9\n|\n|t:|1700309784\n|switch|p1a: Landorus|Landorus-Therian, M, shiny|55\/100\n|-ability|p1a: Landorus|Intimidate|boost\n|-unboost|p2a: Gardevoir|atk|1\n|move|p2a: Gardevoir|Hyper Voice|p1a: Landorus\n|-damage|p1a: Landorus|11\/100\n|\n|upkeep\n|turn|10\n|\n|t:|1700309792\n|move|p2a: Gardevoir|Hyper Voice|p1a: Landorus\n|-damage|p1a: Landorus|0 fnt\n|faint|p1a: Landorus\n|\n|upkeep\n|\n|t:|1700309798\n|switch|p1a: Golisopod|Golisopod, F, shiny|100\/100\n|turn|11\n|\n|t:|1700309803\n|switch|p2a: Landorus|Landorus-Therian, M|17\/100\n|-ability|p2a: Landorus|Intimidate|boost\n|-unboost|p1a: Golisopod|atk|1\n|move|p1a: Golisopod|First Impression|p2a: Landorus\n|-resisted|p2a: Landorus\n|-damage|p2a: Landorus|5\/100\n|-damage|p1a: Golisopod|84\/100|[from] item: Rocky Helmet|[of] p2a: Landorus\n|\n|upkeep\n|turn|12\n|\n|t:|1700309812\n|move|p1a: Golisopod|Aqua Jet|p2a: Landorus\n|-supereffective|p2a: Landorus\n|-damage|p2a: Landorus|0 fnt\n|-damage|p1a: Golisopod|67\/100|[from] item: Rocky Helmet|[of] p2a: Landorus\n|faint|p2a: Landorus\n|\n|upkeep\n|\n|t:|1700309814\n|switch|p2a: Gardevoir|Gardevoir-Mega, F|51\/100\n|turn|13\n|\n|t:|1700309821\n|-terastallize|p1a: Golisopod|Water\n|move|p1a: Golisopod|Aqua Jet|p2a: Gardevoir\n|-damage|p2a: Gardevoir|17\/100\n|move|p2a: Gardevoir|Hyper Voice|p1a: Golisopod\n|-damage|p1a: Golisopod|0 fnt\n|faint|p1a: Golisopod\n|\n|upkeep\n|-message|zgynb forfeited.\n|\n|win|kouzhu2\n|raw|zgynb's rating: 1121 &rarr; <strong>1106<\/strong><br \/>(-15 for losing)\n|raw|kouzhu2's rating: 1261 &rarr; <strong>1276<\/strong><br \/>(+15 for winning)\n|l|\u2606zgynb\n","uploadtime":1700309844,"views":6,"p1id":"zgynb","p2id":"kouzhu2","formatid":"gen9nationaldex","rating":1106,"private":0,"password":""}