{"id":"gen9nationaldex-1999698920","p1":"Sleym","p2":"HuntixL","format":"[Gen 9] National Dex","log":"|html|<div class=\"broadcast-blue\"><strong>[Gen 9] National Dex is currently suspecting Sneasler! For information on how to participate check out the <a href=\"https:\/\/www.smogon.com\/forums\/threads\/sv-national-dex-suspect-8-just-dance.3731534\/\">suspect thread<\/a>.<\/strong><\/div>\n|j|\u2606Sleym\n|j|\u2606HuntixL\n|t:|1701108872\n|gametype|singles\n|player|p1|Sleym|cynthia|\n|player|p2|HuntixL|erika|\n|teamsize|p1|6\n|teamsize|p2|6\n|gen|9\n|tier|[Gen 9] National Dex\n|rule|HP Percentage Mod: HP is shown in percentages\n|rule|Endless Battle Clause: Forcing endless battles is banned\n|rule|OHKO Clause: OHKO moves are banned\n|rule|Evasion Clause: Evasion abilities, items, and moves are banned\n|rule|Evasion Abilities Clause: Evasion abilities are banned\n|rule|Evasion Items Clause: Evasion items are banned\n|rule|Evasion Moves Clause: Evasion moves are banned\n|rule|Species Clause: Limit one of each Pok\u00e9mon\n|rule|Sleep Clause Mod: Limit one foe put to sleep\n|clearpoke\n|poke|p1|Blissey, F|\n|poke|p1|Scream Tail|\n|poke|p1|Lurantis, F|\n|poke|p1|Milotic, F|\n|poke|p1|Medicham, M|\n|poke|p1|Tinkaton, F|\n|poke|p2|Dondozo, M|\n|poke|p2|Carracosta, M|\n|poke|p2|Heracross, F|\n|poke|p2|Greninja-*, M|\n|poke|p2|Tangrowth, F|\n|poke|p2|Salamence, M|\n|teampreview\n|\n|t:|1701108883\n|start\n|switch|p1a: Lorry|Lurantis, F|100\/100\n|switch|p2a: \u0413\u043e\u043d\u0437\u043e|Dondozo, M|100\/100\n|turn|1\n|\n|t:|1701108902\n|move|p2a: \u0413\u043e\u043d\u0437\u043e|Hydro Pump|p1a: Lorry\n|-resisted|p1a: Lorry\n|-damage|p1a: Lorry|83\/100\n|move|p1a: Lorry|Poison Jab|p2a: \u0413\u043e\u043d\u0437\u043e\n|-damage|p2a: \u0413\u043e\u043d\u0437\u043e|83\/100\n|-status|p2a: \u0413\u043e\u043d\u0437\u043e|psn\n|\n|-heal|p2a: \u0413\u043e\u043d\u0437\u043e|90\/100 psn|[from] item: Leftovers\n|-damage|p2a: \u0413\u043e\u043d\u0437\u043e|77\/100 psn|[from] psn\n|upkeep\n|turn|2\n|\n|t:|1701108914\n|move|p2a: \u0413\u043e\u043d\u0437\u043e|Aqua Tail|p1a: Lorry\n|-resisted|p1a: Lorry\n|-damage|p1a: Lorry|59\/100\n|-damage|p2a: \u0413\u043e\u043d\u0437\u043e|61\/100 psn|[from] item: Rocky Helmet|[of] p1a: Lorry\n|move|p1a: Lorry|Leaf Blade|p2a: \u0413\u043e\u043d\u0437\u043e\n|-supereffective|p2a: \u0413\u043e\u043d\u0437\u043e\n|-damage|p2a: \u0413\u043e\u043d\u0437\u043e|9\/100 psn\n|\n|-heal|p2a: \u0413\u043e\u043d\u0437\u043e|15\/100 psn|[from] item: Leftovers\n|-damage|p2a: \u0413\u043e\u043d\u0437\u043e|3\/100 psn|[from] psn\n|upkeep\n|turn|3\n|\n|t:|1701108929\n|move|p2a: \u0413\u043e\u043d\u0437\u043e|Hydro Pump|p1a: Lorry|[miss]\n|-miss|p2a: \u0413\u043e\u043d\u0437\u043e|p1a: Lorry\n|move|p1a: Lorry|Poison Jab|p2a: \u0413\u043e\u043d\u0437\u043e\n|-damage|p2a: \u0413\u043e\u043d\u0437\u043e|0 fnt\n|faint|p2a: \u0413\u043e\u043d\u0437\u043e\n|\n|upkeep\n|\n|t:|1701108973\n|switch|p2a: Heracross|Heracross, F|100\/100\n|turn|4\n|\n|t:|1701108979\n|move|p2a: Heracross|Megahorn|p1a: Lorry\n|-supereffective|p1a: Lorry\n|-damage|p1a: Lorry|0 fnt\n|-damage|p2a: Heracross|84\/100|[from] item: Rocky Helmet|[of] p1a: Lorry\n|faint|p1a: Lorry\n|\n|upkeep\n|\n|t:|1701108987\n|switch|p1a: Allah babah|Scream Tail|100\/100\n|turn|5\n|\n|t:|1701109014\n|move|p1a: Allah babah|Psychic Fangs|p2a: Heracross\n|-supereffective|p2a: Heracross\n|-damage|p2a: Heracross|27\/100\n|move|p2a: Heracross|Counter|p1a: Allah babah\n|-damage|p1a: Allah babah|0 fnt\n|faint|p1a: Allah babah\n|-end|p1a: Allah babah|Protosynthesis|[silent]\n|\n|upkeep\n|\n|t:|1701109029\n|switch|p1a: Tinkaton|Tinkaton, F|100\/100\n|-ability|p1a: Tinkaton|Mold Breaker\n|turn|6\n|\n|t:|1701109035\n|move|p1a: Tinkaton|Fake Out|p2a: Heracross\n|-damage|p2a: Heracross|17\/100\n|cant|p2a: Heracross|flinch\n|\n|upkeep\n|turn|7\n|\n|t:|1701109045\n|detailschange|p2a: Heracross|Heracross-Mega, F\n|-mega|p2a: Heracross|Heracross|Heracronite\n|move|p1a: Tinkaton|Fake Out||[still]\n|-hint|Fake Out only works on your first turn out.\n|-fail|p1a: Tinkaton\n|move|p2a: Heracross|Counter||[still]\n|-fail|p2a: Heracross\n|\n|upkeep\n|turn|8\n|\n|t:|1701109058\n|move|p1a: Tinkaton|Play Rough|p2a: Heracross\n|-supereffective|p2a: Heracross\n|-damage|p2a: Heracross|0 fnt\n|faint|p2a: Heracross\n|\n|upkeep\n|\n|t:|1701109076\n|switch|p2a: Greninja|Greninja, M|100\/100\n|turn|9\n|\n|t:|1701109081\n|move|p2a: Greninja|Night Slash|p1a: Tinkaton\n|-resisted|p1a: Tinkaton\n|-damage|p1a: Tinkaton|90\/100\n|move|p1a: Tinkaton|Play Rough|p2a: Greninja\n|-supereffective|p2a: Greninja\n|-damage|p2a: Greninja|21\/100\n|\n|-heal|p2a: Greninja|28\/100|[from] item: Leftovers\n|-heal|p1a: Tinkaton|96\/100|[from] item: Leftovers\n|upkeep\n|turn|10\n|\n|t:|1701109128\n|switch|p2a: \u0421\u0430\u043b\u044f\u043c\u0438|Salamence, M|100\/100\n|-ability|p2a: \u0421\u0430\u043b\u044f\u043c\u0438|Intimidate|boost\n|-unboost|p1a: Tinkaton|atk|1\n|move|p1a: Tinkaton|Play Rough|p2a: \u0421\u0430\u043b\u044f\u043c\u0438\n|-supereffective|p2a: \u0421\u0430\u043b\u044f\u043c\u0438\n|-damage|p2a: \u0421\u0430\u043b\u044f\u043c\u0438|63\/100\n|\n|-heal|p2a: \u0421\u0430\u043b\u044f\u043c\u0438|70\/100|[from] item: Leftovers\n|-heal|p1a: Tinkaton|100\/100|[from] item: Leftovers\n|upkeep\n|turn|11\n|\n|t:|1701109143\n|move|p2a: \u0421\u0430\u043b\u044f\u043c\u0438|Outrage|p1a: Tinkaton\n|-immune|p1a: Tinkaton\n|move|p1a: Tinkaton|Play Rough|p2a: \u0421\u0430\u043b\u044f\u043c\u0438\n|-supereffective|p2a: \u0421\u0430\u043b\u044f\u043c\u0438\n|-damage|p2a: \u0421\u0430\u043b\u044f\u043c\u0438|36\/100\n|-unboost|p2a: \u0421\u0430\u043b\u044f\u043c\u0438|atk|1\n|\n|-heal|p2a: \u0421\u0430\u043b\u044f\u043c\u0438|42\/100|[from] item: Leftovers\n|upkeep\n|turn|12\n|\n|t:|1701109155\n|move|p2a: \u0421\u0430\u043b\u044f\u043c\u0438|Air Slash|p1a: Tinkaton\n|-resisted|p1a: Tinkaton\n|-damage|p1a: Tinkaton|85\/100\n|move|p1a: Tinkaton|Play Rough|p2a: \u0421\u0430\u043b\u044f\u043c\u0438\n|-supereffective|p2a: \u0421\u0430\u043b\u044f\u043c\u0438\n|-damage|p2a: \u0421\u0430\u043b\u044f\u043c\u0438|5\/100\n|\n|-heal|p2a: \u0421\u0430\u043b\u044f\u043c\u0438|11\/100|[from] item: Leftovers\n|-heal|p1a: Tinkaton|91\/100|[from] item: Leftovers\n|upkeep\n|turn|13\n|\n|t:|1701109166\n|switch|p2a: \u041b\u0430\u043a\u043e\u0441\u0442\u0430|Carracosta, M|100\/100\n|move|p1a: Tinkaton|Play Rough|p2a: \u041b\u0430\u043a\u043e\u0441\u0442\u0430\n|-damage|p2a: \u041b\u0430\u043a\u043e\u0441\u0442\u0430|82\/100\n|\n|-heal|p1a: Tinkaton|97\/100|[from] item: Leftovers\n|-heal|p2a: \u041b\u0430\u043a\u043e\u0441\u0442\u0430|88\/100|[from] item: Leftovers\n|upkeep\n|turn|14\n|\n|t:|1701109177\n|switch|p1a: Udarnik|Medicham, M|100\/100\n|move|p2a: \u041b\u0430\u043a\u043e\u0441\u0442\u0430|Body Slam|p1a: Udarnik\n|-damage|p1a: Udarnik|66\/100\n|\n|-heal|p2a: \u041b\u0430\u043a\u043e\u0441\u0442\u0430|94\/100|[from] item: Leftovers\n|upkeep\n|turn|15\n|\n|t:|1701109193\n|switch|p2a: \u0421\u0430\u043b\u044f\u043c\u0438|Salamence, M|11\/100\n|-ability|p2a: \u0421\u0430\u043b\u044f\u043c\u0438|Intimidate|boost\n|-unboost|p1a: Udarnik|atk|1\n|move|p1a: Udarnik|Fake Out|p2a: \u0421\u0430\u043b\u044f\u043c\u0438\n|-damage|p2a: \u0421\u0430\u043b\u044f\u043c\u0438|3\/100\n|\n|-heal|p2a: \u0421\u0430\u043b\u044f\u043c\u0438|9\/100|[from] item: Leftovers\n|upkeep\n|turn|16\n|\n|t:|1701109209\n|switch|p1a: Tinkaton|Tinkaton, F|97\/100\n|-ability|p1a: Tinkaton|Mold Breaker\n|move|p2a: \u0421\u0430\u043b\u044f\u043c\u0438|Air Slash|p1a: Tinkaton\n|-resisted|p1a: Tinkaton\n|-damage|p1a: Tinkaton|82\/100\n|\n|-heal|p2a: \u0421\u0430\u043b\u044f\u043c\u0438|15\/100|[from] item: Leftovers\n|-heal|p1a: Tinkaton|88\/100|[from] item: Leftovers\n|upkeep\n|turn|17\n|\n|t:|1701109222\n|switch|p2a: \u041b\u0430\u043a\u043e\u0441\u0442\u0430|Carracosta, M|94\/100\n|move|p1a: Tinkaton|Brick Break|p2a: \u041b\u0430\u043a\u043e\u0441\u0442\u0430\n|-supereffective|p2a: \u041b\u0430\u043a\u043e\u0441\u0442\u0430\n|-damage|p2a: \u041b\u0430\u043a\u043e\u0441\u0442\u0430|65\/100\n|\n|-heal|p1a: Tinkaton|94\/100|[from] item: Leftovers\n|-heal|p2a: \u041b\u0430\u043a\u043e\u0441\u0442\u0430|71\/100|[from] item: Leftovers\n|upkeep\n|turn|18\n|\n|t:|1701109236\n|move|p1a: Tinkaton|Brick Break|p2a: \u041b\u0430\u043a\u043e\u0441\u0442\u0430\n|-supereffective|p2a: \u041b\u0430\u043a\u043e\u0441\u0442\u0430\n|-damage|p2a: \u041b\u0430\u043a\u043e\u0441\u0442\u0430|40\/100\n|move|p2a: \u041b\u0430\u043a\u043e\u0441\u0442\u0430|Liquidation|p1a: Tinkaton\n|-damage|p1a: Tinkaton|57\/100\n|\n|-heal|p1a: Tinkaton|63\/100|[from] item: Leftovers\n|-heal|p2a: \u041b\u0430\u043a\u043e\u0441\u0442\u0430|46\/100|[from] item: Leftovers\n|upkeep\n|turn|19\n|\n|t:|1701109250\n|move|p1a: Tinkaton|Brick Break|p2a: \u041b\u0430\u043a\u043e\u0441\u0442\u0430\n|-supereffective|p2a: \u041b\u0430\u043a\u043e\u0441\u0442\u0430\n|-damage|p2a: \u041b\u0430\u043a\u043e\u0441\u0442\u0430|17\/100\n|move|p2a: \u041b\u0430\u043a\u043e\u0441\u0442\u0430|Rock Blast|p1a: Tinkaton|[miss]\n|-miss|p2a: \u041b\u0430\u043a\u043e\u0441\u0442\u0430|p1a: Tinkaton\n|\n|-heal|p1a: Tinkaton|69\/100|[from] item: Leftovers\n|-heal|p2a: \u041b\u0430\u043a\u043e\u0441\u0442\u0430|23\/100|[from] item: Leftovers\n|upkeep\n|turn|20\n|\n|t:|1701109261\n|move|p1a: Tinkaton|Brick Break|p2a: \u041b\u0430\u043a\u043e\u0441\u0442\u0430\n|-supereffective|p2a: \u041b\u0430\u043a\u043e\u0441\u0442\u0430\n|-damage|p2a: \u041b\u0430\u043a\u043e\u0441\u0442\u0430|0 fnt\n|faint|p2a: \u041b\u0430\u043a\u043e\u0441\u0442\u0430\n|\n|-heal|p1a: Tinkaton|75\/100|[from] item: Leftovers\n|upkeep\n|\n|t:|1701109268\n|switch|p2a: \u0432\u0438\u0441\u0435\u0440\u044b\u0448|Tangrowth, F|100\/100\n|turn|21\n|\n|t:|1701109291\n|move|p1a: Tinkaton|Play Rough|p2a: \u0432\u0438\u0441\u0435\u0440\u044b\u0448\n|-damage|p2a: \u0432\u0438\u0441\u0435\u0440\u044b\u0448|78\/100\n|move|p2a: \u0432\u0438\u0441\u0435\u0440\u044b\u0448|Leaf Storm|p1a: Tinkaton\n|-resisted|p1a: Tinkaton\n|-damage|p1a: Tinkaton|46\/100\n|-unboost|p2a: \u0432\u0438\u0441\u0435\u0440\u044b\u0448|spa|2\n|\n|-heal|p1a: Tinkaton|53\/100|[from] item: Leftovers\n|-heal|p2a: \u0432\u0438\u0441\u0435\u0440\u044b\u0448|84\/100|[from] item: Leftovers\n|upkeep\n|turn|22\n|\n|t:|1701109303\n|move|p1a: Tinkaton|Play Rough|p2a: \u0432\u0438\u0441\u0435\u0440\u044b\u0448\n|-damage|p2a: \u0432\u0438\u0441\u0435\u0440\u044b\u0448|63\/100\n|move|p2a: \u0432\u0438\u0441\u0435\u0440\u044b\u0448|Headbutt|p1a: Tinkaton\n|-resisted|p1a: Tinkaton\n|-damage|p1a: Tinkaton|44\/100\n|\n|-heal|p1a: Tinkaton|50\/100|[from] item: Leftovers\n|-heal|p2a: \u0432\u0438\u0441\u0435\u0440\u044b\u0448|69\/100|[from] item: Leftovers\n|upkeep\n|turn|23\n|\n|t:|1701109314\n|move|p1a: Tinkaton|Play Rough|p2a: \u0432\u0438\u0441\u0435\u0440\u044b\u0448|[miss]\n|-miss|p1a: Tinkaton|p2a: \u0432\u0438\u0441\u0435\u0440\u044b\u0448\n|move|p2a: \u0432\u0438\u0441\u0435\u0440\u044b\u0448|Solar Blade||[still]\n|-prepare|p2a: \u0432\u0438\u0441\u0435\u0440\u044b\u0448|Solar Blade\n|\n|-heal|p1a: Tinkaton|56\/100|[from] item: Leftovers\n|-heal|p2a: \u0432\u0438\u0441\u0435\u0440\u044b\u0448|75\/100|[from] item: Leftovers\n|upkeep\n|turn|24\n|\n|t:|1701109324\n|move|p1a: Tinkaton|Play Rough|p2a: \u0432\u0438\u0441\u0435\u0440\u044b\u0448\n|-damage|p2a: \u0432\u0438\u0441\u0435\u0440\u044b\u0448|52\/100\n|move|p2a: \u0432\u0438\u0441\u0435\u0440\u044b\u0448|Solar Blade|p1a: Tinkaton|[from]lockedmove\n|-resisted|p1a: Tinkaton\n|-damage|p1a: Tinkaton|29\/100\n|\n|-heal|p1a: Tinkaton|36\/100|[from] item: Leftovers\n|-heal|p2a: \u0432\u0438\u0441\u0435\u0440\u044b\u0448|58\/100|[from] item: Leftovers\n|upkeep\n|turn|25\n|\n|t:|1701109338\n|move|p1a: Tinkaton|Play Rough|p2a: \u0432\u0438\u0441\u0435\u0440\u044b\u0448\n|-damage|p2a: \u0432\u0438\u0441\u0435\u0440\u044b\u0448|34\/100\n|move|p2a: \u0432\u0438\u0441\u0435\u0440\u044b\u0448|Bullet Seed|p1a: Tinkaton\n|-resisted|p1a: Tinkaton\n|-damage|p1a: Tinkaton|31\/100\n|-resisted|p1a: Tinkaton\n|-damage|p1a: Tinkaton|26\/100\n|-resisted|p1a: Tinkaton\n|-damage|p1a: Tinkaton|21\/100\n|-resisted|p1a: Tinkaton\n|-crit|p1a: Tinkaton\n|-damage|p1a: Tinkaton|13\/100\n|-resisted|p1a: Tinkaton\n|-damage|p1a: Tinkaton|9\/100\n|-hitcount|p1a: Tinkaton|5\n|\n|-heal|p1a: Tinkaton|15\/100|[from] item: Leftovers\n|-heal|p2a: \u0432\u0438\u0441\u0435\u0440\u044b\u0448|40\/100|[from] item: Leftovers\n|upkeep\n|turn|26\n|\n|t:|1701109362\n|move|p1a: Tinkaton|Play Rough|p2a: \u0432\u0438\u0441\u0435\u0440\u044b\u0448\n|-damage|p2a: \u0432\u0438\u0441\u0435\u0440\u044b\u0448|18\/100\n|move|p2a: \u0432\u0438\u0441\u0435\u0440\u044b\u0448|Bullet Seed|p1a: Tinkaton\n|-resisted|p1a: Tinkaton\n|-damage|p1a: Tinkaton|10\/100\n|-resisted|p1a: Tinkaton\n|-damage|p1a: Tinkaton|5\/100\n|-hitcount|p1a: Tinkaton|2\n|\n|-heal|p1a: Tinkaton|11\/100|[from] item: Leftovers\n|-heal|p2a: \u0432\u0438\u0441\u0435\u0440\u044b\u0448|24\/100|[from] item: Leftovers\n|upkeep\n|turn|27\n|\n|t:|1701109374\n|move|p1a: Tinkaton|Play Rough|p2a: \u0432\u0438\u0441\u0435\u0440\u044b\u0448\n|-damage|p2a: \u0432\u0438\u0441\u0435\u0440\u044b\u0448|2\/100\n|move|p2a: \u0432\u0438\u0441\u0435\u0440\u044b\u0448|Leaf Storm|p1a: Tinkaton|[miss]\n|-miss|p2a: \u0432\u0438\u0441\u0435\u0440\u044b\u0448|p1a: Tinkaton\n|\n|-heal|p1a: Tinkaton|17\/100|[from] item: Leftovers\n|-heal|p2a: \u0432\u0438\u0441\u0435\u0440\u044b\u0448|8\/100|[from] item: Leftovers\n|upkeep\n|turn|28\n|\n|t:|1701109386\n|move|p1a: Tinkaton|Play Rough|p2a: \u0432\u0438\u0441\u0435\u0440\u044b\u0448\n|-damage|p2a: \u0432\u0438\u0441\u0435\u0440\u044b\u0448|0 fnt\n|faint|p2a: \u0432\u0438\u0441\u0435\u0440\u044b\u0448\n|\n|-heal|p1a: Tinkaton|23\/100|[from] item: Leftovers\n|upkeep\n|\n|t:|1701109393\n|switch|p2a: \u0421\u0430\u043b\u044f\u043c\u0438|Salamence, M|15\/100\n|-ability|p2a: \u0421\u0430\u043b\u044f\u043c\u0438|Intimidate|boost\n|-unboost|p1a: Tinkaton|atk|1\n|turn|29\n|\n|t:|1701109401\n|move|p2a: \u0421\u0430\u043b\u044f\u043c\u0438|Air Slash|p1a: Tinkaton\n|-resisted|p1a: Tinkaton\n|-damage|p1a: Tinkaton|8\/100\n|cant|p1a: Tinkaton|flinch\n|\n|-heal|p2a: \u0421\u0430\u043b\u044f\u043c\u0438|21\/100|[from] item: Leftovers\n|-heal|p1a: Tinkaton|14\/100|[from] item: Leftovers\n|upkeep\n|turn|30\n|\n|t:|1701109413\n|move|p2a: \u0421\u0430\u043b\u044f\u043c\u0438|Air Slash|p1a: Tinkaton\n|-resisted|p1a: Tinkaton\n|-damage|p1a: Tinkaton|0 fnt\n|faint|p1a: Tinkaton\n|\n|-heal|p2a: \u0421\u0430\u043b\u044f\u043c\u0438|27\/100|[from] item: Leftovers\n|upkeep\n|\n|t:|1701109422\n|switch|p1a: Lorry x2|Milotic, F|100\/100\n|turn|31\n|\n|t:|1701109437\n|move|p2a: \u0421\u0430\u043b\u044f\u043c\u0438|Outrage|p1a: Lorry x2\n|-damage|p1a: Lorry x2|52\/100\n|move|p1a: Lorry x2|Ice Beam|p2a: \u0421\u0430\u043b\u044f\u043c\u0438\n|-supereffective|p2a: \u0421\u0430\u043b\u044f\u043c\u0438\n|-damage|p2a: \u0421\u0430\u043b\u044f\u043c\u0438|0 fnt\n|faint|p2a: \u0421\u0430\u043b\u044f\u043c\u0438\n|\n|-heal|p1a: Lorry x2|59\/100|[from] item: Leftovers\n|upkeep\n|\n|t:|1701109452\n|switch|p2a: Greninja|Greninja, M|28\/100\n|turn|32\n|\n|t:|1701109461\n|switch|p1a: Udarnik|Medicham, M|66\/100\n|move|p2a: Greninja|Night Slash|p1a: Udarnik\n|-damage|p1a: Udarnik|30\/100\n|\n|-heal|p2a: Greninja|34\/100|[from] item: Leftovers\n|upkeep\n|turn|33\n|\n|t:|1701109474\n|move|p1a: Udarnik|Fake Out|p2a: Greninja\n|-damage|p2a: Greninja|13\/100\n|cant|p2a: Greninja|flinch\n|\n|-heal|p2a: Greninja|20\/100|[from] item: Leftovers\n|upkeep\n|turn|34\n|\n|t:|1701109482\n|detailschange|p1a: Udarnik|Medicham-Mega, M\n|-mega|p1a: Udarnik|Medicham|Medichamite\n|move|p2a: Greninja|Water Shuriken|p1a: Udarnik\n|-damage|p1a: Udarnik|22\/100\n|-damage|p1a: Udarnik|14\/100\n|-damage|p1a: Udarnik|4\/100\n|-hitcount|p1a: Udarnik|3\n|move|p1a: Udarnik|Drain Punch|p2a: Greninja\n|-supereffective|p2a: Greninja\n|-damage|p2a: Greninja|0 fnt\n|-heal|p1a: Udarnik|16\/100|[from] drain|[of] p2a: Greninja\n|faint|p2a: Greninja\n|\n|win|Sleym\n","uploadtime":1701109499,"views":8,"p1id":"sleym","p2id":"huntixl","formatid":"gen9nationaldex","rating":0,"private":0,"password":""}