{"id":"gen9nationaldex-1999753286","p1":"isaacC306","p2":"DPR_VGC","format":"[Gen 9] National Dex","log":"|html|<div class=\"broadcast-blue\"><strong>[Gen 9] National Dex is currently suspecting Sneasler! For information on how to participate check out the <a href=\"https:\/\/www.smogon.com\/forums\/threads\/sv-national-dex-suspect-8-just-dance.3731534\/\">suspect thread<\/a>.<\/strong><\/div>\n|j|\u2606isaacC306\n|j|\u2606DPR_VGC\n|t:|1701113633\n|gametype|singles\n|player|p1|isaacC306|cyclist-gen4|1058\n|player|p2|DPR_VGC|barry|1000\n|teamsize|p1|6\n|teamsize|p2|6\n|gen|9\n|tier|[Gen 9] National Dex\n|rated|\n|rule|HP Percentage Mod: HP is shown in percentages\n|rule|Endless Battle Clause: Forcing endless battles is banned\n|rule|OHKO Clause: OHKO moves are banned\n|rule|Evasion Clause: Evasion abilities, items, and moves are banned\n|rule|Evasion Abilities Clause: Evasion abilities are banned\n|rule|Evasion Items Clause: Evasion items are banned\n|rule|Evasion Moves Clause: Evasion moves are banned\n|rule|Species Clause: Limit one of each Pok\u00e9mon\n|rule|Sleep Clause Mod: Limit one foe put to sleep\n|clearpoke\n|poke|p1|Umbreon, F|\n|poke|p1|Porygon-Z|\n|poke|p1|Mudsdale, M|\n|poke|p1|Aggron, F|\n|poke|p1|Gallade, M|\n|poke|p1|Talonflame, F|\n|poke|p2|Bruxish, F|\n|poke|p2|Togekiss, M|\n|poke|p2|Hydreigon, F|\n|poke|p2|Heatran, M|\n|poke|p2|Gyarados, M|\n|poke|p2|Xurkitree|\n|teampreview\n|inactive|Battle timer is ON: inactive players will automatically lose when time's up. (requested by isaacC306)\n|inactive|DPR_VGC has 120 seconds left.\n|\n|t:|1701113666\n|start\n|switch|p1a: Aggron|Aggron, F|100\/100\n|switch|p2a: ...Pass|Bruxish, F, shiny|100\/100\n|turn|1\n|\n|t:|1701113673\n|move|p2a: ...Pass|Wave Crash|p1a: Aggron\n|-supereffective|p1a: Aggron\n|-damage|p1a: Aggron|41\/100\n|-damage|p2a: ...Pass|76\/100|[from] Recoil\n|move|p1a: Aggron|Stealth Rock|p2a: ...Pass\n|-sidestart|p2: DPR_VGC|move: Stealth Rock\n|\n|upkeep\n|turn|2\n|\n|t:|1701113678\n|move|p2a: ...Pass|Wave Crash|p1a: Aggron\n|-supereffective|p1a: Aggron\n|-damage|p1a: Aggron|0 fnt\n|faint|p1a: Aggron\n|-damage|p2a: ...Pass|60\/100|[from] Recoil\n|\n|upkeep\n|\n|t:|1701113693\n|switch|p1a: Umbreon|Umbreon, F|100\/100\n|turn|3\n|\n|t:|1701113701\n|move|p1a: Umbreon|Sucker Punch|p2a: ...Pass\n|-supereffective|p2a: ...Pass\n|-damage|p2a: ...Pass|0 fnt\n|faint|p2a: ...Pass\n|\n|upkeep\n|\n|t:|1701113728\n|switch|p2a: TogeCrit|Togekiss, M|100\/100\n|-damage|p2a: TogeCrit|76\/100|[from] Stealth Rock\n|turn|4\n|\n|t:|1701113732\n|-zpower|p2a: TogeCrit\n|move|p2a: TogeCrit|Z-Tailwind|p2a: TogeCrit|[anim]Tailwind\n|-start|p2a: TogeCrit|move: Focus Energy|[zeffect]\n|-sidestart|p2: DPR_VGC|move: Tailwind\n|move|p1a: Umbreon|Skill Swap|p2a: TogeCrit\n|-activate|p1a: Umbreon|move: Skill Swap|Super Luck|Inner Focus|[of] p2a: TogeCrit\n|\n|upkeep\n|turn|5\n|\n|t:|1701113740\n|move|p2a: TogeCrit|Dazzling Gleam|p1a: Umbreon\n|-supereffective|p1a: Umbreon\n|-damage|p1a: Umbreon|57\/100\n|move|p1a: Umbreon|Toxic|p2a: TogeCrit\n|-status|p2a: TogeCrit|tox\n|\n|-damage|p2a: TogeCrit|70\/100 tox|[from] psn\n|upkeep\n|turn|6\n|\n|t:|1701113747\n|move|p1a: Umbreon|Sucker Punch|p2a: TogeCrit\n|-resisted|p2a: TogeCrit\n|-damage|p2a: TogeCrit|60\/100 tox\n|move|p2a: TogeCrit|Dazzling Gleam|p1a: Umbreon\n|-supereffective|p1a: Umbreon\n|-damage|p1a: Umbreon|16\/100\n|\n|-damage|p2a: TogeCrit|48\/100 tox|[from] psn\n|upkeep\n|turn|7\n|\n|t:|1701113754\n|move|p1a: Umbreon|Protect|p1a: Umbreon\n|-singleturn|p1a: Umbreon|Protect\n|move|p2a: TogeCrit|Dazzling Gleam|p1a: Umbreon\n|-activate|p1a: Umbreon|move: Protect\n|\n|-damage|p2a: TogeCrit|29\/100 tox|[from] psn\n|-sideend|p2: DPR_VGC|move: Tailwind\n|upkeep\n|turn|8\n|\n|t:|1701113760\n|move|p1a: Umbreon|Sucker Punch|p2a: TogeCrit\n|-resisted|p2a: TogeCrit\n|-damage|p2a: TogeCrit|20\/100 tox\n|move|p2a: TogeCrit|Dazzling Gleam|p1a: Umbreon\n|-supereffective|p1a: Umbreon\n|-damage|p1a: Umbreon|0 fnt\n|faint|p1a: Umbreon\n|\n|-damage|p2a: TogeCrit|0 fnt|[from] psn\n|faint|p2a: TogeCrit\n|upkeep\n|c|\u2606DPR_VGC|YOU BLIMEY BITCH MATE\n|\n|t:|1701113772\n|switch|p2a: Xurkitree|Xurkitree|100\/100\n|switch|p1a: Mudsdale|Mudsdale, M|100\/100\n|-damage|p2a: Xurkitree|88\/100|[from] Stealth Rock\n|turn|9\n|c|\u2606DPR_VGC|PUTA\n|\n|t:|1701113781\n|move|p2a: Xurkitree|Energy Ball|p1a: Mudsdale\n|-supereffective|p1a: Mudsdale\n|-damage|p1a: Mudsdale|22\/100\n|-ability|p1a: Mudsdale|Stamina|boost\n|-boost|p1a: Mudsdale|def|1\n|move|p1a: Mudsdale|Iron Defense|p1a: Mudsdale\n|-boost|p1a: Mudsdale|def|2\n|\n|-heal|p1a: Mudsdale|28\/100|[from] item: Leftovers\n|upkeep\n|turn|10\n|\n|t:|1701113790\n|move|p2a: Xurkitree|Energy Ball|p1a: Mudsdale\n|-supereffective|p1a: Mudsdale\n|-damage|p1a: Mudsdale|0 fnt\n|faint|p1a: Mudsdale\n|-ability|p2a: Xurkitree|Beast Boost|boost\n|-boost|p2a: Xurkitree|spa|1\n|\n|upkeep\n|\n|t:|1701113800\n|switch|p1a: Porygon-Z|Porygon-Z, shiny|100\/100\n|turn|11\n|c|\u2606DPR_VGC|conoe tu madre\n|\n|t:|1701113805\n|move|p2a: Xurkitree|Energy Ball|p1a: Porygon-Z\n|-damage|p1a: Porygon-Z|25\/100\n|move|p1a: Porygon-Z|Tri Attack|p2a: Xurkitree\n|-damage|p2a: Xurkitree|0 fnt\n|faint|p2a: Xurkitree\n|\n|upkeep\n|\n|t:|1701113829\n|switch|p2a: Hydreigon|Hydreigon, F|100\/100\n|-damage|p2a: Hydreigon|88\/100|[from] Stealth Rock\n|turn|12\n|\n|t:|1701113841\n|move|p1a: Porygon-Z|Tri Attack|p2a: Hydreigon\n|-damage|p2a: Hydreigon|14\/100\n|move|p2a: Hydreigon|Dark Pulse|p1a: Porygon-Z\n|-damage|p1a: Porygon-Z|0 fnt\n|faint|p1a: Porygon-Z\n|\n|upkeep\n|\n|t:|1701113847\n|switch|p1a: Talonflame|Talonflame, F|100\/100\n|turn|13\n|c|\u2606DPR_VGC|scarf kinda cringe ngl\n|\n|t:|1701113853\n|move|p1a: Talonflame|Brave Bird|p2a: Hydreigon\n|-damage|p2a: Hydreigon|0 fnt\n|faint|p2a: Hydreigon\n|-damage|p1a: Talonflame|96\/100|[from] Recoil\n|\n|upkeep\n|\n|t:|1701113856\n|switch|p2a: Heatran|Heatran, M|100\/100\n|-damage|p2a: Heatran|88\/100|[from] Stealth Rock\n|turn|14\n|\n|t:|1701113862\n|move|p2a: Heatran|Power Gem|p1a: Talonflame\n|-supereffective|p1a: Talonflame\n|-damage|p1a: Talonflame|0 fnt\n|faint|p1a: Talonflame\n|\n|upkeep\n|\n|t:|1701113867\n|switch|p1a: Gallade|Gallade, M|100\/100\n|turn|15\n|\n|t:|1701113875\n|switch|p2a: Gyarados|Gyarados, M|100\/100\n|-damage|p2a: Gyarados|76\/100|[from] Stealth Rock\n|-ability|p2a: Gyarados|Intimidate|boost\n|-unboost|p1a: Gallade|atk|1\n|move|p1a: Gallade|Sacred Sword|p2a: Gyarados\n|-resisted|p2a: Gyarados\n|-damage|p2a: Gyarados|49\/100\n|\n|upkeep\n|turn|16\n|\n|t:|1701113885\n|move|p1a: Gallade|Psycho Cut|p2a: Gyarados\n|-damage|p2a: Gyarados|6\/100\n|move|p2a: Gyarados|Waterfall|p1a: Gallade\n|-damage|p1a: Gallade|16\/100\n|\n|upkeep\n|turn|17\n|\n|t:|1701113890\n|detailschange|p2a: Gyarados|Gyarados-Mega, M\n|-mega|p2a: Gyarados|Gyarados|Gyaradosite\n|-ability|p2a: Gyarados|Mold Breaker\n|move|p1a: Gallade|Psycho Cut|p2a: Gyarados\n|-immune|p2a: Gyarados\n|move|p2a: Gyarados|Waterfall|p1a: Gallade\n|-damage|p1a: Gallade|0 fnt\n|faint|p1a: Gallade\n|\n|win|DPR_VGC\n|raw|isaacC306's rating: 1058 &rarr; <strong>1036<\/strong><br \/>(-22 for losing)\n|raw|DPR_VGC's rating: 1000 &rarr; <strong>1047<\/strong><br \/>(+47 for winning)\n","uploadtime":1701113766,"views":1,"p1id":"isaacc306","p2id":"dprvgc","formatid":"gen9nationaldex","rating":1036,"private":0,"password":""}