{"id":"gen9nationaldex-1997932654","p1":"alive!12","p2":"ThatOneDude21","format":"[Gen 9] National Dex","log":"|html|<div class=\"broadcast-blue\"><strong>[Gen 9] National Dex is currently suspecting Sneasler! For information on how to participate check out the <a href=\"https:\/\/www.smogon.com\/forums\/threads\/sv-national-dex-suspect-8-just-dance.3731534\/\">suspect thread<\/a>.<\/strong><\/div>\n|j|\u2606alive!12\n|j|\u2606ThatOneDude21\n|t:|1700869037\n|gametype|singles\n|player|p1|alive!12|janitor|1203\n|player|p2|ThatOneDude21|unknown|1130\n|teamsize|p1|6\n|teamsize|p2|6\n|gen|9\n|tier|[Gen 9] National Dex\n|rated|\n|rule|HP Percentage Mod: HP is shown in percentages\n|rule|Endless Battle Clause: Forcing endless battles is banned\n|rule|OHKO Clause: OHKO moves are banned\n|rule|Evasion Clause: Evasion abilities, items, and moves are banned\n|rule|Evasion Abilities Clause: Evasion abilities are banned\n|rule|Evasion Items Clause: Evasion items are banned\n|rule|Evasion Moves Clause: Evasion moves are banned\n|rule|Species Clause: Limit one of each Pok\u00e9mon\n|rule|Sleep Clause Mod: Limit one foe put to sleep\n|clearpoke\n|poke|p1|Arcanine-Hisui, F|\n|poke|p1|Samurott-Hisui, F|\n|poke|p1|Rotom-Wash|\n|poke|p1|Gliscor, M|\n|poke|p1|Beedrill, F|\n|poke|p1|Toedscruel, F|\n|poke|p2|Garbodor, M|\n|poke|p2|Banette, M|\n|poke|p2|Ting-Lu|\n|poke|p2|Nidoqueen, F|\n|poke|p2|Minior|\n|poke|p2|Purugly, M|\n|teampreview\n|inactive|Battle timer is ON: inactive players will automatically lose when time's up. (requested by ThatOneDude21)\n|\n|t:|1700869057\n|start\n|switch|p1a: Toedscruel|Toedscruel, F|100\/100\n|switch|p2a: Nidoqueen|Nidoqueen, F|100\/100\n|turn|1\n|\n|t:|1700869067\n|move|p1a: Toedscruel|Earth Power|p2a: Nidoqueen\n|-supereffective|p2a: Nidoqueen\n|-damage|p2a: Nidoqueen|25\/100\n|move|p2a: Nidoqueen|Stealth Rock|p1a: Toedscruel\n|-sidestart|p1: alive!12|move: Stealth Rock\n|\n|upkeep\n|turn|2\n|\n|t:|1700869074\n|move|p1a: Toedscruel|Earth Power|p2a: Nidoqueen\n|-supereffective|p2a: Nidoqueen\n|-damage|p2a: Nidoqueen|0 fnt\n|faint|p2a: Nidoqueen\n|\n|upkeep\n|\n|t:|1700869085\n|switch|p2a: Minior|Minior|100\/100\n|-formechange|p2a: Minior|Minior-Meteor||[from] ability: Shields Down\n|turn|3\n|\n|t:|1700869091\n|move|p1a: Toedscruel|Rapid Spin|p2a: Minior\n|-resisted|p2a: Minior\n|-damage|p2a: Minior|95\/100\n|-boost|p1a: Toedscruel|spe|1\n|-sideend|p1: alive!12|Stealth Rock|[from] move: Rapid Spin|[of] p1a: Toedscruel\n|move|p2a: Minior|Shell Smash|p2a: Minior\n|-unboost|p2a: Minior|def|1\n|-unboost|p2a: Minior|spd|1\n|-boost|p2a: Minior|atk|2\n|-boost|p2a: Minior|spa|2\n|-boost|p2a: Minior|spe|2\n|-enditem|p2a: Minior|White Herb\n|-clearnegativeboost|p2a: Minior|[silent]\n|\n|upkeep\n|turn|4\n|\n|t:|1700869103\n|move|p1a: Toedscruel|Leaf Storm|p2a: Minior\n|-damage|p2a: Minior|31\/100\n|-unboost|p1a: Toedscruel|spa|2\n|move|p2a: Minior|Acrobatics|p1a: Toedscruel\n|-supereffective|p1a: Toedscruel\n|-damage|p1a: Toedscruel|0 fnt\n|faint|p1a: Toedscruel\n|\n|-formechange|p2a: Minior|Minior||[from] ability: Shields Down\n|upkeep\n|\n|t:|1700869115\n|switch|p1a: Samurott|Samurott-Hisui, F|100\/100\n|turn|5\n|\n|t:|1700869120\n|move|p2a: Minior|Acrobatics|p1a: Samurott\n|-damage|p1a: Samurott|0 fnt\n|faint|p1a: Samurott\n|\n|upkeep\n|\n|t:|1700869130\n|switch|p1a: Gliscor|Gliscor, M|100\/100\n|turn|6\n|\n|t:|1700869136\n|move|p1a: Gliscor|Protect|p1a: Gliscor\n|-singleturn|p1a: Gliscor|Protect\n|move|p2a: Minior|Shell Smash|p2a: Minior\n|-unboost|p2a: Minior|def|1\n|-unboost|p2a: Minior|spd|1\n|-boost|p2a: Minior|atk|2\n|-boost|p2a: Minior|spa|2\n|-boost|p2a: Minior|spe|2\n|\n|-status|p1a: Gliscor|tox|[from] item: Toxic Orb\n|upkeep\n|turn|7\n|\n|t:|1700869149\n|-terastallize|p2a: Minior|Rock\n|move|p2a: Minior|Stone Edge|p1a: Gliscor\n|-damage|p1a: Gliscor|0 fnt\n|faint|p1a: Gliscor\n|\n|upkeep\n|\n|t:|1700869167\n|switch|p1a: Rotom|Rotom-Wash|100\/100\n|turn|8\n|\n|t:|1700869173\n|move|p2a: Minior|Stone Edge|p1a: Rotom\n|-damage|p1a: Rotom|0 fnt\n|faint|p1a: Rotom\n|\n|upkeep\n|\n|t:|1700869180\n|switch|p1a: Arcanine|Arcanine-Hisui, F|100\/100\n|turn|9\n|\n|t:|1700869189\n|-terastallize|p1a: Arcanine|Grass\n|move|p1a: Arcanine|Extreme Speed|p2a: Minior\n|-resisted|p2a: Minior\n|-damage|p2a: Minior|0 fnt\n|faint|p2a: Minior\n|\n|upkeep\n|\n|t:|1700869194\n|switch|p2a: Banette|Banette, M|100\/100\n|turn|10\n|\n|t:|1700869201\n|move|p1a: Arcanine|Head Smash|p2a: Banette\n|-damage|p2a: Banette|0 fnt\n|faint|p2a: Banette\n|\n|upkeep\n|\n|t:|1700869204\n|switch|p2a: Ting-Lu|Ting-Lu|100\/100\n|-ability|p2a: Ting-Lu|Vessel of Ruin\n|turn|11\n|\n|t:|1700869211\n|move|p1a: Arcanine|Head Smash|p2a: Ting-Lu|[miss]\n|-miss|p1a: Arcanine|p2a: Ting-Lu\n|-enditem|p1a: Arcanine|Blunder Policy\n|-boost|p1a: Arcanine|spe|2\n|move|p2a: Ting-Lu|Payback|p1a: Arcanine\n|-damage|p1a: Arcanine|37\/100\n|\n|upkeep\n|turn|12\n|\n|t:|1700869220\n|move|p1a: Arcanine|Head Smash|p2a: Ting-Lu\n|-resisted|p2a: Ting-Lu\n|-damage|p2a: Ting-Lu|80\/100\n|move|p2a: Ting-Lu|Payback|p1a: Arcanine\n|-damage|p1a: Arcanine|0 fnt\n|faint|p1a: Arcanine\n|\n|upkeep\n|\n|t:|1700869227\n|switch|p1a: Beedrill|Beedrill, F|100\/100\n|turn|13\n|\n|t:|1700869233\n|detailschange|p1a: Beedrill|Beedrill-Mega, F\n|-mega|p1a: Beedrill|Beedrill|Beedrillite\n|move|p1a: Beedrill|Fell Stinger|p2a: Ting-Lu\n|-supereffective|p2a: Ting-Lu\n|-damage|p2a: Ting-Lu|39\/100\n|move|p2a: Ting-Lu|Stone Edge|p1a: Beedrill\n|-supereffective|p1a: Beedrill\n|-damage|p1a: Beedrill|0 fnt\n|faint|p1a: Beedrill\n|\n|win|ThatOneDude21\n|raw|alive!12's rating: 1203 &rarr; <strong>1173<\/strong><br \/>(-30 for losing)\n|raw|ThatOneDude21's rating: 1130 &rarr; <strong>1160<\/strong><br \/>(+30 for winning)\n|l|\u2606alive!12\n","uploadtime":1700869267,"views":4,"p1id":"alive12","p2id":"thatonedude21","formatid":"gen9nationaldex","rating":1160,"private":0,"password":""}