{"id":"gen9nationaldex-1999710031","p1":"amoghxit","p2":"AshhSama","format":"[Gen 9] National Dex","log":"|html|<div class=\"broadcast-blue\"><strong>[Gen 9] National Dex is currently suspecting Sneasler! For information on how to participate check out the <a href=\"https:\/\/www.smogon.com\/forums\/threads\/sv-national-dex-suspect-8-just-dance.3731534\/\">suspect thread<\/a>.<\/strong><\/div>\n|j|\u2606amoghxit\n|j|\u2606AshhSama\n|t:|1701109847\n|gametype|singles\n|player|p1|amoghxit|veteran|1311\n|player|p2|AshhSama|hugh|1321\n|teamsize|p1|6\n|teamsize|p2|6\n|gen|9\n|tier|[Gen 9] National Dex\n|rated|\n|rule|HP Percentage Mod: HP is shown in percentages\n|rule|Endless Battle Clause: Forcing endless battles is banned\n|rule|OHKO Clause: OHKO moves are banned\n|rule|Evasion Clause: Evasion abilities, items, and moves are banned\n|rule|Evasion Abilities Clause: Evasion abilities are banned\n|rule|Evasion Items Clause: Evasion items are banned\n|rule|Evasion Moves Clause: Evasion moves are banned\n|rule|Species Clause: Limit one of each Pok\u00e9mon\n|rule|Sleep Clause Mod: Limit one foe put to sleep\n|clearpoke\n|poke|p1|Salamence, F|\n|poke|p1|Lopunny, F|\n|poke|p1|Togekiss, F|\n|poke|p1|Serperior, F|\n|poke|p1|Alakazam, F|\n|poke|p1|Ceruledge, M|\n|poke|p2|Mawile, F|\n|poke|p2|Gliscor, M|\n|poke|p2|Rillaboom, M|\n|poke|p2|Sneasler, M|\n|poke|p2|Rotom-Wash|\n|poke|p2|Toxapex, F|\n|teampreview\n|inactive|Battle timer is ON: inactive players will automatically lose when time's up. (requested by amoghxit)\n|\n|t:|1701109866\n|start\n|switch|p1a: Lopunny|Lopunny, F|100\/100\n|switch|p2a: Sheen|Rotom-Wash|100\/100\n|turn|1\n|\n|t:|1701109874\n|detailschange|p1a: Lopunny|Lopunny-Mega, F\n|-mega|p1a: Lopunny|Lopunny|Lopunnite\n|move|p1a: Lopunny|Fake Out|p2a: Sheen\n|-damage|p2a: Sheen|79\/100\n|cant|p2a: Sheen|flinch\n|\n|-heal|p2a: Sheen|85\/100|[from] item: Leftovers\n|upkeep\n|turn|2\n|\n|t:|1701109897\n|move|p1a: Lopunny|High Jump Kick|p2a: Sheen\n|-damage|p2a: Sheen|14\/100\n|move|p2a: Sheen|Will-O-Wisp|p1a: Lopunny\n|-status|p1a: Lopunny|brn\n|\n|-heal|p2a: Sheen|20\/100|[from] item: Leftovers\n|-damage|p1a: Lopunny|95\/100 brn|[from] brn\n|upkeep\n|turn|3\n|\n|t:|1701109925\n|move|p2a: Sheen|Protect|p2a: Sheen\n|-singleturn|p2a: Sheen|Protect\n|move|p1a: Lopunny|Return|p2a: Sheen\n|-activate|p2a: Sheen|move: Protect\n|\n|-heal|p2a: Sheen|26\/100|[from] item: Leftovers\n|-damage|p1a: Lopunny|89\/100 brn|[from] brn\n|upkeep\n|turn|4\n|inactive|AshhSama has 120 seconds left.\n|\n|t:|1701109951\n|switch|p2a: Rilla|Rillaboom, M|100\/100\n|-fieldstart|move: Grassy Terrain|[from] ability: Grassy Surge|[of] p2a: Rilla\n|move|p1a: Lopunny|High Jump Kick|p2a: Rilla\n|-damage|p2a: Rilla|61\/100\n|\n|-heal|p1a: Lopunny|95\/100 brn|[from] Grassy Terrain\n|-heal|p2a: Rilla|67\/100|[from] Grassy Terrain\n|-damage|p1a: Lopunny|89\/100 brn|[from] brn\n|upkeep\n|turn|5\n|\n|t:|1701109963\n|move|p2a: Rilla|Grassy Glide|p1a: Lopunny\n|-damage|p1a: Lopunny|14\/100 brn\n|move|p1a: Lopunny|Triple Axel|p2a: Rilla\n|-supereffective|p2a: Rilla\n|-damage|p2a: Rilla|60\/100\n|-supereffective|p2a: Rilla\n|-damage|p2a: Rilla|43\/100\n|-supereffective|p2a: Rilla\n|-damage|p2a: Rilla|20\/100\n|-hitcount|p2a: Rilla|3\n|\n|-heal|p1a: Lopunny|20\/100 brn|[from] Grassy Terrain\n|-heal|p2a: Rilla|27\/100|[from] Grassy Terrain\n|-damage|p1a: Lopunny|14\/100 brn|[from] brn\n|upkeep\n|turn|6\n|inactive|AshhSama has 120 seconds left.\n|\n|t:|1701109979\n|move|p2a: Rilla|Grassy Glide|p1a: Lopunny\n|-damage|p1a: Lopunny|0 fnt\n|faint|p1a: Lopunny\n|\n|-heal|p2a: Rilla|33\/100|[from] Grassy Terrain\n|upkeep\n|inactive|amoghxit has 120 seconds left.\n|\n|t:|1701109990\n|switch|p1a: Alakazam|Alakazam, F|100\/100\n|turn|7\n|\n|t:|1701109996\n|move|p2a: Rilla|Grassy Glide|p1a: Alakazam\n|-damage|p1a: Alakazam|0 fnt\n|faint|p1a: Alakazam\n|\n|-heal|p2a: Rilla|39\/100|[from] Grassy Terrain\n|upkeep\n|\n|t:|1701110003\n|switch|p1a: Ceruledge|Ceruledge, M|100\/100\n|turn|8\n|\n|t:|1701110009\n|switch|p2a: Toxa|Toxapex, F|100\/100\n|move|p1a: Ceruledge|Swords Dance|p1a: Ceruledge\n|-boost|p1a: Ceruledge|atk|2\n|\n|-fieldend|move: Grassy Terrain\n|upkeep\n|turn|9\n|\n|t:|1701110017\n|move|p1a: Ceruledge|Poltergeist|p2a: Toxa\n|-activate|p2a: Toxa|move: Poltergeist|Leftovers\n|-damage|p2a: Toxa|10\/100\n|move|p2a: Toxa|Haze|p2a: Toxa\n|-clearallboost\n|\n|-heal|p2a: Toxa|17\/100|[from] item: Leftovers\n|upkeep\n|turn|10\n|\n|t:|1701110030\n|switch|p2a: Sheen|Rotom-Wash|26\/100\n|move|p1a: Ceruledge|Poltergeist|p2a: Sheen|[miss]\n|-miss|p1a: Ceruledge|p2a: Sheen\n|\n|-heal|p2a: Sheen|32\/100|[from] item: Leftovers\n|upkeep\n|turn|11\n|\n|t:|1701110045\n|move|p2a: Sheen|Protect|p2a: Sheen\n|-singleturn|p2a: Sheen|Protect\n|move|p1a: Ceruledge|Poltergeist|p2a: Sheen\n|-activate|p2a: Sheen|move: Protect\n|\n|-heal|p2a: Sheen|38\/100|[from] item: Leftovers\n|upkeep\n|turn|12\n|\n|t:|1701110062\n|switch|p2a: Toxa|Toxapex, F|50\/100\n|move|p1a: Ceruledge|Poltergeist|p2a: Toxa\n|-activate|p2a: Toxa|move: Poltergeist|Leftovers\n|-damage|p2a: Toxa|5\/100\n|\n|-heal|p2a: Toxa|11\/100|[from] item: Leftovers\n|upkeep\n|turn|13\n|\n|t:|1701110077\n|switch|p2a: Sheen|Rotom-Wash|38\/100\n|move|p1a: Ceruledge|Shadow Sneak|p2a: Sheen\n|-damage|p2a: Sheen|17\/100\n|\n|-heal|p2a: Sheen|23\/100|[from] item: Leftovers\n|upkeep\n|turn|14\n|\n|t:|1701110085\n|move|p2a: Sheen|Protect|p2a: Sheen\n|-singleturn|p2a: Sheen|Protect\n|move|p1a: Ceruledge|Swords Dance|p1a: Ceruledge\n|-boost|p1a: Ceruledge|atk|2\n|\n|-heal|p2a: Sheen|29\/100|[from] item: Leftovers\n|upkeep\n|turn|15\n|\n|t:|1701110097\n|move|p1a: Ceruledge|Poltergeist|p2a: Sheen\n|-activate|p2a: Sheen|move: Poltergeist|Leftovers\n|-damage|p2a: Sheen|0 fnt\n|faint|p2a: Sheen\n|\n|upkeep\n|\n|t:|1701110106\n|switch|p2a: Glick|Gliscor, M|100\/100\n|turn|16\n|\n|t:|1701110110\n|move|p1a: Ceruledge|Poltergeist|p2a: Glick\n|-activate|p2a: Glick|move: Poltergeist|Toxic Orb\n|-damage|p2a: Glick|9\/100\n|move|p2a: Glick|Earthquake|p1a: Ceruledge\n|-supereffective|p1a: Ceruledge\n|-enditem|p1a: Ceruledge|Focus Sash\n|-damage|p1a: Ceruledge|1\/100\n|-ability|p1a: Ceruledge|Weak Armor|boost\n|-unboost|p1a: Ceruledge|def|1\n|-boost|p1a: Ceruledge|spe|2\n|\n|-status|p2a: Glick|tox|[from] item: Toxic Orb\n|upkeep\n|turn|17\n|\n|t:|1701110126\n|move|p2a: Glick|Protect|p2a: Glick\n|-singleturn|p2a: Glick|Protect\n|move|p1a: Ceruledge|Shadow Sneak|p2a: Glick\n|-activate|p2a: Glick|move: Protect\n|\n|-heal|p2a: Glick|21\/100 tox|[from] ability: Poison Heal\n|upkeep\n|turn|18\n|\n|t:|1701110140\n|switch|p2a: Toxa|Toxapex, F|45\/100\n|move|p1a: Ceruledge|Bitter Blade|p2a: Toxa\n|-resisted|p2a: Toxa\n|-damage|p2a: Toxa|10\/100\n|-heal|p1a: Ceruledge|18\/100|[from] drain|[of] p2a: Toxa\n|\n|-heal|p2a: Toxa|16\/100|[from] item: Leftovers\n|upkeep\n|turn|19\n|\n|t:|1701110152\n|move|p1a: Ceruledge|Bitter Blade|p2a: Toxa\n|-resisted|p2a: Toxa\n|-damage|p2a: Toxa|0 fnt\n|-heal|p1a: Ceruledge|26\/100|[from] drain|[of] p2a: Toxa\n|faint|p2a: Toxa\n|\n|upkeep\n|\n|t:|1701110162\n|switch|p2a: Rilla|Rillaboom, M|39\/100\n|-fieldstart|move: Grassy Terrain|[from] ability: Grassy Surge|[of] p2a: Rilla\n|turn|20\n|\n|t:|1701110167\n|move|p1a: Ceruledge|Shadow Sneak|p2a: Rilla\n|-damage|p2a: Rilla|0 fnt\n|faint|p2a: Rilla\n|\n|-heal|p1a: Ceruledge|32\/100|[from] Grassy Terrain\n|upkeep\n|\n|t:|1701110169\n|switch|p2a: The Sneeze|Sneasler, M|100\/100\n|-enditem|p2a: The Sneeze|Grassy Seed\n|-boost|p2a: The Sneeze|def|1|[from] item: Grassy Seed\n|turn|21\n|\n|t:|1701110179\n|move|p1a: Ceruledge|Shadow Sneak|p2a: The Sneeze\n|-damage|p2a: The Sneeze|56\/100\n|move|p2a: The Sneeze|Acrobatics|p1a: Ceruledge\n|-damage|p1a: Ceruledge|0 fnt\n|faint|p1a: Ceruledge\n|\n|-heal|p2a: The Sneeze|62\/100|[from] Grassy Terrain\n|upkeep\n|\n|t:|1701110189\n|switch|p1a: Togekiss|Togekiss, F|100\/100\n|turn|22\n|\n|t:|1701110203\n|-terastallize|p2a: The Sneeze|Flying\n|move|p2a: The Sneeze|Swords Dance|p2a: The Sneeze\n|-boost|p2a: The Sneeze|atk|2\n|move|p1a: Togekiss|Air Slash|p2a: The Sneeze\n|-damage|p2a: The Sneeze|11\/100\n|\n|upkeep\n|turn|23\n|\n|t:|1701110212\n|move|p2a: The Sneeze|Dire Claw|p1a: Togekiss\n|-supereffective|p1a: Togekiss\n|-damage|p1a: Togekiss|0 fnt\n|faint|p1a: Togekiss\n|\n|upkeep\n|\n|t:|1701110223\n|switch|p1a: Salamence|Salamence, F|100\/100\n|turn|24\n|\n|t:|1701110248\n|move|p2a: The Sneeze|Acrobatics|p1a: Salamence\n|-damage|p1a: Salamence|0 fnt\n|faint|p1a: Salamence\n|\n|-fieldend|move: Grassy Terrain\n|upkeep\n|\n|t:|1701110255\n|switch|p1a: Serperior|Serperior, F|100\/100\n|turn|25\n|\n|t:|1701110262\n|move|p2a: The Sneeze|Acrobatics|p1a: Serperior\n|-supereffective|p1a: Serperior\n|-damage|p1a: Serperior|0 fnt\n|faint|p1a: Serperior\n|\n|win|AshhSama\n|raw|amoghxit's rating: 1311 &rarr; <strong>1292<\/strong><br \/>(-19 for losing)\n|raw|AshhSama's rating: 1321 &rarr; <strong>1340<\/strong><br \/>(+19 for winning)\n|c|\u2606AshhSama|ggs\n|l|\u2606amoghxit\n","uploadtime":1701110291,"views":16,"p1id":"amoghxit","p2id":"ashhsama","formatid":"gen9nationaldex","rating":1292,"private":0,"password":""}