{"id":"gen9nationaldex-1998486967","p1":"Carrotfromkanto","p2":"Golbur","format":"[Gen 9] National Dex","log":"|html|<div class=\"broadcast-blue\"><strong>[Gen 9] National Dex is currently suspecting Sneasler! For information on how to participate check out the <a href=\"https:\/\/www.smogon.com\/forums\/threads\/sv-national-dex-suspect-8-just-dance.3731534\/\">suspect thread<\/a>.<\/strong><\/div>\n|j|\u2606Carrotfromkanto\n|j|\u2606Golbur\n|t:|1700947843\n|gametype|singles\n|player|p1|Carrotfromkanto|cynthia-gen7|1177\n|player|p2|Golbur|roxie|1137\n|teamsize|p1|6\n|teamsize|p2|6\n|gen|9\n|tier|[Gen 9] National Dex\n|rated|\n|rule|HP Percentage Mod: HP is shown in percentages\n|rule|Endless Battle Clause: Forcing endless battles is banned\n|rule|OHKO Clause: OHKO moves are banned\n|rule|Evasion Clause: Evasion abilities, items, and moves are banned\n|rule|Evasion Abilities Clause: Evasion abilities are banned\n|rule|Evasion Items Clause: Evasion items are banned\n|rule|Evasion Moves Clause: Evasion moves are banned\n|rule|Species Clause: Limit one of each Pok\u00e9mon\n|rule|Sleep Clause Mod: Limit one foe put to sleep\n|clearpoke\n|poke|p1|Garchomp, F|\n|poke|p1|Spiritomb, M|\n|poke|p1|Milotic, F|\n|poke|p1|Roserade, F|\n|poke|p1|Lucario, M|\n|poke|p1|Togekiss, F|\n|poke|p2|Scolipede, M|\n|poke|p2|Minior-Orange|\n|poke|p2|Bewear, M|\n|poke|p2|Skarmory, F|\n|poke|p2|Banette, F|\n|poke|p2|Electrode|\n|teampreview\n|inactive|Battle timer is ON: inactive players will automatically lose when time's up. (requested by Golbur)\n|\n|t:|1700947848\n|start\n|switch|p1a: Roserade|Roserade, F|100\/100\n|switch|p2a: Ego orb|Electrode|100\/100\n|turn|1\n|\n|t:|1700947851\n|move|p2a: Ego orb|Taunt|p1a: Roserade\n|-start|p1a: Roserade|move: Taunt\n|cant|p1a: Roserade|move: Taunt|Spikes\n|\n|upkeep\n|turn|2\n|\n|t:|1700947859\n|move|p2a: Ego orb|Light Screen|p2a: Ego orb\n|-sidestart|p2: Golbur|move: Light Screen\n|move|p1a: Roserade|Sludge Bomb|p2a: Ego orb\n|-damage|p2a: Ego orb|73\/100\n|\n|upkeep\n|turn|3\n|\n|t:|1700947864\n|move|p2a: Ego orb|Reflect|p2a: Ego orb\n|-sidestart|p2: Golbur|Reflect\n|move|p1a: Roserade|Sludge Bomb|p2a: Ego orb\n|-damage|p2a: Ego orb|43\/100\n|\n|-end|p1a: Roserade|move: Taunt\n|upkeep\n|turn|4\n|\n|t:|1700947868\n|switch|p1a: Spiritomb|Spiritomb, M|100\/100\n|move|p2a: Ego orb|Taunt|p1a: Spiritomb\n|-start|p1a: Spiritomb|move: Taunt\n|\n|upkeep\n|turn|5\n|\n|t:|1700947871\n|switch|p2a: Referee|Skarmory, F|100\/100\n|move|p1a: Spiritomb|Poltergeist|p2a: Referee\n|-activate|p2a: Referee|move: Poltergeist|Red Card\n|-damage|p2a: Referee|58\/100\n|-enditem|p2a: Referee|Red Card|[of] p1a: Spiritomb\n|drag|p1a: Milotic|Milotic, F|100\/100\n|\n|upkeep\n|turn|6\n|\n|t:|1700947880\n|switch|p1a: Roserade|Roserade, F|100\/100\n|move|p2a: Referee|Stealth Rock|p1a: Roserade\n|-sidestart|p1: Carrotfromkanto|move: Stealth Rock\n|\n|upkeep\n|turn|7\n|\n|t:|1700947883\n|move|p1a: Roserade|Sleep Powder|p2a: Referee\n|-status|p2a: Referee|slp|[from] move: Sleep Powder\n|cant|p2a: Referee|slp\n|\n|upkeep\n|turn|8\n|\n|t:|1700947888\n|switch|p1a: Garchomp|Garchomp, F|100\/100\n|-damage|p1a: Garchomp|94\/100|[from] Stealth Rock\n|cant|p2a: Referee|slp\n|\n|upkeep\n|turn|9\n|\n|t:|1700947892\n|switch|p2a: Zip it!|Banette, F|100\/100\n|move|p1a: Garchomp|Substitute|p1a: Garchomp\n|-start|p1a: Garchomp|Substitute\n|-damage|p1a: Garchomp|69\/100\n|\n|-sideend|p2: Golbur|move: Light Screen\n|upkeep\n|turn|10\n|\n|t:|1700947898\n|detailschange|p2a: Zip it!|Banette-Mega, F\n|-mega|p2a: Zip it!|Banette|Banettite\n|move|p2a: Zip it!|Encore|p1a: Garchomp\n|-start|p1a: Garchomp|Encore\n|move|p1a: Garchomp|Substitute|p1a: Garchomp\n|-fail|p1a: Garchomp|move: Substitute\n|\n|-sideend|p2: Golbur|Reflect\n|upkeep\n|turn|11\n|\n|t:|1700947906\n|switch|p1a: Spiritomb|Spiritomb, M|100\/100\n|-damage|p1a: Spiritomb|88\/100|[from] Stealth Rock\n|move|p2a: Zip it!|Foul Play|p1a: Spiritomb\n|-damage|p1a: Spiritomb|56\/100\n|\n|upkeep\n|turn|12\n|\n|t:|1700947911\n|switch|p2a: Mr. Sploinky|Bewear, M|100\/100\n|move|p1a: Spiritomb|Poltergeist|p2a: Mr. Sploinky\n|-immune|p2a: Mr. Sploinky\n|\n|upkeep\n|turn|13\n|\n|t:|1700947918\n|move|p2a: Mr. Sploinky|Darkest Lariat|p1a: Spiritomb\n|-damage|p1a: Spiritomb|25\/100\n|move|p1a: Spiritomb|Will-O-Wisp|p2a: Mr. Sploinky\n|-status|p2a: Mr. Sploinky|brn\n|\n|-damage|p2a: Mr. Sploinky|94\/100 brn|[from] brn\n|upkeep\n|turn|14\n|\n|t:|1700947928\n|switch|p1a: Togekiss|Togekiss, F|100\/100\n|-damage|p1a: Togekiss|76\/100|[from] Stealth Rock\n|move|p2a: Mr. Sploinky|Darkest Lariat|p1a: Togekiss\n|-resisted|p1a: Togekiss\n|-damage|p1a: Togekiss|68\/100\n|\n|-damage|p2a: Mr. Sploinky|88\/100 brn|[from] brn\n|upkeep\n|turn|15\n|\n|t:|1700947938\n|switch|p2a: Ego orb|Electrode|43\/100\n|move|p1a: Togekiss|Flamethrower|p2a: Ego orb\n|-damage|p2a: Ego orb|8\/100\n|\n|upkeep\n|turn|16\n|\n|t:|1700947945\n|switch|p1a: Roserade|Roserade, F|100\/100\n|-damage|p1a: Roserade|88\/100|[from] Stealth Rock\n|move|p2a: Ego orb|Light Screen|p2a: Ego orb\n|-sidestart|p2: Golbur|move: Light Screen\n|\n|-heal|p1a: Roserade|94\/100|[from] item: Black Sludge\n|upkeep\n|turn|17\n|\n|t:|1700947948\n|move|p2a: Ego orb|Reflect|p2a: Ego orb\n|-sidestart|p2: Golbur|Reflect\n|move|p1a: Roserade|Sludge Bomb|p2a: Ego orb\n|-damage|p2a: Ego orb|0 fnt\n|faint|p2a: Ego orb\n|\n|-heal|p1a: Roserade|100\/100|[from] item: Black Sludge\n|upkeep\n|\n|t:|1700947952\n|switch|p2a: Dunks|Minior-Orange|100\/100\n|-formechange|p2a: Dunks|Minior-Meteor||[from] ability: Shields Down\n|turn|18\n|\n|t:|1700947968\n|-terastallize|p1a: Roserade|Grass\n|move|p1a: Roserade|Leaf Storm|p2a: Dunks\n|-damage|p2a: Dunks|43\/100\n|-unboost|p1a: Roserade|spa|2\n|move|p2a: Dunks|Shell Smash|p2a: Dunks\n|-unboost|p2a: Dunks|def|1\n|-unboost|p2a: Dunks|spd|1\n|-boost|p2a: Dunks|atk|2\n|-boost|p2a: Dunks|spa|2\n|-boost|p2a: Dunks|spe|2\n|-enditem|p2a: Dunks|White Herb\n|-clearnegativeboost|p2a: Dunks|[silent]\n|\n|-damage|p1a: Roserade|88\/100|[from] item: Black Sludge\n|-formechange|p2a: Dunks|Minior-Orange||[from] ability: Shields Down\n|upkeep\n|turn|19\n|\n|t:|1700947981\n|move|p2a: Dunks|Acrobatics|p1a: Roserade\n|-supereffective|p1a: Roserade\n|-damage|p1a: Roserade|0 fnt\n|faint|p1a: Roserade\n|\n|upkeep\n|\n|t:|1700947983\n|switch|p1a: Spiritomb|Spiritomb, M|25\/100\n|-damage|p1a: Spiritomb|12\/100|[from] Stealth Rock\n|turn|20\n|-enditem|p1a: Spiritomb|Custap Berry|[eat]\n|-activate|p1a: Spiritomb|item: Custap Berry|[consumed]\n|\n|t:|1700947986\n|move|p1a: Spiritomb|Destiny Bond|p1a: Spiritomb\n|-singlemove|p1a: Spiritomb|Destiny Bond\n|move|p2a: Dunks|Acrobatics|p1a: Spiritomb\n|-damage|p1a: Spiritomb|0 fnt\n|faint|p1a: Spiritomb\n|-activate|p1a: Spiritomb|move: Destiny Bond\n|faint|p2a: Dunks\n|\n|upkeep\n|\n|t:|1700947996\n|switch|p2a: Vinny|Scolipede, M|100\/100\n|switch|p1a: Togekiss|Togekiss, F|68\/100\n|-damage|p1a: Togekiss|44\/100|[from] Stealth Rock\n|turn|21\n|\n|t:|1700948000\n|-terastallize|p2a: Vinny|Water\n|move|p1a: Togekiss|Air Slash|p2a: Vinny\n|-damage|p2a: Vinny|66\/100\n|move|p2a: Vinny|Swords Dance|p2a: Vinny\n|-boost|p2a: Vinny|atk|2\n|\n|-ability|p2a: Vinny|Speed Boost|boost\n|-boost|p2a: Vinny|spe|1\n|upkeep\n|turn|22\n|\n|t:|1700948006\n|move|p2a: Vinny|Aqua Tail|p1a: Togekiss\n|-damage|p1a: Togekiss|0 fnt\n|faint|p1a: Togekiss\n|\n|-ability|p2a: Vinny|Speed Boost|boost\n|-boost|p2a: Vinny|spe|1\n|upkeep\n|\n|t:|1700948018\n|switch|p1a: Milotic|Milotic, F|100\/100\n|-damage|p1a: Milotic|88\/100|[from] Stealth Rock\n|turn|23\n|\n|t:|1700948023\n|move|p2a: Vinny|Megahorn|p1a: Milotic\n|-damage|p1a: Milotic|0 fnt\n|faint|p1a: Milotic\n|\n|-sideend|p2: Golbur|move: Light Screen\n|-ability|p2a: Vinny|Speed Boost|boost\n|-boost|p2a: Vinny|spe|1\n|upkeep\n|\n|t:|1700948026\n|switch|p1a: Lucario|Lucario, M|100\/100\n|-damage|p1a: Lucario|98\/100|[from] Stealth Rock\n|turn|24\n|c|\u2606Carrotfromkanto|your team is so stupid lol\n|c|\u2606Carrotfromkanto|wacky as fuck and corny\n|\n|t:|1700948043\n|move|p1a: Lucario|Vacuum Wave|p2a: Vinny\n|-damage|p2a: Vinny|18\/100\n|-damage|p1a: Lucario|88\/100|[from] item: Life Orb\n|move|p2a: Vinny|Earthquake|p1a: Lucario\n|-supereffective|p1a: Lucario\n|-damage|p1a: Lucario|0 fnt\n|faint|p1a: Lucario\n|\n|-sideend|p2: Golbur|Reflect\n|-ability|p2a: Vinny|Speed Boost|boost\n|-boost|p2a: Vinny|spe|1\n|upkeep\n|\n|t:|1700948048\n|switch|p1a: Garchomp|Garchomp, F|69\/100\n|-damage|p1a: Garchomp|63\/100|[from] Stealth Rock\n|turn|25\n|\n|t:|1700948050\n|move|p2a: Vinny|Megahorn|p1a: Garchomp|[miss]\n|-miss|p2a: Vinny|p1a: Garchomp\n|move|p1a: Garchomp|Scale Shot|p2a: Vinny\n|-damage|p2a: Vinny|0 fnt\n|faint|p2a: Vinny\n|-hitcount|p2: Vinny|1\n|-unboost|p1a: Garchomp|def|1\n|-boost|p1a: Garchomp|spe|1\n|\n|upkeep\n|c|\u2606Golbur|Bruh\n|\n|t:|1700948074\n|switch|p2a: Zip it!|Banette-Mega, F|100\/100\n|turn|26\n|c|\u2606Carrotfromkanto|go to the polar opposite of heaven\n|c|\u2606Golbur|Nah\n|c|\u2606Carrotfromkanto|yeah\n|inactive|Carrotfromkanto has 120 seconds left.\n|c|\u2606Golbur|I praise vinny\n|c|\u2606Carrotfromkanto|mommy\n|c|\u2606Golbur|Don't know what heaven is\n|c|\u2606Carrotfromkanto|it shows\n|c|\u2606Golbur|all i know is vinyy\n|c|\u2606Carrotfromkanto|your lack of faith in christ\n|c|\u2606Golbur|who\n|c|\u2606Carrotfromkanto|no salvation for you\n|c|\u2606Golbur|Vinny\n|inactive|Carrotfromkanto has 90 seconds left.\n|\n|t:|1700948137\n|move|p2a: Zip it!|Destiny Bond|p2a: Zip it!\n|-singlemove|p2a: Zip it!|Destiny Bond\n|move|p1a: Garchomp|Earthquake|p2a: Zip it!\n|-damage|p2a: Zip it!|2\/100\n|\n|upkeep\n|turn|27\n|\n|t:|1700948146\n|move|p1a: Garchomp|Scale Shot|p2a: Zip it!\n|-damage|p2a: Zip it!|0 fnt\n|faint|p2a: Zip it!\n|-activate|p2a: Zip it!|move: Destiny Bond\n|faint|p1a: Garchomp\n|\n|win|Golbur\n|-hitcount|p2: Zip it!|1\n|raw|Carrotfromkanto's rating: 1177 &rarr; <strong>1149<\/strong><br \/>(-28 for losing)\n|raw|Golbur's rating: 1137 &rarr; <strong>1165<\/strong><br \/>(+28 for winning)\n|c|\u2606Golbur|Gg\n|l|\u2606Carrotfromkanto\n|c|\u2606Golbur|Vinny for life\n","uploadtime":1700948041,"views":8,"p1id":"carrotfromkanto","p2id":"golbur","formatid":"gen9nationaldex","rating":1149,"private":0,"password":""}