{"id":"gen9nationaldex-1999899982","p1":"papunutriaxd","p2":"Swish_Blaze","format":"[Gen 9] National Dex","log":"|html|<div class=\"broadcast-blue\"><strong>[Gen 9] National Dex is currently suspecting Sneasler! For information on how to participate check out the <a href=\"https:\/\/www.smogon.com\/forums\/threads\/sv-national-dex-suspect-8-just-dance.3731534\/\">suspect thread<\/a>.<\/strong><\/div>\n|j|\u2606papunutriaxd\n|j|\u2606Swish_Blaze\n|t:|1701127880\n|gametype|singles\n|player|p1|papunutriaxd|clair|1370\n|player|p2|Swish_Blaze|clair|1316\n|teamsize|p1|6\n|teamsize|p2|6\n|gen|9\n|tier|[Gen 9] National Dex\n|rated|\n|rule|HP Percentage Mod: HP is shown in percentages\n|rule|Endless Battle Clause: Forcing endless battles is banned\n|rule|OHKO Clause: OHKO moves are banned\n|rule|Evasion Clause: Evasion abilities, items, and moves are banned\n|rule|Evasion Abilities Clause: Evasion abilities are banned\n|rule|Evasion Items Clause: Evasion items are banned\n|rule|Evasion Moves Clause: Evasion moves are banned\n|rule|Species Clause: Limit one of each Pok\u00e9mon\n|rule|Sleep Clause Mod: Limit one foe put to sleep\n|clearpoke\n|poke|p1|Chandelure, F|\n|poke|p1|Great Tusk|\n|poke|p1|Blaziken, M|\n|poke|p1|Sneasler, M|\n|poke|p1|Tapu Koko|\n|poke|p1|Decidueye, M|\n|poke|p2|Hatterene, F|\n|poke|p2|Ferrothorn, M|\n|poke|p2|Heatran, F|\n|poke|p2|Landorus-Therian, M|\n|poke|p2|Lopunny, F|\n|poke|p2|Tornadus-Therian, M|\n|teampreview\n|\n|t:|1701127908\n|start\n|switch|p1a: Tapu Koko|Tapu Koko|100\/100\n|switch|p2a: Landorus|Landorus-Therian, M, shiny|100\/100\n|-fieldstart|move: Electric Terrain|[from] ability: Electric Surge|[of] p1a: Tapu Koko\n|-ability|p2a: Landorus|Intimidate|boost\n|-unboost|p1a: Tapu Koko|atk|1\n|turn|1\n|\n|t:|1701127915\n|switch|p2a: Ferrothorn|Ferrothorn, M|100\/100\n|move|p1a: Tapu Koko|U-turn|p2a: Ferrothorn\n|-damage|p2a: Ferrothorn|93\/100\n|-damage|p1a: Tapu Koko|88\/100|[from] ability: Iron Barbs|[of] p2a: Ferrothorn\n|-damage|p1a: Tapu Koko|71\/100|[from] item: Rocky Helmet|[of] p2a: Ferrothorn\n|\n|t:|1701127921\n|switch|p1a: Chandelure|Chandelure, F|100\/100|[from] U-turn\n|\n|upkeep\n|turn|2\n|\n|t:|1701127942\n|switch|p2a: Heatran|Heatran, F|100\/100\n|move|p1a: Chandelure|Shadow Ball|p2a: Heatran\n|-damage|p2a: Heatran|70\/100\n|\n|-heal|p2a: Heatran|76\/100|[from] item: Leftovers\n|upkeep\n|turn|3\n|\n|t:|1701127947\n|move|p1a: Chandelure|Shadow Ball|p2a: Heatran\n|-damage|p2a: Heatran|48\/100\n|move|p2a: Heatran|Magma Storm|p1a: Chandelure\n|-resisted|p1a: Chandelure\n|-damage|p1a: Chandelure|72\/100\n|-activate|p1a: Chandelure|move: Magma Storm|[of] p2a: Heatran\n|\n|-heal|p2a: Heatran|54\/100|[from] item: Leftovers\n|-damage|p1a: Chandelure|60\/100|[from] move: Magma Storm|[partiallytrapped]\n|upkeep\n|turn|4\n|\n|t:|1701127952\n|move|p1a: Chandelure|Shadow Ball|p2a: Heatran\n|-damage|p2a: Heatran|28\/100\n|move|p2a: Heatran|Earth Power|p1a: Chandelure\n|-supereffective|p1a: Chandelure\n|-damage|p1a: Chandelure|0 fnt\n|faint|p1a: Chandelure\n|\n|-heal|p2a: Heatran|34\/100|[from] item: Leftovers\n|upkeep\n|\n|t:|1701127964\n|switch|p1a: Blaziken|Blaziken, M|100\/100\n|turn|5\n|\n|t:|1701127979\n|switch|p2a: Landorus|Landorus-Therian, M, shiny|100\/100\n|-ability|p2a: Landorus|Intimidate|boost\n|-unboost|p1a: Blaziken|atk|1\n|move|p1a: Blaziken|Close Combat|p2a: Landorus\n|-resisted|p2a: Landorus\n|-damage|p2a: Landorus|86\/100\n|-unboost|p1a: Blaziken|def|1\n|-unboost|p1a: Blaziken|spd|1\n|-damage|p1a: Blaziken|84\/100|[from] item: Rocky Helmet|[of] p2a: Landorus\n|\n|-fieldend|move: Electric Terrain\n|-ability|p1a: Blaziken|Speed Boost|boost\n|-boost|p1a: Blaziken|spe|1\n|upkeep\n|turn|6\n|\n|t:|1701127988\n|switch|p1a: Decidueye|Decidueye, M|100\/100\n|move|p2a: Landorus|Earthquake|p1a: Decidueye\n|-resisted|p1a: Decidueye\n|-damage|p1a: Decidueye|76\/100\n|\n|upkeep\n|turn|7\n|\n|t:|1701128002\n|switch|p2a: Ferrothorn|Ferrothorn, M|93\/100\n|switch|p1a: Blaziken|Blaziken, M|84\/100\n|\n|upkeep\n|turn|8\n|\n|t:|1701128007\n|switch|p2a: Landorus|Landorus-Therian, M, shiny|86\/100\n|-ability|p2a: Landorus|Intimidate|boost\n|-unboost|p1a: Blaziken|atk|1\n|move|p1a: Blaziken|Swords Dance|p1a: Blaziken\n|-boost|p1a: Blaziken|atk|2\n|\n|-ability|p1a: Blaziken|Speed Boost|boost\n|-boost|p1a: Blaziken|spe|1\n|upkeep\n|turn|9\n|\n|t:|1701128010\n|move|p1a: Blaziken|Protect|p1a: Blaziken\n|-singleturn|p1a: Blaziken|Protect\n|move|p2a: Landorus|Earthquake|p1a: Blaziken\n|-activate|p1a: Blaziken|move: Protect\n|\n|-ability|p1a: Blaziken|Speed Boost|boost\n|-boost|p1a: Blaziken|spe|1\n|upkeep\n|turn|10\n|\n|t:|1701128016\n|switch|p1a: Decidueye|Decidueye, M|76\/100\n|move|p2a: Landorus|Earthquake|p1a: Decidueye\n|-resisted|p1a: Decidueye\n|-damage|p1a: Decidueye|50\/100\n|\n|upkeep\n|turn|11\n|\n|t:|1701128019\n|switch|p2a: Ferrothorn|Ferrothorn, M|93\/100\n|move|p1a: Decidueye|Roost|p1a: Decidueye\n|-heal|p1a: Decidueye|100\/100\n|-singleturn|p1a: Decidueye|move: Roost\n|\n|upkeep\n|turn|12\n|\n|t:|1701128023\n|move|p1a: Decidueye|Spirit Shackle|p2a: Ferrothorn\n|-damage|p2a: Ferrothorn|75\/100\n|-activate|p2a: Ferrothorn|trapped\n|move|p2a: Ferrothorn|Gyro Ball|p1a: Decidueye\n|-damage|p1a: Decidueye|65\/100\n|\n|upkeep\n|turn|13\n|\n|t:|1701128029\n|move|p2a: Ferrothorn|Protect|p2a: Ferrothorn\n|-singleturn|p2a: Ferrothorn|Protect\n|move|p1a: Decidueye|Night Shade|p2a: Ferrothorn\n|-activate|p2a: Ferrothorn|move: Protect\n|\n|upkeep\n|turn|14\n|\n|t:|1701128031\n|move|p1a: Decidueye|Night Shade|p2a: Ferrothorn\n|-damage|p2a: Ferrothorn|47\/100\n|move|p2a: Ferrothorn|Gyro Ball|p1a: Decidueye\n|-damage|p1a: Decidueye|27\/100\n|\n|upkeep\n|turn|15\n|\n|t:|1701128035\n|move|p1a: Decidueye|Roost|p1a: Decidueye\n|-heal|p1a: Decidueye|77\/100\n|-singleturn|p1a: Decidueye|move: Roost\n|move|p2a: Ferrothorn|Gyro Ball|p1a: Decidueye\n|-damage|p1a: Decidueye|36\/100\n|\n|upkeep\n|turn|16\n|\n|t:|1701128039\n|move|p1a: Decidueye|Roost|p1a: Decidueye\n|-heal|p1a: Decidueye|86\/100\n|-singleturn|p1a: Decidueye|move: Roost\n|move|p2a: Ferrothorn|Gyro Ball|p1a: Decidueye\n|-damage|p1a: Decidueye|47\/100\n|\n|upkeep\n|turn|17\n|\n|t:|1701128045\n|move|p1a: Decidueye|Roost|p1a: Decidueye\n|-heal|p1a: Decidueye|97\/100\n|-singleturn|p1a: Decidueye|move: Roost\n|move|p2a: Ferrothorn|Gyro Ball|p1a: Decidueye\n|-damage|p1a: Decidueye|58\/100\n|\n|upkeep\n|turn|18\n|\n|t:|1701128051\n|move|p1a: Decidueye|Night Shade|p2a: Ferrothorn\n|-damage|p2a: Ferrothorn|18\/100\n|move|p2a: Ferrothorn|Gyro Ball|p1a: Decidueye\n|-damage|p1a: Decidueye|18\/100\n|\n|upkeep\n|turn|19\n|\n|t:|1701128059\n|move|p1a: Decidueye|Night Shade|p2a: Ferrothorn\n|-damage|p2a: Ferrothorn|0 fnt\n|faint|p2a: Ferrothorn\n|\n|upkeep\n|\n|t:|1701128071\n|switch|p2a: Lopunny|Lopunny, F|100\/100\n|turn|20\n|\n|t:|1701128076\n|detailschange|p2a: Lopunny|Lopunny-Mega, F\n|-mega|p2a: Lopunny|Lopunny|Lopunnite\n|move|p2a: Lopunny|Return|p1a: Decidueye\n|-damage|p1a: Decidueye|0 fnt\n|faint|p1a: Decidueye\n|\n|upkeep\n|\n|t:|1701128090\n|switch|p1a: Great Tusk|Great Tusk|100\/100\n|turn|21\n|\n|t:|1701128119\n|switch|p2a: Landorus|Landorus-Therian, M, shiny|86\/100\n|-ability|p2a: Landorus|Intimidate|boost\n|-unboost|p1a: Great Tusk|atk|1\n|move|p1a: Great Tusk|Ice Spinner|p2a: Landorus\n|-supereffective|p2a: Landorus\n|-damage|p2a: Landorus|34\/100\n|-damage|p1a: Great Tusk|84\/100|[from] item: Rocky Helmet|[of] p2a: Landorus\n|\n|-heal|p1a: Great Tusk|90\/100|[from] item: Leftovers\n|upkeep\n|turn|22\n|\n|t:|1701128128\n|move|p1a: Great Tusk|Close Combat|p2a: Landorus\n|-resisted|p2a: Landorus\n|-damage|p2a: Landorus|21\/100\n|-unboost|p1a: Great Tusk|def|1\n|-unboost|p1a: Great Tusk|spd|1\n|-damage|p1a: Great Tusk|74\/100|[from] item: Rocky Helmet|[of] p2a: Landorus\n|move|p2a: Landorus|Earthquake|p1a: Great Tusk\n|-damage|p1a: Great Tusk|33\/100\n|\n|-heal|p1a: Great Tusk|39\/100|[from] item: Leftovers\n|upkeep\n|turn|23\n|\n|t:|1701128133\n|switch|p2a: Heatran|Heatran, F|34\/100\n|move|p1a: Great Tusk|Ice Spinner|p2a: Heatran\n|-resisted|p2a: Heatran\n|-damage|p2a: Heatran|31\/100\n|\n|-heal|p1a: Great Tusk|45\/100|[from] item: Leftovers\n|-heal|p2a: Heatran|37\/100|[from] item: Leftovers\n|upkeep\n|turn|24\n|\n|t:|1701128137\n|move|p1a: Great Tusk|Close Combat|p2a: Heatran\n|-supereffective|p2a: Heatran\n|-damage|p2a: Heatran|0 fnt\n|-unboost|p1a: Great Tusk|def|1\n|-unboost|p1a: Great Tusk|spd|1\n|faint|p2a: Heatran\n|\n|-heal|p1a: Great Tusk|51\/100|[from] item: Leftovers\n|upkeep\n|\n|t:|1701128141\n|switch|p2a: Lopunny|Lopunny-Mega, F|100\/100\n|turn|25\n|\n|t:|1701128144\n|-end|p1a: Great Tusk|Protosynthesis|[silent]\n|switch|p1a: Blaziken|Blaziken, M|84\/100\n|move|p2a: Lopunny|Ice Punch|p1a: Blaziken\n|-resisted|p1a: Blaziken\n|-damage|p1a: Blaziken|63\/100\n|\n|upkeep\n|turn|26\n|\n|t:|1701128149\n|switch|p2a: Landorus|Landorus-Therian, M, shiny|21\/100\n|-ability|p2a: Landorus|Intimidate|boost\n|-unboost|p1a: Blaziken|atk|1\n|move|p1a: Blaziken|Protect||[still]\n|-fail|p1a: Blaziken\n|\n|-ability|p1a: Blaziken|Speed Boost|boost\n|-boost|p1a: Blaziken|spe|1\n|upkeep\n|turn|27\n|\n|t:|1701128152\n|move|p1a: Blaziken|Acrobatics|p2a: Landorus\n|-damage|p2a: Landorus|12\/100\n|-damage|p1a: Blaziken|46\/100|[from] item: Rocky Helmet|[of] p2a: Landorus\n|move|p2a: Landorus|Earthquake|p1a: Blaziken\n|-supereffective|p1a: Blaziken\n|-damage|p1a: Blaziken|0 fnt\n|faint|p1a: Blaziken\n|\n|upkeep\n|\n|t:|1701128161\n|switch|p1a: Tapu Koko|Tapu Koko|71\/100\n|-fieldstart|move: Electric Terrain|[from] ability: Electric Surge|[of] p1a: Tapu Koko\n|turn|28\n|\n|t:|1701128165\n|move|p1a: Tapu Koko|Reflect|p1a: Tapu Koko\n|-sidestart|p1: papunutriaxd|Reflect\n|move|p2a: Landorus|Earthquake|p1a: Tapu Koko\n|-supereffective|p1a: Tapu Koko\n|-damage|p1a: Tapu Koko|17\/100\n|\n|upkeep\n|turn|29\n|\n|t:|1701128170\n|move|p1a: Tapu Koko|Light Screen|p1a: Tapu Koko\n|-sidestart|p1: papunutriaxd|move: Light Screen\n|move|p2a: Landorus|Earthquake|p1a: Tapu Koko\n|-supereffective|p1a: Tapu Koko\n|-damage|p1a: Tapu Koko|0 fnt\n|faint|p1a: Tapu Koko\n|\n|upkeep\n|\n|t:|1701128173\n|switch|p1a: Sneasler|Sneasler, M|100\/100\n|-enditem|p1a: Sneasler|Electric Seed\n|-boost|p1a: Sneasler|def|1|[from] item: Electric Seed\n|turn|30\n|\n|t:|1701128179\n|switch|p2a: Hatterene|Hatterene, F, shiny|100\/100\n|-terastallize|p1a: Sneasler|Flying\n|move|p1a: Sneasler|Swords Dance|p1a: Sneasler\n|-boost|p1a: Sneasler|atk|2\n|\n|upkeep\n|turn|31\n|\n|t:|1701128185\n|-terastallize|p2a: Hatterene|Poison\n|move|p1a: Sneasler|Dire Claw|p2a: Hatterene\n|-resisted|p2a: Hatterene\n|-damage|p2a: Hatterene|65\/100\n|move|p2a: Hatterene|Psyshock|p1a: Sneasler\n|-damage|p1a: Sneasler|78\/100\n|\n|-heal|p2a: Hatterene|71\/100|[from] item: Leftovers\n|upkeep\n|turn|32\n|\n|t:|1701128192\n|move|p1a: Sneasler|Acrobatics|p2a: Hatterene\n|-damage|p2a: Hatterene|0 fnt\n|faint|p2a: Hatterene\n|\n|-fieldend|move: Electric Terrain\n|upkeep\n|\n|t:|1701128194\n|switch|p2a: Landorus|Landorus-Therian, M, shiny|12\/100\n|-ability|p2a: Landorus|Intimidate|boost\n|-unboost|p1a: Sneasler|atk|1\n|turn|33\n|\n|t:|1701128199\n|switch|p2a: Tornadus|Tornadus-Therian, M|100\/100\n|move|p1a: Sneasler|Acrobatics|p2a: Tornadus\n|-damage|p2a: Tornadus|0 fnt\n|faint|p2a: Tornadus\n|\n|upkeep\n|\n|t:|1701128201\n|switch|p2a: Landorus|Landorus-Therian, M, shiny|12\/100\n|-ability|p2a: Landorus|Intimidate|boost\n|-unboost|p1a: Sneasler|atk|1\n|turn|34\n|\n|t:|1701128204\n|move|p1a: Sneasler|Acrobatics|p2a: Landorus\n|-damage|p2a: Landorus|0 fnt\n|-damage|p1a: Sneasler|62\/100|[from] item: Rocky Helmet|[of] p2a: Landorus\n|faint|p2a: Landorus\n|\n|upkeep\n|\n|t:|1701128206\n|switch|p2a: Lopunny|Lopunny-Mega, F|100\/100\n|turn|35\n|\n|t:|1701128208\n|move|p2a: Lopunny|Fake Out|p1a: Sneasler\n|-damage|p1a: Sneasler|48\/100\n|cant|p1a: Sneasler|flinch\n|\n|-sideend|p1: papunutriaxd|Reflect\n|upkeep\n|turn|36\n|\n|t:|1701128211\n|move|p1a: Sneasler|Close Combat|p2a: Lopunny\n|-supereffective|p2a: Lopunny\n|-damage|p2a: Lopunny|0 fnt\n|-unboost|p1a: Sneasler|def|1\n|-unboost|p1a: Sneasler|spd|1\n|faint|p2a: Lopunny\n|\n|win|papunutriaxd\n|raw|papunutriaxd's rating: 1370 &rarr; <strong>1387<\/strong><br \/>(+17 for winning)\n|raw|Swish_Blaze's rating: 1316 &rarr; <strong>1299<\/strong><br \/>(-17 for losing)\n|c|\u2606papunutriaxd|GG\n|l|\u2606Swish_Blaze\n","uploadtime":1701128224,"views":2,"p1id":"papunutriaxd","p2id":"swishblaze","formatid":"gen9nationaldex","rating":1299,"private":0,"password":""}