{"id":"gen9nationaldex-1993712347","p1":"troubadour9","p2":"Keykard","format":"[Gen 9] National Dex","log":"|j|\u2606troubadour9\n|j|\u2606Keykard\n|t:|1700348398\n|gametype|singles\n|player|p1|troubadour9|sage|\n|player|p2|Keykard|depotagent|\n|teamsize|p1|6\n|teamsize|p2|6\n|gen|9\n|tier|[Gen 9] National Dex\n|rule|HP Percentage Mod: HP is shown in percentages\n|rule|Endless Battle Clause: Forcing endless battles is banned\n|rule|OHKO Clause: OHKO moves are banned\n|rule|Evasion Clause: Evasion abilities, items, and moves are banned\n|rule|Evasion Abilities Clause: Evasion abilities are banned\n|rule|Evasion Items Clause: Evasion items are banned\n|rule|Evasion Moves Clause: Evasion moves are banned\n|rule|Species Clause: Limit one of each Pok\u00e9mon\n|rule|Sleep Clause Mod: Limit one foe put to sleep\n|clearpoke\n|poke|p1|Banette, M|\n|poke|p1|Bisharp, F|\n|poke|p1|Urshifu-*, F|\n|poke|p1|Amoonguss, F|\n|poke|p1|Thundurus-Therian, M|\n|poke|p1|Pawmot, M|\n|poke|p2|Charizard, M|\n|poke|p2|Zapdos|\n|poke|p2|Greninja-*, M|\n|poke|p2|Slowking, F|\n|poke|p2|Cetitan, M|\n|poke|p2|Porygon2|\n|teampreview\n|j| xaviersobased\n|j| jonglobobe\n|j| Megakid20\n|\n|t:|1700348434\n|start\n|switch|p1a: Banette|Banette, M|100\/100\n|switch|p2a: Quack Dilly Oso|Porygon2|100\/100\n|-ability|p2a: Quack Dilly Oso|Download|boost\n|-boost|p2a: Quack Dilly Oso|atk|1\n|-item|p2a: Quack Dilly Oso|Eviolite|[from] ability: Frisk|[of] p1a: Banette|[identify]\n|turn|1\n|\n|t:|1700348452\n|detailschange|p1a: Banette|Banette-Mega, M\n|-mega|p1a: Banette|Banette|Banettite\n|move|p1a: Banette|Swords Dance|p1a: Banette\n|-boost|p1a: Banette|atk|2\n|move|p2a: Quack Dilly Oso|Discharge|p1a: Banette\n|-damage|p1a: Banette|72\/100\n|\n|upkeep\n|turn|2\n|j| Tidaltao\n|j| homixide poopoo\n|\n|t:|1700348464\n|move|p1a: Banette|Encore|p2a: Quack Dilly Oso\n|-start|p2a: Quack Dilly Oso|Encore\n|move|p2a: Quack Dilly Oso|Discharge|p1a: Banette\n|-damage|p1a: Banette|40\/100\n|\n|upkeep\n|turn|3\n|\n|t:|1700348469\n|move|p1a: Banette|Swords Dance|p1a: Banette\n|-boost|p1a: Banette|atk|2\n|move|p2a: Quack Dilly Oso|Discharge|p1a: Banette\n|-damage|p1a: Banette|9\/100\n|\n|upkeep\n|turn|4\n|\n|t:|1700348477\n|move|p1a: Banette|Destiny Bond|p1a: Banette\n|-singlemove|p1a: Banette|Destiny Bond\n|move|p2a: Quack Dilly Oso|Discharge|p1a: Banette\n|-damage|p1a: Banette|0 fnt\n|faint|p1a: Banette\n|-activate|p1a: Banette|move: Destiny Bond\n|faint|p2a: Quack Dilly Oso\n|\n|upkeep\n|c| xaviersobased|Goodbye. Porygon\n|c|\u2606Keykard|the +4 destiny bond huh\n|\n|t:|1700348499\n|switch|p2a: TrApDos|Zapdos, shiny|100\/100\n|switch|p1a: Bisharp|Bisharp, F|100\/100\n|turn|5\n|c| Tidaltao|dude what is going on\n|c| jonglobobe|TrApdos\n|\n|t:|1700348514\n|switch|p1a: Thundurus|Thundurus-Therian, M|100\/100\n|move|p2a: TrApDos|Volt Switch|p1a: Thundurus\n|-immune|p1a: Thundurus|[from] ability: Volt Absorb\n|\n|upkeep\n|turn|6\n|\n|t:|1700348538\n|switch|p2a: Xardviersobased|Charizard, M|100\/100\n|move|p1a: Thundurus|Volt Switch|p2a: Xardviersobased\n|-supereffective|p2a: Xardviersobased\n|-damage|p2a: Xardviersobased|0 fnt\n|faint|p2a: Xardviersobased\n|c| Tidaltao|LMFAO\n|c|\u2606Keykard|sorry xard\n|c| Tidaltao|I love charizard\n|c| xaviersobased|Goodbye. Xardviersobased.\n|c| homixide poopoo|cam.\n|c| homixide poopoo|when.\n|\n|t:|1700348580\n|switch|p1a: Amoonguss|Amoonguss, F, shiny|100\/100|[from] Volt Switch\n|\n|upkeep\n|c| Tidaltao|soon man\n|c| jonglobobe|When xardvier so based switch in, thundurus therian just laughed\n|c| jonglobobe|I wish i was born in troubadours time!\n|\n|t:|1700348614\n|switch|p2a: It's mad brick|Slowking, F|100\/100\n|turn|7\n|\n|t:|1700348627\n|move|p2a: It's mad brick|Chilly Reception|p2a: It's mad brick\n|-weather|Snow\n|\n|t:|1700348634\n|switch|p2a: Evil Cetitan|Cetitan, M, shiny|100\/100|[from] Chilly Reception\n|move|p1a: Amoonguss|Spore|p2a: Evil Cetitan\n|-status|p2a: Evil Cetitan|slp|[from] move: Spore\n|\n|-weather|Snow|[upkeep]\n|upkeep\n|turn|8\n|c| xaviersobased|evil cetitan LMAO\n|c| Megakid20|this shiny is awesome\n|\n|t:|1700348671\n|switch|p1a: Pawmot|Pawmot, M|100\/100\n|cant|p2a: Evil Cetitan|slp\n|\n|-weather|Snow|[upkeep]\n|upkeep\n|turn|9\n|c|\u2606troubadour9|shiny v shiny\n|\n|t:|1700348709\n|switch|p2a: Froggygohaha|Greninja, M|100\/100\n|move|p1a: Pawmot|Revival Blessing|p1a: Pawmot\n|-enditem|p1a: Pawmot|Leppa Berry|[eat]\n|-activate|p1a: Pawmot|item: Leppa Berry|Revival Blessing|[consumed]\n|\n|t:|1700348713\n|-heal|p1: Banette|50\/100|[from] move: Revival Blessing\n|\n|-weather|Snow|[upkeep]\n|upkeep\n|turn|10\n|\n|t:|1700348734\n|switch|p1a: Urshifu|Urshifu-Rapid-Strike, F|100\/100\n|move|p2a: Froggygohaha|Extrasensory|p1a: Urshifu\n|-supereffective|p1a: Urshifu\n|-damage|p1a: Urshifu|0 fnt\n|faint|p1a: Urshifu\n|-ability|p2a: Froggygohaha|Battle Bond|boost\n|-boost|p2a: Froggygohaha|atk|1\n|-boost|p2a: Froggygohaha|spa|1\n|-boost|p2a: Froggygohaha|spe|1\n|-activate|p2a: Froggygohaha|ability: Battle Bond\n|-damage|p2a: Froggygohaha|91\/100|[from] item: Life Orb\n|\n|-weather|Snow|[upkeep]\n|upkeep\n|c|\u2606troubadour9|i forgot he had that\n|c|\u2606troubadour9|lmfaoooo\n|\n|t:|1700348753\n|switch|p1a: Bisharp|Bisharp, F|100\/100\n|turn|11\n|c| xaviersobased|Goodbye. Urshifu.\n|\n|t:|1700348772\n|move|p2a: Froggygohaha|Low Kick|p1a: Bisharp\n|-supereffective|p1a: Bisharp\n|-damage|p1a: Bisharp|9\/100\n|-damage|p2a: Froggygohaha|81\/100|[from] item: Life Orb\n|move|p1a: Bisharp|Knock Off|p2a: Froggygohaha\n|-resisted|p2a: Froggygohaha\n|-damage|p2a: Froggygohaha|33\/100\n|-enditem|p2a: Froggygohaha|Life Orb|[from] move: Knock Off|[of] p1a: Bisharp\n|\n|-weather|Snow|[upkeep]\n|upkeep\n|turn|12\n|c| jonglobobe|Low kick is crazy\n|\n|t:|1700348784\n|move|p2a: Froggygohaha|Water Shuriken|p1a: Bisharp\n|-damage|p1a: Bisharp|0 fnt\n|faint|p1a: Bisharp\n|-hitcount|p1: Bisharp|1\n|\n|-weather|Snow|[upkeep]\n|upkeep\n|\n|t:|1700348791\n|switch|p1a: Pawmot|Pawmot, M|100\/100\n|turn|13\n|c|\u2606Keykard|thats a roll bro\n|c|\u2606troubadour9|fuck\n|c|\u2606troubadour9|i lowk lostr\n|\n|t:|1700348804\n|move|p1a: Pawmot|Mach Punch|p2a: Froggygohaha\n|-supereffective|p2a: Froggygohaha\n|-damage|p2a: Froggygohaha|0 fnt\n|faint|p2a: Froggygohaha\n|\n|-weather|Snow|[upkeep]\n|upkeep\n|c| homixide poopoo|lmfao\n|\n|t:|1700348815\n|switch|p2a: It's mad brick|Slowking, F|100\/100\n|turn|14\n|c| xaviersobased|4 million punch Speed Kill\n|\n|t:|1700348822\n|move|p1a: Pawmot|Double Shock|p2a: It's mad brick\n|-supereffective|p2a: It's mad brick\n|-damage|p2a: It's mad brick|20\/100\n|-start|p1a: Pawmot|typechange|???\/Fighting|[from] move: Double Shock\n|move|p2a: It's mad brick|Reflect|p2a: It's mad brick\n|-sidestart|p2: Keykard|Reflect\n|\n|-weather|none\n|upkeep\n|turn|15\n|\n|t:|1700348828\n|move|p1a: Pawmot|Revival Blessing|p1a: Pawmot\n|\n|t:|1700348830\n|-heal|p1: Urshifu|50\/100|[from] move: Revival Blessing\n|move|p2a: It's mad brick|Slack Off|p2a: It's mad brick\n|-heal|p2a: It's mad brick|70\/100\n|\n|upkeep\n|turn|16\n|c| jonglobobe|Screens on slowking is crazy when you have grimmsnarl\n|c| Tidaltao|I\u2019m crying what is happening\n|c| jonglobobe|I get it though\n|c| xaviersobased|he got the reboot van\n|\n|t:|1700348849\n|switch|p1a: Thundurus|Thundurus-Therian, M|100\/100\n|move|p2a: It's mad brick|Yawn|p1a: Thundurus\n|-start|p1a: Thundurus|move: Yawn|[of] p2a: It's mad brick\n|\n|upkeep\n|turn|17\n|c| xaviersobased|he done got their cards\n|\n|t:|1700348855\n|move|p1a: Thundurus|Volt Switch|p2a: It's mad brick\n|-supereffective|p2a: It's mad brick\n|-damage|p2a: It's mad brick|0 fnt\n|faint|p2a: It's mad brick\n|\n|t:|1700348860\n|switch|p1a: Banette|Banette-Mega, M|50\/100|[from] Volt Switch\n|\n|upkeep\n|\n|t:|1700348865\n|switch|p2a: Evil Cetitan|Cetitan, M, shiny|100\/100 slp\n|turn|18\n|\n|t:|1700348871\n|move|p1a: Banette|Destiny Bond|p1a: Banette\n|-singlemove|p1a: Banette|Destiny Bond\n|cant|p2a: Evil Cetitan|slp\n|\n|-sideend|p2: Keykard|Reflect\n|upkeep\n|turn|19\n|\n|t:|1700348882\n|-curestatus|p2a: Evil Cetitan|slp|[msg]\n|move|p2a: Evil Cetitan|Belly Drum|p2a: Evil Cetitan\n|-damage|p2a: Evil Cetitan|50\/100\n|-setboost|p2a: Evil Cetitan|atk|6|[from] move: Belly Drum\n|-enditem|p2a: Evil Cetitan|Sitrus Berry|[eat]\n|-heal|p2a: Evil Cetitan|75\/100|[from] item: Sitrus Berry\n|move|p1a: Banette|Poltergeist||[still]\n|-fail|p1a: Banette\n|\n|upkeep\n|turn|20\n|c| homixide poopoo|LMFAO\n|c|\u2606Keykard|oh no.\n|\n|t:|1700348894\n|move|p2a: Evil Cetitan|Ice Shard|p1a: Banette\n|-damage|p1a: Banette|0 fnt\n|faint|p1a: Banette\n|\n|upkeep\n|c| xaviersobased|oh No bro\n|c| homixide poopoo|LMFAOOOOOOOOOOOOOO\n|c| Megakid20|blaine\n|c| xaviersobased|Goodbye. Troubadour.\n|\n|t:|1700348911\n|switch|p1a: Urshifu|Urshifu-Rapid-Strike, F|50\/100\n|turn|21\n|c|\u2606Keykard|ice shard outspeeds prankster.\n|\n|t:|1700348920\n|-terastallize|p1a: Urshifu|Steel\n|move|p2a: Evil Cetitan|Ice Shard|p1a: Urshifu\n|-resisted|p1a: Urshifu\n|-damage|p1a: Urshifu|14\/100\n|move|p1a: Urshifu|Close Combat|p2a: Evil Cetitan\n|-supereffective|p2a: Evil Cetitan\n|-damage|p2a: Evil Cetitan|0 fnt\n|-unboost|p1a: Urshifu|def|1\n|-unboost|p1a: Urshifu|spd|1\n|faint|p2a: Evil Cetitan\n|\n|upkeep\n|c| Tidaltao|He just goobed u\n|c| Megakid20|oh\n|c|\u2606Keykard|oh no.\n|c| xaviersobased|Nvm\n|c| Megakid20|u got this\n|c| Megakid20|were so back\n|c| Megakid20|i always believed\n|\n|t:|1700348943\n|switch|p2a: TrApDos|Zapdos, shiny|100\/100\n|turn|22\n|c| homixide poopoo|kappa\n|\n|t:|1700348946\n|move|p1a: Urshifu|Surging Strikes|p2a: TrApDos\n|-crit|p2a: TrApDos\n|-damage|p2a: TrApDos|85\/100\n|-crit|p2a: TrApDos\n|-damage|p2a: TrApDos|68\/100\n|-crit|p2a: TrApDos\n|-damage|p2a: TrApDos|51\/100\n|-hitcount|p2a: TrApDos|3\n|move|p2a: TrApDos|Discharge|p1a: Urshifu\n|-damage|p1a: Urshifu|0 fnt\n|faint|p1a: Urshifu\n|\n|upkeep\n|c|\u2606Keykard|yeah thats game\n|c| xaviersobased|TROUB SWEEP!\n|\n|t:|1700348959\n|switch|p1a: Thundurus|Thundurus-Therian, M|100\/100\n|turn|23\n|\n|t:|1700348963\n|move|p1a: Thundurus|Thunderbolt|p2a: TrApDos\n|-damage|p2a: TrApDos|0 fnt\n|faint|p2a: TrApDos\n|\n|win|troubadour9\n","uploadtime":1700348968,"views":14,"p1id":"troubadour9","p2id":"keykard","formatid":"gen9nationaldex","rating":0,"private":0,"password":""}