{"id":"gen9nationaldex-1994208018","p1":"pigeonmuffdiver","p2":"Carrotfromkanto","format":"[Gen 9] National Dex","log":"|j|\u2606pigeonmuffdiver\n|j|\u2606Carrotfromkanto\n|t:|1700419021\n|gametype|singles\n|player|p1|pigeonmuffdiver|boarder|1225\n|player|p2|Carrotfromkanto|cynthia|1291\n|teamsize|p1|6\n|teamsize|p2|6\n|gen|9\n|tier|[Gen 9] National Dex\n|rated|\n|rule|HP Percentage Mod: HP is shown in percentages\n|rule|Endless Battle Clause: Forcing endless battles is banned\n|rule|OHKO Clause: OHKO moves are banned\n|rule|Evasion Clause: Evasion abilities, items, and moves are banned\n|rule|Evasion Abilities Clause: Evasion abilities are banned\n|rule|Evasion Items Clause: Evasion items are banned\n|rule|Evasion Moves Clause: Evasion moves are banned\n|rule|Species Clause: Limit one of each Pok\u00e9mon\n|rule|Sleep Clause Mod: Limit one foe put to sleep\n|clearpoke\n|poke|p1|Golisopod, M|\n|poke|p1|Arcanine-Hisui, M|\n|poke|p1|Exeggutor-Alola, F|\n|poke|p1|Kleavor, M|\n|poke|p1|Slowbro, F|\n|poke|p1|Runerigus, F|\n|poke|p2|Wailord, F|\n|poke|p2|Latias, F|\n|poke|p2|Clodsire, M|\n|poke|p2|Dondozo, M|\n|poke|p2|Blissey, F|\n|poke|p2|Gliscor, F|\n|teampreview\n|\n|t:|1700419039\n|start\n|switch|p1a: Kleavor|Kleavor, M|100\/100\n|switch|p2a: Batman|Gliscor, F|100\/100\n|turn|1\n|\n|t:|1700419048\n|move|p1a: Kleavor|Stone Axe|p2a: Batman\n|-damage|p2a: Batman|60\/100\n|-sidestart|p2: Carrotfromkanto|move: Stealth Rock\n|move|p2a: Batman|Knock Off|p1a: Kleavor\n|-damage|p1a: Kleavor|72\/100\n|-enditem|p1a: Kleavor|Choice Scarf|[from] move: Knock Off|[of] p2a: Batman\n|\n|-status|p2a: Batman|tox|[from] item: Toxic Orb\n|upkeep\n|turn|2\n|\n|t:|1700419060\n|move|p1a: Kleavor|U-turn|p2a: Batman\n|-resisted|p2a: Batman\n|-damage|p2a: Batman|44\/100 tox\n|\n|t:|1700419064\n|switch|p1a: Runerigus|Runerigus, F|100\/100|[from] U-turn\n|move|p2a: Batman|Defog|p1a: Runerigus\n|-unboost|p1a: Runerigus|evasion|1\n|-sideend|p2: Carrotfromkanto|Stealth Rock|[from] move: Defog|[of] p2a: Batman\n|\n|-heal|p2a: Batman|57\/100 tox|[from] ability: Poison Heal\n|upkeep\n|turn|3\n|\n|t:|1700419076\n|move|p2a: Batman|Roost|p2a: Batman\n|-heal|p2a: Batman|100\/100 tox\n|-singleturn|p2a: Batman|move: Roost\n|move|p1a: Runerigus|Trick Room|p1a: Runerigus\n|-fieldstart|move: Trick Room|[of] p1a: Runerigus\n|\n|upkeep\n|turn|4\n|\n|t:|1700419086\n|switch|p1a: Exeggutor|Exeggutor-Alola, F|100\/100\n|-item|p2a: Batman|Toxic Orb|[from] ability: Frisk|[of] p1a: Exeggutor|[identify]\n|move|p2a: Batman|Knock Off|p1a: Exeggutor\n|-crit|p1a: Exeggutor\n|-damage|p1a: Exeggutor|70\/100\n|-enditem|p1a: Exeggutor|Choice Specs|[from] move: Knock Off|[of] p2a: Batman\n|\n|upkeep\n|turn|5\n|\n|t:|1700419101\n|switch|p2a: () Egg Woman ()|Blissey, F|100\/100\n|move|p1a: Exeggutor|Draco Meteor|p2a: () Egg Woman ()\n|-damage|p2a: () Egg Woman ()|75\/100\n|-unboost|p1a: Exeggutor|spa|2\n|\n|upkeep\n|turn|6\n|\n|t:|1700419113\n|switch|p1a: Runerigus|Runerigus, F|100\/100\n|move|p2a: () Egg Woman ()|Wish|p2a: () Egg Woman ()\n|\n|upkeep\n|turn|7\n|\n|t:|1700419122\n|switch|p2a: Batman|Gliscor, F|100\/100 tox\n|move|p1a: Runerigus|Body Press|p2a: Batman\n|-resisted|p2a: Batman\n|-damage|p2a: Batman|87\/100 tox\n|\n|-heal|p2a: Batman|100\/100 tox|[from] move: Wish|[wisher] () Egg Woman ()\n|-fieldend|move: Trick Room\n|upkeep\n|turn|8\n|\n|t:|1700419132\n|move|p2a: Batman|Knock Off|p1a: Runerigus\n|-supereffective|p1a: Runerigus\n|-damage|p1a: Runerigus|85\/100\n|-activate|p1a: Runerigus|ability: Wandering Spirit|Poison Heal|Wandering Spirit|[of] p2a: Batman\n|move|p1a: Runerigus|Trick Room|p1a: Runerigus\n|-fieldstart|move: Trick Room|[of] p1a: Runerigus\n|\n|-damage|p2a: Batman|88\/100 tox|[from] psn\n|upkeep\n|turn|9\n|\n|t:|1700419146\n|switch|p1a: Exeggutor|Exeggutor-Alola, F|70\/100\n|-item|p2a: Batman|Toxic Orb|[from] ability: Frisk|[of] p1a: Exeggutor|[identify]\n|switch|p2a: Yo GranGran Face|Dondozo, M|100\/100\n|\n|upkeep\n|turn|10\n|\n|t:|1700419155\n|switch|p2a: Turd|Clodsire, M|100\/100\n|-terastallize|p1a: Exeggutor|Grass\n|move|p1a: Exeggutor|Leaf Storm|p2a: Turd\n|-damage|p2a: Turd|47\/100\n|-unboost|p1a: Exeggutor|spa|2\n|\n|upkeep\n|turn|11\n|\n|t:|1700419164\n|move|p2a: Turd|Stealth Rock|p1a: Exeggutor\n|-sidestart|p1: pigeonmuffdiver|move: Stealth Rock\n|move|p1a: Exeggutor|Psyshock|p2a: Turd\n|-supereffective|p2a: Turd\n|-damage|p2a: Turd|14\/100\n|\n|upkeep\n|turn|12\n|\n|t:|1700419190\n|move|p2a: Turd|Recover|p2a: Turd\n|-heal|p2a: Turd|64\/100\n|move|p1a: Exeggutor|Psyshock|p2a: Turd\n|-supereffective|p2a: Turd\n|-damage|p2a: Turd|32\/100\n|\n|-fieldend|move: Trick Room\n|upkeep\n|turn|13\n|\n|t:|1700419197\n|move|p1a: Exeggutor|Psyshock|p2a: Turd\n|-supereffective|p2a: Turd\n|-damage|p2a: Turd|0 fnt\n|faint|p2a: Turd\n|\n|upkeep\n|inactive|Battle timer is ON: inactive players will automatically lose when time's up. (requested by pigeonmuffdiver)\n|\n|t:|1700419256\n|switch|p2a: FENTANYL|Wailord, F|100\/100\n|-ability|p2a: FENTANYL|Pressure\n|turn|14\n|\n|t:|1700419275\n|-terastallize|p2a: FENTANYL|Ghost\n|move|p2a: FENTANYL|Block|p1a: Exeggutor\n|-activate|p1a: Exeggutor|trapped\n|move|p1a: Exeggutor|Leaf Storm|p2a: FENTANYL\n|-damage|p2a: FENTANYL|54\/100\n|-unboost|p1a: Exeggutor|spa|2\n|\n|-heal|p2a: FENTANYL|60\/100|[from] item: Leftovers\n|upkeep\n|turn|15\n|\n|t:|1700419290\n|move|p2a: FENTANYL|Noble Roar|p1a: Exeggutor\n|-unboost|p1a: Exeggutor|atk|1\n|-unboost|p1a: Exeggutor|spa|1\n|move|p1a: Exeggutor|Leaf Storm|p2a: FENTANYL\n|-damage|p2a: FENTANYL|35\/100\n|-unboost|p1a: Exeggutor|spa|1\n|\n|-heal|p2a: FENTANYL|42\/100|[from] item: Leftovers\n|upkeep\n|turn|16\n|\n|t:|1700419303\n|move|p2a: FENTANYL|Noble Roar|p1a: Exeggutor\n|-unboost|p1a: Exeggutor|atk|1\n|-unboost|p1a: Exeggutor|spa|0\n|move|p1a: Exeggutor|Leaf Storm|p2a: FENTANYL\n|-damage|p2a: FENTANYL|22\/100\n|\n|-heal|p2a: FENTANYL|28\/100|[from] item: Leftovers\n|upkeep\n|turn|17\n|\n|t:|1700419310\n|move|p2a: FENTANYL|Rest|p2a: FENTANYL\n|-status|p2a: FENTANYL|slp|[from] move: Rest\n|-heal|p2a: FENTANYL|100\/100 slp|[silent]\n|move|p1a: Exeggutor|Leaf Storm|p2a: FENTANYL\n|-damage|p2a: FENTANYL|80\/100 slp\n|\n|-heal|p2a: FENTANYL|86\/100 slp|[from] item: Leftovers\n|upkeep\n|turn|18\n|\n|t:|1700419323\n|cant|p2a: FENTANYL|slp\n|move|p1a: Exeggutor|Draco Meteor|p2a: FENTANYL\n|-damage|p2a: FENTANYL|71\/100 slp\n|\n|-heal|p2a: FENTANYL|78\/100 slp|[from] item: Leftovers\n|upkeep\n|turn|19\n|\n|t:|1700419330\n|cant|p2a: FENTANYL|slp\n|move|p1a: Exeggutor|Draco Meteor|p2a: FENTANYL\n|-damage|p2a: FENTANYL|63\/100 slp\n|\n|-heal|p2a: FENTANYL|69\/100 slp|[from] item: Leftovers\n|upkeep\n|turn|20\n|j| Zachary Zorua 7\n|\n|t:|1700419336\n|-curestatus|p2a: FENTANYL|slp|[msg]\n|move|p2a: FENTANYL|Defense Curl|p2a: FENTANYL\n|-boost|p2a: FENTANYL|def|1\n|move|p1a: Exeggutor|Draco Meteor|p2a: FENTANYL\n|-damage|p2a: FENTANYL|54\/100\n|\n|-heal|p2a: FENTANYL|60\/100|[from] item: Leftovers\n|upkeep\n|turn|21\n|\n|t:|1700419345\n|move|p2a: FENTANYL|Defense Curl|p2a: FENTANYL\n|-boost|p2a: FENTANYL|def|1\n|move|p1a: Exeggutor|Draco Meteor|p2a: FENTANYL\n|-damage|p2a: FENTANYL|45\/100\n|\n|-heal|p2a: FENTANYL|51\/100|[from] item: Leftovers\n|upkeep\n|turn|22\n|\n|t:|1700419352\n|move|p2a: FENTANYL|Defense Curl|p2a: FENTANYL\n|-boost|p2a: FENTANYL|def|1\n|move|p1a: Exeggutor|Flamethrower|p2a: FENTANYL\n|-damage|p2a: FENTANYL|44\/100\n|\n|-heal|p2a: FENTANYL|50\/100|[from] item: Leftovers\n|upkeep\n|turn|23\n|\n|t:|1700419359\n|move|p2a: FENTANYL|Defense Curl|p2a: FENTANYL\n|-boost|p2a: FENTANYL|def|1\n|move|p1a: Exeggutor|Flamethrower|p2a: FENTANYL\n|-crit|p2a: FENTANYL\n|-damage|p2a: FENTANYL|9\/100\n|\n|-heal|p2a: FENTANYL|15\/100|[from] item: Leftovers\n|upkeep\n|turn|24\n|l| Zachary Zorua 7\n|\n|t:|1700419367\n|move|p2a: FENTANYL|Rest|p2a: FENTANYL\n|-status|p2a: FENTANYL|slp|[from] move: Rest\n|-heal|p2a: FENTANYL|100\/100 slp|[silent]\n|move|p1a: Exeggutor|Flamethrower|p2a: FENTANYL\n|-damage|p2a: FENTANYL|92\/100 slp\n|\n|-heal|p2a: FENTANYL|98\/100 slp|[from] item: Leftovers\n|upkeep\n|turn|25\n|\n|t:|1700419375\n|cant|p2a: FENTANYL|slp\n|move|p1a: Exeggutor|Flamethrower|p2a: FENTANYL\n|-damage|p2a: FENTANYL|91\/100 slp\n|\n|-heal|p2a: FENTANYL|97\/100 slp|[from] item: Leftovers\n|upkeep\n|turn|26\n|\n|t:|1700419382\n|cant|p2a: FENTANYL|slp\n|move|p1a: Exeggutor|Flamethrower|p2a: FENTANYL\n|-damage|p2a: FENTANYL|89\/100 slp\n|\n|-heal|p2a: FENTANYL|95\/100 slp|[from] item: Leftovers\n|upkeep\n|turn|27\n|\n|t:|1700419390\n|-curestatus|p2a: FENTANYL|slp|[msg]\n|move|p2a: FENTANYL|Defense Curl|p2a: FENTANYL\n|-boost|p2a: FENTANYL|def|1\n|move|p1a: Exeggutor|Flamethrower|p2a: FENTANYL\n|-damage|p2a: FENTANYL|87\/100\n|\n|-heal|p2a: FENTANYL|94\/100|[from] item: Leftovers\n|upkeep\n|turn|28\n|\n|t:|1700419400\n|move|p2a: FENTANYL|Defense Curl|p2a: FENTANYL\n|-boost|p2a: FENTANYL|def|1\n|move|p1a: Exeggutor|Flamethrower|p2a: FENTANYL\n|-damage|p2a: FENTANYL|87\/100\n|\n|-heal|p2a: FENTANYL|93\/100|[from] item: Leftovers\n|upkeep\n|turn|29\n|\n|t:|1700419411\n|move|p2a: FENTANYL|Noble Roar|p1a: Exeggutor\n|-unboost|p1a: Exeggutor|atk|1\n|-unboost|p1a: Exeggutor|spa|0\n|move|p1a: Exeggutor|Flamethrower|p2a: FENTANYL\n|-damage|p2a: FENTANYL|86\/100\n|\n|-heal|p2a: FENTANYL|92\/100|[from] item: Leftovers\n|upkeep\n|turn|30\n|\n|t:|1700419419\n|move|p2a: FENTANYL|Noble Roar|p1a: Exeggutor\n|-unboost|p1a: Exeggutor|atk|1\n|-unboost|p1a: Exeggutor|spa|0\n|move|p1a: Exeggutor|Flamethrower|p2a: FENTANYL\n|-damage|p2a: FENTANYL|84\/100\n|\n|-heal|p2a: FENTANYL|91\/100|[from] item: Leftovers\n|upkeep\n|turn|31\n|\n|t:|1700419426\n|move|p2a: FENTANYL|Noble Roar|p1a: Exeggutor\n|-unboost|p1a: Exeggutor|atk|1\n|-unboost|p1a: Exeggutor|spa|0\n|move|p1a: Exeggutor|Flamethrower|p2a: FENTANYL\n|-damage|p2a: FENTANYL|82\/100\n|\n|-heal|p2a: FENTANYL|88\/100|[from] item: Leftovers\n|upkeep\n|turn|32\n|\n|t:|1700419429\n|move|p2a: FENTANYL|Noble Roar|p1a: Exeggutor\n|-unboost|p1a: Exeggutor|atk|1\n|-unboost|p1a: Exeggutor|spa|0\n|move|p1a: Exeggutor|Flamethrower|p2a: FENTANYL\n|-damage|p2a: FENTANYL|81\/100\n|\n|-heal|p2a: FENTANYL|87\/100|[from] item: Leftovers\n|upkeep\n|turn|33\n|\n|t:|1700419432\n|move|p2a: FENTANYL|Defense Curl|p2a: FENTANYL\n|-boost|p2a: FENTANYL|def|0\n|move|p1a: Exeggutor|Flamethrower|p2a: FENTANYL\n|-damage|p2a: FENTANYL|79\/100\n|\n|-heal|p2a: FENTANYL|86\/100|[from] item: Leftovers\n|upkeep\n|turn|34\n|\n|t:|1700419439\n|move|p2a: FENTANYL|Defense Curl|p2a: FENTANYL\n|-boost|p2a: FENTANYL|def|0\n|move|p1a: Exeggutor|Psyshock|p2a: FENTANYL\n|-damage|p2a: FENTANYL|84\/100\n|\n|-heal|p2a: FENTANYL|90\/100|[from] item: Leftovers\n|upkeep\n|turn|35\n|\n|t:|1700419447\n|move|p2a: FENTANYL|Defense Curl|p2a: FENTANYL\n|-boost|p2a: FENTANYL|def|0\n|move|p1a: Exeggutor|Psyshock|p2a: FENTANYL\n|-damage|p2a: FENTANYL|88\/100\n|\n|-heal|p2a: FENTANYL|95\/100|[from] item: Leftovers\n|upkeep\n|turn|36\n|c|\u2606Carrotfromkanto|lol\n|j| Inhaler1992\n|\n|t:|1700419455\n|move|p2a: FENTANYL|Defense Curl|p2a: FENTANYL\n|-boost|p2a: FENTANYL|def|0\n|move|p1a: Exeggutor|Psyshock|p2a: FENTANYL\n|-damage|p2a: FENTANYL|93\/100\n|\n|-heal|p2a: FENTANYL|99\/100|[from] item: Leftovers\n|upkeep\n|turn|37\n|\n|t:|1700419462\n|move|p2a: FENTANYL|Defense Curl|p2a: FENTANYL\n|-boost|p2a: FENTANYL|def|0\n|move|p1a: Exeggutor|Psyshock|p2a: FENTANYL\n|-damage|p2a: FENTANYL|98\/100\n|\n|-heal|p2a: FENTANYL|100\/100|[from] item: Leftovers\n|upkeep\n|turn|38\n|\n|t:|1700419468\n|move|p2a: FENTANYL|Defense Curl|p2a: FENTANYL\n|-boost|p2a: FENTANYL|def|0\n|move|p1a: Exeggutor|Psyshock|p2a: FENTANYL\n|-damage|p2a: FENTANYL|99\/100\n|\n|-heal|p2a: FENTANYL|100\/100|[from] item: Leftovers\n|upkeep\n|turn|39\n|\n|t:|1700419475\n|move|p2a: FENTANYL|Defense Curl|p2a: FENTANYL\n|-boost|p2a: FENTANYL|def|0\n|move|p1a: Exeggutor|Psyshock|p2a: FENTANYL\n|-damage|p2a: FENTANYL|99\/100\n|\n|-heal|p2a: FENTANYL|100\/100|[from] item: Leftovers\n|upkeep\n|turn|40\n|\n|t:|1700419481\n|move|p2a: FENTANYL|Defense Curl|p2a: FENTANYL\n|-boost|p2a: FENTANYL|def|0\n|move|p1a: Exeggutor|Psyshock|p2a: FENTANYL\n|-damage|p2a: FENTANYL|99\/100\n|\n|-heal|p2a: FENTANYL|100\/100|[from] item: Leftovers\n|upkeep\n|turn|41\n|c|\u2606Carrotfromkanto|No PP left\n|c|\u2606Carrotfromkanto|struggle to death now\n|\n|t:|1700419492\n|move|p2a: FENTANYL|Defense Curl|p2a: FENTANYL\n|-boost|p2a: FENTANYL|def|0\n|-activate|p1a: Exeggutor|move: Struggle\n|move|p1a: Exeggutor|Struggle|p2a: FENTANYL\n|-damage|p2a: FENTANYL|99\/100\n|-damage|p1a: Exeggutor|44\/100|[from] recoil\n|\n|-heal|p2a: FENTANYL|100\/100|[from] item: Leftovers\n|upkeep\n|turn|42\n|c|\u2606pigeonmuffdiver|then i pp stall you afterwards\n|inactive|pigeonmuffdiver has 120 seconds left.\n|c|\u2606pigeonmuffdiver|good job wasting everyones time you dork\n|c|\u2606Carrotfromkanto|oop\n|inactive|pigeonmuffdiver has 90 seconds left.\n|c|\u2606Carrotfromkanto|i still have 42 and 47 defense curl and noble roar\n|c| Inhaler1992|You\u2019re the one losing a mon to wailord\n|c| Inhaler1992|so\n|c|\u2606pigeonmuffdiver|and you got your loser friend in here\n|c|\u2606pigeonmuffdiver|wasting 3 peoples time\n|c|\u2606pigeonmuffdiver|congrats\n|c|\u2606Carrotfromkanto|my friend is the best ok\n|inactive|pigeonmuffdiver has 60 seconds left.\n|c| Inhaler1992|Bro can\u2019t get a mirror\n|c|\u2606pigeonmuffdiver|this must be how youve climbed the ladder to 1200's\n|\n|t:|1700419596\n|move|p2a: FENTANYL|Defense Curl|p2a: FENTANYL\n|-boost|p2a: FENTANYL|def|0\n|-activate|p1a: Exeggutor|move: Struggle\n|move|p1a: Exeggutor|Struggle|p2a: FENTANYL\n|-damage|p2a: FENTANYL|99\/100\n|-damage|p1a: Exeggutor|19\/100|[from] recoil\n|\n|-heal|p2a: FENTANYL|100\/100|[from] item: Leftovers\n|upkeep\n|turn|43\n|c|\u2606Carrotfromkanto|this is really low ladder lol\n|c| Inhaler1992|This is an alt lmao\n|c|\u2606pigeonmuffdiver|surew\n|c|\u2606Carrotfromkanto|you talk like climbing here is hard\n|c|\u2606pigeonmuffdiver|im so sure its an alt\n|j| Charizardman2008\n|c|\u2606Carrotfromkanto|yeah this is an alt the other one is currently locked lol\n|c|\u2606pigeonmuffdiver|im so sure your other account is good and not some stall loser shit\n|\n|t:|1700419623\n|move|p2a: FENTANYL|Defense Curl|p2a: FENTANYL\n|-boost|p2a: FENTANYL|def|0\n|-activate|p1a: Exeggutor|move: Struggle\n|move|p1a: Exeggutor|Struggle|p2a: FENTANYL\n|-damage|p2a: FENTANYL|99\/100\n|-damage|p1a: Exeggutor|0 fnt|[from] recoil\n|faint|p1a: Exeggutor\n|\n|-heal|p2a: FENTANYL|100\/100|[from] item: Leftovers\n|upkeep\n|inactive|pigeonmuffdiver has 60 seconds left.\n|c| Inhaler1992|I run balance\n|\n|t:|1700419634\n|switch|p1a: Golisopod|Golisopod, M|100\/100\n|turn|44\n|c| Inhaler1992|so\n|c|\u2606Carrotfromkanto|why are you so aggresive baby\n|\n|t:|1700419641\n|move|p2a: FENTANYL|Block|p1a: Golisopod\n|-activate|p1a: Golisopod|trapped\n|move|p1a: Golisopod|Knock Off|p2a: FENTANYL\n|-supereffective|p2a: FENTANYL\n|-crit|p2a: FENTANYL\n|-damage|p2a: FENTANYL|18\/100\n|-enditem|p2a: FENTANYL|Leftovers|[from] move: Knock Off|[of] p1a: Golisopod\n|\n|upkeep\n|turn|45\n|inactive|pigeonmuffdiver has 60 seconds left.\n|\n|t:|1700419661\n|move|p1a: Golisopod|Aqua Jet|p2a: FENTANYL\n|-damage|p2a: FENTANYL|13\/100\n|move|p2a: FENTANYL|Rest|p2a: FENTANYL\n|-status|p2a: FENTANYL|slp|[from] move: Rest\n|-heal|p2a: FENTANYL|100\/100 slp|[silent]\n|\n|upkeep\n|turn|46\n|c| Inhaler1992|Lol\n|\n|t:|1700419667\n|move|p1a: Golisopod|Aqua Jet|p2a: FENTANYL\n|-damage|p2a: FENTANYL|96\/100 slp\n|cant|p2a: FENTANYL|slp\n|\n|upkeep\n|turn|47\n|\n|t:|1700419670\n|move|p1a: Golisopod|Aqua Jet|p2a: FENTANYL\n|-damage|p2a: FENTANYL|91\/100 slp\n|cant|p2a: FENTANYL|slp\n|\n|upkeep\n|turn|48\n|\n|t:|1700419672\n|move|p1a: Golisopod|Aqua Jet|p2a: FENTANYL\n|-damage|p2a: FENTANYL|86\/100 slp\n|-curestatus|p2a: FENTANYL|slp|[msg]\n|move|p2a: FENTANYL|Noble Roar|p1a: Golisopod\n|-unboost|p1a: Golisopod|atk|1\n|-unboost|p1a: Golisopod|spa|1\n|\n|upkeep\n|turn|49\n|\n|t:|1700419675\n|move|p1a: Golisopod|Aqua Jet|p2a: FENTANYL\n|-damage|p2a: FENTANYL|82\/100\n|move|p2a: FENTANYL|Noble Roar|p1a: Golisopod\n|-unboost|p1a: Golisopod|atk|1\n|-unboost|p1a: Golisopod|spa|1\n|\n|upkeep\n|turn|50\n|inactive|pigeonmuffdiver has 90 seconds left.\n|c|\u2606Carrotfromkanto|killing golisopod is just like 60 turns\n|c|\u2606Carrotfromkanto|we got this lol\n|c|\u2606pigeonmuffdiver|we\n|c|\u2606pigeonmuffdiver|you need a team\n|c|\u2606Carrotfromkanto|i have enough PP\n|c|\u2606pigeonmuffdiver|for this dumb shit\n|c|\u2606Carrotfromkanto|its working\n|c|\u2606pigeonmuffdiver|if only you had PP irl\n|inactive|pigeonmuffdiver has 60 seconds left.\n|\n|t:|1700419720\n|move|p1a: Golisopod|First Impression||[still]\n|-hint|First Impression only works on your first turn out.\n|-fail|p1a: Golisopod\n|move|p2a: FENTANYL|Noble Roar|p1a: Golisopod\n|-unboost|p1a: Golisopod|atk|1\n|-unboost|p1a: Golisopod|spa|1\n|\n|upkeep\n|turn|51\n|c| Inhaler1992|This is a f*cking wailord\n|c|\u2606pigeonmuffdiver|so is your mom\n|inactive|pigeonmuffdiver has 60 seconds left.\n|c|\u2606Carrotfromkanto|first impression doesnt work like that you silly lol\n|c| Inhaler1992|and you\u2019re malding over it\n|\n|t:|1700419735\n|move|p1a: Golisopod|First Impression||[still]\n|-hint|First Impression only works on your first turn out.\n|-fail|p1a: Golisopod\n|move|p2a: FENTANYL|Noble Roar|p1a: Golisopod\n|-unboost|p1a: Golisopod|atk|1\n|-unboost|p1a: Golisopod|spa|1\n|\n|upkeep\n|turn|52\n|c| Charizardman2008|I think we should call this wailord set funlord\n|c|\u2606pigeonmuffdiver|3 losers\n|inactive|pigeonmuffdiver has 60 seconds left.\n|c| Inhaler1992|And 1 worse loser\n|c|\u2606pigeonmuffdiver|all watching low ladder stall\n|c|\u2606Carrotfromkanto|this is StallLord Activities\n|\n|t:|1700419766\n|move|p1a: Golisopod|First Impression||[still]\n|-hint|First Impression only works on your first turn out.\n|-fail|p1a: Golisopod\n|move|p2a: FENTANYL|Noble Roar|p1a: Golisopod\n|-unboost|p1a: Golisopod|atk|1\n|-unboost|p1a: Golisopod|spa|1\n|\n|upkeep\n|turn|53\n|c|\u2606pigeonmuffdiver|my first impression is that you guys don't have a lot of friends\n|\n|t:|1700419780\n|move|p1a: Golisopod|First Impression||[still]\n|-hint|First Impression only works on your first turn out.\n|-fail|p1a: Golisopod\n|move|p2a: FENTANYL|Noble Roar|p1a: Golisopod\n|-unboost|p1a: Golisopod|atk|1\n|-unboost|p1a: Golisopod|spa|1\n|\n|upkeep\n|turn|54\n|j| Epicgamergod69\n|c| Inhaler1992|Actually I have 8 irl friends\n|c| Inhaler1992|lmao\n|c| Charizardman2008|FunLord as in like Funbro\n|c|\u2606Carrotfromkanto|Welcome\n|inactive|pigeonmuffdiver has 30 seconds left.\n|c| Epicgamergod69|What the fuck is mans running\n|c|\u2606pigeonmuffdiver|this is going to make an amazing youtube video for your 4 followers\n|c|\u2606pigeonmuffdiver|look, theyre all here\n|inactive|pigeonmuffdiver has 20 seconds left.\n|\n|t:|1700419812\n|move|p1a: Golisopod|First Impression||[still]\n|-hint|First Impression only works on your first turn out.\n|-fail|p1a: Golisopod\n|move|p2a: FENTANYL|Defense Curl|p2a: FENTANYL\n|-boost|p2a: FENTANYL|def|0\n|\n|upkeep\n|turn|55\n|inactive|pigeonmuffdiver has 30 seconds left this turn.\n|c| Epicgamergod69|Whailord lmao this is a moron\n|\n|t:|1700419820\n|move|p1a: Golisopod|First Impression||[still]\n|-hint|First Impression only works on your first turn out.\n|-fail|p1a: Golisopod\n|move|p2a: FENTANYL|Defense Curl|p2a: FENTANYL\n|-boost|p2a: FENTANYL|def|0\n|\n|upkeep\n|turn|56\n|\n|t:|1700419827\n|move|p1a: Golisopod|First Impression||[still]\n|-hint|First Impression only works on your first turn out.\n|-fail|p1a: Golisopod\n|move|p2a: FENTANYL|Defense Curl|p2a: FENTANYL\n|-boost|p2a: FENTANYL|def|0\n|\n|upkeep\n|turn|57\n|\n|t:|1700419833\n|move|p1a: Golisopod|First Impression||[still]\n|-hint|First Impression only works on your first turn out.\n|-fail|p1a: Golisopod\n|move|p2a: FENTANYL|Defense Curl|p2a: FENTANYL\n|-boost|p2a: FENTANYL|def|0\n|\n|upkeep\n|turn|58\n|\n|t:|1700419838\n|move|p2a: FENTANYL|Defense Curl|p2a: FENTANYL\n|-boost|p2a: FENTANYL|def|0\n|move|p1a: Golisopod|Knock Off|p2a: FENTANYL\n|-supereffective|p2a: FENTANYL\n|-damage|p2a: FENTANYL|80\/100\n|\n|upkeep\n|turn|59\n|c| Epicgamergod69|Both of these teams are omega questionable\n|\n|t:|1700419844\n|move|p2a: FENTANYL|Defense Curl|p2a: FENTANYL\n|-boost|p2a: FENTANYL|def|0\n|move|p1a: Golisopod|Knock Off|p2a: FENTANYL\n|-supereffective|p2a: FENTANYL\n|-damage|p2a: FENTANYL|77\/100\n|\n|upkeep\n|turn|60\n|c|\u2606pigeonmuffdiver|epic omega\n|c|\u2606pigeonmuffdiver|69\n|c| Inhaler1992|I could post this replay to YT if I really wanted lol\n|c|\u2606pigeonmuffdiver|so cool\n|\n|t:|1700419854\n|move|p2a: FENTANYL|Defense Curl|p2a: FENTANYL\n|-boost|p2a: FENTANYL|def|0\n|move|p1a: Golisopod|Knock Off|p2a: FENTANYL\n|-supereffective|p2a: FENTANYL\n|-damage|p2a: FENTANYL|74\/100\n|\n|upkeep\n|turn|61\n|c| Charizardman2008|This reminds me of FunBro\n|c|\u2606Carrotfromkanto|make sure to put Tom & Jerry sounds please Ingaler1992\n|\n|t:|1700419871\n|move|p2a: FENTANYL|Defense Curl|p2a: FENTANYL\n|-boost|p2a: FENTANYL|def|0\n|move|p1a: Golisopod|Leech Life|p2a: FENTANYL\n|-resisted|p2a: FENTANYL\n|-damage|p2a: FENTANYL|73\/100\n|\n|upkeep\n|turn|62\n|c| Charizardman2008|But now it's FunLord\n|l| Charizardman2008\n|c|\u2606pigeonmuffdiver|is your name charizardman2008 because you're 15?\n|c|\u2606Carrotfromkanto|Its not FunLord\n|inactive|pigeonmuffdiver has 60 seconds left.\n|c|\u2606pigeonmuffdiver|aw he's gone\n|c|\u2606Carrotfromkanto|Its StallLord Activities\n|\n|t:|1700419897\n|move|p2a: FENTANYL|Defense Curl|p2a: FENTANYL\n|-boost|p2a: FENTANYL|def|0\n|move|p1a: Golisopod|Leech Life|p2a: FENTANYL\n|-resisted|p2a: FENTANYL\n|-damage|p2a: FENTANYL|72\/100\n|\n|upkeep\n|turn|63\n|\n|t:|1700419903\n|move|p2a: FENTANYL|Defense Curl|p2a: FENTANYL\n|-boost|p2a: FENTANYL|def|0\n|move|p1a: Golisopod|Knock Off|p2a: FENTANYL\n|-supereffective|p2a: FENTANYL\n|-damage|p2a: FENTANYL|70\/100\n|\n|upkeep\n|turn|64\n|\n|t:|1700419909\n|move|p2a: FENTANYL|Defense Curl|p2a: FENTANYL\n|-boost|p2a: FENTANYL|def|0\n|move|p1a: Golisopod|Knock Off|p2a: FENTANYL\n|-supereffective|p2a: FENTANYL\n|-damage|p2a: FENTANYL|67\/100\n|\n|upkeep\n|turn|65\n|\n|t:|1700419915\n|move|p2a: FENTANYL|Defense Curl|p2a: FENTANYL\n|-boost|p2a: FENTANYL|def|0\n|move|p1a: Golisopod|Knock Off|p2a: FENTANYL\n|-supereffective|p2a: FENTANYL\n|-damage|p2a: FENTANYL|64\/100\n|\n|upkeep\n|turn|66\n|\n|t:|1700419921\n|move|p2a: FENTANYL|Defense Curl|p2a: FENTANYL\n|-boost|p2a: FENTANYL|def|0\n|move|p1a: Golisopod|Knock Off|p2a: FENTANYL\n|-supereffective|p2a: FENTANYL\n|-damage|p2a: FENTANYL|61\/100\n|\n|upkeep\n|turn|67\n|\n|t:|1700419927\n|move|p2a: FENTANYL|Defense Curl|p2a: FENTANYL\n|-boost|p2a: FENTANYL|def|0\n|move|p1a: Golisopod|Knock Off|p2a: FENTANYL\n|-supereffective|p2a: FENTANYL\n|-damage|p2a: FENTANYL|58\/100\n|\n|upkeep\n|turn|68\n|\n|t:|1700419932\n|move|p2a: FENTANYL|Defense Curl|p2a: FENTANYL\n|-boost|p2a: FENTANYL|def|0\n|move|p1a: Golisopod|Knock Off|p2a: FENTANYL\n|-supereffective|p2a: FENTANYL\n|-damage|p2a: FENTANYL|55\/100\n|\n|upkeep\n|turn|69\n|\n|t:|1700419935\n|move|p2a: FENTANYL|Defense Curl|p2a: FENTANYL\n|-boost|p2a: FENTANYL|def|0\n|move|p1a: Golisopod|Knock Off|p2a: FENTANYL\n|-supereffective|p2a: FENTANYL\n|-crit|p2a: FENTANYL\n|-damage|p2a: FENTANYL|0 fnt\n|faint|p2a: FENTANYL\n|\n|upkeep\n|c|\u2606pigeonmuffdiver|get fucked\n|c|\u2606Carrotfromkanto|;_;\n|c|\u2606pigeonmuffdiver|lol\n|c| Inhaler1992|Bro should\u2019ve brought wailmer\n|inactive|Carrotfromkanto has 120 seconds left.\n|c|\u2606Carrotfromkanto|Wait\n|c|\u2606Carrotfromkanto|actually\n|c|\u2606pigeonmuffdiver|you mean your sister?\n|c| Epicgamergod69|Funbro is recycle leppa oblivious heal pulse\/recycle\/slack off\/ block\n|c| Epicgamergod69|Much more\n|c|\u2606pigeonmuffdiver|shut up nerd\n|j| pokemonisrigged725\n|c|\u2606pigeonmuffdiver|no one asked\n|c| Epicgamergod69|Permanent\n|inactive|Carrotfromkanto has 90 seconds left.\n|c| Inhaler1992|Run funbro with this\n|c| Inhaler1992|too\n|c|\u2606Carrotfromkanto|heal pulse\n|c| Inhaler1992|do it\n|c|\u2606Carrotfromkanto|for what\n|j| Charizardman2008\n|c| Epicgamergod69|Infinite battles\n|c| Epicgamergod69|That's what it's for\n|c|\u2606pigeonmuffdiver|infinite disappointment from your parents\n|\n|t:|1700420024\n|switch|p2a: Batman|Gliscor, F|88\/100 tox\n|turn|70\n|\n|t:|1700420028\n|switch|p1a: Runerigus|Runerigus, F|85\/100\n|-damage|p1a: Runerigus|79\/100|[from] Stealth Rock\n|move|p2a: Batman|Knock Off|p1a: Runerigus\n|-supereffective|p1a: Runerigus\n|-damage|p1a: Runerigus|61\/100\n|-activate|p1a: Runerigus|ability: Wandering Spirit|Poison Heal|Wandering Spirit|[of] p2a: Batman\n|\n|-damage|p2a: Batman|82\/100 tox|[from] psn\n|upkeep\n|turn|71\n|c| Inhaler1992|Bud has the worst comebacks\n|c| Epicgamergod69|Blud is mad\n|c|\u2606pigeonmuffdiver|epid le mad moment\n|c| Inhaler1992|And is using runerigus\n|c|\u2606pigeonmuffdiver|fucking dorks\n|inactive|pigeonmuffdiver has 120 seconds left.\n|c|\u2606Carrotfromkanto|yeah his comebacks are low tier\n|c| Epicgamergod69|Why is bro so angry\n|c|\u2606Carrotfromkanto|should we mass report him lmao\n|c| Epicgamergod69|Like chill man\n|c| Epicgamergod69|DO NOT\n|\n|t:|1700420068\n|switch|p2a: () Egg Woman ()|Blissey, F|75\/100\n|switch|p1a: Slowbro|Slowbro, F|100\/100\n|-damage|p1a: Slowbro|88\/100|[from] Stealth Rock\n|\n|upkeep\n|turn|72\n|c|\u2606Carrotfromkanto|ok lets not\n|c| Epicgamergod69|mass reporting wastes mods time\n|c| Inhaler1992|You can\u2019t be talking when you are using Golis iPod and runerigus\n|c| Epicgamergod69|And could get us banned\n|inactive|pigeonmuffdiver has 90 seconds left.\n|\n|t:|1700420093\n|detailschange|p1a: Slowbro|Slowbro-Mega, F\n|-mega|p1a: Slowbro|Slowbro|Slowbronite\n|move|p2a: () Egg Woman ()|Wish|p2a: () Egg Woman ()\n|move|p1a: Slowbro|Teleport|p1a: Slowbro\n|inactive|pigeonmuffdiver has 90 seconds left.\n|\n|t:|1700420104\n|switch|p1a: Kleavor|Kleavor, M|72\/100|[from] Teleport\n|-damage|p1a: Kleavor|47\/100|[from] Stealth Rock\n|\n|upkeep\n|turn|73\n|c|\u2606Carrotfromkanto|this team sucks on god lol\n|inactive|pigeonmuffdiver has 90 seconds left.\n|c|\u2606Carrotfromkanto|it needs more toxic\n|inactive|Carrotfromkanto has 90 seconds left.\n|c|\u2606Carrotfromkanto|clodsire is so bad\n|c| Epicgamergod69|Correct\n|\n|t:|1700420126\n|switch|p2a: Batman|Gliscor, F|82\/100 tox\n|move|p1a: Kleavor|Stone Axe|p2a: Batman|[miss]\n|-miss|p1a: Kleavor|p2a: Batman\n|\n|-heal|p2a: Batman|100\/100 tox|[from] move: Wish|[wisher] () Egg Woman ()\n|upkeep\n|turn|74\n|inactive|pigeonmuffdiver has 90 seconds left.\n|c| Epicgamergod69|Clodsire is indeed a shitmon\n|\n|t:|1700420137\n|move|p1a: Kleavor|U-turn|p2a: Batman\n|-resisted|p2a: Batman\n|-damage|p2a: Batman|86\/100 tox\n|\n|t:|1700420145\n|switch|p1a: Slowbro|Slowbro-Mega, F|88\/100|[from] U-turn\n|-damage|p1a: Slowbro|76\/100|[from] Stealth Rock\n|move|p2a: Batman|Earthquake|p1a: Slowbro\n|-damage|p1a: Slowbro|62\/100\n|\n|-heal|p2a: Batman|99\/100 tox|[from] ability: Poison Heal\n|upkeep\n|turn|75\n|inactive|pigeonmuffdiver has 90 seconds left.\n|inactive|Carrotfromkanto has 90 seconds left.\n|c| Charizardman2008|Ting Lu is better\n|c|\u2606Carrotfromkanto|Oh\n|c| Inhaler1992|How about\n|c|\u2606Carrotfromkanto|Ting Lu?\n|c| Inhaler1992|you just use Gliscor\n|c|\u2606Carrotfromkanto|Im listening\n|c|\u2606Carrotfromkanto|Inhaler you taking notes\n|c| Charizardman2008|Lando-T\n|c|\u2606Carrotfromkanto|we need to crack this team UP\n|inactive|Carrotfromkanto has 60 seconds left.\n|c| Epicgamergod69|Lando t is kinda mid rn\n|c| Epicgamergod69|Ngl\n|c| Inhaler1992|^\n|c| Epicgamergod69|Gliscor is much more splashable\n|\n|t:|1700420199\n|switch|p2a: Tweety|Latias, F|100\/100\n|move|p1a: Slowbro|Slack Off|p1a: Slowbro\n|-heal|p1a: Slowbro|100\/100\n|\n|upkeep\n|turn|76\n|c| Inhaler1992|Fr\n|inactive|pigeonmuffdiver has 90 seconds left.\n|c| Inhaler1992|Lando only really works on regular offense structures\n|\n|t:|1700420222\n|detailschange|p2a: Tweety|Latias-Mega, F\n|-mega|p2a: Tweety|Latias|Latiasite\n|move|p2a: Tweety|Calm Mind|p2a: Tweety\n|-boost|p2a: Tweety|spa|1\n|-boost|p2a: Tweety|spd|1\n|move|p1a: Slowbro|Teleport|p1a: Slowbro\n|c| Epicgamergod69|And regular offense isn't even thatgood rn\n|\n|t:|1700420236\n|switch|p1a: Golisopod|Golisopod, M|100\/100|[from] Teleport\n|\n|upkeep\n|turn|77\n|\n|t:|1700420244\n|switch|p2a: Batman|Gliscor, F|99\/100 tox\n|move|p1a: Golisopod|Leech Life|p2a: Batman\n|-resisted|p2a: Batman\n|-damage|p2a: Batman|82\/100 tox\n|\n|-heal|p2a: Batman|95\/100 tox|[from] ability: Poison Heal\n|upkeep\n|turn|78\n|c| Inhaler1992|Ik\n|c| Charizardman2008|Gliscor got poison heal\n|c| Charizardman2008|Gliscor good\n|\n|t:|1700420266\n|switch|p1a: Slowbro|Slowbro-Mega, F|100\/100\n|-damage|p1a: Slowbro|88\/100|[from] Stealth Rock\n|move|p2a: Batman|Knock Off|p1a: Slowbro\n|-supereffective|p1a: Slowbro\n|-damage|p1a: Slowbro|76\/100\n|\n|-heal|p2a: Batman|100\/100 tox|[from] ability: Poison Heal\n|upkeep\n|turn|79\n|inactive|Carrotfromkanto has 90 seconds left.\n|\n|t:|1700420275\n|switch|p2a: () Egg Woman ()|Blissey, F|75\/100\n|move|p1a: Slowbro|Teleport|p1a: Slowbro\n|\n|t:|1700420278\n|switch|p1a: Kleavor|Kleavor, M|47\/100|[from] Teleport\n|-damage|p1a: Kleavor|22\/100|[from] Stealth Rock\n|\n|upkeep\n|turn|80\n|c| Charizardman2008|Also I said Lando-T to be funny\n|\n|t:|1700420287\n|switch|p2a: Batman|Gliscor, F|100\/100 tox\n|move|p1a: Kleavor|Stone Axe|p2a: Batman|[miss]\n|-miss|p1a: Kleavor|p2a: Batman\n|\n|upkeep\n|turn|81\n|\n|t:|1700420293\n|move|p1a: Kleavor|Stone Axe|p2a: Batman\n|-damage|p2a: Batman|55\/100 tox\n|-sidestart|p2: Carrotfromkanto|move: Stealth Rock\n|move|p2a: Batman|Earthquake|p1a: Kleavor\n|-damage|p1a: Kleavor|0 fnt\n|faint|p1a: Kleavor\n|\n|-heal|p2a: Batman|68\/100 tox|[from] ability: Poison Heal\n|upkeep\n|c|\u2606Carrotfromkanto|dONDOZO needs curse on this\n|c|\u2606Carrotfromkanto|and clodsire needs to go\n|c|\u2606Carrotfromkanto|maybe clef\n|inactive|pigeonmuffdiver has 60 seconds left.\n|\n|t:|1700420327\n|switch|p1a: Runerigus|Runerigus, F|61\/100\n|-damage|p1a: Runerigus|55\/100|[from] Stealth Rock\n|turn|82\n|inactive|Carrotfromkanto has 120 seconds left.\n|c|\u2606Carrotfromkanto|with calm mind and stored\n|inactive|pigeonmuffdiver has 60 seconds left.\n|\n|t:|1700420351\n|move|p2a: Batman|Earthquake|p1a: Runerigus\n|-damage|p1a: Runerigus|34\/100\n|move|p1a: Runerigus|Body Press|p2a: Batman\n|-resisted|p2a: Batman\n|-damage|p2a: Batman|54\/100 tox\n|\n|-heal|p2a: Batman|67\/100 tox|[from] ability: Poison Heal\n|upkeep\n|turn|83\n|\n|t:|1700420365\n|switch|p1a: Slowbro|Slowbro-Mega, F|76\/100\n|-damage|p1a: Slowbro|63\/100|[from] Stealth Rock\n|move|p2a: Batman|Earthquake|p1a: Slowbro\n|-damage|p1a: Slowbro|51\/100\n|\n|-heal|p2a: Batman|79\/100 tox|[from] ability: Poison Heal\n|upkeep\n|turn|84\n|l| Inhaler1992\n|inactive|Carrotfromkanto has 120 seconds left.\n|\n|t:|1700420379\n|switch|p2a: () Egg Woman ()|Blissey, F|75\/100\n|move|p1a: Slowbro|Scald|p2a: () Egg Woman ()\n|-damage|p2a: () Egg Woman ()|61\/100\n|\n|upkeep\n|turn|85\n|j| Inhaler1992\n|inactive|Carrotfromkanto has 120 seconds left.\n|\n|t:|1700420386\n|move|p2a: () Egg Woman ()|Seismic Toss|p1a: Slowbro\n|-damage|p1a: Slowbro|26\/100\n|move|p1a: Slowbro|Slack Off|p1a: Slowbro\n|-heal|p1a: Slowbro|76\/100\n|\n|upkeep\n|turn|86\n|inactive|pigeonmuffdiver has 60 seconds left.\n|\n|t:|1700420392\n|move|p2a: () Egg Woman ()|Wish|p2a: () Egg Woman ()\n|move|p1a: Slowbro|Slack Off|p1a: Slowbro\n|-heal|p1a: Slowbro|100\/100\n|\n|upkeep\n|turn|87\n|l| Charizardman2008\n|\n|t:|1700420400\n|switch|p2a: Tweety|Latias-Mega, F|100\/100\n|-damage|p2a: Tweety|88\/100|[from] Stealth Rock\n|move|p1a: Slowbro|Scald|p2a: Tweety\n|-resisted|p2a: Tweety\n|-damage|p2a: Tweety|77\/100\n|\n|-heal|p2a: Tweety|100\/100|[from] move: Wish|[wisher] () Egg Woman ()\n|upkeep\n|turn|88\n|\n|t:|1700420413\n|move|p2a: Tweety|Psyshock|p1a: Slowbro\n|-resisted|p1a: Slowbro\n|-damage|p1a: Slowbro|93\/100\n|move|p1a: Slowbro|Scald|p2a: Tweety\n|-resisted|p2a: Tweety\n|-damage|p2a: Tweety|88\/100\n|-status|p2a: Tweety|brn\n|\n|-damage|p2a: Tweety|82\/100 brn|[from] brn\n|upkeep\n|turn|89\n|\n|t:|1700420429\n|switch|p2a: Yo GranGran Face|Dondozo, M|100\/100\n|move|p1a: Slowbro|Trick Room|p1a: Slowbro\n|-fieldstart|move: Trick Room|[of] p1a: Slowbro\n|\n|upkeep\n|turn|90\n|l| Epicgamergod69\n|c| Inhaler1992|Egg is there any chance carrot wins\n|c|\u2606Carrotfromkanto|yeah\n|c| Inhaler1992|Oof he left\n|\n|t:|1700420440\n|move|p1a: Slowbro|Scald|p2a: Yo GranGran Face\n|-resisted|p2a: Yo GranGran Face\n|-damage|p2a: Yo GranGran Face|88\/100\n|move|p2a: Yo GranGran Face|Liquidation|p1a: Slowbro\n|-resisted|p1a: Slowbro\n|-damage|p1a: Slowbro|88\/100\n|\n|upkeep\n|turn|91\n|c|\u2606Carrotfromkanto|im goona win\n|j| Epicgamergod69\n|l| Epicgamergod69\n|c|\u2606pigeonmuffdiver|ok\n|inactive|pigeonmuffdiver has 60 seconds left.\n|\n|t:|1700420452\n|move|p1a: Slowbro|Scald|p2a: Yo GranGran Face\n|-resisted|p2a: Yo GranGran Face\n|-damage|p2a: Yo GranGran Face|76\/100\n|move|p2a: Yo GranGran Face|Liquidation|p1a: Slowbro\n|-resisted|p1a: Slowbro\n|-damage|p1a: Slowbro|82\/100\n|\n|upkeep\n|turn|92\n|inactive|pigeonmuffdiver has 60 seconds left.\n|\n|t:|1700420464\n|move|p1a: Slowbro|Scald|p2a: Yo GranGran Face\n|-resisted|p2a: Yo GranGran Face\n|-damage|p2a: Yo GranGran Face|63\/100\n|move|p2a: Yo GranGran Face|Liquidation|p1a: Slowbro\n|-resisted|p1a: Slowbro\n|-damage|p1a: Slowbro|76\/100\n|\n|upkeep\n|turn|93\n|\n|t:|1700420475\n|move|p1a: Slowbro|Scald|p2a: Yo GranGran Face\n|-resisted|p2a: Yo GranGran Face\n|-damage|p2a: Yo GranGran Face|50\/100\n|move|p2a: Yo GranGran Face|Liquidation|p1a: Slowbro\n|-resisted|p1a: Slowbro\n|-damage|p1a: Slowbro|70\/100\n|\n|-fieldend|move: Trick Room\n|upkeep\n|turn|94\n|\n|t:|1700420493\n|move|p2a: Yo GranGran Face|Rest|p2a: Yo GranGran Face\n|-status|p2a: Yo GranGran Face|slp|[from] move: Rest\n|-heal|p2a: Yo GranGran Face|100\/100 slp|[silent]\n|move|p1a: Slowbro|Trick Room|p1a: Slowbro\n|-fieldstart|move: Trick Room|[of] p1a: Slowbro\n|\n|upkeep\n|turn|95\n|c| Inhaler1992|You gotta save the dozo\n|c| Inhaler1992|it solos everything now except for mbro\n|c|\u2606Carrotfromkanto|gliscor and dozo win the game\n|\n|t:|1700420514\n|switch|p2a: () Egg Woman ()|Blissey, F|61\/100\n|move|p1a: Slowbro|Teleport|p1a: Slowbro\n|c|\u2606Carrotfromkanto|i just got to stall him out of slack off with that\n|inactive|pigeonmuffdiver has 30 seconds left.\n|\n|t:|1700420530\n|switch|p1a: Golisopod|Golisopod, M|100\/100|[from] Teleport\n|\n|upkeep\n|turn|96\n|inactive|pigeonmuffdiver has 30 seconds left this turn.\n|\n|t:|1700420540\n|switch|p2a: Yo GranGran Face|Dondozo, M|100\/100 slp\n|move|p1a: Golisopod|Knock Off|p2a: Yo GranGran Face\n|-damage|p2a: Yo GranGran Face|80\/100 slp\n|-enditem|p2a: Yo GranGran Face|Heavy-Duty Boots|[from] move: Knock Off|[of] p1a: Golisopod\n|\n|upkeep\n|turn|97\n|inactive|pigeonmuffdiver has 30 seconds left.\n|\n|t:|1700420550\n|switch|p1a: Slowbro|Slowbro-Mega, F|70\/100\n|-damage|p1a: Slowbro|58\/100|[from] Stealth Rock\n|cant|p2a: Yo GranGran Face|slp\n|\n|upkeep\n|turn|98\n|inactive|pigeonmuffdiver has 30 seconds left this turn.\n|\n|t:|1700420556\n|switch|p2a: () Egg Woman ()|Blissey, F|61\/100\n|move|p1a: Slowbro|Scald|p2a: () Egg Woman ()\n|-damage|p2a: () Egg Woman ()|48\/100\n|\n|-fieldend|move: Trick Room\n|upkeep\n|turn|99\n|inactive|pigeonmuffdiver has 30 seconds left this turn.\n|\n|t:|1700420565\n|move|p2a: () Egg Woman ()|Heal Bell|p2a: () Egg Woman ()\n|-activate|p2a: () Egg Woman ()|move: Heal Bell\n|-curestatus|p2: Yo GranGran Face|slp|[msg]\n|-curestatus|p2: Tweety|brn|[msg]\n|-curestatus|p2: Batman|tox|[msg]\n|move|p1a: Slowbro|Trick Room|p1a: Slowbro\n|-fieldstart|move: Trick Room|[of] p1a: Slowbro\n|\n|upkeep\n|turn|100\n|inactive|pigeonmuffdiver has 30 seconds left this turn.\n|\n|t:|1700420574\n|move|p1a: Slowbro|Slack Off|p1a: Slowbro\n|-heal|p1a: Slowbro|100\/100\n|move|p2a: () Egg Woman ()|Wish|p2a: () Egg Woman ()\n|\n|upkeep\n|turn|101\n|inactive|pigeonmuffdiver has 30 seconds left this turn.\n|\n|t:|1700420579\n|move|p1a: Slowbro|Scald|p2a: () Egg Woman ()\n|-damage|p2a: () Egg Woman ()|36\/100\n|move|p2a: () Egg Woman ()|Seismic Toss|p1a: Slowbro\n|-damage|p1a: Slowbro|75\/100\n|\n|-heal|p2a: () Egg Woman ()|86\/100|[from] move: Wish|[wisher] () Egg Woman ()\n|upkeep\n|turn|102\n|inactive|pigeonmuffdiver has 30 seconds left.\n|\n|t:|1700420588\n|move|p1a: Slowbro|Scald|p2a: () Egg Woman ()\n|-damage|p2a: () Egg Woman ()|73\/100\n|move|p2a: () Egg Woman ()|Seismic Toss|p1a: Slowbro\n|-damage|p1a: Slowbro|50\/100\n|\n|upkeep\n|turn|103\n|inactive|pigeonmuffdiver has 30 seconds left.\n|\n|t:|1700420595\n|move|p1a: Slowbro|Slack Off|p1a: Slowbro\n|-heal|p1a: Slowbro|99\/100\n|move|p2a: () Egg Woman ()|Seismic Toss|p1a: Slowbro\n|-damage|p1a: Slowbro|74\/100\n|\n|-fieldend|move: Trick Room\n|upkeep\n|turn|104\n|inactive|pigeonmuffdiver has 30 seconds left.\n|\n|t:|1700420602\n|move|p2a: () Egg Woman ()|Wish|p2a: () Egg Woman ()\n|move|p1a: Slowbro|Teleport|p1a: Slowbro\n|inactive|pigeonmuffdiver has 30 seconds left.\n|\n|t:|1700420610\n|switch|p1a: Golisopod|Golisopod, M|100\/100|[from] Teleport\n|\n|upkeep\n|turn|105\n|inactive|pigeonmuffdiver has 30 seconds left.\n|\n|t:|1700420615\n|switch|p2a: Batman|Gliscor, F|79\/100\n|-damage|p2a: Batman|67\/100|[from] Stealth Rock\n|move|p1a: Golisopod|Knock Off|p2a: Batman\n|-damage|p2a: Batman|38\/100\n|-enditem|p2a: Batman|Toxic Orb|[from] move: Knock Off|[of] p1a: Golisopod\n|\n|-heal|p2a: Batman|100\/100|[from] move: Wish|[wisher] () Egg Woman ()\n|upkeep\n|turn|106\n|inactive|pigeonmuffdiver has 30 seconds left.\n|c|\u2606pigeonmuffdiver|get fucked\n|inactive|pigeonmuffdiver has 20 seconds left.\n|\n|t:|1700420633\n|move|p1a: Golisopod|Aqua Jet|p2a: Batman\n|-supereffective|p2a: Batman\n|-damage|p2a: Batman|65\/100\n|move|p2a: Batman|Knock Off|p1a: Golisopod\n|-damage|p1a: Golisopod|84\/100\n|-enditem|p1a: Golisopod|Heavy-Duty Boots|[from] move: Knock Off|[of] p2a: Batman\n|\n|upkeep\n|turn|107\n|inactive|pigeonmuffdiver has 25 seconds left this turn.\n|c| Inhaler1992|He just toxics you tho\n|inactive|pigeonmuffdiver has 20 seconds left.\n|c| Inhaler1992|Or that\n|inactive|pigeonmuffdiver has 15 seconds left.\n|c|\u2606pigeonmuffdiver|he didnt bring it\n|inactive|pigeonmuffdiver has 10 seconds left.\n|\n|t:|1700420649\n|move|p1a: Golisopod|Aqua Jet|p2a: Batman\n|-supereffective|p2a: Batman\n|-damage|p2a: Batman|28\/100\n|move|p2a: Batman|Roost|p2a: Batman\n|-heal|p2a: Batman|78\/100\n|-singleturn|p2a: Batman|move: Roost\n|\n|upkeep\n|turn|108\n|inactive|pigeonmuffdiver has 15 seconds left this turn.\n|c|\u2606Carrotfromkanto|no more heavy duty boots lil\n|\n|t:|1700420663\n|move|p1a: Golisopod|Aqua Jet|p2a: Batman\n|-supereffective|p2a: Batman\n|-damage|p2a: Batman|44\/100\n|move|p2a: Batman|Roost|p2a: Batman\n|-heal|p2a: Batman|94\/100\n|-singleturn|p2a: Batman|move: Roost\n|\n|upkeep\n|turn|109\n|inactive|pigeonmuffdiver has 20 seconds left this turn.\n|\n|t:|1700420673\n|move|p1a: Golisopod|Aqua Jet|p2a: Batman\n|-supereffective|p2a: Batman\n|-damage|p2a: Batman|57\/100\n|move|p2a: Batman|Earthquake|p1a: Golisopod\n|-resisted|p1a: Golisopod\n|-crit|p1a: Golisopod\n|-damage|p1a: Golisopod|67\/100\n|\n|upkeep\n|turn|110\n|inactive|pigeonmuffdiver has 25 seconds left this turn.\n|\n|t:|1700420677\n|move|p1a: Golisopod|Aqua Jet|p2a: Batman\n|-supereffective|p2a: Batman\n|-damage|p2a: Batman|20\/100\n|move|p2a: Batman|Roost|p2a: Batman\n|-heal|p2a: Batman|70\/100\n|-singleturn|p2a: Batman|move: Roost\n|\n|upkeep\n|turn|111\n|inactive|pigeonmuffdiver has 30 seconds left this turn.\n|\n|t:|1700420679\n|move|p1a: Golisopod|Aqua Jet|p2a: Batman\n|-supereffective|p2a: Batman\n|-damage|p2a: Batman|33\/100\n|move|p2a: Batman|Roost|p2a: Batman\n|-heal|p2a: Batman|83\/100\n|-singleturn|p2a: Batman|move: Roost\n|\n|upkeep\n|turn|112\n|\n|t:|1700420681\n|move|p1a: Golisopod|Aqua Jet|p2a: Batman\n|-supereffective|p2a: Batman\n|-crit|p2a: Batman\n|-damage|p2a: Batman|27\/100\n|move|p2a: Batman|Roost|p2a: Batman\n|-heal|p2a: Batman|77\/100\n|-singleturn|p2a: Batman|move: Roost\n|\n|upkeep\n|turn|113\n|\n|t:|1700420686\n|move|p1a: Golisopod|Aqua Jet|p2a: Batman\n|-supereffective|p2a: Batman\n|-damage|p2a: Batman|43\/100\n|move|p2a: Batman|Roost|p2a: Batman\n|-heal|p2a: Batman|93\/100\n|-singleturn|p2a: Batman|move: Roost\n|\n|upkeep\n|turn|114\n|\n|t:|1700420704\n|move|p1a: Golisopod|Aqua Jet|p2a: Batman\n|-supereffective|p2a: Batman\n|-damage|p2a: Batman|55\/100\n|move|p2a: Batman|Knock Off|p1a: Golisopod\n|-damage|p1a: Golisopod|57\/100\n|\n|upkeep\n|turn|115\n|\n|t:|1700420707\n|switch|p2a: Tweety|Latias-Mega, F|82\/100\n|-damage|p2a: Tweety|70\/100|[from] Stealth Rock\n|move|p1a: Golisopod|Aqua Jet|p2a: Tweety\n|-resisted|p2a: Tweety\n|-damage|p2a: Tweety|61\/100\n|\n|upkeep\n|turn|116\n|l| Inhaler1992\n|\n|t:|1700420715\n|move|p2a: Tweety|Psyshock|p1a: Golisopod\n|-damage|p1a: Golisopod|29\/100\n|-activate|p1a: Golisopod|ability: Emergency Exit\n|\n|t:|1700420721\n|switch|p1a: Arcanine|Arcanine-Hisui, M|100\/100\n|\n|upkeep\n|turn|117\n|\n|t:|1700420729\n|move|p2a: Tweety|Aura Sphere|p1a: Arcanine\n|-supereffective|p1a: Arcanine\n|-damage|p1a: Arcanine|44\/100\n|move|p1a: Arcanine|Head Smash|p2a: Tweety\n|-damage|p2a: Tweety|2\/100\n|\n|upkeep\n|turn|118\n|\n|t:|1700420735\n|move|p1a: Arcanine|Extreme Speed|p2a: Tweety\n|-damage|p2a: Tweety|0 fnt\n|faint|p2a: Tweety\n|\n|upkeep\n|\n|t:|1700420739\n|switch|p2a: Yo GranGran Face|Dondozo, M|80\/100\n|-damage|p2a: Yo GranGran Face|68\/100|[from] Stealth Rock\n|turn|119\n|inactive|pigeonmuffdiver has 60 seconds left.\n|j| Inhaler1992\n|\n|t:|1700420755\n|switch|p1a: Slowbro|Slowbro-Mega, F|74\/100\n|-damage|p1a: Slowbro|62\/100|[from] Stealth Rock\n|move|p2a: Yo GranGran Face|Liquidation|p1a: Slowbro\n|-resisted|p1a: Slowbro\n|-damage|p1a: Slowbro|55\/100\n|\n|upkeep\n|turn|120\n|inactive|pigeonmuffdiver has 60 seconds left.\n|\n|t:|1700420762\n|switch|p2a: () Egg Woman ()|Blissey, F|73\/100\n|move|p1a: Slowbro|Scald|p2a: () Egg Woman ()\n|-damage|p2a: () Egg Woman ()|61\/100\n|\n|upkeep\n|turn|121\n|inactive|pigeonmuffdiver has 60 seconds left.\n|\n|t:|1700420768\n|move|p2a: () Egg Woman ()|Wish|p2a: () Egg Woman ()\n|move|p1a: Slowbro|Scald|p2a: () Egg Woman ()\n|-damage|p2a: () Egg Woman ()|49\/100\n|\n|upkeep\n|turn|122\n|inactive|pigeonmuffdiver has 60 seconds left.\n|\n|t:|1700420774\n|move|p2a: () Egg Woman ()|Seismic Toss|p1a: Slowbro\n|-damage|p1a: Slowbro|30\/100\n|move|p1a: Slowbro|Scald|p2a: () Egg Woman ()\n|-damage|p2a: () Egg Woman ()|36\/100\n|\n|-heal|p2a: () Egg Woman ()|86\/100|[from] move: Wish|[wisher] () Egg Woman ()\n|upkeep\n|turn|123\n|inactive|pigeonmuffdiver has 60 seconds left.\n|\n|t:|1700420783\n|move|p2a: () Egg Woman ()|Seismic Toss|p1a: Slowbro\n|-damage|p1a: Slowbro|5\/100\n|move|p1a: Slowbro|Slack Off|p1a: Slowbro\n|-heal|p1a: Slowbro|55\/100\n|\n|upkeep\n|turn|124\n|inactive|pigeonmuffdiver has 60 seconds left.\n|\n|t:|1700420789\n|move|p2a: () Egg Woman ()|Seismic Toss|p1a: Slowbro\n|-damage|p1a: Slowbro|29\/100\n|move|p1a: Slowbro|Slack Off|p1a: Slowbro\n|-heal|p1a: Slowbro|79\/100\n|\n|upkeep\n|turn|125\n|inactive|pigeonmuffdiver has 60 seconds left.\n|\n|t:|1700420796\n|switch|p1a: Runerigus|Runerigus, F|34\/100\n|-damage|p1a: Runerigus|28\/100|[from] Stealth Rock\n|move|p2a: () Egg Woman ()|Seismic Toss|p1a: Runerigus\n|-immune|p1a: Runerigus\n|\n|upkeep\n|turn|126\n|inactive|pigeonmuffdiver has 60 seconds left.\n|l| Inhaler1992\n|\n|t:|1700420809\n|switch|p2a: Batman|Gliscor, F|55\/100\n|-damage|p2a: Batman|43\/100|[from] Stealth Rock\n|move|p1a: Runerigus|Will-O-Wisp|p2a: Batman|[miss]\n|-miss|p1a: Runerigus|p2a: Batman\n|\n|upkeep\n|turn|127\n|inactive|pigeonmuffdiver has 60 seconds left.\n|inactive|Carrotfromkanto has 120 seconds left.\n|\n|t:|1700420840\n|switch|p2a: Yo GranGran Face|Dondozo, M|68\/100\n|-damage|p2a: Yo GranGran Face|55\/100|[from] Stealth Rock\n|switch|p1a: Slowbro|Slowbro-Mega, F|79\/100\n|-damage|p1a: Slowbro|67\/100|[from] Stealth Rock\n|\n|upkeep\n|turn|128\n|\n|t:|1700420850\n|move|p2a: Yo GranGran Face|Rest|p2a: Yo GranGran Face\n|-status|p2a: Yo GranGran Face|slp|[from] move: Rest\n|-heal|p2a: Yo GranGran Face|100\/100 slp|[silent]\n|move|p1a: Slowbro|Teleport|p1a: Slowbro\n|\n|t:|1700420860\n|switch|p1a: Arcanine|Arcanine-Hisui, M|44\/100|[from] Teleport\n|\n|upkeep\n|turn|129\n|\n|t:|1700420869\n|move|p1a: Arcanine|Head Smash|p2a: Yo GranGran Face\n|-damage|p2a: Yo GranGran Face|60\/100 slp\n|cant|p2a: Yo GranGran Face|slp\n|move|p2a: Yo GranGran Face|Sleep Talk|p2a: Yo GranGran Face\n|move|p2a: Yo GranGran Face|Liquidation|p1a: Arcanine|[from]move: Sleep Talk\n|-supereffective|p1a: Arcanine\n|-damage|p1a: Arcanine|0 fnt\n|faint|p1a: Arcanine\n|\n|upkeep\n|c|\u2606Carrotfromkanto|bye bye lol\n|\n|t:|1700420879\n|switch|p1a: Runerigus|Runerigus, F|28\/100\n|-damage|p1a: Runerigus|22\/100|[from] Stealth Rock\n|turn|130\n|\n|t:|1700420893\n|cant|p2a: Yo GranGran Face|slp\n|move|p2a: Yo GranGran Face|Sleep Talk|p2a: Yo GranGran Face\n|move|p2a: Yo GranGran Face|Rest||[from]move: Sleep Talk|[still]\n|-fail|p2a: Yo GranGran Face\n|-zpower|p1a: Runerigus\n|move|p1a: Runerigus|Z-Memento|p2a: Yo GranGran Face|[anim]Memento\n|-activate|p1a: Runerigus|healreplacement\n|-unboost|p2a: Yo GranGran Face|atk|2\n|-unboost|p2a: Yo GranGran Face|spa|2\n|faint|p1a: Runerigus\n|\n|upkeep\n|\n|t:|1700420903\n|switch|p1a: Golisopod|Golisopod, M|29\/100\n|-heal|p1a: Golisopod|100\/100|[from] move: Memento|[zeffect]\n|-damage|p1a: Golisopod|76\/100|[from] Stealth Rock\n|turn|131\n|inactive|pigeonmuffdiver has 30 seconds left.\n|inactive|Carrotfromkanto has 120 seconds left.\n|\n|t:|1700420949\n|switch|p2a: Batman|Gliscor, F|43\/100\n|-damage|p2a: Batman|30\/100|[from] Stealth Rock\n|move|p1a: Golisopod|Leech Life|p2a: Batman\n|-resisted|p2a: Batman\n|-damage|p2a: Batman|12\/100\n|-heal|p1a: Golisopod|85\/100|[from] drain|[of] p2a: Batman\n|\n|upkeep\n|turn|132\n|inactive|pigeonmuffdiver has 30 seconds left.\n|\n|t:|1700420959\n|move|p1a: Golisopod|Aqua Jet|p2a: Batman\n|-supereffective|p2a: Batman\n|-damage|p2a: Batman|0 fnt\n|faint|p2a: Batman\n|\n|upkeep\n|\n|t:|1700420961\n|switch|p2a: Yo GranGran Face|Dondozo, M|60\/100 slp\n|-damage|p2a: Yo GranGran Face|47\/100 slp|[from] Stealth Rock\n|turn|133\n|\n|t:|1700420970\n|move|p1a: Golisopod|Leech Life|p2a: Yo GranGran Face\n|-damage|p2a: Yo GranGran Face|22\/100 slp\n|-heal|p1a: Golisopod|100\/100|[from] drain|[of] p2a: Yo GranGran Face\n|-curestatus|p2a: Yo GranGran Face|slp|[msg]\n|move|p2a: Yo GranGran Face|Rest|p2a: Yo GranGran Face\n|-status|p2a: Yo GranGran Face|slp|[from] move: Rest\n|-heal|p2a: Yo GranGran Face|100\/100 slp|[silent]\n|\n|upkeep\n|turn|134\n|inactive|pigeonmuffdiver has 30 seconds left.\n|\n|t:|1700420982\n|switch|p1a: Slowbro|Slowbro-Mega, F|67\/100\n|-damage|p1a: Slowbro|54\/100|[from] Stealth Rock\n|cant|p2a: Yo GranGran Face|slp\n|move|p2a: Yo GranGran Face|Sleep Talk|p2a: Yo GranGran Face\n|move|p2a: Yo GranGran Face|Body Press|p1a: Slowbro|[from]move: Sleep Talk\n|-resisted|p1a: Slowbro\n|-damage|p1a: Slowbro|49\/100\n|\n|upkeep\n|turn|135\n|inactive|pigeonmuffdiver has 30 seconds left.\n|\n|t:|1700420995\n|cant|p2a: Yo GranGran Face|slp\n|move|p2a: Yo GranGran Face|Sleep Talk|p2a: Yo GranGran Face\n|move|p2a: Yo GranGran Face|Rest||[from]move: Sleep Talk|[still]\n|-fail|p2a: Yo GranGran Face\n|move|p1a: Slowbro|Scald|p2a: Yo GranGran Face\n|-resisted|p2a: Yo GranGran Face\n|-damage|p2a: Yo GranGran Face|89\/100 slp\n|\n|upkeep\n|turn|136\n|inactive|pigeonmuffdiver has 30 seconds left this turn.\n|inactive|pigeonmuffdiver has 20 seconds left.\n|\n|t:|1700421005\n|switch|p2a: () Egg Woman ()|Blissey, F|86\/100\n|move|p1a: Slowbro|Trick Room|p1a: Slowbro\n|-fieldstart|move: Trick Room|[of] p1a: Slowbro\n|\n|upkeep\n|turn|137\n|inactive|pigeonmuffdiver has 25 seconds left this turn.\n|inactive|pigeonmuffdiver has 20 seconds left.\n|\n|t:|1700421012\n|move|p1a: Slowbro|Slack Off|p1a: Slowbro\n|-heal|p1a: Slowbro|99\/100\n|move|p2a: () Egg Woman ()|Seismic Toss|p1a: Slowbro\n|-damage|p1a: Slowbro|74\/100\n|\n|upkeep\n|turn|138\n|inactive|pigeonmuffdiver has 25 seconds left this turn.\n|inactive|pigeonmuffdiver has 20 seconds left.\n|\n|t:|1700421018\n|move|p2a: () Egg Woman ()|Seismic Toss|p1a: Slowbro\n|-damage|p1a: Slowbro|48\/100\n|move|p1a: Slowbro|Teleport|p1a: Slowbro\n|inactive|pigeonmuffdiver has 25 seconds left this turn.\n|\n|t:|1700421022\n|switch|p1a: Golisopod|Golisopod, M|100\/100|[from] Teleport\n|-damage|p1a: Golisopod|76\/100|[from] Stealth Rock\n|\n|upkeep\n|turn|139\n|inactive|pigeonmuffdiver has 30 seconds left this turn.\n|\n|t:|1700421034\n|move|p2a: () Egg Woman ()|Protect|p2a: () Egg Woman ()\n|-singleturn|p2a: () Egg Woman ()|Protect\n|move|p1a: Golisopod|Knock Off|p2a: () Egg Woman ()\n|-activate|p2a: () Egg Woman ()|move: Protect\n|\n|upkeep\n|turn|140\n|inactive|pigeonmuffdiver has 30 seconds left this turn.\n|inactive|pigeonmuffdiver has 20 seconds left.\n|\n|t:|1700421047\n|move|p1a: Golisopod|Leech Life|p2a: () Egg Woman ()\n|-damage|p2a: () Egg Woman ()|49\/100\n|-heal|p1a: Golisopod|100\/100|[from] drain|[of] p2a: () Egg Woman ()\n|move|p2a: () Egg Woman ()|Seismic Toss|p1a: Golisopod\n|-damage|p1a: Golisopod|72\/100\n|\n|-fieldend|move: Trick Room\n|upkeep\n|turn|141\n|inactive|pigeonmuffdiver has 25 seconds left this turn.\n|inactive|pigeonmuffdiver has 20 seconds left.\n|inactive|pigeonmuffdiver has 15 seconds left.\n|\n|t:|1700421058\n|move|p2a: () Egg Woman ()|Wish|p2a: () Egg Woman ()\n|move|p1a: Golisopod|Knock Off|p2a: () Egg Woman ()\n|-damage|p2a: () Egg Woman ()|19\/100\n|-enditem|p2a: () Egg Woman ()|Heavy-Duty Boots|[from] move: Knock Off|[of] p1a: Golisopod\n|\n|upkeep\n|turn|142\n|inactive|pigeonmuffdiver has 20 seconds left this turn.\n|inactive|pigeonmuffdiver has 15 seconds left.\n|\n|t:|1700421065\n|move|p2a: () Egg Woman ()|Protect|p2a: () Egg Woman ()\n|-singleturn|p2a: () Egg Woman ()|Protect\n|move|p1a: Golisopod|Aqua Jet|p2a: () Egg Woman ()\n|-activate|p2a: () Egg Woman ()|move: Protect\n|\n|-heal|p2a: () Egg Woman ()|69\/100|[from] move: Wish|[wisher] () Egg Woman ()\n|upkeep\n|turn|143\n|inactive|pigeonmuffdiver has 20 seconds left this turn.\n|inactive|pigeonmuffdiver has 15 seconds left.\n|\n|t:|1700421075\n|move|p2a: () Egg Woman ()|Wish|p2a: () Egg Woman ()\n|move|p1a: Golisopod|Leech Life|p2a: () Egg Woman ()\n|-damage|p2a: () Egg Woman ()|28\/100\n|-heal|p1a: Golisopod|100\/100|[from] drain|[of] p2a: () Egg Woman ()\n|\n|upkeep\n|turn|144\n|inactive|pigeonmuffdiver has 20 seconds left this turn.\n|inactive|pigeonmuffdiver has 15 seconds left.\n|\n|t:|1700421083\n|move|p2a: () Egg Woman ()|Protect|p2a: () Egg Woman ()\n|-singleturn|p2a: () Egg Woman ()|Protect\n|move|p1a: Golisopod|Aqua Jet|p2a: () Egg Woman ()\n|-activate|p2a: () Egg Woman ()|move: Protect\n|\n|-heal|p2a: () Egg Woman ()|78\/100|[from] move: Wish|[wisher] () Egg Woman ()\n|upkeep\n|turn|145\n|inactive|pigeonmuffdiver has 20 seconds left this turn.\n|inactive|pigeonmuffdiver has 15 seconds left.\n|inactive|pigeonmuffdiver has 10 seconds left.\n|\n|t:|1700421095\n|move|p2a: () Egg Woman ()|Wish|p2a: () Egg Woman ()\n|move|p1a: Golisopod|Leech Life|p2a: () Egg Woman ()\n|-damage|p2a: () Egg Woman ()|41\/100\n|\n|upkeep\n|turn|146\n|inactive|pigeonmuffdiver has 15 seconds left this turn.\n|inactive|pigeonmuffdiver has 10 seconds left.\n|\n|t:|1700421102\n|switch|p1a: Slowbro|Slowbro-Mega, F|48\/100\n|-damage|p1a: Slowbro|36\/100|[from] Stealth Rock\n|move|p2a: () Egg Woman ()|Protect||[still]\n|-fail|p2a: () Egg Woman ()\n|\n|-heal|p2a: () Egg Woman ()|91\/100|[from] move: Wish|[wisher] () Egg Woman ()\n|upkeep\n|turn|147\n|inactive|pigeonmuffdiver has 15 seconds left this turn.\n|inactive|pigeonmuffdiver has 10 seconds left.\n|inactive|pigeonmuffdiver has 5 seconds left.\n|\n|t:|1700421115\n|move|p2a: () Egg Woman ()|Seismic Toss|p1a: Slowbro\n|-damage|p1a: Slowbro|11\/100\n|move|p1a: Slowbro|Trick Room|p1a: Slowbro\n|-fieldstart|move: Trick Room|[of] p1a: Slowbro\n|\n|upkeep\n|turn|148\n|inactive|pigeonmuffdiver has 10 seconds left this turn.\n|inactive|pigeonmuffdiver has 5 seconds left.\n|\n|t:|1700421124\n|switch|p1a: Golisopod|Golisopod, M|100\/100\n|-damage|p1a: Golisopod|76\/100|[from] Stealth Rock\n|move|p2a: () Egg Woman ()|Seismic Toss|p1a: Golisopod\n|-damage|p1a: Golisopod|47\/100\n|-activate|p1a: Golisopod|ability: Emergency Exit\n|inactive|pigeonmuffdiver has 10 seconds left this turn.\n|inactive|pigeonmuffdiver has 5 seconds left.\n|c|\u2606Carrotfromkanto|what are you doing lol\n|\n|t:|1700421132\n|switch|p1a: Slowbro|Slowbro-Mega, F|11\/100\n|-damage|p1a: Slowbro|0 fnt|[from] Stealth Rock\n|faint|p1a: Slowbro\n|\n|upkeep\n|inactive|pigeonmuffdiver has 10 seconds left this turn.\n|inactive|pigeonmuffdiver has 5 seconds left.\n|\n|t:|1700421137\n|switch|p1a: Golisopod|Golisopod, M|47\/100\n|-damage|p1a: Golisopod|22\/100|[from] Stealth Rock\n|turn|149\n|inactive|pigeonmuffdiver has 10 seconds left this turn.\n|\n|t:|1700421143\n|move|p2a: () Egg Woman ()|Protect|p2a: () Egg Woman ()\n|-singleturn|p2a: () Egg Woman ()|Protect\n|move|p1a: Golisopod|Leech Life|p2a: () Egg Woman ()\n|-activate|p2a: () Egg Woman ()|move: Protect\n|\n|upkeep\n|turn|150\n|inactive|pigeonmuffdiver has 15 seconds left this turn.\n|inactive|pigeonmuffdiver has 10 seconds left.\n|\n|t:|1700421153\n|move|p1a: Golisopod|Leech Life|p2a: () Egg Woman ()\n|-damage|p2a: () Egg Woman ()|52\/100\n|-heal|p1a: Golisopod|62\/100|[from] drain|[of] p2a: () Egg Woman ()\n|move|p2a: () Egg Woman ()|Wish|p2a: () Egg Woman ()\n|\n|upkeep\n|turn|151\n|inactive|pigeonmuffdiver has 15 seconds left this turn.\n|inactive|pigeonmuffdiver has 10 seconds left.\n|\n|t:|1700421159\n|move|p2a: () Egg Woman ()|Protect|p2a: () Egg Woman ()\n|-singleturn|p2a: () Egg Woman ()|Protect\n|move|p1a: Golisopod|Knock Off|p2a: () Egg Woman ()\n|-activate|p2a: () Egg Woman ()|move: Protect\n|\n|-heal|p2a: () Egg Woman ()|100\/100|[from] move: Wish|[wisher] () Egg Woman ()\n|-fieldend|move: Trick Room\n|upkeep\n|turn|152\n|inactive|pigeonmuffdiver has 15 seconds left this turn.\n|inactive|pigeonmuffdiver has 10 seconds left.\n|\n|t:|1700421167\n|move|p2a: () Egg Woman ()|Wish|p2a: () Egg Woman ()\n|move|p1a: Golisopod|Leech Life|p2a: () Egg Woman ()\n|-damage|p2a: () Egg Woman ()|65\/100\n|-heal|p1a: Golisopod|98\/100|[from] drain|[of] p2a: () Egg Woman ()\n|\n|upkeep\n|turn|153\n|inactive|pigeonmuffdiver has 15 seconds left this turn.\n|inactive|pigeonmuffdiver has 10 seconds left.\n|\n|t:|1700421173\n|move|p1a: Golisopod|Aqua Jet|p2a: () Egg Woman ()\n|-damage|p2a: () Egg Woman ()|47\/100\n|move|p2a: () Egg Woman ()|Seismic Toss|p1a: Golisopod\n|-damage|p1a: Golisopod|70\/100\n|\n|-heal|p2a: () Egg Woman ()|97\/100|[from] move: Wish|[wisher] () Egg Woman ()\n|upkeep\n|turn|154\n|inactive|pigeonmuffdiver has 15 seconds left this turn.\n|inactive|pigeonmuffdiver has 10 seconds left.\n|\n|t:|1700421180\n|move|p2a: () Egg Woman ()|Protect|p2a: () Egg Woman ()\n|-singleturn|p2a: () Egg Woman ()|Protect\n|move|p1a: Golisopod|Aqua Jet|p2a: () Egg Woman ()\n|-activate|p2a: () Egg Woman ()|move: Protect\n|\n|upkeep\n|turn|155\n|inactive|pigeonmuffdiver has 15 seconds left this turn.\n|inactive|pigeonmuffdiver has 10 seconds left.\n|\n|t:|1700421185\n|move|p1a: Golisopod|Aqua Jet|p2a: () Egg Woman ()\n|-damage|p2a: () Egg Woman ()|76\/100\n|move|p2a: () Egg Woman ()|Wish|p2a: () Egg Woman ()\n|\n|upkeep\n|turn|156\n|inactive|pigeonmuffdiver has 15 seconds left this turn.\n|\n|t:|1700421190\n|move|p2a: () Egg Woman ()|Seismic Toss|p1a: Golisopod\n|-damage|p1a: Golisopod|41\/100\n|move|p1a: Golisopod|Knock Off|p2a: () Egg Woman ()\n|-damage|p2a: () Egg Woman ()|53\/100\n|\n|-heal|p2a: () Egg Woman ()|100\/100|[from] move: Wish|[wisher] () Egg Woman ()\n|upkeep\n|turn|157\n|inactive|pigeonmuffdiver has 20 seconds left this turn.\n|inactive|pigeonmuffdiver has 15 seconds left.\n|\n|t:|1700421197\n|move|p2a: () Egg Woman ()|Protect|p2a: () Egg Woman ()\n|-singleturn|p2a: () Egg Woman ()|Protect\n|move|p1a: Golisopod|Leech Life|p2a: () Egg Woman ()\n|-activate|p2a: () Egg Woman ()|move: Protect\n|\n|upkeep\n|turn|158\n|inactive|pigeonmuffdiver has 20 seconds left this turn.\n|inactive|pigeonmuffdiver has 15 seconds left.\n|\n|t:|1700421203\n|move|p2a: () Egg Woman ()|Wish|p2a: () Egg Woman ()\n|move|p1a: Golisopod|Leech Life|p2a: () Egg Woman ()\n|-damage|p2a: () Egg Woman ()|63\/100\n|-heal|p1a: Golisopod|79\/100|[from] drain|[of] p2a: () Egg Woman ()\n|\n|upkeep\n|turn|159\n|inactive|pigeonmuffdiver has 20 seconds left this turn.\n|inactive|pigeonmuffdiver has 15 seconds left.\n|\n|t:|1700421210\n|move|p1a: Golisopod|Aqua Jet|p2a: () Egg Woman ()\n|-damage|p2a: () Egg Woman ()|44\/100\n|move|p2a: () Egg Woman ()|Seismic Toss|p1a: Golisopod\n|-damage|p1a: Golisopod|51\/100\n|\n|-heal|p2a: () Egg Woman ()|94\/100|[from] move: Wish|[wisher] () Egg Woman ()\n|upkeep\n|turn|160\n|inactive|pigeonmuffdiver has 20 seconds left this turn.\n|inactive|pigeonmuffdiver has 15 seconds left.\n|\n|t:|1700421217\n|move|p2a: () Egg Woman ()|Seismic Toss|p1a: Golisopod\n|-damage|p1a: Golisopod|23\/100\n|move|p1a: Golisopod|Knock Off|p2a: () Egg Woman ()\n|-damage|p2a: () Egg Woman ()|73\/100\n|\n|upkeep\n|turn|161\n|inactive|pigeonmuffdiver has 20 seconds left this turn.\n|inactive|pigeonmuffdiver has 15 seconds left.\n|\n|t:|1700421223\n|move|p2a: () Egg Woman ()|Seismic Toss|p1a: Golisopod\n|-damage|p1a: Golisopod|0 fnt\n|faint|p1a: Golisopod\n|\n|win|Carrotfromkanto\n|inactive|pigeonmuffdiver has 20 seconds left this turn.\n|raw|pigeonmuffdiver's rating: 1225 &rarr; <strong>1205<\/strong><br \/>(-20 for losing)\n|raw|Carrotfromkanto's rating: 1291 &rarr; <strong>1311<\/strong><br \/>(+20 for winning)\n","uploadtime":1700419943,"views":6,"p1id":"pigeonmuffdiver","p2id":"carrotfromkanto","formatid":"gen9nationaldex","rating":1205,"private":0,"password":""}