{"id":"gen9nationaldex-1992353589","p1":"PikachuXD317878","p2":"onlyfactsss","format":"[Gen 9] National Dex","log":"|j|\u2606PikachuXD317878\n|j|\u2606onlyfactsss\n|t:|1700177877\n|gametype|singles\n|player|p1|PikachuXD317878|rye|\n|player|p2|onlyfactsss|102|\n|teamsize|p1|6\n|teamsize|p2|6\n|gen|9\n|tier|[Gen 9] National Dex\n|rule|HP Percentage Mod: HP is shown in percentages\n|rule|Endless Battle Clause: Forcing endless battles is banned\n|rule|OHKO Clause: OHKO moves are banned\n|rule|Evasion Clause: Evasion abilities, items, and moves are banned\n|rule|Evasion Abilities Clause: Evasion abilities are banned\n|rule|Evasion Items Clause: Evasion items are banned\n|rule|Evasion Moves Clause: Evasion moves are banned\n|rule|Species Clause: Limit one of each Pok\u00e9mon\n|rule|Sleep Clause Mod: Limit one foe put to sleep\n|clearpoke\n|poke|p1|Garchomp, M|\n|poke|p1|Primarina, M|\n|poke|p1|Charizard, M|\n|poke|p1|Lilligant-Hisui, F|\n|poke|p1|Sneasler, M|\n|poke|p1|Aegislash, F|\n|poke|p2|Excadrill, M|\n|poke|p2|Garchomp, F|\n|poke|p2|Landorus-Therian, M|\n|poke|p2|Nidoking, M|\n|poke|p2|Hippowdon, F|\n|poke|p2|Swampert, F|\n|teampreview\n|inactive|Battle timer is ON: inactive players will automatically lose when time's up. (requested by PikachuXD317878)\n|c|\u2606PikachuXD317878|suerte\n|c|\u2606onlyfactsss|igualmente\n|\n|t:|1700177902\n|start\n|switch|p1a: Lilligant|Lilligant-Hisui, F|100\/100\n|switch|p2a: Bicho|Garchomp, F|100\/100\n|turn|1\n|\n|t:|1700177910\n|move|p1a: Lilligant|Victory Dance|p1a: Lilligant\n|-boost|p1a: Lilligant|atk|1\n|-boost|p1a: Lilligant|def|1\n|-boost|p1a: Lilligant|spe|1\n|move|p2a: Bicho|Substitute|p2a: Bicho\n|-start|p2a: Bicho|Substitute\n|-damage|p2a: Bicho|75\/100\n|\n|-heal|p2a: Bicho|82\/100|[from] item: Leftovers\n|upkeep\n|turn|2\n|\n|t:|1700177919\n|move|p1a: Lilligant|Ice Spinner|p2a: Bicho\n|-supereffective|p2a: Bicho\n|-end|p2a: Bicho|Substitute\n|move|p2a: Bicho|Earthquake|p1a: Lilligant\n|-resisted|p1a: Lilligant\n|-damage|p1a: Lilligant|72\/100\n|\n|-heal|p2a: Bicho|88\/100|[from] item: Leftovers\n|upkeep\n|turn|3\n|\n|t:|1700177948\n|move|p1a: Lilligant|Victory Dance|p1a: Lilligant\n|-boost|p1a: Lilligant|atk|1\n|-boost|p1a: Lilligant|def|1\n|-boost|p1a: Lilligant|spe|1\n|move|p2a: Bicho|Dragon Claw|p1a: Lilligant\n|-damage|p1a: Lilligant|40\/100\n|\n|-heal|p2a: Bicho|94\/100|[from] item: Leftovers\n|upkeep\n|turn|4\n|\n|t:|1700177951\n|move|p1a: Lilligant|Ice Spinner|p2a: Bicho\n|-supereffective|p2a: Bicho\n|-damage|p2a: Bicho|0 fnt\n|-damage|p1a: Lilligant|28\/100|[from] ability: Rough Skin|[of] p2a: Bicho\n|faint|p2a: Bicho\n|\n|upkeep\n|\n|t:|1700177958\n|switch|p2a: Gucchito|Landorus-Therian, M|100\/100\n|-ability|p2a: Gucchito|Intimidate|boost\n|-unboost|p1a: Lilligant|atk|1\n|turn|5\n|\n|t:|1700177963\n|move|p1a: Lilligant|Ice Spinner|p2a: Gucchito\n|-supereffective|p2a: Gucchito\n|-damage|p2a: Gucchito|0 fnt\n|faint|p2a: Gucchito\n|\n|upkeep\n|\n|t:|1700177966\n|switch|p2a: Never el Topo|Excadrill, M|100\/100\n|-ability|p2a: Never el Topo|Mold Breaker\n|turn|6\n|\n|t:|1700177968\n|move|p1a: Lilligant|Close Combat|p2a: Never el Topo\n|-supereffective|p2a: Never el Topo\n|-damage|p2a: Never el Topo|0 fnt\n|-unboost|p1a: Lilligant|def|1\n|-unboost|p1a: Lilligant|spd|1\n|faint|p2a: Never el Topo\n|\n|upkeep\n|\n|t:|1700177978\n|switch|p2a: Princesita|Swampert, F, shiny|100\/100\n|turn|7\n|\n|t:|1700177980\n|detailschange|p2a: Princesita|Swampert-Mega, F, shiny\n|-mega|p2a: Princesita|Swampert|Swampertite\n|move|p1a: Lilligant|Leaf Blade|p2a: Princesita\n|-supereffective|p2a: Princesita\n|-damage|p2a: Princesita|0 fnt\n|faint|p2a: Princesita\n|\n|upkeep\n|\n|t:|1700177993\n|switch|p2a: Cerdo|Hippowdon, F|100\/100\n|-weather|Sandstorm|[from] ability: Sand Stream|[of] p2a: Cerdo\n|turn|8\n|\n|t:|1700177995\n|move|p1a: Lilligant|Leaf Blade|p2a: Cerdo\n|-supereffective|p2a: Cerdo\n|-damage|p2a: Cerdo|36\/100\n|-damage|p1a: Lilligant|11\/100|[from] item: Rocky Helmet|[of] p2a: Cerdo\n|move|p2a: Cerdo|Yawn|p1a: Lilligant\n|-start|p1a: Lilligant|move: Yawn|[of] p2a: Cerdo\n|\n|-weather|Sandstorm|[upkeep]\n|-damage|p1a: Lilligant|5\/100|[from] Sandstorm\n|upkeep\n|turn|9\n|\n|t:|1700178018\n|move|p1a: Lilligant|Leaf Blade|p2a: Cerdo\n|-supereffective|p2a: Cerdo\n|-damage|p2a: Cerdo|0 fnt\n|-damage|p1a: Lilligant|0 fnt|[from] item: Rocky Helmet|[of] p2a: Cerdo\n|faint|p2a: Cerdo\n|faint|p1a: Lilligant\n|\n|-weather|Sandstorm|[upkeep]\n|upkeep\n|\n|t:|1700178028\n|switch|p1a: Garchomp|Garchomp, M|100\/100\n|switch|p2a: El to\u00f1as|Nidoking, M|100\/100\n|turn|10\n|\n|t:|1700178034\n|-terastallize|p1a: Garchomp|Water\n|move|p1a: Garchomp|Earthquake|p2a: El to\u00f1as\n|-supereffective|p2a: El to\u00f1as\n|-damage|p2a: El to\u00f1as|0 fnt\n|faint|p2a: El to\u00f1as\n|\n|win|PikachuXD317878\n|c|\u2606PikachuXD317878|gg\n","uploadtime":1700178047,"views":6,"p1id":"pikachuxd317878","p2id":"onlyfactsss","formatid":"gen9nationaldex","rating":0,"private":0,"password":""}