{"id":"gen9nationaldex-1997806685","p1":"DoctorFiraga","p2":"ghostkinggengar","format":"[Gen 9] National Dex","log":"|html|<div class=\"broadcast-blue\"><strong>[Gen 9] National Dex is currently suspecting Sneasler! For information on how to participate check out the <a href=\"https:\/\/www.smogon.com\/forums\/threads\/sv-national-dex-suspect-8-just-dance.3731534\/\">suspect thread<\/a>.<\/strong><\/div>\n|j|\u2606DoctorFiraga\n|j|\u2606ghostkinggengar\n|t:|1700854747\n|gametype|singles\n|player|p1|DoctorFiraga|veteran|1650\n|player|p2|ghostkinggengar|swimmerf|1785\n|teamsize|p1|6\n|teamsize|p2|6\n|gen|9\n|tier|[Gen 9] National Dex\n|rated|\n|rule|HP Percentage Mod: HP is shown in percentages\n|rule|Endless Battle Clause: Forcing endless battles is banned\n|rule|OHKO Clause: OHKO moves are banned\n|rule|Evasion Clause: Evasion abilities, items, and moves are banned\n|rule|Evasion Abilities Clause: Evasion abilities are banned\n|rule|Evasion Items Clause: Evasion items are banned\n|rule|Evasion Moves Clause: Evasion moves are banned\n|rule|Species Clause: Limit one of each Pok\u00e9mon\n|rule|Sleep Clause Mod: Limit one foe put to sleep\n|clearpoke\n|poke|p1|Glimmora, M|\n|poke|p1|Ogerpon-Wellspring, F|\n|poke|p1|Scizor, F|\n|poke|p1|Garchomp, F|\n|poke|p1|Moltres|\n|poke|p1|Weavile, M|\n|poke|p2|Slowbro, F|\n|poke|p2|Ursaluna, M|\n|poke|p2|Blacephalon|\n|poke|p2|Garchomp, M|\n|poke|p2|Goodra-Hisui, F|\n|poke|p2|Moltres|\n|teampreview\n|inactive|Battle timer is ON: inactive players will automatically lose when time's up. (requested by ghostkinggengar)\n|j| Qfkl\n|l| Qfkl\n|inactive|ghostkinggengar has 120 seconds left.\n|\n|t:|1700854795\n|start\n|switch|p1a: No sword of ruin?|Weavile, M|100\/100\n|switch|p2a: Slowbro|Slowbro, F|100\/100\n|-ability|p1a: No sword of ruin?|Pressure\n|turn|1\n|\n|t:|1700854803\n|-terastallize|p2a: Slowbro|Fairy\n|move|p1a: No sword of ruin?|Swords Dance|p1a: No sword of ruin?\n|-boost|p1a: No sword of ruin?|atk|2\n|move|p2a: Slowbro|Trick Room|p2a: Slowbro\n|-fieldstart|move: Trick Room|[of] p2a: Slowbro\n|\n|upkeep\n|turn|2\n|\n|t:|1700854809\n|move|p2a: Slowbro|Scald|p1a: No sword of ruin?\n|-damage|p1a: No sword of ruin?|63\/100\n|-status|p1a: No sword of ruin?|brn\n|move|p1a: No sword of ruin?|Knock Off|p2a: Slowbro\n|-resisted|p2a: Slowbro\n|-damage|p2a: Slowbro|82\/100\n|-damage|p1a: No sword of ruin?|47\/100 brn|[from] item: Rocky Helmet|[of] p2a: Slowbro\n|-enditem|p2a: Slowbro|Rocky Helmet|[from] move: Knock Off|[of] p1a: No sword of ruin?\n|-damage|p1a: No sword of ruin?|37\/100 brn|[from] item: Life Orb\n|\n|-damage|p1a: No sword of ruin?|31\/100 brn|[from] brn\n|upkeep\n|turn|3\n|\n|t:|1700854815\n|move|p1a: No sword of ruin?|Ice Shard|p2a: Slowbro\n|-damage|p2a: Slowbro|67\/100\n|-damage|p1a: No sword of ruin?|21\/100 brn|[from] item: Life Orb\n|move|p2a: Slowbro|Teleport|p2a: Slowbro\n|\n|t:|1700854832\n|switch|p2a: Goodra|Goodra-Hisui, F|100\/100|[from] Teleport\n|\n|-damage|p1a: No sword of ruin?|15\/100 brn|[from] brn\n|upkeep\n|turn|4\n|\n|t:|1700854837\n|move|p1a: No sword of ruin?|Ice Shard|p2a: Goodra\n|-damage|p2a: Goodra|78\/100\n|-damage|p1a: No sword of ruin?|5\/100 brn|[from] item: Life Orb\n|move|p2a: Goodra|Earthquake|p1a: No sword of ruin?\n|-damage|p1a: No sword of ruin?|0 fnt\n|faint|p1a: No sword of ruin?\n|\n|-heal|p2a: Goodra|84\/100|[from] item: Leftovers\n|upkeep\n|\n|t:|1700854844\n|switch|p1a: HAZARDOUS|Glimmora, M|100\/100\n|turn|5\n|\n|t:|1700854849\n|move|p2a: Goodra|Earthquake|p1a: HAZARDOUS\n|-supereffective|p1a: HAZARDOUS\n|-crit|p1a: HAZARDOUS\n|-enditem|p1a: HAZARDOUS|Focus Sash\n|-damage|p1a: HAZARDOUS|1\/100\n|-activate|p1a: HAZARDOUS|ability: Toxic Debris\n|-sidestart|p2: ghostkinggengar|move: Toxic Spikes\n|move|p1a: HAZARDOUS|Stealth Rock|p2a: Goodra\n|-sidestart|p2: ghostkinggengar|move: Stealth Rock\n|\n|-heal|p2a: Goodra|90\/100|[from] item: Leftovers\n|-fieldend|move: Trick Room\n|upkeep\n|turn|6\n|\n|t:|1700854859\n|move|p1a: HAZARDOUS|Spikes|p2a: Goodra\n|-sidestart|p2: ghostkinggengar|Spikes\n|move|p2a: Goodra|Earthquake|p1a: HAZARDOUS\n|-supereffective|p1a: HAZARDOUS\n|-damage|p1a: HAZARDOUS|0 fnt\n|-activate|p1a: HAZARDOUS|ability: Toxic Debris\n|-sidestart|p2: ghostkinggengar|move: Toxic Spikes\n|faint|p1a: HAZARDOUS\n|\n|-heal|p2a: Goodra|96\/100|[from] item: Leftovers\n|upkeep\n|\n|t:|1700854864\n|switch|p1a: Skincare|Garchomp, F|100\/100\n|turn|7\n|\n|t:|1700854880\n|switch|p2a: Garchomp|Garchomp, M|100\/100\n|-status|p2a: Garchomp|tox\n|-damage|p2a: Garchomp|94\/100 tox|[from] Stealth Rock\n|-damage|p2a: Garchomp|82\/100 tox|[from] Spikes\n|-terastallize|p1a: Skincare|Steel\n|move|p1a: Skincare|Swords Dance|p1a: Skincare\n|-boost|p1a: Skincare|atk|2\n|\n|-damage|p2a: Garchomp|76\/100 tox|[from] psn\n|upkeep\n|turn|8\n|\n|t:|1700854884\n|move|p1a: Skincare|Scale Shot|p2a: Garchomp\n|-supereffective|p2a: Garchomp\n|-damage|p2a: Garchomp|27\/100 tox\n|-supereffective|p2a: Garchomp\n|-damage|p2a: Garchomp|0 fnt\n|faint|p2a: Garchomp\n|-hitcount|p2: Garchomp|2\n|-unboost|p1a: Skincare|def|1\n|-boost|p1a: Skincare|spe|1\n|\n|upkeep\n|\n|t:|1700854899\n|switch|p2a: Blacephalon|Blacephalon|100\/100\n|-status|p2a: Blacephalon|tox\n|-damage|p2a: Blacephalon|76\/100 tox|[from] Stealth Rock\n|-damage|p2a: Blacephalon|64\/100 tox|[from] Spikes\n|turn|9\n|\n|t:|1700854906\n|move|p2a: Blacephalon|Trick|p1a: Skincare\n|-activate|p2a: Blacephalon|move: Trick|[of] p1a: Skincare\n|-item|p1a: Skincare|Choice Scarf|[from] move: Trick\n|-item|p2a: Blacephalon|Loaded Dice|[from] move: Trick\n|move|p1a: Skincare|Earthquake|p2a: Blacephalon\n|-supereffective|p2a: Blacephalon\n|-damage|p2a: Blacephalon|0 fnt\n|faint|p2a: Blacephalon\n|\n|upkeep\n|\n|t:|1700854911\n|switch|p2a: Moltres|Moltres|100\/100\n|turn|10\n|\n|t:|1700854914\n|switch|p1a: KFC|Moltres|100\/100\n|move|p2a: Moltres|Defog|p1a: KFC\n|-unboost|p1a: KFC|evasion|1\n|-sideend|p2: ghostkinggengar|Spikes|[from] move: Defog|[of] p2a: Moltres\n|-sideend|p2: ghostkinggengar|Toxic Spikes|[from] move: Defog|[of] p2a: Moltres\n|-sideend|p2: ghostkinggengar|Stealth Rock|[from] move: Defog|[of] p2a: Moltres\n|\n|upkeep\n|turn|11\n|\n|t:|1700854922\n|move|p1a: KFC|Hurricane|p2a: Moltres|[miss]\n|-miss|p1a: KFC|p2a: Moltres\n|move|p2a: Moltres|U-turn|p1a: KFC\n|-resisted|p1a: KFC\n|-damage|p1a: KFC|97\/100\n|\n|t:|1700854929\n|switch|p2a: Slowbro|Slowbro, F, tera:Fairy|100\/100|[from] U-turn\n|\n|upkeep\n|turn|12\n|\n|t:|1700854936\n|move|p1a: KFC|Will-O-Wisp|p2a: Slowbro\n|-status|p2a: Slowbro|brn\n|move|p2a: Slowbro|Trick Room|p2a: Slowbro\n|-fieldstart|move: Trick Room|[of] p2a: Slowbro\n|\n|-damage|p2a: Slowbro|94\/100 brn|[from] brn\n|upkeep\n|turn|13\n|\n|t:|1700854942\n|move|p1a: KFC|Will-O-Wisp|p2a: Slowbro\n|-fail|p2a: Slowbro|brn\n|move|p2a: Slowbro|Teleport|p2a: Slowbro\n|\n|t:|1700854945\n|switch|p2a: Ursaluna|Ursaluna, M|100\/100|[from] Teleport\n|\n|-status|p2a: Ursaluna|brn|[from] item: Flame Orb\n|upkeep\n|turn|14\n|\n|t:|1700854949\n|move|p2a: Ursaluna|Facade|p1a: KFC\n|-damage|p1a: KFC|0 fnt\n|faint|p1a: KFC\n|\n|-damage|p2a: Ursaluna|94\/100 brn|[from] brn\n|upkeep\n|\n|t:|1700854954\n|switch|p1a: Skincare|Garchomp, F, tera:Steel|100\/100\n|turn|15\n|\n|t:|1700854958\n|move|p2a: Ursaluna|Headlong Rush|p1a: Skincare\n|-supereffective|p1a: Skincare\n|-damage|p1a: Skincare|0 fnt\n|-unboost|p2a: Ursaluna|def|1\n|-unboost|p2a: Ursaluna|spd|1\n|-damage|p2a: Ursaluna|82\/100 brn|[from] ability: Rough Skin|[of] p1a: Skincare\n|faint|p1a: Skincare\n|\n|-damage|p2a: Ursaluna|76\/100 brn|[from] brn\n|upkeep\n|\n|t:|1700854961\n|switch|p1a: Red Genesect|Scizor, F|100\/100\n|turn|16\n|\n|t:|1700854965\n|detailschange|p1a: Red Genesect|Scizor-Mega, F\n|-mega|p1a: Red Genesect|Scizor|Scizorite\n|move|p1a: Red Genesect|Bullet Punch|p2a: Ursaluna\n|-damage|p2a: Ursaluna|36\/100 brn\n|move|p2a: Ursaluna|Fire Punch|p1a: Red Genesect\n|-supereffective|p1a: Red Genesect\n|-damage|p1a: Red Genesect|0 fnt\n|faint|p1a: Red Genesect\n|\n|-damage|p2a: Ursaluna|30\/100 brn|[from] brn\n|-fieldend|move: Trick Room\n|upkeep\n|\n|t:|1700854971\n|switch|p1a: Balanced|Ogerpon-Wellspring, F|100\/100\n|turn|17\n|\n|t:|1700854988\n|switch|p2a: Slowbro|Slowbro, F, tera:Fairy|100\/100 brn\n|move|p1a: Balanced|Trailblaze|p2a: Slowbro\n|-damage|p2a: Slowbro|84\/100 brn\n|-boost|p1a: Balanced|spe|1\n|\n|-damage|p2a: Slowbro|78\/100 brn|[from] brn\n|upkeep\n|turn|18\n|\n|t:|1700854993\n|move|p1a: Balanced|Ivy Cudgel|p2a: Slowbro|[anim] Ivy Cudgel Water\n|-damage|p2a: Slowbro|41\/100 brn\n|move|p2a: Slowbro|Trick Room|p2a: Slowbro\n|-fieldstart|move: Trick Room|[of] p2a: Slowbro\n|\n|-damage|p2a: Slowbro|35\/100 brn|[from] brn\n|upkeep\n|turn|19\n|\n|t:|1700854999\n|move|p1a: Balanced|Swords Dance|p1a: Balanced\n|-boost|p1a: Balanced|atk|2\n|move|p2a: Slowbro|Teleport|p2a: Slowbro\n|\n|t:|1700855003\n|switch|p2a: Ursaluna|Ursaluna, M|30\/100 brn|[from] Teleport\n|\n|-damage|p2a: Ursaluna|24\/100 brn|[from] brn\n|upkeep\n|turn|20\n|\n|t:|1700855006\n|move|p2a: Ursaluna|Facade|p1a: Balanced\n|-damage|p1a: Balanced|0 fnt\n|faint|p1a: Balanced\n|\n|win|ghostkinggengar\n|raw|DoctorFiraga's rating: 1650 &rarr; <strong>1637<\/strong><br \/>(-13 for losing)\n|raw|ghostkinggengar's rating: 1785 &rarr; <strong>1798<\/strong><br \/>(+13 for winning)\n|l|\u2606DoctorFiraga\n","uploadtime":1700855013,"views":2,"p1id":"doctorfiraga","p2id":"ghostkinggengar","formatid":"gen9nationaldex","rating":1637,"private":0,"password":""}