{"id":"gen9nationaldex-1996087409","p1":"Keanmon","p2":"SecurityZac","format":"[Gen 9] National Dex","log":"|html|<div class=\"broadcast-blue\"><strong>[Gen 9] National Dex is currently suspecting Sneasler! For information on how to participate check out the <a href=\"https:\/\/www.smogon.com\/forums\/threads\/sv-national-dex-suspect-8-just-dance.3731534\/\">suspect thread<\/a>.<\/strong><\/div>\n|j|\u2606Keanmon\n|j|\u2606SecurityZac\n|t:|1700642009\n|gametype|singles\n|player|p1|Keanmon|rood|1095\n|player|p2|SecurityZac|101|1064\n|teamsize|p1|6\n|teamsize|p2|6\n|gen|9\n|tier|[Gen 9] National Dex\n|rated|\n|rule|HP Percentage Mod: HP is shown in percentages\n|rule|Endless Battle Clause: Forcing endless battles is banned\n|rule|OHKO Clause: OHKO moves are banned\n|rule|Evasion Clause: Evasion abilities, items, and moves are banned\n|rule|Evasion Abilities Clause: Evasion abilities are banned\n|rule|Evasion Items Clause: Evasion items are banned\n|rule|Evasion Moves Clause: Evasion moves are banned\n|rule|Species Clause: Limit one of each Pok\u00e9mon\n|rule|Sleep Clause Mod: Limit one foe put to sleep\n|clearpoke\n|poke|p1|Cloyster, M|\n|poke|p1|Forretress, M|\n|poke|p1|Solrock|\n|poke|p1|Glalie, M|\n|poke|p1|Ferrothorn, M|\n|poke|p1|Carbink|\n|poke|p2|Gengar, F|\n|poke|p2|Altaria, F|\n|poke|p2|Gyarados, F|\n|poke|p2|Greninja-*, M|\n|poke|p2|Talonflame, F|\n|poke|p2|Hydreigon, M|\n|teampreview\n|inactive|Battle timer is ON: inactive players will automatically lose when time's up. (requested by SecurityZac)\n|\n|t:|1700642019\n|start\n|switch|p1a: Cryosion|Glalie, M|100\/100\n|switch|p2a: Talonflame|Talonflame, F, shiny|100\/100\n|turn|1\n|\n|t:|1700642030\n|switch|p1a: Geoshine|Solrock|100\/100\n|-terastallize|p2a: Talonflame|Fire\n|move|p2a: Talonflame|Flare Blitz|p1a: Geoshine\n|-resisted|p1a: Geoshine\n|-damage|p1a: Geoshine|58\/100\n|-damage|p2a: Talonflame|82\/100|[from] Recoil\n|-damage|p2a: Talonflame|73\/100|[from] item: Life Orb\n|\n|upkeep\n|turn|2\n|\n|t:|1700642042\n|switch|p2a: Greninja|Greninja, M|100\/100\n|move|p1a: Geoshine|Rock Slide|p2a: Greninja\n|-crit|p2a: Greninja\n|-damage|p2a: Greninja|38\/100\n|\n|upkeep\n|turn|3\n|\n|t:|1700642054\n|switch|p1a: Whiplash|Ferrothorn, M|100\/100\n|move|p2a: Greninja|Dark Pulse|p1a: Whiplash\n|-damage|p1a: Whiplash|71\/100\n|\n|upkeep\n|turn|4\n|\n|t:|1700642067\n|switch|p2a: Talonflame|Talonflame, F, shiny, tera:Fire|73\/100\n|move|p1a: Whiplash|Leech Seed|p2a: Talonflame|[miss]\n|-miss|p1a: Whiplash|p2a: Talonflame\n|\n|upkeep\n|turn|5\n|\n|t:|1700642080\n|switch|p1a: Geoshine|Solrock|58\/100\n|move|p2a: Talonflame|Defog|p1a: Geoshine\n|-unboost|p1a: Geoshine|evasion|1\n|\n|upkeep\n|turn|6\n|\n|t:|1700642093\n|switch|p2a: Gyarados|Gyarados, F, shiny|100\/100\n|-ability|p2a: Gyarados|Intimidate|boost\n|-unboost|p1a: Geoshine|atk|1\n|move|p1a: Geoshine|Rock Slide|p2a: Gyarados|[miss]\n|-miss|p1a: Geoshine|p2a: Gyarados\n|\n|upkeep\n|turn|7\n|\n|t:|1700642109\n|switch|p1a: Whiplash|Ferrothorn, M|71\/100\n|switch|p2a: Talonflame|Talonflame, F, shiny, tera:Fire|73\/100\n|\n|upkeep\n|turn|8\n|\n|t:|1700642118\n|switch|p1a: Geoshine|Solrock|58\/100\n|move|p2a: Talonflame|Roost|p2a: Talonflame\n|-heal|p2a: Talonflame|100\/100\n|\n|upkeep\n|turn|9\n|\n|t:|1700642127\n|switch|p2a: Altaria|Altaria, F|100\/100\n|move|p1a: Geoshine|Rock Slide|p2a: Altaria\n|-supereffective|p2a: Altaria\n|-damage|p2a: Altaria|46\/100\n|\n|upkeep\n|turn|10\n|\n|t:|1700642149\n|switch|p2a: Gengar|Gengar, F|100\/100\n|move|p1a: Geoshine|Rock Slide|p2a: Gengar\n|-damage|p2a: Gengar|46\/100\n|\n|-heal|p2a: Gengar|53\/100|[from] item: Black Sludge\n|upkeep\n|turn|11\n|\n|t:|1700642160\n|switch|p1a: Whiplash|Ferrothorn, M|71\/100\n|move|p2a: Gengar|Giga Drain|p1a: Whiplash\n|-resisted|p1a: Whiplash\n|-damage|p1a: Whiplash|66\/100\n|-heal|p2a: Gengar|55\/100|[from] drain|[of] p1a: Whiplash\n|\n|-heal|p2a: Gengar|61\/100|[from] item: Black Sludge\n|upkeep\n|turn|12\n|\n|t:|1700642172\n|move|p2a: Gengar|Sludge Wave|p1a: Whiplash\n|-immune|p1a: Whiplash\n|move|p1a: Whiplash|Leech Seed|p2a: Gengar\n|-start|p2a: Gengar|move: Leech Seed\n|\n|-heal|p2a: Gengar|68\/100|[from] item: Black Sludge\n|-damage|p2a: Gengar|55\/100|[from] Leech Seed|[of] p1a: Whiplash\n|-heal|p1a: Whiplash|77\/100|[silent]\n|upkeep\n|turn|13\n|\n|t:|1700642181\n|switch|p2a: Hydreigon|Hydreigon, M|100\/100\n|move|p1a: Whiplash|Protect||[still]\n|-fail|p1a: Whiplash\n|\n|upkeep\n|turn|14\n|\n|t:|1700642191\n|switch|p1a: Comastone|Carbink|100\/100\n|move|p2a: Hydreigon|Dragon Dance|p2a: Hydreigon\n|-boost|p2a: Hydreigon|atk|1\n|-boost|p2a: Hydreigon|spe|1\n|\n|upkeep\n|turn|15\n|\n|t:|1700642209\n|switch|p2a: Greninja|Greninja, M|38\/100\n|move|p1a: Comastone|Moonblast|p2a: Greninja\n|-supereffective|p2a: Greninja\n|-damage|p2a: Greninja|0 fnt\n|faint|p2a: Greninja\n|\n|upkeep\n|\n|t:|1700642219\n|switch|p2a: Gyarados|Gyarados, F, shiny|100\/100\n|-ability|p2a: Gyarados|Intimidate|boost\n|-unboost|p1a: Comastone|atk|1\n|turn|16\n|\n|t:|1700642231\n|switch|p1a: Whiplash|Ferrothorn, M|77\/100\n|move|p2a: Gyarados|Waterfall|p1a: Whiplash\n|-resisted|p1a: Whiplash\n|-damage|p1a: Whiplash|61\/100\n|-damage|p2a: Gyarados|88\/100|[from] ability: Iron Barbs|[of] p1a: Whiplash\n|-damage|p2a: Gyarados|71\/100|[from] item: Rocky Helmet|[of] p1a: Whiplash\n|\n|upkeep\n|turn|17\n|\n|t:|1700642243\n|switch|p2a: Talonflame|Talonflame, F, shiny, tera:Fire|100\/100\n|move|p1a: Whiplash|Leech Seed|p2a: Talonflame\n|-start|p2a: Talonflame|move: Leech Seed\n|\n|-damage|p2a: Talonflame|88\/100|[from] Leech Seed|[of] p1a: Whiplash\n|-heal|p1a: Whiplash|73\/100|[silent]\n|upkeep\n|turn|18\n|\n|t:|1700642252\n|move|p1a: Whiplash|Protect|p1a: Whiplash\n|-singleturn|p1a: Whiplash|Protect\n|move|p2a: Talonflame|Flare Blitz|p1a: Whiplash\n|-activate|p1a: Whiplash|move: Protect\n|\n|-damage|p2a: Talonflame|76\/100|[from] Leech Seed|[of] p1a: Whiplash\n|-heal|p1a: Whiplash|86\/100|[silent]\n|upkeep\n|turn|19\n|\n|t:|1700642261\n|switch|p1a: Geoshine|Solrock|58\/100\n|move|p2a: Talonflame|Flare Blitz|p1a: Geoshine\n|-resisted|p1a: Geoshine\n|-damage|p1a: Geoshine|18\/100\n|-status|p1a: Geoshine|brn\n|-damage|p2a: Talonflame|59\/100|[from] Recoil\n|-damage|p2a: Talonflame|49\/100|[from] item: Life Orb\n|\n|-damage|p2a: Talonflame|37\/100|[from] Leech Seed|[of] p1a: Geoshine\n|-heal|p1a: Geoshine|28\/100 brn|[silent]\n|-damage|p1a: Geoshine|21\/100 brn|[from] brn\n|upkeep\n|turn|20\n|\n|t:|1700642275\n|move|p2a: Talonflame|Flare Blitz|p1a: Geoshine\n|-resisted|p1a: Geoshine\n|-damage|p1a: Geoshine|0 fnt\n|faint|p1a: Geoshine\n|-damage|p2a: Talonflame|28\/100|[from] Recoil\n|-damage|p2a: Talonflame|18\/100|[from] item: Life Orb\n|\n|upkeep\n|\n|t:|1700642284\n|switch|p1a: Whiplash|Ferrothorn, M|86\/100\n|turn|21\n|\n|t:|1700642293\n|move|p1a: Whiplash|Protect|p1a: Whiplash\n|-singleturn|p1a: Whiplash|Protect\n|move|p2a: Talonflame|Roost|p2a: Talonflame\n|-heal|p2a: Talonflame|68\/100\n|\n|-damage|p2a: Talonflame|56\/100|[from] Leech Seed|[of] p1a: Whiplash\n|-heal|p1a: Whiplash|99\/100|[silent]\n|upkeep\n|turn|22\n|\n|t:|1700642303\n|switch|p1a: Comastone|Carbink|100\/100\n|move|p2a: Talonflame|Defog|p1a: Comastone\n|-unboost|p1a: Comastone|evasion|1\n|\n|-damage|p2a: Talonflame|43\/100|[from] Leech Seed|[of] p1a: Comastone\n|upkeep\n|turn|23\n|\n|t:|1700642316\n|switch|p2a: Gyarados|Gyarados, F, shiny|71\/100\n|-ability|p2a: Gyarados|Intimidate|boost\n|-unboost|p1a: Comastone|atk|1\n|move|p1a: Comastone|Calm Mind|p1a: Comastone\n|-boost|p1a: Comastone|spa|1\n|-boost|p1a: Comastone|spd|1\n|\n|upkeep\n|turn|24\n|\n|t:|1700642326\n|switch|p1a: Whiplash|Ferrothorn, M|99\/100\n|move|p2a: Gyarados|Ice Fang|p1a: Whiplash\n|-damage|p1a: Whiplash|80\/100\n|-damage|p2a: Gyarados|59\/100|[from] ability: Iron Barbs|[of] p1a: Whiplash\n|-damage|p2a: Gyarados|42\/100|[from] item: Rocky Helmet|[of] p1a: Whiplash\n|\n|upkeep\n|turn|25\n|\n|t:|1700642339\n|switch|p2a: Talonflame|Talonflame, F, shiny, tera:Fire|43\/100\n|move|p1a: Whiplash|Leech Seed|p2a: Talonflame\n|-start|p2a: Talonflame|move: Leech Seed\n|\n|-damage|p2a: Talonflame|31\/100|[from] Leech Seed|[of] p1a: Whiplash\n|-heal|p1a: Whiplash|93\/100|[silent]\n|upkeep\n|turn|26\n|\n|t:|1700642347\n|move|p1a: Whiplash|Protect|p1a: Whiplash\n|-singleturn|p1a: Whiplash|Protect\n|move|p2a: Talonflame|Defog|p1a: Whiplash\n|-activate|p1a: Whiplash|move: Protect\n|\n|-damage|p2a: Talonflame|18\/100|[from] Leech Seed|[of] p1a: Whiplash\n|-heal|p1a: Whiplash|100\/100|[silent]\n|upkeep\n|turn|27\n|\n|t:|1700642358\n|switch|p1a: Comastone|Carbink|100\/100\n|move|p2a: Talonflame|Roost|p2a: Talonflame\n|-heal|p2a: Talonflame|69\/100\n|\n|-damage|p2a: Talonflame|56\/100|[from] Leech Seed|[of] p1a: Comastone\n|upkeep\n|turn|28\n|\n|t:|1700642370\n|switch|p2a: Gyarados|Gyarados, F, shiny|42\/100\n|-ability|p2a: Gyarados|Intimidate|boost\n|-unboost|p1a: Comastone|atk|1\n|move|p1a: Comastone|Moonblast|p2a: Gyarados\n|-damage|p2a: Gyarados|23\/100\n|\n|upkeep\n|turn|29\n|\n|t:|1700642389\n|switch|p1a: Whiplash|Ferrothorn, M|100\/100\n|move|p2a: Gyarados|Ice Fang|p1a: Whiplash\n|-damage|p1a: Whiplash|82\/100\n|-damage|p2a: Gyarados|11\/100|[from] ability: Iron Barbs|[of] p1a: Whiplash\n|-damage|p2a: Gyarados|0 fnt|[from] item: Rocky Helmet|[of] p1a: Whiplash\n|faint|p2a: Gyarados\n|\n|upkeep\n|\n|t:|1700642401\n|switch|p2a: Talonflame|Talonflame, F, shiny, tera:Fire|56\/100\n|turn|30\n|\n|t:|1700642421\n|switch|p1a: Comastone|Carbink|100\/100\n|move|p2a: Talonflame|Defog|p1a: Comastone\n|-unboost|p1a: Comastone|evasion|1\n|\n|upkeep\n|turn|31\n|\n|t:|1700642429\n|move|p2a: Talonflame|Roost|p2a: Talonflame\n|-heal|p2a: Talonflame|100\/100\n|move|p1a: Comastone|Moonblast|p2a: Talonflame\n|-resisted|p2a: Talonflame\n|-damage|p2a: Talonflame|85\/100\n|\n|upkeep\n|turn|32\n|\n|t:|1700642449\n|switch|p2a: Gengar|Gengar, F|55\/100\n|move|p1a: Comastone|Calm Mind|p1a: Comastone\n|-boost|p1a: Comastone|spa|1\n|-boost|p1a: Comastone|spd|1\n|\n|-heal|p2a: Gengar|61\/100|[from] item: Black Sludge\n|upkeep\n|turn|33\n|\n|t:|1700642462\n|move|p2a: Gengar|Sludge Wave|p1a: Comastone\n|-damage|p1a: Comastone|72\/100\n|move|p1a: Comastone|Calm Mind|p1a: Comastone\n|-boost|p1a: Comastone|spa|1\n|-boost|p1a: Comastone|spd|1\n|\n|-heal|p2a: Gengar|68\/100|[from] item: Black Sludge\n|upkeep\n|turn|34\n|\n|t:|1700642472\n|move|p2a: Gengar|Giga Drain|p1a: Comastone\n|-supereffective|p1a: Comastone\n|-damage|p1a: Comastone|48\/100\n|-heal|p2a: Gengar|78\/100|[from] drain|[of] p1a: Comastone\n|-enditem|p1a: Comastone|Sitrus Berry|[eat]\n|-heal|p1a: Comastone|73\/100|[from] item: Sitrus Berry\n|move|p1a: Comastone|Moonblast|p2a: Gengar\n|-resisted|p2a: Gengar\n|-damage|p2a: Gengar|48\/100\n|\n|-heal|p2a: Gengar|54\/100|[from] item: Black Sludge\n|upkeep\n|turn|35\n|\n|t:|1700642484\n|move|p2a: Gengar|Giga Drain|p1a: Comastone\n|-supereffective|p1a: Comastone\n|-crit|p1a: Comastone\n|-damage|p1a: Comastone|1\/100\n|-heal|p2a: Gengar|87\/100|[from] drain|[of] p1a: Comastone\n|move|p1a: Comastone|Calm Mind|p1a: Comastone\n|-boost|p1a: Comastone|spa|1\n|-boost|p1a: Comastone|spd|1\n|\n|-heal|p2a: Gengar|93\/100|[from] item: Black Sludge\n|upkeep\n|turn|36\n|\n|t:|1700642494\n|move|p2a: Gengar|Giga Drain|p1a: Comastone\n|-supereffective|p1a: Comastone\n|-damage|p1a: Comastone|0 fnt\n|-heal|p2a: Gengar|94\/100|[from] drain|[of] p1a: Comastone\n|faint|p1a: Comastone\n|\n|-heal|p2a: Gengar|99\/100|[from] item: Black Sludge\n|upkeep\n|\n|t:|1700642504\n|switch|p1a: Ironut|Forretress, M|100\/100\n|turn|37\n|\n|t:|1700642512\n|move|p2a: Gengar|Thunder|p1a: Ironut|[miss]\n|-miss|p2a: Gengar|p1a: Ironut\n|move|p1a: Ironut|Zap Cannon|p2a: Gengar|[miss]\n|-miss|p1a: Ironut|p2a: Gengar\n|\n|-heal|p2a: Gengar|100\/100|[from] item: Black Sludge\n|upkeep\n|turn|38\n|\n|t:|1700642525\n|switch|p2a: Hydreigon|Hydreigon, M|100\/100\n|move|p1a: Ironut|Stealth Rock|p2a: Hydreigon\n|-sidestart|p2: SecurityZac|move: Stealth Rock\n|\n|upkeep\n|turn|39\n|\n|t:|1700642532\n|move|p2a: Hydreigon|Stealth Rock|p1a: Ironut\n|-sidestart|p1: Keanmon|move: Stealth Rock\n|move|p1a: Ironut|Zap Cannon|p2a: Hydreigon\n|-resisted|p2a: Hydreigon\n|-damage|p2a: Hydreigon|90\/100\n|-status|p2a: Hydreigon|par\n|\n|-heal|p2a: Hydreigon|97\/100 par|[from] item: Leftovers\n|upkeep\n|turn|40\n|\n|t:|1700642546\n|move|p2a: Hydreigon|Dragon Dance|p2a: Hydreigon\n|-boost|p2a: Hydreigon|atk|1\n|-boost|p2a: Hydreigon|spe|1\n|move|p1a: Ironut|Rapid Spin|p2a: Hydreigon\n|-damage|p2a: Hydreigon|85\/100 par\n|-boost|p1a: Ironut|spe|1\n|-sideend|p1: Keanmon|Stealth Rock|[from] move: Rapid Spin|[of] p1a: Ironut\n|\n|-heal|p2a: Hydreigon|91\/100 par|[from] item: Leftovers\n|upkeep\n|turn|41\n|\n|t:|1700642556\n|switch|p1a: Cryosion|Glalie, M|100\/100\n|move|p2a: Hydreigon|Flamethrower|p1a: Cryosion\n|-supereffective|p1a: Cryosion\n|-damage|p1a: Cryosion|17\/100\n|\n|-heal|p2a: Hydreigon|97\/100 par|[from] item: Leftovers\n|upkeep\n|turn|42\n|\n|t:|1700642569\n|switch|p2a: Altaria|Altaria, F|46\/100\n|detailschange|p1a: Cryosion|Glalie-Mega, M\n|-mega|p1a: Cryosion|Glalie|Glalitite\n|move|p1a: Cryosion|Return|p2a: Altaria\n|-supereffective|p2a: Altaria\n|-damage|p2a: Altaria|0 fnt\n|faint|p2a: Altaria\n|\n|upkeep\n|\n|t:|1700642579\n|switch|p2a: Talonflame|Talonflame, F, shiny, tera:Fire|85\/100\n|-damage|p2a: Talonflame|60\/100|[from] Stealth Rock\n|turn|43\n|\n|t:|1700642600\n|move|p1a: Cryosion|Ice Shard|p2a: Talonflame\n|-resisted|p2a: Talonflame\n|-damage|p2a: Talonflame|42\/100\n|move|p2a: Talonflame|Flare Blitz|p1a: Cryosion\n|-supereffective|p1a: Cryosion\n|-damage|p1a: Cryosion|0 fnt\n|faint|p1a: Cryosion\n|-damage|p2a: Talonflame|36\/100|[from] Recoil\n|-damage|p2a: Talonflame|26\/100|[from] item: Life Orb\n|\n|upkeep\n|\n|t:|1700642614\n|switch|p1a: Shellshocker|Cloyster, M|100\/100\n|turn|44\n|\n|t:|1700642620\n|switch|p2a: Gengar|Gengar, F|100\/100\n|-damage|p2a: Gengar|88\/100|[from] Stealth Rock\n|move|p1a: Shellshocker|Shell Smash|p1a: Shellshocker\n|-unboost|p1a: Shellshocker|def|1\n|-unboost|p1a: Shellshocker|spd|1\n|-boost|p1a: Shellshocker|atk|2\n|-boost|p1a: Shellshocker|spa|2\n|-boost|p1a: Shellshocker|spe|2\n|\n|-heal|p2a: Gengar|94\/100|[from] item: Black Sludge\n|upkeep\n|turn|45\n|\n|t:|1700642632\n|move|p1a: Shellshocker|Icicle Spear|p2a: Gengar\n|-damage|p2a: Gengar|50\/100\n|-damage|p2a: Gengar|7\/100\n|-start|p1a: Shellshocker|Disable|Icicle Spear|[from] ability: Cursed Body|[of] p2a: Gengar\n|-damage|p2a: Gengar|0 fnt\n|faint|p2a: Gengar\n|-hitcount|p2: Gengar|3\n|\n|upkeep\n|\n|t:|1700642641\n|switch|p2a: Hydreigon|Hydreigon, M|97\/100 par\n|-damage|p2a: Hydreigon|85\/100 par|[from] Stealth Rock\n|turn|46\n|\n|t:|1700642651\n|move|p1a: Shellshocker|Rock Blast|p2a: Hydreigon\n|-damage|p2a: Hydreigon|71\/100 par\n|-damage|p2a: Hydreigon|56\/100 par\n|-damage|p2a: Hydreigon|40\/100 par\n|-damage|p2a: Hydreigon|26\/100 par\n|-damage|p2a: Hydreigon|11\/100 par\n|-hitcount|p2a: Hydreigon|5\n|cant|p2a: Hydreigon|par\n|\n|-heal|p2a: Hydreigon|17\/100 par|[from] item: Leftovers\n|upkeep\n|turn|47\n|\n|t:|1700642663\n|move|p1a: Shellshocker|Rock Blast|p2a: Hydreigon\n|-damage|p2a: Hydreigon|1\/100 par\n|-damage|p2a: Hydreigon|0 fnt\n|faint|p2a: Hydreigon\n|-hitcount|p2: Hydreigon|2\n|\n|upkeep\n|\n|t:|1700642670\n|switch|p2a: Talonflame|Talonflame, F, shiny, tera:Fire|26\/100\n|-damage|p2a: Talonflame|1\/100|[from] Stealth Rock\n|turn|48\n|\n|t:|1700642675\n|move|p1a: Shellshocker|Rock Blast|p2a: Talonflame\n|-supereffective|p2a: Talonflame\n|-damage|p2a: Talonflame|0 fnt\n|faint|p2a: Talonflame\n|-hitcount|p2: Talonflame|1\n|\n|win|Keanmon\n|raw|Keanmon's rating: 1095 &rarr; <strong>1118<\/strong><br \/>(+23 for winning)\n|raw|SecurityZac's rating: 1064 &rarr; <strong>1046<\/strong><br \/>(-18 for losing)\n|c|\u2606Keanmon|gg\n","uploadtime":1700642681,"views":1,"p1id":"keanmon","p2id":"securityzac","formatid":"gen9nationaldex","rating":1046,"private":0,"password":""}