{"id":"gen9nationaldex-1998055414","p1":"sighz 0-0","p2":"qazserfvgyujnko","format":"[Gen 9] National Dex","log":"|html|<div class=\"broadcast-blue\"><strong>[Gen 9] National Dex is currently suspecting Sneasler! For information on how to participate check out the <a href=\"https:\/\/www.smogon.com\/forums\/threads\/sv-national-dex-suspect-8-just-dance.3731534\/\">suspect thread<\/a>.<\/strong><\/div>\n|j|\u2606sighz 0-0\n|j|\u2606qazserfvgyujnko\n|t:|1700884527\n|gametype|singles\n|player|p1|sighz 0-0|may-contest|1271\n|player|p2|qazserfvgyujnko|steven|1287\n|teamsize|p1|6\n|teamsize|p2|6\n|gen|9\n|tier|[Gen 9] National Dex\n|rated|\n|rule|HP Percentage Mod: HP is shown in percentages\n|rule|Endless Battle Clause: Forcing endless battles is banned\n|rule|OHKO Clause: OHKO moves are banned\n|rule|Evasion Clause: Evasion abilities, items, and moves are banned\n|rule|Evasion Abilities Clause: Evasion abilities are banned\n|rule|Evasion Items Clause: Evasion items are banned\n|rule|Evasion Moves Clause: Evasion moves are banned\n|rule|Species Clause: Limit one of each Pok\u00e9mon\n|rule|Sleep Clause Mod: Limit one foe put to sleep\n|clearpoke\n|poke|p1|Blacephalon|\n|poke|p1|Snorlax, F|\n|poke|p1|Landorus-Therian, M|\n|poke|p1|Victini|\n|poke|p1|Bisharp, M|\n|poke|p1|Diancie|\n|poke|p2|Conkeldurr, F|\n|poke|p2|Garganacl, M|\n|poke|p2|Hatterene, F|\n|poke|p2|Marowak-Alola, M|\n|poke|p2|Aggron, M|\n|poke|p2|Drampa, M|\n|teampreview\n|\n|t:|1700884537\n|start\n|switch|p1a: Bisharp|Bisharp, M|100\/100\n|switch|p2a: Hatterene|Hatterene, F|100\/100\n|turn|1\n|\n|t:|1700884542\n|move|p1a: Bisharp|Iron Head|p2a: Hatterene\n|-supereffective|p2a: Hatterene\n|-damage|p2a: Hatterene|0 fnt\n|faint|p2a: Hatterene\n|-damage|p1a: Bisharp|91\/100|[from] item: Life Orb\n|\n|upkeep\n|\n|t:|1700884549\n|switch|p2a: Aggron|Aggron, M, shiny|100\/100\n|turn|2\n|\n|t:|1700884568\n|switch|p1a: Landorus|Landorus-Therian, M|100\/100\n|-ability|p1a: Landorus|Intimidate|boost\n|-unboost|p2a: Aggron|atk|1\n|detailschange|p2a: Aggron|Aggron-Mega, M, shiny\n|-mega|p2a: Aggron|Aggron|Aggronite\n|move|p2a: Aggron|Crunch|p1a: Landorus\n|-damage|p1a: Landorus|88\/100\n|\n|upkeep\n|turn|3\n|\n|t:|1700884585\n|switch|p2a: Conkeldurr|Conkeldurr, F|100\/100\n|move|p1a: Landorus|Stealth Rock|p2a: Conkeldurr\n|-sidestart|p2: qazserfvgyujnko|move: Stealth Rock\n|\n|-status|p2a: Conkeldurr|brn|[from] item: Flame Orb\n|upkeep\n|turn|4\n|inactive|Battle timer is ON: inactive players will automatically lose when time's up. (requested by sighz 0-0)\n|\n|t:|1700884594\n|-terastallize|p2a: Conkeldurr|Normal\n|move|p1a: Landorus|Explosion|p2a: Conkeldurr\n|-enditem|p1a: Landorus|Normal Gem|[from] gem\n|-damage|p2a: Conkeldurr|13\/100 brn\n|faint|p1a: Landorus\n|move|p2a: Conkeldurr|Facade|p1: Landorus|[notarget]\n|-fail|p2a: Conkeldurr\n|\n|-damage|p2a: Conkeldurr|7\/100 brn|[from] brn\n|upkeep\n|\n|t:|1700884605\n|switch|p1a: Blacephalon|Blacephalon|100\/100\n|turn|5\n|\n|t:|1700884620\n|move|p2a: Conkeldurr|Mach Punch|p1a: Blacephalon\n|-immune|p1a: Blacephalon\n|move|p1a: Blacephalon|Flamethrower|p2a: Conkeldurr\n|-damage|p2a: Conkeldurr|0 fnt\n|faint|p2a: Conkeldurr\n|-ability|p1a: Blacephalon|Beast Boost|boost\n|-boost|p1a: Blacephalon|spa|1\n|\n|upkeep\n|\n|t:|1700884626\n|switch|p2a: Aggron|Aggron-Mega, M, shiny|100\/100\n|-damage|p2a: Aggron|94\/100|[from] Stealth Rock\n|turn|6\n|\n|t:|1700884631\n|move|p1a: Blacephalon|Flamethrower|p2a: Aggron\n|-supereffective|p2a: Aggron\n|-damage|p2a: Aggron|0 fnt\n|faint|p2a: Aggron\n|-ability|p1a: Blacephalon|Beast Boost|boost\n|-boost|p1a: Blacephalon|spa|1\n|\n|upkeep\n|\n|t:|1700884635\n|switch|p2a: Garganacl|Garganacl, M|100\/100\n|-damage|p2a: Garganacl|88\/100|[from] Stealth Rock\n|turn|7\n|\n|t:|1700884639\n|switch|p1a: Diancie|Diancie|100\/100\n|move|p2a: Garganacl|Protect||[still]\n|-fail|p2a: Garganacl\n|\n|-heal|p2a: Garganacl|94\/100|[from] item: Leftovers\n|upkeep\n|turn|8\n|\n|t:|1700884647\n|detailschange|p1a: Diancie|Diancie-Mega\n|-mega|p1a: Diancie|Diancie|Diancite\n|move|p1a: Diancie|Moonblast|p2a: Garganacl\n|-damage|p2a: Garganacl|51\/100\n|-unboost|p2a: Garganacl|spa|1\n|move|p2a: Garganacl|Body Press|p1a: Diancie\n|-damage|p1a: Diancie|64\/100\n|\n|-heal|p2a: Garganacl|57\/100|[from] item: Leftovers\n|upkeep\n|turn|9\n|\n|t:|1700884655\n|move|p2a: Garganacl|Protect|p2a: Garganacl\n|-singleturn|p2a: Garganacl|Protect\n|move|p1a: Diancie|Earth Power|p2a: Garganacl\n|-activate|p2a: Garganacl|move: Protect\n|\n|-heal|p2a: Garganacl|64\/100|[from] item: Leftovers\n|upkeep\n|turn|10\n|\n|t:|1700884684\n|move|p1a: Diancie|Earth Power|p2a: Garganacl\n|-supereffective|p2a: Garganacl\n|-damage|p2a: Garganacl|8\/100\n|move|p2a: Garganacl|Recover|p2a: Garganacl\n|-heal|p2a: Garganacl|58\/100\n|\n|-heal|p2a: Garganacl|64\/100|[from] item: Leftovers\n|upkeep\n|turn|11\n|\n|t:|1700884692\n|move|p2a: Garganacl|Protect|p2a: Garganacl\n|-singleturn|p2a: Garganacl|Protect\n|move|p1a: Diancie|Moonblast|p2a: Garganacl\n|-activate|p2a: Garganacl|move: Protect\n|\n|-heal|p2a: Garganacl|71\/100|[from] item: Leftovers\n|upkeep\n|turn|12\n|\n|t:|1700884695\n|move|p1a: Diancie|Misty Explosion|p2a: Garganacl\n|-damage|p2a: Garganacl|29\/100\n|faint|p1a: Diancie\n|move|p2a: Garganacl|Body Press|p1: Diancie|[notarget]\n|-fail|p2a: Garganacl\n|\n|-heal|p2a: Garganacl|35\/100|[from] item: Leftovers\n|upkeep\n|\n|t:|1700884702\n|switch|p1a: Bisharp|Bisharp, M|91\/100\n|turn|13\n|\n|t:|1700884706\n|move|p2a: Garganacl|Protect|p2a: Garganacl\n|-singleturn|p2a: Garganacl|Protect\n|move|p1a: Bisharp|Swords Dance|p1a: Bisharp\n|-boost|p1a: Bisharp|atk|2\n|\n|-heal|p2a: Garganacl|41\/100|[from] item: Leftovers\n|upkeep\n|turn|14\n|\n|t:|1700884712\n|move|p1a: Bisharp|Iron Head|p2a: Garganacl\n|-supereffective|p2a: Garganacl\n|-damage|p2a: Garganacl|0 fnt\n|faint|p2a: Garganacl\n|-damage|p1a: Bisharp|81\/100|[from] item: Life Orb\n|\n|upkeep\n|\n|t:|1700884714\n|switch|p2a: Marowak|Marowak-Alola, M, shiny|100\/100\n|-damage|p2a: Marowak|76\/100|[from] Stealth Rock\n|turn|15\n|\n|t:|1700884720\n|move|p1a: Bisharp|Knock Off|p2a: Marowak\n|-supereffective|p2a: Marowak\n|-damage|p2a: Marowak|0 fnt\n|-enditem|p2a: Marowak|Thick Club|[from] move: Knock Off|[of] p1a: Bisharp\n|faint|p2a: Marowak\n|-damage|p1a: Bisharp|71\/100|[from] item: Life Orb\n|\n|upkeep\n|\n|t:|1700884722\n|switch|p2a: Drampa|Drampa, M|100\/100\n|-damage|p2a: Drampa|88\/100|[from] Stealth Rock\n|turn|16\n|\n|t:|1700884728\n|move|p1a: Bisharp|Knock Off|p2a: Drampa\n|-damage|p2a: Drampa|0 fnt\n|-enditem|p2a: Drampa|Choice Specs|[from] move: Knock Off|[of] p1a: Bisharp\n|faint|p2a: Drampa\n|-damage|p1a: Bisharp|61\/100|[from] item: Life Orb\n|\n|win|sighz 0-0\n|raw|sighz 0-0's rating: 1298 &rarr; <strong>1322<\/strong><br \/>(+24 for winning)\n|raw|qazserfvgyujnko's rating: 1287 &rarr; <strong>1263<\/strong><br \/>(-24 for losing)\n|l|\u2606qazserfvgyujnko\n","uploadtime":1700884749,"views":1,"p1id":"sighz00","p2id":"qazserfvgyujnko","formatid":"gen9nationaldex","rating":1263,"private":0,"password":""}