{"id":"gen9nationaldex-1991215321","p1":"abognus","p2":"xenoswagzilla","format":"[Gen 9] National Dex","log":"|j|\u2606abognus\n|j|\u2606xenoswagzilla\n|t:|1700057992\n|gametype|singles\n|player|p1|abognus|burglar|1112\n|player|p2|xenoswagzilla|marlon|1127\n|teamsize|p1|6\n|teamsize|p2|6\n|gen|9\n|tier|[Gen 9] National Dex\n|rated|\n|rule|HP Percentage Mod: HP is shown in percentages\n|rule|Endless Battle Clause: Forcing endless battles is banned\n|rule|OHKO Clause: OHKO moves are banned\n|rule|Evasion Clause: Evasion abilities, items, and moves are banned\n|rule|Evasion Abilities Clause: Evasion abilities are banned\n|rule|Evasion Items Clause: Evasion items are banned\n|rule|Evasion Moves Clause: Evasion moves are banned\n|rule|Species Clause: Limit one of each Pok\u00e9mon\n|rule|Sleep Clause Mod: Limit one foe put to sleep\n|clearpoke\n|poke|p1|Mawile, F|\n|poke|p1|Whimsicott, L1, M|\n|poke|p1|Regidrago|\n|poke|p1|Xurkitree|\n|poke|p1|Scolipede, F|\n|poke|p1|Garchomp, M|\n|poke|p2|Aggron, M|\n|poke|p2|Victini|\n|poke|p2|Rotom-Wash|\n|poke|p2|Sinistcha|\n|poke|p2|Tyranitar, M|\n|poke|p2|Nidoking, M|\n|teampreview\n|c|\u2606abognus|Hi\n|\n|t:|1700058006\n|start\n|switch|p1a: Mommy|Mawile, F, shiny|100\/100\n|switch|p2a: Rotom|Rotom-Wash|100\/100\n|-ability|p1a: Mommy|Intimidate|boost\n|-unboost|p2a: Rotom|atk|1\n|turn|1\n|c|\u2606xenoswagzilla|hi\n|c|\u2606xenoswagzilla|cool Looking team\n|c|\u2606xenoswagzilla|glhf\n|\n|t:|1700058029\n|detailschange|p1a: Mommy|Mawile-Mega, F, shiny\n|-mega|p1a: Mommy|Mawile|Mawilite\n|move|p2a: Rotom|Reflect|p2a: Rotom\n|-sidestart|p2: xenoswagzilla|Reflect\n|move|p1a: Mommy|Swords Dance|p1a: Mommy\n|-boost|p1a: Mommy|atk|2\n|\n|upkeep\n|turn|2\n|c|\u2606abognus|Thanks\n|\n|t:|1700058037\n|move|p2a: Rotom|Volt Switch|p1a: Mommy\n|-damage|p1a: Mommy|62\/100\n|\n|t:|1700058045\n|switch|p2a: Nidoking|Nidoking, M|100\/100|[from] Volt Switch\n|move|p1a: Mommy|Swords Dance|p1a: Mommy\n|-boost|p1a: Mommy|atk|2\n|\n|upkeep\n|turn|3\n|\n|t:|1700058055\n|move|p1a: Mommy|Sucker Punch|p2a: Nidoking\n|-damage|p2a: Nidoking|31\/100\n|-enditem|p2a: Nidoking|Sitrus Berry|[eat]\n|-heal|p2a: Nidoking|56\/100|[from] item: Sitrus Berry\n|move|p2a: Nidoking|Earthquake|p1a: Mommy\n|-supereffective|p1a: Mommy\n|-damage|p1a: Mommy|0 fnt\n|faint|p1a: Mommy\n|\n|upkeep\n|\n|t:|1700058065\n|switch|p1a: Scopes|Scolipede, F, shiny|100\/100\n|turn|4\n|\n|t:|1700058081\n|-terastallize|p2a: Nidoking|Ice\n|move|p1a: Scopes|Protect|p1a: Scopes\n|-singleturn|p1a: Scopes|Protect\n|move|p2a: Nidoking|Ice Punch|p1a: Scopes\n|-activate|p1a: Scopes|move: Protect\n|\n|-ability|p1a: Scopes|Speed Boost|boost\n|-boost|p1a: Scopes|spe|1\n|upkeep\n|turn|5\n|\n|t:|1700058091\n|move|p1a: Scopes|Substitute|p1a: Scopes\n|-start|p1a: Scopes|Substitute\n|-damage|p1a: Scopes|76\/100\n|move|p2a: Nidoking|Ice Punch|p1a: Scopes\n|-end|p1a: Scopes|Substitute\n|\n|-heal|p1a: Scopes|82\/100|[from] item: Leftovers\n|-ability|p1a: Scopes|Speed Boost|boost\n|-boost|p1a: Scopes|spe|1\n|upkeep\n|turn|6\n|\n|t:|1700058105\n|switch|p2a: Victini|Victini|100\/100\n|move|p1a: Scopes|Protect||[still]\n|-fail|p1a: Scopes\n|\n|-heal|p1a: Scopes|88\/100|[from] item: Leftovers\n|-ability|p1a: Scopes|Speed Boost|boost\n|-boost|p1a: Scopes|spe|1\n|upkeep\n|turn|7\n|\n|t:|1700058112\n|move|p1a: Scopes|Substitute|p1a: Scopes\n|-start|p1a: Scopes|Substitute\n|-damage|p1a: Scopes|63\/100\n|move|p2a: Victini|Trick Room|p2a: Victini\n|-fieldstart|move: Trick Room|[of] p2a: Victini\n|\n|-heal|p1a: Scopes|69\/100|[from] item: Leftovers\n|-ability|p1a: Scopes|Speed Boost|boost\n|-boost|p1a: Scopes|spe|1\n|upkeep\n|turn|8\n|\n|t:|1700058126\n|move|p1a: Scopes|Protect|p1a: Scopes\n|-singleturn|p1a: Scopes|Protect\n|move|p2a: Victini|U-turn|p1a: Scopes\n|-activate|p1a: Scopes|move: Protect\n|\n|-heal|p1a: Scopes|75\/100|[from] item: Leftovers\n|-sideend|p2: xenoswagzilla|Reflect\n|-ability|p1a: Scopes|Speed Boost|boost\n|-boost|p1a: Scopes|spe|1\n|upkeep\n|turn|9\n|\n|t:|1700058148\n|move|p2a: Victini|U-turn|p1a: Scopes\n|-resisted|p1a: Scopes\n|-activate|p1a: Scopes|move: Substitute|[damage]\n|\n|t:|1700058156\n|switch|p2a: Rotom|Rotom-Wash|100\/100|[from] U-turn\n|move|p1a: Scopes|Swords Dance|p1a: Scopes\n|-boost|p1a: Scopes|atk|2\n|\n|-heal|p1a: Scopes|81\/100|[from] item: Leftovers\n|-ability|p1a: Scopes|Speed Boost|boost\n|-boost|p1a: Scopes|spe|1\n|upkeep\n|turn|10\n|\n|t:|1700058165\n|move|p1a: Scopes|Protect|p1a: Scopes\n|-singleturn|p1a: Scopes|Protect\n|move|p2a: Rotom|Hydro Pump|p1a: Scopes\n|-activate|p1a: Scopes|move: Protect\n|\n|-heal|p1a: Scopes|88\/100|[from] item: Leftovers\n|upkeep\n|turn|11\n|\n|t:|1700058173\n|move|p2a: Rotom|Reflect|p2a: Rotom\n|-sidestart|p2: xenoswagzilla|Reflect\n|move|p1a: Scopes|Substitute|p1a: Scopes\n|-fail|p1a: Scopes|move: Substitute\n|\n|-heal|p1a: Scopes|94\/100|[from] item: Leftovers\n|-fieldend|move: Trick Room\n|upkeep\n|turn|12\n|\n|t:|1700058184\n|move|p1a: Scopes|Swords Dance|p1a: Scopes\n|-boost|p1a: Scopes|atk|2\n|move|p2a: Rotom|Hydro Pump|p1a: Scopes\n|-end|p1a: Scopes|Substitute\n|\n|-heal|p1a: Scopes|99\/100|[from] item: Leftovers\n|upkeep\n|turn|13\n|\n|t:|1700058194\n|move|p1a: Scopes|Substitute|p1a: Scopes\n|-start|p1a: Scopes|Substitute\n|-damage|p1a: Scopes|75\/100\n|move|p2a: Rotom|Volt Switch|p1a: Scopes\n|-end|p1a: Scopes|Substitute\n|\n|t:|1700058209\n|switch|p2a: Sinistcha|Sinistcha|100\/100|[from] Volt Switch\n|\n|-heal|p1a: Scopes|81\/100|[from] item: Leftovers\n|upkeep\n|turn|14\n|\n|t:|1700058227\n|move|p1a: Scopes|Protect|p1a: Scopes\n|-singleturn|p1a: Scopes|Protect\n|move|p2a: Sinistcha|Strength Sap|p1a: Scopes\n|-activate|p1a: Scopes|move: Protect\n|\n|-heal|p1a: Scopes|87\/100|[from] item: Leftovers\n|upkeep\n|turn|15\n|\n|t:|1700058234\n|move|p1a: Scopes|Swords Dance|p1a: Scopes\n|-boost|p1a: Scopes|atk|2\n|move|p2a: Sinistcha|Trick Room|p2a: Sinistcha\n|-fieldstart|move: Trick Room|[of] p2a: Sinistcha\n|\n|-heal|p1a: Scopes|93\/100|[from] item: Leftovers\n|upkeep\n|turn|16\n|\n|t:|1700058240\n|move|p2a: Sinistcha|Strength Sap|p1a: Scopes\n|-unboost|p1a: Scopes|atk|1\n|move|p1a: Scopes|X-Scissor|p2a: Sinistcha\n|-damage|p2a: Sinistcha|38\/100\n|\n|-heal|p2a: Sinistcha|44\/100|[from] item: Leftovers\n|-heal|p1a: Scopes|99\/100|[from] item: Leftovers\n|upkeep\n|turn|17\n|\n|t:|1700058249\n|move|p1a: Scopes|Protect|p1a: Scopes\n|-singleturn|p1a: Scopes|Protect\n|move|p2a: Sinistcha|Strength Sap|p1a: Scopes\n|-activate|p1a: Scopes|move: Protect\n|\n|-heal|p2a: Sinistcha|50\/100|[from] item: Leftovers\n|-heal|p1a: Scopes|100\/100|[from] item: Leftovers\n|upkeep\n|turn|18\n|\n|t:|1700058257\n|move|p2a: Sinistcha|Strength Sap|p1a: Scopes\n|-unboost|p1a: Scopes|atk|1\n|-heal|p2a: Sinistcha|100\/100\n|move|p1a: Scopes|Substitute|p1a: Scopes\n|-start|p1a: Scopes|Substitute\n|-damage|p1a: Scopes|76\/100\n|\n|-heal|p1a: Scopes|82\/100|[from] item: Leftovers\n|-sideend|p2: xenoswagzilla|Reflect\n|upkeep\n|turn|19\n|\n|t:|1700058318\n|switch|p2a: Aggron|Aggron, M|100\/100\n|move|p1a: Scopes|Swords Dance|p1a: Scopes\n|-boost|p1a: Scopes|atk|2\n|\n|-heal|p1a: Scopes|88\/100|[from] item: Leftovers\n|-fieldend|move: Trick Room\n|upkeep\n|turn|20\n|\n|t:|1700058343\n|detailschange|p2a: Aggron|Aggron-Mega, M\n|-mega|p2a: Aggron|Aggron|Aggronite\n|move|p1a: Scopes|X-Scissor|p2a: Aggron\n|-resisted|p2a: Aggron\n|-damage|p2a: Aggron|66\/100\n|move|p2a: Aggron|Outrage|p1a: Scopes\n|-end|p1a: Scopes|Substitute\n|\n|-heal|p1a: Scopes|94\/100|[from] item: Leftovers\n|upkeep\n|turn|21\n|\n|t:|1700058354\n|move|p1a: Scopes|Substitute|p1a: Scopes\n|-start|p1a: Scopes|Substitute\n|-damage|p1a: Scopes|69\/100\n|move|p2a: Aggron|Outrage|p1a: Scopes|[from]lockedmove\n|-end|p1a: Scopes|Substitute\n|\n|-heal|p1a: Scopes|75\/100|[from] item: Leftovers\n|upkeep\n|turn|22\n|\n|t:|1700058362\n|move|p1a: Scopes|Protect|p1a: Scopes\n|-singleturn|p1a: Scopes|Protect\n|move|p2a: Aggron|Outrage|p1a: Scopes|[from]lockedmove\n|-activate|p1a: Scopes|move: Protect\n|-start|p2a: Aggron|confusion|[fatigue]\n|\n|-heal|p1a: Scopes|81\/100|[from] item: Leftovers\n|upkeep\n|turn|23\n|\n|t:|1700058371\n|move|p1a: Scopes|Substitute|p1a: Scopes\n|-start|p1a: Scopes|Substitute\n|-damage|p1a: Scopes|57\/100\n|-activate|p2a: Aggron|confusion\n|move|p2a: Aggron|Outrage|p1a: Scopes\n|-end|p1a: Scopes|Substitute\n|\n|-heal|p1a: Scopes|63\/100|[from] item: Leftovers\n|upkeep\n|turn|24\n|\n|t:|1700058381\n|move|p1a: Scopes|Protect|p1a: Scopes\n|-singleturn|p1a: Scopes|Protect\n|-activate|p2a: Aggron|confusion\n|move|p2a: Aggron|Outrage|p1a: Scopes|[from]lockedmove\n|-activate|p1a: Scopes|move: Protect\n|\n|-heal|p1a: Scopes|69\/100|[from] item: Leftovers\n|upkeep\n|turn|25\n|\n|t:|1700058396\n|move|p1a: Scopes|Substitute|p1a: Scopes\n|-start|p1a: Scopes|Substitute\n|-damage|p1a: Scopes|44\/100\n|-end|p2a: Aggron|confusion\n|move|p2a: Aggron|Outrage|p1a: Scopes\n|-end|p1a: Scopes|Substitute\n|\n|-heal|p1a: Scopes|50\/100|[from] item: Leftovers\n|upkeep\n|turn|26\n|\n|t:|1700058407\n|move|p1a: Scopes|Protect|p1a: Scopes\n|-singleturn|p1a: Scopes|Protect\n|move|p2a: Aggron|Outrage|p1a: Scopes|[from]lockedmove\n|-activate|p1a: Scopes|move: Protect\n|-start|p2a: Aggron|confusion|[fatigue]\n|\n|-heal|p1a: Scopes|56\/100|[from] item: Leftovers\n|upkeep\n|turn|27\n|\n|t:|1700058416\n|move|p1a: Scopes|Substitute|p1a: Scopes\n|-start|p1a: Scopes|Substitute\n|-damage|p1a: Scopes|31\/100\n|-activate|p2a: Aggron|confusion\n|move|p2a: Aggron|Outrage|p1a: Scopes\n|-end|p1a: Scopes|Substitute\n|\n|-heal|p1a: Scopes|38\/100|[from] item: Leftovers\n|upkeep\n|turn|28\n|\n|t:|1700058424\n|move|p1a: Scopes|Substitute|p1a: Scopes\n|-start|p1a: Scopes|Substitute\n|-damage|p1a: Scopes|13\/100\n|-activate|p2a: Aggron|confusion\n|move|p2a: Aggron|Outrage|p1a: Scopes|[from]lockedmove\n|-end|p1a: Scopes|Substitute\n|\n|-heal|p1a: Scopes|19\/100|[from] item: Leftovers\n|upkeep\n|turn|29\n|\n|t:|1700058434\n|move|p1a: Scopes|Protect|p1a: Scopes\n|-singleturn|p1a: Scopes|Protect\n|-activate|p2a: Aggron|confusion\n|move|p2a: Aggron|Outrage|p1a: Scopes\n|-activate|p1a: Scopes|move: Protect\n|\n|-heal|p1a: Scopes|25\/100|[from] item: Leftovers\n|upkeep\n|turn|30\n|\n|t:|1700058451\n|move|p1a: Scopes|Protect||[still]\n|-fail|p1a: Scopes\n|-end|p2a: Aggron|confusion\n|move|p2a: Aggron|Outrage|p1a: Scopes\n|-damage|p1a: Scopes|0 fnt\n|faint|p1a: Scopes\n|\n|upkeep\n|\n|t:|1700058463\n|switch|p1a: Paleotolagist|Xurkitree, shiny|100\/100\n|turn|31\n|\n|t:|1700058467\n|move|p1a: Paleotolagist|Energy Ball|p2a: Aggron\n|-resisted|p2a: Aggron\n|-damage|p2a: Aggron|35\/100\n|move|p2a: Aggron|Outrage|p1a: Paleotolagist|[from]lockedmove\n|-damage|p1a: Paleotolagist|38\/100\n|\n|upkeep\n|turn|32\n|\n|t:|1700058475\n|-terastallize|p1a: Paleotolagist|Grass\n|move|p1a: Paleotolagist|Energy Ball|p2a: Aggron\n|-resisted|p2a: Aggron\n|-damage|p2a: Aggron|0 fnt\n|faint|p2a: Aggron\n|-ability|p1a: Paleotolagist|Beast Boost|boost\n|-boost|p1a: Paleotolagist|spa|1\n|\n|upkeep\n|\n|t:|1700058486\n|switch|p2a: Victini|Victini|100\/100\n|turn|33\n|\n|t:|1700058503\n|move|p1a: Paleotolagist|Energy Ball|p2a: Victini\n|-resisted|p2a: Victini\n|-damage|p2a: Victini|65\/100\n|move|p2a: Victini|Trick Room|p2a: Victini\n|-fieldstart|move: Trick Room|[of] p2a: Victini\n|\n|upkeep\n|turn|34\n|\n|t:|1700058516\n|move|p2a: Victini|U-turn|p1a: Paleotolagist\n|-supereffective|p1a: Paleotolagist\n|-damage|p1a: Paleotolagist|0 fnt\n|faint|p1a: Paleotolagist\n|\n|t:|1700058532\n|switch|p2a: Nidoking|Nidoking, M, tera:Ice|56\/100|[from] U-turn\n|\n|upkeep\n|\n|t:|1700058546\n|switch|p1a: Zute|Regidrago, shiny|100\/100\n|turn|35\n|\n|t:|1700058552\n|move|p2a: Nidoking|Ice Punch|p1a: Zute\n|-supereffective|p1a: Zute\n|-damage|p1a: Zute|5\/100\n|move|p1a: Zute|Fire Fang|p2a: Nidoking|[miss]\n|-miss|p1a: Zute|p2a: Nidoking\n|\n|upkeep\n|turn|36\n|c|\u2606abognus|Bruh\n|\n|t:|1700058572\n|move|p2a: Nidoking|Ice Punch|p1a: Zute\n|-supereffective|p1a: Zute\n|-damage|p1a: Zute|0 fnt\n|faint|p1a: Zute\n|\n|upkeep\n|\n|t:|1700058579\n|switch|p1a: Potato|Garchomp, M, shiny|100\/100\n|turn|37\n|c|\u2606xenoswagzilla|fire fang accuracy\n|c|\u2606abognus|95\n|c|\u2606abognus|:(\n|c|\u2606xenoswagzilla|so unlucky\n|\n|t:|1700058605\n|move|p2a: Nidoking|Ice Punch|p1a: Potato\n|-supereffective|p1a: Potato\n|-damage|p1a: Potato|0 fnt\n|-damage|p2a: Nidoking|44\/100|[from] ability: Rough Skin|[of] p1a: Potato\n|-damage|p2a: Nidoking|27\/100|[from] item: Rocky Helmet|[of] p1a: Potato\n|faint|p1a: Potato\n|\n|-fieldend|move: Trick Room\n|upkeep\n|c|\u2606abognus|GG\n|\n|t:|1700058614\n|switch|p1a: He's Quirky|Whimsicott, L1, M, shiny|100\/100\n|turn|38\n|c|\u2606xenoswagzilla|ggs\n|c|\u2606xenoswagzilla|I like your scolipede strategy\n|\n|t:|1700058630\n|move|p1a: He's Quirky|Protect|p1a: He's Quirky\n|-singleturn|p1a: He's Quirky|Protect\n|move|p2a: Nidoking|Ice Punch|p1a: He's Quirky\n|-activate|p1a: He's Quirky|move: Protect\n|\n|upkeep\n|turn|39\n|c|\u2606abognus|Thanks\n|\n|t:|1700058637\n|move|p1a: He's Quirky|Leech Seed|p2a: Nidoking\n|-start|p2a: Nidoking|move: Leech Seed\n|move|p2a: Nidoking|Ice Punch|p1a: He's Quirky\n|-supereffective|p1a: He's Quirky\n|-enditem|p1a: He's Quirky|Focus Sash\n|-damage|p1a: He's Quirky|8\/100\n|\n|-damage|p2a: Nidoking|15\/100|[from] Leech Seed|[of] p1a: He's Quirky\n|-heal|p1a: He's Quirky|100\/100|[silent]\n|upkeep\n|turn|40\n|\n|t:|1700058653\n|move|p1a: He's Quirky|Substitute|p1a: He's Quirky\n|-start|p1a: He's Quirky|Substitute\n|-damage|p1a: He's Quirky|77\/100\n|move|p2a: Nidoking|Ice Punch|p1a: He's Quirky\n|-supereffective|p1a: He's Quirky\n|-crit|p1a: He's Quirky\n|-end|p1a: He's Quirky|Substitute\n|\n|-damage|p2a: Nidoking|3\/100|[from] Leech Seed|[of] p1a: He's Quirky\n|-heal|p1a: He's Quirky|100\/100|[silent]\n|upkeep\n|turn|41\n|\n|t:|1700058661\n|move|p1a: He's Quirky|Substitute|p1a: He's Quirky\n|-start|p1a: He's Quirky|Substitute\n|-damage|p1a: He's Quirky|77\/100\n|move|p2a: Nidoking|Ice Punch|p1a: He's Quirky\n|-supereffective|p1a: He's Quirky\n|-end|p1a: He's Quirky|Substitute\n|\n|-damage|p2a: Nidoking|0 fnt|[from] Leech Seed|[of] p1a: He's Quirky\n|-heal|p1a: He's Quirky|100\/100|[silent]\n|faint|p2a: Nidoking\n|upkeep\n|\n|t:|1700058671\n|switch|p2a: Victini|Victini|65\/100\n|turn|42\n|\n|t:|1700058675\n|move|p1a: He's Quirky|Substitute|p1a: He's Quirky\n|-start|p1a: He's Quirky|Substitute\n|-damage|p1a: He's Quirky|77\/100\n|move|p2a: Victini|V-create|p1a: He's Quirky\n|-supereffective|p1a: He's Quirky\n|-end|p1a: He's Quirky|Substitute\n|-unboost|p2a: Victini|spe|1\n|-unboost|p2a: Victini|def|1\n|-unboost|p2a: Victini|spd|1\n|\n|upkeep\n|turn|43\n|\n|t:|1700058688\n|move|p1a: He's Quirky|Protect|p1a: He's Quirky\n|-singleturn|p1a: He's Quirky|Protect\n|move|p2a: Victini|Trick Room|p2a: Victini\n|-fieldstart|move: Trick Room|[of] p2a: Victini\n|\n|upkeep\n|turn|44\n|\n|t:|1700058693\n|move|p1a: He's Quirky|Substitute|p1a: He's Quirky\n|-start|p1a: He's Quirky|Substitute\n|-damage|p1a: He's Quirky|54\/100\n|move|p2a: Victini|V-create|p1a: He's Quirky\n|-supereffective|p1a: He's Quirky\n|-end|p1a: He's Quirky|Substitute\n|-unboost|p2a: Victini|spe|1\n|-unboost|p2a: Victini|def|1\n|-unboost|p2a: Victini|spd|1\n|\n|upkeep\n|turn|45\n|\n|t:|1700058702\n|move|p1a: He's Quirky|Protect|p1a: He's Quirky\n|-singleturn|p1a: He's Quirky|Protect\n|move|p2a: Victini|V-create|p1a: He's Quirky\n|-activate|p1a: He's Quirky|move: Protect\n|\n|upkeep\n|turn|46\n|\n|t:|1700058712\n|move|p1a: He's Quirky|Substitute|p1a: He's Quirky\n|-start|p1a: He's Quirky|Substitute\n|-damage|p1a: He's Quirky|31\/100\n|move|p2a: Victini|V-create|p1a: He's Quirky\n|-supereffective|p1a: He's Quirky\n|-end|p1a: He's Quirky|Substitute\n|-unboost|p2a: Victini|spe|1\n|-unboost|p2a: Victini|def|1\n|-unboost|p2a: Victini|spd|1\n|\n|upkeep\n|turn|47\n|\n|t:|1700058725\n|move|p1a: He's Quirky|Protect|p1a: He's Quirky\n|-singleturn|p1a: He's Quirky|Protect\n|move|p2a: Victini|V-create|p1a: He's Quirky\n|-activate|p1a: He's Quirky|move: Protect\n|\n|-fieldend|move: Trick Room\n|upkeep\n|turn|48\n|\n|t:|1700058732\n|move|p1a: He's Quirky|Substitute|p1a: He's Quirky\n|-start|p1a: He's Quirky|Substitute\n|-damage|p1a: He's Quirky|8\/100\n|move|p2a: Victini|V-create|p1a: He's Quirky\n|-supereffective|p1a: He's Quirky\n|-crit|p1a: He's Quirky\n|-end|p1a: He's Quirky|Substitute\n|-unboost|p2a: Victini|spe|1\n|-unboost|p2a: Victini|def|1\n|-unboost|p2a: Victini|spd|1\n|\n|upkeep\n|turn|49\n|\n|t:|1700058741\n|move|p1a: He's Quirky|Protect|p1a: He's Quirky\n|-singleturn|p1a: He's Quirky|Protect\n|move|p2a: Victini|V-create|p1a: He's Quirky\n|-activate|p1a: He's Quirky|move: Protect\n|\n|upkeep\n|turn|50\n|\n|t:|1700058748\n|move|p1a: He's Quirky|Protect|p1a: He's Quirky\n|-singleturn|p1a: He's Quirky|Protect\n|move|p2a: Victini|V-create|p1a: He's Quirky\n|-activate|p1a: He's Quirky|move: Protect\n|\n|upkeep\n|turn|51\n|\n|t:|1700058755\n|move|p1a: He's Quirky|Leech Seed|p2a: Victini\n|-start|p2a: Victini|move: Leech Seed\n|move|p2a: Victini|Power-Up Punch|p1a: He's Quirky\n|-resisted|p1a: He's Quirky\n|-damage|p1a: He's Quirky|0 fnt\n|-boost|p2a: Victini|atk|1\n|faint|p1a: He's Quirky\n|\n|win|xenoswagzilla\n|raw|abognus's rating: 1112 &rarr; <strong>1088<\/strong><br \/>(-24 for losing)\n|raw|xenoswagzilla's rating: 1127 &rarr; <strong>1151<\/strong><br \/>(+24 for winning)\n|c|\u2606abognus|GG\n|c|\u2606xenoswagzilla|gg\n|l|\u2606abognus\n","uploadtime":1700058770,"views":4,"p1id":"abognus","p2id":"xenoswagzilla","formatid":"gen9nationaldex","rating":1088,"private":0,"password":""}