{"id":"gen9nationaldex-1988492176","p1":"ToxicLily4","p2":"Tank Tests","format":"[Gen 9] National Dex","log":"|j|\u2606ToxicLily4\n|j|\u2606Tank Tests\n|t:|1699728732\n|gametype|singles\n|player|p1|ToxicLily4|lady-gen4|1184\n|player|p2|Tank Tests|266|1290\n|teamsize|p1|6\n|teamsize|p2|6\n|gen|9\n|tier|[Gen 9] National Dex\n|rated|\n|rule|HP Percentage Mod: HP is shown in percentages\n|rule|Endless Battle Clause: Forcing endless battles is banned\n|rule|OHKO Clause: OHKO moves are banned\n|rule|Evasion Clause: Evasion abilities, items, and moves are banned\n|rule|Evasion Abilities Clause: Evasion abilities are banned\n|rule|Evasion Items Clause: Evasion items are banned\n|rule|Evasion Moves Clause: Evasion moves are banned\n|rule|Species Clause: Limit one of each Pok\u00e9mon\n|rule|Sleep Clause Mod: Limit one foe put to sleep\n|clearpoke\n|poke|p1|Meowscarada, F|\n|poke|p1|Ninetales-Alola, F|\n|poke|p1|Skeledirge, F|\n|poke|p1|Glimmora, F|\n|poke|p1|Manectric, M|\n|poke|p1|Empoleon, F|\n|poke|p2|Thundurus-Therian, M|\n|poke|p2|Tapu Koko|\n|poke|p2|Ninetales-Alola, M|\n|poke|p2|Xurkitree|\n|poke|p2|Raichu-Alola, F|\n|poke|p2|Iron Treads|\n|teampreview\n|c|\u2606ToxicLily4|Glhf\n|inactive|Battle timer is ON: inactive players will automatically lose when time's up. (requested by ToxicLily4)\n|\n|t:|1699728741\n|start\n|switch|p1a: Meowscarada|Meowscarada, F, shiny|100\/100\n|switch|p2a: Thundurus|Thundurus-Therian, M|100\/100\n|turn|1\n|\n|t:|1699728744\n|move|p2a: Thundurus|Volt Switch|p1a: Meowscarada\n|-resisted|p1a: Meowscarada\n|-damage|p1a: Meowscarada|68\/100\n|\n|t:|1699728750\n|switch|p2a: Ninetales|Ninetales-Alola, M|100\/100|[from] Volt Switch\n|-weather|Snow|[from] ability: Snow Warning|[of] p2a: Ninetales\n|move|p1a: Meowscarada|Trick|p2a: Ninetales\n|-start|p1a: Meowscarada|typechange|Psychic|[from] ability: Protean\n|-activate|p1a: Meowscarada|move: Trick|[of] p2a: Ninetales\n|-item|p2a: Ninetales|Choice Band|[from] move: Trick\n|-item|p1a: Meowscarada|Light Clay|[from] move: Trick\n|\n|-weather|Snow|[upkeep]\n|upkeep\n|turn|2\n|\n|t:|1699728764\n|move|p1a: Meowscarada|U-turn|p2a: Ninetales\n|-resisted|p2a: Ninetales\n|-damage|p2a: Ninetales|89\/100\n|\n|t:|1699728766\n|switch|p1a: Ninetales|Ninetales-Alola, F, shiny|100\/100|[from] U-turn\n|move|p2a: Ninetales|Aurora Veil|p2a: Ninetales\n|-sidestart|p2: Tank Tests|move: Aurora Veil\n|\n|-weather|Snow|[upkeep]\n|upkeep\n|turn|3\n|\n|t:|1699728770\n|switch|p2a: Tapu Koko|Tapu Koko|100\/100\n|-fieldstart|move: Electric Terrain|[from] ability: Electric Surge|[of] p2a: Tapu Koko\n|move|p1a: Ninetales|Aurora Veil|p1a: Ninetales\n|-sidestart|p1: ToxicLily4|move: Aurora Veil\n|\n|-weather|Snow|[upkeep]\n|upkeep\n|turn|4\n|\n|t:|1699728783\n|move|p2a: Tapu Koko|U-turn|p1a: Ninetales\n|-resisted|p1a: Ninetales\n|-damage|p1a: Ninetales|95\/100\n|\n|t:|1699728785\n|switch|p2a: Xurkitree|Xurkitree|100\/100|[from] U-turn\n|move|p1a: Ninetales|Blizzard|p2a: Xurkitree\n|-damage|p2a: Xurkitree|75\/100\n|\n|-weather|Snow|[upkeep]\n|upkeep\n|turn|5\n|\n|t:|1699728792\n|move|p1a: Ninetales|Blizzard|p2a: Xurkitree\n|-damage|p2a: Xurkitree|50\/100\n|move|p2a: Xurkitree|Rising Voltage|p1a: Ninetales\n|-hint|Rising Voltage's BP doubled on grounded target.\n|-damage|p1a: Ninetales|0 fnt\n|faint|p1a: Ninetales\n|-ability|p2a: Xurkitree|Beast Boost|boost\n|-boost|p2a: Xurkitree|spa|1\n|\n|-weather|none\n|upkeep\n|\n|t:|1699728802\n|switch|p1a: Meowscarada|Meowscarada, F, shiny|68\/100\n|turn|6\n|\n|t:|1699728810\n|switch|p2a: Iron Treads|Iron Treads|100\/100\n|-activate|p2a: Iron Treads|ability: Quark Drive\n|-start|p2a: Iron Treads|quarkdrivespe\n|move|p1a: Meowscarada|Flower Trick|p2a: Iron Treads\n|-start|p1a: Meowscarada|typechange|Grass|[from] ability: Protean\n|-crit|p2a: Iron Treads\n|-damage|p2a: Iron Treads|62\/100\n|\n|-sideend|p2: Tank Tests|move: Aurora Veil\n|upkeep\n|turn|7\n|\n|t:|1699728823\n|move|p2a: Iron Treads|Stealth Rock|p1a: Meowscarada\n|-sidestart|p1: ToxicLily4|move: Stealth Rock\n|move|p1a: Meowscarada|Knock Off|p2a: Iron Treads\n|-damage|p2a: Iron Treads|38\/100\n|-enditem|p2a: Iron Treads|Terrain Extender|[from] move: Knock Off|[of] p1a: Meowscarada\n|\n|upkeep\n|turn|8\n|\n|t:|1699728830\n|-end|p2a: Iron Treads|Quark Drive|[silent]\n|switch|p2a: Ninetales|Ninetales-Alola, M|89\/100\n|-weather|Snow|[from] ability: Snow Warning|[of] p2a: Ninetales\n|move|p1a: Meowscarada|Flower Trick|p2a: Ninetales\n|-crit|p2a: Ninetales\n|-damage|p2a: Ninetales|40\/100\n|\n|-weather|Snow|[upkeep]\n|upkeep\n|turn|9\n|\n|t:|1699728840\n|move|p1a: Meowscarada|U-turn|p2a: Ninetales\n|-resisted|p2a: Ninetales\n|-damage|p2a: Ninetales|29\/100\n|\n|t:|1699728842\n|switch|p1a: Glimmora|Glimmora, F|100\/100|[from] U-turn\n|-damage|p1a: Glimmora|88\/100|[from] Stealth Rock\n|move|p2a: Ninetales|Aurora Veil|p2a: Ninetales\n|-sidestart|p2: Tank Tests|move: Aurora Veil\n|\n|-weather|Snow|[upkeep]\n|-heal|p1a: Glimmora|94\/100|[from] item: Leftovers\n|upkeep\n|turn|10\n|\n|t:|1699728852\n|switch|p2a: Raichu|Raichu-Alola, F|100\/100\n|move|p1a: Glimmora|Stealth Rock|p2a: Raichu\n|-sidestart|p2: Tank Tests|move: Stealth Rock\n|\n|-weather|Snow|[upkeep]\n|-heal|p1a: Glimmora|100\/100|[from] item: Leftovers\n|-sideend|p1: ToxicLily4|move: Aurora Veil\n|-fieldend|move: Electric Terrain\n|upkeep\n|turn|11\n|\n|t:|1699728860\n|move|p2a: Raichu|Volt Switch|p1a: Glimmora\n|-damage|p1a: Glimmora|44\/100\n|-damage|p2a: Raichu|91\/100|[from] item: Life Orb\n|\n|t:|1699728865\n|switch|p2a: Tapu Koko|Tapu Koko|100\/100|[from] Volt Switch\n|-damage|p2a: Tapu Koko|88\/100|[from] Stealth Rock\n|-fieldstart|move: Electric Terrain|[from] ability: Electric Surge|[of] p2a: Tapu Koko\n|move|p1a: Glimmora|Earth Power|p2a: Tapu Koko\n|-supereffective|p2a: Tapu Koko\n|-damage|p2a: Tapu Koko|42\/100\n|\n|-weather|Snow|[upkeep]\n|-heal|p1a: Glimmora|50\/100|[from] item: Leftovers\n|upkeep\n|turn|12\n|\n|t:|1699728880\n|switch|p2a: Iron Treads|Iron Treads|38\/100\n|-damage|p2a: Iron Treads|35\/100|[from] Stealth Rock\n|-activate|p2a: Iron Treads|ability: Quark Drive\n|-start|p2a: Iron Treads|quarkdrivespe\n|switch|p1a: Manectric|Manectric, M, shiny|100\/100\n|-damage|p1a: Manectric|88\/100|[from] Stealth Rock\n|\n|-weather|none\n|upkeep\n|turn|13\n|\n|t:|1699728888\n|detailschange|p1a: Manectric|Manectric-Mega, M, shiny\n|-mega|p1a: Manectric|Manectric|Manectite\n|-ability|p1a: Manectric|Intimidate|boost\n|-unboost|p2a: Iron Treads|atk|1\n|move|p2a: Iron Treads|Earthquake|p1a: Manectric\n|-supereffective|p1a: Manectric\n|-damage|p1a: Manectric|0 fnt\n|faint|p1a: Manectric\n|\n|-sideend|p2: Tank Tests|move: Aurora Veil\n|upkeep\n|\n|t:|1699728899\n|switch|p1a: Glimmora|Glimmora, F|50\/100\n|-damage|p1a: Glimmora|38\/100|[from] Stealth Rock\n|turn|14\n|\n|t:|1699728902\n|move|p2a: Iron Treads|Earthquake|p1a: Glimmora\n|-supereffective|p1a: Glimmora\n|-damage|p1a: Glimmora|0 fnt\n|-activate|p1a: Glimmora|ability: Toxic Debris\n|-sidestart|p2: Tank Tests|move: Toxic Spikes\n|faint|p1a: Glimmora\n|\n|upkeep\n|\n|t:|1699728904\n|switch|p1a: Meowscarada|Meowscarada, F, shiny|68\/100\n|-damage|p1a: Meowscarada|55\/100|[from] Stealth Rock\n|turn|15\n|\n|t:|1699728906\n|move|p2a: Iron Treads|Rapid Spin|p1a: Meowscarada\n|-damage|p1a: Meowscarada|38\/100\n|-boost|p2a: Iron Treads|spe|1\n|-sideend|p2: Tank Tests|Toxic Spikes|[from] move: Rapid Spin|[of] p2a: Iron Treads\n|-sideend|p2: Tank Tests|Stealth Rock|[from] move: Rapid Spin|[of] p2a: Iron Treads\n|move|p1a: Meowscarada|Flower Trick|p2a: Iron Treads\n|-start|p1a: Meowscarada|typechange|Grass|[from] ability: Protean\n|-crit|p2a: Iron Treads\n|-damage|p2a: Iron Treads|0 fnt\n|faint|p2a: Iron Treads\n|-end|p2a: Iron Treads|Quark Drive|[silent]\n|\n|upkeep\n|\n|t:|1699728914\n|switch|p2a: Raichu|Raichu-Alola, F|91\/100\n|turn|16\n|c|\u2606ToxicLily4|\ud83e\udd26\u200d\u2640\ufe0f\n|\n|t:|1699728929\n|move|p2a: Raichu|Rising Voltage|p1a: Meowscarada\n|-hint|Rising Voltage's BP doubled on grounded target.\n|-resisted|p1a: Meowscarada\n|-damage|p1a: Meowscarada|0 fnt\n|faint|p1a: Meowscarada\n|-damage|p2a: Raichu|81\/100|[from] item: Life Orb\n|\n|upkeep\n|\n|t:|1699728935\n|switch|p1a: Empoleon|Empoleon, F|100\/100\n|-damage|p1a: Empoleon|94\/100|[from] Stealth Rock\n|turn|17\n|\n|t:|1699728944\n|-terastallize|p2a: Raichu|Electric\n|-terastallize|p1a: Empoleon|Ground\n|move|p2a: Raichu|Rising Voltage|p1a: Empoleon\n|-immune|p1a: Empoleon\n|move|p1a: Empoleon|Scald|p2a: Raichu\n|-damage|p2a: Raichu|32\/100\n|\n|upkeep\n|turn|18\n|\n|t:|1699728956\n|switch|p2a: Ninetales|Ninetales-Alola, M|29\/100\n|-weather|Snow|[from] ability: Snow Warning|[of] p2a: Ninetales\n|move|p1a: Empoleon|Scald|p2a: Ninetales\n|-damage|p2a: Ninetales|0 fnt\n|faint|p2a: Ninetales\n|\n|-weather|Snow|[upkeep]\n|-fieldend|move: Electric Terrain\n|upkeep\n|\n|t:|1699728970\n|switch|p2a: Tapu Koko|Tapu Koko|42\/100\n|-fieldstart|move: Electric Terrain|[from] ability: Electric Surge|[of] p2a: Tapu Koko\n|turn|19\n|\n|t:|1699728976\n|move|p2a: Tapu Koko|Brave Bird|p1a: Empoleon\n|-damage|p1a: Empoleon|68\/100\n|-damage|p2a: Tapu Koko|30\/100|[from] Recoil\n|move|p1a: Empoleon|Flash Cannon|p2a: Tapu Koko\n|-damage|p2a: Tapu Koko|0 fnt\n|faint|p2a: Tapu Koko\n|\n|-weather|Snow|[upkeep]\n|upkeep\n|\n|t:|1699728979\n|switch|p2a: Thundurus|Thundurus-Therian, M|100\/100\n|turn|20\n|\n|t:|1699728990\n|move|p2a: Thundurus|Weather Ball|p1a: Empoleon\n|-supereffective|p1a: Empoleon\n|-damage|p1a: Empoleon|0 fnt\n|faint|p1a: Empoleon\n|\n|-weather|Snow|[upkeep]\n|upkeep\n|\n|t:|1699728996\n|switch|p1a: Skeledirge|Skeledirge, F, shiny|100\/100\n|-damage|p1a: Skeledirge|76\/100|[from] Stealth Rock\n|turn|21\n|\n|t:|1699729002\n|switch|p2a: Raichu|Raichu-Alola, F, tera:Electric|32\/100\n|move|p1a: Skeledirge|Torch Song|p2a: Raichu\n|-damage|p2a: Raichu|0 fnt\n|-boost|p1a: Skeledirge|spa|1\n|faint|p2a: Raichu\n|-enditem|p1a: Skeledirge|Throat Spray\n|-boost|p1a: Skeledirge|spa|1|[from] item: Throat Spray\n|\n|-weather|Snow|[upkeep]\n|upkeep\n|\n|t:|1699729005\n|switch|p2a: Xurkitree|Xurkitree|50\/100\n|turn|22\n|\n|t:|1699729016\n|move|p2a: Xurkitree|Rising Voltage|p1a: Skeledirge\n|-hint|Rising Voltage's BP doubled on grounded target.\n|-damage|p1a: Skeledirge|0 fnt\n|faint|p1a: Skeledirge\n|\n|win|Tank Tests\n|raw|ToxicLily4's rating: 1184 &rarr; <strong>1166<\/strong><br \/>(-18 for losing)\n|raw|Tank Tests's rating: 1290 &rarr; <strong>1308<\/strong><br \/>(+18 for winning)\n|c|\u2606ToxicLily4|Gg\n","uploadtime":1699729021,"views":40,"p1id":"toxiclily4","p2id":"tanktests","formatid":"gen9nationaldex","rating":1166,"private":0,"password":""}