{"id":"gen9nationaldex-1994386298","p1":"yanami-go","p2":"might dragon","format":"[Gen 9] National Dex","log":"|j|\u2606yanami-go\n|j|\u2606might dragon\n|t:|1700437986\n|gametype|singles\n|player|p1|yanami-go|dawn-masters3|1604\n|player|p2|might dragon|sada-ai|1772\n|teamsize|p1|6\n|teamsize|p2|6\n|gen|9\n|tier|[Gen 9] National Dex\n|rated|\n|rule|HP Percentage Mod: HP is shown in percentages\n|rule|Endless Battle Clause: Forcing endless battles is banned\n|rule|OHKO Clause: OHKO moves are banned\n|rule|Evasion Clause: Evasion abilities, items, and moves are banned\n|rule|Evasion Abilities Clause: Evasion abilities are banned\n|rule|Evasion Items Clause: Evasion items are banned\n|rule|Evasion Moves Clause: Evasion moves are banned\n|rule|Species Clause: Limit one of each Pok\u00e9mon\n|rule|Sleep Clause Mod: Limit one foe put to sleep\n|clearpoke\n|poke|p1|Tapu Koko|\n|poke|p1|Ditto|\n|poke|p1|Great Tusk|\n|poke|p1|Heatran, F|\n|poke|p1|Dragonite, F|\n|poke|p1|Sinistcha-Masterpiece|\n|poke|p2|Tyranitar, M|\n|poke|p2|Tapu Lele|\n|poke|p2|Landorus-Therian, M|\n|poke|p2|Sneasler, M|\n|poke|p2|Zapdos|\n|poke|p2|Urshifu-*, F|\n|teampreview\n|inactive|Battle timer is ON: inactive players will automatically lose when time's up. (requested by might dragon)\n|\n|t:|1700438005\n|start\n|switch|p1a: Sinistcha|Sinistcha-Masterpiece|100\/100\n|switch|p2a: Zapdos|Zapdos|100\/100\n|turn|1\n|\n|t:|1700438025\n|switch|p1a: Heatran|Heatran, F|100\/100\n|move|p2a: Zapdos|Hurricane|p1a: Heatran\n|-resisted|p1a: Heatran\n|-damage|p1a: Heatran|84\/100\n|-start|p1a: Heatran|confusion\n|\n|-heal|p1a: Heatran|90\/100|[from] item: Leftovers\n|upkeep\n|turn|2\n|\n|t:|1700438049\n|move|p2a: Zapdos|Thunderbolt|p1a: Heatran\n|-damage|p1a: Heatran|66\/100\n|-activate|p1a: Heatran|confusion\n|move|p1a: Heatran|Stealth Rock|p2a: Zapdos\n|-sidestart|p2: might dragon|move: Stealth Rock\n|\n|-heal|p1a: Heatran|72\/100|[from] item: Leftovers\n|upkeep\n|turn|3\n|\n|t:|1700438067\n|move|p2a: Zapdos|Volt Switch|p1a: Heatran\n|-damage|p1a: Heatran|50\/100\n|\n|t:|1700438070\n|switch|p2a: Landorus|Landorus-Therian, M|100\/100|[from] Volt Switch\n|-damage|p2a: Landorus|88\/100|[from] Stealth Rock\n|-ability|p2a: Landorus|Intimidate|boost\n|-unboost|p1a: Heatran|atk|1\n|-activate|p1a: Heatran|confusion\n|-damage|p1a: Heatran|46\/100|[from] confusion\n|\n|-heal|p1a: Heatran|53\/100|[from] item: Leftovers\n|upkeep\n|turn|4\n|\n|t:|1700438079\n|switch|p1a: Sinistcha|Sinistcha-Masterpiece|100\/100\n|move|p2a: Landorus|Defog|p1a: Sinistcha\n|-unboost|p1a: Sinistcha|evasion|1\n|-sideend|p2: might dragon|Stealth Rock|[from] move: Defog|[of] p2a: Landorus\n|\n|upkeep\n|turn|5\n|\n|t:|1700438082\n|move|p2a: Landorus|U-turn|p1a: Sinistcha\n|-damage|p1a: Sinistcha|84\/100\n|\n|t:|1700438084\n|switch|p2a: Zapdos|Zapdos|100\/100|[from] U-turn\n|move|p1a: Sinistcha|Calm Mind|p1a: Sinistcha\n|-boost|p1a: Sinistcha|spa|1\n|-boost|p1a: Sinistcha|spd|1\n|\n|-heal|p1a: Sinistcha|90\/100|[from] item: Leftovers\n|upkeep\n|turn|6\n|\n|t:|1700438088\n|-terastallize|p1a: Sinistcha|Steel\n|move|p2a: Zapdos|Hurricane|p1a: Sinistcha\n|-resisted|p1a: Sinistcha\n|-damage|p1a: Sinistcha|71\/100\n|move|p1a: Sinistcha|Calm Mind|p1a: Sinistcha\n|-boost|p1a: Sinistcha|spa|1\n|-boost|p1a: Sinistcha|spd|1\n|\n|-heal|p1a: Sinistcha|77\/100|[from] item: Leftovers\n|upkeep\n|turn|7\n|\n|t:|1700438090\n|move|p2a: Zapdos|Volt Switch|p1a: Sinistcha\n|-damage|p1a: Sinistcha|56\/100\n|\n|t:|1700438093\n|switch|p2a: Tyranitar|Tyranitar, M|100\/100|[from] Volt Switch\n|-weather|Sandstorm|[from] ability: Sand Stream|[of] p2a: Tyranitar\n|move|p1a: Sinistcha|Shadow Ball|p2a: Tyranitar\n|-resisted|p2a: Tyranitar\n|-damage|p2a: Tyranitar|80\/100\n|\n|-weather|Sandstorm|[upkeep]\n|-heal|p1a: Sinistcha|62\/100|[from] item: Leftovers\n|upkeep\n|turn|8\n|\n|t:|1700438097\n|detailschange|p2a: Tyranitar|Tyranitar-Mega, M\n|-mega|p2a: Tyranitar|Tyranitar|Tyranitarite\n|move|p2a: Tyranitar|Knock Off|p1a: Sinistcha\n|-damage|p1a: Sinistcha|14\/100\n|-enditem|p1a: Sinistcha|Leftovers|[from] move: Knock Off|[of] p2a: Tyranitar\n|move|p1a: Sinistcha|Matcha Gotcha|p2a: Tyranitar\n|-supereffective|p2a: Tyranitar\n|-damage|p2a: Tyranitar|18\/100\n|-heal|p1a: Sinistcha|48\/100|[from] drain|[of] p2a: Tyranitar\n|\n|-weather|Sandstorm|[upkeep]\n|upkeep\n|turn|9\n|\n|t:|1700438103\n|move|p2a: Tyranitar|Knock Off|p1a: Sinistcha\n|-damage|p1a: Sinistcha|20\/100\n|move|p1a: Sinistcha|Strength Sap|p2a: Tyranitar\n|-unboost|p2a: Tyranitar|atk|1\n|-heal|p1a: Sinistcha|100\/100\n|\n|-weather|Sandstorm|[upkeep]\n|upkeep\n|turn|10\n|\n|t:|1700438107\n|move|p2a: Tyranitar|Stealth Rock|p1a: Sinistcha\n|-sidestart|p1: yanami-go|move: Stealth Rock\n|move|p1a: Sinistcha|Matcha Gotcha|p2a: Tyranitar\n|-supereffective|p2a: Tyranitar\n|-damage|p2a: Tyranitar|0 fnt\n|faint|p2a: Tyranitar\n|\n|-weather|Sandstorm|[upkeep]\n|upkeep\n|\n|t:|1700438111\n|switch|p2a: Urshifu|Urshifu-Rapid-Strike, F|100\/100\n|turn|11\n|\n|t:|1700438117\n|move|p2a: Urshifu|Close Combat|p1a: Sinistcha\n|-supereffective|p1a: Sinistcha\n|-damage|p1a: Sinistcha|12\/100\n|-unboost|p2a: Urshifu|def|1\n|-unboost|p2a: Urshifu|spd|1\n|move|p1a: Sinistcha|Strength Sap|p2a: Urshifu\n|-unboost|p2a: Urshifu|atk|1\n|-heal|p1a: Sinistcha|100\/100\n|\n|-weather|none\n|upkeep\n|turn|12\n|\n|t:|1700438123\n|-terastallize|p2a: Urshifu|Water\n|move|p2a: Urshifu|Surging Strikes|p1a: Sinistcha\n|-crit|p1a: Sinistcha\n|-damage|p1a: Sinistcha|79\/100\n|-crit|p1a: Sinistcha\n|-damage|p1a: Sinistcha|59\/100\n|-crit|p1a: Sinistcha\n|-damage|p1a: Sinistcha|37\/100\n|-hitcount|p1a: Sinistcha|3\n|move|p1a: Sinistcha|Matcha Gotcha|p2a: Urshifu\n|-supereffective|p2a: Urshifu\n|-crit|p2a: Urshifu\n|-damage|p2a: Urshifu|0 fnt\n|-heal|p1a: Sinistcha|87\/100|[from] drain|[of] p2a: Urshifu\n|faint|p2a: Urshifu\n|\n|upkeep\n|\n|t:|1700438129\n|switch|p2a: Sneasler|Sneasler, M|100\/100\n|turn|13\n|\n|t:|1700438132\n|move|p2a: Sneasler|Close Combat|p1a: Sinistcha\n|-supereffective|p1a: Sinistcha\n|-damage|p1a: Sinistcha|0 fnt\n|-unboost|p2a: Sneasler|def|1\n|-unboost|p2a: Sneasler|spd|1\n|faint|p1a: Sinistcha\n|\n|upkeep\n|\n|t:|1700438136\n|switch|p1a: Great Tusk|Great Tusk|100\/100\n|-damage|p1a: Great Tusk|98\/100|[from] Stealth Rock\n|turn|14\n|\n|t:|1700438141\n|switch|p2a: Landorus|Landorus-Therian, M|88\/100\n|-ability|p2a: Landorus|Intimidate|boost\n|-unboost|p1a: Great Tusk|atk|1\n|move|p1a: Great Tusk|Rapid Spin|p2a: Landorus\n|-damage|p2a: Landorus|80\/100\n|-boost|p1a: Great Tusk|spe|1\n|-damage|p1a: Great Tusk|81\/100|[from] item: Rocky Helmet|[of] p2a: Landorus\n|-sideend|p1: yanami-go|Stealth Rock|[from] move: Rapid Spin|[of] p1a: Great Tusk\n|\n|-heal|p1a: Great Tusk|87\/100|[from] item: Leftovers\n|upkeep\n|turn|15\n|\n|t:|1700438144\n|move|p1a: Great Tusk|Ice Spinner|p2a: Landorus\n|-supereffective|p2a: Landorus\n|-damage|p2a: Landorus|25\/100\n|-damage|p1a: Great Tusk|71\/100|[from] item: Rocky Helmet|[of] p2a: Landorus\n|move|p2a: Landorus|Toxic|p1a: Great Tusk\n|-status|p1a: Great Tusk|tox\n|\n|-heal|p1a: Great Tusk|77\/100 tox|[from] item: Leftovers\n|-damage|p1a: Great Tusk|71\/100 tox|[from] psn\n|upkeep\n|turn|16\n|\n|t:|1700438147\n|move|p1a: Great Tusk|Ice Spinner|p2a: Landorus\n|-supereffective|p2a: Landorus\n|-damage|p2a: Landorus|0 fnt\n|-damage|p1a: Great Tusk|54\/100 tox|[from] item: Rocky Helmet|[of] p2a: Landorus\n|faint|p2a: Landorus\n|\n|-heal|p1a: Great Tusk|61\/100 tox|[from] item: Leftovers\n|-damage|p1a: Great Tusk|48\/100 tox|[from] psn\n|upkeep\n|\n|t:|1700438156\n|switch|p2a: Tapu Lele|Tapu Lele|100\/100\n|-fieldstart|move: Psychic Terrain|[from] ability: Psychic Surge|[of] p2a: Tapu Lele\n|turn|17\n|\n|t:|1700438160\n|-end|p1a: Great Tusk|Protosynthesis|[silent]\n|switch|p1a: Heatran|Heatran, F|53\/100\n|move|p2a: Tapu Lele|Focus Blast|p1a: Heatran|[miss]\n|-miss|p2a: Tapu Lele|p1a: Heatran\n|\n|-heal|p1a: Heatran|59\/100|[from] item: Leftovers\n|upkeep\n|turn|18\n|\n|t:|1700438175\n|move|p2a: Tapu Lele|Focus Blast|p1a: Heatran\n|-supereffective|p1a: Heatran\n|-damage|p1a: Heatran|6\/100\n|move|p1a: Heatran|Magma Storm|p2a: Tapu Lele\n|-damage|p2a: Tapu Lele|54\/100\n|-activate|p2a: Tapu Lele|move: Magma Storm|[of] p1a: Heatran\n|\n|-heal|p1a: Heatran|13\/100|[from] item: Leftovers\n|-damage|p2a: Tapu Lele|42\/100|[from] move: Magma Storm|[partiallytrapped]\n|upkeep\n|turn|19\n|\n|t:|1700438183\n|move|p2a: Tapu Lele|Focus Blast|p1a: Heatran\n|-supereffective|p1a: Heatran\n|-damage|p1a: Heatran|0 fnt\n|faint|p1a: Heatran\n|\n|-end|p2a: Tapu Lele|Magma Storm|[partiallytrapped]|[silent]\n|upkeep\n|\n|t:|1700438185\n|switch|p1a: Ditto|Ditto|100\/100\n|-transform|p1a: Ditto|p2a: Tapu Lele|[from] ability: Imposter\n|turn|20\n|\n|t:|1700438194\n|switch|p2a: Zapdos|Zapdos|100\/100\n|move|p1a: Ditto|Moonblast|p2a: Zapdos\n|-damage|p2a: Zapdos|50\/100\n|\n|upkeep\n|turn|21\n|\n|t:|1700438199\n|move|p1a: Ditto|Moonblast|p2a: Zapdos\n|-damage|p2a: Zapdos|0 fnt\n|faint|p2a: Zapdos\n|\n|-fieldend|move: Psychic Terrain\n|upkeep\n|\n|t:|1700438204\n|switch|p2a: Tapu Lele|Tapu Lele|42\/100\n|-fieldstart|move: Psychic Terrain|[from] ability: Psychic Surge|[of] p2a: Tapu Lele\n|turn|22\n|\n|t:|1700438207\n|move|p2a: Tapu Lele|Moonblast|p1a: Ditto\n|-damage|p1a: Ditto|49\/100\n|move|p1a: Ditto|Moonblast|p2a: Tapu Lele\n|-damage|p2a: Tapu Lele|0 fnt\n|faint|p2a: Tapu Lele\n|\n|upkeep\n|\n|t:|1700438209\n|switch|p2a: Sneasler|Sneasler, M|100\/100\n|-enditem|p2a: Sneasler|Psychic Seed\n|-boost|p2a: Sneasler|spd|1|[from] item: Psychic Seed\n|turn|23\n|\n|t:|1700438213\n|move|p2a: Sneasler|Swords Dance|p2a: Sneasler\n|-boost|p2a: Sneasler|atk|2\n|move|p1a: Ditto|Moonblast|p2a: Sneasler\n|-damage|p2a: Sneasler|52\/100\n|\n|upkeep\n|turn|24\n|\n|t:|1700438216\n|move|p2a: Sneasler|Acrobatics|p1a: Ditto\n|-crit|p1a: Ditto\n|-damage|p1a: Ditto|0 fnt\n|faint|p1a: Ditto\n|\n|upkeep\n|\n|t:|1700438221\n|switch|p1a: Tapu Koko|Tapu Koko|100\/100\n|-fieldstart|move: Electric Terrain|[from] ability: Electric Surge|[of] p1a: Tapu Koko\n|turn|25\n|\n|t:|1700438223\n|move|p2a: Sneasler|Dire Claw|p1a: Tapu Koko\n|-supereffective|p1a: Tapu Koko\n|-damage|p1a: Tapu Koko|0 fnt\n|faint|p1a: Tapu Koko\n|\n|upkeep\n|\n|t:|1700438226\n|switch|p1a: Dragonite|Dragonite, F|100\/100\n|turn|26\n|\n|t:|1700438228\n|move|p1a: Dragonite|Extreme Speed|p2a: Sneasler\n|-damage|p2a: Sneasler|0 fnt\n|faint|p2a: Sneasler\n|\n|win|yanami-go\n|raw|yanami-go's rating: 1604 &rarr; <strong>1633<\/strong><br \/>(+29 for winning)\n|raw|might dragon's rating: 1772 &rarr; <strong>1743<\/strong><br \/>(-29 for losing)\n|l|\u2606might dragon\n","uploadtime":1700438246,"views":7,"p1id":"yanamigo","p2id":"mightdragon","formatid":"gen9nationaldex","rating":1633,"private":0,"password":""}