{"id":"gen9nationaldex-1996147201","p1":"Garou Wolf","p2":"Pentelilin","format":"[Gen 9] National Dex","log":"|html|<div class=\"broadcast-blue\"><strong>[Gen 9] National Dex is currently suspecting Sneasler! For information on how to participate check out the <a href=\"https:\/\/www.smogon.com\/forums\/threads\/sv-national-dex-suspect-8-just-dance.3731534\/\">suspect thread<\/a>.<\/strong><\/div>\n|j|\u2606Garou Wolf\n|j|\u2606Pentelilin\n|t:|1700651215\n|gametype|singles\n|player|p1|Garou Wolf|ash-kalos|1043\n|player|p2|Pentelilin|hugh|1042\n|teamsize|p1|6\n|teamsize|p2|6\n|gen|9\n|tier|[Gen 9] National Dex\n|rated|\n|rule|HP Percentage Mod: HP is shown in percentages\n|rule|Endless Battle Clause: Forcing endless battles is banned\n|rule|OHKO Clause: OHKO moves are banned\n|rule|Evasion Clause: Evasion abilities, items, and moves are banned\n|rule|Evasion Abilities Clause: Evasion abilities are banned\n|rule|Evasion Items Clause: Evasion items are banned\n|rule|Evasion Moves Clause: Evasion moves are banned\n|rule|Species Clause: Limit one of each Pok\u00e9mon\n|rule|Sleep Clause Mod: Limit one foe put to sleep\n|clearpoke\n|poke|p1|Greninja-*, M|\n|poke|p1|Talonflame, M|\n|poke|p1|Roserade, F|\n|poke|p1|Galvantula, F|\n|poke|p1|Alakazam, M|\n|poke|p1|Aegislash, M|\n|poke|p2|Garchomp, F|\n|poke|p2|Lopunny, F|\n|poke|p2|Landorus-Therian, M|\n|poke|p2|Zeraora|\n|poke|p2|Espeon, M|\n|poke|p2|Nihilego|\n|teampreview\n|\n|t:|1700651234\n|start\n|switch|p1a: Alakazam|Alakazam, M|100\/100\n|switch|p2a: Espeon|Espeon, M|100\/100\n|turn|1\n|\n|t:|1700651249\n|move|p1a: Alakazam|Nasty Plot|p1a: Alakazam\n|-boost|p1a: Alakazam|spa|2\n|move|p2a: Espeon|Shadow Ball|p1a: Alakazam\n|-supereffective|p1a: Alakazam\n|-damage|p1a: Alakazam|14\/100\n|\n|upkeep\n|turn|2\n|\n|t:|1700651258\n|move|p1a: Alakazam|Shadow Ball|p2a: Espeon\n|-supereffective|p2a: Espeon\n|-enditem|p2a: Espeon|Focus Sash\n|-damage|p2a: Espeon|1\/100\n|-unboost|p2a: Espeon|spd|1\n|move|p2a: Espeon|Shadow Ball|p1a: Alakazam\n|-supereffective|p1a: Alakazam\n|-damage|p1a: Alakazam|0 fnt\n|faint|p1a: Alakazam\n|\n|upkeep\n|\n|t:|1700651272\n|switch|p1a: Aegislash|Aegislash, M|100\/100\n|turn|3\n|\n|t:|1700651278\n|move|p2a: Espeon|Shadow Ball|p1a: Aegislash\n|-supereffective|p1a: Aegislash\n|-damage|p1a: Aegislash|59\/100\n|-unboost|p1a: Aegislash|spd|1\n|-formechange|p1a: Aegislash|Aegislash-Blade||[from] ability: Stance Change\n|move|p1a: Aegislash|Shadow Ball|p2a: Espeon\n|-supereffective|p2a: Espeon\n|-damage|p2a: Espeon|0 fnt\n|faint|p2a: Espeon\n|\n|-heal|p1a: Aegislash|65\/100|[from] item: Leftovers\n|upkeep\n|\n|t:|1700651284\n|switch|p2a: Lopunny|Lopunny, F|100\/100\n|turn|4\n|\n|t:|1700651295\n|detailschange|p2a: Lopunny|Lopunny-Mega, F\n|-mega|p2a: Lopunny|Lopunny|Lopunnite\n|-formechange|p1a: Aegislash|Aegislash||[from] ability: Stance Change\n|move|p1a: Aegislash|King's Shield|p1a: Aegislash\n|-singleturn|p1a: Aegislash|Protect\n|move|p2a: Lopunny|U-turn|p1a: Aegislash\n|-activate|p1a: Aegislash|move: Protect\n|-unboost|p2a: Lopunny|atk|1\n|\n|-heal|p1a: Aegislash|71\/100|[from] item: Leftovers\n|upkeep\n|turn|5\n|\n|t:|1700651308\n|move|p2a: Lopunny|U-turn|p1a: Aegislash\n|-resisted|p1a: Aegislash\n|-damage|p1a: Aegislash|67\/100\n|\n|t:|1700651313\n|switch|p2a: Landorus|Landorus-Therian, M|100\/100|[from] U-turn\n|-ability|p2a: Landorus|Intimidate|boost\n|-unboost|p1a: Aegislash|atk|1\n|move|p1a: Aegislash|Autotomize|p1a: Aegislash\n|-boost|p1a: Aegislash|spe|2\n|-start|p1a: Aegislash|Autotomize\n|\n|-heal|p1a: Aegislash|73\/100|[from] item: Leftovers\n|upkeep\n|turn|6\n|\n|t:|1700651326\n|move|p1a: Aegislash|King's Shield|p1a: Aegislash\n|-singleturn|p1a: Aegislash|Protect\n|move|p2a: Landorus|Stealth Rock|p1a: Aegislash\n|-sidestart|p1: Garou Wolf|move: Stealth Rock\n|\n|-heal|p1a: Aegislash|79\/100|[from] item: Leftovers\n|upkeep\n|turn|7\n|\n|t:|1700651334\n|-formechange|p1a: Aegislash|Aegislash-Blade||[from] ability: Stance Change\n|move|p1a: Aegislash|Shadow Ball|p2a: Landorus\n|-damage|p2a: Landorus|44\/100\n|move|p2a: Landorus|Earthquake|p1a: Aegislash\n|-supereffective|p1a: Aegislash\n|-damage|p1a: Aegislash|0 fnt\n|faint|p1a: Aegislash\n|\n|upkeep\n|\n|t:|1700651348\n|switch|p1a: Greninja|Greninja, M|100\/100\n|-damage|p1a: Greninja|88\/100|[from] Stealth Rock\n|turn|8\n|\n|t:|1700651353\n|move|p1a: Greninja|Ice Beam|p2a: Landorus\n|-supereffective|p2a: Landorus\n|-damage|p2a: Landorus|0 fnt\n|faint|p2a: Landorus\n|-ability|p1a: Greninja|Battle Bond|boost\n|-boost|p1a: Greninja|atk|1\n|-boost|p1a: Greninja|spa|1\n|-boost|p1a: Greninja|spe|1\n|-activate|p1a: Greninja|ability: Battle Bond\n|\n|upkeep\n|\n|t:|1700651357\n|switch|p2a: Lopunny|Lopunny-Mega, F|100\/100\n|turn|9\n|\n|t:|1700651376\n|move|p2a: Lopunny|Fake Out|p1a: Greninja\n|-damage|p1a: Greninja|45\/100\n|cant|p1a: Greninja|flinch\n|\n|upkeep\n|turn|10\n|\n|t:|1700651383\n|move|p1a: Greninja|Surf|p2a: Lopunny\n|-damage|p2a: Lopunny|16\/100\n|move|p2a: Lopunny|U-turn|p1a: Greninja\n|-supereffective|p1a: Greninja\n|-damage|p1a: Greninja|0 fnt\n|faint|p1a: Greninja\n|inactive|Battle timer is ON: inactive players will automatically lose when time's up. (requested by Pentelilin)\n|inactive|Pentelilin has 120 seconds left.\n|inactive|Pentelilin has 90 seconds left.\n|inactive|Pentelilin has 60 seconds left.\n|\n|t:|1700651526\n|switch|p2a: Zeraora|Zeraora|100\/100|[from] U-turn\n|\n|upkeep\n|\n|t:|1700651534\n|switch|p1a: Galvantula|Galvantula, F|100\/100\n|turn|11\n|\n|t:|1700651540\n|move|p2a: Zeraora|Fake Out|p1a: Galvantula\n|-damage|p1a: Galvantula|77\/100\n|cant|p1a: Galvantula|flinch\n|\n|upkeep\n|turn|12\n|\n|t:|1700651546\n|move|p2a: Zeraora|Volt Switch|p1a: Galvantula\n|-resisted|p1a: Galvantula\n|-damage|p1a: Galvantula|58\/100\n|\n|t:|1700651549\n|switch|p2a: Lopunny|Lopunny-Mega, F|16\/100|[from] Volt Switch\n|move|p1a: Galvantula|Sticky Web|p2a: Lopunny\n|-sidestart|p2: Pentelilin|move: Sticky Web\n|\n|upkeep\n|turn|13\n|\n|t:|1700651557\n|move|p2a: Lopunny|Fake Out|p1a: Galvantula\n|-damage|p1a: Galvantula|14\/100\n|cant|p1a: Galvantula|flinch\n|\n|upkeep\n|turn|14\n|\n|t:|1700651569\n|move|p2a: Lopunny|U-turn|p1a: Galvantula\n|-damage|p1a: Galvantula|0 fnt\n|faint|p1a: Galvantula\n|\n|t:|1700651573\n|switch|p2a: Zeraora|Zeraora|100\/100|[from] U-turn\n|-activate|p2a: Zeraora|move: Sticky Web\n|-unboost|p2a: Zeraora|spe|1\n|\n|upkeep\n|\n|t:|1700651580\n|switch|p1a: Roserade|Roserade, F|100\/100\n|-damage|p1a: Roserade|88\/100|[from] Stealth Rock\n|turn|15\n|\n|t:|1700651584\n|move|p2a: Zeraora|Fake Out|p1a: Roserade\n|-damage|p1a: Roserade|63\/100\n|cant|p1a: Roserade|flinch\n|\n|-heal|p1a: Roserade|69\/100|[from] item: Black Sludge\n|upkeep\n|turn|16\n|\n|t:|1700651593\n|move|p1a: Roserade|Giga Drain|p2a: Zeraora\n|-damage|p2a: Zeraora|53\/100\n|-heal|p1a: Roserade|99\/100|[from] drain|[of] p2a: Zeraora\n|move|p2a: Zeraora|Volt Switch|p1a: Roserade\n|-resisted|p1a: Roserade\n|-damage|p1a: Roserade|86\/100\n|\n|t:|1700651601\n|switch|p2a: Lopunny|Lopunny-Mega, F|16\/100|[from] Volt Switch\n|-activate|p2a: Lopunny|move: Sticky Web\n|-unboost|p2a: Lopunny|spe|1\n|\n|-heal|p1a: Roserade|92\/100|[from] item: Black Sludge\n|upkeep\n|turn|17\n|\n|t:|1700651611\n|move|p2a: Lopunny|Fake Out|p1a: Roserade\n|-damage|p1a: Roserade|45\/100\n|cant|p1a: Roserade|flinch\n|\n|-heal|p1a: Roserade|51\/100|[from] item: Black Sludge\n|upkeep\n|turn|18\n|\n|t:|1700651617\n|move|p1a: Roserade|Giga Drain|p2a: Lopunny\n|-damage|p2a: Lopunny|0 fnt\n|-heal|p1a: Roserade|60\/100|[from] drain|[of] p2a: Lopunny\n|faint|p2a: Lopunny\n|\n|-heal|p1a: Roserade|66\/100|[from] item: Black Sludge\n|upkeep\n|\n|t:|1700651623\n|switch|p2a: Zeraora|Zeraora|53\/100\n|-activate|p2a: Zeraora|move: Sticky Web\n|-unboost|p2a: Zeraora|spe|1\n|turn|19\n|\n|t:|1700651629\n|move|p1a: Roserade|Giga Drain|p2a: Zeraora\n|-damage|p2a: Zeraora|4\/100\n|-heal|p1a: Roserade|96\/100|[from] drain|[of] p2a: Zeraora\n|move|p2a: Zeraora|Thunder Wave|p1a: Roserade\n|-status|p1a: Roserade|par\n|\n|-heal|p1a: Roserade|100\/100 par|[from] item: Black Sludge\n|upkeep\n|turn|20\n|\n|t:|1700651641\n|move|p2a: Zeraora|Fake Out||[still]\n|-hint|Fake Out only works on your first turn out.\n|-fail|p2a: Zeraora\n|move|p1a: Roserade|Aromatherapy|p1a: Roserade\n|-activate|p1a: Roserade|move: Aromatherapy\n|-curestatus|p1a: Roserade|par|[msg]\n|\n|upkeep\n|turn|21\n|\n|t:|1700651648\n|move|p1a: Roserade|Sludge Bomb|p2a: Zeraora\n|-damage|p2a: Zeraora|0 fnt\n|faint|p2a: Zeraora\n|\n|upkeep\n|\n|t:|1700651652\n|switch|p2a: Nihilego|Nihilego|100\/100\n|-activate|p2a: Nihilego|move: Sticky Web\n|-unboost|p2a: Nihilego|spe|1\n|turn|22\n|\n|t:|1700651659\n|move|p1a: Roserade|Energy Ball|p2a: Nihilego\n|-damage|p2a: Nihilego|68\/100\n|move|p2a: Nihilego|Meteor Beam||[still]\n|-prepare|p2a: Nihilego|Meteor Beam\n|-boost|p2a: Nihilego|spa|1\n|-enditem|p2a: Nihilego|Power Herb\n|-anim|p2a: Nihilego|Meteor Beam|p1a: Roserade|[miss]\n|-miss|p2a: Nihilego|p1a: Roserade\n|\n|upkeep\n|turn|23\n|\n|t:|1700651672\n|move|p1a: Roserade|Energy Ball|p2a: Nihilego\n|-damage|p2a: Nihilego|34\/100\n|move|p2a: Nihilego|Thunderbolt|p1a: Roserade\n|-resisted|p1a: Roserade\n|-damage|p1a: Roserade|70\/100\n|\n|-heal|p1a: Roserade|76\/100|[from] item: Black Sludge\n|upkeep\n|turn|24\n|\n|t:|1700651680\n|move|p1a: Roserade|Giga Drain|p2a: Nihilego\n|-damage|p2a: Nihilego|6\/100\n|-heal|p1a: Roserade|96\/100|[from] drain|[of] p2a: Nihilego\n|move|p2a: Nihilego|Thunderbolt|p1a: Roserade\n|-resisted|p1a: Roserade\n|-damage|p1a: Roserade|66\/100\n|\n|-heal|p1a: Roserade|72\/100|[from] item: Black Sludge\n|upkeep\n|turn|25\n|inactive|Garou Wolf has 120 seconds left.\n|\n|t:|1700651735\n|move|p1a: Roserade|Giga Drain|p2a: Nihilego\n|-damage|p2a: Nihilego|0 fnt\n|-heal|p1a: Roserade|76\/100|[from] drain|[of] p2a: Nihilego\n|faint|p2a: Nihilego\n|\n|-heal|p1a: Roserade|82\/100|[from] item: Black Sludge\n|upkeep\n|\n|t:|1700651754\n|switch|p2a: Garchomp|Garchomp, F|100\/100\n|-activate|p2a: Garchomp|move: Sticky Web\n|-unboost|p2a: Garchomp|spe|1\n|turn|26\n|inactive|Garou Wolf has 90 seconds left.\n|inactive|Garou Wolf has 60 seconds left.\n|-message|Pentelilin forfeited.\n|\n|win|Garou Wolf\n|raw|Garou Wolf's rating: 1043 &rarr; <strong>1076<\/strong><br \/>(+33 for winning)\n|raw|Pentelilin's rating: 1042 &rarr; <strong>1026<\/strong><br \/>(-16 for losing)\n|l|\u2606Pentelilin\n","uploadtime":1700652098,"views":1,"p1id":"garouwolf","p2id":"pentelilin","formatid":"gen9nationaldex","rating":1026,"private":0,"password":""}