{"id":"gen9nationaldex-1992357431","p1":"FrostDragoTree","p2":"halemango69","format":"[Gen 9] National Dex","log":"|j|\u2606FrostDragoTree\n|j|\u2606halemango69\n|t:|1700178313\n|gametype|singles\n|player|p1|FrostDragoTree|169|\n|player|p2|halemango69|2|\n|teamsize|p1|6\n|teamsize|p2|6\n|gen|9\n|tier|[Gen 9] National Dex\n|rule|HP Percentage Mod: HP is shown in percentages\n|rule|Endless Battle Clause: Forcing endless battles is banned\n|rule|OHKO Clause: OHKO moves are banned\n|rule|Evasion Clause: Evasion abilities, items, and moves are banned\n|rule|Evasion Abilities Clause: Evasion abilities are banned\n|rule|Evasion Items Clause: Evasion items are banned\n|rule|Evasion Moves Clause: Evasion moves are banned\n|rule|Species Clause: Limit one of each Pok\u00e9mon\n|rule|Sleep Clause Mod: Limit one foe put to sleep\n|clearpoke\n|poke|p1|Lopunny, M|\n|poke|p1|Garchomp, F|\n|poke|p1|Corviknight, F|\n|poke|p1|Volcarona, M|\n|poke|p1|Clefable, M|\n|poke|p1|Rotom-Wash|\n|poke|p2|Sneasler, M|\n|poke|p2|Iron Moth|\n|poke|p2|Beedrill, M|\n|poke|p2|Nihilego|\n|poke|p2|Okidogi, M|\n|poke|p2|Muk-Alola, M|\n|teampreview\n|\n|t:|1700178334\n|start\n|switch|p1a: Lopunny|Lopunny, M|100\/100\n|switch|p2a: Beedrill|Beedrill, M|100\/100\n|turn|1\n|\n|t:|1700178367\n|detailschange|p1a: Lopunny|Lopunny-Mega, M\n|-mega|p1a: Lopunny|Lopunny|Lopunnite\n|detailschange|p2a: Beedrill|Beedrill-Mega, M\n|-mega|p2a: Beedrill|Beedrill|Beedrillite\n|move|p2a: Beedrill|U-turn|p1a: Lopunny\n|-resisted|p1a: Lopunny\n|-damage|p1a: Lopunny|62\/100\n|\n|t:|1700178387\n|switch|p2a: Muk|Muk-Alola, M|100\/100|[from] U-turn\n|move|p1a: Lopunny|Return|p2a: Muk\n|-damage|p2a: Muk|37\/100\n|\n|upkeep\n|turn|2\n|\n|t:|1700178399\n|move|p1a: Lopunny|Return|p2a: Muk\n|-damage|p2a: Muk|0 fnt\n|faint|p2a: Muk\n|\n|upkeep\n|\n|t:|1700178422\n|switch|p2a: Beedrill|Beedrill-Mega, M|100\/100\n|turn|3\n|\n|t:|1700178426\n|switch|p1a: Corviknight|Corviknight, F|100\/100\n|-ability|p1a: Corviknight|Pressure\n|move|p2a: Beedrill|Drill Run|p1a: Corviknight\n|-immune|p1a: Corviknight\n|\n|upkeep\n|turn|4\n|\n|t:|1700178436\n|switch|p1a: Lopunny|Lopunny-Mega, M|62\/100\n|move|p2a: Beedrill|U-turn|p1a: Lopunny\n|-resisted|p1a: Lopunny\n|-damage|p1a: Lopunny|28\/100\n|\n|t:|1700178442\n|switch|p2a: Nihilego|Nihilego|100\/100|[from] U-turn\n|\n|upkeep\n|turn|5\n|\n|t:|1700178448\n|move|p1a: Lopunny|Fake Out|p2a: Nihilego\n|-resisted|p2a: Nihilego\n|-damage|p2a: Nihilego|82\/100\n|cant|p2a: Nihilego|flinch\n|\n|upkeep\n|turn|6\n|\n|t:|1700178460\n|switch|p1a: Garchomp|Garchomp, F|100\/100\n|move|p2a: Nihilego|Power Gem|p1a: Garchomp\n|-resisted|p1a: Garchomp\n|-damage|p1a: Garchomp|78\/100\n|\n|upkeep\n|turn|7\n|\n|t:|1700178475\n|switch|p2a: Beedrill|Beedrill-Mega, M|100\/100\n|-zpower|p1a: Garchomp\n|move|p1a: Garchomp|Tectonic Rage|p2a: Beedrill|[zeffect]\n|-damage|p2a: Beedrill|0 fnt\n|faint|p2a: Beedrill\n|\n|upkeep\n|\n|t:|1700178485\n|switch|p2a: Okidogi|Okidogi, M|100\/100\n|turn|8\n|\n|t:|1700178488\n|move|p1a: Garchomp|Earthquake|p2a: Okidogi\n|-supereffective|p2a: Okidogi\n|-damage|p2a: Okidogi|0 fnt\n|faint|p2a: Okidogi\n|\n|upkeep\n|\n|t:|1700178499\n|switch|p2a: Nihilego|Nihilego|82\/100\n|turn|9\n|\n|t:|1700178506\n|move|p2a: Nihilego|Grass Knot|p1a: Garchomp\n|-damage|p1a: Garchomp|49\/100\n|-damage|p2a: Nihilego|70\/100|[from] ability: Rough Skin|[of] p1a: Garchomp\n|move|p1a: Garchomp|Earthquake|p2a: Nihilego\n|-supereffective|p2a: Nihilego\n|-damage|p2a: Nihilego|0 fnt\n|faint|p2a: Nihilego\n|\n|upkeep\n|\n|t:|1700178519\n|switch|p2a: Sneasler|Sneasler, M|100\/100\n|turn|10\n|\n|t:|1700178522\n|move|p2a: Sneasler|Fake Out|p1a: Garchomp\n|-damage|p1a: Garchomp|34\/100\n|-damage|p2a: Sneasler|88\/100|[from] ability: Rough Skin|[of] p1a: Garchomp\n|cant|p1a: Garchomp|flinch\n|\n|upkeep\n|turn|11\n|\n|t:|1700178529\n|move|p2a: Sneasler|Close Combat|p1a: Garchomp\n|-damage|p1a: Garchomp|0 fnt\n|-unboost|p2a: Sneasler|def|1\n|-unboost|p2a: Sneasler|spd|1\n|-damage|p2a: Sneasler|76\/100|[from] ability: Rough Skin|[of] p1a: Garchomp\n|-enditem|p2a: Sneasler|White Herb\n|-clearnegativeboost|p2a: Sneasler|[silent]\n|faint|p1a: Garchomp\n|\n|upkeep\n|\n|t:|1700178535\n|switch|p1a: Lopunny|Lopunny-Mega, M|28\/100\n|turn|12\n|\n|t:|1700178544\n|move|p2a: Sneasler|Dire Claw|p1a: Lopunny\n|-damage|p1a: Lopunny|0 fnt\n|faint|p1a: Lopunny\n|\n|upkeep\n|\n|t:|1700178568\n|switch|p1a: Volcarona|Volcarona, M|100\/100\n|turn|13\n|\n|t:|1700178572\n|move|p2a: Sneasler|Acrobatics|p1a: Volcarona\n|-supereffective|p1a: Volcarona\n|-enditem|p1a: Volcarona|Focus Sash\n|-damage|p1a: Volcarona|1\/100\n|move|p1a: Volcarona|Psychic|p2a: Sneasler\n|-supereffective|p2a: Sneasler\n|-damage|p2a: Sneasler|0 fnt\n|faint|p2a: Sneasler\n|\n|upkeep\n|\n|t:|1700178581\n|switch|p2a: Iron Moth|Iron Moth|100\/100\n|-enditem|p2a: Iron Moth|Booster Energy\n|-activate|p2a: Iron Moth|ability: Quark Drive|[fromitem]\n|-start|p2a: Iron Moth|quarkdrivespa\n|turn|14\n|\n|t:|1700178587\n|move|p1a: Volcarona|Psychic|p2a: Iron Moth\n|-supereffective|p2a: Iron Moth\n|-damage|p2a: Iron Moth|29\/100\n|move|p2a: Iron Moth|Fiery Dance|p1a: Volcarona\n|-damage|p1a: Volcarona|0 fnt\n|faint|p1a: Volcarona\n|\n|upkeep\n|\n|t:|1700178599\n|switch|p1a: Clefable|Clefable, M|100\/100\n|turn|15\n|\n|t:|1700178603\n|move|p2a: Iron Moth|Sludge Wave|p1a: Clefable\n|-supereffective|p1a: Clefable\n|-damage|p1a: Clefable|0 fnt\n|faint|p1a: Clefable\n|\n|upkeep\n|\n|t:|1700178608\n|switch|p1a: Rotom|Rotom-Wash|100\/100\n|turn|16\n|\n|t:|1700178611\n|move|p2a: Iron Moth|Energy Ball|p1a: Rotom\n|-supereffective|p1a: Rotom\n|-damage|p1a: Rotom|4\/100\n|move|p1a: Rotom|Hydro Pump|p2a: Iron Moth\n|-supereffective|p2a: Iron Moth\n|-damage|p2a: Iron Moth|0 fnt\n|faint|p2a: Iron Moth\n|-end|p2a: Iron Moth|Quark Drive|[silent]\n|\n|win|FrostDragoTree\n|c|\u2606FrostDragoTree|gg, I'll lyk once the results are in\n|c|\u2606halemango69|Gg\n|l|\u2606halemango69\n","uploadtime":1700178675,"views":23,"p1id":"frostdragotree","p2id":"halemango69","formatid":"gen9nationaldex","rating":0,"private":0,"password":""}