{"id":"gen9nationaldex-1993057664","p1":"Tpd le Spew","p2":"tprip15","format":"[Gen 9] National Dex","log":"|j|\u2606Tpd le Spew\n|j|\u2606tprip15\n|t:|1700260030\n|gametype|singles\n|player|p1|Tpd le Spew|drayden|1691\n|player|p2|tprip15|flint|1626\n|teamsize|p1|6\n|teamsize|p2|6\n|gen|9\n|tier|[Gen 9] National Dex\n|rated|\n|rule|HP Percentage Mod: HP is shown in percentages\n|rule|Endless Battle Clause: Forcing endless battles is banned\n|rule|OHKO Clause: OHKO moves are banned\n|rule|Evasion Clause: Evasion abilities, items, and moves are banned\n|rule|Evasion Abilities Clause: Evasion abilities are banned\n|rule|Evasion Items Clause: Evasion items are banned\n|rule|Evasion Moves Clause: Evasion moves are banned\n|rule|Species Clause: Limit one of each Pok\u00e9mon\n|rule|Sleep Clause Mod: Limit one foe put to sleep\n|clearpoke\n|poke|p1|Raikou|\n|poke|p1|Suicune|\n|poke|p1|Entei|\n|poke|p1|Tyranitar, M|\n|poke|p1|Celebi|\n|poke|p1|Skarmory, M|\n|poke|p2|Jirachi|\n|poke|p2|Great Tusk|\n|poke|p2|Alomomola, M|\n|poke|p2|Tapu Lele|\n|poke|p2|Hydreigon, M|\n|poke|p2|Sneasler, M|\n|teampreview\n|inactive|Battle timer is ON: inactive players will automatically lose when time's up. (requested by tprip15)\n|c|\u2606Tpd le Spew|Glhf\n|\n|t:|1700260044\n|start\n|switch|p1a: Moose|Suicune, shiny|100\/100\n|switch|p2a: Jirachi|Jirachi|100\/100\n|-ability|p1a: Moose|Pressure\n|turn|1\n|\n|t:|1700260048\n|move|p2a: Jirachi|Stealth Rock|p1a: Moose\n|-sidestart|p1: Tpd le Spew|move: Stealth Rock\n|move|p1a: Moose|Substitute|p1a: Moose\n|-start|p1a: Moose|Substitute\n|-damage|p1a: Moose|75\/100\n|\n|-heal|p1a: Moose|82\/100|[from] item: Leftovers\n|upkeep\n|turn|2\n|\n|t:|1700260060\n|switch|p2a: Alomomola|Alomomola, M|100\/100\n|move|p1a: Moose|Calm Mind|p1a: Moose\n|-boost|p1a: Moose|spa|1\n|-boost|p1a: Moose|spd|1\n|\n|-heal|p1a: Moose|88\/100|[from] item: Leftovers\n|upkeep\n|turn|3\n|\n|t:|1700260069\n|move|p1a: Moose|Calm Mind|p1a: Moose\n|-boost|p1a: Moose|spa|1\n|-boost|p1a: Moose|spd|1\n|move|p2a: Alomomola|Flip Turn|p1a: Moose\n|-resisted|p1a: Moose\n|-activate|p1a: Moose|move: Substitute|[damage]\n|\n|t:|1700260071\n|switch|p2a: Tapu Lele|Tapu Lele|100\/100|[from] Flip Turn\n|-fieldstart|move: Psychic Terrain|[from] ability: Psychic Surge|[of] p2a: Tapu Lele\n|\n|-heal|p1a: Moose|94\/100|[from] item: Leftovers\n|upkeep\n|turn|4\n|\n|t:|1700260076\n|move|p2a: Tapu Lele|Psyshock|p1a: Moose\n|-end|p1a: Moose|Substitute\n|move|p1a: Moose|Scald|p2a: Tapu Lele\n|-damage|p2a: Tapu Lele|50\/100\n|\n|-heal|p1a: Moose|99\/100|[from] item: Leftovers\n|upkeep\n|turn|5\n|\n|t:|1700260079\n|-terastallize|p2a: Tapu Lele|Psychic\n|move|p2a: Tapu Lele|Psyshock|p1a: Moose\n|-damage|p1a: Moose|58\/100\n|move|p1a: Moose|Scald|p2a: Tapu Lele\n|-damage|p2a: Tapu Lele|0 fnt\n|faint|p2a: Tapu Lele\n|\n|-heal|p1a: Moose|64\/100|[from] item: Leftovers\n|upkeep\n|j| playergamerxl\n|\n|t:|1700260087\n|switch|p2a: Sneasler|Sneasler, M|100\/100\n|-enditem|p2a: Sneasler|Psychic Seed\n|-boost|p2a: Sneasler|spd|1|[from] item: Psychic Seed\n|turn|6\n|\n|t:|1700260092\n|move|p2a: Sneasler|Dire Claw|p1a: Moose\n|-damage|p1a: Moose|38\/100\n|-status|p1a: Moose|slp\n|cant|p1a: Moose|slp\n|\n|-heal|p1a: Moose|44\/100 slp|[from] item: Leftovers\n|upkeep\n|turn|7\n|\n|t:|1700260099\n|switch|p1a: Scissors|Skarmory, M, shiny|100\/100\n|-damage|p1a: Scissors|88\/100|[from] Stealth Rock\n|move|p2a: Sneasler|Swords Dance|p2a: Sneasler\n|-boost|p2a: Sneasler|atk|2\n|\n|-fieldend|move: Psychic Terrain\n|upkeep\n|turn|8\n|c|\u2606Tpd le Spew|!dt dire claw\n|raw|<ul class=\"utilichart\"><li class=\"result\"><span class=\"col movenamecol\"><a href=\"https:\/\/dex.pokemonshowdown.com\/moves\/direclaw\">Dire Claw<\/a><\/span> <span class=\"col typecol\"><img src=\"\/\/play.pokemonshowdown.com\/sprites\/types\/Poison.png\" alt=\"Poison\" width=\"32\" height=\"14\"><img src=\"\/\/play.pokemonshowdown.com\/sprites\/categories\/Physical.png\" alt=\"Physical\" width=\"32\" height=\"14\"><\/span> <span class=\"col labelcol\"><em>Power<\/em><br>80<\/span> <span class=\"col widelabelcol\"><em>Accuracy<\/em><br>100%<\/span> <span class=\"col pplabelcol\"><em>PP<\/em><br>24<\/span> <span class=\"col movedesccol\">50% chance to sleep, poison, or paralyze target.<\/span> <\/li><li style=\"clear:both\"><\/li><\/ul>\n|raw|<font size=\"1\"><font color=\"#686868\">Priority:<\/font> 0&nbsp;|&ThickSpace;<font color=\"#686868\">Gen:<\/font> 9&nbsp;|&ThickSpace;&#10003; Boosted by Sheer Force&nbsp;|&ThickSpace;&#10003; Contact&nbsp;|&ThickSpace;<font color=\"#686868\">Z-Power:<\/font> 160&nbsp;|&ThickSpace;<font color=\"#686868\">Dynamax Power:<\/font> 90&nbsp;|&ThickSpace;<font color=\"#686868\">Target:<\/font> One Adjacent Pok\u00e9mon<\/font>\n\n|c|\u2606Tpd le Spew|Hmm\n|c|\u2606Tpd le Spew|Didnt know it could sleep\n|\n|t:|1700260128\n|move|p2a: Sneasler|Swords Dance|p2a: Sneasler\n|-boost|p2a: Sneasler|atk|2\n|move|p1a: Scissors|Whirlwind|p2a: Sneasler\n|drag|p2a: Hydreigon|Hydreigon, M|100\/100\n|\n|upkeep\n|turn|9\n|\n|t:|1700260132\n|switch|p1a: Rock|Tyranitar, M, shiny|100\/100\n|-damage|p1a: Rock|88\/100|[from] Stealth Rock\n|-weather|Sandstorm|[from] ability: Sand Stream|[of] p1a: Rock\n|move|p2a: Hydreigon|Fire Blast|p1a: Rock\n|-resisted|p1a: Rock\n|-damage|p1a: Rock|80\/100\n|\n|-weather|Sandstorm|[upkeep]\n|-damage|p2a: Hydreigon|94\/100|[from] Sandstorm\n|-heal|p1a: Rock|86\/100|[from] item: Leftovers\n|upkeep\n|turn|10\n|\n|t:|1700260142\n|switch|p2a: Great Tusk|Great Tusk|100\/100\n|move|p1a: Rock|Stealth Rock|p2a: Great Tusk\n|-sidestart|p2: tprip15|move: Stealth Rock\n|\n|-weather|Sandstorm|[upkeep]\n|-heal|p1a: Rock|93\/100|[from] item: Leftovers\n|upkeep\n|turn|11\n|\n|t:|1700260146\n|switch|p1a: Scissors|Skarmory, M, shiny|88\/100\n|-damage|p1a: Scissors|76\/100|[from] Stealth Rock\n|move|p2a: Great Tusk|Rapid Spin|p1a: Scissors\n|-resisted|p1a: Scissors\n|-damage|p1a: Scissors|72\/100\n|-boost|p2a: Great Tusk|spe|1\n|-damage|p2a: Great Tusk|84\/100|[from] item: Rocky Helmet|[of] p1a: Scissors\n|-sideend|p2: tprip15|Stealth Rock|[from] move: Rapid Spin|[of] p2a: Great Tusk\n|\n|-weather|Sandstorm|[upkeep]\n|-heal|p2a: Great Tusk|90\/100|[from] item: Leftovers\n|upkeep\n|turn|12\n|\n|t:|1700260152\n|-end|p2a: Great Tusk|Protosynthesis|[silent]\n|switch|p2a: Jirachi|Jirachi|100\/100\n|move|p1a: Scissors|Defog|p2a: Jirachi\n|-unboost|p2a: Jirachi|evasion|1\n|-sideend|p1: Tpd le Spew|Stealth Rock|[from] move: Defog|[of] p1a: Scissors\n|\n|-weather|Sandstorm|[upkeep]\n|upkeep\n|turn|13\n|\n|t:|1700260161\n|switch|p2a: Hydreigon|Hydreigon, M|94\/100\n|move|p1a: Scissors|Spikes|p2a: Hydreigon\n|-sidestart|p2: tprip15|Spikes\n|\n|-weather|none\n|upkeep\n|turn|14\n|l| playergamerxl\n|\n|t:|1700260173\n|switch|p1a: Rock|Tyranitar, M, shiny|93\/100\n|-weather|Sandstorm|[from] ability: Sand Stream|[of] p1a: Rock\n|move|p2a: Hydreigon|Earth Power|p1a: Rock\n|-supereffective|p1a: Rock\n|-damage|p1a: Rock|66\/100\n|\n|-weather|Sandstorm|[upkeep]\n|-damage|p2a: Hydreigon|88\/100|[from] Sandstorm\n|-heal|p1a: Rock|72\/100|[from] item: Leftovers\n|upkeep\n|turn|15\n|\n|t:|1700260180\n|switch|p2a: Great Tusk|Great Tusk|90\/100\n|-damage|p2a: Great Tusk|78\/100|[from] Spikes\n|move|p1a: Rock|Stealth Rock|p2a: Great Tusk\n|-sidestart|p2: tprip15|move: Stealth Rock\n|\n|-weather|Sandstorm|[upkeep]\n|-heal|p2a: Great Tusk|84\/100|[from] item: Leftovers\n|-heal|p1a: Rock|78\/100|[from] item: Leftovers\n|upkeep\n|turn|16\n|\n|t:|1700260194\n|switch|p1a: Scissors|Skarmory, M, shiny|72\/100\n|move|p2a: Great Tusk|Rapid Spin|p1a: Scissors\n|-resisted|p1a: Scissors\n|-damage|p1a: Scissors|68\/100\n|-boost|p2a: Great Tusk|spe|1\n|-damage|p2a: Great Tusk|67\/100|[from] item: Rocky Helmet|[of] p1a: Scissors\n|-sideend|p2: tprip15|Spikes|[from] move: Rapid Spin|[of] p2a: Great Tusk\n|-sideend|p2: tprip15|Stealth Rock|[from] move: Rapid Spin|[of] p2a: Great Tusk\n|\n|-weather|Sandstorm|[upkeep]\n|-heal|p2a: Great Tusk|74\/100|[from] item: Leftovers\n|upkeep\n|turn|17\n|\n|t:|1700260202\n|-end|p2a: Great Tusk|Protosynthesis|[silent]\n|switch|p2a: Sneasler|Sneasler, M|100\/100\n|move|p1a: Scissors|Spikes|p2a: Sneasler\n|-sidestart|p2: tprip15|Spikes\n|\n|-weather|Sandstorm|[upkeep]\n|-damage|p2a: Sneasler|95\/100|[from] Sandstorm\n|upkeep\n|turn|18\n|\n|t:|1700260206\n|move|p2a: Sneasler|Close Combat|p1a: Scissors\n|-damage|p1a: Scissors|26\/100\n|-unboost|p2a: Sneasler|def|1\n|-unboost|p2a: Sneasler|spd|1\n|-damage|p2a: Sneasler|78\/100|[from] item: Rocky Helmet|[of] p1a: Scissors\n|move|p1a: Scissors|Spikes|p2a: Sneasler\n|-sidestart|p2: tprip15|Spikes\n|\n|-weather|none\n|upkeep\n|turn|19\n|\n|t:|1700260210\n|switch|p1a: Paper|Celebi|100\/100\n|move|p2a: Sneasler|Close Combat|p1a: Paper\n|-resisted|p1a: Paper\n|-damage|p1a: Paper|78\/100\n|-unboost|p2a: Sneasler|def|1\n|-unboost|p2a: Sneasler|spd|1\n|\n|-heal|p1a: Paper|85\/100|[from] item: Leftovers\n|upkeep\n|turn|20\n|\n|t:|1700260217\n|switch|p2a: Hydreigon|Hydreigon, M|88\/100\n|move|p1a: Paper|Psychic|p2a: Hydreigon\n|-immune|p2a: Hydreigon\n|\n|-heal|p1a: Paper|91\/100|[from] item: Leftovers\n|upkeep\n|turn|21\n|\n|t:|1700260225\n|switch|p1a: Rock|Tyranitar, M, shiny|78\/100\n|-weather|Sandstorm|[from] ability: Sand Stream|[of] p1a: Rock\n|move|p2a: Hydreigon|Earth Power|p1a: Rock\n|-supereffective|p1a: Rock\n|-damage|p1a: Rock|50\/100\n|\n|-weather|Sandstorm|[upkeep]\n|-damage|p2a: Hydreigon|82\/100|[from] Sandstorm\n|-heal|p1a: Rock|56\/100|[from] item: Leftovers\n|upkeep\n|turn|22\n|\n|t:|1700260231\n|switch|p2a: Great Tusk|Great Tusk|74\/100\n|-damage|p2a: Great Tusk|57\/100|[from] Spikes\n|move|p1a: Rock|Roar|p2a: Great Tusk\n|-end|p2a: Great Tusk|Protosynthesis|[silent]\n|drag|p2a: Hydreigon|Hydreigon, M|82\/100\n|\n|-weather|Sandstorm|[upkeep]\n|-damage|p2a: Hydreigon|76\/100|[from] Sandstorm\n|-heal|p1a: Rock|62\/100|[from] item: Leftovers\n|upkeep\n|turn|23\n|\n|t:|1700260238\n|switch|p2a: Great Tusk|Great Tusk|57\/100\n|-damage|p2a: Great Tusk|40\/100|[from] Spikes\n|move|p1a: Rock|Stealth Rock|p2a: Great Tusk\n|-sidestart|p2: tprip15|move: Stealth Rock\n|\n|-weather|Sandstorm|[upkeep]\n|-heal|p2a: Great Tusk|47\/100|[from] item: Leftovers\n|-heal|p1a: Rock|69\/100|[from] item: Leftovers\n|upkeep\n|turn|24\n|\n|t:|1700260242\n|switch|p1a: Scissors|Skarmory, M, shiny|26\/100\n|move|p2a: Great Tusk|Rapid Spin|p1a: Scissors\n|-resisted|p1a: Scissors\n|-damage|p1a: Scissors|22\/100\n|-boost|p2a: Great Tusk|spe|1\n|-damage|p2a: Great Tusk|30\/100|[from] item: Rocky Helmet|[of] p1a: Scissors\n|-sideend|p2: tprip15|Spikes|[from] move: Rapid Spin|[of] p2a: Great Tusk\n|-sideend|p2: tprip15|Stealth Rock|[from] move: Rapid Spin|[of] p2a: Great Tusk\n|\n|-weather|Sandstorm|[upkeep]\n|-heal|p2a: Great Tusk|36\/100|[from] item: Leftovers\n|upkeep\n|turn|25\n|\n|t:|1700260247\n|-end|p2a: Great Tusk|Protosynthesis|[silent]\n|switch|p2a: Alomomola|Alomomola, M|100\/100\n|move|p1a: Scissors|Roost|p1a: Scissors\n|-heal|p1a: Scissors|72\/100\n|-singleturn|p1a: Scissors|move: Roost\n|\n|-weather|none\n|upkeep\n|turn|26\n|\n|t:|1700260249\n|switch|p1a: Paper|Celebi|91\/100\n|move|p2a: Alomomola|Wish|p2a: Alomomola\n|\n|-heal|p1a: Paper|97\/100|[from] item: Leftovers\n|upkeep\n|turn|27\n|\n|t:|1700260265\n|switch|p2a: Hydreigon|Hydreigon, M|76\/100\n|move|p1a: Paper|Giga Drain|p2a: Hydreigon\n|-resisted|p2a: Hydreigon\n|-damage|p2a: Hydreigon|67\/100\n|-heal|p1a: Paper|100\/100|[from] drain|[of] p2a: Hydreigon\n|\n|-heal|p2a: Hydreigon|100\/100|[from] move: Wish|[wisher] Alomomola\n|upkeep\n|turn|28\n|\n|t:|1700260272\n|move|p1a: Paper|Heal Bell|p1a: Paper\n|-activate|p1a: Paper|move: Heal Bell\n|-curestatus|p1: Moose|slp|[msg]\n|move|p2a: Hydreigon|Earth Power|p1a: Paper\n|-resisted|p1a: Paper\n|-damage|p1a: Paper|87\/100\n|\n|-heal|p1a: Paper|94\/100|[from] item: Leftovers\n|upkeep\n|turn|29\n|\n|t:|1700260278\n|switch|p1a: Rock|Tyranitar, M, shiny|69\/100\n|-weather|Sandstorm|[from] ability: Sand Stream|[of] p1a: Rock\n|move|p2a: Hydreigon|Earth Power|p1a: Rock\n|-supereffective|p1a: Rock\n|-damage|p1a: Rock|40\/100\n|\n|-weather|Sandstorm|[upkeep]\n|-damage|p2a: Hydreigon|94\/100|[from] Sandstorm\n|-heal|p1a: Rock|46\/100|[from] item: Leftovers\n|upkeep\n|turn|30\n|\n|t:|1700260285\n|switch|p2a: Alomomola|Alomomola, M|100\/100\n|move|p1a: Rock|Stealth Rock|p2a: Alomomola\n|-sidestart|p2: tprip15|move: Stealth Rock\n|\n|-weather|Sandstorm|[upkeep]\n|-damage|p2a: Alomomola|94\/100|[from] Sandstorm\n|-heal|p1a: Rock|52\/100|[from] item: Leftovers\n|upkeep\n|turn|31\n|\n|t:|1700260289\n|switch|p1a: Moose|Suicune, shiny|44\/100\n|-ability|p1a: Moose|Pressure\n|move|p2a: Alomomola|Wish|p2a: Alomomola\n|\n|-weather|Sandstorm|[upkeep]\n|-damage|p1a: Moose|38\/100|[from] Sandstorm\n|-damage|p2a: Alomomola|88\/100|[from] Sandstorm\n|-heal|p1a: Moose|44\/100|[from] item: Leftovers\n|upkeep\n|turn|32\n|\n|t:|1700260306\n|switch|p2a: Sneasler|Sneasler, M|78\/100\n|-damage|p2a: Sneasler|72\/100|[from] Stealth Rock\n|move|p1a: Moose|Substitute|p1a: Moose\n|-start|p1a: Moose|Substitute\n|-damage|p1a: Moose|19\/100\n|\n|-weather|Sandstorm|[upkeep]\n|-damage|p2a: Sneasler|66\/100|[from] Sandstorm\n|-damage|p1a: Moose|13\/100|[from] Sandstorm\n|-heal|p2a: Sneasler|100\/100|[from] move: Wish|[wisher] Alomomola\n|-heal|p1a: Moose|19\/100|[from] item: Leftovers\n|upkeep\n|turn|33\n|\n|t:|1700260314\n|move|p2a: Sneasler|Acrobatics|p1a: Moose\n|-activate|p1a: Moose|move: Substitute|[damage]\n|move|p1a: Moose|Rest|p1a: Moose\n|-status|p1a: Moose|slp|[from] move: Rest\n|-heal|p1a: Moose|100\/100 slp|[silent]\n|\n|-weather|none\n|upkeep\n|turn|34\n|\n|t:|1700260319\n|switch|p1a: Scissors|Skarmory, M, shiny|72\/100\n|move|p2a: Sneasler|Swords Dance|p2a: Sneasler\n|-boost|p2a: Sneasler|atk|2\n|\n|upkeep\n|turn|35\n|\n|t:|1700260321\n|move|p2a: Sneasler|Close Combat|p1a: Scissors\n|-damage|p1a: Scissors|0 fnt\n|-unboost|p2a: Sneasler|def|1\n|-unboost|p2a: Sneasler|spd|1\n|-damage|p2a: Sneasler|84\/100|[from] item: Rocky Helmet|[of] p1a: Scissors\n|faint|p1a: Scissors\n|\n|upkeep\n|\n|t:|1700260324\n|switch|p1a: Paper|Celebi|94\/100\n|turn|36\n|\n|t:|1700260327\n|-terastallize|p1a: Paper|Fairy\n|move|p2a: Sneasler|Dire Claw|p1a: Paper\n|-supereffective|p1a: Paper\n|-damage|p1a: Paper|0 fnt\n|faint|p1a: Paper\n|\n|upkeep\n|\n|t:|1700260338\n|switch|p1a: Simba|Entei, shiny|100\/100\n|-ability|p1a: Simba|Pressure\n|turn|37\n|\n|t:|1700260344\n|switch|p2a: Alomomola|Alomomola, M|100\/100\n|-damage|p2a: Alomomola|88\/100|[from] Stealth Rock\n|move|p1a: Simba|Extreme Speed|p2a: Alomomola\n|-damage|p2a: Alomomola|77\/100\n|-damage|p1a: Simba|84\/100|[from] item: Rocky Helmet|[of] p2a: Alomomola\n|\n|-heal|p1a: Simba|90\/100|[from] item: Leftovers\n|upkeep\n|turn|38\n|\n|t:|1700260348\n|move|p1a: Simba|Curse|p1a: Simba\n|-unboost|p1a: Simba|spe|1\n|-boost|p1a: Simba|atk|1\n|-boost|p1a: Simba|def|1\n|move|p2a: Alomomola|Wish|p2a: Alomomola\n|\n|-heal|p1a: Simba|96\/100|[from] item: Leftovers\n|upkeep\n|turn|39\n|\n|t:|1700260354\n|move|p2a: Alomomola|Toxic|p1a: Simba\n|-status|p1a: Simba|tox\n|move|p1a: Simba|Curse|p1a: Simba\n|-unboost|p1a: Simba|spe|1\n|-boost|p1a: Simba|atk|1\n|-boost|p1a: Simba|def|1\n|\n|-heal|p2a: Alomomola|100\/100|[from] move: Wish|[wisher] Alomomola\n|-heal|p1a: Simba|100\/100 tox|[from] item: Leftovers\n|-damage|p1a: Simba|94\/100 tox|[from] psn\n|upkeep\n|turn|40\n|\n|t:|1700260360\n|move|p2a: Alomomola|Wish|p2a: Alomomola\n|move|p1a: Simba|Curse|p1a: Simba\n|-unboost|p1a: Simba|spe|1\n|-boost|p1a: Simba|atk|1\n|-boost|p1a: Simba|def|1\n|\n|-heal|p1a: Simba|100\/100 tox|[from] item: Leftovers\n|-damage|p1a: Simba|88\/100 tox|[from] psn\n|upkeep\n|turn|41\n|\n|t:|1700260364\n|move|p2a: Alomomola|Flip Turn|p1a: Simba\n|-supereffective|p1a: Simba\n|-damage|p1a: Simba|76\/100 tox\n|\n|t:|1700260367\n|switch|p2a: Great Tusk|Great Tusk|36\/100|[from] Flip Turn\n|-damage|p2a: Great Tusk|33\/100|[from] Stealth Rock\n|move|p1a: Simba|Curse|p1a: Simba\n|-unboost|p1a: Simba|spe|1\n|-boost|p1a: Simba|atk|1\n|-boost|p1a: Simba|def|1\n|\n|-heal|p2a: Great Tusk|95\/100|[from] move: Wish|[wisher] Alomomola\n|-heal|p2a: Great Tusk|100\/100|[from] item: Leftovers\n|-heal|p1a: Simba|82\/100 tox|[from] item: Leftovers\n|-damage|p1a: Simba|63\/100 tox|[from] psn\n|upkeep\n|turn|42\n|\n|t:|1700260373\n|-end|p2a: Great Tusk|Protosynthesis|[silent]\n|switch|p2a: Alomomola|Alomomola, M|100\/100\n|-damage|p2a: Alomomola|88\/100|[from] Stealth Rock\n|move|p1a: Simba|Rest|p1a: Simba\n|-status|p1a: Simba|slp|[from] move: Rest\n|-heal|p1a: Simba|100\/100 slp|[silent]\n|\n|upkeep\n|turn|43\n|\n|t:|1700260381\n|switch|p2a: Hydreigon|Hydreigon, M|94\/100\n|-damage|p2a: Hydreigon|82\/100|[from] Stealth Rock\n|cant|p1a: Simba|slp\n|\n|upkeep\n|turn|44\n|\n|t:|1700260388\n|move|p2a: Hydreigon|Draco Meteor|p1a: Simba\n|-damage|p1a: Simba|51\/100 slp\n|-unboost|p2a: Hydreigon|spa|2\n|cant|p1a: Simba|slp\n|\n|-heal|p1a: Simba|58\/100 slp|[from] item: Leftovers\n|upkeep\n|turn|45\n|\n|t:|1700260403\n|switch|p2a: Alomomola|Alomomola, M|100\/100\n|-damage|p2a: Alomomola|88\/100|[from] Stealth Rock\n|-curestatus|p1a: Simba|slp|[msg]\n|move|p1a: Simba|Curse|p1a: Simba\n|-unboost|p1a: Simba|spe|1\n|-boost|p1a: Simba|atk|1\n|-boost|p1a: Simba|def|1\n|\n|-heal|p1a: Simba|64\/100|[from] item: Leftovers\n|upkeep\n|turn|46\n|\n|t:|1700260410\n|move|p1a: Simba|Extreme Speed|p2a: Alomomola\n|-damage|p2a: Alomomola|50\/100\n|-damage|p1a: Simba|47\/100|[from] item: Rocky Helmet|[of] p2a: Alomomola\n|move|p2a: Alomomola|Toxic|p1a: Simba\n|-status|p1a: Simba|tox\n|\n|-heal|p1a: Simba|53\/100 tox|[from] item: Leftovers\n|-damage|p1a: Simba|47\/100 tox|[from] psn\n|upkeep\n|turn|47\n|\n|t:|1700260417\n|move|p2a: Alomomola|Wish|p2a: Alomomola\n|move|p1a: Simba|Curse|p1a: Simba\n|-unboost|p1a: Simba|spe|1\n|-boost|p1a: Simba|atk|1\n|-boost|p1a: Simba|def|1\n|\n|-heal|p1a: Simba|53\/100 tox|[from] item: Leftovers\n|-damage|p1a: Simba|41\/100 tox|[from] psn\n|upkeep\n|turn|48\n|\n|t:|1700260421\n|move|p2a: Alomomola|Flip Turn|p1a: Simba\n|-supereffective|p1a: Simba\n|-damage|p1a: Simba|34\/100 tox\n|\n|t:|1700260429\n|switch|p2a: Great Tusk|Great Tusk|100\/100|[from] Flip Turn\n|-damage|p2a: Great Tusk|98\/100|[from] Stealth Rock\n|move|p1a: Simba|Rest|p1a: Simba\n|-status|p1a: Simba|slp|[from] move: Rest\n|-heal|p1a: Simba|100\/100 slp|[silent]\n|\n|-heal|p2a: Great Tusk|100\/100|[from] move: Wish|[wisher] Alomomola\n|upkeep\n|turn|49\n|\n|t:|1700260436\n|-end|p2a: Great Tusk|Protosynthesis|[silent]\n|switch|p2a: Hydreigon|Hydreigon, M|82\/100\n|-damage|p2a: Hydreigon|70\/100|[from] Stealth Rock\n|cant|p1a: Simba|slp\n|\n|upkeep\n|turn|50\n|\n|t:|1700260439\n|move|p2a: Hydreigon|Earth Power|p1a: Simba\n|-supereffective|p1a: Simba\n|-damage|p1a: Simba|59\/100 slp\n|cant|p1a: Simba|slp\n|\n|-heal|p1a: Simba|65\/100 slp|[from] item: Leftovers\n|upkeep\n|turn|51\n|\n|t:|1700260443\n|switch|p2a: Alomomola|Alomomola, M|83\/100\n|-damage|p2a: Alomomola|71\/100|[from] Stealth Rock\n|-curestatus|p1a: Simba|slp|[msg]\n|move|p1a: Simba|Extreme Speed|p2a: Alomomola\n|-damage|p2a: Alomomola|27\/100\n|-damage|p1a: Simba|48\/100|[from] item: Rocky Helmet|[of] p2a: Alomomola\n|\n|-heal|p1a: Simba|54\/100|[from] item: Leftovers\n|upkeep\n|turn|52\n|\n|t:|1700260447\n|move|p2a: Alomomola|Protect|p2a: Alomomola\n|-singleturn|p2a: Alomomola|Protect\n|move|p1a: Simba|Extreme Speed|p2a: Alomomola\n|-activate|p2a: Alomomola|move: Protect\n|\n|-heal|p1a: Simba|61\/100|[from] item: Leftovers\n|upkeep\n|turn|53\n|\n|t:|1700260455\n|switch|p2a: Jirachi|Jirachi|100\/100\n|-damage|p2a: Jirachi|94\/100|[from] Stealth Rock\n|move|p1a: Simba|Sacred Fire|p2a: Jirachi\n|-supereffective|p2a: Jirachi\n|-damage|p2a: Jirachi|0 fnt\n|faint|p2a: Jirachi\n|\n|-heal|p1a: Simba|67\/100|[from] item: Leftovers\n|upkeep\n|\n|t:|1700260458\n|switch|p2a: Alomomola|Alomomola, M|60\/100\n|-damage|p2a: Alomomola|48\/100|[from] Stealth Rock\n|turn|54\n|\n|t:|1700260463\n|move|p2a: Alomomola|Wish|p2a: Alomomola\n|move|p1a: Simba|Sacred Fire|p2a: Alomomola\n|-resisted|p2a: Alomomola\n|-damage|p2a: Alomomola|5\/100\n|-status|p2a: Alomomola|brn\n|\n|-heal|p1a: Simba|73\/100|[from] item: Leftovers\n|-damage|p2a: Alomomola|0 fnt|[from] brn\n|faint|p2a: Alomomola\n|upkeep\n|\n|t:|1700260471\n|switch|p2a: Sneasler|Sneasler, M|84\/100\n|-damage|p2a: Sneasler|78\/100|[from] Stealth Rock\n|turn|55\n|\n|t:|1700260474\n|move|p1a: Simba|Extreme Speed|p2a: Sneasler\n|-damage|p2a: Sneasler|0 fnt\n|faint|p2a: Sneasler\n|\n|-heal|p1a: Simba|79\/100|[from] item: Leftovers\n|upkeep\n|-message|tprip15 forfeited.\n|\n|win|Tpd le Spew\n|raw|Tpd le Spew's rating: 1691 &rarr; <strong>1707<\/strong><br \/>(+16 for winning)\n|raw|tprip15's rating: 1626 &rarr; <strong>1610<\/strong><br \/>(-16 for losing)\n|l|\u2606tprip15\n","uploadtime":1700260501,"views":14,"p1id":"tpdlespew","p2id":"tprip15","formatid":"gen9nationaldex","rating":1610,"private":0,"password":""}