{"id":"gen9nationaldex-1999829463","p1":"Akihiro Nira","p2":"Ji-Day","format":"[Gen 9] National Dex","log":"|html|<div class=\"broadcast-blue\"><strong>[Gen 9] National Dex is currently suspecting Sneasler! For information on how to participate check out the <a href=\"https:\/\/www.smogon.com\/forums\/threads\/sv-national-dex-suspect-8-just-dance.3731534\/\">suspect thread<\/a>.<\/strong><\/div>\n|j|\u2606Akihiro Nira\n|j|\u2606Ji-Day\n|t:|1701120622\n|gametype|singles\n|player|p1|Akihiro Nira|n-masters|1361\n|player|p2|Ji-Day|102|1414\n|teamsize|p1|6\n|teamsize|p2|6\n|gen|9\n|tier|[Gen 9] National Dex\n|rated|\n|rule|HP Percentage Mod: HP is shown in percentages\n|rule|Endless Battle Clause: Forcing endless battles is banned\n|rule|OHKO Clause: OHKO moves are banned\n|rule|Evasion Clause: Evasion abilities, items, and moves are banned\n|rule|Evasion Abilities Clause: Evasion abilities are banned\n|rule|Evasion Items Clause: Evasion items are banned\n|rule|Evasion Moves Clause: Evasion moves are banned\n|rule|Species Clause: Limit one of each Pok\u00e9mon\n|rule|Sleep Clause Mod: Limit one foe put to sleep\n|clearpoke\n|poke|p1|Slither Wing|\n|poke|p1|Klefki, F|\n|poke|p1|Ninetales-Alola, M|\n|poke|p1|Rotom-Wash|\n|poke|p1|Heatran, M|\n|poke|p1|Garchomp, M|\n|poke|p2|Jolteon, F|\n|poke|p2|Machamp, M|\n|poke|p2|Venusaur, M|\n|poke|p2|Steelix, M|\n|poke|p2|Goodra, M|\n|poke|p2|Talonflame, M|\n|teampreview\n|inactive|Battle timer is ON: inactive players will automatically lose when time's up. (requested by Ji-Day)\n|inactive|Akihiro Nira has 120 seconds left.\n|\n|t:|1701120681\n|start\n|switch|p1a: Rotom|Rotom-Wash|100\/100\n|switch|p2a: Jolteon|Jolteon, F|100\/100\n|turn|1\n|\n|t:|1701120701\n|switch|p1a: Garchomp|Garchomp, M|100\/100\n|move|p2a: Jolteon|Volt Switch|p1a: Garchomp\n|-immune|p1a: Garchomp\n|\n|upkeep\n|turn|2\n|\n|t:|1701120709\n|switch|p2a: Steelix|Steelix, M|100\/100\n|move|p1a: Garchomp|Stealth Rock|p2a: Steelix\n|-sidestart|p2: Ji-Day|move: Stealth Rock\n|\n|upkeep\n|turn|3\n|\n|t:|1701120721\n|switch|p1a: Rotom|Rotom-Wash|100\/100\n|move|p2a: Steelix|Stealth Rock|p1a: Rotom\n|-sidestart|p1: Akihiro Nira|move: Stealth Rock\n|\n|upkeep\n|turn|4\n|\n|t:|1701120731\n|switch|p2a: Venusaur|Venusaur, M|100\/100\n|-damage|p2a: Venusaur|88\/100|[from] Stealth Rock\n|move|p1a: Rotom|Will-O-Wisp|p2a: Venusaur\n|-status|p2a: Venusaur|brn\n|\n|-damage|p2a: Venusaur|82\/100 brn|[from] brn\n|upkeep\n|turn|5\n|\n|t:|1701120743\n|switch|p1a: Klefki|Klefki, F|100\/100\n|-damage|p1a: Klefki|95\/100|[from] Stealth Rock\n|detailschange|p2a: Venusaur|Venusaur-Mega, M\n|-mega|p2a: Venusaur|Venusaur|Venusaurite\n|move|p2a: Venusaur|Giga Drain|p1a: Klefki\n|-resisted|p1a: Klefki\n|-damage|p1a: Klefki|68\/100\n|-heal|p2a: Venusaur|96\/100 brn|[from] drain|[of] p1a: Klefki\n|\n|-damage|p2a: Venusaur|90\/100 brn|[from] brn\n|upkeep\n|turn|6\n|\n|t:|1701120755\n|move|p1a: Klefki|Defog|p2a: Venusaur\n|-unboost|p2a: Venusaur|evasion|1\n|-sideend|p2: Ji-Day|Stealth Rock|[from] move: Defog|[of] p1a: Klefki\n|-sideend|p1: Akihiro Nira|Stealth Rock|[from] move: Defog|[of] p1a: Klefki\n|move|p2a: Venusaur|Earth Power|p1a: Klefki\n|-supereffective|p1a: Klefki\n|-crit|p1a: Klefki\n|-damage|p1a: Klefki|0 fnt\n|faint|p1a: Klefki\n|\n|-damage|p2a: Venusaur|84\/100 brn|[from] brn\n|upkeep\n|\n|t:|1701120759\n|switch|p1a: Heatran|Heatran, M|100\/100\n|turn|7\n|\n|t:|1701120771\n|move|p2a: Venusaur|Earth Power|p1a: Heatran\n|-supereffective|p1a: Heatran\n|-damage|p1a: Heatran|18\/100\n|-unboost|p1a: Heatran|spd|1\n|move|p1a: Heatran|Magma Storm|p2a: Venusaur\n|-supereffective|p2a: Venusaur\n|-damage|p2a: Venusaur|42\/100 brn\n|-activate|p2a: Venusaur|move: Magma Storm|[of] p1a: Heatran\n|\n|-heal|p1a: Heatran|24\/100|[from] item: Leftovers\n|-damage|p2a: Venusaur|36\/100 brn|[from] brn\n|-damage|p2a: Venusaur|23\/100 brn|[from] move: Magma Storm|[partiallytrapped]\n|upkeep\n|turn|8\n|\n|t:|1701120791\n|move|p1a: Heatran|Protect|p1a: Heatran\n|-singleturn|p1a: Heatran|Protect\n|move|p2a: Venusaur|Earth Power|p1a: Heatran\n|-activate|p1a: Heatran|move: Protect\n|\n|-heal|p1a: Heatran|30\/100|[from] item: Leftovers\n|-damage|p2a: Venusaur|17\/100 brn|[from] brn\n|-damage|p2a: Venusaur|5\/100 brn|[from] move: Magma Storm|[partiallytrapped]\n|upkeep\n|turn|9\n|\n|t:|1701120802\n|switch|p1a: Ninetales|Ninetales-Alola, M|100\/100\n|-weather|Snow|[from] ability: Snow Warning|[of] p1a: Ninetales\n|move|p2a: Venusaur|Earth Power|p1a: Ninetales\n|-damage|p1a: Ninetales|68\/100\n|\n|-weather|Snow|[upkeep]\n|-damage|p2a: Venusaur|0 fnt|[from] brn\n|faint|p2a: Venusaur\n|upkeep\n|\n|t:|1701120814\n|switch|p2a: Goodra|Goodra, M|100\/100\n|turn|10\n|\n|t:|1701120820\n|move|p1a: Ninetales|Aurora Veil|p1a: Ninetales\n|-sidestart|p1: Akihiro Nira|move: Aurora Veil\n|move|p2a: Goodra|Sludge Bomb|p1a: Ninetales\n|-supereffective|p1a: Ninetales\n|-damage|p1a: Ninetales|38\/100\n|\n|-weather|Snow|[upkeep]\n|upkeep\n|turn|11\n|\n|t:|1701120829\n|move|p1a: Ninetales|Safeguard|p1a: Ninetales\n|-sidestart|p1: Akihiro Nira|Safeguard\n|move|p2a: Goodra|Sludge Bomb|p1a: Ninetales\n|-supereffective|p1a: Ninetales\n|-crit|p1a: Ninetales\n|-damage|p1a: Ninetales|0 fnt\n|faint|p1a: Ninetales\n|\n|-weather|Snow|[upkeep]\n|upkeep\n|\n|t:|1701120833\n|switch|p1a: Slither Wing|Slither Wing|100\/100\n|-enditem|p1a: Slither Wing|Booster Energy\n|-activate|p1a: Slither Wing|ability: Protosynthesis|[fromitem]\n|-start|p1a: Slither Wing|protosynthesisspe\n|turn|12\n|\n|t:|1701120842\n|move|p1a: Slither Wing|Bulk Up|p1a: Slither Wing\n|-boost|p1a: Slither Wing|atk|1\n|-boost|p1a: Slither Wing|def|1\n|move|p2a: Goodra|Flamethrower|p1a: Slither Wing\n|-supereffective|p1a: Slither Wing\n|-damage|p1a: Slither Wing|75\/100\n|\n|-weather|Snow|[upkeep]\n|upkeep\n|turn|13\n|\n|t:|1701120851\n|move|p1a: Slither Wing|Bulk Up|p1a: Slither Wing\n|-boost|p1a: Slither Wing|atk|1\n|-boost|p1a: Slither Wing|def|1\n|move|p2a: Goodra|Flamethrower|p1a: Slither Wing\n|-supereffective|p1a: Slither Wing\n|-damage|p1a: Slither Wing|50\/100\n|\n|-weather|none\n|upkeep\n|turn|14\n|\n|t:|1701120864\n|move|p1a: Slither Wing|Bulk Up|p1a: Slither Wing\n|-boost|p1a: Slither Wing|atk|1\n|-boost|p1a: Slither Wing|def|1\n|move|p2a: Goodra|Draco Meteor|p1a: Slither Wing\n|-damage|p1a: Slither Wing|21\/100\n|-unboost|p2a: Goodra|spa|2\n|\n|upkeep\n|turn|15\n|\n|t:|1701120874\n|move|p1a: Slither Wing|Bulk Up|p1a: Slither Wing\n|-boost|p1a: Slither Wing|atk|1\n|-boost|p1a: Slither Wing|def|1\n|move|p2a: Goodra|Flamethrower|p1a: Slither Wing\n|-supereffective|p1a: Slither Wing\n|-damage|p1a: Slither Wing|7\/100\n|\n|-sideend|p1: Akihiro Nira|Safeguard\n|upkeep\n|turn|16\n|\n|t:|1701120883\n|move|p1a: Slither Wing|Leech Life|p2a: Goodra\n|-damage|p2a: Goodra|0 fnt\n|-heal|p1a: Slither Wing|59\/100|[from] drain|[of] p2a: Goodra\n|faint|p2a: Goodra\n|\n|upkeep\n|\n|t:|1701120891\n|switch|p2a: Jolteon|Jolteon, F|100\/100\n|turn|17\n|\n|t:|1701120895\n|move|p1a: Slither Wing|Leech Life|p2a: Jolteon\n|-damage|p2a: Jolteon|0 fnt\n|-heal|p1a: Slither Wing|95\/100|[from] drain|[of] p2a: Jolteon\n|faint|p2a: Jolteon\n|\n|-sideend|p1: Akihiro Nira|move: Aurora Veil\n|upkeep\n|\n|t:|1701120903\n|switch|p2a: Steelix|Steelix, M|100\/100\n|turn|18\n|-message|Ji-Day forfeited.\n|\n|win|Akihiro Nira\n|raw|Akihiro Nira's rating: 1361 &rarr; <strong>1384<\/strong><br \/>(+23 for winning)\n|raw|Ji-Day's rating: 1414 &rarr; <strong>1391<\/strong><br \/>(-23 for losing)\n|l|\u2606Ji-Day\n","uploadtime":1701120943,"views":1,"p1id":"akihironira","p2id":"jiday","formatid":"gen9nationaldex","rating":1384,"private":0,"password":""}