{"id":"gen9nationaldex-1987636893","p1":"dgosilva","p2":"wind233","format":"[Gen 9] National Dex","log":"|j|\u2606dgosilva\n|j|\u2606wind233\n|t:|1699622498\n|gametype|singles\n|player|p1|dgosilva|ash|1371\n|player|p2|wind233|skierf|1491\n|teamsize|p1|6\n|teamsize|p2|6\n|gen|9\n|tier|[Gen 9] National Dex\n|rated|\n|rule|HP Percentage Mod: HP is shown in percentages\n|rule|Endless Battle Clause: Forcing endless battles is banned\n|rule|OHKO Clause: OHKO moves are banned\n|rule|Evasion Clause: Evasion abilities, items, and moves are banned\n|rule|Evasion Abilities Clause: Evasion abilities are banned\n|rule|Evasion Items Clause: Evasion items are banned\n|rule|Evasion Moves Clause: Evasion moves are banned\n|rule|Species Clause: Limit one of each Pok\u00e9mon\n|rule|Sleep Clause Mod: Limit one foe put to sleep\n|clearpoke\n|poke|p1|Venusaur, F|\n|poke|p1|Umbreon, M|\n|poke|p1|Arcanine-Hisui, M|\n|poke|p1|Kingdra, M|\n|poke|p1|Ninetales-Alola, M|\n|poke|p1|Weezing-Galar, F|\n|poke|p2|Zamazenta-*|\n|poke|p2|Scizor, M|\n|poke|p2|Garchomp, M|\n|poke|p2|Hatterene, F|\n|poke|p2|Greninja-*, M|\n|poke|p2|Rotom-Wash|\n|teampreview\n|inactive|Battle timer is ON: inactive players will automatically lose when time's up. (requested by wind233)\n|\n|t:|1699622507\n|start\n|switch|p1a: Bulba Fett|Venusaur, F|100\/100\n|switch|p2a: \u8fd9\u662f\u6211\u4eec\u4e4b\u95f4\u7684\u7f81\u7eca|Rotom-Wash|100\/100\n|turn|1\n|\n|t:|1699622513\n|detailschange|p1a: Bulba Fett|Venusaur-Mega, F\n|-mega|p1a: Bulba Fett|Venusaur|Venusaurite\n|move|p1a: Bulba Fett|Giga Drain|p2a: \u8fd9\u662f\u6211\u4eec\u4e4b\u95f4\u7684\u7f81\u7eca\n|-supereffective|p2a: \u8fd9\u662f\u6211\u4eec\u4e4b\u95f4\u7684\u7f81\u7eca\n|-damage|p2a: \u8fd9\u662f\u6211\u4eec\u4e4b\u95f4\u7684\u7f81\u7eca|11\/100\n|move|p2a: \u8fd9\u662f\u6211\u4eec\u4e4b\u95f4\u7684\u7f81\u7eca|Volt Switch|p1a: Bulba Fett\n|-resisted|p1a: Bulba Fett\n|-damage|p1a: Bulba Fett|79\/100\n|\n|t:|1699622527\n|switch|p2a: \u5251\u821e\u4e5f\u662f\u821e|Garchomp, M|100\/100|[from] Volt Switch\n|\n|upkeep\n|turn|2\n|\n|t:|1699622534\n|switch|p1a: Sir Farts'alot|Weezing-Galar, F|100\/100\n|move|p2a: \u5251\u821e\u4e5f\u662f\u821e|Swords Dance|p2a: \u5251\u821e\u4e5f\u662f\u821e\n|-boost|p2a: \u5251\u821e\u4e5f\u662f\u821e|atk|2\n|\n|upkeep\n|turn|3\n|\n|t:|1699622541\n|move|p2a: \u5251\u821e\u4e5f\u662f\u821e|Stealth Rock|p1a: Sir Farts'alot\n|-sidestart|p1: dgosilva|move: Stealth Rock\n|move|p1a: Sir Farts'alot|Will-O-Wisp|p2a: \u5251\u821e\u4e5f\u662f\u821e\n|-status|p2a: \u5251\u821e\u4e5f\u662f\u821e|brn\n|\n|-damage|p2a: \u5251\u821e\u4e5f\u662f\u821e|94\/100 brn|[from] brn\n|upkeep\n|turn|4\n|\n|t:|1699622548\n|switch|p2a: \u6709\u4eba\u9700\u8981\u9489\u5b50\u5417|Hatterene, F|100\/100\n|move|p1a: Sir Farts'alot|Defog|p2a: \u6709\u4eba\u9700\u8981\u9489\u5b50\u5417\n|move|p2a: \u6709\u4eba\u9700\u8981\u9489\u5b50\u5417|Defog|p1a: Sir Farts'alot|[from]ability: Magic Bounce\n|-unboost|p1a: Sir Farts'alot|evasion|1\n|-sideend|p1: dgosilva|Stealth Rock|[from] move: Defog|[of] p2a: \u6709\u4eba\u9700\u8981\u9489\u5b50\u5417\n|\n|upkeep\n|turn|5\n|\n|t:|1699622558\n|switch|p1a: My old friend|Umbreon, M|100\/100\n|move|p2a: \u6709\u4eba\u9700\u8981\u9489\u5b50\u5417|Calm Mind|p2a: \u6709\u4eba\u9700\u8981\u9489\u5b50\u5417\n|-boost|p2a: \u6709\u4eba\u9700\u8981\u9489\u5b50\u5417|spa|1\n|-boost|p2a: \u6709\u4eba\u9700\u8981\u9489\u5b50\u5417|spd|1\n|\n|upkeep\n|turn|6\n|\n|t:|1699622564\n|move|p1a: My old friend|Toxic|p2a: \u6709\u4eba\u9700\u8981\u9489\u5b50\u5417\n|move|p2a: \u6709\u4eba\u9700\u8981\u9489\u5b50\u5417|Toxic|p1a: My old friend|[from]ability: Magic Bounce\n|-status|p1a: My old friend|tox\n|-activate|p1a: My old friend|ability: Synchronize\n|-status|p2a: \u6709\u4eba\u9700\u8981\u9489\u5b50\u5417|tox\n|move|p2a: \u6709\u4eba\u9700\u8981\u9489\u5b50\u5417|Draining Kiss|p1a: My old friend\n|-supereffective|p1a: My old friend\n|-damage|p1a: My old friend|56\/100 tox\n|\n|-heal|p1a: My old friend|62\/100 tox|[from] item: Leftovers\n|-damage|p1a: My old friend|56\/100 tox|[from] psn\n|-damage|p2a: \u6709\u4eba\u9700\u8981\u9489\u5b50\u5417|95\/100 tox|[from] psn\n|upkeep\n|turn|7\n|\n|t:|1699622577\n|switch|p1a: Bulba Fett|Venusaur-Mega, F|79\/100\n|move|p2a: \u6709\u4eba\u9700\u8981\u9489\u5b50\u5417|Calm Mind|p2a: \u6709\u4eba\u9700\u8981\u9489\u5b50\u5417\n|-boost|p2a: \u6709\u4eba\u9700\u8981\u9489\u5b50\u5417|spa|1\n|-boost|p2a: \u6709\u4eba\u9700\u8981\u9489\u5b50\u5417|spd|1\n|\n|-heal|p2a: \u6709\u4eba\u9700\u8981\u9489\u5b50\u5417|100\/100 tox|[from] item: Leftovers\n|-damage|p2a: \u6709\u4eba\u9700\u8981\u9489\u5b50\u5417|89\/100 tox|[from] psn\n|upkeep\n|turn|8\n|\n|t:|1699622586\n|move|p1a: Bulba Fett|Sludge Bomb|p2a: \u6709\u4eba\u9700\u8981\u9489\u5b50\u5417\n|-supereffective|p2a: \u6709\u4eba\u9700\u8981\u9489\u5b50\u5417\n|-crit|p2a: \u6709\u4eba\u9700\u8981\u9489\u5b50\u5417\n|-damage|p2a: \u6709\u4eba\u9700\u8981\u9489\u5b50\u5417|0 fnt\n|faint|p2a: \u6709\u4eba\u9700\u8981\u9489\u5b50\u5417\n|\n|upkeep\n|-message|wind233 forfeited.\n|\n|win|dgosilva\n|raw|dgosilva's rating: 1371 &rarr; <strong>1398<\/strong><br \/>(+27 for winning)\n|raw|wind233's rating: 1491 &rarr; <strong>1464<\/strong><br \/>(-27 for losing)\n|l|\u2606dgosilva\n","uploadtime":1699622596,"views":4,"p1id":"dgosilva","p2id":"wind233","formatid":"gen9nationaldex","rating":1398,"private":0,"password":""}