{"id":"gen9nationaldex-1989730590","p1":"Markerfourlife","p2":"HolyChomper","format":"[Gen 9] National Dex","log":"|j|\u2606Markerfourlife\n|j|\u2606HolyChomper\n|t:|1699890848\n|gametype|singles\n|player|p1|Markerfourlife|266|1247\n|player|p2|HolyChomper|crasherwake|1220\n|teamsize|p1|6\n|teamsize|p2|6\n|gen|9\n|tier|[Gen 9] National Dex\n|rated|\n|rule|HP Percentage Mod: HP is shown in percentages\n|rule|Endless Battle Clause: Forcing endless battles is banned\n|rule|OHKO Clause: OHKO moves are banned\n|rule|Evasion Clause: Evasion abilities, items, and moves are banned\n|rule|Evasion Abilities Clause: Evasion abilities are banned\n|rule|Evasion Items Clause: Evasion items are banned\n|rule|Evasion Moves Clause: Evasion moves are banned\n|rule|Species Clause: Limit one of each Pok\u00e9mon\n|rule|Sleep Clause Mod: Limit one foe put to sleep\n|clearpoke\n|poke|p1|Sneasler, F|\n|poke|p1|Ferrothorn, F|\n|poke|p1|Volcarona, F|\n|poke|p1|Landorus-Therian, M|\n|poke|p1|Lopunny, F|\n|poke|p1|Greninja-*, M|\n|poke|p2|Pelipper, M|\n|poke|p2|Swampert, M|\n|poke|p2|Rillaboom, M|\n|poke|p2|Scizor, M|\n|poke|p2|Kilowattrel, F|\n|poke|p2|Goodra, F|\n|teampreview\n|c|\u2606HolyChomper|Glhf\n|\n|t:|1699890863\n|start\n|switch|p1a: Ferrothorn|Ferrothorn, F|100\/100\n|switch|p2a: Goodra|Goodra, F|100\/100\n|turn|1\n|\n|t:|1699890870\n|move|p2a: Goodra|Flamethrower|p1a: Ferrothorn\n|-supereffective|p1a: Ferrothorn\n|-enditem|p1a: Ferrothorn|Occa Berry|[eat]\n|-enditem|p1a: Ferrothorn|Occa Berry|[weaken]\n|-damage|p1a: Ferrothorn|25\/100\n|move|p1a: Ferrothorn|Stealth Rock|p2a: Goodra\n|-sidestart|p2: HolyChomper|move: Stealth Rock\n|\n|upkeep\n|turn|2\n|\n|t:|1699890877\n|move|p2a: Goodra|Flamethrower|p1a: Ferrothorn\n|-supereffective|p1a: Ferrothorn\n|-damage|p1a: Ferrothorn|0 fnt\n|faint|p1a: Ferrothorn\n|\n|upkeep\n|\n|t:|1699890882\n|switch|p1a: Lopunny|Lopunny, F|100\/100\n|turn|3\n|\n|t:|1699890891\n|switch|p2a: Pelipper|Pelipper, M|100\/100\n|-damage|p2a: Pelipper|76\/100|[from] Stealth Rock\n|-weather|RainDance|[from] ability: Drizzle|[of] p2a: Pelipper\n|detailschange|p1a: Lopunny|Lopunny-Mega, F\n|-mega|p1a: Lopunny|Lopunny|Lopunnite\n|move|p1a: Lopunny|Fake Out|p2a: Pelipper\n|-damage|p2a: Pelipper|59\/100\n|\n|-weather|RainDance|[upkeep]\n|upkeep\n|turn|4\n|\n|t:|1699890903\n|switch|p2a: Scizor|Scizor, M|100\/100\n|-damage|p2a: Scizor|88\/100|[from] Stealth Rock\n|move|p1a: Lopunny|Triple Axel|p2a: Scizor\n|-resisted|p2a: Scizor\n|-damage|p2a: Scizor|85\/100\n|-resisted|p2a: Scizor\n|-damage|p2a: Scizor|78\/100\n|-resisted|p2a: Scizor\n|-damage|p2a: Scizor|68\/100\n|-hitcount|p2a: Scizor|3\n|\n|-weather|RainDance|[upkeep]\n|-heal|p2a: Scizor|74\/100|[from] item: Leftovers\n|upkeep\n|turn|5\n|\n|t:|1699890917\n|move|p1a: Lopunny|Drain Punch|p2a: Scizor\n|-damage|p2a: Scizor|30\/100\n|move|p2a: Scizor|Close Combat|p1a: Lopunny\n|-supereffective|p1a: Lopunny\n|-damage|p1a: Lopunny|0 fnt\n|-unboost|p2a: Scizor|def|1\n|-unboost|p2a: Scizor|spd|1\n|faint|p1a: Lopunny\n|\n|-weather|RainDance|[upkeep]\n|-heal|p2a: Scizor|36\/100|[from] item: Leftovers\n|upkeep\n|\n|t:|1699890932\n|switch|p1a: Landorus|Landorus-Therian, M|100\/100\n|-ability|p1a: Landorus|Intimidate|boost\n|-unboost|p2a: Scizor|atk|1\n|turn|6\n|\n|t:|1699890941\n|switch|p2a: Swampert|Swampert, M|100\/100\n|-damage|p2a: Swampert|94\/100|[from] Stealth Rock\n|move|p1a: Landorus|Smack Down|p2a: Swampert\n|-resisted|p2a: Swampert\n|-damage|p2a: Swampert|83\/100\n|\n|-weather|RainDance|[upkeep]\n|upkeep\n|turn|7\n|\n|t:|1699890952\n|detailschange|p2a: Swampert|Swampert-Mega, M\n|-mega|p2a: Swampert|Swampert|Swampertite\n|move|p2a: Swampert|Flip Turn|p1a: Landorus\n|-supereffective|p1a: Landorus\n|-damage|p1a: Landorus|0 fnt\n|faint|p1a: Landorus\n|\n|t:|1699890962\n|switch|p2a: Rillaboom|Rillaboom, M|100\/100|[from] Flip Turn\n|-damage|p2a: Rillaboom|88\/100|[from] Stealth Rock\n|-fieldstart|move: Grassy Terrain|[from] ability: Grassy Surge|[of] p2a: Rillaboom\n|\n|-weather|RainDance|[upkeep]\n|-heal|p2a: Rillaboom|94\/100|[from] Grassy Terrain\n|upkeep\n|\n|t:|1699890996\n|switch|p1a: Greninja|Greninja, M|100\/100\n|turn|8\n|\n|t:|1699891000\n|move|p2a: Rillaboom|Grassy Glide|p1a: Greninja\n|-supereffective|p1a: Greninja\n|-damage|p1a: Greninja|0 fnt\n|faint|p1a: Greninja\n|\n|-weather|RainDance|[upkeep]\n|-heal|p2a: Rillaboom|100\/100|[from] Grassy Terrain\n|upkeep\n|\n|t:|1699891003\n|switch|p1a: Sneasler|Sneasler, F|100\/100\n|turn|9\n|\n|t:|1699891012\n|move|p1a: Sneasler|Fake Out|p2a: Rillaboom\n|-enditem|p1a: Sneasler|Normal Gem|[from] gem\n|-damage|p2a: Rillaboom|79\/100\n|cant|p2a: Rillaboom|flinch\n|\n|-weather|RainDance|[upkeep]\n|-heal|p2a: Rillaboom|86\/100|[from] Grassy Terrain\n|upkeep\n|turn|10\n|\n|t:|1699891024\n|move|p1a: Sneasler|Acrobatics|p2a: Rillaboom\n|-supereffective|p2a: Rillaboom\n|-damage|p2a: Rillaboom|0 fnt\n|faint|p2a: Rillaboom\n|\n|-weather|none\n|upkeep\n|\n|t:|1699891031\n|switch|p2a: Pelipper|Pelipper, M|59\/100\n|-damage|p2a: Pelipper|34\/100|[from] Stealth Rock\n|-weather|RainDance|[from] ability: Drizzle|[of] p2a: Pelipper\n|turn|11\n|\n|t:|1699891046\n|move|p1a: Sneasler|Acrobatics|p2a: Pelipper\n|-damage|p2a: Pelipper|1\/100\n|move|p2a: Pelipper|Hurricane|p1a: Sneasler\n|-supereffective|p1a: Sneasler\n|-damage|p1a: Sneasler|0 fnt\n|faint|p1a: Sneasler\n|\n|-weather|RainDance|[upkeep]\n|upkeep\n|c|\u2606HolyChomper|YEEEEE\n|\n|t:|1699891055\n|switch|p1a: Volcarona|Volcarona, F|100\/100\n|turn|12\n|\n|t:|1699891060\n|move|p1a: Volcarona|Giga Drain|p2a: Pelipper\n|-damage|p2a: Pelipper|0 fnt\n|faint|p2a: Pelipper\n|\n|-weather|RainDance|[upkeep]\n|upkeep\n|\n|t:|1699891066\n|switch|p2a: Swampert|Swampert-Mega, M|83\/100\n|-damage|p2a: Swampert|77\/100|[from] Stealth Rock\n|turn|13\n|\n|t:|1699891070\n|move|p2a: Swampert|Liquidation|p1a: Volcarona\n|-supereffective|p1a: Volcarona\n|-damage|p1a: Volcarona|0 fnt\n|faint|p1a: Volcarona\n|\n|win|HolyChomper\n|raw|Markerfourlife's rating: 1247 &rarr; <strong>1220<\/strong><br \/>(-27 for losing)\n|raw|HolyChomper's rating: 1220 &rarr; <strong>1247<\/strong><br \/>(+27 for winning)\n|l|\u2606Markerfourlife\n|c|\u2606HolyChomper|Gg\n|l|\u2606HolyChomper\n|j|\u2606HolyChomper\n|player|p2|HolyChomper|crasherwake\n","uploadtime":1699891106,"views":14,"p1id":"markerfourlife","p2id":"holychomper","formatid":"gen9nationaldex","rating":1220,"private":0,"password":""}