{"id":"gen9nationaldex-1991175853","p1":"JL_recruta","p2":"runeatest","format":"[Gen 9] National Dex","log":"|j|\u2606JL_recruta\n|j|\u2606runeatest\n|t:|1700053695\n|gametype|singles\n|player|p1|JL_recruta|nate|1318\n|player|p2|runeatest|fisherman-gen4|1219\n|teamsize|p1|6\n|teamsize|p2|6\n|gen|9\n|tier|[Gen 9] National Dex\n|rated|\n|rule|HP Percentage Mod: HP is shown in percentages\n|rule|Endless Battle Clause: Forcing endless battles is banned\n|rule|OHKO Clause: OHKO moves are banned\n|rule|Evasion Clause: Evasion abilities, items, and moves are banned\n|rule|Evasion Abilities Clause: Evasion abilities are banned\n|rule|Evasion Items Clause: Evasion items are banned\n|rule|Evasion Moves Clause: Evasion moves are banned\n|rule|Species Clause: Limit one of each Pok\u00e9mon\n|rule|Sleep Clause Mod: Limit one foe put to sleep\n|clearpoke\n|poke|p1|Whimsicott, M|\n|poke|p1|Noivern, F|\n|poke|p1|Dondozo, M|\n|poke|p1|Clodsire, F|\n|poke|p1|Scizor, F|\n|poke|p1|Zapdos|\n|poke|p2|Vaporeon, M|\n|poke|p2|Salamence, M|\n|poke|p2|Hitmontop, M|\n|poke|p2|Electivire, M|\n|poke|p2|Togekiss, M|\n|poke|p2|Houndoom, M|\n|teampreview\n|inactive|Battle timer is ON: inactive players will automatically lose when time's up. (requested by runeatest)\n|\n|t:|1700053706\n|start\n|switch|p1a: Noivern|Noivern, F|100\/100\n|switch|p2a: Salamence|Salamence, M|100\/100\n|-ability|p2a: Salamence|Intimidate|boost\n|-unboost|p1a: Noivern|atk|1\n|turn|1\n|\n|t:|1700053715\n|switch|p2a: Togekiss|Togekiss, M, shiny|100\/100\n|move|p1a: Noivern|Draco Meteor|p2a: Togekiss\n|-immune|p2a: Togekiss\n|\n|upkeep\n|turn|2\n|\n|t:|1700053721\n|switch|p1a: Scizor|Scizor, F|100\/100\n|move|p2a: Togekiss|Thunder Wave|p1a: Scizor\n|-status|p1a: Scizor|par\n|\n|upkeep\n|turn|3\n|\n|t:|1700053727\n|switch|p2a: Salamence|Salamence, M|100\/100\n|-ability|p2a: Salamence|Intimidate|boost\n|-unboost|p1a: Scizor|atk|1\n|detailschange|p1a: Scizor|Scizor-Mega, F\n|-mega|p1a: Scizor|Scizor|Scizorite\n|move|p1a: Scizor|Swords Dance|p1a: Scizor\n|-boost|p1a: Scizor|atk|2\n|\n|upkeep\n|turn|4\n|\n|t:|1700053735\n|move|p2a: Salamence|Flamethrower|p1a: Scizor\n|-supereffective|p1a: Scizor\n|-damage|p1a: Scizor|0 fnt\n|faint|p1a: Scizor\n|\n|upkeep\n|\n|t:|1700053739\n|switch|p1a: Noivern|Noivern, F|100\/100\n|turn|5\n|\n|t:|1700053744\n|switch|p2a: Togekiss|Togekiss, M, shiny|100\/100\n|-terastallize|p1a: Noivern|Normal\n|move|p1a: Noivern|Boomburst|p2a: Togekiss\n|-damage|p2a: Togekiss|15\/100\n|\n|upkeep\n|turn|6\n|\n|t:|1700053751\n|move|p1a: Noivern|Boomburst|p2a: Togekiss\n|-crit|p2a: Togekiss\n|-damage|p2a: Togekiss|0 fnt\n|faint|p2a: Togekiss\n|\n|upkeep\n|\n|t:|1700053755\n|switch|p2a: Hitmontop|Hitmontop, M|100\/100\n|turn|7\n|\n|t:|1700053759\n|move|p2a: Hitmontop|Fake Out|p1a: Noivern\n|-damage|p1a: Noivern|74\/100\n|cant|p1a: Noivern|flinch\n|\n|upkeep\n|turn|8\n|\n|t:|1700053763\n|move|p1a: Noivern|Boomburst|p2a: Hitmontop\n|-enditem|p2a: Hitmontop|Focus Sash\n|-damage|p2a: Hitmontop|1\/100\n|move|p2a: Hitmontop|High Jump Kick|p1a: Noivern\n|-supereffective|p1a: Noivern\n|-damage|p1a: Noivern|0 fnt\n|faint|p1a: Noivern\n|\n|upkeep\n|\n|t:|1700053773\n|switch|p1a: Zapdos|Zapdos|100\/100\n|turn|9\n|\n|t:|1700053777\n|switch|p2a: Electivire|Electivire, M, shiny|100\/100\n|-item|p2a: Electivire|Air Balloon\n|move|p1a: Zapdos|Volt Switch|p2a: Electivire\n|-ability|p2a: Electivire|Motor Drive|boost\n|-boost|p2a: Electivire|spe|1\n|\n|upkeep\n|turn|10\n|\n|t:|1700053784\n|switch|p1a: Whimsicott|Whimsicott, M|100\/100\n|move|p2a: Electivire|Ice Punch|p1a: Whimsicott\n|-supereffective|p1a: Whimsicott\n|-damage|p1a: Whimsicott|18\/100\n|-status|p1a: Whimsicott|frz\n|\n|upkeep\n|turn|11\n|-message|JL_recruta forfeited.\n|\n|win|runeatest\n|raw|JL_recruta's rating: 1318 &rarr; <strong>1292<\/strong><br \/>(-26 for losing)\n|raw|runeatest's rating: 1219 &rarr; <strong>1251<\/strong><br \/>(+32 for winning)\n|l|\u2606JL_recruta\n","uploadtime":1700053794,"views":6,"p1id":"jlrecruta","p2id":"runeatest","formatid":"gen9nationaldex","rating":1251,"private":0,"password":""}