{"id":"gen9nationaldex-1989248270","p1":"Frmojifrmoji","p2":"Nanashi_1020","format":"[Gen 9] National Dex","log":"|j|\u2606Frmojifrmoji\n|j|\u2606Nanashi_1020\n|t:|1699827805\n|gametype|singles\n|player|p1|Frmojifrmoji|dawn-gen4pt|\n|player|p2|Nanashi_1020|caitlin|\n|teamsize|p1|6\n|teamsize|p2|6\n|gen|9\n|tier|[Gen 9] National Dex\n|rule|HP Percentage Mod: HP is shown in percentages\n|rule|Endless Battle Clause: Forcing endless battles is banned\n|rule|OHKO Clause: OHKO moves are banned\n|rule|Evasion Clause: Evasion abilities, items, and moves are banned\n|rule|Evasion Abilities Clause: Evasion abilities are banned\n|rule|Evasion Items Clause: Evasion items are banned\n|rule|Evasion Moves Clause: Evasion moves are banned\n|rule|Species Clause: Limit one of each Pok\u00e9mon\n|rule|Sleep Clause Mod: Limit one foe put to sleep\n|clearpoke\n|poke|p1|Diggersby, M|\n|poke|p1|Dunsparce, M|\n|poke|p1|Huntail, M|\n|poke|p1|Volbeat, M|\n|poke|p1|Pyukumuku, F|\n|poke|p1|Seismitoad, M|\n|poke|p2|Tropius, M|\n|poke|p2|Pelipper, M|\n|poke|p2|Mantine, M|\n|poke|p2|Krookodile, M|\n|poke|p2|Blacephalon|\n|poke|p2|Salazzle, F|\n|teampreview\n|c|\u2606Frmojifrmoji|wey comparado conmigo eso es algo\n|c|\u2606Frmojifrmoji|yo doy lastima\n|c|\u2606Nanashi_1020|no subestimes a volbea\n|c|\u2606Nanashi_1020|en fin gl\n|c|\u2606Frmojifrmoji|no lo subestimo\n|c|\u2606Frmojifrmoji|gl\n|\n|t:|1699827861\n|start\n|switch|p1a: Pyukumuku|Pyukumuku, F|100\/100\n|switch|p2a: Tropius|Tropius, M|100\/100\n|turn|1\n|c|\u2606Frmojifrmoji|esa cosa ya me baja todo el team\n|\n|t:|1699827891\n|move|p2a: Tropius|Leech Seed|p1a: Pyukumuku\n|-start|p1a: Pyukumuku|move: Leech Seed\n|move|p1a: Pyukumuku|Toxic|p2a: Tropius\n|-status|p2a: Tropius|tox\n|\n|-damage|p1a: Pyukumuku|88\/100|[from] Leech Seed|[of] p2a: Tropius\n|-damage|p2a: Tropius|94\/100 tox|[from] psn\n|upkeep\n|turn|2\n|j| RubenPaCe\n|c|\u2606Nanashi_1020|si tan solo tuviera algo planta\n|\n|t:|1699827914\n|switch|p2a: Pelipper|Pelipper, M|100\/100\n|-weather|RainDance|[from] ability: Drizzle|[of] p2a: Pelipper\n|switch|p1a: Dunsparce|Dunsparce, M|100\/100\n|\n|-weather|RainDance|[upkeep]\n|upkeep\n|turn|3\n|c|\u2606Frmojifrmoji|XDD enserio?\n|\n|t:|1699827926\n|move|p2a: Pelipper|Knock Off|p1a: Dunsparce\n|-damage|p1a: Dunsparce|94\/100\n|-enditem|p1a: Dunsparce|Eviolite|[from] move: Knock Off|[of] p2a: Pelipper\n|move|p1a: Dunsparce|Calm Mind|p1a: Dunsparce\n|-boost|p1a: Dunsparce|spa|1\n|-boost|p1a: Dunsparce|spd|1\n|\n|-weather|RainDance|[upkeep]\n|upkeep\n|turn|4\n|c|\u2606Nanashi_1020|lo uso mas de utilidad que ofensivo\n|c| RubenPaCe|que chucha\n|c| RubenPaCe|que es lo que estoy viendo\n|\n|t:|1699827943\n|move|p2a: Pelipper|U-turn|p1a: Dunsparce\n|-damage|p1a: Dunsparce|87\/100\n|c|\u2606Frmojifrmoji|mi team es mas o menos defensivo\n|\n|t:|1699827948\n|switch|p2a: Krookodile|Krookodile, M|100\/100|[from] U-turn\n|move|p1a: Dunsparce|Calm Mind|p1a: Dunsparce\n|-boost|p1a: Dunsparce|spa|1\n|-boost|p1a: Dunsparce|spd|1\n|\n|-weather|RainDance|[upkeep]\n|upkeep\n|turn|5\n|\n|t:|1699827958\n|-terastallize|p1a: Dunsparce|Flying\n|move|p2a: Krookodile|Close Combat|p1a: Dunsparce\n|-resisted|p1a: Dunsparce\n|-damage|p1a: Dunsparce|72\/100\n|-unboost|p2a: Krookodile|def|1\n|-unboost|p2a: Krookodile|spd|1\n|move|p1a: Dunsparce|Ice Beam|p2a: Krookodile\n|-supereffective|p2a: Krookodile\n|-crit|p2a: Krookodile\n|-damage|p2a: Krookodile|0 fnt\n|faint|p2a: Krookodile\n|\n|-weather|RainDance|[upkeep]\n|upkeep\n|c|\u2606Frmojifrmoji|bay\n|c|\u2606Frmojifrmoji|XD\n|c| RubenPaCe|wtf\n|c| RubenPaCe|estos teams son por algo en concreto?\n|c|\u2606Nanashi_1020|nimodo\n|\n|t:|1699827982\n|switch|p2a: Salazzle|Salazzle, F|100\/100\n|turn|6\n|c| RubenPaCe|porque son returbios\n|c|\u2606Frmojifrmoji|son teams randoms\n|c| RubenPaCe|ah\n|\n|t:|1699827995\n|move|p2a: Salazzle|Toxic|p1a: Dunsparce\n|-status|p1a: Dunsparce|tox\n|move|p1a: Dunsparce|Earth Power|p2a: Salazzle\n|-supereffective|p2a: Salazzle\n|-damage|p2a: Salazzle|0 fnt\n|faint|p2a: Salazzle\n|\n|-weather|none\n|-damage|p1a: Dunsparce|66\/100 tox|[from] psn\n|upkeep\n|c|\u2606Frmojifrmoji|bay\n|c|\u2606Frmojifrmoji|XD\n|c|\u2606Frmojifrmoji|dos fuera\n|\n|t:|1699828005\n|switch|p2a: Tropius|Tropius, M|94\/100 tox\n|turn|7\n|j| HarderBetterSlower\n|c|\u2606Nanashi_1020|fue pe\n|\n|t:|1699828014\n|move|p2a: Tropius|Substitute|p2a: Tropius\n|-start|p2a: Tropius|Substitute\n|-damage|p2a: Tropius|69\/100 tox\n|move|p1a: Dunsparce|Ice Beam|p2a: Tropius\n|-supereffective|p2a: Tropius\n|-end|p2a: Tropius|Substitute\n|\n|-damage|p2a: Tropius|63\/100 tox|[from] psn\n|-damage|p1a: Dunsparce|53\/100 tox|[from] psn\n|upkeep\n|turn|8\n|\n|t:|1699828023\n|move|p2a: Tropius|Protect|p2a: Tropius\n|-singleturn|p2a: Tropius|Protect\n|move|p1a: Dunsparce|Ice Beam|p2a: Tropius\n|-activate|p2a: Tropius|move: Protect\n|\n|-damage|p2a: Tropius|51\/100 tox|[from] psn\n|-damage|p1a: Dunsparce|35\/100 tox|[from] psn\n|upkeep\n|turn|9\n|c|\u2606Frmojifrmoji|a este es al que menos subestimo\n|\n|t:|1699828031\n|switch|p2a: Pelipper|Pelipper, M|100\/100\n|-weather|RainDance|[from] ability: Drizzle|[of] p2a: Pelipper\n|move|p1a: Dunsparce|Ice Beam|p2a: Pelipper\n|-damage|p2a: Pelipper|62\/100\n|\n|-weather|RainDance|[upkeep]\n|-damage|p1a: Dunsparce|10\/100 tox|[from] psn\n|upkeep\n|turn|10\n|\n|t:|1699828042\n|move|p2a: Pelipper|Roost|p2a: Pelipper\n|-heal|p2a: Pelipper|100\/100\n|-singleturn|p2a: Pelipper|move: Roost\n|move|p1a: Dunsparce|Roost|p1a: Dunsparce\n|-heal|p1a: Dunsparce|60\/100 tox\n|-hint|If a Flying Terastallized Pokemon uses Roost, it remains Flying-type.\n|\n|-weather|RainDance|[upkeep]\n|-damage|p1a: Dunsparce|29\/100 tox|[from] psn\n|upkeep\n|turn|11\n|\n|t:|1699828054\n|switch|p1a: Pyukumuku|Pyukumuku, F|88\/100\n|move|p2a: Pelipper|Hurricane|p1a: Pyukumuku\n|-damage|p1a: Pyukumuku|54\/100\n|-start|p1a: Pyukumuku|confusion\n|\n|-weather|RainDance|[upkeep]\n|-heal|p1a: Pyukumuku|60\/100|[from] item: Leftovers\n|upkeep\n|turn|12\n|\n|t:|1699828062\n|move|p2a: Pelipper|Knock Off|p1a: Pyukumuku\n|-damage|p1a: Pyukumuku|52\/100\n|-enditem|p1a: Pyukumuku|Leftovers|[from] move: Knock Off|[of] p2a: Pelipper\n|-activate|p1a: Pyukumuku|confusion\n|move|p1a: Pyukumuku|Toxic|p2a: Pelipper\n|-status|p2a: Pelipper|tox\n|\n|-weather|RainDance|[upkeep]\n|-damage|p2a: Pelipper|94\/100 tox|[from] psn\n|upkeep\n|turn|13\n|\n|t:|1699828071\n|move|p2a: Pelipper|U-turn|p1a: Pyukumuku\n|-damage|p1a: Pyukumuku|46\/100\n|\n|t:|1699828074\n|switch|p2a: Tropius|Tropius, M|51\/100 tox|[from] U-turn\n|-activate|p1a: Pyukumuku|confusion\n|-damage|p1a: Pyukumuku|43\/100|[from] confusion\n|\n|-weather|none\n|-damage|p2a: Tropius|44\/100 tox|[from] psn\n|upkeep\n|-enditem|p2a: Tropius|Sitrus Berry|[eat]\n|-heal|p2a: Tropius|69\/100 tox|[from] item: Sitrus Berry\n|turn|14\n|c|\u2606Frmojifrmoji|que suerte\n|\n|t:|1699828084\n|move|p2a: Tropius|Leech Seed|p1a: Pyukumuku\n|-start|p1a: Pyukumuku|move: Leech Seed\n|-end|p1a: Pyukumuku|confusion\n|move|p1a: Pyukumuku|Block|p2a: Tropius\n|-activate|p2a: Tropius|trapped\n|\n|-damage|p1a: Pyukumuku|30\/100|[from] Leech Seed|[of] p2a: Tropius\n|-heal|p2a: Tropius|79\/100 tox|[silent]\n|-damage|p2a: Tropius|67\/100 tox|[from] psn\n|-item|p2a: Tropius|Sitrus Berry|[from] ability: Harvest\n|upkeep\n|turn|15\n|c|\u2606Frmojifrmoji|ya no escapas\n|c| RubenPaCe|douuuu\n|c| RubenPaCe|tropius muertisimo\n|\n|t:|1699828098\n|switch|p1a: Huntail|Huntail, M|100\/100\n|move|p2a: Tropius|Leech Seed|p1a: Huntail\n|-start|p1a: Huntail|move: Leech Seed\n|\n|-damage|p1a: Huntail|88\/100|[from] Leech Seed|[of] p2a: Tropius\n|-heal|p2a: Tropius|74\/100 tox|[silent]\n|-damage|p2a: Tropius|56\/100 tox|[from] psn\n|upkeep\n|turn|16\n|c| HarderBetterSlower|que idolo usando block\n|c| RubenPaCe|no peo\n|c| HarderBetterSlower|pero\n|c|\u2606Nanashi_1020|nimodo\n|c| RubenPaCe|para que cambias animal\n|c| RubenPaCe|que ahora se puede ir\n|\n|t:|1699828112\n|switch|p2a: Mantine|Mantine, M|100\/100\n|move|p1a: Huntail|Ice Beam|p2a: Mantine\n|-damage|p2a: Mantine|84\/100\n|\n|-damage|p1a: Huntail|76\/100|[from] Leech Seed|[of] p2a: Mantine\n|-heal|p2a: Mantine|94\/100|[silent]\n|upkeep\n|turn|17\n|c|\u2606Frmojifrmoji|toca sacrificar\n|c| RubenPaCe|????\n|c|\u2606Nanashi_1020|* falla todo *\n|\n|t:|1699828148\n|switch|p1a: Pyukumuku|Pyukumuku, F|30\/100\n|move|p2a: Mantine|Hurricane|p1a: Pyukumuku|[miss]\n|-miss|p2a: Mantine|p1a: Pyukumuku\n|\n|upkeep\n|turn|18\n|c|\u2606Nanashi_1020|viste\n|\n|t:|1699828155\n|switch|p2a: Pelipper|Pelipper, M|94\/100 tox\n|-weather|RainDance|[from] ability: Drizzle|[of] p2a: Pelipper\n|move|p1a: Pyukumuku|Recover|p1a: Pyukumuku\n|-heal|p1a: Pyukumuku|80\/100\n|\n|-weather|RainDance|[upkeep]\n|-damage|p2a: Pelipper|88\/100 tox|[from] psn\n|upkeep\n|turn|19\n|c|\u2606Frmojifrmoji|XD\n|c| RubenPaCe|PERO LANZA OTRO\n|c|\u2606Frmojifrmoji|turno free\n|c| RubenPaCe|la puta madre\n|c|\u2606Frmojifrmoji|xdddd\n|\n|t:|1699828167\n|move|p2a: Pelipper|Hurricane|p1a: Pyukumuku\n|-damage|p1a: Pyukumuku|50\/100\n|move|p1a: Pyukumuku|Block|p2a: Pelipper\n|-activate|p2a: Pelipper|trapped\n|\n|-weather|RainDance|[upkeep]\n|-damage|p2a: Pelipper|76\/100 tox|[from] psn\n|upkeep\n|turn|20\n|c|\u2606Frmojifrmoji|valiste\n|\n|t:|1699828176\n|move|p2a: Pelipper|Hurricane|p1a: Pyukumuku\n|-damage|p1a: Pyukumuku|17\/100\n|move|p1a: Pyukumuku|Recover|p1a: Pyukumuku\n|-heal|p1a: Pyukumuku|67\/100\n|\n|-weather|RainDance|[upkeep]\n|-damage|p2a: Pelipper|57\/100 tox|[from] psn\n|upkeep\n|turn|21\n|\n|t:|1699828185\n|move|p2a: Pelipper|Hurricane|p1a: Pyukumuku\n|-damage|p1a: Pyukumuku|35\/100\n|-start|p1a: Pyukumuku|confusion\n|-activate|p1a: Pyukumuku|confusion\n|move|p1a: Pyukumuku|Recover|p1a: Pyukumuku\n|-heal|p1a: Pyukumuku|85\/100\n|\n|-weather|RainDance|[upkeep]\n|-damage|p2a: Pelipper|32\/100 tox|[from] psn\n|upkeep\n|turn|22\n|c|\u2606Nanashi_1020|adios lluvia\n|c| RubenPaCe|cambia al payasin y haz sustituto\n|\n|t:|1699828196\n|move|p2a: Pelipper|U-turn|p1a: Pyukumuku\n|-damage|p1a: Pyukumuku|79\/100\n|c| RubenPaCe|y gana\n|\n|t:|1699828201\n|switch|p2a: Tropius|Tropius, M|56\/100 tox|[from] U-turn\n|-activate|p1a: Pyukumuku|confusion\n|move|p1a: Pyukumuku|Recover|p1a: Pyukumuku\n|-heal|p1a: Pyukumuku|100\/100\n|\n|-weather|none\n|-damage|p2a: Tropius|49\/100 tox|[from] psn\n|upkeep\n|-enditem|p2a: Tropius|Sitrus Berry|[eat]\n|-heal|p2a: Tropius|74\/100 tox|[from] item: Sitrus Berry\n|turn|23\n|c|\u2606Frmojifrmoji|no ayudes men\n|c|\u2606Frmojifrmoji|odio harvest\n|c| HarderBetterSlower|volbeat carrea esta partida, tranquilo\n|\n|t:|1699828228\n|switch|p2a: Pelipper|Pelipper, M|32\/100 tox\n|-weather|RainDance|[from] ability: Drizzle|[of] p2a: Pelipper\n|-activate|p1a: Pyukumuku|confusion\n|move|p1a: Pyukumuku|Block|p2a: Pelipper\n|-activate|p2a: Pelipper|trapped\n|\n|-weather|RainDance|[upkeep]\n|-damage|p2a: Pelipper|26\/100 tox|[from] psn\n|upkeep\n|turn|24\n|c| HarderBetterSlower|confia\n|c|\u2606Frmojifrmoji|:V\n|c| RubenPaCe|no mames tu tambien puedes ganar instantaneamente\n|c|\u2606Nanashi_1020|volbeat god\n|\n|t:|1699828240\n|move|p2a: Pelipper|Roost|p2a: Pelipper\n|-heal|p2a: Pelipper|76\/100 tox\n|-singleturn|p2a: Pelipper|move: Roost\n|-end|p1a: Pyukumuku|confusion\n|move|p1a: Pyukumuku|Spite|p2a: Pelipper\n|-activate|p2a: Pelipper|move: Spite|Roost|4\n|\n|-weather|RainDance|[upkeep]\n|-damage|p2a: Pelipper|64\/100 tox|[from] psn\n|upkeep\n|turn|25\n|c| RubenPaCe|solo golpea lo que tienes en frente\n|\n|t:|1699828251\n|move|p2a: Pelipper|U-turn|p1a: Pyukumuku\n|-damage|p1a: Pyukumuku|95\/100\n|\n|t:|1699828254\n|switch|p2a: Tropius|Tropius, M|74\/100 tox|[from] U-turn\n|move|p1a: Pyukumuku|Spite||[still]\n|-fail|p1a: Pyukumuku\n|\n|-weather|RainDance|[upkeep]\n|-damage|p2a: Tropius|68\/100 tox|[from] psn\n|-item|p2a: Tropius|Sitrus Berry|[from] ability: Harvest\n|upkeep\n|turn|26\n|\n|t:|1699828263\n|move|p2a: Tropius|Leech Seed|p1a: Pyukumuku|[miss]\n|-miss|p2a: Tropius|p1a: Pyukumuku\n|move|p1a: Pyukumuku|Block|p2a: Tropius\n|-activate|p2a: Tropius|trapped\n|\n|-weather|RainDance|[upkeep]\n|-damage|p2a: Tropius|56\/100 tox|[from] psn\n|upkeep\n|turn|27\n|c|\u2606Frmojifrmoji|we ese tropius es molesto de webos\n|c| HarderBetterSlower|ya\n|\n|t:|1699828272\n|move|p2a: Tropius|Leech Seed|p1a: Pyukumuku\n|-start|p1a: Pyukumuku|move: Leech Seed\n|move|p1a: Pyukumuku|Spite|p2a: Tropius\n|-activate|p2a: Tropius|move: Spite|Leech Seed|4\n|\n|-weather|none\n|-damage|p1a: Pyukumuku|83\/100|[from] Leech Seed|[of] p2a: Tropius\n|-heal|p2a: Tropius|65\/100 tox|[silent]\n|-damage|p2a: Tropius|47\/100 tox|[from] psn\n|upkeep\n|-enditem|p2a: Tropius|Sitrus Berry|[eat]\n|-heal|p2a: Tropius|72\/100 tox|[from] item: Sitrus Berry\n|turn|28\n|c|\u2606Nanashi_1020|como fallas wei\n|\n|t:|1699828283\n|move|p2a: Tropius|Air Slash|p1a: Pyukumuku\n|-damage|p1a: Pyukumuku|64\/100\n|move|p1a: Pyukumuku|Spite|p2a: Tropius\n|-activate|p2a: Tropius|move: Spite|Air Slash|4\n|\n|-damage|p1a: Pyukumuku|52\/100|[from] Leech Seed|[of] p2a: Tropius\n|-heal|p2a: Tropius|81\/100 tox|[silent]\n|-damage|p2a: Tropius|56\/100 tox|[from] psn\n|upkeep\n|turn|29\n|c| RubenPaCe|ojala tropius tuviera mejores stats\n|\n|t:|1699828291\n|move|p2a: Tropius|Air Slash|p1a: Pyukumuku\n|-damage|p1a: Pyukumuku|35\/100\n|cant|p1a: Pyukumuku|flinch\n|\n|-damage|p1a: Pyukumuku|22\/100|[from] Leech Seed|[of] p2a: Tropius\n|-heal|p2a: Tropius|66\/100 tox|[silent]\n|-damage|p2a: Tropius|35\/100 tox|[from] psn\n|upkeep\n|turn|30\n|c|\u2606Nanashi_1020|ojala\n|c| RubenPaCe|son muy tristes los de ahora\n|c|\u2606Frmojifrmoji|bruh\n|\n|t:|1699828299\n|move|p2a: Tropius|Air Slash|p1a: Pyukumuku\n|-damage|p1a: Pyukumuku|5\/100\n|cant|p1a: Pyukumuku|flinch\n|\n|-damage|p1a: Pyukumuku|0 fnt|[from] Leech Seed|[of] p2a: Tropius\n|-heal|p2a: Tropius|38\/100 tox|[silent]\n|faint|p1a: Pyukumuku\n|-damage|p2a: Tropius|1\/100 tox|[from] psn\n|upkeep\n|c| RubenPaCe|que le suban todo como 10 puntos\n|c|\u2606Frmojifrmoji|HDP\n|c|\u2606Nanashi_1020|tuve fe\n|\n|t:|1699828311\n|switch|p1a: Huntail|Huntail, M|76\/100\n|turn|31\n|\n|t:|1699828316\n|move|p1a: Huntail|Shell Smash|p1a: Huntail\n|-unboost|p1a: Huntail|def|1\n|-unboost|p1a: Huntail|spd|1\n|-boost|p1a: Huntail|atk|2\n|-boost|p1a: Huntail|spa|2\n|-boost|p1a: Huntail|spe|2\n|-enditem|p1a: Huntail|White Herb\n|-clearnegativeboost|p1a: Huntail|[silent]\n|move|p2a: Tropius|Leech Seed|p1a: Huntail\n|-start|p1a: Huntail|move: Leech Seed\n|\n|-damage|p1a: Huntail|63\/100|[from] Leech Seed|[of] p2a: Tropius\n|-heal|p2a: Tropius|8\/100 tox|[silent]\n|-damage|p2a: Tropius|0 fnt|[from] psn\n|faint|p2a: Tropius\n|upkeep\n|c|\u2606Frmojifrmoji|valistes\n|c| RubenPaCe|nowey\n|c|\u2606Frmojifrmoji|comienza a rezar\n|\n|t:|1699828332\n|switch|p2a: Pelipper|Pelipper, M|64\/100 tox\n|-weather|RainDance|[from] ability: Drizzle|[of] p2a: Pelipper\n|turn|32\n|\n|t:|1699828337\n|move|p1a: Huntail|Waterfall|p2a: Pelipper\n|-resisted|p2a: Pelipper\n|-damage|p2a: Pelipper|20\/100 tox\n|move|p2a: Pelipper|Knock Off|p1a: Huntail\n|-damage|p1a: Huntail|53\/100\n|\n|-weather|RainDance|[upkeep]\n|-damage|p1a: Huntail|41\/100|[from] Leech Seed|[of] p2a: Pelipper\n|-heal|p2a: Pelipper|30\/100 tox|[silent]\n|-damage|p2a: Pelipper|24\/100 tox|[from] psn\n|upkeep\n|turn|33\n|c|\u2606Nanashi_1020|fue pe\n|\n|t:|1699828346\n|move|p1a: Huntail|Waterfall|p2a: Pelipper\n|-resisted|p2a: Pelipper\n|-damage|p2a: Pelipper|0 fnt\n|faint|p2a: Pelipper\n|\n|-weather|RainDance|[upkeep]\n|upkeep\n|\n|t:|1699828351\n|switch|p2a: Mantine|Mantine, M|94\/100\n|turn|34\n|c| RubenPaCe|el nanashi con un mantine en la mochila:\n|\n|t:|1699828361\n|move|p1a: Huntail|Waterfall|p2a: Mantine\n|-heal|p2a: Mantine|100\/100|[from] ability: Water Absorb|[of] p1a: Huntail\n|move|p2a: Mantine|Hurricane|p1a: Huntail\n|-damage|p1a: Huntail|0 fnt\n|faint|p1a: Huntail\n|\n|-weather|RainDance|[upkeep]\n|upkeep\n|c| RubenPaCe|enorme\n|c|\u2606Frmojifrmoji|soy pendejo\n|c|\u2606Frmojifrmoji|miss click\n|c|\u2606Nanashi_1020|jijijija\n|\n|t:|1699828371\n|switch|p1a: Volbeat|Volbeat, M|100\/100\n|turn|35\n|\n|t:|1699828375\n|-zpower|p1a: Volbeat\n|move|p1a: Volbeat|Gigavolt Havoc|p2a: Mantine|[zeffect]\n|-supereffective|p2a: Mantine\n|-damage|p2a: Mantine|0 fnt\n|faint|p2a: Mantine\n|\n|-weather|RainDance|[upkeep]\n|upkeep\n|c|\u2606Frmojifrmoji|bay\n|c| RubenPaCe|EL BICHO\n|c|\u2606Frmojifrmoji|a dormir\n|c|\u2606Nanashi_1020|waos\n|c| HarderBetterSlower|te dije que volbeat carreaba\n|\n|t:|1699828386\n|switch|p2a: Blacephalon|Blacephalon|100\/100\n|turn|36\n|c|\u2606Nanashi_1020|a\n|c|\u2606Nanashi_1020|que no le puse un mov\n|\n|t:|1699828401\n|switch|p1a: Dunsparce|Dunsparce, M, tera:Flying|29\/100 tox\n|move|p2a: Blacephalon|Trick|p1a: Dunsparce\n|-activate|p2a: Blacephalon|move: Trick|[of] p1a: Dunsparce\n|-item|p1a: Dunsparce|Choice Scarf|[from] move: Trick\n|-enditem|p2a: Blacephalon|Choice Scarf|[silent]|[from] move: Trick\n|\n|-weather|none\n|-damage|p1a: Dunsparce|23\/100 tox|[from] psn\n|upkeep\n|turn|37\n|c|\u2606Frmojifrmoji|ese cosa me da miedo\n|c| RubenPaCe|volbeat el son of a bitch (el hijo del bicho)\n|c|\u2606Frmojifrmoji|grax?\n|\n|t:|1699828410\n|move|p2a: Blacephalon|Shadow Ball|p1a: Dunsparce\n|-crit|p1a: Dunsparce\n|-damage|p1a: Dunsparce|0 fnt\n|faint|p1a: Dunsparce\n|-ability|p2a: Blacephalon|Beast Boost|boost\n|-boost|p2a: Blacephalon|spa|1\n|\n|upkeep\n|\n|t:|1699828420\n|switch|p1a: Seismitoad|Seismitoad, M|100\/100\n|turn|38\n|\n|t:|1699828425\n|move|p2a: Blacephalon|Shadow Ball|p1a: Seismitoad\n|-damage|p1a: Seismitoad|26\/100\n|move|p1a: Seismitoad|Earthquake|p2a: Blacephalon\n|-supereffective|p2a: Blacephalon\n|-damage|p2a: Blacephalon|0 fnt\n|faint|p2a: Blacephalon\n|\n|win|Frmojifrmoji\n|c|\u2606Frmojifrmoji|GG\n|c| RubenPaCe|grande sapo\n|c|\u2606Nanashi_1020|gg\n|c|\u2606Frmojifrmoji|siuuu\n|c| HarderBetterSlower|epico\n|c|\u2606Frmojifrmoji|gano nose como\n|c| HarderBetterSlower|por volbeat\n|c|\u2606Frmojifrmoji|pero bn\n|c|\u2606Nanashi_1020|me olvide un mov al blace xddd\n|c| RubenPaCe|cual?\n|c|\u2606Nanashi_1020|ese volbeat carreo\n|c|\u2606Frmojifrmoji|nose como pasar el combate por resultados\n|c|\u2606Frmojifrmoji|XDD\n|c|\u2606Nanashi_1020|tenia lanzallamas y llamarada\n|c| HarderBetterSlower|guarda el replay\n|c| HarderBetterSlower|y\n|c| HarderBetterSlower|lo mandas a replays\n|c| HarderBetterSlower|o\n|c| RubenPaCe|dale a donde dice \"upload and share replay\"\n|c| HarderBetterSlower|si\n|c| HarderBetterSlower|eso\n|c| RubenPaCe|y copia el link\n|c| RubenPaCe|herepe\n|c|\u2606Frmojifrmoji|grax\n|c| RubenPaCe|todavia quedan huecos en el torneo?\n","uploadtime":1699828473,"views":20,"p1id":"frmojifrmoji","p2id":"nanashi1020","formatid":"gen9nationaldex","rating":0,"private":0,"password":""}