{"id":"gen9nationaldex-2000647577","p1":"law s fun","p2":"TheStroker","format":"[Gen 9] National Dex","log":"|html|<div class=\"broadcast-blue\"><strong>[Gen 9] National Dex is currently suspecting Sneasler! For information on how to participate check out the <a href=\"https:\/\/www.smogon.com\/forums\/threads\/sv-national-dex-suspect-8-just-dance.3731534\/\">suspect thread<\/a>.<\/strong><\/div>\n|j|\u2606law s fun\n|j|\u2606TheStroker\n|t:|1701214267\n|gametype|singles\n|player|p1|law s fun|265|1652\n|player|p2|TheStroker|janitor|1644\n|teamsize|p1|6\n|teamsize|p2|6\n|gen|9\n|tier|[Gen 9] National Dex\n|rated|\n|rule|HP Percentage Mod: HP is shown in percentages\n|rule|Endless Battle Clause: Forcing endless battles is banned\n|rule|OHKO Clause: OHKO moves are banned\n|rule|Evasion Clause: Evasion abilities, items, and moves are banned\n|rule|Evasion Abilities Clause: Evasion abilities are banned\n|rule|Evasion Items Clause: Evasion items are banned\n|rule|Evasion Moves Clause: Evasion moves are banned\n|rule|Species Clause: Limit one of each Pok\u00e9mon\n|rule|Sleep Clause Mod: Limit one foe put to sleep\n|clearpoke\n|poke|p1|Zamazenta-*|\n|poke|p1|Cresselia, F|\n|poke|p1|Alomomola, M|\n|poke|p1|Clodsire, M|\n|poke|p1|Tapu Lele|\n|poke|p1|Sneasler, M|\n|poke|p2|Meloetta|\n|poke|p2|Weavile, M|\n|poke|p2|Sneasler, F|\n|poke|p2|Goodra-Hisui, F|\n|poke|p2|Heatran, F|\n|poke|p2|Mew|\n|teampreview\n|inactive|Battle timer is ON: inactive players will automatically lose when time's up. (requested by law s fun)\n|j| Trysticakes\n|\n|t:|1701214290\n|start\n|switch|p1a: \u87ba\u4e1d|Tapu Lele|100\/100\n|switch|p2a: Goob|Goodra-Hisui, F|100\/100\n|-fieldstart|move: Psychic Terrain|[from] ability: Psychic Surge|[of] p1a: \u87ba\u4e1d\n|turn|1\n|j| errantgamer\n|\n|t:|1701214301\n|switch|p1a: \u9178\u7b0b|Clodsire, M|100\/100\n|switch|p2a: Name my|Weavile, M|100\/100\n|-ability|p2a: Name my|Pressure\n|\n|upkeep\n|turn|2\n|j| Xceptr\n|j| less might be more\n|\n|t:|1701214311\n|switch|p1a: \u70b8\u86cb|Alomomola, M|100\/100\n|move|p2a: Name my|Knock Off|p1a: \u70b8\u86cb\n|-damage|p1a: \u70b8\u86cb|62\/100\n|-damage|p2a: Name my|84\/100|[from] item: Rocky Helmet|[of] p1a: \u70b8\u86cb\n|-enditem|p1a: \u70b8\u86cb|Rocky Helmet|[from] move: Knock Off|[of] p2a: Name my\n|\n|upkeep\n|turn|3\n|\n|t:|1701214323\n|switch|p2a: Noobler|Sneasler, F|100\/100\n|move|p1a: \u70b8\u86cb|Flip Turn|p2a: Noobler\n|-damage|p2a: Noobler|71\/100\n|\n|t:|1701214344\n|switch|p1a: \u9178\u7b0b|Clodsire, M|100\/100|[from] Flip Turn\n|\n|upkeep\n|turn|4\n|\n|t:|1701214368\n|move|p2a: Noobler|U-turn|p1a: \u9178\u7b0b\n|-resisted|p1a: \u9178\u7b0b\n|-damage|p1a: \u9178\u7b0b|86\/100\n|\n|t:|1701214371\n|switch|p2a: Name my|Weavile, M|84\/100|[from] U-turn\n|-ability|p2a: Name my|Pressure\n|move|p1a: \u9178\u7b0b|Stealth Rock|p2a: Name my\n|-sidestart|p2: TheStroker|move: Stealth Rock\n|\n|-heal|p1a: \u9178\u7b0b|92\/100|[from] item: Leftovers\n|upkeep\n|turn|5\n|\n|t:|1701214384\n|switch|p2a: Noobler|Sneasler, F|71\/100\n|-damage|p2a: Noobler|65\/100|[from] Stealth Rock\n|switch|p1a: \u70b8\u86cb|Alomomola, M|96\/100\n|\n|-fieldend|move: Psychic Terrain\n|upkeep\n|turn|6\n|\n|t:|1701214388\n|move|p2a: Noobler|Dire Claw|p1a: \u70b8\u86cb\n|-damage|p1a: \u70b8\u86cb|75\/100\n|-status|p1a: \u70b8\u86cb|psn|[from] ability: Poison Touch|[of] p2a: Noobler\n|move|p1a: \u70b8\u86cb|Flip Turn|p2a: Noobler\n|-damage|p2a: Noobler|37\/100\n|\n|t:|1701214405\n|switch|p1a: \u87ba\u4e1d|Tapu Lele|100\/100|[from] Flip Turn\n|-fieldstart|move: Psychic Terrain|[from] ability: Psychic Surge|[of] p1a: \u87ba\u4e1d\n|\n|upkeep\n|turn|7\n|\n|t:|1701214408\n|move|p2a: Noobler|Dire Claw|p1a: \u87ba\u4e1d\n|-supereffective|p1a: \u87ba\u4e1d\n|-damage|p1a: \u87ba\u4e1d|0 fnt\n|faint|p1a: \u87ba\u4e1d\n|\n|upkeep\n|\n|t:|1701214421\n|switch|p1a: \u82b1\u751f|Sneasler, M|100\/100\n|-enditem|p1a: \u82b1\u751f|Psychic Seed\n|-boost|p1a: \u82b1\u751f|spd|1|[from] item: Psychic Seed\n|turn|8\n|l| Xceptr\n|\n|t:|1701214430\n|move|p1a: \u82b1\u751f|Swords Dance|p1a: \u82b1\u751f\n|-boost|p1a: \u82b1\u751f|atk|2\n|move|p2a: Noobler|Dire Claw|p1a: \u82b1\u751f\n|-resisted|p1a: \u82b1\u751f\n|-damage|p1a: \u82b1\u751f|70\/100\n|-status|p1a: \u82b1\u751f|slp\n|\n|upkeep\n|turn|9\n|\n|t:|1701214438\n|switch|p2a: 8 moves|Meloetta|100\/100\n|-damage|p2a: 8 moves|88\/100|[from] Stealth Rock\n|cant|p1a: \u82b1\u751f|slp\n|\n|upkeep\n|turn|10\n|\n|t:|1701214445\n|cant|p1a: \u82b1\u751f|slp\n|move|p2a: 8 moves|Psychic|p1a: \u82b1\u751f\n|-supereffective|p1a: \u82b1\u751f\n|-damage|p1a: \u82b1\u751f|0 fnt\n|faint|p1a: \u82b1\u751f\n|\n|-fieldend|move: Psychic Terrain\n|upkeep\n|\n|t:|1701214453\n|switch|p1a: \u8150\u7af9|Cresselia, F|100\/100\n|turn|11\n|\n|t:|1701214457\n|-zpower|p2a: 8 moves\n|move|p2a: 8 moves|Z-Celebrate|p2a: 8 moves|[anim]Celebrate\n|-boost|p2a: 8 moves|atk|1|[zeffect]\n|-boost|p2a: 8 moves|def|1|[zeffect]\n|-boost|p2a: 8 moves|spa|1|[zeffect]\n|-boost|p2a: 8 moves|spd|1|[zeffect]\n|-boost|p2a: 8 moves|spe|1|[zeffect]\n|-activate|p2a: 8 moves|move: Celebrate\n|move|p1a: \u8150\u7af9|Calm Mind|p1a: \u8150\u7af9\n|-boost|p1a: \u8150\u7af9|spa|1\n|-boost|p1a: \u8150\u7af9|spd|1\n|\n|upkeep\n|turn|12\n|\n|t:|1701214461\n|move|p2a: 8 moves|Hyper Voice|p1a: \u8150\u7af9\n|-damage|p1a: \u8150\u7af9|71\/100\n|move|p1a: \u8150\u7af9|Calm Mind|p1a: \u8150\u7af9\n|-boost|p1a: \u8150\u7af9|spa|1\n|-boost|p1a: \u8150\u7af9|spd|1\n|\n|-heal|p1a: \u8150\u7af9|78\/100|[from] item: Leftovers\n|upkeep\n|turn|13\n|\n|t:|1701214470\n|switch|p2a: Name my|Weavile, M|84\/100\n|-damage|p2a: Name my|59\/100|[from] Stealth Rock\n|-ability|p2a: Name my|Pressure\n|move|p1a: \u8150\u7af9|Moonblast|p2a: Name my\n|-supereffective|p2a: Name my\n|-damage|p2a: Name my|0 fnt\n|faint|p2a: Name my\n|\n|-heal|p1a: \u8150\u7af9|84\/100|[from] item: Leftovers\n|upkeep\n|\n|t:|1701214475\n|switch|p2a: Noobler|Sneasler, F|37\/100\n|-damage|p2a: Noobler|31\/100|[from] Stealth Rock\n|turn|14\n|\n|t:|1701214482\n|move|p2a: Noobler|Switcheroo|p1a: \u8150\u7af9\n|-activate|p2a: Noobler|move: Trick|[of] p1a: \u8150\u7af9\n|-item|p1a: \u8150\u7af9|Choice Scarf|[from] move: Switcheroo\n|-item|p2a: Noobler|Leftovers|[from] move: Switcheroo\n|move|p1a: \u8150\u7af9|Stored Power|p2a: Noobler\n|-supereffective|p2a: Noobler\n|-crit|p2a: Noobler\n|-damage|p2a: Noobler|0 fnt\n|faint|p2a: Noobler\n|\n|upkeep\n|\n|t:|1701214489\n|switch|p2a: If legal|Mew|100\/100\n|-damage|p2a: If legal|88\/100|[from] Stealth Rock\n|turn|15\n|\n|t:|1701214500\n|switch|p1a: \u70b8\u86cb|Alomomola, M|100\/100 psn\n|move|p2a: If legal|Cosmic Power|p2a: If legal\n|-boost|p2a: If legal|def|1\n|-boost|p2a: If legal|spd|1\n|\n|-heal|p2a: If legal|94\/100|[from] item: Leftovers\n|-damage|p1a: \u70b8\u86cb|88\/100 psn|[from] psn\n|upkeep\n|turn|16\n|\n|t:|1701214514\n|switch|p2a: hellfrog|Heatran, F|100\/100\n|-damage|p2a: hellfrog|88\/100|[from] Stealth Rock\n|move|p1a: \u70b8\u86cb|Knock Off|p2a: hellfrog\n|-damage|p2a: hellfrog|72\/100\n|-enditem|p2a: hellfrog|Leftovers|[from] move: Knock Off|[of] p1a: \u70b8\u86cb\n|\n|-damage|p1a: \u70b8\u86cb|76\/100 psn|[from] psn\n|upkeep\n|turn|17\n|\n|t:|1701214519\n|move|p2a: hellfrog|Substitute|p2a: hellfrog\n|-start|p2a: hellfrog|Substitute\n|-damage|p2a: hellfrog|47\/100\n|move|p1a: \u70b8\u86cb|Flip Turn|p2a: hellfrog\n|-supereffective|p2a: hellfrog\n|-end|p2a: hellfrog|Substitute\n|\n|t:|1701214522\n|switch|p1a: \u9178\u7b0b|Clodsire, M|92\/100|[from] Flip Turn\n|\n|-heal|p1a: \u9178\u7b0b|99\/100|[from] item: Leftovers\n|upkeep\n|turn|18\n|\n|t:|1701214532\n|move|p2a: hellfrog|Lava Plume|p1a: \u9178\u7b0b\n|-damage|p1a: \u9178\u7b0b|80\/100\n|move|p1a: \u9178\u7b0b|Curse|p1a: \u9178\u7b0b\n|-unboost|p1a: \u9178\u7b0b|spe|1\n|-boost|p1a: \u9178\u7b0b|atk|1\n|-boost|p1a: \u9178\u7b0b|def|1\n|\n|-heal|p1a: \u9178\u7b0b|86\/100|[from] item: Leftovers\n|upkeep\n|turn|19\n|\n|t:|1701214538\n|move|p2a: hellfrog|Lava Plume|p1a: \u9178\u7b0b\n|-damage|p1a: \u9178\u7b0b|68\/100\n|-status|p1a: \u9178\u7b0b|brn\n|move|p1a: \u9178\u7b0b|Earthquake|p2a: hellfrog\n|-supereffective|p2a: hellfrog\n|-damage|p2a: hellfrog|0 fnt\n|faint|p2a: hellfrog\n|\n|-heal|p1a: \u9178\u7b0b|74\/100 brn|[from] item: Leftovers\n|-damage|p1a: \u9178\u7b0b|68\/100 brn|[from] brn\n|upkeep\n|\n|t:|1701214556\n|switch|p2a: 8 moves|Meloetta|88\/100\n|-damage|p2a: 8 moves|76\/100|[from] Stealth Rock\n|turn|20\n|\n|t:|1701214560\n|move|p2a: 8 moves|Psychic|p1a: \u9178\u7b0b\n|-supereffective|p1a: \u9178\u7b0b\n|-damage|p1a: \u9178\u7b0b|22\/100 brn\n|move|p1a: \u9178\u7b0b|Earthquake|p2a: 8 moves\n|-damage|p2a: 8 moves|52\/100\n|\n|-heal|p1a: \u9178\u7b0b|29\/100 brn|[from] item: Leftovers\n|-damage|p1a: \u9178\u7b0b|22\/100 brn|[from] brn\n|upkeep\n|turn|21\n|\n|t:|1701214564\n|move|p2a: 8 moves|Psychic|p1a: \u9178\u7b0b\n|-supereffective|p1a: \u9178\u7b0b\n|-damage|p1a: \u9178\u7b0b|0 fnt\n|faint|p1a: \u9178\u7b0b\n|\n|upkeep\n|\n|t:|1701214568\n|switch|p1a: \u7c73\u7c89|Zamazenta|100\/100\n|-ability|p1a: \u7c73\u7c89|Dauntless Shield|boost\n|-boost|p1a: \u7c73\u7c89|def|1\n|turn|22\n|\n|t:|1701214573\n|-terastallize|p1a: \u7c73\u7c89|Fire\n|move|p1a: \u7c73\u7c89|Iron Defense|p1a: \u7c73\u7c89\n|-boost|p1a: \u7c73\u7c89|def|2\n|move|p2a: 8 moves|Psychic|p1a: \u7c73\u7c89\n|-damage|p1a: \u7c73\u7c89|69\/100\n|\n|-heal|p1a: \u7c73\u7c89|75\/100|[from] item: Leftovers\n|upkeep\n|turn|23\n|\n|t:|1701214581\n|move|p1a: \u7c73\u7c89|Body Press|p2a: 8 moves\n|-damage|p2a: 8 moves|0 fnt\n|faint|p2a: 8 moves\n|\n|-heal|p1a: \u7c73\u7c89|81\/100|[from] item: Leftovers\n|upkeep\n|\n|t:|1701214587\n|switch|p2a: If legal|Mew|94\/100\n|-damage|p2a: If legal|82\/100|[from] Stealth Rock\n|turn|24\n|\n|t:|1701214592\n|-terastallize|p2a: If legal|Poison\n|move|p1a: \u7c73\u7c89|Iron Defense|p1a: \u7c73\u7c89\n|-boost|p1a: \u7c73\u7c89|def|2\n|move|p2a: If legal|Cosmic Power|p2a: If legal\n|-boost|p2a: If legal|def|1\n|-boost|p2a: If legal|spd|1\n|\n|-heal|p1a: \u7c73\u7c89|87\/100|[from] item: Leftovers\n|-heal|p2a: If legal|88\/100|[from] item: Leftovers\n|upkeep\n|turn|25\n|\n|t:|1701214598\n|move|p1a: \u7c73\u7c89|Body Press|p2a: If legal\n|-resisted|p2a: If legal\n|-damage|p2a: If legal|57\/100\n|move|p2a: If legal|Cosmic Power|p2a: If legal\n|-boost|p2a: If legal|def|1\n|-boost|p2a: If legal|spd|1\n|\n|-heal|p1a: \u7c73\u7c89|94\/100|[from] item: Leftovers\n|-heal|p2a: If legal|63\/100|[from] item: Leftovers\n|upkeep\n|turn|26\n|\n|t:|1701214602\n|move|p1a: \u7c73\u7c89|Iron Defense|p1a: \u7c73\u7c89\n|-boost|p1a: \u7c73\u7c89|def|1\n|move|p2a: If legal|Roost|p2a: If legal\n|-heal|p2a: If legal|100\/100\n|\n|-heal|p1a: \u7c73\u7c89|99\/100|[from] item: Leftovers\n|upkeep\n|turn|27\n|\n|t:|1701214604\n|move|p1a: \u7c73\u7c89|Body Press|p2a: If legal\n|-resisted|p2a: If legal\n|-damage|p2a: If legal|74\/100\n|move|p2a: If legal|Cosmic Power|p2a: If legal\n|-boost|p2a: If legal|def|1\n|-boost|p2a: If legal|spd|1\n|\n|-heal|p1a: \u7c73\u7c89|100\/100|[from] item: Leftovers\n|-heal|p2a: If legal|80\/100|[from] item: Leftovers\n|upkeep\n|turn|28\n|\n|t:|1701214606\n|move|p1a: \u7c73\u7c89|Body Press|p2a: If legal\n|-resisted|p2a: If legal\n|-damage|p2a: If legal|60\/100\n|move|p2a: If legal|Cosmic Power|p2a: If legal\n|-boost|p2a: If legal|def|1\n|-boost|p2a: If legal|spd|1\n|\n|-heal|p2a: If legal|67\/100|[from] item: Leftovers\n|upkeep\n|turn|29\n|\n|t:|1701214612\n|switch|p1a: \u70b8\u86cb|Alomomola, M|100\/100 psn\n|move|p2a: If legal|Roost|p2a: If legal\n|-heal|p2a: If legal|100\/100\n|\n|-damage|p1a: \u70b8\u86cb|88\/100 psn|[from] psn\n|upkeep\n|turn|30\n|\n|t:|1701214616\n|move|p2a: If legal|Stored Power|p1a: \u70b8\u86cb\n|-damage|p1a: \u70b8\u86cb|12\/100 psn\n|move|p1a: \u70b8\u86cb|Knock Off|p2a: If legal\n|-damage|p2a: If legal|95\/100\n|-enditem|p2a: If legal|Leftovers|[from] move: Knock Off|[of] p1a: \u70b8\u86cb\n|\n|-damage|p1a: \u70b8\u86cb|0 fnt|[from] psn\n|faint|p1a: \u70b8\u86cb\n|upkeep\n|\n|t:|1701214622\n|switch|p1a: \u8150\u7af9|Cresselia, F|84\/100\n|turn|31\n|\n|t:|1701214625\n|move|p2a: If legal|Cosmic Power|p2a: If legal\n|-boost|p2a: If legal|def|1\n|-boost|p2a: If legal|spd|1\n|move|p1a: \u8150\u7af9|Calm Mind|p1a: \u8150\u7af9\n|-boost|p1a: \u8150\u7af9|spa|1\n|-boost|p1a: \u8150\u7af9|spd|1\n|\n|upkeep\n|turn|32\n|\n|t:|1701214627\n|move|p2a: If legal|Cosmic Power|p2a: If legal\n|-boost|p2a: If legal|def|1\n|-boost|p2a: If legal|spd|1\n|move|p1a: \u8150\u7af9|Calm Mind|p1a: \u8150\u7af9\n|-boost|p1a: \u8150\u7af9|spa|1\n|-boost|p1a: \u8150\u7af9|spd|1\n|\n|upkeep\n|turn|33\n|\n|t:|1701214629\n|move|p2a: If legal|Stored Power|p1a: \u8150\u7af9\n|-resisted|p1a: \u8150\u7af9\n|-damage|p1a: \u8150\u7af9|69\/100\n|move|p1a: \u8150\u7af9|Calm Mind|p1a: \u8150\u7af9\n|-boost|p1a: \u8150\u7af9|spa|1\n|-boost|p1a: \u8150\u7af9|spd|1\n|\n|upkeep\n|turn|34\n|\n|t:|1701214632\n|move|p2a: If legal|Body Press|p1a: \u8150\u7af9\n|-resisted|p1a: \u8150\u7af9\n|-damage|p1a: \u8150\u7af9|51\/100\n|move|p1a: \u8150\u7af9|Calm Mind|p1a: \u8150\u7af9\n|-boost|p1a: \u8150\u7af9|spa|1\n|-boost|p1a: \u8150\u7af9|spd|1\n|\n|upkeep\n|turn|35\n|\n|t:|1701214640\n|move|p2a: If legal|Body Press|p1a: \u8150\u7af9\n|-resisted|p1a: \u8150\u7af9\n|-damage|p1a: \u8150\u7af9|33\/100\n|move|p1a: \u8150\u7af9|Calm Mind|p1a: \u8150\u7af9\n|-boost|p1a: \u8150\u7af9|spa|1\n|-boost|p1a: \u8150\u7af9|spd|1\n|\n|upkeep\n|turn|36\n|\n|t:|1701214644\n|move|p2a: If legal|Body Press|p1a: \u8150\u7af9\n|-resisted|p1a: \u8150\u7af9\n|-damage|p1a: \u8150\u7af9|13\/100\n|move|p1a: \u8150\u7af9|Calm Mind|p1a: \u8150\u7af9\n|-boost|p1a: \u8150\u7af9|spa|1\n|-boost|p1a: \u8150\u7af9|spd|1\n|\n|upkeep\n|turn|37\n|\n|t:|1701214648\n|move|p2a: If legal|Body Press|p1a: \u8150\u7af9\n|-resisted|p1a: \u8150\u7af9\n|-damage|p1a: \u8150\u7af9|0 fnt\n|faint|p1a: \u8150\u7af9\n|\n|upkeep\n|-message|law s fun forfeited.\n|\n|win|TheStroker\n|raw|law s fun's rating: 1652 &rarr; <strong>1632<\/strong><br \/>(-20 for losing)\n|raw|TheStroker's rating: 1644 &rarr; <strong>1664<\/strong><br \/>(+20 for winning)\n|l|\u2606law s fun\n","uploadtime":1701214654,"views":1,"p1id":"lawsfun","p2id":"thestroker","formatid":"gen9nationaldex","rating":1632,"private":0,"password":""}