{"id":"gen9nationaldex-1994305049","p1":"AiraAira","p2":"ashimarin","format":"[Gen 9] National Dex","log":"|j|\u2606AiraAira\n|j|\u2606ashimarin\n|t:|1700429127\n|gametype|singles\n|player|p1|AiraAira|2|\n|player|p2|ashimarin|lady-gen4|\n|teamsize|p1|6\n|teamsize|p2|6\n|gen|9\n|tier|[Gen 9] National Dex\n|rule|HP Percentage Mod: HP is shown in percentages\n|rule|Endless Battle Clause: Forcing endless battles is banned\n|rule|OHKO Clause: OHKO moves are banned\n|rule|Evasion Clause: Evasion abilities, items, and moves are banned\n|rule|Evasion Abilities Clause: Evasion abilities are banned\n|rule|Evasion Items Clause: Evasion items are banned\n|rule|Evasion Moves Clause: Evasion moves are banned\n|rule|Species Clause: Limit one of each Pok\u00e9mon\n|rule|Sleep Clause Mod: Limit one foe put to sleep\n|clearpoke\n|poke|p1|Typhlosion, M|\n|poke|p1|Infernape, M|\n|poke|p1|Emboar, M|\n|poke|p1|Delphox, F|\n|poke|p1|Incineroar, M|\n|poke|p1|Skeledirge, F|\n|poke|p2|Tauros-Paldea-Blaze, M|\n|poke|p2|Ninetales, F|\n|poke|p2|Rotom-Heat|\n|poke|p2|Centiskorch, F|\n|poke|p2|Delphox, M|\n|poke|p2|Marowak-Alola, M|\n|teampreview\n|\n|t:|1700429169\n|start\n|switch|p1a: Incineroar|Incineroar, M, shiny|100\/100\n|switch|p2a: Rotom|Rotom-Heat|100\/100\n|-ability|p1a: Incineroar|Intimidate|boost\n|-unboost|p2a: Rotom|atk|1\n|turn|1\n|\n|t:|1700429186\n|move|p2a: Rotom|Rain Dance|p2a: Rotom\n|-weather|RainDance\n|move|p1a: Incineroar|Lash Out|p2a: Rotom\n|-damage|p2a: Rotom|55\/100\n|\n|-weather|RainDance|[upkeep]\n|upkeep\n|turn|2\n|\n|t:|1700429201\n|switch|p1a: Delphox|Delphox, F, shiny|100\/100\n|move|p2a: Rotom|Volt Switch|p1a: Delphox\n|-damage|p1a: Delphox|61\/100\n|\n|t:|1700429210\n|switch|p2a: Ninetales|Ninetales, F|100\/100|[from] Volt Switch\n|\n|-weather|RainDance|[upkeep]\n|upkeep\n|turn|3\n|\n|t:|1700429220\n|move|p1a: Delphox|Endure|p1a: Delphox\n|-singleturn|p1a: Delphox|move: Endure\n|move|p2a: Ninetales|Weather Ball|p1a: Delphox\n|-supereffective|p1a: Delphox\n|-crit|p1a: Delphox\n|-activate|p1a: Delphox|move: Endure\n|-damage|p1a: Delphox|1\/100\n|-enditem|p1a: Delphox|Weakness Policy\n|-boost|p1a: Delphox|atk|2|[from] item: Weakness Policy\n|-boost|p1a: Delphox|spa|2|[from] item: Weakness Policy\n|\n|-weather|RainDance|[upkeep]\n|upkeep\n|turn|4\n|\n|t:|1700429232\n|move|p1a: Delphox|Hidden Power|p2a: Ninetales\n|-supereffective|p2a: Ninetales\n|-enditem|p2a: Ninetales|Focus Sash\n|-damage|p2a: Ninetales|1\/100\n|move|p2a: Ninetales|Weather Ball|p1a: Delphox\n|-supereffective|p1a: Delphox\n|-crit|p1a: Delphox\n|-damage|p1a: Delphox|0 fnt\n|faint|p1a: Delphox\n|\n|-weather|RainDance|[upkeep]\n|upkeep\n|\n|t:|1700429254\n|switch|p1a: Incineroar|Incineroar, M, shiny|100\/100\n|-ability|p1a: Incineroar|Intimidate|boost\n|-unboost|p2a: Ninetales|atk|1\n|turn|5\n|\n|t:|1700429267\n|move|p1a: Incineroar|Fake Out|p2a: Ninetales\n|-damage|p2a: Ninetales|0 fnt\n|faint|p2a: Ninetales\n|\n|-weather|none\n|upkeep\n|\n|t:|1700429280\n|switch|p2a: Centiskorch|Centiskorch, F|100\/100\n|turn|6\n|\n|t:|1700429296\n|switch|p1a: Skeledirge|Skeledirge, F|100\/100\n|move|p2a: Centiskorch|Coil|p2a: Centiskorch\n|-boost|p2a: Centiskorch|atk|1\n|-boost|p2a: Centiskorch|def|1\n|-boost|p2a: Centiskorch|accuracy|1\n|\n|upkeep\n|turn|7\n|\n|t:|1700429304\n|move|p2a: Centiskorch|Knock Off|p1a: Skeledirge\n|-supereffective|p1a: Skeledirge\n|-damage|p1a: Skeledirge|64\/100\n|-enditem|p1a: Skeledirge|Throat Spray|[from] move: Knock Off|[of] p2a: Centiskorch\n|move|p1a: Skeledirge|Sing|p2a: Centiskorch\n|-status|p2a: Centiskorch|slp|[from] move: Sing\n|\n|upkeep\n|turn|8\n|\n|t:|1700429324\n|cant|p2a: Centiskorch|slp\n|move|p1a: Skeledirge|Shadow Ball|p2a: Centiskorch\n|-damage|p2a: Centiskorch|58\/100 slp\n|\n|upkeep\n|turn|9\n|\n|t:|1700429331\n|cant|p2a: Centiskorch|slp\n|move|p1a: Skeledirge|Shadow Ball|p2a: Centiskorch\n|-damage|p2a: Centiskorch|14\/100 slp\n|\n|upkeep\n|turn|10\n|\n|t:|1700429338\n|cant|p2a: Centiskorch|slp\n|move|p1a: Skeledirge|Shadow Ball|p2a: Centiskorch\n|-damage|p2a: Centiskorch|0 fnt\n|faint|p2a: Centiskorch\n|\n|upkeep\n|\n|t:|1700429355\n|switch|p2a: Marowak|Marowak-Alola, M|100\/100\n|turn|11\n|\n|t:|1700429371\n|move|p1a: Skeledirge|Earth Power|p2a: Marowak\n|-supereffective|p2a: Marowak\n|-damage|p2a: Marowak|24\/100\n|move|p2a: Marowak|Shadow Bone|p1a: Skeledirge\n|-supereffective|p1a: Skeledirge\n|-damage|p1a: Skeledirge|0 fnt\n|faint|p1a: Skeledirge\n|\n|upkeep\n|\n|t:|1700429381\n|switch|p1a: Incineroar|Incineroar, M, shiny|100\/100\n|-ability|p1a: Incineroar|Intimidate|boost\n|-unboost|p2a: Marowak|atk|1\n|turn|12\n|\n|t:|1700429397\n|switch|p2a: Tauros|Tauros-Paldea-Blaze, M|100\/100\n|-ability|p2a: Tauros|Intimidate|boost\n|-unboost|p1a: Incineroar|atk|1\n|move|p1a: Incineroar|Lash Out|p2a: Tauros\n|-resisted|p2a: Tauros\n|-damage|p2a: Tauros|72\/100\n|\n|upkeep\n|turn|13\n|\n|t:|1700429415\n|move|p2a: Tauros|Bulk Up|p2a: Tauros\n|-boost|p2a: Tauros|atk|1\n|-boost|p2a: Tauros|def|1\n|move|p1a: Incineroar|Earthquake|p2a: Tauros\n|-supereffective|p2a: Tauros\n|-damage|p2a: Tauros|39\/100\n|\n|upkeep\n|turn|14\n|\n|t:|1700429427\n|move|p2a: Tauros|Earthquake|p1a: Incineroar\n|-supereffective|p1a: Incineroar\n|-damage|p1a: Incineroar|16\/100\n|move|p1a: Incineroar|Earthquake|p2a: Tauros\n|-supereffective|p2a: Tauros\n|-damage|p2a: Tauros|2\/100\n|\n|upkeep\n|turn|15\n|\n|t:|1700429436\n|move|p2a: Tauros|Earthquake|p1a: Incineroar\n|-supereffective|p1a: Incineroar\n|-damage|p1a: Incineroar|0 fnt\n|faint|p1a: Incineroar\n|\n|upkeep\n|\n|t:|1700429451\n|switch|p1a: Typhlosion|Typhlosion, M, shiny|100\/100\n|turn|16\n|\n|t:|1700429456\n|move|p2a: Tauros|Earthquake|p1a: Typhlosion\n|-supereffective|p1a: Typhlosion\n|-damage|p1a: Typhlosion|0 fnt\n|faint|p1a: Typhlosion\n|\n|upkeep\n|\n|t:|1700429461\n|switch|p1a: Infernape|Infernape, M, shiny|100\/100\n|turn|17\n|\n|t:|1700429477\n|move|p1a: Infernape|Lash Out|p2a: Tauros\n|-resisted|p2a: Tauros\n|-damage|p2a: Tauros|0 fnt\n|faint|p2a: Tauros\n|\n|upkeep\n|\n|t:|1700429491\n|switch|p2a: Rotom|Rotom-Heat|55\/100\n|turn|18\n|\n|t:|1700429502\n|move|p1a: Infernape|Close Combat|p2a: Rotom\n|-damage|p2a: Rotom|0 fnt\n|-unboost|p1a: Infernape|def|1\n|-unboost|p1a: Infernape|spd|1\n|faint|p2a: Rotom\n|\n|upkeep\n|\n|t:|1700429512\n|switch|p2a: Delphox|Delphox, M|100\/100\n|turn|19\n|\n|t:|1700429521\n|move|p1a: Infernape|Lash Out|p2a: Delphox\n|-supereffective|p2a: Delphox\n|-damage|p2a: Delphox|32\/100\n|-enditem|p2a: Delphox|Weakness Policy\n|-boost|p2a: Delphox|atk|2|[from] item: Weakness Policy\n|-boost|p2a: Delphox|spa|2|[from] item: Weakness Policy\n|move|p2a: Delphox|Psyshock|p1a: Infernape\n|-supereffective|p1a: Infernape\n|-damage|p1a: Infernape|0 fnt\n|faint|p1a: Infernape\n|\n|upkeep\n|\n|t:|1700429532\n|switch|p1a: Emboar|Emboar, M, shiny|100\/100\n|turn|20\n|\n|t:|1700429543\n|-terastallize|p1a: Emboar|Fire\n|move|p2a: Delphox|Psyshock|p1a: Emboar\n|-damage|p1a: Emboar|7\/100\n|-enditem|p1a: Emboar|Sitrus Berry|[eat]\n|-heal|p1a: Emboar|32\/100|[from] item: Sitrus Berry\n|move|p1a: Emboar|Head Smash|p2a: Delphox\n|-supereffective|p2a: Delphox\n|-damage|p2a: Delphox|0 fnt\n|faint|p2a: Delphox\n|-damage|p1a: Emboar|21\/100|[from] Recoil\n|\n|upkeep\n|\n|t:|1700429555\n|switch|p2a: Marowak|Marowak-Alola, M|24\/100\n|turn|21\n|\n|t:|1700429561\n|move|p1a: Emboar|Head Smash|p2a: Marowak\n|-supereffective|p2a: Marowak\n|-damage|p2a: Marowak|0 fnt\n|faint|p2a: Marowak\n|-damage|p1a: Emboar|13\/100|[from] Recoil\n|\n|win|AiraAira\n|l|\u2606ashimarin\n","uploadtime":1700429622,"views":5,"p1id":"airaaira","p2id":"ashimarin","formatid":"gen9nationaldex","rating":0,"private":0,"password":""}