{"id":"gen9nationaldex-1988656790","p1":"crobatoh","p2":"mattyp347","format":"[Gen 9] National Dex","log":"|j|\u2606crobatoh\n|j|\u2606mattyp347\n|t:|1699746998\n|gametype|singles\n|player|p1|crobatoh|265|\n|player|p2|mattyp347|cynthia-gen4|\n|teamsize|p1|6\n|teamsize|p2|6\n|gen|9\n|tier|[Gen 9] National Dex\n|rule|HP Percentage Mod: HP is shown in percentages\n|rule|Endless Battle Clause: Forcing endless battles is banned\n|rule|OHKO Clause: OHKO moves are banned\n|rule|Evasion Clause: Evasion abilities, items, and moves are banned\n|rule|Evasion Abilities Clause: Evasion abilities are banned\n|rule|Evasion Items Clause: Evasion items are banned\n|rule|Evasion Moves Clause: Evasion moves are banned\n|rule|Species Clause: Limit one of each Pok\u00e9mon\n|rule|Sleep Clause Mod: Limit one foe put to sleep\n|clearpoke\n|poke|p1|Crobat, M|\n|poke|p1|Umbreon, F|\n|poke|p1|Blaziken, M|\n|poke|p1|Iron Thorns|\n|poke|p1|Scolipede, F|\n|poke|p1|Manaphy|\n|poke|p2|Mawile, M|\n|poke|p2|Iron Leaves|\n|poke|p2|Greninja-*, M|\n|poke|p2|Hatterene, F|\n|poke|p2|Tornadus-Therian, M|\n|poke|p2|Slowbro-Galar, M|\n|teampreview\n|j| Mesp\n|c| Mesp|glhf\n|c|\u2606crobatoh|glhf\n|\n|t:|1699747046\n|start\n|switch|p1a: my dad owns xbox|Iron Thorns|100\/100\n|switch|p2a: Verizon 5G|Iron Leaves|100\/100\n|-enditem|p1a: my dad owns xbox|Booster Energy\n|-activate|p1a: my dad owns xbox|ability: Quark Drive|[fromitem]\n|-start|p1a: my dad owns xbox|quarkdrivespe\n|turn|1\n|j| ocho1111\n|c|\u2606mattyp347|SPEED\n|c|\u2606mattyp347|MAN IS COOKING\n|c|\u2606crobatoh|i actually fucked it up match 1\n|\n|t:|1699747081\n|-end|p2a: Verizon 5G|Quark Drive|[silent]\n|switch|p2a: Woingo Boingo|Hatterene, F|100\/100\n|move|p1a: my dad owns xbox|Swords Dance|p1a: my dad owns xbox\n|-boost|p1a: my dad owns xbox|atk|2\n|\n|upkeep\n|turn|2\n|\n|t:|1699747089\n|move|p1a: my dad owns xbox|Heavy Slam|p2a: Woingo Boingo\n|-supereffective|p2a: Woingo Boingo\n|-damage|p2a: Woingo Boingo|0 fnt\n|faint|p2a: Woingo Boingo\n|\n|upkeep\n|c|\u2606mattyp347|i think you got me\n|\n|t:|1699747177\n|switch|p2a: Verizon 5G|Iron Leaves|100\/100\n|turn|3\n|\n|t:|1699747183\n|-terastallize|p2a: Verizon 5G|Steel\n|move|p1a: my dad owns xbox|Stealth Rock|p2a: Verizon 5G\n|-sidestart|p2: mattyp347|move: Stealth Rock\n|move|p2a: Verizon 5G|Leaf Blade|p1a: my dad owns xbox\n|-supereffective|p1a: my dad owns xbox\n|-damage|p1a: my dad owns xbox|21\/100\n|\n|upkeep\n|turn|4\n|\n|t:|1699747190\n|move|p1a: my dad owns xbox|Spikes|p2a: Verizon 5G\n|-sidestart|p2: mattyp347|Spikes\n|move|p2a: Verizon 5G|Leaf Blade|p1a: my dad owns xbox\n|-supereffective|p1a: my dad owns xbox\n|-damage|p1a: my dad owns xbox|0 fnt\n|faint|p1a: my dad owns xbox\n|-end|p1a: my dad owns xbox|Quark Drive|[silent]\n|\n|upkeep\n|c|\u2606mattyp347|call me a fiddle\n|c|\u2606mattyp347|cause im getting played\n|\n|t:|1699747251\n|switch|p1a: Race to the Moon|Umbreon, F|100\/100\n|turn|5\n|\n|t:|1699747258\n|move|p2a: Verizon 5G|Sacred Sword|p1a: Race to the Moon\n|-supereffective|p1a: Race to the Moon\n|-damage|p1a: Race to the Moon|64\/100\n|move|p1a: Race to the Moon|Thunder Wave|p2a: Verizon 5G\n|-status|p2a: Verizon 5G|par\n|\n|-heal|p1a: Race to the Moon|70\/100|[from] item: Leftovers\n|upkeep\n|turn|6\n|\n|t:|1699747335\n|-end|p2a: Verizon 5G|Quark Drive|[silent]\n|switch|p2a: I Hate Him|Tornadus-Therian, M|100\/100\n|move|p1a: Race to the Moon|Wish|p1a: Race to the Moon\n|\n|-heal|p1a: Race to the Moon|76\/100|[from] item: Leftovers\n|upkeep\n|turn|7\n|\n|t:|1699747356\n|move|p2a: I Hate Him|Taunt|p1a: Race to the Moon\n|-start|p1a: Race to the Moon|move: Taunt\n|move|p1a: Race to the Moon|Foul Play|p2a: I Hate Him\n|-damage|p2a: I Hate Him|65\/100\n|\n|-heal|p1a: Race to the Moon|100\/100|[from] move: Wish|[wisher] Race to the Moon\n|upkeep\n|turn|8\n|\n|t:|1699747363\n|move|p2a: I Hate Him|U-turn|p1a: Race to the Moon\n|-supereffective|p1a: Race to the Moon\n|-damage|p1a: Race to the Moon|84\/100\n|\n|t:|1699747365\n|switch|p2a: Some ones kink|Mawile, M|100\/100|[from] U-turn\n|-damage|p2a: Some ones kink|94\/100|[from] Stealth Rock\n|-damage|p2a: Some ones kink|82\/100|[from] Spikes\n|-ability|p2a: Some ones kink|Intimidate|boost\n|-unboost|p1a: Race to the Moon|atk|1\n|move|p1a: Race to the Moon|Foul Play|p2a: Some ones kink\n|-resisted|p2a: Some ones kink\n|-damage|p2a: Some ones kink|55\/100\n|\n|-heal|p1a: Race to the Moon|90\/100|[from] item: Leftovers\n|upkeep\n|turn|9\n|\n|t:|1699747396\n|detailschange|p2a: Some ones kink|Mawile-Mega, M\n|-mega|p2a: Some ones kink|Mawile|Mawilite\n|move|p2a: Some ones kink|Play Rough|p1a: Race to the Moon\n|-supereffective|p1a: Race to the Moon\n|-damage|p1a: Race to the Moon|0 fnt\n|faint|p1a: Race to the Moon\n|\n|upkeep\n|\n|t:|1699747419\n|switch|p1a: The Idiots House|Blaziken, M|100\/100\n|turn|10\n|\n|t:|1699747439\n|move|p1a: The Idiots House|Flare Blitz|p2a: Some ones kink\n|-supereffective|p2a: Some ones kink\n|-damage|p2a: Some ones kink|0 fnt\n|faint|p2a: Some ones kink\n|-damage|p1a: The Idiots House|84\/100|[from] Recoil\n|-damage|p1a: The Idiots House|74\/100|[from] item: Life Orb\n|\n|-ability|p1a: The Idiots House|Speed Boost|boost\n|-boost|p1a: The Idiots House|spe|1\n|upkeep\n|\n|t:|1699747443\n|switch|p2a: I Hate Him|Tornadus-Therian, M|98\/100\n|turn|11\n|\n|t:|1699747469\n|move|p1a: The Idiots House|Flare Blitz|p2a: I Hate Him\n|-damage|p2a: I Hate Him|0 fnt\n|faint|p2a: I Hate Him\n|-damage|p1a: The Idiots House|40\/100|[from] Recoil\n|-damage|p1a: The Idiots House|30\/100|[from] item: Life Orb\n|\n|-ability|p1a: The Idiots House|Speed Boost|boost\n|-boost|p1a: The Idiots House|spe|1\n|upkeep\n|\n|t:|1699747475\n|switch|p2a: #UnBan Quick Claw|Slowbro-Galar, M|100\/100\n|-damage|p2a: #UnBan Quick Claw|88\/100|[from] Stealth Rock\n|-damage|p2a: #UnBan Quick Claw|76\/100|[from] Spikes\n|turn|12\n|\n|t:|1699747481\n|move|p1a: The Idiots House|Flare Blitz|p2a: #UnBan Quick Claw\n|-damage|p2a: #UnBan Quick Claw|20\/100\n|-status|p2a: #UnBan Quick Claw|brn\n|-damage|p1a: The Idiots House|14\/100|[from] item: Rocky Helmet|[of] p2a: #UnBan Quick Claw\n|-damage|p1a: The Idiots House|0 fnt|[from] Recoil\n|faint|p1a: The Idiots House\n|move|p2a: #UnBan Quick Claw|Slack Off|p2a: #UnBan Quick Claw\n|-heal|p2a: #UnBan Quick Claw|70\/100 brn\n|\n|-damage|p2a: #UnBan Quick Claw|64\/100 brn|[from] brn\n|upkeep\n|j| guts88\n|\n|t:|1699747496\n|switch|p1a: Subject 5|Scolipede, F|100\/100\n|turn|13\n|\n|t:|1699747513\n|move|p1a: Subject 5|Swords Dance|p1a: Subject 5\n|-boost|p1a: Subject 5|atk|2\n|move|p2a: #UnBan Quick Claw|Psychic|p1a: Subject 5\n|-supereffective|p1a: Subject 5\n|-enditem|p1a: Subject 5|Payapa Berry|[eat]\n|-enditem|p1a: Subject 5|Payapa Berry|[weaken]\n|-damage|p1a: Subject 5|47\/100\n|\n|-damage|p2a: #UnBan Quick Claw|58\/100 brn|[from] brn\n|-ability|p1a: Subject 5|Speed Boost|boost\n|-boost|p1a: Subject 5|spe|1\n|upkeep\n|turn|14\n|\n|t:|1699747538\n|move|p1a: Subject 5|Earthquake|p2a: #UnBan Quick Claw\n|-supereffective|p2a: #UnBan Quick Claw\n|-damage|p2a: #UnBan Quick Claw|0 fnt\n|faint|p2a: #UnBan Quick Claw\n|\n|-ability|p1a: Subject 5|Speed Boost|boost\n|-boost|p1a: Subject 5|spe|1\n|upkeep\n|\n|t:|1699747541\n|switch|p2a: Kwolok|Greninja, M|100\/100\n|-damage|p2a: Kwolok|88\/100|[from] Stealth Rock\n|-damage|p2a: Kwolok|76\/100|[from] Spikes\n|turn|15\n|\n|t:|1699747552\n|move|p2a: Kwolok|Water Shuriken|p1a: Subject 5\n|-damage|p1a: Subject 5|32\/100\n|-damage|p1a: Subject 5|17\/100\n|-damage|p1a: Subject 5|2\/100\n|-damage|p1a: Subject 5|0 fnt\n|faint|p1a: Subject 5\n|-ability|p2a: Kwolok|Battle Bond|boost\n|-boost|p2a: Kwolok|atk|1\n|-boost|p2a: Kwolok|spa|1\n|-boost|p2a: Kwolok|spe|1\n|-activate|p2a: Kwolok|ability: Battle Bond\n|-hitcount|p1: Subject 5|4\n|-damage|p2a: Kwolok|66\/100|[from] item: Life Orb\n|\n|upkeep\n|j| delicousfalcon\n|\n|t:|1699747564\n|switch|p1a: CURT MANAPHY|Manaphy|100\/100\n|turn|16\n|c| Mesp|WELL THIS JUST TURNED AROUND\n|\n|t:|1699747615\n|move|p2a: Kwolok|Surf|p1a: CURT MANAPHY\n|-resisted|p1a: CURT MANAPHY\n|-damage|p1a: CURT MANAPHY|68\/100\n|-damage|p2a: Kwolok|56\/100|[from] item: Life Orb\n|move|p1a: CURT MANAPHY|Energy Ball|p2a: Kwolok\n|-supereffective|p2a: Kwolok\n|-damage|p2a: Kwolok|0 fnt\n|faint|p2a: Kwolok\n|\n|-heal|p1a: CURT MANAPHY|74\/100|[from] item: Leftovers\n|upkeep\n|\n|t:|1699747618\n|switch|p2a: Verizon 5G|Iron Leaves, tera:Steel|100\/100 par\n|-damage|p2a: Verizon 5G|94\/100 par|[from] Stealth Rock\n|-damage|p2a: Verizon 5G|82\/100 par|[from] Spikes\n|turn|17\n|c|\u2606mattyp347|gg\n|\n|t:|1699747631\n|move|p1a: CURT MANAPHY|Surf|p2a: Verizon 5G\n|-damage|p2a: Verizon 5G|39\/100 par\n|move|p2a: Verizon 5G|Leaf Blade|p1a: CURT MANAPHY\n|-supereffective|p1a: CURT MANAPHY\n|-damage|p1a: CURT MANAPHY|0 fnt\n|faint|p1a: CURT MANAPHY\n|\n|upkeep\n|\n|t:|1699747641\n|switch|p1a: mah boi|Crobat, M|100\/100\n|turn|18\n|\n|t:|1699747653\n|-terastallize|p1a: mah boi|Ghost\n|move|p1a: mah boi|Brave Bird|p2a: Verizon 5G\n|-resisted|p2a: Verizon 5G\n|-damage|p2a: Verizon 5G|11\/100 par\n|-damage|p1a: mah boi|92\/100|[from] Recoil\n|move|p2a: Verizon 5G|Psyblade|p1a: mah boi\n|-damage|p1a: mah boi|40\/100\n|-damage|p2a: Verizon 5G|0 fnt|[from] item: Rocky Helmet|[of] p1a: mah boi\n|faint|p2a: Verizon 5G\n|-end|p2a: Verizon 5G|Quark Drive|[silent]\n|\n|win|crobatoh\n|c|\u2606mattyp347|ggs\n|c| ocho1111|ggs\n|c|\u2606crobatoh|gg\n|l|\u2606mattyp347\n","uploadtime":1699747670,"views":40,"p1id":"crobatoh","p2id":"mattyp347","formatid":"gen9nationaldex","rating":0,"private":0,"password":""}