{"id":"gen9nationaldex-1995924650","p1":"CookieDough41","p2":"Pikablue Fan","format":"[Gen 9] National Dex","log":"|html|<div class=\"broadcast-blue\"><strong>[Gen 9] National Dex is currently suspecting Sneasler! For information on how to participate check out the <a href=\"https:\/\/www.smogon.com\/forums\/threads\/sv-national-dex-suspect-8-just-dance.3731534\/\">suspect thread<\/a>.<\/strong><\/div>\n|j|\u2606CookieDough41\n|j|\u2606Pikablue Fan\n|t:|1700618017\n|gametype|singles\n|player|p1|CookieDough41|hilda|1126\n|player|p2|Pikablue Fan|gambler|1106\n|teamsize|p1|6\n|teamsize|p2|6\n|gen|9\n|tier|[Gen 9] National Dex\n|rated|\n|rule|HP Percentage Mod: HP is shown in percentages\n|rule|Endless Battle Clause: Forcing endless battles is banned\n|rule|OHKO Clause: OHKO moves are banned\n|rule|Evasion Clause: Evasion abilities, items, and moves are banned\n|rule|Evasion Abilities Clause: Evasion abilities are banned\n|rule|Evasion Items Clause: Evasion items are banned\n|rule|Evasion Moves Clause: Evasion moves are banned\n|rule|Species Clause: Limit one of each Pok\u00e9mon\n|rule|Sleep Clause Mod: Limit one foe put to sleep\n|clearpoke\n|poke|p1|Aurorus, F|\n|poke|p1|Salamence, F|\n|poke|p1|Metagross|\n|poke|p1|Breloom, F|\n|poke|p1|Volcarona, M|\n|poke|p1|Gyarados, M|\n|poke|p2|Galvantula, F|\n|poke|p2|Gyarados, M|\n|poke|p2|Salamence, F|\n|poke|p2|Urshifu-*, M|\n|poke|p2|Garganacl, M|\n|poke|p2|Toxapex, M|\n|teampreview\n|inactive|Battle timer is ON: inactive players will automatically lose when time's up. (requested by Pikablue Fan)\n|\n|t:|1700618029\n|start\n|switch|p1a: Rathian|Salamence, F, shiny|100\/100\n|switch|p2a: \"SSS\"|Galvantula, F|100\/100\n|turn|1\n|\n|t:|1700618047\n|move|p1a: Rathian|Fire Fang|p2a: \"SSS\"\n|-supereffective|p2a: \"SSS\"\n|-damage|p2a: \"SSS\"|12\/100\n|cant|p2a: \"SSS\"|flinch\n|\n|upkeep\n|turn|2\n|\n|t:|1700618060\n|switch|p2a: i love salt|Garganacl, M|100\/100\n|move|p1a: Rathian|Fire Fang|p2a: i love salt\n|-resisted|p2a: i love salt\n|-damage|p2a: i love salt|93\/100\n|\n|-heal|p2a: i love salt|99\/100|[from] item: Leftovers\n|upkeep\n|turn|3\n|\n|t:|1700618070\n|switch|p1a: Mushu|Gyarados, M, shiny|100\/100\n|-ability|p1a: Mushu|Intimidate|boost\n|-unboost|p2a: i love salt|atk|1\n|move|p2a: i love salt|Salt Cure|p1a: Mushu\n|-supereffective|p1a: Mushu\n|-damage|p1a: Mushu|75\/100\n|-start|p1a: Mushu|Salt Cure\n|\n|-heal|p2a: i love salt|100\/100|[from] item: Leftovers\n|-damage|p1a: Mushu|50\/100|[from] Salt Cure\n|upkeep\n|turn|4\n|c|\u2606Pikablue Fan|scarf salamence is crazy\n|\n|t:|1700618078\n|detailschange|p1a: Mushu|Gyarados-Mega, M, shiny\n|-mega|p1a: Mushu|Gyarados|Gyaradosite\n|-ability|p1a: Mushu|Mold Breaker\n|move|p1a: Mushu|Waterfall|p2a: i love salt\n|-supereffective|p2a: i love salt\n|-damage|p2a: i love salt|42\/100\n|move|p2a: i love salt|Salt Cure|p1a: Mushu\n|-damage|p1a: Mushu|40\/100\n|\n|-heal|p2a: i love salt|48\/100|[from] item: Leftovers\n|-damage|p1a: Mushu|16\/100|[from] Salt Cure\n|upkeep\n|turn|5\n|\n|t:|1700618083\n|switch|p1a: Platinum|Metagross, shiny|100\/100\n|switch|p2a: \"The Bunker\"|Toxapex, M|100\/100\n|\n|upkeep\n|turn|6\n|\n|t:|1700618089\n|move|p1a: Platinum|Zen Headbutt|p2a: \"The Bunker\"\n|-supereffective|p2a: \"The Bunker\"\n|-damage|p2a: \"The Bunker\"|39\/100\n|move|p2a: \"The Bunker\"|Knock Off|p1a: Platinum\n|-supereffective|p1a: Platinum\n|-damage|p1a: Platinum|74\/100\n|-enditem|p1a: Platinum|Choice Scarf|[from] move: Knock Off|[of] p2a: \"The Bunker\"\n|\n|-heal|p2a: \"The Bunker\"|45\/100|[from] item: Black Sludge\n|upkeep\n|turn|7\n|\n|t:|1700618094\n|move|p2a: \"The Bunker\"|Baneful Bunker|p2a: \"The Bunker\"\n|-singleturn|p2a: \"The Bunker\"|move: Protect\n|move|p1a: Platinum|Zen Headbutt|p2a: \"The Bunker\"\n|-activate|p2a: \"The Bunker\"|move: Protect\n|\n|-heal|p2a: \"The Bunker\"|51\/100|[from] item: Black Sludge\n|upkeep\n|turn|8\n|\n|t:|1700618099\n|switch|p2a: \"Outragous Dragon\"|Salamence, F|100\/100\n|move|p1a: Platinum|Zen Headbutt|p2a: \"Outragous Dragon\"\n|-damage|p2a: \"Outragous Dragon\"|62\/100\n|\n|upkeep\n|turn|9\n|\n|t:|1700618106\n|-terastallize|p2a: \"Outragous Dragon\"|Steel\n|move|p1a: Platinum|Meteor Mash|p2a: \"Outragous Dragon\"\n|-resisted|p2a: \"Outragous Dragon\"\n|-damage|p2a: \"Outragous Dragon\"|42\/100\n|-boost|p1a: Platinum|atk|1\n|move|p2a: \"Outragous Dragon\"|Dragon Dance|p2a: \"Outragous Dragon\"\n|-boost|p2a: \"Outragous Dragon\"|atk|1\n|-boost|p2a: \"Outragous Dragon\"|spe|1\n|\n|upkeep\n|turn|10\n|\n|t:|1700618110\n|move|p2a: \"Outragous Dragon\"|Earthquake|p1a: Platinum\n|-supereffective|p1a: Platinum\n|-crit|p1a: Platinum\n|-damage|p1a: Platinum|0 fnt\n|faint|p1a: Platinum\n|-ability|p2a: \"Outragous Dragon\"|Moxie|boost\n|-boost|p2a: \"Outragous Dragon\"|atk|1\n|\n|upkeep\n|\n|t:|1700618117\n|switch|p1a: Apollo|Volcarona, M, shiny|100\/100\n|turn|11\n|\n|t:|1700618127\n|move|p2a: \"Outragous Dragon\"|Earthquake|p1a: Apollo\n|-damage|p1a: Apollo|0 fnt\n|faint|p1a: Apollo\n|-ability|p2a: \"Outragous Dragon\"|Moxie|boost\n|-boost|p2a: \"Outragous Dragon\"|atk|1\n|\n|upkeep\n|\n|t:|1700618140\n|switch|p1a: Autumn|Breloom, F, shiny|100\/100\n|turn|12\n|\n|t:|1700618142\n|move|p1a: Autumn|Mach Punch|p2a: \"Outragous Dragon\"\n|-supereffective|p2a: \"Outragous Dragon\"\n|-damage|p2a: \"Outragous Dragon\"|0 fnt\n|faint|p2a: \"Outragous Dragon\"\n|\n|upkeep\n|\n|t:|1700618146\n|switch|p2a: \"The Demon\"|Gyarados, M|100\/100\n|-ability|p2a: \"The Demon\"|Intimidate|boost\n|-unboost|p1a: Autumn|atk|1\n|turn|13\n|\n|t:|1700618154\n|switch|p1a: Mushu|Gyarados-Mega, M, shiny|16\/100\n|-ability|p1a: Mushu|Mold Breaker\n|move|p2a: \"The Demon\"|Dragon Dance|p2a: \"The Demon\"\n|-boost|p2a: \"The Demon\"|atk|1\n|-boost|p2a: \"The Demon\"|spe|1\n|\n|upkeep\n|turn|14\n|\n|t:|1700618159\n|move|p2a: \"The Demon\"|Waterfall|p1a: Mushu\n|-resisted|p1a: Mushu\n|-damage|p1a: Mushu|0 fnt\n|faint|p1a: Mushu\n|\n|upkeep\n|\n|t:|1700618164\n|switch|p1a: Snow White|Aurorus, F, shiny|100\/100\n|turn|15\n|\n|t:|1700618167\n|-terastallize|p1a: Snow White|Ghost\n|move|p2a: \"The Demon\"|Waterfall|p1a: Snow White\n|-crit|p1a: Snow White\n|-damage|p1a: Snow White|0 fnt\n|faint|p1a: Snow White\n|\n|upkeep\n|\n|t:|1700618176\n|switch|p1a: Autumn|Breloom, F, shiny|100\/100\n|turn|16\n|\n|t:|1700618178\n|move|p2a: \"The Demon\"|Ice Fang|p1a: Autumn\n|-supereffective|p1a: Autumn\n|-damage|p1a: Autumn|0 fnt\n|faint|p1a: Autumn\n|\n|upkeep\n|\n|t:|1700618180\n|switch|p1a: Rathian|Salamence, F, shiny|100\/100\n|turn|17\n|\n|t:|1700618183\n|move|p1a: Rathian|Dragon Claw|p2a: \"The Demon\"\n|-damage|p2a: \"The Demon\"|42\/100\n|move|p2a: \"The Demon\"|Ice Fang|p1a: Rathian\n|-supereffective|p1a: Rathian\n|-damage|p1a: Rathian|0 fnt\n|faint|p1a: Rathian\n|\n|win|Pikablue Fan\n|raw|CookieDough41's rating: 1126 &rarr; <strong>1100<\/strong><br \/>(-26 for losing)\n|raw|Pikablue Fan's rating: 1106 &rarr; <strong>1132<\/strong><br \/>(+26 for winning)\n|c|\u2606Pikablue Fan|ggs\n|l|\u2606CookieDough41\n","uploadtime":1700618214,"views":1,"p1id":"cookiedough41","p2id":"pikabluefan","formatid":"gen9nationaldex","rating":1100,"private":0,"password":""}