{"id":"gen9nationaldex-1988047863","p1":"Blake-Mamba","p2":"JWZ456","format":"[Gen 9] National Dex","log":"|j|\u2606Blake-Mamba\n|j|\u203dJWZ456\n|t:|1699663156\n|gametype|singles\n|player|p1|Blake-Mamba|juan|1383\n|player|p2|JWZ456|2|1327\n|teamsize|p1|6\n|teamsize|p2|6\n|gen|9\n|tier|[Gen 9] National Dex\n|rated|\n|rule|HP Percentage Mod: HP is shown in percentages\n|rule|Endless Battle Clause: Forcing endless battles is banned\n|rule|OHKO Clause: OHKO moves are banned\n|rule|Evasion Clause: Evasion abilities, items, and moves are banned\n|rule|Evasion Abilities Clause: Evasion abilities are banned\n|rule|Evasion Items Clause: Evasion items are banned\n|rule|Evasion Moves Clause: Evasion moves are banned\n|rule|Species Clause: Limit one of each Pok\u00e9mon\n|rule|Sleep Clause Mod: Limit one foe put to sleep\n|clearpoke\n|poke|p1|Cinccino, F|\n|poke|p1|Zebstrika, F|\n|poke|p1|Ferrothorn, M|\n|poke|p1|Seismitoad, F|\n|poke|p1|Krookodile, M|\n|poke|p1|Emboar, F|\n|poke|p2|Alomomola, F|\n|poke|p2|Breloom, F|\n|poke|p2|Aegislash, M|\n|poke|p2|Rotom-Heat|\n|poke|p2|Enamorus, F|\n|poke|p2|Tyranitar, M|\n|teampreview\n|c|\u2606Blake-Mamba|Glhf\n|\n|t:|1699663190\n|start\n|switch|p1a: Cinccino|Cinccino, F|100\/100\n|switch|p2a: Tyranitar|Tyranitar, M|100\/100\n|-weather|Sandstorm|[from] ability: Sand Stream|[of] p2a: Tyranitar\n|turn|1\n|\n|t:|1699663198\n|detailschange|p2a: Tyranitar|Tyranitar-Mega, M\n|-mega|p2a: Tyranitar|Tyranitar|Tyranitarite\n|move|p1a: Cinccino|Bullet Seed|p2a: Tyranitar\n|-supereffective|p2a: Tyranitar\n|-damage|p2a: Tyranitar|81\/100\n|-supereffective|p2a: Tyranitar\n|-damage|p2a: Tyranitar|64\/100\n|-supereffective|p2a: Tyranitar\n|-damage|p2a: Tyranitar|46\/100\n|-supereffective|p2a: Tyranitar\n|-damage|p2a: Tyranitar|26\/100\n|-supereffective|p2a: Tyranitar\n|-damage|p2a: Tyranitar|9\/100\n|-hitcount|p2a: Tyranitar|5\n|-damage|p1a: Cinccino|91\/100|[from] item: Life Orb\n|move|p2a: Tyranitar|Knock Off|p1a: Cinccino\n|-damage|p1a: Cinccino|0 fnt\n|-enditem|p1a: Cinccino|Life Orb|[from] move: Knock Off|[of] p2a: Tyranitar\n|faint|p1a: Cinccino\n|\n|-weather|Sandstorm|[upkeep]\n|upkeep\n|\n|t:|1699663216\n|switch|p1a: Krookodile|Krookodile, M|100\/100\n|turn|2\n|\n|t:|1699663220\n|switch|p2a: Alomomola|Alomomola, F, shiny|100\/100\n|move|p1a: Krookodile|Scale Shot|p2a: Alomomola\n|-crit|p2a: Alomomola\n|-damage|p2a: Alomomola|93\/100\n|-damage|p2a: Alomomola|89\/100\n|-damage|p2a: Alomomola|84\/100\n|-damage|p2a: Alomomola|79\/100\n|-hitcount|p2a: Alomomola|4\n|-unboost|p1a: Krookodile|def|1\n|-boost|p1a: Krookodile|spe|1\n|\n|-weather|Sandstorm|[upkeep]\n|-damage|p2a: Alomomola|73\/100|[from] Sandstorm\n|upkeep\n|turn|3\n|\n|t:|1699663234\n|move|p1a: Krookodile|Knock Off|p2a: Alomomola\n|-damage|p2a: Alomomola|47\/100\n|-damage|p1a: Krookodile|84\/100|[from] item: Rocky Helmet|[of] p2a: Alomomola\n|-enditem|p2a: Alomomola|Rocky Helmet|[from] move: Knock Off|[of] p1a: Krookodile\n|move|p2a: Alomomola|Wish|p2a: Alomomola\n|\n|-weather|Sandstorm|[upkeep]\n|-damage|p2a: Alomomola|41\/100|[from] Sandstorm\n|upkeep\n|turn|4\n|\n|t:|1699663260\n|move|p1a: Krookodile|Earthquake|p2a: Alomomola\n|-damage|p2a: Alomomola|10\/100\n|move|p2a: Alomomola|Flip Turn|p1a: Krookodile\n|-supereffective|p1a: Krookodile\n|-damage|p1a: Krookodile|24\/100\n|\n|t:|1699663267\n|switch|p2a: Tyranitar|Tyranitar-Mega, M|9\/100|[from] Flip Turn\n|\n|-weather|Sandstorm|[upkeep]\n|-heal|p2a: Tyranitar|75\/100|[from] move: Wish|[wisher] Alomomola\n|upkeep\n|turn|5\n|\n|t:|1699663284\n|switch|p2a: Breloom|Breloom, F|100\/100\n|move|p1a: Krookodile|Earthquake|p2a: Breloom\n|-resisted|p2a: Breloom\n|-damage|p2a: Breloom|57\/100\n|\n|-weather|none\n|upkeep\n|turn|6\n|\n|t:|1699663297\n|move|p2a: Breloom|Mach Punch|p1a: Krookodile\n|-supereffective|p1a: Krookodile\n|-damage|p1a: Krookodile|0 fnt\n|faint|p1a: Krookodile\n|\n|upkeep\n|\n|t:|1699663303\n|switch|p1a: Zebstrika|Zebstrika, F, shiny|100\/100\n|turn|7\n|\n|t:|1699663314\n|switch|p2a: Rotom|Rotom-Heat|100\/100\n|move|p1a: Zebstrika|Flame Charge|p2a: Rotom\n|-resisted|p2a: Rotom\n|-damage|p2a: Rotom|92\/100\n|-boost|p1a: Zebstrika|spe|1\n|\n|upkeep\n|turn|8\n|\n|t:|1699663323\n|switch|p1a: Seismitoad|Seismitoad, F|100\/100\n|move|p2a: Rotom|Overheat|p1a: Seismitoad\n|-resisted|p1a: Seismitoad\n|-damage|p1a: Seismitoad|74\/100\n|-unboost|p2a: Rotom|spa|2\n|\n|upkeep\n|turn|9\n|\n|t:|1699663334\n|switch|p2a: Alomomola|Alomomola, F, shiny|44\/100\n|move|p1a: Seismitoad|Hydro Pump|p2a: Alomomola\n|-resisted|p2a: Alomomola\n|-damage|p2a: Alomomola|0 fnt\n|faint|p2a: Alomomola\n|\n|upkeep\n|\n|t:|1699663341\n|switch|p2a: Breloom|Breloom, F|57\/100\n|turn|10\n|\n|t:|1699663349\n|switch|p1a: Zebstrika|Zebstrika, F, shiny|100\/100\n|move|p2a: Breloom|Bullet Seed|p1a: Zebstrika\n|-ability|p1a: Zebstrika|Sap Sipper|boost\n|-boost|p1a: Zebstrika|atk|1\n|\n|upkeep\n|turn|11\n|\n|t:|1699663358\n|switch|p2a: Rotom|Rotom-Heat|92\/100\n|move|p1a: Zebstrika|Flame Charge|p2a: Rotom\n|-resisted|p2a: Rotom\n|-damage|p2a: Rotom|80\/100\n|-boost|p1a: Zebstrika|spe|1\n|\n|upkeep\n|turn|12\n|\n|t:|1699663368\n|-zpower|p1a: Zebstrika\n|move|p1a: Zebstrika|Gigavolt Havoc|p2a: Rotom|[zeffect]\n|-resisted|p2a: Rotom\n|-damage|p2a: Rotom|12\/100\n|move|p2a: Rotom|Overheat|p1a: Zebstrika\n|-damage|p1a: Zebstrika|25\/100\n|-unboost|p2a: Rotom|spa|2\n|\n|upkeep\n|turn|13\n|\n|t:|1699663395\n|move|p1a: Zebstrika|Flame Charge|p2a: Rotom\n|-resisted|p2a: Rotom\n|-crit|p2a: Rotom\n|-damage|p2a: Rotom|0 fnt\n|-boost|p1a: Zebstrika|spe|1\n|faint|p2a: Rotom\n|\n|upkeep\n|\n|t:|1699663399\n|switch|p2a: Breloom|Breloom, F|57\/100\n|turn|14\n|\n|t:|1699663408\n|move|p1a: Zebstrika|Quick Attack|p2a: Breloom\n|-damage|p2a: Breloom|28\/100\n|move|p2a: Breloom|Mach Punch|p1a: Zebstrika\n|-damage|p1a: Zebstrika|0 fnt\n|faint|p1a: Zebstrika\n|\n|upkeep\n|\n|t:|1699663415\n|switch|p1a: Ferrothorn|Ferrothorn, M|100\/100\n|turn|15\n|\n|t:|1699663434\n|switch|p2a: Aegislash|Aegislash, M|100\/100\n|move|p1a: Ferrothorn|Leech Seed|p2a: Aegislash\n|-start|p2a: Aegislash|move: Leech Seed\n|\n|-damage|p2a: Aegislash|88\/100|[from] Leech Seed|[of] p1a: Ferrothorn\n|upkeep\n|turn|16\n|inactive|Battle timer is ON: inactive players will automatically lose when time's up. (requested by Blake-Mamba)\n|\n|t:|1699663468\n|switch|p2a: Tyranitar|Tyranitar-Mega, M|75\/100\n|-weather|Sandstorm|[from] ability: Sand Stream|[of] p2a: Tyranitar\n|move|p1a: Ferrothorn|Iron Defense|p1a: Ferrothorn\n|-boost|p1a: Ferrothorn|def|2\n|\n|-weather|Sandstorm|[upkeep]\n|upkeep\n|turn|17\n|\n|t:|1699663476\n|move|p2a: Tyranitar|Knock Off|p1a: Ferrothorn\n|-damage|p1a: Ferrothorn|85\/100\n|-damage|p2a: Tyranitar|63\/100|[from] ability: Iron Barbs|[of] p1a: Ferrothorn\n|-damage|p2a: Tyranitar|46\/100|[from] item: Rocky Helmet|[of] p1a: Ferrothorn\n|-enditem|p1a: Ferrothorn|Rocky Helmet|[from] move: Knock Off|[of] p2a: Tyranitar\n|move|p1a: Ferrothorn|Body Press|p2a: Tyranitar\n|-supereffective|p2a: Tyranitar\n|-damage|p2a: Tyranitar|0 fnt\n|faint|p2a: Tyranitar\n|\n|-weather|Sandstorm|[upkeep]\n|upkeep\n|\n|t:|1699663486\n|switch|p2a: Aegislash|Aegislash, M|88\/100\n|turn|18\n|\n|t:|1699663491\n|move|p2a: Aegislash|Substitute|p2a: Aegislash\n|-start|p2a: Aegislash|Substitute\n|-damage|p2a: Aegislash|63\/100\n|move|p1a: Ferrothorn|Leech Seed|p2a: Aegislash|[miss]\n|-miss|p1a: Ferrothorn|p2a: Aegislash\n|\n|-weather|Sandstorm|[upkeep]\n|-heal|p2a: Aegislash|70\/100|[from] item: Leftovers\n|upkeep\n|turn|19\n|\n|t:|1699663501\n|switch|p1a: Seismitoad|Seismitoad, F|74\/100\n|-formechange|p2a: Aegislash|Aegislash-Blade||[from] ability: Stance Change\n|move|p2a: Aegislash|Shadow Ball|p1a: Seismitoad\n|-damage|p1a: Seismitoad|35\/100\n|\n|-weather|Sandstorm|[upkeep]\n|-heal|p2a: Aegislash|76\/100|[from] item: Leftovers\n|upkeep\n|turn|20\n|\n|t:|1699663513\n|-formechange|p2a: Aegislash|Aegislash||[from] ability: Stance Change\n|move|p2a: Aegislash|King's Shield|p2a: Aegislash\n|-singleturn|p2a: Aegislash|Protect\n|move|p1a: Seismitoad|Earth Power|p2a: Aegislash\n|-activate|p2a: Aegislash|move: Protect\n|\n|-weather|none\n|-heal|p2a: Aegislash|82\/100|[from] item: Leftovers\n|upkeep\n|turn|21\n|\n|t:|1699663524\n|move|p1a: Seismitoad|Earth Power|p2a: Aegislash\n|-supereffective|p2a: Aegislash\n|-end|p2a: Aegislash|Substitute\n|-formechange|p2a: Aegislash|Aegislash-Blade||[from] ability: Stance Change\n|move|p2a: Aegislash|Shadow Ball|p1a: Seismitoad\n|-damage|p1a: Seismitoad|0 fnt\n|faint|p1a: Seismitoad\n|\n|-heal|p2a: Aegislash|88\/100|[from] item: Leftovers\n|upkeep\n|\n|t:|1699663535\n|switch|p1a: Emboar|Emboar, F, shiny|100\/100\n|turn|22\n|\n|t:|1699663551\n|-formechange|p2a: Aegislash|Aegislash||[from] ability: Stance Change\n|move|p2a: Aegislash|King's Shield|p2a: Aegislash\n|-singleturn|p2a: Aegislash|Protect\n|move|p1a: Emboar|Flare Blitz|p2a: Aegislash\n|-activate|p2a: Aegislash|move: Protect\n|-unboost|p1a: Emboar|atk|1\n|\n|-heal|p2a: Aegislash|94\/100|[from] item: Leftovers\n|upkeep\n|turn|23\n|inactive|JWZ456 has 120 seconds left.\n|\n|t:|1699663589\n|-terastallize|p1a: Emboar|Fire\n|move|p1a: Emboar|Flare Blitz|p2a: Aegislash\n|-supereffective|p2a: Aegislash\n|-damage|p2a: Aegislash|0 fnt\n|faint|p2a: Aegislash\n|-damage|p1a: Emboar|73\/100|[from] Recoil\n|\n|upkeep\n|\n|t:|1699663598\n|switch|p2a: Enamorus|Enamorus, F|100\/100\n|turn|24\n|\n|t:|1699663606\n|switch|p1a: Ferrothorn|Ferrothorn, M|85\/100\n|move|p2a: Enamorus|Earth Power|p1a: Ferrothorn\n|-damage|p1a: Ferrothorn|44\/100\n|\n|upkeep\n|turn|25\n|inactive|JWZ456 has 120 seconds left.\n|\n|t:|1699663616\n|switch|p2a: Breloom|Breloom, F|28\/100\n|move|p1a: Ferrothorn|Leech Seed|p2a: Breloom\n|-immune|p2a: Breloom\n|\n|upkeep\n|turn|26\n|inactive|JWZ456 has 120 seconds left.\n|\n|t:|1699663628\n|move|p2a: Breloom|Mach Punch|p1a: Ferrothorn\n|-supereffective|p1a: Ferrothorn\n|-damage|p1a: Ferrothorn|7\/100\n|-damage|p2a: Breloom|16\/100|[from] ability: Iron Barbs|[of] p1a: Ferrothorn\n|move|p1a: Ferrothorn|Body Press|p2a: Breloom\n|-damage|p2a: Breloom|0 fnt\n|faint|p2a: Breloom\n|\n|upkeep\n|inactive|JWZ456 has 120 seconds left.\n|\n|t:|1699663635\n|switch|p2a: Enamorus|Enamorus, F|100\/100\n|turn|27\n|\n|t:|1699663640\n|move|p2a: Enamorus|Earth Power|p1a: Ferrothorn\n|-damage|p1a: Ferrothorn|0 fnt\n|faint|p1a: Ferrothorn\n|\n|upkeep\n|\n|t:|1699663646\n|switch|p1a: Emboar|Emboar, F, shiny, tera:Fire|73\/100\n|turn|28\n|\n|t:|1699663660\n|move|p1a: Emboar|Flare Blitz|p2a: Enamorus\n|-damage|p2a: Enamorus|0 fnt\n|faint|p2a: Enamorus\n|-damage|p1a: Emboar|46\/100|[from] Recoil\n|\n|win|Blake-Mamba\n|raw|Blake-Mamba's rating: 1383 &rarr; <strong>1400<\/strong><br \/>(+17 for winning)\n|raw|JWZ456's rating: 1327 &rarr; <strong>1310<\/strong><br \/>(-17 for losing)\n|c|\u2606Blake-Mamba|Gg\n","uploadtime":1699663671,"views":10,"p1id":"blakemamba","p2id":"jwz456","formatid":"gen9nationaldex","rating":1310,"private":0,"password":""}