{"id":"gen9nationaldex-1993137699","p1":"JP Guias","p2":"subnori","format":"[Gen 9] National Dex","log":"|j|\u2606JP Guias\n|j|\u2606subnori\n|t:|1700269235\n|gametype|singles\n|player|p1|JP Guias|bianca-pwt|\n|player|p2|subnori|2|\n|teamsize|p1|6\n|teamsize|p2|6\n|gen|9\n|tier|[Gen 9] National Dex\n|rule|HP Percentage Mod: HP is shown in percentages\n|rule|Endless Battle Clause: Forcing endless battles is banned\n|rule|OHKO Clause: OHKO moves are banned\n|rule|Evasion Clause: Evasion abilities, items, and moves are banned\n|rule|Evasion Abilities Clause: Evasion abilities are banned\n|rule|Evasion Items Clause: Evasion items are banned\n|rule|Evasion Moves Clause: Evasion moves are banned\n|rule|Species Clause: Limit one of each Pok\u00e9mon\n|rule|Sleep Clause Mod: Limit one foe put to sleep\n|clearpoke\n|poke|p1|Lopunny, F|\n|poke|p1|Garganacl, M|\n|poke|p1|Urshifu-*, M|\n|poke|p1|Iron Hands|\n|poke|p1|Bisharp, M|\n|poke|p1|Iron Moth|\n|poke|p2|Reuniclus, M|\n|poke|p2|Skarmory, F|\n|poke|p2|Gastrodon-East, F|\n|poke|p2|Lopunny, F|\n|poke|p2|Toxapex, F|\n|poke|p2|Zapdos|\n|teampreview\n|inactive|Battle timer is ON: inactive players will automatically lose when time's up. (requested by JP Guias)\n|c|\u2606JP Guias|Lo siento no me cargaba xD\n|c|\u2606JP Guias|Buena suerte\n|\n|t:|1700269261\n|start\n|switch|p1a: I'm a cute girl?|Lopunny, F, shiny|100\/100\n|switch|p2a: Toxapex|Toxapex, F|100\/100\n|turn|1\n|\n|t:|1700269268\n|switch|p1a: N0T KINGAMBIT|Bisharp, M, shiny|100\/100\n|move|p2a: Toxapex|Baneful Bunker||[still]\n|-fail|p2a: Toxapex\n|\n|upkeep\n|turn|2\n|\n|t:|1700269273\n|move|p1a: N0T KINGAMBIT|Knock Off|p2a: Toxapex\n|-damage|p2a: Toxapex|62\/100\n|-enditem|p2a: Toxapex|Payapa Berry|[from] move: Knock Off|[of] p1a: N0T KINGAMBIT\n|move|p2a: Toxapex|Knock Off|p1a: N0T KINGAMBIT\n|-resisted|p1a: N0T KINGAMBIT\n|-damage|p1a: N0T KINGAMBIT|95\/100\n|-enditem|p1a: N0T KINGAMBIT|Eviolite|[from] move: Knock Off|[of] p2a: Toxapex\n|\n|upkeep\n|turn|3\n|c|\u2606JP Guias|Que era la payapa berry?\n|\n|t:|1700269289\n|move|p1a: N0T KINGAMBIT|Swords Dance|p1a: N0T KINGAMBIT\n|-boost|p1a: N0T KINGAMBIT|atk|2\n|move|p2a: Toxapex|Scald|p1a: N0T KINGAMBIT\n|-damage|p1a: N0T KINGAMBIT|71\/100\n|\n|upkeep\n|turn|4\n|\n|t:|1700269302\n|move|p1a: N0T KINGAMBIT|Iron Head|p2a: Toxapex\n|-resisted|p2a: Toxapex\n|-damage|p2a: Toxapex|29\/100\n|move|p2a: Toxapex|Scald|p1a: N0T KINGAMBIT\n|-damage|p1a: N0T KINGAMBIT|48\/100\n|\n|upkeep\n|turn|5\n|\n|t:|1700269307\n|switch|p2a: PhantomFigther|Skarmory, F|100\/100\n|move|p1a: N0T KINGAMBIT|Iron Head|p2a: PhantomFigther\n|-resisted|p2a: PhantomFigther\n|-damage|p2a: PhantomFigther|74\/100\n|-damage|p1a: N0T KINGAMBIT|31\/100|[from] item: Rocky Helmet|[of] p2a: PhantomFigther\n|\n|upkeep\n|turn|6\n|\n|t:|1700269314\n|move|p2a: PhantomFigther|Body Press|p1a: N0T KINGAMBIT\n|-supereffective|p1a: N0T KINGAMBIT\n|-damage|p1a: N0T KINGAMBIT|0 fnt\n|faint|p1a: N0T KINGAMBIT\n|\n|upkeep\n|\n|t:|1700269320\n|switch|p1a: V0LCAR0NA|Iron Moth|100\/100\n|-enditem|p1a: V0LCAR0NA|Booster Energy\n|-activate|p1a: V0LCAR0NA|ability: Quark Drive|[fromitem]\n|-start|p1a: V0LCAR0NA|quarkdrivespa\n|turn|7\n|\n|t:|1700269327\n|switch|p2a: Toxapex|Toxapex, F|62\/100\n|move|p1a: V0LCAR0NA|Energy Ball|p2a: Toxapex\n|-damage|p2a: Toxapex|30\/100\n|\n|upkeep\n|turn|8\n|\n|t:|1700269332\n|move|p2a: Toxapex|Baneful Bunker|p2a: Toxapex\n|-singleturn|p2a: Toxapex|move: Protect\n|move|p1a: V0LCAR0NA|Energy Ball|p2a: Toxapex\n|-activate|p2a: Toxapex|move: Protect\n|\n|upkeep\n|turn|9\n|\n|t:|1700269336\n|switch|p2a: PhantomFigther|Skarmory, F|74\/100\n|move|p1a: V0LCAR0NA|Energy Ball|p2a: PhantomFigther\n|-resisted|p2a: PhantomFigther\n|-damage|p2a: PhantomFigther|59\/100\n|\n|upkeep\n|turn|10\n|inactive|subnori has 270 seconds left.\n|\n|t:|1700269387\n|switch|p2a: Toxapex|Toxapex, F|64\/100\n|move|p1a: V0LCAR0NA|Fiery Dance|p2a: Toxapex\n|-resisted|p2a: Toxapex\n|-damage|p2a: Toxapex|43\/100\n|\n|upkeep\n|turn|11\n|\n|t:|1700269394\n|-terastallize|p1a: V0LCAR0NA|Grass\n|move|p1a: V0LCAR0NA|Energy Ball|p2a: Toxapex\n|-damage|p2a: Toxapex|0 fnt\n|faint|p2a: Toxapex\n|\n|upkeep\n|\n|t:|1700269405\n|switch|p2a: Chocolat|Lopunny, F|100\/100\n|turn|12\n|\n|t:|1700269424\n|-end|p1a: V0LCAR0NA|Quark Drive|[silent]\n|switch|p1a: New Meta is:|Iron Hands|100\/100\n|detailschange|p2a: Chocolat|Lopunny-Mega, F\n|-mega|p2a: Chocolat|Lopunny|Lopunnite\n|move|p2a: Chocolat|Fake Out|p1a: New Meta is:\n|-damage|p1a: New Meta is:|85\/100\n|\n|upkeep\n|turn|13\n|\n|t:|1700269431\n|move|p1a: New Meta is:|Fake Out|p2a: Chocolat\n|-damage|p2a: Chocolat|80\/100\n|cant|p2a: Chocolat|flinch\n|\n|upkeep\n|turn|14\n|\n|t:|1700269435\n|move|p2a: Chocolat|U-turn|p1a: New Meta is:\n|-resisted|p1a: New Meta is:\n|-damage|p1a: New Meta is:|76\/100\n|\n|t:|1700269440\n|switch|p2a: Zapdos|Zapdos|100\/100|[from] U-turn\n|move|p1a: New Meta is:|Drain Punch|p2a: Zapdos\n|-resisted|p2a: Zapdos\n|-damage|p2a: Zapdos|83\/100\n|-heal|p1a: New Meta is:|83\/100|[from] drain|[of] p2a: Zapdos\n|\n|upkeep\n|turn|15\n|\n|t:|1700269445\n|move|p2a: Zapdos|Volt Switch|p1a: New Meta is:\n|-resisted|p1a: New Meta is:\n|-damage|p1a: New Meta is:|76\/100\n|\n|t:|1700269448\n|switch|p2a: Iluru|Gastrodon-East, F|100\/100|[from] Volt Switch\n|move|p1a: New Meta is:|Wild Charge|p2a: Iluru\n|-immune|p2a: Iluru\n|\n|upkeep\n|turn|16\n|\n|t:|1700269456\n|-end|p1a: New Meta is:|Quark Drive|[silent]\n|switch|p1a: Rocky Ferrothorn|Garganacl, M, shiny|100\/100\n|move|p2a: Iluru|Stealth Rock|p1a: Rocky Ferrothorn\n|-sidestart|p1: JP Guias|move: Stealth Rock\n|\n|upkeep\n|turn|17\n|\n|t:|1700269461\n|switch|p2a: Caranalga|Reuniclus, M|100\/100\n|move|p1a: Rocky Ferrothorn|Iron Defense|p1a: Rocky Ferrothorn\n|-boost|p1a: Rocky Ferrothorn|def|2\n|\n|upkeep\n|turn|18\n|\n|t:|1700269469\n|switch|p1a: I'm a cute girl?|Lopunny, F, shiny|100\/100\n|-damage|p1a: I'm a cute girl?|88\/100|[from] Stealth Rock\n|move|p2a: Caranalga|Calm Mind|p2a: Caranalga\n|-boost|p2a: Caranalga|spa|1\n|-boost|p2a: Caranalga|spd|1\n|\n|upkeep\n|turn|19\n|\n|t:|1700269474\n|move|p1a: I'm a cute girl?|Fake Out|p2a: Caranalga\n|-damage|p2a: Caranalga|91\/100\n|cant|p2a: Caranalga|flinch\n|\n|-heal|p2a: Caranalga|97\/100|[from] item: Leftovers\n|upkeep\n|turn|20\n|\n|t:|1700269477\n|detailschange|p1a: I'm a cute girl?|Lopunny-Mega, F, shiny\n|-mega|p1a: I'm a cute girl?|Lopunny|Lopunnite\n|move|p1a: I'm a cute girl?|U-turn|p2a: Caranalga\n|-supereffective|p2a: Caranalga\n|-damage|p2a: Caranalga|57\/100\n|\n|t:|1700269483\n|switch|p1a: New Meta is:|Iron Hands|76\/100|[from] U-turn\n|-damage|p1a: New Meta is:|70\/100|[from] Stealth Rock\n|move|p2a: Caranalga|Calm Mind|p2a: Caranalga\n|-boost|p2a: Caranalga|spa|1\n|-boost|p2a: Caranalga|spd|1\n|\n|-heal|p2a: Caranalga|63\/100|[from] item: Leftovers\n|upkeep\n|turn|21\n|\n|t:|1700269490\n|move|p1a: New Meta is:|Fake Out|p2a: Caranalga\n|-damage|p2a: Caranalga|50\/100\n|cant|p2a: Caranalga|flinch\n|\n|-heal|p2a: Caranalga|57\/100|[from] item: Leftovers\n|upkeep\n|turn|22\n|\n|t:|1700269505\n|move|p1a: New Meta is:|Heavy Slam|p2a: Caranalga\n|-crit|p2a: Caranalga\n|-damage|p2a: Caranalga|1\/100\n|move|p2a: Caranalga|Recover|p2a: Caranalga\n|-heal|p2a: Caranalga|52\/100\n|\n|-heal|p2a: Caranalga|58\/100|[from] item: Leftovers\n|upkeep\n|turn|23\n|\n|t:|1700269511\n|move|p1a: New Meta is:|Heavy Slam|p2a: Caranalga\n|-damage|p2a: Caranalga|25\/100\n|move|p2a: Caranalga|Stored Power|p1a: New Meta is:\n|-supereffective|p1a: New Meta is:\n|-damage|p1a: New Meta is:|0 fnt\n|faint|p1a: New Meta is:\n|-end|p1a: New Meta is:|Quark Drive|[silent]\n|\n|-heal|p2a: Caranalga|31\/100|[from] item: Leftovers\n|upkeep\n|\n|t:|1700269519\n|switch|p1a: I'm a cute girl?|Lopunny-Mega, F, shiny|88\/100\n|-damage|p1a: I'm a cute girl?|82\/100|[from] Stealth Rock\n|turn|24\n|\n|t:|1700269528\n|switch|p2a: Zapdos|Zapdos|83\/100\n|move|p1a: I'm a cute girl?|U-turn|p2a: Zapdos\n|-resisted|p2a: Zapdos\n|-damage|p2a: Zapdos|73\/100\n|-status|p1a: I'm a cute girl?|par|[from] ability: Static|[of] p2a: Zapdos\n|\n|t:|1700269531\n|switch|p1a: Rocky Ferrothorn|Garganacl, M, shiny|100\/100|[from] U-turn\n|-damage|p1a: Rocky Ferrothorn|88\/100|[from] Stealth Rock\n|\n|-heal|p1a: Rocky Ferrothorn|94\/100|[from] item: Leftovers\n|upkeep\n|turn|25\n|\n|t:|1700269542\n|switch|p1a: V0LCAR0NA|Iron Moth, tera:Grass|100\/100\n|-damage|p1a: V0LCAR0NA|88\/100|[from] Stealth Rock\n|move|p2a: Zapdos|Volt Switch|p1a: V0LCAR0NA\n|-resisted|p1a: V0LCAR0NA\n|-damage|p1a: V0LCAR0NA|73\/100\n|\n|t:|1700269549\n|switch|p2a: Chocolat|Lopunny-Mega, F|80\/100|[from] Volt Switch\n|\n|upkeep\n|turn|26\n|\n|t:|1700269557\n|move|p2a: Chocolat|U-turn|p1a: V0LCAR0NA\n|-supereffective|p1a: V0LCAR0NA\n|-damage|p1a: V0LCAR0NA|0 fnt\n|faint|p1a: V0LCAR0NA\n|-end|p1a: V0LCAR0NA|Quark Drive|[silent]\n|\n|t:|1700269563\n|switch|p2a: PhantomFigther|Skarmory, F|59\/100|[from] U-turn\n|\n|upkeep\n|\n|t:|1700269568\n|switch|p1a: Rocky Ferrothorn|Garganacl, M, shiny|94\/100\n|-damage|p1a: Rocky Ferrothorn|82\/100|[from] Stealth Rock\n|turn|27\n|\n|t:|1700269581\n|-terastallize|p2a: PhantomFigther|Dragon\n|move|p2a: PhantomFigther|Iron Defense|p2a: PhantomFigther\n|-boost|p2a: PhantomFigther|def|2\n|move|p1a: Rocky Ferrothorn|Iron Defense|p1a: Rocky Ferrothorn\n|-boost|p1a: Rocky Ferrothorn|def|2\n|\n|-heal|p1a: Rocky Ferrothorn|88\/100|[from] item: Leftovers\n|upkeep\n|turn|28\n|\n|t:|1700269585\n|move|p2a: PhantomFigther|Iron Defense|p2a: PhantomFigther\n|-boost|p2a: PhantomFigther|def|2\n|move|p1a: Rocky Ferrothorn|Iron Defense|p1a: Rocky Ferrothorn\n|-boost|p1a: Rocky Ferrothorn|def|2\n|\n|-heal|p1a: Rocky Ferrothorn|94\/100|[from] item: Leftovers\n|upkeep\n|turn|29\n|\n|t:|1700269587\n|move|p2a: PhantomFigther|Iron Defense|p2a: PhantomFigther\n|-boost|p2a: PhantomFigther|def|2\n|move|p1a: Rocky Ferrothorn|Salt Cure|p2a: PhantomFigther\n|-crit|p2a: PhantomFigther\n|-damage|p2a: PhantomFigther|45\/100\n|-start|p2a: PhantomFigther|Salt Cure\n|\n|-heal|p1a: Rocky Ferrothorn|100\/100|[from] item: Leftovers\n|-damage|p2a: PhantomFigther|32\/100|[from] Salt Cure\n|upkeep\n|turn|30\n|\n|t:|1700269592\n|move|p2a: PhantomFigther|Roost|p2a: PhantomFigther\n|-heal|p2a: PhantomFigther|82\/100\n|move|p1a: Rocky Ferrothorn|Iron Defense|p1a: Rocky Ferrothorn\n|-boost|p1a: Rocky Ferrothorn|def|2\n|\n|-damage|p2a: PhantomFigther|70\/100|[from] Salt Cure\n|upkeep\n|turn|31\n|\n|t:|1700269595\n|move|p2a: PhantomFigther|Spikes|p1a: Rocky Ferrothorn\n|-sidestart|p1: JP Guias|Spikes\n|move|p1a: Rocky Ferrothorn|Body Press|p2a: PhantomFigther\n|-damage|p2a: PhantomFigther|56\/100\n|-damage|p1a: Rocky Ferrothorn|84\/100|[from] item: Rocky Helmet|[of] p2a: PhantomFigther\n|\n|-heal|p1a: Rocky Ferrothorn|90\/100|[from] item: Leftovers\n|-damage|p2a: PhantomFigther|43\/100|[from] Salt Cure\n|upkeep\n|turn|32\n|\n|t:|1700269598\n|move|p2a: PhantomFigther|Roost|p2a: PhantomFigther\n|-heal|p2a: PhantomFigther|94\/100\n|move|p1a: Rocky Ferrothorn|Body Press|p2a: PhantomFigther\n|-damage|p2a: PhantomFigther|79\/100\n|-damage|p1a: Rocky Ferrothorn|73\/100|[from] item: Rocky Helmet|[of] p2a: PhantomFigther\n|\n|-heal|p1a: Rocky Ferrothorn|80\/100|[from] item: Leftovers\n|-damage|p2a: PhantomFigther|66\/100|[from] Salt Cure\n|upkeep\n|turn|33\n|\n|t:|1700269600\n|move|p2a: PhantomFigther|Spikes|p1a: Rocky Ferrothorn\n|-sidestart|p1: JP Guias|Spikes\n|move|p1a: Rocky Ferrothorn|Recover|p1a: Rocky Ferrothorn\n|-heal|p1a: Rocky Ferrothorn|100\/100\n|\n|-damage|p2a: PhantomFigther|54\/100|[from] Salt Cure\n|upkeep\n|turn|34\n|\n|t:|1700269605\n|move|p2a: PhantomFigther|Roost|p2a: PhantomFigther\n|-heal|p2a: PhantomFigther|100\/100\n|move|p1a: Rocky Ferrothorn|Body Press|p2a: PhantomFigther\n|-damage|p2a: PhantomFigther|86\/100\n|-damage|p1a: Rocky Ferrothorn|84\/100|[from] item: Rocky Helmet|[of] p2a: PhantomFigther\n|\n|-heal|p1a: Rocky Ferrothorn|90\/100|[from] item: Leftovers\n|-damage|p2a: PhantomFigther|73\/100|[from] Salt Cure\n|upkeep\n|turn|35\n|inactive|subnori has 270 seconds left.\n|\n|t:|1700269639\n|move|p2a: PhantomFigther|Spikes|p1a: Rocky Ferrothorn\n|-sidestart|p1: JP Guias|Spikes\n|move|p1a: Rocky Ferrothorn|Body Press|p2a: PhantomFigther\n|-damage|p2a: PhantomFigther|60\/100\n|-damage|p1a: Rocky Ferrothorn|73\/100|[from] item: Rocky Helmet|[of] p2a: PhantomFigther\n|\n|-heal|p1a: Rocky Ferrothorn|80\/100|[from] item: Leftovers\n|-damage|p2a: PhantomFigther|47\/100|[from] Salt Cure\n|upkeep\n|turn|36\n|\n|t:|1700269645\n|move|p2a: PhantomFigther|Roost|p2a: PhantomFigther\n|-heal|p2a: PhantomFigther|97\/100\n|move|p1a: Rocky Ferrothorn|Recover|p1a: Rocky Ferrothorn\n|-heal|p1a: Rocky Ferrothorn|100\/100\n|\n|-damage|p2a: PhantomFigther|85\/100|[from] Salt Cure\n|upkeep\n|turn|37\n|\n|t:|1700269649\n|move|p2a: PhantomFigther|Body Press|p1a: Rocky Ferrothorn\n|-supereffective|p1a: Rocky Ferrothorn\n|-damage|p1a: Rocky Ferrothorn|56\/100\n|move|p1a: Rocky Ferrothorn|Iron Defense|p1a: Rocky Ferrothorn\n|-boost|p1a: Rocky Ferrothorn|def|0\n|\n|-heal|p1a: Rocky Ferrothorn|62\/100|[from] item: Leftovers\n|-damage|p2a: PhantomFigther|73\/100|[from] Salt Cure\n|upkeep\n|turn|38\n|\n|t:|1700269654\n|move|p2a: PhantomFigther|Body Press|p1a: Rocky Ferrothorn\n|-supereffective|p1a: Rocky Ferrothorn\n|-damage|p1a: Rocky Ferrothorn|18\/100\n|move|p1a: Rocky Ferrothorn|Recover|p1a: Rocky Ferrothorn\n|-heal|p1a: Rocky Ferrothorn|68\/100\n|\n|-heal|p1a: Rocky Ferrothorn|75\/100|[from] item: Leftovers\n|-damage|p2a: PhantomFigther|60\/100|[from] Salt Cure\n|upkeep\n|turn|39\n|\n|t:|1700269656\n|move|p2a: PhantomFigther|Body Press|p1a: Rocky Ferrothorn\n|-supereffective|p1a: Rocky Ferrothorn\n|-damage|p1a: Rocky Ferrothorn|36\/100\n|move|p1a: Rocky Ferrothorn|Recover|p1a: Rocky Ferrothorn\n|-heal|p1a: Rocky Ferrothorn|86\/100\n|\n|-heal|p1a: Rocky Ferrothorn|92\/100|[from] item: Leftovers\n|-damage|p2a: PhantomFigther|48\/100|[from] Salt Cure\n|upkeep\n|turn|40\n|\n|t:|1700269659\n|move|p2a: PhantomFigther|Body Press|p1a: Rocky Ferrothorn\n|-supereffective|p1a: Rocky Ferrothorn\n|-damage|p1a: Rocky Ferrothorn|50\/100\n|move|p1a: Rocky Ferrothorn|Recover|p1a: Rocky Ferrothorn\n|-heal|p1a: Rocky Ferrothorn|99\/100\n|\n|-heal|p1a: Rocky Ferrothorn|100\/100|[from] item: Leftovers\n|-damage|p2a: PhantomFigther|35\/100|[from] Salt Cure\n|upkeep\n|turn|41\n|\n|t:|1700269668\n|move|p2a: PhantomFigther|Roost|p2a: PhantomFigther\n|-heal|p2a: PhantomFigther|85\/100\n|move|p1a: Rocky Ferrothorn|Body Press|p2a: PhantomFigther\n|-damage|p2a: PhantomFigther|71\/100\n|-damage|p1a: Rocky Ferrothorn|84\/100|[from] item: Rocky Helmet|[of] p2a: PhantomFigther\n|\n|-heal|p1a: Rocky Ferrothorn|90\/100|[from] item: Leftovers\n|-damage|p2a: PhantomFigther|59\/100|[from] Salt Cure\n|upkeep\n|turn|42\n|\n|t:|1700269678\n|move|p2a: PhantomFigther|Body Press|p1a: Rocky Ferrothorn\n|-supereffective|p1a: Rocky Ferrothorn\n|-damage|p1a: Rocky Ferrothorn|51\/100\n|move|p1a: Rocky Ferrothorn|Body Press|p2a: PhantomFigther\n|-damage|p2a: PhantomFigther|45\/100\n|-damage|p1a: Rocky Ferrothorn|34\/100|[from] item: Rocky Helmet|[of] p2a: PhantomFigther\n|\n|-heal|p1a: Rocky Ferrothorn|40\/100|[from] item: Leftovers\n|-damage|p2a: PhantomFigther|33\/100|[from] Salt Cure\n|upkeep\n|turn|43\n|\n|t:|1700269684\n|move|p2a: PhantomFigther|Roost|p2a: PhantomFigther\n|-heal|p2a: PhantomFigther|83\/100\n|move|p1a: Rocky Ferrothorn|Recover|p1a: Rocky Ferrothorn\n|-heal|p1a: Rocky Ferrothorn|91\/100\n|\n|-heal|p1a: Rocky Ferrothorn|97\/100|[from] item: Leftovers\n|-damage|p2a: PhantomFigther|71\/100|[from] Salt Cure\n|upkeep\n|turn|44\n|\n|t:|1700269693\n|move|p2a: PhantomFigther|Body Press|p1a: Rocky Ferrothorn\n|-supereffective|p1a: Rocky Ferrothorn\n|-damage|p1a: Rocky Ferrothorn|52\/100\n|move|p1a: Rocky Ferrothorn|Body Press|p2a: PhantomFigther\n|-damage|p2a: PhantomFigther|57\/100\n|-damage|p1a: Rocky Ferrothorn|35\/100|[from] item: Rocky Helmet|[of] p2a: PhantomFigther\n|\n|-heal|p1a: Rocky Ferrothorn|41\/100|[from] item: Leftovers\n|-damage|p2a: PhantomFigther|44\/100|[from] Salt Cure\n|upkeep\n|turn|45\n|\n|t:|1700269697\n|move|p2a: PhantomFigther|Body Press|p1a: Rocky Ferrothorn\n|-supereffective|p1a: Rocky Ferrothorn\n|-damage|p1a: Rocky Ferrothorn|0 fnt\n|faint|p1a: Rocky Ferrothorn\n|\n|-damage|p2a: PhantomFigther|32\/100|[from] Salt Cure\n|upkeep\n|\n|t:|1700269703\n|switch|p1a: Aqua Lee|Urshifu-Rapid-Strike, M|100\/100\n|-damage|p1a: Aqua Lee|94\/100|[from] Stealth Rock\n|-damage|p1a: Aqua Lee|70\/100|[from] Spikes\n|turn|46\n|\n|t:|1700269708\n|move|p1a: Aqua Lee|Close Combat|p2a: PhantomFigther\n|-damage|p2a: PhantomFigther|22\/100\n|-unboost|p1a: Aqua Lee|def|1\n|-unboost|p1a: Aqua Lee|spd|1\n|-damage|p1a: Aqua Lee|53\/100|[from] item: Rocky Helmet|[of] p2a: PhantomFigther\n|move|p2a: PhantomFigther|Roost|p2a: PhantomFigther\n|-heal|p2a: PhantomFigther|72\/100\n|\n|-damage|p2a: PhantomFigther|59\/100|[from] Salt Cure\n|upkeep\n|turn|47\n|\n|t:|1700269712\n|switch|p1a: I'm a cute girl?|Lopunny-Mega, F, shiny|82\/100 par\n|-damage|p1a: I'm a cute girl?|75\/100 par|[from] Stealth Rock\n|-damage|p1a: I'm a cute girl?|50\/100 par|[from] Spikes\n|move|p2a: PhantomFigther|Roost|p2a: PhantomFigther\n|-heal|p2a: PhantomFigther|100\/100\n|\n|-damage|p2a: PhantomFigther|88\/100|[from] Salt Cure\n|upkeep\n|turn|48\n|\n|t:|1700269716\n|cant|p1a: I'm a cute girl?|par\n|move|p2a: PhantomFigther|Body Press|p1a: I'm a cute girl?\n|-supereffective|p1a: I'm a cute girl?\n|-damage|p1a: I'm a cute girl?|0 fnt\n|faint|p1a: I'm a cute girl?\n|\n|-damage|p2a: PhantomFigther|76\/100|[from] Salt Cure\n|upkeep\n|\n|t:|1700269718\n|switch|p1a: Aqua Lee|Urshifu-Rapid-Strike, M|53\/100\n|-damage|p1a: Aqua Lee|47\/100|[from] Stealth Rock\n|-damage|p1a: Aqua Lee|22\/100|[from] Spikes\n|turn|49\n|\n|t:|1700269720\n|move|p1a: Aqua Lee|Surging Strikes|p2a: PhantomFigther\n|-resisted|p2a: PhantomFigther\n|-crit|p2a: PhantomFigther\n|-damage|p2a: PhantomFigther|70\/100\n|-damage|p1a: Aqua Lee|6\/100|[from] item: Rocky Helmet|[of] p2a: PhantomFigther\n|-resisted|p2a: PhantomFigther\n|-crit|p2a: PhantomFigther\n|-damage|p2a: PhantomFigther|64\/100\n|-damage|p1a: Aqua Lee|0 fnt|[from] item: Rocky Helmet|[of] p2a: PhantomFigther\n|faint|p1a: Aqua Lee\n|\n|win|subnori\n|-hitcount|p2a: PhantomFigther|2\n|c|\u2606JP Guias|GG\n|c|\u2606subnori|Se quit\u00f3 la vida\n","uploadtime":1700269732,"views":29,"p1id":"jpguias","p2id":"subnori","formatid":"gen9nationaldex","rating":0,"private":0,"password":""}