{"id":"gen9nationaldex-1989270332","p1":"P4NC4S","p2":"asalqfty4","format":"[Gen 9] National Dex","log":"|j|\u2606P4NC4S\n|j|\u2606asalqfty4\n|t:|1699830196\n|gametype|singles\n|player|p1|P4NC4S|265|1272\n|player|p2|asalqfty4|101|1336\n|teamsize|p1|6\n|teamsize|p2|6\n|gen|9\n|tier|[Gen 9] National Dex\n|rated|\n|rule|HP Percentage Mod: HP is shown in percentages\n|rule|Endless Battle Clause: Forcing endless battles is banned\n|rule|OHKO Clause: OHKO moves are banned\n|rule|Evasion Clause: Evasion abilities, items, and moves are banned\n|rule|Evasion Abilities Clause: Evasion abilities are banned\n|rule|Evasion Items Clause: Evasion items are banned\n|rule|Evasion Moves Clause: Evasion moves are banned\n|rule|Species Clause: Limit one of each Pok\u00e9mon\n|rule|Sleep Clause Mod: Limit one foe put to sleep\n|clearpoke\n|poke|p1|Slurpuff, M|\n|poke|p1|Feraligatr, F|\n|poke|p1|Corsola-Galar, M|\n|poke|p1|Espeon, M|\n|poke|p1|Lopunny, F|\n|poke|p1|Torkoal, M|\n|poke|p2|Aggron, F|\n|poke|p2|Clefable, M|\n|poke|p2|Garganacl, F|\n|poke|p2|Chansey, F|\n|poke|p2|Kyurem|\n|poke|p2|Great Tusk|\n|teampreview\n|\n|t:|1699830204\n|start\n|switch|p1a: Torkoal|Torkoal, M|100\/100\n|switch|p2a: Aggron|Aggron, F|100\/100\n|-weather|SunnyDay|[from] ability: Drought|[of] p1a: Torkoal\n|turn|1\n|\n|t:|1699830214\n|switch|p2a: Garganacl|Garganacl, F|100\/100\n|move|p1a: Torkoal|Yawn|p2a: Garganacl\n|-immune|p2a: Garganacl|[from] ability: Purifying Salt\n|\n|-weather|SunnyDay|[upkeep]\n|upkeep\n|turn|2\n|\n|t:|1699830218\n|move|p2a: Garganacl|Stealth Rock|p1a: Torkoal\n|-sidestart|p1: P4NC4S|move: Stealth Rock\n|move|p1a: Torkoal|Stealth Rock|p2a: Garganacl\n|-sidestart|p2: asalqfty4|move: Stealth Rock\n|\n|-weather|SunnyDay|[upkeep]\n|upkeep\n|turn|3\n|\n|t:|1699830222\n|switch|p1a: Lopunny|Lopunny, F|100\/100\n|-damage|p1a: Lopunny|88\/100|[from] Stealth Rock\n|move|p2a: Garganacl|Salt Cure|p1a: Lopunny\n|-damage|p1a: Lopunny|68\/100\n|-start|p1a: Lopunny|Salt Cure\n|\n|-weather|SunnyDay|[upkeep]\n|-damage|p1a: Lopunny|56\/100|[from] Salt Cure\n|upkeep\n|turn|4\n|\n|t:|1699830228\n|detailschange|p1a: Lopunny|Lopunny-Mega, F\n|-mega|p1a: Lopunny|Lopunny|Lopunnite\n|move|p1a: Lopunny|Power-Up Punch|p2a: Garganacl\n|-supereffective|p2a: Garganacl\n|-damage|p2a: Garganacl|76\/100\n|-boost|p1a: Lopunny|atk|1\n|move|p2a: Garganacl|Salt Cure|p1a: Lopunny\n|-resisted|p1a: Lopunny\n|-damage|p1a: Lopunny|47\/100\n|\n|-weather|SunnyDay|[upkeep]\n|-heal|p2a: Garganacl|82\/100|[from] item: Leftovers\n|-damage|p1a: Lopunny|35\/100|[from] Salt Cure\n|upkeep\n|turn|5\n|\n|t:|1699830234\n|move|p1a: Lopunny|Drain Punch|p2a: Garganacl\n|-supereffective|p2a: Garganacl\n|-damage|p2a: Garganacl|17\/100\n|-heal|p1a: Lopunny|84\/100|[from] drain|[of] p2a: Garganacl\n|move|p2a: Garganacl|Recover|p2a: Garganacl\n|-heal|p2a: Garganacl|67\/100\n|\n|-weather|SunnyDay|[upkeep]\n|-heal|p2a: Garganacl|73\/100|[from] item: Leftovers\n|-damage|p1a: Lopunny|71\/100|[from] Salt Cure\n|upkeep\n|turn|6\n|\n|t:|1699830245\n|move|p1a: Lopunny|Power-Up Punch|p2a: Garganacl\n|-supereffective|p2a: Garganacl\n|-damage|p2a: Garganacl|37\/100\n|-boost|p1a: Lopunny|atk|1\n|move|p2a: Garganacl|Iron Defense|p2a: Garganacl\n|-boost|p2a: Garganacl|def|2\n|\n|-weather|SunnyDay|[upkeep]\n|-heal|p2a: Garganacl|43\/100|[from] item: Leftovers\n|-damage|p1a: Lopunny|59\/100|[from] Salt Cure\n|upkeep\n|turn|7\n|\n|t:|1699830248\n|move|p1a: Lopunny|Drain Punch|p2a: Garganacl\n|-supereffective|p2a: Garganacl\n|-damage|p2a: Garganacl|3\/100\n|-heal|p1a: Lopunny|89\/100|[from] drain|[of] p2a: Garganacl\n|move|p2a: Garganacl|Recover|p2a: Garganacl\n|-heal|p2a: Garganacl|53\/100\n|\n|-weather|SunnyDay|[upkeep]\n|-heal|p2a: Garganacl|59\/100|[from] item: Leftovers\n|-damage|p1a: Lopunny|77\/100|[from] Salt Cure\n|upkeep\n|turn|8\n|\n|t:|1699830251\n|move|p1a: Lopunny|Drain Punch|p2a: Garganacl\n|-supereffective|p2a: Garganacl\n|-damage|p2a: Garganacl|17\/100\n|-heal|p1a: Lopunny|100\/100|[from] drain|[of] p2a: Garganacl\n|move|p2a: Garganacl|Recover|p2a: Garganacl\n|-heal|p2a: Garganacl|67\/100\n|\n|-weather|none\n|-heal|p2a: Garganacl|74\/100|[from] item: Leftovers\n|-damage|p1a: Lopunny|88\/100|[from] Salt Cure\n|upkeep\n|turn|9\n|\n|t:|1699830255\n|move|p1a: Lopunny|Power-Up Punch|p2a: Garganacl\n|-supereffective|p2a: Garganacl\n|-damage|p2a: Garganacl|52\/100\n|-boost|p1a: Lopunny|atk|1\n|move|p2a: Garganacl|Recover|p2a: Garganacl\n|-heal|p2a: Garganacl|100\/100\n|\n|-damage|p1a: Lopunny|76\/100|[from] Salt Cure\n|upkeep\n|turn|10\n|\n|t:|1699830257\n|move|p1a: Lopunny|Drain Punch|p2a: Garganacl\n|-supereffective|p2a: Garganacl\n|-damage|p2a: Garganacl|49\/100\n|-heal|p1a: Lopunny|100\/100|[from] drain|[of] p2a: Garganacl\n|move|p2a: Garganacl|Iron Defense|p2a: Garganacl\n|-boost|p2a: Garganacl|def|2\n|\n|-heal|p2a: Garganacl|55\/100|[from] item: Leftovers\n|-damage|p1a: Lopunny|88\/100|[from] Salt Cure\n|upkeep\n|turn|11\n|\n|t:|1699830262\n|-terastallize|p2a: Garganacl|Ghost\n|move|p1a: Lopunny|Power-Up Punch|p2a: Garganacl\n|-crit|p2a: Garganacl\n|-damage|p2a: Garganacl|13\/100\n|-boost|p1a: Lopunny|atk|1\n|move|p2a: Garganacl|Iron Defense|p2a: Garganacl\n|-boost|p2a: Garganacl|def|2\n|\n|-heal|p2a: Garganacl|19\/100|[from] item: Leftovers\n|-damage|p1a: Lopunny|76\/100|[from] Salt Cure\n|upkeep\n|turn|12\n|\n|t:|1699830268\n|move|p1a: Lopunny|Drain Punch|p2a: Garganacl\n|-damage|p2a: Garganacl|4\/100\n|-heal|p1a: Lopunny|88\/100|[from] drain|[of] p2a: Garganacl\n|move|p2a: Garganacl|Recover|p2a: Garganacl\n|-heal|p2a: Garganacl|54\/100\n|\n|-heal|p2a: Garganacl|60\/100|[from] item: Leftovers\n|-damage|p1a: Lopunny|75\/100|[from] Salt Cure\n|upkeep\n|turn|13\n|\n|t:|1699830272\n|move|p1a: Lopunny|Power-Up Punch|p2a: Garganacl\n|-damage|p2a: Garganacl|51\/100\n|-boost|p1a: Lopunny|atk|1\n|move|p2a: Garganacl|Recover|p2a: Garganacl\n|-heal|p2a: Garganacl|100\/100\n|\n|-damage|p1a: Lopunny|63\/100|[from] Salt Cure\n|upkeep\n|turn|14\n|\n|t:|1699830275\n|move|p1a: Lopunny|Frustration|p2a: Garganacl\n|-crit|p2a: Garganacl\n|-damage|p2a: Garganacl|0 fnt\n|faint|p2a: Garganacl\n|\n|-damage|p1a: Lopunny|51\/100|[from] Salt Cure\n|upkeep\n|c|\u2606asalqfty4|2 critical hits\n|inactive|Battle timer is ON: inactive players will automatically lose when time's up. (requested by P4NC4S)\n|c|\u2606P4NC4S|yes\n|\n|t:|1699830318\n|switch|p2a: Aggron|Aggron, F|100\/100\n|-damage|p2a: Aggron|94\/100|[from] Stealth Rock\n|turn|15\n|\n|t:|1699830321\n|detailschange|p2a: Aggron|Aggron-Mega, F\n|-mega|p2a: Aggron|Aggron|Aggronite\n|move|p1a: Lopunny|Drain Punch|p2a: Aggron\n|-supereffective|p2a: Aggron\n|-damage|p2a: Aggron|3\/100\n|-heal|p1a: Lopunny|100\/100|[from] drain|[of] p2a: Aggron\n|move|p2a: Aggron|Body Press|p1a: Lopunny\n|-supereffective|p1a: Lopunny\n|-damage|p1a: Lopunny|0 fnt\n|faint|p1a: Lopunny\n|\n|upkeep\n|\n|t:|1699830332\n|switch|p1a: Torkoal|Torkoal, M|100\/100\n|-damage|p1a: Torkoal|75\/100|[from] Stealth Rock\n|-weather|SunnyDay|[from] ability: Drought|[of] p1a: Torkoal\n|turn|16\n|\n|t:|1699830336\n|move|p2a: Aggron|Rest|p2a: Aggron\n|-status|p2a: Aggron|slp|[from] move: Rest\n|-heal|p2a: Aggron|100\/100 slp|[silent]\n|move|p1a: Torkoal|Yawn||[still]\n|-fail|p1a: Torkoal\n|\n|-weather|SunnyDay|[upkeep]\n|upkeep\n|turn|17\n|\n|t:|1699830346\n|switch|p2a: Clefable|Clefable, M|100\/100\n|move|p1a: Torkoal|Lava Plume|p2a: Clefable\n|-damage|p2a: Clefable|68\/100\n|-status|p2a: Clefable|brn\n|\n|-weather|SunnyDay|[upkeep]\n|-heal|p2a: Clefable|74\/100 brn|[from] item: Leftovers\n|upkeep\n|turn|18\n|\n|t:|1699830355\n|switch|p1a: Slurpuff|Slurpuff, M|100\/100\n|-damage|p1a: Slurpuff|88\/100|[from] Stealth Rock\n|move|p2a: Clefable|Heal Bell|p2a: Clefable\n|-activate|p2a: Clefable|move: Heal Bell\n|-curestatus|p2a: Clefable|brn|[msg]\n|-curestatus|p2: Aggron|slp|[msg]\n|\n|-weather|SunnyDay|[upkeep]\n|-heal|p2a: Clefable|80\/100|[from] item: Leftovers\n|upkeep\n|turn|19\n|\n|t:|1699830359\n|move|p1a: Slurpuff|Sticky Web|p2a: Clefable\n|-sidestart|p2: asalqfty4|move: Sticky Web\n|move|p2a: Clefable|Moonblast|p1a: Slurpuff\n|-damage|p1a: Slurpuff|47\/100\n|-enditem|p1a: Slurpuff|Sitrus Berry|[eat]\n|-heal|p1a: Slurpuff|72\/100|[from] item: Sitrus Berry\n|\n|-weather|SunnyDay|[upkeep]\n|-heal|p2a: Clefable|86\/100|[from] item: Leftovers\n|upkeep\n|turn|20\n|\n|t:|1699830366\n|move|p1a: Slurpuff|Belly Drum|p1a: Slurpuff\n|-damage|p1a: Slurpuff|22\/100\n|-setboost|p1a: Slurpuff|atk|6|[from] move: Belly Drum\n|move|p2a: Clefable|Moonblast|p1a: Slurpuff\n|-damage|p1a: Slurpuff|0 fnt\n|faint|p1a: Slurpuff\n|\n|-weather|SunnyDay|[upkeep]\n|-heal|p2a: Clefable|92\/100|[from] item: Leftovers\n|upkeep\n|\n|t:|1699830370\n|switch|p1a: Corsola|Corsola-Galar, M|100\/100\n|-damage|p1a: Corsola|88\/100|[from] Stealth Rock\n|turn|21\n|\n|t:|1699830376\n|move|p2a: Clefable|Moonblast|p1a: Corsola\n|-damage|p1a: Corsola|68\/100\n|move|p1a: Corsola|Calm Mind|p1a: Corsola\n|-boost|p1a: Corsola|spa|1\n|-boost|p1a: Corsola|spd|1\n|\n|-weather|SunnyDay|[upkeep]\n|-heal|p2a: Clefable|98\/100|[from] item: Leftovers\n|upkeep\n|turn|22\n|\n|t:|1699830386\n|switch|p2a: Aggron|Aggron-Mega, F|100\/100\n|-damage|p2a: Aggron|94\/100|[from] Stealth Rock\n|-activate|p2a: Aggron|move: Sticky Web\n|-unboost|p2a: Aggron|spe|1\n|move|p1a: Corsola|Calm Mind|p1a: Corsola\n|-boost|p1a: Corsola|spa|1\n|-boost|p1a: Corsola|spd|1\n|\n|-weather|SunnyDay|[upkeep]\n|upkeep\n|turn|23\n|\n|t:|1699830390\n|move|p1a: Corsola|Strength Sap|p2a: Aggron\n|-unboost|p2a: Aggron|atk|1\n|-heal|p1a: Corsola|100\/100\n|move|p2a: Aggron|Roar|p1a: Corsola\n|drag|p1a: Feraligatr|Feraligatr, F|100\/100\n|-damage|p1a: Feraligatr|88\/100|[from] Stealth Rock\n|\n|-weather|none\n|upkeep\n|turn|24\n|\n|t:|1699830396\n|move|p1a: Feraligatr|Dragon Dance|p1a: Feraligatr\n|-boost|p1a: Feraligatr|atk|1\n|-boost|p1a: Feraligatr|spe|1\n|move|p2a: Aggron|Roar|p1a: Feraligatr\n|drag|p1a: Corsola|Corsola-Galar, M|100\/100\n|-damage|p1a: Corsola|88\/100|[from] Stealth Rock\n|\n|upkeep\n|turn|25\n|\n|t:|1699830401\n|move|p1a: Corsola|Will-O-Wisp|p2a: Aggron\n|-status|p2a: Aggron|brn\n|move|p2a: Aggron|Roar|p1a: Corsola\n|drag|p1a: Espeon|Espeon, M|100\/100\n|-damage|p1a: Espeon|88\/100|[from] Stealth Rock\n|\n|-damage|p2a: Aggron|88\/100 brn|[from] brn\n|upkeep\n|turn|26\n|\n|t:|1699830406\n|move|p1a: Espeon|Shadow Ball|p2a: Aggron\n|-damage|p2a: Aggron|64\/100 brn\n|move|p2a: Aggron|Roar|p1a: Espeon\n|move|p1a: Espeon|Roar|p2a: Aggron|[from]ability: Magic Bounce\n|drag|p2a: Clefable|Clefable, M|98\/100\n|-activate|p2a: Clefable|move: Sticky Web\n|-unboost|p2a: Clefable|spe|1\n|\n|-heal|p2a: Clefable|100\/100|[from] item: Leftovers\n|upkeep\n|turn|27\n|\n|t:|1699830411\n|-zpower|p1a: Espeon\n|move|p1a: Espeon|Z-Celebrate|p1a: Espeon|[anim]Celebrate\n|-boost|p1a: Espeon|atk|1|[zeffect]\n|-boost|p1a: Espeon|def|1|[zeffect]\n|-boost|p1a: Espeon|spa|1|[zeffect]\n|-boost|p1a: Espeon|spd|1|[zeffect]\n|-boost|p1a: Espeon|spe|1|[zeffect]\n|-activate|p1a: Espeon|move: Celebrate\n|move|p2a: Clefable|Heal Bell|p2a: Clefable\n|-activate|p2a: Clefable|move: Heal Bell\n|-curestatus|p2: Aggron|brn|[msg]\n|\n|upkeep\n|turn|28\n|\n|t:|1699830417\n|move|p1a: Espeon|Stored Power|p2a: Clefable\n|-damage|p2a: Clefable|18\/100\n|move|p2a: Clefable|Wish|p2a: Clefable\n|\n|-heal|p2a: Clefable|24\/100|[from] item: Leftovers\n|upkeep\n|turn|29\n|\n|t:|1699830422\n|switch|p2a: Aggron|Aggron-Mega, F|64\/100\n|-damage|p2a: Aggron|58\/100|[from] Stealth Rock\n|-activate|p2a: Aggron|move: Sticky Web\n|-unboost|p2a: Aggron|spe|1\n|move|p1a: Espeon|Stored Power|p2a: Aggron\n|-resisted|p2a: Aggron\n|-damage|p2a: Aggron|22\/100\n|\n|-heal|p2a: Aggron|79\/100|[from] move: Wish|[wisher] Clefable\n|upkeep\n|turn|30\n|\n|t:|1699830429\n|move|p1a: Espeon|Shadow Ball|p2a: Aggron\n|-damage|p2a: Aggron|46\/100\n|-unboost|p2a: Aggron|spd|1\n|move|p2a: Aggron|Heavy Slam|p1a: Espeon\n|-damage|p1a: Espeon|22\/100\n|\n|upkeep\n|turn|31\n|\n|t:|1699830437\n|switch|p2a: Chansey|Chansey, F|100\/100\n|-damage|p2a: Chansey|88\/100|[from] Stealth Rock\n|-activate|p2a: Chansey|move: Sticky Web\n|-unboost|p2a: Chansey|spe|1\n|move|p1a: Espeon|Shadow Ball|p2a: Chansey\n|-immune|p2a: Chansey\n|\n|upkeep\n|turn|32\n|\n|t:|1699830442\n|move|p1a: Espeon|Stored Power|p2a: Chansey\n|-damage|p2a: Chansey|57\/100\n|move|p2a: Chansey|Seismic Toss|p1a: Espeon\n|-damage|p1a: Espeon|0 fnt\n|faint|p1a: Espeon\n|\n|upkeep\n|\n|t:|1699830446\n|switch|p1a: Feraligatr|Feraligatr, F|88\/100\n|-damage|p1a: Feraligatr|76\/100|[from] Stealth Rock\n|turn|33\n|\n|t:|1699830449\n|move|p1a: Feraligatr|Dragon Dance|p1a: Feraligatr\n|-boost|p1a: Feraligatr|atk|1\n|-boost|p1a: Feraligatr|spe|1\n|move|p2a: Chansey|Toxic|p1a: Feraligatr\n|-status|p1a: Feraligatr|tox\n|\n|-damage|p1a: Feraligatr|70\/100 tox|[from] psn\n|upkeep\n|turn|34\n|\n|t:|1699830472\n|-terastallize|p1a: Feraligatr|Water\n|move|p1a: Feraligatr|Liquidation|p2a: Chansey\n|-damage|p2a: Chansey|0 fnt\n|faint|p2a: Chansey\n|\n|-damage|p1a: Feraligatr|58\/100 tox|[from] psn\n|upkeep\n|\n|t:|1699830478\n|switch|p2a: Kyurem|Kyurem|100\/100\n|-ability|p2a: Kyurem|Pressure\n|turn|35\n|\n|t:|1699830491\n|move|p2a: Kyurem|Protect|p2a: Kyurem\n|-singleturn|p2a: Kyurem|Protect\n|move|p1a: Feraligatr|Liquidation|p2a: Kyurem\n|-activate|p2a: Kyurem|move: Protect\n|\n|-damage|p1a: Feraligatr|39\/100 tox|[from] psn\n|upkeep\n|turn|36\n|\n|t:|1699830497\n|move|p1a: Feraligatr|Liquidation|p2a: Kyurem\n|-resisted|p2a: Kyurem\n|-damage|p2a: Kyurem|41\/100\n|move|p2a: Kyurem|Substitute|p2a: Kyurem\n|-start|p2a: Kyurem|Substitute\n|-damage|p2a: Kyurem|16\/100\n|\n|-damage|p1a: Feraligatr|15\/100 tox|[from] psn\n|upkeep\n|turn|37\n|\n|t:|1699830501\n|move|p2a: Kyurem|Protect|p2a: Kyurem\n|-singleturn|p2a: Kyurem|Protect\n|move|p1a: Feraligatr|Crunch|p2a: Kyurem\n|-activate|p2a: Kyurem|move: Protect\n|\n|-damage|p1a: Feraligatr|0 fnt|[from] psn\n|faint|p1a: Feraligatr\n|upkeep\n|\n|t:|1699830504\n|switch|p1a: Corsola|Corsola-Galar, M|88\/100\n|-damage|p1a: Corsola|75\/100|[from] Stealth Rock\n|turn|38\n|\n|t:|1699830509\n|move|p2a: Kyurem|Roost|p2a: Kyurem\n|-heal|p2a: Kyurem|66\/100\n|-singleturn|p2a: Kyurem|move: Roost\n|move|p1a: Corsola|Hex|p2a: Kyurem\n|-activate|p2a: Kyurem|move: Substitute|[damage]\n|\n|upkeep\n|turn|39\n|\n|t:|1699830515\n|move|p2a: Kyurem|Roost|p2a: Kyurem\n|-heal|p2a: Kyurem|100\/100\n|-singleturn|p2a: Kyurem|move: Roost\n|move|p1a: Corsola|Calm Mind|p1a: Corsola\n|-boost|p1a: Corsola|spa|1\n|-boost|p1a: Corsola|spd|1\n|\n|upkeep\n|turn|40\n|\n|t:|1699830521\n|move|p2a: Kyurem|Freeze-Dry|p1a: Corsola\n|-damage|p1a: Corsola|63\/100\n|-status|p1a: Corsola|frz\n|-start|p2a: Kyurem|Disable|Freeze-Dry|[from] ability: Cursed Body|[of] p1a: Corsola\n|cant|p1a: Corsola|frz\n|\n|upkeep\n|turn|41\n|c|\u2606asalqfty4|Oh\n|\n|t:|1699830542\n|move|p2a: Kyurem|Protect|p2a: Kyurem\n|-singleturn|p2a: Kyurem|Protect\n|cant|p1a: Corsola|frz\n|\n|upkeep\n|turn|42\n|\n|t:|1699830548\n|move|p2a: Kyurem|Protect|p2a: Kyurem\n|-singleturn|p2a: Kyurem|Protect\n|cant|p1a: Corsola|frz\n|\n|upkeep\n|turn|43\n|\n|t:|1699830551\n|move|p2a: Kyurem|Protect||[still]\n|-fail|p2a: Kyurem\n|cant|p1a: Corsola|frz\n|\n|-end|p2a: Kyurem|Disable\n|upkeep\n|turn|44\n|\n|t:|1699830558\n|move|p2a: Kyurem|Freeze-Dry|p1a: Corsola\n|-damage|p1a: Corsola|50\/100 frz\n|cant|p1a: Corsola|frz\n|\n|upkeep\n|turn|45\n|\n|t:|1699830562\n|move|p2a: Kyurem|Freeze-Dry|p1a: Corsola\n|-damage|p1a: Corsola|39\/100 frz\n|-start|p2a: Kyurem|Disable|Freeze-Dry|[from] ability: Cursed Body|[of] p1a: Corsola\n|cant|p1a: Corsola|frz\n|\n|upkeep\n|turn|46\n|\n|t:|1699830567\n|move|p2a: Kyurem|Protect|p2a: Kyurem\n|-singleturn|p2a: Kyurem|Protect\n|cant|p1a: Corsola|frz\n|\n|upkeep\n|turn|47\n|\n|t:|1699830571\n|move|p2a: Kyurem|Protect||[still]\n|-fail|p2a: Kyurem\n|cant|p1a: Corsola|frz\n|\n|upkeep\n|turn|48\n|c|\u2606P4NC4S|whay ?\n|\n|t:|1699830576\n|move|p2a: Kyurem|Protect|p2a: Kyurem\n|-singleturn|p2a: Kyurem|Protect\n|cant|p1a: Corsola|frz\n|\n|-end|p2a: Kyurem|Disable\n|upkeep\n|turn|49\n|\n|t:|1699830585\n|switch|p1a: Torkoal|Torkoal, M|75\/100\n|-damage|p1a: Torkoal|50\/100|[from] Stealth Rock\n|-weather|SunnyDay|[from] ability: Drought|[of] p1a: Torkoal\n|move|p2a: Kyurem|Freeze-Dry|p1a: Torkoal\n|-resisted|p1a: Torkoal\n|-damage|p1a: Torkoal|34\/100\n|\n|-weather|SunnyDay|[upkeep]\n|upkeep\n|turn|50\n|\n|t:|1699830591\n|move|p2a: Kyurem|Freeze-Dry|p1a: Torkoal\n|-resisted|p1a: Torkoal\n|-damage|p1a: Torkoal|18\/100\n|move|p1a: Torkoal|Lava Plume|p2a: Kyurem\n|-end|p2a: Kyurem|Substitute\n|\n|-weather|SunnyDay|[upkeep]\n|upkeep\n|turn|51\n|\n|t:|1699830597\n|move|p2a: Kyurem|Freeze-Dry|p1a: Torkoal\n|-resisted|p1a: Torkoal\n|-damage|p1a: Torkoal|2\/100\n|move|p1a: Torkoal|Lava Plume|p2a: Kyurem\n|-damage|p2a: Kyurem|78\/100\n|\n|-weather|SunnyDay|[upkeep]\n|upkeep\n|turn|52\n|c|\u2606P4NC4S|f u c k you\n|c|\u2606asalqfty4|Gg\n|-message|P4NC4S forfeited.\n|\n|win|asalqfty4\n|raw|P4NC4S's rating: 1272 &rarr; <strong>1252<\/strong><br \/>(-20 for losing)\n|raw|asalqfty4's rating: 1336 &rarr; <strong>1352<\/strong><br \/>(+16 for winning)\n","uploadtime":1699830608,"views":4,"p1id":"p4nc4s","p2id":"asalqfty4","formatid":"gen9nationaldex","rating":1252,"private":0,"password":""}