{"id":"gen9nationaldex-1995887466","p1":"221savage","p2":"LBSD","format":"[Gen 9] National Dex","log":"|html|<div class=\"broadcast-blue\"><strong>[Gen 9] National Dex is currently suspecting Sneasler! For information on how to participate check out the <a href=\"https:\/\/www.smogon.com\/forums\/threads\/sv-national-dex-suspect-8-just-dance.3731534\/\">suspect thread<\/a>.<\/strong><\/div>\n|j|\u2606221savage\n|j|\u203dLBSD\n|t:|1700613753\n|gametype|singles\n|player|p1|221savage|101|1455\n|player|p2|LBSD|cynthia-gen4|1497\n|teamsize|p1|6\n|teamsize|p2|6\n|gen|9\n|tier|[Gen 9] National Dex\n|rated|\n|rule|HP Percentage Mod: HP is shown in percentages\n|rule|Endless Battle Clause: Forcing endless battles is banned\n|rule|OHKO Clause: OHKO moves are banned\n|rule|Evasion Clause: Evasion abilities, items, and moves are banned\n|rule|Evasion Abilities Clause: Evasion abilities are banned\n|rule|Evasion Items Clause: Evasion items are banned\n|rule|Evasion Moves Clause: Evasion moves are banned\n|rule|Species Clause: Limit one of each Pok\u00e9mon\n|rule|Sleep Clause Mod: Limit one foe put to sleep\n|clearpoke\n|poke|p1|Blastoise, M|\n|poke|p1|Banette, F|\n|poke|p1|Machamp, M|\n|poke|p1|Darmanitan, F|\n|poke|p1|Tsareena, F|\n|poke|p1|Toxtricity, F|\n|poke|p2|Ursaluna, M|\n|poke|p2|Banette, M|\n|poke|p2|Cresselia, F|\n|poke|p2|Crawdaunt, M|\n|poke|p2|Hatterene, F|\n|poke|p2|Armarouge, F|\n|teampreview\n|c|\u2606221savage|LOL\n|inactive|Battle timer is ON: inactive players will automatically lose when time's up. (requested by LBSD)\n|c|\u2606221savage|picked the wrong team? \ud83d\ude2d\n|\n|t:|1700613769\n|start\n|switch|p1a: Banette|Banette, F|100\/100\n|switch|p2a: Ursaluna|Ursaluna, M|100\/100\n|turn|1\n|\n|t:|1700613780\n|switch|p1a: Tsareena|Tsareena, F|100\/100\n|move|p2a: Ursaluna|Headlong Rush|p1a: Tsareena\n|-resisted|p1a: Tsareena\n|-damage|p1a: Tsareena|55\/100\n|-unboost|p2a: Ursaluna|def|1\n|-unboost|p2a: Ursaluna|spd|1\n|\n|-status|p2a: Ursaluna|brn|[from] item: Flame Orb\n|upkeep\n|turn|2\n|\n|t:|1700613792\n|switch|p2a: Armarouge|Armarouge, F|100\/100\n|move|p1a: Tsareena|Power Whip|p2a: Armarouge\n|-resisted|p2a: Armarouge\n|-damage|p2a: Armarouge|72\/100\n|\n|upkeep\n|turn|3\n|\n|t:|1700613804\n|switch|p1a: Blastoise|Blastoise, M|100\/100\n|move|p2a: Armarouge|Trick Room|p2a: Armarouge\n|-fieldstart|move: Trick Room|[of] p2a: Armarouge\n|\n|upkeep\n|turn|4\n|c|\u2606221savage|WHAT\n|c|\u2606221savage|ok\n|\n|t:|1700613817\n|move|p2a: Armarouge|Psychic|p1a: Blastoise\n|-damage|p1a: Blastoise|33\/100\n|-damage|p2a: Armarouge|62\/100|[from] item: Life Orb\n|move|p1a: Blastoise|Hydro Pump|p2a: Armarouge\n|-supereffective|p2a: Armarouge\n|-damage|p2a: Armarouge|0 fnt\n|faint|p2a: Armarouge\n|\n|upkeep\n|c|\u2606221savage|youre really pushing it now buddy\n|\n|t:|1700613827\n|switch|p2a: Crawdaunt|Crawdaunt, M|100\/100\n|turn|5\n|\n|t:|1700613833\n|move|p2a: Crawdaunt|Knock Off|p1a: Blastoise\n|-damage|p1a: Blastoise|0 fnt\n|faint|p1a: Blastoise\n|-damage|p2a: Crawdaunt|90\/100|[from] item: Life Orb\n|\n|upkeep\n|inactive|221savage has 120 seconds left.\n|\n|t:|1700613863\n|switch|p1a: Machamp|Machamp, M|100\/100\n|turn|6\n|\n|t:|1700613867\n|switch|p1a: Tsareena|Tsareena, F|55\/100\n|-terastallize|p2a: Crawdaunt|Water\n|move|p2a: Crawdaunt|Crabhammer|p1a: Tsareena\n|-resisted|p1a: Tsareena\n|-damage|p1a: Tsareena|0 fnt\n|faint|p1a: Tsareena\n|-damage|p2a: Crawdaunt|80\/100|[from] item: Life Orb\n|\n|upkeep\n|\n|t:|1700613881\n|switch|p1a: Banette|Banette, F|100\/100\n|turn|7\n|\n|t:|1700613891\n|switch|p2a: Banette|Banette, M|100\/100\n|-item|p1a: Banette|Banettite|[from] ability: Frisk|[of] p2a: Banette|[identify]\n|detailschange|p1a: Banette|Banette-Mega, F\n|-mega|p1a: Banette|Banette|Banettite\n|move|p1a: Banette|Destiny Bond|p1a: Banette\n|-singlemove|p1a: Banette|Destiny Bond\n|\n|-fieldend|move: Trick Room\n|upkeep\n|turn|8\n|\n|t:|1700613903\n|detailschange|p2a: Banette|Banette-Mega, M\n|-mega|p2a: Banette|Banette|Banettite\n|move|p2a: Banette|Encore|p1a: Banette\n|-start|p1a: Banette|Encore\n|move|p1a: Banette|Destiny Bond||[still]\n|-fail|p1a: Banette\n|\n|upkeep\n|turn|9\n|c|\u2606221savage|what ...\n|c|\u2606221savage|THATS IT\n|c|\u2606221savage|NOW IM MAD\n|\n|t:|1700613921\n|switch|p1a: Darmanitan|Darmanitan, F|100\/100\n|move|p2a: Banette|Trick Room|p2a: Banette\n|-fieldstart|move: Trick Room|[of] p2a: Banette\n|\n|upkeep\n|turn|10\n|\n|t:|1700613927\n|move|p2a: Banette|Poltergeist|p1a: Darmanitan|[miss]\n|-miss|p2a: Banette|p1a: Darmanitan\n|move|p1a: Darmanitan|U-turn|p2a: Banette\n|-resisted|p2a: Banette\n|-damage|p2a: Banette|81\/100\n|\n|t:|1700613930\n|switch|p1a: Banette|Banette-Mega, F|100\/100|[from] U-turn\n|\n|upkeep\n|turn|11\n|\n|t:|1700613937\n|move|p1a: Banette|Poltergeist|p2a: Banette\n|-activate|p2a: Banette|move: Poltergeist|Banettite\n|-supereffective|p2a: Banette\n|-damage|p2a: Banette|0 fnt\n|faint|p2a: Banette\n|\n|upkeep\n|\n|t:|1700613944\n|switch|p2a: Crawdaunt|Crawdaunt, M, tera:Water|80\/100\n|turn|12\n|\n|t:|1700613954\n|move|p1a: Banette|Destiny Bond|p1a: Banette\n|-singlemove|p1a: Banette|Destiny Bond\n|move|p2a: Crawdaunt|Knock Off|p1a: Banette\n|-supereffective|p1a: Banette\n|-damage|p1a: Banette|0 fnt\n|faint|p1a: Banette\n|-activate|p1a: Banette|move: Destiny Bond\n|faint|p2a: Crawdaunt\n|\n|upkeep\n|\n|t:|1700613972\n|switch|p2a: Ursaluna|Ursaluna, M|100\/100 brn\n|switch|p1a: Machamp|Machamp, M|100\/100\n|turn|13\n|inactive|221savage has 120 seconds left.\n|\n|t:|1700614001\n|-terastallize|p1a: Machamp|Rock\n|move|p2a: Ursaluna|Facade|p1a: Machamp\n|-resisted|p1a: Machamp\n|-damage|p1a: Machamp|33\/100\n|move|p1a: Machamp|Dynamic Punch|p2a: Ursaluna\n|-supereffective|p2a: Ursaluna\n|-damage|p2a: Ursaluna|0 fnt\n|faint|p2a: Ursaluna\n|-damage|p1a: Machamp|23\/100|[from] item: Life Orb\n|\n|-fieldend|move: Trick Room\n|upkeep\n|inactive|LBSD has 120 seconds left.\n|\n|t:|1700614040\n|switch|p2a: Cresselia|Cresselia, F|100\/100\n|turn|14\n|inactive|LBSD has 120 seconds left.\n|\n|t:|1700614048\n|move|p1a: Machamp|Stone Edge|p2a: Cresselia\n|-crit|p2a: Cresselia\n|-damage|p2a: Cresselia|32\/100\n|-damage|p1a: Machamp|14\/100|[from] item: Life Orb\n|move|p2a: Cresselia|Trick Room|p2a: Cresselia\n|-fieldstart|move: Trick Room|[of] p2a: Cresselia\n|\n|-heal|p2a: Cresselia|39\/100|[from] item: Leftovers\n|upkeep\n|turn|15\n|c|\u2606221savage|NOOOOOOOOOOO\n|\n|t:|1700614060\n|move|p1a: Machamp|Stone Edge|p2a: Cresselia\n|-damage|p2a: Cresselia|0 fnt\n|faint|p2a: Cresselia\n|-damage|p1a: Machamp|4\/100|[from] item: Life Orb\n|\n|upkeep\n|c|\u2606221savage|oh\n|\n|t:|1700614066\n|switch|p2a: Hatterene|Hatterene, F|100\/100\n|turn|16\n|\n|t:|1700614071\n|move|p1a: Machamp|Bullet Punch|p2a: Hatterene\n|-supereffective|p2a: Hatterene\n|-damage|p2a: Hatterene|69\/100\n|-damage|p1a: Machamp|0 fnt|[from] item: Life Orb\n|faint|p1a: Machamp\n|move|p2a: Hatterene|Nuzzle|p1: Machamp|[notarget]\n|-fail|p2a: Hatterene\n|\n|upkeep\n|\n|t:|1700614076\n|switch|p1a: Toxtricity|Toxtricity, F|100\/100\n|turn|17\n|\n|t:|1700614082\n|move|p2a: Hatterene|Misty Explosion|p1a: Toxtricity\n|-resisted|p1a: Toxtricity\n|-damage|p1a: Toxtricity|70\/100\n|faint|p2a: Hatterene\n|\n|win|221savage\n|raw|221savage's rating: 1455 &rarr; <strong>1477<\/strong><br \/>(+22 for winning)\n|raw|LBSD's rating: 1497 &rarr; <strong>1475<\/strong><br \/>(-22 for losing)\n|c|\u2606221savage|gg\n","uploadtime":1700614092,"views":0,"p1id":"221savage","p2id":"lbsd","formatid":"gen9nationaldex","rating":1475,"private":0,"password":""}