{"id":"gen9nationaldex-1990310551","p1":"Chonky_Fox","p2":"merfa","format":"[Gen 9] National Dex","log":"|j|\u2606Chonky_Fox\n|j|\u2606merfa\n|t:|1699954778\n|gametype|singles\n|player|p1|Chonky_Fox|gentleman-gen4|1048\n|player|p2|merfa|lass-gen4dp|1003\n|teamsize|p1|6\n|teamsize|p2|6\n|gen|9\n|tier|[Gen 9] National Dex\n|rated|\n|rule|HP Percentage Mod: HP is shown in percentages\n|rule|Endless Battle Clause: Forcing endless battles is banned\n|rule|OHKO Clause: OHKO moves are banned\n|rule|Evasion Clause: Evasion abilities, items, and moves are banned\n|rule|Evasion Abilities Clause: Evasion abilities are banned\n|rule|Evasion Items Clause: Evasion items are banned\n|rule|Evasion Moves Clause: Evasion moves are banned\n|rule|Species Clause: Limit one of each Pok\u00e9mon\n|rule|Sleep Clause Mod: Limit one foe put to sleep\n|clearpoke\n|poke|p1|Slowking, M|\n|poke|p1|Maushold|\n|poke|p1|Golurk|\n|poke|p1|Heliolisk, F|\n|poke|p1|Sirfetch\u2019d, M|\n|poke|p1|Whimsicott, F|\n|poke|p2|Manaphy|\n|poke|p2|Xurkitree|\n|poke|p2|Bewear, M|\n|poke|p2|Swellow, M|\n|poke|p2|Appletun, F|\n|poke|p2|Diancie|\n|teampreview\n|c|\u2606Chonky_Fox|looks like a fun team\n|c|\u2606Chonky_Fox|gl\n|c|\u2606merfa|glhf\n|\n|t:|1699954822\n|start\n|switch|p1a: Xiao Bao|Heliolisk, F|100\/100\n|switch|p2a: Manaphy|Manaphy|100\/100\n|turn|1\n|\n|t:|1699954831\n|switch|p2a: Appletun|Appletun, F|100\/100\n|move|p1a: Xiao Bao|Volt Switch|p2a: Appletun\n|-resisted|p2a: Appletun\n|-damage|p2a: Appletun|92\/100\n|\n|t:|1699954844\n|switch|p1a: Riposte|Sirfetch\u2019d, M|100\/100|[from] Volt Switch\n|\n|-heal|p2a: Appletun|98\/100|[from] item: Leftovers\n|upkeep\n|turn|2\n|\n|t:|1699954851\n|move|p1a: Riposte|First Impression|p2a: Appletun\n|-supereffective|p2a: Appletun\n|-damage|p2a: Appletun|34\/100\n|move|p2a: Appletun|Leech Seed|p1a: Riposte\n|-start|p1a: Riposte|move: Leech Seed\n|\n|-heal|p2a: Appletun|40\/100|[from] item: Leftovers\n|-damage|p1a: Riposte|88\/100|[from] Leech Seed|[of] p2a: Appletun\n|-heal|p2a: Appletun|50\/100|[silent]\n|upkeep\n|turn|3\n|\n|t:|1699954868\n|move|p1a: Riposte|Brave Bird|p2a: Appletun\n|-supereffective|p2a: Appletun\n|-damage|p2a: Appletun|0 fnt\n|faint|p2a: Appletun\n|-damage|p1a: Riposte|67\/100|[from] Recoil\n|\n|upkeep\n|\n|t:|1699954875\n|switch|p2a: Xurkitree|Xurkitree|100\/100\n|turn|4\n|\n|t:|1699954883\n|switch|p1a: Mythical Jew|Golurk|100\/100\n|move|p2a: Xurkitree|Dazzling Gleam|p1a: Mythical Jew\n|-damage|p1a: Mythical Jew|63\/100\n|\n|upkeep\n|turn|5\n|\n|t:|1699954905\n|switch|p2a: Swellow|Swellow, M|100\/100\n|move|p1a: Mythical Jew|Dynamic Punch|p2a: Swellow\n|-damage|p2a: Swellow|27\/100\n|-start|p2a: Swellow|confusion\n|\n|-status|p2a: Swellow|brn|[from] item: Flame Orb\n|upkeep\n|turn|6\n|\n|t:|1699954947\n|-activate|p2a: Swellow|confusion\n|-damage|p2a: Swellow|7\/100 brn|[from] confusion\n|move|p1a: Mythical Jew|Dynamic Punch|p2a: Swellow\n|-damage|p2a: Swellow|0 fnt\n|faint|p2a: Swellow\n|\n|upkeep\n|\n|t:|1699954958\n|switch|p2a: Bewear|Bewear, M|100\/100\n|turn|7\n|c|\u2606Chonky_Fox|i love bewear\n|\n|t:|1699954982\n|-terastallize|p2a: Bewear|Ghost\n|move|p2a: Bewear|Darkest Lariat|p1a: Mythical Jew\n|-supereffective|p1a: Mythical Jew\n|-damage|p1a: Mythical Jew|12\/100\n|move|p1a: Mythical Jew|Dynamic Punch|p2a: Bewear\n|-immune|p2a: Bewear\n|\n|upkeep\n|turn|8\n|c|\u2606merfa|me too\n|\n|t:|1699955002\n|switch|p1a: Riposte|Sirfetch\u2019d, M|67\/100\n|move|p2a: Bewear|Darkest Lariat|p1a: Riposte\n|-resisted|p1a: Riposte\n|-damage|p1a: Riposte|54\/100\n|\n|upkeep\n|turn|9\n|\n|t:|1699955027\n|move|p1a: Riposte|Knock Off|p2a: Bewear\n|-supereffective|p2a: Bewear\n|-damage|p2a: Bewear|72\/100\n|-damage|p1a: Riposte|37\/100|[from] item: Rocky Helmet|[of] p2a: Bewear\n|-enditem|p2a: Bewear|Rocky Helmet|[from] move: Knock Off|[of] p1a: Riposte\n|move|p2a: Bewear|Close Combat|p1a: Riposte\n|-damage|p1a: Riposte|0 fnt\n|-unboost|p2a: Bewear|def|1\n|-unboost|p2a: Bewear|spd|1\n|faint|p1a: Riposte\n|\n|upkeep\n|\n|t:|1699955046\n|switch|p1a: Xiao Bao|Heliolisk, F|100\/100\n|turn|10\n|\n|t:|1699955064\n|switch|p2a: Xurkitree|Xurkitree|100\/100\n|move|p1a: Xiao Bao|Thunderbolt|p2a: Xurkitree\n|-resisted|p2a: Xurkitree\n|-damage|p2a: Xurkitree|58\/100\n|\n|upkeep\n|turn|11\n|\n|t:|1699955084\n|move|p2a: Xurkitree|Energy Ball|p1a: Xiao Bao\n|-damage|p1a: Xiao Bao|47\/100\n|-unboost|p1a: Xiao Bao|spd|1\n|move|p1a: Xiao Bao|Thunderbolt|p2a: Xurkitree\n|-resisted|p2a: Xurkitree\n|-damage|p2a: Xurkitree|10\/100\n|\n|upkeep\n|turn|12\n|\n|t:|1699955100\n|switch|p1a: Smooth Talker|Whimsicott, F|100\/100\n|move|p2a: Xurkitree|Energy Ball|p1a: Smooth Talker\n|-resisted|p1a: Smooth Talker\n|-damage|p1a: Smooth Talker|84\/100\n|\n|-heal|p1a: Smooth Talker|90\/100|[from] item: Leftovers\n|upkeep\n|turn|13\n|\n|t:|1699955109\n|switch|p2a: Diancie|Diancie|100\/100\n|move|p1a: Smooth Talker|Leech Seed|p2a: Diancie|[miss]\n|-miss|p1a: Smooth Talker|p2a: Diancie\n|\n|-heal|p1a: Smooth Talker|96\/100|[from] item: Leftovers\n|upkeep\n|turn|14\n|\n|t:|1699955129\n|detailschange|p2a: Diancie|Diancie-Mega\n|-mega|p2a: Diancie|Diancie|Diancite\n|move|p1a: Smooth Talker|Leech Seed|p2a: Diancie\n|move|p2a: Diancie|Leech Seed|p1a: Smooth Talker|[from]ability: Magic Bounce\n|-immune|p1a: Smooth Talker\n|move|p2a: Diancie|Mystical Fire|p1a: Smooth Talker\n|-supereffective|p1a: Smooth Talker\n|-damage|p1a: Smooth Talker|40\/100\n|-unboost|p1a: Smooth Talker|spa|1\n|\n|-heal|p1a: Smooth Talker|46\/100|[from] item: Leftovers\n|upkeep\n|turn|15\n|\n|t:|1699955143\n|switch|p1a: Slowking|Slowking, M|100\/100\n|move|p2a: Diancie|Mystical Fire|p1a: Slowking\n|-resisted|p1a: Slowking\n|-damage|p1a: Slowking|90\/100\n|-unboost|p1a: Slowking|spa|1\n|\n|upkeep\n|turn|16\n|\n|t:|1699955158\n|switch|p2a: Manaphy|Manaphy|100\/100\n|move|p1a: Slowking|Scald|p2a: Manaphy\n|-resisted|p2a: Manaphy\n|-damage|p2a: Manaphy|94\/100\n|\n|-heal|p2a: Manaphy|99\/100|[from] item: Leftovers\n|upkeep\n|turn|17\n|\n|t:|1699955169\n|move|p2a: Manaphy|Take Heart|p2a: Manaphy\n|-boost|p2a: Manaphy|spa|1\n|-boost|p2a: Manaphy|spd|1\n|move|p1a: Slowking|Yawn|p2a: Manaphy\n|-start|p2a: Manaphy|move: Yawn|[of] p1a: Slowking\n|\n|-heal|p2a: Manaphy|100\/100|[from] item: Leftovers\n|upkeep\n|turn|18\n|\n|t:|1699955181\n|move|p2a: Manaphy|Take Heart|p2a: Manaphy\n|-boost|p2a: Manaphy|spa|1\n|-boost|p2a: Manaphy|spd|1\n|move|p1a: Slowking|Teleport|p1a: Slowking\n|\n|t:|1699955213\n|switch|p1a: Xiao Bao|Heliolisk, F|47\/100|[from] Teleport\n|\n|-end|p2a: Manaphy|move: Yawn|[silent]\n|-status|p2a: Manaphy|slp\n|upkeep\n|turn|19\n|\n|t:|1699955224\n|move|p1a: Xiao Bao|Thunderbolt|p2a: Manaphy\n|-supereffective|p2a: Manaphy\n|-damage|p2a: Manaphy|55\/100 slp\n|cant|p2a: Manaphy|slp\n|move|p2a: Manaphy|Sleep Talk|p2a: Manaphy\n|move|p2a: Manaphy|Stored Power|p1a: Xiao Bao|[from]move: Sleep Talk\n|-damage|p1a: Xiao Bao|0 fnt\n|faint|p1a: Xiao Bao\n|\n|-heal|p2a: Manaphy|62\/100 slp|[from] item: Leftovers\n|upkeep\n|c|\u2606Chonky_Fox|ooft\n|c|\u2606Chonky_Fox|didn't expect that\n|\n|t:|1699955265\n|switch|p1a: Mythical Jew|Golurk|12\/100\n|turn|20\n|\n|t:|1699955268\n|cant|p2a: Manaphy|slp\n|move|p2a: Manaphy|Sleep Talk|p2a: Manaphy\n|move|p2a: Manaphy|Rest||[from]move: Sleep Talk|[still]\n|-fail|p2a: Manaphy\n|move|p1a: Mythical Jew|Dynamic Punch|p2a: Manaphy\n|-damage|p2a: Manaphy|28\/100 slp\n|-start|p2a: Manaphy|confusion\n|\n|-heal|p2a: Manaphy|35\/100 slp|[from] item: Leftovers\n|upkeep\n|turn|21\n|\n|t:|1699955289\n|-curestatus|p2a: Manaphy|slp|[msg]\n|-activate|p2a: Manaphy|confusion\n|-damage|p2a: Manaphy|28\/100|[from] confusion\n|move|p1a: Mythical Jew|Dynamic Punch|p2a: Manaphy\n|-damage|p2a: Manaphy|0 fnt\n|faint|p2a: Manaphy\n|\n|upkeep\n|c|\u2606merfa|no\uff01\n|c|\u2606Chonky_Fox|oui\n|\n|t:|1699955309\n|switch|p2a: Bewear|Bewear, M, tera:Ghost|72\/100\n|turn|22\n|\n|t:|1699955338\n|move|p2a: Bewear|Darkest Lariat|p1a: Mythical Jew\n|-supereffective|p1a: Mythical Jew\n|-damage|p1a: Mythical Jew|0 fnt\n|faint|p1a: Mythical Jew\n|\n|upkeep\n|\n|t:|1699955372\n|switch|p1a: Smooth Talker|Whimsicott, F|46\/100\n|turn|23\n|\n|t:|1699955385\n|move|p1a: Smooth Talker|Leech Seed|p2a: Bewear\n|-start|p2a: Bewear|move: Leech Seed\n|move|p2a: Bewear|Return|p1a: Smooth Talker\n|-damage|p1a: Smooth Talker|0 fnt\n|faint|p1a: Smooth Talker\n|\n|upkeep\n|\n|t:|1699955416\n|switch|p1a: Slowking|Slowking, M|100\/100\n|turn|24\n|\n|t:|1699955429\n|switch|p2a: Xurkitree|Xurkitree|10\/100\n|move|p1a: Slowking|Yawn|p2a: Xurkitree\n|-start|p2a: Xurkitree|move: Yawn|[of] p1a: Slowking\n|\n|upkeep\n|turn|25\n|\n|t:|1699955466\n|move|p2a: Xurkitree|Thunderbolt|p1a: Slowking\n|-supereffective|p1a: Slowking\n|-damage|p1a: Slowking|11\/100\n|move|p1a: Slowking|Teleport|p1a: Slowking\n|\n|t:|1699955471\n|switch|p1a: The Cheezel's|Maushold|100\/100|[from] Teleport\n|\n|-end|p2a: Xurkitree|move: Yawn|[silent]\n|-status|p2a: Xurkitree|slp\n|upkeep\n|turn|26\n|\n|t:|1699955479\n|switch|p2a: Bewear|Bewear, M, tera:Ghost|72\/100\n|move|p1a: The Cheezel's|Tidy Up|p1a: The Cheezel's\n|-boost|p1a: The Cheezel's|atk|1\n|-boost|p1a: The Cheezel's|spe|1\n|\n|upkeep\n|turn|27\n|\n|t:|1699955507\n|move|p1a: The Cheezel's|U-turn|p2a: Bewear\n|-resisted|p2a: Bewear\n|-damage|p2a: Bewear|68\/100\n|\n|t:|1699955510\n|switch|p1a: Slowking|Slowking, M|44\/100|[from] U-turn\n|move|p2a: Bewear|Close Combat|p1a: Slowking\n|-resisted|p1a: Slowking\n|-damage|p1a: Slowking|26\/100\n|-unboost|p2a: Bewear|def|1\n|-unboost|p2a: Bewear|spd|1\n|\n|upkeep\n|turn|28\n|\n|t:|1699955528\n|switch|p2a: Xurkitree|Xurkitree|10\/100 slp\n|move|p1a: Slowking|Psychic|p2a: Xurkitree\n|-damage|p2a: Xurkitree|0 fnt\n|faint|p2a: Xurkitree\n|\n|upkeep\n|\n|t:|1699955534\n|switch|p2a: Diancie|Diancie-Mega|100\/100\n|turn|29\n|\n|t:|1699955572\n|move|p2a: Diancie|Moonblast|p1a: Slowking\n|-damage|p1a: Slowking|0 fnt\n|faint|p1a: Slowking\n|\n|upkeep\n|\n|t:|1699955576\n|switch|p1a: The Cheezel's|Maushold|100\/100\n|turn|30\n|\n|t:|1699955590\n|move|p1a: The Cheezel's|Population Bomb|p2a: Diancie\n|-resisted|p2a: Diancie\n|-damage|p2a: Diancie|94\/100\n|-resisted|p2a: Diancie\n|-damage|p2a: Diancie|86\/100\n|-resisted|p2a: Diancie\n|-damage|p2a: Diancie|79\/100\n|-resisted|p2a: Diancie\n|-damage|p2a: Diancie|72\/100\n|-resisted|p2a: Diancie\n|-damage|p2a: Diancie|65\/100\n|-resisted|p2a: Diancie\n|-damage|p2a: Diancie|58\/100\n|-resisted|p2a: Diancie\n|-damage|p2a: Diancie|51\/100\n|-resisted|p2a: Diancie\n|-damage|p2a: Diancie|43\/100\n|-resisted|p2a: Diancie\n|-damage|p2a: Diancie|36\/100\n|-resisted|p2a: Diancie\n|-damage|p2a: Diancie|28\/100\n|-hitcount|p2a: Diancie|10\n|move|p2a: Diancie|Moonblast|p1a: The Cheezel's\n|-damage|p1a: The Cheezel's|8\/100\n|-unboost|p1a: The Cheezel's|spa|1\n|\n|upkeep\n|turn|31\n|\n|t:|1699955616\n|move|p1a: The Cheezel's|Population Bomb|p2a: Diancie\n|-resisted|p2a: Diancie\n|-damage|p2a: Diancie|21\/100\n|-resisted|p2a: Diancie\n|-damage|p2a: Diancie|14\/100\n|-resisted|p2a: Diancie\n|-damage|p2a: Diancie|6\/100\n|-resisted|p2a: Diancie\n|-damage|p2a: Diancie|0 fnt\n|faint|p2a: Diancie\n|-hitcount|p2: Diancie|4\n|\n|upkeep\n|\n|t:|1699955622\n|switch|p2a: Bewear|Bewear, M, tera:Ghost|68\/100\n|turn|32\n|c|\u2606Chonky_Fox|gg, u win!\n|\n|t:|1699955634\n|move|p1a: The Cheezel's|U-turn|p2a: Bewear\n|-resisted|p2a: Bewear\n|-damage|p2a: Bewear|64\/100\n|move|p2a: Bewear|Close Combat|p1a: The Cheezel's\n|-supereffective|p1a: The Cheezel's\n|-damage|p1a: The Cheezel's|0 fnt\n|-unboost|p2a: Bewear|def|1\n|-unboost|p2a: Bewear|spd|1\n|faint|p1a: The Cheezel's\n|\n|win|merfa\n|raw|Chonky_Fox's rating: 1048 &rarr; <strong>1029<\/strong><br \/>(-19 for losing)\n|raw|merfa's rating: 1003 &rarr; <strong>1048<\/strong><br \/>(+45 for winning)\n|c|\u2606merfa|gg\n","uploadtime":1699955645,"views":6,"p1id":"chonkyfox","p2id":"merfa","formatid":"gen9nationaldex","rating":1029,"private":0,"password":""}