{"id":"gen9nationaldex-1990404932","p1":"clayanto","p2":"Nathan2946","format":"[Gen 9] National Dex","log":"|j|\u2606clayanto\n|j|\u2606Nathan2946\n|t:|1699967537\n|gametype|singles\n|player|p1|clayanto|265|1203\n|player|p2|Nathan2946|thorton|1102\n|teamsize|p1|6\n|teamsize|p2|6\n|gen|9\n|tier|[Gen 9] National Dex\n|rated|\n|rule|HP Percentage Mod: HP is shown in percentages\n|rule|Endless Battle Clause: Forcing endless battles is banned\n|rule|OHKO Clause: OHKO moves are banned\n|rule|Evasion Clause: Evasion abilities, items, and moves are banned\n|rule|Evasion Abilities Clause: Evasion abilities are banned\n|rule|Evasion Items Clause: Evasion items are banned\n|rule|Evasion Moves Clause: Evasion moves are banned\n|rule|Species Clause: Limit one of each Pok\u00e9mon\n|rule|Sleep Clause Mod: Limit one foe put to sleep\n|clearpoke\n|poke|p1|Pelipper, M|\n|poke|p1|Greninja-*, M|\n|poke|p1|Swampert, M|\n|poke|p1|Talonflame, M|\n|poke|p1|Zapdos|\n|poke|p1|Ogerpon-Wellspring, F|\n|poke|p2|Inteleon, F|\n|poke|p2|Rillaboom, M|\n|poke|p2|Cinderace, M|\n|poke|p2|Dodrio, M|\n|poke|p2|Sableye, M|\n|poke|p2|Alomomola, F|\n|teampreview\n|inactive|Battle timer is ON: inactive players will automatically lose when time's up. (requested by clayanto)\n|\n|t:|1699967547\n|start\n|switch|p1a: Pelipper|Pelipper, M|100\/100\n|switch|p2a: Sableye|Sableye, M|100\/100\n|-weather|RainDance|[from] ability: Drizzle|[of] p1a: Pelipper\n|turn|1\n|\n|t:|1699967559\n|move|p2a: Sableye|Toxic|p1a: Pelipper\n|-status|p1a: Pelipper|tox\n|move|p1a: Pelipper|Scald|p2a: Sableye\n|-damage|p2a: Sableye|55\/100\n|\n|-weather|RainDance|[upkeep]\n|-damage|p1a: Pelipper|94\/100 tox|[from] psn\n|upkeep\n|turn|2\n|j| gftguhujjjin\n|\n|t:|1699967573\n|switch|p1a: Swampert|Swampert, M|100\/100\n|detailschange|p2a: Sableye|Sableye-Mega, M\n|-mega|p2a: Sableye|Sableye|Sablenite\n|move|p2a: Sableye|Taunt|p1a: Swampert\n|-start|p1a: Swampert|move: Taunt\n|\n|-weather|RainDance|[upkeep]\n|upkeep\n|turn|3\n|l| gftguhujjjin\n|\n|t:|1699967584\n|detailschange|p1a: Swampert|Swampert-Mega, M\n|-mega|p1a: Swampert|Swampert|Swampertite\n|move|p1a: Swampert|Earthquake|p2a: Sableye\n|-crit|p2a: Sableye\n|-damage|p2a: Sableye|0 fnt\n|faint|p2a: Sableye\n|\n|-weather|RainDance|[upkeep]\n|upkeep\n|\n|t:|1699967593\n|switch|p2a: Dodrio|Dodrio, M|100\/100\n|turn|4\n|\n|t:|1699967598\n|-terastallize|p2a: Dodrio|Normal\n|move|p1a: Swampert|Waterfall|p2a: Dodrio\n|-enditem|p2a: Dodrio|Focus Sash\n|-damage|p2a: Dodrio|1\/100\n|move|p2a: Dodrio|Endeavor|p1a: Swampert\n|-damage|p1a: Swampert|1\/100\n|\n|-weather|RainDance|[upkeep]\n|-end|p1a: Swampert|move: Taunt\n|upkeep\n|turn|5\n|\n|t:|1699967610\n|move|p2a: Dodrio|Quick Attack|p1a: Swampert\n|-damage|p1a: Swampert|0 fnt\n|faint|p1a: Swampert\n|\n|-weather|RainDance|[upkeep]\n|upkeep\n|\n|t:|1699967613\n|switch|p1a: Greninja|Greninja, M|100\/100\n|turn|6\n|\n|t:|1699967627\n|move|p1a: Greninja|Water Shuriken|p2a: Dodrio\n|-damage|p2a: Dodrio|0 fnt\n|faint|p2a: Dodrio\n|-ability|p1a: Greninja|Battle Bond|boost\n|-boost|p1a: Greninja|atk|1\n|-boost|p1a: Greninja|spa|1\n|-boost|p1a: Greninja|spe|1\n|-activate|p1a: Greninja|ability: Battle Bond\n|-hitcount|p2: Dodrio|1\n|-damage|p1a: Greninja|91\/100|[from] item: Life Orb\n|\n|-weather|RainDance|[upkeep]\n|upkeep\n|\n|t:|1699967638\n|switch|p2a: Rillaboom|Rillaboom, M|100\/100\n|-fieldstart|move: Grassy Terrain|[from] ability: Grassy Surge|[of] p2a: Rillaboom\n|turn|7\n|\n|t:|1699967643\n|switch|p1a: Zapdos|Zapdos|100\/100\n|move|p2a: Rillaboom|Grassy Glide|p1a: Zapdos\n|-resisted|p1a: Zapdos\n|-damage|p1a: Zapdos|72\/100\n|\n|-weather|RainDance|[upkeep]\n|upkeep\n|turn|8\n|-message|Nathan2946 forfeited.\n|\n|win|clayanto\n|raw|clayanto's rating: 1203 &rarr; <strong>1221<\/strong><br \/>(+18 for winning)\n|raw|Nathan2946's rating: 1102 &rarr; <strong>1084<\/strong><br \/>(-18 for losing)\n|l|\u2606Nathan2946\n","uploadtime":1699967669,"views":5,"p1id":"clayanto","p2id":"nathan2946","formatid":"gen9nationaldex","rating":1084,"private":0,"password":""}