{"id":"gen9nationaldex-1987128652","p1":"nuel5083","p2":"hightopfade69","format":"[Gen 9] National Dex","log":"|j|\u2606nuel5083\n|j|\u203dhightopfade69\n|t:|1699558424\n|gametype|singles\n|player|p1|nuel5083|1|1158\n|player|p2|hightopfade69|102|1255\n|teamsize|p1|6\n|teamsize|p2|6\n|gen|9\n|tier|[Gen 9] National Dex\n|rated|\n|rule|HP Percentage Mod: HP is shown in percentages\n|rule|Endless Battle Clause: Forcing endless battles is banned\n|rule|OHKO Clause: OHKO moves are banned\n|rule|Evasion Clause: Evasion abilities, items, and moves are banned\n|rule|Evasion Abilities Clause: Evasion abilities are banned\n|rule|Evasion Items Clause: Evasion items are banned\n|rule|Evasion Moves Clause: Evasion moves are banned\n|rule|Species Clause: Limit one of each Pok\u00e9mon\n|rule|Sleep Clause Mod: Limit one foe put to sleep\n|clearpoke\n|poke|p1|Swampert, M|\n|poke|p1|Pelipper, F|\n|poke|p1|Barraskewda, F|\n|poke|p1|Raichu-Alola, M|\n|poke|p1|Tapu Koko|\n|poke|p1|Zapdos|\n|poke|p2|Druddigon, M|\n|poke|p2|Banette, M|\n|poke|p2|Tapu Koko|\n|poke|p2|Iron Moth|\n|poke|p2|Dondozo, M|\n|poke|p2|Iron Valiant|\n|teampreview\n|\n|t:|1699558432\n|start\n|switch|p1a: Tapu Koko|Tapu Koko|100\/100\n|switch|p2a: Druddigon|Druddigon, M|100\/100\n|-fieldstart|move: Electric Terrain|[from] ability: Electric Surge|[of] p1a: Tapu Koko\n|turn|1\n|\n|t:|1699558437\n|move|p1a: Tapu Koko|Dazzling Gleam|p2a: Druddigon\n|-supereffective|p2a: Druddigon\n|-damage|p2a: Druddigon|54\/100\n|move|p2a: Druddigon|Stealth Rock|p1a: Tapu Koko\n|-sidestart|p1: nuel5083|move: Stealth Rock\n|\n|upkeep\n|turn|2\n|\n|t:|1699558446\n|switch|p2a: Tapu Koko|Tapu Koko|100\/100\n|move|p1a: Tapu Koko|Volt Switch|p2a: Tapu Koko\n|-resisted|p2a: Tapu Koko\n|-damage|p2a: Tapu Koko|69\/100\n|\n|t:|1699558450\n|switch|p1a: Raichu|Raichu-Alola, M|100\/100|[from] Volt Switch\n|-damage|p1a: Raichu|88\/100|[from] Stealth Rock\n|-enditem|p1a: Raichu|Electric Seed\n|-boost|p1a: Raichu|def|1|[from] item: Electric Seed\n|\n|upkeep\n|turn|3\n|\n|t:|1699558452\n|move|p1a: Raichu|Nasty Plot|p1a: Raichu\n|-boost|p1a: Raichu|spa|2\n|move|p2a: Tapu Koko|Light Screen|p2a: Tapu Koko\n|-sidestart|p2: hightopfade69|move: Light Screen\n|\n|upkeep\n|turn|4\n|\n|t:|1699558455\n|move|p1a: Raichu|Discharge|p2a: Tapu Koko\n|-resisted|p2a: Tapu Koko\n|-damage|p2a: Tapu Koko|36\/100\n|move|p2a: Tapu Koko|U-turn|p1a: Raichu\n|-supereffective|p1a: Raichu\n|-damage|p1a: Raichu|22\/100\n|\n|t:|1699558462\n|switch|p2a: Iron Moth|Iron Moth|100\/100|[from] U-turn\n|-activate|p2a: Iron Moth|ability: Quark Drive\n|-start|p2a: Iron Moth|quarkdrivespe\n|\n|upkeep\n|turn|5\n|\n|t:|1699558475\n|move|p1a: Raichu|Psychic|p2a: Iron Moth\n|-supereffective|p2a: Iron Moth\n|-damage|p2a: Iron Moth|36\/100\n|move|p2a: Iron Moth|Energy Ball|p1a: Raichu\n|-damage|p1a: Raichu|0 fnt\n|faint|p1a: Raichu\n|\n|-fieldend|move: Electric Terrain\n|-end|p2a: Iron Moth|Quark Drive\n|upkeep\n|\n|t:|1699558479\n|switch|p1a: Pelipper|Pelipper, F|100\/100\n|-damage|p1a: Pelipper|75\/100|[from] Stealth Rock\n|-weather|RainDance|[from] ability: Drizzle|[of] p1a: Pelipper\n|turn|6\n|\n|t:|1699558481\n|move|p2a: Iron Moth|Energy Ball|p1a: Pelipper\n|-damage|p1a: Pelipper|9\/100\n|move|p1a: Pelipper|Defog|p2a: Iron Moth\n|-unboost|p2a: Iron Moth|evasion|1\n|-sideend|p2: hightopfade69|move: Light Screen\n|-sideend|p1: nuel5083|Stealth Rock|[from] move: Defog|[of] p1a: Pelipper\n|\n|-weather|RainDance|[upkeep]\n|-heal|p1a: Pelipper|15\/100|[from] item: Leftovers\n|upkeep\n|turn|7\n|\n|t:|1699558489\n|move|p2a: Iron Moth|Energy Ball|p1a: Pelipper\n|-damage|p1a: Pelipper|0 fnt\n|faint|p1a: Pelipper\n|\n|-weather|RainDance|[upkeep]\n|upkeep\n|\n|t:|1699558491\n|switch|p1a: Barraskewda|Barraskewda, F|100\/100\n|turn|8\n|\n|t:|1699558496\n|-end|p2a: Iron Moth|Quark Drive|[silent]\n|switch|p2a: Tapu Koko|Tapu Koko|36\/100\n|-fieldstart|move: Electric Terrain|[from] ability: Electric Surge|[of] p2a: Tapu Koko\n|move|p1a: Barraskewda|Flip Turn|p2a: Tapu Koko\n|-damage|p2a: Tapu Koko|0 fnt\n|faint|p2a: Tapu Koko\n|\n|t:|1699558504\n|switch|p1a: Swampert|Swampert, M|100\/100|[from] Flip Turn\n|\n|-weather|RainDance|[upkeep]\n|upkeep\n|\n|t:|1699558510\n|switch|p2a: Druddigon|Druddigon, M|54\/100\n|turn|9\n|\n|t:|1699558514\n|detailschange|p1a: Swampert|Swampert-Mega, M\n|-mega|p1a: Swampert|Swampert|Swampertite\n|move|p1a: Swampert|Ice Punch|p2a: Druddigon\n|-supereffective|p2a: Druddigon\n|-damage|p2a: Druddigon|0 fnt\n|-damage|p1a: Swampert|88\/100|[from] ability: Rough Skin|[of] p2a: Druddigon\n|-damage|p1a: Swampert|72\/100|[from] item: Rocky Helmet|[of] p2a: Druddigon\n|faint|p2a: Druddigon\n|\n|-weather|RainDance|[upkeep]\n|upkeep\n|\n|t:|1699558526\n|switch|p2a: Dondozo|Dondozo, M|100\/100\n|turn|10\n|\n|t:|1699558530\n|move|p1a: Swampert|Power-Up Punch|p2a: Dondozo\n|-damage|p2a: Dondozo|90\/100\n|-boost|p1a: Swampert|atk|1\n|move|p2a: Dondozo|Curse|p2a: Dondozo\n|-unboost|p2a: Dondozo|spe|1\n|-boost|p2a: Dondozo|atk|1\n|-boost|p2a: Dondozo|def|1\n|\n|-weather|none\n|-heal|p2a: Dondozo|97\/100|[from] item: Leftovers\n|upkeep\n|turn|11\n|\n|t:|1699558536\n|move|p1a: Swampert|Power-Up Punch|p2a: Dondozo\n|-crit|p2a: Dondozo\n|-damage|p2a: Dondozo|81\/100\n|-boost|p1a: Swampert|atk|1\n|move|p2a: Dondozo|Liquidation|p1a: Swampert\n|-damage|p1a: Swampert|14\/100\n|\n|-heal|p2a: Dondozo|87\/100|[from] item: Leftovers\n|upkeep\n|turn|12\n|\n|t:|1699558539\n|move|p1a: Swampert|Earthquake|p2a: Dondozo\n|-damage|p2a: Dondozo|60\/100\n|move|p2a: Dondozo|Liquidation|p1a: Swampert\n|-damage|p1a: Swampert|0 fnt\n|faint|p1a: Swampert\n|\n|-heal|p2a: Dondozo|66\/100|[from] item: Leftovers\n|upkeep\n|\n|t:|1699558542\n|switch|p1a: Tapu Koko|Tapu Koko|100\/100\n|turn|13\n|\n|t:|1699558549\n|-terastallize|p2a: Dondozo|Ground\n|move|p1a: Tapu Koko|Discharge|p2a: Dondozo\n|-immune|p2a: Dondozo\n|move|p2a: Dondozo|Earthquake|p1a: Tapu Koko\n|-supereffective|p1a: Tapu Koko\n|-damage|p1a: Tapu Koko|0 fnt\n|faint|p1a: Tapu Koko\n|\n|-heal|p2a: Dondozo|72\/100|[from] item: Leftovers\n|upkeep\n|\n|t:|1699558552\n|switch|p1a: Zapdos|Zapdos|100\/100\n|turn|14\n|\n|t:|1699558565\n|move|p1a: Zapdos|Rain Dance|p1a: Zapdos\n|-weather|RainDance\n|move|p2a: Dondozo|Liquidation|p1a: Zapdos\n|-damage|p1a: Zapdos|0 fnt\n|faint|p1a: Zapdos\n|\n|-weather|RainDance|[upkeep]\n|-heal|p2a: Dondozo|78\/100|[from] item: Leftovers\n|upkeep\n|\n|t:|1699558569\n|switch|p1a: Barraskewda|Barraskewda, F|100\/100\n|turn|15\n|\n|t:|1699558577\n|move|p1a: Barraskewda|Flip Turn|p2a: Dondozo\n|-supereffective|p2a: Dondozo\n|-damage|p2a: Dondozo|14\/100\n|move|p2a: Dondozo|Earthquake|p1a: Barraskewda\n|-damage|p1a: Barraskewda|0 fnt\n|faint|p1a: Barraskewda\n|\n|win|hightopfade69\n|raw|nuel5083's rating: 1158 &rarr; <strong>1140<\/strong><br \/>(-18 for losing)\n|raw|hightopfade69's rating: 1255 &rarr; <strong>1273<\/strong><br \/>(+18 for winning)\n|l|\u2606nuel5083\n","uploadtime":1699558586,"views":18,"p1id":"nuel5083","p2id":"hightopfade69","formatid":"gen9nationaldex","rating":1140,"private":0,"password":""}