{"id":"gen9nationaldex-1998147995","p1":"baigu2","p2":"The Np sweep","format":"[Gen 9] National Dex","log":"|html|<div class=\"broadcast-blue\"><strong>[Gen 9] National Dex is currently suspecting Sneasler! For information on how to participate check out the <a href=\"https:\/\/www.smogon.com\/forums\/threads\/sv-national-dex-suspect-8-just-dance.3731534\/\">suspect thread<\/a>.<\/strong><\/div>\n|j|\u2606baigu2\n|j|\u203dThe Np sweep\n|t:|1700900642\n|gametype|singles\n|player|p1|baigu2|265|1879\n|player|p2|The Np sweep|hilbert|1835\n|teamsize|p1|6\n|teamsize|p2|6\n|gen|9\n|tier|[Gen 9] National Dex\n|rated|\n|rule|HP Percentage Mod: HP is shown in percentages\n|rule|Endless Battle Clause: Forcing endless battles is banned\n|rule|OHKO Clause: OHKO moves are banned\n|rule|Evasion Clause: Evasion abilities, items, and moves are banned\n|rule|Evasion Abilities Clause: Evasion abilities are banned\n|rule|Evasion Items Clause: Evasion items are banned\n|rule|Evasion Moves Clause: Evasion moves are banned\n|rule|Species Clause: Limit one of each Pok\u00e9mon\n|rule|Sleep Clause Mod: Limit one foe put to sleep\n|clearpoke\n|poke|p1|Ursaluna, M|\n|poke|p1|Slowking, M|\n|poke|p1|Corviknight, F|\n|poke|p1|Hoopa-Unbound|\n|poke|p1|Dragonite, M|\n|poke|p1|Tapu Koko|\n|poke|p2|Ferrothorn, F|\n|poke|p2|Tapu Lele|\n|poke|p2|Iron Valiant|\n|poke|p2|Aegislash, F|\n|poke|p2|Kyurem|\n|poke|p2|Great Tusk|\n|teampreview\n|\n|t:|1700900648\n|start\n|switch|p1a: Tapu Koko|Tapu Koko|100\/100\n|switch|p2a: Kyurem|Kyurem, shiny|100\/100\n|-fieldstart|move: Electric Terrain|[from] ability: Electric Surge|[of] p1a: Tapu Koko\n|-ability|p2a: Kyurem|Pressure\n|turn|1\n|\n|t:|1700900654\n|move|p1a: Tapu Koko|Dazzling Gleam|p2a: Kyurem\n|-supereffective|p2a: Kyurem\n|-damage|p2a: Kyurem|0 fnt\n|faint|p2a: Kyurem\n|\n|upkeep\n|\n|t:|1700900658\n|switch|p2a: Aegislash|Aegislash, F, shiny|100\/100\n|turn|2\n|\n|t:|1700900664\n|switch|p1a: Corviknight|Corviknight, F|100\/100\n|-ability|p1a: Corviknight|Pressure\n|-formechange|p2a: Aegislash|Aegislash-Blade||[from] ability: Stance Change\n|move|p2a: Aegislash|Close Combat|p1a: Corviknight\n|-damage|p1a: Corviknight|80\/100\n|-unboost|p2a: Aegislash|def|1\n|-unboost|p2a: Aegislash|spd|1\n|-damage|p2a: Aegislash|84\/100|[from] item: Rocky Helmet|[of] p1a: Corviknight\n|\n|upkeep\n|turn|3\n|\n|t:|1700900667\n|move|p1a: Corviknight|U-turn|p2a: Aegislash\n|-resisted|p2a: Aegislash\n|-damage|p2a: Aegislash|74\/100\n|inactive|Battle timer is ON: inactive players will automatically lose when time's up. (requested by The Np sweep)\n|\n|t:|1700900677\n|switch|p1a: Dragonite|Dragonite, M|100\/100|[from] U-turn\n|move|p2a: Aegislash|Shadow Ball|p1a: Dragonite\n|-damage|p1a: Dragonite|78\/100\n|\n|upkeep\n|turn|4\n|\n|t:|1700900680\n|switch|p2a: Tapu Lele|Tapu Lele, shiny|100\/100\n|-fieldstart|move: Psychic Terrain|[from] ability: Psychic Surge|[of] p2a: Tapu Lele\n|move|p1a: Dragonite|Fire Punch|p2a: Tapu Lele\n|-damage|p2a: Tapu Lele|38\/100\n|\n|upkeep\n|turn|5\n|\n|t:|1700900689\n|switch|p2a: Aegislash|Aegislash, F, shiny|74\/100\n|switch|p1a: Slowking|Slowking, M|100\/100\n|\n|upkeep\n|turn|6\n|\n|t:|1700900693\n|switch|p1a: Corviknight|Corviknight, F|80\/100\n|-ability|p1a: Corviknight|Pressure\n|-zpower|p2a: Aegislash\n|-formechange|p2a: Aegislash|Aegislash-Blade||[from] ability: Stance Change\n|move|p2a: Aegislash|Never-Ending Nightmare|p1a: Corviknight|[zeffect]\n|-damage|p1a: Corviknight|0 fnt\n|faint|p1a: Corviknight\n|\n|upkeep\n|\n|t:|1700900700\n|switch|p1a: Tapu Koko|Tapu Koko|100\/100\n|-fieldstart|move: Electric Terrain|[from] ability: Electric Surge|[of] p1a: Tapu Koko\n|turn|7\n|\n|t:|1700900706\n|-formechange|p2a: Aegislash|Aegislash||[from] ability: Stance Change\n|move|p2a: Aegislash|King's Shield|p2a: Aegislash\n|-singleturn|p2a: Aegislash|Protect\n|move|p1a: Tapu Koko|Volt Switch|p2a: Aegislash\n|-activate|p2a: Aegislash|move: Protect\n|\n|upkeep\n|turn|8\n|\n|t:|1700900713\n|switch|p1a: Hoopa|Hoopa-Unbound|100\/100\n|switch|p2a: Great Tusk|Great Tusk|100\/100\n|\n|upkeep\n|turn|9\n|\n|t:|1700900717\n|-end|p2a: Great Tusk|Protosynthesis|[silent]\n|switch|p2a: Ferrothorn|Ferrothorn, F|100\/100\n|move|p1a: Hoopa|Psychic|p2a: Ferrothorn\n|-resisted|p2a: Ferrothorn\n|-damage|p2a: Ferrothorn|81\/100\n|-unboost|p2a: Ferrothorn|spd|1\n|\n|-heal|p2a: Ferrothorn|87\/100|[from] item: Leftovers\n|upkeep\n|turn|10\n|\n|t:|1700900720\n|move|p2a: Ferrothorn|Protect|p2a: Ferrothorn\n|-singleturn|p2a: Ferrothorn|Protect\n|-zpower|p1a: Hoopa\n|move|p1a: Hoopa|All-Out Pummeling|p2a: Ferrothorn|[zeffect]\n|-supereffective|p2a: Ferrothorn\n|-zbroken|p2a: Ferrothorn\n|-damage|p2a: Ferrothorn|48\/100\n|\n|-heal|p2a: Ferrothorn|54\/100|[from] item: Leftovers\n|upkeep\n|turn|11\n|\n|t:|1700900724\n|switch|p2a: Iron Valiant|Iron Valiant|100\/100\n|-activate|p2a: Iron Valiant|ability: Quark Drive\n|-start|p2a: Iron Valiant|quarkdrivespe\n|move|p1a: Hoopa|Focus Blast|p2a: Iron Valiant|[miss]\n|-miss|p1a: Hoopa|p2a: Iron Valiant\n|\n|-fieldend|move: Electric Terrain\n|-end|p2a: Iron Valiant|Quark Drive\n|upkeep\n|turn|12\n|\n|t:|1700900729\n|switch|p1a: Slowking|Slowking, M|100\/100\n|move|p2a: Iron Valiant|Close Combat|p1a: Slowking\n|-resisted|p1a: Slowking\n|-damage|p1a: Slowking|63\/100\n|-unboost|p2a: Iron Valiant|def|1\n|-unboost|p2a: Iron Valiant|spd|1\n|-damage|p2a: Iron Valiant|91\/100|[from] item: Life Orb\n|\n|upkeep\n|turn|13\n|\n|t:|1700900731\n|move|p2a: Iron Valiant|Knock Off|p1a: Slowking\n|-supereffective|p1a: Slowking\n|-damage|p1a: Slowking|0 fnt\n|-enditem|p1a: Slowking|Heavy-Duty Boots|[from] move: Knock Off|[of] p2a: Iron Valiant\n|faint|p1a: Slowking\n|-damage|p2a: Iron Valiant|81\/100|[from] item: Life Orb\n|\n|upkeep\n|\n|t:|1700900734\n|switch|p1a: Tapu Koko|Tapu Koko|100\/100\n|-fieldstart|move: Electric Terrain|[from] ability: Electric Surge|[of] p1a: Tapu Koko\n|-activate|p2a: Iron Valiant|ability: Quark Drive\n|-start|p2a: Iron Valiant|quarkdrivespe\n|turn|14\n|\n|t:|1700900739\n|-end|p2a: Iron Valiant|Quark Drive|[silent]\n|switch|p2a: Ferrothorn|Ferrothorn, F|54\/100\n|move|p1a: Tapu Koko|Volt Switch|p2a: Ferrothorn\n|-resisted|p2a: Ferrothorn\n|-damage|p2a: Ferrothorn|37\/100\n|\n|t:|1700900748\n|switch|p1a: \u718a\u5927|Ursaluna, M|100\/100|[from] Volt Switch\n|\n|-heal|p2a: Ferrothorn|43\/100|[from] item: Leftovers\n|-status|p1a: \u718a\u5927|brn|[from] item: Flame Orb\n|upkeep\n|turn|15\n|\n|t:|1700900753\n|switch|p2a: Great Tusk|Great Tusk|100\/100\n|move|p1a: \u718a\u5927|Fire Punch|p2a: Great Tusk\n|-damage|p2a: Great Tusk|78\/100\n|\n|-heal|p2a: Great Tusk|84\/100|[from] item: Leftovers\n|-damage|p1a: \u718a\u5927|94\/100 brn|[from] brn\n|upkeep\n|turn|16\n|\n|t:|1700900759\n|switch|p1a: Hoopa|Hoopa-Unbound|100\/100\n|move|p2a: Great Tusk|Stealth Rock|p1a: Hoopa\n|-sidestart|p1: baigu2|move: Stealth Rock\n|\n|-heal|p2a: Great Tusk|90\/100|[from] item: Leftovers\n|upkeep\n|turn|17\n|\n|t:|1700900776\n|-end|p2a: Great Tusk|Protosynthesis|[silent]\n|switch|p2a: Ferrothorn|Ferrothorn, F|43\/100\n|move|p1a: Hoopa|Psychic|p2a: Ferrothorn\n|-resisted|p2a: Ferrothorn\n|-damage|p2a: Ferrothorn|23\/100\n|\n|-heal|p2a: Ferrothorn|29\/100|[from] item: Leftovers\n|upkeep\n|turn|18\n|\n|t:|1700900780\n|move|p2a: Ferrothorn|Protect|p2a: Ferrothorn\n|-singleturn|p2a: Ferrothorn|Protect\n|move|p1a: Hoopa|Dark Pulse|p2a: Ferrothorn\n|-activate|p2a: Ferrothorn|move: Protect\n|\n|-heal|p2a: Ferrothorn|36\/100|[from] item: Leftovers\n|-fieldend|move: Electric Terrain\n|upkeep\n|turn|19\n|\n|t:|1700900784\n|move|p1a: Hoopa|Dark Pulse|p2a: Ferrothorn\n|-damage|p2a: Ferrothorn|3\/100\n|move|p2a: Ferrothorn|Leech Seed|p1a: Hoopa\n|-start|p1a: Hoopa|move: Leech Seed\n|\n|-heal|p2a: Ferrothorn|9\/100|[from] item: Leftovers\n|-damage|p1a: Hoopa|88\/100|[from] Leech Seed|[of] p2a: Ferrothorn\n|-heal|p2a: Ferrothorn|20\/100|[silent]\n|upkeep\n|turn|20\n|\n|t:|1700900790\n|switch|p1a: \u718a\u5927|Ursaluna, M|94\/100 brn\n|-damage|p1a: \u718a\u5927|88\/100 brn|[from] Stealth Rock\n|move|p2a: Ferrothorn|Protect||[still]\n|-fail|p2a: Ferrothorn\n|\n|-heal|p2a: Ferrothorn|26\/100|[from] item: Leftovers\n|-damage|p1a: \u718a\u5927|82\/100 brn|[from] brn\n|upkeep\n|turn|21\n|\n|t:|1700900794\n|switch|p2a: Great Tusk|Great Tusk|90\/100\n|move|p1a: \u718a\u5927|Fire Punch|p2a: Great Tusk\n|-damage|p2a: Great Tusk|66\/100\n|\n|-heal|p2a: Great Tusk|73\/100|[from] item: Leftovers\n|-damage|p1a: \u718a\u5927|75\/100 brn|[from] brn\n|upkeep\n|turn|22\n|\n|t:|1700900800\n|switch|p1a: Hoopa|Hoopa-Unbound|88\/100\n|-damage|p1a: Hoopa|76\/100|[from] Stealth Rock\n|move|p2a: Great Tusk|Ice Spinner|p1a: Hoopa\n|-damage|p1a: Hoopa|31\/100\n|\n|-heal|p2a: Great Tusk|79\/100|[from] item: Leftovers\n|upkeep\n|turn|23\n|\n|t:|1700900804\n|-end|p2a: Great Tusk|Protosynthesis|[silent]\n|switch|p2a: Ferrothorn|Ferrothorn, F|26\/100\n|move|p1a: Hoopa|Psychic|p2a: Ferrothorn\n|-resisted|p2a: Ferrothorn\n|-damage|p2a: Ferrothorn|8\/100\n|\n|-heal|p2a: Ferrothorn|14\/100|[from] item: Leftovers\n|upkeep\n|turn|24\n|\n|t:|1700900807\n|move|p1a: Hoopa|Dark Pulse|p2a: Ferrothorn\n|-damage|p2a: Ferrothorn|0 fnt\n|faint|p2a: Ferrothorn\n|\n|upkeep\n|\n|t:|1700900809\n|switch|p2a: Iron Valiant|Iron Valiant|81\/100\n|turn|25\n|\n|t:|1700900817\n|move|p2a: Iron Valiant|Moonblast|p1a: Hoopa\n|-supereffective|p1a: Hoopa\n|-damage|p1a: Hoopa|0 fnt\n|faint|p1a: Hoopa\n|-damage|p2a: Iron Valiant|71\/100|[from] item: Life Orb\n|\n|upkeep\n|\n|t:|1700900819\n|switch|p1a: Tapu Koko|Tapu Koko|100\/100\n|-damage|p1a: Tapu Koko|88\/100|[from] Stealth Rock\n|-fieldstart|move: Electric Terrain|[from] ability: Electric Surge|[of] p1a: Tapu Koko\n|-activate|p2a: Iron Valiant|ability: Quark Drive\n|-start|p2a: Iron Valiant|quarkdrivespe\n|turn|26\n|\n|t:|1700900825\n|-end|p2a: Iron Valiant|Quark Drive|[silent]\n|switch|p2a: Great Tusk|Great Tusk|79\/100\n|move|p1a: Tapu Koko|Dazzling Gleam|p2a: Great Tusk\n|-supereffective|p2a: Great Tusk\n|-damage|p2a: Great Tusk|0 fnt\n|faint|p2a: Great Tusk\n|-end|p2a: Great Tusk|Protosynthesis|[silent]\n|\n|upkeep\n|\n|t:|1700900827\n|switch|p2a: Aegislash|Aegislash, F, shiny|74\/100\n|turn|27\n|\n|t:|1700900833\n|switch|p1a: \u718a\u5927|Ursaluna, M|75\/100 brn\n|-damage|p1a: \u718a\u5927|69\/100 brn|[from] Stealth Rock\n|-formechange|p2a: Aegislash|Aegislash-Blade||[from] ability: Stance Change\n|move|p2a: Aegislash|Close Combat|p1a: \u718a\u5927\n|-supereffective|p1a: \u718a\u5927\n|-damage|p1a: \u718a\u5927|19\/100 brn\n|-unboost|p2a: Aegislash|def|1\n|-unboost|p2a: Aegislash|spd|1\n|\n|-damage|p1a: \u718a\u5927|13\/100 brn|[from] brn\n|upkeep\n|turn|28\n|\n|t:|1700900840\n|-formechange|p2a: Aegislash|Aegislash||[from] ability: Stance Change\n|move|p2a: Aegislash|King's Shield|p2a: Aegislash\n|-singleturn|p2a: Aegislash|Protect\n|move|p1a: \u718a\u5927|Fire Punch|p2a: Aegislash\n|-activate|p2a: Aegislash|move: Protect\n|-unboost|p1a: \u718a\u5927|atk|1\n|\n|-damage|p1a: \u718a\u5927|6\/100 brn|[from] brn\n|upkeep\n|turn|29\n|\n|t:|1700900844\n|-formechange|p2a: Aegislash|Aegislash-Blade||[from] ability: Stance Change\n|move|p2a: Aegislash|Close Combat|p1a: \u718a\u5927\n|-supereffective|p1a: \u718a\u5927\n|-damage|p1a: \u718a\u5927|0 fnt\n|-unboost|p2a: Aegislash|def|1\n|-unboost|p2a: Aegislash|spd|1\n|faint|p1a: \u718a\u5927\n|\n|upkeep\n|\n|t:|1700900848\n|switch|p1a: Tapu Koko|Tapu Koko|88\/100\n|-damage|p1a: Tapu Koko|76\/100|[from] Stealth Rock\n|turn|30\n|\n|t:|1700900856\n|move|p2a: Aegislash|Shadow Sneak|p1a: Tapu Koko\n|-damage|p1a: Tapu Koko|50\/100\n|move|p1a: Tapu Koko|Thunderbolt|p2a: Aegislash\n|-damage|p2a: Aegislash|0 fnt\n|faint|p2a: Aegislash\n|\n|-fieldend|move: Electric Terrain\n|upkeep\n|\n|t:|1700900859\n|switch|p2a: Tapu Lele|Tapu Lele, shiny|38\/100\n|-fieldstart|move: Psychic Terrain|[from] ability: Psychic Surge|[of] p2a: Tapu Lele\n|turn|31\n|\n|t:|1700900861\n|move|p2a: Tapu Lele|Psychic|p1a: Tapu Koko\n|-damage|p1a: Tapu Koko|0 fnt\n|faint|p1a: Tapu Koko\n|\n|upkeep\n|\n|t:|1700900864\n|switch|p1a: Dragonite|Dragonite, M|78\/100\n|-damage|p1a: Dragonite|53\/100|[from] Stealth Rock\n|turn|32\n|\n|t:|1700900867\n|-terastallize|p2a: Tapu Lele|Psychic\n|move|p2a: Tapu Lele|Psychic|p1a: Dragonite\n|-damage|p1a: Dragonite|0 fnt\n|faint|p1a: Dragonite\n|\n|win|The Np sweep\n|raw|baigu2's rating: 1879 &rarr; <strong>1856<\/strong><br \/>(-23 for losing)\n|raw|The Np sweep's rating: 1835 &rarr; <strong>1858<\/strong><br \/>(+23 for winning)\n","uploadtime":1700900870,"views":1,"p1id":"baigu2","p2id":"thenpsweep","formatid":"gen9nationaldex","rating":1856,"private":0,"password":""}