{"id":"gen9nationaldex-1993041493","p1":"Arkmin Cydo","p2":"Urfavegirly","format":"[Gen 9] National Dex","log":"|j|\u2606Arkmin Cydo\n|j|\u203dUrfavegirly\n|t:|1700258322\n|gametype|singles\n|player|p1|Arkmin Cydo|clerk|1050\n|player|p2|Urfavegirly|iris-gen5bw2|1137\n|teamsize|p1|6\n|teamsize|p2|6\n|gen|9\n|tier|[Gen 9] National Dex\n|rated|\n|rule|HP Percentage Mod: HP is shown in percentages\n|rule|Endless Battle Clause: Forcing endless battles is banned\n|rule|OHKO Clause: OHKO moves are banned\n|rule|Evasion Clause: Evasion abilities, items, and moves are banned\n|rule|Evasion Abilities Clause: Evasion abilities are banned\n|rule|Evasion Items Clause: Evasion items are banned\n|rule|Evasion Moves Clause: Evasion moves are banned\n|rule|Species Clause: Limit one of each Pok\u00e9mon\n|rule|Sleep Clause Mod: Limit one foe put to sleep\n|clearpoke\n|poke|p1|Zapdos-Galar|\n|poke|p1|Cinderace, F|\n|poke|p1|Bastiodon, M|\n|poke|p1|Forretress, M|\n|poke|p1|Boltund, F|\n|poke|p1|Arcanine-Hisui, F|\n|poke|p2|Manaphy|\n|poke|p2|Phione|\n|poke|p2|Jirachi|\n|poke|p2|Mew|\n|poke|p2|Celebi|\n|poke|p2|Diancie|\n|teampreview\n|inactive|Battle timer is ON: inactive players will automatically lose when time's up. (requested by Urfavegirly)\n|c|\u2606Arkmin Cydo|what the hell is that\n|inactive|Arkmin Cydo has 120 seconds left.\n|\n|t:|1700258358\n|start\n|switch|p1a: Forretress|Forretress, M|100\/100\n|switch|p2a: Diancie|Diancie, shiny|100\/100\n|turn|1\n|\n|t:|1700258364\n|move|p2a: Diancie|Stealth Rock|p1a: Forretress\n|-sidestart|p1: Arkmin Cydo|move: Stealth Rock\n|move|p1a: Forretress|Stealth Rock|p2a: Diancie\n|-sidestart|p2: Urfavegirly|move: Stealth Rock\n|\n|upkeep\n|turn|2\n|\n|t:|1700258368\n|move|p2a: Diancie|Spikes|p1a: Forretress\n|-sidestart|p1: Arkmin Cydo|Spikes\n|move|p1a: Forretress|Spikes|p2a: Diancie\n|-sidestart|p2: Urfavegirly|Spikes\n|\n|upkeep\n|turn|3\n|\n|t:|1700258372\n|move|p2a: Diancie|Spikes|p1a: Forretress\n|-sidestart|p1: Arkmin Cydo|Spikes\n|move|p1a: Forretress|Rapid Spin|p2a: Diancie\n|-resisted|p2a: Diancie\n|-damage|p2a: Diancie|95\/100\n|-boost|p1a: Forretress|spe|1\n|-sideend|p1: Arkmin Cydo|Spikes|[from] move: Rapid Spin|[of] p1a: Forretress\n|-sideend|p1: Arkmin Cydo|Stealth Rock|[from] move: Rapid Spin|[of] p1a: Forretress\n|\n|upkeep\n|turn|4\n|c|\u2606Arkmin Cydo|choose\n|\n|t:|1700258393\n|move|p2a: Diancie|Diamond Storm|p1a: Forretress|[miss]\n|-miss|p2a: Diancie|p1a: Forretress\n|move|p1a: Forretress|Toxic Spikes|p2a: Diancie\n|-sidestart|p2: Urfavegirly|move: Toxic Spikes\n|\n|upkeep\n|turn|5\n|\n|t:|1700258400\n|move|p2a: Diancie|Play Rough|p1a: Forretress\n|-resisted|p1a: Forretress\n|-damage|p1a: Forretress|85\/100\n|move|p1a: Forretress|Rapid Spin|p2a: Diancie\n|-resisted|p2a: Diancie\n|-damage|p2a: Diancie|90\/100\n|-boost|p1a: Forretress|spe|1\n|\n|upkeep\n|turn|6\n|\n|t:|1700258408\n|move|p1a: Forretress|Spikes|p2a: Diancie\n|-sidestart|p2: Urfavegirly|Spikes\n|move|p2a: Diancie|Diamond Storm|p1a: Forretress\n|-damage|p1a: Forretress|54\/100\n|\n|upkeep\n|turn|7\n|\n|t:|1700258414\n|move|p1a: Forretress|Toxic Spikes|p2a: Diancie\n|-sidestart|p2: Urfavegirly|move: Toxic Spikes\n|move|p2a: Diancie|Diamond Storm|p1a: Forretress\n|-damage|p1a: Forretress|21\/100\n|-boost|p2a: Diancie|def|2\n|\n|upkeep\n|turn|8\n|\n|t:|1700258423\n|move|p1a: Forretress|Rapid Spin|p2a: Diancie\n|-resisted|p2a: Diancie\n|-damage|p2a: Diancie|87\/100\n|-boost|p1a: Forretress|spe|1\n|move|p2a: Diancie|Diamond Storm|p1a: Forretress\n|-damage|p1a: Forretress|0 fnt\n|-boost|p2a: Diancie|def|2\n|faint|p1a: Forretress\n|\n|upkeep\n|\n|t:|1700258431\n|switch|p1a: Bastiodon|Bastiodon, M, shiny|100\/100\n|turn|9\n|\n|t:|1700258436\n|-terastallize|p1a: Bastiodon|Normal\n|move|p2a: Diancie|Stealth Rock|p1a: Bastiodon\n|-sidestart|p1: Arkmin Cydo|move: Stealth Rock\n|move|p1a: Bastiodon|Roar|p2a: Diancie\n|drag|p2a: Mew|Mew, shiny|100\/100\n|-damage|p2a: Mew|88\/100|[from] Stealth Rock\n|-damage|p2a: Mew|72\/100|[from] Spikes\n|-status|p2a: Mew|tox\n|\n|-damage|p2a: Mew|66\/100 tox|[from] psn\n|upkeep\n|turn|10\n|\n|t:|1700258448\n|move|p2a: Mew|Surf|p1a: Bastiodon\n|-damage|p1a: Bastiodon|81\/100\n|move|p1a: Bastiodon|Roar|p2a: Mew\n|drag|p2a: Phione|Phione, shiny|100\/100\n|-damage|p2a: Phione|88\/100|[from] Stealth Rock\n|-damage|p2a: Phione|72\/100|[from] Spikes\n|-status|p2a: Phione|tox\n|\n|-heal|p2a: Phione|78\/100 tox|[from] item: Leftovers\n|-damage|p2a: Phione|72\/100 tox|[from] psn\n|upkeep\n|turn|11\n|\n|t:|1700258461\n|move|p2a: Phione|Brine|p1a: Bastiodon\n|-damage|p1a: Bastiodon|62\/100\n|move|p1a: Bastiodon|Roar|p2a: Phione\n|drag|p2a: Mew|Mew, shiny|66\/100 tox\n|-damage|p2a: Mew|53\/100 tox|[from] Stealth Rock\n|-damage|p2a: Mew|37\/100 tox|[from] Spikes\n|\n|-damage|p2a: Mew|31\/100 tox|[from] psn\n|upkeep\n|turn|12\n|\n|t:|1700258472\n|move|p2a: Mew|Dragon Pulse|p1a: Bastiodon\n|-damage|p1a: Bastiodon|44\/100\n|move|p1a: Bastiodon|Roar|p2a: Mew\n|drag|p2a: Jirachi|Jirachi, shiny|100\/100\n|\n|upkeep\n|turn|13\n|\n|t:|1700258486\n|move|p2a: Jirachi|Doom Desire|p1a: Bastiodon\n|-start|p2a: Jirachi|Doom Desire\n|move|p1a: Bastiodon|Roar|p2a: Jirachi\n|drag|p2a: Diancie|Diancie, shiny|87\/100\n|-damage|p2a: Diancie|75\/100|[from] Stealth Rock\n|-damage|p2a: Diancie|58\/100|[from] Spikes\n|-status|p2a: Diancie|tox\n|\n|-damage|p2a: Diancie|52\/100 tox|[from] psn\n|upkeep\n|turn|14\n|\n|t:|1700258505\n|move|p2a: Diancie|Diamond Storm|p1a: Bastiodon|[miss]\n|-miss|p2a: Diancie|p1a: Bastiodon\n|move|p1a: Bastiodon|Roar|p2a: Diancie\n|drag|p2a: Celebi|Celebi, shiny|100\/100\n|-damage|p2a: Celebi|88\/100|[from] Stealth Rock\n|-damage|p2a: Celebi|72\/100|[from] Spikes\n|-status|p2a: Celebi|tox\n|\n|-heal|p2a: Celebi|78\/100 tox|[from] item: Leftovers\n|-damage|p2a: Celebi|72\/100 tox|[from] psn\n|upkeep\n|turn|15\n|\n|t:|1700258520\n|move|p2a: Celebi|Thunder Wave|p1a: Bastiodon|[miss]\n|-miss|p2a: Celebi|p1a: Bastiodon\n|move|p1a: Bastiodon|Roar|p2a: Celebi\n|-curestatus|p2a: Celebi|tox|[from] ability: Natural Cure\n|drag|p2a: Diancie|Diancie, shiny|52\/100 tox\n|-damage|p2a: Diancie|40\/100 tox|[from] Stealth Rock\n|-damage|p2a: Diancie|23\/100 tox|[from] Spikes\n|\n|-end|p1a: Bastiodon|move: Doom Desire\n|-damage|p1a: Bastiodon|0 fnt\n|faint|p1a: Bastiodon\n|-damage|p2a: Diancie|17\/100 tox|[from] psn\n|upkeep\n|inactive|Arkmin Cydo has 120 seconds left.\n|\n|t:|1700258543\n|switch|p1a: Arcanine|Arcanine-Hisui, F|100\/100\n|-damage|p1a: Arcanine|75\/100|[from] Stealth Rock\n|turn|16\n|\n|t:|1700258549\n|detailschange|p2a: Diancie|Diancie-Mega, shiny\n|-mega|p2a: Diancie|Diancie|Diancite\n|move|p1a: Arcanine|Head Smash|p2a: Diancie\n|-damage|p2a: Diancie|0 fnt\n|faint|p2a: Diancie\n|\n|upkeep\n|\n|t:|1700258555\n|switch|p2a: Jirachi|Jirachi, shiny|100\/100\n|turn|17\n|\n|t:|1700258560\n|move|p1a: Arcanine|Head Smash|p2a: Jirachi\n|-resisted|p2a: Jirachi\n|-damage|p2a: Jirachi|67\/100\n|move|p2a: Jirachi|Ancient Power|p1a: Arcanine\n|-supereffective|p1a: Arcanine\n|-damage|p1a: Arcanine|29\/100\n|\n|upkeep\n|turn|18\n|\n|t:|1700258566\n|move|p1a: Arcanine|Head Smash|p2a: Jirachi\n|-resisted|p2a: Jirachi\n|-damage|p2a: Jirachi|37\/100\n|move|p2a: Jirachi|Ancient Power|p1a: Arcanine\n|-supereffective|p1a: Arcanine\n|-damage|p1a: Arcanine|0 fnt\n|faint|p1a: Arcanine\n|\n|upkeep\n|\n|t:|1700258572\n|switch|p1a: Cinderace|Cinderace, F|100\/100\n|-damage|p1a: Cinderace|76\/100|[from] Stealth Rock\n|turn|19\n|\n|t:|1700258579\n|-zpower|p1a: Cinderace\n|move|p1a: Cinderace|Z-Bulk Up|p1a: Cinderace|[anim]Bulk Up\n|-boost|p1a: Cinderace|atk|1|[zeffect]\n|-start|p1a: Cinderace|typechange|Fighting|[from] ability: Libero\n|-boost|p1a: Cinderace|atk|1\n|-boost|p1a: Cinderace|def|1\n|move|p2a: Jirachi|Ancient Power|p1a: Cinderace\n|-resisted|p1a: Cinderace\n|-damage|p1a: Cinderace|61\/100\n|\n|upkeep\n|turn|20\n|\n|t:|1700258591\n|move|p1a: Cinderace|Pyro Ball|p2a: Jirachi\n|-supereffective|p2a: Jirachi\n|-damage|p2a: Jirachi|0 fnt\n|faint|p2a: Jirachi\n|\n|upkeep\n|\n|t:|1700258596\n|switch|p2a: Manaphy|Manaphy, shiny|100\/100\n|-damage|p2a: Manaphy|88\/100|[from] Stealth Rock\n|-damage|p2a: Manaphy|72\/100|[from] Spikes\n|-status|p2a: Manaphy|tox\n|turn|21\n|\n|t:|1700258602\n|move|p1a: Cinderace|High Jump Kick|p2a: Manaphy\n|-damage|p2a: Manaphy|0 fnt\n|faint|p2a: Manaphy\n|\n|upkeep\n|\n|t:|1700258606\n|switch|p2a: Celebi|Celebi, shiny|72\/100\n|-damage|p2a: Celebi|59\/100|[from] Stealth Rock\n|-damage|p2a: Celebi|43\/100|[from] Spikes\n|-status|p2a: Celebi|tox\n|turn|22\n|\n|t:|1700258613\n|-terastallize|p2a: Celebi|Psychic\n|move|p1a: Cinderace|Pyro Ball|p2a: Celebi\n|-damage|p2a: Celebi|0 fnt\n|faint|p2a: Celebi\n|\n|upkeep\n|\n|t:|1700258619\n|switch|p2a: Phione|Phione, shiny|72\/100 tox\n|-damage|p2a: Phione|59\/100 tox|[from] Stealth Rock\n|-damage|p2a: Phione|43\/100 tox|[from] Spikes\n|turn|23\n|\n|t:|1700258634\n|move|p1a: Cinderace|High Jump Kick|p2a: Phione\n|-damage|p2a: Phione|0 fnt\n|faint|p2a: Phione\n|\n|upkeep\n|\n|t:|1700258639\n|switch|p2a: Mew|Mew, shiny|31\/100 tox\n|-damage|p2a: Mew|18\/100 tox|[from] Stealth Rock\n|-damage|p2a: Mew|2\/100 tox|[from] Spikes\n|turn|24\n|\n|t:|1700258645\n|move|p1a: Cinderace|Pyro Ball|p2a: Mew\n|-damage|p2a: Mew|0 fnt\n|faint|p2a: Mew\n|\n|win|Arkmin Cydo\n|raw|Arkmin Cydo's rating: 1050 &rarr; <strong>1090<\/strong><br \/>(+40 for winning)\n|raw|Urfavegirly's rating: 1137 &rarr; <strong>1106<\/strong><br \/>(-31 for losing)\n","uploadtime":1700258655,"views":12,"p1id":"arkmincydo","p2id":"urfavegirly","formatid":"gen9nationaldex","rating":1090,"private":0,"password":""}