{"id":"gen9nationaldex-1990111087","p1":"electroforez","p2":"Kuzwa","format":"[Gen 9] National Dex","log":"|j|\u2606electroforez\n|j|\u2606Kuzwa\n|t:|1699925715\n|gametype|singles\n|player|p1|electroforez|steven-masters4|1323\n|player|p2|Kuzwa|parasollady|1290\n|teamsize|p1|6\n|teamsize|p2|6\n|gen|9\n|tier|[Gen 9] National Dex\n|rated|\n|rule|HP Percentage Mod: HP is shown in percentages\n|rule|Endless Battle Clause: Forcing endless battles is banned\n|rule|OHKO Clause: OHKO moves are banned\n|rule|Evasion Clause: Evasion abilities, items, and moves are banned\n|rule|Evasion Abilities Clause: Evasion abilities are banned\n|rule|Evasion Items Clause: Evasion items are banned\n|rule|Evasion Moves Clause: Evasion moves are banned\n|rule|Species Clause: Limit one of each Pok\u00e9mon\n|rule|Sleep Clause Mod: Limit one foe put to sleep\n|clearpoke\n|poke|p1|Alomomola, M|\n|poke|p1|Chansey, F|\n|poke|p1|Dondozo, F|\n|poke|p1|Garganacl, M|\n|poke|p1|Sableye, M|\n|poke|p1|Corviknight, M|\n|poke|p2|Gallade, M|\n|poke|p2|Kartana|\n|poke|p2|Weavile, M|\n|poke|p2|Quaquaval, M|\n|poke|p2|Ogerpon-Wellspring, F|\n|poke|p2|Zeraora|\n|teampreview\n|inactive|Battle timer is ON: inactive players will automatically lose when time's up. (requested by electroforez)\n|\n|t:|1699925730\n|start\n|switch|p1a: Sableye|Sableye, M|100\/100\n|switch|p2a: Kamoshida|Quaquaval, M|100\/100\n|turn|1\n|\n|t:|1699925734\n|move|p1a: Sableye|Will-O-Wisp|p2a: Kamoshida|[miss]\n|-miss|p1a: Sableye|p2a: Kamoshida\n|move|p2a: Kamoshida|Aqua Step|p1a: Sableye\n|-damage|p1a: Sableye|44\/100\n|-boost|p2a: Kamoshida|spe|1\n|\n|upkeep\n|turn|2\n|\n|t:|1699925738\n|switch|p1a: Dondozo|Dondozo, F|100\/100\n|move|p2a: Kamoshida|Aqua Step|p1a: Dondozo\n|-resisted|p1a: Dondozo\n|-damage|p1a: Dondozo|92\/100\n|-boost|p2a: Kamoshida|spe|1\n|\n|-heal|p1a: Dondozo|98\/100|[from] item: Leftovers\n|upkeep\n|turn|3\n|\n|t:|1699925742\n|move|p2a: Kamoshida|Brick Break|p1a: Dondozo\n|-damage|p1a: Dondozo|83\/100\n|move|p1a: Dondozo|Curse|p1a: Dondozo\n|-unboost|p1a: Dondozo|spe|1\n|-boost|p1a: Dondozo|atk|1\n|-boost|p1a: Dondozo|def|1\n|\n|-heal|p1a: Dondozo|89\/100|[from] item: Leftovers\n|upkeep\n|turn|4\n|\n|t:|1699925748\n|move|p2a: Kamoshida|Brick Break|p1a: Dondozo\n|-damage|p1a: Dondozo|78\/100\n|move|p1a: Dondozo|Wave Crash|p2a: Kamoshida\n|-resisted|p2a: Kamoshida\n|-damage|p2a: Kamoshida|62\/100\n|-damage|p1a: Dondozo|71\/100|[from] Recoil\n|\n|-heal|p1a: Dondozo|77\/100|[from] item: Leftovers\n|upkeep\n|turn|5\n|\n|t:|1699925751\n|move|p2a: Kamoshida|Brick Break|p1a: Dondozo\n|-damage|p1a: Dondozo|66\/100\n|move|p1a: Dondozo|Wave Crash|p2a: Kamoshida\n|-resisted|p2a: Kamoshida\n|-damage|p2a: Kamoshida|21\/100\n|-damage|p1a: Dondozo|58\/100|[from] Recoil\n|\n|-heal|p1a: Dondozo|64\/100|[from] item: Leftovers\n|upkeep\n|turn|6\n|\n|t:|1699925754\n|move|p2a: Kamoshida|Brick Break|p1a: Dondozo\n|-damage|p1a: Dondozo|53\/100\n|move|p1a: Dondozo|Wave Crash|p2a: Kamoshida\n|-resisted|p2a: Kamoshida\n|-damage|p2a: Kamoshida|0 fnt\n|faint|p2a: Kamoshida\n|-damage|p1a: Dondozo|49\/100|[from] Recoil\n|\n|-heal|p1a: Dondozo|55\/100|[from] item: Leftovers\n|upkeep\n|\n|t:|1699925757\n|switch|p2a: Ken Amada|Zeraora|100\/100\n|turn|7\n|\n|t:|1699925760\n|move|p2a: Ken Amada|Bulk Up|p2a: Ken Amada\n|-boost|p2a: Ken Amada|atk|1\n|-boost|p2a: Ken Amada|def|1\n|move|p1a: Dondozo|Rest|p1a: Dondozo\n|-status|p1a: Dondozo|slp|[from] move: Rest\n|-heal|p1a: Dondozo|100\/100 slp|[silent]\n|\n|upkeep\n|turn|8\n|\n|t:|1699925764\n|move|p2a: Ken Amada|Plasma Fists|p1a: Dondozo\n|-supereffective|p1a: Dondozo\n|-damage|p1a: Dondozo|73\/100 slp\n|-fieldactivate|move: Ion Deluge\n|-hint|Normal-type moves become Electric-type after using Plasma Fists.\n|cant|p1a: Dondozo|slp\n|move|p1a: Dondozo|Sleep Talk|p1a: Dondozo\n|move|p1a: Dondozo|Curse|p1a: Dondozo|[from]move: Sleep Talk\n|-unboost|p1a: Dondozo|spe|1\n|-boost|p1a: Dondozo|atk|1\n|-boost|p1a: Dondozo|def|1\n|\n|-heal|p1a: Dondozo|79\/100 slp|[from] item: Leftovers\n|upkeep\n|turn|9\n|\n|t:|1699925772\n|move|p2a: Ken Amada|Bulk Up|p2a: Ken Amada\n|-boost|p2a: Ken Amada|atk|1\n|-boost|p2a: Ken Amada|def|1\n|cant|p1a: Dondozo|slp\n|move|p1a: Dondozo|Sleep Talk|p1a: Dondozo\n|move|p1a: Dondozo|Rest||[from]move: Sleep Talk|[still]\n|-fail|p1a: Dondozo\n|\n|-heal|p1a: Dondozo|85\/100 slp|[from] item: Leftovers\n|upkeep\n|turn|10\n|\n|t:|1699925780\n|move|p2a: Ken Amada|Bulk Up|p2a: Ken Amada\n|-boost|p2a: Ken Amada|atk|1\n|-boost|p2a: Ken Amada|def|1\n|-curestatus|p1a: Dondozo|slp|[msg]\n|move|p1a: Dondozo|Wave Crash|p2a: Ken Amada\n|-enditem|p2a: Ken Amada|Focus Sash\n|-damage|p2a: Ken Amada|1\/100\n|-damage|p1a: Dondozo|65\/100|[from] Recoil\n|\n|-heal|p1a: Dondozo|71\/100|[from] item: Leftovers\n|upkeep\n|turn|11\n|\n|t:|1699925788\n|move|p2a: Ken Amada|Drain Punch|p1a: Dondozo\n|-damage|p1a: Dondozo|66\/100\n|-heal|p2a: Ken Amada|5\/100|[from] drain|[of] p1a: Dondozo\n|move|p1a: Dondozo|Wave Crash|p2a: Ken Amada\n|-damage|p2a: Ken Amada|0 fnt\n|faint|p2a: Ken Amada\n|-damage|p1a: Dondozo|65\/100|[from] Recoil\n|\n|-heal|p1a: Dondozo|71\/100|[from] item: Leftovers\n|upkeep\n|\n|t:|1699925793\n|switch|p2a: Makoto Yuki|Kartana, shiny|100\/100\n|turn|12\n|\n|t:|1699925797\n|move|p2a: Makoto Yuki|Leaf Blade|p1a: Dondozo\n|-supereffective|p1a: Dondozo\n|-damage|p1a: Dondozo|44\/100\n|move|p1a: Dondozo|Wave Crash|p2a: Makoto Yuki\n|-resisted|p2a: Makoto Yuki\n|-damage|p2a: Makoto Yuki|56\/100\n|-damage|p1a: Dondozo|37\/100|[from] Recoil\n|\n|-heal|p1a: Dondozo|43\/100|[from] item: Leftovers\n|upkeep\n|turn|13\n|\n|t:|1699925803\n|switch|p2a: Aigis|Ogerpon-Wellspring, F|100\/100\n|move|p1a: Dondozo|Wave Crash|p2a: Aigis\n|-immune|p2a: Aigis|[from] ability: Water Absorb\n|\n|-heal|p1a: Dondozo|49\/100|[from] item: Leftovers\n|upkeep\n|turn|14\n|\n|t:|1699925810\n|switch|p1a: Sableye|Sableye, M|44\/100\n|move|p2a: Aigis|U-turn|p1a: Sableye\n|-damage|p1a: Sableye|2\/100\n|\n|t:|1699925815\n|switch|p2a: Makoto Yuki|Kartana, shiny|56\/100|[from] U-turn\n|\n|upkeep\n|turn|15\n|\n|t:|1699925821\n|move|p1a: Sableye|Will-O-Wisp|p2a: Makoto Yuki\n|-status|p2a: Makoto Yuki|brn\n|move|p2a: Makoto Yuki|Smart Strike|p1a: Sableye\n|-damage|p1a: Sableye|0 fnt\n|faint|p1a: Sableye\n|-ability|p2a: Makoto Yuki|Beast Boost|boost\n|-boost|p2a: Makoto Yuki|atk|1\n|\n|-damage|p2a: Makoto Yuki|50\/100 brn|[from] brn\n|upkeep\n|\n|t:|1699925836\n|switch|p1a: Dondozo|Dondozo, F|49\/100\n|turn|16\n|\n|t:|1699925840\n|move|p2a: Makoto Yuki|Leaf Blade|p1a: Dondozo\n|-supereffective|p1a: Dondozo\n|-damage|p1a: Dondozo|20\/100\n|move|p1a: Dondozo|Rest|p1a: Dondozo\n|-status|p1a: Dondozo|slp|[from] move: Rest\n|-heal|p1a: Dondozo|100\/100 slp|[silent]\n|\n|-damage|p2a: Makoto Yuki|44\/100 brn|[from] brn\n|upkeep\n|turn|17\n|\n|t:|1699925844\n|move|p2a: Makoto Yuki|Leaf Blade|p1a: Dondozo\n|-supereffective|p1a: Dondozo\n|-damage|p1a: Dondozo|75\/100 slp\n|cant|p1a: Dondozo|slp\n|\n|-heal|p1a: Dondozo|81\/100 slp|[from] item: Leftovers\n|-damage|p2a: Makoto Yuki|38\/100 brn|[from] brn\n|upkeep\n|turn|18\n|\n|t:|1699925853\n|move|p2a: Makoto Yuki|Leaf Blade|p1a: Dondozo\n|-supereffective|p1a: Dondozo\n|-damage|p1a: Dondozo|55\/100 slp\n|cant|p1a: Dondozo|slp\n|move|p1a: Dondozo|Sleep Talk|p1a: Dondozo\n|move|p1a: Dondozo|Curse|p1a: Dondozo|[from]move: Sleep Talk\n|-unboost|p1a: Dondozo|spe|1\n|-boost|p1a: Dondozo|atk|1\n|-boost|p1a: Dondozo|def|1\n|\n|-heal|p1a: Dondozo|62\/100 slp|[from] item: Leftovers\n|-damage|p2a: Makoto Yuki|32\/100 brn|[from] brn\n|upkeep\n|turn|19\n|\n|t:|1699925859\n|switch|p2a: Aigis|Ogerpon-Wellspring, F|100\/100\n|-curestatus|p1a: Dondozo|slp|[msg]\n|move|p1a: Dondozo|Wave Crash|p2a: Aigis\n|-immune|p2a: Aigis|[from] ability: Water Absorb\n|\n|-heal|p1a: Dondozo|68\/100|[from] item: Leftovers\n|upkeep\n|turn|20\n|\n|t:|1699925868\n|switch|p1a: Corviknight|Corviknight, M|100\/100\n|move|p2a: Aigis|Swords Dance|p2a: Aigis\n|-boost|p2a: Aigis|atk|2\n|\n|upkeep\n|turn|21\n|\n|t:|1699925873\n|-terastallize|p2a: Aigis|Water\n|detailschange|p2a: Aigis|Ogerpon-Wellspring-Tera, F, tera:Water\n|-ability|p2a: Aigis|Embody Aspect (Wellspring)|boost\n|-boost|p2a: Aigis|spd|1\n|move|p2a: Aigis|Swords Dance|p2a: Aigis\n|-boost|p2a: Aigis|atk|2\n|move|p1a: Corviknight|Brave Bird|p2a: Aigis\n|-damage|p2a: Aigis|49\/100\n|-damage|p1a: Corviknight|88\/100|[from] Recoil\n|\n|upkeep\n|turn|22\n|\n|t:|1699925882\n|move|p2a: Aigis|Ivy Cudgel|p1a: Corviknight\n|-damage|p1a: Corviknight|0 fnt\n|faint|p1a: Corviknight\n|\n|upkeep\n|\n|t:|1699925886\n|switch|p1a: Garganacl|Garganacl, M|100\/100\n|turn|23\n|\n|t:|1699925888\n|-terastallize|p1a: Garganacl|Fairy\n|move|p2a: Aigis|Horn Leech|p1a: Garganacl\n|-damage|p1a: Garganacl|37\/100\n|-heal|p2a: Aigis|91\/100|[from] drain|[of] p1a: Garganacl\n|move|p1a: Garganacl|Salt Cure|p2a: Aigis\n|-damage|p2a: Aigis|73\/100\n|-start|p2a: Aigis|Salt Cure\n|\n|-heal|p1a: Garganacl|43\/100|[from] item: Leftovers\n|-damage|p2a: Aigis|48\/100|[from] Salt Cure\n|upkeep\n|turn|24\n|\n|t:|1699925903\n|move|p2a: Aigis|Ivy Cudgel|p1a: Garganacl\n|-damage|p1a: Garganacl|0 fnt\n|faint|p1a: Garganacl\n|\n|-damage|p2a: Aigis|23\/100|[from] Salt Cure\n|upkeep\n|\n|t:|1699925906\n|switch|p1a: Dondozo|Dondozo, F|68\/100\n|turn|25\n|\n|t:|1699925909\n|switch|p2a: Makoto Yuki|Kartana, shiny|32\/100 brn\n|move|p1a: Dondozo|Rest|p1a: Dondozo\n|-status|p1a: Dondozo|slp|[from] move: Rest\n|-heal|p1a: Dondozo|100\/100 slp|[silent]\n|\n|-damage|p2a: Makoto Yuki|26\/100 brn|[from] brn\n|upkeep\n|turn|26\n|\n|t:|1699925916\n|switch|p2a: Aigis|Ogerpon-Wellspring-Tera, F, tera:Water|23\/100\n|-ability|p2a: Aigis|Embody Aspect (Wellspring)|boost\n|-boost|p2a: Aigis|spd|1\n|cant|p1a: Dondozo|slp\n|move|p1a: Dondozo|Sleep Talk|p1a: Dondozo\n|move|p1a: Dondozo|Wave Crash|p2a: Aigis|[from]move: Sleep Talk\n|-resisted|p2a: Aigis\n|-damage|p2a: Aigis|0 fnt\n|faint|p2a: Aigis\n|-damage|p1a: Dondozo|96\/100 slp|[from] Recoil\n|\n|-heal|p1a: Dondozo|100\/100 slp|[from] item: Leftovers\n|upkeep\n|\n|t:|1699925932\n|switch|p2a: Makoto Yuki|Kartana, shiny|26\/100 brn\n|turn|27\n|\n|t:|1699925940\n|move|p2a: Makoto Yuki|Swords Dance|p2a: Makoto Yuki\n|-boost|p2a: Makoto Yuki|atk|2\n|cant|p1a: Dondozo|slp\n|move|p1a: Dondozo|Sleep Talk|p1a: Dondozo\n|move|p1a: Dondozo|Rest||[from]move: Sleep Talk|[still]\n|-fail|p1a: Dondozo\n|\n|-damage|p2a: Makoto Yuki|19\/100 brn|[from] brn\n|upkeep\n|turn|28\n|\n|t:|1699925945\n|move|p2a: Makoto Yuki|Leaf Blade|p1a: Dondozo\n|-supereffective|p1a: Dondozo\n|-damage|p1a: Dondozo|72\/100 slp\n|-curestatus|p1a: Dondozo|slp|[msg]\n|move|p1a: Dondozo|Wave Crash|p2a: Makoto Yuki\n|-resisted|p2a: Makoto Yuki\n|-damage|p2a: Makoto Yuki|0 fnt\n|faint|p2a: Makoto Yuki\n|-damage|p1a: Dondozo|69\/100|[from] Recoil\n|\n|-heal|p1a: Dondozo|75\/100|[from] item: Leftovers\n|upkeep\n|\n|t:|1699925950\n|switch|p2a: Ryoji Mochizuki|Gallade, M, shiny|100\/100\n|turn|29\n|\n|t:|1699925955\n|move|p2a: Ryoji Mochizuki|Sacred Sword|p1a: Dondozo\n|-damage|p1a: Dondozo|43\/100\n|move|p1a: Dondozo|Curse|p1a: Dondozo\n|-unboost|p1a: Dondozo|spe|1\n|-boost|p1a: Dondozo|atk|1\n|-boost|p1a: Dondozo|def|1\n|\n|-heal|p1a: Dondozo|50\/100|[from] item: Leftovers\n|upkeep\n|turn|30\n|\n|t:|1699925958\n|move|p2a: Ryoji Mochizuki|Swords Dance|p2a: Ryoji Mochizuki\n|-boost|p2a: Ryoji Mochizuki|atk|2\n|move|p1a: Dondozo|Rest|p1a: Dondozo\n|-status|p1a: Dondozo|slp|[from] move: Rest\n|-heal|p1a: Dondozo|100\/100 slp|[silent]\n|\n|upkeep\n|turn|31\n|\n|t:|1699925961\n|move|p2a: Ryoji Mochizuki|Sacred Sword|p1a: Dondozo\n|-damage|p1a: Dondozo|71\/100 slp\n|cant|p1a: Dondozo|slp\n|move|p1a: Dondozo|Sleep Talk|p1a: Dondozo\n|move|p1a: Dondozo|Curse|p1a: Dondozo|[from]move: Sleep Talk\n|-unboost|p1a: Dondozo|spe|1\n|-boost|p1a: Dondozo|atk|1\n|-boost|p1a: Dondozo|def|1\n|\n|-heal|p1a: Dondozo|77\/100 slp|[from] item: Leftovers\n|upkeep\n|turn|32\n|\n|t:|1699925968\n|move|p2a: Ryoji Mochizuki|Sacred Sword|p1a: Dondozo\n|-damage|p1a: Dondozo|46\/100 slp\n|cant|p1a: Dondozo|slp\n|move|p1a: Dondozo|Sleep Talk|p1a: Dondozo\n|move|p1a: Dondozo|Curse|p1a: Dondozo|[from]move: Sleep Talk\n|-unboost|p1a: Dondozo|spe|1\n|-boost|p1a: Dondozo|atk|1\n|-boost|p1a: Dondozo|def|1\n|\n|-heal|p1a: Dondozo|52\/100 slp|[from] item: Leftovers\n|upkeep\n|turn|33\n|\n|t:|1699925973\n|move|p2a: Ryoji Mochizuki|Sacred Sword|p1a: Dondozo\n|-damage|p1a: Dondozo|19\/100 slp\n|-curestatus|p1a: Dondozo|slp|[msg]\n|move|p1a: Dondozo|Wave Crash|p2a: Ryoji Mochizuki\n|-damage|p2a: Ryoji Mochizuki|0 fnt\n|faint|p2a: Ryoji Mochizuki\n|-damage|p1a: Dondozo|1\/100|[from] Recoil\n|\n|-heal|p1a: Dondozo|7\/100|[from] item: Leftovers\n|upkeep\n|\n|t:|1699925976\n|switch|p2a: Junpei Iori|Weavile, M, shiny|100\/100\n|turn|34\n|\n|t:|1699925983\n|move|p2a: Junpei Iori|Throat Chop|p1a: Dondozo\n|-damage|p1a: Dondozo|0 fnt\n|faint|p1a: Dondozo\n|\n|upkeep\n|\n|t:|1699925986\n|switch|p1a: Alomomola|Alomomola, M|100\/100\n|turn|35\n|\n|t:|1699925988\n|move|p2a: Junpei Iori|Swords Dance|p2a: Junpei Iori\n|-boost|p2a: Junpei Iori|atk|2\n|move|p1a: Alomomola|Wish|p1a: Alomomola\n|\n|upkeep\n|turn|36\n|\n|t:|1699925992\n|move|p2a: Junpei Iori|Swords Dance|p2a: Junpei Iori\n|-boost|p2a: Junpei Iori|atk|2\n|move|p1a: Alomomola|Scald|p2a: Junpei Iori\n|-damage|p2a: Junpei Iori|83\/100\n|\n|upkeep\n|turn|37\n|\n|t:|1699925995\n|move|p2a: Junpei Iori|Throat Chop|p1a: Alomomola\n|-damage|p1a: Alomomola|35\/100\n|-start|p1a: Alomomola|Throat Chop|[silent]\n|-damage|p2a: Junpei Iori|67\/100|[from] item: Rocky Helmet|[of] p1a: Alomomola\n|move|p1a: Alomomola|Scald|p2a: Junpei Iori\n|-damage|p2a: Junpei Iori|47\/100\n|\n|upkeep\n|turn|38\n|\n|t:|1699926001\n|move|p2a: Junpei Iori|Throat Chop|p1a: Alomomola\n|-crit|p1a: Alomomola\n|-damage|p1a: Alomomola|0 fnt\n|-damage|p2a: Junpei Iori|31\/100|[from] item: Rocky Helmet|[of] p1a: Alomomola\n|faint|p1a: Alomomola\n|\n|upkeep\n|\n|t:|1699926003\n|switch|p1a: Chansey|Chansey, F|100\/100\n|turn|39\n|\n|t:|1699926006\n|move|p2a: Junpei Iori|Throat Chop|p1a: Chansey\n|-damage|p1a: Chansey|0 fnt\n|faint|p1a: Chansey\n|\n|win|Kuzwa\n|raw|electroforez's rating: 1323 &rarr; <strong>1301<\/strong><br \/>(-22 for losing)\n|raw|Kuzwa's rating: 1290 &rarr; <strong>1317<\/strong><br \/>(+27 for winning)\n|l|\u2606electroforez\n","uploadtime":1699926010,"views":9,"p1id":"electroforez","p2id":"kuzwa","formatid":"gen9nationaldex","rating":1301,"private":0,"password":""}