{"id":"gen9nationaldex-1989315777","p1":"Ekkogandr","p2":"AesirEcho","format":"[Gen 9] National Dex","log":"|j|\u2606Ekkogandr\n|j|\u2606AesirEcho\n|n|\u2606Ekkogandr|ekkogandr\n|n|\u2606AesirEcho|aesirecho\n|html|View the match progress at <a href=\"\/game-bestof3-gen9nationaldex-1989308789\">game-bestof3-gen9nationaldex-1989308789<\/a>\n|t:|1699835461\n|gametype|singles\n|player|p1|Ekkogandr|turo-ai|\n|player|p2|AesirEcho|ethan-masters|\n|teamsize|p1|6\n|teamsize|p2|6\n|gen|9\n|tier|[Gen 9] National Dex\n|rule|HP Percentage Mod: HP is shown in percentages\n|rule|Endless Battle Clause: Forcing endless battles is banned\n|rule|OHKO Clause: OHKO moves are banned\n|rule|Evasion Clause: Evasion abilities, items, and moves are banned\n|rule|Evasion Abilities Clause: Evasion abilities are banned\n|rule|Evasion Items Clause: Evasion items are banned\n|rule|Evasion Moves Clause: Evasion moves are banned\n|rule|Species Clause: Limit one of each Pok\u00e9mon\n|rule|Sleep Clause Mod: Limit one foe put to sleep\n|clearpoke\n|poke|p1|Kyurem|\n|poke|p1|Lopunny, M|\n|poke|p1|Tapu Lele|\n|poke|p1|Moltres|\n|poke|p1|Ting-Lu|\n|poke|p1|Landorus-Therian, M|\n|poke|p2|Garchomp, M|\n|poke|p2|Kyurem|\n|poke|p2|Salamence, M|\n|poke|p2|Gyarados, M|\n|poke|p2|Zamazenta-*|\n|poke|p2|Ninetales-Alola, M|\n|teampreview\n|\n|t:|1699835479\n|start\n|switch|p1a: Ting-Lu|Ting-Lu|100\/100\n|switch|p2a: Ninetales|Ninetales-Alola, M|100\/100\n|-weather|Snow|[from] ability: Snow Warning|[of] p2a: Ninetales\n|-ability|p1a: Ting-Lu|Vessel of Ruin\n|turn|1\n|\n|t:|1699835487\n|move|p2a: Ninetales|Aurora Veil|p2a: Ninetales\n|-sidestart|p2: AesirEcho|move: Aurora Veil\n|move|p1a: Ting-Lu|Stealth Rock|p2a: Ninetales\n|-sidestart|p2: AesirEcho|move: Stealth Rock\n|\n|-weather|Snow|[upkeep]\n|upkeep\n|turn|2\n|\n|t:|1699835496\n|switch|p1a: Moltres|Moltres|100\/100\n|move|p2a: Ninetales|Encore||[still]\n|-fail|p2a: Ninetales\n|\n|-weather|Snow|[upkeep]\n|upkeep\n|turn|3\n|\n|t:|1699835502\n|switch|p2a: Salamence|Salamence, M|100\/100\n|move|p1a: Moltres|Flamethrower|p2a: Salamence\n|-resisted|p2a: Salamence\n|-damage|p2a: Salamence|91\/100\n|\n|-weather|Snow|[upkeep]\n|upkeep\n|turn|4\n|\n|t:|1699835508\n|move|p2a: Salamence|Dragon Dance|p2a: Salamence\n|-boost|p2a: Salamence|atk|1\n|-boost|p2a: Salamence|spe|1\n|move|p1a: Moltres|U-turn|p2a: Salamence\n|-resisted|p2a: Salamence\n|-damage|p2a: Salamence|86\/100\n|\n|t:|1699835517\n|switch|p1a: Ting-Lu|Ting-Lu|100\/100|[from] U-turn\n|-ability|p1a: Ting-Lu|Vessel of Ruin\n|\n|-weather|Snow|[upkeep]\n|upkeep\n|turn|5\n|\n|t:|1699835522\n|move|p2a: Salamence|Iron Head|p1a: Ting-Lu\n|-damage|p1a: Ting-Lu|78\/100\n|move|p1a: Ting-Lu|Whirlwind|p2a: Salamence\n|drag|p2a: Gyarados|Gyarados, M|100\/100\n|-damage|p2a: Gyarados|76\/100|[from] Stealth Rock\n|-ability|p2a: Gyarados|Intimidate|boost\n|-unboost|p1a: Ting-Lu|atk|1\n|\n|-weather|none\n|-heal|p1a: Ting-Lu|84\/100|[from] item: Leftovers\n|upkeep\n|turn|6\n|\n|t:|1699835533\n|detailschange|p2a: Gyarados|Gyarados-Mega, M\n|-mega|p2a: Gyarados|Gyarados|Gyaradosite\n|-ability|p2a: Gyarados|Mold Breaker\n|move|p2a: Gyarados|Waterfall|p1a: Ting-Lu\n|-supereffective|p1a: Ting-Lu\n|-damage|p1a: Ting-Lu|34\/100\n|move|p1a: Ting-Lu|Whirlwind|p2a: Gyarados\n|drag|p2a: Ninetales|Ninetales-Alola, M|100\/100\n|-damage|p2a: Ninetales|76\/100|[from] Stealth Rock\n|-weather|Snow|[from] ability: Snow Warning|[of] p2a: Ninetales\n|\n|-weather|Snow|[upkeep]\n|-heal|p1a: Ting-Lu|40\/100|[from] item: Leftovers\n|upkeep\n|turn|7\n|\n|t:|1699835544\n|switch|p1a: Moltres|Moltres|100\/100\n|move|p2a: Ninetales|Freeze-Dry|p1a: Moltres\n|-damage|p1a: Moltres|85\/100\n|\n|-weather|Snow|[upkeep]\n|upkeep\n|turn|8\n|\n|t:|1699835551\n|move|p2a: Ninetales|Safeguard|p2a: Ninetales\n|-sidestart|p2: AesirEcho|Safeguard\n|move|p1a: Moltres|Flamethrower|p2a: Ninetales\n|-supereffective|p2a: Ninetales\n|-damage|p2a: Ninetales|40\/100\n|\n|-weather|Snow|[upkeep]\n|-sideend|p2: AesirEcho|move: Aurora Veil\n|upkeep\n|turn|9\n|\n|t:|1699835558\n|switch|p2a: Salamence|Salamence, M|86\/100\n|move|p1a: Moltres|U-turn|p2a: Salamence\n|-resisted|p2a: Salamence\n|-damage|p2a: Salamence|75\/100\n|\n|t:|1699835561\n|switch|p1a: Tapu Lele|Tapu Lele, shiny|100\/100|[from] U-turn\n|-fieldstart|move: Psychic Terrain|[from] ability: Psychic Surge|[of] p1a: Tapu Lele\n|\n|-weather|Snow|[upkeep]\n|upkeep\n|turn|10\n|\n|t:|1699835568\n|move|p1a: Tapu Lele|Moonblast|p2a: Salamence\n|-supereffective|p2a: Salamence\n|-damage|p2a: Salamence|0 fnt\n|faint|p2a: Salamence\n|\n|-weather|none\n|upkeep\n|\n|t:|1699835580\n|switch|p2a: Kyurem|Kyurem|100\/100\n|-ability|p2a: Kyurem|Pressure\n|turn|11\n|\n|t:|1699835585\n|-terastallize|p2a: Kyurem|Steel\n|move|p1a: Tapu Lele|Moonblast|p2a: Kyurem\n|-resisted|p2a: Kyurem\n|-damage|p2a: Kyurem|76\/100\n|-unboost|p2a: Kyurem|spa|1\n|move|p2a: Kyurem|Substitute|p2a: Kyurem\n|-start|p2a: Kyurem|Substitute\n|-damage|p2a: Kyurem|51\/100\n|\n|upkeep\n|turn|12\n|\n|t:|1699835595\n|switch|p1a: Moltres|Moltres|85\/100\n|move|p2a: Kyurem|Roost|p2a: Kyurem\n|-heal|p2a: Kyurem|100\/100\n|\n|-sideend|p2: AesirEcho|Safeguard\n|upkeep\n|turn|13\n|\n|t:|1699835600\n|move|p2a: Kyurem|Freeze-Dry|p1a: Moltres\n|-damage|p1a: Moltres|66\/100\n|-status|p1a: Moltres|frz\n|cant|p1a: Moltres|frz\n|\n|-fieldend|move: Psychic Terrain\n|upkeep\n|turn|14\n|\n|t:|1699835608\n|move|p2a: Kyurem|Freeze-Dry|p1a: Moltres\n|-damage|p1a: Moltres|47\/100 frz\n|-curestatus|p1a: Moltres|frz|[msg]\n|move|p1a: Moltres|Flamethrower|p2a: Kyurem\n|-supereffective|p2a: Kyurem\n|-end|p2a: Kyurem|Substitute\n|\n|upkeep\n|turn|15\n|\n|t:|1699835616\n|move|p2a: Kyurem|Freeze-Dry|p1a: Moltres\n|-damage|p1a: Moltres|29\/100\n|move|p1a: Moltres|Flamethrower|p2a: Kyurem\n|-supereffective|p2a: Kyurem\n|-damage|p2a: Kyurem|35\/100\n|\n|upkeep\n|turn|16\n|\n|t:|1699835623\n|move|p2a: Kyurem|Roost|p2a: Kyurem\n|-heal|p2a: Kyurem|85\/100\n|move|p1a: Moltres|Roost|p1a: Moltres\n|-heal|p1a: Moltres|79\/100\n|-singleturn|p1a: Moltres|move: Roost\n|\n|upkeep\n|turn|17\n|\n|t:|1699835628\n|move|p2a: Kyurem|Freeze-Dry|p1a: Moltres\n|-damage|p1a: Moltres|61\/100\n|-status|p1a: Moltres|frz\n|-curestatus|p1a: Moltres|frz|[msg]\n|move|p1a: Moltres|Flamethrower|p2a: Kyurem\n|-supereffective|p2a: Kyurem\n|-damage|p2a: Kyurem|19\/100\n|\n|upkeep\n|turn|18\n|\n|t:|1699835633\n|move|p2a: Kyurem|Freeze-Dry|p1a: Moltres\n|-damage|p1a: Moltres|42\/100\n|move|p1a: Moltres|Flamethrower|p2a: Kyurem\n|-supereffective|p2a: Kyurem\n|-damage|p2a: Kyurem|0 fnt\n|faint|p2a: Kyurem\n|\n|upkeep\n|\n|t:|1699835636\n|switch|p2a: Gyarados|Gyarados-Mega, M|76\/100\n|-damage|p2a: Gyarados|63\/100|[from] Stealth Rock\n|-ability|p2a: Gyarados|Mold Breaker\n|turn|19\n|\n|t:|1699835645\n|switch|p1a: Kyurem|Kyurem, shiny|100\/100\n|-ability|p1a: Kyurem|Pressure\n|move|p2a: Gyarados|Dragon Dance|p2a: Gyarados\n|-boost|p2a: Gyarados|atk|1\n|-boost|p2a: Gyarados|spe|1\n|\n|upkeep\n|turn|20\n|\n|t:|1699835651\n|move|p2a: Gyarados|Earthquake|p1a: Kyurem\n|-damage|p1a: Kyurem|50\/100\n|move|p1a: Kyurem|Freeze-Dry|p2a: Gyarados\n|-supereffective|p2a: Gyarados\n|-damage|p2a: Gyarados|4\/100\n|-status|p2a: Gyarados|frz\n|\n|upkeep\n|turn|21\n|\n|t:|1699835660\n|cant|p2a: Gyarados|frz\n|move|p1a: Kyurem|Roost|p1a: Kyurem\n|-heal|p1a: Kyurem|99\/100\n|-singleturn|p1a: Kyurem|move: Roost\n|\n|upkeep\n|turn|22\n|\n|t:|1699835666\n|-curestatus|p2a: Gyarados|frz|[msg]\n|move|p2a: Gyarados|Dragon Dance|p2a: Gyarados\n|-boost|p2a: Gyarados|atk|1\n|-boost|p2a: Gyarados|spe|1\n|move|p1a: Kyurem|Substitute|p1a: Kyurem\n|-start|p1a: Kyurem|Substitute\n|-damage|p1a: Kyurem|75\/100\n|\n|upkeep\n|turn|23\n|\n|t:|1699835670\n|move|p2a: Gyarados|Waterfall|p1a: Kyurem\n|-resisted|p1a: Kyurem\n|-end|p1a: Kyurem|Substitute\n|move|p1a: Kyurem|Freeze-Dry|p2a: Gyarados\n|-supereffective|p2a: Gyarados\n|-damage|p2a: Gyarados|0 fnt\n|faint|p2a: Gyarados\n|\n|upkeep\n|\n|t:|1699835674\n|switch|p2a: Ninetales|Ninetales-Alola, M|40\/100\n|-damage|p2a: Ninetales|15\/100|[from] Stealth Rock\n|-weather|Snow|[from] ability: Snow Warning|[of] p2a: Ninetales\n|turn|24\n|\n|t:|1699835679\n|move|p2a: Ninetales|Aurora Veil|p2a: Ninetales\n|-sidestart|p2: AesirEcho|move: Aurora Veil\n|move|p1a: Kyurem|Freeze-Dry|p2a: Ninetales\n|-resisted|p2a: Ninetales\n|-crit|p2a: Ninetales\n|-damage|p2a: Ninetales|0 fnt\n|faint|p2a: Ninetales\n|\n|-weather|Snow|[upkeep]\n|upkeep\n|\n|t:|1699835682\n|switch|p2a: Zamazenta|Zamazenta|100\/100\n|-damage|p2a: Zamazenta|94\/100|[from] Stealth Rock\n|-ability|p2a: Zamazenta|Dauntless Shield|boost\n|-boost|p2a: Zamazenta|def|1\n|turn|25\n|\n|t:|1699835689\n|switch|p1a: Tapu Lele|Tapu Lele, shiny|100\/100\n|-fieldstart|move: Psychic Terrain|[from] ability: Psychic Surge|[of] p1a: Tapu Lele\n|move|p2a: Zamazenta|Iron Defense|p2a: Zamazenta\n|-boost|p2a: Zamazenta|def|2\n|\n|-weather|Snow|[upkeep]\n|-heal|p2a: Zamazenta|100\/100|[from] item: Leftovers\n|upkeep\n|turn|26\n|\n|t:|1699835697\n|move|p1a: Tapu Lele|Moonblast|p2a: Zamazenta\n|-supereffective|p2a: Zamazenta\n|-damage|p2a: Zamazenta|61\/100\n|-unboost|p2a: Zamazenta|spa|1\n|move|p2a: Zamazenta|Crunch|p1a: Tapu Lele\n|-damage|p1a: Tapu Lele|70\/100\n|\n|-weather|Snow|[upkeep]\n|-heal|p2a: Zamazenta|67\/100|[from] item: Leftovers\n|upkeep\n|turn|27\n|\n|t:|1699835706\n|move|p1a: Tapu Lele|Moonblast|p2a: Zamazenta\n|-supereffective|p2a: Zamazenta\n|-damage|p2a: Zamazenta|28\/100\n|-unboost|p2a: Zamazenta|spa|1\n|move|p2a: Zamazenta|Crunch|p1a: Tapu Lele\n|-damage|p1a: Tapu Lele|36\/100\n|\n|-weather|Snow|[upkeep]\n|-heal|p2a: Zamazenta|35\/100|[from] item: Leftovers\n|upkeep\n|turn|28\n|\n|t:|1699835714\n|move|p1a: Tapu Lele|Moonblast|p2a: Zamazenta\n|-supereffective|p2a: Zamazenta\n|-damage|p2a: Zamazenta|0 fnt\n|faint|p2a: Zamazenta\n|\n|-weather|none\n|upkeep\n|\n|t:|1699835718\n|switch|p2a: Garchomp|Garchomp, M|100\/100\n|-damage|p2a: Garchomp|94\/100|[from] Stealth Rock\n|turn|29\n|\n|t:|1699835722\n|move|p1a: Tapu Lele|Moonblast|p2a: Garchomp\n|-supereffective|p2a: Garchomp\n|-damage|p2a: Garchomp|40\/100\n|move|p2a: Garchomp|Swords Dance|p2a: Garchomp\n|-boost|p2a: Garchomp|atk|2\n|\n|-heal|p2a: Garchomp|46\/100|[from] item: Leftovers\n|-fieldend|move: Psychic Terrain\n|upkeep\n|turn|30\n|\n|t:|1699835727\n|move|p1a: Tapu Lele|Moonblast|p2a: Garchomp\n|-supereffective|p2a: Garchomp\n|-damage|p2a: Garchomp|0 fnt\n|faint|p2a: Garchomp\n|\n|win|Ekkogandr\n","uploadtime":1699835746,"views":4,"p1id":"ekkogandr","p2id":"aesirecho","formatid":"gen9nationaldex","rating":0,"private":0,"password":""}