{"id":"gen9nationaldex-1998931807","p1":"lordcp801","p2":"NeverGP","format":"[Gen 9] National Dex","log":"|html|<div class=\"broadcast-blue\"><strong>[Gen 9] National Dex is currently suspecting Sneasler! For information on how to participate check out the <a href=\"https:\/\/www.smogon.com\/forums\/threads\/sv-national-dex-suspect-8-just-dance.3731534\/\">suspect thread<\/a>.<\/strong><\/div>\n|j|\u2606lordcp801\n|j|\u2606NeverGP\n|t:|1701014603\n|gametype|singles\n|player|p1|lordcp801|silver|1326\n|player|p2|NeverGP|102|1387\n|teamsize|p1|6\n|teamsize|p2|6\n|gen|9\n|tier|[Gen 9] National Dex\n|rated|\n|rule|HP Percentage Mod: HP is shown in percentages\n|rule|Endless Battle Clause: Forcing endless battles is banned\n|rule|OHKO Clause: OHKO moves are banned\n|rule|Evasion Clause: Evasion abilities, items, and moves are banned\n|rule|Evasion Abilities Clause: Evasion abilities are banned\n|rule|Evasion Items Clause: Evasion items are banned\n|rule|Evasion Moves Clause: Evasion moves are banned\n|rule|Species Clause: Limit one of each Pok\u00e9mon\n|rule|Sleep Clause Mod: Limit one foe put to sleep\n|clearpoke\n|poke|p1|Electivire, F|\n|poke|p1|Rillaboom, F|\n|poke|p1|Garchomp, M|\n|poke|p1|Medicham, M|\n|poke|p1|Heatran, M|\n|poke|p1|Corviknight, F|\n|poke|p2|Banette, M|\n|poke|p2|Rillaboom, F|\n|poke|p2|Slowking-Galar, M|\n|poke|p2|Garganacl, F|\n|poke|p2|Great Tusk|\n|poke|p2|Moltres|\n|teampreview\n|inactive|Battle timer is ON: inactive players will automatically lose when time's up. (requested by lordcp801)\n|\n|t:|1701014609\n|start\n|switch|p1a: Garchomp|Garchomp, M|100\/100\n|switch|p2a: Garganacl|Garganacl, F|100\/100\n|turn|1\n|\n|t:|1701014618\n|move|p2a: Garganacl|Salt Cure|p1a: Garchomp\n|-resisted|p1a: Garchomp\n|-damage|p1a: Garchomp|95\/100\n|-start|p1a: Garchomp|Salt Cure\n|move|p1a: Garchomp|Dragon Tail|p2a: Garganacl\n|-damage|p2a: Garganacl|84\/100\n|drag|p2a: Great Tusk|Great Tusk|100\/100\n|\n|-damage|p1a: Garchomp|82\/100|[from] Salt Cure\n|upkeep\n|turn|2\n|\n|t:|1701014642\n|-end|p2a: Great Tusk|Protosynthesis|[silent]\n|switch|p2a: Moltres|Moltres|100\/100\n|move|p1a: Garchomp|Toxic|p2a: Moltres\n|-status|p2a: Moltres|tox\n|\n|-damage|p2a: Moltres|94\/100 tox|[from] psn\n|-damage|p1a: Garchomp|70\/100|[from] Salt Cure\n|upkeep\n|turn|3\n|\n|t:|1701014653\n|move|p1a: Garchomp|Stealth Rock|p2a: Moltres\n|-sidestart|p2: NeverGP|move: Stealth Rock\n|move|p2a: Moltres|Fire Spin|p1a: Garchomp\n|-resisted|p1a: Garchomp\n|-crit|p1a: Garchomp\n|-damage|p1a: Garchomp|59\/100\n|-activate|p1a: Garchomp|move: Fire Spin|[of] p2a: Moltres\n|\n|-damage|p2a: Moltres|82\/100 tox|[from] psn\n|-damage|p1a: Garchomp|47\/100|[from] Salt Cure\n|-damage|p1a: Garchomp|34\/100|[from] move: Fire Spin|[partiallytrapped]\n|upkeep\n|turn|4\n|\n|t:|1701014665\n|move|p1a: Garchomp|Protect|p1a: Garchomp\n|-singleturn|p1a: Garchomp|Protect\n|move|p2a: Moltres|Toxic|p1a: Garchomp\n|-activate|p1a: Garchomp|move: Protect\n|\n|-damage|p2a: Moltres|64\/100 tox|[from] psn\n|-damage|p1a: Garchomp|22\/100|[from] Salt Cure\n|-damage|p1a: Garchomp|10\/100|[from] move: Fire Spin|[partiallytrapped]\n|upkeep\n|turn|5\n|\n|t:|1701014671\n|move|p1a: Garchomp|Protect||[still]\n|-fail|p1a: Garchomp\n|move|p2a: Moltres|Roost|p2a: Moltres\n|-heal|p2a: Moltres|100\/100 tox\n|-singleturn|p2a: Moltres|move: Roost\n|\n|-damage|p2a: Moltres|76\/100 tox|[from] psn\n|-damage|p1a: Garchomp|0 fnt|[from] move: Fire Spin|[partiallytrapped]\n|faint|p1a: Garchomp\n|upkeep\n|\n|t:|1701014680\n|switch|p1a: Medicham|Medicham, M|100\/100\n|turn|6\n|\n|t:|1701014706\n|switch|p2a: Great Tusk|Great Tusk|100\/100\n|-damage|p2a: Great Tusk|98\/100|[from] Stealth Rock\n|detailschange|p1a: Medicham|Medicham-Mega, M\n|-mega|p1a: Medicham|Medicham|Medichamite\n|move|p1a: Medicham|Fake Out|p2a: Great Tusk\n|-damage|p2a: Great Tusk|79\/100\n|\n|upkeep\n|turn|7\n|\n|t:|1701014719\n|-end|p2a: Great Tusk|Protosynthesis|[silent]\n|switch|p2a: Moltres|Moltres|76\/100 tox\n|move|p1a: Medicham|Zen Headbutt|p2a: Moltres\n|-damage|p2a: Moltres|26\/100 tox\n|\n|-damage|p2a: Moltres|20\/100 tox|[from] psn\n|upkeep\n|turn|8\n|\n|t:|1701014729\n|switch|p1a: Heatran|Heatran, M|100\/100\n|move|p2a: Moltres|Roost|p2a: Moltres\n|-heal|p2a: Moltres|70\/100 tox\n|-singleturn|p2a: Moltres|move: Roost\n|\n|-damage|p2a: Moltres|58\/100 tox|[from] psn\n|upkeep\n|turn|9\n|\n|t:|1701014744\n|switch|p1a: Electivire|Electivire, F|100\/100\n|switch|p2a: Garganacl|Garganacl, F|84\/100\n|-damage|p2a: Garganacl|72\/100|[from] Stealth Rock\n|\n|-heal|p2a: Garganacl|78\/100|[from] item: Leftovers\n|upkeep\n|turn|10\n|\n|t:|1701014750\n|move|p2a: Garganacl|Protect|p2a: Garganacl\n|-singleturn|p2a: Garganacl|Protect\n|move|p1a: Electivire|Earthquake|p2a: Garganacl\n|-activate|p2a: Garganacl|move: Protect\n|\n|-heal|p2a: Garganacl|84\/100|[from] item: Leftovers\n|upkeep\n|turn|11\n|\n|t:|1701014757\n|switch|p2a: Great Tusk|Great Tusk|79\/100\n|-damage|p2a: Great Tusk|77\/100|[from] Stealth Rock\n|move|p1a: Electivire|Earthquake|p2a: Great Tusk\n|-damage|p2a: Great Tusk|37\/100\n|\n|upkeep\n|turn|12\n|\n|t:|1701014761\n|move|p2a: Great Tusk|Rapid Spin|p1a: Electivire\n|-damage|p1a: Electivire|72\/100\n|-boost|p2a: Great Tusk|spe|1\n|-sideend|p2: NeverGP|Stealth Rock|[from] move: Rapid Spin|[of] p2a: Great Tusk\n|move|p1a: Electivire|Earthquake|p2a: Great Tusk\n|-damage|p2a: Great Tusk|0 fnt\n|faint|p2a: Great Tusk\n|-end|p2a: Great Tusk|Protosynthesis|[silent]\n|\n|upkeep\n|\n|t:|1701014773\n|switch|p2a: Rillaboom|Rillaboom, F|100\/100\n|-fieldstart|move: Grassy Terrain|[from] ability: Grassy Surge|[of] p2a: Rillaboom\n|turn|13\n|\n|t:|1701014777\n|switch|p1a: Corviknight|Corviknight, F|100\/100\n|move|p2a: Rillaboom|U-turn|p1a: Corviknight\n|-resisted|p1a: Corviknight\n|-damage|p1a: Corviknight|92\/100\n|\n|t:|1701014782\n|switch|p2a: Garganacl|Garganacl, F|84\/100|[from] U-turn\n|\n|-heal|p1a: Corviknight|98\/100|[from] item: Leftovers\n|-heal|p2a: Garganacl|90\/100|[from] Grassy Terrain\n|-heal|p2a: Garganacl|97\/100|[from] item: Leftovers\n|upkeep\n|turn|14\n|\n|t:|1701014788\n|switch|p1a: Medicham|Medicham-Mega, M|100\/100\n|move|p2a: Garganacl|Stealth Rock|p1a: Medicham\n|-sidestart|p1: lordcp801|move: Stealth Rock\n|\n|-heal|p2a: Garganacl|100\/100|[from] Grassy Terrain\n|upkeep\n|turn|15\n|\n|t:|1701014798\n|move|p2a: Garganacl|Protect|p2a: Garganacl\n|-singleturn|p2a: Garganacl|Protect\n|move|p1a: Medicham|Zen Headbutt|p2a: Garganacl\n|-activate|p2a: Garganacl|move: Protect\n|\n|upkeep\n|turn|16\n|\n|t:|1701014806\n|switch|p2a: Moltres|Moltres|58\/100 tox\n|move|p1a: Medicham|Close Combat|p2a: Moltres\n|-resisted|p2a: Moltres\n|-damage|p2a: Moltres|19\/100 tox\n|-unboost|p1a: Medicham|def|1\n|-unboost|p1a: Medicham|spd|1\n|-status|p1a: Medicham|brn|[from] ability: Flame Body|[of] p2a: Moltres\n|\n|-damage|p2a: Moltres|13\/100 tox|[from] psn\n|-damage|p1a: Medicham|94\/100 brn|[from] brn\n|upkeep\n|turn|17\n|\n|t:|1701014821\n|move|p1a: Medicham|Zen Headbutt|p2a: Moltres\n|-damage|p2a: Moltres|0 fnt\n|faint|p2a: Moltres\n|\n|-heal|p1a: Medicham|100\/100 brn|[from] Grassy Terrain\n|-damage|p1a: Medicham|94\/100 brn|[from] brn\n|-fieldend|move: Grassy Terrain\n|upkeep\n|\n|t:|1701014834\n|switch|p2a: Slowking|Slowking-Galar, M|100\/100\n|turn|18\n|\n|t:|1701014838\n|move|p1a: Medicham|Bulk Up|p1a: Medicham\n|-boost|p1a: Medicham|atk|1\n|-boost|p1a: Medicham|def|1\n|move|p2a: Slowking|Future Sight|p1a: Medicham\n|-start|p2a: Slowking|move: Future Sight\n|\n|-damage|p1a: Medicham|88\/100 brn|[from] brn\n|upkeep\n|turn|19\n|\n|t:|1701014845\n|move|p1a: Medicham|Zen Headbutt|p2a: Slowking\n|-damage|p2a: Slowking|45\/100\n|move|p2a: Slowking|Fire Blast|p1a: Medicham\n|-damage|p1a: Medicham|24\/100 brn\n|\n|-damage|p1a: Medicham|18\/100 brn|[from] brn\n|upkeep\n|turn|20\n|\n|t:|1701014862\n|switch|p2a: Garganacl|Garganacl, F|100\/100\n|move|p1a: Medicham|Zen Headbutt|p2a: Garganacl\n|-damage|p2a: Garganacl|66\/100\n|\n|-end|p1a: Medicham|move: Future Sight\n|-damage|p1a: Medicham|0 fnt\n|faint|p1a: Medicham\n|-heal|p2a: Garganacl|73\/100|[from] item: Leftovers\n|upkeep\n|\n|t:|1701014867\n|switch|p1a: Rillaboom|Rillaboom, F|100\/100\n|-damage|p1a: Rillaboom|88\/100|[from] Stealth Rock\n|-fieldstart|move: Grassy Terrain|[from] ability: Grassy Surge|[of] p1a: Rillaboom\n|turn|21\n|\n|t:|1701014873\n|move|p2a: Garganacl|Protect|p2a: Garganacl\n|-singleturn|p2a: Garganacl|Protect\n|move|p1a: Rillaboom|Wood Hammer|p2a: Garganacl\n|-activate|p2a: Garganacl|move: Protect\n|\n|-heal|p1a: Rillaboom|94\/100|[from] Grassy Terrain\n|-heal|p2a: Garganacl|79\/100|[from] Grassy Terrain\n|-heal|p2a: Garganacl|85\/100|[from] item: Leftovers\n|upkeep\n|turn|22\n|\n|t:|1701014897\n|switch|p2a: Slowking|Slowking-Galar, M|79\/100\n|move|p1a: Rillaboom|Grassy Glide|p2a: Slowking\n|-resisted|p2a: Slowking\n|-damage|p2a: Slowking|55\/100\n|-damage|p1a: Rillaboom|84\/100|[from] item: Life Orb\n|\n|-heal|p1a: Rillaboom|91\/100|[from] Grassy Terrain\n|-heal|p2a: Slowking|62\/100|[from] Grassy Terrain\n|upkeep\n|turn|23\n|inactive|NeverGP has 120 seconds left.\n|\n|t:|1701014918\n|-terastallize|p2a: Slowking|Fairy\n|move|p1a: Rillaboom|Knock Off|p2a: Slowking\n|-resisted|p2a: Slowking\n|-damage|p2a: Slowking|38\/100\n|-enditem|p2a: Slowking|Heavy-Duty Boots|[from] move: Knock Off|[of] p1a: Rillaboom\n|-damage|p1a: Rillaboom|81\/100|[from] item: Life Orb\n|move|p2a: Slowking|Fire Blast|p1a: Rillaboom\n|-supereffective|p1a: Rillaboom\n|-damage|p1a: Rillaboom|5\/100\n|\n|-heal|p1a: Rillaboom|12\/100|[from] Grassy Terrain\n|-heal|p2a: Slowking|44\/100|[from] Grassy Terrain\n|upkeep\n|turn|24\n|inactive|NeverGP has 120 seconds left.\n|\n|t:|1701014935\n|move|p1a: Rillaboom|Wood Hammer|p2a: Slowking\n|-damage|p2a: Slowking|0 fnt\n|faint|p2a: Slowking\n|-damage|p1a: Rillaboom|0 fnt|[from] Recoil\n|faint|p1a: Rillaboom\n|\n|upkeep\n|inactive|NeverGP has 120 seconds left.\n|\n|t:|1701014949\n|switch|p1a: Corviknight|Corviknight, F|98\/100\n|switch|p2a: Banette|Banette, M|100\/100\n|-item|p1a: Corviknight|Leftovers|[from] ability: Frisk|[of] p2a: Banette|[identify]\n|-damage|p1a: Corviknight|86\/100|[from] Stealth Rock\n|turn|25\n|inactive|NeverGP has 120 seconds left.\n|\n|t:|1701014956\n|detailschange|p2a: Banette|Banette-Mega, M\n|-mega|p2a: Banette|Banette|Banettite\n|move|p2a: Banette|Poltergeist|p1a: Corviknight\n|-activate|p1a: Corviknight|move: Poltergeist|Leftovers\n|-damage|p1a: Corviknight|24\/100\n|move|p1a: Corviknight|Defog|p2a: Banette\n|-unboost|p2a: Banette|evasion|1\n|-sideend|p1: lordcp801|Stealth Rock|[from] move: Defog|[of] p1a: Corviknight\n|-fieldend|move: Grassy Terrain\n|\n|-heal|p1a: Corviknight|30\/100|[from] item: Leftovers\n|upkeep\n|turn|26\n|inactive|NeverGP has 120 seconds left.\n|\n|t:|1701014966\n|move|p2a: Banette|Pursuit|p1a: Corviknight\n|-damage|p1a: Corviknight|16\/100\n|move|p1a: Corviknight|Roost|p1a: Corviknight\n|-heal|p1a: Corviknight|66\/100\n|-singleturn|p1a: Corviknight|move: Roost\n|\n|-heal|p1a: Corviknight|72\/100|[from] item: Leftovers\n|upkeep\n|turn|27\n|\n|t:|1701014971\n|move|p2a: Banette|Encore|p1a: Corviknight\n|-start|p1a: Corviknight|Encore\n|move|p1a: Corviknight|Roost|p1a: Corviknight\n|-heal|p1a: Corviknight|100\/100\n|-singleturn|p1a: Corviknight|move: Roost\n|\n|upkeep\n|turn|28\n|\n|t:|1701014974\n|switch|p1a: Heatran|Heatran, M|100\/100\n|move|p2a: Banette|Poltergeist|p1a: Heatran\n|-activate|p1a: Heatran|move: Poltergeist|Choice Scarf\n|-damage|p1a: Heatran|19\/100\n|\n|upkeep\n|turn|29\n|\n|t:|1701014986\n|move|p1a: Heatran|Magma Storm|p2a: Banette\n|-damage|p2a: Banette|29\/100\n|-activate|p2a: Banette|move: Magma Storm|[of] p1a: Heatran\n|move|p2a: Banette|Poltergeist|p1a: Heatran\n|-activate|p1a: Heatran|move: Poltergeist|Choice Scarf\n|-damage|p1a: Heatran|0 fnt\n|faint|p1a: Heatran\n|\n|-end|p2a: Banette|Magma Storm|[partiallytrapped]|[silent]\n|upkeep\n|\n|t:|1701014997\n|switch|p1a: Corviknight|Corviknight, F|100\/100\n|turn|30\n|\n|t:|1701015003\n|move|p2a: Banette|Destiny Bond|p2a: Banette\n|-singlemove|p2a: Banette|Destiny Bond\n|move|p1a: Corviknight|Bulk Up|p1a: Corviknight\n|-boost|p1a: Corviknight|atk|1\n|-boost|p1a: Corviknight|def|1\n|\n|upkeep\n|turn|31\n|\n|t:|1701015008\n|switch|p1a: Electivire|Electivire, F|72\/100\n|move|p2a: Banette|Encore||[still]\n|-fail|p2a: Banette\n|\n|upkeep\n|turn|32\n|\n|t:|1701015018\n|switch|p2a: Rillaboom|Rillaboom, F|100\/100\n|-fieldstart|move: Grassy Terrain|[from] ability: Grassy Surge|[of] p2a: Rillaboom\n|move|p1a: Electivire|Darkest Lariat|p2a: Rillaboom\n|-damage|p2a: Rillaboom|56\/100\n|\n|-heal|p1a: Electivire|79\/100|[from] Grassy Terrain\n|-heal|p2a: Rillaboom|62\/100|[from] Grassy Terrain\n|upkeep\n|turn|33\n|\n|t:|1701015026\n|switch|p1a: Corviknight|Corviknight, F|100\/100\n|move|p2a: Rillaboom|U-turn|p1a: Corviknight\n|-resisted|p1a: Corviknight\n|-damage|p1a: Corviknight|92\/100\n|\n|t:|1701015030\n|switch|p2a: Garganacl|Garganacl, F|85\/100|[from] U-turn\n|\n|-heal|p1a: Corviknight|99\/100|[from] item: Leftovers\n|-heal|p2a: Garganacl|91\/100|[from] Grassy Terrain\n|-heal|p2a: Garganacl|97\/100|[from] item: Leftovers\n|upkeep\n|turn|34\n|\n|t:|1701015038\n|move|p1a: Corviknight|Bulk Up|p1a: Corviknight\n|-boost|p1a: Corviknight|atk|1\n|-boost|p1a: Corviknight|def|1\n|move|p2a: Garganacl|Salt Cure|p1a: Corviknight\n|-damage|p1a: Corviknight|90\/100\n|-start|p1a: Corviknight|Salt Cure\n|\n|-heal|p1a: Corviknight|97\/100|[from] item: Leftovers\n|-heal|p2a: Garganacl|100\/100|[from] Grassy Terrain\n|-damage|p1a: Corviknight|72\/100|[from] Salt Cure\n|upkeep\n|turn|35\n|\n|t:|1701015051\n|move|p1a: Corviknight|Roost|p1a: Corviknight\n|-heal|p1a: Corviknight|100\/100\n|-singleturn|p1a: Corviknight|move: Roost\n|move|p2a: Garganacl|Salt Cure|p1a: Corviknight\n|-resisted|p1a: Corviknight\n|-damage|p1a: Corviknight|96\/100\n|\n|-heal|p1a: Corviknight|100\/100|[from] Grassy Terrain\n|-damage|p1a: Corviknight|75\/100|[from] Salt Cure\n|upkeep\n|turn|36\n|\n|t:|1701015057\n|switch|p1a: Electivire|Electivire, F|79\/100\n|move|p2a: Garganacl|Salt Cure|p1a: Electivire\n|-damage|p1a: Electivire|55\/100\n|-start|p1a: Electivire|Salt Cure\n|\n|-heal|p1a: Electivire|61\/100|[from] Grassy Terrain\n|-damage|p1a: Electivire|49\/100|[from] Salt Cure\n|-fieldend|move: Grassy Terrain\n|upkeep\n|turn|37\n|\n|t:|1701015070\n|move|p2a: Garganacl|Protect|p2a: Garganacl\n|-singleturn|p2a: Garganacl|Protect\n|move|p1a: Electivire|Earthquake|p2a: Garganacl\n|-activate|p2a: Garganacl|move: Protect\n|\n|-damage|p1a: Electivire|36\/100|[from] Salt Cure\n|upkeep\n|turn|38\n|\n|t:|1701015082\n|switch|p1a: Corviknight|Corviknight, F|75\/100\n|move|p2a: Garganacl|Recover||[still]\n|-fail|p2a: Garganacl|heal\n|\n|-heal|p1a: Corviknight|82\/100|[from] item: Leftovers\n|upkeep\n|turn|39\n|\n|t:|1701015094\n|switch|p1a: Electivire|Electivire, F|36\/100\n|move|p2a: Garganacl|Salt Cure|p1a: Electivire\n|-damage|p1a: Electivire|13\/100\n|-start|p1a: Electivire|Salt Cure\n|\n|-damage|p1a: Electivire|0 fnt|[from] Salt Cure\n|faint|p1a: Electivire\n|upkeep\n|-message|lordcp801 forfeited.\n|\n|win|NeverGP\n|raw|lordcp801's rating: 1326 &rarr; <strong>1309<\/strong><br \/>(-17 for losing)\n|raw|NeverGP's rating: 1387 &rarr; <strong>1404<\/strong><br \/>(+17 for winning)\n|l|\u2606lordcp801\n","uploadtime":1701015106,"views":15,"p1id":"lordcp801","p2id":"nevergp","formatid":"gen9nationaldex","rating":1309,"private":0,"password":""}