{"id":"gen9nationaldex-1994572405","p1":"Miku Nakano ily","p2":"Vibe Checks","format":"[Gen 9] National Dex","log":"|html|<div class=\"broadcast-blue\"><strong>[Gen 9] National Dex is currently suspecting Sneasler! For information on how to participate check out the <a href=\"https:\/\/www.smogon.com\/forums\/threads\/sv-national-dex-suspect-8-just-dance.3731534\/\">suspect thread<\/a>.<\/strong><\/div>\n|j|\u2606Miku Nakano ily\n|j|\u2606Vibe Checks\n|t:|1700462073\n|gametype|singles\n|player|p1|Miku Nakano ily|red|1334\n|player|p2|Vibe Checks|ghetsis|1394\n|teamsize|p1|6\n|teamsize|p2|6\n|gen|9\n|tier|[Gen 9] National Dex\n|rated|\n|rule|HP Percentage Mod: HP is shown in percentages\n|rule|Endless Battle Clause: Forcing endless battles is banned\n|rule|OHKO Clause: OHKO moves are banned\n|rule|Evasion Clause: Evasion abilities, items, and moves are banned\n|rule|Evasion Abilities Clause: Evasion abilities are banned\n|rule|Evasion Items Clause: Evasion items are banned\n|rule|Evasion Moves Clause: Evasion moves are banned\n|rule|Species Clause: Limit one of each Pok\u00e9mon\n|rule|Sleep Clause Mod: Limit one foe put to sleep\n|clearpoke\n|poke|p1|Charizard, M|\n|poke|p1|Alomomola, F|\n|poke|p1|Slowking-Galar, F|\n|poke|p1|Iron Valiant|\n|poke|p1|Landorus-Therian, M|\n|poke|p1|Cinderace, F|\n|poke|p2|Gallade, M|\n|poke|p2|Thundurus-Therian, M|\n|poke|p2|Forretress, M|\n|poke|p2|Gastrodon-East, M|\n|poke|p2|Salazzle, F|\n|poke|p2|Breloom, M|\n|teampreview\n|inactive|Battle timer is ON: inactive players will automatically lose when time's up. (requested by Vibe Checks)\n|inactive|Miku Nakano ily also wants the timer to be on.\n|c|\u2606Miku Nakano ily|hf\n|\n|t:|1700462083\n|start\n|switch|p1a: Cinderace|Cinderace, F|100\/100\n|switch|p2a: FlashDrive|Thundurus-Therian, M|100\/100\n|turn|1\n|\n|t:|1700462089\n|move|p1a: Cinderace|Pyro Ball|p2a: FlashDrive\n|-damage|p2a: FlashDrive|0 fnt\n|faint|p2a: FlashDrive\n|\n|upkeep\n|\n|t:|1700462096\n|switch|p2a: Ghost|Salazzle, F, shiny|100\/100\n|turn|2\n|\n|t:|1700462100\n|move|p1a: Cinderace|U-turn|p2a: Ghost\n|-start|p1a: Cinderace|typechange|Bug|[from] ability: Libero\n|-resisted|p2a: Ghost\n|-damage|p2a: Ghost|88\/100\n|\n|t:|1700462103\n|switch|p1a: Slowking|Slowking-Galar, F|100\/100|[from] U-turn\n|move|p2a: Ghost|Toxic|p1a: Slowking\n|-status|p1a: Slowking|tox\n|\n|-heal|p2a: Ghost|95\/100|[from] item: Leftovers\n|-damage|p1a: Slowking|94\/100 tox|[from] psn\n|upkeep\n|turn|3\n|\n|t:|1700462114\n|move|p2a: Ghost|Substitute|p2a: Ghost\n|-start|p2a: Ghost|Substitute\n|-damage|p2a: Ghost|70\/100\n|move|p1a: Slowking|Future Sight|p2a: Ghost\n|-start|p1a: Slowking|move: Future Sight\n|\n|-heal|p2a: Ghost|76\/100|[from] item: Leftovers\n|-heal|p1a: Slowking|100\/100 tox|[from] item: Leftovers\n|-damage|p1a: Slowking|88\/100 tox|[from] psn\n|upkeep\n|turn|4\n|\n|t:|1700462123\n|move|p2a: Ghost|Protect|p2a: Ghost\n|-singleturn|p2a: Ghost|Protect\n|move|p1a: Slowking|Ice Beam|p2a: Ghost\n|-activate|p2a: Ghost|move: Protect\n|\n|-heal|p2a: Ghost|82\/100|[from] item: Leftovers\n|-heal|p1a: Slowking|94\/100 tox|[from] item: Leftovers\n|-damage|p1a: Slowking|76\/100 tox|[from] psn\n|upkeep\n|turn|5\n|\n|t:|1700462144\n|move|p2a: Ghost|Flamethrower|p1a: Slowking\n|-damage|p1a: Slowking|55\/100 tox\n|move|p1a: Slowking|Ice Beam|p2a: Ghost\n|-resisted|p2a: Ghost\n|-activate|p2a: Ghost|move: Substitute|[damage]\n|\n|-end|p2a: Ghost|move: Future Sight\n|-supereffective|p2a: Ghost\n|-end|p2a: Ghost|Substitute\n|-heal|p2a: Ghost|88\/100|[from] item: Leftovers\n|-heal|p1a: Slowking|61\/100 tox|[from] item: Leftovers\n|-damage|p1a: Slowking|37\/100 tox|[from] psn\n|upkeep\n|turn|6\n|\n|t:|1700462158\n|switch|p1a: Landorus|Landorus-Therian, M|100\/100\n|-ability|p1a: Landorus|Intimidate|boost\n|-unboost|p2a: Ghost|atk|1\n|move|p2a: Ghost|Substitute|p2a: Ghost\n|-start|p2a: Ghost|Substitute\n|-damage|p2a: Ghost|64\/100\n|\n|-heal|p2a: Ghost|70\/100|[from] item: Leftovers\n|upkeep\n|turn|7\n|\n|t:|1700462167\n|move|p2a: Ghost|Toxic|p1a: Landorus\n|-status|p1a: Landorus|tox\n|move|p1a: Landorus|Taunt|p2a: Ghost\n|-start|p2a: Ghost|move: Taunt\n|\n|-heal|p2a: Ghost|76\/100|[from] item: Leftovers\n|-damage|p1a: Landorus|94\/100 tox|[from] psn\n|upkeep\n|turn|8\n|\n|t:|1700462183\n|move|p2a: Ghost|Flamethrower|p1a: Landorus\n|-damage|p1a: Landorus|66\/100 tox\n|move|p1a: Landorus|Earthquake|p2a: Ghost\n|-supereffective|p2a: Ghost\n|-end|p2a: Ghost|Substitute\n|\n|-heal|p2a: Ghost|82\/100|[from] item: Leftovers\n|-heal|p1a: Landorus|72\/100 tox|[from] item: Leftovers\n|-damage|p1a: Landorus|60\/100 tox|[from] psn\n|upkeep\n|turn|9\n|inactive|Vibe Checks has 120 seconds left.\n|\n|t:|1700462211\n|switch|p2a: The loom|Breloom, M|100\/100\n|move|p1a: Landorus|Earthquake|p2a: The loom\n|-resisted|p2a: The loom\n|-damage|p2a: The loom|79\/100\n|\n|-heal|p1a: Landorus|66\/100 tox|[from] item: Leftovers\n|-damage|p1a: Landorus|48\/100 tox|[from] psn\n|-status|p2a: The loom|tox|[from] item: Toxic Orb\n|upkeep\n|turn|10\n|inactive|Vibe Checks has 120 seconds left.\n|\n|t:|1700462223\n|switch|p1a: Slowking|Slowking-Galar, F|70\/100 tox\n|move|p2a: The loom|Rock Tomb|p1a: Slowking\n|-damage|p1a: Slowking|52\/100 tox\n|-unboost|p1a: Slowking|spe|1\n|\n|-heal|p1a: Slowking|58\/100 tox|[from] item: Leftovers\n|-heal|p2a: The loom|92\/100 tox|[from] ability: Poison Heal\n|-damage|p1a: Slowking|52\/100 tox|[from] psn\n|upkeep\n|turn|11\n|inactive|Vibe Checks has 120 seconds left.\n|\n|t:|1700462243\n|move|p2a: The loom|Worry Seed|p1a: Slowking\n|-endability|p1a: Slowking|Regenerator|[from] move: Worry Seed\n|-ability|p1a: Slowking|Insomnia|[from] move: Worry Seed\n|move|p1a: Slowking|Chilly Reception|p1a: Slowking\n|-weather|Snow\n|\n|t:|1700462252\n|switch|p1a: Charizard|Charizard, M|100\/100|[from] Chilly Reception\n|\n|-weather|Snow|[upkeep]\n|-heal|p2a: The loom|100\/100 tox|[from] ability: Poison Heal\n|upkeep\n|turn|12\n|\n|t:|1700462274\n|detailschange|p1a: Charizard|Charizard-Mega-Y, M\n|-mega|p1a: Charizard|Charizard|Charizardite Y\n|-weather|SunnyDay|[from] ability: Drought|[of] p1a: Charizard\n|move|p1a: Charizard|Weather Ball|p2a: The loom\n|-supereffective|p2a: The loom\n|-damage|p2a: The loom|0 fnt\n|faint|p2a: The loom\n|\n|-weather|SunnyDay|[upkeep]\n|upkeep\n|c|\u2606Miku Nakano ily|unfortunely worry seed doesn't stay after switch out\n|inactive|Vibe Checks has 90 seconds left.\n|inactive|Vibe Checks has 60 seconds left.\n|inactive|Vibe Checks has 30 seconds left.\n|inactive|Vibe Checks has 20 seconds left.\n|inactive|Vibe Checks has 15 seconds left.\n|\n|t:|1700462369\n|switch|p2a: Gary|Gastrodon-East, M|100\/100\n|turn|13\n|inactive|Vibe Checks has 25 seconds left this turn.\n|\n|t:|1700462374\n|move|p1a: Charizard|Solar Beam||[still]\n|-prepare|p1a: Charizard|Solar Beam\n|-anim|p1a: Charizard|Solar Beam|p2a: Gary\n|-supereffective|p2a: Gary\n|-enditem|p2a: Gary|Rindo Berry|[eat]\n|-enditem|p2a: Gary|Rindo Berry|[weaken]\n|-damage|p2a: Gary|32\/100\n|move|p2a: Gary|Rock Slide|p1a: Charizard\n|-supereffective|p1a: Charizard\n|-crit|p1a: Charizard\n|-damage|p1a: Charizard|0 fnt\n|faint|p1a: Charizard\n|\n|-weather|SunnyDay|[upkeep]\n|upkeep\n|inactive|Vibe Checks has 30 seconds left this turn.\n|\n|t:|1700462386\n|switch|p1a: Cinderace|Cinderace, F|100\/100\n|turn|14\n|\n|t:|1700462390\n|move|p1a: Cinderace|High Jump Kick|p2a: Gary|[miss]\n|-start|p1a: Cinderace|typechange|Fighting|[from] ability: Libero\n|-miss|p1a: Cinderace|p2a: Gary\n|-damage|p1a: Cinderace|51\/100|[from] highjumpkick\n|move|p2a: Gary|Recover|p2a: Gary\n|-heal|p2a: Gary|82\/100\n|\n|-weather|SunnyDay|[upkeep]\n|upkeep\n|turn|15\n|\n|t:|1700462401\n|move|p1a: Cinderace|High Jump Kick|p2a: Gary\n|-damage|p2a: Gary|8\/100\n|move|p2a: Gary|Recover|p2a: Gary\n|-heal|p2a: Gary|58\/100\n|\n|-weather|SunnyDay|[upkeep]\n|upkeep\n|turn|16\n|\n|t:|1700462413\n|switch|p2a: Ghost|Salazzle, F, shiny|82\/100\n|move|p1a: Cinderace|High Jump Kick|p2a: Ghost\n|-resisted|p2a: Ghost\n|-damage|p2a: Ghost|36\/100\n|\n|-weather|none\n|-heal|p2a: Ghost|42\/100|[from] item: Leftovers\n|upkeep\n|turn|17\n|\n|t:|1700462423\n|move|p2a: Ghost|Protect|p2a: Ghost\n|-singleturn|p2a: Ghost|Protect\n|move|p1a: Cinderace|U-turn|p2a: Ghost\n|-activate|p2a: Ghost|move: Protect\n|\n|-heal|p2a: Ghost|49\/100|[from] item: Leftovers\n|upkeep\n|turn|18\n|\n|t:|1700462433\n|move|p1a: Cinderace|High Jump Kick|p2a: Ghost\n|-resisted|p2a: Ghost\n|-damage|p2a: Ghost|0 fnt\n|faint|p2a: Ghost\n|\n|upkeep\n|\n|t:|1700462452\n|switch|p2a: Valiant|Gallade, M, shiny|100\/100\n|turn|19\n|\n|t:|1700462461\n|switch|p1a: Alomomola|Alomomola, F|100\/100\n|detailschange|p2a: Valiant|Gallade-Mega, M, shiny\n|-mega|p2a: Valiant|Gallade|Galladite\n|move|p2a: Valiant|Earthquake|p1a: Alomomola\n|-damage|p1a: Alomomola|79\/100\n|\n|upkeep\n|turn|20\n|\n|t:|1700462475\n|switch|p2a: Chestnut|Forretress, M|100\/100\n|move|p1a: Alomomola|Toxic|p2a: Chestnut|[miss]\n|-miss|p1a: Alomomola|p2a: Chestnut\n|\n|upkeep\n|turn|21\n|\n|t:|1700462485\n|move|p2a: Chestnut|Stealth Rock|p1a: Alomomola\n|-sidestart|p1: Miku Nakano ily|move: Stealth Rock\n|move|p1a: Alomomola|Wish|p1a: Alomomola\n|\n|upkeep\n|turn|22\n|c|\u2606Vibe Checks|Y iron ball\n|inactive|Vibe Checks has 30 seconds left.\n|\n|t:|1700462510\n|move|p2a: Chestnut|Volt Switch|p1a: Alomomola\n|-supereffective|p1a: Alomomola\n|-damage|p1a: Alomomola|56\/100\n|\n|t:|1700462514\n|switch|p2a: Gary|Gastrodon-East, M|58\/100|[from] Volt Switch\n|move|p1a: Alomomola|Flip Turn|p2a: Gary\n|-ability|p2a: Gary|Storm Drain|boost\n|-boost|p2a: Gary|spa|1\n|\n|-heal|p1a: Alomomola|100\/100|[from] move: Wish|[wisher] Alomomola\n|upkeep\n|turn|23\n|c|\u2606Miku Nakano ily|not iron ball lol\n|c|\u2606Vibe Checks|What is it\n|inactive|Vibe Checks has 30 seconds left.\n|\n|t:|1700462537\n|move|p2a: Gary|Earth Power|p1a: Alomomola\n|-damage|p1a: Alomomola|50\/100\n|move|p1a: Alomomola|Toxic|p2a: Gary|[miss]\n|-miss|p1a: Alomomola|p2a: Gary\n|\n|upkeep\n|turn|24\n|c|\u2606Miku Nakano ily|lagging tail\n|inactive|Vibe Checks has 30 seconds left.\n|inactive|Vibe Checks has 20 seconds left.\n|inactive|Vibe Checks has 15 seconds left.\n|\n|t:|1700462560\n|switch|p1a: Landorus|Landorus-Therian, M|48\/100 tox\n|-damage|p1a: Landorus|36\/100 tox|[from] Stealth Rock\n|-ability|p1a: Landorus|Intimidate|boost\n|-unboost|p2a: Gary|atk|1\n|move|p2a: Gary|Earth Power|p1a: Landorus\n|-immune|p1a: Landorus\n|\n|-heal|p1a: Landorus|42\/100 tox|[from] item: Leftovers\n|-damage|p1a: Landorus|36\/100 tox|[from] psn\n|upkeep\n|turn|25\n|inactive|Vibe Checks has 25 seconds left this turn.\n|inactive|Vibe Checks has 20 seconds left.\n|inactive|Vibe Checks has 15 seconds left.\n|c|\u2606Vibe Checks|Gastro has plot armor\n|inactive|Vibe Checks has 10 seconds left.\n|\n|t:|1700462575\n|move|p1a: Landorus|Taunt|p2a: Gary\n|-start|p2a: Gary|move: Taunt\n|move|p2a: Gary|Rock Slide|p1a: Landorus\n|-damage|p1a: Landorus|26\/100 tox\n|\n|-heal|p1a: Landorus|32\/100 tox|[from] item: Leftovers\n|-damage|p1a: Landorus|20\/100 tox|[from] psn\n|upkeep\n|turn|26\n|inactive|Vibe Checks has 20 seconds left this turn.\n|inactive|Vibe Checks has 15 seconds left.\n|c|\u2606Miku Nakano ily|lol\n|inactive|Vibe Checks has 10 seconds left.\n|\n|t:|1700462588\n|switch|p2a: Chestnut|Forretress, M|100\/100\n|move|p1a: Landorus|Earthquake|p2a: Chestnut\n|-damage|p2a: Chestnut|75\/100\n|\n|-heal|p1a: Landorus|26\/100 tox|[from] item: Leftovers\n|-heal|p2a: Chestnut|81\/100|[from] item: Leftovers\n|-damage|p1a: Landorus|8\/100 tox|[from] psn\n|upkeep\n|turn|27\n|inactive|Vibe Checks has 20 seconds left this turn.\n|inactive|Vibe Checks has 15 seconds left.\n|inactive|Vibe Checks has 10 seconds left.\n|\n|t:|1700462600\n|move|p1a: Landorus|Knock Off|p2a: Chestnut\n|-damage|p2a: Chestnut|65\/100\n|-enditem|p2a: Chestnut|Leftovers|[from] move: Knock Off|[of] p1a: Landorus\n|move|p2a: Chestnut|Rapid Spin|p1a: Landorus\n|-damage|p1a: Landorus|0 fnt\n|-boost|p2a: Chestnut|spe|1\n|faint|p1a: Landorus\n|\n|upkeep\n|inactive|Vibe Checks has 15 seconds left this turn.\n|\n|t:|1700462608\n|switch|p1a: Cinderace|Cinderace, F|51\/100\n|turn|28\n|inactive|Vibe Checks has 25 seconds left this turn.\n|\n|t:|1700462612\n|move|p1a: Cinderace|Pyro Ball|p2a: Chestnut\n|-supereffective|p2a: Chestnut\n|-damage|p2a: Chestnut|0 fnt\n|faint|p2a: Chestnut\n|\n|upkeep\n|inactive|Vibe Checks has 30 seconds left this turn.\n|\n|t:|1700462621\n|switch|p2a: Valiant|Gallade-Mega, M, shiny|100\/100\n|turn|29\n|inactive|Vibe Checks has 30 seconds left.\n|\n|t:|1700462628\n|move|p1a: Cinderace|U-turn|p2a: Valiant\n|-start|p1a: Cinderace|typechange|Bug|[from] ability: Libero\n|-damage|p2a: Valiant|57\/100\n|\n|t:|1700462632\n|switch|p1a: Alomomola|Alomomola, F|84\/100|[from] U-turn\n|-damage|p1a: Alomomola|71\/100|[from] Stealth Rock\n|move|p2a: Valiant|Close Combat|p1a: Alomomola\n|-damage|p1a: Alomomola|29\/100\n|-unboost|p2a: Valiant|def|1\n|-unboost|p2a: Valiant|spd|1\n|\n|upkeep\n|turn|30\n|\n|t:|1700462644\n|switch|p1a: Slowking|Slowking-Galar, F|52\/100 tox\n|-damage|p1a: Slowking|40\/100 tox|[from] Stealth Rock\n|move|p2a: Valiant|Close Combat|p1a: Slowking\n|-resisted|p1a: Slowking\n|-damage|p1a: Slowking|19\/100 tox\n|-unboost|p2a: Valiant|def|1\n|-unboost|p2a: Valiant|spd|1\n|\n|-heal|p1a: Slowking|25\/100 tox|[from] item: Leftovers\n|-damage|p1a: Slowking|19\/100 tox|[from] psn\n|upkeep\n|turn|31\n|\n|t:|1700462658\n|move|p2a: Valiant|Close Combat|p1a: Slowking\n|-resisted|p1a: Slowking\n|-damage|p1a: Slowking|0 fnt\n|-unboost|p2a: Valiant|def|1\n|-unboost|p2a: Valiant|spd|1\n|faint|p1a: Slowking\n|\n|upkeep\n|\n|t:|1700462661\n|switch|p1a: Cinderace|Cinderace, F|51\/100\n|turn|32\n|\n|t:|1700462667\n|move|p1a: Cinderace|U-turn|p2a: Valiant\n|-start|p1a: Cinderace|typechange|Bug|[from] ability: Libero\n|-damage|p2a: Valiant|0 fnt\n|faint|p2a: Valiant\n|\n|t:|1700462671\n|switch|p1a: Alomomola|Alomomola, F|63\/100|[from] U-turn\n|-damage|p1a: Alomomola|50\/100|[from] Stealth Rock\n|\n|upkeep\n|\n|t:|1700462676\n|switch|p2a: Gary|Gastrodon-East, M|58\/100\n|turn|33\n|\n|t:|1700462680\n|-terastallize|p2a: Gary|Ground\n|move|p2a: Gary|Earth Power|p1a: Alomomola\n|-damage|p1a: Alomomola|5\/100\n|move|p1a: Alomomola|Toxic|p2a: Gary\n|-status|p2a: Gary|tox\n|\n|-damage|p2a: Gary|52\/100 tox|[from] psn\n|upkeep\n|turn|34\n|inactive|Vibe Checks has 60 seconds left.\n|c|\u2606Vibe Checks|Plot armor ran out\n|c|\u2606Vibe Checks|Gg\n|c|\u2606Miku Nakano ily|f\n|c|\u2606Miku Nakano ily|gg\n|\n|t:|1700462713\n|move|p1a: Alomomola|Protect|p1a: Alomomola\n|-singleturn|p1a: Alomomola|Protect\n|move|p2a: Gary|Earth Power|p1a: Alomomola\n|-activate|p1a: Alomomola|move: Protect\n|\n|-damage|p2a: Gary|39\/100 tox|[from] psn\n|upkeep\n|turn|35\n|\n|t:|1700462725\n|move|p2a: Gary|Earth Power|p1a: Alomomola\n|-damage|p1a: Alomomola|0 fnt\n|faint|p1a: Alomomola\n|\n|-damage|p2a: Gary|21\/100 tox|[from] psn\n|upkeep\n|\n|t:|1700462729\n|switch|p1a: Cinderace|Cinderace, F|51\/100\n|turn|36\n|\n|t:|1700462734\n|move|p1a: Cinderace|U-turn|p2a: Gary\n|-start|p1a: Cinderace|typechange|Bug|[from] ability: Libero\n|-damage|p2a: Gary|0 fnt\n|faint|p2a: Gary\n|\n|win|Miku Nakano ily\n|raw|Miku Nakano ily's rating: 1334 &rarr; <strong>1357<\/strong><br \/>(+23 for winning)\n|raw|Vibe Checks's rating: 1394 &rarr; <strong>1371<\/strong><br \/>(-23 for losing)\n|c|\u2606Miku Nakano ily|gg\n","uploadtime":1700462743,"views":6,"p1id":"mikunakanoily","p2id":"vibechecks","formatid":"gen9nationaldex","rating":1357,"private":0,"password":""}