{"id":"gen9nationaldex-1998081692","p1":"Glass101","p2":"maple_syrup689hoe","format":"[Gen 9] National Dex","log":"|html|<div class=\"broadcast-blue\"><strong>[Gen 9] National Dex is currently suspecting Sneasler! For information on how to participate check out the <a href=\"https:\/\/www.smogon.com\/forums\/threads\/sv-national-dex-suspect-8-just-dance.3731534\/\">suspect thread<\/a>.<\/strong><\/div>\n|j|\u2606Glass101\n|j|\u2606maple_syrup689hoe\n|t:|1700888297\n|gametype|singles\n|player|p1|Glass101|rocketgruntf|1485\n|player|p2|maple_syrup689hoe|170|1573\n|teamsize|p1|6\n|teamsize|p2|6\n|gen|9\n|tier|[Gen 9] National Dex\n|rated|\n|rule|HP Percentage Mod: HP is shown in percentages\n|rule|Endless Battle Clause: Forcing endless battles is banned\n|rule|OHKO Clause: OHKO moves are banned\n|rule|Evasion Clause: Evasion abilities, items, and moves are banned\n|rule|Evasion Abilities Clause: Evasion abilities are banned\n|rule|Evasion Items Clause: Evasion items are banned\n|rule|Evasion Moves Clause: Evasion moves are banned\n|rule|Species Clause: Limit one of each Pok\u00e9mon\n|rule|Sleep Clause Mod: Limit one foe put to sleep\n|clearpoke\n|poke|p1|Hydreigon, M|\n|poke|p1|Sinistcha|\n|poke|p1|Cresselia, F|\n|poke|p1|Ceruledge, M|\n|poke|p1|Galvantula, M|\n|poke|p1|Clodsire, F|\n|poke|p2|Garchomp, F|\n|poke|p2|Scizor, F|\n|poke|p2|Garganacl, M|\n|poke|p2|Volcarona, F|\n|poke|p2|Gliscor, F|\n|poke|p2|Suicune|\n|teampreview\n|\n|t:|1700888304\n|start\n|switch|p1a: Galvantula|Galvantula, M|100\/100\n|switch|p2a: Garchomp|Garchomp, F|100\/100\n|turn|1\n|inactive|Battle timer is ON: inactive players will automatically lose when time's up. (requested by Glass101)\n|\n|t:|1700888311\n|move|p1a: Galvantula|Sticky Web|p2a: Garchomp\n|-sidestart|p2: maple_syrup689hoe|move: Sticky Web\n|move|p2a: Garchomp|Stealth Rock|p1a: Galvantula\n|-sidestart|p1: Glass101|move: Stealth Rock\n|\n|upkeep\n|turn|2\n|\n|t:|1700888315\n|move|p1a: Galvantula|Hidden Power|p2a: Garchomp\n|-supereffective|p2a: Garchomp\n|-damage|p2a: Garchomp|31\/100\n|move|p2a: Garchomp|Swords Dance|p2a: Garchomp\n|-boost|p2a: Garchomp|atk|2\n|\n|upkeep\n|turn|3\n|\n|t:|1700888321\n|switch|p2a: Garganacl|Garganacl, M|100\/100\n|-activate|p2a: Garganacl|move: Sticky Web\n|-unboost|p2a: Garganacl|spe|1\n|move|p1a: Galvantula|Hidden Power|p2a: Garganacl\n|-damage|p2a: Garganacl|88\/100\n|\n|-heal|p2a: Garganacl|95\/100|[from] item: Leftovers\n|upkeep\n|turn|4\n|\n|t:|1700888324\n|move|p1a: Galvantula|Thunder|p2a: Garganacl\n|-damage|p2a: Garganacl|64\/100\n|move|p2a: Garganacl|Salt Cure|p1a: Galvantula\n|-supereffective|p1a: Galvantula\n|-damage|p1a: Galvantula|53\/100\n|-start|p1a: Galvantula|Salt Cure\n|\n|-heal|p2a: Garganacl|70\/100|[from] item: Leftovers\n|-damage|p1a: Galvantula|40\/100|[from] Salt Cure\n|upkeep\n|turn|5\n|\n|t:|1700888328\n|switch|p1a: Sinistcha|Sinistcha|100\/100\n|-damage|p1a: Sinistcha|88\/100|[from] Stealth Rock\n|move|p2a: Garganacl|Recover|p2a: Garganacl\n|-heal|p2a: Garganacl|100\/100\n|\n|upkeep\n|turn|6\n|\n|t:|1700888337\n|-terastallize|p2a: Garganacl|Ghost\n|move|p1a: Sinistcha|Calm Mind|p1a: Sinistcha\n|-boost|p1a: Sinistcha|spa|1\n|-boost|p1a: Sinistcha|spd|1\n|move|p2a: Garganacl|Salt Cure|p1a: Sinistcha\n|-damage|p1a: Sinistcha|78\/100\n|\n|upkeep\n|turn|7\n|\n|t:|1700888343\n|switch|p2a: Volcarona|Volcarona, F|100\/100\n|move|p1a: Sinistcha|Calm Mind|p1a: Sinistcha\n|-boost|p1a: Sinistcha|spa|1\n|-boost|p1a: Sinistcha|spd|1\n|\n|upkeep\n|turn|8\n|\n|t:|1700888348\n|move|p2a: Volcarona|Quiver Dance|p2a: Volcarona\n|-boost|p2a: Volcarona|spa|1\n|-boost|p2a: Volcarona|spd|1\n|-boost|p2a: Volcarona|spe|1\n|move|p1a: Sinistcha|Shadow Ball|p2a: Volcarona\n|-damage|p2a: Volcarona|60\/100\n|\n|upkeep\n|turn|9\n|\n|t:|1700888354\n|move|p2a: Volcarona|Quiver Dance|p2a: Volcarona\n|-boost|p2a: Volcarona|spa|1\n|-boost|p2a: Volcarona|spd|1\n|-boost|p2a: Volcarona|spe|1\n|move|p1a: Sinistcha|Calm Mind|p1a: Sinistcha\n|-boost|p1a: Sinistcha|spa|1\n|-boost|p1a: Sinistcha|spd|1\n|\n|upkeep\n|turn|10\n|\n|t:|1700888358\n|move|p2a: Volcarona|Flamethrower|p1a: Sinistcha\n|-supereffective|p1a: Sinistcha\n|-damage|p1a: Sinistcha|40\/100\n|move|p1a: Sinistcha|Shadow Ball|p2a: Volcarona\n|-damage|p2a: Volcarona|26\/100\n|-unboost|p2a: Volcarona|spd|1\n|\n|upkeep\n|turn|11\n|\n|t:|1700888363\n|-terastallize|p1a: Sinistcha|Poison\n|move|p2a: Volcarona|Roost|p2a: Volcarona\n|-heal|p2a: Volcarona|76\/100\n|-singleturn|p2a: Volcarona|move: Roost\n|move|p1a: Sinistcha|Strength Sap|p2a: Volcarona\n|-unboost|p2a: Volcarona|atk|1\n|-heal|p1a: Sinistcha|72\/100\n|\n|upkeep\n|turn|12\n|\n|t:|1700888368\n|move|p2a: Volcarona|Quiver Dance|p2a: Volcarona\n|-boost|p2a: Volcarona|spa|1\n|-boost|p2a: Volcarona|spd|1\n|-boost|p2a: Volcarona|spe|1\n|move|p1a: Sinistcha|Shadow Ball|p2a: Volcarona\n|-damage|p2a: Volcarona|43\/100\n|\n|upkeep\n|turn|13\n|\n|t:|1700888384\n|move|p2a: Volcarona|Roost|p2a: Volcarona\n|-heal|p2a: Volcarona|93\/100\n|-singleturn|p2a: Volcarona|move: Roost\n|move|p1a: Sinistcha|Calm Mind|p1a: Sinistcha\n|-boost|p1a: Sinistcha|spa|1\n|-boost|p1a: Sinistcha|spd|1\n|\n|upkeep\n|turn|14\n|\n|t:|1700888387\n|move|p2a: Volcarona|Quiver Dance|p2a: Volcarona\n|-boost|p2a: Volcarona|spa|1\n|-boost|p2a: Volcarona|spd|1\n|-boost|p2a: Volcarona|spe|1\n|move|p1a: Sinistcha|Shadow Ball|p2a: Volcarona\n|-damage|p2a: Volcarona|56\/100\n|\n|upkeep\n|turn|15\n|\n|t:|1700888390\n|move|p2a: Volcarona|Flamethrower|p1a: Sinistcha\n|-damage|p1a: Sinistcha|50\/100\n|move|p1a: Sinistcha|Shadow Ball|p2a: Volcarona\n|-damage|p2a: Volcarona|21\/100\n|\n|upkeep\n|turn|16\n|\n|t:|1700888397\n|move|p2a: Volcarona|Flamethrower|p1a: Sinistcha\n|-damage|p1a: Sinistcha|27\/100\n|move|p1a: Sinistcha|Shadow Ball|p2a: Volcarona\n|-damage|p2a: Volcarona|0 fnt\n|faint|p2a: Volcarona\n|\n|upkeep\n|\n|t:|1700888404\n|switch|p2a: Scizor|Scizor, F|100\/100\n|-activate|p2a: Scizor|move: Sticky Web\n|-unboost|p2a: Scizor|spe|1\n|turn|17\n|\n|t:|1700888406\n|detailschange|p2a: Scizor|Scizor-Mega, F\n|-mega|p2a: Scizor|Scizor|Scizorite\n|move|p2a: Scizor|Bullet Punch|p1a: Sinistcha\n|-damage|p1a: Sinistcha|7\/100\n|move|p1a: Sinistcha|Strength Sap|p2a: Scizor\n|-unboost|p2a: Scizor|atk|1\n|-heal|p1a: Sinistcha|100\/100\n|\n|upkeep\n|turn|18\n|\n|t:|1700888411\n|move|p1a: Sinistcha|Shadow Ball|p2a: Scizor\n|-damage|p2a: Scizor|15\/100\n|move|p2a: Scizor|Knock Off|p1a: Sinistcha\n|-damage|p1a: Sinistcha|85\/100\n|-enditem|p1a: Sinistcha|Covert Cloak|[from] move: Knock Off|[of] p2a: Scizor\n|\n|upkeep\n|turn|19\n|c|\u2606Glass101|Ik, I underestimated it's bulk as well\n|\n|t:|1700888425\n|switch|p2a: Garchomp|Garchomp, F|31\/100\n|-activate|p2a: Garchomp|move: Sticky Web\n|-unboost|p2a: Garchomp|spe|1\n|move|p1a: Sinistcha|Matcha Gotcha|p2a: Garchomp\n|-damage|p2a: Garchomp|0 fnt\n|-heal|p1a: Sinistcha|100\/100|[from] drain|[of] p2a: Garchomp\n|faint|p2a: Garchomp\n|\n|upkeep\n|\n|t:|1700888428\n|switch|p2a: Garganacl|Garganacl, M, tera:Ghost|100\/100\n|-activate|p2a: Garganacl|move: Sticky Web\n|-unboost|p2a: Garganacl|spe|1\n|turn|20\n|\n|t:|1700888430\n|move|p1a: Sinistcha|Shadow Ball|p2a: Garganacl\n|-supereffective|p2a: Garganacl\n|-damage|p2a: Garganacl|37\/100\n|move|p2a: Garganacl|Salt Cure|p1a: Sinistcha\n|-damage|p1a: Sinistcha|91\/100\n|-start|p1a: Sinistcha|Salt Cure\n|\n|-heal|p2a: Garganacl|43\/100|[from] item: Leftovers\n|-damage|p1a: Sinistcha|78\/100|[from] Salt Cure\n|upkeep\n|turn|21\n|\n|t:|1700888435\n|move|p1a: Sinistcha|Shadow Ball|p2a: Garganacl\n|-supereffective|p2a: Garganacl\n|-damage|p2a: Garganacl|0 fnt\n|faint|p2a: Garganacl\n|\n|-damage|p1a: Sinistcha|66\/100|[from] Salt Cure\n|upkeep\n|\n|t:|1700888438\n|switch|p2a: Gliscor|Gliscor, F|100\/100\n|turn|22\n|\n|t:|1700888441\n|move|p2a: Gliscor|Protect|p2a: Gliscor\n|-singleturn|p2a: Gliscor|Protect\n|move|p1a: Sinistcha|Matcha Gotcha|p2a: Gliscor\n|-activate|p2a: Gliscor|move: Protect\n|\n|-damage|p1a: Sinistcha|53\/100|[from] Salt Cure\n|-status|p2a: Gliscor|tox|[from] item: Toxic Orb\n|upkeep\n|turn|23\n|\n|t:|1700888443\n|move|p2a: Gliscor|Earthquake|p1a: Sinistcha\n|-supereffective|p1a: Sinistcha\n|-damage|p1a: Sinistcha|11\/100\n|move|p1a: Sinistcha|Matcha Gotcha|p2a: Gliscor\n|-damage|p2a: Gliscor|22\/100 tox\n|-heal|p1a: Sinistcha|51\/100|[from] drain|[of] p2a: Gliscor\n|\n|-heal|p2a: Gliscor|35\/100 tox|[from] ability: Poison Heal\n|-damage|p1a: Sinistcha|39\/100|[from] Salt Cure\n|upkeep\n|turn|24\n|\n|t:|1700888450\n|switch|p1a: Hydreigon|Hydreigon, M|100\/100\n|-damage|p1a: Hydreigon|88\/100|[from] Stealth Rock\n|move|p2a: Gliscor|Protect||[still]\n|-fail|p2a: Gliscor\n|\n|-heal|p2a: Gliscor|47\/100 tox|[from] ability: Poison Heal\n|upkeep\n|turn|25\n|\n|t:|1700888454\n|move|p1a: Hydreigon|Nasty Plot|p1a: Hydreigon\n|-boost|p1a: Hydreigon|spa|2\n|move|p2a: Gliscor|Toxic|p1a: Hydreigon\n|-status|p1a: Hydreigon|tox\n|\n|-damage|p1a: Hydreigon|82\/100 tox|[from] psn\n|-heal|p2a: Gliscor|60\/100 tox|[from] ability: Poison Heal\n|upkeep\n|turn|26\n|\n|t:|1700888457\n|move|p2a: Gliscor|Protect|p2a: Gliscor\n|-singleturn|p2a: Gliscor|Protect\n|move|p1a: Hydreigon|Draco Meteor|p2a: Gliscor\n|-activate|p2a: Gliscor|move: Protect\n|\n|-damage|p1a: Hydreigon|70\/100 tox|[from] psn\n|-heal|p2a: Gliscor|72\/100 tox|[from] ability: Poison Heal\n|upkeep\n|turn|27\n|\n|t:|1700888462\n|switch|p2a: Scizor|Scizor-Mega, F|15\/100\n|-activate|p2a: Scizor|move: Sticky Web\n|-unboost|p2a: Scizor|spe|1\n|move|p1a: Hydreigon|Dark Pulse|p2a: Scizor\n|-damage|p2a: Scizor|0 fnt\n|faint|p2a: Scizor\n|-damage|p1a: Hydreigon|60\/100 tox|[from] item: Life Orb\n|\n|-damage|p1a: Hydreigon|41\/100 tox|[from] psn\n|upkeep\n|\n|t:|1700888466\n|switch|p2a: Suicune|Suicune|100\/100\n|-activate|p2a: Suicune|move: Sticky Web\n|-unboost|p2a: Suicune|spe|1\n|-ability|p2a: Suicune|Pressure\n|turn|28\n|\n|t:|1700888473\n|move|p1a: Hydreigon|Draco Meteor|p2a: Suicune\n|-damage|p2a: Suicune|0 fnt\n|-unboost|p1a: Hydreigon|spa|2\n|faint|p2a: Suicune\n|-damage|p1a: Hydreigon|31\/100 tox|[from] item: Life Orb\n|\n|-damage|p1a: Hydreigon|7\/100 tox|[from] psn\n|upkeep\n|-message|maple_syrup689hoe forfeited.\n|\n|win|Glass101\n|raw|Glass101's rating: 1485 &rarr; <strong>1510<\/strong><br \/>(+25 for winning)\n|raw|maple_syrup689hoe's rating: 1573 &rarr; <strong>1548<\/strong><br \/>(-25 for losing)\n|l|\u2606maple_syrup689hoe\n|c|\u2606Glass101|Oh good, no pressure stalling\n","uploadtime":1700888485,"views":1,"p1id":"glass101","p2id":"maplesyrup689hoe","formatid":"gen9nationaldex","rating":1510,"private":0,"password":""}