{"id":"gen9nationaldex-1993137116","p1":"Darz 236","p2":"DieZitron3","format":"[Gen 9] National Dex","log":"|j|\u2606Darz 236\n|j|\u2606DieZitron3\n|t:|1700269162\n|gametype|singles\n|player|p1|Darz 236|serena-masters|\n|player|p2|DieZitron3|acetrainer-gen4dp|\n|teamsize|p1|6\n|teamsize|p2|6\n|gen|9\n|tier|[Gen 9] National Dex\n|rule|HP Percentage Mod: HP is shown in percentages\n|rule|Endless Battle Clause: Forcing endless battles is banned\n|rule|OHKO Clause: OHKO moves are banned\n|rule|Evasion Clause: Evasion abilities, items, and moves are banned\n|rule|Evasion Abilities Clause: Evasion abilities are banned\n|rule|Evasion Items Clause: Evasion items are banned\n|rule|Evasion Moves Clause: Evasion moves are banned\n|rule|Species Clause: Limit one of each Pok\u00e9mon\n|rule|Sleep Clause Mod: Limit one foe put to sleep\n|clearpoke\n|poke|p1|Incineroar, F|\n|poke|p1|Lycanroc-Dusk, F|\n|poke|p1|Mimikyu, F|\n|poke|p1|Muk-Alola, M|\n|poke|p1|Wishiwashi, F|\n|poke|p1|Tapu Koko|\n|poke|p2|Dragonite, M|\n|poke|p2|Aerodactyl, M|\n|poke|p2|Gyarados, M|\n|poke|p2|Charizard, F|\n|poke|p2|Exeggutor-Alola, F|\n|poke|p2|Dracozolt|\n|teampreview\n|c|\u2606DieZitron3|Hola\n|c|\u2606DieZitron3|Suerte pa\n|inactive|Battle timer is ON: inactive players will automatically lose when time's up. (requested by Darz 236)\n|c|\u2606Darz 236|Buena suerte\n|j| newluka\n|\n|t:|1700269188\n|start\n|switch|p1a: Tapu Koko|Tapu Koko, shiny|100\/100\n|switch|p2a: Drogadicto \ud83e\udd70|Aerodactyl, M, shiny|100\/100\n|-fieldstart|move: Electric Terrain|[from] ability: Electric Surge|[of] p1a: Tapu Koko\n|-ability|p2a: Drogadicto \ud83e\udd70|Pressure\n|turn|1\n|\n|t:|1700269199\n|switch|p2a: Titi \ud83e\udd74|Exeggutor-Alola, F, shiny|100\/100\n|move|p1a: Tapu Koko|Dazzling Gleam|p2a: Titi \ud83e\udd74\n|-supereffective|p2a: Titi \ud83e\udd74\n|-damage|p2a: Titi \ud83e\udd74|32\/100\n|-enditem|p2a: Titi \ud83e\udd74|Sitrus Berry|[eat]\n|-heal|p2a: Titi \ud83e\udd74|57\/100|[from] item: Sitrus Berry\n|\n|-item|p2a: Titi \ud83e\udd74|Sitrus Berry|[from] ability: Harvest\n|upkeep\n|turn|2\n|\n|t:|1700269207\n|move|p1a: Tapu Koko|Dazzling Gleam|p2a: Titi \ud83e\udd74\n|-supereffective|p2a: Titi \ud83e\udd74\n|-damage|p2a: Titi \ud83e\udd74|0 fnt\n|faint|p2a: Titi \ud83e\udd74\n|\n|upkeep\n|\n|t:|1700269214\n|switch|p2a: Tamalito \ud83d\ude0a|Dracozolt, shiny|100\/100\n|turn|3\n|\n|t:|1700269220\n|move|p1a: Tapu Koko|Dazzling Gleam|p2a: Tamalito \ud83d\ude0a\n|-supereffective|p2a: Tamalito \ud83d\ude0a\n|-damage|p2a: Tamalito \ud83d\ude0a|0 fnt\n|faint|p2a: Tamalito \ud83d\ude0a\n|\n|upkeep\n|c|\u2606DieZitron3|Ah mira\n|c|\u2606DieZitron3|Scarf\n|\n|t:|1700269233\n|switch|p2a: Zardina \ud83d\udc1f|Charizard, F, shiny|100\/100\n|turn|4\n|c|\u2606DieZitron3|Man ya juego todo sin ganas a esto\n|c|\u2606DieZitron3|Que fuerte\n|inactive|Darz 236 has 270 seconds left.\n|c|\u2606DieZitron3|Me lo pasaba re bien yo\n|\n|t:|1700269281\n|switch|p1a: Incineroar|Incineroar, F|100\/100\n|-ability|p1a: Incineroar|Intimidate|boost\n|-unboost|p2a: Zardina \ud83d\udc1f|atk|1\n|detailschange|p2a: Zardina \ud83d\udc1f|Charizard-Mega-Y, F, shiny\n|-mega|p2a: Zardina \ud83d\udc1f|Charizard|Charizardite Y\n|-weather|SunnyDay|[from] ability: Drought|[of] p2a: Zardina \ud83d\udc1f\n|move|p2a: Zardina \ud83d\udc1f|Scorching Sands|p1a: Incineroar\n|-supereffective|p1a: Incineroar\n|-damage|p1a: Incineroar|61\/100\n|\n|-weather|SunnyDay|[upkeep]\n|upkeep\n|turn|5\n|\n|t:|1700269293\n|switch|p2a: Drogadicto \ud83e\udd70|Aerodactyl, M, shiny|100\/100\n|-ability|p2a: Drogadicto \ud83e\udd70|Pressure\n|move|p1a: Incineroar|Darkest Lariat|p2a: Drogadicto \ud83e\udd70\n|-damage|p2a: Drogadicto \ud83e\udd70|45\/100\n|\n|-weather|SunnyDay|[upkeep]\n|-fieldend|move: Electric Terrain\n|upkeep\n|turn|6\n|\n|t:|1700269300\n|move|p2a: Drogadicto \ud83e\udd70|Stealth Rock|p1a: Incineroar\n|-sidestart|p1: Darz 236|move: Stealth Rock\n|move|p1a: Incineroar|Darkest Lariat|p2a: Drogadicto \ud83e\udd70\n|-damage|p2a: Drogadicto \ud83e\udd70|0 fnt\n|faint|p2a: Drogadicto \ud83e\udd70\n|\n|-weather|SunnyDay|[upkeep]\n|upkeep\n|\n|t:|1700269314\n|switch|p2a: Gyaratres \ud83e\udd75|Gyarados, M, shiny|100\/100\n|turn|7\n|\n|t:|1700269318\n|move|p2a: Gyaratres \ud83e\udd75|Dragon Dance|p2a: Gyaratres \ud83e\udd75\n|-boost|p2a: Gyaratres \ud83e\udd75|atk|1\n|-boost|p2a: Gyaratres \ud83e\udd75|spe|1\n|move|p1a: Incineroar|Darkest Lariat|p2a: Gyaratres \ud83e\udd75\n|-damage|p2a: Gyaratres \ud83e\udd75|42\/100\n|\n|-weather|SunnyDay|[upkeep]\n|upkeep\n|turn|8\n|\n|t:|1700269324\n|move|p2a: Gyaratres \ud83e\udd75|Earthquake|p1a: Incineroar\n|-supereffective|p1a: Incineroar\n|-damage|p1a: Incineroar|0 fnt\n|faint|p1a: Incineroar\n|-ability|p2a: Gyaratres \ud83e\udd75|Moxie|boost\n|-boost|p2a: Gyaratres \ud83e\udd75|atk|1\n|\n|-weather|none\n|upkeep\n|\n|t:|1700269328\n|switch|p1a: Tapu Koko|Tapu Koko, shiny|100\/100\n|-damage|p1a: Tapu Koko|88\/100|[from] Stealth Rock\n|-fieldstart|move: Electric Terrain|[from] ability: Electric Surge|[of] p1a: Tapu Koko\n|turn|9\n|\n|t:|1700269338\n|move|p1a: Tapu Koko|Thunderbolt|p2a: Gyaratres \ud83e\udd75\n|-supereffective|p2a: Gyaratres \ud83e\udd75\n|-damage|p2a: Gyaratres \ud83e\udd75|0 fnt\n|faint|p2a: Gyaratres \ud83e\udd75\n|\n|upkeep\n|\n|t:|1700269340\n|switch|p2a: Gordito \ud83e\udd11|Dragonite, M, shiny|100\/100\n|turn|10\n|\n|t:|1700269353\n|move|p1a: Tapu Koko|Thunderbolt|p2a: Gordito \ud83e\udd11\n|-damage|p2a: Gordito \ud83e\udd11|75\/100\n|move|p2a: Gordito \ud83e\udd11|Dragon Dance|p2a: Gordito \ud83e\udd11\n|-boost|p2a: Gordito \ud83e\udd11|atk|1\n|-boost|p2a: Gordito \ud83e\udd11|spe|1\n|\n|upkeep\n|turn|11\n|c|\u2606DieZitron3|La vdd no se como me va a hacer menos da\u00f1o\n|inactive|DieZitron3 has 270 seconds left.\n|c|\u2606DieZitron3|Se podia usar tera?\n|c|\u2606DieZitron3|Creo que no\n|\n|t:|1700269395\n|-terastallize|p2a: Gordito \ud83e\udd11|Normal\n|move|p2a: Gordito \ud83e\udd11|Extreme Speed|p1a: Tapu Koko\n|-damage|p1a: Tapu Koko|0 fnt\n|faint|p1a: Tapu Koko\n|\n|upkeep\n|c|\u2606Darz 236|Si\n|\n|t:|1700269423\n|switch|p1a: Mimikyu|Mimikyu, F, shiny|100\/100\n|-damage|p1a: Mimikyu|88\/100|[from] Stealth Rock\n|turn|12\n|c|\u2606DieZitron3|Jajaja creo que no *procede a hacer tera*\n|inactive|DieZitron3 has 270 seconds left.\n|inactive|Darz 236 has 270 seconds left.\n|\n|t:|1700269439\n|move|p2a: Gordito \ud83e\udd11|Dual Wingbeat|p1a: Mimikyu\n|-activate|p1a: Mimikyu|ability: Disguise\n|-damage|p1a: Mimikyu|88\/100\n|detailschange|p1a: Mimikyu|Mimikyu-Busted, F, shiny\n|-damage|p1a: Mimikyu|76\/100|[from] pokemon: Mimikyu-Busted\n|-damage|p1a: Mimikyu|15\/100\n|-hitcount|p1a: Mimikyu|2\n|move|p1a: Mimikyu|Play Rough|p2a: Gordito \ud83e\udd11\n|-damage|p2a: Gordito \ud83e\udd11|25\/100\n|-damage|p1a: Mimikyu|5\/100|[from] item: Life Orb\n|\n|upkeep\n|turn|13\n|inactive|Darz 236 has 270 seconds left.\n|\n|t:|1700269452\n|move|p2a: Gordito \ud83e\udd11|Earthquake|p1a: Mimikyu\n|-damage|p1a: Mimikyu|0 fnt\n|faint|p1a: Mimikyu\n|\n|-fieldend|move: Electric Terrain\n|upkeep\n|inactive|Darz 236 has 270 seconds left.\n|\n|t:|1700269463\n|switch|p1a: Wishiwashi|Wishiwashi, F|100\/100\n|-damage|p1a: Wishiwashi|88\/100|[from] Stealth Rock\n|-formechange|p1a: Wishiwashi|Wishiwashi-School||[from] ability: Schooling\n|turn|14\n|inactive|Darz 236 has 270 seconds left.\n|c|\u2606DieZitron3|Gg\n|\n|t:|1700269480\n|move|p2a: Gordito \ud83e\udd11|Dual Wingbeat|p1a: Wishiwashi\n|-damage|p1a: Wishiwashi|46\/100\n|-damage|p1a: Wishiwashi|7\/100\n|-hitcount|p1a: Wishiwashi|2\n|move|p1a: Wishiwashi|Hydro Pump|p2a: Gordito \ud83e\udd11\n|-damage|p2a: Gordito \ud83e\udd11|0 fnt\n|faint|p2a: Gordito \ud83e\udd11\n|\n|-formechange|p1a: Wishiwashi|Wishiwashi||[from] ability: Schooling\n|upkeep\n|\n|t:|1700269485\n|switch|p2a: Zardina \ud83d\udc1f|Charizard-Mega-Y, F, shiny|100\/100\n|-weather|SunnyDay|[from] ability: Drought|[of] p2a: Zardina \ud83d\udc1f\n|turn|15\n|inactive|Darz 236 has 270 seconds left.\n|\n|t:|1700269493\n|move|p2a: Zardina \ud83d\udc1f|Weather Ball|p1a: Wishiwashi\n|-resisted|p1a: Wishiwashi\n|-damage|p1a: Wishiwashi|0 fnt\n|faint|p1a: Wishiwashi\n|\n|-weather|SunnyDay|[upkeep]\n|upkeep\n|inactive|Darz 236 has 270 seconds left.\n|c|\u2606DieZitron3|Saca a muk dale\n|c|\u2606DieZitron3|Sabemos que ganaste\n|c|\u2606DieZitron3|Pero haceme la buena\n|\n|t:|1700269513\n|switch|p1a: Muk de Alola|Muk-Alola, M|100\/100\n|-damage|p1a: Muk de Alola|88\/100|[from] Stealth Rock\n|turn|16\n|l| newluka\n|\n|t:|1700269525\n|-terastallize|p1a: Muk de Alola|Water\n|move|p2a: Zardina \ud83d\udc1f|Weather Ball|p1a: Muk de Alola\n|-resisted|p1a: Muk de Alola\n|-damage|p1a: Muk de Alola|59\/100\n|move|p1a: Muk de Alola|Poison Jab|p2a: Zardina \ud83d\udc1f\n|-damage|p2a: Zardina \ud83d\udc1f|58\/100\n|-status|p2a: Zardina \ud83d\udc1f|psn\n|\n|-weather|SunnyDay|[upkeep]\n|-damage|p1a: Muk de Alola|47\/100|[from] item: Black Sludge\n|-damage|p2a: Zardina \ud83d\udc1f|46\/100 psn|[from] psn\n|upkeep\n|turn|17\n|\n|t:|1700269533\n|move|p2a: Zardina \ud83d\udc1f|Solar Beam||[still]\n|-prepare|p2a: Zardina \ud83d\udc1f|Solar Beam\n|-anim|p2a: Zardina \ud83d\udc1f|Solar Beam|p1a: Muk de Alola\n|-supereffective|p1a: Muk de Alola\n|-damage|p1a: Muk de Alola|0 fnt\n|faint|p1a: Muk de Alola\n|\n|-weather|SunnyDay|[upkeep]\n|-damage|p2a: Zardina \ud83d\udc1f|33\/100 psn|[from] psn\n|upkeep\n|\n|t:|1700269538\n|switch|p1a: Lycanroc Mediod\u00eda|Lycanroc-Dusk, F, shiny|100\/100\n|-damage|p1a: Lycanroc Mediod\u00eda|88\/100|[from] Stealth Rock\n|turn|18\n|c|\u2606DieZitron3|Gg pa\n|inactive|Darz 236 has 270 seconds left.\n|\n|t:|1700269543\n|move|p1a: Lycanroc Mediod\u00eda|Accelerock|p2a: Zardina \ud83d\udc1f\n|-supereffective|p2a: Zardina \ud83d\udc1f\n|-damage|p2a: Zardina \ud83d\udc1f|0 fnt\n|faint|p2a: Zardina \ud83d\udc1f\n|\n|win|Darz 236\n|j| newluka\n|c|\u2606Darz 236|gg\n|l|\u2606DieZitron3\n","uploadtime":1700269555,"views":12,"p1id":"darz236","p2id":"diezitron3","formatid":"gen9nationaldex","rating":0,"private":0,"password":""}