{"id":"gen9nationaldex-1993073230","p1":"Dark Umbreon 08","p2":"Chaotic Annoyance","format":"[Gen 9] National Dex","log":"|j|\u2606Dark Umbreon 08\n|j|\u2606Chaotic Annoyance\n|t:|1700261697\n|gametype|singles\n|player|p1|Dark Umbreon 08|lass-gen4dp|1192\n|player|p2|Chaotic Annoyance|will|1199\n|teamsize|p1|6\n|teamsize|p2|6\n|gen|9\n|tier|[Gen 9] National Dex\n|rated|\n|rule|HP Percentage Mod: HP is shown in percentages\n|rule|Endless Battle Clause: Forcing endless battles is banned\n|rule|OHKO Clause: OHKO moves are banned\n|rule|Evasion Clause: Evasion abilities, items, and moves are banned\n|rule|Evasion Abilities Clause: Evasion abilities are banned\n|rule|Evasion Items Clause: Evasion items are banned\n|rule|Evasion Moves Clause: Evasion moves are banned\n|rule|Species Clause: Limit one of each Pok\u00e9mon\n|rule|Sleep Clause Mod: Limit one foe put to sleep\n|clearpoke\n|poke|p1|Ogerpon-Wellspring, F|\n|poke|p1|Hoopa-Unbound|\n|poke|p1|Gyarados, F|\n|poke|p1|Volcarona, F|\n|poke|p1|Arcanine-Hisui, F|\n|poke|p1|Gliscor, M|\n|poke|p2|Roserade, M|\n|poke|p2|Talonflame, M|\n|poke|p2|Azumarill, F|\n|poke|p2|Magnezone|\n|poke|p2|Garchomp, F|\n|poke|p2|Gallade, M|\n|teampreview\n|inactive|Battle timer is ON: inactive players will automatically lose when time's up. (requested by Chaotic Annoyance)\n|inactive|Dark Umbreon 08 also wants the timer to be on.\n|\n|t:|1700261714\n|start\n|switch|p1a: Gliscor|Gliscor, M|100\/100\n|switch|p2a: Roserade|Roserade, M, shiny|100\/100\n|turn|1\n|\n|t:|1700261720\n|move|p1a: Gliscor|Substitute|p1a: Gliscor\n|-start|p1a: Gliscor|Substitute\n|-damage|p1a: Gliscor|76\/100\n|move|p2a: Roserade|Sleep Powder|p1a: Gliscor|[miss]\n|-miss|p2a: Roserade|p1a: Gliscor\n|\n|-status|p1a: Gliscor|tox|[from] item: Toxic Orb\n|upkeep\n|turn|2\n|\n|t:|1700261731\n|switch|p2a: Magnezone|Magnezone, shiny|100\/100\n|-item|p2a: Magnezone|Air Balloon\n|move|p1a: Gliscor|Swords Dance|p1a: Gliscor\n|-boost|p1a: Gliscor|atk|2\n|\n|-heal|p1a: Gliscor|88\/100 tox|[from] ability: Poison Heal\n|upkeep\n|turn|3\n|\n|t:|1700261736\n|move|p1a: Gliscor|Protect|p1a: Gliscor\n|-singleturn|p1a: Gliscor|Protect\n|move|p2a: Magnezone|Flash Cannon|p1a: Gliscor\n|-activate|p1a: Gliscor|move: Protect\n|\n|-heal|p1a: Gliscor|100\/100 tox|[from] ability: Poison Heal\n|upkeep\n|turn|4\n|\n|t:|1700261743\n|switch|p1a: Volcarona|Volcarona, F|100\/100\n|move|p2a: Magnezone|Flash Cannon|p1a: Volcarona\n|-resisted|p1a: Volcarona\n|-crit|p1a: Volcarona\n|-damage|p1a: Volcarona|67\/100\n|\n|upkeep\n|turn|5\n|\n|t:|1700261748\n|move|p1a: Volcarona|Giga Drain|p2a: Magnezone\n|-resisted|p2a: Magnezone\n|-damage|p2a: Magnezone|85\/100\n|-heal|p1a: Volcarona|76\/100|[from] drain|[of] p2a: Magnezone\n|-enditem|p2a: Magnezone|Air Balloon\n|move|p2a: Magnezone|Volt Switch|p1a: Volcarona\n|-crit|p1a: Volcarona\n|-damage|p1a: Volcarona|18\/100\n|\n|t:|1700261752\n|switch|p2a: Azumarill|Azumarill, F, shiny|100\/100|[from] Volt Switch\n|\n|upkeep\n|turn|6\n|\n|t:|1700261757\n|switch|p1a: Ogerpon|Ogerpon-Wellspring, F|100\/100\n|move|p2a: Azumarill|Aqua Jet|p1a: Ogerpon\n|-immune|p1a: Ogerpon|[from] ability: Water Absorb\n|\n|upkeep\n|turn|7\n|\n|t:|1700261761\n|switch|p2a: Magnezone|Magnezone, shiny|85\/100\n|move|p1a: Ogerpon|Swords Dance|p1a: Ogerpon\n|-boost|p1a: Ogerpon|atk|2\n|\n|upkeep\n|turn|8\n|\n|t:|1700261770\n|move|p1a: Ogerpon|Ivy Cudgel|p2a: Magnezone|[anim] Ivy Cudgel Water\n|-damage|p2a: Magnezone|0 fnt\n|faint|p2a: Magnezone\n|\n|upkeep\n|\n|t:|1700261774\n|switch|p2a: Talonflame|Talonflame, M, shiny|100\/100\n|turn|9\n|\n|t:|1700261777\n|-terastallize|p1a: Ogerpon|Water\n|detailschange|p1a: Ogerpon|Ogerpon-Wellspring-Tera, F, tera:Water\n|-ability|p1a: Ogerpon|Embody Aspect (Wellspring)|boost\n|-boost|p1a: Ogerpon|spd|1\n|move|p2a: Talonflame|Air Slash|p1a: Ogerpon\n|-damage|p1a: Ogerpon|86\/100\n|move|p1a: Ogerpon|Ivy Cudgel|p2a: Talonflame|[anim] Ivy Cudgel Water\n|-supereffective|p2a: Talonflame\n|-damage|p2a: Talonflame|0 fnt\n|faint|p2a: Talonflame\n|\n|upkeep\n|\n|t:|1700261781\n|switch|p2a: Roserade|Roserade, M, shiny|100\/100\n|turn|10\n|\n|t:|1700261793\n|move|p1a: Ogerpon|Ivy Cudgel|p2a: Roserade|[anim] Ivy Cudgel Water\n|-resisted|p2a: Roserade\n|-enditem|p2a: Roserade|Focus Sash\n|-damage|p2a: Roserade|1\/100\n|move|p2a: Roserade|Sleep Powder|p1a: Ogerpon|[miss]\n|-miss|p2a: Roserade|p1a: Ogerpon\n|\n|upkeep\n|turn|11\n|-message|Chaotic Annoyance forfeited.\n|\n|win|Dark Umbreon 08\n|raw|Dark Umbreon 08's rating: 1192 &rarr; <strong>1218<\/strong><br \/>(+26 for winning)\n|raw|Chaotic Annoyance's rating: 1199 &rarr; <strong>1173<\/strong><br \/>(-26 for losing)\n|l|\u2606Chaotic Annoyance\n","uploadtime":1700261808,"views":6,"p1id":"darkumbreon08","p2id":"chaoticannoyance","formatid":"gen9nationaldex","rating":1173,"private":0,"password":""}