{"id":"gen9nationaldex-1996499421","p1":"qismil","p2":"Zippybud5","format":"[Gen 9] National Dex","log":"|html|<div class=\"broadcast-blue\"><strong>[Gen 9] National Dex is currently suspecting Sneasler! For information on how to participate check out the <a href=\"https:\/\/www.smogon.com\/forums\/threads\/sv-national-dex-suspect-8-just-dance.3731534\/\">suspect thread<\/a>.<\/strong><\/div>\n|j|\u2606qismil\n|j|\u2606Zippybud5\n|t:|1700687979\n|gametype|singles\n|player|p1|qismil|101|1104\n|player|p2|Zippybud5|169|1016\n|teamsize|p1|6\n|teamsize|p2|6\n|gen|9\n|tier|[Gen 9] National Dex\n|rated|\n|rule|HP Percentage Mod: HP is shown in percentages\n|rule|Endless Battle Clause: Forcing endless battles is banned\n|rule|OHKO Clause: OHKO moves are banned\n|rule|Evasion Clause: Evasion abilities, items, and moves are banned\n|rule|Evasion Abilities Clause: Evasion abilities are banned\n|rule|Evasion Items Clause: Evasion items are banned\n|rule|Evasion Moves Clause: Evasion moves are banned\n|rule|Species Clause: Limit one of each Pok\u00e9mon\n|rule|Sleep Clause Mod: Limit one foe put to sleep\n|clearpoke\n|poke|p1|Rillaboom, M|\n|poke|p1|Heatran, F|\n|poke|p1|Tyranitar, M|\n|poke|p1|Meowscarada, F|\n|poke|p1|Excadrill, M|\n|poke|p1|Ribombee, F|\n|poke|p2|Electivire, M|\n|poke|p2|Kabutops, M|\n|poke|p2|Dustox, M|\n|poke|p2|Orthworm, F|\n|poke|p2|Regidrago|\n|poke|p2|Iron Thorns|\n|teampreview\n|\n|t:|1700687994\n|start\n|switch|p1a: Ribombee|Ribombee, F|100\/100\n|switch|p2a: Electivire|Electivire, M|100\/100\n|turn|1\n|\n|t:|1700688014\n|move|p1a: Ribombee|Sticky Web|p2a: Electivire\n|-sidestart|p2: Zippybud5|move: Sticky Web\n|move|p2a: Electivire|Charge Beam|p1a: Ribombee|[miss]\n|-miss|p2a: Electivire|p1a: Ribombee\n|-enditem|p2a: Electivire|Blunder Policy\n|-boost|p2a: Electivire|spe|2\n|\n|upkeep\n|turn|2\n|inactive|Battle timer is ON: inactive players will automatically lose when time's up. (requested by Zippybud5)\n|\n|t:|1700688057\n|move|p2a: Electivire|Charge Beam|p1a: Ribombee\n|-damage|p1a: Ribombee|63\/100\n|-boost|p2a: Electivire|spa|1\n|move|p1a: Ribombee|Psychic|p2a: Electivire\n|-damage|p2a: Electivire|71\/100\n|\n|upkeep\n|turn|3\n|\n|t:|1700688087\n|move|p2a: Electivire|Charge Beam|p1a: Ribombee\n|-damage|p1a: Ribombee|5\/100\n|-boost|p2a: Electivire|spa|1\n|move|p1a: Ribombee|Moonblast|p2a: Electivire\n|-damage|p2a: Electivire|27\/100\n|-unboost|p2a: Electivire|spa|1\n|\n|upkeep\n|turn|4\n|\n|t:|1700688103\n|switch|p1a: Tyranitar|Tyranitar, M|100\/100\n|-weather|Sandstorm|[from] ability: Sand Stream|[of] p1a: Tyranitar\n|move|p2a: Electivire|Charge Beam|p1a: Tyranitar\n|-damage|p1a: Tyranitar|80\/100\n|\n|-weather|Sandstorm|[upkeep]\n|-damage|p2a: Electivire|21\/100|[from] Sandstorm\n|upkeep\n|turn|5\n|\n|t:|1700688113\n|move|p2a: Electivire|Focus Blast|p1a: Tyranitar\n|-supereffective|p1a: Tyranitar\n|-damage|p1a: Tyranitar|0 fnt\n|faint|p1a: Tyranitar\n|\n|-weather|Sandstorm|[upkeep]\n|-damage|p2a: Electivire|15\/100|[from] Sandstorm\n|upkeep\n|\n|t:|1700688120\n|switch|p1a: Excadrill|Excadrill, M|100\/100\n|turn|6\n|\n|t:|1700688133\n|-terastallize|p2a: Electivire|Fire\n|move|p1a: Excadrill|Earthquake|p2a: Electivire\n|-supereffective|p2a: Electivire\n|-damage|p2a: Electivire|0 fnt\n|faint|p2a: Electivire\n|\n|-weather|Sandstorm|[upkeep]\n|upkeep\n|inactive|Zippybud5 has 120 seconds left.\n|\n|t:|1700688166\n|switch|p2a: Orthworm|Orthworm, F, shiny|100\/100\n|-activate|p2a: Orthworm|move: Sticky Web\n|-unboost|p2a: Orthworm|spe|1\n|turn|7\n|inactive|Zippybud5 has 120 seconds left.\n|\n|t:|1700688176\n|move|p1a: Excadrill|Earthquake|p2a: Orthworm\n|-immune|p2a: Orthworm|[from] ability: Earth Eater\n|move|p2a: Orthworm|Bulldoze|p1a: Excadrill\n|-supereffective|p1a: Excadrill\n|-damage|p1a: Excadrill|62\/100\n|-unboost|p1a: Excadrill|spe|1\n|\n|-weather|Sandstorm|[upkeep]\n|upkeep\n|turn|8\n|inactive|Zippybud5 has 120 seconds left.\n|\n|t:|1700688185\n|move|p1a: Excadrill|Iron Head|p2a: Orthworm\n|-resisted|p2a: Orthworm\n|-damage|p2a: Orthworm|84\/100\n|cant|p2a: Orthworm|flinch\n|\n|-weather|none\n|upkeep\n|turn|9\n|inactive|Zippybud5 has 120 seconds left.\n|\n|t:|1700688208\n|switch|p1a: Heatran|Heatran, F|100\/100\n|move|p2a: Orthworm|Body Press|p1a: Heatran\n|-supereffective|p1a: Heatran\n|-damage|p1a: Heatran|36\/100\n|\n|-heal|p1a: Heatran|42\/100|[from] item: Leftovers\n|upkeep\n|turn|10\n|inactive|qismil has 120 seconds left.\n|inactive|qismil has 90 seconds left.\n|\n|t:|1700688277\n|switch|p2a: Kabutops|Kabutops, M|100\/100\n|-activate|p2a: Kabutops|move: Sticky Web\n|-unboost|p2a: Kabutops|spe|1\n|move|p1a: Heatran|Magma Storm|p2a: Kabutops\n|-resisted|p2a: Kabutops\n|-damage|p2a: Kabutops|77\/100\n|-activate|p2a: Kabutops|move: Magma Storm|[of] p1a: Heatran\n|\n|-heal|p1a: Heatran|48\/100|[from] item: Leftovers\n|-damage|p2a: Kabutops|64\/100|[from] move: Magma Storm|[partiallytrapped]\n|upkeep\n|turn|11\n|inactive|qismil has 90 seconds left.\n|\n|t:|1700688289\n|move|p2a: Kabutops|Aqua Jet|p1a: Heatran\n|-supereffective|p1a: Heatran\n|-damage|p1a: Heatran|13\/100\n|move|p1a: Heatran|Toxic|p2a: Kabutops\n|-status|p2a: Kabutops|tox\n|\n|-heal|p1a: Heatran|19\/100|[from] item: Leftovers\n|-damage|p2a: Kabutops|58\/100 tox|[from] psn\n|-damage|p2a: Kabutops|46\/100 tox|[from] move: Magma Storm|[partiallytrapped]\n|upkeep\n|turn|12\n|inactive|qismil has 90 seconds left.\n|\n|t:|1700688300\n|-terastallize|p1a: Heatran|Grass\n|move|p2a: Kabutops|Aqua Jet|p1a: Heatran\n|-resisted|p1a: Heatran\n|-damage|p1a: Heatran|9\/100\n|move|p1a: Heatran|Earth Power|p2a: Kabutops\n|-supereffective|p2a: Kabutops\n|-damage|p2a: Kabutops|0 fnt\n|faint|p2a: Kabutops\n|\n|-heal|p1a: Heatran|15\/100|[from] item: Leftovers\n|upkeep\n|\n|t:|1700688314\n|switch|p2a: Dustox|Dustox, M|100\/100\n|-activate|p2a: Dustox|move: Sticky Web\n|-unboost|p2a: Dustox|spe|1\n|turn|13\n|\n|t:|1700688323\n|move|p1a: Heatran|Magma Storm|p2a: Dustox|[miss]\n|-miss|p1a: Heatran|p2a: Dustox\n|move|p2a: Dustox|Sludge Bomb|p1a: Heatran\n|-supereffective|p1a: Heatran\n|-damage|p1a: Heatran|0 fnt\n|faint|p1a: Heatran\n|\n|upkeep\n|\n|t:|1700688330\n|switch|p1a: Rillaboom|Rillaboom, M, shiny|100\/100\n|-fieldstart|move: Grassy Terrain|[from] ability: Grassy Surge|[of] p1a: Rillaboom\n|turn|14\n|\n|t:|1700688336\n|move|p1a: Rillaboom|Superpower|p2a: Dustox\n|-resisted|p2a: Dustox\n|-damage|p2a: Dustox|79\/100\n|-unboost|p1a: Rillaboom|atk|1\n|-unboost|p1a: Rillaboom|def|1\n|move|p2a: Dustox|Quiver Dance|p2a: Dustox\n|-boost|p2a: Dustox|spa|1\n|-boost|p2a: Dustox|spd|1\n|-boost|p2a: Dustox|spe|1\n|\n|-heal|p2a: Dustox|85\/100|[from] Grassy Terrain\n|-heal|p2a: Dustox|91\/100|[from] item: Black Sludge\n|upkeep\n|turn|15\n|\n|t:|1700688352\n|switch|p1a: Excadrill|Excadrill, M|62\/100\n|move|p2a: Dustox|Quiver Dance|p2a: Dustox\n|-boost|p2a: Dustox|spa|1\n|-boost|p2a: Dustox|spd|1\n|-boost|p2a: Dustox|spe|1\n|\n|-heal|p1a: Excadrill|68\/100|[from] Grassy Terrain\n|-heal|p2a: Dustox|97\/100|[from] Grassy Terrain\n|-heal|p2a: Dustox|100\/100|[from] item: Black Sludge\n|upkeep\n|turn|16\n|\n|t:|1700688363\n|move|p1a: Excadrill|Earthquake|p2a: Dustox\n|-damage|p2a: Dustox|65\/100\n|move|p2a: Dustox|Quiver Dance|p2a: Dustox\n|-boost|p2a: Dustox|spa|1\n|-boost|p2a: Dustox|spd|1\n|-boost|p2a: Dustox|spe|1\n|\n|-heal|p2a: Dustox|71\/100|[from] Grassy Terrain\n|-heal|p2a: Dustox|77\/100|[from] item: Black Sludge\n|-heal|p1a: Excadrill|74\/100|[from] Grassy Terrain\n|upkeep\n|turn|17\n|\n|t:|1700688375\n|move|p2a: Dustox|Giga Drain|p1a: Excadrill\n|-damage|p1a: Excadrill|22\/100\n|-heal|p2a: Dustox|100\/100|[from] drain|[of] p1a: Excadrill\n|move|p1a: Excadrill|Earthquake|p2a: Dustox\n|-damage|p2a: Dustox|66\/100\n|\n|-heal|p2a: Dustox|72\/100|[from] Grassy Terrain\n|-heal|p2a: Dustox|78\/100|[from] item: Black Sludge\n|-heal|p1a: Excadrill|28\/100|[from] Grassy Terrain\n|upkeep\n|turn|18\n|\n|t:|1700688386\n|move|p2a: Dustox|Giga Drain|p1a: Excadrill\n|-damage|p1a: Excadrill|0 fnt\n|-heal|p2a: Dustox|97\/100|[from] drain|[of] p1a: Excadrill\n|faint|p1a: Excadrill\n|\n|-heal|p2a: Dustox|100\/100|[from] Grassy Terrain\n|-fieldend|move: Grassy Terrain\n|upkeep\n|\n|t:|1700688392\n|switch|p1a: Meowscarada|Meowscarada, F|100\/100\n|turn|19\n|\n|t:|1700688402\n|move|p1a: Meowscarada|Knock Off|p2a: Dustox\n|-start|p1a: Meowscarada|typechange|Dark|[from] ability: Protean\n|-damage|p2a: Dustox|22\/100\n|-enditem|p2a: Dustox|Black Sludge|[from] move: Knock Off|[of] p1a: Meowscarada\n|move|p2a: Dustox|Sludge Bomb|p1a: Meowscarada\n|-damage|p1a: Meowscarada|17\/100\n|\n|upkeep\n|turn|20\n|inactive|qismil has 120 seconds left.\n|\n|t:|1700688436\n|move|p1a: Meowscarada|Knock Off|p2a: Dustox\n|-damage|p2a: Dustox|0 fnt\n|faint|p2a: Dustox\n|\n|upkeep\n|\n|t:|1700688443\n|switch|p2a: Orthworm|Orthworm, F, shiny|84\/100\n|-activate|p2a: Orthworm|move: Sticky Web\n|-unboost|p2a: Orthworm|spe|1\n|turn|21\n|\n|t:|1700688456\n|move|p1a: Meowscarada|Knock Off|p2a: Orthworm\n|-damage|p2a: Orthworm|37\/100\n|-enditem|p2a: Orthworm|Assault Vest|[from] move: Knock Off|[of] p1a: Meowscarada\n|move|p2a: Orthworm|Iron Tail|p1a: Meowscarada\n|-damage|p1a: Meowscarada|0 fnt\n|faint|p1a: Meowscarada\n|\n|upkeep\n|inactive|qismil has 90 seconds left.\n|\n|t:|1700688490\n|switch|p1a: Rillaboom|Rillaboom, M, shiny|100\/100\n|-fieldstart|move: Grassy Terrain|[from] ability: Grassy Surge|[of] p1a: Rillaboom\n|turn|22\n|inactive|qismil has 60 seconds left.\n|\n|t:|1700688521\n|move|p1a: Rillaboom|Wood Hammer|p2a: Orthworm\n|-resisted|p2a: Orthworm\n|-damage|p2a: Orthworm|0 fnt\n|faint|p2a: Orthworm\n|-damage|p1a: Rillaboom|91\/100|[from] Recoil\n|\n|-heal|p1a: Rillaboom|97\/100|[from] Grassy Terrain\n|upkeep\n|\n|t:|1700688535\n|switch|p2a: Regidrago|Regidrago|100\/100\n|-activate|p2a: Regidrago|move: Sticky Web\n|-unboost|p2a: Regidrago|spe|1\n|turn|23\n|\n|t:|1700688545\n|move|p1a: Rillaboom|Wood Hammer|p2a: Regidrago\n|-resisted|p2a: Regidrago\n|-damage|p2a: Regidrago|36\/100\n|-damage|p1a: Rillaboom|61\/100|[from] Recoil\n|move|p2a: Regidrago|Dragon Claw|p1a: Rillaboom\n|-damage|p1a: Rillaboom|0 fnt\n|faint|p1a: Rillaboom\n|-damage|p2a: Regidrago|26\/100|[from] item: Life Orb\n|\n|-heal|p2a: Regidrago|32\/100|[from] Grassy Terrain\n|upkeep\n|\n|t:|1700688555\n|switch|p1a: Ribombee|Ribombee, F|5\/100\n|turn|24\n|\n|t:|1700688561\n|move|p1a: Ribombee|Moonblast|p2a: Regidrago\n|-supereffective|p2a: Regidrago\n|-damage|p2a: Regidrago|0 fnt\n|faint|p2a: Regidrago\n|\n|-heal|p1a: Ribombee|11\/100|[from] Grassy Terrain\n|upkeep\n|\n|t:|1700688568\n|switch|p2a: Iron Thorns|Iron Thorns|100\/100\n|-activate|p2a: Iron Thorns|move: Sticky Web\n|-unboost|p2a: Iron Thorns|spe|1\n|-enditem|p2a: Iron Thorns|Booster Energy\n|-activate|p2a: Iron Thorns|ability: Quark Drive|[fromitem]\n|-start|p2a: Iron Thorns|quarkdriveatk\n|turn|25\n|inactive|qismil has 90 seconds left.\n|\n|t:|1700688578\n|move|p1a: Ribombee|Stun Spore|p2a: Iron Thorns\n|-immune|p2a: Iron Thorns\n|move|p2a: Iron Thorns|Thunder Punch|p1a: Ribombee\n|-damage|p1a: Ribombee|0 fnt\n|faint|p1a: Ribombee\n|\n|win|Zippybud5\n|raw|qismil's rating: 1104 &rarr; <strong>1073<\/strong><br \/>(-31 for losing)\n|raw|Zippybud5's rating: 1016 &rarr; <strong>1063<\/strong><br \/>(+47 for winning)\n|l|\u2606qismil\n","uploadtime":1700688589,"views":1,"p1id":"qismil","p2id":"zippybud5","formatid":"gen9nationaldex","rating":1063,"private":0,"password":""}