{"id":"gen9nationaldex-2000396352","p1":"LeafStormHimNotMe","p2":"mariorio","format":"[Gen 9] National Dex","log":"|html|<div class=\"broadcast-blue\"><strong>[Gen 9] National Dex is currently suspecting Sneasler! For information on how to participate check out the <a href=\"https:\/\/www.smogon.com\/forums\/threads\/sv-national-dex-suspect-8-just-dance.3731534\/\">suspect thread<\/a>.<\/strong><\/div>\n|j|\u2606LeafStormHimNotMe\n|j|\u2606mariorio\n|t:|1701191308\n|gametype|singles\n|player|p1|LeafStormHimNotMe|iris-gen5bw2|1041\n|player|p2|mariorio|acetrainerf|1000\n|teamsize|p1|6\n|teamsize|p2|6\n|gen|9\n|tier|[Gen 9] National Dex\n|rated|\n|rule|HP Percentage Mod: HP is shown in percentages\n|rule|Endless Battle Clause: Forcing endless battles is banned\n|rule|OHKO Clause: OHKO moves are banned\n|rule|Evasion Clause: Evasion abilities, items, and moves are banned\n|rule|Evasion Abilities Clause: Evasion abilities are banned\n|rule|Evasion Items Clause: Evasion items are banned\n|rule|Evasion Moves Clause: Evasion moves are banned\n|rule|Species Clause: Limit one of each Pok\u00e9mon\n|rule|Sleep Clause Mod: Limit one foe put to sleep\n|clearpoke\n|poke|p1|Umbreon, F|\n|poke|p1|Espeon, F|\n|poke|p1|Jolteon, M|\n|poke|p1|Leafeon, F|\n|poke|p1|Glaceon, M|\n|poke|p1|Sylveon, F|\n|poke|p2|Krookodile, F|\n|poke|p2|Mantine, M|\n|poke|p2|Stakataka|\n|poke|p2|Ogerpon-Wellspring, F|\n|poke|p2|Polteageist-Antique|\n|poke|p2|Necrozma|\n|teampreview\n|\n|t:|1701191323\n|start\n|switch|p1a: Jolteon|Jolteon, M|100\/100\n|switch|p2a: Mantine|Mantine, M|100\/100\n|turn|1\n|\n|t:|1701191332\n|switch|p2a: Necrozma|Necrozma|100\/100\n|move|p1a: Jolteon|Volt Switch|p2a: Necrozma\n|-damage|p2a: Necrozma|70\/100\n|\n|t:|1701191345\n|switch|p1a: Espeon|Espeon, F|100\/100|[from] Volt Switch\n|\n|-heal|p2a: Necrozma|76\/100|[from] item: Leftovers\n|upkeep\n|turn|2\n|\n|t:|1701191351\n|move|p1a: Espeon|Shadow Ball|p2a: Necrozma\n|-supereffective|p2a: Necrozma\n|-damage|p2a: Necrozma|20\/100\n|-unboost|p2a: Necrozma|spd|1\n|move|p2a: Necrozma|Cosmic Power|p2a: Necrozma\n|-boost|p2a: Necrozma|def|1\n|-boost|p2a: Necrozma|spd|1\n|\n|-heal|p2a: Necrozma|26\/100|[from] item: Leftovers\n|upkeep\n|turn|3\n|\n|t:|1701191363\n|switch|p2a: Stakataka|Stakataka|100\/100\n|move|p1a: Espeon|Shadow Ball|p2a: Stakataka\n|-damage|p2a: Stakataka|55\/100\n|\n|upkeep\n|turn|4\n|\n|t:|1701191373\n|switch|p1a: Umbreon|Umbreon, F|100\/100\n|-terastallize|p2a: Stakataka|Steel\n|move|p2a: Stakataka|Trick Room|p2a: Stakataka\n|-fieldstart|move: Trick Room|[of] p2a: Stakataka\n|\n|upkeep\n|turn|5\n|\n|t:|1701191379\n|move|p2a: Stakataka|Body Press|p1a: Umbreon\n|-supereffective|p1a: Umbreon\n|-damage|p1a: Umbreon|33\/100\n|move|p1a: Umbreon|Foul Play|p2a: Stakataka\n|-damage|p2a: Stakataka|38\/100\n|\n|-heal|p1a: Umbreon|40\/100|[from] item: Leftovers\n|upkeep\n|turn|6\n|\n|t:|1701191386\n|move|p1a: Umbreon|Protect|p1a: Umbreon\n|-singleturn|p1a: Umbreon|Protect\n|move|p2a: Stakataka|Body Press|p1a: Umbreon\n|-activate|p1a: Umbreon|move: Protect\n|\n|-heal|p1a: Umbreon|46\/100|[from] item: Leftovers\n|upkeep\n|turn|7\n|inactive|Battle timer is ON: inactive players will automatically lose when time's up. (requested by mariorio)\n|\n|t:|1701191411\n|switch|p1a: Sylveon|Sylveon, F|100\/100\n|move|p2a: Stakataka|Body Press|p1a: Sylveon\n|-resisted|p1a: Sylveon\n|-damage|p1a: Sylveon|81\/100\n|\n|-heal|p1a: Sylveon|87\/100|[from] item: Leftovers\n|upkeep\n|turn|8\n|\n|t:|1701191416\n|move|p1a: Sylveon|Protect|p1a: Sylveon\n|-singleturn|p1a: Sylveon|Protect\n|move|p2a: Stakataka|Gyro Ball|p1a: Sylveon\n|-activate|p1a: Sylveon|move: Protect\n|\n|-heal|p1a: Sylveon|93\/100|[from] item: Leftovers\n|-fieldend|move: Trick Room\n|upkeep\n|turn|9\n|\n|t:|1701191424\n|move|p1a: Sylveon|Hyper Voice|p2a: Stakataka\n|-resisted|p2a: Stakataka\n|-damage|p2a: Stakataka|17\/100\n|move|p2a: Stakataka|Gyro Ball|p1a: Sylveon\n|-supereffective|p1a: Sylveon\n|-damage|p1a: Sylveon|0 fnt\n|faint|p1a: Sylveon\n|-ability|p2a: Stakataka|Beast Boost|boost\n|-boost|p2a: Stakataka|def|1\n|\n|upkeep\n|\n|t:|1701191453\n|switch|p1a: Espeon|Espeon, F|100\/100\n|turn|10\n|\n|t:|1701191460\n|move|p1a: Espeon|Shadow Ball|p2a: Stakataka\n|-damage|p2a: Stakataka|0 fnt\n|faint|p2a: Stakataka\n|\n|upkeep\n|\n|t:|1701191469\n|switch|p2a: Krookodile|Krookodile, F|100\/100\n|turn|11\n|\n|t:|1701191479\n|switch|p1a: Umbreon|Umbreon, F|46\/100\n|move|p2a: Krookodile|Focus Energy|p2a: Krookodile\n|-start|p2a: Krookodile|move: Focus Energy\n|\n|-heal|p1a: Umbreon|52\/100|[from] item: Leftovers\n|upkeep\n|turn|12\n|\n|t:|1701191484\n|move|p1a: Umbreon|Protect|p1a: Umbreon\n|-singleturn|p1a: Umbreon|Protect\n|move|p2a: Krookodile|Scale Shot|p1a: Umbreon\n|-activate|p1a: Umbreon|move: Protect\n|\n|-heal|p1a: Umbreon|58\/100|[from] item: Leftovers\n|upkeep\n|turn|13\n|\n|t:|1701191487\n|move|p2a: Krookodile|Scale Shot|p1a: Umbreon\n|-damage|p1a: Umbreon|51\/100\n|-damage|p1a: Umbreon|44\/100\n|-crit|p1a: Umbreon\n|-damage|p1a: Umbreon|34\/100\n|-damage|p1a: Umbreon|27\/100\n|-crit|p1a: Umbreon\n|-damage|p1a: Umbreon|16\/100\n|-hitcount|p1a: Umbreon|5\n|-unboost|p2a: Krookodile|def|1\n|-boost|p2a: Krookodile|spe|1\n|move|p1a: Umbreon|Toxic|p2a: Krookodile\n|-status|p2a: Krookodile|tox\n|\n|-heal|p1a: Umbreon|23\/100|[from] item: Leftovers\n|-damage|p2a: Krookodile|94\/100 tox|[from] psn\n|upkeep\n|turn|14\n|\n|t:|1701191502\n|move|p1a: Umbreon|Protect|p1a: Umbreon\n|-singleturn|p1a: Umbreon|Protect\n|move|p2a: Krookodile|Scale Shot|p1a: Umbreon\n|-activate|p1a: Umbreon|move: Protect\n|\n|-heal|p1a: Umbreon|29\/100|[from] item: Leftovers\n|-damage|p2a: Krookodile|82\/100 tox|[from] psn\n|upkeep\n|turn|15\n|\n|t:|1701191508\n|move|p2a: Krookodile|Scale Shot|p1a: Umbreon\n|-crit|p1a: Umbreon\n|-damage|p1a: Umbreon|18\/100\n|-damage|p1a: Umbreon|11\/100\n|-crit|p1a: Umbreon\n|-damage|p1a: Umbreon|1\/100\n|-damage|p1a: Umbreon|0 fnt\n|faint|p1a: Umbreon\n|-ability|p2a: Krookodile|Moxie|boost\n|-boost|p2a: Krookodile|atk|1\n|-hitcount|p1: Umbreon|4\n|-unboost|p2a: Krookodile|def|1\n|-boost|p2a: Krookodile|spe|1\n|\n|-damage|p2a: Krookodile|64\/100 tox|[from] psn\n|upkeep\n|\n|t:|1701191531\n|switch|p1a: Leafeon|Leafeon, F|100\/100\n|turn|16\n|\n|t:|1701191547\n|move|p1a: Leafeon|Protect|p1a: Leafeon\n|-singleturn|p1a: Leafeon|Protect\n|move|p2a: Krookodile|Power Trip|p1a: Leafeon\n|-activate|p1a: Leafeon|move: Protect\n|\n|-damage|p2a: Krookodile|40\/100 tox|[from] psn\n|upkeep\n|turn|17\n|\n|t:|1701191564\n|move|p2a: Krookodile|Power Trip|p1a: Leafeon\n|-crit|p1a: Leafeon\n|-damage|p1a: Leafeon|45\/100\n|move|p1a: Leafeon|X-Scissor|p2a: Krookodile\n|-supereffective|p2a: Krookodile\n|-damage|p2a: Krookodile|0 fnt\n|faint|p2a: Krookodile\n|\n|upkeep\n|\n|t:|1701191577\n|switch|p2a: Mantine|Mantine, M|100\/100\n|turn|18\n|\n|t:|1701191587\n|move|p1a: Leafeon|Wish|p1a: Leafeon\n|move|p2a: Mantine|Air Slash|p1a: Leafeon\n|-supereffective|p1a: Leafeon\n|-damage|p1a: Leafeon|0 fnt\n|faint|p1a: Leafeon\n|\n|upkeep\n|\n|t:|1701191591\n|switch|p1a: Jolteon|Jolteon, M|100\/100\n|turn|19\n|\n|t:|1701191595\n|switch|p2a: Necrozma|Necrozma|26\/100\n|move|p1a: Jolteon|Volt Switch|p2a: Necrozma\n|-crit|p2a: Necrozma\n|-damage|p2a: Necrozma|0 fnt\n|faint|p2a: Necrozma\n|\n|t:|1701191602\n|switch|p1a: Espeon|Espeon, F|100\/100|[from] Volt Switch\n|\n|upkeep\n|\n|t:|1701191607\n|switch|p2a: Polteageist|Polteageist-Antique|100\/100\n|turn|20\n|\n|t:|1701191613\n|move|p1a: Espeon|Trick|p2a: Polteageist\n|-activate|p1a: Espeon|move: Trick|[of] p2a: Polteageist\n|-item|p2a: Polteageist|Choice Specs|[from] move: Trick\n|-item|p1a: Espeon|Focus Sash|[from] move: Trick\n|move|p2a: Polteageist|Shell Smash|p2a: Polteageist\n|-unboost|p2a: Polteageist|def|1\n|-unboost|p2a: Polteageist|spd|1\n|-boost|p2a: Polteageist|atk|2\n|-boost|p2a: Polteageist|spa|2\n|-boost|p2a: Polteageist|spe|2\n|\n|upkeep\n|turn|21\n|\n|t:|1701191619\n|switch|p2a: Mantine|Mantine, M|100\/100\n|move|p1a: Espeon|Shadow Ball|p2a: Mantine\n|-damage|p2a: Mantine|86\/100\n|\n|-heal|p2a: Mantine|92\/100|[from] item: Leftovers\n|upkeep\n|turn|22\n|\n|t:|1701191632\n|move|p1a: Espeon|Dazzling Gleam|p2a: Mantine\n|-damage|p2a: Mantine|78\/100\n|move|p2a: Mantine|Scald|p1a: Espeon\n|-damage|p1a: Espeon|70\/100\n|\n|-heal|p2a: Mantine|84\/100|[from] item: Leftovers\n|upkeep\n|turn|23\n|\n|t:|1701191639\n|switch|p1a: Jolteon|Jolteon, M|100\/100\n|move|p2a: Mantine|Substitute|p2a: Mantine\n|-start|p2a: Mantine|Substitute\n|-damage|p2a: Mantine|59\/100\n|\n|-heal|p2a: Mantine|65\/100|[from] item: Leftovers\n|upkeep\n|turn|24\n|\n|t:|1701191644\n|move|p1a: Jolteon|Thunderbolt|p2a: Mantine\n|-supereffective|p2a: Mantine\n|-end|p2a: Mantine|Substitute\n|move|p2a: Mantine|Scald|p1a: Jolteon\n|-damage|p1a: Jolteon|72\/100\n|-status|p1a: Jolteon|brn\n|\n|-heal|p2a: Mantine|71\/100|[from] item: Leftovers\n|-damage|p1a: Jolteon|66\/100 brn|[from] brn\n|upkeep\n|turn|25\n|\n|t:|1701191654\n|move|p1a: Jolteon|Thunderbolt|p2a: Mantine\n|-supereffective|p2a: Mantine\n|-damage|p2a: Mantine|0 fnt\n|faint|p2a: Mantine\n|\n|-damage|p1a: Jolteon|60\/100 brn|[from] brn\n|upkeep\n|\n|t:|1701191660\n|switch|p2a: Polteageist|Polteageist-Antique|100\/100\n|turn|26\n|\n|t:|1701191666\n|move|p1a: Jolteon|Volt Switch|p2a: Polteageist\n|-damage|p2a: Polteageist|59\/100\n|\n|t:|1701191671\n|switch|p1a: Glaceon|Glaceon, M|100\/100|[from] Volt Switch\n|move|p2a: Polteageist|Dark Pulse|p1a: Glaceon\n|-damage|p1a: Glaceon|44\/100\n|\n|upkeep\n|turn|27\n|\n|t:|1701191691\n|move|p1a: Glaceon|Freeze-Dry|p2a: Polteageist\n|-damage|p2a: Polteageist|0 fnt\n|faint|p2a: Polteageist\n|\n|upkeep\n|\n|t:|1701191695\n|switch|p2a: Ogerpon|Ogerpon-Wellspring, F|100\/100\n|turn|28\n|\n|t:|1701191705\n|move|p2a: Ogerpon|Substitute|p2a: Ogerpon\n|-start|p2a: Ogerpon|Substitute\n|-damage|p2a: Ogerpon|76\/100\n|move|p1a: Glaceon|Freeze-Dry|p2a: Ogerpon\n|-supereffective|p2a: Ogerpon\n|-end|p2a: Ogerpon|Substitute\n|\n|upkeep\n|turn|29\n|\n|t:|1701191712\n|move|p2a: Ogerpon|Ivy Cudgel|p1a: Glaceon|[anim] Ivy Cudgel Water\n|-damage|p1a: Glaceon|0 fnt\n|faint|p1a: Glaceon\n|\n|upkeep\n|\n|t:|1701191715\n|switch|p1a: Jolteon|Jolteon, M|60\/100 brn\n|turn|30\n|\n|t:|1701191719\n|move|p1a: Jolteon|Thunderbolt|p2a: Ogerpon\n|-damage|p2a: Ogerpon|29\/100\n|move|p2a: Ogerpon|Ivy Cudgel|p1a: Jolteon|[anim] Ivy Cudgel Water\n|-damage|p1a: Jolteon|0 fnt\n|faint|p1a: Jolteon\n|\n|upkeep\n|\n|t:|1701191724\n|switch|p1a: Espeon|Espeon, F|70\/100\n|turn|31\n|\n|t:|1701191737\n|move|p2a: Ogerpon|Ivy Cudgel|p1a: Espeon|[anim] Ivy Cudgel Water\n|-damage|p1a: Espeon|0 fnt\n|faint|p1a: Espeon\n|\n|win|mariorio\n|raw|LeafStormHimNotMe's rating: 1041 &rarr; <strong>1023<\/strong><br \/>(-18 for losing)\n|raw|mariorio's rating: 1000 &rarr; <strong>1045<\/strong><br \/>(+45 for winning)\n|c|\u2606mariorio|gg\n","uploadtime":1701191743,"views":6,"p1id":"leafstormhimnotme","p2id":"mariorio","formatid":"gen9nationaldex","rating":1023,"private":0,"password":""}