{"id":"gen9nationaldex-1987503650","p1":"taoe","p2":"aectrosilly","format":"[Gen 9] National Dex","log":"|j|\u2606taoe\n|j|\u2606aectrosilly\n|t:|1699602848\n|gametype|singles\n|player|p1|taoe|pokemonrangerf-gen4|\n|player|p2|aectrosilly|acerola-masters|\n|teamsize|p1|6\n|teamsize|p2|6\n|gen|9\n|tier|[Gen 9] National Dex\n|rule|HP Percentage Mod: HP is shown in percentages\n|rule|Endless Battle Clause: Forcing endless battles is banned\n|rule|OHKO Clause: OHKO moves are banned\n|rule|Evasion Clause: Evasion abilities, items, and moves are banned\n|rule|Evasion Abilities Clause: Evasion abilities are banned\n|rule|Evasion Items Clause: Evasion items are banned\n|rule|Evasion Moves Clause: Evasion moves are banned\n|rule|Species Clause: Limit one of each Pok\u00e9mon\n|rule|Sleep Clause Mod: Limit one foe put to sleep\n|clearpoke\n|poke|p1|Marowak-Alola, F|\n|poke|p1|Sirfetch\u2019d, M|\n|poke|p1|Serperior, M|\n|poke|p1|Kingler, F|\n|poke|p1|Hydreigon, F|\n|poke|p1|Porygon-Z|\n|poke|p2|Hitmonlee, M|\n|poke|p2|Ribombee, F|\n|poke|p2|Kartana|\n|poke|p2|Indeedee, M|\n|poke|p2|Diancie|\n|poke|p2|Slowking-Galar, F|\n|teampreview\n|l|\u2606taoe\n|player|p1|\n|c|\u2606aectrosilly|bruh\n|j|\u2606taoe\n|player|p1|taoe|pokemonrangerf-gen4\n|\n|t:|1699602891\n|start\n|switch|p1a: Hydreigon|Hydreigon, F, shiny|100\/100\n|switch|p2a: Hitmonlee|Hitmonlee, M|100\/100\n|turn|1\n|\n|t:|1699602898\n|switch|p1a: Marowak|Marowak-Alola, F, shiny|100\/100\n|move|p2a: Hitmonlee|Swagger|p1a: Marowak\n|-boost|p1a: Marowak|atk|2\n|-enditem|p2a: Hitmonlee|Mirror Herb\n|-boost|p2a: Hitmonlee|atk|2|[from] item: Mirror Herb\n|-start|p1a: Marowak|confusion\n|\n|upkeep\n|turn|2\n|\n|t:|1699602910\n|move|p2a: Hitmonlee|Knock Off|p1a: Marowak\n|-supereffective|p1a: Marowak\n|-damage|p1a: Marowak|0 fnt\n|-enditem|p1a: Marowak|Thick Club|[from] move: Knock Off|[of] p2a: Hitmonlee\n|faint|p1a: Marowak\n|\n|upkeep\n|\n|t:|1699602916\n|switch|p1a: Sirfetch\u2019d|Sirfetch\u2019d, M|100\/100\n|turn|3\n|\n|t:|1699602923\n|move|p1a: Sirfetch\u2019d|First Impression|p2a: Hitmonlee\n|-resisted|p2a: Hitmonlee\n|-crit|p2a: Hitmonlee\n|-damage|p2a: Hitmonlee|40\/100\n|move|p2a: Hitmonlee|Close Combat|p1a: Sirfetch\u2019d\n|-damage|p1a: Sirfetch\u2019d|0 fnt\n|-unboost|p2a: Hitmonlee|def|1\n|-unboost|p2a: Hitmonlee|spd|1\n|faint|p1a: Sirfetch\u2019d\n|\n|upkeep\n|l|\u2606taoe\n|player|p1|\n|j|\u2606taoe\n|player|p1|taoe|pokemonrangerf-gen4\n|\n|t:|1699602966\n|switch|p1a: Serperior|Serperior, M, shiny|100\/100\n|turn|4\n|\n|t:|1699602972\n|move|p2a: Hitmonlee|Poison Jab|p1a: Serperior\n|-supereffective|p1a: Serperior\n|-damage|p1a: Serperior|0 fnt\n|faint|p1a: Serperior\n|\n|upkeep\n|\n|t:|1699602977\n|switch|p1a: Porygon-Z|Porygon-Z, shiny|100\/100\n|turn|5\n|\n|t:|1699602983\n|move|p2a: Hitmonlee|Close Combat|p1a: Porygon-Z\n|-supereffective|p1a: Porygon-Z\n|-damage|p1a: Porygon-Z|0 fnt\n|-unboost|p2a: Hitmonlee|def|1\n|-unboost|p2a: Hitmonlee|spd|1\n|faint|p1a: Porygon-Z\n|\n|upkeep\n|\n|t:|1699602998\n|switch|p1a: Kingler|Kingler, F, shiny|100\/100\n|turn|6\n|\n|t:|1699603023\n|move|p2a: Hitmonlee|Close Combat|p1a: Kingler\n|-damage|p1a: Kingler|0 fnt\n|-unboost|p2a: Hitmonlee|def|1\n|-unboost|p2a: Hitmonlee|spd|1\n|faint|p1a: Kingler\n|\n|upkeep\n|\n|t:|1699603036\n|switch|p1a: Hydreigon|Hydreigon, F, shiny|100\/100\n|turn|7\n|\n|t:|1699603042\n|-terastallize|p2a: Hitmonlee|Fighting\n|-terastallize|p1a: Hydreigon|Poison\n|move|p2a: Hitmonlee|Close Combat|p1a: Hydreigon\n|-resisted|p1a: Hydreigon\n|-damage|p1a: Hydreigon|3\/100\n|-unboost|p2a: Hitmonlee|def|1\n|-unboost|p2a: Hitmonlee|spd|1\n|move|p1a: Hydreigon|Flash Cannon|p2a: Hitmonlee\n|-damage|p2a: Hitmonlee|0 fnt\n|faint|p2a: Hitmonlee\n|-damage|p1a: Hydreigon|0 fnt|[from] item: Life Orb\n|faint|p1a: Hydreigon\n|\n|win|aectrosilly\n|l|\u2606taoe\n","uploadtime":1699603056,"views":5,"p1id":"taoe","p2id":"aectrosilly","formatid":"gen9nationaldex","rating":0,"private":0,"password":""}