{"id":"gen9nationaldex-1997331030","p1":"papunutriaxd","p2":"Giyu","format":"[Gen 9] National Dex","log":"|j|\u2606papunutriaxd\n|j|\u2606Giyu\n|t:|1700790336\n|gametype|singles\n|player|p1|papunutriaxd|clair|\n|player|p2|Giyu|kabu|\n|teamsize|p1|6\n|teamsize|p2|6\n|gen|9\n|tier|[Gen 9] National Dex\n|rated|Tournament battle\n|rule|HP Percentage Mod: HP is shown in percentages\n|rule|Endless Battle Clause: Forcing endless battles is banned\n|rule|OHKO Clause: OHKO moves are banned\n|rule|Evasion Clause: Evasion abilities, items, and moves are banned\n|rule|Evasion Abilities Clause: Evasion abilities are banned\n|rule|Evasion Items Clause: Evasion items are banned\n|rule|Evasion Moves Clause: Evasion moves are banned\n|rule|Species Clause: Limit one of each Pok\u00e9mon\n|rule|Sleep Clause Mod: Limit one foe put to sleep\n|rule|2 Ability Clause: Limit 2 of each ability\n|rule|Sleep Moves Clause: Sleep-inducing moves are banned\n|rule|Terastal Clause: You cannot Terastallize\n|clearpoke\n|poke|p1|Ribombee, M|\n|poke|p1|Great Tusk|\n|poke|p1|Alakazam, F|\n|poke|p1|Bisharp, F|\n|poke|p1|Tapu Koko|\n|poke|p1|Decidueye, M|\n|poke|p2|Diancie|\n|poke|p2|Mantine, F|\n|poke|p2|Great Tusk|\n|poke|p2|Jirachi|\n|poke|p2|Victini|\n|poke|p2|Zarude|\n|teampreview\n|inactive|Battle timer is ON: inactive players will automatically lose when time's up. (requested by Giyu)\n|c|\u2606Giyu|hf\n|\n|t:|1700790357\n|start\n|switch|p1a: Ribombee|Ribombee, M|100\/100\n|switch|p2a: Diancie|Diancie|100\/100\n|-ability|p2a: Diancie|Download|boost\n|-boost|p2a: Diancie|atk|1\n|turn|1\n|\n|t:|1700790363\n|detailschange|p2a: Diancie|Diancie-Mega\n|-mega|p2a: Diancie|Diancie|Diancite\n|move|p1a: Ribombee|Sticky Web|p2a: Diancie\n|move|p2a: Diancie|Sticky Web|p1a: Ribombee|[from]ability: Magic Bounce\n|-sidestart|p1: papunutriaxd|move: Sticky Web\n|move|p2a: Diancie|Diamond Storm|p1a: Ribombee\n|-supereffective|p1a: Ribombee\n|-enditem|p1a: Ribombee|Focus Sash\n|-damage|p1a: Ribombee|1\/100\n|\n|upkeep\n|turn|2\n|\n|t:|1700790371\n|move|p1a: Ribombee|Bug Buzz|p2a: Diancie\n|-resisted|p2a: Diancie\n|-damage|p2a: Diancie|76\/100\n|move|p2a: Diancie|Stealth Rock|p1a: Ribombee\n|-sidestart|p1: papunutriaxd|move: Stealth Rock\n|\n|upkeep\n|turn|3\n|\n|t:|1700790376\n|move|p1a: Ribombee|Moonblast|p2a: Diancie\n|-damage|p2a: Diancie|23\/100\n|-unboost|p2a: Diancie|spa|1\n|move|p2a: Diancie|Moonblast|p1a: Ribombee\n|-damage|p1a: Ribombee|0 fnt\n|faint|p1a: Ribombee\n|\n|upkeep\n|\n|t:|1700790402\n|switch|p1a: Great Tusk|Great Tusk|100\/100\n|-activate|p1a: Great Tusk|move: Sticky Web\n|-unboost|p1a: Great Tusk|spe|1\n|-damage|p1a: Great Tusk|98\/100|[from] Stealth Rock\n|turn|4\n|\n|t:|1700790405\n|move|p2a: Diancie|Moonblast|p1a: Great Tusk\n|-supereffective|p1a: Great Tusk\n|-damage|p1a: Great Tusk|0 fnt\n|faint|p1a: Great Tusk\n|\n|upkeep\n|\n|t:|1700790410\n|switch|p1a: Alakazam|Alakazam, F|100\/100\n|-activate|p1a: Alakazam|move: Sticky Web\n|-unboost|p1a: Alakazam|spe|1\n|turn|5\n|\n|t:|1700790413\n|move|p2a: Diancie|Diamond Storm|p1a: Alakazam\n|-enditem|p1a: Alakazam|Focus Sash\n|-damage|p1a: Alakazam|1\/100\n|move|p1a: Alakazam|Focus Blast|p2a: Diancie\n|-damage|p2a: Diancie|0 fnt\n|faint|p2a: Diancie\n|\n|upkeep\n|\n|t:|1700790418\n|switch|p2a: Zarude|Zarude|100\/100\n|-fieldstart|move: Grassy Terrain|[from] ability: Grassy Surge|[of] p2a: Zarude\n|turn|6\n|\n|t:|1700790421\n|move|p2a: Zarude|Crunch|p1a: Alakazam\n|-supereffective|p1a: Alakazam\n|-damage|p1a: Alakazam|0 fnt\n|faint|p1a: Alakazam\n|\n|upkeep\n|\n|t:|1700790425\n|switch|p1a: Tapu Koko|Tapu Koko|100\/100\n|-activate|p1a: Tapu Koko|move: Sticky Web\n|-unboost|p1a: Tapu Koko|spe|1\n|-damage|p1a: Tapu Koko|88\/100|[from] Stealth Rock\n|-fieldstart|move: Electric Terrain|[from] ability: Electric Surge|[of] p1a: Tapu Koko\n|turn|7\n|\n|t:|1700790428\n|move|p2a: Zarude|Power Whip|p1a: Tapu Koko\n|-crit|p1a: Tapu Koko\n|-damage|p1a: Tapu Koko|0 fnt\n|faint|p1a: Tapu Koko\n|\n|upkeep\n|\n|t:|1700790433\n|switch|p1a: Bisharp|Bisharp, F|100\/100\n|-activate|p1a: Bisharp|move: Sticky Web\n|-unboost|p1a: Bisharp|spe|1\n|-damage|p1a: Bisharp|95\/100|[from] Stealth Rock\n|-activate|p1a: Bisharp|ability: Supreme Overlord\n|-start|p1a: Bisharp|fallen4|[silent]\n|turn|8\n|\n|t:|1700790436\n|switch|p2a: Great Tusk|Great Tusk|100\/100\n|-end|p1a: Bisharp|fallen4|[silent]\n|switch|p1a: Decidueye|Decidueye, M|100\/100\n|-activate|p1a: Decidueye|move: Sticky Web\n|-unboost|p1a: Decidueye|spe|1\n|-damage|p1a: Decidueye|88\/100|[from] Stealth Rock\n|\n|upkeep\n|turn|9\n|\n|t:|1700790443\n|move|p2a: Great Tusk|Bulk Up|p2a: Great Tusk\n|-boost|p2a: Great Tusk|atk|1\n|-boost|p2a: Great Tusk|def|1\n|move|p1a: Decidueye|Spirit Shackle|p2a: Great Tusk\n|-damage|p2a: Great Tusk|92\/100\n|-activate|p2a: Great Tusk|trapped\n|\n|-heal|p2a: Great Tusk|98\/100|[from] item: Leftovers\n|upkeep\n|turn|10\n|\n|t:|1700790447\n|move|p2a: Great Tusk|Bulk Up|p2a: Great Tusk\n|-boost|p2a: Great Tusk|atk|1\n|-boost|p2a: Great Tusk|def|1\n|move|p1a: Decidueye|Night Shade|p2a: Great Tusk\n|-damage|p2a: Great Tusk|75\/100\n|\n|-heal|p2a: Great Tusk|81\/100|[from] item: Leftovers\n|upkeep\n|turn|11\n|\n|t:|1700790449\n|move|p2a: Great Tusk|Bulk Up|p2a: Great Tusk\n|-boost|p2a: Great Tusk|atk|1\n|-boost|p2a: Great Tusk|def|1\n|move|p1a: Decidueye|Night Shade|p2a: Great Tusk\n|-damage|p2a: Great Tusk|58\/100\n|\n|-heal|p2a: Great Tusk|64\/100|[from] item: Leftovers\n|-fieldend|move: Electric Terrain\n|upkeep\n|turn|12\n|\n|t:|1700790452\n|move|p2a: Great Tusk|Knock Off|p1a: Decidueye\n|-supereffective|p1a: Decidueye\n|-damage|p1a: Decidueye|0 fnt\n|-enditem|p1a: Decidueye|Covert Cloak|[from] move: Knock Off|[of] p2a: Great Tusk\n|faint|p1a: Decidueye\n|\n|-heal|p2a: Great Tusk|70\/100|[from] item: Leftovers\n|upkeep\n|\n|t:|1700790454\n|switch|p1a: Bisharp|Bisharp, F|95\/100\n|-activate|p1a: Bisharp|move: Sticky Web\n|-unboost|p1a: Bisharp|spe|1\n|-damage|p1a: Bisharp|89\/100|[from] Stealth Rock\n|-activate|p1a: Bisharp|ability: Supreme Overlord\n|-start|p1a: Bisharp|fallen5|[silent]\n|turn|13\n|\n|t:|1700790456\n|move|p2a: Great Tusk|Body Press|p1a: Bisharp\n|-supereffective|p1a: Bisharp\n|-damage|p1a: Bisharp|0 fnt\n|faint|p1a: Bisharp\n|-end|p1a: Bisharp|fallen5|[silent]\n|\n|win|Giyu\n|n|\u2606papunutriaxd|papunutriaxd\n|n|\u2606Giyu|giyu\n","uploadtime":1700790457,"views":3,"p1id":"papunutriaxd","p2id":"giyu","formatid":"gen9nationaldex","rating":0,"private":0,"password":""}