{"id":"gen9nationaldex-1999496844","p1":"AesirEcho","p2":"Bulka4000","format":"[Gen 9] National Dex","log":"|html|<div class=\"broadcast-blue\"><strong>[Gen 9] National Dex is currently suspecting Sneasler! For information on how to participate check out the <a href=\"https:\/\/www.smogon.com\/forums\/threads\/sv-national-dex-suspect-8-just-dance.3731534\/\">suspect thread<\/a>.<\/strong><\/div>\n|j|\u2606AesirEcho\n|j|\u2606Bulka4000\n|t:|1701089111\n|gametype|singles\n|player|p1|AesirEcho|ethan-masters|\n|player|p2|Bulka4000|265|\n|teamsize|p1|6\n|teamsize|p2|6\n|gen|9\n|tier|[Gen 9] National Dex\n|rule|HP Percentage Mod: HP is shown in percentages\n|rule|Endless Battle Clause: Forcing endless battles is banned\n|rule|OHKO Clause: OHKO moves are banned\n|rule|Evasion Clause: Evasion abilities, items, and moves are banned\n|rule|Evasion Abilities Clause: Evasion abilities are banned\n|rule|Evasion Items Clause: Evasion items are banned\n|rule|Evasion Moves Clause: Evasion moves are banned\n|rule|Species Clause: Limit one of each Pok\u00e9mon\n|rule|Sleep Clause Mod: Limit one foe put to sleep\n|clearpoke\n|poke|p1|Dragonite, F|\n|poke|p1|Iron Valiant|\n|poke|p1|Samurott-Hisui, M|\n|poke|p1|Garchomp, F|\n|poke|p1|Heatran, M|\n|poke|p1|Rotom-Wash|\n|poke|p2|Gengar, F|\n|poke|p2|Zamazenta-*|\n|poke|p2|Garchomp, F|\n|poke|p2|Ting-Lu|\n|poke|p2|Skeledirge, F|\n|poke|p2|Rotom-Wash|\n|teampreview\n|\n|t:|1701089166\n|start\n|switch|p1a: Victor Mare|Samurott-Hisui, M|100\/100\n|switch|p2a: Zamazenta|Zamazenta|100\/100\n|-ability|p2a: Zamazenta|Dauntless Shield|boost\n|-boost|p2a: Zamazenta|def|1\n|turn|1\n|\n|t:|1701089179\n|switch|p1a: Imperatrix Umbrosa|Iron Valiant|100\/100\n|-enditem|p1a: Imperatrix Umbrosa|Booster Energy\n|-activate|p1a: Imperatrix Umbrosa|ability: Quark Drive|[fromitem]\n|-start|p1a: Imperatrix Umbrosa|quarkdrivespe\n|move|p2a: Zamazenta|Wild Charge|p1a: Imperatrix Umbrosa\n|-damage|p1a: Imperatrix Umbrosa|64\/100\n|-damage|p2a: Zamazenta|92\/100|[from] Recoil\n|\n|upkeep\n|turn|2\n|\n|t:|1701089193\n|move|p1a: Imperatrix Umbrosa|Moonblast|p2a: Zamazenta\n|-supereffective|p2a: Zamazenta\n|-damage|p2a: Zamazenta|3\/100\n|-enditem|p2a: Zamazenta|Aguav Berry|[eat]\n|-heal|p2a: Zamazenta|36\/100|[from] item: Aguav Berry\n|move|p2a: Zamazenta|Ice Fang|p1a: Imperatrix Umbrosa\n|-damage|p1a: Imperatrix Umbrosa|38\/100\n|\n|upkeep\n|turn|3\n|\n|t:|1701089209\n|move|p1a: Imperatrix Umbrosa|Moonblast|p2a: Zamazenta\n|-supereffective|p2a: Zamazenta\n|-damage|p2a: Zamazenta|0 fnt\n|faint|p2a: Zamazenta\n|\n|upkeep\n|j| ttheus\n|\n|t:|1701089224\n|switch|p2a: Rotom|Rotom-Wash|100\/100\n|turn|4\n|\n|t:|1701089235\n|-end|p1a: Imperatrix Umbrosa|Quark Drive|[silent]\n|switch|p1a: Mantichora|Heatran, M|100\/100\n|move|p2a: Rotom|Will-O-Wisp|p1a: Mantichora\n|-start|p1a: Mantichora|ability: Flash Fire\n|\n|upkeep\n|turn|5\n|\n|t:|1701089247\n|move|p2a: Rotom|Hydro Pump|p1a: Mantichora\n|-supereffective|p1a: Mantichora\n|-damage|p1a: Mantichora|49\/100\n|move|p1a: Mantichora|Magma Storm|p2a: Rotom|[miss]\n|-miss|p1a: Mantichora|p2a: Rotom\n|\n|-heal|p1a: Mantichora|55\/100|[from] item: Leftovers\n|upkeep\n|turn|6\n|\n|t:|1701089285\n|-terastallize|p1a: Mantichora|Grass\n|move|p2a: Rotom|Hydro Pump|p1a: Mantichora\n|-resisted|p1a: Mantichora\n|-damage|p1a: Mantichora|42\/100\n|move|p1a: Mantichora|Magma Storm|p2a: Rotom\n|-resisted|p2a: Rotom\n|-damage|p2a: Rotom|69\/100\n|-activate|p2a: Rotom|move: Magma Storm|[of] p1a: Mantichora\n|\n|-heal|p2a: Rotom|75\/100|[from] item: Leftovers\n|-heal|p1a: Mantichora|48\/100|[from] item: Leftovers\n|-damage|p2a: Rotom|62\/100|[from] move: Magma Storm|[partiallytrapped]\n|upkeep\n|turn|7\n|\n|t:|1701089319\n|move|p2a: Rotom|Volt Switch|p1a: Mantichora\n|-resisted|p1a: Mantichora\n|-damage|p1a: Mantichora|40\/100\n|\n|t:|1701089324\n|switch|p2a: Ting-Lu|Ting-Lu|100\/100|[from] Volt Switch\n|-ability|p2a: Ting-Lu|Vessel of Ruin\n|move|p1a: Mantichora|Stealth Rock|p2a: Ting-Lu\n|-sidestart|p2: Bulka4000|move: Stealth Rock\n|\n|-heal|p1a: Mantichora|47\/100|[from] item: Leftovers\n|upkeep\n|turn|8\n|\n|t:|1701089334\n|-end|p1a: Mantichora|ability: Flash Fire|[silent]\n|switch|p1a: Dominus Petrae|Garchomp, F|100\/100\n|move|p2a: Ting-Lu|Whirlwind|p1a: Dominus Petrae\n|drag|p1a: Fulgur Imperatoris|Dragonite, F|100\/100\n|\n|upkeep\n|turn|9\n|\n|t:|1701089341\n|move|p1a: Fulgur Imperatoris|Ice Spinner|p2a: Ting-Lu\n|-supereffective|p2a: Ting-Lu\n|-damage|p2a: Ting-Lu|68\/100\n|move|p2a: Ting-Lu|Ruination|p1a: Fulgur Imperatoris\n|-damage|p1a: Fulgur Imperatoris|51\/100\n|\n|-heal|p2a: Ting-Lu|74\/100|[from] item: Leftovers\n|upkeep\n|turn|10\n|\n|t:|1701089351\n|switch|p1a: Dominus Petrae|Garchomp, F|100\/100\n|move|p2a: Ting-Lu|Whirlwind|p1a: Dominus Petrae\n|drag|p1a: Victor Mare|Samurott-Hisui, M|100\/100\n|\n|-heal|p2a: Ting-Lu|80\/100|[from] item: Leftovers\n|upkeep\n|turn|11\n|\n|t:|1701089366\n|move|p1a: Victor Mare|Razor Shell|p2a: Ting-Lu\n|-supereffective|p2a: Ting-Lu\n|-crit|p2a: Ting-Lu\n|-damage|p2a: Ting-Lu|0 fnt\n|faint|p2a: Ting-Lu\n|\n|upkeep\n|\n|t:|1701089378\n|switch|p2a: Rotom|Rotom-Wash|62\/100\n|-damage|p2a: Rotom|50\/100|[from] Stealth Rock\n|turn|12\n|\n|t:|1701089390\n|switch|p1a: Mantichora|Heatran, M, tera:Grass|47\/100\n|move|p2a: Rotom|Volt Switch|p1a: Mantichora\n|-resisted|p1a: Mantichora\n|-damage|p1a: Mantichora|39\/100\n|\n|t:|1701089401\n|switch|p2a: Garchomp|Garchomp, F|100\/100|[from] Volt Switch\n|-damage|p2a: Garchomp|94\/100|[from] Stealth Rock\n|\n|-heal|p1a: Mantichora|45\/100|[from] item: Leftovers\n|upkeep\n|turn|13\n|\n|t:|1701089415\n|switch|p1a: Miles Tonitrui|Rotom-Wash|100\/100\n|move|p2a: Garchomp|Swords Dance|p2a: Garchomp\n|-boost|p2a: Garchomp|atk|2\n|\n|upkeep\n|turn|14\n|\n|t:|1701089444\n|move|p2a: Garchomp|Dragon Claw|p1a: Miles Tonitrui\n|-damage|p1a: Miles Tonitrui|36\/100\n|move|p1a: Miles Tonitrui|Will-O-Wisp|p2a: Garchomp\n|-status|p2a: Garchomp|brn\n|\n|-heal|p1a: Miles Tonitrui|43\/100|[from] item: Leftovers\n|-damage|p2a: Garchomp|88\/100 brn|[from] brn\n|upkeep\n|turn|15\n|\n|t:|1701089454\n|switch|p1a: Imperatrix Umbrosa|Iron Valiant|38\/100\n|move|p2a: Garchomp|Dragon Claw|p1a: Imperatrix Umbrosa\n|-immune|p1a: Imperatrix Umbrosa\n|\n|-damage|p2a: Garchomp|82\/100 brn|[from] brn\n|upkeep\n|turn|16\n|\n|t:|1701089469\n|switch|p2a: Rotom|Rotom-Wash|50\/100\n|-damage|p2a: Rotom|37\/100|[from] Stealth Rock\n|move|p1a: Imperatrix Umbrosa|Moonblast|p2a: Rotom\n|-damage|p2a: Rotom|0 fnt\n|faint|p2a: Rotom\n|\n|upkeep\n|\n|t:|1701089478\n|switch|p2a: Skeledirge|Skeledirge, F|100\/100\n|turn|17\n|\n|t:|1701089485\n|-end|p1a: Imperatrix Umbrosa|Quark Drive|[silent]\n|switch|p1a: Mantichora|Heatran, M, tera:Grass|45\/100\n|move|p2a: Skeledirge|Will-O-Wisp|p1a: Mantichora\n|-start|p1a: Mantichora|ability: Flash Fire\n|\n|-heal|p1a: Mantichora|51\/100|[from] item: Leftovers\n|upkeep\n|turn|18\n|\n|t:|1701089496\n|move|p1a: Mantichora|Magma Storm|p2a: Skeledirge\n|-resisted|p2a: Skeledirge\n|-damage|p2a: Skeledirge|66\/100\n|-activate|p2a: Skeledirge|move: Magma Storm|[of] p1a: Mantichora\n|move|p2a: Skeledirge|Hex|p1a: Mantichora\n|-damage|p1a: Mantichora|34\/100\n|\n|-heal|p1a: Mantichora|40\/100|[from] item: Leftovers\n|-damage|p2a: Skeledirge|54\/100|[from] move: Magma Storm|[partiallytrapped]\n|upkeep\n|turn|19\n|\n|t:|1701089517\n|move|p1a: Mantichora|Earth Power|p2a: Skeledirge\n|-supereffective|p2a: Skeledirge\n|-damage|p2a: Skeledirge|0 fnt\n|faint|p2a: Skeledirge\n|\n|-heal|p1a: Mantichora|47\/100|[from] item: Leftovers\n|upkeep\n|\n|t:|1701089524\n|switch|p2a: Garchomp|Garchomp, F|82\/100 brn\n|-damage|p2a: Garchomp|76\/100 brn|[from] Stealth Rock\n|turn|20\n|\n|t:|1701089530\n|move|p2a: Garchomp|Swords Dance|p2a: Garchomp\n|-boost|p2a: Garchomp|atk|2\n|move|p1a: Mantichora|Taunt|p2a: Garchomp\n|-start|p2a: Garchomp|move: Taunt\n|\n|-heal|p1a: Mantichora|53\/100|[from] item: Leftovers\n|-damage|p2a: Garchomp|70\/100 brn|[from] brn\n|upkeep\n|turn|21\n|\n|t:|1701089540\n|move|p2a: Garchomp|Earthquake|p1a: Mantichora\n|-resisted|p1a: Mantichora\n|-crit|p1a: Mantichora\n|-damage|p1a: Mantichora|19\/100\n|move|p1a: Mantichora|Earth Power|p2a: Garchomp\n|-damage|p2a: Garchomp|43\/100 brn\n|-unboost|p2a: Garchomp|spd|1\n|\n|-heal|p1a: Mantichora|25\/100|[from] item: Leftovers\n|-damage|p2a: Garchomp|37\/100 brn|[from] brn\n|upkeep\n|turn|22\n|\n|t:|1701089553\n|-end|p1a: Mantichora|ability: Flash Fire|[silent]\n|switch|p1a: Miles Tonitrui|Rotom-Wash|43\/100\n|move|p2a: Garchomp|Dragon Claw|p1a: Miles Tonitrui\n|-damage|p1a: Miles Tonitrui|8\/100\n|\n|-heal|p1a: Miles Tonitrui|15\/100|[from] item: Leftovers\n|-damage|p2a: Garchomp|31\/100 brn|[from] brn\n|upkeep\n|turn|23\n|\n|t:|1701089565\n|move|p2a: Garchomp|Dragon Claw|p1a: Miles Tonitrui\n|-damage|p1a: Miles Tonitrui|0 fnt\n|faint|p1a: Miles Tonitrui\n|\n|-damage|p2a: Garchomp|25\/100 brn|[from] brn\n|-end|p2a: Garchomp|move: Taunt\n|upkeep\n|\n|t:|1701089569\n|switch|p1a: Imperatrix Umbrosa|Iron Valiant|38\/100\n|turn|24\n|\n|t:|1701089590\n|move|p1a: Imperatrix Umbrosa|Moonblast|p2a: Garchomp\n|-supereffective|p2a: Garchomp\n|-crit|p2a: Garchomp\n|-damage|p2a: Garchomp|0 fnt\n|faint|p2a: Garchomp\n|\n|upkeep\n|\n|t:|1701089598\n|switch|p2a: Gengar|Gengar, F|100\/100\n|-damage|p2a: Gengar|88\/100|[from] Stealth Rock\n|turn|25\n|\n|t:|1701089614\n|move|p2a: Gengar|Trick|p1a: Imperatrix Umbrosa\n|-activate|p2a: Gengar|move: Trick|[of] p1a: Imperatrix Umbrosa\n|-item|p1a: Imperatrix Umbrosa|Choice Scarf|[from] move: Trick\n|-enditem|p2a: Gengar|Choice Scarf|[silent]|[from] move: Trick\n|move|p1a: Imperatrix Umbrosa|Thunderbolt|p2a: Gengar\n|-damage|p2a: Gengar|36\/100\n|\n|upkeep\n|turn|26\n|\n|t:|1701089624\n|move|p1a: Imperatrix Umbrosa|Thunderbolt|p2a: Gengar\n|-crit|p2a: Gengar\n|-damage|p2a: Gengar|0 fnt\n|faint|p2a: Gengar\n|\n|win|AesirEcho\n","uploadtime":1701089628,"views":1,"p1id":"aesirecho","p2id":"bulka4000","formatid":"gen9nationaldex","rating":0,"private":0,"password":""}