{"id":"gen9nationaldex-1990750615","p1":"PWA Wright","p2":"grassman725","format":"[Gen 9] National Dex","log":"|j|\u2606PWA Wright\n|j|\u2606grassman725\n|t:|1699997352\n|gametype|singles\n|player|p1|PWA Wright|cynthia|1702\n|player|p2|grassman725|lusamine-nihilego|1674\n|teamsize|p1|6\n|teamsize|p2|6\n|gen|9\n|tier|[Gen 9] National Dex\n|rated|\n|rule|HP Percentage Mod: HP is shown in percentages\n|rule|Endless Battle Clause: Forcing endless battles is banned\n|rule|OHKO Clause: OHKO moves are banned\n|rule|Evasion Clause: Evasion abilities, items, and moves are banned\n|rule|Evasion Abilities Clause: Evasion abilities are banned\n|rule|Evasion Items Clause: Evasion items are banned\n|rule|Evasion Moves Clause: Evasion moves are banned\n|rule|Species Clause: Limit one of each Pok\u00e9mon\n|rule|Sleep Clause Mod: Limit one foe put to sleep\n|clearpoke\n|poke|p1|Garchomp, M|\n|poke|p1|Dondozo, M|\n|poke|p1|Tyranitar, F|\n|poke|p1|Charizard, F|\n|poke|p1|Clodsire, F|\n|poke|p1|Corviknight, M|\n|poke|p2|Slither Wing|\n|poke|p2|Greninja-*, M|\n|poke|p2|Zapdos|\n|poke|p2|Garganacl, M|\n|poke|p2|Zamazenta-*|\n|poke|p2|Altaria, M|\n|teampreview\n|inactive|Battle timer is ON: inactive players will automatically lose when time's up. (requested by PWA Wright)\n|\n|t:|1699997366\n|start\n|switch|p1a: Garchomp|Garchomp, M|100\/100\n|switch|p2a: Greninja|Greninja, M|100\/100\n|turn|1\n|\n|t:|1699997369\n|switch|p1a: Clodsire|Clodsire, F|100\/100\n|move|p2a: Greninja|Ice Beam|p1a: Clodsire\n|-supereffective|p1a: Clodsire\n|-damage|p1a: Clodsire|63\/100\n|-damage|p2a: Greninja|91\/100|[from] item: Life Orb\n|\n|-heal|p1a: Clodsire|69\/100|[from] item: Leftovers\n|upkeep\n|turn|2\n|\n|t:|1699997376\n|switch|p2a: Slither Wing|Slither Wing|100\/100\n|move|p1a: Clodsire|Toxic|p2a: Slither Wing\n|-status|p2a: Slither Wing|tox\n|\n|-heal|p1a: Clodsire|75\/100|[from] item: Leftovers\n|-damage|p2a: Slither Wing|94\/100 tox|[from] psn\n|upkeep\n|turn|3\n|\n|t:|1699997378\n|switch|p1a: Corviknight|Corviknight, M|100\/100\n|-ability|p1a: Corviknight|Pressure\n|move|p2a: Slither Wing|U-turn|p1a: Corviknight\n|-resisted|p1a: Corviknight\n|-damage|p1a: Corviknight|91\/100\n|-damage|p2a: Slither Wing|78\/100 tox|[from] item: Rocky Helmet|[of] p1a: Corviknight\n|\n|t:|1699997381\n|-end|p2a: Slither Wing|Protosynthesis|[silent]\n|switch|p2a: Zapdos|Zapdos|100\/100|[from] U-turn\n|\n|upkeep\n|turn|4\n|\n|t:|1699997387\n|switch|p1a: Clodsire|Clodsire, F|75\/100\n|move|p2a: Zapdos|Volt Switch|p1a: Clodsire\n|-immune|p1a: Clodsire\n|\n|-heal|p1a: Clodsire|81\/100|[from] item: Leftovers\n|upkeep\n|turn|5\n|\n|t:|1699997391\n|switch|p2a: Slither Wing|Slither Wing|78\/100 tox\n|move|p1a: Clodsire|Stealth Rock|p2a: Slither Wing\n|-sidestart|p2: grassman725|move: Stealth Rock\n|\n|-heal|p1a: Clodsire|88\/100|[from] item: Leftovers\n|-damage|p2a: Slither Wing|72\/100 tox|[from] psn\n|upkeep\n|turn|6\n|\n|t:|1699997394\n|switch|p1a: Corviknight|Corviknight, M|91\/100\n|-ability|p1a: Corviknight|Pressure\n|move|p2a: Slither Wing|Close Combat|p1a: Corviknight\n|-damage|p1a: Corviknight|34\/100\n|-unboost|p2a: Slither Wing|def|1\n|-unboost|p2a: Slither Wing|spd|1\n|-damage|p2a: Slither Wing|55\/100 tox|[from] item: Rocky Helmet|[of] p1a: Corviknight\n|\n|-damage|p2a: Slither Wing|43\/100 tox|[from] psn\n|upkeep\n|turn|7\n|\n|t:|1699997399\n|switch|p1a: Dondozo|Dondozo, M|100\/100\n|move|p2a: Slither Wing|Close Combat|p1a: Dondozo\n|-damage|p1a: Dondozo|52\/100\n|-unboost|p2a: Slither Wing|def|1\n|-unboost|p2a: Slither Wing|spd|1\n|-damage|p2a: Slither Wing|27\/100 tox|[from] item: Rocky Helmet|[of] p1a: Dondozo\n|\n|-damage|p2a: Slither Wing|9\/100 tox|[from] psn\n|upkeep\n|turn|8\n|\n|t:|1699997402\n|move|p2a: Slither Wing|Close Combat|p1a: Dondozo\n|-damage|p1a: Dondozo|8\/100\n|-unboost|p2a: Slither Wing|def|1\n|-unboost|p2a: Slither Wing|spd|1\n|-damage|p2a: Slither Wing|0 fnt|[from] item: Rocky Helmet|[of] p1a: Dondozo\n|faint|p2a: Slither Wing\n|-end|p2a: Slither Wing|Protosynthesis|[silent]\n|move|p1a: Dondozo|Rest|p1a: Dondozo\n|-status|p1a: Dondozo|slp|[from] move: Rest\n|-heal|p1a: Dondozo|100\/100 slp|[silent]\n|\n|upkeep\n|\n|t:|1699997406\n|switch|p2a: Garganacl|Garganacl, M|100\/100\n|-damage|p2a: Garganacl|88\/100|[from] Stealth Rock\n|turn|9\n|\n|t:|1699997414\n|switch|p1a: Garchomp|Garchomp, M|100\/100\n|move|p2a: Garganacl|Stealth Rock|p1a: Garchomp\n|-sidestart|p1: PWA Wright|move: Stealth Rock\n|\n|-heal|p2a: Garganacl|94\/100|[from] item: Leftovers\n|upkeep\n|turn|10\n|\n|t:|1699997417\n|switch|p2a: Zapdos|Zapdos|100\/100\n|move|p1a: Garchomp|Swords Dance|p1a: Garchomp\n|-boost|p1a: Garchomp|atk|2\n|\n|upkeep\n|turn|11\n|\n|t:|1699997429\n|-terastallize|p1a: Garchomp|Fire\n|move|p1a: Garchomp|Scale Shot|p2a: Zapdos\n|-damage|p2a: Zapdos|80\/100\n|-damage|p2a: Zapdos|58\/100\n|-damage|p2a: Zapdos|38\/100\n|-damage|p2a: Zapdos|16\/100\n|-hitcount|p2a: Zapdos|4\n|-unboost|p1a: Garchomp|def|1\n|-boost|p1a: Garchomp|spe|1\n|move|p2a: Zapdos|Heat Wave|p1a: Garchomp\n|-resisted|p1a: Garchomp\n|-damage|p1a: Garchomp|87\/100\n|\n|upkeep\n|turn|12\n|\n|t:|1699997441\n|move|p1a: Garchomp|Swords Dance|p1a: Garchomp\n|-boost|p1a: Garchomp|atk|2\n|move|p2a: Zapdos|Defog|p1a: Garchomp\n|-unboost|p1a: Garchomp|evasion|1\n|-sideend|p1: PWA Wright|Stealth Rock|[from] move: Defog|[of] p2a: Zapdos\n|-sideend|p2: grassman725|Stealth Rock|[from] move: Defog|[of] p2a: Zapdos\n|\n|upkeep\n|turn|13\n|\n|t:|1699997449\n|move|p1a: Garchomp|Tera Blast|p2a: Zapdos|[anim] Tera Blast Fire\n|-damage|p2a: Zapdos|0 fnt\n|faint|p2a: Zapdos\n|\n|upkeep\n|\n|t:|1699997452\n|switch|p2a: Greninja|Greninja, M|91\/100\n|turn|14\n|\n|t:|1699997458\n|move|p2a: Greninja|Water Shuriken|p1a: Garchomp\n|-supereffective|p1a: Garchomp\n|-damage|p1a: Garchomp|69\/100\n|-supereffective|p1a: Garchomp\n|-damage|p1a: Garchomp|49\/100\n|-hitcount|p1a: Garchomp|2\n|-damage|p2a: Greninja|81\/100|[from] item: Life Orb\n|move|p1a: Garchomp|Earthquake|p2a: Greninja\n|-damage|p2a: Greninja|0 fnt\n|faint|p2a: Greninja\n|\n|upkeep\n|\n|t:|1699997468\n|switch|p2a: Garganacl|Garganacl, M|94\/100\n|turn|15\n|\n|t:|1699997472\n|-terastallize|p2a: Garganacl|Ghost\n|move|p1a: Garchomp|Earthquake|p2a: Garganacl\n|-damage|p2a: Garganacl|0 fnt\n|faint|p2a: Garganacl\n|\n|upkeep\n|\n|t:|1699997475\n|switch|p2a: Zamazenta|Zamazenta|100\/100\n|-ability|p2a: Zamazenta|Dauntless Shield|boost\n|-boost|p2a: Zamazenta|def|1\n|turn|16\n|\n|t:|1699997482\n|move|p1a: Garchomp|Scale Shot|p2a: Zamazenta|[miss]\n|-miss|p1a: Garchomp|p2a: Zamazenta\n|move|p2a: Zamazenta|Close Combat|p1a: Garchomp\n|-damage|p1a: Garchomp|0 fnt\n|-unboost|p2a: Zamazenta|def|1\n|-unboost|p2a: Zamazenta|spd|1\n|-damage|p2a: Zamazenta|88\/100|[from] ability: Rough Skin|[of] p1a: Garchomp\n|faint|p1a: Garchomp\n|\n|upkeep\n|\n|t:|1699997485\n|switch|p1a: Clodsire|Clodsire, F|88\/100\n|turn|17\n|\n|t:|1699997492\n|move|p2a: Zamazenta|Ice Fang|p1a: Clodsire\n|-supereffective|p1a: Clodsire\n|-damage|p1a: Clodsire|36\/100\n|move|p1a: Clodsire|Toxic|p2a: Zamazenta\n|-status|p2a: Zamazenta|tox\n|\n|-heal|p1a: Clodsire|42\/100|[from] item: Leftovers\n|-damage|p2a: Zamazenta|82\/100 tox|[from] psn\n|upkeep\n|turn|18\n|\n|t:|1699997497\n|switch|p1a: Tyranitar|Tyranitar, F|100\/100\n|-weather|Sandstorm|[from] ability: Sand Stream|[of] p1a: Tyranitar\n|-zpower|p2a: Zamazenta\n|move|p2a: Zamazenta|Gigavolt Havoc|p1a: Tyranitar|[zeffect]\n|-damage|p1a: Tyranitar|69\/100\n|\n|-weather|Sandstorm|[upkeep]\n|-damage|p2a: Zamazenta|76\/100 tox|[from] Sandstorm\n|-damage|p2a: Zamazenta|64\/100 tox|[from] psn\n|upkeep\n|turn|19\n|\n|t:|1699997504\n|switch|p2a: Altaria|Altaria, M|100\/100\n|move|p1a: Tyranitar|Earthquake|p2a: Altaria\n|-immune|p2a: Altaria\n|\n|-weather|Sandstorm|[upkeep]\n|-damage|p2a: Altaria|94\/100|[from] Sandstorm\n|upkeep\n|turn|20\n|\n|t:|1699997512\n|detailschange|p2a: Altaria|Altaria-Mega, M\n|-mega|p2a: Altaria|Altaria|Altarianite\n|move|p2a: Altaria|Dragon Dance|p2a: Altaria\n|-boost|p2a: Altaria|atk|1\n|-boost|p2a: Altaria|spe|1\n|move|p1a: Tyranitar|Stone Edge|p2a: Altaria\n|-damage|p2a: Altaria|47\/100\n|\n|-weather|Sandstorm|[upkeep]\n|-damage|p2a: Altaria|41\/100|[from] Sandstorm\n|upkeep\n|turn|21\n|\n|t:|1699997515\n|move|p2a: Altaria|Roost|p2a: Altaria\n|-heal|p2a: Altaria|91\/100\n|-singleturn|p2a: Altaria|move: Roost\n|move|p1a: Tyranitar|Stone Edge|p2a: Altaria\n|-damage|p2a: Altaria|43\/100\n|\n|-weather|Sandstorm|[upkeep]\n|-damage|p2a: Altaria|37\/100|[from] Sandstorm\n|upkeep\n|turn|22\n|\n|t:|1699997517\n|move|p2a: Altaria|Roost|p2a: Altaria\n|-heal|p2a: Altaria|87\/100\n|-singleturn|p2a: Altaria|move: Roost\n|move|p1a: Tyranitar|Stone Edge|p2a: Altaria\n|-damage|p2a: Altaria|41\/100\n|\n|-weather|none\n|upkeep\n|turn|23\n|\n|t:|1699997520\n|move|p2a: Altaria|Roost|p2a: Altaria\n|-heal|p2a: Altaria|91\/100\n|-singleturn|p2a: Altaria|move: Roost\n|move|p1a: Tyranitar|Stone Edge|p2a: Altaria\n|-damage|p2a: Altaria|42\/100\n|\n|upkeep\n|turn|24\n|\n|t:|1699997522\n|move|p2a: Altaria|Roost|p2a: Altaria\n|-heal|p2a: Altaria|93\/100\n|-singleturn|p2a: Altaria|move: Roost\n|move|p1a: Tyranitar|Stone Edge|p2a: Altaria\n|-damage|p2a: Altaria|42\/100\n|\n|upkeep\n|turn|25\n|\n|t:|1699997524\n|move|p2a: Altaria|Roost|p2a: Altaria\n|-heal|p2a: Altaria|92\/100\n|-singleturn|p2a: Altaria|move: Roost\n|move|p1a: Tyranitar|Stone Edge|p2a: Altaria\n|-damage|p2a: Altaria|41\/100\n|\n|upkeep\n|turn|26\n|\n|t:|1699997526\n|move|p2a: Altaria|Roost|p2a: Altaria\n|-heal|p2a: Altaria|92\/100\n|-singleturn|p2a: Altaria|move: Roost\n|move|p1a: Tyranitar|Stone Edge|p2a: Altaria\n|-damage|p2a: Altaria|45\/100\n|\n|upkeep\n|turn|27\n|\n|t:|1699997528\n|move|p2a: Altaria|Roost|p2a: Altaria\n|-heal|p2a: Altaria|95\/100\n|-singleturn|p2a: Altaria|move: Roost\n|move|p1a: Tyranitar|Stone Edge|p2a: Altaria\n|-damage|p2a: Altaria|50\/100\n|\n|upkeep\n|turn|28\n|\n|t:|1699997532\n|move|p2a: Altaria|Roost|p2a: Altaria\n|-heal|p2a: Altaria|100\/100\n|-singleturn|p2a: Altaria|move: Roost\n|move|p1a: Tyranitar|Earthquake|p2a: Altaria\n|-damage|p2a: Altaria|68\/100\n|\n|upkeep\n|turn|29\n|\n|t:|1699997534\n|move|p2a: Altaria|Dragon Dance|p2a: Altaria\n|-boost|p2a: Altaria|atk|1\n|-boost|p2a: Altaria|spe|1\n|move|p1a: Tyranitar|Earthquake|p2a: Altaria\n|-damage|p2a: Altaria|37\/100\n|\n|upkeep\n|turn|30\n|\n|t:|1699997536\n|move|p2a: Altaria|Frustration|p1a: Tyranitar\n|-supereffective|p1a: Tyranitar\n|-damage|p1a: Tyranitar|0 fnt\n|faint|p1a: Tyranitar\n|\n|upkeep\n|\n|t:|1699997546\n|switch|p1a: Dondozo|Dondozo, M|100\/100 slp\n|turn|31\n|-message|grassman725 forfeited.\n|\n|win|PWA Wright\n|raw|PWA Wright's rating: 1702 &rarr; <strong>1720<\/strong><br \/>(+18 for winning)\n|raw|grassman725's rating: 1674 &rarr; <strong>1656<\/strong><br \/>(-18 for losing)\n|l|\u2606grassman725\n","uploadtime":1699997554,"views":5,"p1id":"pwawright","p2id":"grassman725","formatid":"gen9nationaldex","rating":1656,"private":0,"password":""}