{"id":"gen9nationaldex-1990812164","p1":"KawaiiKultLeader","p2":"Francoise Fat","format":"[Gen 9] National Dex","log":"|j|\u2606KawaiiKultLeader\n|j|\u2606Francoise Fat\n|t:|1700003334\n|gametype|singles\n|player|p1|KawaiiKultLeader|caitlin|1243\n|player|p2|Francoise Fat|169|1279\n|teamsize|p1|6\n|teamsize|p2|6\n|gen|9\n|tier|[Gen 9] National Dex\n|rated|\n|rule|HP Percentage Mod: HP is shown in percentages\n|rule|Endless Battle Clause: Forcing endless battles is banned\n|rule|OHKO Clause: OHKO moves are banned\n|rule|Evasion Clause: Evasion abilities, items, and moves are banned\n|rule|Evasion Abilities Clause: Evasion abilities are banned\n|rule|Evasion Items Clause: Evasion items are banned\n|rule|Evasion Moves Clause: Evasion moves are banned\n|rule|Species Clause: Limit one of each Pok\u00e9mon\n|rule|Sleep Clause Mod: Limit one foe put to sleep\n|clearpoke\n|poke|p1|Aegislash, F|\n|poke|p1|Sableye, F|\n|poke|p1|Toxapex, F|\n|poke|p1|Ferrothorn, F|\n|poke|p1|Blissey, F|\n|poke|p1|Landorus-Therian, M|\n|poke|p2|Garchomp, F|\n|poke|p2|Araquanid, F|\n|poke|p2|Iron Treads|\n|poke|p2|Tyranitar, F|\n|poke|p2|Sandaconda, F|\n|poke|p2|Aggron, F|\n|teampreview\n|\n|t:|1700003373\n|start\n|switch|p1a: Sableye|Sableye, F|100\/100\n|switch|p2a: Sandaconda|Sandaconda, F|100\/100\n|turn|1\n|\n|t:|1700003382\n|detailschange|p1a: Sableye|Sableye-Mega, F\n|-mega|p1a: Sableye|Sableye|Sablenite\n|move|p2a: Sandaconda|Skitter Smack|p1a: Sableye\n|-damage|p1a: Sableye|88\/100\n|-unboost|p1a: Sableye|spa|1\n|move|p1a: Sableye|Will-O-Wisp|p2a: Sandaconda\n|-status|p2a: Sandaconda|brn\n|\n|-damage|p2a: Sandaconda|94\/100 brn|[from] brn\n|upkeep\n|turn|2\n|\n|t:|1700003394\n|move|p2a: Sandaconda|Earthquake|p1a: Sableye\n|-damage|p1a: Sableye|76\/100\n|move|p1a: Sableye|Knock Off|p2a: Sandaconda\n|-damage|p2a: Sandaconda|73\/100 brn\n|-weather|Sandstorm|[from] ability: Sand Spit|[of] p2a: Sandaconda\n|-enditem|p2a: Sandaconda|Eject Button|[from] move: Knock Off|[of] p1a: Sableye\n|\n|-weather|Sandstorm|[upkeep]\n|-damage|p1a: Sableye|70\/100|[from] Sandstorm\n|-damage|p2a: Sandaconda|67\/100 brn|[from] brn\n|upkeep\n|turn|3\n|inactive|Battle timer is ON: inactive players will automatically lose when time's up. (requested by KawaiiKultLeader)\n|\n|t:|1700003439\n|switch|p2a: Araquanid|Araquanid, F|100\/100\n|switch|p1a: Ferrothorn|Ferrothorn, F, shiny|100\/100\n|\n|-weather|Sandstorm|[upkeep]\n|-damage|p2a: Araquanid|94\/100|[from] Sandstorm\n|upkeep\n|turn|4\n|\n|t:|1700003450\n|move|p2a: Araquanid|Infestation|p1a: Ferrothorn\n|-damage|p1a: Ferrothorn|97\/100\n|-activate|p1a: Ferrothorn|move: Infestation|[of] p2a: Araquanid\n|-damage|p2a: Araquanid|82\/100|[from] ability: Iron Barbs|[of] p1a: Ferrothorn\n|-damage|p2a: Araquanid|65\/100|[from] item: Rocky Helmet|[of] p1a: Ferrothorn\n|move|p1a: Ferrothorn|Leech Seed|p2a: Araquanid\n|-start|p2a: Araquanid|move: Leech Seed\n|\n|-weather|Sandstorm|[upkeep]\n|-damage|p2a: Araquanid|59\/100|[from] Sandstorm\n|-damage|p2a: Araquanid|47\/100|[from] Leech Seed|[of] p1a: Ferrothorn\n|-heal|p1a: Ferrothorn|100\/100|[silent]\n|-damage|p1a: Ferrothorn|88\/100|[from] move: Infestation|[partiallytrapped]\n|upkeep\n|turn|5\n|\n|t:|1700003463\n|move|p2a: Araquanid|Sticky Web|p1a: Ferrothorn\n|-sidestart|p1: KawaiiKultLeader|move: Sticky Web\n|move|p1a: Ferrothorn|Curse|p1a: Ferrothorn\n|-unboost|p1a: Ferrothorn|spe|1\n|-boost|p1a: Ferrothorn|atk|1\n|-boost|p1a: Ferrothorn|def|1\n|\n|-weather|Sandstorm|[upkeep]\n|-damage|p2a: Araquanid|41\/100|[from] Sandstorm\n|-damage|p2a: Araquanid|28\/100|[from] Leech Seed|[of] p1a: Ferrothorn\n|-heal|p1a: Ferrothorn|99\/100|[silent]\n|-damage|p1a: Ferrothorn|87\/100|[from] move: Infestation|[partiallytrapped]\n|upkeep\n|turn|6\n|inactive|Francoise Fat has 120 seconds left.\n|\n|t:|1700003506\n|move|p2a: Araquanid|Liquidation|p1a: Ferrothorn\n|-resisted|p1a: Ferrothorn\n|-damage|p1a: Ferrothorn|79\/100\n|-unboost|p1a: Ferrothorn|def|1\n|-damage|p2a: Araquanid|16\/100|[from] ability: Iron Barbs|[of] p1a: Ferrothorn\n|-damage|p2a: Araquanid|0 fnt|[from] item: Rocky Helmet|[of] p1a: Ferrothorn\n|faint|p2a: Araquanid\n|move|p1a: Ferrothorn|Curse|p1a: Ferrothorn\n|-unboost|p1a: Ferrothorn|spe|1\n|-boost|p1a: Ferrothorn|atk|1\n|-boost|p1a: Ferrothorn|def|1\n|\n|-weather|none\n|-end|p1a: Ferrothorn|Infestation|[partiallytrapped]|[silent]\n|upkeep\n|\n|t:|1700003513\n|switch|p2a: Oceano|Aggron, F, shiny|100\/100\n|turn|7\n|\n|t:|1700003522\n|move|p1a: Ferrothorn|Leech Seed|p2a: Oceano\n|-start|p2a: Oceano|move: Leech Seed\n|move|p2a: Oceano|Dragon Tail|p1a: Ferrothorn\n|-resisted|p1a: Ferrothorn\n|-damage|p1a: Ferrothorn|75\/100\n|-damage|p2a: Oceano|88\/100|[from] ability: Iron Barbs|[of] p1a: Ferrothorn\n|-damage|p2a: Oceano|72\/100|[from] item: Rocky Helmet|[of] p1a: Ferrothorn\n|drag|p1a: Sableye|Sableye-Mega, F|70\/100\n|-activate|p1a: Sableye|move: Sticky Web\n|-unboost|p1a: Sableye|spe|1\n|\n|-damage|p2a: Oceano|59\/100|[from] Leech Seed|[of] p1a: Sableye\n|-heal|p1a: Sableye|83\/100|[silent]\n|upkeep\n|turn|8\n|inactive|Francoise Fat has 120 seconds left.\n|\n|t:|1700003539\n|switch|p2a: Sandaconda|Sandaconda, F|67\/100 brn\n|move|p1a: Sableye|Protect||[still]\n|-fail|p1a: Sableye\n|\n|-damage|p2a: Sandaconda|61\/100 brn|[from] brn\n|upkeep\n|turn|9\n|\n|t:|1700003550\n|switch|p1a: Landorus|Landorus-Therian, M, shiny|100\/100\n|-ability|p1a: Landorus|Intimidate|boost\n|-unboost|p2a: Sandaconda|atk|1\n|move|p2a: Sandaconda|Earthquake|p1a: Landorus\n|-immune|p1a: Landorus\n|\n|-damage|p2a: Sandaconda|55\/100 brn|[from] brn\n|upkeep\n|turn|10\n|\n|t:|1700003559\n|move|p1a: Landorus|Defog|p2a: Sandaconda\n|-unboost|p2a: Sandaconda|evasion|1\n|-sideend|p1: KawaiiKultLeader|Sticky Web|[from] move: Defog|[of] p1a: Landorus\n|move|p2a: Sandaconda|Glare|p1a: Landorus\n|-status|p1a: Landorus|par\n|\n|-damage|p2a: Sandaconda|48\/100 brn|[from] brn\n|upkeep\n|turn|11\n|\n|t:|1700003573\n|switch|p2a: Garchomp|Garchomp, F|100\/100\n|switch|p1a: Sableye|Sableye-Mega, F|83\/100\n|\n|upkeep\n|turn|12\n|\n|t:|1700003579\n|switch|p2a: Sandaconda|Sandaconda, F|48\/100 brn\n|move|p1a: Sableye|Will-O-Wisp|p2a: Sandaconda\n|-fail|p2a: Sandaconda|brn\n|\n|-damage|p2a: Sandaconda|42\/100 brn|[from] brn\n|upkeep\n|turn|13\n|\n|t:|1700003594\n|switch|p2a: Garchomp|Garchomp, F|100\/100\n|move|p1a: Sableye|Recover|p1a: Sableye\n|-heal|p1a: Sableye|100\/100\n|\n|upkeep\n|turn|14\n|\n|t:|1700003602\n|switch|p2a: Sandaconda|Sandaconda, F|42\/100 brn\n|move|p1a: Sableye|Will-O-Wisp|p2a: Sandaconda\n|-fail|p2a: Sandaconda|brn\n|\n|-damage|p2a: Sandaconda|36\/100 brn|[from] brn\n|upkeep\n|turn|15\n|\n|t:|1700003611\n|switch|p1a: Landorus|Landorus-Therian, M, shiny|100\/100 par\n|-ability|p1a: Landorus|Intimidate|boost\n|-unboost|p2a: Sandaconda|atk|1\n|move|p2a: Sandaconda|Earthquake|p1a: Landorus\n|-immune|p1a: Landorus\n|\n|-damage|p2a: Sandaconda|30\/100 brn|[from] brn\n|upkeep\n|turn|16\n|\n|t:|1700003632\n|switch|p1a: Ferrothorn|Ferrothorn, F, shiny|75\/100\n|move|p2a: Sandaconda|Earthquake|p1a: Ferrothorn\n|-crit|p1a: Ferrothorn\n|-damage|p1a: Ferrothorn|60\/100\n|\n|-damage|p2a: Sandaconda|24\/100 brn|[from] brn\n|upkeep\n|turn|17\n|\n|t:|1700003642\n|move|p2a: Sandaconda|Stealth Rock|p1a: Ferrothorn\n|-sidestart|p1: KawaiiKultLeader|move: Stealth Rock\n|move|p1a: Ferrothorn|Leech Seed|p2a: Sandaconda\n|-start|p2a: Sandaconda|move: Leech Seed\n|\n|-damage|p2a: Sandaconda|12\/100 brn|[from] Leech Seed|[of] p1a: Ferrothorn\n|-heal|p1a: Ferrothorn|72\/100|[silent]\n|-damage|p2a: Sandaconda|6\/100 brn|[from] brn\n|upkeep\n|turn|18\n|\n|t:|1700003652\n|switch|p2a: Oceano|Aggron, F, shiny|59\/100\n|switch|p1a: Landorus|Landorus-Therian, M, shiny|100\/100 par\n|-damage|p1a: Landorus|88\/100 par|[from] Stealth Rock\n|-ability|p1a: Landorus|Intimidate|boost\n|-unboost|p2a: Oceano|atk|1\n|\n|upkeep\n|turn|19\n|\n|t:|1700003668\n|cant|p1a: Landorus|par\n|move|p2a: Oceano|Dragon Tail|p1a: Landorus\n|-damage|p1a: Landorus|75\/100 par\n|drag|p1a: Toxapex|Toxapex, F, shiny|100\/100\n|-damage|p1a: Toxapex|88\/100|[from] Stealth Rock\n|\n|upkeep\n|turn|20\n|\n|t:|1700003679\n|move|p2a: Oceano|Stone Edge|p1a: Toxapex\n|-damage|p1a: Toxapex|60\/100\n|move|p1a: Toxapex|Infestation|p2a: Oceano\n|-resisted|p2a: Oceano\n|-damage|p2a: Oceano|57\/100\n|-activate|p2a: Oceano|move: Infestation|[of] p1a: Toxapex\n|-enditem|p2a: Oceano|Red Card|[of] p1a: Toxapex\n|drag|p1a: Sableye|Sableye-Mega, F|100\/100\n|-damage|p1a: Sableye|88\/100|[from] Stealth Rock\n|\n|-end|p2a: Oceano|Infestation|[partiallytrapped]|[silent]\n|upkeep\n|turn|21\n|\n|t:|1700003695\n|move|p1a: Sableye|Will-O-Wisp|p2a: Oceano|[miss]\n|-miss|p1a: Sableye|p2a: Oceano\n|move|p2a: Oceano|Dragon Tail|p1a: Sableye\n|-damage|p1a: Sableye|78\/100\n|drag|p1a: Blissey|Blissey, F, shiny|100\/100\n|\n|upkeep\n|turn|22\n|\n|t:|1700003706\n|move|p1a: Blissey|Wish|p1a: Blissey\n|move|p2a: Oceano|Stone Edge|p1a: Blissey\n|-damage|p1a: Blissey|32\/100\n|\n|upkeep\n|turn|23\n|\n|t:|1700003721\n|move|p1a: Blissey|Thunder Wave|p2a: Oceano\n|-status|p2a: Oceano|par\n|move|p2a: Oceano|Stone Edge|p1a: Blissey\n|-damage|p1a: Blissey|0 fnt\n|faint|p1a: Blissey\n|\n|upkeep\n|\n|t:|1700003732\n|switch|p1a: Ferrothorn|Ferrothorn, F, shiny|72\/100\n|-damage|p1a: Ferrothorn|66\/100|[from] Stealth Rock\n|turn|24\n|\n|t:|1700003740\n|move|p1a: Ferrothorn|Body Press|p2a: Oceano\n|-supereffective|p2a: Oceano\n|-damage|p2a: Oceano|0 fnt\n|faint|p2a: Oceano\n|\n|upkeep\n|\n|t:|1700003749\n|switch|p2a: Garchomp|Garchomp, F|100\/100\n|turn|25\n|\n|t:|1700003753\n|detailschange|p2a: Garchomp|Garchomp-Mega, F\n|-mega|p2a: Garchomp|Garchomp|Garchompite\n|move|p2a: Garchomp|Fire Fang|p1a: Ferrothorn\n|-supereffective|p1a: Ferrothorn\n|-damage|p1a: Ferrothorn|4\/100\n|-damage|p2a: Garchomp|88\/100|[from] ability: Iron Barbs|[of] p1a: Ferrothorn\n|-damage|p2a: Garchomp|72\/100|[from] item: Rocky Helmet|[of] p1a: Ferrothorn\n|move|p1a: Ferrothorn|Leech Seed|p2a: Garchomp\n|-start|p2a: Garchomp|move: Leech Seed\n|\n|-damage|p2a: Garchomp|59\/100|[from] Leech Seed|[of] p1a: Ferrothorn\n|-heal|p1a: Ferrothorn|17\/100|[silent]\n|upkeep\n|turn|26\n|\n|t:|1700003770\n|switch|p2a: Sandaconda|Sandaconda, F|6\/100 brn\n|switch|p1a: Landorus|Landorus-Therian, M, shiny|75\/100 par\n|-damage|p1a: Landorus|62\/100 par|[from] Stealth Rock\n|-ability|p1a: Landorus|Intimidate|boost\n|-unboost|p2a: Sandaconda|atk|1\n|\n|-damage|p2a: Sandaconda|0 fnt|[from] brn\n|faint|p2a: Sandaconda\n|upkeep\n|\n|t:|1700003778\n|switch|p2a: Iron Treads|Iron Treads, shiny|100\/100\n|-enditem|p2a: Iron Treads|Booster Energy\n|-activate|p2a: Iron Treads|ability: Quark Drive|[fromitem]\n|-start|p2a: Iron Treads|quarkdrivespe\n|turn|27\n|\n|t:|1700003789\n|move|p2a: Iron Treads|Ice Spinner|p1a: Landorus\n|-supereffective|p1a: Landorus\n|-damage|p1a: Landorus|0 fnt\n|faint|p1a: Landorus\n|\n|upkeep\n|\n|t:|1700003797\n|switch|p1a: Sableye|Sableye-Mega, F|78\/100\n|-damage|p1a: Sableye|66\/100|[from] Stealth Rock\n|turn|28\n|\n|t:|1700003803\n|move|p2a: Iron Treads|Earthquake|p1a: Sableye\n|-damage|p1a: Sableye|33\/100\n|move|p1a: Sableye|Recover|p1a: Sableye\n|-heal|p1a: Sableye|83\/100\n|\n|upkeep\n|turn|29\n|\n|t:|1700003810\n|move|p2a: Iron Treads|Earthquake|p1a: Sableye\n|-damage|p1a: Sableye|51\/100\n|move|p1a: Sableye|Will-O-Wisp|p2a: Iron Treads\n|-status|p2a: Iron Treads|brn\n|\n|-damage|p2a: Iron Treads|94\/100 brn|[from] brn\n|upkeep\n|turn|30\n|\n|t:|1700003819\n|move|p2a: Iron Treads|Earthquake|p1a: Sableye\n|-damage|p1a: Sableye|36\/100\n|move|p1a: Sableye|Knock Off|p2a: Iron Treads\n|-damage|p2a: Iron Treads|77\/100 brn\n|\n|-damage|p2a: Iron Treads|71\/100 brn|[from] brn\n|upkeep\n|turn|31\n|\n|t:|1700003827\n|move|p2a: Iron Treads|Earthquake|p1a: Sableye\n|-damage|p1a: Sableye|20\/100\n|move|p1a: Sableye|Recover|p1a: Sableye\n|-heal|p1a: Sableye|70\/100\n|\n|-damage|p2a: Iron Treads|65\/100 brn|[from] brn\n|upkeep\n|turn|32\n|\n|t:|1700003836\n|move|p1a: Sableye|Protect|p1a: Sableye\n|-singleturn|p1a: Sableye|Protect\n|move|p2a: Iron Treads|Earthquake|p1a: Sableye\n|-activate|p1a: Sableye|move: Protect\n|\n|-damage|p2a: Iron Treads|59\/100 brn|[from] brn\n|upkeep\n|turn|33\n|\n|t:|1700003845\n|move|p2a: Iron Treads|Earthquake|p1a: Sableye\n|-damage|p1a: Sableye|53\/100\n|move|p1a: Sableye|Recover|p1a: Sableye\n|-heal|p1a: Sableye|100\/100\n|\n|-damage|p2a: Iron Treads|53\/100 brn|[from] brn\n|upkeep\n|turn|34\n|\n|t:|1700003856\n|switch|p1a: Ferrothorn|Ferrothorn, F, shiny|17\/100\n|-damage|p1a: Ferrothorn|10\/100|[from] Stealth Rock\n|move|p2a: Iron Treads|Earthquake|p1a: Ferrothorn\n|-damage|p1a: Ferrothorn|0 fnt\n|faint|p1a: Ferrothorn\n|\n|-damage|p2a: Iron Treads|46\/100 brn|[from] brn\n|upkeep\n|\n|t:|1700003876\n|switch|p1a: Sableye|Sableye-Mega, F|100\/100\n|-damage|p1a: Sableye|88\/100|[from] Stealth Rock\n|turn|35\n|\n|t:|1700003881\n|move|p1a: Sableye|Protect|p1a: Sableye\n|-singleturn|p1a: Sableye|Protect\n|move|p2a: Iron Treads|Earthquake|p1a: Sableye\n|-activate|p1a: Sableye|move: Protect\n|\n|-damage|p2a: Iron Treads|40\/100 brn|[from] brn\n|upkeep\n|turn|36\n|\n|t:|1700003891\n|switch|p1a: Toxapex|Toxapex, F, shiny|93\/100\n|-damage|p1a: Toxapex|81\/100|[from] Stealth Rock\n|move|p2a: Iron Treads|Earthquake|p1a: Toxapex\n|-supereffective|p1a: Toxapex\n|-damage|p1a: Toxapex|42\/100\n|\n|-damage|p2a: Iron Treads|34\/100 brn|[from] brn\n|upkeep\n|turn|37\n|\n|t:|1700003901\n|move|p2a: Iron Treads|Earthquake|p1a: Toxapex\n|-supereffective|p1a: Toxapex\n|-damage|p1a: Toxapex|6\/100\n|move|p1a: Toxapex|Recover|p1a: Toxapex\n|-heal|p1a: Toxapex|56\/100\n|\n|-damage|p2a: Iron Treads|28\/100 brn|[from] brn\n|upkeep\n|turn|38\n|\n|t:|1700003912\n|move|p1a: Toxapex|Baneful Bunker|p1a: Toxapex\n|-singleturn|p1a: Toxapex|move: Protect\n|move|p2a: Iron Treads|Earthquake|p1a: Toxapex\n|-activate|p1a: Toxapex|move: Protect\n|\n|-damage|p2a: Iron Treads|21\/100 brn|[from] brn\n|upkeep\n|turn|39\n|\n|t:|1700003921\n|switch|p1a: Sableye|Sableye-Mega, F|88\/100\n|-damage|p1a: Sableye|75\/100|[from] Stealth Rock\n|move|p2a: Iron Treads|Earthquake|p1a: Sableye\n|-damage|p1a: Sableye|59\/100\n|\n|-damage|p2a: Iron Treads|15\/100 brn|[from] brn\n|upkeep\n|turn|40\n|\n|t:|1700003933\n|move|p1a: Sableye|Protect|p1a: Sableye\n|-singleturn|p1a: Sableye|Protect\n|move|p2a: Iron Treads|Earthquake|p1a: Sableye\n|-activate|p1a: Sableye|move: Protect\n|\n|-damage|p2a: Iron Treads|9\/100 brn|[from] brn\n|upkeep\n|turn|41\n|\n|t:|1700003941\n|move|p2a: Iron Treads|Earthquake|p1a: Sableye\n|-damage|p1a: Sableye|41\/100\n|move|p1a: Sableye|Recover|p1a: Sableye\n|-heal|p1a: Sableye|91\/100\n|\n|-damage|p2a: Iron Treads|3\/100 brn|[from] brn\n|upkeep\n|turn|42\n|\n|t:|1700003949\n|-end|p2a: Iron Treads|Quark Drive|[silent]\n|switch|p2a: Tyranitar|Tyranitar, F, shiny|100\/100\n|-weather|Sandstorm|[from] ability: Sand Stream|[of] p2a: Tyranitar\n|move|p1a: Sableye|Protect||[still]\n|-fail|p1a: Sableye\n|\n|-weather|Sandstorm|[upkeep]\n|-damage|p1a: Sableye|85\/100|[from] Sandstorm\n|upkeep\n|turn|43\n|\n|t:|1700003959\n|switch|p2a: Iron Treads|Iron Treads, shiny|3\/100 brn\n|move|p1a: Sableye|Will-O-Wisp|p2a: Iron Treads\n|-fail|p2a: Iron Treads|brn\n|\n|-weather|Sandstorm|[upkeep]\n|-damage|p1a: Sableye|79\/100|[from] Sandstorm\n|-damage|p2a: Iron Treads|0 fnt|[from] brn\n|faint|p2a: Iron Treads\n|-end|p2a: Iron Treads|Quark Drive|[silent]\n|upkeep\n|\n|t:|1700003963\n|switch|p2a: Garchomp|Garchomp-Mega, F|59\/100\n|turn|44\n|\n|t:|1700003975\n|move|p2a: Garchomp|Earthquake|p1a: Sableye\n|-damage|p1a: Sableye|19\/100\n|move|p1a: Sableye|Will-O-Wisp|p2a: Garchomp\n|-status|p2a: Garchomp|brn\n|\n|-weather|Sandstorm|[upkeep]\n|-damage|p1a: Sableye|13\/100|[from] Sandstorm\n|-damage|p2a: Garchomp|53\/100 brn|[from] brn\n|upkeep\n|turn|45\n|\n|t:|1700003993\n|move|p1a: Sableye|Protect|p1a: Sableye\n|-singleturn|p1a: Sableye|Protect\n|move|p2a: Garchomp|Swords Dance|p2a: Garchomp\n|-boost|p2a: Garchomp|atk|2\n|\n|-weather|Sandstorm|[upkeep]\n|-damage|p1a: Sableye|7\/100|[from] Sandstorm\n|-damage|p2a: Garchomp|47\/100 brn|[from] brn\n|upkeep\n|turn|46\n|\n|t:|1700004002\n|move|p2a: Garchomp|Earthquake|p1a: Sableye\n|-damage|p1a: Sableye|0 fnt\n|faint|p1a: Sableye\n|\n|-weather|Sandstorm|[upkeep]\n|-damage|p2a: Garchomp|41\/100 brn|[from] brn\n|upkeep\n|\n|t:|1700004009\n|switch|p1a: Toxapex|Toxapex, F, shiny|89\/100\n|-damage|p1a: Toxapex|76\/100|[from] Stealth Rock\n|turn|47\n|\n|t:|1700004018\n|move|p2a: Garchomp|Earthquake|p1a: Toxapex\n|-supereffective|p1a: Toxapex\n|-damage|p1a: Toxapex|0 fnt\n|faint|p1a: Toxapex\n|\n|-weather|Sandstorm|[upkeep]\n|-damage|p2a: Garchomp|35\/100 brn|[from] brn\n|upkeep\n|\n|t:|1700004026\n|switch|p1a: Aegislash|Aegislash, F, shiny|100\/100\n|-damage|p1a: Aegislash|94\/100|[from] Stealth Rock\n|turn|48\n|\n|t:|1700004036\n|move|p2a: Garchomp|Earthquake|p1a: Aegislash\n|-supereffective|p1a: Aegislash\n|-damage|p1a: Aegislash|0 fnt\n|faint|p1a: Aegislash\n|\n|win|Francoise Fat\n|raw|KawaiiKultLeader's rating: 1266 &rarr; <strong>1242<\/strong><br \/>(-24 for losing)\n|raw|Francoise Fat's rating: 1279 &rarr; <strong>1303<\/strong><br \/>(+24 for winning)\n|c|\u2606Francoise Fat|GG\n|l|\u2606KawaiiKultLeader\n","uploadtime":1700004050,"views":6,"p1id":"kawaiikultleader","p2id":"francoisefat","formatid":"gen9nationaldex","rating":1242,"private":0,"password":""}