{"id":"gen9nationaldex-1989041672","p1":"pangdunkabi","p2":"BulbaJr","format":"[Gen 9] National Dex","log":"|j|\u2606pangdunkabi\n|j|\u2606BulbaJr\n|t:|1699805612\n|gametype|singles\n|player|p1|pangdunkabi|rosa|1157\n|player|p2|BulbaJr|266|1142\n|teamsize|p1|6\n|teamsize|p2|6\n|gen|9\n|tier|[Gen 9] National Dex\n|rated|\n|rule|HP Percentage Mod: HP is shown in percentages\n|rule|Endless Battle Clause: Forcing endless battles is banned\n|rule|OHKO Clause: OHKO moves are banned\n|rule|Evasion Clause: Evasion abilities, items, and moves are banned\n|rule|Evasion Abilities Clause: Evasion abilities are banned\n|rule|Evasion Items Clause: Evasion items are banned\n|rule|Evasion Moves Clause: Evasion moves are banned\n|rule|Species Clause: Limit one of each Pok\u00e9mon\n|rule|Sleep Clause Mod: Limit one foe put to sleep\n|clearpoke\n|poke|p1|Ninetales-Alola, F|\n|poke|p1|Volcarona, F|\n|poke|p1|Hatterene, F|\n|poke|p1|Gliscor, F|\n|poke|p1|Garganacl, F|\n|poke|p1|Gyarados, F|\n|poke|p2|Roserade, F|\n|poke|p2|Magnezone|\n|poke|p2|Heracross, M|\n|poke|p2|Breloom, M|\n|poke|p2|Dragonite, F|\n|poke|p2|Togekiss, F|\n|teampreview\n|\n|t:|1699805621\n|start\n|switch|p1a: Hatterene|Hatterene, F|100\/100\n|switch|p2a: Togekiss|Togekiss, F|100\/100\n|turn|1\n|inactive|Battle timer is ON: inactive players will automatically lose when time's up. (requested by pangdunkabi)\n|\n|t:|1699805629\n|move|p2a: Togekiss|Ancient Power|p1a: Hatterene\n|-damage|p1a: Hatterene|77\/100\n|move|p1a: Hatterene|Calm Mind|p1a: Hatterene\n|-boost|p1a: Hatterene|spa|1\n|-boost|p1a: Hatterene|spd|1\n|\n|-heal|p1a: Hatterene|83\/100|[from] item: Leftovers\n|upkeep\n|turn|2\n|\n|t:|1699805638\n|move|p2a: Togekiss|Ancient Power|p1a: Hatterene\n|-damage|p1a: Hatterene|67\/100\n|-boost|p2a: Togekiss|atk|1\n|-boost|p2a: Togekiss|def|1\n|-boost|p2a: Togekiss|spa|1\n|-boost|p2a: Togekiss|spd|1\n|-boost|p2a: Togekiss|spe|1\n|move|p1a: Hatterene|Calm Mind|p1a: Hatterene\n|-boost|p1a: Hatterene|spa|1\n|-boost|p1a: Hatterene|spd|1\n|\n|-heal|p1a: Hatterene|73\/100|[from] item: Leftovers\n|upkeep\n|turn|3\n|\n|t:|1699805651\n|move|p2a: Togekiss|Air Slash|p1a: Hatterene\n|-damage|p1a: Hatterene|41\/100\n|cant|p1a: Hatterene|flinch\n|\n|-heal|p1a: Hatterene|47\/100|[from] item: Leftovers\n|upkeep\n|turn|4\n|\n|t:|1699805659\n|move|p2a: Togekiss|Air Slash|p1a: Hatterene\n|-damage|p1a: Hatterene|17\/100\n|cant|p1a: Hatterene|flinch\n|\n|-heal|p1a: Hatterene|23\/100|[from] item: Leftovers\n|upkeep\n|turn|5\n|\n|t:|1699805671\n|move|p2a: Togekiss|Air Slash|p1a: Hatterene\n|-crit|p1a: Hatterene\n|-damage|p1a: Hatterene|0 fnt\n|faint|p1a: Hatterene\n|\n|upkeep\n|\n|t:|1699805677\n|switch|p1a: Ninetales|Ninetales-Alola, F|100\/100\n|-weather|Snow|[from] ability: Snow Warning|[of] p1a: Ninetales\n|turn|6\n|\n|t:|1699805682\n|move|p2a: Togekiss|Ancient Power|p1a: Ninetales\n|-supereffective|p1a: Ninetales\n|-damage|p1a: Ninetales|32\/100\n|move|p1a: Ninetales|Aurora Veil|p1a: Ninetales\n|-sidestart|p1: pangdunkabi|move: Aurora Veil\n|\n|-weather|Snow|[upkeep]\n|upkeep\n|turn|7\n|\n|t:|1699805691\n|move|p2a: Togekiss|Ancient Power|p1a: Ninetales\n|-supereffective|p1a: Ninetales\n|-damage|p1a: Ninetales|0 fnt\n|faint|p1a: Ninetales\n|\n|-weather|Snow|[upkeep]\n|upkeep\n|\n|t:|1699805698\n|switch|p1a: Gyarados|Gyarados, F|100\/100\n|-ability|p1a: Gyarados|Intimidate|boost\n|-unboost|p2a: Togekiss|atk|1\n|turn|8\n|\n|t:|1699805705\n|detailschange|p1a: Gyarados|Gyarados-Mega, F\n|-mega|p1a: Gyarados|Gyarados|Gyaradosite\n|-ability|p1a: Gyarados|Mold Breaker\n|move|p2a: Togekiss|Air Slash|p1a: Gyarados\n|-damage|p1a: Gyarados|77\/100\n|cant|p1a: Gyarados|flinch\n|\n|-weather|Snow|[upkeep]\n|upkeep\n|turn|9\n|\n|t:|1699805715\n|move|p2a: Togekiss|Air Slash|p1a: Gyarados|[miss]\n|-miss|p2a: Togekiss|p1a: Gyarados\n|move|p1a: Gyarados|Dragon Dance|p1a: Gyarados\n|-boost|p1a: Gyarados|atk|1\n|-boost|p1a: Gyarados|spe|1\n|\n|-weather|Snow|[upkeep]\n|upkeep\n|turn|10\n|\n|t:|1699805724\n|move|p1a: Gyarados|Dragon Dance|p1a: Gyarados\n|-boost|p1a: Gyarados|atk|1\n|-boost|p1a: Gyarados|spe|1\n|move|p2a: Togekiss|Dazzling Gleam|p1a: Gyarados\n|-supereffective|p1a: Gyarados\n|-damage|p1a: Gyarados|27\/100\n|\n|-weather|none\n|upkeep\n|turn|11\n|\n|t:|1699805736\n|move|p1a: Gyarados|Aqua Tail|p2a: Togekiss\n|-damage|p2a: Togekiss|14\/100\n|move|p2a: Togekiss|Dazzling Gleam|p1a: Gyarados\n|-supereffective|p1a: Gyarados\n|-damage|p1a: Gyarados|0 fnt\n|faint|p1a: Gyarados\n|\n|-heal|p2a: Togekiss|20\/100|[from] item: Leftovers\n|upkeep\n|\n|t:|1699805748\n|switch|p1a: Garganacl|Garganacl, F|100\/100\n|turn|12\n|\n|t:|1699805752\n|move|p2a: Togekiss|Air Slash|p1a: Garganacl\n|-resisted|p1a: Garganacl\n|-damage|p1a: Garganacl|90\/100\n|cant|p1a: Garganacl|flinch\n|\n|-heal|p2a: Togekiss|27\/100|[from] item: Leftovers\n|upkeep\n|turn|13\n|\n|t:|1699805760\n|move|p2a: Togekiss|Air Slash|p1a: Garganacl\n|-resisted|p1a: Garganacl\n|-damage|p1a: Garganacl|81\/100\n|cant|p1a: Garganacl|flinch\n|\n|-heal|p2a: Togekiss|33\/100|[from] item: Leftovers\n|-sideend|p1: pangdunkabi|move: Aurora Veil\n|upkeep\n|turn|14\n|\n|t:|1699805772\n|-terastallize|p2a: Togekiss|Fairy\n|move|p2a: Togekiss|Dazzling Gleam|p1a: Garganacl\n|-crit|p1a: Garganacl\n|-damage|p1a: Garganacl|0 fnt\n|faint|p1a: Garganacl\n|\n|-heal|p2a: Togekiss|39\/100|[from] item: Leftovers\n|upkeep\n|-message|pangdunkabi forfeited.\n|\n|win|BulbaJr\n|raw|pangdunkabi's rating: 1157 &rarr; <strong>1131<\/strong><br \/>(-26 for losing)\n|raw|BulbaJr's rating: 1142 &rarr; <strong>1168<\/strong><br \/>(+26 for winning)\n|l|\u2606pangdunkabi\n","uploadtime":1699805787,"views":72,"p1id":"pangdunkabi","p2id":"bulbajr","formatid":"gen9nationaldex","rating":1131,"private":0,"password":""}