{"id":"gen9nationaldex-1993793150","p1":"Felypekkkk","p2":"Bandyy00xx","format":"[Gen 9] National Dex","log":"|j|\u2606Felypekkkk\n|j|\u2606Bandyy00xx\n|t:|1700357940\n|gametype|singles\n|player|p1|Felypekkkk|1|1057\n|player|p2|Bandyy00xx|flannery|1022\n|teamsize|p1|6\n|teamsize|p2|6\n|gen|9\n|tier|[Gen 9] National Dex\n|rated|\n|rule|HP Percentage Mod: HP is shown in percentages\n|rule|Endless Battle Clause: Forcing endless battles is banned\n|rule|OHKO Clause: OHKO moves are banned\n|rule|Evasion Clause: Evasion abilities, items, and moves are banned\n|rule|Evasion Abilities Clause: Evasion abilities are banned\n|rule|Evasion Items Clause: Evasion items are banned\n|rule|Evasion Moves Clause: Evasion moves are banned\n|rule|Species Clause: Limit one of each Pok\u00e9mon\n|rule|Sleep Clause Mod: Limit one foe put to sleep\n|clearpoke\n|poke|p1|Charizard, F|\n|poke|p1|Greninja-*, F|\n|poke|p1|Decidueye, F|\n|poke|p1|Dragonite, M|\n|poke|p1|Lucario, M|\n|poke|p1|Umbreon, F|\n|poke|p2|Vaporeon, F|\n|poke|p2|Dunsparce, M|\n|poke|p2|Meganium, M|\n|poke|p2|Scovillain, M|\n|poke|p2|Incineroar, F|\n|poke|p2|Talonflame, F|\n|teampreview\n|inactive|Battle timer is ON: inactive players will automatically lose when time's up. (requested by Bandyy00xx)\n|\n|t:|1700357946\n|start\n|switch|p1a: Umbreon|Umbreon, F, shiny|100\/100\n|switch|p2a: Poe|Meganium, M|100\/100\n|turn|1\n|\n|t:|1700357954\n|move|p2a: Poe|Toxic|p1a: Umbreon\n|-status|p1a: Umbreon|tox\n|-activate|p1a: Umbreon|ability: Synchronize\n|-status|p2a: Poe|tox\n|move|p1a: Umbreon|Iron Tail|p2a: Poe\n|-damage|p2a: Poe|85\/100 tox\n|-unboost|p2a: Poe|def|1\n|\n|-damage|p2a: Poe|79\/100 tox|[from] psn\n|-damage|p1a: Umbreon|94\/100 tox|[from] psn\n|upkeep\n|turn|2\n|\n|t:|1700357966\n|move|p2a: Poe|Leech Seed|p1a: Umbreon\n|-start|p1a: Umbreon|move: Leech Seed\n|move|p1a: Umbreon|Crunch|p2a: Poe\n|-damage|p2a: Poe|50\/100 tox\n|\n|-damage|p1a: Umbreon|82\/100 tox|[from] Leech Seed|[of] p2a: Poe\n|-heal|p2a: Poe|65\/100 tox|[silent]\n|-damage|p2a: Poe|53\/100 tox|[from] psn\n|-damage|p1a: Umbreon|69\/100 tox|[from] psn\n|upkeep\n|turn|3\n|\n|t:|1700357978\n|move|p2a: Poe|Reflect|p2a: Poe\n|-sidestart|p2: Bandyy00xx|Reflect\n|move|p1a: Umbreon|Crunch|p2a: Poe\n|-damage|p2a: Poe|39\/100 tox\n|\n|-damage|p1a: Umbreon|57\/100 tox|[from] Leech Seed|[of] p2a: Poe\n|-heal|p2a: Poe|53\/100 tox|[silent]\n|-damage|p2a: Poe|35\/100 tox|[from] psn\n|-damage|p1a: Umbreon|38\/100 tox|[from] psn\n|upkeep\n|turn|4\n|\n|t:|1700357990\n|switch|p1a: Charizard|Charizard, F, shiny|100\/100\n|move|p2a: Poe|Light Screen|p2a: Poe\n|-sidestart|p2: Bandyy00xx|move: Light Screen\n|\n|-damage|p2a: Poe|11\/100 tox|[from] psn\n|upkeep\n|turn|5\n|\n|t:|1700357998\n|move|p1a: Charizard|Fire Blast|p2a: Poe\n|-supereffective|p2a: Poe\n|-damage|p2a: Poe|0 fnt\n|faint|p2a: Poe\n|\n|upkeep\n|\n|t:|1700358002\n|switch|p2a: Capsie|Scovillain, M|100\/100\n|turn|6\n|\n|t:|1700358009\n|move|p2a: Capsie|Substitute|p2a: Capsie\n|-start|p2a: Capsie|Substitute\n|-damage|p2a: Capsie|75\/100\n|move|p1a: Charizard|Fly||[still]\n|-prepare|p1a: Charizard|Fly\n|\n|-heal|p2a: Capsie|82\/100|[from] item: Leftovers\n|upkeep\n|turn|7\n|\n|t:|1700358020\n|move|p2a: Capsie|Protect|p2a: Capsie\n|-singleturn|p2a: Capsie|Protect\n|move|p1a: Charizard|Fly|p2a: Capsie|[from]lockedmove\n|-activate|p2a: Capsie|move: Protect\n|\n|-heal|p2a: Capsie|88\/100|[from] item: Leftovers\n|-sideend|p2: Bandyy00xx|Reflect\n|upkeep\n|turn|8\n|\n|t:|1700358033\n|switch|p1a: Dragonite|Dragonite, M|100\/100\n|move|p2a: Capsie|Leech Seed|p1a: Dragonite\n|-start|p1a: Dragonite|move: Leech Seed\n|\n|-heal|p2a: Capsie|94\/100|[from] item: Leftovers\n|-damage|p1a: Dragonite|88\/100|[from] Leech Seed|[of] p2a: Capsie\n|-heal|p2a: Capsie|100\/100|[silent]\n|-sideend|p2: Bandyy00xx|move: Light Screen\n|upkeep\n|turn|9\n|\n|t:|1700358047\n|switch|p1a: Greninja|Greninja, F, shiny|100\/100\n|move|p2a: Capsie|Protect||[still]\n|-fail|p2a: Capsie\n|\n|upkeep\n|turn|10\n|\n|t:|1700358053\n|move|p1a: Greninja|Dig||[still]\n|-prepare|p1a: Greninja|Dig\n|move|p2a: Capsie|Leech Seed|p1a: Greninja|[miss]\n|-miss|p2a: Capsie|p1a: Greninja\n|\n|upkeep\n|turn|11\n|\n|t:|1700358059\n|move|p2a: Capsie|Protect|p2a: Capsie\n|-singleturn|p2a: Capsie|Protect\n|move|p1a: Greninja|Dig|p2a: Capsie|[from]lockedmove\n|-activate|p2a: Capsie|move: Protect\n|\n|upkeep\n|turn|12\n|\n|t:|1700358066\n|move|p1a: Greninja|Dig||[still]\n|-prepare|p1a: Greninja|Dig\n|move|p2a: Capsie|Leech Seed|p1a: Greninja|[miss]\n|-miss|p2a: Capsie|p1a: Greninja\n|\n|upkeep\n|turn|13\n|\n|t:|1700358073\n|move|p1a: Greninja|Dig|p2a: Capsie|[from]lockedmove\n|-end|p2a: Capsie|Substitute\n|move|p2a: Capsie|Giga Drain|p1a: Greninja\n|-supereffective|p1a: Greninja\n|-damage|p1a: Greninja|13\/100\n|\n|upkeep\n|turn|14\n|\n|t:|1700358081\n|move|p1a: Greninja|Dig||[still]\n|-prepare|p1a: Greninja|Dig\n|move|p2a: Capsie|Substitute|p2a: Capsie\n|-start|p2a: Capsie|Substitute\n|-damage|p2a: Capsie|75\/100\n|\n|-heal|p2a: Capsie|82\/100|[from] item: Leftovers\n|upkeep\n|turn|15\n|\n|t:|1700358089\n|move|p2a: Capsie|Protect|p2a: Capsie\n|-singleturn|p2a: Capsie|Protect\n|move|p1a: Greninja|Dig|p2a: Capsie|[from]lockedmove\n|-activate|p2a: Capsie|move: Protect\n|\n|-heal|p2a: Capsie|88\/100|[from] item: Leftovers\n|upkeep\n|turn|16\n|\n|t:|1700358098\n|move|p1a: Greninja|Dig||[still]\n|-prepare|p1a: Greninja|Dig\n|move|p2a: Capsie|Giga Drain|p1a: Greninja|[miss]\n|-miss|p2a: Capsie|p1a: Greninja\n|\n|-heal|p2a: Capsie|94\/100|[from] item: Leftovers\n|upkeep\n|turn|17\n|\n|t:|1700358109\n|move|p1a: Greninja|Dig|p2a: Capsie|[from]lockedmove\n|-end|p2a: Capsie|Substitute\n|move|p2a: Capsie|Giga Drain|p1a: Greninja\n|-supereffective|p1a: Greninja\n|-damage|p1a: Greninja|0 fnt\n|-heal|p2a: Capsie|100\/100|[from] drain|[of] p1a: Greninja\n|faint|p1a: Greninja\n|\n|upkeep\n|\n|t:|1700358118\n|switch|p1a: Charizard|Charizard, F, shiny|100\/100\n|turn|18\n|\n|t:|1700358124\n|move|p2a: Capsie|Substitute|p2a: Capsie\n|-start|p2a: Capsie|Substitute\n|-damage|p2a: Capsie|75\/100\n|move|p1a: Charizard|Fly||[still]\n|-prepare|p1a: Charizard|Fly\n|\n|-heal|p2a: Capsie|82\/100|[from] item: Leftovers\n|upkeep\n|turn|19\n|\n|t:|1700358135\n|move|p2a: Capsie|Leech Seed|p1a: Charizard|[miss]\n|-miss|p2a: Capsie|p1a: Charizard\n|move|p1a: Charizard|Fly|p2a: Capsie|[from]lockedmove|[miss]\n|-miss|p1a: Charizard|p2a: Capsie\n|\n|-heal|p2a: Capsie|88\/100|[from] item: Leftovers\n|upkeep\n|turn|20\n|\n|t:|1700358145\n|move|p2a: Capsie|Leech Seed|p1a: Charizard\n|-start|p1a: Charizard|move: Leech Seed\n|move|p1a: Charizard|Fly||[still]\n|-prepare|p1a: Charizard|Fly\n|\n|-heal|p2a: Capsie|94\/100|[from] item: Leftovers\n|-damage|p1a: Charizard|88\/100|[from] Leech Seed|[of] p2a: Capsie\n|-heal|p2a: Capsie|100\/100|[silent]\n|upkeep\n|turn|21\n|\n|t:|1700358154\n|move|p2a: Capsie|Protect|p2a: Capsie\n|-singleturn|p2a: Capsie|Protect\n|move|p1a: Charizard|Fly|p2a: Capsie|[from]lockedmove\n|-activate|p2a: Capsie|move: Protect\n|\n|-damage|p1a: Charizard|76\/100|[from] Leech Seed|[of] p2a: Capsie\n|upkeep\n|turn|22\n|\n|t:|1700358169\n|switch|p1a: Decidueye|Decidueye, F, shiny|100\/100\n|move|p2a: Capsie|Giga Drain|p1a: Decidueye\n|-resisted|p1a: Decidueye\n|-damage|p1a: Decidueye|86\/100\n|\n|upkeep\n|turn|23\n|\n|t:|1700358180\n|switch|p2a: Biggie|Incineroar, F|100\/100\n|-ability|p2a: Biggie|Intimidate|boost\n|-unboost|p1a: Decidueye|atk|1\n|move|p1a: Decidueye|Shadow Ball|p2a: Biggie\n|-resisted|p2a: Biggie\n|-damage|p2a: Biggie|86\/100\n|\n|upkeep\n|turn|24\n|\n|t:|1700358191\n|switch|p1a: Dragonite|Dragonite, M|88\/100\n|move|p2a: Biggie|Darkest Lariat|p1a: Dragonite\n|-damage|p1a: Dragonite|49\/100\n|\n|upkeep\n|turn|25\n|\n|t:|1700358205\n|move|p1a: Dragonite|Dragon Claw|p2a: Biggie\n|-damage|p2a: Biggie|43\/100\n|move|p2a: Biggie|Darkest Lariat|p1a: Dragonite\n|-damage|p1a: Dragonite|6\/100\n|\n|upkeep\n|turn|26\n|\n|t:|1700358212\n|move|p1a: Dragonite|Dragon Claw|p2a: Biggie\n|-damage|p2a: Biggie|0 fnt\n|faint|p2a: Biggie\n|\n|upkeep\n|\n|t:|1700358216\n|switch|p2a: Ember|Talonflame, F|100\/100\n|turn|27\n|\n|t:|1700358221\n|move|p2a: Ember|U-turn|p1a: Dragonite\n|-resisted|p1a: Dragonite\n|-damage|p1a: Dragonite|0 fnt\n|faint|p1a: Dragonite\n|\n|t:|1700358226\n|switch|p2a: Capsie|Scovillain, M|100\/100|[from] U-turn\n|\n|upkeep\n|\n|t:|1700358231\n|switch|p1a: Lucario|Lucario, M, shiny|100\/100\n|turn|28\n|\n|t:|1700358238\n|move|p2a: Capsie|Substitute|p2a: Capsie\n|-start|p2a: Capsie|Substitute\n|-damage|p2a: Capsie|75\/100\n|move|p1a: Lucario|Earthquake|p2a: Capsie\n|-end|p2a: Capsie|Substitute\n|\n|-heal|p2a: Capsie|82\/100|[from] item: Leftovers\n|upkeep\n|turn|29\n|\n|t:|1700358247\n|move|p2a: Capsie|Leech Seed|p1a: Lucario\n|-start|p1a: Lucario|move: Leech Seed\n|move|p1a: Lucario|Earthquake|p2a: Capsie\n|-damage|p2a: Capsie|37\/100\n|\n|-heal|p2a: Capsie|43\/100|[from] item: Leftovers\n|-damage|p1a: Lucario|88\/100|[from] Leech Seed|[of] p2a: Capsie\n|-heal|p2a: Capsie|56\/100|[silent]\n|upkeep\n|turn|30\n|\n|t:|1700358255\n|move|p2a: Capsie|Substitute|p2a: Capsie\n|-start|p2a: Capsie|Substitute\n|-damage|p2a: Capsie|31\/100\n|move|p1a: Lucario|Earthquake|p2a: Capsie\n|-end|p2a: Capsie|Substitute\n|\n|-heal|p2a: Capsie|38\/100|[from] item: Leftovers\n|-damage|p1a: Lucario|76\/100|[from] Leech Seed|[of] p2a: Capsie\n|-heal|p2a: Capsie|51\/100|[silent]\n|upkeep\n|turn|31\n|\n|t:|1700358266\n|move|p2a: Capsie|Protect|p2a: Capsie\n|-singleturn|p2a: Capsie|Protect\n|move|p1a: Lucario|Earthquake|p2a: Capsie\n|-activate|p2a: Capsie|move: Protect\n|\n|-heal|p2a: Capsie|57\/100|[from] item: Leftovers\n|-damage|p1a: Lucario|64\/100|[from] Leech Seed|[of] p2a: Capsie\n|-heal|p2a: Capsie|71\/100|[silent]\n|upkeep\n|turn|32\n|\n|t:|1700358280\n|move|p2a: Capsie|Giga Drain|p1a: Lucario\n|-resisted|p1a: Lucario\n|-damage|p1a: Lucario|44\/100\n|-heal|p2a: Capsie|82\/100|[from] drain|[of] p1a: Lucario\n|move|p1a: Lucario|Earthquake|p2a: Capsie\n|-damage|p2a: Capsie|38\/100\n|\n|-heal|p2a: Capsie|44\/100|[from] item: Leftovers\n|-damage|p1a: Lucario|31\/100|[from] Leech Seed|[of] p2a: Capsie\n|-heal|p2a: Capsie|58\/100|[silent]\n|upkeep\n|turn|33\n|\n|t:|1700358293\n|switch|p1a: Charizard|Charizard, F, shiny|76\/100\n|move|p2a: Capsie|Protect||[still]\n|-fail|p2a: Capsie\n|\n|-heal|p2a: Capsie|64\/100|[from] item: Leftovers\n|upkeep\n|turn|34\n|\n|t:|1700358300\n|move|p2a: Capsie|Leech Seed|p1a: Charizard\n|-start|p1a: Charizard|move: Leech Seed\n|move|p1a: Charizard|Fly||[still]\n|-prepare|p1a: Charizard|Fly\n|\n|-heal|p2a: Capsie|70\/100|[from] item: Leftovers\n|-damage|p1a: Charizard|64\/100|[from] Leech Seed|[of] p2a: Capsie\n|-heal|p2a: Capsie|85\/100|[silent]\n|upkeep\n|turn|35\n|\n|t:|1700358308\n|move|p2a: Capsie|Substitute|p2a: Capsie\n|-start|p2a: Capsie|Substitute\n|-damage|p2a: Capsie|60\/100\n|move|p1a: Charizard|Fly|p2a: Capsie|[from]lockedmove\n|-supereffective|p2a: Capsie\n|-end|p2a: Capsie|Substitute\n|\n|-heal|p2a: Capsie|66\/100|[from] item: Leftovers\n|-damage|p1a: Charizard|51\/100|[from] Leech Seed|[of] p2a: Capsie\n|-heal|p2a: Capsie|80\/100|[silent]\n|upkeep\n|turn|36\n|\n|t:|1700358320\n|switch|p1a: Umbreon|Umbreon, F, shiny|38\/100 tox\n|move|p2a: Capsie|Giga Drain|p1a: Umbreon\n|-damage|p1a: Umbreon|15\/100 tox\n|-heal|p2a: Capsie|95\/100|[from] drain|[of] p1a: Umbreon\n|\n|-heal|p2a: Capsie|100\/100|[from] item: Leftovers\n|-damage|p1a: Umbreon|9\/100 tox|[from] psn\n|upkeep\n|turn|37\n|\n|t:|1700358331\n|move|p2a: Capsie|Protect|p2a: Capsie\n|-singleturn|p2a: Capsie|Protect\n|move|p1a: Umbreon|Iron Tail|p2a: Capsie\n|-activate|p2a: Capsie|move: Protect\n|\n|-damage|p1a: Umbreon|0 fnt|[from] psn\n|faint|p1a: Umbreon\n|upkeep\n|\n|t:|1700358340\n|switch|p1a: Decidueye|Decidueye, F, shiny|86\/100\n|turn|38\n|\n|t:|1700358349\n|switch|p2a: Ember|Talonflame, F|100\/100\n|switch|p1a: Charizard|Charizard, F, shiny|51\/100\n|\n|upkeep\n|turn|39\n|\n|t:|1700358356\n|move|p2a: Ember|U-turn|p1a: Charizard\n|-resisted|p1a: Charizard\n|-damage|p1a: Charizard|45\/100\n|\n|t:|1700358361\n|switch|p2a: Trick|Dunsparce, M|100\/100|[from] U-turn\n|move|p1a: Charizard|Fly||[still]\n|-prepare|p1a: Charizard|Fly\n|\n|upkeep\n|turn|40\n|\n|t:|1700358371\n|move|p1a: Charizard|Fly|p2a: Trick|[from]lockedmove\n|-damage|p2a: Trick|86\/100\n|move|p2a: Trick|Coil|p2a: Trick\n|-boost|p2a: Trick|atk|1\n|-boost|p2a: Trick|def|1\n|-boost|p2a: Trick|accuracy|1\n|\n|upkeep\n|turn|41\n|\n|t:|1700358378\n|move|p1a: Charizard|Overheat|p2a: Trick\n|-damage|p2a: Trick|47\/100\n|-unboost|p1a: Charizard|spa|2\n|move|p2a: Trick|Coil|p2a: Trick\n|-boost|p2a: Trick|atk|1\n|-boost|p2a: Trick|def|1\n|-boost|p2a: Trick|accuracy|1\n|\n|upkeep\n|turn|42\n|\n|t:|1700358389\n|detailschange|p1a: Charizard|Charizard-Mega-X, F, shiny\n|-mega|p1a: Charizard|Charizard|Charizardite X\n|move|p1a: Charizard|Overheat|p2a: Trick\n|-damage|p2a: Trick|27\/100\n|-unboost|p1a: Charizard|spa|2\n|move|p2a: Trick|Glare|p1a: Charizard\n|-status|p1a: Charizard|par\n|\n|upkeep\n|turn|43\n|\n|t:|1700358399\n|move|p1a: Charizard|Fire Blast|p2a: Trick|[miss]\n|-miss|p1a: Charizard|p2a: Trick\n|move|p2a: Trick|Roost|p2a: Trick\n|-heal|p2a: Trick|77\/100\n|-singleturn|p2a: Trick|move: Roost\n|\n|upkeep\n|turn|44\n|\n|t:|1700358407\n|move|p1a: Charizard|Fire Blast|p2a: Trick\n|-damage|p2a: Trick|66\/100\n|move|p2a: Trick|Hyper Drill|p1a: Charizard\n|-damage|p1a: Charizard|0 fnt\n|faint|p1a: Charizard\n|\n|upkeep\n|\n|t:|1700358415\n|switch|p1a: Decidueye|Decidueye, F, shiny|86\/100\n|turn|45\n|\n|t:|1700358419\n|move|p1a: Decidueye|Leaf Blade|p2a: Trick\n|-damage|p2a: Trick|55\/100\n|move|p2a: Trick|Glare|p1a: Decidueye\n|-status|p1a: Decidueye|par\n|\n|upkeep\n|turn|46\n|\n|t:|1700358426\n|move|p2a: Trick|Roost|p2a: Trick\n|-heal|p2a: Trick|100\/100\n|-singleturn|p2a: Trick|move: Roost\n|cant|p1a: Decidueye|par\n|\n|upkeep\n|turn|47\n|\n|t:|1700358434\n|switch|p2a: Ember|Talonflame, F|100\/100\n|move|p1a: Decidueye|Solar Beam||[still]\n|-prepare|p1a: Decidueye|Solar Beam\n|\n|upkeep\n|turn|48\n|\n|t:|1700358443\n|move|p2a: Ember|Flare Blitz|p1a: Decidueye\n|-supereffective|p1a: Decidueye\n|-damage|p1a: Decidueye|0 fnt\n|faint|p1a: Decidueye\n|-damage|p2a: Ember|70\/100|[from] Recoil\n|\n|upkeep\n|\n|t:|1700358450\n|switch|p1a: Lucario|Lucario, M, shiny|31\/100\n|turn|49\n|\n|t:|1700358456\n|move|p2a: Ember|Brave Bird|p1a: Lucario\n|-damage|p1a: Lucario|0 fnt\n|faint|p1a: Lucario\n|-damage|p2a: Ember|59\/100|[from] Recoil\n|\n|win|Bandyy00xx\n|raw|Felypekkkk's rating: 1057 &rarr; <strong>1037<\/strong><br \/>(-20 for losing)\n|raw|Bandyy00xx's rating: 1022 &rarr; <strong>1062<\/strong><br \/>(+40 for winning)\n|c|\u2606Bandyy00xx|Gg\n|l|\u2606Felypekkkk\n","uploadtime":1700358473,"views":7,"p1id":"felypekkkk","p2id":"bandyy00xx","formatid":"gen9nationaldex","rating":1037,"private":0,"password":""}