{"id":"gen9nationaldex-1999593083","p1":"AesirEcho","p2":"Bulka4000","format":"[Gen 9] National Dex","log":"|html|<div class=\"broadcast-blue\"><strong>[Gen 9] National Dex is currently suspecting Sneasler! For information on how to participate check out the <a href=\"https:\/\/www.smogon.com\/forums\/threads\/sv-national-dex-suspect-8-just-dance.3731534\/\">suspect thread<\/a>.<\/strong><\/div>\n|j|\u2606AesirEcho\n|j|\u2606Bulka4000\n|t:|1701099361\n|gametype|singles\n|player|p1|AesirEcho|ethan-masters|\n|player|p2|Bulka4000|265|\n|teamsize|p1|6\n|teamsize|p2|6\n|gen|9\n|tier|[Gen 9] National Dex\n|rule|HP Percentage Mod: HP is shown in percentages\n|rule|Endless Battle Clause: Forcing endless battles is banned\n|rule|OHKO Clause: OHKO moves are banned\n|rule|Evasion Clause: Evasion abilities, items, and moves are banned\n|rule|Evasion Abilities Clause: Evasion abilities are banned\n|rule|Evasion Items Clause: Evasion items are banned\n|rule|Evasion Moves Clause: Evasion moves are banned\n|rule|Species Clause: Limit one of each Pok\u00e9mon\n|rule|Sleep Clause Mod: Limit one foe put to sleep\n|clearpoke\n|poke|p1|Diancie|\n|poke|p1|Tapu Lele|\n|poke|p1|Ferrothorn, M|\n|poke|p1|Samurott-Hisui, M|\n|poke|p1|Heatran, M|\n|poke|p1|Tornadus-Therian, M|\n|poke|p2|Gengar, M|\n|poke|p2|Zamazenta-*|\n|poke|p2|Garchomp, M|\n|poke|p2|Ting-Lu|\n|poke|p2|Skeledirge, F|\n|poke|p2|Rotom-Wash|\n|teampreview\n|\n|t:|1701099378\n|start\n|switch|p1a: Tapu Lele|Tapu Lele|100\/100\n|switch|p2a: Zamazenta|Zamazenta|100\/100\n|-fieldstart|move: Psychic Terrain|[from] ability: Psychic Surge|[of] p1a: Tapu Lele\n|-ability|p2a: Zamazenta|Dauntless Shield|boost\n|-boost|p2a: Zamazenta|def|1\n|turn|1\n|\n|t:|1701099395\n|-terastallize|p2a: Zamazenta|Fire\n|move|p1a: Tapu Lele|Psychic|p2a: Zamazenta\n|-damage|p2a: Zamazenta|41\/100\n|move|p2a: Zamazenta|Crunch|p1a: Tapu Lele\n|-damage|p1a: Tapu Lele|62\/100\n|\n|upkeep\n|turn|2\n|\n|t:|1701099409\n|switch|p2a: Ting-Lu|Ting-Lu|100\/100\n|-ability|p2a: Ting-Lu|Vessel of Ruin\n|move|p1a: Tapu Lele|Psychic|p2a: Ting-Lu\n|-immune|p2a: Ting-Lu\n|\n|upkeep\n|turn|3\n|\n|t:|1701099420\n|switch|p1a: Tornadus|Tornadus-Therian, M|100\/100\n|move|p2a: Ting-Lu|Ruination|p1a: Tornadus\n|-damage|p1a: Tornadus|50\/100\n|\n|upkeep\n|turn|4\n|\n|t:|1701099428\n|move|p1a: Tornadus|U-turn|p2a: Ting-Lu\n|-supereffective|p2a: Ting-Lu\n|-damage|p2a: Ting-Lu|84\/100\n|\n|t:|1701099432\n|switch|p1a: Samurott|Samurott-Hisui, M|100\/100|[from] U-turn\n|move|p2a: Ting-Lu|Whirlwind|p1a: Samurott\n|drag|p1a: Ferrothorn|Ferrothorn, M|100\/100\n|\n|-heal|p2a: Ting-Lu|90\/100|[from] item: Leftovers\n|upkeep\n|turn|5\n|\n|t:|1701099444\n|move|p2a: Ting-Lu|Ruination|p1a: Ferrothorn\n|-damage|p1a: Ferrothorn|51\/100\n|move|p1a: Ferrothorn|Leech Seed|p2a: Ting-Lu\n|-start|p2a: Ting-Lu|move: Leech Seed\n|\n|-heal|p2a: Ting-Lu|96\/100|[from] item: Leftovers\n|-damage|p2a: Ting-Lu|84\/100|[from] Leech Seed|[of] p1a: Ferrothorn\n|-heal|p1a: Ferrothorn|69\/100|[silent]\n|-fieldend|move: Psychic Terrain\n|upkeep\n|turn|6\n|\n|t:|1701099461\n|switch|p2a: Skeledirge|Skeledirge, F|100\/100\n|move|p1a: Ferrothorn|Knock Off|p2a: Skeledirge\n|-supereffective|p2a: Skeledirge\n|-damage|p2a: Skeledirge|74\/100\n|-enditem|p2a: Skeledirge|Heavy-Duty Boots|[from] move: Knock Off|[of] p1a: Ferrothorn\n|\n|upkeep\n|turn|7\n|\n|t:|1701099472\n|switch|p1a: Diancie|Diancie|100\/100\n|move|p2a: Skeledirge|Torch Song|p1a: Diancie\n|-resisted|p1a: Diancie\n|-damage|p1a: Diancie|84\/100\n|-boost|p2a: Skeledirge|spa|1\n|\n|upkeep\n|turn|8\n|\n|t:|1701099481\n|switch|p2a: Rotom|Rotom-Wash|100\/100\n|detailschange|p1a: Diancie|Diancie-Mega\n|-mega|p1a: Diancie|Diancie|Diancite\n|move|p1a: Diancie|Diamond Storm|p2a: Rotom\n|-damage|p2a: Rotom|61\/100\n|\n|-heal|p2a: Rotom|67\/100|[from] item: Leftovers\n|upkeep\n|turn|9\n|\n|t:|1701099505\n|switch|p1a: Ferrothorn|Ferrothorn, M|69\/100\n|move|p2a: Rotom|Hydro Pump|p1a: Ferrothorn\n|-resisted|p1a: Ferrothorn\n|-damage|p1a: Ferrothorn|53\/100\n|\n|-heal|p2a: Rotom|74\/100|[from] item: Leftovers\n|upkeep\n|turn|10\n|\n|t:|1701099512\n|move|p2a: Rotom|Will-O-Wisp|p1a: Ferrothorn\n|-status|p1a: Ferrothorn|brn\n|move|p1a: Ferrothorn|Power Whip|p2a: Rotom\n|-supereffective|p2a: Rotom\n|-damage|p2a: Rotom|46\/100\n|\n|-heal|p2a: Rotom|52\/100|[from] item: Leftovers\n|-damage|p1a: Ferrothorn|47\/100 brn|[from] brn\n|upkeep\n|turn|11\n|\n|t:|1701099531\n|switch|p2a: Skeledirge|Skeledirge, F|74\/100\n|move|p1a: Ferrothorn|Leech Seed|p2a: Skeledirge\n|-start|p2a: Skeledirge|move: Leech Seed\n|\n|-damage|p2a: Skeledirge|62\/100|[from] Leech Seed|[of] p1a: Ferrothorn\n|-heal|p1a: Ferrothorn|62\/100 brn|[silent]\n|-damage|p1a: Ferrothorn|56\/100 brn|[from] brn\n|upkeep\n|turn|12\n|\n|t:|1701099542\n|switch|p2a: Ting-Lu|Ting-Lu|84\/100\n|-ability|p2a: Ting-Lu|Vessel of Ruin\n|switch|p1a: Diancie|Diancie-Mega|84\/100\n|\n|-heal|p2a: Ting-Lu|90\/100|[from] item: Leftovers\n|upkeep\n|turn|13\n|\n|t:|1701099551\n|move|p1a: Diancie|Stealth Rock|p2a: Ting-Lu\n|-sidestart|p2: Bulka4000|move: Stealth Rock\n|move|p2a: Ting-Lu|Ruination|p1a: Diancie\n|-damage|p1a: Diancie|42\/100\n|\n|-heal|p2a: Ting-Lu|96\/100|[from] item: Leftovers\n|upkeep\n|turn|14\n|\n|t:|1701099566\n|switch|p1a: Tornadus|Tornadus-Therian, M|84\/100\n|move|p2a: Ting-Lu|Earthquake|p1a: Tornadus\n|-immune|p1a: Tornadus\n|\n|-heal|p2a: Ting-Lu|100\/100|[from] item: Leftovers\n|upkeep\n|turn|15\n|\n|t:|1701099572\n|move|p1a: Tornadus|Knock Off|p2a: Ting-Lu\n|-resisted|p2a: Ting-Lu\n|-damage|p2a: Ting-Lu|95\/100\n|-enditem|p2a: Ting-Lu|Leftovers|[from] move: Knock Off|[of] p1a: Tornadus\n|move|p2a: Ting-Lu|Ruination|p1a: Tornadus|[miss]\n|-miss|p2a: Ting-Lu|p1a: Tornadus\n|\n|upkeep\n|turn|16\n|\n|t:|1701099580\n|move|p1a: Tornadus|U-turn|p2a: Ting-Lu\n|-supereffective|p2a: Ting-Lu\n|-damage|p2a: Ting-Lu|80\/100\n|\n|t:|1701099582\n|switch|p1a: Samurott|Samurott-Hisui, M|100\/100|[from] U-turn\n|move|p2a: Ting-Lu|Ruination|p1a: Samurott\n|-damage|p1a: Samurott|51\/100\n|\n|upkeep\n|turn|17\n|\n|t:|1701099589\n|switch|p2a: Rotom|Rotom-Wash|52\/100\n|-damage|p2a: Rotom|39\/100|[from] Stealth Rock\n|move|p1a: Samurott|Razor Shell|p2a: Rotom\n|-resisted|p2a: Rotom\n|-damage|p2a: Rotom|21\/100\n|\n|-heal|p2a: Rotom|27\/100|[from] item: Leftovers\n|upkeep\n|turn|18\n|\n|t:|1701099598\n|move|p1a: Samurott|Ceaseless Edge|p2a: Rotom|[miss]\n|-miss|p1a: Samurott|p2a: Rotom\n|move|p2a: Rotom|Volt Switch|p1a: Samurott\n|-supereffective|p1a: Samurott\n|-crit|p1a: Samurott\n|-damage|p1a: Samurott|0 fnt\n|faint|p1a: Samurott\n|\n|t:|1701099608\n|switch|p2a: Zamazenta|Zamazenta, tera:Fire|41\/100|[from] Volt Switch\n|-damage|p2a: Zamazenta|16\/100|[from] Stealth Rock\n|-enditem|p2a: Zamazenta|Aguav Berry|[eat]\n|-heal|p2a: Zamazenta|49\/100|[from] item: Aguav Berry\n|\n|upkeep\n|\n|t:|1701099619\n|switch|p1a: Tapu Lele|Tapu Lele|62\/100\n|-fieldstart|move: Psychic Terrain|[from] ability: Psychic Surge|[of] p1a: Tapu Lele\n|turn|19\n|\n|t:|1701099625\n|move|p1a: Tapu Lele|Psychic|p2a: Zamazenta\n|-damage|p2a: Zamazenta|0 fnt\n|faint|p2a: Zamazenta\n|\n|upkeep\n|\n|t:|1701099638\n|switch|p2a: Ting-Lu|Ting-Lu|80\/100\n|-damage|p2a: Ting-Lu|74\/100|[from] Stealth Rock\n|-ability|p2a: Ting-Lu|Vessel of Ruin\n|turn|20\n|\n|t:|1701099646\n|switch|p1a: Tornadus|Tornadus-Therian, M|100\/100\n|move|p2a: Ting-Lu|Ruination|p1a: Tornadus\n|-damage|p1a: Tornadus|50\/100\n|\n|upkeep\n|turn|21\n|\n|t:|1701099661\n|move|p1a: Tornadus|U-turn|p2a: Ting-Lu\n|-supereffective|p2a: Ting-Lu\n|-crit|p2a: Ting-Lu\n|-damage|p2a: Ting-Lu|50\/100\n|\n|t:|1701099668\n|switch|p1a: Tapu Lele|Tapu Lele|62\/100|[from] U-turn\n|move|p2a: Ting-Lu|Ruination|p1a: Tapu Lele\n|-damage|p1a: Tapu Lele|31\/100\n|\n|upkeep\n|turn|22\n|\n|t:|1701099674\n|move|p1a: Tapu Lele|Moonblast|p2a: Ting-Lu\n|-supereffective|p2a: Ting-Lu\n|-damage|p2a: Ting-Lu|10\/100\n|move|p2a: Ting-Lu|Earthquake|p1a: Tapu Lele\n|-damage|p1a: Tapu Lele|0 fnt\n|faint|p1a: Tapu Lele\n|\n|upkeep\n|\n|t:|1701099679\n|switch|p1a: Diancie|Diancie-Mega|42\/100\n|turn|23\n|\n|t:|1701099685\n|move|p1a: Diancie|Moonblast|p2a: Ting-Lu\n|-supereffective|p2a: Ting-Lu\n|-damage|p2a: Ting-Lu|0 fnt\n|faint|p2a: Ting-Lu\n|\n|-fieldend|move: Psychic Terrain\n|upkeep\n|\n|t:|1701099694\n|switch|p2a: Rotom|Rotom-Wash|27\/100\n|-damage|p2a: Rotom|14\/100|[from] Stealth Rock\n|turn|24\n|\n|t:|1701099699\n|move|p1a: Diancie|Moonblast|p2a: Rotom\n|-crit|p2a: Rotom\n|-damage|p2a: Rotom|0 fnt\n|faint|p2a: Rotom\n|\n|upkeep\n|\n|t:|1701099714\n|switch|p2a: Skeledirge|Skeledirge, F|62\/100\n|-damage|p2a: Skeledirge|37\/100|[from] Stealth Rock\n|turn|25\n|\n|t:|1701099720\n|move|p1a: Diancie|Diamond Storm|p2a: Skeledirge\n|-supereffective|p2a: Skeledirge\n|-damage|p2a: Skeledirge|0 fnt\n|faint|p2a: Skeledirge\n|\n|upkeep\n|\n|t:|1701099730\n|switch|p2a: Gengar|Gengar, M|100\/100\n|-damage|p2a: Gengar|88\/100|[from] Stealth Rock\n|turn|26\n|\n|t:|1701099735\n|move|p2a: Gengar|Shadow Ball|p1a: Diancie\n|-damage|p1a: Diancie|0 fnt\n|faint|p1a: Diancie\n|\n|upkeep\n|\n|t:|1701099740\n|switch|p1a: Tornadus|Tornadus-Therian, M|84\/100\n|turn|27\n|\n|t:|1701099744\n|move|p2a: Gengar|Shadow Ball|p1a: Tornadus\n|-damage|p1a: Tornadus|43\/100\n|move|p1a: Tornadus|Knock Off|p2a: Gengar\n|-supereffective|p2a: Gengar\n|-damage|p2a: Gengar|7\/100\n|-enditem|p2a: Gengar|Choice Scarf|[from] move: Knock Off|[of] p1a: Tornadus\n|\n|upkeep\n|turn|28\n|\n|t:|1701099766\n|move|p1a: Tornadus|Knock Off|p2a: Gengar\n|-supereffective|p2a: Gengar\n|-damage|p2a: Gengar|0 fnt\n|-start|p1a: Tornadus|Disable|Knock Off|[from] ability: Cursed Body|[of] p2a: Gengar\n|faint|p2a: Gengar\n|\n|upkeep\n|\n|t:|1701099774\n|switch|p2a: Garchomp|Garchomp, M|100\/100\n|-damage|p2a: Garchomp|94\/100|[from] Stealth Rock\n|turn|29\n|\n|t:|1701099792\n|move|p1a: Tornadus|U-turn|p2a: Garchomp\n|-damage|p2a: Garchomp|79\/100\n|-damage|p1a: Tornadus|31\/100|[from] ability: Rough Skin|[of] p2a: Garchomp\n|-damage|p1a: Tornadus|14\/100|[from] item: Rocky Helmet|[of] p2a: Garchomp\n|\n|t:|1701099796\n|switch|p1a: Ferrothorn|Ferrothorn, M|56\/100 brn|[from] U-turn\n|move|p2a: Garchomp|Swords Dance|p2a: Garchomp\n|-boost|p2a: Garchomp|atk|2\n|\n|-damage|p1a: Ferrothorn|50\/100 brn|[from] brn\n|upkeep\n|turn|30\n|\n|t:|1701099805\n|move|p2a: Garchomp|Dragon Claw|p1a: Ferrothorn\n|-resisted|p1a: Ferrothorn\n|-damage|p1a: Ferrothorn|26\/100 brn\n|-damage|p2a: Garchomp|67\/100|[from] ability: Iron Barbs|[of] p1a: Ferrothorn\n|-damage|p2a: Garchomp|51\/100|[from] item: Rocky Helmet|[of] p1a: Ferrothorn\n|move|p1a: Ferrothorn|Leech Seed|p2a: Garchomp\n|-start|p2a: Garchomp|move: Leech Seed\n|\n|-damage|p2a: Garchomp|38\/100|[from] Leech Seed|[of] p1a: Ferrothorn\n|-heal|p1a: Ferrothorn|38\/100 brn|[silent]\n|-damage|p1a: Ferrothorn|32\/100 brn|[from] brn\n|upkeep\n|turn|31\n|\n|t:|1701099822\n|move|p2a: Garchomp|Earthquake|p1a: Ferrothorn\n|-damage|p1a: Ferrothorn|0 fnt\n|faint|p1a: Ferrothorn\n|\n|upkeep\n|\n|t:|1701099826\n|switch|p1a: Tornadus|Tornadus-Therian, M|47\/100\n|turn|32\n|\n|t:|1701099830\n|move|p1a: Tornadus|Hurricane|p2a: Garchomp|[miss]\n|-miss|p1a: Tornadus|p2a: Garchomp\n|move|p2a: Garchomp|Dragon Claw|p1a: Tornadus\n|-damage|p1a: Tornadus|0 fnt\n|faint|p1a: Tornadus\n|\n|upkeep\n|\n|t:|1701099836\n|switch|p1a: Heatran|Heatran, M|100\/100\n|turn|33\n|\n|t:|1701099841\n|-terastallize|p1a: Heatran|Grass\n|move|p2a: Garchomp|Earthquake|p1a: Heatran\n|-resisted|p1a: Heatran\n|-damage|p1a: Heatran|55\/100\n|move|p1a: Heatran|Earth Power|p2a: Garchomp\n|-damage|p2a: Garchomp|9\/100\n|\n|-heal|p1a: Heatran|61\/100|[from] item: Leftovers\n|-damage|p2a: Garchomp|0 fnt|[from] Leech Seed|[of] p1a: Heatran\n|-heal|p1a: Heatran|69\/100|[silent]\n|faint|p2a: Garchomp\n|\n|win|AesirEcho\n|upkeep\n","uploadtime":1701099849,"views":1,"p1id":"aesirecho","p2id":"bulka4000","formatid":"gen9nationaldex","rating":0,"private":0,"password":""}