{"id":"gen9nationaldex-1988734039","p1":"pulsarnyx","p2":"BronzePrince","format":"[Gen 9] National Dex","log":"|j|\u2606pulsarnyx\n|j|\u2606BronzePrince\n|t:|1699756329\n|gametype|singles\n|player|p1|pulsarnyx|lucas|\n|player|p2|BronzePrince|iris|\n|teamsize|p1|6\n|teamsize|p2|6\n|gen|9\n|tier|[Gen 9] National Dex\n|rule|HP Percentage Mod: HP is shown in percentages\n|rule|Endless Battle Clause: Forcing endless battles is banned\n|rule|OHKO Clause: OHKO moves are banned\n|rule|Evasion Clause: Evasion abilities, items, and moves are banned\n|rule|Evasion Abilities Clause: Evasion abilities are banned\n|rule|Evasion Items Clause: Evasion items are banned\n|rule|Evasion Moves Clause: Evasion moves are banned\n|rule|Species Clause: Limit one of each Pok\u00e9mon\n|rule|Sleep Clause Mod: Limit one foe put to sleep\n|clearpoke\n|poke|p1|Zapdos|\n|poke|p1|Blaziken, M|\n|poke|p1|Empoleon, F|\n|poke|p1|Porygon-Z|\n|poke|p1|Archeops, F|\n|poke|p1|Decidueye, M|\n|poke|p2|Sigilyph, F|\n|poke|p2|Tornadus-Therian, M|\n|poke|p2|Archeops, M|\n|poke|p2|Oricorio-Pom-Pom, M|\n|poke|p2|Cresselia, F|\n|poke|p2|Flamigo, F|\n|teampreview\n|c|\u2606pulsarnyx|ello\n|c|\u2606pulsarnyx|glhf\n|c|\u2606BronzePrince|We meet again\n|\n|t:|1699756398\n|start\n|switch|p1a: Trinitas|Empoleon, F|100\/100\n|switch|p2a: Zapdos Hater|Archeops, M|100\/100\n|turn|1\n|j| Pinoygoy\n|c| Pinoygoy|birbs of a feather\n|\n|t:|1699756456\n|switch|p2a: Cress (gym leader)|Cresselia, F|100\/100\n|move|p1a: Trinitas|Hydro Pump|p2a: Cress (gym leader)\n|-damage|p2a: Cress (gym leader)|64\/100\n|\n|-heal|p2a: Cress (gym leader)|70\/100|[from] item: Leftovers\n|upkeep\n|turn|2\n|\n|t:|1699756465\n|move|p2a: Cress (gym leader)|Calm Mind|p2a: Cress (gym leader)\n|-boost|p2a: Cress (gym leader)|spa|1\n|-boost|p2a: Cress (gym leader)|spd|1\n|move|p1a: Trinitas|Stealth Rock|p2a: Cress (gym leader)\n|-sidestart|p2: BronzePrince|move: Stealth Rock\n|\n|-heal|p2a: Cress (gym leader)|76\/100|[from] item: Leftovers\n|upkeep\n|turn|3\n|j| Ant12131\n|\n|t:|1699756471\n|switch|p1a: Quilliam|Decidueye, M|100\/100\n|move|p2a: Cress (gym leader)|Calm Mind|p2a: Cress (gym leader)\n|-boost|p2a: Cress (gym leader)|spa|1\n|-boost|p2a: Cress (gym leader)|spd|1\n|\n|-heal|p2a: Cress (gym leader)|82\/100|[from] item: Leftovers\n|upkeep\n|turn|4\n|c| Pinoygoy|cresslia is a bird?\n|c|\u2606pulsarnyx|it counts, i checked\n|c| Pinoygoy|huh unexpected, neat\n|c|\u2606pulsarnyx|also i make the rules >:3\n|c| Pinoygoy|i call hax\n|\n|t:|1699756506\n|-terastallize|p2a: Cress (gym leader)|Electric\n|move|p1a: Quilliam|Poltergeist|p2a: Cress (gym leader)\n|-activate|p2a: Cress (gym leader)|move: Poltergeist|Leftovers\n|-damage|p2a: Cress (gym leader)|50\/100\n|-damage|p1a: Quilliam|91\/100|[from] item: Life Orb\n|move|p2a: Cress (gym leader)|Ice Beam|p1a: Quilliam\n|-supereffective|p1a: Quilliam\n|-damage|p1a: Quilliam|21\/100\n|\n|-heal|p2a: Cress (gym leader)|56\/100|[from] item: Leftovers\n|upkeep\n|turn|5\n|\n|t:|1699756521\n|move|p1a: Quilliam|Poltergeist|p2a: Cress (gym leader)|[miss]\n|-miss|p1a: Quilliam|p2a: Cress (gym leader)\n|move|p2a: Cress (gym leader)|Moonlight|p2a: Cress (gym leader)\n|-heal|p2a: Cress (gym leader)|100\/100\n|\n|upkeep\n|turn|6\n|\n|t:|1699756525\n|move|p1a: Quilliam|Leaf Blade|p2a: Cress (gym leader)\n|-damage|p2a: Cress (gym leader)|75\/100\n|-damage|p1a: Quilliam|11\/100|[from] item: Life Orb\n|move|p2a: Cress (gym leader)|Calm Mind|p2a: Cress (gym leader)\n|-boost|p2a: Cress (gym leader)|spa|1\n|-boost|p2a: Cress (gym leader)|spd|1\n|\n|-heal|p2a: Cress (gym leader)|81\/100|[from] item: Leftovers\n|upkeep\n|turn|7\n|\n|t:|1699756533\n|move|p1a: Quilliam|Poltergeist|p2a: Cress (gym leader)|[miss]\n|-miss|p1a: Quilliam|p2a: Cress (gym leader)\n|move|p2a: Cress (gym leader)|Calm Mind|p2a: Cress (gym leader)\n|-boost|p2a: Cress (gym leader)|spa|1\n|-boost|p2a: Cress (gym leader)|spd|1\n|\n|-heal|p2a: Cress (gym leader)|87\/100|[from] item: Leftovers\n|upkeep\n|turn|8\n|\n|t:|1699756540\n|move|p1a: Quilliam|Poltergeist|p2a: Cress (gym leader)\n|-activate|p2a: Cress (gym leader)|move: Poltergeist|Leftovers\n|-damage|p2a: Cress (gym leader)|56\/100\n|-damage|p1a: Quilliam|1\/100|[from] item: Life Orb\n|move|p2a: Cress (gym leader)|Ice Beam|p1a: Quilliam\n|-supereffective|p1a: Quilliam\n|-damage|p1a: Quilliam|0 fnt\n|faint|p1a: Quilliam\n|\n|-heal|p2a: Cress (gym leader)|62\/100|[from] item: Leftovers\n|upkeep\n|c|\u2606pulsarnyx|quilliam we are going to have words after this\n|\n|t:|1699756547\n|switch|p1a: Debbie Downer|Archeops, F|100\/100\n|turn|9\n|c|\u2606BronzePrince|quilliam needs to be benched for that one\n|\n|t:|1699756558\n|-terastallize|p1a: Debbie Downer|Rock\n|move|p1a: Debbie Downer|Head Smash|p2a: Cress (gym leader)\n|-damage|p2a: Cress (gym leader)|0 fnt\n|faint|p2a: Cress (gym leader)\n|-damage|p1a: Debbie Downer|54\/100|[from] Recoil\n|\n|upkeep\n|c| Pinoygoy|oh the power\n|\n|t:|1699756587\n|switch|p2a: I need a good mon|Tornadus-Therian, M|100\/100\n|turn|10\n|\n|t:|1699756598\n|switch|p1a: Stormfeather|Zapdos|100\/100\n|move|p2a: I need a good mon|U-turn|p1a: Stormfeather\n|-resisted|p1a: Stormfeather\n|-damage|p1a: Stormfeather|91\/100\n|\n|t:|1699756604\n|switch|p2a: Zapdos Hater|Archeops, M|100\/100|[from] U-turn\n|-damage|p2a: Zapdos Hater|76\/100|[from] Stealth Rock\n|\n|upkeep\n|turn|11\n|\n|t:|1699756610\n|switch|p1a: Trinitas|Empoleon, F|100\/100\n|move|p2a: Zapdos Hater|Stone Edge|p1a: Trinitas\n|-resisted|p1a: Trinitas\n|-damage|p1a: Trinitas|73\/100\n|\n|-heal|p1a: Trinitas|79\/100|[from] item: Leftovers\n|upkeep\n|turn|12\n|\n|t:|1699756621\n|switch|p2a: Cheerleader|Oricorio-Pom-Pom, M|100\/100\n|move|p1a: Trinitas|Hydro Pump|p2a: Cheerleader\n|-damage|p2a: Cheerleader|31\/100\n|\n|-heal|p1a: Trinitas|85\/100|[from] item: Leftovers\n|upkeep\n|turn|13\n|\n|t:|1699756632\n|move|p2a: Cheerleader|Roost|p2a: Cheerleader\n|-heal|p2a: Cheerleader|81\/100\n|-singleturn|p2a: Cheerleader|move: Roost\n|move|p1a: Trinitas|Ice Beam|p2a: Cheerleader\n|-damage|p2a: Cheerleader|40\/100\n|-status|p2a: Cheerleader|frz\n|\n|-heal|p1a: Trinitas|91\/100|[from] item: Leftovers\n|upkeep\n|turn|14\n|c|\u2606pulsarnyx|yikes...\n|c|\u2606pulsarnyx|my b\n|\n|t:|1699756653\n|cant|p2a: Cheerleader|frz\n|move|p1a: Trinitas|Ice Beam|p2a: Cheerleader\n|-supereffective|p2a: Cheerleader\n|-damage|p2a: Cheerleader|0 fnt\n|faint|p2a: Cheerleader\n|\n|-heal|p1a: Trinitas|97\/100|[from] item: Leftovers\n|upkeep\n|\n|t:|1699756656\n|switch|p2a: FLAMIGO MODE|Flamigo, F|100\/100\n|turn|15\n|\n|t:|1699756670\n|switch|p1a: Stormfeather|Zapdos|91\/100\n|move|p2a: FLAMIGO MODE|Close Combat|p1a: Stormfeather\n|-resisted|p1a: Stormfeather\n|-damage|p1a: Stormfeather|58\/100\n|-unboost|p2a: FLAMIGO MODE|def|1\n|-unboost|p2a: FLAMIGO MODE|spd|1\n|\n|upkeep\n|turn|16\n|\n|t:|1699756685\n|switch|p2a: THE GOAT|Sigilyph, F|100\/100\n|-damage|p2a: THE GOAT|76\/100|[from] Stealth Rock\n|move|p1a: Stormfeather|Discharge|p2a: THE GOAT\n|-supereffective|p2a: THE GOAT\n|-damage|p2a: THE GOAT|0 fnt\n|faint|p2a: THE GOAT\n|\n|upkeep\n|\n|t:|1699756693\n|switch|p2a: Zapdos Hater|Archeops, M|76\/100\n|-damage|p2a: Zapdos Hater|51\/100|[from] Stealth Rock\n|turn|17\n|\n|t:|1699756704\n|switch|p1a: Trinitas|Empoleon, F|97\/100\n|move|p2a: Zapdos Hater|Air Slash|p1a: Trinitas\n|-resisted|p1a: Trinitas\n|-damage|p1a: Trinitas|85\/100\n|\n|-heal|p1a: Trinitas|91\/100|[from] item: Leftovers\n|upkeep\n|turn|18\n|\n|t:|1699756713\n|move|p2a: Zapdos Hater|Air Slash|p1a: Trinitas|[miss]\n|-miss|p2a: Zapdos Hater|p1a: Trinitas\n|move|p1a: Trinitas|Ice Beam|p2a: Zapdos Hater\n|-supereffective|p2a: Zapdos Hater\n|-damage|p2a: Zapdos Hater|0 fnt\n|faint|p2a: Zapdos Hater\n|\n|-heal|p1a: Trinitas|97\/100|[from] item: Leftovers\n|upkeep\n|c|\u2606pulsarnyx|crikey\n|\n|t:|1699756718\n|switch|p2a: I need a good mon|Tornadus-Therian, M|100\/100\n|turn|19\n|\n|t:|1699756729\n|move|p2a: I need a good mon|Heat Wave|p1a: Trinitas\n|-damage|p1a: Trinitas|73\/100\n|move|p1a: Trinitas|Ice Beam|p2a: I need a good mon\n|-supereffective|p2a: I need a good mon\n|-damage|p2a: I need a good mon|32\/100\n|-status|p2a: I need a good mon|frz\n|\n|-heal|p1a: Trinitas|79\/100|[from] item: Leftovers\n|upkeep\n|turn|20\n|c|\u2606pulsarnyx|salt in the wound...\n|\n|t:|1699756740\n|cant|p2a: I need a good mon|frz\n|move|p1a: Trinitas|Ice Beam|p2a: I need a good mon\n|-supereffective|p2a: I need a good mon\n|-damage|p2a: I need a good mon|0 fnt\n|faint|p2a: I need a good mon\n|\n|-heal|p1a: Trinitas|85\/100|[from] item: Leftovers\n|upkeep\n|c|\u2606BronzePrince|yeah that's a newton game\n|\n|t:|1699756767\n|switch|p2a: FLAMIGO MODE|Flamigo, F|100\/100\n|turn|21\n|\n|t:|1699756770\n|switch|p1a: Stormfeather|Zapdos|58\/100\n|move|p2a: FLAMIGO MODE|Close Combat|p1a: Stormfeather\n|-resisted|p1a: Stormfeather\n|-damage|p1a: Stormfeather|25\/100\n|-unboost|p2a: FLAMIGO MODE|def|1\n|-unboost|p2a: FLAMIGO MODE|spd|1\n|\n|upkeep\n|turn|22\n|\n|t:|1699756772\n|move|p1a: Stormfeather|Hurricane|p2a: FLAMIGO MODE|[miss]\n|-miss|p1a: Stormfeather|p2a: FLAMIGO MODE\n|move|p2a: FLAMIGO MODE|Close Combat|p1a: Stormfeather\n|-resisted|p1a: Stormfeather\n|-damage|p1a: Stormfeather|0 fnt\n|-unboost|p2a: FLAMIGO MODE|def|1\n|-unboost|p2a: FLAMIGO MODE|spd|1\n|-status|p2a: FLAMIGO MODE|par|[from] ability: Static|[of] p1a: Stormfeather\n|faint|p1a: Stormfeather\n|\n|upkeep\n|c|\u2606pulsarnyx|geniuine misclick moment\n|\n|t:|1699756781\n|switch|p1a: Trinitas|Empoleon, F|85\/100\n|turn|23\n|\n|t:|1699756783\n|move|p1a: Trinitas|Ice Beam|p2a: FLAMIGO MODE\n|-supereffective|p2a: FLAMIGO MODE\n|-damage|p2a: FLAMIGO MODE|0 fnt\n|faint|p2a: FLAMIGO MODE\n|\n|win|pulsarnyx\n|c|\u2606pulsarnyx|ggs\n|l|\u2606BronzePrince\n","uploadtime":1699756796,"views":27,"p1id":"pulsarnyx","p2id":"bronzeprince","formatid":"gen9nationaldex","rating":0,"private":0,"password":""}