{"id":"gen9nationaldex-1988626018","p1":"jsygfsk","p2":"ErikGS31","format":"[Gen 9] National Dex","log":"|j|\u203djsygfsk\n|j|\u2606ErikGS31\n|t:|1699743446\n|gametype|singles\n|player|p1|jsygfsk|plasmagruntf-gen5bw|1000\n|player|p2|ErikGS31|pokemonranger-gen4|1050\n|teamsize|p1|6\n|teamsize|p2|6\n|gen|9\n|tier|[Gen 9] National Dex\n|rated|\n|rule|HP Percentage Mod: HP is shown in percentages\n|rule|Endless Battle Clause: Forcing endless battles is banned\n|rule|OHKO Clause: OHKO moves are banned\n|rule|Evasion Clause: Evasion abilities, items, and moves are banned\n|rule|Evasion Abilities Clause: Evasion abilities are banned\n|rule|Evasion Items Clause: Evasion items are banned\n|rule|Evasion Moves Clause: Evasion moves are banned\n|rule|Species Clause: Limit one of each Pok\u00e9mon\n|rule|Sleep Clause Mod: Limit one foe put to sleep\n|clearpoke\n|poke|p1|Darmanitan, M|\n|poke|p1|Tapu Koko|\n|poke|p1|Scizor, M|\n|poke|p1|Weavile, F|\n|poke|p1|Tapu Lele|\n|poke|p1|Blacephalon|\n|poke|p2|Espeon, F|\n|poke|p2|Venusaur, F|\n|poke|p2|Golem, M|\n|poke|p2|Ampharos, F|\n|poke|p2|Arcanine, M|\n|poke|p2|Azumarill, M|\n|teampreview\n|inactive|Battle timer is ON: inactive players will automatically lose when time's up. (requested by ErikGS31)\n|\n|t:|1699743462\n|start\n|switch|p1a: Darmanitan|Darmanitan, M|100\/100\n|switch|p2a: Pietro|Golem, M|100\/100\n|turn|1\n|\n|t:|1699743473\n|move|p1a: Darmanitan|Iron Head|p2a: Pietro\n|-supereffective|p2a: Pietro\n|-damage|p2a: Pietro|40\/100\n|-enditem|p2a: Pietro|Weakness Policy\n|-boost|p2a: Pietro|atk|2|[from] item: Weakness Policy\n|-boost|p2a: Pietro|spa|2|[from] item: Weakness Policy\n|move|p2a: Pietro|Stealth Rock|p1a: Darmanitan\n|-sidestart|p1: jsygfsk|move: Stealth Rock\n|\n|upkeep\n|turn|2\n|\n|t:|1699743479\n|move|p1a: Darmanitan|Iron Head|p2a: Pietro\n|-supereffective|p2a: Pietro\n|-damage|p2a: Pietro|0 fnt\n|faint|p2a: Pietro\n|\n|upkeep\n|\n|t:|1699743484\n|switch|p2a: Caspio|Azumarill, M|100\/100\n|turn|3\n|\n|t:|1699743489\n|switch|p1a: Tapu Koko|Tapu Koko|100\/100\n|-damage|p1a: Tapu Koko|88\/100|[from] Stealth Rock\n|-fieldstart|move: Electric Terrain|[from] ability: Electric Surge|[of] p1a: Tapu Koko\n|-zpower|p2a: Caspio\n|move|p2a: Caspio|Z-Belly Drum|p2a: Caspio|[anim]Belly Drum\n|-damage|p2a: Caspio|50\/100\n|-setboost|p2a: Caspio|atk|6|[from] move: Belly Drum\n|\n|upkeep\n|turn|4\n|\n|t:|1699743501\n|move|p2a: Caspio|Aqua Jet|p1a: Tapu Koko\n|-damage|p1a: Tapu Koko|0 fnt\n|faint|p1a: Tapu Koko\n|\n|upkeep\n|\n|t:|1699743510\n|switch|p1a: Scizor|Scizor, M|100\/100\n|-damage|p1a: Scizor|88\/100|[from] Stealth Rock\n|turn|5\n|\n|t:|1699743519\n|detailschange|p1a: Scizor|Scizor-Mega, M\n|-mega|p1a: Scizor|Scizor|Scizorite\n|move|p1a: Scizor|Bullet Punch|p2a: Caspio\n|-damage|p2a: Caspio|16\/100\n|move|p2a: Caspio|Liquidation|p1a: Scizor\n|-damage|p1a: Scizor|0 fnt\n|faint|p1a: Scizor\n|\n|upkeep\n|\n|t:|1699743534\n|switch|p1a: Weavile|Weavile, F|100\/100\n|-damage|p1a: Weavile|76\/100|[from] Stealth Rock\n|-ability|p1a: Weavile|Pressure\n|turn|6\n|\n|t:|1699743539\n|move|p1a: Weavile|Ice Shard|p2a: Caspio\n|-resisted|p2a: Caspio\n|-damage|p2a: Caspio|7\/100\n|move|p2a: Caspio|Aqua Jet|p1a: Weavile\n|-damage|p1a: Weavile|0 fnt\n|faint|p1a: Weavile\n|\n|upkeep\n|-message|jsygfsk forfeited.\n|\n|win|ErikGS31\n|raw|jsygfsk's rating: 1000 &rarr; <strong>1000<\/strong><br \/>(+0 for losing)\n|raw|ErikGS31's rating: 1050 &rarr; <strong>1078<\/strong><br \/>(+28 for winning)\n|l|\u203djsygfsk\n","uploadtime":1699743549,"views":8,"p1id":"jsygfsk","p2id":"erikgs31","formatid":"gen9nationaldex","rating":1000,"private":0,"password":""}