{"id":"gen9nationaldex-1992656136","p1":"Jinbishanshanshan","p2":"ghostkinggengar","format":"[Gen 9] National Dex","log":"|j|\u2606Jinbishanshanshan\n|j|\u2606ghostkinggengar\n|t:|1700221217\n|gametype|singles\n|player|p1|Jinbishanshanshan|lillie-z|1492\n|player|p2|ghostkinggengar|swimmerf|1606\n|teamsize|p1|6\n|teamsize|p2|6\n|gen|9\n|tier|[Gen 9] National Dex\n|rated|\n|rule|HP Percentage Mod: HP is shown in percentages\n|rule|Endless Battle Clause: Forcing endless battles is banned\n|rule|OHKO Clause: OHKO moves are banned\n|rule|Evasion Clause: Evasion abilities, items, and moves are banned\n|rule|Evasion Abilities Clause: Evasion abilities are banned\n|rule|Evasion Items Clause: Evasion items are banned\n|rule|Evasion Moves Clause: Evasion moves are banned\n|rule|Species Clause: Limit one of each Pok\u00e9mon\n|rule|Sleep Clause Mod: Limit one foe put to sleep\n|clearpoke\n|poke|p1|Rillaboom, M|\n|poke|p1|Heatran, F|\n|poke|p1|Urshifu-*, M|\n|poke|p1|Slowking-Galar, F|\n|poke|p1|Thundurus-Therian, M|\n|poke|p1|Weezing-Galar, F|\n|poke|p2|Alomomola, F|\n|poke|p2|Glimmora, M|\n|poke|p2|Blissey, F|\n|poke|p2|Typhlosion-Hisui, F|\n|poke|p2|Gliscor, F|\n|poke|p2|Great Tusk|\n|teampreview\n|\n|t:|1700221242\n|start\n|switch|p1a: Urshifu|Urshifu-Rapid-Strike, M|100\/100\n|switch|p2a: Glimmora|Glimmora, M|100\/100\n|turn|1\n|inactive|Battle timer is ON: inactive players will automatically lose when time's up. (requested by Jinbishanshanshan)\n|\n|t:|1700221249\n|switch|p2a: Alomomola|Alomomola, F|100\/100\n|move|p1a: Urshifu|Surging Strikes|p2a: Alomomola\n|-resisted|p2a: Alomomola\n|-crit|p2a: Alomomola\n|-damage|p2a: Alomomola|92\/100\n|-damage|p1a: Urshifu|84\/100|[from] item: Rocky Helmet|[of] p2a: Alomomola\n|-resisted|p2a: Alomomola\n|-crit|p2a: Alomomola\n|-damage|p2a: Alomomola|84\/100\n|-damage|p1a: Urshifu|68\/100|[from] item: Rocky Helmet|[of] p2a: Alomomola\n|-resisted|p2a: Alomomola\n|-crit|p2a: Alomomola\n|-damage|p2a: Alomomola|75\/100\n|-damage|p1a: Urshifu|51\/100|[from] item: Rocky Helmet|[of] p2a: Alomomola\n|-hitcount|p2a: Alomomola|3\n|\n|upkeep\n|turn|2\n|inactive|Jinbishanshanshan has 120 seconds left.\n|\n|t:|1700221281\n|switch|p1a: Weezing|Weezing-Galar, F|100\/100\n|move|p2a: Alomomola|Flip Turn|p1a: Weezing\n|-damage|p1a: Weezing|90\/100\n|inactive|ghostkinggengar has 120 seconds left.\n|\n|t:|1700221305\n|switch|p2a: Glimmora|Glimmora, M|100\/100|[from] Flip Turn\n|\n|-heal|p1a: Weezing|96\/100|[from] item: Leftovers\n|upkeep\n|turn|3\n|\n|t:|1700221313\n|move|p2a: Glimmora|Power Gem|p1a: Weezing\n|-damage|p1a: Weezing|38\/100\n|move|p1a: Weezing|Will-O-Wisp|p2a: Glimmora\n|-status|p2a: Glimmora|brn\n|\n|-heal|p1a: Weezing|44\/100|[from] item: Leftovers\n|-damage|p2a: Glimmora|94\/100 brn|[from] brn\n|upkeep\n|turn|4\n|\n|t:|1700221328\n|switch|p1a: Heatran|Heatran, F|100\/100\n|move|p2a: Glimmora|Stealth Rock|p1a: Heatran\n|-sidestart|p1: Jinbishanshanshan|move: Stealth Rock\n|\n|-damage|p2a: Glimmora|88\/100 brn|[from] brn\n|upkeep\n|turn|5\n|inactive|Jinbishanshanshan has 120 seconds left.\n|inactive|ghostkinggengar has 120 seconds left.\n|\n|t:|1700221359\n|switch|p2a: Blissey|Blissey, F|100\/100\n|move|p1a: Heatran|Stealth Rock|p2a: Blissey\n|-sidestart|p2: ghostkinggengar|move: Stealth Rock\n|\n|upkeep\n|turn|6\n|inactive|Jinbishanshanshan has 120 seconds left.\n|\n|t:|1700221367\n|move|p1a: Heatran|Taunt|p2a: Blissey\n|-start|p2a: Blissey|move: Taunt\n|cant|p2a: Blissey|move: Taunt|Thunder Wave\n|\n|upkeep\n|turn|7\n|inactive|ghostkinggengar has 120 seconds left.\n|\n|t:|1700221381\n|switch|p2a: Great Tusk|Great Tusk|100\/100\n|move|p1a: Heatran|Magma Storm|p2a: Great Tusk\n|-damage|p2a: Great Tusk|40\/100\n|-activate|p2a: Great Tusk|move: Magma Storm|[of] p1a: Heatran\n|\n|-damage|p2a: Great Tusk|28\/100|[from] move: Magma Storm|[partiallytrapped]\n|upkeep\n|turn|8\n|inactive|ghostkinggengar has 120 seconds left.\n|inactive|Jinbishanshanshan has 120 seconds left.\n|\n|t:|1700221408\n|switch|p1a: Rillaboom|Rillaboom, M|100\/100\n|-damage|p1a: Rillaboom|88\/100|[from] Stealth Rock\n|-fieldstart|move: Grassy Terrain|[from] ability: Grassy Surge|[of] p1a: Rillaboom\n|move|p2a: Great Tusk|Rapid Spin|p1a: Rillaboom\n|-damage|p1a: Rillaboom|70\/100\n|-boost|p2a: Great Tusk|spe|1\n|-sideend|p2: ghostkinggengar|Stealth Rock|[from] move: Rapid Spin|[of] p2a: Great Tusk\n|-end|p2a: Great Tusk|Magma Storm|[partiallytrapped]\n|\n|-heal|p2a: Great Tusk|34\/100|[from] Grassy Terrain\n|-heal|p1a: Rillaboom|76\/100|[from] Grassy Terrain\n|upkeep\n|turn|9\n|inactive|ghostkinggengar has 120 seconds left.\n|\n|t:|1700221428\n|-end|p2a: Great Tusk|Protosynthesis|[silent]\n|switch|p2a: Glimmora|Glimmora, M|88\/100 brn\n|-terastallize|p1a: Rillaboom|Grass\n|move|p1a: Rillaboom|Grassy Glide|p2a: Glimmora\n|-damage|p2a: Glimmora|0 fnt\n|-activate|p2a: Glimmora|ability: Toxic Debris\n|-sidestart|p1: Jinbishanshanshan|move: Toxic Spikes\n|faint|p2a: Glimmora\n|\n|-heal|p1a: Rillaboom|82\/100|[from] Grassy Terrain\n|upkeep\n|\n|t:|1700221442\n|switch|p2a: Typhlosion|Typhlosion-Hisui, F|100\/100\n|-item|p1a: Rillaboom|Choice Band|[from] ability: Frisk|[of] p2a: Typhlosion|[identify]\n|turn|10\n|\n|t:|1700221453\n|switch|p2a: Gliscor|Gliscor, F|100\/100\n|switch|p1a: Heatran|Heatran, F|100\/100\n|-damage|p1a: Heatran|88\/100|[from] Stealth Rock\n|\n|-heal|p1a: Heatran|94\/100|[from] Grassy Terrain\n|-heal|p1a: Heatran|100\/100|[from] item: Leftovers\n|-status|p2a: Gliscor|tox|[from] item: Toxic Orb\n|upkeep\n|turn|11\n|\n|t:|1700221459\n|switch|p1a: Weezing|Weezing-Galar, F|44\/100\n|-damage|p1a: Weezing|32\/100|[from] Stealth Rock\n|move|p2a: Gliscor|Earthquake|p1a: Weezing\n|-immune|p1a: Weezing|[from] ability: Levitate\n|\n|-heal|p1a: Weezing|38\/100|[from] item: Leftovers\n|upkeep\n|turn|12\n|inactive|ghostkinggengar has 120 seconds left.\n|\n|t:|1700221468\n|switch|p2a: Typhlosion|Typhlosion-Hisui, F|100\/100\n|-item|p1a: Weezing|Leftovers|[from] ability: Frisk|[of] p2a: Typhlosion|[identify]\n|move|p1a: Weezing|Defog|p2a: Typhlosion\n|-unboost|p2a: Typhlosion|evasion|1\n|-sideend|p1: Jinbishanshanshan|Toxic Spikes|[from] move: Defog|[of] p1a: Weezing\n|-sideend|p1: Jinbishanshanshan|Stealth Rock|[from] move: Defog|[of] p1a: Weezing\n|-fieldend|move: Grassy Terrain\n|\n|-heal|p1a: Weezing|44\/100|[from] item: Leftovers\n|upkeep\n|turn|13\n|inactive|ghostkinggengar has 120 seconds left.\n|inactive|Jinbishanshanshan has 120 seconds left.\n|\n|t:|1700221500\n|switch|p1a: Heatran|Heatran, F|100\/100\n|move|p2a: Typhlosion|Focus Blast|p1a: Heatran\n|-supereffective|p1a: Heatran\n|-damage|p1a: Heatran|48\/100\n|\n|-heal|p1a: Heatran|54\/100|[from] item: Leftovers\n|upkeep\n|turn|14\n|inactive|ghostkinggengar has 120 seconds left.\n|\n|t:|1700221521\n|move|p2a: Typhlosion|Focus Blast|p1a: Heatran\n|-supereffective|p1a: Heatran\n|-damage|p1a: Heatran|9\/100\n|move|p1a: Heatran|Stealth Rock|p2a: Typhlosion\n|-sidestart|p2: ghostkinggengar|move: Stealth Rock\n|\n|-heal|p1a: Heatran|16\/100|[from] item: Leftovers\n|upkeep\n|turn|15\n|\n|t:|1700221529\n|move|p2a: Typhlosion|Focus Blast|p1a: Heatran\n|-supereffective|p1a: Heatran\n|-crit|p1a: Heatran\n|-damage|p1a: Heatran|0 fnt\n|faint|p1a: Heatran\n|\n|upkeep\n|inactive|Jinbishanshanshan has 90 seconds left.\n|inactive|Jinbishanshanshan has 60 seconds left.\n|\n|t:|1700221587\n|switch|p1a: Slowking|Slowking-Galar, F|100\/100\n|turn|16\n|\n|t:|1700221591\n|switch|p2a: Gliscor|Gliscor, F|100\/100 tox\n|-damage|p2a: Gliscor|88\/100 tox|[from] Stealth Rock\n|move|p1a: Slowking|Future Sight|p2a: Gliscor\n|-start|p1a: Slowking|move: Future Sight\n|\n|-heal|p2a: Gliscor|100\/100 tox|[from] ability: Poison Heal\n|upkeep\n|turn|17\n|\n|t:|1700221603\n|move|p2a: Gliscor|Defog|p1a: Slowking\n|-unboost|p1a: Slowking|evasion|1\n|-sideend|p2: ghostkinggengar|Stealth Rock|[from] move: Defog|[of] p2a: Gliscor\n|move|p1a: Slowking|Chilly Reception|p1a: Slowking\n|-weather|Snow\n|inactive|Jinbishanshanshan has 60 seconds left.\n|\n|t:|1700221613\n|switch|p1a: Rillaboom|Rillaboom, M, tera:Grass|82\/100|[from] Chilly Reception\n|-fieldstart|move: Grassy Terrain|[from] ability: Grassy Surge|[of] p1a: Rillaboom\n|\n|-weather|Snow|[upkeep]\n|-heal|p1a: Rillaboom|88\/100|[from] Grassy Terrain\n|upkeep\n|turn|18\n|inactive|Jinbishanshanshan has 60 seconds left.\n|\n|t:|1700221630\n|move|p1a: Rillaboom|Wood Hammer|p2a: Gliscor\n|-damage|p2a: Gliscor|0 fnt\n|faint|p2a: Gliscor\n|-damage|p1a: Rillaboom|54\/100|[from] Recoil\n|\n|-weather|Snow|[upkeep]\n|-hint|Future Sight did not hit because the target is fainted.\n|-heal|p1a: Rillaboom|60\/100|[from] Grassy Terrain\n|upkeep\n|\n|t:|1700221650\n|switch|p2a: Typhlosion|Typhlosion-Hisui, F|100\/100\n|-item|p1a: Rillaboom|Choice Band|[from] ability: Frisk|[of] p2a: Typhlosion|[identify]\n|turn|19\n|inactive|Jinbishanshanshan has 60 seconds left.\n|\n|t:|1700221662\n|switch|p1a: Slowking|Slowking-Galar, F|100\/100\n|-terastallize|p2a: Typhlosion|Fire\n|move|p2a: Typhlosion|Eruption|p1a: Slowking\n|-damage|p1a: Slowking|27\/100\n|\n|-weather|Snow|[upkeep]\n|-heal|p1a: Slowking|33\/100|[from] Grassy Terrain\n|upkeep\n|turn|20\n|inactive|Jinbishanshanshan has 60 seconds left.\n|\n|t:|1700221694\n|move|p2a: Typhlosion|Eruption|p1a: Slowking\n|-damage|p1a: Slowking|0 fnt\n|faint|p1a: Slowking\n|\n|-weather|Snow|[upkeep]\n|upkeep\n|\n|t:|1700221699\n|switch|p1a: Thundurus|Thundurus-Therian, M|100\/100\n|turn|21\n|\n|t:|1700221717\n|switch|p2a: Blissey|Blissey, F|100\/100\n|move|p1a: Thundurus|Volt Switch|p2a: Blissey\n|-crit|p2a: Blissey\n|-damage|p2a: Blissey|80\/100\n|\n|t:|1700221722\n|switch|p1a: Rillaboom|Rillaboom, M, tera:Grass|60\/100|[from] Volt Switch\n|\n|-weather|none\n|-heal|p1a: Rillaboom|66\/100|[from] Grassy Terrain\n|-heal|p2a: Blissey|86\/100|[from] Grassy Terrain\n|-heal|p2a: Blissey|92\/100|[from] item: Leftovers\n|-fieldend|move: Grassy Terrain\n|upkeep\n|turn|22\n|\n|t:|1700221737\n|switch|p2a: Great Tusk|Great Tusk|34\/100\n|move|p1a: Rillaboom|U-turn|p2a: Great Tusk\n|-resisted|p2a: Great Tusk\n|-crit|p2a: Great Tusk\n|-damage|p2a: Great Tusk|12\/100\n|inactive|Jinbishanshanshan has 30 seconds left.\n|\n|t:|1700221754\n|switch|p1a: Urshifu|Urshifu-Rapid-Strike, M|51\/100|[from] U-turn\n|\n|upkeep\n|turn|23\n|\n|t:|1700221759\n|-end|p2a: Great Tusk|Protosynthesis|[silent]\n|switch|p2a: Alomomola|Alomomola, F|100\/100\n|move|p1a: Urshifu|U-turn|p2a: Alomomola\n|-damage|p2a: Alomomola|77\/100\n|-damage|p1a: Urshifu|35\/100|[from] item: Rocky Helmet|[of] p2a: Alomomola\n|inactive|Jinbishanshanshan has 30 seconds left.\n|\n|t:|1700221772\n|switch|p1a: Rillaboom|Rillaboom, M, tera:Grass|66\/100|[from] U-turn\n|-fieldstart|move: Grassy Terrain|[from] ability: Grassy Surge|[of] p1a: Rillaboom\n|\n|-heal|p1a: Rillaboom|73\/100|[from] Grassy Terrain\n|-heal|p2a: Alomomola|83\/100|[from] Grassy Terrain\n|upkeep\n|turn|24\n|inactive|Jinbishanshanshan has 30 seconds left.\n|\n|t:|1700221788\n|move|p2a: Alomomola|Protect|p2a: Alomomola\n|-singleturn|p2a: Alomomola|Protect\n|move|p1a: Rillaboom|Grassy Glide|p2a: Alomomola\n|-activate|p2a: Alomomola|move: Protect\n|\n|-heal|p1a: Rillaboom|79\/100|[from] Grassy Terrain\n|-heal|p2a: Alomomola|89\/100|[from] Grassy Terrain\n|upkeep\n|turn|25\n|\n|t:|1700221797\n|switch|p2a: Great Tusk|Great Tusk|12\/100\n|move|p1a: Rillaboom|Grassy Glide|p2a: Great Tusk\n|-supereffective|p2a: Great Tusk\n|-damage|p2a: Great Tusk|0 fnt\n|faint|p2a: Great Tusk\n|-end|p2a: Great Tusk|Protosynthesis|[silent]\n|\n|-heal|p1a: Rillaboom|85\/100|[from] Grassy Terrain\n|upkeep\n|\n|t:|1700221799\n|switch|p2a: Typhlosion|Typhlosion-Hisui, F, tera:Fire|100\/100\n|-item|p1a: Rillaboom|Choice Band|[from] ability: Frisk|[of] p2a: Typhlosion|[identify]\n|turn|26\n|inactive|Jinbishanshanshan has 30 seconds left.\n|inactive|Jinbishanshanshan has 20 seconds left.\n|\n|t:|1700221832\n|switch|p1a: Weezing|Weezing-Galar, F|44\/100\n|move|p2a: Typhlosion|Flamethrower|p1a: Weezing\n|-damage|p1a: Weezing|0 fnt\n|faint|p1a: Weezing\n|\n|upkeep\n|inactive|Jinbishanshanshan has 25 seconds left this turn.\n|inactive|Jinbishanshanshan has 20 seconds left.\n|\n|t:|1700221839\n|switch|p1a: Thundurus|Thundurus-Therian, M|100\/100\n|turn|27\n|inactive|Jinbishanshanshan has 30 seconds left this turn.\n|\n|t:|1700221844\n|move|p1a: Thundurus|Volt Switch|p2a: Typhlosion\n|-damage|p2a: Typhlosion|48\/100\n|inactive|Jinbishanshanshan has 30 seconds left.\n|\n|t:|1700221850\n|switch|p1a: Urshifu|Urshifu-Rapid-Strike, M|35\/100|[from] Volt Switch\n|move|p2a: Typhlosion|Flamethrower|p1a: Urshifu\n|-resisted|p1a: Urshifu\n|-damage|p1a: Urshifu|0 fnt\n|faint|p1a: Urshifu\n|\n|-heal|p2a: Typhlosion|54\/100|[from] Grassy Terrain\n|-fieldend|move: Grassy Terrain\n|upkeep\n|\n|t:|1700221852\n|switch|p1a: Rillaboom|Rillaboom, M, tera:Grass|85\/100\n|-fieldstart|move: Grassy Terrain|[from] ability: Grassy Surge|[of] p1a: Rillaboom\n|turn|28\n|\n|t:|1700221858\n|move|p1a: Rillaboom|Grassy Glide|p2a: Typhlosion\n|-resisted|p2a: Typhlosion\n|-damage|p2a: Typhlosion|0 fnt\n|faint|p2a: Typhlosion\n|\n|-heal|p1a: Rillaboom|91\/100|[from] Grassy Terrain\n|upkeep\n|c|\u2606ghostkinggengar|gg\n|c|\u2606Jinbishanshanshan|gg\n|-message|ghostkinggengar forfeited.\n|\n|win|Jinbishanshanshan\n|raw|Jinbishanshanshan's rating: 1492 &rarr; <strong>1518<\/strong><br \/>(+26 for winning)\n|raw|ghostkinggengar's rating: 1606 &rarr; <strong>1580<\/strong><br \/>(-26 for losing)\n|l|\u2606ghostkinggengar\n","uploadtime":1700221879,"views":4,"p1id":"jinbishanshanshan","p2id":"ghostkinggengar","formatid":"gen9nationaldex","rating":1518,"private":0,"password":""}