{"id":"gen9nationaldex-1991838543","p1":"xiaozhubuaida","p2":"MIMIKYU\u4fa0zannnn","format":"[Gen 9] National Dex","log":"|j|\u2606xiaozhubuaida\n|j|\u2606MIMIKYU\u4fa0zannnn\n|t:|1700126277\n|gametype|singles\n|player|p1|xiaozhubuaida|steven|1302\n|player|p2|MIMIKYU\u4fa0zannnn|iono|1237\n|teamsize|p1|6\n|teamsize|p2|6\n|gen|9\n|tier|[Gen 9] National Dex\n|rated|\n|rule|HP Percentage Mod: HP is shown in percentages\n|rule|Endless Battle Clause: Forcing endless battles is banned\n|rule|OHKO Clause: OHKO moves are banned\n|rule|Evasion Clause: Evasion abilities, items, and moves are banned\n|rule|Evasion Abilities Clause: Evasion abilities are banned\n|rule|Evasion Items Clause: Evasion items are banned\n|rule|Evasion Moves Clause: Evasion moves are banned\n|rule|Species Clause: Limit one of each Pok\u00e9mon\n|rule|Sleep Clause Mod: Limit one foe put to sleep\n|clearpoke\n|poke|p1|Ceruledge, M|\n|poke|p1|Ferrothorn, M|\n|poke|p1|Thundurus, M|\n|poke|p1|Gliscor, F|\n|poke|p1|Samurott-Hisui, M|\n|poke|p1|Gyarados, M|\n|poke|p2|Ditto|\n|poke|p2|Iron Valiant|\n|poke|p2|Tapu Lele|\n|poke|p2|Landorus-Therian, M|\n|poke|p2|Rotom-Heat|\n|poke|p2|Sableye, M|\n|teampreview\n|inactive|Battle timer is ON: inactive players will automatically lose when time's up. (requested by MIMIKYU\u4fa0zannnn)\n|\n|t:|1700126305\n|start\n|switch|p1a: Samurott|Samurott-Hisui, M|100\/100\n|switch|p2a: Ditto|Ditto, shiny|100\/100\n|-transform|p2a: Ditto|p1a: Samurott|[from] ability: Imposter\n|turn|1\n|\n|t:|1700126317\n|switch|p1a: Ceruledge|Ceruledge, M|100\/100\n|move|p2a: Ditto|Ceaseless Edge|p1a: Ceruledge\n|-supereffective|p1a: Ceruledge\n|-damage|p1a: Ceruledge|0 fnt\n|-sidestart|p1: xiaozhubuaida|Spikes\n|faint|p1a: Ceruledge\n|\n|upkeep\n|\n|t:|1700126326\n|switch|p1a: Ferrothorn|Ferrothorn, M|100\/100\n|-damage|p1a: Ferrothorn|88\/100|[from] Spikes\n|turn|2\n|\n|t:|1700126346\n|switch|p2a: Rotom|Rotom-Heat|100\/100\n|move|p1a: Ferrothorn|Stealth Rock|p2a: Rotom\n|-sidestart|p2: MIMIKYU\u4fa0zannnn|move: Stealth Rock\n|\n|-heal|p1a: Ferrothorn|94\/100|[from] item: Leftovers\n|upkeep\n|turn|3\n|\n|t:|1700126356\n|switch|p1a: Gliscor|Gliscor, F|100\/100\n|move|p2a: Rotom|Trick|p1a: Gliscor\n|-activate|p2a: Rotom|move: Trick|[of] p1a: Gliscor\n|-item|p1a: Gliscor|Choice Scarf|[from] move: Trick\n|-item|p2a: Rotom|Toxic Orb|[from] move: Trick\n|\n|-status|p2a: Rotom|tox|[from] item: Toxic Orb\n|upkeep\n|turn|4\n|\n|t:|1700126366\n|switch|p2a: Landorus|Landorus-Therian, M|100\/100\n|-damage|p2a: Landorus|88\/100|[from] Stealth Rock\n|-ability|p2a: Landorus|Intimidate|boost\n|-unboost|p1a: Gliscor|atk|1\n|move|p1a: Gliscor|Protect||[still]\n|-fail|p1a: Gliscor\n|\n|upkeep\n|turn|5\n|\n|t:|1700126378\n|switch|p1a: Gyarados|Gyarados, M|100\/100\n|-ability|p1a: Gyarados|Intimidate|boost\n|-unboost|p2a: Landorus|atk|1\n|move|p2a: Landorus|Defog|p1a: Gyarados\n|-unboost|p1a: Gyarados|evasion|1\n|-sideend|p1: xiaozhubuaida|Spikes|[from] move: Defog|[of] p2a: Landorus\n|-sideend|p2: MIMIKYU\u4fa0zannnn|Stealth Rock|[from] move: Defog|[of] p2a: Landorus\n|\n|upkeep\n|turn|6\n|\n|t:|1700126389\n|move|p1a: Gyarados|Dragon Dance|p1a: Gyarados\n|-boost|p1a: Gyarados|atk|1\n|-boost|p1a: Gyarados|spe|1\n|move|p2a: Landorus|U-turn|p1a: Gyarados\n|-resisted|p1a: Gyarados\n|-damage|p1a: Gyarados|91\/100\n|\n|t:|1700126392\n|switch|p2a: Sableye|Sableye, M|100\/100|[from] U-turn\n|\n|upkeep\n|turn|7\n|\n|t:|1700126399\n|detailschange|p2a: Sableye|Sableye-Mega, M\n|-mega|p2a: Sableye|Sableye|Sablenite\n|move|p1a: Gyarados|Substitute|p1a: Gyarados\n|-start|p1a: Gyarados|Substitute\n|-damage|p1a: Gyarados|66\/100\n|move|p2a: Sableye|Thunder Wave||[still]\n|-fail|p2a: Sableye\n|\n|upkeep\n|turn|8\n|\n|t:|1700126404\n|move|p1a: Gyarados|Dragon Dance|p1a: Gyarados\n|-boost|p1a: Gyarados|atk|1\n|-boost|p1a: Gyarados|spe|1\n|move|p2a: Sableye|Knock Off|p1a: Gyarados\n|-crit|p1a: Gyarados\n|-end|p1a: Gyarados|Substitute\n|\n|upkeep\n|turn|9\n|\n|t:|1700126414\n|detailschange|p1a: Gyarados|Gyarados-Mega, M\n|-mega|p1a: Gyarados|Gyarados|Gyaradosite\n|-ability|p1a: Gyarados|Mold Breaker\n|move|p1a: Gyarados|Crunch|p2a: Sableye\n|-damage|p2a: Sableye|24\/100\n|move|p2a: Sableye|Knock Off|p1a: Gyarados\n|-resisted|p1a: Gyarados\n|-damage|p1a: Gyarados|57\/100\n|\n|upkeep\n|turn|10\n|\n|t:|1700126422\n|move|p1a: Gyarados|Crunch|p2a: Sableye\n|-damage|p2a: Sableye|0 fnt\n|faint|p2a: Sableye\n|\n|upkeep\n|\n|t:|1700126427\n|switch|p2a: Ditto|Ditto, shiny|100\/100\n|-transform|p2a: Ditto|p1a: Gyarados|[from] ability: Imposter\n|-ability|p2a: Ditto|Mold Breaker\n|turn|11\n|inactive|MIMIKYU\u4fa0zannnn has 120 seconds left.\n|\n|t:|1700126459\n|switch|p1a: Ferrothorn|Ferrothorn, M|94\/100\n|move|p2a: Ditto|Waterfall|p1a: Ferrothorn\n|-resisted|p1a: Ferrothorn\n|-damage|p1a: Ferrothorn|64\/100\n|-damage|p2a: Ditto|88\/100|[from] ability: Iron Barbs|[of] p1a: Ferrothorn\n|\n|-heal|p1a: Ferrothorn|71\/100|[from] item: Leftovers\n|upkeep\n|turn|12\n|inactive|MIMIKYU\u4fa0zannnn has 120 seconds left.\n|\n|t:|1700126486\n|switch|p2a: Landorus|Landorus-Therian, M|88\/100\n|-ability|p2a: Landorus|Intimidate|boost\n|-unboost|p1a: Ferrothorn|atk|1\n|move|p1a: Ferrothorn|Leech Seed|p2a: Landorus\n|-start|p2a: Landorus|move: Leech Seed\n|\n|-heal|p1a: Ferrothorn|77\/100|[from] item: Leftovers\n|-damage|p2a: Landorus|76\/100|[from] Leech Seed|[of] p1a: Ferrothorn\n|-heal|p1a: Ferrothorn|90\/100|[silent]\n|upkeep\n|turn|13\n|\n|t:|1700126508\n|switch|p2a: Ditto|Ditto, shiny|88\/100\n|-transform|p2a: Ditto|p1a: Ferrothorn|[from] ability: Imposter\n|move|p1a: Ferrothorn|Gyro Ball|p2a: Ditto\n|-resisted|p2a: Ditto\n|-damage|p2a: Ditto|85\/100\n|-damage|p1a: Ferrothorn|78\/100|[from] ability: Iron Barbs|[of] p2a: Ditto\n|\n|-heal|p1a: Ferrothorn|84\/100|[from] item: Leftovers\n|upkeep\n|turn|14\n|\n|t:|1700126521\n|switch|p2a: Rotom|Rotom-Heat|100\/100 tox\n|switch|p1a: Thundurus|Thundurus, M|100\/100\n|\n|-damage|p2a: Rotom|94\/100 tox|[from] psn\n|upkeep\n|turn|15\n|\n|t:|1700126530\n|move|p1a: Thundurus|Volt Switch|p2a: Rotom\n|-resisted|p2a: Rotom\n|-damage|p2a: Rotom|70\/100 tox\n|\n|t:|1700126533\n|switch|p1a: Gliscor|Gliscor, F|100\/100|[from] Volt Switch\n|move|p2a: Rotom|Trick|p1a: Gliscor\n|-activate|p2a: Rotom|move: Trick|[of] p1a: Gliscor\n|-item|p1a: Gliscor|Toxic Orb|[from] move: Trick\n|-item|p2a: Rotom|Choice Scarf|[from] move: Trick\n|\n|-damage|p2a: Rotom|58\/100 tox|[from] psn\n|-status|p1a: Gliscor|tox|[from] item: Toxic Orb\n|upkeep\n|turn|16\n|inactive|MIMIKYU\u4fa0zannnn has 120 seconds left.\n|c|\u2606xiaozhubuaida|\u5feb\u5feb\u5feb\n|\n|t:|1700126573\n|switch|p2a: Tapu Lele|Tapu Lele|100\/100\n|-fieldstart|move: Psychic Terrain|[from] ability: Psychic Surge|[of] p2a: Tapu Lele\n|move|p1a: Gliscor|Protect||[still]\n|-fail|p1a: Gliscor\n|\n|upkeep\n|turn|17\n|\n|t:|1700126586\n|move|p2a: Tapu Lele|Energy Ball|p1a: Gliscor\n|-damage|p1a: Gliscor|65\/100 tox\n|move|p1a: Gliscor|Earthquake|p2a: Tapu Lele\n|-crit|p2a: Tapu Lele\n|-damage|p2a: Tapu Lele|0 fnt\n|faint|p2a: Tapu Lele\n|\n|-heal|p1a: Gliscor|77\/100 tox|[from] ability: Poison Heal\n|upkeep\n|\n|t:|1700126597\n|switch|p2a: Iron Valiant|Iron Valiant|100\/100\n|-enditem|p2a: Iron Valiant|Booster Energy\n|-activate|p2a: Iron Valiant|ability: Quark Drive|[fromitem]\n|-start|p2a: Iron Valiant|quarkdrivespe\n|turn|18\n|\n|t:|1700126602\n|-terastallize|p1a: Gliscor|Fairy\n|move|p2a: Iron Valiant|Swords Dance|p2a: Iron Valiant\n|-boost|p2a: Iron Valiant|atk|2\n|move|p1a: Gliscor|Earthquake|p2a: Iron Valiant\n|-damage|p2a: Iron Valiant|44\/100\n|\n|-heal|p1a: Gliscor|89\/100 tox|[from] ability: Poison Heal\n|upkeep\n|turn|19\n|inactive|MIMIKYU\u4fa0zannnn has 90 seconds left.\n|\n|t:|1700126637\n|-terastallize|p2a: Iron Valiant|Psychic\n|move|p2a: Iron Valiant|Psycho Cut|p1a: Gliscor\n|-damage|p1a: Gliscor|20\/100 tox\n|move|p1a: Gliscor|Earthquake|p2a: Iron Valiant\n|-damage|p2a: Iron Valiant|0 fnt\n|faint|p2a: Iron Valiant\n|-end|p2a: Iron Valiant|Quark Drive|[silent]\n|\n|-heal|p1a: Gliscor|32\/100 tox|[from] ability: Poison Heal\n|upkeep\n|inactive|MIMIKYU\u4fa0zannnn has 90 seconds left.\n|-message|MIMIKYU\u4fa0zannnn forfeited.\n|\n|win|xiaozhubuaida\n|raw|xiaozhubuaida's rating: 1302 &rarr; <strong>1318<\/strong><br \/>(+16 for winning)\n|raw|MIMIKYU\u4fa0zannnn's rating: 1237 &rarr; <strong>1217<\/strong><br \/>(-20 for losing)\n|l|\u2606MIMIKYU\u4fa0zannnn\n","uploadtime":1700126685,"views":4,"p1id":"xiaozhubuaida","p2id":"mimikyuzannnn","formatid":"gen9nationaldex","rating":1217,"private":0,"password":""}