{"id":"gen9nationaldex-1988579057","p1":"akyraaiko","p2":"Ekkogandr","format":"[Gen 9] National Dex","log":"|j|\u2606akyraaiko\n|j|\u2606Ekkogandr\n|t:|1699738223\n|gametype|singles\n|player|p1|akyraaiko|beauty-gen4dp|\n|player|p2|Ekkogandr|turo-ai|\n|teamsize|p1|6\n|teamsize|p2|6\n|gen|9\n|tier|[Gen 9] National Dex\n|rule|HP Percentage Mod: HP is shown in percentages\n|rule|Endless Battle Clause: Forcing endless battles is banned\n|rule|OHKO Clause: OHKO moves are banned\n|rule|Evasion Clause: Evasion abilities, items, and moves are banned\n|rule|Evasion Abilities Clause: Evasion abilities are banned\n|rule|Evasion Items Clause: Evasion items are banned\n|rule|Evasion Moves Clause: Evasion moves are banned\n|rule|Species Clause: Limit one of each Pok\u00e9mon\n|rule|Sleep Clause Mod: Limit one foe put to sleep\n|clearpoke\n|poke|p1|Iron Moth|\n|poke|p1|Aerodactyl, M|\n|poke|p1|Pikachu-Original, M|\n|poke|p1|Hoopa-Unbound|\n|poke|p1|Lycanroc-Dusk, F|\n|poke|p1|Ting-Lu|\n|poke|p2|Latios, M|\n|poke|p2|Iron Valiant|\n|poke|p2|Urshifu-*, M|\n|poke|p2|Heatran, F|\n|poke|p2|Ferrothorn, M|\n|poke|p2|Landorus-Therian, M|\n|teampreview\n|c|\u2606Ekkogandr|eu odeio hoopa\n|\n|t:|1699738241\n|start\n|switch|p1a: Aerodactyl|Aerodactyl, M|100\/100\n|switch|p2a: Latios|Latios, M|100\/100\n|turn|1\n|\n|t:|1699738254\n|detailschange|p1a: Aerodactyl|Aerodactyl-Mega, M\n|-mega|p1a: Aerodactyl|Aerodactyl|Aerodactylite\n|detailschange|p2a: Latios|Latios-Mega, M\n|-mega|p2a: Latios|Latios|Latiosite\n|move|p1a: Aerodactyl|Rock Blast|p2a: Latios\n|-damage|p2a: Latios|85\/100\n|-damage|p2a: Latios|70\/100\n|-damage|p2a: Latios|55\/100\n|-hitcount|p2a: Latios|3\n|move|p2a: Latios|Draco Meteor|p1a: Aerodactyl\n|-damage|p1a: Aerodactyl|5\/100\n|-unboost|p2a: Latios|spa|2\n|\n|upkeep\n|turn|2\n|\n|t:|1699738268\n|move|p1a: Aerodactyl|Rock Blast|p2a: Latios\n|-damage|p2a: Latios|39\/100\n|-damage|p2a: Latios|22\/100\n|-damage|p2a: Latios|7\/100\n|-hitcount|p2a: Latios|3\n|move|p2a: Latios|Roost|p2a: Latios\n|-heal|p2a: Latios|58\/100\n|-singleturn|p2a: Latios|move: Roost\n|\n|upkeep\n|turn|3\n|\n|t:|1699738281\n|move|p1a: Aerodactyl|Rock Blast|p2a: Latios\n|-damage|p2a: Latios|43\/100\n|-damage|p2a: Latios|28\/100\n|-hitcount|p2a: Latios|2\n|move|p2a: Latios|Psyshock|p1a: Aerodactyl\n|-damage|p1a: Aerodactyl|0 fnt\n|faint|p1a: Aerodactyl\n|\n|upkeep\n|\n|t:|1699738296\n|switch|p1a: Lycanroc|Lycanroc-Dusk, F, shiny|100\/100\n|turn|4\n|c|\u2606akyraaiko|morra nave espacial\n|\n|t:|1699738308\n|switch|p2a: Landorus|Landorus-Therian, M|100\/100\n|-ability|p2a: Landorus|Intimidate|boost\n|-unboost|p1a: Lycanroc|atk|1\n|move|p1a: Lycanroc|Close Combat|p2a: Landorus\n|-resisted|p2a: Landorus\n|-damage|p2a: Landorus|88\/100\n|-unboost|p1a: Lycanroc|def|1\n|-unboost|p1a: Lycanroc|spd|1\n|-damage|p1a: Lycanroc|84\/100|[from] item: Rocky Helmet|[of] p2a: Landorus\n|\n|upkeep\n|turn|5\n|\n|t:|1699738320\n|switch|p1a: Ting-Lu|Ting-Lu|100\/100\n|-ability|p1a: Ting-Lu|Vessel of Ruin\n|move|p2a: Landorus|Earthquake|p1a: Ting-Lu\n|-damage|p1a: Ting-Lu|82\/100\n|\n|-heal|p1a: Ting-Lu|89\/100|[from] item: Leftovers\n|upkeep\n|turn|6\n|\n|t:|1699738324\n|move|p2a: Landorus|Toxic|p1a: Ting-Lu\n|-status|p1a: Ting-Lu|tox\n|move|p1a: Ting-Lu|Stealth Rock|p2a: Landorus\n|-sidestart|p2: Ekkogandr|move: Stealth Rock\n|\n|-heal|p1a: Ting-Lu|95\/100 tox|[from] item: Leftovers\n|-damage|p1a: Ting-Lu|89\/100 tox|[from] psn\n|upkeep\n|turn|7\n|\n|t:|1699738328\n|move|p2a: Landorus|Defog|p1a: Ting-Lu\n|-unboost|p1a: Ting-Lu|evasion|1\n|-sideend|p2: Ekkogandr|Stealth Rock|[from] move: Defog|[of] p2a: Landorus\n|move|p1a: Ting-Lu|Spikes|p2a: Landorus\n|-sidestart|p2: Ekkogandr|Spikes\n|\n|-heal|p1a: Ting-Lu|95\/100 tox|[from] item: Leftovers\n|-damage|p1a: Ting-Lu|82\/100 tox|[from] psn\n|upkeep\n|turn|8\n|\n|t:|1699738334\n|move|p2a: Landorus|Defog|p1a: Ting-Lu\n|-unboost|p1a: Ting-Lu|evasion|1\n|-sideend|p2: Ekkogandr|Spikes|[from] move: Defog|[of] p2a: Landorus\n|move|p1a: Ting-Lu|Stealth Rock|p2a: Landorus\n|-sidestart|p2: Ekkogandr|move: Stealth Rock\n|\n|-heal|p1a: Ting-Lu|89\/100 tox|[from] item: Leftovers\n|-damage|p1a: Ting-Lu|70\/100 tox|[from] psn\n|upkeep\n|turn|9\n|\n|t:|1699738337\n|move|p2a: Landorus|Defog|p1a: Ting-Lu\n|-unboost|p1a: Ting-Lu|evasion|1\n|-sideend|p2: Ekkogandr|Stealth Rock|[from] move: Defog|[of] p2a: Landorus\n|move|p1a: Ting-Lu|Body Press|p2a: Landorus\n|-resisted|p2a: Landorus\n|-damage|p2a: Landorus|78\/100\n|-damage|p1a: Ting-Lu|53\/100 tox|[from] item: Rocky Helmet|[of] p2a: Landorus\n|\n|-heal|p1a: Ting-Lu|60\/100 tox|[from] item: Leftovers\n|-damage|p1a: Ting-Lu|35\/100 tox|[from] psn\n|upkeep\n|turn|10\n|\n|t:|1699738346\n|move|p2a: Landorus|Earthquake|p1a: Ting-Lu\n|-damage|p1a: Ting-Lu|15\/100 tox\n|move|p1a: Ting-Lu|Body Press|p2a: Landorus\n|-resisted|p2a: Landorus\n|-damage|p2a: Landorus|68\/100\n|-damage|p1a: Ting-Lu|0 fnt|[from] item: Rocky Helmet|[of] p2a: Landorus\n|faint|p1a: Ting-Lu\n|\n|upkeep\n|\n|t:|1699738357\n|switch|p1a: Hoopa|Hoopa-Unbound|100\/100\n|turn|11\n|\n|t:|1699738363\n|move|p2a: Landorus|U-turn|p1a: Hoopa\n|-supereffective|p1a: Hoopa\n|-damage|p1a: Hoopa|0 fnt\n|faint|p1a: Hoopa\n|c|\u2606akyraaiko|dor\n|c|\u2606Ekkogandr|blz\n|c|\u2606akyraaiko|pain\n|c|\u2606akyraaiko|esqueci\n|c|\u2606akyraaiko|AAAAAAAAAA\n|\n|t:|1699738380\n|switch|p2a: Urshifu|Urshifu-Rapid-Strike, M|100\/100|[from] U-turn\n|\n|upkeep\n|\n|t:|1699738428\n|switch|p1a: Pikachu|Pikachu-Original, M|100\/100\n|turn|12\n|\n|t:|1699738432\n|move|p2a: Urshifu|Surging Strikes|p1a: Pikachu\n|-crit|p1a: Pikachu\n|-damage|p1a: Pikachu|34\/100\n|-crit|p1a: Pikachu\n|-damage|p1a: Pikachu|0 fnt\n|faint|p1a: Pikachu\n|-hitcount|p1: Pikachu|2\n|\n|upkeep\n|\n|t:|1699738445\n|switch|p1a: Iron Moth|Iron Moth|100\/100\n|turn|13\n|\n|t:|1699738450\n|move|p2a: Urshifu|Surging Strikes|p1a: Iron Moth\n|-supereffective|p1a: Iron Moth\n|-crit|p1a: Iron Moth\n|-damage|p1a: Iron Moth|29\/100\n|-supereffective|p1a: Iron Moth\n|-crit|p1a: Iron Moth\n|-damage|p1a: Iron Moth|0 fnt\n|faint|p1a: Iron Moth\n|-end|p1a: Iron Moth|Quark Drive|[silent]\n|-hitcount|p1: Iron Moth|2\n|\n|upkeep\n|\n|t:|1699738453\n|switch|p1a: Lycanroc|Lycanroc-Dusk, F, shiny|84\/100\n|turn|14\n|\n|t:|1699738459\n|move|p2a: Urshifu|Surging Strikes|p1a: Lycanroc\n|-supereffective|p1a: Lycanroc\n|-crit|p1a: Lycanroc\n|-damage|p1a: Lycanroc|19\/100\n|-supereffective|p1a: Lycanroc\n|-crit|p1a: Lycanroc\n|-damage|p1a: Lycanroc|0 fnt\n|faint|p1a: Lycanroc\n|-hitcount|p1: Lycanroc|2\n|\n|win|Ekkogandr\n|c|\u2606akyraaiko|mais uma\n|c|\u2606Ekkogandr|ok\n","uploadtime":1699738469,"views":4,"p1id":"akyraaiko","p2id":"ekkogandr","formatid":"gen9nationaldex","rating":0,"private":0,"password":""}