{"id":"gen9nationaldex-1993902808","p1":"aerial1804_","p2":"gothstralia","format":"[Gen 9] National Dex","log":"|j|\u2606aerial1804_\n|j|\u2606gothstralia\n|t:|1700372705\n|gametype|singles\n|player|p1|aerial1804_|tate|1070\n|player|p2|gothstralia|janitor|1186\n|teamsize|p1|6\n|teamsize|p2|6\n|gen|9\n|tier|[Gen 9] National Dex\n|rated|\n|rule|HP Percentage Mod: HP is shown in percentages\n|rule|Endless Battle Clause: Forcing endless battles is banned\n|rule|OHKO Clause: OHKO moves are banned\n|rule|Evasion Clause: Evasion abilities, items, and moves are banned\n|rule|Evasion Abilities Clause: Evasion abilities are banned\n|rule|Evasion Items Clause: Evasion items are banned\n|rule|Evasion Moves Clause: Evasion moves are banned\n|rule|Species Clause: Limit one of each Pok\u00e9mon\n|rule|Sleep Clause Mod: Limit one foe put to sleep\n|clearpoke\n|poke|p1|Hippowdon, F|\n|poke|p1|Excadrill, F|\n|poke|p1|Slowbro, F|\n|poke|p1|Ferrothorn, M|\n|poke|p1|Wo-Chien|\n|poke|p1|Tyranitar, M|\n|poke|p2|Salamence, M|\n|poke|p2|Cofagrigus, F|\n|poke|p2|Aegislash, M|\n|poke|p2|Mienshao, M|\n|poke|p2|Starmie|\n|poke|p2|Volcarona, F|\n|teampreview\n|\n|t:|1700372728\n|start\n|switch|p1a: Hippowdon|Hippowdon, F|100\/100\n|switch|p2a: el gato|Mienshao, M|100\/100\n|-weather|Sandstorm|[from] ability: Sand Stream|[of] p1a: Hippowdon\n|turn|1\n|\n|t:|1700372746\n|move|p2a: el gato|Fake Out|p1a: Hippowdon\n|-damage|p1a: Hippowdon|91\/100\n|-damage|p2a: el gato|91\/100|[from] item: Life Orb\n|cant|p1a: Hippowdon|flinch\n|\n|-weather|Sandstorm|[upkeep]\n|-damage|p2a: el gato|85\/100|[from] Sandstorm\n|upkeep\n|turn|2\n|\n|t:|1700372759\n|move|p2a: el gato|Close Combat|p1a: Hippowdon\n|-damage|p1a: Hippowdon|49\/100\n|-unboost|p2a: el gato|def|1\n|-unboost|p2a: el gato|spd|1\n|-damage|p2a: el gato|75\/100|[from] item: Life Orb\n|move|p1a: Hippowdon|Earthquake|p2a: el gato\n|-damage|p2a: el gato|0 fnt\n|faint|p2a: el gato\n|\n|-weather|Sandstorm|[upkeep]\n|upkeep\n|\n|t:|1700372767\n|switch|p2a: spooky hands jr|Aegislash, M|100\/100\n|turn|3\n|\n|t:|1700372771\n|move|p2a: spooky hands jr|Swords Dance|p2a: spooky hands jr\n|-boost|p2a: spooky hands jr|atk|2\n|move|p1a: Hippowdon|Earthquake|p2a: spooky hands jr\n|-supereffective|p2a: spooky hands jr\n|-damage|p2a: spooky hands jr|36\/100\n|\n|-weather|Sandstorm|[upkeep]\n|-heal|p2a: spooky hands jr|42\/100|[from] item: Leftovers\n|upkeep\n|turn|4\n|\n|t:|1700372777\n|move|p2a: spooky hands jr|King's Shield|p2a: spooky hands jr\n|-singleturn|p2a: spooky hands jr|Protect\n|move|p1a: Hippowdon|Earthquake|p2a: spooky hands jr\n|-activate|p2a: spooky hands jr|move: Protect\n|\n|-weather|Sandstorm|[upkeep]\n|-heal|p2a: spooky hands jr|48\/100|[from] item: Leftovers\n|upkeep\n|turn|5\n|\n|t:|1700372786\n|-terastallize|p2a: spooky hands jr|Fighting\n|-formechange|p2a: spooky hands jr|Aegislash-Blade||[from] ability: Stance Change\n|move|p2a: spooky hands jr|Sacred Sword|p1a: Hippowdon\n|-damage|p1a: Hippowdon|0 fnt\n|faint|p1a: Hippowdon\n|\n|-weather|Sandstorm|[upkeep]\n|-damage|p2a: spooky hands jr|42\/100|[from] Sandstorm\n|-heal|p2a: spooky hands jr|48\/100|[from] item: Leftovers\n|upkeep\n|\n|t:|1700372800\n|switch|p1a: Excadrill|Excadrill, F|100\/100\n|turn|6\n|\n|t:|1700372813\n|-formechange|p2a: spooky hands jr|Aegislash||[from] ability: Stance Change\n|move|p2a: spooky hands jr|King's Shield|p2a: spooky hands jr\n|-singleturn|p2a: spooky hands jr|Protect\n|move|p1a: Excadrill|Rock Slide|p2a: spooky hands jr\n|-activate|p2a: spooky hands jr|move: Protect\n|\n|-weather|Sandstorm|[upkeep]\n|-damage|p2a: spooky hands jr|42\/100|[from] Sandstorm\n|-heal|p2a: spooky hands jr|48\/100|[from] item: Leftovers\n|upkeep\n|turn|7\n|\n|t:|1700372823\n|move|p1a: Excadrill|Rock Slide|p2a: spooky hands jr\n|-resisted|p2a: spooky hands jr\n|-damage|p2a: spooky hands jr|30\/100\n|cant|p2a: spooky hands jr|flinch\n|\n|-weather|Sandstorm|[upkeep]\n|-damage|p2a: spooky hands jr|23\/100|[from] Sandstorm\n|-heal|p2a: spooky hands jr|30\/100|[from] item: Leftovers\n|upkeep\n|turn|8\n|\n|t:|1700372838\n|switch|p1a: Slowbro|Slowbro, F|100\/100\n|-formechange|p2a: spooky hands jr|Aegislash-Blade||[from] ability: Stance Change\n|move|p2a: spooky hands jr|Sacred Sword|p1a: Slowbro\n|-resisted|p1a: Slowbro\n|-damage|p1a: Slowbro|58\/100\n|\n|-weather|none\n|-heal|p2a: spooky hands jr|36\/100|[from] item: Leftovers\n|upkeep\n|turn|9\n|\n|t:|1700372843\n|-formechange|p2a: spooky hands jr|Aegislash||[from] ability: Stance Change\n|move|p2a: spooky hands jr|King's Shield|p2a: spooky hands jr\n|-singleturn|p2a: spooky hands jr|Protect\n|move|p1a: Slowbro|Psychic|p2a: spooky hands jr\n|-activate|p2a: spooky hands jr|move: Protect\n|\n|-heal|p2a: spooky hands jr|42\/100|[from] item: Leftovers\n|upkeep\n|turn|10\n|\n|t:|1700372853\n|-formechange|p2a: spooky hands jr|Aegislash-Blade||[from] ability: Stance Change\n|move|p2a: spooky hands jr|Shadow Sneak|p1a: Slowbro\n|-supereffective|p1a: Slowbro\n|-crit|p1a: Slowbro\n|-damage|p1a: Slowbro|0 fnt\n|faint|p1a: Slowbro\n|\n|-heal|p2a: spooky hands jr|48\/100|[from] item: Leftovers\n|upkeep\n|\n|t:|1700372862\n|switch|p1a: Excadrill|Excadrill, F|100\/100\n|turn|11\n|\n|t:|1700372873\n|-formechange|p2a: spooky hands jr|Aegislash||[from] ability: Stance Change\n|move|p2a: spooky hands jr|King's Shield|p2a: spooky hands jr\n|-singleturn|p2a: spooky hands jr|Protect\n|move|p1a: Excadrill|Earthquake|p2a: spooky hands jr\n|-activate|p2a: spooky hands jr|move: Protect\n|\n|-heal|p2a: spooky hands jr|54\/100|[from] item: Leftovers\n|upkeep\n|turn|12\n|\n|t:|1700372882\n|move|p1a: Excadrill|Earthquake|p2a: spooky hands jr\n|-damage|p2a: spooky hands jr|0 fnt\n|faint|p2a: spooky hands jr\n|\n|upkeep\n|\n|t:|1700372896\n|switch|p2a: spooky hands|Cofagrigus, F|100\/100\n|turn|13\n|\n|t:|1700372906\n|move|p1a: Excadrill|Earthquake|p2a: spooky hands\n|-damage|p2a: spooky hands|32\/100\n|move|p2a: spooky hands|Iron Defense|p2a: spooky hands\n|-boost|p2a: spooky hands|def|2\n|\n|-heal|p2a: spooky hands|38\/100|[from] item: Leftovers\n|upkeep\n|turn|14\n|\n|t:|1700372910\n|move|p1a: Excadrill|Earthquake|p2a: spooky hands\n|-damage|p2a: spooky hands|1\/100\n|move|p2a: spooky hands|Body Press|p1a: Excadrill\n|-supereffective|p1a: Excadrill\n|-damage|p1a: Excadrill|0 fnt\n|faint|p1a: Excadrill\n|\n|-heal|p2a: spooky hands|7\/100|[from] item: Leftovers\n|upkeep\n|\n|t:|1700372917\n|switch|p1a: Tyranitar|Tyranitar, M|100\/100\n|-weather|Sandstorm|[from] ability: Sand Stream|[of] p1a: Tyranitar\n|turn|15\n|\n|t:|1700372926\n|detailschange|p1a: Tyranitar|Tyranitar-Mega, M\n|-mega|p1a: Tyranitar|Tyranitar|Tyranitarite\n|move|p1a: Tyranitar|Rock Slide|p2a: spooky hands\n|-damage|p2a: spooky hands|0 fnt\n|faint|p2a: spooky hands\n|\n|-weather|Sandstorm|[upkeep]\n|upkeep\n|\n|t:|1700372940\n|switch|p2a: mommy|Starmie|100\/100\n|turn|16\n|\n|t:|1700372947\n|switch|p1a: Wo-Chien|Wo-Chien|100\/100\n|-ability|p1a: Wo-Chien|Tablets of Ruin\n|move|p2a: mommy|Scald|p1a: Wo-Chien\n|-resisted|p1a: Wo-Chien\n|-damage|p1a: Wo-Chien|88\/100\n|-status|p1a: Wo-Chien|brn\n|\n|-weather|Sandstorm|[upkeep]\n|-damage|p2a: mommy|94\/100|[from] Sandstorm\n|-damage|p1a: Wo-Chien|82\/100 brn|[from] Sandstorm\n|-heal|p1a: Wo-Chien|88\/100 brn|[from] item: Leftovers\n|-damage|p1a: Wo-Chien|82\/100 brn|[from] brn\n|upkeep\n|turn|17\n|\n|t:|1700372960\n|move|p2a: mommy|Ice Beam|p1a: Wo-Chien\n|-supereffective|p1a: Wo-Chien\n|-damage|p1a: Wo-Chien|46\/100 brn\n|move|p1a: Wo-Chien|Knock Off|p2a: mommy\n|-supereffective|p2a: mommy\n|-damage|p2a: mommy|50\/100\n|-enditem|p2a: mommy|Assault Vest|[from] move: Knock Off|[of] p1a: Wo-Chien\n|\n|-weather|Sandstorm|[upkeep]\n|-damage|p2a: mommy|43\/100|[from] Sandstorm\n|-damage|p1a: Wo-Chien|40\/100 brn|[from] Sandstorm\n|-heal|p1a: Wo-Chien|46\/100 brn|[from] item: Leftovers\n|-damage|p1a: Wo-Chien|40\/100 brn|[from] brn\n|upkeep\n|turn|18\n|\n|t:|1700373024\n|move|p2a: mommy|Ice Beam|p1a: Wo-Chien\n|-supereffective|p1a: Wo-Chien\n|-damage|p1a: Wo-Chien|2\/100 brn\n|move|p1a: Wo-Chien|Knock Off|p2a: mommy\n|-supereffective|p2a: mommy\n|-damage|p2a: mommy|12\/100\n|\n|-weather|Sandstorm|[upkeep]\n|-damage|p2a: mommy|6\/100|[from] Sandstorm\n|-damage|p1a: Wo-Chien|0 fnt|[from] Sandstorm\n|faint|p1a: Wo-Chien\n|upkeep\n|\n|t:|1700373036\n|switch|p1a: Ferrothorn|Ferrothorn, M|100\/100\n|turn|19\n|\n|t:|1700373095\n|move|p2a: mommy|Scald|p1a: Ferrothorn\n|-resisted|p1a: Ferrothorn\n|-damage|p1a: Ferrothorn|86\/100\n|move|p1a: Ferrothorn|Leech Seed|p2a: mommy\n|-start|p2a: mommy|move: Leech Seed\n|\n|-weather|none\n|-heal|p1a: Ferrothorn|92\/100|[from] item: Leftovers\n|-damage|p2a: mommy|0 fnt|[from] Leech Seed|[of] p1a: Ferrothorn\n|-heal|p1a: Ferrothorn|97\/100|[silent]\n|faint|p2a: mommy\n|upkeep\n|\n|t:|1700373097\n|switch|p2a: ugabuga|Volcarona, F|100\/100\n|turn|20\n|\n|t:|1700373111\n|switch|p1a: Tyranitar|Tyranitar-Mega, M|100\/100\n|-weather|Sandstorm|[from] ability: Sand Stream|[of] p1a: Tyranitar\n|move|p2a: ugabuga|Quiver Dance|p2a: ugabuga\n|-boost|p2a: ugabuga|spa|1\n|-boost|p2a: ugabuga|spd|1\n|-boost|p2a: ugabuga|spe|1\n|\n|-weather|Sandstorm|[upkeep]\n|-damage|p2a: ugabuga|94\/100|[from] Sandstorm\n|upkeep\n|turn|21\n|\n|t:|1700373168\n|move|p2a: ugabuga|Giga Drain|p1a: Tyranitar\n|-supereffective|p1a: Tyranitar\n|-damage|p1a: Tyranitar|39\/100\n|-heal|p2a: ugabuga|100\/100|[from] drain|[of] p1a: Tyranitar\n|-damage|p2a: ugabuga|91\/100|[from] item: Life Orb\n|move|p1a: Tyranitar|Rock Slide|p2a: ugabuga\n|-supereffective|p2a: ugabuga\n|-damage|p2a: ugabuga|0 fnt\n|faint|p2a: ugabuga\n|\n|-weather|Sandstorm|[upkeep]\n|upkeep\n|\n|t:|1700373171\n|switch|p2a: big dumb lizard|Salamence, M|100\/100\n|turn|22\n|\n|t:|1700373180\n|move|p2a: big dumb lizard|Earthquake|p1a: Tyranitar\n|-supereffective|p1a: Tyranitar\n|-damage|p1a: Tyranitar|0 fnt\n|faint|p1a: Tyranitar\n|-ability|p2a: big dumb lizard|Moxie|boost\n|-boost|p2a: big dumb lizard|atk|1\n|\n|-weather|Sandstorm|[upkeep]\n|-damage|p2a: big dumb lizard|94\/100|[from] Sandstorm\n|upkeep\n|\n|t:|1700373182\n|switch|p1a: Ferrothorn|Ferrothorn, M|97\/100\n|turn|23\n|\n|t:|1700373245\n|move|p1a: Ferrothorn|Protect|p1a: Ferrothorn\n|-singleturn|p1a: Ferrothorn|Protect\n|move|p2a: big dumb lizard|Earthquake|p1a: Ferrothorn\n|-activate|p1a: Ferrothorn|move: Protect\n|\n|-weather|Sandstorm|[upkeep]\n|-damage|p2a: big dumb lizard|88\/100|[from] Sandstorm\n|-heal|p1a: Ferrothorn|100\/100|[from] item: Leftovers\n|upkeep\n|turn|24\n|\n|t:|1700373252\n|-terastallize|p1a: Ferrothorn|Grass\n|move|p2a: big dumb lizard|Dragon Dance|p2a: big dumb lizard\n|-boost|p2a: big dumb lizard|atk|1\n|-boost|p2a: big dumb lizard|spe|1\n|move|p1a: Ferrothorn|Gyro Ball|p2a: big dumb lizard\n|-damage|p2a: big dumb lizard|32\/100\n|\n|-weather|none\n|upkeep\n|turn|25\n|\n|t:|1700373258\n|move|p2a: big dumb lizard|Aerial Ace|p1a: Ferrothorn\n|-supereffective|p1a: Ferrothorn\n|-damage|p1a: Ferrothorn|2\/100\n|-damage|p2a: big dumb lizard|20\/100|[from] ability: Iron Barbs|[of] p1a: Ferrothorn\n|move|p1a: Ferrothorn|Gyro Ball|p2a: big dumb lizard\n|-damage|p2a: big dumb lizard|0 fnt\n|faint|p2a: big dumb lizard\n|\n|win|aerial1804_\n|raw|aerial1804_'s rating: 1070 &rarr; <strong>1109<\/strong><br \/>(+39 for winning)\n|raw|gothstralia's rating: 1186 &rarr; <strong>1153<\/strong><br \/>(-33 for losing)\n|l|\u2606gothstralia\n|c|\u2606aerial1804_|gs\n","uploadtime":1700373266,"views":10,"p1id":"aerial1804","p2id":"gothstralia","formatid":"gen9nationaldex","rating":1109,"private":0,"password":""}