{"id":"gen9nationaldex-1995196723","p1":"cheeseandcake","p2":"Tokiwakano","format":"[Gen 9] National Dex","log":"|html|<div class=\"broadcast-blue\"><strong>[Gen 9] National Dex is currently suspecting Sneasler! For information on how to participate check out the <a href=\"https:\/\/www.smogon.com\/forums\/threads\/sv-national-dex-suspect-8-just-dance.3731534\/\">suspect thread<\/a>.<\/strong><\/div>\n|j|\u2606cheeseandcake\n|j|\u203dTokiwakano\n|t:|1700533447\n|gametype|singles\n|player|p1|cheeseandcake|266|1583\n|player|p2|Tokiwakano|caitlin|1679\n|teamsize|p1|6\n|teamsize|p2|6\n|gen|9\n|tier|[Gen 9] National Dex\n|rated|\n|rule|HP Percentage Mod: HP is shown in percentages\n|rule|Endless Battle Clause: Forcing endless battles is banned\n|rule|OHKO Clause: OHKO moves are banned\n|rule|Evasion Clause: Evasion abilities, items, and moves are banned\n|rule|Evasion Abilities Clause: Evasion abilities are banned\n|rule|Evasion Items Clause: Evasion items are banned\n|rule|Evasion Moves Clause: Evasion moves are banned\n|rule|Species Clause: Limit one of each Pok\u00e9mon\n|rule|Sleep Clause Mod: Limit one foe put to sleep\n|clearpoke\n|poke|p1|Greninja-*, M|\n|poke|p1|Bisharp, M|\n|poke|p1|Lopunny, F|\n|poke|p1|Aegislash, F|\n|poke|p1|Moltres|\n|poke|p1|Clodsire, F|\n|poke|p2|Kyurem|\n|poke|p2|Clodsire, M|\n|poke|p2|Kartana|\n|poke|p2|Corviknight, M|\n|poke|p2|Tapu Lele|\n|poke|p2|Heatran, M|\n|teampreview\n|inactive|Battle timer is ON: inactive players will automatically lose when time's up. (requested by cheeseandcake)\n|\n|t:|1700533460\n|start\n|switch|p1a: Lopunny|Lopunny, F, shiny|100\/100\n|switch|p2a: Tapu Lele|Tapu Lele|100\/100\n|-fieldstart|move: Psychic Terrain|[from] ability: Psychic Surge|[of] p2a: Tapu Lele\n|turn|1\n|\n|t:|1700533470\n|switch|p1a: Aegislash|Aegislash, F, shiny|100\/100\n|move|p2a: Tapu Lele|Future Sight|p1a: Aegislash\n|-start|p2a: Tapu Lele|move: Future Sight\n|\n|upkeep\n|turn|2\n|\n|t:|1700533475\n|switch|p2a: Heatran|Heatran, M|100\/100\n|move|p1a: Aegislash|Substitute|p1a: Aegislash\n|-start|p1a: Aegislash|Substitute\n|-damage|p1a: Aegislash|75\/100\n|\n|-heal|p1a: Aegislash|82\/100|[from] item: Leftovers\n|upkeep\n|turn|3\n|\n|t:|1700533480\n|move|p2a: Heatran|Earth Power|p1a: Aegislash\n|-supereffective|p1a: Aegislash\n|-end|p1a: Aegislash|Substitute\n|-formechange|p1a: Aegislash|Aegislash-Blade||[from] ability: Stance Change\n|move|p1a: Aegislash|Shadow Ball|p2a: Heatran\n|-damage|p2a: Heatran|72\/100\n|\n|-end|p1a: Aegislash|move: Future Sight\n|-resisted|p1a: Aegislash\n|-damage|p1a: Aegislash|8\/100\n|-heal|p2a: Heatran|78\/100|[from] item: Leftovers\n|-heal|p1a: Aegislash|14\/100|[from] item: Leftovers\n|upkeep\n|turn|4\n|\n|t:|1700533490\n|-formechange|p1a: Aegislash|Aegislash||[from] ability: Stance Change\n|move|p1a: Aegislash|King's Shield|p1a: Aegislash\n|-singleturn|p1a: Aegislash|Protect\n|move|p2a: Heatran|Stealth Rock|p1a: Aegislash\n|-sidestart|p1: cheeseandcake|move: Stealth Rock\n|\n|-heal|p2a: Heatran|85\/100|[from] item: Leftovers\n|-heal|p1a: Aegislash|20\/100|[from] item: Leftovers\n|upkeep\n|turn|5\n|\n|t:|1700533497\n|switch|p1a: Clodsire|Clodsire, F|100\/100\n|-damage|p1a: Clodsire|94\/100|[from] Stealth Rock\n|move|p2a: Heatran|Earth Power|p1a: Clodsire\n|-supereffective|p1a: Clodsire\n|-damage|p1a: Clodsire|69\/100\n|\n|-heal|p2a: Heatran|91\/100|[from] item: Leftovers\n|-heal|p1a: Clodsire|75\/100|[from] item: Leftovers\n|-fieldend|move: Psychic Terrain\n|upkeep\n|turn|6\n|\n|t:|1700533505\n|switch|p2a: Kyurem|Kyurem|100\/100\n|-ability|p2a: Kyurem|Pressure\n|move|p1a: Clodsire|Stealth Rock|p2a: Kyurem\n|-sidestart|p2: Tokiwakano|move: Stealth Rock\n|\n|-heal|p1a: Clodsire|81\/100|[from] item: Leftovers\n|upkeep\n|turn|7\n|\n|t:|1700533516\n|switch|p1a: Bisharp|Bisharp, M, shiny|100\/100\n|-damage|p1a: Bisharp|94\/100|[from] Stealth Rock\n|move|p2a: Kyurem|Substitute|p2a: Kyurem\n|-start|p2a: Kyurem|Substitute\n|-damage|p2a: Kyurem|76\/100\n|\n|upkeep\n|turn|8\n|\n|t:|1700533520\n|move|p2a: Kyurem|Icicle Spear|p1a: Bisharp\n|-resisted|p1a: Bisharp\n|-crit|p1a: Bisharp\n|-damage|p1a: Bisharp|89\/100\n|-resisted|p1a: Bisharp\n|-damage|p1a: Bisharp|85\/100\n|-resisted|p1a: Bisharp\n|-damage|p1a: Bisharp|81\/100\n|-resisted|p1a: Bisharp\n|-damage|p1a: Bisharp|78\/100\n|-resisted|p1a: Bisharp\n|-damage|p1a: Bisharp|74\/100\n|-hitcount|p1a: Bisharp|5\n|move|p1a: Bisharp|Iron Head|p2a: Kyurem\n|-supereffective|p2a: Kyurem\n|-end|p2a: Kyurem|Substitute\n|\n|upkeep\n|turn|9\n|\n|t:|1700533529\n|switch|p2a: Corviknight|Corviknight, M|100\/100\n|-damage|p2a: Corviknight|88\/100|[from] Stealth Rock\n|-ability|p2a: Corviknight|Pressure\n|move|p1a: Bisharp|Iron Head|p2a: Corviknight\n|-resisted|p2a: Corviknight\n|-damage|p2a: Corviknight|76\/100\n|-damage|p1a: Bisharp|58\/100|[from] item: Rocky Helmet|[of] p2a: Corviknight\n|\n|upkeep\n|turn|10\n|\n|t:|1700533559\n|switch|p1a: Moltres|Moltres|100\/100\n|move|p2a: Corviknight|Brave Bird|p1a: Moltres\n|-crit|p1a: Moltres\n|-damage|p1a: Moltres|64\/100\n|-damage|p2a: Corviknight|64\/100|[from] Recoil\n|\n|upkeep\n|turn|11\n|\n|t:|1700533567\n|switch|p2a: Heatran|Heatran, M|91\/100\n|-damage|p2a: Heatran|78\/100|[from] Stealth Rock\n|move|p1a: Moltres|Scorching Sands|p2a: Heatran\n|-supereffective|p2a: Heatran\n|-damage|p2a: Heatran|29\/100\n|\n|-heal|p2a: Heatran|35\/100|[from] item: Leftovers\n|upkeep\n|turn|12\n|\n|t:|1700533574\n|move|p1a: Moltres|Defog|p2a: Heatran\n|-unboost|p2a: Heatran|evasion|1\n|-sideend|p2: Tokiwakano|Stealth Rock|[from] move: Defog|[of] p1a: Moltres\n|-sideend|p1: cheeseandcake|Stealth Rock|[from] move: Defog|[of] p1a: Moltres\n|move|p2a: Heatran|Toxic|p1a: Moltres|[miss]\n|-miss|p2a: Heatran|p1a: Moltres\n|\n|-heal|p2a: Heatran|41\/100|[from] item: Leftovers\n|upkeep\n|turn|13\n|\n|t:|1700533582\n|switch|p2a: Clodsire|Clodsire, M|100\/100\n|move|p1a: Moltres|Scorching Sands|p2a: Clodsire\n|-supereffective|p2a: Clodsire\n|-damage|p2a: Clodsire|80\/100\n|-status|p2a: Clodsire|brn\n|\n|-damage|p2a: Clodsire|74\/100 brn|[from] brn\n|upkeep\n|turn|14\n|l|\u203dTokiwakano\n|inactive|Tokiwakano disconnected and has a minute to reconnect!\n|player|p2|\n|j|\u203dTokiwakano\n|inactive|Tokiwakano reconnected and has 125 seconds left.\n|player|p2|Tokiwakano|caitlin\n|n|\u203dTokiwakano|tokiwakano\n|inactive|Tokiwakano has 120 seconds left.\n|\n|t:|1700533619\n|switch|p1a: Aegislash|Aegislash, F, shiny|20\/100\n|move|p2a: Clodsire|Toxic|p1a: Aegislash\n|-immune|p1a: Aegislash\n|\n|-heal|p1a: Aegislash|26\/100|[from] item: Leftovers\n|-damage|p2a: Clodsire|67\/100 brn|[from] brn\n|upkeep\n|turn|15\n|\n|t:|1700533626\n|move|p1a: Aegislash|Substitute|p1a: Aegislash\n|-start|p1a: Aegislash|Substitute\n|-damage|p1a: Aegislash|1\/100\n|move|p2a: Clodsire|Earthquake|p1a: Aegislash\n|-supereffective|p1a: Aegislash\n|-activate|p1a: Aegislash|move: Substitute|[damage]\n|\n|-heal|p1a: Aegislash|7\/100|[from] item: Leftovers\n|-damage|p2a: Clodsire|61\/100 brn|[from] brn\n|upkeep\n|turn|16\n|\n|t:|1700533633\n|move|p1a: Aegislash|King's Shield|p1a: Aegislash\n|-singleturn|p1a: Aegislash|Protect\n|move|p2a: Clodsire|Spikes|p1a: Aegislash\n|-sidestart|p1: cheeseandcake|Spikes\n|\n|-heal|p1a: Aegislash|13\/100|[from] item: Leftovers\n|-damage|p2a: Clodsire|55\/100 brn|[from] brn\n|upkeep\n|turn|17\n|\n|t:|1700533635\n|-formechange|p1a: Aegislash|Aegislash-Blade||[from] ability: Stance Change\n|move|p1a: Aegislash|Shadow Ball|p2a: Clodsire\n|-damage|p2a: Clodsire|28\/100 brn\n|move|p2a: Clodsire|Earthquake|p1a: Aegislash\n|-supereffective|p1a: Aegislash\n|-end|p1a: Aegislash|Substitute\n|\n|-heal|p1a: Aegislash|20\/100|[from] item: Leftovers\n|-damage|p2a: Clodsire|22\/100 brn|[from] brn\n|upkeep\n|turn|18\n|\n|t:|1700533638\n|move|p1a: Aegislash|Shadow Ball|p2a: Clodsire\n|-damage|p2a: Clodsire|0 fnt\n|faint|p2a: Clodsire\n|\n|-heal|p1a: Aegislash|26\/100|[from] item: Leftovers\n|upkeep\n|\n|t:|1700533641\n|switch|p2a: Kartana|Kartana|100\/100\n|turn|19\n|\n|t:|1700533645\n|-formechange|p1a: Aegislash|Aegislash||[from] ability: Stance Change\n|move|p1a: Aegislash|King's Shield|p1a: Aegislash\n|-singleturn|p1a: Aegislash|Protect\n|move|p2a: Kartana|Knock Off|p1a: Aegislash\n|-activate|p1a: Aegislash|move: Protect\n|-unboost|p2a: Kartana|atk|1\n|\n|-heal|p1a: Aegislash|32\/100|[from] item: Leftovers\n|upkeep\n|turn|20\n|\n|t:|1700533651\n|switch|p1a: Lopunny|Lopunny, F, shiny|100\/100\n|-damage|p1a: Lopunny|88\/100|[from] Spikes\n|move|p2a: Kartana|Knock Off|p1a: Lopunny\n|-damage|p1a: Lopunny|62\/100\n|\n|upkeep\n|turn|21\n|\n|t:|1700533654\n|switch|p2a: Corviknight|Corviknight, M|64\/100\n|-ability|p2a: Corviknight|Pressure\n|detailschange|p1a: Lopunny|Lopunny-Mega, F, shiny\n|-mega|p1a: Lopunny|Lopunny|Lopunnite\n|move|p1a: Lopunny|Fake Out|p2a: Corviknight\n|-resisted|p2a: Corviknight\n|-damage|p2a: Corviknight|57\/100\n|-damage|p1a: Lopunny|45\/100|[from] item: Rocky Helmet|[of] p2a: Corviknight\n|\n|upkeep\n|turn|22\n|\n|t:|1700533662\n|switch|p1a: Clodsire|Clodsire, F|81\/100\n|-damage|p1a: Clodsire|69\/100|[from] Spikes\n|move|p2a: Corviknight|Roost|p2a: Corviknight\n|-heal|p2a: Corviknight|100\/100\n|-singleturn|p2a: Corviknight|move: Roost\n|\n|-heal|p1a: Clodsire|75\/100|[from] item: Leftovers\n|upkeep\n|turn|23\n|\n|t:|1700533665\n|move|p2a: Corviknight|Brave Bird|p1a: Clodsire\n|-damage|p1a: Clodsire|33\/100\n|-damage|p2a: Corviknight|84\/100|[from] Recoil\n|move|p1a: Clodsire|Stealth Rock|p2a: Corviknight\n|-sidestart|p2: Tokiwakano|move: Stealth Rock\n|\n|-heal|p1a: Clodsire|39\/100|[from] item: Leftovers\n|upkeep\n|turn|24\n|\n|t:|1700533670\n|move|p2a: Corviknight|U-turn|p1a: Clodsire\n|-resisted|p1a: Clodsire\n|-damage|p1a: Clodsire|31\/100\n|\n|t:|1700533672\n|switch|p2a: Kartana|Kartana|100\/100|[from] U-turn\n|-damage|p2a: Kartana|94\/100|[from] Stealth Rock\n|move|p1a: Clodsire|Recover|p1a: Clodsire\n|-heal|p1a: Clodsire|81\/100\n|\n|-heal|p1a: Clodsire|88\/100|[from] item: Leftovers\n|upkeep\n|turn|25\n|\n|t:|1700533679\n|switch|p1a: Lopunny|Lopunny-Mega, F, shiny|45\/100\n|-damage|p1a: Lopunny|33\/100|[from] Spikes\n|move|p2a: Kartana|Knock Off|p1a: Lopunny\n|-resisted|p1a: Lopunny\n|-damage|p1a: Lopunny|12\/100\n|\n|upkeep\n|turn|26\n|\n|t:|1700533685\n|switch|p1a: Moltres|Moltres|64\/100\n|move|p2a: Kartana|Knock Off|p1a: Moltres\n|-damage|p1a: Moltres|34\/100\n|-enditem|p1a: Moltres|Heavy-Duty Boots|[from] move: Knock Off|[of] p2a: Kartana\n|\n|upkeep\n|turn|27\n|\n|t:|1700533693\n|switch|p2a: Tapu Lele|Tapu Lele|100\/100\n|-damage|p2a: Tapu Lele|88\/100|[from] Stealth Rock\n|-fieldstart|move: Psychic Terrain|[from] ability: Psychic Surge|[of] p2a: Tapu Lele\n|move|p1a: Moltres|Roost|p1a: Moltres\n|-heal|p1a: Moltres|85\/100\n|-singleturn|p1a: Moltres|move: Roost\n|\n|upkeep\n|turn|28\n|\n|t:|1700533702\n|move|p2a: Tapu Lele|Moonblast|p1a: Moltres\n|-resisted|p1a: Moltres\n|-damage|p1a: Moltres|60\/100\n|-unboost|p1a: Moltres|spa|1\n|move|p1a: Moltres|Defog|p2a: Tapu Lele\n|-unboost|p2a: Tapu Lele|evasion|1\n|-sideend|p2: Tokiwakano|Stealth Rock|[from] move: Defog|[of] p1a: Moltres\n|-sideend|p1: cheeseandcake|Spikes|[from] move: Defog|[of] p1a: Moltres\n|-fieldend|move: Psychic Terrain\n|\n|upkeep\n|turn|29\n|\n|t:|1700533706\n|switch|p2a: Kyurem|Kyurem|76\/100\n|-ability|p2a: Kyurem|Pressure\n|move|p1a: Moltres|Roost|p1a: Moltres\n|-heal|p1a: Moltres|100\/100\n|-singleturn|p1a: Moltres|move: Roost\n|\n|upkeep\n|turn|30\n|\n|t:|1700533710\n|switch|p1a: Clodsire|Clodsire, F|88\/100\n|move|p2a: Kyurem|Substitute|p2a: Kyurem\n|-start|p2a: Kyurem|Substitute\n|-damage|p2a: Kyurem|51\/100\n|\n|-heal|p1a: Clodsire|94\/100|[from] item: Leftovers\n|upkeep\n|turn|31\n|\n|t:|1700533721\n|move|p2a: Kyurem|Dragon Dance|p2a: Kyurem\n|-boost|p2a: Kyurem|atk|1\n|-boost|p2a: Kyurem|spe|1\n|move|p1a: Clodsire|Earthquake|p2a: Kyurem\n|-activate|p2a: Kyurem|move: Substitute|[damage]\n|\n|-heal|p1a: Clodsire|99\/100|[from] item: Leftovers\n|upkeep\n|turn|32\n|\n|t:|1700533730\n|switch|p1a: Moltres|Moltres|100\/100\n|move|p2a: Kyurem|Roost|p2a: Kyurem\n|-heal|p2a: Kyurem|100\/100\n|-singleturn|p2a: Kyurem|move: Roost\n|\n|upkeep\n|turn|33\n|\n|t:|1700533734\n|move|p2a: Kyurem|Dragon Dance|p2a: Kyurem\n|-boost|p2a: Kyurem|atk|1\n|-boost|p2a: Kyurem|spe|1\n|move|p1a: Moltres|Flamethrower|p2a: Kyurem\n|-crit|p2a: Kyurem\n|-end|p2a: Kyurem|Substitute\n|\n|upkeep\n|turn|34\n|\n|t:|1700533746\n|move|p2a: Kyurem|Substitute|p2a: Kyurem\n|-start|p2a: Kyurem|Substitute\n|-damage|p2a: Kyurem|76\/100\n|move|p1a: Moltres|Flamethrower|p2a: Kyurem\n|-end|p2a: Kyurem|Substitute\n|\n|upkeep\n|turn|35\n|\n|t:|1700533764\n|-terastallize|p1a: Moltres|Water\n|move|p2a: Kyurem|Substitute|p2a: Kyurem\n|-start|p2a: Kyurem|Substitute\n|-damage|p2a: Kyurem|51\/100\n|move|p1a: Moltres|Flamethrower|p2a: Kyurem\n|-end|p2a: Kyurem|Substitute\n|\n|upkeep\n|turn|36\n|\n|t:|1700533770\n|move|p2a: Kyurem|Roost|p2a: Kyurem\n|-heal|p2a: Kyurem|100\/100\n|-singleturn|p2a: Kyurem|move: Roost\n|move|p1a: Moltres|Flamethrower|p2a: Kyurem\n|-damage|p2a: Kyurem|68\/100\n|\n|upkeep\n|turn|37\n|\n|t:|1700533778\n|move|p2a: Kyurem|Substitute|p2a: Kyurem\n|-start|p2a: Kyurem|Substitute\n|-damage|p2a: Kyurem|43\/100\n|move|p1a: Moltres|Flamethrower|p2a: Kyurem\n|-end|p2a: Kyurem|Substitute\n|\n|upkeep\n|turn|38\n|\n|t:|1700533781\n|move|p2a: Kyurem|Roost|p2a: Kyurem\n|-heal|p2a: Kyurem|93\/100\n|-singleturn|p2a: Kyurem|move: Roost\n|move|p1a: Moltres|Flamethrower|p2a: Kyurem\n|-damage|p2a: Kyurem|57\/100\n|\n|upkeep\n|turn|39\n|\n|t:|1700533785\n|move|p2a: Kyurem|Substitute|p2a: Kyurem\n|-start|p2a: Kyurem|Substitute\n|-damage|p2a: Kyurem|32\/100\n|move|p1a: Moltres|Flamethrower|p2a: Kyurem\n|-end|p2a: Kyurem|Substitute\n|\n|upkeep\n|turn|40\n|\n|t:|1700533790\n|move|p2a: Kyurem|Roost|p2a: Kyurem\n|-heal|p2a: Kyurem|82\/100\n|-singleturn|p2a: Kyurem|move: Roost\n|move|p1a: Moltres|Flamethrower|p2a: Kyurem\n|-damage|p2a: Kyurem|45\/100\n|\n|upkeep\n|turn|41\n|\n|t:|1700533796\n|move|p2a: Kyurem|Substitute|p2a: Kyurem\n|-start|p2a: Kyurem|Substitute\n|-damage|p2a: Kyurem|20\/100\n|move|p1a: Moltres|Flamethrower|p2a: Kyurem\n|-end|p2a: Kyurem|Substitute\n|\n|upkeep\n|turn|42\n|\n|t:|1700533800\n|move|p2a: Kyurem|Roost|p2a: Kyurem\n|-heal|p2a: Kyurem|71\/100\n|-singleturn|p2a: Kyurem|move: Roost\n|move|p1a: Moltres|Flamethrower|p2a: Kyurem\n|-damage|p2a: Kyurem|39\/100\n|\n|upkeep\n|turn|43\n|\n|t:|1700533803\n|move|p2a: Kyurem|Roost|p2a: Kyurem\n|-heal|p2a: Kyurem|89\/100\n|-singleturn|p2a: Kyurem|move: Roost\n|move|p1a: Moltres|Flamethrower|p2a: Kyurem\n|-damage|p2a: Kyurem|56\/100\n|\n|upkeep\n|turn|44\n|\n|t:|1700533805\n|move|p2a: Kyurem|Substitute|p2a: Kyurem\n|-start|p2a: Kyurem|Substitute\n|-damage|p2a: Kyurem|31\/100\n|move|p1a: Moltres|Flamethrower|p2a: Kyurem\n|-end|p2a: Kyurem|Substitute\n|\n|upkeep\n|turn|45\n|\n|t:|1700533812\n|move|p2a: Kyurem|Substitute|p2a: Kyurem\n|-start|p2a: Kyurem|Substitute\n|-damage|p2a: Kyurem|6\/100\n|move|p1a: Moltres|Scorching Sands|p2a: Kyurem\n|-activate|p2a: Kyurem|move: Substitute|[damage]\n|\n|upkeep\n|turn|46\n|\n|t:|1700533815\n|move|p2a: Kyurem|Roost|p2a: Kyurem\n|-heal|p2a: Kyurem|56\/100\n|-singleturn|p2a: Kyurem|move: Roost\n|move|p1a: Moltres|Scorching Sands|p2a: Kyurem\n|-end|p2a: Kyurem|Substitute\n|\n|upkeep\n|turn|47\n|\n|t:|1700533820\n|move|p2a: Kyurem|Substitute|p2a: Kyurem\n|-start|p2a: Kyurem|Substitute\n|-damage|p2a: Kyurem|31\/100\n|move|p1a: Moltres|Scorching Sands|p2a: Kyurem\n|-activate|p2a: Kyurem|move: Substitute|[damage]\n|\n|upkeep\n|turn|48\n|\n|t:|1700533822\n|move|p2a: Kyurem|Dragon Dance|p2a: Kyurem\n|-boost|p2a: Kyurem|atk|1\n|-boost|p2a: Kyurem|spe|1\n|move|p1a: Moltres|Scorching Sands|p2a: Kyurem\n|-end|p2a: Kyurem|Substitute\n|\n|upkeep\n|turn|49\n|\n|t:|1700533830\n|move|p2a: Kyurem|Substitute|p2a: Kyurem\n|-start|p2a: Kyurem|Substitute\n|-damage|p2a: Kyurem|6\/100\n|move|p1a: Moltres|Scorching Sands|p2a: Kyurem\n|-activate|p2a: Kyurem|move: Substitute|[damage]\n|\n|upkeep\n|turn|50\n|\n|t:|1700533832\n|move|p2a: Kyurem|Roost|p2a: Kyurem\n|-heal|p2a: Kyurem|56\/100\n|-singleturn|p2a: Kyurem|move: Roost\n|move|p1a: Moltres|Scorching Sands|p2a: Kyurem\n|-crit|p2a: Kyurem\n|-end|p2a: Kyurem|Substitute\n|\n|upkeep\n|turn|51\n|\n|t:|1700533835\n|move|p2a: Kyurem|Substitute|p2a: Kyurem\n|-start|p2a: Kyurem|Substitute\n|-damage|p2a: Kyurem|31\/100\n|move|p1a: Moltres|Scorching Sands|p2a: Kyurem\n|-activate|p2a: Kyurem|move: Substitute|[damage]\n|\n|upkeep\n|turn|52\n|\n|t:|1700533849\n|move|p2a: Kyurem|Dragon Dance|p2a: Kyurem\n|-boost|p2a: Kyurem|atk|1\n|-boost|p2a: Kyurem|spe|1\n|move|p1a: Moltres|Defog||[still]\n|-fail|p1a: Moltres\n|\n|upkeep\n|turn|53\n|\n|t:|1700533856\n|switch|p1a: Bisharp|Bisharp, M, shiny|58\/100\n|move|p2a: Kyurem|Dragon Dance|p2a: Kyurem\n|-boost|p2a: Kyurem|atk|1\n|-boost|p2a: Kyurem|spe|1\n|\n|upkeep\n|turn|54\n|\n|t:|1700533861\n|move|p2a: Kyurem|Icicle Spear|p1a: Bisharp\n|-resisted|p1a: Bisharp\n|-damage|p1a: Bisharp|44\/100\n|-resisted|p1a: Bisharp\n|-damage|p1a: Bisharp|31\/100\n|-hitcount|p1a: Bisharp|2\n|move|p1a: Bisharp|Iron Head|p2a: Kyurem\n|-supereffective|p2a: Kyurem\n|-end|p2a: Kyurem|Substitute\n|\n|upkeep\n|turn|55\n|\n|t:|1700533869\n|move|p1a: Bisharp|Sucker Punch||[still]\n|-fail|p1a: Bisharp\n|move|p2a: Kyurem|Substitute|p2a: Kyurem\n|-start|p2a: Kyurem|Substitute\n|-damage|p2a: Kyurem|6\/100\n|\n|upkeep\n|turn|56\n|\n|t:|1700533872\n|move|p1a: Bisharp|Sucker Punch|p2a: Kyurem\n|-end|p2a: Kyurem|Substitute\n|move|p2a: Kyurem|Icicle Spear|p1a: Bisharp\n|-resisted|p1a: Bisharp\n|-damage|p1a: Bisharp|19\/100\n|-resisted|p1a: Bisharp\n|-damage|p1a: Bisharp|5\/100\n|-resisted|p1a: Bisharp\n|-damage|p1a: Bisharp|0 fnt\n|faint|p1a: Bisharp\n|-hitcount|p1: Bisharp|3\n|\n|upkeep\n|\n|t:|1700533876\n|switch|p1a: Lopunny|Lopunny-Mega, F, shiny|12\/100\n|turn|57\n|\n|t:|1700533886\n|-terastallize|p2a: Kyurem|Ghost\n|move|p1a: Lopunny|Fake Out|p2a: Kyurem\n|-damage|p2a: Kyurem|0 fnt\n|faint|p2a: Kyurem\n|\n|upkeep\n|\n|t:|1700533899\n|switch|p2a: Kartana|Kartana|94\/100\n|turn|58\n|\n|t:|1700533905\n|switch|p1a: Moltres|Moltres, tera:Water|100\/100\n|move|p2a: Kartana|Leaf Blade|p1a: Moltres\n|-supereffective|p1a: Moltres\n|-damage|p1a: Moltres|22\/100\n|\n|upkeep\n|turn|59\n|\n|t:|1700533914\n|switch|p2a: Heatran|Heatran, M|41\/100\n|move|p1a: Moltres|Roost|p1a: Moltres\n|-heal|p1a: Moltres|72\/100\n|\n|-heal|p2a: Heatran|47\/100|[from] item: Leftovers\n|upkeep\n|turn|60\n|\n|t:|1700533922\n|switch|p1a: Clodsire|Clodsire, F|99\/100\n|move|p2a: Heatran|Stealth Rock|p1a: Clodsire\n|-sidestart|p1: cheeseandcake|move: Stealth Rock\n|\n|-heal|p2a: Heatran|54\/100|[from] item: Leftovers\n|-heal|p1a: Clodsire|100\/100|[from] item: Leftovers\n|upkeep\n|turn|61\n|\n|t:|1700533928\n|move|p2a: Heatran|Magma Storm|p1a: Clodsire\n|-damage|p1a: Clodsire|78\/100\n|-activate|p1a: Clodsire|move: Magma Storm|[of] p2a: Heatran\n|move|p1a: Clodsire|Stealth Rock|p2a: Heatran\n|-sidestart|p2: Tokiwakano|move: Stealth Rock\n|\n|-heal|p2a: Heatran|60\/100|[from] item: Leftovers\n|-heal|p1a: Clodsire|85\/100|[from] item: Leftovers\n|-damage|p1a: Clodsire|72\/100|[from] move: Magma Storm|[partiallytrapped]\n|upkeep\n|turn|62\n|\n|t:|1700533933\n|move|p2a: Heatran|Earth Power|p1a: Clodsire\n|-supereffective|p1a: Clodsire\n|-crit|p1a: Clodsire\n|-damage|p1a: Clodsire|29\/100\n|move|p1a: Clodsire|Earthquake|p2a: Heatran\n|-supereffective|p2a: Heatran\n|-damage|p2a: Heatran|0 fnt\n|faint|p2a: Heatran\n|\n|-heal|p1a: Clodsire|35\/100|[from] item: Leftovers\n|-end|p1a: Clodsire|Magma Storm|[partiallytrapped]|[silent]\n|upkeep\n|\n|t:|1700533945\n|switch|p2a: Kartana|Kartana|94\/100\n|-damage|p2a: Kartana|88\/100|[from] Stealth Rock\n|turn|63\n|\n|t:|1700533960\n|move|p2a: Kartana|Leaf Blade|p1a: Clodsire\n|-damage|p1a: Clodsire|0 fnt\n|faint|p1a: Clodsire\n|-ability|p2a: Kartana|Beast Boost|boost\n|-boost|p2a: Kartana|atk|1\n|\n|upkeep\n|\n|t:|1700533963\n|switch|p1a: Aegislash|Aegislash, F, shiny|32\/100\n|-damage|p1a: Aegislash|26\/100|[from] Stealth Rock\n|turn|64\n|\n|t:|1700533971\n|move|p2a: Kartana|Leaf Blade|p1a: Aegislash\n|-resisted|p1a: Aegislash\n|-damage|p1a: Aegislash|0 fnt\n|faint|p1a: Aegislash\n|-ability|p2a: Kartana|Beast Boost|boost\n|-boost|p2a: Kartana|atk|1\n|\n|upkeep\n|\n|t:|1700533975\n|switch|p1a: Lopunny|Lopunny-Mega, F, shiny|12\/100\n|-damage|p1a: Lopunny|6\/100|[from] Stealth Rock\n|turn|65\n|\n|t:|1700533977\n|move|p1a: Lopunny|Fake Out|p2a: Kartana\n|-resisted|p2a: Kartana\n|-damage|p2a: Kartana|77\/100\n|cant|p2a: Kartana|flinch\n|\n|upkeep\n|turn|66\n|\n|t:|1700533981\n|move|p2a: Kartana|Leaf Blade|p1a: Lopunny\n|-damage|p1a: Lopunny|0 fnt\n|faint|p1a: Lopunny\n|-ability|p2a: Kartana|Beast Boost|boost\n|-boost|p2a: Kartana|atk|1\n|\n|upkeep\n|\n|t:|1700533986\n|switch|p1a: Moltres|Moltres, tera:Water|72\/100\n|-damage|p1a: Moltres|60\/100|[from] Stealth Rock\n|turn|67\n|\n|t:|1700533989\n|move|p2a: Kartana|Leaf Blade|p1a: Moltres\n|-supereffective|p1a: Moltres\n|-damage|p1a: Moltres|0 fnt\n|faint|p1a: Moltres\n|-ability|p2a: Kartana|Beast Boost|boost\n|-boost|p2a: Kartana|atk|1\n|\n|upkeep\n|\n|t:|1700533991\n|switch|p1a: Greninja|Greninja, M|100\/100\n|-damage|p1a: Greninja|88\/100|[from] Stealth Rock\n|turn|68\n|\n|t:|1700533994\n|move|p1a: Greninja|Water Shuriken|p2a: Kartana\n|-resisted|p2a: Kartana\n|-crit|p2a: Kartana\n|-damage|p2a: Kartana|57\/100\n|-resisted|p2a: Kartana\n|-crit|p2a: Kartana\n|-damage|p2a: Kartana|37\/100\n|-resisted|p2a: Kartana\n|-damage|p2a: Kartana|24\/100\n|-resisted|p2a: Kartana\n|-damage|p2a: Kartana|11\/100\n|-hitcount|p2a: Kartana|4\n|-damage|p1a: Greninja|78\/100|[from] item: Life Orb\n|move|p2a: Kartana|Leaf Blade|p1a: Greninja\n|-supereffective|p1a: Greninja\n|-damage|p1a: Greninja|0 fnt\n|faint|p1a: Greninja\n|\n|win|Tokiwakano\n|raw|cheeseandcake's rating: 1583 &rarr; <strong>1568<\/strong><br \/>(-15 for losing)\n|raw|Tokiwakano's rating: 1679 &rarr; <strong>1694<\/strong><br \/>(+15 for winning)\n","uploadtime":1700533998,"views":10,"p1id":"cheeseandcake","p2id":"tokiwakano","formatid":"gen9nationaldex","rating":1568,"private":0,"password":""}