{"id":"gen9nationaldex-1990370472","p1":"ChiogoYoji","p2":"psng","format":"[Gen 9] National Dex","log":"|j|\u2606ChiogoYoji\n|j|\u2606psng\n|t:|1699963395\n|gametype|singles\n|player|p1|ChiogoYoji|roxie|1195\n|player|p2|psng|wallace|1272\n|teamsize|p1|6\n|teamsize|p2|6\n|gen|9\n|tier|[Gen 9] National Dex\n|rated|\n|rule|HP Percentage Mod: HP is shown in percentages\n|rule|Endless Battle Clause: Forcing endless battles is banned\n|rule|OHKO Clause: OHKO moves are banned\n|rule|Evasion Clause: Evasion abilities, items, and moves are banned\n|rule|Evasion Abilities Clause: Evasion abilities are banned\n|rule|Evasion Items Clause: Evasion items are banned\n|rule|Evasion Moves Clause: Evasion moves are banned\n|rule|Species Clause: Limit one of each Pok\u00e9mon\n|rule|Sleep Clause Mod: Limit one foe put to sleep\n|clearpoke\n|poke|p1|Dracozolt|\n|poke|p1|Decidueye, F|\n|poke|p1|Blaziken, M|\n|poke|p1|Empoleon, M|\n|poke|p1|Fezandipiti, M|\n|poke|p1|Pidgeot, F|\n|poke|p2|Pelipper, M|\n|poke|p2|Tapu Lele|\n|poke|p2|Swampert, M|\n|poke|p2|Greninja-*, M|\n|poke|p2|Zapdos|\n|poke|p2|Ferrothorn, M|\n|teampreview\n|inactive|Battle timer is ON: inactive players will automatically lose when time's up. (requested by ChiogoYoji)\n|inactive|psng also wants the timer to be on.\n|\n|t:|1699963417\n|start\n|switch|p1a: Penguin\u52c7\u58eb|Empoleon, M|100\/100\n|switch|p2a: Pelipper|Pelipper, M, shiny|100\/100\n|-weather|RainDance|[from] ability: Drizzle|[of] p2a: Pelipper\n|turn|1\n|\n|t:|1699963427\n|move|p1a: Penguin\u52c7\u58eb|Toxic|p2a: Pelipper\n|-status|p2a: Pelipper|tox\n|move|p2a: Pelipper|U-turn|p1a: Penguin\u52c7\u58eb\n|-resisted|p1a: Penguin\u52c7\u58eb\n|-damage|p1a: Penguin\u52c7\u58eb|96\/100\n|-damage|p2a: Pelipper|84\/100 tox|[from] item: Rocky Helmet|[of] p1a: Penguin\u52c7\u58eb\n|\n|t:|1699963435\n|switch|p2a: Swampert|Swampert, M, shiny|100\/100|[from] U-turn\n|\n|-weather|RainDance|[upkeep]\n|upkeep\n|turn|2\n|\n|t:|1699963438\n|detailschange|p2a: Swampert|Swampert-Mega, M, shiny\n|-mega|p2a: Swampert|Swampert|Swampertite\n|move|p2a: Swampert|Earthquake|p1a: Penguin\u52c7\u58eb\n|-supereffective|p1a: Penguin\u52c7\u58eb\n|-damage|p1a: Penguin\u52c7\u58eb|0 fnt\n|faint|p1a: Penguin\u52c7\u58eb\n|\n|-weather|RainDance|[upkeep]\n|upkeep\n|\n|t:|1699963448\n|switch|p1a: RR-\u667a\u6167\u6797\u9e2e|Decidueye, F|100\/100\n|turn|3\n|\n|t:|1699963458\n|move|p1a: RR-\u667a\u6167\u6797\u9e2e|Protect|p1a: RR-\u667a\u6167\u6797\u9e2e\n|-singleturn|p1a: RR-\u667a\u6167\u6797\u9e2e|Protect\n|move|p2a: Swampert|Flip Turn|p1a: RR-\u667a\u6167\u6797\u9e2e\n|-activate|p1a: RR-\u667a\u6167\u6797\u9e2e|move: Protect\n|\n|-weather|RainDance|[upkeep]\n|upkeep\n|turn|4\n|\n|t:|1699963463\n|move|p2a: Swampert|Flip Turn|p1a: RR-\u667a\u6167\u6797\u9e2e\n|-resisted|p1a: RR-\u667a\u6167\u6797\u9e2e\n|-damage|p1a: RR-\u667a\u6167\u6797\u9e2e|56\/100\n|\n|t:|1699963465\n|switch|p2a: Zapdos|Zapdos, shiny|100\/100|[from] Flip Turn\n|move|p1a: RR-\u667a\u6167\u6797\u9e2e|Knock Off|p2a: Zapdos\n|-damage|p2a: Zapdos|80\/100\n|-enditem|p2a: Zapdos|Heavy-Duty Boots|[from] move: Knock Off|[of] p1a: RR-\u667a\u6167\u6797\u9e2e\n|\n|-weather|RainDance|[upkeep]\n|-heal|p1a: RR-\u667a\u6167\u6797\u9e2e|62\/100|[from] item: Leftovers\n|upkeep\n|turn|5\n|\n|t:|1699963473\n|move|p1a: RR-\u667a\u6167\u6797\u9e2e|Protect|p1a: RR-\u667a\u6167\u6797\u9e2e\n|-singleturn|p1a: RR-\u667a\u6167\u6797\u9e2e|Protect\n|move|p2a: Zapdos|Hurricane|p1a: RR-\u667a\u6167\u6797\u9e2e\n|-activate|p1a: RR-\u667a\u6167\u6797\u9e2e|move: Protect\n|\n|-weather|RainDance|[upkeep]\n|-heal|p1a: RR-\u667a\u6167\u6797\u9e2e|68\/100|[from] item: Leftovers\n|upkeep\n|turn|6\n|\n|t:|1699963481\n|switch|p1a: \u96f7\u9ce5\u9f8d-ThunderDragon|Dracozolt|100\/100\n|move|p2a: Zapdos|Hurricane|p1a: \u96f7\u9ce5\u9f8d-ThunderDragon\n|-resisted|p1a: \u96f7\u9ce5\u9f8d-ThunderDragon\n|-damage|p1a: \u96f7\u9ce5\u9f8d-ThunderDragon|70\/100\n|-start|p1a: \u96f7\u9ce5\u9f8d-ThunderDragon|confusion\n|\n|-weather|RainDance|[upkeep]\n|upkeep\n|turn|7\n|\n|t:|1699963490\n|switch|p2a: Ferrothorn|Ferrothorn, M, shiny|100\/100\n|-activate|p1a: \u96f7\u9ce5\u9f8d-ThunderDragon|confusion\n|move|p1a: \u96f7\u9ce5\u9f8d-ThunderDragon|Dragon Claw|p2a: Ferrothorn\n|-resisted|p2a: Ferrothorn\n|-damage|p2a: Ferrothorn|87\/100\n|-damage|p1a: \u96f7\u9ce5\u9f8d-ThunderDragon|57\/100|[from] ability: Iron Barbs|[of] p2a: Ferrothorn\n|\n|-weather|RainDance|[upkeep]\n|-heal|p2a: Ferrothorn|93\/100|[from] item: Leftovers\n|upkeep\n|turn|8\n|\n|t:|1699963496\n|switch|p1a: RR-\u667a\u6167\u6797\u9e2e|Decidueye, F|68\/100\n|move|p2a: Ferrothorn|Stealth Rock|p1a: RR-\u667a\u6167\u6797\u9e2e\n|-sidestart|p1: ChiogoYoji|move: Stealth Rock\n|\n|-weather|none\n|-heal|p1a: RR-\u667a\u6167\u6797\u9e2e|74\/100|[from] item: Leftovers\n|-heal|p2a: Ferrothorn|99\/100|[from] item: Leftovers\n|upkeep\n|turn|9\n|\n|t:|1699963500\n|switch|p2a: Pelipper|Pelipper, M, shiny|84\/100 tox\n|-weather|RainDance|[from] ability: Drizzle|[of] p2a: Pelipper\n|move|p1a: RR-\u667a\u6167\u6797\u9e2e|Knock Off|p2a: Pelipper\n|-damage|p2a: Pelipper|63\/100 tox\n|-enditem|p2a: Pelipper|Damp Rock|[from] move: Knock Off|[of] p1a: RR-\u667a\u6167\u6797\u9e2e\n|\n|-weather|RainDance|[upkeep]\n|-heal|p1a: RR-\u667a\u6167\u6797\u9e2e|80\/100|[from] item: Leftovers\n|-damage|p2a: Pelipper|57\/100 tox|[from] psn\n|upkeep\n|turn|10\n|\n|t:|1699963510\n|switch|p2a: Zapdos|Zapdos, shiny|80\/100\n|move|p1a: RR-\u667a\u6167\u6797\u9e2e|Protect||[still]\n|-fail|p1a: RR-\u667a\u6167\u6797\u9e2e\n|\n|-weather|RainDance|[upkeep]\n|-heal|p1a: RR-\u667a\u6167\u6797\u9e2e|86\/100|[from] item: Leftovers\n|upkeep\n|turn|11\n|\n|t:|1699963513\n|move|p1a: RR-\u667a\u6167\u6797\u9e2e|Protect|p1a: RR-\u667a\u6167\u6797\u9e2e\n|-singleturn|p1a: RR-\u667a\u6167\u6797\u9e2e|Protect\n|move|p2a: Zapdos|Hurricane|p1a: RR-\u667a\u6167\u6797\u9e2e\n|-activate|p1a: RR-\u667a\u6167\u6797\u9e2e|move: Protect\n|\n|-weather|RainDance|[upkeep]\n|-heal|p1a: RR-\u667a\u6167\u6797\u9e2e|92\/100|[from] item: Leftovers\n|upkeep\n|turn|12\n|\n|t:|1699963522\n|switch|p1a: \u96f7\u9ce5\u9f8d-ThunderDragon|Dracozolt|57\/100\n|-damage|p1a: \u96f7\u9ce5\u9f8d-ThunderDragon|45\/100|[from] Stealth Rock\n|move|p2a: Zapdos|Hurricane|p1a: \u96f7\u9ce5\u9f8d-ThunderDragon\n|-resisted|p1a: \u96f7\u9ce5\u9f8d-ThunderDragon\n|-damage|p1a: \u96f7\u9ce5\u9f8d-ThunderDragon|10\/100\n|\n|-weather|RainDance|[upkeep]\n|upkeep\n|turn|13\n|\n|t:|1699963538\n|switch|p2a: Tapu Lele|Tapu Lele, shiny|100\/100\n|-fieldstart|move: Psychic Terrain|[from] ability: Psychic Surge|[of] p2a: Tapu Lele\n|move|p1a: \u96f7\u9ce5\u9f8d-ThunderDragon|Bolt Beak|p2a: Tapu Lele\n|-damage|p2a: Tapu Lele|0 fnt\n|faint|p2a: Tapu Lele\n|\n|-weather|RainDance|[upkeep]\n|upkeep\n|\n|t:|1699963542\n|switch|p2a: Swampert|Swampert-Mega, M, shiny|100\/100\n|turn|14\n|\n|t:|1699963549\n|switch|p1a: RR-\u667a\u6167\u6797\u9e2e|Decidueye, F|92\/100\n|-damage|p1a: RR-\u667a\u6167\u6797\u9e2e|80\/100|[from] Stealth Rock\n|move|p2a: Swampert|Ice Punch|p1a: RR-\u667a\u6167\u6797\u9e2e\n|-supereffective|p1a: RR-\u667a\u6167\u6797\u9e2e\n|-damage|p1a: RR-\u667a\u6167\u6797\u9e2e|0 fnt\n|faint|p1a: RR-\u667a\u6167\u6797\u9e2e\n|\n|-weather|RainDance|[upkeep]\n|upkeep\n|\n|t:|1699963556\n|switch|p1a: \u8f49\u751f\u708e\u7378PyroPhoenix|Blaziken, M|100\/100\n|-damage|p1a: \u8f49\u751f\u708e\u7378PyroPhoenix|88\/100|[from] Stealth Rock\n|turn|15\n|\n|t:|1699963561\n|move|p1a: \u8f49\u751f\u708e\u7378PyroPhoenix|Protect|p1a: \u8f49\u751f\u708e\u7378PyroPhoenix\n|-singleturn|p1a: \u8f49\u751f\u708e\u7378PyroPhoenix|Protect\n|move|p2a: Swampert|Liquidation|p1a: \u8f49\u751f\u708e\u7378PyroPhoenix\n|-activate|p1a: \u8f49\u751f\u708e\u7378PyroPhoenix|move: Protect\n|\n|-weather|RainDance|[upkeep]\n|-ability|p1a: \u8f49\u751f\u708e\u7378PyroPhoenix|Speed Boost|boost\n|-boost|p1a: \u8f49\u751f\u708e\u7378PyroPhoenix|spe|1\n|upkeep\n|turn|16\n|\n|t:|1699963566\n|move|p2a: Swampert|Liquidation|p1a: \u8f49\u751f\u708e\u7378PyroPhoenix\n|-supereffective|p1a: \u8f49\u751f\u708e\u7378PyroPhoenix\n|-damage|p1a: \u8f49\u751f\u708e\u7378PyroPhoenix|0 fnt\n|faint|p1a: \u8f49\u751f\u708e\u7378PyroPhoenix\n|\n|-weather|none\n|upkeep\n|-message|ChiogoYoji forfeited.\n|\n|win|psng\n|raw|ChiogoYoji's rating: 1195 &rarr; <strong>1175<\/strong><br \/>(-20 for losing)\n|raw|psng's rating: 1272 &rarr; <strong>1292<\/strong><br \/>(+20 for winning)\n|l|\u2606ChiogoYoji\n","uploadtime":1699963577,"views":12,"p1id":"chiogoyoji","p2id":"psng","formatid":"gen9nationaldex","rating":1175,"private":0,"password":""}