{"id":"gen9nationaldex-1993185658","p1":"Yalpur","p2":"smee maimen","format":"[Gen 9] National Dex","log":"|j|\u2606Yalpur\n|j|\u2606smee maimen\n|t:|1700275306\n|gametype|singles\n|player|p1|Yalpur|2|1753\n|player|p2|smee maimen|cameraman|1638\n|teamsize|p1|6\n|teamsize|p2|6\n|gen|9\n|tier|[Gen 9] National Dex\n|rated|\n|rule|HP Percentage Mod: HP is shown in percentages\n|rule|Endless Battle Clause: Forcing endless battles is banned\n|rule|OHKO Clause: OHKO moves are banned\n|rule|Evasion Clause: Evasion abilities, items, and moves are banned\n|rule|Evasion Abilities Clause: Evasion abilities are banned\n|rule|Evasion Items Clause: Evasion items are banned\n|rule|Evasion Moves Clause: Evasion moves are banned\n|rule|Species Clause: Limit one of each Pok\u00e9mon\n|rule|Sleep Clause Mod: Limit one foe put to sleep\n|clearpoke\n|poke|p1|Tapu Koko|\n|poke|p1|Iron Hands|\n|poke|p1|Iron Valiant|\n|poke|p1|Hatterene, F|\n|poke|p1|Medicham, M|\n|poke|p1|Raichu-Alola, M|\n|poke|p2|Magnezone|\n|poke|p2|Crobat, M|\n|poke|p2|Diggersby, M|\n|poke|p2|Aggron, M|\n|poke|p2|Buzzwole|\n|poke|p2|Garchomp, M|\n|teampreview\n|inactive|Battle timer is ON: inactive players will automatically lose when time's up. (requested by smee maimen)\n|\n|t:|1700275328\n|start\n|switch|p1a: Tapu Koko|Tapu Koko|100\/100\n|switch|p2a: Sheev Palpatine|Magnezone|100\/100\n|-fieldstart|move: Electric Terrain|[from] ability: Electric Surge|[of] p1a: Tapu Koko\n|turn|1\n|\n|t:|1700275352\n|move|p1a: Tapu Koko|U-turn|p2a: Sheev Palpatine\n|-resisted|p2a: Sheev Palpatine\n|-damage|p2a: Sheev Palpatine|91\/100\n|\n|t:|1700275365\n|switch|p1a: Hatterene|Hatterene, F|100\/100|[from] U-turn\n|move|p2a: Sheev Palpatine|Thunderbolt|p1a: Hatterene\n|-damage|p1a: Hatterene|16\/100\n|-enditem|p1a: Hatterene|Eject Button\n|inactive|Yalpur has 120 seconds left.\n|inactive|Yalpur has 90 seconds left.\n|\n|t:|1700275422\n|switch|p1a: Iron Valiant|Iron Valiant|100\/100\n|-activate|p1a: Iron Valiant|ability: Quark Drive\n|-start|p1a: Iron Valiant|quarkdrivespe\n|\n|upkeep\n|turn|2\n|\n|t:|1700275441\n|-terastallize|p2a: Sheev Palpatine|Electric\n|move|p1a: Iron Valiant|Close Combat|p2a: Sheev Palpatine\n|-damage|p2a: Sheev Palpatine|29\/100\n|-unboost|p1a: Iron Valiant|def|1\n|-unboost|p1a: Iron Valiant|spd|1\n|-damage|p1a: Iron Valiant|91\/100|[from] item: Life Orb\n|move|p2a: Sheev Palpatine|Flash Cannon|p1a: Iron Valiant\n|-supereffective|p1a: Iron Valiant\n|-damage|p1a: Iron Valiant|0 fnt\n|faint|p1a: Iron Valiant\n|-end|p1a: Iron Valiant|Quark Drive|[silent]\n|\n|upkeep\n|inactive|Yalpur has 60 seconds left.\n|\n|t:|1700275458\n|switch|p1a: Raichu|Raichu-Alola, M|100\/100\n|turn|3\n|\n|t:|1700275463\n|move|p1a: Raichu|Psyshock|p2a: Sheev Palpatine\n|-damage|p2a: Sheev Palpatine|0 fnt\n|faint|p2a: Sheev Palpatine\n|-damage|p1a: Raichu|91\/100|[from] item: Life Orb\n|\n|upkeep\n|\n|t:|1700275475\n|switch|p2a: Bill \"CIA\" Wilson|Diggersby, M|100\/100\n|turn|4\n|inactive|Yalpur has 60 seconds left.\n|\n|t:|1700275501\n|switch|p1a: Hatterene|Hatterene, F|16\/100\n|move|p2a: Bill \"CIA\" Wilson|Quick Attack|p1a: Hatterene\n|-damage|p1a: Hatterene|0 fnt\n|faint|p1a: Hatterene\n|-damage|p2a: Bill \"CIA\" Wilson|91\/100|[from] item: Life Orb\n|\n|upkeep\n|\n|t:|1700275508\n|switch|p1a: Medicham|Medicham, M|100\/100\n|turn|5\n|inactive|Yalpur has 60 seconds left.\n|\n|t:|1700275524\n|switch|p2a: Wreckage Brother|Crobat, M|100\/100\n|detailschange|p1a: Medicham|Medicham-Mega, M\n|-mega|p1a: Medicham|Medicham|Medichamite\n|move|p1a: Medicham|Ice Punch|p2a: Wreckage Brother\n|-supereffective|p2a: Wreckage Brother\n|-damage|p2a: Wreckage Brother|0 fnt\n|faint|p2a: Wreckage Brother\n|\n|upkeep\n|\n|t:|1700275527\n|switch|p2a: Big Guy 4U|Aggron, M|100\/100\n|turn|6\n|inactive|Yalpur has 60 seconds left.\n|\n|t:|1700275543\n|detailschange|p2a: Big Guy 4U|Aggron-Mega, M\n|-mega|p2a: Big Guy 4U|Aggron|Aggronite\n|move|p1a: Medicham|Close Combat|p2a: Big Guy 4U\n|-supereffective|p2a: Big Guy 4U\n|-damage|p2a: Big Guy 4U|29\/100\n|-unboost|p1a: Medicham|def|1\n|-unboost|p1a: Medicham|spd|1\n|move|p2a: Big Guy 4U|Heavy Slam|p1a: Medicham\n|-damage|p1a: Medicham|0 fnt\n|faint|p1a: Medicham\n|\n|upkeep\n|\n|t:|1700275565\n|switch|p1a: Raichu|Raichu-Alola, M|91\/100\n|turn|7\n|inactive|Yalpur has 30 seconds left.\n|\n|t:|1700275581\n|move|p1a: Raichu|Rising Voltage|p2a: Big Guy 4U\n|-hint|Rising Voltage's BP doubled on grounded target.\n|-damage|p2a: Big Guy 4U|0 fnt\n|faint|p2a: Big Guy 4U\n|-damage|p1a: Raichu|81\/100|[from] item: Life Orb\n|\n|upkeep\n|\n|t:|1700275584\n|switch|p2a: Bill \"CIA\" Wilson|Diggersby, M|91\/100\n|turn|8\n|inactive|Yalpur has 30 seconds left.\n|inactive|Yalpur has 20 seconds left.\n|inactive|Yalpur has 15 seconds left.\n|\n|t:|1700275616\n|move|p2a: Bill \"CIA\" Wilson|Quick Attack|p1a: Raichu\n|-damage|p1a: Raichu|15\/100\n|-damage|p2a: Bill \"CIA\" Wilson|81\/100|[from] item: Life Orb\n|move|p1a: Raichu|Grass Knot|p2a: Bill \"CIA\" Wilson\n|-supereffective|p2a: Bill \"CIA\" Wilson\n|-damage|p2a: Bill \"CIA\" Wilson|20\/100\n|-damage|p1a: Raichu|5\/100|[from] item: Life Orb\n|\n|-fieldend|move: Electric Terrain\n|upkeep\n|turn|9\n|inactive|Yalpur has 25 seconds left this turn.\n|inactive|Yalpur has 20 seconds left.\n|inactive|Yalpur has 15 seconds left.\n|inactive|Yalpur has 10 seconds left.\n|\n|t:|1700275632\n|switch|p1a: Tapu Koko|Tapu Koko|100\/100\n|-fieldstart|move: Electric Terrain|[from] ability: Electric Surge|[of] p1a: Tapu Koko\n|move|p2a: Bill \"CIA\" Wilson|Quick Attack|p1a: Tapu Koko\n|-damage|p1a: Tapu Koko|52\/100\n|-damage|p2a: Bill \"CIA\" Wilson|10\/100|[from] item: Life Orb\n|\n|upkeep\n|turn|10\n|inactive|Yalpur has 20 seconds left this turn.\n|inactive|Yalpur has 15 seconds left.\n|inactive|Yalpur has 10 seconds left.\n|\n|t:|1700275649\n|switch|p2a: Masketta Man|Garchomp, M|100\/100\n|move|p1a: Tapu Koko|U-turn|p2a: Masketta Man\n|-damage|p2a: Masketta Man|79\/100\n|-damage|p1a: Tapu Koko|39\/100|[from] ability: Rough Skin|[of] p2a: Masketta Man\n|inactive|Yalpur has 15 seconds left this turn.\n|inactive|Yalpur has 10 seconds left.\n|\n|t:|1700275655\n|switch|p1a: Raichu|Raichu-Alola, M|5\/100|[from] U-turn\n|\n|upkeep\n|turn|11\n|inactive|Yalpur has 20 seconds left this turn.\n|\n|t:|1700275659\n|move|p1a: Raichu|Hidden Power|p2a: Masketta Man\n|-supereffective|p2a: Masketta Man\n|-damage|p2a: Masketta Man|0 fnt\n|faint|p2a: Masketta Man\n|-damage|p1a: Raichu|0 fnt|[from] item: Life Orb\n|faint|p1a: Raichu\n|\n|upkeep\n|inactive|Yalpur has 30 seconds left this turn.\n|\n|t:|1700275667\n|switch|p2a: Bill \"CIA\" Wilson|Diggersby, M|10\/100\n|switch|p1a: Tapu Koko|Tapu Koko|39\/100\n|turn|12\n|\n|t:|1700275671\n|switch|p1a: Iron Hands|Iron Hands|100\/100\n|-activate|p1a: Iron Hands|ability: Quark Drive\n|-start|p1a: Iron Hands|quarkdriveatk\n|move|p2a: Bill \"CIA\" Wilson|Earthquake|p1a: Iron Hands\n|-supereffective|p1a: Iron Hands\n|-damage|p1a: Iron Hands|0 fnt\n|faint|p1a: Iron Hands\n|-end|p1a: Iron Hands|Quark Drive|[silent]\n|-damage|p2a: Bill \"CIA\" Wilson|0 fnt|[from] item: Life Orb\n|faint|p2a: Bill \"CIA\" Wilson\n|\n|upkeep\n|\n|t:|1700275677\n|switch|p2a: Bane|Buzzwole|100\/100\n|switch|p1a: Tapu Koko|Tapu Koko|39\/100\n|turn|13\n|\n|t:|1700275682\n|-terastallize|p1a: Tapu Koko|Flying\n|move|p1a: Tapu Koko|Brave Bird|p2a: Bane\n|-supereffective|p2a: Bane\n|-damage|p2a: Bane|0 fnt\n|faint|p2a: Bane\n|-damage|p1a: Tapu Koko|0 fnt|[from] Recoil\n|faint|p1a: Tapu Koko\n|\n|win|Yalpur\n|raw|Yalpur's rating: 1753 &rarr; <strong>1767<\/strong><br \/>(+14 for winning)\n|raw|smee maimen's rating: 1638 &rarr; <strong>1624<\/strong><br \/>(-14 for losing)\n|l|\u2606smee maimen\n","uploadtime":1700275692,"views":6,"p1id":"yalpur","p2id":"smeemaimen","formatid":"gen9nationaldex","rating":1624,"private":0,"password":""}