{"id":"gen9nationaldex-1989896546","p1":"KyosukeKamijou","p2":"MasterList2015","format":"[Gen 9] National Dex","log":"|j|\u2606KyosukeKamijou\n|j|\u2606MasterList2015\n|t:|1699904786\n|gametype|singles\n|player|p1|KyosukeKamijou|ghetsis|1319\n|player|p2|MasterList2015|red|1379\n|teamsize|p1|6\n|teamsize|p2|6\n|gen|9\n|tier|[Gen 9] National Dex\n|rated|\n|rule|HP Percentage Mod: HP is shown in percentages\n|rule|Endless Battle Clause: Forcing endless battles is banned\n|rule|OHKO Clause: OHKO moves are banned\n|rule|Evasion Clause: Evasion abilities, items, and moves are banned\n|rule|Evasion Abilities Clause: Evasion abilities are banned\n|rule|Evasion Items Clause: Evasion items are banned\n|rule|Evasion Moves Clause: Evasion moves are banned\n|rule|Species Clause: Limit one of each Pok\u00e9mon\n|rule|Sleep Clause Mod: Limit one foe put to sleep\n|clearpoke\n|poke|p1|Kommo-o, M|\n|poke|p1|Great Tusk|\n|poke|p1|Ogerpon-Cornerstone, F|\n|poke|p1|Charizard, M|\n|poke|p1|Greninja-*, M|\n|poke|p1|Volcarona, F|\n|poke|p2|Pikachu-Kalos, M|\n|poke|p2|Charizard, F|\n|poke|p2|Krookodile, F|\n|poke|p2|Greninja-*, M|\n|poke|p2|Infernape, F|\n|poke|p2|Sceptile, M|\n|teampreview\n|\n|t:|1699904829\n|start\n|switch|p1a: Change Dragon|Charizard, M|100\/100\n|switch|p2a: Charizard|Charizard, F|100\/100\n|turn|1\n|inactive|Battle timer is ON: inactive players will automatically lose when time's up. (requested by MasterList2015)\n|\n|t:|1699904858\n|detailschange|p1a: Change Dragon|Charizard-Mega-Y, M\n|-mega|p1a: Change Dragon|Charizard|Charizardite Y\n|-weather|SunnyDay|[from] ability: Drought|[of] p1a: Change Dragon\n|detailschange|p2a: Charizard|Charizard-Mega-Y, F\n|-mega|p2a: Charizard|Charizard|Charizardite Y\n|move|p2a: Charizard|Air Slash|p1a: Change Dragon\n|-damage|p1a: Change Dragon|53\/100\n|move|p1a: Change Dragon|Air Slash|p2a: Charizard\n|-damage|p2a: Charizard|57\/100\n|\n|-weather|SunnyDay|[upkeep]\n|upkeep\n|turn|2\n|\n|t:|1699904878\n|switch|p1a: Onisister|Ogerpon-Cornerstone, F|100\/100\n|move|p2a: Charizard|Air Slash|p1a: Onisister\n|-damage|p1a: Onisister|55\/100\n|\n|-weather|SunnyDay|[upkeep]\n|upkeep\n|turn|3\n|\n|t:|1699904884\n|switch|p2a: Krookodile|Krookodile, F|100\/100\n|-ability|p2a: Krookodile|Intimidate|boost\n|-unboost|p1a: Onisister|atk|1\n|move|p1a: Onisister|Ivy Cudgel|p2a: Krookodile\n|-resisted|p2a: Krookodile\n|-damage|p2a: Krookodile|80\/100\n|\n|-weather|SunnyDay|[upkeep]\n|upkeep\n|turn|4\n|inactive|MasterList2015 has 120 seconds left.\n|\n|t:|1699904915\n|switch|p2a: Infernape|Infernape, F|100\/100\n|move|p1a: Onisister|Leech Seed|p2a: Infernape\n|-start|p2a: Infernape|move: Leech Seed\n|\n|-weather|SunnyDay|[upkeep]\n|-damage|p2a: Infernape|88\/100|[from] Leech Seed|[of] p1a: Onisister\n|-heal|p1a: Onisister|65\/100|[silent]\n|upkeep\n|turn|5\n|\n|t:|1699904924\n|switch|p2a: Krookodile|Krookodile, F|80\/100\n|-ability|p2a: Krookodile|Intimidate|boost\n|-unboost|p1a: Onisister|atk|1\n|move|p1a: Onisister|Spiky Shield||[still]\n|-fail|p1a: Onisister\n|\n|-weather|none\n|upkeep\n|turn|6\n|\n|t:|1699904932\n|switch|p2a: Sceptile|Sceptile, M|100\/100\n|move|p1a: Onisister|Spiky Shield||[still]\n|-fail|p1a: Onisister\n|\n|upkeep\n|turn|7\n|\n|t:|1699904939\n|switch|p1a: Change Dragon|Charizard-Mega-Y, M|53\/100\n|-weather|SunnyDay|[from] ability: Drought|[of] p1a: Change Dragon\n|move|p2a: Sceptile|Focus Blast|p1a: Change Dragon\n|-resisted|p1a: Change Dragon\n|-damage|p1a: Change Dragon|24\/100\n|\n|-weather|SunnyDay|[upkeep]\n|upkeep\n|turn|8\n|\n|t:|1699904947\n|switch|p2a: Infernape|Infernape, F|88\/100\n|move|p1a: Change Dragon|Air Slash|p2a: Infernape\n|-supereffective|p2a: Infernape\n|-damage|p2a: Infernape|0 fnt\n|faint|p2a: Infernape\n|\n|-weather|SunnyDay|[upkeep]\n|upkeep\n|\n|t:|1699904951\n|switch|p2a: Sceptile|Sceptile, M|100\/100\n|turn|9\n|\n|t:|1699904956\n|move|p2a: Sceptile|Hidden Power|p1a: Change Dragon\n|-supereffective|p1a: Change Dragon\n|-damage|p1a: Change Dragon|0 fnt\n|faint|p1a: Change Dragon\n|\n|-weather|SunnyDay|[upkeep]\n|upkeep\n|\n|t:|1699904962\n|switch|p1a: Mammothranger|Great Tusk|100\/100\n|-activate|p1a: Mammothranger|ability: Protosynthesis\n|-start|p1a: Mammothranger|protosynthesisatk\n|turn|10\n|\n|t:|1699904970\n|switch|p2a: Charizard|Charizard-Mega-Y, F|57\/100\n|move|p1a: Mammothranger|Headlong Rush|p2a: Charizard\n|-immune|p2a: Charizard\n|\n|-weather|SunnyDay|[upkeep]\n|upkeep\n|turn|11\n|\n|t:|1699904979\n|-end|p1a: Mammothranger|Protosynthesis|[silent]\n|switch|p1a: Ninja Black|Greninja, M, shiny|100\/100\n|move|p2a: Charizard|Flamethrower|p1a: Ninja Black\n|-resisted|p1a: Ninja Black\n|-damage|p1a: Ninja Black|30\/100\n|\n|-weather|none\n|upkeep\n|turn|12\n|\n|t:|1699904986\n|switch|p2a: Greninja|Greninja, M|100\/100\n|move|p1a: Ninja Black|Water Shuriken|p2a: Greninja\n|-start|p1a: Ninja Black|typechange|Water|[from] ability: Protean\n|-resisted|p2a: Greninja\n|-damage|p2a: Greninja|93\/100\n|-resisted|p2a: Greninja\n|-damage|p2a: Greninja|86\/100\n|-hitcount|p2a: Greninja|2\n|\n|upkeep\n|turn|13\n|\n|t:|1699904999\n|switch|p1a: PapillonOhger|Volcarona, F, shiny|100\/100\n|move|p2a: Greninja|Dark Pulse|p1a: PapillonOhger\n|-damage|p1a: PapillonOhger|60\/100\n|\n|upkeep\n|turn|14\n|\n|t:|1699905005\n|-terastallize|p1a: PapillonOhger|Grass\n|move|p2a: Greninja|Scald|p1a: PapillonOhger\n|-resisted|p1a: PapillonOhger\n|-damage|p1a: PapillonOhger|36\/100\n|move|p1a: PapillonOhger|Giga Drain|p2a: Greninja\n|-supereffective|p2a: Greninja\n|-damage|p2a: Greninja|0 fnt\n|-heal|p1a: PapillonOhger|75\/100|[from] drain|[of] p2a: Greninja\n|faint|p2a: Greninja\n|\n|upkeep\n|\n|t:|1699905010\n|switch|p2a: Charizard|Charizard-Mega-Y, F|57\/100\n|-weather|SunnyDay|[from] ability: Drought|[of] p2a: Charizard\n|turn|15\n|\n|t:|1699905021\n|switch|p1a: Ninja Black|Greninja, M, shiny|30\/100\n|move|p2a: Charizard|Flamethrower|p1a: Ninja Black\n|-resisted|p1a: Ninja Black\n|-crit|p1a: Ninja Black\n|-damage|p1a: Ninja Black|0 fnt\n|faint|p1a: Ninja Black\n|\n|-weather|SunnyDay|[upkeep]\n|upkeep\n|\n|t:|1699905030\n|switch|p1a: Mammothranger|Great Tusk|100\/100\n|-activate|p1a: Mammothranger|ability: Protosynthesis\n|-start|p1a: Mammothranger|protosynthesisatk\n|turn|16\n|\n|t:|1699905035\n|move|p1a: Mammothranger|Rock Slide|p2a: Charizard\n|-supereffective|p2a: Charizard\n|-damage|p2a: Charizard|0 fnt\n|faint|p2a: Charizard\n|\n|-weather|SunnyDay|[upkeep]\n|upkeep\n|\n|t:|1699905037\n|switch|p2a: Krookodile|Krookodile, F|80\/100\n|-ability|p2a: Krookodile|Intimidate|boost\n|-unboost|p1a: Mammothranger|atk|1\n|turn|17\n|\n|t:|1699905045\n|-end|p1a: Mammothranger|Protosynthesis|[silent]\n|switch|p1a: PapillonOhger|Volcarona, F, shiny, tera:Grass|75\/100\n|move|p2a: Krookodile|Stealth Rock|p1a: PapillonOhger\n|-sidestart|p1: KyosukeKamijou|move: Stealth Rock\n|\n|-weather|SunnyDay|[upkeep]\n|upkeep\n|turn|18\n|\n|t:|1699905050\n|move|p2a: Krookodile|Crunch|p1a: PapillonOhger\n|-crit|p1a: PapillonOhger\n|-damage|p1a: PapillonOhger|0 fnt\n|-status|p2a: Krookodile|brn|[from] ability: Flame Body|[of] p1a: PapillonOhger\n|faint|p1a: PapillonOhger\n|\n|-weather|SunnyDay|[upkeep]\n|-damage|p2a: Krookodile|74\/100 brn|[from] brn\n|upkeep\n|\n|t:|1699905058\n|switch|p1a: Mammothranger|Great Tusk|100\/100\n|-damage|p1a: Mammothranger|98\/100|[from] Stealth Rock\n|-activate|p1a: Mammothranger|ability: Protosynthesis\n|-start|p1a: Mammothranger|protosynthesisatk\n|turn|19\n|\n|t:|1699905064\n|move|p1a: Mammothranger|Ice Spinner|p2a: Krookodile\n|-supereffective|p2a: Krookodile\n|-damage|p2a: Krookodile|0 fnt\n|faint|p2a: Krookodile\n|\n|-weather|none\n|-end|p1a: Mammothranger|Protosynthesis\n|upkeep\n|\n|t:|1699905067\n|switch|p2a: Sceptile|Sceptile, M|100\/100\n|turn|20\n|\n|t:|1699905071\n|move|p1a: Mammothranger|Ice Spinner|p2a: Sceptile\n|-supereffective|p2a: Sceptile\n|-damage|p2a: Sceptile|7\/100\n|move|p2a: Sceptile|Leaf Storm|p1a: Mammothranger\n|-supereffective|p1a: Mammothranger\n|-damage|p1a: Mammothranger|0 fnt\n|-unboost|p2a: Sceptile|spa|2\n|faint|p1a: Mammothranger\n|-end|p1a: Mammothranger|Protosynthesis|[silent]\n|\n|upkeep\n|\n|t:|1699905079\n|switch|p1a: Onisister|Ogerpon-Cornerstone, F|65\/100\n|-damage|p1a: Onisister|52\/100|[from] Stealth Rock\n|turn|21\n|\n|t:|1699905083\n|move|p1a: Onisister|Spiky Shield|p1a: Onisister\n|-singleturn|p1a: Onisister|move: Protect\n|move|p2a: Sceptile|Leaf Storm|p1a: Onisister\n|-activate|p1a: Onisister|move: Protect\n|\n|upkeep\n|turn|22\n|\n|t:|1699905090\n|move|p2a: Sceptile|Leaf Storm|p1a: Onisister\n|-damage|p1a: Onisister|0 fnt\n|-unboost|p2a: Sceptile|spa|2\n|faint|p1a: Onisister\n|\n|upkeep\n|\n|t:|1699905095\n|switch|p1a: Ryuranger|Kommo-o, M|100\/100\n|-damage|p1a: Ryuranger|94\/100|[from] Stealth Rock\n|turn|23\n|\n|t:|1699905100\n|move|p2a: Sceptile|Leaf Storm|p1a: Ryuranger\n|-resisted|p1a: Ryuranger\n|-damage|p1a: Ryuranger|72\/100\n|-unboost|p2a: Sceptile|spa|2\n|-zpower|p1a: Ryuranger\n|move|p1a: Ryuranger|Clangorous Soulblaze|p2a: Sceptile|[zeffect]\n|-damage|p2a: Sceptile|0 fnt\n|faint|p2a: Sceptile\n|-boost|p1a: Ryuranger|atk|1\n|-boost|p1a: Ryuranger|def|1\n|-boost|p1a: Ryuranger|spa|1\n|-boost|p1a: Ryuranger|spd|1\n|-boost|p1a: Ryuranger|spe|1\n|\n|upkeep\n|\n|t:|1699905103\n|switch|p2a: Pikachu|Pikachu-Kalos, M|100\/100\n|turn|24\n|\n|t:|1699905120\n|move|p2a: Pikachu|Fake Out|p1a: Ryuranger\n|-damage|p1a: Ryuranger|61\/100\n|cant|p1a: Ryuranger|flinch\n|\n|upkeep\n|turn|25\n|\n|t:|1699905125\n|-terastallize|p2a: Pikachu|Flying\n|move|p1a: Ryuranger|Aura Sphere|p2a: Pikachu\n|-resisted|p2a: Pikachu\n|-damage|p2a: Pikachu|33\/100\n|move|p2a: Pikachu|Volt Tackle|p1a: Ryuranger\n|-resisted|p1a: Ryuranger\n|-damage|p1a: Ryuranger|38\/100\n|-damage|p2a: Pikachu|23\/100|[from] Recoil\n|\n|upkeep\n|turn|26\n|\n|t:|1699905136\n|move|p1a: Ryuranger|Flamethrower|p2a: Pikachu\n|-damage|p2a: Pikachu|0 fnt\n|faint|p2a: Pikachu\n|\n|win|KyosukeKamijou\n|raw|KyosukeKamijou's rating: 1319 &rarr; <strong>1342<\/strong><br \/>(+23 for winning)\n|raw|MasterList2015's rating: 1379 &rarr; <strong>1356<\/strong><br \/>(-23 for losing)\n","uploadtime":1699905142,"views":5,"p1id":"kyosukekamijou","p2id":"masterlist2015","formatid":"gen9nationaldex","rating":1342,"private":0,"password":""}