{"id":"gen9nationaldex-1996223160","p1":"wppoprpo","p2":"hansord","format":"[Gen 9] National Dex","log":"|html|<div class=\"broadcast-blue\"><strong>[Gen 9] National Dex is currently suspecting Sneasler! For information on how to participate check out the <a href=\"https:\/\/www.smogon.com\/forums\/threads\/sv-national-dex-suspect-8-just-dance.3731534\/\">suspect thread<\/a>.<\/strong><\/div>\n|j|\u2606wppoprpo\n|j|\u2606hansord\n|t:|1700661036\n|gametype|singles\n|player|p1|wppoprpo|blue|1362\n|player|p2|hansord|steven|1441\n|teamsize|p1|6\n|teamsize|p2|6\n|gen|9\n|tier|[Gen 9] National Dex\n|rated|\n|rule|HP Percentage Mod: HP is shown in percentages\n|rule|Endless Battle Clause: Forcing endless battles is banned\n|rule|OHKO Clause: OHKO moves are banned\n|rule|Evasion Clause: Evasion abilities, items, and moves are banned\n|rule|Evasion Abilities Clause: Evasion abilities are banned\n|rule|Evasion Items Clause: Evasion items are banned\n|rule|Evasion Moves Clause: Evasion moves are banned\n|rule|Species Clause: Limit one of each Pok\u00e9mon\n|rule|Sleep Clause Mod: Limit one foe put to sleep\n|clearpoke\n|poke|p1|Cradily, M|\n|poke|p1|Zapdos|\n|poke|p1|Hoopa-Unbound|\n|poke|p1|Kartana|\n|poke|p1|Celesteela|\n|poke|p1|Chandelure, M|\n|poke|p2|Garganacl, M|\n|poke|p2|Toxapex, F|\n|poke|p2|Heatran, F|\n|poke|p2|Rotom-Wash|\n|poke|p2|Gliscor, M|\n|poke|p2|Banette, F|\n|teampreview\n|inactive|Battle timer is ON: inactive players will automatically lose when time's up. (requested by wppoprpo)\n|\n|t:|1700661053\n|start\n|switch|p1a: Chandelure|Chandelure, M|100\/100\n|switch|p2a: Toxapex|Toxapex, F|100\/100\n|turn|1\n|\n|t:|1700661059\n|switch|p1a: Zapdos|Zapdos|100\/100\n|move|p2a: Toxapex|Knock Off|p1a: Zapdos\n|-damage|p1a: Zapdos|90\/100\n|-enditem|p1a: Zapdos|Heavy-Duty Boots|[from] move: Knock Off|[of] p2a: Toxapex\n|\n|upkeep\n|turn|2\n|\n|t:|1700661077\n|switch|p2a: Gliscor|Gliscor, M|100\/100\n|move|p1a: Zapdos|Hurricane|p2a: Gliscor\n|-damage|p2a: Gliscor|64\/100\n|\n|-status|p2a: Gliscor|tox|[from] item: Toxic Orb\n|upkeep\n|turn|3\n|\n|t:|1700661087\n|move|p1a: Zapdos|Hurricane|p2a: Gliscor\n|-damage|p2a: Gliscor|28\/100 tox\n|move|p2a: Gliscor|Stealth Rock|p1a: Zapdos\n|-sidestart|p1: wppoprpo|move: Stealth Rock\n|\n|-heal|p2a: Gliscor|40\/100 tox|[from] ability: Poison Heal\n|upkeep\n|turn|4\n|\n|t:|1700661095\n|move|p2a: Gliscor|Protect|p2a: Gliscor\n|-singleturn|p2a: Gliscor|Protect\n|move|p1a: Zapdos|Defog|p2a: Gliscor\n|-activate|p2a: Gliscor|move: Protect\n|\n|-heal|p2a: Gliscor|53\/100 tox|[from] ability: Poison Heal\n|upkeep\n|turn|5\n|\n|t:|1700661103\n|move|p1a: Zapdos|Defog|p2a: Gliscor\n|-unboost|p2a: Gliscor|evasion|1\n|-sideend|p1: wppoprpo|Stealth Rock|[from] move: Defog|[of] p1a: Zapdos\n|move|p2a: Gliscor|Toxic|p1a: Zapdos\n|-status|p1a: Zapdos|tox\n|\n|-damage|p1a: Zapdos|84\/100 tox|[from] psn\n|-heal|p2a: Gliscor|65\/100 tox|[from] ability: Poison Heal\n|upkeep\n|turn|6\n|\n|t:|1700661111\n|move|p2a: Gliscor|Protect|p2a: Gliscor\n|-singleturn|p2a: Gliscor|Protect\n|move|p1a: Zapdos|Hurricane|p2a: Gliscor\n|-activate|p2a: Gliscor|move: Protect\n|\n|-damage|p1a: Zapdos|72\/100 tox|[from] psn\n|-heal|p2a: Gliscor|78\/100 tox|[from] ability: Poison Heal\n|upkeep\n|turn|7\n|\n|t:|1700661123\n|switch|p1a: Kartana|Kartana|100\/100\n|move|p2a: Gliscor|Stealth Rock|p1a: Kartana\n|-sidestart|p1: wppoprpo|move: Stealth Rock\n|\n|-heal|p2a: Gliscor|90\/100 tox|[from] ability: Poison Heal\n|upkeep\n|turn|8\n|\n|t:|1700661134\n|switch|p2a: Toxapex|Toxapex, F|100\/100\n|move|p1a: Kartana|Knock Off|p2a: Toxapex\n|-damage|p2a: Toxapex|75\/100\n|-enditem|p2a: Toxapex|Black Sludge|[from] move: Knock Off|[of] p1a: Kartana\n|\n|upkeep\n|turn|9\n|\n|t:|1700661145\n|switch|p1a: Zapdos|Zapdos|72\/100 tox\n|-damage|p1a: Zapdos|47\/100 tox|[from] Stealth Rock\n|move|p2a: Toxapex|Knock Off|p1a: Zapdos\n|-damage|p1a: Zapdos|41\/100 tox\n|\n|-damage|p1a: Zapdos|35\/100 tox|[from] psn\n|upkeep\n|turn|10\n|\n|t:|1700661155\n|move|p2a: Toxapex|Baneful Bunker|p2a: Toxapex\n|-singleturn|p2a: Toxapex|move: Protect\n|move|p1a: Zapdos|Defog|p2a: Toxapex\n|-activate|p2a: Toxapex|move: Protect\n|\n|-damage|p1a: Zapdos|23\/100 tox|[from] psn\n|upkeep\n|turn|11\n|\n|t:|1700661163\n|switch|p2a: Gliscor|Gliscor, M|90\/100 tox\n|move|p1a: Zapdos|Defog|p2a: Gliscor\n|-unboost|p2a: Gliscor|evasion|1\n|-sideend|p1: wppoprpo|Stealth Rock|[from] move: Defog|[of] p1a: Zapdos\n|\n|-damage|p1a: Zapdos|5\/100 tox|[from] psn\n|-heal|p2a: Gliscor|100\/100 tox|[from] ability: Poison Heal\n|upkeep\n|turn|12\n|\n|t:|1700661172\n|move|p1a: Zapdos|Roost|p1a: Zapdos\n|-heal|p1a: Zapdos|55\/100 tox\n|-singleturn|p1a: Zapdos|move: Roost\n|move|p2a: Gliscor|Stealth Rock|p1a: Zapdos\n|-sidestart|p1: wppoprpo|move: Stealth Rock\n|\n|-damage|p1a: Zapdos|31\/100 tox|[from] psn\n|upkeep\n|turn|13\n|\n|t:|1700661180\n|switch|p2a: Garganacl|Garganacl, M|100\/100\n|move|p1a: Zapdos|Roost|p1a: Zapdos\n|-heal|p1a: Zapdos|81\/100 tox\n|-singleturn|p1a: Zapdos|move: Roost\n|\n|-damage|p1a: Zapdos|51\/100 tox|[from] psn\n|upkeep\n|turn|14\n|\n|t:|1700661189\n|move|p1a: Zapdos|Defog|p2a: Garganacl\n|-unboost|p2a: Garganacl|evasion|1\n|-sideend|p1: wppoprpo|Stealth Rock|[from] move: Defog|[of] p1a: Zapdos\n|move|p2a: Garganacl|Salt Cure|p1a: Zapdos\n|-supereffective|p1a: Zapdos\n|-damage|p1a: Zapdos|31\/100 tox\n|-start|p1a: Zapdos|Salt Cure\n|\n|-damage|p1a: Zapdos|0 fnt|[from] psn\n|faint|p1a: Zapdos\n|upkeep\n|\n|t:|1700661201\n|switch|p1a: Kartana|Kartana|100\/100\n|turn|15\n|\n|t:|1700661207\n|move|p2a: Garganacl|Protect|p2a: Garganacl\n|-singleturn|p2a: Garganacl|Protect\n|move|p1a: Kartana|Knock Off|p2a: Garganacl\n|-activate|p2a: Garganacl|move: Protect\n|\n|upkeep\n|turn|16\n|\n|t:|1700661213\n|switch|p2a: Gliscor|Gliscor, M|100\/100 tox\n|move|p1a: Kartana|Knock Off|p2a: Gliscor\n|-damage|p2a: Gliscor|68\/100 tox\n|-enditem|p2a: Gliscor|Toxic Orb|[from] move: Knock Off|[of] p1a: Kartana\n|\n|-heal|p2a: Gliscor|81\/100 tox|[from] ability: Poison Heal\n|upkeep\n|turn|17\n|\n|t:|1700661227\n|switch|p1a: Chandelure|Chandelure, M|100\/100\n|move|p2a: Gliscor|Stealth Rock|p1a: Chandelure\n|-sidestart|p1: wppoprpo|move: Stealth Rock\n|\n|-heal|p2a: Gliscor|93\/100 tox|[from] ability: Poison Heal\n|upkeep\n|turn|18\n|\n|t:|1700661235\n|-terastallize|p1a: Chandelure|Ghost\n|move|p1a: Chandelure|Shadow Ball|p2a: Gliscor\n|-damage|p2a: Gliscor|39\/100 tox\n|move|p2a: Gliscor|Toxic|p1a: Chandelure\n|-status|p1a: Chandelure|tox\n|\n|-damage|p1a: Chandelure|94\/100 tox|[from] psn\n|-heal|p2a: Gliscor|52\/100 tox|[from] ability: Poison Heal\n|upkeep\n|turn|19\n|\n|t:|1700661245\n|move|p2a: Gliscor|Protect|p2a: Gliscor\n|-singleturn|p2a: Gliscor|Protect\n|move|p1a: Chandelure|Shadow Ball|p2a: Gliscor\n|-activate|p2a: Gliscor|move: Protect\n|\n|-damage|p1a: Chandelure|82\/100 tox|[from] psn\n|-heal|p2a: Gliscor|64\/100 tox|[from] ability: Poison Heal\n|upkeep\n|turn|20\n|\n|t:|1700661260\n|switch|p2a: Toxapex|Toxapex, F|100\/100\n|move|p1a: Chandelure|Shadow Ball|p2a: Toxapex\n|-damage|p2a: Toxapex|55\/100\n|\n|-damage|p1a: Chandelure|64\/100 tox|[from] psn\n|upkeep\n|turn|21\n|\n|t:|1700661271\n|switch|p1a: Cradily|Cradily, M|100\/100\n|-damage|p1a: Cradily|88\/100|[from] Stealth Rock\n|move|p2a: Toxapex|Knock Off|p1a: Cradily\n|-damage|p1a: Cradily|74\/100\n|-enditem|p1a: Cradily|Leftovers|[from] move: Knock Off|[of] p2a: Toxapex\n|\n|upkeep\n|turn|22\n|\n|t:|1700661279\n|move|p1a: Cradily|Stealth Rock|p2a: Toxapex\n|-sidestart|p2: hansord|move: Stealth Rock\n|move|p2a: Toxapex|Toxic|p1a: Cradily\n|-status|p1a: Cradily|tox\n|\n|-damage|p1a: Cradily|68\/100 tox|[from] psn\n|upkeep\n|turn|23\n|\n|t:|1700661287\n|move|p2a: Toxapex|Baneful Bunker|p2a: Toxapex\n|-singleturn|p2a: Toxapex|move: Protect\n|move|p1a: Cradily|Leech Seed|p2a: Toxapex\n|-activate|p2a: Toxapex|move: Protect\n|\n|-damage|p1a: Cradily|56\/100 tox|[from] psn\n|upkeep\n|turn|24\n|\n|t:|1700661294\n|switch|p2a: Gliscor|Gliscor, M|64\/100 tox\n|-damage|p2a: Gliscor|52\/100 tox|[from] Stealth Rock\n|move|p1a: Cradily|Leech Seed|p2a: Gliscor\n|-start|p2a: Gliscor|move: Leech Seed\n|\n|-damage|p2a: Gliscor|39\/100 tox|[from] Leech Seed|[of] p1a: Cradily\n|-heal|p1a: Cradily|67\/100 tox|[silent]\n|-heal|p2a: Gliscor|52\/100 tox|[from] ability: Poison Heal\n|-damage|p1a: Cradily|49\/100 tox|[from] psn\n|upkeep\n|turn|25\n|\n|t:|1700661306\n|switch|p2a: Toxapex|Toxapex, F|88\/100\n|-damage|p2a: Toxapex|76\/100|[from] Stealth Rock\n|move|p1a: Cradily|Recover|p1a: Cradily\n|-heal|p1a: Cradily|99\/100 tox\n|\n|-damage|p1a: Cradily|74\/100 tox|[from] psn\n|upkeep\n|turn|26\n|\n|t:|1700661321\n|switch|p2a: Rotom|Rotom-Wash|100\/100\n|-damage|p2a: Rotom|88\/100|[from] Stealth Rock\n|move|p1a: Cradily|Leech Seed|p2a: Rotom\n|-start|p2a: Rotom|move: Leech Seed\n|\n|-heal|p2a: Rotom|94\/100|[from] item: Leftovers\n|-damage|p2a: Rotom|82\/100|[from] Leech Seed|[of] p1a: Cradily\n|-heal|p1a: Cradily|85\/100 tox|[silent]\n|-damage|p1a: Cradily|54\/100 tox|[from] psn\n|upkeep\n|turn|27\n|\n|t:|1700661330\n|move|p2a: Rotom|Defog|p1a: Cradily\n|-unboost|p1a: Cradily|evasion|1\n|-sideend|p1: wppoprpo|Stealth Rock|[from] move: Defog|[of] p2a: Rotom\n|-sideend|p2: hansord|Stealth Rock|[from] move: Defog|[of] p2a: Rotom\n|move|p1a: Cradily|Recover|p1a: Cradily\n|-heal|p1a: Cradily|100\/100 tox\n|\n|-heal|p2a: Rotom|88\/100|[from] item: Leftovers\n|-damage|p2a: Rotom|75\/100|[from] Leech Seed|[of] p1a: Cradily\n|-damage|p1a: Cradily|64\/100 tox|[from] psn\n|upkeep\n|turn|28\n|\n|t:|1700661343\n|switch|p1a: Chandelure|Chandelure, M, tera:Ghost|64\/100 tox\n|move|p2a: Rotom|Volt Switch|p1a: Chandelure\n|-damage|p1a: Chandelure|26\/100 tox\n|\n|t:|1700661350\n|switch|p2a: Toxapex|Toxapex, F|100\/100|[from] Volt Switch\n|\n|-damage|p1a: Chandelure|20\/100 tox|[from] psn\n|upkeep\n|turn|29\n|\n|t:|1700661356\n|move|p1a: Chandelure|Trick|p2a: Toxapex\n|-activate|p1a: Chandelure|move: Trick|[of] p2a: Toxapex\n|-item|p2a: Toxapex|Choice Scarf|[from] move: Trick\n|-enditem|p1a: Chandelure|Choice Scarf|[silent]|[from] move: Trick\n|move|p2a: Toxapex|Knock Off|p1a: Chandelure\n|-supereffective|p1a: Chandelure\n|-damage|p1a: Chandelure|0 fnt\n|faint|p1a: Chandelure\n|\n|upkeep\n|\n|t:|1700661367\n|switch|p1a: Celesteela|Celesteela|100\/100\n|turn|30\n|\n|t:|1700661372\n|move|p2a: Toxapex|Knock Off|p1a: Celesteela\n|-damage|p1a: Celesteela|92\/100\n|-enditem|p1a: Celesteela|Leftovers|[from] move: Knock Off|[of] p2a: Toxapex\n|move|p1a: Celesteela|Leech Seed|p2a: Toxapex\n|-start|p2a: Toxapex|move: Leech Seed\n|\n|-damage|p2a: Toxapex|88\/100|[from] Leech Seed|[of] p1a: Celesteela\n|-heal|p1a: Celesteela|100\/100|[silent]\n|upkeep\n|turn|31\n|\n|t:|1700661382\n|switch|p2a: Garganacl|Garganacl, M|100\/100\n|move|p1a: Celesteela|Flash Cannon|p2a: Garganacl\n|-supereffective|p2a: Garganacl\n|-damage|p2a: Garganacl|64\/100\n|\n|-heal|p2a: Garganacl|71\/100|[from] item: Leftovers\n|upkeep\n|turn|32\n|\n|t:|1700661391\n|move|p1a: Celesteela|Leech Seed|p2a: Garganacl|[miss]\n|-miss|p1a: Celesteela|p2a: Garganacl\n|move|p2a: Garganacl|Salt Cure|p1a: Celesteela\n|-damage|p1a: Celesteela|93\/100\n|-start|p1a: Celesteela|Salt Cure\n|\n|-heal|p2a: Garganacl|77\/100|[from] item: Leftovers\n|-damage|p1a: Celesteela|68\/100|[from] Salt Cure\n|upkeep\n|turn|33\n|\n|t:|1700661399\n|move|p2a: Garganacl|Protect|p2a: Garganacl\n|-singleturn|p2a: Garganacl|Protect\n|move|p1a: Celesteela|Leech Seed|p2a: Garganacl\n|-activate|p2a: Garganacl|move: Protect\n|\n|-heal|p2a: Garganacl|83\/100|[from] item: Leftovers\n|-damage|p1a: Celesteela|43\/100|[from] Salt Cure\n|upkeep\n|turn|34\n|\n|t:|1700661407\n|switch|p2a: Toxapex|Toxapex, F|100\/100\n|move|p1a: Celesteela|Leech Seed|p2a: Toxapex\n|-start|p2a: Toxapex|move: Leech Seed\n|\n|-damage|p2a: Toxapex|88\/100|[from] Leech Seed|[of] p1a: Celesteela\n|-heal|p1a: Celesteela|53\/100|[silent]\n|-damage|p1a: Celesteela|28\/100|[from] Salt Cure\n|upkeep\n|turn|35\n|\n|t:|1700661417\n|switch|p2a: Gliscor|Gliscor, M|52\/100 tox\n|switch|p1a: Hoopa|Hoopa-Unbound|100\/100\n|\n|-heal|p2a: Gliscor|64\/100 tox|[from] ability: Poison Heal\n|upkeep\n|turn|36\n|\n|t:|1700661427\n|move|p1a: Hoopa|Ice Punch|p2a: Gliscor\n|-supereffective|p2a: Gliscor\n|-damage|p2a: Gliscor|0 fnt\n|faint|p2a: Gliscor\n|\n|upkeep\n|\n|t:|1700661433\n|switch|p2a: Banette|Banette, F|100\/100\n|-item|p1a: Hoopa|Choice Band|[from] ability: Frisk|[of] p2a: Banette|[identify]\n|turn|37\n|\n|t:|1700661442\n|switch|p1a: Celesteela|Celesteela|28\/100\n|detailschange|p2a: Banette|Banette-Mega, F\n|-mega|p2a: Banette|Banette|Banettite\n|move|p2a: Banette|Poltergeist||[still]\n|-fail|p2a: Banette\n|\n|upkeep\n|turn|38\n|\n|t:|1700661449\n|move|p2a: Banette|Sucker Punch||[still]\n|-fail|p2a: Banette\n|move|p1a: Celesteela|Leech Seed|p2a: Banette\n|-start|p2a: Banette|move: Leech Seed\n|\n|-damage|p2a: Banette|88\/100|[from] Leech Seed|[of] p1a: Celesteela\n|-heal|p1a: Celesteela|37\/100|[silent]\n|upkeep\n|turn|39\n|\n|t:|1700661457\n|move|p1a: Celesteela|Protect|p1a: Celesteela\n|-singleturn|p1a: Celesteela|Protect\n|move|p2a: Banette|Encore|p1a: Celesteela\n|-activate|p1a: Celesteela|move: Protect\n|\n|-damage|p2a: Banette|76\/100|[from] Leech Seed|[of] p1a: Celesteela\n|-heal|p1a: Celesteela|46\/100|[silent]\n|upkeep\n|turn|40\n|\n|t:|1700661467\n|switch|p2a: Rotom|Rotom-Wash|75\/100\n|move|p1a: Celesteela|Flash Cannon|p2a: Rotom\n|-resisted|p2a: Rotom\n|-damage|p2a: Rotom|68\/100\n|\n|-heal|p2a: Rotom|75\/100|[from] item: Leftovers\n|upkeep\n|turn|41\n|\n|t:|1700661474\n|move|p1a: Celesteela|Protect|p1a: Celesteela\n|-singleturn|p1a: Celesteela|Protect\n|move|p2a: Rotom|Will-O-Wisp|p1a: Celesteela\n|-activate|p1a: Celesteela|move: Protect\n|\n|-heal|p2a: Rotom|81\/100|[from] item: Leftovers\n|upkeep\n|turn|42\n|\n|t:|1700661482\n|move|p2a: Rotom|Will-O-Wisp|p1a: Celesteela\n|-status|p1a: Celesteela|brn\n|move|p1a: Celesteela|Leech Seed|p2a: Rotom\n|-start|p2a: Rotom|move: Leech Seed\n|\n|-heal|p2a: Rotom|87\/100|[from] item: Leftovers\n|-damage|p2a: Rotom|75\/100|[from] Leech Seed|[of] p1a: Celesteela\n|-heal|p1a: Celesteela|56\/100 brn|[silent]\n|-damage|p1a: Celesteela|50\/100 brn|[from] brn\n|upkeep\n|turn|43\n|\n|t:|1700661492\n|move|p2a: Rotom|Volt Switch|p1a: Celesteela\n|-supereffective|p1a: Celesteela\n|-damage|p1a: Celesteela|6\/100 brn\n|\n|t:|1700661498\n|switch|p2a: Toxapex|Toxapex, F|100\/100|[from] Volt Switch\n|move|p1a: Celesteela|Toxic|p2a: Toxapex\n|-immune|p2a: Toxapex\n|\n|-damage|p1a: Celesteela|0 fnt|[from] brn\n|faint|p1a: Celesteela\n|upkeep\n|\n|t:|1700661511\n|switch|p1a: Kartana|Kartana|100\/100\n|turn|44\n|\n|t:|1700661523\n|move|p1a: Kartana|Leaf Blade|p2a: Toxapex\n|-damage|p2a: Toxapex|66\/100\n|move|p2a: Toxapex|Knock Off|p1a: Kartana\n|-damage|p1a: Kartana|86\/100\n|-enditem|p1a: Kartana|Choice Scarf|[from] move: Knock Off|[of] p2a: Toxapex\n|\n|upkeep\n|turn|45\n|c|\u2606wppoprpo|\u5f53\u4e2a\u4eba\u5427\n|\n|t:|1700661541\n|switch|p2a: Heatran|Heatran, F|100\/100\n|move|p1a: Kartana|Leaf Blade|p2a: Heatran\n|-resisted|p2a: Heatran\n|-damage|p2a: Heatran|86\/100\n|\n|-heal|p2a: Heatran|92\/100|[from] item: Leftovers\n|upkeep\n|turn|46\n|\n|t:|1700661551\n|switch|p1a: Cradily|Cradily, M|64\/100 tox\n|move|p2a: Heatran|Magma Storm|p1a: Cradily|[miss]\n|-miss|p2a: Heatran|p1a: Cradily\n|\n|-heal|p2a: Heatran|98\/100|[from] item: Leftovers\n|-damage|p1a: Cradily|58\/100 tox|[from] psn\n|upkeep\n|turn|47\n|\n|t:|1700661566\n|switch|p2a: Rotom|Rotom-Wash|75\/100\n|move|p1a: Cradily|Stealth Rock|p2a: Rotom\n|-sidestart|p2: hansord|move: Stealth Rock\n|\n|-heal|p2a: Rotom|81\/100|[from] item: Leftovers\n|-damage|p1a: Cradily|45\/100 tox|[from] psn\n|upkeep\n|turn|48\n|\n|t:|1700661575\n|move|p2a: Rotom|Defog|p1a: Cradily\n|-unboost|p1a: Cradily|evasion|1\n|-sideend|p2: hansord|Stealth Rock|[from] move: Defog|[of] p2a: Rotom\n|move|p1a: Cradily|Leech Seed|p2a: Rotom\n|-start|p2a: Rotom|move: Leech Seed\n|\n|-heal|p2a: Rotom|87\/100|[from] item: Leftovers\n|-damage|p2a: Rotom|75\/100|[from] Leech Seed|[of] p1a: Cradily\n|-heal|p1a: Cradily|56\/100 tox|[silent]\n|-damage|p1a: Cradily|37\/100 tox|[from] psn\n|upkeep\n|turn|49\n|\n|t:|1700661584\n|move|p2a: Rotom|Volt Switch|p1a: Cradily\n|-resisted|p1a: Cradily\n|-damage|p1a: Cradily|30\/100 tox\n|\n|t:|1700661590\n|switch|p2a: Heatran|Heatran, F|98\/100|[from] Volt Switch\n|move|p1a: Cradily|Recover|p1a: Cradily\n|-heal|p1a: Cradily|80\/100 tox\n|\n|-heal|p2a: Heatran|100\/100|[from] item: Leftovers\n|-damage|p1a: Cradily|56\/100 tox|[from] psn\n|upkeep\n|turn|50\n|\n|t:|1700661598\n|move|p2a: Heatran|Magma Storm|p1a: Cradily\n|-crit|p1a: Cradily\n|-damage|p1a: Cradily|7\/100 tox\n|-activate|p1a: Cradily|move: Magma Storm|[of] p2a: Heatran\n|move|p1a: Cradily|Leech Seed|p2a: Heatran\n|-start|p2a: Heatran|move: Leech Seed\n|\n|-damage|p2a: Heatran|88\/100|[from] Leech Seed|[of] p1a: Cradily\n|-heal|p1a: Cradily|18\/100 tox|[silent]\n|-damage|p1a: Cradily|0 fnt|[from] psn\n|faint|p1a: Cradily\n|upkeep\n|\n|t:|1700661601\n|switch|p1a: Kartana|Kartana|86\/100\n|turn|51\n|\n|t:|1700661612\n|switch|p2a: Toxapex|Toxapex, F|99\/100\n|move|p1a: Kartana|Sacred Sword|p2a: Toxapex\n|-resisted|p2a: Toxapex\n|-damage|p2a: Toxapex|87\/100\n|\n|upkeep\n|turn|52\n|\n|t:|1700661621\n|move|p1a: Kartana|Leaf Blade|p2a: Toxapex\n|-damage|p2a: Toxapex|46\/100\n|move|p2a: Toxapex|Knock Off|p1a: Kartana\n|-damage|p1a: Kartana|76\/100\n|\n|upkeep\n|turn|53\n|\n|t:|1700661631\n|switch|p2a: Rotom|Rotom-Wash|75\/100\n|move|p1a: Kartana|Sacred Sword|p2a: Rotom\n|-damage|p2a: Rotom|31\/100\n|\n|-heal|p2a: Rotom|37\/100|[from] item: Leftovers\n|upkeep\n|turn|54\n|\n|t:|1700661646\n|move|p1a: Kartana|Sacred Sword|p2a: Rotom\n|-damage|p2a: Rotom|0 fnt\n|faint|p2a: Rotom\n|-ability|p1a: Kartana|Beast Boost|boost\n|-boost|p1a: Kartana|atk|1\n|\n|upkeep\n|\n|t:|1700661655\n|switch|p2a: Heatran|Heatran, F|88\/100\n|turn|55\n|\n|t:|1700661659\n|-terastallize|p2a: Heatran|Grass\n|move|p1a: Kartana|Sacred Sword|p2a: Heatran\n|-damage|p2a: Heatran|27\/100\n|move|p2a: Heatran|Magma Storm|p1a: Kartana\n|-supereffective|p1a: Kartana\n|-damage|p1a: Kartana|0 fnt\n|faint|p1a: Kartana\n|\n|-heal|p2a: Heatran|33\/100|[from] item: Leftovers\n|upkeep\n|\n|t:|1700661668\n|switch|p1a: Hoopa|Hoopa-Unbound|100\/100\n|turn|56\n|\n|t:|1700661673\n|move|p1a: Hoopa|Hyperspace Fury|p2a: Heatran\n|-damage|p2a: Heatran|0 fnt\n|-unboost|p1a: Hoopa|def|1\n|faint|p2a: Heatran\n|\n|upkeep\n|\n|t:|1700661680\n|switch|p2a: Toxapex|Toxapex, F|79\/100\n|turn|57\n|\n|t:|1700661692\n|move|p1a: Hoopa|Hyperspace Fury|p2a: Toxapex\n|-damage|p2a: Toxapex|27\/100\n|-unboost|p1a: Hoopa|def|1\n|move|p2a: Toxapex|Toxic|p1a: Hoopa\n|-status|p1a: Hoopa|tox\n|\n|-damage|p1a: Hoopa|95\/100 tox|[from] psn\n|upkeep\n|turn|58\n|\n|t:|1700661704\n|move|p1a: Hoopa|Hyperspace Fury|p2a: Toxapex\n|-damage|p2a: Toxapex|0 fnt\n|-unboost|p1a: Hoopa|def|1\n|faint|p2a: Toxapex\n|\n|-damage|p1a: Hoopa|83\/100 tox|[from] psn\n|upkeep\n|\n|t:|1700661711\n|switch|p2a: Banette|Banette-Mega, F|76\/100\n|turn|59\n|\n|t:|1700661715\n|move|p2a: Banette|Destiny Bond|p2a: Banette\n|-singlemove|p2a: Banette|Destiny Bond\n|move|p1a: Hoopa|Hyperspace Fury|p2a: Banette\n|-supereffective|p2a: Banette\n|-damage|p2a: Banette|0 fnt\n|-unboost|p1a: Hoopa|def|1\n|faint|p2a: Banette\n|-activate|p2a: Banette|move: Destiny Bond\n|faint|p1a: Hoopa\n|\n|win|hansord\n|raw|wppoprpo's rating: 1362 &rarr; <strong>1346<\/strong><br \/>(-16 for losing)\n|raw|hansord's rating: 1441 &rarr; <strong>1457<\/strong><br \/>(+16 for winning)\n|l|\u2606hansord\n","uploadtime":1700661729,"views":10,"p1id":"wppoprpo","p2id":"hansord","formatid":"gen9nationaldex","rating":1346,"private":0,"password":""}