{"id":"gen9nationaldex-1998967352","p1":"Joekimbo","p2":"BrawlerBlake","format":"[Gen 9] National Dex","log":"|html|<div class=\"broadcast-blue\"><strong>[Gen 9] National Dex is currently suspecting Sneasler! For information on how to participate check out the <a href=\"https:\/\/www.smogon.com\/forums\/threads\/sv-national-dex-suspect-8-just-dance.3731534\/\">suspect thread<\/a>.<\/strong><\/div>\n|j|\u2606Joekimbo\n|j|\u2606BrawlerBlake\n|t:|1701018815\n|gametype|singles\n|player|p1|Joekimbo|molayne|1184\n|player|p2|BrawlerBlake|red|1135\n|teamsize|p1|6\n|teamsize|p2|6\n|gen|9\n|tier|[Gen 9] National Dex\n|rated|\n|rule|HP Percentage Mod: HP is shown in percentages\n|rule|Endless Battle Clause: Forcing endless battles is banned\n|rule|OHKO Clause: OHKO moves are banned\n|rule|Evasion Clause: Evasion abilities, items, and moves are banned\n|rule|Evasion Abilities Clause: Evasion abilities are banned\n|rule|Evasion Items Clause: Evasion items are banned\n|rule|Evasion Moves Clause: Evasion moves are banned\n|rule|Species Clause: Limit one of each Pok\u00e9mon\n|rule|Sleep Clause Mod: Limit one foe put to sleep\n|clearpoke\n|poke|p1|Gengar, M|\n|poke|p1|Hypno, M|\n|poke|p1|Kingler, F|\n|poke|p1|Electrode|\n|poke|p1|Exeggutor, M|\n|poke|p1|Marowak, F|\n|poke|p2|Jolteon, M|\n|poke|p2|Krookodile, F|\n|poke|p2|Forretress, M|\n|poke|p2|Araquanid, M|\n|poke|p2|Cloyster, F|\n|poke|p2|Cinderace, M|\n|teampreview\n|inactive|Battle timer is ON: inactive players will automatically lose when time's up. (requested by BrawlerBlake)\n|\n|t:|1701018823\n|start\n|switch|p1a: Electrode|Electrode|100\/100\n|switch|p2a: Araquanid|Araquanid, M|100\/100\n|turn|1\n|\n|t:|1701018827\n|move|p1a: Electrode|Taunt|p2a: Araquanid\n|-start|p2a: Araquanid|move: Taunt\n|cant|p2a: Araquanid|move: Taunt|Sticky Web\n|\n|upkeep\n|turn|2\n|\n|t:|1701018838\n|switch|p2a: Krookodile|Krookodile, F|100\/100\n|move|p1a: Electrode|Reflect|p1a: Electrode\n|-sidestart|p1: Joekimbo|Reflect\n|\n|upkeep\n|turn|3\n|\n|t:|1701018845\n|switch|p2a: Araquanid|Araquanid, M|100\/100\n|move|p1a: Electrode|Light Screen|p1a: Electrode\n|-sidestart|p1: Joekimbo|move: Light Screen\n|\n|upkeep\n|turn|4\n|\n|t:|1701018848\n|move|p2a: Araquanid|Magic Coat|p2a: Araquanid\n|-singleturn|p2a: Araquanid|move: Magic Coat\n|move|p1a: Electrode|Taunt|p2a: Araquanid\n|move|p2a: Araquanid|Taunt|p1a: Electrode|[from]Magic Coat\n|-start|p1a: Electrode|move: Taunt\n|\n|upkeep\n|turn|5\n|\n|t:|1701018855\n|switch|p1a: Kingler|Kingler, F|100\/100\n|move|p2a: Araquanid|Sticky Web|p1a: Kingler\n|-sidestart|p1: Joekimbo|move: Sticky Web\n|\n|upkeep\n|turn|6\n|\n|t:|1701018862\n|move|p1a: Kingler|Agility|p1a: Kingler\n|-boost|p1a: Kingler|spe|2\n|move|p2a: Araquanid|Toxic|p1a: Kingler\n|-status|p1a: Kingler|tox\n|\n|-damage|p1a: Kingler|95\/100 tox|[from] psn\n|upkeep\n|turn|7\n|\n|t:|1701018865\n|move|p1a: Kingler|Swords Dance|p1a: Kingler\n|-boost|p1a: Kingler|atk|2\n|move|p2a: Araquanid|Scald|p1a: Kingler\n|-resisted|p1a: Kingler\n|-damage|p1a: Kingler|75\/100 tox\n|\n|-damage|p1a: Kingler|63\/100 tox|[from] psn\n|upkeep\n|turn|8\n|\n|t:|1701018869\n|move|p1a: Kingler|Rock Slide|p2a: Araquanid\n|-supereffective|p2a: Araquanid\n|-damage|p2a: Araquanid|0 fnt\n|faint|p2a: Araquanid\n|\n|-damage|p1a: Kingler|46\/100 tox|[from] psn\n|upkeep\n|\n|t:|1701018883\n|switch|p2a: Forretress|Forretress, M|100\/100\n|turn|9\n|\n|t:|1701018887\n|move|p1a: Kingler|Liquidation|p2a: Forretress\n|-damage|p2a: Forretress|7\/100\n|move|p2a: Forretress|Stealth Rock|p1a: Kingler\n|-sidestart|p1: Joekimbo|move: Stealth Rock\n|\n|-damage|p1a: Kingler|22\/100 tox|[from] psn\n|-sideend|p1: Joekimbo|Reflect\n|upkeep\n|turn|10\n|\n|t:|1701018903\n|switch|p2a: Cloyster|Cloyster, F|100\/100\n|move|p1a: Kingler|Rock Slide|p2a: Cloyster|[miss]\n|-miss|p1a: Kingler|p2a: Cloyster\n|\n|-damage|p1a: Kingler|0 fnt|[from] psn\n|faint|p1a: Kingler\n|-sideend|p1: Joekimbo|move: Light Screen\n|upkeep\n|\n|t:|1701018912\n|switch|p1a: Exeggutor|Exeggutor, M|100\/100\n|-activate|p1a: Exeggutor|move: Sticky Web\n|-unboost|p1a: Exeggutor|spe|1\n|-damage|p1a: Exeggutor|88\/100|[from] Stealth Rock\n|turn|11\n|\n|t:|1701018919\n|move|p2a: Cloyster|Shell Smash|p2a: Cloyster\n|-unboost|p2a: Cloyster|def|1\n|-unboost|p2a: Cloyster|spd|1\n|-boost|p2a: Cloyster|atk|2\n|-boost|p2a: Cloyster|spa|2\n|-boost|p2a: Cloyster|spe|2\n|-enditem|p2a: Cloyster|White Herb\n|-clearnegativeboost|p2a: Cloyster|[silent]\n|move|p1a: Exeggutor|Giga Drain|p2a: Cloyster\n|-supereffective|p2a: Cloyster\n|-damage|p2a: Cloyster|0 fnt\n|-heal|p1a: Exeggutor|100\/100|[from] drain|[of] p2a: Cloyster\n|faint|p2a: Cloyster\n|\n|upkeep\n|\n|t:|1701018930\n|switch|p2a: Forretress|Forretress, M|7\/100\n|turn|12\n|-enditem|p2a: Forretress|Custap Berry|[eat]\n|-activate|p2a: Forretress|item: Custap Berry|[consumed]\n|\n|t:|1701018934\n|move|p2a: Forretress|Explosion|p1a: Exeggutor\n|-damage|p1a: Exeggutor|61\/100\n|faint|p2a: Forretress\n|move|p1a: Exeggutor|Substitute|p1a: Exeggutor\n|-start|p1a: Exeggutor|Substitute\n|-damage|p1a: Exeggutor|36\/100\n|-enditem|p1a: Exeggutor|Sitrus Berry|[eat]\n|-heal|p1a: Exeggutor|61\/100|[from] item: Sitrus Berry\n|\n|upkeep\n|\n|t:|1701018943\n|switch|p2a: Cinderace|Cinderace, M|100\/100\n|turn|13\n|\n|t:|1701018952\n|move|p2a: Cinderace|Swords Dance|p2a: Cinderace\n|-boost|p2a: Cinderace|atk|2\n|move|p1a: Exeggutor|Leech Seed|p2a: Cinderace\n|-start|p2a: Cinderace|move: Leech Seed\n|\n|-damage|p2a: Cinderace|88\/100|[from] Leech Seed|[of] p1a: Exeggutor\n|-heal|p1a: Exeggutor|70\/100|[silent]\n|upkeep\n|turn|14\n|\n|t:|1701018955\n|move|p1a: Exeggutor|Protect|p1a: Exeggutor\n|-singleturn|p1a: Exeggutor|Protect\n|move|p2a: Cinderace|Pyro Ball|p1a: Exeggutor\n|-activate|p1a: Exeggutor|move: Protect\n|\n|-damage|p2a: Cinderace|76\/100|[from] Leech Seed|[of] p1a: Exeggutor\n|-heal|p1a: Exeggutor|80\/100|[silent]\n|-item|p1a: Exeggutor|Sitrus Berry|[from] ability: Harvest\n|upkeep\n|turn|15\n|\n|t:|1701018959\n|move|p2a: Cinderace|Pyro Ball|p1a: Exeggutor\n|-supereffective|p1a: Exeggutor\n|-end|p1a: Exeggutor|Substitute\n|move|p1a: Exeggutor|Substitute|p1a: Exeggutor\n|-start|p1a: Exeggutor|Substitute\n|-damage|p1a: Exeggutor|55\/100\n|\n|-damage|p2a: Cinderace|64\/100|[from] Leech Seed|[of] p1a: Exeggutor\n|-heal|p1a: Exeggutor|64\/100|[silent]\n|upkeep\n|turn|16\n|\n|t:|1701018962\n|move|p1a: Exeggutor|Protect|p1a: Exeggutor\n|-singleturn|p1a: Exeggutor|Protect\n|move|p2a: Cinderace|Pyro Ball|p1a: Exeggutor\n|-activate|p1a: Exeggutor|move: Protect\n|\n|-damage|p2a: Cinderace|51\/100|[from] Leech Seed|[of] p1a: Exeggutor\n|-heal|p1a: Exeggutor|74\/100|[silent]\n|upkeep\n|turn|17\n|\n|t:|1701018964\n|move|p2a: Cinderace|Pyro Ball|p1a: Exeggutor\n|-supereffective|p1a: Exeggutor\n|-end|p1a: Exeggutor|Substitute\n|move|p1a: Exeggutor|Substitute|p1a: Exeggutor\n|-start|p1a: Exeggutor|Substitute\n|-damage|p1a: Exeggutor|49\/100\n|-enditem|p1a: Exeggutor|Sitrus Berry|[eat]\n|-heal|p1a: Exeggutor|74\/100|[from] item: Sitrus Berry\n|\n|-damage|p2a: Cinderace|39\/100|[from] Leech Seed|[of] p1a: Exeggutor\n|-heal|p1a: Exeggutor|83\/100|[silent]\n|upkeep\n|turn|18\n|\n|t:|1701018969\n|switch|p2a: Jolteon|Jolteon, M|100\/100\n|-item|p2a: Jolteon|Air Balloon\n|move|p1a: Exeggutor|Protect||[still]\n|-fail|p1a: Exeggutor\n|\n|upkeep\n|turn|19\n|\n|t:|1701018976\n|move|p2a: Jolteon|Volt Switch|p1a: Exeggutor\n|-resisted|p1a: Exeggutor\n|-activate|p1a: Exeggutor|move: Substitute|[damage]\n|\n|t:|1701018980\n|switch|p2a: Cinderace|Cinderace, M|39\/100|[from] Volt Switch\n|move|p1a: Exeggutor|Leech Seed|p2a: Cinderace\n|-start|p2a: Cinderace|move: Leech Seed\n|\n|-damage|p2a: Cinderace|27\/100|[from] Leech Seed|[of] p1a: Exeggutor\n|-heal|p1a: Exeggutor|92\/100|[silent]\n|-item|p1a: Exeggutor|Sitrus Berry|[from] ability: Harvest\n|upkeep\n|turn|20\n|\n|t:|1701018985\n|move|p2a: Cinderace|Gunk Shot|p1a: Exeggutor|[miss]\n|-miss|p2a: Cinderace|p1a: Exeggutor\n|move|p1a: Exeggutor|Substitute|p1a: Exeggutor\n|-fail|p1a: Exeggutor|move: Substitute\n|\n|-damage|p2a: Cinderace|14\/100|[from] Leech Seed|[of] p1a: Exeggutor\n|-heal|p1a: Exeggutor|100\/100|[silent]\n|upkeep\n|turn|21\n|\n|t:|1701018990\n|move|p2a: Cinderace|Gunk Shot|p1a: Exeggutor\n|-supereffective|p1a: Exeggutor\n|-end|p1a: Exeggutor|Substitute\n|move|p1a: Exeggutor|Substitute|p1a: Exeggutor\n|-start|p1a: Exeggutor|Substitute\n|-damage|p1a: Exeggutor|76\/100\n|\n|-damage|p2a: Cinderace|2\/100|[from] Leech Seed|[of] p1a: Exeggutor\n|-heal|p1a: Exeggutor|85\/100|[silent]\n|upkeep\n|turn|22\n|\n|t:|1701018993\n|move|p1a: Exeggutor|Protect|p1a: Exeggutor\n|-singleturn|p1a: Exeggutor|Protect\n|move|p2a: Cinderace|High Jump Kick|p1a: Exeggutor\n|-activate|p1a: Exeggutor|move: Protect\n|-damage|p2a: Cinderace|0 fnt|[from] highjumpkick\n|faint|p2a: Cinderace\n|\n|upkeep\n|\n|t:|1701018997\n|switch|p2a: Krookodile|Krookodile, F|100\/100\n|turn|23\n|\n|t:|1701019001\n|move|p2a: Krookodile|Hone Claws|p2a: Krookodile\n|-boost|p2a: Krookodile|atk|1\n|-boost|p2a: Krookodile|accuracy|1\n|move|p1a: Exeggutor|Giga Drain|p2a: Krookodile\n|-supereffective|p2a: Krookodile\n|-damage|p2a: Krookodile|20\/100\n|-heal|p1a: Exeggutor|100\/100|[from] drain|[of] p2a: Krookodile\n|\n|upkeep\n|turn|24\n|\n|t:|1701019007\n|-terastallize|p2a: Krookodile|Poison\n|move|p2a: Krookodile|Knock Off|p1a: Exeggutor\n|-supereffective|p1a: Exeggutor\n|-end|p1a: Exeggutor|Substitute\n|move|p1a: Exeggutor|Giga Drain|p2a: Krookodile\n|-resisted|p2a: Krookodile\n|-damage|p2a: Krookodile|0 fnt\n|faint|p2a: Krookodile\n|\n|upkeep\n|\n|t:|1701019009\n|switch|p2a: Jolteon|Jolteon, M|100\/100\n|-item|p2a: Jolteon|Air Balloon\n|turn|25\n|\n|t:|1701019011\n|move|p2a: Jolteon|Yawn|p1a: Exeggutor\n|-start|p1a: Exeggutor|move: Yawn|[of] p2a: Jolteon\n|move|p1a: Exeggutor|Leech Seed|p2a: Jolteon\n|-start|p2a: Jolteon|move: Leech Seed\n|\n|-damage|p2a: Jolteon|88\/100|[from] Leech Seed|[of] p1a: Exeggutor\n|upkeep\n|turn|26\n|\n|t:|1701019022\n|move|p2a: Jolteon|Shadow Ball|p1a: Exeggutor\n|-supereffective|p1a: Exeggutor\n|-damage|p1a: Exeggutor|46\/100\n|-enditem|p1a: Exeggutor|Sitrus Berry|[eat]\n|-heal|p1a: Exeggutor|71\/100|[from] item: Sitrus Berry\n|move|p1a: Exeggutor|Giga Drain|p2a: Jolteon\n|-damage|p2a: Jolteon|44\/100\n|-heal|p1a: Exeggutor|87\/100|[from] drain|[of] p2a: Jolteon\n|-enditem|p2a: Jolteon|Air Balloon\n|\n|-damage|p2a: Jolteon|31\/100|[from] Leech Seed|[of] p1a: Exeggutor\n|-heal|p1a: Exeggutor|95\/100|[silent]\n|-end|p1a: Exeggutor|move: Yawn|[silent]\n|-status|p1a: Exeggutor|slp\n|upkeep\n|turn|27\n|-message|BrawlerBlake forfeited.\n|\n|win|Joekimbo\n|raw|Joekimbo's rating: 1184 &rarr; <strong>1205<\/strong><br \/>(+21 for winning)\n|raw|BrawlerBlake's rating: 1135 &rarr; <strong>1114<\/strong><br \/>(-21 for losing)\n|l|\u2606BrawlerBlake\n","uploadtime":1701019037,"views":17,"p1id":"joekimbo","p2id":"brawlerblake","formatid":"gen9nationaldex","rating":1114,"private":0,"password":""}