{"id":"gen9nationaldex-1998529582","p1":"Mob Boss Joey","p2":"khtfyuc","format":"[Gen 9] National Dex","log":"|html|<div class=\"broadcast-blue\"><strong>[Gen 9] National Dex is currently suspecting Sneasler! For information on how to participate check out the <a href=\"https:\/\/www.smogon.com\/forums\/threads\/sv-national-dex-suspect-8-just-dance.3731534\/\">suspect thread<\/a>.<\/strong><\/div>\n|j|\u2606Mob Boss Joey\n|j|\u2606khtfyuc\n|t:|1700952740\n|gametype|singles\n|player|p1|Mob Boss Joey|169|1189\n|player|p2|khtfyuc|gentleman-gen4dp|1068\n|teamsize|p1|6\n|teamsize|p2|6\n|gen|9\n|tier|[Gen 9] National Dex\n|rated|\n|rule|HP Percentage Mod: HP is shown in percentages\n|rule|Endless Battle Clause: Forcing endless battles is banned\n|rule|OHKO Clause: OHKO moves are banned\n|rule|Evasion Clause: Evasion abilities, items, and moves are banned\n|rule|Evasion Abilities Clause: Evasion abilities are banned\n|rule|Evasion Items Clause: Evasion items are banned\n|rule|Evasion Moves Clause: Evasion moves are banned\n|rule|Species Clause: Limit one of each Pok\u00e9mon\n|rule|Sleep Clause Mod: Limit one foe put to sleep\n|clearpoke\n|poke|p1|Munkidori, M|\n|poke|p1|Quagsire, M|\n|poke|p1|Wormadam-Trash, F|\n|poke|p1|Iron Valiant|\n|poke|p1|Banette, F|\n|poke|p1|Pawmot, M|\n|poke|p2|Slowbro, F|\n|poke|p2|Marowak-Alola, M|\n|poke|p2|Porygon2|\n|poke|p2|Stakataka|\n|poke|p2|Vikavolt, M|\n|poke|p2|Scizor, F|\n|teampreview\n|j| Alpha Arceus\n|\n|t:|1700952750\n|start\n|switch|p1a: Basura|Wormadam-Trash, F|100\/100\n|switch|p2a: Porygon2|Porygon2|100\/100\n|-ability|p2a: Porygon2|Overcoat|[from] ability: Trace|[of] p1a: Basura\n|turn|1\n|\n|t:|1700952757\n|move|p1a: Basura|Quiver Dance|p1a: Basura\n|-boost|p1a: Basura|spa|1\n|-boost|p1a: Basura|spd|1\n|-boost|p1a: Basura|spe|1\n|move|p2a: Porygon2|Trick Room|p2a: Porygon2\n|-fieldstart|move: Trick Room|[of] p2a: Porygon2\n|\n|upkeep\n|turn|2\n|\n|t:|1700952763\n|move|p1a: Basura|Quiver Dance|p1a: Basura\n|-boost|p1a: Basura|spa|1\n|-boost|p1a: Basura|spd|1\n|-boost|p1a: Basura|spe|1\n|move|p2a: Porygon2|Teleport|p2a: Porygon2\n|\n|t:|1700952766\n|switch|p2a: Marowak|Marowak-Alola, M|100\/100|[from] Teleport\n|\n|upkeep\n|turn|3\n|\n|t:|1700952779\n|move|p2a: Marowak|Flare Blitz|p1a: Basura\n|-supereffective|p1a: Basura\n|-enditem|p1a: Basura|Focus Sash\n|-damage|p1a: Basura|1\/100\n|-damage|p2a: Marowak|74\/100|[from] Recoil\n|move|p1a: Basura|Bug Buzz|p2a: Marowak\n|-resisted|p2a: Marowak\n|-damage|p2a: Marowak|53\/100\n|\n|upkeep\n|turn|4\n|\n|t:|1700952795\n|switch|p1a: No b8 m8|Quagsire, M, shiny|100\/100\n|move|p2a: Marowak|Flare Blitz|p1a: No b8 m8\n|-resisted|p1a: No b8 m8\n|-damage|p1a: No b8 m8|63\/100\n|-damage|p2a: Marowak|38\/100|[from] Recoil\n|\n|-heal|p1a: No b8 m8|69\/100|[from] item: Leftovers\n|upkeep\n|turn|5\n|\n|t:|1700952810\n|-terastallize|p2a: Marowak|Flying\n|move|p2a: Marowak|Poltergeist|p1a: No b8 m8\n|-activate|p1a: No b8 m8|move: Poltergeist|Leftovers\n|-damage|p1a: No b8 m8|3\/100\n|move|p1a: No b8 m8|Scald|p2a: Marowak\n|-damage|p2a: Marowak|14\/100\n|\n|-heal|p1a: No b8 m8|9\/100|[from] item: Leftovers\n|-fieldend|move: Trick Room\n|upkeep\n|turn|6\n|\n|t:|1700952825\n|move|p1a: No b8 m8|Recover|p1a: No b8 m8\n|-heal|p1a: No b8 m8|59\/100\n|move|p2a: Marowak|Poltergeist|p1a: No b8 m8\n|-activate|p1a: No b8 m8|move: Poltergeist|Leftovers\n|-damage|p1a: No b8 m8|0 fnt\n|faint|p1a: No b8 m8\n|\n|upkeep\n|\n|t:|1700952842\n|switch|p1a: Master of Puppets|Banette, F|100\/100\n|turn|7\n|\n|t:|1700952851\n|switch|p2a: Vikavolt|Vikavolt, M|100\/100\n|detailschange|p1a: Master of Puppets|Banette-Mega, F\n|-mega|p1a: Master of Puppets|Banette|Banettite\n|move|p1a: Master of Puppets|Sucker Punch||[still]\n|-fail|p1a: Master of Puppets\n|\n|upkeep\n|turn|8\n|\n|t:|1700952866\n|move|p1a: Master of Puppets|Destiny Bond|p1a: Master of Puppets\n|-singlemove|p1a: Master of Puppets|Destiny Bond\n|move|p2a: Vikavolt|Volt Switch|p1a: Master of Puppets\n|-damage|p1a: Master of Puppets|53\/100\n|\n|t:|1700952874\n|switch|p2a: Porygon2|Porygon2|100\/100|[from] Volt Switch\n|-ability|p2a: Porygon2|Prankster|[from] ability: Trace|[of] p1a: Master of Puppets\n|\n|upkeep\n|turn|9\n|\n|t:|1700952895\n|switch|p1a: Pawmot|Pawmot, M|100\/100\n|move|p2a: Porygon2|Trick Room|p2a: Porygon2\n|-fieldstart|move: Trick Room|[of] p2a: Porygon2\n|\n|upkeep\n|turn|10\n|\n|t:|1700952903\n|move|p1a: Pawmot|Close Combat|p2a: Porygon2\n|-supereffective|p2a: Porygon2\n|-damage|p2a: Porygon2|30\/100\n|-unboost|p1a: Pawmot|def|1\n|-unboost|p1a: Pawmot|spd|1\n|move|p2a: Porygon2|Teleport|p2a: Porygon2\n|\n|t:|1700952920\n|switch|p2a: Scizor|Scizor, F|100\/100|[from] Teleport\n|\n|upkeep\n|turn|11\n|\n|t:|1700952938\n|detailschange|p2a: Scizor|Scizor-Mega, F\n|-mega|p2a: Scizor|Scizor|Scizorite\n|move|p2a: Scizor|U-turn|p1a: Pawmot\n|-resisted|p1a: Pawmot\n|-damage|p1a: Pawmot|42\/100\n|\n|t:|1700952951\n|switch|p2a: Marowak|Marowak-Alola, M, tera:Flying|14\/100|[from] U-turn\n|move|p1a: Pawmot|Double Shock|p2a: Marowak\n|-ability|p2a: Marowak|Lightning Rod|boost\n|-boost|p2a: Marowak|spa|1\n|\n|upkeep\n|turn|12\n|\n|t:|1700952967\n|switch|p1a: Basura|Wormadam-Trash, F|1\/100\n|move|p2a: Marowak|Poltergeist||[still]\n|-fail|p2a: Marowak\n|\n|upkeep\n|turn|13\n|\n|t:|1700952976\n|move|p2a: Marowak|Flare Blitz|p1a: Basura\n|-supereffective|p1a: Basura\n|-damage|p1a: Basura|0 fnt\n|faint|p1a: Basura\n|-damage|p2a: Marowak|14\/100|[from] Recoil\n|\n|-fieldend|move: Trick Room\n|upkeep\n|\n|t:|1700952989\n|switch|p1a: Master of Puppets|Banette-Mega, F|53\/100\n|turn|14\n|\n|t:|1700953004\n|move|p1a: Master of Puppets|Poltergeist|p2a: Marowak\n|-activate|p2a: Marowak|move: Poltergeist|Thick Club\n|-damage|p2a: Marowak|0 fnt\n|faint|p2a: Marowak\n|\n|upkeep\n|\n|t:|1700953007\n|switch|p2a: Porygon2|Porygon2|30\/100\n|-ability|p2a: Porygon2|Prankster|[from] ability: Trace|[of] p1a: Master of Puppets\n|turn|15\n|\n|t:|1700953019\n|switch|p1a: Pawmot|Pawmot, M|42\/100\n|move|p2a: Porygon2|Trick Room|p2a: Porygon2\n|-fieldstart|move: Trick Room|[of] p2a: Porygon2\n|\n|upkeep\n|turn|16\n|\n|t:|1700953029\n|move|p2a: Porygon2|Foul Play|p1a: Pawmot\n|-resisted|p1a: Pawmot\n|-damage|p1a: Pawmot|18\/100\n|move|p1a: Pawmot|Double Shock|p2a: Porygon2\n|-damage|p2a: Porygon2|0 fnt\n|-start|p1a: Pawmot|typechange|???\/Fighting|[from] move: Double Shock\n|faint|p2a: Porygon2\n|\n|upkeep\n|\n|t:|1700953042\n|switch|p2a: Vikavolt|Vikavolt, M|100\/100\n|turn|17\n|\n|t:|1700953065\n|move|p2a: Vikavolt|Volt Switch|p1a: Pawmot\n|-heal|p1a: Pawmot|43\/100|[from] ability: Volt Absorb|[of] p2a: Vikavolt\n|move|p1a: Pawmot|Revival Blessing|p1a: Pawmot\n|-enditem|p1a: Pawmot|Leppa Berry|[eat]\n|-activate|p1a: Pawmot|item: Leppa Berry|Revival Blessing|[consumed]\n|\n|t:|1700953071\n|-heal|p1: No b8 m8|50\/100|[from] move: Revival Blessing\n|\n|upkeep\n|turn|18\n|-message|khtfyuc forfeited.\n|\n|win|Mob Boss Joey\n|raw|Mob Boss Joey's rating: 1189 &rarr; <strong>1206<\/strong><br \/>(+17 for winning)\n|raw|khtfyuc's rating: 1068 &rarr; <strong>1055<\/strong><br \/>(-13 for losing)\n|l|\u2606khtfyuc\n","uploadtime":1700953197,"views":1,"p1id":"mobbossjoey","p2id":"khtfyuc","formatid":"gen9nationaldex","rating":1055,"private":0,"password":""}