{"id":"gen9nationaldex-1991546178","p1":"ThatOneDude21","p2":"LipeZero","format":"[Gen 9] National Dex","log":"|j|\u2606ThatOneDude21\n|j|\u2606LipeZero\n|t:|1700087007\n|gametype|singles\n|player|p1|ThatOneDude21|unknown|1091\n|player|p2|LipeZero|n|1140\n|teamsize|p1|6\n|teamsize|p2|6\n|gen|9\n|tier|[Gen 9] National Dex\n|rated|\n|rule|HP Percentage Mod: HP is shown in percentages\n|rule|Endless Battle Clause: Forcing endless battles is banned\n|rule|OHKO Clause: OHKO moves are banned\n|rule|Evasion Clause: Evasion abilities, items, and moves are banned\n|rule|Evasion Abilities Clause: Evasion abilities are banned\n|rule|Evasion Items Clause: Evasion items are banned\n|rule|Evasion Moves Clause: Evasion moves are banned\n|rule|Species Clause: Limit one of each Pok\u00e9mon\n|rule|Sleep Clause Mod: Limit one foe put to sleep\n|clearpoke\n|poke|p1|Tapu Koko|\n|poke|p1|Kyurem|\n|poke|p1|Araquanid, M|\n|poke|p1|Chatot, F|\n|poke|p1|Comfey, F|\n|poke|p1|Hitmonchan, M|\n|poke|p2|Politoed, F|\n|poke|p2|Porygon-Z|\n|poke|p2|Heliolisk, M|\n|poke|p2|Barraskewda, F|\n|poke|p2|Goodra-Hisui, F|\n|poke|p2|Swampert, M|\n|teampreview\n|inactive|Battle timer is ON: inactive players will automatically lose when time's up. (requested by ThatOneDude21)\n|\n|t:|1700087013\n|start\n|switch|p1a: Araquanid|Araquanid, M|100\/100\n|switch|p2a: Chuvinha|Politoed, F|100\/100\n|-weather|RainDance|[from] ability: Drizzle|[of] p2a: Chuvinha\n|turn|1\n|\n|t:|1700087021\n|move|p2a: Chuvinha|Toxic|p1a: Araquanid\n|-status|p1a: Araquanid|tox\n|move|p1a: Araquanid|Liquidation|p2a: Chuvinha\n|-resisted|p2a: Chuvinha\n|-damage|p2a: Chuvinha|52\/100\n|-unboost|p2a: Chuvinha|def|1\n|\n|-weather|RainDance|[upkeep]\n|-damage|p1a: Araquanid|94\/100 tox|[from] psn\n|upkeep\n|turn|2\n|\n|t:|1700087033\n|switch|p2a: Thais Carla|Goodra-Hisui, F|100\/100\n|move|p1a: Araquanid|Liquidation|p2a: Thais Carla\n|-resisted|p2a: Thais Carla\n|-damage|p2a: Thais Carla|65\/100\n|\n|-weather|RainDance|[upkeep]\n|-damage|p1a: Araquanid|82\/100 tox|[from] psn\n|upkeep\n|turn|3\n|\n|t:|1700087049\n|move|p1a: Araquanid|Liquidation|p2a: Thais Carla\n|-resisted|p2a: Thais Carla\n|-damage|p2a: Thais Carla|34\/100\n|move|p2a: Thais Carla|Curse|p2a: Thais Carla\n|-unboost|p2a: Thais Carla|spe|1\n|-boost|p2a: Thais Carla|atk|1\n|-boost|p2a: Thais Carla|def|1\n|\n|-weather|RainDance|[upkeep]\n|-damage|p1a: Araquanid|64\/100 tox|[from] psn\n|upkeep\n|turn|4\n|\n|t:|1700087059\n|move|p1a: Araquanid|Liquidation|p2a: Thais Carla\n|-resisted|p2a: Thais Carla\n|-damage|p2a: Thais Carla|13\/100\n|move|p2a: Thais Carla|Gyro Ball|p1a: Araquanid\n|-resisted|p1a: Araquanid\n|-damage|p1a: Araquanid|36\/100 tox\n|\n|-weather|RainDance|[upkeep]\n|-damage|p1a: Araquanid|11\/100 tox|[from] psn\n|upkeep\n|turn|5\n|\n|t:|1700087069\n|move|p1a: Araquanid|Liquidation|p2a: Thais Carla\n|-resisted|p2a: Thais Carla\n|-damage|p2a: Thais Carla|0 fnt\n|faint|p2a: Thais Carla\n|\n|-weather|RainDance|[upkeep]\n|-damage|p1a: Araquanid|0 fnt|[from] psn\n|faint|p1a: Araquanid\n|upkeep\n|inactive|ThatOneDude21 has 120 seconds left.\n|\n|t:|1700087113\n|switch|p1a: Kyurem|Kyurem|100\/100\n|switch|p2a: Coisa ruim|Porygon-Z|100\/100\n|-ability|p1a: Kyurem|Pressure\n|turn|6\n|\n|t:|1700087124\n|move|p1a: Kyurem|Focus Blast|p2a: Coisa ruim|[miss]\n|-miss|p1a: Kyurem|p2a: Coisa ruim\n|move|p2a: Coisa ruim|Tri Attack|p1a: Kyurem\n|-damage|p1a: Kyurem|39\/100\n|\n|-weather|RainDance|[upkeep]\n|upkeep\n|turn|7\n|\n|t:|1700087132\n|move|p1a: Kyurem|Focus Blast|p2a: Coisa ruim\n|-supereffective|p2a: Coisa ruim\n|-damage|p2a: Coisa ruim|0 fnt\n|faint|p2a: Coisa ruim\n|\n|-weather|RainDance|[upkeep]\n|upkeep\n|\n|t:|1700087145\n|switch|p2a: Chuvinha|Politoed, F|52\/100\n|turn|8\n|\n|t:|1700087149\n|move|p1a: Kyurem|Focus Blast|p2a: Chuvinha|[miss]\n|-miss|p1a: Kyurem|p2a: Chuvinha\n|move|p2a: Chuvinha|Toxic|p1a: Kyurem\n|-status|p1a: Kyurem|tox\n|\n|-weather|none\n|-damage|p1a: Kyurem|33\/100 tox|[from] psn\n|upkeep\n|turn|9\n|\n|t:|1700087170\n|move|p1a: Kyurem|Focus Blast|p2a: Chuvinha\n|-damage|p2a: Chuvinha|15\/100\n|move|p2a: Chuvinha|Scald|p1a: Kyurem\n|-resisted|p1a: Kyurem\n|-damage|p1a: Kyurem|21\/100 tox\n|\n|-damage|p1a: Kyurem|9\/100 tox|[from] psn\n|upkeep\n|turn|10\n|\n|t:|1700087182\n|switch|p2a: Calabreso|Heliolisk, M|100\/100\n|move|p1a: Kyurem|Focus Blast|p2a: Calabreso|[miss]\n|-miss|p1a: Kyurem|p2a: Calabreso\n|\n|-damage|p1a: Kyurem|0 fnt|[from] psn\n|faint|p1a: Kyurem\n|upkeep\n|\n|t:|1700087188\n|switch|p1a: Hitmonchan|Hitmonchan, M|100\/100\n|turn|11\n|\n|t:|1700087201\n|move|p2a: Calabreso|Parabolic Charge|p1a: Hitmonchan\n|-crit|p1a: Hitmonchan\n|-damage|p1a: Hitmonchan|39\/100\n|-damage|p2a: Calabreso|91\/100|[from] item: Life Orb\n|move|p1a: Hitmonchan|Drain Punch|p2a: Calabreso\n|-supereffective|p2a: Calabreso\n|-damage|p2a: Calabreso|0 fnt\n|-heal|p1a: Hitmonchan|88\/100|[from] drain|[of] p2a: Calabreso\n|faint|p2a: Calabreso\n|-damage|p1a: Hitmonchan|79\/100|[from] item: Life Orb\n|\n|upkeep\n|\n|t:|1700087214\n|switch|p2a: Chuvinha|Politoed, F|15\/100\n|-weather|RainDance|[from] ability: Drizzle|[of] p2a: Chuvinha\n|turn|12\n|\n|t:|1700087219\n|move|p1a: Hitmonchan|Drain Punch|p2a: Chuvinha\n|-damage|p2a: Chuvinha|0 fnt\n|-heal|p1a: Hitmonchan|88\/100|[from] drain|[of] p2a: Chuvinha\n|faint|p2a: Chuvinha\n|-damage|p1a: Hitmonchan|78\/100|[from] item: Life Orb\n|\n|-weather|RainDance|[upkeep]\n|upkeep\n|\n|t:|1700087229\n|switch|p2a: Piranha|Barraskewda, F, shiny|100\/100\n|turn|13\n|\n|t:|1700087235\n|move|p2a: Piranha|Psychic Fangs|p1a: Hitmonchan\n|-supereffective|p1a: Hitmonchan\n|-damage|p1a: Hitmonchan|0 fnt\n|faint|p1a: Hitmonchan\n|-damage|p2a: Piranha|91\/100|[from] item: Life Orb\n|\n|-weather|RainDance|[upkeep]\n|upkeep\n|\n|t:|1700087239\n|switch|p1a: Comfey|Comfey, F, shiny|100\/100\n|turn|14\n|\n|t:|1700087245\n|-terastallize|p1a: Comfey|Grass\n|move|p1a: Comfey|Giga Drain|p2a: Piranha\n|-supereffective|p2a: Piranha\n|-damage|p2a: Piranha|0 fnt\n|faint|p2a: Piranha\n|-damage|p1a: Comfey|91\/100|[from] item: Life Orb\n|\n|-weather|RainDance|[upkeep]\n|upkeep\n|inactive|LipeZero has 120 seconds left.\n|\n|t:|1700087302\n|switch|p2a: Sap\u00e3o|Swampert, M|100\/100\n|turn|15\n|\n|t:|1700087309\n|detailschange|p2a: Sap\u00e3o|Swampert-Mega, M\n|-mega|p2a: Sap\u00e3o|Swampert|Swampertite\n|move|p1a: Comfey|Giga Drain|p2a: Sap\u00e3o\n|-supereffective|p2a: Sap\u00e3o\n|-damage|p2a: Sap\u00e3o|0 fnt\n|-heal|p1a: Comfey|100\/100|[from] drain|[of] p2a: Sap\u00e3o\n|faint|p2a: Sap\u00e3o\n|-damage|p1a: Comfey|91\/100|[from] item: Life Orb\n|\n|win|ThatOneDude21\n|raw|ThatOneDude21's rating: 1091 &rarr; <strong>1121<\/strong><br \/>(+30 for winning)\n|raw|LipeZero's rating: 1140 &rarr; <strong>1111<\/strong><br \/>(-29 for losing)\n","uploadtime":1700087323,"views":12,"p1id":"thatonedude21","p2id":"lipezero","formatid":"gen9nationaldex","rating":1111,"private":0,"password":""}