{"id":"gen9nationaldex-1995156320","p1":"221savage","p2":"cesarmiguez","format":"[Gen 9] National Dex","log":"|html|<div class=\"broadcast-blue\"><strong>[Gen 9] National Dex is currently suspecting Sneasler! For information on how to participate check out the <a href=\"https:\/\/www.smogon.com\/forums\/threads\/sv-national-dex-suspect-8-just-dance.3731534\/\">suspect thread<\/a>.<\/strong><\/div>\n|j|\u2606221savage\n|j|\u2606cesarmiguez\n|t:|1700528860\n|gametype|singles\n|player|p1|221savage|169|1396\n|player|p2|cesarmiguez|n|1388\n|teamsize|p1|6\n|teamsize|p2|6\n|gen|9\n|tier|[Gen 9] National Dex\n|rated|\n|rule|HP Percentage Mod: HP is shown in percentages\n|rule|Endless Battle Clause: Forcing endless battles is banned\n|rule|OHKO Clause: OHKO moves are banned\n|rule|Evasion Clause: Evasion abilities, items, and moves are banned\n|rule|Evasion Abilities Clause: Evasion abilities are banned\n|rule|Evasion Items Clause: Evasion items are banned\n|rule|Evasion Moves Clause: Evasion moves are banned\n|rule|Species Clause: Limit one of each Pok\u00e9mon\n|rule|Sleep Clause Mod: Limit one foe put to sleep\n|clearpoke\n|poke|p1|Blastoise, M|\n|poke|p1|Banette, F|\n|poke|p1|Machamp, F|\n|poke|p1|Darmanitan, M|\n|poke|p1|Tsareena, F|\n|poke|p1|Toxtricity, M|\n|poke|p2|Blaziken, M|\n|poke|p2|Diancie|\n|poke|p2|Excadrill, F|\n|poke|p2|Tapu Lele|\n|poke|p2|Magnezone|\n|poke|p2|Serperior, M|\n|teampreview\n|c|\u2606221savage|bruh\n|\n|t:|1700528877\n|start\n|switch|p1a: Blastoise|Blastoise, M|100\/100\n|switch|p2a: Excadrill|Excadrill, F|100\/100\n|-ability|p2a: Excadrill|Mold Breaker\n|turn|1\n|\n|t:|1700528882\n|switch|p2a: Serperior|Serperior, M|100\/100\n|move|p1a: Blastoise|Shell Smash|p1a: Blastoise\n|-unboost|p1a: Blastoise|def|1\n|-unboost|p1a: Blastoise|spd|1\n|-boost|p1a: Blastoise|atk|2\n|-boost|p1a: Blastoise|spa|2\n|-boost|p1a: Blastoise|spe|2\n|\n|upkeep\n|turn|2\n|c|\u2606221savage|bruh\n|\n|t:|1700528888\n|-terastallize|p2a: Serperior|Water\n|move|p1a: Blastoise|Ice Beam|p2a: Serperior\n|-resisted|p2a: Serperior\n|-damage|p2a: Serperior|70\/100\n|move|p2a: Serperior|Leaf Storm|p1a: Blastoise\n|-supereffective|p1a: Blastoise\n|-damage|p1a: Blastoise|0 fnt\n|-boost|p2a: Serperior|spa|2\n|faint|p1a: Blastoise\n|\n|-heal|p2a: Serperior|76\/100|[from] item: Leftovers\n|upkeep\n|c|\u2606221savage|BRUH\n|\n|t:|1700528901\n|switch|p1a: Toxtricity|Toxtricity, M|100\/100\n|turn|3\n|\n|t:|1700528911\n|switch|p2a: Excadrill|Excadrill, F|100\/100\n|-ability|p2a: Excadrill|Mold Breaker\n|move|p1a: Toxtricity|Boomburst|p2a: Excadrill\n|-resisted|p2a: Excadrill\n|-damage|p2a: Excadrill|40\/100\n|\n|upkeep\n|turn|4\n|\n|t:|1700528919\n|-terastallize|p1a: Toxtricity|Normal\n|move|p2a: Excadrill|Earthquake|p1a: Toxtricity\n|-crit|p1a: Toxtricity\n|-damage|p1a: Toxtricity|1\/100\n|move|p1a: Toxtricity|Boomburst|p2a: Excadrill\n|-resisted|p2a: Excadrill\n|-damage|p2a: Excadrill|0 fnt\n|faint|p2a: Excadrill\n|\n|upkeep\n|c|\u2606221savage|bruh\n|\n|t:|1700528928\n|switch|p2a: Magnezone|Magnezone|100\/100\n|turn|5\n|\n|t:|1700528931\n|move|p2a: Magnezone|Volt Switch|p1a: Toxtricity\n|-damage|p1a: Toxtricity|0 fnt\n|faint|p1a: Toxtricity\n|\n|t:|1700528934\n|switch|p2a: Serperior|Serperior, M, tera:Water|76\/100|[from] Volt Switch\n|\n|-heal|p2a: Serperior|82\/100|[from] item: Leftovers\n|upkeep\n|\n|t:|1700528943\n|switch|p1a: Tsareena|Tsareena, F|100\/100\n|turn|6\n|\n|t:|1700528958\n|switch|p2a: Magnezone|Magnezone|100\/100\n|move|p1a: Tsareena|Power Whip|p2a: Magnezone\n|-resisted|p2a: Magnezone\n|-damage|p2a: Magnezone|64\/100\n|\n|upkeep\n|turn|7\n|\n|t:|1700528963\n|move|p2a: Magnezone|Flash Cannon|p1a: Tsareena\n|-damage|p1a: Tsareena|70\/100\n|move|p1a: Tsareena|High Jump Kick|p2a: Magnezone|[miss]\n|-miss|p1a: Tsareena|p2a: Magnezone\n|-damage|p1a: Tsareena|20\/100|[from] highjumpkick\n|\n|upkeep\n|turn|8\n|c|\u2606221savage|bruh\n|\n|t:|1700528969\n|switch|p1a: Darmanitan|Darmanitan, M|100\/100\n|move|p2a: Magnezone|Flash Cannon|p1a: Darmanitan\n|-resisted|p1a: Darmanitan\n|-damage|p1a: Darmanitan|70\/100\n|\n|upkeep\n|turn|9\n|\n|t:|1700528975\n|move|p1a: Darmanitan|Flare Blitz|p2a: Magnezone\n|-supereffective|p2a: Magnezone\n|-damage|p2a: Magnezone|0 fnt\n|faint|p2a: Magnezone\n|-damage|p1a: Darmanitan|54\/100|[from] Recoil\n|\n|upkeep\n|\n|t:|1700528979\n|switch|p2a: Diancie|Diancie|100\/100\n|turn|10\n|\n|t:|1700528995\n|detailschange|p2a: Diancie|Diancie-Mega\n|-mega|p2a: Diancie|Diancie|Diancite\n|move|p1a: Darmanitan|Flare Blitz|p2a: Diancie\n|-resisted|p2a: Diancie\n|-damage|p2a: Diancie|37\/100\n|-damage|p1a: Darmanitan|39\/100|[from] Recoil\n|move|p2a: Diancie|Diamond Storm|p1a: Darmanitan\n|-supereffective|p1a: Darmanitan\n|-damage|p1a: Darmanitan|0 fnt\n|faint|p1a: Darmanitan\n|\n|upkeep\n|\n|t:|1700529006\n|switch|p1a: Machamp|Machamp, F|100\/100\n|turn|11\n|\n|t:|1700529009\n|move|p1a: Machamp|Bullet Punch|p2a: Diancie\n|-supereffective|p2a: Diancie\n|-damage|p2a: Diancie|0 fnt\n|faint|p2a: Diancie\n|-damage|p1a: Machamp|91\/100|[from] item: Life Orb\n|\n|upkeep\n|\n|t:|1700529012\n|switch|p2a: Tapu Lele|Tapu Lele|100\/100\n|-fieldstart|move: Psychic Terrain|[from] ability: Psychic Surge|[of] p2a: Tapu Lele\n|turn|12\n|\n|t:|1700529031\n|switch|p1a: Tsareena|Tsareena, F|20\/100\n|-zpower|p2a: Tapu Lele\n|move|p2a: Tapu Lele|Shattered Psyche|p1a: Tsareena|[zeffect]\n|-damage|p1a: Tsareena|0 fnt\n|faint|p1a: Tsareena\n|\n|upkeep\n|\n|t:|1700529033\n|switch|p1a: Banette|Banette, F|100\/100\n|turn|13\n|\n|t:|1700529036\n|detailschange|p1a: Banette|Banette-Mega, F\n|-mega|p1a: Banette|Banette|Banettite\n|move|p2a: Tapu Lele|Psyshock|p1a: Banette\n|-damage|p1a: Banette|28\/100\n|move|p1a: Banette|Poltergeist|p2a: Tapu Lele\n|-activate|p2a: Tapu Lele|move: Poltergeist|Psychium Z\n|-supereffective|p2a: Tapu Lele\n|-damage|p2a: Tapu Lele|0 fnt\n|faint|p2a: Tapu Lele\n|\n|upkeep\n|\n|t:|1700529043\n|switch|p2a: Serperior|Serperior, M, tera:Water|82\/100\n|turn|14\n|\n|t:|1700529050\n|move|p1a: Banette|Destiny Bond|p1a: Banette\n|-singlemove|p1a: Banette|Destiny Bond\n|move|p2a: Serperior|Leaf Storm|p1a: Banette\n|-damage|p1a: Banette|0 fnt\n|-boost|p2a: Serperior|spa|2\n|faint|p1a: Banette\n|-activate|p1a: Banette|move: Destiny Bond\n|faint|p2a: Serperior\n|\n|upkeep\n|\n|t:|1700529083\n|switch|p2a: Blaziken|Blaziken, M|100\/100\n|switch|p1a: Machamp|Machamp, F|91\/100\n|turn|15\n|c|\u2606221savage|bruh\n|\n|t:|1700529097\n|move|p2a: Blaziken|Blaze Kick|p1a: Machamp\n|-crit|p1a: Machamp\n|-damage|p1a: Machamp|15\/100\n|move|p1a: Machamp|Earthquake|p2a: Blaziken\n|-supereffective|p2a: Blaziken\n|-damage|p2a: Blaziken|0 fnt\n|faint|p2a: Blaziken\n|-damage|p1a: Machamp|5\/100|[from] item: Life Orb\n|\n|win|221savage\n|raw|221savage's rating: 1396 &rarr; <strong>1416<\/strong><br \/>(+20 for winning)\n|raw|cesarmiguez's rating: 1388 &rarr; <strong>1368<\/strong><br \/>(-20 for losing)\n|l|\u2606cesarmiguez\n","uploadtime":1700529141,"views":2,"p1id":"221savage","p2id":"cesarmiguez","formatid":"gen9nationaldex","rating":1368,"private":0,"password":""}