{"id":"gen9nationaldex-1994611339","p1":"Longke","p2":"zhw\u65e0\u654c\u66b4\u9f99123","format":"[Gen 9] National Dex","log":"|html|<div class=\"broadcast-blue\"><strong>[Gen 9] National Dex is currently suspecting Sneasler! For information on how to participate check out the <a href=\"https:\/\/www.smogon.com\/forums\/threads\/sv-national-dex-suspect-8-just-dance.3731534\/\">suspect thread<\/a>.<\/strong><\/div>\n|j|\u2606Longke\n|j|\u2606zhw\u65e0\u654c\u66b4\u9f99123\n|t:|1700469104\n|gametype|singles\n|player|p1|Longke|hilbert-wonderlauncher|1326\n|player|p2|zhw\u65e0\u654c\u66b4\u9f99123|iono|1380\n|teamsize|p1|6\n|teamsize|p2|6\n|gen|9\n|tier|[Gen 9] National Dex\n|rated|\n|rule|HP Percentage Mod: HP is shown in percentages\n|rule|Endless Battle Clause: Forcing endless battles is banned\n|rule|OHKO Clause: OHKO moves are banned\n|rule|Evasion Clause: Evasion abilities, items, and moves are banned\n|rule|Evasion Abilities Clause: Evasion abilities are banned\n|rule|Evasion Items Clause: Evasion items are banned\n|rule|Evasion Moves Clause: Evasion moves are banned\n|rule|Species Clause: Limit one of each Pok\u00e9mon\n|rule|Sleep Clause Mod: Limit one foe put to sleep\n|clearpoke\n|poke|p1|Dragonite, M|\n|poke|p1|Kommo-o, M|\n|poke|p1|Rillaboom, F|\n|poke|p1|Heatran, M|\n|poke|p1|Dondozo, M|\n|poke|p1|Great Tusk|\n|poke|p2|Banette, M|\n|poke|p2|Sneasler, F|\n|poke|p2|Heatran, F|\n|poke|p2|Tapu Lele|\n|poke|p2|Ogerpon-Wellspring, F|\n|poke|p2|Great Tusk|\n|teampreview\n|inactive|Battle timer is ON: inactive players will automatically lose when time's up. (requested by zhw\u65e0\u654c\u66b4\u9f99123)\n|\n|t:|1700469131\n|start\n|switch|p1a: Heatran|Heatran, M|100\/100\n|switch|p2a: Banette|Banette, M|100\/100\n|-item|p1a: Heatran|Leftovers|[from] ability: Frisk|[of] p2a: Banette|[identify]\n|turn|1\n|\n|t:|1700469140\n|detailschange|p2a: Banette|Banette-Mega, M\n|-mega|p2a: Banette|Banette|Banettite\n|move|p1a: Heatran|Stealth Rock|p2a: Banette\n|-sidestart|p2: zhw\u65e0\u654c\u66b4\u9f99123|move: Stealth Rock\n|move|p2a: Banette|Poltergeist|p1a: Heatran\n|-activate|p1a: Heatran|move: Poltergeist|Leftovers\n|-damage|p1a: Heatran|41\/100\n|\n|-heal|p1a: Heatran|48\/100|[from] item: Leftovers\n|upkeep\n|turn|2\n|inactive|Longke has 120 seconds left.\n|\n|t:|1700469176\n|move|p1a: Heatran|Earth Power|p2a: Banette\n|-damage|p2a: Banette|71\/100\n|move|p2a: Banette|Poltergeist|p1a: Heatran|[miss]\n|-miss|p2a: Banette|p1a: Heatran\n|\n|-heal|p1a: Heatran|54\/100|[from] item: Leftovers\n|upkeep\n|turn|3\n|inactive|Longke has 120 seconds left.\n|\n|t:|1700469186\n|move|p1a: Heatran|Magma Storm|p2a: Banette\n|-damage|p2a: Banette|17\/100\n|-activate|p2a: Banette|move: Magma Storm|[of] p1a: Heatran\n|move|p2a: Banette|Poltergeist|p1a: Heatran\n|-activate|p1a: Heatran|move: Poltergeist|Leftovers\n|-damage|p1a: Heatran|0 fnt\n|faint|p1a: Heatran\n|\n|-end|p2a: Banette|Magma Storm|[partiallytrapped]|[silent]\n|upkeep\n|inactive|Longke has 120 seconds left.\n|\n|t:|1700469216\n|switch|p1a: Rillaboom|Rillaboom, F|100\/100\n|-fieldstart|move: Grassy Terrain|[from] ability: Grassy Surge|[of] p1a: Rillaboom\n|turn|4\n|\n|t:|1700469226\n|switch|p2a: Heatran|Heatran, F|100\/100\n|-damage|p2a: Heatran|88\/100|[from] Stealth Rock\n|-item|p2a: Heatran|Air Balloon\n|move|p1a: Rillaboom|Grassy Glide|p2a: Heatran\n|-resisted|p2a: Heatran\n|-damage|p2a: Heatran|76\/100\n|-enditem|p2a: Heatran|Air Balloon\n|-damage|p1a: Rillaboom|91\/100|[from] item: Life Orb\n|\n|-heal|p2a: Heatran|83\/100|[from] Grassy Terrain\n|-heal|p1a: Rillaboom|97\/100|[from] Grassy Terrain\n|upkeep\n|turn|5\n|\n|t:|1700469247\n|switch|p1a: Great Tusk|Great Tusk|100\/100\n|-enditem|p1a: Great Tusk|Booster Energy\n|-activate|p1a: Great Tusk|ability: Protosynthesis|[fromitem]\n|-start|p1a: Great Tusk|protosynthesisatk\n|move|p2a: Heatran|Magma Storm|p1a: Great Tusk\n|-damage|p1a: Great Tusk|20\/100\n|-activate|p1a: Great Tusk|move: Magma Storm|[of] p2a: Heatran\n|\n|-heal|p1a: Great Tusk|26\/100|[from] Grassy Terrain\n|-heal|p2a: Heatran|89\/100|[from] Grassy Terrain\n|-damage|p1a: Great Tusk|14\/100|[from] move: Magma Storm|[partiallytrapped]\n|upkeep\n|turn|6\n|inactive|Longke has 90 seconds left.\n|\n|t:|1700469283\n|move|p1a: Great Tusk|Close Combat|p2a: Heatran\n|-supereffective|p2a: Heatran\n|-damage|p2a: Heatran|0 fnt\n|-unboost|p1a: Great Tusk|def|1\n|-unboost|p1a: Great Tusk|spd|1\n|faint|p2a: Heatran\n|\n|-heal|p1a: Great Tusk|20\/100|[from] Grassy Terrain\n|-end|p1a: Great Tusk|Magma Storm|[partiallytrapped]|[silent]\n|upkeep\n|\n|t:|1700469304\n|switch|p2a: Tapu Lele|Tapu Lele|100\/100\n|-damage|p2a: Tapu Lele|88\/100|[from] Stealth Rock\n|-fieldstart|move: Psychic Terrain|[from] ability: Psychic Surge|[of] p2a: Tapu Lele\n|turn|7\n|inactive|Longke has 60 seconds left.\n|\n|t:|1700469336\n|move|p2a: Tapu Lele|Moonblast|p1a: Great Tusk\n|-supereffective|p1a: Great Tusk\n|-crit|p1a: Great Tusk\n|-damage|p1a: Great Tusk|0 fnt\n|faint|p1a: Great Tusk\n|-end|p1a: Great Tusk|Protosynthesis|[silent]\n|\n|upkeep\n|\n|t:|1700469342\n|switch|p1a: Rillaboom|Rillaboom, F|97\/100\n|-fieldstart|move: Grassy Terrain|[from] ability: Grassy Surge|[of] p1a: Rillaboom\n|turn|8\n|inactive|Longke has 60 seconds left.\n|\n|t:|1700469371\n|move|p1a: Rillaboom|Grassy Glide|p2a: Tapu Lele\n|-damage|p2a: Tapu Lele|21\/100\n|-damage|p1a: Rillaboom|87\/100|[from] item: Life Orb\n|-zpower|p2a: Tapu Lele\n|move|p2a: Tapu Lele|Shattered Psyche|p1a: Rillaboom|[zeffect]\n|-damage|p1a: Rillaboom|0 fnt\n|faint|p1a: Rillaboom\n|\n|-heal|p2a: Tapu Lele|27\/100|[from] Grassy Terrain\n|upkeep\n|\n|t:|1700469387\n|switch|p1a: Dragonite|Dragonite, M|100\/100\n|turn|9\n|inactive|zhw\u65e0\u654c\u66b4\u9f99123 has 120 seconds left.\n|\n|t:|1700469417\n|-terastallize|p1a: Dragonite|Normal\n|move|p2a: Tapu Lele|Moonblast|p1a: Dragonite\n|-crit|p1a: Dragonite\n|-damage|p1a: Dragonite|64\/100\n|-unboost|p1a: Dragonite|spa|1\n|move|p1a: Dragonite|Dual Wingbeat|p2a: Tapu Lele\n|-damage|p2a: Tapu Lele|0 fnt\n|faint|p2a: Tapu Lele\n|-hitcount|p2: Tapu Lele|1\n|\n|-heal|p1a: Dragonite|70\/100|[from] Grassy Terrain\n|upkeep\n|\n|t:|1700469431\n|switch|p2a: Sneasler|Sneasler, F|100\/100\n|-damage|p2a: Sneasler|94\/100|[from] Stealth Rock\n|turn|10\n|\n|t:|1700469442\n|switch|p1a: Dondozo|Dondozo, M|100\/100\n|move|p2a: Sneasler|Close Combat|p1a: Dondozo\n|-damage|p1a: Dondozo|56\/100\n|-unboost|p2a: Sneasler|def|1\n|-unboost|p2a: Sneasler|spd|1\n|-damage|p2a: Sneasler|78\/100|[from] item: Rocky Helmet|[of] p1a: Dondozo\n|\n|-heal|p2a: Sneasler|84\/100|[from] Grassy Terrain\n|-heal|p1a: Dondozo|62\/100|[from] Grassy Terrain\n|upkeep\n|turn|11\n|inactive|zhw\u65e0\u654c\u66b4\u9f99123 has 120 seconds left.\n|\n|t:|1700469468\n|move|p2a: Sneasler|Dire Claw|p1a: Dondozo\n|-damage|p1a: Dondozo|35\/100\n|-status|p1a: Dondozo|par\n|-damage|p2a: Sneasler|68\/100|[from] item: Rocky Helmet|[of] p1a: Dondozo\n|move|p1a: Dondozo|Rest|p1a: Dondozo\n|-status|p1a: Dondozo|slp|[from] move: Rest\n|-heal|p1a: Dondozo|100\/100 slp|[silent]\n|\n|-heal|p2a: Sneasler|74\/100|[from] Grassy Terrain\n|upkeep\n|turn|12\n|\n|t:|1700469480\n|move|p2a: Sneasler|Close Combat|p1a: Dondozo\n|-damage|p1a: Dondozo|62\/100 slp\n|-unboost|p2a: Sneasler|def|1\n|-unboost|p2a: Sneasler|spd|1\n|-damage|p2a: Sneasler|57\/100|[from] item: Rocky Helmet|[of] p1a: Dondozo\n|cant|p1a: Dondozo|slp\n|move|p1a: Dondozo|Sleep Talk|p1a: Dondozo\n|move|p1a: Dondozo|Wave Crash|p2a: Sneasler|[from]move: Sleep Talk\n|-damage|p2a: Sneasler|0 fnt\n|faint|p2a: Sneasler\n|-damage|p1a: Dondozo|50\/100 slp|[from] Recoil\n|\n|-heal|p1a: Dondozo|56\/100 slp|[from] Grassy Terrain\n|-fieldend|move: Grassy Terrain\n|upkeep\n|\n|t:|1700469486\n|switch|p2a: Ogerpon|Ogerpon-Wellspring, F|100\/100\n|-damage|p2a: Ogerpon|88\/100|[from] Stealth Rock\n|turn|13\n|inactive|Longke has 30 seconds left.\n|\n|t:|1700469516\n|switch|p1a: Kommo-o|Kommo-o, M|100\/100\n|move|p2a: Ogerpon|Swords Dance|p2a: Ogerpon\n|-boost|p2a: Ogerpon|atk|2\n|\n|upkeep\n|turn|14\n|inactive|zhw\u65e0\u654c\u66b4\u9f99123 has 120 seconds left.\n|\n|t:|1700469547\n|move|p2a: Ogerpon|Ivy Cudgel|p1a: Kommo-o|[anim] Ivy Cudgel Water\n|-resisted|p1a: Kommo-o\n|-damage|p1a: Kommo-o|46\/100\n|-zpower|p1a: Kommo-o\n|move|p1a: Kommo-o|Clangorous Soulblaze|p2a: Ogerpon|[zeffect]\n|-damage|p2a: Ogerpon|0 fnt\n|faint|p2a: Ogerpon\n|-boost|p1a: Kommo-o|atk|1\n|-boost|p1a: Kommo-o|def|1\n|-boost|p1a: Kommo-o|spa|1\n|-boost|p1a: Kommo-o|spd|1\n|-boost|p1a: Kommo-o|spe|1\n|\n|upkeep\n|\n|t:|1700469556\n|switch|p2a: Banette|Banette-Mega, M|17\/100\n|-damage|p2a: Banette|5\/100|[from] Stealth Rock\n|turn|15\n|\n|t:|1700469567\n|move|p2a: Banette|Destiny Bond|p2a: Banette\n|-singlemove|p2a: Banette|Destiny Bond\n|move|p1a: Kommo-o|Flash Cannon|p2a: Banette\n|-crit|p2a: Banette\n|-damage|p2a: Banette|0 fnt\n|faint|p2a: Banette\n|-activate|p2a: Banette|move: Destiny Bond\n|faint|p1a: Kommo-o\n|\n|upkeep\n|\n|t:|1700469581\n|switch|p1a: Dondozo|Dondozo, M|56\/100 slp\n|switch|p2a: Great Tusk|Great Tusk|100\/100\n|-damage|p2a: Great Tusk|98\/100|[from] Stealth Rock\n|-enditem|p2a: Great Tusk|Booster Energy\n|-activate|p2a: Great Tusk|ability: Protosynthesis|[fromitem]\n|-start|p2a: Great Tusk|protosynthesisspe\n|turn|16\n|\n|t:|1700469596\n|move|p2a: Great Tusk|Headlong Rush|p1a: Dondozo\n|-damage|p1a: Dondozo|23\/100 slp\n|-unboost|p2a: Great Tusk|def|1\n|-unboost|p2a: Great Tusk|spd|1\n|-damage|p2a: Great Tusk|81\/100|[from] item: Rocky Helmet|[of] p1a: Dondozo\n|cant|p1a: Dondozo|slp\n|move|p1a: Dondozo|Sleep Talk|p1a: Dondozo\n|move|p1a: Dondozo|Rest||[from]move: Sleep Talk|[still]\n|-fail|p1a: Dondozo\n|\n|upkeep\n|turn|17\n|\n|t:|1700469611\n|move|p2a: Great Tusk|Headlong Rush|p1a: Dondozo\n|-damage|p1a: Dondozo|0 fnt\n|-unboost|p2a: Great Tusk|def|1\n|-unboost|p2a: Great Tusk|spd|1\n|-damage|p2a: Great Tusk|64\/100|[from] item: Rocky Helmet|[of] p1a: Dondozo\n|faint|p1a: Dondozo\n|\n|upkeep\n|\n|t:|1700469618\n|switch|p1a: Dragonite|Dragonite, M, tera:Normal|70\/100\n|turn|18\n|\n|t:|1700469629\n|-terastallize|p2a: Great Tusk|Poison\n|move|p1a: Dragonite|Extreme Speed|p2a: Great Tusk\n|-damage|p2a: Great Tusk|0 fnt\n|faint|p2a: Great Tusk\n|-end|p2a: Great Tusk|Protosynthesis|[silent]\n|\n|win|Longke\n|raw|Longke's rating: 1326 &rarr; <strong>1349<\/strong><br \/>(+23 for winning)\n|raw|zhw\u65e0\u654c\u66b4\u9f99123's rating: 1380 &rarr; <strong>1357<\/strong><br \/>(-23 for losing)\n|l|\u2606zhw\u65e0\u654c\u66b4\u9f99123\n","uploadtime":1700469640,"views":3,"p1id":"longke","p2id":"zhw123","formatid":"gen9nationaldex","rating":1349,"private":0,"password":""}