{"id":"gen9nationaldex-1987473332","p1":"mtyqjltz4","p2":"jackyjaneeyre","format":"[Gen 9] National Dex","log":"|j|\u2606mtyqjltz4\n|j|\u203djackyjaneeyre\n|t:|1699597348\n|gametype|singles\n|player|p1|mtyqjltz4|elesa|1441\n|player|p2|jackyjaneeyre|265|1432\n|teamsize|p1|6\n|teamsize|p2|6\n|gen|9\n|tier|[Gen 9] National Dex\n|rated|\n|rule|HP Percentage Mod: HP is shown in percentages\n|rule|Endless Battle Clause: Forcing endless battles is banned\n|rule|OHKO Clause: OHKO moves are banned\n|rule|Evasion Clause: Evasion abilities, items, and moves are banned\n|rule|Evasion Abilities Clause: Evasion abilities are banned\n|rule|Evasion Items Clause: Evasion items are banned\n|rule|Evasion Moves Clause: Evasion moves are banned\n|rule|Species Clause: Limit one of each Pok\u00e9mon\n|rule|Sleep Clause Mod: Limit one foe put to sleep\n|clearpoke\n|poke|p1|Butterfree, F|\n|poke|p1|Moltres|\n|poke|p1|Venusaur, M|\n|poke|p1|Samurott-Hisui, M|\n|poke|p1|Jirachi|\n|poke|p1|Iron Valiant|\n|poke|p2|Hoopa-Unbound|\n|poke|p2|Ogerpon-Wellspring, F|\n|poke|p2|Great Tusk|\n|poke|p2|Iron Moth|\n|poke|p2|Tapu Koko|\n|poke|p2|Torkoal, M|\n|teampreview\n|inactive|Battle timer is ON: inactive players will automatically lose when time's up. (requested by mtyqjltz4)\n|\n|t:|1699597365\n|start\n|switch|p1a: Butterfree|Butterfree, F|100\/100\n|switch|p2a: Ogerpon|Ogerpon-Wellspring, F|100\/100\n|turn|1\n|\n|t:|1699597374\n|move|p2a: Ogerpon|Ivy Cudgel|p1a: Butterfree\n|-enditem|p1a: Butterfree|Focus Sash\n|-damage|p1a: Butterfree|1\/100\n|move|p1a: Butterfree|Hurricane|p2a: Ogerpon\n|-supereffective|p2a: Ogerpon\n|-damage|p2a: Ogerpon|0 fnt\n|faint|p2a: Ogerpon\n|\n|upkeep\n|\n|t:|1699597377\n|switch|p2a: Great Tusk|Great Tusk|100\/100\n|turn|2\n|\n|t:|1699597394\n|move|p2a: Great Tusk|Rapid Spin|p1a: Butterfree\n|-damage|p1a: Butterfree|0 fnt\n|-boost|p2a: Great Tusk|spe|1\n|faint|p1a: Butterfree\n|\n|upkeep\n|\n|t:|1699597397\n|switch|p1a: Venusaur|Venusaur, M|100\/100\n|turn|3\n|inactive|jackyjaneeyre has 120 seconds left.\n|\n|t:|1699597433\n|-end|p2a: Great Tusk|Protosynthesis|[silent]\n|switch|p2a: Torkoal|Torkoal, M|100\/100\n|-weather|SunnyDay|[from] ability: Drought|[of] p2a: Torkoal\n|detailschange|p1a: Venusaur|Venusaur-Mega, M\n|-mega|p1a: Venusaur|Venusaur|Venusaurite\n|move|p1a: Venusaur|Earth Power|p2a: Torkoal\n|-supereffective|p2a: Torkoal\n|-damage|p2a: Torkoal|37\/100\n|\n|-weather|SunnyDay|[upkeep]\n|upkeep\n|turn|4\n|\n|t:|1699597447\n|switch|p2a: Hoopa|Hoopa-Unbound|100\/100\n|move|p1a: Venusaur|Earth Power|p2a: Hoopa\n|-damage|p2a: Hoopa|81\/100\n|\n|-weather|SunnyDay|[upkeep]\n|upkeep\n|turn|5\n|\n|t:|1699597458\n|switch|p1a: Samurott|Samurott-Hisui, M, shiny|100\/100\n|-terastallize|p2a: Hoopa|Dark\n|move|p2a: Hoopa|Hyperspace Fury|p1a: Samurott\n|-resisted|p1a: Samurott\n|-damage|p1a: Samurott|17\/100\n|-unboost|p2a: Hoopa|def|1\n|\n|-weather|SunnyDay|[upkeep]\n|upkeep\n|turn|6\n|\n|t:|1699597471\n|switch|p2a: Great Tusk|Great Tusk|100\/100\n|-activate|p2a: Great Tusk|ability: Protosynthesis\n|-start|p2a: Great Tusk|protosynthesisatk\n|move|p1a: Samurott|Ceaseless Edge|p2a: Great Tusk\n|-resisted|p2a: Great Tusk\n|-damage|p2a: Great Tusk|84\/100\n|-sidestart|p2: jackyjaneeyre|Spikes\n|\n|-weather|SunnyDay|[upkeep]\n|-heal|p2a: Great Tusk|90\/100|[from] item: Leftovers\n|upkeep\n|turn|7\n|\n|t:|1699597475\n|switch|p1a: Moltres|Moltres|100\/100\n|move|p2a: Great Tusk|Rapid Spin|p1a: Moltres\n|-damage|p1a: Moltres|82\/100\n|-boost|p2a: Great Tusk|spe|1\n|-sideend|p2: jackyjaneeyre|Spikes|[from] move: Rapid Spin|[of] p2a: Great Tusk\n|\n|-weather|SunnyDay|[upkeep]\n|-heal|p2a: Great Tusk|96\/100|[from] item: Leftovers\n|upkeep\n|turn|8\n|\n|t:|1699597488\n|move|p2a: Great Tusk|Ice Spinner|p1a: Moltres\n|-damage|p1a: Moltres|53\/100\n|-status|p2a: Great Tusk|brn|[from] ability: Flame Body|[of] p1a: Moltres\n|move|p1a: Moltres|Flamethrower|p2a: Great Tusk\n|-damage|p2a: Great Tusk|10\/100 brn\n|\n|-weather|SunnyDay|[upkeep]\n|-heal|p2a: Great Tusk|16\/100 brn|[from] item: Leftovers\n|-damage|p2a: Great Tusk|10\/100 brn|[from] brn\n|upkeep\n|turn|9\n|\n|t:|1699597492\n|-end|p2a: Great Tusk|Protosynthesis|[silent]\n|switch|p2a: Hoopa|Hoopa-Unbound, tera:Dark|81\/100\n|move|p1a: Moltres|Roost|p1a: Moltres\n|-heal|p1a: Moltres|100\/100\n|-singleturn|p1a: Moltres|move: Roost\n|\n|-weather|SunnyDay|[upkeep]\n|upkeep\n|turn|10\n|\n|t:|1699597501\n|move|p2a: Hoopa|Hyperspace Fury|p1a: Moltres\n|-damage|p1a: Moltres|13\/100\n|-unboost|p2a: Hoopa|def|1\n|move|p1a: Moltres|U-turn|p2a: Hoopa\n|-supereffective|p2a: Hoopa\n|-damage|p2a: Hoopa|11\/100\n|\n|t:|1699597513\n|switch|p1a: Samurott|Samurott-Hisui, M, shiny|17\/100|[from] U-turn\n|\n|-weather|none\n|upkeep\n|turn|11\n|\n|t:|1699597524\n|switch|p2a: Great Tusk|Great Tusk|10\/100 brn\n|move|p1a: Samurott|Flip Turn|p2a: Great Tusk\n|-supereffective|p2a: Great Tusk\n|-damage|p2a: Great Tusk|0 fnt\n|faint|p2a: Great Tusk\n|-end|p2a: Great Tusk|Protosynthesis|[silent]\n|\n|t:|1699597535\n|switch|p1a: Venusaur|Venusaur-Mega, M|100\/100|[from] Flip Turn\n|\n|upkeep\n|inactive|jackyjaneeyre has 120 seconds left.\n|inactive|jackyjaneeyre has 90 seconds left.\n|\n|t:|1699597602\n|switch|p2a: Hoopa|Hoopa-Unbound, tera:Dark|11\/100\n|turn|12\n|\n|t:|1699597618\n|switch|p1a: Moltres|Moltres|13\/100\n|move|p2a: Hoopa|Hyperspace Fury|p1a: Moltres\n|-damage|p1a: Moltres|0 fnt\n|-unboost|p2a: Hoopa|def|1\n|faint|p1a: Moltres\n|\n|upkeep\n|\n|t:|1699597632\n|switch|p1a: Samurott|Samurott-Hisui, M, shiny|17\/100\n|turn|13\n|\n|t:|1699597646\n|move|p1a: Samurott|Flip Turn|p2a: Hoopa\n|-damage|p2a: Hoopa|0 fnt\n|faint|p2a: Hoopa\n|\n|t:|1699597650\n|switch|p1a: Venusaur|Venusaur-Mega, M|100\/100|[from] Flip Turn\n|\n|upkeep\n|\n|t:|1699597659\n|switch|p2a: Iron Moth|Iron Moth|100\/100\n|turn|14\n|\n|t:|1699597662\n|move|p2a: Iron Moth|Fire Blast|p1a: Venusaur\n|-supereffective|p1a: Venusaur\n|-damage|p1a: Venusaur|51\/100\n|move|p1a: Venusaur|Earth Power|p2a: Iron Moth\n|-supereffective|p2a: Iron Moth\n|-damage|p2a: Iron Moth|12\/100\n|\n|upkeep\n|turn|15\n|inactive|jackyjaneeyre has 120 seconds left.\n|inactive|mtyqjltz4 has 120 seconds left.\n|inactive|mtyqjltz4 has 90 seconds left.\n|\n|t:|1699597746\n|switch|p1a: Jirachi|Jirachi, shiny|100\/100\n|move|p2a: Iron Moth|Fire Blast|p1a: Jirachi\n|-supereffective|p1a: Jirachi\n|-damage|p1a: Jirachi|0 fnt\n|faint|p1a: Jirachi\n|\n|upkeep\n|\n|t:|1699597752\n|switch|p1a: Samurott|Samurott-Hisui, M, shiny|17\/100\n|turn|16\n|\n|t:|1699597762\n|-end|p2a: Iron Moth|Quark Drive|[silent]\n|switch|p2a: Tapu Koko|Tapu Koko|100\/100\n|-fieldstart|move: Electric Terrain|[from] ability: Electric Surge|[of] p2a: Tapu Koko\n|move|p1a: Samurott|Flip Turn|p2a: Tapu Koko\n|-damage|p2a: Tapu Koko|61\/100\n|\n|t:|1699597767\n|switch|p1a: Venusaur|Venusaur-Mega, M|51\/100|[from] Flip Turn\n|\n|upkeep\n|turn|17\n|\n|t:|1699597773\n|move|p2a: Tapu Koko|U-turn|p1a: Venusaur\n|-damage|p1a: Venusaur|38\/100\n|\n|t:|1699597775\n|switch|p2a: Torkoal|Torkoal, M|37\/100|[from] U-turn\n|-weather|SunnyDay|[from] ability: Drought|[of] p2a: Torkoal\n|move|p1a: Venusaur|Synthesis|p1a: Venusaur\n|-heal|p1a: Venusaur|100\/100\n|\n|-weather|SunnyDay|[upkeep]\n|upkeep\n|turn|18\n|\n|t:|1699597780\n|move|p1a: Venusaur|Earth Power|p2a: Torkoal\n|-supereffective|p2a: Torkoal\n|-damage|p2a: Torkoal|0 fnt\n|faint|p2a: Torkoal\n|\n|-weather|SunnyDay|[upkeep]\n|upkeep\n|\n|t:|1699597782\n|switch|p2a: Tapu Koko|Tapu Koko|61\/100\n|turn|19\n|\n|t:|1699597788\n|move|p2a: Tapu Koko|U-turn|p1a: Venusaur\n|-damage|p1a: Venusaur|87\/100\n|\n|t:|1699597790\n|switch|p2a: Iron Moth|Iron Moth|12\/100|[from] U-turn\n|-activate|p2a: Iron Moth|ability: Quark Drive\n|-start|p2a: Iron Moth|quarkdrivespe\n|move|p1a: Venusaur|Earth Power|p2a: Iron Moth\n|-supereffective|p2a: Iron Moth\n|-damage|p2a: Iron Moth|0 fnt\n|faint|p2a: Iron Moth\n|-end|p2a: Iron Moth|Quark Drive|[silent]\n|\n|-weather|SunnyDay|[upkeep]\n|upkeep\n|-message|jackyjaneeyre forfeited.\n|\n|win|mtyqjltz4\n|raw|mtyqjltz4's rating: 1441 &rarr; <strong>1460<\/strong><br \/>(+19 for winning)\n|raw|jackyjaneeyre's rating: 1432 &rarr; <strong>1413<\/strong><br \/>(-19 for losing)\n|l|\u203djackyjaneeyre\n","uploadtime":1699597799,"views":4,"p1id":"mtyqjltz4","p2id":"jackyjaneeyre","formatid":"gen9nationaldex","rating":1413,"private":0,"password":""}