{"id":"gen9nationaldex-1988044300","p1":"Sppregaladog01","p2":"ThumbasTTV","format":"[Gen 9] National Dex","log":"|j|\u2606Sppregaladog01\n|j|\u2606ThumbasTTV\n|t:|1699662731\n|gametype|singles\n|player|p1|Sppregaladog01|lucas-gen4pt|1087\n|player|p2|ThumbasTTV|hilbert|1110\n|teamsize|p1|6\n|teamsize|p2|6\n|gen|9\n|tier|[Gen 9] National Dex\n|rated|\n|rule|HP Percentage Mod: HP is shown in percentages\n|rule|Endless Battle Clause: Forcing endless battles is banned\n|rule|OHKO Clause: OHKO moves are banned\n|rule|Evasion Clause: Evasion abilities, items, and moves are banned\n|rule|Evasion Abilities Clause: Evasion abilities are banned\n|rule|Evasion Items Clause: Evasion items are banned\n|rule|Evasion Moves Clause: Evasion moves are banned\n|rule|Species Clause: Limit one of each Pok\u00e9mon\n|rule|Sleep Clause Mod: Limit one foe put to sleep\n|clearpoke\n|poke|p1|Delibird, M|\n|poke|p1|Steelix, M|\n|poke|p1|Inteleon, M|\n|poke|p1|Sirfetch\u2019d, M|\n|poke|p1|Mantine, F|\n|poke|p1|Morgrem, M|\n|poke|p2|Gliscor, M|\n|poke|p2|Basculegion, M|\n|poke|p2|Arcanine-Hisui, F|\n|poke|p2|Tyranitar, M|\n|poke|p2|Corviknight, F|\n|poke|p2|Ferrothorn, M|\n|teampreview\n|inactive|Battle timer is ON: inactive players will automatically lose when time's up. (requested by ThumbasTTV)\n|\n|t:|1699662736\n|start\n|switch|p1a: Inteleon|Inteleon, M|100\/100\n|switch|p2a: Ferrothorn|Ferrothorn, M|100\/100\n|turn|1\n|\n|t:|1699662748\n|switch|p1a: Steelix|Steelix, M|100\/100\n|move|p2a: Ferrothorn|Leech Seed|p1a: Steelix\n|-start|p1a: Steelix|move: Leech Seed\n|\n|-damage|p1a: Steelix|88\/100|[from] Leech Seed|[of] p2a: Ferrothorn\n|upkeep\n|turn|2\n|\n|t:|1699662757\n|switch|p1a: Sirfetch\u2019d|Sirfetch\u2019d, M|100\/100\n|move|p2a: Ferrothorn|Stealth Rock|p1a: Sirfetch\u2019d\n|-sidestart|p1: Sppregaladog01|move: Stealth Rock\n|\n|upkeep\n|turn|3\n|\n|t:|1699662763\n|move|p1a: Sirfetch\u2019d|Close Combat|p2a: Ferrothorn\n|-supereffective|p2a: Ferrothorn\n|-damage|p2a: Ferrothorn|0 fnt\n|-unboost|p1a: Sirfetch\u2019d|def|1\n|-unboost|p1a: Sirfetch\u2019d|spd|1\n|-damage|p1a: Sirfetch\u2019d|88\/100|[from] ability: Iron Barbs|[of] p2a: Ferrothorn\n|-damage|p1a: Sirfetch\u2019d|72\/100|[from] item: Rocky Helmet|[of] p2a: Ferrothorn\n|faint|p2a: Ferrothorn\n|\n|upkeep\n|\n|t:|1699662770\n|switch|p2a: Gliscor|Gliscor, M, shiny|100\/100\n|turn|4\n|\n|t:|1699662794\n|switch|p1a: Mantine|Mantine, F|100\/100\n|-damage|p1a: Mantine|76\/100|[from] Stealth Rock\n|move|p2a: Gliscor|Toxic Spikes|p1a: Mantine\n|-sidestart|p1: Sppregaladog01|move: Toxic Spikes\n|\n|-heal|p1a: Mantine|82\/100|[from] item: Leftovers\n|-status|p2a: Gliscor|tox|[from] item: Toxic Orb\n|upkeep\n|turn|5\n|\n|t:|1699662819\n|switch|p2a: Corviknight|Corviknight, F|100\/100\n|-ability|p2a: Corviknight|Pressure\n|move|p1a: Mantine|Scald|p2a: Corviknight\n|-damage|p2a: Corviknight|74\/100\n|\n|-heal|p1a: Mantine|88\/100|[from] item: Leftovers\n|upkeep\n|turn|6\n|\n|t:|1699662826\n|move|p2a: Corviknight|Bulk Up|p2a: Corviknight\n|-boost|p2a: Corviknight|atk|1\n|-boost|p2a: Corviknight|def|1\n|move|p1a: Mantine|Scald|p2a: Corviknight\n|-damage|p2a: Corviknight|45\/100\n|-status|p2a: Corviknight|brn\n|\n|-heal|p1a: Mantine|94\/100|[from] item: Leftovers\n|-damage|p2a: Corviknight|39\/100 brn|[from] brn\n|upkeep\n|turn|7\n|\n|t:|1699662830\n|switch|p1a: Steelix|Steelix, M|88\/100\n|-damage|p1a: Steelix|85\/100|[from] Stealth Rock\n|move|p2a: Corviknight|Brave Bird|p1a: Steelix\n|-resisted|p1a: Steelix\n|-damage|p1a: Steelix|72\/100\n|-damage|p2a: Corviknight|35\/100 brn|[from] Recoil\n|-damage|p2a: Corviknight|25\/100 brn|[from] item: Life Orb\n|\n|-damage|p2a: Corviknight|19\/100 brn|[from] brn\n|upkeep\n|turn|8\n|\n|t:|1699662842\n|detailschange|p1a: Steelix|Steelix-Mega, M\n|-mega|p1a: Steelix|Steelix|Steelixite\n|move|p2a: Corviknight|Roost|p2a: Corviknight\n|-heal|p2a: Corviknight|69\/100 brn\n|-singleturn|p2a: Corviknight|move: Roost\n|move|p1a: Steelix|Stealth Rock|p2a: Corviknight\n|-sidestart|p2: ThumbasTTV|move: Stealth Rock\n|\n|-damage|p2a: Corviknight|63\/100 brn|[from] brn\n|upkeep\n|turn|9\n|\n|t:|1699662848\n|switch|p2a: Arcanine|Arcanine-Hisui, F, shiny|100\/100\n|move|p1a: Steelix|Heavy Slam|p2a: Arcanine\n|-damage|p2a: Arcanine|32\/100\n|\n|upkeep\n|turn|10\n|\n|t:|1699662873\n|switch|p1a: Delibird|Delibird, M|100\/100\n|-damage|p1a: Delibird|51\/100|[from] Stealth Rock\n|move|p2a: Arcanine|Flare Blitz|p1a: Delibird\n|-supereffective|p1a: Delibird\n|-damage|p1a: Delibird|0 fnt\n|faint|p1a: Delibird\n|\n|upkeep\n|inactive|Sppregaladog01 has 120 seconds left.\n|\n|t:|1699662884\n|switch|p1a: Inteleon|Inteleon, M|100\/100\n|-damage|p1a: Inteleon|88\/100|[from] Stealth Rock\n|-status|p1a: Inteleon|psn\n|turn|11\n|\n|t:|1699662891\n|move|p1a: Inteleon|Snipe Shot|p2a: Arcanine\n|-supereffective|p2a: Arcanine\n|-damage|p2a: Arcanine|0 fnt\n|faint|p2a: Arcanine\n|\n|-damage|p1a: Inteleon|76\/100 psn|[from] psn\n|upkeep\n|\n|t:|1699662896\n|switch|p2a: Basculegion|Basculegion, M|100\/100\n|-damage|p2a: Basculegion|88\/100|[from] Stealth Rock\n|turn|12\n|\n|t:|1699662918\n|switch|p1a: Sirfetch\u2019d|Sirfetch\u2019d, M|72\/100\n|-damage|p1a: Sirfetch\u2019d|66\/100|[from] Stealth Rock\n|-status|p1a: Sirfetch\u2019d|psn\n|move|p2a: Basculegion|Substitute|p2a: Basculegion\n|-start|p2a: Basculegion|Substitute\n|-damage|p2a: Basculegion|63\/100\n|\n|-damage|p1a: Sirfetch\u2019d|53\/100 psn|[from] psn\n|upkeep\n|turn|13\n|\n|t:|1699662926\n|-terastallize|p1a: Sirfetch\u2019d|Grass\n|move|p2a: Basculegion|Rain Dance|p2a: Basculegion\n|-weather|RainDance\n|move|p1a: Sirfetch\u2019d|Leaf Blade|p2a: Basculegion\n|-supereffective|p2a: Basculegion\n|-crit|p2a: Basculegion\n|-end|p2a: Basculegion|Substitute\n|\n|-weather|RainDance|[upkeep]\n|-damage|p1a: Sirfetch\u2019d|41\/100 psn|[from] psn\n|upkeep\n|turn|14\n|\n|t:|1699662934\n|move|p2a: Basculegion|Phantom Force||[still]\n|-prepare|p2a: Basculegion|Phantom Force\n|move|p1a: Sirfetch\u2019d|Leaf Blade|p2a: Basculegion|[miss]\n|-miss|p1a: Sirfetch\u2019d|p2a: Basculegion\n|\n|-weather|RainDance|[upkeep]\n|-damage|p1a: Sirfetch\u2019d|29\/100 psn|[from] psn\n|upkeep\n|turn|15\n|\n|t:|1699662940\n|switch|p1a: Morgrem|Morgrem, M|100\/100\n|-damage|p1a: Morgrem|88\/100|[from] Stealth Rock\n|-status|p1a: Morgrem|psn\n|move|p2a: Basculegion|Phantom Force|p1a: Morgrem|[from]lockedmove\n|-resisted|p1a: Morgrem\n|-damage|p1a: Morgrem|47\/100 psn\n|\n|-weather|RainDance|[upkeep]\n|-damage|p1a: Morgrem|35\/100 psn|[from] psn\n|upkeep\n|turn|16\n|l|\u2606Sppregaladog01\n|inactive|Sppregaladog01 disconnected and has a minute to reconnect!\n|player|p1|\n|j|\u2606Sppregaladog01\n|inactive|Sppregaladog01 reconnected and has 130 seconds left.\n|player|p1|Sppregaladog01|lucas-gen4pt\n|inactive|Sppregaladog01 has 120 seconds left.\n|l|\u2606Sppregaladog01\n|inactive|Sppregaladog01 disconnected and has a minute to reconnect!\n|player|p1|\n|j|\u2606Sppregaladog01\n|inactive|Sppregaladog01 reconnected and has 90 seconds left.\n|player|p1|Sppregaladog01|lucas-gen4pt\n|\n|t:|1699663011\n|move|p1a: Morgrem|Parting Shot|p2a: Basculegion\n|-unboost|p2a: Basculegion|atk|1\n|-unboost|p2a: Basculegion|spa|1\n|\n|t:|1699663017\n|switch|p1a: Mantine|Mantine, F|94\/100|[from] Parting Shot\n|-damage|p1a: Mantine|69\/100|[from] Stealth Rock\n|move|p2a: Basculegion|Waterfall|p1a: Mantine\n|-heal|p1a: Mantine|94\/100|[from] ability: Water Absorb|[of] p2a: Basculegion\n|\n|-weather|RainDance|[upkeep]\n|-heal|p1a: Mantine|99\/100|[from] item: Leftovers\n|upkeep\n|turn|17\n|inactive|Sppregaladog01 has 90 seconds left.\n|\n|t:|1699663028\n|move|p2a: Basculegion|Substitute|p2a: Basculegion\n|-start|p2a: Basculegion|Substitute\n|-damage|p2a: Basculegion|38\/100\n|move|p1a: Mantine|Air Slash|p2a: Basculegion\n|-activate|p2a: Basculegion|move: Substitute|[damage]\n|\n|-weather|RainDance|[upkeep]\n|-heal|p1a: Mantine|100\/100|[from] item: Leftovers\n|upkeep\n|turn|18\n|\n|t:|1699663038\n|move|p2a: Basculegion|Phantom Force||[still]\n|-prepare|p2a: Basculegion|Phantom Force\n|move|p1a: Mantine|Air Slash|p2a: Basculegion|[miss]\n|-miss|p1a: Mantine|p2a: Basculegion\n|\n|-weather|RainDance|[upkeep]\n|upkeep\n|turn|19\n|\n|t:|1699663046\n|move|p2a: Basculegion|Phantom Force|p1a: Mantine|[from]lockedmove\n|-damage|p1a: Mantine|66\/100\n|move|p1a: Mantine|Air Slash|p2a: Basculegion|[miss]\n|-miss|p1a: Mantine|p2a: Basculegion\n|\n|-weather|RainDance|[upkeep]\n|-heal|p1a: Mantine|72\/100|[from] item: Leftovers\n|upkeep\n|turn|20\n|\n|t:|1699663055\n|move|p2a: Basculegion|Waterfall|p1a: Mantine\n|-heal|p1a: Mantine|97\/100|[from] ability: Water Absorb|[of] p2a: Basculegion\n|move|p1a: Mantine|Roost|p1a: Mantine\n|-heal|p1a: Mantine|100\/100\n|-singleturn|p1a: Mantine|move: Roost\n|\n|-weather|none\n|upkeep\n|turn|21\n|\n|t:|1699663062\n|move|p2a: Basculegion|Rain Dance|p2a: Basculegion\n|-weather|RainDance\n|move|p1a: Mantine|Air Slash|p2a: Basculegion\n|-end|p2a: Basculegion|Substitute\n|\n|-weather|RainDance|[upkeep]\n|upkeep\n|turn|22\n|\n|t:|1699663068\n|move|p2a: Basculegion|Substitute|p2a: Basculegion\n|-start|p2a: Basculegion|Substitute\n|-damage|p2a: Basculegion|14\/100\n|move|p1a: Mantine|Air Slash|p2a: Basculegion\n|-activate|p2a: Basculegion|move: Substitute|[damage]\n|\n|-weather|RainDance|[upkeep]\n|upkeep\n|turn|23\n|\n|t:|1699663074\n|move|p2a: Basculegion|Phantom Force||[still]\n|-prepare|p2a: Basculegion|Phantom Force\n|move|p1a: Mantine|Air Slash|p2a: Basculegion|[miss]\n|-miss|p1a: Mantine|p2a: Basculegion\n|\n|-weather|RainDance|[upkeep]\n|upkeep\n|turn|24\n|\n|t:|1699663079\n|move|p2a: Basculegion|Phantom Force|p1a: Mantine|[from]lockedmove\n|-damage|p1a: Mantine|68\/100\n|move|p1a: Mantine|Air Slash|p2a: Basculegion\n|-end|p2a: Basculegion|Substitute\n|\n|-weather|RainDance|[upkeep]\n|-heal|p1a: Mantine|75\/100|[from] item: Leftovers\n|upkeep\n|turn|25\n|\n|t:|1699663085\n|move|p2a: Basculegion|Phantom Force||[still]\n|-prepare|p2a: Basculegion|Phantom Force\n|move|p1a: Mantine|Roost|p1a: Mantine\n|-heal|p1a: Mantine|100\/100\n|-singleturn|p1a: Mantine|move: Roost\n|\n|-weather|RainDance|[upkeep]\n|upkeep\n|turn|26\n|\n|t:|1699663096\n|move|p2a: Basculegion|Phantom Force|p1a: Mantine|[from]lockedmove\n|-damage|p1a: Mantine|64\/100\n|move|p1a: Mantine|Toxic|p2a: Basculegion\n|-status|p2a: Basculegion|tox\n|\n|-weather|RainDance|[upkeep]\n|-heal|p1a: Mantine|70\/100|[from] item: Leftovers\n|-damage|p2a: Basculegion|8\/100 tox|[from] psn\n|upkeep\n|turn|27\n|\n|t:|1699663102\n|move|p2a: Basculegion|Phantom Force||[still]\n|-prepare|p2a: Basculegion|Phantom Force\n|move|p1a: Mantine|Roost|p1a: Mantine\n|-heal|p1a: Mantine|100\/100\n|-singleturn|p1a: Mantine|move: Roost\n|\n|-weather|RainDance|[upkeep]\n|-damage|p2a: Basculegion|0 fnt|[from] psn\n|faint|p2a: Basculegion\n|upkeep\n|\n|t:|1699663108\n|switch|p2a: Corviknight|Corviknight, F|63\/100 brn\n|-damage|p2a: Corviknight|50\/100 brn|[from] Stealth Rock\n|-ability|p2a: Corviknight|Pressure\n|turn|28\n|\n|t:|1699663127\n|switch|p1a: Morgrem|Morgrem, M|35\/100 psn\n|-damage|p1a: Morgrem|22\/100 psn|[from] Stealth Rock\n|move|p2a: Corviknight|Bulk Up|p2a: Corviknight\n|-boost|p2a: Corviknight|atk|1\n|-boost|p2a: Corviknight|def|1\n|\n|-weather|none\n|-damage|p1a: Morgrem|10\/100 psn|[from] psn\n|-damage|p2a: Corviknight|44\/100 brn|[from] brn\n|upkeep\n|turn|29\n|\n|t:|1699663141\n|-zpower|p1a: Morgrem\n|move|p1a: Morgrem|Z-Parting Shot|p2a: Corviknight|[anim]Parting Shot\n|-activate|p1a: Morgrem|healreplacement\n|-unboost|p2a: Corviknight|atk|1\n|-unboost|p2a: Corviknight|spa|1\n|\n|t:|1699663152\n|switch|p1a: Steelix|Steelix-Mega, M|72\/100|[from] Parting Shot\n|-heal|p1a: Steelix|100\/100|[from] move: Parting Shot|[zeffect]\n|-damage|p1a: Steelix|97\/100|[from] Stealth Rock\n|move|p2a: Corviknight|Iron Head|p1a: Steelix\n|-resisted|p1a: Steelix\n|-damage|p1a: Steelix|93\/100\n|-damage|p2a: Corviknight|34\/100 brn|[from] item: Life Orb\n|\n|-damage|p2a: Corviknight|28\/100 brn|[from] brn\n|upkeep\n|turn|30\n|\n|t:|1699663166\n|move|p2a: Corviknight|Roost|p2a: Corviknight\n|-heal|p2a: Corviknight|78\/100 brn\n|-singleturn|p2a: Corviknight|move: Roost\n|move|p1a: Steelix|Earthquake|p2a: Corviknight\n|-supereffective|p2a: Corviknight\n|-damage|p2a: Corviknight|2\/100 brn\n|\n|-damage|p2a: Corviknight|0 fnt|[from] brn\n|faint|p2a: Corviknight\n|upkeep\n|\n|t:|1699663173\n|switch|p2a: Gliscor|Gliscor, M, shiny|100\/100 tox\n|-damage|p2a: Gliscor|88\/100 tox|[from] Stealth Rock\n|turn|31\n|\n|t:|1699663180\n|switch|p1a: Morgrem|Morgrem, M|10\/100 psn\n|-damage|p1a: Morgrem|0 fnt|[from] Stealth Rock\n|faint|p1a: Morgrem\n|move|p2a: Gliscor|Earthquake|p1: Morgrem|[notarget]\n|-fail|p2a: Gliscor\n|\n|-heal|p2a: Gliscor|100\/100 tox|[from] ability: Poison Heal\n|upkeep\n|\n|t:|1699663191\n|switch|p1a: Mantine|Mantine, F|100\/100\n|-damage|p1a: Mantine|76\/100|[from] Stealth Rock\n|turn|32\n|\n|t:|1699663196\n|move|p2a: Gliscor|Ice Fang|p1a: Mantine\n|-damage|p1a: Mantine|52\/100\n|-status|p1a: Mantine|frz\n|-curestatus|p1a: Mantine|frz|[from] move: Scald\n|move|p1a: Mantine|Scald|p2a: Gliscor\n|-supereffective|p2a: Gliscor\n|-damage|p2a: Gliscor|38\/100 tox\n|\n|-heal|p1a: Mantine|58\/100|[from] item: Leftovers\n|-heal|p2a: Gliscor|50\/100 tox|[from] ability: Poison Heal\n|upkeep\n|turn|33\n|\n|t:|1699663211\n|move|p2a: Gliscor|Ice Fang|p1a: Mantine\n|-damage|p1a: Mantine|35\/100\n|move|p1a: Mantine|Roost|p1a: Mantine\n|-heal|p1a: Mantine|85\/100\n|-singleturn|p1a: Mantine|move: Roost\n|\n|-heal|p1a: Mantine|91\/100|[from] item: Leftovers\n|-heal|p2a: Gliscor|63\/100 tox|[from] ability: Poison Heal\n|upkeep\n|turn|34\n|\n|t:|1699663218\n|move|p2a: Gliscor|Protect|p2a: Gliscor\n|-singleturn|p2a: Gliscor|Protect\n|move|p1a: Mantine|Scald|p2a: Gliscor\n|-activate|p2a: Gliscor|move: Protect\n|\n|-heal|p1a: Mantine|97\/100|[from] item: Leftovers\n|-heal|p2a: Gliscor|75\/100 tox|[from] ability: Poison Heal\n|upkeep\n|turn|35\n|\n|t:|1699663222\n|switch|p2a: Tyranitar|Tyranitar, M|100\/100\n|-damage|p2a: Tyranitar|88\/100|[from] Stealth Rock\n|-weather|Sandstorm|[from] ability: Sand Stream|[of] p2a: Tyranitar\n|move|p1a: Mantine|Scald|p2a: Tyranitar\n|-supereffective|p2a: Tyranitar\n|-damage|p2a: Tyranitar|57\/100\n|\n|-weather|Sandstorm|[upkeep]\n|-damage|p1a: Mantine|91\/100|[from] Sandstorm\n|-heal|p1a: Mantine|97\/100|[from] item: Leftovers\n|upkeep\n|turn|36\n|l|\u2606Sppregaladog01\n|inactive|Sppregaladog01 disconnected and has a minute to reconnect!\n|player|p1|\n|j|\u2606Sppregaladog01\n|inactive|Sppregaladog01 reconnected and has 125 seconds left.\n|player|p1|Sppregaladog01|lucas-gen4pt\n|inactive|Sppregaladog01 has 120 seconds left.\n|\n|t:|1699663263\n|switch|p1a: Sirfetch\u2019d|Sirfetch\u2019d, M, tera:Grass|29\/100 psn\n|-damage|p1a: Sirfetch\u2019d|17\/100 psn|[from] Stealth Rock\n|detailschange|p2a: Tyranitar|Tyranitar-Mega, M\n|-mega|p2a: Tyranitar|Tyranitar|Tyranitarite\n|move|p2a: Tyranitar|Stone Edge|p1a: Sirfetch\u2019d\n|-damage|p1a: Sirfetch\u2019d|0 fnt\n|faint|p1a: Sirfetch\u2019d\n|\n|-weather|Sandstorm|[upkeep]\n|upkeep\n|\n|t:|1699663265\n|switch|p1a: Steelix|Steelix-Mega, M|93\/100\n|-damage|p1a: Steelix|90\/100|[from] Stealth Rock\n|turn|37\n|\n|t:|1699663271\n|move|p2a: Tyranitar|Earthquake|p1a: Steelix\n|-supereffective|p1a: Steelix\n|-damage|p1a: Steelix|50\/100\n|move|p1a: Steelix|Earthquake|p2a: Tyranitar\n|-supereffective|p2a: Tyranitar\n|-damage|p2a: Tyranitar|0 fnt\n|faint|p2a: Tyranitar\n|\n|-weather|Sandstorm|[upkeep]\n|upkeep\n|\n|t:|1699663276\n|switch|p2a: Gliscor|Gliscor, M, shiny|75\/100 tox\n|-damage|p2a: Gliscor|63\/100 tox|[from] Stealth Rock\n|turn|38\n|\n|t:|1699663286\n|move|p2a: Gliscor|Earthquake|p1a: Steelix\n|-supereffective|p1a: Steelix\n|-damage|p1a: Steelix|9\/100\n|move|p1a: Steelix|Heavy Slam|p2a: Gliscor\n|-damage|p2a: Gliscor|0 fnt\n|faint|p2a: Gliscor\n|\n|win|Sppregaladog01\n|raw|Sppregaladog01's rating: 1087 &rarr; <strong>1116<\/strong><br \/>(+29 for winning)\n|raw|ThumbasTTV's rating: 1110 &rarr; <strong>1083<\/strong><br \/>(-27 for losing)\n|l|\u2606ThumbasTTV\n|l|\u2606Sppregaladog01\n|j|\u2606Sppregaladog01\n|player|p1|Sppregaladog01|lucas-gen4pt\n","uploadtime":1699663315,"views":6,"p1id":"sppregaladog01","p2id":"thumbasttv","formatid":"gen9nationaldex","rating":1083,"private":0,"password":""}