{"id":"gen9nationaldex-1987657305","p1":"Sirrawrzy","p2":"Warlock's Mask","format":"[Gen 9] National Dex","log":"|j|\u2606Sirrawrzy\n|j|\u2606Warlock's Mask\n|t:|1699624733\n|gametype|singles\n|player|p1|Sirrawrzy|emmet|1569\n|player|p2|Warlock's Mask|scientistf|1618\n|teamsize|p1|6\n|teamsize|p2|6\n|gen|9\n|tier|[Gen 9] National Dex\n|rated|\n|rule|HP Percentage Mod: HP is shown in percentages\n|rule|Endless Battle Clause: Forcing endless battles is banned\n|rule|OHKO Clause: OHKO moves are banned\n|rule|Evasion Clause: Evasion abilities, items, and moves are banned\n|rule|Evasion Abilities Clause: Evasion abilities are banned\n|rule|Evasion Items Clause: Evasion items are banned\n|rule|Evasion Moves Clause: Evasion moves are banned\n|rule|Species Clause: Limit one of each Pok\u00e9mon\n|rule|Sleep Clause Mod: Limit one foe put to sleep\n|clearpoke\n|poke|p1|Ninetales, M|\n|poke|p1|Venusaur, M|\n|poke|p1|Jolteon, M|\n|poke|p1|Blastoise, F|\n|poke|p1|Rhydon, F|\n|poke|p1|Dragonite, F|\n|poke|p2|Ceruledge, F|\n|poke|p2|Grimmsnarl, M|\n|poke|p2|Tapu Fini|\n|poke|p2|Ferrothorn, M|\n|poke|p2|Gliscor, M|\n|poke|p2|Corviknight, M|\n|teampreview\n|inactive|Battle timer is ON: inactive players will automatically lose when time's up. (requested by Warlock's Mask)\n|\n|t:|1699624747\n|start\n|switch|p1a: Venusaur|Venusaur, M, shiny|100\/100\n|switch|p2a: Offer Egg|Grimmsnarl, M|100\/100\n|turn|1\n|\n|t:|1699624750\n|move|p2a: Offer Egg|Parting Shot|p1a: Venusaur\n|-unboost|p1a: Venusaur|atk|1\n|-unboost|p1a: Venusaur|spa|1\n|\n|t:|1699624752\n|switch|p2a: pex?|Gliscor, M|100\/100|[from] Parting Shot\n|move|p1a: Venusaur|Sludge Bomb|p2a: pex?\n|-resisted|p2a: pex?\n|-damage|p2a: pex?|86\/100\n|-status|p2a: pex?|psn\n|-damage|p1a: Venusaur|91\/100|[from] item: Life Orb\n|\n|-heal|p2a: pex?|98\/100 psn|[from] ability: Poison Heal\n|upkeep\n|turn|2\n|\n|t:|1699624761\n|switch|p1a: Rhydon|Rhydon, F, shiny|100\/100\n|move|p2a: pex?|Stealth Rock|p1a: Rhydon\n|-sidestart|p1: Sirrawrzy|move: Stealth Rock\n|\n|-heal|p2a: pex?|100\/100 psn|[from] ability: Poison Heal\n|upkeep\n|turn|3\n|\n|t:|1699624763\n|move|p2a: pex?|Taunt|p1a: Rhydon\n|-start|p1a: Rhydon|move: Taunt\n|move|p1a: Rhydon|Avalanche|p2a: pex?\n|-supereffective|p2a: pex?\n|-damage|p2a: pex?|36\/100 psn\n|\n|-heal|p2a: pex?|49\/100 psn|[from] ability: Poison Heal\n|upkeep\n|turn|4\n|\n|t:|1699624773\n|switch|p2a: Offer Egg|Grimmsnarl, M|100\/100\n|switch|p1a: Blastoise|Blastoise, F, shiny|100\/100\n|-damage|p1a: Blastoise|88\/100|[from] Stealth Rock\n|\n|upkeep\n|turn|5\n|\n|t:|1699624778\n|move|p2a: Offer Egg|Thunder Wave|p1a: Blastoise|[miss]\n|-miss|p2a: Offer Egg|p1a: Blastoise\n|move|p1a: Blastoise|Rapid Spin|p2a: Offer Egg\n|-damage|p2a: Offer Egg|89\/100\n|-boost|p1a: Blastoise|spe|1\n|-sideend|p1: Sirrawrzy|Stealth Rock|[from] move: Rapid Spin|[of] p1a: Blastoise\n|\n|upkeep\n|turn|6\n|\n|t:|1699624781\n|switch|p1a: Jolteon|Jolteon, M, shiny|100\/100\n|move|p2a: Offer Egg|Thunder Wave|p1a: Jolteon\n|-immune|p1a: Jolteon\n|\n|-status|p1a: Jolteon|brn|[from] item: Flame Orb\n|upkeep\n|turn|7\n|\n|t:|1699624785\n|move|p2a: Offer Egg|Trick|p1a: Jolteon\n|-activate|p2a: Offer Egg|move: Trick|[of] p1a: Jolteon\n|-item|p1a: Jolteon|Iron Ball|[from] move: Trick\n|-item|p2a: Offer Egg|Flame Orb|[from] move: Trick\n|move|p1a: Jolteon|Copycat||[still]\n|-fail|p1a: Jolteon\n|\n|-damage|p1a: Jolteon|94\/100 brn|[from] brn\n|-status|p2a: Offer Egg|brn|[from] item: Flame Orb\n|upkeep\n|turn|8\n|c|\u2606Sirrawrzy|it is so dumb\n|c|\u2606Sirrawrzy|trick cant be copycatted\n|c|\u2606Warlock's Mask|heh\n|\n|t:|1699624799\n|move|p2a: Offer Egg|Parting Shot|p1a: Jolteon\n|-unboost|p1a: Jolteon|atk|1\n|-unboost|p1a: Jolteon|spa|1\n|\n|t:|1699624807\n|switch|p2a: Ghost|Ferrothorn, M, shiny|100\/100|[from] Parting Shot\n|move|p1a: Jolteon|Volt Switch|p2a: Ghost\n|-resisted|p2a: Ghost\n|-damage|p2a: Ghost|95\/100\n|\n|t:|1699624811\n|switch|p1a: Ninetales|Ninetales, M, shiny|100\/100|[from] Volt Switch\n|-weather|SunnyDay|[from] ability: Drought|[of] p1a: Ninetales\n|\n|-weather|SunnyDay|[upkeep]\n|upkeep\n|turn|9\n|\n|t:|1699624813\n|switch|p2a: Her|Ceruledge, F, shiny|100\/100\n|move|p1a: Ninetales|Weather Ball|p2a: Her\n|-start|p2a: Her|ability: Flash Fire\n|\n|-weather|SunnyDay|[upkeep]\n|upkeep\n|turn|10\n|\n|t:|1699624819\n|switch|p1a: Dragonite|Dragonite, F, shiny|100\/100\n|move|p2a: Her|Bulk Up|p2a: Her\n|-boost|p2a: Her|atk|1\n|-boost|p2a: Her|def|1\n|\n|-weather|SunnyDay|[upkeep]\n|upkeep\n|turn|11\n|\n|t:|1699624822\n|move|p2a: Her|Bulk Up|p2a: Her\n|-boost|p2a: Her|atk|1\n|-boost|p2a: Her|def|1\n|move|p1a: Dragonite|Dual Wingbeat|p2a: Her\n|-damage|p2a: Her|88\/100\n|-damage|p2a: Her|75\/100\n|-hitcount|p2a: Her|2\n|\n|-weather|SunnyDay|[upkeep]\n|-heal|p2a: Her|82\/100|[from] item: Leftovers\n|upkeep\n|turn|12\n|\n|t:|1699624832\n|move|p2a: Her|Bitter Blade|p1a: Dragonite\n|-resisted|p1a: Dragonite\n|-damage|p1a: Dragonite|56\/100\n|-heal|p2a: Her|100\/100|[from] drain|[of] p1a: Dragonite\n|move|p1a: Dragonite|Curse|p1a: Dragonite\n|-unboost|p1a: Dragonite|spe|1\n|-boost|p1a: Dragonite|atk|1\n|-boost|p1a: Dragonite|def|1\n|\n|-weather|none\n|-heal|p1a: Dragonite|62\/100|[from] item: Leftovers\n|upkeep\n|turn|13\n|\n|t:|1699624842\n|move|p2a: Her|Bitter Blade|p1a: Dragonite\n|-resisted|p1a: Dragonite\n|-damage|p1a: Dragonite|18\/100\n|move|p1a: Dragonite|Earthquake|p2a: Her\n|-supereffective|p2a: Her\n|-damage|p2a: Her|44\/100\n|\n|-heal|p2a: Her|50\/100|[from] item: Leftovers\n|-heal|p1a: Dragonite|24\/100|[from] item: Leftovers\n|upkeep\n|turn|14\n|\n|t:|1699624855\n|switch|p1a: Rhydon|Rhydon, F, shiny|100\/100\n|move|p2a: Her|Shadow Sneak|p1a: Rhydon\n|-damage|p1a: Rhydon|82\/100\n|\n|-heal|p2a: Her|56\/100|[from] item: Leftovers\n|upkeep\n|turn|15\n|\n|t:|1699624861\n|move|p2a: Her|Bulk Up|p2a: Her\n|-boost|p2a: Her|atk|1\n|-boost|p2a: Her|def|1\n|move|p1a: Rhydon|Earthquake|p2a: Her\n|-supereffective|p2a: Her\n|-damage|p2a: Her|15\/100\n|\n|-heal|p2a: Her|22\/100|[from] item: Leftovers\n|upkeep\n|turn|16\n|\n|t:|1699624871\n|-terastallize|p2a: Her|Grass\n|move|p2a: Her|Bitter Blade|p1a: Rhydon\n|-resisted|p1a: Rhydon\n|-damage|p1a: Rhydon|47\/100\n|-heal|p2a: Her|43\/100|[from] drain|[of] p1a: Rhydon\n|move|p1a: Rhydon|Earthquake|p2a: Her\n|-resisted|p2a: Her\n|-damage|p2a: Her|32\/100\n|\n|-heal|p2a: Her|39\/100|[from] item: Leftovers\n|upkeep\n|turn|17\n|\n|t:|1699624878\n|move|p2a: Her|Bitter Blade|p1a: Rhydon\n|-resisted|p1a: Rhydon\n|-damage|p1a: Rhydon|8\/100\n|-heal|p2a: Her|61\/100|[from] drain|[of] p1a: Rhydon\n|move|p1a: Rhydon|Avalanche|p2a: Her\n|-supereffective|p2a: Her\n|-damage|p2a: Her|28\/100\n|\n|-heal|p2a: Her|34\/100|[from] item: Leftovers\n|upkeep\n|turn|18\n|\n|t:|1699624890\n|move|p2a: Her|Bitter Blade|p1a: Rhydon\n|-resisted|p1a: Rhydon\n|-damage|p1a: Rhydon|0 fnt\n|-heal|p2a: Her|39\/100|[from] drain|[of] p1a: Rhydon\n|faint|p1a: Rhydon\n|\n|-heal|p2a: Her|45\/100|[from] item: Leftovers\n|upkeep\n|c|\u2606Warlock's Mask|I thought it was banded, nice damage\n|\n|t:|1699624902\n|switch|p1a: Blastoise|Blastoise, F, shiny|88\/100\n|turn|19\n|j| spidercookie\n|\n|t:|1699624918\n|-end|p2a: Her|ability: Flash Fire|[silent]\n|switch|p2a: Ghost|Ferrothorn, M, shiny|95\/100\n|move|p1a: Blastoise|Dragon Tail|p2a: Ghost\n|-resisted|p2a: Ghost\n|-damage|p2a: Ghost|90\/100\n|-damage|p1a: Blastoise|76\/100|[from] ability: Iron Barbs|[of] p2a: Ghost\n|drag|p2a: Offer Egg|Grimmsnarl, M|89\/100 brn\n|\n|-damage|p2a: Offer Egg|83\/100 brn|[from] brn\n|upkeep\n|turn|20\n|\n|t:|1699624928\n|switch|p1a: Jolteon|Jolteon, M, shiny|94\/100 brn\n|move|p2a: Offer Egg|Thunder Wave||[still]\n|-fail|p2a: Offer Egg\n|\n|-damage|p1a: Jolteon|88\/100 brn|[from] brn\n|-damage|p2a: Offer Egg|77\/100 brn|[from] brn\n|upkeep\n|turn|21\n|\n|t:|1699624940\n|-terastallize|p1a: Jolteon|Ice\n|move|p2a: Offer Egg|Parting Shot|p1a: Jolteon\n|-unboost|p1a: Jolteon|atk|1\n|-unboost|p1a: Jolteon|spa|1\n|\n|t:|1699624944\n|switch|p2a: Ghost|Ferrothorn, M, shiny|90\/100|[from] Parting Shot\n|move|p1a: Jolteon|Tera Blast|p2a: Ghost|[anim] Tera Blast Ice\n|-damage|p2a: Ghost|77\/100\n|\n|-damage|p1a: Jolteon|82\/100 brn|[from] brn\n|upkeep\n|turn|22\n|\n|t:|1699624948\n|move|p1a: Jolteon|Volt Switch|p2a: Ghost\n|-resisted|p2a: Ghost\n|-damage|p2a: Ghost|71\/100\n|\n|t:|1699624951\n|switch|p1a: Ninetales|Ninetales, M, shiny|100\/100|[from] Volt Switch\n|-weather|SunnyDay|[from] ability: Drought|[of] p1a: Ninetales\n|move|p2a: Ghost|Gyro Ball|p1a: Ninetales\n|-resisted|p1a: Ninetales\n|-damage|p1a: Ninetales|47\/100\n|\n|-weather|SunnyDay|[upkeep]\n|upkeep\n|turn|23\n|\n|t:|1699624955\n|switch|p1a: Venusaur|Venusaur, M, shiny|91\/100\n|switch|p2a: Her|Ceruledge, F, shiny, tera:Grass|45\/100\n|\n|-weather|SunnyDay|[upkeep]\n|-heal|p2a: Her|51\/100|[from] item: Leftovers\n|upkeep\n|turn|24\n|\n|t:|1699624959\n|switch|p2a: Ghost|Ferrothorn, M, shiny|71\/100\n|move|p1a: Venusaur|Sludge Bomb|p2a: Ghost\n|-immune|p2a: Ghost\n|\n|-weather|SunnyDay|[upkeep]\n|upkeep\n|turn|25\n|\n|t:|1699624961\n|switch|p2a: Her|Ceruledge, F, shiny, tera:Grass|51\/100\n|move|p1a: Venusaur|Sludge Bomb|p2a: Her\n|-supereffective|p2a: Her\n|-damage|p2a: Her|0 fnt\n|faint|p2a: Her\n|-damage|p1a: Venusaur|81\/100|[from] item: Life Orb\n|\n|-weather|SunnyDay|[upkeep]\n|upkeep\n|\n|t:|1699624968\n|switch|p2a: Offer Egg|Grimmsnarl, M|77\/100 brn\n|turn|26\n|\n|t:|1699624971\n|move|p2a: Offer Egg|Parting Shot|p1a: Venusaur\n|-unboost|p1a: Venusaur|atk|1\n|-unboost|p1a: Venusaur|spa|1\n|\n|t:|1699624975\n|switch|p2a: pex?|Gliscor, M|49\/100 psn|[from] Parting Shot\n|move|p1a: Venusaur|Weather Ball|p2a: pex?\n|-damage|p2a: pex?|15\/100 psn\n|-damage|p1a: Venusaur|71\/100|[from] item: Life Orb\n|\n|-weather|none\n|-heal|p2a: pex?|27\/100 psn|[from] ability: Poison Heal\n|upkeep\n|turn|27\n|\n|t:|1699624981\n|move|p1a: Venusaur|Giga Drain|p2a: pex?\n|-damage|p2a: pex?|0 fnt\n|-heal|p1a: Venusaur|86\/100|[from] drain|[of] p2a: pex?\n|faint|p2a: pex?\n|-damage|p1a: Venusaur|76\/100|[from] item: Life Orb\n|\n|upkeep\n|\n|t:|1699624988\n|switch|p2a: Offer Egg|Grimmsnarl, M|77\/100 brn\n|turn|28\n|\n|t:|1699624992\n|switch|p1a: Ninetales|Ninetales, M, shiny|47\/100\n|-weather|SunnyDay|[from] ability: Drought|[of] p1a: Ninetales\n|move|p2a: Offer Egg|Thunder Wave|p1a: Ninetales\n|-status|p1a: Ninetales|par\n|\n|-weather|SunnyDay|[upkeep]\n|-damage|p2a: Offer Egg|71\/100 brn|[from] brn\n|upkeep\n|turn|29\n|\n|t:|1699624999\n|switch|p1a: Jolteon|Jolteon, M, shiny, tera:Ice|82\/100 brn\n|move|p2a: Offer Egg|Trick|p1a: Jolteon\n|-activate|p2a: Offer Egg|move: Trick|[of] p1a: Jolteon\n|-item|p1a: Jolteon|Flame Orb|[from] move: Trick\n|-item|p2a: Offer Egg|Iron Ball|[from] move: Trick\n|\n|-weather|SunnyDay|[upkeep]\n|-damage|p1a: Jolteon|75\/100 brn|[from] brn\n|-damage|p2a: Offer Egg|65\/100 brn|[from] brn\n|upkeep\n|turn|30\n|\n|t:|1699625016\n|switch|p1a: Blastoise|Blastoise, F, shiny|76\/100\n|move|p2a: Offer Egg|Trick|p1a: Blastoise\n|-activate|p2a: Offer Egg|move: Trick|[of] p1a: Blastoise\n|-item|p1a: Blastoise|Iron Ball|[from] move: Trick\n|-item|p2a: Offer Egg|Assault Vest|[from] move: Trick\n|\n|-weather|SunnyDay|[upkeep]\n|-damage|p2a: Offer Egg|59\/100 brn|[from] brn\n|upkeep\n|turn|31\n|\n|t:|1699625023\n|switch|p2a: Wall-of-Brazil|Tapu Fini, shiny|100\/100\n|-fieldstart|move: Misty Terrain|[from] ability: Misty Surge|[of] p2a: Wall-of-Brazil\n|move|p1a: Blastoise|Body Press|p2a: Wall-of-Brazil\n|-resisted|p2a: Wall-of-Brazil\n|-damage|p2a: Wall-of-Brazil|92\/100\n|\n|-weather|SunnyDay|[upkeep]\n|-heal|p2a: Wall-of-Brazil|98\/100|[from] item: Leftovers\n|upkeep\n|turn|32\n|\n|t:|1699625027\n|move|p2a: Wall-of-Brazil|Calm Mind|p2a: Wall-of-Brazil\n|-boost|p2a: Wall-of-Brazil|spa|1\n|-boost|p2a: Wall-of-Brazil|spd|1\n|move|p1a: Blastoise|Flip Turn|p2a: Wall-of-Brazil\n|-resisted|p2a: Wall-of-Brazil\n|-damage|p2a: Wall-of-Brazil|95\/100\n|\n|t:|1699625030\n|switch|p1a: Venusaur|Venusaur, M, shiny|76\/100|[from] Flip Turn\n|\n|-weather|none\n|-heal|p2a: Wall-of-Brazil|100\/100|[from] item: Leftovers\n|upkeep\n|turn|33\n|\n|t:|1699625035\n|switch|p2a: Ghost|Ferrothorn, M, shiny|71\/100\n|move|p1a: Venusaur|Sludge Bomb|p2a: Ghost\n|-immune|p2a: Ghost\n|\n|upkeep\n|turn|34\n|\n|t:|1699625039\n|switch|p1a: Ninetales|Ninetales, M, shiny|47\/100 par\n|-weather|SunnyDay|[from] ability: Drought|[of] p1a: Ninetales\n|move|p2a: Ghost|Gyro Ball|p1a: Ninetales\n|-resisted|p1a: Ninetales\n|-damage|p1a: Ninetales|1\/100 par\n|\n|-weather|SunnyDay|[upkeep]\n|upkeep\n|turn|35\n|\n|t:|1699625054\n|switch|p2a: Wall-of-Brazil|Tapu Fini, shiny|100\/100\n|move|p1a: Ninetales|Healing Wish|p1a: Ninetales\n|faint|p1a: Ninetales\n|\n|-weather|SunnyDay|[upkeep]\n|-fieldend|Misty Terrain\n|upkeep\n|\n|t:|1699625060\n|switch|p1a: Venusaur|Venusaur, M, shiny|76\/100\n|-heal|p1a: Venusaur|100\/100|[from] move: Healing Wish\n|turn|36\n|\n|t:|1699625063\n|switch|p2a: MonkeWall|Corviknight, M, shiny|100\/100\n|move|p1a: Venusaur|Weather Ball|p2a: MonkeWall\n|-supereffective|p2a: MonkeWall\n|-damage|p2a: MonkeWall|0 fnt\n|faint|p2a: MonkeWall\n|-damage|p1a: Venusaur|91\/100|[from] item: Life Orb\n|\n|-weather|SunnyDay|[upkeep]\n|upkeep\n|\n|t:|1699625066\n|switch|p2a: Offer Egg|Grimmsnarl, M|59\/100 brn\n|turn|37\n|\n|t:|1699625068\n|move|p1a: Venusaur|Sludge Bomb|p2a: Offer Egg\n|-supereffective|p2a: Offer Egg\n|-damage|p2a: Offer Egg|0 fnt\n|faint|p2a: Offer Egg\n|-damage|p1a: Venusaur|81\/100|[from] item: Life Orb\n|\n|-weather|SunnyDay|[upkeep]\n|upkeep\n|\n|t:|1699625072\n|switch|p2a: Ghost|Ferrothorn, M, shiny|71\/100\n|turn|38\n|\n|t:|1699625077\n|move|p1a: Venusaur|Weather Ball|p2a: Ghost\n|-supereffective|p2a: Ghost\n|-damage|p2a: Ghost|0 fnt\n|faint|p2a: Ghost\n|-damage|p1a: Venusaur|71\/100|[from] item: Life Orb\n|\n|-weather|none\n|upkeep\n|\n|t:|1699625079\n|switch|p2a: Wall-of-Brazil|Tapu Fini, shiny|100\/100\n|-fieldstart|move: Misty Terrain|[from] ability: Misty Surge|[of] p2a: Wall-of-Brazil\n|turn|39\n|\n|t:|1699625081\n|move|p1a: Venusaur|Sludge Bomb|p2a: Wall-of-Brazil\n|-supereffective|p2a: Wall-of-Brazil\n|-damage|p2a: Wall-of-Brazil|5\/100\n|-damage|p1a: Venusaur|61\/100|[from] item: Life Orb\n|move|p2a: Wall-of-Brazil|Calm Mind|p2a: Wall-of-Brazil\n|-boost|p2a: Wall-of-Brazil|spa|1\n|-boost|p2a: Wall-of-Brazil|spd|1\n|\n|-heal|p2a: Wall-of-Brazil|12\/100|[from] item: Leftovers\n|upkeep\n|turn|40\n|-message|Warlock's Mask forfeited.\n|\n|win|Sirrawrzy\n|raw|Sirrawrzy's rating: 1569 &rarr; <strong>1592<\/strong><br \/>(+23 for winning)\n|raw|Warlock&apos;s Mask's rating: 1618 &rarr; <strong>1595<\/strong><br \/>(-23 for losing)\n|l|\u2606Warlock's Mask\n","uploadtime":1699625152,"views":4,"p1id":"sirrawrzy","p2id":"warlocksmask","formatid":"gen9nationaldex","rating":1592,"private":0,"password":""}