{"id":"gen9nationaldex-1996057474","p1":"Malicious Matt","p2":"Prof. Gar","format":"[Gen 9] National Dex","log":"|html|<div class=\"broadcast-blue\"><strong>[Gen 9] National Dex is currently suspecting Sneasler! For information on how to participate check out the <a href=\"https:\/\/www.smogon.com\/forums\/threads\/sv-national-dex-suspect-8-just-dance.3731534\/\">suspect thread<\/a>.<\/strong><\/div>\n|j|\u2606Malicious Matt\n|j|\u2606Prof. Gar\n|t:|1700636857\n|gametype|singles\n|player|p1|Malicious Matt|unknown|\n|player|p2|Prof. Gar|unknown|\n|teamsize|p1|3\n|teamsize|p2|3\n|gen|9\n|tier|[Gen 9] National Dex\n|rule|HP Percentage Mod: HP is shown in percentages\n|rule|Endless Battle Clause: Forcing endless battles is banned\n|rule|OHKO Clause: OHKO moves are banned\n|rule|Evasion Clause: Evasion abilities, items, and moves are banned\n|rule|Evasion Abilities Clause: Evasion abilities are banned\n|rule|Evasion Items Clause: Evasion items are banned\n|rule|Evasion Moves Clause: Evasion moves are banned\n|rule|Species Clause: Limit one of each Pok\u00e9mon\n|rule|Sleep Clause Mod: Limit one foe put to sleep\n|clearpoke\n|poke|p1|Garchomp, L80, F|\n|poke|p1|Celesteela, L76|\n|poke|p1|Sableye, L74, M|\n|poke|p2|Ditto, L20|\n|poke|p2|Cofagrigus, L80, M|\n|poke|p2|Aerodactyl, L80, M|\n|teampreview\n|\n|t:|1700636871\n|start\n|switch|p1a: Celesteela|Celesteela, L76|100\/100\n|switch|p2a: Cofagrigus|Cofagrigus, L80, M|100\/100\n|turn|1\n|\n|t:|1700636881\n|move|p1a: Celesteela|Leech Seed|p2a: Cofagrigus\n|-start|p2a: Cofagrigus|move: Leech Seed\n|move|p2a: Cofagrigus|Nasty Plot|p2a: Cofagrigus\n|-boost|p2a: Cofagrigus|spa|2\n|\n|-damage|p2a: Cofagrigus|88\/100|[from] Leech Seed|[of] p1a: Celesteela\n|upkeep\n|turn|2\n|\n|t:|1700636890\n|move|p1a: Celesteela|Protect|p1a: Celesteela\n|-singleturn|p1a: Celesteela|Protect\n|move|p2a: Cofagrigus|Dark Pulse|p1a: Celesteela\n|-activate|p1a: Celesteela|move: Protect\n|\n|-damage|p2a: Cofagrigus|76\/100|[from] Leech Seed|[of] p1a: Celesteela\n|upkeep\n|turn|3\n|\n|t:|1700636927\n|move|p1a: Celesteela|Heavy Slam|p2a: Cofagrigus\n|-damage|p2a: Cofagrigus|45\/100\n|-activate|p2a: Cofagrigus|ability: Mummy|Beast Boost|[of] p1a: Celesteela\n|move|p2a: Cofagrigus|Dark Pulse|p1a: Celesteela\n|-damage|p1a: Celesteela|62\/100\n|\n|-heal|p1a: Celesteela|68\/100|[from] item: Leftovers\n|-damage|p2a: Cofagrigus|33\/100|[from] Leech Seed|[of] p1a: Celesteela\n|-heal|p1a: Celesteela|77\/100|[silent]\n|upkeep\n|turn|4\n|\n|t:|1700636938\n|move|p1a: Celesteela|Protect|p1a: Celesteela\n|-singleturn|p1a: Celesteela|Protect\n|move|p2a: Cofagrigus|Nasty Plot|p2a: Cofagrigus\n|-boost|p2a: Cofagrigus|spa|2\n|\n|-heal|p1a: Celesteela|83\/100|[from] item: Leftovers\n|-damage|p2a: Cofagrigus|21\/100|[from] Leech Seed|[of] p1a: Celesteela\n|-heal|p1a: Celesteela|92\/100|[silent]\n|upkeep\n|turn|5\n|\n|t:|1700636962\n|move|p1a: Celesteela|Heavy Slam|p2a: Cofagrigus\n|-damage|p2a: Cofagrigus|0 fnt\n|faint|p2a: Cofagrigus\n|\n|-heal|p1a: Celesteela|98\/100|[from] item: Leftovers\n|upkeep\n|\n|t:|1700636969\n|switch|p2a: Aerodactyl|Aerodactyl, L80, M|100\/100\n|-ability|p2a: Aerodactyl|Pressure\n|turn|6\n|\n|t:|1700636976\n|switch|p1a: Sableye|Sableye, L74, M|100\/100\n|move|p2a: Aerodactyl|Dragon Dance|p2a: Aerodactyl\n|-boost|p2a: Aerodactyl|atk|1\n|-boost|p2a: Aerodactyl|spe|1\n|\n|upkeep\n|turn|7\n|\n|t:|1700636989\n|move|p1a: Sableye|Will-O-Wisp|p2a: Aerodactyl\n|-status|p2a: Aerodactyl|brn\n|move|p2a: Aerodactyl|Earthquake|p1a: Sableye\n|-crit|p1a: Sableye\n|-damage|p1a: Sableye|57\/100\n|\n|-damage|p2a: Aerodactyl|94\/100 brn|[from] brn\n|upkeep\n|turn|8\n|\n|t:|1700637007\n|detailschange|p1a: Sableye|Sableye-Mega, L74, M\n|-mega|p1a: Sableye|Sableye|Sablenite\n|move|p2a: Aerodactyl|Dragon Dance|p2a: Aerodactyl\n|-boost|p2a: Aerodactyl|atk|1\n|-boost|p2a: Aerodactyl|spe|1\n|move|p1a: Sableye|Recover|p1a: Sableye\n|-heal|p1a: Sableye|100\/100\n|\n|-damage|p2a: Aerodactyl|88\/100 brn|[from] brn\n|upkeep\n|turn|9\n|\n|t:|1700637016\n|move|p1a: Sableye|Protect|p1a: Sableye\n|-singleturn|p1a: Sableye|Protect\n|move|p2a: Aerodactyl|Dragon Dance|p2a: Aerodactyl\n|-boost|p2a: Aerodactyl|atk|1\n|-boost|p2a: Aerodactyl|spe|1\n|\n|-damage|p2a: Aerodactyl|82\/100 brn|[from] brn\n|upkeep\n|turn|10\n|\n|t:|1700637032\n|switch|p1a: Celesteela|Celesteela, L76|98\/100\n|move|p2a: Aerodactyl|Dragon Dance|p2a: Aerodactyl\n|-boost|p2a: Aerodactyl|atk|1\n|-boost|p2a: Aerodactyl|spe|1\n|\n|-heal|p1a: Celesteela|100\/100|[from] item: Leftovers\n|-damage|p2a: Aerodactyl|76\/100 brn|[from] brn\n|upkeep\n|turn|11\n|\n|t:|1700637053\n|move|p2a: Aerodactyl|Stone Edge|p1a: Celesteela\n|-damage|p1a: Celesteela|60\/100\n|move|p1a: Celesteela|Heavy Slam|p2a: Aerodactyl\n|-supereffective|p2a: Aerodactyl\n|-damage|p2a: Aerodactyl|0 fnt\n|faint|p2a: Aerodactyl\n|-ability|p1a: Celesteela|Beast Boost|boost\n|-boost|p1a: Celesteela|def|1\n|\n|-heal|p1a: Celesteela|66\/100|[from] item: Leftovers\n|upkeep\n|\n|t:|1700637058\n|switch|p2a: Ditto|Ditto, L20|100\/100\n|-transform|p2a: Ditto|p1a: Celesteela|[from] ability: Imposter\n|turn|12\n|\n|t:|1700637069\n|switch|p1a: Garchomp|Garchomp, L80, F|100\/100\n|move|p2a: Ditto|Flamethrower|p1a: Garchomp\n|-resisted|p1a: Garchomp\n|-damage|p1a: Garchomp|97\/100\n|\n|upkeep\n|turn|13\n|\n|t:|1700637082\n|move|p1a: Garchomp|Scale Shot|p2a: Ditto\n|-resisted|p2a: Ditto\n|-damage|p2a: Ditto|85\/100\n|-resisted|p2a: Ditto\n|-crit|p2a: Ditto\n|-damage|p2a: Ditto|53\/100\n|-resisted|p2a: Ditto\n|-damage|p2a: Ditto|38\/100\n|-resisted|p2a: Ditto\n|-damage|p2a: Ditto|23\/100\n|-hitcount|p2a: Ditto|4\n|-unboost|p1a: Garchomp|def|1\n|-boost|p1a: Garchomp|spe|1\n|move|p2a: Ditto|Leech Seed|p1a: Garchomp\n|-start|p1a: Garchomp|move: Leech Seed\n|\n|-damage|p1a: Garchomp|85\/100|[from] Leech Seed|[of] p2a: Ditto\n|-heal|p2a: Ditto|82\/100|[silent]\n|upkeep\n|turn|14\n|\n|t:|1700637091\n|move|p2a: Ditto|Protect|p2a: Ditto\n|-singleturn|p2a: Ditto|Protect\n|move|p1a: Garchomp|Swords Dance|p1a: Garchomp\n|-boost|p1a: Garchomp|atk|2\n|\n|-damage|p1a: Garchomp|73\/100|[from] Leech Seed|[of] p2a: Ditto\n|-heal|p2a: Ditto|100\/100|[silent]\n|upkeep\n|turn|15\n|\n|t:|1700637103\n|move|p1a: Garchomp|Scale Shot|p2a: Ditto\n|-resisted|p2a: Ditto\n|-damage|p2a: Ditto|70\/100\n|-resisted|p2a: Ditto\n|-damage|p2a: Ditto|39\/100\n|-resisted|p2a: Ditto\n|-damage|p2a: Ditto|11\/100\n|-resisted|p2a: Ditto\n|-damage|p2a: Ditto|0 fnt\n|faint|p2a: Ditto\n|-hitcount|p2: Ditto|4\n|\n|win|Malicious Matt\n","uploadtime":1700637113,"views":9,"p1id":"maliciousmatt","p2id":"profgar","formatid":"gen9nationaldex","rating":0,"private":0,"password":""}