{"id":"gen9nationaldex-1997383117","p1":"GAGA233","p2":"yanami-test","format":"[Gen 9] National Dex","log":"|html|<div class=\"broadcast-blue\"><strong>[Gen 9] National Dex is currently suspecting Sneasler! For information on how to participate check out the <a href=\"https:\/\/www.smogon.com\/forums\/threads\/sv-national-dex-suspect-8-just-dance.3731534\/\">suspect thread<\/a>.<\/strong><\/div>\n|j|\u2606GAGA233\n|j|\u2606yanami-test\n|t:|1700796983\n|gametype|singles\n|player|p1|GAGA233|102|1664\n|player|p2|yanami-test|dawn-masters3|1651\n|teamsize|p1|6\n|teamsize|p2|6\n|gen|9\n|tier|[Gen 9] National Dex\n|rated|\n|rule|HP Percentage Mod: HP is shown in percentages\n|rule|Endless Battle Clause: Forcing endless battles is banned\n|rule|OHKO Clause: OHKO moves are banned\n|rule|Evasion Clause: Evasion abilities, items, and moves are banned\n|rule|Evasion Abilities Clause: Evasion abilities are banned\n|rule|Evasion Items Clause: Evasion items are banned\n|rule|Evasion Moves Clause: Evasion moves are banned\n|rule|Species Clause: Limit one of each Pok\u00e9mon\n|rule|Sleep Clause Mod: Limit one foe put to sleep\n|clearpoke\n|poke|p1|Ogerpon, F|\n|poke|p1|Corviknight, M|\n|poke|p1|Clodsire, F|\n|poke|p1|Tyranitar, M|\n|poke|p1|Tapu Fini|\n|poke|p1|Banette, M|\n|poke|p2|Tapu Koko|\n|poke|p2|Great Tusk|\n|poke|p2|Ditto|\n|poke|p2|Dragonite, F|\n|poke|p2|Ogerpon-Wellspring, F|\n|poke|p2|Heatran, M|\n|teampreview\n|inactive|Battle timer is ON: inactive players will automatically lose when time's up. (requested by GAGA233)\n|\n|t:|1700796994\n|start\n|switch|p1a: Tyranitar|Tyranitar, M|100\/100\n|switch|p2a: \u7eaf\u7231\u6218\u795e|Ogerpon-Wellspring, F|100\/100\n|-weather|Sandstorm|[from] ability: Sand Stream|[of] p1a: Tyranitar\n|turn|1\n|\n|t:|1700797001\n|switch|p1a: Banette|Banette, M|100\/100\n|-item|p2a: \u7eaf\u7231\u6218\u795e|Wellspring Mask|[from] ability: Frisk|[of] p1a: Banette|[identify]\n|move|p2a: \u7eaf\u7231\u6218\u795e|Swords Dance|p2a: \u7eaf\u7231\u6218\u795e\n|-boost|p2a: \u7eaf\u7231\u6218\u795e|atk|2\n|\n|-weather|Sandstorm|[upkeep]\n|-damage|p2a: \u7eaf\u7231\u6218\u795e|95\/100|[from] Sandstorm\n|-damage|p1a: Banette|95\/100|[from] Sandstorm\n|upkeep\n|turn|2\n|\n|t:|1700797007\n|detailschange|p1a: Banette|Banette-Mega, M\n|-mega|p1a: Banette|Banette|Banettite\n|move|p1a: Banette|Encore|p2a: \u7eaf\u7231\u6218\u795e\n|-start|p2a: \u7eaf\u7231\u6218\u795e|Encore\n|move|p2a: \u7eaf\u7231\u6218\u795e|Swords Dance|p2a: \u7eaf\u7231\u6218\u795e\n|-boost|p2a: \u7eaf\u7231\u6218\u795e|atk|2\n|\n|-weather|Sandstorm|[upkeep]\n|-damage|p2a: \u7eaf\u7231\u6218\u795e|89\/100|[from] Sandstorm\n|-damage|p1a: Banette|89\/100|[from] Sandstorm\n|upkeep\n|turn|3\n|\n|t:|1700797015\n|-activate|p2a: \u7eaf\u7231\u6218\u795e|move: Pursuit\n|move|p1a: Banette|Pursuit|p2a: \u7eaf\u7231\u6218\u795e|[from]Pursuit\n|-damage|p2a: \u7eaf\u7231\u6218\u795e|41\/100\n|switch|p2a: \u7279\u6027\uff1a\u80dc\u5229\u4e4b\u661f|Heatran, M|100\/100\n|\n|-weather|Sandstorm|[upkeep]\n|-damage|p1a: Banette|83\/100|[from] Sandstorm\n|upkeep\n|turn|4\n|\n|t:|1700797026\n|switch|p1a: Tyranitar|Tyranitar, M|100\/100\n|move|p2a: \u7279\u6027\uff1a\u80dc\u5229\u4e4b\u661f|Eruption|p1a: Tyranitar\n|-resisted|p1a: Tyranitar\n|-damage|p1a: Tyranitar|84\/100\n|\n|-weather|Sandstorm|[upkeep]\n|upkeep\n|turn|5\n|\n|t:|1700797031\n|-activate|p2a: \u7279\u6027\uff1a\u80dc\u5229\u4e4b\u661f|move: Pursuit\n|move|p1a: Tyranitar|Pursuit|p2a: \u7279\u6027\uff1a\u80dc\u5229\u4e4b\u661f|[from]Pursuit\n|-damage|p2a: \u7279\u6027\uff1a\u80dc\u5229\u4e4b\u661f|63\/100\n|switch|p2a: \u4e16\u754c\u548c\u5e73\u5168\u9760\u4f60|Great Tusk|100\/100\n|\n|-weather|none\n|upkeep\n|turn|6\n|\n|t:|1700797037\n|switch|p1a: Corviknight|Corviknight, M|100\/100\n|-ability|p1a: Corviknight|Pressure\n|move|p2a: \u4e16\u754c\u548c\u5e73\u5168\u9760\u4f60|Earthquake|p1a: Corviknight\n|-immune|p1a: Corviknight\n|\n|upkeep\n|turn|7\n|\n|t:|1700797043\n|move|p2a: \u4e16\u754c\u548c\u5e73\u5168\u9760\u4f60|Stealth Rock|p1a: Corviknight\n|-sidestart|p1: GAGA233|move: Stealth Rock\n|move|p1a: Corviknight|U-turn|p2a: \u4e16\u754c\u548c\u5e73\u5168\u9760\u4f60\n|-resisted|p2a: \u4e16\u754c\u548c\u5e73\u5168\u9760\u4f60\n|-damage|p2a: \u4e16\u754c\u548c\u5e73\u5168\u9760\u4f60|96\/100\n|j| Mollymiltoast\n|\n|t:|1700797058\n|switch|p1a: Tapu Fini|Tapu Fini|100\/100|[from] U-turn\n|-damage|p1a: Tapu Fini|88\/100|[from] Stealth Rock\n|-fieldstart|move: Misty Terrain|[from] ability: Misty Surge|[of] p1a: Tapu Fini\n|\n|-heal|p2a: \u4e16\u754c\u548c\u5e73\u5168\u9760\u4f60|100\/100|[from] item: Leftovers\n|-heal|p1a: Tapu Fini|94\/100|[from] item: Leftovers\n|upkeep\n|turn|8\n|\n|t:|1700797063\n|-end|p2a: \u4e16\u754c\u548c\u5e73\u5168\u9760\u4f60|Protosynthesis|[silent]\n|switch|p2a: \u7eaf\u7231\u6218\u795e|Ogerpon-Wellspring, F|41\/100\n|move|p1a: Tapu Fini|Defog|p2a: \u7eaf\u7231\u6218\u795e\n|-unboost|p2a: \u7eaf\u7231\u6218\u795e|evasion|1\n|-sideend|p1: GAGA233|Stealth Rock|[from] move: Defog|[of] p1a: Tapu Fini\n|-fieldend|Misty Terrain\n|\n|-heal|p1a: Tapu Fini|99\/100|[from] item: Leftovers\n|upkeep\n|turn|9\n|\n|t:|1700797071\n|switch|p1a: Corviknight|Corviknight, M|100\/100\n|-ability|p1a: Corviknight|Pressure\n|move|p2a: \u7eaf\u7231\u6218\u795e|Substitute|p2a: \u7eaf\u7231\u6218\u795e\n|-start|p2a: \u7eaf\u7231\u6218\u795e|Substitute\n|-damage|p2a: \u7eaf\u7231\u6218\u795e|16\/100\n|\n|upkeep\n|turn|10\n|\n|t:|1700797079\n|move|p2a: \u7eaf\u7231\u6218\u795e|Swords Dance|p2a: \u7eaf\u7231\u6218\u795e\n|-boost|p2a: \u7eaf\u7231\u6218\u795e|atk|2\n|move|p1a: Corviknight|U-turn|p2a: \u7eaf\u7231\u6218\u795e\n|-supereffective|p2a: \u7eaf\u7231\u6218\u795e\n|-end|p2a: \u7eaf\u7231\u6218\u795e|Substitute\n|\n|t:|1700797088\n|switch|p1a: Banette|Banette-Mega, M|83\/100|[from] U-turn\n|\n|upkeep\n|turn|11\n|\n|t:|1700797098\n|switch|p2a: \u901f\u5ea6\u5728\u4f60\u4e4b\u4e0a|Tapu Koko|100\/100\n|-fieldstart|move: Electric Terrain|[from] ability: Electric Surge|[of] p2a: \u901f\u5ea6\u5728\u4f60\u4e4b\u4e0a\n|move|p1a: Banette|Encore||[still]\n|-fail|p1a: Banette\n|\n|upkeep\n|turn|12\n|\n|t:|1700797101\n|switch|p1a: Clodsire|Clodsire, F|100\/100\n|-zpower|p2a: \u901f\u5ea6\u5728\u4f60\u4e4b\u4e0a\n|move|p2a: \u901f\u5ea6\u5728\u4f60\u4e4b\u4e0a|Gigavolt Havoc|p1a: Clodsire|[zeffect]\n|-immune|p1a: Clodsire\n|\n|upkeep\n|turn|13\n|-message|yanami-test forfeited.\n|\n|win|GAGA233\n|raw|GAGA233's rating: 1664 &rarr; <strong>1683<\/strong><br \/>(+19 for winning)\n|raw|yanami-test's rating: 1651 &rarr; <strong>1632<\/strong><br \/>(-19 for losing)\n|l|\u2606yanami-test\n","uploadtime":1700797108,"views":15,"p1id":"gaga233","p2id":"yanamitest","formatid":"gen9nationaldex","rating":1632,"private":0,"password":""}