{"id":"gen9nationaldex-1996880227","p1":"Gamer Boi YT","p2":"IChangeMyNameAlot","format":"[Gen 9] National Dex","log":"|html|<div class=\"broadcast-blue\"><strong>[Gen 9] National Dex is currently suspecting Sneasler! For information on how to participate check out the <a href=\"https:\/\/www.smogon.com\/forums\/threads\/sv-national-dex-suspect-8-just-dance.3731534\/\">suspect thread<\/a>.<\/strong><\/div>\n|j|\u2606Gamer Boi YT\n|j|\u2606IChangeMyNameAlot\n|t:|1700739532\n|gametype|singles\n|player|p1|Gamer Boi YT|ethan|\n|player|p2|IChangeMyNameAlot|rye|\n|teamsize|p1|6\n|teamsize|p2|6\n|gen|9\n|tier|[Gen 9] National Dex\n|rule|HP Percentage Mod: HP is shown in percentages\n|rule|Endless Battle Clause: Forcing endless battles is banned\n|rule|OHKO Clause: OHKO moves are banned\n|rule|Evasion Clause: Evasion abilities, items, and moves are banned\n|rule|Evasion Abilities Clause: Evasion abilities are banned\n|rule|Evasion Items Clause: Evasion items are banned\n|rule|Evasion Moves Clause: Evasion moves are banned\n|rule|Species Clause: Limit one of each Pok\u00e9mon\n|rule|Sleep Clause Mod: Limit one foe put to sleep\n|clearpoke\n|poke|p1|Hatterene, F|\n|poke|p1|Iron Valiant|\n|poke|p1|Clefable, F|\n|poke|p1|Mawile, F|\n|poke|p1|Florges, F|\n|poke|p1|Tapu Koko|\n|poke|p2|Sneasler, M|\n|poke|p2|Scrafty, F|\n|poke|p2|Blaziken, F|\n|poke|p2|Hawlucha, M|\n|poke|p2|Gallade, M|\n|poke|p2|Cobalion|\n|teampreview\n|inactive|Battle timer is ON: inactive players will automatically lose when time's up. (requested by Gamer Boi YT)\n|inactive|IChangeMyNameAlot also wants the timer to be on.\n|c|\u2606IChangeMyNameAlot|Glhf!\n|c|\u2606Gamer Boi YT|u2\n|\n|t:|1700739561\n|start\n|switch|p1a: Tapu Koko|Tapu Koko, shiny|100\/100\n|switch|p2a: Sneasler|Sneasler, M|100\/100\n|-fieldstart|move: Electric Terrain|[from] ability: Electric Surge|[of] p1a: Tapu Koko\n|turn|1\n|\n|t:|1700739582\n|move|p1a: Tapu Koko|U-turn|p2a: Sneasler\n|-resisted|p2a: Sneasler\n|-damage|p2a: Sneasler|94\/100\n|\n|t:|1700739586\n|switch|p1a: Mawile|Mawile, F|100\/100|[from] U-turn\n|-ability|p1a: Mawile|Intimidate|boost\n|-unboost|p2a: Sneasler|atk|1\n|move|p2a: Sneasler|Dire Claw|p1a: Mawile\n|-immune|p1a: Mawile\n|\n|upkeep\n|turn|2\n|\n|t:|1700739603\n|switch|p2a: Blaziken|Blaziken, F|100\/100\n|detailschange|p1a: Mawile|Mawile-Mega, F\n|-mega|p1a: Mawile|Mawile|Mawilite\n|move|p1a: Mawile|Play Rough|p2a: Blaziken\n|-enditem|p2a: Blaziken|Focus Sash\n|-damage|p2a: Blaziken|1\/100\n|\n|upkeep\n|turn|3\n|\n|t:|1700739622\n|move|p2a: Blaziken|Protect|p2a: Blaziken\n|-singleturn|p2a: Blaziken|Protect\n|move|p1a: Mawile|Thunder Punch|p2a: Blaziken\n|-activate|p2a: Blaziken|move: Protect\n|\n|-ability|p2a: Blaziken|Speed Boost|boost\n|-boost|p2a: Blaziken|spe|1\n|upkeep\n|turn|4\n|\n|t:|1700739635\n|move|p2a: Blaziken|Swords Dance|p2a: Blaziken\n|-boost|p2a: Blaziken|atk|2\n|move|p1a: Mawile|Thunder Punch|p2a: Blaziken\n|-damage|p2a: Blaziken|0 fnt\n|faint|p2a: Blaziken\n|\n|upkeep\n|inactive|IChangeMyNameAlot has 270 seconds left.\n|\n|t:|1700739677\n|switch|p2a: Hawlucha|Hawlucha, M|100\/100\n|turn|5\n|\n|t:|1700739681\n|move|p2a: Hawlucha|Close Combat|p1a: Mawile\n|-damage|p1a: Mawile|50\/100\n|-unboost|p2a: Hawlucha|def|1\n|-unboost|p2a: Hawlucha|spd|1\n|move|p1a: Mawile|Thunder Punch|p2a: Hawlucha\n|-supereffective|p2a: Hawlucha\n|-damage|p2a: Hawlucha|0 fnt\n|faint|p2a: Hawlucha\n|\n|-fieldend|move: Electric Terrain\n|upkeep\n|\n|t:|1700739689\n|switch|p2a: Sneasler|Sneasler, M|94\/100\n|turn|6\n|\n|t:|1700739705\n|move|p2a: Sneasler|U-turn|p1a: Mawile\n|-resisted|p1a: Mawile\n|-damage|p1a: Mawile|40\/100\n|\n|t:|1700739709\n|switch|p2a: Scrafty|Scrafty, F|100\/100|[from] U-turn\n|move|p1a: Mawile|Thunder Punch|p2a: Scrafty\n|-damage|p2a: Scrafty|44\/100\n|\n|upkeep\n|turn|7\n|c|\u2606IChangeMyNameAlot|Damn I am overpredicting\n|c|\u2606IChangeMyNameAlot|XD\n|\n|t:|1700739731\n|switch|p1a: Florges|Florges, F|100\/100\n|move|p2a: Scrafty|Drain Punch|p1a: Florges\n|-resisted|p1a: Florges\n|-damage|p1a: Florges|86\/100\n|-heal|p2a: Scrafty|53\/100|[from] drain|[of] p1a: Florges\n|\n|-heal|p1a: Florges|92\/100|[from] item: Leftovers\n|upkeep\n|turn|8\n|\n|t:|1700739743\n|move|p2a: Scrafty|Iron Head|p1a: Florges\n|-supereffective|p1a: Florges\n|-damage|p1a: Florges|52\/100\n|move|p1a: Florges|Calm Mind|p1a: Florges\n|-boost|p1a: Florges|spa|1\n|-boost|p1a: Florges|spd|1\n|\n|-heal|p1a: Florges|58\/100|[from] item: Leftovers\n|upkeep\n|turn|9\n|\n|t:|1700739756\n|move|p2a: Scrafty|Iron Head|p1a: Florges\n|-supereffective|p1a: Florges\n|-damage|p1a: Florges|20\/100\n|move|p1a: Florges|Synthesis|p1a: Florges\n|-heal|p1a: Florges|70\/100\n|\n|-heal|p1a: Florges|76\/100|[from] item: Leftovers\n|upkeep\n|turn|10\n|\n|t:|1700739766\n|move|p2a: Scrafty|Iron Head|p1a: Florges\n|-supereffective|p1a: Florges\n|-damage|p1a: Florges|37\/100\n|move|p1a: Florges|Moonblast|p2a: Scrafty\n|-supereffective|p2a: Scrafty\n|-enditem|p2a: Scrafty|Roseli Berry|[eat]\n|-enditem|p2a: Scrafty|Roseli Berry|[weaken]\n|-damage|p2a: Scrafty|0 fnt\n|faint|p2a: Scrafty\n|\n|-heal|p1a: Florges|43\/100|[from] item: Leftovers\n|upkeep\n|\n|t:|1700739778\n|switch|p2a: Cobalion|Cobalion|100\/100\n|turn|11\n|\n|t:|1700739793\n|-terastallize|p1a: Florges|Ground\n|move|p2a: Cobalion|Iron Head|p1a: Florges\n|-damage|p1a: Florges|14\/100\n|move|p1a: Florges|Synthesis|p1a: Florges\n|-heal|p1a: Florges|64\/100\n|\n|-heal|p1a: Florges|70\/100|[from] item: Leftovers\n|upkeep\n|turn|12\n|\n|t:|1700739803\n|-terastallize|p2a: Cobalion|Steel\n|move|p2a: Cobalion|Iron Head|p1a: Florges\n|-damage|p1a: Florges|35\/100\n|cant|p1a: Florges|flinch\n|\n|-heal|p1a: Florges|41\/100|[from] item: Leftovers\n|upkeep\n|turn|13\n|\n|t:|1700739811\n|move|p2a: Cobalion|Iron Head|p1a: Florges\n|-crit|p1a: Florges\n|-damage|p1a: Florges|0 fnt\n|faint|p1a: Florges\n|\n|upkeep\n|c|\u2606Gamer Boi YT|OOF\n|c|\u2606IChangeMyNameAlot|ye rip\n|\n|t:|1700739827\n|switch|p1a: Tapu Koko|Tapu Koko, shiny|100\/100\n|-fieldstart|move: Electric Terrain|[from] ability: Electric Surge|[of] p1a: Tapu Koko\n|turn|14\n|\n|t:|1700739834\n|move|p2a: Cobalion|Iron Head|p1a: Tapu Koko\n|-damage|p1a: Tapu Koko|44\/100\n|cant|p1a: Tapu Koko|flinch\n|\n|upkeep\n|turn|15\n|\n|t:|1700739841\n|move|p2a: Cobalion|Iron Head|p1a: Tapu Koko\n|-damage|p1a: Tapu Koko|0 fnt\n|faint|p1a: Tapu Koko\n|\n|upkeep\n|\n|t:|1700739843\n|switch|p1a: Iron Valiant|Iron Valiant|100\/100\n|-activate|p1a: Iron Valiant|ability: Quark Drive\n|-start|p1a: Iron Valiant|quarkdrivespe\n|turn|16\n|\n|t:|1700739850\n|switch|p2a: Gallade|Gallade, M|100\/100\n|move|p1a: Iron Valiant|Close Combat|p2a: Gallade\n|-resisted|p2a: Gallade\n|-damage|p2a: Gallade|46\/100\n|-unboost|p1a: Iron Valiant|def|1\n|-unboost|p1a: Iron Valiant|spd|1\n|\n|upkeep\n|turn|17\n|\n|t:|1700739863\n|move|p1a: Iron Valiant|Spirit Break|p2a: Gallade\n|-supereffective|p2a: Gallade\n|-damage|p2a: Gallade|0 fnt\n|faint|p2a: Gallade\n|\n|upkeep\n|\n|t:|1700739867\n|switch|p2a: Cobalion|Cobalion, tera:Steel|100\/100\n|turn|18\n|\n|t:|1700739871\n|move|p1a: Iron Valiant|Close Combat|p2a: Cobalion\n|-supereffective|p2a: Cobalion\n|-crit|p2a: Cobalion\n|-damage|p2a: Cobalion|0 fnt\n|-unboost|p1a: Iron Valiant|def|1\n|-unboost|p1a: Iron Valiant|spd|1\n|faint|p2a: Cobalion\n|\n|-fieldend|move: Electric Terrain\n|-end|p1a: Iron Valiant|Quark Drive\n|upkeep\n|-enditem|p1a: Iron Valiant|Booster Energy\n|-activate|p1a: Iron Valiant|ability: Quark Drive|[fromitem]\n|-start|p1a: Iron Valiant|quarkdrivespe\n|\n|t:|1700739875\n|switch|p2a: Sneasler|Sneasler, M|94\/100\n|turn|19\n|c|\u2606IChangeMyNameAlot|Damn Karma for the criy\n|c|\u2606IChangeMyNameAlot|crit*\n|c|\u2606Gamer Boi YT|yw lol\n|c|\u2606Gamer Boi YT|ye*\n|\n|t:|1700739901\n|move|p1a: Iron Valiant|Close Combat|p2a: Sneasler\n|-resisted|p2a: Sneasler\n|-damage|p2a: Sneasler|38\/100\n|-unboost|p1a: Iron Valiant|def|1\n|-unboost|p1a: Iron Valiant|spd|1\n|move|p2a: Sneasler|Dire Claw|p1a: Iron Valiant\n|-supereffective|p1a: Iron Valiant\n|-damage|p1a: Iron Valiant|0 fnt\n|faint|p1a: Iron Valiant\n|-end|p1a: Iron Valiant|Quark Drive|[silent]\n|\n|upkeep\n|\n|t:|1700739913\n|switch|p1a: Hatterene|Hatterene, F, shiny|100\/100\n|turn|20\n|\n|t:|1700739915\n|move|p2a: Sneasler|Dire Claw|p1a: Hatterene\n|-supereffective|p1a: Hatterene\n|-damage|p1a: Hatterene|4\/100\n|-status|p1a: Hatterene|psn\n|move|p1a: Hatterene|Psyshock|p2a: Sneasler\n|-supereffective|p2a: Sneasler\n|-damage|p2a: Sneasler|0 fnt\n|faint|p2a: Sneasler\n|\n|win|Gamer Boi YT\n|c|\u2606IChangeMyNameAlot|wp!\n|c|\u2606IChangeMyNameAlot|Now for 2\n|c|\u2606Gamer Boi YT|gg\n|l|\u2606Gamer Boi YT\n","uploadtime":1700739927,"views":27,"p1id":"gamerboiyt","p2id":"ichangemynamealot","formatid":"gen9nationaldex","rating":0,"private":0,"password":""}