{"id":"gen9nationaldex-1989532532","p1":"Ludicolion","p2":"RamziJabal","format":"[Gen 9] National Dex","log":"|j|\u2606Ludicolion\n|j|\u2606RamziJabal\n|t:|1699866879\n|gametype|singles\n|player|p1|Ludicolion|alder|\n|player|p2|RamziJabal|169|\n|teamsize|p1|6\n|teamsize|p2|6\n|gen|9\n|tier|[Gen 9] National Dex\n|rule|HP Percentage Mod: HP is shown in percentages\n|rule|Endless Battle Clause: Forcing endless battles is banned\n|rule|OHKO Clause: OHKO moves are banned\n|rule|Evasion Clause: Evasion abilities, items, and moves are banned\n|rule|Evasion Abilities Clause: Evasion abilities are banned\n|rule|Evasion Items Clause: Evasion items are banned\n|rule|Evasion Moves Clause: Evasion moves are banned\n|rule|Species Clause: Limit one of each Pok\u00e9mon\n|rule|Sleep Clause Mod: Limit one foe put to sleep\n|clearpoke\n|poke|p1|Meowscarada, M|\n|poke|p1|Toxtricity, M|\n|poke|p1|Mimikyu, F|\n|poke|p1|Scrafty, F|\n|poke|p1|Reuniclus, F|\n|poke|p1|Volcanion|\n|poke|p2|Hippowdon, M|\n|poke|p2|Excadrill, M|\n|poke|p2|Gliscor, M|\n|poke|p2|Seismitoad, F|\n|poke|p2|Dracozolt|\n|poke|p2|Tyranitar, M|\n|teampreview\n|\n|t:|1699866890\n|start\n|switch|p1a: Scrafty|Scrafty, F|100\/100\n|switch|p2a: Hippowdon|Hippowdon, M|100\/100\n|-weather|Sandstorm|[from] ability: Sand Stream|[of] p2a: Hippowdon\n|turn|1\n|\n|t:|1699866899\n|move|p1a: Scrafty|Bulk Up|p1a: Scrafty\n|-boost|p1a: Scrafty|atk|1\n|-boost|p1a: Scrafty|def|1\n|move|p2a: Hippowdon|Earthquake|p1a: Scrafty\n|-damage|p1a: Scrafty|80\/100\n|\n|-weather|Sandstorm|[upkeep]\n|-damage|p1a: Scrafty|74\/100|[from] Sandstorm\n|-heal|p1a: Scrafty|80\/100|[from] item: Leftovers\n|upkeep\n|turn|2\n|\n|t:|1699866917\n|switch|p2a: Seismitoad|Seismitoad, F|100\/100\n|move|p1a: Scrafty|Bulk Up|p1a: Scrafty\n|-boost|p1a: Scrafty|atk|1\n|-boost|p1a: Scrafty|def|1\n|\n|-weather|Sandstorm|[upkeep]\n|-damage|p1a: Scrafty|74\/100|[from] Sandstorm\n|-heal|p1a: Scrafty|80\/100|[from] item: Leftovers\n|upkeep\n|turn|3\n|\n|t:|1699866927\n|move|p2a: Seismitoad|Toxic|p1a: Scrafty\n|-status|p1a: Scrafty|tox\n|move|p1a: Scrafty|Rest|p1a: Scrafty\n|-status|p1a: Scrafty|slp|[from] move: Rest\n|-heal|p1a: Scrafty|100\/100 slp|[silent]\n|\n|-weather|Sandstorm|[upkeep]\n|-damage|p1a: Scrafty|95\/100 slp|[from] Sandstorm\n|-heal|p1a: Scrafty|100\/100 slp|[from] item: Leftovers\n|upkeep\n|turn|4\n|\n|t:|1699866939\n|move|p2a: Seismitoad|Drain Punch|p1a: Scrafty\n|-supereffective|p1a: Scrafty\n|-damage|p1a: Scrafty|80\/100 slp\n|cant|p1a: Scrafty|slp\n|\n|-weather|Sandstorm|[upkeep]\n|-damage|p1a: Scrafty|74\/100 slp|[from] Sandstorm\n|-heal|p1a: Scrafty|80\/100 slp|[from] item: Leftovers\n|upkeep\n|turn|5\n|\n|t:|1699866945\n|move|p2a: Seismitoad|Drain Punch|p1a: Scrafty\n|-supereffective|p1a: Scrafty\n|-damage|p1a: Scrafty|58\/100 slp\n|cant|p1a: Scrafty|slp\n|\n|-weather|none\n|-heal|p1a: Scrafty|64\/100 slp|[from] item: Leftovers\n|upkeep\n|turn|6\n|\n|t:|1699866953\n|move|p2a: Seismitoad|Toxic|p1a: Scrafty|[miss]\n|-miss|p2a: Seismitoad|p1a: Scrafty\n|-curestatus|p1a: Scrafty|slp|[msg]\n|move|p1a: Scrafty|Rest|p1a: Scrafty\n|-status|p1a: Scrafty|slp|[from] move: Rest\n|-heal|p1a: Scrafty|100\/100 slp|[silent]\n|\n|-activate|p1a: Scrafty|ability: Shed Skin\n|-curestatus|p1a: Scrafty|slp|[msg]\n|upkeep\n|turn|7\n|\n|t:|1699866958\n|move|p2a: Seismitoad|Toxic|p1a: Scrafty\n|-status|p1a: Scrafty|tox\n|move|p1a: Scrafty|Knock Off|p2a: Seismitoad\n|-damage|p2a: Seismitoad|36\/100\n|-enditem|p2a: Seismitoad|Leftovers|[from] move: Knock Off|[of] p1a: Scrafty\n|\n|-damage|p1a: Scrafty|95\/100 tox|[from] psn\n|upkeep\n|turn|8\n|\n|t:|1699866973\n|move|p2a: Seismitoad|Drain Punch|p1a: Scrafty\n|-supereffective|p1a: Scrafty\n|-damage|p1a: Scrafty|73\/100 tox\n|-heal|p2a: Seismitoad|45\/100|[from] drain|[of] p1a: Scrafty\n|move|p1a: Scrafty|Drain Punch|p2a: Seismitoad\n|-damage|p2a: Seismitoad|0 fnt\n|-heal|p1a: Scrafty|100\/100 tox|[from] drain|[of] p2a: Seismitoad\n|faint|p2a: Seismitoad\n|\n|-damage|p1a: Scrafty|89\/100 tox|[from] psn\n|upkeep\n|\n|t:|1699866978\n|switch|p2a: Hippowdon|Hippowdon, M|100\/100\n|-weather|Sandstorm|[from] ability: Sand Stream|[of] p2a: Hippowdon\n|turn|9\n|\n|t:|1699866981\n|move|p1a: Scrafty|Drain Punch|p2a: Hippowdon\n|-damage|p2a: Hippowdon|77\/100\n|-heal|p1a: Scrafty|100\/100 tox|[from] drain|[of] p2a: Hippowdon\n|move|p2a: Hippowdon|Earthquake|p1a: Scrafty\n|-damage|p1a: Scrafty|82\/100 tox\n|\n|-weather|Sandstorm|[upkeep]\n|-damage|p1a: Scrafty|76\/100 tox|[from] Sandstorm\n|-heal|p1a: Scrafty|82\/100 tox|[from] item: Leftovers\n|-heal|p2a: Hippowdon|83\/100|[from] item: Leftovers\n|-damage|p1a: Scrafty|64\/100 tox|[from] psn\n|upkeep\n|turn|10\n|\n|t:|1699866993\n|move|p1a: Scrafty|Knock Off|p2a: Hippowdon\n|-damage|p2a: Hippowdon|50\/100\n|-enditem|p2a: Hippowdon|Leftovers|[from] move: Knock Off|[of] p1a: Scrafty\n|move|p2a: Hippowdon|Earthquake|p1a: Scrafty\n|-damage|p1a: Scrafty|45\/100 tox\n|\n|-weather|Sandstorm|[upkeep]\n|-damage|p1a: Scrafty|39\/100 tox|[from] Sandstorm\n|-heal|p1a: Scrafty|45\/100 tox|[from] item: Leftovers\n|-damage|p1a: Scrafty|21\/100 tox|[from] psn\n|upkeep\n|turn|11\n|\n|t:|1699866999\n|move|p1a: Scrafty|Rest|p1a: Scrafty\n|-status|p1a: Scrafty|slp|[from] move: Rest\n|-heal|p1a: Scrafty|100\/100 slp|[silent]\n|move|p2a: Hippowdon|Earthquake|p1a: Scrafty\n|-damage|p1a: Scrafty|83\/100 slp\n|\n|-weather|Sandstorm|[upkeep]\n|-damage|p1a: Scrafty|77\/100 slp|[from] Sandstorm\n|-activate|p1a: Scrafty|ability: Shed Skin\n|-curestatus|p1a: Scrafty|slp|[msg]\n|-heal|p1a: Scrafty|83\/100|[from] item: Leftovers\n|upkeep\n|turn|12\n|-message|RamziJabal forfeited.\n|\n|win|Ludicolion\n|l|\u2606RamziJabal\n","uploadtime":1699867008,"views":5,"p1id":"ludicolion","p2id":"ramzijabal","formatid":"gen9nationaldex","rating":0,"private":0,"password":""}