{"id":"gen9nationaldex-1994409065","p1":"mushroomtester","p2":"Woodchucknorris24","format":"[Gen 9] National Dex","log":"|j|\u2606mushroomtester\n|j|\u2606Woodchucknorris24\n|t:|1700440641\n|gametype|singles\n|player|p1|mushroomtester|caitlin|\n|player|p2|Woodchucknorris24|clown|\n|teamsize|p1|6\n|teamsize|p2|6\n|gen|9\n|tier|[Gen 9] National Dex\n|rule|HP Percentage Mod: HP is shown in percentages\n|rule|Endless Battle Clause: Forcing endless battles is banned\n|rule|OHKO Clause: OHKO moves are banned\n|rule|Evasion Clause: Evasion abilities, items, and moves are banned\n|rule|Evasion Abilities Clause: Evasion abilities are banned\n|rule|Evasion Items Clause: Evasion items are banned\n|rule|Evasion Moves Clause: Evasion moves are banned\n|rule|Species Clause: Limit one of each Pok\u00e9mon\n|rule|Sleep Clause Mod: Limit one foe put to sleep\n|clearpoke\n|poke|p1|Luvdisc, M|\n|poke|p1|Swinub, M|\n|poke|p1|Cleffa, F|\n|poke|p1|Zubat, M|\n|poke|p1|Dreepy, F|\n|poke|p1|Togepi, F|\n|poke|p2|Makuhita, M|\n|poke|p2|Lotad, F|\n|poke|p2|Togepi, F|\n|poke|p2|Pidove, F|\n|poke|p2|Wooper, F|\n|poke|p2|Swinub, F|\n|teampreview\n|inactive|Battle timer is ON: inactive players will automatically lose when time's up. (requested by Woodchucknorris24)\n|c|\u2606Woodchucknorris24|glhf\n|c|\u2606mushroomtester|Glhf\n|c|\u2606mushroomtester|I made this team very quickly so lets see if it's any good\n|inactive|Woodchucknorris24 has 270 seconds left.\n|c|\u2606Woodchucknorris24|That's how it goes i guess\n|\n|t:|1700440678\n|start\n|switch|p1a: Luvdisc|Luvdisc, M|100\/100\n|switch|p2a: dream irl|Makuhita, M|100\/100\n|turn|1\n|\n|t:|1700440686\n|move|p1a: Luvdisc|Surf|p2a: dream irl\n|-damage|p2a: dream irl|2\/100\n|move|p2a: dream irl|Knock Off|p1a: Luvdisc\n|-damage|p1a: Luvdisc|43\/100\n|-enditem|p1a: Luvdisc|Choice Specs|[from] move: Knock Off|[of] p2a: dream irl\n|\n|-status|p2a: dream irl|brn|[from] item: Flame Orb\n|upkeep\n|turn|2\n|\n|t:|1700440693\n|switch|p2a: LIVE REACTION|Lotad, F|100\/100\n|move|p1a: Luvdisc|Flip Turn|p2a: LIVE REACTION\n|-resisted|p2a: LIVE REACTION\n|-damage|p2a: LIVE REACTION|97\/100\n|\n|t:|1700440708\n|switch|p1a: Zubat|Zubat, M|100\/100|[from] Flip Turn\n|\n|upkeep\n|turn|3\n|\n|t:|1700440713\n|switch|p2a: Unbrave bird|Pidove, F|100\/100\n|move|p1a: Zubat|Brave Bird|p2a: Unbrave bird\n|-damage|p2a: Unbrave bird|71\/100\n|-damage|p1a: Zubat|90\/100|[from] Recoil\n|\n|upkeep\n|turn|4\n|\n|t:|1700440725\n|move|p1a: Zubat|U-turn|p2a: Unbrave bird\n|-resisted|p2a: Unbrave bird\n|-damage|p2a: Unbrave bird|65\/100\n|\n|t:|1700440732\n|switch|p1a: Togepi|Togepi, F|100\/100|[from] U-turn\n|move|p2a: Unbrave bird|Wish|p2a: Unbrave bird\n|\n|upkeep\n|turn|5\n|\n|t:|1700440742\n|switch|p2a: LIVE REACTION|Lotad, F|97\/100\n|move|p1a: Togepi|Seismic Toss|p2a: LIVE REACTION\n|-damage|p2a: LIVE REACTION|62\/100\n|\n|-heal|p2a: LIVE REACTION|100\/100|[from] move: Wish|[wisher] Unbrave bird\n|upkeep\n|turn|6\n|\n|t:|1700440755\n|move|p2a: LIVE REACTION|Leech Seed|p1a: Togepi\n|-start|p1a: Togepi|move: Leech Seed\n|move|p1a: Togepi|Seismic Toss|p2a: LIVE REACTION\n|-damage|p2a: LIVE REACTION|65\/100\n|\n|-damage|p1a: Togepi|88\/100|[from] Leech Seed|[of] p2a: LIVE REACTION\n|-heal|p2a: LIVE REACTION|77\/100|[silent]\n|upkeep\n|turn|7\n|\n|t:|1700440765\n|move|p2a: LIVE REACTION|Ice Beam|p1a: Togepi\n|-damage|p1a: Togepi|75\/100\n|move|p1a: Togepi|Seismic Toss|p2a: LIVE REACTION\n|-damage|p2a: LIVE REACTION|42\/100\n|\n|-damage|p1a: Togepi|63\/100|[from] Leech Seed|[of] p2a: LIVE REACTION\n|-heal|p2a: LIVE REACTION|54\/100|[silent]\n|upkeep\n|turn|8\n|\n|t:|1700440775\n|switch|p1a: Cleffa|Cleffa, F|100\/100\n|move|p2a: LIVE REACTION|Synthesis|p2a: LIVE REACTION\n|-heal|p2a: LIVE REACTION|100\/100\n|\n|upkeep\n|turn|9\n|\n|t:|1700440795\n|switch|p2a: goon squad|Wooper, F|100\/100\n|move|p1a: Cleffa|Toxic|p2a: goon squad\n|-status|p2a: goon squad|tox\n|\n|-damage|p2a: goon squad|94\/100 tox|[from] psn\n|upkeep\n|turn|10\n|\n|t:|1700440802\n|move|p1a: Cleffa|Protect|p1a: Cleffa\n|-singleturn|p1a: Cleffa|Protect\n|move|p2a: goon squad|Stealth Rock|p1a: Cleffa\n|-sidestart|p1: mushroomtester|move: Stealth Rock\n|\n|-damage|p2a: goon squad|82\/100 tox|[from] psn\n|upkeep\n|turn|11\n|\n|t:|1700440814\n|switch|p1a: Zubat|Zubat, M|90\/100\n|-damage|p1a: Zubat|65\/100|[from] Stealth Rock\n|switch|p2a: Togepi|Togepi, F|100\/100\n|\n|upkeep\n|turn|12\n|\n|t:|1700440817\n|move|p1a: Zubat|Defog|p2a: Togepi\n|-unboost|p2a: Togepi|evasion|1\n|-sideend|p1: mushroomtester|Stealth Rock|[from] move: Defog|[of] p1a: Zubat\n|move|p2a: Togepi|Seismic Toss|p1a: Zubat\n|-damage|p1a: Zubat|30\/100\n|\n|upkeep\n|turn|13\n|\n|t:|1700440823\n|move|p1a: Zubat|Roost|p1a: Zubat\n|-heal|p1a: Zubat|80\/100\n|-singleturn|p1a: Zubat|move: Roost\n|move|p2a: Togepi|Heal Bell|p2a: Togepi\n|-activate|p2a: Togepi|move: Heal Bell\n|-curestatus|p2: dream irl|brn|[msg]\n|-curestatus|p2: goon squad|tox|[msg]\n|\n|upkeep\n|turn|14\n|\n|t:|1700440829\n|move|p1a: Zubat|U-turn|p2a: Togepi\n|-resisted|p2a: Togepi\n|-damage|p2a: Togepi|97\/100\n|\n|t:|1700440833\n|switch|p1a: Dreepy|Dreepy, F|100\/100|[from] U-turn\n|move|p2a: Togepi|Wish|p2a: Togepi\n|\n|upkeep\n|turn|15\n|\n|t:|1700440845\n|switch|p2a: Unbrave bird|Pidove, F|65\/100\n|move|p1a: Dreepy|Thunder Wave|p2a: Unbrave bird\n|-status|p2a: Unbrave bird|par\n|\n|-heal|p2a: Unbrave bird|100\/100 par|[from] move: Wish|[wisher] Togepi\n|upkeep\n|turn|16\n|\n|t:|1700440851\n|move|p1a: Dreepy|Draco Meteor|p2a: Unbrave bird\n|-damage|p2a: Unbrave bird|54\/100 par\n|-unboost|p1a: Dreepy|spa|2\n|move|p2a: Unbrave bird|U-turn|p1a: Dreepy\n|-resisted|p1a: Dreepy\n|-damage|p1a: Dreepy|90\/100\n|\n|t:|1700440854\n|switch|p2a: tech|Swinub, F|100\/100|[from] U-turn\n|\n|upkeep\n|turn|17\n|\n|t:|1700440865\n|switch|p1a: Luvdisc|Luvdisc, M|43\/100\n|move|p2a: tech|Icicle Crash|p1a: Luvdisc\n|-resisted|p1a: Luvdisc\n|-crit|p1a: Luvdisc\n|-damage|p1a: Luvdisc|0 fnt\n|faint|p1a: Luvdisc\n|-damage|p2a: tech|91\/100|[from] item: Life Orb\n|\n|upkeep\n|c|\u2606mushroomtester|Hate to see the crit\n|c|\u2606Woodchucknorris24|yeah mb\n|inactive|mushroomtester has 270 seconds left.\n|\n|t:|1700440891\n|switch|p1a: Togepi|Togepi, F|63\/100\n|turn|18\n|\n|t:|1700440896\n|move|p2a: tech|Icicle Crash|p1a: Togepi\n|-damage|p1a: Togepi|36\/100\n|-damage|p2a: tech|81\/100|[from] item: Life Orb\n|move|p1a: Togepi|Wish|p1a: Togepi\n|\n|upkeep\n|turn|19\n|\n|t:|1700440900\n|move|p1a: Togepi|Protect|p1a: Togepi\n|-singleturn|p1a: Togepi|Protect\n|move|p2a: tech|Body Slam|p1a: Togepi\n|-activate|p1a: Togepi|move: Protect\n|\n|-heal|p1a: Togepi|86\/100|[from] move: Wish|[wisher] Togepi\n|upkeep\n|turn|20\n|\n|t:|1700440909\n|switch|p2a: Togepi|Togepi, F|97\/100\n|move|p1a: Togepi|Wish|p1a: Togepi\n|\n|upkeep\n|turn|21\n|\n|t:|1700440915\n|move|p2a: Togepi|Heal Bell|p2a: Togepi\n|-activate|p2a: Togepi|move: Heal Bell\n|-curestatus|p2: Unbrave bird|par|[msg]\n|move|p1a: Togepi|Seismic Toss|p2a: Togepi\n|-damage|p2a: Togepi|60\/100\n|\n|-heal|p1a: Togepi|100\/100|[from] move: Wish|[wisher] Togepi\n|upkeep\n|turn|22\n|\n|t:|1700440918\n|move|p2a: Togepi|Wish|p2a: Togepi\n|move|p1a: Togepi|Seismic Toss|p2a: Togepi\n|-damage|p2a: Togepi|24\/100\n|\n|upkeep\n|turn|23\n|\n|t:|1700440923\n|switch|p1a: Dreepy|Dreepy, F|90\/100\n|move|p2a: Togepi|Protect||[still]\n|-fail|p2a: Togepi\n|\n|-heal|p2a: Togepi|74\/100|[from] move: Wish|[wisher] Togepi\n|upkeep\n|turn|24\n|\n|t:|1700440926\n|move|p2a: Togepi|Protect|p2a: Togepi\n|-singleturn|p2a: Togepi|Protect\n|move|p1a: Dreepy|Draco Meteor|p2a: Togepi\n|-activate|p2a: Togepi|move: Protect\n|\n|upkeep\n|turn|25\n|\n|t:|1700440933\n|move|p1a: Dreepy|Draco Meteor|p2a: Togepi\n|-immune|p2a: Togepi\n|move|p2a: Togepi|Wish|p2a: Togepi\n|\n|upkeep\n|turn|26\n|c|\u2606mushroomtester|Oh right that isn't a normal\n|c|\u2606Woodchucknorris24|nope\n|\n|t:|1700440951\n|switch|p2a: Unbrave bird|Pidove, F|54\/100\n|move|p1a: Dreepy|Curse|p2a: Unbrave bird\n|-start|p2a: Unbrave bird|Curse|[of] p1a: Dreepy\n|-damage|p1a: Dreepy|40\/100\n|\n|-heal|p2a: Unbrave bird|99\/100|[from] move: Wish|[wisher] Togepi\n|-damage|p2a: Unbrave bird|74\/100|[from] Curse\n|upkeep\n|turn|27\n|\n|t:|1700440961\n|switch|p1a: Togepi|Togepi, F|100\/100\n|switch|p2a: Togepi|Togepi, F|74\/100\n|\n|upkeep\n|turn|28\n|\n|t:|1700440964\n|move|p1a: Togepi|Seismic Toss|p2a: Togepi\n|-damage|p2a: Togepi|37\/100\n|move|p2a: Togepi|Wish|p2a: Togepi\n|\n|upkeep\n|turn|29\n|\n|t:|1700440971\n|move|p2a: Togepi|Protect|p2a: Togepi\n|-singleturn|p2a: Togepi|Protect\n|move|p1a: Togepi|Seismic Toss|p2a: Togepi\n|-activate|p2a: Togepi|move: Protect\n|\n|-heal|p2a: Togepi|87\/100|[from] move: Wish|[wisher] Togepi\n|upkeep\n|turn|30\n|\n|t:|1700440973\n|move|p2a: Togepi|Wish|p2a: Togepi\n|move|p1a: Togepi|Seismic Toss|p2a: Togepi\n|-damage|p2a: Togepi|51\/100\n|\n|upkeep\n|turn|31\n|\n|t:|1700440979\n|move|p2a: Togepi|Protect|p2a: Togepi\n|-singleturn|p2a: Togepi|Protect\n|move|p1a: Togepi|Seismic Toss|p2a: Togepi\n|-activate|p2a: Togepi|move: Protect\n|\n|-heal|p2a: Togepi|100\/100|[from] move: Wish|[wisher] Togepi\n|upkeep\n|turn|32\n|\n|t:|1700440981\n|move|p1a: Togepi|Seismic Toss|p2a: Togepi\n|-damage|p2a: Togepi|64\/100\n|move|p2a: Togepi|Wish|p2a: Togepi\n|\n|upkeep\n|turn|33\n|\n|t:|1700441001\n|switch|p2a: goon squad|Wooper, F|82\/100\n|switch|p1a: Cleffa|Cleffa, F|100\/100\n|\n|-heal|p2a: goon squad|100\/100|[from] move: Wish|[wisher] Togepi\n|upkeep\n|turn|34\n|\n|t:|1700441004\n|move|p1a: Cleffa|Toxic|p2a: goon squad\n|-status|p2a: goon squad|tox\n|move|p2a: goon squad|Stealth Rock|p1a: Cleffa\n|-sidestart|p1: mushroomtester|move: Stealth Rock\n|\n|-damage|p2a: goon squad|94\/100 tox|[from] psn\n|upkeep\n|turn|35\n|\n|t:|1700441011\n|move|p1a: Cleffa|Wish|p1a: Cleffa\n|move|p2a: goon squad|Earthquake|p1a: Cleffa\n|-damage|p1a: Cleffa|68\/100\n|\n|-damage|p2a: goon squad|82\/100 tox|[from] psn\n|upkeep\n|turn|36\n|\n|t:|1700441013\n|switch|p1a: Dreepy|Dreepy, F|40\/100\n|-damage|p1a: Dreepy|28\/100|[from] Stealth Rock\n|switch|p2a: Togepi|Togepi, F|64\/100\n|\n|-heal|p1a: Dreepy|87\/100|[from] move: Wish|[wisher] Cleffa\n|upkeep\n|turn|37\n|\n|t:|1700441021\n|move|p2a: Togepi|Protect|p2a: Togepi\n|-singleturn|p2a: Togepi|Protect\n|move|p1a: Dreepy|Thunder Wave|p2a: Togepi\n|-activate|p2a: Togepi|move: Protect\n|\n|upkeep\n|turn|38\n|\n|t:|1700441027\n|switch|p1a: Swinub|Swinub, M|100\/100\n|-damage|p1a: Swinub|88\/100|[from] Stealth Rock\n|move|p2a: Togepi|Wish|p2a: Togepi\n|\n|upkeep\n|turn|39\n|\n|t:|1700441031\n|move|p1a: Swinub|Toxic|p2a: Togepi\n|-status|p2a: Togepi|tox\n|move|p2a: Togepi|Heal Bell|p2a: Togepi\n|-activate|p2a: Togepi|move: Heal Bell\n|-curestatus|p2a: Togepi|tox|[msg]\n|-curestatus|p2: goon squad|tox|[msg]\n|\n|-heal|p2a: Togepi|100\/100|[from] move: Wish|[wisher] Togepi\n|upkeep\n|turn|40\n|\n|t:|1700441034\n|move|p1a: Swinub|Toxic|p2a: Togepi\n|-status|p2a: Togepi|tox\n|move|p2a: Togepi|Wish|p2a: Togepi\n|\n|-damage|p2a: Togepi|94\/100 tox|[from] psn\n|upkeep\n|turn|41\n|\n|t:|1700441039\n|move|p1a: Swinub|Stealth Rock|p2a: Togepi\n|-sidestart|p2: Woodchucknorris24|move: Stealth Rock\n|move|p2a: Togepi|Seismic Toss|p1a: Swinub\n|-damage|p1a: Swinub|55\/100\n|\n|-heal|p2a: Togepi|100\/100 tox|[from] move: Wish|[wisher] Togepi\n|-damage|p2a: Togepi|88\/100 tox|[from] psn\n|upkeep\n|turn|42\n|c|\u2606mushroomtester|Oh this is the wrong set\n|\n|t:|1700441060\n|move|p1a: Swinub|Earthquake|p2a: Togepi\n|-damage|p2a: Togepi|73\/100 tox\n|move|p2a: Togepi|Heal Bell|p2a: Togepi\n|-activate|p2a: Togepi|move: Heal Bell\n|-curestatus|p2a: Togepi|tox|[msg]\n|\n|upkeep\n|turn|43\n|c|\u2606Woodchucknorris24|ouch\n|\n|t:|1700441070\n|move|p1a: Swinub|Toxic|p2a: Togepi|[miss]\n|-miss|p1a: Swinub|p2a: Togepi\n|move|p2a: Togepi|Seismic Toss|p1a: Swinub\n|-damage|p1a: Swinub|22\/100\n|\n|upkeep\n|turn|44\n|\n|t:|1700441077\n|switch|p1a: Togepi|Togepi, F|100\/100\n|-damage|p1a: Togepi|88\/100|[from] Stealth Rock\n|move|p2a: Togepi|Seismic Toss|p1a: Togepi\n|-damage|p1a: Togepi|52\/100\n|\n|upkeep\n|turn|45\n|\n|t:|1700441088\n|move|p1a: Togepi|Wish|p1a: Togepi\n|move|p2a: Togepi|Wish|p2a: Togepi\n|\n|upkeep\n|turn|46\n|\n|t:|1700441094\n|switch|p2a: LIVE REACTION|Lotad, F|100\/100\n|-damage|p2a: LIVE REACTION|88\/100|[from] Stealth Rock\n|move|p1a: Togepi|Protect||[still]\n|-fail|p1a: Togepi\n|\n|-heal|p2a: LIVE REACTION|100\/100|[from] move: Wish|[wisher] Togepi\n|-heal|p1a: Togepi|100\/100|[from] move: Wish|[wisher] Togepi\n|upkeep\n|turn|47\n|\n|t:|1700441101\n|move|p2a: LIVE REACTION|Leech Seed|p1a: Togepi\n|-start|p1a: Togepi|move: Leech Seed\n|move|p1a: Togepi|Wish|p1a: Togepi\n|\n|-damage|p1a: Togepi|88\/100|[from] Leech Seed|[of] p2a: LIVE REACTION\n|upkeep\n|turn|48\n|\n|t:|1700441105\n|switch|p2a: tech|Swinub, F|81\/100\n|-damage|p2a: tech|68\/100|[from] Stealth Rock\n|switch|p1a: Swinub|Swinub, M|22\/100\n|-damage|p1a: Swinub|10\/100|[from] Stealth Rock\n|\n|-heal|p1a: Swinub|55\/100|[from] move: Wish|[wisher] Togepi\n|upkeep\n|turn|49\n|\n|t:|1700441119\n|switch|p1a: Zubat|Zubat, M|80\/100\n|-damage|p1a: Zubat|55\/100|[from] Stealth Rock\n|move|p2a: tech|Earthquake|p1a: Zubat\n|-immune|p1a: Zubat\n|\n|upkeep\n|turn|50\n|\n|t:|1700441128\n|switch|p1a: Togepi|Togepi, F|88\/100\n|-damage|p1a: Togepi|76\/100|[from] Stealth Rock\n|move|p2a: tech|Icicle Crash|p1a: Togepi\n|-crit|p1a: Togepi\n|-damage|p1a: Togepi|33\/100\n|-damage|p2a: tech|58\/100|[from] item: Life Orb\n|\n|upkeep\n|turn|51\n|c|\u2606Woodchucknorris24|sorry\n|\n|t:|1700441137\n|move|p1a: Togepi|Protect|p1a: Togepi\n|-singleturn|p1a: Togepi|Protect\n|move|p2a: tech|Earthquake|p1a: Togepi\n|-activate|p1a: Togepi|move: Protect\n|\n|upkeep\n|turn|52\n|\n|t:|1700441138\n|move|p2a: tech|Earthquake|p1a: Togepi\n|-damage|p1a: Togepi|0 fnt\n|faint|p1a: Togepi\n|-damage|p2a: tech|48\/100|[from] item: Life Orb\n|\n|upkeep\n|\n|t:|1700441145\n|switch|p1a: Dreepy|Dreepy, F|87\/100\n|-damage|p1a: Dreepy|74\/100|[from] Stealth Rock\n|turn|53\n|\n|t:|1700441154\n|switch|p2a: Unbrave bird|Pidove, F|74\/100\n|move|p1a: Dreepy|Curse|p2a: Unbrave bird\n|-start|p2a: Unbrave bird|Curse|[of] p1a: Dreepy\n|-damage|p1a: Dreepy|24\/100\n|\n|-damage|p2a: Unbrave bird|49\/100|[from] Curse\n|upkeep\n|turn|54\n|\n|t:|1700441161\n|switch|p2a: Togepi|Togepi, F|73\/100\n|-damage|p2a: Togepi|60\/100|[from] Stealth Rock\n|move|p1a: Dreepy|Draco Meteor|p2a: Togepi\n|-immune|p2a: Togepi\n|\n|upkeep\n|turn|55\n|\n|t:|1700441166\n|move|p1a: Dreepy|Thunder Wave|p2a: Togepi\n|-status|p2a: Togepi|par\n|cant|p2a: Togepi|par\n|\n|upkeep\n|turn|56\n|\n|t:|1700441179\n|switch|p1a: Cleffa|Cleffa, F|68\/100\n|move|p2a: Togepi|Wish|p2a: Togepi\n|\n|upkeep\n|turn|57\n|\n|t:|1700441188\n|move|p1a: Cleffa|Dazzling Gleam|p2a: Togepi\n|-damage|p2a: Togepi|44\/100 par\n|cant|p2a: Togepi|par\n|\n|-heal|p2a: Togepi|94\/100 par|[from] move: Wish|[wisher] Togepi\n|upkeep\n|turn|58\n|\n|t:|1700441191\n|move|p1a: Cleffa|Toxic||[still]\n|-fail|p1a: Cleffa\n|cant|p2a: Togepi|par\n|\n|upkeep\n|turn|59\n|\n|t:|1700441197\n|move|p1a: Cleffa|Dazzling Gleam|p2a: Togepi\n|-damage|p2a: Togepi|76\/100 par\n|move|p2a: Togepi|Heal Bell|p2a: Togepi\n|-activate|p2a: Togepi|move: Heal Bell\n|-curestatus|p2a: Togepi|par|[msg]\n|\n|upkeep\n|turn|60\n|\n|t:|1700441201\n|switch|p2a: Unbrave bird|Pidove, F|49\/100\n|move|p1a: Cleffa|Toxic|p2a: Unbrave bird\n|-status|p2a: Unbrave bird|tox\n|\n|-damage|p2a: Unbrave bird|43\/100 tox|[from] psn\n|upkeep\n|turn|61\n|\n|t:|1700441205\n|move|p1a: Cleffa|Protect|p1a: Cleffa\n|-singleturn|p1a: Cleffa|Protect\n|move|p2a: Unbrave bird|Defog|p1a: Cleffa\n|-activate|p1a: Cleffa|move: Protect\n|\n|-damage|p2a: Unbrave bird|30\/100 tox|[from] psn\n|upkeep\n|turn|62\n|\n|t:|1700441209\n|move|p2a: Unbrave bird|U-turn|p1a: Cleffa\n|-resisted|p1a: Cleffa\n|-crit|p1a: Cleffa\n|-damage|p1a: Cleffa|54\/100\n|\n|t:|1700441210\n|switch|p2a: Togepi|Togepi, F|76\/100|[from] U-turn\n|-damage|p2a: Togepi|64\/100|[from] Stealth Rock\n|move|p1a: Cleffa|Wish|p1a: Cleffa\n|\n|upkeep\n|turn|63\n|\n|t:|1700441219\n|move|p2a: Togepi|Wish|p2a: Togepi\n|move|p1a: Cleffa|Dazzling Gleam|p2a: Togepi\n|-damage|p2a: Togepi|48\/100\n|\n|-heal|p1a: Cleffa|100\/100|[from] move: Wish|[wisher] Cleffa\n|upkeep\n|turn|64\n|\n|t:|1700441224\n|move|p2a: Togepi|Protect|p2a: Togepi\n|-singleturn|p2a: Togepi|Protect\n|move|p1a: Cleffa|Toxic|p2a: Togepi\n|-activate|p2a: Togepi|move: Protect\n|\n|-heal|p2a: Togepi|98\/100|[from] move: Wish|[wisher] Togepi\n|upkeep\n|turn|65\n|\n|t:|1700441243\n|move|p2a: Togepi|Wish|p2a: Togepi\n|move|p1a: Cleffa|Toxic|p2a: Togepi\n|-status|p2a: Togepi|tox\n|\n|-damage|p2a: Togepi|92\/100 tox|[from] psn\n|upkeep\n|turn|66\n|\n|t:|1700441246\n|switch|p2a: tech|Swinub, F|48\/100\n|-damage|p2a: tech|36\/100|[from] Stealth Rock\n|move|p1a: Cleffa|Dazzling Gleam|p2a: tech\n|-damage|p2a: tech|0 fnt\n|faint|p2a: tech\n|\n|upkeep\n|\n|t:|1700441252\n|switch|p2a: Unbrave bird|Pidove, F|30\/100 tox\n|turn|67\n|\n|t:|1700441256\n|move|p1a: Cleffa|Protect|p1a: Cleffa\n|-singleturn|p1a: Cleffa|Protect\n|move|p2a: Unbrave bird|Defog|p1a: Cleffa\n|-activate|p1a: Cleffa|move: Protect\n|\n|-damage|p2a: Unbrave bird|24\/100 tox|[from] psn\n|upkeep\n|turn|68\n|\n|t:|1700441259\n|move|p2a: Unbrave bird|Defog|p1a: Cleffa\n|-unboost|p1a: Cleffa|evasion|1\n|-sideend|p1: mushroomtester|Stealth Rock|[from] move: Defog|[of] p2a: Unbrave bird\n|-sideend|p2: Woodchucknorris24|Stealth Rock|[from] move: Defog|[of] p2a: Unbrave bird\n|move|p1a: Cleffa|Wish|p1a: Cleffa\n|\n|-damage|p2a: Unbrave bird|12\/100 tox|[from] psn\n|upkeep\n|turn|69\n|\n|t:|1700441266\n|move|p2a: Unbrave bird|Wish|p2a: Unbrave bird\n|move|p1a: Cleffa|Dazzling Gleam|p2a: Unbrave bird\n|-damage|p2a: Unbrave bird|0 fnt\n|faint|p2a: Unbrave bird\n|\n|upkeep\n|\n|t:|1700441271\n|switch|p2a: dream irl|Makuhita, M|2\/100\n|turn|70\n|\n|t:|1700441291\n|move|p2a: dream irl|Earthquake|p1a: Cleffa\n|-damage|p1a: Cleffa|54\/100\n|move|p1a: Cleffa|Dazzling Gleam|p2a: dream irl\n|-supereffective|p2a: dream irl\n|-damage|p2a: dream irl|0 fnt\n|faint|p2a: dream irl\n|\n|upkeep\n|\n|t:|1700441301\n|switch|p2a: goon squad|Wooper, F|82\/100\n|turn|71\n|\n|t:|1700441304\n|move|p1a: Cleffa|Protect|p1a: Cleffa\n|-singleturn|p1a: Cleffa|Protect\n|move|p2a: goon squad|Earthquake|p1a: Cleffa\n|-activate|p1a: Cleffa|move: Protect\n|\n|upkeep\n|turn|72\n|\n|t:|1700441310\n|move|p1a: Cleffa|Wish|p1a: Cleffa\n|move|p2a: goon squad|Earthquake|p1a: Cleffa\n|-damage|p1a: Cleffa|19\/100\n|\n|upkeep\n|turn|73\n|\n|t:|1700441314\n|switch|p2a: Togepi|Togepi, F|92\/100 tox\n|move|p1a: Cleffa|Protect||[still]\n|-fail|p1a: Cleffa\n|\n|-heal|p1a: Cleffa|69\/100|[from] move: Wish|[wisher] Cleffa\n|-damage|p2a: Togepi|86\/100 tox|[from] psn\n|upkeep\n|turn|74\n|\n|t:|1700441319\n|move|p2a: Togepi|Seismic Toss|p1a: Cleffa\n|-damage|p1a: Cleffa|36\/100\n|move|p1a: Cleffa|Wish|p1a: Cleffa\n|\n|-damage|p2a: Togepi|73\/100 tox|[from] psn\n|upkeep\n|turn|75\n|\n|t:|1700441324\n|switch|p2a: goon squad|Wooper, F|82\/100\n|move|p1a: Cleffa|Protect||[still]\n|-fail|p1a: Cleffa\n|\n|-heal|p1a: Cleffa|86\/100|[from] move: Wish|[wisher] Cleffa\n|upkeep\n|turn|76\n|\n|t:|1700441326\n|move|p1a: Cleffa|Toxic|p2a: goon squad\n|-status|p2a: goon squad|tox\n|move|p2a: goon squad|Stealth Rock|p1a: Cleffa\n|-sidestart|p1: mushroomtester|move: Stealth Rock\n|\n|-damage|p2a: goon squad|76\/100 tox|[from] psn\n|upkeep\n|turn|77\n|\n|t:|1700441335\n|move|p1a: Cleffa|Wish|p1a: Cleffa\n|move|p2a: goon squad|Earthquake|p1a: Cleffa\n|-damage|p1a: Cleffa|53\/100\n|\n|-damage|p2a: goon squad|64\/100 tox|[from] psn\n|upkeep\n|turn|78\n|\n|t:|1700441338\n|switch|p1a: Zubat|Zubat, M|55\/100\n|-damage|p1a: Zubat|31\/100|[from] Stealth Rock\n|switch|p2a: Togepi|Togepi, F|73\/100 tox\n|\n|-heal|p1a: Zubat|84\/100|[from] move: Wish|[wisher] Cleffa\n|-damage|p2a: Togepi|67\/100 tox|[from] psn\n|upkeep\n|turn|79\n|\n|t:|1700441344\n|move|p1a: Zubat|Defog|p2a: Togepi\n|-unboost|p2a: Togepi|evasion|1\n|-sideend|p1: mushroomtester|Stealth Rock|[from] move: Defog|[of] p1a: Zubat\n|move|p2a: Togepi|Heal Bell|p2a: Togepi\n|-activate|p2a: Togepi|move: Heal Bell\n|-curestatus|p2a: Togepi|tox|[msg]\n|-curestatus|p2: goon squad|tox|[msg]\n|\n|upkeep\n|turn|80\n|\n|t:|1700441351\n|move|p1a: Zubat|U-turn|p2a: Togepi\n|-resisted|p2a: Togepi\n|-damage|p2a: Togepi|64\/100\n|\n|t:|1700441354\n|switch|p1a: Swinub|Swinub, M|55\/100|[from] U-turn\n|move|p2a: Togepi|Seismic Toss|p1a: Swinub\n|-damage|p1a: Swinub|22\/100\n|\n|upkeep\n|turn|81\n|\n|t:|1700441358\n|move|p1a: Swinub|Toxic|p2a: Togepi\n|-status|p2a: Togepi|tox\n|move|p2a: Togepi|Wish|p2a: Togepi\n|\n|-damage|p2a: Togepi|57\/100 tox|[from] psn\n|upkeep\n|turn|82\n|\n|t:|1700441360\n|move|p1a: Swinub|Stealth Rock|p2a: Togepi\n|-sidestart|p2: Woodchucknorris24|move: Stealth Rock\n|move|p2a: Togepi|Seismic Toss|p1a: Swinub\n|-damage|p1a: Swinub|0 fnt\n|faint|p1a: Swinub\n|\n|-heal|p2a: Togepi|100\/100 tox|[from] move: Wish|[wisher] Togepi\n|-damage|p2a: Togepi|88\/100 tox|[from] psn\n|upkeep\n|\n|t:|1700441370\n|switch|p1a: Zubat|Zubat, M|84\/100\n|turn|83\n|\n|t:|1700441374\n|move|p1a: Zubat|Brave Bird|p2a: Togepi\n|-damage|p2a: Togepi|71\/100 tox\n|-damage|p1a: Zubat|79\/100|[from] Recoil\n|move|p2a: Togepi|Seismic Toss|p1a: Zubat\n|-damage|p1a: Zubat|43\/100\n|\n|-damage|p2a: Togepi|52\/100 tox|[from] psn\n|upkeep\n|turn|84\n|\n|t:|1700441376\n|move|p1a: Zubat|Roost|p1a: Zubat\n|-heal|p1a: Zubat|93\/100\n|-singleturn|p1a: Zubat|move: Roost\n|move|p2a: Togepi|Heal Bell|p2a: Togepi\n|-activate|p2a: Togepi|move: Heal Bell\n|-curestatus|p2a: Togepi|tox|[msg]\n|\n|upkeep\n|turn|85\n|\n|t:|1700441383\n|move|p1a: Zubat|U-turn|p2a: Togepi\n|-resisted|p2a: Togepi\n|-damage|p2a: Togepi|48\/100\n|\n|t:|1700441385\n|switch|p1a: Cleffa|Cleffa, F|53\/100|[from] U-turn\n|move|p2a: Togepi|Seismic Toss|p1a: Cleffa\n|-damage|p1a: Cleffa|20\/100\n|\n|upkeep\n|turn|86\n|\n|t:|1700441388\n|move|p1a: Cleffa|Protect|p1a: Cleffa\n|-singleturn|p1a: Cleffa|Protect\n|move|p2a: Togepi|Seismic Toss|p1a: Cleffa\n|-activate|p1a: Cleffa|move: Protect\n|\n|upkeep\n|turn|87\n|\n|t:|1700441396\n|switch|p1a: Dreepy|Dreepy, F|24\/100\n|move|p2a: Togepi|Seismic Toss|p1a: Dreepy\n|-immune|p1a: Dreepy\n|\n|upkeep\n|turn|88\n|\n|t:|1700441409\n|move|p2a: Togepi|Protect|p2a: Togepi\n|-singleturn|p2a: Togepi|Protect\n|move|p1a: Dreepy|Thunder Wave|p2a: Togepi\n|-activate|p2a: Togepi|move: Protect\n|\n|upkeep\n|turn|89\n|\n|t:|1700441423\n|move|p1a: Dreepy|Draco Meteor|p2a: Togepi\n|-immune|p2a: Togepi\n|move|p2a: Togepi|Seismic Toss|p1a: Dreepy\n|-immune|p1a: Dreepy\n|\n|upkeep\n|turn|90\n|\n|t:|1700441428\n|move|p1a: Dreepy|Thunder Wave|p2a: Togepi\n|-status|p2a: Togepi|par\n|move|p2a: Togepi|Wish|p2a: Togepi\n|\n|upkeep\n|turn|91\n|\n|t:|1700441435\n|switch|p1a: Cleffa|Cleffa, F|20\/100\n|switch|p2a: goon squad|Wooper, F|64\/100\n|-damage|p2a: goon squad|58\/100|[from] Stealth Rock\n|\n|-heal|p2a: goon squad|100\/100|[from] move: Wish|[wisher] Togepi\n|upkeep\n|turn|92\n|\n|t:|1700441450\n|switch|p1a: Zubat|Zubat, M|93\/100\n|move|p2a: goon squad|Earthquake|p1a: Zubat\n|-immune|p1a: Zubat\n|\n|upkeep\n|turn|93\n|\n|t:|1700441458\n|move|p1a: Zubat|Brave Bird|p2a: goon squad\n|-damage|p2a: goon squad|82\/100\n|-damage|p1a: Zubat|87\/100|[from] Recoil\n|move|p2a: goon squad|Scald|p1a: Zubat\n|-damage|p1a: Zubat|78\/100\n|\n|upkeep\n|turn|94\n|\n|t:|1700441468\n|move|p1a: Zubat|U-turn|p2a: goon squad\n|-damage|p2a: goon squad|74\/100\n|\n|t:|1700441470\n|switch|p1a: Dreepy|Dreepy, F|24\/100|[from] U-turn\n|move|p2a: goon squad|Scald|p1a: Dreepy\n|-resisted|p1a: Dreepy\n|-damage|p1a: Dreepy|14\/100\n|-start|p2a: goon squad|Disable|Scald|[from] ability: Cursed Body|[of] p1a: Dreepy\n|\n|upkeep\n|turn|95\n|\n|t:|1700441477\n|move|p1a: Dreepy|Draco Meteor|p2a: goon squad\n|-damage|p2a: goon squad|33\/100\n|-unboost|p1a: Dreepy|spa|2\n|move|p2a: goon squad|Earthquake|p1a: Dreepy\n|-damage|p1a: Dreepy|0 fnt\n|faint|p1a: Dreepy\n|\n|upkeep\n|\n|t:|1700441484\n|switch|p1a: Zubat|Zubat, M|78\/100\n|turn|96\n|\n|t:|1700441486\n|move|p1a: Zubat|Brave Bird|p2a: goon squad\n|-damage|p2a: goon squad|15\/100\n|-damage|p1a: Zubat|71\/100|[from] Recoil\n|move|p2a: goon squad|Recover|p2a: goon squad\n|-heal|p2a: goon squad|65\/100\n|\n|upkeep\n|turn|97\n|\n|t:|1700441494\n|move|p1a: Zubat|Brave Bird|p2a: goon squad\n|-damage|p2a: goon squad|44\/100\n|-damage|p1a: Zubat|64\/100|[from] Recoil\n|move|p2a: goon squad|Earthquake|p1a: Zubat\n|-immune|p1a: Zubat\n|\n|-end|p2a: goon squad|Disable\n|upkeep\n|turn|98\n|\n|t:|1700441497\n|move|p1a: Zubat|Roost|p1a: Zubat\n|-heal|p1a: Zubat|100\/100\n|-singleturn|p1a: Zubat|move: Roost\n|move|p2a: goon squad|Recover|p2a: goon squad\n|-heal|p2a: goon squad|94\/100\n|\n|upkeep\n|turn|99\n|\n|t:|1700441501\n|move|p1a: Zubat|Brave Bird|p2a: goon squad\n|-damage|p2a: goon squad|77\/100\n|-damage|p1a: Zubat|94\/100|[from] Recoil\n|move|p2a: goon squad|Scald|p1a: Zubat\n|-damage|p1a: Zubat|85\/100\n|\n|upkeep\n|turn|100\n|\n|t:|1700441508\n|move|p1a: Zubat|Brave Bird|p2a: goon squad\n|-damage|p2a: goon squad|58\/100\n|-damage|p1a: Zubat|78\/100|[from] Recoil\n|move|p2a: goon squad|Scald|p1a: Zubat\n|-damage|p1a: Zubat|68\/100\n|\n|upkeep\n|turn|101\n|\n|t:|1700441511\n|move|p1a: Zubat|Brave Bird|p2a: goon squad\n|-damage|p2a: goon squad|40\/100\n|-damage|p1a: Zubat|62\/100|[from] Recoil\n|move|p2a: goon squad|Scald|p1a: Zubat\n|-damage|p1a: Zubat|52\/100\n|-status|p1a: Zubat|brn\n|\n|-damage|p1a: Zubat|46\/100 brn|[from] brn\n|upkeep\n|turn|102\n|\n|t:|1700441513\n|move|p1a: Zubat|Roost|p1a: Zubat\n|-heal|p1a: Zubat|96\/100 brn\n|-singleturn|p1a: Zubat|move: Roost\n|move|p2a: goon squad|Recover|p2a: goon squad\n|-heal|p2a: goon squad|90\/100\n|\n|-damage|p1a: Zubat|90\/100 brn|[from] brn\n|upkeep\n|turn|103\n|c|\u2606mushroomtester|Yea it's over\n|c|\u2606mushroomtester|Ggs\n|c|\u2606Woodchucknorris24|gg\n|-message|mushroomtester forfeited.\n|\n|win|Woodchucknorris24\n","uploadtime":1700441550,"views":39,"p1id":"mushroomtester","p2id":"woodchucknorris24","formatid":"gen9nationaldex","rating":0,"private":0,"password":""}