{"id":"gen9nationaldex-1997184220","p1":"Apples Are Epic","p2":"830r","format":"[Gen 9] National Dex","log":"|html|<div class=\"broadcast-blue\"><strong>[Gen 9] National Dex is currently suspecting Sneasler! For information on how to participate check out the <a href=\"https:\/\/www.smogon.com\/forums\/threads\/sv-national-dex-suspect-8-just-dance.3731534\/\">suspect thread<\/a>.<\/strong><\/div>\n|j|\u2606Apples Are Epic\n|j|\u2606830r\n|t:|1700773163\n|gametype|singles\n|player|p1|Apples Are Epic|unknown|1300\n|player|p2|830r|veteran|1323\n|teamsize|p1|6\n|teamsize|p2|6\n|gen|9\n|tier|[Gen 9] National Dex\n|rated|\n|rule|HP Percentage Mod: HP is shown in percentages\n|rule|Endless Battle Clause: Forcing endless battles is banned\n|rule|OHKO Clause: OHKO moves are banned\n|rule|Evasion Clause: Evasion abilities, items, and moves are banned\n|rule|Evasion Abilities Clause: Evasion abilities are banned\n|rule|Evasion Items Clause: Evasion items are banned\n|rule|Evasion Moves Clause: Evasion moves are banned\n|rule|Species Clause: Limit one of each Pok\u00e9mon\n|rule|Sleep Clause Mod: Limit one foe put to sleep\n|clearpoke\n|poke|p1|Charizard, M|\n|poke|p1|Great Tusk|\n|poke|p1|Ogerpon-Cornerstone, F|\n|poke|p1|Quaquaval, F|\n|poke|p1|Xurkitree|\n|poke|p1|Landorus-Therian, M|\n|poke|p2|Toxapex, F|\n|poke|p2|Celesteela|\n|poke|p2|Garganacl, F|\n|poke|p2|Slowbro, F|\n|poke|p2|Clefable, F|\n|poke|p2|Clodsire, F|\n|teampreview\n|inactive|Battle timer is ON: inactive players will automatically lose when time's up. (requested by 830r)\n|c|\u2606Apples Are Epic|im very worried at first look\n|c|\u2606Apples Are Epic|very worried\n|c|\u2606830r|Lol\n|\n|t:|1700773187\n|start\n|switch|p1a: Landorus|Landorus-Therian, M|100\/100\n|switch|p2a: Clodsire|Clodsire, F, shiny|100\/100\n|-ability|p1a: Landorus|Intimidate|boost\n|-unboost|p2a: Clodsire|atk|1\n|turn|1\n|c|\u2606830r|stall v HO?\n|\n|t:|1700773195\n|move|p1a: Landorus|Taunt|p2a: Clodsire\n|-start|p2a: Clodsire|move: Taunt\n|cant|p2a: Clodsire|move: Taunt|Toxic Spikes\n|\n|upkeep\n|turn|2\n|c|\u2606Apples Are Epic|letz go\n|\n|t:|1700773204\n|switch|p2a: Garganacl|Garganacl, F|100\/100\n|move|p1a: Landorus|Stealth Rock|p2a: Garganacl\n|-sidestart|p2: 830r|move: Stealth Rock\n|\n|upkeep\n|turn|3\n|\n|t:|1700773211\n|-terastallize|p2a: Garganacl|Ghost\n|move|p1a: Landorus|Earthquake|p2a: Garganacl\n|-crit|p2a: Garganacl\n|-damage|p2a: Garganacl|52\/100\n|move|p2a: Garganacl|Substitute|p2a: Garganacl\n|-start|p2a: Garganacl|Substitute\n|-damage|p2a: Garganacl|27\/100\n|\n|-heal|p2a: Garganacl|33\/100|[from] item: Leftovers\n|upkeep\n|turn|4\n|\n|t:|1700773217\n|move|p1a: Landorus|Earthquake|p2a: Garganacl\n|-end|p2a: Garganacl|Substitute\n|move|p2a: Garganacl|Salt Cure|p1a: Landorus\n|-damage|p1a: Landorus|91\/100\n|-start|p1a: Landorus|Salt Cure\n|\n|-heal|p2a: Garganacl|39\/100|[from] item: Leftovers\n|-damage|p1a: Landorus|79\/100|[from] Salt Cure\n|upkeep\n|turn|5\n|\n|t:|1700773227\n|move|p1a: Landorus|Earthquake|p2a: Garganacl\n|-damage|p2a: Garganacl|9\/100\n|move|p2a: Garganacl|Recover|p2a: Garganacl\n|-heal|p2a: Garganacl|59\/100\n|\n|-heal|p2a: Garganacl|66\/100|[from] item: Leftovers\n|-damage|p1a: Landorus|66\/100|[from] Salt Cure\n|upkeep\n|turn|6\n|\n|t:|1700773231\n|move|p1a: Landorus|U-turn|p2a: Garganacl\n|-resisted|p2a: Garganacl\n|-damage|p2a: Garganacl|58\/100\n|c|\u2606Apples Are Epic|i havent seen a garga in a while\n|\n|t:|1700773243\n|switch|p1a: Great Tusk|Great Tusk|100\/100|[from] U-turn\n|-enditem|p1a: Great Tusk|Booster Energy\n|-activate|p1a: Great Tusk|ability: Protosynthesis|[fromitem]\n|-start|p1a: Great Tusk|protosynthesisatk\n|move|p2a: Garganacl|Recover|p2a: Garganacl\n|-heal|p2a: Garganacl|100\/100\n|\n|upkeep\n|turn|7\n|c|\u2606830r|It\u2019s so strong tho\n|\n|t:|1700773260\n|move|p1a: Great Tusk|Bulk Up|p1a: Great Tusk\n|-boost|p1a: Great Tusk|atk|1\n|-boost|p1a: Great Tusk|def|1\n|move|p2a: Garganacl|Salt Cure|p1a: Great Tusk\n|-resisted|p1a: Great Tusk\n|-damage|p1a: Great Tusk|99\/100\n|-start|p1a: Great Tusk|Salt Cure\n|\n|-damage|p1a: Great Tusk|87\/100|[from] Salt Cure\n|upkeep\n|turn|8\n|c|\u2606Apples Are Epic|yeah but covert cloak doesnt do it well\n|\n|t:|1700773272\n|switch|p2a: Celesteela|Celesteela|100\/100\n|-damage|p2a: Celesteela|88\/100|[from] Stealth Rock\n|move|p1a: Great Tusk|Headlong Rush|p2a: Celesteela\n|-immune|p2a: Celesteela\n|\n|-heal|p2a: Celesteela|94\/100|[from] item: Leftovers\n|-damage|p1a: Great Tusk|74\/100|[from] Salt Cure\n|upkeep\n|turn|9\n|c|\u2606830r|Why would I run covert?\n|c|\u2606Apples Are Epic|no as in i would\n|c|\u2606830r|Oh\n|c|\u2606Apples Are Epic|covert makes it so that i wouldnt take salt cure\n|inactive|Apples Are Epic has 120 seconds left.\n|\n|t:|1700773308\n|switch|p2a: Garganacl|Garganacl, F, tera:Ghost|100\/100\n|-damage|p2a: Garganacl|88\/100|[from] Stealth Rock\n|move|p1a: Great Tusk|Body Press|p2a: Garganacl\n|-immune|p2a: Garganacl\n|\n|-heal|p2a: Garganacl|94\/100|[from] item: Leftovers\n|-damage|p1a: Great Tusk|62\/100|[from] Salt Cure\n|upkeep\n|turn|10\n|c|\u2606830r|Tru\n|inactive|Apples Are Epic has 120 seconds left.\n|\n|t:|1700773321\n|-end|p1a: Great Tusk|Protosynthesis|[silent]\n|switch|p1a: Landorus|Landorus-Therian, M|66\/100\n|-ability|p1a: Landorus|Intimidate|boost\n|-unboost|p2a: Garganacl|atk|1\n|move|p2a: Garganacl|Substitute|p2a: Garganacl\n|-start|p2a: Garganacl|Substitute\n|-damage|p2a: Garganacl|69\/100\n|\n|-heal|p2a: Garganacl|75\/100|[from] item: Leftovers\n|upkeep\n|turn|11\n|\n|t:|1700773326\n|move|p1a: Landorus|Earthquake|p2a: Garganacl\n|-end|p2a: Garganacl|Substitute\n|move|p2a: Garganacl|Salt Cure|p1a: Landorus\n|-damage|p1a: Landorus|59\/100\n|-start|p1a: Landorus|Salt Cure\n|\n|-heal|p2a: Garganacl|82\/100|[from] item: Leftovers\n|-damage|p1a: Landorus|47\/100|[from] Salt Cure\n|upkeep\n|turn|12\n|\n|t:|1700773331\n|move|p1a: Landorus|Earthquake|p2a: Garganacl\n|-crit|p2a: Garganacl\n|-damage|p2a: Garganacl|37\/100\n|move|p2a: Garganacl|Substitute|p2a: Garganacl\n|-start|p2a: Garganacl|Substitute\n|-damage|p2a: Garganacl|12\/100\n|\n|-heal|p2a: Garganacl|18\/100|[from] item: Leftovers\n|-damage|p1a: Landorus|35\/100|[from] Salt Cure\n|upkeep\n|turn|13\n|\n|t:|1700773335\n|move|p1a: Landorus|Earthquake|p2a: Garganacl\n|-end|p2a: Garganacl|Substitute\n|move|p2a: Garganacl|Recover|p2a: Garganacl\n|-heal|p2a: Garganacl|68\/100\n|\n|-heal|p2a: Garganacl|74\/100|[from] item: Leftovers\n|-damage|p1a: Landorus|22\/100|[from] Salt Cure\n|upkeep\n|turn|14\n|\n|t:|1700773344\n|switch|p2a: Toxapex|Toxapex, F, shiny|100\/100\n|-damage|p2a: Toxapex|88\/100|[from] Stealth Rock\n|move|p1a: Landorus|Earthquake|p2a: Toxapex\n|-supereffective|p2a: Toxapex\n|-damage|p2a: Toxapex|15\/100\n|\n|-heal|p2a: Toxapex|21\/100|[from] item: Black Sludge\n|-damage|p1a: Landorus|10\/100|[from] Salt Cure\n|upkeep\n|turn|15\n|\n|t:|1700773351\n|move|p2a: Toxapex|Baneful Bunker|p2a: Toxapex\n|-singleturn|p2a: Toxapex|move: Protect\n|move|p1a: Landorus|U-turn|p2a: Toxapex\n|-activate|p2a: Toxapex|move: Protect\n|-status|p1a: Landorus|psn\n|\n|-heal|p2a: Toxapex|27\/100|[from] item: Black Sludge\n|-damage|p1a: Landorus|0 fnt|[from] psn\n|faint|p1a: Landorus\n|upkeep\n|c|\u2606830r|One down\n|\n|t:|1700773365\n|switch|p1a: Xurkitree|Xurkitree|100\/100\n|turn|16\n|\n|t:|1700773374\n|switch|p2a: Clodsire|Clodsire, F, shiny|100\/100\n|-damage|p2a: Clodsire|94\/100|[from] Stealth Rock\n|move|p1a: Xurkitree|Energy Ball|p2a: Clodsire\n|-damage|p2a: Clodsire|66\/100\n|\n|-heal|p2a: Clodsire|73\/100|[from] item: Black Sludge\n|upkeep\n|turn|17\n|\n|t:|1700773382\n|switch|p1a: Charizard|Charizard, M, shiny|100\/100\n|move|p2a: Clodsire|Toxic Spikes|p1a: Charizard\n|-sidestart|p1: Apples Are Epic|move: Toxic Spikes\n|\n|-heal|p2a: Clodsire|79\/100|[from] item: Black Sludge\n|upkeep\n|turn|18\n|c|\u2606Apples Are Epic|shit\n|\n|t:|1700773397\n|detailschange|p1a: Charizard|Charizard-Mega-Y, M, shiny\n|-mega|p1a: Charizard|Charizard|Charizardite Y\n|-weather|SunnyDay|[from] ability: Drought|[of] p1a: Charizard\n|move|p1a: Charizard|Scorching Sands|p2a: Clodsire\n|-supereffective|p2a: Clodsire\n|-damage|p2a: Clodsire|37\/100\n|move|p2a: Clodsire|Stealth Rock|p1a: Charizard\n|-sidestart|p1: Apples Are Epic|move: Stealth Rock\n|\n|-weather|SunnyDay|[upkeep]\n|-heal|p2a: Clodsire|43\/100|[from] item: Black Sludge\n|upkeep\n|turn|19\n|\n|t:|1700773407\n|move|p1a: Charizard|Solar Beam||[still]\n|-prepare|p1a: Charizard|Solar Beam\n|-anim|p1a: Charizard|Solar Beam|p2a: Clodsire\n|-crit|p2a: Clodsire\n|-damage|p2a: Clodsire|0 fnt\n|faint|p2a: Clodsire\n|\n|-weather|SunnyDay|[upkeep]\n|upkeep\n|c|\u2606Apples Are Epic|i honestly dk what to do here lol\n|c|\u2606830r|WHY\n|c|\u2606Apples Are Epic|im getting way too lucky\n|\n|t:|1700773420\n|switch|p2a: Garganacl|Garganacl, F, tera:Ghost|74\/100\n|-damage|p2a: Garganacl|62\/100|[from] Stealth Rock\n|turn|20\n|c|\u2606Apples Are Epic|ffs\n|c|\u2606830r|So\n|c|\u2606Apples Are Epic|if only i could crit when i needed to\n|\n|t:|1700773432\n|move|p1a: Charizard|Fire Blast|p2a: Garganacl|[miss]\n|-miss|p1a: Charizard|p2a: Garganacl\n|move|p2a: Garganacl|Salt Cure|p1a: Charizard\n|-supereffective|p1a: Charizard\n|-crit|p1a: Charizard\n|-damage|p1a: Charizard|0 fnt\n|faint|p1a: Charizard\n|\n|-weather|SunnyDay|[upkeep]\n|-heal|p2a: Garganacl|68\/100|[from] item: Leftovers\n|upkeep\n|c|\u2606830r|G kills here\n|c|\u2606Apples Are Epic|fuck\n|c|\u2606830r|Yea\n|\n|t:|1700773446\n|switch|p1a: Quaquaval|Quaquaval, F|100\/100\n|-status|p1a: Quaquaval|psn\n|-damage|p1a: Quaquaval|94\/100 psn|[from] Stealth Rock\n|turn|21\n|c|\u2606830r|I didn\u2019t need the crit lol\n|c|\u2606Apples Are Epic|true\n|\n|t:|1700773453\n|-zpower|p1a: Quaquaval\n|move|p1a: Quaquaval|Hydro Vortex|p2a: Garganacl|[zeffect]\n|-damage|p2a: Garganacl|41\/100\n|move|p2a: Garganacl|Salt Cure|p1a: Quaquaval\n|-resisted|p1a: Quaquaval\n|-damage|p1a: Quaquaval|85\/100 psn\n|-start|p1a: Quaquaval|Salt Cure\n|\n|-weather|SunnyDay|[upkeep]\n|-heal|p2a: Garganacl|47\/100|[from] item: Leftovers\n|-damage|p1a: Quaquaval|73\/100 psn|[from] psn\n|-damage|p1a: Quaquaval|48\/100 psn|[from] Salt Cure\n|upkeep\n|turn|22\n|c|\u2606Apples Are Epic|27 with a z move is criminal\n|\n|t:|1700773466\n|move|p1a: Quaquaval|Knock Off|p2a: Garganacl\n|-supereffective|p2a: Garganacl\n|-damage|p2a: Garganacl|4\/100\n|-enditem|p2a: Garganacl|Leftovers|[from] move: Knock Off|[of] p1a: Quaquaval\n|move|p2a: Garganacl|Recover|p2a: Garganacl\n|-heal|p2a: Garganacl|54\/100\n|\n|-weather|none\n|-damage|p1a: Quaquaval|36\/100 psn|[from] psn\n|-damage|p1a: Quaquaval|11\/100 psn|[from] Salt Cure\n|upkeep\n|turn|23\n|c|\u2606830r|G is too powerful\n|c|\u2606830r|it should be Uber banned\n|c|\u2606Apples Are Epic|i need to run gholdengo or smth lol\n|\n|t:|1700773489\n|switch|p2a: Toxapex|Toxapex, F, shiny|61\/100\n|-damage|p2a: Toxapex|48\/100|[from] Stealth Rock\n|move|p1a: Quaquaval|Aqua Step|p2a: Toxapex\n|-resisted|p2a: Toxapex\n|-damage|p2a: Toxapex|35\/100\n|-boost|p1a: Quaquaval|spe|1\n|\n|-heal|p2a: Toxapex|42\/100|[from] item: Black Sludge\n|-damage|p1a: Quaquaval|0 fnt|[from] psn\n|faint|p1a: Quaquaval\n|upkeep\n|\n|t:|1700773500\n|switch|p1a: Xurkitree|Xurkitree|100\/100\n|-status|p1a: Xurkitree|psn\n|-damage|p1a: Xurkitree|88\/100 psn|[from] Stealth Rock\n|turn|24\n|\n|t:|1700773506\n|-terastallize|p1a: Xurkitree|Flying\n|move|p2a: Toxapex|Baneful Bunker|p2a: Toxapex\n|-singleturn|p2a: Toxapex|move: Protect\n|move|p1a: Xurkitree|Volt Switch|p2a: Toxapex\n|-activate|p2a: Toxapex|move: Protect\n|\n|-heal|p2a: Toxapex|48\/100|[from] item: Black Sludge\n|-damage|p1a: Xurkitree|76\/100 psn|[from] psn\n|upkeep\n|turn|25\n|\n|t:|1700773516\n|switch|p2a: Garganacl|Garganacl, F, tera:Ghost|54\/100\n|-damage|p2a: Garganacl|42\/100|[from] Stealth Rock\n|move|p1a: Xurkitree|Volt Switch|p2a: Garganacl\n|-damage|p2a: Garganacl|11\/100\n|\n|t:|1700773525\n|switch|p1a: Ogerpon|Ogerpon-Cornerstone, F|100\/100|[from] Volt Switch\n|-status|p1a: Ogerpon|psn\n|-damage|p1a: Ogerpon|88\/100 psn|[from] Stealth Rock\n|\n|-damage|p1a: Ogerpon|76\/100 psn|[from] psn\n|upkeep\n|turn|26\n|\n|t:|1700773532\n|move|p1a: Ogerpon|Trailblaze|p2a: Garganacl\n|-damage|p2a: Garganacl|0 fnt\n|-boost|p1a: Ogerpon|spe|1\n|faint|p2a: Garganacl\n|\n|-damage|p1a: Ogerpon|64\/100 psn|[from] psn\n|upkeep\n|c|\u2606Apples Are Epic|lets go\n|\n|t:|1700773541\n|switch|p2a: Clefable|Clefable, F|100\/100\n|-damage|p2a: Clefable|88\/100|[from] Stealth Rock\n|turn|27\n|c|\u2606Apples Are Epic|if i get hit by a cosmic power stored power set\n|c|\u2606Apples Are Epic|im gonna cry\n|\n|t:|1700773555\n|move|p1a: Ogerpon|Ivy Cudgel|p2a: Clefable|[anim] Ivy Cudgel Rock\n|-damage|p2a: Clefable|27\/100\n|move|p2a: Clefable|Cosmic Power|p2a: Clefable\n|-boost|p2a: Clefable|def|1\n|-boost|p2a: Clefable|spd|1\n|\n|-heal|p2a: Clefable|33\/100|[from] item: Leftovers\n|-damage|p1a: Ogerpon|51\/100 psn|[from] psn\n|upkeep\n|turn|28\n|c|\u2606830r|Hmmm\n|c|\u2606Apples Are Epic|;-;\n|c|\u2606830r|i would never do that\n|\n|t:|1700773569\n|move|p1a: Ogerpon|Ivy Cudgel|p2a: Clefable|[anim] Ivy Cudgel Rock\n|-damage|p2a: Clefable|0 fnt\n|faint|p2a: Clefable\n|\n|-damage|p1a: Ogerpon|39\/100 psn|[from] psn\n|upkeep\n|c|\u2606Apples Are Epic|this shit better crit rn\n|c|\u2606Apples Are Epic|doesnt matter :)\n|c|\u2606830r|Dam\n|\n|t:|1700773584\n|switch|p2a: Toxapex|Toxapex, F, shiny|81\/100\n|-damage|p2a: Toxapex|69\/100|[from] Stealth Rock\n|turn|29\n|c|\u2606Apples Are Epic|ban ogerpon\n|\n|t:|1700773588\n|move|p2a: Toxapex|Baneful Bunker|p2a: Toxapex\n|-singleturn|p2a: Toxapex|move: Protect\n|move|p1a: Ogerpon|Trailblaze|p2a: Toxapex\n|-activate|p2a: Toxapex|move: Protect\n|\n|-heal|p2a: Toxapex|75\/100|[from] item: Black Sludge\n|-damage|p1a: Ogerpon|27\/100 psn|[from] psn\n|upkeep\n|turn|30\n|\n|t:|1700773597\n|move|p1a: Ogerpon|Ivy Cudgel|p2a: Toxapex|[anim] Ivy Cudgel Rock\n|-damage|p2a: Toxapex|33\/100\n|move|p2a: Toxapex|Recover|p2a: Toxapex\n|-heal|p2a: Toxapex|83\/100\n|\n|-heal|p2a: Toxapex|89\/100|[from] item: Black Sludge\n|-damage|p1a: Ogerpon|14\/100 psn|[from] psn\n|upkeep\n|turn|31\n|\n|t:|1700773606\n|move|p2a: Toxapex|Baneful Bunker|p2a: Toxapex\n|-singleturn|p2a: Toxapex|move: Protect\n|move|p1a: Ogerpon|Ivy Cudgel|p2a: Toxapex|[anim] Ivy Cudgel Rock\n|-activate|p2a: Toxapex|move: Protect\n|\n|-heal|p2a: Toxapex|96\/100|[from] item: Black Sludge\n|-damage|p1a: Ogerpon|2\/100 psn|[from] psn\n|upkeep\n|turn|32\n|\n|t:|1700773608\n|move|p1a: Ogerpon|Ivy Cudgel|p2a: Toxapex|[anim] Ivy Cudgel Rock\n|-damage|p2a: Toxapex|54\/100\n|move|p2a: Toxapex|Recover|p2a: Toxapex\n|-heal|p2a: Toxapex|100\/100\n|\n|-damage|p1a: Ogerpon|0 fnt|[from] psn\n|faint|p1a: Ogerpon\n|upkeep\n|\n|t:|1700773611\n|switch|p1a: Great Tusk|Great Tusk|62\/100\n|-status|p1a: Great Tusk|psn\n|-damage|p1a: Great Tusk|59\/100 psn|[from] Stealth Rock\n|turn|33\n|\n|t:|1700773615\n|move|p1a: Great Tusk|Bulk Up|p1a: Great Tusk\n|-boost|p1a: Great Tusk|atk|1\n|-boost|p1a: Great Tusk|def|1\n|move|p2a: Toxapex|Infestation|p1a: Great Tusk\n|-resisted|p1a: Great Tusk\n|-damage|p1a: Great Tusk|57\/100 psn\n|-activate|p1a: Great Tusk|move: Infestation|[of] p2a: Toxapex\n|\n|-damage|p1a: Great Tusk|44\/100 psn|[from] psn\n|-damage|p1a: Great Tusk|32\/100 psn|[from] move: Infestation|[partiallytrapped]\n|upkeep\n|turn|34\n|\n|t:|1700773620\n|move|p2a: Toxapex|Baneful Bunker|p2a: Toxapex\n|-singleturn|p2a: Toxapex|move: Protect\n|move|p1a: Great Tusk|Bulk Up|p1a: Great Tusk\n|-boost|p1a: Great Tusk|atk|1\n|-boost|p1a: Great Tusk|def|1\n|\n|-damage|p1a: Great Tusk|20\/100 psn|[from] psn\n|-damage|p1a: Great Tusk|7\/100 psn|[from] move: Infestation|[partiallytrapped]\n|upkeep\n|turn|35\n|\n|t:|1700773625\n|switch|p2a: Celesteela|Celesteela|94\/100\n|-damage|p2a: Celesteela|82\/100|[from] Stealth Rock\n|move|p1a: Great Tusk|Headlong Rush|p2a: Celesteela\n|-immune|p2a: Celesteela\n|\n|-heal|p2a: Celesteela|88\/100|[from] item: Leftovers\n|-damage|p1a: Great Tusk|0 fnt|[from] psn\n|faint|p1a: Great Tusk\n|-end|p1a: Great Tusk|Protosynthesis|[silent]\n|upkeep\n|c|\u2606Apples Are Epic|noooo\n|\n|t:|1700773630\n|switch|p1a: Xurkitree|Xurkitree, tera:Flying|76\/100 psn\n|-damage|p1a: Xurkitree|51\/100 psn|[from] Stealth Rock\n|turn|36\n|c|\u2606Apples Are Epic|gg\n|c|\u2606Apples Are Epic|things i learned\n|c|\u2606Apples Are Epic|i need smth to clear hazards\n|c|\u2606830r|Xurkitree could very well sweep be tho\n|\n|t:|1700773657\n|move|p1a: Xurkitree|Thunderbolt|p2a: Celesteela\n|-supereffective|p2a: Celesteela\n|-damage|p2a: Celesteela|11\/100\n|move|p2a: Celesteela|Leech Seed|p1a: Xurkitree\n|-start|p1a: Xurkitree|move: Leech Seed\n|\n|-heal|p2a: Celesteela|17\/100|[from] item: Leftovers\n|-damage|p1a: Xurkitree|39\/100 psn|[from] Leech Seed|[of] p2a: Celesteela\n|-heal|p2a: Celesteela|26\/100|[silent]\n|-damage|p1a: Xurkitree|26\/100 psn|[from] psn\n|upkeep\n|turn|37\n|c|\u2606Apples Are Epic|i need something to break ghost\n|c|\u2606830r|Nvm\n|\n|t:|1700773669\n|switch|p2a: Slowbro|Slowbro, F, shiny|100\/100\n|-damage|p2a: Slowbro|88\/100|[from] Stealth Rock\n|move|p1a: Xurkitree|Thunderbolt|p2a: Slowbro\n|-supereffective|p2a: Slowbro\n|-damage|p2a: Slowbro|1\/100\n|\n|-damage|p1a: Xurkitree|14\/100 psn|[from] Leech Seed|[of] p2a: Slowbro\n|-heal|p2a: Slowbro|11\/100|[silent]\n|-damage|p1a: Xurkitree|1\/100 psn|[from] psn\n|upkeep\n|turn|38\n|c|\u2606Apples Are Epic|xurki sweeped last game\n|c|\u2606Apples Are Epic|gg\n|c|\u2606830r|Gg\n|inactive|830r has 120 seconds left.\n|\n|t:|1700773685\n|detailschange|p2a: Slowbro|Slowbro-Mega, F, shiny\n|-mega|p2a: Slowbro|Slowbro|Slowbronite\n|move|p1a: Xurkitree|Thunderbolt|p2a: Slowbro\n|-supereffective|p2a: Slowbro\n|-damage|p2a: Slowbro|0 fnt\n|faint|p2a: Slowbro\n|-ability|p1a: Xurkitree|Beast Boost|boost\n|-boost|p1a: Xurkitree|spa|1\n|\n|-damage|p1a: Xurkitree|0 fnt|[from] psn\n|faint|p1a: Xurkitree\n|\n|win|830r\n|upkeep\n|raw|Apples Are Epic's rating: 1300 &rarr; <strong>1277<\/strong><br \/>(-23 for losing)\n|raw|830r's rating: 1323 &rarr; <strong>1342<\/strong><br \/>(+19 for winning)\n|l|\u2606Apples Are Epic\n|c|\u2606830r|See ya around\n","uploadtime":1700773709,"views":6,"p1id":"applesareepic","p2id":"830r","formatid":"gen9nationaldex","rating":1277,"private":0,"password":""}