{"id":"gen9nationaldex-1996372906","p1":"lili_33","p2":"TheYoungInfinite","format":"[Gen 9] National Dex","log":"|html|<div class=\"broadcast-blue\"><strong>[Gen 9] National Dex is currently suspecting Sneasler! For information on how to participate check out the <a href=\"https:\/\/www.smogon.com\/forums\/threads\/sv-national-dex-suspect-8-just-dance.3731534\/\">suspect thread<\/a>.<\/strong><\/div>\n|j|\u2606lili_33\n|j|\u2606TheYoungInfinite\n|t:|1700675809\n|gametype|singles\n|player|p1|lili_33|skyla|\n|player|p2|TheYoungInfinite|hugh|\n|teamsize|p1|6\n|teamsize|p2|6\n|gen|9\n|tier|[Gen 9] National Dex\n|rule|HP Percentage Mod: HP is shown in percentages\n|rule|Endless Battle Clause: Forcing endless battles is banned\n|rule|OHKO Clause: OHKO moves are banned\n|rule|Evasion Clause: Evasion abilities, items, and moves are banned\n|rule|Evasion Abilities Clause: Evasion abilities are banned\n|rule|Evasion Items Clause: Evasion items are banned\n|rule|Evasion Moves Clause: Evasion moves are banned\n|rule|Species Clause: Limit one of each Pok\u00e9mon\n|rule|Sleep Clause Mod: Limit one foe put to sleep\n|clearpoke\n|poke|p1|Swampert, M|\n|poke|p1|Rillaboom, M|\n|poke|p1|Gengar, F|\n|poke|p1|Armarouge, F|\n|poke|p1|Politoed, F|\n|poke|p1|Chansey, F|\n|poke|p2|Charizard, F|\n|poke|p2|Ferrothorn, M|\n|poke|p2|Coalossal, M|\n|poke|p2|Landorus-Therian, M|\n|poke|p2|Lapras, M|\n|poke|p2|Hatterene, F|\n|teampreview\n|j| LePokeRoi\n|\n|t:|1700675936\n|start\n|switch|p1a: Pinky|Chansey, F|100\/100\n|switch|p2a: X-Factor|Charizard, F|100\/100\n|turn|1\n|\n|t:|1700675966\n|switch|p2a: Whip It!|Ferrothorn, M|100\/100\n|move|p1a: Pinky|Stealth Rock|p2a: Whip It!\n|-sidestart|p2: TheYoungInfinite|move: Stealth Rock\n|\n|upkeep\n|turn|2\n|\n|t:|1700675981\n|switch|p1a: J-Fulton|Rillaboom, M|100\/100\n|-fieldstart|move: Grassy Terrain|[from] ability: Grassy Surge|[of] p1a: J-Fulton\n|move|p2a: Whip It!|Leech Seed|p1a: J-Fulton\n|-immune|p1a: J-Fulton\n|\n|upkeep\n|turn|3\n|\n|t:|1700676016\n|switch|p1a: RIP'er|Gengar, F|100\/100\n|move|p2a: Whip It!|Gyro Ball|p1a: RIP'er\n|-damage|p1a: RIP'er|0 fnt\n|faint|p1a: RIP'er\n|\n|upkeep\n|j| DuxPraetorRex\n|c| DuxPraetorRex|RIP RIP'er\n|\n|t:|1700676076\n|switch|p1a: Aga|Armarouge, F|100\/100\n|turn|4\n|\n|t:|1700676105\n|switch|p2a: Nessie|Lapras, M|100\/100\n|-damage|p2a: Nessie|76\/100|[from] Stealth Rock\n|move|p1a: Aga|Armor Cannon|p2a: Nessie\n|-damage|p2a: Nessie|31\/100\n|-unboost|p1a: Aga|def|1\n|-unboost|p1a: Aga|spd|1\n|\n|-heal|p2a: Nessie|37\/100|[from] Grassy Terrain\n|upkeep\n|turn|5\n|\n|t:|1700676134\n|-terastallize|p2a: Nessie|Water\n|move|p1a: Aga|Armor Cannon|p2a: Nessie\n|-resisted|p2a: Nessie\n|-damage|p2a: Nessie|12\/100\n|-unboost|p1a: Aga|def|1\n|-unboost|p1a: Aga|spd|1\n|move|p2a: Nessie|Hydro Pump|p1a: Aga\n|-supereffective|p1a: Aga\n|-damage|p1a: Aga|0 fnt\n|faint|p1a: Aga\n|\n|-heal|p2a: Nessie|18\/100|[from] Grassy Terrain\n|upkeep\n|\n|t:|1700676146\n|switch|p1a: J-Fulton|Rillaboom, M|100\/100\n|turn|6\n|\n|t:|1700676164\n|move|p1a: J-Fulton|U-turn|p2a: Nessie\n|-crit|p2a: Nessie\n|-damage|p2a: Nessie|0 fnt\n|faint|p2a: Nessie\n|\n|t:|1700676171\n|switch|p1a: Pani|Politoed, F|100\/100|[from] U-turn\n|-weather|RainDance|[from] ability: Drizzle|[of] p1a: Pani\n|\n|-weather|RainDance|[upkeep]\n|-fieldend|move: Grassy Terrain\n|upkeep\n|\n|t:|1700676185\n|switch|p2a: Lando Calrizzian|Landorus-Therian, M|100\/100\n|-damage|p2a: Lando Calrizzian|88\/100|[from] Stealth Rock\n|-ability|p2a: Lando Calrizzian|Intimidate|boost\n|-unboost|p1a: Pani|atk|1\n|turn|7\n|\n|t:|1700676193\n|move|p2a: Lando Calrizzian|Defog|p1a: Pani\n|-unboost|p1a: Pani|evasion|1\n|-sideend|p2: TheYoungInfinite|Stealth Rock|[from] move: Defog|[of] p2a: Lando Calrizzian\n|move|p1a: Pani|Counter||[still]\n|-fail|p1a: Pani\n|\n|-weather|RainDance|[upkeep]\n|-heal|p2a: Lando Calrizzian|94\/100|[from] item: Leftovers\n|upkeep\n|turn|8\n|\n|t:|1700676209\n|switch|p2a: Kaiju Wannabe|Coalossal, M|100\/100\n|switch|p1a: Pinky|Chansey, F|100\/100\n|\n|-weather|RainDance|[upkeep]\n|upkeep\n|turn|9\n|\n|t:|1700676227\n|switch|p2a: Lando Calrizzian|Landorus-Therian, M|94\/100\n|-ability|p2a: Lando Calrizzian|Intimidate|boost\n|-unboost|p1a: Pinky|atk|1\n|move|p1a: Pinky|Stealth Rock|p2a: Lando Calrizzian\n|-sidestart|p2: TheYoungInfinite|move: Stealth Rock\n|\n|-weather|RainDance|[upkeep]\n|-heal|p2a: Lando Calrizzian|99\/100|[from] item: Leftovers\n|upkeep\n|turn|10\n|\n|t:|1700676236\n|move|p2a: Lando Calrizzian|Focus Blast|p1a: Pinky|[miss]\n|-miss|p2a: Lando Calrizzian|p1a: Pinky\n|move|p1a: Pinky|Seismic Toss|p2a: Lando Calrizzian\n|-damage|p2a: Lando Calrizzian|69\/100\n|\n|-weather|none\n|-heal|p2a: Lando Calrizzian|75\/100|[from] item: Leftovers\n|upkeep\n|turn|11\n|\n|t:|1700676248\n|move|p2a: Lando Calrizzian|Focus Blast|p1a: Pinky\n|-supereffective|p1a: Pinky\n|-damage|p1a: Pinky|84\/100\n|move|p1a: Pinky|Seismic Toss|p2a: Lando Calrizzian\n|-damage|p2a: Lando Calrizzian|43\/100\n|\n|-heal|p2a: Lando Calrizzian|49\/100|[from] item: Leftovers\n|upkeep\n|turn|12\n|\n|t:|1700676293\n|switch|p2a: Hat Mon|Hatterene, F|100\/100\n|switch|p1a: Pani|Politoed, F|100\/100\n|-weather|RainDance|[from] ability: Drizzle|[of] p1a: Pani\n|\n|-weather|RainDance|[upkeep]\n|upkeep\n|turn|13\n|\n|t:|1700676305\n|move|p1a: Pani|Toxic|p2a: Hat Mon\n|move|p2a: Hat Mon|Toxic|p1a: Pani|[from]ability: Magic Bounce\n|-status|p1a: Pani|tox\n|move|p2a: Hat Mon|Calm Mind|p2a: Hat Mon\n|-boost|p2a: Hat Mon|spa|1\n|-boost|p2a: Hat Mon|spd|1\n|\n|-weather|RainDance|[upkeep]\n|-damage|p1a: Pani|94\/100 tox|[from] psn\n|upkeep\n|turn|14\n|\n|t:|1700676321\n|move|p1a: Pani|Encore|p2a: Hat Mon\n|move|p2a: Hat Mon|Encore||[from]ability: Magic Bounce|[still]\n|-fail|p2a: Hat Mon\n|move|p2a: Hat Mon|Calm Mind|p2a: Hat Mon\n|-boost|p2a: Hat Mon|spa|1\n|-boost|p2a: Hat Mon|spd|1\n|\n|-weather|RainDance|[upkeep]\n|-damage|p1a: Pani|82\/100 tox|[from] psn\n|upkeep\n|turn|15\n|\n|t:|1700676410\n|switch|p1a: Pinky|Chansey, F|84\/100\n|move|p2a: Hat Mon|Trick Room|p2a: Hat Mon\n|-fieldstart|move: Trick Room|[of] p2a: Hat Mon\n|\n|-weather|RainDance|[upkeep]\n|upkeep\n|turn|16\n|\n|t:|1700676421\n|move|p2a: Hat Mon|Calm Mind|p2a: Hat Mon\n|-boost|p2a: Hat Mon|spa|1\n|-boost|p2a: Hat Mon|spd|1\n|move|p1a: Pinky|Aromatherapy|p1a: Pinky\n|-activate|p1a: Pinky|move: Aromatherapy\n|-curestatus|p1: Pani|tox|[msg]\n|\n|-weather|none\n|upkeep\n|turn|17\n|\n|t:|1700676433\n|move|p2a: Hat Mon|Calm Mind|p2a: Hat Mon\n|-boost|p2a: Hat Mon|spa|1\n|-boost|p2a: Hat Mon|spd|1\n|move|p1a: Pinky|Seismic Toss|p2a: Hat Mon\n|-damage|p2a: Hat Mon|69\/100\n|\n|upkeep\n|turn|18\n|\n|t:|1700676439\n|move|p2a: Hat Mon|Psychic|p1a: Pinky\n|-damage|p1a: Pinky|39\/100\n|move|p1a: Pinky|Seismic Toss|p2a: Hat Mon\n|-damage|p2a: Hat Mon|38\/100\n|\n|upkeep\n|turn|19\n|\n|t:|1700676444\n|move|p2a: Hat Mon|Psychic|p1a: Pinky\n|-damage|p1a: Pinky|0 fnt\n|faint|p1a: Pinky\n|\n|-fieldend|move: Trick Room\n|upkeep\n|\n|t:|1700676455\n|switch|p1a: Pani|Politoed, F|82\/100\n|-weather|RainDance|[from] ability: Drizzle|[of] p1a: Pani\n|turn|20\n|\n|t:|1700676462\n|move|p1a: Pani|Scald|p2a: Hat Mon\n|-damage|p2a: Hat Mon|24\/100\n|move|p2a: Hat Mon|Psychic|p1a: Pani\n|-damage|p1a: Pani|0 fnt\n|faint|p1a: Pani\n|\n|-weather|RainDance|[upkeep]\n|upkeep\n|\n|t:|1700676469\n|switch|p1a: Yaters|Swampert, M|100\/100\n|turn|21\n|\n|t:|1700676482\n|detailschange|p1a: Yaters|Swampert-Mega, M\n|-mega|p1a: Yaters|Swampert|Swampertite\n|move|p1a: Yaters|Earthquake|p2a: Hat Mon\n|-damage|p2a: Hat Mon|0 fnt\n|faint|p2a: Hat Mon\n|\n|-weather|RainDance|[upkeep]\n|upkeep\n|\n|t:|1700676491\n|switch|p2a: Lando Calrizzian|Landorus-Therian, M|49\/100\n|-damage|p2a: Lando Calrizzian|37\/100|[from] Stealth Rock\n|-ability|p2a: Lando Calrizzian|Intimidate|boost\n|-unboost|p1a: Yaters|atk|1\n|turn|22\n|\n|t:|1700676500\n|move|p1a: Yaters|Ice Punch|p2a: Lando Calrizzian\n|-supereffective|p2a: Lando Calrizzian\n|-damage|p2a: Lando Calrizzian|0 fnt\n|faint|p2a: Lando Calrizzian\n|\n|-weather|RainDance|[upkeep]\n|upkeep\n|\n|t:|1700676511\n|switch|p2a: Whip It!|Ferrothorn, M|100\/100\n|-damage|p2a: Whip It!|95\/100|[from] Stealth Rock\n|turn|23\n|\n|t:|1700676526\n|move|p1a: Yaters|Flip Turn|p2a: Whip It!\n|-resisted|p2a: Whip It!\n|-damage|p2a: Whip It!|81\/100\n|-damage|p1a: Yaters|88\/100|[from] ability: Iron Barbs|[of] p2a: Whip It!\n|\n|t:|1700676531\n|switch|p1a: J-Fulton|Rillaboom, M|100\/100|[from] Flip Turn\n|-fieldstart|move: Grassy Terrain|[from] ability: Grassy Surge|[of] p1a: J-Fulton\n|move|p2a: Whip It!|Gyro Ball|p1a: J-Fulton\n|-damage|p1a: J-Fulton|44\/100\n|\n|-weather|RainDance|[upkeep]\n|-heal|p1a: J-Fulton|50\/100|[from] Grassy Terrain\n|-heal|p2a: Whip It!|87\/100|[from] Grassy Terrain\n|-heal|p2a: Whip It!|93\/100|[from] item: Leftovers\n|upkeep\n|turn|24\n|\n|t:|1700676552\n|move|p1a: J-Fulton|Superpower|p2a: Whip It!\n|-supereffective|p2a: Whip It!\n|-damage|p2a: Whip It!|0 fnt\n|-unboost|p1a: J-Fulton|atk|1\n|-unboost|p1a: J-Fulton|def|1\n|-damage|p1a: J-Fulton|38\/100|[from] ability: Iron Barbs|[of] p2a: Whip It!\n|faint|p2a: Whip It!\n|\n|-weather|none\n|-heal|p1a: J-Fulton|44\/100|[from] Grassy Terrain\n|upkeep\n|\n|t:|1700676592\n|switch|p2a: X-Factor|Charizard, F|100\/100\n|-damage|p2a: X-Factor|51\/100|[from] Stealth Rock\n|turn|25\n|\n|t:|1700676613\n|detailschange|p2a: X-Factor|Charizard-Mega-Y, F\n|-mega|p2a: X-Factor|Charizard|Charizardite Y\n|-weather|SunnyDay|[from] ability: Drought|[of] p2a: X-Factor\n|move|p2a: X-Factor|Fire Blast|p1a: J-Fulton\n|-supereffective|p1a: J-Fulton\n|-damage|p1a: J-Fulton|0 fnt\n|faint|p1a: J-Fulton\n|\n|-weather|SunnyDay|[upkeep]\n|upkeep\n|\n|t:|1700676623\n|switch|p1a: Yaters|Swampert-Mega, M|88\/100\n|turn|26\n|\n|t:|1700676641\n|move|p2a: X-Factor|Solar Beam||[still]\n|-prepare|p2a: X-Factor|Solar Beam\n|-anim|p2a: X-Factor|Solar Beam|p1a: Yaters\n|-supereffective|p1a: Yaters\n|-damage|p1a: Yaters|0 fnt\n|faint|p1a: Yaters\n|\n|win|TheYoungInfinite\n","uploadtime":1700676649,"views":11,"p1id":"lili33","p2id":"theyounginfinite","formatid":"gen9nationaldex","rating":0,"private":0,"password":""}