{"id":"gen9nationaldex-1988867871","p1":"kitmash","p2":"DGP PLAYER","format":"[Gen 9] National Dex","log":"|j|\u2606kitmash\n|j|\u2606DGP PLAYER\n|t:|1699777250\n|gametype|singles\n|player|p1|kitmash|266|1484\n|player|p2|DGP PLAYER|hilda-wonderlauncher|1439\n|teamsize|p1|6\n|teamsize|p2|6\n|gen|9\n|tier|[Gen 9] National Dex\n|rated|\n|rule|HP Percentage Mod: HP is shown in percentages\n|rule|Endless Battle Clause: Forcing endless battles is banned\n|rule|OHKO Clause: OHKO moves are banned\n|rule|Evasion Clause: Evasion abilities, items, and moves are banned\n|rule|Evasion Abilities Clause: Evasion abilities are banned\n|rule|Evasion Items Clause: Evasion items are banned\n|rule|Evasion Moves Clause: Evasion moves are banned\n|rule|Species Clause: Limit one of each Pok\u00e9mon\n|rule|Sleep Clause Mod: Limit one foe put to sleep\n|clearpoke\n|poke|p1|Zygarde-10%|\n|poke|p1|Braviary-Hisui, M|\n|poke|p1|Ursaluna, F|\n|poke|p1|Alomomola, M|\n|poke|p1|Dragonite, F|\n|poke|p1|Wo-Chien|\n|poke|p2|Blaziken, F|\n|poke|p2|Banette, M|\n|poke|p2|Ogerpon-Wellspring, F|\n|poke|p2|Landorus-Therian, M|\n|poke|p2|Iron Valiant|\n|poke|p2|Rotom-Wash|\n|teampreview\n|inactive|Battle timer is ON: inactive players will automatically lose when time's up. (requested by DGP PLAYER)\n|\n|t:|1699777260\n|start\n|switch|p1a: Alomomola|Alomomola, M|100\/100\n|switch|p2a: Landorus|Landorus-Therian, M|100\/100\n|-ability|p2a: Landorus|Intimidate|boost\n|-unboost|p1a: Alomomola|atk|1\n|turn|1\n|\n|t:|1699777266\n|move|p2a: Landorus|Toxic|p1a: Alomomola\n|-status|p1a: Alomomola|tox\n|move|p1a: Alomomola|Toxic|p2a: Landorus\n|-status|p2a: Landorus|tox\n|\n|-damage|p2a: Landorus|94\/100 tox|[from] psn\n|-damage|p1a: Alomomola|94\/100 tox|[from] psn\n|upkeep\n|turn|2\n|\n|t:|1699777274\n|move|p2a: Landorus|Stealth Rock|p1a: Alomomola\n|-sidestart|p1: kitmash|move: Stealth Rock\n|move|p1a: Alomomola|Flip Turn|p2a: Landorus\n|-supereffective|p2a: Landorus\n|-damage|p2a: Landorus|81\/100 tox\n|-damage|p1a: Alomomola|78\/100 tox|[from] item: Rocky Helmet|[of] p2a: Landorus\n|\n|t:|1699777282\n|switch|p1a: Zygarde|Zygarde-10%|100\/100|[from] Flip Turn\n|-damage|p1a: Zygarde|94\/100|[from] Stealth Rock\n|-ability|p1a: Zygarde|Aura Break\n|\n|-damage|p2a: Landorus|69\/100 tox|[from] psn\n|upkeep\n|turn|3\n|\n|t:|1699777300\n|-terastallize|p1a: Zygarde|Ground\n|move|p1a: Zygarde|Thousand Arrows|p2a: Landorus\n|-damage|p2a: Landorus|12\/100 tox\n|-start|p2a: Landorus|Smack Down\n|move|p2a: Landorus|U-turn|p1a: Zygarde\n|-damage|p1a: Zygarde|55\/100\n|\n|t:|1699777325\n|switch|p2a: Blaziken|Blaziken, F|100\/100|[from] U-turn\n|\n|upkeep\n|turn|4\n|\n|t:|1699777333\n|switch|p1a: Dragonite|Dragonite, F|100\/100\n|move|p2a: Blaziken|Protect||[still]\n|-fail|p2a: Blaziken\n|\n|-ability|p2a: Blaziken|Speed Boost|boost\n|-boost|p2a: Blaziken|spe|1\n|upkeep\n|turn|5\n|\n|t:|1699777339\n|switch|p2a: Banette|Banette, M|100\/100\n|-item|p1a: Dragonite|Heavy-Duty Boots|[from] ability: Frisk|[of] p2a: Banette|[identify]\n|move|p1a: Dragonite|Toxic|p2a: Banette\n|-status|p2a: Banette|tox\n|\n|-damage|p2a: Banette|95\/100 tox|[from] psn\n|upkeep\n|turn|6\n|\n|t:|1699777349\n|move|p1a: Dragonite|Defog|p2a: Banette\n|-unboost|p2a: Banette|evasion|1\n|-sideend|p1: kitmash|Stealth Rock|[from] move: Defog|[of] p1a: Dragonite\n|move|p2a: Banette|Encore|p1a: Dragonite\n|-start|p1a: Dragonite|Encore\n|\n|-damage|p2a: Banette|83\/100 tox|[from] psn\n|upkeep\n|turn|7\n|\n|t:|1699777362\n|switch|p1a: Alomomola|Alomomola, M|100\/100 tox\n|detailschange|p2a: Banette|Banette-Mega, M\n|-mega|p2a: Banette|Banette|Banettite\n|move|p2a: Banette|Poltergeist|p1a: Alomomola\n|-activate|p1a: Alomomola|move: Poltergeist|Heavy-Duty Boots\n|-damage|p1a: Alomomola|59\/100 tox\n|\n|-damage|p2a: Banette|65\/100 tox|[from] psn\n|-damage|p1a: Alomomola|53\/100 tox|[from] psn\n|upkeep\n|turn|8\n|\n|t:|1699777374\n|switch|p2a: Ogerpon|Ogerpon-Wellspring, F|100\/100\n|switch|p1a: Ursaluna|Ursaluna, F|100\/100\n|\n|upkeep\n|turn|9\n|\n|t:|1699777386\n|switch|p1a: Wo-Chien|Wo-Chien|100\/100\n|-ability|p1a: Wo-Chien|Tablets of Ruin\n|move|p2a: Ogerpon|Substitute|p2a: Ogerpon\n|-start|p2a: Ogerpon|Substitute\n|-damage|p2a: Ogerpon|76\/100\n|\n|upkeep\n|turn|10\n|\n|t:|1699777392\n|move|p2a: Ogerpon|Swords Dance|p2a: Ogerpon\n|-boost|p2a: Ogerpon|atk|2\n|move|p1a: Wo-Chien|Foul Play|p2a: Ogerpon\n|-end|p2a: Ogerpon|Substitute\n|\n|upkeep\n|turn|11\n|\n|t:|1699777399\n|switch|p2a: Landorus|Landorus-Therian, M|12\/100 tox\n|-ability|p2a: Landorus|Intimidate|boost\n|-unboost|p1a: Wo-Chien|atk|1\n|move|p1a: Wo-Chien|Foul Play|p2a: Landorus\n|-damage|p2a: Landorus|0 fnt\n|-damage|p1a: Wo-Chien|84\/100|[from] item: Rocky Helmet|[of] p2a: Landorus\n|faint|p2a: Landorus\n|\n|upkeep\n|\n|t:|1699777401\n|switch|p2a: Blaziken|Blaziken, F|100\/100\n|turn|12\n|\n|t:|1699777410\n|switch|p1a: Dragonite|Dragonite, F|100\/100\n|move|p2a: Blaziken|Close Combat|p1a: Dragonite\n|-resisted|p1a: Dragonite\n|-damage|p1a: Dragonite|86\/100\n|-unboost|p2a: Blaziken|def|1\n|-unboost|p2a: Blaziken|spd|1\n|\n|-ability|p2a: Blaziken|Speed Boost|boost\n|-boost|p2a: Blaziken|spe|1\n|upkeep\n|turn|13\n|\n|t:|1699777423\n|switch|p2a: Rotom|Rotom-Wash|100\/100\n|move|p1a: Dragonite|Roost|p1a: Dragonite\n|-heal|p1a: Dragonite|100\/100\n|-singleturn|p1a: Dragonite|move: Roost\n|\n|upkeep\n|turn|14\n|\n|t:|1699777434\n|switch|p1a: Wo-Chien|Wo-Chien|84\/100\n|-ability|p1a: Wo-Chien|Tablets of Ruin\n|move|p2a: Rotom|Thunder Wave|p1a: Wo-Chien\n|-status|p1a: Wo-Chien|par\n|\n|upkeep\n|turn|15\n|\n|t:|1699777443\n|switch|p2a: Ogerpon|Ogerpon-Wellspring, F|76\/100\n|move|p1a: Wo-Chien|Ruination|p2a: Ogerpon\n|-damage|p2a: Ogerpon|38\/100\n|\n|upkeep\n|turn|16\n|\n|t:|1699777459\n|switch|p2a: Blaziken|Blaziken, F|100\/100\n|move|p1a: Wo-Chien|Foul Play|p2a: Blaziken\n|-resisted|p2a: Blaziken\n|-damage|p2a: Blaziken|66\/100\n|\n|upkeep\n|turn|17\n|\n|t:|1699777475\n|switch|p1a: Alomomola|Alomomola, M|86\/100 tox\n|move|p2a: Blaziken|Swords Dance|p2a: Blaziken\n|-boost|p2a: Blaziken|atk|2\n|\n|-damage|p1a: Alomomola|80\/100 tox|[from] psn\n|-ability|p2a: Blaziken|Speed Boost|boost\n|-boost|p2a: Blaziken|spe|1\n|upkeep\n|turn|18\n|\n|t:|1699777484\n|move|p2a: Blaziken|Close Combat|p1a: Alomomola\n|-damage|p1a: Alomomola|21\/100 tox\n|-unboost|p2a: Blaziken|def|1\n|-unboost|p2a: Blaziken|spd|1\n|move|p1a: Alomomola|Flip Turn|p2a: Blaziken\n|-supereffective|p2a: Blaziken\n|-damage|p2a: Blaziken|2\/100\n|\n|t:|1699777492\n|switch|p1a: Braviary|Braviary-Hisui, M|100\/100|[from] Flip Turn\n|\n|-ability|p2a: Blaziken|Speed Boost|boost\n|-boost|p2a: Blaziken|spe|1\n|upkeep\n|turn|19\n|\n|t:|1699777497\n|move|p1a: Braviary|Vacuum Wave|p2a: Blaziken\n|-damage|p2a: Blaziken|0 fnt\n|faint|p2a: Blaziken\n|\n|upkeep\n|\n|t:|1699777503\n|switch|p2a: Banette|Banette-Mega, M|65\/100 tox\n|turn|20\n|\n|t:|1699777509\n|switch|p1a: Wo-Chien|Wo-Chien|84\/100 par\n|-ability|p1a: Wo-Chien|Tablets of Ruin\n|move|p2a: Banette|Encore|p1a: Wo-Chien\n|-hint|Since gen 7, Dark is immune to Prankster moves.\n|-immune|p1a: Wo-Chien\n|\n|-damage|p2a: Banette|59\/100 tox|[from] psn\n|upkeep\n|turn|21\n|\n|t:|1699777516\n|move|p2a: Banette|Infestation|p1a: Wo-Chien\n|-supereffective|p1a: Wo-Chien\n|-crit|p1a: Wo-Chien\n|-damage|p1a: Wo-Chien|68\/100 par\n|-activate|p1a: Wo-Chien|move: Infestation|[of] p2a: Banette\n|move|p1a: Wo-Chien|Leech Seed|p2a: Banette\n|-start|p2a: Banette|move: Leech Seed\n|\n|-damage|p2a: Banette|46\/100 tox|[from] Leech Seed|[of] p1a: Wo-Chien\n|-heal|p1a: Wo-Chien|78\/100 par|[silent]\n|-damage|p2a: Banette|34\/100 tox|[from] psn\n|-damage|p1a: Wo-Chien|66\/100 par|[from] move: Infestation|[partiallytrapped]\n|upkeep\n|turn|22\n|\n|t:|1699777530\n|move|p2a: Banette|Encore|p1a: Wo-Chien\n|-hint|Since gen 7, Dark is immune to Prankster moves.\n|-immune|p1a: Wo-Chien\n|move|p1a: Wo-Chien|Ruination|p2a: Banette\n|-damage|p2a: Banette|18\/100 tox\n|\n|-damage|p2a: Banette|5\/100 tox|[from] Leech Seed|[of] p1a: Wo-Chien\n|-heal|p1a: Wo-Chien|76\/100 par|[silent]\n|-damage|p2a: Banette|0 fnt|[from] psn\n|faint|p2a: Banette\n|-end|p1a: Wo-Chien|Infestation|[partiallytrapped]|[silent]\n|upkeep\n|\n|t:|1699777535\n|switch|p2a: Iron Valiant|Iron Valiant|100\/100\n|-enditem|p2a: Iron Valiant|Booster Energy\n|-activate|p2a: Iron Valiant|ability: Quark Drive|[fromitem]\n|-start|p2a: Iron Valiant|quarkdrivespe\n|turn|23\n|\n|t:|1699777560\n|move|p2a: Iron Valiant|Calm Mind|p2a: Iron Valiant\n|-boost|p2a: Iron Valiant|spa|1\n|-boost|p2a: Iron Valiant|spd|1\n|move|p1a: Wo-Chien|Ruination|p2a: Iron Valiant\n|-damage|p2a: Iron Valiant|51\/100\n|\n|upkeep\n|turn|24\n|\n|t:|1699777576\n|switch|p1a: Alomomola|Alomomola, M|54\/100 tox\n|move|p2a: Iron Valiant|Moonblast|p1a: Alomomola\n|-damage|p1a: Alomomola|0 fnt\n|faint|p1a: Alomomola\n|\n|upkeep\n|\n|t:|1699777582\n|switch|p1a: Ursaluna|Ursaluna, F|100\/100\n|turn|25\n|\n|t:|1699777588\n|move|p2a: Iron Valiant|Aura Sphere|p1a: Ursaluna\n|-immune|p1a: Ursaluna|[from] ability: Bulletproof\n|move|p1a: Ursaluna|Headlong Rush|p2a: Iron Valiant\n|-damage|p2a: Iron Valiant|0 fnt\n|-unboost|p1a: Ursaluna|def|1\n|-unboost|p1a: Ursaluna|spd|1\n|faint|p2a: Iron Valiant\n|-end|p2a: Iron Valiant|Quark Drive|[silent]\n|\n|upkeep\n|\n|t:|1699777616\n|switch|p2a: Ogerpon|Ogerpon-Wellspring, F|38\/100\n|turn|26\n|\n|t:|1699777623\n|move|p2a: Ogerpon|Horn Leech|p1a: Ursaluna\n|-supereffective|p1a: Ursaluna\n|-damage|p1a: Ursaluna|8\/100\n|-heal|p2a: Ogerpon|100\/100|[from] drain|[of] p1a: Ursaluna\n|move|p1a: Ursaluna|Double-Edge|p2a: Ogerpon\n|-damage|p2a: Ogerpon|24\/100\n|-damage|p1a: Ursaluna|0 fnt|[from] Recoil\n|faint|p1a: Ursaluna\n|\n|upkeep\n|\n|t:|1699777635\n|switch|p1a: Braviary|Braviary-Hisui, M|100\/100\n|turn|27\n|\n|t:|1699777641\n|-terastallize|p2a: Ogerpon|Water\n|detailschange|p2a: Ogerpon|Ogerpon-Wellspring-Tera, F, tera:Water\n|-ability|p2a: Ogerpon|Embody Aspect (Wellspring)|boost\n|-boost|p2a: Ogerpon|spd|1\n|move|p2a: Ogerpon|Ivy Cudgel|p1a: Braviary\n|-damage|p1a: Braviary|10\/100\n|move|p1a: Braviary|Air Slash|p2a: Ogerpon\n|-damage|p2a: Ogerpon|0 fnt\n|faint|p2a: Ogerpon\n|\n|upkeep\n|-message|DGP PLAYER forfeited.\n|\n|win|kitmash\n|raw|kitmash's rating: 1484 &rarr; <strong>1501<\/strong><br \/>(+17 for winning)\n|raw|DGP PLAYER's rating: 1439 &rarr; <strong>1422<\/strong><br \/>(-17 for losing)\n|l|\u2606DGP PLAYER\n","uploadtime":1699777677,"views":9,"p1id":"kitmash","p2id":"dgpplayer","formatid":"gen9nationaldex","rating":1422,"private":0,"password":""}