{"id":"gen9nationaldex-1989093261","p1":"loch2009","p2":"bishop droped","format":"[Gen 9] National Dex","log":"|j|\u2606loch2009\n|j|\u2606bishop droped\n|t:|1699811401\n|gametype|singles\n|player|p1|loch2009|lance|1128\n|player|p2|bishop droped|cynthia|1020\n|teamsize|p1|6\n|teamsize|p2|6\n|gen|9\n|tier|[Gen 9] National Dex\n|rated|\n|rule|HP Percentage Mod: HP is shown in percentages\n|rule|Endless Battle Clause: Forcing endless battles is banned\n|rule|OHKO Clause: OHKO moves are banned\n|rule|Evasion Clause: Evasion abilities, items, and moves are banned\n|rule|Evasion Abilities Clause: Evasion abilities are banned\n|rule|Evasion Items Clause: Evasion items are banned\n|rule|Evasion Moves Clause: Evasion moves are banned\n|rule|Species Clause: Limit one of each Pok\u00e9mon\n|rule|Sleep Clause Mod: Limit one foe put to sleep\n|clearpoke\n|poke|p1|Milotic, F|\n|poke|p1|Great Tusk|\n|poke|p1|Tapu Fini|\n|poke|p1|Gallade, M|\n|poke|p1|Accelgor, F|\n|poke|p1|Grimmsnarl, M|\n|poke|p2|Glimmora, M|\n|poke|p2|Ceruledge, M|\n|poke|p2|Infernape, F|\n|poke|p2|Meowscarada, M|\n|poke|p2|Empoleon, M|\n|poke|p2|Cresselia, F|\n|teampreview\n|c|\u2606loch2009|have fun\n|\n|t:|1699811411\n|start\n|switch|p1a: Accelgor|Accelgor, F|100\/100\n|switch|p2a: Glimmora|Glimmora, M, shiny|100\/100\n|turn|1\n|\n|t:|1699811418\n|move|p2a: Glimmora|Stealth Rock|p1a: Accelgor\n|-sidestart|p1: loch2009|move: Stealth Rock\n|move|p1a: Accelgor|Bug Buzz|p2a: Glimmora\n|-resisted|p2a: Glimmora\n|-damage|p2a: Glimmora|72\/100\n|-enditem|p1a: Accelgor|Throat Spray\n|-boost|p1a: Accelgor|spa|1|[from] item: Throat Spray\n|\n|upkeep\n|turn|2\n|c|\u2606loch2009|scarf glimora :l\n|\n|t:|1699811448\n|switch|p2a: Infernape|Infernape, F, shiny|100\/100\n|move|p1a: Accelgor|Energy Ball|p2a: Infernape\n|-resisted|p2a: Infernape\n|-damage|p2a: Infernape|65\/100\n|\n|upkeep\n|turn|3\n|\n|t:|1699811460\n|move|p1a: Accelgor|Water Shuriken|p2a: Infernape\n|-supereffective|p2a: Infernape\n|-damage|p2a: Infernape|44\/100\n|-supereffective|p2a: Infernape\n|-damage|p2a: Infernape|21\/100\n|-hitcount|p2a: Infernape|2\n|move|p2a: Infernape|Fire Blast|p1a: Accelgor|[miss]\n|-miss|p2a: Infernape|p1a: Accelgor\n|\n|upkeep\n|turn|4\n|\n|t:|1699811470\n|switch|p2a: Meowscarada|Meowscarada, M, shiny|100\/100\n|move|p1a: Accelgor|Water Shuriken|p2a: Meowscarada\n|-resisted|p2a: Meowscarada\n|-damage|p2a: Meowscarada|95\/100\n|-resisted|p2a: Meowscarada\n|-damage|p2a: Meowscarada|89\/100\n|-hitcount|p2a: Meowscarada|2\n|\n|-heal|p2a: Meowscarada|95\/100|[from] item: Leftovers\n|upkeep\n|turn|5\n|\n|t:|1699811483\n|move|p1a: Accelgor|Bug Buzz|p2a: Meowscarada\n|-supereffective|p2a: Meowscarada\n|-damage|p2a: Meowscarada|0 fnt\n|faint|p2a: Meowscarada\n|\n|upkeep\n|\n|t:|1699811488\n|switch|p2a: Empoleon|Empoleon, M, shiny|100\/100\n|turn|6\n|\n|t:|1699811499\n|move|p1a: Accelgor|Energy Ball|p2a: Empoleon\n|-damage|p2a: Empoleon|49\/100\n|move|p2a: Empoleon|Hydro Pump|p1a: Accelgor|[miss]\n|-miss|p2a: Empoleon|p1a: Accelgor\n|\n|upkeep\n|turn|7\n|c|\u2606loch2009|just run scald\n|\n|t:|1699811511\n|move|p1a: Accelgor|Energy Ball|p2a: Empoleon\n|-damage|p2a: Empoleon|0 fnt\n|faint|p2a: Empoleon\n|\n|upkeep\n|\n|t:|1699811515\n|switch|p2a: Glimmora|Glimmora, M, shiny|72\/100\n|turn|8\n|j| Toxic Ariados\n|\n|t:|1699811525\n|-terastallize|p2a: Glimmora|Rock\n|move|p1a: Accelgor|Water Shuriken|p2a: Glimmora\n|-supereffective|p2a: Glimmora\n|-damage|p2a: Glimmora|52\/100\n|-supereffective|p2a: Glimmora\n|-damage|p2a: Glimmora|31\/100\n|-hitcount|p2a: Glimmora|2\n|move|p2a: Glimmora|Flash Cannon|p1a: Accelgor\n|-damage|p1a: Accelgor|63\/100\n|\n|upkeep\n|turn|9\n|c|\u2606loch2009|why\n|c|\u2606loch2009|not power gem\n|\n|t:|1699811543\n|switch|p2a: Cresselia|Cresselia, F, shiny|100\/100\n|move|p1a: Accelgor|Energy Ball|p2a: Cresselia\n|-damage|p2a: Cresselia|70\/100\n|\n|upkeep\n|turn|10\n|\n|t:|1699811552\n|move|p1a: Accelgor|Bug Buzz|p2a: Cresselia\n|-supereffective|p2a: Cresselia\n|-damage|p2a: Cresselia|0 fnt\n|faint|p2a: Cresselia\n|\n|upkeep\n|c|\u2606bishop droped|):\n|\n|t:|1699811559\n|switch|p2a: Ceruledge|Ceruledge, M|100\/100\n|turn|11\n|\n|t:|1699811564\n|move|p1a: Accelgor|Water Shuriken|p2a: Ceruledge\n|-supereffective|p2a: Ceruledge\n|-damage|p2a: Ceruledge|90\/100\n|-supereffective|p2a: Ceruledge\n|-damage|p2a: Ceruledge|77\/100\n|-hitcount|p2a: Ceruledge|2\n|move|p2a: Ceruledge|Bitter Blade|p1a: Accelgor\n|-supereffective|p1a: Accelgor\n|-damage|p1a: Accelgor|0 fnt\n|-heal|p2a: Ceruledge|100\/100|[from] drain|[of] p1a: Accelgor\n|faint|p1a: Accelgor\n|\n|upkeep\n|\n|t:|1699811594\n|switch|p1a: Gallade|Gallade, M|100\/100\n|-damage|p1a: Gallade|94\/100|[from] Stealth Rock\n|turn|12\n|\n|t:|1699811604\n|detailschange|p1a: Gallade|Gallade-Mega, M\n|-mega|p1a: Gallade|Gallade|Galladite\n|move|p1a: Gallade|Knock Off|p2a: Ceruledge\n|-supereffective|p2a: Ceruledge\n|-damage|p2a: Ceruledge|17\/100\n|-ability|p2a: Ceruledge|Weak Armor|boost\n|-unboost|p2a: Ceruledge|def|1\n|-boost|p2a: Ceruledge|spe|2\n|-enditem|p2a: Ceruledge|Assault Vest|[from] move: Knock Off|[of] p1a: Gallade\n|move|p2a: Ceruledge|Bitter Blade|p1a: Gallade\n|-damage|p1a: Gallade|30\/100\n|-heal|p2a: Ceruledge|47\/100|[from] drain|[of] p1a: Gallade\n|\n|upkeep\n|turn|13\n|\n|t:|1699811618\n|switch|p1a: Milotic|Milotic, F, shiny|100\/100\n|-damage|p1a: Milotic|88\/100|[from] Stealth Rock\n|move|p2a: Ceruledge|Bitter Blade|p1a: Milotic\n|-resisted|p1a: Milotic\n|-damage|p1a: Milotic|62\/100\n|-heal|p2a: Ceruledge|65\/100|[from] drain|[of] p1a: Milotic\n|\n|-heal|p1a: Milotic|69\/100|[from] item: Leftovers\n|upkeep\n|turn|14\n|\n|t:|1699811633\n|switch|p2a: Glimmora|Glimmora, M, shiny, tera:Rock|31\/100\n|-terastallize|p1a: Milotic|Dragon\n|move|p1a: Milotic|Scald|p2a: Glimmora\n|-supereffective|p2a: Glimmora\n|-damage|p2a: Glimmora|0 fnt\n|faint|p2a: Glimmora\n|\n|-heal|p1a: Milotic|75\/100|[from] item: Leftovers\n|upkeep\n|\n|t:|1699811643\n|switch|p2a: Ceruledge|Ceruledge, M|65\/100\n|turn|15\n|\n|t:|1699811654\n|move|p2a: Ceruledge|Bitter Blade|p1a: Milotic\n|-resisted|p1a: Milotic\n|-damage|p1a: Milotic|52\/100\n|-heal|p2a: Ceruledge|80\/100|[from] drain|[of] p1a: Milotic\n|move|p1a: Milotic|Scald|p2a: Ceruledge\n|-supereffective|p2a: Ceruledge\n|-damage|p2a: Ceruledge|12\/100\n|\n|-heal|p1a: Milotic|58\/100|[from] item: Leftovers\n|upkeep\n|turn|16\n|\n|t:|1699811665\n|move|p2a: Ceruledge|Bitter Blade|p1a: Milotic\n|-resisted|p1a: Milotic\n|-damage|p1a: Milotic|35\/100\n|-heal|p2a: Ceruledge|28\/100|[from] drain|[of] p1a: Milotic\n|move|p1a: Milotic|Scald|p2a: Ceruledge\n|-supereffective|p2a: Ceruledge\n|-damage|p2a: Ceruledge|0 fnt\n|faint|p2a: Ceruledge\n|\n|-heal|p1a: Milotic|41\/100|[from] item: Leftovers\n|upkeep\n|c|\u2606bishop droped|gg ):\n|\n|t:|1699811677\n|switch|p2a: Infernape|Infernape, F, shiny|21\/100\n|turn|17\n|c|\u2606loch2009|gg\n|\n|t:|1699811683\n|move|p2a: Infernape|Thunder Punch|p1a: Milotic\n|-resisted|p1a: Milotic\n|-damage|p1a: Milotic|27\/100\n|-damage|p2a: Infernape|11\/100|[from] item: Life Orb\n|move|p1a: Milotic|Scald|p2a: Infernape\n|-supereffective|p2a: Infernape\n|-damage|p2a: Infernape|0 fnt\n|faint|p2a: Infernape\n|\n|win|loch2009\n|raw|loch2009's rating: 1128 &rarr; <strong>1145<\/strong><br \/>(+17 for winning)\n|raw|bishop droped's rating: 1020 &rarr; <strong>1011<\/strong><br \/>(-9 for losing)\n","uploadtime":1699811689,"views":4,"p1id":"loch2009","p2id":"bishopdroped","formatid":"gen9nationaldex","rating":1011,"private":0,"password":""}