{"id":"gen9nationaldex-1996737955","p1":"GAGA233","p2":"Mollymiltoast","format":"[Gen 9] National Dex","log":"|html|<div class=\"broadcast-blue\"><strong>[Gen 9] National Dex is currently suspecting Sneasler! For information on how to participate check out the <a href=\"https:\/\/www.smogon.com\/forums\/threads\/sv-national-dex-suspect-8-just-dance.3731534\/\">suspect thread<\/a>.<\/strong><\/div>\n|j|\u2606GAGA233\n|j|\u2606Mollymiltoast\n|t:|1700716906\n|gametype|singles\n|player|p1|GAGA233|101|1660\n|player|p2|Mollymiltoast|cyclist|1851\n|teamsize|p1|6\n|teamsize|p2|6\n|gen|9\n|tier|[Gen 9] National Dex\n|rated|\n|rule|HP Percentage Mod: HP is shown in percentages\n|rule|Endless Battle Clause: Forcing endless battles is banned\n|rule|OHKO Clause: OHKO moves are banned\n|rule|Evasion Clause: Evasion abilities, items, and moves are banned\n|rule|Evasion Abilities Clause: Evasion abilities are banned\n|rule|Evasion Items Clause: Evasion items are banned\n|rule|Evasion Moves Clause: Evasion moves are banned\n|rule|Species Clause: Limit one of each Pok\u00e9mon\n|rule|Sleep Clause Mod: Limit one foe put to sleep\n|clearpoke\n|poke|p1|Ogerpon, F|\n|poke|p1|Corviknight, F|\n|poke|p1|Clodsire, F|\n|poke|p1|Tyranitar, F|\n|poke|p1|Tapu Fini|\n|poke|p1|Banette, F|\n|poke|p2|Serperior, M|\n|poke|p2|Blaziken, F|\n|poke|p2|Kommo-o, M|\n|poke|p2|Celesteela|\n|poke|p2|Dragonite, M|\n|poke|p2|Mew|\n|teampreview\n|inactive|Battle timer is ON: inactive players will automatically lose when time's up. (requested by GAGA233)\n|\n|t:|1700716921\n|start\n|switch|p1a: Tyranitar|Tyranitar, F|100\/100\n|switch|p2a: Mew|Mew|100\/100\n|-weather|Sandstorm|[from] ability: Sand Stream|[of] p1a: Tyranitar\n|turn|1\n|\n|t:|1700716926\n|move|p2a: Mew|Thunder Wave|p1a: Tyranitar\n|-status|p1a: Tyranitar|par\n|move|p1a: Tyranitar|Pursuit|p2a: Mew\n|-supereffective|p2a: Mew\n|-enditem|p2a: Mew|Colbur Berry|[eat]\n|-enditem|p2a: Mew|Colbur Berry|[weaken]\n|-damage|p2a: Mew|86\/100\n|\n|-weather|Sandstorm|[upkeep]\n|-damage|p2a: Mew|80\/100|[from] Sandstorm\n|upkeep\n|turn|2\n|\n|t:|1700716933\n|switch|p1a: Banette|Banette, F|100\/100\n|move|p2a: Mew|Stealth Rock|p1a: Banette\n|-sidestart|p1: GAGA233|move: Stealth Rock\n|\n|-weather|Sandstorm|[upkeep]\n|-damage|p2a: Mew|74\/100|[from] Sandstorm\n|-damage|p1a: Banette|95\/100|[from] Sandstorm\n|upkeep\n|turn|3\n|\n|t:|1700716963\n|detailschange|p1a: Banette|Banette-Mega, F\n|-mega|p1a: Banette|Banette|Banettite\n|move|p1a: Banette|Encore|p2a: Mew\n|-start|p2a: Mew|Encore\n|move|p2a: Mew|Stealth Rock||[still]\n|-fail|p2a: Mew\n|\n|-weather|Sandstorm|[upkeep]\n|-damage|p2a: Mew|68\/100|[from] Sandstorm\n|-damage|p1a: Banette|89\/100|[from] Sandstorm\n|upkeep\n|turn|4\n|\n|t:|1700716969\n|move|p2a: Mew|Stealth Rock||[still]\n|-fail|p2a: Mew\n|move|p1a: Banette|Pursuit|p2a: Mew\n|-supereffective|p2a: Mew\n|-damage|p2a: Mew|38\/100\n|\n|-weather|Sandstorm|[upkeep]\n|-damage|p2a: Mew|32\/100|[from] Sandstorm\n|-damage|p1a: Banette|83\/100|[from] Sandstorm\n|upkeep\n|turn|5\n|\n|t:|1700716974\n|move|p2a: Mew|Stealth Rock||[still]\n|-fail|p2a: Mew\n|move|p1a: Banette|Pursuit|p2a: Mew\n|-supereffective|p2a: Mew\n|-damage|p2a: Mew|0 fnt\n|faint|p2a: Mew\n|\n|-weather|none\n|upkeep\n|\n|t:|1700716987\n|switch|p2a: Celesteela|Celesteela|100\/100\n|turn|6\n|\n|t:|1700716993\n|move|p1a: Banette|Poltergeist|p2a: Celesteela\n|-activate|p2a: Celesteela|move: Poltergeist|Power Herb\n|-damage|p2a: Celesteela|29\/100\n|move|p2a: Celesteela|Meteor Beam||[still]\n|-prepare|p2a: Celesteela|Meteor Beam\n|-boost|p2a: Celesteela|spa|1\n|-enditem|p2a: Celesteela|Power Herb\n|-anim|p2a: Celesteela|Meteor Beam|p1a: Banette\n|-damage|p1a: Banette|1\/100\n|\n|upkeep\n|turn|7\n|\n|t:|1700717004\n|move|p1a: Banette|Poltergeist||[still]\n|-fail|p1a: Banette\n|move|p2a: Celesteela|Air Slash|p1a: Banette\n|-damage|p1a: Banette|0 fnt\n|faint|p1a: Banette\n|-ability|p2a: Celesteela|Beast Boost|boost\n|-boost|p2a: Celesteela|spa|1\n|\n|upkeep\n|\n|t:|1700717010\n|switch|p1a: Ogerpon|Ogerpon, F|100\/100\n|turn|8\n|\n|t:|1700717013\n|move|p1a: Ogerpon|Superpower|p2a: Celesteela\n|-damage|p2a: Celesteela|0 fnt\n|-unboost|p1a: Ogerpon|atk|1\n|-unboost|p1a: Ogerpon|def|1\n|faint|p2a: Celesteela\n|\n|upkeep\n|\n|t:|1700717024\n|switch|p2a: Blaziken|Blaziken, F|100\/100\n|turn|9\n|\n|t:|1700717031\n|move|p1a: Ogerpon|Swords Dance|p1a: Ogerpon\n|-boost|p1a: Ogerpon|atk|2\n|move|p2a: Blaziken|Flare Blitz|p1a: Ogerpon\n|-supereffective|p1a: Ogerpon\n|-damage|p1a: Ogerpon|0 fnt\n|faint|p1a: Ogerpon\n|-damage|p2a: Blaziken|68\/100|[from] Recoil\n|-damage|p2a: Blaziken|58\/100|[from] item: Life Orb\n|\n|-ability|p2a: Blaziken|Speed Boost|boost\n|-boost|p2a: Blaziken|spe|1\n|upkeep\n|\n|t:|1700717039\n|switch|p1a: Tapu Fini|Tapu Fini|100\/100\n|-damage|p1a: Tapu Fini|88\/100|[from] Stealth Rock\n|-fieldstart|move: Misty Terrain|[from] ability: Misty Surge|[of] p1a: Tapu Fini\n|turn|10\n|\n|t:|1700717043\n|move|p2a: Blaziken|Thunder Punch|p1a: Tapu Fini\n|-supereffective|p1a: Tapu Fini\n|-damage|p1a: Tapu Fini|45\/100\n|-damage|p2a: Blaziken|48\/100|[from] item: Life Orb\n|move|p1a: Tapu Fini|Calm Mind|p1a: Tapu Fini\n|-boost|p1a: Tapu Fini|spa|1\n|-boost|p1a: Tapu Fini|spd|1\n|\n|-heal|p1a: Tapu Fini|51\/100|[from] item: Leftovers\n|-ability|p2a: Blaziken|Speed Boost|boost\n|-boost|p2a: Blaziken|spe|1\n|upkeep\n|turn|11\n|\n|t:|1700717047\n|-terastallize|p1a: Tapu Fini|Poison\n|move|p2a: Blaziken|Thunder Punch|p1a: Tapu Fini\n|-damage|p1a: Tapu Fini|31\/100\n|-damage|p2a: Blaziken|38\/100|[from] item: Life Orb\n|move|p1a: Tapu Fini|Draining Kiss|p2a: Blaziken\n|-damage|p2a: Blaziken|2\/100\n|-heal|p1a: Tapu Fini|54\/100|[from] drain|[of] p2a: Blaziken\n|\n|-heal|p1a: Tapu Fini|60\/100|[from] item: Leftovers\n|-ability|p2a: Blaziken|Speed Boost|boost\n|-boost|p2a: Blaziken|spe|1\n|upkeep\n|turn|12\n|\n|t:|1700717051\n|move|p2a: Blaziken|Flare Blitz|p1a: Tapu Fini\n|-damage|p1a: Tapu Fini|10\/100\n|-damage|p2a: Blaziken|0 fnt|[from] Recoil\n|faint|p2a: Blaziken\n|move|p1a: Tapu Fini|Draining Kiss|p2: Blaziken|[notarget]\n|-fail|p1a: Tapu Fini\n|\n|-heal|p1a: Tapu Fini|16\/100|[from] item: Leftovers\n|upkeep\n|\n|t:|1700717058\n|switch|p2a: Dragonite|Dragonite, M|100\/100\n|turn|13\n|\n|t:|1700717064\n|move|p2a: Dragonite|Earthquake|p1a: Tapu Fini\n|-supereffective|p1a: Tapu Fini\n|-damage|p1a: Tapu Fini|0 fnt\n|faint|p1a: Tapu Fini\n|\n|upkeep\n|\n|t:|1700717066\n|switch|p1a: Corviknight|Corviknight, F|100\/100\n|-damage|p1a: Corviknight|88\/100|[from] Stealth Rock\n|-ability|p1a: Corviknight|Pressure\n|turn|14\n|\n|t:|1700717070\n|move|p2a: Dragonite|Dragon Dance|p2a: Dragonite\n|-boost|p2a: Dragonite|atk|1\n|-boost|p2a: Dragonite|spe|1\n|move|p1a: Corviknight|Iron Defense|p1a: Corviknight\n|-boost|p1a: Corviknight|def|2\n|\n|-fieldend|Misty Terrain\n|upkeep\n|turn|15\n|\n|t:|1700717072\n|switch|p2a: Serperior|Serperior, M|100\/100\n|move|p1a: Corviknight|Iron Defense|p1a: Corviknight\n|-boost|p1a: Corviknight|def|2\n|\n|upkeep\n|turn|16\n|\n|t:|1700717076\n|move|p2a: Serperior|Taunt|p1a: Corviknight\n|-start|p1a: Corviknight|move: Taunt\n|move|p1a: Corviknight|U-turn|p2a: Serperior\n|-supereffective|p2a: Serperior\n|-damage|p2a: Serperior|65\/100\n|-damage|p1a: Corviknight|71\/100|[from] item: Rocky Helmet|[of] p2a: Serperior\n|\n|t:|1700717082\n|switch|p1a: Tyranitar|Tyranitar, F|100\/100 par|[from] U-turn\n|-damage|p1a: Tyranitar|88\/100 par|[from] Stealth Rock\n|-weather|Sandstorm|[from] ability: Sand Stream|[of] p1a: Tyranitar\n|\n|-weather|Sandstorm|[upkeep]\n|-damage|p2a: Serperior|59\/100|[from] Sandstorm\n|upkeep\n|turn|17\n|\n|t:|1700717084\n|move|p2a: Serperior|Leaf Storm|p1a: Tyranitar\n|-supereffective|p1a: Tyranitar\n|-damage|p1a: Tyranitar|51\/100 par\n|-boost|p2a: Serperior|spa|2\n|move|p1a: Tyranitar|Ice Beam|p2a: Serperior\n|-supereffective|p2a: Serperior\n|-damage|p2a: Serperior|0 fnt\n|faint|p2a: Serperior\n|\n|-weather|Sandstorm|[upkeep]\n|upkeep\n|\n|t:|1700717086\n|switch|p2a: Kommo-o|Kommo-o, M|100\/100\n|turn|18\n|\n|t:|1700717094\n|-zpower|p2a: Kommo-o\n|move|p2a: Kommo-o|Clangorous Soulblaze|p1a: Tyranitar|[zeffect]\n|-damage|p1a: Tyranitar|16\/100 par\n|-boost|p2a: Kommo-o|atk|1\n|-boost|p2a: Kommo-o|def|1\n|-boost|p2a: Kommo-o|spa|1\n|-boost|p2a: Kommo-o|spd|1\n|-boost|p2a: Kommo-o|spe|1\n|move|p1a: Tyranitar|Ice Beam|p2a: Kommo-o\n|-supereffective|p2a: Kommo-o\n|-damage|p2a: Kommo-o|59\/100\n|\n|-weather|Sandstorm|[upkeep]\n|-damage|p2a: Kommo-o|53\/100|[from] Sandstorm\n|upkeep\n|turn|19\n|\n|t:|1700717097\n|move|p2a: Kommo-o|Drain Punch|p1a: Tyranitar\n|-supereffective|p1a: Tyranitar\n|-crit|p1a: Tyranitar\n|-damage|p1a: Tyranitar|0 fnt\n|-heal|p2a: Kommo-o|62\/100|[from] drain|[of] p1a: Tyranitar\n|faint|p1a: Tyranitar\n|\n|-weather|Sandstorm|[upkeep]\n|-damage|p2a: Kommo-o|56\/100|[from] Sandstorm\n|upkeep\n|\n|t:|1700717100\n|switch|p1a: Clodsire|Clodsire, F|100\/100\n|-damage|p1a: Clodsire|94\/100|[from] Stealth Rock\n|turn|20\n|\n|t:|1700717102\n|move|p2a: Kommo-o|Taunt|p1a: Clodsire\n|-start|p1a: Clodsire|move: Taunt\n|cant|p1a: Clodsire|move: Taunt|Toxic\n|\n|-weather|none\n|-heal|p1a: Clodsire|100\/100|[from] item: Leftovers\n|upkeep\n|turn|21\n|\n|t:|1700717104\n|move|p2a: Kommo-o|Boomburst|p1a: Clodsire\n|-damage|p1a: Clodsire|69\/100\n|move|p1a: Clodsire|Earthquake|p2a: Kommo-o\n|-damage|p2a: Kommo-o|36\/100\n|\n|-heal|p1a: Clodsire|75\/100|[from] item: Leftovers\n|upkeep\n|turn|22\n|\n|t:|1700717126\n|move|p2a: Kommo-o|Boomburst|p1a: Clodsire\n|-damage|p1a: Clodsire|45\/100\n|move|p1a: Clodsire|Earthquake|p2a: Kommo-o\n|-damage|p2a: Kommo-o|17\/100\n|\n|-heal|p1a: Clodsire|51\/100|[from] item: Leftovers\n|-end|p1a: Clodsire|move: Taunt\n|upkeep\n|turn|23\n|\n|t:|1700717131\n|move|p2a: Kommo-o|Clanging Scales|p1a: Clodsire\n|-damage|p1a: Clodsire|14\/100\n|-unboost|p2a: Kommo-o|def|1\n|move|p1a: Clodsire|Earthquake|p2a: Kommo-o\n|-damage|p2a: Kommo-o|0 fnt\n|faint|p2a: Kommo-o\n|\n|-heal|p1a: Clodsire|20\/100|[from] item: Leftovers\n|upkeep\n|\n|t:|1700717133\n|switch|p2a: Dragonite|Dragonite, M|100\/100\n|turn|24\n|\n|t:|1700717135\n|move|p2a: Dragonite|Earthquake|p1a: Clodsire\n|-supereffective|p1a: Clodsire\n|-damage|p1a: Clodsire|0 fnt\n|faint|p1a: Clodsire\n|\n|upkeep\n|\n|t:|1700717138\n|switch|p1a: Corviknight|Corviknight, F|71\/100\n|-damage|p1a: Corviknight|59\/100|[from] Stealth Rock\n|-ability|p1a: Corviknight|Pressure\n|turn|25\n|\n|t:|1700717143\n|move|p2a: Dragonite|Dragon Dance|p2a: Dragonite\n|-boost|p2a: Dragonite|atk|1\n|-boost|p2a: Dragonite|spe|1\n|move|p1a: Corviknight|Roost|p1a: Corviknight\n|-heal|p1a: Corviknight|100\/100\n|-singleturn|p1a: Corviknight|move: Roost\n|\n|upkeep\n|turn|26\n|\n|t:|1700717147\n|move|p2a: Dragonite|Dragon Dance|p2a: Dragonite\n|-boost|p2a: Dragonite|atk|1\n|-boost|p2a: Dragonite|spe|1\n|move|p1a: Corviknight|Iron Defense|p1a: Corviknight\n|-boost|p1a: Corviknight|def|2\n|\n|upkeep\n|turn|27\n|\n|t:|1700717148\n|move|p2a: Dragonite|Dragon Dance|p2a: Dragonite\n|-boost|p2a: Dragonite|atk|1\n|-boost|p2a: Dragonite|spe|1\n|move|p1a: Corviknight|Iron Defense|p1a: Corviknight\n|-boost|p1a: Corviknight|def|2\n|\n|upkeep\n|turn|28\n|\n|t:|1700717150\n|move|p2a: Dragonite|Dragon Dance|p2a: Dragonite\n|-boost|p2a: Dragonite|atk|1\n|-boost|p2a: Dragonite|spe|1\n|move|p1a: Corviknight|Iron Defense|p1a: Corviknight\n|-boost|p1a: Corviknight|def|2\n|\n|upkeep\n|turn|29\n|\n|t:|1700717152\n|move|p2a: Dragonite|Dragon Dance|p2a: Dragonite\n|-boost|p2a: Dragonite|atk|1\n|-boost|p2a: Dragonite|spe|1\n|move|p1a: Corviknight|Body Press|p2a: Dragonite\n|-resisted|p2a: Dragonite\n|-damage|p2a: Dragonite|73\/100\n|\n|upkeep\n|turn|30\n|\n|t:|1700717155\n|move|p2a: Dragonite|Fire Punch|p1a: Corviknight\n|-supereffective|p1a: Corviknight\n|-crit|p1a: Corviknight\n|-damage|p1a: Corviknight|0 fnt\n|faint|p1a: Corviknight\n|\n|win|Mollymiltoast\n|raw|GAGA233's rating: 1660 &rarr; <strong>1651<\/strong><br \/>(-9 for losing)\n|raw|Mollymiltoast's rating: 1867 &rarr; <strong>1876<\/strong><br \/>(+9 for winning)\n|c|\u2606Mollymiltoast|Rip fg\n","uploadtime":1700717162,"views":1,"p1id":"gaga233","p2id":"mollymiltoast","formatid":"gen9nationaldex","rating":1651,"private":0,"password":""}