{"id":"gen9nationaldex-1995214022","p1":"xinxin88_OvO","p2":"lil agee","format":"[Gen 9] National Dex","log":"|html|<div class=\"broadcast-blue\"><strong>[Gen 9] National Dex is currently suspecting Sneasler! For information on how to participate check out the <a href=\"https:\/\/www.smogon.com\/forums\/threads\/sv-national-dex-suspect-8-just-dance.3731534\/\">suspect thread<\/a>.<\/strong><\/div>\n|j|\u2606xinxin88_OvO\n|j|\u2606lil agee\n|t:|1700535440\n|gametype|singles\n|player|p1|xinxin88_OvO|iono|1029\n|player|p2|lil agee|flint|1042\n|teamsize|p1|3\n|teamsize|p2|6\n|gen|9\n|tier|[Gen 9] National Dex\n|rated|\n|rule|HP Percentage Mod: HP is shown in percentages\n|rule|Endless Battle Clause: Forcing endless battles is banned\n|rule|OHKO Clause: OHKO moves are banned\n|rule|Evasion Clause: Evasion abilities, items, and moves are banned\n|rule|Evasion Abilities Clause: Evasion abilities are banned\n|rule|Evasion Items Clause: Evasion items are banned\n|rule|Evasion Moves Clause: Evasion moves are banned\n|rule|Species Clause: Limit one of each Pok\u00e9mon\n|rule|Sleep Clause Mod: Limit one foe put to sleep\n|clearpoke\n|poke|p1|Rillaboom, F|\n|poke|p1|Lopunny, F|\n|poke|p1|Garchomp, M|\n|poke|p2|Electivire, M|\n|poke|p2|Altaria, F|\n|poke|p2|Flygon, M|\n|poke|p2|Weavile, F|\n|poke|p2|Golem, M|\n|poke|p2|Accelgor, F|\n|teampreview\n|\n|t:|1700535450\n|start\n|switch|p1a: Lopunny|Lopunny, F|100\/100\n|switch|p2a: rose|Weavile, F|100\/100\n|-ability|p2a: rose|Pressure\n|turn|1\n|\n|t:|1700535461\n|detailschange|p1a: Lopunny|Lopunny-Mega, F\n|-mega|p1a: Lopunny|Lopunny|Lopunnite\n|move|p1a: Lopunny|Fake Out|p2a: rose\n|-damage|p2a: rose|58\/100\n|cant|p2a: rose|flinch\n|\n|upkeep\n|turn|2\n|\n|t:|1700535468\n|move|p1a: Lopunny|Close Combat|p2a: rose\n|-supereffective|p2a: rose\n|-damage|p2a: rose|0 fnt\n|-unboost|p1a: Lopunny|def|1\n|-unboost|p1a: Lopunny|spd|1\n|faint|p2a: rose\n|\n|upkeep\n|\n|t:|1700535477\n|switch|p2a: akoji|Accelgor, F|100\/100\n|turn|3\n|\n|t:|1700535495\n|switch|p1a: Garchomp|Garchomp, M, shiny|100\/100\n|move|p2a: akoji|Substitute|p2a: akoji\n|-start|p2a: akoji|Substitute\n|-damage|p2a: akoji|76\/100\n|\n|upkeep\n|turn|4\n|\n|t:|1700535503\n|-terastallize|p1a: Garchomp|Steel\n|move|p2a: akoji|Toxic|p1a: Garchomp|[miss]\n|-miss|p2a: akoji|p1a: Garchomp\n|move|p1a: Garchomp|Dragon Tail|p2a: akoji\n|-end|p2a: akoji|Substitute\n|\n|upkeep\n|turn|5\n|\n|t:|1700535527\n|move|p2a: akoji|Substitute|p2a: akoji\n|-start|p2a: akoji|Substitute\n|-damage|p2a: akoji|51\/100\n|move|p1a: Garchomp|Stealth Rock|p2a: akoji\n|-sidestart|p2: lil agee|move: Stealth Rock\n|\n|upkeep\n|turn|6\n|\n|t:|1700535535\n|move|p2a: akoji|Giga Drain|p1a: Garchomp\n|-resisted|p1a: Garchomp\n|-damage|p1a: Garchomp|93\/100\n|-heal|p2a: akoji|55\/100|[from] drain|[of] p1a: Garchomp\n|move|p1a: Garchomp|Dragon Tail|p2a: akoji\n|-end|p2a: akoji|Substitute\n|\n|upkeep\n|turn|7\n|\n|t:|1700535543\n|move|p2a: akoji|Water Shuriken|p1a: Garchomp\n|-damage|p1a: Garchomp|90\/100\n|-damage|p1a: Garchomp|86\/100\n|-hitcount|p1a: Garchomp|2\n|move|p1a: Garchomp|Dragon Tail|p2a: akoji\n|-damage|p2a: akoji|3\/100\n|drag|p2a: goggles|Flygon, M|100\/100\n|-damage|p2a: goggles|95\/100|[from] Stealth Rock\n|\n|-heal|p2a: goggles|100\/100|[from] item: Leftovers\n|upkeep\n|turn|8\n|\n|t:|1700535556\n|move|p2a: goggles|Outrage|p1a: Garchomp\n|-resisted|p1a: Garchomp\n|-damage|p1a: Garchomp|67\/100\n|-damage|p2a: goggles|88\/100|[from] ability: Rough Skin|[of] p1a: Garchomp\n|-damage|p2a: goggles|72\/100|[from] item: Rocky Helmet|[of] p1a: Garchomp\n|move|p1a: Garchomp|Toxic|p2a: goggles\n|-status|p2a: goggles|tox\n|\n|-heal|p2a: goggles|78\/100 tox|[from] item: Leftovers\n|-damage|p2a: goggles|72\/100 tox|[from] psn\n|upkeep\n|turn|9\n|\n|t:|1700535571\n|move|p2a: goggles|Outrage|p1a: Garchomp|[from]lockedmove\n|-resisted|p1a: Garchomp\n|-damage|p1a: Garchomp|48\/100\n|-damage|p2a: goggles|59\/100 tox|[from] ability: Rough Skin|[of] p1a: Garchomp\n|-damage|p2a: goggles|43\/100 tox|[from] item: Rocky Helmet|[of] p1a: Garchomp\n|-start|p2a: goggles|confusion|[fatigue]\n|move|p1a: Garchomp|Spikes|p2a: goggles\n|-sidestart|p2: lil agee|Spikes\n|\n|-heal|p2a: goggles|49\/100 tox|[from] item: Leftovers\n|-damage|p2a: goggles|37\/100 tox|[from] psn\n|upkeep\n|turn|10\n|\n|t:|1700535585\n|-activate|p2a: goggles|confusion\n|-damage|p2a: goggles|19\/100 tox|[from] confusion\n|move|p1a: Garchomp|Dragon Tail|p2a: goggles\n|-supereffective|p2a: goggles\n|-damage|p2a: goggles|0 fnt\n|faint|p2a: goggles\n|\n|upkeep\n|\n|t:|1700535592\n|switch|p2a: rocky|Golem, M|100\/100\n|-damage|p2a: rocky|94\/100|[from] Stealth Rock\n|-damage|p2a: rocky|82\/100|[from] Spikes\n|turn|11\n|\n|t:|1700535602\n|move|p1a: Garchomp|Toxic|p2a: rocky|[miss]\n|-miss|p1a: Garchomp|p2a: rocky\n|move|p2a: rocky|Flamethrower|p1a: Garchomp\n|-supereffective|p1a: Garchomp\n|-damage|p1a: Garchomp|26\/100\n|\n|upkeep\n|turn|12\n|\n|t:|1700535609\n|move|p1a: Garchomp|Toxic|p2a: rocky|[miss]\n|-miss|p1a: Garchomp|p2a: rocky\n|move|p2a: rocky|Double-Edge|p1a: Garchomp\n|-resisted|p1a: Garchomp\n|-damage|p1a: Garchomp|12\/100\n|-damage|p2a: rocky|70\/100|[from] ability: Rough Skin|[of] p1a: Garchomp\n|-damage|p2a: rocky|53\/100|[from] item: Rocky Helmet|[of] p1a: Garchomp\n|\n|upkeep\n|turn|13\n|\n|t:|1700535617\n|move|p1a: Garchomp|Toxic|p2a: rocky\n|-status|p2a: rocky|tox\n|move|p2a: rocky|Flamethrower|p1a: Garchomp\n|-supereffective|p1a: Garchomp\n|-damage|p1a: Garchomp|0 fnt\n|faint|p1a: Garchomp\n|\n|-damage|p2a: rocky|47\/100 tox|[from] psn\n|upkeep\n|\n|t:|1700535625\n|switch|p1a: Rillaboom|Rillaboom, F, shiny|100\/100\n|-fieldstart|move: Grassy Terrain|[from] ability: Grassy Surge|[of] p1a: Rillaboom\n|turn|14\n|\n|t:|1700535658\n|-terastallize|p2a: rocky|Rock\n|move|p1a: Rillaboom|Grassy Glide|p2a: rocky\n|-supereffective|p2a: rocky\n|-damage|p2a: rocky|0 fnt\n|-damage|p1a: Rillaboom|84\/100|[from] item: Rocky Helmet|[of] p2a: rocky\n|faint|p2a: rocky\n|\n|-heal|p1a: Rillaboom|90\/100|[from] Grassy Terrain\n|upkeep\n|c|\u2606xinxin88_OvO|\u733f\u795e\n|c|\u2606xinxin88_OvO|\u542f\u52a8\uff01\n|\n|t:|1700535698\n|switch|p2a: Buzz|Electivire, M|100\/100\n|-damage|p2a: Buzz|88\/100|[from] Stealth Rock\n|-damage|p2a: Buzz|76\/100|[from] Spikes\n|turn|15\n|\n|t:|1700535709\n|move|p1a: Rillaboom|Grassy Glide|p2a: Buzz\n|-damage|p2a: Buzz|11\/100\n|-damage|p1a: Rillaboom|74\/100|[from] item: Rocky Helmet|[of] p2a: Buzz\n|move|p2a: Buzz|Flamethrower|p1a: Rillaboom\n|-supereffective|p1a: Rillaboom\n|-damage|p1a: Rillaboom|29\/100\n|\n|-heal|p2a: Buzz|17\/100|[from] Grassy Terrain\n|-heal|p1a: Rillaboom|35\/100|[from] Grassy Terrain\n|upkeep\n|turn|16\n|\n|t:|1700535721\n|move|p1a: Rillaboom|Grassy Glide|p2a: Buzz\n|-damage|p2a: Buzz|0 fnt\n|-damage|p1a: Rillaboom|19\/100|[from] item: Rocky Helmet|[of] p2a: Buzz\n|faint|p2a: Buzz\n|\n|-heal|p1a: Rillaboom|25\/100|[from] Grassy Terrain\n|upkeep\n|inactive|Battle timer is ON: inactive players will automatically lose when time's up. (requested by xinxin88_OvO)\n|\n|t:|1700535730\n|switch|p2a: bella|Altaria, F, shiny|100\/100\n|-damage|p2a: bella|75\/100|[from] Stealth Rock\n|-ability|p2a: bella|Cloud Nine\n|turn|17\n|\n|t:|1700535739\n|move|p1a: Rillaboom|Grassy Glide|p2a: bella\n|-resisted|p2a: bella\n|-damage|p2a: bella|60\/100\n|move|p2a: bella|Ice Beam|p1a: Rillaboom\n|-supereffective|p1a: Rillaboom\n|-damage|p1a: Rillaboom|0 fnt\n|faint|p1a: Rillaboom\n|\n|upkeep\n|\n|t:|1700535744\n|switch|p1a: Lopunny|Lopunny-Mega, F|100\/100\n|turn|18\n|\n|t:|1700535751\n|move|p1a: Lopunny|Fake Out|p2a: bella\n|-damage|p2a: bella|35\/100\n|cant|p2a: bella|flinch\n|\n|-fieldend|move: Grassy Terrain\n|upkeep\n|turn|19\n|inactive|xinxin88_OvO has 120 seconds left.\n|\n|t:|1700535784\n|move|p1a: Lopunny|Last Resort||[still]\n|-fail|p1a: Lopunny\n|move|p2a: bella|Roost|p2a: bella\n|-heal|p2a: bella|85\/100\n|-singleturn|p2a: bella|move: Roost\n|\n|upkeep\n|turn|20\n|\n|t:|1700535792\n|move|p1a: Lopunny|Close Combat|p2a: bella\n|-resisted|p2a: bella\n|-damage|p2a: bella|49\/100\n|-unboost|p1a: Lopunny|def|1\n|-unboost|p1a: Lopunny|spd|1\n|move|p2a: bella|Earthquake|p1a: Lopunny\n|-damage|p1a: Lopunny|71\/100\n|\n|upkeep\n|turn|21\n|\n|t:|1700535801\n|move|p1a: Lopunny|U-turn|p2a: bella\n|-resisted|p2a: bella\n|-damage|p2a: bella|35\/100\n|move|p2a: bella|Ice Beam|p1a: Lopunny\n|-damage|p1a: Lopunny|34\/100\n|\n|upkeep\n|turn|22\n|\n|t:|1700535810\n|move|p1a: Lopunny|Last Resort|p2a: bella\n|-damage|p2a: bella|0 fnt\n|faint|p2a: bella\n|\n|upkeep\n|\n|t:|1700535816\n|switch|p2a: akoji|Accelgor, F|3\/100\n|-damage|p2a: akoji|0 fnt|[from] Stealth Rock\n|faint|p2a: akoji\n|\n|win|xinxin88_OvO\n|raw|xinxin88_OvO's rating: 1029 &rarr; <strong>1066<\/strong><br \/>(+37 for winning)\n|raw|lil agee's rating: 1042 &rarr; <strong>1025<\/strong><br \/>(-17 for losing)\n|l|\u2606lil agee\n","uploadtime":1700535834,"views":1,"p1id":"xinxin88ovo","p2id":"lilagee","formatid":"gen9nationaldex","rating":1025,"private":0,"password":""}