{"id":"gen9nationaldex-1989505026","p1":"Tentacultistry","p2":"vladisfaction","format":"[Gen 9] National Dex","log":"|j|\u2606Tentacultistry\n|j|\u2606vladisfaction\n|t:|1699862094\n|gametype|singles\n|player|p1|Tentacultistry|elesa-masters2|1407\n|player|p2|vladisfaction|265|1275\n|teamsize|p1|6\n|teamsize|p2|6\n|gen|9\n|tier|[Gen 9] National Dex\n|rated|\n|rule|HP Percentage Mod: HP is shown in percentages\n|rule|Endless Battle Clause: Forcing endless battles is banned\n|rule|OHKO Clause: OHKO moves are banned\n|rule|Evasion Clause: Evasion abilities, items, and moves are banned\n|rule|Evasion Abilities Clause: Evasion abilities are banned\n|rule|Evasion Items Clause: Evasion items are banned\n|rule|Evasion Moves Clause: Evasion moves are banned\n|rule|Species Clause: Limit one of each Pok\u00e9mon\n|rule|Sleep Clause Mod: Limit one foe put to sleep\n|clearpoke\n|poke|p1|Tapu Koko|\n|poke|p1|Iron Valiant|\n|poke|p1|Iron Hands|\n|poke|p1|Xurkitree|\n|poke|p1|Iron Treads|\n|poke|p1|Iron Jugulis|\n|poke|p2|Samurott-Hisui, M|\n|poke|p2|Gliscor, F|\n|poke|p2|Venusaur, M|\n|poke|p2|Skeledirge, M|\n|poke|p2|Blissey, F|\n|poke|p2|Slowbro, F|\n|teampreview\n|inactive|Battle timer is ON: inactive players will automatically lose when time's up. (requested by vladisfaction)\n|\n|t:|1699862117\n|start\n|switch|p1a: Rita|Tapu Koko|100\/100\n|switch|p2a: Venice|Gliscor, F|100\/100\n|-fieldstart|move: Electric Terrain|[from] ability: Electric Surge|[of] p1a: Rita\n|turn|1\n|\n|t:|1699862121\n|move|p1a: Rita|U-turn|p2a: Venice\n|-resisted|p2a: Venice\n|-damage|p2a: Venice|92\/100\n|\n|t:|1699862127\n|switch|p1a: Fairy Lights|Xurkitree|100\/100|[from] U-turn\n|move|p2a: Venice|Toxic|p1a: Fairy Lights\n|-status|p1a: Fairy Lights|tox\n|\n|-damage|p1a: Fairy Lights|94\/100 tox|[from] psn\n|-status|p2a: Venice|tox|[from] item: Toxic Orb\n|upkeep\n|turn|2\n|\n|t:|1699862134\n|move|p1a: Fairy Lights|Hidden Power|p2a: Venice\n|-supereffective|p2a: Venice\n|-damage|p2a: Venice|4\/100 tox\n|move|p2a: Venice|Earthquake|p1a: Fairy Lights\n|-supereffective|p1a: Fairy Lights\n|-crit|p1a: Fairy Lights\n|-damage|p1a: Fairy Lights|0 fnt\n|faint|p1a: Fairy Lights\n|\n|-heal|p2a: Venice|17\/100 tox|[from] ability: Poison Heal\n|upkeep\n|\n|t:|1699862140\n|switch|p1a: Jimothy cool|Iron Jugulis|100\/100\n|-activate|p1a: Jimothy cool|ability: Quark Drive\n|-start|p1a: Jimothy cool|quarkdrivespe\n|turn|3\n|\n|t:|1699862146\n|move|p1a: Jimothy cool|Dark Pulse|p2a: Venice\n|-damage|p2a: Venice|0 fnt\n|faint|p2a: Venice\n|-damage|p1a: Jimothy cool|91\/100|[from] item: Life Orb\n|\n|upkeep\n|\n|t:|1699862156\n|switch|p2a: Big Mom|Blissey, F|100\/100\n|turn|4\n|\n|t:|1699862159\n|-end|p1a: Jimothy cool|Quark Drive|[silent]\n|switch|p1a: Wide Stance Craig|Iron Hands|100\/100\n|-activate|p1a: Wide Stance Craig|ability: Quark Drive\n|-start|p1a: Wide Stance Craig|quarkdriveatk\n|move|p2a: Big Mom|Toxic|p1a: Wide Stance Craig\n|-status|p1a: Wide Stance Craig|tox\n|\n|-damage|p1a: Wide Stance Craig|94\/100 tox|[from] psn\n|upkeep\n|turn|5\n|\n|t:|1699862165\n|move|p2a: Big Mom|Protect|p2a: Big Mom\n|-singleturn|p2a: Big Mom|Protect\n|move|p1a: Wide Stance Craig|Drain Punch|p2a: Big Mom\n|-activate|p2a: Big Mom|move: Protect\n|\n|-damage|p1a: Wide Stance Craig|82\/100 tox|[from] psn\n|upkeep\n|turn|6\n|\n|t:|1699862169\n|switch|p2a: California|Skeledirge, M|100\/100\n|-end|p1a: Wide Stance Craig|Quark Drive|[silent]\n|switch|p1a: Short King|Iron Treads|100\/100\n|-activate|p1a: Short King|ability: Quark Drive\n|-start|p1a: Short King|quarkdrivespe\n|\n|upkeep\n|turn|7\n|\n|t:|1699862179\n|-terastallize|p2a: California|Water\n|move|p1a: Short King|Earthquake|p2a: California\n|-damage|p2a: California|73\/100\n|move|p2a: California|Will-O-Wisp|p1a: Short King\n|-status|p1a: Short King|brn\n|\n|-damage|p1a: Short King|94\/100 brn|[from] brn\n|upkeep\n|turn|8\n|\n|t:|1699862186\n|-end|p1a: Short King|Quark Drive|[silent]\n|switch|p1a: Klein|Iron Valiant|100\/100\n|-activate|p1a: Klein|ability: Quark Drive\n|-start|p1a: Klein|quarkdrivespe\n|move|p2a: California|Torch Song|p1a: Klein\n|-damage|p1a: Klein|46\/100\n|-boost|p2a: California|spa|1\n|\n|-fieldend|move: Electric Terrain\n|-end|p1a: Klein|Quark Drive\n|upkeep\n|turn|9\n|\n|t:|1699862195\n|move|p1a: Klein|Thunderbolt|p2a: California\n|-supereffective|p2a: California\n|-damage|p2a: California|0 fnt\n|faint|p2a: California\n|-damage|p1a: Klein|36\/100|[from] item: Life Orb\n|\n|upkeep\n|\n|t:|1699862200\n|switch|p2a: Gorf|Venusaur, M, shiny|100\/100\n|turn|10\n|\n|t:|1699862205\n|detailschange|p2a: Gorf|Venusaur-Mega, M, shiny\n|-mega|p2a: Gorf|Venusaur|Venusaurite\n|move|p1a: Klein|Psyshock|p2a: Gorf\n|-supereffective|p2a: Gorf\n|-damage|p2a: Gorf|53\/100\n|-damage|p1a: Klein|27\/100|[from] item: Life Orb\n|move|p2a: Gorf|Giga Drain|p1a: Klein\n|-damage|p1a: Klein|0 fnt\n|-heal|p2a: Gorf|64\/100|[from] drain|[of] p1a: Klein\n|faint|p1a: Klein\n|-end|p1a: Klein|Quark Drive|[silent]\n|\n|upkeep\n|\n|t:|1699862214\n|switch|p1a: Jimothy cool|Iron Jugulis|91\/100\n|turn|11\n|\n|t:|1699862221\n|switch|p2a: Big Mom|Blissey, F|100\/100\n|move|p1a: Jimothy cool|Air Slash|p2a: Big Mom\n|-damage|p2a: Big Mom|84\/100\n|-damage|p1a: Jimothy cool|81\/100|[from] item: Life Orb\n|\n|upkeep\n|turn|12\n|\n|t:|1699862231\n|-end|p1a: Jimothy cool|Quark Drive|[silent]\n|switch|p1a: Rita|Tapu Koko|100\/100\n|-fieldstart|move: Electric Terrain|[from] ability: Electric Surge|[of] p1a: Rita\n|move|p2a: Big Mom|Toxic|p1a: Rita\n|-status|p1a: Rita|tox\n|\n|-damage|p1a: Rita|94\/100 tox|[from] psn\n|upkeep\n|turn|13\n|\n|t:|1699862238\n|move|p2a: Big Mom|Protect|p2a: Big Mom\n|-singleturn|p2a: Big Mom|Protect\n|move|p1a: Rita|U-turn|p2a: Big Mom\n|-activate|p2a: Big Mom|move: Protect\n|\n|-damage|p1a: Rita|82\/100 tox|[from] psn\n|upkeep\n|turn|14\n|\n|t:|1699862245\n|switch|p2a: Gorf|Venusaur-Mega, M, shiny|64\/100\n|move|p1a: Rita|U-turn|p2a: Gorf\n|-damage|p2a: Gorf|50\/100\n|\n|t:|1699862247\n|switch|p1a: Jimothy cool|Iron Jugulis|81\/100|[from] U-turn\n|-activate|p1a: Jimothy cool|ability: Quark Drive\n|-start|p1a: Jimothy cool|quarkdrivespe\n|\n|upkeep\n|turn|15\n|\n|t:|1699862255\n|move|p1a: Jimothy cool|Air Slash|p2a: Gorf\n|-supereffective|p2a: Gorf\n|-damage|p2a: Gorf|0 fnt\n|faint|p2a: Gorf\n|-damage|p1a: Jimothy cool|71\/100|[from] item: Life Orb\n|\n|upkeep\n|\n|t:|1699862264\n|switch|p2a: Slowbro|Slowbro, F, shiny|100\/100\n|turn|16\n|\n|t:|1699862269\n|move|p2a: Slowbro|Protect|p2a: Slowbro\n|-singleturn|p2a: Slowbro|Protect\n|move|p1a: Jimothy cool|Dark Pulse|p2a: Slowbro\n|-activate|p2a: Slowbro|move: Protect\n|\n|upkeep\n|turn|17\n|\n|t:|1699862274\n|switch|p2a: Vrazy|Samurott-Hisui, M, shiny|100\/100\n|move|p1a: Jimothy cool|Dark Pulse|p2a: Vrazy\n|-resisted|p2a: Vrazy\n|-damage|p2a: Vrazy|61\/100\n|-damage|p1a: Jimothy cool|62\/100|[from] item: Life Orb\n|\n|upkeep\n|turn|18\n|\n|t:|1699862281\n|move|p1a: Jimothy cool|Air Slash|p2a: Vrazy\n|-damage|p2a: Vrazy|0 fnt\n|faint|p2a: Vrazy\n|-damage|p1a: Jimothy cool|52\/100|[from] item: Life Orb\n|\n|upkeep\n|\n|t:|1699862284\n|switch|p2a: Big Mom|Blissey, F|84\/100\n|turn|19\n|\n|t:|1699862295\n|-end|p1a: Jimothy cool|Quark Drive|[silent]\n|switch|p1a: Short King|Iron Treads|94\/100 brn\n|-activate|p1a: Short King|ability: Quark Drive\n|-start|p1a: Short King|quarkdrivespe\n|move|p2a: Big Mom|Soft-Boiled|p2a: Big Mom\n|-heal|p2a: Big Mom|100\/100\n|\n|-damage|p1a: Short King|88\/100 brn|[from] brn\n|-fieldend|move: Electric Terrain\n|-end|p1a: Short King|Quark Drive\n|upkeep\n|turn|20\n|\n|t:|1699862301\n|-end|p1a: Short King|Quark Drive|[silent]\n|switch|p1a: Rita|Tapu Koko|82\/100 tox\n|-fieldstart|move: Electric Terrain|[from] ability: Electric Surge|[of] p1a: Rita\n|move|p2a: Big Mom|Seismic Toss|p1a: Rita\n|-damage|p1a: Rita|47\/100 tox\n|\n|-damage|p1a: Rita|41\/100 tox|[from] psn\n|upkeep\n|turn|21\n|\n|t:|1699862308\n|move|p2a: Big Mom|Protect|p2a: Big Mom\n|-singleturn|p2a: Big Mom|Protect\n|move|p1a: Rita|Thunder Punch|p2a: Big Mom\n|-activate|p2a: Big Mom|move: Protect\n|\n|-damage|p1a: Rita|29\/100 tox|[from] psn\n|upkeep\n|turn|22\n|\n|t:|1699862323\n|move|p1a: Rita|Thunder Punch|p2a: Big Mom\n|-damage|p2a: Big Mom|54\/100\n|move|p2a: Big Mom|Soft-Boiled|p2a: Big Mom\n|-heal|p2a: Big Mom|100\/100\n|\n|-damage|p1a: Rita|10\/100 tox|[from] psn\n|upkeep\n|turn|23\n|\n|t:|1699862330\n|switch|p1a: Short King|Iron Treads|88\/100 brn\n|-activate|p1a: Short King|ability: Quark Drive\n|-start|p1a: Short King|quarkdrivespe\n|move|p2a: Big Mom|Protect||[still]\n|-fail|p2a: Big Mom\n|\n|-damage|p1a: Short King|82\/100 brn|[from] brn\n|upkeep\n|turn|24\n|\n|t:|1699862334\n|move|p1a: Short King|Earthquake|p2a: Big Mom\n|-damage|p2a: Big Mom|77\/100\n|move|p2a: Big Mom|Seismic Toss|p1a: Short King\n|-damage|p1a: Short King|51\/100 brn\n|\n|-damage|p1a: Short King|44\/100 brn|[from] brn\n|upkeep\n|turn|25\n|\n|t:|1699862338\n|move|p1a: Short King|Earthquake|p2a: Big Mom\n|-damage|p2a: Big Mom|54\/100\n|move|p2a: Big Mom|Seismic Toss|p1a: Short King\n|-damage|p1a: Short King|13\/100 brn\n|\n|-damage|p1a: Short King|7\/100 brn|[from] brn\n|upkeep\n|turn|26\n|\n|t:|1699862340\n|move|p1a: Short King|Earthquake|p2a: Big Mom\n|-damage|p2a: Big Mom|34\/100\n|move|p2a: Big Mom|Soft-Boiled|p2a: Big Mom\n|-heal|p2a: Big Mom|84\/100\n|\n|-damage|p1a: Short King|1\/100 brn|[from] brn\n|upkeep\n|turn|27\n|\n|t:|1699862349\n|move|p1a: Short King|Earthquake|p2a: Big Mom\n|-damage|p2a: Big Mom|62\/100\n|move|p2a: Big Mom|Soft-Boiled|p2a: Big Mom\n|-heal|p2a: Big Mom|100\/100\n|\n|-damage|p1a: Short King|0 fnt|[from] brn\n|faint|p1a: Short King\n|-end|p1a: Short King|Quark Drive|[silent]\n|-fieldend|move: Electric Terrain\n|upkeep\n|\n|t:|1699862356\n|switch|p1a: Wide Stance Craig|Iron Hands|82\/100 tox\n|turn|28\n|\n|t:|1699862364\n|move|p2a: Big Mom|Protect|p2a: Big Mom\n|-singleturn|p2a: Big Mom|Protect\n|move|p1a: Wide Stance Craig|Drain Punch|p2a: Big Mom\n|-activate|p2a: Big Mom|move: Protect\n|\n|-damage|p1a: Wide Stance Craig|75\/100 tox|[from] psn\n|upkeep\n|turn|29\n|\n|t:|1699862367\n|switch|p2a: Slowbro|Slowbro, F, shiny|100\/100\n|move|p1a: Wide Stance Craig|Wild Charge|p2a: Slowbro\n|-supereffective|p2a: Slowbro\n|-damage|p2a: Slowbro|50\/100\n|-damage|p1a: Wide Stance Craig|66\/100 tox|[from] Recoil\n|\n|-damage|p1a: Wide Stance Craig|53\/100 tox|[from] psn\n|upkeep\n|turn|30\n|\n|t:|1699862377\n|-end|p1a: Wide Stance Craig|Quark Drive|[silent]\n|switch|p1a: Rita|Tapu Koko|10\/100 tox\n|-fieldstart|move: Electric Terrain|[from] ability: Electric Surge|[of] p1a: Rita\n|move|p2a: Slowbro|Slack Off|p2a: Slowbro\n|-heal|p2a: Slowbro|99\/100\n|\n|-damage|p1a: Rita|4\/100 tox|[from] psn\n|upkeep\n|turn|31\n|\n|t:|1699862381\n|move|p2a: Slowbro|Protect|p2a: Slowbro\n|-singleturn|p2a: Slowbro|Protect\n|move|p1a: Rita|Thunder Punch|p2a: Slowbro\n|-activate|p2a: Slowbro|move: Protect\n|\n|-damage|p1a: Rita|0 fnt|[from] psn\n|faint|p1a: Rita\n|upkeep\n|\n|t:|1699862383\n|switch|p1a: Wide Stance Craig|Iron Hands|53\/100 tox\n|-activate|p1a: Wide Stance Craig|ability: Quark Drive\n|-start|p1a: Wide Stance Craig|quarkdriveatk\n|turn|32\n|\n|t:|1699862396\n|move|p1a: Wide Stance Craig|Wild Charge|p2a: Slowbro\n|-supereffective|p2a: Slowbro\n|-damage|p2a: Slowbro|14\/100\n|-damage|p1a: Wide Stance Craig|37\/100 tox|[from] Recoil\n|move|p2a: Slowbro|Slack Off|p2a: Slowbro\n|-heal|p2a: Slowbro|64\/100\n|\n|-damage|p1a: Wide Stance Craig|30\/100 tox|[from] psn\n|upkeep\n|turn|33\n|\n|t:|1699862400\n|move|p2a: Slowbro|Protect|p2a: Slowbro\n|-singleturn|p2a: Slowbro|Protect\n|move|p1a: Wide Stance Craig|Wild Charge|p2a: Slowbro\n|-activate|p2a: Slowbro|move: Protect\n|\n|-damage|p1a: Wide Stance Craig|18\/100 tox|[from] psn\n|upkeep\n|turn|34\n|\n|t:|1699862406\n|switch|p2a: Big Mom|Blissey, F|100\/100\n|move|p1a: Wide Stance Craig|Wild Charge|p2a: Big Mom\n|-damage|p2a: Big Mom|36\/100\n|-damage|p1a: Wide Stance Craig|0 fnt|[from] Recoil\n|faint|p1a: Wide Stance Craig\n|-end|p1a: Wide Stance Craig|Quark Drive|[silent]\n|\n|upkeep\n|\n|t:|1699862411\n|switch|p1a: Jimothy cool|Iron Jugulis|52\/100\n|-activate|p1a: Jimothy cool|ability: Quark Drive\n|-start|p1a: Jimothy cool|quarkdrivespe\n|turn|35\n|\n|t:|1699862416\n|move|p1a: Jimothy cool|Dark Pulse|p2a: Big Mom\n|-damage|p2a: Big Mom|19\/100\n|-damage|p1a: Jimothy cool|42\/100|[from] item: Life Orb\n|move|p2a: Big Mom|Toxic|p1a: Jimothy cool\n|-status|p1a: Jimothy cool|tox\n|\n|-damage|p1a: Jimothy cool|36\/100 tox|[from] psn\n|upkeep\n|turn|36\n|\n|t:|1699862422\n|move|p2a: Big Mom|Protect|p2a: Big Mom\n|-singleturn|p2a: Big Mom|Protect\n|move|p1a: Jimothy cool|Dark Pulse|p2a: Big Mom\n|-activate|p2a: Big Mom|move: Protect\n|\n|-damage|p1a: Jimothy cool|24\/100 tox|[from] psn\n|upkeep\n|turn|37\n|\n|t:|1699862427\n|move|p1a: Jimothy cool|Dark Pulse|p2a: Big Mom\n|-damage|p2a: Big Mom|1\/100\n|-damage|p1a: Jimothy cool|14\/100 tox|[from] item: Life Orb\n|move|p2a: Big Mom|Soft-Boiled|p2a: Big Mom\n|-heal|p2a: Big Mom|51\/100\n|\n|-damage|p1a: Jimothy cool|0 fnt|[from] psn\n|faint|p1a: Jimothy cool\n|-end|p1a: Jimothy cool|Quark Drive|[silent]\n|\n|win|vladisfaction\n|upkeep\n|raw|Tentacultistry's rating: 1407 &rarr; <strong>1380<\/strong><br \/>(-27 for losing)\n|raw|vladisfaction's rating: 1275 &rarr; <strong>1309<\/strong><br \/>(+34 for winning)\n|c|\u2606vladisfaction|gg\n","uploadtime":1699862443,"views":6,"p1id":"tentacultistry","p2id":"vladisfaction","formatid":"gen9nationaldex","rating":1309,"private":0,"password":""}