{"id":"gen9nationaldex-1991021308","p1":"ButaYaroSama","p2":"jky666","format":"[Gen 9] National Dex","log":"|j|\u2606ButaYaroSama\n|j|\u2606jky666\n|t:|1700029389\n|gametype|singles\n|player|p1|ButaYaroSama|170|1158\n|player|p2|jky666|102|1320\n|teamsize|p1|6\n|teamsize|p2|6\n|gen|9\n|tier|[Gen 9] National Dex\n|rated|\n|rule|HP Percentage Mod: HP is shown in percentages\n|rule|Endless Battle Clause: Forcing endless battles is banned\n|rule|OHKO Clause: OHKO moves are banned\n|rule|Evasion Clause: Evasion abilities, items, and moves are banned\n|rule|Evasion Abilities Clause: Evasion abilities are banned\n|rule|Evasion Items Clause: Evasion items are banned\n|rule|Evasion Moves Clause: Evasion moves are banned\n|rule|Species Clause: Limit one of each Pok\u00e9mon\n|rule|Sleep Clause Mod: Limit one foe put to sleep\n|clearpoke\n|poke|p1|Malamar, M|\n|poke|p1|Toxapex, M|\n|poke|p1|Pelipper, M|\n|poke|p1|Ferrothorn, F|\n|poke|p1|Rillaboom, M|\n|poke|p1|Urshifu-*, F|\n|poke|p2|Tyranitar, F|\n|poke|p2|Great Tusk|\n|poke|p2|Ting-Lu|\n|poke|p2|Alomomola, M|\n|poke|p2|Urshifu-*, M|\n|poke|p2|Hoopa-Unbound|\n|teampreview\n|inactive|Battle timer is ON: inactive players will automatically lose when time's up. (requested by ButaYaroSama)\n|\n|t:|1700029399\n|start\n|switch|p1a: Malamar|Malamar, M|100\/100\n|switch|p2a: Tyranitar|Tyranitar, F|100\/100\n|-weather|Sandstorm|[from] ability: Sand Stream|[of] p2a: Tyranitar\n|turn|1\n|\n|t:|1700029415\n|switch|p2a: Ting-Lu|Ting-Lu|100\/100\n|-ability|p2a: Ting-Lu|Vessel of Ruin\n|-terastallize|p1a: Malamar|Fairy\n|move|p1a: Malamar|Block|p2a: Ting-Lu\n|-activate|p2a: Ting-Lu|trapped\n|\n|-weather|Sandstorm|[upkeep]\n|-damage|p1a: Malamar|94\/100|[from] Sandstorm\n|-heal|p1a: Malamar|100\/100|[from] item: Leftovers\n|upkeep\n|turn|2\n|\n|t:|1700029429\n|-terastallize|p2a: Ting-Lu|Poison\n|move|p1a: Malamar|Acupressure|p1a: Malamar\n|-boost|p1a: Malamar|atk|2\n|move|p2a: Ting-Lu|Whirlwind|p1a: Malamar\n|-activate|p1a: Malamar|ability: Suction Cups\n|\n|-weather|Sandstorm|[upkeep]\n|-damage|p1a: Malamar|94\/100|[from] Sandstorm\n|-damage|p2a: Ting-Lu|94\/100|[from] Sandstorm\n|-heal|p1a: Malamar|100\/100|[from] item: Leftovers\n|-heal|p2a: Ting-Lu|100\/100|[from] item: Leftovers\n|upkeep\n|turn|3\n|\n|t:|1700029441\n|move|p1a: Malamar|Acupressure|p1a: Malamar\n|-boost|p1a: Malamar|def|2\n|move|p2a: Ting-Lu|Taunt|p1a: Malamar\n|-start|p1a: Malamar|move: Taunt\n|\n|-weather|Sandstorm|[upkeep]\n|-damage|p1a: Malamar|94\/100|[from] Sandstorm\n|-damage|p2a: Ting-Lu|94\/100|[from] Sandstorm\n|-heal|p1a: Malamar|100\/100|[from] item: Leftovers\n|-heal|p2a: Ting-Lu|100\/100|[from] item: Leftovers\n|upkeep\n|turn|4\n|\n|t:|1700029451\n|move|p1a: Malamar|Stored Power|p2a: Ting-Lu\n|-supereffective|p2a: Ting-Lu\n|-damage|p2a: Ting-Lu|79\/100\n|move|p2a: Ting-Lu|Spikes|p1a: Malamar\n|-sidestart|p1: ButaYaroSama|Spikes\n|\n|-weather|Sandstorm|[upkeep]\n|-damage|p1a: Malamar|94\/100|[from] Sandstorm\n|-damage|p2a: Ting-Lu|73\/100|[from] Sandstorm\n|-heal|p1a: Malamar|100\/100|[from] item: Leftovers\n|-heal|p2a: Ting-Lu|79\/100|[from] item: Leftovers\n|upkeep\n|turn|5\n|\n|t:|1700029461\n|move|p1a: Malamar|Stored Power|p2a: Ting-Lu\n|-supereffective|p2a: Ting-Lu\n|-damage|p2a: Ting-Lu|57\/100\n|move|p2a: Ting-Lu|Spikes|p1a: Malamar\n|-sidestart|p1: ButaYaroSama|Spikes\n|\n|-weather|none\n|-heal|p2a: Ting-Lu|64\/100|[from] item: Leftovers\n|upkeep\n|turn|6\n|\n|t:|1700029469\n|move|p1a: Malamar|Stored Power|p2a: Ting-Lu\n|-supereffective|p2a: Ting-Lu\n|-damage|p2a: Ting-Lu|41\/100\n|move|p2a: Ting-Lu|Spikes|p1a: Malamar\n|-sidestart|p1: ButaYaroSama|Spikes\n|\n|-heal|p2a: Ting-Lu|48\/100|[from] item: Leftovers\n|-end|p1a: Malamar|move: Taunt\n|upkeep\n|turn|7\n|\n|t:|1700029476\n|move|p1a: Malamar|Acupressure|p1a: Malamar\n|-boost|p1a: Malamar|spe|2\n|move|p2a: Ting-Lu|Earthquake|p1a: Malamar\n|-damage|p1a: Malamar|80\/100\n|\n|-heal|p1a: Malamar|86\/100|[from] item: Leftovers\n|-heal|p2a: Ting-Lu|54\/100|[from] item: Leftovers\n|upkeep\n|turn|8\n|inactive|jky666 has 120 seconds left.\n|\n|t:|1700029516\n|move|p1a: Malamar|Acupressure|p1a: Malamar\n|-boost|p1a: Malamar|accuracy|2\n|move|p2a: Ting-Lu|Taunt|p1a: Malamar\n|-start|p1a: Malamar|move: Taunt\n|\n|-heal|p1a: Malamar|92\/100|[from] item: Leftovers\n|-heal|p2a: Ting-Lu|60\/100|[from] item: Leftovers\n|upkeep\n|turn|9\n|inactive|jky666 has 120 seconds left.\n|\n|t:|1700029523\n|move|p1a: Malamar|Stored Power|p2a: Ting-Lu\n|-supereffective|p2a: Ting-Lu\n|-damage|p2a: Ting-Lu|25\/100\n|move|p2a: Ting-Lu|Earthquake|p1a: Malamar\n|-damage|p1a: Malamar|72\/100\n|\n|-heal|p1a: Malamar|78\/100|[from] item: Leftovers\n|-heal|p2a: Ting-Lu|31\/100|[from] item: Leftovers\n|upkeep\n|turn|10\n|\n|t:|1700029531\n|move|p1a: Malamar|Stored Power|p2a: Ting-Lu\n|-supereffective|p2a: Ting-Lu\n|-damage|p2a: Ting-Lu|0 fnt\n|faint|p2a: Ting-Lu\n|\n|-heal|p1a: Malamar|84\/100|[from] item: Leftovers\n|upkeep\n|\n|t:|1700029535\n|switch|p2a: Hoopa|Hoopa-Unbound|100\/100\n|turn|11\n|\n|t:|1700029548\n|switch|p2a: Tyranitar|Tyranitar, F|100\/100\n|-weather|Sandstorm|[from] ability: Sand Stream|[of] p2a: Tyranitar\n|move|p1a: Malamar|Stored Power|p2a: Tyranitar\n|-immune|p2a: Tyranitar\n|\n|-weather|Sandstorm|[upkeep]\n|-damage|p1a: Malamar|78\/100|[from] Sandstorm\n|-heal|p1a: Malamar|84\/100|[from] item: Leftovers\n|-end|p1a: Malamar|move: Taunt\n|upkeep\n|turn|12\n|\n|t:|1700029558\n|detailschange|p2a: Tyranitar|Tyranitar-Mega, F\n|-mega|p2a: Tyranitar|Tyranitar|Tyranitarite\n|move|p1a: Malamar|Block|p2a: Tyranitar\n|-activate|p2a: Tyranitar|trapped\n|move|p2a: Tyranitar|Knock Off|p1a: Malamar\n|-resisted|p1a: Malamar\n|-damage|p1a: Malamar|69\/100\n|-enditem|p1a: Malamar|Leftovers|[from] move: Knock Off|[of] p2a: Tyranitar\n|\n|-weather|Sandstorm|[upkeep]\n|-damage|p1a: Malamar|63\/100|[from] Sandstorm\n|upkeep\n|turn|13\n|\n|t:|1700029568\n|move|p1a: Malamar|Acupressure|p1a: Malamar\n|-boost|p1a: Malamar|spa|2\n|move|p2a: Tyranitar|Stealth Rock|p1a: Malamar\n|-sidestart|p1: ButaYaroSama|move: Stealth Rock\n|\n|-weather|Sandstorm|[upkeep]\n|-damage|p1a: Malamar|57\/100|[from] Sandstorm\n|upkeep\n|turn|14\n|\n|t:|1700029574\n|move|p1a: Malamar|Acupressure|p1a: Malamar\n|-boost|p1a: Malamar|spd|2\n|move|p2a: Tyranitar|Ice Punch|p1a: Malamar\n|-damage|p1a: Malamar|42\/100\n|\n|-weather|Sandstorm|[upkeep]\n|-damage|p1a: Malamar|36\/100|[from] Sandstorm\n|upkeep\n|turn|15\n|\n|t:|1700029581\n|move|p1a: Malamar|Acupressure|p1a: Malamar\n|-boost|p1a: Malamar|spa|2\n|move|p2a: Tyranitar|Ice Punch|p1a: Malamar\n|-damage|p1a: Malamar|19\/100\n|\n|-weather|none\n|upkeep\n|turn|16\n|\n|t:|1700029595\n|move|p1a: Malamar|Rest|p1a: Malamar\n|-status|p1a: Malamar|slp|[from] move: Rest\n|-heal|p1a: Malamar|100\/100 slp|[silent]\n|move|p2a: Tyranitar|Ice Punch|p1a: Malamar\n|-damage|p1a: Malamar|86\/100 slp\n|\n|upkeep\n|turn|17\n|\n|t:|1700029607\n|cant|p1a: Malamar|slp\n|move|p2a: Tyranitar|Thunder Punch|p1a: Malamar\n|-damage|p1a: Malamar|71\/100 slp\n|\n|upkeep\n|turn|18\n|\n|t:|1700029613\n|cant|p1a: Malamar|slp\n|move|p2a: Tyranitar|Thunder Punch|p1a: Malamar\n|-damage|p1a: Malamar|54\/100 slp\n|\n|upkeep\n|turn|19\n|\n|t:|1700029619\n|-curestatus|p1a: Malamar|slp|[msg]\n|move|p1a: Malamar|Acupressure|p1a: Malamar\n|-boost|p1a: Malamar|accuracy|2\n|move|p2a: Tyranitar|Thunder Punch|p1a: Malamar\n|-damage|p1a: Malamar|39\/100\n|-status|p1a: Malamar|par\n|\n|upkeep\n|turn|20\n|\n|t:|1700029627\n|move|p1a: Malamar|Acupressure|p1a: Malamar\n|-boost|p1a: Malamar|accuracy|2\n|move|p2a: Tyranitar|Thunder Punch|p1a: Malamar\n|-damage|p1a: Malamar|21\/100 par\n|\n|upkeep\n|turn|21\n|\n|t:|1700029632\n|move|p1a: Malamar|Rest|p1a: Malamar\n|-status|p1a: Malamar|slp|[from] move: Rest\n|-heal|p1a: Malamar|100\/100 slp|[silent]\n|move|p2a: Tyranitar|Thunder Punch|p1a: Malamar\n|-damage|p1a: Malamar|85\/100 slp\n|\n|upkeep\n|turn|22\n|\n|t:|1700029638\n|cant|p1a: Malamar|slp\n|move|p2a: Tyranitar|Ice Punch|p1a: Malamar\n|-damage|p1a: Malamar|69\/100 slp\n|\n|upkeep\n|turn|23\n|\n|t:|1700029642\n|cant|p1a: Malamar|slp\n|move|p2a: Tyranitar|Ice Punch|p1a: Malamar\n|-damage|p1a: Malamar|53\/100 slp\n|\n|upkeep\n|turn|24\n|\n|t:|1700029647\n|-curestatus|p1a: Malamar|slp|[msg]\n|move|p1a: Malamar|Acupressure|p1a: Malamar\n|-boost|p1a: Malamar|atk|2\n|move|p2a: Tyranitar|Ice Punch|p1a: Malamar\n|-damage|p1a: Malamar|37\/100\n|\n|upkeep\n|turn|25\n|\n|t:|1700029654\n|move|p1a: Malamar|Acupressure|p1a: Malamar\n|-boost|p1a: Malamar|def|2\n|move|p2a: Tyranitar|Ice Punch|p1a: Malamar\n|-damage|p1a: Malamar|26\/100\n|\n|upkeep\n|turn|26\n|\n|t:|1700029659\n|move|p1a: Malamar|Acupressure|p1a: Malamar\n|-boost|p1a: Malamar|spd|2\n|move|p2a: Tyranitar|Ice Punch|p1a: Malamar\n|-damage|p1a: Malamar|16\/100\n|\n|upkeep\n|turn|27\n|\n|t:|1700029665\n|move|p1a: Malamar|Acupressure|p1a: Malamar\n|-boost|p1a: Malamar|atk|2\n|move|p2a: Tyranitar|Ice Punch|p1a: Malamar\n|-damage|p1a: Malamar|6\/100\n|\n|upkeep\n|turn|28\n|\n|t:|1700029671\n|move|p1a: Malamar|Rest|p1a: Malamar\n|-status|p1a: Malamar|slp|[from] move: Rest\n|-heal|p1a: Malamar|100\/100 slp|[silent]\n|move|p2a: Tyranitar|Stealth Rock||[still]\n|-fail|p2a: Tyranitar\n|\n|upkeep\n|turn|29\n|\n|t:|1700029677\n|cant|p1a: Malamar|slp\n|move|p2a: Tyranitar|Knock Off|p1a: Malamar\n|-resisted|p1a: Malamar\n|-damage|p1a: Malamar|94\/100 slp\n|\n|upkeep\n|turn|30\n|\n|t:|1700029683\n|cant|p1a: Malamar|slp\n|move|p2a: Tyranitar|Thunder Punch|p1a: Malamar\n|-damage|p1a: Malamar|82\/100 slp\n|\n|upkeep\n|turn|31\n|\n|t:|1700029689\n|-curestatus|p1a: Malamar|slp|[msg]\n|move|p1a: Malamar|Acupressure|p1a: Malamar\n|-boost|p1a: Malamar|spd|2\n|move|p2a: Tyranitar|Thunder Punch|p1a: Malamar\n|-damage|p1a: Malamar|71\/100\n|\n|upkeep\n|turn|32\n|\n|t:|1700029695\n|move|p1a: Malamar|Acupressure|p1a: Malamar\n|-boost|p1a: Malamar|evasion|2\n|move|p2a: Tyranitar|Thunder Punch|p1a: Malamar\n|-damage|p1a: Malamar|61\/100\n|\n|upkeep\n|turn|33\n|\n|t:|1700029702\n|move|p1a: Malamar|Acupressure|p1a: Malamar\n|-boost|p1a: Malamar|evasion|2\n|move|p2a: Tyranitar|Thunder Punch|p1a: Malamar\n|-damage|p1a: Malamar|50\/100\n|\n|upkeep\n|turn|34\n|\n|t:|1700029707\n|move|p1a: Malamar|Acupressure|p1a: Malamar\n|-boost|p1a: Malamar|spe|2\n|move|p2a: Tyranitar|Ice Punch|p1a: Malamar|[miss]\n|-miss|p2a: Tyranitar|p1a: Malamar\n|\n|upkeep\n|turn|35\n|\n|t:|1700029714\n|move|p1a: Malamar|Acupressure|p1a: Malamar\n|-boost|p1a: Malamar|spe|2\n|move|p2a: Tyranitar|Ice Punch|p1a: Malamar|[miss]\n|-miss|p2a: Tyranitar|p1a: Malamar\n|\n|upkeep\n|turn|36\n|\n|t:|1700029722\n|move|p1a: Malamar|Acupressure|p1a: Malamar\n|-boost|p1a: Malamar|def|2\n|move|p2a: Tyranitar|Knock Off|p1a: Malamar\n|-resisted|p1a: Malamar\n|-damage|p1a: Malamar|45\/100\n|\n|upkeep\n|turn|37\n|\n|t:|1700029729\n|move|p1a: Malamar|Acupressure|p1a: Malamar\n|-boost|p1a: Malamar|spa|2\n|move|p2a: Tyranitar|Thunder Punch|p1a: Malamar|[miss]\n|-miss|p2a: Tyranitar|p1a: Malamar\n|\n|upkeep\n|turn|38\n|\n|t:|1700029737\n|move|p1a: Malamar|Acupressure|p1a: Malamar\n|-boost|p1a: Malamar|evasion|2\n|move|p2a: Tyranitar|Thunder Punch|p1a: Malamar|[miss]\n|-miss|p2a: Tyranitar|p1a: Malamar\n|\n|upkeep\n|turn|39\n|\n|t:|1700029745\n|move|p1a: Malamar|Acupressure||[still]\n|-fail|p1a: Malamar\n|move|p2a: Tyranitar|Knock Off|p1a: Malamar|[miss]\n|-miss|p2a: Tyranitar|p1a: Malamar\n|\n|upkeep\n|turn|40\n|-message|ButaYaroSama forfeited.\n|\n|win|jky666\n|raw|ButaYaroSama's rating: 1158 &rarr; <strong>1144<\/strong><br \/>(-14 for losing)\n|raw|jky666's rating: 1320 &rarr; <strong>1331<\/strong><br \/>(+11 for winning)\n|l|\u2606ButaYaroSama\n","uploadtime":1700029758,"views":7,"p1id":"butayarosama","p2id":"jky666","formatid":"gen9nationaldex","rating":1144,"private":0,"password":""}