{"id":"gen9nationaldex-1988364894","p1":"Andolic 47","p2":"Poke_Gamer_Devil","format":"[Gen 9] National Dex","log":"|j|\u2606Andolic 47\n|j|\u2606Poke_Gamer_Devil\n|t:|1699714397\n|gametype|singles\n|player|p1|Andolic 47|acetrainer|\n|player|p2|Poke_Gamer_Devil|hilbert|\n|teamsize|p1|6\n|teamsize|p2|6\n|gen|9\n|tier|[Gen 9] National Dex\n|rule|HP Percentage Mod: HP is shown in percentages\n|rule|Endless Battle Clause: Forcing endless battles is banned\n|rule|OHKO Clause: OHKO moves are banned\n|rule|Evasion Clause: Evasion abilities, items, and moves are banned\n|rule|Evasion Abilities Clause: Evasion abilities are banned\n|rule|Evasion Items Clause: Evasion items are banned\n|rule|Evasion Moves Clause: Evasion moves are banned\n|rule|Species Clause: Limit one of each Pok\u00e9mon\n|rule|Sleep Clause Mod: Limit one foe put to sleep\n|clearpoke\n|poke|p1|Glimmora, M|\n|poke|p1|Ogerpon-Wellspring, F|\n|poke|p1|Lopunny, F|\n|poke|p1|Volcarona, M|\n|poke|p1|Raichu-Alola, F|\n|poke|p1|Enamorus, F|\n|poke|p2|Charizard, M|\n|poke|p2|Polteageist-Antique|\n|poke|p2|Kartana|\n|poke|p2|Grimmsnarl, M|\n|poke|p2|Ceruledge, M|\n|poke|p2|Cinderace, M|\n|teampreview\n|inactive|Battle timer is ON: inactive players will automatically lose when time's up. (requested by Poke_Gamer_Devil)\n|\n|t:|1699714427\n|start\n|switch|p1a: Volcarona|Volcarona, M|100\/100\n|switch|p2a: Polteageist|Polteageist-Antique|100\/100\n|turn|1\n|j| Blazzeon\n|\n|t:|1699714439\n|move|p1a: Volcarona|Quiver Dance|p1a: Volcarona\n|-boost|p1a: Volcarona|spa|1\n|-boost|p1a: Volcarona|spd|1\n|-boost|p1a: Volcarona|spe|1\n|move|p2a: Polteageist|Shell Smash|p2a: Polteageist\n|-unboost|p2a: Polteageist|def|1\n|-unboost|p2a: Polteageist|spd|1\n|-boost|p2a: Polteageist|atk|2\n|-boost|p2a: Polteageist|spa|2\n|-boost|p2a: Polteageist|spe|2\n|-enditem|p2a: Polteageist|White Herb\n|-clearnegativeboost|p2a: Polteageist|[silent]\n|\n|upkeep\n|turn|2\n|\n|t:|1699714451\n|move|p2a: Polteageist|Stored Power|p1a: Volcarona\n|-damage|p1a: Volcarona|28\/100\n|move|p1a: Volcarona|Fiery Dance|p2a: Polteageist\n|-damage|p2a: Polteageist|23\/100\n|-boost|p1a: Volcarona|spa|1\n|\n|upkeep\n|turn|3\n|\n|t:|1699714471\n|switch|p1a: Enamorus|Enamorus, F|100\/100\n|move|p2a: Polteageist|Stored Power|p1a: Enamorus\n|-damage|p1a: Enamorus|0 fnt\n|faint|p1a: Enamorus\n|\n|upkeep\n|\n|t:|1699714479\n|switch|p1a: Lopunny|Lopunny, F|100\/100\n|turn|4\n|c| Blazzeon|Chutap\n|inactiveoff|Battle timer is now OFF.\n|c|\u2606Poke_Gamer_Devil|2 min rukiyo\n|c|\u2606Andolic 47|Ok\n|j| Zeet Zoroark\n|c| Zeet Zoroark|Hemlo\n|c|\u2606Andolic 47|Hello\n|j| h1rsfr\n|c| Zeet Zoroark|Fake out killd right\n|c| Zeet Zoroark|?\n|c| h1rsfr|Hy\n|c|\u2606Andolic 47|Yes\n|c| h1rsfr|Good night\n|c| h1rsfr|Aap soye nai abhi tak\n|c| h1rsfr|Ab sojao\n|c| Blazzeon|Burn shant rha kar\n|c|\u2606Andolic 47|Ye devil mutke kab tak ayega\n|c|\u2606Poke_Gamer_Devil|Yo\n|c|\u2606Andolic 47|Yo\n|c| Zeet Zoroark|Red wala msg dikh rha tumlog ko kya?\n|\n|t:|1699714613\n|detailschange|p1a: Lopunny|Lopunny-Mega, F\n|-mega|p1a: Lopunny|Lopunny|Lopunnite\n|-terastallize|p2a: Polteageist|Steel\n|move|p1a: Lopunny|Fake Out|p2a: Polteageist\n|-resisted|p2a: Polteageist\n|-damage|p2a: Polteageist|4\/100\n|-ability|p2a: Polteageist|Weak Armor|boost\n|-unboost|p2a: Polteageist|def|1\n|-boost|p2a: Polteageist|spe|2\n|cant|p2a: Polteageist|flinch\n|\n|upkeep\n|turn|5\n|c| Blazzeon|Shit\n|c| h1rsfr|Good\n|c| Zeet Zoroark|Yes\n|\n|t:|1699714627\n|switch|p1a: Glimmora|Glimmora, M|100\/100\n|move|p2a: Polteageist|Strength Sap|p1a: Glimmora\n|-unboost|p1a: Glimmora|atk|1\n|-heal|p2a: Polteageist|48\/100\n|\n|upkeep\n|turn|6\n|c| Zeet Zoroark|I mean what?\n|\n|t:|1699714638\n|move|p2a: Polteageist|Stored Power|p1a: Glimmora\n|-supereffective|p1a: Glimmora\n|-damage|p1a: Glimmora|0 fnt\n|faint|p1a: Glimmora\n|\n|upkeep\n|\n|t:|1699714646\n|switch|p1a: Raichu|Raichu-Alola, F|100\/100\n|turn|7\n|\n|t:|1699714653\n|move|p2a: Polteageist|Stored Power|p1a: Raichu\n|-resisted|p1a: Raichu\n|-crit|p1a: Raichu\n|-enditem|p1a: Raichu|Focus Sash\n|-damage|p1a: Raichu|1\/100\n|move|p1a: Raichu|Thunderbolt|p2a: Polteageist\n|-damage|p2a: Polteageist|0 fnt\n|faint|p2a: Polteageist\n|\n|upkeep\n|c| h1rsfr|Wow\n|c| Zeet Zoroark|Crit!\n|c| Blazzeon|Hmm\n|c|\u2606Poke_Gamer_Devil|Ok\n|c| h1rsfr|Raichu without terrain?\n|\n|t:|1699714673\n|switch|p2a: Grimmsnarl|Grimmsnarl, M|100\/100\n|turn|8\n|\n|t:|1699714679\n|move|p2a: Grimmsnarl|Light Screen|p2a: Grimmsnarl\n|-sidestart|p2: Poke_Gamer_Devil|move: Light Screen\n|move|p1a: Raichu|Draining Kiss|p2a: Grimmsnarl\n|-supereffective|p2a: Grimmsnarl\n|-damage|p2a: Grimmsnarl|88\/100\n|-heal|p1a: Raichu|14\/100|[from] drain|[of] p2a: Grimmsnarl\n|\n|upkeep\n|turn|9\n|c| h1rsfr|Wow\n|c| Blazzeon|Bro\n|\n|t:|1699714686\n|move|p2a: Grimmsnarl|Parting Shot|p1a: Raichu\n|-unboost|p1a: Raichu|atk|1\n|-unboost|p1a: Raichu|spa|1\n|c| h1rsfr|Nice\n|c| Blazzeon|Draining kiss\n|c| Blazzeon|Tf\n|c| Zeet Zoroark|Bhak\n|c| h1rsfr|Mrjao\n|\n|t:|1699714693\n|switch|p2a: Kartana|Kartana|100\/100|[from] Parting Shot\n|move|p1a: Raichu|Draining Kiss|p2a: Kartana\n|-resisted|p2a: Kartana\n|-damage|p2a: Kartana|93\/100\n|-heal|p1a: Raichu|19\/100|[from] drain|[of] p2a: Kartana\n|\n|upkeep\n|turn|10\n|\n|t:|1699714707\n|move|p1a: Raichu|Thunderbolt|p2a: Kartana\n|-resisted|p2a: Kartana\n|-damage|p2a: Kartana|73\/100\n|move|p2a: Kartana|Leaf Blade|p1a: Raichu\n|-damage|p1a: Raichu|0 fnt\n|faint|p1a: Raichu\n|-ability|p2a: Kartana|Beast Boost|boost\n|-boost|p2a: Kartana|atk|1\n|\n|upkeep\n|c| Zeet Zoroark|S dance sweeps\n|c| Zeet Zoroark|I guess\n|\n|t:|1699714718\n|switch|p1a: Lopunny|Lopunny-Mega, F|100\/100\n|turn|11\n|c| Zeet Zoroark|Scarf set hai lol\n|c| Zeet Zoroark|Volcarona\n|c| h1rsfr|Rial\n|c| h1rsfr|Onehit h loppuny\n|c|\u2606Poke_Gamer_Devil|Sword dance hi he \ud83c\udf1a\n|c|\u2606Poke_Gamer_Devil|But kru kese uski team me sabki speed jaada he\n|c|\u2606Poke_Gamer_Devil|So why take extra dmg for nothing\n|\n|t:|1699714763\n|switch|p2a: Grimmsnarl|Grimmsnarl, M|88\/100\n|move|p1a: Lopunny|Fake Out|p2a: Grimmsnarl\n|-damage|p2a: Grimmsnarl|56\/100\n|\n|upkeep\n|turn|12\n|c| h1rsfr|Ok\n|c| h1rsfr|\u270a\n|\n|t:|1699714771\n|switch|p1a: Volcarona|Volcarona, M|28\/100\n|move|p2a: Grimmsnarl|Reflect|p2a: Grimmsnarl\n|-sidestart|p2: Poke_Gamer_Devil|Reflect\n|\n|upkeep\n|turn|13\n|c| Blazzeon|Because you're bla-\n|c| h1rsfr|Khtm\n|\n|t:|1699714777\n|move|p2a: Grimmsnarl|Taunt|p1a: Volcarona\n|-start|p1a: Volcarona|move: Taunt\n|cant|p1a: Volcarona|move: Taunt|Quiver Dance\n|\n|upkeep\n|turn|14\n|\n|t:|1699714782\n|move|p2a: Grimmsnarl|Parting Shot|p1a: Volcarona\n|-unboost|p1a: Volcarona|atk|1\n|-unboost|p1a: Volcarona|spa|1\n|c| h1rsfr|Lol\n|c| Zeet Zoroark|Gg\n|\n|t:|1699714803\n|switch|p2a: Charizard|Charizard, M|100\/100|[from] Parting Shot\n|move|p1a: Volcarona|Fiery Dance|p2a: Charizard\n|-resisted|p2a: Charizard\n|-damage|p2a: Charizard|90\/100\n|-boost|p1a: Volcarona|spa|1\n|\n|upkeep\n|turn|15\n|c| h1rsfr|Tru\n|\n|t:|1699714814\n|detailschange|p2a: Charizard|Charizard-Mega-Y, M\n|-mega|p2a: Charizard|Charizard|Charizardite Y\n|-weather|SunnyDay|[from] ability: Drought|[of] p2a: Charizard\n|move|p1a: Volcarona|Fiery Dance|p2a: Charizard\n|-resisted|p2a: Charizard\n|-damage|p2a: Charizard|75\/100\n|move|p2a: Charizard|Weather Ball|p1a: Volcarona\n|-damage|p1a: Volcarona|0 fnt\n|faint|p1a: Volcarona\n|\n|-weather|SunnyDay|[upkeep]\n|-sideend|p2: Poke_Gamer_Devil|move: Light Screen\n|upkeep\n|c| Blazzeon|Rs home away dono hd\n|c| Blazzeon|Hara*\n|c| h1rsfr|Lmao\n|c| Zeet Zoroark|Kya team building hai bhai yeah... Hyper Offensive bhi nhi bol skta\n|c| Blazzeon|Niggerpon kills it\n|c| h1rsfr|Lode lgadiye rs ke\n|c|\u2606Poke_Gamer_Devil|Wo bhi 2 baar\n|\n|t:|1699714839\n|switch|p1a: Ogerpon|Ogerpon-Wellspring, F|100\/100\n|turn|16\n|c|\u2606Poke_Gamer_Devil|\ud83c\udf1a\n|\n|t:|1699714846\n|-terastallize|p1a: Ogerpon|Water\n|detailschange|p1a: Ogerpon|Ogerpon-Wellspring-Tera, F, tera:Water\n|-ability|p1a: Ogerpon|Embody Aspect (Wellspring)|boost\n|-boost|p1a: Ogerpon|spd|1\n|move|p1a: Ogerpon|Ivy Cudgel|p2a: Charizard\n|-supereffective|p2a: Charizard\n|-damage|p2a: Charizard|19\/100\n|move|p2a: Charizard|Solar Beam||[still]\n|-prepare|p2a: Charizard|Solar Beam\n|-anim|p2a: Charizard|Solar Beam|p1a: Ogerpon\n|-supereffective|p1a: Ogerpon\n|-damage|p1a: Ogerpon|21\/100\n|\n|-weather|SunnyDay|[upkeep]\n|upkeep\n|turn|17\n|\n|t:|1699714860\n|move|p1a: Ogerpon|Ivy Cudgel|p2a: Charizard\n|-supereffective|p2a: Charizard\n|-damage|p2a: Charizard|0 fnt\n|faint|p2a: Charizard\n|\n|-weather|SunnyDay|[upkeep]\n|upkeep\n|c| Zeet Zoroark|Charizard ne aukaat dikha di\n|\n|t:|1699714869\n|switch|p2a: Cinderace|Cinderace, M|100\/100\n|turn|18\n|c| Blazzeon|Ye grimsnarl itna save krke use krta h bc\n|\n|t:|1699714877\n|move|p2a: Cinderace|Sucker Punch|p1a: Ogerpon\n|-start|p2a: Cinderace|typechange|Dark|[from] ability: Libero\n|-damage|p1a: Ogerpon|0 fnt\n|faint|p1a: Ogerpon\n|\n|-weather|SunnyDay|[upkeep]\n|upkeep\n|c| h1rsfr|Abhi devil bhi okat dikhayga\n|\n|t:|1699714884\n|switch|p1a: Lopunny|Lopunny-Mega, F|100\/100\n|turn|19\n|c| h1rsfr|Close combat mt mariyo\n|\n|t:|1699714904\n|switch|p2a: Kartana|Kartana|73\/100\n|move|p1a: Lopunny|Fake Out|p2a: Kartana\n|-resisted|p2a: Kartana\n|-crit|p2a: Kartana\n|-damage|p2a: Kartana|56\/100\n|\n|-weather|none\n|-sideend|p2: Poke_Gamer_Devil|Reflect\n|upkeep\n|turn|20\n|c| h1rsfr|Ab maar\n|\n|t:|1699714915\n|switch|p2a: Grimmsnarl|Grimmsnarl, M|56\/100\n|move|p1a: Lopunny|Close Combat|p2a: Grimmsnarl\n|-damage|p2a: Grimmsnarl|0 fnt\n|-unboost|p1a: Lopunny|def|1\n|-unboost|p1a: Lopunny|spd|1\n|faint|p2a: Grimmsnarl\n|\n|upkeep\n|c| Blazzeon|Hmm\n|c| Blazzeon|Grimsnarl ayga\n|c| h1rsfr|Wow\n|c| Blazzeon|Wtf\n|c| Blazzeon|Wait\n|c| Blazzeon|Bro\n|c| Blazzeon|Wait\n|c|\u2606Poke_Gamer_Devil|Aayein\n|c| Blazzeon|Tf happening\n|c| h1rsfr|I knew it\n|\n|t:|1699714933\n|switch|p2a: Kartana|Kartana|56\/100\n|turn|21\n|c| h1rsfr|Lmao bola tha\n|c| h1rsfr|Ab kr\n|c| Zeet Zoroark|Reflect ku na kiya c\n|c|\u2606Poke_Gamer_Devil|Ok\n|c| Zeet Zoroark|Bai kya\n|c| h1rsfr|Close combat\n|c|\u2606Poke_Gamer_Devil|Doesn't matter if i am losing\n|c|\u2606Poke_Gamer_Devil|\ud83c\udf1a\n|\n|t:|1699714957\n|move|p1a: Lopunny|Close Combat|p2a: Kartana\n|-supereffective|p2a: Kartana\n|-damage|p2a: Kartana|0 fnt\n|-unboost|p1a: Lopunny|def|1\n|-unboost|p1a: Lopunny|spd|1\n|faint|p2a: Kartana\n|\n|upkeep\n|c| Zeet Zoroark|Ceruledge focus sash hai\n|c| Blazzeon|This is heritage\n|\n|t:|1699714967\n|switch|p2a: Ceruledge|Ceruledge, M|100\/100\n|turn|22\n|c| h1rsfr|Bs ceruledge nikalde\n|c| Blazzeon|Fake out bhi ni krskta\n|c|\u2606Poke_Gamer_Devil|Zeet ko sab maalum\n|c|\u2606Poke_Gamer_Devil|\ud83d\ude02\ud83d\ude02\n|c| Blazzeon|Kya fayda\n|c| h1rsfr|Weakarmor h ispe\n|\n|t:|1699714996\n|switch|p2a: Cinderace|Cinderace, M|100\/100\n|move|p1a: Lopunny|Close Combat|p2a: Cinderace\n|-damage|p2a: Cinderace|5\/100\n|-unboost|p1a: Lopunny|def|1\n|-unboost|p1a: Lopunny|spd|1\n|\n|upkeep\n|turn|23\n|c| h1rsfr|Fayda no\n|c| Zeet Zoroark|Weak armor ke baad spd bhi badegi\n|\n|t:|1699715008\n|move|p1a: Lopunny|Fake Out||[still]\n|-hint|Fake Out only works on your first turn out.\n|-fail|p1a: Lopunny\n|move|p2a: Cinderace|Sucker Punch||[still]\n|-fail|p2a: Cinderace\n|\n|upkeep\n|turn|24\n|c| Blazzeon|Defense kam krra\n|c| h1rsfr|Weak armor solo krega\n|c| Zeet Zoroark|Wese tumlog thode ache sprites rkha karo\n|c| h1rsfr|Kya moves h rs ispe ?  Loppuny pe\n|\n|t:|1699715041\n|move|p1a: Lopunny|Fake Out||[still]\n|-hint|Fake Out only works on your first turn out.\n|-fail|p1a: Lopunny\n|move|p2a: Cinderace|Sucker Punch||[still]\n|-fail|p2a: Cinderace\n|\n|upkeep\n|turn|25\n|c| Blazzeon|Dard h rs k jeevan mai\n|c| Blazzeon|Dono bakchodi krre\n|c| h1rsfr|Rs kya bakchodi\n|c|\u2606Andolic 47|Ice punch\n|c| Zeet Zoroark|Sucker punch ka pp kam hai wese\n|c|\u2606Andolic 47|Play rougj\n|c| Zeet Zoroark|6\n|c| Blazzeon|Sed\n|c| h1rsfr|Wow\n|c|\u2606Poke_Gamer_Devil|Triple axel dedeta\n|c| h1rsfr|Ded\n|\n|t:|1699715101\n|move|p1a: Lopunny|Fake Out||[still]\n|-hint|Fake Out only works on your first turn out.\n|-fail|p1a: Lopunny\n|move|p2a: Cinderace|Sucker Punch||[still]\n|-fail|p2a: Cinderace\n|\n|upkeep\n|turn|26\n|c| Blazzeon|Bro\n|c| Zeet Zoroark|Brain games kar rhe dono\n|c| h1rsfr|Haa\n|c|\u2606Poke_Gamer_Devil|Last tk leke jaaunga\n|c| Zeet Zoroark|Op hai\n|\n|t:|1699715121\n|move|p1a: Lopunny|Fake Out||[still]\n|-hint|Fake Out only works on your first turn out.\n|-fail|p1a: Lopunny\n|move|p2a: Cinderace|Sucker Punch||[still]\n|-fail|p2a: Cinderace\n|\n|upkeep\n|turn|27\n|c| Blazzeon|Yhi krte rho\n|c|\u2606Poke_Gamer_Devil|Mja aata\n|c|\u2606Poke_Gamer_Devil|\ud83d\ude02\n|c| h1rsfr|Sucker punch wsste krva rha h taki damage na le ye\n|c| Zeet Zoroark|Are aur 3 hi sucker punch bache hai\n|\n|t:|1699715147\n|move|p1a: Lopunny|Fake Out||[still]\n|-hint|Fake Out only works on your first turn out.\n|-fail|p1a: Lopunny\n|move|p2a: Cinderace|High Jump Kick|p1a: Lopunny\n|-start|p2a: Cinderace|typechange|Fighting|[from] ability: Libero\n|-supereffective|p1a: Lopunny\n|-damage|p1a: Lopunny|0 fnt\n|faint|p1a: Lopunny\n|\n|win|Poke_Gamer_Devil\n|c|\u2606Poke_Gamer_Devil|Lol dekha hi naj\n|c| Blazzeon|Ok\n|c| Zeet Zoroark|Wah\n|l| Blazzeon\n|c|\u2606Andolic 47|Clost combat ke liye jane ki soch rha tha\n|l| Zeet Zoroark\n","uploadtime":1699715369,"views":8,"p1id":"andolic47","p2id":"pokegamerdevil","formatid":"gen9nationaldex","rating":0,"private":0,"password":""}