{"id":"gen9nationaldex-1999489439","p1":"Nomer16","p2":"baigu","format":"[Gen 9] National Dex","log":"|html|<div class=\"broadcast-blue\"><strong>[Gen 9] National Dex is currently suspecting Sneasler! For information on how to participate check out the <a href=\"https:\/\/www.smogon.com\/forums\/threads\/sv-national-dex-suspect-8-just-dance.3731534\/\">suspect thread<\/a>.<\/strong><\/div>\n|j|\u2606Nomer16\n|j|\u2606baigu\n|t:|1701088168\n|gametype|singles\n|player|p1|Nomer16|gentleman-gen4|1734\n|player|p2|baigu|266|1841\n|teamsize|p1|6\n|teamsize|p2|6\n|gen|9\n|tier|[Gen 9] National Dex\n|rated|\n|rule|HP Percentage Mod: HP is shown in percentages\n|rule|Endless Battle Clause: Forcing endless battles is banned\n|rule|OHKO Clause: OHKO moves are banned\n|rule|Evasion Clause: Evasion abilities, items, and moves are banned\n|rule|Evasion Abilities Clause: Evasion abilities are banned\n|rule|Evasion Items Clause: Evasion items are banned\n|rule|Evasion Moves Clause: Evasion moves are banned\n|rule|Species Clause: Limit one of each Pok\u00e9mon\n|rule|Sleep Clause Mod: Limit one foe put to sleep\n|clearpoke\n|poke|p1|Umbreon, F|\n|poke|p1|Volcarona, F|\n|poke|p1|Serperior, F|\n|poke|p1|Lopunny, M|\n|poke|p1|Corviknight, M|\n|poke|p1|Gliscor, M|\n|poke|p2|Ursaluna, F|\n|poke|p2|Slowking, M|\n|poke|p2|Corviknight, M|\n|poke|p2|Hoopa-Unbound|\n|poke|p2|Dragonite, F|\n|poke|p2|Tapu Koko|\n|teampreview\n|\n|t:|1701088185\n|start\n|switch|p1a: Bonnie|Lopunny, M|100\/100\n|switch|p2a: Tapu Koko|Tapu Koko|100\/100\n|-fieldstart|move: Electric Terrain|[from] ability: Electric Surge|[of] p2a: Tapu Koko\n|turn|1\n|\n|t:|1701088189\n|switch|p2a: Corviknight|Corviknight, M|100\/100\n|-ability|p2a: Corviknight|Pressure\n|detailschange|p1a: Bonnie|Lopunny-Mega, M\n|-mega|p1a: Bonnie|Lopunny|Lopunnite\n|move|p1a: Bonnie|Fake Out|p2a: Corviknight\n|-resisted|p2a: Corviknight\n|-damage|p2a: Corviknight|93\/100\n|-damage|p1a: Bonnie|84\/100|[from] item: Rocky Helmet|[of] p2a: Corviknight\n|\n|upkeep\n|turn|2\n|\n|t:|1701088197\n|switch|p1a: Silver|Corviknight, M|100\/100\n|-ability|p1a: Silver|Pressure\n|move|p2a: Corviknight|U-turn|p1a: Silver\n|-resisted|p1a: Silver\n|-damage|p1a: Silver|98\/100\n|-damage|p2a: Corviknight|77\/100|[from] item: Rocky Helmet|[of] p1a: Silver\n|\n|t:|1701088205\n|switch|p2a: Tapu Koko|Tapu Koko|100\/100|[from] U-turn\n|\n|upkeep\n|turn|3\n|\n|t:|1701088208\n|switch|p1a: Joker|Gliscor, M|100\/100\n|move|p2a: Tapu Koko|U-turn|p1a: Joker\n|-resisted|p1a: Joker\n|-damage|p1a: Joker|94\/100\n|\n|t:|1701088211\n|switch|p2a: \u718a\u5927|Ursaluna, F|100\/100|[from] U-turn\n|\n|-status|p1a: Joker|tox|[from] item: Toxic Orb\n|-status|p2a: \u718a\u5927|brn|[from] item: Flame Orb\n|upkeep\n|turn|4\n|\n|t:|1701088215\n|switch|p1a: Silver|Corviknight, M|98\/100\n|-ability|p1a: Silver|Pressure\n|move|p2a: \u718a\u5927|Fire Punch|p1a: Silver\n|-supereffective|p1a: Silver\n|-damage|p1a: Silver|46\/100\n|-damage|p2a: \u718a\u5927|84\/100 brn|[from] item: Rocky Helmet|[of] p1a: Silver\n|\n|-damage|p2a: \u718a\u5927|78\/100 brn|[from] brn\n|upkeep\n|turn|5\n|\n|t:|1701088220\n|move|p2a: \u718a\u5927|Fire Punch|p1a: Silver\n|-supereffective|p1a: Silver\n|-crit|p1a: Silver\n|-damage|p1a: Silver|0 fnt\n|-damage|p2a: \u718a\u5927|61\/100 brn|[from] item: Rocky Helmet|[of] p1a: Silver\n|faint|p1a: Silver\n|\n|-damage|p2a: \u718a\u5927|55\/100 brn|[from] brn\n|-fieldend|move: Electric Terrain\n|upkeep\n|\n|t:|1701088227\n|switch|p1a: Charlotte|Serperior, F|100\/100\n|turn|6\n|\n|t:|1701088231\n|switch|p2a: Dragonite|Dragonite, F|100\/100\n|move|p1a: Charlotte|Leaf Storm|p2a: Dragonite\n|-resisted|p2a: Dragonite\n|-damage|p2a: Dragonite|96\/100\n|-boost|p1a: Charlotte|spa|2\n|\n|upkeep\n|turn|7\n|\n|t:|1701088237\n|switch|p1a: Evangelyna|Umbreon, F|100\/100\n|move|p2a: Dragonite|Dual Wingbeat|p1a: Evangelyna\n|-damage|p1a: Evangelyna|79\/100\n|-damage|p1a: Evangelyna|57\/100\n|-hitcount|p1a: Evangelyna|2\n|\n|-heal|p1a: Evangelyna|63\/100|[from] item: Leftovers\n|upkeep\n|turn|8\n|\n|t:|1701088243\n|switch|p2a: Corviknight|Corviknight, M|77\/100\n|-ability|p2a: Corviknight|Pressure\n|move|p1a: Evangelyna|Wish|p1a: Evangelyna\n|\n|-heal|p1a: Evangelyna|69\/100|[from] item: Leftovers\n|upkeep\n|turn|9\n|j| NicksRokaya\n|\n|t:|1701088246\n|move|p2a: Corviknight|Roost|p2a: Corviknight\n|-heal|p2a: Corviknight|100\/100\n|-singleturn|p2a: Corviknight|move: Roost\n|move|p1a: Evangelyna|Foul Play|p2a: Corviknight\n|-damage|p2a: Corviknight|83\/100\n|-damage|p1a: Evangelyna|52\/100|[from] item: Rocky Helmet|[of] p2a: Corviknight\n|\n|-heal|p1a: Evangelyna|100\/100|[from] move: Wish|[wisher] Evangelyna\n|upkeep\n|turn|10\n|\n|t:|1701088250\n|move|p2a: Corviknight|U-turn|p1a: Evangelyna\n|-supereffective|p1a: Evangelyna\n|-damage|p1a: Evangelyna|82\/100\n|\n|t:|1701088256\n|switch|p2a: Slowking|Slowking, M|100\/100|[from] U-turn\n|move|p1a: Evangelyna|Toxic|p2a: Slowking\n|-status|p2a: Slowking|tox\n|\n|-heal|p1a: Evangelyna|88\/100|[from] item: Leftovers\n|-damage|p2a: Slowking|94\/100 tox|[from] psn\n|upkeep\n|turn|11\n|\n|t:|1701088264\n|move|p1a: Evangelyna|Foul Play|p2a: Slowking\n|-supereffective|p2a: Slowking\n|-damage|p2a: Slowking|50\/100 tox\n|move|p2a: Slowking|Teleport|p2a: Slowking\n|\n|t:|1701088270\n|switch|p2a: Hoopa|Hoopa-Unbound|100\/100|[from] Teleport\n|\n|-heal|p1a: Evangelyna|94\/100|[from] item: Leftovers\n|upkeep\n|turn|12\n|\n|t:|1701088274\n|-zpower|p2a: Hoopa\n|move|p2a: Hoopa|All-Out Pummeling|p1a: Evangelyna|[zeffect]\n|-supereffective|p1a: Evangelyna\n|-damage|p1a: Evangelyna|0 fnt\n|faint|p1a: Evangelyna\n|\n|upkeep\n|\n|t:|1701088276\n|switch|p1a: Sunny|Volcarona, F|100\/100\n|turn|13\n|j| hainiumm\n|\n|t:|1701088281\n|switch|p2a: Dragonite|Dragonite, F|96\/100\n|move|p1a: Sunny|Bug Buzz|p2a: Dragonite\n|-resisted|p2a: Dragonite\n|-damage|p2a: Dragonite|73\/100\n|\n|upkeep\n|turn|14\n|\n|t:|1701088284\n|switch|p1a: Joker|Gliscor, M|94\/100 tox\n|move|p2a: Dragonite|Dual Wingbeat|p1a: Joker|[miss]\n|-miss|p2a: Dragonite|p1a: Joker\n|\n|-heal|p1a: Joker|100\/100 tox|[from] ability: Poison Heal\n|upkeep\n|turn|15\n|\n|t:|1701088291\n|switch|p2a: Corviknight|Corviknight, M|83\/100\n|-ability|p2a: Corviknight|Pressure\n|move|p1a: Joker|Toxic|p2a: Corviknight\n|-immune|p2a: Corviknight\n|\n|upkeep\n|turn|16\n|\n|t:|1701088293\n|switch|p1a: Sunny|Volcarona, F|100\/100\n|move|p2a: Corviknight|U-turn|p1a: Sunny\n|-resisted|p1a: Sunny\n|-damage|p1a: Sunny|89\/100\n|\n|t:|1701088300\n|switch|p2a: Dragonite|Dragonite, F|73\/100|[from] U-turn\n|\n|upkeep\n|turn|17\n|\n|t:|1701088303\n|switch|p1a: Joker|Gliscor, M|100\/100 tox\n|move|p2a: Dragonite|Dual Wingbeat|p1a: Joker\n|-crit|p1a: Joker\n|-damage|p1a: Joker|56\/100 tox\n|-damage|p1a: Joker|25\/100 tox\n|-hitcount|p1a: Joker|2\n|\n|-heal|p1a: Joker|38\/100 tox|[from] ability: Poison Heal\n|upkeep\n|turn|18\n|\n|t:|1701088309\n|move|p2a: Dragonite|Dual Wingbeat|p1a: Joker|[miss]\n|-miss|p2a: Dragonite|p1a: Joker\n|move|p1a: Joker|Roost|p1a: Joker\n|-heal|p1a: Joker|88\/100 tox\n|-singleturn|p1a: Joker|move: Roost\n|\n|-heal|p1a: Joker|99\/100 tox|[from] ability: Poison Heal\n|upkeep\n|turn|19\n|\n|t:|1701088314\n|switch|p2a: Corviknight|Corviknight, M|83\/100\n|-ability|p2a: Corviknight|Pressure\n|switch|p1a: Sunny|Volcarona, F|89\/100\n|\n|upkeep\n|turn|20\n|\n|t:|1701088321\n|switch|p2a: Dragonite|Dragonite, F|73\/100\n|move|p1a: Sunny|Flamethrower|p2a: Dragonite\n|-resisted|p2a: Dragonite\n|-damage|p2a: Dragonite|48\/100\n|\n|upkeep\n|turn|21\n|\n|t:|1701088325\n|switch|p1a: Joker|Gliscor, M|99\/100 tox\n|move|p2a: Dragonite|Dual Wingbeat|p1a: Joker\n|-damage|p1a: Joker|70\/100 tox\n|-damage|p1a: Joker|42\/100 tox\n|-hitcount|p1a: Joker|2\n|\n|-heal|p1a: Joker|55\/100 tox|[from] ability: Poison Heal\n|upkeep\n|turn|22\n|\n|t:|1701088332\n|move|p2a: Dragonite|Dual Wingbeat|p1a: Joker\n|-damage|p1a: Joker|27\/100 tox\n|-damage|p1a: Joker|0 fnt\n|faint|p1a: Joker\n|-hitcount|p1: Joker|2\n|\n|upkeep\n|\n|t:|1701088336\n|switch|p1a: Bonnie|Lopunny-Mega, M|84\/100\n|turn|23\n|\n|t:|1701088339\n|switch|p2a: Corviknight|Corviknight, M|83\/100\n|-ability|p2a: Corviknight|Pressure\n|move|p1a: Bonnie|Close Combat|p2a: Corviknight\n|-damage|p2a: Corviknight|45\/100\n|-unboost|p1a: Bonnie|def|1\n|-unboost|p1a: Bonnie|spd|1\n|-damage|p1a: Bonnie|67\/100|[from] item: Rocky Helmet|[of] p2a: Corviknight\n|\n|upkeep\n|turn|24\n|\n|t:|1701088351\n|switch|p1a: Sunny|Volcarona, F|89\/100\n|move|p2a: Corviknight|U-turn|p1a: Sunny\n|-resisted|p1a: Sunny\n|-damage|p1a: Sunny|78\/100\n|\n|t:|1701088354\n|switch|p2a: Tapu Koko|Tapu Koko|100\/100|[from] U-turn\n|-fieldstart|move: Electric Terrain|[from] ability: Electric Surge|[of] p2a: Tapu Koko\n|\n|upkeep\n|turn|25\n|\n|t:|1701088360\n|-terastallize|p1a: Sunny|Ground\n|move|p2a: Tapu Koko|Volt Switch|p1a: Sunny\n|-immune|p1a: Sunny\n|move|p1a: Sunny|Quiver Dance|p1a: Sunny\n|-boost|p1a: Sunny|spa|1\n|-boost|p1a: Sunny|spd|1\n|-boost|p1a: Sunny|spe|1\n|\n|upkeep\n|turn|26\n|\n|t:|1701088367\n|switch|p2a: Hoopa|Hoopa-Unbound|100\/100\n|move|p1a: Sunny|Tera Blast|p2a: Hoopa|[anim] Tera Blast Ground\n|-damage|p2a: Hoopa|41\/100\n|\n|upkeep\n|turn|27\n|\n|t:|1701088370\n|move|p1a: Sunny|Flamethrower|p2a: Hoopa\n|-damage|p2a: Hoopa|0 fnt\n|faint|p2a: Hoopa\n|\n|upkeep\n|\n|t:|1701088378\n|switch|p2a: Slowking|Slowking, M|83\/100 tox\n|turn|28\n|\n|t:|1701088386\n|switch|p2a: Corviknight|Corviknight, M|45\/100\n|-ability|p2a: Corviknight|Pressure\n|move|p1a: Sunny|Bug Buzz|p2a: Corviknight\n|-resisted|p2a: Corviknight\n|-damage|p2a: Corviknight|28\/100\n|-unboost|p2a: Corviknight|spd|1\n|\n|-fieldend|move: Electric Terrain\n|upkeep\n|turn|29\n|\n|t:|1701088389\n|move|p1a: Sunny|Flamethrower|p2a: Corviknight\n|-supereffective|p2a: Corviknight\n|-damage|p2a: Corviknight|0 fnt\n|faint|p2a: Corviknight\n|\n|upkeep\n|\n|t:|1701088392\n|switch|p2a: Slowking|Slowking, M|100\/100 tox\n|turn|30\n|\n|t:|1701088394\n|move|p1a: Sunny|Bug Buzz|p2a: Slowking\n|-supereffective|p2a: Slowking\n|-damage|p2a: Slowking|21\/100 tox\n|move|p2a: Slowking|Trick Room|p2a: Slowking\n|-fieldstart|move: Trick Room|[of] p2a: Slowking\n|\n|-damage|p2a: Slowking|15\/100 tox|[from] psn\n|upkeep\n|turn|31\n|\n|t:|1701088398\n|move|p1a: Sunny|Flamethrower|p2a: Slowking\n|-resisted|p2a: Slowking\n|-damage|p2a: Slowking|0 fnt\n|faint|p2a: Slowking\n|\n|upkeep\n|\n|t:|1701088399\n|switch|p2a: \u718a\u5927|Ursaluna, F|55\/100 brn\n|turn|32\n|\n|t:|1701088402\n|move|p2a: \u718a\u5927|Facade|p1a: Sunny\n|-damage|p1a: Sunny|0 fnt\n|faint|p1a: Sunny\n|\n|-damage|p2a: \u718a\u5927|49\/100 brn|[from] brn\n|upkeep\n|\n|t:|1701088405\n|switch|p1a: Bonnie|Lopunny-Mega, M|67\/100\n|turn|33\n|\n|t:|1701088407\n|move|p1a: Bonnie|Fake Out|p2a: \u718a\u5927\n|-damage|p2a: \u718a\u5927|33\/100 brn\n|cant|p2a: \u718a\u5927|flinch\n|\n|-damage|p2a: \u718a\u5927|27\/100 brn|[from] brn\n|upkeep\n|turn|34\n|\n|t:|1701088418\n|move|p2a: \u718a\u5927|Facade|p1a: Bonnie\n|-damage|p1a: Bonnie|0 fnt\n|faint|p1a: Bonnie\n|\n|-damage|p2a: \u718a\u5927|21\/100 brn|[from] brn\n|-fieldend|move: Trick Room\n|upkeep\n|\n|t:|1701088420\n|switch|p1a: Charlotte|Serperior, F|100\/100\n|turn|35\n|j| sleepbodypressing\n|\n|t:|1701088422\n|move|p1a: Charlotte|Leaf Storm|p2a: \u718a\u5927|[miss]\n|-miss|p1a: Charlotte|p2a: \u718a\u5927\n|move|p2a: \u718a\u5927|Facade|p1a: Charlotte\n|-damage|p1a: Charlotte|0 fnt\n|faint|p1a: Charlotte\n|\n|win|baigu\n|raw|Nomer16's rating: 1734 &rarr; <strong>1720<\/strong><br \/>(-14 for losing)\n|raw|baigu's rating: 1841 &rarr; <strong>1855<\/strong><br \/>(+14 for winning)\n|l|\u2606Nomer16\n","uploadtime":1701088425,"views":5,"p1id":"nomer16","p2id":"baigu","formatid":"gen9nationaldex","rating":1720,"private":0,"password":""}