{"id":"gen9nationaldex-1994558513","p1":"akadora","p2":"RegiSauce","format":"[Gen 9] National Dex","log":"|html|<div class=\"broadcast-blue\"><strong>[Gen 9] National Dex is currently suspecting Sneasler! For information on how to participate check out the <a href=\"https:\/\/www.smogon.com\/forums\/threads\/sv-national-dex-suspect-8-just-dance.3731534\/\">suspect thread<\/a>.<\/strong><\/div>\n|j|\u2606akadora\n|j|\u2606RegiSauce\n|t:|1700459661\n|gametype|singles\n|player|p1|akadora|265|1543\n|player|p2|RegiSauce|shadowtriad|1436\n|teamsize|p1|6\n|teamsize|p2|6\n|gen|9\n|tier|[Gen 9] National Dex\n|rated|\n|rule|HP Percentage Mod: HP is shown in percentages\n|rule|Endless Battle Clause: Forcing endless battles is banned\n|rule|OHKO Clause: OHKO moves are banned\n|rule|Evasion Clause: Evasion abilities, items, and moves are banned\n|rule|Evasion Abilities Clause: Evasion abilities are banned\n|rule|Evasion Items Clause: Evasion items are banned\n|rule|Evasion Moves Clause: Evasion moves are banned\n|rule|Species Clause: Limit one of each Pok\u00e9mon\n|rule|Sleep Clause Mod: Limit one foe put to sleep\n|clearpoke\n|poke|p1|Clefable, F|\n|poke|p1|Gliscor, F|\n|poke|p1|Sableye, M|\n|poke|p1|Dondozo, F|\n|poke|p1|Clodsire, M|\n|poke|p1|Mandibuzz, F|\n|poke|p2|Tyranitar, M|\n|poke|p2|Togekiss, F|\n|poke|p2|Zeraora|\n|poke|p2|Banette, F|\n|poke|p2|Tsareena, F|\n|poke|p2|Inteleon, F|\n|teampreview\n|inactive|Battle timer is ON: inactive players will automatically lose when time's up. (requested by RegiSauce)\n|\n|t:|1700459685\n|start\n|switch|p1a: Clefable|Clefable, F|100\/100\n|switch|p2a: Jarate|Inteleon, F|100\/100\n|turn|1\n|\n|t:|1700459697\n|switch|p1a: Clodsire|Clodsire, M|100\/100\n|move|p2a: Jarate|Snipe Shot|p1a: Clodsire\n|-immune|p1a: Clodsire|[from] ability: Water Absorb\n|\n|upkeep\n|turn|2\n|\n|t:|1700459703\n|move|p2a: Jarate|Ice Beam|p1a: Clodsire\n|-supereffective|p1a: Clodsire\n|-damage|p1a: Clodsire|67\/100\n|move|p1a: Clodsire|Toxic|p2a: Jarate\n|-status|p2a: Jarate|tox\n|\n|-damage|p2a: Jarate|94\/100 tox|[from] psn\n|upkeep\n|turn|3\n|\n|t:|1700459715\n|switch|p2a: Summer Sky|Togekiss, F|100\/100\n|move|p1a: Clodsire|Recover|p1a: Clodsire\n|-heal|p1a: Clodsire|100\/100\n|\n|upkeep\n|turn|4\n|inactive|RegiSauce has 120 seconds left.\n|inactive|RegiSauce has 90 seconds left.\n|\n|t:|1700459778\n|switch|p1a: Clefable|Clefable, F|100\/100\n|move|p2a: Summer Sky|Air Slash|p1a: Clefable\n|-damage|p1a: Clefable|65\/100\n|\n|upkeep\n|turn|5\n|\n|t:|1700459788\n|move|p2a: Summer Sky|Thunder Wave|p1a: Clefable\n|-status|p1a: Clefable|par\n|cant|p1a: Clefable|par\n|\n|upkeep\n|turn|6\n|\n|t:|1700459795\n|switch|p1a: Gliscor|Gliscor, F|100\/100\n|move|p2a: Summer Sky|Air Slash|p1a: Gliscor\n|-damage|p1a: Gliscor|67\/100\n|\n|-status|p1a: Gliscor|tox|[from] item: Toxic Orb\n|upkeep\n|turn|7\n|\n|t:|1700459803\n|move|p1a: Gliscor|Protect|p1a: Gliscor\n|-singleturn|p1a: Gliscor|Protect\n|move|p2a: Summer Sky|Air Slash|p1a: Gliscor\n|-activate|p1a: Gliscor|move: Protect\n|\n|-heal|p1a: Gliscor|79\/100 tox|[from] ability: Poison Heal\n|upkeep\n|turn|8\n|\n|t:|1700459812\n|move|p1a: Gliscor|Toxic|p2a: Summer Sky\n|-status|p2a: Summer Sky|tox\n|move|p2a: Summer Sky|Air Slash|p1a: Gliscor\n|-damage|p1a: Gliscor|47\/100 tox\n|\n|-heal|p1a: Gliscor|59\/100 tox|[from] ability: Poison Heal\n|-damage|p2a: Summer Sky|94\/100 tox|[from] psn\n|upkeep\n|turn|9\n|\n|t:|1700459822\n|move|p1a: Gliscor|Protect|p1a: Gliscor\n|-singleturn|p1a: Gliscor|Protect\n|move|p2a: Summer Sky|Heal Bell|p2a: Summer Sky\n|-activate|p2a: Summer Sky|move: Heal Bell\n|-curestatus|p2a: Summer Sky|tox|[msg]\n|-curestatus|p2: Jarate|tox|[msg]\n|\n|-heal|p2a: Summer Sky|100\/100|[from] item: Leftovers\n|-heal|p1a: Gliscor|71\/100 tox|[from] ability: Poison Heal\n|upkeep\n|turn|10\n|\n|t:|1700459847\n|switch|p1a: Clodsire|Clodsire, M|100\/100\n|switch|p2a: Jarate|Inteleon, F|94\/100\n|\n|upkeep\n|turn|11\n|\n|t:|1700459855\n|move|p2a: Jarate|Ice Beam|p1a: Clodsire\n|-supereffective|p1a: Clodsire\n|-damage|p1a: Clodsire|71\/100\n|move|p1a: Clodsire|Toxic|p2a: Jarate\n|-status|p2a: Jarate|tox\n|\n|-damage|p2a: Jarate|88\/100 tox|[from] psn\n|upkeep\n|turn|12\n|inactive|akadora has 120 seconds left.\n|\n|t:|1700459876\n|switch|p2a: Sin|Banette, F|100\/100\n|-item|p1a: Clodsire|Heavy-Duty Boots|[from] ability: Frisk|[of] p2a: Sin|[identify]\n|move|p1a: Clodsire|Recover|p1a: Clodsire\n|-heal|p1a: Clodsire|100\/100\n|\n|upkeep\n|turn|13\n|\n|t:|1700459884\n|switch|p1a: Mandibuzz|Mandibuzz, F|100\/100\n|detailschange|p2a: Sin|Banette-Mega, F\n|-mega|p2a: Sin|Banette|Banettite\n|move|p2a: Sin|Taunt|p1a: Mandibuzz\n|-hint|Since gen 7, Dark is immune to Prankster moves.\n|-immune|p1a: Mandibuzz\n|\n|upkeep\n|turn|14\n|\n|t:|1700459894\n|move|p2a: Sin|Destiny Bond|p2a: Sin\n|-singlemove|p2a: Sin|Destiny Bond\n|move|p1a: Mandibuzz|Foul Play|p2a: Sin\n|-supereffective|p2a: Sin\n|-damage|p2a: Sin|0 fnt\n|faint|p2a: Sin\n|-activate|p2a: Sin|move: Destiny Bond\n|faint|p1a: Mandibuzz\n|\n|upkeep\n|\n|t:|1700459906\n|switch|p1a: Sableye|Sableye, M|100\/100\n|switch|p2a: Pear|Tyranitar, M|100\/100\n|-weather|Sandstorm|[from] ability: Sand Stream|[of] p2a: Pear\n|turn|15\n|\n|t:|1700459913\n|move|p1a: Sableye|Will-O-Wisp|p2a: Pear\n|-hint|Since gen 7, Dark is immune to Prankster moves.\n|-immune|p2a: Pear\n|move|p2a: Pear|Rock Slide|p1a: Sableye\n|-damage|p1a: Sableye|43\/100\n|\n|-weather|Sandstorm|[upkeep]\n|-damage|p1a: Sableye|37\/100|[from] Sandstorm\n|upkeep\n|turn|16\n|\n|t:|1700459925\n|switch|p1a: Dondozo|Dondozo, F|100\/100\n|move|p2a: Pear|Rock Slide|p1a: Dondozo\n|-damage|p1a: Dondozo|81\/100\n|\n|-weather|Sandstorm|[upkeep]\n|-damage|p1a: Dondozo|75\/100|[from] Sandstorm\n|upkeep\n|turn|17\n|\n|t:|1700459938\n|switch|p2a: Tsareena|Tsareena, F|100\/100\n|move|p1a: Dondozo|Curse|p1a: Dondozo\n|-unboost|p1a: Dondozo|spe|1\n|-boost|p1a: Dondozo|atk|1\n|-boost|p1a: Dondozo|def|1\n|\n|-weather|Sandstorm|[upkeep]\n|-damage|p2a: Tsareena|94\/100|[from] Sandstorm\n|-damage|p1a: Dondozo|69\/100|[from] Sandstorm\n|upkeep\n|turn|18\n|\n|t:|1700459952\n|-terastallize|p1a: Dondozo|Grass\n|move|p2a: Tsareena|Power Whip|p1a: Dondozo\n|-resisted|p1a: Dondozo\n|-damage|p1a: Dondozo|59\/100\n|move|p1a: Dondozo|Curse|p1a: Dondozo\n|-unboost|p1a: Dondozo|spe|1\n|-boost|p1a: Dondozo|atk|1\n|-boost|p1a: Dondozo|def|1\n|\n|-weather|Sandstorm|[upkeep]\n|-damage|p2a: Tsareena|88\/100|[from] Sandstorm\n|-damage|p1a: Dondozo|53\/100|[from] Sandstorm\n|upkeep\n|turn|19\n|\n|t:|1700459965\n|move|p2a: Tsareena|Triple Axel|p1a: Dondozo\n|-supereffective|p1a: Dondozo\n|-damage|p1a: Dondozo|49\/100\n|-supereffective|p1a: Dondozo\n|-crit|p1a: Dondozo\n|-damage|p1a: Dondozo|30\/100\n|-supereffective|p1a: Dondozo\n|-damage|p1a: Dondozo|21\/100\n|-hitcount|p1a: Dondozo|3\n|move|p1a: Dondozo|Rest|p1a: Dondozo\n|-status|p1a: Dondozo|slp|[from] move: Rest\n|-heal|p1a: Dondozo|100\/100 slp|[silent]\n|\n|-weather|none\n|upkeep\n|turn|20\n|\n|t:|1700459978\n|switch|p2a: Summer Sky|Togekiss, F|100\/100\n|cant|p1a: Dondozo|slp\n|move|p1a: Dondozo|Sleep Talk|p1a: Dondozo\n|move|p1a: Dondozo|Liquidation|p2a: Summer Sky|[from]move: Sleep Talk\n|-damage|p2a: Summer Sky|40\/100\n|\n|-heal|p2a: Summer Sky|46\/100|[from] item: Leftovers\n|upkeep\n|turn|21\n|\n|t:|1700459998\n|switch|p1a: Clodsire|Clodsire, M|100\/100\n|move|p2a: Summer Sky|Air Slash|p1a: Clodsire\n|-damage|p1a: Clodsire|80\/100\n|\n|-heal|p2a: Summer Sky|52\/100|[from] item: Leftovers\n|upkeep\n|turn|22\n|\n|t:|1700460007\n|move|p2a: Summer Sky|Air Slash|p1a: Clodsire\n|-damage|p1a: Clodsire|57\/100\n|cant|p1a: Clodsire|flinch\n|\n|-heal|p2a: Summer Sky|58\/100|[from] item: Leftovers\n|upkeep\n|turn|23\n|\n|t:|1700460015\n|move|p2a: Summer Sky|Air Slash|p1a: Clodsire\n|-damage|p1a: Clodsire|37\/100\n|cant|p1a: Clodsire|flinch\n|\n|-heal|p2a: Summer Sky|64\/100|[from] item: Leftovers\n|upkeep\n|turn|24\n|\n|t:|1700460022\n|move|p2a: Summer Sky|Air Slash|p1a: Clodsire\n|-damage|p1a: Clodsire|14\/100\n|move|p1a: Clodsire|Recover|p1a: Clodsire\n|-heal|p1a: Clodsire|64\/100\n|\n|-heal|p2a: Summer Sky|70\/100|[from] item: Leftovers\n|upkeep\n|turn|25\n|\n|t:|1700460030\n|move|p2a: Summer Sky|Air Slash|p1a: Clodsire\n|-damage|p1a: Clodsire|43\/100\n|move|p1a: Clodsire|Recover|p1a: Clodsire\n|-heal|p1a: Clodsire|93\/100\n|\n|-heal|p2a: Summer Sky|76\/100|[from] item: Leftovers\n|upkeep\n|turn|26\n|\n|t:|1700460038\n|move|p2a: Summer Sky|Air Slash|p1a: Clodsire\n|-damage|p1a: Clodsire|72\/100\n|cant|p1a: Clodsire|flinch\n|\n|-heal|p2a: Summer Sky|83\/100|[from] item: Leftovers\n|upkeep\n|turn|27\n|\n|t:|1700460045\n|move|p2a: Summer Sky|Air Slash|p1a: Clodsire\n|-damage|p1a: Clodsire|49\/100\n|move|p1a: Clodsire|Toxic|p2a: Summer Sky\n|-status|p2a: Summer Sky|tox\n|\n|-heal|p2a: Summer Sky|89\/100 tox|[from] item: Leftovers\n|-damage|p2a: Summer Sky|83\/100 tox|[from] psn\n|upkeep\n|turn|28\n|\n|t:|1700460073\n|move|p2a: Summer Sky|Air Slash|p1a: Clodsire\n|-damage|p1a: Clodsire|27\/100\n|cant|p1a: Clodsire|flinch\n|\n|-heal|p2a: Summer Sky|89\/100 tox|[from] item: Leftovers\n|-damage|p2a: Summer Sky|76\/100 tox|[from] psn\n|upkeep\n|turn|29\n|\n|t:|1700460081\n|move|p2a: Summer Sky|Air Slash|p1a: Clodsire\n|-damage|p1a: Clodsire|5\/100\n|move|p1a: Clodsire|Recover|p1a: Clodsire\n|-heal|p1a: Clodsire|56\/100\n|\n|-heal|p2a: Summer Sky|83\/100 tox|[from] item: Leftovers\n|-damage|p2a: Summer Sky|64\/100 tox|[from] psn\n|upkeep\n|turn|30\n|\n|t:|1700460093\n|move|p2a: Summer Sky|Heal Bell|p2a: Summer Sky\n|-activate|p2a: Summer Sky|move: Heal Bell\n|-curestatus|p2a: Summer Sky|tox|[msg]\n|-curestatus|p2: Jarate|tox|[msg]\n|move|p1a: Clodsire|Recover|p1a: Clodsire\n|-heal|p1a: Clodsire|100\/100\n|\n|-heal|p2a: Summer Sky|70\/100|[from] item: Leftovers\n|upkeep\n|turn|31\n|\n|t:|1700460103\n|move|p2a: Summer Sky|Air Slash|p1a: Clodsire\n|-damage|p1a: Clodsire|78\/100\n|move|p1a: Clodsire|Toxic|p2a: Summer Sky\n|-status|p2a: Summer Sky|tox\n|\n|-heal|p2a: Summer Sky|76\/100 tox|[from] item: Leftovers\n|-damage|p2a: Summer Sky|70\/100 tox|[from] psn\n|upkeep\n|turn|32\n|\n|t:|1700460114\n|switch|p2a: Tsareena|Tsareena, F|88\/100\n|switch|p1a: Sableye|Sableye, M|37\/100\n|\n|upkeep\n|turn|33\n|\n|t:|1700460120\n|switch|p2a: Pear|Tyranitar, M|100\/100\n|-weather|Sandstorm|[from] ability: Sand Stream|[of] p2a: Pear\n|move|p1a: Sableye|Will-O-Wisp|p2a: Pear\n|-hint|Since gen 7, Dark is immune to Prankster moves.\n|-immune|p2a: Pear\n|\n|-weather|Sandstorm|[upkeep]\n|-damage|p1a: Sableye|31\/100|[from] Sandstorm\n|upkeep\n|turn|34\n|\n|t:|1700460132\n|move|p1a: Sableye|Recover|p1a: Sableye\n|-heal|p1a: Sableye|81\/100\n|move|p2a: Pear|Pursuit|p1a: Sableye\n|-damage|p1a: Sableye|44\/100\n|\n|-weather|Sandstorm|[upkeep]\n|-damage|p1a: Sableye|38\/100|[from] Sandstorm\n|upkeep\n|turn|35\n|\n|t:|1700460141\n|move|p1a: Sableye|Recover|p1a: Sableye\n|-heal|p1a: Sableye|89\/100\n|move|p2a: Pear|Pursuit|p1a: Sableye\n|-damage|p1a: Sableye|49\/100\n|\n|-weather|Sandstorm|[upkeep]\n|-damage|p1a: Sableye|43\/100|[from] Sandstorm\n|upkeep\n|turn|36\n|\n|t:|1700460149\n|move|p1a: Sableye|Recover|p1a: Sableye\n|-heal|p1a: Sableye|93\/100\n|move|p2a: Pear|Stealth Rock|p1a: Sableye\n|-sidestart|p1: akadora|move: Stealth Rock\n|\n|-weather|Sandstorm|[upkeep]\n|-damage|p1a: Sableye|87\/100|[from] Sandstorm\n|upkeep\n|turn|37\n|\n|t:|1700460158\n|move|p1a: Sableye|Protect|p1a: Sableye\n|-singleturn|p1a: Sableye|Protect\n|move|p2a: Pear|Earthquake|p1a: Sableye\n|-activate|p1a: Sableye|move: Protect\n|\n|-weather|none\n|upkeep\n|turn|38\n|\n|t:|1700460167\n|move|p2a: Pear|Pursuit|p1a: Sableye\n|-crit|p1a: Sableye\n|-damage|p1a: Sableye|33\/100\n|move|p1a: Sableye|Knock Off|p2a: Pear\n|-resisted|p2a: Pear\n|-damage|p2a: Pear|90\/100\n|-enditem|p2a: Pear|Black Glasses|[from] move: Knock Off|[of] p1a: Sableye\n|\n|upkeep\n|turn|39\n|\n|t:|1700460176\n|move|p1a: Sableye|Recover|p1a: Sableye\n|-heal|p1a: Sableye|83\/100\n|move|p2a: Pear|Rock Slide|p1a: Sableye\n|-damage|p1a: Sableye|23\/100\n|\n|upkeep\n|turn|40\n|\n|t:|1700460183\n|move|p1a: Sableye|Recover|p1a: Sableye\n|-heal|p1a: Sableye|73\/100\n|move|p2a: Pear|Pursuit|p1a: Sableye\n|-damage|p1a: Sableye|43\/100\n|\n|upkeep\n|turn|41\n|\n|t:|1700460190\n|switch|p1a: Clefable|Clefable, F|65\/100 par\n|move|p2a: Pear|Rock Slide|p1a: Clefable\n|-damage|p1a: Clefable|30\/100 par\n|\n|upkeep\n|turn|42\n|\n|t:|1700460199\n|move|p2a: Pear|Rock Slide|p1a: Clefable\n|-crit|p1a: Clefable\n|-damage|p1a: Clefable|0 fnt\n|faint|p1a: Clefable\n|\n|upkeep\n|\n|t:|1700460206\n|switch|p1a: Gliscor|Gliscor, F|71\/100 tox\n|-damage|p1a: Gliscor|59\/100 tox|[from] Stealth Rock\n|turn|43\n|\n|t:|1700460216\n|switch|p2a: Summer Sky|Togekiss, F|70\/100 tox\n|move|p1a: Gliscor|Earthquake|p2a: Summer Sky\n|-immune|p2a: Summer Sky\n|\n|-heal|p2a: Summer Sky|76\/100 tox|[from] item: Leftovers\n|-heal|p1a: Gliscor|71\/100 tox|[from] ability: Poison Heal\n|-damage|p2a: Summer Sky|70\/100 tox|[from] psn\n|upkeep\n|turn|44\n|-message|akadora forfeited.\n|\n|win|RegiSauce\n|raw|akadora's rating: 1543 &rarr; <strong>1517<\/strong><br \/>(-26 for losing)\n|raw|RegiSauce's rating: 1436 &rarr; <strong>1462<\/strong><br \/>(+26 for winning)\n|l|\u2606akadora\n","uploadtime":1700460232,"views":10,"p1id":"akadora","p2id":"regisauce","formatid":"gen9nationaldex","rating":1462,"private":0,"password":""}