{"id":"gen9nationaldex-1995996520","p1":"terrysalt","p2":"TyrAlexander","format":"[Gen 9] National Dex","log":"|html|<div class=\"broadcast-blue\"><strong>[Gen 9] National Dex is currently suspecting Sneasler! For information on how to participate check out the <a href=\"https:\/\/www.smogon.com\/forums\/threads\/sv-national-dex-suspect-8-just-dance.3731534\/\">suspect thread<\/a>.<\/strong><\/div>\n|j|\u2606terrysalt\n|j|\u2606TyrAlexander\n|t:|1700626971\n|gametype|singles\n|player|p1|terrysalt|265|\n|player|p2|TyrAlexander|101|\n|teamsize|p1|6\n|teamsize|p2|6\n|gen|9\n|tier|[Gen 9] National Dex\n|rule|HP Percentage Mod: HP is shown in percentages\n|rule|Endless Battle Clause: Forcing endless battles is banned\n|rule|OHKO Clause: OHKO moves are banned\n|rule|Evasion Clause: Evasion abilities, items, and moves are banned\n|rule|Evasion Abilities Clause: Evasion abilities are banned\n|rule|Evasion Items Clause: Evasion items are banned\n|rule|Evasion Moves Clause: Evasion moves are banned\n|rule|Species Clause: Limit one of each Pok\u00e9mon\n|rule|Sleep Clause Mod: Limit one foe put to sleep\n|clearpoke\n|poke|p1|Tangela, M|\n|poke|p1|Sylveon, M|\n|poke|p1|Copperajah, M|\n|poke|p1|Duraludon, F|\n|poke|p1|Silvally-*|\n|poke|p1|Salazzle, F|\n|poke|p2|Slowking-Galar, F|\n|poke|p2|Tapu Bulu|\n|poke|p2|Seismitoad, F|\n|poke|p2|Zapdos-Galar|\n|poke|p2|Aggron, M|\n|poke|p2|Volcarona, F|\n|teampreview\n|\n|t:|1700626986\n|start\n|switch|p1a: Copperajah|Copperajah, M|100\/100\n|switch|p2a: Aggron|Aggron, M|100\/100\n|turn|1\n|c|\u2606terrysalt|Another suspect test?\n|\n|t:|1700627017\n|switch|p2a: Volcarona|Volcarona, F|100\/100\n|move|p1a: Copperajah|Stealth Rock|p2a: Volcarona\n|-sidestart|p2: TyrAlexander|move: Stealth Rock\n|\n|upkeep\n|turn|2\n|c|\u2606terrysalt|This is getting silly. They need to stop banning things.\n|\n|t:|1700627043\n|move|p2a: Volcarona|Mystical Fire|p1a: Copperajah\n|-supereffective|p1a: Copperajah\n|-damage|p1a: Copperajah|56\/100\n|-unboost|p1a: Copperajah|spa|1\n|move|p1a: Copperajah|Earthquake|p2a: Volcarona\n|-damage|p2a: Volcarona|73\/100\n|\n|-heal|p1a: Copperajah|63\/100|[from] item: Leftovers\n|upkeep\n|turn|3\n|c|\u2606TyrAlexander|agreed\n|\n|t:|1700627064\n|switch|p1a: Sylveon|Sylveon, M|100\/100\n|move|p2a: Volcarona|Mystical Fire|p1a: Sylveon\n|-damage|p1a: Sylveon|73\/100\n|-unboost|p1a: Sylveon|spa|1\n|\n|upkeep\n|turn|4\n|\n|t:|1700627087\n|move|p2a: Volcarona|U-turn|p1a: Sylveon\n|-resisted|p1a: Sylveon\n|-damage|p1a: Sylveon|63\/100\n|\n|t:|1700627104\n|switch|p2a: Aggron|Aggron, M|100\/100|[from] U-turn\n|-damage|p2a: Aggron|94\/100|[from] Stealth Rock\n|move|p1a: Sylveon|Psyshock|p2a: Aggron\n|-resisted|p2a: Aggron\n|-damage|p2a: Aggron|87\/100\n|\n|upkeep\n|turn|5\n|\n|t:|1700627115\n|switch|p1a: Tangela|Tangela, M|100\/100\n|detailschange|p2a: Aggron|Aggron-Mega, M\n|-mega|p2a: Aggron|Aggron|Aggronite\n|move|p2a: Aggron|Heavy Slam|p1a: Tangela\n|-damage|p1a: Tangela|77\/100\n|\n|upkeep\n|turn|6\n|\n|t:|1700627132\n|move|p2a: Aggron|Iron Defense|p2a: Aggron\n|-boost|p2a: Aggron|def|2\n|move|p1a: Tangela|Sleep Powder|p2a: Aggron\n|-status|p2a: Aggron|slp|[from] move: Sleep Powder\n|\n|upkeep\n|turn|7\n|\n|t:|1700627145\n|switch|p2a: Volcarona|Volcarona, F|73\/100\n|switch|p1a: Salazzle|Salazzle, F|100\/100\n|\n|upkeep\n|turn|8\n|\n|t:|1700627155\n|move|p1a: Salazzle|Flamethrower|p2a: Volcarona\n|-damage|p2a: Volcarona|38\/100\n|move|p2a: Volcarona|Defog|p1a: Salazzle\n|-unboost|p1a: Salazzle|evasion|1\n|-sideend|p2: TyrAlexander|Stealth Rock|[from] move: Defog|[of] p2a: Volcarona\n|\n|upkeep\n|turn|9\n|\n|t:|1700627164\n|move|p1a: Salazzle|Flamethrower|p2a: Volcarona\n|-damage|p2a: Volcarona|0 fnt\n|faint|p2a: Volcarona\n|\n|upkeep\n|\n|t:|1700627170\n|switch|p2a: Seismitoad|Seismitoad, F|100\/100\n|turn|10\n|\n|t:|1700627179\n|switch|p1a: Tangela|Tangela, M|100\/100\n|move|p2a: Seismitoad|Earth Power|p1a: Tangela\n|-resisted|p1a: Tangela\n|-damage|p1a: Tangela|82\/100\n|\n|upkeep\n|turn|11\n|\n|t:|1700627190\n|switch|p2a: Tapu Bulu|Tapu Bulu, shiny|100\/100\n|-fieldstart|move: Grassy Terrain|[from] ability: Grassy Surge|[of] p2a: Tapu Bulu\n|move|p1a: Tangela|Giga Drain|p2a: Tapu Bulu\n|-resisted|p2a: Tapu Bulu\n|-damage|p2a: Tapu Bulu|80\/100\n|-heal|p1a: Tangela|91\/100|[from] drain|[of] p2a: Tapu Bulu\n|\n|-heal|p2a: Tapu Bulu|86\/100|[from] Grassy Terrain\n|-heal|p1a: Tangela|97\/100|[from] Grassy Terrain\n|upkeep\n|turn|12\n|\n|t:|1700627207\n|move|p2a: Tapu Bulu|Wood Hammer|p1a: Tangela\n|-resisted|p1a: Tangela\n|-damage|p1a: Tangela|79\/100\n|-damage|p2a: Tapu Bulu|79\/100|[from] Recoil\n|move|p1a: Tangela|Sludge Bomb|p2a: Tapu Bulu\n|-supereffective|p2a: Tapu Bulu\n|-damage|p2a: Tapu Bulu|0 fnt\n|faint|p2a: Tapu Bulu\n|\n|-heal|p1a: Tangela|85\/100|[from] Grassy Terrain\n|upkeep\n|\n|t:|1700627217\n|switch|p2a: Zapdos|Zapdos-Galar|100\/100\n|turn|13\n|\n|t:|1700627227\n|switch|p1a: Duraludon|Duraludon, F|100\/100\n|move|p2a: Zapdos|Brave Bird|p1a: Duraludon\n|-resisted|p1a: Duraludon\n|-damage|p1a: Duraludon|70\/100\n|-damage|p2a: Zapdos|91\/100|[from] Recoil\n|\n|-heal|p1a: Duraludon|76\/100|[from] Grassy Terrain\n|upkeep\n|turn|14\n|\n|t:|1700627259\n|move|p2a: Zapdos|Brave Bird|p1a: Duraludon\n|-resisted|p1a: Duraludon\n|-crit|p1a: Duraludon\n|-damage|p1a: Duraludon|30\/100\n|-damage|p2a: Zapdos|78\/100|[from] Recoil\n|move|p1a: Duraludon|Thunderbolt|p2a: Zapdos\n|-supereffective|p2a: Zapdos\n|-damage|p2a: Zapdos|0 fnt\n|faint|p2a: Zapdos\n|\n|-heal|p1a: Duraludon|36\/100|[from] Grassy Terrain\n|upkeep\n|\n|t:|1700627281\n|switch|p2a: Slowking|Slowking-Galar, F|100\/100\n|turn|15\n|\n|t:|1700627300\n|move|p1a: Duraludon|Draco Meteor|p2a: Slowking\n|-damage|p2a: Slowking|41\/100\n|-unboost|p1a: Duraludon|spa|2\n|move|p2a: Slowking|Scald|p1a: Duraludon\n|-resisted|p1a: Duraludon\n|-damage|p1a: Duraludon|14\/100\n|\n|-heal|p1a: Duraludon|20\/100|[from] Grassy Terrain\n|-heal|p2a: Slowking|48\/100|[from] Grassy Terrain\n|-heal|p2a: Slowking|54\/100|[from] item: Black Sludge\n|-fieldend|move: Grassy Terrain\n|upkeep\n|turn|16\n|\n|t:|1700627323\n|switch|p1a: Copperajah|Copperajah, M|63\/100\n|move|p2a: Slowking|Scald|p1a: Copperajah\n|-damage|p1a: Copperajah|48\/100\n|-status|p1a: Copperajah|brn\n|\n|-heal|p2a: Slowking|60\/100|[from] item: Black Sludge\n|-heal|p1a: Copperajah|55\/100 brn|[from] item: Leftovers\n|-damage|p1a: Copperajah|48\/100 brn|[from] brn\n|upkeep\n|turn|17\n|\n|t:|1700627336\n|switch|p2a: Seismitoad|Seismitoad, F|100\/100\n|move|p1a: Copperajah|Stealth Rock|p2a: Seismitoad\n|-sidestart|p2: TyrAlexander|move: Stealth Rock\n|\n|-heal|p1a: Copperajah|55\/100 brn|[from] item: Leftovers\n|-damage|p1a: Copperajah|48\/100 brn|[from] brn\n|upkeep\n|turn|18\n|\n|t:|1700627349\n|switch|p1a: Tangela|Tangela, M|100\/100\n|move|p2a: Seismitoad|Earth Power|p1a: Tangela\n|-resisted|p1a: Tangela\n|-damage|p1a: Tangela|81\/100\n|-unboost|p1a: Tangela|spd|1\n|\n|upkeep\n|turn|19\n|\n|t:|1700627360\n|switch|p2a: Aggron|Aggron-Mega, M|87\/100 slp\n|-damage|p2a: Aggron|81\/100 slp|[from] Stealth Rock\n|move|p1a: Tangela|Giga Drain|p2a: Aggron\n|-resisted|p2a: Aggron\n|-crit|p2a: Aggron\n|-damage|p2a: Aggron|59\/100 slp\n|-heal|p1a: Tangela|92\/100|[from] drain|[of] p2a: Aggron\n|\n|upkeep\n|turn|20\n|\n|t:|1700627378\n|switch|p1a: Salazzle|Salazzle, F|100\/100\n|cant|p2a: Aggron|slp\n|\n|upkeep\n|turn|21\n|\n|t:|1700627390\n|move|p1a: Salazzle|Flamethrower|p2a: Aggron\n|-supereffective|p2a: Aggron\n|-damage|p2a: Aggron|0 fnt\n|faint|p2a: Aggron\n|\n|upkeep\n|\n|t:|1700627414\n|switch|p2a: Seismitoad|Seismitoad, F|100\/100\n|-damage|p2a: Seismitoad|94\/100|[from] Stealth Rock\n|turn|22\n|\n|t:|1700627450\n|switch|p1a: Tangela|Tangela, M|100\/100\n|move|p2a: Seismitoad|Earth Power|p1a: Tangela\n|-resisted|p1a: Tangela\n|-damage|p1a: Tangela|81\/100\n|\n|-heal|p2a: Seismitoad|100\/100|[from] item: Leftovers\n|upkeep\n|turn|23\n|\n|t:|1700627468\n|move|p2a: Seismitoad|Stealth Rock|p1a: Tangela\n|-sidestart|p1: terrysalt|move: Stealth Rock\n|move|p1a: Tangela|Sleep Powder|p2a: Seismitoad\n|-status|p2a: Seismitoad|slp|[from] move: Sleep Powder\n|\n|upkeep\n|turn|24\n|\n|t:|1700627489\n|cant|p2a: Seismitoad|slp\n|move|p1a: Tangela|Knock Off|p2a: Seismitoad\n|-damage|p2a: Seismitoad|87\/100 slp\n|-enditem|p2a: Seismitoad|Leftovers|[from] move: Knock Off|[of] p1a: Tangela\n|\n|upkeep\n|turn|25\n|\n|t:|1700627510\n|-curestatus|p2a: Seismitoad|slp|[msg]\n|move|p2a: Seismitoad|Earth Power|p1a: Tangela\n|-resisted|p1a: Tangela\n|-damage|p1a: Tangela|63\/100\n|move|p1a: Tangela|Giga Drain|p2a: Seismitoad\n|-supereffective|p2a: Seismitoad\n|-damage|p2a: Seismitoad|4\/100\n|-heal|p1a: Tangela|100\/100|[from] drain|[of] p2a: Seismitoad\n|\n|upkeep\n|turn|26\n|\n|t:|1700627522\n|move|p2a: Seismitoad|Earth Power|p1a: Tangela\n|-resisted|p1a: Tangela\n|-damage|p1a: Tangela|82\/100\n|move|p1a: Tangela|Knock Off|p2a: Seismitoad\n|-damage|p2a: Seismitoad|0 fnt\n|faint|p2a: Seismitoad\n|\n|upkeep\n|\n|t:|1700627529\n|switch|p2a: Slowking|Slowking-Galar, F|93\/100\n|-damage|p2a: Slowking|81\/100|[from] Stealth Rock\n|turn|27\n|\n|t:|1700627535\n|move|p1a: Tangela|Sleep Powder|p2a: Slowking\n|-status|p2a: Slowking|slp|[from] move: Sleep Powder\n|cant|p2a: Slowking|slp\n|\n|-heal|p2a: Slowking|87\/100 slp|[from] item: Black Sludge\n|upkeep\n|turn|28\n|\n|t:|1700627568\n|switch|p1a: Sylveon|Sylveon, M|63\/100\n|-damage|p1a: Sylveon|51\/100|[from] Stealth Rock\n|cant|p2a: Slowking|slp\n|\n|-heal|p2a: Slowking|93\/100 slp|[from] item: Black Sludge\n|upkeep\n|turn|29\n|\n|t:|1700627578\n|move|p1a: Sylveon|Shadow Ball|p2a: Slowking\n|-supereffective|p2a: Slowking\n|-damage|p2a: Slowking|28\/100 slp\n|-curestatus|p2a: Slowking|slp|[msg]\n|move|p2a: Slowking|Scald|p1a: Sylveon\n|-damage|p1a: Sylveon|34\/100\n|\n|-heal|p2a: Slowking|34\/100|[from] item: Black Sludge\n|upkeep\n|turn|30\n|\n|t:|1700627602\n|move|p1a: Sylveon|Shadow Ball|p2a: Slowking\n|-supereffective|p2a: Slowking\n|-damage|p2a: Slowking|0 fnt\n|faint|p2a: Slowking\n|\n|win|terrysalt\n|c|\u2606terrysalt|gg\n","uploadtime":1700627608,"views":1,"p1id":"terrysalt","p2id":"tyralexander","formatid":"gen9nationaldex","rating":0,"private":0,"password":""}