{"id":"gen9nationaldex-1995385339","p1":"BabaYaga357","p2":"nice ct","format":"[Gen 9] National Dex","log":"|html|<div class=\"broadcast-blue\"><strong>[Gen 9] National Dex is currently suspecting Sneasler! For information on how to participate check out the <a href=\"https:\/\/www.smogon.com\/forums\/threads\/sv-national-dex-suspect-8-just-dance.3731534\/\">suspect thread<\/a>.<\/strong><\/div>\n|j|\u2606BabaYaga357\n|j|\u2606nice ct\n|t:|1700563595\n|gametype|singles\n|player|p1|BabaYaga357|266|1538\n|player|p2|nice ct|dawn|1504\n|teamsize|p1|6\n|teamsize|p2|6\n|gen|9\n|tier|[Gen 9] National Dex\n|rated|\n|rule|HP Percentage Mod: HP is shown in percentages\n|rule|Endless Battle Clause: Forcing endless battles is banned\n|rule|OHKO Clause: OHKO moves are banned\n|rule|Evasion Clause: Evasion abilities, items, and moves are banned\n|rule|Evasion Abilities Clause: Evasion abilities are banned\n|rule|Evasion Items Clause: Evasion items are banned\n|rule|Evasion Moves Clause: Evasion moves are banned\n|rule|Species Clause: Limit one of each Pok\u00e9mon\n|rule|Sleep Clause Mod: Limit one foe put to sleep\n|clearpoke\n|poke|p1|Scizor, F|\n|poke|p1|Ogerpon-Wellspring, F|\n|poke|p1|Gliscor, M|\n|poke|p1|Skeledirge, F|\n|poke|p1|Kyurem|\n|poke|p1|Tapu Fini|\n|poke|p2|Tapu Lele|\n|poke|p2|Diancie|\n|poke|p2|Great Tusk|\n|poke|p2|Cresselia, F|\n|poke|p2|Alomomola, M|\n|poke|p2|Sneasler, M|\n|teampreview\n|inactive|Battle timer is ON: inactive players will automatically lose when time's up. (requested by BabaYaga357)\n|\n|t:|1700563609\n|start\n|switch|p1a: Boog|Scizor, F|100\/100\n|switch|p2a: Great Tusk|Great Tusk|100\/100\n|turn|1\n|\n|t:|1700563619\n|switch|p1a: Twitter|Tapu Fini|100\/100\n|-fieldstart|move: Misty Terrain|[from] ability: Misty Surge|[of] p1a: Twitter\n|move|p2a: Great Tusk|Close Combat|p1a: Twitter\n|-resisted|p1a: Twitter\n|-damage|p1a: Twitter|71\/100\n|-unboost|p2a: Great Tusk|def|1\n|-unboost|p2a: Great Tusk|spd|1\n|\n|upkeep\n|turn|2\n|\n|t:|1700563628\n|-end|p2a: Great Tusk|Protosynthesis|[silent]\n|switch|p2a: Cresselia|Cresselia, F, shiny|100\/100\n|move|p1a: Twitter|Hydro Pump|p2a: Cresselia\n|-damage|p2a: Cresselia|79\/100\n|\n|-heal|p2a: Cresselia|85\/100|[from] item: Leftovers\n|upkeep\n|turn|3\n|\n|t:|1700563638\n|switch|p1a: Boog|Scizor, F|100\/100\n|move|p2a: Cresselia|Calm Mind|p2a: Cresselia\n|-boost|p2a: Cresselia|spa|1\n|-boost|p2a: Cresselia|spd|1\n|\n|-heal|p2a: Cresselia|91\/100|[from] item: Leftovers\n|upkeep\n|turn|4\n|\n|t:|1700563653\n|switch|p2a: Alomomola|Alomomola, M|100\/100\n|detailschange|p1a: Boog|Scizor-Mega, F\n|-mega|p1a: Boog|Scizor|Scizorite\n|move|p1a: Boog|Swords Dance|p1a: Boog\n|-boost|p1a: Boog|atk|2\n|\n|upkeep\n|turn|5\n|\n|t:|1700563658\n|move|p1a: Boog|U-turn|p2a: Alomomola\n|-damage|p2a: Alomomola|66\/100\n|-damage|p1a: Boog|84\/100|[from] item: Rocky Helmet|[of] p2a: Alomomola\n|\n|t:|1700563668\n|switch|p1a: Happy|Ogerpon-Wellspring, F|100\/100|[from] U-turn\n|move|p2a: Alomomola|Flip Turn|p1a: Happy\n|-immune|p1a: Happy|[from] ability: Water Absorb\n|\n|-fieldend|Misty Terrain\n|upkeep\n|turn|6\n|\n|t:|1700563673\n|move|p1a: Happy|Knock Off|p2a: Alomomola\n|-damage|p2a: Alomomola|49\/100\n|-damage|p1a: Happy|84\/100|[from] item: Rocky Helmet|[of] p2a: Alomomola\n|-enditem|p2a: Alomomola|Rocky Helmet|[from] move: Knock Off|[of] p1a: Happy\n|move|p2a: Alomomola|Toxic|p1a: Happy\n|-status|p1a: Happy|tox\n|\n|-damage|p1a: Happy|78\/100 tox|[from] psn\n|upkeep\n|turn|7\n|\n|t:|1700563686\n|move|p1a: Happy|U-turn|p2a: Alomomola\n|-damage|p2a: Alomomola|38\/100\n|\n|t:|1700563698\n|switch|p1a: Twitter|Tapu Fini|71\/100|[from] U-turn\n|-fieldstart|move: Misty Terrain|[from] ability: Misty Surge|[of] p1a: Twitter\n|move|p2a: Alomomola|Wish|p2a: Alomomola\n|\n|upkeep\n|turn|8\n|\n|t:|1700563708\n|switch|p2a: Cresselia|Cresselia, F, shiny|91\/100\n|move|p1a: Twitter|Moonblast|p2a: Cresselia\n|-damage|p2a: Cresselia|73\/100\n|\n|-heal|p2a: Cresselia|100\/100|[from] move: Wish|[wisher] Alomomola\n|upkeep\n|turn|9\n|\n|t:|1700563715\n|switch|p1a: Boog|Scizor-Mega, F|84\/100\n|move|p2a: Cresselia|Calm Mind|p2a: Cresselia\n|-boost|p2a: Cresselia|spa|1\n|-boost|p2a: Cresselia|spd|1\n|\n|upkeep\n|turn|10\n|\n|t:|1700563720\n|switch|p2a: Alomomola|Alomomola, M|71\/100\n|move|p1a: Boog|Swords Dance|p1a: Boog\n|-boost|p1a: Boog|atk|2\n|\n|upkeep\n|turn|11\n|\n|t:|1700563730\n|move|p1a: Boog|Swords Dance|p1a: Boog\n|-boost|p1a: Boog|atk|2\n|move|p2a: Alomomola|Wish|p2a: Alomomola\n|\n|-fieldend|Misty Terrain\n|upkeep\n|turn|12\n|\n|t:|1700563736\n|move|p1a: Boog|U-turn|p2a: Alomomola\n|-damage|p2a: Alomomola|13\/100\n|\n|t:|1700563743\n|switch|p1a: Twitter|Tapu Fini|71\/100|[from] U-turn\n|-fieldstart|move: Misty Terrain|[from] ability: Misty Surge|[of] p1a: Twitter\n|move|p2a: Alomomola|Flip Turn|p1a: Twitter\n|-resisted|p1a: Twitter\n|-damage|p1a: Twitter|64\/100\n|\n|t:|1700563763\n|switch|p2a: Cresselia|Cresselia, F, shiny|100\/100|[from] Flip Turn\n|\n|upkeep\n|turn|13\n|\n|t:|1700563772\n|switch|p2a: Great Tusk|Great Tusk|100\/100\n|move|p1a: Twitter|Trick||[still]\n|-fail|p1a: Twitter\n|\n|upkeep\n|turn|14\n|\n|t:|1700563782\n|switch|p1a: Happy|Ogerpon-Wellspring, F|78\/100 tox\n|move|p2a: Great Tusk|Close Combat|p1a: Happy\n|-damage|p1a: Happy|11\/100 tox\n|-unboost|p2a: Great Tusk|def|1\n|-unboost|p2a: Great Tusk|spd|1\n|\n|-damage|p1a: Happy|5\/100 tox|[from] psn\n|upkeep\n|turn|15\n|\n|t:|1700563790\n|-end|p2a: Great Tusk|Protosynthesis|[silent]\n|switch|p2a: Alomomola|Alomomola, M|46\/100\n|move|p1a: Happy|Synthesis|p1a: Happy\n|-heal|p1a: Happy|55\/100 tox\n|\n|-damage|p1a: Happy|43\/100 tox|[from] psn\n|upkeep\n|turn|16\n|\n|t:|1700563798\n|move|p1a: Happy|Synthesis|p1a: Happy\n|-heal|p1a: Happy|93\/100 tox\n|move|p2a: Alomomola|Knock Off|p1a: Happy\n|-damage|p1a: Happy|80\/100 tox\n|\n|-damage|p1a: Happy|62\/100 tox|[from] psn\n|-fieldend|Misty Terrain\n|upkeep\n|turn|17\n|\n|t:|1700563809\n|move|p1a: Happy|U-turn|p2a: Alomomola\n|-damage|p2a: Alomomola|34\/100\n|\n|t:|1700563820\n|switch|p1a: Boog|Scizor-Mega, F|84\/100|[from] U-turn\n|move|p2a: Alomomola|Flip Turn|p1a: Boog\n|-damage|p1a: Boog|74\/100\n|\n|t:|1700563828\n|switch|p2a: Great Tusk|Great Tusk|100\/100|[from] Flip Turn\n|\n|upkeep\n|turn|18\n|\n|t:|1700563836\n|switch|p1a: Twitter|Tapu Fini|64\/100\n|-fieldstart|move: Misty Terrain|[from] ability: Misty Surge|[of] p1a: Twitter\n|move|p2a: Great Tusk|Headlong Rush|p1a: Twitter\n|-damage|p1a: Twitter|2\/100\n|-unboost|p2a: Great Tusk|def|1\n|-unboost|p2a: Great Tusk|spd|1\n|\n|upkeep\n|turn|19\n|\n|t:|1700563851\n|-end|p2a: Great Tusk|Protosynthesis|[silent]\n|switch|p2a: Cresselia|Cresselia, F, shiny|100\/100\n|move|p1a: Twitter|Moonblast|p2a: Cresselia\n|-damage|p2a: Cresselia|83\/100\n|-unboost|p2a: Cresselia|spa|1\n|\n|-heal|p2a: Cresselia|89\/100|[from] item: Leftovers\n|upkeep\n|turn|20\n|\n|t:|1700563869\n|switch|p1a: Boog|Scizor-Mega, F|74\/100\n|switch|p2a: Great Tusk|Great Tusk|100\/100\n|\n|upkeep\n|turn|21\n|\n|t:|1700563889\n|switch|p1a: Trans Rights|Gliscor, M|100\/100\n|move|p2a: Great Tusk|Close Combat|p1a: Trans Rights\n|-resisted|p1a: Trans Rights\n|-damage|p1a: Trans Rights|74\/100\n|-unboost|p2a: Great Tusk|def|1\n|-unboost|p2a: Great Tusk|spd|1\n|\n|-status|p1a: Trans Rights|tox|[from] item: Toxic Orb\n|upkeep\n|turn|22\n|inactive|BabaYaga357 has 120 seconds left.\n|\n|t:|1700563916\n|-terastallize|p1a: Trans Rights|Fairy\n|-zpower|p2a: Great Tusk\n|move|p2a: Great Tusk|Subzero Slammer|p1a: Trans Rights|[zeffect]\n|-damage|p1a: Trans Rights|28\/100 tox\n|move|p1a: Trans Rights|Spikes|p2a: Great Tusk\n|-sidestart|p2: nice ct|Spikes\n|\n|-heal|p1a: Trans Rights|40\/100 tox|[from] ability: Poison Heal\n|-fieldend|Misty Terrain\n|upkeep\n|turn|23\n|inactive|BabaYaga357 has 120 seconds left.\n|\n|t:|1700563942\n|switch|p1a: Happy|Ogerpon-Wellspring, F|62\/100 tox\n|move|p2a: Great Tusk|Headlong Rush|p1a: Happy\n|-resisted|p1a: Happy\n|-damage|p1a: Happy|27\/100 tox\n|-unboost|p2a: Great Tusk|def|1\n|-unboost|p2a: Great Tusk|spd|1\n|\n|-damage|p1a: Happy|21\/100 tox|[from] psn\n|upkeep\n|turn|24\n|\n|t:|1700563953\n|move|p1a: Happy|Ivy Cudgel|p2a: Great Tusk|[anim] Ivy Cudgel Water\n|-supereffective|p2a: Great Tusk\n|-damage|p2a: Great Tusk|0 fnt\n|faint|p2a: Great Tusk\n|-end|p2a: Great Tusk|Protosynthesis|[silent]\n|\n|-damage|p1a: Happy|9\/100 tox|[from] psn\n|upkeep\n|\n|t:|1700563957\n|switch|p2a: Tapu Lele|Tapu Lele|100\/100\n|-damage|p2a: Tapu Lele|88\/100|[from] Spikes\n|-fieldstart|move: Psychic Terrain|[from] ability: Psychic Surge|[of] p2a: Tapu Lele\n|turn|25\n|\n|t:|1700563966\n|switch|p2a: Sneasler|Sneasler, M|100\/100\n|-damage|p2a: Sneasler|88\/100|[from] Spikes\n|-enditem|p2a: Sneasler|Psychic Seed\n|-boost|p2a: Sneasler|spd|1|[from] item: Psychic Seed\n|move|p1a: Happy|Ivy Cudgel|p2a: Sneasler|[anim] Ivy Cudgel Water\n|-damage|p2a: Sneasler|6\/100\n|\n|-damage|p1a: Happy|0 fnt|[from] psn\n|faint|p1a: Happy\n|upkeep\n|\n|t:|1700563975\n|switch|p1a: Carlito|Skeledirge, F|100\/100\n|turn|26\n|inactive|BabaYaga357 has 120 seconds left.\n|\n|t:|1700563984\n|move|p2a: Sneasler|Dire Claw|p1a: Carlito\n|-resisted|p1a: Carlito\n|-damage|p1a: Carlito|87\/100\n|move|p1a: Carlito|Torch Song|p2a: Sneasler\n|-damage|p2a: Sneasler|0 fnt\n|-boost|p1a: Carlito|spa|1\n|faint|p2a: Sneasler\n|\n|upkeep\n|\n|t:|1700563990\n|switch|p2a: Diancie|Diancie|100\/100\n|-damage|p2a: Diancie|88\/100|[from] Spikes\n|turn|27\n|\n|t:|1700563999\n|detailschange|p2a: Diancie|Diancie-Mega\n|-mega|p2a: Diancie|Diancie|Diancite\n|move|p2a: Diancie|Diamond Storm|p1a: Carlito\n|-supereffective|p1a: Carlito\n|-damage|p1a: Carlito|24\/100\n|move|p1a: Carlito|Torch Song|p2a: Diancie\n|-resisted|p2a: Diancie\n|-damage|p2a: Diancie|57\/100\n|-boost|p1a: Carlito|spa|1\n|\n|upkeep\n|turn|28\n|\n|t:|1700564003\n|move|p2a: Diancie|Diamond Storm|p1a: Carlito\n|-supereffective|p1a: Carlito\n|-damage|p1a: Carlito|0 fnt\n|faint|p1a: Carlito\n|\n|upkeep\n|\n|t:|1700564009\n|switch|p1a: Twitter|Tapu Fini|2\/100\n|-fieldstart|move: Misty Terrain|[from] ability: Misty Surge|[of] p1a: Twitter\n|turn|29\n|\n|t:|1700564020\n|switch|p2a: Cresselia|Cresselia, F, shiny|89\/100\n|move|p1a: Twitter|Hydro Pump|p2a: Cresselia|[miss]\n|-miss|p1a: Twitter|p2a: Cresselia\n|\n|-heal|p2a: Cresselia|96\/100|[from] item: Leftovers\n|upkeep\n|turn|30\n|\n|t:|1700564038\n|switch|p1a: Boog|Scizor-Mega, F|74\/100\n|move|p2a: Cresselia|Calm Mind|p2a: Cresselia\n|-boost|p2a: Cresselia|spa|1\n|-boost|p2a: Cresselia|spd|1\n|\n|-heal|p2a: Cresselia|100\/100|[from] item: Leftovers\n|upkeep\n|turn|31\n|\n|t:|1700564044\n|move|p2a: Cresselia|Substitute|p2a: Cresselia\n|-start|p2a: Cresselia|Substitute\n|-damage|p2a: Cresselia|76\/100\n|move|p1a: Boog|Swords Dance|p1a: Boog\n|-boost|p1a: Boog|atk|2\n|\n|-heal|p2a: Cresselia|82\/100|[from] item: Leftovers\n|upkeep\n|turn|32\n|\n|t:|1700564050\n|move|p2a: Cresselia|Calm Mind|p2a: Cresselia\n|-boost|p2a: Cresselia|spa|1\n|-boost|p2a: Cresselia|spd|1\n|move|p1a: Boog|Swords Dance|p1a: Boog\n|-boost|p1a: Boog|atk|2\n|\n|-heal|p2a: Cresselia|88\/100|[from] item: Leftovers\n|upkeep\n|turn|33\n|\n|t:|1700564053\n|-terastallize|p2a: Cresselia|Poison\n|move|p2a: Cresselia|Calm Mind|p2a: Cresselia\n|-boost|p2a: Cresselia|spa|1\n|-boost|p2a: Cresselia|spd|1\n|move|p1a: Boog|Swords Dance|p1a: Boog\n|-boost|p1a: Boog|atk|2\n|\n|-heal|p2a: Cresselia|94\/100|[from] item: Leftovers\n|-fieldend|Misty Terrain\n|upkeep\n|turn|34\n|\n|t:|1700564056\n|move|p1a: Boog|Bullet Punch|p2a: Cresselia\n|-end|p2a: Cresselia|Substitute\n|move|p2a: Cresselia|Calm Mind|p2a: Cresselia\n|-boost|p2a: Cresselia|spa|1\n|-boost|p2a: Cresselia|spd|1\n|\n|-heal|p2a: Cresselia|99\/100|[from] item: Leftovers\n|upkeep\n|turn|35\n|\n|t:|1700564059\n|move|p1a: Boog|Bullet Punch|p2a: Cresselia\n|-damage|p2a: Cresselia|28\/100\n|move|p2a: Cresselia|Stored Power|p1a: Boog\n|-resisted|p1a: Boog\n|-damage|p1a: Boog|7\/100\n|\n|-heal|p2a: Cresselia|34\/100|[from] item: Leftovers\n|upkeep\n|turn|36\n|\n|t:|1700564066\n|switch|p2a: Alomomola|Alomomola, M|68\/100\n|-damage|p2a: Alomomola|55\/100|[from] Spikes\n|move|p1a: Boog|Bullet Punch|p2a: Alomomola\n|-resisted|p2a: Alomomola\n|-damage|p2a: Alomomola|24\/100\n|\n|upkeep\n|turn|37\n|\n|t:|1700564073\n|move|p1a: Boog|Roost|p1a: Boog\n|-heal|p1a: Boog|58\/100\n|-singleturn|p1a: Boog|move: Roost\n|move|p2a: Alomomola|Flip Turn|p1a: Boog\n|-damage|p1a: Boog|48\/100\n|\n|t:|1700564076\n|switch|p2a: Tapu Lele|Tapu Lele|88\/100|[from] Flip Turn\n|-damage|p2a: Tapu Lele|76\/100|[from] Spikes\n|-fieldstart|move: Psychic Terrain|[from] ability: Psychic Surge|[of] p2a: Tapu Lele\n|\n|upkeep\n|turn|38\n|inactive|BabaYaga357 has 120 seconds left.\n|\n|t:|1700564120\n|move|p2a: Tapu Lele|Psychic|p1a: Boog\n|-resisted|p1a: Boog\n|-damage|p1a: Boog|22\/100\n|move|p1a: Boog|Roost|p1a: Boog\n|-heal|p1a: Boog|72\/100\n|-singleturn|p1a: Boog|move: Roost\n|\n|upkeep\n|turn|39\n|\n|t:|1700564124\n|move|p2a: Tapu Lele|Psychic|p1a: Boog\n|-resisted|p1a: Boog\n|-damage|p1a: Boog|47\/100\n|move|p1a: Boog|U-turn|p2a: Tapu Lele\n|-damage|p2a: Tapu Lele|0 fnt\n|faint|p2a: Tapu Lele\n|inactive|BabaYaga357 has 120 seconds left.\n|\n|t:|1700564129\n|switch|p1a: Twitter|Tapu Fini|2\/100|[from] U-turn\n|-fieldstart|move: Misty Terrain|[from] ability: Misty Surge|[of] p1a: Twitter\n|\n|upkeep\n|\n|t:|1700564133\n|switch|p2a: Diancie|Diancie-Mega|57\/100\n|-damage|p2a: Diancie|44\/100|[from] Spikes\n|turn|40\n|\n|t:|1700564138\n|move|p1a: Twitter|Hydro Pump|p2a: Diancie\n|-supereffective|p2a: Diancie\n|-damage|p2a: Diancie|0 fnt\n|faint|p2a: Diancie\n|\n|upkeep\n|\n|t:|1700564140\n|switch|p2a: Cresselia|Cresselia, F, shiny, tera:Poison|34\/100\n|turn|41\n|\n|t:|1700564152\n|switch|p1a: Boog|Scizor-Mega, F|47\/100\n|move|p2a: Cresselia|Moonlight|p2a: Cresselia\n|-heal|p2a: Cresselia|84\/100\n|\n|-heal|p2a: Cresselia|90\/100|[from] item: Leftovers\n|upkeep\n|turn|42\n|\n|t:|1700564157\n|move|p2a: Cresselia|Calm Mind|p2a: Cresselia\n|-boost|p2a: Cresselia|spa|1\n|-boost|p2a: Cresselia|spd|1\n|move|p1a: Boog|Roost|p1a: Boog\n|-heal|p1a: Boog|97\/100\n|-singleturn|p1a: Boog|move: Roost\n|\n|-heal|p2a: Cresselia|96\/100|[from] item: Leftovers\n|upkeep\n|turn|43\n|\n|t:|1700564159\n|move|p2a: Cresselia|Calm Mind|p2a: Cresselia\n|-boost|p2a: Cresselia|spa|1\n|-boost|p2a: Cresselia|spd|1\n|move|p1a: Boog|Swords Dance|p1a: Boog\n|-boost|p1a: Boog|atk|2\n|\n|-heal|p2a: Cresselia|100\/100|[from] item: Leftovers\n|-fieldend|Misty Terrain\n|upkeep\n|turn|44\n|\n|t:|1700564160\n|move|p2a: Cresselia|Stored Power|p1a: Boog\n|-resisted|p1a: Boog\n|-damage|p1a: Boog|75\/100\n|move|p1a: Boog|Swords Dance|p1a: Boog\n|-boost|p1a: Boog|atk|2\n|\n|upkeep\n|turn|45\n|\n|t:|1700564163\n|move|p2a: Cresselia|Stored Power|p1a: Boog\n|-resisted|p1a: Boog\n|-damage|p1a: Boog|51\/100\n|move|p1a: Boog|Swords Dance|p1a: Boog\n|-boost|p1a: Boog|atk|2\n|\n|upkeep\n|turn|46\n|\n|t:|1700564167\n|move|p1a: Boog|Bullet Punch|p2a: Cresselia\n|-damage|p2a: Cresselia|22\/100\n|move|p2a: Cresselia|Calm Mind|p2a: Cresselia\n|-boost|p2a: Cresselia|spa|1\n|-boost|p2a: Cresselia|spd|1\n|\n|-heal|p2a: Cresselia|28\/100|[from] item: Leftovers\n|upkeep\n|turn|47\n|-message|nice ct forfeited.\n|\n|win|BabaYaga357\n|raw|BabaYaga357's rating: 1538 &rarr; <strong>1556<\/strong><br \/>(+18 for winning)\n|raw|nice ct's rating: 1504 &rarr; <strong>1486<\/strong><br \/>(-18 for losing)\n|l|\u2606nice ct\n","uploadtime":1700564188,"views":14,"p1id":"babayaga357","p2id":"nicect","formatid":"gen9nationaldex","rating":1486,"private":0,"password":""}