{"id":"gen9nationaldex-1992505657","p1":"FlyingSudowoodo","p2":"tdd20070515\u5179\u4f0f\u5947\u5927\u543e","format":"[Gen 9] National Dex","log":"|j|\u2606FlyingSudowoodo\n|j|\u2606tdd20070515\u5179\u4f0f\u5947\u5927\u543e\n|t:|1700196413\n|gametype|singles\n|player|p1|FlyingSudowoodo|cheren|1363\n|player|p2|tdd20070515\u5179\u4f0f\u5947\u5927\u543e|steven|1337\n|teamsize|p1|6\n|teamsize|p2|6\n|gen|9\n|tier|[Gen 9] National Dex\n|rated|\n|rule|HP Percentage Mod: HP is shown in percentages\n|rule|Endless Battle Clause: Forcing endless battles is banned\n|rule|OHKO Clause: OHKO moves are banned\n|rule|Evasion Clause: Evasion abilities, items, and moves are banned\n|rule|Evasion Abilities Clause: Evasion abilities are banned\n|rule|Evasion Items Clause: Evasion items are banned\n|rule|Evasion Moves Clause: Evasion moves are banned\n|rule|Species Clause: Limit one of each Pok\u00e9mon\n|rule|Sleep Clause Mod: Limit one foe put to sleep\n|clearpoke\n|poke|p1|Banette, M|\n|poke|p1|Alomomola, M|\n|poke|p1|Clodsire, M|\n|poke|p1|Glimmora, F|\n|poke|p1|Tapu Lele|\n|poke|p1|Hawlucha, F|\n|poke|p2|Tapu Lele|\n|poke|p2|Hawlucha, M|\n|poke|p2|Chansey, F|\n|poke|p2|Cinderace, F|\n|poke|p2|Polteageist-Antique|\n|poke|p2|Armarouge, F|\n|teampreview\n|inactive|Battle timer is ON: inactive players will automatically lose when time's up. (requested by FlyingSudowoodo)\n|\n|t:|1700196426\n|start\n|switch|p1a: Banette|Banette, M|100\/100\n|switch|p2a: Tapu Lele|Tapu Lele|100\/100\n|-fieldstart|move: Psychic Terrain|[from] ability: Psychic Surge|[of] p2a: Tapu Lele\n|turn|1\n|\n|t:|1700196436\n|switch|p2a: Hawlucha|Hawlucha, M, shiny|100\/100\n|-enditem|p2a: Hawlucha|Psychic Seed\n|-boost|p2a: Hawlucha|spd|1|[from] item: Psychic Seed\n|detailschange|p1a: Banette|Banette-Mega, M\n|-mega|p1a: Banette|Banette|Banettite\n|move|p1a: Banette|Poltergeist||[still]\n|-fail|p1a: Banette\n|\n|upkeep\n|turn|2\n|\n|t:|1700196447\n|switch|p1a: Alomomola|Alomomola, M|100\/100\n|move|p2a: Hawlucha|Swords Dance|p2a: Hawlucha\n|-boost|p2a: Hawlucha|atk|2\n|\n|upkeep\n|turn|3\n|\n|t:|1700196458\n|move|p2a: Hawlucha|Acrobatics|p1a: Alomomola\n|-damage|p1a: Alomomola|41\/100\n|move|p1a: Alomomola|Toxic|p2a: Hawlucha\n|-status|p2a: Hawlucha|tox\n|\n|-damage|p2a: Hawlucha|94\/100 tox|[from] psn\n|upkeep\n|turn|4\n|\n|t:|1700196466\n|switch|p1a: Glimmora|Glimmora, F|100\/100\n|-item|p1a: Glimmora|Air Balloon\n|move|p2a: Hawlucha|Acrobatics|p1a: Glimmora\n|-resisted|p1a: Glimmora\n|-damage|p1a: Glimmora|38\/100\n|-activate|p1a: Glimmora|ability: Toxic Debris\n|-sidestart|p2: tdd20070515\u5179\u4f0f\u5947\u5927\u543e|move: Toxic Spikes\n|-enditem|p1a: Glimmora|Air Balloon\n|\n|-damage|p2a: Hawlucha|82\/100 tox|[from] psn\n|upkeep\n|turn|5\n|\n|t:|1700196482\n|move|p1a: Glimmora|Spiky Shield|p1a: Glimmora\n|-singleturn|p1a: Glimmora|move: Protect\n|move|p2a: Hawlucha|Acrobatics|p1a: Glimmora\n|-activate|p1a: Glimmora|move: Protect\n|-damage|p2a: Hawlucha|70\/100 tox|[from] Spiky Shield|[of] p1a: Glimmora\n|\n|-damage|p2a: Hawlucha|52\/100 tox|[from] psn\n|upkeep\n|turn|6\n|\n|t:|1700196494\n|move|p2a: Hawlucha|Acrobatics|p1a: Glimmora\n|-resisted|p1a: Glimmora\n|-crit|p1a: Glimmora\n|-damage|p1a: Glimmora|0 fnt\n|-activate|p1a: Glimmora|ability: Toxic Debris\n|-sidestart|p2: tdd20070515\u5179\u4f0f\u5947\u5927\u543e|move: Toxic Spikes\n|faint|p1a: Glimmora\n|\n|-damage|p2a: Hawlucha|27\/100 tox|[from] psn\n|upkeep\n|\n|t:|1700196502\n|switch|p1a: Alomomola|Alomomola, M|74\/100\n|turn|7\n|\n|t:|1700196507\n|move|p2a: Hawlucha|Close Combat|p1a: Alomomola\n|-damage|p1a: Alomomola|10\/100\n|-unboost|p2a: Hawlucha|def|1\n|-unboost|p2a: Hawlucha|spd|1\n|move|p1a: Alomomola|Flip Turn|p2a: Hawlucha\n|-damage|p2a: Hawlucha|0 fnt\n|faint|p2a: Hawlucha\n|\n|t:|1700196517\n|switch|p1a: Banette|Banette-Mega, M|100\/100|[from] Flip Turn\n|\n|upkeep\n|\n|t:|1700196523\n|switch|p2a: Cinderace|Cinderace, F|100\/100\n|turn|8\n|\n|t:|1700196530\n|move|p2a: Cinderace|Court Change|p2a: Cinderace\n|-start|p2a: Cinderace|typechange|Normal|[from] ability: Libero\n|-swapsideconditions\n|-activate|p2a: Cinderace|move: Court Change\n|move|p1a: Banette|Poltergeist|p2a: Cinderace\n|-immune|p2a: Cinderace\n|\n|-fieldend|move: Psychic Terrain\n|upkeep\n|turn|9\n|\n|t:|1700196539\n|move|p1a: Banette|Encore|p2a: Cinderace\n|-start|p2a: Cinderace|Encore\n|move|p2a: Cinderace|Court Change|p2a: Cinderace\n|-swapsideconditions\n|-activate|p2a: Cinderace|move: Court Change\n|\n|upkeep\n|turn|10\n|\n|t:|1700196544\n|move|p2a: Cinderace|Court Change|p2a: Cinderace\n|-swapsideconditions\n|-activate|p2a: Cinderace|move: Court Change\n|move|p1a: Banette|Pursuit|p2a: Cinderace\n|-damage|p2a: Cinderace|73\/100\n|\n|upkeep\n|turn|11\n|\n|t:|1700196556\n|-activate|p2a: Cinderace|move: Pursuit\n|move|p1a: Banette|Pursuit|p2a: Cinderace|[from]Pursuit\n|-damage|p2a: Cinderace|24\/100\n|switch|p2a: Tapu Lele|Tapu Lele|100\/100\n|-fieldstart|move: Psychic Terrain|[from] ability: Psychic Surge|[of] p2a: Tapu Lele\n|\n|upkeep\n|turn|12\n|\n|t:|1700196576\n|switch|p2a: Cinderace|Cinderace, F|24\/100\n|move|p1a: Banette|Destiny Bond|p1a: Banette\n|-singlemove|p1a: Banette|Destiny Bond\n|\n|upkeep\n|turn|13\n|\n|t:|1700196583\n|switch|p1a: Clodsire|Clodsire, M|100\/100\n|-sideend|p1: FlyingSudowoodo|move: Toxic Spikes|[of] p1a: Clodsire\n|move|p2a: Cinderace|U-turn|p1a: Clodsire\n|-start|p2a: Cinderace|typechange|Bug|[from] ability: Libero\n|-resisted|p1a: Clodsire\n|-damage|p1a: Clodsire|82\/100\n|\n|t:|1700196588\n|switch|p2a: Polteageist|Polteageist-Antique|100\/100|[from] U-turn\n|\n|-heal|p1a: Clodsire|88\/100|[from] item: Leftovers\n|upkeep\n|turn|14\n|\n|t:|1700196599\n|move|p2a: Polteageist|Shell Smash|p2a: Polteageist\n|-unboost|p2a: Polteageist|def|1\n|-unboost|p2a: Polteageist|spd|1\n|-boost|p2a: Polteageist|atk|2\n|-boost|p2a: Polteageist|spa|2\n|-boost|p2a: Polteageist|spe|2\n|move|p1a: Clodsire|Earthquake|p2a: Polteageist\n|-damage|p2a: Polteageist|53\/100\n|-ability|p2a: Polteageist|Weak Armor|boost\n|-unboost|p2a: Polteageist|def|1\n|-boost|p2a: Polteageist|spe|2\n|\n|-heal|p1a: Clodsire|94\/100|[from] item: Leftovers\n|upkeep\n|turn|15\n|\n|t:|1700196612\n|-terastallize|p1a: Clodsire|Dark\n|move|p2a: Polteageist|Stored Power|p1a: Clodsire\n|-immune|p1a: Clodsire\n|move|p1a: Clodsire|Earthquake|p2a: Polteageist\n|-damage|p2a: Polteageist|0 fnt\n|faint|p2a: Polteageist\n|\n|-heal|p1a: Clodsire|100\/100|[from] item: Leftovers\n|upkeep\n|\n|t:|1700196618\n|switch|p2a: Armarouge|Armarouge, F|100\/100\n|turn|16\n|\n|t:|1700196625\n|move|p2a: Armarouge|Endure|p2a: Armarouge\n|-singleturn|p2a: Armarouge|move: Endure\n|move|p1a: Clodsire|Stealth Rock|p2a: Armarouge\n|-sidestart|p2: tdd20070515\u5179\u4f0f\u5947\u5927\u543e|move: Stealth Rock\n|\n|upkeep\n|turn|17\n|\n|t:|1700196632\n|switch|p1a: Alomomola|Alomomola, M|43\/100\n|move|p2a: Armarouge|Armor Cannon|p1a: Alomomola\n|-resisted|p1a: Alomomola\n|-damage|p1a: Alomomola|17\/100\n|-unboost|p2a: Armarouge|def|1\n|-unboost|p2a: Armarouge|spd|1\n|\n|upkeep\n|turn|18\n|\n|t:|1700196640\n|switch|p1a: Clodsire|Clodsire, M, tera:Dark|100\/100\n|move|p2a: Armarouge|Expanding Force|p1a: Clodsire\n|-immune|p1a: Clodsire\n|\n|-fieldend|move: Psychic Terrain\n|upkeep\n|turn|19\n|\n|t:|1700196650\n|move|p2a: Armarouge|Expanding Force|p1a: Clodsire\n|-immune|p1a: Clodsire\n|move|p1a: Clodsire|Earthquake|p2a: Armarouge\n|-supereffective|p2a: Armarouge\n|-damage|p2a: Armarouge|40\/100\n|-ability|p2a: Armarouge|Weak Armor|boost\n|-unboost|p2a: Armarouge|def|1\n|-boost|p2a: Armarouge|spe|2\n|-enditem|p2a: Armarouge|Weakness Policy\n|-boost|p2a: Armarouge|atk|2|[from] item: Weakness Policy\n|-boost|p2a: Armarouge|spa|2|[from] item: Weakness Policy\n|\n|upkeep\n|turn|20\n|\n|t:|1700196661\n|move|p2a: Armarouge|Destiny Bond|p2a: Armarouge\n|-singlemove|p2a: Armarouge|Destiny Bond\n|move|p1a: Clodsire|Earthquake|p2a: Armarouge\n|-supereffective|p2a: Armarouge\n|-damage|p2a: Armarouge|0 fnt\n|faint|p2a: Armarouge\n|-activate|p2a: Armarouge|move: Destiny Bond\n|faint|p1a: Clodsire\n|\n|upkeep\n|\n|t:|1700196669\n|switch|p2a: Cinderace|Cinderace, F|24\/100\n|switch|p1a: Banette|Banette-Mega, M|100\/100\n|turn|21\n|\n|t:|1700196678\n|move|p2a: Cinderace|Court Change|p2a: Cinderace\n|-start|p2a: Cinderace|typechange|Normal|[from] ability: Libero\n|-swapsideconditions\n|-activate|p2a: Cinderace|move: Court Change\n|move|p1a: Banette|Pursuit|p2a: Cinderace\n|-damage|p2a: Cinderace|0 fnt\n|faint|p2a: Cinderace\n|\n|upkeep\n|\n|t:|1700196683\n|switch|p2a: Tapu Lele|Tapu Lele|100\/100\n|-fieldstart|move: Psychic Terrain|[from] ability: Psychic Surge|[of] p2a: Tapu Lele\n|turn|22\n|\n|t:|1700196690\n|move|p1a: Banette|Destiny Bond|p1a: Banette\n|-singlemove|p1a: Banette|Destiny Bond\n|move|p2a: Tapu Lele|Future Sight|p1a: Banette\n|-start|p2a: Tapu Lele|move: Future Sight\n|\n|upkeep\n|turn|23\n|\n|t:|1700196696\n|move|p1a: Banette|Pursuit|p2a: Tapu Lele\n|-damage|p2a: Tapu Lele|79\/100\n|move|p2a: Tapu Lele|Taunt|p1a: Banette\n|-start|p1a: Banette|move: Taunt\n|\n|upkeep\n|turn|24\n|\n|t:|1700196704\n|switch|p1a: Alomomola|Alomomola, M|50\/100\n|move|p2a: Tapu Lele|Moonblast|p1a: Alomomola\n|-damage|p1a: Alomomola|1\/100\n|\n|-end|p1a: Alomomola|move: Future Sight\n|-damage|p1a: Alomomola|0 fnt\n|faint|p1a: Alomomola\n|upkeep\n|\n|t:|1700196712\n|switch|p1a: Tapu Lele|Tapu Lele|100\/100\n|-damage|p1a: Tapu Lele|88\/100|[from] Stealth Rock\n|turn|25\n|\n|t:|1700196717\n|move|p1a: Tapu Lele|Psychic|p2a: Tapu Lele\n|-resisted|p2a: Tapu Lele\n|-damage|p2a: Tapu Lele|49\/100\n|-unboost|p2a: Tapu Lele|spd|1\n|move|p2a: Tapu Lele|Moonblast|p1a: Tapu Lele\n|-damage|p1a: Tapu Lele|31\/100\n|\n|upkeep\n|turn|26\n|\n|t:|1700196725\n|switch|p2a: Chansey|Chansey, F|100\/100\n|move|p1a: Tapu Lele|Psychic|p2a: Chansey\n|-crit|p2a: Chansey\n|-damage|p2a: Chansey|73\/100\n|\n|upkeep\n|turn|27\n|\n|t:|1700196730\n|switch|p1a: Banette|Banette-Mega, M|100\/100\n|-damage|p1a: Banette|88\/100|[from] Stealth Rock\n|move|p2a: Chansey|Thunder Wave|p1a: Banette|[miss]\n|-miss|p2a: Chansey|p1a: Banette\n|\n|upkeep\n|turn|28\n|\n|t:|1700196742\n|move|p1a: Banette|Pursuit|p2a: Chansey\n|-damage|p2a: Chansey|61\/100\n|move|p2a: Chansey|Thunder Wave|p1a: Banette\n|-status|p1a: Banette|par\n|\n|upkeep\n|turn|29\n|\n|t:|1700196749\n|move|p1a: Banette|Encore|p2a: Chansey\n|-activate|p2a: Chansey|move: Psychic Terrain\n|move|p2a: Chansey|Soft-Boiled|p2a: Chansey\n|-heal|p2a: Chansey|100\/100\n|\n|-fieldend|move: Psychic Terrain\n|upkeep\n|turn|30\n|\n|t:|1700196755\n|switch|p2a: Tapu Lele|Tapu Lele|49\/100\n|-fieldstart|move: Psychic Terrain|[from] ability: Psychic Surge|[of] p2a: Tapu Lele\n|move|p1a: Banette|Encore|p2a: Tapu Lele\n|-activate|p2a: Tapu Lele|move: Psychic Terrain\n|\n|upkeep\n|turn|31\n|\n|t:|1700196765\n|move|p2a: Tapu Lele|Moonblast|p1a: Banette\n|-damage|p1a: Banette|14\/100 par\n|move|p1a: Banette|Poltergeist|p2a: Tapu Lele\n|-activate|p2a: Tapu Lele|move: Poltergeist|Terrain Extender\n|-supereffective|p2a: Tapu Lele\n|-damage|p2a: Tapu Lele|0 fnt\n|faint|p2a: Tapu Lele\n|\n|upkeep\n|\n|t:|1700196768\n|switch|p2a: Chansey|Chansey, F|100\/100\n|turn|32\n|\n|t:|1700196775\n|move|p1a: Banette|Pursuit|p2a: Chansey\n|-damage|p2a: Chansey|89\/100\n|move|p2a: Chansey|Counter|p1a: Banette\n|-immune|p1a: Banette\n|\n|upkeep\n|turn|33\n|-message|tdd20070515\u5179\u4f0f\u5947\u5927\u543e forfeited.\n|\n|win|FlyingSudowoodo\n|raw|FlyingSudowoodo's rating: 1363 &rarr; <strong>1382<\/strong><br \/>(+19 for winning)\n|raw|tdd20070515\u5179\u4f0f\u5947\u5927\u543e's rating: 1337 &rarr; <strong>1318<\/strong><br \/>(-19 for losing)\n|l|\u2606tdd20070515\u5179\u4f0f\u5947\u5927\u543e\n","uploadtime":1700196786,"views":4,"p1id":"flyingsudowoodo","p2id":"tdd20070515","formatid":"gen9nationaldex","rating":1318,"private":0,"password":""}