{"id":"gen9nationaldex-1988024440","p1":"DANNYANDMIKEY","p2":"TheIcingCreeper","format":"[Gen 9] National Dex","log":"|j|\u2606DANNYANDMIKEY\n|j|\u2606TheIcingCreeper\n|t:|1699660427\n|gametype|singles\n|player|p1|DANNYANDMIKEY|red-gen2|\n|player|p2|TheIcingCreeper|valerie|\n|teamsize|p1|6\n|teamsize|p2|6\n|gen|9\n|tier|[Gen 9] National Dex\n|rule|HP Percentage Mod: HP is shown in percentages\n|rule|Endless Battle Clause: Forcing endless battles is banned\n|rule|OHKO Clause: OHKO moves are banned\n|rule|Evasion Clause: Evasion abilities, items, and moves are banned\n|rule|Evasion Abilities Clause: Evasion abilities are banned\n|rule|Evasion Items Clause: Evasion items are banned\n|rule|Evasion Moves Clause: Evasion moves are banned\n|rule|Species Clause: Limit one of each Pok\u00e9mon\n|rule|Sleep Clause Mod: Limit one foe put to sleep\n|clearpoke\n|poke|p1|Hydreigon, M|\n|poke|p1|Rotom-Heat|\n|poke|p1|Sceptile, M|\n|poke|p1|Sylveon, F|\n|poke|p1|Zoroark-Hisui, F|\n|poke|p1|Gyarados, M|\n|poke|p2|Wigglytuff, F|\n|poke|p2|Meowscarada, M|\n|poke|p2|Corviknight, M|\n|poke|p2|Ceruledge, M|\n|poke|p2|Dondozo, M|\n|poke|p2|Kommo-o, M|\n|teampreview\n|inactive|Battle timer is ON: inactive players will automatically lose when time's up. (requested by TheIcingCreeper)\n|\n|t:|1699660448\n|start\n|switch|p1a: Gyarados|Gyarados, M, shiny|100\/100\n|switch|p2a: Icing|Wigglytuff, F|100\/100\n|turn|1\n|\n|t:|1699660457\n|move|p2a: Icing|Protect|p2a: Icing\n|-singleturn|p2a: Icing|Protect\n|move|p1a: Gyarados|Sludge Bomb|p2a: Icing\n|-activate|p2a: Icing|move: Protect\n|\n|upkeep\n|turn|2\n|\n|t:|1699660465\n|switch|p1a: Rotom|Rotom-Heat|100\/100\n|switch|p2a: Peko|Corviknight, M|100\/100\n|\n|upkeep\n|turn|3\n|\n|t:|1699660473\n|switch|p2a: Mark|Ceruledge, M|100\/100\n|move|p1a: Rotom|Volt Switch|p2a: Mark\n|-damage|p2a: Mark|66\/100\n|\n|t:|1699660479\n|switch|p1a: Gyarados|Gyarados, M, shiny|100\/100|[from] Volt Switch\n|\n|upkeep\n|turn|4\n|\n|t:|1699660486\n|switch|p2a: Icing|Wigglytuff, F|100\/100\n|move|p1a: Gyarados|Sludge Bomb|p2a: Icing\n|-supereffective|p2a: Icing\n|-damage|p2a: Icing|11\/100\n|\n|-heal|p2a: Icing|18\/100|[from] item: Leftovers\n|upkeep\n|turn|5\n|\n|t:|1699660504\n|move|p2a: Icing|Protect|p2a: Icing\n|-singleturn|p2a: Icing|Protect\n|move|p1a: Gyarados|Sludge Bomb|p2a: Icing\n|-activate|p2a: Icing|move: Protect\n|\n|-heal|p2a: Icing|24\/100|[from] item: Leftovers\n|upkeep\n|turn|6\n|\n|t:|1699660511\n|switch|p1a: Rotom|Rotom-Heat|100\/100\n|move|p2a: Icing|Wish|p2a: Icing\n|\n|-heal|p2a: Icing|30\/100|[from] item: Leftovers\n|upkeep\n|turn|7\n|\n|t:|1699660520\n|move|p2a: Icing|Protect|p2a: Icing\n|-singleturn|p2a: Icing|Protect\n|move|p1a: Rotom|Volt Switch|p2a: Icing\n|-activate|p2a: Icing|move: Protect\n|\n|-heal|p2a: Icing|80\/100|[from] move: Wish|[wisher] Icing\n|-heal|p2a: Icing|86\/100|[from] item: Leftovers\n|upkeep\n|turn|8\n|\n|t:|1699660524\n|move|p1a: Rotom|Volt Switch|p2a: Icing\n|-damage|p2a: Icing|55\/100\n|\n|t:|1699660529\n|switch|p1a: Gyarados|Gyarados, M, shiny|100\/100|[from] Volt Switch\n|move|p2a: Icing|Wish|p2a: Icing\n|\n|-heal|p2a: Icing|61\/100|[from] item: Leftovers\n|upkeep\n|turn|9\n|\n|t:|1699660536\n|move|p2a: Icing|Protect|p2a: Icing\n|-singleturn|p2a: Icing|Protect\n|move|p1a: Gyarados|Sludge Bomb|p2a: Icing\n|-activate|p2a: Icing|move: Protect\n|\n|-heal|p2a: Icing|100\/100|[from] move: Wish|[wisher] Icing\n|upkeep\n|turn|10\n|\n|t:|1699660540\n|switch|p2a: Peko|Corviknight, M|100\/100\n|move|p1a: Gyarados|Sludge Bomb|p2a: Peko\n|-immune|p2a: Peko\n|\n|upkeep\n|turn|11\n|\n|t:|1699660545\n|switch|p1a: Rotom|Rotom-Heat|100\/100\n|switch|p2a: Oh|Kommo-o, M, shiny|100\/100\n|\n|upkeep\n|turn|12\n|\n|t:|1699660553\n|move|p1a: Rotom|Trick|p2a: Oh\n|-activate|p1a: Rotom|move: Trick|[of] p2a: Oh\n|-item|p2a: Oh|Choice Scarf|[from] move: Trick\n|-item|p1a: Rotom|Leftovers|[from] move: Trick\n|move|p2a: Oh|Clangorous Soul|p2a: Oh\n|-boost|p2a: Oh|atk|1\n|-boost|p2a: Oh|def|1\n|-boost|p2a: Oh|spa|1\n|-boost|p2a: Oh|spd|1\n|-boost|p2a: Oh|spe|1\n|-damage|p2a: Oh|68\/100\n|\n|upkeep\n|turn|13\n|\n|t:|1699660565\n|switch|p2a: Icing|Wigglytuff, F|100\/100\n|move|p1a: Rotom|Volt Switch|p2a: Icing\n|-damage|p2a: Icing|72\/100\n|j| UltraSwagGaming\n|\n|t:|1699660580\n|switch|p1a: Hydreigon|Hydreigon, M|100\/100|[from] Volt Switch\n|\n|-heal|p2a: Icing|78\/100|[from] item: Leftovers\n|upkeep\n|turn|14\n|c| UltraSwagGaming|danny pulled up with the\n|c| UltraSwagGaming|nat dex ru team\n|\n|t:|1699660589\n|move|p2a: Icing|Protect|p2a: Icing\n|-singleturn|p2a: Icing|Protect\n|move|p1a: Hydreigon|Flamethrower|p2a: Icing\n|-activate|p2a: Icing|move: Protect\n|\n|-heal|p2a: Icing|84\/100|[from] item: Leftovers\n|upkeep\n|turn|15\n|c| UltraSwagGaming|to a nat dex ou game\n|c| UltraSwagGaming|:fire:\n|\n|t:|1699660596\n|move|p1a: Hydreigon|Dark Pulse|p2a: Icing\n|-resisted|p2a: Icing\n|-damage|p2a: Icing|59\/100\n|-damage|p1a: Hydreigon|91\/100|[from] item: Life Orb\n|move|p2a: Icing|Wish|p2a: Icing\n|\n|-heal|p2a: Icing|65\/100|[from] item: Leftovers\n|upkeep\n|turn|16\n|\n|t:|1699660604\n|move|p1a: Hydreigon|Flash Cannon|p2a: Icing\n|-supereffective|p2a: Icing\n|-damage|p2a: Icing|2\/100\n|-damage|p1a: Hydreigon|81\/100|[from] item: Life Orb\n|move|p2a: Icing|Dazzling Gleam|p1a: Hydreigon\n|-supereffective|p1a: Hydreigon\n|-damage|p1a: Hydreigon|0 fnt\n|faint|p1a: Hydreigon\n|\n|-heal|p2a: Icing|52\/100|[from] move: Wish|[wisher] Icing\n|-heal|p2a: Icing|58\/100|[from] item: Leftovers\n|upkeep\n|c| UltraSwagGaming|OL\n|\n|t:|1699660614\n|switch|p1a: Gyarados|Gyarados, M, shiny|100\/100\n|turn|17\n|\n|t:|1699660618\n|switch|p1a: Gyarados|Gyarados, M, shiny|100\/100\n|-ability|p1a: Gyarados|Intimidate|boost\n|-unboost|p2a: Icing|atk|1\n|-ability|p2a: Icing|Competitive|boost\n|-boost|p2a: Icing|spa|2\n|move|p2a: Icing|Protect||[still]\n|-fail|p2a: Icing\n|\n|-heal|p2a: Icing|64\/100|[from] item: Leftovers\n|upkeep\n|turn|18\n|\n|t:|1699660624\n|move|p1a: Gyarados|Waterfall|p2a: Icing\n|-damage|p2a: Icing|25\/100\n|move|p2a: Icing|Wish|p2a: Icing\n|\n|-heal|p2a: Icing|31\/100|[from] item: Leftovers\n|upkeep\n|turn|19\n|c| UltraSwagGaming|bro\n|\n|t:|1699660632\n|switch|p1a: Gyarados|Gyarados, M, shiny|100\/100\n|move|p2a: Icing|Protect||[still]\n|-fail|p2a: Icing\n|\n|-heal|p2a: Icing|81\/100|[from] move: Wish|[wisher] Icing\n|-heal|p2a: Icing|87\/100|[from] item: Leftovers\n|upkeep\n|turn|20\n|c| UltraSwagGaming|you are SUPER FUCKED\n|c| UltraSwagGaming|that is a zoroark sir\n|\n|t:|1699660642\n|move|p2a: Icing|Protect|p2a: Icing\n|-singleturn|p2a: Icing|Protect\n|move|p1a: Gyarados|Flamethrower|p2a: Icing\n|-activate|p2a: Icing|move: Protect\n|\n|-heal|p2a: Icing|93\/100|[from] item: Leftovers\n|upkeep\n|turn|21\n|\n|t:|1699660649\n|switch|p1a: Sylveon|Sylveon, F|100\/100\n|move|p2a: Icing|Wish|p2a: Icing\n|\n|-heal|p2a: Icing|99\/100|[from] item: Leftovers\n|upkeep\n|turn|22\n|\n|t:|1699660655\n|move|p1a: Sylveon|Hyper Voice|p2a: Icing\n|-damage|p2a: Icing|57\/100\n|move|p2a: Icing|Dazzling Gleam|p1a: Sylveon\n|-damage|p1a: Sylveon|74\/100\n|\n|-heal|p2a: Icing|100\/100|[from] move: Wish|[wisher] Icing\n|-heal|p1a: Sylveon|80\/100|[from] item: Leftovers\n|upkeep\n|turn|23\n|c| UltraSwagGaming|I LOVE STALLL!!!!\n|c| UltraSwagGaming|YAYYYYY!!!\n|\n|t:|1699660660\n|move|p1a: Sylveon|Hyper Voice|p2a: Icing\n|-damage|p2a: Icing|59\/100\n|move|p2a: Icing|Wish|p2a: Icing\n|\n|-heal|p1a: Sylveon|87\/100|[from] item: Leftovers\n|-heal|p2a: Icing|65\/100|[from] item: Leftovers\n|upkeep\n|turn|24\n|\n|t:|1699660664\n|move|p2a: Icing|Protect|p2a: Icing\n|-singleturn|p2a: Icing|Protect\n|move|p1a: Sylveon|Hyper Voice|p2a: Icing\n|-activate|p2a: Icing|move: Protect\n|\n|-heal|p2a: Icing|100\/100|[from] move: Wish|[wisher] Icing\n|-heal|p1a: Sylveon|93\/100|[from] item: Leftovers\n|upkeep\n|turn|25\n|\n|t:|1699660668\n|move|p1a: Sylveon|Wish|p1a: Sylveon\n|move|p2a: Icing|Wish|p2a: Icing\n|\n|-heal|p1a: Sylveon|99\/100|[from] item: Leftovers\n|upkeep\n|turn|26\n|c| UltraSwagGaming|icing battling without stall challenge\n|\n|t:|1699660682\n|switch|p2a: Mark|Ceruledge, M|66\/100\n|move|p1a: Sylveon|Hyper Voice|p2a: Mark\n|-resisted|p2a: Mark\n|-damage|p2a: Mark|41\/100\n|\n|-heal|p2a: Mark|100\/100|[from] move: Wish|[wisher] Icing\n|-heal|p1a: Sylveon|100\/100|[from] move: Wish|[wisher] Sylveon\n|upkeep\n|turn|27\n|\n|t:|1699660689\n|switch|p2a: Icing|Wigglytuff, F|100\/100\n|move|p1a: Sylveon|Protect||[still]\n|-fail|p1a: Sylveon\n|\n|upkeep\n|turn|28\n|\n|t:|1699660696\n|move|p2a: Icing|Protect|p2a: Icing\n|-singleturn|p2a: Icing|Protect\n|move|p1a: Sylveon|Hyper Voice|p2a: Icing\n|-activate|p2a: Icing|move: Protect\n|\n|upkeep\n|turn|29\n|c| UltraSwagGaming|this is so fucking funny\n|\n|t:|1699660699\n|switch|p2a: Mark|Ceruledge, M|100\/100\n|move|p1a: Sylveon|Hyper Voice|p2a: Mark\n|-resisted|p2a: Mark\n|-damage|p2a: Mark|76\/100\n|\n|upkeep\n|turn|30\n|\n|t:|1699660704\n|move|p1a: Sylveon|Protect|p1a: Sylveon\n|-singleturn|p1a: Sylveon|Protect\n|move|p2a: Mark|Bitter Blade|p1a: Sylveon\n|-activate|p1a: Sylveon|move: Protect\n|\n|upkeep\n|turn|31\n|c| UltraSwagGaming|BRO JUST SET UP ICING\n|c| UltraSwagGaming|PLEASE\n|\n|t:|1699660711\n|switch|p2a: Icing|Wigglytuff, F|100\/100\n|move|p1a: Sylveon|Hyper Voice|p2a: Icing\n|-damage|p2a: Icing|60\/100\n|\n|-heal|p2a: Icing|66\/100|[from] item: Leftovers\n|upkeep\n|turn|32\n|c| UltraSwagGaming|SWEEP HIM PLEASEEEE BROOO\n|\n|t:|1699660719\n|move|p1a: Sylveon|Protect|p1a: Sylveon\n|-singleturn|p1a: Sylveon|Protect\n|move|p2a: Icing|Wish|p2a: Icing\n|\n|-heal|p2a: Icing|72\/100|[from] item: Leftovers\n|upkeep\n|turn|33\n|\n|t:|1699660725\n|move|p1a: Sylveon|Wish|p1a: Sylveon\n|move|p2a: Icing|Perish Song|p2a: Icing\n|-start|p1a: Sylveon|perish3|[silent]\n|-start|p2a: Icing|perish3|[silent]\n|-fieldactivate|move: Perish Song\n|\n|-heal|p2a: Icing|100\/100|[from] move: Wish|[wisher] Icing\n|-start|p1a: Sylveon|perish3\n|-start|p2a: Icing|perish3\n|upkeep\n|turn|34\n|\n|t:|1699660732\n|move|p2a: Icing|Protect|p2a: Icing\n|-singleturn|p2a: Icing|Protect\n|move|p1a: Sylveon|Hyper Voice|p2a: Icing\n|-activate|p2a: Icing|move: Protect\n|\n|-start|p1a: Sylveon|perish2\n|-start|p2a: Icing|perish2\n|upkeep\n|turn|35\n|\n|t:|1699660740\n|switch|p2a: Peko|Corviknight, M|100\/100\n|move|p1a: Sylveon|Wish|p1a: Sylveon\n|\n|-start|p1a: Sylveon|perish1\n|upkeep\n|turn|36\n|\n|t:|1699660753\n|switch|p2a: Icing|Wigglytuff, F|100\/100\n|switch|p1a: Rotom|Rotom-Heat|100\/100\n|\n|upkeep\n|turn|37\n|c| UltraSwagGaming|if I brought my koko terrain team\n|c| UltraSwagGaming|this would lose\n|\n|t:|1699660762\n|move|p2a: Icing|Protect|p2a: Icing\n|-singleturn|p2a: Icing|Protect\n|move|p1a: Rotom|Thunderbolt|p2a: Icing\n|-activate|p2a: Icing|move: Protect\n|\n|upkeep\n|turn|38\n|c| UltraSwagGaming|4-0\n|c| UltraSwagGaming|just saying...\n|\n|t:|1699660770\n|move|p1a: Rotom|Thunderbolt|p2a: Icing\n|-damage|p2a: Icing|63\/100\n|move|p2a: Icing|Wish|p2a: Icing\n|\n|-heal|p2a: Icing|69\/100|[from] item: Leftovers\n|upkeep\n|turn|39\n|\n|t:|1699660775\n|switch|p2a: Oh|Kommo-o, M, shiny|68\/100\n|move|p1a: Rotom|Volt Switch|p2a: Oh\n|-resisted|p2a: Oh\n|-damage|p2a: Oh|51\/100\n|\n|t:|1699660780\n|switch|p1a: Gyarados|Gyarados, M, shiny|100\/100|[from] Volt Switch\n|-ability|p1a: Gyarados|Intimidate|boost\n|-unboost|p2a: Oh|atk|1\n|\n|-heal|p2a: Oh|100\/100|[from] move: Wish|[wisher] Icing\n|upkeep\n|turn|40\n|\n|t:|1699660787\n|move|p2a: Oh|Clangorous Soul|p2a: Oh\n|-boost|p2a: Oh|atk|1\n|-boost|p2a: Oh|def|1\n|-boost|p2a: Oh|spa|1\n|-boost|p2a: Oh|spd|1\n|-boost|p2a: Oh|spe|1\n|-damage|p2a: Oh|68\/100\n|move|p1a: Gyarados|Ice Fang|p2a: Oh\n|-supereffective|p2a: Oh\n|-crit|p2a: Oh\n|-damage|p2a: Oh|4\/100\n|\n|upkeep\n|turn|41\n|\n|t:|1699660810\n|switch|p2a: Peko|Corviknight, M|100\/100\n|move|p1a: Gyarados|Crunch|p2a: Peko\n|-damage|p2a: Peko|82\/100\n|-damage|p1a: Gyarados|84\/100|[from] item: Rocky Helmet|[of] p2a: Peko\n|\n|upkeep\n|turn|42\n|c| UltraSwagGaming|just gonna play\n|c| UltraSwagGaming|this over this\n|c| UltraSwagGaming|gameplay\n|inactive|TheIcingCreeper has 270 seconds left.\n|\n|t:|1699660831\n|switch|p2a: Icing|Wigglytuff, F|69\/100\n|move|p1a: Gyarados|Waterfall|p2a: Icing\n|-damage|p2a: Icing|30\/100\n|\n|-heal|p2a: Icing|36\/100|[from] item: Leftovers\n|upkeep\n|turn|43\n|c| UltraSwagGaming|THIS IS SO FUNNNNYYYYYY\n|c| UltraSwagGaming|:SOBBING:::\n|\n|t:|1699660840\n|move|p2a: Icing|Protect|p2a: Icing\n|-singleturn|p2a: Icing|Protect\n|move|p1a: Gyarados|Earthquake|p2a: Icing\n|-activate|p2a: Icing|move: Protect\n|\n|-heal|p2a: Icing|42\/100|[from] item: Leftovers\n|upkeep\n|turn|44\n|c| UltraSwagGaming|the classical music\n|\n|t:|1699660844\n|move|p1a: Gyarados|Waterfall|p2a: Icing\n|-damage|p2a: Icing|2\/100\n|move|p2a: Icing|Wish|p2a: Icing\n|\n|-heal|p2a: Icing|8\/100|[from] item: Leftovers\n|upkeep\n|turn|45\n|c| UltraSwagGaming|with the stall\n|\n|t:|1699660850\n|move|p2a: Icing|Protect|p2a: Icing\n|-singleturn|p2a: Icing|Protect\n|move|p1a: Gyarados|Ice Fang|p2a: Icing\n|-activate|p2a: Icing|move: Protect\n|\n|-heal|p2a: Icing|58\/100|[from] move: Wish|[wisher] Icing\n|-heal|p2a: Icing|64\/100|[from] item: Leftovers\n|upkeep\n|turn|46\n|\n|t:|1699660854\n|switch|p2a: Peko|Corviknight, M|82\/100\n|move|p1a: Gyarados|Waterfall|p2a: Peko\n|-damage|p2a: Peko|57\/100\n|-damage|p1a: Gyarados|67\/100|[from] item: Rocky Helmet|[of] p2a: Peko\n|\n|upkeep\n|turn|47\n|\n|t:|1699660860\n|move|p1a: Gyarados|Waterfall|p2a: Peko\n|-damage|p2a: Peko|27\/100\n|-damage|p1a: Gyarados|51\/100|[from] item: Rocky Helmet|[of] p2a: Peko\n|cant|p2a: Peko|flinch\n|\n|upkeep\n|turn|48\n|\n|t:|1699660868\n|switch|p2a: Shisu|Dondozo, M, shiny|100\/100\n|move|p1a: Gyarados|Waterfall|p2a: Shisu\n|-resisted|p2a: Shisu\n|-damage|p2a: Shisu|88\/100\n|\n|upkeep\n|turn|49\n|\n|t:|1699660872\n|move|p1a: Gyarados|Earthquake|p2a: Shisu\n|-damage|p2a: Shisu|69\/100\n|move|p2a: Shisu|Curse|p2a: Shisu\n|-unboost|p2a: Shisu|spe|1\n|-boost|p2a: Shisu|atk|1\n|-boost|p2a: Shisu|def|1\n|\n|upkeep\n|turn|50\n|\n|t:|1699660878\n|switch|p1a: Rotom|Rotom-Heat|100\/100\n|move|p2a: Shisu|Aqua Tail|p1a: Rotom\n|-supereffective|p1a: Rotom\n|-crit|p1a: Rotom\n|-damage|p1a: Rotom|0 fnt\n|faint|p1a: Rotom\n|\n|upkeep\n|\n|t:|1699660887\n|switch|p1a: Gyarados|Gyarados, M, shiny|100\/100\n|turn|51\n|\n|t:|1699660910\n|switch|p2a: Oh|Kommo-o, M, shiny|4\/100\n|-terastallize|p1a: Gyarados|Ghost\n|move|p1a: Gyarados|Sludge Bomb|p2a: Oh\n|-immune|p2a: Oh|[from] ability: Bulletproof\n|\n|upkeep\n|turn|52\n|inactive|TheIcingCreeper has 270 seconds left.\n|\n|t:|1699660941\n|switch|p2a: Mark|Ceruledge, M|76\/100\n|switch|p1a: Sylveon|Sylveon, F|100\/100\n|\n|upkeep\n|turn|53\n|\n|t:|1699660949\n|move|p1a: Sylveon|Protect|p1a: Sylveon\n|-singleturn|p1a: Sylveon|Protect\n|move|p2a: Mark|Bitter Blade|p1a: Sylveon\n|-activate|p1a: Sylveon|move: Protect\n|\n|upkeep\n|turn|54\n|\n|t:|1699660956\n|move|p2a: Mark|Bitter Blade|p1a: Sylveon\n|-damage|p1a: Sylveon|45\/100\n|-heal|p2a: Mark|100\/100|[from] drain|[of] p1a: Sylveon\n|move|p1a: Sylveon|Shadow Ball|p2a: Mark\n|-supereffective|p2a: Mark\n|-damage|p2a: Mark|53\/100\n|\n|-heal|p1a: Sylveon|52\/100|[from] item: Leftovers\n|upkeep\n|turn|55\n|\n|t:|1699660964\n|switch|p2a: Icing|Wigglytuff, F|64\/100\n|move|p1a: Sylveon|Protect||[still]\n|-fail|p1a: Sylveon\n|\n|-heal|p1a: Sylveon|58\/100|[from] item: Leftovers\n|-heal|p2a: Icing|70\/100|[from] item: Leftovers\n|upkeep\n|turn|56\n|\n|t:|1699660972\n|move|p1a: Sylveon|Wish|p1a: Sylveon\n|move|p2a: Icing|Wish|p2a: Icing\n|\n|-heal|p1a: Sylveon|64\/100|[from] item: Leftovers\n|-heal|p2a: Icing|76\/100|[from] item: Leftovers\n|upkeep\n|turn|57\n|\n|t:|1699660975\n|switch|p2a: Peko|Corviknight, M|27\/100\n|move|p1a: Sylveon|Hyper Voice|p2a: Peko\n|-resisted|p2a: Peko\n|-damage|p2a: Peko|10\/100\n|\n|-heal|p1a: Sylveon|100\/100|[from] move: Wish|[wisher] Sylveon\n|-heal|p2a: Peko|63\/100|[from] move: Wish|[wisher] Icing\n|upkeep\n|turn|58\n|c| UltraSwagGaming|i love pokemon\n|\n|t:|1699660983\n|move|p1a: Sylveon|Protect|p1a: Sylveon\n|-singleturn|p1a: Sylveon|Protect\n|move|p2a: Peko|Roost|p2a: Peko\n|-heal|p2a: Peko|100\/100\n|-singleturn|p2a: Peko|move: Roost\n|\n|upkeep\n|turn|59\n|c| UltraSwagGaming|icing i think\n|c| UltraSwagGaming|you need to use\n|\n|t:|1699660989\n|move|p2a: Peko|Iron Defense|p2a: Peko\n|-boost|p2a: Peko|def|2\n|move|p1a: Sylveon|Shadow Ball|p2a: Peko\n|-damage|p2a: Peko|85\/100\n|\n|upkeep\n|turn|60\n|c| UltraSwagGaming|a different team\n|\n|t:|1699660992\n|switch|p1a: Gyarados|Gyarados, M, shiny, tera:Ghost|100\/100\n|move|p2a: Peko|Iron Defense|p2a: Peko\n|-boost|p2a: Peko|def|2\n|\n|upkeep\n|turn|61\n|c| UltraSwagGaming|because\n|\n|t:|1699660998\n|move|p1a: Gyarados|Shadow Ball|p2a: Peko\n|-damage|p2a: Peko|20\/100\n|move|p2a: Peko|Roost|p2a: Peko\n|-heal|p2a: Peko|70\/100\n|-singleturn|p2a: Peko|move: Roost\n|\n|upkeep\n|turn|62\n|c| UltraSwagGaming|its not making it enjoyable\n|c| UltraSwagGaming|i think thats the issue here icing\n|\n|t:|1699661004\n|switch|p1a: Sylveon|Sylveon, F|100\/100\n|switch|p2a: Oh|Kommo-o, M, shiny|4\/100\n|\n|upkeep\n|turn|63\n|\n|t:|1699661011\n|move|p2a: Oh|Flash Cannon|p1a: Sylveon\n|-supereffective|p1a: Sylveon\n|-damage|p1a: Sylveon|78\/100\n|move|p1a: Sylveon|Hyper Voice|p2a: Oh\n|-supereffective|p2a: Oh\n|-damage|p2a: Oh|0 fnt\n|faint|p2a: Oh\n|\n|-heal|p1a: Sylveon|84\/100|[from] item: Leftovers\n|upkeep\n|\n|t:|1699661019\n|switch|p2a: Mago|Meowscarada, M|100\/100\n|turn|64\n|\n|t:|1699661023\n|move|p2a: Mago|Flower Trick|p1a: Sylveon\n|-start|p2a: Mago|typechange|Grass|[from] ability: Protean\n|-crit|p1a: Sylveon\n|-damage|p1a: Sylveon|0 fnt\n|faint|p1a: Sylveon\n|\n|upkeep\n|\n|t:|1699661031\n|switch|p1a: Gyarados|Gyarados, M, shiny|51\/100\n|-ability|p1a: Gyarados|Intimidate|boost\n|-unboost|p2a: Mago|atk|1\n|turn|65\n|\n|t:|1699661037\n|move|p2a: Mago|Flower Trick|p1a: Gyarados\n|-crit|p1a: Gyarados\n|-damage|p1a: Gyarados|0 fnt\n|faint|p1a: Gyarados\n|\n|upkeep\n|\n|t:|1699661043\n|switch|p1a: MIKEY!|Sceptile, M, tera:Ghost|100\/100\n|turn|66\n|\n|t:|1699661054\n|switch|p2a: Shisu|Dondozo, M, shiny|69\/100\n|move|p1a: MIKEY!|Sludge Bomb|p2a: Shisu\n|-damage|p2a: Shisu|39\/100\n|\n|upkeep\n|turn|67\n|\n|t:|1699661067\n|move|p1a: MIKEY!|Sludge Bomb|p2a: Shisu\n|-damage|p2a: Shisu|9\/100\n|move|p2a: Shisu|Aqua Tail|p1a: MIKEY!\n|-crit|p1a: MIKEY!\n|-damage|p1a: MIKEY!|0 fnt\n|replace|p1a: Zoroark|Zoroark-Hisui, F\n|-end|p1a: Zoroark|Illusion\n|faint|p1a: Zoroark\n|\n|upkeep\n|\n|t:|1699661074\n|switch|p1a: MIKEY!|Sceptile, M|100\/100\n|turn|68\n|\n|t:|1699661083\n|detailschange|p1a: MIKEY!|Sceptile-Mega, M\n|-mega|p1a: MIKEY!|Sceptile|Sceptilite\n|move|p1a: MIKEY!|Dragon Dance|p1a: MIKEY!\n|-boost|p1a: MIKEY!|atk|1\n|-boost|p1a: MIKEY!|spe|1\n|move|p2a: Shisu|Rest|p2a: Shisu\n|-status|p2a: Shisu|slp|[from] move: Rest\n|-heal|p2a: Shisu|100\/100 slp|[silent]\n|\n|upkeep\n|turn|69\n|\n|t:|1699661091\n|move|p1a: MIKEY!|Dragon Dance|p1a: MIKEY!\n|-boost|p1a: MIKEY!|atk|1\n|-boost|p1a: MIKEY!|spe|1\n|cant|p2a: Shisu|slp\n|move|p2a: Shisu|Sleep Talk|p2a: Shisu\n|move|p2a: Shisu|Curse|p2a: Shisu|[from]move: Sleep Talk\n|-unboost|p2a: Shisu|spe|1\n|-boost|p2a: Shisu|atk|1\n|-boost|p2a: Shisu|def|1\n|\n|upkeep\n|turn|70\n|\n|t:|1699661099\n|move|p1a: MIKEY!|Leaf Blade|p2a: Shisu\n|-supereffective|p2a: Shisu\n|-damage|p2a: Shisu|66\/100 slp\n|cant|p2a: Shisu|slp\n|move|p2a: Shisu|Sleep Talk|p2a: Shisu\n|move|p2a: Shisu|Aqua Tail|p1a: MIKEY!|[from]move: Sleep Talk\n|-resisted|p1a: MIKEY!\n|-damage|p1a: MIKEY!|84\/100\n|\n|upkeep\n|turn|71\n|\n|t:|1699661104\n|-terastallize|p2a: Shisu|Dragon\n|move|p1a: MIKEY!|Leaf Blade|p2a: Shisu\n|-resisted|p2a: Shisu\n|-damage|p2a: Shisu|56\/100 slp\n|-curestatus|p2a: Shisu|slp|[msg]\n|move|p2a: Shisu|Curse|p2a: Shisu\n|-unboost|p2a: Shisu|spe|1\n|-boost|p2a: Shisu|atk|1\n|-boost|p2a: Shisu|def|1\n|\n|upkeep\n|turn|72\n|\n|t:|1699661108\n|move|p1a: MIKEY!|Dragon Claw|p2a: Shisu\n|-supereffective|p2a: Shisu\n|-damage|p2a: Shisu|32\/100\n|move|p2a: Shisu|Curse|p2a: Shisu\n|-unboost|p2a: Shisu|spe|1\n|-boost|p2a: Shisu|atk|1\n|-boost|p2a: Shisu|def|1\n|\n|upkeep\n|turn|73\n|\n|t:|1699661111\n|move|p1a: MIKEY!|Dragon Claw|p2a: Shisu\n|-supereffective|p2a: Shisu\n|-damage|p2a: Shisu|13\/100\n|move|p2a: Shisu|Rest|p2a: Shisu\n|-status|p2a: Shisu|slp|[from] move: Rest\n|-heal|p2a: Shisu|100\/100 slp|[silent]\n|\n|upkeep\n|turn|74\n|\n|t:|1699661114\n|move|p1a: MIKEY!|Dragon Claw|p2a: Shisu\n|-supereffective|p2a: Shisu\n|-damage|p2a: Shisu|80\/100 slp\n|cant|p2a: Shisu|slp\n|move|p2a: Shisu|Sleep Talk|p2a: Shisu\n|move|p2a: Shisu|Aqua Tail|p1a: MIKEY!|[from]move: Sleep Talk\n|-resisted|p1a: MIKEY!\n|-damage|p1a: MIKEY!|56\/100\n|\n|upkeep\n|turn|75\n|\n|t:|1699661115\n|move|p1a: MIKEY!|Dragon Claw|p2a: Shisu\n|-supereffective|p2a: Shisu\n|-damage|p2a: Shisu|61\/100 slp\n|cant|p2a: Shisu|slp\n|move|p2a: Shisu|Sleep Talk|p2a: Shisu\n|move|p2a: Shisu|Curse|p2a: Shisu|[from]move: Sleep Talk\n|-unboost|p2a: Shisu|spe|1\n|-boost|p2a: Shisu|atk|1\n|-boost|p2a: Shisu|def|1\n|\n|upkeep\n|turn|76\n|\n|t:|1699661118\n|move|p1a: MIKEY!|Dragon Claw|p2a: Shisu\n|-supereffective|p2a: Shisu\n|-damage|p2a: Shisu|44\/100 slp\n|-curestatus|p2a: Shisu|slp|[msg]\n|move|p2a: Shisu|Curse|p2a: Shisu\n|-unboost|p2a: Shisu|spe|1\n|-boost|p2a: Shisu|atk|1\n|-boost|p2a: Shisu|def|1\n|\n|upkeep\n|turn|77\n|\n|t:|1699661119\n|move|p1a: MIKEY!|Dragon Claw|p2a: Shisu\n|-supereffective|p2a: Shisu\n|-damage|p2a: Shisu|28\/100\n|move|p2a: Shisu|Rest|p2a: Shisu\n|-status|p2a: Shisu|slp|[from] move: Rest\n|-heal|p2a: Shisu|100\/100 slp|[silent]\n|\n|upkeep\n|turn|78\n|\n|t:|1699661122\n|move|p1a: MIKEY!|Dragon Claw|p2a: Shisu\n|-supereffective|p2a: Shisu\n|-damage|p2a: Shisu|87\/100 slp\n|cant|p2a: Shisu|slp\n|move|p2a: Shisu|Sleep Talk|p2a: Shisu\n|move|p2a: Shisu|Rest||[from]move: Sleep Talk|[still]\n|-fail|p2a: Shisu\n|\n|upkeep\n|turn|79\n|\n|t:|1699661124\n|move|p1a: MIKEY!|Dragon Claw|p2a: Shisu\n|-supereffective|p2a: Shisu\n|-damage|p2a: Shisu|73\/100 slp\n|cant|p2a: Shisu|slp\n|\n|upkeep\n|turn|80\n|\n|t:|1699661126\n|move|p1a: MIKEY!|Leaf Blade|p2a: Shisu\n|-resisted|p2a: Shisu\n|-damage|p2a: Shisu|69\/100 slp\n|-curestatus|p2a: Shisu|slp|[msg]\n|move|p2a: Shisu|Aqua Tail|p1a: MIKEY!\n|-resisted|p1a: MIKEY!\n|-damage|p1a: MIKEY!|14\/100\n|\n|upkeep\n|turn|81\n|\n|t:|1699661128\n|move|p1a: MIKEY!|Dragon Claw|p2a: Shisu\n|-supereffective|p2a: Shisu\n|-damage|p2a: Shisu|54\/100\n|move|p2a: Shisu|Aqua Tail|p1a: MIKEY!\n|-resisted|p1a: MIKEY!\n|-damage|p1a: MIKEY!|0 fnt\n|faint|p1a: MIKEY!\n|\n|win|TheIcingCreeper\n","uploadtime":1699661138,"views":10,"p1id":"dannyandmikey","p2id":"theicingcreeper","formatid":"gen9nationaldex","rating":0,"private":0,"password":""}