{"id":"gen9nationaldex-1997705629","p1":"hideyourpineapples","p2":"MoraKun","format":"[Gen 9] National Dex","log":"|html|<div class=\"broadcast-blue\"><strong>[Gen 9] National Dex is currently suspecting Sneasler! For information on how to participate check out the <a href=\"https:\/\/www.smogon.com\/forums\/threads\/sv-national-dex-suspect-8-just-dance.3731534\/\">suspect thread<\/a>.<\/strong><\/div>\n|j|\u2606hideyourpineapples\n|j|\u2606MoraKun\n|t:|1700843860\n|gametype|singles\n|player|p1|hideyourpineapples|ninjaboy|\n|player|p2|MoraKun|n|\n|teamsize|p1|6\n|teamsize|p2|6\n|gen|9\n|tier|[Gen 9] National Dex\n|rule|HP Percentage Mod: HP is shown in percentages\n|rule|Endless Battle Clause: Forcing endless battles is banned\n|rule|OHKO Clause: OHKO moves are banned\n|rule|Evasion Clause: Evasion abilities, items, and moves are banned\n|rule|Evasion Abilities Clause: Evasion abilities are banned\n|rule|Evasion Items Clause: Evasion items are banned\n|rule|Evasion Moves Clause: Evasion moves are banned\n|rule|Species Clause: Limit one of each Pok\u00e9mon\n|rule|Sleep Clause Mod: Limit one foe put to sleep\n|clearpoke\n|poke|p1|Diancie|\n|poke|p1|Dragonite, M|\n|poke|p1|Landorus-Therian, M|\n|poke|p1|Samurott-Hisui, F|\n|poke|p1|Electrode-Hisui|\n|poke|p1|Volcarona, F|\n|poke|p2|Ceruledge, F|\n|poke|p2|Kommo-o, F|\n|poke|p2|Charizard, F|\n|poke|p2|Rillaboom, F|\n|poke|p2|Rotom-Wash|\n|poke|p2|Landorus-Therian, M|\n|teampreview\n|c|\u2606hideyourpineapples|hold\n|l|\u2606MoraKun\n|player|p2|\n|j| Guillarco28\n|j|\u2606MoraKun\n|player|p2|MoraKun|n\n|c| Guillarco28|ya podeis\n|\n|t:|1700843993\n|start\n|switch|p1a: Electrode|Electrode-Hisui|100\/100\n|switch|p2a: Rumba|Landorus-Therian, M|100\/100\n|-ability|p2a: Rumba|Intimidate|boost\n|-unboost|p1a: Electrode|atk|1\n|turn|1\n|\n|t:|1700844004\n|move|p2a: Rumba|U-turn|p1a: Electrode\n|-supereffective|p1a: Electrode\n|-damage|p1a: Electrode|14\/100\n|\n|t:|1700844010\n|switch|p2a: Firiana|Charizard, F|100\/100|[from] U-turn\n|move|p1a: Electrode|Leech Seed|p2a: Firiana\n|-start|p2a: Firiana|move: Leech Seed\n|\n|-damage|p2a: Firiana|88\/100|[from] Leech Seed|[of] p1a: Electrode\n|-heal|p1a: Electrode|28\/100|[silent]\n|upkeep\n|turn|2\n|\n|t:|1700844020\n|detailschange|p2a: Firiana|Charizard-Mega-Y, F\n|-mega|p2a: Firiana|Charizard|Charizardite Y\n|-weather|SunnyDay|[from] ability: Drought|[of] p2a: Firiana\n|move|p1a: Electrode|Volt Switch|p2a: Firiana\n|-supereffective|p2a: Firiana\n|-damage|p2a: Firiana|35\/100\n|\n|t:|1700844044\n|switch|p1a: Samurott|Samurott-Hisui, F|100\/100|[from] Volt Switch\n|move|p2a: Firiana|Flamethrower|p1a: Samurott\n|-resisted|p1a: Samurott\n|-damage|p1a: Samurott|35\/100\n|\n|-weather|SunnyDay|[upkeep]\n|-damage|p2a: Firiana|22\/100|[from] Leech Seed|[of] p1a: Samurott\n|-heal|p1a: Samurott|46\/100|[silent]\n|upkeep\n|turn|3\n|\n|t:|1700844056\n|move|p1a: Samurott|Sucker Punch|p2a: Firiana\n|-damage|p2a: Firiana|0 fnt\n|faint|p2a: Firiana\n|-damage|p1a: Samurott|36\/100|[from] item: Life Orb\n|\n|-weather|SunnyDay|[upkeep]\n|upkeep\n|\n|t:|1700844064\n|switch|p2a: Ojitos|Ceruledge, F, shiny|100\/100\n|turn|4\n|\n|t:|1700844073\n|move|p2a: Ojitos|Endure|p2a: Ojitos\n|-singleturn|p2a: Ojitos|move: Endure\n|move|p1a: Samurott|Ceaseless Edge|p2a: Ojitos\n|-supereffective|p2a: Ojitos\n|-activate|p2a: Ojitos|move: Endure\n|-damage|p2a: Ojitos|1\/100\n|-ability|p2a: Ojitos|Weak Armor|boost\n|-unboost|p2a: Ojitos|def|1\n|-boost|p2a: Ojitos|spe|2\n|-enditem|p2a: Ojitos|Weakness Policy\n|-boost|p2a: Ojitos|atk|2|[from] item: Weakness Policy\n|-boost|p2a: Ojitos|spa|2|[from] item: Weakness Policy\n|-sidestart|p2: MoraKun|Spikes\n|-damage|p1a: Samurott|26\/100|[from] item: Life Orb\n|\n|-weather|SunnyDay|[upkeep]\n|upkeep\n|turn|5\n|\n|t:|1700844093\n|move|p2a: Ojitos|Shadow Sneak|p1a: Samurott\n|-resisted|p1a: Samurott\n|-damage|p1a: Samurott|0 fnt\n|faint|p1a: Samurott\n|\n|-weather|SunnyDay|[upkeep]\n|upkeep\n|\n|t:|1700844124\n|switch|p1a: Landorus|Landorus-Therian, M|100\/100\n|-ability|p1a: Landorus|Intimidate|boost\n|-unboost|p2a: Ojitos|atk|1\n|turn|6\n|\n|t:|1700844143\n|move|p2a: Ojitos|Bitter Blade|p1a: Landorus\n|-damage|p1a: Landorus|0 fnt\n|-heal|p2a: Ojitos|56\/100|[from] drain|[of] p1a: Landorus\n|-damage|p2a: Ojitos|39\/100|[from] item: Rocky Helmet|[of] p1a: Landorus\n|faint|p1a: Landorus\n|\n|-weather|none\n|upkeep\n|\n|t:|1700844179\n|switch|p1a: Dragonite|Dragonite, M|100\/100\n|turn|7\n|\n|t:|1700844219\n|move|p2a: Ojitos|Poltergeist|p1a: Dragonite|[miss]\n|-miss|p2a: Ojitos|p1a: Dragonite\n|move|p1a: Dragonite|Earthquake|p2a: Ojitos\n|-supereffective|p2a: Ojitos\n|-damage|p2a: Ojitos|0 fnt\n|faint|p2a: Ojitos\n|\n|upkeep\n|c|\u2606hideyourpineapples|palo duro\n|\n|t:|1700844234\n|switch|p2a: Grimita|Kommo-o, F, shiny|100\/100\n|-damage|p2a: Grimita|88\/100|[from] Spikes\n|turn|8\n|\n|t:|1700844253\n|switch|p1a: Diancie|Diancie|100\/100\n|move|p2a: Grimita|Iron Head|p1a: Diancie\n|-supereffective|p1a: Diancie\n|-damage|p1a: Diancie|0 fnt\n|faint|p1a: Diancie\n|\n|upkeep\n|\n|t:|1700844268\n|switch|p1a: Dragonite|Dragonite, M|100\/100\n|turn|9\n|\n|t:|1700844278\n|-terastallize|p1a: Dragonite|Normal\n|-zpower|p2a: Grimita\n|move|p2a: Grimita|Clangorous Soulblaze|p1a: Dragonite|[zeffect]\n|-damage|p1a: Dragonite|81\/100\n|-boost|p2a: Grimita|atk|1\n|-boost|p2a: Grimita|def|1\n|-boost|p2a: Grimita|spa|1\n|-boost|p2a: Grimita|spd|1\n|-boost|p2a: Grimita|spe|1\n|move|p1a: Dragonite|Dual Wingbeat|p2a: Grimita\n|-supereffective|p2a: Grimita\n|-damage|p2a: Grimita|59\/100\n|-supereffective|p2a: Grimita\n|-damage|p2a: Grimita|26\/100\n|-hitcount|p2a: Grimita|2\n|\n|upkeep\n|turn|10\n|\n|t:|1700844304\n|move|p1a: Dragonite|Extreme Speed|p2a: Grimita\n|-damage|p2a: Grimita|0 fnt\n|faint|p2a: Grimita\n|\n|upkeep\n|\n|t:|1700844318\n|switch|p2a: Rumba|Landorus-Therian, M|100\/100\n|-ability|p2a: Rumba|Intimidate|boost\n|-unboost|p1a: Dragonite|atk|1\n|turn|11\n|\n|t:|1700844341\n|switch|p1a: Volcarona|Volcarona, F|100\/100\n|move|p2a: Rumba|Earthquake|p1a: Volcarona\n|-damage|p1a: Volcarona|15\/100\n|\n|upkeep\n|turn|12\n|\n|t:|1700844350\n|switch|p1a: Dragonite|Dragonite, M, tera:Normal|81\/100\n|move|p2a: Rumba|Earthquake|p1a: Dragonite\n|-damage|p1a: Dragonite|29\/100\n|\n|upkeep\n|turn|13\n|\n|t:|1700844365\n|move|p1a: Dragonite|Extreme Speed|p2a: Rumba\n|-damage|p2a: Rumba|45\/100\n|move|p2a: Rumba|Earthquake|p1a: Dragonite\n|-damage|p1a: Dragonite|0 fnt\n|faint|p1a: Dragonite\n|\n|upkeep\n|\n|t:|1700844371\n|switch|p1a: Electrode|Electrode-Hisui|28\/100\n|turn|14\n|\n|t:|1700844379\n|move|p2a: Rumba|Earthquake|p1a: Electrode\n|-damage|p1a: Electrode|0 fnt\n|faint|p1a: Electrode\n|\n|upkeep\n|c|\u2606hideyourpineapples|pinche scarf\n|c|\u2606hideyourpineapples|gg\n|\n|t:|1700844390\n|switch|p1a: Volcarona|Volcarona, F|15\/100\n|turn|15\n|\n|t:|1700844393\n|move|p2a: Rumba|Earthquake|p1a: Volcarona\n|-damage|p1a: Volcarona|0 fnt\n|faint|p1a: Volcarona\n|\n|win|MoraKun\n|c| Guillarco28|gg\n|l|\u2606hideyourpineapples\n|c|\u2606MoraKun|Gg\n|l|\u2606MoraKun\n","uploadtime":1700844403,"views":1,"p1id":"hideyourpineapples","p2id":"morakun","formatid":"gen9nationaldex","rating":0,"private":0,"password":""}