{"id":"gen9nationaldex-1988480372","p1":"BlueSlayer78","p2":"bczyeslol","format":"[Gen 9] National Dex","log":"|j|\u2606BlueSlayer78\n|j|\u2606bczyeslol\n|t:|1699727474\n|gametype|singles\n|player|p1|BlueSlayer78|pokemonbreeder-gen4|1311\n|player|p2|bczyeslol|dawn-gen4pt|1247\n|teamsize|p1|6\n|teamsize|p2|6\n|gen|9\n|tier|[Gen 9] National Dex\n|rated|\n|rule|HP Percentage Mod: HP is shown in percentages\n|rule|Endless Battle Clause: Forcing endless battles is banned\n|rule|OHKO Clause: OHKO moves are banned\n|rule|Evasion Clause: Evasion abilities, items, and moves are banned\n|rule|Evasion Abilities Clause: Evasion abilities are banned\n|rule|Evasion Items Clause: Evasion items are banned\n|rule|Evasion Moves Clause: Evasion moves are banned\n|rule|Species Clause: Limit one of each Pok\u00e9mon\n|rule|Sleep Clause Mod: Limit one foe put to sleep\n|clearpoke\n|poke|p1|Slowking-Galar, F|\n|poke|p1|Tornadus-Therian, M|\n|poke|p1|Blaziken, M|\n|poke|p1|Kartana|\n|poke|p1|Latias, F|\n|poke|p1|Ogerpon-Wellspring, F|\n|poke|p2|Weavile, F|\n|poke|p2|Kartana|\n|poke|p2|Landorus-Therian, M|\n|poke|p2|Dragonite, M|\n|poke|p2|Gardevoir, F|\n|poke|p2|Wobbuffet, F|\n|teampreview\n|inactive|Battle timer is ON: inactive players will automatically lose when time's up. (requested by BlueSlayer78)\n|\n|t:|1699727496\n|start\n|switch|p1a: Dus-Ty|Tornadus-Therian, M|100\/100\n|switch|p2a: Weavile|Weavile, F, shiny|100\/100\n|turn|1\n|\n|t:|1699727503\n|switch|p1a: Chickfilet|Blaziken, M, shiny|100\/100\n|move|p2a: Weavile|Icicle Crash|p1a: Chickfilet\n|-resisted|p1a: Chickfilet\n|-damage|p1a: Chickfilet|44\/100\n|\n|upkeep\n|turn|2\n|\n|t:|1699727511\n|move|p1a: Chickfilet|Protect|p1a: Chickfilet\n|-singleturn|p1a: Chickfilet|Protect\n|move|p2a: Weavile|Icicle Crash|p1a: Chickfilet\n|-activate|p1a: Chickfilet|move: Protect\n|\n|-ability|p1a: Chickfilet|Speed Boost|boost\n|-boost|p1a: Chickfilet|spe|1\n|upkeep\n|turn|3\n|\n|t:|1699727533\n|switch|p2a: Landorus|Landorus-Therian, M, shiny|100\/100\n|-ability|p2a: Landorus|Intimidate|boost\n|-unboost|p1a: Chickfilet|atk|1\n|move|p1a: Chickfilet|Blaze Kick|p2a: Landorus\n|-damage|p2a: Landorus|70\/100\n|\n|-heal|p2a: Landorus|76\/100|[from] item: Leftovers\n|-ability|p1a: Chickfilet|Speed Boost|boost\n|-boost|p1a: Chickfilet|spe|1\n|upkeep\n|turn|4\n|inactive|BlueSlayer78 has 120 seconds left.\n|\n|t:|1699727557\n|switch|p1a: Dus-Ty|Tornadus-Therian, M|100\/100\n|move|p2a: Landorus|U-turn|p1a: Dus-Ty\n|-resisted|p1a: Dus-Ty\n|-damage|p1a: Dus-Ty|88\/100\n|\n|t:|1699727560\n|switch|p2a: Weavile|Weavile, F, shiny|100\/100|[from] U-turn\n|\n|upkeep\n|turn|5\n|inactive|BlueSlayer78 has 120 seconds left.\n|\n|t:|1699727592\n|switch|p1a: Kang|Slowking-Galar, F, shiny|100\/100\n|move|p2a: Weavile|Icicle Crash|p1a: Kang\n|-damage|p1a: Kang|31\/100\n|\n|-heal|p1a: Kang|37\/100|[from] item: Black Sludge\n|upkeep\n|turn|6\n|inactive|BlueSlayer78 has 90 seconds left.\n|\n|t:|1699727617\n|switch|p1a: Shamwao|Ogerpon-Wellspring, F|100\/100\n|move|p2a: Weavile|Icicle Crash|p1a: Shamwao\n|-damage|p1a: Shamwao|16\/100\n|\n|upkeep\n|turn|7\n|\n|t:|1699727625\n|move|p1a: Shamwao|U-turn|p2a: Weavile\n|-supereffective|p2a: Weavile\n|-damage|p2a: Weavile|12\/100\n|\n|t:|1699727632\n|switch|p1a: Kang|Slowking-Galar, F, shiny|71\/100|[from] U-turn\n|move|p2a: Weavile|Icicle Crash|p1a: Kang\n|-damage|p1a: Kang|0 fnt\n|faint|p1a: Kang\n|\n|upkeep\n|\n|t:|1699727639\n|switch|p1a: Shamwao|Ogerpon-Wellspring, F|16\/100\n|turn|8\n|\n|t:|1699727645\n|switch|p2a: Dragonite|Dragonite, M, shiny|100\/100\n|move|p1a: Shamwao|Horn Leech|p2a: Dragonite\n|-resisted|p2a: Dragonite\n|-damage|p2a: Dragonite|95\/100\n|-heal|p1a: Shamwao|20\/100|[from] drain|[of] p2a: Dragonite\n|\n|upkeep\n|turn|9\n|\n|t:|1699727667\n|switch|p1a: Malaysia370|Latias, F|100\/100\n|move|p2a: Dragonite|Extreme Speed|p1a: Malaysia370\n|-damage|p1a: Malaysia370|77\/100\n|\n|upkeep\n|turn|10\n|inactive|BlueSlayer78 has 90 seconds left.\n|\n|t:|1699727682\n|detailschange|p1a: Malaysia370|Latias-Mega, F\n|-mega|p1a: Malaysia370|Latias|Latiasite\n|-zpower|p2a: Dragonite\n|move|p2a: Dragonite|Subzero Slammer|p1a: Malaysia370|[zeffect]\n|-supereffective|p1a: Malaysia370\n|-damage|p1a: Malaysia370|2\/100\n|move|p1a: Malaysia370|Psychic|p2a: Dragonite\n|-damage|p2a: Dragonite|49\/100\n|\n|upkeep\n|turn|11\n|inactive|BlueSlayer78 has 90 seconds left.\n|\n|t:|1699727699\n|move|p2a: Dragonite|Extreme Speed|p1a: Malaysia370\n|-damage|p1a: Malaysia370|0 fnt\n|faint|p1a: Malaysia370\n|\n|upkeep\n|\n|t:|1699727704\n|switch|p1a: Chickfilet|Blaziken, M, shiny|44\/100\n|turn|12\n|inactive|BlueSlayer78 has 90 seconds left.\n|\n|t:|1699727713\n|move|p2a: Dragonite|Dragon Dance|p2a: Dragonite\n|-boost|p2a: Dragonite|atk|1\n|-boost|p2a: Dragonite|spe|1\n|-zpower|p1a: Chickfilet\n|move|p1a: Chickfilet|Z-Hone Claws|p1a: Chickfilet|[anim]Hone Claws\n|-boost|p1a: Chickfilet|atk|1|[zeffect]\n|-boost|p1a: Chickfilet|atk|1\n|-boost|p1a: Chickfilet|accuracy|1\n|\n|-ability|p1a: Chickfilet|Speed Boost|boost\n|-boost|p1a: Chickfilet|spe|1\n|upkeep\n|turn|13\n|\n|t:|1699727726\n|move|p1a: Chickfilet|Protect|p1a: Chickfilet\n|-singleturn|p1a: Chickfilet|Protect\n|move|p2a: Dragonite|Earthquake|p1a: Chickfilet\n|-activate|p1a: Chickfilet|move: Protect\n|\n|-ability|p1a: Chickfilet|Speed Boost|boost\n|-boost|p1a: Chickfilet|spe|1\n|upkeep\n|turn|14\n|\n|t:|1699727734\n|move|p2a: Dragonite|Extreme Speed|p1a: Chickfilet\n|-damage|p1a: Chickfilet|0 fnt\n|faint|p1a: Chickfilet\n|\n|upkeep\n|\n|t:|1699727738\n|switch|p1a: Mario Kart|Kartana, shiny|100\/100\n|turn|15\n|\n|t:|1699727746\n|move|p2a: Dragonite|Earthquake|p1a: Mario Kart\n|-damage|p1a: Mario Kart|41\/100\n|move|p1a: Mario Kart|Smart Strike|p2a: Dragonite\n|-damage|p2a: Dragonite|0 fnt\n|faint|p2a: Dragonite\n|-ability|p1a: Mario Kart|Beast Boost|boost\n|-boost|p1a: Mario Kart|atk|1\n|\n|upkeep\n|\n|t:|1699727752\n|switch|p2a: Wobbuffet|Wobbuffet, F, shiny|100\/100\n|turn|16\n|\n|t:|1699727756\n|-terastallize|p1a: Mario Kart|Dark\n|move|p1a: Mario Kart|Smart Strike|p2a: Wobbuffet\n|-damage|p2a: Wobbuffet|10\/100\n|move|p2a: Wobbuffet|Counter|p1a: Mario Kart\n|-damage|p1a: Mario Kart|0 fnt\n|faint|p1a: Mario Kart\n|\n|upkeep\n|\n|t:|1699727765\n|switch|p1a: Shamwao|Ogerpon-Wellspring, F|20\/100\n|turn|17\n|-enditem|p2a: Wobbuffet|Custap Berry|[eat]\n|-activate|p2a: Wobbuffet|item: Custap Berry|[consumed]\n|\n|t:|1699727767\n|move|p2a: Wobbuffet|Destiny Bond|p2a: Wobbuffet\n|-singlemove|p2a: Wobbuffet|Destiny Bond\n|move|p1a: Shamwao|Swords Dance|p1a: Shamwao\n|-boost|p1a: Shamwao|atk|2\n|\n|upkeep\n|turn|18\n|\n|t:|1699727774\n|move|p1a: Shamwao|Swords Dance|p1a: Shamwao\n|-boost|p1a: Shamwao|atk|2\n|move|p2a: Wobbuffet|Encore|p1a: Shamwao\n|-start|p1a: Shamwao|Encore\n|\n|upkeep\n|turn|19\n|\n|t:|1699727778\n|switch|p2a: Kartana|Kartana, shiny|100\/100\n|move|p1a: Shamwao|Swords Dance|p1a: Shamwao\n|-boost|p1a: Shamwao|atk|2\n|\n|upkeep\n|turn|20\n|\n|t:|1699727791\n|switch|p1a: Dus-Ty|Tornadus-Therian, M|100\/100\n|move|p2a: Kartana|Knock Off|p1a: Dus-Ty\n|-damage|p1a: Dus-Ty|55\/100\n|-enditem|p1a: Dus-Ty|Heavy-Duty Boots|[from] move: Knock Off|[of] p2a: Kartana\n|\n|upkeep\n|turn|21\n|\n|t:|1699727799\n|switch|p2a: Landorus|Landorus-Therian, M, shiny|76\/100\n|-ability|p2a: Landorus|Intimidate|boost\n|-unboost|p1a: Dus-Ty|atk|1\n|move|p1a: Dus-Ty|Bleakwind Storm|p2a: Landorus\n|-damage|p2a: Landorus|33\/100\n|\n|-heal|p2a: Landorus|39\/100|[from] item: Leftovers\n|upkeep\n|turn|22\n|\n|t:|1699727807\n|move|p1a: Dus-Ty|Bleakwind Storm|p2a: Landorus\n|-damage|p2a: Landorus|0 fnt\n|faint|p2a: Landorus\n|\n|upkeep\n|\n|t:|1699727810\n|switch|p2a: Gardevoir|Gardevoir, F, shiny|100\/100\n|-ability|p2a: Gardevoir|Regenerator|[from] ability: Trace|[of] p1a: Dus-Ty\n|turn|23\n|\n|t:|1699727817\n|detailschange|p2a: Gardevoir|Gardevoir-Mega, F, shiny\n|-mega|p2a: Gardevoir|Gardevoir|Gardevoirite\n|move|p1a: Dus-Ty|U-turn|p2a: Gardevoir\n|-damage|p2a: Gardevoir|84\/100\n|\n|t:|1699727820\n|switch|p1a: Shamwao|Ogerpon-Wellspring, F|20\/100|[from] U-turn\n|move|p2a: Gardevoir|Hyper Voice|p1a: Shamwao\n|-damage|p1a: Shamwao|0 fnt\n|faint|p1a: Shamwao\n|\n|upkeep\n|\n|t:|1699727821\n|switch|p1a: Dus-Ty|Tornadus-Therian, M|88\/100\n|turn|24\n|\n|t:|1699727825\n|move|p1a: Dus-Ty|Bleakwind Storm|p2a: Gardevoir\n|-damage|p2a: Gardevoir|46\/100\n|-unboost|p2a: Gardevoir|spe|1\n|move|p2a: Gardevoir|Hyper Voice|p1a: Dus-Ty\n|-damage|p1a: Dus-Ty|22\/100\n|\n|upkeep\n|turn|25\n|\n|t:|1699727832\n|move|p1a: Dus-Ty|Bleakwind Storm|p2a: Gardevoir\n|-damage|p2a: Gardevoir|12\/100\n|move|p2a: Gardevoir|Hyper Voice|p1a: Dus-Ty\n|-damage|p1a: Dus-Ty|0 fnt\n|faint|p1a: Dus-Ty\n|\n|win|bczyeslol\n|raw|BlueSlayer78's rating: 1311 &rarr; <strong>1287<\/strong><br \/>(-24 for losing)\n|raw|bczyeslol's rating: 1247 &rarr; <strong>1277<\/strong><br \/>(+30 for winning)\n|l|\u2606BlueSlayer78\n","uploadtime":1699727843,"views":5,"p1id":"blueslayer78","p2id":"bczyeslol","formatid":"gen9nationaldex","rating":1277,"private":0,"password":""}