{"id":"gen9nationaldex-1990339431","p1":"Freedom Demon","p2":"GAGA233","format":"[Gen 9] National Dex","log":"|j|\u2606Freedom Demon\n|j|\u2606GAGA233\n|t:|1699959094\n|gametype|singles\n|player|p1|Freedom Demon|gambler|1528\n|player|p2|GAGA233|red|1604\n|teamsize|p1|6\n|teamsize|p2|6\n|gen|9\n|tier|[Gen 9] National Dex\n|rated|\n|rule|HP Percentage Mod: HP is shown in percentages\n|rule|Endless Battle Clause: Forcing endless battles is banned\n|rule|OHKO Clause: OHKO moves are banned\n|rule|Evasion Clause: Evasion abilities, items, and moves are banned\n|rule|Evasion Abilities Clause: Evasion abilities are banned\n|rule|Evasion Items Clause: Evasion items are banned\n|rule|Evasion Moves Clause: Evasion moves are banned\n|rule|Species Clause: Limit one of each Pok\u00e9mon\n|rule|Sleep Clause Mod: Limit one foe put to sleep\n|clearpoke\n|poke|p1|Sneasler, M|\n|poke|p1|Hoopa-Unbound|\n|poke|p1|Corviknight, M|\n|poke|p1|Rillaboom, F|\n|poke|p1|Banette, M|\n|poke|p1|Blissey, F|\n|poke|p2|Ogerpon, F|\n|poke|p2|Corviknight, M|\n|poke|p2|Clodsire, M|\n|poke|p2|Tyranitar, F|\n|poke|p2|Alomomola, F|\n|poke|p2|Banette, M|\n|teampreview\n|inactive|Battle timer is ON: inactive players will automatically lose when time's up. (requested by GAGA233)\n|\n|t:|1699959117\n|start\n|switch|p1a: \u72c2\u86ee\u9b54\u5c0a|Hoopa-Unbound|100\/100\n|switch|p2a: Corviknight|Corviknight, M|100\/100\n|-ability|p2a: Corviknight|Pressure\n|turn|1\n|\n|t:|1699959127\n|move|p1a: \u72c2\u86ee\u9b54\u5c0a|Dark Pulse|p2a: Corviknight\n|-damage|p2a: Corviknight|21\/100\n|move|p2a: Corviknight|U-turn|p1a: \u72c2\u86ee\u9b54\u5c0a\n|-supereffective|p1a: \u72c2\u86ee\u9b54\u5c0a\n|-damage|p1a: \u72c2\u86ee\u9b54\u5c0a|25\/100\n|\n|t:|1699959134\n|switch|p2a: Tyranitar|Tyranitar, F|100\/100|[from] U-turn\n|-weather|Sandstorm|[from] ability: Sand Stream|[of] p2a: Tyranitar\n|\n|-weather|Sandstorm|[upkeep]\n|-damage|p1a: \u72c2\u86ee\u9b54\u5c0a|19\/100|[from] Sandstorm\n|upkeep\n|turn|2\n|\n|t:|1699959144\n|-activate|p1a: \u72c2\u86ee\u9b54\u5c0a|move: Pursuit\n|move|p2a: Tyranitar|Pursuit|p1a: \u72c2\u86ee\u9b54\u5c0a|[from]Pursuit\n|-damage|p1a: \u72c2\u86ee\u9b54\u5c0a|0 fnt\n|faint|p1a: \u72c2\u86ee\u9b54\u5c0a\n|-hint|A Pokemon can't switch between when it runs out of HP and when it faints\n|\n|-weather|Sandstorm|[upkeep]\n|upkeep\n|\n|t:|1699959148\n|switch|p1a: \u5143\u83b2\u4ed9\u5c0a|Rillaboom, F|100\/100\n|-fieldstart|move: Grassy Terrain|[from] ability: Grassy Surge|[of] p1a: \u5143\u83b2\u4ed9\u5c0a\n|turn|3\n|\n|t:|1699959160\n|switch|p2a: Ogerpon|Ogerpon, F|100\/100\n|move|p1a: \u5143\u83b2\u4ed9\u5c0a|Wood Hammer|p2a: Ogerpon\n|-resisted|p2a: Ogerpon\n|-damage|p2a: Ogerpon|37\/100\n|-damage|p1a: \u5143\u83b2\u4ed9\u5c0a|85\/100|[from] Recoil\n|\n|-weather|Sandstorm|[upkeep]\n|-damage|p2a: Ogerpon|31\/100|[from] Sandstorm\n|-damage|p1a: \u5143\u83b2\u4ed9\u5c0a|79\/100|[from] Sandstorm\n|-heal|p2a: Ogerpon|37\/100|[from] Grassy Terrain\n|-heal|p1a: \u5143\u83b2\u4ed9\u5c0a|85\/100|[from] Grassy Terrain\n|upkeep\n|turn|4\n|inactive|Freedom Demon has 120 seconds left.\n|j| AGisgood\u82cd\u54cd\u4fa0\n|inactive|Freedom Demon has 90 seconds left.\n|\n|t:|1699959239\n|move|p1a: \u5143\u83b2\u4ed9\u5c0a|Grassy Glide|p2a: Ogerpon\n|-resisted|p2a: Ogerpon\n|-damage|p2a: Ogerpon|6\/100\n|move|p2a: Ogerpon|Superpower|p1a: \u5143\u83b2\u4ed9\u5c0a\n|-damage|p1a: \u5143\u83b2\u4ed9\u5c0a|51\/100\n|-unboost|p2a: Ogerpon|atk|1\n|-unboost|p2a: Ogerpon|def|1\n|\n|-weather|Sandstorm|[upkeep]\n|-damage|p2a: Ogerpon|0 fnt|[from] Sandstorm\n|-damage|p1a: \u5143\u83b2\u4ed9\u5c0a|45\/100|[from] Sandstorm\n|faint|p2a: Ogerpon\n|-heal|p1a: \u5143\u83b2\u4ed9\u5c0a|51\/100|[from] Grassy Terrain\n|upkeep\n|\n|t:|1699959249\n|switch|p2a: Banette|Banette, M|100\/100\n|turn|5\n|\n|t:|1699959261\n|switch|p1a: Blissey|Blissey, F|100\/100\n|detailschange|p2a: Banette|Banette-Mega, M\n|-mega|p2a: Banette|Banette|Banettite\n|move|p2a: Banette|Poltergeist|p1a: Blissey\n|-immune|p1a: Blissey\n|\n|-weather|none\n|upkeep\n|turn|6\n|\n|t:|1699959276\n|move|p2a: Banette|Pursuit|p1a: Blissey\n|-damage|p1a: Blissey|85\/100\n|move|p1a: Blissey|Teleport|p1a: Blissey\n|\n|t:|1699959286\n|switch|p1a: \u76d7\u5929\u9b54\u5c0a|Corviknight, M|100\/100|[from] Teleport\n|-ability|p1a: \u76d7\u5929\u9b54\u5c0a|Pressure\n|\n|upkeep\n|turn|7\n|l| AGisgood\u82cd\u54cd\u4fa0\n|\n|t:|1699959295\n|switch|p2a: Clodsire|Clodsire, M|100\/100\n|move|p1a: \u76d7\u5929\u9b54\u5c0a|Brave Bird|p2a: Clodsire\n|-damage|p2a: Clodsire|58\/100\n|-damage|p1a: \u76d7\u5929\u9b54\u5c0a|84\/100|[from] Recoil\n|\n|-heal|p2a: Clodsire|64\/100|[from] Grassy Terrain\n|-heal|p2a: Clodsire|70\/100|[from] item: Black Sludge\n|-fieldend|move: Grassy Terrain\n|upkeep\n|turn|8\n|\n|t:|1699959301\n|move|p1a: \u76d7\u5929\u9b54\u5c0a|U-turn|p2a: Clodsire\n|-resisted|p2a: Clodsire\n|-damage|p2a: Clodsire|63\/100\n|\n|t:|1699959308\n|switch|p1a: \u5143\u83b2\u4ed9\u5c0a|Rillaboom, F|51\/100|[from] U-turn\n|-fieldstart|move: Grassy Terrain|[from] ability: Grassy Surge|[of] p1a: \u5143\u83b2\u4ed9\u5c0a\n|move|p2a: Clodsire|Stealth Rock|p1a: \u5143\u83b2\u4ed9\u5c0a\n|-sidestart|p1: Freedom Demon|move: Stealth Rock\n|\n|-heal|p1a: \u5143\u83b2\u4ed9\u5c0a|57\/100|[from] Grassy Terrain\n|-heal|p2a: Clodsire|69\/100|[from] Grassy Terrain\n|-heal|p2a: Clodsire|75\/100|[from] item: Black Sludge\n|upkeep\n|turn|9\n|\n|t:|1699959323\n|switch|p2a: Corviknight|Corviknight, M|21\/100\n|-ability|p2a: Corviknight|Pressure\n|move|p1a: \u5143\u83b2\u4ed9\u5c0a|Wood Hammer|p2a: Corviknight\n|-resisted|p2a: Corviknight\n|-damage|p2a: Corviknight|6\/100\n|-damage|p1a: \u5143\u83b2\u4ed9\u5c0a|41\/100|[from] item: Rocky Helmet|[of] p2a: Corviknight\n|-damage|p1a: \u5143\u83b2\u4ed9\u5c0a|36\/100|[from] Recoil\n|\n|-heal|p1a: \u5143\u83b2\u4ed9\u5c0a|42\/100|[from] Grassy Terrain\n|upkeep\n|turn|10\n|\n|t:|1699959338\n|switch|p2a: Clodsire|Clodsire, M|75\/100\n|move|p1a: \u5143\u83b2\u4ed9\u5c0a|Wood Hammer|p2a: Clodsire\n|-damage|p2a: Clodsire|0 fnt\n|faint|p2a: Clodsire\n|-damage|p1a: \u5143\u83b2\u4ed9\u5c0a|14\/100|[from] Recoil\n|\n|-heal|p1a: \u5143\u83b2\u4ed9\u5c0a|20\/100|[from] Grassy Terrain\n|upkeep\n|\n|t:|1699959347\n|switch|p2a: Banette|Banette-Mega, M|100\/100\n|turn|11\n|\n|t:|1699959352\n|move|p1a: \u5143\u83b2\u4ed9\u5c0a|Grassy Glide|p2a: Banette\n|-damage|p2a: Banette|20\/100\n|move|p2a: Banette|Pursuit|p1a: \u5143\u83b2\u4ed9\u5c0a\n|-damage|p1a: \u5143\u83b2\u4ed9\u5c0a|4\/100\n|\n|-heal|p2a: Banette|26\/100|[from] Grassy Terrain\n|-heal|p1a: \u5143\u83b2\u4ed9\u5c0a|10\/100|[from] Grassy Terrain\n|upkeep\n|turn|12\n|\n|t:|1699959359\n|switch|p2a: Corviknight|Corviknight, M|6\/100\n|-ability|p2a: Corviknight|Pressure\n|move|p1a: \u5143\u83b2\u4ed9\u5c0a|Grassy Glide|p2a: Corviknight\n|-resisted|p2a: Corviknight\n|-damage|p2a: Corviknight|0 fnt\n|-damage|p1a: \u5143\u83b2\u4ed9\u5c0a|0 fnt|[from] item: Rocky Helmet|[of] p2a: Corviknight\n|faint|p2a: Corviknight\n|faint|p1a: \u5143\u83b2\u4ed9\u5c0a\n|\n|-fieldend|move: Grassy Terrain\n|upkeep\n|inactive|Freedom Demon has 120 seconds left.\n|\n|t:|1699959377\n|switch|p1a: Banette|Banette, M|100\/100\n|switch|p2a: Tyranitar|Tyranitar, F|100\/100\n|-weather|Sandstorm|[from] ability: Sand Stream|[of] p2a: Tyranitar\n|-damage|p1a: Banette|88\/100|[from] Stealth Rock\n|turn|13\n|\n|t:|1699959383\n|detailschange|p1a: Banette|Banette-Mega, M\n|-mega|p1a: Banette|Banette|Banettite\n|move|p2a: Tyranitar|Pursuit|p1a: Banette\n|-supereffective|p1a: Banette\n|-damage|p1a: Banette|41\/100\n|move|p1a: Banette|Poltergeist|p2a: Tyranitar\n|-activate|p2a: Tyranitar|move: Poltergeist|Assault Vest\n|-resisted|p2a: Tyranitar\n|-damage|p2a: Tyranitar|70\/100\n|\n|-weather|Sandstorm|[upkeep]\n|-damage|p1a: Banette|35\/100|[from] Sandstorm\n|upkeep\n|turn|14\n|j| Ghha\n|\n|t:|1699959396\n|move|p1a: Banette|Destiny Bond|p1a: Banette\n|-singlemove|p1a: Banette|Destiny Bond\n|move|p2a: Tyranitar|Flamethrower|p1a: Banette\n|-damage|p1a: Banette|2\/100\n|\n|-weather|Sandstorm|[upkeep]\n|-damage|p1a: Banette|0 fnt|[from] Sandstorm\n|faint|p1a: Banette\n|upkeep\n|c|\u2606Freedom Demon|wc\n|inactive|Freedom Demon has 120 seconds left.\n|\n|t:|1699959418\n|switch|p1a: \u5e7d\u9b42\u9b54\u5c0a|Sneasler, M|100\/100\n|-damage|p1a: \u5e7d\u9b42\u9b54\u5c0a|95\/100|[from] Stealth Rock\n|turn|15\n|\n|t:|1699959432\n|-terastallize|p2a: Tyranitar|Flying\n|move|p1a: \u5e7d\u9b42\u9b54\u5c0a|Dire Claw|p2a: Tyranitar\n|-damage|p2a: Tyranitar|38\/100\n|move|p2a: Tyranitar|Earthquake|p1a: \u5e7d\u9b42\u9b54\u5c0a\n|-supereffective|p1a: \u5e7d\u9b42\u9b54\u5c0a\n|-damage|p1a: \u5e7d\u9b42\u9b54\u5c0a|0 fnt\n|faint|p1a: \u5e7d\u9b42\u9b54\u5c0a\n|\n|-weather|Sandstorm|[upkeep]\n|-damage|p2a: Tyranitar|32\/100|[from] Sandstorm\n|upkeep\n|inactive|Freedom Demon has 120 seconds left.\n|\n|t:|1699959445\n|switch|p1a: \u76d7\u5929\u9b54\u5c0a|Corviknight, M|84\/100\n|-damage|p1a: \u76d7\u5929\u9b54\u5c0a|72\/100|[from] Stealth Rock\n|-ability|p1a: \u76d7\u5929\u9b54\u5c0a|Pressure\n|turn|16\n|\n|t:|1699959452\n|switch|p2a: Alomomola|Alomomola, F|100\/100\n|-terastallize|p1a: \u76d7\u5929\u9b54\u5c0a|Dragon\n|move|p1a: \u76d7\u5929\u9b54\u5c0a|Brave Bird|p2a: Alomomola\n|-damage|p2a: Alomomola|80\/100\n|-damage|p1a: \u76d7\u5929\u9b54\u5c0a|63\/100|[from] Recoil\n|\n|-weather|Sandstorm|[upkeep]\n|-damage|p1a: \u76d7\u5929\u9b54\u5c0a|57\/100|[from] Sandstorm\n|-damage|p2a: Alomomola|73\/100|[from] Sandstorm\n|upkeep\n|turn|17\n|\n|t:|1699959459\n|move|p1a: \u76d7\u5929\u9b54\u5c0a|Roost|p1a: \u76d7\u5929\u9b54\u5c0a\n|-heal|p1a: \u76d7\u5929\u9b54\u5c0a|100\/100\n|move|p2a: Alomomola|Wish|p2a: Alomomola\n|\n|-weather|none\n|upkeep\n|turn|18\n|\n|t:|1699959463\n|move|p1a: \u76d7\u5929\u9b54\u5c0a|Brave Bird|p2a: Alomomola\n|-damage|p2a: Alomomola|54\/100\n|-damage|p1a: \u76d7\u5929\u9b54\u5c0a|92\/100|[from] Recoil\n|move|p2a: Alomomola|Toxic|p1a: \u76d7\u5929\u9b54\u5c0a\n|-status|p1a: \u76d7\u5929\u9b54\u5c0a|tox\n|\n|-heal|p2a: Alomomola|100\/100|[from] move: Wish|[wisher] Alomomola\n|-damage|p1a: \u76d7\u5929\u9b54\u5c0a|86\/100 tox|[from] psn\n|upkeep\n|turn|19\n|\n|t:|1699959469\n|switch|p1a: Blissey|Blissey, F|85\/100\n|-damage|p1a: Blissey|73\/100|[from] Stealth Rock\n|move|p2a: Alomomola|Wish|p2a: Alomomola\n|\n|-heal|p1a: Blissey|79\/100|[from] item: Leftovers\n|upkeep\n|turn|20\n|\n|t:|1699959476\n|move|p2a: Alomomola|Flip Turn|p1a: Blissey\n|-damage|p1a: Blissey|66\/100\n|\n|t:|1699959479\n|switch|p2a: Tyranitar|Tyranitar, F, tera:Flying|32\/100|[from] Flip Turn\n|-weather|Sandstorm|[from] ability: Sand Stream|[of] p2a: Tyranitar\n|move|p1a: Blissey|Toxic|p2a: Tyranitar\n|-status|p2a: Tyranitar|tox\n|\n|-weather|Sandstorm|[upkeep]\n|-damage|p1a: Blissey|60\/100|[from] Sandstorm\n|-damage|p2a: Tyranitar|26\/100 tox|[from] Sandstorm\n|-heal|p2a: Tyranitar|92\/100 tox|[from] move: Wish|[wisher] Alomomola\n|-heal|p1a: Blissey|66\/100|[from] item: Leftovers\n|-damage|p2a: Tyranitar|86\/100 tox|[from] psn\n|upkeep\n|turn|21\n|\n|t:|1699959488\n|move|p1a: Blissey|Soft-Boiled|p1a: Blissey\n|-heal|p1a: Blissey|100\/100\n|move|p2a: Tyranitar|Pursuit|p1a: Blissey\n|-damage|p1a: Blissey|86\/100\n|\n|-weather|Sandstorm|[upkeep]\n|-damage|p1a: Blissey|80\/100|[from] Sandstorm\n|-damage|p2a: Tyranitar|79\/100 tox|[from] Sandstorm\n|-heal|p1a: Blissey|86\/100|[from] item: Leftovers\n|-damage|p2a: Tyranitar|67\/100 tox|[from] psn\n|upkeep\n|turn|22\n|\n|t:|1699959492\n|switch|p2a: Alomomola|Alomomola, F|100\/100\n|move|p1a: Blissey|Seismic Toss|p2a: Alomomola\n|-damage|p2a: Alomomola|82\/100\n|\n|-weather|Sandstorm|[upkeep]\n|-damage|p2a: Alomomola|76\/100|[from] Sandstorm\n|-damage|p1a: Blissey|80\/100|[from] Sandstorm\n|-heal|p1a: Blissey|86\/100|[from] item: Leftovers\n|upkeep\n|turn|23\n|\n|t:|1699959520\n|switch|p2a: Tyranitar|Tyranitar, F, tera:Flying|67\/100 tox\n|move|p1a: Blissey|Seismic Toss|p2a: Tyranitar\n|-damage|p2a: Tyranitar|42\/100 tox\n|\n|-weather|Sandstorm|[upkeep]\n|-damage|p1a: Blissey|80\/100|[from] Sandstorm\n|-damage|p2a: Tyranitar|36\/100 tox|[from] Sandstorm\n|-heal|p1a: Blissey|86\/100|[from] item: Leftovers\n|-damage|p2a: Tyranitar|30\/100 tox|[from] psn\n|upkeep\n|turn|24\n|\n|t:|1699959531\n|move|p1a: Blissey|Toxic|p2a: Tyranitar\n|-fail|p2a: Tyranitar|tox\n|move|p2a: Tyranitar|Earthquake|p1a: Blissey\n|-damage|p1a: Blissey|61\/100\n|\n|-weather|none\n|-heal|p1a: Blissey|68\/100|[from] item: Leftovers\n|-damage|p2a: Tyranitar|18\/100 tox|[from] psn\n|upkeep\n|turn|25\n|\n|t:|1699959536\n|switch|p2a: Banette|Banette-Mega, M|26\/100\n|move|p1a: Blissey|Soft-Boiled|p1a: Blissey\n|-heal|p1a: Blissey|100\/100\n|\n|upkeep\n|turn|26\n|\n|t:|1699959543\n|move|p2a: Banette|Encore|p1a: Blissey\n|-start|p1a: Blissey|Encore\n|move|p1a: Blissey|Soft-Boiled||[still]\n|-fail|p1a: Blissey|heal\n|\n|upkeep\n|turn|27\n|\n|t:|1699959548\n|-activate|p1a: Blissey|move: Pursuit\n|move|p2a: Banette|Pursuit|p1a: Blissey|[from]Pursuit\n|-damage|p1a: Blissey|68\/100\n|switch|p1a: \u76d7\u5929\u9b54\u5c0a|Corviknight, M, tera:Dragon|86\/100 tox\n|-damage|p1a: \u76d7\u5929\u9b54\u5c0a|73\/100 tox|[from] Stealth Rock\n|-ability|p1a: \u76d7\u5929\u9b54\u5c0a|Pressure\n|\n|-damage|p1a: \u76d7\u5929\u9b54\u5c0a|67\/100 tox|[from] psn\n|upkeep\n|turn|28\n|\n|t:|1699959556\n|switch|p2a: Alomomola|Alomomola, F|100\/100\n|move|p1a: \u76d7\u5929\u9b54\u5c0a|U-turn|p2a: Alomomola\n|-damage|p2a: Alomomola|93\/100\n|\n|t:|1699959558\n|switch|p1a: Blissey|Blissey, F|68\/100|[from] U-turn\n|-damage|p1a: Blissey|55\/100|[from] Stealth Rock\n|\n|-heal|p1a: Blissey|61\/100|[from] item: Leftovers\n|upkeep\n|turn|29\n|l| Ghha\n|\n|t:|1699959583\n|move|p2a: Alomomola|Toxic|p1a: Blissey|[miss]\n|-miss|p2a: Alomomola|p1a: Blissey\n|move|p1a: Blissey|Toxic|p2a: Alomomola\n|-status|p2a: Alomomola|tox\n|\n|-heal|p1a: Blissey|67\/100|[from] item: Leftovers\n|-damage|p2a: Alomomola|87\/100 tox|[from] psn\n|upkeep\n|turn|30\n|\n|t:|1699959588\n|move|p2a: Alomomola|Toxic|p1a: Blissey\n|-status|p1a: Blissey|tox\n|move|p1a: Blissey|Seismic Toss|p2a: Alomomola\n|-damage|p2a: Alomomola|68\/100 tox\n|\n|-heal|p1a: Blissey|74\/100 tox|[from] item: Leftovers\n|-damage|p2a: Alomomola|56\/100 tox|[from] psn\n|-damage|p1a: Blissey|67\/100 tox|[from] psn\n|upkeep\n|turn|31\n|\n|t:|1699959593\n|move|p2a: Alomomola|Flip Turn|p1a: Blissey\n|-damage|p1a: Blissey|54\/100 tox\n|\n|t:|1699959598\n|switch|p2a: Tyranitar|Tyranitar, F, tera:Flying|18\/100 tox|[from] Flip Turn\n|-weather|Sandstorm|[from] ability: Sand Stream|[of] p2a: Tyranitar\n|move|p1a: Blissey|Toxic|p2a: Tyranitar|[miss]\n|-miss|p1a: Blissey|p2a: Tyranitar\n|\n|-weather|Sandstorm|[upkeep]\n|-damage|p1a: Blissey|48\/100 tox|[from] Sandstorm\n|-damage|p2a: Tyranitar|11\/100 tox|[from] Sandstorm\n|-heal|p1a: Blissey|54\/100 tox|[from] item: Leftovers\n|-damage|p1a: Blissey|42\/100 tox|[from] psn\n|-damage|p2a: Tyranitar|5\/100 tox|[from] psn\n|upkeep\n|turn|32\n|\n|t:|1699959626\n|switch|p2a: Banette|Banette-Mega, M|26\/100\n|move|p1a: Blissey|Soft-Boiled|p1a: Blissey\n|-heal|p1a: Blissey|92\/100 tox\n|\n|-weather|Sandstorm|[upkeep]\n|-damage|p2a: Banette|20\/100|[from] Sandstorm\n|-damage|p1a: Blissey|86\/100 tox|[from] Sandstorm\n|-heal|p1a: Blissey|92\/100 tox|[from] item: Leftovers\n|-damage|p1a: Blissey|73\/100 tox|[from] psn\n|upkeep\n|turn|33\n|\n|t:|1699959641\n|move|p2a: Banette|Poltergeist|p1a: Blissey\n|-immune|p1a: Blissey\n|move|p1a: Blissey|Toxic|p2a: Banette\n|-status|p2a: Banette|tox\n|\n|-weather|Sandstorm|[upkeep]\n|-damage|p2a: Banette|14\/100 tox|[from] Sandstorm\n|-damage|p1a: Blissey|67\/100 tox|[from] Sandstorm\n|-heal|p1a: Blissey|73\/100 tox|[from] item: Leftovers\n|-damage|p2a: Banette|8\/100 tox|[from] psn\n|-damage|p1a: Blissey|49\/100 tox|[from] psn\n|upkeep\n|turn|34\n|\n|t:|1699959648\n|switch|p2a: Alomomola|Alomomola, F|89\/100 tox\n|move|p1a: Blissey|Soft-Boiled|p1a: Blissey\n|-heal|p1a: Blissey|99\/100 tox\n|\n|-weather|Sandstorm|[upkeep]\n|-damage|p2a: Alomomola|83\/100 tox|[from] Sandstorm\n|-damage|p1a: Blissey|92\/100 tox|[from] Sandstorm\n|-heal|p1a: Blissey|99\/100 tox|[from] item: Leftovers\n|-damage|p2a: Alomomola|77\/100 tox|[from] psn\n|-damage|p1a: Blissey|68\/100 tox|[from] psn\n|upkeep\n|turn|35\n|\n|t:|1699959651\n|-curestatus|p1a: Blissey|tox|[from] ability: Natural Cure\n|switch|p1a: \u76d7\u5929\u9b54\u5c0a|Corviknight, M, tera:Dragon|67\/100 tox\n|-damage|p1a: \u76d7\u5929\u9b54\u5c0a|54\/100 tox|[from] Stealth Rock\n|-ability|p1a: \u76d7\u5929\u9b54\u5c0a|Pressure\n|move|p2a: Alomomola|Wish|p2a: Alomomola\n|\n|-weather|none\n|-damage|p1a: \u76d7\u5929\u9b54\u5c0a|48\/100 tox|[from] psn\n|-damage|p2a: Alomomola|64\/100 tox|[from] psn\n|upkeep\n|turn|36\n|\n|t:|1699959658\n|move|p1a: \u76d7\u5929\u9b54\u5c0a|U-turn|p2a: Alomomola\n|-damage|p2a: Alomomola|56\/100 tox\n|\n|t:|1699959660\n|switch|p1a: Blissey|Blissey, F|68\/100|[from] U-turn\n|-damage|p1a: Blissey|55\/100|[from] Stealth Rock\n|move|p2a: Alomomola|Flip Turn|p1a: Blissey\n|-damage|p1a: Blissey|41\/100\n|\n|t:|1699959666\n|switch|p2a: Banette|Banette-Mega, M|8\/100 tox|[from] Flip Turn\n|\n|-heal|p2a: Banette|100\/100 tox|[from] move: Wish|[wisher] Alomomola\n|-heal|p1a: Blissey|47\/100|[from] item: Leftovers\n|-damage|p2a: Banette|95\/100 tox|[from] psn\n|upkeep\n|turn|37\n|\n|t:|1699959673\n|move|p2a: Banette|Pursuit|p1a: Blissey\n|-damage|p1a: Blissey|32\/100\n|move|p1a: Blissey|Soft-Boiled|p1a: Blissey\n|-heal|p1a: Blissey|82\/100\n|\n|-heal|p1a: Blissey|88\/100|[from] item: Leftovers\n|-damage|p2a: Banette|83\/100 tox|[from] psn\n|upkeep\n|turn|38\n|\n|t:|1699959678\n|move|p2a: Banette|Encore|p1a: Blissey\n|-start|p1a: Blissey|Encore\n|move|p1a: Blissey|Soft-Boiled|p1a: Blissey\n|-heal|p1a: Blissey|100\/100\n|\n|-damage|p2a: Banette|65\/100 tox|[from] psn\n|upkeep\n|turn|39\n|\n|t:|1699959688\n|switch|p1a: \u76d7\u5929\u9b54\u5c0a|Corviknight, M, tera:Dragon|48\/100 tox\n|-damage|p1a: \u76d7\u5929\u9b54\u5c0a|36\/100 tox|[from] Stealth Rock\n|-ability|p1a: \u76d7\u5929\u9b54\u5c0a|Pressure\n|move|p2a: Banette|Poltergeist|p1a: \u76d7\u5929\u9b54\u5c0a\n|-activate|p1a: \u76d7\u5929\u9b54\u5c0a|move: Poltergeist|Rocky Helmet\n|-crit|p1a: \u76d7\u5929\u9b54\u5c0a\n|-damage|p1a: \u76d7\u5929\u9b54\u5c0a|0 fnt\n|faint|p1a: \u76d7\u5929\u9b54\u5c0a\n|\n|-damage|p2a: Banette|41\/100 tox|[from] psn\n|upkeep\n|\n|t:|1699959694\n|switch|p1a: Blissey|Blissey, F|100\/100\n|-damage|p1a: Blissey|88\/100|[from] Stealth Rock\n|turn|40\n|\n|t:|1699959701\n|switch|p2a: Alomomola|Alomomola, F|90\/100 tox\n|move|p1a: Blissey|Seismic Toss|p2a: Alomomola\n|-damage|p2a: Alomomola|71\/100 tox\n|\n|-heal|p1a: Blissey|94\/100|[from] item: Leftovers\n|-damage|p2a: Alomomola|65\/100 tox|[from] psn\n|upkeep\n|turn|41\n|\n|t:|1699959710\n|move|p2a: Alomomola|Toxic|p1a: Blissey\n|-status|p1a: Blissey|tox\n|move|p1a: Blissey|Seismic Toss|p2a: Alomomola\n|-damage|p2a: Alomomola|46\/100 tox\n|\n|-heal|p1a: Blissey|99\/100 tox|[from] item: Leftovers\n|-damage|p2a: Alomomola|34\/100 tox|[from] psn\n|-damage|p1a: Blissey|94\/100 tox|[from] psn\n|upkeep\n|turn|42\n|\n|t:|1699959716\n|move|p2a: Alomomola|Wish|p2a: Alomomola\n|move|p1a: Blissey|Seismic Toss|p2a: Alomomola\n|-damage|p2a: Alomomola|15\/100 tox\n|\n|-heal|p1a: Blissey|99\/100 tox|[from] item: Leftovers\n|-damage|p2a: Alomomola|0 fnt|[from] psn\n|faint|p2a: Alomomola\n|-damage|p1a: Blissey|88\/100 tox|[from] psn\n|upkeep\n|\n|t:|1699959730\n|switch|p2a: Banette|Banette-Mega, M|41\/100 tox\n|turn|43\n|\n|t:|1699959734\n|move|p2a: Banette|Pursuit|p1a: Blissey\n|-crit|p1a: Blissey\n|-damage|p1a: Blissey|65\/100 tox\n|move|p1a: Blissey|Soft-Boiled|p1a: Blissey\n|-heal|p1a: Blissey|100\/100 tox\n|\n|-heal|p2a: Banette|100\/100 tox|[from] move: Wish|[wisher] Alomomola\n|-damage|p2a: Banette|95\/100 tox|[from] psn\n|-damage|p1a: Blissey|82\/100 tox|[from] psn\n|upkeep\n|turn|44\n|\n|t:|1699959750\n|move|p2a: Banette|Pursuit|p1a: Blissey\n|-damage|p1a: Blissey|66\/100 tox\n|move|p1a: Blissey|Toxic|p2a: Banette\n|-fail|p2a: Banette|tox\n|\n|-heal|p1a: Blissey|72\/100 tox|[from] item: Leftovers\n|-damage|p2a: Banette|83\/100 tox|[from] psn\n|-damage|p1a: Blissey|48\/100 tox|[from] psn\n|upkeep\n|turn|45\n|-message|Freedom Demon forfeited.\n|\n|win|GAGA233\n|raw|Freedom Demon's rating: 1528 &rarr; <strong>1512<\/strong><br \/>(-16 for losing)\n|raw|GAGA233's rating: 1604 &rarr; <strong>1620<\/strong><br \/>(+16 for winning)\n|l|\u2606Freedom Demon\n","uploadtime":1699959766,"views":7,"p1id":"freedomdemon","p2id":"gaga233","formatid":"gen9nationaldex","rating":1512,"private":0,"password":""}