{"id":"gen9nationaldex-1992181166","p1":"Sencopion","p2":"testing a funni3","format":"[Gen 9] National Dex","log":"|j|\u2606Sencopion\n|j|\u2606testing a funni3\n|t:|1700161724\n|gametype|singles\n|player|p1|Sencopion|roxie|1429\n|player|p2|testing a funni3|unknownf|1373\n|teamsize|p1|6\n|teamsize|p2|6\n|gen|9\n|tier|[Gen 9] National Dex\n|rated|\n|rule|HP Percentage Mod: HP is shown in percentages\n|rule|Endless Battle Clause: Forcing endless battles is banned\n|rule|OHKO Clause: OHKO moves are banned\n|rule|Evasion Clause: Evasion abilities, items, and moves are banned\n|rule|Evasion Abilities Clause: Evasion abilities are banned\n|rule|Evasion Items Clause: Evasion items are banned\n|rule|Evasion Moves Clause: Evasion moves are banned\n|rule|Species Clause: Limit one of each Pok\u00e9mon\n|rule|Sleep Clause Mod: Limit one foe put to sleep\n|clearpoke\n|poke|p1|Urshifu-*, F|\n|poke|p1|Iron Treads|\n|poke|p1|Zapdos|\n|poke|p1|Tapu Lele|\n|poke|p1|Moltres-Galar|\n|poke|p1|Charizard, F|\n|poke|p2|Latios, M|\n|poke|p2|Buzzwole|\n|poke|p2|Gliscor, M|\n|poke|p2|Weavile, F|\n|poke|p2|Heatran, F|\n|poke|p2|Ogerpon-Wellspring, F|\n|teampreview\n|inactive|Battle timer is ON: inactive players will automatically lose when time's up. (requested by Sencopion)\n|inactive|Sencopion has 120 seconds left.\n|inactive|Sencopion has 90 seconds left.\n|\n|t:|1700161788\n|start\n|switch|p1a: Moltres|Moltres-Galar|100\/100\n|switch|p2a: Weavile|Weavile, F|100\/100\n|-ability|p2a: Weavile|Pressure\n|turn|1\n|\n|t:|1700161800\n|-terastallize|p1a: Moltres|Steel\n|move|p2a: Weavile|Triple Axel|p1a: Moltres\n|-resisted|p1a: Moltres\n|-damage|p1a: Moltres|91\/100\n|-resisted|p1a: Moltres\n|-damage|p1a: Moltres|76\/100\n|-resisted|p1a: Moltres\n|-crit|p1a: Moltres\n|-damage|p1a: Moltres|37\/100\n|-hitcount|p1a: Moltres|3\n|-ability|p1a: Moltres|Berserk|boost\n|-boost|p1a: Moltres|spa|1\n|move|p1a: Moltres|Agility|p1a: Moltres\n|-boost|p1a: Moltres|spe|2\n|\n|upkeep\n|turn|2\n|\n|t:|1700161808\n|move|p1a: Moltres|Hurricane|p2a: Weavile|[miss]\n|-miss|p1a: Moltres|p2a: Weavile\n|move|p2a: Weavile|Triple Axel|p1a: Moltres\n|-resisted|p1a: Moltres\n|-damage|p1a: Moltres|29\/100\n|-resisted|p1a: Moltres\n|-damage|p1a: Moltres|14\/100\n|-resisted|p1a: Moltres\n|-damage|p1a: Moltres|0 fnt\n|faint|p1a: Moltres\n|-hitcount|p1: Moltres|3\n|\n|upkeep\n|\n|t:|1700161832\n|switch|p1a: Tapu Lele|Tapu Lele|100\/100\n|-fieldstart|move: Psychic Terrain|[from] ability: Psychic Surge|[of] p1a: Tapu Lele\n|turn|3\n|\n|t:|1700161839\n|switch|p2a: Heatran|Heatran, F|100\/100\n|move|p1a: Tapu Lele|Moonblast|p2a: Heatran\n|-resisted|p2a: Heatran\n|-damage|p2a: Heatran|93\/100\n|-unboost|p2a: Heatran|spa|1\n|\n|-heal|p2a: Heatran|99\/100|[from] item: Leftovers\n|upkeep\n|turn|4\n|\n|t:|1700161845\n|switch|p1a: Charizard|Charizard, F|100\/100\n|move|p2a: Heatran|Stealth Rock|p1a: Charizard\n|-sidestart|p1: Sencopion|move: Stealth Rock\n|\n|-heal|p2a: Heatran|100\/100|[from] item: Leftovers\n|upkeep\n|turn|5\n|\n|t:|1700161851\n|switch|p2a: Gliscor|Gliscor, M|100\/100\n|detailschange|p1a: Charizard|Charizard-Mega-Y, F\n|-mega|p1a: Charizard|Charizard|Charizardite Y\n|-weather|SunnyDay|[from] ability: Drought|[of] p1a: Charizard\n|move|p1a: Charizard|Scorching Sands|p2a: Gliscor\n|-immune|p2a: Gliscor\n|\n|-weather|SunnyDay|[upkeep]\n|-status|p2a: Gliscor|tox|[from] item: Toxic Orb\n|upkeep\n|turn|6\n|\n|t:|1700161859\n|move|p1a: Charizard|Weather Ball|p2a: Gliscor\n|-damage|p2a: Gliscor|28\/100 tox\n|move|p2a: Gliscor|Toxic|p1a: Charizard\n|-status|p1a: Charizard|tox\n|\n|-weather|SunnyDay|[upkeep]\n|-damage|p1a: Charizard|94\/100 tox|[from] psn\n|-heal|p2a: Gliscor|40\/100 tox|[from] ability: Poison Heal\n|upkeep\n|turn|7\n|\n|t:|1700161874\n|switch|p2a: Heatran|Heatran, F|100\/100\n|move|p1a: Charizard|Scorching Sands|p2a: Heatran\n|-supereffective|p2a: Heatran\n|-damage|p2a: Heatran|28\/100\n|\n|-weather|SunnyDay|[upkeep]\n|-heal|p2a: Heatran|34\/100|[from] item: Leftovers\n|-damage|p1a: Charizard|82\/100 tox|[from] psn\n|-fieldend|move: Psychic Terrain\n|upkeep\n|turn|8\n|\n|t:|1700161893\n|switch|p2a: Gliscor|Gliscor, M|40\/100 tox\n|move|p1a: Charizard|Scorching Sands|p2a: Gliscor\n|-immune|p2a: Gliscor\n|\n|-weather|SunnyDay|[upkeep]\n|-damage|p1a: Charizard|64\/100 tox|[from] psn\n|-heal|p2a: Gliscor|53\/100 tox|[from] ability: Poison Heal\n|upkeep\n|turn|9\n|\n|t:|1700161906\n|move|p1a: Charizard|Weather Ball|p2a: Gliscor\n|-crit|p2a: Gliscor\n|-damage|p2a: Gliscor|0 fnt\n|faint|p2a: Gliscor\n|\n|-weather|none\n|-damage|p1a: Charizard|40\/100 tox|[from] psn\n|upkeep\n|\n|t:|1700161909\n|switch|p2a: Weavile|Weavile, F|100\/100\n|-ability|p2a: Weavile|Pressure\n|turn|10\n|inactive|Sencopion has 120 seconds left.\n|\n|t:|1700161946\n|move|p2a: Weavile|Knock Off|p1a: Charizard\n|-damage|p1a: Charizard|0 fnt\n|faint|p1a: Charizard\n|\n|upkeep\n|\n|t:|1700161961\n|switch|p1a: Iron Treads|Iron Treads|100\/100\n|-damage|p1a: Iron Treads|97\/100|[from] Stealth Rock\n|turn|11\n|\n|t:|1700161981\n|switch|p2a: Buzzwole|Buzzwole|100\/100\n|move|p1a: Iron Treads|Rapid Spin|p2a: Buzzwole\n|-damage|p2a: Buzzwole|94\/100\n|-boost|p1a: Iron Treads|spe|1\n|-sideend|p1: Sencopion|Stealth Rock|[from] move: Rapid Spin|[of] p1a: Iron Treads\n|\n|-heal|p1a: Iron Treads|100\/100|[from] item: Leftovers\n|upkeep\n|turn|12\n|\n|t:|1700161987\n|-end|p1a: Iron Treads|Quark Drive|[silent]\n|switch|p1a: Zapdos|Zapdos|100\/100\n|move|p2a: Buzzwole|Bulk Up|p2a: Buzzwole\n|-boost|p2a: Buzzwole|atk|1\n|-boost|p2a: Buzzwole|def|1\n|\n|upkeep\n|turn|13\n|\n|t:|1700161997\n|-terastallize|p2a: Buzzwole|Water\n|move|p1a: Zapdos|Hurricane|p2a: Buzzwole|[miss]\n|-miss|p1a: Zapdos|p2a: Buzzwole\n|move|p2a: Buzzwole|Ice Punch|p1a: Zapdos\n|-supereffective|p1a: Zapdos\n|-damage|p1a: Zapdos|42\/100\n|\n|upkeep\n|turn|14\n|\n|t:|1700162017\n|move|p1a: Zapdos|Volt Switch|p2a: Buzzwole\n|-supereffective|p2a: Buzzwole\n|-damage|p2a: Buzzwole|18\/100\n|\n|t:|1700162030\n|switch|p1a: Tapu Lele|Tapu Lele|100\/100|[from] Volt Switch\n|-fieldstart|move: Psychic Terrain|[from] ability: Psychic Surge|[of] p1a: Tapu Lele\n|move|p2a: Buzzwole|Ice Punch|p1a: Tapu Lele\n|-damage|p1a: Tapu Lele|49\/100\n|\n|upkeep\n|turn|15\n|\n|t:|1700162043\n|switch|p2a: Heatran|Heatran, F|34\/100\n|move|p1a: Tapu Lele|Moonblast|p2a: Heatran\n|-resisted|p2a: Heatran\n|-damage|p2a: Heatran|25\/100\n|\n|-heal|p2a: Heatran|32\/100|[from] item: Leftovers\n|upkeep\n|turn|16\n|\n|t:|1700162051\n|switch|p1a: Urshifu|Urshifu-Rapid-Strike, F|100\/100\n|move|p2a: Heatran|Magma Storm|p1a: Urshifu\n|-resisted|p1a: Urshifu\n|-damage|p1a: Urshifu|69\/100\n|-activate|p1a: Urshifu|move: Magma Storm|[of] p2a: Heatran\n|\n|-heal|p2a: Heatran|38\/100|[from] item: Leftovers\n|-damage|p1a: Urshifu|57\/100|[from] move: Magma Storm|[partiallytrapped]\n|upkeep\n|turn|17\n|\n|t:|1700162062\n|move|p1a: Urshifu|Close Combat|p2a: Heatran\n|-supereffective|p2a: Heatran\n|-crit|p2a: Heatran\n|-damage|p2a: Heatran|0 fnt\n|-unboost|p1a: Urshifu|def|1\n|-unboost|p1a: Urshifu|spd|1\n|faint|p2a: Heatran\n|\n|-end|p1a: Urshifu|Magma Storm|[partiallytrapped]|[silent]\n|upkeep\n|\n|t:|1700162068\n|switch|p2a: Latios|Latios, M|100\/100\n|turn|18\n|\n|t:|1700162086\n|switch|p1a: Zapdos|Zapdos|42\/100\n|detailschange|p2a: Latios|Latios-Mega, M\n|-mega|p2a: Latios|Latios|Latiosite\n|move|p2a: Latios|Psychic|p1a: Zapdos\n|-damage|p1a: Zapdos|0 fnt\n|faint|p1a: Zapdos\n|\n|-fieldend|move: Psychic Terrain\n|upkeep\n|\n|t:|1700162090\n|switch|p1a: Tapu Lele|Tapu Lele|49\/100\n|-fieldstart|move: Psychic Terrain|[from] ability: Psychic Surge|[of] p1a: Tapu Lele\n|turn|19\n|\n|t:|1700162113\n|move|p1a: Tapu Lele|Moonblast|p2a: Latios\n|-supereffective|p2a: Latios\n|-damage|p2a: Latios|10\/100\n|-unboost|p2a: Latios|spa|1\n|move|p2a: Latios|Mystical Fire|p1a: Tapu Lele\n|-damage|p1a: Tapu Lele|26\/100\n|-unboost|p1a: Tapu Lele|spa|1\n|\n|upkeep\n|turn|20\n|\n|t:|1700162126\n|move|p1a: Tapu Lele|Moonblast|p2a: Latios\n|-supereffective|p2a: Latios\n|-damage|p2a: Latios|0 fnt\n|faint|p2a: Latios\n|\n|upkeep\n|\n|t:|1700162128\n|switch|p2a: Ogerpon|Ogerpon-Wellspring, F|100\/100\n|turn|21\n|\n|t:|1700162136\n|switch|p1a: Urshifu|Urshifu-Rapid-Strike, F|57\/100\n|move|p2a: Ogerpon|Ivy Cudgel|p1a: Urshifu|[anim] Ivy Cudgel Water\n|-resisted|p1a: Urshifu\n|-damage|p1a: Urshifu|25\/100\n|\n|upkeep\n|turn|22\n|\n|t:|1700162142\n|move|p2a: Ogerpon|Ivy Cudgel|p1a: Urshifu|[anim] Ivy Cudgel Water\n|-resisted|p1a: Urshifu\n|-damage|p1a: Urshifu|0 fnt\n|faint|p1a: Urshifu\n|\n|upkeep\n|\n|t:|1700162147\n|switch|p1a: Iron Treads|Iron Treads|100\/100\n|turn|23\n|\n|t:|1700162157\n|move|p2a: Ogerpon|Ivy Cudgel|p1a: Iron Treads|[anim] Ivy Cudgel Water\n|-supereffective|p1a: Iron Treads\n|-damage|p1a: Iron Treads|0 fnt\n|faint|p1a: Iron Treads\n|-end|p1a: Iron Treads|Quark Drive|[silent]\n|\n|-fieldend|move: Psychic Terrain\n|upkeep\n|\n|t:|1700162160\n|switch|p1a: Tapu Lele|Tapu Lele|26\/100\n|-fieldstart|move: Psychic Terrain|[from] ability: Psychic Surge|[of] p1a: Tapu Lele\n|turn|24\n|\n|t:|1700162164\n|move|p1a: Tapu Lele|Psychic|p2a: Ogerpon\n|-damage|p2a: Ogerpon|25\/100\n|move|p2a: Ogerpon|Ivy Cudgel|p1a: Tapu Lele|[anim] Ivy Cudgel Water\n|-damage|p1a: Tapu Lele|0 fnt\n|faint|p1a: Tapu Lele\n|\n|win|testing a funni3\n|raw|Sencopion's rating: 1429 &rarr; <strong>1406<\/strong><br \/>(-23 for losing)\n|raw|testing a funni3's rating: 1373 &rarr; <strong>1396<\/strong><br \/>(+23 for winning)\n|l|\u2606Sencopion\n","uploadtime":1700162172,"views":17,"p1id":"sencopion","p2id":"testingafunni3","formatid":"gen9nationaldex","rating":1396,"private":0,"password":""}