{"id":"gen9nationaldex-1995214392","p1":"superameas","p2":"KarmaNightraide","format":"[Gen 9] National Dex","log":"|html|<div class=\"broadcast-blue\"><strong>[Gen 9] National Dex is currently suspecting Sneasler! For information on how to participate check out the <a href=\"https:\/\/www.smogon.com\/forums\/threads\/sv-national-dex-suspect-8-just-dance.3731534\/\">suspect thread<\/a>.<\/strong><\/div>\n|j|\u2606superameas\n|j|\u2606KarmaNightraide\n|t:|1700535486\n|gametype|singles\n|player|p1|superameas|266|1108\n|player|p2|KarmaNightraide|unknown|1032\n|teamsize|p1|6\n|teamsize|p2|6\n|gen|9\n|tier|[Gen 9] National Dex\n|rated|\n|rule|HP Percentage Mod: HP is shown in percentages\n|rule|Endless Battle Clause: Forcing endless battles is banned\n|rule|OHKO Clause: OHKO moves are banned\n|rule|Evasion Clause: Evasion abilities, items, and moves are banned\n|rule|Evasion Abilities Clause: Evasion abilities are banned\n|rule|Evasion Items Clause: Evasion items are banned\n|rule|Evasion Moves Clause: Evasion moves are banned\n|rule|Species Clause: Limit one of each Pok\u00e9mon\n|rule|Sleep Clause Mod: Limit one foe put to sleep\n|clearpoke\n|poke|p1|Galvantula, M|\n|poke|p1|Volcarona, M|\n|poke|p1|Diancie|\n|poke|p1|Comfey, F|\n|poke|p1|Leavanny, F|\n|poke|p1|Salazzle, F|\n|poke|p2|Drifblim, M|\n|poke|p2|Runerigus, M|\n|poke|p2|Chandelure, M|\n|poke|p2|Jellicent, M|\n|poke|p2|Mimikyu, M|\n|poke|p2|Froslass, F|\n|teampreview\n|\n|t:|1700535494\n|start\n|switch|p1a: Leavanny|Leavanny, F, shiny|100\/100\n|switch|p2a: Ragnar\u00f6k|Runerigus, M|100\/100\n|turn|1\n|\n|t:|1700535501\n|move|p1a: Leavanny|Leaf Blade|p2a: Ragnar\u00f6k\n|-supereffective|p2a: Ragnar\u00f6k\n|-damage|p2a: Ragnar\u00f6k|21\/100\n|-activate|p2a: Ragnar\u00f6k|ability: Wandering Spirit|Overcoat|Wandering Spirit|[of] p1a: Leavanny\n|move|p2a: Ragnar\u00f6k|Stealth Rock|p1a: Leavanny\n|-sidestart|p1: superameas|move: Stealth Rock\n|\n|upkeep\n|turn|2\n|\n|t:|1700535511\n|move|p1a: Leavanny|Leaf Blade|p2a: Ragnar\u00f6k\n|-supereffective|p2a: Ragnar\u00f6k\n|-damage|p2a: Ragnar\u00f6k|0 fnt\n|faint|p2a: Ragnar\u00f6k\n|\n|upkeep\n|\n|t:|1700535516\n|switch|p2a: LittleLightOfMine|Chandelure, M|100\/100\n|turn|3\n|\n|t:|1700535525\n|move|p1a: Leavanny|Leaf Blade|p2a: LittleLightOfMine\n|-resisted|p2a: LittleLightOfMine\n|-damage|p2a: LittleLightOfMine|75\/100\n|-zpower|p2a: LittleLightOfMine\n|move|p2a: LittleLightOfMine|Z-Safeguard|p2a: LittleLightOfMine|[anim]Safeguard\n|-boost|p2a: LittleLightOfMine|spe|1|[zeffect]\n|-sidestart|p2: KarmaNightraide|Safeguard\n|\n|upkeep\n|turn|4\n|\n|t:|1700535534\n|move|p2a: LittleLightOfMine|Calm Mind|p2a: LittleLightOfMine\n|-boost|p2a: LittleLightOfMine|spa|1\n|-boost|p2a: LittleLightOfMine|spd|1\n|move|p1a: Leavanny|Steel Wing|p2a: LittleLightOfMine\n|-resisted|p2a: LittleLightOfMine\n|-damage|p2a: LittleLightOfMine|60\/100\n|\n|upkeep\n|turn|5\n|\n|t:|1700535541\n|move|p2a: LittleLightOfMine|Calm Mind|p2a: LittleLightOfMine\n|-boost|p2a: LittleLightOfMine|spa|1\n|-boost|p2a: LittleLightOfMine|spd|1\n|move|p1a: Leavanny|Leaf Blade|p2a: LittleLightOfMine\n|-resisted|p2a: LittleLightOfMine\n|-damage|p2a: LittleLightOfMine|32\/100\n|\n|upkeep\n|turn|6\n|\n|t:|1700535549\n|move|p2a: LittleLightOfMine|Flamethrower|p1a: Leavanny\n|-supereffective|p1a: Leavanny\n|-crit|p1a: Leavanny\n|-damage|p1a: Leavanny|0 fnt\n|faint|p1a: Leavanny\n|\n|upkeep\n|\n|t:|1700535556\n|switch|p1a: Diancie|Diancie, shiny|100\/100\n|-damage|p1a: Diancie|88\/100|[from] Stealth Rock\n|turn|7\n|\n|t:|1700535574\n|detailschange|p1a: Diancie|Diancie-Mega, shiny\n|-mega|p1a: Diancie|Diancie|Diancite\n|move|p2a: LittleLightOfMine|Shadow Ball|p1a: Diancie\n|-damage|p1a: Diancie|0 fnt\n|faint|p1a: Diancie\n|\n|-sideend|p2: KarmaNightraide|Safeguard\n|upkeep\n|\n|t:|1700535581\n|switch|p1a: Salazzle|Salazzle, F|100\/100\n|-damage|p1a: Salazzle|76\/100|[from] Stealth Rock\n|turn|8\n|\n|t:|1700535587\n|move|p2a: LittleLightOfMine|Shadow Ball|p1a: Salazzle\n|-damage|p1a: Salazzle|0 fnt\n|faint|p1a: Salazzle\n|\n|upkeep\n|\n|t:|1700535590\n|switch|p1a: Comfey|Comfey, F|100\/100\n|-damage|p1a: Comfey|88\/100|[from] Stealth Rock\n|turn|9\n|\n|t:|1700535610\n|move|p2a: LittleLightOfMine|Flamethrower|p1a: Comfey\n|-damage|p1a: Comfey|0 fnt\n|faint|p1a: Comfey\n|\n|upkeep\n|-message|superameas forfeited.\n|\n|win|KarmaNightraide\n|raw|superameas's rating: 1108 &rarr; <strong>1078<\/strong><br \/>(-30 for losing)\n|raw|KarmaNightraide's rating: 1032 &rarr; <strong>1075<\/strong><br \/>(+43 for winning)\n|l|\u2606superameas\n","uploadtime":1700535619,"views":3,"p1id":"superameas","p2id":"karmanightraide","formatid":"gen9nationaldex","rating":1075,"private":0,"password":""}