{"id":"gen9nationaldex-1992914515","p1":"Keanmon","p2":"Emperor Dave420xx","format":"[Gen 9] National Dex","log":"|j|\u2606Keanmon\n|j|\u2606Emperor Dave420xx\n|t:|1700246399\n|gametype|singles\n|player|p1|Keanmon|rood|1022\n|player|p2|Emperor Dave420xx|red-masters|1028\n|teamsize|p1|6\n|teamsize|p2|6\n|gen|9\n|tier|[Gen 9] National Dex\n|rated|\n|rule|HP Percentage Mod: HP is shown in percentages\n|rule|Endless Battle Clause: Forcing endless battles is banned\n|rule|OHKO Clause: OHKO moves are banned\n|rule|Evasion Clause: Evasion abilities, items, and moves are banned\n|rule|Evasion Abilities Clause: Evasion abilities are banned\n|rule|Evasion Items Clause: Evasion items are banned\n|rule|Evasion Moves Clause: Evasion moves are banned\n|rule|Species Clause: Limit one of each Pok\u00e9mon\n|rule|Sleep Clause Mod: Limit one foe put to sleep\n|clearpoke\n|poke|p1|Kingler, M|\n|poke|p1|Klawf, M|\n|poke|p1|Electivire, M|\n|poke|p1|Darmanitan, M|\n|poke|p1|Tangrowth, M|\n|poke|p1|Staraptor, M|\n|poke|p2|Jolteon, M|\n|poke|p2|Scyther, F|\n|poke|p2|Tentacruel, M|\n|poke|p2|Snorlax, M|\n|poke|p2|Machamp, M|\n|poke|p2|Charizard, M|\n|teampreview\n|\n|t:|1700246405\n|start\n|switch|p1a: Klawf|Klawf, M|100\/100\n|switch|p2a: Machamp|Machamp, M|100\/100\n|turn|1\n|\n|t:|1700246420\n|move|p2a: Machamp|Bulk Up|p2a: Machamp\n|-boost|p2a: Machamp|atk|1\n|-boost|p2a: Machamp|def|1\n|move|p1a: Klawf|Iron Defense|p1a: Klawf\n|-boost|p1a: Klawf|def|2\n|\n|-status|p2a: Machamp|brn|[from] item: Flame Orb\n|upkeep\n|turn|2\n|\n|t:|1700246433\n|move|p2a: Machamp|Brick Break|p1a: Klawf\n|-supereffective|p1a: Klawf\n|-damage|p1a: Klawf|24\/100\n|-ability|p1a: Klawf|Anger Shell|boost\n|-boost|p1a: Klawf|atk|1\n|-boost|p1a: Klawf|spa|1\n|-boost|p1a: Klawf|spe|1\n|-unboost|p1a: Klawf|def|1\n|-unboost|p1a: Klawf|spd|1\n|-enditem|p1a: Klawf|Aguav Berry|[eat]\n|-heal|p1a: Klawf|57\/100|[from] item: Aguav Berry\n|move|p1a: Klawf|Iron Defense|p1a: Klawf\n|-boost|p1a: Klawf|def|2\n|\n|-damage|p2a: Machamp|94\/100 brn|[from] brn\n|upkeep\n|turn|3\n|\n|t:|1700246443\n|move|p1a: Klawf|Rest|p1a: Klawf\n|-status|p1a: Klawf|slp|[from] move: Rest\n|-heal|p1a: Klawf|100\/100 slp|[silent]\n|move|p2a: Machamp|Brick Break|p1a: Klawf\n|-supereffective|p1a: Klawf\n|-damage|p1a: Klawf|35\/100 slp\n|-ability|p1a: Klawf|Anger Shell|boost\n|-boost|p1a: Klawf|atk|1\n|-boost|p1a: Klawf|spa|1\n|-boost|p1a: Klawf|spe|1\n|-unboost|p1a: Klawf|def|1\n|-unboost|p1a: Klawf|spd|1\n|\n|-damage|p2a: Machamp|88\/100 brn|[from] brn\n|upkeep\n|turn|4\n|\n|t:|1700246454\n|cant|p1a: Klawf|slp\n|move|p1a: Klawf|Sleep Talk|p1a: Klawf\n|move|p1a: Klawf|Rest||[from]move: Sleep Talk|[still]\n|-fail|p1a: Klawf\n|move|p2a: Machamp|Brick Break|p1a: Klawf\n|-supereffective|p1a: Klawf\n|-damage|p1a: Klawf|0 fnt\n|faint|p1a: Klawf\n|\n|-damage|p2a: Machamp|82\/100 brn|[from] brn\n|upkeep\n|\n|t:|1700246461\n|switch|p1a: Staraptor|Staraptor, M|100\/100\n|turn|5\n|\n|t:|1700246466\n|move|p1a: Staraptor|Brave Bird|p2a: Machamp\n|-supereffective|p2a: Machamp\n|-damage|p2a: Machamp|0 fnt\n|faint|p2a: Machamp\n|-damage|p1a: Staraptor|73\/100|[from] Recoil\n|\n|upkeep\n|\n|t:|1700246471\n|switch|p2a: Jolteon|Jolteon, M|100\/100\n|-item|p2a: Jolteon|Air Balloon\n|turn|6\n|\n|t:|1700246476\n|-terastallize|p2a: Jolteon|Electric\n|move|p1a: Staraptor|Quick Attack|p2a: Jolteon\n|-damage|p2a: Jolteon|62\/100\n|-enditem|p2a: Jolteon|Air Balloon\n|move|p2a: Jolteon|Discharge|p1a: Staraptor\n|-supereffective|p1a: Staraptor\n|-damage|p1a: Staraptor|0 fnt\n|faint|p1a: Staraptor\n|\n|upkeep\n|\n|t:|1700246479\n|switch|p1a: Electivire|Electivire, M|100\/100\n|turn|7\n|\n|t:|1700246482\n|move|p2a: Jolteon|Toxic|p1a: Electivire\n|-status|p1a: Electivire|tox\n|move|p1a: Electivire|Earthquake|p2a: Jolteon\n|-supereffective|p2a: Jolteon\n|-damage|p2a: Jolteon|0 fnt\n|faint|p2a: Jolteon\n|-damage|p1a: Electivire|91\/100 tox|[from] item: Life Orb\n|\n|-damage|p1a: Electivire|84\/100 tox|[from] psn\n|upkeep\n|\n|t:|1700246486\n|switch|p2a: Snorlax|Snorlax, M|100\/100\n|turn|8\n|\n|t:|1700246489\n|move|p1a: Electivire|Cross Chop|p2a: Snorlax\n|-supereffective|p2a: Snorlax\n|-damage|p2a: Snorlax|31\/100\n|-damage|p1a: Electivire|74\/100 tox|[from] item: Life Orb\n|move|p2a: Snorlax|Earthquake|p1a: Electivire\n|-supereffective|p1a: Electivire\n|-damage|p1a: Electivire|0 fnt\n|faint|p1a: Electivire\n|\n|upkeep\n|\n|t:|1700246493\n|switch|p1a: Kingler|Kingler, M, shiny|100\/100\n|turn|9\n|\n|t:|1700246499\n|move|p1a: Kingler|Hammer Arm|p2a: Snorlax\n|-supereffective|p2a: Snorlax\n|-damage|p2a: Snorlax|0 fnt\n|-unboost|p1a: Kingler|spe|1\n|faint|p2a: Snorlax\n|\n|upkeep\n|\n|t:|1700246503\n|switch|p2a: Scyther|Scyther, F|100\/100\n|turn|10\n|\n|t:|1700246512\n|move|p2a: Scyther|Knock Off|p1a: Kingler\n|-damage|p1a: Kingler|73\/100\n|-enditem|p1a: Kingler|Assault Vest|[from] move: Knock Off|[of] p2a: Scyther\n|move|p1a: Kingler|Crabhammer|p2a: Scyther\n|-damage|p2a: Scyther|46\/100\n|\n|upkeep\n|turn|11\n|\n|t:|1700246523\n|move|p2a: Scyther|Aerial Ace|p1a: Kingler\n|-damage|p1a: Kingler|33\/100\n|move|p1a: Kingler|Crabhammer|p2a: Scyther\n|-damage|p2a: Scyther|0 fnt\n|faint|p2a: Scyther\n|\n|upkeep\n|\n|t:|1700246526\n|switch|p2a: Tentacruel|Tentacruel, M|100\/100\n|turn|12\n|\n|t:|1700246534\n|move|p2a: Tentacruel|Sludge Bomb|p1a: Kingler\n|-damage|p1a: Kingler|0 fnt\n|faint|p1a: Kingler\n|\n|upkeep\n|\n|t:|1700246537\n|switch|p1a: Tangrowth|Tangrowth, M|100\/100\n|turn|13\n|\n|t:|1700246558\n|move|p2a: Tentacruel|Toxic Spikes|p1a: Tangrowth\n|-sidestart|p1: Keanmon|move: Toxic Spikes\n|move|p1a: Tangrowth|Leech Seed|p2a: Tentacruel\n|-start|p2a: Tentacruel|move: Leech Seed\n|\n|-damage|p2a: Tentacruel|88\/100|[from] Leech Seed|[of] p1a: Tangrowth\n|upkeep\n|turn|14\n|\n|t:|1700246567\n|move|p2a: Tentacruel|Sludge Bomb|p1a: Tangrowth\n|-supereffective|p1a: Tangrowth\n|-damage|p1a: Tangrowth|8\/100\n|move|p1a: Tangrowth|Giga Drain|p2a: Tentacruel\n|-damage|p2a: Tentacruel|53\/100\n|-heal|p1a: Tangrowth|22\/100|[from] drain|[of] p2a: Tentacruel\n|\n|-heal|p1a: Tangrowth|28\/100|[from] item: Leftovers\n|-damage|p2a: Tentacruel|41\/100|[from] Leech Seed|[of] p1a: Tangrowth\n|-heal|p1a: Tangrowth|37\/100|[silent]\n|upkeep\n|turn|15\n|\n|t:|1700246588\n|move|p2a: Tentacruel|Sludge Bomb|p1a: Tangrowth\n|-supereffective|p1a: Tangrowth\n|-damage|p1a: Tangrowth|0 fnt\n|faint|p1a: Tangrowth\n|\n|upkeep\n|\n|t:|1700246592\n|switch|p1a: Darmanitan|Darmanitan, M|100\/100\n|-status|p1a: Darmanitan|psn\n|turn|16\n|\n|t:|1700246597\n|-singleturn|p1a: Darmanitan|move: Focus Punch\n|move|p2a: Tentacruel|Scald|p1a: Darmanitan\n|-supereffective|p1a: Darmanitan\n|-damage|p1a: Darmanitan|1\/100 psn\n|cant|p1a: Darmanitan|Focus Punch|Focus Punch\n|\n|-damage|p2a: Tentacruel|28\/100|[from] Leech Seed|[of] p1a: Darmanitan\n|-heal|p1a: Darmanitan|12\/100 psn|[silent]\n|-damage|p1a: Darmanitan|0 fnt|[from] psn\n|faint|p1a: Darmanitan\n|\n|win|Emperor Dave420xx\n|upkeep\n|raw|Keanmon's rating: 1022 &rarr; <strong>1009<\/strong><br \/>(-13 for losing)\n|raw|Emperor Dave420xx's rating: 1028 &rarr; <strong>1063<\/strong><br \/>(+35 for winning)\n|l|\u2606Keanmon\n","uploadtime":1700246606,"views":6,"p1id":"keanmon","p2id":"emperordave420xx","formatid":"gen9nationaldex","rating":1009,"private":0,"password":""}