{"id":"gen9nationaldex-1995502346","p1":"Deathbang","p2":"INVINCIBLE_3412","format":"[Gen 9] National Dex","log":"|html|<div class=\"broadcast-blue\"><strong>[Gen 9] National Dex is currently suspecting Sneasler! For information on how to participate check out the <a href=\"https:\/\/www.smogon.com\/forums\/threads\/sv-national-dex-suspect-8-just-dance.3731534\/\">suspect thread<\/a>.<\/strong><\/div>\n|j|\u2606Deathbang\n|j|\u2606INVINCIBLE_3412\n|t:|1700577666\n|gametype|singles\n|player|p1|Deathbang|swimmerf-gen4|1162\n|player|p2|INVINCIBLE_3412|102|1079\n|teamsize|p1|6\n|teamsize|p2|6\n|gen|9\n|tier|[Gen 9] National Dex\n|rated|\n|rule|HP Percentage Mod: HP is shown in percentages\n|rule|Endless Battle Clause: Forcing endless battles is banned\n|rule|OHKO Clause: OHKO moves are banned\n|rule|Evasion Clause: Evasion abilities, items, and moves are banned\n|rule|Evasion Abilities Clause: Evasion abilities are banned\n|rule|Evasion Items Clause: Evasion items are banned\n|rule|Evasion Moves Clause: Evasion moves are banned\n|rule|Species Clause: Limit one of each Pok\u00e9mon\n|rule|Sleep Clause Mod: Limit one foe put to sleep\n|clearpoke\n|poke|p1|Beedrill, F|\n|poke|p1|Torkoal, M|\n|poke|p1|Stakataka|\n|poke|p1|Carracosta, F|\n|poke|p1|Wormadam-Trash, F|\n|poke|p1|Rabsca, M|\n|poke|p2|Ferrothorn, F|\n|poke|p2|Sableye, M|\n|poke|p2|Charizard, M|\n|poke|p2|Garchomp, F|\n|poke|p2|Greninja-*, F|\n|poke|p2|Heatran, M|\n|teampreview\n|\n|t:|1700577670\n|start\n|switch|p1a: Wormadam|Wormadam-Trash, F|100\/100\n|switch|p2a: Ferrothorn|Ferrothorn, F|100\/100\n|turn|1\n|\n|t:|1700577685\n|move|p1a: Wormadam|Stealth Rock|p2a: Ferrothorn\n|-sidestart|p2: INVINCIBLE_3412|move: Stealth Rock\n|move|p2a: Ferrothorn|Curse|p2a: Ferrothorn\n|-unboost|p2a: Ferrothorn|spe|1\n|-boost|p2a: Ferrothorn|atk|1\n|-boost|p2a: Ferrothorn|def|1\n|\n|upkeep\n|turn|2\n|\n|t:|1700577711\n|switch|p1a: Torkoal|Torkoal, M|100\/100\n|move|p2a: Ferrothorn|Curse|p2a: Ferrothorn\n|-unboost|p2a: Ferrothorn|spe|1\n|-boost|p2a: Ferrothorn|atk|1\n|-boost|p2a: Ferrothorn|def|1\n|\n|upkeep\n|turn|3\n|\n|t:|1700577718\n|move|p1a: Torkoal|Yawn|p2a: Ferrothorn\n|-start|p2a: Ferrothorn|move: Yawn|[of] p1a: Torkoal\n|move|p2a: Ferrothorn|Gyro Ball|p1a: Torkoal\n|-resisted|p1a: Torkoal\n|-damage|p1a: Torkoal|77\/100\n|\n|upkeep\n|turn|4\n|\n|t:|1700577729\n|switch|p2a: Garchomp|Garchomp, F|100\/100\n|-damage|p2a: Garchomp|94\/100|[from] Stealth Rock\n|move|p1a: Torkoal|Yawn|p2a: Garchomp\n|-start|p2a: Garchomp|move: Yawn|[of] p1a: Torkoal\n|\n|-heal|p2a: Garchomp|100\/100|[from] item: Leftovers\n|upkeep\n|turn|5\n|\n|t:|1700577740\n|move|p1a: Torkoal|Protect|p1a: Torkoal\n|-singleturn|p1a: Torkoal|Protect\n|move|p2a: Garchomp|Earthquake|p1a: Torkoal\n|-activate|p1a: Torkoal|move: Protect\n|\n|-end|p2a: Garchomp|move: Yawn|[silent]\n|-status|p2a: Garchomp|slp\n|upkeep\n|turn|6\n|\n|t:|1700577758\n|switch|p1a: Rabsca|Rabsca, M|100\/100\n|cant|p2a: Garchomp|slp\n|\n|upkeep\n|turn|7\n|\n|t:|1700577764\n|-curestatus|p2a: Garchomp|slp|[msg]\n|move|p2a: Garchomp|Earthquake|p1a: Rabsca\n|-resisted|p1a: Rabsca\n|-damage|p1a: Rabsca|70\/100\n|move|p1a: Rabsca|Trick Room|p1a: Rabsca\n|-fieldstart|move: Trick Room|[of] p1a: Rabsca\n|\n|upkeep\n|turn|8\n|\n|t:|1700577771\n|move|p1a: Rabsca|Psychic|p2a: Garchomp\n|-damage|p2a: Garchomp|59\/100\n|move|p2a: Garchomp|Return|p1a: Rabsca\n|-crit|p1a: Rabsca\n|-damage|p1a: Rabsca|6\/100\n|\n|-heal|p2a: Garchomp|66\/100|[from] item: Leftovers\n|upkeep\n|turn|9\n|\n|t:|1700577780\n|move|p1a: Rabsca|Recover|p1a: Rabsca\n|-heal|p1a: Rabsca|56\/100\n|move|p2a: Garchomp|Earthquake|p1a: Rabsca\n|-resisted|p1a: Rabsca\n|-damage|p1a: Rabsca|29\/100\n|\n|-heal|p2a: Garchomp|72\/100|[from] item: Leftovers\n|upkeep\n|turn|10\n|\n|t:|1700577788\n|move|p1a: Rabsca|Recover|p1a: Rabsca\n|-heal|p1a: Rabsca|79\/100\n|move|p2a: Garchomp|Return|p1a: Rabsca\n|-damage|p1a: Rabsca|39\/100\n|\n|-heal|p2a: Garchomp|78\/100|[from] item: Leftovers\n|upkeep\n|turn|11\n|\n|t:|1700577795\n|move|p1a: Rabsca|Psychic|p2a: Garchomp\n|-damage|p2a: Garchomp|39\/100\n|move|p2a: Garchomp|Return|p1a: Rabsca\n|-damage|p1a: Rabsca|0 fnt\n|faint|p1a: Rabsca\n|\n|-heal|p2a: Garchomp|45\/100|[from] item: Leftovers\n|-fieldend|move: Trick Room\n|upkeep\n|\n|t:|1700577805\n|switch|p1a: Stakataka|Stakataka|100\/100\n|turn|12\n|\n|t:|1700577811\n|-terastallize|p1a: Stakataka|Water\n|move|p2a: Garchomp|Earthquake|p1a: Stakataka\n|-damage|p1a: Stakataka|67\/100\n|move|p1a: Stakataka|Trick Room|p1a: Stakataka\n|-fieldstart|move: Trick Room|[of] p1a: Stakataka\n|\n|-heal|p2a: Garchomp|52\/100|[from] item: Leftovers\n|upkeep\n|turn|13\n|\n|t:|1700577818\n|move|p1a: Stakataka|Gyro Ball|p2a: Garchomp\n|-damage|p2a: Garchomp|0 fnt\n|-damage|p1a: Stakataka|55\/100|[from] ability: Rough Skin|[of] p2a: Garchomp\n|faint|p2a: Garchomp\n|-ability|p1a: Stakataka|Beast Boost|boost\n|-boost|p1a: Stakataka|atk|1\n|-damage|p1a: Stakataka|45\/100|[from] item: Life Orb\n|\n|upkeep\n|\n|t:|1700577832\n|switch|p2a: Heatran|Heatran, M|100\/100\n|-damage|p2a: Heatran|88\/100|[from] Stealth Rock\n|turn|14\n|\n|t:|1700577838\n|move|p1a: Stakataka|Earthquake|p2a: Heatran\n|-supereffective|p2a: Heatran\n|-damage|p2a: Heatran|0 fnt\n|faint|p2a: Heatran\n|-ability|p1a: Stakataka|Beast Boost|boost\n|-boost|p1a: Stakataka|atk|1\n|-damage|p1a: Stakataka|35\/100|[from] item: Life Orb\n|\n|upkeep\n|\n|t:|1700577846\n|switch|p2a: Greninja|Greninja, F|100\/100\n|-damage|p2a: Greninja|88\/100|[from] Stealth Rock\n|turn|15\n|\n|t:|1700577851\n|move|p1a: Stakataka|Gyro Ball|p2a: Greninja\n|-resisted|p2a: Greninja\n|-damage|p2a: Greninja|0 fnt\n|faint|p2a: Greninja\n|-ability|p1a: Stakataka|Beast Boost|boost\n|-boost|p1a: Stakataka|atk|1\n|-damage|p1a: Stakataka|25\/100|[from] item: Life Orb\n|\n|upkeep\n|\n|t:|1700577862\n|switch|p2a: Charizard|Charizard, M|100\/100\n|-damage|p2a: Charizard|50\/100|[from] Stealth Rock\n|turn|16\n|\n|t:|1700577867\n|move|p1a: Stakataka|Gyro Ball|p2a: Charizard\n|-resisted|p2a: Charizard\n|-damage|p2a: Charizard|0 fnt\n|faint|p2a: Charizard\n|-ability|p1a: Stakataka|Beast Boost|boost\n|-boost|p1a: Stakataka|atk|1\n|-damage|p1a: Stakataka|16\/100|[from] item: Life Orb\n|\n|-fieldend|move: Trick Room\n|upkeep\n|\n|t:|1700577876\n|switch|p2a: Ferrothorn|Ferrothorn, F|100\/100\n|-damage|p2a: Ferrothorn|94\/100|[from] Stealth Rock\n|turn|17\n|\n|t:|1700577880\n|move|p2a: Ferrothorn|Leech Seed|p1a: Stakataka\n|-start|p1a: Stakataka|move: Leech Seed\n|move|p1a: Stakataka|Earthquake|p2a: Ferrothorn\n|-damage|p2a: Ferrothorn|0 fnt\n|faint|p2a: Ferrothorn\n|-ability|p1a: Stakataka|Beast Boost|boost\n|-boost|p1a: Stakataka|atk|1\n|-damage|p1a: Stakataka|6\/100|[from] item: Life Orb\n|\n|upkeep\n|\n|t:|1700577888\n|switch|p2a: Sableye|Sableye, M|100\/100\n|-damage|p2a: Sableye|88\/100|[from] Stealth Rock\n|turn|18\n|\n|t:|1700577894\n|move|p2a: Sableye|Reflect|p2a: Sableye\n|-sidestart|p2: INVINCIBLE_3412|Reflect\n|move|p1a: Stakataka|Earthquake|p2a: Sableye\n|-damage|p2a: Sableye|0 fnt\n|faint|p2a: Sableye\n|-damage|p1a: Stakataka|0 fnt|[from] item: Life Orb\n|faint|p1a: Stakataka\n|\n|win|Deathbang\n|raw|Deathbang's rating: 1162 &rarr; <strong>1181<\/strong><br \/>(+19 for winning)\n|raw|INVINCIBLE_3412's rating: 1079 &rarr; <strong>1062<\/strong><br \/>(-17 for losing)\n|l|\u2606INVINCIBLE_3412\n","uploadtime":1700577907,"views":0,"p1id":"deathbang","p2id":"invincible3412","formatid":"gen9nationaldex","rating":1062,"private":0,"password":""}