{"id":"gen9nationaldex-1997847217","p1":"Player 723456","p2":"PKMNTrainerPlasma","format":"[Gen 9] National Dex","log":"|html|<div class=\"broadcast-blue\"><strong>[Gen 9] National Dex is currently suspecting Sneasler! For information on how to participate check out the <a href=\"https:\/\/www.smogon.com\/forums\/threads\/sv-national-dex-suspect-8-just-dance.3731534\/\">suspect thread<\/a>.<\/strong><\/div>\n|j|\u2606Player 723456\n|j|\u2606PKMNTrainerPlasma\n|t:|1700859230\n|gametype|singles\n|player|p1|Player 723456|lucas|1152\n|player|p2|PKMNTrainerPlasma|red|1050\n|teamsize|p1|6\n|teamsize|p2|6\n|gen|9\n|tier|[Gen 9] National Dex\n|rated|\n|rule|HP Percentage Mod: HP is shown in percentages\n|rule|Endless Battle Clause: Forcing endless battles is banned\n|rule|OHKO Clause: OHKO moves are banned\n|rule|Evasion Clause: Evasion abilities, items, and moves are banned\n|rule|Evasion Abilities Clause: Evasion abilities are banned\n|rule|Evasion Items Clause: Evasion items are banned\n|rule|Evasion Moves Clause: Evasion moves are banned\n|rule|Species Clause: Limit one of each Pok\u00e9mon\n|rule|Sleep Clause Mod: Limit one foe put to sleep\n|clearpoke\n|poke|p1|Pikachu, F|\n|poke|p1|Excadrill, F|\n|poke|p1|Rotom-Wash|\n|poke|p1|Togekiss, F|\n|poke|p1|Ferrothorn, M|\n|poke|p1|Gyarados, M|\n|poke|p2|Roselia, F|\n|poke|p2|Cyclizar, F|\n|poke|p2|Gible, M|\n|poke|p2|Delibird, M|\n|poke|p2|Krabby, F|\n|poke|p2|Numel, M|\n|teampreview\n|inactive|Battle timer is ON: inactive players will automatically lose when time's up. (requested by PKMNTrainerPlasma)\n|\n|t:|1700859242\n|start\n|switch|p1a: Ferrothorn|Ferrothorn, M|100\/100\n|switch|p2a: CHOOOMP|Gible, M|100\/100\n|turn|1\n|\n|t:|1700859260\n|move|p2a: CHOOOMP|Fire Fang|p1a: Ferrothorn\n|-supereffective|p1a: Ferrothorn\n|-damage|p1a: Ferrothorn|46\/100\n|-damage|p2a: CHOOOMP|88\/100|[from] ability: Iron Barbs|[of] p1a: Ferrothorn\n|-damage|p2a: CHOOOMP|72\/100|[from] item: Rocky Helmet|[of] p1a: Ferrothorn\n|move|p1a: Ferrothorn|Stealth Rock|p2a: CHOOOMP\n|-sidestart|p2: PKMNTrainerPlasma|move: Stealth Rock\n|\n|upkeep\n|turn|2\n|\n|t:|1700859269\n|move|p2a: CHOOOMP|Fire Fang|p1a: Ferrothorn\n|-supereffective|p1a: Ferrothorn\n|-damage|p1a: Ferrothorn|0 fnt\n|-damage|p2a: CHOOOMP|59\/100|[from] ability: Iron Barbs|[of] p1a: Ferrothorn\n|-damage|p2a: CHOOOMP|43\/100|[from] item: Rocky Helmet|[of] p1a: Ferrothorn\n|faint|p1a: Ferrothorn\n|\n|upkeep\n|\n|t:|1700859282\n|switch|p1a: Gyarados|Gyarados, M|100\/100\n|turn|3\n|\n|t:|1700859293\n|switch|p2a: Roselina|Roselia, F|100\/100\n|-damage|p2a: Roselina|88\/100|[from] Stealth Rock\n|move|p1a: Gyarados|Ice Fang|p2a: Roselina\n|-supereffective|p2a: Roselina\n|-damage|p2a: Roselina|7\/100\n|\n|upkeep\n|turn|4\n|\n|t:|1700859302\n|move|p1a: Gyarados|Ice Fang|p2a: Roselina|[miss]\n|-miss|p1a: Gyarados|p2a: Roselina\n|move|p2a: Roselina|Sleep Powder|p1a: Gyarados\n|-status|p1a: Gyarados|slp|[from] move: Sleep Powder\n|\n|upkeep\n|turn|5\n|c|\u2606PKMNTrainerPlasma|saved by sheer luck i guess\n|\n|t:|1700859320\n|cant|p1a: Gyarados|slp\n|move|p2a: Roselina|Leech Seed|p1a: Gyarados\n|-start|p1a: Gyarados|move: Leech Seed\n|\n|-damage|p1a: Gyarados|88\/100 slp|[from] Leech Seed|[of] p2a: Roselina\n|-heal|p2a: Roselina|24\/100|[silent]\n|upkeep\n|turn|6\n|\n|t:|1700859326\n|-curestatus|p1a: Gyarados|slp|[msg]\n|move|p1a: Gyarados|Ice Fang|p2a: Roselina\n|-supereffective|p2a: Roselina\n|-damage|p2a: Roselina|0 fnt\n|faint|p2a: Roselina\n|-ability|p1a: Gyarados|Moxie|boost\n|-boost|p1a: Gyarados|atk|1\n|\n|upkeep\n|\n|t:|1700859337\n|switch|p2a: CHOOOMP|Gible, M|43\/100\n|-damage|p2a: CHOOOMP|37\/100|[from] Stealth Rock\n|turn|7\n|\n|t:|1700859341\n|move|p1a: Gyarados|Ice Fang|p2a: CHOOOMP\n|-supereffective|p2a: CHOOOMP\n|-damage|p2a: CHOOOMP|0 fnt\n|-damage|p1a: Gyarados|76\/100|[from] ability: Rough Skin|[of] p2a: CHOOOMP\n|faint|p2a: CHOOOMP\n|-ability|p1a: Gyarados|Moxie|boost\n|-boost|p1a: Gyarados|atk|1\n|\n|upkeep\n|\n|t:|1700859351\n|switch|p2a: Don Bon|Numel, M|100\/100\n|-damage|p2a: Don Bon|88\/100|[from] Stealth Rock\n|turn|8\n|\n|t:|1700859358\n|detailschange|p1a: Gyarados|Gyarados-Mega, M\n|-mega|p1a: Gyarados|Gyarados|Gyaradosite\n|-ability|p1a: Gyarados|Mold Breaker\n|-terastallize|p2a: Don Bon|Water\n|move|p1a: Gyarados|Waterfall|p2a: Don Bon\n|-resisted|p2a: Don Bon\n|-damage|p2a: Don Bon|31\/100\n|move|p2a: Don Bon|Curse|p2a: Don Bon\n|-unboost|p2a: Don Bon|spe|2\n|-boost|p2a: Don Bon|atk|2\n|-boost|p2a: Don Bon|def|2\n|\n|-damage|p1a: Gyarados|63\/100|[from] Leech Seed|[of] p2a: Don Bon\n|-heal|p2a: Don Bon|47\/100|[silent]\n|upkeep\n|turn|9\n|\n|t:|1700859374\n|move|p1a: Gyarados|Waterfall|p2a: Don Bon\n|-resisted|p2a: Don Bon\n|-damage|p2a: Don Bon|15\/100\n|move|p2a: Don Bon|Curse|p2a: Don Bon\n|-unboost|p2a: Don Bon|spe|2\n|-boost|p2a: Don Bon|atk|2\n|-boost|p2a: Don Bon|def|2\n|\n|-damage|p1a: Gyarados|51\/100|[from] Leech Seed|[of] p2a: Don Bon\n|-heal|p2a: Don Bon|31\/100|[silent]\n|upkeep\n|turn|10\n|\n|t:|1700859387\n|move|p1a: Gyarados|Crunch|p2a: Don Bon\n|-damage|p2a: Don Bon|0 fnt\n|faint|p2a: Don Bon\n|\n|upkeep\n|\n|t:|1700859400\n|switch|p2a: Oblivion Present|Delibird, M|100\/100\n|-damage|p2a: Oblivion Present|51\/100|[from] Stealth Rock\n|turn|11\n|\n|t:|1700859412\n|move|p1a: Gyarados|Ice Fang|p2a: Oblivion Present\n|-damage|p2a: Oblivion Present|0 fnt\n|faint|p2a: Oblivion Present\n|\n|upkeep\n|\n|t:|1700859416\n|switch|p2a: Crab Rave|Krabby, F|100\/100\n|-damage|p2a: Crab Rave|88\/100|[from] Stealth Rock\n|turn|12\n|\n|t:|1700859421\n|move|p1a: Gyarados|Crunch|p2a: Crab Rave\n|-damage|p2a: Crab Rave|0 fnt\n|faint|p2a: Crab Rave\n|\n|upkeep\n|\n|t:|1700859425\n|switch|p2a: Wheel Tail|Cyclizar, F|100\/100\n|-damage|p2a: Wheel Tail|88\/100|[from] Stealth Rock\n|turn|13\n|\n|t:|1700859429\n|move|p1a: Gyarados|Ice Fang|p2a: Wheel Tail\n|-supereffective|p2a: Wheel Tail\n|-damage|p2a: Wheel Tail|0 fnt\n|faint|p2a: Wheel Tail\n|\n|win|Player 723456\n|raw|Player 723456's rating: 1152 &rarr; <strong>1170<\/strong><br \/>(+18 for winning)\n|raw|PKMNTrainerPlasma's rating: 1050 &rarr; <strong>1037<\/strong><br \/>(-13 for losing)\n|l|\u2606PKMNTrainerPlasma\n","uploadtime":1700859437,"views":2,"p1id":"player723456","p2id":"pkmntrainerplasma","formatid":"gen9nationaldex","rating":1037,"private":0,"password":""}