{"id":"gen9nationaldex-1998856554","p1":"lawrenceyu","p2":"gobbyhappy","format":"[Gen 9] National Dex","log":"|html|<div class=\"broadcast-blue\"><strong>[Gen 9] National Dex is currently suspecting Sneasler! For information on how to participate check out the <a href=\"https:\/\/www.smogon.com\/forums\/threads\/sv-national-dex-suspect-8-just-dance.3731534\/\">suspect thread<\/a>.<\/strong><\/div>\n|j|\u2606lawrenceyu\n|j|\u2606gobbyhappy\n|t:|1701004002\n|gametype|singles\n|player|p1|lawrenceyu|1|1668\n|player|p2|gobbyhappy|2|1742\n|teamsize|p1|6\n|teamsize|p2|6\n|gen|9\n|tier|[Gen 9] National Dex\n|rated|\n|rule|HP Percentage Mod: HP is shown in percentages\n|rule|Endless Battle Clause: Forcing endless battles is banned\n|rule|OHKO Clause: OHKO moves are banned\n|rule|Evasion Clause: Evasion abilities, items, and moves are banned\n|rule|Evasion Abilities Clause: Evasion abilities are banned\n|rule|Evasion Items Clause: Evasion items are banned\n|rule|Evasion Moves Clause: Evasion moves are banned\n|rule|Species Clause: Limit one of each Pok\u00e9mon\n|rule|Sleep Clause Mod: Limit one foe put to sleep\n|clearpoke\n|poke|p1|Toxapex, M|\n|poke|p1|Sirfetch\u2019d, F|\n|poke|p1|Tapu Lele|\n|poke|p1|Ferrothorn, F|\n|poke|p1|Landorus-Therian, M|\n|poke|p1|Diancie|\n|poke|p2|Alomomola, F|\n|poke|p2|Ogerpon-Wellspring, F|\n|poke|p2|Ferrothorn, M|\n|poke|p2|Tapu Lele|\n|poke|p2|Hydreigon, F|\n|poke|p2|Lopunny, F|\n|teampreview\n|inactive|Battle timer is ON: inactive players will automatically lose when time's up. (requested by gobbyhappy)\n|\n|t:|1701004021\n|start\n|switch|p1a: Toxapex|Toxapex, M|100\/100\n|switch|p2a: Ogerpon|Ogerpon-Wellspring, F|100\/100\n|turn|1\n|\n|t:|1701004029\n|switch|p2a: Ferrothorn|Ferrothorn, M|100\/100\n|switch|p1a: Sirfetch\u2019d|Sirfetch\u2019d, F|100\/100\n|\n|upkeep\n|turn|2\n|\n|t:|1701004037\n|switch|p2a: Alomomola|Alomomola, F|100\/100\n|move|p1a: Sirfetch\u2019d|Close Combat|p2a: Alomomola\n|-crit|p2a: Alomomola\n|-damage|p2a: Alomomola|40\/100\n|-unboost|p1a: Sirfetch\u2019d|def|1\n|-unboost|p1a: Sirfetch\u2019d|spd|1\n|\n|upkeep\n|turn|3\n|j| xuxiansheng\n|\n|t:|1701004045\n|switch|p2a: Ferrothorn|Ferrothorn, M|100\/100\n|move|p1a: Sirfetch\u2019d|Leaf Blade|p2a: Ferrothorn\n|-resisted|p2a: Ferrothorn\n|-crit|p2a: Ferrothorn\n|-damage|p2a: Ferrothorn|93\/100\n|-damage|p1a: Sirfetch\u2019d|88\/100|[from] ability: Iron Barbs|[of] p2a: Ferrothorn\n|\n|-heal|p2a: Ferrothorn|99\/100|[from] item: Leftovers\n|upkeep\n|turn|4\n|\n|t:|1701004067\n|move|p2a: Ferrothorn|Protect|p2a: Ferrothorn\n|-singleturn|p2a: Ferrothorn|Protect\n|move|p1a: Sirfetch\u2019d|Close Combat|p2a: Ferrothorn\n|-activate|p2a: Ferrothorn|move: Protect\n|\n|-heal|p2a: Ferrothorn|100\/100|[from] item: Leftovers\n|upkeep\n|turn|5\n|\n|t:|1701004073\n|move|p1a: Sirfetch\u2019d|Close Combat|p2a: Ferrothorn\n|-supereffective|p2a: Ferrothorn\n|-damage|p2a: Ferrothorn|15\/100\n|-unboost|p1a: Sirfetch\u2019d|def|1\n|-unboost|p1a: Sirfetch\u2019d|spd|1\n|-damage|p1a: Sirfetch\u2019d|76\/100|[from] ability: Iron Barbs|[of] p2a: Ferrothorn\n|move|p2a: Ferrothorn|Gyro Ball|p1a: Sirfetch\u2019d\n|-damage|p1a: Sirfetch\u2019d|0 fnt\n|faint|p1a: Sirfetch\u2019d\n|\n|-heal|p2a: Ferrothorn|22\/100|[from] item: Leftovers\n|upkeep\n|\n|t:|1701004085\n|switch|p1a: Tapu Lele|Tapu Lele|100\/100\n|-fieldstart|move: Psychic Terrain|[from] ability: Psychic Surge|[of] p1a: Tapu Lele\n|turn|6\n|\n|t:|1701004089\n|move|p2a: Ferrothorn|Protect|p2a: Ferrothorn\n|-singleturn|p2a: Ferrothorn|Protect\n|move|p1a: Tapu Lele|Moonblast|p2a: Ferrothorn\n|-activate|p2a: Ferrothorn|move: Protect\n|\n|-heal|p2a: Ferrothorn|28\/100|[from] item: Leftovers\n|upkeep\n|turn|7\n|\n|t:|1701004096\n|move|p1a: Tapu Lele|Moonblast|p2a: Ferrothorn\n|-resisted|p2a: Ferrothorn\n|-damage|p2a: Ferrothorn|8\/100\n|-unboost|p2a: Ferrothorn|spa|1\n|move|p2a: Ferrothorn|Leech Seed|p1a: Tapu Lele\n|-start|p1a: Tapu Lele|move: Leech Seed\n|\n|-heal|p2a: Ferrothorn|15\/100|[from] item: Leftovers\n|-damage|p1a: Tapu Lele|88\/100|[from] Leech Seed|[of] p2a: Ferrothorn\n|-heal|p2a: Ferrothorn|25\/100|[silent]\n|upkeep\n|turn|8\n|\n|t:|1701004105\n|switch|p1a: Diancie|Diancie|100\/100\n|move|p2a: Ferrothorn|Stealth Rock|p1a: Diancie\n|-sidestart|p1: lawrenceyu|move: Stealth Rock\n|\n|-heal|p2a: Ferrothorn|31\/100|[from] item: Leftovers\n|upkeep\n|turn|9\n|\n|t:|1701004115\n|move|p2a: Ferrothorn|Protect|p2a: Ferrothorn\n|-singleturn|p2a: Ferrothorn|Protect\n|move|p1a: Diancie|Stealth Rock|p2a: Ferrothorn\n|-sidestart|p2: gobbyhappy|move: Stealth Rock\n|\n|-heal|p2a: Ferrothorn|37\/100|[from] item: Leftovers\n|upkeep\n|turn|10\n|\n|t:|1701004121\n|detailschange|p1a: Diancie|Diancie-Mega\n|-mega|p1a: Diancie|Diancie|Diancite\n|-terastallize|p2a: Ferrothorn|Ghost\n|move|p1a: Diancie|Mystical Fire|p2a: Ferrothorn\n|-damage|p2a: Ferrothorn|12\/100\n|-unboost|p2a: Ferrothorn|spa|1\n|move|p2a: Ferrothorn|Gyro Ball|p1a: Diancie\n|-supereffective|p1a: Diancie\n|-damage|p1a: Diancie|0 fnt\n|faint|p1a: Diancie\n|\n|-heal|p2a: Ferrothorn|18\/100|[from] item: Leftovers\n|-fieldend|move: Psychic Terrain\n|upkeep\n|-message|lawrenceyu forfeited.\n|\n|win|gobbyhappy\n|raw|lawrenceyu's rating: 1668 &rarr; <strong>1652<\/strong><br \/>(-16 for losing)\n|raw|gobbyhappy's rating: 1742 &rarr; <strong>1758<\/strong><br \/>(+16 for winning)\n|l|\u2606lawrenceyu\n","uploadtime":1701004135,"views":6,"p1id":"lawrenceyu","p2id":"gobbyhappy","formatid":"gen9nationaldex","rating":1652,"private":0,"password":""}