{"id":"gen9nationaldex-1987872027","p1":"thagreatbuffalo","p2":"sleepling1","format":"[Gen 9] National Dex","log":"|j|\u2606thagreatbuffalo\n|j|\u2606sleepling1\n|t:|1699644613\n|gametype|singles\n|player|p1|thagreatbuffalo|diantha-masters2|1527\n|player|p2|sleepling1|mina|1425\n|teamsize|p1|6\n|teamsize|p2|6\n|gen|9\n|tier|[Gen 9] National Dex\n|rated|\n|rule|HP Percentage Mod: HP is shown in percentages\n|rule|Endless Battle Clause: Forcing endless battles is banned\n|rule|OHKO Clause: OHKO moves are banned\n|rule|Evasion Clause: Evasion abilities, items, and moves are banned\n|rule|Evasion Abilities Clause: Evasion abilities are banned\n|rule|Evasion Items Clause: Evasion items are banned\n|rule|Evasion Moves Clause: Evasion moves are banned\n|rule|Species Clause: Limit one of each Pok\u00e9mon\n|rule|Sleep Clause Mod: Limit one foe put to sleep\n|clearpoke\n|poke|p1|Okidogi, M|\n|poke|p1|Urshifu-*, M|\n|poke|p1|Tapu Bulu|\n|poke|p1|Sneasler, M|\n|poke|p1|Aerodactyl, M|\n|poke|p1|Dondozo, M|\n|poke|p2|Charizard, M|\n|poke|p2|Torkoal, M|\n|poke|p2|Lilligant-Hisui, F|\n|poke|p2|Victini|\n|poke|p2|Great Tusk|\n|poke|p2|Hatterene, F|\n|teampreview\n|inactive|Battle timer is ON: inactive players will automatically lose when time's up. (requested by sleepling1)\n|\n|t:|1699644630\n|start\n|switch|p1a: Aerodactyl|Aerodactyl, M|100\/100\n|switch|p2a: \u56fa\u62c9\u9f9f|Torkoal, M|100\/100\n|-weather|SunnyDay|[from] ability: Drought|[of] p2a: \u56fa\u62c9\u9f9f\n|turn|1\n|\n|t:|1699644634\n|detailschange|p1a: Aerodactyl|Aerodactyl-Mega, M\n|-mega|p1a: Aerodactyl|Aerodactyl|Aerodactylite\n|move|p1a: Aerodactyl|Taunt|p2a: \u56fa\u62c9\u9f9f\n|-start|p2a: \u56fa\u62c9\u9f9f|move: Taunt\n|cant|p2a: \u56fa\u62c9\u9f9f|move: Taunt|Yawn\n|\n|-weather|SunnyDay|[upkeep]\n|upkeep\n|turn|2\n|\n|t:|1699644640\n|switch|p2a: \u559c\u6b22\u6492\u9489\u5b50\uff1f|Hatterene, F|100\/100\n|move|p1a: Aerodactyl|Hone Claws|p1a: Aerodactyl\n|-boost|p1a: Aerodactyl|atk|1\n|-boost|p1a: Aerodactyl|accuracy|1\n|\n|-weather|SunnyDay|[upkeep]\n|upkeep\n|turn|3\n|\n|t:|1699644649\n|move|p1a: Aerodactyl|Dual Wingbeat|p2a: \u559c\u6b22\u6492\u9489\u5b50\uff1f\n|-damage|p2a: \u559c\u6b22\u6492\u9489\u5b50\uff1f|57\/100\n|-damage|p2a: \u559c\u6b22\u6492\u9489\u5b50\uff1f|6\/100\n|-hitcount|p2a: \u559c\u6b22\u6492\u9489\u5b50\uff1f|2\n|-enditem|p2a: \u559c\u6b22\u6492\u9489\u5b50\uff1f|Eject Button\n|\n|t:|1699644656\n|switch|p2a: \u270c\ud83c\udffb|Victini|100\/100\n|\n|-weather|SunnyDay|[upkeep]\n|upkeep\n|turn|4\n|inactive|thagreatbuffalo has 120 seconds left.\n|\n|t:|1699644697\n|switch|p1a: Dondozo|Dondozo, M|100\/100\n|move|p2a: \u270c\ud83c\udffb|Bolt Strike|p1a: Dondozo\n|-supereffective|p1a: Dondozo\n|-damage|p1a: Dondozo|52\/100\n|\n|-weather|SunnyDay|[upkeep]\n|upkeep\n|turn|5\n|\n|t:|1699644718\n|switch|p2a: \u5443\u554a\uff01\u6674\u5929\u66b4\u98ce|Charizard, M|100\/100\n|switch|p1a: Tapu Bulu|Tapu Bulu, shiny|100\/100\n|-fieldstart|move: Grassy Terrain|[from] ability: Grassy Surge|[of] p1a: Tapu Bulu\n|\n|-weather|SunnyDay|[upkeep]\n|upkeep\n|turn|6\n|\n|t:|1699644722\n|detailschange|p2a: \u5443\u554a\uff01\u6674\u5929\u66b4\u98ce|Charizard-Mega-Y, M\n|-mega|p2a: \u5443\u554a\uff01\u6674\u5929\u66b4\u98ce|Charizard|Charizardite Y\n|-terastallize|p1a: Tapu Bulu|Fire\n|move|p2a: \u5443\u554a\uff01\u6674\u5929\u66b4\u98ce|Weather Ball|p1a: Tapu Bulu\n|-resisted|p1a: Tapu Bulu\n|-damage|p1a: Tapu Bulu|54\/100\n|move|p1a: Tapu Bulu|Stone Edge|p2a: \u5443\u554a\uff01\u6674\u5929\u66b4\u98ce\n|-supereffective|p2a: \u5443\u554a\uff01\u6674\u5929\u66b4\u98ce\n|-damage|p2a: \u5443\u554a\uff01\u6674\u5929\u66b4\u98ce|0 fnt\n|faint|p2a: \u5443\u554a\uff01\u6674\u5929\u66b4\u98ce\n|\n|-weather|SunnyDay|[upkeep]\n|-heal|p1a: Tapu Bulu|60\/100|[from] Grassy Terrain\n|-heal|p1a: Tapu Bulu|66\/100|[from] item: Leftovers\n|upkeep\n|\n|t:|1699644732\n|switch|p2a: \u270c\ud83c\udffb|Victini|100\/100\n|turn|7\n|\n|t:|1699644735\n|-terastallize|p2a: \u270c\ud83c\udffb|Fire\n|move|p2a: \u270c\ud83c\udffb|V-create|p1a: Tapu Bulu\n|-resisted|p1a: Tapu Bulu\n|-damage|p1a: Tapu Bulu|0 fnt\n|-unboost|p2a: \u270c\ud83c\udffb|spe|1\n|-unboost|p2a: \u270c\ud83c\udffb|def|1\n|-unboost|p2a: \u270c\ud83c\udffb|spd|1\n|faint|p1a: Tapu Bulu\n|\n|-weather|SunnyDay|[upkeep]\n|upkeep\n|\n|t:|1699644741\n|switch|p1a: Urshifu|Urshifu-Rapid-Strike, M|100\/100\n|turn|8\n|\n|t:|1699644746\n|switch|p2a: \u559c\u6b22\u6492\u9489\u5b50\uff1f|Hatterene, F|6\/100\n|move|p1a: Urshifu|Surging Strikes|p2a: \u559c\u6b22\u6492\u9489\u5b50\uff1f\n|-crit|p2a: \u559c\u6b22\u6492\u9489\u5b50\uff1f\n|-damage|p2a: \u559c\u6b22\u6492\u9489\u5b50\uff1f|0 fnt\n|faint|p2a: \u559c\u6b22\u6492\u9489\u5b50\uff1f\n|-hitcount|p2: \u559c\u6b22\u6492\u9489\u5b50\uff1f|1\n|\n|-weather|none\n|upkeep\n|\n|t:|1699644749\n|switch|p2a: \u56fa\u62c9\u9f9f|Torkoal, M|100\/100\n|-weather|SunnyDay|[from] ability: Drought|[of] p2a: \u56fa\u62c9\u9f9f\n|turn|9\n|\n|t:|1699644751\n|move|p1a: Urshifu|Surging Strikes|p2a: \u56fa\u62c9\u9f9f\n|-supereffective|p2a: \u56fa\u62c9\u9f9f\n|-crit|p2a: \u56fa\u62c9\u9f9f\n|-damage|p2a: \u56fa\u62c9\u9f9f|86\/100\n|-supereffective|p2a: \u56fa\u62c9\u9f9f\n|-crit|p2a: \u56fa\u62c9\u9f9f\n|-damage|p2a: \u56fa\u62c9\u9f9f|71\/100\n|-supereffective|p2a: \u56fa\u62c9\u9f9f\n|-crit|p2a: \u56fa\u62c9\u9f9f\n|-damage|p2a: \u56fa\u62c9\u9f9f|57\/100\n|-hitcount|p2a: \u56fa\u62c9\u9f9f|3\n|move|p2a: \u56fa\u62c9\u9f9f|Yawn|p1a: Urshifu\n|-start|p1a: Urshifu|move: Yawn|[of] p2a: \u56fa\u62c9\u9f9f\n|\n|-weather|SunnyDay|[upkeep]\n|-heal|p2a: \u56fa\u62c9\u9f9f|63\/100|[from] Grassy Terrain\n|-fieldend|move: Grassy Terrain\n|upkeep\n|turn|10\n|\n|t:|1699644755\n|move|p1a: Urshifu|Surging Strikes|p2a: \u56fa\u62c9\u9f9f\n|-supereffective|p2a: \u56fa\u62c9\u9f9f\n|-crit|p2a: \u56fa\u62c9\u9f9f\n|-damage|p2a: \u56fa\u62c9\u9f9f|49\/100\n|-supereffective|p2a: \u56fa\u62c9\u9f9f\n|-crit|p2a: \u56fa\u62c9\u9f9f\n|-damage|p2a: \u56fa\u62c9\u9f9f|34\/100\n|-supereffective|p2a: \u56fa\u62c9\u9f9f\n|-crit|p2a: \u56fa\u62c9\u9f9f\n|-damage|p2a: \u56fa\u62c9\u9f9f|18\/100\n|-hitcount|p2a: \u56fa\u62c9\u9f9f|3\n|move|p2a: \u56fa\u62c9\u9f9f|Stealth Rock|p1a: Urshifu\n|-sidestart|p1: thagreatbuffalo|move: Stealth Rock\n|\n|-weather|SunnyDay|[upkeep]\n|-end|p1a: Urshifu|move: Yawn|[silent]\n|-status|p1a: Urshifu|slp\n|upkeep\n|turn|11\n|\n|t:|1699644758\n|switch|p2a: \u754c\u53f6\u4f0a\u5e03|Lilligant-Hisui, F|100\/100\n|cant|p1a: Urshifu|slp\n|\n|-weather|SunnyDay|[upkeep]\n|upkeep\n|turn|12\n|\n|t:|1699644759\n|move|p2a: \u754c\u53f6\u4f0a\u5e03|Swords Dance|p2a: \u754c\u53f6\u4f0a\u5e03\n|-boost|p2a: \u754c\u53f6\u4f0a\u5e03|atk|2\n|-curestatus|p1a: Urshifu|slp|[msg]\n|move|p1a: Urshifu|Surging Strikes|p2a: \u754c\u53f6\u4f0a\u5e03\n|-resisted|p2a: \u754c\u53f6\u4f0a\u5e03\n|-crit|p2a: \u754c\u53f6\u4f0a\u5e03\n|-damage|p2a: \u754c\u53f6\u4f0a\u5e03|94\/100\n|-resisted|p2a: \u754c\u53f6\u4f0a\u5e03\n|-crit|p2a: \u754c\u53f6\u4f0a\u5e03\n|-damage|p2a: \u754c\u53f6\u4f0a\u5e03|87\/100\n|-resisted|p2a: \u754c\u53f6\u4f0a\u5e03\n|-crit|p2a: \u754c\u53f6\u4f0a\u5e03\n|-damage|p2a: \u754c\u53f6\u4f0a\u5e03|80\/100\n|-hitcount|p2a: \u754c\u53f6\u4f0a\u5e03|3\n|\n|-weather|SunnyDay|[upkeep]\n|upkeep\n|turn|13\n|\n|t:|1699644762\n|move|p2a: \u754c\u53f6\u4f0a\u5e03|Solar Blade||[still]\n|-prepare|p2a: \u754c\u53f6\u4f0a\u5e03|Solar Blade\n|-anim|p2a: \u754c\u53f6\u4f0a\u5e03|Solar Blade|p1a: Urshifu\n|-supereffective|p1a: Urshifu\n|-damage|p1a: Urshifu|0 fnt\n|faint|p1a: Urshifu\n|\n|-weather|SunnyDay|[upkeep]\n|upkeep\n|\n|t:|1699644766\n|switch|p1a: Okidogi|Okidogi, M|100\/100\n|-damage|p1a: Okidogi|94\/100|[from] Stealth Rock\n|turn|14\n|\n|t:|1699644773\n|-zpower|p2a: \u754c\u53f6\u4f0a\u5e03\n|move|p2a: \u754c\u53f6\u4f0a\u5e03|Subzero Slammer|p1a: Okidogi|[zeffect]\n|-damage|p1a: Okidogi|4\/100\n|move|p1a: Okidogi|Ice Punch|p2a: \u754c\u53f6\u4f0a\u5e03\n|-supereffective|p2a: \u754c\u53f6\u4f0a\u5e03\n|-crit|p2a: \u754c\u53f6\u4f0a\u5e03\n|-damage|p2a: \u754c\u53f6\u4f0a\u5e03|0 fnt\n|faint|p2a: \u754c\u53f6\u4f0a\u5e03\n|\n|-weather|SunnyDay|[upkeep]\n|upkeep\n|\n|t:|1699644780\n|switch|p2a: \u270c\ud83c\udffb|Victini, tera:Fire|100\/100\n|turn|15\n|\n|t:|1699644782\n|move|p2a: \u270c\ud83c\udffb|U-turn|p1a: Okidogi\n|-resisted|p1a: Okidogi\n|-damage|p1a: Okidogi|0 fnt\n|faint|p1a: Okidogi\n|\n|t:|1699644785\n|switch|p2a: \u8859\u95e8|Great Tusk|100\/100|[from] U-turn\n|-activate|p2a: \u8859\u95e8|ability: Protosynthesis\n|-start|p2a: \u8859\u95e8|protosynthesisdef\n|\n|-weather|SunnyDay|[upkeep]\n|upkeep\n|\n|t:|1699644789\n|switch|p1a: Aerodactyl|Aerodactyl-Mega, M|100\/100\n|-damage|p1a: Aerodactyl|76\/100|[from] Stealth Rock\n|turn|16\n|\n|t:|1699644795\n|move|p1a: Aerodactyl|Dual Wingbeat|p2a: \u8859\u95e8\n|-supereffective|p2a: \u8859\u95e8\n|-damage|p2a: \u8859\u95e8|80\/100\n|-supereffective|p2a: \u8859\u95e8\n|-damage|p2a: \u8859\u95e8|60\/100\n|-hitcount|p2a: \u8859\u95e8|2\n|move|p2a: \u8859\u95e8|Body Press|p1a: Aerodactyl\n|-damage|p1a: Aerodactyl|13\/100\n|\n|-weather|none\n|-end|p2a: \u8859\u95e8|Protosynthesis\n|-heal|p2a: \u8859\u95e8|66\/100|[from] item: Leftovers\n|upkeep\n|turn|17\n|\n|t:|1699644803\n|-end|p2a: \u8859\u95e8|Protosynthesis|[silent]\n|switch|p2a: \u56fa\u62c9\u9f9f|Torkoal, M|18\/100\n|-weather|SunnyDay|[from] ability: Drought|[of] p2a: \u56fa\u62c9\u9f9f\n|move|p1a: Aerodactyl|Dual Wingbeat|p2a: \u56fa\u62c9\u9f9f\n|-damage|p2a: \u56fa\u62c9\u9f9f|0 fnt\n|faint|p2a: \u56fa\u62c9\u9f9f\n|-hitcount|p2: \u56fa\u62c9\u9f9f|1\n|\n|-weather|SunnyDay|[upkeep]\n|upkeep\n|\n|t:|1699644807\n|switch|p2a: \u8859\u95e8|Great Tusk|66\/100\n|-activate|p2a: \u8859\u95e8|ability: Protosynthesis\n|-start|p2a: \u8859\u95e8|protosynthesisdef\n|turn|18\n|\n|t:|1699644809\n|move|p1a: Aerodactyl|Dual Wingbeat|p2a: \u8859\u95e8\n|-supereffective|p2a: \u8859\u95e8\n|-damage|p2a: \u8859\u95e8|47\/100\n|-supereffective|p2a: \u8859\u95e8\n|-damage|p2a: \u8859\u95e8|25\/100\n|-hitcount|p2a: \u8859\u95e8|2\n|move|p2a: \u8859\u95e8|Body Press|p1a: Aerodactyl\n|-damage|p1a: Aerodactyl|0 fnt\n|faint|p1a: Aerodactyl\n|\n|-weather|SunnyDay|[upkeep]\n|-heal|p2a: \u8859\u95e8|32\/100|[from] item: Leftovers\n|upkeep\n|\n|t:|1699644816\n|switch|p1a: Dondozo|Dondozo, M|52\/100\n|-damage|p1a: Dondozo|40\/100|[from] Stealth Rock\n|turn|19\n|\n|t:|1699644823\n|-end|p2a: \u8859\u95e8|Protosynthesis|[silent]\n|switch|p2a: \u270c\ud83c\udffb|Victini, tera:Fire|100\/100\n|move|p1a: Dondozo|Curse|p1a: Dondozo\n|-unboost|p1a: Dondozo|spe|1\n|-boost|p1a: Dondozo|atk|1\n|-boost|p1a: Dondozo|def|1\n|\n|-weather|SunnyDay|[upkeep]\n|upkeep\n|turn|20\n|c|\u2606thagreatbuffalo|SHIT\n|c|\u2606thagreatbuffalo|MISS CLICK XD.\n|\n|t:|1699644841\n|move|p2a: \u270c\ud83c\udffb|Bolt Strike|p1a: Dondozo\n|-supereffective|p1a: Dondozo\n|-damage|p1a: Dondozo|7\/100\n|move|p1a: Dondozo|Rest|p1a: Dondozo\n|-status|p1a: Dondozo|slp|[from] move: Rest\n|-heal|p1a: Dondozo|100\/100 slp|[silent]\n|-enditem|p1a: Dondozo|Chesto Berry|[eat]\n|-curestatus|p1a: Dondozo|slp|[msg]\n|\n|-weather|SunnyDay|[upkeep]\n|upkeep\n|turn|21\n|\n|t:|1699644847\n|move|p2a: \u270c\ud83c\udffb|Bolt Strike|p1a: Dondozo\n|-supereffective|p1a: Dondozo\n|-damage|p1a: Dondozo|68\/100\n|move|p1a: Dondozo|Curse|p1a: Dondozo\n|-unboost|p1a: Dondozo|spe|1\n|-boost|p1a: Dondozo|atk|1\n|-boost|p1a: Dondozo|def|1\n|\n|-weather|SunnyDay|[upkeep]\n|upkeep\n|turn|22\n|\n|t:|1699644853\n|move|p2a: \u270c\ud83c\udffb|Bolt Strike|p1a: Dondozo|[miss]\n|-miss|p2a: \u270c\ud83c\udffb|p1a: Dondozo\n|move|p1a: Dondozo|Wave Crash|p2a: \u270c\ud83c\udffb\n|-supereffective|p2a: \u270c\ud83c\udffb\n|-damage|p2a: \u270c\ud83c\udffb|0 fnt\n|faint|p2a: \u270c\ud83c\udffb\n|-damage|p1a: Dondozo|45\/100|[from] Recoil\n|\n|-weather|SunnyDay|[upkeep]\n|upkeep\n|\n|t:|1699644858\n|switch|p2a: \u8859\u95e8|Great Tusk|32\/100\n|-activate|p2a: \u8859\u95e8|ability: Protosynthesis\n|-start|p2a: \u8859\u95e8|protosynthesisdef\n|turn|23\n|\n|t:|1699644865\n|move|p2a: \u8859\u95e8|Earthquake|p1a: Dondozo\n|-damage|p1a: Dondozo|31\/100\n|move|p1a: Dondozo|Curse|p1a: Dondozo\n|-unboost|p1a: Dondozo|spe|1\n|-boost|p1a: Dondozo|atk|1\n|-boost|p1a: Dondozo|def|1\n|\n|-weather|SunnyDay|[upkeep]\n|-heal|p2a: \u8859\u95e8|38\/100|[from] item: Leftovers\n|upkeep\n|turn|24\n|\n|t:|1699644869\n|move|p2a: \u8859\u95e8|Earthquake|p1a: Dondozo\n|-damage|p1a: Dondozo|20\/100\n|move|p1a: Dondozo|Wave Crash|p2a: \u8859\u95e8\n|-supereffective|p2a: \u8859\u95e8\n|-damage|p2a: \u8859\u95e8|0 fnt\n|faint|p2a: \u8859\u95e8\n|-end|p2a: \u8859\u95e8|Protosynthesis|[silent]\n|-damage|p1a: Dondozo|9\/100|[from] Recoil\n|\n|win|thagreatbuffalo\n|raw|thagreatbuffalo's rating: 1527 &rarr; <strong>1541<\/strong><br \/>(+14 for winning)\n|raw|sleepling1's rating: 1425 &rarr; <strong>1411<\/strong><br \/>(-14 for losing)\n|l|\u2606sleepling1\n","uploadtime":1699644872,"views":9,"p1id":"thagreatbuffalo","p2id":"sleepling1","formatid":"gen9nationaldex","rating":1411,"private":0,"password":""}