{"id":"gen9nationaldex-1994447446","p1":"soygael111xd","p2":"Shoma Yusa","format":"[Gen 9] National Dex","log":"|j|\u2606soygael111xd\n|j|\u2606Shoma Yusa\n|t:|1700444997\n|gametype|singles\n|player|p1|soygael111xd|byron|\n|player|p2|Shoma Yusa|grimsley|\n|teamsize|p1|6\n|teamsize|p2|6\n|gen|9\n|tier|[Gen 9] National Dex\n|rule|HP Percentage Mod: HP is shown in percentages\n|rule|Endless Battle Clause: Forcing endless battles is banned\n|rule|OHKO Clause: OHKO moves are banned\n|rule|Evasion Clause: Evasion abilities, items, and moves are banned\n|rule|Evasion Abilities Clause: Evasion abilities are banned\n|rule|Evasion Items Clause: Evasion items are banned\n|rule|Evasion Moves Clause: Evasion moves are banned\n|rule|Species Clause: Limit one of each Pok\u00e9mon\n|rule|Sleep Clause Mod: Limit one foe put to sleep\n|clearpoke\n|poke|p1|Lopunny, M|\n|poke|p1|Slowbro, M|\n|poke|p1|Garganacl, M|\n|poke|p1|Great Tusk|\n|poke|p1|Iron Valiant|\n|poke|p1|Volcarona, M|\n|poke|p2|Meowscarada, M|\n|poke|p2|Zamazenta-*|\n|poke|p2|Grimmsnarl, M|\n|poke|p2|Mandibuzz, F|\n|poke|p2|Bisharp, M|\n|poke|p2|Greninja-*, M|\n|teampreview\n|inactive|Battle timer is ON: inactive players will automatically lose when time's up. (requested by Shoma Yusa)\n|c|\u2606soygael111xd|ahi ta\n|c|\u2606soygael111xd|perdon\n|c|\u2606Shoma Yusa|its ok\n|inactive|soygael111xd has 270 seconds left.\n|\n|t:|1700445057\n|start\n|switch|p1a: Lopunny|Lopunny, M|100\/100\n|switch|p2a: Meowscarada|Meowscarada, M|100\/100\n|turn|1\n|inactive|soygael111xd has 270 seconds left.\n|c|\u2606Shoma Yusa|se nota que tienes datos-\n|c|\u2606soygael111xd|si\n|c|\u2606soygael111xd|XD\n|\n|t:|1700445116\n|detailschange|p1a: Lopunny|Lopunny-Mega, M\n|-mega|p1a: Lopunny|Lopunny|Lopunnite\n|move|p1a: Lopunny|Fake Out|p2a: Meowscarada\n|-damage|p2a: Meowscarada|69\/100\n|cant|p2a: Meowscarada|flinch\n|\n|upkeep\n|turn|2\n|inactive|soygael111xd has 240 seconds left.\n|\n|t:|1700445142\n|move|p2a: Meowscarada|Play Rough|p1a: Lopunny\n|-start|p2a: Meowscarada|typechange|Fairy|[from] ability: Protean\n|-supereffective|p1a: Lopunny\n|-damage|p1a: Lopunny|0 fnt\n|faint|p1a: Lopunny\n|\n|upkeep\n|inactive|soygael111xd has 210 seconds left.\n|\n|t:|1700445178\n|switch|p1a: Iron Valiant|Iron Valiant|100\/100\n|-enditem|p1a: Iron Valiant|Booster Energy\n|-activate|p1a: Iron Valiant|ability: Quark Drive|[fromitem]\n|-start|p1a: Iron Valiant|quarkdrivespe\n|turn|3\n|c|\u2606Shoma Yusa|hmm nada mal\n|inactive|soygael111xd has 180 seconds left.\n|\n|t:|1700445232\n|move|p2a: Meowscarada|Play Rough|p1a: Iron Valiant\n|-supereffective|p1a: Iron Valiant\n|-damage|p1a: Iron Valiant|0 fnt\n|faint|p1a: Iron Valiant\n|-end|p1a: Iron Valiant|Quark Drive|[silent]\n|\n|upkeep\n|\n|t:|1700445239\n|switch|p1a: Slowbro|Slowbro, M|100\/100\n|turn|4\n|\n|t:|1700445245\n|switch|p2a: Mandibuzz|Mandibuzz, F|100\/100\n|move|p1a: Slowbro|Scald|p2a: Mandibuzz\n|-damage|p2a: Mandibuzz|76\/100\n|\n|upkeep\n|turn|5\n|\n|t:|1700445255\n|move|p2a: Mandibuzz|Toxic|p1a: Slowbro\n|-status|p1a: Slowbro|tox\n|move|p1a: Slowbro|Ice Beam|p2a: Mandibuzz\n|-supereffective|p2a: Mandibuzz\n|-damage|p2a: Mandibuzz|42\/100\n|-status|p2a: Mandibuzz|frz\n|\n|-damage|p1a: Slowbro|94\/100 tox|[from] psn\n|upkeep\n|turn|6\n|\n|t:|1700445264\n|cant|p2a: Mandibuzz|frz\n|move|p1a: Slowbro|Teleport|p1a: Slowbro\n|\n|t:|1700445271\n|switch|p1a: Garganacl|Garganacl, M|100\/100|[from] Teleport\n|\n|upkeep\n|turn|7\n|inactive|soygael111xd has 180 seconds left.\n|\n|t:|1700445277\n|cant|p2a: Mandibuzz|frz\n|move|p1a: Garganacl|Iron Defense|p1a: Garganacl\n|-boost|p1a: Garganacl|def|2\n|\n|upkeep\n|turn|8\n|\n|t:|1700445287\n|cant|p2a: Mandibuzz|frz\n|move|p1a: Garganacl|Iron Defense|p1a: Garganacl\n|-boost|p1a: Garganacl|def|2\n|\n|upkeep\n|turn|9\n|\n|t:|1700445298\n|cant|p2a: Mandibuzz|frz\n|move|p1a: Garganacl|Body Press|p2a: Mandibuzz\n|-damage|p2a: Mandibuzz|3\/100 frz\n|\n|upkeep\n|turn|10\n|\n|t:|1700445311\n|cant|p2a: Mandibuzz|frz\n|move|p1a: Garganacl|Body Press|p2a: Mandibuzz\n|-damage|p2a: Mandibuzz|0 fnt\n|faint|p2a: Mandibuzz\n|\n|upkeep\n|\n|t:|1700445318\n|switch|p2a: Greninja|Greninja, M|100\/100\n|turn|11\n|\n|t:|1700445324\n|-terastallize|p2a: Greninja|Water\n|-terastallize|p1a: Garganacl|Water\n|move|p2a: Greninja|Surf|p1a: Garganacl\n|-resisted|p1a: Garganacl\n|-damage|p1a: Garganacl|76\/100\n|move|p1a: Garganacl|Body Press|p2a: Greninja\n|-damage|p2a: Greninja|0 fnt\n|faint|p2a: Greninja\n|\n|-heal|p1a: Garganacl|82\/100|[from] item: Leftovers\n|upkeep\n|\n|t:|1700445329\n|switch|p2a: Meowscarada|Meowscarada, M|69\/100\n|turn|12\n|\n|t:|1700445353\n|switch|p1a: Volcarona|Volcarona, M|100\/100\n|move|p2a: Meowscarada|Flower Trick|p1a: Volcarona\n|-start|p2a: Meowscarada|typechange|Grass|[from] ability: Protean\n|-resisted|p1a: Volcarona\n|-crit|p1a: Volcarona\n|-damage|p1a: Volcarona|82\/100\n|\n|upkeep\n|turn|13\n|\n|t:|1700445368\n|switch|p2a: Grimmsnarl|Grimmsnarl, M|100\/100\n|move|p1a: Volcarona|Quiver Dance|p1a: Volcarona\n|-boost|p1a: Volcarona|spa|1\n|-boost|p1a: Volcarona|spd|1\n|-boost|p1a: Volcarona|spe|1\n|\n|upkeep\n|turn|14\n|\n|t:|1700445382\n|move|p2a: Grimmsnarl|Taunt|p1a: Volcarona\n|-start|p1a: Volcarona|move: Taunt\n|cant|p1a: Volcarona|move: Taunt|Quiver Dance\n|\n|upkeep\n|turn|15\n|\n|t:|1700445396\n|switch|p1a: Garganacl|Garganacl, M, tera:Water|82\/100\n|move|p2a: Grimmsnarl|Light Screen|p2a: Grimmsnarl\n|-sidestart|p2: Shoma Yusa|move: Light Screen\n|\n|-heal|p1a: Garganacl|89\/100|[from] item: Leftovers\n|upkeep\n|turn|16\n|\n|t:|1700445402\n|move|p2a: Grimmsnarl|Taunt|p1a: Garganacl\n|-start|p1a: Garganacl|move: Taunt\n|cant|p1a: Garganacl|move: Taunt|Iron Defense\n|\n|-heal|p1a: Garganacl|95\/100|[from] item: Leftovers\n|upkeep\n|turn|17\n|\n|t:|1700445407\n|move|p2a: Grimmsnarl|Reflect|p2a: Grimmsnarl\n|-sidestart|p2: Shoma Yusa|Reflect\n|move|p1a: Garganacl|Salt Cure|p2a: Grimmsnarl\n|-damage|p2a: Grimmsnarl|92\/100\n|-start|p2a: Grimmsnarl|Salt Cure\n|\n|-heal|p1a: Garganacl|100\/100|[from] item: Leftovers\n|-damage|p2a: Grimmsnarl|79\/100|[from] Salt Cure\n|upkeep\n|turn|18\n|inactive|soygael111xd has 180 seconds left.\n|\n|t:|1700445436\n|move|p2a: Grimmsnarl|Parting Shot|p1a: Garganacl\n|-unboost|p1a: Garganacl|atk|1\n|-unboost|p1a: Garganacl|spa|1\n|\n|t:|1700445457\n|switch|p2a: Bisharp|Bisharp, M|100\/100|[from] Parting Shot\n|move|p1a: Garganacl|Salt Cure|p2a: Bisharp\n|-resisted|p2a: Bisharp\n|-damage|p2a: Bisharp|99\/100\n|-start|p2a: Bisharp|Salt Cure\n|\n|-damage|p2a: Bisharp|74\/100|[from] Salt Cure\n|-end|p1a: Garganacl|move: Taunt\n|upkeep\n|turn|19\n|\n|t:|1700445470\n|switch|p2a: Meowscarada|Meowscarada, M|69\/100\n|move|p1a: Garganacl|Iron Defense|p1a: Garganacl\n|-boost|p1a: Garganacl|def|2\n|\n|upkeep\n|turn|20\n|inactive|soygael111xd has 180 seconds left.\n|c|\u2606Shoma Yusa|bueh la jugada esta clara\n|\n|t:|1700445492\n|switch|p1a: Volcarona|Volcarona, M|82\/100\n|move|p2a: Meowscarada|Flower Trick|p1a: Volcarona\n|-start|p2a: Meowscarada|typechange|Grass|[from] ability: Protean\n|-resisted|p1a: Volcarona\n|-crit|p1a: Volcarona\n|-damage|p1a: Volcarona|63\/100\n|\n|upkeep\n|turn|21\n|inactive|soygael111xd has 180 seconds left.\n|inactive|soygael111xd has 150 seconds left.\n|\n|t:|1700445528\n|switch|p2a: Bisharp|Bisharp, M|74\/100\n|move|p1a: Volcarona|Roost|p1a: Volcarona\n|-heal|p1a: Volcarona|100\/100\n|-singleturn|p1a: Volcarona|move: Roost\n|\n|upkeep\n|turn|22\n|\n|t:|1700445535\n|switch|p1a: Great Tusk|Great Tusk|100\/100\n|move|p2a: Bisharp|Thunder Wave|p1a: Great Tusk\n|-immune|p1a: Great Tusk\n|\n|-sideend|p2: Shoma Yusa|move: Light Screen\n|upkeep\n|turn|23\n|inactive|soygael111xd has 150 seconds left.\n|\n|t:|1700445552\n|switch|p2a: Oreno Ace|Zamazenta|100\/100\n|-ability|p2a: Oreno Ace|Dauntless Shield|boost\n|-boost|p2a: Oreno Ace|def|1\n|move|p1a: Great Tusk|Ice Spinner|p2a: Oreno Ace\n|-damage|p2a: Oreno Ace|95\/100\n|\n|-heal|p2a: Oreno Ace|100\/100|[from] item: Leftovers\n|upkeep\n|turn|24\n|inactive|soygael111xd has 150 seconds left.\n|\n|t:|1700445567\n|-end|p1a: Great Tusk|Protosynthesis|[silent]\n|switch|p1a: Slowbro|Slowbro, M|100\/100 tox\n|move|p2a: Oreno Ace|Iron Defense|p2a: Oreno Ace\n|-boost|p2a: Oreno Ace|def|2\n|\n|-damage|p1a: Slowbro|94\/100 tox|[from] psn\n|-sideend|p2: Shoma Yusa|Reflect\n|upkeep\n|turn|25\n|inactive|soygael111xd has 150 seconds left.\n|\n|t:|1700445576\n|move|p2a: Oreno Ace|Substitute|p2a: Oreno Ace\n|-start|p2a: Oreno Ace|Substitute\n|-damage|p2a: Oreno Ace|75\/100\n|move|p1a: Slowbro|Scald|p2a: Oreno Ace\n|-activate|p2a: Oreno Ace|move: Substitute|[damage]\n|\n|-heal|p2a: Oreno Ace|82\/100|[from] item: Leftovers\n|-damage|p1a: Slowbro|82\/100 tox|[from] psn\n|upkeep\n|turn|26\n|\n|t:|1700445584\n|move|p2a: Oreno Ace|Iron Defense|p2a: Oreno Ace\n|-boost|p2a: Oreno Ace|def|2\n|move|p1a: Slowbro|Scald|p2a: Oreno Ace\n|-end|p2a: Oreno Ace|Substitute\n|\n|-heal|p2a: Oreno Ace|88\/100|[from] item: Leftovers\n|-damage|p1a: Slowbro|64\/100 tox|[from] psn\n|upkeep\n|turn|27\n|inactive|soygael111xd has 150 seconds left.\n|c|\u2606Shoma Yusa|tu ultimo movimiento es slack off\n|c|\u2606Shoma Yusa|verdad?\n|\n|t:|1700445626\n|switch|p1a: Garganacl|Garganacl, M, tera:Water|100\/100\n|move|p2a: Oreno Ace|Substitute|p2a: Oreno Ace\n|-start|p2a: Oreno Ace|Substitute\n|-damage|p2a: Oreno Ace|63\/100\n|\n|-heal|p2a: Oreno Ace|69\/100|[from] item: Leftovers\n|upkeep\n|turn|28\n|\n|t:|1700445634\n|move|p2a: Oreno Ace|Body Press|p1a: Garganacl\n|-damage|p1a: Garganacl|33\/100\n|move|p1a: Garganacl|Iron Defense|p1a: Garganacl\n|-boost|p1a: Garganacl|def|2\n|\n|-heal|p2a: Oreno Ace|75\/100|[from] item: Leftovers\n|-heal|p1a: Garganacl|40\/100|[from] item: Leftovers\n|upkeep\n|turn|29\n|\n|t:|1700445644\n|move|p2a: Oreno Ace|Body Press|p1a: Garganacl\n|-crit|p1a: Garganacl\n|-damage|p1a: Garganacl|0 fnt\n|faint|p1a: Garganacl\n|\n|-heal|p2a: Oreno Ace|81\/100|[from] item: Leftovers\n|upkeep\n|\n|t:|1700445651\n|switch|p1a: Volcarona|Volcarona, M|100\/100\n|turn|30\n|c|\u2606Shoma Yusa|gg\n|\n|t:|1700445658\n|move|p2a: Oreno Ace|Body Press|p1a: Volcarona\n|-resisted|p1a: Volcarona\n|-damage|p1a: Volcarona|23\/100\n|-status|p2a: Oreno Ace|brn|[from] ability: Flame Body|[of] p1a: Volcarona\n|move|p1a: Volcarona|Flamethrower|p2a: Oreno Ace\n|-end|p2a: Oreno Ace|Substitute\n|\n|-heal|p2a: Oreno Ace|88\/100 brn|[from] item: Leftovers\n|-damage|p2a: Oreno Ace|81\/100 brn|[from] brn\n|upkeep\n|turn|31\n|\n|t:|1700445681\n|move|p2a: Oreno Ace|Body Press|p1a: Volcarona\n|-resisted|p1a: Volcarona\n|-crit|p1a: Volcarona\n|-damage|p1a: Volcarona|0 fnt\n|faint|p1a: Volcarona\n|\n|-heal|p2a: Oreno Ace|88\/100 brn|[from] item: Leftovers\n|-damage|p2a: Oreno Ace|81\/100 brn|[from] brn\n|upkeep\n|\n|t:|1700445689\n|switch|p1a: Slowbro|Slowbro, M|97\/100 tox\n|turn|32\n|\n|t:|1700445694\n|move|p2a: Oreno Ace|Substitute|p2a: Oreno Ace\n|-start|p2a: Oreno Ace|Substitute\n|-damage|p2a: Oreno Ace|56\/100 brn\n|move|p1a: Slowbro|Ice Beam|p2a: Oreno Ace\n|-activate|p2a: Oreno Ace|move: Substitute|[damage]\n|\n|-heal|p2a: Oreno Ace|63\/100 brn|[from] item: Leftovers\n|-damage|p1a: Slowbro|91\/100 tox|[from] psn\n|-damage|p2a: Oreno Ace|56\/100 brn|[from] brn\n|upkeep\n|turn|33\n|\n|t:|1700445702\n|move|p2a: Oreno Ace|Iron Defense|p2a: Oreno Ace\n|-boost|p2a: Oreno Ace|def|1\n|move|p1a: Slowbro|Scald|p2a: Oreno Ace\n|-end|p2a: Oreno Ace|Substitute\n|\n|-heal|p2a: Oreno Ace|63\/100 brn|[from] item: Leftovers\n|-damage|p1a: Slowbro|79\/100 tox|[from] psn\n|-damage|p2a: Oreno Ace|56\/100 brn|[from] brn\n|upkeep\n|turn|34\n|inactive|soygael111xd has 150 seconds left.\n|\n|t:|1700445711\n|move|p2a: Oreno Ace|Substitute|p2a: Oreno Ace\n|-start|p2a: Oreno Ace|Substitute\n|-damage|p2a: Oreno Ace|31\/100 brn\n|move|p1a: Slowbro|Scald|p2a: Oreno Ace\n|-activate|p2a: Oreno Ace|move: Substitute|[damage]\n|\n|-heal|p2a: Oreno Ace|38\/100 brn|[from] item: Leftovers\n|-damage|p1a: Slowbro|61\/100 tox|[from] psn\n|-damage|p2a: Oreno Ace|31\/100 brn|[from] brn\n|upkeep\n|turn|35\n|\n|t:|1700445721\n|move|p2a: Oreno Ace|Body Press|p1a: Slowbro\n|-resisted|p1a: Slowbro\n|-damage|p1a: Slowbro|43\/100 tox\n|-damage|p2a: Oreno Ace|15\/100 brn|[from] item: Rocky Helmet|[of] p1a: Slowbro\n|move|p1a: Slowbro|Scald|p2a: Oreno Ace\n|-end|p2a: Oreno Ace|Substitute\n|\n|-heal|p2a: Oreno Ace|21\/100 brn|[from] item: Leftovers\n|-damage|p1a: Slowbro|19\/100 tox|[from] psn\n|-damage|p2a: Oreno Ace|15\/100 brn|[from] brn\n|upkeep\n|turn|36\n|inactive|soygael111xd has 150 seconds left.\n|\n|t:|1700445740\n|move|p2a: Oreno Ace|Body Press|p1a: Slowbro\n|-resisted|p1a: Slowbro\n|-damage|p1a: Slowbro|0 fnt\n|-damage|p2a: Oreno Ace|0 fnt|[from] item: Rocky Helmet|[of] p1a: Slowbro\n|faint|p1a: Slowbro\n|faint|p2a: Oreno Ace\n|\n|upkeep\n|\n|t:|1700445747\n|switch|p2a: Grimmsnarl|Grimmsnarl, M|79\/100\n|switch|p1a: Great Tusk|Great Tusk|100\/100\n|turn|37\n|\n|t:|1700445753\n|move|p2a: Grimmsnarl|Taunt|p1a: Great Tusk\n|-start|p1a: Great Tusk|move: Taunt\n|move|p1a: Great Tusk|Body Press|p2a: Grimmsnarl\n|-damage|p2a: Grimmsnarl|18\/100\n|\n|upkeep\n|turn|38\n|\n|t:|1700445769\n|move|p2a: Grimmsnarl|Reflect|p2a: Grimmsnarl\n|-sidestart|p2: Shoma Yusa|Reflect\n|move|p1a: Great Tusk|Ice Spinner|p2a: Grimmsnarl\n|-damage|p2a: Grimmsnarl|5\/100\n|\n|upkeep\n|turn|39\n|\n|t:|1700445773\n|move|p2a: Grimmsnarl|Parting Shot|p1a: Great Tusk\n|-unboost|p1a: Great Tusk|atk|1\n|-unboost|p1a: Great Tusk|spa|1\n|\n|t:|1700445775\n|switch|p2a: Bisharp|Bisharp, M|74\/100|[from] Parting Shot\n|move|p1a: Great Tusk|Rapid Spin|p2a: Bisharp\n|-resisted|p2a: Bisharp\n|-damage|p2a: Bisharp|73\/100\n|-boost|p1a: Great Tusk|spe|1\n|\n|-end|p1a: Great Tusk|move: Taunt\n|upkeep\n|turn|40\n|\n|t:|1700445787\n|move|p1a: Great Tusk|Body Press|p2a: Bisharp\n|-supereffective|p2a: Bisharp\n|-damage|p2a: Bisharp|6\/100\n|move|p2a: Bisharp|Iron Head|p1a: Great Tusk\n|-damage|p1a: Great Tusk|79\/100\n|\n|-heal|p1a: Great Tusk|85\/100|[from] item: Leftovers\n|upkeep\n|turn|41\n|\n|t:|1700445800\n|move|p2a: Bisharp|Sucker Punch|p1a: Great Tusk\n|-resisted|p1a: Great Tusk\n|-damage|p1a: Great Tusk|76\/100\n|move|p1a: Great Tusk|Rapid Spin|p2a: Bisharp\n|-resisted|p2a: Bisharp\n|-damage|p2a: Bisharp|5\/100\n|-boost|p1a: Great Tusk|spe|1\n|\n|-heal|p1a: Great Tusk|82\/100|[from] item: Leftovers\n|upkeep\n|turn|42\n|\n|t:|1700445812\n|move|p1a: Great Tusk|Rapid Spin|p2a: Bisharp\n|-resisted|p2a: Bisharp\n|-damage|p2a: Bisharp|3\/100\n|-boost|p1a: Great Tusk|spe|1\n|move|p2a: Bisharp|Iron Head|p1a: Great Tusk\n|-damage|p1a: Great Tusk|60\/100\n|\n|-heal|p1a: Great Tusk|66\/100|[from] item: Leftovers\n|upkeep\n|turn|43\n|\n|t:|1700445822\n|move|p1a: Great Tusk|Rapid Spin|p2a: Bisharp\n|-resisted|p2a: Bisharp\n|-crit|p2a: Bisharp\n|-damage|p2a: Bisharp|0 fnt\n|-boost|p1a: Great Tusk|spe|1\n|faint|p2a: Bisharp\n|\n|-heal|p1a: Great Tusk|72\/100|[from] item: Leftovers\n|upkeep\n|\n|t:|1700445825\n|switch|p2a: Meowscarada|Meowscarada, M|69\/100\n|turn|44\n|inactive|soygael111xd has 180 seconds left.\n|\n|t:|1700445836\n|move|p1a: Great Tusk|Body Press|p2a: Meowscarada\n|-supereffective|p2a: Meowscarada\n|-damage|p2a: Meowscarada|0 fnt\n|faint|p2a: Meowscarada\n|\n|-heal|p1a: Great Tusk|79\/100|[from] item: Leftovers\n|upkeep\n|\n|t:|1700445839\n|switch|p2a: Grimmsnarl|Grimmsnarl, M|5\/100\n|turn|45\n|c|\u2606soygael111xd|:v\n|\n|t:|1700445846\n|move|p2a: Grimmsnarl|Parting Shot|p1a: Great Tusk\n|-unboost|p1a: Great Tusk|atk|1\n|-unboost|p1a: Great Tusk|spa|1\n|move|p1a: Great Tusk|Body Press|p2a: Grimmsnarl\n|-damage|p2a: Grimmsnarl|0 fnt\n|faint|p2a: Grimmsnarl\n|\n|win|soygael111xd\n|c|\u2606Shoma Yusa|gg\n|c|\u2606soygael111xd|gg\n|l|\u2606Shoma Yusa\n","uploadtime":1700445912,"views":28,"p1id":"soygael111xd","p2id":"shomayusa","formatid":"gen9nationaldex","rating":0,"private":0,"password":""}