{"id":"gen9nationaldex-1998464756","p1":"Alilulu","p2":"Bigioz","format":"[Gen 9] National Dex","log":"|html|<div class=\"broadcast-blue\"><strong>[Gen 9] National Dex is currently suspecting Sneasler! For information on how to participate check out the <a href=\"https:\/\/www.smogon.com\/forums\/threads\/sv-national-dex-suspect-8-just-dance.3731534\/\">suspect thread<\/a>.<\/strong><\/div>\n|j|\u2606Alilulu\n|j|\u2606Bigioz\n|t:|1700945294\n|gametype|singles\n|player|p1|Alilulu|valerie|1092\n|player|p2|Bigioz|2|1053\n|teamsize|p1|6\n|teamsize|p2|6\n|gen|9\n|tier|[Gen 9] National Dex\n|rated|\n|rule|HP Percentage Mod: HP is shown in percentages\n|rule|Endless Battle Clause: Forcing endless battles is banned\n|rule|OHKO Clause: OHKO moves are banned\n|rule|Evasion Clause: Evasion abilities, items, and moves are banned\n|rule|Evasion Abilities Clause: Evasion abilities are banned\n|rule|Evasion Items Clause: Evasion items are banned\n|rule|Evasion Moves Clause: Evasion moves are banned\n|rule|Species Clause: Limit one of each Pok\u00e9mon\n|rule|Sleep Clause Mod: Limit one foe put to sleep\n|clearpoke\n|poke|p1|Lopunny, M|\n|poke|p1|Cinderace, M|\n|poke|p1|Dragonite, M|\n|poke|p1|Forretress, F|\n|poke|p1|Ninetales-Alola, M|\n|poke|p1|Iron Valiant|\n|poke|p2|Charizard, M|\n|poke|p2|Krookodile, M|\n|poke|p2|Torterra, M|\n|poke|p2|Gengar, M|\n|poke|p2|Latios, M|\n|poke|p2|Carracosta, M|\n|teampreview\n|inactive|Battle timer is ON: inactive players will automatically lose when time's up. (requested by Alilulu)\n|\n|t:|1700945304\n|start\n|switch|p1a: Forretress|Forretress, F|100\/100\n|switch|p2a: Charizard|Charizard, M|100\/100\n|turn|1\n|\n|t:|1700945309\n|move|p2a: Charizard|Flamethrower|p1a: Forretress\n|-supereffective|p1a: Forretress\n|-ability|p1a: Forretress|Sturdy\n|-damage|p1a: Forretress|1\/100\n|move|p1a: Forretress|Stealth Rock|p2a: Charizard\n|-sidestart|p2: Bigioz|move: Stealth Rock\n|\n|upkeep\n|turn|2\n|-enditem|p1a: Forretress|Custap Berry|[eat]\n|-activate|p1a: Forretress|item: Custap Berry|[consumed]\n|\n|t:|1700945315\n|move|p1a: Forretress|Explosion|p2a: Charizard\n|-damage|p2a: Charizard|15\/100\n|faint|p1a: Forretress\n|move|p2a: Charizard|Air Slash|p1: Forretress|[notarget]\n|-fail|p2a: Charizard\n|\n|upkeep\n|\n|t:|1700945324\n|switch|p1a: Lopunny|Lopunny, M|100\/100\n|turn|3\n|\n|t:|1700945332\n|detailschange|p1a: Lopunny|Lopunny-Mega, M\n|-mega|p1a: Lopunny|Lopunny|Lopunnite\n|move|p1a: Lopunny|Frustration|p2a: Charizard\n|-damage|p2a: Charizard|0 fnt\n|faint|p2a: Charizard\n|\n|upkeep\n|\n|t:|1700945339\n|switch|p2a: Torterra|Torterra, M|100\/100\n|-damage|p2a: Torterra|94\/100|[from] Stealth Rock\n|turn|4\n|\n|t:|1700945347\n|move|p1a: Lopunny|Frustration|p2a: Torterra\n|-damage|p2a: Torterra|38\/100\n|move|p2a: Torterra|Wood Hammer|p1a: Lopunny\n|-damage|p1a: Lopunny|31\/100\n|-damage|p2a: Torterra|20\/100|[from] Recoil\n|\n|-heal|p2a: Torterra|26\/100|[from] item: Leftovers\n|upkeep\n|turn|5\n|\n|t:|1700945359\n|-terastallize|p2a: Torterra|Rock\n|move|p1a: Lopunny|Frustration|p2a: Torterra\n|-resisted|p2a: Torterra\n|-damage|p2a: Torterra|0 fnt\n|faint|p2a: Torterra\n|\n|upkeep\n|\n|t:|1700945369\n|switch|p2a: Krookodile|Krookodile, M|100\/100\n|-damage|p2a: Krookodile|94\/100|[from] Stealth Rock\n|-ability|p2a: Krookodile|Intimidate|boost\n|-fail|p1a: Lopunny|unboost|Attack|[from] ability: Scrappy|[of] p1a: Lopunny\n|turn|6\n|\n|t:|1700945376\n|move|p1a: Lopunny|Drain Punch|p2a: Krookodile\n|-supereffective|p2a: Krookodile\n|-damage|p2a: Krookodile|15\/100\n|-heal|p1a: Lopunny|80\/100|[from] drain|[of] p2a: Krookodile\n|-damage|p1a: Lopunny|64\/100|[from] item: Rocky Helmet|[of] p2a: Krookodile\n|move|p2a: Krookodile|Crunch|p1a: Lopunny\n|-resisted|p1a: Lopunny\n|-damage|p1a: Lopunny|40\/100\n|-unboost|p1a: Lopunny|def|1\n|\n|upkeep\n|turn|7\n|\n|t:|1700945387\n|switch|p2a: Gengar|Gengar, M, shiny|100\/100\n|-damage|p2a: Gengar|88\/100|[from] Stealth Rock\n|move|p1a: Lopunny|Drain Punch|p2a: Gengar\n|-resisted|p2a: Gengar\n|-damage|p2a: Gengar|61\/100\n|-heal|p1a: Lopunny|55\/100|[from] drain|[of] p2a: Gengar\n|\n|-heal|p2a: Gengar|67\/100|[from] item: Leftovers\n|upkeep\n|turn|8\n|\n|t:|1700945396\n|move|p1a: Lopunny|Frustration|p2a: Gengar\n|-damage|p2a: Gengar|0 fnt\n|faint|p2a: Gengar\n|\n|upkeep\n|\n|t:|1700945405\n|switch|p2a: Latios|Latios, M|100\/100\n|-damage|p2a: Latios|88\/100|[from] Stealth Rock\n|turn|9\n|\n|t:|1700945409\n|move|p1a: Lopunny|Play Rough|p2a: Latios\n|-supereffective|p2a: Latios\n|-damage|p2a: Latios|23\/100\n|move|p2a: Latios|Calm Mind|p2a: Latios\n|-boost|p2a: Latios|spa|1\n|-boost|p2a: Latios|spd|1\n|\n|upkeep\n|turn|10\n|\n|t:|1700945416\n|move|p1a: Lopunny|Frustration|p2a: Latios\n|-damage|p2a: Latios|0 fnt\n|faint|p2a: Latios\n|\n|upkeep\n|-message|Bigioz forfeited.\n|\n|win|Alilulu\n|raw|Alilulu's rating: 1092 &rarr; <strong>1115<\/strong><br \/>(+23 for winning)\n|raw|Bigioz's rating: 1053 &rarr; <strong>1037<\/strong><br \/>(-16 for losing)\n|l|\u2606Bigioz\n","uploadtime":1700945428,"views":2,"p1id":"alilulu","p2id":"bigioz","formatid":"gen9nationaldex","rating":1037,"private":0,"password":""}