{"id":"gen9nationaldex-1990493226","p1":"LTAP_OMEGA","p2":"GAGA233","format":"[Gen 9] National Dex","log":"|j|\u2606LTAP_OMEGA\n|j|\u2606GAGA233\n|t:|1699975930\n|gametype|singles\n|player|p1|LTAP_OMEGA|170|1570\n|player|p2|GAGA233|red|1648\n|teamsize|p1|6\n|teamsize|p2|6\n|gen|9\n|tier|[Gen 9] National Dex\n|rated|\n|rule|HP Percentage Mod: HP is shown in percentages\n|rule|Endless Battle Clause: Forcing endless battles is banned\n|rule|OHKO Clause: OHKO moves are banned\n|rule|Evasion Clause: Evasion abilities, items, and moves are banned\n|rule|Evasion Abilities Clause: Evasion abilities are banned\n|rule|Evasion Items Clause: Evasion items are banned\n|rule|Evasion Moves Clause: Evasion moves are banned\n|rule|Species Clause: Limit one of each Pok\u00e9mon\n|rule|Sleep Clause Mod: Limit one foe put to sleep\n|clearpoke\n|poke|p1|Pelipper, M|\n|poke|p1|Manaphy|\n|poke|p1|Ferrothorn, M|\n|poke|p1|Greninja-*, M|\n|poke|p1|Tornadus-Therian, M|\n|poke|p1|Swampert, M|\n|poke|p2|Ogerpon, F|\n|poke|p2|Corviknight, M|\n|poke|p2|Clodsire, M|\n|poke|p2|Tyranitar, M|\n|poke|p2|Alomomola, M|\n|poke|p2|Banette, F|\n|teampreview\n|inactive|Battle timer is ON: inactive players will automatically lose when time's up. (requested by GAGA233)\n|\n|t:|1699975954\n|start\n|switch|p1a: Pelipper|Pelipper, M|100\/100\n|switch|p2a: Banette|Banette, F|100\/100\n|-weather|RainDance|[from] ability: Drizzle|[of] p1a: Pelipper\n|turn|1\n|\n|t:|1699975962\n|detailschange|p2a: Banette|Banette-Mega, F\n|-mega|p2a: Banette|Banette|Banettite\n|move|p2a: Banette|Poltergeist|p1a: Pelipper\n|-activate|p1a: Pelipper|move: Poltergeist|Damp Rock\n|-damage|p1a: Pelipper|40\/100\n|move|p1a: Pelipper|Scald|p2a: Banette\n|-damage|p2a: Banette|39\/100\n|\n|-weather|RainDance|[upkeep]\n|upkeep\n|turn|2\n|\n|t:|1699975971\n|-activate|p1a: Pelipper|move: Pursuit\n|move|p2a: Banette|Pursuit|p1a: Pelipper|[from]Pursuit\n|-damage|p1a: Pelipper|13\/100\n|switch|p1a: Greninja|Greninja, M|100\/100\n|\n|-weather|RainDance|[upkeep]\n|upkeep\n|turn|3\n|\n|t:|1699975979\n|switch|p2a: Clodsire|Clodsire, M|100\/100\n|move|p1a: Greninja|Surf|p2a: Clodsire\n|-immune|p2a: Clodsire|[from] ability: Water Absorb\n|\n|-weather|RainDance|[upkeep]\n|upkeep\n|turn|4\n|\n|t:|1699975985\n|switch|p1a: Manaphy|Manaphy|100\/100\n|move|p2a: Clodsire|Stealth Rock|p1a: Manaphy\n|-sidestart|p1: LTAP_OMEGA|move: Stealth Rock\n|\n|-weather|RainDance|[upkeep]\n|upkeep\n|turn|5\n|\n|t:|1699975992\n|switch|p2a: Ogerpon|Ogerpon, F|100\/100\n|move|p1a: Manaphy|Tail Glow|p1a: Manaphy\n|-boost|p1a: Manaphy|spa|3\n|\n|-weather|RainDance|[upkeep]\n|upkeep\n|turn|6\n|\n|t:|1699976021\n|move|p2a: Ogerpon|Ivy Cudgel|p1a: Manaphy\n|-supereffective|p1a: Manaphy\n|-damage|p1a: Manaphy|21\/100\n|-zpower|p1a: Manaphy\n|move|p1a: Manaphy|Hydro Vortex|p2a: Ogerpon|[zeffect]\n|-resisted|p2a: Ogerpon\n|-damage|p2a: Ogerpon|0 fnt\n|faint|p2a: Ogerpon\n|\n|-weather|RainDance|[upkeep]\n|upkeep\n|inactive|GAGA233 has 120 seconds left.\n|\n|t:|1699976037\n|switch|p2a: Tyranitar|Tyranitar, M|100\/100\n|-weather|Sandstorm|[from] ability: Sand Stream|[of] p2a: Tyranitar\n|turn|7\n|inactive|GAGA233 has 120 seconds left.\n|\n|t:|1699976045\n|switch|p2a: Clodsire|Clodsire, M|100\/100\n|move|p1a: Manaphy|Surf|p2a: Clodsire\n|-immune|p2a: Clodsire|[from] ability: Water Absorb\n|\n|-weather|Sandstorm|[upkeep]\n|-damage|p1a: Manaphy|15\/100|[from] Sandstorm\n|upkeep\n|turn|8\n|\n|t:|1699976051\n|move|p1a: Manaphy|Rest|p1a: Manaphy\n|-status|p1a: Manaphy|slp|[from] move: Rest\n|-heal|p1a: Manaphy|100\/100 slp|[silent]\n|move|p2a: Clodsire|Earthquake|p1a: Manaphy\n|-damage|p1a: Manaphy|76\/100 slp\n|\n|-weather|Sandstorm|[upkeep]\n|-damage|p1a: Manaphy|70\/100 slp|[from] Sandstorm\n|upkeep\n|turn|9\n|\n|t:|1699976056\n|switch|p1a: Tornadus|Tornadus-Therian, M|100\/100\n|switch|p2a: Banette|Banette-Mega, F|39\/100\n|\n|-weather|Sandstorm|[upkeep]\n|-damage|p1a: Tornadus|94\/100|[from] Sandstorm\n|-damage|p2a: Banette|33\/100|[from] Sandstorm\n|upkeep\n|turn|10\n|\n|t:|1699976064\n|move|p1a: Tornadus|Defog|p2a: Banette\n|-unboost|p2a: Banette|evasion|1\n|-sideend|p1: LTAP_OMEGA|Stealth Rock|[from] move: Defog|[of] p1a: Tornadus\n|move|p2a: Banette|Poltergeist|p1a: Tornadus\n|-activate|p1a: Tornadus|move: Poltergeist|Heavy-Duty Boots\n|-damage|p1a: Tornadus|2\/100\n|\n|-weather|Sandstorm|[upkeep]\n|-damage|p1a: Tornadus|0 fnt|[from] Sandstorm\n|-damage|p2a: Banette|27\/100|[from] Sandstorm\n|faint|p1a: Tornadus\n|upkeep\n|\n|t:|1699976078\n|switch|p1a: Pelipper|Pelipper, M|13\/100\n|-weather|RainDance|[from] ability: Drizzle|[of] p1a: Pelipper\n|turn|11\n|j| kingambit player\n|\n|t:|1699976084\n|move|p2a: Banette|Pursuit|p1a: Pelipper\n|-damage|p1a: Pelipper|0 fnt\n|faint|p1a: Pelipper\n|\n|-weather|RainDance|[upkeep]\n|upkeep\n|\n|t:|1699976091\n|switch|p1a: Greninja|Greninja, M|100\/100\n|turn|12\n|\n|t:|1699976097\n|switch|p2a: Clodsire|Clodsire, M|100\/100\n|move|p1a: Greninja|Surf|p2a: Clodsire\n|-immune|p2a: Clodsire|[from] ability: Water Absorb\n|\n|-weather|RainDance|[upkeep]\n|upkeep\n|turn|13\n|\n|t:|1699976105\n|switch|p1a: Swampert|Swampert, M|100\/100\n|move|p2a: Clodsire|Stealth Rock|p1a: Swampert\n|-sidestart|p1: LTAP_OMEGA|move: Stealth Rock\n|\n|-weather|RainDance|[upkeep]\n|upkeep\n|turn|14\n|\n|t:|1699976109\n|switch|p2a: Alomomola|Alomomola, M|100\/100\n|detailschange|p1a: Swampert|Swampert-Mega, M\n|-mega|p1a: Swampert|Swampert|Swampertite\n|move|p1a: Swampert|Earthquake|p2a: Alomomola\n|-damage|p2a: Alomomola|71\/100\n|\n|-weather|RainDance|[upkeep]\n|upkeep\n|turn|15\n|\n|t:|1699976118\n|switch|p1a: Ferrothorn|Ferrothorn, M|100\/100\n|-damage|p1a: Ferrothorn|94\/100|[from] Stealth Rock\n|move|p2a: Alomomola|Protect||[still]\n|-fail|p2a: Alomomola\n|\n|-weather|RainDance|[upkeep]\n|-heal|p1a: Ferrothorn|100\/100|[from] item: Leftovers\n|upkeep\n|turn|16\n|\n|t:|1699976129\n|switch|p2a: Tyranitar|Tyranitar, M|100\/100\n|-weather|Sandstorm|[from] ability: Sand Stream|[of] p2a: Tyranitar\n|switch|p1a: Manaphy|Manaphy|70\/100 slp\n|-damage|p1a: Manaphy|58\/100 slp|[from] Stealth Rock\n|\n|-weather|Sandstorm|[upkeep]\n|-damage|p1a: Manaphy|52\/100 slp|[from] Sandstorm\n|upkeep\n|turn|17\n|\n|t:|1699976137\n|cant|p1a: Manaphy|slp\n|move|p2a: Tyranitar|Earthquake|p1a: Manaphy\n|-damage|p1a: Manaphy|26\/100 slp\n|\n|-weather|Sandstorm|[upkeep]\n|-damage|p1a: Manaphy|20\/100 slp|[from] Sandstorm\n|upkeep\n|turn|18\n|\n|t:|1699976146\n|cant|p1a: Manaphy|slp\n|move|p2a: Tyranitar|Earthquake|p1a: Manaphy\n|-damage|p1a: Manaphy|0 fnt\n|faint|p1a: Manaphy\n|\n|-weather|Sandstorm|[upkeep]\n|upkeep\n|\n|t:|1699976150\n|switch|p1a: Swampert|Swampert-Mega, M|100\/100\n|-damage|p1a: Swampert|94\/100|[from] Stealth Rock\n|turn|19\n|\n|t:|1699976156\n|switch|p2a: Alomomola|Alomomola, M|100\/100\n|move|p1a: Swampert|Superpower|p2a: Alomomola\n|-damage|p2a: Alomomola|76\/100\n|-unboost|p1a: Swampert|atk|1\n|-unboost|p1a: Swampert|def|1\n|\n|-weather|Sandstorm|[upkeep]\n|-damage|p2a: Alomomola|70\/100|[from] Sandstorm\n|upkeep\n|turn|20\n|\n|t:|1699976165\n|switch|p1a: Ferrothorn|Ferrothorn, M|100\/100\n|-damage|p1a: Ferrothorn|94\/100|[from] Stealth Rock\n|move|p2a: Alomomola|Flip Turn|p1a: Ferrothorn\n|-resisted|p1a: Ferrothorn\n|-damage|p1a: Ferrothorn|88\/100\n|-damage|p2a: Alomomola|57\/100|[from] ability: Iron Barbs|[of] p1a: Ferrothorn\n|\n|t:|1699976169\n|switch|p2a: Tyranitar|Tyranitar, M|100\/100|[from] Flip Turn\n|\n|-weather|none\n|-heal|p1a: Ferrothorn|95\/100|[from] item: Leftovers\n|upkeep\n|turn|21\n|\n|t:|1699976184\n|move|p2a: Tyranitar|Flamethrower|p1a: Ferrothorn\n|-supereffective|p1a: Ferrothorn\n|-crit|p1a: Ferrothorn\n|-damage|p1a: Ferrothorn|0 fnt\n|faint|p1a: Ferrothorn\n|\n|upkeep\n|c|\u2606LTAP_OMEGA|wow\n|l| kingambit player\n|c|\u2606LTAP_OMEGA|flame tyranitar\n|c|\u2606LTAP_OMEGA|water absorb clodsire\n|inactive|LTAP_OMEGA has 120 seconds left.\n|c|\u2606LTAP_OMEGA|GG\n|-message|LTAP_OMEGA forfeited.\n|\n|win|GAGA233\n|raw|LTAP_OMEGA's rating: 1570 &rarr; <strong>1554<\/strong><br \/>(-16 for losing)\n|raw|GAGA233's rating: 1648 &rarr; <strong>1664<\/strong><br \/>(+16 for winning)\n|l|\u2606LTAP_OMEGA\n","uploadtime":1699976218,"views":12,"p1id":"ltapomega","p2id":"gaga233","formatid":"gen9nationaldex","rating":1554,"private":0,"password":""}