{"id":"gen9nationaldex-1990902091","p1":"Berrybeans","p2":"Altaria Motives\u00ae","format":"[Gen 9] National Dex","log":"|j|\u2606Berrybeans\n|j|\u2606Altaria Motives\u00ae\n|t:|1700013186\n|gametype|singles\n|player|p1|Berrybeans|benga|\n|player|p2|Altaria Motives\u00ae|veteran|\n|teamsize|p1|6\n|teamsize|p2|6\n|gen|9\n|tier|[Gen 9] National Dex\n|rule|HP Percentage Mod: HP is shown in percentages\n|rule|Endless Battle Clause: Forcing endless battles is banned\n|rule|OHKO Clause: OHKO moves are banned\n|rule|Evasion Clause: Evasion abilities, items, and moves are banned\n|rule|Evasion Abilities Clause: Evasion abilities are banned\n|rule|Evasion Items Clause: Evasion items are banned\n|rule|Evasion Moves Clause: Evasion moves are banned\n|rule|Species Clause: Limit one of each Pok\u00e9mon\n|rule|Sleep Clause Mod: Limit one foe put to sleep\n|clearpoke\n|poke|p1|Landorus-Therian, M|\n|poke|p1|Oricorio-Pom-Pom, M|\n|poke|p1|Corviknight, M|\n|poke|p1|Pinsir, F|\n|poke|p1|Altaria, M|\n|poke|p1|Jumpluff, M|\n|poke|p2|Pelipper, F|\n|poke|p2|Lanturn, F|\n|poke|p2|Swampert, M|\n|poke|p2|Azumarill, F|\n|poke|p2|Starmie|\n|poke|p2|Qwilfish, F|\n|teampreview\n|inactive|Battle timer is ON: inactive players will automatically lose when time's up. (requested by Berrybeans)\n|j| Woobis\n|c|\u2606Berrybeans|It didn\u2019t like my pinsir for some reason lol\n|c| Woobis|LETS GO\n|c|\u2606Altaria Motives\u00ae|glhf\n|c|\u2606Berrybeans|Glhf\n|inactive|Berrybeans has 270 seconds left.\n|inactive|Altaria Motives\u00ae has 270 seconds left.\n|j| Chigusta Aalinks\n|c| Woobis|timer?\n|inactive|Altaria Motives\u00ae has 240 seconds left.\n|\n|t:|1700013253\n|start\n|switch|p1a: Jumpluff|Jumpluff, M|100\/100\n|switch|p2a: ThroatGOAT|Pelipper, F, shiny|100\/100\n|-weather|RainDance|[from] ability: Drizzle|[of] p2a: ThroatGOAT\n|turn|1\n|inactive|Altaria Motives\u00ae has 270 seconds left.\n|j| SergeantM\n|j| A1 AWESOM-0\n|\n|t:|1700013299\n|move|p1a: Jumpluff|Protect|p1a: Jumpluff\n|-singleturn|p1a: Jumpluff|Protect\n|move|p2a: ThroatGOAT|U-turn|p1a: Jumpluff\n|-activate|p1a: Jumpluff|move: Protect\n|\n|-weather|RainDance|[upkeep]\n|upkeep\n|turn|2\n|\n|t:|1700013304\n|move|p1a: Jumpluff|Substitute|p1a: Jumpluff\n|-start|p1a: Jumpluff|Substitute\n|-damage|p1a: Jumpluff|76\/100\n|move|p2a: ThroatGOAT|Hurricane|p1a: Jumpluff\n|-supereffective|p1a: Jumpluff\n|-end|p1a: Jumpluff|Substitute\n|\n|-weather|RainDance|[upkeep]\n|-heal|p1a: Jumpluff|82\/100|[from] item: Leftovers\n|upkeep\n|turn|3\n|inactive|Altaria Motives\u00ae has 270 seconds left.\n|\n|t:|1700013328\n|switch|p2a: FingerMyStarfish|Starmie, shiny|100\/100\n|move|p1a: Jumpluff|Leech Seed|p2a: FingerMyStarfish|[miss]\n|-miss|p1a: Jumpluff|p2a: FingerMyStarfish\n|\n|-weather|RainDance|[upkeep]\n|-heal|p1a: Jumpluff|88\/100|[from] item: Leftovers\n|upkeep\n|turn|4\n|\n|t:|1700013338\n|move|p2a: FingerMyStarfish|Ice Beam|p1a: Jumpluff\n|-supereffective|p1a: Jumpluff\n|-damage|p1a: Jumpluff|0 fnt\n|faint|p1a: Jumpluff\n|\n|-weather|RainDance|[upkeep]\n|upkeep\n|\n|t:|1700013343\n|switch|p1a: Oricorio|Oricorio-Pom-Pom, M|100\/100\n|turn|5\n|\n|t:|1700013351\n|switch|p2a: Masked Flasher|Lanturn, F, shiny|100\/100\n|move|p1a: Oricorio|Quiver Dance|p1a: Oricorio\n|-boost|p1a: Oricorio|spa|1\n|-boost|p1a: Oricorio|spd|1\n|-boost|p1a: Oricorio|spe|1\n|\n|-weather|RainDance|[upkeep]\n|upkeep\n|turn|6\n|\n|t:|1700013363\n|move|p1a: Oricorio|Air Slash|p2a: Masked Flasher\n|-resisted|p2a: Masked Flasher\n|-damage|p2a: Masked Flasher|76\/100\n|move|p2a: Masked Flasher|Ice Beam|p1a: Oricorio\n|-supereffective|p1a: Oricorio\n|-damage|p1a: Oricorio|55\/100\n|\n|-weather|RainDance|[upkeep]\n|upkeep\n|turn|7\n|\n|t:|1700013370\n|move|p1a: Oricorio|U-turn|p2a: Masked Flasher\n|-damage|p2a: Masked Flasher|64\/100\n|\n|t:|1700013373\n|switch|p1a: Corviknight|Corviknight, M|100\/100|[from] U-turn\n|-ability|p1a: Corviknight|Pressure\n|move|p2a: Masked Flasher|Ice Beam|p1a: Corviknight\n|-damage|p1a: Corviknight|86\/100\n|\n|-weather|RainDance|[upkeep]\n|-heal|p1a: Corviknight|93\/100|[from] item: Leftovers\n|upkeep\n|turn|8\n|\n|t:|1700013383\n|move|p2a: Masked Flasher|Volt Switch|p1a: Corviknight\n|-supereffective|p1a: Corviknight\n|-damage|p1a: Corviknight|60\/100\n|\n|t:|1700013388\n|switch|p2a: ThroatGOAT|Pelipper, F, shiny|100\/100|[from] Volt Switch\n|move|p1a: Corviknight|Bulk Up|p1a: Corviknight\n|-boost|p1a: Corviknight|atk|1\n|-boost|p1a: Corviknight|def|1\n|\n|-weather|none\n|-heal|p1a: Corviknight|66\/100|[from] item: Leftovers\n|upkeep\n|turn|9\n|\n|t:|1700013398\n|move|p1a: Corviknight|Roost|p1a: Corviknight\n|-heal|p1a: Corviknight|100\/100\n|-singleturn|p1a: Corviknight|move: Roost\n|move|p2a: ThroatGOAT|U-turn|p1a: Corviknight\n|-resisted|p1a: Corviknight\n|-damage|p1a: Corviknight|98\/100\n|\n|t:|1700013402\n|switch|p2a: Masked Flasher|Lanturn, F, shiny|64\/100|[from] U-turn\n|\n|-heal|p1a: Corviknight|100\/100|[from] item: Leftovers\n|upkeep\n|turn|10\n|\n|t:|1700013411\n|move|p2a: Masked Flasher|Thunderbolt|p1a: Corviknight\n|-supereffective|p1a: Corviknight\n|-damage|p1a: Corviknight|59\/100\n|move|p1a: Corviknight|Bulk Up|p1a: Corviknight\n|-boost|p1a: Corviknight|atk|1\n|-boost|p1a: Corviknight|def|1\n|\n|-heal|p1a: Corviknight|66\/100|[from] item: Leftovers\n|upkeep\n|turn|11\n|\n|t:|1700013427\n|move|p2a: Masked Flasher|Thunderbolt|p1a: Corviknight\n|-supereffective|p1a: Corviknight\n|-damage|p1a: Corviknight|20\/100\n|move|p1a: Corviknight|Roost|p1a: Corviknight\n|-heal|p1a: Corviknight|70\/100\n|-singleturn|p1a: Corviknight|move: Roost\n|\n|-heal|p1a: Corviknight|76\/100|[from] item: Leftovers\n|upkeep\n|turn|12\n|\n|t:|1700013441\n|switch|p1a: Landorus|Landorus-Therian, M|100\/100\n|-ability|p1a: Landorus|Intimidate|boost\n|-unboost|p2a: Masked Flasher|atk|1\n|move|p2a: Masked Flasher|Thunderbolt|p1a: Landorus\n|-immune|p1a: Landorus\n|\n|upkeep\n|turn|13\n|\n|t:|1700013451\n|switch|p2a: ThroatGOAT|Pelipper, F, shiny|100\/100\n|-weather|RainDance|[from] ability: Drizzle|[of] p2a: ThroatGOAT\n|move|p1a: Landorus|Stone Edge|p2a: ThroatGOAT\n|-supereffective|p2a: ThroatGOAT\n|-damage|p2a: ThroatGOAT|46\/100\n|\n|-weather|RainDance|[upkeep]\n|upkeep\n|turn|14\n|j| A1 AWESOM-0\n|inactive|Altaria Motives\u00ae has 270 seconds left.\n|\n|t:|1700013481\n|switch|p2a: BreasticlesGalore|Qwilfish, F, shiny|100\/100\n|-ability|p2a: BreasticlesGalore|Intimidate|boost\n|-unboost|p1a: Landorus|atk|1\n|move|p1a: Landorus|Stone Edge|p2a: BreasticlesGalore\n|-damage|p2a: BreasticlesGalore|70\/100\n|\n|-weather|RainDance|[upkeep]\n|upkeep\n|turn|15\n|inactive|Altaria Motives\u00ae has 270 seconds left.\n|\n|t:|1700013495\n|switch|p1a: Corviknight|Corviknight, M|76\/100\n|-ability|p1a: Corviknight|Pressure\n|move|p2a: BreasticlesGalore|Liquidation|p1a: Corviknight\n|-damage|p1a: Corviknight|35\/100\n|-unboost|p1a: Corviknight|def|1\n|\n|-weather|RainDance|[upkeep]\n|-heal|p1a: Corviknight|41\/100|[from] item: Leftovers\n|upkeep\n|turn|16\n|\n|t:|1700013503\n|move|p2a: BreasticlesGalore|Liquidation|p1a: Corviknight\n|-damage|p1a: Corviknight|0 fnt\n|faint|p1a: Corviknight\n|\n|-weather|RainDance|[upkeep]\n|upkeep\n|\n|t:|1700013507\n|switch|p1a: Landorus|Landorus-Therian, M|100\/100\n|-ability|p1a: Landorus|Intimidate|boost\n|-unboost|p2a: BreasticlesGalore|atk|1\n|turn|17\n|l| Chigusta Aalinks\n|\n|t:|1700013517\n|switch|p2a: ThroatGOAT|Pelipper, F, shiny|46\/100\n|move|p1a: Landorus|Stone Edge|p2a: ThroatGOAT\n|-supereffective|p2a: ThroatGOAT\n|-crit|p2a: ThroatGOAT\n|-damage|p2a: ThroatGOAT|0 fnt\n|faint|p2a: ThroatGOAT\n|\n|-weather|RainDance|[upkeep]\n|upkeep\n|j| Chigusta Aalinks\n|\n|t:|1700013526\n|switch|p2a: One Ugly Fucc|Swampert, M, shiny|100\/100\n|turn|18\n|\n|t:|1700013537\n|switch|p1a: Oricorio|Oricorio-Pom-Pom, M|55\/100\n|detailschange|p2a: One Ugly Fucc|Swampert-Mega, M, shiny\n|-mega|p2a: One Ugly Fucc|Swampert|Swampertite\n|move|p2a: One Ugly Fucc|Liquidation|p1a: Oricorio\n|-damage|p1a: Oricorio|0 fnt\n|faint|p1a: Oricorio\n|\n|-weather|RainDance|[upkeep]\n|upkeep\n|\n|t:|1700013549\n|switch|p1a: Altaria|Altaria, M|100\/100\n|-ability|p1a: Altaria|Cloud Nine\n|turn|19\n|\n|t:|1700013575\n|switch|p2a: BreasticlesGalore|Qwilfish, F, shiny|70\/100\n|-ability|p2a: BreasticlesGalore|Intimidate|boost\n|-unboost|p1a: Altaria|atk|1\n|-terastallize|p1a: Altaria|Grass\n|move|p1a: Altaria|Tera Blast|p2a: BreasticlesGalore|[anim] Tera Blast Grass\n|-damage|p2a: BreasticlesGalore|48\/100\n|\n|-weather|RainDance|[upkeep]\n|upkeep\n|turn|20\n|\n|t:|1700013585\n|switch|p1a: Landorus|Landorus-Therian, M|100\/100\n|-ability|p1a: Landorus|Intimidate|boost\n|-unboost|p2a: BreasticlesGalore|atk|1\n|move|p2a: BreasticlesGalore|Thunder Wave|p1a: Landorus\n|-immune|p1a: Landorus\n|\n|-weather|none\n|upkeep\n|turn|21\n|\n|t:|1700013596\n|switch|p2a: One Ugly Fucc|Swampert-Mega, M, shiny|100\/100\n|move|p1a: Landorus|Earthquake|p2a: One Ugly Fucc\n|-damage|p2a: One Ugly Fucc|52\/100\n|\n|upkeep\n|turn|22\n|\n|t:|1700013606\n|move|p1a: Landorus|Earthquake|p2a: One Ugly Fucc\n|-damage|p2a: One Ugly Fucc|3\/100\n|move|p2a: One Ugly Fucc|Flip Turn|p1a: Landorus\n|-supereffective|p1a: Landorus\n|-damage|p1a: Landorus|19\/100\n|\n|t:|1700013611\n|switch|p2a: Golden Retriever|Azumarill, F, shiny|100\/100|[from] Flip Turn\n|\n|upkeep\n|turn|23\n|\n|t:|1700013617\n|switch|p1a: Altaria|Altaria, M, tera:Grass|100\/100\n|-ability|p1a: Altaria|Cloud Nine\n|move|p2a: Golden Retriever|Aqua Jet|p1a: Altaria\n|-resisted|p1a: Altaria\n|-damage|p1a: Altaria|85\/100\n|\n|-heal|p1a: Altaria|91\/100|[from] item: Leftovers\n|upkeep\n|turn|24\n|\n|t:|1700013632\n|switch|p2a: One Ugly Fucc|Swampert-Mega, M, shiny|3\/100\n|move|p1a: Altaria|Will-O-Wisp|p2a: One Ugly Fucc\n|-status|p2a: One Ugly Fucc|brn\n|\n|-heal|p1a: Altaria|97\/100|[from] item: Leftovers\n|-damage|p2a: One Ugly Fucc|0 fnt|[from] brn\n|faint|p2a: One Ugly Fucc\n|upkeep\n|\n|t:|1700013644\n|switch|p2a: BreasticlesGalore|Qwilfish, F, shiny|48\/100\n|-ability|p2a: BreasticlesGalore|Intimidate|boost\n|-unboost|p1a: Altaria|atk|1\n|turn|25\n|j| A1 AWESOM-0\n|\n|t:|1700013656\n|move|p2a: BreasticlesGalore|Poison Jab|p1a: Altaria\n|-supereffective|p1a: Altaria\n|-damage|p1a: Altaria|23\/100\n|move|p1a: Altaria|Will-O-Wisp|p2a: BreasticlesGalore\n|-status|p2a: BreasticlesGalore|brn\n|\n|-heal|p1a: Altaria|29\/100|[from] item: Leftovers\n|-damage|p2a: BreasticlesGalore|42\/100 brn|[from] brn\n|upkeep\n|turn|26\n|\n|t:|1700013663\n|switch|p1a: Pinsir|Pinsir, F|100\/100\n|move|p2a: BreasticlesGalore|Poison Jab|p1a: Pinsir\n|-damage|p1a: Pinsir|83\/100\n|\n|-damage|p2a: BreasticlesGalore|36\/100 brn|[from] brn\n|upkeep\n|turn|27\n|\n|t:|1700013674\n|detailschange|p1a: Pinsir|Pinsir-Mega, F\n|-mega|p1a: Pinsir|Pinsir|Pinsirite\n|move|p1a: Pinsir|Bulk Up|p1a: Pinsir\n|-boost|p1a: Pinsir|atk|1\n|-boost|p1a: Pinsir|def|1\n|move|p2a: BreasticlesGalore|Thunder Wave|p1a: Pinsir\n|-status|p1a: Pinsir|par\n|\n|-damage|p2a: BreasticlesGalore|30\/100 brn|[from] brn\n|upkeep\n|turn|28\n|\n|t:|1700013684\n|move|p2a: BreasticlesGalore|Haze|p2a: BreasticlesGalore\n|-clearallboost\n|move|p1a: Pinsir|Bulk Up|p1a: Pinsir\n|-boost|p1a: Pinsir|atk|1\n|-boost|p1a: Pinsir|def|1\n|\n|-damage|p2a: BreasticlesGalore|24\/100 brn|[from] brn\n|upkeep\n|turn|29\n|\n|t:|1700013691\n|move|p2a: BreasticlesGalore|Haze|p2a: BreasticlesGalore\n|-clearallboost\n|move|p1a: Pinsir|Bulk Up|p1a: Pinsir\n|-boost|p1a: Pinsir|atk|1\n|-boost|p1a: Pinsir|def|1\n|\n|-damage|p2a: BreasticlesGalore|18\/100 brn|[from] brn\n|upkeep\n|turn|30\n|\n|t:|1700013696\n|move|p2a: BreasticlesGalore|Haze|p2a: BreasticlesGalore\n|-clearallboost\n|move|p1a: Pinsir|Bulk Up|p1a: Pinsir\n|-boost|p1a: Pinsir|atk|1\n|-boost|p1a: Pinsir|def|1\n|\n|-damage|p2a: BreasticlesGalore|12\/100 brn|[from] brn\n|upkeep\n|turn|31\n|\n|t:|1700013700\n|move|p2a: BreasticlesGalore|Haze|p2a: BreasticlesGalore\n|-clearallboost\n|move|p1a: Pinsir|Bulk Up|p1a: Pinsir\n|-boost|p1a: Pinsir|atk|1\n|-boost|p1a: Pinsir|def|1\n|\n|-damage|p2a: BreasticlesGalore|6\/100 brn|[from] brn\n|upkeep\n|turn|32\n|\n|t:|1700013704\n|move|p2a: BreasticlesGalore|Haze|p2a: BreasticlesGalore\n|-clearallboost\n|cant|p1a: Pinsir|par\n|\n|-damage|p2a: BreasticlesGalore|0 fnt|[from] brn\n|faint|p2a: BreasticlesGalore\n|upkeep\n|j| A1 AWESOM-0\n|inactive|Altaria Motives\u00ae has 270 seconds left.\n|inactive|Altaria Motives\u00ae has 240 seconds left.\n|\n|t:|1700013781\n|switch|p2a: Masked Flasher|Lanturn, F, shiny|64\/100\n|turn|33\n|j| A1 AWESOM-0\n|\n|t:|1700013789\n|switch|p1a: Landorus|Landorus-Therian, M|19\/100\n|-ability|p1a: Landorus|Intimidate|boost\n|-unboost|p2a: Masked Flasher|atk|1\n|move|p2a: Masked Flasher|Thunderbolt|p1a: Landorus\n|-immune|p1a: Landorus\n|\n|upkeep\n|turn|34\n|\n|t:|1700013796\n|-terastallize|p2a: Masked Flasher|Grass\n|move|p1a: Landorus|Earthquake|p2a: Masked Flasher\n|-resisted|p2a: Masked Flasher\n|-damage|p2a: Masked Flasher|30\/100\n|move|p2a: Masked Flasher|Ice Beam|p1a: Landorus\n|-supereffective|p1a: Landorus\n|-damage|p1a: Landorus|0 fnt\n|faint|p1a: Landorus\n|\n|upkeep\n|\n|t:|1700013801\n|switch|p1a: Altaria|Altaria, M, tera:Grass|29\/100\n|-ability|p1a: Altaria|Cloud Nine\n|turn|35\n|\n|t:|1700013805\n|move|p1a: Altaria|Play Rough|p2a: Masked Flasher\n|-damage|p2a: Masked Flasher|4\/100\n|move|p2a: Masked Flasher|Ice Beam|p1a: Altaria\n|-supereffective|p1a: Altaria\n|-damage|p1a: Altaria|0 fnt\n|faint|p1a: Altaria\n|\n|upkeep\n|\n|t:|1700013807\n|switch|p1a: Pinsir|Pinsir-Mega, F|83\/100 par\n|turn|36\n|\n|t:|1700013815\n|move|p1a: Pinsir|Quick Attack|p2a: Masked Flasher\n|-supereffective|p2a: Masked Flasher\n|-enditem|p2a: Masked Flasher|Coba Berry|[eat]\n|-enditem|p2a: Masked Flasher|Coba Berry|[weaken]\n|-damage|p2a: Masked Flasher|0 fnt\n|faint|p2a: Masked Flasher\n|\n|upkeep\n|j| A1 AWESOM-0\n|\n|t:|1700013842\n|switch|p2a: Golden Retriever|Azumarill, F, shiny|100\/100\n|turn|37\n|\n|t:|1700013845\n|cant|p1a: Pinsir|par\n|move|p2a: Golden Retriever|Ice Spinner|p1a: Pinsir\n|-supereffective|p1a: Pinsir\n|-damage|p1a: Pinsir|8\/100 par\n|\n|upkeep\n|turn|38\n|\n|t:|1700013851\n|move|p2a: Golden Retriever|Aqua Jet|p1a: Pinsir\n|-damage|p1a: Pinsir|0 fnt\n|faint|p1a: Pinsir\n|\n|win|Altaria Motives\u00ae\n|c|\u2606Altaria Motives\u00ae|gg bud\n|c|\u2606Berrybeans|Gg\n|l| Chigusta Aalinks\n","uploadtime":1700013860,"views":52,"p1id":"berrybeans","p2id":"altariamotives","formatid":"gen9nationaldex","rating":0,"private":0,"password":""}