{"id":"gen9nationaldex-1988924812","p1":"Jaspo","p2":"HolyChomper","format":"[Gen 9] National Dex","log":"|j|\u2606Jaspo\n|j|\u2606HolyChomper\n|t:|1699788820\n|gametype|singles\n|player|p1|Jaspo|clair|1145\n|player|p2|HolyChomper|crasherwake|1166\n|teamsize|p1|6\n|teamsize|p2|6\n|gen|9\n|tier|[Gen 9] National Dex\n|rated|\n|rule|HP Percentage Mod: HP is shown in percentages\n|rule|Endless Battle Clause: Forcing endless battles is banned\n|rule|OHKO Clause: OHKO moves are banned\n|rule|Evasion Clause: Evasion abilities, items, and moves are banned\n|rule|Evasion Abilities Clause: Evasion abilities are banned\n|rule|Evasion Items Clause: Evasion items are banned\n|rule|Evasion Moves Clause: Evasion moves are banned\n|rule|Species Clause: Limit one of each Pok\u00e9mon\n|rule|Sleep Clause Mod: Limit one foe put to sleep\n|clearpoke\n|poke|p1|Kingdra, M|\n|poke|p1|Luxray, M|\n|poke|p1|Scolipede, M|\n|poke|p1|Typhlosion-Hisui, M|\n|poke|p1|Hydreigon, F|\n|poke|p1|Absol, M|\n|poke|p2|Pelipper, M|\n|poke|p2|Swampert, M|\n|poke|p2|Rillaboom, M|\n|poke|p2|Goodra, F|\n|poke|p2|Kilowattrel, F|\n|poke|p2|Scizor, F|\n|teampreview\n|c|\u2606HolyChomper|glhf\n|\n|t:|1699788830\n|start\n|switch|p1a: Luxray|Luxray, M|100\/100\n|switch|p2a: Goodra|Goodra, F|100\/100\n|-ability|p1a: Luxray|Intimidate|boost\n|-unboost|p2a: Goodra|atk|1\n|turn|1\n|\n|t:|1699788838\n|move|p2a: Goodra|Draco Meteor|p1a: Luxray\n|-damage|p1a: Luxray|0 fnt\n|-unboost|p2a: Goodra|spa|2\n|faint|p1a: Luxray\n|\n|upkeep\n|inactive|Battle timer is ON: inactive players will automatically lose when time's up. (requested by Jaspo)\n|\n|t:|1699788848\n|switch|p1a: Hydreigon|Hydreigon, F|100\/100\n|turn|2\n|\n|t:|1699788856\n|switch|p2a: Scizor|Scizor, F|100\/100\n|-terastallize|p1a: Hydreigon|Steel\n|move|p1a: Hydreigon|Dragon Pulse|p2a: Scizor\n|-resisted|p2a: Scizor\n|-damage|p2a: Scizor|76\/100\n|\n|-heal|p2a: Scizor|82\/100|[from] item: Leftovers\n|upkeep\n|turn|3\n|\n|t:|1699788864\n|move|p1a: Hydreigon|Earth Power|p2a: Scizor\n|-damage|p2a: Scizor|44\/100\n|move|p2a: Scizor|U-turn|p1a: Hydreigon\n|-resisted|p1a: Hydreigon\n|-damage|p1a: Hydreigon|82\/100\n|-damage|p2a: Scizor|28\/100|[from] item: Rocky Helmet|[of] p1a: Hydreigon\n|\n|t:|1699788873\n|switch|p2a: Pelipper|Pelipper, M|100\/100|[from] U-turn\n|-weather|RainDance|[from] ability: Drizzle|[of] p2a: Pelipper\n|\n|-weather|RainDance|[upkeep]\n|upkeep\n|turn|4\n|\n|t:|1699788884\n|switch|p1a: Kingdra|Kingdra, M|100\/100\n|switch|p2a: Swampert|Swampert, M|100\/100\n|\n|-weather|RainDance|[upkeep]\n|upkeep\n|turn|5\n|\n|t:|1699788891\n|detailschange|p2a: Swampert|Swampert-Mega, M\n|-mega|p2a: Swampert|Swampert|Swampertite\n|move|p2a: Swampert|Earthquake|p1a: Kingdra\n|-damage|p1a: Kingdra|40\/100\n|move|p1a: Kingdra|Scale Shot|p2a: Swampert\n|-damage|p2a: Swampert|92\/100\n|-damage|p2a: Swampert|83\/100\n|-damage|p2a: Swampert|75\/100\n|-damage|p2a: Swampert|66\/100\n|-hitcount|p2a: Swampert|4\n|-unboost|p1a: Kingdra|def|1\n|-boost|p1a: Kingdra|spe|1\n|\n|-weather|RainDance|[upkeep]\n|upkeep\n|turn|6\n|j| Sound haha\n|n| Sound haha|soundhaha\n|\n|t:|1699788905\n|move|p2a: Swampert|Earthquake|p1a: Kingdra\n|-damage|p1a: Kingdra|0 fnt\n|faint|p1a: Kingdra\n|\n|-weather|RainDance|[upkeep]\n|upkeep\n|\n|t:|1699788918\n|switch|p1a: Typhlosion|Typhlosion-Hisui, M|100\/100\n|-item|p2a: Swampert|Swampertite|[from] ability: Frisk|[of] p1a: Typhlosion|[identify]\n|turn|7\n|\n|t:|1699788924\n|move|p1a: Typhlosion|Protect|p1a: Typhlosion\n|-singleturn|p1a: Typhlosion|Protect\n|move|p2a: Swampert|Flip Turn|p1a: Typhlosion\n|-activate|p1a: Typhlosion|move: Protect\n|\n|-weather|RainDance|[upkeep]\n|upkeep\n|turn|8\n|\n|t:|1699788933\n|switch|p1a: Scolipede|Scolipede, M, shiny|100\/100\n|move|p2a: Swampert|Earthquake|p1a: Scolipede\n|-damage|p1a: Scolipede|16\/100\n|\n|-weather|RainDance|[upkeep]\n|-heal|p1a: Scolipede|22\/100|[from] item: Leftovers\n|upkeep\n|turn|9\n|\n|t:|1699788942\n|move|p1a: Scolipede|Protect|p1a: Scolipede\n|-singleturn|p1a: Scolipede|Protect\n|move|p2a: Swampert|Earthquake|p1a: Scolipede\n|-activate|p1a: Scolipede|move: Protect\n|\n|-weather|RainDance|[upkeep]\n|-heal|p1a: Scolipede|28\/100|[from] item: Leftovers\n|-ability|p1a: Scolipede|Speed Boost|boost\n|-boost|p1a: Scolipede|spe|1\n|upkeep\n|turn|10\n|\n|t:|1699788952\n|move|p2a: Swampert|Earthquake|p1a: Scolipede\n|-damage|p1a: Scolipede|0 fnt\n|faint|p1a: Scolipede\n|\n|-weather|none\n|upkeep\n|\n|t:|1699788960\n|switch|p1a: Typhlosion|Typhlosion-Hisui, M|100\/100\n|-item|p2a: Swampert|Swampertite|[from] ability: Frisk|[of] p1a: Typhlosion|[identify]\n|turn|11\n|\n|t:|1699788968\n|switch|p2a: Goodra|Goodra, F|100\/100\n|switch|p1a: Hydreigon|Hydreigon, F, tera:Steel|82\/100\n|\n|upkeep\n|turn|12\n|\n|t:|1699788978\n|-terastallize|p2a: Goodra|Steel\n|move|p1a: Hydreigon|Dragon Pulse|p2a: Goodra\n|-resisted|p2a: Goodra\n|-damage|p2a: Goodra|89\/100\n|move|p2a: Goodra|Flamethrower|p1a: Hydreigon\n|-supereffective|p1a: Hydreigon\n|-damage|p1a: Hydreigon|0 fnt\n|faint|p1a: Hydreigon\n|\n|upkeep\n|\n|t:|1699788988\n|switch|p1a: Typhlosion|Typhlosion-Hisui, M|100\/100\n|-item|p2a: Goodra|Choice Specs|[from] ability: Frisk|[of] p1a: Typhlosion|[identify]\n|turn|13\n|\n|t:|1699788994\n|switch|p2a: Pelipper|Pelipper, M|100\/100\n|-weather|RainDance|[from] ability: Drizzle|[of] p2a: Pelipper\n|move|p1a: Typhlosion|Burn Up|p2a: Pelipper\n|-resisted|p2a: Pelipper\n|-damage|p2a: Pelipper|77\/100\n|-start|p1a: Typhlosion|typechange|???\/Ghost|[from] move: Burn Up\n|\n|-weather|RainDance|[upkeep]\n|upkeep\n|turn|14\n|\n|t:|1699789014\n|move|p1a: Typhlosion|Infernal Parade|p2a: Pelipper\n|-damage|p2a: Pelipper|34\/100\n|-status|p2a: Pelipper|brn\n|move|p2a: Pelipper|U-turn|p1a: Typhlosion\n|-resisted|p1a: Typhlosion\n|-damage|p1a: Typhlosion|98\/100\n|\n|t:|1699789024\n|switch|p2a: Swampert|Swampert-Mega, M|66\/100|[from] U-turn\n|\n|-weather|RainDance|[upkeep]\n|upkeep\n|turn|15\n|\n|t:|1699789033\n|move|p2a: Swampert|Liquidation|p1a: Typhlosion\n|-damage|p1a: Typhlosion|15\/100\n|move|p1a: Typhlosion|Infernal Parade|p2a: Swampert\n|-damage|p2a: Swampert|39\/100\n|\n|-weather|RainDance|[upkeep]\n|upkeep\n|turn|16\n|\n|t:|1699789040\n|move|p1a: Typhlosion|Protect|p1a: Typhlosion\n|-singleturn|p1a: Typhlosion|Protect\n|move|p2a: Swampert|Earthquake|p1a: Typhlosion\n|-activate|p1a: Typhlosion|move: Protect\n|\n|-weather|RainDance|[upkeep]\n|upkeep\n|turn|17\n|\n|t:|1699789048\n|switch|p1a: Absol|Absol, M|100\/100\n|move|p2a: Swampert|Earthquake|p1a: Absol\n|-damage|p1a: Absol|0 fnt\n|faint|p1a: Absol\n|\n|-weather|RainDance|[upkeep]\n|upkeep\n|c|\u2606Jaspo|the rain count ended what\n|inactive|Jaspo has 120 seconds left.\n|\n|t:|1699789080\n|switch|p1a: Typhlosion|Typhlosion-Hisui, M|15\/100\n|-item|p2a: Swampert|Swampertite|[from] ability: Frisk|[of] p1a: Typhlosion|[identify]\n|turn|18\n|c|\u2606HolyChomper|damp rock\n|c|\u2606HolyChomper|8 turns, not 5\n|\n|t:|1699789089\n|move|p1a: Typhlosion|Protect|p1a: Typhlosion\n|-singleturn|p1a: Typhlosion|Protect\n|move|p2a: Swampert|Earthquake|p1a: Typhlosion\n|-activate|p1a: Typhlosion|move: Protect\n|\n|-weather|RainDance|[upkeep]\n|upkeep\n|turn|19\n|c|\u2606Jaspo|okay but it should say that\n|\n|t:|1699789107\n|move|p2a: Swampert|Earthquake|p1a: Typhlosion\n|-supereffective|p1a: Typhlosion\n|-damage|p1a: Typhlosion|0 fnt\n|faint|p1a: Typhlosion\n|\n|win|HolyChomper\n|raw|Jaspo's rating: 1145 &rarr; <strong>1122<\/strong><br \/>(-23 for losing)\n|raw|HolyChomper's rating: 1166 &rarr; <strong>1189<\/strong><br \/>(+23 for winning)\n|l|\u2606Jaspo\n|c|\u2606HolyChomper|it does at the top\n|c|\u2606HolyChomper|it says 5 or 8\n|c|\u2606HolyChomper|gg\n","uploadtime":1699789129,"views":4,"p1id":"jaspo","p2id":"holychomper","formatid":"gen9nationaldex","rating":1122,"private":0,"password":""}