{"id":"gen9nationaldex-1999820728","p1":"Xalvadore","p2":"had sweep","format":"[Gen 9] National Dex","log":"|html|<div class=\"broadcast-blue\"><strong>[Gen 9] National Dex is currently suspecting Sneasler! For information on how to participate check out the <a href=\"https:\/\/www.smogon.com\/forums\/threads\/sv-national-dex-suspect-8-just-dance.3731534\/\">suspect thread<\/a>.<\/strong><\/div>\n|j|\u2606Xalvadore\n|j|\u203dhad sweep\n|t:|1701119788\n|gametype|singles\n|player|p1|Xalvadore|marnie|\n|player|p2|had sweep|swimmer-gen4|\n|teamsize|p1|6\n|teamsize|p2|6\n|gen|9\n|tier|[Gen 9] National Dex\n|rule|HP Percentage Mod: HP is shown in percentages\n|rule|Endless Battle Clause: Forcing endless battles is banned\n|rule|OHKO Clause: OHKO moves are banned\n|rule|Evasion Clause: Evasion abilities, items, and moves are banned\n|rule|Evasion Abilities Clause: Evasion abilities are banned\n|rule|Evasion Items Clause: Evasion items are banned\n|rule|Evasion Moves Clause: Evasion moves are banned\n|rule|Species Clause: Limit one of each Pok\u00e9mon\n|rule|Sleep Clause Mod: Limit one foe put to sleep\n|clearpoke\n|poke|p1|Zapdos|\n|poke|p1|Starmie|\n|poke|p1|Heatran, M|\n|poke|p1|Celebi|\n|poke|p1|Togekiss, F|\n|poke|p1|Garchomp, M|\n|poke|p2|Empoleon, F|\n|poke|p2|Dragonite, M|\n|poke|p2|Tangrowth, F|\n|poke|p2|Zapdos|\n|poke|p2|Swampert, M|\n|poke|p2|Mamoswine, F|\n|teampreview\n|inactive|Battle timer is ON: inactive players will automatically lose when time's up. (requested by had sweep)\n|n|\u203dhad sweep|hadsweep\n|n|\u203dhad sweep|hadsweep\n|n|\u203dhad sweep|hadsweep\n|inactive|had sweep has 270 seconds left.\n|\n|t:|1701119821\n|start\n|switch|p1a: Celebi|Celebi|100\/100\n|switch|p2a: Swampert|Swampert, M|100\/100\n|turn|1\n|\n|t:|1701119827\n|switch|p2a: Tangrowth|Tangrowth, F|100\/100\n|move|p1a: Celebi|Perish Song|p1a: Celebi\n|-start|p1a: Celebi|perish3|[silent]\n|-start|p2a: Tangrowth|perish3|[silent]\n|-fieldactivate|move: Perish Song\n|\n|-start|p1a: Celebi|perish3\n|-start|p2a: Tangrowth|perish3\n|upkeep\n|turn|2\n|\n|t:|1701119835\n|move|p1a: Celebi|Thunder Wave|p2a: Tangrowth\n|-status|p2a: Tangrowth|par\n|cant|p2a: Tangrowth|par\n|\n|-start|p1a: Celebi|perish2\n|-start|p2a: Tangrowth|perish2\n|upkeep\n|turn|3\n|\n|t:|1701119854\n|move|p1a: Celebi|Perish Song||[still]\n|-fail|p1a: Celebi\n|move|p2a: Tangrowth|Knock Off|p1a: Celebi\n|-supereffective|p1a: Celebi\n|-crit|p1a: Celebi\n|-damage|p1a: Celebi|59\/100\n|-enditem|p1a: Celebi|Leftovers|[from] move: Knock Off|[of] p2a: Tangrowth\n|\n|-start|p1a: Celebi|perish1\n|-start|p2a: Tangrowth|perish1\n|upkeep\n|turn|4\n|\n|t:|1701119863\n|switch|p2a: Zapdos|Zapdos|100\/100\n|move|p1a: Celebi|U-turn|p2a: Zapdos\n|-resisted|p2a: Zapdos\n|-damage|p2a: Zapdos|91\/100\n|\n|t:|1701119879\n|switch|p1a: Heatran|Heatran, M|100\/100|[from] U-turn\n|\n|-heal|p2a: Zapdos|98\/100|[from] item: Leftovers\n|upkeep\n|turn|5\n|\n|t:|1701119885\n|move|p2a: Zapdos|Volt Switch|p1a: Heatran\n|-crit|p1a: Heatran\n|-damage|p1a: Heatran|64\/100\n|\n|t:|1701119889\n|switch|p2a: Swampert|Swampert, M|100\/100|[from] Volt Switch\n|move|p1a: Heatran|Stealth Rock|p2a: Swampert\n|-sidestart|p2: had sweep|move: Stealth Rock\n|\n|-heal|p1a: Heatran|70\/100|[from] item: Leftovers\n|upkeep\n|turn|6\n|\n|t:|1701119896\n|switch|p1a: Starmie|Starmie|100\/100\n|move|p2a: Swampert|Stealth Rock|p1a: Starmie\n|-sidestart|p1: Xalvadore|move: Stealth Rock\n|\n|upkeep\n|turn|7\n|\n|t:|1701119901\n|move|p1a: Starmie|Scald|p2a: Swampert\n|-damage|p2a: Swampert|80\/100\n|-status|p2a: Swampert|brn\n|move|p2a: Swampert|Earthquake|p1a: Starmie\n|-damage|p1a: Starmie|77\/100\n|\n|-heal|p1a: Starmie|83\/100|[from] item: Leftovers\n|-heal|p2a: Swampert|87\/100 brn|[from] item: Leftovers\n|-damage|p2a: Swampert|80\/100 brn|[from] brn\n|upkeep\n|turn|8\n|c|\u2606Xalvadore|Does that make you satisfied\n|\n|t:|1701119915\n|move|p1a: Starmie|Rapid Spin|p2a: Swampert\n|-damage|p2a: Swampert|73\/100 brn\n|-boost|p1a: Starmie|spe|1\n|-sideend|p1: Xalvadore|Stealth Rock|[from] move: Rapid Spin|[of] p1a: Starmie\n|move|p2a: Swampert|Flip Turn|p1a: Starmie\n|-resisted|p1a: Starmie\n|-damage|p1a: Starmie|77\/100\n|\n|t:|1701119925\n|switch|p2a: Zapdos|Zapdos|98\/100|[from] Flip Turn\n|-damage|p2a: Zapdos|73\/100|[from] Stealth Rock\n|\n|-heal|p1a: Starmie|83\/100|[from] item: Leftovers\n|-heal|p2a: Zapdos|79\/100|[from] item: Leftovers\n|upkeep\n|turn|9\n|\n|t:|1701119934\n|switch|p1a: Garchomp|Garchomp, M|100\/100\n|move|p2a: Zapdos|Discharge|p1a: Garchomp\n|-immune|p1a: Garchomp\n|\n|-heal|p2a: Zapdos|85\/100|[from] item: Leftovers\n|upkeep\n|turn|10\n|\n|t:|1701119943\n|move|p1a: Garchomp|Scale Shot|p2a: Zapdos\n|-damage|p2a: Zapdos|68\/100\n|-damage|p2a: Zapdos|53\/100\n|-damage|p2a: Zapdos|37\/100\n|-hitcount|p2a: Zapdos|3\n|-unboost|p1a: Garchomp|def|1\n|-boost|p1a: Garchomp|spe|1\n|move|p2a: Zapdos|Hurricane|p1a: Garchomp\n|-damage|p1a: Garchomp|35\/100\n|\n|-heal|p1a: Garchomp|41\/100|[from] item: Leftovers\n|-heal|p2a: Zapdos|43\/100|[from] item: Leftovers\n|upkeep\n|turn|11\n|\n|t:|1701119959\n|switch|p2a: Tangrowth|Tangrowth, F|100\/100 par\n|-damage|p2a: Tangrowth|88\/100 par|[from] Stealth Rock\n|move|p1a: Garchomp|Fire Fang|p2a: Tangrowth\n|-supereffective|p2a: Tangrowth\n|-damage|p2a: Tangrowth|63\/100 par\n|-damage|p1a: Garchomp|24\/100|[from] item: Rocky Helmet|[of] p2a: Tangrowth\n|\n|-heal|p1a: Garchomp|30\/100|[from] item: Leftovers\n|upkeep\n|turn|12\n|\n|t:|1701119981\n|move|p1a: Garchomp|Swords Dance|p1a: Garchomp\n|-boost|p1a: Garchomp|atk|2\n|cant|p2a: Tangrowth|par\n|\n|-heal|p1a: Garchomp|37\/100|[from] item: Leftovers\n|upkeep\n|turn|13\n|\n|t:|1701119987\n|move|p1a: Garchomp|Fire Fang|p2a: Tangrowth\n|-supereffective|p2a: Tangrowth\n|-damage|p2a: Tangrowth|14\/100 par\n|-damage|p1a: Garchomp|20\/100|[from] item: Rocky Helmet|[of] p2a: Tangrowth\n|cant|p2a: Tangrowth|flinch\n|\n|-heal|p1a: Garchomp|26\/100|[from] item: Leftovers\n|upkeep\n|turn|14\n|\n|t:|1701119996\n|move|p1a: Garchomp|Fire Fang|p2a: Tangrowth\n|-supereffective|p2a: Tangrowth\n|-damage|p2a: Tangrowth|0 fnt\n|-damage|p1a: Garchomp|10\/100|[from] item: Rocky Helmet|[of] p2a: Tangrowth\n|faint|p2a: Tangrowth\n|\n|-heal|p1a: Garchomp|16\/100|[from] item: Leftovers\n|upkeep\n|\n|t:|1701120000\n|switch|p2a: Mamoswine|Mamoswine, F|100\/100\n|-damage|p2a: Mamoswine|88\/100|[from] Stealth Rock\n|turn|15\n|c|\u2606Xalvadore|So it just takes a massivly boosted Dragon to deal with Tangrowth now\n|c|\u2606Xalvadore|Goodbye Chomp\n|\n|t:|1701120021\n|move|p2a: Mamoswine|Ice Shard|p1a: Garchomp\n|-supereffective|p1a: Garchomp\n|-damage|p1a: Garchomp|0 fnt\n|faint|p1a: Garchomp\n|\n|upkeep\n|\n|t:|1701120030\n|switch|p1a: Starmie|Starmie|83\/100\n|turn|16\n|\n|t:|1701120036\n|switch|p2a: Swampert|Swampert, M|73\/100 brn\n|-damage|p2a: Swampert|67\/100 brn|[from] Stealth Rock\n|move|p1a: Starmie|Scald|p2a: Swampert\n|-damage|p2a: Swampert|48\/100 brn\n|\n|-heal|p1a: Starmie|89\/100|[from] item: Leftovers\n|-heal|p2a: Swampert|54\/100 brn|[from] item: Leftovers\n|-damage|p2a: Swampert|48\/100 brn|[from] brn\n|upkeep\n|turn|17\n|\n|t:|1701120047\n|move|p2a: Swampert|Flip Turn|p1a: Starmie\n|-resisted|p1a: Starmie\n|-damage|p1a: Starmie|82\/100\n|\n|t:|1701120059\n|switch|p2a: Mamoswine|Mamoswine, F|88\/100|[from] Flip Turn\n|-damage|p2a: Mamoswine|76\/100|[from] Stealth Rock\n|move|p1a: Starmie|Teleport|p1a: Starmie\n|\n|t:|1701120074\n|switch|p1a: Togekiss|Togekiss, F|100\/100|[from] Teleport\n|\n|upkeep\n|turn|18\n|\n|t:|1701120082\n|switch|p1a: Heatran|Heatran, M|70\/100\n|move|p2a: Mamoswine|Earthquake|p1a: Heatran\n|-supereffective|p1a: Heatran\n|-damage|p1a: Heatran|0 fnt\n|faint|p1a: Heatran\n|\n|upkeep\n|c|\u2606Xalvadore|That uncanny prediction\n|\n|t:|1701120098\n|switch|p1a: Zapdos|Zapdos|100\/100\n|turn|19\n|\n|t:|1701120102\n|switch|p2a: Swampert|Swampert, M|48\/100 brn\n|-damage|p2a: Swampert|42\/100 brn|[from] Stealth Rock\n|move|p1a: Zapdos|Heat Wave|p2a: Swampert\n|-resisted|p2a: Swampert\n|-damage|p2a: Swampert|30\/100 brn\n|\n|-heal|p2a: Swampert|37\/100 brn|[from] item: Leftovers\n|-damage|p2a: Swampert|30\/100 brn|[from] brn\n|upkeep\n|turn|20\n|\n|t:|1701120115\n|move|p1a: Zapdos|Hurricane|p2a: Swampert|[miss]\n|-miss|p1a: Zapdos|p2a: Swampert\n|move|p2a: Swampert|Stealth Rock|p1a: Zapdos\n|-sidestart|p1: Xalvadore|move: Stealth Rock\n|\n|-heal|p2a: Swampert|37\/100 brn|[from] item: Leftovers\n|-damage|p2a: Swampert|30\/100 brn|[from] brn\n|upkeep\n|turn|21\n|\n|t:|1701120123\n|move|p1a: Zapdos|Hurricane|p2a: Swampert\n|-damage|p2a: Swampert|0 fnt\n|faint|p2a: Swampert\n|\n|upkeep\n|\n|t:|1701120134\n|switch|p2a: Mamoswine|Mamoswine, F|76\/100\n|-damage|p2a: Mamoswine|63\/100|[from] Stealth Rock\n|turn|22\n|\n|t:|1701120140\n|move|p2a: Mamoswine|Icicle Crash|p1a: Zapdos\n|-supereffective|p1a: Zapdos\n|-damage|p1a: Zapdos|0 fnt\n|faint|p1a: Zapdos\n|\n|upkeep\n|\n|t:|1701120149\n|switch|p1a: Starmie|Starmie|82\/100\n|-damage|p1a: Starmie|70\/100|[from] Stealth Rock\n|turn|23\n|\n|t:|1701120173\n|switch|p2a: Empoleon|Empoleon, F|100\/100\n|-damage|p2a: Empoleon|94\/100|[from] Stealth Rock\n|-item|p2a: Empoleon|Air Balloon\n|move|p1a: Starmie|Scald|p2a: Empoleon\n|-resisted|p2a: Empoleon\n|-damage|p2a: Empoleon|82\/100\n|-status|p2a: Empoleon|brn\n|-enditem|p2a: Empoleon|Air Balloon\n|\n|-heal|p1a: Starmie|76\/100|[from] item: Leftovers\n|-damage|p2a: Empoleon|76\/100 brn|[from] brn\n|upkeep\n|turn|24\n|\n|t:|1701120194\n|move|p2a: Empoleon|Defog|p1a: Starmie\n|-unboost|p1a: Starmie|evasion|1\n|-sideend|p1: Xalvadore|Stealth Rock|[from] move: Defog|[of] p2a: Empoleon\n|-sideend|p2: had sweep|Stealth Rock|[from] move: Defog|[of] p2a: Empoleon\n|move|p1a: Starmie|Teleport|p1a: Starmie\n|\n|t:|1701120198\n|switch|p1a: Celebi|Celebi|59\/100|[from] Teleport\n|\n|-damage|p2a: Empoleon|70\/100 brn|[from] brn\n|upkeep\n|turn|25\n|\n|t:|1701120205\n|move|p1a: Celebi|Perish Song|p1a: Celebi\n|-start|p1a: Celebi|perish3|[silent]\n|-start|p2a: Empoleon|perish3|[silent]\n|-fieldactivate|move: Perish Song\n|move|p2a: Empoleon|Flash Cannon|p1a: Celebi\n|-damage|p1a: Celebi|33\/100\n|\n|-damage|p2a: Empoleon|63\/100 brn|[from] brn\n|-start|p1a: Celebi|perish3\n|-start|p2a: Empoleon|perish3\n|upkeep\n|turn|26\n|\n|t:|1701120214\n|move|p1a: Celebi|U-turn|p2a: Empoleon\n|-resisted|p2a: Empoleon\n|-damage|p2a: Empoleon|59\/100 brn\n|\n|t:|1701120217\n|switch|p1a: Starmie|Starmie|76\/100|[from] U-turn\n|move|p2a: Empoleon|Roost|p2a: Empoleon\n|-heal|p2a: Empoleon|100\/100 brn\n|-singleturn|p2a: Empoleon|move: Roost\n|\n|-heal|p1a: Starmie|82\/100|[from] item: Leftovers\n|-damage|p2a: Empoleon|94\/100 brn|[from] brn\n|-start|p2a: Empoleon|perish2\n|upkeep\n|turn|27\n|\n|t:|1701120227\n|move|p1a: Starmie|Scald|p2a: Empoleon\n|-resisted|p2a: Empoleon\n|-damage|p2a: Empoleon|82\/100 brn\n|move|p2a: Empoleon|Flash Cannon|p1a: Starmie\n|-resisted|p1a: Starmie\n|-damage|p1a: Starmie|63\/100\n|\n|-heal|p1a: Starmie|69\/100|[from] item: Leftovers\n|-damage|p2a: Empoleon|75\/100 brn|[from] brn\n|-start|p2a: Empoleon|perish1\n|upkeep\n|turn|28\n|\n|t:|1701120237\n|move|p1a: Starmie|Recover|p1a: Starmie\n|-heal|p1a: Starmie|100\/100\n|move|p2a: Empoleon|Flip Turn|p1a: Starmie\n|-resisted|p1a: Starmie\n|-damage|p1a: Starmie|96\/100\n|\n|t:|1701120239\n|switch|p2a: Zapdos|Zapdos|43\/100|[from] Flip Turn\n|\n|-heal|p1a: Starmie|100\/100|[from] item: Leftovers\n|-heal|p2a: Zapdos|49\/100|[from] item: Leftovers\n|upkeep\n|turn|29\n|\n|t:|1701120248\n|move|p2a: Zapdos|Roost|p2a: Zapdos\n|-heal|p2a: Zapdos|99\/100\n|-singleturn|p2a: Zapdos|move: Roost\n|move|p1a: Starmie|Teleport|p1a: Starmie\n|c|\u2606Xalvadore|You feel like a bot at times\n|\n|t:|1701120265\n|switch|p1a: Togekiss|Togekiss, F|100\/100|[from] Teleport\n|\n|-heal|p2a: Zapdos|100\/100|[from] item: Leftovers\n|upkeep\n|turn|30\n|\n|t:|1701120271\n|move|p1a: Togekiss|Air Slash|p2a: Zapdos\n|-resisted|p2a: Zapdos\n|-damage|p2a: Zapdos|79\/100\n|cant|p2a: Zapdos|flinch\n|\n|-heal|p2a: Zapdos|85\/100|[from] item: Leftovers\n|upkeep\n|turn|31\n|\n|t:|1701120277\n|move|p1a: Togekiss|Air Slash|p2a: Zapdos\n|-resisted|p2a: Zapdos\n|-damage|p2a: Zapdos|66\/100\n|move|p2a: Zapdos|Discharge|p1a: Togekiss\n|-supereffective|p1a: Togekiss\n|-damage|p1a: Togekiss|16\/100\n|-status|p1a: Togekiss|par\n|\n|-heal|p2a: Zapdos|72\/100|[from] item: Leftovers\n|upkeep\n|turn|32\n|\n|t:|1701120285\n|move|p2a: Zapdos|Discharge|p1a: Togekiss\n|-supereffective|p1a: Togekiss\n|-damage|p1a: Togekiss|0 fnt\n|faint|p1a: Togekiss\n|\n|-heal|p2a: Zapdos|78\/100|[from] item: Leftovers\n|upkeep\n|-message|Xalvadore forfeited.\n|\n|win|had sweep\n|c|\u2606Xalvadore|gg\n","uploadtime":1701120301,"views":2,"p1id":"xalvadore","p2id":"hadsweep","formatid":"gen9nationaldex","rating":0,"private":0,"password":""}