{"id":"gen9nationaldex-1996676211","p1":"TheZooKid","p2":"theduck898","format":"[Gen 9] National Dex","log":"|html|<div class=\"broadcast-blue\"><strong>[Gen 9] National Dex is currently suspecting Sneasler! For information on how to participate check out the <a href=\"https:\/\/www.smogon.com\/forums\/threads\/sv-national-dex-suspect-8-just-dance.3731534\/\">suspect thread<\/a>.<\/strong><\/div>\n|j|\u2606TheZooKid\n|j|\u2606theduck898\n|t:|1700708365\n|gametype|singles\n|player|p1|TheZooKid|dragontamer|\n|player|p2|theduck898|caitlin|\n|teamsize|p1|6\n|teamsize|p2|6\n|gen|9\n|tier|[Gen 9] National Dex\n|rule|HP Percentage Mod: HP is shown in percentages\n|rule|Endless Battle Clause: Forcing endless battles is banned\n|rule|OHKO Clause: OHKO moves are banned\n|rule|Evasion Clause: Evasion abilities, items, and moves are banned\n|rule|Evasion Abilities Clause: Evasion abilities are banned\n|rule|Evasion Items Clause: Evasion items are banned\n|rule|Evasion Moves Clause: Evasion moves are banned\n|rule|Species Clause: Limit one of each Pok\u00e9mon\n|rule|Sleep Clause Mod: Limit one foe put to sleep\n|clearpoke\n|poke|p1|Mamoswine, M|\n|poke|p1|Ninetales-Alola, F|\n|poke|p1|Kyurem|\n|poke|p1|Arctozolt|\n|poke|p1|Cloyster, F|\n|poke|p1|Rotom-Frost|\n|poke|p2|Infernape, F|\n|poke|p2|Umbreon, M|\n|poke|p2|Iron Moth|\n|poke|p2|Rotom-Wash|\n|poke|p2|Rillaboom, M|\n|poke|p2|Salamence, F|\n|teampreview\n|c|\u2606TheZooKid|glhf\n|\n|t:|1700708390\n|start\n|switch|p1a: Ninetales|Ninetales-Alola, F|100\/100\n|switch|p2a: Iron Moth|Iron Moth|100\/100\n|-weather|Snow|[from] ability: Snow Warning|[of] p1a: Ninetales\n|-enditem|p2a: Iron Moth|Booster Energy\n|-activate|p2a: Iron Moth|ability: Quark Drive|[fromitem]\n|-start|p2a: Iron Moth|quarkdrivespa\n|turn|1\n|\n|t:|1700708412\n|move|p2a: Iron Moth|Fiery Dance|p1a: Ninetales\n|-supereffective|p1a: Ninetales\n|-damage|p1a: Ninetales|0 fnt\n|-boost|p2a: Iron Moth|spa|1\n|faint|p1a: Ninetales\n|\n|-weather|Snow|[upkeep]\n|upkeep\n|\n|t:|1700708434\n|switch|p1a: Arctozolt|Arctozolt|100\/100\n|turn|2\n|\n|t:|1700708439\n|move|p1a: Arctozolt|Bolt Beak|p2a: Iron Moth\n|-damage|p2a: Iron Moth|0 fnt\n|faint|p2a: Iron Moth\n|-end|p2a: Iron Moth|Quark Drive|[silent]\n|\n|-weather|Snow|[upkeep]\n|upkeep\n|\n|t:|1700708448\n|switch|p2a: Umbreon|Umbreon, M|100\/100\n|turn|3\n|\n|t:|1700708465\n|switch|p1a: Cloyster|Cloyster, F|100\/100\n|move|p2a: Umbreon|Toxic|p1a: Cloyster\n|-status|p1a: Cloyster|tox\n|\n|-weather|Snow|[upkeep]\n|-damage|p1a: Cloyster|94\/100 tox|[from] psn\n|upkeep\n|turn|4\n|\n|t:|1700708470\n|move|p1a: Cloyster|Shell Smash|p1a: Cloyster\n|-unboost|p1a: Cloyster|def|1\n|-unboost|p1a: Cloyster|spd|1\n|-boost|p1a: Cloyster|atk|2\n|-boost|p1a: Cloyster|spa|2\n|-boost|p1a: Cloyster|spe|2\n|-enditem|p1a: Cloyster|White Herb\n|-clearnegativeboost|p1a: Cloyster|[silent]\n|move|p2a: Umbreon|Foul Play|p1a: Cloyster\n|-damage|p1a: Cloyster|48\/100 tox\n|\n|-weather|Snow|[upkeep]\n|-damage|p1a: Cloyster|35\/100 tox|[from] psn\n|upkeep\n|turn|5\n|\n|t:|1700708482\n|move|p2a: Umbreon|Protect|p2a: Umbreon\n|-singleturn|p2a: Umbreon|Protect\n|move|p1a: Cloyster|Icicle Spear|p2a: Umbreon\n|-activate|p2a: Umbreon|move: Protect\n|\n|-weather|none\n|-damage|p1a: Cloyster|17\/100 tox|[from] psn\n|upkeep\n|turn|6\n|\n|t:|1700708492\n|switch|p2a: Salamence|Salamence, F|100\/100\n|move|p1a: Cloyster|Icicle Spear|p2a: Salamence\n|-supereffective|p2a: Salamence\n|-damage|p2a: Salamence|0 fnt\n|faint|p2a: Salamence\n|-hitcount|p2: Salamence|1\n|\n|-damage|p1a: Cloyster|0 fnt|[from] psn\n|faint|p1a: Cloyster\n|upkeep\n|\n|t:|1700708504\n|switch|p2a: Infernape|Infernape, F|100\/100\n|switch|p1a: Arctozolt|Arctozolt|100\/100\n|turn|7\n|\n|t:|1700708514\n|move|p2a: Infernape|Flare Blitz|p1a: Arctozolt\n|-supereffective|p1a: Arctozolt\n|-damage|p1a: Arctozolt|0 fnt\n|faint|p1a: Arctozolt\n|-damage|p2a: Infernape|62\/100|[from] Recoil\n|\n|upkeep\n|\n|t:|1700708521\n|switch|p1a: Mamoswine|Mamoswine, M|100\/100\n|turn|8\n|\n|t:|1700708526\n|-terastallize|p1a: Mamoswine|Fairy\n|move|p1a: Mamoswine|Earthquake|p2a: Infernape\n|-supereffective|p2a: Infernape\n|-damage|p2a: Infernape|0 fnt\n|faint|p2a: Infernape\n|\n|upkeep\n|\n|t:|1700708533\n|switch|p2a: Umbreon|Umbreon, M|100\/100\n|turn|9\n|\n|t:|1700708542\n|switch|p1a: Kyurem|Kyurem|100\/100\n|-ability|p1a: Kyurem|Pressure\n|move|p2a: Umbreon|Toxic|p1a: Kyurem\n|-status|p1a: Kyurem|tox\n|\n|-damage|p1a: Kyurem|94\/100 tox|[from] psn\n|upkeep\n|turn|10\n|\n|t:|1700708548\n|move|p2a: Umbreon|Protect|p2a: Umbreon\n|-singleturn|p2a: Umbreon|Protect\n|move|p1a: Kyurem|Dragon Dance|p1a: Kyurem\n|-boost|p1a: Kyurem|atk|1\n|-boost|p1a: Kyurem|spe|1\n|\n|-damage|p1a: Kyurem|82\/100 tox|[from] psn\n|upkeep\n|turn|11\n|\n|t:|1700708556\n|move|p1a: Kyurem|Dragon Dance|p1a: Kyurem\n|-boost|p1a: Kyurem|atk|1\n|-boost|p1a: Kyurem|spe|1\n|move|p2a: Umbreon|Foul Play|p1a: Kyurem\n|-damage|p1a: Kyurem|0 fnt\n|faint|p1a: Kyurem\n|\n|upkeep\n|\n|t:|1700708564\n|switch|p1a: Rotom|Rotom-Frost|100\/100\n|turn|12\n|\n|t:|1700708569\n|move|p1a: Rotom|Will-O-Wisp|p2a: Umbreon\n|-status|p2a: Umbreon|brn\n|-activate|p2a: Umbreon|ability: Synchronize\n|-status|p1a: Rotom|brn\n|move|p2a: Umbreon|Toxic||[still]\n|-fail|p2a: Umbreon\n|\n|-damage|p1a: Rotom|94\/100 brn|[from] brn\n|-damage|p2a: Umbreon|94\/100 brn|[from] brn\n|upkeep\n|turn|13\n|\n|t:|1700708576\n|move|p1a: Rotom|Blizzard|p2a: Umbreon|[miss]\n|-miss|p1a: Rotom|p2a: Umbreon\n|move|p2a: Umbreon|Foul Play|p1a: Rotom\n|-damage|p1a: Rotom|83\/100 brn\n|\n|-heal|p2a: Umbreon|100\/100 brn|[from] item: Leftovers\n|-damage|p1a: Rotom|77\/100 brn|[from] brn\n|-damage|p2a: Umbreon|94\/100 brn|[from] brn\n|upkeep\n|turn|14\n|\n|t:|1700708582\n|move|p1a: Rotom|Blizzard|p2a: Umbreon\n|-damage|p2a: Umbreon|67\/100 brn\n|move|p2a: Umbreon|Foul Play|p1a: Rotom\n|-damage|p1a: Rotom|67\/100 brn\n|\n|-heal|p2a: Umbreon|73\/100 brn|[from] item: Leftovers\n|-damage|p1a: Rotom|61\/100 brn|[from] brn\n|-damage|p2a: Umbreon|67\/100 brn|[from] brn\n|upkeep\n|turn|15\n|\n|t:|1700708590\n|move|p1a: Rotom|Blizzard|p2a: Umbreon\n|-damage|p2a: Umbreon|40\/100 brn\n|move|p2a: Umbreon|Moonlight|p2a: Umbreon\n|-heal|p2a: Umbreon|90\/100 brn\n|\n|-heal|p2a: Umbreon|96\/100 brn|[from] item: Leftovers\n|-damage|p1a: Rotom|54\/100 brn|[from] brn\n|-damage|p2a: Umbreon|90\/100 brn|[from] brn\n|upkeep\n|turn|16\n|\n|t:|1700708596\n|switch|p2a: Rotom|Rotom-Wash|100\/100\n|move|p1a: Rotom|Blizzard|p2a: Rotom|[miss]\n|-miss|p1a: Rotom|p2a: Rotom\n|\n|-damage|p1a: Rotom|48\/100 brn|[from] brn\n|upkeep\n|turn|17\n|\n|t:|1700708602\n|move|p1a: Rotom|Blizzard|p2a: Rotom\n|-resisted|p2a: Rotom\n|-crit|p2a: Rotom\n|-damage|p2a: Rotom|71\/100\n|move|p2a: Rotom|Hydro Pump|p1a: Rotom\n|-damage|p1a: Rotom|0 fnt\n|faint|p1a: Rotom\n|\n|upkeep\n|\n|t:|1700708607\n|switch|p1a: Mamoswine|Mamoswine, M, tera:Fairy|100\/100\n|turn|18\n|\n|t:|1700708613\n|move|p1a: Mamoswine|Knock Off|p2a: Rotom\n|-damage|p2a: Rotom|33\/100\n|-enditem|p2a: Rotom|Wise Glasses|[from] move: Knock Off|[of] p1a: Mamoswine\n|move|p2a: Rotom|Will-O-Wisp|p1a: Mamoswine\n|-status|p1a: Mamoswine|brn\n|\n|-damage|p1a: Mamoswine|94\/100 brn|[from] brn\n|upkeep\n|turn|19\n|\n|t:|1700708618\n|move|p1a: Mamoswine|Knock Off|p2a: Rotom\n|-damage|p2a: Rotom|21\/100\n|move|p2a: Rotom|Volt Switch|p1a: Mamoswine\n|-damage|p1a: Mamoswine|60\/100 brn\n|\n|t:|1700708621\n|switch|p2a: Rillaboom|Rillaboom, M|100\/100|[from] Volt Switch\n|-fieldstart|move: Grassy Terrain|[from] ability: Grassy Surge|[of] p2a: Rillaboom\n|\n|-heal|p1a: Mamoswine|66\/100 brn|[from] Grassy Terrain\n|-damage|p1a: Mamoswine|60\/100 brn|[from] brn\n|upkeep\n|turn|20\n|\n|t:|1700708631\n|move|p2a: Rillaboom|Fake Out|p1a: Mamoswine\n|-damage|p1a: Mamoswine|45\/100 brn\n|cant|p1a: Mamoswine|flinch\n|\n|-heal|p1a: Mamoswine|51\/100 brn|[from] Grassy Terrain\n|-damage|p1a: Mamoswine|45\/100 brn|[from] brn\n|upkeep\n|turn|21\n|\n|t:|1700708636\n|move|p2a: Rillaboom|Grassy Glide|p1a: Mamoswine\n|-damage|p1a: Mamoswine|4\/100 brn\n|move|p1a: Mamoswine|Knock Off|p2a: Rillaboom\n|-damage|p2a: Rillaboom|81\/100\n|-enditem|p2a: Rillaboom|Expert Belt|[from] move: Knock Off|[of] p1a: Mamoswine\n|\n|-heal|p1a: Mamoswine|10\/100 brn|[from] Grassy Terrain\n|-heal|p2a: Rillaboom|88\/100|[from] Grassy Terrain\n|-damage|p1a: Mamoswine|4\/100 brn|[from] brn\n|upkeep\n|turn|22\n|\n|t:|1700708642\n|move|p2a: Rillaboom|Grassy Glide|p1a: Mamoswine\n|-damage|p1a: Mamoswine|0 fnt\n|faint|p1a: Mamoswine\n|\n|win|theduck898\n|c|\u2606TheZooKid|gg\n|c|\u2606theduck898|gg\n","uploadtime":1700708689,"views":7,"p1id":"thezookid","p2id":"theduck898","formatid":"gen9nationaldex","rating":0,"private":0,"password":""}