{"id":"gen9nationaldex-1998723764","p1":"Jack the Ripper21","p2":"eris52","format":"[Gen 9] National Dex","log":"|html|<div class=\"broadcast-blue\"><strong>[Gen 9] National Dex is currently suspecting Sneasler! For information on how to participate check out the <a href=\"https:\/\/www.smogon.com\/forums\/threads\/sv-national-dex-suspect-8-just-dance.3731534\/\">suspect thread<\/a>.<\/strong><\/div>\n|j|\u2606Jack the Ripper21\n|j|\u2606eris52\n|t:|1700978165\n|gametype|singles\n|player|p1|Jack the Ripper21|gentleman-gen4dp|\n|player|p2|eris52|102|\n|teamsize|p1|6\n|teamsize|p2|6\n|gen|9\n|tier|[Gen 9] National Dex\n|rule|HP Percentage Mod: HP is shown in percentages\n|rule|Endless Battle Clause: Forcing endless battles is banned\n|rule|OHKO Clause: OHKO moves are banned\n|rule|Evasion Clause: Evasion abilities, items, and moves are banned\n|rule|Evasion Abilities Clause: Evasion abilities are banned\n|rule|Evasion Items Clause: Evasion items are banned\n|rule|Evasion Moves Clause: Evasion moves are banned\n|rule|Species Clause: Limit one of each Pok\u00e9mon\n|rule|Sleep Clause Mod: Limit one foe put to sleep\n|clearpoke\n|poke|p1|Sneasler, F|\n|poke|p1|Glimmora, M|\n|poke|p1|Clodsire, M|\n|poke|p1|Iron Moth|\n|poke|p1|Venusaur, M|\n|poke|p1|Nihilego|\n|poke|p2|Scovillain, M|\n|poke|p2|Torkoal, M|\n|poke|p2|Great Tusk|\n|poke|p2|Houndoom, M|\n|poke|p2|Tapu Lele|\n|poke|p2|Rotom-Wash|\n|teampreview\n|c|\u2606eris52|Glhf\n|\n|t:|1700978178\n|start\n|switch|p1a: Clod|Clodsire, M|100\/100\n|switch|p2a: Rotom|Rotom-Wash|100\/100\n|turn|1\n|c|\u2606Jack the Ripper21|you to\n|\n|t:|1700978189\n|move|p2a: Rotom|Hydro Pump|p1a: Clod\n|-supereffective|p1a: Clod\n|-damage|p1a: Clod|58\/100\n|move|p1a: Clod|Curse|p1a: Clod\n|-unboost|p1a: Clod|spe|1\n|-boost|p1a: Clod|atk|1\n|-boost|p1a: Clod|def|1\n|\n|-heal|p1a: Clod|64\/100|[from] item: Leftovers\n|upkeep\n|turn|2\n|\n|t:|1700978207\n|-terastallize|p1a: Clod|Water\n|move|p2a: Rotom|Hydro Pump|p1a: Clod\n|-resisted|p1a: Clod\n|-damage|p1a: Clod|54\/100\n|move|p1a: Clod|Curse|p1a: Clod\n|-unboost|p1a: Clod|spe|1\n|-boost|p1a: Clod|atk|1\n|-boost|p1a: Clod|def|1\n|\n|-heal|p1a: Clod|60\/100|[from] item: Leftovers\n|upkeep\n|turn|3\n|j| bugmonobestmono\n|c|\u2606eris52|Hi\n|c|\u2606eris52|Are you\n|c| bugmonobestmono|yo\n|c|\u2606eris52|Clubraptor\n|\n|t:|1700978220\n|move|p2a: Rotom|Volt Switch|p1a: Clod\n|-supereffective|p1a: Clod\n|-damage|p1a: Clod|32\/100\n|\n|t:|1700978227\n|switch|p2a: Torkoal|Torkoal, M|100\/100|[from] Volt Switch\n|-weather|SunnyDay|[from] ability: Drought|[of] p2a: Torkoal\n|move|p1a: Clod|Recover|p1a: Clod\n|-heal|p1a: Clod|82\/100\n|\n|-weather|SunnyDay|[upkeep]\n|-heal|p1a: Clod|88\/100|[from] item: Leftovers\n|upkeep\n|turn|4\n|c|\u2606Jack the Ripper21|clodsire\n|c| bugmonobestmono|you already asked that\n|\n|t:|1700978236\n|move|p2a: Torkoal|Yawn|p1a: Clod\n|-start|p1a: Clod|move: Yawn|[of] p2a: Torkoal\n|move|p1a: Clod|Curse|p1a: Clod\n|-unboost|p1a: Clod|spe|1\n|-boost|p1a: Clod|atk|1\n|-boost|p1a: Clod|def|1\n|\n|-weather|SunnyDay|[upkeep]\n|-heal|p1a: Clod|94\/100|[from] item: Leftovers\n|upkeep\n|turn|5\n|c|\u2606eris52|Sorry i have Alzheimer\n|\n|t:|1700978245\n|switch|p2a: Rotom|Rotom-Wash|100\/100\n|move|p1a: Clod|Curse|p1a: Clod\n|-unboost|p1a: Clod|spe|1\n|-boost|p1a: Clod|atk|1\n|-boost|p1a: Clod|def|1\n|\n|-weather|SunnyDay|[upkeep]\n|-heal|p1a: Clod|100\/100|[from] item: Leftovers\n|-end|p1a: Clod|move: Yawn|[silent]\n|-status|p1a: Clod|slp\n|upkeep\n|turn|6\n|c| bugmonobestmono|how old are you?\n|c|\u2606eris52|23\n|c|\u2606Jack the Ripper21|damn\n|\n|t:|1700978262\n|move|p2a: Rotom|Volt Switch|p1a: Clod\n|-supereffective|p1a: Clod\n|-damage|p1a: Clod|75\/100 slp\n|\n|t:|1700978265\n|switch|p2a: Scovillain|Scovillain, M|100\/100|[from] Volt Switch\n|cant|p1a: Clod|slp\n|\n|-weather|SunnyDay|[upkeep]\n|-heal|p1a: Clod|81\/100 slp|[from] item: Leftovers\n|upkeep\n|turn|7\n|\n|t:|1700978274\n|move|p2a: Scovillain|Growth|p2a: Scovillain\n|-boost|p2a: Scovillain|atk|2\n|-boost|p2a: Scovillain|spa|2\n|cant|p1a: Clod|slp\n|\n|-weather|SunnyDay|[upkeep]\n|-heal|p1a: Clod|87\/100 slp|[from] item: Leftovers\n|upkeep\n|turn|8\n|c| bugmonobestmono|23 with alzheimers?\n|\n|t:|1700978282\n|move|p2a: Scovillain|Giga Drain|p1a: Clod\n|-supereffective|p1a: Clod\n|-damage|p1a: Clod|37\/100 slp\n|-damage|p2a: Scovillain|91\/100|[from] item: Life Orb\n|cant|p1a: Clod|slp\n|\n|-weather|SunnyDay|[upkeep]\n|-heal|p1a: Clod|43\/100 slp|[from] item: Leftovers\n|upkeep\n|turn|9\n|c|\u2606eris52|I was joking\n|c|\u2606Jack the Ripper21|bruh really clodsire\n|c| bugmonobestmono|ah\n|c|\u2606Jack the Ripper21|why sleep for 3 turns\n|\n|t:|1700978300\n|move|p2a: Scovillain|Giga Drain|p1a: Clod\n|-supereffective|p1a: Clod\n|-damage|p1a: Clod|0 fnt\n|-heal|p2a: Scovillain|100\/100|[from] drain|[of] p1a: Clod\n|faint|p1a: Clod\n|-damage|p2a: Scovillain|91\/100|[from] item: Life Orb\n|\n|-weather|SunnyDay|[upkeep]\n|upkeep\n|c|\u2606eris52|Im sorry jack\n|\n|t:|1700978309\n|switch|p1a: Ripper|Sneasler, F|100\/100\n|turn|10\n|c|\u2606Jack the Ripper21|its fine\n|\n|t:|1700978318\n|move|p1a: Ripper|Fake Out|p2a: Scovillain\n|-enditem|p1a: Ripper|Normal Gem|[from] gem\n|-damage|p2a: Scovillain|50\/100\n|cant|p2a: Scovillain|flinch\n|\n|-weather|none\n|upkeep\n|turn|11\n|\n|t:|1700978327\n|switch|p2a: Torkoal|Torkoal, M|100\/100\n|-weather|SunnyDay|[from] ability: Drought|[of] p2a: Torkoal\n|move|p1a: Ripper|Dire Claw|p2a: Torkoal\n|-damage|p2a: Torkoal|75\/100\n|-status|p2a: Torkoal|par\n|\n|-weather|SunnyDay|[upkeep]\n|upkeep\n|turn|12\n|\n|t:|1700978337\n|move|p1a: Ripper|Dire Claw|p2a: Torkoal\n|-damage|p2a: Torkoal|51\/100 par\n|cant|p2a: Torkoal|par\n|\n|-weather|SunnyDay|[upkeep]\n|upkeep\n|turn|13\n|c|\u2606eris52|Dire claw is that one move\n|\n|t:|1700978346\n|switch|p1a: YOHOHOHOHO|Nihilego|100\/100\n|move|p2a: Torkoal|Stealth Rock|p1a: YOHOHOHOHO\n|-sidestart|p1: Jack the Ripper21|move: Stealth Rock\n|\n|-weather|SunnyDay|[upkeep]\n|upkeep\n|turn|14\n|\n|t:|1700978360\n|move|p1a: YOHOHOHOHO|Meteor Beam||[still]\n|-prepare|p1a: YOHOHOHOHO|Meteor Beam\n|-boost|p1a: YOHOHOHOHO|spa|1\n|-enditem|p1a: YOHOHOHOHO|Power Herb\n|-anim|p1a: YOHOHOHOHO|Meteor Beam|p2a: Torkoal\n|-supereffective|p2a: Torkoal\n|-damage|p2a: Torkoal|0 fnt\n|faint|p2a: Torkoal\n|-ability|p1a: YOHOHOHOHO|Beast Boost|boost\n|-boost|p1a: YOHOHOHOHO|spa|1\n|\n|-weather|SunnyDay|[upkeep]\n|upkeep\n|\n|t:|1700978362\n|switch|p2a: Scovillain|Scovillain, M|50\/100\n|turn|15\n|\n|t:|1700978375\n|move|p2a: Scovillain|Stomping Tantrum|p1a: YOHOHOHOHO\n|-supereffective|p1a: YOHOHOHOHO\n|-damage|p1a: YOHOHOHOHO|0 fnt\n|faint|p1a: YOHOHOHOHO\n|-damage|p2a: Scovillain|40\/100|[from] item: Life Orb\n|\n|-weather|SunnyDay|[upkeep]\n|upkeep\n|c|\u2606eris52|Brook's laugh\n|c| bugmonobestmono|ooooooooooooooh\n|c|\u2606Jack the Ripper21|i forgot to change it tbh\n|c|\u2606eris52|Right??\n|c|\u2606Jack the Ripper21|yeah\n|\n|t:|1700978392\n|switch|p1a: Ripper|Sneasler, F|100\/100\n|-damage|p1a: Ripper|95\/100|[from] Stealth Rock\n|turn|16\n|\n|t:|1700978398\n|move|p1a: Ripper|Fake Out|p2a: Scovillain\n|-damage|p2a: Scovillain|8\/100\n|cant|p2a: Scovillain|flinch\n|\n|-weather|SunnyDay|[upkeep]\n|upkeep\n|turn|17\n|\n|t:|1700978406\n|switch|p1a: Mutated ball sack|Glimmora, M|100\/100\n|-damage|p1a: Mutated ball sack|88\/100|[from] Stealth Rock\n|-item|p1a: Mutated ball sack|Air Balloon\n|move|p2a: Scovillain|Fire Blast|p1a: Mutated ball sack\n|-resisted|p1a: Mutated ball sack\n|-damage|p1a: Mutated ball sack|23\/100\n|-enditem|p1a: Mutated ball sack|Air Balloon\n|-damage|p2a: Scovillain|0 fnt|[from] item: Life Orb\n|faint|p2a: Scovillain\n|\n|-weather|SunnyDay|[upkeep]\n|upkeep\n|c|\u2606eris52|Brook is a good magician\n|c|\u2606Jack the Ripper21|man i played bad\n|c|\u2606Jack the Ripper21|tbh\n|c|\u2606eris52|Its just that hes perv\n|\n|t:|1700978426\n|switch|p2a: Tapu Lele|Tapu Lele|100\/100\n|-fieldstart|move: Psychic Terrain|[from] ability: Psychic Surge|[of] p2a: Tapu Lele\n|turn|18\n|c|\u2606Jack the Ripper21|im to tired to play good ;-;\n|\n|t:|1700978432\n|move|p2a: Tapu Lele|Psyshock|p1a: Mutated ball sack\n|-supereffective|p1a: Mutated ball sack\n|-damage|p1a: Mutated ball sack|0 fnt\n|faint|p1a: Mutated ball sack\n|\n|-weather|none\n|upkeep\n|\n|t:|1700978439\n|switch|p1a: Ripper|Sneasler, F|95\/100\n|-damage|p1a: Ripper|89\/100|[from] Stealth Rock\n|turn|19\n|c|\u2606Jack the Ripper21|let me geuss its scarfed ?\n|\n|t:|1700978448\n|move|p1a: Ripper|Fake Out|p2a: Tapu Lele\n|-activate|p2a: Tapu Lele|move: Psychic Terrain\n|move|p2a: Tapu Lele|Psyshock|p1a: Ripper\n|-supereffective|p1a: Ripper\n|-damage|p1a: Ripper|0 fnt\n|faint|p1a: Ripper\n|\n|upkeep\n|c|\u2606eris52|Yeah\n|c| bugmonobestmono|why did you fake out?\n|\n|t:|1700978458\n|switch|p1a: Its a Moth|Iron Moth|100\/100\n|-damage|p1a: Its a Moth|76\/100|[from] Stealth Rock\n|-enditem|p1a: Its a Moth|Booster Energy\n|-activate|p1a: Its a Moth|ability: Quark Drive|[fromitem]\n|-start|p1a: Its a Moth|quarkdrivespa\n|turn|20\n|c|\u2606Jack the Ripper21|because i was going to die anyway\n|c|\u2606Jack the Ripper21|its scarfed\n|c| bugmonobestmono|bro\n|c|\u2606Jack the Ripper21|kinda obivous\n|\n|t:|1700978473\n|move|p2a: Tapu Lele|Psyshock|p1a: Its a Moth\n|-supereffective|p1a: Its a Moth\n|-damage|p1a: Its a Moth|0 fnt\n|faint|p1a: Its a Moth\n|-end|p1a: Its a Moth|Quark Drive|[silent]\n|\n|upkeep\n|c|\u2606eris52|gg wp\n|c| bugmonobestmono|venasaur survives a hit\n|c|\u2606Jack the Ripper21|i really don't care\n|c|\u2606eris52|Depends\n|c|\u2606eris52|On the ev spread\n|c|\u2606Jack the Ripper21|im just losing cause i got shit to do\n|\n|t:|1700978497\n|switch|p1a: Frogs|Venusaur, M|100\/100\n|-damage|p1a: Frogs|88\/100|[from] Stealth Rock\n|turn|21\n|\n|t:|1700978504\n|detailschange|p1a: Frogs|Venusaur-Mega, M\n|-mega|p1a: Frogs|Venusaur|Venusaurite\n|move|p2a: Tapu Lele|Psyshock|p1a: Frogs\n|-supereffective|p1a: Frogs\n|-damage|p1a: Frogs|25\/100\n|move|p1a: Frogs|Sludge Bomb|p2a: Tapu Lele\n|-supereffective|p2a: Tapu Lele\n|-damage|p2a: Tapu Lele|26\/100\n|-status|p2a: Tapu Lele|psn\n|\n|-damage|p2a: Tapu Lele|13\/100 psn|[from] psn\n|upkeep\n|turn|22\n|\n|t:|1700978515\n|move|p2a: Tapu Lele|Psyshock|p1a: Frogs\n|-supereffective|p1a: Frogs\n|-damage|p1a: Frogs|0 fnt\n|faint|p1a: Frogs\n|\n|win|eris52\n|c|\u2606eris52|gg\n|c|\u2606Jack the Ripper21|nah don't even say gg i lost on purpose\n","uploadtime":1700978523,"views":4,"p1id":"jacktheripper21","p2id":"eris52","formatid":"gen9nationaldex","rating":0,"private":0,"password":""}