{"id":"gen9nationaldex-1993805027","p1":"lateleepod","p2":"qyrandom","format":"[Gen 9] National Dex","log":"|j|\u2606lateleepod\n|j|\u203dqyrandom\n|t:|1700359399\n|gametype|singles\n|player|p1|lateleepod|101|1257\n|player|p2|qyrandom|lucas|1322\n|teamsize|p1|6\n|teamsize|p2|6\n|gen|9\n|tier|[Gen 9] National Dex\n|rated|\n|rule|HP Percentage Mod: HP is shown in percentages\n|rule|Endless Battle Clause: Forcing endless battles is banned\n|rule|OHKO Clause: OHKO moves are banned\n|rule|Evasion Clause: Evasion abilities, items, and moves are banned\n|rule|Evasion Abilities Clause: Evasion abilities are banned\n|rule|Evasion Items Clause: Evasion items are banned\n|rule|Evasion Moves Clause: Evasion moves are banned\n|rule|Species Clause: Limit one of each Pok\u00e9mon\n|rule|Sleep Clause Mod: Limit one foe put to sleep\n|clearpoke\n|poke|p1|Jirachi|\n|poke|p1|Gliscor, F|\n|poke|p1|Heatran, M|\n|poke|p1|Manectric, F|\n|poke|p1|Primarina, F|\n|poke|p1|Haxorus, F|\n|poke|p2|Sneasler, F|\n|poke|p2|Tapu Lele|\n|poke|p2|Zapdos|\n|poke|p2|Charizard, F|\n|poke|p2|Ferrothorn, M|\n|poke|p2|Landorus-Therian, M|\n|teampreview\n|inactive|Battle timer is ON: inactive players will automatically lose when time's up. (requested by lateleepod)\n|inactive|qyrandom also wants the timer to be on.\n|\n|t:|1700359422\n|start\n|switch|p1a: Heatran|Heatran, M|100\/100\n|switch|p2a: Ferrothorn|Ferrothorn, M|100\/100\n|turn|1\n|\n|t:|1700359429\n|switch|p2a: Landorus|Landorus-Therian, M|100\/100\n|-ability|p2a: Landorus|Intimidate|boost\n|-unboost|p1a: Heatran|atk|1\n|move|p1a: Heatran|Eruption|p2a: Landorus\n|-damage|p2a: Landorus|18\/100\n|\n|upkeep\n|turn|2\n|\n|t:|1700359435\n|move|p1a: Heatran|Eruption|p2a: Landorus\n|-damage|p2a: Landorus|0 fnt\n|faint|p2a: Landorus\n|\n|upkeep\n|\n|t:|1700359444\n|switch|p2a: Tapu Lele|Tapu Lele|100\/100\n|-fieldstart|move: Psychic Terrain|[from] ability: Psychic Surge|[of] p2a: Tapu Lele\n|turn|3\n|\n|t:|1700359453\n|switch|p1a: Primarina|Primarina, F|100\/100\n|move|p2a: Tapu Lele|Focus Blast|p1a: Primarina\n|-resisted|p1a: Primarina\n|-damage|p1a: Primarina|85\/100\n|\n|-heal|p1a: Primarina|91\/100|[from] item: Leftovers\n|upkeep\n|turn|4\n|\n|t:|1700359461\n|switch|p2a: Zapdos|Zapdos|100\/100\n|move|p1a: Primarina|Calm Mind|p1a: Primarina\n|-boost|p1a: Primarina|spa|1\n|-boost|p1a: Primarina|spd|1\n|\n|-heal|p1a: Primarina|97\/100|[from] item: Leftovers\n|upkeep\n|turn|5\n|\n|t:|1700359466\n|move|p2a: Zapdos|Thunderbolt|p1a: Primarina\n|-supereffective|p1a: Primarina\n|-damage|p1a: Primarina|49\/100\n|move|p1a: Primarina|Aqua Ring|p1a: Primarina\n|-start|p1a: Primarina|Aqua Ring\n|\n|-heal|p1a: Primarina|55\/100|[from] item: Leftovers\n|-heal|p1a: Primarina|61\/100|[from] Aqua Ring\n|upkeep\n|turn|6\n|\n|t:|1700359471\n|move|p2a: Zapdos|Thunderbolt|p1a: Primarina\n|-supereffective|p1a: Primarina\n|-damage|p1a: Primarina|15\/100\n|move|p1a: Primarina|Moonblast|p2a: Zapdos\n|-damage|p2a: Zapdos|32\/100\n|\n|-heal|p1a: Primarina|21\/100|[from] item: Leftovers\n|-heal|p1a: Primarina|27\/100|[from] Aqua Ring\n|upkeep\n|turn|7\n|\n|t:|1700359476\n|switch|p1a: Gliscor|Gliscor, F|100\/100\n|move|p2a: Zapdos|Thunderbolt|p1a: Gliscor\n|-immune|p1a: Gliscor\n|\n|-fieldend|move: Psychic Terrain\n|-status|p1a: Gliscor|tox|[from] item: Toxic Orb\n|upkeep\n|turn|8\n|\n|t:|1700359482\n|-zpower|p2a: Zapdos\n|move|p2a: Zapdos|Supersonic Skystrike|p1a: Gliscor|[zeffect]\n|-damage|p1a: Gliscor|10\/100 tox\n|move|p1a: Gliscor|Stealth Rock|p2a: Zapdos\n|-sidestart|p2: qyrandom|move: Stealth Rock\n|\n|-heal|p1a: Gliscor|23\/100 tox|[from] ability: Poison Heal\n|upkeep\n|turn|9\n|\n|t:|1700359495\n|switch|p1a: Jirachi|Jirachi|100\/100\n|move|p2a: Zapdos|Roost|p2a: Zapdos\n|-heal|p2a: Zapdos|82\/100\n|-singleturn|p2a: Zapdos|move: Roost\n|\n|upkeep\n|turn|10\n|\n|t:|1700359504\n|switch|p2a: Ferrothorn|Ferrothorn, M|100\/100\n|-damage|p2a: Ferrothorn|94\/100|[from] Stealth Rock\n|move|p1a: Jirachi|U-turn|p2a: Ferrothorn\n|-crit|p2a: Ferrothorn\n|-damage|p2a: Ferrothorn|79\/100\n|-damage|p1a: Jirachi|88\/100|[from] ability: Iron Barbs|[of] p2a: Ferrothorn\n|\n|t:|1700359507\n|switch|p1a: Heatran|Heatran, M|100\/100|[from] U-turn\n|\n|-heal|p2a: Ferrothorn|86\/100|[from] item: Leftovers\n|upkeep\n|turn|11\n|\n|t:|1700359515\n|-terastallize|p2a: Ferrothorn|Water\n|move|p1a: Heatran|Eruption|p2a: Ferrothorn\n|-resisted|p2a: Ferrothorn\n|-damage|p2a: Ferrothorn|53\/100\n|move|p2a: Ferrothorn|Knock Off|p1a: Heatran\n|-crit|p1a: Heatran\n|-damage|p1a: Heatran|66\/100\n|-enditem|p1a: Heatran|Choice Scarf|[from] move: Knock Off|[of] p2a: Ferrothorn\n|\n|-heal|p2a: Ferrothorn|60\/100|[from] item: Leftovers\n|upkeep\n|turn|12\n|\n|t:|1700359530\n|switch|p1a: Jirachi|Jirachi|88\/100\n|move|p2a: Ferrothorn|Leech Seed|p1a: Jirachi|[miss]\n|-miss|p2a: Ferrothorn|p1a: Jirachi\n|\n|-heal|p1a: Jirachi|94\/100|[from] item: Leftovers\n|-heal|p2a: Ferrothorn|66\/100|[from] item: Leftovers\n|upkeep\n|turn|13\n|\n|t:|1700359538\n|move|p1a: Jirachi|Wish|p1a: Jirachi\n|move|p2a: Ferrothorn|Leech Seed|p1a: Jirachi\n|-start|p1a: Jirachi|move: Leech Seed\n|\n|-heal|p1a: Jirachi|100\/100|[from] item: Leftovers\n|-heal|p2a: Ferrothorn|72\/100|[from] item: Leftovers\n|-damage|p1a: Jirachi|88\/100|[from] Leech Seed|[of] p2a: Ferrothorn\n|-heal|p2a: Ferrothorn|86\/100|[silent]\n|upkeep\n|turn|14\n|\n|t:|1700359549\n|switch|p1a: Manectric|Manectric, F|100\/100\n|switch|p2a: Sneasler|Sneasler, F|100\/100\n|-damage|p2a: Sneasler|95\/100|[from] Stealth Rock\n|\n|upkeep\n|turn|15\n|inactive|qyrandom has 120 seconds left.\n|\n|t:|1700359587\n|switch|p2a: Ferrothorn|Ferrothorn, M, tera:Water|86\/100\n|-damage|p2a: Ferrothorn|74\/100|[from] Stealth Rock\n|detailschange|p1a: Manectric|Manectric-Mega, F\n|-mega|p1a: Manectric|Manectric|Manectite\n|-ability|p1a: Manectric|Intimidate|boost\n|-unboost|p2a: Ferrothorn|atk|1\n|move|p1a: Manectric|Volt Switch|p2a: Ferrothorn\n|-supereffective|p2a: Ferrothorn\n|-damage|p2a: Ferrothorn|15\/100\n|\n|t:|1700359597\n|switch|p1a: Haxorus|Haxorus, F, shiny|100\/100|[from] Volt Switch\n|-ability|p1a: Haxorus|Mold Breaker\n|\n|-heal|p2a: Ferrothorn|22\/100|[from] item: Leftovers\n|upkeep\n|turn|16\n|\n|t:|1700359603\n|move|p1a: Haxorus|Dragon Dance|p1a: Haxorus\n|-boost|p1a: Haxorus|atk|1\n|-boost|p1a: Haxorus|spe|1\n|move|p2a: Ferrothorn|Leech Seed|p1a: Haxorus\n|-start|p1a: Haxorus|move: Leech Seed\n|\n|-heal|p2a: Ferrothorn|28\/100|[from] item: Leftovers\n|-damage|p1a: Haxorus|88\/100|[from] Leech Seed|[of] p2a: Ferrothorn\n|-heal|p2a: Ferrothorn|38\/100|[silent]\n|upkeep\n|turn|17\n|\n|t:|1700359611\n|move|p1a: Haxorus|Earthquake|p2a: Ferrothorn\n|-damage|p2a: Ferrothorn|4\/100\n|move|p2a: Ferrothorn|Knock Off|p1a: Haxorus\n|-damage|p1a: Haxorus|71\/100\n|-enditem|p1a: Haxorus|Lum Berry|[from] move: Knock Off|[of] p2a: Ferrothorn\n|\n|-heal|p2a: Ferrothorn|10\/100|[from] item: Leftovers\n|-damage|p1a: Haxorus|59\/100|[from] Leech Seed|[of] p2a: Ferrothorn\n|-heal|p2a: Ferrothorn|21\/100|[silent]\n|upkeep\n|turn|18\n|\n|t:|1700359619\n|move|p1a: Haxorus|Earthquake|p2a: Ferrothorn\n|-damage|p2a: Ferrothorn|0 fnt\n|faint|p2a: Ferrothorn\n|\n|upkeep\n|\n|t:|1700359634\n|switch|p2a: Charizard|Charizard, F|100\/100\n|-damage|p2a: Charizard|51\/100|[from] Stealth Rock\n|turn|19\n|\n|t:|1700359652\n|move|p1a: Haxorus|Earthquake|p2a: Charizard\n|-immune|p2a: Charizard\n|move|p2a: Charizard|Dragon Dance|p2a: Charizard\n|-boost|p2a: Charizard|atk|1\n|-boost|p2a: Charizard|spe|1\n|\n|-damage|p1a: Haxorus|47\/100|[from] Leech Seed|[of] p2a: Charizard\n|-heal|p2a: Charizard|63\/100|[silent]\n|upkeep\n|turn|20\n|\n|t:|1700359672\n|move|p1a: Haxorus|Earthquake|p2a: Charizard\n|-immune|p2a: Charizard\n|move|p2a: Charizard|Dragon Dance|p2a: Charizard\n|-boost|p2a: Charizard|atk|1\n|-boost|p2a: Charizard|spe|1\n|\n|-damage|p1a: Haxorus|35\/100|[from] Leech Seed|[of] p2a: Charizard\n|-heal|p2a: Charizard|75\/100|[silent]\n|upkeep\n|turn|21\n|\n|t:|1700359682\n|detailschange|p2a: Charizard|Charizard-Mega-X, F\n|-mega|p2a: Charizard|Charizard|Charizardite X\n|move|p2a: Charizard|Dragon Claw|p1a: Haxorus\n|-supereffective|p1a: Haxorus\n|-damage|p1a: Haxorus|0 fnt\n|faint|p1a: Haxorus\n|\n|upkeep\n|\n|t:|1700359689\n|switch|p1a: Manectric|Manectric-Mega, F|100\/100\n|-ability|p1a: Manectric|Intimidate|boost\n|-unboost|p2a: Charizard|atk|1\n|turn|22\n|\n|t:|1700359695\n|switch|p1a: Primarina|Primarina, F|27\/100\n|move|p2a: Charizard|Dragon Claw|p1a: Primarina\n|-immune|p1a: Primarina\n|\n|-heal|p1a: Primarina|33\/100|[from] item: Leftovers\n|upkeep\n|turn|23\n|\n|t:|1700359703\n|move|p2a: Charizard|Flare Blitz|p1a: Primarina\n|-resisted|p1a: Primarina\n|-damage|p1a: Primarina|0 fnt\n|faint|p1a: Primarina\n|-damage|p2a: Charizard|62\/100|[from] Recoil\n|\n|upkeep\n|\n|t:|1700359706\n|switch|p1a: Manectric|Manectric-Mega, F|100\/100\n|-ability|p1a: Manectric|Intimidate|boost\n|-unboost|p2a: Charizard|atk|1\n|turn|24\n|\n|t:|1700359715\n|switch|p1a: Heatran|Heatran, M|66\/100\n|move|p2a: Charizard|Dragon Claw|p1a: Heatran\n|-resisted|p1a: Heatran\n|-damage|p1a: Heatran|38\/100\n|\n|upkeep\n|turn|25\n|\n|t:|1700359730\n|move|p2a: Charizard|Dragon Claw|p1a: Heatran\n|-resisted|p1a: Heatran\n|-damage|p1a: Heatran|10\/100\n|move|p1a: Heatran|Earth Power|p2a: Charizard\n|-supereffective|p2a: Charizard\n|-damage|p2a: Charizard|0 fnt\n|faint|p2a: Charizard\n|\n|upkeep\n|\n|t:|1700359747\n|switch|p2a: Tapu Lele|Tapu Lele|100\/100\n|-damage|p2a: Tapu Lele|88\/100|[from] Stealth Rock\n|-fieldstart|move: Psychic Terrain|[from] ability: Psychic Surge|[of] p2a: Tapu Lele\n|turn|26\n|\n|t:|1700359752\n|move|p2a: Tapu Lele|Psychic|p1a: Heatran\n|-resisted|p1a: Heatran\n|-damage|p1a: Heatran|0 fnt\n|faint|p1a: Heatran\n|\n|upkeep\n|\n|t:|1700359755\n|switch|p1a: Jirachi|Jirachi|88\/100\n|turn|27\n|\n|t:|1700359760\n|switch|p2a: Sneasler|Sneasler, F|95\/100\n|-damage|p2a: Sneasler|89\/100|[from] Stealth Rock\n|-enditem|p2a: Sneasler|Psychic Seed\n|-boost|p2a: Sneasler|spd|1|[from] item: Psychic Seed\n|move|p1a: Jirachi|Wish|p1a: Jirachi\n|\n|-heal|p1a: Jirachi|94\/100|[from] item: Leftovers\n|upkeep\n|turn|28\n|\n|t:|1700359771\n|switch|p1a: Gliscor|Gliscor, F|23\/100 tox\n|move|p2a: Sneasler|Close Combat|p1a: Gliscor\n|-resisted|p1a: Gliscor\n|-damage|p1a: Gliscor|0 fnt\n|-unboost|p2a: Sneasler|def|1\n|-unboost|p2a: Sneasler|spd|1\n|faint|p1a: Gliscor\n|\n|upkeep\n|\n|t:|1700359780\n|switch|p1a: Jirachi|Jirachi|94\/100\n|turn|29\n|\n|t:|1700359788\n|move|p2a: Sneasler|Swords Dance|p2a: Sneasler\n|-boost|p2a: Sneasler|atk|2\n|move|p1a: Jirachi|U-turn|p2a: Sneasler\n|-resisted|p2a: Sneasler\n|-damage|p2a: Sneasler|78\/100\n|\n|t:|1700359790\n|switch|p1a: Manectric|Manectric-Mega, F|100\/100|[from] U-turn\n|-ability|p1a: Manectric|Intimidate|boost\n|-unboost|p2a: Sneasler|atk|1\n|\n|upkeep\n|turn|30\n|\n|t:|1700359797\n|move|p2a: Sneasler|Close Combat|p1a: Manectric\n|-damage|p1a: Manectric|0 fnt\n|-unboost|p2a: Sneasler|def|1\n|-unboost|p2a: Sneasler|spd|1\n|faint|p1a: Manectric\n|\n|-fieldend|move: Psychic Terrain\n|upkeep\n|-message|lateleepod forfeited.\n|\n|win|qyrandom\n|raw|lateleepod's rating: 1257 &rarr; <strong>1237<\/strong><br \/>(-20 for losing)\n|raw|qyrandom's rating: 1322 &rarr; <strong>1338<\/strong><br \/>(+16 for winning)\n|l|\u2606lateleepod\n","uploadtime":1700359810,"views":21,"p1id":"lateleepod","p2id":"qyrandom","formatid":"gen9nationaldex","rating":1237,"private":0,"password":""}