{"id":"gen9nationaldex-1991264114","p1":"Wembsley","p2":"Crocodileisgood","format":"[Gen 9] National Dex","log":"|j|\u2606Wembsley\n|j|\u2606Crocodileisgood\n|t:|1700062480\n|gametype|singles\n|player|p1|Wembsley|shadowtriad|\n|player|p2|Crocodileisgood|169|\n|teamsize|p1|6\n|teamsize|p2|6\n|gen|9\n|tier|[Gen 9] National Dex\n|rule|HP Percentage Mod: HP is shown in percentages\n|rule|Endless Battle Clause: Forcing endless battles is banned\n|rule|OHKO Clause: OHKO moves are banned\n|rule|Evasion Clause: Evasion abilities, items, and moves are banned\n|rule|Evasion Abilities Clause: Evasion abilities are banned\n|rule|Evasion Items Clause: Evasion items are banned\n|rule|Evasion Moves Clause: Evasion moves are banned\n|rule|Species Clause: Limit one of each Pok\u00e9mon\n|rule|Sleep Clause Mod: Limit one foe put to sleep\n|clearpoke\n|poke|p1|Scizor, M|\n|poke|p1|Rotom-Wash|\n|poke|p1|Garchomp, F|\n|poke|p1|Heatran, F|\n|poke|p1|Landorus-Therian, M|\n|poke|p1|Kartana|\n|poke|p2|Heatran, M|\n|poke|p2|Scizor, M|\n|poke|p2|Torkoal, F|\n|poke|p2|Victini|\n|poke|p2|Lilligant-Hisui, F|\n|poke|p2|Iron Hands|\n|teampreview\n|inactive|Battle timer is ON: inactive players will automatically lose when time's up. (requested by Wembsley)\n|c|\u2606Crocodileisgood|waht this\n|c|\u2606Wembsley|decided i wanted to bitch you a second time\n|\n|t:|1700062501\n|start\n|switch|p1a: Sharknado|Garchomp, F|100\/100\n|switch|p2a: Lilligant|Lilligant-Hisui, F|100\/100\n|turn|1\n|c|\u2606Crocodileisgood|ok\n|\n|t:|1700062507\n|switch|p1a: No Running|Scizor, M|100\/100\n|move|p2a: Lilligant|Ice Spinner|p1a: No Running\n|-resisted|p1a: No Running\n|-damage|p1a: No Running|82\/100\n|\n|upkeep\n|turn|2\n|\n|t:|1700062510\n|switch|p2a: Torkoal|Torkoal, F|100\/100\n|-weather|SunnyDay|[from] ability: Drought|[of] p2a: Torkoal\n|detailschange|p1a: No Running|Scizor-Mega, M\n|-mega|p1a: No Running|Scizor|Scizorite\n|move|p1a: No Running|U-turn|p2a: Torkoal\n|-resisted|p2a: Torkoal\n|-damage|p2a: Torkoal|91\/100\n|\n|t:|1700062513\n|switch|p1a: Sharknado|Garchomp, F|100\/100|[from] U-turn\n|\n|-weather|SunnyDay|[upkeep]\n|upkeep\n|turn|3\n|\n|t:|1700062517\n|switch|p2a: Lilligant|Lilligant-Hisui, F|100\/100\n|-zpower|p1a: Sharknado\n|move|p1a: Sharknado|Continental Crush|p2a: Lilligant|[zeffect]\n|-resisted|p2a: Lilligant\n|-damage|p2a: Lilligant|49\/100\n|\n|-weather|SunnyDay|[upkeep]\n|upkeep\n|turn|4\n|c|\u2606Crocodileisgood|nice\n|\n|t:|1700062525\n|switch|p1a: No Running|Scizor-Mega, M|82\/100\n|move|p2a: Lilligant|Ice Spinner|p1a: No Running\n|-resisted|p1a: No Running\n|-damage|p1a: No Running|70\/100\n|\n|-weather|SunnyDay|[upkeep]\n|upkeep\n|turn|5\n|\n|t:|1700062533\n|switch|p2a: Heatran|Heatran, M|100\/100\n|move|p1a: No Running|U-turn|p2a: Heatran\n|-resisted|p2a: Heatran\n|-damage|p2a: Heatran|92\/100\n|\n|t:|1700062536\n|switch|p1a: Fake Dog|Landorus-Therian, M|100\/100|[from] U-turn\n|-ability|p1a: Fake Dog|Intimidate|boost\n|-unboost|p2a: Heatran|atk|1\n|\n|-weather|SunnyDay|[upkeep]\n|upkeep\n|turn|6\n|c|\u2606Crocodileisgood|k\n|\n|t:|1700062540\n|move|p1a: Fake Dog|Earthquake|p2a: Heatran\n|-supereffective|p2a: Heatran\n|-damage|p2a: Heatran|0 fnt\n|faint|p2a: Heatran\n|\n|-weather|SunnyDay|[upkeep]\n|upkeep\n|c|\u2606Crocodileisgood|scarfed\n|c|\u2606Crocodileisgood|hm\n|\n|t:|1700062556\n|switch|p2a: Iron Hands|Iron Hands|100\/100\n|-enditem|p2a: Iron Hands|Booster Energy\n|-activate|p2a: Iron Hands|ability: Quark Drive|[fromitem]\n|-start|p2a: Iron Hands|quarkdrivedef\n|turn|7\n|\n|t:|1700062567\n|-terastallize|p2a: Iron Hands|Flying\n|move|p1a: Fake Dog|Earthquake|p2a: Iron Hands\n|-immune|p2a: Iron Hands\n|move|p2a: Iron Hands|Belly Drum|p2a: Iron Hands\n|-damage|p2a: Iron Hands|50\/100\n|-setboost|p2a: Iron Hands|atk|6|[from] move: Belly Drum\n|\n|-weather|SunnyDay|[upkeep]\n|upkeep\n|turn|8\n|\n|t:|1700062574\n|switch|p1a: Hiding Place|Rotom-Wash|100\/100\n|move|p2a: Iron Hands|Drain Punch|p1a: Hiding Place\n|-damage|p1a: Hiding Place|0 fnt\n|-heal|p2a: Iron Hands|80\/100|[from] drain|[of] p1a: Hiding Place\n|faint|p1a: Hiding Place\n|\n|-weather|SunnyDay|[upkeep]\n|upkeep\n|\n|t:|1700062578\n|switch|p1a: Sharknado|Garchomp, F|100\/100\n|turn|9\n|\n|t:|1700062581\n|move|p1a: Sharknado|Stone Edge|p2a: Iron Hands\n|-supereffective|p2a: Iron Hands\n|-damage|p2a: Iron Hands|55\/100\n|move|p2a: Iron Hands|Ice Punch|p1a: Sharknado\n|-supereffective|p1a: Sharknado\n|-damage|p1a: Sharknado|0 fnt\n|-damage|p2a: Iron Hands|42\/100|[from] ability: Rough Skin|[of] p1a: Sharknado\n|faint|p1a: Sharknado\n|\n|-weather|none\n|upkeep\n|c|\u2606Crocodileisgood|luck spammer\n|c|\u2606Crocodileisgood|nice\n|c|\u2606Wembsley|User: crocodileisgood\n|c|\u2606Wembsley|Format\tElo\tGXE\tGlicko-1\tW\tL\tTotal\n|c|\u2606Wembsley|[Gen 9] National Dex\t1410\t56.7%\t1551 \u00b1 25\t549\t550\t1099\n|c|\u2606Wembsley|this is enough said btw\n|c|\u2606Wembsley|549 wins and 550 losses\n|c|\u2606Wembsley|yikes\n|c|\u2606Crocodileisgood|bro u gonna lose\n|inactive|Wembsley has 270 seconds left.\n|\n|t:|1700062612\n|switch|p1a: Fake Dog|Landorus-Therian, M|100\/100\n|-ability|p1a: Fake Dog|Intimidate|boost\n|-unboost|p2a: Iron Hands|atk|1\n|turn|10\n|c|\u2606Crocodileisgood|bro cuz i am a experiement type guy\n|\n|t:|1700062621\n|-terastallize|p1a: Fake Dog|Ice\n|move|p1a: Fake Dog|Hidden Power|p2a: Iron Hands\n|-supereffective|p2a: Iron Hands\n|-damage|p2a: Iron Hands|2\/100\n|move|p2a: Iron Hands|Drain Punch|p1a: Fake Dog\n|-supereffective|p1a: Fake Dog\n|-damage|p1a: Fake Dog|0 fnt\n|-heal|p2a: Iron Hands|33\/100|[from] drain|[of] p1a: Fake Dog\n|faint|p1a: Fake Dog\n|\n|upkeep\n|\n|t:|1700062628\n|switch|p1a: Abomination|Heatran, F|100\/100\n|turn|11\n|\n|t:|1700062630\n|move|p1a: Abomination|Magma Storm|p2a: Iron Hands\n|-damage|p2a: Iron Hands|0 fnt\n|faint|p2a: Iron Hands\n|-end|p2a: Iron Hands|Quark Drive|[silent]\n|\n|upkeep\n|\n|t:|1700062637\n|switch|p2a: Victini|Victini|100\/100\n|turn|12\n|\n|t:|1700062640\n|-zpower|p2a: Victini\n|move|p2a: Victini|Z-Celebrate|p2a: Victini|[anim]Celebrate\n|-boost|p2a: Victini|atk|1|[zeffect]\n|-boost|p2a: Victini|def|1|[zeffect]\n|-boost|p2a: Victini|spa|1|[zeffect]\n|-boost|p2a: Victini|spd|1|[zeffect]\n|-boost|p2a: Victini|spe|1|[zeffect]\n|-activate|p2a: Victini|move: Celebrate\n|move|p1a: Abomination|Earth Power|p2a: Victini\n|-supereffective|p2a: Victini\n|-damage|p2a: Victini|63\/100\n|\n|upkeep\n|turn|13\n|\n|t:|1700062643\n|switch|p1a: No Running|Scizor-Mega, M|70\/100\n|move|p2a: Victini|Scorching Sands|p1a: No Running\n|-damage|p1a: No Running|43\/100\n|-status|p1a: No Running|brn\n|\n|-damage|p1a: No Running|37\/100 brn|[from] brn\n|upkeep\n|turn|14\n|\n|t:|1700062646\n|move|p1a: No Running|Bullet Punch|p2a: Victini\n|-resisted|p2a: Victini\n|-damage|p2a: Victini|59\/100\n|move|p2a: Victini|Stored Power|p1a: No Running\n|-resisted|p1a: No Running\n|-damage|p1a: No Running|5\/100 brn\n|\n|-damage|p1a: No Running|0 fnt|[from] brn\n|faint|p1a: No Running\n|upkeep\n|\n|t:|1700062648\n|switch|p1a: Also No Running|Kartana|100\/100\n|turn|15\n|\n|t:|1700062653\n|move|p1a: Also No Running|Knock Off|p2a: Victini\n|-supereffective|p2a: Victini\n|-damage|p2a: Victini|22\/100\n|move|p2a: Victini|Searing Shot|p1a: Also No Running\n|-supereffective|p1a: Also No Running\n|-damage|p1a: Also No Running|0 fnt\n|faint|p1a: Also No Running\n|\n|upkeep\n|\n|t:|1700062657\n|switch|p1a: Abomination|Heatran, F|100\/100\n|turn|16\n|\n|t:|1700062659\n|move|p2a: Victini|Stored Power|p1a: Abomination\n|-resisted|p1a: Abomination\n|-damage|p1a: Abomination|74\/100\n|move|p1a: Abomination|Earth Power|p2a: Victini\n|-supereffective|p2a: Victini\n|-damage|p2a: Victini|0 fnt\n|faint|p2a: Victini\n|\n|-heal|p1a: Abomination|80\/100|[from] item: Leftovers\n|upkeep\n|\n|t:|1700062663\n|switch|p2a: Torkoal|Torkoal, F|91\/100\n|-weather|SunnyDay|[from] ability: Drought|[of] p2a: Torkoal\n|turn|17\n|\n|t:|1700062670\n|switch|p2a: Scizor|Scizor, M|100\/100\n|move|p1a: Abomination|Magma Storm|p2a: Scizor|[miss]\n|-miss|p1a: Abomination|p2a: Scizor\n|\n|-weather|SunnyDay|[upkeep]\n|-heal|p1a: Abomination|87\/100|[from] item: Leftovers\n|upkeep\n|turn|18\n|\n|t:|1700062674\n|detailschange|p2a: Scizor|Scizor-Mega, M\n|-mega|p2a: Scizor|Scizor|Scizorite\n|move|p2a: Scizor|Bullet Punch|p1a: Abomination\n|-resisted|p1a: Abomination\n|-damage|p1a: Abomination|81\/100\n|move|p1a: Abomination|Magma Storm|p2a: Scizor|[miss]\n|-miss|p1a: Abomination|p2a: Scizor\n|\n|-weather|SunnyDay|[upkeep]\n|-heal|p1a: Abomination|87\/100|[from] item: Leftovers\n|upkeep\n|turn|19\n|\n|t:|1700062678\n|move|p2a: Scizor|Bullet Punch|p1a: Abomination\n|-resisted|p1a: Abomination\n|-damage|p1a: Abomination|81\/100\n|move|p1a: Abomination|Stealth Rock|p2a: Scizor\n|-sidestart|p2: Crocodileisgood|move: Stealth Rock\n|\n|-weather|SunnyDay|[upkeep]\n|-heal|p1a: Abomination|87\/100|[from] item: Leftovers\n|upkeep\n|turn|20\n|\n|t:|1700062682\n|move|p2a: Scizor|Bullet Punch|p1a: Abomination\n|-resisted|p1a: Abomination\n|-damage|p1a: Abomination|81\/100\n|move|p1a: Abomination|Earth Power|p2a: Scizor\n|-damage|p2a: Scizor|74\/100\n|\n|-weather|SunnyDay|[upkeep]\n|-heal|p1a: Abomination|87\/100|[from] item: Leftovers\n|upkeep\n|turn|21\n|\n|t:|1700062684\n|move|p2a: Scizor|Bullet Punch|p1a: Abomination\n|-resisted|p1a: Abomination\n|-damage|p1a: Abomination|81\/100\n|move|p1a: Abomination|Magma Storm|p2a: Scizor\n|-supereffective|p2a: Scizor\n|-damage|p2a: Scizor|0 fnt\n|faint|p2a: Scizor\n|\n|-weather|SunnyDay|[upkeep]\n|-heal|p1a: Abomination|87\/100|[from] item: Leftovers\n|upkeep\n|\n|t:|1700062687\n|switch|p2a: Lilligant|Lilligant-Hisui, F|49\/100\n|-damage|p2a: Lilligant|43\/100|[from] Stealth Rock\n|turn|22\n|\n|t:|1700062689\n|move|p2a: Lilligant|Close Combat|p1a: Abomination\n|-supereffective|p1a: Abomination\n|-damage|p1a: Abomination|0 fnt\n|-unboost|p2a: Lilligant|def|1\n|-unboost|p2a: Lilligant|spd|1\n|faint|p1a: Abomination\n|\n|win|Crocodileisgood\n|c|\u2606Wembsley|lol\n|c|\u2606Wembsley|another one?\n|c|\u2606Crocodileisgood|so who won now\n|c|\u2606Wembsley|LOL\n|c|\u2606Crocodileisgood|no cuz i won alr\n|c|\u2606Wembsley|who won the one that mattered?\n|c|\u2606Wembsley|LMFAO\n|c|\u2606Wembsley|u got 550 losses\n|c|\u2606Wembsley|ur my son\n|c|\u2606Crocodileisgood|so\n|c|\u2606Crocodileisgood|i learned alot\n|c|\u2606Wembsley|LOL\n|c|\u2606Wembsley|how old are you?\n|c|\u2606Wembsley|damn you're shit at every tier too\n|c|\u2606Crocodileisgood|User: wembsley\n|c|\u2606Crocodileisgood|whoops\n|c|\u2606Wembsley|cmon do it right\n|c|\u2606Wembsley|you can do it\n|c|\u2606Crocodileisgood|wawit\n|c|\u2606Crocodileisgood|i forgot\n|c|\u2606Crocodileisgood|how do i do it\n|c|\u2606Wembsley|bozo\n|c|\u2606Wembsley|byebye son\n|c|\u2606Wembsley|daddy loves u alright?\n|c|\u2606Crocodileisgood|l\n|c|\u2606Crocodileisgood|bro\n|c|\u2606Crocodileisgood|i cna repor tu\n|c|\u2606Crocodileisgood|yk\n|c|\u2606Wembsley|wow im soo scared that i'm gonna be muted\n|c|\u2606Wembsley|go report me if u rlly want lol idc\n|c|\u2606Wembsley|just remember who owns you <3\n|l|\u2606Wembsley\n","uploadtime":1700062970,"views":4,"p1id":"wembsley","p2id":"crocodileisgood","formatid":"gen9nationaldex","rating":0,"private":0,"password":""}