{"id":"gen9nationaldex-1988217425","p1":"Kuzwa","p2":"InsBAPlayer","format":"[Gen 9] National Dex","log":"|j|\u2606Kuzwa\n|j|\u2606InsBAPlayer\n|t:|1699687361\n|gametype|singles\n|player|p1|Kuzwa|parasollady|1193\n|player|p2|InsBAPlayer|169|1112\n|teamsize|p1|6\n|teamsize|p2|6\n|gen|9\n|tier|[Gen 9] National Dex\n|rated|\n|rule|HP Percentage Mod: HP is shown in percentages\n|rule|Endless Battle Clause: Forcing endless battles is banned\n|rule|OHKO Clause: OHKO moves are banned\n|rule|Evasion Clause: Evasion abilities, items, and moves are banned\n|rule|Evasion Abilities Clause: Evasion abilities are banned\n|rule|Evasion Items Clause: Evasion items are banned\n|rule|Evasion Moves Clause: Evasion moves are banned\n|rule|Species Clause: Limit one of each Pok\u00e9mon\n|rule|Sleep Clause Mod: Limit one foe put to sleep\n|clearpoke\n|poke|p1|Gallade, M|\n|poke|p1|Garchomp, M|\n|poke|p1|Kartana|\n|poke|p1|Scizor, M|\n|poke|p1|Weavile, M|\n|poke|p1|Quaquaval, M|\n|poke|p2|Escavalier, F|\n|poke|p2|Crustle, F|\n|poke|p2|Forretress, F|\n|poke|p2|Araquanid, M|\n|poke|p2|Orbeetle, F|\n|poke|p2|Pineco, F|\n|teampreview\n|inactive|Battle timer is ON: inactive players will automatically lose when time's up. (requested by InsBAPlayer)\n|\n|t:|1699687382\n|start\n|switch|p1a: Ken Amada|Scizor, M|100\/100\n|switch|p2a: Forretress|Forretress, F|100\/100\n|turn|1\n|\n|t:|1699687387\n|move|p1a: Ken Amada|Swords Dance|p1a: Ken Amada\n|-boost|p1a: Ken Amada|atk|2\n|move|p2a: Forretress|Iron Defense|p2a: Forretress\n|-boost|p2a: Forretress|def|2\n|\n|upkeep\n|turn|2\n|\n|t:|1699687390\n|move|p1a: Ken Amada|Swords Dance|p1a: Ken Amada\n|-boost|p1a: Ken Amada|atk|2\n|move|p2a: Forretress|Iron Defense|p2a: Forretress\n|-boost|p2a: Forretress|def|2\n|\n|upkeep\n|turn|3\n|\n|t:|1699687397\n|-terastallize|p2a: Forretress|Bug\n|move|p1a: Ken Amada|Swords Dance|p1a: Ken Amada\n|-boost|p1a: Ken Amada|atk|2\n|move|p2a: Forretress|Iron Defense|p2a: Forretress\n|-boost|p2a: Forretress|def|2\n|\n|upkeep\n|turn|4\n|\n|t:|1699687405\n|detailschange|p1a: Ken Amada|Scizor-Mega, M\n|-mega|p1a: Ken Amada|Scizor|Scizorite\n|move|p1a: Ken Amada|Acrobatics|p2a: Forretress\n|-supereffective|p2a: Forretress\n|-damage|p2a: Forretress|50\/100\n|move|p2a: Forretress|Counter|p1a: Ken Amada\n|-damage|p1a: Ken Amada|0 fnt\n|faint|p1a: Ken Amada\n|\n|upkeep\n|\n|t:|1699687417\n|switch|p1a: Ryoji Mochizuki|Gallade, M, shiny|100\/100\n|turn|5\n|\n|t:|1699687422\n|move|p1a: Ryoji Mochizuki|Swords Dance|p1a: Ryoji Mochizuki\n|-boost|p1a: Ryoji Mochizuki|atk|2\n|move|p2a: Forretress|Counter||[still]\n|-fail|p2a: Forretress\n|\n|upkeep\n|turn|6\n|\n|t:|1699687428\n|move|p1a: Ryoji Mochizuki|Swords Dance|p1a: Ryoji Mochizuki\n|-boost|p1a: Ryoji Mochizuki|atk|2\n|move|p2a: Forretress|Body Press|p1a: Ryoji Mochizuki\n|-resisted|p1a: Ryoji Mochizuki\n|-damage|p1a: Ryoji Mochizuki|13\/100\n|\n|upkeep\n|turn|7\n|\n|t:|1699687430\n|move|p1a: Ryoji Mochizuki|Sacred Sword|p2a: Forretress\n|-resisted|p2a: Forretress\n|-damage|p2a: Forretress|0 fnt\n|faint|p2a: Forretress\n|\n|upkeep\n|\n|t:|1699687436\n|switch|p2a: Orbeetle|Orbeetle, F|100\/100\n|-item|p1a: Ryoji Mochizuki|Galladite|[from] ability: Frisk|[of] p2a: Orbeetle|[identify]\n|turn|8\n|\n|t:|1699687441\n|move|p1a: Ryoji Mochizuki|Sacred Sword|p2a: Orbeetle\n|-resisted|p2a: Orbeetle\n|-damage|p2a: Orbeetle|63\/100\n|move|p2a: Orbeetle|Body Press|p1a: Ryoji Mochizuki\n|-resisted|p1a: Ryoji Mochizuki\n|-damage|p1a: Ryoji Mochizuki|0 fnt\n|faint|p1a: Ryoji Mochizuki\n|\n|upkeep\n|\n|t:|1699687451\n|switch|p1a: Junpei Iori|Weavile, M, shiny|100\/100\n|turn|9\n|\n|t:|1699687455\n|switch|p2a: Escavalier|Escavalier, F|100\/100\n|move|p1a: Junpei Iori|Throat Chop|p2a: Escavalier\n|-damage|p2a: Escavalier|63\/100\n|-start|p2a: Escavalier|Throat Chop|[silent]\n|\n|upkeep\n|turn|10\n|\n|t:|1699687467\n|switch|p1a: Akihiko Sanada|Garchomp, M|100\/100\n|move|p2a: Escavalier|Metal Burst||[still]\n|-fail|p2a: Escavalier\n|\n|-end|p2a: Escavalier|Throat Chop|[silent]\n|upkeep\n|turn|11\n|\n|t:|1699687472\n|move|p1a: Akihiko Sanada|Earthquake|p2a: Escavalier\n|-damage|p2a: Escavalier|11\/100\n|move|p2a: Escavalier|Metal Burst|p1a: Akihiko Sanada\n|-damage|p1a: Akihiko Sanada|26\/100\n|\n|upkeep\n|turn|12\n|\n|t:|1699687481\n|move|p1a: Akihiko Sanada|Outrage|p2a: Escavalier\n|-resisted|p2a: Escavalier\n|-crit|p2a: Escavalier\n|-damage|p2a: Escavalier|0 fnt\n|faint|p2a: Escavalier\n|\n|upkeep\n|\n|t:|1699687488\n|switch|p2a: Crustle|Crustle, F|100\/100\n|turn|13\n|\n|t:|1699687491\n|move|p1a: Akihiko Sanada|Outrage|p2a: Crustle|[from]lockedmove\n|-damage|p2a: Crustle|52\/100\n|-start|p1a: Akihiko Sanada|confusion|[fatigue]\n|move|p2a: Crustle|Counter|p1a: Akihiko Sanada\n|-damage|p1a: Akihiko Sanada|0 fnt\n|-damage|p2a: Crustle|39\/100|[from] ability: Rough Skin|[of] p1a: Akihiko Sanada\n|faint|p1a: Akihiko Sanada\n|\n|upkeep\n|\n|t:|1699687499\n|switch|p1a: ???|Quaquaval, M|100\/100\n|turn|14\n|\n|t:|1699687503\n|move|p1a: ???|Aqua Step|p2a: Crustle\n|-supereffective|p2a: Crustle\n|-damage|p2a: Crustle|0 fnt\n|-boost|p1a: ???|spe|1\n|faint|p2a: Crustle\n|-ability|p1a: ???|Moxie|boost\n|-boost|p1a: ???|atk|1\n|\n|upkeep\n|\n|t:|1699687506\n|switch|p2a: Araquanid|Araquanid, M|100\/100\n|turn|15\n|\n|t:|1699687513\n|move|p1a: ???|Brick Break|p2a: Araquanid\n|-resisted|p2a: Araquanid\n|-crit|p2a: Araquanid\n|-damage|p2a: Araquanid|67\/100\n|move|p2a: Araquanid|Liquidation|p1a: ???\n|-resisted|p1a: ???\n|-damage|p1a: ???|74\/100\n|\n|upkeep\n|turn|16\n|\n|t:|1699687521\n|-zpower|p1a: ???\n|move|p1a: ???|Subzero Slammer|p2a: Araquanid|[zeffect]\n|-resisted|p2a: Araquanid\n|-damage|p2a: Araquanid|37\/100\n|move|p2a: Araquanid|Liquidation|p1a: ???\n|-resisted|p1a: ???\n|-damage|p1a: ???|43\/100\n|\n|upkeep\n|turn|17\n|\n|t:|1699687526\n|move|p1a: ???|Brick Break|p2a: Araquanid\n|-resisted|p2a: Araquanid\n|-damage|p2a: Araquanid|17\/100\n|move|p2a: Araquanid|Liquidation|p1a: ???\n|-resisted|p1a: ???\n|-damage|p1a: ???|14\/100\n|\n|upkeep\n|turn|18\n|\n|t:|1699687535\n|move|p1a: ???|Brick Break|p2a: Araquanid\n|-resisted|p2a: Araquanid\n|-damage|p2a: Araquanid|0 fnt\n|faint|p2a: Araquanid\n|-ability|p1a: ???|Moxie|boost\n|-boost|p1a: ???|atk|1\n|\n|upkeep\n|\n|t:|1699687537\n|switch|p2a: Orbeetle|Orbeetle, F|63\/100\n|-item|p1a: ???|Icium Z|[from] ability: Frisk|[of] p2a: Orbeetle|[identify]\n|turn|19\n|\n|t:|1699687540\n|move|p1a: ???|Aqua Step|p2a: Orbeetle\n|-damage|p2a: Orbeetle|7\/100\n|-boost|p1a: ???|spe|1\n|move|p2a: Orbeetle|Body Press|p1a: ???\n|-damage|p1a: ???|0 fnt\n|faint|p1a: ???\n|\n|upkeep\n|\n|t:|1699687546\n|switch|p1a: Junpei Iori|Weavile, M, shiny|100\/100\n|turn|20\n|\n|t:|1699687550\n|move|p1a: Junpei Iori|Throat Chop|p2a: Orbeetle\n|-supereffective|p2a: Orbeetle\n|-damage|p2a: Orbeetle|0 fnt\n|faint|p2a: Orbeetle\n|\n|upkeep\n|\n|t:|1699687553\n|switch|p2a: Pineco|Pineco, F|100\/100\n|turn|21\n|\n|t:|1699687563\n|move|p1a: Junpei Iori|Throat Chop|p2a: Pineco\n|-damage|p2a: Pineco|70\/100\n|-start|p2a: Pineco|Throat Chop|[silent]\n|move|p2a: Pineco|Toxic|p1a: Junpei Iori\n|-status|p1a: Junpei Iori|tox\n|\n|-damage|p1a: Junpei Iori|94\/100 tox|[from] psn\n|upkeep\n|turn|22\n|\n|t:|1699687574\n|move|p1a: Junpei Iori|Swords Dance|p1a: Junpei Iori\n|-boost|p1a: Junpei Iori|atk|2\n|move|p2a: Pineco|Rest|p2a: Pineco\n|-status|p2a: Pineco|slp|[from] move: Rest\n|-heal|p2a: Pineco|100\/100 slp|[silent]\n|\n|-damage|p1a: Junpei Iori|82\/100 tox|[from] psn\n|-end|p2a: Pineco|Throat Chop|[silent]\n|upkeep\n|turn|23\n|\n|t:|1699687580\n|move|p1a: Junpei Iori|Swords Dance|p1a: Junpei Iori\n|-boost|p1a: Junpei Iori|atk|2\n|cant|p2a: Pineco|slp\n|\n|-damage|p1a: Junpei Iori|64\/100 tox|[from] psn\n|upkeep\n|turn|24\n|\n|t:|1699687584\n|move|p1a: Junpei Iori|Throat Chop|p2a: Pineco\n|-damage|p2a: Pineco|10\/100 slp\n|-start|p2a: Pineco|Throat Chop|[silent]\n|cant|p2a: Pineco|slp\n|\n|-damage|p1a: Junpei Iori|40\/100 tox|[from] psn\n|upkeep\n|turn|25\n|-message|InsBAPlayer forfeited.\n|\n|win|Kuzwa\n|raw|Kuzwa's rating: 1193 &rarr; <strong>1212<\/strong><br \/>(+19 for winning)\n|raw|InsBAPlayer's rating: 1112 &rarr; <strong>1093<\/strong><br \/>(-19 for losing)\n|l|\u2606InsBAPlayer\n","uploadtime":1699687600,"views":4,"p1id":"kuzwa","p2id":"insbaplayer","formatid":"gen9nationaldex","rating":1093,"private":0,"password":""}