{"id":"gen9nationaldex-1992298282","p1":"KabaZ","p2":"RandoTestAccount","format":"[Gen 9] National Dex","log":"|j|\u2606KabaZ\n|j|\u2606RandoTestAccount\n|t:|1700172175\n|gametype|singles\n|player|p1|KabaZ|grimsley-gen7|1323\n|player|p2|RandoTestAccount|pokemonrangerf|1223\n|teamsize|p1|6\n|teamsize|p2|6\n|gen|9\n|tier|[Gen 9] National Dex\n|rated|\n|rule|HP Percentage Mod: HP is shown in percentages\n|rule|Endless Battle Clause: Forcing endless battles is banned\n|rule|OHKO Clause: OHKO moves are banned\n|rule|Evasion Clause: Evasion abilities, items, and moves are banned\n|rule|Evasion Abilities Clause: Evasion abilities are banned\n|rule|Evasion Items Clause: Evasion items are banned\n|rule|Evasion Moves Clause: Evasion moves are banned\n|rule|Species Clause: Limit one of each Pok\u00e9mon\n|rule|Sleep Clause Mod: Limit one foe put to sleep\n|clearpoke\n|poke|p1|Toxapex, M|\n|poke|p1|Tyranitar, F|\n|poke|p1|Golisopod, M|\n|poke|p1|Goodra, F|\n|poke|p1|Jolteon, F|\n|poke|p1|Landorus-Therian, M|\n|poke|p2|Umbreon, F|\n|poke|p2|Excadrill, F|\n|poke|p2|Corviknight, F|\n|poke|p2|Sableye, F|\n|poke|p2|Tapu Fini|\n|poke|p2|Dragalge, F|\n|teampreview\n|inactive|Battle timer is ON: inactive players will automatically lose when time's up. (requested by RandoTestAccount)\n|\n|t:|1700172187\n|start\n|switch|p1a: Boxer Vaiscaino|Golisopod, M|100\/100\n|switch|p2a: The Droplet Tear|Tapu Fini, shiny|100\/100\n|-fieldstart|move: Misty Terrain|[from] ability: Misty Surge|[of] p2a: The Droplet Tear\n|turn|1\n|\n|t:|1700172193\n|switch|p2a: Ephialtes Keeper|Corviknight, F, shiny|100\/100\n|-ability|p2a: Ephialtes Keeper|Pressure\n|move|p1a: Boxer Vaiscaino|First Impression|p2a: Ephialtes Keeper\n|-resisted|p2a: Ephialtes Keeper\n|-damage|p2a: Ephialtes Keeper|87\/100\n|-damage|p1a: Boxer Vaiscaino|84\/100|[from] item: Rocky Helmet|[of] p2a: Ephialtes Keeper\n|\n|upkeep\n|turn|2\n|\n|t:|1700172201\n|switch|p1a: Gorda da Sua m\u00e3e|Goodra, F|100\/100\n|move|p2a: Ephialtes Keeper|U-turn|p1a: Gorda da Sua m\u00e3e\n|-damage|p1a: Gorda da Sua m\u00e3e|84\/100\n|c|\u2606RandoTestAccount|No cap.\n|inactive|RandoTestAccount has 120 seconds left.\n|\n|t:|1700172242\n|switch|p2a: The Droplet Tear|Tapu Fini, shiny|100\/100|[from] U-turn\n|\n|upkeep\n|turn|3\n|\n|t:|1700172251\n|move|p2a: The Droplet Tear|Substitute|p2a: The Droplet Tear\n|-start|p2a: The Droplet Tear|Substitute\n|-damage|p2a: The Droplet Tear|76\/100\n|move|p1a: Gorda da Sua m\u00e3e|Thunderbolt|p2a: The Droplet Tear\n|-supereffective|p2a: The Droplet Tear\n|-end|p2a: The Droplet Tear|Substitute\n|\n|-heal|p2a: The Droplet Tear|82\/100|[from] item: Leftovers\n|upkeep\n|turn|4\n|\n|t:|1700172257\n|move|p2a: The Droplet Tear|Calm Mind|p2a: The Droplet Tear\n|-boost|p2a: The Droplet Tear|spa|1\n|-boost|p2a: The Droplet Tear|spd|1\n|move|p1a: Gorda da Sua m\u00e3e|Thunderbolt|p2a: The Droplet Tear\n|-supereffective|p2a: The Droplet Tear\n|-crit|p2a: The Droplet Tear\n|-damage|p2a: The Droplet Tear|8\/100\n|\n|-heal|p2a: The Droplet Tear|14\/100|[from] item: Leftovers\n|upkeep\n|turn|5\n|\n|t:|1700172265\n|switch|p1a: C\u00e2ncer|Toxapex, M|100\/100\n|move|p2a: The Droplet Tear|Moonblast|p1a: C\u00e2ncer\n|-resisted|p1a: C\u00e2ncer\n|-damage|p1a: C\u00e2ncer|82\/100\n|\n|-heal|p2a: The Droplet Tear|20\/100|[from] item: Leftovers\n|-heal|p1a: C\u00e2ncer|89\/100|[from] item: Black Sludge\n|-fieldend|Misty Terrain\n|upkeep\n|turn|6\n|\n|t:|1700172273\n|switch|p2a: Spectre of Emerald|Sableye, F, shiny|100\/100\n|move|p1a: C\u00e2ncer|Toxic|p2a: Spectre of Emerald\n|-status|p2a: Spectre of Emerald|tox\n|\n|-heal|p1a: C\u00e2ncer|95\/100|[from] item: Black Sludge\n|-damage|p2a: Spectre of Emerald|94\/100 tox|[from] psn\n|upkeep\n|turn|7\n|\n|t:|1700172281\n|detailschange|p2a: Spectre of Emerald|Sableye-Mega, F, shiny\n|-mega|p2a: Spectre of Emerald|Sableye|Sablenite\n|move|p1a: C\u00e2ncer|Liquidation|p2a: Spectre of Emerald\n|-crit|p2a: Spectre of Emerald\n|-damage|p2a: Spectre of Emerald|73\/100 tox\n|move|p2a: Spectre of Emerald|Will-O-Wisp|p1a: C\u00e2ncer|[miss]\n|-miss|p2a: Spectre of Emerald|p1a: C\u00e2ncer\n|\n|-heal|p1a: C\u00e2ncer|100\/100|[from] item: Black Sludge\n|-damage|p2a: Spectre of Emerald|60\/100 tox|[from] psn\n|upkeep\n|turn|8\n|\n|t:|1700172292\n|switch|p1a: Gorda da Sua m\u00e3e|Goodra, F|84\/100\n|switch|p2a: Nika Reanukko|Umbreon, F, shiny|100\/100\n|\n|upkeep\n|turn|9\n|\n|t:|1700172300\n|switch|p1a: C\u00e2ncer|Toxapex, M|100\/100\n|move|p2a: Nika Reanukko|Heal Bell|p2a: Nika Reanukko\n|-activate|p2a: Nika Reanukko|move: Heal Bell\n|-curestatus|p2: Spectre of Emerald|tox|[msg]\n|\n|upkeep\n|turn|10\n|\n|t:|1700172306\n|switch|p2a: Spectre of Emerald|Sableye-Mega, F, shiny|60\/100\n|move|p1a: C\u00e2ncer|Toxic|p2a: Spectre of Emerald\n|move|p2a: Spectre of Emerald|Toxic|p1a: C\u00e2ncer|[from]ability: Magic Bounce\n|-immune|p1a: C\u00e2ncer\n|\n|upkeep\n|turn|11\n|\n|t:|1700172312\n|switch|p1a: Gorda da Sua m\u00e3e|Goodra, F|84\/100\n|move|p2a: Spectre of Emerald|Will-O-Wisp|p1a: Gorda da Sua m\u00e3e\n|-status|p1a: Gorda da Sua m\u00e3e|brn\n|\n|-damage|p1a: Gorda da Sua m\u00e3e|78\/100 brn|[from] brn\n|upkeep\n|turn|12\n|\n|t:|1700172319\n|switch|p2a: Nika Reanukko|Umbreon, F, shiny|100\/100\n|move|p1a: Gorda da Sua m\u00e3e|Fire Blast|p2a: Nika Reanukko\n|-damage|p2a: Nika Reanukko|82\/100\n|\n|-heal|p2a: Nika Reanukko|88\/100|[from] item: Leftovers\n|-damage|p1a: Gorda da Sua m\u00e3e|72\/100 brn|[from] brn\n|upkeep\n|turn|13\n|\n|t:|1700172327\n|switch|p1a: Boxer Vaiscaino|Golisopod, M|84\/100\n|switch|p2a: The Droplet Tear|Tapu Fini, shiny|20\/100\n|-fieldstart|move: Misty Terrain|[from] ability: Misty Surge|[of] p2a: The Droplet Tear\n|\n|-heal|p2a: The Droplet Tear|26\/100|[from] item: Leftovers\n|upkeep\n|turn|14\n|\n|t:|1700172336\n|switch|p2a: Ephialtes Keeper|Corviknight, F, shiny|87\/100\n|-ability|p2a: Ephialtes Keeper|Pressure\n|move|p1a: Boxer Vaiscaino|First Impression|p2a: Ephialtes Keeper\n|-resisted|p2a: Ephialtes Keeper\n|-damage|p2a: Ephialtes Keeper|74\/100\n|-damage|p1a: Boxer Vaiscaino|67\/100|[from] item: Rocky Helmet|[of] p2a: Ephialtes Keeper\n|\n|upkeep\n|turn|15\n|\n|t:|1700172344\n|switch|p1a: C\u00e2ncer|Toxapex, M|100\/100\n|move|p2a: Ephialtes Keeper|U-turn|p1a: C\u00e2ncer\n|-resisted|p1a: C\u00e2ncer\n|-damage|p1a: C\u00e2ncer|97\/100\n|\n|t:|1700172350\n|switch|p2a: The Droplet Tear|Tapu Fini, shiny|26\/100|[from] U-turn\n|\n|-heal|p2a: The Droplet Tear|32\/100|[from] item: Leftovers\n|-heal|p1a: C\u00e2ncer|100\/100|[from] item: Black Sludge\n|upkeep\n|turn|16\n|\n|t:|1700172354\n|switch|p2a: Spectre of Emerald|Sableye-Mega, F, shiny|60\/100\n|move|p1a: C\u00e2ncer|Toxic|p2a: Spectre of Emerald\n|move|p2a: Spectre of Emerald|Toxic|p1a: C\u00e2ncer|[from]ability: Magic Bounce\n|-immune|p1a: C\u00e2ncer\n|\n|upkeep\n|turn|17\n|\n|t:|1700172363\n|switch|p1a: Gorda da Sua m\u00e3e|Goodra, F|72\/100 brn\n|switch|p2a: Ephialtes Keeper|Corviknight, F, shiny|74\/100\n|-ability|p2a: Ephialtes Keeper|Pressure\n|\n|-damage|p1a: Gorda da Sua m\u00e3e|66\/100 brn|[from] brn\n|-fieldend|Misty Terrain\n|upkeep\n|turn|18\n|\n|t:|1700172369\n|move|p1a: Gorda da Sua m\u00e3e|Fire Blast|p2a: Ephialtes Keeper\n|-supereffective|p2a: Ephialtes Keeper\n|-damage|p2a: Ephialtes Keeper|12\/100\n|move|p2a: Ephialtes Keeper|Roost|p2a: Ephialtes Keeper\n|-heal|p2a: Ephialtes Keeper|62\/100\n|-singleturn|p2a: Ephialtes Keeper|move: Roost\n|\n|-damage|p1a: Gorda da Sua m\u00e3e|60\/100 brn|[from] brn\n|upkeep\n|turn|19\n|\n|t:|1700172374\n|switch|p2a: Agony Steelheart|Dragalge, F, shiny|100\/100\n|move|p1a: Gorda da Sua m\u00e3e|Fire Blast|p2a: Agony Steelheart\n|-resisted|p2a: Agony Steelheart\n|-damage|p2a: Agony Steelheart|89\/100\n|\n|-heal|p2a: Agony Steelheart|95\/100|[from] item: Black Sludge\n|-damage|p1a: Gorda da Sua m\u00e3e|54\/100 brn|[from] brn\n|upkeep\n|turn|20\n|\n|t:|1700172382\n|switch|p1a: Que porra \u00e9 essa|Landorus-Therian, M|100\/100\n|-ability|p1a: Que porra \u00e9 essa|Intimidate|boost\n|-unboost|p2a: Agony Steelheart|atk|1\n|switch|p2a: The Droplet Tear|Tapu Fini, shiny|32\/100\n|-fieldstart|move: Misty Terrain|[from] ability: Misty Surge|[of] p2a: The Droplet Tear\n|\n|-heal|p2a: The Droplet Tear|38\/100|[from] item: Leftovers\n|upkeep\n|turn|21\n|\n|t:|1700172391\n|switch|p2a: Ephialtes Keeper|Corviknight, F, shiny|62\/100\n|-ability|p2a: Ephialtes Keeper|Pressure\n|move|p1a: Que porra \u00e9 essa|U-turn|p2a: Ephialtes Keeper\n|-resisted|p2a: Ephialtes Keeper\n|-damage|p2a: Ephialtes Keeper|57\/100\n|-damage|p1a: Que porra \u00e9 essa|84\/100|[from] item: Rocky Helmet|[of] p2a: Ephialtes Keeper\n|\n|t:|1700172402\n|switch|p1a: Gorda da Sua m\u00e3e|Goodra, F|54\/100 brn|[from] U-turn\n|\n|-damage|p1a: Gorda da Sua m\u00e3e|47\/100 brn|[from] brn\n|upkeep\n|turn|22\n|\n|t:|1700172407\n|switch|p2a: Nika Reanukko|Umbreon, F, shiny|88\/100\n|move|p1a: Gorda da Sua m\u00e3e|Fire Blast|p2a: Nika Reanukko\n|-damage|p2a: Nika Reanukko|70\/100\n|\n|-heal|p2a: Nika Reanukko|76\/100|[from] item: Leftovers\n|-damage|p1a: Gorda da Sua m\u00e3e|41\/100 brn|[from] brn\n|upkeep\n|turn|23\n|\n|t:|1700172415\n|switch|p1a: Que porra \u00e9 essa|Landorus-Therian, M|84\/100\n|-ability|p1a: Que porra \u00e9 essa|Intimidate|boost\n|-unboost|p2a: Nika Reanukko|atk|1\n|move|p2a: Nika Reanukko|Wish|p2a: Nika Reanukko\n|\n|-heal|p2a: Nika Reanukko|82\/100|[from] item: Leftovers\n|upkeep\n|turn|24\n|\n|t:|1700172422\n|switch|p2a: Ephialtes Keeper|Corviknight, F, shiny|57\/100\n|-ability|p2a: Ephialtes Keeper|Pressure\n|move|p1a: Que porra \u00e9 essa|U-turn|p2a: Ephialtes Keeper\n|-resisted|p2a: Ephialtes Keeper\n|-damage|p2a: Ephialtes Keeper|52\/100\n|-damage|p1a: Que porra \u00e9 essa|67\/100|[from] item: Rocky Helmet|[of] p2a: Ephialtes Keeper\n|\n|t:|1700172428\n|switch|p1a: Gorda da Sua m\u00e3e|Goodra, F|41\/100 brn|[from] U-turn\n|\n|-heal|p2a: Ephialtes Keeper|100\/100|[from] move: Wish|[wisher] Nika Reanukko\n|-damage|p1a: Gorda da Sua m\u00e3e|35\/100 brn|[from] brn\n|-fieldend|Misty Terrain\n|upkeep\n|turn|25\n|inactive|RandoTestAccount has 120 seconds left.\n|\n|t:|1700172469\n|move|p1a: Gorda da Sua m\u00e3e|Dragon Pulse|p2a: Ephialtes Keeper\n|-resisted|p2a: Ephialtes Keeper\n|-damage|p2a: Ephialtes Keeper|85\/100\n|move|p2a: Ephialtes Keeper|U-turn|p1a: Gorda da Sua m\u00e3e\n|-damage|p1a: Gorda da Sua m\u00e3e|18\/100 brn\n|\n|t:|1700172472\n|switch|p2a: The Droplet Tear|Tapu Fini, shiny|38\/100|[from] U-turn\n|-fieldstart|move: Misty Terrain|[from] ability: Misty Surge|[of] p2a: The Droplet Tear\n|\n|-heal|p2a: The Droplet Tear|44\/100|[from] item: Leftovers\n|-damage|p1a: Gorda da Sua m\u00e3e|12\/100 brn|[from] brn\n|upkeep\n|turn|26\n|inactive|RandoTestAccount has 120 seconds left.\n|\n|t:|1700172482\n|switch|p2a: Nika Reanukko|Umbreon, F, shiny|82\/100\n|switch|p1a: C\u00e2ncer|Toxapex, M|100\/100\n|\n|-heal|p2a: Nika Reanukko|88\/100|[from] item: Leftovers\n|upkeep\n|turn|27\n|\n|t:|1700172488\n|switch|p2a: Spectre of Emerald|Sableye-Mega, F, shiny|60\/100\n|move|p1a: C\u00e2ncer|Liquidation|p2a: Spectre of Emerald\n|-damage|p2a: Spectre of Emerald|46\/100\n|\n|upkeep\n|turn|28\n|\n|t:|1700172494\n|switch|p1a: troca de Ladin|Jolteon, F|100\/100\n|move|p2a: Spectre of Emerald|Recover|p2a: Spectre of Emerald\n|-heal|p2a: Spectre of Emerald|96\/100\n|\n|upkeep\n|turn|29\n|\n|t:|1700172500\n|switch|p2a: The Lonesome One|Excadrill, F, shiny|100\/100\n|-ability|p2a: The Lonesome One|Mold Breaker\n|move|p1a: troca de Ladin|Volt Switch|p2a: The Lonesome One\n|-immune|p2a: The Lonesome One\n|\n|-fieldend|Misty Terrain\n|upkeep\n|turn|30\n|\n|t:|1700172504\n|switch|p1a: Gorda da Sua m\u00e3e|Goodra, F|12\/100 brn\n|switch|p2a: The Droplet Tear|Tapu Fini, shiny|44\/100\n|-fieldstart|move: Misty Terrain|[from] ability: Misty Surge|[of] p2a: The Droplet Tear\n|\n|-heal|p2a: The Droplet Tear|50\/100|[from] item: Leftovers\n|-damage|p1a: Gorda da Sua m\u00e3e|6\/100 brn|[from] brn\n|upkeep\n|turn|31\n|\n|t:|1700172508\n|switch|p2a: Nika Reanukko|Umbreon, F, shiny|88\/100\n|move|p1a: Gorda da Sua m\u00e3e|Thunderbolt|p2a: Nika Reanukko\n|-damage|p2a: Nika Reanukko|73\/100\n|\n|-heal|p2a: Nika Reanukko|79\/100|[from] item: Leftovers\n|-damage|p1a: Gorda da Sua m\u00e3e|0 fnt|[from] brn\n|faint|p1a: Gorda da Sua m\u00e3e\n|upkeep\n|\n|t:|1700172519\n|switch|p1a: Eo Brazino|Tyranitar, F, shiny|100\/100\n|-weather|Sandstorm|[from] ability: Sand Stream|[of] p1a: Eo Brazino\n|turn|32\n|\n|t:|1700172538\n|switch|p2a: Spectre of Emerald|Sableye-Mega, F, shiny|96\/100\n|detailschange|p1a: Eo Brazino|Tyranitar-Mega, F, shiny\n|-mega|p1a: Eo Brazino|Tyranitar|Tyranitarite\n|move|p1a: Eo Brazino|Dragon Dance|p1a: Eo Brazino\n|-boost|p1a: Eo Brazino|atk|1\n|-boost|p1a: Eo Brazino|spe|1\n|\n|-weather|Sandstorm|[upkeep]\n|-damage|p2a: Spectre of Emerald|90\/100|[from] Sandstorm\n|upkeep\n|turn|33\n|inactive|KabaZ has 120 seconds left.\n|\n|t:|1700172571\n|switch|p1a: troca de Ladin|Jolteon, F|100\/100\n|switch|p2a: The Lonesome One|Excadrill, F, shiny|100\/100\n|-ability|p2a: The Lonesome One|Mold Breaker\n|\n|-weather|Sandstorm|[upkeep]\n|-damage|p1a: troca de Ladin|95\/100|[from] Sandstorm\n|upkeep\n|turn|34\n|inactive|KabaZ has 120 seconds left.\n|\n|t:|1700172582\n|switch|p1a: Que porra \u00e9 essa|Landorus-Therian, M|67\/100\n|-ability|p1a: Que porra \u00e9 essa|Intimidate|boost\n|-unboost|p2a: The Lonesome One|atk|1\n|move|p2a: The Lonesome One|Rapid Spin|p1a: Que porra \u00e9 essa\n|-damage|p1a: Que porra \u00e9 essa|53\/100\n|-boost|p2a: The Lonesome One|spe|1\n|\n|-weather|Sandstorm|[upkeep]\n|-fieldend|Misty Terrain\n|upkeep\n|turn|35\n|\n|t:|1700172591\n|switch|p2a: Ephialtes Keeper|Corviknight, F, shiny|85\/100\n|-ability|p2a: Ephialtes Keeper|Pressure\n|move|p1a: Que porra \u00e9 essa|Earthquake|p2a: Ephialtes Keeper\n|-immune|p2a: Ephialtes Keeper\n|\n|-weather|Sandstorm|[upkeep]\n|upkeep\n|turn|36\n|\n|t:|1700172594\n|move|p1a: Que porra \u00e9 essa|U-turn|p2a: Ephialtes Keeper\n|-resisted|p2a: Ephialtes Keeper\n|-damage|p2a: Ephialtes Keeper|79\/100\n|-damage|p1a: Que porra \u00e9 essa|36\/100|[from] item: Rocky Helmet|[of] p2a: Ephialtes Keeper\n|\n|t:|1700172598\n|switch|p1a: C\u00e2ncer|Toxapex, M|100\/100|[from] U-turn\n|move|p2a: Ephialtes Keeper|U-turn|p1a: C\u00e2ncer\n|-resisted|p1a: C\u00e2ncer\n|-damage|p1a: C\u00e2ncer|97\/100\n|\n|t:|1700172615\n|switch|p2a: Spectre of Emerald|Sableye-Mega, F, shiny|90\/100|[from] U-turn\n|\n|-weather|none\n|-heal|p1a: C\u00e2ncer|100\/100|[from] item: Black Sludge\n|upkeep\n|turn|37\n|\n|t:|1700172623\n|move|p1a: C\u00e2ncer|Liquidation|p2a: Spectre of Emerald\n|-damage|p2a: Spectre of Emerald|76\/100\n|move|p2a: Spectre of Emerald|Will-O-Wisp|p1a: C\u00e2ncer\n|-status|p1a: C\u00e2ncer|brn\n|\n|-damage|p1a: C\u00e2ncer|94\/100 brn|[from] brn\n|upkeep\n|turn|38\n|\n|t:|1700172633\n|move|p1a: C\u00e2ncer|Liquidation|p2a: Spectre of Emerald\n|-damage|p2a: Spectre of Emerald|69\/100\n|move|p2a: Spectre of Emerald|Calm Mind|p2a: Spectre of Emerald\n|-boost|p2a: Spectre of Emerald|spa|1\n|-boost|p2a: Spectre of Emerald|spd|1\n|\n|-heal|p1a: C\u00e2ncer|100\/100 brn|[from] item: Black Sludge\n|-damage|p1a: C\u00e2ncer|94\/100 brn|[from] brn\n|upkeep\n|turn|39\n|\n|t:|1700172639\n|move|p1a: C\u00e2ncer|Haze|p1a: C\u00e2ncer\n|-clearallboost\n|move|p2a: Spectre of Emerald|Recover|p2a: Spectre of Emerald\n|-heal|p2a: Spectre of Emerald|100\/100\n|\n|-heal|p1a: C\u00e2ncer|100\/100 brn|[from] item: Black Sludge\n|-damage|p1a: C\u00e2ncer|94\/100 brn|[from] brn\n|upkeep\n|turn|40\n|\n|t:|1700172645\n|switch|p2a: The Droplet Tear|Tapu Fini, shiny|50\/100\n|-fieldstart|move: Misty Terrain|[from] ability: Misty Surge|[of] p2a: The Droplet Tear\n|move|p1a: C\u00e2ncer|Liquidation|p2a: The Droplet Tear\n|-resisted|p2a: The Droplet Tear\n|-damage|p2a: The Droplet Tear|47\/100\n|\n|-heal|p2a: The Droplet Tear|53\/100|[from] item: Leftovers\n|-heal|p1a: C\u00e2ncer|100\/100 brn|[from] item: Black Sludge\n|-damage|p1a: C\u00e2ncer|94\/100 brn|[from] brn\n|upkeep\n|turn|41\n|\n|t:|1700172648\n|move|p2a: The Droplet Tear|Substitute|p2a: The Droplet Tear\n|-start|p2a: The Droplet Tear|Substitute\n|-damage|p2a: The Droplet Tear|28\/100\n|move|p1a: C\u00e2ncer|Toxic||[still]\n|-fail|p1a: C\u00e2ncer\n|\n|-heal|p2a: The Droplet Tear|34\/100|[from] item: Leftovers\n|-heal|p1a: C\u00e2ncer|100\/100 brn|[from] item: Black Sludge\n|-damage|p1a: C\u00e2ncer|94\/100 brn|[from] brn\n|upkeep\n|turn|42\n|\n|t:|1700172668\n|switch|p1a: troca de Ladin|Jolteon, F|95\/100\n|move|p2a: The Droplet Tear|Moonblast|p1a: troca de Ladin\n|-damage|p1a: troca de Ladin|50\/100\n|\n|-heal|p2a: The Droplet Tear|40\/100|[from] item: Leftovers\n|upkeep\n|turn|43\n|\n|t:|1700172675\n|move|p1a: troca de Ladin|Volt Switch|p2a: The Droplet Tear\n|-supereffective|p2a: The Droplet Tear\n|-end|p2a: The Droplet Tear|Substitute\n|-damage|p1a: troca de Ladin|40\/100|[from] item: Life Orb\n|\n|t:|1700172681\n|switch|p1a: Boxer Vaiscaino|Golisopod, M|67\/100|[from] Volt Switch\n|move|p2a: The Droplet Tear|Moonblast|p1a: Boxer Vaiscaino\n|-damage|p1a: Boxer Vaiscaino|34\/100\n|-activate|p1a: Boxer Vaiscaino|ability: Emergency Exit\n|\n|t:|1700172684\n|switch|p1a: troca de Ladin|Jolteon, F|40\/100\n|\n|-heal|p2a: The Droplet Tear|46\/100|[from] item: Leftovers\n|upkeep\n|turn|44\n|\n|t:|1700172686\n|switch|p2a: The Lonesome One|Excadrill, F, shiny|100\/100\n|-ability|p2a: The Lonesome One|Mold Breaker\n|move|p1a: troca de Ladin|Volt Switch|p2a: The Lonesome One\n|-immune|p2a: The Lonesome One\n|\n|-fieldend|Misty Terrain\n|upkeep\n|turn|45\n|\n|t:|1700172691\n|switch|p1a: Que porra \u00e9 essa|Landorus-Therian, M|36\/100\n|-ability|p1a: Que porra \u00e9 essa|Intimidate|boost\n|-unboost|p2a: The Lonesome One|atk|1\n|move|p2a: The Lonesome One|Iron Head|p1a: Que porra \u00e9 essa\n|-damage|p1a: Que porra \u00e9 essa|1\/100\n|\n|upkeep\n|turn|46\n|\n|t:|1700172699\n|switch|p2a: Ephialtes Keeper|Corviknight, F, shiny|79\/100\n|-ability|p2a: Ephialtes Keeper|Pressure\n|move|p1a: Que porra \u00e9 essa|Earthquake|p2a: Ephialtes Keeper\n|-immune|p2a: Ephialtes Keeper\n|\n|upkeep\n|turn|47\n|\n|t:|1700172705\n|move|p1a: Que porra \u00e9 essa|U-turn|p2a: Ephialtes Keeper\n|-resisted|p2a: Ephialtes Keeper\n|-damage|p2a: Ephialtes Keeper|74\/100\n|-damage|p1a: Que porra \u00e9 essa|0 fnt|[from] item: Rocky Helmet|[of] p2a: Ephialtes Keeper\n|faint|p1a: Que porra \u00e9 essa\n|move|p2a: Ephialtes Keeper|U-turn|p1: Que porra \u00e9 essa|[notarget]\n|-fail|p2a: Ephialtes Keeper\n|\n|upkeep\n|\n|t:|1700172707\n|switch|p1a: C\u00e2ncer|Toxapex, M|100\/100 brn\n|turn|48\n|\n|t:|1700172716\n|switch|p2a: The Droplet Tear|Tapu Fini, shiny|46\/100\n|-fieldstart|move: Misty Terrain|[from] ability: Misty Surge|[of] p2a: The Droplet Tear\n|move|p1a: C\u00e2ncer|Liquidation|p2a: The Droplet Tear\n|-resisted|p2a: The Droplet Tear\n|-damage|p2a: The Droplet Tear|42\/100\n|\n|-heal|p2a: The Droplet Tear|48\/100|[from] item: Leftovers\n|-damage|p1a: C\u00e2ncer|94\/100 brn|[from] brn\n|upkeep\n|turn|49\n|\n|t:|1700172723\n|switch|p2a: The Lonesome One|Excadrill, F, shiny|100\/100\n|-ability|p2a: The Lonesome One|Mold Breaker\n|switch|p1a: Boxer Vaiscaino|Golisopod, M|34\/100\n|\n|upkeep\n|turn|50\n|\n|t:|1700172730\n|switch|p2a: Ephialtes Keeper|Corviknight, F, shiny|74\/100\n|-ability|p2a: Ephialtes Keeper|Pressure\n|move|p1a: Boxer Vaiscaino|Liquidation|p2a: Ephialtes Keeper\n|-damage|p2a: Ephialtes Keeper|19\/100\n|-damage|p1a: Boxer Vaiscaino|17\/100|[from] item: Rocky Helmet|[of] p2a: Ephialtes Keeper\n|\n|upkeep\n|turn|51\n|\n|t:|1700172739\n|switch|p2a: Agony Steelheart|Dragalge, F, shiny|95\/100\n|switch|p1a: C\u00e2ncer|Toxapex, M|100\/100 brn\n|\n|-heal|p2a: Agony Steelheart|100\/100|[from] item: Black Sludge\n|-damage|p1a: C\u00e2ncer|94\/100 brn|[from] brn\n|upkeep\n|turn|52\n|\n|t:|1700172751\n|switch|p2a: Spectre of Emerald|Sableye-Mega, F, shiny|100\/100\n|switch|p1a: Eo Brazino|Tyranitar-Mega, F, shiny|100\/100\n|-weather|Sandstorm|[from] ability: Sand Stream|[of] p1a: Eo Brazino\n|\n|-weather|Sandstorm|[upkeep]\n|-damage|p2a: Spectre of Emerald|94\/100|[from] Sandstorm\n|-fieldend|Misty Terrain\n|upkeep\n|turn|53\n|\n|t:|1700172756\n|switch|p1a: troca de Ladin|Jolteon, F|40\/100\n|move|p2a: Spectre of Emerald|Will-O-Wisp|p1a: troca de Ladin\n|-status|p1a: troca de Ladin|brn\n|\n|-weather|Sandstorm|[upkeep]\n|-damage|p1a: troca de Ladin|34\/100 brn|[from] Sandstorm\n|-damage|p2a: Spectre of Emerald|88\/100|[from] Sandstorm\n|-damage|p1a: troca de Ladin|29\/100 brn|[from] brn\n|upkeep\n|turn|54\n|\n|t:|1700172763\n|move|p1a: troca de Ladin|Hidden Power|p2a: Spectre of Emerald\n|-damage|p2a: Spectre of Emerald|65\/100\n|-damage|p1a: troca de Ladin|19\/100 brn|[from] item: Life Orb\n|move|p2a: Spectre of Emerald|Dark Pulse|p1a: troca de Ladin\n|-damage|p1a: troca de Ladin|0 fnt\n|faint|p1a: troca de Ladin\n|\n|-weather|Sandstorm|[upkeep]\n|-damage|p2a: Spectre of Emerald|59\/100|[from] Sandstorm\n|upkeep\n|\n|t:|1700172766\n|switch|p1a: Boxer Vaiscaino|Golisopod, M|17\/100\n|turn|55\n|\n|t:|1700172770\n|switch|p2a: Ephialtes Keeper|Corviknight, F, shiny|19\/100\n|-ability|p2a: Ephialtes Keeper|Pressure\n|move|p1a: Boxer Vaiscaino|First Impression|p2a: Ephialtes Keeper\n|-resisted|p2a: Ephialtes Keeper\n|-damage|p2a: Ephialtes Keeper|6\/100\n|-damage|p1a: Boxer Vaiscaino|0 fnt|[from] item: Rocky Helmet|[of] p2a: Ephialtes Keeper\n|faint|p1a: Boxer Vaiscaino\n|\n|-weather|Sandstorm|[upkeep]\n|upkeep\n|\n|t:|1700172773\n|switch|p1a: Eo Brazino|Tyranitar-Mega, F, shiny|100\/100\n|turn|56\n|\n|t:|1700172777\n|move|p1a: Eo Brazino|Dragon Dance|p1a: Eo Brazino\n|-boost|p1a: Eo Brazino|atk|1\n|-boost|p1a: Eo Brazino|spe|1\n|move|p2a: Ephialtes Keeper|U-turn|p1a: Eo Brazino\n|-supereffective|p1a: Eo Brazino\n|-damage|p1a: Eo Brazino|81\/100\n|\n|t:|1700172782\n|switch|p2a: Spectre of Emerald|Sableye-Mega, F, shiny|59\/100|[from] U-turn\n|\n|-weather|none\n|upkeep\n|turn|57\n|\n|t:|1700172787\n|move|p1a: Eo Brazino|Earthquake|p2a: Spectre of Emerald\n|-damage|p2a: Spectre of Emerald|14\/100\n|move|p2a: Spectre of Emerald|Will-O-Wisp|p1a: Eo Brazino\n|-status|p1a: Eo Brazino|brn\n|\n|-damage|p1a: Eo Brazino|75\/100 brn|[from] brn\n|upkeep\n|turn|58\n|\n|t:|1700172795\n|switch|p2a: The Droplet Tear|Tapu Fini, shiny|48\/100\n|-fieldstart|move: Misty Terrain|[from] ability: Misty Surge|[of] p2a: The Droplet Tear\n|move|p1a: Eo Brazino|Dragon Dance|p1a: Eo Brazino\n|-boost|p1a: Eo Brazino|atk|1\n|-boost|p1a: Eo Brazino|spe|1\n|\n|-heal|p2a: The Droplet Tear|54\/100|[from] item: Leftovers\n|-damage|p1a: Eo Brazino|69\/100 brn|[from] brn\n|upkeep\n|turn|59\n|\n|t:|1700172802\n|move|p1a: Eo Brazino|Thunder Punch|p2a: The Droplet Tear\n|-supereffective|p2a: The Droplet Tear\n|-damage|p2a: The Droplet Tear|6\/100\n|move|p2a: The Droplet Tear|Moonblast|p1a: Eo Brazino\n|-supereffective|p1a: Eo Brazino\n|-damage|p1a: Eo Brazino|14\/100 brn\n|-unboost|p1a: Eo Brazino|spa|1\n|\n|-heal|p2a: The Droplet Tear|12\/100|[from] item: Leftovers\n|-damage|p1a: Eo Brazino|8\/100 brn|[from] brn\n|upkeep\n|turn|60\n|\n|t:|1700172817\n|switch|p2a: Ephialtes Keeper|Corviknight, F, shiny|6\/100\n|-ability|p2a: Ephialtes Keeper|Pressure\n|move|p1a: Eo Brazino|Thunder Punch|p2a: Ephialtes Keeper\n|-supereffective|p2a: Ephialtes Keeper\n|-damage|p2a: Ephialtes Keeper|0 fnt\n|-damage|p1a: Eo Brazino|0 fnt|[from] item: Rocky Helmet|[of] p2a: Ephialtes Keeper\n|faint|p2a: Ephialtes Keeper\n|faint|p1a: Eo Brazino\n|\n|upkeep\n|-message|KabaZ forfeited.\n|\n|win|RandoTestAccount\n|raw|KabaZ's rating: 1323 &rarr; <strong>1297<\/strong><br \/>(-26 for losing)\n|raw|RandoTestAccount's rating: 1223 &rarr; <strong>1255<\/strong><br \/>(+32 for winning)\n|l|\u2606KabaZ\n","uploadtime":1700172827,"views":6,"p1id":"kabaz","p2id":"randotestaccount","formatid":"gen9nationaldex","rating":1255,"private":0,"password":""}