{"id":"gen9nationaldex-1988190417","p1":"h1rsfr","p2":"pokeashbattle","format":"[Gen 9] National Dex","log":"|j|\u2606h1rsfr\n|j|\u2606pokeashbattle\n|t:|1699682202\n|gametype|singles\n|player|p1|h1rsfr|dawn|\n|player|p2|pokeashbattle|pokemonranger-gen4|\n|teamsize|p1|6\n|teamsize|p2|6\n|gen|9\n|tier|[Gen 9] National Dex\n|rule|HP Percentage Mod: HP is shown in percentages\n|rule|Endless Battle Clause: Forcing endless battles is banned\n|rule|OHKO Clause: OHKO moves are banned\n|rule|Evasion Clause: Evasion abilities, items, and moves are banned\n|rule|Evasion Abilities Clause: Evasion abilities are banned\n|rule|Evasion Items Clause: Evasion items are banned\n|rule|Evasion Moves Clause: Evasion moves are banned\n|rule|Species Clause: Limit one of each Pok\u00e9mon\n|rule|Sleep Clause Mod: Limit one foe put to sleep\n|clearpoke\n|poke|p1|Tapu Lele|\n|poke|p1|Dondozo, F|\n|poke|p1|Sneasler, M|\n|poke|p1|Glimmora, F|\n|poke|p1|Manaphy|\n|poke|p1|Kommo-o, M|\n|poke|p2|Pyukumuku, F|\n|poke|p2|Lopunny, M|\n|poke|p2|Basculegion-F, F|\n|poke|p2|Porygon-Z|\n|poke|p2|Dragonite, F|\n|poke|p2|Glimmora, M|\n|teampreview\n|inactive|Battle timer is ON: inactive players will automatically lose when time's up. (requested by pokeashbattle)\n|\n|t:|1699682223\n|start\n|switch|p1a: Tapu Lele|Tapu Lele|100\/100\n|switch|p2a: Glimmora|Glimmora, M, shiny|100\/100\n|-fieldstart|move: Psychic Terrain|[from] ability: Psychic Surge|[of] p1a: Tapu Lele\n|turn|1\n|\n|t:|1699682231\n|move|p1a: Tapu Lele|Psyshock|p2a: Glimmora\n|-supereffective|p2a: Glimmora\n|-enditem|p2a: Glimmora|Focus Sash\n|-damage|p2a: Glimmora|1\/100\n|move|p2a: Glimmora|Stealth Rock|p1a: Tapu Lele\n|-sidestart|p1: h1rsfr|move: Stealth Rock\n|\n|upkeep\n|turn|2\n|\n|t:|1699682237\n|move|p1a: Tapu Lele|Psyshock|p2a: Glimmora\n|-supereffective|p2a: Glimmora\n|-damage|p2a: Glimmora|0 fnt\n|faint|p2a: Glimmora\n|\n|upkeep\n|\n|t:|1699682248\n|switch|p2a: Pyukumuku|Pyukumuku, F, shiny|100\/100\n|turn|3\n|\n|t:|1699682252\n|move|p1a: Tapu Lele|Psyshock|p2a: Pyukumuku\n|-damage|p2a: Pyukumuku|51\/100\n|move|p2a: Pyukumuku|Mirror Coat|p1a: Tapu Lele\n|-damage|p1a: Tapu Lele|0 fnt\n|faint|p1a: Tapu Lele\n|\n|upkeep\n|\n|t:|1699682262\n|switch|p1a: Sneasler|Sneasler, M|100\/100\n|-damage|p1a: Sneasler|95\/100|[from] Stealth Rock\n|-enditem|p1a: Sneasler|Psychic Seed\n|-boost|p1a: Sneasler|spd|1|[from] item: Psychic Seed\n|turn|4\n|\n|t:|1699682273\n|move|p1a: Sneasler|Swords Dance|p1a: Sneasler\n|-boost|p1a: Sneasler|atk|2\n|move|p2a: Pyukumuku|Recover|p2a: Pyukumuku\n|-heal|p2a: Pyukumuku|100\/100\n|\n|upkeep\n|turn|5\n|\n|t:|1699682280\n|move|p1a: Sneasler|Acrobatics|p2a: Pyukumuku\n|-damage|p2a: Pyukumuku|24\/100\n|-enditem|p2a: Pyukumuku|Aguav Berry|[eat]\n|-heal|p2a: Pyukumuku|58\/100|[from] item: Aguav Berry\n|move|p2a: Pyukumuku|Counter|p1a: Sneasler\n|-damage|p1a: Sneasler|0 fnt\n|faint|p1a: Sneasler\n|\n|-fieldend|move: Psychic Terrain\n|upkeep\n|\n|t:|1699682298\n|switch|p1a: Kommo-o|Kommo-o, M, shiny|100\/100\n|-damage|p1a: Kommo-o|94\/100|[from] Stealth Rock\n|turn|6\n|\n|t:|1699682302\n|move|p1a: Kommo-o|Clangorous Soul|p1a: Kommo-o\n|-boost|p1a: Kommo-o|atk|1\n|-boost|p1a: Kommo-o|def|1\n|-boost|p1a: Kommo-o|spa|1\n|-boost|p1a: Kommo-o|spd|1\n|-boost|p1a: Kommo-o|spe|1\n|-damage|p1a: Kommo-o|61\/100\n|move|p2a: Pyukumuku|Toxic|p1a: Kommo-o\n|-status|p1a: Kommo-o|tox\n|\n|-damage|p1a: Kommo-o|55\/100 tox|[from] psn\n|upkeep\n|turn|7\n|\n|t:|1699682313\n|move|p1a: Kommo-o|Boomburst|p2a: Pyukumuku\n|-damage|p2a: Pyukumuku|15\/100\n|move|p2a: Pyukumuku|Recover|p2a: Pyukumuku\n|-heal|p2a: Pyukumuku|65\/100\n|\n|-damage|p1a: Kommo-o|43\/100 tox|[from] psn\n|upkeep\n|-enditem|p1a: Kommo-o|Sitrus Berry|[eat]\n|-heal|p1a: Kommo-o|68\/100 tox|[from] item: Sitrus Berry\n|turn|8\n|\n|t:|1699682323\n|move|p1a: Kommo-o|Boomburst|p2a: Pyukumuku\n|-damage|p2a: Pyukumuku|25\/100\n|move|p2a: Pyukumuku|Recover|p2a: Pyukumuku\n|-heal|p2a: Pyukumuku|75\/100\n|\n|-damage|p1a: Kommo-o|49\/100 tox|[from] psn\n|upkeep\n|turn|9\n|\n|t:|1699682331\n|move|p1a: Kommo-o|Boomburst|p2a: Pyukumuku\n|-damage|p2a: Pyukumuku|33\/100\n|move|p2a: Pyukumuku|Recover|p2a: Pyukumuku\n|-heal|p2a: Pyukumuku|83\/100\n|\n|-damage|p1a: Kommo-o|24\/100 tox|[from] psn\n|upkeep\n|turn|10\n|\n|t:|1699682338\n|move|p1a: Kommo-o|Boomburst|p2a: Pyukumuku\n|-damage|p2a: Pyukumuku|45\/100\n|move|p2a: Pyukumuku|Recover|p2a: Pyukumuku\n|-heal|p2a: Pyukumuku|95\/100\n|\n|-damage|p1a: Kommo-o|0 fnt|[from] psn\n|faint|p1a: Kommo-o\n|upkeep\n|\n|t:|1699682346\n|switch|p1a: Dondozo|Dondozo, F|100\/100\n|turn|11\n|\n|t:|1699682352\n|move|p1a: Dondozo|Curse|p1a: Dondozo\n|-unboost|p1a: Dondozo|spe|1\n|-boost|p1a: Dondozo|atk|1\n|-boost|p1a: Dondozo|def|1\n|move|p2a: Pyukumuku|Toxic|p1a: Dondozo\n|-status|p1a: Dondozo|tox\n|\n|-damage|p1a: Dondozo|94\/100 tox|[from] psn\n|upkeep\n|turn|12\n|\n|t:|1699682364\n|switch|p2a: Basculegion|Basculegion-F, F, shiny|100\/100\n|move|p1a: Dondozo|Curse|p1a: Dondozo\n|-unboost|p1a: Dondozo|spe|1\n|-boost|p1a: Dondozo|atk|1\n|-boost|p1a: Dondozo|def|1\n|\n|-damage|p1a: Dondozo|82\/100 tox|[from] psn\n|upkeep\n|turn|13\n|\n|t:|1699682373\n|-terastallize|p2a: Basculegion|Ghost\n|move|p2a: Basculegion|Hex|p1a: Dondozo\n|-damage|p1a: Dondozo|0 fnt\n|faint|p1a: Dondozo\n|\n|upkeep\n|-message|h1rsfr forfeited.\n|\n|win|pokeashbattle\n|l|\u2606h1rsfr\n","uploadtime":1699682399,"views":10,"p1id":"h1rsfr","p2id":"pokeashbattle","formatid":"gen9nationaldex","rating":0,"private":0,"password":""}