{"id":"gen9nationaldex-1996580762","p1":"eileenr","p2":"Joey Mojuice","format":"[Gen 9] National Dex","log":"|html|<div class=\"broadcast-blue\"><strong>[Gen 9] National Dex is currently suspecting Sneasler! For information on how to participate check out the <a href=\"https:\/\/www.smogon.com\/forums\/threads\/sv-national-dex-suspect-8-just-dance.3731534\/\">suspect thread<\/a>.<\/strong><\/div>\n|j|\u2606eileenr\n|j|\u2606Joey Mojuice\n|t:|1700696728\n|gametype|singles\n|player|p1|eileenr|maid|1165\n|player|p2|Joey Mojuice|170|1168\n|teamsize|p1|6\n|teamsize|p2|6\n|gen|9\n|tier|[Gen 9] National Dex\n|rated|\n|rule|HP Percentage Mod: HP is shown in percentages\n|rule|Endless Battle Clause: Forcing endless battles is banned\n|rule|OHKO Clause: OHKO moves are banned\n|rule|Evasion Clause: Evasion abilities, items, and moves are banned\n|rule|Evasion Abilities Clause: Evasion abilities are banned\n|rule|Evasion Items Clause: Evasion items are banned\n|rule|Evasion Moves Clause: Evasion moves are banned\n|rule|Species Clause: Limit one of each Pok\u00e9mon\n|rule|Sleep Clause Mod: Limit one foe put to sleep\n|clearpoke\n|poke|p1|Dhelmise|\n|poke|p1|Druddigon, M|\n|poke|p1|Stunfisk, M|\n|poke|p1|Crawdaunt, F|\n|poke|p1|Espeon, M|\n|poke|p1|Noivern, M|\n|poke|p2|Scizor, F|\n|poke|p2|Urshifu-*, M|\n|poke|p2|Glimmora, M|\n|poke|p2|Sinistcha|\n|poke|p2|Thundurus, M|\n|poke|p2|Maushold|\n|teampreview\n|inactive|Battle timer is ON: inactive players will automatically lose when time's up. (requested by eileenr)\n|\n|t:|1700696735\n|start\n|switch|p1a: Druddigon|Druddigon, M|100\/100\n|switch|p2a: Glimmora|Glimmora, M|100\/100\n|turn|1\n|\n|t:|1700696742\n|switch|p1a: Espeon|Espeon, M|100\/100\n|move|p2a: Glimmora|Mortal Spin|p1a: Espeon\n|-damage|p1a: Espeon|87\/100\n|-status|p1a: Espeon|psn\n|\n|-damage|p1a: Espeon|75\/100 psn|[from] psn\n|upkeep\n|turn|2\n|\n|t:|1700696755\n|switch|p2a: Scizor|Scizor, F|100\/100\n|move|p1a: Espeon|Psychic|p2a: Scizor\n|-resisted|p2a: Scizor\n|-damage|p2a: Scizor|57\/100\n|\n|-damage|p1a: Espeon|62\/100 psn|[from] psn\n|upkeep\n|turn|3\n|\n|t:|1700696767\n|switch|p1a: Druddigon|Druddigon, M|100\/100\n|detailschange|p2a: Scizor|Scizor-Mega, F\n|-mega|p2a: Scizor|Scizor|Scizorite\n|move|p2a: Scizor|U-turn|p1a: Druddigon\n|-damage|p1a: Druddigon|53\/100\n|-damage|p2a: Scizor|41\/100|[from] item: Rocky Helmet|[of] p1a: Druddigon\n|\n|t:|1700696779\n|switch|p2a: Glimmora|Glimmora, M|100\/100|[from] U-turn\n|\n|upkeep\n|turn|4\n|\n|t:|1700696792\n|move|p2a: Glimmora|Power Gem|p1a: Druddigon\n|-damage|p1a: Druddigon|6\/100\n|move|p1a: Druddigon|Earthquake|p2a: Glimmora\n|-supereffective|p2a: Glimmora\n|-damage|p2a: Glimmora|0 fnt\n|-activate|p2a: Glimmora|ability: Toxic Debris\n|-sidestart|p1: eileenr|move: Toxic Spikes\n|faint|p2a: Glimmora\n|\n|upkeep\n|\n|t:|1700696806\n|switch|p2a: Urshifu|Urshifu-Rapid-Strike, M|100\/100\n|turn|5\n|\n|t:|1700696818\n|move|p2a: Urshifu|Surging Strikes|p1a: Druddigon\n|-resisted|p1a: Druddigon\n|-crit|p1a: Druddigon\n|-damage|p1a: Druddigon|0 fnt\n|faint|p1a: Druddigon\n|-hitcount|p1: Druddigon|1\n|\n|upkeep\n|\n|t:|1700696826\n|switch|p1a: Dhelmise|Dhelmise|100\/100\n|-status|p1a: Dhelmise|psn\n|turn|6\n|\n|t:|1700696834\n|move|p2a: Urshifu|U-turn|p1a: Dhelmise\n|-damage|p1a: Dhelmise|75\/100 psn\n|\n|t:|1700696840\n|switch|p2a: Sinistcha|Sinistcha|100\/100|[from] U-turn\n|move|p1a: Dhelmise|Rapid Spin|p2a: Sinistcha\n|-immune|p2a: Sinistcha\n|\n|-damage|p1a: Dhelmise|62\/100 psn|[from] psn\n|upkeep\n|turn|7\n|\n|t:|1700696850\n|switch|p1a: Espeon|Espeon, M|62\/100 psn\n|move|p2a: Sinistcha|Hex|p1a: Espeon\n|-supereffective|p1a: Espeon\n|-damage|p1a: Espeon|0 fnt\n|faint|p1a: Espeon\n|\n|upkeep\n|\n|t:|1700696858\n|switch|p1a: Noivern|Noivern, M|100\/100\n|turn|8\n|\n|t:|1700696863\n|move|p1a: Noivern|Air Slash|p2a: Sinistcha\n|-supereffective|p2a: Sinistcha\n|-damage|p2a: Sinistcha|0 fnt\n|faint|p2a: Sinistcha\n|\n|upkeep\n|\n|t:|1700696871\n|switch|p2a: Thundurus|Thundurus, M|100\/100\n|turn|9\n|\n|t:|1700696876\n|switch|p1a: Stunfisk|Stunfisk, M|100\/100\n|-status|p1a: Stunfisk|psn\n|move|p2a: Thundurus|Eerie Impulse|p1a: Stunfisk\n|-unboost|p1a: Stunfisk|spa|2\n|\n|-damage|p1a: Stunfisk|88\/100 psn|[from] psn\n|upkeep\n|turn|10\n|\n|t:|1700696891\n|switch|p2a: Maushold|Maushold|100\/100\n|move|p1a: Stunfisk|Toxic|p2a: Maushold\n|-status|p2a: Maushold|tox\n|\n|-damage|p2a: Maushold|94\/100 tox|[from] psn\n|-damage|p1a: Stunfisk|76\/100 psn|[from] psn\n|upkeep\n|turn|11\n|\n|t:|1700696900\n|move|p2a: Maushold|Population Bomb|p1a: Stunfisk\n|-damage|p1a: Stunfisk|67\/100 psn\n|-damage|p1a: Stunfisk|59\/100 psn\n|-damage|p1a: Stunfisk|51\/100 psn\n|-damage|p1a: Stunfisk|43\/100 psn\n|-damage|p1a: Stunfisk|34\/100 psn\n|-damage|p1a: Stunfisk|25\/100 psn\n|-damage|p1a: Stunfisk|17\/100 psn\n|-damage|p1a: Stunfisk|9\/100 psn\n|-damage|p1a: Stunfisk|0 fnt\n|faint|p1a: Stunfisk\n|-hitcount|p1: Stunfisk|9\n|\n|-damage|p2a: Maushold|82\/100 tox|[from] psn\n|upkeep\n|\n|t:|1700696912\n|switch|p1a: Noivern|Noivern, M|100\/100\n|turn|12\n|\n|t:|1700696920\n|-terastallize|p1a: Noivern|Normal\n|move|p2a: Maushold|Population Bomb|p1a: Noivern\n|-damage|p1a: Noivern|85\/100\n|-damage|p1a: Noivern|70\/100\n|-damage|p1a: Noivern|54\/100\n|-damage|p1a: Noivern|40\/100\n|-damage|p1a: Noivern|25\/100\n|-damage|p1a: Noivern|11\/100\n|-damage|p1a: Noivern|0 fnt\n|faint|p1a: Noivern\n|-hitcount|p1: Noivern|7\n|\n|-damage|p2a: Maushold|63\/100 tox|[from] psn\n|upkeep\n|\n|t:|1700696926\n|switch|p1a: Dhelmise|Dhelmise|62\/100 psn\n|turn|13\n|\n|t:|1700696942\n|switch|p2a: Urshifu|Urshifu-Rapid-Strike, M|100\/100\n|move|p1a: Dhelmise|Rapid Spin|p2a: Urshifu\n|-damage|p2a: Urshifu|83\/100\n|-boost|p1a: Dhelmise|spe|1\n|-sideend|p1: eileenr|Toxic Spikes|[from] move: Rapid Spin|[of] p1a: Dhelmise\n|\n|-damage|p1a: Dhelmise|50\/100 psn|[from] psn\n|upkeep\n|turn|14\n|\n|t:|1700696958\n|move|p2a: Urshifu|Surging Strikes|p1a: Dhelmise\n|-resisted|p1a: Dhelmise\n|-crit|p1a: Dhelmise\n|-damage|p1a: Dhelmise|39\/100 psn\n|-resisted|p1a: Dhelmise\n|-crit|p1a: Dhelmise\n|-damage|p1a: Dhelmise|29\/100 psn\n|-resisted|p1a: Dhelmise\n|-crit|p1a: Dhelmise\n|-damage|p1a: Dhelmise|18\/100 psn\n|-hitcount|p1a: Dhelmise|3\n|move|p1a: Dhelmise|Poltergeist|p2a: Urshifu\n|-activate|p2a: Urshifu|move: Poltergeist|Punching Glove\n|-damage|p2a: Urshifu|23\/100\n|\n|-damage|p1a: Dhelmise|5\/100 psn|[from] psn\n|upkeep\n|turn|15\n|\n|t:|1700696975\n|move|p2a: Urshifu|Aqua Jet|p1a: Dhelmise\n|-resisted|p1a: Dhelmise\n|-damage|p1a: Dhelmise|0 fnt\n|faint|p1a: Dhelmise\n|\n|upkeep\n|\n|t:|1700696978\n|switch|p1a: Crawdaunt|Crawdaunt, F|100\/100\n|turn|16\n|\n|t:|1700696986\n|move|p2a: Urshifu|Close Combat|p1a: Crawdaunt\n|-supereffective|p1a: Crawdaunt\n|-enditem|p1a: Crawdaunt|Focus Sash\n|-damage|p1a: Crawdaunt|1\/100\n|-unboost|p2a: Urshifu|def|1\n|-unboost|p2a: Urshifu|spd|1\n|move|p1a: Crawdaunt|Crunch|p2a: Urshifu\n|-resisted|p2a: Urshifu\n|-damage|p2a: Urshifu|0 fnt\n|faint|p2a: Urshifu\n|\n|upkeep\n|\n|t:|1700696997\n|switch|p2a: Scizor|Scizor-Mega, F|41\/100\n|turn|17\n|\n|t:|1700697001\n|move|p1a: Crawdaunt|Aqua Jet|p2a: Scizor\n|-damage|p2a: Scizor|21\/100\n|move|p2a: Scizor|Bullet Punch|p1a: Crawdaunt\n|-resisted|p1a: Crawdaunt\n|-damage|p1a: Crawdaunt|0 fnt\n|faint|p1a: Crawdaunt\n|\n|win|Joey Mojuice\n|raw|eileenr's rating: 1165 &rarr; <strong>1140<\/strong><br \/>(-25 for losing)\n|raw|Joey Mojuice's rating: 1168 &rarr; <strong>1193<\/strong><br \/>(+25 for winning)\n|l|\u2606eileenr\n","uploadtime":1700697011,"views":12,"p1id":"eileenr","p2id":"joeymojuice","formatid":"gen9nationaldex","rating":1140,"private":0,"password":""}