{"id":"gen9nationaldex-1992773108","p1":"The_Matouflamme","p2":"Gustvx","format":"[Gen 9] National Dex","log":"|j|\u2606The_Matouflamme\n|j|\u2606Gustvx\n|t:|1700234171\n|gametype|singles\n|player|p1|The_Matouflamme|richboy|1217\n|player|p2|Gustvx|cynthia|1131\n|teamsize|p1|6\n|teamsize|p2|6\n|gen|9\n|tier|[Gen 9] National Dex\n|rated|\n|rule|HP Percentage Mod: HP is shown in percentages\n|rule|Endless Battle Clause: Forcing endless battles is banned\n|rule|OHKO Clause: OHKO moves are banned\n|rule|Evasion Clause: Evasion abilities, items, and moves are banned\n|rule|Evasion Abilities Clause: Evasion abilities are banned\n|rule|Evasion Items Clause: Evasion items are banned\n|rule|Evasion Moves Clause: Evasion moves are banned\n|rule|Species Clause: Limit one of each Pok\u00e9mon\n|rule|Sleep Clause Mod: Limit one foe put to sleep\n|clearpoke\n|poke|p1|Gliscor, M|\n|poke|p1|Slither Wing|\n|poke|p1|Great Tusk|\n|poke|p1|Heatran, M|\n|poke|p1|Volcarona, F|\n|poke|p1|Charizard, M|\n|poke|p2|Serperior, F|\n|poke|p2|Iron Moth|\n|poke|p2|Great Tusk|\n|poke|p2|Conkeldurr, M|\n|poke|p2|Staraptor, F|\n|poke|p2|Toxtricity, M|\n|teampreview\n|inactive|Battle timer is ON: inactive players will automatically lose when time's up. (requested by The_Matouflamme)\n|\n|t:|1700234195\n|start\n|switch|p1a: Gliscor|Gliscor, M|100\/100\n|switch|p2a: Great Tusk|Great Tusk|100\/100\n|turn|1\n|\n|t:|1700234201\n|move|p2a: Great Tusk|Ice Spinner|p1a: Gliscor\n|-supereffective|p1a: Gliscor\n|-crit|p1a: Gliscor\n|-damage|p1a: Gliscor|0 fnt\n|faint|p1a: Gliscor\n|\n|upkeep\n|\n|t:|1700234208\n|switch|p1a: Charizard|Charizard, M|100\/100\n|turn|2\n|\n|t:|1700234214\n|detailschange|p1a: Charizard|Charizard-Mega-Y, M\n|-mega|p1a: Charizard|Charizard|Charizardite Y\n|-weather|SunnyDay|[from] ability: Drought|[of] p1a: Charizard\n|-activate|p2a: Great Tusk|ability: Protosynthesis\n|-start|p2a: Great Tusk|protosynthesisatk\n|move|p1a: Charizard|Solar Beam||[still]\n|-prepare|p1a: Charizard|Solar Beam\n|-anim|p1a: Charizard|Solar Beam|p2a: Great Tusk\n|-supereffective|p2a: Great Tusk\n|-damage|p2a: Great Tusk|0 fnt\n|faint|p2a: Great Tusk\n|-end|p2a: Great Tusk|Protosynthesis|[silent]\n|\n|-weather|SunnyDay|[upkeep]\n|upkeep\n|\n|t:|1700234226\n|switch|p2a: Toxtricity|Toxtricity, M|100\/100\n|turn|3\n|\n|t:|1700234229\n|move|p1a: Charizard|Scorching Sands|p2a: Toxtricity\n|-supereffective|p2a: Toxtricity\n|-damage|p2a: Toxtricity|0 fnt\n|faint|p2a: Toxtricity\n|\n|-weather|SunnyDay|[upkeep]\n|upkeep\n|\n|t:|1700234235\n|switch|p2a: Iron Moth|Iron Moth|100\/100\n|-enditem|p2a: Iron Moth|Booster Energy\n|-activate|p2a: Iron Moth|ability: Quark Drive|[fromitem]\n|-start|p2a: Iron Moth|quarkdrivespe\n|turn|4\n|\n|t:|1700234242\n|move|p2a: Iron Moth|Dazzling Gleam|p1a: Charizard\n|-resisted|p1a: Charizard\n|-damage|p1a: Charizard|88\/100\n|move|p1a: Charizard|Scorching Sands|p2a: Iron Moth\n|-supereffective|p2a: Iron Moth\n|-damage|p2a: Iron Moth|1\/100\n|\n|-weather|SunnyDay|[upkeep]\n|upkeep\n|turn|5\n|\n|t:|1700234253\n|move|p2a: Iron Moth|Psychic|p1a: Charizard\n|-damage|p1a: Charizard|56\/100\n|move|p1a: Charizard|Scorching Sands|p2a: Iron Moth\n|-supereffective|p2a: Iron Moth\n|-damage|p2a: Iron Moth|0 fnt\n|faint|p2a: Iron Moth\n|-end|p2a: Iron Moth|Quark Drive|[silent]\n|\n|-weather|SunnyDay|[upkeep]\n|upkeep\n|\n|t:|1700234264\n|switch|p2a: Conkeldurr|Conkeldurr, M|100\/100\n|turn|6\n|\n|t:|1700234268\n|move|p1a: Charizard|Flamethrower|p2a: Conkeldurr\n|-crit|p2a: Conkeldurr\n|-damage|p2a: Conkeldurr|0 fnt\n|faint|p2a: Conkeldurr\n|\n|-weather|none\n|upkeep\n|\n|t:|1700234273\n|switch|p2a: Staraptor|Staraptor, F|100\/100\n|turn|7\n|\n|t:|1700234281\n|switch|p1a: Slither Wing|Slither Wing|100\/100\n|move|p2a: Staraptor|Brave Bird|p1a: Slither Wing\n|-supereffective|p1a: Slither Wing\n|-damage|p1a: Slither Wing|0 fnt\n|faint|p1a: Slither Wing\n|-end|p1a: Slither Wing|Protosynthesis|[silent]\n|-damage|p2a: Staraptor|67\/100|[from] Recoil\n|\n|upkeep\n|\n|t:|1700234297\n|switch|p1a: Volcarona|Volcarona, F|100\/100\n|turn|8\n|\n|t:|1700234301\n|move|p2a: Staraptor|Brave Bird|p1a: Volcarona\n|-supereffective|p1a: Volcarona\n|-damage|p1a: Volcarona|0 fnt\n|-status|p2a: Staraptor|brn|[from] ability: Flame Body|[of] p1a: Volcarona\n|faint|p1a: Volcarona\n|-damage|p2a: Staraptor|28\/100 brn|[from] Recoil\n|\n|-damage|p2a: Staraptor|22\/100 brn|[from] brn\n|upkeep\n|\n|t:|1700234311\n|switch|p1a: Heatran|Heatran, M|100\/100\n|turn|9\n|\n|t:|1700234316\n|move|p2a: Staraptor|Brave Bird|p1a: Heatran\n|-resisted|p1a: Heatran\n|-damage|p1a: Heatran|77\/100\n|-damage|p2a: Staraptor|12\/100 brn|[from] Recoil\n|move|p1a: Heatran|Magma Storm|p2a: Staraptor\n|-damage|p2a: Staraptor|0 fnt\n|faint|p2a: Staraptor\n|\n|-heal|p1a: Heatran|84\/100|[from] item: Leftovers\n|upkeep\n|\n|t:|1700234325\n|switch|p2a: Serperior|Serperior, F|100\/100\n|turn|10\n|\n|t:|1700234328\n|move|p2a: Serperior|Glare|p1a: Heatran\n|-status|p1a: Heatran|par\n|move|p1a: Heatran|Eruption|p2a: Serperior\n|-supereffective|p2a: Serperior\n|-damage|p2a: Serperior|0 fnt\n|faint|p2a: Serperior\n|\n|win|The_Matouflamme\n|raw|The_Matouflamme's rating: 1217 &rarr; <strong>1236<\/strong><br \/>(+19 for winning)\n|raw|Gustvx's rating: 1131 &rarr; <strong>1112<\/strong><br \/>(-19 for losing)\n","uploadtime":1700234336,"views":12,"p1id":"thematouflamme","p2id":"gustvx","formatid":"gen9nationaldex","rating":1112,"private":0,"password":""}